{"id":"gen9vgc2026regi-2569012633","format":"[Gen 9] VGC 2026 Reg I","players":["sunny_zong2","Beapboop"],"log":"|j|\u2606sunny_zong2\n|j|\u2606Beapboop\n|t:|1774640889\n|gametype|doubles\n|player|p1|sunny_zong2|265|1356\n|player|p2|Beapboop|crasherwake|1282\n|gen|9\n|tier|[Gen 9] VGC 2026 Reg I\n|rated|\n|rule|Species Clause: Limit one of each Pok\u00e9mon\n|rule|Item Clause: Limit 1 of each item\n|clearpoke\n|poke|p1|Glimmora, L50, M|\n|poke|p1|Eternatus, L50|\n|poke|p1|Miraidon, L50|\n|poke|p1|Thundurus, L50, M|\n|poke|p1|Farigiraf, L50, M|\n|poke|p1|Grimmsnarl, L50, M|\n|poke|p2|Koraidon, L50|\n|poke|p2|Kyogre, L50|\n|poke|p2|Ludicolo, L50, F|\n|poke|p2|Flutter Mane, L50|\n|poke|p2|Chi-Yu, L50|\n|poke|p2|Iron Treads, L50|\n|teampreview|4\n|inactive|Battle timer is ON: inactive players will automatically lose when time's up. (requested by Beapboop)\n|inactive|sunny_zong2 also wants the timer to be on.\n|\n|t:|1774640904\n|teamsize|p1|4\n|teamsize|p2|4\n|start\n|switch|p1a: Grimmsnarl|Grimmsnarl, L50, M|100/100\n|switch|p1b: Glimmora|Glimmora, L50, M|100/100\n|switch|p2a: Kyogre|Kyogre, L50|100/100\n|switch|p2b: Ludicolo|Ludicolo, L50, F, shiny|100/100\n|-weather|RainDance|[from] ability: Drizzle|[of] p2a: Kyogre\n|turn|1\n|inactive|sunny_zong2 has 30 seconds left.\n|\n|t:|1774640932\n|-terastallize|p2a: Kyogre|Water\n|move|p2b: Ludicolo|Fake Out|p1b: Glimmora\n|-resisted|p1b: Glimmora\n|-damage|p1b: Glimmora|97/100\n|-activate|p1b: Glimmora|ability: Toxic Debris\n|-sidestart|p2: Beapboop|move: Toxic Spikes\n|move|p1a: Grimmsnarl|Light Screen|p1a: Grimmsnarl\n|-sidestart|p1: sunny_zong2|move: Light Screen\n|cant|p1b: Glimmora|flinch\n|move|p2a: Kyogre|Water Spout|p1a: Grimmsnarl|[spread] p1a,p1b\n|-supereffective|p1b: Glimmora\n|-damage|p1a: Grimmsnarl|0 fnt\n|-damage|p1b: Glimmora|0 fnt\n|faint|p1a: Grimmsnarl\n|faint|p1b: Glimmora\n|\n|-weather|RainDance|[upkeep]\n|upkeep\n|\n|t:|1774640938\n|switch|p1b: Eternatus|Eternatus, L50|100/100\n|switch|p1a: Miraidon|Miraidon, L50|100/100\n|-fieldstart|move: Electric Terrain|[from] ability: Hadron Engine|[of] p1a: Miraidon\n|-ability|p1b: Eternatus|Pressure\n|turn|2\n|inactive|sunny_zong2 has 30 seconds left.\n|\n|t:|1774640971\n|-terastallize|p1a: Miraidon|Dark\n|move|p2b: Ludicolo|Fling|p1a: Miraidon\n|-resisted|p1a: Miraidon\n|-damage|p1a: Miraidon|98/100\n|-enditem|p2b: Ludicolo|King's Rock|[from] move: Fling\n|cant|p1a: Miraidon|flinch\n|move|p1b: Eternatus|Cosmic Power|p1b: Eternatus\n|-boost|p1b: Eternatus|def|1\n|-boost|p1b: Eternatus|spd|1\n|move|p2a: Kyogre|Water Spout|p1b: Eternatus|[spread] p1a,p1b\n|-resisted|p1b: Eternatus\n|-damage|p1a: Miraidon|0 fnt\n|-damage|p1b: Eternatus|69/100\n|faint|p1a: Miraidon\n|\n|-weather|RainDance|[upkeep]\n|-heal|p1b: Eternatus|75/100|[from] item: Leftovers\n|upkeep\n|turn|3\n|\n|t:|1774640994\n|move|p2b: Ludicolo|Weather Ball|p1b: Eternatus\n|-resisted|p1b: Eternatus\n|-damage|p1b: Eternatus|64/100\n|move|p1b: Eternatus|Cosmic Power|p1b: Eternatus\n|-boost|p1b: Eternatus|def|1\n|-boost|p1b: Eternatus|spd|1\n|move|p2a: Kyogre|Water Spout|p1b: Eternatus\n|-resisted|p1b: Eternatus\n|-damage|p1b: Eternatus|30/100\n|\n|-weather|RainDance|[upkeep]\n|-heal|p1b: Eternatus|36/100|[from] item: Leftovers\n|upkeep\n|turn|4\n|\n|t:|1774641006\n|move|p1b: Eternatus|Protect|p1b: Eternatus\n|-singleturn|p1b: Eternatus|Protect\n|move|p2b: Ludicolo|Weather Ball|p1b: Eternatus\n|-activate|p1b: Eternatus|move: Protect\n|move|p2a: Kyogre|Water Spout|p1b: Eternatus\n|-activate|p1b: Eternatus|move: Protect\n|\n|-weather|RainDance|[upkeep]\n|-heal|p1b: Eternatus|42/100|[from] item: Leftovers\n|upkeep\n|turn|5\n|\n|t:|1774641010\n|move|p2b: Ludicolo|Weather Ball|p1b: Eternatus\n|-resisted|p1b: Eternatus\n|-damage|p1b: Eternatus|34/100\n|move|p1b: Eternatus|Recover|p1b: Eternatus\n|-heal|p1b: Eternatus|84/100\n|move|p2a: Kyogre|Water Spout|p1b: Eternatus\n|-resisted|p1b: Eternatus\n|-damage|p1b: Eternatus|50/100\n|\n|-weather|none\n|-heal|p1b: Eternatus|56/100|[from] item: Leftovers\n|upkeep\n|turn|6\n|\n|t:|1774641029\n|switch|p2a: Flutter Mane|Flutter Mane, L50, shiny|100/100\n|-status|p2a: Flutter Mane|psn\n|switch|p2b: Koraidon|Koraidon, L50|100/100\n|-status|p2b: Koraidon|psn\n|-weather|SunnyDay|[from] ability: Orichalcum Pulse|[of] p2b: Koraidon\n|-activate|p2a: Flutter Mane|ability: Protosynthesis\n|-start|p2a: Flutter Mane|protosynthesisspe\n|-activate|p2b: Koraidon|Orichalcum Pulse|[source]\n|move|p1b: Eternatus|Cosmic Power|p1b: Eternatus\n|-boost|p1b: Eternatus|def|1\n|-boost|p1b: Eternatus|spd|1\n|\n|-weather|SunnyDay|[upkeep]\n|-heal|p1b: Eternatus|62/100|[from] item: Leftovers\n|-damage|p2a: Flutter Mane|88/100 psn|[from] psn\n|-damage|p2b: Koraidon|88/100 psn|[from] psn\n|-fieldend|move: Electric Terrain\n|upkeep\n|turn|7\n|\n|t:|1774641046\n|move|p1b: Eternatus|Protect|p1b: Eternatus\n|-singleturn|p1b: Eternatus|Protect\n|move|p2a: Flutter Mane|Icy Wind|p1b: Eternatus\n|-activate|p1b: Eternatus|move: Protect\n|move|p2b: Koraidon|Outrage|p1b: Eternatus\n|-activate|p1b: Eternatus|move: Protect\n|\n|-weather|SunnyDay|[upkeep]\n|-heal|p1b: Eternatus|69/100|[from] item: Leftovers\n|-damage|p2a: Flutter Mane|76/100 psn|[from] psn\n|-damage|p2b: Koraidon|76/100 psn|[from] psn\n|upkeep\n|turn|8\n|\n|t:|1774641062\n|move|p2a: Flutter Mane|Icy Wind|p1b: Eternatus\n|-supereffective|p1b: Eternatus\n|-damage|p1b: Eternatus|62/100\n|-unboost|p1b: Eternatus|spe|1\n|move|p2b: Koraidon|Outrage|p1b: Eternatus\n|-supereffective|p1b: Eternatus\n|-damage|p1b: Eternatus|0 fnt\n|faint|p1b: Eternatus\n|\n|win|Beapboop\n|raw|sunny_zong2's rating: 1356 &rarr; <strong>1332</strong><br />(-24 for losing)\n|raw|Beapboop's rating: 1282 &rarr; <strong>1312</strong><br />(+30 for winning)\n|l|\u2606sunny_zong2\n|player|p1|\n","uploadtime":1774641076,"views":14,"formatid":"gen9vgc2026regi","rating":1312,"private":0,"password":null}