{"id":"gen9vgc2026regi-2567843002","format":"[Gen 9] VGC 2026 Reg I","players":["Gang-ho","987w"],"log":"|j|\u2606Gang-ho\n|j|\u2606987w\n|t:|1774526503\n|gametype|doubles\n|player|p1|Gang-ho|red-gen1rb|1308\n|player|p2|987w|lacey|1315\n|gen|9\n|tier|[Gen 9] VGC 2026 Reg I\n|rated|\n|rule|Species Clause: Limit one of each Pok\u00e9mon\n|rule|Item Clause: Limit 1 of each item\n|clearpoke\n|poke|p1|Charizard, L50, M|\n|poke|p1|Groudon, L50|\n|poke|p1|Lunala, L50|\n|poke|p1|Indeedee, L50, M|\n|poke|p1|Landorus, L50, M|\n|poke|p1|Flutter Mane, L50|\n|poke|p2|Miraidon, L50|\n|poke|p2|Calyrex-Ice, L50|\n|poke|p2|Volcarona, L50, F|\n|poke|p2|Incineroar, L50, M|\n|poke|p2|Urshifu-*, L50, F|\n|poke|p2|Whimsicott, L50, M|\n|teampreview|4\n|inactive|Battle timer is ON: inactive players will automatically lose when time's up. (requested by Gang-ho)\n|\n|t:|1774526522\n|teamsize|p1|4\n|teamsize|p2|4\n|start\n|switch|p1a: Lunala|Lunala, L50|100/100\n|switch|p1b: Indeedee|Indeedee, L50, M|100/100\n|switch|p2a: Miraidon|Miraidon, L50|100/100\n|switch|p2b: Volcarona|Volcarona, L50, F|100/100\n|-fieldstart|move: Electric Terrain|[from] ability: Hadron Engine|[of] p2a: Miraidon\n|-enditem|p2b: Volcarona|Electric Seed\n|-boost|p2b: Volcarona|def|1|[from] item: Electric Seed\n|-fieldstart|move: Psychic Terrain|[from] ability: Psychic Surge|[of] p1b: Indeedee\n|-enditem|p1b: Indeedee|Psychic Seed\n|-boost|p1b: Indeedee|spd|1|[from] item: Psychic Seed\n|turn|1\n|inactive|Gang-ho has 30 seconds left.\n|inactive|Gang-ho has 20 seconds left.\n|inactive|Gang-ho has 15 seconds left.\n|\n|t:|1774526564\n|move|p2b: Volcarona|Protect|p2b: Volcarona\n|-singleturn|p2b: Volcarona|Protect\n|move|p2a: Miraidon|Snarl|p1b: Indeedee|[spread] p1a,p1b\n|-supereffective|p1a: Lunala\n|-supereffective|p1b: Indeedee\n|-damage|p1a: Lunala|80/100\n|-damage|p1b: Indeedee|79/100\n|-unboost|p1a: Lunala|spa|1\n|-unboost|p1b: Indeedee|spa|1\n|move|p1b: Indeedee|Gravity|p1b: Indeedee\n|-fieldstart|move: Gravity\n|move|p1a: Lunala|Meteor Beam||[still]\n|-prepare|p1a: Lunala|Meteor Beam\n|-boost|p1a: Lunala|spa|1\n|-enditem|p1a: Lunala|Power Herb\n|-anim|p1a: Lunala|Meteor Beam|p2b: Volcarona\n|-activate|p2b: Volcarona|move: Protect\n|\n|upkeep\n|turn|2\n|inactive|Gang-ho has 30 seconds left.\n|\n|t:|1774526590\n|move|p2a: Miraidon|Snarl|p1b: Indeedee|[spread] p1a,p1b\n|-supereffective|p1a: Lunala\n|-supereffective|p1b: Indeedee\n|-damage|p1a: Lunala|37/100\n|-damage|p1b: Indeedee|60/100\n|-unboost|p1a: Lunala|spa|1\n|-unboost|p1b: Indeedee|spa|1\n|move|p2b: Volcarona|Quiver Dance|p2b: Volcarona\n|-boost|p2b: Volcarona|spa|1\n|-boost|p2b: Volcarona|spd|1\n|-boost|p2b: Volcarona|spe|1\n|move|p1b: Indeedee|Expanding Force|p2a: Miraidon|[spread] p2a,p2b\n|-damage|p2a: Miraidon|88/100\n|-damage|p2b: Volcarona|88/100\n|move|p1a: Lunala|Expanding Force|p2b: Volcarona|[spread] p2a,p2b\n|-damage|p2a: Miraidon|64/100\n|-damage|p2b: Volcarona|62/100\n|\n|upkeep\n|turn|3\n|\n|t:|1774526614\n|move|p2b: Volcarona|Quiver Dance|p2b: Volcarona\n|-boost|p2b: Volcarona|spa|1\n|-boost|p2b: Volcarona|spd|1\n|-boost|p2b: Volcarona|spe|1\n|move|p2a: Miraidon|Snarl|p1b: Indeedee|[spread] p1a,p1b\n|-supereffective|p1a: Lunala\n|-supereffective|p1b: Indeedee\n|-damage|p1a: Lunala|0 fnt\n|-damage|p1b: Indeedee|39/100\n|-unboost|p1b: Indeedee|spa|1\n|faint|p1a: Lunala\n|move|p1b: Indeedee|Expanding Force|p2a: Miraidon|[spread] p2a,p2b\n|-damage|p2a: Miraidon|54/100\n|-damage|p2b: Volcarona|55/100\n|\n|upkeep\n|inactive|Gang-ho has 30 seconds left.\n|\n|t:|1774526639\n|switch|p1a: Charizard|Charizard, L50, M|100/100\n|turn|4\n|\n|t:|1774526652\n|switch|p1b: Groudon|Groudon, L50|100/100\n|-weather|SunnyDay|[from] ability: Drought|[of] p1b: Groudon\n|-terastallize|p1a: Charizard|Fire\n|move|p2b: Volcarona|Fiery Dance|p1a: Charizard\n|-resisted|p1a: Charizard\n|-damage|p1a: Charizard|28/100\n|-boost|p2b: Volcarona|spa|1\n|move|p1a: Charizard|Heat Wave|p2a: Miraidon|[spread] p2a,p2b\n|-resisted|p2a: Miraidon\n|-damage|p2a: Miraidon|26/100\n|-damage|p2b: Volcarona|5/100\n|move|p2a: Miraidon|Snarl|p1b: Groudon|[spread] p1a,p1b\n|-damage|p1a: Charizard|8/100\n|-damage|p1b: Groudon|88/100\n|-unboost|p1a: Charizard|spa|1\n|-unboost|p1b: Groudon|spa|1\n|\n|-weather|SunnyDay|[upkeep]\n|-damage|p1a: Charizard|0 fnt|[from] ability: Solar Power|[of] p1a: Charizard\n|faint|p1a: Charizard\n|upkeep\n|\n|t:|1774526666\n|switch|p1a: Indeedee|Indeedee, L50, M|39/100\n|turn|5\n|\n|t:|1774526682\n|move|p2b: Volcarona|Protect|p2b: Volcarona\n|-singleturn|p2b: Volcarona|Protect\n|move|p2a: Miraidon|Volt Switch|p1a: Indeedee\n|-damage|p1a: Indeedee|0 fnt\n|faint|p1a: Indeedee\n|\n|t:|1774526689\n|switch|p2a: Whimsicott|Whimsicott, L50, M|100/100|[from] Volt Switch\n|move|p1b: Groudon|Precipice Blades|p2a: Whimsicott|[spread] p2a\n|-activate|p2b: Volcarona|move: Protect\n|-resisted|p2a: Whimsicott\n|-damage|p2a: Whimsicott|15/100\n|\n|-weather|SunnyDay|[upkeep]\n|-fieldend|move: Gravity\n|-fieldend|move: Psychic Terrain\n|upkeep\n|turn|6\n|\n|t:|1774526700\n|move|p2a: Whimsicott|Tailwind|p2a: Whimsicott\n|-sidestart|p2: 987w|move: Tailwind\n|move|p2b: Volcarona|Fiery Dance|p1b: Groudon\n|-damage|p1b: Groudon|0 fnt\n|faint|p1b: Groudon\n|\n|win|987w\n|raw|Gang-ho's rating: 1308 &rarr; <strong>1288</strong><br />(-20 for losing)\n|raw|987w's rating: 1315 &rarr; <strong>1335</strong><br />(+20 for winning)\n|l|\u2606Gang-ho\n|player|p1|\n|l|\u2606987w\n|player|p2|\n","uploadtime":1774526956,"views":10,"formatid":"gen9vgc2026regi","rating":1288,"private":0,"password":null}