{"id":"gen9vgc2026regi-2555811334","format":"[Gen 9] VGC 2026 Reg I","players":["hfyssgtslaaa","nd40"],"log":"|j|\u2606hfyssgtslaaa\n|j|\u2606nd40\n|t:|1773139918\n|gametype|doubles\n|player|p1|hfyssgtslaaa|1|1000\n|player|p2|nd40|backpacker|1113\n|gen|9\n|tier|[Gen 9] VGC 2026 Reg I\n|rated|\n|rule|Species Clause: Limit one of each Pok\u00e9mon\n|rule|Item Clause: Limit 1 of each item\n|clearpoke\n|poke|p1|Raging Bolt, L50|\n|poke|p1|Chien-Pao, L50|\n|poke|p1|Calyrex-Shadow, L50|\n|poke|p1|Rillaboom, L50, M|\n|poke|p1|Amoonguss, L50, M|\n|poke|p1|Zamazenta-*, L50|\n|poke|p2|Miraidon, L50|\n|poke|p2|Tornadus, L50, M|\n|poke|p2|Mienshao, L50, M|\n|poke|p2|Urshifu-*, L50, M|\n|poke|p2|Zacian-*, L50|\n|poke|p2|Chien-Pao, L50|\n|teampreview|4\n|\n|t:|1773139967\n|teamsize|p1|4\n|teamsize|p2|4\n|start\n|switch|p1a: Calyrex|Calyrex-Shadow, L50|100/100\n|switch|p1b: Zamazenta|Zamazenta-Crowned, L50|100/100\n|switch|p2a: Tornadus|Tornadus, L50, M|100/100\n|switch|p2b: Miraidon|Miraidon, L50|100/100\n|-ability|p1a: Calyrex|As One\n|-ability|p1a: Calyrex|Unnerve\n|-fieldstart|move: Electric Terrain|[from] ability: Hadron Engine|[of] p2b: Miraidon\n|-ability|p1b: Zamazenta|Dauntless Shield|boost\n|-boost|p1b: Zamazenta|def|1\n|turn|1\n|\n|t:|1773139988\n|switch|p1b: Rillaboom|Rillaboom, L50, M|100/100\n|-fieldstart|move: Grassy Terrain|[from] ability: Grassy Surge|[of] p1b: Rillaboom\n|move|p2a: Tornadus|Tailwind|p2a: Tornadus\n|-sidestart|p2: nd40|move: Tailwind\n|move|p2b: Miraidon|Volt Switch|p1b: Rillaboom\n|-resisted|p1b: Rillaboom\n|-damage|p1b: Rillaboom|84/100\n|-damage|p2b: Miraidon|91/100|[from] item: Life Orb\n|\n|t:|1773139997\n|switch|p2b: Chien-Pao|Chien-Pao, L50|100/100|[from] Volt Switch\n|-ability|p2b: Chien-Pao|Sword of Ruin\n|move|p1a: Calyrex|Astral Barrage|p2b: Chien-Pao|[spread] p2a,p2b\n|-resisted|p2b: Chien-Pao\n|-damage|p2a: Tornadus|36/100\n|-damage|p2b: Chien-Pao|56/100\n|\n|-heal|p2b: Chien-Pao|62/100|[from] Grassy Terrain\n|-heal|p1b: Rillaboom|90/100|[from] Grassy Terrain\n|upkeep\n|turn|2\n|\n|t:|1773140014\n|move|p2b: Chien-Pao|Sucker Punch|p1a: Calyrex\n|-supereffective|p1a: Calyrex\n|-enditem|p1a: Calyrex|Focus Sash\n|-damage|p1a: Calyrex|1/100\n|move|p1b: Rillaboom|Grassy Glide|p2b: Chien-Pao\n|-damage|p2b: Chien-Pao|9/100\n|move|p2a: Tornadus|Bleakwind Storm|p1b: Rillaboom|[spread] p1a,p1b\n|-crit|p1a: Calyrex\n|-supereffective|p1b: Rillaboom\n|-damage|p1a: Calyrex|0 fnt\n|-damage|p1b: Rillaboom|51/100\n|-unboost|p1b: Rillaboom|spe|1\n|faint|p1a: Calyrex\n|\n|-heal|p2b: Chien-Pao|15/100|[from] Grassy Terrain\n|-heal|p1b: Rillaboom|57/100|[from] Grassy Terrain\n|upkeep\n|\n|t:|1773140030\n|switch|p1a: Zamazenta|Zamazenta-Crowned, L50|100/100\n|turn|3\n|\n|t:|1773140039\n|move|p1a: Zamazenta|Wide Guard|p1a: Zamazenta\n|-singleturn|p1a: Zamazenta|Wide Guard\n|move|p2b: Chien-Pao|Sucker Punch|p1b: Rillaboom\n|-damage|p1b: Rillaboom|0 fnt\n|faint|p1b: Rillaboom\n|move|p2a: Tornadus|Bleakwind Storm|p1a: Zamazenta\n|-activate|p1a: Zamazenta|move: Wide Guard\n|\n|-heal|p2b: Chien-Pao|20/100|[from] Grassy Terrain\n|upkeep\n|\n|t:|1773140051\n|switch|p1b: Chien-Pao|Chien-Pao, L50|100/100\n|-ability|p1b: Chien-Pao|Sword of Ruin\n|turn|4\n|\n|t:|1773140061\n|move|p2a: Tornadus|Protect|p2a: Tornadus\n|-singleturn|p2a: Tornadus|Protect\n|move|p2b: Chien-Pao|Sucker Punch|p1b: Chien-Pao\n|-resisted|p1b: Chien-Pao\n|-damage|p1b: Chien-Pao|66/100\n|move|p1b: Chien-Pao|Sucker Punch||[still]\n|-fail|p1b: Chien-Pao\n|move|p1a: Zamazenta|Body Press|p2b: Chien-Pao\n|-supereffective|p2b: Chien-Pao\n|-damage|p2b: Chien-Pao|0 fnt\n|faint|p2b: Chien-Pao\n|\n|-heal|p1b: Chien-Pao|71/100|[from] Grassy Terrain\n|-sideend|p2: nd40|move: Tailwind\n|upkeep\n|\n|t:|1773140073\n|switch|p2b: Mienshao|Mienshao, L50, M|100/100\n|turn|5\n|\n|t:|1773140090\n|move|p2a: Tornadus|Tailwind|p2a: Tornadus\n|-sidestart|p2: nd40|move: Tailwind\n|move|p2b: Mienshao|High Jump Kick|p1b: Chien-Pao\n|-supereffective|p1b: Chien-Pao\n|-damage|p1b: Chien-Pao|0 fnt\n|faint|p1b: Chien-Pao\n|move|p1a: Zamazenta|Body Press|p2b: Mienshao\n|-damage|p2b: Mienshao|8/100\n|\n|-heal|p2b: Mienshao|14/100|[from] Grassy Terrain\n|-fieldend|move: Grassy Terrain\n|upkeep\n|turn|6\n|-message|hfyssgtslaaa forfeited.\n|\n|win|nd40\n|raw|hfyssgtslaaa's rating: 1000 &rarr; <strong>1000</strong><br />(+0 for losing)\n|raw|nd40's rating: 1113 &rarr; <strong>1130</strong><br />(+17 for winning)\n|l|\u2606hfyssgtslaaa\n|player|p1|\n","uploadtime":1773140102,"views":12,"formatid":"gen9vgc2026regi","rating":1000,"private":0,"password":null}