{"id":"gen9vgc2026regi-2551525390","format":"[Gen 9] VGC 2026 Reg I","players":["b3testing","legionpoggers"],"log":"|j|\u2606b3testing\n|j|\u2606legionpoggers\n|t:|1772616163\n|gametype|doubles\n|player|p1|b3testing|101|1417\n|player|p2|legionpoggers|lucas|1421\n|gen|9\n|tier|[Gen 9] VGC 2026 Reg I\n|rated|\n|rule|Species Clause: Limit one of each Pok\u00e9mon\n|rule|Item Clause: Limit 1 of each item\n|clearpoke\n|poke|p1|Terapagos, L50, M|\n|poke|p1|Calyrex-Shadow, L50|\n|poke|p1|Incineroar, L50, F|\n|poke|p1|Amoonguss, L50, F|\n|poke|p1|Tornadus, L50, M|\n|poke|p1|Smeargle, L50, M|\n|poke|p2|Calyrex-Ice, L50|\n|poke|p2|Smeargle, L50, M|\n|poke|p2|Urshifu-*, L50, F|\n|poke|p2|Incineroar, L50, F|\n|poke|p2|Groudon, L50|\n|poke|p2|Rillaboom, L50, F|\n|teampreview|4\n|inactive|Battle timer is ON: inactive players will automatically lose when time's up. (requested by b3testing)\n|inactive|b3testing has 60 seconds left.\n|inactive|legionpoggers has 60 seconds left.\n|\n|t:|1772616209\n|teamsize|p1|4\n|teamsize|p2|4\n|start\n|switch|p1a: Tornadus|Tornadus, L50, M|100/100\n|switch|p1b: Smeargle|Smeargle, L50, M|100/100\n|switch|p2a: Smeargle|Smeargle, L50, M|100/100\n|switch|p2b: Calyrex|Calyrex-Ice, L50|100/100\n|-ability|p2b: Calyrex|As One\n|-ability|p2b: Calyrex|Unnerve\n|turn|1\n|\n|t:|1772616217\n|move|p1b: Smeargle|Fake Out|p2b: Calyrex\n|-damage|p2b: Calyrex|97/100\n|move|p2a: Smeargle|Follow Me|p2a: Smeargle\n|-singleturn|p2a: Smeargle|move: Follow Me\n|move|p1a: Tornadus|Taunt|p2a: Smeargle\n|-start|p2a: Smeargle|move: Taunt\n|cant|p2b: Calyrex|flinch\n|\n|-ability|p1b: Smeargle|Moody|boost\n|-boost|p1b: Smeargle|def|2\n|-unboost|p1b: Smeargle|spa|1\n|-ability|p2a: Smeargle|Moody|boost\n|-boost|p2a: Smeargle|def|2\n|-unboost|p2a: Smeargle|spe|1\n|upkeep\n|turn|2\n|\n|t:|1772616238\n|switch|p2a: Incineroar|Incineroar, L50, F|100/100\n|-ability|p2a: Incineroar|Intimidate|boost\n|-unboost|p1a: Tornadus|atk|1\n|-unboost|p1b: Smeargle|atk|1\n|move|p2b: Calyrex|Protect|p2b: Calyrex\n|-singleturn|p2b: Calyrex|Protect\n|move|p1b: Smeargle|Spore|p2b: Calyrex\n|-activate|p2b: Calyrex|move: Protect\n|move|p1a: Tornadus|Bleakwind Storm|p2a: Incineroar|[spread] p2a\n|-activate|p2b: Calyrex|move: Protect\n|-damage|p2a: Incineroar|66/100\n|-unboost|p2a: Incineroar|spe|1\n|\n|-ability|p1b: Smeargle|Moody|boost\n|-boost|p1b: Smeargle|spa|2\n|-unboost|p1b: Smeargle|def|1\n|upkeep\n|turn|3\n|inactive|b3testing has 30 seconds left.\n|inactive|b3testing has 20 seconds left.\n|inactive|b3testing has 15 seconds left.\n|\n|t:|1772616282\n|move|p1a: Tornadus|Protect|p1a: Tornadus\n|-singleturn|p1a: Tornadus|Protect\n|move|p2a: Incineroar|Fake Out|p1b: Smeargle\n|-damage|p1b: Smeargle|85/100\n|cant|p1b: Smeargle|flinch\n|move|p2b: Calyrex|Glacial Lance|p1a: Tornadus|[spread] p1b\n|-activate|p1a: Tornadus|move: Protect\n|-damage|p1b: Smeargle|0 fnt\n|faint|p1b: Smeargle\n|-ability|p2b: Calyrex|Chilling Neigh|boost\n|-boost|p2b: Calyrex|atk|1\n|\n|upkeep\n|\n|t:|1772616289\n|switch|p1b: Terapagos|Terapagos, L50, M|100/100\n|-activate|p1b: Terapagos|ability: Tera Shift\n|detailschange|p1b: Terapagos|Terapagos-Terastal, L50, M\n|-heal|p1b: Terapagos|100/100|[silent]\n|turn|4\n|\n|t:|1772616301\n|move|p1a: Tornadus|Taunt|p2b: Calyrex\n|-start|p2b: Calyrex|move: Taunt\n|move|p1b: Terapagos|Calm Mind|p1b: Terapagos\n|-boost|p1b: Terapagos|spa|1\n|-boost|p1b: Terapagos|spd|1\n|move|p2a: Incineroar|Parting Shot|p1b: Terapagos\n|-unboost|p1b: Terapagos|atk|1\n|-unboost|p1b: Terapagos|spa|1\n|\n|t:|1772616307\n|switch|p2a: Groudon|Groudon, L50|100/100|[from] Parting Shot\n|-weather|SunnyDay|[from] ability: Drought|[of] p2a: Groudon\n|move|p2b: Calyrex|Glacial Lance|p1b: Terapagos|[spread] p1a,p1b\n|-supereffective|p1a: Tornadus\n|-activate|p1b: Terapagos|ability: Tera Shell\n|-resisted|p1b: Terapagos\n|-damage|p1a: Tornadus|0 fnt\n|-damage|p1b: Terapagos|61/100\n|faint|p1a: Tornadus\n|-ability|p2b: Calyrex|Chilling Neigh|boost\n|-boost|p2b: Calyrex|atk|1\n|\n|-weather|SunnyDay|[upkeep]\n|upkeep\n|\n|t:|1772616311\n|switch|p1a: Calyrex|Calyrex-Shadow, L50|100/100\n|-ability|p1a: Calyrex|As One\n|-ability|p1a: Calyrex|Unnerve\n|turn|5\n|\n|t:|1772616319\n|-terastallize|p1b: Terapagos|Stellar\n|detailschange|p1b: Terapagos|Terapagos-Stellar, L50, M, tera:Stellar\n|-heal|p1b: Terapagos|71/100|[silent]\n|-ability|p1b: Terapagos|Teraform Zero\n|-weather|none\n|move|p1a: Calyrex|Astral Barrage|p2a: Groudon|[spread] p2a,p2b\n|-supereffective|p2b: Calyrex\n|-damage|p2a: Groudon|41/100\n|-damage|p2b: Calyrex|1/100\n|-damage|p1a: Calyrex|91/100|[from] item: Life Orb\n|move|p1b: Terapagos|Tera Starstorm|p2a: Groudon|[spread] p2a,p2b\n|-damage|p2a: Groudon|7/100\n|-damage|p2b: Calyrex|0 fnt\n|faint|p2b: Calyrex\n|move|p2a: Groudon|Precipice Blades|p1b: Terapagos|[spread] p1a,p1b\n|-damage|p1a: Calyrex|4/100\n|-damage|p1b: Terapagos|23/100\n|-damage|p2a: Groudon|0 fnt|[from] item: Life Orb\n|faint|p2a: Groudon\n|\n|upkeep\n|\n|t:|1772616335\n|switch|p2a: Smeargle|Smeargle, L50, M|100/100\n|switch|p2b: Incineroar|Incineroar, L50, F|66/100\n|-ability|p2b: Incineroar|Intimidate|boost\n|-unboost|p1a: Calyrex|atk|1\n|-unboost|p1b: Terapagos|atk|1\n|turn|6\n|\n|t:|1772616345\n|move|p1a: Calyrex|Protect|p1a: Calyrex\n|-singleturn|p1a: Calyrex|Protect\n|move|p1b: Terapagos|Protect|p1b: Terapagos\n|-singleturn|p1b: Terapagos|Protect\n|move|p2a: Smeargle|Wide Guard|p2a: Smeargle\n|-singleturn|p2a: Smeargle|Wide Guard\n|move|p2b: Incineroar|Knock Off|p1b: Terapagos\n|-activate|p1b: Terapagos|move: Protect\n|\n|-ability|p2a: Smeargle|Moody|boost\n|-boost|p2a: Smeargle|spa|2\n|-unboost|p2a: Smeargle|def|1\n|upkeep\n|turn|7\n|\n|t:|1772616361\n|move|p2a: Smeargle|Wide Guard|p2a: Smeargle\n|-singleturn|p2a: Smeargle|Wide Guard\n|move|p1a: Calyrex|Encore|p2a: Smeargle\n|-start|p2a: Smeargle|Encore\n|move|p1b: Terapagos|Earth Power|p2b: Incineroar\n|-supereffective|p2b: Incineroar\n|-damage|p2b: Incineroar|0 fnt\n|faint|p2b: Incineroar\n|\n|-ability|p2a: Smeargle|Moody|boost\n|-boost|p2a: Smeargle|atk|2\n|-unboost|p2a: Smeargle|spd|1\n|upkeep\n|turn|8\n|-message|legionpoggers forfeited.\n|\n|win|b3testing\n|raw|b3testing's rating: 1417 &rarr; <strong>1437</strong><br />(+20 for winning)\n|raw|legionpoggers's rating: 1421 &rarr; <strong>1401</strong><br />(-20 for losing)\n|l|\u2606legionpoggers\n|player|p2|\n|l|\u2606b3testing\n|player|p1|\n","uploadtime":1772616591,"views":13,"formatid":"gen9vgc2026regi","rating":1401,"private":0,"password":null}