{"id":"gen9vgc2026regi-2576227424","format":"[Gen 9] VGC 2026 Reg I","players":["Rypassed You","yubanmeiqin"],"log":"|j|\u2606Rypassed You\n|j|\u2606yubanmeiqin\n|t:|1775442717\n|gametype|doubles\n|player|p1|Rypassed You|drayton|1457\n|player|p2|yubanmeiqin|lillie-masters2|1533\n|gen|9\n|tier|[Gen 9] VGC 2026 Reg I\n|rated|\n|rule|Species Clause: Limit one of each Pok\u00e9mon\n|rule|Item Clause: Limit 1 of each item\n|clearpoke\n|poke|p1|Kyogre, L50|\n|poke|p1|Miraidon, L50|\n|poke|p1|Tornadus, L50, M|\n|poke|p1|Iron Hands, L50|\n|poke|p1|Farigiraf, L50, F|\n|poke|p1|Urshifu-*, L50, M|\n|poke|p2|Zacian-*, L50|\n|poke|p2|Kyogre, L50|\n|poke|p2|Amoonguss, L50, F|\n|poke|p2|Landorus, L50, M|\n|poke|p2|Incineroar, L50, M|\n|poke|p2|Iron Jugulis, L50|\n|teampreview|4\n|inactive|Battle timer is ON: inactive players will automatically lose when time's up. (requested by Rypassed You)\n|\n|t:|1775442731\n|teamsize|p1|4\n|teamsize|p2|4\n|start\n|switch|p1a: \u30c8\u30eb\u30cd\u30ed\u30b9|Tornadus, L50, M|100/100\n|switch|p1b: Thundra|Miraidon, L50|100/100\n|switch|p2a: \u9a6c\u5243\u5929\u7231\u661f|Kyogre, L50, shiny|100/100\n|switch|p2b: \u6211\u559c\u6b22\u4f60|Amoonguss, L50, F|100/100\n|-fieldstart|move: Electric Terrain|[from] ability: Hadron Engine|[of] p1b: Thundra\n|-weather|RainDance|[from] ability: Drizzle|[of] p2a: \u9a6c\u5243\u5929\u7231\u661f\n|turn|1\n|\n|t:|1775442744\n|-terastallize|p2a: \u9a6c\u5243\u5929\u7231\u661f|Electric\n|move|p1b: Thundra|Volt Switch|p2a: \u9a6c\u5243\u5929\u7231\u661f\n|-resisted|p2a: \u9a6c\u5243\u5929\u7231\u661f\n|-damage|p2a: \u9a6c\u5243\u5929\u7231\u661f|75/100\n|\n|t:|1775442750\n|switch|p1b: Cora|Kyogre, L50|100/100|[from] Volt Switch\n|move|p1a: \u30c8\u30eb\u30cd\u30ed\u30b9|Bleakwind Storm|p2b: \u6211\u559c\u6b22\u4f60|[spread] p2a,p2b\n|-resisted|p2a: \u9a6c\u5243\u5929\u7231\u661f\n|-supereffective|p2b: \u6211\u559c\u6b22\u4f60\n|-damage|p2a: \u9a6c\u5243\u5929\u7231\u661f|68/100\n|-damage|p2b: \u6211\u559c\u6b22\u4f60|43/100\n|-unboost|p2b: \u6211\u559c\u6b22\u4f60|spe|1\n|move|p2a: \u9a6c\u5243\u5929\u7231\u661f|Water Spout|p1b: Cora|[spread] p1a,p1b\n|-resisted|p1b: Cora\n|-damage|p1a: \u30c8\u30eb\u30cd\u30ed\u30b9|4/100\n|-damage|p1b: Cora|77/100\n|move|p2b: \u6211\u559c\u6b22\u4f60|Pollen Puff|p2a: \u9a6c\u5243\u5929\u7231\u661f\n|-heal|p2a: \u9a6c\u5243\u5929\u7231\u661f|100/100\n|\n|-weather|RainDance|[upkeep]\n|upkeep\n|turn|2\n|\n|t:|1775442762\n|move|p2b: \u6211\u559c\u6b22\u4f60|Protect|p2b: \u6211\u559c\u6b22\u4f60\n|-singleturn|p2b: \u6211\u559c\u6b22\u4f60|Protect\n|move|p1a: \u30c8\u30eb\u30cd\u30ed\u30b9|Bleakwind Storm|p2b: \u6211\u559c\u6b22\u4f60|[spread] p2a\n|-activate|p2b: \u6211\u559c\u6b22\u4f60|move: Protect\n|-resisted|p2a: \u9a6c\u5243\u5929\u7231\u661f\n|-damage|p2a: \u9a6c\u5243\u5929\u7231\u661f|92/100\n|move|p1b: Cora|Water Spout|p2a: \u9a6c\u5243\u5929\u7231\u661f|[spread] p2a\n|-activate|p2b: \u6211\u559c\u6b22\u4f60|move: Protect\n|-damage|p2a: \u9a6c\u5243\u5929\u7231\u661f|51/100\n|move|p2a: \u9a6c\u5243\u5929\u7231\u661f|Thunder|p1b: Cora\n|-supereffective|p1b: Cora\n|-damage|p1b: Cora|0 fnt\n|faint|p1b: Cora\n|\n|-weather|RainDance|[upkeep]\n|upkeep\n|\n|t:|1775442775\n|switch|p1b: Thundra|Miraidon, L50|100/100\n|-activate|p1b: Thundra|ability: Hadron Engine\n|turn|3\n|\n|t:|1775442795\n|-terastallize|p1b: Thundra|Fairy\n|move|p2b: \u6211\u559c\u6b22\u4f60|Rage Powder|p2b: \u6211\u559c\u6b22\u4f60\n|-singleturn|p2b: \u6211\u559c\u6b22\u4f60|move: Rage Powder\n|move|p1a: \u30c8\u30eb\u30cd\u30ed\u30b9|Tailwind|p1a: \u30c8\u30eb\u30cd\u30ed\u30b9\n|-sidestart|p1: Rypassed You|move: Tailwind\n|move|p1b: Thundra|Dazzling Gleam|p2a: \u9a6c\u5243\u5929\u7231\u661f|[spread] p2a,p2b\n|-resisted|p2b: \u6211\u559c\u6b22\u4f60\n|-damage|p2a: \u9a6c\u5243\u5929\u7231\u661f|20/100\n|-damage|p2b: \u6211\u559c\u6b22\u4f60|18/100\n|move|p2a: \u9a6c\u5243\u5929\u7231\u661f|Water Spout|p1a: \u30c8\u30eb\u30cd\u30ed\u30b9|[spread] p1a,p1b\n|-damage|p1a: \u30c8\u30eb\u30cd\u30ed\u30b9|0 fnt\n|-damage|p1b: Thundra|84/100\n|faint|p1a: \u30c8\u30eb\u30cd\u30ed\u30b9\n|\n|-weather|RainDance|[upkeep]\n|upkeep\n|\n|t:|1775442804\n|switch|p1a: Clarnet|Urshifu-Rapid-Strike, L50, M|100/100\n|turn|4\n|\n|t:|1775442816\n|switch|p2b: Landorus|Landorus, L50, M|100/100\n|move|p1a: Clarnet|Surging Strikes|p2a: \u9a6c\u5243\u5929\u7231\u661f\n|-crit|p2a: \u9a6c\u5243\u5929\u7231\u661f\n|-damage|p2a: \u9a6c\u5243\u5929\u7231\u661f|0 fnt\n|faint|p2a: \u9a6c\u5243\u5929\u7231\u661f\n|-hitcount|p2: \u9a6c\u5243\u5929\u7231\u661f|1\n|move|p1b: Thundra|Dazzling Gleam|p2b: Landorus\n|-damage|p2b: Landorus|0 fnt\n|faint|p2b: Landorus\n|\n|-weather|RainDance|[upkeep]\n|upkeep\n|\n|t:|1775442818\n|switch|p2b: \u6211\u559c\u6b22\u4f60|Amoonguss, L50, F|51/100\n|switch|p2a: \u963f\u5c14\u6258\u8389\u96c5|Zacian-Crowned, L50, shiny|100/100\n|-ability|p2a: \u963f\u5c14\u6258\u8389\u96c5|Intrepid Sword|boost\n|-boost|p2a: \u963f\u5c14\u6258\u8389\u96c5|atk|1\n|turn|5\n|\n|t:|1775442825\n|move|p2b: \u6211\u559c\u6b22\u4f60|Rage Powder|p2b: \u6211\u559c\u6b22\u4f60\n|-singleturn|p2b: \u6211\u559c\u6b22\u4f60|move: Rage Powder\n|move|p1a: Clarnet|Surging Strikes|p2b: \u6211\u559c\u6b22\u4f60\n|-resisted|p2b: \u6211\u559c\u6b22\u4f60\n|-crit|p2b: \u6211\u559c\u6b22\u4f60\n|-damage|p2b: \u6211\u559c\u6b22\u4f60|38/100\n|-damage|p1a: Clarnet|84/100|[from] item: Rocky Helmet|[of] p2b: \u6211\u559c\u6b22\u4f60\n|-resisted|p2b: \u6211\u559c\u6b22\u4f60\n|-crit|p2b: \u6211\u559c\u6b22\u4f60\n|-damage|p2b: \u6211\u559c\u6b22\u4f60|23/100\n|-damage|p1a: Clarnet|67/100|[from] item: Rocky Helmet|[of] p2b: \u6211\u559c\u6b22\u4f60\n|-resisted|p2b: \u6211\u559c\u6b22\u4f60\n|-crit|p2b: \u6211\u559c\u6b22\u4f60\n|-damage|p2b: \u6211\u559c\u6b22\u4f60|9/100\n|-damage|p1a: Clarnet|51/100|[from] item: Rocky Helmet|[of] p2b: \u6211\u559c\u6b22\u4f60\n|-hitcount|p2b: \u6211\u559c\u6b22\u4f60|3\n|move|p1b: Thundra|Dazzling Gleam|p2b: \u6211\u559c\u6b22\u4f60|[spread] p2a,p2b\n|-resisted|p2a: \u963f\u5c14\u6258\u8389\u96c5\n|-resisted|p2b: \u6211\u559c\u6b22\u4f60\n|-damage|p2a: \u963f\u5c14\u6258\u8389\u96c5|70/100\n|-damage|p2b: \u6211\u559c\u6b22\u4f60|0 fnt\n|faint|p2b: \u6211\u559c\u6b22\u4f60\n|move|p2a: \u963f\u5c14\u6258\u8389\u96c5|Play Rough|p1a: Clarnet|[miss]\n|-miss|p2a: \u963f\u5c14\u6258\u8389\u96c5|p1a: Clarnet\n|\n|-weather|none\n|-fieldend|move: Electric Terrain\n|upkeep\n|turn|6\n|\n|t:|1775442832\n|move|p1a: Clarnet|Surging Strikes|p2a: \u963f\u5c14\u6258\u8389\u96c5\n|-crit|p2a: \u963f\u5c14\u6258\u8389\u96c5\n|-damage|p2a: \u963f\u5c14\u6258\u8389\u96c5|47/100\n|-crit|p2a: \u963f\u5c14\u6258\u8389\u96c5\n|-damage|p2a: \u963f\u5c14\u6258\u8389\u96c5|25/100\n|-crit|p2a: \u963f\u5c14\u6258\u8389\u96c5\n|-damage|p2a: \u963f\u5c14\u6258\u8389\u96c5|2/100\n|-hitcount|p2a: \u963f\u5c14\u6258\u8389\u96c5|3\n|move|p1b: Thundra|Dazzling Gleam|p2a: \u963f\u5c14\u6258\u8389\u96c5\n|-resisted|p2a: \u963f\u5c14\u6258\u8389\u96c5\n|-crit|p2a: \u963f\u5c14\u6258\u8389\u96c5\n|-damage|p2a: \u963f\u5c14\u6258\u8389\u96c5|0 fnt\n|faint|p2a: \u963f\u5c14\u6258\u8389\u96c5\n|\n|win|Rypassed You\n|raw|Rypassed You's rating: 1457 &rarr; <strong>1481</strong><br />(+24 for winning)\n|raw|yubanmeiqin's rating: 1533 &rarr; <strong>1509</strong><br />(-24 for losing)\n","uploadtime":1775442834,"views":10,"formatid":"gen9vgc2026regi","rating":1481,"private":0,"password":null}