{"id":"gen9vgc2026regi-2527297082","format":"[Gen 9] VGC 2026 Reg I","players":["kaysen123456","liam.2025"],"log":"|j|\u2606kaysen123456\n|j|\u2606liam.2025\n|t:|1769524925\n|gametype|doubles\n|player|p1|kaysen123456|cynthia-gen4|1459\n|player|p2|liam.2025|policeman|1393\n|gen|9\n|tier|[Gen 9] VGC 2026 Reg I\n|rated|\n|rule|Species Clause: Limit one of each Pok\u00e9mon\n|rule|Item Clause: Limit 1 of each item\n|clearpoke\n|poke|p1|Kyogre, L50|\n|poke|p1|Calyrex-Ice, L50|\n|poke|p1|Urshifu-*, L50, M|\n|poke|p1|Amoonguss, L50, M|\n|poke|p1|Iron Jugulis, L50|\n|poke|p1|Rillaboom, L50, M|\n|poke|p2|Murkrow, L50, M|\n|poke|p2|Weezing-Galar, L50, F|\n|poke|p2|Terapagos, L50, M|\n|poke|p2|Smeargle, L50, M|\n|poke|p2|Calyrex-Ice, L50|\n|poke|p2|Ursaluna, L50, F|\n|teampreview|4\n|inactive|Battle timer is ON: inactive players will automatically lose when time's up. (requested by liam.2025)\n|\n|t:|1769524958\n|teamsize|p1|4\n|teamsize|p2|4\n|start\n|switch|p1a: Calyrex|Calyrex-Ice, L50|100/100\n|switch|p1b: Urshifu|Urshifu-Rapid-Strike, L50, M|100/100\n|switch|p2a: Murkrow|Murkrow, L50, M|100/100\n|switch|p2b: Weezing|Weezing-Galar, L50, F|100/100\n|-ability|p2b: Weezing|Neutralizing Gas\n|-block|p2a: Murkrow|item: Ability Shield\n|-ability|p1a: Calyrex|As One\n|-ability|p1a: Calyrex|Unnerve\n|turn|1\n|\n|t:|1769524972\n|switch|p1b: Amoonguss|Amoonguss, L50, M|100/100\n|move|p2a: Murkrow|Protect|p2a: Murkrow\n|-singleturn|p2a: Murkrow|Protect\n|move|p2b: Weezing|Taunt|p1a: Calyrex\n|-start|p1a: Calyrex|move: Taunt\n|cant|p1a: Calyrex|move: Taunt|Trick Room\n|\n|upkeep\n|turn|2\n|inactive|kaysen123456 has 30 seconds left.\n|inactive|liam.2025 has 30 seconds left.\n|inactive|kaysen123456 has 20 seconds left.\n|inactive|liam.2025 has 20 seconds left.\n|inactive|kaysen123456 has 15 seconds left.\n|inactive|liam.2025 has 15 seconds left.\n|inactive|kaysen123456 has 10 seconds left.\n|\n|t:|1769525021\n|move|p2a: Murkrow|Tailwind|p2a: Murkrow\n|-sidestart|p2: liam.2025|move: Tailwind\n|move|p2b: Weezing|Misty Explosion|p1b: Amoonguss|[spread] p2a,p1a,p1b\n|-supereffective|p2a: Murkrow\n|-resisted|p1b: Amoonguss\n|-damage|p2a: Murkrow|0 fnt\n|-damage|p1a: Calyrex|75/100\n|-damage|p1b: Amoonguss|83/100\n|faint|p2b: Weezing\n|-end|p2b: Weezing|ability: Neutralizing Gas\n|faint|p2a: Murkrow\n|move|p1a: Calyrex|Glacial Lance|p2: Murkrow|[notarget]\n|-fail|p1a: Calyrex\n|move|p1b: Amoonguss|Pollen Puff|p1a: Calyrex\n|-heal|p1a: Calyrex|100/100\n|\n|upkeep\n|\n|t:|1769525034\n|switch|p2b: Smeargle|Smeargle, L50, M|100/100\n|switch|p2a: Terapagos|Terapagos, L50, M|100/100\n|-activate|p2a: Terapagos|ability: Tera Shift\n|detailschange|p2a: Terapagos|Terapagos-Terastal, L50, M\n|-heal|p2a: Terapagos|100/100|[silent]\n|turn|3\n|\n|t:|1769525057\n|-terastallize|p2a: Terapagos|Stellar\n|detailschange|p2a: Terapagos|Terapagos-Stellar, L50, M, tera:Stellar\n|-heal|p2a: Terapagos|100/100|[silent]\n|move|p2b: Smeargle|Decorate|p2a: Terapagos\n|-boost|p2a: Terapagos|atk|2\n|-boost|p2a: Terapagos|spa|2\n|move|p2a: Terapagos|Tera Starstorm|p1a: Calyrex|[spread] p1a,p1b\n|-damage|p1a: Calyrex|21/100\n|-damage|p1b: Amoonguss|0 fnt\n|faint|p1b: Amoonguss\n|move|p1a: Calyrex|Glacial Lance|p2a: Terapagos|[spread] p2a,p2b\n|-damage|p2a: Terapagos|62/100\n|-enditem|p2b: Smeargle|Focus Sash\n|-damage|p2b: Smeargle|1/100\n|\n|-end|p1a: Calyrex|move: Taunt\n|upkeep\n|\n|t:|1769525073\n|switch|p1b: Urshifu|Urshifu-Rapid-Strike, L50, M|100/100\n|turn|4\n|inactive|kaysen123456 has 30 seconds left.\n|\n|t:|1769525104\n|move|p1a: Calyrex|Protect|p1a: Calyrex\n|-singleturn|p1a: Calyrex|Protect\n|move|p2b: Smeargle|Feint|p1b: Urshifu\n|-damage|p1b: Urshifu|94/100\n|move|p1b: Urshifu|Aqua Jet|p2b: Smeargle\n|-damage|p2b: Smeargle|0 fnt\n|faint|p2b: Smeargle\n|-damage|p1b: Urshifu|85/100|[from] item: Life Orb\n|move|p2a: Terapagos|Tera Starstorm|p1a: Calyrex|[spread] p1b\n|-activate|p1a: Calyrex|move: Protect\n|-damage|p1b: Urshifu|0 fnt\n|faint|p1b: Urshifu\n|\n|upkeep\n|\n|t:|1769525112\n|switch|p1b: Kyogre|Kyogre, L50|100/100\n|-weather|RainDance|[from] ability: Drizzle|[of] p1b: Kyogre\n|turn|5\n|\n|t:|1769525127\n|move|p2a: Terapagos|Tera Starstorm|p1a: Calyrex|[spread] p1a,p1b\n|-damage|p1a: Calyrex|0 fnt\n|-damage|p1b: Kyogre|26/100\n|faint|p1a: Calyrex\n|move|p1b: Kyogre|Water Spout|p2a: Terapagos\n|-damage|p2a: Terapagos|33/100\n|\n|-weather|RainDance|[upkeep]\n|-sideend|p2: liam.2025|move: Tailwind\n|upkeep\n|turn|6\n|j| Jonetik\n|\n|t:|1769525137\n|move|p2a: Terapagos|Tera Starstorm|p1b: Kyogre\n|-damage|p1b: Kyogre|0 fnt\n|faint|p1b: Kyogre\n|\n|win|liam.2025\n|raw|kaysen123456's rating: 1459 &rarr; <strong>1435</strong><br />(-24 for losing)\n|raw|liam.2025's rating: 1393 &rarr; <strong>1417</strong><br />(+24 for winning)\n|l|\u2606kaysen123456\n|player|p1|\n|l| Jonetik\n","uploadtime":1769525400,"views":19,"formatid":"gen9vgc2026regi","rating":1417,"private":0,"password":null}