{"id":"gen9vgc2026regi-2568222784","format":"[Gen 9] VGC 2026 Reg I","players":["slimeslatt252","renlovgc"],"log":"|j|\u2606slimeslatt252\n|j|\u2606renlovgc\n|t:|1774557230\n|gametype|doubles\n|player|p1|slimeslatt252|169|1437\n|player|p2|renlovgc|102|1462\n|gen|9\n|tier|[Gen 9] VGC 2026 Reg I\n|rated|\n|rule|Species Clause: Limit one of each Pok\u00e9mon\n|rule|Item Clause: Limit 1 of each item\n|clearpoke\n|poke|p1|Calyrex-Shadow, L50|\n|poke|p1|Koraidon, L50|\n|poke|p1|Incineroar, L50, M|\n|poke|p1|Raging Bolt, L50|\n|poke|p1|Brute Bonnet, L50|\n|poke|p1|Landorus, L50, M|\n|poke|p2|Kyogre, L50|\n|poke|p2|Landorus, L50, M|\n|poke|p2|Zamazenta-*, L50|\n|poke|p2|Urshifu-*, L50, M|\n|poke|p2|Amoonguss, L50, M|\n|poke|p2|Incineroar, L50, M|\n|teampreview|4\n|inactive|Battle timer is ON: inactive players will automatically lose when time's up. (requested by renlovgc)\n|inactive|slimeslatt252 also wants the timer to be on.\n|\n|t:|1774557250\n|teamsize|p1|4\n|teamsize|p2|4\n|start\n|switch|p1a: Calyrex|Calyrex-Shadow, L50|100/100\n|switch|p1b: Brute Bonnet|Brute Bonnet, L50|100/100\n|switch|p2a: Incineroar|Incineroar, L50, M|100/100\n|switch|p2b: Landorus|Landorus, L50, M|100/100\n|-ability|p1a: Calyrex|As One\n|-ability|p1a: Calyrex|Unnerve\n|-ability|p2a: Incineroar|Intimidate|boost\n|-unboost|p1a: Calyrex|atk|1\n|-unboost|p1b: Brute Bonnet|atk|1\n|turn|1\n|\n|t:|1774557267\n|move|p1a: Calyrex|Protect|p1a: Calyrex\n|-singleturn|p1a: Calyrex|Protect\n|move|p2b: Landorus|Protect|p2b: Landorus\n|-singleturn|p2b: Landorus|Protect\n|move|p1b: Brute Bonnet|Spore|p2b: Landorus\n|-activate|p2b: Landorus|move: Protect\n|move|p2a: Incineroar|Will-O-Wisp|p1b: Brute Bonnet\n|-status|p1b: Brute Bonnet|brn\n|\n|-damage|p1b: Brute Bonnet|95/100 brn|[from] brn\n|upkeep\n|turn|2\n|inactive|renlovgc has 30 seconds left.\n|\n|t:|1774557293\n|move|p1a: Calyrex|Encore|p2b: Landorus\n|-start|p2b: Landorus|Encore\n|move|p2b: Landorus|Protect||[still]\n|-fail|p2b: Landorus\n|move|p1b: Brute Bonnet|Spore|p2a: Incineroar\n|-activate|p2a: Incineroar|item: Safety Goggles|Spore\n|move|p2a: Incineroar|Knock Off|p1a: Calyrex\n|-supereffective|p1a: Calyrex\n|-enditem|p1a: Calyrex|Focus Sash\n|-damage|p1a: Calyrex|1/100\n|\n|-damage|p1b: Brute Bonnet|89/100 brn|[from] brn\n|upkeep\n|turn|3\n|\n|t:|1774557314\n|switch|p1a: Koraidon|Koraidon, L50|100/100\n|-weather|SunnyDay|[from] ability: Orichalcum Pulse|[of] p1a: Koraidon\n|-activate|p1b: Brute Bonnet|ability: Protosynthesis\n|-start|p1b: Brute Bonnet|protosynthesisdef\n|-activate|p1a: Koraidon|Orichalcum Pulse|[source]\n|move|p2b: Landorus|Protect|p2b: Landorus\n|-singleturn|p2b: Landorus|Protect\n|move|p1b: Brute Bonnet|Seed Bomb|p2a: Incineroar\n|-resisted|p2a: Incineroar\n|-damage|p2a: Incineroar|96/100\n|move|p2a: Incineroar|Will-O-Wisp|p1a: Koraidon\n|-status|p1a: Koraidon|brn\n|\n|-weather|SunnyDay|[upkeep]\n|-damage|p1a: Koraidon|94/100 brn|[from] brn\n|-damage|p1b: Brute Bonnet|83/100 brn|[from] brn\n|upkeep\n|turn|4\n|inactive|renlovgc has 30 seconds left.\n|\n|t:|1774557348\n|switch|p2b: Kyogre|Kyogre, L50|100/100\n|-weather|RainDance|[from] ability: Drizzle|[of] p2b: Kyogre\n|-end|p1b: Brute Bonnet|Protosynthesis\n|move|p1a: Koraidon|Collision Course|p2a: Incineroar\n|-supereffective|p2a: Incineroar\n|-damage|p2a: Incineroar|42/100\n|move|p1b: Brute Bonnet|Spore|p2b: Kyogre\n|-status|p2b: Kyogre|slp|[from] move: Spore\n|move|p2a: Incineroar|Knock Off|p1a: Koraidon\n|-resisted|p1a: Koraidon\n|-damage|p1a: Koraidon|79/100 brn\n|-enditem|p1a: Koraidon|Clear Amulet|[from] move: Knock Off|[of] p2a: Incineroar\n|\n|-weather|RainDance|[upkeep]\n|-damage|p1a: Koraidon|73/100 brn|[from] brn\n|-damage|p1b: Brute Bonnet|77/100 brn|[from] brn\n|upkeep\n|turn|5\n|inactive|renlovgc has 30 seconds left.\n|inactive|slimeslatt252 has 30 seconds left.\n|inactive|renlovgc has 20 seconds left.\n|\n|t:|1774557387\n|switch|p2a: Landorus|Landorus, L50, M|100/100\n|-terastallize|p2b: Kyogre|Fairy\n|move|p1a: Koraidon|Collision Course|p2b: Kyogre\n|-resisted|p2b: Kyogre\n|-damage|p2b: Kyogre|90/100 slp\n|cant|p2b: Kyogre|slp\n|move|p1b: Brute Bonnet|Spore|p2a: Landorus\n|-status|p2a: Landorus|slp|[from] move: Spore\n|\n|-weather|RainDance|[upkeep]\n|-damage|p1a: Koraidon|66/100 brn|[from] brn\n|-damage|p1b: Brute Bonnet|71/100 brn|[from] brn\n|upkeep\n|turn|6\n|\n|t:|1774557404\n|move|p1a: Koraidon|Flare Blitz|p2b: Kyogre\n|-damage|p2b: Kyogre|81/100 slp\n|-damage|p1a: Koraidon|63/100 brn|[from] Recoil\n|cant|p2b: Kyogre|slp\n|cant|p2a: Landorus|slp\n|move|p1b: Brute Bonnet|Seed Bomb|p2b: Kyogre\n|-damage|p2b: Kyogre|72/100 slp\n|\n|-weather|RainDance|[upkeep]\n|-damage|p1a: Koraidon|57/100 brn|[from] brn\n|-damage|p1b: Brute Bonnet|65/100 brn|[from] brn\n|upkeep\n|turn|7\n|\n|t:|1774557416\n|move|p1b: Brute Bonnet|Sucker Punch|p2a: Landorus\n|-damage|p2a: Landorus|90/100 slp\n|move|p1a: Koraidon|Flare Blitz|p2a: Landorus\n|-damage|p2a: Landorus|79/100 slp\n|-damage|p1a: Koraidon|53/100 brn|[from] Recoil\n|cant|p2b: Kyogre|slp\n|-curestatus|p2a: Landorus|slp|[msg]\n|move|p2a: Landorus|Sandsear Storm|p1b: Brute Bonnet|[spread] p1a,p1b\n|-resisted|p1b: Brute Bonnet\n|-damage|p1a: Koraidon|0 fnt\n|-damage|p1b: Brute Bonnet|40/100 brn\n|faint|p1a: Koraidon\n|\n|-weather|RainDance|[upkeep]\n|-damage|p1b: Brute Bonnet|34/100 brn|[from] brn\n|upkeep\n|\n|t:|1774557435\n|switch|p1a: Calyrex|Calyrex-Shadow, L50|1/100\n|-ability|p1a: Calyrex|As One\n|-ability|p1a: Calyrex|Unnerve\n|turn|8\n|\n|t:|1774557450\n|move|p1a: Calyrex|Protect|p1a: Calyrex\n|-singleturn|p1a: Calyrex|Protect\n|move|p1b: Brute Bonnet|Sucker Punch|p2a: Landorus\n|-crit|p2a: Landorus\n|-damage|p2a: Landorus|58/100\n|-curestatus|p2b: Kyogre|slp|[msg]\n|move|p2b: Kyogre|Ice Beam|p1a: Calyrex\n|-activate|p1a: Calyrex|move: Protect\n|move|p2a: Landorus|Sandsear Storm|p1a: Calyrex|[spread] p1b\n|-activate|p1a: Calyrex|move: Protect\n|-resisted|p1b: Brute Bonnet\n|-damage|p1b: Brute Bonnet|6/100 brn\n|\n|-weather|none\n|-damage|p1b: Brute Bonnet|0 fnt|[from] brn\n|faint|p1b: Brute Bonnet\n|-end|p1b: Brute Bonnet|Protosynthesis|[silent]\n|upkeep\n|\n|t:|1774557464\n|switch|p1b: raging dingus|Raging Bolt, L50|100/100\n|turn|9\n|\n|t:|1774557484\n|-terastallize|p1a: Calyrex|Ghost\n|move|p2a: Landorus|Protect|p2a: Landorus\n|-singleturn|p2a: Landorus|Protect\n|move|p1b: raging dingus|Thunderclap|p2b: Kyogre\n|-damage|p2b: Kyogre|54/100\n|move|p1a: Calyrex|Astral Barrage|p2a: Landorus|[spread] p2b\n|-activate|p2a: Landorus|move: Protect\n|-damage|p2b: Kyogre|24/100\n|move|p2b: Kyogre|Water Spout|p1a: Calyrex|[spread] p1a,p1b\n|-resisted|p1b: raging dingus\n|-damage|p1a: Calyrex|0 fnt\n|-damage|p1b: raging dingus|97/100\n|faint|p1a: Calyrex\n|\n|upkeep\n|turn|10\n|-message|slimeslatt252 forfeited.\n|\n|win|renlovgc\n|raw|slimeslatt252's rating: 1437 &rarr; <strong>1418</strong><br />(-19 for losing)\n|raw|renlovgc's rating: 1462 &rarr; <strong>1481</strong><br />(+19 for winning)\n|l|\u2606renlovgc\n|player|p2|\n|l|\u2606slimeslatt252\n|player|p1|\n","uploadtime":1774557688,"views":15,"formatid":"gen9vgc2026regi","rating":1418,"private":0,"password":null}