{"id":"gen9vgc2026regi-2568327044","format":"[Gen 9] VGC 2026 Reg I","players":["Noobilio","jj11j1"],"log":"|j|\u2606Noobilio\n|j|\u2606jj11j1\n|t:|1774566754\n|gametype|doubles\n|player|p1|Noobilio|nurse|1218\n|player|p2|jj11j1|2|1340\n|gen|9\n|tier|[Gen 9] VGC 2026 Reg I\n|rated|\n|rule|Species Clause: Limit one of each Pok\u00e9mon\n|rule|Item Clause: Limit 1 of each item\n|clearpoke\n|poke|p1|Kyogre, L50|\n|poke|p1|Rillaboom, L50, F|\n|poke|p1|Urshifu-*, L50, F|\n|poke|p1|Flutter Mane, L50|\n|poke|p1|Amoonguss, L50, F|\n|poke|p1|Calyrex-Ice, L50|\n|poke|p2|Kyogre, L50|\n|poke|p2|Calyrex-Ice, L50|\n|poke|p2|Landorus, L50, M|\n|poke|p2|Urshifu-*, L50, M|\n|poke|p2|Smeargle, L50, F|\n|poke|p2|Flutter Mane, L50|\n|teampreview|4\n|inactive|Battle timer is ON: inactive players will automatically lose when time's up. (requested by jj11j1)\n|\n|t:|1774566782\n|teamsize|p1|4\n|teamsize|p2|4\n|start\n|switch|p1a: Fih|Kyogre, L50|100/100\n|switch|p1b: Monke|Rillaboom, L50, F|100/100\n|switch|p2a: Smeargle|Smeargle, L50, F|100/100\n|switch|p2b: Calyrex|Calyrex-Ice, L50|100/100\n|-ability|p2b: Calyrex|As One\n|-ability|p2b: Calyrex|Unnerve\n|-fieldstart|move: Grassy Terrain|[from] ability: Grassy Surge|[of] p1b: Monke\n|-weather|RainDance|[from] ability: Drizzle|[of] p1a: Fih\n|turn|1\n|\n|t:|1774566801\n|-terastallize|p1b: Monke|Water\n|-terastallize|p2b: Calyrex|Grass\n|move|p1b: Monke|Fake Out|p2a: Smeargle\n|-crit|p2a: Smeargle\n|-damage|p2a: Smeargle|48/100\n|cant|p2a: Smeargle|flinch\n|move|p1a: Fih|Water Spout|p2a: Smeargle|[spread] p2a,p2b\n|-resisted|p2b: Calyrex\n|-damage|p2a: Smeargle|0 fnt\n|-damage|p2b: Calyrex|61/100\n|faint|p2a: Smeargle\n|move|p2b: Calyrex|Seed Bomb|p1a: Fih\n|-supereffective|p1a: Fih\n|-damage|p1a: Fih|0 fnt\n|faint|p1a: Fih\n|-ability|p2b: Calyrex|Chilling Neigh|boost\n|-boost|p2b: Calyrex|atk|1\n|\n|-weather|RainDance|[upkeep]\n|-heal|p2b: Calyrex|67/100|[from] Grassy Terrain\n|upkeep\n|inactive|jj11j1 has 30 seconds left.\n|\n|t:|1774566826\n|switch|p1a: ICE RIDAAAA|Calyrex-Ice, L50|100/100\n|switch|p2a: Kyogre|Kyogre, L50|100/100\n|-ability|p1a: ICE RIDAAAA|As One\n|-ability|p1a: ICE RIDAAAA|Unnerve\n|turn|2\n|\n|t:|1774566840\n|move|p1b: Monke|Grassy Glide|p2a: Kyogre\n|-supereffective|p2a: Kyogre\n|-damage|p2a: Kyogre|42/100\n|move|p1a: ICE RIDAAAA|Glacial Lance|p2b: Calyrex|[spread] p2a,p2b\n|-resisted|p2a: Kyogre\n|-supereffective|p2b: Calyrex\n|-damage|p2a: Kyogre|21/100\n|-damage|p2b: Calyrex|12/100\n|move|p2b: Calyrex|Imprison|p2b: Calyrex\n|-start|p2b: Calyrex|move: Imprison\n|move|p2a: Kyogre|Hydro Pump|p1a: ICE RIDAAAA\n|-damage|p1a: ICE RIDAAAA|38/100\n|\n|-weather|RainDance|[upkeep]\n|-heal|p1a: ICE RIDAAAA|44/100|[from] Grassy Terrain\n|-heal|p1a: ICE RIDAAAA|50/100|[from] item: Leftovers\n|-heal|p2b: Calyrex|18/100|[from] Grassy Terrain\n|-heal|p2a: Kyogre|27/100|[from] Grassy Terrain\n|upkeep\n|turn|3\n|inactive|jj11j1 has 30 seconds left.\n|inactive|Noobilio has 30 seconds left.\n|inactive|jj11j1 has 20 seconds left.\n|\n|t:|1774566879\n|move|p1b: Monke|U-turn|p2b: Calyrex\n|-supereffective|p2b: Calyrex\n|-damage|p2b: Calyrex|0 fnt\n|faint|p2b: Calyrex\n|\n|t:|1774566883\n|switch|p1b: Wulaosu|Urshifu-Rapid-Strike, L50, F|100/100|[from] U-turn\n|move|p1a: ICE RIDAAAA|Leech Seed|p2a: Kyogre\n|-start|p2a: Kyogre|move: Leech Seed\n|move|p2a: Kyogre|Thunder|p1b: Wulaosu\n|-supereffective|p1b: Wulaosu\n|-damage|p1b: Wulaosu|0 fnt\n|faint|p1b: Wulaosu\n|\n|-weather|RainDance|[upkeep]\n|-heal|p1a: ICE RIDAAAA|56/100|[from] Grassy Terrain\n|-heal|p1a: ICE RIDAAAA|61/100|[from] item: Leftovers\n|-heal|p2a: Kyogre|33/100|[from] Grassy Terrain\n|-damage|p2a: Kyogre|21/100|[from] Leech Seed|[of] p1a: ICE RIDAAAA\n|-heal|p1a: ICE RIDAAAA|73/100|[silent]\n|upkeep\n|\n|t:|1774566900\n|switch|p1b: Monke|Rillaboom, L50, F, tera:Water|100/100\n|switch|p2b: Flutter Mane|Flutter Mane, L50|100/100\n|turn|4\n|\n|t:|1774566910\n|move|p2a: Kyogre|Protect|p2a: Kyogre\n|-singleturn|p2a: Kyogre|Protect\n|move|p1b: Monke|Grassy Glide|p2b: Flutter Mane\n|-damage|p2b: Flutter Mane|34/100\n|move|p2b: Flutter Mane|Shadow Ball|p1a: ICE RIDAAAA\n|-supereffective|p1a: ICE RIDAAAA\n|-damage|p1a: ICE RIDAAAA|24/100\n|move|p1a: ICE RIDAAAA|Glacial Lance|p2a: Kyogre|[spread] p2b\n|-activate|p2a: Kyogre|move: Protect\n|-damage|p2b: Flutter Mane|0 fnt\n|faint|p2b: Flutter Mane\n|-end|p2b: Flutter Mane|Protosynthesis|[silent]\n|-ability|p1a: ICE RIDAAAA|Chilling Neigh|boost\n|-boost|p1a: ICE RIDAAAA|atk|1\n|\n|-weather|RainDance|[upkeep]\n|-heal|p1a: ICE RIDAAAA|30/100|[from] Grassy Terrain\n|-heal|p1a: ICE RIDAAAA|36/100|[from] item: Leftovers\n|-heal|p2a: Kyogre|27/100|[from] Grassy Terrain\n|-damage|p2a: Kyogre|15/100|[from] Leech Seed|[of] p1a: ICE RIDAAAA\n|-heal|p1a: ICE RIDAAAA|48/100|[silent]\n|upkeep\n|turn|5\n|\n|t:|1774566933\n|move|p2a: Kyogre|Protect|p2a: Kyogre\n|-singleturn|p2a: Kyogre|Protect\n|move|p1b: Monke|Grassy Glide|p2a: Kyogre\n|-activate|p2a: Kyogre|move: Protect\n|move|p1a: ICE RIDAAAA|Glacial Lance|p2a: Kyogre\n|-activate|p2a: Kyogre|move: Protect\n|\n|-weather|none\n|-heal|p1a: ICE RIDAAAA|54/100|[from] Grassy Terrain\n|-heal|p1a: ICE RIDAAAA|59/100|[from] item: Leftovers\n|-heal|p2a: Kyogre|20/100|[from] Grassy Terrain\n|-damage|p2a: Kyogre|8/100|[from] Leech Seed|[of] p1a: ICE RIDAAAA\n|-heal|p1a: ICE RIDAAAA|72/100|[silent]\n|-fieldend|move: Grassy Terrain\n|upkeep\n|turn|6\n|\n|t:|1774566949\n|move|p1b: Monke|Wood Hammer|p2a: Kyogre\n|-supereffective|p2a: Kyogre\n|-damage|p2a: Kyogre|0 fnt\n|faint|p2a: Kyogre\n|-damage|p1b: Monke|98/100|[from] Recoil\n|\n|win|Noobilio\n|raw|Noobilio's rating: 1218 &rarr; <strong>1251</strong><br />(+33 for winning)\n|raw|jj11j1's rating: 1340 &rarr; <strong>1313</strong><br />(-27 for losing)\n|l|\u2606jj11j1\n|player|p2|\n","uploadtime":1774566957,"views":36,"formatid":"gen9vgc2026regi","rating":1251,"private":0,"password":null}