{"id":"gen9vgc2026regi-2573213814","format":"[Gen 9] VGC 2026 Reg I","players":["the gamblerler","fallacy277"],"log":"|j|\u2606the gamblerler\n|j|\u2606fallacy277\n|t:|1775103793\n|gametype|doubles\n|player|p1|the gamblerler|giovanni|1471\n|player|p2|fallacy277|265|1466\n|gen|9\n|tier|[Gen 9] VGC 2026 Reg I\n|rated|\n|rule|Species Clause: Limit one of each Pok\u00e9mon\n|rule|Item Clause: Limit 1 of each item\n|clearpoke\n|poke|p1|Calyrex-Shadow, L50|\n|poke|p1|Miraidon, L50|\n|poke|p1|Incineroar, L50, F|\n|poke|p1|Sneasler, L50, M|\n|poke|p1|Araquanid, L50, M|\n|poke|p1|Whimsicott, L50, M|\n|poke|p2|Groudon, L50|\n|poke|p2|Zamazenta-*, L50|\n|poke|p2|Chien-Pao, L50|\n|poke|p2|Gouging Fire, L50|\n|poke|p2|Jumpluff, L50, M|\n|poke|p2|Flutter Mane, L50|\n|teampreview|4\n|inactive|Battle timer is ON: inactive players will automatically lose when time's up. (requested by the gamblerler)\n|\n|t:|1775103811\n|teamsize|p1|4\n|teamsize|p2|4\n|start\n|switch|p1a: Sneasler|Sneasler, L50, M|100/100\n|switch|p1b: Miraidon|Miraidon, L50|100/100\n|switch|p2a: Groudon|Groudon, L50|100/100\n|switch|p2b: Jumpluff|Jumpluff, L50, M|100/100\n|-fieldstart|move: Electric Terrain|[from] ability: Hadron Engine|[of] p1b: Miraidon\n|-enditem|p1a: Sneasler|Electric Seed\n|-boost|p1a: Sneasler|def|1|[from] item: Electric Seed\n|-weather|SunnyDay|[from] ability: Drought|[of] p2a: Groudon\n|turn|1\n|\n|t:|1775103819\n|move|p2b: Jumpluff|Protect|p2b: Jumpluff\n|-singleturn|p2b: Jumpluff|Protect\n|move|p2a: Groudon|Protect|p2a: Groudon\n|-singleturn|p2a: Groudon|Protect\n|move|p1a: Sneasler|Fake Out|p2a: Groudon\n|-activate|p2a: Groudon|move: Protect\n|move|p1b: Miraidon|Volt Switch|p2b: Jumpluff\n|-activate|p2b: Jumpluff|move: Protect\n|\n|-weather|SunnyDay|[upkeep]\n|upkeep\n|turn|2\n|\n|t:|1775103831\n|move|p2b: Jumpluff|Tailwind|p2b: Jumpluff\n|-sidestart|p2: fallacy277|move: Tailwind\n|move|p1a: Sneasler|Acid Spray|p2a: Groudon\n|-resisted|p2a: Groudon\n|-damage|p2a: Groudon|98/100\n|move|p2a: Groudon|Precipice Blades|p1a: Sneasler|[spread] p1a,p1b\n|-supereffective|p1a: Sneasler\n|-supereffective|p1b: Miraidon\n|-damage|p1a: Sneasler|1/100\n|-damage|p1b: Miraidon|16/100\n|move|p1b: Miraidon|Volt Switch|p2b: Jumpluff\n|-damage|p2b: Jumpluff|22/100\n|\n|t:|1775103842\n|switch|p1b: Whimsicott|Whimsicott, L50, M|100/100|[from] Volt Switch\n|\n|-weather|SunnyDay|[upkeep]\n|upkeep\n|turn|3\n|\n|t:|1775103847\n|switch|p2b: Zamazenta|Zamazenta-Crowned, L50|100/100\n|-ability|p2b: Zamazenta|Dauntless Shield|boost\n|-boost|p2b: Zamazenta|def|1\n|move|p1b: Whimsicott|Tailwind|p1b: Whimsicott\n|-sidestart|p1: the gamblerler|move: Tailwind\n|move|p1a: Sneasler|Dire Claw|p2b: Zamazenta\n|-immune|p2b: Zamazenta\n|move|p2a: Groudon|Precipice Blades|p1a: Sneasler|[spread] p1a,p1b\n|-supereffective|p1a: Sneasler\n|-resisted|p1b: Whimsicott\n|-damage|p1a: Sneasler|0 fnt\n|-damage|p1b: Whimsicott|73/100\n|faint|p1a: Sneasler\n|\n|-weather|SunnyDay|[upkeep]\n|upkeep\n|\n|t:|1775103854\n|switch|p1a: Calyrex|Calyrex-Shadow, L50|100/100\n|-ability|p1a: Calyrex|As One\n|-ability|p1a: Calyrex|Unnerve\n|turn|4\n|inactive|fallacy277 has 30 seconds left.\n|\n|t:|1775103886\n|-terastallize|p2a: Groudon|Fire\n|move|p1a: Calyrex|Protect|p1a: Calyrex\n|-singleturn|p1a: Calyrex|Protect\n|move|p1b: Whimsicott|Fake Tears|p2a: Groudon\n|-fail|p2a: Groudon|unboost|[from] item: Clear Amulet|[of] p2a: Groudon\n|move|p2b: Zamazenta|Body Press|p1b: Whimsicott\n|-resisted|p1b: Whimsicott\n|-crit|p1b: Whimsicott\n|-damage|p1b: Whimsicott|8/100\n|move|p2a: Groudon|Heat Crash|p1a: Calyrex\n|-activate|p1a: Calyrex|move: Protect\n|\n|-weather|SunnyDay|[upkeep]\n|upkeep\n|turn|5\n|\n|t:|1775103907\n|-terastallize|p1a: Calyrex|Ghost\n|move|p1b: Whimsicott|Fake Tears|p2b: Zamazenta\n|-unboost|p2b: Zamazenta|spd|2\n|move|p1a: Calyrex|Astral Barrage|p2b: Zamazenta|[spread] p2a,p2b\n|-damage|p2a: Groudon|40/100\n|-damage|p2b: Zamazenta|0 fnt\n|faint|p2b: Zamazenta\n|-ability|p1a: Calyrex|Grim Neigh|boost\n|-boost|p1a: Calyrex|spa|1\n|move|p2a: Groudon|Precipice Blades|p1a: Calyrex|[spread] p1a\n|-miss|p2a: Groudon|p1b: Whimsicott\n|-damage|p1a: Calyrex|46/100\n|\n|-weather|none\n|-sideend|p2: fallacy277|move: Tailwind\n|-fieldend|move: Electric Terrain\n|upkeep\n|\n|t:|1775103926\n|switch|p2b: Jumpluff|Jumpluff, L50, M|22/100\n|turn|6\n|-message|fallacy277 forfeited.\n|\n|win|the gamblerler\n|raw|the gamblerler's rating: 1471 &rarr; <strong>1491</strong><br />(+20 for winning)\n|raw|fallacy277's rating: 1466 &rarr; <strong>1446</strong><br />(-20 for losing)\n|l|\u2606fallacy277\n|player|p2|\n|l|\u2606the gamblerler\n|player|p1|\n","uploadtime":1775104224,"views":19,"formatid":"gen9vgc2026regi","rating":1446,"private":0,"password":null}