{"id":"gen9vgc2026regi-2577736808","format":"[Gen 9] VGC 2026 Reg I","players":["RedPlaysvGC","magoromon"],"log":"|j|\u2606RedPlaysvGC\n|j|\u2606magoromon\n|t:|1775600823\n|gametype|doubles\n|player|p1|RedPlaysvGC|101|1414\n|player|p2|magoromon|lance|1491\n|gen|9\n|tier|[Gen 9] VGC 2026 Reg I\n|rated|\n|rule|Species Clause: Limit one of each Pok\u00e9mon\n|rule|Item Clause: Limit 1 of each item\n|clearpoke\n|poke|p1|Whimsicott, L50, F|\n|poke|p1|Calyrex-Shadow, L50|\n|poke|p1|Miraidon, L50|\n|poke|p1|Iron Hands, L50|\n|poke|p1|Chi-Yu, L50|\n|poke|p1|Farigiraf, L50, M|\n|poke|p2|Kyogre, L50|\n|poke|p2|Calyrex-Ice, L50|\n|poke|p2|Rillaboom, L50, M|\n|poke|p2|Amoonguss, L50, M|\n|poke|p2|Urshifu-*, L50, F|\n|poke|p2|Flutter Mane, L50|\n|teampreview|4\n|\n|t:|1775600890\n|teamsize|p1|4\n|teamsize|p2|4\n|start\n|switch|p1a: Whimsicott|Whimsicott, L50, F|100/100\n|switch|p1b: Miraidon|Miraidon, L50|100/100\n|switch|p2a: Calyrex|Calyrex-Ice, L50|100/100\n|switch|p2b: Amoonguss|Amoonguss, L50, M|100/100\n|-ability|p2a: Calyrex|As One\n|-ability|p2a: Calyrex|Unnerve\n|-fieldstart|move: Electric Terrain|[from] ability: Hadron Engine|[of] p1b: Miraidon\n|turn|1\n|\n|t:|1775600909\n|-terastallize|p1b: Miraidon|Fairy\n|move|p2b: Amoonguss|Rage Powder|p2b: Amoonguss\n|-singleturn|p2b: Amoonguss|move: Rage Powder\n|move|p1a: Whimsicott|Fake Tears|p2a: Calyrex\n|-unboost|p2a: Calyrex|spd|2\n|move|p1b: Miraidon|Dazzling Gleam|p2b: Amoonguss|[spread] p2a,p2b\n|-resisted|p2b: Amoonguss\n|-damage|p2a: Calyrex|23/100\n|-damage|p2b: Amoonguss|73/100\n|move|p2a: Calyrex|Trick Room|p2a: Calyrex\n|-fieldstart|move: Trick Room|[of] p2a: Calyrex\n|\n|-heal|p2a: Calyrex|29/100|[from] item: Leftovers\n|upkeep\n|turn|2\n|\n|t:|1775600936\n|switch|p2a: Rillaboom|Rillaboom, L50, M|100/100\n|-fieldstart|move: Grassy Terrain|[from] ability: Grassy Surge|[of] p2a: Rillaboom\n|move|p1a: Whimsicott|Encore||[still]\n|-fail|p1a: Whimsicott\n|move|p2b: Amoonguss|Spore|p1b: Miraidon\n|-status|p1b: Miraidon|slp|[from] move: Spore\n|cant|p1b: Miraidon|slp\n|\n|-heal|p2b: Amoonguss|79/100|[from] Grassy Terrain\n|upkeep\n|turn|3\n|\n|t:|1775600959\n|switch|p2a: Calyrex|Calyrex-Ice, L50|29/100\n|-ability|p2a: Calyrex|As One\n|-ability|p2a: Calyrex|Unnerve\n|move|p1a: Whimsicott|Fake Tears|p2a: Calyrex\n|-unboost|p2a: Calyrex|spd|2\n|move|p2b: Amoonguss|Pollen Puff|p2a: Calyrex\n|-heal|p2a: Calyrex|79/100\n|cant|p1b: Miraidon|slp\n|\n|-heal|p2b: Amoonguss|85/100|[from] Grassy Terrain\n|-heal|p2a: Calyrex|85/100|[from] Grassy Terrain\n|-heal|p2a: Calyrex|90/100|[from] item: Leftovers\n|upkeep\n|turn|4\n|\n|t:|1775600978\n|move|p2b: Amoonguss|Rage Powder|p2b: Amoonguss\n|-singleturn|p2b: Amoonguss|move: Rage Powder\n|move|p1a: Whimsicott|Fake Tears|p2b: Amoonguss\n|-unboost|p2b: Amoonguss|spd|2\n|move|p2a: Calyrex|Glacial Lance|p1b: Miraidon|[spread] p1a,p1b\n|-supereffective|p1a: Whimsicott\n|-damage|p1a: Whimsicott|0 fnt\n|-damage|p1b: Miraidon|54/100 slp\n|faint|p1a: Whimsicott\n|-ability|p2a: Calyrex|Chilling Neigh|boost\n|-boost|p2a: Calyrex|atk|1\n|cant|p1b: Miraidon|slp\n|\n|-heal|p2b: Amoonguss|91/100|[from] Grassy Terrain\n|-heal|p2a: Calyrex|96/100|[from] Grassy Terrain\n|-heal|p2a: Calyrex|100/100|[from] item: Leftovers\n|-heal|p1b: Miraidon|60/100 slp|[from] Grassy Terrain\n|upkeep\n|\n|t:|1775600990\n|switch|p1a: Iron Hands|Iron Hands, L50|100/100\n|turn|5\n|\n|t:|1775601004\n|move|p2a: Calyrex|Protect|p2a: Calyrex\n|-singleturn|p2a: Calyrex|Protect\n|move|p1a: Iron Hands|Fake Out|p2a: Calyrex\n|-activate|p2a: Calyrex|move: Protect\n|move|p2b: Amoonguss|Spore|p1a: Iron Hands\n|-status|p1a: Iron Hands|slp|[from] move: Spore\n|-curestatus|p1b: Miraidon|slp|[msg]\n|move|p1b: Miraidon|Dazzling Gleam|p2b: Amoonguss|[spread] p2b\n|-activate|p2a: Calyrex|move: Protect\n|-resisted|p2b: Amoonguss\n|-damage|p2b: Amoonguss|46/100\n|\n|-heal|p2b: Amoonguss|52/100|[from] Grassy Terrain\n|-heal|p1b: Miraidon|66/100|[from] Grassy Terrain\n|-fieldend|move: Trick Room\n|upkeep\n|turn|6\n|\n|t:|1775601040\n|switch|p2b: Kyogre|Kyogre, L50|100/100\n|-weather|RainDance|[from] ability: Drizzle|[of] p2b: Kyogre\n|move|p1b: Miraidon|Dazzling Gleam|p2b: Kyogre|[spread] p2a,p2b\n|-damage|p2a: Calyrex|34/100\n|-damage|p2b: Kyogre|65/100\n|move|p2a: Calyrex|Glacial Lance|p1b: Miraidon|[spread] p1a,p1b\n|-damage|p1a: Iron Hands|54/100 slp\n|-damage|p1b: Miraidon|0 fnt\n|faint|p1b: Miraidon\n|-ability|p2a: Calyrex|Chilling Neigh|boost\n|-boost|p2a: Calyrex|atk|1\n|cant|p1a: Iron Hands|slp\n|\n|-weather|RainDance|[upkeep]\n|-heal|p2b: Kyogre|71/100|[from] Grassy Terrain\n|-heal|p2a: Calyrex|40/100|[from] Grassy Terrain\n|-heal|p2a: Calyrex|45/100|[from] item: Leftovers\n|-heal|p1a: Iron Hands|60/100 slp|[from] Grassy Terrain\n|-fieldend|move: Grassy Terrain\n|upkeep\n|\n|t:|1775601050\n|switch|p1b: Calyrex|Calyrex-Shadow, L50|100/100\n|-ability|p1b: Calyrex|As One\n|-ability|p1b: Calyrex|Unnerve\n|turn|7\n|\n|t:|1775601082\n|switch|p2a: Rillaboom|Rillaboom, L50, M|100/100\n|-fieldstart|move: Grassy Terrain|[from] ability: Grassy Surge|[of] p2a: Rillaboom\n|move|p2b: Kyogre|Protect|p2b: Kyogre\n|-singleturn|p2b: Kyogre|Protect\n|move|p1b: Calyrex|Astral Barrage|p2a: Rillaboom|[spread] p2a\n|-activate|p2b: Kyogre|move: Protect\n|-damage|p2a: Rillaboom|55/100\n|cant|p1a: Iron Hands|slp\n|\n|-weather|RainDance|[upkeep]\n|-heal|p2a: Rillaboom|62/100|[from] Grassy Terrain\n|-heal|p2b: Kyogre|77/100|[from] Grassy Terrain\n|-heal|p1a: Iron Hands|67/100 slp|[from] Grassy Terrain\n|upkeep\n|turn|8\n|\n|t:|1775601106\n|move|p1b: Calyrex|Astral Barrage|p2a: Rillaboom|[spread] p2a,p2b\n|-damage|p2a: Rillaboom|19/100\n|-damage|p2b: Kyogre|37/100\n|move|p2a: Rillaboom|Wood Hammer|p1b: Calyrex\n|-damage|p1b: Calyrex|15/100\n|-damage|p2a: Rillaboom|0 fnt|[from] Recoil\n|faint|p2a: Rillaboom\n|move|p2b: Kyogre|Origin Pulse|p1a: Iron Hands|[spread] p1a,p1b\n|-damage|p1a: Iron Hands|19/100 slp\n|-damage|p1b: Calyrex|0 fnt\n|faint|p1b: Calyrex\n|-curestatus|p1a: Iron Hands|slp|[msg]\n|move|p1a: Iron Hands|Wild Charge|p2b: Kyogre\n|-supereffective|p2b: Kyogre\n|-damage|p2b: Kyogre|0 fnt\n|faint|p2b: Kyogre\n|-damage|p1a: Iron Hands|12/100|[from] Recoil\n|\n|-weather|RainDance|[upkeep]\n|-heal|p1a: Iron Hands|18/100|[from] Grassy Terrain\n|upkeep\n|\n|t:|1775601119\n|switch|p2a: Amoonguss|Amoonguss, L50, M|85/100\n|switch|p2b: Calyrex|Calyrex-Ice, L50|45/100\n|-ability|p2b: Calyrex|As One\n|-ability|p2b: Calyrex|Unnerve\n|turn|9\n|-message|RedPlaysvGC forfeited.\n|\n|win|magoromon\n|raw|RedPlaysvGC's rating: 1414 &rarr; <strong>1398</strong><br />(-16 for losing)\n|raw|magoromon's rating: 1491 &rarr; <strong>1507</strong><br />(+16 for winning)\n|l|\u2606RedPlaysvGC\n|player|p1|\n","uploadtime":1775601397,"views":9,"formatid":"gen9vgc2026regi","rating":1398,"private":0,"password":null}