{"id":"gen9vgc2026regi-2556433350","format":"[Gen 9] VGC 2026 Reg I","players":["uhh daneooo","craft271"],"log":"|j|\u2606uhh daneooo\n|j|\u2606craft271\n|t:|1773204298\n|gametype|doubles\n|player|p1|uhh daneooo|riley|1165\n|player|p2|craft271|hilbert|1310\n|gen|9\n|tier|[Gen 9] VGC 2026 Reg I\n|rated|\n|rule|Species Clause: Limit one of each Pok\u00e9mon\n|rule|Item Clause: Limit 1 of each item\n|clearpoke\n|poke|p1|Koraidon, L50|\n|poke|p1|Reshiram, L50|\n|poke|p1|Grimmsnarl, L50, M|\n|poke|p1|Whimsicott, L50, M|\n|poke|p1|Rillaboom, L50, M|\n|poke|p1|Flutter Mane, L50|\n|poke|p2|Miraidon, L50|\n|poke|p2|Whimsicott, L50, M|\n|poke|p2|Farigiraf, L50, F|\n|poke|p2|Urshifu-*, L50, M|\n|poke|p2|Iron Hands, L50|\n|poke|p2|Zamazenta-*, L50|\n|teampreview|4\n|inactive|Battle timer is ON: inactive players will automatically lose when time's up. (requested by craft271)\n|\n|t:|1773204326\n|teamsize|p1|4\n|teamsize|p2|4\n|start\n|switch|p1a: Whimsicott|Whimsicott, L50, M, shiny|100/100\n|switch|p1b: Koraidon|Koraidon, L50, shiny|100/100\n|switch|p2a: Iron Hands|Iron Hands, L50|100/100\n|switch|p2b: Zamazenta|Zamazenta-Crowned, L50|100/100\n|-weather|SunnyDay|[from] ability: Orichalcum Pulse|[of] p1b: Koraidon\n|-activate|p1b: Koraidon|Orichalcum Pulse|[source]\n|-ability|p2b: Zamazenta|Dauntless Shield|boost\n|-boost|p2b: Zamazenta|def|1\n|turn|1\n|\n|t:|1773204340\n|move|p1b: Koraidon|Protect|p1b: Koraidon\n|-singleturn|p1b: Koraidon|Protect\n|move|p2b: Zamazenta|Protect|p2b: Zamazenta\n|-singleturn|p2b: Zamazenta|Protect\n|move|p1a: Whimsicott|Tailwind|p1a: Whimsicott\n|-sidestart|p1: uhh daneooo|move: Tailwind\n|move|p2a: Iron Hands|Low Kick|p1b: Koraidon\n|-activate|p1b: Koraidon|move: Protect\n|\n|-weather|SunnyDay|[upkeep]\n|upkeep\n|turn|2\n|\n|t:|1773204355\n|switch|p1b: Flutter Mane|Flutter Mane, L50|100/100\n|-activate|p1b: Flutter Mane|ability: Protosynthesis\n|-start|p1b: Flutter Mane|protosynthesisspe\n|-terastallize|p2b: Zamazenta|Dragon\n|move|p1a: Whimsicott|Encore|p2b: Zamazenta\n|-start|p2b: Zamazenta|Encore\n|move|p2b: Zamazenta|Protect|p2b: Zamazenta\n|-singleturn|p2b: Zamazenta|Protect\n|move|p2a: Iron Hands|Low Kick|p1b: Flutter Mane\n|-immune|p1b: Flutter Mane\n|\n|-weather|SunnyDay|[upkeep]\n|upkeep\n|turn|3\n|\n|t:|1773204371\n|switch|p2b: Farigiraf|Farigiraf, L50, F|100/100\n|move|p1a: Whimsicott|Encore||[still]\n|cant|p2b: Farigiraf|ability: Armor Tail|Encore|[of] p1a: Whimsicott\n|move|p1b: Flutter Mane|Moonblast|p2b: Farigiraf\n|-damage|p2b: Farigiraf|67/100\n|move|p2a: Iron Hands|Wild Charge|p1b: Flutter Mane\n|-damage|p1b: Flutter Mane|0 fnt\n|faint|p1b: Flutter Mane\n|-end|p1b: Flutter Mane|Protosynthesis|[silent]\n|-damage|p2a: Iron Hands|86/100|[from] Recoil\n|\n|-weather|SunnyDay|[upkeep]\n|upkeep\n|\n|t:|1773204379\n|switch|p1b: Reshiram|Reshiram, L50, shiny|100/100\n|-ability|p1b: Reshiram|Turboblaze\n|turn|4\n|\n|t:|1773204387\n|-end|p2a: Iron Hands|Quark Drive|[silent]\n|switch|p2a: Zamazenta|Zamazenta-Crowned, L50, tera:Dragon|100/100\n|move|p1b: Reshiram|Heat Wave|p2b: Farigiraf|[spread] p2a,p2b\n|-resisted|p2a: Zamazenta\n|-damage|p2a: Zamazenta|77/100\n|-damage|p2b: Farigiraf|8/100\n|-damage|p1b: Reshiram|91/100|[from] item: Life Orb\n|move|p1a: Whimsicott|Moonblast|p2a: Zamazenta\n|-supereffective|p2a: Zamazenta\n|-damage|p2a: Zamazenta|49/100\n|move|p2b: Farigiraf|Trick Room|p2b: Farigiraf\n|-fieldstart|move: Trick Room|[of] p2b: Farigiraf\n|\n|-weather|SunnyDay|[upkeep]\n|-sideend|p1: uhh daneooo|move: Tailwind\n|upkeep\n|turn|5\n|\n|t:|1773204402\n|move|p1b: Reshiram|Protect|p1b: Reshiram\n|-singleturn|p1b: Reshiram|Protect\n|move|p2b: Farigiraf|Psychic|p1a: Whimsicott\n|-damage|p1a: Whimsicott|51/100\n|move|p1a: Whimsicott|Moonblast|p2a: Zamazenta\n|-supereffective|p2a: Zamazenta\n|-damage|p2a: Zamazenta|19/100\n|move|p2a: Zamazenta|Heavy Slam|p1a: Whimsicott\n|-supereffective|p1a: Whimsicott\n|-damage|p1a: Whimsicott|0 fnt\n|faint|p1a: Whimsicott\n|\n|-weather|none\n|upkeep\n|\n|t:|1773204412\n|switch|p1a: Koraidon|Koraidon, L50, shiny|100/100\n|-weather|SunnyDay|[from] ability: Orichalcum Pulse|[of] p1a: Koraidon\n|-activate|p1a: Koraidon|Orichalcum Pulse|[source]\n|turn|6\n|\n|t:|1773204424\n|-terastallize|p1b: Reshiram|Fire\n|move|p2b: Farigiraf|Helping Hand|p2a: Zamazenta\n|-singleturn|p2a: Zamazenta|Helping Hand|[of] p2b: Farigiraf\n|move|p2a: Zamazenta|Body Press|p1b: Reshiram\n|-damage|p1b: Reshiram|25/100\n|move|p1b: Reshiram|Heat Wave|p2a: Zamazenta|[spread] p2a,p2b\n|-resisted|p2a: Zamazenta\n|-damage|p2a: Zamazenta|0 fnt\n|-damage|p2b: Farigiraf|0 fnt\n|faint|p2a: Zamazenta\n|faint|p2b: Farigiraf\n|-damage|p1b: Reshiram|15/100|[from] item: Life Orb\n|move|p1a: Koraidon|Flame Charge|p2: Zamazenta|[notarget]\n|-fail|p1a: Koraidon\n|\n|-weather|SunnyDay|[upkeep]\n|upkeep\n|\n|t:|1773204434\n|switch|p2b: Iron Hands|Iron Hands, L50|86/100\n|switch|p2a: Miraidon|Miraidon, L50|100/100\n|-fieldstart|move: Electric Terrain|[from] ability: Hadron Engine|[of] p2a: Miraidon\n|-activate|p2b: Iron Hands|ability: Quark Drive\n|-start|p2b: Iron Hands|quarkdriveatk\n|turn|7\n|c|\u2606uhh daneooo|slow ass zamazenta\n|\n|t:|1773204448\n|move|p1b: Reshiram|Protect|p1b: Reshiram\n|-singleturn|p1b: Reshiram|Protect\n|move|p1a: Koraidon|Protect|p1a: Koraidon\n|-singleturn|p1a: Koraidon|Protect\n|move|p2b: Iron Hands|Low Kick|p1a: Koraidon\n|-activate|p1a: Koraidon|move: Protect\n|move|p2a: Miraidon|Dazzling Gleam|p1b: Reshiram|[spread] \n|-activate|p1a: Koraidon|move: Protect\n|-activate|p1b: Reshiram|move: Protect\n|\n|-weather|SunnyDay|[upkeep]\n|upkeep\n|turn|8\n|\n|t:|1773204463\n|move|p2b: Iron Hands|Low Kick|p1a: Koraidon\n|-damage|p1a: Koraidon|19/100\n|move|p1b: Reshiram|Draco Meteor|p2a: Miraidon\n|-supereffective|p2a: Miraidon\n|-damage|p2a: Miraidon|0 fnt\n|-unboost|p1b: Reshiram|spa|2\n|faint|p2a: Miraidon\n|-damage|p1b: Reshiram|6/100|[from] item: Life Orb\n|move|p1a: Koraidon|Collision Course|p2b: Iron Hands\n|-damage|p2b: Iron Hands|38/100\n|\n|-weather|SunnyDay|[upkeep]\n|-fieldend|move: Trick Room\n|upkeep\n|turn|9\n|\n|t:|1773204480\n|move|p1a: Koraidon|Flare Blitz|p2b: Iron Hands\n|-damage|p2b: Iron Hands|0 fnt\n|faint|p2b: Iron Hands\n|-end|p2b: Iron Hands|Quark Drive|[silent]\n|-damage|p1a: Koraidon|3/100|[from] Recoil\n|\n|win|uhh daneooo\n|raw|uhh daneooo's rating: 1165 &rarr; <strong>1200</strong><br />(+35 for winning)\n|raw|craft271's rating: 1310 &rarr; <strong>1282</strong><br />(-28 for losing)\n|l|\u2606craft271\n|player|p2|\n|l|\u2606uhh daneooo\n|player|p1|\n","uploadtime":1773204637,"views":10,"formatid":"gen9vgc2026regi","rating":1200,"private":0,"password":null}