{"id":"gen9vgc2026regi-2523190678","format":"[Gen 9] VGC 2026 Reg I","players":["yaasuto","marcxhenry"],"log":"|j|\u2606yaasuto\n|j|\u2606marcxhenry\n|t:|1769001258\n|gametype|doubles\n|player|p1|yaasuto|hilbert|1417\n|player|p2|marcxhenry|hilbert-wonderlauncher|1484\n|gen|9\n|tier|[Gen 9] VGC 2026 Reg I\n|rated|\n|rule|Species Clause: Limit one of each Pok\u00e9mon\n|rule|Item Clause: Limit 1 of each item\n|clearpoke\n|poke|p1|Terapagos, L50, M|\n|poke|p1|Eternatus, L50|\n|poke|p1|Incineroar, L50, M|\n|poke|p1|Rillaboom, L50, F|\n|poke|p1|Grimmsnarl, L50, M|\n|poke|p1|Brute Bonnet, L50|\n|poke|p2|Calyrex-Shadow, L50|\n|poke|p2|Urshifu-*, L50, M|\n|poke|p2|Roaring Moon, L50|\n|poke|p2|Kyogre, L50|\n|poke|p2|Tsareena, L50, F|\n|poke|p2|Kingambit, L50, M|\n|teampreview|4\n|inactive|Battle timer is ON: inactive players will automatically lose when time's up. (requested by yaasuto)\n|\n|t:|1769001285\n|teamsize|p1|4\n|teamsize|p2|4\n|start\n|switch|p1a: Eternatus|Eternatus, L50|100/100\n|switch|p1b: Brute Bonnet|Brute Bonnet, L50|100/100\n|switch|p2a: Hermann|Kingambit, L50, M, shiny|100/100\n|switch|p2b: Roter Baron|Roaring Moon, L50, shiny|100/100\n|-ability|p1a: Eternatus|Pressure\n|-enditem|p2b: Roter Baron|Booster Energy\n|-activate|p2b: Roter Baron|ability: Protosynthesis|[fromitem]\n|-start|p2b: Roter Baron|protosynthesisspe\n|-enditem|p1b: Brute Bonnet|Booster Energy\n|-activate|p1b: Brute Bonnet|ability: Protosynthesis|[fromitem]\n|-start|p1b: Brute Bonnet|protosynthesisdef\n|turn|1\n|inactive|marcxhenry has 30 seconds left.\n|\n|t:|1769001316\n|switch|p2a: Eva|Tsareena, L50, F, shiny|100/100\n|-terastallize|p2b: Roter Baron|Flying\n|move|p2b: Roter Baron|Acrobatics|p1b: Brute Bonnet\n|-supereffective|p1b: Brute Bonnet\n|-damage|p1b: Brute Bonnet|45/100\n|move|p1a: Eternatus|Dynamax Cannon|p2b: Roter Baron\n|-damage|p2b: Roter Baron|42/100\n|move|p1b: Brute Bonnet|Spore|p2a: Eva\n|-immune|p2a: Eva\n|\n|upkeep\n|turn|2\n|inactive|yaasuto has 30 seconds left.\n|\n|t:|1769001352\n|-end|p1b: Brute Bonnet|Protosynthesis|[silent]\n|switch|p1b: Incineroar|Incineroar, L50, M|100/100\n|-ability|p1b: Incineroar|Intimidate|boost\n|-unboost|p2a: Eva|atk|1\n|-unboost|p2b: Roter Baron|atk|1\n|move|p1a: Eternatus|Protect|p1a: Eternatus\n|-singleturn|p1a: Eternatus|Protect\n|move|p2b: Roter Baron|Tailwind|p2b: Roter Baron\n|-sidestart|p2: marcxhenry|move: Tailwind\n|move|p2a: Eva|Triple Axel|p1b: Incineroar\n|-resisted|p1b: Incineroar\n|-damage|p1b: Incineroar|99/100\n|-damage|p2a: Eva|84/100|[from] item: Rocky Helmet|[of] p1b: Incineroar\n|-resisted|p1b: Incineroar\n|-damage|p1b: Incineroar|94/100\n|-damage|p2a: Eva|67/100|[from] item: Rocky Helmet|[of] p1b: Incineroar\n|-resisted|p1b: Incineroar\n|-damage|p1b: Incineroar|88/100\n|-damage|p2a: Eva|51/100|[from] item: Rocky Helmet|[of] p1b: Incineroar\n|-hitcount|p1b: Incineroar|3\n|\n|upkeep\n|turn|3\n|inactive|marcxhenry has 30 seconds left.\n|\n|t:|1769001378\n|switch|p2a: Tripitz|Kyogre, L50, shiny|100/100\n|-weather|RainDance|[from] ability: Drizzle|[of] p2a: Tripitz\n|move|p2b: Roter Baron|Knock Off|p1a: Eternatus\n|-damage|p1a: Eternatus|72/100\n|-enditem|p1a: Eternatus|Power Herb|[from] move: Knock Off|[of] p2b: Roter Baron\n|move|p1a: Eternatus|Dynamax Cannon|p2b: Roter Baron\n|-damage|p2b: Roter Baron|0 fnt\n|faint|p2b: Roter Baron\n|-end|p2b: Roter Baron|Protosynthesis|[silent]\n|move|p1b: Incineroar|Parting Shot|p2a: Tripitz\n|-unboost|p2a: Tripitz|atk|1\n|-unboost|p2a: Tripitz|spa|1\n|\n|t:|1769001391\n|switch|p1b: Brute Bonnet|Brute Bonnet, L50|45/100|[from] Parting Shot\n|\n|-weather|RainDance|[upkeep]\n|upkeep\n|\n|t:|1769001396\n|switch|p2b: Eva|Tsareena, L50, F, shiny|51/100\n|turn|4\n|\n|t:|1769001408\n|switch|p2a: Hermann|Kingambit, L50, M, shiny|100/100\n|move|p1a: Eternatus|Protect|p1a: Eternatus\n|-singleturn|p1a: Eternatus|Protect\n|move|p2b: Eva|Taunt|p1b: Brute Bonnet\n|-start|p1b: Brute Bonnet|move: Taunt\n|cant|p1b: Brute Bonnet|move: Taunt|Spore\n|\n|-weather|RainDance|[upkeep]\n|upkeep\n|turn|5\n|\n|t:|1769001422\n|switch|p1a: Incineroar|Incineroar, L50, M|88/100\n|-ability|p1a: Incineroar|Intimidate|boost\n|-unboost|p2a: Hermann|atk|1\n|-ability|p2a: Hermann|Defiant|boost\n|-boost|p2a: Hermann|atk|2\n|-unboost|p2b: Eva|atk|1\n|move|p2b: Eva|Triple Axel|p1a: Incineroar\n|-resisted|p1a: Incineroar\n|-damage|p1a: Incineroar|86/100\n|-damage|p2b: Eva|34/100|[from] item: Rocky Helmet|[of] p1a: Incineroar\n|-resisted|p1a: Incineroar\n|-damage|p1a: Incineroar|81/100\n|-damage|p2b: Eva|18/100|[from] item: Rocky Helmet|[of] p1a: Incineroar\n|-resisted|p1a: Incineroar\n|-damage|p1a: Incineroar|75/100\n|-damage|p2b: Eva|1/100|[from] item: Rocky Helmet|[of] p1a: Incineroar\n|-hitcount|p1a: Incineroar|3\n|move|p2a: Hermann|Kowtow Cleave|p1a: Incineroar\n|-resisted|p1a: Incineroar\n|-damage|p1a: Incineroar|44/100\n|-damage|p2a: Hermann|84/100|[from] item: Rocky Helmet|[of] p1a: Incineroar\n|move|p1b: Brute Bonnet|Pollen Puff|p1a: Incineroar\n|-heal|p1a: Incineroar|94/100\n|\n|-weather|RainDance|[upkeep]\n|-sideend|p2: marcxhenry|move: Tailwind\n|upkeep\n|turn|6\n|inactive|marcxhenry has 30 seconds left.\n|\n|t:|1769001450\n|move|p2b: Eva|Protect|p2b: Eva\n|-singleturn|p2b: Eva|Protect\n|move|p1a: Incineroar|Will-O-Wisp|p2a: Hermann\n|-status|p2a: Hermann|brn\n|move|p1b: Brute Bonnet|Crunch|p2b: Eva\n|-activate|p2b: Eva|move: Protect\n|move|p2a: Hermann|Brick Break|p1b: Brute Bonnet\n|-supereffective|p1b: Brute Bonnet\n|-damage|p1b: Brute Bonnet|15/100\n|\n|-weather|RainDance|[upkeep]\n|-damage|p2a: Hermann|78/100 brn|[from] brn\n|-end|p1b: Brute Bonnet|move: Taunt\n|upkeep\n|turn|7\n|-message|marcxhenry forfeited.\n|\n|win|yaasuto\n|raw|yaasuto's rating: 1417 &rarr; <strong>1441</strong><br />(+24 for winning)\n|raw|marcxhenry's rating: 1484 &rarr; <strong>1460</strong><br />(-24 for losing)\n|l|\u2606marcxhenry\n|player|p2|\n|l|\u2606yaasuto\n|player|p1|\n","uploadtime":1769001640,"views":17,"formatid":"gen9vgc2026regi","rating":1441,"private":0,"password":null}