{"id":"gen9vgc2026regi-2516947872","format":"[Gen 9] VGC 2026 Reg I","players":["kojimuranishi","tommytinkle"],"log":"|j|\u2606kojimuranishi\n|j|\u2606tommytinkle\n|t:|1768205805\n|gametype|doubles\n|player|p1|kojimuranishi|169|1337\n|player|p2|tommytinkle|2|1251\n|gen|9\n|tier|[Gen 9] VGC 2026 Reg I\n|rated|\n|rule|Species Clause: Limit one of each Pok\u00e9mon\n|rule|Item Clause: Limit 1 of each item\n|clearpoke\n|poke|p1|Zamazenta-*, L50|\n|poke|p1|Lunala, L50|\n|poke|p1|Chien-Pao, L50|\n|poke|p1|Dragonite, L50, M|\n|poke|p1|Chi-Yu, L50|\n|poke|p1|Urshifu-*, L50, M|\n|poke|p2|Terapagos, L50, M|\n|poke|p2|Smeargle, L50, F|\n|poke|p2|Whimsicott, L50, F|\n|poke|p2|Chien-Pao, L50|\n|poke|p2|Rayquaza, L50|\n|poke|p2|Torracat, L50, M|\n|teampreview|4\n|inactive|Battle timer is ON: inactive players will automatically lose when time's up. (requested by tommytinkle)\n|inactive|kojimuranishi also wants the timer to be on.\n|\n|t:|1768205827\n|teamsize|p1|4\n|teamsize|p2|4\n|start\n|switch|p1a: Urshifu|Urshifu-Rapid-Strike, L50, M|100/100\n|switch|p1b: Lunala|Lunala, L50|100/100\n|switch|p2a: Whimsicott|Whimsicott, L50, F|100/100\n|switch|p2b: Chien-Pao|Chien-Pao, L50|100/100\n|-ability|p2b: Chien-Pao|Sword of Ruin\n|turn|1\n|inactive|kojimuranishi has 30 seconds left.\n|inactive|tommytinkle has 30 seconds left.\n|\n|t:|1768205854\n|move|p2a: Whimsicott|Tailwind|p2a: Whimsicott\n|-sidestart|p2: tommytinkle|move: Tailwind\n|move|p2b: Chien-Pao|Throat Chop|p1b: Lunala\n|-supereffective|p1b: Lunala\n|-damage|p1b: Lunala|0 fnt\n|faint|p1b: Lunala\n|-damage|p2b: Chien-Pao|91/100|[from] item: Life Orb\n|move|p1a: Urshifu|Surging Strikes|p2b: Chien-Pao\n|-crit|p2b: Chien-Pao\n|-damage|p2b: Chien-Pao|60/100\n|-crit|p2b: Chien-Pao\n|-damage|p2b: Chien-Pao|25/100\n|-crit|p2b: Chien-Pao\n|-damage|p2b: Chien-Pao|0 fnt\n|faint|p2b: Chien-Pao\n|-hitcount|p2: Chien-Pao|3\n|\n|upkeep\n|\n|t:|1768205872\n|switch|p2b: Smeargle|Smeargle, L50, F|100/100\n|switch|p1b: Zamazenta|Zamazenta-Crowned, L50|100/100\n|-ability|p1b: Zamazenta|Dauntless Shield|boost\n|-boost|p1b: Zamazenta|def|1\n|turn|2\n|\n|t:|1768205897\n|move|p2a: Whimsicott|Moonblast|p1b: Zamazenta\n|-damage|p1b: Zamazenta|85/100\n|move|p2b: Smeargle|Spore|p1a: Urshifu\n|-status|p1a: Urshifu|slp|[from] move: Spore\n|cant|p1a: Urshifu|slp\n|move|p1b: Zamazenta|Body Press|p2b: Smeargle\n|-supereffective|p2b: Smeargle\n|-enditem|p2b: Smeargle|Focus Sash\n|-damage|p2b: Smeargle|1/100\n|\n|-ability|p2b: Smeargle|Moody|boost\n|-boost|p2b: Smeargle|spe|2\n|-unboost|p2b: Smeargle|def|1\n|upkeep\n|turn|3\n|\n|t:|1768205922\n|cant|p1a: Urshifu|slp\n|move|p2b: Smeargle|Spore|p1b: Zamazenta\n|-status|p1b: Zamazenta|slp|[from] move: Spore\n|move|p2a: Whimsicott|Moonblast|p1a: Urshifu\n|-supereffective|p1a: Urshifu\n|-damage|p1a: Urshifu|18/100 slp\n|cant|p1b: Zamazenta|slp\n|\n|-ability|p2b: Smeargle|Moody|boost\n|-boost|p2b: Smeargle|spe|2\n|-unboost|p2b: Smeargle|spd|1\n|upkeep\n|turn|4\n|inactive|tommytinkle has 30 seconds left.\n|\n|t:|1768205948\n|-curestatus|p1a: Urshifu|slp|[msg]\n|move|p1a: Urshifu|Aqua Jet|p2b: Smeargle\n|-damage|p2b: Smeargle|0 fnt\n|faint|p2b: Smeargle\n|move|p2a: Whimsicott|Moonblast|p1a: Urshifu\n|-supereffective|p1a: Urshifu\n|-damage|p1a: Urshifu|0 fnt\n|faint|p1a: Urshifu\n|-curestatus|p1b: Zamazenta|slp|[msg]\n|move|p1b: Zamazenta|Behemoth Bash|p2a: Whimsicott\n|-supereffective|p2a: Whimsicott\n|-damage|p2a: Whimsicott|7/100\n|\n|-sideend|p2: tommytinkle|move: Tailwind\n|upkeep\n|\n|t:|1768205965\n|switch|p1a: Chien-Pao|Chien-Pao, L50|100/100\n|switch|p2b: Terapagos|Terapagos, L50, M|100/100\n|-activate|p2b: Terapagos|ability: Tera Shift\n|detailschange|p2b: Terapagos|Terapagos-Terastal, L50, M\n|-heal|p2b: Terapagos|100/100|[silent]\n|-ability|p1a: Chien-Pao|Sword of Ruin\n|turn|5\n|inactive|tommytinkle has 30 seconds left.\n|\n|t:|1768205994\n|move|p2a: Whimsicott|Tailwind|p2a: Whimsicott\n|-sidestart|p2: tommytinkle|move: Tailwind\n|move|p2b: Terapagos|Flamethrower|p1b: Zamazenta\n|-supereffective|p1b: Zamazenta\n|-damage|p1b: Zamazenta|27/100\n|move|p1a: Chien-Pao|Ice Spinner|p2a: Whimsicott\n|-supereffective|p2a: Whimsicott\n|-damage|p2a: Whimsicott|0 fnt\n|faint|p2a: Whimsicott\n|-damage|p1a: Chien-Pao|91/100|[from] item: Life Orb\n|move|p1b: Zamazenta|Body Press|p2b: Terapagos\n|-activate|p2b: Terapagos|ability: Tera Shell\n|-resisted|p2b: Terapagos\n|-crit|p2b: Terapagos\n|-damage|p2b: Terapagos|36/100\n|\n|upkeep\n|turn|6\n|inactive|kojimuranishi has 30 seconds left.\n|\n|t:|1768206029\n|-terastallize|p2b: Terapagos|Stellar\n|detailschange|p2b: Terapagos|Terapagos-Stellar, L50, M, tera:Stellar\n|-heal|p2b: Terapagos|54/100|[silent]\n|move|p1b: Zamazenta|Wide Guard|p1b: Zamazenta\n|-singleturn|p1b: Zamazenta|Wide Guard\n|move|p2b: Terapagos|Flamethrower|p1b: Zamazenta\n|-supereffective|p1b: Zamazenta\n|-damage|p1b: Zamazenta|0 fnt\n|faint|p1b: Zamazenta\n|move|p1a: Chien-Pao|Sacred Sword|p2b: Terapagos\n|-supereffective|p2b: Terapagos\n|-damage|p2b: Terapagos|0 fnt\n|faint|p2b: Terapagos\n|detailschange|p2: Terapagos|Terapagos, L50, M|[silent]\n|-damage|p1a: Chien-Pao|81/100|[from] item: Life Orb\n|\n|win|kojimuranishi\n|raw|kojimuranishi's rating: 1337 &rarr; <strong>1352</strong><br />(+15 for winning)\n|raw|tommytinkle's rating: 1251 &rarr; <strong>1232</strong><br />(-19 for losing)\n|l|\u2606tommytinkle\n|player|p2|\n|l|\u2606kojimuranishi\n|player|p1|\n","uploadtime":1768206226,"views":13,"formatid":"gen9vgc2026regi","rating":1232,"private":0,"password":null}