{"id":"gen9vgc2026regi-2566572509","format":"[Gen 9] VGC 2026 Reg I","players":["Guter Mann 1234","terafireflareblitz"],"log":"|j|\u2606Guter Mann 1234\n|j|\u2606terafireflareblitz\n|t:|1774387332\n|gametype|doubles\n|player|p1|Guter Mann 1234|alder|1464\n|player|p2|terafireflareblitz|sycamore|1586\n|gen|9\n|tier|[Gen 9] VGC 2026 Reg I\n|rated|\n|rule|Species Clause: Limit one of each Pok\u00e9mon\n|rule|Item Clause: Limit 1 of each item\n|clearpoke\n|poke|p1|Calyrex-Shadow, L50|\n|poke|p1|Zamazenta-*, L50|\n|poke|p1|Chien-Pao, L50|\n|poke|p1|Amoonguss, L50, F|\n|poke|p1|Raging Bolt, L50|\n|poke|p1|Tornadus, L50, M|\n|poke|p2|Koraidon, L50|\n|poke|p2|Lunala, L50|\n|poke|p2|Indeedee-F, L50, F|\n|poke|p2|Flutter Mane, L50|\n|poke|p2|Volcarona, L50, M|\n|poke|p2|Ursaluna, L50, M|\n|teampreview|4\n|inactive|Battle timer is ON: inactive players will automatically lose when time's up. (requested by terafireflareblitz)\n|\n|t:|1774387350\n|teamsize|p1|4\n|teamsize|p2|4\n|start\n|switch|p1a: Zamazenta|Zamazenta-Crowned, L50|100/100\n|switch|p1b: Tornadus|Tornadus, L50, M|100/100\n|switch|p2a: Lunala|Lunala, L50, shiny|100/100\n|switch|p2b: Indeedee|Indeedee-F, L50, F|100/100\n|-ability|p1a: Zamazenta|Dauntless Shield|boost\n|-boost|p1a: Zamazenta|def|1\n|-fieldstart|move: Psychic Terrain|[from] ability: Psychic Surge|[of] p2b: Indeedee\n|turn|1\n|\n|t:|1774387375\n|move|p1a: Zamazenta|Body Press|p2b: Indeedee\n|-damage|p2b: Indeedee|38/100\n|move|p1b: Tornadus|Bleakwind Storm|p2b: Indeedee|[spread] p2a,p2b\n|-damage|p2a: Lunala|86/100\n|-damage|p2b: Indeedee|0 fnt\n|-unboost|p2a: Lunala|spe|1\n|faint|p2b: Indeedee\n|move|p2a: Lunala|Meteor Beam||[still]\n|-prepare|p2a: Lunala|Meteor Beam\n|-boost|p2a: Lunala|spa|1\n|-enditem|p2a: Lunala|Power Herb\n|-anim|p2a: Lunala|Meteor Beam|p1b: Tornadus\n|-supereffective|p1b: Tornadus\n|-damage|p1b: Tornadus|0 fnt\n|faint|p1b: Tornadus\n|\n|upkeep\n|\n|t:|1774387391\n|switch|p1b: Calyrex|Calyrex-Shadow, L50|100/100\n|switch|p2b: Volcarona|Volcarona, L50, M|100/100\n|-ability|p1b: Calyrex|As One\n|-ability|p1b: Calyrex|Unnerve\n|turn|2\n|inactive|Guter Mann 1234 has 30 seconds left.\n|\n|t:|1774387420\n|-terastallize|p2a: Lunala|Water\n|move|p1b: Calyrex|Astral Barrage|p2b: Volcarona|[spread] p2a,p2b\n|-damage|p2a: Lunala|46/100\n|-damage|p2b: Volcarona|57/100\n|move|p1a: Zamazenta|Behemoth Bash|p2a: Lunala\n|-resisted|p2a: Lunala\n|-damage|p2a: Lunala|31/100\n|move|p2b: Volcarona|Tailwind|p2b: Volcarona\n|-sidestart|p2: terafireflareblitz|move: Tailwind\n|move|p2a: Lunala|Moongeist Beam|p1b: Calyrex\n|-supereffective|p1b: Calyrex\n|-enditem|p1b: Calyrex|Focus Sash\n|-damage|p1b: Calyrex|1/100\n|\n|upkeep\n|turn|3\n|\n|t:|1774387438\n|move|p1b: Calyrex|Protect|p1b: Calyrex\n|-singleturn|p1b: Calyrex|Protect\n|move|p2b: Volcarona|Struggle Bug|p1a: Zamazenta|[spread] p1a\n|-activate|p1b: Calyrex|move: Protect\n|-resisted|p1a: Zamazenta\n|-damage|p1a: Zamazenta|97/100\n|-unboost|p1a: Zamazenta|spa|1\n|move|p2a: Lunala|Expanding Force|p1a: Zamazenta|[spread] p1a\n|-activate|p1b: Calyrex|move: Protect\n|-damage|p1a: Zamazenta|32/100\n|move|p1a: Zamazenta|Body Press|p2a: Lunala\n|-damage|p2a: Lunala|0 fnt\n|faint|p2a: Lunala\n|\n|upkeep\n|\n|t:|1774387441\n|switch|p2a: Koraidon|Koraidon, L50, shiny|100/100\n|-weather|SunnyDay|[from] ability: Orichalcum Pulse|[of] p2a: Koraidon\n|-activate|p2a: Koraidon|Orichalcum Pulse|[source]\n|turn|4\n|inactive|Guter Mann 1234 has 30 seconds left.\n|\n|t:|1774387472\n|switch|p1b: Raging Bolt|Raging Bolt, L50|100/100\n|-activate|p1b: Raging Bolt|ability: Protosynthesis\n|-start|p1b: Raging Bolt|protosynthesisspa\n|-terastallize|p1a: Zamazenta|Dragon\n|move|p2b: Volcarona|Rage Powder|p2b: Volcarona\n|-singleturn|p2b: Volcarona|move: Rage Powder\n|move|p2a: Koraidon|Breaking Swipe|p1a: Zamazenta|[spread] p1a,p1b\n|-supereffective|p1a: Zamazenta\n|-crit|p1a: Zamazenta\n|-supereffective|p1b: Raging Bolt\n|-damage|p1a: Zamazenta|0 fnt\n|-damage|p1b: Raging Bolt|31/100\n|-unboost|p1b: Raging Bolt|atk|1\n|faint|p1a: Zamazenta\n|-damage|p2a: Koraidon|91/100|[from] item: Life Orb\n|\n|-weather|SunnyDay|[upkeep]\n|upkeep\n|\n|t:|1774387484\n|switch|p1a: Calyrex|Calyrex-Shadow, L50|1/100\n|-ability|p1a: Calyrex|As One\n|-ability|p1a: Calyrex|Unnerve\n|turn|5\n|\n|t:|1774387491\n|move|p1a: Calyrex|Protect|p1a: Calyrex\n|-singleturn|p1a: Calyrex|Protect\n|move|p1b: Raging Bolt|Protect|p1b: Raging Bolt\n|-singleturn|p1b: Raging Bolt|Protect\n|move|p2a: Koraidon|Close Combat|p1b: Raging Bolt\n|-activate|p1b: Raging Bolt|move: Protect\n|move|p2b: Volcarona|Struggle Bug|p1b: Raging Bolt|[spread] \n|-activate|p1a: Calyrex|move: Protect\n|-activate|p1b: Raging Bolt|move: Protect\n|\n|-weather|SunnyDay|[upkeep]\n|-sideend|p2: terafireflareblitz|move: Tailwind\n|-fieldend|move: Psychic Terrain\n|upkeep\n|turn|6\n|j| onehitkoalways\n|\n|t:|1774387514\n|move|p2a: Koraidon|Protect|p2a: Koraidon\n|-singleturn|p2a: Koraidon|Protect\n|move|p1b: Raging Bolt|Thunderclap|p2b: Volcarona\n|-damage|p2b: Volcarona|16/100\n|move|p1a: Calyrex|Astral Barrage|p2a: Koraidon|[spread] p2b\n|-activate|p2a: Koraidon|move: Protect\n|-damage|p2b: Volcarona|0 fnt\n|faint|p2b: Volcarona\n|-ability|p1a: Calyrex|Grim Neigh|boost\n|-boost|p1a: Calyrex|spa|1\n|\n|-weather|SunnyDay|[upkeep]\n|upkeep\n|turn|7\n|j| unevenpan\n|-message|terafireflareblitz forfeited.\n|\n|win|Guter Mann 1234\n|raw|Guter Mann 1234's rating: 1464 &rarr; <strong>1491</strong><br />(+27 for winning)\n|raw|terafireflareblitz's rating: 1586 &rarr; <strong>1559</strong><br />(-27 for losing)\n","uploadtime":1774387521,"views":21,"formatid":"gen9vgc2026regi","rating":1491,"private":0,"password":null}