{"id":"gen9vgc2026regi-2587494476","format":"[Gen 9] VGC 2026 Reg I","players":["Harry Koekenpan","sevaag"],"log":"|j|\u2606Harry Koekenpan\n|j|\u2606sevaag\n|t:|1776536594\n|gametype|doubles\n|player|p1|Harry Koekenpan|2|1406\n|player|p2|sevaag|clerkf|1543\n|gen|9\n|tier|[Gen 9] VGC 2026 Reg I\n|rated|\n|rule|Species Clause: Limit one of each Pok\u00e9mon\n|rule|Item Clause: Limit 1 of each item\n|clearpoke\n|poke|p1|Weezing-Galar, L50, F|\n|poke|p1|Calyrex-Shadow, L50|\n|poke|p1|Regigigas, L50|\n|poke|p1|Koraidon, L50|\n|poke|p1|Chi-Yu, L50|\n|poke|p1|Brute Bonnet, L50|\n|poke|p2|Miraidon, L50|\n|poke|p2|Lunala, L50|\n|poke|p2|Whimsicott, L50, M|\n|poke|p2|Urshifu-*, L50, M|\n|poke|p2|Incineroar, L50, F|\n|poke|p2|Ursaluna, L50, M|\n|teampreview|4\n|inactive|Battle timer is ON: inactive players will automatically lose when time's up. (requested by Harry Koekenpan)\n|\n|t:|1776536633\n|teamsize|p1|4\n|teamsize|p2|4\n|start\n|switch|p1a: Weezing|Weezing-Galar, L50, F|100/100\n|switch|p1b: Regigigas|Regigigas, L50|100/100\n|switch|p2a: Incineroar|Incineroar, L50, F|100/100\n|switch|p2b: Whimsicott|Whimsicott, L50, M|100/100\n|-ability|p1a: Weezing|Neutralizing Gas\n|turn|1\n|\n|t:|1776536648\n|move|p2a: Incineroar|Fake Out|p1b: Regigigas\n|-damage|p1b: Regigigas|89/100\n|cant|p1b: Regigigas|flinch\n|move|p2b: Whimsicott|Tailwind|p2b: Whimsicott\n|-sidestart|p2: sevaag|move: Tailwind\n|move|p1a: Weezing|Poison Gas|p2a: Incineroar|[spread] p2a\n|-miss|p1a: Weezing|p2b: Whimsicott\n|-status|p2a: Incineroar|psn\n|\n|-damage|p2a: Incineroar|88/100 psn|[from] psn\n|upkeep\n|turn|2\n|\n|t:|1776536672\n|move|p2b: Whimsicott|Encore|p1a: Weezing\n|-start|p1a: Weezing|Encore\n|move|p1b: Regigigas|Knock Off|p2b: Whimsicott\n|-resisted|p2b: Whimsicott\n|-damage|p2b: Whimsicott|76/100\n|-enditem|p2b: Whimsicott|Covert Cloak|[from] move: Knock Off|[of] p1b: Regigigas\n|move|p2a: Incineroar|Knock Off|p1b: Regigigas\n|-damage|p1b: Regigigas|55/100\n|-enditem|p1b: Regigigas|Choice Scarf|[from] move: Knock Off|[of] p2a: Incineroar\n|move|p1a: Weezing|Poison Gas|p2b: Whimsicott|[spread] p2a,p2b\n|-fail|p2a: Incineroar|psn\n|-status|p2b: Whimsicott|psn\n|\n|-damage|p2b: Whimsicott|64/100 psn|[from] psn\n|-damage|p2a: Incineroar|76/100 psn|[from] psn\n|upkeep\n|turn|3\n|\n|t:|1776536695\n|switch|p2a: Miraidon|Miraidon, L50|100/100\n|move|p2b: Whimsicott|Encore|p1b: Regigigas\n|-start|p1b: Regigigas|Encore\n|move|p1b: Regigigas|Knock Off|p2b: Whimsicott\n|-resisted|p2b: Whimsicott\n|-damage|p2b: Whimsicott|48/100 psn\n|move|p1a: Weezing|Poison Gas|p2a: Miraidon|[spread] p2a,p2b\n|-status|p2a: Miraidon|psn\n|-fail|p2b: Whimsicott|psn\n|\n|-damage|p2a: Miraidon|88/100 psn|[from] psn\n|-damage|p2b: Whimsicott|36/100 psn|[from] psn\n|upkeep\n|turn|4\n|\n|t:|1776536710\n|-terastallize|p2a: Miraidon|Electric\n|move|p2a: Miraidon|Electro Drift|p1a: Weezing\n|-damage|p1a: Weezing|0 fnt\n|faint|p1a: Weezing\n|-end|p1a: Weezing|ability: Neutralizing Gas\n|-fieldstart|move: Electric Terrain|[from] ability: Hadron Engine|[of] p2a: Miraidon\n|-start|p1b: Regigigas|ability: Slow Start\n|-damage|p2a: Miraidon|79/100 psn|[from] item: Life Orb\n|move|p2b: Whimsicott|Moonblast|p1b: Regigigas\n|-damage|p1b: Regigigas|30/100\n|move|p1b: Regigigas|Knock Off|p2b: Whimsicott\n|-resisted|p2b: Whimsicott\n|-damage|p2b: Whimsicott|26/100 psn\n|\n|-damage|p2a: Miraidon|66/100 psn|[from] psn\n|-damage|p2b: Whimsicott|14/100 psn|[from] psn\n|-sideend|p2: sevaag|move: Tailwind\n|upkeep\n|inactive|Harry Koekenpan has 30 seconds left.\n|\n|t:|1776536737\n|switch|p1a: Chi-Yu|Chi-Yu, L50|100/100\n|-ability|p1a: Chi-Yu|Beads of Ruin\n|turn|5\n|\n|t:|1776536749\n|move|p2b: Whimsicott|Tailwind|p2b: Whimsicott\n|-sidestart|p2: sevaag|move: Tailwind\n|move|p2a: Miraidon|Volt Switch|p1b: Regigigas\n|-damage|p1b: Regigigas|0 fnt\n|faint|p1b: Regigigas\n|-end|p1b: Regigigas|Slow Start|[silent]\n|-damage|p2a: Miraidon|57/100 psn|[from] item: Life Orb\n|\n|t:|1776536756\n|switch|p2a: Incineroar|Incineroar, L50, F|76/100 psn|[from] Volt Switch\n|-ability|p2a: Incineroar|Intimidate|boost\n|-unboost|p1a: Chi-Yu|atk|1\n|move|p1a: Chi-Yu|Heat Wave|p2b: Whimsicott|[spread] p2a,p2b\n|-resisted|p2a: Incineroar\n|-supereffective|p2b: Whimsicott\n|-damage|p2a: Incineroar|60/100 psn\n|-damage|p2b: Whimsicott|0 fnt\n|faint|p2b: Whimsicott\n|\n|-damage|p2a: Incineroar|48/100 psn|[from] psn\n|upkeep\n|\n|t:|1776536767\n|switch|p1b: Koraidon|Koraidon, L50|100/100\n|switch|p2b: Urshifu|Urshifu-Rapid-Strike, L50, M|100/100\n|-weather|SunnyDay|[from] ability: Orichalcum Pulse|[of] p1b: Koraidon\n|-activate|p1b: Koraidon|Orichalcum Pulse|[source]\n|turn|6\n|\n|t:|1776536792\n|-terastallize|p1a: Chi-Yu|Ghost\n|move|p2b: Urshifu|Close Combat|p1a: Chi-Yu\n|-immune|p1a: Chi-Yu\n|move|p2a: Incineroar|Flare Blitz|p1a: Chi-Yu\n|-enditem|p1a: Chi-Yu|Focus Sash\n|-damage|p1a: Chi-Yu|1/100\n|-damage|p2a: Incineroar|27/100 psn|[from] Recoil\n|move|p1b: Koraidon|Flame Charge|p2b: Urshifu\n|-resisted|p2b: Urshifu\n|-damage|p2b: Urshifu|83/100\n|-boost|p1b: Koraidon|spe|1\n|move|p1a: Chi-Yu|Heat Wave|p2a: Incineroar|[spread] p2a,p2b\n|-resisted|p2a: Incineroar\n|-resisted|p2b: Urshifu\n|-damage|p2a: Incineroar|0 fnt\n|-damage|p2b: Urshifu|26/100\n|faint|p2a: Incineroar\n|\n|-weather|SunnyDay|[upkeep]\n|upkeep\n|\n|t:|1776536795\n|switch|p2a: Miraidon|Miraidon, L50, tera:Electric|57/100 psn\n|-activate|p2a: Miraidon|ability: Hadron Engine\n|turn|7\n|\n|t:|1776536819\n|move|p2a: Miraidon|Electro Drift|p1a: Chi-Yu\n|-damage|p1a: Chi-Yu|0 fnt\n|faint|p1a: Chi-Yu\n|-damage|p2a: Miraidon|47/100 psn|[from] item: Life Orb\n|move|p2b: Urshifu|Close Combat|p1b: Koraidon\n|-damage|p1b: Koraidon|0 fnt\n|-unboost|p2b: Urshifu|def|1\n|-unboost|p2b: Urshifu|spd|1\n|faint|p1b: Koraidon\n|\n|win|sevaag\n|raw|Harry Koekenpan's rating: 1406 &rarr; <strong>1394</strong><br />(-12 for losing)\n|raw|sevaag's rating: 1543 &rarr; <strong>1555</strong><br />(+12 for winning)\n|l|\u2606Harry Koekenpan\n|player|p1|\n|l|\u2606sevaag\n|player|p2|\n","uploadtime":1776536956,"views":8,"formatid":"gen9vgc2026regi","rating":1394,"private":0,"password":null}