{"id":"gen9vgc2026regi-2551594032","format":"[Gen 9] VGC 2026 Reg I","players":["Raider3323","Simon0123"],"log":"|j|\u2606Raider3323\n|j|\u2606Simon0123\n|t:|1772626124\n|gametype|doubles\n|player|p1|Raider3323|firebreather|1108\n|player|p2|Simon0123|benga|1271\n|gen|9\n|tier|[Gen 9] VGC 2026 Reg I\n|rated|\n|rule|Species Clause: Limit one of each Pok\u00e9mon\n|rule|Item Clause: Limit 1 of each item\n|clearpoke\n|poke|p1|Empoleon, L50, M|\n|poke|p1|Flutter Mane, L50|\n|poke|p1|Gallade, L50, M|\n|poke|p1|Arcanine-Hisui, L50, M|\n|poke|p1|Porygon2, L50|\n|poke|p1|Dragonite, L50, M|\n|poke|p2|Miraidon, L50|\n|poke|p2|Flutter Mane, L50|\n|poke|p2|Incineroar, L50, M|\n|poke|p2|Urshifu-*, L50, F|\n|poke|p2|Tornadus, L50, M|\n|poke|p2|Amoonguss, L50, M|\n|teampreview|4\n|inactive|Battle timer is ON: inactive players will automatically lose when time's up. (requested by Simon0123)\n|inactive|Simon0123 has 60 seconds left.\n|\n|t:|1772626157\n|teamsize|p1|4\n|teamsize|p2|4\n|start\n|switch|p1a: Yoshi|Dragonite, L50, M, shiny|100/100\n|switch|p1b: Dusk|Flutter Mane, L50, shiny|100/100\n|switch|p2a: Miraidon|Miraidon, L50|100/100\n|switch|p2b: Incineroar|Incineroar, L50, M|100/100\n|-fieldstart|move: Electric Terrain|[from] ability: Hadron Engine|[of] p2a: Miraidon\n|-ability|p2b: Incineroar|Intimidate|boost\n|-unboost|p1a: Yoshi|atk|1\n|-unboost|p1b: Dusk|atk|1\n|-enditem|p1b: Dusk|Booster Energy\n|-activate|p1b: Dusk|ability: Protosynthesis|[fromitem]\n|-start|p1b: Dusk|protosynthesisspa\n|turn|1\n|\n|t:|1772626176\n|-terastallize|p2a: Miraidon|Electric\n|move|p1b: Dusk|Protect|p1b: Dusk\n|-singleturn|p1b: Dusk|Protect\n|move|p2b: Incineroar|Fake Out|p1a: Yoshi\n|-damage|p1a: Yoshi|96/100\n|move|p2a: Miraidon|Volt Switch|p1b: Dusk\n|-activate|p1b: Dusk|move: Protect\n|move|p1a: Yoshi|Tailwind|p1a: Yoshi\n|-sidestart|p1: Raider3323|move: Tailwind\n|\n|upkeep\n|turn|2\n|\n|t:|1772626195\n|move|p1b: Dusk|Moonblast|p2a: Miraidon\n|-damage|p2a: Miraidon|41/100\n|-unboost|p2a: Miraidon|spa|1\n|move|p1a: Yoshi|Stomping Tantrum|p2a: Miraidon\n|-supereffective|p2a: Miraidon\n|-damage|p2a: Miraidon|9/100\n|move|p2a: Miraidon|Volt Switch|p1b: Dusk\n|-damage|p1b: Dusk|18/100\n|\n|t:|1772626207\n|switch|p2a: Urshifu|Urshifu-Rapid-Strike, L50, F|100/100|[from] Volt Switch\n|move|p2b: Incineroar|Parting Shot|p1a: Yoshi\n|-unboost|p1a: Yoshi|atk|1\n|-unboost|p1a: Yoshi|spa|1\n|\n|t:|1772626217\n|switch|p2b: Flutter Mane|Flutter Mane, L50|100/100|[from] Parting Shot\n|\n|upkeep\n|turn|3\n|\n|t:|1772626223\n|move|p2a: Urshifu|Aqua Jet|p1b: Dusk\n|-damage|p1b: Dusk|0 fnt\n|faint|p1b: Dusk\n|-end|p1b: Dusk|Protosynthesis|[silent]\n|move|p1a: Yoshi|Ice Spinner|p2b: Flutter Mane\n|-damage|p2b: Flutter Mane|73/100\n|-fieldend|move: Electric Terrain\n|move|p2b: Flutter Mane|Icy Wind|p1a: Yoshi\n|-supereffective|p1a: Yoshi\n|-damage|p1a: Yoshi|21/100\n|\n|upkeep\n|\n|t:|1772626227\n|switch|p1b: Sicario|Gallade, L50, M, shiny|100/100\n|turn|4\n|\n|t:|1772626241\n|move|p2b: Flutter Mane|Protect|p2b: Flutter Mane\n|-singleturn|p2b: Flutter Mane|Protect\n|move|p1a: Yoshi|Encore|p2a: Urshifu\n|-start|p2a: Urshifu|Encore\n|move|p1b: Sicario|Psycho Cut|p2a: Urshifu\n|-supereffective|p2a: Urshifu\n|-crit|p2a: Urshifu\n|-damage|p2a: Urshifu|0 fnt\n|faint|p2a: Urshifu\n|\n|-sideend|p1: Raider3323|move: Tailwind\n|upkeep\n|\n|t:|1772626250\n|switch|p2a: Incineroar|Incineroar, L50, M|100/100\n|-ability|p2a: Incineroar|Intimidate|boost\n|-unboost|p1a: Yoshi|atk|1\n|-unboost|p1b: Sicario|atk|1\n|turn|5\n|\n|t:|1772626262\n|move|p2a: Incineroar|Fake Out|p1b: Sicario\n|-damage|p1b: Sicario|82/100\n|move|p2b: Flutter Mane|Icy Wind|p1a: Yoshi|[spread] p1b\n|-miss|p2b: Flutter Mane|p1a: Yoshi\n|-damage|p1b: Sicario|66/100\n|-unboost|p1b: Sicario|spe|1\n|move|p1a: Yoshi|Tailwind|p1a: Yoshi\n|-sidestart|p1: Raider3323|move: Tailwind\n|cant|p1b: Sicario|flinch\n|\n|upkeep\n|turn|6\n|c|\u2606Simon0123|Hahahahahahha\n|inactive|Simon0123 has 30 seconds left.\n|\n|t:|1772626291\n|switch|p1a: Kowalski|Empoleon, L50, M, shiny|100/100\n|move|p2b: Flutter Mane|Protect|p2b: Flutter Mane\n|-singleturn|p2b: Flutter Mane|Protect\n|move|p1b: Sicario|Sacred Sword|p2a: Incineroar\n|-supereffective|p2a: Incineroar\n|-damage|p2a: Incineroar|8/100\n|move|p2a: Incineroar|Flare Blitz|p1b: Sicario\n|-damage|p1b: Sicario|0 fnt\n|faint|p1b: Sicario\n|-damage|p2a: Incineroar|0 fnt|[from] Recoil\n|faint|p2a: Incineroar\n|\n|upkeep\n|\n|t:|1772626300\n|switch|p1b: Yoshi|Dragonite, L50, M, shiny|21/100\n|switch|p2a: Miraidon|Miraidon, L50, tera:Electric|9/100\n|-fieldstart|move: Electric Terrain|[from] ability: Hadron Engine|[of] p2a: Miraidon\n|turn|7\n|\n|t:|1772626306\n|move|p1b: Yoshi|Stomping Tantrum|p2a: Miraidon\n|-supereffective|p2a: Miraidon\n|-damage|p2a: Miraidon|0 fnt\n|faint|p2a: Miraidon\n|move|p2b: Flutter Mane|Icy Wind|p1a: Kowalski|[spread] p1a,p1b\n|-resisted|p1a: Kowalski\n|-supereffective|p1b: Yoshi\n|-damage|p1a: Kowalski|99/100\n|-damage|p1b: Yoshi|0 fnt\n|-unboost|p1a: Kowalski|spe|1\n|-ability|p1a: Kowalski|Competitive|boost\n|-boost|p1a: Kowalski|spa|2\n|faint|p1b: Yoshi\n|move|p1a: Kowalski|Flash Cannon|p2b: Flutter Mane\n|-supereffective|p2b: Flutter Mane\n|-damage|p2b: Flutter Mane|0 fnt\n|faint|p2b: Flutter Mane\n|-end|p2b: Flutter Mane|Protosynthesis|[silent]\n|\n|win|Raider3323\n|raw|Raider3323's rating: 1108 &rarr; <strong>1144</strong><br />(+36 for winning)\n|raw|Simon0123's rating: 1271 &rarr; <strong>1235</strong><br />(-36 for losing)\n|l|\u2606Simon0123\n|player|p2|\n|l|\u2606Raider3323\n|player|p1|\n","uploadtime":1772626609,"views":12,"formatid":"gen9vgc2026regi","rating":1144,"private":0,"password":null}