{"id":"gen9vgc2026regi-2579795692","format":"[Gen 9] VGC 2026 Reg I","players":["pauliec182","yubanmeiqin"],"log":"|j|\u2606pauliec182\n|j|\u2606yubanmeiqin\n|t:|1775828797\n|gametype|doubles\n|player|p1|pauliec182|backpacker|1506\n|player|p2|yubanmeiqin|lillie-masters2|1617\n|gen|9\n|tier|[Gen 9] VGC 2026 Reg I\n|rated|\n|rule|Species Clause: Limit one of each Pok\u00e9mon\n|rule|Item Clause: Limit 1 of each item\n|clearpoke\n|poke|p1|Kyogre, L50|\n|poke|p1|Calyrex-Shadow, L50|\n|poke|p1|Landorus, L50, M|\n|poke|p1|Incineroar, L50, F|\n|poke|p1|Whimsicott, L50, F|\n|poke|p1|Indeedee-F, L50, F|\n|poke|p2|Koraidon, L50|\n|poke|p2|Lunala, L50|\n|poke|p2|Tornadus, L50, M|\n|poke|p2|Raging Bolt, L50|\n|poke|p2|Rillaboom, L50, F|\n|poke|p2|Incineroar, L50, F|\n|teampreview|4\n|inactive|Battle timer is ON: inactive players will automatically lose when time's up. (requested by pauliec182)\n|\n|t:|1775828832\n|teamsize|p1|4\n|teamsize|p2|4\n|start\n|switch|p1a: Whimsicott|Whimsicott, L50, F|100/100\n|switch|p1b: Calyrex|Calyrex-Shadow, L50|100/100\n|switch|p2a: \u9759\u5e0c\u8349\u5341\u90ce|Tornadus, L50, M|100/100\n|switch|p2b: \u82cd\u5d0e\u9752\u5b50|Lunala, L50|100/100\n|-ability|p1b: Calyrex|As One\n|-ability|p1b: Calyrex|Unnerve\n|turn|1\n|\n|t:|1775828854\n|-terastallize|p1b: Calyrex|Normal\n|-terastallize|p2b: \u82cd\u5d0e\u9752\u5b50|Fairy\n|move|p1a: Whimsicott|Taunt|p2b: \u82cd\u5d0e\u9752\u5b50\n|-start|p2b: \u82cd\u5d0e\u9752\u5b50|move: Taunt\n|move|p1b: Calyrex|Shadow Ball|p2b: \u82cd\u5d0e\u9752\u5b50\n|-damage|p2b: \u82cd\u5d0e\u9752\u5b50|82/100\n|move|p2a: \u9759\u5e0c\u8349\u5341\u90ce|Bleakwind Storm|p1b: Calyrex|[spread] p1a,p1b\n|-supereffective|p1a: Whimsicott\n|-damage|p1a: Whimsicott|0 fnt\n|-damage|p1b: Calyrex|60/100\n|faint|p1a: Whimsicott\n|move|p2b: \u82cd\u5d0e\u9752\u5b50|Moonblast|p1b: Calyrex\n|-damage|p1b: Calyrex|1/100\n|-unboost|p1b: Calyrex|spa|1\n|\n|upkeep\n|\n|t:|1775828872\n|switch|p1a: Indeedee|Indeedee-F, L50, F|100/100\n|-fieldstart|move: Psychic Terrain|[from] ability: Psychic Surge|[of] p1a: Indeedee\n|-enditem|p1a: Indeedee|Psychic Seed\n|-boost|p1a: Indeedee|spd|1|[from] item: Psychic Seed\n|turn|2\n|\n|t:|1775828879\n|switch|p2b: \u4e24\u4eea\u5f0f|Rillaboom, L50, F|100/100\n|-fieldstart|move: Grassy Terrain|[from] ability: Grassy Surge|[of] p2b: \u4e24\u4eea\u5f0f\n|move|p1a: Indeedee|Helping Hand|p1b: Calyrex\n|-singleturn|p1b: Calyrex|Helping Hand|[of] p1a: Indeedee\n|move|p1b: Calyrex|Astral Barrage|p2a: \u9759\u5e0c\u8349\u5341\u90ce|[spread] p2a,p2b\n|-damage|p2a: \u9759\u5e0c\u8349\u5341\u90ce|24/100\n|-damage|p2b: \u4e24\u4eea\u5f0f|47/100\n|move|p2a: \u9759\u5e0c\u8349\u5341\u90ce|Bleakwind Storm|p1b: Calyrex|[spread] p1a\n|-miss|p2a: \u9759\u5e0c\u8349\u5341\u90ce|p1b: Calyrex\n|-damage|p1a: Indeedee|73/100\n|\n|-heal|p1b: Calyrex|7/100|[from] Grassy Terrain\n|-heal|p2b: \u4e24\u4eea\u5f0f|53/100|[from] Grassy Terrain\n|-heal|p1a: Indeedee|79/100|[from] Grassy Terrain\n|upkeep\n|turn|3\n|inactive|pauliec182 has 30 seconds left.\n|inactive|yubanmeiqin has 30 seconds left.\n|\n|t:|1775828905\n|move|p1b: Calyrex|Protect|p1b: Calyrex\n|-singleturn|p1b: Calyrex|Protect\n|move|p2a: \u9759\u5e0c\u8349\u5341\u90ce|Tailwind|p2a: \u9759\u5e0c\u8349\u5341\u90ce\n|-sidestart|p2: yubanmeiqin|move: Tailwind\n|move|p2b: \u4e24\u4eea\u5f0f|U-turn|p1b: Calyrex\n|-activate|p1b: Calyrex|move: Protect\n|move|p1a: Indeedee|Psychic|p2a: \u9759\u5e0c\u8349\u5341\u90ce\n|-damage|p2a: \u9759\u5e0c\u8349\u5341\u90ce|0 fnt\n|faint|p2a: \u9759\u5e0c\u8349\u5341\u90ce\n|\n|-heal|p2b: \u4e24\u4eea\u5f0f|59/100|[from] Grassy Terrain\n|-heal|p1b: Calyrex|14/100|[from] Grassy Terrain\n|-heal|p1a: Indeedee|85/100|[from] Grassy Terrain\n|upkeep\n|\n|t:|1775828913\n|switch|p2a: \u82cd\u5d0e\u9752\u5b50|Lunala, L50, tera:Fairy|82/100\n|turn|4\n|\n|t:|1775828927\n|move|p1b: Calyrex|Protect||[still]\n|-fail|p1b: Calyrex\n|move|p2a: \u82cd\u5d0e\u9752\u5b50|Meteor Beam||[still]\n|-prepare|p2a: \u82cd\u5d0e\u9752\u5b50|Meteor Beam\n|-boost|p2a: \u82cd\u5d0e\u9752\u5b50|spa|1\n|-enditem|p2a: \u82cd\u5d0e\u9752\u5b50|Power Herb\n|-anim|p2a: \u82cd\u5d0e\u9752\u5b50|Meteor Beam|p1a: Indeedee\n|-damage|p1a: Indeedee|36/100\n|move|p2b: \u4e24\u4eea\u5f0f|U-turn|p1a: Indeedee\n|-supereffective|p1a: Indeedee\n|-damage|p1a: Indeedee|0 fnt\n|faint|p1a: Indeedee\n|\n|t:|1775828931\n|switch|p2b: \u4f24\u75db\u4e4b\u8d64|Koraidon, L50, shiny|100/100|[from] U-turn\n|-weather|SunnyDay|[from] ability: Orichalcum Pulse|[of] p2b: \u4f24\u75db\u4e4b\u8d64\n|-activate|p2b: \u4f24\u75db\u4e4b\u8d64|Orichalcum Pulse|[source]\n|\n|-weather|SunnyDay|[upkeep]\n|-heal|p2a: \u82cd\u5d0e\u9752\u5b50|88/100|[from] Grassy Terrain\n|-heal|p1b: Calyrex|20/100|[from] Grassy Terrain\n|upkeep\n|\n|t:|1775828946\n|switch|p1a: Kyogre|Kyogre, L50|100/100\n|-weather|RainDance|[from] ability: Drizzle|[of] p1a: Kyogre\n|turn|5\n|\n|t:|1775828963\n|move|p1b: Calyrex|Protect|p1b: Calyrex\n|-singleturn|p1b: Calyrex|Protect\n|move|p2b: \u4f24\u75db\u4e4b\u8d64|Collision Course|p1a: Kyogre\n|-damage|p1a: Kyogre|32/100\n|move|p2a: \u82cd\u5d0e\u9752\u5b50|Moonblast|p1b: Calyrex\n|-activate|p1b: Calyrex|move: Protect\n|move|p1a: Kyogre|Origin Pulse|p2b: \u4f24\u75db\u4e4b\u8d64|[spread] p2a\n|-miss|p1a: Kyogre|p2b: \u4f24\u75db\u4e4b\u8d64\n|-damage|p2a: \u82cd\u5d0e\u9752\u5b50|35/100\n|\n|-weather|RainDance|[upkeep]\n|-heal|p2a: \u82cd\u5d0e\u9752\u5b50|41/100|[from] Grassy Terrain\n|-heal|p1a: Kyogre|38/100|[from] Grassy Terrain\n|-heal|p1b: Calyrex|26/100|[from] Grassy Terrain\n|upkeep\n|turn|6\n|\n|t:|1775828984\n|move|p1b: Calyrex|Protect||[still]\n|-fail|p1b: Calyrex\n|move|p2b: \u4f24\u75db\u4e4b\u8d64|Collision Course|p1a: Kyogre\n|-damage|p1a: Kyogre|0 fnt\n|faint|p1a: Kyogre\n|move|p2a: \u82cd\u5d0e\u9752\u5b50|Moonblast|p1b: Calyrex\n|-damage|p1b: Calyrex|0 fnt\n|faint|p1b: Calyrex\n|\n|win|yubanmeiqin\n|raw|pauliec182's rating: 1506 &rarr; <strong>1492</strong><br />(-14 for losing)\n|raw|yubanmeiqin's rating: 1617 &rarr; <strong>1631</strong><br />(+14 for winning)\n|l|\u2606pauliec182\n|player|p1|\n|l|\u2606yubanmeiqin\n|player|p2|\n|j|\u2606pauliec182\n|player|p1|pauliec182|backpacker|\n","uploadtime":1775829131,"views":15,"formatid":"gen9vgc2026regi","rating":1492,"private":0,"password":null}