{"id":"gen9vgc2026regi-2565713494","format":"[Gen 9] VGC 2026 Reg I","players":["tortapoundervgc","BreakTheShadowWall"],"log":"|j|\u2606tortapoundervgc\n|j|\u2606BreakTheShadowWall\n|t:|1774297628\n|gametype|doubles\n|player|p1|tortapoundervgc|youngster-gen1rb|1520\n|player|p2|BreakTheShadowWall|elesa|1472\n|gen|9\n|tier|[Gen 9] VGC 2026 Reg I\n|rated|\n|rule|Species Clause: Limit one of each Pok\u00e9mon\n|rule|Item Clause: Limit 1 of each item\n|clearpoke\n|poke|p1|Kyogre, L50|\n|poke|p1|Amoonguss, L50, M|\n|poke|p1|Illumise, L50, F|\n|poke|p1|Zacian-*, L50|\n|poke|p1|Urshifu-*, L50, M|\n|poke|p1|Chien-Pao, L50|\n|poke|p2|Miraidon, L50|\n|poke|p2|Iron Bundle, L50|\n|poke|p2|Lunala, L50|\n|poke|p2|Incineroar, L50, M|\n|poke|p2|Urshifu-*, L50, M|\n|poke|p2|Ursaluna, L50, F|\n|teampreview|4\n|inactive|Battle timer is ON: inactive players will automatically lose when time's up. (requested by tortapoundervgc)\n|inactive|tortapoundervgc has 60 seconds left.\n|\n|t:|1774297682\n|teamsize|p1|4\n|teamsize|p2|4\n|start\n|switch|p1a: Illumise|Illumise, L50, F|100/100\n|switch|p1b: Dog|Zacian-Crowned, L50, shiny|100/100\n|switch|p2a: Iron Bundle|Iron Bundle, L50|100/100\n|switch|p2b: Miraidon|Miraidon, L50|100/100\n|-ability|p1b: Dog|Intrepid Sword|boost\n|-boost|p1b: Dog|atk|1\n|-fieldstart|move: Electric Terrain|[from] ability: Hadron Engine|[of] p2b: Miraidon\n|-activate|p2a: Iron Bundle|ability: Quark Drive\n|-start|p2a: Iron Bundle|quarkdrivespe\n|turn|1\n|l|\u2606tortapoundervgc\n|inactive|tortapoundervgc disconnected and has a minute to reconnect!\n|player|p1|\n|inactive|tortapoundervgc has 30 seconds left.\n|inactive|BreakTheShadowWall has 30 seconds left.\n|j|\u2606tortapoundervgc\n|inactive|tortapoundervgc reconnected and has 25 seconds left.\n|player|p1|tortapoundervgc|youngster-gen1rb|\n|inactive|tortapoundervgc has 20 seconds left.\n|inactive|BreakTheShadowWall has 20 seconds left.\n|inactive|BreakTheShadowWall has 15 seconds left.\n|inactive|BreakTheShadowWall has 10 seconds left.\n|\n|t:|1774297729\n|-terastallize|p2b: Miraidon|Fairy\n|move|p1a: Illumise|Tailwind|p1a: Illumise\n|-sidestart|p1: tortapoundervgc|move: Tailwind\n|move|p1b: Dog|Play Rough|p2b: Miraidon\n|-damage|p2b: Miraidon|23/100\n|move|p2a: Iron Bundle|Icy Wind|p1b: Dog|[spread] p1a,p1b\n|-resisted|p1b: Dog\n|-damage|p1a: Illumise|81/100\n|-damage|p1b: Dog|91/100\n|-unboost|p1a: Illumise|spe|1\n|-unboost|p1b: Dog|spe|1\n|move|p2b: Miraidon|Volt Switch|p1a: Illumise\n|-damage|p1a: Illumise|0 fnt\n|faint|p1a: Illumise\n|\n|t:|1774297746\n|switch|p2b: Lunala|Lunala, L50, shiny|100/100|[from] Volt Switch\n|-enditem|p2b: Lunala|Electric Seed\n|-boost|p2b: Lunala|def|1|[from] item: Electric Seed\n|\n|upkeep\n|\n|t:|1774297752\n|switch|p1a: Kyogre|Kyogre, L50|100/100\n|-weather|RainDance|[from] ability: Drizzle|[of] p1a: Kyogre\n|turn|2\n|inactive|BreakTheShadowWall has 30 seconds left.\n|\n|t:|1774297783\n|move|p2a: Iron Bundle|Protect|p2a: Iron Bundle\n|-singleturn|p2a: Iron Bundle|Protect\n|move|p1b: Dog|Behemoth Blade|p2a: Iron Bundle\n|-activate|p2a: Iron Bundle|move: Protect\n|move|p1a: Kyogre|Origin Pulse|p2b: Lunala|[spread] p2b\n|-activate|p2a: Iron Bundle|move: Protect\n|-damage|p2b: Lunala|75/100\n|move|p2b: Lunala|Trick Room|p2b: Lunala\n|-fieldstart|move: Trick Room|[of] p2b: Lunala\n|\n|-weather|RainDance|[upkeep]\n|upkeep\n|turn|3\n|inactive|BreakTheShadowWall has 30 seconds left.\n|inactive|BreakTheShadowWall has 20 seconds left.\n|inactive|BreakTheShadowWall has 15 seconds left.\n|inactive|BreakTheShadowWall has 10 seconds left.\n|inactive|BreakTheShadowWall has 5 seconds left.\n|\n|t:|1774297838\n|move|p2b: Lunala|Moongeist Beam|p1a: Kyogre\n|-damage|p1a: Kyogre|65/100\n|move|p1a: Kyogre|Water Spout|p2b: Lunala|[spread] p2a,p2b\n|-resisted|p2a: Iron Bundle\n|-damage|p2a: Iron Bundle|19/100\n|-damage|p2b: Lunala|24/100\n|move|p1b: Dog|Behemoth Blade|p2a: Iron Bundle\n|-damage|p2a: Iron Bundle|0 fnt\n|faint|p2a: Iron Bundle\n|-end|p2a: Iron Bundle|Quark Drive|[silent]\n|\n|-weather|RainDance|[upkeep]\n|upkeep\n|\n|t:|1774297847\n|switch|p2a: Urshifu|Urshifu-Rapid-Strike, L50, M|100/100\n|turn|4\n|inactive|BreakTheShadowWall has 30 seconds left.\n|\n|t:|1774297876\n|move|p2b: Lunala|Wide Guard|p2b: Lunala\n|-singleturn|p2b: Lunala|Wide Guard\n|move|p2a: Urshifu|Surging Strikes|p1b: Dog\n|-crit|p1b: Dog\n|-damage|p1b: Dog|50/100\n|-crit|p1b: Dog\n|-damage|p1b: Dog|9/100\n|-crit|p1b: Dog\n|-damage|p1b: Dog|0 fnt\n|faint|p1b: Dog\n|-hitcount|p1: Dog|3\n|move|p1a: Kyogre|Origin Pulse|p2b: Lunala|[spread] \n|-activate|p2a: Urshifu|move: Wide Guard\n|-activate|p2b: Lunala|move: Wide Guard\n|\n|-weather|RainDance|[upkeep]\n|-sideend|p1: tortapoundervgc|move: Tailwind\n|upkeep\n|\n|t:|1774297898\n|switch|p1b: Bearfish|Urshifu-Rapid-Strike, L50, M|100/100\n|turn|5\n|\n|t:|1774297919\n|-terastallize|p1b: Bearfish|Water\n|move|p1b: Bearfish|Aqua Jet|p2b: Lunala\n|-damage|p2b: Lunala|0 fnt\n|faint|p2b: Lunala\n|move|p1a: Kyogre|Origin Pulse|p2a: Urshifu\n|-resisted|p2a: Urshifu\n|-damage|p2a: Urshifu|17/100\n|move|p2a: Urshifu|Surging Strikes|p1a: Kyogre\n|-resisted|p1a: Kyogre\n|-crit|p1a: Kyogre\n|-damage|p1a: Kyogre|42/100\n|-resisted|p1a: Kyogre\n|-crit|p1a: Kyogre\n|-damage|p1a: Kyogre|20/100\n|-resisted|p1a: Kyogre\n|-crit|p1a: Kyogre\n|-damage|p1a: Kyogre|0 fnt\n|faint|p1a: Kyogre\n|-hitcount|p1: Kyogre|3\n|\n|-weather|RainDance|[upkeep]\n|-fieldend|move: Electric Terrain\n|upkeep\n|\n|t:|1774297936\n|switch|p2b: Miraidon|Miraidon, L50, tera:Fairy|23/100\n|-fieldstart|move: Electric Terrain|[from] ability: Hadron Engine|[of] p2b: Miraidon\n|turn|6\n|\n|t:|1774297949\n|move|p2a: Urshifu|Surging Strikes|p1b: Bearfish\n|-resisted|p1b: Bearfish\n|-crit|p1b: Bearfish\n|-damage|p1b: Bearfish|76/100\n|-resisted|p1b: Bearfish\n|-crit|p1b: Bearfish\n|-damage|p1b: Bearfish|52/100\n|-resisted|p1b: Bearfish\n|-crit|p1b: Bearfish\n|-damage|p1b: Bearfish|29/100\n|-hitcount|p1b: Bearfish|3\n|move|p1b: Bearfish|Surging Strikes|p2b: Miraidon\n|-crit|p2b: Miraidon\n|-damage|p2b: Miraidon|0 fnt\n|faint|p2b: Miraidon\n|-hitcount|p2: Miraidon|1\n|\n|-weather|none\n|-fieldend|move: Trick Room\n|upkeep\n|turn|7\n|\n|t:|1774297960\n|move|p1b: Bearfish|Surging Strikes|p2a: Urshifu\n|-resisted|p2a: Urshifu\n|-crit|p2a: Urshifu\n|-damage|p2a: Urshifu|0 fnt\n|faint|p2a: Urshifu\n|-hitcount|p2: Urshifu|1\n|\n|win|tortapoundervgc\n|raw|tortapoundervgc's rating: 1520 &rarr; <strong>1537</strong><br />(+17 for winning)\n|raw|BreakTheShadowWall's rating: 1472 &rarr; <strong>1455</strong><br />(-17 for losing)\n|c|\u2606tortapoundervgc|gg\n|c|\u2606BreakTheShadowWall|gg\n|l|\u2606BreakTheShadowWall\n|player|p2|\n|l|\u2606tortapoundervgc\n|player|p1|\n","uploadtime":1774298105,"views":19,"formatid":"gen9vgc2026regi","rating":1455,"private":0,"password":null}