{"id":"gen9vgc2026regi-2573207693","format":"[Gen 9] VGC 2026 Reg I","players":["jj11j1","Troncador03"],"log":"|j|\u2606jj11j1\n|j|\u2606Troncador03\n|t:|1775102988\n|gametype|doubles\n|player|p1|jj11j1|101|1330\n|player|p2|Troncador03|265|1380\n|gen|9\n|tier|[Gen 9] VGC 2026 Reg I\n|rated|\n|rule|Species Clause: Limit one of each Pok\u00e9mon\n|rule|Item Clause: Limit 1 of each item\n|clearpoke\n|poke|p1|Kyogre, L50|\n|poke|p1|Calyrex-Shadow, L50|\n|poke|p1|Landorus, L50, M|\n|poke|p1|Indeedee-F, L50, F|\n|poke|p1|Whimsicott, L50, F|\n|poke|p1|Flutter Mane, L50|\n|poke|p2|Miraidon, L50|\n|poke|p2|Calyrex-Ice, L50|\n|poke|p2|Amoonguss, L50, M|\n|poke|p2|Incineroar, L50, F|\n|poke|p2|Urshifu-*, L50, M|\n|poke|p2|Landorus, L50, M|\n|teampreview|4\n|inactive|Battle timer is ON: inactive players will automatically lose when time's up. (requested by Troncador03)\n|\n|t:|1775103010\n|teamsize|p1|4\n|teamsize|p2|4\n|start\n|switch|p1a: Calyrex|Calyrex-Shadow, L50|100/100\n|switch|p1b: Flutter Mane|Flutter Mane, L50|100/100\n|switch|p2a: Calyrex|Calyrex-Ice, L50|100/100\n|switch|p2b: Incineroar|Incineroar, L50, F|100/100\n|-ability|p1a: Calyrex|As One\n|-ability|p1a: Calyrex|Unnerve\n|-ability|p2a: Calyrex|As One\n|-ability|p2a: Calyrex|Unnerve\n|-ability|p2b: Incineroar|Intimidate|boost\n|-unboost|p1a: Calyrex|atk|1\n|-unboost|p1b: Flutter Mane|atk|1\n|-enditem|p1b: Flutter Mane|Booster Energy\n|-activate|p1b: Flutter Mane|ability: Protosynthesis|[fromitem]\n|-start|p1b: Flutter Mane|protosynthesisspe\n|turn|1\n|inactive|jj11j1 has 30 seconds left.\n|\n|t:|1775103038\n|-terastallize|p1a: Calyrex|Dark\n|move|p2a: Calyrex|Protect|p2a: Calyrex\n|-singleturn|p2a: Calyrex|Protect\n|move|p1b: Flutter Mane|Moonblast|p2b: Incineroar\n|-damage|p2b: Incineroar|67/100\n|-unboost|p2b: Incineroar|spa|1\n|move|p1a: Calyrex|Astral Barrage|p2b: Incineroar|[spread] p2b\n|-activate|p2a: Calyrex|move: Protect\n|-resisted|p2b: Incineroar\n|-damage|p2b: Incineroar|50/100\n|move|p2b: Incineroar|Knock Off|p1a: Calyrex\n|-resisted|p1a: Calyrex\n|-damage|p1a: Calyrex|74/100\n|-enditem|p1a: Calyrex|Focus Sash|[from] move: Knock Off|[of] p2b: Incineroar\n|\n|upkeep\n|turn|2\n|inactive|jj11j1 has 30 seconds left.\n|inactive|Troncador03 has 30 seconds left.\n|inactive|Troncador03 has 20 seconds left.\n|\n|t:|1775103074\n|-terastallize|p2a: Calyrex|Fire\n|move|p1a: Calyrex|Protect|p1a: Calyrex\n|-singleturn|p1a: Calyrex|Protect\n|move|p1b: Flutter Mane|Moonblast|p2b: Incineroar\n|-damage|p2b: Incineroar|20/100\n|-unboost|p2b: Incineroar|spa|1\n|move|p2b: Incineroar|Flare Blitz|p1b: Flutter Mane\n|-damage|p1b: Flutter Mane|0 fnt\n|faint|p1b: Flutter Mane\n|-end|p1b: Flutter Mane|Protosynthesis|[silent]\n|-damage|p2b: Incineroar|0 fnt|[from] Recoil\n|faint|p2b: Incineroar\n|move|p2a: Calyrex|Trick Room|p2a: Calyrex\n|-fieldstart|move: Trick Room|[of] p2a: Calyrex\n|\n|upkeep\n|\n|t:|1775103094\n|switch|p2b: Urshifu|Urshifu-Rapid-Strike, L50, M|100/100\n|switch|p1b: Kyogre|Kyogre, L50|100/100\n|-weather|RainDance|[from] ability: Drizzle|[of] p1b: Kyogre\n|turn|3\n|inactive|Troncador03 has 30 seconds left.\n|\n|t:|1775103120\n|switch|p1a: Indeedee|Indeedee-F, L50, F|100/100\n|-fieldstart|move: Psychic Terrain|[from] ability: Psychic Surge|[of] p1a: Indeedee\n|move|p1b: Kyogre|Water Spout|p2a: Calyrex|[spread] p2a,p2b\n|-supereffective|p2a: Calyrex\n|-resisted|p2b: Urshifu\n|-damage|p2a: Calyrex|0 fnt\n|-damage|p2b: Urshifu|20/100\n|faint|p2a: Calyrex\n|move|p2b: Urshifu|Surging Strikes|p1a: Indeedee\n|-crit|p1a: Indeedee\n|-damage|p1a: Indeedee|51/100\n|-crit|p1a: Indeedee\n|-damage|p1a: Indeedee|2/100\n|-crit|p1a: Indeedee\n|-damage|p1a: Indeedee|0 fnt\n|faint|p1a: Indeedee\n|-hitcount|p1: Indeedee|3\n|\n|-weather|RainDance|[upkeep]\n|upkeep\n|\n|t:|1775103140\n|switch|p2a: Miraidon|Miraidon, L50|100/100\n|switch|p1a: Calyrex|Calyrex-Shadow, L50, tera:Dark|74/100\n|-ability|p1a: Calyrex|As One\n|-ability|p1a: Calyrex|Unnerve\n|-fieldstart|move: Electric Terrain|[from] ability: Hadron Engine|[of] p2a: Miraidon\n|turn|4\n|inactive|jj11j1 has 30 seconds left.\n|inactive|Troncador03 has 30 seconds left.\n|\n|t:|1775103172\n|move|p2b: Urshifu|Detect|p2b: Urshifu\n|-singleturn|p2b: Urshifu|Protect\n|move|p1b: Kyogre|Water Spout|p2b: Urshifu|[spread] p2a\n|-activate|p2b: Urshifu|move: Protect\n|-resisted|p2a: Miraidon\n|-damage|p2a: Miraidon|57/100\n|move|p1a: Calyrex|Astral Barrage|p2b: Urshifu|[spread] p2a\n|-activate|p2b: Urshifu|move: Protect\n|-damage|p2a: Miraidon|15/100\n|move|p2a: Miraidon|Electro Drift|p1b: Kyogre\n|-supereffective|p1b: Kyogre\n|-damage|p1b: Kyogre|0 fnt\n|faint|p1b: Kyogre\n|\n|-weather|RainDance|[upkeep]\n|upkeep\n|turn|5\n|inactive|jj11j1 has 30 seconds left.\n|inactive|Troncador03 has 30 seconds left.\n|\n|t:|1775103204\n|move|p2b: Urshifu|Close Combat|p1a: Calyrex\n|-supereffective|p1a: Calyrex\n|-damage|p1a: Calyrex|0 fnt\n|-unboost|p2b: Urshifu|def|1\n|-unboost|p2b: Urshifu|spd|1\n|faint|p1a: Calyrex\n|\n|win|Troncador03\n|raw|jj11j1's rating: 1330 &rarr; <strong>1313</strong><br />(-17 for losing)\n|raw|Troncador03's rating: 1380 &rarr; <strong>1397</strong><br />(+17 for winning)\n|l|\u2606jj11j1\n|player|p1|\n|l|\u2606Troncador03\n|player|p2|\n","uploadtime":1775103383,"views":10,"formatid":"gen9vgc2026regi","rating":1313,"private":0,"password":null}