{"id":"gen9vgc2026regi-2562922854","format":"[Gen 9] VGC 2026 Reg I","players":["chrisjhall13","ArisHazard"],"log":"|j|\u2606chrisjhall13\n|j|\u2606ArisHazard\n|t:|1773962973\n|gametype|doubles\n|player|p1|chrisjhall13|dawn|1357\n|player|p2|ArisHazard|265|1486\n|gen|9\n|tier|[Gen 9] VGC 2026 Reg I\n|rated|\n|rule|Species Clause: Limit one of each Pok\u00e9mon\n|rule|Item Clause: Limit 1 of each item\n|clearpoke\n|poke|p1|Zamazenta-*, L50|\n|poke|p1|Miraidon, L50|\n|poke|p1|Volcarona, L50, M|\n|poke|p1|Chien-Pao, L50|\n|poke|p1|Rillaboom, L50, F|\n|poke|p1|Grimmsnarl, L50, M|\n|poke|p2|Calyrex-Ice, L50|\n|poke|p2|Hitmontop, L50, M|\n|poke|p2|Miraidon, L50|\n|poke|p2|Sableye, L50, F|\n|poke|p2|Ting-Lu, L50|\n|poke|p2|Iron Valiant, L50|\n|teampreview|4\n|inactive|Battle timer is ON: inactive players will automatically lose when time's up. (requested by ArisHazard)\n|\n|t:|1773962997\n|teamsize|p1|4\n|teamsize|p2|4\n|start\n|switch|p1a: Miraidon|Miraidon, L50|100/100\n|switch|p1b: Volcarona|Volcarona, L50, M|100/100\n|switch|p2a: Calyrex|Calyrex-Ice, L50|100/100\n|switch|p2b: Hitmontop|Hitmontop, L50, M|100/100\n|-ability|p2a: Calyrex|As One\n|-ability|p2a: Calyrex|Unnerve\n|-fieldstart|move: Electric Terrain|[from] ability: Hadron Engine|[of] p1a: Miraidon\n|-enditem|p1b: Volcarona|Electric Seed\n|-boost|p1b: Volcarona|def|1|[from] item: Electric Seed\n|-ability|p2b: Hitmontop|Intimidate|boost\n|-unboost|p1a: Miraidon|atk|1\n|-unboost|p1b: Volcarona|atk|1\n|turn|1\n|\n|t:|1773963021\n|-terastallize|p1a: Miraidon|Electric\n|move|p2a: Calyrex|Protect|p2a: Calyrex\n|-singleturn|p2a: Calyrex|Protect\n|move|p1a: Miraidon|Volt Switch|p2a: Calyrex\n|-activate|p2a: Calyrex|move: Protect\n|move|p1b: Volcarona|Fiery Dance|p2a: Calyrex\n|-activate|p2a: Calyrex|move: Protect\n|move|p2b: Hitmontop|Coaching|p2a: Calyrex\n|-boost|p2a: Calyrex|atk|1\n|-boost|p2a: Calyrex|def|1\n|\n|upkeep\n|turn|2\n|\n|t:|1773963038\n|switch|p2b: Ting-Lu|Ting-Lu, L50|100/100\n|-ability|p2b: Ting-Lu|Vessel of Ruin\n|-terastallize|p2a: Calyrex|Fire\n|move|p1a: Miraidon|Volt Switch|p2a: Calyrex\n|-damage|p2a: Calyrex|53/100\n|\n|t:|1773963052\n|switch|p1a: Zamazenta|Zamazenta-Crowned, L50|100/100|[from] Volt Switch\n|-ability|p1a: Zamazenta|Dauntless Shield|boost\n|-boost|p1a: Zamazenta|def|1\n|move|p1b: Volcarona|Fiery Dance|p2a: Calyrex\n|-resisted|p2a: Calyrex\n|-damage|p2a: Calyrex|44/100\n|move|p2a: Calyrex|Trick Room|p2a: Calyrex\n|-fieldstart|move: Trick Room|[of] p2a: Calyrex\n|\n|upkeep\n|turn|3\n|inactive|chrisjhall13 has 30 seconds left.\n|\n|t:|1773963081\n|move|p2a: Calyrex|Glacial Lance|p1b: Volcarona|[spread] p1a,p1b\n|-resisted|p1a: Zamazenta\n|-resisted|p1b: Volcarona\n|-damage|p1a: Zamazenta|84/100\n|-damage|p1b: Volcarona|65/100\n|move|p2b: Ting-Lu|Sand Tomb|p1a: Zamazenta\n|-supereffective|p1a: Zamazenta\n|-crit|p1a: Zamazenta\n|-damage|p1a: Zamazenta|59/100\n|-activate|p1a: Zamazenta|move: Sand Tomb|[of] p2b: Ting-Lu\n|move|p1b: Volcarona|Giga Drain|p2b: Ting-Lu\n|-supereffective|p2b: Ting-Lu\n|-damage|p2b: Ting-Lu|79/100\n|-heal|p1b: Volcarona|80/100|[from] drain|[of] p2b: Ting-Lu\n|move|p1a: Zamazenta|Body Press|p2a: Calyrex\n|-damage|p2a: Calyrex|16/100\n|\n|-damage|p1a: Zamazenta|47/100|[from] move: Sand Tomb|[partiallytrapped]\n|upkeep\n|turn|4\n|\n|t:|1773963103\n|move|p1a: Zamazenta|Wide Guard|p1a: Zamazenta\n|-singleturn|p1a: Zamazenta|Wide Guard\n|move|p2a: Calyrex|Stomping Tantrum|p1a: Zamazenta\n|-supereffective|p1a: Zamazenta\n|-damage|p1a: Zamazenta|4/100\n|move|p2b: Ting-Lu|Stomping Tantrum|p1a: Zamazenta\n|-supereffective|p1a: Zamazenta\n|-damage|p1a: Zamazenta|0 fnt\n|faint|p1a: Zamazenta\n|move|p1b: Volcarona|Fiery Dance|p2a: Calyrex\n|-resisted|p2a: Calyrex\n|-damage|p2a: Calyrex|6/100\n|\n|upkeep\n|j| KittyPON2\n|\n|t:|1773963117\n|switch|p1a: Chien-Pao|Chien-Pao, L50|100/100\n|-ability|p1a: Chien-Pao|Sword of Ruin\n|turn|5\n|\n|t:|1773963127\n|move|p2a: Calyrex|Protect|p2a: Calyrex\n|-singleturn|p2a: Calyrex|Protect\n|move|p1a: Chien-Pao|Sucker Punch||[still]\n|-fail|p1a: Chien-Pao\n|move|p2b: Ting-Lu|Sand Tomb|p1b: Volcarona|[miss]\n|-miss|p2b: Ting-Lu|p1b: Volcarona\n|move|p1b: Volcarona|Giga Drain|p2b: Ting-Lu\n|-supereffective|p2b: Ting-Lu\n|-damage|p2b: Ting-Lu|55/100\n|-heal|p1b: Volcarona|96/100|[from] drain|[of] p2b: Ting-Lu\n|\n|-fieldend|move: Electric Terrain\n|upkeep\n|turn|6\n|j| chamu Rhye\n|\n|t:|1773963150\n|move|p2a: Calyrex|Protect||[still]\n|-fail|p2a: Calyrex\n|move|p1a: Chien-Pao|Ice Shard|p2a: Calyrex\n|-resisted|p2a: Calyrex\n|-damage|p2a: Calyrex|0 fnt\n|faint|p2a: Calyrex\n|move|p2b: Ting-Lu|Sand Tomb|p1b: Volcarona\n|-damage|p1b: Volcarona|82/100\n|-activate|p1b: Volcarona|move: Sand Tomb|[of] p2b: Ting-Lu\n|move|p1b: Volcarona|Giga Drain|p2b: Ting-Lu\n|-supereffective|p2b: Ting-Lu\n|-damage|p2b: Ting-Lu|31/100\n|-heal|p1b: Volcarona|98/100|[from] drain|[of] p2b: Ting-Lu\n|\n|-damage|p1b: Volcarona|85/100|[from] move: Sand Tomb|[partiallytrapped]\n|-fieldend|move: Trick Room\n|upkeep\n|\n|t:|1773963166\n|switch|p2a: Hitmontop|Hitmontop, L50, M|100/100\n|-ability|p2a: Hitmontop|Intimidate|boost\n|-unboost|p1a: Chien-Pao|atk|1\n|-unboost|p1b: Volcarona|atk|1\n|turn|7\n|\n|t:|1773963179\n|switch|p1a: Miraidon|Miraidon, L50, tera:Electric|100/100\n|-fieldstart|move: Electric Terrain|[from] ability: Hadron Engine|[of] p1a: Miraidon\n|move|p1b: Volcarona|Giga Drain|p2b: Ting-Lu\n|-supereffective|p2b: Ting-Lu\n|-damage|p2b: Ting-Lu|8/100\n|-heal|p1b: Volcarona|100/100|[from] drain|[of] p2b: Ting-Lu\n|move|p2a: Hitmontop|Coaching|p2b: Ting-Lu\n|-boost|p2b: Ting-Lu|atk|1\n|-boost|p2b: Ting-Lu|def|1\n|move|p2b: Ting-Lu|Stomping Tantrum|p1b: Volcarona\n|-damage|p1b: Volcarona|68/100\n|-status|p2b: Ting-Lu|brn|[from] ability: Flame Body|[of] p1b: Volcarona\n|\n|-damage|p2b: Ting-Lu|2/100 brn|[from] brn\n|-damage|p1b: Volcarona|55/100|[from] move: Sand Tomb|[partiallytrapped]\n|upkeep\n|turn|8\n|\n|t:|1773963202\n|move|p2a: Hitmontop|Wide Guard|p2a: Hitmontop\n|-singleturn|p2a: Hitmontop|Wide Guard\n|move|p1a: Miraidon|Volt Switch|p2a: Hitmontop\n|-damage|p2a: Hitmontop|43/100\n|\n|t:|1773963207\n|switch|p1a: Chien-Pao|Chien-Pao, L50|100/100|[from] Volt Switch\n|-ability|p1a: Chien-Pao|Sword of Ruin\n|move|p1b: Volcarona|Giga Drain|p2b: Ting-Lu\n|-supereffective|p2b: Ting-Lu\n|-damage|p2b: Ting-Lu|0 fnt\n|-heal|p1b: Volcarona|56/100|[from] drain|[of] p2b: Ting-Lu\n|faint|p2b: Ting-Lu\n|\n|-end|p1b: Volcarona|Sand Tomb|[partiallytrapped]|[silent]\n|upkeep\n|\n|t:|1773963218\n|switch|p2b: Sableye|Sableye, L50, F|100/100\n|turn|9\n|\n|t:|1773963230\n|switch|p1a: Miraidon|Miraidon, L50, tera:Electric|100/100\n|-activate|p1a: Miraidon|ability: Hadron Engine\n|move|p2b: Sableye|Encore|p1b: Volcarona\n|-start|p1b: Volcarona|Encore\n|move|p1b: Volcarona|Giga Drain|p2b: Sableye\n|-damage|p2b: Sableye|69/100\n|-heal|p1b: Volcarona|69/100|[from] drain|[of] p2b: Sableye\n|move|p2a: Hitmontop|Close Combat|p1a: Miraidon\n|-damage|p1a: Miraidon|60/100\n|-unboost|p2a: Hitmontop|def|1\n|-unboost|p2a: Hitmontop|spd|1\n|\n|upkeep\n|turn|10\n|\n|t:|1773963250\n|move|p2b: Sableye|Protect|p2b: Sableye\n|-singleturn|p2b: Sableye|Protect\n|move|p1a: Miraidon|Electro Drift|p2b: Sableye\n|-activate|p2b: Sableye|move: Protect\n|move|p1b: Volcarona|Giga Drain|p2a: Hitmontop\n|-damage|p2a: Hitmontop|15/100\n|-heal|p1b: Volcarona|81/100|[from] drain|[of] p2a: Hitmontop\n|move|p2a: Hitmontop|Close Combat|p1a: Miraidon\n|-damage|p1a: Miraidon|25/100\n|-unboost|p2a: Hitmontop|def|1\n|-unboost|p2a: Hitmontop|spd|1\n|\n|upkeep\n|turn|11\n|\n|t:|1773963269\n|switch|p1a: Chien-Pao|Chien-Pao, L50|100/100\n|-ability|p1a: Chien-Pao|Sword of Ruin\n|move|p2b: Sableye|Disable|p1a: Chien-Pao\n|-hint|Since gen 7, Dark is immune to Prankster moves.\n|-immune|p1a: Chien-Pao\n|move|p1b: Volcarona|Giga Drain|p2a: Hitmontop\n|-damage|p2a: Hitmontop|0 fnt\n|-heal|p1b: Volcarona|87/100|[from] drain|[of] p2a: Hitmontop\n|faint|p2a: Hitmontop\n|\n|-end|p1b: Volcarona|Encore\n|-fieldend|move: Electric Terrain\n|upkeep\n|turn|12\n|-message|ArisHazard forfeited.\n|\n|win|chrisjhall13\n|raw|chrisjhall13's rating: 1357 &rarr; <strong>1384</strong><br />(+27 for winning)\n|raw|ArisHazard's rating: 1486 &rarr; <strong>1459</strong><br />(-27 for losing)\n|l|\u2606ArisHazard\n|player|p2|\n|l|\u2606chrisjhall13\n|player|p1|\n|l| KittyPON2\n|l| chamu Rhye\n","uploadtime":1773963471,"views":16,"formatid":"gen9vgc2026regi","rating":1384,"private":0,"password":null}