{"id":"gen9vgc2026regi-2530998525","format":"[Gen 9] VGC 2026 Reg I","players":["AzureChuck","lalo's pollos"],"log":"|j|\u2606AzureChuck\n|j|\u2606lalo's pollos\n|t:|1769997377\n|gametype|doubles\n|player|p1|AzureChuck|169|1319\n|player|p2|lalo's pollos|169|1437\n|gen|9\n|tier|[Gen 9] VGC 2026 Reg I\n|rated|\n|rule|Species Clause: Limit one of each Pok\u00e9mon\n|rule|Item Clause: Limit 1 of each item\n|clearpoke\n|poke|p1|Koraidon, L50|\n|poke|p1|Incineroar, L50, F|\n|poke|p1|Weezing-Galar, L50, M|\n|poke|p1|Calyrex-Shadow, L50|\n|poke|p1|Whimsicott, L50, M|\n|poke|p1|Porygon2, L50|\n|poke|p2|Miraidon, L50|\n|poke|p2|Landorus, L50, M|\n|poke|p2|Incineroar, L50, M|\n|poke|p2|Iron Bundle, L50|\n|poke|p2|Farigiraf, L50, M|\n|poke|p2|Calyrex-Ice, L50|\n|teampreview|4\n|inactive|Battle timer is ON: inactive players will automatically lose when time's up. (requested by AzureChuck)\n|inactive|AzureChuck has 60 seconds left.\n|inactive|AzureChuck has 30 seconds left.\n|\n|t:|1769997442\n|teamsize|p1|4\n|teamsize|p2|4\n|start\n|switch|p1a: Weezing|Weezing-Galar, L50, M|100/100\n|switch|p1b: Koraidon|Koraidon, L50|100/100\n|switch|p2a: Landorus|Landorus, L50, M|100/100\n|switch|p2b: Incineroar|Incineroar, L50, M|100/100\n|-ability|p1a: Weezing|Neutralizing Gas\n|-block|p1b: Koraidon|item: Ability Shield\n|-weather|SunnyDay|[from] ability: Orichalcum Pulse|[of] p1b: Koraidon\n|-activate|p1b: Koraidon|Orichalcum Pulse|[source]\n|turn|1\n|inactive|AzureChuck has 30 seconds left.\n|inactive|AzureChuck has 20 seconds left.\n|\n|t:|1769997479\n|switch|p1b: Porygon2|Porygon2, L50|100/100\n|move|p1a: Weezing|Protect|p1a: Weezing\n|-singleturn|p1a: Weezing|Protect\n|move|p2b: Incineroar|Fake Out|p1b: Porygon2\n|-damage|p1b: Porygon2|94/100\n|move|p2a: Landorus|Earth Power|p1a: Weezing\n|-activate|p1a: Weezing|move: Protect\n|\n|-weather|SunnyDay|[upkeep]\n|upkeep\n|turn|2\n|\n|t:|1769997496\n|-end|p1a: Weezing|ability: Neutralizing Gas\n|-ability|p1b: Porygon2|Download|boost\n|-boost|p1b: Porygon2|spa|1\n|-ability|p2b: Incineroar|Intimidate|boost\n|-unboost|p1a: Weezing|atk|1\n|-unboost|p1b: Porygon2|atk|1\n|switch|p1a: Koraidon|Koraidon, L50|100/100\n|-activate|p1a: Koraidon|ability: Orichalcum Pulse\n|move|p2a: Landorus|Sandsear Storm|p1a: Koraidon|[spread] p1a\n|-miss|p2a: Landorus|p1b: Porygon2\n|-damage|p1a: Koraidon|35/100\n|move|p1b: Porygon2|Ice Beam|p2a: Landorus\n|-supereffective|p2a: Landorus\n|-damage|p2a: Landorus|0 fnt\n|faint|p2a: Landorus\n|move|p2b: Incineroar|Flare Blitz|p1b: Porygon2\n|-damage|p1b: Porygon2|56/100\n|-damage|p2b: Incineroar|89/100|[from] Recoil\n|\n|-weather|SunnyDay|[upkeep]\n|upkeep\n|\n|t:|1769997519\n|switch|p2a: Calyrex|Calyrex-Ice, L50|100/100\n|-ability|p2a: Calyrex|As One\n|-ability|p2a: Calyrex|Unnerve\n|turn|3\n|\n|t:|1769997540\n|switch|p1a: Incineroar|Incineroar, L50, F|100/100\n|-ability|p1a: Incineroar|Intimidate|boost\n|-fail|p2a: Calyrex|unboost|[from] item: Clear Amulet|[of] p2a: Calyrex\n|-unboost|p2b: Incineroar|atk|1\n|move|p2a: Calyrex|Protect|p2a: Calyrex\n|-singleturn|p2a: Calyrex|Protect\n|move|p1b: Porygon2|Foul Play|p2a: Calyrex\n|-activate|p2a: Calyrex|move: Protect\n|move|p2b: Incineroar|U-turn|p1b: Porygon2\n|-damage|p1b: Porygon2|49/100\n|\n|t:|1769997552\n|switch|p2b: the Manager|Farigiraf, L50, M|100/100|[from] U-turn\n|\n|-weather|SunnyDay|[upkeep]\n|upkeep\n|turn|4\n|\n|t:|1769997570\n|switch|p2a: Incineroar|Incineroar, L50, M|89/100\n|-ability|p2a: Incineroar|Intimidate|boost\n|-unboost|p1a: Incineroar|atk|1\n|-unboost|p1b: Porygon2|atk|1\n|move|p1a: Incineroar|Knock Off|p2a: Incineroar\n|-resisted|p2a: Incineroar\n|-damage|p2a: Incineroar|79/100\n|-enditem|p2a: Incineroar|Assault Vest|[from] move: Knock Off|[of] p1a: Incineroar\n|move|p1b: Porygon2|Tri Attack|p2a: Incineroar\n|-damage|p2a: Incineroar|37/100\n|move|p2b: the Manager|Trick Room|p2b: the Manager\n|-fieldstart|move: Trick Room|[of] p2b: the Manager\n|\n|-weather|SunnyDay|[upkeep]\n|upkeep\n|turn|5\n|\n|t:|1769997591\n|move|p2b: the Manager|Helping Hand|p2a: Incineroar\n|-singleturn|p2a: Incineroar|Helping Hand|[of] p2b: the Manager\n|move|p2a: Incineroar|Flare Blitz|p1b: Porygon2\n|-damage|p1b: Porygon2|0 fnt\n|faint|p1b: Porygon2\n|-damage|p2a: Incineroar|22/100|[from] Recoil\n|move|p1a: Incineroar|Knock Off|p2b: the Manager\n|-supereffective|p2b: the Manager\n|-damage|p2b: the Manager|48/100\n|-enditem|p2b: the Manager|Mental Herb|[from] move: Knock Off|[of] p1a: Incineroar\n|\n|-weather|none\n|upkeep\n|\n|t:|1769997609\n|switch|p1b: Weezing|Weezing-Galar, L50, M|100/100\n|-ability|p1b: Weezing|Neutralizing Gas\n|turn|6\n|\n|t:|1769997618\n|move|p2a: Incineroar|U-turn|p1a: Incineroar\n|-damage|p1a: Incineroar|87/100\n|\n|t:|1769997620\n|switch|p2a: Calyrex|Calyrex-Ice, L50|100/100|[from] U-turn\n|-ability|p2a: Calyrex|As One\n|-ability|p2a: Calyrex|Unnerve\n|move|p2b: the Manager|Psychic|p1b: Weezing\n|-supereffective|p1b: Weezing\n|-damage|p1b: Weezing|26/100\n|move|p1a: Incineroar|U-turn|p2b: the Manager\n|-supereffective|p2b: the Manager\n|-damage|p2b: the Manager|20/100\n|\n|t:|1769997631\n|switch|p1a: Koraidon|Koraidon, L50|35/100|[from] U-turn\n|-weather|SunnyDay|[from] ability: Orichalcum Pulse|[of] p1a: Koraidon\n|-activate|p1a: Koraidon|Orichalcum Pulse|[source]\n|move|p1b: Weezing|Poison Gas|p2b: the Manager|[spread] p2a\n|-miss|p1b: Weezing|p2b: the Manager\n|-status|p2a: Calyrex|psn\n|\n|-weather|SunnyDay|[upkeep]\n|-damage|p2a: Calyrex|88/100 psn|[from] psn\n|upkeep\n|turn|7\n|\n|t:|1769997650\n|move|p1b: Weezing|Protect|p1b: Weezing\n|-singleturn|p1b: Weezing|Protect\n|move|p1a: Koraidon|Protect|p1a: Koraidon\n|-singleturn|p1a: Koraidon|Protect\n|move|p2a: Calyrex|Glacial Lance|p1a: Koraidon|[spread] \n|-activate|p1a: Koraidon|move: Protect\n|-activate|p1b: Weezing|move: Protect\n|move|p2b: the Manager|Psychic|p1a: Koraidon\n|-activate|p1a: Koraidon|move: Protect\n|\n|-weather|SunnyDay|[upkeep]\n|-damage|p2a: Calyrex|75/100 psn|[from] psn\n|upkeep\n|turn|8\n|\n|t:|1769997673\n|switch|p1a: Incineroar|Incineroar, L50, F|87/100\n|move|p2a: Calyrex|Glacial Lance|p1b: Weezing|[spread] p1a,p1b\n|-resisted|p1a: Incineroar\n|-damage|p1a: Incineroar|65/100\n|-damage|p1b: Weezing|0 fnt\n|faint|p1b: Weezing\n|-end|p1b: Weezing|ability: Neutralizing Gas\n|-ability|p1a: Incineroar|Intimidate|boost\n|-fail|p2a: Calyrex|unboost|[from] item: Clear Amulet|[of] p2a: Calyrex\n|-unboost|p2b: the Manager|atk|1\n|-ability|p2a: Calyrex|Chilling Neigh|boost\n|-boost|p2a: Calyrex|atk|1\n|move|p2b: the Manager|Psychic|p1a: Incineroar\n|-immune|p1a: Incineroar\n|\n|-weather|SunnyDay|[upkeep]\n|-damage|p2a: Calyrex|63/100 psn|[from] psn\n|-fieldend|move: Trick Room\n|upkeep\n|\n|t:|1769997690\n|switch|p1b: Koraidon|Koraidon, L50|35/100\n|-activate|p1b: Koraidon|ability: Orichalcum Pulse\n|turn|9\n|\n|t:|1769997708\n|switch|p2b: Incineroar|Incineroar, L50, M|22/100\n|-ability|p2b: Incineroar|Intimidate|boost\n|-unboost|p1a: Incineroar|atk|1\n|-unboost|p1b: Koraidon|atk|1\n|-terastallize|p1b: Koraidon|Fire\n|move|p2a: Calyrex|Protect|p2a: Calyrex\n|-singleturn|p2a: Calyrex|Protect\n|move|p1b: Koraidon|Flare Blitz|p2a: Calyrex\n|-activate|p2a: Calyrex|move: Protect\n|move|p1a: Incineroar|Knock Off|p2b: Incineroar\n|-resisted|p2b: Incineroar\n|-damage|p2b: Incineroar|15/100\n|\n|-weather|SunnyDay|[upkeep]\n|-damage|p2a: Calyrex|50/100 psn|[from] psn\n|upkeep\n|turn|10\n|\n|t:|1769997730\n|-terastallize|p2a: Calyrex|Water\n|move|p2b: Incineroar|Fake Out|p1b: Koraidon\n|-damage|p1b: Koraidon|25/100\n|cant|p1b: Koraidon|flinch\n|move|p1a: Incineroar|Knock Off|p2a: Calyrex\n|-damage|p2a: Calyrex|35/100 psn\n|-enditem|p2a: Calyrex|Clear Amulet|[from] move: Knock Off|[of] p1a: Incineroar\n|move|p2a: Calyrex|Trick Room|p2a: Calyrex\n|-fieldstart|move: Trick Room|[of] p2a: Calyrex\n|\n|-weather|none\n|-damage|p2a: Calyrex|23/100 psn|[from] psn\n|upkeep\n|turn|11\n|\n|t:|1769997751\n|move|p1b: Koraidon|Protect|p1b: Koraidon\n|-singleturn|p1b: Koraidon|Protect\n|move|p2a: Calyrex|High Horsepower|p1a: Incineroar\n|-supereffective|p1a: Incineroar\n|-damage|p1a: Incineroar|0 fnt\n|faint|p1a: Incineroar\n|-ability|p2a: Calyrex|Chilling Neigh|boost\n|-boost|p2a: Calyrex|atk|1\n|move|p2b: Incineroar|U-turn|p1b: Koraidon\n|-activate|p1b: Koraidon|move: Protect\n|\n|-damage|p2a: Calyrex|10/100 psn|[from] psn\n|upkeep\n|turn|12\n|\n|t:|1769997764\n|move|p1b: Koraidon|Protect||[still]\n|-fail|p1b: Koraidon\n|move|p2a: Calyrex|Glacial Lance|p1b: Koraidon\n|-resisted|p1b: Koraidon\n|-damage|p1b: Koraidon|0 fnt\n|faint|p1b: Koraidon\n|\n|win|lalo's pollos\n|raw|AzureChuck's rating: 1319 &rarr; <strong>1306</strong><br />(-13 for losing)\n|raw|lalo&apos;s pollos's rating: 1437 &rarr; <strong>1450</strong><br />(+13 for winning)\n|l|\u2606lalo's pollos\n|player|p2|\n","uploadtime":1769998013,"views":12,"formatid":"gen9vgc2026regi","rating":1306,"private":0,"password":null}