{"id":"gen9vgc2026regi-2568780092","format":"[Gen 9] VGC 2026 Reg I","players":["Jalapeppah","Binky11"],"log":"|j|\u2606Jalapeppah\n|j|\u2606Binky11\n|t:|1774622384\n|gametype|doubles\n|player|p1|Jalapeppah|lady-gen4|1509\n|player|p2|Binky11|miku-ice|1508\n|gen|9\n|tier|[Gen 9] VGC 2026 Reg I\n|rated|\n|rule|Species Clause: Limit one of each Pok\u00e9mon\n|rule|Item Clause: Limit 1 of each item\n|clearpoke\n|poke|p1|Calyrex-Shadow, L50|\n|poke|p1|Miraidon, L50|\n|poke|p1|Incineroar, L50, M|\n|poke|p1|Dragapult, L50, F|\n|poke|p1|Iron Treads, L50|\n|poke|p1|Whimsicott, L50, F|\n|poke|p2|Kyogre, L50|\n|poke|p2|Necrozma-Dusk-Mane, L50|\n|poke|p2|Amoonguss, L50, M|\n|poke|p2|Iron Jugulis, L50|\n|poke|p2|Raging Bolt, L50|\n|poke|p2|Urshifu-*, L50, F|\n|teampreview|4\n|inactive|Battle timer is ON: inactive players will automatically lose when time's up. (requested by Binky11)\n|inactive|Jalapeppah has 60 seconds left.\n|inactive|Binky11 has 60 seconds left.\n|\n|t:|1774622439\n|teamsize|p1|4\n|teamsize|p2|4\n|start\n|switch|p1a: Miraidon|Miraidon, L50|100/100\n|switch|p1b: Whimsicott|Whimsicott, L50, F|100/100\n|switch|p2a: Necrozma|Necrozma-Dusk-Mane, L50|100/100\n|switch|p2b: Iron Jugulis|Iron Jugulis, L50|100/100\n|-fieldstart|move: Electric Terrain|[from] ability: Hadron Engine|[of] p1a: Miraidon\n|-activate|p2b: Iron Jugulis|ability: Quark Drive\n|-start|p2b: Iron Jugulis|quarkdrivespe\n|turn|1\n|j| KittyPON2\n|inactive|Jalapeppah has 30 seconds left.\n|inactive|Jalapeppah has 20 seconds left.\n|inactive|Jalapeppah has 15 seconds left.\n|\n|t:|1774622482\n|move|p1b: Whimsicott|Tailwind|p1b: Whimsicott\n|-sidestart|p1: Jalapeppah|move: Tailwind\n|move|p1a: Miraidon|Volt Switch|p2b: Iron Jugulis\n|-supereffective|p2b: Iron Jugulis\n|-crit|p2b: Iron Jugulis\n|-damage|p2b: Iron Jugulis|0 fnt\n|faint|p2b: Iron Jugulis\n|-end|p2b: Iron Jugulis|Quark Drive|[silent]\n|\n|t:|1774622489\n|switch|p1a: Iron Treads|Iron Treads, L50|100/100|[from] Volt Switch\n|-activate|p1a: Iron Treads|ability: Quark Drive\n|-start|p1a: Iron Treads|quarkdrivespe\n|move|p2a: Necrozma|Trick Room|p2a: Necrozma\n|-fieldstart|move: Trick Room|[of] p2a: Necrozma\n|\n|upkeep\n|l| KittyPON2\n|\n|t:|1774622503\n|switch|p2b: Kyogre|Kyogre, L50|100/100\n|-weather|RainDance|[from] ability: Drizzle|[of] p2b: Kyogre\n|turn|2\n|\n|t:|1774622523\n|switch|p2a: Urshifu|Urshifu-Rapid-Strike, L50, F|100/100\n|move|p1a: Iron Treads|Protect|p1a: Iron Treads\n|-singleturn|p1a: Iron Treads|Protect\n|move|p1b: Whimsicott|Light Screen|p1b: Whimsicott\n|-sidestart|p1: Jalapeppah|move: Light Screen\n|move|p2b: Kyogre|Water Spout|p1b: Whimsicott|[spread] p1b\n|-activate|p1a: Iron Treads|move: Protect\n|-resisted|p1b: Whimsicott\n|-damage|p1b: Whimsicott|42/100\n|\n|-weather|RainDance|[upkeep]\n|upkeep\n|turn|3\n|inactive|Jalapeppah has 30 seconds left.\n|\n|t:|1774622557\n|move|p1b: Whimsicott|Protect|p1b: Whimsicott\n|-singleturn|p1b: Whimsicott|Protect\n|move|p2b: Kyogre|Water Spout|p1b: Whimsicott|[spread] p1a\n|-activate|p1b: Whimsicott|move: Protect\n|-supereffective|p1a: Iron Treads\n|-damage|p1a: Iron Treads|0 fnt\n|faint|p1a: Iron Treads\n|-end|p1a: Iron Treads|Quark Drive|[silent]\n|move|p2a: Urshifu|Surging Strikes|p1b: Whimsicott\n|-resisted|p1b: Whimsicott\n|-crit|p1b: Whimsicott\n|-damage|p1b: Whimsicott|20/100\n|-resisted|p1b: Whimsicott\n|-crit|p1b: Whimsicott\n|-damage|p1b: Whimsicott|0 fnt\n|faint|p1b: Whimsicott\n|-hitcount|p1: Whimsicott|2\n|\n|-weather|RainDance|[upkeep]\n|upkeep\n|\n|t:|1774622562\n|switch|p1b: Miraidon|Miraidon, L50|100/100\n|switch|p1a: Calyrex|Calyrex-Shadow, L50|100/100\n|-ability|p1a: Calyrex|As One\n|-ability|p1a: Calyrex|Unnerve\n|-activate|p1b: Miraidon|ability: Hadron Engine\n|turn|4\n|\n|t:|1774622578\n|-terastallize|p2b: Kyogre|Grass\n|move|p1a: Calyrex|Helping Hand|p1b: Miraidon\n|-singleturn|p1b: Miraidon|Helping Hand|[of] p1a: Calyrex\n|move|p2b: Kyogre|Water Spout|p1a: Calyrex|[spread] p1a,p1b\n|-resisted|p1b: Miraidon\n|-crit|p1b: Miraidon\n|-damage|p1a: Calyrex|12/100\n|-damage|p1b: Miraidon|20/100\n|move|p2a: Urshifu|Surging Strikes|p1a: Calyrex\n|-crit|p1a: Calyrex\n|-damage|p1a: Calyrex|0 fnt\n|faint|p1a: Calyrex\n|-hitcount|p1: Calyrex|1\n|move|p1b: Miraidon|Dazzling Gleam|p2a: Urshifu|[spread] p2a,p2b\n|-supereffective|p2a: Urshifu\n|-enditem|p2a: Urshifu|Focus Sash\n|-damage|p2a: Urshifu|1/100\n|-damage|p2b: Kyogre|56/100\n|\n|-weather|RainDance|[upkeep]\n|-sideend|p1: Jalapeppah|move: Tailwind\n|upkeep\n|turn|5\n|-message|Jalapeppah forfeited.\n|\n|win|Binky11\n|raw|Jalapeppah's rating: 1509 &rarr; <strong>1489</strong><br />(-20 for losing)\n|raw|Binky11's rating: 1508 &rarr; <strong>1528</strong><br />(+20 for winning)\n|l|\u2606Jalapeppah\n|player|p1|\n|l|\u2606Binky11\n|player|p2|\n","uploadtime":1774622786,"views":18,"formatid":"gen9vgc2026regi","rating":1489,"private":0,"password":null}