{"id":"gen9vgc2026regi-2563878346","format":"[Gen 9] VGC 2026 Reg I","players":["FightOrGardeflight","smartyff"],"log":"|j|\u2606FightOrGardeflight\n|j|\u2606smartyff\n|t:|1774076434\n|gametype|doubles\n|player|p1|FightOrGardeflight|miku-ghost|\n|player|p2|smartyff|1|\n|gen|9\n|tier|[Gen 9] VGC 2026 Reg I\n|rated|Tournament battle\n|rule|Species Clause: Limit one of each Pok\u00e9mon\n|rule|Item Clause: Limit 1 of each item\n|raw|<div class=\"infobox\"><details class=\"readmore\" open><summary><strong>3 custom rules:</strong></summary> Open Team Sheets, Force Open Team Sheets, !Open Team Sheets</details></div>\n|clearpoke\n|poke|p1|Weezing-Galar, L50, M|\n|poke|p1|Koraidon, L50|\n|poke|p1|Calyrex-Ice, L50|\n|poke|p1|Brute Bonnet, L50|\n|poke|p1|Chi-Yu, L50|\n|poke|p1|Raging Bolt, L50|\n|poke|p2|Calyrex-Ice, L50|\n|poke|p2|Ho-Oh, L50|\n|poke|p2|Maushold, L50|\n|poke|p2|Urshifu-*, L50, M|\n|poke|p2|Landorus, L50, M|\n|poke|p2|Amoonguss, L50, F|\n|teampreview|4\n|showteam|p1|Weezing-Galar||CovertCloak|NeutralizingGas|StrangeSteam,Taunt,Protect,WillOWisp|||M|||50|,,,,,Grass]Koraidon||AbilityShield|OrichalcumPulse|CollisionCourse,FlareBlitz,FlameCharge,Protect||||||50|,,,,,Fire]Calyrex-Ice||ClearAmulet|AsOneGlastrier|GlacialLance,CloseCombat,TrickRoom,Protect||||||50|,,,,,Fairy]Brute Bonnet||RoomService|Protosynthesis|Spore,RagePowder,SuckerPunch,SeedBomb||||||50|,,,,,Fire]Chi-Yu||ChoiceScarf|BeadsofRuin|HeatWave,DarkPulse,Flamethrower,Overheat||||||50|,,,,,Grass]Raging Bolt||AssaultVest|Protosynthesis|Thunderbolt,DragonPulse,Thunderclap,DracoMeteor||||||50|,,,,,Water\n|showteam|p2|Calyrex-Ice||ClearAmulet|AsOneGlastrier|TrickRoom,GlacialLance,HighHorsepower,Protect||||||50|,,,,,Fire]Ho-Oh||CovertCloak|Regenerator|SacredFire,BraveBird,Tailwind,Protect||||||50|,,,,,Grass]Maushold||FocusSash|FriendGuard|FollowMe,Taunt,Protect,SuperFang||||||50|,,,,,Ghost]Urshifu-Rapid-Strike||MysticWater|UnseenFist|SurgingStrikes,CloseCombat,AquaJet,Detect|||M|||50|,,,,,Water]Landorus||LifeOrb|SheerForce|EarthPower,SludgeBomb,SandsearStorm,Protect|||M|||50|,,,,,Water]Amoonguss||RockyHelmet|Regenerator|Spore,RagePowder,PollenPuff,Protect|||F|||50|,,,,,Dark\n|inactive|Battle timer is ON: inactive players will automatically lose when time's up. (requested by FightOrGardeflight)\n|j| yuirs gsb\n|l| yuirs gsb\n|inactive|smartyff has 60 seconds left.\n|inactive|smartyff has 30 seconds left.\n|\n|t:|1774076502\n|teamsize|p1|4\n|teamsize|p2|4\n|start\n|switch|p1a: Weezing|Weezing-Galar, L50, M|100/100\n|switch|p1b: Calyrex|Calyrex-Ice, L50|100/100\n|switch|p2a: Maushold|Maushold, L50|100/100\n|switch|p2b: Calyrex|Calyrex-Ice, L50|100/100\n|-ability|p1a: Weezing|Neutralizing Gas\n|-ability|p1b: Calyrex|As One\n|-ability|p1b: Calyrex|Unnerve\n|-ability|p2b: Calyrex|As One\n|-ability|p2b: Calyrex|Unnerve\n|turn|1\n|\n|t:|1774076523\n|-terastallize|p2b: Calyrex|Fire\n|move|p1a: Weezing|Protect|p1a: Weezing\n|-singleturn|p1a: Weezing|Protect\n|move|p2a: Maushold|Super Fang|p1b: Calyrex\n|-damage|p1b: Calyrex|50/100\n|move|p1b: Calyrex|Glacial Lance|p2a: Maushold|[spread] p2a,p2b\n|-resisted|p2b: Calyrex\n|-damage|p2a: Maushold|26/100\n|-damage|p2b: Calyrex|82/100\n|move|p2b: Calyrex|Glacial Lance|p1b: Calyrex|[spread] p1b\n|-activate|p1a: Weezing|move: Protect\n|-resisted|p1b: Calyrex\n|-damage|p1b: Calyrex|34/100\n|\n|upkeep\n|turn|2\n|j| christianfinity\n|\n|t:|1774076546\n|move|p1b: Calyrex|Protect|p1b: Calyrex\n|-singleturn|p1b: Calyrex|Protect\n|move|p2a: Maushold|Super Fang|p1b: Calyrex\n|-activate|p1b: Calyrex|move: Protect\n|move|p1a: Weezing|Taunt|p2b: Calyrex\n|-start|p2b: Calyrex|move: Taunt\n|move|p2b: Calyrex|High Horsepower|p1b: Calyrex\n|-activate|p1b: Calyrex|move: Protect\n|\n|upkeep\n|turn|3\n|l| christianfinity\n|\n|t:|1774076559\n|move|p2a: Maushold|Super Fang|p1b: Calyrex\n|-damage|p1b: Calyrex|17/100\n|move|p1a: Weezing|Strange Steam|p2a: Maushold\n|-damage|p2a: Maushold|0 fnt\n|faint|p2a: Maushold\n|move|p2b: Calyrex|High Horsepower|p1b: Calyrex\n|-damage|p1b: Calyrex|0 fnt\n|faint|p1b: Calyrex\n|-ability|p2b: Calyrex|Chilling Neigh|boost\n|-boost|p2b: Calyrex|atk|1\n|\n|upkeep\n|\n|t:|1774076569\n|switch|p2a: Ho-Oh|Ho-Oh, L50|100/100\n|switch|p1b: Raging Bolt|Raging Bolt, L50|100/100\n|turn|4\n|\n|t:|1774076581\n|switch|p2a: Amoonguss|Amoonguss, L50, F|100/100\n|-terastallize|p1b: Raging Bolt|Water\n|move|p1a: Weezing|Protect|p1a: Weezing\n|-singleturn|p1a: Weezing|Protect\n|move|p1b: Raging Bolt|Thunderbolt|p2b: Calyrex\n|-damage|p2b: Calyrex|45/100\n|move|p2b: Calyrex|Glacial Lance|p1b: Raging Bolt|[spread] p1b\n|-activate|p1a: Weezing|move: Protect\n|-resisted|p1b: Raging Bolt\n|-damage|p1b: Raging Bolt|67/100\n|\n|-end|p2b: Calyrex|move: Taunt\n|upkeep\n|turn|5\n|\n|t:|1774076595\n|-end|p1b: Raging Bolt|Protosynthesis|[silent]\n|switch|p1b: Chi-Yu|Chi-Yu, L50|100/100\n|move|p1a: Weezing|Taunt|p2a: Amoonguss\n|-start|p2a: Amoonguss|move: Taunt\n|move|p2b: Calyrex|Glacial Lance|p1b: Chi-Yu|[spread] p1a,p1b\n|-resisted|p1b: Chi-Yu\n|-damage|p1a: Weezing|34/100\n|-damage|p1b: Chi-Yu|32/100\n|move|p2a: Amoonguss|Pollen Puff|p2b: Calyrex\n|-heal|p2b: Calyrex|95/100\n|\n|upkeep\n|turn|6\n|\n|t:|1774076611\n|switch|p2a: Ho-Oh|Ho-Oh, L50|100/100\n|move|p1b: Chi-Yu|Dark Pulse|p2b: Calyrex\n|-damage|p2b: Calyrex|66/100\n|move|p1a: Weezing|Taunt|p2a: Ho-Oh\n|-start|p2a: Ho-Oh|move: Taunt\n|move|p2b: Calyrex|Glacial Lance|p1a: Weezing|[spread] p1a,p1b\n|-resisted|p1b: Chi-Yu\n|-damage|p1a: Weezing|0 fnt\n|-damage|p1b: Chi-Yu|0 fnt\n|faint|p1a: Weezing\n|-end|p1a: Weezing|ability: Neutralizing Gas\n|-ability|p1b: Chi-Yu|Beads of Ruin\n|faint|p1b: Chi-Yu\n|-ability|p2b: Calyrex|Chilling Neigh|boost\n|-boost|p2b: Calyrex|atk|2\n|\n|upkeep\n|\n|t:|1774076613\n|switch|p1a: Raging Bolt|Raging Bolt, L50, tera:Water|67/100\n|turn|7\n|-message|FightOrGardeflight forfeited.\n|\n|win|smartyff\n|n|\u2606FightOrGardeflight|fightorgardeflight\n|n|\u2606smartyff|smartyff\n","uploadtime":1774076626,"views":203,"formatid":"gen9vgc2026regi","rating":null,"private":0,"password":null}