{"id":"gen9vgc2026regi-2560097845","format":"[Gen 9] VGC 2026 Reg I","players":["Sir AaronVGC","benniovyalt"],"log":"|j|\u2606Sir AaronVGC\n|j|\u203dbenniovyalt\n|html|<table width=\"100%\"><tr><td align=\"left\">Sir AaronVGC</td><td align=\"right\">benniovyalt</tr><tr><td align=\"left\"><i class=\"fa fa-circle-o\"></i> <i class=\"fa fa-circle-o\"></i> </td><td align=\"right\"><i class=\"fa fa-circle-o\"></i> <i class=\"fa fa-circle\"></i> </tr></table>\n|uhtml|bestof|<h2><strong>Game 2</strong> of <a href=\"/game-bestof3-gen9vgc2026regi-2560096906\">a best-of-3</a></h2>\n|t:|1773651377\n|gametype|doubles\n|player|p1|Sir AaronVGC|spark|\n|player|p2|benniovyalt|102|\n|gen|9\n|tier|[Gen 9] VGC 2026 Reg I\n|rated|Tournament battle\n|rule|Species Clause: Limit one of each Pok\u00e9mon\n|rule|Item Clause: Limit 1 of each item\n|raw|<div class=\"infobox\"><details class=\"readmore\" open><summary><strong>4 custom rules:</strong></summary> Open Team Sheets, Force Open Team Sheets, !Open Team Sheets, Best of = 3</details></div>\n|clearpoke\n|poke|p1|Grimmsnarl, L50, M|\n|poke|p1|Calyrex-Ice, L50|\n|poke|p1|Miraidon, L50|\n|poke|p1|Volcarona, L50, F|\n|poke|p1|Ditto, L50|\n|poke|p1|Iron Hands, L50|\n|poke|p2|Calyrex-Shadow, L50|\n|poke|p2|Koraidon, L50|\n|poke|p2|Scovillain, L50, M|\n|poke|p2|Incineroar, L50, F|\n|poke|p2|Landorus, L50, M|\n|poke|p2|Raging Bolt, L50|\n|teampreview|4\n|showteam|p1|Grimmsnarl||LightClay|Prankster|SpiritBreak,ThunderWave,Reflect,LightScreen|||M|||50|,,,,,Ghost]Calyrex-Ice||ClearAmulet|AsOneGlastrier|GlacialLance,HighHorsepower,TrickRoom,Protect||||||50|,,,,,Fire]Miraidon||ZapPlate|HadronEngine|ElectroDrift,DracoMeteor,VoltSwitch,Protect||||||50|,,,,,Electric]Volcarona||ElectricSeed|FlameBody|FieryDance,GigaDrain,QuiverDance,Protect|||F|||50|,,,,,Grass]Ditto||FocusSash|Imposter|Transform||||||50|,,,,,Normal]Iron Hands||AssaultVest|QuarkDrive|WildCharge,DrainPunch,LowKick,FakeOut||||||50|,,,,,Water\n|showteam|p2|Calyrex-Shadow||FocusSash|AsOneSpectrier|AstralBarrage,Psychic,Encore,Protect||||||50|,,,,,Ghost]Koraidon||ClearAmulet|OrichalcumPulse|FlareBlitz,FlameCharge,CloseCombat,Protect||||||50|,,,,,Fire]Scovillain||CovertCloak|Chlorophyll|Overheat,WillOWisp,SpicyExtract,RagePowder|||M|||50|,,,,,Water]Incineroar||SafetyGoggles|Intimidate|HelpingHand,KnockOff,PartingShot,FakeOut|||F|||50|,,,,,Grass]Landorus||LifeOrb|SheerForce|EarthPower,SandsearStorm,SludgeBomb,Protect|||M|||50|,,,,,Water]Raging Bolt||AssaultVest|Protosynthesis|Thunderclap,Electroweb,Snarl,DracoMeteor||||||50|,,,,,Bug\n|j| HelpingAHomie\n|j| Gerryjunior\n|j| gambitofking\n|\n|t:|1773651404\n|teamsize|p1|4\n|teamsize|p2|4\n|start\n|switch|p1a: Jyggalag|Grimmsnarl, L50, M, shiny|100/100\n|switch|p1b: New Bike|Miraidon, L50|100/100\n|switch|p2a: Koraidon|Koraidon, L50|100/100\n|switch|p2b: Scovillain|Scovillain, L50, M|100/100\n|-weather|SunnyDay|[from] ability: Orichalcum Pulse|[of] p2a: Koraidon\n|-activate|p2a: Koraidon|Orichalcum Pulse|[source]\n|-fieldstart|move: Electric Terrain|[from] ability: Hadron Engine|[of] p1b: New Bike\n|turn|1\n|j| MlTTENS\n|j| shoccco\u2764\n|\n|t:|1773651433\n|move|p1a: Jyggalag|Thunder Wave|p2a: Koraidon|[miss]\n|-miss|p1a: Jyggalag|p2a: Koraidon\n|move|p2b: Scovillain|Spicy Extract|p2a: Koraidon\n|-fail|p2a: Koraidon|unboost|[from] item: Clear Amulet|[of] p2a: Koraidon\n|-boost|p2a: Koraidon|atk|2\n|move|p2a: Koraidon|Flare Blitz|p1b: New Bike\n|-resisted|p1b: New Bike\n|-damage|p1b: New Bike|24/100\n|-damage|p2a: Koraidon|75/100|[from] Recoil\n|move|p1b: New Bike|Draco Meteor|p2a: Koraidon\n|-supereffective|p2a: Koraidon\n|-damage|p2a: Koraidon|0 fnt\n|-unboost|p1b: New Bike|spa|2\n|faint|p2a: Koraidon\n|\n|-weather|SunnyDay|[upkeep]\n|upkeep\n|\n|t:|1773651442\n|switch|p2a: Calyrex|Calyrex-Shadow, L50|100/100\n|-ability|p2a: Calyrex|As One\n|-ability|p2a: Calyrex|Unnerve\n|turn|2\n|\n|t:|1773651456\n|-terastallize|p2a: Calyrex|Ghost\n|move|p1a: Jyggalag|Light Screen|p1a: Jyggalag\n|-sidestart|p1: Sir AaronVGC|move: Light Screen\n|move|p2b: Scovillain|Overheat|p1a: Jyggalag\n|-damage|p1a: Jyggalag|56/100\n|-unboost|p2b: Scovillain|spa|2\n|move|p2a: Calyrex|Astral Barrage|p1b: New Bike|[spread] p1a,p1b\n|-resisted|p1a: Jyggalag\n|-damage|p1a: Jyggalag|35/100\n|-damage|p1b: New Bike|0 fnt\n|faint|p1b: New Bike\n|-ability|p2a: Calyrex|Grim Neigh|boost\n|-boost|p2a: Calyrex|spa|1\n|\n|-weather|SunnyDay|[upkeep]\n|upkeep\n|\n|t:|1773651472\n|switch|p1b: Primordial Soup|Ditto, L50, shiny|100/100\n|-transform|p1b: Primordial Soup|p2a: Calyrex|[from] ability: Imposter\n|-ability|p1b: Primordial Soup|As One\n|-ability|p1b: Primordial Soup|Unnerve\n|-start|p1b: Primordial Soup|typechange|Psychic/Ghost|[silent]\n|turn|3\n|j| ido1234567890\n|\n|t:|1773651503\n|switch|p2b: Incineroar|Incineroar, L50, F|100/100\n|-ability|p2b: Incineroar|Intimidate|boost\n|-unboost|p1a: Jyggalag|atk|1\n|-unboost|p1b: Primordial Soup|atk|1\n|-terastallize|p1b: Primordial Soup|Normal\n|move|p2a: Calyrex|Protect|p2a: Calyrex\n|-singleturn|p2a: Calyrex|Protect\n|move|p1a: Jyggalag|Thunder Wave|p2b: Incineroar\n|-hint|Since gen 7, Dark is immune to Prankster moves.\n|-immune|p2b: Incineroar\n|move|p1b: Primordial Soup|Astral Barrage|p2a: Calyrex|[spread] p2b\n|-activate|p2a: Calyrex|move: Protect\n|-resisted|p2b: Incineroar\n|-damage|p2b: Incineroar|64/100\n|\n|-weather|SunnyDay|[upkeep]\n|upkeep\n|turn|4\n|\n|t:|1773651530\n|move|p2b: Incineroar|Fake Out|p1a: Jyggalag\n|-damage|p1a: Jyggalag|25/100\n|cant|p1a: Jyggalag|flinch\n|move|p2a: Calyrex|Astral Barrage|p1a: Jyggalag|[spread] p1a\n|-immune|p1b: Primordial Soup\n|-resisted|p1a: Jyggalag\n|-damage|p1a: Jyggalag|0 fnt\n|faint|p1a: Jyggalag\n|-ability|p2a: Calyrex|Grim Neigh|boost\n|-boost|p2a: Calyrex|spa|1\n|move|p1b: Primordial Soup|Encore|p2a: Calyrex\n|-start|p2a: Calyrex|Encore\n|\n|-weather|SunnyDay|[upkeep]\n|upkeep\n|\n|t:|1773651544\n|switch|p1a: Coldhands|Calyrex-Ice, L50|100/100\n|-ability|p1a: Coldhands|As One\n|-ability|p1a: Coldhands|Unnerve\n|turn|5\n|j| Matrod\n|\n|t:|1773651557\n|move|p1a: Coldhands|Protect|p1a: Coldhands\n|-singleturn|p1a: Coldhands|Protect\n|move|p1b: Primordial Soup|Encore|p2b: Incineroar\n|-start|p2b: Incineroar|Encore\n|move|p2a: Calyrex|Astral Barrage|p1b: Primordial Soup|[spread] \n|-activate|p1a: Coldhands|move: Protect\n|-immune|p1b: Primordial Soup\n|move|p2b: Incineroar|Fake Out||[still]\n|-hint|Fake Out only works on your first turn out.\n|-fail|p2b: Incineroar\n|\n|-weather|none\n|-fieldend|move: Electric Terrain\n|upkeep\n|turn|6\n|\n|t:|1773651569\n|switch|p2b: Scovillain|Scovillain, L50, M|100/100\n|move|p2a: Calyrex|Astral Barrage|p1b: Primordial Soup|[spread] p1a\n|-immune|p1b: Primordial Soup\n|-supereffective|p1a: Coldhands\n|-damage|p1a: Coldhands|0 fnt\n|faint|p1a: Coldhands\n|-ability|p2a: Calyrex|Grim Neigh|boost\n|-boost|p2a: Calyrex|spa|1\n|move|p1b: Primordial Soup|Astral Barrage|p2a: Calyrex|[spread] p2a,p2b\n|-supereffective|p2a: Calyrex\n|-enditem|p2a: Calyrex|Focus Sash\n|-damage|p2a: Calyrex|1/100\n|-damage|p2b: Scovillain|0 fnt\n|faint|p2b: Scovillain\n|-ability|p1b: Primordial Soup|Grim Neigh|boost\n|-boost|p1b: Primordial Soup|spa|1\n|\n|upkeep\n|\n|t:|1773651583\n|switch|p2b: Incineroar|Incineroar, L50, F|64/100\n|-ability|p2b: Incineroar|Intimidate|boost\n|-unboost|p1b: Primordial Soup|atk|1\n|turn|7\n|\n|t:|1773651592\n|move|p1b: Primordial Soup|Protect|p1b: Primordial Soup\n|-singleturn|p1b: Primordial Soup|Protect\n|move|p2b: Incineroar|Fake Out|p1b: Primordial Soup\n|-activate|p1b: Primordial Soup|move: Protect\n|move|p2a: Calyrex|Astral Barrage|p1b: Primordial Soup\n|-activate|p1b: Primordial Soup|move: Protect\n|\n|-end|p2a: Calyrex|Encore\n|upkeep\n|turn|8\n|\n|t:|1773651603\n|move|p2a: Calyrex|Encore|p1b: Primordial Soup\n|-start|p1b: Primordial Soup|Encore\n|move|p1b: Primordial Soup|Protect|p1b: Primordial Soup\n|-singleturn|p1b: Primordial Soup|Protect\n|move|p2b: Incineroar|Knock Off|p1b: Primordial Soup\n|-activate|p1b: Primordial Soup|move: Protect\n|\n|upkeep\n|turn|9\n|l| HelpingAHomie\n|\n|t:|1773651610\n|move|p1b: Primordial Soup|Protect||[still]\n|-fail|p1b: Primordial Soup\n|move|p2a: Calyrex|Psychic|p1b: Primordial Soup\n|-damage|p1b: Primordial Soup|2/100\n|move|p2b: Incineroar|Knock Off|p1b: Primordial Soup\n|-damage|p1b: Primordial Soup|0 fnt\n|-enditem|p1b: Primordial Soup|Focus Sash|[from] move: Knock Off|[of] p2b: Incineroar\n|faint|p1b: Primordial Soup\n|\n|win|benniovyalt\n|c| Matrod|oo\n|c|\u2606Sir AaronVGC|ggs\n|l| MlTTENS\n|l| Gerryjunior\n|c| Matrod|Crazy tie\n|l| Matrod\n|j| Matrod\n|l| Matrod\n|l| gambitofking\n|l| ido1234567890\n|l|\u203dbenniovyalt\n|player|p2|\n|j| Matrod\n|c| Matrod|Sir AaronVGC\n|c|\u2606Sir AaronVGC|hmm?\n|c| Matrod|He says he cant say gg cuz his acc is locked\n|c| Matrod|So from him Gg\n|c| Matrod|lol\n|c|\u2606Sir AaronVGC|ok no worries fam\n|j| mynamegrassgreen\n|j|\u2606BenniOVYalt\n|player|p2|BenniOVYalt|102|\n|l| Matrod\n","uploadtime":1773651829,"views":10,"formatid":"gen9vgc2026regi","rating":null,"private":0,"password":null}