{"id":"gen9vgc2026regi-2578931043","format":"[Gen 9] VGC 2026 Reg I","players":["Jigawoho","asroarri"],"log":"|j|\u2606Jigawoho\n|j|\u2606asroarri\n|t:|1775737725\n|gametype|doubles\n|player|p1|Jigawoho|266|1518\n|player|p2|asroarri|dawn|1564\n|gen|9\n|tier|[Gen 9] VGC 2026 Reg I\n|rated|\n|rule|Species Clause: Limit one of each Pok\u00e9mon\n|rule|Item Clause: Limit 1 of each item\n|clearpoke\n|poke|p1|Koraidon, L50|\n|poke|p1|Calyrex-Shadow, L50|\n|poke|p1|Weezing-Galar, L50, F|\n|poke|p1|Iron Treads, L50|\n|poke|p1|Chi-Yu, L50|\n|poke|p1|Rillaboom, L50, F|\n|poke|p2|Calyrex-Ice, L50|\n|poke|p2|Miraidon, L50|\n|poke|p2|Iron Hands, L50|\n|poke|p2|Farigiraf, L50, M|\n|poke|p2|Torkoal, L50, F|\n|poke|p2|Smeargle, L50, M|\n|teampreview|4\n|inactive|Battle timer is ON: inactive players will automatically lose when time's up. (requested by asroarri)\n|\n|t:|1775737744\n|teamsize|p1|4\n|teamsize|p2|4\n|start\n|switch|p1a: Iron Treads|Iron Treads, L50|100/100\n|switch|p1b: Weezing|Weezing-Galar, L50, F|100/100\n|switch|p2a: Calyrex|Calyrex-Ice, L50|100/100\n|switch|p2b: Smeargle|Smeargle, L50, M|100/100\n|-ability|p1b: Weezing|Neutralizing Gas\n|-ability|p2a: Calyrex|As One\n|-ability|p2a: Calyrex|Unnerve\n|turn|1\n|\n|t:|1775737759\n|move|p2b: Smeargle|Follow Me|p2b: Smeargle\n|-singleturn|p2b: Smeargle|move: Follow Me\n|move|p1a: Iron Treads|Iron Head|p2b: Smeargle\n|-damage|p2b: Smeargle|22/100\n|move|p1b: Weezing|Strange Steam|p2b: Smeargle\n|-damage|p2b: Smeargle|0 fnt\n|faint|p2b: Smeargle\n|move|p2a: Calyrex|Trick Room|p2a: Calyrex\n|-fieldstart|move: Trick Room|[of] p2a: Calyrex\n|\n|upkeep\n|\n|t:|1775737765\n|switch|p2b: Torkoal|Torkoal, L50, F|100/100\n|turn|2\n|\n|t:|1775737783\n|-terastallize|p2b: Torkoal|Fire\n|-terastallize|p1b: Weezing|Water\n|move|p2b: Torkoal|Eruption|p1b: Weezing|[spread] p1a,p1b\n|-supereffective|p1a: Iron Treads\n|-resisted|p1b: Weezing\n|-damage|p1a: Iron Treads|0 fnt\n|-damage|p1b: Weezing|47/100\n|faint|p1a: Iron Treads\n|-end|p1a: Iron Treads|Quark Drive|[silent]\n|move|p2a: Calyrex|Glacial Lance|p1b: Weezing\n|-resisted|p1b: Weezing\n|-damage|p1b: Weezing|14/100\n|move|p1b: Weezing|Will-O-Wisp|p2a: Calyrex\n|-status|p2a: Calyrex|brn\n|\n|-damage|p2a: Calyrex|95/100 brn|[from] brn\n|upkeep\n|\n|t:|1775737804\n|switch|p1a: Koraidon|Koraidon, L50|100/100\n|-weather|SunnyDay|[from] ability: Orichalcum Pulse|[of] p1a: Koraidon\n|-activate|p1a: Koraidon|Orichalcum Pulse|[source]\n|turn|3\n|\n|t:|1775737815\n|move|p1b: Weezing|Protect|p1b: Weezing\n|-singleturn|p1b: Weezing|Protect\n|move|p2b: Torkoal|Eruption|p1a: Koraidon|[spread] p1a\n|-activate|p1b: Weezing|move: Protect\n|-resisted|p1a: Koraidon\n|-damage|p1a: Koraidon|31/100\n|move|p2a: Calyrex|Glacial Lance|p1a: Koraidon|[spread] p1a\n|-activate|p1b: Weezing|move: Protect\n|-supereffective|p1a: Koraidon\n|-damage|p1a: Koraidon|0 fnt\n|faint|p1a: Koraidon\n|-ability|p2a: Calyrex|Chilling Neigh|boost\n|-boost|p2a: Calyrex|atk|1\n|\n|-weather|SunnyDay|[upkeep]\n|-damage|p2a: Calyrex|89/100 brn|[from] brn\n|upkeep\n|\n|t:|1775737827\n|switch|p1a: Calyrex|Calyrex-Shadow, L50|100/100\n|-ability|p1a: Calyrex|As One\n|-ability|p1a: Calyrex|Unnerve\n|turn|4\n|\n|t:|1775737834\n|move|p1a: Calyrex|Protect|p1a: Calyrex\n|-singleturn|p1a: Calyrex|Protect\n|move|p2b: Torkoal|Eruption|p1b: Weezing|[spread] p1b\n|-activate|p1a: Calyrex|move: Protect\n|-resisted|p1b: Weezing\n|-damage|p1b: Weezing|0 fnt\n|faint|p1b: Weezing\n|-end|p1b: Weezing|ability: Neutralizing Gas\n|move|p2a: Calyrex|Glacial Lance|p1a: Calyrex\n|-activate|p1a: Calyrex|move: Protect\n|\n|-weather|SunnyDay|[upkeep]\n|-damage|p2a: Calyrex|83/100 brn|[from] brn\n|upkeep\n|turn|5\n|\n|t:|1775737839\n|move|p1a: Calyrex|Protect|p1a: Calyrex\n|-singleturn|p1a: Calyrex|Protect\n|move|p2b: Torkoal|Eruption|p1a: Calyrex\n|-activate|p1a: Calyrex|move: Protect\n|move|p2a: Calyrex|Glacial Lance|p1a: Calyrex\n|-activate|p1a: Calyrex|move: Protect\n|\n|-weather|SunnyDay|[upkeep]\n|-damage|p2a: Calyrex|77/100 brn|[from] brn\n|-fieldend|move: Trick Room\n|upkeep\n|turn|6\n|\n|t:|1775737847\n|move|p2a: Calyrex|Protect|p2a: Calyrex\n|-singleturn|p2a: Calyrex|Protect\n|move|p1a: Calyrex|Astral Barrage|p2a: Calyrex|[spread] p2b\n|-activate|p2a: Calyrex|move: Protect\n|-damage|p2b: Torkoal|28/100\n|move|p2b: Torkoal|Eruption|p1a: Calyrex\n|-damage|p1a: Calyrex|46/100\n|\n|-weather|SunnyDay|[upkeep]\n|-damage|p2a: Calyrex|72/100 brn|[from] brn\n|upkeep\n|turn|7\n|\n|t:|1775737859\n|move|p1a: Calyrex|Astral Barrage|p2b: Torkoal|[spread] p2a,p2b\n|-supereffective|p2a: Calyrex\n|-damage|p2a: Calyrex|0 fnt\n|-damage|p2b: Torkoal|0 fnt\n|faint|p2a: Calyrex\n|faint|p2b: Torkoal\n|-ability|p1a: Calyrex|Grim Neigh|boost\n|-boost|p1a: Calyrex|spa|2\n|\n|-weather|none\n|upkeep\n|\n|t:|1775737862\n|switch|p2a: Miraidon|Miraidon, L50|100/100\n|-fieldstart|move: Electric Terrain|[from] ability: Hadron Engine|[of] p2a: Miraidon\n|turn|8\n|\n|t:|1775737865\n|move|p2a: Miraidon|Electro Drift|p1a: Calyrex\n|-damage|p1a: Calyrex|0 fnt\n|faint|p1a: Calyrex\n|\n|win|asroarri\n|raw|Jigawoho's rating: 1518 &rarr; <strong>1501</strong><br />(-17 for losing)\n|raw|asroarri's rating: 1564 &rarr; <strong>1581</strong><br />(+17 for winning)\n|l|\u2606asroarri\n|player|p2|\n|l|\u2606Jigawoho\n|player|p1|\n","uploadtime":1775738048,"views":11,"formatid":"gen9vgc2026regi","rating":1501,"private":0,"password":null}