{"id":"gen9vgc2026regi-2591249073","format":"[Gen 9] VGC 2026 Reg I","players":["angrybook","Luca8"],"log":"|j|\u2606angrybook\n|j|\u2606Luca8\n|t:|1776884163\n|gametype|doubles\n|player|p1|angrybook|pokemaniac|1606\n|player|p2|Luca8|flint|1568\n|gen|9\n|tier|[Gen 9] VGC 2026 Reg I\n|rated|\n|rule|Species Clause: Limit one of each Pok\u00e9mon\n|rule|Item Clause: Limit 1 of each item\n|clearpoke\n|poke|p1|Koraidon, L50|\n|poke|p1|Flutter Mane, L50|\n|poke|p1|Incineroar, L50, F|\n|poke|p1|Lunala, L50|\n|poke|p1|Ursaluna, L50, M|\n|poke|p1|Walking Wake, L50|\n|poke|p2|Zamazenta-*, L50|\n|poke|p2|Indeedee-F, L50, F|\n|poke|p2|Torkoal, L50, F|\n|poke|p2|Calyrex-Shadow, L50|\n|poke|p2|Pelipper, L50, M|\n|poke|p2|Tornadus, L50, M|\n|teampreview|4\n|inactive|Battle timer is ON: inactive players will automatically lose when time's up. (requested by angrybook)\n|inactive|angrybook has 60 seconds left.\n|inactive|Luca8 has 60 seconds left.\n|\n|t:|1776884203\n|teamsize|p1|4\n|teamsize|p2|4\n|start\n|switch|p1a: Koraidon|Koraidon, L50|100/100\n|switch|p1b: Lunala|Lunala, L50|100/100\n|switch|p2a: Zamazenta|Zamazenta-Crowned, L50|100/100\n|switch|p2b: Calyrex|Calyrex-Shadow, L50|100/100\n|-ability|p2b: Calyrex|As One\n|-ability|p2b: Calyrex|Unnerve\n|-weather|SunnyDay|[from] ability: Orichalcum Pulse|[of] p1a: Koraidon\n|-activate|p1a: Koraidon|Orichalcum Pulse|[source]\n|-ability|p2a: Zamazenta|Dauntless Shield|boost\n|-boost|p2a: Zamazenta|def|1\n|turn|1\n|\n|t:|1776884225\n|-terastallize|p2a: Zamazenta|Fighting\n|-terastallize|p1b: Lunala|Fairy\n|move|p2b: Calyrex|Shadow Ball|p1b: Lunala\n|-damage|p1b: Lunala|86/100\n|move|p1a: Koraidon|Collision Course|p2a: Zamazenta\n|-damage|p2a: Zamazenta|73/100\n|move|p2a: Zamazenta|Crunch|p1b: Lunala\n|-resisted|p1b: Lunala\n|-damage|p1b: Lunala|78/100\n|move|p1b: Lunala|Trick Room|p1b: Lunala\n|-fieldstart|move: Trick Room|[of] p1b: Lunala\n|\n|-weather|SunnyDay|[upkeep]\n|upkeep\n|turn|2\n|inactive|angrybook has 30 seconds left.\n|\n|t:|1776884250\n|move|p2b: Calyrex|Protect|p2b: Calyrex\n|-singleturn|p2b: Calyrex|Protect\n|move|p1b: Lunala|Moonblast|p2a: Zamazenta\n|-supereffective|p2a: Zamazenta\n|-damage|p2a: Zamazenta|13/100\n|move|p2a: Zamazenta|Heavy Slam|p1b: Lunala\n|-supereffective|p1b: Lunala\n|-damage|p1b: Lunala|8/100\n|move|p1a: Koraidon|Flare Blitz|p2b: Calyrex\n|-activate|p2b: Calyrex|move: Protect\n|\n|-weather|SunnyDay|[upkeep]\n|upkeep\n|turn|3\n|\n|t:|1776884268\n|move|p2a: Zamazenta|Protect|p2a: Zamazenta\n|-singleturn|p2a: Zamazenta|Protect\n|move|p1b: Lunala|Moonblast|p2a: Zamazenta\n|-activate|p2a: Zamazenta|move: Protect\n|move|p1a: Koraidon|Flare Blitz|p2b: Calyrex\n|-enditem|p2b: Calyrex|Focus Sash\n|-damage|p2b: Calyrex|1/100\n|-damage|p1a: Koraidon|71/100|[from] Recoil\n|move|p2b: Calyrex|Astral Barrage|p1b: Lunala|[spread] p1a,p1b\n|-damage|p1a: Koraidon|20/100\n|-damage|p1b: Lunala|0 fnt\n|faint|p1b: Lunala\n|-ability|p2b: Calyrex|Grim Neigh|boost\n|-boost|p2b: Calyrex|spa|1\n|\n|-weather|SunnyDay|[upkeep]\n|upkeep\n|\n|t:|1776884271\n|switch|p1b: Ursaluna|Ursaluna, L50, M|100/100\n|turn|4\n|inactive|Luca8 has 30 seconds left.\n|inactive|Luca8 has 20 seconds left.\n|inactive|Luca8 has 15 seconds left.\n|\n|t:|1776884313\n|switch|p2b: Pelipper|Pelipper, L50, M|100/100\n|-weather|RainDance|[from] ability: Drizzle|[of] p2b: Pelipper\n|move|p1b: Ursaluna|Headlong Rush|p2a: Zamazenta\n|-damage|p2a: Zamazenta|0 fnt\n|-unboost|p1b: Ursaluna|def|1\n|-unboost|p1b: Ursaluna|spd|1\n|faint|p2a: Zamazenta\n|move|p1a: Koraidon|Flare Blitz|p2b: Pelipper\n|-resisted|p2b: Pelipper\n|-damage|p2b: Pelipper|89/100\n|-damage|p1a: Koraidon|17/100|[from] Recoil\n|\n|-weather|RainDance|[upkeep]\n|-status|p1b: Ursaluna|brn|[from] item: Flame Orb\n|upkeep\n|inactive|Luca8 has 30 seconds left.\n|\n|t:|1776884338\n|switch|p2a: Indeedee|Indeedee-F, L50, F|100/100\n|-fieldstart|move: Psychic Terrain|[from] ability: Psychic Surge|[of] p2a: Indeedee\n|turn|5\n|\n|t:|1776884347\n|switch|p1a: Walking Wake|Walking Wake, L50|100/100\n|move|p1b: Ursaluna|Protect|p1b: Ursaluna\n|-singleturn|p1b: Ursaluna|Protect\n|move|p2b: Pelipper|Muddy Water|p1a: Walking Wake|[spread] p1a\n|-activate|p1b: Ursaluna|move: Protect\n|-resisted|p1a: Walking Wake\n|-damage|p1a: Walking Wake|93/100\n|move|p2a: Indeedee|Psychic|p1b: Ursaluna\n|-activate|p1b: Ursaluna|move: Protect\n|\n|-weather|RainDance|[upkeep]\n|-damage|p1b: Ursaluna|95/100 brn|[from] brn\n|-fieldend|move: Trick Room\n|upkeep\n|turn|6\n|\n|t:|1776884368\n|move|p1a: Walking Wake|Snarl|p2b: Pelipper|[spread] p2a\n|-miss|p1a: Walking Wake|p2b: Pelipper\n|-supereffective|p2a: Indeedee\n|-damage|p2a: Indeedee|76/100\n|-unboost|p2a: Indeedee|spa|1\n|move|p2a: Indeedee|Psychic|p1b: Ursaluna\n|-damage|p1b: Ursaluna|62/100 brn\n|move|p2b: Pelipper|Muddy Water|p1a: Walking Wake|[spread] p1a,p1b\n|-resisted|p1a: Walking Wake\n|-crit|p1a: Walking Wake\n|-supereffective|p1b: Ursaluna\n|-damage|p1a: Walking Wake|81/100\n|-damage|p1b: Ursaluna|0 fnt\n|-unboost|p1a: Walking Wake|accuracy|1\n|faint|p1b: Ursaluna\n|\n|-weather|RainDance|[upkeep]\n|upkeep\n|\n|t:|1776884371\n|switch|p1b: Koraidon|Koraidon, L50|17/100\n|-weather|SunnyDay|[from] ability: Orichalcum Pulse|[of] p1b: Koraidon\n|-activate|p1a: Walking Wake|ability: Protosynthesis\n|-start|p1a: Walking Wake|protosynthesisspe\n|-activate|p1b: Koraidon|Orichalcum Pulse|[source]\n|turn|7\n|inactive|Luca8 has 30 seconds left.\n|\n|t:|1776884398\n|move|p1b: Koraidon|Protect|p1b: Koraidon\n|-singleturn|p1b: Koraidon|Protect\n|move|p1a: Walking Wake|Hydro Steam|p2a: Indeedee\n|-damage|p2a: Indeedee|19/100\n|move|p2a: Indeedee|Psychic|p1b: Koraidon\n|-activate|p1b: Koraidon|move: Protect\n|move|p2b: Pelipper|Tailwind|p2b: Pelipper\n|-sidestart|p2: Luca8|move: Tailwind\n|\n|-weather|SunnyDay|[upkeep]\n|upkeep\n|turn|8\n|\n|t:|1776884418\n|move|p1a: Walking Wake|Snarl|p2a: Indeedee|[spread] p2a,p2b\n|-supereffective|p2a: Indeedee\n|-damage|p2a: Indeedee|0 fnt\n|-damage|p2b: Pelipper|72/100\n|-unboost|p2b: Pelipper|spa|1\n|faint|p2a: Indeedee\n|move|p1b: Koraidon|Collision Course|p2b: Pelipper\n|-resisted|p2b: Pelipper\n|-damage|p2b: Pelipper|32/100\n|move|p2b: Pelipper|Hurricane|p1a: Walking Wake\n|-damage|p1a: Walking Wake|57/100\n|\n|-weather|SunnyDay|[upkeep]\n|upkeep\n|\n|t:|1776884432\n|switch|p2a: Calyrex|Calyrex-Shadow, L50|1/100\n|-ability|p2a: Calyrex|As One\n|-ability|p2a: Calyrex|Unnerve\n|turn|9\n|\n|t:|1776884453\n|move|p2b: Pelipper|Helping Hand|p2a: Calyrex\n|-singleturn|p2a: Calyrex|Helping Hand|[of] p2b: Pelipper\n|move|p1b: Koraidon|Protect|p1b: Koraidon\n|-singleturn|p1b: Koraidon|Protect\n|move|p2a: Calyrex|Expanding Force|p1a: Walking Wake|[spread] p1a\n|-activate|p1b: Koraidon|move: Protect\n|-damage|p1a: Walking Wake|0 fnt\n|faint|p1a: Walking Wake\n|-end|p1a: Walking Wake|Protosynthesis|[silent]\n|-ability|p2a: Calyrex|Grim Neigh|boost\n|-boost|p2a: Calyrex|spa|1\n|\n|-weather|SunnyDay|[upkeep]\n|-fieldend|move: Psychic Terrain\n|upkeep\n|turn|10\n|c|\u2606angrybook|gg\n|\n|t:|1776884471\n|move|p2a: Calyrex|Astral Barrage|p1b: Koraidon\n|-damage|p1b: Koraidon|0 fnt\n|faint|p1b: Koraidon\n|\n|win|Luca8\n|raw|angrybook's rating: 1606 &rarr; <strong>1584</strong><br />(-22 for losing)\n|raw|Luca8's rating: 1568 &rarr; <strong>1590</strong><br />(+22 for winning)\n|l|\u2606angrybook\n|player|p1|\n|l|\u2606Luca8\n|player|p2|\n","uploadtime":1776884655,"views":23,"formatid":"gen9vgc2026regi","rating":1584,"private":0,"password":null}