{"id":"gen9vgc2026regi-2589735351","format":"[Gen 9] VGC 2026 Reg I","players":["Glaceon_1740","aqqqxin"],"log":"|j|\u203dGlaceon_1740\n|j|\u2606aqqqxin\n|t:|1776753563\n|gametype|doubles\n|player|p1|Glaceon_1740|dawn-gen4pt|1466\n|player|p2|aqqqxin|roxie|1507\n|gen|9\n|tier|[Gen 9] VGC 2026 Reg I\n|rated|\n|rule|Species Clause: Limit one of each Pok\u00e9mon\n|rule|Item Clause: Limit 1 of each item\n|clearpoke\n|poke|p1|Meowscarada, L50, F|\n|poke|p1|Murkrow, L50, M|\n|poke|p1|Kyogre, L50|\n|poke|p1|Zacian-*, L50|\n|poke|p1|Incineroar, L50, F|\n|poke|p1|Rillaboom, L50, F|\n|poke|p2|Rillaboom, L50, M|\n|poke|p2|Incineroar, L50, F|\n|poke|p2|Zamazenta-*, L50|\n|poke|p2|Calyrex-Shadow, L50|\n|poke|p2|Ogerpon-Cornerstone, L50, F|\n|poke|p2|Tornadus, L50, M|\n|teampreview|4\n|inactive|Battle timer is ON: inactive players will automatically lose when time's up. (requested by Glaceon_1740)\n|\n|t:|1776753580\n|teamsize|p1|4\n|teamsize|p2|4\n|start\n|switch|p1a: Meowscarada|Meowscarada, L50, F|100/100\n|switch|p1b: Kyogre|Kyogre, L50|100/100\n|switch|p2a: Rillaboom|Rillaboom, L50, M|100/100\n|switch|p2b: Tornadus|Tornadus, L50, M|100/100\n|-weather|RainDance|[from] ability: Drizzle|[of] p1b: Kyogre\n|-fieldstart|move: Grassy Terrain|[from] ability: Grassy Surge|[of] p2a: Rillaboom\n|turn|1\n|l|\u2606aqqqxin\n|inactive|aqqqxin disconnected and has a minute to reconnect!\n|player|p2|\n|inactive|aqqqxin has 30 seconds left.\n|inactive|aqqqxin has 20 seconds left.\n|inactive|aqqqxin has 15 seconds left.\n|inactive|aqqqxin has 10 seconds left.\n|inactive|aqqqxin has 5 seconds left.\n|j|\u2606aqqqxin\n|inactive|aqqqxin reconnected and has 5 seconds left.\n|player|p2|aqqqxin|roxie|\n|\n|t:|1776753633\n|move|p2b: Tornadus|Protect|p2b: Tornadus\n|-singleturn|p2b: Tornadus|Protect\n|move|p1a: Meowscarada|Triple Axel|p2a: Rillaboom\n|-start|p1a: Meowscarada|typechange|Ice|[from] ability: Protean\n|-supereffective|p2a: Rillaboom\n|-damage|p2a: Rillaboom|83/100\n|-supereffective|p2a: Rillaboom\n|-damage|p2a: Rillaboom|42/100\n|-supereffective|p2a: Rillaboom\n|-crit|p2a: Rillaboom\n|-damage|p2a: Rillaboom|0 fnt\n|faint|p2a: Rillaboom\n|-hitcount|p2: Rillaboom|3\n|move|p1b: Kyogre|Water Spout|p2b: Tornadus\n|-activate|p2b: Tornadus|move: Protect\n|\n|-weather|RainDance|[upkeep]\n|upkeep\n|\n|t:|1776753653\n|switch|p2a: Zamazenta|Zamazenta-Crowned, L50|100/100\n|-ability|p2a: Zamazenta|Dauntless Shield|boost\n|-boost|p2a: Zamazenta|def|1\n|turn|2\n|inactive|Glaceon_1740 has 30 seconds left.\n|inactive|Glaceon_1740 has 20 seconds left.\n|inactive|Glaceon_1740 has 15 seconds left.\n|\n|t:|1776753699\n|switch|p1b: Murkrow|Murkrow, L50, M, shiny|100/100\n|move|p2a: Zamazenta|Wide Guard|p2a: Zamazenta\n|-singleturn|p2a: Zamazenta|Wide Guard\n|move|p2b: Tornadus|Tailwind|p2b: Tornadus\n|-sidestart|p2: aqqqxin|move: Tailwind\n|move|p1a: Meowscarada|Triple Axel|p2b: Tornadus\n|-supereffective|p2b: Tornadus\n|-damage|p2b: Tornadus|78/100\n|-supereffective|p2b: Tornadus\n|-damage|p2b: Tornadus|32/100\n|-supereffective|p2b: Tornadus\n|-damage|p2b: Tornadus|0 fnt\n|faint|p2b: Tornadus\n|-hitcount|p2: Tornadus|3\n|\n|-weather|RainDance|[upkeep]\n|upkeep\n|\n|t:|1776753705\n|switch|p2b: Calyrex|Calyrex-Shadow, L50|100/100\n|-ability|p2b: Calyrex|As One\n|-ability|p2b: Calyrex|Unnerve\n|turn|3\n|inactive|Glaceon_1740 has 30 seconds left.\n|inactive|aqqqxin has 30 seconds left.\n|inactive|Glaceon_1740 has 20 seconds left.\n|inactive|Glaceon_1740 has 15 seconds left.\n|\n|t:|1776753746\n|move|p1b: Murkrow|Tailwind|p1b: Murkrow\n|-sidestart|p1: Glaceon_1740|move: Tailwind\n|move|p1a: Meowscarada|Triple Axel|p2b: Calyrex\n|-damage|p2b: Calyrex|90/100\n|-damage|p2b: Calyrex|67/100\n|-damage|p2b: Calyrex|33/100\n|-hitcount|p2b: Calyrex|3\n|move|p2b: Calyrex|Astral Barrage|p1b: Murkrow|[spread] p1a,p1b\n|-resisted|p1b: Murkrow\n|-damage|p1a: Meowscarada|11/100\n|-damage|p1b: Murkrow|62/100\n|-damage|p2b: Calyrex|24/100|[from] item: Life Orb\n|move|p2a: Zamazenta|Body Press|p1a: Meowscarada\n|-supereffective|p1a: Meowscarada\n|-damage|p1a: Meowscarada|0 fnt\n|faint|p1a: Meowscarada\n|\n|-weather|RainDance|[upkeep]\n|-heal|p2b: Calyrex|30/100|[from] Grassy Terrain\n|upkeep\n|\n|t:|1776753771\n|switch|p1a: Kyogre|Kyogre, L50|100/100\n|turn|4\n|\n|t:|1776753785\n|-terastallize|p2b: Calyrex|Dark\n|move|p2b: Calyrex|Astral Barrage|p1b: Murkrow|[spread] p1a,p1b\n|-resisted|p1b: Murkrow\n|-damage|p1a: Kyogre|57/100\n|-damage|p1b: Murkrow|23/100\n|-damage|p2b: Calyrex|20/100|[from] item: Life Orb\n|move|p2a: Zamazenta|Body Press|p1a: Kyogre\n|-damage|p1a: Kyogre|4/100\n|move|p1b: Murkrow|Foul Play|p2b: Calyrex\n|-resisted|p2b: Calyrex\n|-damage|p2b: Calyrex|7/100\n|move|p1a: Kyogre|Water Spout|p2b: Calyrex|[spread] p2a,p2b\n|-damage|p2a: Zamazenta|98/100\n|-damage|p2b: Calyrex|3/100\n|\n|-weather|RainDance|[upkeep]\n|-heal|p2b: Calyrex|10/100|[from] Grassy Terrain\n|-heal|p2a: Zamazenta|100/100|[from] Grassy Terrain\n|-heal|p1a: Kyogre|10/100|[from] Grassy Terrain\n|upkeep\n|turn|5\n|inactive|Glaceon_1740 has 30 seconds left.\n|inactive|aqqqxin has 30 seconds left.\n|inactive|Glaceon_1740 has 20 seconds left.\n|inactive|Glaceon_1740 has 15 seconds left.\n|\n|t:|1776753825\n|move|p2b: Calyrex|Protect|p2b: Calyrex\n|-singleturn|p2b: Calyrex|Protect\n|move|p1a: Kyogre|Protect|p1a: Kyogre\n|-singleturn|p1a: Kyogre|Protect\n|move|p1b: Murkrow|Haze|p1b: Murkrow\n|-clearallboost\n|move|p2a: Zamazenta|Body Press|p1a: Kyogre\n|-activate|p1a: Kyogre|move: Protect\n|\n|-weather|none\n|-heal|p2b: Calyrex|16/100|[from] Grassy Terrain\n|-heal|p1a: Kyogre|16/100|[from] Grassy Terrain\n|-sideend|p2: aqqqxin|move: Tailwind\n|-fieldend|move: Grassy Terrain\n|upkeep\n|turn|6\n|inactive|Glaceon_1740 has 30 seconds left.\n|inactive|Glaceon_1740 has 20 seconds left.\n|\n|t:|1776753862\n|move|p2a: Zamazenta|Wide Guard|p2a: Zamazenta\n|-singleturn|p2a: Zamazenta|Wide Guard\n|move|p1b: Murkrow|Rain Dance|p1b: Murkrow\n|-weather|RainDance\n|move|p1a: Kyogre|Ice Beam|p2b: Calyrex\n|-damage|p2b: Calyrex|0 fnt\n|faint|p2b: Calyrex\n|\n|-weather|RainDance|[upkeep]\n|-sideend|p1: Glaceon_1740|move: Tailwind\n|upkeep\n|turn|7\n|\n|t:|1776753875\n|move|p1b: Murkrow|Tailwind|p1b: Murkrow\n|-sidestart|p1: Glaceon_1740|move: Tailwind\n|move|p1a: Kyogre|Origin Pulse|p2a: Zamazenta\n|-damage|p2a: Zamazenta|41/100\n|move|p2a: Zamazenta|Body Press|p1a: Kyogre\n|-damage|p1a: Kyogre|0 fnt\n|faint|p1a: Kyogre\n|\n|-weather|RainDance|[upkeep]\n|upkeep\n|\n|t:|1776753889\n|switch|p1a: Zacian|Zacian-Crowned, L50|100/100\n|-ability|p1a: Zacian|Intrepid Sword|boost\n|-boost|p1a: Zacian|atk|1\n|turn|8\n|\n|t:|1776753899\n|move|p1a: Zacian|Play Rough|p2a: Zamazenta\n|-damage|p2a: Zamazenta|1/100\n|move|p1b: Murkrow|Foul Play|p2a: Zamazenta\n|-resisted|p2a: Zamazenta\n|-damage|p2a: Zamazenta|0 fnt\n|faint|p2a: Zamazenta\n|\n|win|Glaceon_1740\n|raw|Glaceon_1740's rating: 1481 &rarr; <strong>1501</strong><br />(+20 for winning)\n|raw|aqqqxin's rating: 1487 &rarr; <strong>1467</strong><br />(-20 for losing)\n|l|\u2606aqqqxin\n|player|p2|\n","uploadtime":1776754038,"views":8,"formatid":"gen9vgc2026regi","rating":1467,"private":0,"password":null}