{"id":"gen9vgc2026regi-2568488375","format":"[Gen 9] VGC 2026 Reg I","players":["987w","bullgod4ever"],"log":"|j|\u2606987w\n|j|\u2606bullgod4ever\n|t:|1774584529\n|gametype|doubles\n|player|p1|987w|lacey|1370\n|player|p2|bullgod4ever|170|1443\n|gen|9\n|tier|[Gen 9] VGC 2026 Reg I\n|rated|\n|rule|Species Clause: Limit one of each Pok\u00e9mon\n|rule|Item Clause: Limit 1 of each item\n|clearpoke\n|poke|p1|Miraidon, L50|\n|poke|p1|Calyrex-Ice, L50|\n|poke|p1|Volcarona, L50, M|\n|poke|p1|Incineroar, L50, M|\n|poke|p1|Urshifu-*, L50, F|\n|poke|p1|Whimsicott, L50, M|\n|poke|p2|Calyrex-Ice, L50|\n|poke|p2|Miraidon, L50|\n|poke|p2|Urshifu-*, L50, M|\n|poke|p2|Incineroar, L50, F|\n|poke|p2|Landorus, L50, M|\n|poke|p2|Whimsicott, L50, F|\n|teampreview|4\n|inactive|Battle timer is ON: inactive players will automatically lose when time's up. (requested by 987w)\n|inactive|bullgod4ever has 60 seconds left.\n|\n|t:|1774584601\n|teamsize|p1|4\n|teamsize|p2|4\n|start\n|switch|p1a: Miraidon|Miraidon, L50|100/100\n|switch|p1b: Incineroar|Incineroar, L50, M|100/100\n|switch|p2a: Miraidon|Miraidon, L50|100/100\n|switch|p2b: Whimsicott|Whimsicott, L50, F|100/100\n|-fieldstart|move: Electric Terrain|[from] ability: Hadron Engine|[of] p1a: Miraidon\n|-activate|p2a: Miraidon|ability: Hadron Engine\n|-ability|p1b: Incineroar|Intimidate|boost\n|-unboost|p2a: Miraidon|atk|1\n|-unboost|p2b: Whimsicott|atk|1\n|turn|1\n|inactive|bullgod4ever has 30 seconds left.\n|\n|t:|1774584631\n|switch|p2a: Landorus|Landorus, L50, M|100/100\n|-terastallize|p2b: Whimsicott|Ghost\n|-terastallize|p1a: Miraidon|Electric\n|move|p1b: Incineroar|Fake Out|p2a: Landorus\n|-damage|p2a: Landorus|90/100\n|move|p2b: Whimsicott|Moonblast|p1a: Miraidon\n|-damage|p1a: Miraidon|80/100\n|-unboost|p1a: Miraidon|spa|1\n|move|p1a: Miraidon|Snarl|p2b: Whimsicott|[spread] p2a,p2b\n|-supereffective|p2b: Whimsicott\n|-damage|p2a: Landorus|78/100\n|-damage|p2b: Whimsicott|58/100\n|-unboost|p2a: Landorus|spa|1\n|-unboost|p2b: Whimsicott|spa|1\n|\n|upkeep\n|turn|2\n|\n|t:|1774584652\n|switch|p1b: Calyrex|Calyrex-Ice, L50|100/100\n|-ability|p1b: Calyrex|As One\n|-ability|p1b: Calyrex|Unnerve\n|move|p2b: Whimsicott|Tailwind|p2b: Whimsicott\n|-sidestart|p2: bullgod4ever|move: Tailwind\n|move|p2a: Landorus|Earth Power|p1a: Miraidon\n|-supereffective|p1a: Miraidon\n|-damage|p1a: Miraidon|24/100\n|move|p1a: Miraidon|Snarl|p2a: Landorus|[spread] p2a,p2b\n|-supereffective|p2b: Whimsicott\n|-damage|p2a: Landorus|64/100\n|-damage|p2b: Whimsicott|16/100\n|-unboost|p2a: Landorus|spa|1\n|-unboost|p2b: Whimsicott|spa|1\n|\n|upkeep\n|turn|3\n|\n|t:|1774584671\n|switch|p1a: Volcarona|Volcarona, L50, M|100/100\n|-enditem|p1a: Volcarona|Electric Seed\n|-boost|p1a: Volcarona|def|1|[from] item: Electric Seed\n|move|p2b: Whimsicott|Endeavor|p1b: Calyrex\n|-damage|p1b: Calyrex|11/100\n|move|p2a: Landorus|Earth Power|p1b: Calyrex\n|-damage|p1b: Calyrex|0 fnt\n|faint|p1b: Calyrex\n|\n|upkeep\n|\n|t:|1774584684\n|switch|p1b: Incineroar|Incineroar, L50, M|100/100\n|-ability|p1b: Incineroar|Intimidate|boost\n|-unboost|p2a: Landorus|atk|1\n|-unboost|p2b: Whimsicott|atk|1\n|turn|4\n|\n|t:|1774584709\n|move|p2a: Landorus|Protect|p2a: Landorus\n|-singleturn|p2a: Landorus|Protect\n|move|p2b: Whimsicott|Endeavor|p1a: Volcarona\n|-damage|p1a: Volcarona|11/100\n|move|p1a: Volcarona|Quiver Dance|p1a: Volcarona\n|-boost|p1a: Volcarona|spa|1\n|-boost|p1a: Volcarona|spd|1\n|-boost|p1a: Volcarona|spe|1\n|move|p1b: Incineroar|Knock Off|p2b: Whimsicott\n|-supereffective|p2b: Whimsicott\n|-damage|p2b: Whimsicott|0 fnt\n|-enditem|p2b: Whimsicott|Focus Sash|[from] move: Knock Off|[of] p1b: Incineroar\n|faint|p2b: Whimsicott\n|\n|upkeep\n|\n|t:|1774584725\n|switch|p2b: Miraidon|Miraidon, L50|100/100\n|-activate|p2b: Miraidon|ability: Hadron Engine\n|turn|5\n|\n|t:|1774584741\n|move|p1a: Volcarona|Protect|p1a: Volcarona\n|-singleturn|p1a: Volcarona|Protect\n|move|p2b: Miraidon|Volt Switch|p1a: Volcarona\n|-activate|p1a: Volcarona|move: Protect\n|move|p2a: Landorus|Earth Power|p1b: Incineroar\n|-supereffective|p1b: Incineroar\n|-damage|p1b: Incineroar|50/100\n|move|p1b: Incineroar|Parting Shot|p2b: Miraidon\n|-unboost|p2b: Miraidon|atk|1\n|-unboost|p2b: Miraidon|spa|1\n|\n|t:|1774584762\n|switch|p1b: Miraidon|Miraidon, L50, tera:Electric|24/100|[from] Parting Shot\n|-activate|p1b: Miraidon|ability: Hadron Engine\n|\n|-sideend|p2: bullgod4ever|move: Tailwind\n|-fieldend|move: Electric Terrain\n|upkeep\n|turn|6\n|inactive|bullgod4ever has 30 seconds left.\n|inactive|bullgod4ever has 20 seconds left.\n|inactive|bullgod4ever has 15 seconds left.\n|\n|t:|1774584805\n|move|p2a: Landorus|Protect|p2a: Landorus\n|-singleturn|p2a: Landorus|Protect\n|move|p1a: Volcarona|Fiery Dance|p2a: Landorus\n|-activate|p2a: Landorus|move: Protect\n|move|p1b: Miraidon|Draco Meteor|p2b: Miraidon|[miss]\n|-miss|p1b: Miraidon|p2b: Miraidon\n|move|p2b: Miraidon|Volt Switch|p1a: Volcarona\n|-damage|p1a: Volcarona|0 fnt\n|faint|p1a: Volcarona\n|\n|t:|1774584817\n|switch|p2b: Calyrex|Calyrex-Ice, L50|100/100|[from] Volt Switch\n|-ability|p2b: Calyrex|As One\n|-ability|p2b: Calyrex|Unnerve\n|\n|upkeep\n|-message|987w forfeited.\n|\n|win|bullgod4ever\n|raw|987w's rating: 1370 &rarr; <strong>1354</strong><br />(-16 for losing)\n|raw|bullgod4ever's rating: 1443 &rarr; <strong>1459</strong><br />(+16 for winning)\n|l|\u2606987w\n|player|p1|\n|l|\u2606bullgod4ever\n|player|p2|\n","uploadtime":1774584967,"views":11,"formatid":"gen9vgc2026regi","rating":1354,"private":0,"password":null}