{"id":"gen9vgc2026regi-2561592724","format":"[Gen 9] VGC 2026 Reg I","players":["RIAMOO","It'sJustKen VGC"],"log":"|j|\u2606RIAMOO\n|j|\u2606It'sJustKen VGC\n|t:|1773818654\n|gametype|doubles\n|player|p1|RIAMOO|1|1328\n|player|p2|It'sJustKen VGC|265|1437\n|gen|9\n|tier|[Gen 9] VGC 2026 Reg I\n|rated|\n|rule|Species Clause: Limit one of each Pok\u00e9mon\n|rule|Item Clause: Limit 1 of each item\n|clearpoke\n|poke|p1|Calyrex-Ice, L50|\n|poke|p1|Miraidon, L50|\n|poke|p1|Grimmsnarl, L50, M|\n|poke|p1|Ursaluna, L50, F|\n|poke|p1|Incineroar, L50, M|\n|poke|p1|Landorus, L50, M|\n|poke|p2|Iron Hands, L50|\n|poke|p2|Incineroar, L50, F|\n|poke|p2|Calyrex-Shadow, L50|\n|poke|p2|Whimsicott, L50, M|\n|poke|p2|Farigiraf, L50, F|\n|poke|p2|Miraidon, L50|\n|teampreview|4\n|inactive|Battle timer is ON: inactive players will automatically lose when time's up. (requested by It'sJustKen VGC)\n|inactive|RIAMOO has 60 seconds left.\n|\n|t:|1773818691\n|teamsize|p1|4\n|teamsize|p2|4\n|start\n|switch|p1a: Grimmsnarl|Grimmsnarl, L50, M|100/100\n|switch|p1b: Incineroar|Incineroar, L50, M|100/100\n|switch|p2a: Farigiraf|Farigiraf, L50, F|100/100\n|switch|p2b: Miraidon|Miraidon, L50, shiny|100/100\n|-fieldstart|move: Electric Terrain|[from] ability: Hadron Engine|[of] p2b: Miraidon\n|-enditem|p2a: Farigiraf|Electric Seed\n|-boost|p2a: Farigiraf|def|1|[from] item: Electric Seed\n|-ability|p1b: Incineroar|Intimidate|boost\n|-unboost|p2a: Farigiraf|atk|1\n|-unboost|p2b: Miraidon|atk|1\n|turn|1\n|\n|t:|1773818711\n|move|p2a: Farigiraf|Helping Hand|p2b: Miraidon\n|-singleturn|p2b: Miraidon|Helping Hand|[of] p2a: Farigiraf\n|move|p1a: Grimmsnarl|Light Screen|p1a: Grimmsnarl\n|-sidestart|p1: RIAMOO|move: Light Screen\n|move|p2b: Miraidon|Electro Drift|p1b: Incineroar\n|-damage|p1b: Incineroar|4/100\n|move|p1b: Incineroar|U-turn|p2b: Miraidon\n|-damage|p2b: Miraidon|85/100\n|\n|t:|1773818720\n|switch|p1b: Calyrex|Calyrex-Ice, L50|100/100|[from] U-turn\n|-ability|p1b: Calyrex|As One\n|-ability|p1b: Calyrex|Unnerve\n|\n|upkeep\n|turn|2\n|\n|t:|1773818731\n|-terastallize|p2b: Miraidon|Fairy\n|move|p2a: Farigiraf|Helping Hand|p2b: Miraidon\n|-singleturn|p2b: Miraidon|Helping Hand|[of] p2a: Farigiraf\n|move|p2b: Miraidon|Electro Drift|p1a: Grimmsnarl\n|-damage|p1a: Grimmsnarl|0 fnt\n|faint|p1a: Grimmsnarl\n|move|p1b: Calyrex|Leech Seed|p2a: Farigiraf\n|-start|p2a: Farigiraf|move: Leech Seed\n|\n|-damage|p2a: Farigiraf|88/100|[from] Leech Seed|[of] p1b: Calyrex\n|upkeep\n|j| MystwalkerMX7\n|\n|t:|1773818746\n|switch|p1a: Ursaluna|Ursaluna, L50, F|100/100\n|turn|3\n|\n|t:|1773818761\n|move|p1a: Ursaluna|Protect|p1a: Ursaluna\n|-singleturn|p1a: Ursaluna|Protect\n|move|p2b: Miraidon|Electro Drift|p1b: Calyrex\n|-damage|p1b: Calyrex|45/100\n|move|p1b: Calyrex|Leech Seed|p2b: Miraidon\n|-start|p2b: Miraidon|move: Leech Seed\n|move|p2a: Farigiraf|Roar|p1a: Ursaluna\n|drag|p1a: Incineroar|Incineroar, L50, M|4/100\n|-ability|p1a: Incineroar|Intimidate|boost\n|-unboost|p2a: Farigiraf|atk|1\n|-unboost|p2b: Miraidon|atk|1\n|\n|-heal|p1b: Calyrex|51/100|[from] item: Leftovers\n|-damage|p2b: Miraidon|73/100|[from] Leech Seed|[of] p1b: Calyrex\n|-heal|p1b: Calyrex|63/100|[silent]\n|-damage|p2a: Farigiraf|75/100|[from] Leech Seed|[of] p1b: Calyrex\n|-heal|p1b: Calyrex|76/100|[silent]\n|upkeep\n|turn|4\n|\n|t:|1773818779\n|move|p2a: Farigiraf|Helping Hand|p2b: Miraidon\n|-singleturn|p2b: Miraidon|Helping Hand|[of] p2a: Farigiraf\n|move|p2b: Miraidon|Electro Drift|p1b: Calyrex\n|-damage|p1b: Calyrex|0 fnt\n|faint|p1b: Calyrex\n|move|p1a: Incineroar|Knock Off|p2a: Farigiraf\n|-supereffective|p2a: Farigiraf\n|-damage|p2a: Farigiraf|49/100\n|\n|upkeep\n|\n|t:|1773818790\n|switch|p1b: Ursaluna|Ursaluna, L50, F|100/100\n|turn|5\n|\n|t:|1773818813\n|switch|p2a: Incineroar|Incineroar, L50, F|100/100\n|-ability|p2a: Incineroar|Intimidate|boost\n|-unboost|p1a: Incineroar|atk|1\n|-unboost|p1b: Ursaluna|atk|1\n|move|p2b: Miraidon|Electro Drift|p1a: Incineroar\n|-damage|p1a: Incineroar|0 fnt\n|faint|p1a: Incineroar\n|move|p1b: Ursaluna|Facade|p2b: Miraidon\n|-damage|p2b: Miraidon|55/100\n|\n|-damage|p2b: Miraidon|43/100|[from] Leech Seed|[of] p1b: Ursaluna\n|-fieldend|move: Electric Terrain\n|-status|p1b: Ursaluna|brn|[from] item: Flame Orb\n|upkeep\n|turn|6\n|\n|t:|1773818833\n|switch|p2b: Farigiraf|Farigiraf, L50, F|49/100\n|move|p1b: Ursaluna|Substitute|p1b: Ursaluna\n|-start|p1b: Ursaluna|Substitute\n|-damage|p1b: Ursaluna|76/100 brn\n|move|p2a: Incineroar|Flare Blitz|p1b: Ursaluna\n|-end|p1b: Ursaluna|Substitute\n|-damage|p2a: Incineroar|91/100|[from] Recoil|[of] p1b: Ursaluna\n|\n|-damage|p1b: Ursaluna|70/100 brn|[from] brn\n|upkeep\n|turn|7\n|\n|t:|1773818848\n|move|p2b: Farigiraf|Psychic|p1b: Ursaluna\n|-damage|p1b: Ursaluna|50/100 brn\n|move|p1b: Ursaluna|Facade|p2a: Incineroar\n|-damage|p2a: Incineroar|36/100\n|-damage|p1b: Ursaluna|33/100 brn|[from] item: Rocky Helmet|[of] p2a: Incineroar\n|move|p2a: Incineroar|Flare Blitz|p1b: Ursaluna\n|-damage|p1b: Ursaluna|9/100 brn\n|-damage|p2a: Incineroar|26/100|[from] Recoil\n|\n|-damage|p1b: Ursaluna|3/100 brn|[from] brn\n|upkeep\n|turn|8\n|-message|RIAMOO forfeited.\n|\n|win|It'sJustKen VGC\n|raw|RIAMOO's rating: 1328 &rarr; <strong>1315</strong><br />(-13 for losing)\n|raw|It&apos;sJustKen VGC's rating: 1451 &rarr; <strong>1464</strong><br />(+13 for winning)\n|l|\u2606RIAMOO\n|player|p1|\n","uploadtime":1773818868,"views":10,"formatid":"gen9vgc2026regi","rating":1315,"private":0,"password":null}