{"id":"gen9vgc2026regi-2566733201","format":"[Gen 9] VGC 2026 Reg I","players":["magyomi","sheeshshane925"],"log":"|j|\u2606magyomi\n|j|\u2606sheeshshane925\n|t:|1774403094\n|gametype|doubles\n|player|p1|magyomi|266|1529\n|player|p2|sheeshshane925|chuck|1566\n|gen|9\n|tier|[Gen 9] VGC 2026 Reg I\n|rated|\n|rule|Species Clause: Limit one of each Pok\u00e9mon\n|rule|Item Clause: Limit 1 of each item\n|clearpoke\n|poke|p1|Miraidon, L50|\n|poke|p1|Calyrex-Ice, L50|\n|poke|p1|Sneasler, L50, F|\n|poke|p1|Incineroar, L50, F|\n|poke|p1|Amoonguss, L50, F|\n|poke|p1|Urshifu-*, L50, F|\n|poke|p2|Calyrex-Ice, L50|\n|poke|p2|Miraidon, L50|\n|poke|p2|Farigiraf, L50, M|\n|poke|p2|Iron Hands, L50|\n|poke|p2|Scraggy, L50, F|\n|poke|p2|Iron Bundle, L50|\n|teampreview|4\n|\n|t:|1774403117\n|teamsize|p1|4\n|teamsize|p2|4\n|start\n|switch|p1a: Sneasler|Sneasler, L50, F|100/100\n|switch|p1b: Incineroar|Incineroar, L50, F|100/100\n|switch|p2a: Miraidon|Miraidon, L50, shiny|100/100\n|switch|p2b: Iron Bundle|Iron Bundle, L50|100/100\n|-fieldstart|move: Electric Terrain|[from] ability: Hadron Engine|[of] p2a: Miraidon\n|-activate|p2b: Iron Bundle|ability: Quark Drive\n|-start|p2b: Iron Bundle|quarkdrivespe\n|-enditem|p1a: Sneasler|Electric Seed\n|-boost|p1a: Sneasler|def|1|[from] item: Electric Seed\n|-ability|p1b: Incineroar|Intimidate|boost\n|-unboost|p2a: Miraidon|atk|1\n|-unboost|p2b: Iron Bundle|atk|1\n|turn|1\n|\n|t:|1774403139\n|move|p2b: Iron Bundle|Protect|p2b: Iron Bundle\n|-singleturn|p2b: Iron Bundle|Protect\n|move|p2a: Miraidon|Protect|p2a: Miraidon\n|-singleturn|p2a: Miraidon|Protect\n|move|p1a: Sneasler|Toxic Spikes|p2a: Miraidon\n|-sidestart|p2: sheeshshane925|move: Toxic Spikes\n|move|p1b: Incineroar|U-turn|p2b: Iron Bundle\n|-activate|p2b: Iron Bundle|move: Protect\n|\n|upkeep\n|turn|2\n|\n|t:|1774403183\n|move|p1a: Sneasler|Low Kick|p2a: Miraidon\n|-damage|p2a: Miraidon|45/100\n|move|p2b: Iron Bundle|Encore|p1a: Sneasler\n|-start|p1a: Sneasler|Encore\n|move|p2a: Miraidon|Electro Drift|p1b: Incineroar\n|-damage|p1b: Incineroar|10/100\n|-damage|p2a: Miraidon|35/100|[from] item: Life Orb\n|move|p1b: Incineroar|Knock Off|p2a: Miraidon\n|-damage|p2a: Miraidon|5/100\n|-enditem|p2a: Miraidon|Life Orb|[from] move: Knock Off|[of] p1b: Incineroar\n|\n|upkeep\n|turn|3\n|\n|t:|1774403222\n|move|p2a: Miraidon|Protect|p2a: Miraidon\n|-singleturn|p2a: Miraidon|Protect\n|move|p1a: Sneasler|Low Kick|p2a: Miraidon\n|-activate|p2a: Miraidon|move: Protect\n|move|p2b: Iron Bundle|Icy Wind|p1a: Sneasler|[spread] p1a,p1b\n|-resisted|p1b: Incineroar\n|-damage|p1a: Sneasler|74/100\n|-damage|p1b: Incineroar|4/100\n|-unboost|p1a: Sneasler|spe|1\n|-unboost|p1b: Incineroar|spe|1\n|move|p1b: Incineroar|Flare Blitz|p2b: Iron Bundle\n|-crit|p2b: Iron Bundle\n|-damage|p2b: Iron Bundle|10/100\n|-damage|p1b: Incineroar|0 fnt|[from] Recoil\n|faint|p1b: Incineroar\n|\n|upkeep\n|inactive|Battle timer is ON: inactive players will automatically lose when time's up. (requested by sheeshshane925)\n|\n|t:|1774403242\n|switch|p1b: Amoonguss|Amoonguss, L50, F|100/100\n|turn|4\n|\n|t:|1774403263\n|switch|p2a: Scraggy|Scraggy, L50, F|100/100\n|-status|p2a: Scraggy|psn\n|-ability|p2a: Scraggy|Intimidate|boost\n|-unboost|p1a: Sneasler|atk|1\n|-unboost|p1b: Amoonguss|atk|1\n|move|p1b: Amoonguss|Rage Powder|p1b: Amoonguss\n|-singleturn|p1b: Amoonguss|move: Rage Powder\n|move|p2b: Iron Bundle|Freeze-Dry|p1b: Amoonguss\n|-supereffective|p1b: Amoonguss\n|-damage|p1b: Amoonguss|37/100\n|move|p1a: Sneasler|Low Kick|p2b: Iron Bundle\n|-supereffective|p2b: Iron Bundle\n|-damage|p2b: Iron Bundle|0 fnt\n|faint|p2b: Iron Bundle\n|-end|p2b: Iron Bundle|Quark Drive|[silent]\n|\n|-damage|p2a: Scraggy|89/100 psn|[from] psn\n|upkeep\n|\n|t:|1774403275\n|switch|p2b: Miraidon|Miraidon, L50, shiny|5/100\n|-status|p2b: Miraidon|psn\n|-activate|p2b: Miraidon|ability: Hadron Engine\n|turn|5\n|\n|t:|1774403298\n|switch|p1a: Calyrex|Calyrex-Ice, L50|100/100\n|-ability|p1a: Calyrex|As One\n|-ability|p1a: Calyrex|Unnerve\n|move|p2a: Scraggy|Fake Out|p1a: Calyrex\n|-damage|p1a: Calyrex|96/100\n|move|p1b: Amoonguss|Rage Powder|p1b: Amoonguss\n|-singleturn|p1b: Amoonguss|move: Rage Powder\n|move|p2b: Miraidon|Dazzling Gleam|p1b: Amoonguss|[spread] p1a,p1b\n|-resisted|p1b: Amoonguss\n|-damage|p1a: Calyrex|80/100\n|-damage|p1b: Amoonguss|23/100\n|\n|-heal|p1a: Calyrex|86/100|[from] item: Leftovers\n|-damage|p2b: Miraidon|0 fnt|[from] psn\n|faint|p2b: Miraidon\n|-damage|p2a: Scraggy|77/100 psn|[from] psn\n|-fieldend|move: Electric Terrain\n|upkeep\n|\n|t:|1774403309\n|switch|p2b: Calyrex|Calyrex-Ice, L50|100/100\n|-ability|p2b: Calyrex|As One\n|-ability|p2b: Calyrex|Unnerve\n|-status|p2b: Calyrex|psn\n|turn|6\n|inactive|magyomi has 30 seconds left.\n|inactive|sheeshshane925 has 30 seconds left.\n|inactive|magyomi has 20 seconds left.\n|\n|t:|1774403345\n|-terastallize|p1b: Amoonguss|Water\n|move|p1b: Amoonguss|Protect|p1b: Amoonguss\n|-singleturn|p1b: Amoonguss|Protect\n|move|p1a: Calyrex|Leech Seed|p2b: Calyrex\n|-start|p2b: Calyrex|move: Leech Seed\n|move|p2b: Calyrex|Glacial Lance|p1a: Calyrex|[spread] p1a\n|-activate|p1b: Amoonguss|move: Protect\n|-resisted|p1a: Calyrex\n|-damage|p1a: Calyrex|70/100\n|move|p2a: Scraggy|Coaching|p2b: Calyrex\n|-boost|p2b: Calyrex|atk|1\n|-boost|p2b: Calyrex|def|1\n|\n|-heal|p1a: Calyrex|75/100|[from] item: Leftovers\n|-damage|p2b: Calyrex|88/100 psn|[from] Leech Seed|[of] p1a: Calyrex\n|-heal|p1a: Calyrex|87/100|[silent]\n|-damage|p2b: Calyrex|76/100 psn|[from] psn\n|-damage|p2a: Scraggy|65/100 psn|[from] psn\n|upkeep\n|turn|7\n|\n|t:|1774403368\n|move|p1a: Calyrex|Glacial Lance|p2b: Calyrex|[spread] p2a,p2b\n|-resisted|p2b: Calyrex\n|-damage|p2a: Scraggy|24/100 psn\n|-damage|p2b: Calyrex|66/100 psn\n|move|p2b: Calyrex|Glacial Lance|p1a: Calyrex|[spread] p1a,p1b\n|-resisted|p1a: Calyrex\n|-resisted|p1b: Amoonguss\n|-damage|p1a: Calyrex|60/100\n|-damage|p1b: Amoonguss|0 fnt\n|faint|p1b: Amoonguss\n|-ability|p2b: Calyrex|Chilling Neigh|boost\n|-boost|p2b: Calyrex|atk|1\n|move|p2a: Scraggy|Endeavor|p1a: Calyrex\n|-damage|p1a: Calyrex|15/100\n|\n|-heal|p1a: Calyrex|21/100|[from] item: Leftovers\n|-damage|p2b: Calyrex|54/100 psn|[from] Leech Seed|[of] p1a: Calyrex\n|-heal|p1a: Calyrex|33/100|[silent]\n|-damage|p2b: Calyrex|42/100 psn|[from] psn\n|-damage|p2a: Scraggy|12/100 psn|[from] psn\n|upkeep\n|\n|t:|1774403387\n|switch|p1b: Sneasler|Sneasler, L50, F|74/100\n|turn|8\n|\n|t:|1774403405\n|move|p1b: Sneasler|Protect|p1b: Sneasler\n|-singleturn|p1b: Sneasler|Protect\n|move|p1a: Calyrex|Glacial Lance|p2b: Calyrex|[spread] p2a,p2b\n|-resisted|p2b: Calyrex\n|-damage|p2a: Scraggy|0 fnt\n|-damage|p2b: Calyrex|33/100 psn\n|faint|p2a: Scraggy\n|-ability|p1a: Calyrex|Chilling Neigh|boost\n|-boost|p1a: Calyrex|atk|1\n|move|p2b: Calyrex|Glacial Lance|p1a: Calyrex|[spread] p1a\n|-activate|p1b: Sneasler|move: Protect\n|-resisted|p1a: Calyrex\n|-crit|p1a: Calyrex\n|-damage|p1a: Calyrex|0 fnt\n|faint|p1a: Calyrex\n|-ability|p2b: Calyrex|Chilling Neigh|boost\n|-boost|p2b: Calyrex|atk|1\n|\n|-damage|p2b: Calyrex|21/100 psn|[from] psn\n|upkeep\n|turn|9\n|\n|t:|1774403425\n|move|p1b: Sneasler|Throat Chop|p2b: Calyrex\n|-supereffective|p2b: Calyrex\n|-damage|p2b: Calyrex|0 fnt\n|faint|p2b: Calyrex\n|\n|win|magyomi\n|raw|magyomi's rating: 1529 &rarr; <strong>1551</strong><br />(+22 for winning)\n|raw|sheeshshane925's rating: 1566 &rarr; <strong>1544</strong><br />(-22 for losing)\n|l|\u2606sheeshshane925\n|player|p2|\n|l|\u2606magyomi\n|player|p1|\n","uploadtime":1774403686,"views":22,"formatid":"gen9vgc2026regi","rating":1544,"private":0,"password":null}