{"id":"gen9vgc2026regi-2521827462","format":"[Gen 9] VGC 2026 Reg I","players":["Fogdocker","suc vat vk"],"log":"|j|\u2606Fogdocker\n|j|\u2606suc vat vk\n|t:|1768830946\n|gametype|doubles\n|player|p1|Fogdocker|265|1369\n|player|p2|suc vat vk|kimonogirl|1368\n|gen|9\n|tier|[Gen 9] VGC 2026 Reg I\n|rated|\n|rule|Species Clause: Limit one of each Pok\u00e9mon\n|rule|Item Clause: Limit 1 of each item\n|clearpoke\n|poke|p1|Calyrex-Ice, L50|\n|poke|p1|Kyogre, L50|\n|poke|p1|Urshifu-*, L50, F|\n|poke|p1|Rillaboom, L50, M|\n|poke|p1|Landorus, L50, M|\n|poke|p1|Tornadus, L50, M|\n|poke|p2|Calyrex-Shadow, L50|\n|poke|p2|Incineroar, L50, M|\n|poke|p2|Chi-Yu, L50|\n|poke|p2|Smeargle, L50, M|\n|poke|p2|Whimsicott, L50, M|\n|poke|p2|Kyurem-White, L50|\n|teampreview|4\n|\n|t:|1768831000\n|teamsize|p1|4\n|teamsize|p2|4\n|start\n|switch|p1a: Tornadus|Tornadus, L50, M|100/100\n|switch|p1b: Calyrex|Calyrex-Ice, L50|100/100\n|switch|p2a: Whimsicott|Whimsicott, L50, M, shiny|100/100\n|switch|p2b: Kyurem|Kyurem-White, L50, shiny|100/100\n|-ability|p1b: Calyrex|As One\n|-ability|p1b: Calyrex|Unnerve\n|-ability|p2b: Kyurem|Turboblaze\n|turn|1\n|\n|t:|1768831018\n|move|p2a: Whimsicott|Tailwind|p2a: Whimsicott\n|-sidestart|p2: suc vat vk|move: Tailwind\n|move|p1a: Tornadus|Taunt|p2a: Whimsicott\n|-start|p2a: Whimsicott|move: Taunt\n|move|p2b: Kyurem|Fusion Flare|p1b: Calyrex\n|-supereffective|p1b: Calyrex\n|-damage|p1b: Calyrex|31/100\n|-damage|p2b: Kyurem|91/100|[from] item: Life Orb\n|move|p1b: Calyrex|Trick Room|p1b: Calyrex\n|-fieldstart|move: Trick Room|[of] p1b: Calyrex\n|\n|-heal|p1b: Calyrex|37/100|[from] item: Leftovers\n|upkeep\n|turn|2\n|\n|t:|1768831065\n|switch|p1b: Kyogre|Kyogre, L50|100/100\n|-weather|RainDance|[from] ability: Drizzle|[of] p1b: Kyogre\n|switch|p2a: Smeargle|Smeargle, L50, M|100/100\n|-terastallize|p2b: Kyurem|Fire\n|move|p1a: Tornadus|Bleakwind Storm|p2b: Kyurem|[spread] p2a,p2b\n|-damage|p2a: Smeargle|23/100\n|-damage|p2b: Kyurem|59/100\n|-unboost|p2a: Smeargle|spe|1\n|move|p2b: Kyurem|Freeze-Dry|p1b: Kyogre\n|-supereffective|p1b: Kyogre\n|-damage|p1b: Kyogre|20/100\n|-damage|p2b: Kyurem|49/100|[from] item: Life Orb\n|\n|-weather|RainDance|[upkeep]\n|-ability|p2a: Smeargle|Moody|boost\n|-boost|p2a: Smeargle|atk|2\n|-unboost|p2a: Smeargle|spd|1\n|upkeep\n|turn|3\n|\n|t:|1768831098\n|move|p2a: Smeargle|Wide Guard|p2a: Smeargle\n|-singleturn|p2a: Smeargle|Wide Guard\n|move|p1b: Kyogre|Origin Pulse|p2a: Smeargle|[spread] \n|-activate|p2a: Smeargle|move: Wide Guard\n|-activate|p2b: Kyurem|move: Wide Guard\n|move|p1a: Tornadus|Bleakwind Storm|p2b: Kyurem|[spread] \n|-activate|p2a: Smeargle|move: Wide Guard\n|-activate|p2b: Kyurem|move: Wide Guard\n|move|p2b: Kyurem|Freeze-Dry|p1a: Tornadus\n|-supereffective|p1a: Tornadus\n|-damage|p1a: Tornadus|0 fnt\n|faint|p1a: Tornadus\n|-damage|p2b: Kyurem|39/100|[from] item: Life Orb\n|\n|-weather|RainDance|[upkeep]\n|-ability|p2a: Smeargle|Moody|boost\n|-boost|p2a: Smeargle|spe|2\n|-unboost|p2a: Smeargle|spd|1\n|upkeep\n|\n|t:|1768831103\n|switch|p1a: Urshifu|Urshifu-Rapid-Strike, L50, F|100/100\n|turn|4\n|inactive|Battle timer is ON: inactive players will automatically lose when time's up. (requested by suc vat vk)\n|\n|t:|1768831117\n|move|p2b: Kyurem|Protect|p2b: Kyurem\n|-singleturn|p2b: Kyurem|Protect\n|move|p2a: Smeargle|Follow Me|p2a: Smeargle\n|-singleturn|p2a: Smeargle|move: Follow Me\n|move|p1b: Kyogre|Water Spout|p2a: Smeargle|[spread] p2a\n|-activate|p2b: Kyurem|move: Protect\n|-damage|p2a: Smeargle|0 fnt\n|faint|p2a: Smeargle\n|move|p1a: Urshifu|Surging Strikes|p2b: Kyurem\n|-supereffective|p2b: Kyurem\n|-crit|p2b: Kyurem\n|-damage|p2b: Kyurem|0 fnt\n|faint|p2b: Kyurem\n|-hitcount|p2: Kyurem|1\n|\n|-weather|RainDance|[upkeep]\n|-sideend|p2: suc vat vk|move: Tailwind\n|upkeep\n|\n|t:|1768831126\n|switch|p2a: Whimsicott|Whimsicott, L50, M, shiny|100/100\n|switch|p2b: Calyrex|Calyrex-Shadow, L50|100/100\n|-ability|p2b: Calyrex|As One\n|-ability|p2b: Calyrex|Unnerve\n|turn|5\n|\n|t:|1768831131\n|move|p1b: Kyogre|Origin Pulse|p2a: Whimsicott|[spread] p2a,p2b\n|-resisted|p2a: Whimsicott\n|-damage|p2a: Whimsicott|20/100\n|-damage|p2b: Calyrex|2/100\n|move|p1a: Urshifu|Surging Strikes|p2b: Calyrex\n|-crit|p2b: Calyrex\n|-damage|p2b: Calyrex|0 fnt\n|faint|p2b: Calyrex\n|-hitcount|p2: Calyrex|1\n|move|p2a: Whimsicott|Moonblast|p1a: Urshifu\n|-supereffective|p1a: Urshifu\n|-damage|p1a: Urshifu|0 fnt\n|faint|p1a: Urshifu\n|\n|-weather|RainDance|[upkeep]\n|-fieldend|move: Trick Room\n|upkeep\n|\n|t:|1768831135\n|switch|p1a: Calyrex|Calyrex-Ice, L50|37/100\n|-ability|p1a: Calyrex|As One\n|-ability|p1a: Calyrex|Unnerve\n|turn|6\n|\n|t:|1768831143\n|move|p2a: Whimsicott|Moonblast|p1a: Calyrex\n|-damage|p1a: Calyrex|14/100\n|move|p1b: Kyogre|Thunder|p2a: Whimsicott\n|-resisted|p2a: Whimsicott\n|-damage|p2a: Whimsicott|0 fnt\n|faint|p2a: Whimsicott\n|\n|win|Fogdocker\n|raw|Fogdocker's rating: 1369 &rarr; <strong>1389</strong><br />(+20 for winning)\n|raw|suc vat vk's rating: 1368 &rarr; <strong>1348</strong><br />(-20 for losing)\n|l|\u2606suc vat vk\n|player|p2|\n|l|\u2606Fogdocker\n|player|p1|\n","uploadtime":1768831307,"views":17,"formatid":"gen9vgc2026regi","rating":1348,"private":0,"password":null}