{"id":"gen9vgc2026regi-2568713548","format":"[Gen 9] VGC 2026 Reg I","players":["FlyingDingo","SeaWolfMikes"],"log":"|j|\u2606FlyingDingo\n|j|\u2606SeaWolfMikes\n|t:|1774616668\n|gametype|doubles\n|player|p1|FlyingDingo|backpacker|\n|player|p2|SeaWolfMikes|policeman-gen4|\n|gen|9\n|tier|[Gen 9] VGC 2026 Reg I\n|rated|Tournament battle\n|rule|Species Clause: Limit one of each Pok\u00e9mon\n|rule|Item Clause: Limit 1 of each item\n|raw|<div class=\"infobox\"><details class=\"readmore\" open><summary><strong>3 custom rules:</strong></summary> Open Team Sheets, Force Open Team Sheets, !Open Team Sheets</details></div>\n|clearpoke\n|poke|p1|Koraidon, L50|\n|poke|p1|Flutter Mane, L50|\n|poke|p1|Ho-Oh, L50|\n|poke|p1|Raging Bolt, L50|\n|poke|p1|Incineroar, L50, F|\n|poke|p1|Brute Bonnet, L50|\n|poke|p2|Flutter Mane, L50|\n|poke|p2|Koraidon, L50|\n|poke|p2|Chi-Yu, L50|\n|poke|p2|Brute Bonnet, L50|\n|poke|p2|Lunala, L50|\n|poke|p2|Ursaluna, L50, F|\n|teampreview|4\n|showteam|p1|Koraidon||LifeOrb|OrichalcumPulse|FlareBlitz,CloseCombat,FlameCharge,Protect||||||50|,,,,,Fire]Flutter Mane||FocusSash|Protosynthesis|Moonblast,ShadowBall,IcyWind,Protect||||||50|,,,,,Normal]Ho-Oh||ClearAmulet|Regenerator|SacredFire,BraveBird,Tailwind,Protect||||||50|,,,,,Grass]Raging Bolt||AssaultVest|Protosynthesis|Thunderbolt,DracoMeteor,Thunderclap,Snarl||||||50|,,,,,Fairy]Incineroar||SafetyGoggles|Intimidate|FakeOut,PartingShot,WillOWisp,FlareBlitz|||F|||50|,,,,,Water]Brute Bonnet||RockyHelmet|Protosynthesis|SeedBomb,SuckerPunch,Spore,RagePowder||||||50|,,,,,Water\n|showteam|p2|Flutter Mane||FocusSash|Protosynthesis|Moonblast,ShadowBall,IcyWind,Protect||||||50|,,,,,Stellar]Koraidon||LifeOrb|OrichalcumPulse|CloseCombat,FlareBlitz,FlameCharge,Protect||||||50|,,,,,Fire]Chi-Yu||ChoiceScarf|BeadsofRuin|HeatWave,DarkPulse,Overheat,Snarl||||||50|,,,,,Ghost]Brute Bonnet||SitrusBerry|Protosynthesis|SeedBomb,SuckerPunch,Spore,RagePowder||||||50|,,,,,Water]Lunala||PowerHerb|ShadowShield|MoongeistBeam,MeteorBeam,WideGuard,TrickRoom||||||50|,,,,,Water]Ursaluna||FlameOrb|Guts|Facade,HeadlongRush,Earthquake,Protect|||F|||50|,,,,,Ghost\n|j| Billlmads\n|c|\u2606FlyingDingo|gl hf\n|j| prymite\n|l| prymite\n|c|\u2606SeaWolfMikes|u2\n|inactive|Battle timer is ON: inactive players will automatically lose when time's up. (requested by SeaWolfMikes)\n|\n|t:|1774616762\n|teamsize|p1|4\n|teamsize|p2|4\n|start\n|switch|p1a: Brute Bonnet|Brute Bonnet, L50|100/100\n|switch|p1b: Ho-Oh|Ho-Oh, L50|100/100\n|switch|p2a: Brute Bonnet|Brute Bonnet, L50|100/100\n|switch|p2b: Koraidon|Koraidon, L50|100/100\n|-weather|SunnyDay|[from] ability: Orichalcum Pulse|[of] p2b: Koraidon\n|-activate|p2a: Brute Bonnet|ability: Protosynthesis\n|-start|p2a: Brute Bonnet|protosynthesisdef\n|-activate|p1a: Brute Bonnet|ability: Protosynthesis\n|-start|p1a: Brute Bonnet|protosynthesisdef\n|-activate|p2b: Koraidon|Orichalcum Pulse|[source]\n|turn|1\n|\n|t:|1774616770\n|-terastallize|p2a: Brute Bonnet|Water\n|-terastallize|p1a: Brute Bonnet|Water\n|move|p2b: Koraidon|Close Combat|p1a: Brute Bonnet\n|-damage|p1a: Brute Bonnet|46/100\n|-unboost|p2b: Koraidon|def|1\n|-unboost|p2b: Koraidon|spd|1\n|-damage|p2b: Koraidon|84/100|[from] item: Rocky Helmet|[of] p1a: Brute Bonnet\n|-damage|p2b: Koraidon|74/100|[from] item: Life Orb\n|move|p1b: Ho-Oh|Tailwind|p1b: Ho-Oh\n|-sidestart|p1: FlyingDingo|move: Tailwind\n|move|p1a: Brute Bonnet|Spore|p2b: Koraidon\n|-status|p2b: Koraidon|slp|[from] move: Spore\n|move|p2a: Brute Bonnet|Spore|p1a: Brute Bonnet\n|-status|p1a: Brute Bonnet|slp|[from] move: Spore\n|\n|-weather|SunnyDay|[upkeep]\n|upkeep\n|turn|2\n|\n|t:|1774616794\n|move|p1b: Ho-Oh|Brave Bird|p2b: Koraidon\n|-supereffective|p2b: Koraidon\n|-damage|p2b: Koraidon|0 fnt\n|faint|p2b: Koraidon\n|-damage|p1b: Ho-Oh|80/100|[from] Recoil\n|cant|p1a: Brute Bonnet|slp\n|move|p2a: Brute Bonnet|Spore|p1b: Ho-Oh\n|-status|p1b: Ho-Oh|slp|[from] move: Spore\n|\n|-weather|SunnyDay|[upkeep]\n|upkeep\n|\n|t:|1774616797\n|switch|p2b: Chi-Yu|Chi-Yu, L50|100/100\n|-ability|p2b: Chi-Yu|Beads of Ruin\n|turn|3\n|\n|t:|1774616809\n|cant|p1b: Ho-Oh|slp\n|move|p2b: Chi-Yu|Heat Wave|p1b: Ho-Oh|[spread] p1a,p1b\n|-resisted|p1a: Brute Bonnet\n|-resisted|p1b: Ho-Oh\n|-damage|p1a: Brute Bonnet|16/100 slp\n|-damage|p1b: Ho-Oh|59/100 slp\n|cant|p1a: Brute Bonnet|slp\n|move|p2a: Brute Bonnet|Seed Bomb|p1a: Brute Bonnet\n|-supereffective|p1a: Brute Bonnet\n|-damage|p1a: Brute Bonnet|0 fnt\n|faint|p1a: Brute Bonnet\n|-end|p1a: Brute Bonnet|Protosynthesis|[silent]\n|\n|-weather|SunnyDay|[upkeep]\n|upkeep\n|\n|t:|1774616823\n|switch|p1a: Raging Bolt|Raging Bolt, L50|100/100\n|-activate|p1a: Raging Bolt|ability: Protosynthesis\n|-start|p1a: Raging Bolt|protosynthesisspa\n|turn|4\n|\n|t:|1774616828\n|move|p2a: Brute Bonnet|Sucker Punch|p1a: Raging Bolt\n|-damage|p1a: Raging Bolt|77/100\n|-curestatus|p1b: Ho-Oh|slp|[msg]\n|move|p1b: Ho-Oh|Brave Bird|p2a: Brute Bonnet\n|-damage|p2a: Brute Bonnet|70/100\n|-damage|p1b: Ho-Oh|48/100|[from] Recoil\n|move|p2b: Chi-Yu|Heat Wave|p1b: Ho-Oh|[spread] p1a,p1b\n|-resisted|p1a: Raging Bolt\n|-crit|p1a: Raging Bolt\n|-resisted|p1b: Ho-Oh\n|-damage|p1a: Raging Bolt|41/100\n|-damage|p1b: Ho-Oh|25/100\n|move|p1a: Raging Bolt|Thunderbolt|p2a: Brute Bonnet\n|-supereffective|p2a: Brute Bonnet\n|-crit|p2a: Brute Bonnet\n|-damage|p2a: Brute Bonnet|0 fnt\n|faint|p2a: Brute Bonnet\n|-end|p2a: Brute Bonnet|Protosynthesis|[silent]\n|\n|-weather|SunnyDay|[upkeep]\n|-sideend|p1: FlyingDingo|move: Tailwind\n|upkeep\n|\n|t:|1774616841\n|switch|p2a: Flutter Mane|Flutter Mane, L50|100/100\n|-activate|p2a: Flutter Mane|ability: Protosynthesis\n|-start|p2a: Flutter Mane|protosynthesisspe\n|turn|5\n|j| prymite\n|\n|t:|1774616856\n|move|p1a: Raging Bolt|Thunderclap|p2a: Flutter Mane\n|-damage|p2a: Flutter Mane|27/100\n|move|p2a: Flutter Mane|Icy Wind|p1b: Ho-Oh|[spread] p1a,p1b\n|-supereffective|p1a: Raging Bolt\n|-damage|p1a: Raging Bolt|18/100\n|-damage|p1b: Ho-Oh|14/100\n|-unboost|p1a: Raging Bolt|spe|1\n|move|p2b: Chi-Yu|Heat Wave|p1b: Ho-Oh|[spread] p1a,p1b\n|-resisted|p1a: Raging Bolt\n|-resisted|p1b: Ho-Oh\n|-damage|p1a: Raging Bolt|0 fnt\n|-damage|p1b: Ho-Oh|0 fnt\n|faint|p1a: Raging Bolt\n|-end|p1a: Raging Bolt|Protosynthesis|[silent]\n|faint|p1b: Ho-Oh\n|\n|-weather|none\n|-end|p2a: Flutter Mane|Protosynthesis\n|upkeep\n|\n|t:|1774616863\n|switch|p1a: Koraidon|Koraidon, L50|100/100\n|-weather|SunnyDay|[from] ability: Orichalcum Pulse|[of] p1a: Koraidon\n|-activate|p2a: Flutter Mane|ability: Protosynthesis\n|-start|p2a: Flutter Mane|protosynthesisspe\n|-activate|p1a: Koraidon|Orichalcum Pulse|[source]\n|turn|6\n|c|\u2606FlyingDingo|gg\n|\n|t:|1774616870\n|move|p2a: Flutter Mane|Moonblast|p1a: Koraidon\n|-supereffective|p1a: Koraidon\n|-damage|p1a: Koraidon|0 fnt\n|faint|p1a: Koraidon\n|\n|win|SeaWolfMikes\n|n|\u2606FlyingDingo|flyingdingo\n|n|\u2606SeaWolfMikes|seawolfmikes\n|n| Billlmads|billlmads\n|n| prymite|prymite\n","uploadtime":1774616870,"views":23,"formatid":"gen9vgc2026regi","rating":null,"private":0,"password":null}