{"id":"gen9vgc2026regi-2543569061","format":"[Gen 9] VGC 2026 Reg I","players":["j0l0k0","jingscale"],"log":"|j|\u2606j0l0k0\n|j|\u2606jingscale\n|t:|1771594297\n|gametype|doubles\n|player|p1|j0l0k0|brycen|1457\n|player|p2|jingscale|preschoolerf|1550\n|gen|9\n|tier|[Gen 9] VGC 2026 Reg I\n|rated|\n|rule|Species Clause: Limit one of each Pok\u00e9mon\n|rule|Item Clause: Limit 1 of each item\n|clearpoke\n|poke|p1|Calyrex-Ice, L50|\n|poke|p1|Kyogre, L50|\n|poke|p1|Indeedee-F, L50, F|\n|poke|p1|Urshifu-*, L50, F|\n|poke|p1|Amoonguss, L50, F|\n|poke|p1|Landorus, L50, M|\n|poke|p2|Calyrex-Shadow, L50|\n|poke|p2|Zamazenta-*, L50|\n|poke|p2|Incineroar, L50, M|\n|poke|p2|Ogerpon-Cornerstone, L50, F|\n|poke|p2|Rillaboom, L50, M|\n|poke|p2|Tornadus, L50, M|\n|teampreview|4\n|inactive|Battle timer is ON: inactive players will automatically lose when time's up. (requested by j0l0k0)\n|inactive|jingscale also wants the timer to be on.\n|\n|t:|1771594323\n|teamsize|p1|4\n|teamsize|p2|4\n|start\n|switch|p1a: Indeedee|Indeedee-F, L50, F, shiny|100/100\n|switch|p1b: Calyrex|Calyrex-Ice, L50|100/100\n|switch|p2a: Zamazenta|Zamazenta-Crowned, L50|100/100\n|switch|p2b: Rillaboom|Rillaboom, L50, M|100/100\n|-ability|p1b: Calyrex|As One\n|-ability|p1b: Calyrex|Unnerve\n|-ability|p2a: Zamazenta|Dauntless Shield|boost\n|-boost|p2a: Zamazenta|def|1\n|-fieldstart|move: Grassy Terrain|[from] ability: Grassy Surge|[of] p2b: Rillaboom\n|-fieldstart|move: Psychic Terrain|[from] ability: Psychic Surge|[of] p1a: Indeedee\n|turn|1\n|\n|t:|1771594332\n|move|p1a: Indeedee|Follow Me|p1a: Indeedee\n|-singleturn|p1a: Indeedee|move: Follow Me\n|move|p2a: Zamazenta|Body Press|p1a: Indeedee\n|-damage|p1a: Indeedee|22/100\n|move|p2b: Rillaboom|U-turn|p1a: Indeedee\n|-supereffective|p1a: Indeedee\n|-damage|p1a: Indeedee|0 fnt\n|faint|p1a: Indeedee\n|\n|t:|1771594340\n|switch|p2b: Incineroar|Incineroar, L50, M, shiny|100/100|[from] U-turn\n|-ability|p2b: Incineroar|Intimidate|boost\n|-fail|p1b: Calyrex|unboost|[from] item: Clear Amulet|[of] p1b: Calyrex\n|move|p1b: Calyrex|Trick Room|p1b: Calyrex\n|-fieldstart|move: Trick Room|[of] p1b: Calyrex\n|\n|upkeep\n|\n|t:|1771594347\n|switch|p1a: Landorus|Landorus, L50, M, shiny|100/100\n|turn|2\n|\n|t:|1771594354\n|move|p2a: Zamazenta|Protect|p2a: Zamazenta\n|-singleturn|p2a: Zamazenta|Protect\n|move|p1b: Calyrex|Close Combat|p2b: Incineroar\n|-supereffective|p2b: Incineroar\n|-damage|p2b: Incineroar|25/100\n|-unboost|p1b: Calyrex|def|1\n|-unboost|p1b: Calyrex|spd|1\n|-damage|p1b: Calyrex|84/100|[from] item: Rocky Helmet|[of] p2b: Incineroar\n|move|p2b: Incineroar|Knock Off|p1b: Calyrex\n|-supereffective|p1b: Calyrex\n|-damage|p1b: Calyrex|12/100\n|-enditem|p1b: Calyrex|Clear Amulet|[from] move: Knock Off|[of] p2b: Incineroar\n|move|p1a: Landorus|Earth Power|p2a: Zamazenta\n|-activate|p2a: Zamazenta|move: Protect\n|\n|upkeep\n|turn|3\n|inactive|jingscale has 30 seconds left.\n|\n|t:|1771594391\n|-terastallize|p2a: Zamazenta|Dragon\n|move|p1b: Calyrex|Glacial Lance|p2b: Incineroar|[spread] p2a,p2b\n|-supereffective|p2a: Zamazenta\n|-resisted|p2b: Incineroar\n|-damage|p2a: Zamazenta|61/100\n|-damage|p2b: Incineroar|5/100\n|move|p2b: Incineroar|Parting Shot|p1a: Landorus\n|-unboost|p1a: Landorus|atk|1\n|-unboost|p1a: Landorus|spa|1\n|\n|t:|1771594399\n|switch|p2b: Rillaboom|Rillaboom, L50, M|100/100|[from] Parting Shot\n|-fieldstart|move: Grassy Terrain|[from] ability: Grassy Surge|[of] p2b: Rillaboom\n|move|p1a: Landorus|Earth Power|p2a: Zamazenta\n|-damage|p2a: Zamazenta|23/100\n|move|p2a: Zamazenta|Body Press|p1b: Calyrex\n|-damage|p1b: Calyrex|0 fnt\n|faint|p1b: Calyrex\n|\n|-heal|p2a: Zamazenta|29/100|[from] Grassy Terrain\n|upkeep\n|\n|t:|1771594408\n|switch|p1b: Kyogre|Kyogre, L50, shiny|100/100\n|-weather|RainDance|[from] ability: Drizzle|[of] p1b: Kyogre\n|turn|4\n|inactive|jingscale has 30 seconds left.\n|inactive|jingscale has 20 seconds left.\n|\n|t:|1771594445\n|-terastallize|p1b: Kyogre|Grass\n|move|p2b: Rillaboom|Fake Out|p1a: Landorus\n|-damage|p1a: Landorus|86/100\n|cant|p1a: Landorus|flinch\n|move|p1b: Kyogre|Ice Beam|p2a: Zamazenta\n|-supereffective|p2a: Zamazenta\n|-damage|p2a: Zamazenta|0 fnt\n|faint|p2a: Zamazenta\n|\n|-weather|RainDance|[upkeep]\n|upkeep\n|\n|t:|1771594460\n|switch|p2a: Incineroar|Incineroar, L50, M, shiny|5/100\n|-ability|p2a: Incineroar|Intimidate|boost\n|-unboost|p1a: Landorus|atk|1\n|-unboost|p1b: Kyogre|atk|1\n|turn|5\n|\n|t:|1771594466\n|move|p2a: Incineroar|Fake Out|p1a: Landorus\n|-damage|p1a: Landorus|75/100\n|cant|p1a: Landorus|flinch\n|move|p1b: Kyogre|Water Spout|p2b: Rillaboom|[spread] p2a,p2b\n|-supereffective|p2a: Incineroar\n|-resisted|p2b: Rillaboom\n|-damage|p2a: Incineroar|0 fnt\n|-damage|p2b: Rillaboom|68/100\n|faint|p2a: Incineroar\n|move|p2b: Rillaboom|U-turn|p1b: Kyogre\n|-supereffective|p1b: Kyogre\n|-damage|p1b: Kyogre|57/100\n|\n|t:|1771594476\n|switch|p2b: Calyrex|Calyrex-Shadow, L50|100/100|[from] U-turn\n|-ability|p2b: Calyrex|As One\n|-ability|p2b: Calyrex|Unnerve\n|\n|-weather|RainDance|[upkeep]\n|-heal|p1b: Kyogre|63/100|[from] Grassy Terrain\n|-fieldend|move: Trick Room\n|upkeep\n|\n|t:|1771594478\n|switch|p2a: Rillaboom|Rillaboom, L50, M|68/100\n|turn|6\n|\n|t:|1771594486\n|move|p2a: Rillaboom|Fake Out|p1a: Landorus\n|-damage|p1a: Landorus|61/100\n|move|p2b: Calyrex|Astral Barrage|p1a: Landorus|[spread] p1a,p1b\n|-damage|p1a: Landorus|0 fnt\n|-damage|p1b: Kyogre|36/100\n|faint|p1a: Landorus\n|-ability|p2b: Calyrex|Grim Neigh|boost\n|-boost|p2b: Calyrex|spa|1\n|move|p1b: Kyogre|Hydro Pump|p2b: Calyrex|[miss]\n|-miss|p1b: Kyogre|p2b: Calyrex\n|\n|-weather|RainDance|[upkeep]\n|-heal|p2a: Rillaboom|74/100|[from] Grassy Terrain\n|-heal|p1b: Kyogre|42/100|[from] Grassy Terrain\n|upkeep\n|turn|7\n|-message|j0l0k0 forfeited.\n|\n|win|jingscale\n|raw|j0l0k0's rating: 1457 &rarr; <strong>1442</strong><br />(-15 for losing)\n|raw|jingscale's rating: 1550 &rarr; <strong>1565</strong><br />(+15 for winning)\n|l|\u2606j0l0k0\n|player|p1|\n|l|\u2606jingscale\n|player|p2|\n","uploadtime":1771594738,"views":16,"formatid":"gen9vgc2026regi","rating":1442,"private":0,"password":null}