{"id":"gen9vgc2026regi-2577201392","format":"[Gen 9] VGC 2026 Reg I","players":["sjysjy","mtbsj"],"log":"|j|\u2606sjysjy\n|j|\u2606mtbsj\n|t:|1775552775\n|gametype|doubles\n|player|p1|sjysjy|169|1557\n|player|p2|mtbsj|blue|1639\n|gen|9\n|tier|[Gen 9] VGC 2026 Reg I\n|rated|\n|rule|Species Clause: Limit one of each Pok\u00e9mon\n|rule|Item Clause: Limit 1 of each item\n|clearpoke\n|poke|p1|Raging Bolt, L50|\n|poke|p1|Chien-Pao, L50|\n|poke|p1|Calyrex-Shadow, L50|\n|poke|p1|Rillaboom, L50, F|\n|poke|p1|Amoonguss, L50, F|\n|poke|p1|Zamazenta-*, L50|\n|poke|p2|Hitmontop, L50, M|\n|poke|p2|Terapagos, L50, M|\n|poke|p2|Calyrex-Shadow, L50|\n|poke|p2|Ogerpon-Cornerstone, L50, F|\n|poke|p2|Whimsicott, L50, F|\n|poke|p2|Indeedee-F, L50, F|\n|teampreview|4\n|inactive|Battle timer is ON: inactive players will automatically lose when time's up. (requested by mtbsj)\n|j| himadayo\n|\n|t:|1775552795\n|teamsize|p1|4\n|teamsize|p2|4\n|start\n|switch|p1a: Zamazenta|Zamazenta-Crowned, L50|100/100\n|switch|p1b: Rillaboom|Rillaboom, L50, F|100/100\n|switch|p2a: Hitmontop|Hitmontop, L50, M|100/100\n|switch|p2b: Terapagos|Terapagos, L50, M|100/100\n|-activate|p2b: Terapagos|ability: Tera Shift\n|detailschange|p2b: Terapagos|Terapagos-Terastal, L50, M\n|-heal|p2b: Terapagos|100/100|[silent]\n|-ability|p1a: Zamazenta|Dauntless Shield|boost\n|-boost|p1a: Zamazenta|def|1\n|-fieldstart|move: Grassy Terrain|[from] ability: Grassy Surge|[of] p1b: Rillaboom\n|-ability|p2a: Hitmontop|Intimidate|boost\n|-unboost|p1a: Zamazenta|atk|1\n|-unboost|p1b: Rillaboom|atk|1\n|turn|1\n|\n|t:|1775552815\n|switch|p2a: Indeedee|Indeedee-F, L50, F|100/100\n|-fieldstart|move: Psychic Terrain|[from] ability: Psychic Surge|[of] p2a: Indeedee\n|move|p1a: Zamazenta|Body Press|p2a: Indeedee\n|-damage|p2a: Indeedee|20/100\n|move|p2b: Terapagos|Rock Polish|p2b: Terapagos\n|-boost|p2b: Terapagos|spe|2\n|move|p1b: Rillaboom|U-turn|p2a: Indeedee\n|-supereffective|p2a: Indeedee\n|-damage|p2a: Indeedee|0 fnt\n|faint|p2a: Indeedee\n|\n|t:|1775552828\n|switch|p1b: Calyrex|Calyrex-Shadow, L50|100/100|[from] U-turn\n|-ability|p1b: Calyrex|As One\n|-ability|p1b: Calyrex|Unnerve\n|\n|upkeep\n|\n|t:|1775552835\n|switch|p2a: Hitmontop|Hitmontop, L50, M|100/100\n|-ability|p2a: Hitmontop|Intimidate|boost\n|-unboost|p1a: Zamazenta|atk|1\n|-unboost|p1b: Calyrex|atk|1\n|turn|2\n|\n|t:|1775552847\n|-terastallize|p2b: Terapagos|Stellar\n|detailschange|p2b: Terapagos|Terapagos-Stellar, L50, M, tera:Stellar\n|-heal|p2b: Terapagos|100/100|[silent]\n|-ability|p2b: Terapagos|Teraform Zero\n|-fieldend|move: Psychic Terrain\n|move|p1a: Zamazenta|Protect|p1a: Zamazenta\n|-singleturn|p1a: Zamazenta|Protect\n|move|p2a: Hitmontop|Vacuum Wave|p2b: Terapagos\n|-supereffective|p2b: Terapagos\n|-damage|p2b: Terapagos|95/100\n|-enditem|p2b: Terapagos|Weakness Policy\n|-boost|p2b: Terapagos|atk|2|[from] item: Weakness Policy\n|-boost|p2b: Terapagos|spa|2|[from] item: Weakness Policy\n|move|p2b: Terapagos|Earth Power|p1a: Zamazenta\n|-activate|p1a: Zamazenta|move: Protect\n|move|p1b: Calyrex|Psychic|p2a: Hitmontop\n|-supereffective|p2a: Hitmontop\n|-damage|p2a: Hitmontop|5/100\n|-enditem|p2a: Hitmontop|Eject Button\n|\n|t:|1775552865\n|switch|p2a: Calyrex|Calyrex-Shadow, L50|100/100\n|-ability|p2a: Calyrex|As One\n|-ability|p2a: Calyrex|Unnerve\n|\n|upkeep\n|turn|3\n|\n|t:|1775552890\n|switch|p1a: Rillaboom|Rillaboom, L50, F|100/100\n|-fieldstart|move: Grassy Terrain|[from] ability: Grassy Surge|[of] p1a: Rillaboom\n|move|p2b: Terapagos|Earth Power|p1b: Calyrex\n|-damage|p1b: Calyrex|22/100\n|move|p2a: Calyrex|Encore||[still]\n|-fail|p2a: Calyrex\n|move|p1b: Calyrex|Astral Barrage|p2b: Terapagos|[spread] p2a\n|-immune|p2b: Terapagos\n|-supereffective|p2a: Calyrex\n|-enditem|p2a: Calyrex|Focus Sash\n|-damage|p2a: Calyrex|1/100\n|\n|-heal|p2b: Terapagos|100/100|[from] Grassy Terrain\n|-heal|p2a: Calyrex|7/100|[from] Grassy Terrain\n|-heal|p1b: Calyrex|28/100|[from] Grassy Terrain\n|upkeep\n|turn|4\n|\n|t:|1775552910\n|switch|p2a: Hitmontop|Hitmontop, L50, M|5/100\n|-ability|p2a: Hitmontop|Intimidate|boost\n|-unboost|p1a: Rillaboom|atk|1\n|-unboost|p1b: Calyrex|atk|1\n|move|p1b: Calyrex|Protect|p1b: Calyrex\n|-singleturn|p1b: Calyrex|Protect\n|move|p2b: Terapagos|Tera Starstorm|p1b: Calyrex|[spread] p1a\n|-activate|p1b: Calyrex|move: Protect\n|-damage|p1a: Rillaboom|44/100\n|move|p1a: Rillaboom|U-turn|p2a: Hitmontop\n|-resisted|p2a: Hitmontop\n|-damage|p2a: Hitmontop|0 fnt\n|faint|p2a: Hitmontop\n|\n|t:|1775552920\n|switch|p1a: Zamazenta|Zamazenta-Crowned, L50|100/100|[from] U-turn\n|\n|-heal|p1b: Calyrex|35/100|[from] Grassy Terrain\n|upkeep\n|\n|t:|1775552930\n|switch|p2a: Calyrex|Calyrex-Shadow, L50|7/100\n|-ability|p2a: Calyrex|As One\n|-ability|p2a: Calyrex|Unnerve\n|turn|5\n|\n|t:|1775552952\n|-terastallize|p1a: Zamazenta|Water\n|move|p2b: Terapagos|Earth Power|p1a: Zamazenta\n|-damage|p1a: Zamazenta|42/100\n|move|p1b: Calyrex|Astral Barrage|p2b: Terapagos|[spread] p2a\n|-immune|p2b: Terapagos\n|-supereffective|p2a: Calyrex\n|-damage|p2a: Calyrex|0 fnt\n|faint|p2a: Calyrex\n|-ability|p1b: Calyrex|Grim Neigh|boost\n|-boost|p1b: Calyrex|spa|1\n|move|p1a: Zamazenta|Body Press|p2b: Terapagos\n|-supereffective|p2b: Terapagos\n|-damage|p2b: Terapagos|37/100\n|\n|-heal|p2b: Terapagos|44/100|[from] Grassy Terrain\n|-heal|p1b: Calyrex|41/100|[from] Grassy Terrain\n|-heal|p1a: Zamazenta|48/100|[from] Grassy Terrain\n|upkeep\n|turn|6\n|inactive|sjysjy has 30 seconds left.\n|\n|t:|1775552978\n|move|p1a: Zamazenta|Protect|p1a: Zamazenta\n|-singleturn|p1a: Zamazenta|Protect\n|move|p2b: Terapagos|Earth Power|p1b: Calyrex\n|-damage|p1b: Calyrex|0 fnt\n|faint|p1b: Calyrex\n|\n|-heal|p2b: Terapagos|50/100|[from] Grassy Terrain\n|-heal|p1a: Zamazenta|53/100|[from] Grassy Terrain\n|upkeep\n|\n|t:|1775552982\n|switch|p1b: Rillaboom|Rillaboom, L50, F|44/100\n|turn|7\n|\n|t:|1775552991\n|move|p2b: Terapagos|Protect|p2b: Terapagos\n|-singleturn|p2b: Terapagos|Protect\n|move|p1b: Rillaboom|Fake Out|p2b: Terapagos\n|-activate|p2b: Terapagos|move: Protect\n|move|p1a: Zamazenta|Body Press|p2b: Terapagos\n|-activate|p2b: Terapagos|move: Protect\n|\n|-heal|p2b: Terapagos|56/100|[from] Grassy Terrain\n|-heal|p1a: Zamazenta|59/100|[from] Grassy Terrain\n|-heal|p1b: Rillaboom|50/100|[from] Grassy Terrain\n|-fieldend|move: Grassy Terrain\n|upkeep\n|turn|8\n|inactive|sjysjy has 30 seconds left.\n|\n|t:|1775553023\n|switch|p1b: Amoonguss|Amoonguss, L50, F|100/100\n|move|p1a: Zamazenta|Protect|p1a: Zamazenta\n|-singleturn|p1a: Zamazenta|Protect\n|move|p2b: Terapagos|Tera Starstorm|p1a: Zamazenta|[spread] p1b\n|-activate|p1a: Zamazenta|move: Protect\n|-crit|p1b: Amoonguss\n|-damage|p1b: Amoonguss|0 fnt\n|faint|p1b: Amoonguss\n|\n|upkeep\n|\n|t:|1775553031\n|switch|p1b: Rillaboom|Rillaboom, L50, F|50/100\n|-fieldstart|move: Grassy Terrain|[from] ability: Grassy Surge|[of] p1b: Rillaboom\n|turn|9\n|\n|t:|1775553039\n|move|p2b: Terapagos|Protect|p2b: Terapagos\n|-singleturn|p2b: Terapagos|Protect\n|move|p1b: Rillaboom|Fake Out|p2b: Terapagos\n|-activate|p2b: Terapagos|move: Protect\n|move|p1a: Zamazenta|Body Press|p2b: Terapagos\n|-activate|p2b: Terapagos|move: Protect\n|\n|-heal|p2b: Terapagos|62/100|[from] Grassy Terrain\n|-heal|p1a: Zamazenta|65/100|[from] Grassy Terrain\n|-heal|p1b: Rillaboom|56/100|[from] Grassy Terrain\n|upkeep\n|turn|10\n|\n|t:|1775553051\n|move|p1a: Zamazenta|Wide Guard|p1a: Zamazenta\n|-singleturn|p1a: Zamazenta|Wide Guard\n|move|p2b: Terapagos|Earth Power|p1a: Zamazenta\n|-damage|p1a: Zamazenta|10/100\n|move|p1b: Rillaboom|Wood Hammer|p2b: Terapagos\n|-damage|p2b: Terapagos|11/100\n|-damage|p1b: Rillaboom|35/100|[from] Recoil\n|\n|-heal|p2b: Terapagos|17/100|[from] Grassy Terrain\n|-heal|p1a: Zamazenta|16/100|[from] Grassy Terrain\n|-heal|p1b: Rillaboom|41/100|[from] Grassy Terrain\n|upkeep\n|turn|11\n|\n|t:|1775553064\n|move|p2b: Terapagos|Protect|p2b: Terapagos\n|-singleturn|p2b: Terapagos|Protect\n|move|p1b: Rillaboom|Grassy Glide|p2b: Terapagos\n|-activate|p2b: Terapagos|move: Protect\n|move|p1a: Zamazenta|Body Press|p2b: Terapagos\n|-activate|p2b: Terapagos|move: Protect\n|\n|-heal|p2b: Terapagos|23/100|[from] Grassy Terrain\n|-heal|p1a: Zamazenta|22/100|[from] Grassy Terrain\n|-heal|p1b: Rillaboom|46/100|[from] Grassy Terrain\n|upkeep\n|turn|12\n|\n|t:|1775553079\n|move|p1b: Rillaboom|Grassy Glide|p2b: Terapagos\n|-damage|p2b: Terapagos|2/100\n|move|p2b: Terapagos|Earth Power|p1a: Zamazenta\n|-damage|p1a: Zamazenta|0 fnt\n|faint|p1a: Zamazenta\n|\n|-heal|p2b: Terapagos|8/100|[from] Grassy Terrain\n|-heal|p1b: Rillaboom|52/100|[from] Grassy Terrain\n|upkeep\n|turn|13\n|\n|t:|1775553089\n|move|p2b: Terapagos|Protect|p2b: Terapagos\n|-singleturn|p2b: Terapagos|Protect\n|move|p1b: Rillaboom|Grassy Glide|p2b: Terapagos\n|-activate|p2b: Terapagos|move: Protect\n|\n|-heal|p2b: Terapagos|14/100|[from] Grassy Terrain\n|-heal|p1b: Rillaboom|58/100|[from] Grassy Terrain\n|-fieldend|move: Grassy Terrain\n|upkeep\n|turn|14\n|\n|t:|1775553099\n|move|p2b: Terapagos|Tera Starstorm|p1b: Rillaboom\n|-damage|p1b: Rillaboom|0 fnt\n|faint|p1b: Rillaboom\n|\n|win|mtbsj\n|raw|sjysjy's rating: 1557 &rarr; <strong>1542</strong><br />(-15 for losing)\n|raw|mtbsj's rating: 1639 &rarr; <strong>1654</strong><br />(+15 for winning)\n|l|\u2606sjysjy\n|player|p1|\n|l| himadayo\n","uploadtime":1775553115,"views":33,"formatid":"gen9vgc2026regi","rating":1542,"private":0,"password":null}