{"id":"gen9vgc2026regi-2565491761","format":"[Gen 9] VGC 2026 Reg I","players":["Leonrz25","Sheevp"],"log":"|j|\u2606Leonrz25\n|j|\u2606Sheevp\n|t:|1774279873\n|gametype|doubles\n|player|p1|Leonrz25|266|1384\n|player|p2|Sheevp|170|1341\n|gen|9\n|tier|[Gen 9] VGC 2026 Reg I\n|rated|\n|rule|Species Clause: Limit one of each Pok\u00e9mon\n|rule|Item Clause: Limit 1 of each item\n|clearpoke\n|poke|p1|Miraidon, L50|\n|poke|p1|Incineroar, L50, M|\n|poke|p1|Farigiraf, L50, M|\n|poke|p1|Lunala, L50|\n|poke|p1|Iron Hands, L50|\n|poke|p1|Ogerpon-Wellspring, L50, F|\n|poke|p2|Koraidon, L50|\n|poke|p2|Calyrex-Ice, L50|\n|poke|p2|Regieleki, L50|\n|poke|p2|Chi-Yu, L50|\n|teampreview|4\n|\n|t:|1774279901\n|teamsize|p1|4\n|teamsize|p2|4\n|start\n|switch|p1a: Miraidon|Miraidon, L50, shiny|100/100\n|switch|p1b: Farigiraf|Farigiraf, L50, M|100/100\n|switch|p2a: Koraidon|Koraidon, L50|100/100\n|switch|p2b: Calyrex|Calyrex-Ice, L50|100/100\n|-ability|p2b: Calyrex|As One\n|-ability|p2b: Calyrex|Unnerve\n|-fieldstart|move: Electric Terrain|[from] ability: Hadron Engine|[of] p1a: Miraidon\n|-enditem|p1b: Farigiraf|Electric Seed\n|-boost|p1b: Farigiraf|def|1|[from] item: Electric Seed\n|-weather|SunnyDay|[from] ability: Orichalcum Pulse|[of] p2a: Koraidon\n|-activate|p2a: Koraidon|Orichalcum Pulse|[source]\n|turn|1\n|\n|t:|1774279921\n|-terastallize|p2a: Koraidon|Fire\n|move|p1a: Miraidon|Dazzling Gleam|p2a: Koraidon|[spread] p2a,p2b\n|-resisted|p2a: Koraidon\n|-damage|p2a: Koraidon|84/100\n|-damage|p2b: Calyrex|81/100\n|move|p2a: Koraidon|Flare Blitz|p1b: Farigiraf\n|-damage|p1b: Farigiraf|8/100\n|-damage|p2a: Koraidon|47/100|[from] Recoil\n|-damage|p2a: Koraidon|37/100|[from] item: Life Orb\n|move|p1b: Farigiraf|Imprison|p1b: Farigiraf\n|-start|p1b: Farigiraf|move: Imprison\n|move|p2b: Calyrex|Glacial Lance|p1b: Farigiraf|[spread] p1a,p1b\n|-supereffective|p1a: Miraidon\n|-damage|p1a: Miraidon|3/100\n|-damage|p1b: Farigiraf|0 fnt\n|faint|p1b: Farigiraf\n|-ability|p2b: Calyrex|Chilling Neigh|boost\n|-boost|p2b: Calyrex|atk|1\n|\n|-weather|SunnyDay|[upkeep]\n|-heal|p2b: Calyrex|87/100|[from] item: Leftovers\n|upkeep\n|\n|t:|1774279940\n|switch|p1b: Incineroar|Incineroar, L50, M|100/100\n|-ability|p1b: Incineroar|Intimidate|boost\n|-unboost|p2a: Koraidon|atk|1\n|-unboost|p2b: Calyrex|atk|1\n|turn|2\n|\n|t:|1774279959\n|switch|p1a: Lunala|Lunala, L50, shiny|100/100\n|switch|p2a: Regieleki|Regieleki, L50|100/100\n|-terastallize|p1b: Incineroar|Ghost\n|move|p2b: Calyrex|Protect|p2b: Calyrex\n|-singleturn|p2b: Calyrex|Protect\n|move|p1b: Incineroar|Knock Off|p2a: Regieleki\n|-crit|p2a: Regieleki\n|-damage|p2a: Regieleki|0 fnt\n|-enditem|p2a: Regieleki|Covert Cloak|[from] move: Knock Off|[of] p1b: Incineroar\n|faint|p2a: Regieleki\n|\n|-weather|SunnyDay|[upkeep]\n|-heal|p2b: Calyrex|93/100|[from] item: Leftovers\n|upkeep\n|\n|t:|1774279972\n|switch|p2a: Chi-Yu|Chi-Yu, L50|100/100\n|-ability|p2a: Chi-Yu|Beads of Ruin\n|turn|3\n|\n|t:|1774279981\n|move|p2a: Chi-Yu|Dark Pulse|p1a: Lunala\n|-supereffective|p1a: Lunala\n|-damage|p1a: Lunala|11/100\n|move|p1a: Lunala|Meteor Beam||[still]\n|-prepare|p1a: Lunala|Meteor Beam\n|-boost|p1a: Lunala|spa|1\n|-enditem|p1a: Lunala|Power Herb\n|-anim|p1a: Lunala|Meteor Beam|p2b: Calyrex\n|-supereffective|p2b: Calyrex\n|-damage|p2b: Calyrex|0 fnt\n|faint|p2b: Calyrex\n|move|p1b: Incineroar|Flare Blitz|p2a: Chi-Yu\n|-resisted|p2a: Chi-Yu\n|-damage|p2a: Chi-Yu|36/100\n|-damage|p1b: Incineroar|86/100|[from] Recoil\n|\n|-weather|SunnyDay|[upkeep]\n|upkeep\n|\n|t:|1774279990\n|switch|p2b: Koraidon|Koraidon, L50, tera:Fire|37/100\n|-activate|p2b: Koraidon|ability: Orichalcum Pulse\n|turn|4\n|\n|t:|1774280017\n|move|p1a: Lunala|Wide Guard|p1a: Lunala\n|-singleturn|p1a: Lunala|Wide Guard\n|move|p2a: Chi-Yu|Dark Pulse|p1b: Incineroar\n|-supereffective|p1b: Incineroar\n|-damage|p1b: Incineroar|0 fnt\n|faint|p1b: Incineroar\n|move|p2b: Koraidon|Flame Charge|p1a: Lunala\n|-damage|p1a: Lunala|0 fnt\n|-boost|p2b: Koraidon|spe|1\n|faint|p1a: Lunala\n|-damage|p2b: Koraidon|27/100|[from] item: Life Orb\n|\n|-weather|SunnyDay|[upkeep]\n|upkeep\n|\n|t:|1774280030\n|switch|p1b: Miraidon|Miraidon, L50, shiny|3/100\n|-activate|p1b: Miraidon|ability: Hadron Engine\n|turn|5\n|\n|t:|1774280034\n|move|p2b: Koraidon|Close Combat|p1b: Miraidon\n|-damage|p1b: Miraidon|0 fnt\n|-unboost|p2b: Koraidon|def|1\n|-unboost|p2b: Koraidon|spd|1\n|faint|p1b: Miraidon\n|-damage|p2b: Koraidon|18/100|[from] item: Life Orb\n|\n|win|Sheevp\n|raw|Leonrz25's rating: 1384 &rarr; <strong>1362</strong><br />(-22 for losing)\n|raw|Sheevp's rating: 1341 &rarr; <strong>1363</strong><br />(+22 for winning)\n|l|\u2606Leonrz25\n|player|p1|\n|l|\u2606Sheevp\n|player|p2|\n","uploadtime":1774280229,"views":10,"formatid":"gen9vgc2026regi","rating":1362,"private":0,"password":null}