{"id":"gen9vgc2026regi-2525862661","format":"[Gen 9] VGC 2026 Reg I","players":["blackred123","luizhsouza3"],"log":"|j|\u2606blackred123\n|j|\u2606luizhsouza3\n|t:|1769342026\n|gametype|doubles\n|player|p1|blackred123|iono-masters|1289\n|player|p2|luizhsouza3|hilbert-wonderlauncher|1266\n|gen|9\n|tier|[Gen 9] VGC 2026 Reg I\n|rated|\n|rule|Species Clause: Limit one of each Pok\u00e9mon\n|rule|Item Clause: Limit 1 of each item\n|clearpoke\n|poke|p1|Lunala, L50|\n|poke|p1|Koraidon, L50|\n|poke|p1|Chi-Yu, L50|\n|poke|p1|Flutter Mane, L50|\n|poke|p1|Brute Bonnet, L50|\n|poke|p1|Ursaluna, L50, F|\n|poke|p2|Miraidon, L50|\n|poke|p2|Whimsicott, L50, M|\n|poke|p2|Iron Hands, L50|\n|poke|p2|Incineroar, L50, M|\n|poke|p2|Lunala, L50|\n|poke|p2|Chien-Pao, L50|\n|teampreview|4\n|inactive|Battle timer is ON: inactive players will automatically lose when time's up. (requested by blackred123)\n|inactive|luizhsouza3 also wants the timer to be on.\n|\n|t:|1769342051\n|teamsize|p1|4\n|teamsize|p2|4\n|start\n|switch|p1a: Koraidon|Koraidon, L50|100/100\n|switch|p1b: Flutter Mane|Flutter Mane, L50|100/100\n|switch|p2a: Lunala|Lunala, L50|100/100\n|switch|p2b: Whimsicott|Whimsicott, L50, M|100/100\n|-weather|SunnyDay|[from] ability: Orichalcum Pulse|[of] p1a: Koraidon\n|-activate|p1b: Flutter Mane|ability: Protosynthesis\n|-start|p1b: Flutter Mane|protosynthesisspe\n|-activate|p1a: Koraidon|Orichalcum Pulse|[source]\n|turn|1\n|\n|t:|1769342065\n|-terastallize|p1a: Koraidon|Fire\n|move|p2b: Whimsicott|Tailwind|p2b: Whimsicott\n|-sidestart|p2: luizhsouza3|move: Tailwind\n|move|p1b: Flutter Mane|Icy Wind|p2b: Whimsicott|[spread] p2a\n|-miss|p1b: Flutter Mane|p2b: Whimsicott\n|-damage|p2a: Lunala|96/100\n|-unboost|p2a: Lunala|spe|1\n|move|p1a: Koraidon|Flame Charge|p2a: Lunala\n|-damage|p2a: Lunala|33/100\n|-boost|p1a: Koraidon|spe|1\n|-damage|p1a: Koraidon|91/100|[from] item: Life Orb\n|move|p2a: Lunala|Meteor Beam||[still]\n|-prepare|p2a: Lunala|Meteor Beam\n|-boost|p2a: Lunala|spa|1\n|-enditem|p2a: Lunala|Power Herb\n|-anim|p2a: Lunala|Meteor Beam|p1b: Flutter Mane\n|-damage|p1b: Flutter Mane|23/100\n|\n|-weather|SunnyDay|[upkeep]\n|upkeep\n|turn|2\n|inactive|blackred123 has 30 seconds left.\n|inactive|luizhsouza3 has 30 seconds left.\n|\n|t:|1769342092\n|move|p2b: Whimsicott|Encore|p1b: Flutter Mane\n|-start|p1b: Flutter Mane|Encore\n|move|p1a: Koraidon|Flame Charge|p2b: Whimsicott\n|-supereffective|p2b: Whimsicott\n|-damage|p2b: Whimsicott|0 fnt\n|-boost|p1a: Koraidon|spe|1\n|faint|p2b: Whimsicott\n|-damage|p1a: Koraidon|81/100|[from] item: Life Orb\n|move|p1b: Flutter Mane|Icy Wind|p2a: Lunala\n|-damage|p2a: Lunala|20/100\n|-unboost|p2a: Lunala|spe|1\n|move|p2a: Lunala|Moongeist Beam|p1b: Flutter Mane\n|-supereffective|p1b: Flutter Mane\n|-damage|p1b: Flutter Mane|0 fnt\n|faint|p1b: Flutter Mane\n|-end|p1b: Flutter Mane|Protosynthesis|[silent]\n|\n|-weather|SunnyDay|[upkeep]\n|upkeep\n|\n|t:|1769342114\n|switch|p1b: Lunala|Lunala, L50, shiny|100/100\n|switch|p2b: Iron Hands|Iron Hands, L50|100/100\n|turn|3\n|\n|t:|1769342124\n|move|p2b: Iron Hands|Fake Out|p1a: Koraidon\n|-damage|p1a: Koraidon|69/100\n|cant|p1a: Koraidon|flinch\n|move|p1b: Lunala|Meteor Beam||[still]\n|-prepare|p1b: Lunala|Meteor Beam\n|-boost|p1b: Lunala|spa|1\n|-enditem|p1b: Lunala|Power Herb\n|-anim|p1b: Lunala|Meteor Beam|p2b: Iron Hands\n|-resisted|p2b: Iron Hands\n|-damage|p2b: Iron Hands|82/100\n|move|p2a: Lunala|Moongeist Beam|p1b: Lunala\n|-supereffective|p1b: Lunala\n|-damage|p1b: Lunala|0 fnt\n|faint|p1b: Lunala\n|\n|-weather|SunnyDay|[upkeep]\n|upkeep\n|\n|t:|1769342126\n|switch|p1b: Chi-Yu|Chi-Yu, L50|100/100\n|-ability|p1b: Chi-Yu|Beads of Ruin\n|turn|4\n|\n|t:|1769342141\n|move|p2a: Lunala|Wide Guard|p2a: Lunala\n|-singleturn|p2a: Lunala|Wide Guard\n|move|p1a: Koraidon|Flare Blitz|p2b: Iron Hands\n|-damage|p2b: Iron Hands|0 fnt\n|faint|p2b: Iron Hands\n|-end|p2b: Iron Hands|Quark Drive|[silent]\n|-damage|p1a: Koraidon|29/100|[from] Recoil\n|-damage|p1a: Koraidon|20/100|[from] item: Life Orb\n|move|p1b: Chi-Yu|Heat Wave|p2a: Lunala\n|-activate|p2a: Lunala|move: Wide Guard\n|\n|-weather|SunnyDay|[upkeep]\n|-sideend|p2: luizhsouza3|move: Tailwind\n|upkeep\n|\n|t:|1769342152\n|switch|p2b: Miraidon|Miraidon, L50|100/100\n|-fieldstart|move: Electric Terrain|[from] ability: Hadron Engine|[of] p2b: Miraidon\n|turn|5\n|\n|t:|1769342161\n|move|p2a: Lunala|Wide Guard|p2a: Lunala\n|-singleturn|p2a: Lunala|Wide Guard\n|move|p1a: Koraidon|Close Combat|p2b: Miraidon\n|-damage|p2b: Miraidon|0 fnt\n|-unboost|p1a: Koraidon|def|1\n|-unboost|p1a: Koraidon|spd|1\n|faint|p2b: Miraidon\n|-damage|p1a: Koraidon|10/100|[from] item: Life Orb\n|move|p1b: Chi-Yu|Heat Wave|p2a: Lunala\n|-activate|p2a: Lunala|move: Wide Guard\n|\n|-weather|none\n|upkeep\n|turn|6\n|\n|t:|1769342171\n|move|p1a: Koraidon|Flare Blitz|p2a: Lunala\n|-damage|p2a: Lunala|0 fnt\n|faint|p2a: Lunala\n|-damage|p1a: Koraidon|1/100|[from] Recoil\n|-damage|p1a: Koraidon|0 fnt|[from] item: Life Orb\n|faint|p1a: Koraidon\n|\n|win|blackred123\n|raw|blackred123's rating: 1289 &rarr; <strong>1312</strong><br />(+23 for winning)\n|raw|luizhsouza3's rating: 1266 &rarr; <strong>1243</strong><br />(-23 for losing)\n|l|\u2606luizhsouza3\n|player|p2|\n","uploadtime":1769342315,"views":17,"formatid":"gen9vgc2026regi","rating":1243,"private":0,"password":null}