{"id":"gen9vgc2026regi-2548874047","format":"[Gen 9] VGC 2026 Reg I","players":["Ice124567890","TheManOfSausage"],"log":"|j|\u2606Ice124567890\n|j|\u2606TheManOfSausage\n|t:|1772274538\n|gametype|doubles\n|player|p1|Ice124567890|265|1408\n|player|p2|TheManOfSausage|miku-water|1501\n|gen|9\n|tier|[Gen 9] VGC 2026 Reg I\n|rated|\n|rule|Species Clause: Limit one of each Pok\u00e9mon\n|rule|Item Clause: Limit 1 of each item\n|clearpoke\n|poke|p1|Incineroar, L50, F|\n|poke|p1|Koraidon, L50|\n|poke|p1|Lunala, L50|\n|poke|p1|Flutter Mane, L50|\n|poke|p1|Ursaluna, L50, F|\n|poke|p1|Amoonguss, L50, F|\n|poke|p2|Calyrex-Shadow, L50|\n|poke|p2|Koraidon, L50|\n|poke|p2|Whimsicott, L50, M|\n|poke|p2|Incineroar, L50, M|\n|poke|p2|Landorus, L50, M|\n|poke|p2|Raging Bolt, L50|\n|teampreview|4\n|inactive|Battle timer is ON: inactive players will automatically lose when time's up. (requested by Ice124567890)\n|\n|t:|1772274565\n|teamsize|p1|4\n|teamsize|p2|4\n|start\n|switch|p1a: Lunala|Lunala, L50|100/100\n|switch|p1b: Amoonguss|Amoonguss, L50, F|100/100\n|switch|p2a: Marvelous|Incineroar, L50, M, shiny|100/100\n|switch|p2b: Rice Shower|Calyrex-Shadow, L50|100/100\n|-ability|p2b: Rice Shower|As One\n|-ability|p2b: Rice Shower|Unnerve\n|-ability|p2a: Marvelous|Intimidate|boost\n|-unboost|p1a: Lunala|atk|1\n|-unboost|p1b: Amoonguss|atk|1\n|turn|1\n|\n|t:|1772274582\n|-terastallize|p1a: Lunala|Fairy\n|move|p2b: Rice Shower|Psychic|p1b: Amoonguss\n|-supereffective|p1b: Amoonguss\n|-damage|p1b: Amoonguss|24/100\n|move|p2a: Marvelous|Knock Off|p1a: Lunala\n|-resisted|p1a: Lunala\n|-damage|p1a: Lunala|93/100\n|-enditem|p1a: Lunala|Covert Cloak|[from] move: Knock Off|[of] p2a: Marvelous\n|move|p1b: Amoonguss|Spore|p2b: Rice Shower\n|-status|p2b: Rice Shower|slp|[from] move: Spore\n|move|p1a: Lunala|Trick Room|p1a: Lunala\n|-fieldstart|move: Trick Room|[of] p1a: Lunala\n|\n|upkeep\n|turn|2\n|\n|t:|1772274598\n|switch|p2a: Whimsicott|Whimsicott, L50, M|100/100\n|move|p1b: Amoonguss|Spore|p2a: Whimsicott\n|-immune|p2a: Whimsicott\n|move|p1a: Lunala|Moongeist Beam|p2b: Rice Shower\n|-supereffective|p2b: Rice Shower\n|-enditem|p2b: Rice Shower|Focus Sash\n|-damage|p2b: Rice Shower|1/100 slp\n|cant|p2b: Rice Shower|slp\n|\n|upkeep\n|turn|3\n|inactive|TheManOfSausage has 30 seconds left.\n|\n|t:|1772274631\n|switch|p2b: Marvelous|Incineroar, L50, M, shiny|100/100\n|-ability|p2b: Marvelous|Intimidate|boost\n|-unboost|p1a: Lunala|atk|1\n|-unboost|p1b: Amoonguss|atk|1\n|move|p2a: Whimsicott|Encore|p1a: Lunala\n|-start|p1a: Lunala|Encore\n|move|p1b: Amoonguss|Pollen Puff|p2b: Marvelous\n|-damage|p2b: Marvelous|85/100\n|move|p1a: Lunala|Moongeist Beam|p2a: Whimsicott\n|-damage|p2a: Whimsicott|27/100\n|\n|upkeep\n|turn|4\n|\n|t:|1772274652\n|switch|p1b: Ursaluna|Ursaluna, L50, F|100/100\n|switch|p2a: Koraidon|Koraidon, L50|100/100\n|-weather|SunnyDay|[from] ability: Orichalcum Pulse|[of] p2a: Koraidon\n|-activate|p2a: Koraidon|Orichalcum Pulse|[source]\n|-terastallize|p2b: Marvelous|Grass\n|move|p2b: Marvelous|Flare Blitz|p1a: Lunala\n|-damage|p1a: Lunala|37/100\n|-damage|p2b: Marvelous|62/100|[from] Recoil\n|move|p1a: Lunala|Moongeist Beam|p2a: Koraidon\n|-damage|p2a: Koraidon|43/100\n|\n|-weather|SunnyDay|[upkeep]\n|-status|p1b: Ursaluna|brn|[from] item: Flame Orb\n|upkeep\n|turn|5\n|inactive|TheManOfSausage has 30 seconds left.\n|\n|t:|1772274685\n|move|p2a: Koraidon|Protect|p2a: Koraidon\n|-singleturn|p2a: Koraidon|Protect\n|move|p1b: Ursaluna|Facade|p2b: Marvelous\n|-damage|p2b: Marvelous|0 fnt\n|faint|p2b: Marvelous\n|move|p1a: Lunala|Moongeist Beam|p2a: Koraidon\n|-activate|p2a: Koraidon|move: Protect\n|\n|-weather|SunnyDay|[upkeep]\n|-damage|p1b: Ursaluna|95/100 brn|[from] brn\n|-end|p1a: Lunala|Encore\n|-fieldend|move: Trick Room\n|upkeep\n|\n|t:|1772274689\n|switch|p2b: Rice Shower|Calyrex-Shadow, L50|1/100 slp\n|-ability|p2b: Rice Shower|As One\n|-ability|p2b: Rice Shower|Unnerve\n|turn|6\n|\n|t:|1772274704\n|cant|p2b: Rice Shower|slp\n|move|p2a: Koraidon|Collision Course|p1b: Ursaluna\n|-supereffective|p1b: Ursaluna\n|-damage|p1b: Ursaluna|0 fnt\n|faint|p1b: Ursaluna\n|move|p1a: Lunala|Trick Room|p1a: Lunala\n|-fieldstart|move: Trick Room|[of] p1a: Lunala\n|\n|-weather|SunnyDay|[upkeep]\n|upkeep\n|\n|t:|1772274708\n|switch|p1b: Amoonguss|Amoonguss, L50, F|57/100\n|turn|7\n|\n|t:|1772274720\n|move|p2a: Koraidon|Protect|p2a: Koraidon\n|-singleturn|p2a: Koraidon|Protect\n|move|p1b: Amoonguss|Pollen Puff|p2b: Rice Shower\n|-damage|p2b: Rice Shower|0 fnt\n|faint|p2b: Rice Shower\n|move|p1a: Lunala|Moonblast|p2a: Koraidon\n|-activate|p2a: Koraidon|move: Protect\n|\n|-weather|SunnyDay|[upkeep]\n|upkeep\n|\n|t:|1772274721\n|switch|p2b: Whimsicott|Whimsicott, L50, M|27/100\n|turn|8\n|-message|TheManOfSausage forfeited.\n|\n|win|Ice124567890\n|raw|Ice124567890's rating: 1408 &rarr; <strong>1433</strong><br />(+25 for winning)\n|raw|TheManOfSausage's rating: 1501 &rarr; <strong>1476</strong><br />(-25 for losing)\n|l|\u2606TheManOfSausage\n|player|p2|\n|l|\u2606Ice124567890\n|player|p1|\n","uploadtime":1772274981,"views":15,"formatid":"gen9vgc2026regi","rating":1433,"private":0,"password":null}