{"id":"gen9vgc2026regi-2526410143","format":"[Gen 9] VGC 2026 Reg I","players":["RyushinYuki","lalo's pollos"],"log":"|j|\u2606RyushinYuki\n|j|\u2606lalo's pollos\n|t:|1769409642\n|gametype|doubles\n|player|p1|RyushinYuki|cynthia-masters|1311\n|player|p2|lalo's pollos|266|1415\n|gen|9\n|tier|[Gen 9] VGC 2026 Reg I\n|rated|\n|rule|Species Clause: Limit one of each Pok\u00e9mon\n|rule|Item Clause: Limit 1 of each item\n|clearpoke\n|poke|p1|Calyrex-Ice, L50|\n|poke|p1|Indeedee-F, L50, F|\n|poke|p1|Lunala, L50|\n|poke|p1|Smeargle, L50, F|\n|poke|p1|Ursaluna, L50, F|\n|poke|p1|Chi-Yu, L50|\n|poke|p2|Miraidon, L50|\n|poke|p2|Landorus, L50, M|\n|poke|p2|Incineroar, L50, M|\n|poke|p2|Iron Bundle, L50|\n|poke|p2|Farigiraf, L50, M|\n|poke|p2|Calyrex-Ice, L50|\n|teampreview|4\n|\n|t:|1769409685\n|teamsize|p1|4\n|teamsize|p2|4\n|start\n|switch|p1a: Calyrex|Calyrex-Ice, L50|100/100\n|switch|p1b: Indeedee|Indeedee-F, L50, F|100/100\n|switch|p2a: Landorus|Landorus, L50, M|100/100\n|switch|p2b: Co-Star|Miraidon, L50|100/100\n|-ability|p1a: Calyrex|As One\n|-ability|p1a: Calyrex|Unnerve\n|-fieldstart|move: Electric Terrain|[from] ability: Hadron Engine|[of] p2b: Co-Star\n|-fieldstart|move: Psychic Terrain|[from] ability: Psychic Surge|[of] p1b: Indeedee\n|turn|1\n|\n|t:|1769409707\n|move|p1b: Indeedee|Follow Me|p1b: Indeedee\n|-singleturn|p1b: Indeedee|move: Follow Me\n|move|p2b: Co-Star|Volt Switch|p1b: Indeedee\n|-crit|p1b: Indeedee\n|-damage|p1b: Indeedee|24/100\n|\n|t:|1769409713\n|switch|p2b: Calyrex|Calyrex-Ice, L50|100/100|[from] Volt Switch\n|-ability|p2b: Calyrex|As One\n|-ability|p2b: Calyrex|Unnerve\n|move|p2a: Landorus|Sandsear Storm|p1b: Indeedee|[spread] p1a,p1b\n|-damage|p1a: Calyrex|57/100\n|-damage|p1b: Indeedee|0 fnt\n|faint|p1b: Indeedee\n|move|p1a: Calyrex|Trick Room|p1a: Calyrex\n|-fieldstart|move: Trick Room|[of] p1a: Calyrex\n|\n|upkeep\n|\n|t:|1769409722\n|switch|p1b: Lunala|Lunala, L50|100/100\n|turn|2\n|\n|t:|1769409751\n|-terastallize|p2a: Landorus|Water\n|move|p1a: Calyrex|Protect|p1a: Calyrex\n|-singleturn|p1a: Calyrex|Protect\n|move|p2b: Calyrex|High Horsepower|p1a: Calyrex\n|-activate|p1a: Calyrex|move: Protect\n|move|p1b: Lunala|Moongeist Beam|p2b: Calyrex\n|-supereffective|p2b: Calyrex\n|-damage|p2b: Calyrex|33/100\n|move|p2a: Landorus|Earth Power|p1a: Calyrex\n|-activate|p1a: Calyrex|move: Protect\n|\n|upkeep\n|turn|3\n|inactive|Battle timer is ON: inactive players will automatically lose when time's up. (requested by lalo's pollos)\n|\n|t:|1769409811\n|switch|p1a: Ursaluna|Ursaluna, L50, F|100/100\n|move|p1b: Lunala|Wide Guard|p1b: Lunala\n|-singleturn|p1b: Lunala|Wide Guard\n|move|p2b: Calyrex|Glacial Lance|p1a: Ursaluna|[spread] \n|-activate|p1a: Ursaluna|move: Wide Guard\n|-activate|p1b: Lunala|move: Wide Guard\n|move|p2a: Landorus|Sandsear Storm|p1a: Ursaluna|[spread] \n|-activate|p1a: Ursaluna|move: Wide Guard\n|-activate|p1b: Lunala|move: Wide Guard\n|\n|-status|p1a: Ursaluna|brn|[from] item: Flame Orb\n|upkeep\n|turn|4\n|j| here's where king!\n|inactive|lalo's pollos has 30 seconds left.\n|inactive|RyushinYuki has 30 seconds left.\n|inactive|RyushinYuki has 20 seconds left.\n|\n|t:|1769409854\n|-terastallize|p1a: Ursaluna|Ground\n|move|p2b: Calyrex|Protect|p2b: Calyrex\n|-singleturn|p2b: Calyrex|Protect\n|move|p2a: Landorus|Protect|p2a: Landorus\n|-singleturn|p2a: Landorus|Protect\n|move|p1b: Lunala|Wide Guard|p1b: Lunala\n|-singleturn|p1b: Lunala|Wide Guard\n|move|p1a: Ursaluna|Earthquake|p2a: Landorus|[spread] \n|-activate|p1b: Lunala|move: Wide Guard\n|-activate|p2a: Landorus|move: Protect\n|-activate|p2b: Calyrex|move: Protect\n|\n|-damage|p1a: Ursaluna|95/100 brn|[from] brn\n|upkeep\n|turn|5\n|\n|t:|1769409871\n|switch|p2a: the Manager|Farigiraf, L50, M|100/100\n|move|p1a: Ursaluna|Earthquake|p2b: Calyrex|[spread] p1b,p2a,p2b\n|-damage|p1b: Lunala|67/100\n|-damage|p2a: the Manager|0 fnt\n|-damage|p2b: Calyrex|0 fnt\n|faint|p2a: the Manager\n|faint|p2b: Calyrex\n|move|p1b: Lunala|Moongeist Beam|p2: the Manager|[notarget]\n|-fail|p1b: Lunala\n|\n|-heal|p1b: Lunala|73/100|[from] item: Leftovers\n|-damage|p1a: Ursaluna|89/100 brn|[from] brn\n|-fieldend|move: Trick Room\n|-fieldend|move: Psychic Terrain\n|upkeep\n|\n|t:|1769409881\n|switch|p2a: Landorus|Landorus, L50, M, tera:Water|100/100\n|switch|p2b: Co-Star|Miraidon, L50|100/100\n|-fieldstart|move: Electric Terrain|[from] ability: Hadron Engine|[of] p2b: Co-Star\n|turn|6\n|inactiveoff|Battle timer is now OFF.\n|inactive|Battle timer is ON: inactive players will automatically lose when time's up. (requested by RyushinYuki)\n|\n|t:|1769409961\n|move|p2b: Co-Star|Electro Drift|p1b: Lunala\n|-damage|p1b: Lunala|0 fnt\n|faint|p1b: Lunala\n|move|p2a: Landorus|Earth Power|p1a: Ursaluna\n|-damage|p1a: Ursaluna|21/100 brn\n|move|p1a: Ursaluna|Headlong Rush|p2b: Co-Star\n|-supereffective|p2b: Co-Star\n|-crit|p2b: Co-Star\n|-damage|p2b: Co-Star|0 fnt\n|-unboost|p1a: Ursaluna|def|1\n|-unboost|p1a: Ursaluna|spd|1\n|faint|p2b: Co-Star\n|\n|-damage|p1a: Ursaluna|15/100 brn|[from] brn\n|upkeep\n|\n|t:|1769409971\n|switch|p1b: Calyrex|Calyrex-Ice, L50|57/100\n|-ability|p1b: Calyrex|As One\n|-ability|p1b: Calyrex|Unnerve\n|turn|7\n|\n|t:|1769409989\n|move|p1a: Ursaluna|Protect|p1a: Ursaluna\n|-singleturn|p1a: Ursaluna|Protect\n|move|p2a: Landorus|Earth Power|p1b: Calyrex\n|-damage|p1b: Calyrex|0 fnt\n|faint|p1b: Calyrex\n|\n|-damage|p1a: Ursaluna|9/100 brn|[from] brn\n|upkeep\n|turn|8\n|\n|t:|1769409995\n|move|p2a: Landorus|Protect|p2a: Landorus\n|-singleturn|p2a: Landorus|Protect\n|move|p1a: Ursaluna|Facade|p2a: Landorus\n|-activate|p2a: Landorus|move: Protect\n|\n|-damage|p1a: Ursaluna|3/100 brn|[from] brn\n|upkeep\n|turn|9\n|\n|t:|1769409998\n|move|p2a: Landorus|Earth Power|p1a: Ursaluna\n|-damage|p1a: Ursaluna|0 fnt\n|faint|p1a: Ursaluna\n|\n|win|lalo's pollos\n|raw|RyushinYuki's rating: 1311 &rarr; <strong>1297</strong><br />(-14 for losing)\n|raw|lalo&apos;s pollos's rating: 1415 &rarr; <strong>1429</strong><br />(+14 for winning)\n|l|\u2606RyushinYuki\n|player|p1|\n","uploadtime":1769410021,"views":11,"formatid":"gen9vgc2026regi","rating":1297,"private":0,"password":null}