{"id":"gen9vgc2026regi-2564520326","format":"[Gen 9] VGC 2026 Reg I","players":["jeyisthename","TheManOfSausage"],"log":"|j|\u2606jeyisthename\n|j|\u2606TheManOfSausage\n|t:|1774156668\n|gametype|doubles\n|player|p1|jeyisthename|barry|1363\n|player|p2|TheManOfSausage|miku-water|1454\n|gen|9\n|tier|[Gen 9] VGC 2026 Reg I\n|rated|\n|rule|Species Clause: Limit one of each Pok\u00e9mon\n|rule|Item Clause: Limit 1 of each item\n|clearpoke\n|poke|p1|Miraidon, L50|\n|poke|p1|Calyrex-Ice, L50|\n|poke|p1|Amoonguss, L50, M|\n|poke|p1|Incineroar, L50, M|\n|poke|p1|Urshifu-*, L50, M|\n|poke|p1|Landorus, L50, M|\n|poke|p2|Calyrex-Ice, L50|\n|poke|p2|Kyogre, L50|\n|poke|p2|Rillaboom, L50, M|\n|poke|p2|Urshifu-*, L50, M|\n|poke|p2|Roaring Moon, L50|\n|poke|p2|Landorus, L50, M|\n|teampreview|4\nTheManOfSausage has agreed to open team sheets.\n|\n|t:|1774156725\n|teamsize|p1|4\n|teamsize|p2|4\n|start\n|switch|p1a: Miraidon|Miraidon, L50|100/100\n|switch|p1b: Incineroar|Incineroar, L50, M|100/100\n|switch|p2a: Ogurin|Calyrex-Ice, L50|100/100\n|switch|p2b: Rillaboom|Rillaboom, L50, M|100/100\n|-ability|p2a: Ogurin|As One\n|-ability|p2a: Ogurin|Unnerve\n|-fieldstart|move: Electric Terrain|[from] ability: Hadron Engine|[of] p1a: Miraidon\n|-fieldstart|move: Grassy Terrain|[from] ability: Grassy Surge|[of] p2b: Rillaboom\n|-ability|p1b: Incineroar|Intimidate|boost\n|-unboost|p2a: Ogurin|atk|1\n|-unboost|p2b: Rillaboom|atk|1\n|turn|1\n|\n|t:|1774156751\n|move|p2b: Rillaboom|Fake Out|p1b: Incineroar\n|-damage|p1b: Incineroar|92/100\n|cant|p1b: Incineroar|flinch\n|move|p1a: Miraidon|Volt Switch|p2a: Ogurin\n|-damage|p2a: Ogurin|74/100\n|\n|t:|1774156769\n|switch|p1a: Calyrex|Calyrex-Ice, L50|100/100|[from] Volt Switch\n|-ability|p1a: Calyrex|As One\n|-ability|p1a: Calyrex|Unnerve\n|move|p2a: Ogurin|Leech Seed|p1a: Calyrex\n|-start|p1a: Calyrex|move: Leech Seed\n|\n|-heal|p1b: Incineroar|98/100|[from] Grassy Terrain\n|-heal|p2a: Ogurin|80/100|[from] Grassy Terrain\n|-heal|p2a: Ogurin|86/100|[from] item: Leftovers\n|-damage|p1a: Calyrex|88/100|[from] Leech Seed|[of] p2a: Ogurin\n|-heal|p2a: Ogurin|98/100|[silent]\n|upkeep\n|turn|2\n|\n|t:|1774156802\n|move|p2a: Ogurin|Protect|p2a: Ogurin\n|-singleturn|p2a: Ogurin|Protect\n|move|p2b: Rillaboom|U-turn|p1a: Calyrex\n|-supereffective|p1a: Calyrex\n|-damage|p1a: Calyrex|68/100\n|\n|t:|1774156806\n|switch|p2b: Kyogre|Kyogre, L50|100/100|[from] U-turn\n|-weather|RainDance|[from] ability: Drizzle|[of] p2b: Kyogre\n|move|p1b: Incineroar|U-turn|p2a: Ogurin\n|-activate|p2a: Ogurin|move: Protect\n|move|p1a: Calyrex|Glacial Lance|p2b: Kyogre|[spread] p2b\n|-activate|p2a: Ogurin|move: Protect\n|-resisted|p2b: Kyogre\n|-damage|p2b: Kyogre|76/100\n|\n|-weather|RainDance|[upkeep]\n|-heal|p2b: Kyogre|82/100|[from] Grassy Terrain\n|-heal|p1b: Incineroar|100/100|[from] Grassy Terrain\n|-heal|p2a: Ogurin|100/100|[from] Grassy Terrain\n|-heal|p1a: Calyrex|74/100|[from] Grassy Terrain\n|-damage|p1a: Calyrex|62/100|[from] Leech Seed|[of] p2a: Ogurin\n|upkeep\n|turn|3\n|\n|t:|1774156829\n|switch|p1b: Miraidon|Miraidon, L50|100/100\n|-fieldstart|move: Electric Terrain|[from] ability: Hadron Engine|[of] p1b: Miraidon\n|move|p1a: Calyrex|Protect|p1a: Calyrex\n|-singleturn|p1a: Calyrex|Protect\n|move|p2b: Kyogre|Water Spout|p1b: Miraidon|[spread] p1b\n|-activate|p1a: Calyrex|move: Protect\n|-resisted|p1b: Miraidon\n|-damage|p1b: Miraidon|60/100\n|move|p2a: Ogurin|Glacial Lance|p1a: Calyrex|[spread] p1b\n|-activate|p1a: Calyrex|move: Protect\n|-supereffective|p1b: Miraidon\n|-damage|p1b: Miraidon|5/100\n|\n|-weather|RainDance|[upkeep]\n|-damage|p1a: Calyrex|50/100|[from] Leech Seed|[of] p2a: Ogurin\n|upkeep\n|turn|4\n|\n|t:|1774156859\n|switch|p1a: Incineroar|Incineroar, L50, M|100/100\n|-ability|p1a: Incineroar|Intimidate|boost\n|-unboost|p2a: Ogurin|atk|1\n|-unboost|p2b: Kyogre|atk|1\n|move|p2b: Kyogre|Protect|p2b: Kyogre\n|-singleturn|p2b: Kyogre|Protect\n|move|p1b: Miraidon|Electro Drift|p2a: Ogurin\n|-damage|p2a: Ogurin|42/100\n|move|p2a: Ogurin|Glacial Lance|p1a: Incineroar|[spread] p1a,p1b\n|-resisted|p1a: Incineroar\n|-supereffective|p1b: Miraidon\n|-damage|p1a: Incineroar|86/100\n|-damage|p1b: Miraidon|0 fnt\n|faint|p1b: Miraidon\n|-ability|p2a: Ogurin|Chilling Neigh|boost\n|-boost|p2a: Ogurin|atk|1\n|\n|-weather|RainDance|[upkeep]\n|-heal|p2a: Ogurin|48/100|[from] item: Leftovers\n|upkeep\n|\n|t:|1774156883\n|switch|p1b: Urshifu|Urshifu-Rapid-Strike, L50, M|100/100\n|turn|5\n|\n|t:|1774156893\n|switch|p2a: Rillaboom|Rillaboom, L50, M|100/100\n|-fieldstart|move: Grassy Terrain|[from] ability: Grassy Surge|[of] p2a: Rillaboom\n|-terastallize|p1b: Urshifu|Stellar\n|move|p1a: Incineroar|Fake Out|p2b: Kyogre\n|-damage|p2b: Kyogre|70/100\n|move|p1b: Urshifu|Surging Strikes|p2a: Rillaboom\n|-resisted|p2a: Rillaboom\n|-crit|p2a: Rillaboom\n|-damage|p2a: Rillaboom|80/100\n|-resisted|p2a: Rillaboom\n|-crit|p2a: Rillaboom\n|-damage|p2a: Rillaboom|59/100\n|-resisted|p2a: Rillaboom\n|-crit|p2a: Rillaboom\n|-damage|p2a: Rillaboom|36/100\n|-hitcount|p2a: Rillaboom|3\n|cant|p2b: Kyogre|flinch\n|\n|-weather|RainDance|[upkeep]\n|-heal|p2b: Kyogre|76/100|[from] Grassy Terrain\n|-heal|p2a: Rillaboom|42/100|[from] Grassy Terrain\n|-heal|p1a: Incineroar|92/100|[from] Grassy Terrain\n|upkeep\n|turn|6\n|\n|t:|1774156916\n|switch|p1a: Calyrex|Calyrex-Ice, L50|50/100\n|-ability|p1a: Calyrex|As One\n|-ability|p1a: Calyrex|Unnerve\n|move|p1b: Urshifu|Detect|p1b: Urshifu\n|-singleturn|p1b: Urshifu|Protect\n|move|p2a: Rillaboom|Fake Out|p1b: Urshifu\n|-activate|p1b: Urshifu|move: Protect\n|move|p2b: Kyogre|Water Spout|p1b: Urshifu|[spread] p1a\n|-activate|p1b: Urshifu|move: Protect\n|-damage|p1a: Calyrex|0 fnt\n|faint|p1a: Calyrex\n|\n|-weather|none\n|-heal|p2b: Kyogre|82/100|[from] Grassy Terrain\n|-heal|p2a: Rillaboom|48/100|[from] Grassy Terrain\n|upkeep\n|\n|t:|1774156932\n|switch|p1a: Incineroar|Incineroar, L50, M|92/100\n|-ability|p1a: Incineroar|Intimidate|boost\n|-unboost|p2a: Rillaboom|atk|1\n|-unboost|p2b: Kyogre|atk|1\n|turn|7\n|\n|t:|1774156945\n|move|p1b: Urshifu|Close Combat|p2b: Kyogre\n|-damage|p2b: Kyogre|0 fnt\n|-unboost|p1b: Urshifu|def|1\n|-unboost|p1b: Urshifu|spd|1\n|faint|p2b: Kyogre\n|move|p2a: Rillaboom|U-turn|p1a: Incineroar\n|-damage|p1a: Incineroar|77/100\n|\n|t:|1774156950\n|switch|p2a: Roaring Moon|Roaring Moon, L50|100/100|[from] U-turn\n|-enditem|p2a: Roaring Moon|Booster Energy\n|-activate|p2a: Roaring Moon|ability: Protosynthesis|[fromitem]\n|-start|p2a: Roaring Moon|protosynthesisspe\n|move|p1a: Incineroar|Knock Off|p2a: Roaring Moon\n|-resisted|p2a: Roaring Moon\n|-damage|p2a: Roaring Moon|82/100\n|\n|-heal|p2a: Roaring Moon|88/100|[from] Grassy Terrain\n|-heal|p1a: Incineroar|83/100|[from] Grassy Terrain\n|upkeep\n|\n|t:|1774156959\n|switch|p2b: Rillaboom|Rillaboom, L50, M|48/100\n|turn|8\n|\n|t:|1774156976\n|move|p1b: Urshifu|Detect|p1b: Urshifu\n|-singleturn|p1b: Urshifu|Protect\n|move|p2b: Rillaboom|Fake Out|p1a: Incineroar\n|-damage|p1a: Incineroar|70/100\n|move|p2a: Roaring Moon|Tailwind|p2a: Roaring Moon\n|-sidestart|p2: TheManOfSausage|move: Tailwind\n|cant|p1a: Incineroar|flinch\n|\n|-heal|p2a: Roaring Moon|94/100|[from] Grassy Terrain\n|-heal|p2b: Rillaboom|55/100|[from] Grassy Terrain\n|-heal|p1a: Incineroar|76/100|[from] Grassy Terrain\n|upkeep\n|turn|9\n|\n|t:|1774156991\n|-terastallize|p2b: Rillaboom|Fire\n|move|p2a: Roaring Moon|Acrobatics|p1b: Urshifu\n|-supereffective|p1b: Urshifu\n|-enditem|p1b: Urshifu|Focus Sash\n|-damage|p1b: Urshifu|1/100\n|move|p2b: Rillaboom|Wood Hammer|p1b: Urshifu\n|-supereffective|p1b: Urshifu\n|-damage|p1b: Urshifu|0 fnt\n|faint|p1b: Urshifu\n|-damage|p2b: Rillaboom|54/100|[from] Recoil\n|move|p1a: Incineroar|Flare Blitz|p2b: Rillaboom\n|-resisted|p2b: Rillaboom\n|-damage|p2b: Rillaboom|28/100\n|-damage|p1a: Incineroar|67/100|[from] Recoil\n|\n|-heal|p2a: Roaring Moon|99/100|[from] Grassy Terrain\n|-heal|p2b: Rillaboom|34/100|[from] Grassy Terrain\n|-heal|p1a: Incineroar|73/100|[from] Grassy Terrain\n|-fieldend|move: Grassy Terrain\n|upkeep\n|turn|10\n|c|\u2606jeyisthename|gg\n|-message|jeyisthename forfeited.\n|\n|win|TheManOfSausage\n|raw|jeyisthename's rating: 1363 &rarr; <strong>1348</strong><br />(-15 for losing)\n|raw|TheManOfSausage's rating: 1454 &rarr; <strong>1469</strong><br />(+15 for winning)\n|l|\u2606jeyisthename\n|player|p1|\n|l|\u2606TheManOfSausage\n|player|p2|\n","uploadtime":1774157186,"views":14,"formatid":"gen9vgc2026regi","rating":1348,"private":0,"password":null}