{"id":"gen9vgc2026regi-2520248615","format":"[Gen 9] VGC 2026 Reg I","players":["ScribbleScribble","Leuco9"],"log":"|j|\u2606ScribbleScribble\n|j|\u2606Leuco9\n|t:|1768604045\n|gametype|doubles\n|player|p1|ScribbleScribble|mina-lgpe|1475\n|player|p2|Leuco9|acetrainer|1346\n|gen|9\n|tier|[Gen 9] VGC 2026 Reg I\n|rated|\n|rule|Species Clause: Limit one of each Pok\u00e9mon\n|rule|Item Clause: Limit 1 of each item\n|clearpoke\n|poke|p1|Calyrex-Ice, L50|\n|poke|p1|Kyogre, L50|\n|poke|p1|Tornadus, L50, M|\n|poke|p1|Indeedee-F, L50, F|\n|poke|p1|Landorus, L50, M|\n|poke|p1|Urshifu-*, L50, F|\n|poke|p2|Miraidon, L50|\n|poke|p2|Calyrex-Shadow, L50|\n|poke|p2|Dondozo, L50, F|\n|poke|p2|Tatsugiri-Stretchy, L50, M|\n|poke|p2|Iron Hands, L50|\n|poke|p2|Indeedee-F, L50, F|\n|teampreview|4\n|inactive|Battle timer is ON: inactive players will automatically lose when time's up. (requested by ScribbleScribble)\n|inactive|ScribbleScribble has 60 seconds left.\n|\n|t:|1768604077\n|teamsize|p1|4\n|teamsize|p2|4\n|start\n|switch|p1a: Tornadus|Tornadus, L50, M|100/100\n|switch|p1b: Landorus|Landorus, L50, M|100/100\n|switch|p2a: Calyrex|Calyrex-Shadow, L50|100/100\n|switch|p2b: Beau|Miraidon, L50|100/100\n|-ability|p2a: Calyrex|As One\n|-ability|p2a: Calyrex|Unnerve\n|-fieldstart|move: Electric Terrain|[from] ability: Hadron Engine|[of] p2b: Beau\n|turn|1\n|\n|t:|1768604088\n|move|p1a: Tornadus|Tailwind|p1a: Tornadus\n|-sidestart|p1: ScribbleScribble|move: Tailwind\n|move|p1b: Landorus|Sandsear Storm|p2b: Beau|[spread] p2b\n|-miss|p1b: Landorus|p2a: Calyrex\n|-supereffective|p2b: Beau\n|-damage|p2b: Beau|0 fnt\n|faint|p2b: Beau\n|move|p2a: Calyrex|Astral Barrage|p1b: Landorus|[spread] p1a,p1b\n|-damage|p1a: Tornadus|19/100\n|-damage|p1b: Landorus|40/100\n|\n|upkeep\n|\n|t:|1768604095\n|switch|p2b: La Catira|Dondozo, L50, F, shiny|100/100\n|turn|2\n|\n|t:|1768604107\n|move|p2b: La Catira|Protect|p2b: La Catira\n|-singleturn|p2b: La Catira|Protect\n|move|p1a: Tornadus|Taunt|p2b: La Catira\n|-activate|p2b: La Catira|move: Protect\n|move|p1b: Landorus|Sandsear Storm|p2b: La Catira|[spread] p2a\n|-activate|p2b: La Catira|move: Protect\n|-crit|p2a: Calyrex\n|-enditem|p2a: Calyrex|Focus Sash\n|-damage|p2a: Calyrex|1/100\n|move|p2a: Calyrex|Astral Barrage|p1a: Tornadus|[spread] p1a,p1b\n|-crit|p1b: Landorus\n|-damage|p1a: Tornadus|0 fnt\n|-damage|p1b: Landorus|0 fnt\n|faint|p1a: Tornadus\n|faint|p1b: Landorus\n|-ability|p2a: Calyrex|Grim Neigh|boost\n|-boost|p2a: Calyrex|spa|2\n|\n|upkeep\n|\n|t:|1768604109\n|switch|p1a: Urshifu|Urshifu-Rapid-Strike, L50, F|100/100\n|switch|p1b: Kyogre|Kyogre, L50|100/100\n|-weather|RainDance|[from] ability: Drizzle|[of] p1b: Kyogre\n|turn|3\n|\n|t:|1768604126\n|switch|p2a: Yonaiker|Tatsugiri-Stretchy, L50, M|100/100\n|-activate|p2a: Yonaiker|ability: Commander|[of] p2b: La Catira\n|-boost|p2b: La Catira|atk|2\n|-boost|p2b: La Catira|spa|2\n|-boost|p2b: La Catira|spe|2\n|-boost|p2b: La Catira|def|2\n|-boost|p2b: La Catira|spd|2\n|move|p1b: Kyogre|Water Spout|p2a: Yonaiker|[spread] p2b\n|-miss|p1b: Kyogre|p2a: Yonaiker\n|-resisted|p2b: La Catira\n|-damage|p2b: La Catira|75/100\n|move|p1a: Urshifu|Surging Strikes|p2b: La Catira\n|-resisted|p2b: La Catira\n|-crit|p2b: La Catira\n|-damage|p2b: La Catira|59/100\n|-resisted|p2b: La Catira\n|-crit|p2b: La Catira\n|-damage|p2b: La Catira|42/100\n|-resisted|p2b: La Catira\n|-crit|p2b: La Catira\n|-damage|p2b: La Catira|25/100\n|-hitcount|p2b: La Catira|3\n|move|p2b: La Catira|Earthquake|p1a: Urshifu|[spread] p1a,p1b\n|-miss|p2b: La Catira|p2a: Yonaiker\n|-crit|p1a: Urshifu\n|-crit|p1b: Kyogre\n|-damage|p1a: Urshifu|37/100\n|-damage|p1b: Kyogre|20/100\n|\n|-weather|RainDance|[upkeep]\n|-heal|p2b: La Catira|32/100|[from] item: Leftovers\n|upkeep\n|turn|4\n|\n|t:|1768604139\n|move|p1b: Kyogre|Thunder|p2b: La Catira\n|-supereffective|p2b: La Catira\n|-damage|p2b: La Catira|0 fnt\n|faint|p2b: La Catira\n|move|p1a: Urshifu|Surging Strikes|p2a: Yonaiker\n|-resisted|p2a: Yonaiker\n|-crit|p2a: Yonaiker\n|-damage|p2a: Yonaiker|78/100\n|-damage|p1a: Urshifu|20/100|[from] item: Rocky Helmet|[of] p2a: Yonaiker\n|-resisted|p2a: Yonaiker\n|-crit|p2a: Yonaiker\n|-damage|p2a: Yonaiker|56/100\n|-damage|p1a: Urshifu|4/100|[from] item: Rocky Helmet|[of] p2a: Yonaiker\n|-resisted|p2a: Yonaiker\n|-crit|p2a: Yonaiker\n|-damage|p2a: Yonaiker|32/100\n|-damage|p1a: Urshifu|0 fnt|[from] item: Rocky Helmet|[of] p2a: Yonaiker\n|faint|p1a: Urshifu\n|-hitcount|p2a: Yonaiker|3\n|\n|-weather|RainDance|[upkeep]\n|-sideend|p1: ScribbleScribble|move: Tailwind\n|upkeep\n|\n|t:|1768604142\n|switch|p2b: Calyrex|Calyrex-Shadow, L50|1/100\n|-ability|p2b: Calyrex|As One\n|-ability|p2b: Calyrex|Unnerve\n|turn|5\n|\n|t:|1768604146\n|move|p2a: Yonaiker|Helping Hand|p2b: Calyrex\n|-singleturn|p2b: Calyrex|Helping Hand|[of] p2a: Yonaiker\n|move|p2b: Calyrex|Astral Barrage|p1b: Kyogre\n|-damage|p1b: Kyogre|0 fnt\n|faint|p1b: Kyogre\n|\n|win|Leuco9\n|raw|ScribbleScribble's rating: 1475 &rarr; <strong>1448</strong><br />(-27 for losing)\n|raw|Leuco9's rating: 1346 &rarr; <strong>1373</strong><br />(+27 for winning)\n|l|\u2606ScribbleScribble\n|player|p1|\n|l|\u2606Leuco9\n|player|p2|\n","uploadtime":1768604392,"views":26,"formatid":"gen9vgc2026regi","rating":1373,"private":0,"password":null}