{"id":"gen9vgc2026regi-2577225400","format":"[Gen 9] VGC 2026 Reg I","players":["VJ2511","Bicentenario"],"log":"|j|\u2606VJ2511\n|j|\u2606Bicentenario\n|t:|1775556187\n|gametype|doubles\n|player|p1|VJ2511|169|1614\n|player|p2|Bicentenario|265|1617\n|gen|9\n|tier|[Gen 9] VGC 2026 Reg I\n|rated|\n|rule|Species Clause: Limit one of each Pok\u00e9mon\n|rule|Item Clause: Limit 1 of each item\n|clearpoke\n|poke|p1|Calyrex-Shadow, L50|\n|poke|p1|Zamazenta-*, L50|\n|poke|p1|Chien-Pao, L50|\n|poke|p1|Dragonite, L50, M|\n|poke|p1|Raging Bolt, L50|\n|poke|p1|Amoonguss, L50, F|\n|poke|p2|Calyrex-Ice, L50|\n|poke|p2|Indeedee-F, L50, F|\n|poke|p2|Urshifu-*, L50, F|\n|poke|p2|Lunala, L50|\n|poke|p2|Torkoal, L50, F|\n|poke|p2|Smeargle, L50, F|\n|teampreview|4\n|inactive|Battle timer is ON: inactive players will automatically lose when time's up. (requested by VJ2511)\n|\n|t:|1775556206\n|teamsize|p1|4\n|teamsize|p2|4\n|start\n|switch|p1a: Zamazenta|Zamazenta-Crowned, L50|100/100\n|switch|p1b: Chien-Pao|Chien-Pao, L50|100/100\n|switch|p2a: Indeedee|Indeedee-F, L50, F|100/100\n|switch|p2b: Lunala|Lunala, L50|100/100\n|-ability|p1b: Chien-Pao|Sword of Ruin\n|-ability|p1a: Zamazenta|Dauntless Shield|boost\n|-boost|p1a: Zamazenta|def|1\n|-fieldstart|move: Psychic Terrain|[from] ability: Psychic Surge|[of] p2a: Indeedee\n|turn|1\n|\n|t:|1775556211\n|move|p2a: Indeedee|Follow Me|p2a: Indeedee\n|-singleturn|p2a: Indeedee|move: Follow Me\n|move|p1b: Chien-Pao|Ice Spinner|p2a: Indeedee\n|-damage|p2a: Indeedee|56/100\n|-damage|p1b: Chien-Pao|84/100|[from] item: Rocky Helmet|[of] p2a: Indeedee\n|-fieldend|move: Psychic Terrain\n|move|p1a: Zamazenta|Body Press|p2a: Indeedee\n|-damage|p2a: Indeedee|0 fnt\n|-damage|p1a: Zamazenta|84/100|[from] item: Rocky Helmet|[of] p2a: Indeedee\n|faint|p2a: Indeedee\n|move|p2b: Lunala|Trick Room|p2b: Lunala\n|-fieldstart|move: Trick Room|[of] p2b: Lunala\n|\n|upkeep\n|\n|t:|1775556222\n|switch|p2a: Torkoal|Torkoal, L50, F|100/100\n|-weather|SunnyDay|[from] ability: Drought|[of] p2a: Torkoal\n|turn|2\n|\n|t:|1775556231\n|move|p1a: Zamazenta|Protect|p1a: Zamazenta\n|-singleturn|p1a: Zamazenta|Protect\n|move|p1b: Chien-Pao|Sucker Punch|p2b: Lunala\n|-supereffective|p2b: Lunala\n|-damage|p2b: Lunala|36/100\n|move|p2a: Torkoal|Weather Ball|p1a: Zamazenta\n|-activate|p1a: Zamazenta|move: Protect\n|move|p2b: Lunala|Moonblast|p1b: Chien-Pao\n|-supereffective|p1b: Chien-Pao\n|-crit|p1b: Chien-Pao\n|-damage|p1b: Chien-Pao|0 fnt\n|faint|p1b: Chien-Pao\n|\n|-weather|SunnyDay|[upkeep]\n|-heal|p2b: Lunala|42/100|[from] item: Leftovers\n|upkeep\n|\n|t:|1775556242\n|switch|p1b: Amoonguss|Amoonguss, L50, F|100/100\n|turn|3\n|\n|t:|1775556256\n|-terastallize|p1b: Amoonguss|Water\n|move|p2a: Torkoal|Weather Ball|p1a: Zamazenta\n|-supereffective|p1a: Zamazenta\n|-damage|p1a: Zamazenta|0 fnt\n|faint|p1a: Zamazenta\n|move|p1b: Amoonguss|Spore|p2a: Torkoal\n|-status|p2a: Torkoal|slp|[from] move: Spore\n|move|p2b: Lunala|Moongeist Beam|p1b: Amoonguss\n|-damage|p1b: Amoonguss|48/100\n|\n|-weather|SunnyDay|[upkeep]\n|-heal|p2b: Lunala|48/100|[from] item: Leftovers\n|upkeep\n|\n|t:|1775556266\n|switch|p1a: Calyrex|Calyrex-Shadow, L50|100/100\n|-ability|p1a: Calyrex|As One\n|-ability|p1a: Calyrex|Unnerve\n|turn|4\n|\n|t:|1775556273\n|move|p2b: Lunala|Wide Guard|p2b: Lunala\n|-singleturn|p2b: Lunala|Wide Guard\n|cant|p2a: Torkoal|slp\n|move|p1b: Amoonguss|Spore|p2b: Lunala\n|-status|p2b: Lunala|slp|[from] move: Spore\n|move|p1a: Calyrex|Astral Barrage|p2b: Lunala|[spread] \n|-activate|p2a: Torkoal|move: Wide Guard\n|-activate|p2b: Lunala|move: Wide Guard\n|\n|-weather|SunnyDay|[upkeep]\n|-heal|p2b: Lunala|54/100 slp|[from] item: Leftovers\n|upkeep\n|turn|5\n|\n|t:|1775556289\n|cant|p2b: Lunala|slp\n|-curestatus|p2a: Torkoal|slp|[msg]\n|move|p2a: Torkoal|Weather Ball|p1a: Calyrex\n|-damage|p1a: Calyrex|8/100\n|move|p1b: Amoonguss|Sludge Bomb|p2a: Torkoal\n|-damage|p2a: Torkoal|67/100\n|-status|p2a: Torkoal|psn\n|move|p1a: Calyrex|Astral Barrage|p2b: Lunala|[spread] p2a,p2b\n|-supereffective|p2b: Lunala\n|-damage|p2a: Torkoal|0 fnt\n|-damage|p2b: Lunala|0 fnt\n|faint|p2a: Torkoal\n|faint|p2b: Lunala\n|-ability|p1a: Calyrex|Grim Neigh|boost\n|-boost|p1a: Calyrex|spa|2\n|\n|-weather|SunnyDay|[upkeep]\n|-fieldend|move: Trick Room\n|upkeep\n|\n|t:|1775556299\n|switch|p2b: Calyrex|Calyrex-Ice, L50|100/100\n|-ability|p2b: Calyrex|As One\n|-ability|p2b: Calyrex|Unnerve\n|turn|6\n|\n|t:|1775556312\n|-terastallize|p2b: Calyrex|Grass\n|move|p1a: Calyrex|Astral Barrage|p2b: Calyrex\n|-damage|p2b: Calyrex|0 fnt\n|faint|p2b: Calyrex\n|\n|win|VJ2511\n|raw|VJ2511's rating: 1614 &rarr; <strong>1634</strong><br />(+20 for winning)\n|raw|Bicentenario's rating: 1617 &rarr; <strong>1597</strong><br />(-20 for losing)\n|l|\u2606Bicentenario\n|player|p2|\n","uploadtime":1775556318,"views":40,"formatid":"gen9vgc2026regi","rating":1597,"private":0,"password":null}