{"id":"gen9vgc2026regi-2516424646","format":"[Gen 9] VGC 2026 Reg I","players":["jason986","plantscience"],"log":"|j|\u2606jason986\n|j|\u2606plantscience\n|t:|1768139286\n|gametype|doubles\n|player|p1|jason986|lady|1333\n|player|p2|plantscience|265|1258\n|gen|9\n|tier|[Gen 9] VGC 2026 Reg I\n|rated|\n|rule|Species Clause: Limit one of each Pok\u00e9mon\n|rule|Item Clause: Limit 1 of each item\n|clearpoke\n|poke|p1|Calyrex-Ice, L50|\n|poke|p1|Lunala, L50|\n|poke|p1|Ursaluna, L50, M|\n|poke|p1|Torkoal, L50, M|\n|poke|p1|Indeedee-F, L50, F|\n|poke|p1|Amoonguss, L50, M|\n|poke|p2|Lunala, L50|\n|poke|p2|Ursaluna, L50, F|\n|poke|p2|Urshifu-*, L50, F|\n|poke|p2|Miraidon, L50|\n|poke|p2|Grimmsnarl, L50, M|\n|poke|p2|Incineroar, L50, F|\n|teampreview|4\n|inactive|Battle timer is ON: inactive players will automatically lose when time's up. (requested by jason986)\n|inactive|plantscience has 60 seconds left.\n|\n|t:|1768139321\n|teamsize|p1|4\n|teamsize|p2|4\n|start\n|switch|p1a: Calyrex|Calyrex-Ice, L50|100/100\n|switch|p1b: Indeedee|Indeedee-F, L50, F|100/100\n|switch|p2a: Grimmsnarl|Grimmsnarl, L50, M|100/100\n|switch|p2b: Incineroar|Incineroar, L50, F|100/100\n|-ability|p1a: Calyrex|As One\n|-ability|p1a: Calyrex|Unnerve\n|-fieldstart|move: Psychic Terrain|[from] ability: Psychic Surge|[of] p1b: Indeedee\n|-ability|p2b: Incineroar|Intimidate|boost\n|-fail|p1a: Calyrex|unboost|[from] item: Clear Amulet|[of] p1a: Calyrex\n|-unboost|p1b: Indeedee|atk|1\n|turn|1\n|\n|t:|1768139333\n|move|p1b: Indeedee|Follow Me|p1b: Indeedee\n|-singleturn|p1b: Indeedee|move: Follow Me\n|move|p2a: Grimmsnarl|Reflect|p2a: Grimmsnarl\n|-sidestart|p2: plantscience|Reflect\n|move|p2b: Incineroar|Parting Shot|p1b: Indeedee\n|-unboost|p1b: Indeedee|atk|1\n|-unboost|p1b: Indeedee|spa|1\n|\n|t:|1768139335\n|switch|p2b: Ursaluna|Ursaluna, L50, F|100/100|[from] Parting Shot\n|move|p1a: Calyrex|Trick Room|p1a: Calyrex\n|-fieldstart|move: Trick Room|[of] p1a: Calyrex\n|\n|-status|p2b: Ursaluna|brn|[from] item: Flame Orb\n|upkeep\n|turn|2\n|inactive|plantscience has 30 seconds left.\n|inactive|plantscience has 20 seconds left.\n|\n|t:|1768139371\n|move|p1b: Indeedee|Helping Hand|p1a: Calyrex\n|-singleturn|p1a: Calyrex|Helping Hand|[of] p1b: Indeedee\n|move|p2b: Ursaluna|Protect|p2b: Ursaluna\n|-singleturn|p2b: Ursaluna|Protect\n|move|p2a: Grimmsnarl|Light Screen|p2a: Grimmsnarl\n|-sidestart|p2: plantscience|move: Light Screen\n|move|p1a: Calyrex|Glacial Lance|p2a: Grimmsnarl|[spread] p2a\n|-activate|p2b: Ursaluna|move: Protect\n|-damage|p2a: Grimmsnarl|37/100\n|\n|-damage|p2b: Ursaluna|95/100 brn|[from] brn\n|upkeep\n|turn|3\n|inactive|plantscience has 30 seconds left.\n|\n|t:|1768139397\n|-terastallize|p2b: Ursaluna|Ghost\n|move|p1b: Indeedee|Helping Hand|p1a: Calyrex\n|-singleturn|p1a: Calyrex|Helping Hand|[of] p1b: Indeedee\n|move|p2b: Ursaluna|Earthquake|p1b: Indeedee|[spread] p2a,p1a,p1b\n|-damage|p2a: Grimmsnarl|0 fnt\n|-damage|p1a: Calyrex|56/100\n|-damage|p1b: Indeedee|41/100\n|faint|p2a: Grimmsnarl\n|move|p1a: Calyrex|Glacial Lance|p2b: Ursaluna\n|-damage|p2b: Ursaluna|39/100 brn\n|\n|-damage|p2b: Ursaluna|33/100 brn|[from] brn\n|upkeep\n|\n|t:|1768139408\n|switch|p2a: Lunala|Lunala, L50|100/100\n|turn|4\n|\n|t:|1768139419\n|move|p1b: Indeedee|Helping Hand|p1a: Calyrex\n|-singleturn|p1a: Calyrex|Helping Hand|[of] p1b: Indeedee\n|move|p2a: Lunala|Wide Guard|p2a: Lunala\n|-singleturn|p2a: Lunala|Wide Guard\n|move|p2b: Ursaluna|Earthquake|p1b: Indeedee|[spread] p1a,p1b\n|-activate|p2a: Lunala|move: Wide Guard\n|-damage|p1a: Calyrex|15/100\n|-damage|p1b: Indeedee|0 fnt\n|faint|p1b: Indeedee\n|move|p1a: Calyrex|High Horsepower|p2b: Ursaluna\n|-damage|p2b: Ursaluna|2/100 brn\n|\n|-damage|p2b: Ursaluna|0 fnt|[from] brn\n|faint|p2b: Ursaluna\n|upkeep\n|\n|t:|1768139431\n|switch|p2b: Incineroar|Incineroar, L50, F|100/100\n|switch|p1b: Ursaluna|Ursaluna, L50, M|100/100\n|-ability|p2b: Incineroar|Intimidate|boost\n|-fail|p1a: Calyrex|unboost|[from] item: Clear Amulet|[of] p1a: Calyrex\n|-unboost|p1b: Ursaluna|atk|1\n|turn|5\n|\n|t:|1768139452\n|move|p1a: Calyrex|Protect|p1a: Calyrex\n|-singleturn|p1a: Calyrex|Protect\n|move|p1b: Ursaluna|Headlong Rush|p2b: Incineroar\n|-supereffective|p2b: Incineroar\n|-damage|p2b: Incineroar|55/100\n|-unboost|p1b: Ursaluna|def|1\n|-unboost|p1b: Ursaluna|spd|1\n|-damage|p1b: Ursaluna|84/100|[from] item: Rocky Helmet|[of] p2b: Incineroar\n|move|p2b: Incineroar|Knock Off|p1b: Ursaluna\n|-damage|p1b: Ursaluna|46/100\n|-enditem|p1b: Ursaluna|Flame Orb|[from] move: Knock Off|[of] p2b: Incineroar\n|move|p2a: Lunala|Moongeist Beam|p1a: Calyrex\n|-activate|p1a: Calyrex|move: Protect\n|\n|-fieldend|move: Trick Room\n|-fieldend|move: Psychic Terrain\n|upkeep\n|turn|6\n|inactive|jason986 has 30 seconds left.\n|\n|t:|1768139480\n|move|p2a: Lunala|Moonblast|p1b: Ursaluna\n|-damage|p1b: Ursaluna|0 fnt\n|faint|p1b: Ursaluna\n|move|p2b: Incineroar|Knock Off|p1a: Calyrex\n|-supereffective|p1a: Calyrex\n|-damage|p1a: Calyrex|0 fnt\n|-enditem|p1a: Calyrex|Clear Amulet|[from] move: Knock Off|[of] p2b: Incineroar\n|faint|p1a: Calyrex\n|\n|upkeep\n|-message|jason986 forfeited.\n|\n|win|plantscience\n|raw|jason986's rating: 1333 &rarr; <strong>1309</strong><br />(-24 for losing)\n|raw|plantscience's rating: 1258 &rarr; <strong>1288</strong><br />(+30 for winning)\n|l|\u2606jason986\n|player|p1|\n|l|\u2606plantscience\n|player|p2|\n","uploadtime":1768139668,"views":24,"formatid":"gen9vgc2026regi","rating":1288,"private":0,"password":null}