{"id":"gen9vgc2026regi-2570842228","format":"[Gen 9] VGC 2026 Reg I","players":["iron cuckulicious","Sheevp"],"log":"|j|\u2606iron cuckulicious\n|j|\u2606Sheevp\n|t:|1774857742\n|gametype|doubles\n|player|p1|iron cuckulicious|265|1469\n|player|p2|Sheevp|266|1371\n|gen|9\n|tier|[Gen 9] VGC 2026 Reg I\n|rated|\n|rule|Species Clause: Limit one of each Pok\u00e9mon\n|rule|Item Clause: Limit 1 of each item\n|clearpoke\n|poke|p1|Rillaboom, L50, M|\n|poke|p1|Zamazenta-*, L50|\n|poke|p1|Chien-Pao, L50|\n|poke|p1|Kyogre, L50|\n|poke|p1|Latios, L50, M|\n|poke|p1|Landorus, L50, M|\n|poke|p2|Smeargle, L50, M|\n|poke|p2|Koraidon, L50|\n|poke|p2|Calyrex-Ice, L50|\n|poke|p2|Volcarona, L50, F|\n|poke|p2|Ogerpon-Cornerstone, L50, F|\n|poke|p2|Raging Bolt, L50|\n|teampreview|4\n|\n|t:|1774857802\n|teamsize|p1|4\n|teamsize|p2|4\n|start\n|switch|p1a: Zamazenta|Zamazenta-Crowned, L50|100/100\n|switch|p1b: Chien-Pao|Chien-Pao, L50|100/100\n|switch|p2a: Raging Bolt|Raging Bolt, L50|100/100\n|switch|p2b: Smeargle|Smeargle, L50, M|100/100\n|-ability|p1b: Chien-Pao|Sword of Ruin\n|-ability|p1a: Zamazenta|Dauntless Shield|boost\n|-boost|p1a: Zamazenta|def|1\n|turn|1\n|\n|t:|1774857823\n|-terastallize|p1b: Chien-Pao|Ghost\n|move|p1a: Zamazenta|Protect|p1a: Zamazenta\n|-singleturn|p1a: Zamazenta|Protect\n|move|p1b: Chien-Pao|Icicle Crash|p2a: Raging Bolt\n|-supereffective|p2a: Raging Bolt\n|-damage|p2a: Raging Bolt|7/100\n|move|p2b: Smeargle|Spore|p1a: Zamazenta\n|-activate|p1a: Zamazenta|move: Protect\n|move|p2a: Raging Bolt|Thunderbolt|p1b: Chien-Pao\n|-damage|p1b: Chien-Pao|11/100\n|\n|-ability|p2b: Smeargle|Moody|boost\n|-boost|p2b: Smeargle|def|2\n|-unboost|p2b: Smeargle|spa|1\n|upkeep\n|turn|2\n|\n|t:|1774857836\n|move|p2a: Raging Bolt|Thunderclap|p1b: Chien-Pao\n|-damage|p1b: Chien-Pao|0 fnt\n|faint|p1b: Chien-Pao\n|move|p1a: Zamazenta|Body Press|p2b: Smeargle\n|-supereffective|p2b: Smeargle\n|-enditem|p2b: Smeargle|Focus Sash\n|-damage|p2b: Smeargle|1/100\n|move|p2b: Smeargle|Spore|p1a: Zamazenta\n|-status|p1a: Zamazenta|slp|[from] move: Spore\n|\n|-ability|p2b: Smeargle|Moody|boost\n|-boost|p2b: Smeargle|def|2\n|-unboost|p2b: Smeargle|spa|1\n|upkeep\n|\n|t:|1774857842\n|switch|p1b: Landorus|Landorus, L50, M|100/100\n|turn|3\n|\n|t:|1774857863\n|cant|p1a: Zamazenta|slp\n|move|p1b: Landorus|Sandsear Storm|p2a: Raging Bolt|[spread] p2a,p2b\n|-supereffective|p2a: Raging Bolt\n|-damage|p2a: Raging Bolt|0 fnt\n|-damage|p2b: Smeargle|0 fnt\n|faint|p2a: Raging Bolt\n|-end|p2a: Raging Bolt|Protosynthesis|[silent]\n|faint|p2b: Smeargle\n|\n|upkeep\n|\n|t:|1774857868\n|switch|p2b: Calyrex|Calyrex-Ice, L50|100/100\n|switch|p2a: Koraidon|Koraidon, L50|100/100\n|-ability|p2b: Calyrex|As One\n|-ability|p2b: Calyrex|Unnerve\n|-weather|SunnyDay|[from] ability: Orichalcum Pulse|[of] p2a: Koraidon\n|-activate|p2a: Koraidon|Orichalcum Pulse|[source]\n|turn|4\n|\n|t:|1774857888\n|move|p1b: Landorus|Sandsear Storm|p2a: Koraidon|[spread] p2a,p2b\n|-damage|p2a: Koraidon|59/100\n|-damage|p2b: Calyrex|69/100\n|move|p2a: Koraidon|Low Kick|p1a: Zamazenta\n|-supereffective|p1a: Zamazenta\n|-damage|p1a: Zamazenta|37/100 slp\n|cant|p1a: Zamazenta|slp\n|move|p2b: Calyrex|Leech Seed|p1b: Landorus\n|-start|p1b: Landorus|move: Leech Seed\n|\n|-weather|SunnyDay|[upkeep]\n|-heal|p2b: Calyrex|74/100|[from] item: Leftovers\n|-damage|p1b: Landorus|88/100|[from] Leech Seed|[of] p2b: Calyrex\n|-heal|p2b: Calyrex|84/100|[silent]\n|upkeep\n|turn|5\n|\n|t:|1774857920\n|cant|p1a: Zamazenta|slp\n|move|p1b: Landorus|Sandsear Storm|p2a: Koraidon|[spread] p2a,p2b\n|-damage|p2a: Koraidon|14/100\n|-damage|p2b: Calyrex|56/100\n|move|p2a: Koraidon|Low Kick|p1a: Zamazenta\n|-supereffective|p1a: Zamazenta\n|-damage|p1a: Zamazenta|0 fnt\n|faint|p1a: Zamazenta\n|move|p2b: Calyrex|Glacial Lance|p1b: Landorus\n|-supereffective|p1b: Landorus\n|-damage|p1b: Landorus|0 fnt\n|faint|p1b: Landorus\n|-ability|p2b: Calyrex|Chilling Neigh|boost\n|-boost|p2b: Calyrex|atk|1\n|\n|-weather|SunnyDay|[upkeep]\n|-heal|p2b: Calyrex|62/100|[from] item: Leftovers\n|upkeep\n|\n|t:|1774857928\n|switch|p1b: Kyogre|Kyogre, L50|100/100\n|-weather|RainDance|[from] ability: Drizzle|[of] p1b: Kyogre\n|turn|6\n|\n|t:|1774857935\n|move|p2a: Koraidon|Low Kick|p1b: Kyogre\n|-damage|p1b: Kyogre|33/100\n|move|p1b: Kyogre|Origin Pulse|p2a: Koraidon|[spread] p2b\n|-miss|p1b: Kyogre|p2a: Koraidon\n|-damage|p2b: Calyrex|15/100\n|move|p2b: Calyrex|Leech Seed|p1b: Kyogre\n|-start|p1b: Kyogre|move: Leech Seed\n|\n|-weather|RainDance|[upkeep]\n|-heal|p2b: Calyrex|21/100|[from] item: Leftovers\n|-damage|p1b: Kyogre|21/100|[from] Leech Seed|[of] p2b: Calyrex\n|-heal|p2b: Calyrex|33/100|[silent]\n|upkeep\n|turn|7\n|-message|iron cuckulicious forfeited.\n|\n|win|Sheevp\n|raw|iron cuckulicious's rating: 1469 &rarr; <strong>1444</strong><br />(-25 for losing)\n|raw|Sheevp's rating: 1371 &rarr; <strong>1396</strong><br />(+25 for winning)\n|l|\u2606iron cuckulicious\n|player|p1|\n|l|\u2606Sheevp\n|player|p2|\n","uploadtime":1774858161,"views":10,"formatid":"gen9vgc2026regi","rating":1396,"private":0,"password":null}