{"id":"gen9vgc2026regi-2591162465","format":"[Gen 9] VGC 2026 Reg I","players":["grandmakicker99","dodatid2"],"log":"|j|\u2606grandmakicker99\n|j|\u2606dodatid2\n|t:|1776878441\n|gametype|doubles\n|player|p1|grandmakicker99|1|1389\n|player|p2|dodatid2|hiker-gen4|1438\n|gen|9\n|tier|[Gen 9] VGC 2026 Reg I\n|rated|\n|rule|Species Clause: Limit one of each Pok\u00e9mon\n|rule|Item Clause: Limit 1 of each item\n|clearpoke\n|poke|p1|Calyrex-Ice, L50|\n|poke|p1|Scraggy, L50, F|\n|poke|p1|Miraidon, L50|\n|poke|p1|Farigiraf, L50, M|\n|poke|p1|Iron Treads, L50|\n|poke|p1|Iron Hands, L50|\n|poke|p2|Calyrex-Ice, L50|\n|poke|p2|Hariyama, L50, F|\n|poke|p2|Kyogre, L50|\n|poke|p2|Urshifu-*, L50, F|\n|poke|p2|Hatterene, L50, F|\n|poke|p2|Archaludon, L50, M|\n|teampreview|4\n|inactive|Battle timer is ON: inactive players will automatically lose when time's up. (requested by grandmakicker99)\n|\n|t:|1776878465\n|teamsize|p1|4\n|teamsize|p2|4\n|start\n|switch|p1a: Miraidon|Miraidon, L50|100/100\n|switch|p1b: Farigiraf|Farigiraf, L50, M|100/100\n|switch|p2a: Calyrex|Calyrex-Ice, L50|100/100\n|switch|p2b: Hariyama|Hariyama, L50, F|100/100\n|-ability|p2a: Calyrex|As One\n|-ability|p2a: Calyrex|Unnerve\n|-fieldstart|move: Electric Terrain|[from] ability: Hadron Engine|[of] p1a: Miraidon\n|-enditem|p1b: Farigiraf|Electric Seed\n|-boost|p1b: Farigiraf|def|1|[from] item: Electric Seed\n|turn|1\n|\n|t:|1776878489\n|-terastallize|p2a: Calyrex|Grass\n|move|p1a: Miraidon|Electro Drift|p2a: Calyrex\n|-resisted|p2a: Calyrex\n|-damage|p2a: Calyrex|45/100\n|move|p1b: Farigiraf|Foul Play|p2a: Calyrex\n|-damage|p2a: Calyrex|16/100\n|move|p2b: Hariyama|Close Combat|p1b: Farigiraf\n|-damage|p1b: Farigiraf|66/100\n|-unboost|p2b: Hariyama|def|1\n|-unboost|p2b: Hariyama|spd|1\n|move|p2a: Calyrex|Trick Room|p2a: Calyrex\n|-fieldstart|move: Trick Room|[of] p2a: Calyrex\n|\n|-status|p2b: Hariyama|brn|[from] item: Flame Orb\n|upkeep\n|turn|2\n|\n|t:|1776878511\n|switch|p1a: Scraggy|Scraggy, L50, F|100/100\n|-ability|p1a: Scraggy|Intimidate|boost\n|-fail|p2a: Calyrex|unboost|[from] item: Clear Amulet|[of] p2a: Calyrex\n|-unboost|p2b: Hariyama|atk|1\n|move|p2b: Hariyama|Close Combat|p1b: Farigiraf\n|-damage|p1b: Farigiraf|34/100\n|-unboost|p2b: Hariyama|def|1\n|-unboost|p2b: Hariyama|spd|1\n|move|p2a: Calyrex|Glacial Lance|p1b: Farigiraf|[spread] p1a,p1b\n|-damage|p1a: Scraggy|43/100\n|-damage|p1b: Farigiraf|0 fnt\n|faint|p1b: Farigiraf\n|-ability|p2a: Calyrex|Chilling Neigh|boost\n|-boost|p2a: Calyrex|atk|1\n|\n|-damage|p2b: Hariyama|95/100 brn|[from] brn\n|upkeep\n|\n|t:|1776878523\n|switch|p1b: Iron Hands|Iron Hands, L50|100/100\n|-activate|p1b: Iron Hands|ability: Quark Drive\n|-start|p1b: Iron Hands|quarkdriveatk\n|turn|3\n|inactive|grandmakicker99 has 30 seconds left.\n|\n|t:|1776878553\n|switch|p2b: Hatterene|Hatterene, L50, F|100/100\n|move|p2a: Calyrex|Protect|p2a: Calyrex\n|-singleturn|p2a: Calyrex|Protect\n|move|p1a: Scraggy|Fake Out|p2b: Hatterene\n|-crit|p2b: Hatterene\n|-damage|p2b: Hatterene|86/100\n|move|p1b: Iron Hands|Fake Out|p2a: Calyrex\n|-activate|p2a: Calyrex|move: Protect\n|\n|upkeep\n|turn|4\n|inactive|grandmakicker99 has 30 seconds left.\n|inactive|dodatid2 has 30 seconds left.\n|\n|t:|1776878583\n|move|p2b: Hatterene|Dazzling Gleam|p1a: Scraggy|[spread] p1a,p1b\n|-supereffective|p1a: Scraggy\n|-supereffective|p1b: Iron Hands\n|-damage|p1a: Scraggy|0 fnt\n|-damage|p1b: Iron Hands|65/100\n|faint|p1a: Scraggy\n|move|p1b: Iron Hands|Drain Punch|p2b: Hatterene\n|-resisted|p2b: Hatterene\n|-damage|p2b: Hatterene|71/100\n|-heal|p1b: Iron Hands|70/100|[from] drain|[of] p2b: Hatterene\n|move|p2a: Calyrex|Glacial Lance|p1b: Iron Hands\n|-damage|p1b: Iron Hands|0 fnt\n|faint|p1b: Iron Hands\n|-end|p1b: Iron Hands|Quark Drive|[silent]\n|-ability|p2a: Calyrex|Chilling Neigh|boost\n|-boost|p2a: Calyrex|atk|1\n|\n|upkeep\n|\n|t:|1776878593\n|switch|p1b: Miraidon|Miraidon, L50|100/100\n|-activate|p1b: Miraidon|ability: Hadron Engine\n|turn|5\n|c|\u2606grandmakicker99|ggs\n|\n|t:|1776878617\n|-terastallize|p1b: Miraidon|Fairy\n|move|p2b: Hatterene|Dazzling Gleam|p1b: Miraidon\n|-damage|p1b: Miraidon|66/100\n|move|p2a: Calyrex|Glacial Lance|p1b: Miraidon\n|-damage|p1b: Miraidon|0 fnt\n|faint|p1b: Miraidon\n|\n|win|dodatid2\n|raw|grandmakicker99's rating: 1389 &rarr; <strong>1372</strong><br />(-17 for losing)\n|raw|dodatid2's rating: 1438 &rarr; <strong>1455</strong><br />(+17 for winning)\n|l|\u2606dodatid2\n|player|p2|\n|l|\u2606grandmakicker99\n|player|p1|\n","uploadtime":1776878791,"views":8,"formatid":"gen9vgc2026regi","rating":1372,"private":0,"password":null}