{"id":"gen9vgc2026regi-2579666439","format":"[Gen 9] VGC 2026 Reg I","players":["gonzalommozo","TheNamesBetty"],"log":"|j|\u2606gonzalommozo\n|j|\u2606TheNamesBetty\n|t:|1775813674\n|gametype|doubles\n|player|p1|gonzalommozo|169|1295\n|player|p2|TheNamesBetty|koga|1373\n|gen|9\n|tier|[Gen 9] VGC 2026 Reg I\n|rated|\n|rule|Species Clause: Limit one of each Pok\u00e9mon\n|rule|Item Clause: Limit 1 of each item\n|clearpoke\n|poke|p1|Calyrex-Ice, L50|\n|poke|p1|Miraidon, L50|\n|poke|p1|Incineroar, L50, M|\n|poke|p1|Grimmsnarl, L50, M|\n|poke|p1|Amoonguss, L50, M|\n|poke|p1|Urshifu-*, L50, M|\n|poke|p2|Koraidon, L50|\n|poke|p2|Calyrex-Shadow, L50|\n|poke|p2|Roaring Moon, L50|\n|poke|p2|Urshifu-*, L50, M|\n|poke|p2|Electabuzz, L50, F|\n|poke|p2|Dewgong, L50, F|\n|teampreview|4\n|inactive|Battle timer is ON: inactive players will automatically lose when time's up. (requested by gonzalommozo)\n|inactive|gonzalommozo has 60 seconds left.\nTheNamesBetty has agreed to open team sheets.\n|\n|t:|1775813716\n|teamsize|p1|4\n|teamsize|p2|4\n|start\n|switch|p1a: Grimmsnarl|Grimmsnarl, L50, M|100/100\n|switch|p1b: Miraidon|Miraidon, L50|100/100\n|switch|p2a: Kedluben|Calyrex-Shadow, L50|100/100\n|switch|p2b: Bleblebl\u00e1k|Electabuzz, L50, F|100/100\n|-ability|p2a: Kedluben|As One\n|-ability|p2a: Kedluben|Unnerve\n|-fieldstart|move: Electric Terrain|[from] ability: Hadron Engine|[of] p1b: Miraidon\n|turn|1\n|inactive|gonzalommozo has 30 seconds left.\n|\n|t:|1775813750\n|move|p2a: Kedluben|Protect|p2a: Kedluben\n|-singleturn|p2a: Kedluben|Protect\n|move|p1a: Grimmsnarl|Light Screen|p1a: Grimmsnarl\n|-sidestart|p1: gonzalommozo|move: Light Screen\n|move|p1b: Miraidon|Electro Drift|p2a: Kedluben\n|-activate|p2a: Kedluben|move: Protect\n|move|p2b: Bleblebl\u00e1k|Taunt|p1a: Grimmsnarl\n|-start|p1a: Grimmsnarl|move: Taunt\n|\n|upkeep\n|turn|2\n|\n|t:|1775813763\n|move|p1b: Miraidon|Protect|p1b: Miraidon\n|-singleturn|p1b: Miraidon|Protect\n|move|p2b: Bleblebl\u00e1k|Follow Me|p2b: Bleblebl\u00e1k\n|-singleturn|p2b: Bleblebl\u00e1k|move: Follow Me\n|move|p2a: Kedluben|Nasty Plot|p2a: Kedluben\n|-boost|p2a: Kedluben|spa|2\n|move|p1a: Grimmsnarl|Spirit Break|p2b: Bleblebl\u00e1k\n|-damage|p2b: Bleblebl\u00e1k|64/100\n|-unboost|p2b: Bleblebl\u00e1k|spa|1\n|\n|upkeep\n|turn|3\n|\n|t:|1775813787\n|move|p2b: Bleblebl\u00e1k|Follow Me|p2b: Bleblebl\u00e1k\n|-singleturn|p2b: Bleblebl\u00e1k|move: Follow Me\n|move|p2a: Kedluben|Psychic|p1b: Miraidon\n|-damage|p1b: Miraidon|21/100\n|-damage|p2a: Kedluben|91/100|[from] item: Life Orb\n|move|p1b: Miraidon|Dragon Pulse|p2b: Bleblebl\u00e1k\n|-damage|p2b: Bleblebl\u00e1k|28/100\n|move|p1a: Grimmsnarl|Spirit Break|p2b: Bleblebl\u00e1k\n|-damage|p2b: Bleblebl\u00e1k|0 fnt\n|faint|p2b: Bleblebl\u00e1k\n|\n|upkeep\n|\n|t:|1775813799\n|switch|p2b: Jan\u017di\u017ekaZTrocnova|Koraidon, L50|100/100\n|-weather|SunnyDay|[from] ability: Orichalcum Pulse|[of] p2b: Jan\u017di\u017ekaZTrocnova\n|-activate|p2b: Jan\u017di\u017ekaZTrocnova|Orichalcum Pulse|[source]\n|turn|4\n|\n|t:|1775813807\n|move|p1b: Miraidon|Protect|p1b: Miraidon\n|-singleturn|p1b: Miraidon|Protect\n|move|p2a: Kedluben|Astral Barrage|p1b: Miraidon|[spread] p1a\n|-activate|p1b: Miraidon|move: Protect\n|-resisted|p1a: Grimmsnarl\n|-damage|p1a: Grimmsnarl|48/100\n|-damage|p2a: Kedluben|81/100|[from] item: Life Orb\n|move|p2b: Jan\u017di\u017ekaZTrocnova|Flame Charge|p1a: Grimmsnarl\n|-damage|p1a: Grimmsnarl|16/100\n|-boost|p2b: Jan\u017di\u017ekaZTrocnova|spe|1\n|move|p1a: Grimmsnarl|Spirit Break|p2a: Kedluben\n|-damage|p2a: Kedluben|47/100\n|-unboost|p2a: Kedluben|spa|1\n|\n|-weather|SunnyDay|[upkeep]\n|-end|p1a: Grimmsnarl|move: Taunt\n|upkeep\n|turn|5\n|inactive|gonzalommozo has 30 seconds left.\n|inactive|TheNamesBetty has 30 seconds left.\n|inactive|TheNamesBetty has 20 seconds left.\n|inactive|TheNamesBetty has 15 seconds left.\n|\n|t:|1775813852\n|switch|p1b: Incineroar|Incineroar, L50, M|100/100\n|-ability|p1b: Incineroar|Intimidate|boost\n|-unboost|p2a: Kedluben|atk|1\n|-fail|p2b: Jan\u017di\u017ekaZTrocnova|unboost|[from] item: Clear Amulet|[of] p2b: Jan\u017di\u017ekaZTrocnova\n|-terastallize|p2a: Kedluben|Dark\n|move|p2b: Jan\u017di\u017ekaZTrocnova|Protect|p2b: Jan\u017di\u017ekaZTrocnova\n|-singleturn|p2b: Jan\u017di\u017ekaZTrocnova|Protect\n|move|p1a: Grimmsnarl|Thunder Wave|p2b: Jan\u017di\u017ekaZTrocnova\n|-activate|p2b: Jan\u017di\u017ekaZTrocnova|move: Protect\n|move|p2a: Kedluben|Astral Barrage|p1a: Grimmsnarl|[spread] p1a,p1b\n|-resisted|p1a: Grimmsnarl\n|-resisted|p1b: Incineroar\n|-damage|p1a: Grimmsnarl|0 fnt\n|-damage|p1b: Incineroar|71/100\n|faint|p1a: Grimmsnarl\n|-ability|p2a: Kedluben|Grim Neigh|boost\n|-boost|p2a: Kedluben|spa|1\n|-damage|p2a: Kedluben|37/100|[from] item: Life Orb\n|\n|-weather|SunnyDay|[upkeep]\n|-fieldend|move: Electric Terrain\n|upkeep\n|inactive|gonzalommozo has 30 seconds left.\n|inactive|gonzalommozo has 20 seconds left.\n|inactive|gonzalommozo has 15 seconds left.\n|\n|t:|1775813896\n|switch|p1a: Calyrex|Calyrex-Ice, L50|100/100\n|-ability|p1a: Calyrex|As One\n|-ability|p1a: Calyrex|Unnerve\n|turn|6\n|inactive|TheNamesBetty has 30 seconds left.\n|inactive|TheNamesBetty has 20 seconds left.\n|\n|t:|1775813932\n|-terastallize|p1a: Calyrex|Fire\n|move|p1b: Incineroar|Fake Out|p2b: Jan\u017di\u017ekaZTrocnova\n|-damage|p2b: Jan\u017di\u017ekaZTrocnova|92/100\n|cant|p2b: Jan\u017di\u017ekaZTrocnova|flinch\n|move|p2a: Kedluben|Astral Barrage|p1a: Calyrex|[spread] p1a,p1b\n|-resisted|p1b: Incineroar\n|-damage|p1a: Calyrex|54/100\n|-damage|p1b: Incineroar|36/100\n|-damage|p2a: Kedluben|27/100|[from] item: Life Orb\n|move|p1a: Calyrex|Glacial Lance|p2b: Jan\u017di\u017ekaZTrocnova|[spread] p2a,p2b\n|-supereffective|p2b: Jan\u017di\u017ekaZTrocnova\n|-damage|p2a: Kedluben|0 fnt\n|-damage|p2b: Jan\u017di\u017ekaZTrocnova|2/100\n|-enditem|p1b: Incineroar|Sitrus Berry|[eat]\n|-heal|p1b: Incineroar|61/100|[from] item: Sitrus Berry\n|faint|p2a: Kedluben\n|-ability|p1a: Calyrex|Chilling Neigh|boost\n|-boost|p1a: Calyrex|atk|1\n|\n|-weather|SunnyDay|[upkeep]\n|upkeep\n|\n|t:|1775813942\n|switch|p2a: DDDMaxVerstappen|Dewgong, L50, F|100/100\n|turn|7\n|inactive|gonzalommozo has 30 seconds left.\n|\n|t:|1775813970\n|switch|p1b: Miraidon|Miraidon, L50|21/100\n|-fieldstart|move: Electric Terrain|[from] ability: Hadron Engine|[of] p1b: Miraidon\n|move|p2a: DDDMaxVerstappen|Fake Out|p1a: Calyrex\n|-damage|p1a: Calyrex|49/100\n|move|p2b: Jan\u017di\u017ekaZTrocnova|Collision Course|p1b: Miraidon\n|-damage|p1b: Miraidon|0 fnt\n|faint|p1b: Miraidon\n|cant|p1a: Calyrex|flinch\n|\n|-weather|SunnyDay|[upkeep]\n|upkeep\n|\n|t:|1775813983\n|switch|p1b: Incineroar|Incineroar, L50, M|61/100\n|-ability|p1b: Incineroar|Intimidate|boost\n|-unboost|p2a: DDDMaxVerstappen|atk|1\n|-fail|p2b: Jan\u017di\u017ekaZTrocnova|unboost|[from] item: Clear Amulet|[of] p2b: Jan\u017di\u017ekaZTrocnova\n|turn|8\n|\n|t:|1775813998\n|move|p2b: Jan\u017di\u017ekaZTrocnova|Protect|p2b: Jan\u017di\u017ekaZTrocnova\n|-singleturn|p2b: Jan\u017di\u017ekaZTrocnova|Protect\n|move|p1b: Incineroar|Knock Off|p2a: DDDMaxVerstappen\n|-damage|p2a: DDDMaxVerstappen|61/100\n|-enditem|p2a: DDDMaxVerstappen|Covert Cloak|[from] move: Knock Off|[of] p1b: Incineroar\n|move|p1a: Calyrex|Seed Bomb|p2a: DDDMaxVerstappen\n|-supereffective|p2a: DDDMaxVerstappen\n|-damage|p2a: DDDMaxVerstappen|0 fnt\n|faint|p2a: DDDMaxVerstappen\n|-ability|p1a: Calyrex|Chilling Neigh|boost\n|-boost|p1a: Calyrex|atk|1\n|\n|-weather|none\n|-sideend|p1: gonzalommozo|move: Light Screen\n|upkeep\n|turn|9\n|c|\u2606TheNamesBetty|Gg\n|\n|t:|1775814015\n|move|p2b: Jan\u017di\u017ekaZTrocnova|Collision Course|p1b: Incineroar\n|-supereffective|p1b: Incineroar\n|-damage|p1b: Incineroar|0 fnt\n|faint|p1b: Incineroar\n|move|p1a: Calyrex|Glacial Lance|p2b: Jan\u017di\u017ekaZTrocnova\n|-supereffective|p2b: Jan\u017di\u017ekaZTrocnova\n|-damage|p2b: Jan\u017di\u017ekaZTrocnova|0 fnt\n|faint|p2b: Jan\u017di\u017ekaZTrocnova\n|\n|win|gonzalommozo\n|raw|gonzalommozo's rating: 1295 &rarr; <strong>1326</strong><br />(+31 for winning)\n|raw|TheNamesBetty's rating: 1373 &rarr; <strong>1349</strong><br />(-24 for losing)\n|c|\u2606gonzalommozo|gg\n|l|\u2606gonzalommozo\n|player|p1|\n|l|\u2606TheNamesBetty\n|player|p2|\n","uploadtime":1775814187,"views":8,"formatid":"gen9vgc2026regi","rating":1326,"private":0,"password":null}