{"id":"gen9vgc2026regi-2561528497","format":"[Gen 9] VGC 2026 Reg I","players":["terafireflareblitz","daniiivgc"],"log":"|j|\u2606terafireflareblitz\n|j|\u203ddaniiivgc\n|t:|1773807366\n|gametype|doubles\n|player|p1|terafireflareblitz|sycamore|1457\n|player|p2|daniiivgc|giovanni|1480\n|gen|9\n|tier|[Gen 9] VGC 2026 Reg I\n|rated|\n|rule|Species Clause: Limit one of each Pok\u00e9mon\n|rule|Item Clause: Limit 1 of each item\n|clearpoke\n|poke|p1|Koraidon, L50|\n|poke|p1|Lunala, L50|\n|poke|p1|Indeedee-F, L50, F|\n|poke|p1|Flutter Mane, L50|\n|poke|p1|Volcarona, L50, M|\n|poke|p1|Ursaluna, L50, M|\n|poke|p2|Infernape, L50, F|\n|poke|p2|Groudon, L50|\n|poke|p2|Walking Wake, L50|\n|poke|p2|Raging Bolt, L50|\n|poke|p2|Zacian-*, L50|\n|poke|p2|Annihilape, L50, F|\n|teampreview|4\n|inactive|Battle timer is ON: inactive players will automatically lose when time's up. (requested by terafireflareblitz)\n|\n|t:|1773807389\n|teamsize|p1|4\n|teamsize|p2|4\n|start\n|switch|p1a: Koraidon|Koraidon, L50, shiny|100/100\n|switch|p1b: Flutter Mane|Flutter Mane, L50|100/100\n|switch|p2a: Groudon|Groudon, L50|100/100\n|switch|p2b: Walking Wake|Walking Wake, L50|100/100\n|-weather|SunnyDay|[from] ability: Orichalcum Pulse|[of] p1a: Koraidon\n|-activate|p1b: Flutter Mane|ability: Protosynthesis\n|-start|p1b: Flutter Mane|protosynthesisspe\n|-activate|p2b: Walking Wake|ability: Protosynthesis\n|-start|p2b: Walking Wake|protosynthesisspe\n|-activate|p1a: Koraidon|Orichalcum Pulse|[source]\n|turn|1\n|\n|t:|1773807406\n|-terastallize|p1a: Koraidon|Fire\n|move|p2b: Walking Wake|Protect|p2b: Walking Wake\n|-singleturn|p2b: Walking Wake|Protect\n|move|p1b: Flutter Mane|Icy Wind|p2a: Groudon|[spread] p2a\n|-activate|p2b: Walking Wake|move: Protect\n|-supereffective|p2a: Groudon\n|-damage|p2a: Groudon|84/100\n|-unboost|p2a: Groudon|spe|1\n|move|p1a: Koraidon|Flare Blitz|p2a: Groudon\n|-damage|p2a: Groudon|0 fnt\n|faint|p2a: Groudon\n|-damage|p1a: Koraidon|68/100|[from] Recoil\n|-damage|p1a: Koraidon|58/100|[from] item: Life Orb\n|\n|-weather|SunnyDay|[upkeep]\n|upkeep\n|\n|t:|1773807422\n|switch|p2a: Infernape|Infernape, L50, F|100/100\n|turn|2\n|inactive|daniiivgc has 30 seconds left.\n|inactive|daniiivgc has 20 seconds left.\n|\n|t:|1773807461\n|-terastallize|p2b: Walking Wake|Water\n|move|p1b: Flutter Mane|Icy Wind|p2a: Infernape|[spread] p2a,p2b\n|-resisted|p2a: Infernape\n|-resisted|p2b: Walking Wake\n|-damage|p2a: Infernape|90/100\n|-damage|p2b: Walking Wake|92/100\n|-unboost|p2a: Infernape|spe|1\n|-unboost|p2b: Walking Wake|spe|1\n|move|p1a: Koraidon|Close Combat|p2b: Walking Wake\n|-damage|p2b: Walking Wake|0 fnt\n|-unboost|p1a: Koraidon|def|1\n|-unboost|p1a: Koraidon|spd|1\n|faint|p2b: Walking Wake\n|-end|p2b: Walking Wake|Protosynthesis|[silent]\n|-damage|p1a: Koraidon|48/100|[from] item: Life Orb\n|move|p2a: Infernape|Flamethrower|p1b: Flutter Mane\n|-damage|p1b: Flutter Mane|36/100\n|\n|-weather|SunnyDay|[upkeep]\n|upkeep\n|\n|t:|1773807478\n|switch|p2b: Zacian|Zacian-Crowned, L50|100/100\n|-ability|p2b: Zacian|Intrepid Sword|boost\n|-boost|p2b: Zacian|atk|1\n|turn|3\n|\n|t:|1773807500\n|move|p2b: Zacian|Protect|p2b: Zacian\n|-singleturn|p2b: Zacian|Protect\n|move|p1b: Flutter Mane|Icy Wind|p2b: Zacian|[spread] p2a\n|-activate|p2b: Zacian|move: Protect\n|-resisted|p2a: Infernape\n|-damage|p2a: Infernape|78/100\n|-unboost|p2a: Infernape|spe|1\n|move|p1a: Koraidon|Close Combat|p2a: Infernape\n|-damage|p2a: Infernape|0 fnt\n|-unboost|p1a: Koraidon|def|1\n|-unboost|p1a: Koraidon|spd|1\n|faint|p2a: Infernape\n|-damage|p1a: Koraidon|39/100|[from] item: Life Orb\n|\n|-weather|SunnyDay|[upkeep]\n|upkeep\n|turn|4\n|\n|t:|1773807513\n|move|p2b: Zacian|Quick Attack|p1a: Koraidon\n|-damage|p1a: Koraidon|0 fnt\n|faint|p1a: Koraidon\n|move|p1b: Flutter Mane|Icy Wind|p2b: Zacian\n|-resisted|p2b: Zacian\n|-damage|p2b: Zacian|91/100\n|-unboost|p2b: Zacian|spe|1\n|\n|-weather|SunnyDay|[upkeep]\n|upkeep\n|\n|t:|1773807516\n|switch|p1a: Volcarona|Volcarona, L50, M|100/100\n|turn|5\n|\n|t:|1773807521\n|move|p1a: Volcarona|Rage Powder|p1a: Volcarona\n|-singleturn|p1a: Volcarona|move: Rage Powder\n|move|p1b: Flutter Mane|Shadow Ball|p2b: Zacian\n|-crit|p2b: Zacian\n|-damage|p2b: Zacian|35/100\n|move|p2b: Zacian|Behemoth Blade|p1a: Volcarona\n|-resisted|p1a: Volcarona\n|-damage|p1a: Volcarona|59/100\n|-damage|p2b: Zacian|18/100|[from] item: Rocky Helmet|[of] p1a: Volcarona\n|\n|-weather|none\n|-end|p1b: Flutter Mane|Protosynthesis\n|upkeep\n|turn|6\n|-message|daniiivgc forfeited.\n|\n|win|terafireflareblitz\n|raw|terafireflareblitz's rating: 1457 &rarr; <strong>1478</strong><br />(+21 for winning)\n|raw|daniiivgc's rating: 1480 &rarr; <strong>1459</strong><br />(-21 for losing)\n|l|\u203ddaniiivgc\n|player|p2|\n|l|\u2606terafireflareblitz\n|player|p1|\n","uploadtime":1773807528,"views":7,"formatid":"gen9vgc2026regi","rating":1459,"private":0,"password":null}