{"id":"gen9vgc2026regi-2565809531","format":"[Gen 9] VGC 2026 Reg I","players":["OUFR snakeburger","It'sJustKen VGC"],"log":"|j|\u2606OUFR snakeburger\n|j|\u2606It'sJustKen VGC\n|t:|1774306389\n|gametype|doubles\n|player|p1|OUFR snakeburger|169|1389\n|player|p2|It'sJustKen VGC|1|1457\n|gen|9\n|tier|[Gen 9] VGC 2026 Reg I\n|rated|\n|rule|Species Clause: Limit one of each Pok\u00e9mon\n|rule|Item Clause: Limit 1 of each item\n|clearpoke\n|poke|p1|Calyrex-Shadow, L50|\n|poke|p1|Zamazenta-*, L50|\n|poke|p1|Chien-Pao, L50|\n|poke|p1|Dragonite, L50, F|\n|poke|p1|Raging Bolt, L50|\n|poke|p1|Amoonguss, L50, M|\n|poke|p2|Iron Hands, L50|\n|poke|p2|Incineroar, L50, M|\n|poke|p2|Calyrex-Shadow, L50|\n|poke|p2|Whimsicott, L50, F|\n|poke|p2|Farigiraf, L50, F|\n|poke|p2|Miraidon, L50|\n|teampreview|4\n|inactive|Battle timer is ON: inactive players will automatically lose when time's up. (requested by It'sJustKen VGC)\n|c|\u2606OUFR snakeburger|glhf\n|inactive|OUFR snakeburger has 60 seconds left.\n|inactive|It'sJustKen VGC has 60 seconds left.\n|c|\u2606It'sJustKen VGC|u2\n|inactive|It'sJustKen VGC has 30 seconds left.\n|\n|t:|1774306453\n|teamsize|p1|4\n|teamsize|p2|4\n|start\n|switch|p1a: Chien-Pao|Chien-Pao, L50|100/100\n|switch|p1b: Calyrex|Calyrex-Shadow, L50|100/100\n|switch|p2a: Ferrari|Miraidon, L50, shiny|100/100\n|switch|p2b: Alpine|Whimsicott, L50, F|100/100\n|-ability|p1b: Calyrex|As One\n|-ability|p1b: Calyrex|Unnerve\n|-ability|p1a: Chien-Pao|Sword of Ruin\n|-fieldstart|move: Electric Terrain|[from] ability: Hadron Engine|[of] p2a: Ferrari\n|turn|1\n|\n|t:|1774306477\n|-terastallize|p1a: Chien-Pao|Poison\n|move|p2b: Alpine|Tailwind|p2b: Alpine\n|-sidestart|p2: It'sJustKen VGC|move: Tailwind\n|move|p2a: Ferrari|Volt Switch|p1a: Chien-Pao\n|-damage|p1a: Chien-Pao|1/100\n|\n|t:|1774306483\n|switch|p2a: McLaren|Farigiraf, L50, F|100/100|[from] Volt Switch\n|-enditem|p2a: McLaren|Electric Seed\n|-boost|p2a: McLaren|def|1|[from] item: Electric Seed\n|move|p1b: Calyrex|Encore|p2b: Alpine\n|-start|p2b: Alpine|Encore\n|move|p1a: Chien-Pao|Ice Spinner|p2a: McLaren\n|-damage|p2a: McLaren|75/100\n|-fieldend|move: Electric Terrain\n|\n|upkeep\n|turn|2\n|\n|t:|1774306503\n|switch|p1a: Zamazenta|Zamazenta-Crowned, L50|100/100\n|-ability|p1a: Zamazenta|Dauntless Shield|boost\n|-boost|p1a: Zamazenta|def|1\n|move|p2b: Alpine|Tailwind||[still]\n|-fail|p2b: Alpine\n|move|p1b: Calyrex|Psychic|p2a: McLaren\n|-resisted|p2a: McLaren\n|-crit|p2a: McLaren\n|-damage|p2a: McLaren|35/100\n|move|p2a: McLaren|Psychic|p1b: Calyrex\n|-resisted|p1b: Calyrex\n|-damage|p1b: Calyrex|85/100\n|\n|upkeep\n|turn|3\n|\n|t:|1774306524\n|switch|p2a: Ferrari|Miraidon, L50, shiny|100/100\n|-fieldstart|move: Electric Terrain|[from] ability: Hadron Engine|[of] p2a: Ferrari\n|move|p2b: Alpine|Tailwind||[still]\n|-fail|p2b: Alpine\n|move|p1b: Calyrex|Psychic|p2a: Ferrari\n|-damage|p2a: Ferrari|57/100\n|move|p1a: Zamazenta|Body Press|p2a: Ferrari\n|-damage|p2a: Ferrari|0 fnt\n|faint|p2a: Ferrari\n|\n|upkeep\n|\n|t:|1774306527\n|switch|p2a: Mercedes|Calyrex-Shadow, L50|100/100\n|-ability|p2a: Mercedes|As One\n|-ability|p2a: Mercedes|Unnerve\n|turn|4\n|\n|t:|1774306540\n|switch|p2b: McLaren|Farigiraf, L50, F|35/100\n|-terastallize|p2a: Mercedes|Ghost\n|move|p1a: Zamazenta|Wide Guard|p1a: Zamazenta\n|-singleturn|p1a: Zamazenta|Wide Guard\n|move|p2a: Mercedes|Imprison|p2a: Mercedes\n|-start|p2a: Mercedes|move: Imprison\n|cant|p1b: Calyrex|move: Imprison|Astral Barrage\n|\n|-sideend|p2: It'sJustKen VGC|move: Tailwind\n|upkeep\n|turn|5\n|\n|t:|1774306555\n|move|p2b: McLaren|Helping Hand|p2a: Mercedes\n|-singleturn|p2a: Mercedes|Helping Hand|[of] p2b: McLaren\n|move|p1a: Zamazenta|Wide Guard|p1a: Zamazenta\n|-singleturn|p1a: Zamazenta|Wide Guard\n|move|p1b: Calyrex|Encore|p2a: Mercedes\n|-start|p2a: Mercedes|Encore\n|move|p2a: Mercedes|Imprison||[still]\n|-fail|p2a: Mercedes\n|\n|upkeep\n|turn|6\n|\n|t:|1774306573\n|switch|p1b: Amoonguss|Amoonguss, L50, M|100/100\n|switch|p2b: Alpine|Whimsicott, L50, F|100/100\n|move|p2a: Mercedes|Imprison||[still]\n|-fail|p2a: Mercedes\n|move|p1a: Zamazenta|Body Press|p2b: Alpine\n|-resisted|p2b: Alpine\n|-damage|p2b: Alpine|63/100\n|\n|upkeep\n|turn|7\n|\n|t:|1774306589\n|move|p2b: Alpine|Encore|p1a: Zamazenta\n|-start|p1a: Zamazenta|Encore\n|move|p2a: Mercedes|Imprison||[still]\n|-fail|p2a: Mercedes\n|move|p1a: Zamazenta|Body Press|p2b: Alpine\n|-resisted|p2b: Alpine\n|-damage|p2b: Alpine|21/100\n|move|p1b: Amoonguss|Sludge Bomb|p2a: Mercedes\n|-resisted|p2a: Mercedes\n|-damage|p2a: Mercedes|88/100\n|-status|p2a: Mercedes|psn\n|\n|-damage|p2a: Mercedes|75/100 psn|[from] psn\n|-end|p2a: Mercedes|Encore\n|-fieldend|move: Electric Terrain\n|upkeep\n|turn|8\n|inactive|OUFR snakeburger has 30 seconds left.\n|\n|t:|1774306618\n|move|p2b: Alpine|Tailwind|p2b: Alpine\n|-sidestart|p2: It'sJustKen VGC|move: Tailwind\n|move|p2a: Mercedes|Psychic|p1b: Amoonguss\n|-supereffective|p1b: Amoonguss\n|-damage|p1b: Amoonguss|15/100\n|move|p1a: Zamazenta|Body Press|p2b: Alpine\n|-resisted|p2b: Alpine\n|-damage|p2b: Alpine|0 fnt\n|faint|p2b: Alpine\n|move|p1b: Amoonguss|Sludge Bomb|p2a: Mercedes\n|-resisted|p2a: Mercedes\n|-damage|p2a: Mercedes|63/100 psn\n|\n|-damage|p2a: Mercedes|50/100 psn|[from] psn\n|upkeep\n|\n|t:|1774306623\n|switch|p2b: McLaren|Farigiraf, L50, F|35/100\n|turn|9\n|\n|t:|1774306642\n|move|p2b: McLaren|Helping Hand|p2a: Mercedes\n|-singleturn|p2a: Mercedes|Helping Hand|[of] p2b: McLaren\n|move|p2a: Mercedes|Astral Barrage|p1a: Zamazenta|[spread] p1a,p1b\n|-damage|p1a: Zamazenta|32/100\n|-damage|p1b: Amoonguss|0 fnt\n|faint|p1b: Amoonguss\n|-ability|p2a: Mercedes|Grim Neigh|boost\n|-boost|p2a: Mercedes|spa|1\n|move|p1a: Zamazenta|Body Press|p2b: McLaren\n|-damage|p2b: McLaren|0 fnt\n|faint|p2b: McLaren\n|\n|-damage|p2a: Mercedes|38/100 psn|[from] psn\n|-end|p1a: Zamazenta|Encore\n|upkeep\n|\n|t:|1774306657\n|switch|p1b: Chien-Pao|Chien-Pao, L50, tera:Poison|1/100\n|-ability|p1b: Chien-Pao|Sword of Ruin\n|turn|10\n|\n|t:|1774306665\n|move|p1a: Zamazenta|Wide Guard|p1a: Zamazenta\n|-singleturn|p1a: Zamazenta|Wide Guard\n|move|p2a: Mercedes|Astral Barrage|p1b: Chien-Pao|[spread] \n|-activate|p1a: Zamazenta|move: Wide Guard\n|-activate|p1b: Chien-Pao|move: Wide Guard\n|move|p1b: Chien-Pao|Ice Spinner|p2a: Mercedes\n|-damage|p2a: Mercedes|0 fnt\n|faint|p2a: Mercedes\n|\n|win|OUFR snakeburger\n|raw|OUFR snakeburger's rating: 1389 &rarr; <strong>1413</strong><br />(+24 for winning)\n|raw|It&apos;sJustKen VGC's rating: 1457 &rarr; <strong>1433</strong><br />(-24 for losing)\n|c|\u2606It'sJustKen VGC|gg wp\n|c|\u2606OUFR snakeburger|gg\n","uploadtime":1774306671,"views":11,"formatid":"gen9vgc2026regi","rating":1413,"private":0,"password":null}