{"id":"gen9vgc2026regi-2544187010","format":"[Gen 9] VGC 2026 Reg I","players":["Lewissquire","Bef6"],"log":"|j|\u2606Lewissquire\n|j|\u2606Bef6\n|t:|1771674455\n|gametype|doubles\n|player|p1|Lewissquire|101|1404\n|player|p2|Bef6|265|1539\n|gen|9\n|tier|[Gen 9] VGC 2026 Reg I\n|rated|\n|rule|Species Clause: Limit one of each Pok\u00e9mon\n|rule|Item Clause: Limit 1 of each item\n|clearpoke\n|poke|p1|Miraidon, L50|\n|poke|p1|Calyrex-Ice, L50|\n|poke|p1|Incineroar, L50, M|\n|poke|p1|Amoonguss, L50, F|\n|poke|p1|Volcarona, L50, M|\n|poke|p1|Urshifu-*, L50, F|\n|poke|p2|Ho-Oh, L50|\n|poke|p2|Koraidon, L50|\n|poke|p2|Flutter Mane, L50|\n|poke|p2|Incineroar, L50, M|\n|poke|p2|Raging Bolt, L50|\n|poke|p2|Rhydon, L50, M|\n|teampreview|4\n|inactive|Battle timer is ON: inactive players will automatically lose when time's up. (requested by Lewissquire)\n|\n|t:|1771674490\n|teamsize|p1|4\n|teamsize|p2|4\n|start\n|switch|p1a: Miraidon|Miraidon, L50|100/100\n|switch|p1b: Calyrex|Calyrex-Ice, L50|100/100\n|switch|p2a: Incineroar|Incineroar, L50, M|100/100\n|switch|p2b: Koraidon|Koraidon, L50|100/100\n|-ability|p1b: Calyrex|As One\n|-ability|p1b: Calyrex|Unnerve\n|-fieldstart|move: Electric Terrain|[from] ability: Hadron Engine|[of] p1a: Miraidon\n|-weather|SunnyDay|[from] ability: Orichalcum Pulse|[of] p2b: Koraidon\n|-activate|p2b: Koraidon|Orichalcum Pulse|[source]\n|-ability|p2a: Incineroar|Intimidate|boost\n|-unboost|p1a: Miraidon|atk|1\n|-fail|p1b: Calyrex|unboost|[from] item: Clear Amulet|[of] p1b: Calyrex\n|turn|1\n|inactive|Lewissquire has 30 seconds left.\n|inactive|Lewissquire has 20 seconds left.\n|\n|t:|1771674529\n|-terastallize|p1b: Calyrex|Fire\n|move|p2a: Incineroar|Fake Out|p1a: Miraidon\n|-damage|p1a: Miraidon|90/100\n|cant|p1a: Miraidon|flinch\n|move|p2b: Koraidon|Dragon Claw|p1a: Miraidon\n|-supereffective|p1a: Miraidon\n|-damage|p1a: Miraidon|0 fnt\n|faint|p1a: Miraidon\n|-damage|p2b: Koraidon|91/100|[from] item: Life Orb\n|move|p1b: Calyrex|Trick Room|p1b: Calyrex\n|-fieldstart|move: Trick Room|[of] p1b: Calyrex\n|\n|-weather|SunnyDay|[upkeep]\n|upkeep\n|\n|t:|1771674550\n|switch|p1a: Urshifu|Urshifu, L50, F|100/100\n|turn|2\n|\n|t:|1771674564\n|move|p2b: Koraidon|Protect|p2b: Koraidon\n|-singleturn|p2b: Koraidon|Protect\n|move|p1b: Calyrex|Glacial Lance|p2b: Koraidon|[spread] p2a\n|-activate|p2b: Koraidon|move: Protect\n|-resisted|p2a: Incineroar\n|-damage|p2a: Incineroar|78/100\n|move|p2a: Incineroar|Parting Shot|p1a: Urshifu\n|-unboost|p1a: Urshifu|atk|1\n|-unboost|p1a: Urshifu|spa|1\n|\n|t:|1771674569\n|switch|p2a: Ho-Oh|Ho-Oh, L50|100/100|[from] Parting Shot\n|move|p1a: Urshifu|Close Combat|p2b: Koraidon\n|-damage|p2b: Koraidon|28/100\n|-unboost|p1a: Urshifu|def|1\n|-unboost|p1a: Urshifu|spd|1\n|\n|-weather|SunnyDay|[upkeep]\n|upkeep\n|turn|3\n|\n|t:|1771674591\n|switch|p1a: Incineroar|Incineroar, L50, M|100/100\n|-ability|p1a: Incineroar|Intimidate|boost\n|-fail|p2a: Ho-Oh|unboost|[from] item: Clear Amulet|[of] p2a: Ho-Oh\n|-unboost|p2b: Koraidon|atk|1\n|switch|p2b: Incineroar|Incineroar, L50, M|78/100\n|-ability|p2b: Incineroar|Intimidate|boost\n|-unboost|p1a: Incineroar|atk|1\n|-fail|p1b: Calyrex|unboost|[from] item: Clear Amulet|[of] p1b: Calyrex\n|move|p1b: Calyrex|Glacial Lance|p2a: Ho-Oh|[spread] p2a,p2b\n|-crit|p2a: Ho-Oh\n|-resisted|p2b: Incineroar\n|-damage|p2a: Ho-Oh|32/100\n|-damage|p2b: Incineroar|56/100\n|move|p2a: Ho-Oh|Sacred Fire|p1a: Incineroar\n|-resisted|p1a: Incineroar\n|-damage|p1a: Incineroar|65/100\n|\n|-weather|SunnyDay|[upkeep]\n|upkeep\n|turn|4\n|inactive|Lewissquire has 30 seconds left.\n|inactive|Bef6 has 30 seconds left.\n|inactive|Bef6 has 20 seconds left.\n|inactive|Bef6 has 15 seconds left.\n|inactive|Bef6 has 10 seconds left.\n|\n|t:|1771674640\n|move|p1b: Calyrex|High Horsepower|p2b: Incineroar\n|-supereffective|p2b: Incineroar\n|-damage|p2b: Incineroar|0 fnt\n|faint|p2b: Incineroar\n|-ability|p1b: Calyrex|Chilling Neigh|boost\n|-boost|p1b: Calyrex|atk|1\n|move|p1a: Incineroar|U-turn|p2a: Ho-Oh\n|-resisted|p2a: Ho-Oh\n|-damage|p2a: Ho-Oh|29/100\n|\n|t:|1771674649\n|switch|p1a: Urshifu|Urshifu, L50, F|100/100|[from] U-turn\n|move|p2a: Ho-Oh|Brave Bird|p1b: Calyrex\n|-damage|p1b: Calyrex|64/100\n|-damage|p2a: Ho-Oh|17/100|[from] Recoil\n|\n|-weather|SunnyDay|[upkeep]\n|upkeep\n|\n|t:|1771674652\n|switch|p2b: Rhydon|Rhydon, L50, M|100/100\n|turn|5\n|-message|Bef6 forfeited.\n|\n|win|Lewissquire\n|raw|Lewissquire's rating: 1404 &rarr; <strong>1431</strong><br />(+27 for winning)\n|raw|Bef6's rating: 1539 &rarr; <strong>1512</strong><br />(-27 for losing)\n|l|\u2606Bef6\n|player|p2|\n|l|\u2606Lewissquire\n|player|p1|\n","uploadtime":1771674843,"views":22,"formatid":"gen9vgc2026regi","rating":1431,"private":0,"password":null}