{"id":"gen9vgc2026regi-2588881943","format":"[Gen 9] VGC 2026 Reg I","players":["sjknjhlhf","JakeNBake3D"],"log":"|j|\u2606sjknjhlhf\n|j|\u2606JakeNBake3D\n|t:|1776681992\n|gametype|doubles\n|player|p1|sjknjhlhf|102|1459\n|player|p2|JakeNBake3D|266|1524\n|gen|9\n|tier|[Gen 9] VGC 2026 Reg I\n|rated|\n|rule|Species Clause: Limit one of each Pok\u00e9mon\n|rule|Item Clause: Limit 1 of each item\n|clearpoke\n|poke|p1|Amoonguss, L50, F|\n|poke|p1|Calyrex-Ice, L50|\n|poke|p1|Kyogre, L50|\n|poke|p1|Basculegion, L50, M|\n|poke|p1|Archaludon, L50, F|\n|poke|p1|Flutter Mane, L50|\n|poke|p2|Miraidon, L50|\n|poke|p2|Lunala, L50|\n|poke|p2|Incineroar, L50, F|\n|poke|p2|Urshifu-*, L50, M|\n|poke|p2|Grimmsnarl, L50, M|\n|poke|p2|Ursaluna, L50, F|\n|teampreview|4\n|inactive|Battle timer is ON: inactive players will automatically lose when time's up. (requested by sjknjhlhf)\n|\n|t:|1776682026\n|teamsize|p1|4\n|teamsize|p2|4\n|start\n|switch|p1a: Flutter Mane|Flutter Mane, L50|100/100\n|switch|p1b: Calyrex|Calyrex-Ice, L50|100/100\n|switch|p2a: Grimmsnarl|Grimmsnarl, L50, M, shiny|100/100\n|switch|p2b: Miraidon|Miraidon, L50|100/100\n|-ability|p1b: Calyrex|As One\n|-ability|p1b: Calyrex|Unnerve\n|-fieldstart|move: Electric Terrain|[from] ability: Hadron Engine|[of] p2b: Miraidon\n|turn|1\n|inactive|JakeNBake3D has 30 seconds left.\n|\n|t:|1776682051\n|-terastallize|p2b: Miraidon|Electric\n|move|p2a: Grimmsnarl|Light Screen|p2a: Grimmsnarl\n|-sidestart|p2: JakeNBake3D|move: Light Screen\n|move|p1a: Flutter Mane|Moonblast|p2b: Miraidon\n|-damage|p2b: Miraidon|84/100\n|move|p2b: Miraidon|Volt Switch|p1a: Flutter Mane\n|-enditem|p1a: Flutter Mane|Focus Sash\n|-damage|p1a: Flutter Mane|1/100\n|\n|t:|1776682069\n|switch|p2b: Lunala|Lunala, L50, shiny|100/100|[from] Volt Switch\n|-enditem|p2b: Lunala|Electric Seed\n|-boost|p2b: Lunala|def|1|[from] item: Electric Seed\n|move|p1b: Calyrex|Glacial Lance|p2a: Grimmsnarl|[spread] p2a,p2b\n|-damage|p2a: Grimmsnarl|54/100\n|-damage|p2b: Lunala|88/100\n|\n|upkeep\n|turn|2\n|inactive|sjknjhlhf has 30 seconds left.\n|inactive|JakeNBake3D has 30 seconds left.\n|inactive|sjknjhlhf has 20 seconds left.\n|\n|t:|1776682105\n|move|p2b: Lunala|Wide Guard|p2b: Lunala\n|-singleturn|p2b: Lunala|Wide Guard\n|move|p2a: Grimmsnarl|Reflect|p2a: Grimmsnarl\n|-sidestart|p2: JakeNBake3D|Reflect\n|move|p1a: Flutter Mane|Fake Tears|p2b: Lunala\n|-unboost|p2b: Lunala|spd|2\n|move|p1b: Calyrex|Trick Room|p1b: Calyrex\n|-fieldstart|move: Trick Room|[of] p1b: Calyrex\n|\n|upkeep\n|turn|3\n|\n|t:|1776682128\n|move|p2b: Lunala|Wide Guard|p2b: Lunala\n|-singleturn|p2b: Lunala|Wide Guard\n|move|p1b: Calyrex|Leech Seed|p2b: Lunala\n|-start|p2b: Lunala|move: Leech Seed\n|move|p2a: Grimmsnarl|Spirit Break|p1a: Flutter Mane\n|-damage|p1a: Flutter Mane|0 fnt\n|faint|p1a: Flutter Mane\n|-end|p1a: Flutter Mane|Protosynthesis|[silent]\n|\n|-damage|p2b: Lunala|76/100|[from] Leech Seed|[of] p1b: Calyrex\n|upkeep\n|\n|t:|1776682147\n|switch|p1a: Kyogre|Kyogre, L50|100/100\n|-weather|RainDance|[from] ability: Drizzle|[of] p1a: Kyogre\n|turn|4\n|\n|t:|1776682168\n|move|p2b: Lunala|Wide Guard|p2b: Lunala\n|-singleturn|p2b: Lunala|Wide Guard\n|move|p1b: Calyrex|Glacial Lance|p2a: Grimmsnarl|[spread] \n|-activate|p2a: Grimmsnarl|move: Wide Guard\n|-activate|p2b: Lunala|move: Wide Guard\n|move|p2a: Grimmsnarl|Spirit Break|p1a: Kyogre\n|-damage|p1a: Kyogre|71/100\n|-unboost|p1a: Kyogre|spa|1\n|move|p1a: Kyogre|Hydro Pump|p2b: Lunala\n|-crit|p2b: Lunala\n|-damage|p2b: Lunala|0 fnt\n|faint|p2b: Lunala\n|\n|-weather|RainDance|[upkeep]\n|upkeep\n|inactive|JakeNBake3D has 30 seconds left.\n|\n|t:|1776682194\n|switch|p2b: Miraidon|Miraidon, L50, tera:Electric|84/100\n|-activate|p2b: Miraidon|ability: Hadron Engine\n|turn|5\n|\n|t:|1776682215\n|switch|p1a: Archaludon|Archaludon, L50, F|100/100\n|move|p1b: Calyrex|Glacial Lance|p2a: Grimmsnarl|[spread] p2a,p2b\n|-damage|p2a: Grimmsnarl|23/100\n|-damage|p2b: Miraidon|57/100\n|move|p2a: Grimmsnarl|Spirit Break|p1a: Archaludon\n|-damage|p1a: Archaludon|79/100\n|-unboost|p1a: Archaludon|spa|1\n|move|p2b: Miraidon|Electro Drift|p1b: Calyrex\n|-damage|p1b: Calyrex|19/100\n|\n|-weather|RainDance|[upkeep]\n|-fieldend|move: Electric Terrain\n|upkeep\n|turn|6\n|inactive|sjknjhlhf has 30 seconds left.\n|inactive|JakeNBake3D has 30 seconds left.\n|inactive|JakeNBake3D has 20 seconds left.\n|inactive|JakeNBake3D has 15 seconds left.\n|\n|t:|1776682259\n|move|p2a: Grimmsnarl|Thunder Wave|p1a: Archaludon\n|-status|p1a: Archaludon|par\n|move|p1a: Archaludon|Electro Shot||[still]\n|-prepare|p1a: Archaludon|Electro Shot\n|-boost|p1a: Archaludon|spa|1\n|-anim|p1a: Archaludon|Electro Shot|p2b: Miraidon\n|-resisted|p2b: Miraidon\n|-damage|p2b: Miraidon|48/100\n|move|p1b: Calyrex|Glacial Lance|p2b: Miraidon|[spread] p2a,p2b\n|-damage|p2a: Grimmsnarl|0 fnt\n|-damage|p2b: Miraidon|20/100\n|faint|p2a: Grimmsnarl\n|-ability|p1b: Calyrex|Chilling Neigh|boost\n|-boost|p1b: Calyrex|atk|1\n|move|p2b: Miraidon|Snarl|p1b: Calyrex|[spread] p1a,p1b\n|-supereffective|p1b: Calyrex\n|-damage|p1a: Archaludon|64/100 par\n|-damage|p1b: Calyrex|0 fnt\n|-unboost|p1a: Archaludon|spa|1\n|faint|p1b: Calyrex\n|\n|-weather|RainDance|[upkeep]\n|-fieldend|move: Trick Room\n|upkeep\n|\n|t:|1776682282\n|switch|p2a: Urshifu|Urshifu-Rapid-Strike, L50, M|100/100\n|switch|p1b: Kyogre|Kyogre, L50|71/100\n|turn|7\n|inactive|sjknjhlhf has 30 seconds left.\n|\n|t:|1776682313\n|-terastallize|p1a: Archaludon|Electric\n|move|p1b: Kyogre|Protect|p1b: Kyogre\n|-singleturn|p1b: Kyogre|Protect\n|move|p2b: Miraidon|Electro Drift|p1b: Kyogre\n|-activate|p1b: Kyogre|move: Protect\n|move|p2a: Urshifu|Close Combat|p1a: Archaludon\n|-damage|p1a: Archaludon|0 fnt\n|-unboost|p2a: Urshifu|def|1\n|-unboost|p2a: Urshifu|spd|1\n|faint|p1a: Archaludon\n|\n|-weather|RainDance|[upkeep]\n|upkeep\n|turn|8\n|\n|t:|1776682332\n|move|p2b: Miraidon|Electro Drift|p1b: Kyogre\n|-supereffective|p1b: Kyogre\n|-damage|p1b: Kyogre|0 fnt\n|faint|p1b: Kyogre\n|\n|win|JakeNBake3D\n|raw|sjknjhlhf's rating: 1459 &rarr; <strong>1443</strong><br />(-16 for losing)\n|raw|JakeNBake3D's rating: 1524 &rarr; <strong>1540</strong><br />(+16 for winning)\n|l|\u2606sjknjhlhf\n|player|p1|\n|l|\u2606JakeNBake3D\n|player|p2|\n","uploadtime":1776682563,"views":8,"formatid":"gen9vgc2026regi","rating":1443,"private":0,"password":null}