{"id":"gen9vgc2026regi-2551554052","format":"[Gen 9] VGC 2026 Reg I","players":["CHR1SPHX","Darkwall101"],"log":"|j|\u2606CHR1SPHX\n|j|\u2606Darkwall101\n|t:|1772620521\n|gametype|doubles\n|player|p1|CHR1SPHX|hilbert-wonderlauncher|1239\n|player|p2|Darkwall101|101|1173\n|gen|9\n|tier|[Gen 9] VGC 2026 Reg I\n|rated|\n|rule|Species Clause: Limit one of each Pok\u00e9mon\n|rule|Item Clause: Limit 1 of each item\n|clearpoke\n|poke|p1|Lunala, L50|\n|poke|p1|Amoonguss, L50, M|\n|poke|p1|Ursaluna-Bloodmoon, L50, M|\n|poke|p1|Incineroar, L50, M|\n|poke|p1|Koraidon, L50|\n|poke|p1|Flutter Mane, L50|\n|poke|p2|Garganacl, L50, M|\n|poke|p2|Farigiraf, L50, M|\n|poke|p2|Incineroar, L50, F|\n|poke|p2|Rillaboom, L50, F|\n|poke|p2|Lunala, L50|\n|poke|p2|Koraidon, L50|\n|teampreview|4\n|inactive|Battle timer is ON: inactive players will automatically lose when time's up. (requested by CHR1SPHX)\n|inactive|CHR1SPHX has 60 seconds left.\n|\n|t:|1772620552\n|teamsize|p1|4\n|teamsize|p2|4\n|start\n|switch|p1a: Lunala|Lunala, L50, shiny|100/100\n|switch|p1b: Ursaluna|Ursaluna-Bloodmoon, L50, M|100/100\n|switch|p2a: Farigiraf|Farigiraf, L50, M|100/100\n|switch|p2b: Rillaboom|Rillaboom, L50, F|100/100\n|-fieldstart|move: Grassy Terrain|[from] ability: Grassy Surge|[of] p2b: Rillaboom\n|turn|1\n|inactive|CHR1SPHX has 30 seconds left.\n|inactive|Darkwall101 has 30 seconds left.\n|inactive|Darkwall101 has 20 seconds left.\n|\n|t:|1772620588\n|switch|p1a: Incineroar|Incineroar, L50, M|100/100\n|-ability|p1a: Incineroar|Intimidate|boost\n|-unboost|p2a: Farigiraf|atk|1\n|-unboost|p2b: Rillaboom|atk|1\n|move|p1b: Ursaluna|Protect|p1b: Ursaluna\n|-singleturn|p1b: Ursaluna|Protect\n|move|p2a: Farigiraf|Hyper Voice|p1a: Incineroar|[spread] p1a\n|-activate|p1b: Ursaluna|move: Protect\n|-damage|p1a: Incineroar|78/100\n|-enditem|p2a: Farigiraf|Throat Spray\n|-boost|p2a: Farigiraf|spa|1|[from] item: Throat Spray\n|move|p2b: Rillaboom|U-turn|p1b: Ursaluna\n|-activate|p1b: Ursaluna|move: Protect\n|\n|-heal|p1a: Incineroar|84/100|[from] Grassy Terrain\n|upkeep\n|turn|2\n|inactive|CHR1SPHX has 30 seconds left.\n|inactive|Darkwall101 has 30 seconds left.\n|\n|t:|1772620617\n|switch|p1b: Amoonguss|Amoonguss, L50, M, shiny|100/100\n|move|p2a: Farigiraf|Hyper Voice|p1a: Incineroar|[spread] p1a,p1b\n|-damage|p1a: Incineroar|49/100\n|-damage|p1b: Amoonguss|66/100\n|move|p2b: Rillaboom|Wood Hammer|p1b: Amoonguss\n|-resisted|p1b: Amoonguss\n|-damage|p1b: Amoonguss|55/100\n|-damage|p2b: Rillaboom|84/100|[from] item: Rocky Helmet|[of] p1b: Amoonguss\n|-damage|p2b: Rillaboom|80/100|[from] Recoil\n|move|p1a: Incineroar|Knock Off|p2b: Rillaboom\n|-damage|p2b: Rillaboom|45/100\n|-enditem|p2b: Rillaboom|Assault Vest|[from] move: Knock Off|[of] p1a: Incineroar\n|\n|-heal|p2b: Rillaboom|51/100|[from] Grassy Terrain\n|-heal|p1a: Incineroar|54/100|[from] Grassy Terrain\n|-heal|p1b: Amoonguss|61/100|[from] Grassy Terrain\n|upkeep\n|turn|3\n|inactive|CHR1SPHX has 30 seconds left.\n|\n|t:|1772620649\n|move|p2a: Farigiraf|Psychic Noise|p1b: Amoonguss\n|-supereffective|p1b: Amoonguss\n|-damage|p1b: Amoonguss|0 fnt\n|faint|p1b: Amoonguss\n|move|p2b: Rillaboom|U-turn|p1a: Incineroar\n|-damage|p1a: Incineroar|39/100\n|\n|t:|1772620660\n|switch|p2b: Garganacl|Garganacl, L50, M|100/100|[from] U-turn\n|move|p1a: Incineroar|Parting Shot|p2b: Garganacl\n|-unboost|p2b: Garganacl|atk|1\n|-unboost|p2b: Garganacl|spa|1\n|\n|t:|1772620677\n|switch|p1a: Lunala|Lunala, L50, shiny|100/100|[from] Parting Shot\n|\n|upkeep\n|\n|t:|1772620679\n|switch|p1b: Incineroar|Incineroar, L50, M|39/100\n|-ability|p1b: Incineroar|Intimidate|boost\n|-unboost|p2a: Farigiraf|atk|1\n|-unboost|p2b: Garganacl|atk|1\n|turn|4\n|\n|t:|1772620699\n|move|p1a: Lunala|Wide Guard|p1a: Lunala\n|-singleturn|p1a: Lunala|Wide Guard\n|move|p2a: Farigiraf|Hyper Voice|p1b: Incineroar|[spread] \n|-activate|p1a: Lunala|move: Wide Guard\n|-activate|p1b: Incineroar|move: Wide Guard\n|move|p1b: Incineroar|Taunt|p2b: Garganacl\n|-start|p2b: Garganacl|move: Taunt\n|move|p2b: Garganacl|Salt Cure|p1a: Lunala\n|-damage|p1a: Lunala|98/100\n|-start|p1a: Lunala|Salt Cure\n|\n|-heal|p1a: Lunala|100/100|[from] Grassy Terrain\n|-heal|p1b: Incineroar|45/100|[from] Grassy Terrain\n|-damage|p1a: Lunala|88/100|[from] Salt Cure\n|upkeep\n|turn|5\n|\n|t:|1772620722\n|-terastallize|p1a: Lunala|Fairy\n|move|p1a: Lunala|Moonblast|p2a: Farigiraf\n|-damage|p2a: Farigiraf|45/100\n|-unboost|p2a: Farigiraf|spa|1\n|move|p2a: Farigiraf|Hyper Voice|p1a: Lunala|[spread] p1a,p1b\n|-damage|p1a: Lunala|68/100\n|-damage|p1b: Incineroar|21/100\n|move|p1b: Incineroar|Parting Shot|p2a: Farigiraf\n|-unboost|p2a: Farigiraf|atk|1\n|-unboost|p2a: Farigiraf|spa|1\n|\n|t:|1772620732\n|switch|p1b: Ursaluna|Ursaluna-Bloodmoon, L50, M|100/100|[from] Parting Shot\n|move|p2b: Garganacl|Salt Cure|p1b: Ursaluna\n|-resisted|p1b: Ursaluna\n|-damage|p1b: Ursaluna|98/100\n|-start|p1b: Ursaluna|Salt Cure\n|\n|-heal|p1a: Lunala|74/100|[from] Grassy Terrain\n|-heal|p2a: Farigiraf|51/100|[from] Grassy Terrain\n|-heal|p1b: Ursaluna|100/100|[from] Grassy Terrain\n|-damage|p1a: Lunala|62/100|[from] Salt Cure\n|-damage|p1b: Ursaluna|88/100|[from] Salt Cure\n|-fieldend|move: Grassy Terrain\n|upkeep\n|turn|6\n|\n|t:|1772620752\n|switch|p2b: Rillaboom|Rillaboom, L50, F|51/100\n|-fieldstart|move: Grassy Terrain|[from] ability: Grassy Surge|[of] p2b: Rillaboom\n|move|p2a: Farigiraf|Protect|p2a: Farigiraf\n|-singleturn|p2a: Farigiraf|Protect\n|move|p1a: Lunala|Moonblast|p2a: Farigiraf\n|-activate|p2a: Farigiraf|move: Protect\n|move|p1b: Ursaluna|Earth Power|p2b: Rillaboom\n|-resisted|p2b: Rillaboom\n|-damage|p2b: Rillaboom|15/100\n|-damage|p1b: Ursaluna|79/100|[from] item: Life Orb\n|\n|-heal|p1a: Lunala|68/100|[from] Grassy Terrain\n|-heal|p2a: Farigiraf|57/100|[from] Grassy Terrain\n|-heal|p2b: Rillaboom|21/100|[from] Grassy Terrain\n|-heal|p1b: Ursaluna|85/100|[from] Grassy Terrain\n|-damage|p1a: Lunala|55/100|[from] Salt Cure\n|-damage|p1b: Ursaluna|72/100|[from] Salt Cure\n|upkeep\n|turn|7\n|inactive|CHR1SPHX has 30 seconds left.\n|\n|t:|1772620784\n|switch|p1b: Incineroar|Incineroar, L50, M|21/100\n|-ability|p1b: Incineroar|Intimidate|boost\n|-unboost|p2a: Farigiraf|atk|1\n|-unboost|p2b: Rillaboom|atk|1\n|move|p2b: Rillaboom|Fake Out|p1a: Lunala\n|-damage|p1a: Lunala|48/100\n|cant|p1a: Lunala|flinch\n|move|p2a: Farigiraf|Hyper Voice|p1b: Incineroar|[spread] p1a,p1b\n|-damage|p1a: Lunala|35/100\n|-damage|p1b: Incineroar|5/100\n|\n|-heal|p1a: Lunala|42/100|[from] Grassy Terrain\n|-heal|p2a: Farigiraf|63/100|[from] Grassy Terrain\n|-heal|p2b: Rillaboom|27/100|[from] Grassy Terrain\n|-heal|p1b: Incineroar|11/100|[from] Grassy Terrain\n|-damage|p1a: Lunala|29/100|[from] Salt Cure\n|upkeep\n|turn|8\n|inactive|Darkwall101 has 30 seconds left.\n|\n|t:|1772620809\n|move|p2a: Farigiraf|Protect|p2a: Farigiraf\n|-singleturn|p2a: Farigiraf|Protect\n|move|p1a: Lunala|Moonblast|p2a: Farigiraf\n|-activate|p2a: Farigiraf|move: Protect\n|move|p2b: Rillaboom|U-turn|p1b: Incineroar\n|-damage|p1b: Incineroar|0 fnt\n|faint|p1b: Incineroar\n|\n|t:|1772620825\n|switch|p2b: Koraidon|Koraidon, L50|100/100|[from] U-turn\n|-weather|SunnyDay|[from] ability: Orichalcum Pulse|[of] p2b: Koraidon\n|-activate|p2b: Koraidon|Orichalcum Pulse|[source]\n|\n|-weather|SunnyDay|[upkeep]\n|-heal|p1a: Lunala|35/100|[from] Grassy Terrain\n|-heal|p2a: Farigiraf|69/100|[from] Grassy Terrain\n|-damage|p1a: Lunala|23/100|[from] Salt Cure\n|upkeep\n|\n|t:|1772620827\n|switch|p1b: Ursaluna|Ursaluna-Bloodmoon, L50, M|72/100\n|turn|9\n|inactive|Darkwall101 has 30 seconds left.\n|\n|t:|1772620859\n|move|p2b: Koraidon|Flare Blitz|p1a: Lunala\n|-damage|p1a: Lunala|0 fnt\n|faint|p1a: Lunala\n|-damage|p2b: Koraidon|90/100|[from] Recoil\n|move|p2a: Farigiraf|Hyper Voice|p1b: Ursaluna\n|-damage|p1b: Ursaluna|46/100\n|move|p1b: Ursaluna|Hyper Voice|p2a: Farigiraf|[spread] p2a,p2b\n|-damage|p2a: Farigiraf|20/100\n|-damage|p2b: Koraidon|41/100\n|-damage|p1b: Ursaluna|36/100|[from] item: Life Orb\n|\n|-weather|SunnyDay|[upkeep]\n|-heal|p2b: Koraidon|47/100|[from] Grassy Terrain\n|-heal|p2a: Farigiraf|26/100|[from] Grassy Terrain\n|-heal|p1b: Ursaluna|42/100|[from] Grassy Terrain\n|upkeep\n|turn|10\n|-message|CHR1SPHX forfeited.\n|\n|win|Darkwall101\n|raw|CHR1SPHX's rating: 1239 &rarr; <strong>1209</strong><br />(-30 for losing)\n|raw|Darkwall101's rating: 1173 &rarr; <strong>1203</strong><br />(+30 for winning)\n|l|\u2606CHR1SPHX\n|player|p1|\n|l|\u2606Darkwall101\n|player|p2|\n","uploadtime":1772621119,"views":12,"formatid":"gen9vgc2026regi","rating":1203,"private":0,"password":null}