{"id":"gen9vgc2026regi-2532037595","format":"[Gen 9] VGC 2026 Reg I","players":["ScaryObongo","SycrasisEU"],"log":"|j|\u2606ScaryObongo\n|j|\u203dSycrasisEU\n|t:|1770134257\n|gametype|doubles\n|player|p1|ScaryObongo|lance|1132\n|player|p2|SycrasisEU|bugcatcher-gen4dp|1115\n|gen|9\n|tier|[Gen 9] VGC 2026 Reg I\n|rated|\n|rule|Species Clause: Limit one of each Pok\u00e9mon\n|rule|Item Clause: Limit 1 of each item\n|clearpoke\n|poke|p1|Koraidon, L50|\n|poke|p1|Calyrex-Shadow, L50|\n|poke|p1|Raging Bolt, L50|\n|poke|p1|Incineroar, L50, F|\n|poke|p1|Ogerpon-Cornerstone, L50, F|\n|poke|p1|Brute Bonnet, L50|\n|poke|p2|Vivillon-Fancy, L50, F|\n|poke|p2|Volcarona, L50, F|\n|poke|p2|Ribombee, L50, M|\n|poke|p2|Venonat, L50, M|\n|poke|p2|Kleavor, L50, F|\n|poke|p2|Galvantula, L50, F|\n|teampreview|4\n|inactive|Battle timer is ON: inactive players will automatically lose when time's up. (requested by SycrasisEU)\n|\n|t:|1770134283\n|teamsize|p1|4\n|teamsize|p2|4\n|start\n|switch|p1a: Barney|Incineroar, L50, F|100/100\n|switch|p1b: Fred|Koraidon, L50|100/100\n|switch|p2a: Venonat|Venonat, L50, M|100/100\n|switch|p2b: Vivillon|Vivillon-Fancy, L50, F|100/100\n|-weather|SunnyDay|[from] ability: Orichalcum Pulse|[of] p1b: Fred\n|-activate|p1b: Fred|Orichalcum Pulse|[source]\n|-ability|p1a: Barney|Intimidate|boost\n|-unboost|p2a: Venonat|atk|1\n|-unboost|p2b: Vivillon|atk|1\n|turn|1\n|inactive|ScaryObongo has 30 seconds left.\n|\n|t:|1770134313\n|-terastallize|p1b: Fred|Fire\n|move|p2b: Vivillon|Protect|p2b: Vivillon\n|-singleturn|p2b: Vivillon|Protect\n|move|p2a: Venonat|Protect|p2a: Venonat\n|-singleturn|p2a: Venonat|Protect\n|move|p1a: Barney|Fake Out|p2a: Venonat\n|-activate|p2a: Venonat|move: Protect\n|move|p1b: Fred|Flame Charge|p2b: Vivillon\n|-activate|p2b: Vivillon|move: Protect\n|\n|-weather|SunnyDay|[upkeep]\n|upkeep\n|turn|2\n|inactive|SycrasisEU has 30 seconds left.\n|\n|t:|1770134347\n|-terastallize|p2a: Venonat|Fire\n|move|p2a: Venonat|Rage Powder|p2a: Venonat\n|-singleturn|p2a: Venonat|move: Rage Powder\n|move|p1b: Fred|Flame Charge|p2a: Venonat\n|-resisted|p2a: Venonat\n|-damage|p2a: Venonat|59/100\n|-boost|p1b: Fred|spe|1\n|move|p2b: Vivillon|Tailwind|p2b: Vivillon\n|-sidestart|p2: SycrasisEU|move: Tailwind\n|move|p1a: Barney|Knock Off|p2a: Venonat\n|-damage|p2a: Venonat|16/100\n|-enditem|p2a: Venonat|Eviolite|[from] move: Knock Off|[of] p1a: Barney\n|\n|-weather|SunnyDay|[upkeep]\n|upkeep\n|turn|3\n|inactive|ScaryObongo has 30 seconds left.\n|\n|t:|1770134374\n|move|p2b: Vivillon|Sleep Powder|p1b: Fred\n|-status|p1b: Fred|slp|[from] move: Sleep Powder\n|cant|p1b: Fred|slp\n|move|p2a: Venonat|Morning Sun|p2a: Venonat\n|-heal|p2a: Venonat|83/100\n|move|p1a: Barney|Knock Off|p2a: Venonat\n|-damage|p2a: Venonat|34/100\n|\n|-weather|SunnyDay|[upkeep]\n|upkeep\n|turn|4\n|inactive|ScaryObongo has 30 seconds left.\n|\n|t:|1770134404\n|move|p2b: Vivillon|Hurricane|p1b: Fred\n|-damage|p1b: Fred|56/100 slp\n|-curestatus|p1b: Fred|slp|[msg]\n|move|p1b: Fred|Flame Charge|p2b: Vivillon\n|-supereffective|p2b: Vivillon\n|-enditem|p2b: Vivillon|Focus Sash\n|-damage|p2b: Vivillon|1/100\n|-boost|p1b: Fred|spe|1\n|move|p2a: Venonat|Sleep Powder|p1a: Barney\n|-activate|p1a: Barney|item: Safety Goggles|Sleep Powder\n|move|p1a: Barney|Knock Off|p2a: Venonat\n|-damage|p2a: Venonat|0 fnt\n|faint|p2a: Venonat\n|\n|-weather|SunnyDay|[upkeep]\n|upkeep\n|\n|t:|1770134417\n|switch|p2a: Kleavor|Kleavor, L50, F|100/100\n|turn|5\n|\n|t:|1770134431\n|move|p2a: Kleavor|Stone Axe|p1b: Fred|[miss]\n|-miss|p2a: Kleavor|p1b: Fred\n|move|p1b: Fred|Flare Blitz|p2a: Kleavor\n|-damage|p2a: Kleavor|0 fnt\n|faint|p2a: Kleavor\n|-damage|p1b: Fred|29/100|[from] Recoil\n|move|p2b: Vivillon|Hurricane|p1a: Barney|[miss]\n|-miss|p2b: Vivillon|p1a: Barney\n|move|p1a: Barney|Knock Off|p2b: Vivillon\n|-damage|p2b: Vivillon|0 fnt\n|faint|p2b: Vivillon\n|\n|-weather|none\n|-sideend|p2: SycrasisEU|move: Tailwind\n|upkeep\n|-message|SycrasisEU forfeited.\n|\n|win|ScaryObongo\n|raw|ScaryObongo's rating: 1132 &rarr; <strong>1156</strong><br />(+24 for winning)\n|raw|SycrasisEU's rating: 1115 &rarr; <strong>1091</strong><br />(-24 for losing)\n|l|\u203dSycrasisEU\n|player|p2|\n|l|\u2606ScaryObongo\n|player|p1|\n","uploadtime":1770134699,"views":37,"formatid":"gen9vgc2026regi","rating":1091,"private":0,"password":null}