{"id":"gen9vgc2026regi-2578951301","format":"[Gen 9] VGC 2026 Reg I","players":["asroarri","fogdocker"],"log":"|j|\u2606asroarri\n|j|\u2606fogdocker\n|t:|1775739759\n|gametype|doubles\n|player|p1|asroarri|dawn|1644\n|player|p2|fogdocker|101|1592\n|gen|9\n|tier|[Gen 9] VGC 2026 Reg I\n|rated|\n|rule|Species Clause: Limit one of each Pok\u00e9mon\n|rule|Item Clause: Limit 1 of each item\n|clearpoke\n|poke|p1|Calyrex-Ice, L50|\n|poke|p1|Miraidon, L50|\n|poke|p1|Iron Hands, L50|\n|poke|p1|Farigiraf, L50, F|\n|poke|p1|Torkoal, L50, F|\n|poke|p1|Smeargle, L50, F|\n|poke|p2|Calyrex-Ice, L50|\n|poke|p2|Koraidon, L50|\n|poke|p2|Flutter Mane, L50|\n|poke|p2|Incineroar, L50, F|\n|poke|p2|Rillaboom, L50, M|\n|poke|p2|Volcarona, L50, F|\n|teampreview|4\n|inactive|Battle timer is ON: inactive players will automatically lose when time's up. (requested by asroarri)\n|inactive|asroarri has 60 seconds left.\n|\n|t:|1775739801\n|teamsize|p1|4\n|teamsize|p2|4\n|start\n|switch|p1a: Calyrex|Calyrex-Ice, L50|100/100\n|switch|p1b: Smeargle|Smeargle, L50, F|100/100\n|switch|p2a: Calyrex|Calyrex-Ice, L50|100/100\n|switch|p2b: Rillaboom|Rillaboom, L50, M|100/100\n|-ability|p2a: Calyrex|As One\n|-ability|p2a: Calyrex|Unnerve\n|-ability|p1a: Calyrex|As One\n|-ability|p1a: Calyrex|Unnerve\n|-fieldstart|move: Grassy Terrain|[from] ability: Grassy Surge|[of] p2b: Rillaboom\n|turn|1\n|\n|t:|1775739822\n|switch|p2b: Incineroar|Incineroar, L50, F|100/100\n|-ability|p2b: Incineroar|Intimidate|boost\n|-fail|p1a: Calyrex|unboost|[from] item: Clear Amulet|[of] p1a: Calyrex\n|-unboost|p1b: Smeargle|atk|1\n|move|p1b: Smeargle|Spore|p2a: Calyrex\n|-status|p2a: Calyrex|slp|[from] move: Spore\n|cant|p2a: Calyrex|slp\n|move|p1a: Calyrex|Trick Room|p1a: Calyrex\n|-fieldstart|move: Trick Room|[of] p1a: Calyrex\n|\n|upkeep\n|turn|2\n|\n|t:|1775739840\n|switch|p1b: Torkoal|Torkoal, L50, F|100/100\n|-weather|SunnyDay|[from] ability: Drought|[of] p1b: Torkoal\n|-terastallize|p1a: Calyrex|Ground\n|-curestatus|p2a: Calyrex|slp|[msg]\n|move|p2a: Calyrex|Glacial Lance|p1a: Calyrex|[spread] p1a,p1b\n|-supereffective|p1a: Calyrex\n|-resisted|p1b: Torkoal\n|-damage|p1a: Calyrex|43/100\n|-damage|p1b: Torkoal|84/100\n|move|p1a: Calyrex|High Horsepower|p2b: Incineroar\n|-supereffective|p2b: Incineroar\n|-damage|p2b: Incineroar|0 fnt\n|faint|p2b: Incineroar\n|-ability|p1a: Calyrex|Chilling Neigh|boost\n|-boost|p1a: Calyrex|atk|1\n|\n|-weather|SunnyDay|[upkeep]\n|-heal|p1b: Torkoal|90/100|[from] Grassy Terrain\n|-heal|p1a: Calyrex|48/100|[from] Grassy Terrain\n|upkeep\n|inactive|fogdocker has 30 seconds left.\n|inactive|fogdocker has 20 seconds left.\n|\n|t:|1775739880\n|switch|p2b: Koraidon|Koraidon, L50|100/100\n|-activate|p2b: Koraidon|ability: Orichalcum Pulse\n|turn|3\n|\n|t:|1775739885\n|-terastallize|p2a: Calyrex|Water\n|move|p2b: Koraidon|Protect|p2b: Koraidon\n|-singleturn|p2b: Koraidon|Protect\n|move|p1b: Torkoal|Eruption|p2a: Calyrex|[spread] p2a\n|-activate|p2b: Koraidon|move: Protect\n|-resisted|p2a: Calyrex\n|-damage|p2a: Calyrex|70/100\n|move|p2a: Calyrex|Glacial Lance|p1a: Calyrex|[spread] p1a,p1b\n|-supereffective|p1a: Calyrex\n|-resisted|p1b: Torkoal\n|-damage|p1a: Calyrex|0 fnt\n|-damage|p1b: Torkoal|72/100\n|faint|p1a: Calyrex\n|-ability|p2a: Calyrex|Chilling Neigh|boost\n|-boost|p2a: Calyrex|atk|1\n|\n|-weather|SunnyDay|[upkeep]\n|-heal|p1b: Torkoal|78/100|[from] Grassy Terrain\n|-heal|p2a: Calyrex|76/100|[from] Grassy Terrain\n|-heal|p2a: Calyrex|82/100|[from] item: Leftovers\n|upkeep\n|\n|t:|1775739897\n|switch|p1a: Smeargle|Smeargle, L50, F|100/100\n|turn|4\n|\n|t:|1775739902\n|switch|p2b: Rillaboom|Rillaboom, L50, M|100/100\n|move|p1b: Torkoal|Eruption|p2b: Rillaboom|[spread] p2a,p2b\n|-resisted|p2a: Calyrex\n|-supereffective|p2b: Rillaboom\n|-damage|p2a: Calyrex|59/100\n|-damage|p2b: Rillaboom|0 fnt\n|faint|p2b: Rillaboom\n|move|p2a: Calyrex|Glacial Lance|p1a: Smeargle|[spread] p1a,p1b\n|-resisted|p1b: Torkoal\n|-enditem|p1a: Smeargle|Focus Sash\n|-damage|p1a: Smeargle|1/100\n|-damage|p1b: Torkoal|51/100\n|move|p1a: Smeargle|Spore|p2a: Calyrex\n|-status|p2a: Calyrex|slp|[from] move: Spore\n|\n|-weather|SunnyDay|[upkeep]\n|-heal|p1b: Torkoal|57/100|[from] Grassy Terrain\n|-heal|p2a: Calyrex|65/100 slp|[from] Grassy Terrain\n|-heal|p2a: Calyrex|71/100 slp|[from] item: Leftovers\n|-heal|p1a: Smeargle|7/100|[from] Grassy Terrain\n|upkeep\n|\n|t:|1775739905\n|switch|p2b: Koraidon|Koraidon, L50|100/100\n|-activate|p2b: Koraidon|ability: Orichalcum Pulse\n|turn|5\n|\n|t:|1775739922\n|switch|p1b: Farigiraf|Farigiraf, L50, F|100/100\n|move|p2b: Koraidon|Protect|p2b: Koraidon\n|-singleturn|p2b: Koraidon|Protect\n|cant|p2a: Calyrex|slp\n|move|p1a: Smeargle|Ruination|p2a: Calyrex\n|-damage|p2a: Calyrex|36/100 slp\n|\n|-weather|SunnyDay|[upkeep]\n|-heal|p2a: Calyrex|42/100 slp|[from] Grassy Terrain\n|-heal|p2a: Calyrex|47/100 slp|[from] item: Leftovers\n|-heal|p1a: Smeargle|13/100|[from] Grassy Terrain\n|-fieldend|move: Trick Room\n|-fieldend|move: Grassy Terrain\n|upkeep\n|turn|6\n|\n|t:|1775739941\n|switch|p1a: Torkoal|Torkoal, L50, F|57/100\n|move|p2b: Koraidon|Flare Blitz|p1b: Farigiraf\n|-damage|p1b: Farigiraf|0 fnt\n|faint|p1b: Farigiraf\n|-damage|p2b: Koraidon|58/100|[from] Recoil\n|-damage|p2b: Koraidon|48/100|[from] item: Life Orb\n|-curestatus|p2a: Calyrex|slp|[msg]\n|move|p2a: Calyrex|Glacial Lance|p1a: Torkoal\n|-resisted|p1a: Torkoal\n|-damage|p1a: Torkoal|20/100\n|\n|-weather|none\n|-heal|p2a: Calyrex|53/100|[from] item: Leftovers\n|upkeep\n|-message|asroarri forfeited.\n|\n|win|fogdocker\n|raw|asroarri's rating: 1644 &rarr; <strong>1621</strong><br />(-23 for losing)\n|raw|fogdocker's rating: 1592 &rarr; <strong>1615</strong><br />(+23 for winning)\n|l|\u2606asroarri\n|player|p1|\n|l|\u2606fogdocker\n|player|p2|\n","uploadtime":1775740220,"views":22,"formatid":"gen9vgc2026regi","rating":1615,"private":0,"password":null}