{"id":"gen9vgc2026regi-2577650803","format":"[Gen 9] VGC 2026 Reg I","players":["Dbzone9001","conniecut"],"log":"|j|\u2606Dbzone9001\n|j|\u2606conniecut\n|t:|1775593206\n|gametype|doubles\n|player|p1|Dbzone9001|1|1581\n|player|p2|conniecut|lady|1525\n|gen|9\n|tier|[Gen 9] VGC 2026 Reg I\n|rated|\n|rule|Species Clause: Limit one of each Pok\u00e9mon\n|rule|Item Clause: Limit 1 of each item\n|clearpoke\n|poke|p1|Calyrex-Ice, L50|\n|poke|p1|Miraidon, L50|\n|poke|p1|Pelipper, L50, F|\n|poke|p1|Grimmsnarl, L50, M|\n|poke|p1|Maushold-Four, L50|\n|poke|p1|Araquanid, L50, F|\n|poke|p2|Calyrex-Ice, L50|\n|poke|p2|Smeargle, L50, F|\n|poke|p2|Ho-Oh, L50|\n|poke|p2|Ursaluna-Bloodmoon, L50, M|\n|poke|p2|Amoonguss, L50, F|\n|poke|p2|Urshifu-*, L50, F|\n|teampreview|4\n|inactive|Battle timer is ON: inactive players will automatically lose when time's up. (requested by Dbzone9001)\n|\n|t:|1775593247\n|teamsize|p1|4\n|teamsize|p2|4\n|start\n|switch|p1a: Calyrex|Calyrex-Ice, L50|100/100\n|switch|p1b: Araquanid|Araquanid, L50, F|100/100\n|switch|p2a: Calyrex|Calyrex-Ice, L50|100/100\n|switch|p2b: Smeargle|Smeargle, L50, F|100/100\n|-ability|p2a: Calyrex|As One\n|-ability|p2a: Calyrex|Unnerve\n|-ability|p1a: Calyrex|As One\n|-ability|p1a: Calyrex|Unnerve\n|turn|1\n|\n|t:|1775593273\n|move|p2a: Calyrex|Glacial Lance|p1a: Calyrex|[spread] p1a,p1b\n|-resisted|p1a: Calyrex\n|-resisted|p1b: Araquanid\n|-damage|p1a: Calyrex|80/100\n|-damage|p1b: Araquanid|61/100\n|move|p2b: Smeargle|Spore|p1a: Calyrex\n|-status|p1a: Calyrex|slp|[from] move: Spore\n|cant|p1a: Calyrex|slp\n|move|p1b: Araquanid|Liquidation|p2b: Smeargle\n|-enditem|p2b: Smeargle|Focus Sash\n|-damage|p2b: Smeargle|1/100\n|\n|upkeep\n|turn|2\n|inactive|Dbzone9001 has 30 seconds left.\n|\n|t:|1775593301\n|cant|p1a: Calyrex|slp\n|move|p2a: Calyrex|Glacial Lance|p1a: Calyrex|[spread] p1a,p1b\n|-resisted|p1a: Calyrex\n|-resisted|p1b: Araquanid\n|-damage|p1a: Calyrex|59/100 slp\n|-damage|p1b: Araquanid|20/100\n|move|p2b: Smeargle|Spore|p1b: Araquanid\n|-status|p1b: Araquanid|slp|[from] move: Spore\n|cant|p1b: Araquanid|slp\n|\n|upkeep\n|turn|3\n|\n|t:|1775593325\n|-curestatus|p1b: Araquanid|slp|[msg]\n|move|p1b: Araquanid|Protect|p1b: Araquanid\n|-singleturn|p1b: Araquanid|Protect\n|move|p2a: Calyrex|Glacial Lance|p1a: Calyrex|[spread] p1a\n|-activate|p1b: Araquanid|move: Protect\n|-resisted|p1a: Calyrex\n|-damage|p1a: Calyrex|39/100 slp\n|move|p2b: Smeargle|Decorate|p2a: Calyrex\n|-boost|p2a: Calyrex|atk|2\n|-boost|p2a: Calyrex|spa|2\n|cant|p1a: Calyrex|slp\n|\n|upkeep\n|turn|4\n|\n|t:|1775593339\n|-terastallize|p1a: Calyrex|Grass\n|move|p1b: Araquanid|Wide Guard|p1b: Araquanid\n|-singleturn|p1b: Araquanid|Wide Guard\n|move|p2a: Calyrex|Close Combat|p1a: Calyrex\n|-damage|p1a: Calyrex|0 fnt\n|-unboost|p2a: Calyrex|def|1\n|-unboost|p2a: Calyrex|spd|1\n|faint|p1a: Calyrex\n|-ability|p2a: Calyrex|Chilling Neigh|boost\n|-boost|p2a: Calyrex|atk|1\n|move|p2b: Smeargle|Spore|p1b: Araquanid\n|-status|p1b: Araquanid|slp|[from] move: Spore\n|\n|upkeep\n|\n|t:|1775593353\n|switch|p1a: Miraidon|Miraidon, L50|100/100\n|-fieldstart|move: Electric Terrain|[from] ability: Hadron Engine|[of] p1a: Miraidon\n|turn|5\n|\n|t:|1775593360\n|cant|p1b: Araquanid|slp\n|move|p2b: Smeargle|Follow Me|p2b: Smeargle\n|-singleturn|p2b: Smeargle|move: Follow Me\n|move|p1a: Miraidon|Snarl|p2a: Calyrex|[spread] p2a,p2b\n|-supereffective|p2a: Calyrex\n|-damage|p2a: Calyrex|61/100\n|-damage|p2b: Smeargle|0 fnt\n|-unboost|p2a: Calyrex|spa|1\n|faint|p2b: Smeargle\n|move|p2a: Calyrex|Trick Room|p2a: Calyrex\n|-fieldstart|move: Trick Room|[of] p2a: Calyrex\n|\n|upkeep\n|\n|t:|1775593370\n|switch|p2b: Ursaluna|Ursaluna-Bloodmoon, L50, M|100/100\n|turn|6\n|\n|t:|1775593374\n|switch|p1a: Pelipper|Pelipper, L50, F|100/100\n|-weather|RainDance|[from] ability: Drizzle|[of] p1a: Pelipper\n|cant|p1b: Araquanid|slp\n|move|p2b: Ursaluna|Earth Power|p1a: Pelipper\n|-immune|p1a: Pelipper\n|move|p2a: Calyrex|Glacial Lance|p1a: Pelipper|[spread] p1a,p1b\n|-resisted|p1b: Araquanid\n|-damage|p1a: Pelipper|0 fnt\n|-damage|p1b: Araquanid|0 fnt\n|faint|p1a: Pelipper\n|faint|p1b: Araquanid\n|-ability|p2a: Calyrex|Chilling Neigh|boost\n|-boost|p2a: Calyrex|atk|2\n|\n|-weather|RainDance|[upkeep]\n|upkeep\n|-message|Dbzone9001 forfeited.\n|\n|win|conniecut\n|raw|Dbzone9001's rating: 1581 &rarr; <strong>1558</strong><br />(-23 for losing)\n|raw|conniecut's rating: 1525 &rarr; <strong>1548</strong><br />(+23 for winning)\n|l|\u2606Dbzone9001\n|player|p1|\n|l|\u2606conniecut\n|player|p2|\n","uploadtime":1775593534,"views":15,"formatid":"gen9vgc2026regi","rating":1548,"private":0,"password":null}