{"id":"gen9vgc2026regi-2514512946","format":"[Gen 9] VGC 2026 Reg I","players":["blackred123\u6c38\u96cf\u5854\u83f2\u4fa0","Iyuhv"],"log":"|j|\u2606blackred123\u6c38\u96cf\u5854\u83f2\u4fa0\n|j|\u2606Iyuhv\n|t:|1767880457\n|gametype|doubles\n|player|p1|blackred123\u6c38\u96cf\u5854\u83f2\u4fa0|iono-masters|1230\n|player|p2|Iyuhv|1|1219\n|gen|9\n|tier|[Gen 9] VGC 2026 Reg I\n|rated|\n|rule|Species Clause: Limit one of each Pok\u00e9mon\n|rule|Item Clause: Limit 1 of each item\n|clearpoke\n|poke|p1|Lunala, L50|\n|poke|p1|Koraidon, L50|\n|poke|p1|Chi-Yu, L50|\n|poke|p1|Flutter Mane, L50|\n|poke|p1|Brute Bonnet, L50|\n|poke|p1|Ursaluna, L50, F|\n|poke|p2|Palkia-Origin, L50|\n|poke|p2|Duraludon, L50, M|\n|poke|p2|Ursaluna, L50, F|\n|poke|p2|Amoonguss, L50, M|\n|poke|p2|Incineroar, L50, M|\n|poke|p2|Farigiraf, L50, M|\n|teampreview|4\n|inactive|Battle timer is ON: inactive players will automatically lose when time's up. (requested by blackred123\u6c38\u96cf\u5854\u83f2\u4fa0)\n|inactive|Iyuhv has 60 seconds left.\n|\n|t:|1767880518\n|teamsize|p1|4\n|teamsize|p2|4\n|start\n|switch|p1a: Koraidon|Koraidon, L50|100/100\n|switch|p1b: Chi-Yu|Chi-Yu, L50|100/100\n|switch|p2a: Incineroar|Incineroar, L50, M|100/100\n|switch|p2b: Farigiraf|Farigiraf, L50, M|100/100\n|-ability|p1b: Chi-Yu|Beads of Ruin\n|-weather|SunnyDay|[from] ability: Orichalcum Pulse|[of] p1a: Koraidon\n|-activate|p1a: Koraidon|Orichalcum Pulse|[source]\n|-ability|p2a: Incineroar|Intimidate|boost\n|-unboost|p1a: Koraidon|atk|1\n|-unboost|p1b: Chi-Yu|atk|1\n|turn|1\n|inactive|Iyuhv has 30 seconds left.\n|\n|t:|1767880548\n|move|p2a: Incineroar|Fake Out|p1b: Chi-Yu\n|-damage|p1b: Chi-Yu|84/100\n|cant|p1b: Chi-Yu|flinch\n|move|p1a: Koraidon|Close Combat|p2a: Incineroar\n|-supereffective|p2a: Incineroar\n|-damage|p2a: Incineroar|0 fnt\n|-unboost|p1a: Koraidon|def|1\n|-unboost|p1a: Koraidon|spd|1\n|faint|p2a: Incineroar\n|-damage|p1a: Koraidon|91/100|[from] item: Life Orb\n|move|p2b: Farigiraf|Trick Room|p2b: Farigiraf\n|-fieldstart|move: Trick Room|[of] p2b: Farigiraf\n|\n|-weather|SunnyDay|[upkeep]\n|upkeep\n|\n|t:|1767880571\n|switch|p2a: Palkia|Palkia-Origin, L50|100/100\n|-ability|p2a: Palkia|Pressure\n|turn|2\n|\n|t:|1767880585\n|switch|p2b: Ursaluna|Ursaluna, L50, F|100/100\n|switch|p1a: Lunala|Lunala, L50, shiny|100/100\n|move|p2a: Palkia|Spacial Rend|p1a: Lunala\n|-crit|p1a: Lunala\n|-damage|p1a: Lunala|51/100\n|move|p1b: Chi-Yu|Dark Pulse|p2b: Ursaluna\n|-damage|p2b: Ursaluna|51/100\n|\n|-weather|SunnyDay|[upkeep]\n|-status|p2b: Ursaluna|brn|[from] item: Flame Orb\n|upkeep\n|turn|3\n|\n|t:|1767880603\n|move|p2b: Ursaluna|Drain Punch|p1b: Chi-Yu\n|-supereffective|p1b: Chi-Yu\n|-damage|p1b: Chi-Yu|0 fnt\n|-heal|p2b: Ursaluna|75/100 brn|[from] drain|[of] p1b: Chi-Yu\n|faint|p1b: Chi-Yu\n|move|p2a: Palkia|Spacial Rend|p1a: Lunala\n|-damage|p1a: Lunala|1/100\n|move|p1a: Lunala|Trick Room|p1a: Lunala\n|-fieldend|move: Trick Room\n|\n|-weather|SunnyDay|[upkeep]\n|-damage|p2b: Ursaluna|69/100 brn|[from] brn\n|upkeep\n|\n|t:|1767880608\n|switch|p1b: Koraidon|Koraidon, L50|91/100\n|-activate|p1b: Koraidon|ability: Orichalcum Pulse\n|turn|4\n|inactive|Iyuhv has 30 seconds left.\n|inactive|Iyuhv has 20 seconds left.\n|inactive|Iyuhv has 15 seconds left.\n|\n|t:|1767880651\n|-terastallize|p2a: Palkia|Fairy\n|move|p1b: Koraidon|Close Combat|p2a: Palkia\n|-resisted|p2a: Palkia\n|-damage|p2a: Palkia|54/100\n|-unboost|p1b: Koraidon|def|1\n|-unboost|p1b: Koraidon|spd|1\n|-damage|p1b: Koraidon|81/100|[from] item: Life Orb\n|move|p2a: Palkia|Spacial Rend|p1b: Koraidon\n|-supereffective|p1b: Koraidon\n|-damage|p1b: Koraidon|0 fnt\n|faint|p1b: Koraidon\n|move|p1a: Lunala|Moongeist Beam|p2a: Palkia\n|-damage|p2a: Palkia|7/100\n|move|p2b: Ursaluna|Facade|p1a: Lunala\n|-immune|p1a: Lunala\n|\n|-weather|SunnyDay|[upkeep]\n|-damage|p2b: Ursaluna|63/100 brn|[from] brn\n|upkeep\n|\n|t:|1767880662\n|switch|p1b: Ursaluna|Ursaluna, L50, F, shiny|100/100\n|turn|5\n|\n|t:|1767880686\n|-terastallize|p1b: Ursaluna|Ghost\n|move|p2b: Ursaluna|Protect|p2b: Ursaluna\n|-singleturn|p2b: Ursaluna|Protect\n|move|p2a: Palkia|Surf|p1b: Ursaluna|[spread] p1a,p1b\n|-activate|p2b: Ursaluna|move: Protect\n|-damage|p1a: Lunala|0 fnt\n|-damage|p1b: Ursaluna|78/100\n|faint|p1a: Lunala\n|move|p1b: Ursaluna|Earthquake|p2a: Palkia|[spread] p2a\n|-activate|p2b: Ursaluna|move: Protect\n|-damage|p2a: Palkia|0 fnt\n|faint|p2a: Palkia\n|\n|-weather|none\n|-damage|p2b: Ursaluna|57/100 brn|[from] brn\n|-status|p1b: Ursaluna|brn|[from] item: Flame Orb\n|upkeep\n|\n|t:|1767880701\n|switch|p2a: Farigiraf|Farigiraf, L50, M|100/100\n|turn|6\n|\n|t:|1767880709\n|move|p2a: Farigiraf|Helping Hand|p2b: Ursaluna\n|-singleturn|p2b: Ursaluna|Helping Hand|[of] p2a: Farigiraf\n|move|p1b: Ursaluna|Facade|p2b: Ursaluna\n|-damage|p2b: Ursaluna|0 fnt\n|faint|p2b: Ursaluna\n|\n|-damage|p1b: Ursaluna|72/100 brn|[from] brn\n|upkeep\n|turn|7\n|\n|t:|1767880716\n|move|p2a: Farigiraf|Protect|p2a: Farigiraf\n|-singleturn|p2a: Farigiraf|Protect\n|move|p1b: Ursaluna|Facade|p2a: Farigiraf\n|-activate|p2a: Farigiraf|move: Protect\n|\n|-damage|p1b: Ursaluna|66/100 brn|[from] brn\n|upkeep\n|turn|8\n|\n|t:|1767880724\n|move|p2a: Farigiraf|Protect||[still]\n|-fail|p2a: Farigiraf\n|move|p1b: Ursaluna|Facade|p2a: Farigiraf\n|-damage|p2a: Farigiraf|0 fnt\n|faint|p2a: Farigiraf\n|\n|win|blackred123\u6c38\u96cf\u5854\u83f2\u4fa0\n|raw|blackred123\u6c38\u96cf\u5854\u83f2\u4fa0's rating: 1230 &rarr; <strong>1254</strong><br />(+24 for winning)\n|raw|Iyuhv's rating: 1219 &rarr; <strong>1195</strong><br />(-24 for losing)\n|l|\u2606Iyuhv\n|player|p2|\n","uploadtime":1767881002,"views":15,"formatid":"gen9vgc2026regi","rating":1195,"private":0,"password":null}