{"id":"gen9vgc2026regi-2590989476","format":"[Gen 9] VGC 2026 Reg I","players":["pupparelli","Lil Tic"],"log":"|j|\u2606pupparelli\n|j|\u2606Lil Tic\n|t:|1776866854\n|gametype|doubles\n|player|p1|pupparelli|unknown|1374\n|player|p2|Lil Tic|170|1448\n|gen|9\n|tier|[Gen 9] VGC 2026 Reg I\n|rated|\n|rule|Species Clause: Limit one of each Pok\u00e9mon\n|rule|Item Clause: Limit 1 of each item\n|clearpoke\n|poke|p1|Brute Bonnet, L50|\n|poke|p1|Lunala, L50|\n|poke|p1|Ursaluna, L50, F|\n|poke|p1|Chi-Yu, L50|\n|poke|p1|Koraidon, L50|\n|poke|p1|Flutter Mane, L50|\n|poke|p2|Koraidon, L50|\n|poke|p2|Flutter Mane, L50|\n|poke|p2|Ho-Oh, L50|\n|poke|p2|Incineroar, L50, F|\n|poke|p2|Amoonguss, L50, F|\n|poke|p2|Ting-Lu, L50|\n|teampreview|4\n|inactive|Battle timer is ON: inactive players will automatically lose when time's up. (requested by pupparelli)\n|inactive|pupparelli has 60 seconds left.\n|inactive|Lil Tic has 60 seconds left.\n|\n|t:|1776866904\n|teamsize|p1|4\n|teamsize|p2|4\n|start\n|switch|p1a: Lunala|Lunala, L50|100/100\n|switch|p1b: Flutter Mane|Flutter Mane, L50, shiny|100/100\n|switch|p2a: Koraidon|Koraidon, L50|100/100\n|switch|p2b: Ting-Lu|Ting-Lu, L50|100/100\n|-weather|SunnyDay|[from] ability: Orichalcum Pulse|[of] p2a: Koraidon\n|-activate|p1b: Flutter Mane|ability: Protosynthesis\n|-start|p1b: Flutter Mane|protosynthesisspe\n|-activate|p2a: Koraidon|Orichalcum Pulse|[source]\n|-ability|p2b: Ting-Lu|Vessel of Ruin\n|turn|1\n|\n|t:|1776866919\n|move|p2a: Koraidon|Protect|p2a: Koraidon\n|-singleturn|p2a: Koraidon|Protect\n|move|p1b: Flutter Mane|Moonblast|p2a: Koraidon\n|-activate|p2a: Koraidon|move: Protect\n|move|p1a: Lunala|Meteor Beam||[still]\n|-prepare|p1a: Lunala|Meteor Beam\n|-boost|p1a: Lunala|spa|1\n|-enditem|p1a: Lunala|Power Herb\n|-anim|p1a: Lunala|Meteor Beam|p2b: Ting-Lu\n|-resisted|p2b: Ting-Lu\n|-damage|p2b: Ting-Lu|83/100\n|move|p2b: Ting-Lu|Stealth Rock|p1b: Flutter Mane\n|-sidestart|p1: pupparelli|move: Stealth Rock\n|\n|-weather|SunnyDay|[upkeep]\n|-heal|p2b: Ting-Lu|89/100|[from] item: Leftovers\n|upkeep\n|turn|2\n|\n|t:|1776866940\n|switch|p2a: Ho-Oh|Ho-Oh, L50|100/100\n|move|p1b: Flutter Mane|Moonblast|p2a: Ho-Oh\n|-resisted|p2a: Ho-Oh\n|-damage|p2a: Ho-Oh|89/100\n|move|p1a: Lunala|Meteor Beam||[still]\n|-prepare|p1a: Lunala|Meteor Beam\n|-boost|p1a: Lunala|spa|1\n|move|p2b: Ting-Lu|Heavy Slam|p1b: Flutter Mane\n|-supereffective|p1b: Flutter Mane\n|-enditem|p1b: Flutter Mane|Focus Sash\n|-damage|p1b: Flutter Mane|1/100\n|\n|-weather|SunnyDay|[upkeep]\n|-heal|p2b: Ting-Lu|95/100|[from] item: Leftovers\n|upkeep\n|turn|3\n|inactive|pupparelli has 30 seconds left.\n|inactive|pupparelli has 20 seconds left.\n|inactive|pupparelli has 15 seconds left.\n|\n|t:|1776866982\n|-end|p1b: Flutter Mane|Protosynthesis|[silent]\n|switch|p1b: Brute Bonnet|Brute Bonnet, L50|100/100\n|-damage|p1b: Brute Bonnet|88/100|[from] Stealth Rock\n|-activate|p1b: Brute Bonnet|ability: Protosynthesis\n|-start|p1b: Brute Bonnet|protosynthesisdef\n|move|p2a: Ho-Oh|Protect|p2a: Ho-Oh\n|-singleturn|p2a: Ho-Oh|Protect\n|move|p1a: Lunala|Meteor Beam|p2b: Ting-Lu|[from] lockedmove\n|-resisted|p2b: Ting-Lu\n|-damage|p2b: Ting-Lu|72/100\n|move|p2b: Ting-Lu|Heavy Slam|p1a: Lunala\n|-damage|p1a: Lunala|87/100\n|\n|-weather|SunnyDay|[upkeep]\n|-heal|p2b: Ting-Lu|79/100|[from] item: Leftovers\n|upkeep\n|turn|4\n|inactive|Lil Tic has 30 seconds left.\n|\n|t:|1776867013\n|switch|p2b: Amoonguss|Amoonguss, L50, F|100/100\n|move|p2a: Ho-Oh|Sacred Fire|p1b: Brute Bonnet\n|-supereffective|p1b: Brute Bonnet\n|-damage|p1b: Brute Bonnet|6/100\n|-enditem|p1b: Brute Bonnet|Sitrus Berry|[eat]\n|-heal|p1b: Brute Bonnet|31/100|[from] item: Sitrus Berry\n|move|p1a: Lunala|Meteor Beam||[still]\n|-prepare|p1a: Lunala|Meteor Beam\n|-boost|p1a: Lunala|spa|1\n|move|p1b: Brute Bonnet|Seed Bomb|p2b: Amoonguss\n|-resisted|p2b: Amoonguss\n|-damage|p2b: Amoonguss|94/100\n|\n|-weather|SunnyDay|[upkeep]\n|upkeep\n|turn|5\n|\n|t:|1776867035\n|move|p2a: Ho-Oh|Protect|p2a: Ho-Oh\n|-singleturn|p2a: Ho-Oh|Protect\n|move|p1b: Brute Bonnet|Rage Powder|p1b: Brute Bonnet\n|-singleturn|p1b: Brute Bonnet|move: Rage Powder\n|move|p1a: Lunala|Meteor Beam|p2a: Ho-Oh|[from] lockedmove\n|-activate|p2a: Ho-Oh|move: Protect\n|move|p2b: Amoonguss|Spore|p1a: Lunala\n|-status|p1a: Lunala|slp|[from] move: Spore\n|\n|-weather|none\n|-end|p1b: Brute Bonnet|Protosynthesis\n|upkeep\n|turn|6\n|\n|t:|1776867050\n|move|p2a: Ho-Oh|Brave Bird|p1a: Lunala\n|-damage|p1a: Lunala|27/100 slp\n|-damage|p2a: Ho-Oh|66/100|[from] Recoil\n|cant|p1a: Lunala|slp\n|move|p1b: Brute Bonnet|Spore|p2a: Ho-Oh\n|-status|p2a: Ho-Oh|slp|[from] move: Spore\n|move|p2b: Amoonguss|Pollen Puff|p1b: Brute Bonnet\n|-supereffective|p1b: Brute Bonnet\n|-damage|p1b: Brute Bonnet|0 fnt\n|faint|p1b: Brute Bonnet\n|-end|p1b: Brute Bonnet|Protosynthesis|[silent]\n|\n|upkeep\n|inactive|pupparelli has 30 seconds left.\n|inactive|pupparelli has 20 seconds left.\n|inactive|pupparelli has 15 seconds left.\n|inactive|pupparelli has 10 seconds left.\n|inactive|pupparelli has 5 seconds left.\n|\n|t:|1776867105\n|switch|p1b: Koraidon|Koraidon, L50, shiny|100/100\n|-damage|p1b: Koraidon|94/100|[from] Stealth Rock\n|-weather|SunnyDay|[from] ability: Orichalcum Pulse|[of] p1b: Koraidon\n|-activate|p1b: Koraidon|Orichalcum Pulse|[source]\n|turn|7\n|inactive|pupparelli has 30 seconds left.\n|inactive|pupparelli has 20 seconds left.\n|inactive|pupparelli has 15 seconds left.\n|inactive|pupparelli has 10 seconds left.\n|inactive|pupparelli has 5 seconds left.\n|\n|t:|1776867160\n|switch|p2a: Koraidon|Koraidon, L50|100/100\n|-activate|p2a: Koraidon|ability: Orichalcum Pulse\n|-terastallize|p2b: Amoonguss|Water\n|move|p1b: Koraidon|Close Combat|p2b: Amoonguss\n|-damage|p2b: Amoonguss|11/100\n|-unboost|p1b: Koraidon|def|1\n|-unboost|p1b: Koraidon|spd|1\n|-damage|p1b: Koraidon|78/100|[from] item: Rocky Helmet|[of] p2b: Amoonguss\n|-damage|p1b: Koraidon|68/100|[from] item: Life Orb\n|cant|p1a: Lunala|slp\n|move|p2b: Amoonguss|Spore|p1b: Koraidon\n|-status|p1b: Koraidon|slp|[from] move: Spore\n|\n|-weather|SunnyDay|[upkeep]\n|upkeep\n|turn|8\n|inactive|pupparelli has 30 seconds left.\n|inactive|pupparelli has 20 seconds left.\n|inactive|pupparelli has 15 seconds left.\n|inactive|pupparelli has 10 seconds left.\n|inactive|pupparelli has 5 seconds left.\n|\n|t:|1776867215\n|cant|p1b: Koraidon|slp\n|move|p2a: Koraidon|Flare Blitz|p1a: Lunala\n|-damage|p1a: Lunala|0 fnt\n|faint|p1a: Lunala\n|-damage|p2a: Koraidon|89/100|[from] Recoil\n|-damage|p2a: Koraidon|79/100|[from] item: Life Orb\n|move|p2b: Amoonguss|Sludge Bomb|p1b: Koraidon\n|-damage|p1b: Koraidon|27/100 slp\n|\n|-weather|SunnyDay|[upkeep]\n|upkeep\n|inactive|pupparelli has 30 seconds left.\n|inactive|pupparelli has 20 seconds left.\n|inactive|pupparelli has 15 seconds left.\n|inactive|pupparelli has 10 seconds left.\n|inactive|pupparelli has 5 seconds left.\n|\n|t:|1776867271\n|switch|p1a: Flutter Mane|Flutter Mane, L50, shiny|1/100\n|-damage|p1a: Flutter Mane|0 fnt|[from] Stealth Rock\n|faint|p1a: Flutter Mane\n|-end|p1a: Flutter Mane|Protosynthesis|[silent]\n|turn|9\n|inactive|pupparelli has 30 seconds left.\n|inactive|pupparelli has 20 seconds left.\n|inactive|pupparelli has 15 seconds left.\n|inactive|pupparelli has 10 seconds left.\n|inactive|pupparelli has 5 seconds left.\n|\n|t:|1776867326\n|move|p2b: Amoonguss|Rage Powder|p2b: Amoonguss\n|-singleturn|p2b: Amoonguss|move: Rage Powder\n|-curestatus|p1b: Koraidon|slp|[msg]\n|move|p1b: Koraidon|Close Combat|p2b: Amoonguss\n|-damage|p2b: Amoonguss|0 fnt\n|-unboost|p1b: Koraidon|def|1\n|-unboost|p1b: Koraidon|spd|1\n|-damage|p1b: Koraidon|10/100|[from] item: Rocky Helmet|[of] p2b: Amoonguss\n|faint|p2b: Amoonguss\n|-damage|p1b: Koraidon|0 fnt|[from] item: Life Orb\n|faint|p1b: Koraidon\n|\n|win|Lil Tic\n|raw|pupparelli's rating: 1374 &rarr; <strong>1358</strong><br />(-16 for losing)\n|raw|Lil Tic's rating: 1448 &rarr; <strong>1464</strong><br />(+16 for winning)\n|l|\u2606Lil Tic\n|player|p2|\n","uploadtime":1776867585,"views":9,"formatid":"gen9vgc2026regi","rating":1358,"private":0,"password":null}