{"id":"gen9vgc2026regi-2561583710","format":"[Gen 9] VGC 2026 Reg I","players":["It'sJustKen VGC","slionapollo"],"log":"|j|\u2606It'sJustKen VGC\n|j|\u2606slionapollo\n|t:|1773816990\n|gametype|doubles\n|player|p1|It'sJustKen VGC|265|1421\n|player|p2|slionapollo|170|1325\n|gen|9\n|tier|[Gen 9] VGC 2026 Reg I\n|rated|\n|rule|Species Clause: Limit one of each Pok\u00e9mon\n|rule|Item Clause: Limit 1 of each item\n|clearpoke\n|poke|p1|Iron Hands, L50|\n|poke|p1|Incineroar, L50, M|\n|poke|p1|Calyrex-Shadow, L50|\n|poke|p1|Whimsicott, L50, F|\n|poke|p1|Farigiraf, L50, F|\n|poke|p1|Miraidon, L50|\n|poke|p2|Calyrex-Shadow, L50|\n|poke|p2|Zamazenta-*, L50|\n|poke|p2|Chien-Pao, L50|\n|poke|p2|Raging Bolt, L50|\n|poke|p2|Amoonguss, L50, M|\n|poke|p2|Dragonite, L50, M|\n|teampreview|4\n|inactive|Battle timer is ON: inactive players will automatically lose when time's up. (requested by It'sJustKen VGC)\n|\n|t:|1773817013\n|teamsize|p1|4\n|teamsize|p2|4\n|start\n|switch|p1a: Miraidon|Miraidon, L50, shiny|100/100\n|switch|p1b: Whimsicott|Whimsicott, L50, F|100/100\n|switch|p2a: Amoonguss|Amoonguss, L50, M|100/100\n|switch|p2b: Zamazenta|Zamazenta-Crowned, L50|100/100\n|-ability|p2b: Zamazenta|Dauntless Shield|boost\n|-boost|p2b: Zamazenta|def|1\n|-fieldstart|move: Electric Terrain|[from] ability: Hadron Engine|[of] p1a: Miraidon\n|turn|1\n|inactive|slionapollo has 30 seconds left.\n|inactive|slionapollo has 20 seconds left.\n|inactive|slionapollo has 15 seconds left.\n|\n|t:|1773817056\n|switch|p1b: Incineroar|Incineroar, L50, M|100/100\n|-ability|p1b: Incineroar|Intimidate|boost\n|-unboost|p2a: Amoonguss|atk|1\n|-unboost|p2b: Zamazenta|atk|1\n|move|p2a: Amoonguss|Rage Powder|p2a: Amoonguss\n|-singleturn|p2a: Amoonguss|move: Rage Powder\n|move|p2b: Zamazenta|Body Press|p1a: Miraidon\n|-damage|p1a: Miraidon|41/100\n|move|p1a: Miraidon|Volt Switch|p2a: Amoonguss\n|-resisted|p2a: Amoonguss\n|-damage|p2a: Amoonguss|60/100\n|\n|t:|1773817066\n|switch|p1a: Calyrex|Calyrex-Shadow, L50|100/100|[from] Volt Switch\n|-ability|p1a: Calyrex|As One\n|-ability|p1a: Calyrex|Unnerve\n|\n|upkeep\n|turn|2\n|inactive|slionapollo has 30 seconds left.\n|\n|t:|1773817100\n|switch|p2a: Calyrex|Calyrex-Shadow, L50|100/100\n|-ability|p2a: Calyrex|As One\n|-ability|p2a: Calyrex|Unnerve\n|move|p2b: Zamazenta|Wide Guard|p2b: Zamazenta\n|-singleturn|p2b: Zamazenta|Wide Guard\n|move|p1b: Incineroar|Fake Out|p2b: Zamazenta\n|-resisted|p2b: Zamazenta\n|-damage|p2b: Zamazenta|98/100\n|move|p1a: Calyrex|Imprison|p1a: Calyrex\n|-start|p1a: Calyrex|move: Imprison\n|\n|upkeep\n|turn|3\n|\n|t:|1773817124\n|switch|p1b: Whimsicott|Whimsicott, L50, F|100/100\n|-terastallize|p1a: Calyrex|Ghost\n|move|p2a: Calyrex|Shadow Ball|p1a: Calyrex\n|-supereffective|p1a: Calyrex\n|-damage|p1a: Calyrex|4/100\n|move|p1a: Calyrex|Astral Barrage|p2b: Zamazenta|[spread] p2a,p2b\n|-supereffective|p2a: Calyrex\n|-damage|p2a: Calyrex|0 fnt\n|-damage|p2b: Zamazenta|42/100\n|faint|p2a: Calyrex\n|-ability|p1a: Calyrex|Grim Neigh|boost\n|-boost|p1a: Calyrex|spa|1\n|move|p2b: Zamazenta|Body Press|p1b: Whimsicott\n|-resisted|p1b: Whimsicott\n|-damage|p1b: Whimsicott|61/100\n|\n|upkeep\n|\n|t:|1773817139\n|switch|p2a: Amoonguss|Amoonguss, L50, M|93/100\n|turn|4\n|\n|t:|1773817145\n|move|p2b: Zamazenta|Wide Guard|p2b: Zamazenta\n|-singleturn|p2b: Zamazenta|Wide Guard\n|move|p1b: Whimsicott|Encore|p2b: Zamazenta\n|-start|p2b: Zamazenta|Encore\n|move|p1a: Calyrex|Psychic|p2a: Amoonguss\n|-supereffective|p2a: Amoonguss\n|-damage|p2a: Amoonguss|0 fnt\n|faint|p2a: Amoonguss\n|-ability|p1a: Calyrex|Grim Neigh|boost\n|-boost|p1a: Calyrex|spa|1\n|\n|upkeep\n|\n|t:|1773817154\n|switch|p2a: Raging Bolt|Raging Bolt, L50|100/100\n|-enditem|p2a: Raging Bolt|Booster Energy\n|-activate|p2a: Raging Bolt|ability: Protosynthesis|[fromitem]\n|-start|p2a: Raging Bolt|protosynthesisspa\n|turn|5\n|inactive|slionapollo has 30 seconds left.\n|\n|t:|1773817184\n|switch|p1b: Incineroar|Incineroar, L50, M|100/100\n|-ability|p1b: Incineroar|Intimidate|boost\n|-unboost|p2a: Raging Bolt|atk|1\n|-unboost|p2b: Zamazenta|atk|1\n|-terastallize|p2a: Raging Bolt|Electric\n|move|p1a: Calyrex|Protect|p1a: Calyrex\n|-singleturn|p1a: Calyrex|Protect\n|move|p2b: Zamazenta|Wide Guard|p2b: Zamazenta\n|-singleturn|p2b: Zamazenta|Wide Guard\n|move|p2a: Raging Bolt|Thunderbolt|p1b: Incineroar\n|-damage|p1b: Incineroar|0 fnt\n|faint|p1b: Incineroar\n|\n|-fieldend|move: Electric Terrain\n|upkeep\n|\n|t:|1773817203\n|switch|p1b: Miraidon|Miraidon, L50, shiny|41/100\n|-fieldstart|move: Electric Terrain|[from] ability: Hadron Engine|[of] p1b: Miraidon\n|turn|6\n|\n|t:|1773817222\n|move|p2b: Zamazenta|Wide Guard|p2b: Zamazenta\n|-singleturn|p2b: Zamazenta|Wide Guard\n|move|p2a: Raging Bolt|Thunderclap||[still]\n|-fail|p2a: Raging Bolt\n|move|p1a: Calyrex|Imprison||[still]\n|-fail|p1a: Calyrex\n|move|p1b: Miraidon|Electro Drift|p2b: Zamazenta\n|-damage|p2b: Zamazenta|0 fnt\n|faint|p2b: Zamazenta\n|\n|upkeep\n|turn|7\n|inactive|slionapollo has 30 seconds left.\n|\n|t:|1773817251\n|move|p2a: Raging Bolt|Thunderclap|p1a: Calyrex\n|-damage|p1a: Calyrex|0 fnt\n|faint|p1a: Calyrex\n|move|p1b: Miraidon|Electro Drift|p2a: Raging Bolt\n|-resisted|p2a: Raging Bolt\n|-damage|p2a: Raging Bolt|37/100\n|\n|upkeep\n|\n|t:|1773817254\n|switch|p1a: Whimsicott|Whimsicott, L50, F|61/100\n|turn|8\n|\n|t:|1773817265\n|move|p1a: Whimsicott|Light Screen|p1a: Whimsicott\n|-sidestart|p1: It'sJustKen VGC|move: Light Screen\n|move|p2a: Raging Bolt|Thunderclap|p1b: Miraidon\n|-resisted|p1b: Miraidon\n|-damage|p1b: Miraidon|29/100\n|move|p1b: Miraidon|Electro Drift|p2a: Raging Bolt\n|-resisted|p2a: Raging Bolt\n|-damage|p2a: Raging Bolt|0 fnt\n|faint|p2a: Raging Bolt\n|-end|p2a: Raging Bolt|Protosynthesis|[silent]\n|\n|win|It'sJustKen VGC\n|raw|It&apos;sJustKen VGC's rating: 1421 &rarr; <strong>1436</strong><br />(+15 for winning)\n|raw|slionapollo's rating: 1325 &rarr; <strong>1310</strong><br />(-15 for losing)\n|l|\u2606slionapollo\n|player|p2|\n","uploadtime":1773817279,"views":11,"formatid":"gen9vgc2026regi","rating":1310,"private":0,"password":null}