{"id":"gen9vgc2026regi-2560231629","format":"[Gen 9] VGC 2026 Reg I","players":["PR340Test","swordsdanceurshifu"],"log":"|j|\u2606PR340Test\n|j|\u2606swordsdanceurshifu\n|t:|1773668793\n|gametype|doubles\n|player|p1|PR340Test|hiker-gen4|1158\n|player|p2|swordsdanceurshifu|2|1256\n|gen|9\n|tier|[Gen 9] VGC 2026 Reg I\n|rated|\n|rule|Species Clause: Limit one of each Pok\u00e9mon\n|rule|Item Clause: Limit 1 of each item\n|clearpoke\n|poke|p1|Weezing, L50, M|\n|poke|p1|Calyrex-Shadow, L50|\n|poke|p1|Kyogre, L50|\n|poke|p1|Incineroar, L50, M|\n|poke|p1|Ludicolo, L50, F|\n|poke|p1|Scream Tail, L50|\n|poke|p2|Miraidon, L50|\n|poke|p2|Koraidon, L50|\n|poke|p2|Flutter Mane, L50|\n|poke|p2|Landorus, L50, M|\n|poke|p2|Toxapex, L50, F|\n|poke|p2|Incineroar, L50, M|\n|teampreview|4\n|inactive|Battle timer is ON: inactive players will automatically lose when time's up. (requested by swordsdanceurshifu)\n|inactive|swordsdanceurshifu has 60 seconds left.\n|\n|t:|1773668841\n|teamsize|p1|4\n|teamsize|p2|4\n|start\n|switch|p1a: Weezing|Weezing, L50, M|100/100\n|switch|p1b: Scream Tail|Scream Tail, L50|100/100\n|switch|p2a: Miraidon|Miraidon, L50|100/100\n|switch|p2b: Incineroar|Incineroar, L50, M|100/100\n|-ability|p1a: Weezing|Neutralizing Gas\n|turn|1\n|inactive|swordsdanceurshifu has 30 seconds left.\n|inactive|swordsdanceurshifu has 20 seconds left.\n|inactive|swordsdanceurshifu has 15 seconds left.\n|\n|t:|1773668884\n|move|p1b: Scream Tail|Protect|p1b: Scream Tail\n|-singleturn|p1b: Scream Tail|Protect\n|move|p1a: Weezing|Protect|p1a: Weezing\n|-singleturn|p1a: Weezing|Protect\n|move|p2a: Miraidon|Volt Switch|p1a: Weezing\n|-activate|p1a: Weezing|move: Protect\n|move|p2b: Incineroar|Knock Off|p1a: Weezing\n|-activate|p1a: Weezing|move: Protect\n|\n|upkeep\n|turn|2\n|\n|t:|1773668903\n|switch|p2a: Toxapex|Toxapex, L50, F|100/100\n|-end|p1a: Weezing|ability: Neutralizing Gas\n|-ability|p2b: Incineroar|Intimidate|boost\n|-unboost|p1a: Weezing|atk|1\n|-unboost|p1b: Scream Tail|atk|1\n|switch|p1a: Kyogre|Kyogre, L50|100/100\n|-enditem|p1b: Scream Tail|Booster Energy\n|-activate|p1b: Scream Tail|ability: Protosynthesis|[fromitem]\n|-start|p1b: Scream Tail|protosynthesisspe\n|-weather|RainDance|[from] ability: Drizzle|[of] p1a: Kyogre\n|move|p1b: Scream Tail|Disable||[still]\n|-fail|p1b: Scream Tail\n|move|p2b: Incineroar|U-turn|p1b: Scream Tail\n|-damage|p1b: Scream Tail|82/100\n|\n|t:|1773668917\n|switch|p2b: Koraidon|Koraidon, L50|100/100|[from] U-turn\n|-weather|SunnyDay|[from] ability: Orichalcum Pulse|[of] p2b: Koraidon\n|-activate|p2b: Koraidon|Orichalcum Pulse|[source]\n|\n|-weather|SunnyDay|[upkeep]\n|upkeep\n|turn|3\n|inactive|swordsdanceurshifu has 30 seconds left.\n|\n|t:|1773668952\n|switch|p1a: Weezing|Weezing, L50, M|100/100\n|-ability|p1a: Weezing|Neutralizing Gas\n|switch|p2b: Incineroar|Incineroar, L50, M|100/100\n|move|p1b: Scream Tail|Protect|p1b: Scream Tail\n|-singleturn|p1b: Scream Tail|Protect\n|move|p2a: Toxapex|Toxic|p1b: Scream Tail\n|-activate|p1b: Scream Tail|move: Protect\n|\n|-weather|SunnyDay|[upkeep]\n|upkeep\n|turn|4\n|\n|t:|1773668974\n|move|p2b: Incineroar|Fake Out|p1b: Scream Tail\n|-damage|p1b: Scream Tail|71/100\n|cant|p1b: Scream Tail|flinch\n|move|p1a: Weezing|Taunt|p2a: Toxapex\n|-start|p2a: Toxapex|move: Taunt\n|cant|p2a: Toxapex|move: Taunt|Toxic\n|\n|-weather|SunnyDay|[upkeep]\n|upkeep\n|turn|5\n|inactive|swordsdanceurshifu has 30 seconds left.\n|\n|t:|1773669000\n|switch|p2b: Koraidon|Koraidon, L50|100/100\n|switch|p2a: Miraidon|Miraidon, L50|100/100\n|move|p1b: Scream Tail|Protect|p1b: Scream Tail\n|-singleturn|p1b: Scream Tail|Protect\n|move|p1a: Weezing|Sludge Bomb|p2b: Koraidon\n|-damage|p2b: Koraidon|79/100\n|\n|-weather|SunnyDay|[upkeep]\n|upkeep\n|turn|6\n|inactive|PR340Test has 30 seconds left.\n|\n|t:|1773669029\n|move|p1a: Weezing|Protect|p1a: Weezing\n|-singleturn|p1a: Weezing|Protect\n|move|p2a: Miraidon|Electro Drift|p1a: Weezing\n|-activate|p1a: Weezing|move: Protect\n|move|p1b: Scream Tail|Dazzling Gleam|p2b: Koraidon|[spread] p2a,p2b\n|-supereffective|p2a: Miraidon\n|-supereffective|p2b: Koraidon\n|-crit|p2b: Koraidon\n|-damage|p2a: Miraidon|78/100\n|-damage|p2b: Koraidon|0 fnt\n|faint|p2b: Koraidon\n|\n|-weather|none\n|upkeep\n|\n|t:|1773669044\n|switch|p2b: Toxapex|Toxapex, L50, F|100/100\n|turn|7\n|\n|t:|1773669050\n|-terastallize|p2a: Miraidon|Electric\n|move|p2a: Miraidon|Electro Drift|p1a: Weezing\n|-damage|p1a: Weezing|19/100\n|move|p1b: Scream Tail|Disable|p2a: Miraidon\n|-start|p2a: Miraidon|Disable|Electro Drift\n|move|p1a: Weezing|Taunt|p2b: Toxapex\n|-start|p2b: Toxapex|move: Taunt\n|cant|p2b: Toxapex|move: Taunt|Toxic\n|\n|-heal|p1a: Weezing|25/100|[from] item: Leftovers\n|upkeep\n|turn|8\n|-message|swordsdanceurshifu forfeited.\n|\n|win|PR340Test\n|raw|PR340Test's rating: 1158 &rarr; <strong>1190</strong><br />(+32 for winning)\n|raw|swordsdanceurshifu's rating: 1256 &rarr; <strong>1224</strong><br />(-32 for losing)\n|l|\u2606swordsdanceurshifu\n|player|p2|\n|c|\u2606PR340Test|scarf?\n|l|\u2606PR340Test\n|player|p1|\n","uploadtime":1773669282,"views":13,"formatid":"gen9vgc2026regi","rating":1190,"private":0,"password":null}