{"id":"gen9vgc2026regi-2529799113","format":"[Gen 9] VGC 2026 Reg I","players":["Wuyyy","ky123456"],"log":"|j|\u2606Wuyyy\n|j|\u2606ky123456\n|t:|1769825878\n|gametype|doubles\n|player|p1|Wuyyy|266|1444\n|player|p2|ky123456|cynthia-gen4|1609\n|gen|9\n|tier|[Gen 9] VGC 2026 Reg I\n|rated|\n|rule|Species Clause: Limit one of each Pok\u00e9mon\n|rule|Item Clause: Limit 1 of each item\n|clearpoke\n|poke|p1|Ninetales-Alola, L50, F|\n|poke|p1|Miraidon, L50|\n|poke|p1|Clefairy, L50, F|\n|poke|p1|Calyrex-Ice, L50|\n|poke|p1|Volcarona, L50, M|\n|poke|p1|Raging Bolt, L50|\n|poke|p2|Kyogre, L50|\n|poke|p2|Calyrex-Ice, L50|\n|poke|p2|Grimmsnarl, L50, M|\n|poke|p2|Rillaboom, L50, F|\n|poke|p2|Landorus, L50, M|\n|poke|p2|Urshifu-*, L50, F|\n|teampreview|4\n|inactive|Battle timer is ON: inactive players will automatically lose when time's up. (requested by Wuyyy)\n|j| dodino\n|j| afdragonite\n|l| dodino\n|inactive|Wuyyy has 60 seconds left.\n|\n|t:|1769825931\n|teamsize|p1|4\n|teamsize|p2|4\n|start\n|switch|p1a: Ninetales|Ninetales-Alola, L50, F|100/100\n|switch|p1b: Calyrex|Calyrex-Ice, L50|100/100\n|switch|p2a: Calyrex|Calyrex-Ice, L50|100/100\n|switch|p2b: Grimmsnarl|Grimmsnarl, L50, M|100/100\n|-ability|p1b: Calyrex|As One\n|-ability|p1b: Calyrex|Unnerve\n|-ability|p2a: Calyrex|As One\n|-ability|p2a: Calyrex|Unnerve\n|-weather|Snowscape|[from] ability: Snow Warning|[of] p1a: Ninetales\n|turn|1\n|\n|t:|1769825955\n|move|p2b: Grimmsnarl|Reflect|p2b: Grimmsnarl\n|-sidestart|p2: ky123456|Reflect\n|move|p1a: Ninetales|Aurora Veil|p1a: Ninetales\n|-sidestart|p1: Wuyyy|move: Aurora Veil\n|move|p1b: Calyrex|Glacial Lance|p2b: Grimmsnarl|[spread] p2a,p2b\n|-resisted|p2a: Calyrex\n|-damage|p2a: Calyrex|92/100\n|-damage|p2b: Grimmsnarl|69/100\n|move|p2a: Calyrex|Leech Seed|p1b: Calyrex\n|-start|p1b: Calyrex|move: Leech Seed\n|\n|-weather|Snowscape|[upkeep]\n|-heal|p2a: Calyrex|98/100|[from] item: Leftovers\n|-damage|p1b: Calyrex|88/100|[from] Leech Seed|[of] p2a: Calyrex\n|-heal|p2a: Calyrex|100/100|[silent]\n|upkeep\n|turn|2\n|inactive|Wuyyy has 30 seconds left.\n|inactive|Wuyyy has 20 seconds left.\n|\n|t:|1769825990\n|switch|p1b: Miraidon|Miraidon, L50|100/100\n|-fieldstart|move: Electric Terrain|[from] ability: Hadron Engine|[of] p1b: Miraidon\n|switch|p2a: Kyogre|Kyogre, L50|100/100\n|-weather|RainDance|[from] ability: Drizzle|[of] p2a: Kyogre\n|move|p1a: Ninetales|Disable||[still]\n|-fail|p1a: Ninetales\n|move|p2b: Grimmsnarl|Foul Play|p1b: Miraidon\n|-damage|p1b: Miraidon|84/100\n|\n|-weather|RainDance|[upkeep]\n|upkeep\n|turn|3\n|inactive|Wuyyy has 30 seconds left.\n|inactive|ky123456 has 30 seconds left.\n|inactive|Wuyyy has 20 seconds left.\n|inactive|Wuyyy has 15 seconds left.\n|\n|t:|1769826031\n|switch|p1a: Clefairy|Clefairy, L50, F|100/100\n|-terastallize|p2a: Kyogre|Grass\n|move|p2b: Grimmsnarl|Light Screen|p2b: Grimmsnarl\n|-sidestart|p2: ky123456|move: Light Screen\n|move|p1b: Miraidon|Volt Switch|p2b: Grimmsnarl\n|-damage|p2b: Grimmsnarl|23/100\n|\n|t:|1769826040\n|switch|p1b: Ninetales|Ninetales-Alola, L50, F|100/100|[from] Volt Switch\n|-weather|Snowscape|[from] ability: Snow Warning|[of] p1b: Ninetales\n|move|p2a: Kyogre|Origin Pulse|p1a: Clefairy|[spread] p1a\n|-miss|p2a: Kyogre|p1b: Ninetales\n|-damage|p1a: Clefairy|69/100\n|\n|-weather|Snowscape|[upkeep]\n|upkeep\n|turn|4\n|\n|t:|1769826061\n|switch|p1a: Calyrex|Calyrex-Ice, L50|88/100\n|-ability|p1a: Calyrex|As One\n|-ability|p1a: Calyrex|Unnerve\n|move|p2b: Grimmsnarl|Thunder Wave|p1b: Ninetales\n|-status|p1b: Ninetales|par\n|move|p2a: Kyogre|Water Spout|p1b: Ninetales|[spread] p1a,p1b\n|-damage|p1a: Calyrex|54/100\n|-damage|p1b: Ninetales|53/100 par\n|move|p1b: Ninetales|Disable|p2a: Kyogre\n|-start|p2a: Kyogre|Disable|Water Spout\n|\n|-weather|Snowscape|[upkeep]\n|upkeep\n|turn|5\n|inactive|Wuyyy has 30 seconds left.\n|\n|t:|1769826095\n|switch|p2a: Calyrex|Calyrex-Ice, L50|100/100\n|-ability|p2a: Calyrex|As One\n|-ability|p2a: Calyrex|Unnerve\n|switch|p1b: Clefairy|Clefairy, L50, F|69/100\n|move|p2b: Grimmsnarl|Foul Play|p1a: Calyrex\n|-supereffective|p1a: Calyrex\n|-damage|p1a: Calyrex|30/100\n|move|p1a: Calyrex|Glacial Lance|p2b: Grimmsnarl|[spread] p2a,p2b\n|-resisted|p2a: Calyrex\n|-damage|p2a: Calyrex|93/100\n|-damage|p2b: Grimmsnarl|0 fnt\n|faint|p2b: Grimmsnarl\n|-ability|p1a: Calyrex|Chilling Neigh|boost\n|-boost|p1a: Calyrex|atk|1\n|\n|-weather|Snowscape|[upkeep]\n|-heal|p2a: Calyrex|99/100|[from] item: Leftovers\n|upkeep\n|\n|t:|1769826114\n|switch|p2b: Kyogre|Kyogre, L50, tera:Grass|100/100\n|-weather|RainDance|[from] ability: Drizzle|[of] p2b: Kyogre\n|turn|6\n|inactive|Wuyyy has 30 seconds left.\n|inactive|Wuyyy has 20 seconds left.\n|inactive|Wuyyy has 15 seconds left.\n|inactive|Wuyyy has 10 seconds left.\n|\n|t:|1769826163\n|move|p1a: Calyrex|Protect|p1a: Calyrex\n|-singleturn|p1a: Calyrex|Protect\n|move|p2b: Kyogre|Water Spout|p1a: Calyrex|[spread] p1b\n|-activate|p1a: Calyrex|move: Protect\n|-damage|p1b: Clefairy|6/100\n|move|p2a: Calyrex|Glacial Lance|p1b: Clefairy|[spread] p1b\n|-activate|p1a: Calyrex|move: Protect\n|-damage|p1b: Clefairy|0 fnt\n|faint|p1b: Clefairy\n|-ability|p2a: Calyrex|Chilling Neigh|boost\n|-boost|p2a: Calyrex|atk|1\n|\n|-weather|RainDance|[upkeep]\n|-heal|p2a: Calyrex|100/100|[from] item: Leftovers\n|-fieldend|move: Electric Terrain\n|upkeep\n|\n|t:|1769826172\n|switch|p1b: Ninetales|Ninetales-Alola, L50, F|53/100 par\n|-weather|Snowscape|[from] ability: Snow Warning|[of] p1b: Ninetales\n|turn|7\n|inactive|Wuyyy has 30 seconds left.\n|\n|t:|1769826200\n|switch|p1a: Miraidon|Miraidon, L50|84/100\n|-fieldstart|move: Electric Terrain|[from] ability: Hadron Engine|[of] p1a: Miraidon\n|move|p2b: Kyogre|Water Spout|p1a: Miraidon|[spread] p1a,p1b\n|-resisted|p1a: Miraidon\n|-damage|p1a: Miraidon|64/100\n|-damage|p1b: Ninetales|7/100 par\n|move|p1b: Ninetales|Disable|p2a: Calyrex\n|-start|p2a: Calyrex|Disable|Glacial Lance\n|cant|p2a: Calyrex|Disable|Glacial Lance\n|\n|-weather|Snowscape|[upkeep]\n|upkeep\n|turn|8\n|inactive|Wuyyy has 30 seconds left.\n|\n|t:|1769826234\n|switch|p2a: Rillaboom|Rillaboom, L50, F|100/100\n|-fieldstart|move: Grassy Terrain|[from] ability: Grassy Surge|[of] p2a: Rillaboom\n|move|p1b: Ninetales|Protect|p1b: Ninetales\n|-singleturn|p1b: Ninetales|Protect\n|move|p1a: Miraidon|Draco Meteor|p2b: Kyogre\n|-damage|p2b: Kyogre|77/100\n|-unboost|p1a: Miraidon|spa|2\n|move|p2b: Kyogre|Ice Beam|p1a: Miraidon\n|-supereffective|p1a: Miraidon\n|-damage|p1a: Miraidon|20/100\n|\n|-weather|Snowscape|[upkeep]\n|-heal|p1a: Miraidon|27/100|[from] Grassy Terrain\n|-heal|p2b: Kyogre|83/100|[from] Grassy Terrain\n|-heal|p1b: Ninetales|13/100 par|[from] Grassy Terrain\n|-sideend|p2: ky123456|Reflect\n|-sideend|p1: Wuyyy|move: Aurora Veil\n|upkeep\n|turn|9\n|inactive|ky123456 has 30 seconds left.\n|\n|t:|1769826266\n|switch|p1b: Calyrex|Calyrex-Ice, L50|30/100\n|-ability|p1b: Calyrex|As One\n|-ability|p1b: Calyrex|Unnerve\n|move|p2a: Rillaboom|Grassy Glide|p1b: Calyrex\n|-damage|p1b: Calyrex|11/100\n|move|p1a: Miraidon|Draco Meteor|p2b: Kyogre\n|-damage|p2b: Kyogre|71/100\n|-unboost|p1a: Miraidon|spa|2\n|move|p2b: Kyogre|Ice Beam|p1a: Miraidon\n|-supereffective|p1a: Miraidon\n|-damage|p1a: Miraidon|0 fnt\n|faint|p1a: Miraidon\n|\n|-weather|Snowscape|[upkeep]\n|-heal|p2b: Kyogre|77/100|[from] Grassy Terrain\n|-heal|p1b: Calyrex|17/100|[from] Grassy Terrain\n|upkeep\n|-message|Wuyyy forfeited.\n|\n|win|ky123456\n|raw|Wuyyy's rating: 1444 &rarr; <strong>1433</strong><br />(-11 for losing)\n|raw|ky123456's rating: 1609 &rarr; <strong>1620</strong><br />(+11 for winning)\n|l|\u2606Wuyyy\n|player|p1|\n|l|\u2606ky123456\n|player|p2|\n|l| afdragonite\n","uploadtime":1769826447,"views":24,"formatid":"gen9vgc2026regi","rating":1433,"private":0,"password":null}