{"id":"gen9vgc2026regi-2588714403","format":"[Gen 9] VGC 2026 Reg I","players":["clessvgc","asdcca"],"log":"|j|\u2606clessvgc\n|j|\u2606asdcca\n|t:|1776661048\n|gametype|doubles\n|player|p1|clessvgc|proton|1457\n|player|p2|asdcca|1|1518\n|gen|9\n|tier|[Gen 9] VGC 2026 Reg I\n|rated|\n|rule|Species Clause: Limit one of each Pok\u00e9mon\n|rule|Item Clause: Limit 1 of each item\n|clearpoke\n|poke|p1|Landorus-Therian, L50, M|\n|poke|p1|Calyrex-Shadow, L50|\n|poke|p1|Iron Moth, L50|\n|poke|p1|Tornadus, L50, M|\n|poke|p1|Tinkaton, L50, F|\n|poke|p1|Kyogre, L50|\n|poke|p2|Whimsicott, L50, F|\n|poke|p2|Miraidon, L50|\n|poke|p2|Ursaluna, L50, M|\n|poke|p2|Incineroar, L50, M|\n|poke|p2|Urshifu-*, L50, F|\n|poke|p2|Lunala, L50|\n|teampreview|4\n|inactive|Battle timer is ON: inactive players will automatically lose when time's up. (requested by clessvgc)\n|inactive|asdcca has 60 seconds left.\n|\n|t:|1776661091\n|teamsize|p1|4\n|teamsize|p2|4\n|start\n|switch|p1a: Tinkaton|Tinkaton, L50, F|100/100\n|switch|p1b: Iron Moth|Iron Moth, L50|100/100\n|switch|p2a: Miraidon|Miraidon, L50|100/100\n|switch|p2b: Lunala|Lunala, L50|100/100\n|-fieldstart|move: Electric Terrain|[from] ability: Hadron Engine|[of] p2a: Miraidon\n|-activate|p1b: Iron Moth|ability: Quark Drive\n|-start|p1b: Iron Moth|quarkdrivespa\n|-enditem|p2b: Lunala|Electric Seed\n|-boost|p2b: Lunala|def|1|[from] item: Electric Seed\n|-ability|p1a: Tinkaton|Mold Breaker\n|turn|1\n|inactive|asdcca has 30 seconds left.\n|\n|t:|1776661121\n|move|p1a: Tinkaton|Fake Out|p2a: Miraidon\n|-damage|p2a: Miraidon|94/100\n|cant|p2a: Miraidon|flinch\n|move|p1b: Iron Moth|Heat Wave|p2b: Lunala|[spread] p2a\n|-miss|p1b: Iron Moth|p2b: Lunala\n|-resisted|p2a: Miraidon\n|-damage|p2a: Miraidon|67/100\n|-damage|p1b: Iron Moth|91/100|[from] item: Life Orb\n|move|p2b: Lunala|Moongeist Beam|p1a: Tinkaton\n|-damage|p1a: Tinkaton|77/100\n|\n|upkeep\n|turn|2\n|\n|t:|1776661143\n|move|p1b: Iron Moth|Protect|p1b: Iron Moth\n|-singleturn|p1b: Iron Moth|Protect\n|move|p2a: Miraidon|Volt Switch|p1a: Tinkaton\n|-damage|p1a: Tinkaton|36/100\n|-damage|p2a: Miraidon|57/100|[from] item: Life Orb\n|\n|t:|1776661149\n|switch|p2a: Ursaluna|Ursaluna, L50, M|100/100|[from] Volt Switch\n|move|p1a: Tinkaton|Play Rough|p2a: Ursaluna\n|-damage|p2a: Ursaluna|87/100\n|move|p2b: Lunala|Trick Room|p2b: Lunala\n|-fieldstart|move: Trick Room|[of] p2b: Lunala\n|\n|-status|p2a: Ursaluna|brn|[from] item: Flame Orb\n|upkeep\n|turn|3\n|\n|t:|1776661166\n|switch|p1a: Landorus|Landorus-Therian, L50, M|100/100\n|-ability|p1a: Landorus|Intimidate|boost\n|-unboost|p2a: Ursaluna|atk|1\n|-unboost|p2b: Lunala|atk|1\n|-terastallize|p1b: Iron Moth|Grass\n|move|p2b: Lunala|Wide Guard|p2b: Lunala\n|-singleturn|p2b: Lunala|Wide Guard\n|move|p2a: Ursaluna|Earthquake|p1a: Landorus|[spread] p1b\n|-activate|p2b: Lunala|move: Wide Guard\n|-immune|p1a: Landorus\n|-resisted|p1b: Iron Moth\n|-damage|p1b: Iron Moth|56/100\n|move|p1b: Iron Moth|Energy Ball|p2a: Ursaluna\n|-supereffective|p2a: Ursaluna\n|-damage|p2a: Ursaluna|0 fnt\n|faint|p2a: Ursaluna\n|-damage|p1b: Iron Moth|47/100|[from] item: Life Orb\n|\n|upkeep\n|\n|t:|1776661185\n|switch|p2a: Incineroar|Incineroar, L50, M|100/100\n|-ability|p2a: Incineroar|Intimidate|boost\n|-unboost|p1a: Landorus|atk|1\n|-unboost|p1b: Iron Moth|atk|1\n|turn|4\n|\n|t:|1776661201\n|-end|p1b: Iron Moth|Quark Drive|[silent]\n|switch|p1b: Kyogre|Kyogre, L50|100/100\n|-weather|RainDance|[from] ability: Drizzle|[of] p1b: Kyogre\n|-terastallize|p2a: Incineroar|Bug\n|move|p2a: Incineroar|Flare Blitz|p1b: Kyogre\n|-resisted|p1b: Kyogre\n|-damage|p1b: Kyogre|87/100\n|-damage|p2a: Incineroar|97/100|[from] Recoil\n|move|p2b: Lunala|Moongeist Beam|p1a: Landorus\n|-damage|p1a: Landorus|26/100\n|move|p1a: Landorus|U-turn|p2b: Lunala\n|-damage|p2b: Lunala|95/100\n|\n|t:|1776661215\n|switch|p1a: Tinkaton|Tinkaton, L50, F|36/100|[from] U-turn\n|-ability|p1a: Tinkaton|Mold Breaker\n|\n|-weather|RainDance|[upkeep]\n|upkeep\n|turn|5\n|\n|t:|1776661231\n|move|p1a: Tinkaton|Feint|p2a: Incineroar\n|-damage|p2a: Incineroar|93/100\n|move|p2a: Incineroar|Knock Off|p1b: Kyogre\n|-damage|p1b: Kyogre|45/100\n|-enditem|p1b: Kyogre|Mystic Water|[from] move: Knock Off|[of] p2a: Incineroar\n|move|p2b: Lunala|Moongeist Beam|p1a: Tinkaton\n|-damage|p1a: Tinkaton|13/100\n|move|p1b: Kyogre|Origin Pulse|p2a: Incineroar|[spread] p2a,p2b\n|-damage|p2a: Incineroar|51/100\n|-damage|p2b: Lunala|50/100\n|\n|-weather|RainDance|[upkeep]\n|-fieldend|move: Electric Terrain\n|upkeep\n|turn|6\n|\n|t:|1776661253\n|switch|p1a: Landorus|Landorus-Therian, L50, M|26/100\n|-ability|p1a: Landorus|Intimidate|boost\n|-unboost|p2a: Incineroar|atk|1\n|-unboost|p2b: Lunala|atk|1\n|move|p1b: Kyogre|Protect|p1b: Kyogre\n|-singleturn|p1b: Kyogre|Protect\n|move|p2a: Incineroar|U-turn|p1a: Landorus\n|-resisted|p1a: Landorus\n|-damage|p1a: Landorus|15/100\n|\n|t:|1776661262\n|switch|p2a: Miraidon|Miraidon, L50|57/100|[from] U-turn\n|-fieldstart|move: Electric Terrain|[from] ability: Hadron Engine|[of] p2a: Miraidon\n|move|p2b: Lunala|Moongeist Beam|p1b: Kyogre\n|-activate|p1b: Kyogre|move: Protect\n|\n|-weather|RainDance|[upkeep]\n|-fieldend|move: Trick Room\n|upkeep\n|turn|7\n|\n|t:|1776661281\n|switch|p2b: Incineroar|Incineroar, L50, M, tera:Bug|51/100\n|-ability|p2b: Incineroar|Intimidate|boost\n|-unboost|p1a: Landorus|atk|1\n|-unboost|p1b: Kyogre|atk|1\n|move|p2a: Miraidon|Protect|p2a: Miraidon\n|-singleturn|p2a: Miraidon|Protect\n|move|p1a: Landorus|Stomping Tantrum|p2a: Miraidon\n|-activate|p2a: Miraidon|move: Protect\n|move|p1b: Kyogre|Origin Pulse|p2b: Incineroar|[spread] p2b\n|-activate|p2a: Miraidon|move: Protect\n|-damage|p2b: Incineroar|1/100\n|\n|-weather|RainDance|[upkeep]\n|upkeep\n|turn|8\n|inactive|clessvgc has 30 seconds left.\n|inactive|asdcca has 30 seconds left.\n|\n|t:|1776661314\n|switch|p1a: Tinkaton|Tinkaton, L50, F|13/100\n|-ability|p1a: Tinkaton|Mold Breaker\n|switch|p2b: Lunala|Lunala, L50|50/100\n|move|p1b: Kyogre|Protect|p1b: Kyogre\n|-singleturn|p1b: Kyogre|Protect\n|move|p2a: Miraidon|Volt Switch|p1b: Kyogre\n|-activate|p1b: Kyogre|move: Protect\n|\n|-weather|none\n|upkeep\n|turn|9\n|inactive|asdcca has 30 seconds left.\n|inactive|asdcca has 20 seconds left.\n|inactive|asdcca has 15 seconds left.\n|inactive|asdcca has 10 seconds left.\n|\n|t:|1776661360\n|move|p2a: Miraidon|Protect|p2a: Miraidon\n|-singleturn|p2a: Miraidon|Protect\n|move|p1a: Tinkaton|Fake Out|p2a: Miraidon\n|-activate|p2a: Miraidon|move: Protect\n|move|p1b: Kyogre|Origin Pulse|p2a: Miraidon|[spread] p2b\n|-activate|p2a: Miraidon|move: Protect\n|-damage|p2b: Lunala|20/100\n|move|p2b: Lunala|Moongeist Beam|p1a: Tinkaton\n|-damage|p1a: Tinkaton|0 fnt\n|faint|p1a: Tinkaton\n|\n|upkeep\n|\n|t:|1776661371\n|switch|p1a: Landorus|Landorus-Therian, L50, M|15/100\n|-ability|p1a: Landorus|Intimidate|boost\n|-unboost|p2a: Miraidon|atk|1\n|-unboost|p2b: Lunala|atk|1\n|turn|10\n|\n|t:|1776661384\n|move|p2b: Lunala|Wide Guard|p2b: Lunala\n|-singleturn|p2b: Lunala|Wide Guard\n|move|p1a: Landorus|Stomping Tantrum|p2a: Miraidon\n|-supereffective|p2a: Miraidon\n|-damage|p2a: Miraidon|0 fnt\n|faint|p2a: Miraidon\n|move|p1b: Kyogre|Ice Beam|p2b: Lunala\n|-damage|p2b: Lunala|0 fnt\n|faint|p2b: Lunala\n|\n|-fieldend|move: Electric Terrain\n|upkeep\n|-message|asdcca forfeited.\n|\n|win|clessvgc\n|raw|clessvgc's rating: 1457 &rarr; <strong>1480</strong><br />(+23 for winning)\n|raw|asdcca's rating: 1518 &rarr; <strong>1495</strong><br />(-23 for losing)\n|l|\u2606asdcca\n|player|p2|\n|l|\u2606clessvgc\n|player|p1|\n","uploadtime":1776661542,"views":10,"formatid":"gen9vgc2026regi","rating":1480,"private":0,"password":null}