{"id":"gen9vgc2026regi-2550277674","format":"[Gen 9] VGC 2026 Reg I","players":["bola696","LechonkBro"],"log":"|j|\u2606bola696\n|j|\u2606LechonkBro\n|t:|1772473006\n|gametype|doubles\n|player|p1|bola696|red|1473\n|player|p2|LechonkBro|2|1519\n|gen|9\n|tier|[Gen 9] VGC 2026 Reg I\n|rated|\n|rule|Species Clause: Limit one of each Pok\u00e9mon\n|rule|Item Clause: Limit 1 of each item\n|clearpoke\n|poke|p1|Terapagos, L50, M|\n|poke|p1|Incineroar, L50, F|\n|poke|p1|Flutter Mane, L50|\n|poke|p1|Miraidon, L50|\n|poke|p1|Smeargle, L50, M|\n|poke|p1|Urshifu-*, L50, M|\n|poke|p2|Chien-Pao, L50|\n|poke|p2|Calyrex-Shadow, L50|\n|poke|p2|Dondozo, L50, M|\n|poke|p2|Zamazenta-*, L50|\n|poke|p2|Dragonite, L50, M|\n|poke|p2|Tatsugiri, L50, M|\n|teampreview|4\n|inactive|Battle timer is ON: inactive players will automatically lose when time's up. (requested by LechonkBro)\n|\n|t:|1772473027\n|teamsize|p1|4\n|teamsize|p2|4\n|start\n|switch|p1a: Terapagos|Terapagos, L50, M|100/100\n|switch|p1b: Smeargle|Smeargle, L50, M, shiny|100/100\n|switch|p2a: Calyrex|Calyrex-Shadow, L50|100/100\n|switch|p2b: Dragonite|Dragonite, L50, M|100/100\n|-activate|p1a: Terapagos|ability: Tera Shift\n|detailschange|p1a: Terapagos|Terapagos-Terastal, L50, M\n|-heal|p1a: Terapagos|100/100|[silent]\n|-ability|p2a: Calyrex|As One\n|-ability|p2a: Calyrex|Unnerve\n|turn|1\n|\n|t:|1772473051\n|move|p2a: Calyrex|Trick|p1a: Terapagos\n|-activate|p2a: Calyrex|move: Trick|[of] p1a: Terapagos\n|-item|p1a: Terapagos|Choice Scarf|[from] move: Trick\n|-item|p2a: Calyrex|Electric Seed|[from] move: Trick\n|move|p1a: Terapagos|Calm Mind|p1a: Terapagos\n|-boost|p1a: Terapagos|spa|1\n|-boost|p1a: Terapagos|spd|1\n|move|p1b: Smeargle|Spore|p2a: Calyrex\n|-status|p2a: Calyrex|slp|[from] move: Spore\n|move|p2b: Dragonite|Outrage|p1a: Terapagos\n|-activate|p1a: Terapagos|ability: Tera Shell\n|-resisted|p1a: Terapagos\n|-damage|p1a: Terapagos|53/100\n|\n|-ability|p1b: Smeargle|Moody|boost\n|-boost|p1b: Smeargle|spd|2\n|-unboost|p1b: Smeargle|atk|1\n|upkeep\n|turn|2\n|\n|t:|1772473068\n|switch|p1a: Flutter Mane|Flutter Mane, L50, shiny|100/100\n|-enditem|p1a: Flutter Mane|Booster Energy\n|-activate|p1a: Flutter Mane|ability: Protosynthesis|[fromitem]\n|-start|p1a: Flutter Mane|protosynthesisspe\n|cant|p2a: Calyrex|slp\n|move|p1b: Smeargle|Spore|p2b: Dragonite\n|-status|p2b: Dragonite|slp|[from] move: Spore\n|cant|p2b: Dragonite|slp\n|\n|-ability|p1b: Smeargle|Moody|boost\n|-boost|p1b: Smeargle|atk|2\n|-unboost|p1b: Smeargle|spe|1\n|upkeep\n|turn|3\n|\n|t:|1772473085\n|move|p1a: Flutter Mane|Shadow Ball|p2a: Calyrex\n|-supereffective|p2a: Calyrex\n|-damage|p2a: Calyrex|0 fnt\n|faint|p2a: Calyrex\n|cant|p2b: Dragonite|slp\n|move|p1b: Smeargle|Tailwind|p1b: Smeargle\n|-sidestart|p1: bola696|move: Tailwind\n|\n|-ability|p1b: Smeargle|Moody|boost\n|-boost|p1b: Smeargle|spa|2\n|-unboost|p1b: Smeargle|spe|1\n|upkeep\n|\n|t:|1772473096\n|switch|p2a: Zamazenta|Zamazenta-Crowned, L50|100/100\n|-ability|p2a: Zamazenta|Dauntless Shield|boost\n|-boost|p2a: Zamazenta|def|1\n|turn|4\n|\n|t:|1772473109\n|move|p1a: Flutter Mane|Protect|p1a: Flutter Mane\n|-singleturn|p1a: Flutter Mane|Protect\n|move|p2a: Zamazenta|Protect|p2a: Zamazenta\n|-singleturn|p2a: Zamazenta|Protect\n|move|p1b: Smeargle|Spore|p2a: Zamazenta\n|-activate|p2a: Zamazenta|move: Protect\n|cant|p2b: Dragonite|slp\n|\n|-ability|p1b: Smeargle|Moody|boost\n|-boost|p1b: Smeargle|spe|2\n|-unboost|p1b: Smeargle|def|1\n|upkeep\n|turn|5\n|\n|t:|1772473127\n|move|p1a: Flutter Mane|Icy Wind|p2a: Zamazenta|[spread] p2a,p2b\n|-resisted|p2a: Zamazenta\n|-supereffective|p2b: Dragonite\n|-damage|p2a: Zamazenta|95/100\n|-damage|p2b: Dragonite|49/100 slp\n|-unboost|p2a: Zamazenta|spe|1\n|-unboost|p2b: Dragonite|spe|1\n|move|p1b: Smeargle|Spore|p2a: Zamazenta\n|-status|p2a: Zamazenta|slp|[from] move: Spore\n|cant|p2a: Zamazenta|slp\n|-curestatus|p2b: Dragonite|slp|[msg]\n|move|p2b: Dragonite|Outrage|p1a: Flutter Mane\n|-immune|p1a: Flutter Mane\n|\n|-ability|p1b: Smeargle|Moody|boost\n|-boost|p1b: Smeargle|spe|2\n|-unboost|p1b: Smeargle|spd|1\n|upkeep\n|turn|6\n|\n|t:|1772473147\n|move|p1b: Smeargle|Follow Me|p1b: Smeargle\n|-singleturn|p1b: Smeargle|move: Follow Me\n|move|p1a: Flutter Mane|Icy Wind|p2b: Dragonite|[spread] p2a,p2b\n|-resisted|p2a: Zamazenta\n|-supereffective|p2b: Dragonite\n|-damage|p2a: Zamazenta|89/100 slp\n|-damage|p2b: Dragonite|0 fnt\n|-unboost|p2a: Zamazenta|spe|1\n|faint|p2b: Dragonite\n|cant|p2a: Zamazenta|slp\n|\n|-sideend|p1: bola696|move: Tailwind\n|-ability|p1b: Smeargle|Moody|boost\n|-boost|p1b: Smeargle|spd|2\n|-unboost|p1b: Smeargle|spe|1\n|upkeep\n|\n|t:|1772473159\n|switch|p2b: Chien-Pao|Chien-Pao, L50|100/100\n|-ability|p2b: Chien-Pao|Sword of Ruin\n|turn|7\n|\n|t:|1772473172\n|move|p1a: Flutter Mane|Protect|p1a: Flutter Mane\n|-singleturn|p1a: Flutter Mane|Protect\n|move|p2b: Chien-Pao|Protect|p2b: Chien-Pao\n|-singleturn|p2b: Chien-Pao|Protect\n|move|p1b: Smeargle|Spore|p2b: Chien-Pao\n|-activate|p2b: Chien-Pao|move: Protect\n|cant|p2a: Zamazenta|slp\n|\n|-ability|p1b: Smeargle|Moody|boost\n|-boost|p1b: Smeargle|spa|2\n|-unboost|p1b: Smeargle|spe|1\n|upkeep\n|turn|8\n|inactive|LechonkBro has 30 seconds left.\n|\n|t:|1772473199\n|move|p1a: Flutter Mane|Protect|p1a: Flutter Mane\n|-singleturn|p1a: Flutter Mane|Protect\n|move|p2b: Chien-Pao|Sucker Punch||[still]\n|-fail|p2b: Chien-Pao\n|move|p1b: Smeargle|Spore|p2b: Chien-Pao\n|-status|p2b: Chien-Pao|slp|[from] move: Spore\n|-curestatus|p2a: Zamazenta|slp|[msg]\n|move|p2a: Zamazenta|Behemoth Bash|p1a: Flutter Mane\n|-activate|p1a: Flutter Mane|move: Protect\n|\n|-ability|p1b: Smeargle|Moody|boost\n|-boost|p1b: Smeargle|def|2\n|-unboost|p1b: Smeargle|spd|1\n|upkeep\n|turn|9\n|\n|t:|1772473217\n|move|p1a: Flutter Mane|Moonblast|p2b: Chien-Pao\n|-supereffective|p2b: Chien-Pao\n|-enditem|p2b: Chien-Pao|Focus Sash\n|-damage|p2b: Chien-Pao|1/100 slp\n|-unboost|p2b: Chien-Pao|spa|1\n|cant|p2b: Chien-Pao|slp\n|move|p1b: Smeargle|Spore|p2a: Zamazenta\n|-status|p2a: Zamazenta|slp|[from] move: Spore\n|cant|p2a: Zamazenta|slp\n|\n|-ability|p1b: Smeargle|Moody|boost\n|-boost|p1b: Smeargle|atk|2\n|-unboost|p1b: Smeargle|def|1\n|upkeep\n|turn|10\n|-message|LechonkBro forfeited.\n|\n|win|bola696\n|raw|bola696's rating: 1473 &rarr; <strong>1496</strong><br />(+23 for winning)\n|raw|LechonkBro's rating: 1519 &rarr; <strong>1496</strong><br />(-23 for losing)\n|l|\u2606LechonkBro\n|player|p2|\n|c|\u2606bola696|gg\n|l|\u2606bola696\n|player|p1|\n","uploadtime":1772473447,"views":18,"formatid":"gen9vgc2026regi","rating":1496,"private":0,"password":null}