{"id":"gen9vgc2026regi-2535318740","format":"[Gen 9] VGC 2026 Reg I","players":["CrushDragonGandora","j0l0k0"],"log":"|j|\u2606CrushDragonGandora\n|j|\u2606j0l0k0\n|t:|1770551064\n|gametype|doubles\n|player|p1|CrushDragonGandora|lance|1305\n|player|p2|j0l0k0|brycen|1361\n|gen|9\n|tier|[Gen 9] VGC 2026 Reg I\n|rated|\n|rule|Species Clause: Limit one of each Pok\u00e9mon\n|rule|Item Clause: Limit 1 of each item\n|clearpoke\n|poke|p1|Groudon, L50|\n|poke|p1|Calyrex-Shadow, L50|\n|poke|p1|Articuno-Galar, L50|\n|poke|p1|Indeedee-F, L50, F|\n|poke|p1|Tornadus, L50, M|\n|poke|p1|Urshifu-*, L50, M|\n|poke|p2|Calyrex-Ice, L50|\n|poke|p2|Kyogre, L50|\n|poke|p2|Indeedee-F, L50, F|\n|poke|p2|Urshifu-*, L50, F|\n|poke|p2|Amoonguss, L50, F|\n|poke|p2|Landorus, L50, M|\n|teampreview|4\n|inactive|Battle timer is ON: inactive players will automatically lose when time's up. (requested by j0l0k0)\n|inactive|CrushDragonGandora has 60 seconds left.\n|inactive|CrushDragonGandora has 30 seconds left.\n|inactive|CrushDragonGandora has 20 seconds left.\n|\n|t:|1770551138\n|teamsize|p1|4\n|teamsize|p2|4\n|start\n|switch|p1a: Calyrex|Calyrex-Shadow, L50|100/100\n|switch|p1b: Articuno|Articuno-Galar, L50|100/100\n|switch|p2a: Indeedee|Indeedee-F, L50, F, shiny|100/100\n|switch|p2b: Calyrex|Calyrex-Ice, L50|100/100\n|-ability|p1a: Calyrex|As One\n|-ability|p1a: Calyrex|Unnerve\n|-ability|p2b: Calyrex|As One\n|-ability|p2b: Calyrex|Unnerve\n|-fieldstart|move: Psychic Terrain|[from] ability: Psychic Surge|[of] p2a: Indeedee\n|turn|1\n|inactive|CrushDragonGandora has 30 seconds left.\n|\n|t:|1770551169\n|-terastallize|p1b: Articuno|Steel\n|-terastallize|p2b: Calyrex|Normal\n|move|p1a: Calyrex|Gravity|p1a: Calyrex\n|-fieldstart|move: Gravity\n|move|p1b: Articuno|Hypnosis|p2a: Indeedee\n|-status|p2a: Indeedee|slp|[from] move: Hypnosis\n|move|p2b: Calyrex|Glacial Lance|p1b: Articuno|[spread] p1a,p1b\n|-resisted|p1b: Articuno\n|-damage|p1a: Calyrex|27/100\n|-damage|p1b: Articuno|72/100\n|cant|p2a: Indeedee|slp\n|\n|upkeep\n|turn|2\n|\n|t:|1770551186\n|move|p1a: Calyrex|Pollen Puff|p2a: Indeedee\n|-supereffective|p2a: Indeedee\n|-damage|p2a: Indeedee|33/100 slp\n|move|p1b: Articuno|Hypnosis|p2b: Calyrex\n|-status|p2b: Calyrex|slp|[from] move: Hypnosis\n|cant|p2b: Calyrex|slp\n|cant|p2a: Indeedee|slp\n|\n|upkeep\n|turn|3\n|inactive|CrushDragonGandora has 30 seconds left.\n|\n|t:|1770551218\n|cant|p2a: Indeedee|slp\n|move|p1a: Calyrex|Pollen Puff|p2a: Indeedee\n|-supereffective|p2a: Indeedee\n|-damage|p2a: Indeedee|0 fnt\n|faint|p2a: Indeedee\n|-ability|p1a: Calyrex|Grim Neigh|boost\n|-boost|p1a: Calyrex|spa|1\n|move|p1b: Articuno|Tailwind|p1b: Articuno\n|-sidestart|p1: CrushDragonGandora|move: Tailwind\n|cant|p2b: Calyrex|slp\n|\n|upkeep\n|\n|t:|1770551236\n|switch|p2a: Urshifu|Urshifu, L50, F|100/100\n|turn|4\n|inactive|CrushDragonGandora has 30 seconds left.\n|\n|t:|1770551270\n|move|p2a: Urshifu|Protect|p2a: Urshifu\n|-singleturn|p2a: Urshifu|Protect\n|move|p1a: Calyrex|Pollen Puff|p2b: Calyrex\n|-damage|p2b: Calyrex|62/100 slp\n|move|p1b: Articuno|Hypnosis|p2a: Urshifu\n|-activate|p2a: Urshifu|move: Protect\n|-curestatus|p2b: Calyrex|slp|[msg]\n|move|p2b: Calyrex|Trick Room|p2b: Calyrex\n|-fieldstart|move: Trick Room|[of] p2b: Calyrex\n|\n|upkeep\n|turn|5\n|inactive|CrushDragonGandora has 30 seconds left.\n|inactive|CrushDragonGandora has 20 seconds left.\n|inactive|CrushDragonGandora has 15 seconds left.\n|inactive|CrushDragonGandora has 10 seconds left.\n|inactive|CrushDragonGandora has 5 seconds left.\n|\n|t:|1770551325\n|move|p2b: Calyrex|Glacial Lance|p1b: Articuno|[spread] p1a,p1b\n|-resisted|p1b: Articuno\n|-damage|p1a: Calyrex|0 fnt\n|-damage|p1b: Articuno|41/100\n|faint|p1a: Calyrex\n|-ability|p2b: Calyrex|Chilling Neigh|boost\n|-boost|p2b: Calyrex|atk|1\n|move|p2a: Urshifu|Close Combat|p1b: Articuno\n|-supereffective|p1b: Articuno\n|-damage|p1b: Articuno|0 fnt\n|-unboost|p2a: Urshifu|def|1\n|-unboost|p2a: Urshifu|spd|1\n|faint|p1b: Articuno\n|\n|-fieldend|move: Gravity\n|-fieldend|move: Psychic Terrain\n|upkeep\n|\n|t:|1770551332\n|switch|p1b: Urshifu|Urshifu, L50, M|100/100\n|switch|p1a: Groudon|Groudon, L50|100/100\n|-weather|SunnyDay|[from] ability: Drought|[of] p1a: Groudon\n|turn|6\n|\n|t:|1770551356\n|move|p1b: Urshifu|Sucker Punch|p2b: Calyrex\n|-damage|p2b: Calyrex|34/100\n|-damage|p1b: Urshifu|91/100|[from] item: Life Orb\n|move|p2b: Calyrex|Glacial Lance|p1a: Groudon|[spread] p1a,p1b\n|-supereffective|p1a: Groudon\n|-damage|p1a: Groudon|0 fnt\n|-damage|p1b: Urshifu|5/100\n|faint|p1a: Groudon\n|-ability|p2b: Calyrex|Chilling Neigh|boost\n|-boost|p2b: Calyrex|atk|1\n|move|p2a: Urshifu|Close Combat|p1b: Urshifu\n|-supereffective|p1b: Urshifu\n|-damage|p1b: Urshifu|0 fnt\n|-unboost|p2a: Urshifu|def|1\n|-unboost|p2a: Urshifu|spd|1\n|faint|p1b: Urshifu\n|\n|win|j0l0k0\n|raw|CrushDragonGandora's rating: 1305 &rarr; <strong>1290</strong><br />(-15 for losing)\n|raw|j0l0k0's rating: 1387 &rarr; <strong>1402</strong><br />(+15 for winning)\n|l|\u2606CrushDragonGandora\n|player|p1|\n|l|\u2606j0l0k0\n|player|p2|\n","uploadtime":1770551496,"views":15,"formatid":"gen9vgc2026regi","rating":1290,"private":0,"password":null}