{"id":"gen9vgc2026regi-2588308023","format":"[Gen 9] VGC 2026 Reg I","players":["kylervgc","yuri1910"],"log":"|j|\u2606kylervgc\n|j|\u2606yuri1910\n|t:|1776622832\n|gametype|doubles\n|player|p1|kylervgc|2|1479\n|player|p2|yuri1910|linebacker|1570\n|gen|9\n|tier|[Gen 9] VGC 2026 Reg I\n|rated|\n|rule|Species Clause: Limit one of each Pok\u00e9mon\n|rule|Item Clause: Limit 1 of each item\n|clearpoke\n|poke|p1|Raging Bolt, L50|\n|poke|p1|Kyogre, L50|\n|poke|p1|Calyrex-Ice, L50|\n|poke|p1|Rillaboom, L50, F|\n|poke|p1|Grimmsnarl, L50, M|\n|poke|p1|Urshifu-*, L50, F|\n|poke|p2|Calyrex-Ice, L50|\n|poke|p2|Kyogre, L50|\n|poke|p2|Grimmsnarl, L50, M|\n|poke|p2|Rillaboom, L50, M|\n|poke|p2|Urshifu-*, L50, M|\n|poke|p2|Landorus, L50, M|\n|teampreview|4\n|inactive|Battle timer is ON: inactive players will automatically lose when time's up. (requested by kylervgc)\n|\n|t:|1776622865\n|teamsize|p1|4\n|teamsize|p2|4\n|start\n|switch|p1a: Kyogre|Kyogre, L50|100/100\n|switch|p1b: Rillaboom|Rillaboom, L50, F|100/100\n|switch|p2a: Grimmsnarl|Grimmsnarl, L50, M|100/100\n|switch|p2b: Calyrex|Calyrex-Ice, L50|100/100\n|-ability|p2b: Calyrex|As One\n|-ability|p2b: Calyrex|Unnerve\n|-fieldstart|move: Grassy Terrain|[from] ability: Grassy Surge|[of] p1b: Rillaboom\n|-weather|RainDance|[from] ability: Drizzle|[of] p1a: Kyogre\n|turn|1\n|\n|t:|1776622882\n|move|p1b: Rillaboom|Fake Out|p2b: Calyrex\n|-damage|p2b: Calyrex|92/100\n|move|p2a: Grimmsnarl|Light Screen|p2a: Grimmsnarl\n|-sidestart|p2: yuri1910|move: Light Screen\n|move|p1a: Kyogre|Water Spout|p2a: Grimmsnarl|[spread] p2a,p2b\n|-damage|p2a: Grimmsnarl|20/100\n|-damage|p2b: Calyrex|42/100\n|-damage|p1a: Kyogre|91/100|[from] item: Life Orb\n|cant|p2b: Calyrex|flinch\n|\n|-weather|RainDance|[upkeep]\n|-heal|p1a: Kyogre|97/100|[from] Grassy Terrain\n|-heal|p2a: Grimmsnarl|26/100|[from] Grassy Terrain\n|-heal|p2b: Calyrex|47/100|[from] Grassy Terrain\n|-heal|p2b: Calyrex|53/100|[from] item: Leftovers\n|upkeep\n|turn|2\n|\n|t:|1776622894\n|move|p2a: Grimmsnarl|Reflect|p2a: Grimmsnarl\n|-sidestart|p2: yuri1910|Reflect\n|move|p1b: Rillaboom|Wood Hammer|p2b: Calyrex\n|-damage|p2b: Calyrex|24/100\n|-damage|p1b: Rillaboom|90/100|[from] Recoil\n|move|p1a: Kyogre|Water Spout|p2a: Grimmsnarl|[spread] p2a,p2b\n|-crit|p2a: Grimmsnarl\n|-damage|p2a: Grimmsnarl|0 fnt\n|-damage|p2b: Calyrex|0 fnt\n|faint|p2a: Grimmsnarl\n|faint|p2b: Calyrex\n|-damage|p1a: Kyogre|87/100|[from] item: Life Orb\n|\n|-weather|RainDance|[upkeep]\n|-heal|p1b: Rillaboom|96/100|[from] Grassy Terrain\n|-heal|p1a: Kyogre|93/100|[from] Grassy Terrain\n|upkeep\n|\n|t:|1776622902\n|switch|p2a: Rillaboom|Rillaboom, L50, M|100/100\n|switch|p2b: Kyogre|Kyogre, L50|100/100\n|turn|3\n|\n|t:|1776622912\n|-terastallize|p2b: Kyogre|Grass\n|move|p1a: Kyogre|Protect|p1a: Kyogre\n|-singleturn|p1a: Kyogre|Protect\n|move|p1b: Rillaboom|Grassy Glide|p2b: Kyogre\n|-resisted|p2b: Kyogre\n|-damage|p2b: Kyogre|90/100\n|move|p2b: Kyogre|Water Spout|p1b: Rillaboom|[spread] p1b\n|-activate|p1a: Kyogre|move: Protect\n|-resisted|p1b: Rillaboom\n|-damage|p1b: Rillaboom|63/100\n|move|p2a: Rillaboom|U-turn|p1a: Kyogre\n|-activate|p1a: Kyogre|move: Protect\n|\n|-weather|RainDance|[upkeep]\n|-heal|p1b: Rillaboom|69/100|[from] Grassy Terrain\n|-heal|p1a: Kyogre|99/100|[from] Grassy Terrain\n|-heal|p2b: Kyogre|96/100|[from] Grassy Terrain\n|upkeep\n|turn|4\n|\n|t:|1776622930\n|move|p1b: Rillaboom|U-turn|p2b: Kyogre\n|-supereffective|p2b: Kyogre\n|-damage|p2b: Kyogre|73/100\n|\n|t:|1776622934\n|switch|p1b: Calyrex|Calyrex-Ice, L50|100/100|[from] U-turn\n|-ability|p1b: Calyrex|As One\n|-ability|p1b: Calyrex|Unnerve\n|move|p2b: Kyogre|Water Spout|p1a: Kyogre|[spread] p1a,p1b\n|-resisted|p1a: Kyogre\n|-damage|p1a: Kyogre|78/100\n|-damage|p1b: Calyrex|53/100\n|move|p1a: Kyogre|Origin Pulse|p2b: Kyogre|[spread] p2a,p2b\n|-resisted|p2a: Rillaboom\n|-resisted|p2b: Kyogre\n|-damage|p2a: Rillaboom|71/100\n|-damage|p2b: Kyogre|59/100\n|-damage|p1a: Kyogre|68/100|[from] item: Life Orb\n|move|p2a: Rillaboom|Wood Hammer|p1a: Kyogre\n|-supereffective|p1a: Kyogre\n|-damage|p1a: Kyogre|0 fnt\n|faint|p1a: Kyogre\n|-damage|p2a: Rillaboom|50/100|[from] Recoil\n|\n|-weather|RainDance|[upkeep]\n|-heal|p2b: Kyogre|65/100|[from] Grassy Terrain\n|-heal|p2a: Rillaboom|56/100|[from] Grassy Terrain\n|-heal|p1b: Calyrex|58/100|[from] Grassy Terrain\n|-heal|p1b: Calyrex|64/100|[from] item: Leftovers\n|upkeep\n|\n|t:|1776622939\n|switch|p1a: Rillaboom|Rillaboom, L50, F|69/100\n|turn|5\n|\n|t:|1776622953\n|move|p1a: Rillaboom|Fake Out|p2b: Kyogre\n|-damage|p2b: Kyogre|57/100\n|cant|p2b: Kyogre|flinch\n|move|p2a: Rillaboom|Wood Hammer|p1b: Calyrex\n|-damage|p1b: Calyrex|19/100\n|-damage|p2a: Rillaboom|41/100|[from] Recoil\n|move|p1b: Calyrex|Glacial Lance|p2b: Kyogre|[spread] p2a,p2b\n|-supereffective|p2a: Rillaboom\n|-supereffective|p2b: Kyogre\n|-damage|p2a: Rillaboom|0 fnt\n|-damage|p2b: Kyogre|0 fnt\n|faint|p2a: Rillaboom\n|faint|p2b: Kyogre\n|\n|win|kylervgc\n|raw|kylervgc's rating: 1479 &rarr; <strong>1504</strong><br />(+25 for winning)\n|raw|yuri1910's rating: 1570 &rarr; <strong>1545</strong><br />(-25 for losing)\n|l|\u2606kylervgc\n|player|p1|\n|l|\u2606yuri1910\n|player|p2|\n","uploadtime":1776623225,"views":11,"formatid":"gen9vgc2026regi","rating":1504,"private":0,"password":null}