{"id":"gen9vgc2026regi-2551253621","format":"[Gen 9] VGC 2026 Reg I","players":["Mattack10","Cello L."],"log":"|j|\u2606Mattack10\n|j|\u2606Cello L.\n|t:|1772579164\n|gametype|doubles\n|player|p1|Mattack10|acetrainer|1354\n|player|p2|Cello L.|cynthia-gen4|1522\n|gen|9\n|tier|[Gen 9] VGC 2026 Reg I\n|rated|\n|rule|Species Clause: Limit one of each Pok\u00e9mon\n|rule|Item Clause: Limit 1 of each item\n|clearpoke\n|poke|p1|Miraidon, L50|\n|poke|p1|Lunala, L50|\n|poke|p1|Incineroar, L50, M|\n|poke|p1|Whimsicott, L50, F|\n|poke|p1|Pelipper, L50, M|\n|poke|p1|Amoonguss, L50, M|\n|poke|p2|Kyogre, L50|\n|poke|p2|Calyrex-Ice, L50|\n|poke|p2|Flutter Mane, L50|\n|poke|p2|Basculegion, L50, M|\n|poke|p2|Amoonguss, L50, F|\n|poke|p2|Grimmsnarl, L50, M|\n|teampreview|4\n|\n|t:|1772579183\n|teamsize|p1|4\n|teamsize|p2|4\n|start\n|switch|p1a: Miraidon|Miraidon, L50|100/100\n|switch|p1b: Whimsicott|Whimsicott, L50, F, shiny|100/100\n|switch|p2a: Kyogre|Kyogre, L50|100/100\n|switch|p2b: Flutter Mane|Flutter Mane, L50|100/100\n|-fieldstart|move: Electric Terrain|[from] ability: Hadron Engine|[of] p1a: Miraidon\n|-weather|RainDance|[from] ability: Drizzle|[of] p2a: Kyogre\n|turn|1\n|\n|t:|1772579204\n|-terastallize|p2b: Flutter Mane|Fairy\n|move|p2a: Kyogre|Protect|p2a: Kyogre\n|-singleturn|p2a: Kyogre|Protect\n|move|p1b: Whimsicott|Tailwind|p1b: Whimsicott\n|-sidestart|p1: Mattack10|move: Tailwind\n|move|p1a: Miraidon|Snarl|p2a: Kyogre|[spread] p2b\n|-activate|p2a: Kyogre|move: Protect\n|-resisted|p2b: Flutter Mane\n|-damage|p2b: Flutter Mane|89/100\n|-unboost|p2b: Flutter Mane|spa|1\n|move|p2b: Flutter Mane|Moonblast|p1a: Miraidon\n|-supereffective|p1a: Miraidon\n|-damage|p1a: Miraidon|52/100\n|\n|-weather|RainDance|[upkeep]\n|upkeep\n|turn|2\n|\n|t:|1772579228\n|switch|p2a: Calyrex|Calyrex-Ice, L50|100/100\n|-ability|p2a: Calyrex|As One\n|-ability|p2a: Calyrex|Unnerve\n|move|p1b: Whimsicott|Encore||[still]\n|-fail|p1b: Whimsicott\n|move|p1a: Miraidon|Electro Drift|p2b: Flutter Mane\n|-damage|p2b: Flutter Mane|0 fnt\n|faint|p2b: Flutter Mane\n|-end|p2b: Flutter Mane|Protosynthesis|[silent]\n|\n|-weather|RainDance|[upkeep]\n|upkeep\n|\n|t:|1772579260\n|switch|p2b: Kyogre|Kyogre, L50|100/100\n|turn|3\n|\n|t:|1772579268\n|move|p1b: Whimsicott|Light Screen|p1b: Whimsicott\n|-sidestart|p1: Mattack10|move: Light Screen\n|move|p1a: Miraidon|Volt Switch|p2a: Calyrex\n|-damage|p2a: Calyrex|57/100\n|\n|t:|1772579271\n|switch|p1a: Amoonguss|Amoonguss, L50, M|100/100|[from] Volt Switch\n|move|p2b: Kyogre|Water Spout|p1b: Whimsicott|[spread] p1a,p1b\n|-resisted|p1a: Amoonguss\n|-resisted|p1b: Whimsicott\n|-damage|p1a: Amoonguss|65/100\n|-damage|p1b: Whimsicott|55/100\n|move|p2a: Calyrex|Glacial Lance|p1a: Amoonguss|[spread] p1a,p1b\n|-supereffective|p1a: Amoonguss\n|-supereffective|p1b: Whimsicott\n|-damage|p1a: Amoonguss|0 fnt\n|-damage|p1b: Whimsicott|0 fnt\n|faint|p1a: Amoonguss\n|faint|p1b: Whimsicott\n|-ability|p2a: Calyrex|Chilling Neigh|boost\n|-boost|p2a: Calyrex|atk|2\n|\n|-weather|RainDance|[upkeep]\n|-heal|p2a: Calyrex|62/100|[from] item: Leftovers\n|upkeep\n|\n|t:|1772579275\n|switch|p1b: Miraidon|Miraidon, L50|52/100\n|switch|p1a: Lunala|Lunala, L50|100/100\n|-activate|p1b: Miraidon|ability: Hadron Engine\n|-enditem|p1a: Lunala|Electric Seed\n|-boost|p1a: Lunala|def|1|[from] item: Electric Seed\n|turn|4\n|\n|t:|1772579337\n|move|p2b: Kyogre|Protect|p2b: Kyogre\n|-singleturn|p2b: Kyogre|Protect\n|move|p1b: Miraidon|Electro Drift|p2b: Kyogre\n|-activate|p2b: Kyogre|move: Protect\n|move|p1a: Lunala|Moongeist Beam|p2a: Calyrex\n|-supereffective|p2a: Calyrex\n|-damage|p2a: Calyrex|0 fnt\n|faint|p2a: Calyrex\n|\n|-weather|RainDance|[upkeep]\n|-sideend|p1: Mattack10|move: Tailwind\n|upkeep\n|\n|t:|1772579348\n|switch|p2a: Basculegion|Basculegion, L50, M|100/100\n|turn|5\n|inactive|Battle timer is ON: inactive players will automatically lose when time's up. (requested by Cello L.)\n|\n|t:|1772579411\n|move|p2a: Basculegion|Last Respects|p1b: Miraidon\n|-damage|p1b: Miraidon|0 fnt\n|faint|p1b: Miraidon\n|-damage|p2a: Basculegion|91/100|[from] item: Life Orb\n|move|p2b: Kyogre|Water Spout|p1a: Lunala\n|-damage|p1a: Lunala|60/100\n|move|p1a: Lunala|Moongeist Beam|p2b: Kyogre\n|-damage|p2b: Kyogre|57/100\n|\n|-weather|none\n|-fieldend|move: Electric Terrain\n|upkeep\n|turn|6\n|inactive|Cello L. has 30 seconds left.\n|inactive|Cello L. has 20 seconds left.\n|\n|t:|1772579449\n|-terastallize|p1a: Lunala|Fairy\n|move|p2b: Kyogre|Origin Pulse|p1a: Lunala\n|-damage|p1a: Lunala|22/100\n|move|p1a: Lunala|Moongeist Beam|p2a: Basculegion\n|-supereffective|p2a: Basculegion\n|-damage|p2a: Basculegion|0 fnt\n|faint|p2a: Basculegion\n|\n|upkeep\n|turn|7\n|\n|t:|1772579471\n|move|p2b: Kyogre|Water Spout|p1a: Lunala\n|-damage|p1a: Lunala|0 fnt\n|faint|p1a: Lunala\n|\n|win|Cello L.\n|raw|Mattack10's rating: 1354 &rarr; <strong>1343</strong><br />(-11 for losing)\n|raw|Cello L.'s rating: 1522 &rarr; <strong>1533</strong><br />(+11 for winning)\n|l|\u2606Mattack10\n|player|p1|\n","uploadtime":1772579477,"views":16,"formatid":"gen9vgc2026regi","rating":1343,"private":0,"password":null}