{"id":"gen9vgc2026regi-2570643087","format":"[Gen 9] VGC 2026 Reg I","players":["STRONGERX","pigs2fly"],"log":"|j|\u2606STRONGERX\n|j|\u2606pigs2fly\n|t:|1774831167\n|gametype|doubles\n|player|p1|STRONGERX|biker|1395\n|player|p2|pigs2fly|dexio|1572\n|gen|9\n|tier|[Gen 9] VGC 2026 Reg I\n|rated|\n|rule|Species Clause: Limit one of each Pok\u00e9mon\n|rule|Item Clause: Limit 1 of each item\n|clearpoke\n|poke|p1|Sneasler, L50, F|\n|poke|p1|Calyrex-Shadow, L50|\n|poke|p1|Dondozo, L50, M|\n|poke|p1|Tatsugiri-Droopy, L50, M|\n|poke|p1|Chi-Yu, L50|\n|poke|p1|Miraidon, L50|\n|poke|p2|Annihilape, L50, M|\n|poke|p2|Tornadus, L50, M|\n|poke|p2|Dondozo, L50, M|\n|poke|p2|Tatsugiri, L50, M|\n|poke|p2|Zacian-*, L50|\n|poke|p2|Kyogre, L50|\n|teampreview|4\n|inactive|Battle timer is ON: inactive players will automatically lose when time's up. (requested by STRONGERX)\n|\n|t:|1774831186\n|teamsize|p1|4\n|teamsize|p2|4\n|start\n|switch|p1a: Sneasler|Sneasler, L50, F|100/100\n|switch|p1b: Miraidon|Miraidon, L50|100/100\n|switch|p2a: Zacian|Zacian-Crowned, L50, shiny|100/100\n|switch|p2b: Annihilape|Annihilape, L50, M|100/100\n|-ability|p2a: Zacian|Intrepid Sword|boost\n|-boost|p2a: Zacian|atk|1\n|-fieldstart|move: Electric Terrain|[from] ability: Hadron Engine|[of] p1b: Miraidon\n|-enditem|p1a: Sneasler|Electric Seed\n|-boost|p1a: Sneasler|def|1|[from] item: Electric Seed\n|turn|1\n|\n|t:|1774831209\n|switch|p2b: Dondozo|Dondozo, L50, M|100/100\n|-terastallize|p1b: Miraidon|Fairy\n|move|p1a: Sneasler|Fake Out|p2a: Zacian\n|-resisted|p2a: Zacian\n|-damage|p2a: Zacian|95/100\n|cant|p2a: Zacian|flinch\n|move|p1b: Miraidon|Dazzling Gleam|p2a: Zacian|[spread] p2a,p2b\n|-resisted|p2a: Zacian\n|-damage|p2a: Zacian|77/100\n|-damage|p2b: Dondozo|68/100\n|\n|-heal|p2b: Dondozo|74/100|[from] item: Leftovers\n|upkeep\n|turn|2\n|\n|t:|1774831227\n|switch|p2a: Tatsugiri|Tatsugiri, L50, M|100/100\n|-activate|p2a: Tatsugiri|ability: Commander|[of] p2b: Dondozo\n|-boost|p2b: Dondozo|atk|2\n|-boost|p2b: Dondozo|spa|2\n|-boost|p2b: Dondozo|spe|2\n|-boost|p2b: Dondozo|def|2\n|-boost|p2b: Dondozo|spd|2\n|-terastallize|p2b: Dondozo|Grass\n|move|p1a: Sneasler|Toxic Spikes|p2a: Tatsugiri\n|-sidestart|p2: pigs2fly|move: Toxic Spikes\n|move|p1b: Miraidon|Electro Drift|p2b: Dondozo\n|-resisted|p2b: Dondozo\n|-crit|p2b: Dondozo\n|-damage|p2b: Dondozo|11/100\n|move|p2b: Dondozo|Earthquake|p1b: Miraidon|[spread] p1a,p1b\n|-miss|p2b: Dondozo|p2a: Tatsugiri\n|-supereffective|p1a: Sneasler\n|-damage|p1a: Sneasler|0 fnt\n|-damage|p1b: Miraidon|63/100\n|faint|p1a: Sneasler\n|\n|-heal|p2b: Dondozo|17/100|[from] item: Leftovers\n|upkeep\n|\n|t:|1774831234\n|switch|p1a: Dondozo|Dondozo, L50, M|100/100\n|turn|3\n|\n|t:|1774831250\n|switch|p1b: Tatsugiri|Tatsugiri-Droopy, L50, M|100/100\n|-activate|p1b: Tatsugiri|ability: Commander|[of] p1a: Dondozo\n|-boost|p1a: Dondozo|atk|2\n|-boost|p1a: Dondozo|spa|2\n|-boost|p1a: Dondozo|spe|2\n|-boost|p1a: Dondozo|def|2\n|-boost|p1a: Dondozo|spd|2\n|move|p2b: Dondozo|Protect|p2b: Dondozo\n|-singleturn|p2b: Dondozo|Protect\n|move|p1a: Dondozo|Body Press|p2b: Dondozo\n|-activate|p2b: Dondozo|move: Protect\n|\n|-heal|p2b: Dondozo|23/100|[from] item: Leftovers\n|upkeep\n|turn|4\n|\n|t:|1774831273\n|move|p1a: Dondozo|Order Up|p2b: Dondozo\n|-damage|p2b: Dondozo|11/100\n|-boost|p1a: Dondozo|def|1\n|move|p2b: Dondozo|Order Up|p1a: Dondozo\n|-damage|p1a: Dondozo|88/100\n|-boost|p2b: Dondozo|atk|1\n|\n|-heal|p1a: Dondozo|94/100|[from] item: Leftovers\n|-heal|p2b: Dondozo|18/100|[from] item: Leftovers\n|upkeep\n|turn|5\n|\n|t:|1774831278\n|move|p1a: Dondozo|Order Up|p2b: Dondozo\n|-crit|p2b: Dondozo\n|-damage|p2b: Dondozo|0 fnt\n|faint|p2b: Dondozo\n|-boost|p1a: Dondozo|def|1\n|\n|-heal|p1a: Dondozo|99/100|[from] item: Leftovers\n|-fieldend|move: Electric Terrain\n|upkeep\n|\n|t:|1774831283\n|switch|p2b: Annihilape|Annihilape, L50, M|100/100\n|-status|p2b: Annihilape|psn\n|turn|6\n|\n|t:|1774831291\n|move|p2b: Annihilape|Final Gambit|p1a: Dondozo\n|-damage|p1a: Dondozo|4/100\n|faint|p2b: Annihilape\n|move|p1a: Dondozo|Order Up|p2a: Tatsugiri\n|-supereffective|p2a: Tatsugiri\n|-enditem|p2a: Tatsugiri|Focus Sash\n|-damage|p2a: Tatsugiri|1/100\n|-boost|p1a: Dondozo|def|1\n|move|p2a: Tatsugiri|Dragon Pulse|p1a: Dondozo\n|-damage|p1a: Dondozo|0 fnt\n|faint|p1a: Dondozo\n|\n|upkeep\n|\n|t:|1774831311\n|switch|p2b: Zacian|Zacian-Crowned, L50, shiny|77/100\n|switch|p1a: Miraidon|Miraidon, L50, tera:Fairy|63/100\n|-fieldstart|move: Electric Terrain|[from] ability: Hadron Engine|[of] p1a: Miraidon\n|turn|7\n|\n|t:|1774831324\n|move|p2a: Tatsugiri|Protect|p2a: Tatsugiri\n|-singleturn|p2a: Tatsugiri|Protect\n|move|p2b: Zacian|Behemoth Blade|p1a: Miraidon\n|-supereffective|p1a: Miraidon\n|-damage|p1a: Miraidon|0 fnt\n|faint|p1a: Miraidon\n|move|p1b: Tatsugiri|Muddy Water|p2a: Tatsugiri|[spread] p2b\n|-activate|p2a: Tatsugiri|move: Protect\n|-damage|p2b: Zacian|47/100\n|\n|upkeep\n|turn|8\n|\n|t:|1774831337\n|move|p2b: Zacian|Play Rough|p1b: Tatsugiri\n|-supereffective|p1b: Tatsugiri\n|-enditem|p1b: Tatsugiri|Focus Sash\n|-damage|p1b: Tatsugiri|1/100\n|move|p2a: Tatsugiri|Dragon Pulse|p1b: Tatsugiri\n|-supereffective|p1b: Tatsugiri\n|-damage|p1b: Tatsugiri|0 fnt\n|faint|p1b: Tatsugiri\n|\n|win|pigs2fly\n|raw|STRONGERX's rating: 1395 &rarr; <strong>1384</strong><br />(-11 for losing)\n|raw|pigs2fly's rating: 1572 &rarr; <strong>1583</strong><br />(+11 for winning)\n","uploadtime":1774831344,"views":16,"formatid":"gen9vgc2026regi","rating":1384,"private":0,"password":null}