{"id":"gen9vgc2026regi-2560284819","format":"[Gen 9] VGC 2026 Reg I","players":["Kingkai08776","jonen"],"log":"|j|\u2606Kingkai08776\n|j|\u2606jonen\n|t:|1773673845\n|gametype|doubles\n|player|p1|Kingkai08776|101|1033\n|player|p2|jonen|medium|1105\n|gen|9\n|tier|[Gen 9] VGC 2026 Reg I\n|rated|\n|rule|Species Clause: Limit one of each Pok\u00e9mon\n|rule|Item Clause: Limit 1 of each item\n|clearpoke\n|poke|p1|Chesnaught, L50, M|\n|poke|p1|Koraidon, L50|\n|poke|p1|Miraidon, L50|\n|poke|p1|Raichu-Alola, L50, F|\n|poke|p1|Cresselia, L50, F|\n|poke|p1|Ursaluna, L50, M|\n|poke|p2|Sneasler, L50, F|\n|poke|p2|Ditto, L50|\n|poke|p2|Calyrex-Ice, L50|\n|poke|p2|Miraidon, L50|\n|poke|p2|Urshifu-*, L50, M|\n|poke|p2|Incineroar, L50, F|\n|teampreview|4\n|\n|t:|1773673873\n|teamsize|p1|4\n|teamsize|p2|4\n|start\n|switch|p1a: Raichu|Raichu-Alola, L50, F|100/100\n|switch|p1b: Koraidon|Koraidon, L50|100/100\n|switch|p2a: Calyrex|Calyrex-Ice, L50|100/100\n|switch|p2b: Incineroar|Incineroar, L50, F|100/100\n|-ability|p2a: Calyrex|As One\n|-ability|p2a: Calyrex|Unnerve\n|-weather|SunnyDay|[from] ability: Orichalcum Pulse|[of] p1b: Koraidon\n|-activate|p1b: Koraidon|Orichalcum Pulse|[source]\n|-ability|p2b: Incineroar|Intimidate|boost\n|-unboost|p1a: Raichu|atk|1\n|-unboost|p1b: Koraidon|atk|1\n|turn|1\n|\n|t:|1773673886\n|-terastallize|p1b: Koraidon|Fire\n|move|p1a: Raichu|Fake Out|p2b: Incineroar\n|-damage|p2b: Incineroar|97/100\n|cant|p2b: Incineroar|flinch\n|move|p1b: Koraidon|Flare Blitz|p2a: Calyrex\n|-supereffective|p2a: Calyrex\n|-crit|p2a: Calyrex\n|-damage|p2a: Calyrex|0 fnt\n|faint|p2a: Calyrex\n|-damage|p1b: Koraidon|63/100|[from] Recoil\n|-damage|p1b: Koraidon|53/100|[from] item: Life Orb\n|\n|-weather|SunnyDay|[upkeep]\n|upkeep\n|\n|t:|1773673891\n|switch|p2a: Miraidon|Miraidon, L50|100/100\n|-fieldstart|move: Electric Terrain|[from] ability: Hadron Engine|[of] p2a: Miraidon\n|turn|2\n|\n|t:|1773673900\n|move|p1b: Koraidon|Protect|p1b: Koraidon\n|-singleturn|p1b: Koraidon|Protect\n|move|p1a: Raichu|Nuzzle|p2b: Incineroar\n|-damage|p2b: Incineroar|93/100\n|-status|p2b: Incineroar|par\n|move|p2a: Miraidon|Volt Switch|p1b: Koraidon\n|-activate|p1b: Koraidon|move: Protect\n|move|p2b: Incineroar|Knock Off|p1a: Raichu\n|-supereffective|p1a: Raichu\n|-enditem|p1a: Raichu|Focus Sash\n|-damage|p1a: Raichu|1/100\n|\n|-weather|SunnyDay|[upkeep]\n|upkeep\n|turn|3\n|\n|t:|1773673913\n|move|p2a: Miraidon|Protect|p2a: Miraidon\n|-singleturn|p2a: Miraidon|Protect\n|move|p1a: Raichu|Volt Switch|p2b: Incineroar\n|-damage|p2b: Incineroar|70/100 par\n|\n|t:|1773673919\n|switch|p1a: Chesnaught|Chesnaught, L50, M|100/100|[from] Volt Switch\n|-enditem|p1a: Chesnaught|Electric Seed\n|-boost|p1a: Chesnaught|def|1|[from] item: Electric Seed\n|move|p1b: Koraidon|Close Combat|p2a: Miraidon\n|-activate|p2a: Miraidon|move: Protect\n|cant|p2b: Incineroar|par\n|\n|-weather|SunnyDay|[upkeep]\n|upkeep\n|turn|4\n|\n|t:|1773673931\n|move|p1b: Koraidon|Close Combat|p2a: Miraidon\n|-damage|p2a: Miraidon|27/100\n|-unboost|p1b: Koraidon|def|1\n|-unboost|p1b: Koraidon|spd|1\n|-damage|p1b: Koraidon|44/100|[from] item: Life Orb\n|move|p2a: Miraidon|Volt Switch|p1b: Koraidon\n|-damage|p1b: Koraidon|0 fnt\n|faint|p1b: Koraidon\n|-damage|p2a: Miraidon|17/100|[from] item: Life Orb\n|\n|t:|1773673941\n|switch|p2a: Sneasler|Sneasler, L50, F|100/100|[from] Volt Switch\n|-enditem|p2a: Sneasler|Electric Seed\n|-boost|p2a: Sneasler|def|1|[from] item: Electric Seed\n|move|p1a: Chesnaught|Body Press|p2b: Incineroar\n|-supereffective|p2b: Incineroar\n|-damage|p2b: Incineroar|0 fnt\n|faint|p2b: Incineroar\n|\n|-weather|SunnyDay|[upkeep]\n|upkeep\n|\n|t:|1773673948\n|switch|p1b: Raichu|Raichu-Alola, L50, F|1/100\n|switch|p2b: Miraidon|Miraidon, L50|17/100\n|-activate|p2b: Miraidon|ability: Hadron Engine\n|turn|5\n|\n|t:|1773673964\n|move|p2a: Sneasler|Protect|p2a: Sneasler\n|-singleturn|p2a: Sneasler|Protect\n|move|p2b: Miraidon|Protect|p2b: Miraidon\n|-singleturn|p2b: Miraidon|Protect\n|move|p1b: Raichu|Nuzzle|p2a: Sneasler\n|-activate|p2a: Sneasler|move: Protect\n|move|p1a: Chesnaught|Body Press|p2b: Miraidon\n|-activate|p2b: Miraidon|move: Protect\n|\n|-weather|none\n|upkeep\n|turn|6\n|\n|t:|1773673978\n|move|p1b: Raichu|Nuzzle|p2a: Sneasler\n|-damage|p2a: Sneasler|93/100\n|-status|p2a: Sneasler|par\n|move|p2b: Miraidon|Draco Meteor|p1a: Chesnaught|[miss]\n|-miss|p2b: Miraidon|p1a: Chesnaught\n|cant|p2a: Sneasler|par\n|move|p1a: Chesnaught|Body Press|p2b: Miraidon\n|-damage|p2b: Miraidon|0 fnt\n|faint|p2b: Miraidon\n|\n|-fieldend|move: Electric Terrain\n|upkeep\n|turn|7\n|-message|jonen forfeited.\n|\n|win|Kingkai08776\n|raw|Kingkai08776's rating: 1033 &rarr; <strong>1075</strong><br />(+42 for winning)\n|raw|jonen's rating: 1105 &rarr; <strong>1075</strong><br />(-30 for losing)\n","uploadtime":1773673989,"views":11,"formatid":"gen9vgc2026regi","rating":1075,"private":0,"password":null}