{"id":"gen9vgc2026regi-2559938643","format":"[Gen 9] VGC 2026 Reg I","players":["itszachstone","sleemo2"],"log":"|j|\u2606itszachstone\n|j|\u2606sleemo2\n|t:|1773626127\n|gametype|doubles\n|player|p1|itszachstone|flannery|1385\n|player|p2|sleemo2|acetrainerf|1521\n|gen|9\n|tier|[Gen 9] VGC 2026 Reg I\n|rated|\n|rule|Species Clause: Limit one of each Pok\u00e9mon\n|rule|Item Clause: Limit 1 of each item\n|clearpoke\n|poke|p1|Calyrex-Ice, L50|\n|poke|p1|Iron Bundle, L50|\n|poke|p1|Miraidon, L50|\n|poke|p1|Ogerpon-Hearthflame, L50, F|\n|poke|p1|Incineroar, L50, F|\n|poke|p1|Hitmonlee, L50, M|\n|poke|p2|Calyrex-Shadow, L50|\n|poke|p2|Zamazenta-*, L50|\n|poke|p2|Whimsicott, L50, F|\n|poke|p2|Amoonguss, L50, F|\n|poke|p2|Chi-Yu, L50|\n|poke|p2|Regieleki, L50|\n|teampreview|4\n|inactive|Battle timer is ON: inactive players will automatically lose when time's up. (requested by itszachstone)\n|inactive|sleemo2 has 60 seconds left.\n|\n|t:|1773626158\n|teamsize|p1|4\n|teamsize|p2|4\n|start\n|switch|p1a: Miraidon|Miraidon, L50|100/100\n|switch|p1b: Iron Bundle|Iron Bundle, L50|100/100\n|switch|p2a: Calyrex|Calyrex-Shadow, L50|100/100\n|switch|p2b: Regieleki|Regieleki, L50|100/100\n|-ability|p2a: Calyrex|As One\n|-ability|p2a: Calyrex|Unnerve\n|-fieldstart|move: Electric Terrain|[from] ability: Hadron Engine|[of] p1a: Miraidon\n|-activate|p1b: Iron Bundle|ability: Quark Drive\n|-start|p1b: Iron Bundle|quarkdrivespe\n|turn|1\n|\n|t:|1773626174\n|move|p2a: Calyrex|Protect|p2a: Calyrex\n|-singleturn|p2a: Calyrex|Protect\n|move|p1b: Iron Bundle|Icy Wind|p2b: Regieleki|[spread] p2b\n|-activate|p2a: Calyrex|move: Protect\n|-damage|p2b: Regieleki|65/100\n|-unboost|p2b: Regieleki|spe|1\n|move|p1a: Miraidon|Electro Drift|p2a: Calyrex\n|-activate|p2a: Calyrex|move: Protect\n|move|p2b: Regieleki|Electroweb|p1a: Miraidon|[spread] p1a,p1b\n|-resisted|p1a: Miraidon\n|-supereffective|p1b: Iron Bundle\n|-damage|p1a: Miraidon|94/100\n|-enditem|p1b: Iron Bundle|Focus Sash\n|-damage|p1b: Iron Bundle|1/100\n|-unboost|p1a: Miraidon|spe|1\n|-unboost|p1b: Iron Bundle|spe|1\n|\n|upkeep\n|turn|2\n|\n|t:|1773626193\n|-end|p1b: Iron Bundle|Quark Drive|[silent]\n|switch|p1b: Incineroar|Incineroar, L50, F|100/100\n|-ability|p1b: Incineroar|Intimidate|boost\n|-unboost|p2a: Calyrex|atk|1\n|-unboost|p2b: Regieleki|atk|1\n|switch|p2b: Chi-Yu|Chi-Yu, L50|100/100\n|-ability|p2b: Chi-Yu|Beads of Ruin\n|-terastallize|p2a: Calyrex|Ghost\n|move|p2a: Calyrex|Astral Barrage|p1b: Incineroar|[spread] p1a,p1b\n|-resisted|p1b: Incineroar\n|-damage|p1a: Miraidon|42/100\n|-damage|p1b: Incineroar|61/100\n|move|p1a: Miraidon|Electro Drift|p2a: Calyrex\n|-enditem|p2a: Calyrex|Focus Sash\n|-damage|p2a: Calyrex|1/100\n|\n|upkeep\n|turn|3\n|j| Adriana_Sen\n|inactive|itszachstone has 30 seconds left.\n|inactive|sleemo2 has 30 seconds left.\n|inactive|itszachstone has 20 seconds left.\n|inactive|itszachstone has 15 seconds left.\n|\n|t:|1773626237\n|move|p2b: Chi-Yu|Overheat|p1b: Incineroar\n|-resisted|p1b: Incineroar\n|-damage|p1b: Incineroar|23/100\n|-unboost|p2b: Chi-Yu|spa|2\n|move|p2a: Calyrex|Astral Barrage|p1a: Miraidon|[spread] p1a,p1b\n|-resisted|p1b: Incineroar\n|-damage|p1a: Miraidon|0 fnt\n|-damage|p1b: Incineroar|0 fnt\n|faint|p1a: Miraidon\n|faint|p1b: Incineroar\n|-ability|p2a: Calyrex|Grim Neigh|boost\n|-boost|p2a: Calyrex|spa|2\n|\n|upkeep\n|\n|t:|1773626240\n|switch|p1a: Iron Bundle|Iron Bundle, L50|1/100\n|switch|p1b: Calyrex|Calyrex-Ice, L50|100/100\n|-ability|p1b: Calyrex|As One\n|-ability|p1b: Calyrex|Unnerve\n|-activate|p1a: Iron Bundle|ability: Quark Drive\n|-start|p1a: Iron Bundle|quarkdrivespe\n|turn|4\n|\n|t:|1773626255\n|-terastallize|p1b: Calyrex|Water\n|move|p1a: Iron Bundle|Icy Wind|p2a: Calyrex|[spread] p2a,p2b\n|-resisted|p2b: Chi-Yu\n|-damage|p2a: Calyrex|0 fnt\n|-damage|p2b: Chi-Yu|88/100\n|-unboost|p2b: Chi-Yu|spe|1\n|faint|p2a: Calyrex\n|move|p2b: Chi-Yu|Overheat|p1a: Iron Bundle\n|-damage|p1a: Iron Bundle|0 fnt\n|-unboost|p2b: Chi-Yu|spa|2\n|faint|p1a: Iron Bundle\n|-end|p1a: Iron Bundle|Quark Drive|[silent]\n|move|p1b: Calyrex|Trick Room|p1b: Calyrex\n|-fieldstart|move: Trick Room|[of] p1b: Calyrex\n|\n|upkeep\n|\n|t:|1773626258\n|switch|p2a: Zamazenta|Zamazenta-Crowned, L50|100/100\n|-ability|p2a: Zamazenta|Dauntless Shield|boost\n|-boost|p2a: Zamazenta|def|1\n|turn|5\n|\n|t:|1773626267\n|move|p1b: Calyrex|Leech Seed|p2a: Zamazenta\n|-start|p2a: Zamazenta|move: Leech Seed\n|move|p2b: Chi-Yu|Overheat|p1b: Calyrex\n|-resisted|p1b: Calyrex\n|-damage|p1b: Calyrex|90/100\n|-unboost|p2b: Chi-Yu|spa|2\n|move|p2a: Zamazenta|Body Press|p1b: Calyrex\n|-damage|p1b: Calyrex|47/100\n|\n|-heal|p1b: Calyrex|53/100|[from] item: Leftovers\n|-damage|p2a: Zamazenta|88/100|[from] Leech Seed|[of] p1b: Calyrex\n|-heal|p1b: Calyrex|63/100|[silent]\n|-fieldend|move: Electric Terrain\n|upkeep\n|turn|6\n|\n|t:|1773626278\n|switch|p2b: Regieleki|Regieleki, L50|65/100\n|move|p1b: Calyrex|Leech Seed|p2b: Regieleki\n|-start|p2b: Regieleki|move: Leech Seed\n|move|p2a: Zamazenta|Body Press|p1b: Calyrex\n|-damage|p1b: Calyrex|21/100\n|\n|-heal|p1b: Calyrex|27/100|[from] item: Leftovers\n|-damage|p2a: Zamazenta|75/100|[from] Leech Seed|[of] p1b: Calyrex\n|-heal|p1b: Calyrex|38/100|[silent]\n|-damage|p2b: Regieleki|52/100|[from] Leech Seed|[of] p1b: Calyrex\n|-heal|p1b: Calyrex|49/100|[silent]\n|upkeep\n|turn|7\n|\n|t:|1773626294\n|switch|p2b: Chi-Yu|Chi-Yu, L50|88/100\n|-ability|p2b: Chi-Yu|Beads of Ruin\n|move|p1b: Calyrex|Protect|p1b: Calyrex\n|-singleturn|p1b: Calyrex|Protect\n|move|p2a: Zamazenta|Body Press|p1b: Calyrex\n|-activate|p1b: Calyrex|move: Protect\n|\n|-heal|p1b: Calyrex|55/100|[from] item: Leftovers\n|-damage|p2a: Zamazenta|63/100|[from] Leech Seed|[of] p1b: Calyrex\n|-heal|p1b: Calyrex|65/100|[silent]\n|upkeep\n|turn|8\n|\n|t:|1773626307\n|move|p1b: Calyrex|Leech Seed|p2b: Chi-Yu\n|-start|p2b: Chi-Yu|move: Leech Seed\n|move|p2a: Zamazenta|Body Press|p1b: Calyrex\n|-damage|p1b: Calyrex|20/100\n|move|p2b: Chi-Yu|Dark Pulse|p1b: Calyrex\n|-damage|p1b: Calyrex|0 fnt\n|faint|p1b: Calyrex\n|\n|win|sleemo2\n|raw|itszachstone's rating: 1385 &rarr; <strong>1372</strong><br />(-13 for losing)\n|raw|sleemo2's rating: 1521 &rarr; <strong>1534</strong><br />(+13 for winning)\n|l|\u2606itszachstone\n|player|p1|\n|l| Adriana_Sen\n|l|\u2606sleemo2\n|player|p2|\n","uploadtime":1773626515,"views":11,"formatid":"gen9vgc2026regi","rating":1372,"private":0,"password":null}