{"id":"gen9vgc2026regi-2546380618","format":"[Gen 9] VGC 2026 Reg I","players":["KobraKnight","drive stone"],"log":"|j|\u203dKobraKnight\n|j|\u2606drive stone\n|t:|1771959468\n|gametype|doubles\n|player|p1|KobraKnight|n|1218\n|player|p2|drive stone|cilan|1219\n|gen|9\n|tier|[Gen 9] VGC 2026 Reg I\n|rated|\n|rule|Species Clause: Limit one of each Pok\u00e9mon\n|rule|Item Clause: Limit 1 of each item\n|clearpoke\n|poke|p1|Groudon, L50|\n|poke|p1|Reshiram, L50|\n|poke|p1|Flutter Mane, L50|\n|poke|p1|Iron Hands, L50|\n|poke|p1|Farigiraf, L50, M|\n|poke|p1|Brute Bonnet, L50|\n|poke|p2|Calyrex-Ice, L50|\n|poke|p2|Ho-Oh, L50|\n|poke|p2|Overqwil, L50, F|\n|poke|p2|Rillaboom, L50, F|\n|poke|p2|Ting-Lu, L50|\n|poke|p2|Ogerpon-Wellspring, L50, F|\n|teampreview|4\n|inactive|Battle timer is ON: inactive players will automatically lose when time's up. (requested by KobraKnight)\n|inactive|drive stone has 60 seconds left.\n|\n|t:|1771959505\n|teamsize|p1|4\n|teamsize|p2|4\n|start\n|switch|p1a: Iron Hands|Iron Hands, L50, shiny|100/100\n|switch|p1b: Farigiraf|Farigiraf, L50, M, shiny|100/100\n|switch|p2a: Calyrex|Calyrex-Ice, L50|100/100\n|switch|p2b: Overqwil|Overqwil, L50, F|100/100\n|-ability|p2a: Calyrex|As One\n|-ability|p2a: Calyrex|Unnerve\n|-ability|p2b: Overqwil|Intimidate|boost\n|-unboost|p1a: Iron Hands|atk|1\n|-unboost|p1b: Farigiraf|atk|1\n|turn|1\n|\n|t:|1771959526\n|move|p2b: Overqwil|Toxic Spikes|p1a: Iron Hands\n|-sidestart|p1: KobraKnight|move: Toxic Spikes\n|move|p1b: Farigiraf|Foul Play|p2a: Calyrex\n|-supereffective|p2a: Calyrex\n|-damage|p2a: Calyrex|66/100\n|move|p2a: Calyrex|Leech Seed|p1a: Iron Hands\n|-start|p1a: Iron Hands|move: Leech Seed\n|move|p1a: Iron Hands|Low Kick|p2a: Calyrex\n|-damage|p2a: Calyrex|43/100\n|\n|-heal|p2a: Calyrex|49/100|[from] item: Leftovers\n|-damage|p1a: Iron Hands|88/100|[from] Leech Seed|[of] p2a: Calyrex\n|-heal|p2a: Calyrex|64/100|[silent]\n|upkeep\n|turn|2\n|\n|t:|1771959548\n|-end|p1a: Iron Hands|Quark Drive|[silent]\n|switch|p1a: Groudon|Groudon, L50, shiny|100/100\n|-status|p1a: Groudon|psn\n|-weather|SunnyDay|[from] ability: Drought|[of] p1a: Groudon\n|move|p2a: Calyrex|Protect|p2a: Calyrex\n|-singleturn|p2a: Calyrex|Protect\n|move|p2b: Overqwil|Toxic Spikes|p1b: Farigiraf\n|-sidestart|p1: KobraKnight|move: Toxic Spikes\n|move|p1b: Farigiraf|Foul Play|p2a: Calyrex\n|-activate|p2a: Calyrex|move: Protect\n|\n|-weather|SunnyDay|[upkeep]\n|-heal|p2a: Calyrex|70/100|[from] item: Leftovers\n|-damage|p1a: Groudon|88/100 psn|[from] psn\n|upkeep\n|turn|3\n|inactive|drive stone has 30 seconds left.\n|\n|t:|1771959574\n|switch|p2b: Ho-Oh|Ho-Oh, L50|100/100\n|-terastallize|p1a: Groudon|Fire\n|-terastallize|p2a: Calyrex|Water\n|move|p1b: Farigiraf|Helping Hand|p1a: Groudon\n|-singleturn|p1a: Groudon|Helping Hand|[of] p1b: Farigiraf\n|move|p1a: Groudon|Precipice Blades|p2a: Calyrex|[spread] p2a\n|-immune|p2b: Ho-Oh\n|-damage|p2a: Calyrex|26/100\n|move|p2a: Calyrex|Leech Seed|p1a: Groudon\n|-start|p1a: Groudon|move: Leech Seed\n|\n|-weather|SunnyDay|[upkeep]\n|-heal|p2a: Calyrex|31/100|[from] item: Leftovers\n|-damage|p1a: Groudon|75/100 psn|[from] Leech Seed|[of] p2a: Calyrex\n|-heal|p2a: Calyrex|43/100|[silent]\n|-damage|p1a: Groudon|63/100 psn|[from] psn\n|upkeep\n|turn|4\n|\n|t:|1771959598\n|switch|p1a: Iron Hands|Iron Hands, L50, shiny|88/100\n|-status|p1a: Iron Hands|tox\n|move|p2a: Calyrex|Protect|p2a: Calyrex\n|-singleturn|p2a: Calyrex|Protect\n|move|p2b: Ho-Oh|Sacred Fire|p1b: Farigiraf\n|-damage|p1b: Farigiraf|46/100\n|move|p1b: Farigiraf|Foul Play|p2b: Ho-Oh\n|-damage|p2b: Ho-Oh|81/100\n|-damage|p1b: Farigiraf|30/100|[from] item: Rocky Helmet|[of] p2b: Ho-Oh\n|\n|-weather|SunnyDay|[upkeep]\n|-heal|p2a: Calyrex|49/100|[from] item: Leftovers\n|-damage|p1a: Iron Hands|82/100 tox|[from] psn\n|upkeep\n|turn|5\n|inactive|KobraKnight has 30 seconds left.\n|\n|t:|1771959630\n|switch|p2b: Overqwil|Overqwil, L50, F|100/100\n|-ability|p2b: Overqwil|Intimidate|boost\n|-unboost|p1a: Iron Hands|atk|1\n|-unboost|p1b: Farigiraf|atk|1\n|move|p1b: Farigiraf|Helping Hand|p1a: Iron Hands\n|-singleturn|p1a: Iron Hands|Helping Hand|[of] p1b: Farigiraf\n|move|p2a: Calyrex|Leech Seed|p1a: Iron Hands\n|-start|p1a: Iron Hands|move: Leech Seed\n|move|p1a: Iron Hands|Low Kick|p2a: Calyrex\n|-damage|p2a: Calyrex|15/100\n|\n|-weather|SunnyDay|[upkeep]\n|-heal|p2a: Calyrex|21/100|[from] item: Leftovers\n|-damage|p1a: Iron Hands|69/100 tox|[from] Leech Seed|[of] p2a: Calyrex\n|-heal|p2a: Calyrex|36/100|[silent]\n|-damage|p1a: Iron Hands|57/100 tox|[from] psn\n|upkeep\n|turn|6\n|\n|t:|1771959655\n|-end|p1a: Iron Hands|Quark Drive|[silent]\n|switch|p1a: Groudon|Groudon, L50, shiny, tera:Fire|63/100 psn\n|move|p2b: Overqwil|Barb Barrage|p1a: Groudon\n|-damage|p1a: Groudon|29/100 psn\n|move|p1b: Farigiraf|Foul Play|p2a: Calyrex\n|-damage|p2a: Calyrex|16/100\n|move|p2a: Calyrex|Leech Seed|p1b: Farigiraf\n|-start|p1b: Farigiraf|move: Leech Seed\n|\n|-weather|none\n|-heal|p2a: Calyrex|22/100|[from] item: Leftovers\n|-damage|p1b: Farigiraf|17/100|[from] Leech Seed|[of] p2a: Calyrex\n|-heal|p2a: Calyrex|36/100|[silent]\n|-damage|p1a: Groudon|16/100 psn|[from] psn\n|upkeep\n|turn|7\n|\n|t:|1771959673\n|switch|p2b: Ho-Oh|Ho-Oh, L50|100/100\n|move|p1b: Farigiraf|Helping Hand|p1a: Groudon\n|-singleturn|p1a: Groudon|Helping Hand|[of] p1b: Farigiraf\n|move|p2a: Calyrex|Protect|p2a: Calyrex\n|-singleturn|p2a: Calyrex|Protect\n|move|p1a: Groudon|Precipice Blades|p2b: Ho-Oh|[spread] \n|-activate|p2a: Calyrex|move: Protect\n|-immune|p2b: Ho-Oh\n|\n|-heal|p2a: Calyrex|42/100|[from] item: Leftovers\n|-damage|p1b: Farigiraf|5/100|[from] Leech Seed|[of] p2a: Calyrex\n|-heal|p2a: Calyrex|55/100|[silent]\n|-damage|p1a: Groudon|4/100 psn|[from] psn\n|upkeep\n|turn|8\n|-message|KobraKnight forfeited.\n|\n|win|drive stone\n|raw|KobraKnight's rating: 1218 &rarr; <strong>1193</strong><br />(-25 for losing)\n|raw|drive stone's rating: 1219 &rarr; <strong>1244</strong><br />(+25 for winning)\n|l|\u203dKobraKnight\n|player|p1|\n|l|\u2606drive stone\n|player|p2|\n","uploadtime":1771959866,"views":12,"formatid":"gen9vgc2026regi","rating":1193,"private":0,"password":null}