{"id":"gen9vgc2026regi-2535057273","format":"[Gen 9] VGC 2026 Reg I","players":["Colonelsquid","alexit93"],"log":"|j|\u2606Colonelsquid\n|j|\u2606alexit93\n|t:|1770508337\n|gametype|doubles\n|player|p1|Colonelsquid|102|1460\n|player|p2|alexit93|lucas-gen4pt|1425\n|gen|9\n|tier|[Gen 9] VGC 2026 Reg I\n|rated|\n|rule|Species Clause: Limit one of each Pok\u00e9mon\n|rule|Item Clause: Limit 1 of each item\n|clearpoke\n|poke|p1|Smeargle, L50, M|\n|poke|p1|Calyrex-Ice, L50|\n|poke|p1|Lunala, L50|\n|poke|p1|Indeedee-F, L50, F|\n|poke|p1|Raging Bolt, L50|\n|poke|p1|Urshifu-*, L50, M|\n|poke|p2|Zamazenta-*, L50|\n|poke|p2|Riolu, L50, F|\n|poke|p2|Calyrex-Ice, L50|\n|poke|p2|Rillaboom, L50, M|\n|poke|p2|Incineroar, L50, M|\n|poke|p2|Urshifu-*, L50, M|\n|teampreview|4\n|inactive|Battle timer is ON: inactive players will automatically lose when time's up. (requested by Colonelsquid)\n|\n|t:|1770508366\n|teamsize|p1|4\n|teamsize|p2|4\n|start\n|switch|p1a: Smeargle|Smeargle, L50, M|100/100\n|switch|p1b: Calyrex|Calyrex-Ice, L50|100/100\n|switch|p2a: Calyrex|Calyrex-Ice, L50|100/100\n|switch|p2b: Riolu|Riolu, L50, F|100/100\n|-ability|p2a: Calyrex|As One\n|-ability|p2a: Calyrex|Unnerve\n|-ability|p1b: Calyrex|As One\n|-ability|p1b: Calyrex|Unnerve\n|turn|1\n|inactive|Colonelsquid has 30 seconds left.\n|inactive|Colonelsquid has 20 seconds left.\n|inactive|Colonelsquid has 15 seconds left.\n|inactive|Colonelsquid has 10 seconds left.\n|\n|t:|1770508414\n|move|p2b: Riolu|Coaching|p2a: Calyrex\n|-boost|p2a: Calyrex|atk|1\n|-boost|p2a: Calyrex|def|1\n|move|p1a: Smeargle|Spore|p2a: Calyrex\n|-status|p2a: Calyrex|slp|[from] move: Spore\n|move|p1b: Calyrex|Glacial Lance|p2a: Calyrex|[spread] p2a,p2b\n|-resisted|p2a: Calyrex\n|-crit|p2b: Riolu\n|-damage|p2a: Calyrex|88/100 slp\n|-damage|p2b: Riolu|0 fnt\n|faint|p2b: Riolu\n|-ability|p1b: Calyrex|Chilling Neigh|boost\n|-boost|p1b: Calyrex|atk|1\n|cant|p2a: Calyrex|slp\n|\n|-ability|p1a: Smeargle|Moody|boost\n|-boost|p1a: Smeargle|spd|2\n|-unboost|p1a: Smeargle|def|1\n|upkeep\n|\n|t:|1770508423\n|switch|p2b: Rillaboom|Rillaboom, L50, M|100/100\n|-fieldstart|move: Grassy Terrain|[from] ability: Grassy Surge|[of] p2b: Rillaboom\n|turn|2\n|\n|t:|1770508431\n|switch|p1a: Indeedee|Indeedee-F, L50, F|100/100\n|-fieldstart|move: Psychic Terrain|[from] ability: Psychic Surge|[of] p1a: Indeedee\n|move|p2b: Rillaboom|Fake Out|p1a: Indeedee\n|-activate|p1a: Indeedee|move: Psychic Terrain\n|cant|p2a: Calyrex|slp\n|move|p1b: Calyrex|Glacial Lance|p2b: Rillaboom|[spread] p2a,p2b\n|-resisted|p2a: Calyrex\n|-supereffective|p2b: Rillaboom\n|-damage|p2a: Calyrex|69/100 slp\n|-damage|p2b: Rillaboom|0 fnt\n|faint|p2b: Rillaboom\n|-ability|p1b: Calyrex|Chilling Neigh|boost\n|-boost|p1b: Calyrex|atk|1\n|\n|upkeep\n|\n|t:|1770508434\n|switch|p2b: Zamazenta|Zamazenta-Crowned, L50, shiny|100/100\n|-ability|p2b: Zamazenta|Dauntless Shield|boost\n|-boost|p2b: Zamazenta|def|1\n|turn|3\n|\n|t:|1770508451\n|move|p2b: Zamazenta|Body Press|p1b: Calyrex\n|-damage|p1b: Calyrex|58/100\n|-curestatus|p2a: Calyrex|slp|[msg]\n|move|p2a: Calyrex|Glacial Lance|p1b: Calyrex|[spread] p1a,p1b\n|-resisted|p1b: Calyrex\n|-damage|p1a: Indeedee|8/100\n|-damage|p1b: Calyrex|30/100\n|move|p1b: Calyrex|Close Combat|p2b: Zamazenta\n|-supereffective|p2b: Zamazenta\n|-damage|p2b: Zamazenta|5/100\n|-unboost|p1b: Calyrex|def|1\n|-unboost|p1b: Calyrex|spd|1\n|move|p1a: Indeedee|Trick Room|p1a: Indeedee\n|-fieldstart|move: Trick Room|[of] p1a: Indeedee\n|\n|upkeep\n|turn|4\n|\n|t:|1770508464\n|move|p2b: Zamazenta|Protect|p2b: Zamazenta\n|-singleturn|p2b: Zamazenta|Protect\n|move|p2a: Calyrex|Glacial Lance|p1a: Indeedee|[spread] p1a,p1b\n|-resisted|p1b: Calyrex\n|-damage|p1a: Indeedee|0 fnt\n|-damage|p1b: Calyrex|0 fnt\n|faint|p1a: Indeedee\n|faint|p1b: Calyrex\n|-ability|p2a: Calyrex|Chilling Neigh|boost\n|-boost|p2a: Calyrex|atk|2\n|\n|upkeep\n|\n|t:|1770508469\n|switch|p1b: Smeargle|Smeargle, L50, M|100/100\n|switch|p1a: Lunala|Lunala, L50|100/100\n|turn|5\n|\n|t:|1770508478\n|move|p2a: Calyrex|Protect|p2a: Calyrex\n|-singleturn|p2a: Calyrex|Protect\n|move|p1b: Smeargle|Wide Guard|p1b: Smeargle\n|-singleturn|p1b: Smeargle|Wide Guard\n|move|p1a: Lunala|Expanding Force|p2a: Calyrex|[spread] p2b\n|-activate|p2a: Calyrex|move: Protect\n|-damage|p2b: Zamazenta|0 fnt\n|faint|p2b: Zamazenta\n|\n|-ability|p1b: Smeargle|Moody|boost\n|-boost|p1b: Smeargle|atk|2\n|-unboost|p1b: Smeargle|def|1\n|upkeep\n|turn|6\n|\n|t:|1770508502\n|-terastallize|p2a: Calyrex|Ground\n|-terastallize|p1a: Lunala|Water\n|move|p2a: Calyrex|High Horsepower|p1a: Lunala\n|-damage|p1a: Lunala|37/100\n|move|p1b: Smeargle|Spore|p2a: Calyrex\n|-status|p2a: Calyrex|slp|[from] move: Spore\n|move|p1a: Lunala|Trick Room|p1a: Lunala\n|-fieldend|move: Trick Room\n|\n|-fieldend|move: Psychic Terrain\n|-ability|p1b: Smeargle|Moody|boost\n|-boost|p1b: Smeargle|atk|2\n|-unboost|p1b: Smeargle|def|1\n|upkeep\n|turn|7\n|\n|t:|1770508519\n|move|p1b: Smeargle|Decorate|p1a: Lunala\n|-boost|p1a: Lunala|atk|2\n|-boost|p1a: Lunala|spa|2\n|move|p1a: Lunala|Moongeist Beam|p2a: Calyrex\n|-damage|p2a: Calyrex|0 fnt\n|faint|p2a: Calyrex\n|\n|win|Colonelsquid\n|raw|Colonelsquid's rating: 1460 &rarr; <strong>1478</strong><br />(+18 for winning)\n|raw|alexit93's rating: 1425 &rarr; <strong>1407</strong><br />(-18 for losing)\n|l|\u2606alexit93\n|player|p2|\n|l|\u2606Colonelsquid\n|player|p1|\n","uploadtime":1770508748,"views":17,"formatid":"gen9vgc2026regi","rating":1407,"private":0,"password":null}