{"id":"gen9vgc2026regi-2513796215","format":"[Gen 9] VGC 2026 Reg I","players":["Sparklucario","dasabe\u76d6\u6b27\u5361\u4fa0"],"log":"|j|\u2606Sparklucario\n|j|\u2606dasabe\u76d6\u6b27\u5361\u4fa0\n|t:|1767784161\n|gametype|doubles\n|player|p1|Sparklucario|dragontamer|1340\n|player|p2|dasabe\u76d6\u6b27\u5361\u4fa0|may-masters4|1252\n|gen|9\n|tier|[Gen 9] VGC 2026 Reg I\n|rated|\n|rule|Species Clause: Limit one of each Pok\u00e9mon\n|rule|Item Clause: Limit 1 of each item\n|clearpoke\n|poke|p1|Calyrex-Shadow, L50|\n|poke|p1|Zamazenta-*, L50|\n|poke|p1|Tornadus, L50, M|\n|poke|p1|Raging Bolt, L50|\n|poke|p1|Ogerpon-Hearthflame, L50, F|\n|poke|p1|Chien-Pao, L50|\n|poke|p2|Calyrex-Ice, L50|\n|poke|p2|Kyogre, L50|\n|poke|p2|Smeargle, L50, M|\n|poke|p2|Rillaboom, L50, F|\n|poke|p2|Urshifu-*, L50, F|\n|poke|p2|Landorus, L50, M|\n|teampreview|4\n|inactive|Battle timer is ON: inactive players will automatically lose when time's up. (requested by Sparklucario)\n|c|\u2606Sparklucario|Glhf\n|\n|t:|1767784203\n|teamsize|p1|4\n|teamsize|p2|4\n|start\n|switch|p1a: Calyrex|Calyrex-Shadow, L50|100/100\n|switch|p1b: Zamazenta|Zamazenta-Crowned, L50, shiny|100/100\n|switch|p2a: \u9e7f\u51a0\u738b|Calyrex-Ice, L50|100/100\n|switch|p2b: \u5c0f\u7b14\u7ea2\u80bf|Smeargle, L50, M, shiny|100/100\n|-ability|p1a: Calyrex|As One\n|-ability|p1a: Calyrex|Unnerve\n|-ability|p2a: \u9e7f\u51a0\u738b|As One\n|-ability|p2a: \u9e7f\u51a0\u738b|Unnerve\n|-ability|p1b: Zamazenta|Dauntless Shield|boost\n|-boost|p1b: Zamazenta|def|1\n|turn|1\n|\n|t:|1767784226\n|-terastallize|p2a: \u9e7f\u51a0\u738b|Fairy\n|move|p1a: Calyrex|Encore||[still]\n|-fail|p1a: Calyrex\n|move|p1b: Zamazenta|Behemoth Bash|p2a: \u9e7f\u51a0\u738b\n|-supereffective|p2a: \u9e7f\u51a0\u738b\n|-damage|p2a: \u9e7f\u51a0\u738b|48/100\n|move|p2b: \u5c0f\u7b14\u7ea2\u80bf|Spore|p1a: Calyrex\n|-status|p1a: Calyrex|slp|[from] move: Spore\n|move|p2a: \u9e7f\u51a0\u738b|Trick Room|p2a: \u9e7f\u51a0\u738b\n|-fieldstart|move: Trick Room|[of] p2a: \u9e7f\u51a0\u738b\n|\n|-heal|p2a: \u9e7f\u51a0\u738b|54/100|[from] item: Leftovers\n|-ability|p2b: \u5c0f\u7b14\u7ea2\u80bf|Moody|boost\n|-boost|p2b: \u5c0f\u7b14\u7ea2\u80bf|spd|2\n|-unboost|p2b: \u5c0f\u7b14\u7ea2\u80bf|atk|1\n|upkeep\n|turn|2\n|inactive|Sparklucario has 30 seconds left.\n|\n|t:|1767784255\n|move|p1b: Zamazenta|Protect|p1b: Zamazenta\n|-singleturn|p1b: Zamazenta|Protect\n|move|p2a: \u9e7f\u51a0\u738b|Glacial Lance|p1b: Zamazenta|[spread] p1a\n|-activate|p1b: Zamazenta|move: Protect\n|-damage|p1a: Calyrex|30/100 slp\n|move|p2b: \u5c0f\u7b14\u7ea2\u80bf|Spore|p1b: Zamazenta\n|-activate|p1b: Zamazenta|move: Protect\n|cant|p1a: Calyrex|slp\n|\n|-heal|p2a: \u9e7f\u51a0\u738b|60/100|[from] item: Leftovers\n|-ability|p2b: \u5c0f\u7b14\u7ea2\u80bf|Moody|boost\n|-boost|p2b: \u5c0f\u7b14\u7ea2\u80bf|spa|2\n|-unboost|p2b: \u5c0f\u7b14\u7ea2\u80bf|atk|1\n|upkeep\n|turn|3\n|inactive|Sparklucario has 30 seconds left.\n|\n|t:|1767784284\n|move|p1b: Zamazenta|Wide Guard|p1b: Zamazenta\n|-singleturn|p1b: Zamazenta|Wide Guard\n|move|p2a: \u9e7f\u51a0\u738b|Glacial Lance|p1b: Zamazenta|[spread] \n|-activate|p1a: Calyrex|move: Wide Guard\n|-activate|p1b: Zamazenta|move: Wide Guard\n|move|p2b: \u5c0f\u7b14\u7ea2\u80bf|Spore|p1b: Zamazenta\n|-status|p1b: Zamazenta|slp|[from] move: Spore\n|-curestatus|p1a: Calyrex|slp|[msg]\n|move|p1a: Calyrex|Psychic|p2b: \u5c0f\u7b14\u7ea2\u80bf\n|-damage|p2b: \u5c0f\u7b14\u7ea2\u80bf|41/100\n|\n|-heal|p2a: \u9e7f\u51a0\u738b|66/100|[from] item: Leftovers\n|-ability|p2b: \u5c0f\u7b14\u7ea2\u80bf|Moody|boost\n|-boost|p2b: \u5c0f\u7b14\u7ea2\u80bf|spd|2\n|-unboost|p2b: \u5c0f\u7b14\u7ea2\u80bf|atk|1\n|upkeep\n|turn|4\n|inactive|Sparklucario has 30 seconds left.\n|inactive|Sparklucario has 20 seconds left.\n|\n|t:|1767784323\n|switch|p1b: Chien-Pao|Chien-Pao, L50, shiny|100/100\n|-ability|p1b: Chien-Pao|Sword of Ruin\n|move|p1a: Calyrex|Protect|p1a: Calyrex\n|-singleturn|p1a: Calyrex|Protect\n|move|p2a: \u9e7f\u51a0\u738b|Leech Seed|p1b: Chien-Pao\n|-start|p1b: Chien-Pao|move: Leech Seed\n|move|p2b: \u5c0f\u7b14\u7ea2\u80bf|Spore|p1a: Calyrex\n|-activate|p1a: Calyrex|move: Protect\n|\n|-heal|p2a: \u9e7f\u51a0\u738b|72/100|[from] item: Leftovers\n|-damage|p1b: Chien-Pao|88/100|[from] Leech Seed|[of] p2a: \u9e7f\u51a0\u738b\n|-heal|p2a: \u9e7f\u51a0\u738b|81/100|[silent]\n|-ability|p2b: \u5c0f\u7b14\u7ea2\u80bf|Moody|boost\n|-boost|p2b: \u5c0f\u7b14\u7ea2\u80bf|atk|2\n|-unboost|p2b: \u5c0f\u7b14\u7ea2\u80bf|spd|1\n|upkeep\n|turn|5\n|\n|t:|1767784341\n|switch|p1a: Zamazenta|Zamazenta-Crowned, L50, shiny|100/100 slp\n|move|p2a: \u9e7f\u51a0\u738b|Glacial Lance|p1b: Chien-Pao|[spread] p1a,p1b\n|-resisted|p1a: Zamazenta\n|-resisted|p1b: Chien-Pao\n|-damage|p1a: Zamazenta|74/100 slp\n|-damage|p1b: Chien-Pao|48/100\n|move|p2b: \u5c0f\u7b14\u7ea2\u80bf|Spore|p1a: Zamazenta\n|-fail|p1a: Zamazenta|slp\n|move|p1b: Chien-Pao|Ruination|p2a: \u9e7f\u51a0\u738b\n|-damage|p2a: \u9e7f\u51a0\u738b|41/100\n|\n|-heal|p2a: \u9e7f\u51a0\u738b|46/100|[from] item: Leftovers\n|-damage|p1b: Chien-Pao|36/100|[from] Leech Seed|[of] p2a: \u9e7f\u51a0\u738b\n|-heal|p2a: \u9e7f\u51a0\u738b|56/100|[silent]\n|-fieldend|move: Trick Room\n|-ability|p2b: \u5c0f\u7b14\u7ea2\u80bf|Moody|boost\n|-boost|p2b: \u5c0f\u7b14\u7ea2\u80bf|atk|2\n|-unboost|p2b: \u5c0f\u7b14\u7ea2\u80bf|spa|1\n|upkeep\n|turn|6\n|\n|t:|1767784363\n|switch|p1b: Calyrex|Calyrex-Shadow, L50|30/100\n|-ability|p1b: Calyrex|As One\n|-ability|p1b: Calyrex|Unnerve\n|cant|p1a: Zamazenta|slp\n|move|p2b: \u5c0f\u7b14\u7ea2\u80bf|Spore|p1b: Calyrex\n|-status|p1b: Calyrex|slp|[from] move: Spore\n|move|p2a: \u9e7f\u51a0\u738b|Trick Room|p2a: \u9e7f\u51a0\u738b\n|-fieldstart|move: Trick Room|[of] p2a: \u9e7f\u51a0\u738b\n|\n|-heal|p2a: \u9e7f\u51a0\u738b|61/100|[from] item: Leftovers\n|-ability|p2b: \u5c0f\u7b14\u7ea2\u80bf|Moody|boost\n|-boost|p2b: \u5c0f\u7b14\u7ea2\u80bf|spa|2\n|-unboost|p2b: \u5c0f\u7b14\u7ea2\u80bf|atk|1\n|upkeep\n|turn|7\n|inactive|Sparklucario has 30 seconds left.\n|\n|t:|1767784392\n|switch|p1b: Chien-Pao|Chien-Pao, L50, shiny|36/100\n|-ability|p1b: Chien-Pao|Sword of Ruin\n|move|p2a: \u9e7f\u51a0\u738b|Glacial Lance|p1b: Chien-Pao|[spread] p1a,p1b\n|-resisted|p1a: Zamazenta\n|-resisted|p1b: Chien-Pao\n|-damage|p1a: Zamazenta|49/100 slp\n|-damage|p1b: Chien-Pao|0 fnt\n|faint|p1b: Chien-Pao\n|-ability|p2a: \u9e7f\u51a0\u738b|Chilling Neigh|boost\n|-boost|p2a: \u9e7f\u51a0\u738b|atk|1\n|move|p2b: \u5c0f\u7b14\u7ea2\u80bf|Spore|p1a: Zamazenta\n|-fail|p1a: Zamazenta|slp\n|cant|p1a: Zamazenta|slp\n|\n|-heal|p2a: \u9e7f\u51a0\u738b|67/100|[from] item: Leftovers\n|-ability|p2b: \u5c0f\u7b14\u7ea2\u80bf|Moody|boost\n|-boost|p2b: \u5c0f\u7b14\u7ea2\u80bf|spa|2\n|-unboost|p2b: \u5c0f\u7b14\u7ea2\u80bf|atk|1\n|upkeep\n|\n|t:|1767784412\n|switch|p1b: Raging Bolt|Raging Bolt, L50|100/100\n|-enditem|p1b: Raging Bolt|Booster Energy\n|-activate|p1b: Raging Bolt|ability: Protosynthesis|[fromitem]\n|-start|p1b: Raging Bolt|protosynthesisspa\n|turn|8\n|\n|t:|1767784422\n|move|p1b: Raging Bolt|Protect|p1b: Raging Bolt\n|-singleturn|p1b: Raging Bolt|Protect\n|move|p2a: \u9e7f\u51a0\u738b|Leech Seed|p1a: Zamazenta\n|-start|p1a: Zamazenta|move: Leech Seed\n|move|p2b: \u5c0f\u7b14\u7ea2\u80bf|Spore|p1b: Raging Bolt\n|-activate|p1b: Raging Bolt|move: Protect\n|cant|p1a: Zamazenta|slp\n|\n|-heal|p2a: \u9e7f\u51a0\u738b|73/100|[from] item: Leftovers\n|-damage|p1a: Zamazenta|36/100 slp|[from] Leech Seed|[of] p2a: \u9e7f\u51a0\u738b\n|-heal|p2a: \u9e7f\u51a0\u738b|84/100|[silent]\n|-ability|p2b: \u5c0f\u7b14\u7ea2\u80bf|Moody|boost\n|-boost|p2b: \u5c0f\u7b14\u7ea2\u80bf|def|2\n|-unboost|p2b: \u5c0f\u7b14\u7ea2\u80bf|spa|1\n|upkeep\n|turn|9\n|\n|t:|1767784445\n|-terastallize|p1b: Raging Bolt|Fairy\n|-curestatus|p1a: Zamazenta|slp|[msg]\n|move|p1a: Zamazenta|Wide Guard|p1a: Zamazenta\n|-singleturn|p1a: Zamazenta|Wide Guard\n|move|p2b: \u5c0f\u7b14\u7ea2\u80bf|Follow Me|p2b: \u5c0f\u7b14\u7ea2\u80bf\n|-singleturn|p2b: \u5c0f\u7b14\u7ea2\u80bf|move: Follow Me\n|move|p2a: \u9e7f\u51a0\u738b|Glacial Lance|p1b: Raging Bolt|[spread] \n|-activate|p1a: Zamazenta|move: Wide Guard\n|-activate|p1b: Raging Bolt|move: Wide Guard\n|move|p1b: Raging Bolt|Thunderbolt|p2b: \u5c0f\u7b14\u7ea2\u80bf\n|-damage|p2b: \u5c0f\u7b14\u7ea2\u80bf|0 fnt\n|faint|p2b: \u5c0f\u7b14\u7ea2\u80bf\n|\n|-heal|p2a: \u9e7f\u51a0\u738b|89/100|[from] item: Leftovers\n|-damage|p1a: Zamazenta|24/100|[from] Leech Seed|[of] p2a: \u9e7f\u51a0\u738b\n|-heal|p2a: \u9e7f\u51a0\u738b|99/100|[silent]\n|upkeep\n|\n|t:|1767784451\n|switch|p2b: \u8981\u9646\u4e91\u4e86|Landorus, L50, M|100/100\n|turn|10\n|\n|t:|1767784459\n|switch|p1a: Calyrex|Calyrex-Shadow, L50|30/100 slp\n|-ability|p1a: Calyrex|As One\n|-ability|p1a: Calyrex|Unnerve\n|move|p2a: \u9e7f\u51a0\u738b|Protect|p2a: \u9e7f\u51a0\u738b\n|-singleturn|p2a: \u9e7f\u51a0\u738b|Protect\n|move|p2b: \u8981\u9646\u4e91\u4e86|Protect|p2b: \u8981\u9646\u4e91\u4e86\n|-singleturn|p2b: \u8981\u9646\u4e91\u4e86|Protect\n|move|p1b: Raging Bolt|Draco Meteor|p2b: \u8981\u9646\u4e91\u4e86\n|-activate|p2b: \u8981\u9646\u4e91\u4e86|move: Protect\n|\n|-heal|p2a: \u9e7f\u51a0\u738b|100/100|[from] item: Leftovers\n|-fieldend|move: Trick Room\n|upkeep\n|turn|11\n|inactive|Sparklucario has 30 seconds left.\n|\n|t:|1767784484\n|cant|p1a: Calyrex|slp\n|move|p1b: Raging Bolt|Protect|p1b: Raging Bolt\n|-singleturn|p1b: Raging Bolt|Protect\n|move|p2b: \u8981\u9646\u4e91\u4e86|Sludge Bomb|p1b: Raging Bolt\n|-activate|p1b: Raging Bolt|move: Protect\n|move|p2a: \u9e7f\u51a0\u738b|Glacial Lance|p1a: Calyrex|[spread] p1a\n|-activate|p1b: Raging Bolt|move: Protect\n|-damage|p1a: Calyrex|0 fnt\n|faint|p1a: Calyrex\n|-ability|p2a: \u9e7f\u51a0\u738b|Chilling Neigh|boost\n|-boost|p2a: \u9e7f\u51a0\u738b|atk|1\n|\n|upkeep\n|\n|t:|1767784493\n|switch|p1a: Zamazenta|Zamazenta-Crowned, L50, shiny|24/100\n|turn|12\n|\n|t:|1767784506\n|move|p1a: Zamazenta|Wide Guard|p1a: Zamazenta\n|-singleturn|p1a: Zamazenta|Wide Guard\n|move|p2b: \u8981\u9646\u4e91\u4e86|Sludge Bomb|p1b: Raging Bolt\n|-supereffective|p1b: Raging Bolt\n|-damage|p1b: Raging Bolt|2/100\n|move|p1b: Raging Bolt|Draco Meteor|p2b: \u8981\u9646\u4e91\u4e86\n|-damage|p2b: \u8981\u9646\u4e91\u4e86|0 fnt\n|-unboost|p1b: Raging Bolt|spa|2\n|faint|p2b: \u8981\u9646\u4e91\u4e86\n|move|p2a: \u9e7f\u51a0\u738b|Glacial Lance|p1a: Zamazenta|[spread] \n|-activate|p1a: Zamazenta|move: Wide Guard\n|-activate|p1b: Raging Bolt|move: Wide Guard\n|\n|upkeep\n|\n|t:|1767784510\n|switch|p2b: \u6210\u90fd\u8001\u76d6|Kyogre, L50|100/100\n|-weather|RainDance|[from] ability: Drizzle|[of] p2b: \u6210\u90fd\u8001\u76d6\n|turn|13\n|\n|t:|1767784535\n|move|p1a: Zamazenta|Body Press|p2b: \u6210\u90fd\u8001\u76d6\n|-damage|p2b: \u6210\u90fd\u8001\u76d6|61/100\n|move|p2b: \u6210\u90fd\u8001\u76d6|Origin Pulse|p1b: Raging Bolt|[spread] p1a\n|-miss|p2b: \u6210\u90fd\u8001\u76d6|p1b: Raging Bolt\n|-damage|p1a: Zamazenta|0 fnt\n|faint|p1a: Zamazenta\n|move|p1b: Raging Bolt|Thunderbolt|p2b: \u6210\u90fd\u8001\u76d6\n|-supereffective|p2b: \u6210\u90fd\u8001\u76d6\n|-damage|p2b: \u6210\u90fd\u8001\u76d6|15/100\n|move|p2a: \u9e7f\u51a0\u738b|Leech Seed|p1b: Raging Bolt\n|-start|p1b: Raging Bolt|move: Leech Seed\n|\n|-weather|RainDance|[upkeep]\n|-damage|p1b: Raging Bolt|0 fnt|[from] Leech Seed|[of] p2a: \u9e7f\u51a0\u738b\n|faint|p1b: Raging Bolt\n|-end|p1b: Raging Bolt|Protosynthesis|[silent]\n|\n|win|dasabe\u76d6\u6b27\u5361\u4fa0\n|raw|Sparklucario's rating: 1340 &rarr; <strong>1315</strong><br />(-25 for losing)\n|raw|dasabe\u76d6\u6b27\u5361\u4fa0's rating: 1252 &rarr; <strong>1283</strong><br />(+31 for winning)\n|l|\u2606dasabe\u76d6\u6b27\u5361\u4fa0\n|player|p2|\n|l|\u2606Sparklucario\n|player|p1|\n","uploadtime":1767784678,"views":42,"formatid":"gen9vgc2026regi","rating":1283,"private":0,"password":null}