{"id":"gen9vgc2026regi-2585558175","format":"[Gen 9] VGC 2026 Reg I","players":["DannyDayChurch","Harry Koekenpan"],"log":"|j|\u2606DannyDayChurch\n|j|\u2606Harry Koekenpan\n|t:|1776355427\n|gametype|doubles\n|player|p1|DannyDayChurch|guitarist-gen4|1388\n|player|p2|Harry Koekenpan|102|1346\n|gen|9\n|tier|[Gen 9] VGC 2026 Reg I\n|rated|\n|rule|Species Clause: Limit one of each Pok\u00e9mon\n|rule|Item Clause: Limit 1 of each item\n|clearpoke\n|poke|p1|Whimsicott, L50, F|\n|poke|p1|Kyogre, L50|\n|poke|p1|Urshifu-*, L50, M|\n|poke|p1|Ursaluna-Bloodmoon, L50, M|\n|poke|p1|Miraidon, L50|\n|poke|p1|Incineroar, L50, M|\n|poke|p2|Weezing-Galar, L50, F|\n|poke|p2|Calyrex-Shadow, L50|\n|poke|p2|Regigigas, L50|\n|poke|p2|Koraidon, L50|\n|poke|p2|Chi-Yu, L50|\n|poke|p2|Brute Bonnet, L50|\n|teampreview|4\n|inactive|Battle timer is ON: inactive players will automatically lose when time's up. (requested by DannyDayChurch)\n|inactive|Harry Koekenpan also wants the timer to be on.\n|\n|t:|1776355451\n|teamsize|p1|4\n|teamsize|p2|4\n|start\n|switch|p1a: Whimsicott|Whimsicott, L50, F, shiny|100/100\n|switch|p1b: Urshifu|Urshifu-Rapid-Strike, L50, M|100/100\n|switch|p2a: Weezing|Weezing-Galar, L50, F|100/100\n|switch|p2b: Koraidon|Koraidon, L50|100/100\n|-ability|p2a: Weezing|Neutralizing Gas\n|-block|p2b: Koraidon|item: Ability Shield\n|-weather|SunnyDay|[from] ability: Orichalcum Pulse|[of] p2b: Koraidon\n|-activate|p2b: Koraidon|Orichalcum Pulse|[source]\n|turn|1\n|\n|t:|1776355475\n|-terastallize|p2b: Koraidon|Fire\n|move|p1b: Urshifu|Detect|p1b: Urshifu\n|-singleturn|p1b: Urshifu|Protect\n|move|p2b: Koraidon|Flame Charge|p1b: Urshifu\n|-activate|p1b: Urshifu|move: Protect\n|move|p1a: Whimsicott|Moonblast|p2b: Koraidon\n|-resisted|p2b: Koraidon\n|-damage|p2b: Koraidon|84/100\n|move|p2a: Weezing|Sludge Bomb|p1a: Whimsicott\n|-supereffective|p1a: Whimsicott\n|-enditem|p1a: Whimsicott|Focus Sash\n|-damage|p1a: Whimsicott|1/100\n|\n|-weather|SunnyDay|[upkeep]\n|upkeep\n|turn|2\n|\n|t:|1776355496\n|switch|p1b: Kyogre|Kyogre, L50|100/100\n|move|p2b: Koraidon|Flame Charge|p1a: Whimsicott\n|-supereffective|p1a: Whimsicott\n|-damage|p1a: Whimsicott|0 fnt\n|-boost|p2b: Koraidon|spe|1\n|faint|p1a: Whimsicott\n|move|p2a: Weezing|Toxic Spikes|p1b: Kyogre\n|-sidestart|p1: DannyDayChurch|move: Toxic Spikes\n|\n|-weather|SunnyDay|[upkeep]\n|upkeep\n|\n|t:|1776355510\n|switch|p1a: Miraidon|Miraidon, L50, shiny|100/100\n|-status|p1a: Miraidon|psn\n|turn|3\n|\n|t:|1776355533\n|-terastallize|p1a: Miraidon|Electric\n|move|p2b: Koraidon|Collision Course|p1a: Miraidon\n|-damage|p1a: Miraidon|19/100 psn\n|move|p1a: Miraidon|Electro Drift|p2b: Koraidon\n|-damage|p2b: Koraidon|3/100\n|move|p1b: Kyogre|Ice Beam|p2a: Weezing\n|-damage|p2a: Weezing|46/100\n|-enditem|p2a: Weezing|Sitrus Berry|[eat]\n|-heal|p2a: Weezing|71/100|[from] item: Sitrus Berry\n|move|p2a: Weezing|Sludge Bomb|p1a: Miraidon\n|-damage|p1a: Miraidon|0 fnt\n|faint|p1a: Miraidon\n|\n|-weather|SunnyDay|[upkeep]\n|upkeep\n|\n|t:|1776355552\n|switch|p1a: Urshifu|Urshifu-Rapid-Strike, L50, M|100/100\n|-status|p1a: Urshifu|psn\n|turn|4\n|\n|t:|1776355562\n|move|p2a: Weezing|Protect|p2a: Weezing\n|-singleturn|p2a: Weezing|Protect\n|move|p1a: Urshifu|Aqua Jet|p2b: Koraidon\n|-supereffective|p2b: Koraidon\n|-damage|p2b: Koraidon|0 fnt\n|faint|p2b: Koraidon\n|move|p1b: Kyogre|Ice Beam|p2a: Weezing\n|-activate|p2a: Weezing|move: Protect\n|\n|-weather|SunnyDay|[upkeep]\n|-damage|p1a: Urshifu|88/100 psn|[from] psn\n|upkeep\n|\n|t:|1776355568\n|switch|p2b: Calyrex|Calyrex-Shadow, L50|100/100\n|-ability|p2b: Calyrex|As One\n|-ability|p2b: Calyrex|Unnerve\n|turn|5\n|\n|t:|1776355581\n|move|p2b: Calyrex|Astral Barrage|p1a: Urshifu|[spread] p1a,p1b\n|-damage|p1a: Urshifu|0 fnt\n|-damage|p1b: Kyogre|39/100\n|faint|p1a: Urshifu\n|-ability|p2b: Calyrex|Grim Neigh|boost\n|-boost|p2b: Calyrex|spa|1\n|-damage|p2b: Calyrex|91/100|[from] item: Life Orb\n|move|p1b: Kyogre|Ice Beam|p2a: Weezing\n|-crit|p2a: Weezing\n|-damage|p2a: Weezing|0 fnt\n|faint|p2a: Weezing\n|-end|p2a: Weezing|ability: Neutralizing Gas\n|-weather|RainDance|[from] ability: Drizzle|[of] p1b: Kyogre\n|\n|-weather|RainDance|[upkeep]\n|upkeep\n|-message|DannyDayChurch forfeited.\n|\n|win|Harry Koekenpan\n|raw|DannyDayChurch's rating: 1388 &rarr; <strong>1366</strong><br />(-22 for losing)\n|raw|Harry Koekenpan's rating: 1346 &rarr; <strong>1368</strong><br />(+22 for winning)\n|l|\u2606DannyDayChurch\n|player|p1|\n","uploadtime":1776355595,"views":10,"formatid":"gen9vgc2026regi","rating":1366,"private":0,"password":null}