{"id":"gen9vgc2026regi-2550982627","format":"[Gen 9] VGC 2026 Reg I","players":["MachBot309","CHR1SPHX"],"log":"|j|\u2606MachBot309\n|j|\u2606CHR1SPHX\n|t:|1772554829\n|gametype|doubles\n|player|p1|MachBot309|n|1074\n|player|p2|CHR1SPHX|hilbert|1148\n|gen|9\n|tier|[Gen 9] VGC 2026 Reg I\n|rated|\n|rule|Species Clause: Limit one of each Pok\u00e9mon\n|rule|Item Clause: Limit 1 of each item\n|clearpoke\n|poke|p1|Giratina-Origin, L50|\n|poke|p1|Zamazenta-*, L50|\n|poke|p1|Chien-Pao, L50|\n|poke|p1|Entei, L50|\n|poke|p1|Urshifu-*, L50, F|\n|poke|p1|Rillaboom, L50, F|\n|poke|p2|Lunala, L50|\n|poke|p2|Amoonguss, L50, M|\n|poke|p2|Ursaluna-Bloodmoon, L50, M|\n|poke|p2|Incineroar, L50, M|\n|poke|p2|Koraidon, L50|\n|poke|p2|Flutter Mane, L50|\n|teampreview|4\n|inactive|Battle timer is ON: inactive players will automatically lose when time's up. (requested by CHR1SPHX)\n|\n|t:|1772554850\n|teamsize|p1|4\n|teamsize|p2|4\n|start\n|switch|p1a: Chien-Pao|Chien-Pao, L50|100/100\n|switch|p1b: Urshifu|Urshifu-Rapid-Strike, L50, F|100/100\n|switch|p2a: Lunala|Lunala, L50|100/100\n|switch|p2b: Ursaluna|Ursaluna-Bloodmoon, L50, M|100/100\n|-ability|p1a: Chien-Pao|Sword of Ruin\n|turn|1\n|\n|t:|1772554875\n|switch|p2b: Amoonguss|Amoonguss, L50, M, shiny|100/100\n|-terastallize|p1b: Urshifu|Water\n|-terastallize|p2a: Lunala|Fairy\n|move|p1a: Chien-Pao|Protect|p1a: Chien-Pao\n|-singleturn|p1a: Chien-Pao|Protect\n|move|p1b: Urshifu|Surging Strikes|p2b: Amoonguss\n|-resisted|p2b: Amoonguss\n|-crit|p2b: Amoonguss\n|-damage|p2b: Amoonguss|85/100\n|-damage|p1b: Urshifu|84/100|[from] item: Rocky Helmet|[of] p2b: Amoonguss\n|-resisted|p2b: Amoonguss\n|-crit|p2b: Amoonguss\n|-damage|p2b: Amoonguss|69/100\n|-damage|p1b: Urshifu|67/100|[from] item: Rocky Helmet|[of] p2b: Amoonguss\n|-resisted|p2b: Amoonguss\n|-crit|p2b: Amoonguss\n|-damage|p2b: Amoonguss|52/100\n|-damage|p1b: Urshifu|51/100|[from] item: Rocky Helmet|[of] p2b: Amoonguss\n|-hitcount|p2b: Amoonguss|3\n|move|p2a: Lunala|Trick Room|p2a: Lunala\n|-fieldstart|move: Trick Room|[of] p2a: Lunala\n|\n|upkeep\n|turn|2\n|inactive|MachBot309 has 30 seconds left.\n|\n|t:|1772554901\n|switch|p1b: Zamazenta|Zamazenta-Crowned, L50|100/100\n|-ability|p1b: Zamazenta|Dauntless Shield|boost\n|-boost|p1b: Zamazenta|def|1\n|move|p2b: Amoonguss|Rage Powder|p2b: Amoonguss\n|-singleturn|p2b: Amoonguss|move: Rage Powder\n|move|p1a: Chien-Pao|Sucker Punch||[still]\n|-fail|p1a: Chien-Pao\n|move|p2a: Lunala|Moonblast|p1a: Chien-Pao\n|-supereffective|p1a: Chien-Pao\n|-enditem|p1a: Chien-Pao|Focus Sash\n|-damage|p1a: Chien-Pao|1/100\n|-unboost|p1a: Chien-Pao|spa|1\n|\n|upkeep\n|turn|3\n|\n|t:|1772554922\n|move|p1a: Chien-Pao|Protect|p1a: Chien-Pao\n|-singleturn|p1a: Chien-Pao|Protect\n|move|p2b: Amoonguss|Spore|p1b: Zamazenta\n|-status|p1b: Zamazenta|slp|[from] move: Spore\n|move|p2a: Lunala|Moonblast|p1b: Zamazenta\n|-damage|p1b: Zamazenta|61/100 slp\n|cant|p1b: Zamazenta|slp\n|\n|upkeep\n|turn|4\n|\n|t:|1772554938\n|switch|p2b: Incineroar|Incineroar, L50, M|100/100\n|-ability|p2b: Incineroar|Intimidate|boost\n|-unboost|p1a: Chien-Pao|atk|1\n|-unboost|p1b: Zamazenta|atk|1\n|move|p2a: Lunala|Moonblast|p1b: Zamazenta\n|-damage|p1b: Zamazenta|19/100 slp\n|cant|p1b: Zamazenta|slp\n|move|p1a: Chien-Pao|Icicle Crash|p2b: Incineroar\n|-resisted|p2b: Incineroar\n|-damage|p2b: Incineroar|85/100\n|\n|upkeep\n|turn|5\n|\n|t:|1772554953\n|switch|p2b: Amoonguss|Amoonguss, L50, M, shiny|85/100\n|cant|p1b: Zamazenta|slp\n|move|p1a: Chien-Pao|Protect|p1a: Chien-Pao\n|-singleturn|p1a: Chien-Pao|Protect\n|move|p2a: Lunala|Moonblast|p1b: Zamazenta\n|-damage|p1b: Zamazenta|0 fnt\n|faint|p1b: Zamazenta\n|\n|-fieldend|move: Trick Room\n|upkeep\n|\n|t:|1772554966\n|switch|p1b: Giratina|Giratina-Origin, L50|100/100\n|turn|6\n|\n|t:|1772554978\n|move|p1b: Giratina|Protect|p1b: Giratina\n|-singleturn|p1b: Giratina|Protect\n|move|p1a: Chien-Pao|Icicle Crash|p2b: Amoonguss\n|-supereffective|p2b: Amoonguss\n|-damage|p2b: Amoonguss|19/100\n|move|p2a: Lunala|Moonblast|p1b: Giratina\n|-activate|p1b: Giratina|move: Protect\n|move|p2b: Amoonguss|Spore|p1b: Giratina\n|-activate|p1b: Giratina|move: Protect\n|\n|upkeep\n|turn|7\n|\n|t:|1772554999\n|switch|p2b: Incineroar|Incineroar, L50, M|85/100\n|-ability|p2b: Incineroar|Intimidate|boost\n|-unboost|p1a: Chien-Pao|atk|1\n|-unboost|p1b: Giratina|atk|1\n|move|p1b: Giratina|Shadow Sneak|p2a: Lunala\n|-damage|p2a: Lunala|92/100\n|move|p1a: Chien-Pao|Icicle Crash|p2b: Incineroar\n|-resisted|p2b: Incineroar\n|-damage|p2b: Incineroar|72/100\n|move|p2a: Lunala|Moonblast|p1b: Giratina\n|-supereffective|p1b: Giratina\n|-damage|p1b: Giratina|22/100\n|-unboost|p1b: Giratina|spa|1\n|\n|upkeep\n|turn|8\n|l|\u2606CHR1SPHX\n|inactive|CHR1SPHX disconnected and has a minute to reconnect!\n|player|p2|\n|inactive|CHR1SPHX has 30 seconds left.\n|j|\u2606CHR1SPHX\n|inactive|CHR1SPHX reconnected and has 30 seconds left.\n|player|p2|CHR1SPHX|hilbert|\n|inactive|CHR1SPHX has 20 seconds left.\n|\n|t:|1772555036\n|switch|p1b: Urshifu|Urshifu-Rapid-Strike, L50, F, tera:Water|51/100\n|move|p1a: Chien-Pao|Protect|p1a: Chien-Pao\n|-singleturn|p1a: Chien-Pao|Protect\n|move|p2b: Incineroar|Fake Out|p1a: Chien-Pao\n|-activate|p1a: Chien-Pao|move: Protect\n|move|p2a: Lunala|Moonblast|p1b: Urshifu\n|-damage|p1b: Urshifu|0 fnt\n|faint|p1b: Urshifu\n|\n|upkeep\n|\n|t:|1772555047\n|switch|p1b: Giratina|Giratina-Origin, L50|22/100\n|turn|9\n|\n|t:|1772555056\n|move|p1b: Giratina|Protect|p1b: Giratina\n|-singleturn|p1b: Giratina|Protect\n|move|p1a: Chien-Pao|Crunch|p2a: Lunala\n|-resisted|p2a: Lunala\n|-damage|p2a: Lunala|83/100\n|move|p2a: Lunala|Moonblast|p1a: Chien-Pao\n|-supereffective|p1a: Chien-Pao\n|-damage|p1a: Chien-Pao|0 fnt\n|faint|p1a: Chien-Pao\n|move|p2b: Incineroar|Knock Off|p1b: Giratina\n|-activate|p1b: Giratina|move: Protect\n|\n|upkeep\n|turn|10\n|\n|t:|1772555072\n|move|p2a: Lunala|Moonblast|p1b: Giratina\n|-supereffective|p1b: Giratina\n|-damage|p1b: Giratina|0 fnt\n|faint|p1b: Giratina\n|\n|win|CHR1SPHX\n|raw|MachBot309's rating: 1074 &rarr; <strong>1057</strong><br />(-17 for losing)\n|raw|CHR1SPHX's rating: 1148 &rarr; <strong>1168</strong><br />(+20 for winning)\n|l|\u2606MachBot309\n|player|p1|\n","uploadtime":1772555080,"views":17,"formatid":"gen9vgc2026regi","rating":1057,"private":0,"password":null}