{"id":"gen9vgc2026regi-2578825962","format":"[Gen 9] VGC 2026 Reg I","players":["moyuanjie","asroarri"],"log":"|j|\u2606moyuanjie\n|j|\u2606asroarri\n|t:|1775723910\n|gametype|doubles\n|player|p1|moyuanjie|2|1530\n|player|p2|asroarri|dawn|1524\n|gen|9\n|tier|[Gen 9] VGC 2026 Reg I\n|rated|\n|rule|Species Clause: Limit one of each Pok\u00e9mon\n|rule|Item Clause: Limit 1 of each item\n|clearpoke\n|poke|p1|Smeargle, L50, M|\n|poke|p1|Muk-Alola, L50, M|\n|poke|p1|Calyrex-Shadow, L50|\n|poke|p1|Pelipper, L50, M|\n|poke|p1|Flamigo, L50, M|\n|poke|p1|Miraidon, L50|\n|poke|p2|Calyrex-Ice, L50|\n|poke|p2|Miraidon, L50|\n|poke|p2|Iron Hands, L50|\n|poke|p2|Farigiraf, L50, F|\n|poke|p2|Torkoal, L50, M|\n|poke|p2|Smeargle, L50, F|\n|teampreview|4\n|inactive|Battle timer is ON: inactive players will automatically lose when time's up. (requested by asroarri)\n|inactive|moyuanjie has 60 seconds left.\n|\n|t:|1775723958\n|teamsize|p1|4\n|teamsize|p2|4\n|start\n|switch|p1a: Smeargle|Smeargle, L50, M|100/100\n|switch|p1b: Muk|Muk-Alola, L50, M|100/100\n|switch|p2a: Miraidon|Miraidon, L50|100/100\n|switch|p2b: Farigiraf|Farigiraf, L50, F|100/100\n|-fieldstart|move: Electric Terrain|[from] ability: Hadron Engine|[of] p2a: Miraidon\n|-enditem|p2b: Farigiraf|Electric Seed\n|-boost|p2b: Farigiraf|def|1|[from] item: Electric Seed\n|turn|1\n|\n|t:|1775723976\n|move|p1a: Smeargle|Follow Me|p1a: Smeargle\n|-singleturn|p1a: Smeargle|move: Follow Me\n|move|p2a: Miraidon|Volt Switch|p1a: Smeargle\n|-enditem|p1a: Smeargle|Focus Sash\n|-damage|p1a: Smeargle|1/100\n|\n|t:|1775723981\n|switch|p2a: Calyrex|Calyrex-Ice, L50|100/100|[from] Volt Switch\n|-ability|p2a: Calyrex|As One\n|-ability|p2a: Calyrex|Unnerve\n|move|p1b: Muk|Minimize|p1b: Muk\n|-boost|p1b: Muk|evasion|2\n|move|p2b: Farigiraf|Trick Room|p2b: Farigiraf\n|-fieldstart|move: Trick Room|[of] p2b: Farigiraf\n|\n|-ability|p1a: Smeargle|Moody|boost\n|-boost|p1a: Smeargle|spa|2\n|-unboost|p1a: Smeargle|def|1\n|upkeep\n|turn|2\n|\n|t:|1775724001\n|switch|p1a: Calyrex|Calyrex-Shadow, L50|100/100\n|-ability|p1a: Calyrex|As One\n|-ability|p1a: Calyrex|Unnerve\n|move|p2a: Calyrex|High Horsepower|p1b: Muk\n|-supereffective|p1b: Muk\n|-damage|p1b: Muk|32/100\n|move|p1b: Muk|Minimize|p1b: Muk\n|-boost|p1b: Muk|evasion|2\n|move|p2b: Farigiraf|Foul Play|p1a: Calyrex\n|-supereffective|p1a: Calyrex\n|-damage|p1a: Calyrex|26/100\n|\n|-heal|p1b: Muk|38/100|[from] item: Leftovers\n|upkeep\n|turn|3\n|inactive|asroarri has 30 seconds left.\n|\n|t:|1775724029\n|switch|p1a: Smeargle|Smeargle, L50, M|1/100\n|-terastallize|p2a: Calyrex|Ground\n|-terastallize|p1b: Muk|Water\n|move|p2a: Calyrex|High Horsepower|p1b: Muk|[miss]\n|-miss|p2a: Calyrex|p1b: Muk\n|move|p1b: Muk|Minimize|p1b: Muk\n|-boost|p1b: Muk|evasion|2\n|move|p2b: Farigiraf|Foul Play|p1a: Smeargle\n|-crit|p1a: Smeargle\n|-damage|p1a: Smeargle|0 fnt\n|faint|p1a: Smeargle\n|-ability|p1b: Muk|Moody|Power of Alchemy|[from] ability: Power of Alchemy|[of] p1a: Smeargle\n|\n|-heal|p1b: Muk|44/100|[from] item: Leftovers\n|-ability|p1b: Muk|Moody|boost\n|-boost|p1b: Muk|spd|2\n|-unboost|p1b: Muk|atk|1\n|upkeep\n|\n|t:|1775724052\n|switch|p1a: Calyrex|Calyrex-Shadow, L50|26/100\n|-ability|p1a: Calyrex|As One\n|-ability|p1a: Calyrex|Unnerve\n|turn|4\n|\n|t:|1775724060\n|switch|p1a: Miraidon|Miraidon, L50|100/100\n|-activate|p1a: Miraidon|ability: Hadron Engine\n|move|p2a: Calyrex|High Horsepower|p1b: Muk|[miss]\n|-miss|p2a: Calyrex|p1b: Muk\n|move|p1b: Muk|Poison Gas|p2a: Calyrex|[spread] p2a,p2b\n|-status|p2a: Calyrex|psn\n|-status|p2b: Farigiraf|psn\n|move|p2b: Farigiraf|Foul Play|p1a: Miraidon\n|-damage|p1a: Miraidon|85/100\n|\n|-heal|p1b: Muk|50/100|[from] item: Leftovers\n|-damage|p2a: Calyrex|88/100 psn|[from] psn\n|-damage|p2b: Farigiraf|88/100 psn|[from] psn\n|-ability|p1b: Muk|Moody|boost\n|-boost|p1b: Muk|spd|2\n|-unboost|p1b: Muk|def|1\n|upkeep\n|turn|5\n|inactive|moyuanjie has 30 seconds left.\n|\n|t:|1775724085\n|move|p1b: Muk|Knock Off|p2a: Calyrex\n|-damage|p2a: Calyrex|74/100 psn\n|-enditem|p2a: Calyrex|Clear Amulet|[from] move: Knock Off|[of] p1b: Muk\n|move|p1a: Miraidon|Volt Switch|p2b: Farigiraf\n|-damage|p2b: Farigiraf|36/100 psn\n|\n|t:|1775724094\n|switch|p1a: Calyrex|Calyrex-Shadow, L50|26/100|[from] Volt Switch\n|-ability|p1a: Calyrex|As One\n|-ability|p1a: Calyrex|Unnerve\n|move|p2a: Calyrex|Trick Room|p2a: Calyrex\n|-fieldend|move: Trick Room\n|move|p2b: Farigiraf|Trick Room|p2b: Farigiraf\n|-fieldstart|move: Trick Room|[of] p2b: Farigiraf\n|\n|-heal|p1b: Muk|56/100|[from] item: Leftovers\n|-damage|p2a: Calyrex|62/100 psn|[from] psn\n|-damage|p2b: Farigiraf|24/100 psn|[from] psn\n|-fieldend|move: Electric Terrain\n|-ability|p1b: Muk|Moody|boost\n|-boost|p1b: Muk|def|2\n|-unboost|p1b: Muk|spd|1\n|upkeep\n|turn|6\n|\n|t:|1775724118\n|move|p1b: Muk|Protect|p1b: Muk\n|-singleturn|p1b: Muk|Protect\n|move|p1a: Calyrex|Protect|p1a: Calyrex\n|-singleturn|p1a: Calyrex|Protect\n|move|p2a: Calyrex|Glacial Lance|p1a: Calyrex|[spread] \n|-activate|p1a: Calyrex|move: Protect\n|-activate|p1b: Muk|move: Protect\n|move|p2b: Farigiraf|Psychic|p1b: Muk\n|-activate|p1b: Muk|move: Protect\n|\n|-heal|p1b: Muk|62/100|[from] item: Leftovers\n|-damage|p2a: Calyrex|50/100 psn|[from] psn\n|-damage|p2b: Farigiraf|12/100 psn|[from] psn\n|-ability|p1b: Muk|Moody|boost\n|-boost|p1b: Muk|spa|2\n|-unboost|p1b: Muk|atk|1\n|upkeep\n|turn|7\n|\n|t:|1775724138\n|move|p1a: Calyrex|Protect||[still]\n|-fail|p1a: Calyrex\n|move|p2a: Calyrex|High Horsepower|p1b: Muk|[miss]\n|-miss|p2a: Calyrex|p1b: Muk\n|move|p1b: Muk|Knock Off|p2a: Calyrex\n|-damage|p2a: Calyrex|43/100 psn\n|move|p2b: Farigiraf|Foul Play|p1a: Calyrex\n|-supereffective|p1a: Calyrex\n|-crit|p1a: Calyrex\n|-damage|p1a: Calyrex|0 fnt\n|faint|p1a: Calyrex\n|\n|-heal|p1b: Muk|68/100|[from] item: Leftovers\n|-damage|p2a: Calyrex|30/100 psn|[from] psn\n|-damage|p2b: Farigiraf|0 fnt|[from] psn\n|faint|p2b: Farigiraf\n|-ability|p1b: Muk|Moody|boost\n|-boost|p1b: Muk|def|2\n|-unboost|p1b: Muk|spe|1\n|upkeep\n|\n|t:|1775724158\n|switch|p2b: Iron Hands|Iron Hands, L50|100/100\n|switch|p1a: Miraidon|Miraidon, L50|85/100\n|-fieldstart|move: Electric Terrain|[from] ability: Hadron Engine|[of] p1a: Miraidon\n|-activate|p2b: Iron Hands|ability: Quark Drive\n|-start|p2b: Iron Hands|quarkdriveatk\n|turn|8\n|\n|t:|1775724168\n|move|p1b: Muk|Poison Gas|p2b: Iron Hands|[spread] p2a,p2b\n|-fail|p2a: Calyrex|psn\n|-status|p2b: Iron Hands|psn\n|move|p2a: Calyrex|High Horsepower|p1a: Miraidon\n|-supereffective|p1a: Miraidon\n|-damage|p1a: Miraidon|0 fnt\n|faint|p1a: Miraidon\n|-ability|p2a: Calyrex|Chilling Neigh|boost\n|-boost|p2a: Calyrex|atk|1\n|move|p2b: Iron Hands|Wild Charge|p1b: Muk\n|-supereffective|p1b: Muk\n|-damage|p1b: Muk|9/100\n|-damage|p2b: Iron Hands|88/100 psn|[from] Recoil\n|\n|-heal|p1b: Muk|15/100|[from] item: Leftovers\n|-damage|p2a: Calyrex|18/100 psn|[from] psn\n|-damage|p2b: Iron Hands|75/100 psn|[from] psn\n|-ability|p1b: Muk|Moody|boost\n|-boost|p1b: Muk|spa|2\n|-unboost|p1b: Muk|def|1\n|upkeep\n|turn|9\n|\n|t:|1775724189\n|move|p1b: Muk|Protect|p1b: Muk\n|-singleturn|p1b: Muk|Protect\n|move|p2a: Calyrex|High Horsepower|p1b: Muk\n|-activate|p1b: Muk|move: Protect\n|move|p2b: Iron Hands|Wild Charge|p1b: Muk\n|-activate|p1b: Muk|move: Protect\n|\n|-heal|p1b: Muk|21/100|[from] item: Leftovers\n|-damage|p2a: Calyrex|6/100 psn|[from] psn\n|-damage|p2b: Iron Hands|63/100 psn|[from] psn\n|-fieldend|move: Trick Room\n|-ability|p1b: Muk|Moody|boost\n|-boost|p1b: Muk|atk|2\n|-unboost|p1b: Muk|def|1\n|upkeep\n|turn|10\n|\n|t:|1775724205\n|move|p2b: Iron Hands|Wild Charge|p1b: Muk|[miss]\n|-miss|p2b: Iron Hands|p1b: Muk\n|move|p2a: Calyrex|High Horsepower|p1b: Muk|[miss]\n|-miss|p2a: Calyrex|p1b: Muk\n|move|p1b: Muk|Knock Off|p2b: Iron Hands\n|-resisted|p2b: Iron Hands\n|-damage|p2b: Iron Hands|52/100 psn\n|-enditem|p2b: Iron Hands|Assault Vest|[from] move: Knock Off|[of] p1b: Muk\n|\n|-heal|p1b: Muk|27/100|[from] item: Leftovers\n|-damage|p2a: Calyrex|0 fnt|[from] psn\n|faint|p2a: Calyrex\n|-damage|p2b: Iron Hands|40/100 psn|[from] psn\n|-ability|p1b: Muk|Moody|boost\n|-boost|p1b: Muk|spd|2\n|-unboost|p1b: Muk|spa|1\n|upkeep\n|\n|t:|1775724212\n|switch|p2a: Miraidon|Miraidon, L50|100/100\n|-activate|p2a: Miraidon|ability: Hadron Engine\n|turn|11\n|\n|t:|1775724226\n|move|p1b: Muk|Protect|p1b: Muk\n|-singleturn|p1b: Muk|Protect\n|move|p2a: Miraidon|Electro Drift|p1b: Muk\n|-activate|p1b: Muk|move: Protect\n|move|p2b: Iron Hands|Wild Charge|p1b: Muk\n|-activate|p1b: Muk|move: Protect\n|\n|-heal|p1b: Muk|34/100|[from] item: Leftovers\n|-damage|p2b: Iron Hands|27/100 psn|[from] psn\n|-ability|p1b: Muk|Moody|boost\n|-boost|p1b: Muk|spa|2\n|-unboost|p1b: Muk|spd|1\n|upkeep\n|turn|12\n|\n|t:|1775724241\n|move|p2a: Miraidon|Electro Drift|p1b: Muk\n|-supereffective|p1b: Muk\n|-damage|p1b: Muk|0 fnt\n|faint|p1b: Muk\n|\n|win|asroarri\n|raw|moyuanjie's rating: 1530 &rarr; <strong>1510</strong><br />(-20 for losing)\n|raw|asroarri's rating: 1524 &rarr; <strong>1544</strong><br />(+20 for winning)\n|l|\u2606asroarri\n|player|p2|\n|l|\u2606moyuanjie\n|player|p1|\n","uploadtime":1775724492,"views":9,"formatid":"gen9vgc2026regi","rating":1510,"private":0,"password":null}