{"id":"gen9vgc2026regi-2565490001","format":"[Gen 9] VGC 2026 Reg I","players":["CarajilloMan","sheeshshane925"],"log":"|j|\u2606CarajilloMan\n|j|\u2606sheeshshane925\n|t:|1774279730\n|gametype|doubles\n|player|p1|CarajilloMan|ninjaboy|1476\n|player|p2|sheeshshane925|chuck|1503\n|gen|9\n|tier|[Gen 9] VGC 2026 Reg I\n|rated|\n|rule|Species Clause: Limit one of each Pok\u00e9mon\n|rule|Item Clause: Limit 1 of each item\n|clearpoke\n|poke|p1|Miraidon, L50|\n|poke|p1|Excadrill, L50, F|\n|poke|p1|Tyranitar, L50, M|\n|poke|p1|Tinkaton, L50, F|\n|poke|p1|Lunala, L50|\n|poke|p1|Farigiraf, L50, F|\n|poke|p2|Calyrex-Ice, L50|\n|poke|p2|Miraidon, L50|\n|poke|p2|Farigiraf, L50, M|\n|poke|p2|Iron Hands, L50|\n|poke|p2|Scraggy, L50, F|\n|poke|p2|Iron Bundle, L50|\n|teampreview|4\n|inactive|Battle timer is ON: inactive players will automatically lose when time's up. (requested by sheeshshane925)\n|\n|t:|1774279754\n|teamsize|p1|4\n|teamsize|p2|4\n|start\n|switch|p1a: Tinkaton|Tinkaton, L50, F|100/100\n|switch|p1b: Lunala|Lunala, L50|100/100\n|switch|p2a: Miraidon|Miraidon, L50, shiny|100/100\n|switch|p2b: Iron Bundle|Iron Bundle, L50|100/100\n|-fieldstart|move: Electric Terrain|[from] ability: Hadron Engine|[of] p2a: Miraidon\n|-activate|p2b: Iron Bundle|ability: Quark Drive\n|-start|p2b: Iron Bundle|quarkdrivespe\n|-ability|p1a: Tinkaton|Mold Breaker\n|-item|p1a: Tinkaton|Air Balloon\n|turn|1\n|\n|t:|1774279772\n|move|p2b: Iron Bundle|Protect|p2b: Iron Bundle\n|-singleturn|p2b: Iron Bundle|Protect\n|move|p2a: Miraidon|Protect|p2a: Miraidon\n|-singleturn|p2a: Miraidon|Protect\n|move|p1a: Tinkaton|Fake Out|p2b: Iron Bundle\n|-activate|p2b: Iron Bundle|move: Protect\n|move|p1b: Lunala|Meteor Beam||[still]\n|-prepare|p1b: Lunala|Meteor Beam\n|-boost|p1b: Lunala|spa|1\n|-enditem|p1b: Lunala|Power Herb\n|-anim|p1b: Lunala|Meteor Beam|p2b: Iron Bundle\n|-activate|p2b: Iron Bundle|move: Protect\n|\n|upkeep\n|turn|2\n|\n|t:|1774279783\n|switch|p1a: Tyranitar|Tyranitar, L50, M|100/100\n|-weather|Sandstorm|[from] ability: Sand Stream|[of] p1a: Tyranitar\n|move|p2b: Iron Bundle|Freeze-Dry|p1b: Lunala\n|-damage|p1b: Lunala|87/100\n|move|p2a: Miraidon|Electro Drift|p1b: Lunala\n|-damage|p1b: Lunala|0 fnt\n|faint|p1b: Lunala\n|-damage|p2a: Miraidon|91/100|[from] item: Life Orb\n|\n|-weather|Sandstorm|[upkeep]\n|-damage|p2b: Iron Bundle|94/100|[from] Sandstorm\n|-damage|p2a: Miraidon|85/100|[from] Sandstorm\n|upkeep\n|\n|t:|1774279794\n|switch|p1b: Excadrill|Excadrill, L50, F|100/100\n|turn|3\n|\n|t:|1774279805\n|-terastallize|p2a: Miraidon|Fairy\n|move|p2b: Iron Bundle|Icy Wind|p1b: Excadrill|[spread] p1a,p1b\n|-damage|p1a: Tyranitar|92/100\n|-damage|p1b: Excadrill|75/100\n|-unboost|p1a: Tyranitar|spe|1\n|-unboost|p1b: Excadrill|spe|1\n|move|p1b: Excadrill|High Horsepower|p2a: Miraidon\n|-damage|p2a: Miraidon|30/100\n|-damage|p1b: Excadrill|65/100|[from] item: Life Orb\n|move|p2a: Miraidon|Dazzling Gleam|p1a: Tyranitar|[spread] p1a,p1b\n|-supereffective|p1a: Tyranitar\n|-resisted|p1b: Excadrill\n|-damage|p1a: Tyranitar|41/100\n|-damage|p1b: Excadrill|27/100\n|-damage|p2a: Miraidon|21/100|[from] item: Life Orb\n|move|p1a: Tyranitar|Rock Slide|p2b: Iron Bundle|[spread] p2a,p2b\n|-supereffective|p2b: Iron Bundle\n|-damage|p2a: Miraidon|0 fnt\n|-damage|p2b: Iron Bundle|20/100\n|faint|p2a: Miraidon\n|\n|-weather|Sandstorm|[upkeep]\n|-damage|p2b: Iron Bundle|14/100|[from] Sandstorm\n|upkeep\n|\n|t:|1774279819\n|switch|p2a: Calyrex|Calyrex-Ice, L50|100/100\n|-ability|p2a: Calyrex|As One\n|-ability|p2a: Calyrex|Unnerve\n|turn|4\n|\n|t:|1774279833\n|-end|p2b: Iron Bundle|Quark Drive|[silent]\n|switch|p2b: Scraggy|Scraggy, L50, F|100/100\n|-ability|p2b: Scraggy|Intimidate|boost\n|-unboost|p1a: Tyranitar|atk|1\n|-unboost|p1b: Excadrill|atk|1\n|switch|p1b: Tinkaton|Tinkaton, L50, F|100/100\n|-ability|p1b: Tinkaton|Mold Breaker\n|-item|p1b: Tinkaton|Air Balloon\n|move|p2a: Calyrex|Protect|p2a: Calyrex\n|-singleturn|p2a: Calyrex|Protect\n|move|p1a: Tyranitar|Rock Slide|p2b: Scraggy|[spread] p2b\n|-activate|p2a: Calyrex|move: Protect\n|-resisted|p2b: Scraggy\n|-damage|p2b: Scraggy|90/100\n|\n|-weather|Sandstorm|[upkeep]\n|-damage|p2a: Calyrex|95/100|[from] Sandstorm\n|-damage|p2b: Scraggy|85/100|[from] Sandstorm\n|upkeep\n|turn|5\n|\n|t:|1774279852\n|move|p1b: Tinkaton|Fake Out|p2a: Calyrex\n|-damage|p2a: Calyrex|90/100\n|move|p1a: Tyranitar|Knock Off|p2a: Calyrex\n|-supereffective|p2a: Calyrex\n|-damage|p2a: Calyrex|46/100\n|-enditem|p2a: Calyrex|Clear Amulet|[from] move: Knock Off|[of] p1a: Tyranitar\n|move|p2b: Scraggy|Coaching|p2a: Calyrex\n|-boost|p2a: Calyrex|atk|1\n|-boost|p2a: Calyrex|def|1\n|cant|p2a: Calyrex|flinch\n|\n|-weather|Sandstorm|[upkeep]\n|-damage|p2a: Calyrex|40/100|[from] Sandstorm\n|-damage|p2b: Scraggy|79/100|[from] Sandstorm\n|-fieldend|move: Electric Terrain\n|upkeep\n|turn|6\n|\n|t:|1774279867\n|switch|p2b: Iron Bundle|Iron Bundle, L50|14/100\n|move|p2a: Calyrex|Protect|p2a: Calyrex\n|-singleturn|p2a: Calyrex|Protect\n|move|p1b: Tinkaton|Gigaton Hammer|p2a: Calyrex\n|-activate|p2a: Calyrex|move: Protect\n|move|p1a: Tyranitar|Rock Slide|p2b: Iron Bundle|[spread] p2b\n|-activate|p2a: Calyrex|move: Protect\n|-supereffective|p2b: Iron Bundle\n|-damage|p2b: Iron Bundle|0 fnt\n|faint|p2b: Iron Bundle\n|-end|p2b: Iron Bundle|Quark Drive|[silent]\n|\n|-weather|none\n|upkeep\n|\n|t:|1774279870\n|switch|p2b: Scraggy|Scraggy, L50, F|79/100\n|-ability|p2b: Scraggy|Intimidate|boost\n|-unboost|p1a: Tyranitar|atk|1\n|-unboost|p1b: Tinkaton|atk|1\n|turn|7\n|\n|t:|1774279886\n|move|p2b: Scraggy|Fake Out|p1b: Tinkaton\n|-resisted|p1b: Tinkaton\n|-damage|p1b: Tinkaton|96/100\n|-enditem|p1b: Tinkaton|Air Balloon\n|cant|p1b: Tinkaton|flinch\n|move|p1a: Tyranitar|Knock Off|p2a: Calyrex\n|-supereffective|p2a: Calyrex\n|-damage|p2a: Calyrex|23/100\n|move|p2a: Calyrex|Trick Room|p2a: Calyrex\n|-fieldstart|move: Trick Room|[of] p2a: Calyrex\n|\n|upkeep\n|turn|8\n|\n|t:|1774279906\n|move|p2a: Calyrex|Protect|p2a: Calyrex\n|-singleturn|p2a: Calyrex|Protect\n|move|p2b: Scraggy|Coaching|p2a: Calyrex\n|-boost|p2a: Calyrex|atk|1\n|-boost|p2a: Calyrex|def|1\n|move|p1a: Tyranitar|Rock Slide|p2a: Calyrex|[spread] p2b\n|-activate|p2a: Calyrex|move: Protect\n|-resisted|p2b: Scraggy\n|-damage|p2b: Scraggy|71/100\n|move|p1b: Tinkaton|Encore|p2a: Calyrex\n|-activate|p2a: Calyrex|move: Protect\n|\n|upkeep\n|turn|9\n|\n|t:|1774279917\n|-terastallize|p1b: Tinkaton|Fairy\n|move|p2b: Scraggy|Endeavor|p1b: Tinkaton\n|-damage|p1b: Tinkaton|47/100\n|move|p2a: Calyrex|Glacial Lance|p1a: Tyranitar|[spread] p1a,p1b\n|-damage|p1a: Tyranitar|0 fnt\n|-damage|p1b: Tinkaton|0 fnt\n|faint|p1a: Tyranitar\n|faint|p1b: Tinkaton\n|-ability|p2a: Calyrex|Chilling Neigh|boost\n|-boost|p2a: Calyrex|atk|2\n|\n|upkeep\n|-message|CarajilloMan forfeited.\n|\n|win|sheeshshane925\n|raw|CarajilloMan's rating: 1476 &rarr; <strong>1458</strong><br />(-18 for losing)\n|raw|sheeshshane925's rating: 1503 &rarr; <strong>1521</strong><br />(+18 for winning)\n|l|\u2606CarajilloMan\n|player|p1|\n|l|\u2606sheeshshane925\n|player|p2|\n","uploadtime":1774280091,"views":14,"formatid":"gen9vgc2026regi","rating":1458,"private":0,"password":null}