{"id":"gen9vgc2026regi-2563245256","format":"[Gen 9] VGC 2026 Reg I","players":["soulo333","shecallmedada"],"log":"|j|\u2606soulo333\n|j|\u2606shecallmedada\n|t:|1774008223\n|gametype|doubles\n|player|p1|soulo333|169|1341\n|player|p2|shecallmedada|burglar-gen1rb|1274\n|gen|9\n|tier|[Gen 9] VGC 2026 Reg I\n|rated|\n|rule|Species Clause: Limit one of each Pok\u00e9mon\n|rule|Item Clause: Limit 1 of each item\n|clearpoke\n|poke|p1|Miraidon, L50|\n|poke|p1|Grimmsnarl, L50, M|\n|poke|p1|Chien-Pao, L50|\n|poke|p1|Volcarona, L50, F|\n|poke|p1|Iron Hands, L50|\n|poke|p1|Zamazenta-*, L50|\n|poke|p2|Koraidon, L50|\n|poke|p2|Miraidon, L50|\n|poke|p2|Incineroar, L50, F|\n|poke|p2|Iron Bundle, L50|\n|poke|p2|Toxapex, L50, F|\n|poke|p2|Landorus, L50, M|\n|teampreview|4\n|\n|t:|1774008266\n|teamsize|p1|4\n|teamsize|p2|4\n|start\n|switch|p1a: Iron Hands|Iron Hands, L50|100/100\n|switch|p1b: Miraidon|Miraidon, L50|100/100\n|switch|p2a: Landorus|Landorus, L50, M|100/100\n|switch|p2b: Incineroar|Incineroar, L50, F|100/100\n|-fieldstart|move: Electric Terrain|[from] ability: Hadron Engine|[of] p1b: Miraidon\n|-activate|p1a: Iron Hands|ability: Quark Drive\n|-start|p1a: Iron Hands|quarkdriveatk\n|-ability|p2b: Incineroar|Intimidate|boost\n|-unboost|p1a: Iron Hands|atk|1\n|-unboost|p1b: Miraidon|atk|1\n|turn|1\n|\n|t:|1774008281\n|move|p2b: Incineroar|Fake Out|p1b: Miraidon\n|-damage|p1b: Miraidon|89/100\n|move|p1a: Iron Hands|Fake Out|p2a: Landorus\n|-damage|p2a: Landorus|83/100\n|cant|p2a: Landorus|flinch\n|cant|p1b: Miraidon|flinch\n|\n|upkeep\n|turn|2\n|\n|t:|1774008316\n|-terastallize|p2a: Landorus|Ground\n|-terastallize|p1a: Iron Hands|Water\n|move|p2a: Landorus|Sandsear Storm|p1b: Miraidon|[spread] p1a,p1b\n|-supereffective|p1b: Miraidon\n|-damage|p1a: Iron Hands|67/100\n|-damage|p1b: Miraidon|0 fnt\n|faint|p1b: Miraidon\n|move|p2b: Incineroar|U-turn|p1a: Iron Hands\n|-damage|p1a: Iron Hands|52/100\n|\n|t:|1774008326\n|switch|p2b: Iron Bundle|Iron Bundle, L50|100/100|[from] U-turn\n|-activate|p2b: Iron Bundle|ability: Quark Drive\n|-start|p2b: Iron Bundle|quarkdrivespe\n|move|p1a: Iron Hands|Drain Punch|p2b: Iron Bundle\n|-supereffective|p2b: Iron Bundle\n|-damage|p2b: Iron Bundle|7/100\n|-heal|p1a: Iron Hands|77/100|[from] drain|[of] p2b: Iron Bundle\n|\n|upkeep\n|\n|t:|1774008331\n|switch|p1b: Chien-Pao|Chien-Pao, L50|100/100\n|-ability|p1b: Chien-Pao|Sword of Ruin\n|turn|3\n|\n|t:|1774008349\n|move|p1b: Chien-Pao|Sucker Punch|p2b: Iron Bundle\n|-damage|p2b: Iron Bundle|0 fnt\n|faint|p2b: Iron Bundle\n|-end|p2b: Iron Bundle|Quark Drive|[silent]\n|move|p2a: Landorus|Sandsear Storm|p1a: Iron Hands|[spread] p1a,p1b\n|-damage|p1a: Iron Hands|43/100\n|-enditem|p1b: Chien-Pao|Focus Sash\n|-damage|p1b: Chien-Pao|1/100\n|move|p1a: Iron Hands|Drain Punch|p2a: Landorus\n|-damage|p2a: Landorus|25/100\n|-heal|p1a: Iron Hands|63/100|[from] drain|[of] p2a: Landorus\n|\n|upkeep\n|\n|t:|1774008367\n|switch|p2b: Miraidon|Miraidon, L50|100/100\n|-activate|p2b: Miraidon|ability: Hadron Engine\n|turn|4\n|\n|t:|1774008386\n|switch|p2a: Incineroar|Incineroar, L50, F|100/100\n|-ability|p2a: Incineroar|Intimidate|boost\n|-unboost|p1a: Iron Hands|atk|1\n|-unboost|p1b: Chien-Pao|atk|1\n|move|p1b: Chien-Pao|Sucker Punch||[still]\n|-fail|p1b: Chien-Pao\n|move|p2b: Miraidon|Volt Switch|p1a: Iron Hands\n|-supereffective|p1a: Iron Hands\n|-damage|p1a: Iron Hands|0 fnt\n|faint|p1a: Iron Hands\n|-end|p1a: Iron Hands|Quark Drive|[silent]\n|-damage|p2b: Miraidon|91/100|[from] item: Life Orb\n|\n|t:|1774008396\n|switch|p2b: Landorus|Landorus, L50, M, tera:Ground|25/100|[from] Volt Switch\n|\n|upkeep\n|\n|t:|1774008398\n|switch|p1a: Volcarona|Volcarona, L50, F|100/100\n|turn|5\n|\n|t:|1774008409\n|move|p1b: Chien-Pao|Protect|p1b: Chien-Pao\n|-singleturn|p1b: Chien-Pao|Protect\n|move|p2a: Incineroar|Fake Out|p1b: Chien-Pao\n|-activate|p1b: Chien-Pao|move: Protect\n|move|p2b: Landorus|Earth Power|p1a: Volcarona\n|-damage|p1a: Volcarona|29/100\n|move|p1a: Volcarona|Quiver Dance|p1a: Volcarona\n|-boost|p1a: Volcarona|spa|1\n|-boost|p1a: Volcarona|spd|1\n|-boost|p1a: Volcarona|spe|1\n|\n|-heal|p1a: Volcarona|35/100|[from] item: Leftovers\n|-fieldend|move: Electric Terrain\n|upkeep\n|turn|6\n|\n|t:|1774008435\n|move|p1a: Volcarona|Protect|p1a: Volcarona\n|-singleturn|p1a: Volcarona|Protect\n|move|p1b: Chien-Pao|Sucker Punch|p2b: Landorus\n|-damage|p2b: Landorus|0 fnt\n|faint|p2b: Landorus\n|move|p2a: Incineroar|Flare Blitz|p1b: Chien-Pao\n|-supereffective|p1b: Chien-Pao\n|-damage|p1b: Chien-Pao|0 fnt\n|faint|p1b: Chien-Pao\n|-damage|p2a: Incineroar|99/100|[from] Recoil\n|\n|-heal|p1a: Volcarona|41/100|[from] item: Leftovers\n|upkeep\n|\n|t:|1774008439\n|switch|p2b: Miraidon|Miraidon, L50|91/100\n|-fieldstart|move: Electric Terrain|[from] ability: Hadron Engine|[of] p2b: Miraidon\n|turn|7\n|-message|soulo333 forfeited.\n|\n|win|shecallmedada\n|raw|soulo333's rating: 1341 &rarr; <strong>1317</strong><br />(-24 for losing)\n|raw|shecallmedada's rating: 1274 &rarr; <strong>1304</strong><br />(+30 for winning)\n","uploadtime":1774008445,"views":11,"formatid":"gen9vgc2026regi","rating":1304,"private":0,"password":null}