{"id":"gen9vgc2026regi-2542847979","format":"[Gen 9] VGC 2026 Reg I","players":["Shuriky","fogdocker"],"log":"|j|\u2606Shuriky\n|j|\u2606fogdocker\n|t:|1771505928\n|gametype|doubles\n|player|p1|Shuriky|skierf|1375\n|player|p2|fogdocker|169|1424\n|gen|9\n|tier|[Gen 9] VGC 2026 Reg I\n|rated|\n|rule|Species Clause: Limit one of each Pok\u00e9mon\n|rule|Item Clause: Limit 1 of each item\n|clearpoke\n|poke|p1|Miraidon, L50|\n|poke|p1|Kyogre, L50|\n|poke|p1|Whimsicott, L50, F|\n|poke|p1|Incineroar, L50, F|\n|poke|p1|Clefairy, L50, F|\n|poke|p1|Iron Moth, L50|\n|poke|p2|Calyrex-Ice, L50|\n|poke|p2|Koraidon, L50|\n|poke|p2|Flutter Mane, L50|\n|poke|p2|Incineroar, L50, M|\n|poke|p2|Rillaboom, L50, F|\n|poke|p2|Volcarona, L50, M|\n|teampreview|4\n|\n|t:|1771505956\n|teamsize|p1|4\n|teamsize|p2|4\n|start\n|switch|p1a: Iron Moth|Iron Moth, L50|100/100\n|switch|p1b: Wolfe|Incineroar, L50, F|100/100\n|switch|p2a: Rillaboom|Rillaboom, L50, F|100/100\n|switch|p2b: Calyrex|Calyrex-Ice, L50|100/100\n|-ability|p2b: Calyrex|As One\n|-ability|p2b: Calyrex|Unnerve\n|-ability|p1b: Wolfe|Intimidate|boost\n|-unboost|p2a: Rillaboom|atk|1\n|-unboost|p2b: Calyrex|atk|1\n|-fieldstart|move: Grassy Terrain|[from] ability: Grassy Surge|[of] p2a: Rillaboom\n|turn|1\n|\n|t:|1771505977\n|switch|p2b: Incineroar|Incineroar, L50, M|100/100\n|-ability|p2b: Incineroar|Intimidate|boost\n|-unboost|p1a: Iron Moth|atk|1\n|-unboost|p1b: Wolfe|atk|1\n|move|p1a: Iron Moth|Acid Spray|p2a: Rillaboom\n|-supereffective|p2a: Rillaboom\n|-damage|p2a: Rillaboom|75/100\n|-unboost|p2a: Rillaboom|spd|2\n|move|p1b: Wolfe|Parting Shot|p2b: Incineroar\n|-unboost|p2b: Incineroar|atk|1\n|-unboost|p2b: Incineroar|spa|1\n|\n|t:|1771505989\n|switch|p1b: Larry|Miraidon, L50|100/100|[from] Parting Shot\n|-fieldstart|move: Electric Terrain|[from] ability: Hadron Engine|[of] p1b: Larry\n|-activate|p1a: Iron Moth|ability: Quark Drive\n|-start|p1a: Iron Moth|quarkdrivespe\n|move|p2a: Rillaboom|U-turn|p1b: Larry\n|-damage|p1b: Larry|85/100\n|\n|t:|1771506020\n|switch|p2a: Koraidon|Koraidon, L50|100/100|[from] U-turn\n|-weather|SunnyDay|[from] ability: Orichalcum Pulse|[of] p2a: Koraidon\n|-activate|p2a: Koraidon|Orichalcum Pulse|[source]\n|\n|-weather|SunnyDay|[upkeep]\n|upkeep\n|turn|2\n|\n|t:|1771506033\n|switch|p2b: Rillaboom|Rillaboom, L50, F|75/100\n|-fieldstart|move: Grassy Terrain|[from] ability: Grassy Surge|[of] p2b: Rillaboom\n|-end|p1a: Iron Moth|Quark Drive\n|move|p2a: Koraidon|Protect|p2a: Koraidon\n|-singleturn|p2a: Koraidon|Protect\n|move|p1b: Larry|Protect|p1b: Larry\n|-singleturn|p1b: Larry|Protect\n|move|p1a: Iron Moth|Acid Spray|p2b: Rillaboom\n|-supereffective|p2b: Rillaboom\n|-damage|p2b: Rillaboom|54/100\n|-unboost|p2b: Rillaboom|spd|2\n|\n|-weather|SunnyDay|[upkeep]\n|-heal|p1b: Larry|91/100|[from] Grassy Terrain\n|-heal|p2b: Rillaboom|60/100|[from] Grassy Terrain\n|upkeep\n|turn|3\n|\n|t:|1771506065\n|-terastallize|p1b: Larry|Fairy\n|move|p2b: Rillaboom|Fake Out|p1b: Larry\n|-damage|p1b: Larry|78/100\n|move|p2a: Koraidon|Close Combat|p1b: Larry\n|-resisted|p1b: Larry\n|-damage|p1b: Larry|24/100\n|-unboost|p2a: Koraidon|def|1\n|-unboost|p2a: Koraidon|spd|1\n|-damage|p2a: Koraidon|91/100|[from] item: Life Orb\n|cant|p1b: Larry|flinch\n|move|p1a: Iron Moth|Acid Spray|p2b: Rillaboom\n|-supereffective|p2b: Rillaboom\n|-damage|p2b: Rillaboom|17/100\n|-unboost|p2b: Rillaboom|spd|2\n|\n|-weather|SunnyDay|[upkeep]\n|-heal|p2a: Koraidon|96/100|[from] Grassy Terrain\n|-heal|p1b: Larry|29/100|[from] Grassy Terrain\n|-heal|p2b: Rillaboom|23/100|[from] Grassy Terrain\n|upkeep\n|turn|4\n|\n|t:|1771506089\n|switch|p2b: Incineroar|Incineroar, L50, M|100/100\n|-ability|p2b: Incineroar|Intimidate|boost\n|-unboost|p1a: Iron Moth|atk|1\n|-unboost|p1b: Larry|atk|1\n|move|p1b: Larry|Protect|p1b: Larry\n|-singleturn|p1b: Larry|Protect\n|move|p2a: Koraidon|Close Combat|p1b: Larry\n|-activate|p1b: Larry|move: Protect\n|move|p1a: Iron Moth|Struggle Bug|p2a: Koraidon|[spread] p2a,p2b\n|-resisted|p2a: Koraidon\n|-damage|p2a: Koraidon|88/100\n|-damage|p2b: Incineroar|92/100\n|-unboost|p2a: Koraidon|spa|1\n|-unboost|p2b: Incineroar|spa|1\n|\n|-weather|SunnyDay|[upkeep]\n|-heal|p2a: Koraidon|94/100|[from] Grassy Terrain\n|-heal|p1b: Larry|35/100|[from] Grassy Terrain\n|-heal|p2b: Incineroar|98/100|[from] Grassy Terrain\n|upkeep\n|turn|5\n|\n|t:|1771506115\n|switch|p1b: Wolfe|Incineroar, L50, F|100/100\n|-ability|p1b: Wolfe|Intimidate|boost\n|-unboost|p2a: Koraidon|atk|1\n|-unboost|p2b: Incineroar|atk|1\n|move|p2a: Koraidon|Close Combat|p1b: Wolfe\n|-supereffective|p1b: Wolfe\n|-damage|p1b: Wolfe|0 fnt\n|-unboost|p2a: Koraidon|def|1\n|-unboost|p2a: Koraidon|spd|1\n|-damage|p2a: Koraidon|78/100|[from] item: Rocky Helmet|[of] p1b: Wolfe\n|faint|p1b: Wolfe\n|-damage|p2a: Koraidon|68/100|[from] item: Life Orb\n|move|p1a: Iron Moth|Hurricane|p2a: Koraidon|[miss]\n|-miss|p1a: Iron Moth|p2a: Koraidon\n|move|p2b: Incineroar|Knock Off|p1a: Iron Moth\n|-damage|p1a: Iron Moth|65/100\n|-enditem|p1a: Iron Moth|Assault Vest|[from] move: Knock Off|[of] p2b: Incineroar\n|\n|-weather|none\n|-heal|p2a: Koraidon|74/100|[from] Grassy Terrain\n|-heal|p1a: Iron Moth|71/100|[from] Grassy Terrain\n|-heal|p2b: Incineroar|100/100|[from] Grassy Terrain\n|upkeep\n|\n|t:|1771506130\n|switch|p1b: Fih|Kyogre, L50, shiny|100/100\n|-weather|RainDance|[from] ability: Drizzle|[of] p1b: Fih\n|turn|6\n|inactive|Battle timer is ON: inactive players will automatically lose when time's up. (requested by Shuriky)\n|\n|t:|1771506181\n|-terastallize|p2b: Incineroar|Water\n|move|p2a: Koraidon|Protect|p2a: Koraidon\n|-singleturn|p2a: Koraidon|Protect\n|move|p1a: Iron Moth|Hurricane|p2a: Koraidon\n|-activate|p2a: Koraidon|move: Protect\n|move|p1b: Fih|Origin Pulse|p2b: Incineroar|[spread] p2b\n|-activate|p2a: Koraidon|move: Protect\n|-resisted|p2b: Incineroar\n|-damage|p2b: Incineroar|65/100\n|move|p2b: Incineroar|Parting Shot|p1b: Fih\n|-unboost|p1b: Fih|atk|1\n|-unboost|p1b: Fih|spa|1\n|\n|t:|1771506203\n|switch|p2b: Calyrex|Calyrex-Ice, L50|100/100|[from] Parting Shot\n|-ability|p2b: Calyrex|As One\n|-ability|p2b: Calyrex|Unnerve\n|\n|-weather|RainDance|[upkeep]\n|-heal|p2a: Koraidon|79/100|[from] Grassy Terrain\n|-heal|p1a: Iron Moth|76/100|[from] Grassy Terrain\n|-fieldend|move: Grassy Terrain\n|upkeep\n|turn|7\n|\n|t:|1771506215\n|switch|p2a: Incineroar|Incineroar, L50, M, tera:Water|65/100\n|-ability|p2a: Incineroar|Intimidate|boost\n|-unboost|p1a: Iron Moth|atk|1\n|-unboost|p1b: Fih|atk|1\n|switch|p1b: Larry|Miraidon, L50, tera:Fairy|35/100\n|-fieldstart|move: Electric Terrain|[from] ability: Hadron Engine|[of] p1b: Larry\n|-activate|p1a: Iron Moth|ability: Quark Drive\n|-start|p1a: Iron Moth|quarkdrivespe\n|move|p2b: Calyrex|Protect|p2b: Calyrex\n|-singleturn|p2b: Calyrex|Protect\n|move|p1a: Iron Moth|Hurricane|p2a: Incineroar\n|-damage|p2a: Incineroar|36/100\n|\n|-weather|RainDance|[upkeep]\n|upkeep\n|turn|8\n|\n|t:|1771506239\n|move|p2a: Incineroar|Fake Out|p1b: Larry\n|-damage|p1b: Larry|24/100\n|move|p1a: Iron Moth|Acid Spray|p2b: Calyrex\n|-damage|p2b: Calyrex|90/100\n|-unboost|p2b: Calyrex|spd|2\n|cant|p1b: Larry|flinch\n|move|p2b: Calyrex|Leech Seed|p1a: Iron Moth\n|-start|p1a: Iron Moth|move: Leech Seed\n|\n|-weather|RainDance|[upkeep]\n|-heal|p2b: Calyrex|96/100|[from] item: Leftovers\n|-damage|p1a: Iron Moth|64/100|[from] Leech Seed|[of] p2b: Calyrex\n|-heal|p2b: Calyrex|100/100|[silent]\n|upkeep\n|turn|9\n|inactive|fogdocker has 30 seconds left.\n|inactive|fogdocker has 20 seconds left.\n|inactive|fogdocker has 15 seconds left.\n|inactive|fogdocker has 10 seconds left.\n|\n|t:|1771506288\n|move|p2b: Calyrex|Protect|p2b: Calyrex\n|-singleturn|p2b: Calyrex|Protect\n|move|p1a: Iron Moth|Acid Spray|p2a: Incineroar\n|-damage|p2a: Incineroar|19/100\n|-unboost|p2a: Incineroar|spd|2\n|move|p1b: Larry|Electro Drift|p2b: Calyrex\n|-activate|p2b: Calyrex|move: Protect\n|move|p2a: Incineroar|Parting Shot|p1b: Larry\n|-unboost|p1b: Larry|atk|1\n|-unboost|p1b: Larry|spa|1\n|\n|t:|1771506299\n|switch|p2a: Koraidon|Koraidon, L50|79/100|[from] Parting Shot\n|-weather|SunnyDay|[from] ability: Orichalcum Pulse|[of] p2a: Koraidon\n|-activate|p2a: Koraidon|Orichalcum Pulse|[source]\n|\n|-weather|SunnyDay|[upkeep]\n|-damage|p1a: Iron Moth|52/100|[from] Leech Seed|[of] p2b: Calyrex\n|upkeep\n|turn|10\n|inactive|fogdocker has 30 seconds left.\n|inactive|fogdocker has 20 seconds left.\n|inactive|fogdocker has 15 seconds left.\n|\n|t:|1771506344\n|switch|p2b: Incineroar|Incineroar, L50, M, tera:Water|19/100\n|-ability|p2b: Incineroar|Intimidate|boost\n|-unboost|p1a: Iron Moth|atk|1\n|-unboost|p1b: Larry|atk|1\n|move|p1b: Larry|Protect|p1b: Larry\n|-singleturn|p1b: Larry|Protect\n|move|p1a: Iron Moth|Overheat|p2b: Incineroar\n|-resisted|p2b: Incineroar\n|-damage|p2b: Incineroar|0 fnt\n|-unboost|p1a: Iron Moth|spa|2\n|faint|p2b: Incineroar\n|move|p2a: Koraidon|Flare Blitz|p1a: Iron Moth\n|-resisted|p1a: Iron Moth\n|-damage|p1a: Iron Moth|0 fnt\n|faint|p1a: Iron Moth\n|-end|p1a: Iron Moth|Quark Drive|[silent]\n|-damage|p2a: Koraidon|61/100|[from] Recoil\n|-damage|p2a: Koraidon|51/100|[from] item: Life Orb\n|\n|-weather|SunnyDay|[upkeep]\n|upkeep\n|\n|t:|1771506363\n|switch|p1a: Fih|Kyogre, L50, shiny|100/100\n|switch|p2b: Calyrex|Calyrex-Ice, L50|100/100\n|-ability|p2b: Calyrex|As One\n|-ability|p2b: Calyrex|Unnerve\n|-weather|RainDance|[from] ability: Drizzle|[of] p1a: Fih\n|-enditem|p1a: Fih|Electric Seed\n|-boost|p1a: Fih|def|1|[from] item: Electric Seed\n|turn|11\n|inactive|Shuriky has 30 seconds left.\n|inactive|fogdocker has 30 seconds left.\n|inactive|Shuriky has 20 seconds left.\n|l|\u2606Shuriky\n|inactive|Shuriky disconnected and has a minute to reconnect!\n|player|p1|\n|inactive|Shuriky has 15 seconds left.\n|inactive|fogdocker has 20 seconds left.\n|inactive|Shuriky has 10 seconds left.\n|inactive|Shuriky has 5 seconds left.\n|-message|Shuriky lost due to inactivity.\n|\n|win|fogdocker\n|raw|Shuriky's rating: 1375 &rarr; <strong>1358</strong><br />(-17 for losing)\n|raw|fogdocker's rating: 1424 &rarr; <strong>1441</strong><br />(+17 for winning)\n|l|\u2606fogdocker\n|player|p2|\n","uploadtime":1771506554,"views":11,"formatid":"gen9vgc2026regi","rating":1358,"private":0,"password":null}