{"id":"gen9vgc2026regi-2588000967","format":"[Gen 9] VGC 2026 Reg I","players":["yishiyishi","blackred123"],"log":"|j|\u2606yishiyishi\n|j|\u2606blackred123\n|t:|1776591155\n|gametype|doubles\n|player|p1|yishiyishi|2|1593\n|player|p2|blackred123|iono-masters|1601\n|gen|9\n|tier|[Gen 9] VGC 2026 Reg I\n|rated|\n|rule|Species Clause: Limit one of each Pok\u00e9mon\n|rule|Item Clause: Limit 1 of each item\n|clearpoke\n|poke|p1|Miraidon, L50|\n|poke|p1|Incineroar, L50, F|\n|poke|p1|Calyrex-Ice, L50|\n|poke|p1|Iron Hands, L50|\n|poke|p1|Urshifu-*, L50, M|\n|poke|p1|Volcarona, L50, M|\n|poke|p2|Calyrex-Shadow, L50|\n|poke|p2|Zamazenta-*, L50|\n|poke|p2|Tornadus, L50, M|\n|poke|p2|Rillaboom, L50, F|\n|poke|p2|Ogerpon-Hearthflame, L50, F|\n|poke|p2|Raging Bolt, L50|\n|teampreview|4\n|inactive|Battle timer is ON: inactive players will automatically lose when time's up. (requested by blackred123)\n|\n|t:|1776591182\n|teamsize|p1|4\n|teamsize|p2|4\n|start\n|switch|p1a: Miraidon|Miraidon, L50|100/100\n|switch|p1b: Calyrex|Calyrex-Ice, L50|100/100\n|switch|p2a: Zamazenta|Zamazenta-Crowned, L50|100/100\n|switch|p2b: Tornadus|Tornadus, L50, M|100/100\n|-ability|p1b: Calyrex|As One\n|-ability|p1b: Calyrex|Unnerve\n|-fieldstart|move: Electric Terrain|[from] ability: Hadron Engine|[of] p1a: Miraidon\n|-ability|p2a: Zamazenta|Dauntless Shield|boost\n|-boost|p2a: Zamazenta|def|1\n|turn|1\n|inactive|yishiyishi has 30 seconds left.\n|\n|t:|1776591210\n|move|p2b: Tornadus|Protect|p2b: Tornadus\n|-singleturn|p2b: Tornadus|Protect\n|move|p1a: Miraidon|Volt Switch|p2a: Zamazenta\n|-damage|p2a: Zamazenta|49/100\n|\n|t:|1776591216\n|switch|p1a: Volcarona|Volcarona, L50, M|100/100|[from] Volt Switch\n|move|p2a: Zamazenta|Body Press|p1a: Volcarona\n|-resisted|p1a: Volcarona\n|-damage|p1a: Volcarona|68/100\n|-damage|p2a: Zamazenta|33/100|[from] item: Rocky Helmet|[of] p1a: Volcarona\n|move|p1b: Calyrex|Glacial Lance|p2a: Zamazenta|[spread] p2a\n|-activate|p2b: Tornadus|move: Protect\n|-resisted|p2a: Zamazenta\n|-damage|p2a: Zamazenta|23/100\n|\n|upkeep\n|turn|2\n|j| kurwa mac123\n|inactive|yishiyishi has 30 seconds left.\n|\n|t:|1776591247\n|move|p2a: Zamazenta|Protect|p2a: Zamazenta\n|-singleturn|p2a: Zamazenta|Protect\n|move|p2b: Tornadus|Bleakwind Storm|p1b: Calyrex|[spread] p1a,p1b\n|-supereffective|p1a: Volcarona\n|-damage|p1a: Volcarona|0 fnt\n|-damage|p1b: Calyrex|76/100\n|faint|p1a: Volcarona\n|move|p1b: Calyrex|Glacial Lance|p2b: Tornadus|[spread] p2b\n|-activate|p2a: Zamazenta|move: Protect\n|-supereffective|p2b: Tornadus\n|-damage|p2b: Tornadus|0 fnt\n|faint|p2b: Tornadus\n|-ability|p1b: Calyrex|Chilling Neigh|boost\n|-boost|p1b: Calyrex|atk|1\n|\n|upkeep\n|\n|t:|1776591265\n|switch|p2b: Calyrex|Calyrex-Shadow, L50|100/100\n|switch|p1a: Miraidon|Miraidon, L50|100/100\n|-ability|p2b: Calyrex|As One\n|-ability|p2b: Calyrex|Unnerve\n|-activate|p1a: Miraidon|ability: Hadron Engine\n|turn|3\n|l| kurwa mac123\n|\n|t:|1776591279\n|-terastallize|p2b: Calyrex|Ghost\n|-terastallize|p1b: Calyrex|Water\n|move|p2a: Zamazenta|Wide Guard|p2a: Zamazenta\n|-singleturn|p2a: Zamazenta|Wide Guard\n|move|p1a: Miraidon|Electro Drift|p2b: Calyrex\n|-enditem|p2b: Calyrex|Focus Sash\n|-damage|p2b: Calyrex|1/100\n|move|p2b: Calyrex|Astral Barrage|p1b: Calyrex|[spread] p1a,p1b\n|-damage|p1a: Miraidon|41/100\n|-damage|p1b: Calyrex|29/100\n|move|p1b: Calyrex|Glacial Lance|p2a: Zamazenta|[spread] \n|-activate|p2a: Zamazenta|move: Wide Guard\n|-activate|p2b: Calyrex|move: Wide Guard\n|\n|upkeep\n|turn|4\n|inactive|yishiyishi has 30 seconds left.\n|\n|t:|1776591306\n|move|p1a: Miraidon|Electro Drift|p2b: Calyrex\n|-crit|p2b: Calyrex\n|-damage|p2b: Calyrex|0 fnt\n|faint|p2b: Calyrex\n|move|p2a: Zamazenta|Body Press|p1b: Calyrex\n|-damage|p1b: Calyrex|0 fnt\n|faint|p1b: Calyrex\n|\n|upkeep\n|\n|t:|1776591316\n|switch|p2b: Rillaboom|Rillaboom, L50, F|100/100\n|switch|p1b: Iron Hands|Iron Hands, L50, shiny|100/100\n|-fieldstart|move: Grassy Terrain|[from] ability: Grassy Surge|[of] p2b: Rillaboom\n|turn|5\n|\n|t:|1776591334\n|move|p2a: Zamazenta|Protect|p2a: Zamazenta\n|-singleturn|p2a: Zamazenta|Protect\n|move|p1b: Iron Hands|Fake Out|p2b: Rillaboom\n|-damage|p2b: Rillaboom|90/100\n|move|p1a: Miraidon|Electro Drift|p2a: Zamazenta\n|-activate|p2a: Zamazenta|move: Protect\n|cant|p2b: Rillaboom|flinch\n|\n|-heal|p1a: Miraidon|47/100|[from] Grassy Terrain\n|-heal|p2a: Zamazenta|29/100|[from] Grassy Terrain\n|-heal|p2b: Rillaboom|96/100|[from] Grassy Terrain\n|upkeep\n|turn|6\n|\n|t:|1776591352\n|move|p2b: Rillaboom|Grassy Glide|p1a: Miraidon\n|-resisted|p1a: Miraidon\n|-damage|p1a: Miraidon|31/100\n|move|p1a: Miraidon|Electro Drift|p2a: Zamazenta\n|-damage|p2a: Zamazenta|0 fnt\n|faint|p2a: Zamazenta\n|move|p1b: Iron Hands|Low Kick|p2b: Rillaboom\n|-damage|p2b: Rillaboom|64/100\n|\n|-heal|p1a: Miraidon|37/100|[from] Grassy Terrain\n|-heal|p2b: Rillaboom|70/100|[from] Grassy Terrain\n|upkeep\n|turn|7\n|\n|t:|1776591368\n|move|p1a: Miraidon|Electro Drift|p2b: Rillaboom\n|-resisted|p2b: Rillaboom\n|-damage|p2b: Rillaboom|49/100\n|move|p2b: Rillaboom|U-turn|p1a: Miraidon\n|-crit|p1a: Miraidon\n|-damage|p1a: Miraidon|6/100\n|move|p1b: Iron Hands|Low Kick|p2b: Rillaboom\n|-damage|p2b: Rillaboom|17/100\n|\n|-heal|p1a: Miraidon|12/100|[from] Grassy Terrain\n|-heal|p2b: Rillaboom|23/100|[from] Grassy Terrain\n|upkeep\n|turn|8\n|-message|blackred123 forfeited.\n|\n|win|yishiyishi\n|raw|yishiyishi's rating: 1593 &rarr; <strong>1613</strong><br />(+20 for winning)\n|raw|blackred123's rating: 1601 &rarr; <strong>1581</strong><br />(-20 for losing)\n|l|\u2606blackred123\n|player|p2|\n|l|\u2606yishiyishi\n|player|p1|\n","uploadtime":1776591516,"views":24,"formatid":"gen9vgc2026regi","rating":1581,"private":0,"password":null}