{"id":"gen9vgc2026regi-2527410189","format":"[Gen 9] VGC 2026 Reg I","players":["infinitygroudon","dasabe\u76d6\u6b27\u5361\u4fa0"],"log":"|j|\u2606infinitygroudon\n|j|\u2606dasabe\u76d6\u6b27\u5361\u4fa0\n|t:|1769535855\n|gametype|doubles\n|player|p1|infinitygroudon|2|1445\n|player|p2|dasabe\u76d6\u6b27\u5361\u4fa0|may-masters4|1644\n|gen|9\n|tier|[Gen 9] VGC 2026 Reg I\n|rated|\n|rule|Species Clause: Limit one of each Pok\u00e9mon\n|rule|Item Clause: Limit 1 of each item\n|clearpoke\n|poke|p1|Kyogre, L50|\n|poke|p1|Palkia-Origin, L50|\n|poke|p1|Farigiraf, L50, M|\n|poke|p1|Archaludon, L50, M|\n|poke|p1|Iron Jugulis, L50|\n|poke|p1|Raging Bolt, L50|\n|poke|p2|Kyogre, L50|\n|poke|p2|Miraidon, L50|\n|poke|p2|Whimsicott, L50, F|\n|poke|p2|Iron Hands, L50|\n|poke|p2|Farigiraf, L50, F|\n|poke|p2|Urshifu-*, L50, M|\n|teampreview|4\n|\n|t:|1769535872\n|teamsize|p1|4\n|teamsize|p2|4\n|start\n|switch|p1a: Gigas|Farigiraf, L50, M, shiny|100/100\n|switch|p1b: Archibald|Archaludon, L50, M, shiny|100/100\n|switch|p2a: \u5996\u820d\u7cbe\u62c9|Whimsicott, L50, F, shiny|100/100\n|switch|p2b: \u94f6\u91d1\u5996\u86c7|Miraidon, L50, shiny|100/100\n|-fieldstart|move: Electric Terrain|[from] ability: Hadron Engine|[of] p2b: \u94f6\u91d1\u5996\u86c7\n|turn|1\n|\n|t:|1769535880\n|-terastallize|p2b: \u94f6\u91d1\u5996\u86c7|Fairy\n|move|p1a: Gigas|Protect|p1a: Gigas\n|-singleturn|p1a: Gigas|Protect\n|move|p2a: \u5996\u820d\u7cbe\u62c9|Endeavor|p1a: Gigas\n|-activate|p1a: Gigas|move: Protect\n|move|p2b: \u94f6\u91d1\u5996\u86c7|Electro Drift|p1a: Gigas\n|-activate|p1a: Gigas|move: Protect\n|move|p1b: Archibald|Flash Cannon|p2b: \u94f6\u91d1\u5996\u86c7\n|-supereffective|p2b: \u94f6\u91d1\u5996\u86c7\n|-damage|p2b: \u94f6\u91d1\u5996\u86c7|30/100\n|\n|upkeep\n|turn|2\n|\n|t:|1769535893\n|move|p2a: \u5996\u820d\u7cbe\u62c9|Endeavor|p1b: Archibald\n|-damage|p1b: Archibald|66/100\n|-ability|p1b: Archibald|Stamina|boost\n|-boost|p1b: Archibald|def|1\n|move|p2b: \u94f6\u91d1\u5996\u86c7|Dazzling Gleam|p1b: Archibald|[spread] p1a,p1b\n|-crit|p1b: Archibald\n|-damage|p1a: Gigas|49/100\n|-damage|p1b: Archibald|0 fnt\n|faint|p1b: Archibald\n|-damage|p2b: \u94f6\u91d1\u5996\u86c7|20/100|[from] item: Life Orb\n|move|p1a: Gigas|Trick Room|p1a: Gigas\n|-fieldstart|move: Trick Room|[of] p1a: Gigas\n|\n|upkeep\n|\n|t:|1769535900\n|switch|p1b: Secretariat|Palkia-Origin, L50|100/100\n|-ability|p1b: Secretariat|Pressure\n|turn|3\n|\n|t:|1769535912\n|move|p2b: \u94f6\u91d1\u5996\u86c7|Protect|p2b: \u94f6\u91d1\u5996\u86c7\n|-singleturn|p2b: \u94f6\u91d1\u5996\u86c7|Protect\n|move|p1a: Gigas|Psychic Noise|p2b: \u94f6\u91d1\u5996\u86c7\n|-activate|p2b: \u94f6\u91d1\u5996\u86c7|move: Protect\n|move|p1b: Secretariat|Hydro Pump|p2a: \u5996\u820d\u7cbe\u62c9|[miss]\n|-miss|p1b: Secretariat|p2a: \u5996\u820d\u7cbe\u62c9\n|move|p2a: \u5996\u820d\u7cbe\u62c9|Moonblast|p1b: Secretariat\n|-supereffective|p1b: Secretariat\n|-damage|p1b: Secretariat|50/100\n|-unboost|p1b: Secretariat|spa|1\n|\n|upkeep\n|turn|4\n|\n|t:|1769535923\n|switch|p2b: \u6210\u90fd\u8001\u76d6|Kyogre, L50, shiny|100/100\n|-weather|RainDance|[from] ability: Drizzle|[of] p2b: \u6210\u90fd\u8001\u76d6\n|move|p1a: Gigas|Psychic Noise|p2b: \u6210\u90fd\u8001\u76d6\n|-damage|p2b: \u6210\u90fd\u8001\u76d6|80/100\n|-start|p2b: \u6210\u90fd\u8001\u76d6|move: Heal Block\n|move|p1b: Secretariat|Hydro Pump|p2a: \u5996\u820d\u7cbe\u62c9\n|-resisted|p2a: \u5996\u820d\u7cbe\u62c9\n|-damage|p2a: \u5996\u820d\u7cbe\u62c9|40/100\n|move|p2a: \u5996\u820d\u7cbe\u62c9|Moonblast|p1a: Gigas\n|-damage|p1a: Gigas|15/100\n|\n|-weather|RainDance|[upkeep]\n|upkeep\n|turn|5\n|\n|t:|1769535941\n|move|p1a: Gigas|Psychic Noise|p2a: \u5996\u820d\u7cbe\u62c9\n|-damage|p2a: \u5996\u820d\u7cbe\u62c9|0 fnt\n|faint|p2a: \u5996\u820d\u7cbe\u62c9\n|move|p2b: \u6210\u90fd\u8001\u76d6|Origin Pulse|p1a: Gigas|[spread] p1a\n|-miss|p2b: \u6210\u90fd\u8001\u76d6|p1b: Secretariat\n|-damage|p1a: Gigas|0 fnt\n|faint|p1a: Gigas\n|move|p1b: Secretariat|Spacial Rend|p2b: \u6210\u90fd\u8001\u76d6|[miss]\n|-miss|p1b: Secretariat|p2b: \u6210\u90fd\u8001\u76d6\n|\n|-weather|RainDance|[upkeep]\n|-end|p2b: \u6210\u90fd\u8001\u76d6|move: Heal Block\n|-fieldend|move: Electric Terrain\n|upkeep\n|j| sid kagenow\n|\n|t:|1769535949\n|switch|p1a: Piratebeard|Kyogre, L50|100/100\n|switch|p2a: \u5c0f\u5934\u63a7\u5927\u5934|Farigiraf, L50, F, shiny|100/100\n|turn|6\n|\n|t:|1769535956\n|-terastallize|p1a: Piratebeard|Water\n|move|p1b: Secretariat|Protect|p1b: Secretariat\n|-singleturn|p1b: Secretariat|Protect\n|move|p2a: \u5c0f\u5934\u63a7\u5927\u5934|Psychic|p1a: Piratebeard\n|-damage|p1a: Piratebeard|77/100\n|move|p2b: \u6210\u90fd\u8001\u76d6|Origin Pulse|p1b: Secretariat|[spread] \n|-activate|p1b: Secretariat|move: Protect\n|-miss|p2b: \u6210\u90fd\u8001\u76d6|p1a: Piratebeard\n|move|p1a: Piratebeard|Origin Pulse|p2b: \u6210\u90fd\u8001\u76d6|[spread] p2a,p2b\n|-resisted|p2b: \u6210\u90fd\u8001\u76d6\n|-damage|p2a: \u5c0f\u5934\u63a7\u5927\u5934|25/100\n|-damage|p2b: \u6210\u90fd\u8001\u76d6|46/100\n|\n|-weather|RainDance|[upkeep]\n|-fieldend|move: Trick Room\n|upkeep\n|turn|7\n|\n|t:|1769535968\n|move|p1a: Piratebeard|Origin Pulse|p2b: \u6210\u90fd\u8001\u76d6|[spread] p2a\n|-miss|p1a: Piratebeard|p2b: \u6210\u90fd\u8001\u76d6\n|-damage|p2a: \u5c0f\u5934\u63a7\u5927\u5934|0 fnt\n|faint|p2a: \u5c0f\u5934\u63a7\u5927\u5934\n|move|p1b: Secretariat|Spacial Rend|p2b: \u6210\u90fd\u8001\u76d6\n|-damage|p2b: \u6210\u90fd\u8001\u76d6|14/100\n|move|p2b: \u6210\u90fd\u8001\u76d6|Origin Pulse|p1b: Secretariat|[spread] p1a\n|-miss|p2b: \u6210\u90fd\u8001\u76d6|p1b: Secretariat\n|-resisted|p1a: Piratebeard\n|-damage|p1a: Piratebeard|31/100\n|\n|-weather|RainDance|[upkeep]\n|upkeep\n|\n|t:|1769535972\n|switch|p2a: \u94f6\u91d1\u5996\u86c7|Miraidon, L50, shiny, tera:Fairy|20/100\n|-fieldstart|move: Electric Terrain|[from] ability: Hadron Engine|[of] p2a: \u94f6\u91d1\u5996\u86c7\n|turn|8\n|\n|t:|1769535982\n|move|p1a: Piratebeard|Origin Pulse|p2b: \u6210\u90fd\u8001\u76d6|[spread] p2a,p2b\n|-resisted|p2b: \u6210\u90fd\u8001\u76d6\n|-damage|p2a: \u94f6\u91d1\u5996\u86c7|0 fnt\n|-damage|p2b: \u6210\u90fd\u8001\u76d6|0 fnt\n|faint|p2a: \u94f6\u91d1\u5996\u86c7\n|faint|p2b: \u6210\u90fd\u8001\u76d6\n|\n|win|infinitygroudon\n|raw|infinitygroudon's rating: 1445 &rarr; <strong>1475</strong><br />(+30 for winning)\n|raw|dasabe\u76d6\u6b27\u5361\u4fa0's rating: 1644 &rarr; <strong>1614</strong><br />(-30 for losing)\n|l|\u2606dasabe\u76d6\u6b27\u5361\u4fa0\n|player|p2|\n|l|\u2606infinitygroudon\n|player|p1|\n|l| sid kagenow\n","uploadtime":1769536232,"views":37,"formatid":"gen9vgc2026regi","rating":1475,"private":0,"password":null}