{"id":"gen9vgc2026regi-2568878844","format":"[Gen 9] VGC 2026 Reg I","players":["yuri1910","yutarotaku"],"log":"|j|\u2606yuri1910\n|j|\u2606yutarotaku\n|t:|1774630112\n|gametype|doubles\n|player|p1|yuri1910|169|1555\n|player|p2|yutarotaku|170|1496\n|gen|9\n|tier|[Gen 9] VGC 2026 Reg I\n|rated|\n|rule|Species Clause: Limit one of each Pok\u00e9mon\n|rule|Item Clause: Limit 1 of each item\n|clearpoke\n|poke|p1|Calyrex-Ice, L50|\n|poke|p1|Kyogre, L50|\n|poke|p1|Grimmsnarl, L50, M|\n|poke|p1|Rillaboom, L50, F|\n|poke|p1|Urshifu-*, L50, M|\n|poke|p1|Landorus, L50, M|\n|poke|p2|Calyrex-Shadow, L50|\n|poke|p2|Incineroar, L50, F|\n|poke|p2|Rillaboom, L50, M|\n|poke|p2|Kyogre, L50|\n|poke|p2|Tornadus, L50, M|\n|poke|p2|Brute Bonnet, L50|\n|teampreview|4\n|\n|t:|1774630141\n|teamsize|p1|4\n|teamsize|p2|4\n|start\n|switch|p1a: Grimmsnarl|Grimmsnarl, L50, M|100/100\n|switch|p1b: Calyrex|Calyrex-Ice, L50|100/100\n|switch|p2a: Incineroar|Incineroar, L50, F|100/100\n|switch|p2b: Calyrex|Calyrex-Shadow, L50|100/100\n|-ability|p2b: Calyrex|As One\n|-ability|p2b: Calyrex|Unnerve\n|-ability|p1b: Calyrex|As One\n|-ability|p1b: Calyrex|Unnerve\n|-ability|p2a: Incineroar|Intimidate|boost\n|-unboost|p1a: Grimmsnarl|atk|1\n|-unboost|p1b: Calyrex|atk|1\n|turn|1\n|\n|t:|1774630178\n|move|p1b: Calyrex|Protect|p1b: Calyrex\n|-singleturn|p1b: Calyrex|Protect\n|move|p1a: Grimmsnarl|Light Screen|p1a: Grimmsnarl\n|-sidestart|p1: yuri1910|move: Light Screen\n|move|p2b: Calyrex|Nasty Plot|p2b: Calyrex\n|-boost|p2b: Calyrex|spa|2\n|move|p2a: Incineroar|Taunt|p1b: Calyrex\n|-activate|p1b: Calyrex|move: Protect\n|\n|upkeep\n|turn|2\n|j| HackFraudWizard\n|\n|t:|1774630222\n|-terastallize|p1b: Calyrex|Grass\n|move|p1a: Grimmsnarl|Thunder Wave|p2b: Calyrex\n|-status|p2b: Calyrex|par\n|move|p2b: Calyrex|Astral Barrage|p1b: Calyrex|[spread] p1a,p1b\n|-resisted|p1a: Grimmsnarl\n|-damage|p1a: Grimmsnarl|68/100\n|-damage|p1b: Calyrex|54/100\n|move|p2a: Incineroar|Knock Off|p1b: Calyrex\n|-damage|p1b: Calyrex|30/100\n|-enditem|p1b: Calyrex|Leftovers|[from] move: Knock Off|[of] p2a: Incineroar\n|move|p1b: Calyrex|Glacial Lance|p2a: Incineroar|[spread] p2a,p2b\n|-resisted|p2a: Incineroar\n|-damage|p2a: Incineroar|89/100\n|-damage|p2b: Calyrex|58/100 par\n|\n|upkeep\n|turn|3\n|\n|t:|1774630260\n|switch|p1b: Kyogre|Kyogre, L50|100/100\n|-weather|RainDance|[from] ability: Drizzle|[of] p1b: Kyogre\n|move|p2b: Calyrex|Astral Barrage|p1a: Grimmsnarl|[spread] p1a,p1b\n|-resisted|p1a: Grimmsnarl\n|-damage|p1a: Grimmsnarl|33/100\n|-damage|p1b: Kyogre|70/100\n|move|p2a: Incineroar|U-turn|p1a: Grimmsnarl\n|-damage|p1a: Grimmsnarl|15/100\n|\n|t:|1774630272\n|switch|p2a: Rillaboom|Rillaboom, L50, M|100/100|[from] U-turn\n|-fieldstart|move: Grassy Terrain|[from] ability: Grassy Surge|[of] p2a: Rillaboom\n|move|p1a: Grimmsnarl|Spirit Break|p2b: Calyrex\n|-damage|p2b: Calyrex|34/100 par\n|-unboost|p2b: Calyrex|spa|1\n|\n|-weather|RainDance|[upkeep]\n|-heal|p1b: Kyogre|75/100|[from] Grassy Terrain\n|-heal|p2b: Calyrex|40/100 par|[from] Grassy Terrain\n|-heal|p1a: Grimmsnarl|21/100|[from] Grassy Terrain\n|upkeep\n|turn|4\n|\n|t:|1774630297\n|switch|p1b: Rillaboom|Rillaboom, L50, F|100/100\n|move|p1a: Grimmsnarl|Thunder Wave|p2a: Rillaboom\n|-status|p2a: Rillaboom|par\n|move|p2b: Calyrex|Astral Barrage|p1a: Grimmsnarl|[spread] p1a,p1b\n|-resisted|p1a: Grimmsnarl\n|-damage|p1a: Grimmsnarl|0 fnt\n|-damage|p1b: Rillaboom|47/100\n|faint|p1a: Grimmsnarl\n|-ability|p2b: Calyrex|Grim Neigh|boost\n|-boost|p2b: Calyrex|spa|1\n|move|p2a: Rillaboom|Wood Hammer|p1b: Rillaboom\n|-resisted|p1b: Rillaboom\n|-damage|p1b: Rillaboom|10/100\n|-damage|p2a: Rillaboom|88/100 par|[from] Recoil\n|\n|-weather|RainDance|[upkeep]\n|-heal|p2b: Calyrex|47/100 par|[from] Grassy Terrain\n|-heal|p1b: Rillaboom|15/100|[from] Grassy Terrain\n|-heal|p2a: Rillaboom|94/100 par|[from] Grassy Terrain\n|upkeep\n|\n|t:|1774630309\n|switch|p1a: Calyrex|Calyrex-Ice, L50, tera:Grass|30/100\n|-ability|p1a: Calyrex|As One\n|-ability|p1a: Calyrex|Unnerve\n|turn|5\n|\n|t:|1774630319\n|move|p1b: Rillaboom|Grassy Glide|p2b: Calyrex\n|-damage|p2b: Calyrex|0 fnt\n|faint|p2b: Calyrex\n|move|p2a: Rillaboom|Grassy Glide|p1b: Rillaboom\n|-resisted|p1b: Rillaboom\n|-damage|p1b: Rillaboom|0 fnt\n|faint|p1b: Rillaboom\n|move|p1a: Calyrex|Glacial Lance|p2a: Rillaboom\n|-supereffective|p2a: Rillaboom\n|-damage|p2a: Rillaboom|0 fnt\n|faint|p2a: Rillaboom\n|-ability|p1a: Calyrex|Chilling Neigh|boost\n|-boost|p1a: Calyrex|atk|1\n|\n|-weather|RainDance|[upkeep]\n|-heal|p1a: Calyrex|36/100|[from] Grassy Terrain\n|upkeep\n|\n|t:|1774630334\n|switch|p2b: Kyogre|Kyogre, L50|100/100\n|switch|p2a: Incineroar|Incineroar, L50, F|89/100\n|switch|p1b: Kyogre|Kyogre, L50|75/100\n|-ability|p2a: Incineroar|Intimidate|boost\n|-unboost|p1a: Calyrex|atk|1\n|-unboost|p1b: Kyogre|atk|1\n|turn|6\n|\n|t:|1774630358\n|-terastallize|p2b: Kyogre|Water\n|move|p1a: Calyrex|Protect|p1a: Calyrex\n|-singleturn|p1a: Calyrex|Protect\n|move|p2a: Incineroar|Fake Out|p1b: Kyogre\n|-damage|p1b: Kyogre|66/100\n|move|p2b: Kyogre|Water Spout|p1a: Calyrex|[spread] p1b\n|-activate|p1a: Calyrex|move: Protect\n|-resisted|p1b: Kyogre\n|-damage|p1b: Kyogre|44/100\n|cant|p1b: Kyogre|flinch\n|\n|-weather|RainDance|[upkeep]\n|-heal|p1b: Kyogre|50/100|[from] Grassy Terrain\n|-heal|p2a: Incineroar|95/100|[from] Grassy Terrain\n|-heal|p1a: Calyrex|42/100|[from] Grassy Terrain\n|upkeep\n|turn|7\n|\n|t:|1774630385\n|move|p2b: Kyogre|Water Spout|p1a: Calyrex|[spread] p1a,p1b\n|-resisted|p1a: Calyrex\n|-resisted|p1b: Kyogre\n|-damage|p1a: Calyrex|12/100\n|-damage|p1b: Kyogre|27/100\n|move|p1b: Kyogre|Hydro Pump|p2a: Incineroar\n|-supereffective|p2a: Incineroar\n|-damage|p2a: Incineroar|0 fnt\n|faint|p2a: Incineroar\n|move|p1a: Calyrex|Leech Seed|p2b: Kyogre|[miss]\n|-miss|p1a: Calyrex|p2b: Kyogre\n|\n|-weather|none\n|-heal|p1b: Kyogre|33/100|[from] Grassy Terrain\n|-heal|p1a: Calyrex|17/100|[from] Grassy Terrain\n|-fieldend|move: Grassy Terrain\n|upkeep\n|turn|8\n|\n|t:|1774630402\n|move|p1a: Calyrex|Protect|p1a: Calyrex\n|-singleturn|p1a: Calyrex|Protect\n|move|p2b: Kyogre|Water Spout|p1a: Calyrex|[spread] p1b\n|-activate|p1a: Calyrex|move: Protect\n|-resisted|p1b: Kyogre\n|-damage|p1b: Kyogre|19/100\n|move|p1b: Kyogre|Thunder|p2b: Kyogre|[miss]\n|-miss|p1b: Kyogre|p2b: Kyogre\n|\n|-sideend|p1: yuri1910|move: Light Screen\n|upkeep\n|turn|9\n|\n|t:|1774630419\n|move|p2b: Kyogre|Water Spout|p1a: Calyrex|[spread] p1a,p1b\n|-resisted|p1a: Calyrex\n|-resisted|p1b: Kyogre\n|-damage|p1a: Calyrex|0 fnt\n|-damage|p1b: Kyogre|0 fnt\n|faint|p1a: Calyrex\n|faint|p1b: Kyogre\n|\n|win|yutarotaku\n|raw|yuri1910's rating: 1555 &rarr; <strong>1532</strong><br />(-23 for losing)\n|raw|yutarotaku's rating: 1496 &rarr; <strong>1519</strong><br />(+23 for winning)\n|l|\u2606yutarotaku\n|player|p2|\n|l|\u2606yuri1910\n|player|p1|\n","uploadtime":1774630647,"views":14,"formatid":"gen9vgc2026regi","rating":1519,"private":0,"password":null}