{"id":"gen9vgc2026regi-2573534419","format":"[Gen 9] VGC 2026 Reg I","players":["asroarri","ywets"],"log":"|j|\u2606asroarri\n|j|\u2606ywets\n|t:|1775144717\n|gametype|doubles\n|player|p1|asroarri|dawn|1129\n|player|p2|ywets|boarder|1105\n|gen|9\n|tier|[Gen 9] VGC 2026 Reg I\n|rated|\n|rule|Species Clause: Limit one of each Pok\u00e9mon\n|rule|Item Clause: Limit 1 of each item\n|clearpoke\n|poke|p1|Kyogre, L50|\n|poke|p1|Eternatus, L50|\n|poke|p1|Iron Crown, L50|\n|poke|p1|Indeedee-F, L50, F|\n|poke|p1|Overqwil, L50, M|\n|poke|p1|Araquanid, L50, F|\n|poke|p2|Calyrex-Shadow, L50|\n|poke|p2|Miraidon, L50|\n|poke|p2|Indeedee-F, L50, F|\n|poke|p2|Urshifu-*, L50, M|\n|poke|p2|Iron Treads, L50|\n|poke|p2|Amoonguss, L50, M|\n|teampreview|4\n|inactive|Battle timer is ON: inactive players will automatically lose when time's up. (requested by asroarri)\n|\n|t:|1775144755\n|teamsize|p1|4\n|teamsize|p2|4\n|start\n|switch|p1a: Araquanid|Araquanid, L50, F|100/100\n|switch|p1b: Indeedee|Indeedee-F, L50, F|100/100\n|switch|p2a: Calyrex|Calyrex-Shadow, L50|100/100\n|switch|p2b: Indeedee|Indeedee-F, L50, F|100/100\n|-ability|p2a: Calyrex|As One\n|-ability|p2a: Calyrex|Unnerve\n|-fieldstart|move: Psychic Terrain|[from] ability: Psychic Surge|[of] p1b: Indeedee\n|turn|1\n|inactive|asroarri has 30 seconds left.\n|inactive|ywets has 30 seconds left.\n|inactive|asroarri has 20 seconds left.\n|inactive|ywets has 20 seconds left.\n|inactive|asroarri has 15 seconds left.\n|inactive|asroarri has 10 seconds left.\n|inactive|asroarri has 5 seconds left.\n|\n|t:|1775144806\n|move|p2a: Calyrex|Psychic|p1a: Araquanid\n|-damage|p1a: Araquanid|57/100\n|move|p1b: Indeedee|Psychic|p2a: Calyrex\n|-resisted|p2a: Calyrex\n|-damage|p2a: Calyrex|84/100\n|move|p1a: Araquanid|Sticky Web|p2a: Calyrex\n|-sidestart|p2: ywets|move: Sticky Web\n|move|p2b: Indeedee|Trick Room|p2b: Indeedee\n|-fieldstart|move: Trick Room|[of] p2b: Indeedee\n|\n|upkeep\n|turn|2\n|\n|t:|1775144826\n|move|p1a: Araquanid|Liquidation|p2a: Calyrex\n|-damage|p2a: Calyrex|30/100\n|-enditem|p2a: Calyrex|Sitrus Berry|[eat]\n|-heal|p2a: Calyrex|55/100|[from] item: Sitrus Berry\n|move|p1b: Indeedee|Psychic|p2a: Calyrex\n|-resisted|p2a: Calyrex\n|-damage|p2a: Calyrex|39/100\n|move|p2b: Indeedee|Psychic|p1a: Araquanid\n|-damage|p1a: Araquanid|28/100\n|move|p2a: Calyrex|Encore|p1b: Indeedee\n|-start|p1b: Indeedee|Encore\n|\n|upkeep\n|turn|3\n|\n|t:|1775144847\n|move|p2a: Calyrex|Protect|p2a: Calyrex\n|-singleturn|p2a: Calyrex|Protect\n|move|p1a: Araquanid|Liquidation|p2a: Calyrex\n|-activate|p2a: Calyrex|move: Protect\n|move|p1b: Indeedee|Psychic|p2b: Indeedee\n|-resisted|p2b: Indeedee\n|-damage|p2b: Indeedee|81/100\n|move|p2b: Indeedee|Psychic|p1a: Araquanid\n|-damage|p1a: Araquanid|0 fnt\n|faint|p1a: Araquanid\n|\n|upkeep\n|\n|t:|1775144858\n|switch|p1a: Kyogre|Kyogre, L50|100/100\n|-weather|RainDance|[from] ability: Drizzle|[of] p1a: Kyogre\n|turn|4\n|\n|t:|1775144880\n|-terastallize|p1a: Kyogre|Water\n|move|p1b: Indeedee|Psychic|p2b: Indeedee\n|-resisted|p2b: Indeedee\n|-damage|p2b: Indeedee|61/100\n|move|p2b: Indeedee|Psychic|p1a: Kyogre\n|-damage|p1a: Kyogre|71/100\n|move|p1a: Kyogre|Water Spout|p2b: Indeedee|[spread] p2a,p2b\n|-damage|p2a: Calyrex|0 fnt\n|-damage|p2b: Indeedee|0 fnt\n|faint|p2a: Calyrex\n|faint|p2b: Indeedee\n|\n|-weather|RainDance|[upkeep]\n|upkeep\n|\n|t:|1775144894\n|switch|p2b: Iron Treads|Iron Treads, L50|100/100\n|switch|p2a: Miraidon|Miraidon, L50|100/100\n|-activate|p2b: Iron Treads|move: Sticky Web\n|-unboost|p2b: Iron Treads|spe|1\n|-activate|p2a: Miraidon|move: Sticky Web\n|-unboost|p2a: Miraidon|spe|1\n|-fieldstart|move: Electric Terrain|[from] ability: Hadron Engine|[of] p2a: Miraidon\n|-activate|p2b: Iron Treads|ability: Quark Drive\n|-start|p2b: Iron Treads|quarkdrivedef\n|turn|5\n|\n|t:|1775144915\n|move|p1a: Kyogre|Protect|p1a: Kyogre\n|-singleturn|p1a: Kyogre|Protect\n|move|p1b: Indeedee|Psychic|p2a: Miraidon\n|-damage|p2a: Miraidon|75/100\n|move|p2b: Iron Treads|Supercell Slam|p1b: Indeedee\n|-damage|p1b: Indeedee|69/100\n|move|p2a: Miraidon|Electro Drift|p1a: Kyogre\n|-activate|p1a: Kyogre|move: Protect\n|\n|-weather|RainDance|[upkeep]\n|-end|p1b: Indeedee|Encore\n|-fieldend|move: Trick Room\n|upkeep\n|turn|6\n|inactive|ywets has 30 seconds left.\n|\n|t:|1775144941\n|-terastallize|p2b: Iron Treads|Dragon\n|move|p1b: Indeedee|Follow Me|p1b: Indeedee\n|-singleturn|p1b: Indeedee|move: Follow Me\n|move|p1a: Kyogre|Water Spout|p2b: Iron Treads|[spread] p2a,p2b\n|-resisted|p2a: Miraidon\n|-resisted|p2b: Iron Treads\n|-crit|p2b: Iron Treads\n|-damage|p2a: Miraidon|27/100\n|-damage|p2b: Iron Treads|43/100\n|move|p2a: Miraidon|Electro Drift|p1b: Indeedee\n|-damage|p1b: Indeedee|0 fnt\n|faint|p1b: Indeedee\n|move|p2b: Iron Treads|Iron Head|p1a: Kyogre\n|-resisted|p1a: Kyogre\n|-damage|p1a: Kyogre|54/100\n|\n|-weather|RainDance|[upkeep]\n|upkeep\n|\n|t:|1775144949\n|switch|p1b: Eternatus|Eternatus, L50|100/100\n|-ability|p1b: Eternatus|Pressure\n|turn|7\n|\n|t:|1775144961\n|move|p1b: Eternatus|Sludge Wave|p2a: Miraidon|[spread] p1a,p2a,p2b\n|-damage|p1a: Kyogre|7/100\n|-damage|p2a: Miraidon|0 fnt\n|-damage|p2b: Iron Treads|0 fnt\n|-status|p1a: Kyogre|psn\n|faint|p2a: Miraidon\n|faint|p2b: Iron Treads\n|-end|p2b: Iron Treads|Quark Drive|[silent]\n|\n|win|asroarri\n|raw|asroarri's rating: 1129 &rarr; <strong>1152</strong><br />(+23 for winning)\n|raw|ywets's rating: 1105 &rarr; <strong>1082</strong><br />(-23 for losing)\n","uploadtime":1775144970,"views":14,"formatid":"gen9vgc2026regi","rating":1082,"private":0,"password":null}