{"id":"gen9vgc2026regi-2576232872","format":"[Gen 9] VGC 2026 Reg I","players":["TheManOfSausage","Kwiper"],"log":"|j|\u2606TheManOfSausage\n|j|\u2606Kwiper\n|t:|1775443304\n|gametype|doubles\n|player|p1|TheManOfSausage|miku-water|1493\n|player|p2|Kwiper|sycamore|1496\n|gen|9\n|tier|[Gen 9] VGC 2026 Reg I\n|rated|\n|rule|Species Clause: Limit one of each Pok\u00e9mon\n|rule|Item Clause: Limit 1 of each item\n|clearpoke\n|poke|p1|Calyrex-Ice, L50|\n|poke|p1|Miraidon, L50|\n|poke|p1|Farigiraf, L50, F|\n|poke|p1|Incineroar, L50, M|\n|poke|p1|Urshifu-*, L50, M|\n|poke|p1|Landorus, L50, M|\n|poke|p2|Koraidon, L50|\n|poke|p2|Lunala, L50|\n|poke|p2|Indeedee-F, L50, F|\n|poke|p2|Flutter Mane, L50|\n|poke|p2|Volcarona, L50, M|\n|poke|p2|Ursaluna, L50, M|\n|teampreview|4\n|inactive|Battle timer is ON: inactive players will automatically lose when time's up. (requested by Kwiper)\nTheManOfSausage has agreed to open team sheets.\n|\n|t:|1775443313\n|teamsize|p1|4\n|teamsize|p2|4\n|start\n|switch|p1a: Magical Mirai|Miraidon, L50|100/100\n|switch|p1b: Ogurin|Calyrex-Ice, L50|100/100\n|switch|p2a: Lunala|Lunala, L50, shiny|100/100\n|switch|p2b: Indeedee|Indeedee-F, L50, F|100/100\n|-ability|p1b: Ogurin|As One\n|-ability|p1b: Ogurin|Unnerve\n|-fieldstart|move: Electric Terrain|[from] ability: Hadron Engine|[of] p1a: Magical Mirai\n|-fieldstart|move: Psychic Terrain|[from] ability: Psychic Surge|[of] p2b: Indeedee\n|turn|1\n|inactive|Kwiper has 30 seconds left.\n|inactive|Kwiper has 20 seconds left.\n|\n|t:|1775443352\n|-terastallize|p1b: Ogurin|Water\n|move|p2b: Indeedee|Helping Hand|p2a: Lunala\n|-singleturn|p2a: Lunala|Helping Hand|[of] p2b: Indeedee\n|move|p1a: Magical Mirai|Snarl|p2a: Lunala|[spread] p2a,p2b\n|-supereffective|p2a: Lunala\n|-supereffective|p2b: Indeedee\n|-damage|p2a: Lunala|77/100\n|-damage|p2b: Indeedee|67/100\n|-unboost|p2a: Lunala|spa|1\n|-unboost|p2b: Indeedee|spa|1\n|move|p2a: Lunala|Meteor Beam||[still]\n|-prepare|p2a: Lunala|Meteor Beam\n|-boost|p2a: Lunala|spa|1\n|-enditem|p2a: Lunala|Power Herb\n|-anim|p2a: Lunala|Meteor Beam|p1a: Magical Mirai\n|-damage|p1a: Magical Mirai|36/100\n|move|p1b: Ogurin|Glacial Lance|p2a: Lunala|[spread] p2a,p2b\n|-damage|p2a: Lunala|24/100\n|-damage|p2b: Indeedee|12/100\n|\n|upkeep\n|turn|2\n|\n|t:|1775443361\n|switch|p1a: Incineroar|Incineroar, L50, M, shiny|100/100\n|-ability|p1a: Incineroar|Intimidate|boost\n|-unboost|p2a: Lunala|atk|1\n|-unboost|p2b: Indeedee|atk|1\n|-terastallize|p2a: Lunala|Water\n|move|p2b: Indeedee|Helping Hand|p2a: Lunala\n|-singleturn|p2a: Lunala|Helping Hand|[of] p2b: Indeedee\n|move|p2a: Lunala|Expanding Force|p1b: Ogurin|[spread] p1b\n|-immune|p1a: Incineroar\n|-damage|p1b: Ogurin|35/100\n|move|p1b: Ogurin|Glacial Lance|p2a: Lunala|[spread] p2a,p2b\n|-resisted|p2a: Lunala\n|-damage|p2a: Lunala|0 fnt\n|-damage|p2b: Indeedee|0 fnt\n|faint|p2a: Lunala\n|faint|p2b: Indeedee\n|-ability|p1b: Ogurin|Chilling Neigh|boost\n|-boost|p1b: Ogurin|atk|2\n|\n|upkeep\n|\n|t:|1775443363\n|switch|p2a: Koraidon|Koraidon, L50, shiny|100/100\n|switch|p2b: Flutter Mane|Flutter Mane, L50|100/100\n|-weather|SunnyDay|[from] ability: Orichalcum Pulse|[of] p2a: Koraidon\n|-activate|p2b: Flutter Mane|ability: Protosynthesis\n|-start|p2b: Flutter Mane|protosynthesisspe\n|-activate|p2a: Koraidon|Orichalcum Pulse|[source]\n|turn|3\n|\n|t:|1775443380\n|move|p2b: Flutter Mane|Moonblast|p1b: Ogurin\n|-damage|p1b: Ogurin|3/100\n|move|p2a: Koraidon|Close Combat|p1a: Incineroar\n|-supereffective|p1a: Incineroar\n|-damage|p1a: Incineroar|0 fnt\n|-unboost|p2a: Koraidon|def|1\n|-unboost|p2a: Koraidon|spd|1\n|faint|p1a: Incineroar\n|-damage|p2a: Koraidon|91/100|[from] item: Life Orb\n|move|p1b: Ogurin|Trick Room|p1b: Ogurin\n|-fieldstart|move: Trick Room|[of] p1b: Ogurin\n|\n|-weather|SunnyDay|[upkeep]\n|upkeep\n|\n|t:|1775443385\n|switch|p1a: Landorus|Landorus, L50, M|100/100\n|turn|4\n|\n|t:|1775443394\n|move|p2a: Koraidon|Protect|p2a: Koraidon\n|-singleturn|p2a: Koraidon|Protect\n|move|p1b: Ogurin|Glacial Lance|p2a: Koraidon|[spread] p2b\n|-activate|p2a: Koraidon|move: Protect\n|-enditem|p2b: Flutter Mane|Focus Sash\n|-damage|p2b: Flutter Mane|1/100\n|move|p1a: Landorus|Earth Power|p2b: Flutter Mane\n|-damage|p2b: Flutter Mane|0 fnt\n|faint|p2b: Flutter Mane\n|-end|p2b: Flutter Mane|Protosynthesis|[silent]\n|\n|-weather|SunnyDay|[upkeep]\n|upkeep\n|turn|5\n|-message|Kwiper forfeited.\n|\n|win|TheManOfSausage\n|raw|TheManOfSausage's rating: 1493 &rarr; <strong>1513</strong><br />(+20 for winning)\n|raw|Kwiper's rating: 1496 &rarr; <strong>1476</strong><br />(-20 for losing)\n","uploadtime":1775443398,"views":9,"formatid":"gen9vgc2026regi","rating":1476,"private":0,"password":null}