{"id":"gen9vgc2026regi-2552280336","format":"[Gen 9] VGC 2026 Reg I","players":["kinweng1","CHR1SPHX"],"log":"|j|\u2606kinweng1\n|j|\u2606CHR1SPHX\n|t:|1772701639\n|gametype|doubles\n|player|p1|kinweng1|waiter-gen4dp|1134\n|player|p2|CHR1SPHX|hilbert|1226\n|gen|9\n|tier|[Gen 9] VGC 2026 Reg I\n|rated|\n|rule|Species Clause: Limit one of each Pok\u00e9mon\n|rule|Item Clause: Limit 1 of each item\n|clearpoke\n|poke|p1|Terapagos, L50, M|\n|poke|p1|Chi-Yu, L50|\n|poke|p1|Calyrex-Shadow, L50|\n|poke|p1|Whimsicott, L50, M|\n|poke|p1|Amoonguss, L50, M|\n|poke|p1|Smeargle, L50, M|\n|poke|p2|Lunala, L50|\n|poke|p2|Amoonguss, L50, M|\n|poke|p2|Ursaluna-Bloodmoon, L50, M|\n|poke|p2|Incineroar, L50, M|\n|poke|p2|Koraidon, L50|\n|poke|p2|Flutter Mane, L50|\n|teampreview|4\n|inactive|Battle timer is ON: inactive players will automatically lose when time's up. (requested by CHR1SPHX)\n|\n|t:|1772701662\n|teamsize|p1|4\n|teamsize|p2|4\n|start\n|switch|p1a: Tag Rider|Calyrex-Shadow, L50|100/100\n|switch|p1b: Captain Hroom|Amoonguss, L50, M|100/100\n|switch|p2a: Lunala|Lunala, L50, shiny|100/100\n|switch|p2b: Amoonguss|Amoonguss, L50, M, shiny|100/100\n|-ability|p1a: Tag Rider|As One\n|-ability|p1a: Tag Rider|Unnerve\n|turn|1\n|\n|t:|1772701679\n|switch|p2a: Incineroar|Incineroar, L50, M|100/100\n|-ability|p2a: Incineroar|Intimidate|boost\n|-unboost|p1a: Tag Rider|atk|1\n|-unboost|p1b: Captain Hroom|atk|1\n|move|p1a: Tag Rider|Protect|p1a: Tag Rider\n|-singleturn|p1a: Tag Rider|Protect\n|move|p2b: Amoonguss|Spore|p1a: Tag Rider\n|-activate|p1a: Tag Rider|move: Protect\n|move|p1b: Captain Hroom|Sludge Bomb|p2b: Amoonguss\n|-damage|p2b: Amoonguss|77/100\n|\n|upkeep\n|turn|2\n|inactive|kinweng1 has 30 seconds left.\n|inactive|kinweng1 has 20 seconds left.\n|inactive|kinweng1 has 15 seconds left.\n|\n|t:|1772701720\n|switch|p2b: Ursaluna|Ursaluna-Bloodmoon, L50, M|100/100\n|move|p1a: Tag Rider|Protect|p1a: Tag Rider\n|-singleturn|p1a: Tag Rider|Protect\n|move|p2a: Incineroar|Knock Off|p1a: Tag Rider\n|-activate|p1a: Tag Rider|move: Protect\n|move|p1b: Captain Hroom|Spore|p2a: Incineroar\n|-activate|p2a: Incineroar|item: Safety Goggles|Spore\n|\n|upkeep\n|turn|3\n|\n|t:|1772701744\n|move|p2b: Ursaluna|Protect|p2b: Ursaluna\n|-singleturn|p2b: Ursaluna|Protect\n|move|p1a: Tag Rider|Pollen Puff|p2a: Incineroar\n|-damage|p2a: Incineroar|67/100\n|-damage|p1a: Tag Rider|91/100|[from] item: Life Orb\n|move|p2a: Incineroar|Knock Off|p1a: Tag Rider\n|-supereffective|p1a: Tag Rider\n|-damage|p1a: Tag Rider|0 fnt\n|-enditem|p1a: Tag Rider|Life Orb|[from] move: Knock Off|[of] p2a: Incineroar\n|faint|p1a: Tag Rider\n|move|p1b: Captain Hroom|Spore|p2b: Ursaluna\n|-activate|p2b: Ursaluna|move: Protect\n|\n|upkeep\n|\n|t:|1772701749\n|switch|p1a: Terapagoat|Terapagos, L50, M|100/100\n|-activate|p1a: Terapagoat|ability: Tera Shift\n|detailschange|p1a: Terapagoat|Terapagos-Terastal, L50, M\n|-heal|p1a: Terapagoat|100/100|[silent]\n|turn|4\n|\n|t:|1772701763\n|switch|p2b: Amoonguss|Amoonguss, L50, M, shiny|100/100\n|-terastallize|p1a: Terapagoat|Stellar\n|detailschange|p1a: Terapagoat|Terapagos-Stellar, L50, M, tera:Stellar\n|-heal|p1a: Terapagoat|100/100|[silent]\n|move|p1a: Terapagoat|Tera Starstorm|p2b: Amoonguss|[spread] p2a,p2b\n|-damage|p2a: Incineroar|21/100\n|-damage|p2b: Amoonguss|46/100\n|move|p2a: Incineroar|Parting Shot|p1a: Terapagoat\n|-unboost|p1a: Terapagoat|atk|1\n|-unboost|p1a: Terapagoat|spa|1\n|\n|t:|1772701770\n|switch|p2a: Lunala|Lunala, L50, shiny|100/100|[from] Parting Shot\n|move|p1b: Captain Hroom|Grassy Terrain|p1b: Captain Hroom\n|-fieldstart|move: Grassy Terrain\n|\n|-heal|p2b: Amoonguss|52/100|[from] Grassy Terrain\n|upkeep\n|turn|5\n|\n|t:|1772701792\n|switch|p1a: Smeargle|Smeargle, L50, M|100/100\n|switch|p2a: Incineroar|Incineroar, L50, M|21/100\n|-ability|p2a: Incineroar|Intimidate|boost\n|-unboost|p1a: Smeargle|atk|1\n|-unboost|p1b: Captain Hroom|atk|1\n|move|p1b: Captain Hroom|Spore|p2a: Incineroar\n|-activate|p2a: Incineroar|item: Safety Goggles|Spore\n|move|p2b: Amoonguss|Spore|p1a: Smeargle\n|-status|p1a: Smeargle|slp|[from] move: Spore\n|\n|-heal|p2a: Incineroar|27/100|[from] Grassy Terrain\n|-heal|p2b: Amoonguss|58/100|[from] Grassy Terrain\n|-ability|p1a: Smeargle|Moody|boost\n|-boost|p1a: Smeargle|atk|2\n|-unboost|p1a: Smeargle|spd|1\n|upkeep\n|turn|6\n|\n|t:|1772701816\n|switch|p2b: Ursaluna|Ursaluna-Bloodmoon, L50, M|100/100\n|cant|p1a: Smeargle|slp\n|move|p2a: Incineroar|Taunt|p1b: Captain Hroom\n|-start|p1b: Captain Hroom|move: Taunt\n|-enditem|p1b: Captain Hroom|Mental Herb\n|-end|p1b: Captain Hroom|move: Taunt\n|move|p1b: Captain Hroom|Sludge Bomb|p2a: Incineroar\n|-damage|p2a: Incineroar|6/100\n|\n|-heal|p2a: Incineroar|12/100|[from] Grassy Terrain\n|-ability|p1a: Smeargle|Moody|boost\n|-boost|p1a: Smeargle|atk|2\n|-unboost|p1a: Smeargle|def|1\n|upkeep\n|turn|7\n|\n|t:|1772701833\n|move|p2b: Ursaluna|Protect|p2b: Ursaluna\n|-singleturn|p2b: Ursaluna|Protect\n|-curestatus|p1a: Smeargle|slp|[msg]\n|move|p1a: Smeargle|Spore|p2b: Ursaluna\n|-activate|p2b: Ursaluna|move: Protect\n|move|p2a: Incineroar|Taunt|p1a: Smeargle\n|-start|p1a: Smeargle|move: Taunt\n|move|p1b: Captain Hroom|Sludge Bomb|p2a: Incineroar\n|-damage|p2a: Incineroar|0 fnt\n|faint|p2a: Incineroar\n|\n|-ability|p1a: Smeargle|Moody|boost\n|-boost|p1a: Smeargle|atk|2\n|-unboost|p1a: Smeargle|spa|1\n|upkeep\n|\n|t:|1772701842\n|switch|p2a: Lunala|Lunala, L50, shiny|100/100\n|turn|8\n|\n|t:|1772701854\n|move|p1a: Smeargle|Foul Play|p2a: Lunala\n|-supereffective|p2a: Lunala\n|-damage|p2a: Lunala|74/100\n|move|p2a: Lunala|Moongeist Beam|p1b: Captain Hroom\n|-damage|p1b: Captain Hroom|50/100\n|move|p2b: Ursaluna|Hyper Voice|p1b: Captain Hroom|[spread] p1a,p1b\n|-crit|p1b: Captain Hroom\n|-enditem|p1a: Smeargle|Focus Sash\n|-damage|p1a: Smeargle|1/100\n|-damage|p1b: Captain Hroom|0 fnt\n|faint|p1b: Captain Hroom\n|-damage|p2b: Ursaluna|91/100|[from] item: Life Orb\n|\n|-heal|p1a: Smeargle|7/100|[from] Grassy Terrain\n|-heal|p2a: Lunala|80/100|[from] Grassy Terrain\n|-heal|p2b: Ursaluna|97/100|[from] Grassy Terrain\n|-fieldend|move: Grassy Terrain\n|-ability|p1a: Smeargle|Moody|boost\n|-boost|p1a: Smeargle|def|2\n|-unboost|p1a: Smeargle|atk|1\n|upkeep\n|\n|t:|1772701866\n|switch|p1b: Terapagoat|Terapagos-Stellar, L50, M, tera:Stellar|100/100\n|turn|9\n|\n|t:|1772701879\n|move|p2a: Lunala|Wide Guard|p2a: Lunala\n|-singleturn|p2a: Lunala|Wide Guard\n|move|p1a: Smeargle|Foul Play|p2a: Lunala\n|-supereffective|p2a: Lunala\n|-damage|p2a: Lunala|22/100\n|move|p1b: Terapagoat|Tera Starstorm|p2a: Lunala|[spread] \n|-activate|p2a: Lunala|move: Wide Guard\n|-activate|p2b: Ursaluna|move: Wide Guard\n|move|p2b: Ursaluna|Hyper Voice|p1b: Terapagoat|[spread] p1a,p1b\n|-damage|p1a: Smeargle|0 fnt\n|-damage|p1b: Terapagoat|69/100\n|faint|p1a: Smeargle\n|-damage|p2b: Ursaluna|87/100|[from] item: Life Orb\n|\n|upkeep\n|turn|10\n|-message|kinweng1 forfeited.\n|\n|win|CHR1SPHX\n|raw|kinweng1's rating: 1134 &rarr; <strong>1115</strong><br />(-19 for losing)\n|raw|CHR1SPHX's rating: 1226 &rarr; <strong>1245</strong><br />(+19 for winning)\n|l|\u2606kinweng1\n|player|p1|\n|l|\u2606CHR1SPHX\n|player|p2|\n","uploadtime":1772702156,"views":12,"formatid":"gen9vgc2026regi","rating":1115,"private":0,"password":null}