{"id":"gen9vgc2026regi-2567566823","format":"[Gen 9] VGC 2026 Reg I","players":["terabvgc","slimeslatt252"],"log":"|j|\u2606terabvgc\n|j|\u2606slimeslatt252\n|t:|1774488740\n|gametype|doubles\n|player|p1|terabvgc|gambler|1483\n|player|p2|slimeslatt252|102|1482\n|gen|9\n|tier|[Gen 9] VGC 2026 Reg I\n|rated|\n|rule|Species Clause: Limit one of each Pok\u00e9mon\n|rule|Item Clause: Limit 1 of each item\n|clearpoke\n|poke|p1|Miraidon, L50|\n|poke|p1|Farigiraf, L50, M|\n|poke|p1|Iron Hands, L50|\n|poke|p1|Calyrex-Ice, L50|\n|poke|p1|Ogerpon-Hearthflame, L50, F|\n|poke|p1|Whimsicott, L50, F|\n|poke|p2|Calyrex-Shadow, L50|\n|poke|p2|Koraidon, L50|\n|poke|p2|Incineroar, L50, M|\n|poke|p2|Raging Bolt, L50|\n|poke|p2|Brute Bonnet, L50|\n|poke|p2|Landorus, L50, M|\n|teampreview|4\n|inactive|Battle timer is ON: inactive players will automatically lose when time's up. (requested by slimeslatt252)\n|inactive|terabvgc also wants the timer to be on.\n|inactive|terabvgc has 60 seconds left.\n|inactive|slimeslatt252 has 60 seconds left.\n|\n|t:|1774488799\n|teamsize|p1|4\n|teamsize|p2|4\n|start\n|switch|p1a: Miraidon|Miraidon, L50|100/100\n|switch|p1b: Calyrex|Calyrex-Ice, L50|100/100\n|switch|p2a: raging dingus|Raging Bolt, L50|100/100\n|switch|p2b: Incineroar|Incineroar, L50, M|100/100\n|-ability|p1b: Calyrex|As One\n|-ability|p1b: Calyrex|Unnerve\n|-fieldstart|move: Electric Terrain|[from] ability: Hadron Engine|[of] p1a: Miraidon\n|-ability|p2b: Incineroar|Intimidate|boost\n|-unboost|p1a: Miraidon|atk|1\n|-fail|p1b: Calyrex|unboost|[from] item: Clear Amulet|[of] p1b: Calyrex\n|turn|1\n|inactive|terabvgc has 30 seconds left.\n|\n|t:|1774488827\n|switch|p1a: Iron Hands|Iron Hands, L50|100/100\n|-activate|p1a: Iron Hands|ability: Quark Drive\n|-start|p1a: Iron Hands|quarkdriveatk\n|-terastallize|p2a: raging dingus|Electric\n|move|p2b: Incineroar|Fake Out|p1b: Calyrex\n|-damage|p1b: Calyrex|95/100\n|move|p2a: raging dingus|Thunderbolt|p1b: Calyrex\n|-damage|p1b: Calyrex|43/100\n|cant|p1b: Calyrex|flinch\n|\n|upkeep\n|turn|2\n|\n|t:|1774488847\n|switch|p1b: Ogerpon|Ogerpon-Hearthflame, L50, F|100/100\n|-ability|p1b: Ogerpon|Mold Breaker\n|move|p2a: raging dingus|Thunderbolt|p1b: Ogerpon\n|-resisted|p1b: Ogerpon\n|-damage|p1b: Ogerpon|48/100\n|move|p2b: Incineroar|Knock Off|p1b: Ogerpon\n|-damage|p1b: Ogerpon|13/100\n|move|p1a: Iron Hands|Drain Punch|p2b: Incineroar\n|-supereffective|p2b: Incineroar\n|-damage|p2b: Incineroar|14/100\n|-damage|p1a: Iron Hands|84/100|[from] item: Rocky Helmet|[of] p2b: Incineroar\n|\n|upkeep\n|turn|3\n|\n|t:|1774488869\n|move|p1b: Ogerpon|Spiky Shield|p1b: Ogerpon\n|-singleturn|p1b: Ogerpon|move: Protect\n|move|p2a: raging dingus|Volt Switch|p1b: Ogerpon\n|-activate|p1b: Ogerpon|move: Protect\n|move|p2b: Incineroar|Knock Off|p1a: Iron Hands\n|-resisted|p1a: Iron Hands\n|-damage|p1a: Iron Hands|71/100\n|-enditem|p1a: Iron Hands|Assault Vest|[from] move: Knock Off|[of] p2b: Incineroar\n|move|p1a: Iron Hands|Drain Punch|p2a: raging dingus\n|-damage|p2a: raging dingus|56/100\n|-heal|p1a: Iron Hands|90/100|[from] drain|[of] p2a: raging dingus\n|\n|upkeep\n|turn|4\n|inactive|terabvgc has 30 seconds left.\n|\n|t:|1774488901\n|move|p1b: Ogerpon|Ivy Cudgel|p2a: raging dingus|[anim] Ivy Cudgel Fire\n|-damage|p2a: raging dingus|10/100\n|move|p2a: raging dingus|Volt Switch|p1b: Ogerpon\n|-resisted|p1b: Ogerpon\n|-damage|p1b: Ogerpon|0 fnt\n|faint|p1b: Ogerpon\n|\n|t:|1774488909\n|-end|p2a: raging dingus|Protosynthesis|[silent]\n|switch|p2a: Landorus|Landorus, L50, M|100/100|[from] Volt Switch\n|move|p2b: Incineroar|Parting Shot|p1a: Iron Hands\n|-unboost|p1a: Iron Hands|atk|1\n|-unboost|p1a: Iron Hands|spa|1\n|\n|t:|1774488915\n|switch|p2b: Calyrex|Calyrex-Shadow, L50|100/100|[from] Parting Shot\n|-ability|p2b: Calyrex|As One\n|-ability|p2b: Calyrex|Unnerve\n|move|p1a: Iron Hands|Thunder Punch|p2a: Landorus\n|-immune|p2a: Landorus\n|\n|upkeep\n|\n|t:|1774488926\n|switch|p1b: Miraidon|Miraidon, L50|100/100\n|-activate|p1b: Miraidon|ability: Hadron Engine\n|turn|5\n|j| chingling is life\n|inactive|terabvgc has 30 seconds left.\n|inactive|terabvgc has 20 seconds left.\n|\n|t:|1774488966\n|-terastallize|p1a: Iron Hands|Grass\n|move|p2b: Calyrex|Protect|p2b: Calyrex\n|-singleturn|p2b: Calyrex|Protect\n|move|p2a: Landorus|Protect|p2a: Landorus\n|-singleturn|p2a: Landorus|Protect\n|move|p1b: Miraidon|Draco Meteor|p2a: Landorus\n|-activate|p2a: Landorus|move: Protect\n|move|p1a: Iron Hands|Thunder Punch|p2b: Calyrex\n|-activate|p2b: Calyrex|move: Protect\n|\n|-fieldend|move: Electric Terrain\n|-end|p1a: Iron Hands|Quark Drive\n|upkeep\n|turn|6\n|\n|t:|1774488986\n|switch|p1b: Calyrex|Calyrex-Ice, L50|43/100\n|-ability|p1b: Calyrex|As One\n|-ability|p1b: Calyrex|Unnerve\n|move|p2b: Calyrex|Astral Barrage|p1b: Calyrex|[spread] p1a,p1b\n|-crit|p1a: Iron Hands\n|-supereffective|p1b: Calyrex\n|-damage|p1a: Iron Hands|9/100\n|-damage|p1b: Calyrex|0 fnt\n|faint|p1b: Calyrex\n|-ability|p2b: Calyrex|Grim Neigh|boost\n|-boost|p2b: Calyrex|spa|1\n|move|p2a: Landorus|Earth Power|p1a: Iron Hands\n|-resisted|p1a: Iron Hands\n|-damage|p1a: Iron Hands|0 fnt\n|faint|p1a: Iron Hands\n|-end|p1a: Iron Hands|Quark Drive|[silent]\n|\n|upkeep\n|-message|terabvgc forfeited.\n|\n|win|slimeslatt252\n|raw|terabvgc's rating: 1483 &rarr; <strong>1463</strong><br />(-20 for losing)\n|raw|slimeslatt252's rating: 1482 &rarr; <strong>1502</strong><br />(+20 for winning)\n|l|\u2606terabvgc\n|player|p1|\n|l|\u2606slimeslatt252\n|player|p2|\n|l| chingling is life\n","uploadtime":1774489234,"views":13,"formatid":"gen9vgc2026regi","rating":1463,"private":0,"password":null}