{"id":"gen9vgc2026regi-2525284589","format":"[Gen 9] VGC 2026 Reg I","players":["1zha","alamossauro"],"log":"|j|\u26061zha\n|j|\u2606alamossauro\n|t:|1769262923\n|gametype|doubles\n|player|p1|1zha|170|1357\n|player|p2|alamossauro|pokemaniac|1412\n|gen|9\n|tier|[Gen 9] VGC 2026 Reg I\n|rated|\n|rule|Species Clause: Limit one of each Pok\u00e9mon\n|rule|Item Clause: Limit 1 of each item\n|clearpoke\n|poke|p1|Calyrex-Shadow, L50|\n|poke|p1|Zamazenta-*, L50|\n|poke|p1|Whimsicott, L50, F|\n|poke|p1|Maushold-Four, L50|\n|poke|p1|Chi-Yu, L50|\n|poke|p1|Amoonguss, L50, M|\n|poke|p2|Calyrex-Ice, L50|\n|poke|p2|Enamorus-Therian, L50, F|\n|poke|p2|Lunala, L50|\n|poke|p2|Indeedee-F, L50, F|\n|poke|p2|Ditto, L50|\n|poke|p2|Brute Bonnet, L50|\n|teampreview|4\n|inactive|Battle timer is ON: inactive players will automatically lose when time's up. (requested by 1zha)\n|\n|t:|1769262947\n|teamsize|p1|4\n|teamsize|p2|4\n|start\n|switch|p1a: Whimsicott|Whimsicott, L50, F, shiny|100/100\n|switch|p1b: Chi-Yu|Chi-Yu, L50, shiny|100/100\n|switch|p2a: Lunala|Lunala, L50|100/100\n|switch|p2b: Brute Bonnet|Brute Bonnet, L50|100/100\n|-ability|p1b: Chi-Yu|Beads of Ruin\n|-enditem|p2b: Brute Bonnet|Booster Energy\n|-activate|p2b: Brute Bonnet|ability: Protosynthesis|[fromitem]\n|-start|p2b: Brute Bonnet|protosynthesisdef\n|turn|1\n|j| riyuezi\n|inactive|alamossauro has 30 seconds left.\n|\n|t:|1769262974\n|-terastallize|p2a: Lunala|Dark\n|move|p1a: Whimsicott|Taunt|p2a: Lunala\n|-hint|Since gen 7, Dark is immune to Prankster moves.\n|-immune|p2a: Lunala\n|move|p1b: Chi-Yu|Snarl|p2b: Brute Bonnet|[spread] p2a\n|-miss|p1b: Chi-Yu|p2b: Brute Bonnet\n|-resisted|p2a: Lunala\n|-damage|p2a: Lunala|93/100\n|-unboost|p2a: Lunala|spa|1\n|move|p2b: Brute Bonnet|Spore|p1b: Chi-Yu\n|-status|p1b: Chi-Yu|slp|[from] move: Spore\n|move|p2a: Lunala|Trick Room|p2a: Lunala\n|-fieldstart|move: Trick Room|[of] p2a: Lunala\n|\n|upkeep\n|turn|2\n|\n|t:|1769262996\n|-end|p2b: Brute Bonnet|Protosynthesis|[silent]\n|switch|p2b: Calyrex|Calyrex-Ice, L50|100/100\n|-ability|p2b: Calyrex|As One\n|-ability|p2b: Calyrex|Unnerve\n|switch|p1b: Zamazenta|Zamazenta-Crowned, L50|100/100\n|-ability|p1b: Zamazenta|Dauntless Shield|boost\n|-boost|p1b: Zamazenta|def|1\n|move|p2a: Lunala|Meteor Beam||[still]\n|-prepare|p2a: Lunala|Meteor Beam\n|-boost|p2a: Lunala|spa|1\n|-enditem|p2a: Lunala|Power Herb\n|-anim|p2a: Lunala|Meteor Beam|p1b: Zamazenta\n|-resisted|p1b: Zamazenta\n|-damage|p1b: Zamazenta|93/100\n|move|p1a: Whimsicott|Endeavor|p2b: Calyrex\n|-damage|p2b: Calyrex|66/100\n|\n|upkeep\n|turn|3\n|l| riyuezi\n|inactive|alamossauro has 30 seconds left.\n|\n|t:|1769263022\n|switch|p2a: Ditto|Ditto, L50|100/100\n|-transform|p2a: Ditto|p1b: Zamazenta|[from] ability: Imposter\n|-ability|p2a: Ditto|Dauntless Shield|boost\n|-boost|p2a: Ditto|def|1\n|move|p2b: Calyrex|Glacial Lance|p1b: Zamazenta|[spread] p1a,p1b\n|-supereffective|p1a: Whimsicott\n|-resisted|p1b: Zamazenta\n|-enditem|p1a: Whimsicott|Focus Sash\n|-damage|p1a: Whimsicott|1/100\n|-damage|p1b: Zamazenta|83/100\n|move|p1b: Zamazenta|Body Press|p2a: Ditto\n|-supereffective|p2a: Ditto\n|-damage|p2a: Ditto|50/100\n|move|p1a: Whimsicott|Endeavor|p2b: Calyrex\n|-damage|p2b: Calyrex|1/100\n|\n|upkeep\n|turn|4\n|j| riyuezi\n|l| riyuezi\n|\n|t:|1769263044\n|move|p1a: Whimsicott|Taunt|p2a: Ditto\n|-start|p2a: Ditto|move: Taunt\n|move|p2b: Calyrex|Glacial Lance|p1a: Whimsicott|[spread] p1a,p1b\n|-supereffective|p1a: Whimsicott\n|-resisted|p1b: Zamazenta\n|-damage|p1a: Whimsicott|0 fnt\n|-damage|p1b: Zamazenta|72/100\n|faint|p1a: Whimsicott\n|-ability|p2b: Calyrex|Chilling Neigh|boost\n|-boost|p2b: Calyrex|atk|1\n|move|p1b: Zamazenta|Body Press|p2b: Calyrex\n|-crit|p2b: Calyrex\n|-damage|p2b: Calyrex|0 fnt\n|faint|p2b: Calyrex\n|cant|p2a: Ditto|move: Taunt|Imprison\n|\n|upkeep\n|\n|t:|1769263062\n|switch|p2b: Brute Bonnet|Brute Bonnet, L50|100/100\n|switch|p1a: Chi-Yu|Chi-Yu, L50, shiny|100/100 slp\n|-ability|p1a: Chi-Yu|Beads of Ruin\n|turn|5\n|\n|t:|1769263081\n|-terastallize|p1b: Zamazenta|Dragon\n|move|p2b: Brute Bonnet|Spore|p1b: Zamazenta\n|-status|p1b: Zamazenta|slp|[from] move: Spore\n|cant|p1b: Zamazenta|slp\n|move|p2a: Ditto|Body Press|p1a: Chi-Yu\n|-supereffective|p1a: Chi-Yu\n|-damage|p1a: Chi-Yu|0 fnt\n|faint|p1a: Chi-Yu\n|\n|-fieldend|move: Trick Room\n|upkeep\n|\n|t:|1769263089\n|switch|p1a: Calyrex|Calyrex-Shadow, L50|100/100\n|-ability|p1a: Calyrex|As One\n|-ability|p1a: Calyrex|Unnerve\n|turn|6\n|\n|t:|1769263102\n|switch|p2a: Lunala|Lunala, L50, tera:Dark|93/100\n|move|p1a: Calyrex|Protect|p1a: Calyrex\n|-singleturn|p1a: Calyrex|Protect\n|move|p2b: Brute Bonnet|Sucker Punch||[still]\n|-fail|p2b: Brute Bonnet\n|cant|p1b: Zamazenta|slp\n|\n|upkeep\n|turn|7\n|\n|t:|1769263120\n|move|p2b: Brute Bonnet|Sucker Punch||[still]\n|-fail|p2b: Brute Bonnet\n|move|p1a: Calyrex|Nasty Plot|p1a: Calyrex\n|-boost|p1a: Calyrex|spa|2\n|-curestatus|p1b: Zamazenta|slp|[msg]\n|move|p1b: Zamazenta|Body Press|p2a: Lunala\n|-supereffective|p2a: Lunala\n|-damage|p2a: Lunala|0 fnt\n|faint|p2a: Lunala\n|\n|upkeep\n|\n|t:|1769263136\n|switch|p2a: Ditto|Ditto, L50|50/100\n|-transform|p2a: Ditto|p1b: Zamazenta|[from] ability: Imposter\n|-start|p2a: Ditto|typechange|Fighting/Steel|[silent]\n|turn|8\n|\n|t:|1769263149\n|move|p1a: Calyrex|Protect|p1a: Calyrex\n|-singleturn|p1a: Calyrex|Protect\n|move|p2b: Brute Bonnet|Sucker Punch||[still]\n|-fail|p2b: Brute Bonnet\n|move|p1b: Zamazenta|Body Press|p2b: Brute Bonnet\n|-supereffective|p2b: Brute Bonnet\n|-damage|p2b: Brute Bonnet|4/100\n|move|p2a: Ditto|Imprison|p2a: Ditto\n|-start|p2a: Ditto|move: Imprison\n|\n|upkeep\n|turn|9\n|\n|t:|1769263170\n|move|p2b: Brute Bonnet|Sucker Punch|p1a: Calyrex\n|-supereffective|p1a: Calyrex\n|-damage|p1a: Calyrex|0 fnt\n|faint|p1a: Calyrex\n|move|p2a: Ditto|Heavy Slam|p1b: Zamazenta\n|-damage|p1b: Zamazenta|66/100\n|-activate|p1b: Zamazenta|move: Struggle\n|move|p1b: Zamazenta|Struggle|p2a: Ditto\n|-damage|p2a: Ditto|44/100\n|-damage|p1b: Zamazenta|41/100|[from] recoil\n|\n|upkeep\n|turn|10\n|-message|1zha forfeited.\n|\n|win|alamossauro\n|raw|1zha's rating: 1357 &rarr; <strong>1340</strong><br />(-17 for losing)\n|raw|alamossauro's rating: 1412 &rarr; <strong>1429</strong><br />(+17 for winning)\n|l|\u26061zha\n|player|p1|\n|l|\u2606alamossauro\n|player|p2|\n","uploadtime":1769263450,"views":13,"formatid":"gen9vgc2026regi","rating":1340,"private":0,"password":null}