{"id":"gen9vgc2026regi-2569890594","format":"[Gen 9] VGC 2026 Reg I","players":["Van Halen Jumpluff","terafireflareblitz"],"log":"|j|\u2606Van Halen Jumpluff\n|j|\u2606terafireflareblitz\n|t:|1774742982\n|gametype|doubles\n|player|p1|Van Halen Jumpluff|drayden|1577\n|player|p2|terafireflareblitz|sycamore|1636\n|gen|9\n|tier|[Gen 9] VGC 2026 Reg I\n|rated|\n|rule|Species Clause: Limit one of each Pok\u00e9mon\n|rule|Item Clause: Limit 1 of each item\n|clearpoke\n|poke|p1|Incineroar, L50, M|\n|poke|p1|Miraidon, L50|\n|poke|p1|Terapagos, L50, M|\n|poke|p1|Iron Treads, L50|\n|poke|p1|Urshifu-*, L50, M|\n|poke|p1|Sinistcha, L50|\n|poke|p2|Koraidon, L50|\n|poke|p2|Lunala, L50|\n|poke|p2|Indeedee-F, L50, F|\n|poke|p2|Flutter Mane, L50|\n|poke|p2|Volcarona, L50, F|\n|poke|p2|Ursaluna, L50, M|\n|teampreview|4\n|inactive|Battle timer is ON: inactive players will automatically lose when time's up. (requested by terafireflareblitz)\n|\n|t:|1774742999\n|teamsize|p1|4\n|teamsize|p2|4\n|start\n|switch|p1a: Miraidon|Miraidon, L50|100/100\n|switch|p1b: Terapagos|Terapagos, L50, M|100/100\n|switch|p2a: Lunala|Lunala, L50, shiny|100/100\n|switch|p2b: Indeedee|Indeedee-F, L50, F|100/100\n|-activate|p1b: Terapagos|ability: Tera Shift\n|detailschange|p1b: Terapagos|Terapagos-Terastal, L50, M\n|-heal|p1b: Terapagos|100/100|[silent]\n|-fieldstart|move: Electric Terrain|[from] ability: Hadron Engine|[of] p1a: Miraidon\n|-enditem|p1b: Terapagos|Electric Seed\n|-boost|p1b: Terapagos|def|1|[from] item: Electric Seed\n|-fieldstart|move: Psychic Terrain|[from] ability: Psychic Surge|[of] p2b: Indeedee\n|turn|1\n|\n|t:|1774743005\n|move|p1a: Miraidon|Snarl|p2a: Lunala|[spread] p2a,p2b\n|-supereffective|p2a: Lunala\n|-supereffective|p2b: Indeedee\n|-damage|p2a: Lunala|78/100\n|-damage|p2b: Indeedee|70/100\n|-unboost|p2a: Lunala|spa|1\n|-unboost|p2b: Indeedee|spa|1\n|move|p2a: Lunala|Meteor Beam||[still]\n|-prepare|p2a: Lunala|Meteor Beam\n|-boost|p2a: Lunala|spa|1\n|-enditem|p2a: Lunala|Power Herb\n|-anim|p2a: Lunala|Meteor Beam|p1a: Miraidon\n|-damage|p1a: Miraidon|61/100\n|move|p2b: Indeedee|Alluring Voice|p1b: Terapagos\n|-activate|p1b: Terapagos|ability: Tera Shell\n|-resisted|p1b: Terapagos\n|-damage|p1b: Terapagos|95/100\n|-start|p1b: Terapagos|confusion\n|-activate|p1b: Terapagos|confusion\n|move|p1b: Terapagos|Calm Mind|p1b: Terapagos\n|-boost|p1b: Terapagos|spa|1\n|-boost|p1b: Terapagos|spd|1\n|\n|upkeep\n|turn|2\n|\n|t:|1774743025\n|switch|p2b: Ursaluna|Ursaluna, L50, M|100/100\n|move|p2a: Lunala|Wide Guard|p2a: Lunala\n|-singleturn|p2a: Lunala|Wide Guard\n|move|p1a: Miraidon|Snarl|p2a: Lunala|[spread] \n|-activate|p2a: Lunala|move: Wide Guard\n|-activate|p2b: Ursaluna|move: Wide Guard\n|-activate|p1b: Terapagos|confusion\n|move|p1b: Terapagos|Calm Mind|p1b: Terapagos\n|-boost|p1b: Terapagos|spa|1\n|-boost|p1b: Terapagos|spd|1\n|\n|-status|p2b: Ursaluna|brn|[from] item: Flame Orb\n|upkeep\n|turn|3\n|\n|t:|1774743041\n|switch|p1a: Sinistcha|Sinistcha, L50|100/100\n|-heal|p1b: Terapagos|100/100|[from] ability: Hospitality|[of] p1a: Sinistcha\n|move|p2a: Lunala|Expanding Force|p1a: Sinistcha|[spread] p1a,p1b\n|-activate|p1b: Terapagos|ability: Tera Shell\n|-resisted|p1b: Terapagos\n|-crit|p1b: Terapagos\n|-damage|p1a: Sinistcha|29/100\n|-damage|p1b: Terapagos|59/100\n|-activate|p1b: Terapagos|confusion\n|move|p1b: Terapagos|Tera Starstorm|p2b: Ursaluna\n|-damage|p2b: Ursaluna|18/100 brn\n|move|p2b: Ursaluna|Headlong Rush|p1b: Terapagos\n|-damage|p1b: Terapagos|18/100\n|-unboost|p2b: Ursaluna|def|1\n|-unboost|p2b: Ursaluna|spd|1\n|\n|-damage|p2b: Ursaluna|12/100 brn|[from] brn\n|upkeep\n|turn|4\n|\n|t:|1774743067\n|-terastallize|p2a: Lunala|Water\n|-terastallize|p1b: Terapagos|Stellar\n|detailschange|p1b: Terapagos|Terapagos-Stellar, L50, M, tera:Stellar\n|-heal|p1b: Terapagos|38/100|[silent]\n|-ability|p1b: Terapagos|Teraform Zero\n|-fieldend|move: Psychic Terrain\n|move|p2a: Lunala|Wide Guard|p2a: Lunala\n|-singleturn|p2a: Lunala|Wide Guard\n|-end|p1b: Terapagos|confusion\n|move|p1b: Terapagos|Earth Power|p2b: Ursaluna\n|-damage|p2b: Ursaluna|0 fnt\n|faint|p2b: Ursaluna\n|move|p1a: Sinistcha|Shadow Ball|p2a: Lunala\n|-damage|p2a: Lunala|55/100\n|\n|upkeep\n|\n|t:|1774743075\n|switch|p2b: Koraidon|Koraidon, L50, shiny|100/100\n|-weather|SunnyDay|[from] ability: Orichalcum Pulse|[of] p2b: Koraidon\n|-activate|p2b: Koraidon|Orichalcum Pulse|[source]\n|turn|5\n|\n|t:|1774743095\n|move|p1a: Sinistcha|Rage Powder|p1a: Sinistcha\n|-singleturn|p1a: Sinistcha|move: Rage Powder\n|move|p2b: Koraidon|Breaking Swipe|p1a: Sinistcha|[spread] p1a,p1b\n|-damage|p1a: Sinistcha|0 fnt\n|-damage|p1b: Terapagos|23/100\n|-unboost|p1b: Terapagos|atk|1\n|faint|p1a: Sinistcha\n|-damage|p2b: Koraidon|91/100|[from] item: Life Orb\n|move|p2a: Lunala|Expanding Force|p1b: Terapagos\n|-damage|p1b: Terapagos|7/100\n|move|p1b: Terapagos|Tera Starstorm|p2b: Koraidon|[spread] p2a,p2b\n|-supereffective|p2a: Lunala\n|-crit|p2a: Lunala\n|-damage|p2a: Lunala|0 fnt\n|-damage|p2b: Koraidon|23/100\n|faint|p2a: Lunala\n|\n|-weather|SunnyDay|[upkeep]\n|upkeep\n|\n|t:|1774743108\n|switch|p2a: Indeedee|Indeedee-F, L50, F|70/100\n|switch|p1a: Miraidon|Miraidon, L50|61/100\n|-fieldstart|move: Electric Terrain|[from] ability: Hadron Engine|[of] p1a: Miraidon\n|-fieldstart|move: Psychic Terrain|[from] ability: Psychic Surge|[of] p2a: Indeedee\n|turn|6\n|\n|t:|1774743120\n|move|p2a: Indeedee|Follow Me|p2a: Indeedee\n|-singleturn|p2a: Indeedee|move: Follow Me\n|move|p1a: Miraidon|Volt Switch|p2a: Indeedee\n|-damage|p2a: Indeedee|30/100\n|\n|t:|1774743125\n|switch|p1a: Incineroar|Incineroar, L50, M|100/100|[from] Volt Switch\n|-ability|p1a: Incineroar|Intimidate|boost\n|-unboost|p2a: Indeedee|atk|1\n|-unboost|p2b: Koraidon|atk|1\n|move|p2b: Koraidon|Breaking Swipe|p1b: Terapagos|[spread] p1a,p1b\n|-damage|p1a: Incineroar|81/100\n|-damage|p1b: Terapagos|0 fnt\n|-unboost|p1a: Incineroar|atk|1\n|faint|p1b: Terapagos\n|detailschange|p1: Terapagos|Terapagos, L50, M|[silent]\n|-damage|p2b: Koraidon|13/100|[from] item: Life Orb\n|\n|-weather|SunnyDay|[upkeep]\n|upkeep\n|\n|t:|1774743133\n|switch|p1b: Miraidon|Miraidon, L50|61/100\n|-fieldstart|move: Electric Terrain|[from] ability: Hadron Engine|[of] p1b: Miraidon\n|turn|7\n|\n|t:|1774743137\n|move|p1a: Incineroar|Fake Out|p2b: Koraidon\n|-damage|p2b: Koraidon|7/100\n|move|p1b: Miraidon|Electro Drift|p2a: Indeedee\n|-damage|p2a: Indeedee|0 fnt\n|faint|p2a: Indeedee\n|cant|p2b: Koraidon|flinch\n|\n|-weather|SunnyDay|[upkeep]\n|upkeep\n|turn|8\n|-message|terafireflareblitz forfeited.\n|\n|win|Van Halen Jumpluff\n|raw|Van Halen Jumpluff's rating: 1577 &rarr; <strong>1600</strong><br />(+23 for winning)\n|raw|terafireflareblitz's rating: 1636 &rarr; <strong>1613</strong><br />(-23 for losing)\n|l|\u2606terafireflareblitz\n|player|p2|\n|l|\u2606Van Halen Jumpluff\n|player|p1|\n","uploadtime":1774743141,"views":24,"formatid":"gen9vgc2026regi","rating":1600,"private":0,"password":null}