{"id":"gen9vgc2026regi-2581848702","format":"[Gen 9] VGC 2026 Reg I","players":["ZAPDOSISGOATED","JoeBro8"],"log":"|j|\u2606ZAPDOSISGOATED\n|j|\u2606JoeBro8\n|t:|1776033451\n|gametype|doubles\n|player|p1|ZAPDOSISGOATED|266|1465\n|player|p2|JoeBro8|n|1500\n|gen|9\n|tier|[Gen 9] VGC 2026 Reg I\n|rated|\n|rule|Species Clause: Limit one of each Pok\u00e9mon\n|rule|Item Clause: Limit 1 of each item\n|clearpoke\n|poke|p1|Giratina-Origin, L50|\n|poke|p1|Chien-Pao, L50|\n|poke|p1|Zamazenta-*, L50|\n|poke|p1|Amoonguss, L50, M|\n|poke|p1|Urshifu-*, L50, F|\n|poke|p1|Chi-Yu, L50|\n|poke|p2|Incineroar, L50, M|\n|poke|p2|Landorus, L50, M|\n|poke|p2|Calyrex-Shadow, L50|\n|poke|p2|Koraidon, L50|\n|poke|p2|Brute Bonnet, L50|\n|poke|p2|Raging Bolt, L50|\n|teampreview|4\n|inactive|Battle timer is ON: inactive players will automatically lose when time's up. (requested by ZAPDOSISGOATED)\nZAPDOSISGOATED rejected open team sheets.\n|inactive|JoeBro8 has 60 seconds left.\n|\n|t:|1776033492\n|teamsize|p1|4\n|teamsize|p2|4\n|start\n|switch|p1a: Nemo|Chi-Yu, L50|100/100\n|switch|p1b: Death|Giratina-Origin, L50|100/100\n|switch|p2a: Raging Bolt|Raging Bolt, L50|100/100\n|switch|p2b: Koraidon|Koraidon, L50|100/100\n|-weather|SunnyDay|[from] ability: Orichalcum Pulse|[of] p2b: Koraidon\n|-activate|p2a: Raging Bolt|ability: Protosynthesis\n|-start|p2a: Raging Bolt|protosynthesisspa\n|-activate|p2b: Koraidon|Orichalcum Pulse|[source]\n|-ability|p1a: Nemo|Beads of Ruin\n|turn|1\n|\n|t:|1776033507\n|move|p2b: Koraidon|Protect|p2b: Koraidon\n|-singleturn|p2b: Koraidon|Protect\n|move|p1a: Nemo|Ruination|p2a: Raging Bolt\n|-damage|p2a: Raging Bolt|50/100\n|move|p1b: Death|Breaking Swipe|p2a: Raging Bolt|[spread] p2a\n|-activate|p2b: Koraidon|move: Protect\n|-supereffective|p2a: Raging Bolt\n|-damage|p2a: Raging Bolt|6/100\n|-unboost|p2a: Raging Bolt|atk|1\n|move|p2a: Raging Bolt|Electroweb|p1b: Death|[spread] p1a,p1b\n|-resisted|p1b: Death\n|-damage|p1a: Nemo|80/100\n|-damage|p1b: Death|85/100\n|-unboost|p1a: Nemo|spe|1\n|-unboost|p1b: Death|spe|1\n|\n|-weather|SunnyDay|[upkeep]\n|upkeep\n|turn|2\n|inactive|ZAPDOSISGOATED has 30 seconds left.\n|inactive|JoeBro8 has 30 seconds left.\n|inactive|JoeBro8 has 20 seconds left.\n|\n|t:|1776033545\n|move|p1b: Death|Shadow Sneak|p2a: Raging Bolt\n|-damage|p2a: Raging Bolt|0 fnt\n|faint|p2a: Raging Bolt\n|-end|p2a: Raging Bolt|Protosynthesis|[silent]\n|move|p2b: Koraidon|Collision Course|p1a: Nemo\n|-supereffective|p1a: Nemo\n|-damage|p1a: Nemo|0 fnt\n|faint|p1a: Nemo\n|\n|-weather|SunnyDay|[upkeep]\n|upkeep\n|\n|t:|1776033552\n|switch|p1a: Diego|Chien-Pao, L50|100/100\n|switch|p2a: Brute Bonnet|Brute Bonnet, L50|100/100\n|-ability|p1a: Diego|Sword of Ruin\n|-activate|p2a: Brute Bonnet|ability: Protosynthesis\n|-start|p2a: Brute Bonnet|protosynthesisdef\n|turn|3\n|inactive|JoeBro8 has 30 seconds left.\n|\n|t:|1776033580\n|move|p1a: Diego|Protect|p1a: Diego\n|-singleturn|p1a: Diego|Protect\n|move|p2b: Koraidon|Protect|p2b: Koraidon\n|-singleturn|p2b: Koraidon|Protect\n|move|p1b: Death|Protect|p1b: Death\n|-singleturn|p1b: Death|Protect\n|move|p2a: Brute Bonnet|Spore|p1a: Diego\n|-activate|p1a: Diego|move: Protect\n|\n|-weather|SunnyDay|[upkeep]\n|upkeep\n|turn|4\n|\n|t:|1776033598\n|-terastallize|p2a: Brute Bonnet|Water\n|move|p2a: Brute Bonnet|Rage Powder|p2a: Brute Bonnet\n|-singleturn|p2a: Brute Bonnet|move: Rage Powder\n|move|p1a: Diego|Icicle Crash|p2a: Brute Bonnet\n|-resisted|p2a: Brute Bonnet\n|-damage|p2a: Brute Bonnet|88/100\n|move|p2b: Koraidon|Flame Charge|p1a: Diego\n|-supereffective|p1a: Diego\n|-damage|p1a: Diego|4/100\n|-boost|p2b: Koraidon|spe|1\n|move|p1b: Death|Breaking Swipe|p2a: Brute Bonnet|[spread] p2a,p2b\n|-supereffective|p2b: Koraidon\n|-damage|p2a: Brute Bonnet|69/100\n|-damage|p2b: Koraidon|40/100\n|\n|-weather|SunnyDay|[upkeep]\n|upkeep\n|turn|5\n|\n|t:|1776033618\n|move|p2b: Koraidon|Protect|p2b: Koraidon\n|-singleturn|p2b: Koraidon|Protect\n|move|p1a: Diego|Protect|p1a: Diego\n|-singleturn|p1a: Diego|Protect\n|move|p2a: Brute Bonnet|Spore|p1b: Death\n|-status|p1b: Death|slp|[from] move: Spore\n|cant|p1b: Death|slp\n|\n|-weather|none\n|-end|p2a: Brute Bonnet|Protosynthesis\n|upkeep\n|turn|6\n|\n|t:|1776033639\n|switch|p2b: Calyrex|Calyrex-Shadow, L50|100/100\n|-ability|p2b: Calyrex|As One\n|-ability|p2b: Calyrex|Unnerve\n|move|p1a: Diego|Sucker Punch||[still]\n|-fail|p1a: Diego\n|move|p2a: Brute Bonnet|Seed Bomb|p1a: Diego\n|-damage|p1a: Diego|0 fnt\n|faint|p1a: Diego\n|cant|p1b: Death|slp\n|\n|upkeep\n|\n|t:|1776033653\n|switch|p1a: Clifford|Zamazenta-Crowned, L50, shiny|100/100\n|-ability|p1a: Clifford|Dauntless Shield|boost\n|-boost|p1a: Clifford|def|1\n|turn|7\n|\n|t:|1776033660\n|switch|p2b: Koraidon|Koraidon, L50|40/100\n|-weather|SunnyDay|[from] ability: Orichalcum Pulse|[of] p2b: Koraidon\n|-activate|p2a: Brute Bonnet|ability: Protosynthesis\n|-start|p2a: Brute Bonnet|protosynthesisdef\n|-activate|p2b: Koraidon|Orichalcum Pulse|[source]\n|move|p1a: Clifford|Wide Guard|p1a: Clifford\n|-singleturn|p1a: Clifford|Wide Guard\n|move|p2a: Brute Bonnet|Spore|p1a: Clifford\n|-status|p1a: Clifford|slp|[from] move: Spore\n|-curestatus|p1b: Death|slp|[msg]\n|move|p1b: Death|Poltergeist|p2b: Koraidon\n|-activate|p2b: Koraidon|move: Poltergeist|Clear Amulet\n|-damage|p2b: Koraidon|0 fnt\n|faint|p2b: Koraidon\n|\n|-weather|SunnyDay|[upkeep]\n|upkeep\n|\n|t:|1776033671\n|switch|p2b: Calyrex|Calyrex-Shadow, L50|100/100\n|-ability|p2b: Calyrex|As One\n|-ability|p2b: Calyrex|Unnerve\n|turn|8\n|\n|t:|1776033686\n|-terastallize|p1b: Death|Ghost\n|cant|p1a: Clifford|slp\n|move|p2a: Brute Bonnet|Rage Powder|p2a: Brute Bonnet\n|-singleturn|p2a: Brute Bonnet|move: Rage Powder\n|move|p1b: Death|Shadow Sneak|p2a: Brute Bonnet\n|-damage|p2a: Brute Bonnet|53/100\n|move|p2b: Calyrex|Astral Barrage|p1b: Death|[spread] p1a,p1b\n|-supereffective|p1b: Death\n|-damage|p1a: Clifford|58/100 slp\n|-damage|p1b: Death|8/100\n|\n|-weather|SunnyDay|[upkeep]\n|upkeep\n|turn|9\n|\n|t:|1776033703\n|move|p1b: Death|Protect|p1b: Death\n|-singleturn|p1b: Death|Protect\n|move|p2a: Brute Bonnet|Sucker Punch||[still]\n|-fail|p2a: Brute Bonnet\n|move|p2b: Calyrex|Psychic|p1a: Clifford\n|-damage|p1a: Clifford|16/100 slp\n|cant|p1a: Clifford|slp\n|\n|-weather|SunnyDay|[upkeep]\n|upkeep\n|turn|10\n|l|\u2606ZAPDOSISGOATED\n|inactive|ZAPDOSISGOATED disconnected and has a minute to reconnect!\n|player|p1|\n|inactive|ZAPDOSISGOATED has 30 seconds left.\n|inactive|ZAPDOSISGOATED has 20 seconds left.\n|inactive|ZAPDOSISGOATED has 15 seconds left.\n|inactive|ZAPDOSISGOATED has 10 seconds left.\n|inactive|ZAPDOSISGOATED has 5 seconds left.\n|-message|ZAPDOSISGOATED lost due to inactivity.\n|\n|win|JoeBro8\n|raw|ZAPDOSISGOATED's rating: 1465 &rarr; <strong>1447</strong><br />(-18 for losing)\n|raw|JoeBro8's rating: 1500 &rarr; <strong>1518</strong><br />(+18 for winning)\n|l|\u2606JoeBro8\n|player|p2|\n","uploadtime":1776034022,"views":10,"formatid":"gen9vgc2026regi","rating":1447,"private":0,"password":null}