{"id":"gen9vgc2026regi-2587099928","format":"[Gen 9] VGC 2026 Reg I","players":["ranchsauce","TheNamesBetty"],"log":"|j|\u2606ranchsauce\n|j|\u2606TheNamesBetty\n|t:|1776493343\n|gametype|doubles\n|player|p1|ranchsauce|baker|1539\n|player|p2|TheNamesBetty|koga|1559\n|gen|9\n|tier|[Gen 9] VGC 2026 Reg I\n|rated|\n|rule|Species Clause: Limit one of each Pok\u00e9mon\n|rule|Item Clause: Limit 1 of each item\n|clearpoke\n|poke|p1|Calyrex-Shadow, L50|\n|poke|p1|Zamazenta-*, L50|\n|poke|p1|Maushold, L50|\n|poke|p1|Whimsicott, L50, F|\n|poke|p1|Ursaluna-Bloodmoon, L50, M|\n|poke|p1|Roaring Moon, L50|\n|poke|p2|Terapagos, L50, M|\n|poke|p2|Miraidon, L50|\n|poke|p2|Incineroar, L50, M|\n|poke|p2|Sinistcha, L50|\n|poke|p2|Smeargle, L50, F|\n|poke|p2|Gouging Fire, L50|\n|teampreview|4\n|j| testerman0059\nTheNamesBetty has agreed to open team sheets.\n|\n|t:|1776493422\n|teamsize|p1|4\n|teamsize|p2|4\n|start\n|switch|p1a: Maushold|Maushold, L50|100/100\n|switch|p1b: Calyrex|Calyrex-Shadow, L50|100/100\n|switch|p2a: Tim|Smeargle, L50, F|100/100\n|switch|p2b: MontyPythonFlying|Terapagos, L50, M|100/100\n|-activate|p2b: MontyPythonFlying|ability: Tera Shift\n|detailschange|p2b: MontyPythonFlying|Terapagos-Terastal, L50, M\n|-heal|p2b: MontyPythonFlying|100/100|[silent]\n|-ability|p1b: Calyrex|As One\n|-ability|p1b: Calyrex|Unnerve\n|turn|1\n|\n|t:|1776493436\n|switch|p1b: Zamazenta|Zamazenta-Crowned, L50, shiny|100/100\n|-ability|p1b: Zamazenta|Dauntless Shield|boost\n|-boost|p1b: Zamazenta|def|1\n|move|p2a: Tim|Fake Out|p1a: Maushold\n|-damage|p1a: Maushold|96/100\n|cant|p1a: Maushold|flinch\n|move|p2b: MontyPythonFlying|Calm Mind|p2b: MontyPythonFlying\n|-boost|p2b: MontyPythonFlying|spa|1\n|-boost|p2b: MontyPythonFlying|spd|1\n|\n|-ability|p2a: Tim|Moody|boost\n|-boost|p2a: Tim|atk|2\n|-unboost|p2a: Tim|spa|1\n|upkeep\n|turn|2\n|\n|t:|1776493456\n|move|p2a: Tim|Follow Me|p2a: Tim\n|-singleturn|p2a: Tim|move: Follow Me\n|move|p1b: Zamazenta|Body Press|p2a: Tim\n|-supereffective|p2a: Tim\n|-crit|p2a: Tim\n|-enditem|p2a: Tim|Focus Sash\n|-damage|p2a: Tim|1/100\n|move|p1a: Maushold|Taunt|p2a: Tim\n|-start|p2a: Tim|move: Taunt\n|move|p2b: MontyPythonFlying|Calm Mind|p2b: MontyPythonFlying\n|-boost|p2b: MontyPythonFlying|spa|1\n|-boost|p2b: MontyPythonFlying|spd|1\n|\n|-ability|p2a: Tim|Moody|boost\n|-boost|p2a: Tim|spa|2\n|-unboost|p2a: Tim|atk|1\n|upkeep\n|turn|3\n|\n|t:|1776493476\n|switch|p2a: Dead Parrot|Miraidon, L50|100/100\n|-fieldstart|move: Electric Terrain|[from] ability: Hadron Engine|[of] p2a: Dead Parrot\n|-enditem|p2b: MontyPythonFlying|Electric Seed\n|-boost|p2b: MontyPythonFlying|def|1|[from] item: Electric Seed\n|move|p1a: Maushold|Feint|p2b: MontyPythonFlying\n|-activate|p2b: MontyPythonFlying|ability: Tera Shell\n|-resisted|p2b: MontyPythonFlying\n|-damage|p2b: MontyPythonFlying|98/100\n|move|p1b: Zamazenta|Body Press|p2b: MontyPythonFlying\n|-supereffective|p2b: MontyPythonFlying\n|-damage|p2b: MontyPythonFlying|36/100\n|move|p2b: MontyPythonFlying|Earth Power|p1b: Zamazenta\n|-supereffective|p1b: Zamazenta\n|-damage|p1b: Zamazenta|38/100\n|\n|upkeep\n|turn|4\n|\n|t:|1776493514\n|move|p2b: MontyPythonFlying|Protect|p2b: MontyPythonFlying\n|-singleturn|p2b: MontyPythonFlying|Protect\n|move|p1a: Maushold|Follow Me|p1a: Maushold\n|-singleturn|p1a: Maushold|move: Follow Me\n|move|p2a: Dead Parrot|Volt Switch|p1a: Maushold\n|-damage|p1a: Maushold|18/100\n|\n|t:|1776493522\n|switch|p2a: Shubbery|Sinistcha, L50|100/100|[from] Volt Switch\n|-heal|p2b: MontyPythonFlying|61/100|[from] ability: Hospitality|[of] p2a: Shubbery\n|move|p1b: Zamazenta|Body Press|p2b: MontyPythonFlying\n|-activate|p2b: MontyPythonFlying|move: Protect\n|\n|upkeep\n|turn|5\n|\n|t:|1776493535\n|move|p1a: Maushold|Helping Hand|p1b: Zamazenta\n|-singleturn|p1b: Zamazenta|Helping Hand|[of] p1a: Maushold\n|move|p2a: Shubbery|Rage Powder|p2a: Shubbery\n|-singleturn|p2a: Shubbery|move: Rage Powder\n|move|p1b: Zamazenta|Body Press|p2a: Shubbery\n|-immune|p2a: Shubbery\n|move|p2b: MontyPythonFlying|Earth Power|p1b: Zamazenta\n|-supereffective|p1b: Zamazenta\n|-damage|p1b: Zamazenta|0 fnt\n|faint|p1b: Zamazenta\n|\n|upkeep\n|l|\u2606ranchsauce\n|player|p1|\n|c|\u2606TheNamesBetty|Lmao\n|inactive|Battle timer is ON: inactive players will automatically lose when time's up. (requested by TheNamesBetty)\n|l| testerman0059\n|inactive|ranchsauce has 30 seconds to reconnect!\n|j| testerman0059\n|l| testerman0059\n|inactive|ranchsauce has 20 seconds to reconnect!\n|inactive|ranchsauce has 15 seconds to reconnect!\n|inactive|ranchsauce has 10 seconds to reconnect!\n|inactive|ranchsauce has 5 seconds to reconnect!\n|-message|ranchsauce lost due to inactivity.\n|\n|win|TheNamesBetty\n|raw|ranchsauce's rating: 1539 &rarr; <strong>1520</strong><br />(-19 for losing)\n|raw|TheNamesBetty's rating: 1559 &rarr; <strong>1578</strong><br />(+19 for winning)\n","uploadtime":1776493631,"views":11,"formatid":"gen9vgc2026regi","rating":1520,"private":0,"password":null}