{"id":"gen9vgc2026regi-2574717751","format":"[Gen 9] VGC 2026 Reg I","players":["TestingAndanding","BanKingambit69247"],"log":"|j|\u2606TestingAndanding\n|j|\u2606BanKingambit69247\n|t:|1775267029\n|gametype|doubles\n|player|p1|TestingAndanding|dawn|1470\n|player|p2|BanKingambit69247|lucas|1568\n|gen|9\n|tier|[Gen 9] VGC 2026 Reg I\n|rated|\n|rule|Species Clause: Limit one of each Pok\u00e9mon\n|rule|Item Clause: Limit 1 of each item\n|clearpoke\n|poke|p1|Lunala, L50|\n|poke|p1|Koraidon, L50|\n|poke|p1|Landorus-Therian, L50, M|\n|poke|p1|Kingambit, L50, M|\n|poke|p1|Indeedee-F, L50, F|\n|poke|p1|Venusaur, L50, F|\n|poke|p2|Calyrex-Ice, L50|\n|poke|p2|Koraidon, L50|\n|poke|p2|Incineroar, L50, M|\n|poke|p2|Rillaboom, L50, F|\n|poke|p2|Landorus, L50, M|\n|poke|p2|Smeargle, L50, M|\n|teampreview|4\n|inactive|Battle timer is ON: inactive players will automatically lose when time's up. (requested by BanKingambit69247)\n|inactive|TestingAndanding has 60 seconds left.\n|\n|t:|1775267072\n|teamsize|p1|4\n|teamsize|p2|4\n|start\n|switch|p1a: Lunala|Lunala, L50|100/100\n|switch|p1b: Venusaur|Venusaur, L50, F|100/100\n|switch|p2a: Smeargle|Smeargle, L50, M|100/100\n|switch|p2b: Calyrex|Calyrex-Ice, L50|100/100\n|-ability|p2b: Calyrex|As One\n|-ability|p2b: Calyrex|Unnerve\n|turn|1\n|\n|t:|1775267081\n|switch|p1a: Indeedee|Indeedee-F, L50, F|100/100\n|-fieldstart|move: Psychic Terrain|[from] ability: Psychic Surge|[of] p1a: Indeedee\n|-terastallize|p2a: Smeargle|Grass\n|move|p2a: Smeargle|Spore|p1a: Indeedee\n|-activate|p1a: Indeedee|item: Safety Goggles|Spore\n|move|p1b: Venusaur|Sleep Powder|p2b: Calyrex\n|-status|p2b: Calyrex|slp|[from] move: Sleep Powder\n|cant|p2b: Calyrex|slp\n|\n|-ability|p2a: Smeargle|Moody|boost\n|-boost|p2a: Smeargle|def|2\n|-unboost|p2a: Smeargle|spa|1\n|upkeep\n|turn|2\n|\n|t:|1775267093\n|move|p2a: Smeargle|Ruination|p1a: Indeedee\n|-damage|p1a: Indeedee|51/100\n|move|p1b: Venusaur|Sludge Bomb|p2a: Smeargle\n|-supereffective|p2a: Smeargle\n|-enditem|p2a: Smeargle|Focus Sash\n|-damage|p2a: Smeargle|1/100\n|move|p1a: Indeedee|Dazzling Gleam|p2a: Smeargle|[spread] p2a,p2b\n|-damage|p2a: Smeargle|0 fnt\n|-damage|p2b: Calyrex|92/100 slp\n|faint|p2a: Smeargle\n|cant|p2b: Calyrex|slp\n|\n|-heal|p2b: Calyrex|98/100 slp|[from] item: Leftovers\n|upkeep\n|\n|t:|1775267096\n|switch|p2a: Koraidon|Koraidon, L50|100/100\n|-weather|SunnyDay|[from] ability: Orichalcum Pulse|[of] p2a: Koraidon\n|-activate|p2a: Koraidon|Orichalcum Pulse|[source]\n|turn|3\n|\n|t:|1775267107\n|move|p1b: Venusaur|Sleep Powder|p2a: Koraidon|[miss]\n|-miss|p1b: Venusaur|p2a: Koraidon\n|move|p2a: Koraidon|Flame Charge|p1b: Venusaur\n|-supereffective|p1b: Venusaur\n|-damage|p1b: Venusaur|6/100\n|-boost|p2a: Koraidon|spe|1\n|move|p1a: Indeedee|Dazzling Gleam|p2a: Koraidon|[spread] p2a,p2b\n|-supereffective|p2a: Koraidon\n|-damage|p2a: Koraidon|50/100\n|-damage|p2b: Calyrex|90/100 slp\n|-curestatus|p2b: Calyrex|slp|[msg]\n|move|p2b: Calyrex|Glacial Lance|p1a: Indeedee|[spread] p1a,p1b\n|-supereffective|p1b: Venusaur\n|-damage|p1a: Indeedee|0 fnt\n|-damage|p1b: Venusaur|0 fnt\n|faint|p1a: Indeedee\n|faint|p1b: Venusaur\n|-ability|p2b: Calyrex|Chilling Neigh|boost\n|-boost|p2b: Calyrex|atk|2\n|\n|-weather|SunnyDay|[upkeep]\n|-heal|p2b: Calyrex|96/100|[from] item: Leftovers\n|upkeep\n|\n|t:|1775267110\n|switch|p1b: Koraidon|Koraidon, L50, shiny|100/100\n|switch|p1a: Lunala|Lunala, L50|100/100\n|-activate|p1b: Koraidon|ability: Orichalcum Pulse\n|turn|4\n|\n|t:|1775267128\n|-terastallize|p1b: Koraidon|Fire\n|move|p2a: Koraidon|Flame Charge|p1a: Lunala\n|-damage|p1a: Lunala|86/100\n|-boost|p2a: Koraidon|spe|1\n|move|p1b: Koraidon|Close Combat|p2b: Calyrex\n|-damage|p2b: Calyrex|28/100\n|-unboost|p1b: Koraidon|def|1\n|-unboost|p1b: Koraidon|spd|1\n|-damage|p1b: Koraidon|91/100|[from] item: Life Orb\n|move|p1a: Lunala|Expanding Force|p2a: Koraidon|[spread] p2a,p2b\n|-supereffective|p2a: Koraidon\n|-resisted|p2b: Calyrex\n|-damage|p2a: Koraidon|0 fnt\n|-damage|p2b: Calyrex|10/100\n|faint|p2a: Koraidon\n|move|p2b: Calyrex|Glacial Lance|p1b: Koraidon|[spread] p1a,p1b\n|-resisted|p1b: Koraidon\n|-damage|p1a: Lunala|0 fnt\n|-damage|p1b: Koraidon|17/100\n|faint|p1a: Lunala\n|-ability|p2b: Calyrex|Chilling Neigh|boost\n|-boost|p2b: Calyrex|atk|1\n|\n|-weather|SunnyDay|[upkeep]\n|-heal|p2b: Calyrex|16/100|[from] item: Leftovers\n|upkeep\n|\n|t:|1775267137\n|switch|p2a: Incineroar|Incineroar, L50, M|100/100\n|-ability|p2a: Incineroar|Intimidate|boost\n|-unboost|p1b: Koraidon|atk|1\n|turn|5\n|-message|TestingAndanding forfeited.\n|\n|win|BanKingambit69247\n|raw|TestingAndanding's rating: 1470 &rarr; <strong>1455</strong><br />(-15 for losing)\n|raw|BanKingambit69247's rating: 1568 &rarr; <strong>1583</strong><br />(+15 for winning)\n|l|\u2606TestingAndanding\n|player|p1|\n","uploadtime":1775267145,"views":9,"formatid":"gen9vgc2026regi","rating":1455,"private":0,"password":null}