{"id":"gen9vgc2026regi-2560006746","format":"[Gen 9] VGC 2026 Reg I","players":["Miurez","BanKingambit69247"],"log":"|j|\u2606Miurez\n|j|\u2606BanKingambit69247\n|t:|1773634950\n|gametype|doubles\n|player|p1|Miurez|pokemonranger-gen4|1380\n|player|p2|BanKingambit69247|102|1464\n|gen|9\n|tier|[Gen 9] VGC 2026 Reg I\n|rated|\n|rule|Species Clause: Limit one of each Pok\u00e9mon\n|rule|Item Clause: Limit 1 of each item\n|clearpoke\n|poke|p1|Terapagos, L50, M|\n|poke|p1|Farigiraf, L50, M|\n|poke|p1|Ho-Oh, L50|\n|poke|p1|Sinistcha, L50|\n|poke|p1|Incineroar, L50, F|\n|poke|p1|Urshifu-*, L50, F|\n|poke|p2|Calyrex-Shadow, L50|\n|poke|p2|Zamazenta-*, L50|\n|poke|p2|Chien-Pao, L50|\n|poke|p2|Smeargle, L50, M|\n|poke|p2|Dondozo, L50, M|\n|poke|p2|Tatsugiri, L50, F|\n|teampreview|4\n|inactive|Battle timer is ON: inactive players will automatically lose when time's up. (requested by BanKingambit69247)\n|\n|t:|1773634970\n|teamsize|p1|4\n|teamsize|p2|4\n|start\n|switch|p1a: Terapagos|Terapagos, L50, M|100/100\n|switch|p1b: Urshifu|Urshifu-Rapid-Strike, L50, F|100/100\n|switch|p2a: \u8bf6\u4f60\u600e\u4e48\u6b7b\u4e86?\u267f\u267f\u267f|Calyrex-Shadow, L50|100/100\n|switch|p2b: \u773c\u795e\u5446\u6ede\ud83e\udd2a|Dondozo, L50, M, shiny|100/100\n|-activate|p1a: Terapagos|ability: Tera Shift\n|detailschange|p1a: Terapagos|Terapagos-Terastal, L50, M\n|-heal|p1a: Terapagos|100/100|[silent]\n|-ability|p2a: \u8bf6\u4f60\u600e\u4e48\u6b7b\u4e86?\u267f\u267f\u267f|As One\n|-ability|p2a: \u8bf6\u4f60\u600e\u4e48\u6b7b\u4e86?\u267f\u267f\u267f|Unnerve\n|turn|1\n|\n|t:|1773634979\n|move|p1b: Urshifu|Surging Strikes|p2a: \u8bf6\u4f60\u600e\u4e48\u6b7b\u4e86?\u267f\u267f\u267f\n|-crit|p2a: \u8bf6\u4f60\u600e\u4e48\u6b7b\u4e86?\u267f\u267f\u267f\n|-damage|p2a: \u8bf6\u4f60\u600e\u4e48\u6b7b\u4e86?\u267f\u267f\u267f|75/100\n|-crit|p2a: \u8bf6\u4f60\u600e\u4e48\u6b7b\u4e86?\u267f\u267f\u267f\n|-damage|p2a: \u8bf6\u4f60\u600e\u4e48\u6b7b\u4e86?\u267f\u267f\u267f|48/100\n|-crit|p2a: \u8bf6\u4f60\u600e\u4e48\u6b7b\u4e86?\u267f\u267f\u267f\n|-damage|p2a: \u8bf6\u4f60\u600e\u4e48\u6b7b\u4e86?\u267f\u267f\u267f|22/100\n|-hitcount|p2a: \u8bf6\u4f60\u600e\u4e48\u6b7b\u4e86?\u267f\u267f\u267f|3\n|move|p2a: \u8bf6\u4f60\u600e\u4e48\u6b7b\u4e86?\u267f\u267f\u267f|Expanding Force|p1b: Urshifu\n|-supereffective|p1b: Urshifu\n|-damage|p1b: Urshifu|0 fnt\n|faint|p1b: Urshifu\n|-ability|p2a: \u8bf6\u4f60\u600e\u4e48\u6b7b\u4e86?\u267f\u267f\u267f|Grim Neigh|boost\n|-boost|p2a: \u8bf6\u4f60\u600e\u4e48\u6b7b\u4e86?\u267f\u267f\u267f|spa|1\n|move|p1a: Terapagos|Calm Mind|p1a: Terapagos\n|-boost|p1a: Terapagos|spa|1\n|-boost|p1a: Terapagos|spd|1\n|move|p2b: \u773c\u795e\u5446\u6ede\ud83e\udd2a|Order Up|p1a: Terapagos\n|-activate|p1a: Terapagos|ability: Tera Shell\n|-resisted|p1a: Terapagos\n|-damage|p1a: Terapagos|93/100\n|\n|-heal|p1a: Terapagos|99/100|[from] item: Leftovers\n|upkeep\n|\n|t:|1773634986\n|switch|p1b: Incineroar|Incineroar, L50, F, shiny|100/100\n|-ability|p1b: Incineroar|Intimidate|boost\n|-unboost|p2a: \u8bf6\u4f60\u600e\u4e48\u6b7b\u4e86?\u267f\u267f\u267f|atk|1\n|-unboost|p2b: \u773c\u795e\u5446\u6ede\ud83e\udd2a|atk|1\n|turn|2\n|inactive|Miurez has 30 seconds left.\n|\n|t:|1773635014\n|switch|p2a: \u9a6c\u5934\u725b\u903c\ud83d\udc36\ud83d\udc36\ud83d\udc36|Zamazenta-Crowned, L50|100/100\n|-ability|p2a: \u9a6c\u5934\u725b\u903c\ud83d\udc36\ud83d\udc36\ud83d\udc36|Dauntless Shield|boost\n|-boost|p2a: \u9a6c\u5934\u725b\u903c\ud83d\udc36\ud83d\udc36\ud83d\udc36|def|1\n|-terastallize|p1a: Terapagos|Stellar\n|detailschange|p1a: Terapagos|Terapagos-Stellar, L50, M, tera:Stellar\n|-heal|p1a: Terapagos|99/100|[silent]\n|move|p1b: Incineroar|Fake Out|p2b: \u773c\u795e\u5446\u6ede\ud83e\udd2a\n|-damage|p2b: \u773c\u795e\u5446\u6ede\ud83e\udd2a|93/100\n|move|p1a: Terapagos|Tera Starstorm|p2b: \u773c\u795e\u5446\u6ede\ud83e\udd2a|[spread] p2a,p2b\n|-damage|p2a: \u9a6c\u5934\u725b\u903c\ud83d\udc36\ud83d\udc36\ud83d\udc36|59/100\n|-damage|p2b: \u773c\u795e\u5446\u6ede\ud83e\udd2a|63/100\n|cant|p2b: \u773c\u795e\u5446\u6ede\ud83e\udd2a|flinch\n|\n|-heal|p1a: Terapagos|100/100|[from] item: Leftovers\n|-heal|p2b: \u773c\u795e\u5446\u6ede\ud83e\udd2a|69/100|[from] item: Leftovers\n|upkeep\n|turn|3\n|\n|t:|1773635034\n|switch|p1b: Sinistcha|Sinistcha, L50|100/100\n|move|p1a: Terapagos|Protect|p1a: Terapagos\n|-singleturn|p1a: Terapagos|Protect\n|move|p2b: \u773c\u795e\u5446\u6ede\ud83e\udd2a|Protect|p2b: \u773c\u795e\u5446\u6ede\ud83e\udd2a\n|-singleturn|p2b: \u773c\u795e\u5446\u6ede\ud83e\udd2a|Protect\n|move|p2a: \u9a6c\u5934\u725b\u903c\ud83d\udc36\ud83d\udc36\ud83d\udc36|Body Press|p1b: Sinistcha\n|-immune|p1b: Sinistcha\n|\n|-heal|p2b: \u773c\u795e\u5446\u6ede\ud83e\udd2a|76/100|[from] item: Leftovers\n|upkeep\n|turn|4\n|\n|t:|1773635047\n|switch|p2b: \u8bf6\u4f60\u600e\u4e48\u6b7b\u4e86?\u267f\u267f\u267f|Calyrex-Shadow, L50|22/100\n|-ability|p2b: \u8bf6\u4f60\u600e\u4e48\u6b7b\u4e86?\u267f\u267f\u267f|As One\n|-ability|p2b: \u8bf6\u4f60\u600e\u4e48\u6b7b\u4e86?\u267f\u267f\u267f|Unnerve\n|move|p2a: \u9a6c\u5934\u725b\u903c\ud83d\udc36\ud83d\udc36\ud83d\udc36|Wide Guard|p2a: \u9a6c\u5934\u725b\u903c\ud83d\udc36\ud83d\udc36\ud83d\udc36\n|-singleturn|p2a: \u9a6c\u5934\u725b\u903c\ud83d\udc36\ud83d\udc36\ud83d\udc36|Wide Guard\n|move|p1b: Sinistcha|Rage Powder|p1b: Sinistcha\n|-singleturn|p1b: Sinistcha|move: Rage Powder\n|move|p1a: Terapagos|Calm Mind|p1a: Terapagos\n|-boost|p1a: Terapagos|spa|1\n|-boost|p1a: Terapagos|spd|1\n|\n|upkeep\n|turn|5\n|\n|t:|1773635072\n|move|p1b: Sinistcha|Rage Powder|p1b: Sinistcha\n|-singleturn|p1b: Sinistcha|move: Rage Powder\n|move|p2b: \u8bf6\u4f60\u600e\u4e48\u6b7b\u4e86?\u267f\u267f\u267f|Astral Barrage|p1a: Terapagos|[spread] p1b\n|-immune|p1a: Terapagos\n|-supereffective|p1b: Sinistcha\n|-damage|p1b: Sinistcha|0 fnt\n|faint|p1b: Sinistcha\n|-ability|p2b: \u8bf6\u4f60\u600e\u4e48\u6b7b\u4e86?\u267f\u267f\u267f|Grim Neigh|boost\n|-boost|p2b: \u8bf6\u4f60\u600e\u4e48\u6b7b\u4e86?\u267f\u267f\u267f|spa|1\n|move|p2a: \u9a6c\u5934\u725b\u903c\ud83d\udc36\ud83d\udc36\ud83d\udc36|Body Press|p1a: Terapagos\n|-supereffective|p1a: Terapagos\n|-crit|p1a: Terapagos\n|-damage|p1a: Terapagos|0 fnt\n|faint|p1a: Terapagos\n|detailschange|p1: Terapagos|Terapagos, L50, M|[silent]\n|\n|upkeep\n|\n|t:|1773635079\n|switch|p1b: Incineroar|Incineroar, L50, F, shiny|100/100\n|-ability|p1b: Incineroar|Intimidate|boost\n|-unboost|p2a: \u9a6c\u5934\u725b\u903c\ud83d\udc36\ud83d\udc36\ud83d\udc36|atk|1\n|-unboost|p2b: \u8bf6\u4f60\u600e\u4e48\u6b7b\u4e86?\u267f\u267f\u267f|atk|1\n|turn|6\n|\n|t:|1773635084\n|-terastallize|p2b: \u8bf6\u4f60\u600e\u4e48\u6b7b\u4e86?\u267f\u267f\u267f|Ghost\n|move|p2b: \u8bf6\u4f60\u600e\u4e48\u6b7b\u4e86?\u267f\u267f\u267f|Astral Barrage|p1b: Incineroar\n|-resisted|p1b: Incineroar\n|-damage|p1b: Incineroar|34/100\n|move|p2a: \u9a6c\u5934\u725b\u903c\ud83d\udc36\ud83d\udc36\ud83d\udc36|Body Press|p1b: Incineroar\n|-supereffective|p1b: Incineroar\n|-damage|p1b: Incineroar|0 fnt\n|faint|p1b: Incineroar\n|\n|win|BanKingambit69247\n|raw|Miurez's rating: 1380 &rarr; <strong>1365</strong><br />(-15 for losing)\n|raw|BanKingambit69247's rating: 1464 &rarr; <strong>1479</strong><br />(+15 for winning)\n|l|\u2606BanKingambit69247\n|player|p2|\n|l|\u2606Miurez\n|player|p1|\n","uploadtime":1773635086,"views":12,"formatid":"gen9vgc2026regi","rating":1365,"private":0,"password":null}