{"id":"gen9vgc2026regi-2579009202","format":"[Gen 9] VGC 2026 Reg I","players":["berylliumj","eltutonach"],"log":"|j|\u2606berylliumj\n|j|\u2606eltutonach\n|t:|1775744860\n|gametype|doubles\n|player|p1|berylliumj|elesa|1251\n|player|p2|eltutonach|169|1261\n|gen|9\n|tier|[Gen 9] VGC 2026 Reg I\n|rated|\n|rule|Species Clause: Limit one of each Pok\u00e9mon\n|rule|Item Clause: Limit 1 of each item\n|clearpoke\n|poke|p1|Lunala, L50|\n|poke|p1|Calyrex-Ice, L50|\n|poke|p1|Araquanid, L50, F|\n|poke|p1|Iron Hands, L50|\n|poke|p1|Indeedee-F, L50, F|\n|poke|p1|Cinccino, L50, F|\n|poke|p2|Kyogre, L50|\n|poke|p2|Farigiraf, L50, M|\n|poke|p2|Calyrex-Ice, L50|\n|poke|p2|Raichu, L50, M|\n|poke|p2|Iron Valiant, L50|\n|poke|p2|Grimmsnarl, L50, M|\n|teampreview|4\n|\n|t:|1775744892\n|teamsize|p1|4\n|teamsize|p2|4\n|start\n|switch|p1a: Indeedee|Indeedee-F, L50, F|100/100\n|switch|p1b: Cinccino|Cinccino, L50, F|100/100\n|switch|p2a: Farigiraf|Farigiraf, L50, M|100/100\n|switch|p2b: Grimmsnarl|Grimmsnarl, L50, M|100/100\n|-fieldstart|move: Psychic Terrain|[from] ability: Psychic Surge|[of] p1a: Indeedee\n|turn|1\n|\n|t:|1775744922\n|move|p2b: Grimmsnarl|Fake Out|p1a: Indeedee\n|-activate|p1a: Indeedee|move: Psychic Terrain\n|move|p1b: Cinccino|After You|p1a: Indeedee\n|-activate|p1a: Indeedee|move: After You\n|move|p1a: Indeedee|Trick Room|p1a: Indeedee\n|-fieldstart|move: Trick Room|[of] p1a: Indeedee\n|move|p2a: Farigiraf|Trick Room|p2a: Farigiraf\n|-fieldend|move: Trick Room\n|\n|upkeep\n|turn|2\n|\n|t:|1775744943\n|switch|p2b: Kyogre|Kyogre, L50, shiny|100/100\n|-weather|RainDance|[from] ability: Drizzle|[of] p2b: Kyogre\n|move|p1b: Cinccino|Encore|p2a: Farigiraf\n|-start|p2a: Farigiraf|Encore\n|-enditem|p2a: Farigiraf|Mental Herb\n|-end|p2a: Farigiraf|Encore\n|move|p1a: Indeedee|Tera Blast|p2b: Kyogre\n|-damage|p2b: Kyogre|82/100\n|move|p2a: Farigiraf|Trick Room|p2a: Farigiraf\n|-fieldstart|move: Trick Room|[of] p2a: Farigiraf\n|\n|-weather|RainDance|[upkeep]\n|-heal|p2b: Kyogre|87/100|[from] item: Leftovers\n|upkeep\n|turn|3\n|\n|t:|1775744975\n|move|p2a: Farigiraf|Helping Hand|p2b: Kyogre\n|-singleturn|p2b: Kyogre|Helping Hand|[of] p2a: Farigiraf\n|move|p2b: Kyogre|Water Spout|p1b: Cinccino|[spread] p1a,p1b\n|-damage|p1a: Indeedee|0 fnt\n|-damage|p1b: Cinccino|0 fnt\n|faint|p1a: Indeedee\n|faint|p1b: Cinccino\n|\n|-weather|RainDance|[upkeep]\n|-heal|p2b: Kyogre|93/100|[from] item: Leftovers\n|upkeep\n|\n|t:|1775744980\n|switch|p1a: Iron Hands|Iron Hands, L50|100/100\n|switch|p1b: Lunala|Lunala, L50, shiny|100/100\n|-enditem|p1a: Iron Hands|Booster Energy\n|-activate|p1a: Iron Hands|ability: Quark Drive|[fromitem]\n|-start|p1a: Iron Hands|quarkdriveatk\n|turn|4\n|\n|t:|1775744998\n|move|p2b: Kyogre|Protect|p2b: Kyogre\n|-singleturn|p2b: Kyogre|Protect\n|move|p1a: Iron Hands|Supercell Slam|p2b: Kyogre\n|-activate|p2b: Kyogre|move: Protect\n|-damage|p1a: Iron Hands|51/100|[from] supercellslam\n|move|p1b: Lunala|Expanding Force|p2a: Farigiraf|[spread] p2a\n|-activate|p2b: Kyogre|move: Protect\n|-resisted|p2a: Farigiraf\n|-damage|p2a: Farigiraf|78/100\n|move|p2a: Farigiraf|Trick Room|p2a: Farigiraf\n|-fieldend|move: Trick Room\n|\n|-weather|RainDance|[upkeep]\n|-heal|p2b: Kyogre|99/100|[from] item: Leftovers\n|upkeep\n|turn|5\n|\n|t:|1775745026\n|-terastallize|p2b: Kyogre|Grass\n|move|p2a: Farigiraf|Helping Hand|p2b: Kyogre\n|-singleturn|p2b: Kyogre|Helping Hand|[of] p2a: Farigiraf\n|move|p1a: Iron Hands|Protect|p1a: Iron Hands\n|-singleturn|p1a: Iron Hands|Protect\n|move|p1b: Lunala|Expanding Force|p2b: Kyogre|[spread] p2a,p2b\n|-resisted|p2a: Farigiraf\n|-damage|p2a: Farigiraf|53/100\n|-damage|p2b: Kyogre|57/100\n|move|p2b: Kyogre|Water Spout|p1a: Iron Hands|[spread] p1b\n|-activate|p1a: Iron Hands|move: Protect\n|-damage|p1b: Lunala|80/100\n|\n|-weather|RainDance|[upkeep]\n|-heal|p2b: Kyogre|63/100|[from] item: Leftovers\n|-fieldend|move: Psychic Terrain\n|upkeep\n|turn|6\n|\n|t:|1775745061\n|move|p2a: Farigiraf|Helping Hand|p2b: Kyogre\n|-singleturn|p2b: Kyogre|Helping Hand|[of] p2a: Farigiraf\n|move|p1b: Lunala|Air Slash|p2b: Kyogre\n|-supereffective|p2b: Kyogre\n|-damage|p2b: Kyogre|22/100\n|move|p2b: Kyogre|Water Spout|p1b: Lunala|[spread] p1a,p1b\n|-damage|p1a: Iron Hands|17/100\n|-damage|p1b: Lunala|64/100\n|move|p1a: Iron Hands|Rock Slide|p2b: Kyogre|[spread] p2a,p2b\n|-damage|p2a: Farigiraf|20/100\n|-damage|p2b: Kyogre|0 fnt\n|faint|p2b: Kyogre\n|\n|-weather|none\n|upkeep\n|\n|t:|1775745078\n|switch|p2b: Calyrex|Calyrex-Ice, L50|100/100\n|-ability|p2b: Calyrex|As One\n|-ability|p2b: Calyrex|Unnerve\n|turn|7\n|\n|t:|1775745106\n|switch|p2b: Grimmsnarl|Grimmsnarl, L50, M|100/100\n|move|p1b: Lunala|Moongeist Beam|p2b: Grimmsnarl\n|-resisted|p2b: Grimmsnarl\n|-damage|p2b: Grimmsnarl|77/100\n|move|p2a: Farigiraf|Foul Play|p1a: Iron Hands\n|-resisted|p1a: Iron Hands\n|-damage|p1a: Iron Hands|5/100\n|move|p1a: Iron Hands|Rock Slide|p2b: Grimmsnarl|[spread] p2a,p2b\n|-damage|p2a: Farigiraf|0 fnt\n|-damage|p2b: Grimmsnarl|41/100\n|-enditem|p2b: Grimmsnarl|Sitrus Berry|[eat]\n|-heal|p2b: Grimmsnarl|65/100|[from] item: Sitrus Berry\n|faint|p2a: Farigiraf\n|\n|upkeep\n|\n|t:|1775745122\n|switch|p2a: Calyrex|Calyrex-Ice, L50|100/100\n|-ability|p2a: Calyrex|As One\n|-ability|p2a: Calyrex|Unnerve\n|turn|8\n|\n|t:|1775745143\n|-terastallize|p1b: Lunala|Fairy\n|move|p1a: Iron Hands|Protect|p1a: Iron Hands\n|-singleturn|p1a: Iron Hands|Protect\n|move|p2b: Grimmsnarl|Thunder Wave|p1b: Lunala\n|-status|p1b: Lunala|par\n|move|p1b: Lunala|Moongeist Beam|p2a: Calyrex\n|-supereffective|p2a: Calyrex\n|-crit|p2a: Calyrex\n|-damage|p2a: Calyrex|0 fnt\n|faint|p2a: Calyrex\n|\n|upkeep\n|turn|9\n|-message|eltutonach forfeited.\n|\n|win|berylliumj\n|raw|berylliumj's rating: 1251 &rarr; <strong>1277</strong><br />(+26 for winning)\n|raw|eltutonach's rating: 1261 &rarr; <strong>1235</strong><br />(-26 for losing)\n|l|\u2606eltutonach\n|player|p2|\n|l|\u2606berylliumj\n|player|p1|\n","uploadtime":1775745388,"views":10,"formatid":"gen9vgc2026regi","rating":1235,"private":0,"password":null}