{"id":"gen9vgc2026regi-2530562572","format":"[Gen 9] VGC 2026 Reg I","players":["blackred123","Bonkkknn"],"log":"|j|\u2606blackred123\n|j|\u2606Bonkkknn\n|t:|1769939954\n|gametype|doubles\n|player|p1|blackred123|iono-masters|1347\n|player|p2|Bonkkknn|1|1313\n|gen|9\n|tier|[Gen 9] VGC 2026 Reg I\n|rated|\n|rule|Species Clause: Limit one of each Pok\u00e9mon\n|rule|Item Clause: Limit 1 of each item\n|clearpoke\n|poke|p1|Eternatus, L50|\n|poke|p1|Calyrex-Shadow, L50|\n|poke|p1|Kingambit, L50, F|\n|poke|p1|Tornadus, L50, M|\n|poke|p1|Incineroar, L50, M|\n|poke|p1|Ogerpon-Wellspring, L50, F|\n|poke|p2|Miraidon, L50|\n|poke|p2|Chi-Yu, L50|\n|poke|p2|Kyogre, L50|\n|poke|p2|Urshifu-*, L50, F|\n|poke|p2|Tornadus, L50, M|\n|poke|p2|Ogerpon-Wellspring, L50, F|\n|teampreview|4\n|inactive|Battle timer is ON: inactive players will automatically lose when time's up. (requested by blackred123)\n|\n|t:|1769939965\n|teamsize|p1|4\n|teamsize|p2|4\n|start\n|switch|p1a: Eternatus|Eternatus, L50|100/100\n|switch|p1b: Kingambit|Kingambit, L50, F|100/100\n|switch|p2a: Chi-Yu|Chi-Yu, L50|100/100\n|switch|p2b: Tornadus|Tornadus, L50, M|100/100\n|-ability|p1a: Eternatus|Pressure\n|-ability|p2a: Chi-Yu|Beads of Ruin\n|turn|1\n|\n|t:|1769939982\n|-terastallize|p1b: Kingambit|Water\n|move|p2b: Tornadus|Tailwind|p2b: Tornadus\n|-sidestart|p2: Bonkkknn|move: Tailwind\n|move|p2a: Chi-Yu|Flamethrower|p1b: Kingambit\n|-resisted|p1b: Kingambit\n|-damage|p1b: Kingambit|84/100\n|move|p1a: Eternatus|Dynamax Cannon|p2b: Tornadus\n|-damage|p2b: Tornadus|0 fnt\n|faint|p2b: Tornadus\n|move|p1b: Kingambit|Low Kick|p2a: Chi-Yu\n|-supereffective|p2a: Chi-Yu\n|-damage|p2a: Chi-Yu|81/100\n|\n|upkeep\n|\n|t:|1769939998\n|switch|p2b: Miraidon|Miraidon, L50|100/100\n|-fieldstart|move: Electric Terrain|[from] ability: Hadron Engine|[of] p2b: Miraidon\n|turn|2\n|\n|t:|1769940008\n|switch|p1a: Calyrex|Calyrex-Shadow, L50|100/100\n|-ability|p1a: Calyrex|As One\n|-ability|p1a: Calyrex|Unnerve\n|-terastallize|p2b: Miraidon|Fairy\n|move|p2b: Miraidon|Dazzling Gleam|p1a: Calyrex|[spread] p1a,p1b\n|-damage|p1a: Calyrex|16/100\n|-damage|p1b: Kingambit|40/100\n|move|p2a: Chi-Yu|Dark Pulse|p1b: Kingambit\n|-damage|p1b: Kingambit|7/100\n|move|p1b: Kingambit|Low Kick|p2b: Miraidon\n|-resisted|p2b: Miraidon\n|-damage|p2b: Miraidon|81/100\n|\n|upkeep\n|turn|3\n|\n|t:|1769940027\n|move|p1a: Calyrex|Protect|p1a: Calyrex\n|-singleturn|p1a: Calyrex|Protect\n|move|p2b: Miraidon|Dazzling Gleam|p1b: Kingambit|[spread] p1b\n|-activate|p1a: Calyrex|move: Protect\n|-damage|p1b: Kingambit|0 fnt\n|faint|p1b: Kingambit\n|move|p2a: Chi-Yu|Snarl|p1a: Calyrex\n|-activate|p1a: Calyrex|move: Protect\n|\n|upkeep\n|\n|t:|1769940034\n|switch|p1b: Tornadus|Tornadus, L50, M|100/100\n|turn|4\n|\n|t:|1769940039\n|move|p1b: Tornadus|Tailwind|p1b: Tornadus\n|-sidestart|p1: blackred123|move: Tailwind\n|move|p1a: Calyrex|Astral Barrage|p2b: Miraidon|[spread] p2a,p2b\n|-resisted|p2a: Chi-Yu\n|-damage|p2a: Chi-Yu|63/100\n|-damage|p2b: Miraidon|25/100\n|move|p2b: Miraidon|Dazzling Gleam|p1a: Calyrex|[spread] p1a,p1b\n|-damage|p1a: Calyrex|0 fnt\n|-damage|p1b: Tornadus|22/100\n|faint|p1a: Calyrex\n|move|p2a: Chi-Yu|Snarl|p1b: Tornadus|[miss]\n|-miss|p2a: Chi-Yu|p1b: Tornadus\n|\n|-sideend|p2: Bonkkknn|move: Tailwind\n|upkeep\n|\n|t:|1769940045\n|switch|p1a: Eternatus|Eternatus, L50|100/100\n|-ability|p1a: Eternatus|Pressure\n|turn|5\n|\n|t:|1769940060\n|move|p1b: Tornadus|Protect|p1b: Tornadus\n|-singleturn|p1b: Tornadus|Protect\n|move|p1a: Eternatus|Sludge Wave|p2a: Chi-Yu|[spread] p2a,p2b\n|-activate|p1b: Tornadus|move: Protect\n|-supereffective|p2b: Miraidon\n|-damage|p2a: Chi-Yu|26/100\n|-damage|p2b: Miraidon|0 fnt\n|faint|p2b: Miraidon\n|move|p2a: Chi-Yu|Snarl|p1b: Tornadus|[spread] p1a\n|-activate|p1b: Tornadus|move: Protect\n|-damage|p1a: Eternatus|78/100\n|-unboost|p1a: Eternatus|spa|1\n|\n|upkeep\n|\n|t:|1769940071\n|switch|p2b: Kyogre|Kyogre, L50|100/100\n|-weather|RainDance|[from] ability: Drizzle|[of] p2b: Kyogre\n|turn|6\n|\n|t:|1769940078\n|move|p1b: Tornadus|Sunny Day|p1b: Tornadus\n|-weather|SunnyDay\n|move|p1a: Eternatus|Sludge Wave|p2b: Kyogre|[spread] p1b,p2a,p2b\n|-damage|p1b: Tornadus|0 fnt\n|-damage|p2a: Chi-Yu|0 fnt\n|-damage|p2b: Kyogre|58/100\n|faint|p1b: Tornadus\n|faint|p2a: Chi-Yu\n|move|p2b: Kyogre|Water Spout|p1a: Eternatus\n|-resisted|p1a: Eternatus\n|-damage|p1a: Eternatus|64/100\n|-damage|p2b: Kyogre|49/100|[from] item: Life Orb\n|\n|-weather|SunnyDay|[upkeep]\n|-fieldend|move: Electric Terrain\n|upkeep\n|turn|7\n|\n|t:|1769940091\n|move|p1a: Eternatus|Sludge Wave|p2b: Kyogre\n|-damage|p2b: Kyogre|10/100\n|move|p2b: Kyogre|Ice Beam|p1a: Eternatus\n|-supereffective|p1a: Eternatus\n|-damage|p1a: Eternatus|0 fnt\n|faint|p1a: Eternatus\n|-damage|p2b: Kyogre|0 fnt|[from] item: Life Orb\n|faint|p2b: Kyogre\n|\n|win|Bonkkknn\n|raw|blackred123's rating: 1347 &rarr; <strong>1325</strong><br />(-22 for losing)\n|raw|Bonkkknn's rating: 1313 &rarr; <strong>1335</strong><br />(+22 for winning)\n|l|\u2606blackred123\n|player|p1|\n|l|\u2606Bonkkknn\n|player|p2|\n","uploadtime":1769940349,"views":12,"formatid":"gen9vgc2026regi","rating":1325,"private":0,"password":null}