{"id":"gen9vgc2026regi-2560474859","format":"[Gen 9] VGC 2026 Reg I","players":["itastelikeiron","SDaDP"],"log":"|j|\u2606itastelikeiron\n|j|\u2606SDaDP\n|t:|1773690629\n|gametype|doubles\n|player|p1|itastelikeiron|1|1226\n|player|p2|SDaDP|lance|1162\n|gen|9\n|tier|[Gen 9] VGC 2026 Reg I\n|rated|\n|rule|Species Clause: Limit one of each Pok\u00e9mon\n|rule|Item Clause: Limit 1 of each item\n|clearpoke\n|poke|p1|Tsareena, L50, F|\n|poke|p1|Kyogre, L50|\n|poke|p1|Grimmsnarl, L50, M|\n|poke|p1|Tornadus, L50, M|\n|poke|p1|Incineroar, L50, F|\n|poke|p1|Zacian-*, L50|\n|poke|p2|Kyogre, L50|\n|poke|p2|Zacian-*, L50|\n|poke|p2|Skeledirge, L50, M|\n|poke|p2|Amoonguss, L50, M|\n|poke|p2|Grimmsnarl, L50, M|\n|poke|p2|Basculegion, L50, M|\n|teampreview|4\n|inactive|Battle timer is ON: inactive players will automatically lose when time's up. (requested by SDaDP)\n|inactive|itastelikeiron has 60 seconds left.\n|\n|t:|1773690660\n|teamsize|p1|4\n|teamsize|p2|4\n|start\n|switch|p1a: Kyogre|Kyogre, L50|100/100\n|switch|p1b: Incineroar|Incineroar, L50, F|100/100\n|switch|p2a: Zacian|Zacian-Crowned, L50|100/100\n|switch|p2b: Grimmsnarl|Grimmsnarl, L50, M|100/100\n|-weather|RainDance|[from] ability: Drizzle|[of] p1a: Kyogre\n|-ability|p2a: Zacian|Intrepid Sword|boost\n|-boost|p2a: Zacian|atk|1\n|-ability|p1b: Incineroar|Intimidate|boost\n|-unboost|p2a: Zacian|atk|1\n|-unboost|p2b: Grimmsnarl|atk|1\n|turn|1\n|\n|t:|1773690669\n|-terastallize|p1a: Kyogre|Water\n|move|p1b: Incineroar|Fake Out|p2b: Grimmsnarl\n|-damage|p2b: Grimmsnarl|88/100\n|move|p2b: Grimmsnarl|Fake Out|p1a: Kyogre\n|-damage|p1a: Kyogre|92/100\n|cant|p1a: Kyogre|flinch\n|move|p2a: Zacian|Sacred Sword|p1b: Incineroar\n|-supereffective|p1b: Incineroar\n|-damage|p1b: Incineroar|35/100\n|\n|-weather|RainDance|[upkeep]\n|upkeep\n|turn|2\n|\n|t:|1773690688\n|switch|p1b: Zacian|Zacian-Crowned, L50|100/100\n|-ability|p1b: Zacian|Intrepid Sword|boost\n|-boost|p1b: Zacian|atk|1\n|move|p2b: Grimmsnarl|Parting Shot|p1a: Kyogre\n|-unboost|p1a: Kyogre|atk|1\n|-unboost|p1a: Kyogre|spa|1\n|\n|t:|1773690695\n|switch|p2b: Amoonguss|Amoonguss, L50, M|100/100|[from] Parting Shot\n|move|p1a: Kyogre|Water Spout|p2a: Zacian|[spread] p2a,p2b\n|-resisted|p2b: Amoonguss\n|-damage|p2a: Zacian|19/100\n|-damage|p2b: Amoonguss|74/100\n|move|p2a: Zacian|Play Rough|p1a: Kyogre|[miss]\n|-miss|p2a: Zacian|p1a: Kyogre\n|\n|-weather|RainDance|[upkeep]\n|upkeep\n|turn|3\n|raw|<div class=\"broadcast-red\"><b>The server is restarting soon.</b><br />Please finish your battles quickly. No new battles can be started until the server resets in a few minutes.</div>\n|inactive|staff also wants the timer to be on.\n|raw|<div class=\"broadcast-red\"><b>Moderated chat was set to +!</b><br />Only users of rank + and higher can talk.</div>\n|\n|t:|1773690708\n|move|p2a: Zacian|Protect|p2a: Zacian\n|-singleturn|p2a: Zacian|Protect\n|move|p1a: Kyogre|Water Spout|p2a: Zacian|[spread] p2b\n|-activate|p2a: Zacian|move: Protect\n|-resisted|p2b: Amoonguss\n|-damage|p2b: Amoonguss|49/100\n|move|p1b: Zacian|Behemoth Blade|p2b: Amoonguss\n|-crit|p2b: Amoonguss\n|-damage|p2b: Amoonguss|0 fnt\n|faint|p2b: Amoonguss\n|\n|-weather|RainDance|[upkeep]\n|upkeep\n|\n|t:|1773690722\n|switch|p2b: Basculegion|Basculegion, L50, M|100/100\n|turn|4\n|\n|t:|1773690737\n|switch|p1a: Incineroar|Incineroar, L50, F|35/100\n|-ability|p1a: Incineroar|Intimidate|boost\n|-unboost|p2a: Zacian|atk|1\n|-unboost|p2b: Basculegion|atk|1\n|move|p2b: Basculegion|Last Respects|p1a: Incineroar\n|-resisted|p1a: Incineroar\n|-damage|p1a: Incineroar|10/100\n|move|p2a: Zacian|Behemoth Blade|p1b: Zacian\n|-damage|p1b: Zacian|70/100\n|move|p1b: Zacian|Play Rough|p2b: Basculegion|[miss]\n|-miss|p1b: Zacian|p2b: Basculegion\n|\n|-weather|RainDance|[upkeep]\n|upkeep\n|turn|5\n|\n|t:|1773690755\n|switch|p2a: Grimmsnarl|Grimmsnarl, L50, M|88/100\n|move|p1a: Incineroar|Fake Out|p2a: Grimmsnarl\n|-damage|p2a: Grimmsnarl|74/100\n|move|p2b: Basculegion|Last Respects|p1a: Incineroar\n|-resisted|p1a: Incineroar\n|-damage|p1a: Incineroar|0 fnt\n|faint|p1a: Incineroar\n|move|p1b: Zacian|Play Rough|p2b: Basculegion|[miss]\n|-miss|p1b: Zacian|p2b: Basculegion\n|\n|-weather|none\n|upkeep\n|\n|t:|1773690764\n|switch|p1a: Tsareena|Tsareena, L50, F|100/100\n|turn|6\n|\n|t:|1773690773\n|switch|p2b: Zacian|Zacian-Crowned, L50|19/100\n|move|p1a: Tsareena|Helping Hand|p1b: Zacian\n|-singleturn|p1b: Zacian|Helping Hand|[of] p1a: Tsareena\n|move|p2a: Grimmsnarl|Fake Out||[still]\n|cant|p1a: Tsareena|ability: Queenly Majesty|Fake Out|[of] p2a: Grimmsnarl\n|move|p1b: Zacian|Play Rough|p2b: Zacian\n|-resisted|p2b: Zacian\n|-damage|p2b: Zacian|0 fnt\n|faint|p2b: Zacian\n|\n|upkeep\n|\n|t:|1773690783\n|switch|p2b: Basculegion|Basculegion, L50, M|100/100\n|turn|7\n|\n|t:|1773690797\n|move|p1a: Tsareena|Helping Hand|p1b: Zacian\n|-singleturn|p1b: Zacian|Helping Hand|[of] p1a: Tsareena\n|move|p2a: Grimmsnarl|Parting Shot||[still]\n|cant|p1a: Tsareena|ability: Queenly Majesty|Parting Shot|[of] p2a: Grimmsnarl\n|move|p1b: Zacian|Play Rough|p2b: Basculegion\n|-damage|p2b: Basculegion|0 fnt\n|faint|p2b: Basculegion\n|\n|upkeep\n|turn|8\n|-message|SDaDP forfeited.\n|\n|win|itastelikeiron\n|raw|itastelikeiron's rating: 1226 &rarr; <strong>1246</strong><br />(+20 for winning)\n|raw|SDaDP's rating: 1162 &rarr; <strong>1142</strong><br />(-20 for losing)\n|l|\u2606SDaDP\n|player|p2|\n","uploadtime":1773690809,"views":10,"formatid":"gen9vgc2026regi","rating":1142,"private":0,"password":null}