{"id":"gen9vgc2026regi-2520000062","format":"[Gen 9] VGC 2026 Reg I","players":["AzureChuck","VJ2511"],"log":"|j|\u2606AzureChuck\n|j|\u2606VJ2511\n|t:|1768578783\n|gametype|doubles\n|player|p1|AzureChuck|101|1408\n|player|p2|VJ2511|red-masters3|1375\n|gen|9\n|tier|[Gen 9] VGC 2026 Reg I\n|rated|\n|rule|Species Clause: Limit one of each Pok\u00e9mon\n|rule|Item Clause: Limit 1 of each item\n|clearpoke\n|poke|p1|Miraidon, L50|\n|poke|p1|Iron Bundle, L50|\n|poke|p1|Terapagos, L50, M|\n|poke|p1|Ursaluna, L50, F|\n|poke|p1|Incineroar, L50, M|\n|poke|p1|Tornadus, L50, M|\n|poke|p2|Calyrex-Shadow, L50|\n|poke|p2|Zamazenta-*, L50|\n|poke|p2|Incineroar, L50, M|\n|poke|p2|Rillaboom, L50, M|\n|poke|p2|Ogerpon-Hearthflame, L50, F|\n|poke|p2|Raging Bolt, L50|\n|teampreview|4\n|l|\u2606AzureChuck\n|player|p1|\n|inactive|Battle timer is ON: inactive players will automatically lose when time's up. (requested by VJ2511)\n|j|\u2606AzureChuck\n|inactive|AzureChuck reconnected and has 80 seconds left.\n|player|p1|AzureChuck|101|\n|inactive|AzureChuck has 60 seconds left.\n|\n|t:|1768578842\n|teamsize|p1|4\n|teamsize|p2|4\n|start\n|switch|p1a: Tornadus|Tornadus, L50, M, shiny|100/100\n|switch|p1b: Iron Bundle|Iron Bundle, L50|100/100\n|switch|p2a: Calyrex|Calyrex-Shadow, L50|100/100\n|switch|p2b: Zamazenta|Zamazenta-Crowned, L50|100/100\n|-ability|p2a: Calyrex|As One\n|-ability|p2a: Calyrex|Unnerve\n|-ability|p2b: Zamazenta|Dauntless Shield|boost\n|-boost|p2b: Zamazenta|def|1\n|turn|1\n|l|\u2606AzureChuck\n|inactive|AzureChuck disconnected and has a minute to reconnect!\n|player|p1|\n|j|\u2606AzureChuck\n|inactive|AzureChuck reconnected and has 40 seconds left.\n|player|p1|AzureChuck|101|\n|inactive|AzureChuck has 30 seconds left.\n|inactive|VJ2511 has 30 seconds left.\n|inactive|AzureChuck has 20 seconds left.\n|\n|t:|1768578879\n|move|p1b: Iron Bundle|Protect|p1b: Iron Bundle\n|-singleturn|p1b: Iron Bundle|Protect\n|move|p2a: Calyrex|Astral Barrage|p1b: Iron Bundle|[spread] p1a\n|-activate|p1b: Iron Bundle|move: Protect\n|-damage|p1a: Tornadus|24/100\n|move|p2b: Zamazenta|Heavy Slam|p1b: Iron Bundle\n|-activate|p1b: Iron Bundle|move: Protect\n|move|p1a: Tornadus|Bleakwind Storm|p2a: Calyrex|[spread] p2a,p2b\n|-damage|p2a: Calyrex|70/100\n|-damage|p2b: Zamazenta|77/100\n|-unboost|p2a: Calyrex|spe|1\n|\n|upkeep\n|turn|2\n|inactive|AzureChuck has 30 seconds left.\n|inactive|AzureChuck has 20 seconds left.\n|\n|t:|1768578917\n|switch|p1a: Terapagos|Terapagos, L50, M|100/100\n|-activate|p1a: Terapagos|ability: Tera Shift\n|detailschange|p1a: Terapagos|Terapagos-Terastal, L50, M\n|-heal|p1a: Terapagos|100/100|[silent]\n|move|p2a: Calyrex|Protect|p2a: Calyrex\n|-singleturn|p2a: Calyrex|Protect\n|move|p1b: Iron Bundle|Hydro Pump|p2b: Zamazenta\n|-damage|p2b: Zamazenta|38/100\n|move|p2b: Zamazenta|Heavy Slam|p1b: Iron Bundle\n|-damage|p1b: Iron Bundle|41/100\n|\n|upkeep\n|turn|3\n|inactive|AzureChuck has 30 seconds left.\n|\n|t:|1768578946\n|move|p1b: Iron Bundle|Protect|p1b: Iron Bundle\n|-singleturn|p1b: Iron Bundle|Protect\n|move|p2b: Zamazenta|Body Press|p1a: Terapagos\n|-activate|p1a: Terapagos|ability: Tera Shell\n|-resisted|p1a: Terapagos\n|-damage|p1a: Terapagos|76/100\n|move|p2a: Calyrex|Psychic|p1a: Terapagos\n|-damage|p1a: Terapagos|29/100\n|move|p1a: Terapagos|Earth Power|p2b: Zamazenta\n|-supereffective|p2b: Zamazenta\n|-damage|p2b: Zamazenta|8/100\n|\n|-heal|p1a: Terapagos|35/100|[from] item: Leftovers\n|upkeep\n|turn|4\n|inactive|AzureChuck has 30 seconds left.\n|inactive|AzureChuck has 20 seconds left.\n|inactive|VJ2511 has 30 seconds left.\n|inactive|AzureChuck has 15 seconds left.\n|\n|t:|1768578987\n|move|p2b: Zamazenta|Protect|p2b: Zamazenta\n|-singleturn|p2b: Zamazenta|Protect\n|move|p1a: Terapagos|Protect|p1a: Terapagos\n|-singleturn|p1a: Terapagos|Protect\n|move|p1b: Iron Bundle|Hydro Pump|p2a: Calyrex|[miss]\n|-miss|p1b: Iron Bundle|p2a: Calyrex\n|move|p2a: Calyrex|Psychic|p1a: Terapagos\n|-activate|p1a: Terapagos|move: Protect\n|\n|-heal|p1a: Terapagos|41/100|[from] item: Leftovers\n|upkeep\n|turn|5\n|inactive|AzureChuck has 30 seconds left.\n|inactive|VJ2511 has 30 seconds left.\n|\n|t:|1768579017\n|-terastallize|p1a: Terapagos|Stellar\n|detailschange|p1a: Terapagos|Terapagos-Stellar, L50, M, tera:Stellar\n|-heal|p1a: Terapagos|56/100|[silent]\n|move|p1b: Iron Bundle|Hydro Pump|p2b: Zamazenta\n|-damage|p2b: Zamazenta|0 fnt\n|faint|p2b: Zamazenta\n|move|p2a: Calyrex|Psychic|p1a: Terapagos\n|-damage|p1a: Terapagos|24/100\n|move|p1a: Terapagos|Calm Mind|p1a: Terapagos\n|-boost|p1a: Terapagos|spa|1\n|-boost|p1a: Terapagos|spd|1\n|\n|-heal|p1a: Terapagos|30/100|[from] item: Leftovers\n|upkeep\n|\n|t:|1768579025\n|switch|p2b: Ogerpon|Ogerpon-Hearthflame, L50, F|100/100\n|-ability|p2b: Ogerpon|Mold Breaker\n|turn|6\n|\n|t:|1768579040\n|move|p1a: Terapagos|Protect|p1a: Terapagos\n|-singleturn|p1a: Terapagos|Protect\n|move|p1b: Iron Bundle|Icy Wind|p2b: Ogerpon|[spread] p2a,p2b\n|-damage|p2a: Calyrex|50/100\n|-damage|p2b: Ogerpon|82/100\n|-unboost|p2a: Calyrex|spe|1\n|-unboost|p2b: Ogerpon|spe|1\n|move|p2a: Calyrex|Psychic|p1a: Terapagos\n|-activate|p1a: Terapagos|move: Protect\n|move|p2b: Ogerpon|Ivy Cudgel|p1b: Iron Bundle|[anim] Ivy Cudgel Fire\n|-damage|p1b: Iron Bundle|0 fnt\n|faint|p1b: Iron Bundle\n|-end|p1b: Iron Bundle|Quark Drive|[silent]\n|\n|-heal|p1a: Terapagos|37/100|[from] item: Leftovers\n|upkeep\n|\n|t:|1768579057\n|switch|p1b: Tornadus|Tornadus, L50, M, shiny|24/100\n|turn|7\n|\n|t:|1768579064\n|switch|p2a: Rillaboom|Rillaboom, L50, M|100/100\n|-fieldstart|move: Grassy Terrain|[from] ability: Grassy Surge|[of] p2a: Rillaboom\n|move|p1b: Tornadus|Tailwind|p1b: Tornadus\n|-sidestart|p1: AzureChuck|move: Tailwind\n|move|p1a: Terapagos|Tera Starstorm|p2a: Rillaboom|[spread] p2a,p2b\n|-damage|p2a: Rillaboom|70/100\n|-damage|p2b: Ogerpon|29/100\n|move|p2b: Ogerpon|Ivy Cudgel|p1a: Terapagos|[anim] Ivy Cudgel Fire\n|-damage|p1a: Terapagos|8/100\n|\n|-heal|p1a: Terapagos|15/100|[from] Grassy Terrain\n|-heal|p1a: Terapagos|21/100|[from] item: Leftovers\n|-heal|p2a: Rillaboom|76/100|[from] Grassy Terrain\n|-heal|p2b: Ogerpon|35/100|[from] Grassy Terrain\n|upkeep\n|turn|8\n|\n|t:|1768579084\n|move|p1a: Terapagos|Protect|p1a: Terapagos\n|-singleturn|p1a: Terapagos|Protect\n|move|p2a: Rillaboom|Grassy Glide|p1b: Tornadus\n|-resisted|p1b: Tornadus\n|-damage|p1b: Tornadus|8/100\n|move|p2b: Ogerpon|Grassy Glide|p1b: Tornadus\n|-resisted|p1b: Tornadus\n|-damage|p1b: Tornadus|0 fnt\n|faint|p1b: Tornadus\n|\n|-heal|p1a: Terapagos|27/100|[from] Grassy Terrain\n|-heal|p1a: Terapagos|33/100|[from] item: Leftovers\n|-heal|p2a: Rillaboom|82/100|[from] Grassy Terrain\n|-heal|p2b: Ogerpon|41/100|[from] Grassy Terrain\n|upkeep\n|\n|t:|1768579099\n|switch|p1b: Miraidon|Miraidon, L50|100/100\n|-fieldstart|move: Electric Terrain|[from] ability: Hadron Engine|[of] p1b: Miraidon\n|turn|9\n|\n|t:|1768579113\n|move|p2b: Ogerpon|Spiky Shield|p2b: Ogerpon\n|-singleturn|p2b: Ogerpon|move: Protect\n|move|p1b: Miraidon|Electro Drift|p2a: Rillaboom\n|-resisted|p2a: Rillaboom\n|-damage|p2a: Rillaboom|54/100\n|move|p1a: Terapagos|Tera Starstorm|p2a: Rillaboom|[spread] p2a\n|-activate|p2b: Ogerpon|move: Protect\n|-damage|p2a: Rillaboom|25/100\n|move|p2a: Rillaboom|U-turn|p1a: Terapagos\n|-damage|p1a: Terapagos|21/100\n|\n|t:|1768579119\n|switch|p2a: Calyrex|Calyrex-Shadow, L50|50/100|[from] U-turn\n|-ability|p2a: Calyrex|As One\n|-ability|p2a: Calyrex|Unnerve\n|\n|-heal|p1a: Terapagos|27/100|[from] item: Leftovers\n|upkeep\n|turn|10\n|\n|t:|1768579141\n|switch|p2b: Rillaboom|Rillaboom, L50, M|25/100\n|-fieldstart|move: Grassy Terrain|[from] ability: Grassy Surge|[of] p2b: Rillaboom\n|move|p2a: Calyrex|Protect|p2a: Calyrex\n|-singleturn|p2a: Calyrex|Protect\n|move|p1b: Miraidon|Electro Drift|p2b: Rillaboom\n|-resisted|p2b: Rillaboom\n|-damage|p2b: Rillaboom|9/100\n|move|p1a: Terapagos|Tera Starstorm|p2a: Calyrex|[spread] p2b\n|-activate|p2a: Calyrex|move: Protect\n|-damage|p2b: Rillaboom|0 fnt\n|faint|p2b: Rillaboom\n|\n|-heal|p1a: Terapagos|34/100|[from] Grassy Terrain\n|-heal|p1a: Terapagos|40/100|[from] item: Leftovers\n|-heal|p2a: Calyrex|56/100|[from] Grassy Terrain\n|-sideend|p1: AzureChuck|move: Tailwind\n|upkeep\n|\n|t:|1768579145\n|switch|p2b: Ogerpon|Ogerpon-Hearthflame, L50, F|41/100\n|-ability|p2b: Ogerpon|Mold Breaker\n|turn|11\n|inactive|AzureChuck has 30 seconds left.\n|\n|t:|1768579172\n|move|p2b: Ogerpon|Spiky Shield|p2b: Ogerpon\n|-singleturn|p2b: Ogerpon|move: Protect\n|move|p1a: Terapagos|Protect|p1a: Terapagos\n|-singleturn|p1a: Terapagos|Protect\n|move|p2a: Calyrex|Psychic|p1b: Miraidon\n|-damage|p1b: Miraidon|74/100\n|move|p1b: Miraidon|Electro Drift|p2a: Calyrex\n|-damage|p2a: Calyrex|3/100\n|\n|-heal|p2a: Calyrex|9/100|[from] Grassy Terrain\n|-heal|p1b: Miraidon|80/100|[from] Grassy Terrain\n|-heal|p2b: Ogerpon|47/100|[from] Grassy Terrain\n|-heal|p1a: Terapagos|46/100|[from] Grassy Terrain\n|-heal|p1a: Terapagos|52/100|[from] item: Leftovers\n|upkeep\n|turn|12\n|\n|t:|1768579191\n|move|p2a: Calyrex|Psychic|p1a: Terapagos\n|-damage|p1a: Terapagos|30/100\n|move|p1b: Miraidon|Electro Drift|p2b: Ogerpon\n|-resisted|p2b: Ogerpon\n|-damage|p2b: Ogerpon|18/100\n|move|p2b: Ogerpon|Ivy Cudgel|p1a: Terapagos|[anim] Ivy Cudgel Fire\n|-damage|p1a: Terapagos|0 fnt\n|faint|p1a: Terapagos\n|detailschange|p1: Terapagos|Terapagos, L50, M|[silent]\n|\n|-heal|p2a: Calyrex|15/100|[from] Grassy Terrain\n|-heal|p1b: Miraidon|86/100|[from] Grassy Terrain\n|-heal|p2b: Ogerpon|25/100|[from] Grassy Terrain\n|upkeep\n|turn|13\n|\n|t:|1768579206\n|-terastallize|p2b: Ogerpon|Fire\n|detailschange|p2b: Ogerpon|Ogerpon-Hearthflame-Tera, L50, F, tera:Fire\n|-ability|p2b: Ogerpon|Embody Aspect (Hearthflame)|boost\n|-boost|p2b: Ogerpon|atk|1\n|move|p2a: Calyrex|Astral Barrage|p1b: Miraidon\n|-damage|p1b: Miraidon|41/100\n|move|p1b: Miraidon|Dazzling Gleam|p2b: Ogerpon|[spread] p2a,p2b\n|-resisted|p2b: Ogerpon\n|-damage|p2a: Calyrex|0 fnt\n|-damage|p2b: Ogerpon|13/100\n|faint|p2a: Calyrex\n|move|p2b: Ogerpon|Ivy Cudgel|p1b: Miraidon|[anim] Ivy Cudgel Fire\n|-resisted|p1b: Miraidon\n|-damage|p1b: Miraidon|0 fnt\n|faint|p1b: Miraidon\n|\n|win|VJ2511\n|raw|AzureChuck's rating: 1408 &rarr; <strong>1386</strong><br />(-22 for losing)\n|raw|VJ2511's rating: 1375 &rarr; <strong>1397</strong><br />(+22 for winning)\n|l|\u2606AzureChuck\n|player|p1|\n|l|\u2606VJ2511\n|player|p2|\n","uploadtime":1768579221,"views":23,"formatid":"gen9vgc2026regi","rating":1386,"private":0,"password":null}