{"id":"gen9vgc2026regi-2590999073","format":"[Gen 9] VGC 2026 Reg I","players":["perruquer","Realfrytki"],"log":"|j|\u2606perruquer\n|j|\u2606Realfrytki\n|t:|1776867517\n|gametype|doubles\n|player|p1|perruquer|265|1498\n|player|p2|Realfrytki|veteranf|1613\n|gen|9\n|tier|[Gen 9] VGC 2026 Reg I\n|rated|\n|rule|Species Clause: Limit one of each Pok\u00e9mon\n|rule|Item Clause: Limit 1 of each item\n|clearpoke\n|poke|p1|Calyrex-Ice, L50|\n|poke|p1|Kyogre, L50|\n|poke|p1|Incineroar, L50, F|\n|poke|p1|Flutter Mane, L50|\n|poke|p1|Amoonguss, L50, M|\n|poke|p1|Smeargle, L50, F|\n|poke|p2|Calyrex-Shadow, L50|\n|poke|p2|Terapagos, L50, M|\n|poke|p2|Iron Hands, L50|\n|poke|p2|Chi-Yu, L50|\n|poke|p2|Smeargle, L50, M|\n|poke|p2|Whimsicott, L50, M|\n|teampreview|4\n|\n|t:|1776867532\n|teamsize|p1|4\n|teamsize|p2|4\n|start\n|switch|p1a: Smeargle|Smeargle, L50, F|100/100\n|switch|p1b: Calyrex|Calyrex-Ice, L50|100/100\n|switch|p2a: Smeargle|Smeargle, L50, M|100/100\n|switch|p2b: Terapagos|Terapagos, L50, M|100/100\n|-activate|p2b: Terapagos|ability: Tera Shift\n|detailschange|p2b: Terapagos|Terapagos-Terastal, L50, M\n|-heal|p2b: Terapagos|100/100|[silent]\n|-ability|p1b: Calyrex|As One\n|-ability|p1b: Calyrex|Unnerve\n|turn|1\n|\n|t:|1776867548\n|-terastallize|p2b: Terapagos|Stellar\n|detailschange|p2b: Terapagos|Terapagos-Stellar, L50, M, tera:Stellar\n|-heal|p2b: Terapagos|100/100|[silent]\n|move|p2a: Smeargle|Fake Out|p1a: Smeargle\n|-damage|p1a: Smeargle|90/100\n|cant|p1a: Smeargle|flinch\n|move|p2b: Terapagos|Hyper Beam|p1b: Calyrex\n|-damage|p1b: Calyrex|7/100\n|-mustrecharge|p2b: Terapagos\n|move|p1b: Calyrex|Glacial Lance|p2b: Terapagos|[spread] p2a,p2b\n|-enditem|p2a: Smeargle|Focus Sash\n|-damage|p2a: Smeargle|1/100\n|-damage|p2b: Terapagos|63/100\n|\n|-heal|p1b: Calyrex|13/100|[from] item: Leftovers\n|-ability|p1a: Smeargle|Moody|boost\n|-boost|p1a: Smeargle|atk|2\n|-unboost|p1a: Smeargle|def|1\n|-ability|p2a: Smeargle|Moody|boost\n|-boost|p2a: Smeargle|spe|2\n|-unboost|p2a: Smeargle|atk|1\n|upkeep\n|turn|2\n|\n|t:|1776867586\n|-terastallize|p1a: Smeargle|Grass\n|move|p1b: Calyrex|Protect|p1b: Calyrex\n|-singleturn|p1b: Calyrex|Protect\n|move|p2a: Smeargle|Spore|p1a: Smeargle\n|-immune|p1a: Smeargle\n|move|p1a: Smeargle|Spore|p2a: Smeargle\n|-status|p2a: Smeargle|slp|[from] move: Spore\n|cant|p2b: Terapagos|recharge\n|\n|-heal|p1b: Calyrex|18/100|[from] item: Leftovers\n|-ability|p2a: Smeargle|Moody|boost\n|-boost|p2a: Smeargle|spa|2\n|-unboost|p2a: Smeargle|atk|1\n|-ability|p1a: Smeargle|Moody|boost\n|-boost|p1a: Smeargle|atk|2\n|-unboost|p1a: Smeargle|def|1\n|upkeep\n|turn|3\n|\n|t:|1776867610\n|cant|p2a: Smeargle|slp\n|move|p1a: Smeargle|Spore|p2b: Terapagos\n|-status|p2b: Terapagos|slp|[from] move: Spore\n|cant|p2b: Terapagos|slp\n|move|p1b: Calyrex|Trick Room|p1b: Calyrex\n|-fieldstart|move: Trick Room|[of] p1b: Calyrex\n|\n|-heal|p1b: Calyrex|24/100|[from] item: Leftovers\n|-ability|p1a: Smeargle|Moody|boost\n|-boost|p1a: Smeargle|def|2\n|-unboost|p1a: Smeargle|spe|1\n|-ability|p2a: Smeargle|Moody|boost\n|-boost|p2a: Smeargle|spa|2\n|-unboost|p2a: Smeargle|spe|1\n|upkeep\n|turn|4\n|\n|t:|1776867624\n|move|p1b: Calyrex|Glacial Lance|p2b: Terapagos|[spread] p2a,p2b\n|-damage|p2a: Smeargle|0 fnt\n|-damage|p2b: Terapagos|24/100 slp\n|faint|p2a: Smeargle\n|-ability|p1b: Calyrex|Chilling Neigh|boost\n|-boost|p1b: Calyrex|atk|1\n|move|p1a: Smeargle|Decorate|p1b: Calyrex\n|-boost|p1b: Calyrex|atk|2\n|-boost|p1b: Calyrex|spa|2\n|cant|p2b: Terapagos|slp\n|\n|-heal|p1b: Calyrex|30/100|[from] item: Leftovers\n|-ability|p1a: Smeargle|Moody|boost\n|-boost|p1a: Smeargle|atk|2\n|-unboost|p1a: Smeargle|spa|1\n|upkeep\n|\n|t:|1776867638\n|switch|p2a: Iron Hands|Iron Hands, L50|100/100\n|turn|5\n|\n|t:|1776867650\n|move|p1b: Calyrex|Protect|p1b: Calyrex\n|-singleturn|p1b: Calyrex|Protect\n|move|p2a: Iron Hands|Fake Out|p1b: Calyrex\n|-activate|p1b: Calyrex|move: Protect\n|move|p1a: Smeargle|Spore|p2a: Iron Hands\n|-status|p2a: Iron Hands|slp|[from] move: Spore\n|cant|p2b: Terapagos|slp\n|\n|-heal|p1b: Calyrex|36/100|[from] item: Leftovers\n|-ability|p1a: Smeargle|Moody|boost\n|-boost|p1a: Smeargle|def|2\n|-unboost|p1a: Smeargle|atk|1\n|upkeep\n|turn|6\n|-message|Realfrytki forfeited.\n|\n|win|perruquer\n|raw|perruquer's rating: 1498 &rarr; <strong>1524</strong><br />(+26 for winning)\n|raw|Realfrytki's rating: 1613 &rarr; <strong>1587</strong><br />(-26 for losing)\n|l|\u2606Realfrytki\n|player|p2|\n|l|\u2606perruquer\n|player|p1|\n","uploadtime":1776867673,"views":34,"formatid":"gen9vgc2026regi","rating":1524,"private":0,"password":null}