{"id":"gen9vgc2026regi-2528281888","format":"[Gen 9] VGC 2026 Reg I","players":["i\u2764\u5a1c\u7984forever","ice spice rider"],"log":"|j|\u2606i\u2764\u5a1c\u7984forever\n|j|\u2606ice spice rider\n|t:|1769637355\n|gametype|doubles\n|player|p1|i\u2764\u5a1c\u7984forever|youngcouple|1490\n|player|p2|ice spice rider|101|1359\n|gen|9\n|tier|[Gen 9] VGC 2026 Reg I\n|rated|\n|rule|Species Clause: Limit one of each Pok\u00e9mon\n|rule|Item Clause: Limit 1 of each item\n|clearpoke\n|poke|p1|Groudon, L50|\n|poke|p1|Kyurem-White, L50|\n|poke|p1|Heatran, L50, M|\n|poke|p1|Whimsicott, L50, F|\n|poke|p1|Roaring Moon, L50|\n|poke|p1|Ditto, L50|\n|poke|p2|Calyrex-Shadow, L50|\n|poke|p2|Zamazenta-*, L50|\n|poke|p2|Ting-Lu, L50|\n|poke|p2|Dondozo, L50, M|\n|poke|p2|Chien-Pao, L50|\n|poke|p2|Ogerpon-Hearthflame, L50, F|\n|teampreview|4\n|\n|t:|1769637376\n|teamsize|p1|4\n|teamsize|p2|4\n|start\n|switch|p1a: Kyurem|Kyurem-White, L50|100/100\n|switch|p1b: Whimsicott|Whimsicott, L50, F|100/100\n|switch|p2a: Jordan 96/97|Ting-Lu, L50|100/100\n|switch|p2b: Ivan Karamazov|Dondozo, L50, M|100/100\n|-ability|p1a: Kyurem|Turboblaze\n|-ability|p2a: Jordan 96/97|Vessel of Ruin\n|turn|1\n|\n|t:|1769637401\n|-terastallize|p2a: Jordan 96/97|Fairy\n|move|p1b: Whimsicott|Endeavor|p2a: Jordan 96/97\n|-damage|p2a: Jordan 96/97|47/100\n|-damage|p1b: Whimsicott|84/100|[from] item: Rocky Helmet|[of] p2a: Jordan 96/97\n|move|p1a: Kyurem|Blizzard|p2b: Ivan Karamazov|[spread] p2a,p2b\n|-resisted|p2b: Ivan Karamazov\n|-damage|p2a: Jordan 96/97|20/100\n|-damage|p2b: Ivan Karamazov|86/100\n|move|p2a: Jordan 96/97|Sand Tomb|p1a: Kyurem\n|-damage|p1a: Kyurem|90/100\n|-activate|p1a: Kyurem|move: Sand Tomb|[of] p2a: Jordan 96/97\n|move|p2b: Ivan Karamazov|Yawn|p1b: Whimsicott\n|-start|p1b: Whimsicott|move: Yawn|[of] p2b: Ivan Karamazov\n|\n|-heal|p2b: Ivan Karamazov|92/100|[from] item: Leftovers\n|-damage|p1a: Kyurem|77/100|[from] move: Sand Tomb|[partiallytrapped]\n|upkeep\n|turn|2\n|\n|t:|1769637418\n|switch|p1b: Groudon|Groudon, L50|100/100\n|-weather|SunnyDay|[from] ability: Drought|[of] p1b: Groudon\n|move|p1a: Kyurem|Blizzard|p2b: Ivan Karamazov|[spread] p2a,p2b\n|-resisted|p2b: Ivan Karamazov\n|-damage|p2a: Jordan 96/97|0 fnt\n|-damage|p2b: Ivan Karamazov|77/100\n|faint|p2a: Jordan 96/97\n|move|p2b: Ivan Karamazov|Yawn|p1a: Kyurem\n|-start|p1a: Kyurem|move: Yawn|[of] p2b: Ivan Karamazov\n|\n|-weather|SunnyDay|[upkeep]\n|-heal|p2b: Ivan Karamazov|83/100|[from] item: Leftovers\n|-end|p1a: Kyurem|Sand Tomb|[partiallytrapped]|[silent]\n|upkeep\n|\n|t:|1769637440\n|switch|p2a: 221 speed|Calyrex-Shadow, L50|100/100\n|-ability|p2a: 221 speed|As One\n|-ability|p2a: 221 speed|Unnerve\n|turn|3\n|\n|t:|1769637470\n|move|p2a: 221 speed|Astral Barrage|p1a: Kyurem|[spread] p1a,p1b\n|-damage|p1a: Kyurem|37/100\n|-damage|p1b: Groudon|66/100\n|move|p1a: Kyurem|Earth Power|p2b: Ivan Karamazov\n|-damage|p2b: Ivan Karamazov|57/100\n|move|p1b: Groudon|Precipice Blades|p2a: 221 speed|[spread] p2a,p2b\n|-damage|p2a: 221 speed|37/100\n|-damage|p2b: Ivan Karamazov|25/100\n|move|p2b: Ivan Karamazov|Yawn|p1b: Groudon\n|-start|p1b: Groudon|move: Yawn|[of] p2b: Ivan Karamazov\n|\n|-weather|SunnyDay|[upkeep]\n|-heal|p2b: Ivan Karamazov|31/100|[from] item: Leftovers\n|-end|p1a: Kyurem|move: Yawn|[silent]\n|-status|p1a: Kyurem|slp\n|upkeep\n|turn|4\n|\n|t:|1769637490\n|move|p2a: 221 speed|Astral Barrage|p1a: Kyurem|[spread] p1a,p1b\n|-damage|p1a: Kyurem|0 fnt\n|-damage|p1b: Groudon|31/100\n|faint|p1a: Kyurem\n|-ability|p2a: 221 speed|Grim Neigh|boost\n|-boost|p2a: 221 speed|spa|1\n|move|p1b: Groudon|Crunch|p2a: 221 speed\n|-supereffective|p2a: 221 speed\n|-damage|p2a: 221 speed|0 fnt\n|faint|p2a: 221 speed\n|move|p2b: Ivan Karamazov|Wave Crash|p1b: Groudon\n|-supereffective|p1b: Groudon\n|-damage|p1b: Groudon|5/100\n|-damage|p2b: Ivan Karamazov|24/100|[from] Recoil\n|\n|-weather|SunnyDay|[upkeep]\n|-heal|p2b: Ivan Karamazov|30/100|[from] item: Leftovers\n|-end|p1b: Groudon|move: Yawn|[silent]\n|-status|p1b: Groudon|slp\n|upkeep\n|\n|t:|1769637507\n|switch|p2a: Magnus Carlsen|Zamazenta-Crowned, L50|100/100\n|switch|p1a: Whimsicott|Whimsicott, L50, F|84/100\n|-ability|p2a: Magnus Carlsen|Dauntless Shield|boost\n|-boost|p2a: Magnus Carlsen|def|1\n|turn|5\n|\n|t:|1769637519\n|move|p1a: Whimsicott|Tailwind|p1a: Whimsicott\n|-sidestart|p1: i\u2764\u5a1c\u7984forever|move: Tailwind\n|cant|p1b: Groudon|slp\n|move|p2a: Magnus Carlsen|Heavy Slam|p1a: Whimsicott\n|-supereffective|p1a: Whimsicott\n|-damage|p1a: Whimsicott|0 fnt\n|faint|p1a: Whimsicott\n|move|p2b: Ivan Karamazov|Substitute|p2b: Ivan Karamazov\n|-start|p2b: Ivan Karamazov|Substitute\n|-damage|p2b: Ivan Karamazov|6/100\n|\n|-weather|SunnyDay|[upkeep]\n|-heal|p2b: Ivan Karamazov|12/100|[from] item: Leftovers\n|upkeep\n|\n|t:|1769637529\n|switch|p1a: Ditto|Ditto, L50|100/100\n|turn|6\n|\n|t:|1769637542\n|cant|p1b: Groudon|slp\n|move|p2a: Magnus Carlsen|Body Press|p1b: Groudon\n|-damage|p1b: Groudon|0 fnt\n|faint|p1b: Groudon\n|move|p1a: Ditto|Transform|p2a: Magnus Carlsen\n|-transform|p1a: Ditto|p2a: Magnus Carlsen\n|-ability|p1a: Ditto|Dauntless Shield|boost\n|-boost|p1a: Ditto|def|1\n|move|p2b: Ivan Karamazov|Yawn|p1a: Ditto\n|-start|p1a: Ditto|move: Yawn|[of] p2b: Ivan Karamazov\n|\n|-weather|none\n|-heal|p2b: Ivan Karamazov|18/100|[from] item: Leftovers\n|upkeep\n|turn|7\n|\n|t:|1769637561\n|move|p2a: Magnus Carlsen|Protect|p2a: Magnus Carlsen\n|-singleturn|p2a: Magnus Carlsen|Protect\n|move|p2b: Ivan Karamazov|Protect|p2b: Ivan Karamazov\n|-singleturn|p2b: Ivan Karamazov|Protect\n|move|p1a: Ditto|Body Press|p2a: Magnus Carlsen\n|-activate|p2a: Magnus Carlsen|move: Protect\n|\n|-heal|p2b: Ivan Karamazov|24/100|[from] item: Leftovers\n|-end|p1a: Ditto|move: Yawn|[silent]\n|-status|p1a: Ditto|slp\n|upkeep\n|turn|8\n|\n|t:|1769637569\n|cant|p1a: Ditto|slp\n|move|p2a: Magnus Carlsen|Body Press|p1a: Ditto\n|-supereffective|p1a: Ditto\n|-damage|p1a: Ditto|46/100 slp\n|move|p2b: Ivan Karamazov|Yawn||[still]\n|-fail|p2b: Ivan Karamazov\n|\n|-heal|p2b: Ivan Karamazov|30/100|[from] item: Leftovers\n|-sideend|p1: i\u2764\u5a1c\u7984forever|move: Tailwind\n|upkeep\n|turn|9\n|\n|t:|1769637582\n|move|p2a: Magnus Carlsen|Body Press|p1a: Ditto\n|-supereffective|p1a: Ditto\n|-damage|p1a: Ditto|0 fnt\n|faint|p1a: Ditto\n|\n|win|ice spice rider\n|raw|i\u2764\u5a1c\u7984forever's rating: 1490 &rarr; <strong>1462</strong><br />(-28 for losing)\n|raw|ice spice rider's rating: 1337 &rarr; <strong>1365</strong><br />(+28 for winning)\n|l|\u2606ice spice rider\n|player|p2|\n|l|\u2606i\u2764\u5a1c\u7984forever\n|player|p1|\n","uploadtime":1769637822,"views":19,"formatid":"gen9vgc2026regi","rating":1365,"private":0,"password":null}