{"id":"gen9vgc2026regi-2564808346","format":"[Gen 9] VGC 2026 Reg I","players":["timebroken","ScribbleScribble"],"log":"|j|\u2606timebroken\n|j|\u2606ScribbleScribble\n|t:|1774199778\n|gametype|doubles\n|player|p1|timebroken|willow|1629\n|player|p2|ScribbleScribble|mina-lgpe|1741\n|gen|9\n|tier|[Gen 9] VGC 2026 Reg I\n|rated|\n|rule|Species Clause: Limit one of each Pok\u00e9mon\n|rule|Item Clause: Limit 1 of each item\n|clearpoke\n|poke|p1|Calyrex-Shadow, L50|\n|poke|p1|Zamazenta-*, L50|\n|poke|p1|Chien-Pao, L50|\n|poke|p1|Rillaboom, L50, F|\n|poke|p1|Tornadus, L50, M|\n|poke|p1|Raging Bolt, L50|\n|poke|p2|Calyrex-Ice, L50|\n|poke|p2|Kyogre, L50|\n|poke|p2|Tornadus, L50, M|\n|poke|p2|Indeedee-F, L50, F|\n|poke|p2|Urshifu-*, L50, F|\n|poke|p2|Landorus, L50, M|\n|teampreview|4\n|inactive|Battle timer is ON: inactive players will automatically lose when time's up. (requested by ScribbleScribble)\n|inactive|timebroken also wants the timer to be on.\n|\n|t:|1774199800\n|teamsize|p1|4\n|teamsize|p2|4\n|start\n|switch|p1a: Zamazenta|Zamazenta-Crowned, L50|100/100\n|switch|p1b: Chien-Pao|Chien-Pao, L50|100/100\n|switch|p2a: Tornadus|Tornadus, L50, M|100/100\n|switch|p2b: Landorus|Landorus, L50, M|100/100\n|-ability|p1b: Chien-Pao|Sword of Ruin\n|-ability|p1a: Zamazenta|Dauntless Shield|boost\n|-boost|p1a: Zamazenta|def|1\n|turn|1\n|\n|t:|1774199818\n|-terastallize|p1a: Zamazenta|Water\n|-terastallize|p2b: Landorus|Poison\n|move|p1b: Chien-Pao|Sucker Punch|p2b: Landorus\n|-damage|p2b: Landorus|42/100\n|-damage|p1b: Chien-Pao|91/100|[from] item: Life Orb\n|move|p2a: Tornadus|Taunt|p1a: Zamazenta\n|-start|p1a: Zamazenta|move: Taunt\n|move|p1a: Zamazenta|Body Press|p2b: Landorus\n|-resisted|p2b: Landorus\n|-damage|p2b: Landorus|0 fnt\n|faint|p2b: Landorus\n|\n|upkeep\n|\n|t:|1774199826\n|switch|p2b: Calyrex|Calyrex-Ice, L50|100/100\n|-ability|p2b: Calyrex|As One\n|-ability|p2b: Calyrex|Unnerve\n|turn|2\n|\n|t:|1774199836\n|move|p1b: Chien-Pao|Taunt|p2b: Calyrex\n|-start|p2b: Calyrex|move: Taunt\n|move|p2a: Tornadus|Bleakwind Storm|p1b: Chien-Pao|[spread] p1a,p1b\n|-damage|p1a: Zamazenta|75/100\n|-damage|p1b: Chien-Pao|29/100\n|move|p1a: Zamazenta|Heavy Slam|p2a: Tornadus\n|-crit|p2a: Tornadus\n|-enditem|p2a: Tornadus|Focus Sash\n|-damage|p2a: Tornadus|1/100\n|move|p2b: Calyrex|Glacial Lance|p1a: Zamazenta|[spread] p1a,p1b\n|-resisted|p1a: Zamazenta\n|-resisted|p1b: Chien-Pao\n|-damage|p1a: Zamazenta|62/100\n|-damage|p1b: Chien-Pao|0 fnt\n|faint|p1b: Chien-Pao\n|-ability|p2b: Calyrex|Chilling Neigh|boost\n|-boost|p2b: Calyrex|atk|1\n|\n|upkeep\n|\n|t:|1774199852\n|switch|p1b: Rillaboom|Rillaboom, L50, F|100/100\n|-fieldstart|move: Grassy Terrain|[from] ability: Grassy Surge|[of] p1b: Rillaboom\n|turn|3\n|\n|t:|1774199865\n|switch|p2a: Indeedee|Indeedee-F, L50, F, shiny|100/100\n|-fieldstart|move: Psychic Terrain|[from] ability: Psychic Surge|[of] p2a: Indeedee\n|-enditem|p2a: Indeedee|Psychic Seed\n|-boost|p2a: Indeedee|spd|1|[from] item: Psychic Seed\n|move|p1b: Rillaboom|Fake Out|p2a: Indeedee\n|-activate|p2a: Indeedee|move: Psychic Terrain\n|move|p1a: Zamazenta|Body Press|p2b: Calyrex\n|-crit|p2b: Calyrex\n|-damage|p2b: Calyrex|31/100\n|move|p2b: Calyrex|Seed Bomb|p1a: Zamazenta\n|-supereffective|p1a: Zamazenta\n|-damage|p1a: Zamazenta|28/100\n|\n|-end|p1a: Zamazenta|move: Taunt\n|upkeep\n|turn|4\n|c|\u2606timebroken|oo no kyogre\n|\n|t:|1774199888\n|move|p1a: Zamazenta|Protect|p1a: Zamazenta\n|-singleturn|p1a: Zamazenta|Protect\n|move|p2b: Calyrex|Glacial Lance|p1a: Zamazenta|[spread] p1b\n|-activate|p1a: Zamazenta|move: Protect\n|-supereffective|p1b: Rillaboom\n|-damage|p1b: Rillaboom|0 fnt\n|faint|p1b: Rillaboom\n|-ability|p2b: Calyrex|Chilling Neigh|boost\n|-boost|p2b: Calyrex|atk|1\n|move|p2a: Indeedee|Trick Room|p2a: Indeedee\n|-fieldstart|move: Trick Room|[of] p2a: Indeedee\n|\n|-end|p2b: Calyrex|move: Taunt\n|upkeep\n|\n|t:|1774199899\n|switch|p1b: Calyrex|Calyrex-Shadow, L50|100/100\n|-ability|p1b: Calyrex|As One\n|-ability|p1b: Calyrex|Unnerve\n|turn|5\n|\n|t:|1774199912\n|move|p1a: Zamazenta|Wide Guard|p1a: Zamazenta\n|-singleturn|p1a: Zamazenta|Wide Guard\n|move|p2a: Indeedee|Psychic|p1a: Zamazenta\n|-damage|p1a: Zamazenta|0 fnt\n|faint|p1a: Zamazenta\n|move|p2b: Calyrex|Seed Bomb|p1b: Calyrex\n|-damage|p1b: Calyrex|19/100\n|move|p1b: Calyrex|Astral Barrage|p2b: Calyrex|[spread] p2b\n|-immune|p2a: Indeedee\n|-supereffective|p2b: Calyrex\n|-damage|p2b: Calyrex|0 fnt\n|faint|p2b: Calyrex\n|-ability|p1b: Calyrex|Grim Neigh|boost\n|-boost|p1b: Calyrex|spa|1\n|\n|upkeep\n|\n|t:|1774199917\n|switch|p2b: Tornadus|Tornadus, L50, M|1/100\n|turn|6\n|\n|t:|1774199920\n|move|p1b: Calyrex|Protect|p1b: Calyrex\n|-singleturn|p1b: Calyrex|Protect\n|move|p2a: Indeedee|Psychic|p1b: Calyrex\n|-activate|p1b: Calyrex|move: Protect\n|move|p2b: Tornadus|Bleakwind Storm|p1b: Calyrex\n|-activate|p1b: Calyrex|move: Protect\n|\n|upkeep\n|turn|7\n|\n|t:|1774199926\n|move|p2a: Indeedee|Psychic|p1b: Calyrex\n|-resisted|p1b: Calyrex\n|-damage|p1b: Calyrex|0 fnt\n|faint|p1b: Calyrex\n|\n|win|ScribbleScribble\n|raw|timebroken's rating: 1629 &rarr; <strong>1615</strong><br />(-14 for losing)\n|raw|ScribbleScribble's rating: 1741 &rarr; <strong>1755</strong><br />(+14 for winning)\n|l|\u2606timebroken\n|player|p1|\n|c|\u2606ScribbleScribble|gg\n|l|\u2606ScribbleScribble\n|player|p2|\n","uploadtime":1774200064,"views":41,"formatid":"gen9vgc2026regi","rating":1615,"private":0,"password":null}