{"id":"gen9vgc2026regi-2582779379","format":"[Gen 9] VGC 2026 Reg I","players":["JoeBro8","Pillarmen2"],"log":"|j|\u2606JoeBro8\n|j|\u2606Pillarmen2\n|t:|1776113528\n|gametype|doubles\n|player|p1|JoeBro8|n|1464\n|player|p2|Pillarmen2|170|1458\n|gen|9\n|tier|[Gen 9] VGC 2026 Reg I\n|rated|\n|rule|Species Clause: Limit one of each Pok\u00e9mon\n|rule|Item Clause: Limit 1 of each item\n|clearpoke\n|poke|p1|Calyrex-Shadow, L50|\n|poke|p1|Indeedee-F, L50, F|\n|poke|p1|Dondozo, L50, M|\n|poke|p1|Tatsugiri-Droopy, L50, F|\n|poke|p1|Weezing-Galar, L50, M|\n|poke|p1|Zacian-*, L50|\n|poke|p2|Chien-Pao, L50|\n|poke|p2|Ogerpon-Hearthflame, L50, F|\n|poke|p2|Whimsicott, L50, M|\n|poke|p2|Raging Bolt, L50|\n|poke|p2|Calyrex-Shadow, L50|\n|poke|p2|Zamazenta-*, L50|\n|teampreview|4\n|inactive|Battle timer is ON: inactive players will automatically lose when time's up. (requested by Pillarmen2)\n|\n|t:|1776113574\n|teamsize|p1|4\n|teamsize|p2|4\n|start\n|switch|p1a: Weezing|Weezing-Galar, L50, M|100/100\n|switch|p1b: Calyrex|Calyrex-Shadow, L50|100/100\n|switch|p2a: Whimsicott|Whimsicott, L50, M|100/100\n|switch|p2b: Raging Bolt|Raging Bolt, L50|100/100\n|-ability|p1a: Weezing|Neutralizing Gas\n|-ability|p1b: Calyrex|As One\n|-ability|p1b: Calyrex|Unnerve\n|turn|1\n|\n|t:|1776113593\n|move|p1b: Calyrex|Astral Barrage|p2b: Raging Bolt|[spread] p2a,p2b\n|-damage|p2a: Whimsicott|33/100\n|-damage|p2b: Raging Bolt|41/100\n|-damage|p1b: Calyrex|91/100|[from] item: Life Orb\n|move|p2a: Whimsicott|Tailwind|p2a: Whimsicott\n|-sidestart|p2: Pillarmen2|move: Tailwind\n|move|p2b: Raging Bolt|Thunderbolt|p1b: Calyrex\n|-damage|p1b: Calyrex|40/100\n|move|p1a: Weezing|Poison Gas|p2b: Raging Bolt|[spread] p2a,p2b\n|-status|p2a: Whimsicott|psn\n|-status|p2b: Raging Bolt|psn\n|\n|-damage|p2a: Whimsicott|21/100 psn|[from] psn\n|-damage|p2b: Raging Bolt|28/100 psn|[from] psn\n|upkeep\n|turn|2\n|\n|t:|1776113612\n|move|p1b: Calyrex|Protect|p1b: Calyrex\n|-singleturn|p1b: Calyrex|Protect\n|move|p2a: Whimsicott|Encore|p1a: Weezing\n|-start|p1a: Weezing|Encore\n|move|p2b: Raging Bolt|Thunderbolt|p1b: Calyrex\n|-activate|p1b: Calyrex|move: Protect\n|move|p1a: Weezing|Poison Gas|p2a: Whimsicott|[spread] \n|-fail|p2a: Whimsicott|psn\n|-fail|p2b: Raging Bolt|psn\n|\n|-damage|p2a: Whimsicott|9/100 psn|[from] psn\n|-damage|p2b: Raging Bolt|16/100 psn|[from] psn\n|upkeep\n|turn|3\n|\n|t:|1776113634\n|switch|p1b: Tatsugiri|Tatsugiri-Droopy, L50, F|100/100\n|-end|p1a: Weezing|ability: Neutralizing Gas\n|switch|p1a: Dondozo|Dondozo, L50, M|100/100\n|-enditem|p2b: Raging Bolt|Booster Energy\n|-activate|p2b: Raging Bolt|ability: Protosynthesis|[fromitem]\n|-start|p2b: Raging Bolt|protosynthesisspa\n|-activate|p1b: Tatsugiri|ability: Commander|[of] p1a: Dondozo\n|-boost|p1a: Dondozo|atk|2\n|-boost|p1a: Dondozo|spa|2\n|-boost|p1a: Dondozo|spe|2\n|-boost|p1a: Dondozo|def|2\n|-boost|p1a: Dondozo|spd|2\n|move|p2a: Whimsicott|Encore|p1b: Tatsugiri|[miss]\n|-miss|p2a: Whimsicott|p1b: Tatsugiri\n|move|p2b: Raging Bolt|Thunderbolt|p1a: Dondozo\n|-supereffective|p1a: Dondozo\n|-damage|p1a: Dondozo|24/100\n|\n|-heal|p1a: Dondozo|30/100|[from] item: Leftovers\n|-damage|p2a: Whimsicott|0 fnt|[from] psn\n|faint|p2a: Whimsicott\n|-damage|p2b: Raging Bolt|3/100 psn|[from] psn\n|upkeep\n|\n|t:|1776113647\n|switch|p2a: Calyrex|Calyrex-Shadow, L50|100/100\n|-ability|p2a: Calyrex|As One\n|-ability|p2a: Calyrex|Unnerve\n|turn|4\n|\n|t:|1776113668\n|move|p1a: Dondozo|Protect|p1a: Dondozo\n|-singleturn|p1a: Dondozo|Protect\n|move|p2a: Calyrex|Astral Barrage|p1a: Dondozo|[spread] \n|-miss|p2a: Calyrex|p1b: Tatsugiri\n|-activate|p1a: Dondozo|move: Protect\n|move|p2b: Raging Bolt|Thunderbolt|p1a: Dondozo\n|-activate|p1a: Dondozo|move: Protect\n|\n|-heal|p1a: Dondozo|36/100|[from] item: Leftovers\n|-damage|p2b: Raging Bolt|0 fnt|[from] psn\n|faint|p2b: Raging Bolt\n|-end|p2b: Raging Bolt|Protosynthesis|[silent]\n|-sideend|p2: Pillarmen2|move: Tailwind\n|upkeep\n|\n|t:|1776113669\n|switch|p2b: Zamazenta|Zamazenta-Crowned, L50|100/100\n|-ability|p2b: Zamazenta|Dauntless Shield|boost\n|-boost|p2b: Zamazenta|def|1\n|turn|5\n|inactive|JoeBro8 has 30 seconds left.\n|inactive|JoeBro8 has 20 seconds left.\n|inactive|JoeBro8 has 15 seconds left.\n|inactive|JoeBro8 has 10 seconds left.\n|inactive|JoeBro8 has 5 seconds left.\n|\n|t:|1776113722\n|move|p2a: Calyrex|Astral Barrage|p1b: Tatsugiri|[spread] p1a\n|-miss|p2a: Calyrex|p1b: Tatsugiri\n|-damage|p1a: Dondozo|0 fnt\n|faint|p1a: Dondozo\n|-ability|p2a: Calyrex|Grim Neigh|boost\n|-boost|p2a: Calyrex|spa|1\n|-damage|p2a: Calyrex|91/100|[from] item: Life Orb\n|move|p2b: Zamazenta|Body Press|p1b: Tatsugiri\n|-damage|p1b: Tatsugiri|0 fnt\n|faint|p1b: Tatsugiri\n|\n|upkeep\n|\n|t:|1776113724\n|switch|p1b: Weezing|Weezing-Galar, L50, M|100/100\n|switch|p1a: Calyrex|Calyrex-Shadow, L50|40/100\n|-ability|p1b: Weezing|Neutralizing Gas\n|-ability|p1a: Calyrex|As One\n|-ability|p1a: Calyrex|Unnerve\n|turn|6\n|\n|t:|1776113747\n|-terastallize|p1a: Calyrex|Dark\n|-terastallize|p2a: Calyrex|Dark\n|move|p1a: Calyrex|Astral Barrage|p2b: Zamazenta|[spread] p2a,p2b\n|-resisted|p2a: Calyrex\n|-damage|p2a: Calyrex|57/100\n|-damage|p2b: Zamazenta|49/100\n|-damage|p1a: Calyrex|30/100|[from] item: Life Orb\n|move|p2a: Calyrex|Astral Barrage|p1a: Calyrex|[spread] p1a,p1b\n|-resisted|p1a: Calyrex\n|-damage|p1a: Calyrex|0 fnt\n|-damage|p1b: Weezing|0 fnt\n|faint|p1a: Calyrex\n|faint|p1b: Weezing\n|-end|p1b: Weezing|ability: Neutralizing Gas\n|-damage|p2a: Calyrex|48/100|[from] item: Life Orb\n|\n|win|Pillarmen2\n|raw|JoeBro8's rating: 1464 &rarr; <strong>1444</strong><br />(-20 for losing)\n|raw|Pillarmen2's rating: 1458 &rarr; <strong>1478</strong><br />(+20 for winning)\n|l|\u2606JoeBro8\n|player|p1|\n|l|\u2606Pillarmen2\n|player|p2|\n","uploadtime":1776114009,"views":11,"formatid":"gen9vgc2026regi","rating":1444,"private":0,"password":null}