{"id":"gen9vgc2026regi-2564846097","format":"[Gen 9] VGC 2026 Reg I","players":["Lovely Lilac","Harry Koekenpan"],"log":"|j|\u2606Lovely Lilac\n|j|\u2606Harry Koekenpan\n|t:|1774203430\n|gametype|doubles\n|player|p1|Lovely Lilac|lady|1158\n|player|p2|Harry Koekenpan|101|1115\n|gen|9\n|tier|[Gen 9] VGC 2026 Reg I\n|rated|\n|rule|Species Clause: Limit one of each Pok\u00e9mon\n|rule|Item Clause: Limit 1 of each item\n|clearpoke\n|poke|p1|Groudon, L50|\n|poke|p1|Miraidon, L50|\n|poke|p1|Tropius, L50, F|\n|poke|p1|Farigiraf, L50, F|\n|poke|p1|Flutter Mane, L50|\n|poke|p1|Iron Hands, L50|\n|poke|p2|Dondozo, L50, M|\n|poke|p2|Tatsugiri-Droopy, L50, M|\n|poke|p2|Weezing-Galar, L50, F|\n|poke|p2|Calyrex-Shadow, L50|\n|poke|p2|Miraidon, L50|\n|poke|p2|Iron Hands, L50|\n|teampreview|4\n|inactive|Battle timer is ON: inactive players will automatically lose when time's up. (requested by Harry Koekenpan)\n|inactive|Lovely Lilac has 60 seconds left.\n|inactive|Lovely Lilac has 30 seconds left.\n|inactive|Lovely Lilac has 20 seconds left.\n|inactive|Lovely Lilac has 15 seconds left.\n|\n|t:|1774203509\n|teamsize|p1|4\n|teamsize|p2|4\n|start\n|switch|p1a: Farigiraf|Farigiraf, L50, F, shiny|100/100\n|switch|p1b: Miraidon|Miraidon, L50|100/100\n|switch|p2a: Weezing|Weezing-Galar, L50, F|100/100\n|switch|p2b: Calyrex|Calyrex-Shadow, L50|100/100\n|-ability|p2a: Weezing|Neutralizing Gas\n|-ability|p2b: Calyrex|As One\n|-ability|p2b: Calyrex|Unnerve\n|turn|1\n|inactive|Lovely Lilac has 30 seconds left.\n|inactive|Lovely Lilac has 20 seconds left.\n|\n|t:|1774203545\n|switch|p1b: Iron Hands|Iron Hands, L50, shiny|100/100\n|move|p2b: Calyrex|Astral Barrage|p1a: Farigiraf|[spread] p1b\n|-immune|p1a: Farigiraf\n|-damage|p1b: Iron Hands|57/100\n|-damage|p2b: Calyrex|91/100|[from] item: Life Orb\n|move|p2a: Weezing|Toxic Spikes|p1b: Iron Hands\n|-sidestart|p1: Lovely Lilac|move: Toxic Spikes\n|move|p1a: Farigiraf|Trick Room|p1a: Farigiraf\n|-fieldstart|move: Trick Room|[of] p1a: Farigiraf\n|\n|upkeep\n|turn|2\n|inactive|Lovely Lilac has 30 seconds left.\n|\n|t:|1774203570\n|move|p1a: Farigiraf|Foul Play|p2b: Calyrex\n|-supereffective|p2b: Calyrex\n|-damage|p2b: Calyrex|23/100\n|move|p2a: Weezing|Poison Gas|p1b: Iron Hands|[spread] p1a,p1b\n|-status|p1a: Farigiraf|psn\n|-status|p1b: Iron Hands|psn\n|move|p1b: Iron Hands|Wild Charge|p2a: Weezing\n|-damage|p2a: Weezing|56/100\n|-damage|p1b: Iron Hands|49/100 psn|[from] Recoil\n|move|p2b: Calyrex|Psychic|p1b: Iron Hands\n|-supereffective|p1b: Iron Hands\n|-damage|p1b: Iron Hands|0 fnt\n|faint|p1b: Iron Hands\n|-end|p1b: Iron Hands|Quark Drive|[silent]\n|-ability|p2b: Calyrex|Grim Neigh|boost\n|-boost|p2b: Calyrex|spa|1\n|-damage|p2b: Calyrex|13/100|[from] item: Life Orb\n|\n|-damage|p1a: Farigiraf|88/100 psn|[from] psn\n|upkeep\n|\n|t:|1774203591\n|switch|p1b: Groudon|Groudon, L50|100/100\n|-status|p1b: Groudon|psn\n|turn|3\n|\n|t:|1774203607\n|move|p1a: Farigiraf|Helping Hand|p1b: Groudon\n|-singleturn|p1b: Groudon|Helping Hand|[of] p1a: Farigiraf\n|move|p2a: Weezing|Protect|p2a: Weezing\n|-singleturn|p2a: Weezing|Protect\n|move|p2b: Calyrex|Protect|p2b: Calyrex\n|-singleturn|p2b: Calyrex|Protect\n|move|p1b: Groudon|Precipice Blades|p2a: Weezing|[spread] \n|-activate|p2a: Weezing|move: Protect\n|-activate|p2b: Calyrex|move: Protect\n|\n|-damage|p1a: Farigiraf|76/100 psn|[from] psn\n|-damage|p1b: Groudon|88/100 psn|[from] psn\n|upkeep\n|turn|4\n|inactive|Harry Koekenpan has 30 seconds left.\n|\n|t:|1774203635\n|move|p1a: Farigiraf|Helping Hand|p1b: Groudon\n|-singleturn|p1b: Groudon|Helping Hand|[of] p1a: Farigiraf\n|move|p2a: Weezing|Sludge Bomb|p1b: Groudon\n|-resisted|p1b: Groudon\n|-damage|p1b: Groudon|76/100 psn\n|move|p1b: Groudon|Precipice Blades|p2a: Weezing|[spread] p2b\n|-miss|p1b: Groudon|p2a: Weezing\n|-damage|p2b: Calyrex|0 fnt\n|faint|p2b: Calyrex\n|\n|-damage|p1a: Farigiraf|63/100 psn|[from] psn\n|-damage|p1b: Groudon|64/100 psn|[from] psn\n|upkeep\n|\n|t:|1774203651\n|switch|p2b: Iron Hands|Iron Hands, L50|100/100\n|turn|5\n|\n|t:|1774203676\n|move|p2b: Iron Hands|Fake Out|p1b: Groudon\n|-damage|p1b: Groudon|54/100 psn\n|move|p1a: Farigiraf|Psychic|p2a: Weezing\n|-supereffective|p2a: Weezing\n|-damage|p2a: Weezing|0 fnt\n|faint|p2a: Weezing\n|-end|p2a: Weezing|ability: Neutralizing Gas\n|-weather|SunnyDay|[from] ability: Drought|[of] p1b: Groudon\n|cant|p1b: Groudon|flinch\n|\n|-weather|SunnyDay|[upkeep]\n|-damage|p1a: Farigiraf|51/100 psn|[from] psn\n|-damage|p1b: Groudon|42/100 psn|[from] psn\n|-fieldend|move: Trick Room\n|upkeep\n|\n|t:|1774203691\n|switch|p2a: Miraidon|Miraidon, L50|100/100\n|-fieldstart|move: Electric Terrain|[from] ability: Hadron Engine|[of] p2a: Miraidon\n|-activate|p2b: Iron Hands|ability: Quark Drive\n|-start|p2b: Iron Hands|quarkdriveatk\n|-enditem|p1a: Farigiraf|Electric Seed\n|-boost|p1a: Farigiraf|def|1|[from] item: Electric Seed\n|turn|6\n|inactive|Lovely Lilac has 30 seconds left.\n|inactive|Harry Koekenpan has 30 seconds left.\n|\n|t:|1774203726\n|-terastallize|p2b: Iron Hands|Grass\n|move|p1b: Groudon|Protect|p1b: Groudon\n|-singleturn|p1b: Groudon|Protect\n|move|p2a: Miraidon|Dragon Pulse|p1b: Groudon\n|-activate|p1b: Groudon|move: Protect\n|move|p2b: Iron Hands|Drain Punch|p1a: Farigiraf\n|-damage|p1a: Farigiraf|14/100 psn\n|move|p1a: Farigiraf|Trick Room|p1a: Farigiraf\n|-fieldstart|move: Trick Room|[of] p1a: Farigiraf\n|\n|-weather|SunnyDay|[upkeep]\n|-damage|p1a: Farigiraf|2/100 psn|[from] psn\n|-damage|p1b: Groudon|30/100 psn|[from] psn\n|upkeep\n|turn|7\n|\n|t:|1774203746\n|move|p1a: Farigiraf|Helping Hand|p1b: Groudon\n|-singleturn|p1b: Groudon|Helping Hand|[of] p1a: Farigiraf\n|move|p2b: Iron Hands|Drain Punch|p1b: Groudon\n|-damage|p1b: Groudon|0 fnt\n|faint|p1b: Groudon\n|move|p2a: Miraidon|Dragon Pulse|p1a: Farigiraf\n|-damage|p1a: Farigiraf|0 fnt\n|faint|p1a: Farigiraf\n|\n|-weather|SunnyDay|[upkeep]\n|upkeep\n|-message|Lovely Lilac forfeited.\n|\n|win|Harry Koekenpan\n|raw|Lovely Lilac's rating: 1158 &rarr; <strong>1130</strong><br />(-28 for losing)\n|raw|Harry Koekenpan's rating: 1115 &rarr; <strong>1143</strong><br />(+28 for winning)\n","uploadtime":1774203756,"views":12,"formatid":"gen9vgc2026regi","rating":1130,"private":0,"password":null}