{"id":"gen9vgc2026regi-2519336582","format":"[Gen 9] VGC 2026 Reg I","players":["hanenwang","1zha"],"log":"|j|\u2606hanenwang\n|j|\u26061zha\n|t:|1768496910\n|gametype|doubles\n|player|p1|hanenwang|twins-gen4dp|1432\n|player|p2|1zha|battlegirl-gen4|1315\n|gen|9\n|tier|[Gen 9] VGC 2026 Reg I\n|rated|\n|rule|Species Clause: Limit one of each Pok\u00e9mon\n|rule|Item Clause: Limit 1 of each item\n|clearpoke\n|poke|p1|Calyrex-Ice, L50|\n|poke|p1|Miraidon, L50|\n|poke|p1|Farigiraf, L50, F|\n|poke|p1|Iron Hands, L50|\n|poke|p1|Alcremie-Mint-Cream, L50, F|\n|poke|p1|Rhydon, L50, F|\n|poke|p2|Grimmsnarl, L50, M|\n|poke|p2|Miraidon, L50|\n|poke|p2|Iron Hands, L50|\n|poke|p2|Ditto, L50|\n|poke|p2|Urshifu-*, L50, M|\n|poke|p2|Ho-Oh, L50|\n|teampreview|4\n|j| Rxu\n|\n|t:|1768496925\n|teamsize|p1|4\n|teamsize|p2|4\n|start\n|switch|p1a: Miraidon|Miraidon, L50|100/100\n|switch|p1b: Calyrex|Calyrex-Ice, L50|100/100\n|switch|p2a: Miraidon|Miraidon, L50|100/100\n|switch|p2b: Ditto|Ditto, L50|100/100\n|-ability|p1b: Calyrex|As One\n|-ability|p1b: Calyrex|Unnerve\n|-fieldstart|move: Electric Terrain|[from] ability: Hadron Engine|[of] p2a: Miraidon\n|-transform|p2b: Ditto|p1a: Miraidon|[from] ability: Imposter\n|-activate|p2b: Ditto|ability: Hadron Engine\n|-activate|p1a: Miraidon|ability: Hadron Engine\n|turn|1\n|\n|t:|1768496943\n|-terastallize|p2a: Miraidon|Fairy\n|move|p2b: Ditto|Dazzling Gleam|p1a: Miraidon|[spread] p1a,p1b\n|-supereffective|p1a: Miraidon\n|-damage|p1a: Miraidon|51/100\n|-damage|p1b: Calyrex|82/100\n|move|p2a: Miraidon|Dazzling Gleam|p1a: Miraidon|[spread] p1a,p1b\n|-supereffective|p1a: Miraidon\n|-crit|p1b: Calyrex\n|-damage|p1a: Miraidon|0 fnt\n|-damage|p1b: Calyrex|25/100\n|faint|p1a: Miraidon\n|-damage|p2a: Miraidon|91/100|[from] item: Life Orb\n|move|p1b: Calyrex|Trick Room|p1b: Calyrex\n|-fieldstart|move: Trick Room|[of] p1b: Calyrex\n|\n|upkeep\n|\n|t:|1768496950\n|switch|p1a: Alcremie|Alcremie-Mint-Cream, L50, F|100/100\n|turn|2\n|\n|t:|1768496971\n|switch|p2b: Iron Hands|Iron Hands, L50|100/100\n|-activate|p2b: Iron Hands|ability: Quark Drive\n|-start|p2b: Iron Hands|quarkdriveatk\n|-terastallize|p1b: Calyrex|Fire\n|move|p2a: Miraidon|Protect|p2a: Miraidon\n|-singleturn|p2a: Miraidon|Protect\n|move|p1a: Alcremie|Decorate|p1b: Calyrex\n|-boost|p1b: Calyrex|atk|2\n|-boost|p1b: Calyrex|spa|2\n|move|p1b: Calyrex|Glacial Lance|p2a: Miraidon|[spread] p2b\n|-activate|p2a: Miraidon|move: Protect\n|-damage|p2b: Iron Hands|31/100\n|\n|upkeep\n|turn|3\n|\n|t:|1768496993\n|switch|p1a: Farigiraf|Farigiraf, L50, F|100/100\n|-enditem|p1a: Farigiraf|Electric Seed\n|-boost|p1a: Farigiraf|def|1|[from] item: Electric Seed\n|move|p2b: Iron Hands|Fake Out||[still]\n|cant|p1a: Farigiraf|ability: Armor Tail|Fake Out|[of] p2b: Iron Hands\n|move|p1b: Calyrex|Glacial Lance|p2b: Iron Hands|[spread] p2a,p2b\n|-damage|p2a: Miraidon|0 fnt\n|-damage|p2b: Iron Hands|0 fnt\n|faint|p2a: Miraidon\n|faint|p2b: Iron Hands\n|-end|p2b: Iron Hands|Quark Drive|[silent]\n|-ability|p1b: Calyrex|Chilling Neigh|boost\n|-boost|p1b: Calyrex|atk|2\n|\n|upkeep\n|\n|t:|1768497004\n|switch|p2b: Ho-Oh|Ho-Oh, L50|100/100\n|switch|p2a: Ditto|Ditto, L50|100/100\n|-transform|p2a: Ditto|p1b: Calyrex|[from] ability: Imposter\n|-ability|p2a: Ditto|As One\n|-ability|p2a: Ditto|Unnerve\n|-start|p2a: Ditto|typechange|Psychic/Ice|[silent]\n|turn|4\n|\n|t:|1768497015\n|move|p2b: Ho-Oh|Protect|p2b: Ho-Oh\n|-singleturn|p2b: Ho-Oh|Protect\n|move|p1b: Calyrex|Glacial Lance|p2a: Ditto|[spread] p2a\n|-activate|p2b: Ho-Oh|move: Protect\n|-resisted|p2a: Ditto\n|-damage|p2a: Ditto|31/100\n|move|p1a: Farigiraf|Foul Play|p2a: Ditto\n|-supereffective|p2a: Ditto\n|-damage|p2a: Ditto|0 fnt\n|faint|p2a: Ditto\n|\n|upkeep\n|turn|5\n|-message|1zha forfeited.\n|\n|win|hanenwang\n|raw|hanenwang's rating: 1432 &rarr; <strong>1446</strong><br />(+14 for winning)\n|raw|1zha's rating: 1315 &rarr; <strong>1301</strong><br />(-14 for losing)\n|l|\u26061zha\n|player|p2|\n|l|\u2606hanenwang\n|player|p1|\n|l| Rxu\n","uploadtime":1768497246,"views":14,"formatid":"gen9vgc2026regi","rating":1301,"private":0,"password":null}