{"id":"gen9vgc2026regi-2544889017","format":"[Gen 9] VGC 2026 Reg I","players":["Javike","Schimmli"],"log":"|j|\u2606Javike\n|j|\u2606Schimmli\n|t:|1771775643\n|gametype|doubles\n|player|p1|Javike|crasherwake|1436\n|player|p2|Schimmli|170|1636\n|gen|9\n|tier|[Gen 9] VGC 2026 Reg I\n|rated|\n|rule|Species Clause: Limit one of each Pok\u00e9mon\n|rule|Item Clause: Limit 1 of each item\n|clearpoke\n|poke|p1|Kyogre, L50|\n|poke|p1|Miraidon, L50|\n|poke|p1|Farigiraf, L50, M|\n|poke|p1|Whimsicott, L50, M|\n|poke|p1|Gastrodon, L50, F|\n|poke|p1|Sneasler, L50, F|\n|poke|p2|Terapagos, L50, M|\n|poke|p2|Calyrex-Shadow, L50|\n|poke|p2|Flutter Mane, L50|\n|poke|p2|Ogerpon-Cornerstone, L50, F|\n|poke|p2|Incineroar, L50, F|\n|poke|p2|Rillaboom, L50, F|\n|teampreview|4\n|inactive|Battle timer is ON: inactive players will automatically lose when time's up. (requested by Javike)\n|\n|t:|1771775671\n|teamsize|p1|4\n|teamsize|p2|4\n|start\n|switch|p1a: Miraidon|Miraidon, L50|100/100\n|switch|p1b: Whimsicott|Whimsicott, L50, M|100/100\n|switch|p2a: Terapagos|Terapagos, L50, M|100/100\n|switch|p2b: Rillaboom|Rillaboom, L50, F|100/100\n|-activate|p2a: Terapagos|ability: Tera Shift\n|detailschange|p2a: Terapagos|Terapagos-Terastal, L50, M\n|-heal|p2a: Terapagos|100/100|[silent]\n|-fieldstart|move: Electric Terrain|[from] ability: Hadron Engine|[of] p1a: Miraidon\n|-fieldstart|move: Grassy Terrain|[from] ability: Grassy Surge|[of] p2b: Rillaboom\n|turn|1\n|\n|t:|1771775690\n|switch|p1b: Farigiraf|Farigiraf, L50, M|100/100\n|move|p1a: Miraidon|Electro Drift|p2a: Terapagos\n|-activate|p2a: Terapagos|ability: Tera Shell\n|-resisted|p2a: Terapagos\n|-damage|p2a: Terapagos|69/100\n|move|p2a: Terapagos|Tera Starstorm|p1b: Farigiraf\n|-damage|p1b: Farigiraf|55/100\n|move|p2b: Rillaboom|U-turn|p1b: Farigiraf\n|-supereffective|p1b: Farigiraf\n|-damage|p1b: Farigiraf|12/100\n|\n|t:|1771775704\n|switch|p2b: Incineroar|Incineroar, L50, F, shiny|100/100|[from] U-turn\n|-ability|p2b: Incineroar|Intimidate|boost\n|-unboost|p1a: Miraidon|atk|1\n|-unboost|p1b: Farigiraf|atk|1\n|\n|-heal|p2a: Terapagos|75/100|[from] Grassy Terrain\n|-heal|p2a: Terapagos|82/100|[from] item: Leftovers\n|-heal|p1b: Farigiraf|18/100|[from] Grassy Terrain\n|upkeep\n|turn|2\n|\n|t:|1771775728\n|move|p1a: Miraidon|Electro Drift|p2a: Terapagos\n|-damage|p2a: Terapagos|8/100\n|move|p2a: Terapagos|Calm Mind|p2a: Terapagos\n|-boost|p2a: Terapagos|spa|1\n|-boost|p2a: Terapagos|spd|1\n|move|p2b: Incineroar|Knock Off|p1a: Miraidon\n|-damage|p1a: Miraidon|60/100\n|-enditem|p1a: Miraidon|Choice Specs|[from] move: Knock Off|[of] p2b: Incineroar\n|move|p1b: Farigiraf|Hyper Voice|p2b: Incineroar|[spread] p2a,p2b\n|-damage|p2a: Terapagos|0 fnt\n|-damage|p2b: Incineroar|78/100\n|faint|p2a: Terapagos\n|-enditem|p1b: Farigiraf|Throat Spray\n|-boost|p1b: Farigiraf|spa|1|[from] item: Throat Spray\n|\n|-heal|p1a: Miraidon|66/100|[from] Grassy Terrain\n|-heal|p2b: Incineroar|84/100|[from] Grassy Terrain\n|-heal|p1b: Farigiraf|25/100|[from] Grassy Terrain\n|upkeep\n|\n|t:|1771775744\n|switch|p2a: Calyrex|Calyrex-Shadow, L50|100/100\n|-ability|p2a: Calyrex|As One\n|-ability|p2a: Calyrex|Unnerve\n|turn|3\n|\n|t:|1771775759\n|move|p2a: Calyrex|Astral Barrage|p1b: Farigiraf|[spread] p1a\n|-immune|p1b: Farigiraf\n|-damage|p1a: Miraidon|18/100\n|move|p1a: Miraidon|Dazzling Gleam|p2b: Incineroar|[spread] p2a,p2b\n|-damage|p2a: Calyrex|77/100\n|-damage|p2b: Incineroar|65/100\n|move|p2b: Incineroar|Knock Off|p1b: Farigiraf\n|-supereffective|p1b: Farigiraf\n|-damage|p1b: Farigiraf|0 fnt\n|faint|p1b: Farigiraf\n|\n|-heal|p2a: Calyrex|83/100|[from] Grassy Terrain\n|-heal|p1a: Miraidon|24/100|[from] Grassy Terrain\n|-heal|p2b: Incineroar|71/100|[from] Grassy Terrain\n|upkeep\n|\n|t:|1771775775\n|switch|p1b: Kyogre|Kyogre, L50|100/100\n|-weather|RainDance|[from] ability: Drizzle|[of] p1b: Kyogre\n|turn|4\n|\n|t:|1771775786\n|move|p2a: Calyrex|Protect|p2a: Calyrex\n|-singleturn|p2a: Calyrex|Protect\n|move|p1b: Kyogre|Water Spout|p2b: Incineroar|[spread] p2b\n|-activate|p2a: Calyrex|move: Protect\n|-supereffective|p2b: Incineroar\n|-crit|p2b: Incineroar\n|-damage|p2b: Incineroar|0 fnt\n|faint|p2b: Incineroar\n|move|p1a: Miraidon|Electro Drift|p2a: Calyrex\n|-activate|p2a: Calyrex|move: Protect\n|\n|-weather|RainDance|[upkeep]\n|-heal|p2a: Calyrex|88/100|[from] Grassy Terrain\n|-heal|p1a: Miraidon|31/100|[from] Grassy Terrain\n|upkeep\n|\n|t:|1771775796\n|switch|p2b: Rillaboom|Rillaboom, L50, F|100/100\n|turn|5\n|\n|t:|1771775812\n|-terastallize|p1b: Kyogre|Grass\n|move|p2b: Rillaboom|Fake Out|p1b: Kyogre\n|-damage|p1b: Kyogre|87/100\n|cant|p1b: Kyogre|flinch\n|move|p2a: Calyrex|Astral Barrage|p1a: Miraidon|[spread] p1a,p1b\n|-damage|p1a: Miraidon|0 fnt\n|-damage|p1b: Kyogre|44/100\n|faint|p1a: Miraidon\n|-ability|p2a: Calyrex|Grim Neigh|boost\n|-boost|p2a: Calyrex|spa|1\n|\n|-weather|RainDance|[upkeep]\n|-heal|p1b: Kyogre|50/100|[from] Grassy Terrain\n|-heal|p2a: Calyrex|94/100|[from] Grassy Terrain\n|-fieldend|move: Grassy Terrain\n|upkeep\n|\n|t:|1771775829\n|switch|p1a: Whimsicott|Whimsicott, L50, M|100/100\n|turn|6\n|\n|t:|1771775837\n|-terastallize|p2a: Calyrex|Water\n|move|p1b: Kyogre|Water Spout|p2a: Calyrex|[spread] p2a,p2b\n|-resisted|p2a: Calyrex\n|-resisted|p2b: Rillaboom\n|-damage|p2a: Calyrex|70/100\n|-damage|p2b: Rillaboom|86/100\n|move|p2a: Calyrex|Astral Barrage|p1a: Whimsicott|[spread] p1a,p1b\n|-enditem|p1a: Whimsicott|Focus Sash\n|-damage|p1a: Whimsicott|1/100\n|-damage|p1b: Kyogre|0 fnt\n|faint|p1b: Kyogre\n|-ability|p2a: Calyrex|Grim Neigh|boost\n|-boost|p2a: Calyrex|spa|1\n|move|p1a: Whimsicott|Moonblast|p2a: Calyrex\n|-damage|p2a: Calyrex|32/100\n|move|p2b: Rillaboom|U-turn|p1a: Whimsicott\n|-damage|p1a: Whimsicott|0 fnt\n|faint|p1a: Whimsicott\n|\n|win|Schimmli\n|raw|Javike's rating: 1436 &rarr; <strong>1426</strong><br />(-10 for losing)\n|raw|Schimmli's rating: 1636 &rarr; <strong>1646</strong><br />(+10 for winning)\n|l|\u2606Javike\n|player|p1|\n|l|\u2606Schimmli\n|player|p2|\n","uploadtime":1771776114,"views":12,"formatid":"gen9vgc2026regi","rating":1426,"private":0,"password":null}