{"id":"gen9vgc2026regi-2586250274","format":"[Gen 9] VGC 2026 Reg I","players":["Pigduckeater","phoenix of rage"],"log":"|j|\u2606Pigduckeater\n|j|\u2606phoenix of rage\n|t:|1776417361\n|gametype|doubles\n|player|p1|Pigduckeater|265|1459\n|player|p2|phoenix of rage|benga|1386\n|gen|9\n|tier|[Gen 9] VGC 2026 Reg I\n|rated|\n|rule|Species Clause: Limit one of each Pok\u00e9mon\n|rule|Item Clause: Limit 1 of each item\n|clearpoke\n|poke|p1|Tyranitar, L50, F|\n|poke|p1|Calyrex-Shadow, L50|\n|poke|p1|Urshifu-*, L50, M|\n|poke|p1|Zamazenta-*, L50|\n|poke|p1|Indeedee-F, L50, F|\n|poke|p1|Weezing-Galar, L50, F|\n|poke|p2|Lunala, L50|\n|poke|p2|Indeedee-F, L50, F|\n|poke|p2|Zoroark-Hisui, L50, M|\n|poke|p2|Zacian-*, L50|\n|poke|p2|Chi-Yu, L50|\n|poke|p2|Moltres-Galar, L50|\n|teampreview|4\n|inactive|Battle timer is ON: inactive players will automatically lose when time's up. (requested by phoenix of rage)\n|inactive|Pigduckeater has 60 seconds left.\n|inactive|phoenix of rage has 60 seconds left.\n|inactive|Pigduckeater has 30 seconds left.\n|\n|t:|1776417428\n|teamsize|p1|4\n|teamsize|p2|4\n|start\n|switch|p1a: Tyranitar|Tyranitar, L50, F|100/100\n|switch|p1b: Indeedee|Indeedee-F, L50, F|100/100\n|switch|p2a: Chi-Yu|Chi-Yu, L50|100/100\n|switch|p2b: Lunala|Lunala, L50|100/100\n|-ability|p2a: Chi-Yu|Beads of Ruin\n|-weather|Sandstorm|[from] ability: Sand Stream|[of] p1a: Tyranitar\n|-fieldstart|move: Psychic Terrain|[from] ability: Psychic Surge|[of] p1b: Indeedee\n|-enditem|p1b: Indeedee|Psychic Seed\n|-boost|p1b: Indeedee|spd|1|[from] item: Psychic Seed\n|turn|1\n|inactive|phoenix of rage has 30 seconds left.\n|inactive|phoenix of rage has 20 seconds left.\n|inactive|phoenix of rage has 15 seconds left.\n|\n|t:|1776417468\n|switch|p2b: Zacian|Zacian-Crowned, L50|100/100\n|-ability|p2b: Zacian|Intrepid Sword|boost\n|-boost|p2b: Zacian|atk|1\n|move|p1b: Indeedee|Follow Me|p1b: Indeedee\n|-singleturn|p1b: Indeedee|move: Follow Me\n|move|p2a: Chi-Yu|Dark Pulse|p1b: Indeedee\n|-supereffective|p1b: Indeedee\n|-damage|p1b: Indeedee|23/100\n|move|p1a: Tyranitar|Thunder Wave|p2b: Zacian\n|-status|p2b: Zacian|par\n|\n|-weather|Sandstorm|[upkeep]\n|-damage|p2a: Chi-Yu|94/100|[from] Sandstorm\n|-damage|p1b: Indeedee|16/100|[from] Sandstorm\n|upkeep\n|turn|2\n|\n|t:|1776417489\n|move|p1b: Indeedee|Follow Me|p1b: Indeedee\n|-singleturn|p1b: Indeedee|move: Follow Me\n|move|p2a: Chi-Yu|Dark Pulse|p1b: Indeedee\n|-supereffective|p1b: Indeedee\n|-damage|p1b: Indeedee|0 fnt\n|faint|p1b: Indeedee\n|move|p1a: Tyranitar|Rock Slide|p2b: Zacian|[spread] p2a,p2b\n|-supereffective|p2a: Chi-Yu\n|-resisted|p2b: Zacian\n|-damage|p2a: Chi-Yu|12/100\n|-damage|p2b: Zacian|91/100 par\n|cant|p2b: Zacian|flinch\n|\n|-weather|Sandstorm|[upkeep]\n|-damage|p2a: Chi-Yu|6/100|[from] Sandstorm\n|upkeep\n|\n|t:|1776417500\n|switch|p1b: Zamazenta|Zamazenta-Crowned, L50|100/100\n|-ability|p1b: Zamazenta|Dauntless Shield|boost\n|-boost|p1b: Zamazenta|def|1\n|turn|3\n|\n|t:|1776417516\n|move|p2a: Chi-Yu|Dark Pulse|p1b: Zamazenta\n|-resisted|p1b: Zamazenta\n|-damage|p1b: Zamazenta|77/100\n|move|p1b: Zamazenta|Imprison|p1b: Zamazenta\n|-start|p1b: Zamazenta|move: Imprison\n|move|p1a: Tyranitar|Thunder Wave|p2a: Chi-Yu\n|-status|p2a: Chi-Yu|par\n|cant|p2b: Zacian|par\n|\n|-weather|Sandstorm|[upkeep]\n|-damage|p2a: Chi-Yu|0 fnt|[from] Sandstorm\n|faint|p2a: Chi-Yu\n|upkeep\n|inactive|phoenix of rage has 30 seconds left.\n|inactive|phoenix of rage has 20 seconds left.\n|inactive|phoenix of rage has 15 seconds left.\n|\n|t:|1776417557\n|switch|p2a: Lunala|Lunala, L50|100/100\n|turn|4\n|\n|t:|1776417574\n|move|p1b: Zamazenta|Body Press|p2b: Zacian\n|-damage|p2b: Zacian|35/100 par\n|move|p2a: Lunala|Burning Jealousy|p1b: Zamazenta|[spread] p1a,p1b\n|-resisted|p1a: Tyranitar\n|-supereffective|p1b: Zamazenta\n|-damage|p1a: Tyranitar|96/100\n|-damage|p1b: Zamazenta|50/100\n|move|p1a: Tyranitar|Rock Slide|p2b: Zacian|[spread] p2a,p2b\n|-resisted|p2b: Zacian\n|-damage|p2a: Lunala|46/100\n|-damage|p2b: Zacian|24/100 par\n|replace|p2a: Zoroark|Zoroark-Hisui, L50, M\n|-end|p2a: Zoroark|Illusion\n|move|p2b: Zacian|Behemoth Blade|p1a: Tyranitar\n|-supereffective|p1a: Tyranitar\n|-damage|p1a: Tyranitar|0 fnt\n|faint|p1a: Tyranitar\n|\n|-weather|Sandstorm|[upkeep]\n|-damage|p2a: Zoroark|39/100|[from] Sandstorm\n|upkeep\n|\n|t:|1776417590\n|switch|p1a: Calyrex|Calyrex-Shadow, L50|100/100\n|-ability|p1a: Calyrex|As One\n|-ability|p1a: Calyrex|Unnerve\n|turn|5\n|inactive|phoenix of rage has 30 seconds left.\n|inactive|Pigduckeater has 30 seconds left.\n|inactive|phoenix of rage has 20 seconds left.\n|inactive|Pigduckeater has 20 seconds left.\n|inactive|phoenix of rage has 15 seconds left.\n|inactive|phoenix of rage has 10 seconds left.\n|\n|t:|1776417639\n|-terastallize|p1a: Calyrex|Stellar\n|move|p1a: Calyrex|Tera Blast|p2a: Zoroark|[anim] Tera Blast Stellar\n|-damage|p2a: Zoroark|0 fnt\n|-unboost|p1a: Calyrex|atk|1\n|-unboost|p1a: Calyrex|spa|1\n|faint|p2a: Zoroark\n|-ability|p1a: Calyrex|Grim Neigh|boost\n|-boost|p1a: Calyrex|spa|1\n|-damage|p1a: Calyrex|91/100|[from] item: Life Orb\n|move|p1b: Zamazenta|Body Press|p2b: Zacian\n|-damage|p2b: Zacian|0 fnt\n|faint|p2b: Zacian\n|\n|-weather|none\n|-fieldend|move: Psychic Terrain\n|upkeep\n|\n|t:|1776417652\n|switch|p2b: Lunala|Lunala, L50|100/100\n|turn|6\n|inactive|phoenix of rage has 30 seconds left.\n|\n|t:|1776417686\n|-terastallize|p2b: Lunala|Fairy\n|move|p1a: Calyrex|Substitute|p1a: Calyrex\n|-start|p1a: Calyrex|Substitute\n|-damage|p1a: Calyrex|66/100\n|move|p1b: Zamazenta|Body Press|p2b: Lunala\n|-resisted|p2b: Lunala\n|-damage|p2b: Lunala|88/100\n|move|p2b: Lunala|Moongeist Beam|p1b: Zamazenta\n|-damage|p1b: Zamazenta|7/100\n|\n|upkeep\n|turn|7\n|inactive|phoenix of rage has 30 seconds left.\n|\n|t:|1776417711\n|move|p1a: Calyrex|Tera Blast|p2b: Lunala|[anim] Tera Blast Stellar\n|-supereffective|p2b: Lunala\n|-damage|p2b: Lunala|20/100\n|-unboost|p1a: Calyrex|atk|1\n|-unboost|p1a: Calyrex|spa|1\n|-damage|p1a: Calyrex|56/100|[from] item: Life Orb\n|move|p1b: Zamazenta|Body Press|p2b: Lunala\n|-resisted|p2b: Lunala\n|-damage|p2b: Lunala|0 fnt\n|faint|p2b: Lunala\n|\n|win|Pigduckeater\n|raw|Pigduckeater's rating: 1459 &rarr; <strong>1475</strong><br />(+16 for winning)\n|raw|phoenix of rage's rating: 1386 &rarr; <strong>1370</strong><br />(-16 for losing)\n","uploadtime":1776417719,"views":14,"formatid":"gen9vgc2026regi","rating":1370,"private":0,"password":null}