{"id":"gen9vgc2026regi-2542681648","format":"[Gen 9] VGC 2026 Reg I","players":["kelii","kojimuranishi"],"log":"|j|\u2606kelii\n|j|\u2606kojimuranishi\n|t:|1771478447\n|gametype|doubles\n|player|p1|kelii|dawn|1431\n|player|p2|kojimuranishi|102|1537\n|gen|9\n|tier|[Gen 9] VGC 2026 Reg I\n|rated|\n|rule|Species Clause: Limit one of each Pok\u00e9mon\n|rule|Item Clause: Limit 1 of each item\n|clearpoke\n|poke|p1|Incineroar, L50, F|\n|poke|p1|Rillaboom, L50, F|\n|poke|p1|Calyrex-Shadow, L50|\n|poke|p1|Koraidon, L50|\n|poke|p1|Flutter Mane, L50|\n|poke|p1|Ogerpon-Hearthflame, L50, F|\n|poke|p2|Flutter Mane, L50|\n|poke|p2|Koraidon, L50|\n|poke|p2|Chi-Yu, L50|\n|poke|p2|Lunala, L50|\n|poke|p2|Ursaluna, L50, M|\n|poke|p2|Brute Bonnet, L50|\n|teampreview|4\n|inactive|Battle timer is ON: inactive players will automatically lose when time's up. (requested by kelii)\n|\n|t:|1771478478\n|teamsize|p1|4\n|teamsize|p2|4\n|start\n|switch|p1a: Incineroar|Incineroar, L50, F, shiny|100/100\n|switch|p1b: Koraidon|Koraidon, L50, shiny|100/100\n|switch|p2a: Lunala|Lunala, L50|100/100\n|switch|p2b: Brute Bonnet|Brute Bonnet, L50|100/100\n|-weather|SunnyDay|[from] ability: Orichalcum Pulse|[of] p1b: Koraidon\n|-activate|p2b: Brute Bonnet|ability: Protosynthesis\n|-start|p2b: Brute Bonnet|protosynthesisatk\n|-activate|p1b: Koraidon|Orichalcum Pulse|[source]\n|-ability|p1a: Incineroar|Intimidate|boost\n|-unboost|p2a: Lunala|atk|1\n|-unboost|p2b: Brute Bonnet|atk|1\n|turn|1\n|inactive|kelii has 30 seconds left.\n|inactive|kojimuranishi has 30 seconds left.\n|inactive|kojimuranishi has 20 seconds left.\n|inactive|kojimuranishi has 15 seconds left.\n|inactive|kojimuranishi has 10 seconds left.\n|\n|t:|1771478525\n|-terastallize|p2b: Brute Bonnet|Water\n|move|p2b: Brute Bonnet|Rage Powder|p2b: Brute Bonnet\n|-singleturn|p2b: Brute Bonnet|move: Rage Powder\n|move|p1b: Koraidon|Collision Course|p2b: Brute Bonnet\n|-damage|p2b: Brute Bonnet|51/100\n|move|p1a: Incineroar|Knock Off|p2a: Lunala\n|-supereffective|p2a: Lunala\n|-damage|p2a: Lunala|41/100\n|-enditem|p2a: Lunala|Power Herb|[from] move: Knock Off|[of] p1a: Incineroar\n|move|p2a: Lunala|Trick Room|p2a: Lunala\n|-fieldstart|move: Trick Room|[of] p2a: Lunala\n|\n|-weather|SunnyDay|[upkeep]\n|upkeep\n|turn|2\n|inactive|kelii has 30 seconds left.\n|inactive|kelii has 20 seconds left.\n|inactive|kelii has 15 seconds left.\n|inactive|kelii has 10 seconds left.\n|inactive|kelii has 5 seconds left.\n|\n|t:|1771478576\n|switch|p1a: Rillaboom|Rillaboom, L50, F, shiny|100/100\n|-fieldstart|move: Grassy Terrain|[from] ability: Grassy Surge|[of] p1a: Rillaboom\n|switch|p2a: Ursaluna|Ursaluna, L50, M|100/100\n|move|p1b: Koraidon|Protect|p1b: Koraidon\n|-singleturn|p1b: Koraidon|Protect\n|move|p2b: Brute Bonnet|Spore|p1b: Koraidon\n|-activate|p1b: Koraidon|move: Protect\n|\n|-weather|SunnyDay|[upkeep]\n|-heal|p2b: Brute Bonnet|57/100|[from] Grassy Terrain\n|-status|p2a: Ursaluna|brn|[from] item: Flame Orb\n|upkeep\n|turn|3\n|inactive|kelii has 30 seconds left.\n|inactive|kojimuranishi has 30 seconds left.\n|inactive|kojimuranishi has 20 seconds left.\n|inactive|kojimuranishi has 15 seconds left.\n|\n|t:|1771478619\n|move|p1a: Rillaboom|Fake Out|p2b: Brute Bonnet\n|-damage|p2b: Brute Bonnet|47/100\n|-enditem|p2b: Brute Bonnet|Sitrus Berry|[eat]\n|-heal|p2b: Brute Bonnet|72/100|[from] item: Sitrus Berry\n|move|p2a: Ursaluna|Facade|p1a: Rillaboom\n|-damage|p1a: Rillaboom|0 fnt\n|faint|p1a: Rillaboom\n|cant|p2b: Brute Bonnet|flinch\n|move|p1b: Koraidon|Collision Course|p2a: Ursaluna\n|-supereffective|p2a: Ursaluna\n|-damage|p2a: Ursaluna|0 fnt\n|faint|p2a: Ursaluna\n|\n|-weather|SunnyDay|[upkeep]\n|-heal|p2b: Brute Bonnet|78/100|[from] Grassy Terrain\n|upkeep\n|\n|t:|1771478639\n|switch|p2a: Lunala|Lunala, L50|41/100\n|switch|p1a: Incineroar|Incineroar, L50, F, shiny|100/100\n|-ability|p1a: Incineroar|Intimidate|boost\n|-unboost|p2a: Lunala|atk|1\n|-unboost|p2b: Brute Bonnet|atk|1\n|turn|4\n|\n|t:|1771478654\n|move|p1a: Incineroar|Fake Out|p2b: Brute Bonnet\n|-damage|p2b: Brute Bonnet|70/100\n|cant|p2b: Brute Bonnet|flinch\n|move|p2a: Lunala|Moongeist Beam|p1b: Koraidon\n|-damage|p1b: Koraidon|54/100\n|move|p1b: Koraidon|Flare Blitz|p2a: Lunala\n|-damage|p2a: Lunala|0 fnt\n|faint|p2a: Lunala\n|-damage|p1b: Koraidon|38/100|[from] Recoil\n|\n|-weather|SunnyDay|[upkeep]\n|-heal|p2b: Brute Bonnet|76/100|[from] Grassy Terrain\n|-heal|p1b: Koraidon|44/100|[from] Grassy Terrain\n|upkeep\n|\n|t:|1771478671\n|switch|p2a: Chi-Yu|Chi-Yu, L50|100/100\n|-ability|p2a: Chi-Yu|Beads of Ruin\n|turn|5\n|inactive|kelii has 30 seconds left.\n|\n|t:|1771478699\n|move|p1b: Koraidon|Protect|p1b: Koraidon\n|-singleturn|p1b: Koraidon|Protect\n|move|p2b: Brute Bonnet|Rage Powder|p2b: Brute Bonnet\n|-singleturn|p2b: Brute Bonnet|move: Rage Powder\n|move|p1a: Incineroar|Parting Shot|p2a: Chi-Yu\n|-unboost|p2a: Chi-Yu|atk|1\n|-unboost|p2a: Chi-Yu|spa|1\n|\n|t:|1771478711\n|switch|p1a: Calyrex|Calyrex-Shadow, L50|100/100|[from] Parting Shot\n|-ability|p1a: Calyrex|As One\n|-ability|p1a: Calyrex|Unnerve\n|move|p2a: Chi-Yu|Heat Wave|p1b: Koraidon|[spread] p1a\n|-activate|p1b: Koraidon|move: Protect\n|-damage|p1a: Calyrex|48/100\n|\n|-weather|none\n|-end|p2b: Brute Bonnet|Protosynthesis\n|-heal|p2b: Brute Bonnet|82/100|[from] Grassy Terrain\n|-heal|p1b: Koraidon|50/100|[from] Grassy Terrain\n|-heal|p1a: Calyrex|53/100|[from] Grassy Terrain\n|-fieldend|move: Trick Room\n|upkeep\n|turn|6\n|inactive|kelii has 30 seconds left.\n|\n|t:|1771478739\n|-terastallize|p1a: Calyrex|Dark\n|move|p2b: Brute Bonnet|Sucker Punch|p1a: Calyrex\n|-resisted|p1a: Calyrex\n|-damage|p1a: Calyrex|45/100\n|move|p2a: Chi-Yu|Heat Wave|p1a: Calyrex|[spread] p1a,p1b\n|-resisted|p1b: Koraidon\n|-damage|p1a: Calyrex|12/100\n|-damage|p1b: Koraidon|35/100\n|move|p1a: Calyrex|Astral Barrage|p2b: Brute Bonnet|[spread] p2a,p2b\n|-resisted|p2a: Chi-Yu\n|-damage|p2a: Chi-Yu|56/100\n|-damage|p2b: Brute Bonnet|8/100\n|-damage|p1a: Calyrex|2/100|[from] item: Life Orb\n|move|p1b: Koraidon|Collision Course|p2a: Chi-Yu\n|-supereffective|p2a: Chi-Yu\n|-damage|p2a: Chi-Yu|0 fnt\n|faint|p2a: Chi-Yu\n|\n|-heal|p1a: Calyrex|8/100|[from] Grassy Terrain\n|-heal|p1b: Koraidon|41/100|[from] Grassy Terrain\n|-heal|p2b: Brute Bonnet|14/100|[from] Grassy Terrain\n|-fieldend|move: Grassy Terrain\n|upkeep\n|turn|7\n|-message|kojimuranishi forfeited.\n|\n|win|kelii\n|raw|kelii's rating: 1431 &rarr; <strong>1457</strong><br />(+26 for winning)\n|raw|kojimuranishi's rating: 1537 &rarr; <strong>1511</strong><br />(-26 for losing)\n|l|\u2606kojimuranishi\n|player|p2|\n","uploadtime":1771479030,"views":22,"formatid":"gen9vgc2026regi","rating":1457,"private":0,"password":null}