{"id":"gen9vgc2026regi-2560144469","format":"[Gen 9] VGC 2026 Reg I","players":["huanyu0.0","ZYJHENGREG"],"log":"|j|\u2606huanyu0.0\n|j|\u2606ZYJHENGREG\n|t:|1773658505\n|gametype|doubles\n|player|p1|huanyu0.0|1|1471\n|player|p2|ZYJHENGREG|101|1553\n|gen|9\n|tier|[Gen 9] VGC 2026 Reg I\n|rated|\n|rule|Species Clause: Limit one of each Pok\u00e9mon\n|rule|Item Clause: Limit 1 of each item\n|clearpoke\n|poke|p1|Koraidon, L50|\n|poke|p1|Flutter Mane, L50|\n|poke|p1|Incineroar, L50, F|\n|poke|p1|Lunala, L50|\n|poke|p1|Ursaluna, L50, F|\n|poke|p1|Brute Bonnet, L50|\n|poke|p2|Miraidon, L50|\n|poke|p2|Zamazenta-*, L50|\n|poke|p2|Rillaboom, L50, M|\n|poke|p2|Chien-Pao, L50|\n|poke|p2|Grimmsnarl, L50, M|\n|poke|p2|Volcarona, L50, F|\n|teampreview|4\n|inactive|Battle timer is ON: inactive players will automatically lose when time's up. (requested by ZYJHENGREG)\n|inactive|huanyu0.0 has 60 seconds left.\n|inactive|ZYJHENGREG has 60 seconds left.\n|\n|t:|1773658552\n|teamsize|p1|4\n|teamsize|p2|4\n|start\n|switch|p1a: Lunala|Lunala, L50|100/100\n|switch|p1b: Incineroar|Incineroar, L50, F|100/100\n|switch|p2a: Volcarona|Volcarona, L50, F|100/100\n|switch|p2b: Miraidon|Miraidon, L50|100/100\n|-fieldstart|move: Electric Terrain|[from] ability: Hadron Engine|[of] p2b: Miraidon\n|-enditem|p2a: Volcarona|Electric Seed\n|-boost|p2a: Volcarona|def|1|[from] item: Electric Seed\n|-ability|p1b: Incineroar|Intimidate|boost\n|-unboost|p2a: Volcarona|atk|1\n|-unboost|p2b: Miraidon|atk|1\n|turn|1\n|inactive|ZYJHENGREG has 30 seconds left.\n|inactive|ZYJHENGREG has 20 seconds left.\n|inactive|ZYJHENGREG has 15 seconds left.\n|\n|t:|1773658593\n|switch|p2b: Zamazenta|Zamazenta-Crowned, L50|100/100\n|-ability|p2b: Zamazenta|Dauntless Shield|boost\n|-boost|p2b: Zamazenta|def|1\n|-terastallize|p1a: Lunala|Fairy\n|move|p2a: Volcarona|Fiery Dance|p1a: Lunala\n|-damage|p1a: Lunala|88/100\n|-boost|p2a: Volcarona|spa|1\n|move|p1b: Incineroar|Parting Shot|p2a: Volcarona\n|-unboost|p2a: Volcarona|atk|1\n|-unboost|p2a: Volcarona|spa|1\n|\n|t:|1773658606\n|switch|p1b: Ursaluna|Ursaluna, L50, F|100/100|[from] Parting Shot\n|move|p1a: Lunala|Trick Room|p1a: Lunala\n|-fieldstart|move: Trick Room|[of] p1a: Lunala\n|\n|-status|p1b: Ursaluna|brn|[from] item: Flame Orb\n|upkeep\n|turn|2\n|\n|t:|1773658621\n|move|p2a: Volcarona|Rage Powder|p2a: Volcarona\n|-singleturn|p2a: Volcarona|move: Rage Powder\n|move|p1b: Ursaluna|Headlong Rush|p2a: Volcarona\n|-damage|p2a: Volcarona|15/100\n|-unboost|p1b: Ursaluna|def|1\n|-unboost|p1b: Ursaluna|spd|1\n|move|p1a: Lunala|Moongeist Beam|p2a: Volcarona\n|-damage|p2a: Volcarona|0 fnt\n|faint|p2a: Volcarona\n|move|p2b: Zamazenta|Body Press|p1b: Ursaluna\n|-supereffective|p1b: Ursaluna\n|-damage|p1b: Ursaluna|0 fnt\n|faint|p1b: Ursaluna\n|\n|upkeep\n|\n|t:|1773658637\n|switch|p1b: Incineroar|Incineroar, L50, F|100/100\n|switch|p2a: Chien-Pao|Chien-Pao, L50|100/100\n|-ability|p1b: Incineroar|Intimidate|boost\n|-unboost|p2a: Chien-Pao|atk|1\n|-unboost|p2b: Zamazenta|atk|1\n|-ability|p2a: Chien-Pao|Sword of Ruin\n|turn|3\n|inactive|huanyu0.0 has 30 seconds left.\n|\n|t:|1773658665\n|move|p2b: Zamazenta|Protect|p2b: Zamazenta\n|-singleturn|p2b: Zamazenta|Protect\n|move|p2a: Chien-Pao|Protect|p2a: Chien-Pao\n|-singleturn|p2a: Chien-Pao|Protect\n|move|p1b: Incineroar|Fake Out|p2b: Zamazenta\n|-activate|p2b: Zamazenta|move: Protect\n|move|p1a: Lunala|Moonblast|p2a: Chien-Pao\n|-activate|p2a: Chien-Pao|move: Protect\n|\n|upkeep\n|turn|4\n|inactive|ZYJHENGREG has 30 seconds left.\n|inactive|ZYJHENGREG has 20 seconds left.\n|inactive|ZYJHENGREG has 15 seconds left.\n|inactive|ZYJHENGREG has 10 seconds left.\n|inactive|ZYJHENGREG has 5 seconds left.\n|\n|t:|1773658720\n|move|p2a: Chien-Pao|Sucker Punch|p1a: Lunala\n|-resisted|p1a: Lunala\n|-damage|p1a: Lunala|75/100\n|move|p1b: Incineroar|Parting Shot|p2b: Zamazenta\n|-unboost|p2b: Zamazenta|atk|1\n|-unboost|p2b: Zamazenta|spa|1\n|\n|t:|1773658726\n|switch|p1b: Flutter Mane|Flutter Mane, L50|100/100|[from] Parting Shot\n|move|p1a: Lunala|Moonblast|p2a: Chien-Pao\n|-supereffective|p2a: Chien-Pao\n|-enditem|p2a: Chien-Pao|Focus Sash\n|-damage|p2a: Chien-Pao|1/100\n|move|p2b: Zamazenta|Body Press|p1b: Flutter Mane\n|-immune|p1b: Flutter Mane\n|\n|upkeep\n|turn|5\n|inactive|huanyu0.0 has 30 seconds left.\n|inactive|huanyu0.0 has 20 seconds left.\n|\n|t:|1773658762\n|-end|p1b: Flutter Mane|Protosynthesis|[silent]\n|switch|p1b: Incineroar|Incineroar, L50, F|100/100\n|-ability|p1b: Incineroar|Intimidate|boost\n|-unboost|p2a: Chien-Pao|atk|1\n|-unboost|p2b: Zamazenta|atk|1\n|move|p1a: Lunala|Moongeist Beam|p2b: Zamazenta\n|-damage|p2b: Zamazenta|64/100\n|move|p2b: Zamazenta|Body Press|p1b: Incineroar\n|-supereffective|p1b: Incineroar\n|-damage|p1b: Incineroar|0 fnt\n|-damage|p2b: Zamazenta|48/100|[from] item: Rocky Helmet|[of] p1b: Incineroar\n|faint|p1b: Incineroar\n|move|p2a: Chien-Pao|Icy Wind|p1a: Lunala\n|-damage|p1a: Lunala|64/100\n|\n|-fieldend|move: Trick Room\n|-fieldend|move: Electric Terrain\n|upkeep\n|\n|t:|1773658780\n|switch|p1b: Flutter Mane|Flutter Mane, L50|100/100\n|turn|6\n|\n|t:|1773658798\n|move|p2a: Chien-Pao|Protect|p2a: Chien-Pao\n|-singleturn|p2a: Chien-Pao|Protect\n|move|p1b: Flutter Mane|Moonblast|p2b: Zamazenta\n|-damage|p2b: Zamazenta|18/100\n|move|p2b: Zamazenta|Heavy Slam|p1b: Flutter Mane\n|-supereffective|p1b: Flutter Mane\n|-enditem|p1b: Flutter Mane|Focus Sash\n|-damage|p1b: Flutter Mane|1/100\n|move|p1a: Lunala|Trick Room|p1a: Lunala\n|-fieldstart|move: Trick Room|[of] p1a: Lunala\n|\n|upkeep\n|turn|7\n|j| Janusch147\n|inactive|huanyu0.0 has 30 seconds left.\n|\n|t:|1773658829\n|switch|p2b: Miraidon|Miraidon, L50|100/100\n|-fieldstart|move: Electric Terrain|[from] ability: Hadron Engine|[of] p2b: Miraidon\n|move|p2a: Chien-Pao|Sucker Punch|p1b: Flutter Mane\n|-damage|p1b: Flutter Mane|0 fnt\n|faint|p1b: Flutter Mane\n|-end|p1b: Flutter Mane|Protosynthesis|[silent]\n|move|p1a: Lunala|Moongeist Beam|p2b: Miraidon\n|-damage|p2b: Miraidon|56/100\n|\n|upkeep\n|turn|8\n|inactive|huanyu0.0 has 30 seconds left.\n|\n|t:|1773658857\n|switch|p2a: Zamazenta|Zamazenta-Crowned, L50|18/100\n|move|p2b: Miraidon|Protect|p2b: Miraidon\n|-singleturn|p2b: Miraidon|Protect\n|move|p1a: Lunala|Moonblast|p2a: Zamazenta\n|-damage|p2a: Zamazenta|0 fnt\n|faint|p2a: Zamazenta\n|\n|upkeep\n|\n|t:|1773658861\n|switch|p2a: Chien-Pao|Chien-Pao, L50|1/100\n|-ability|p2a: Chien-Pao|Sword of Ruin\n|turn|9\n|\n|t:|1773658866\n|-terastallize|p2b: Miraidon|Electric\n|move|p1a: Lunala|Moonblast|p2b: Miraidon\n|-damage|p2b: Miraidon|12/100\n|move|p2b: Miraidon|Electro Drift|p1a: Lunala\n|-crit|p1a: Lunala\n|-damage|p1a: Lunala|0 fnt\n|faint|p1a: Lunala\n|-damage|p2b: Miraidon|2/100|[from] item: Life Orb\n|\n|win|ZYJHENGREG\n|raw|huanyu0.0's rating: 1471 &rarr; <strong>1456</strong><br />(-15 for losing)\n|raw|ZYJHENGREG's rating: 1553 &rarr; <strong>1568</strong><br />(+15 for winning)\n|l|\u2606ZYJHENGREG\n|player|p2|\n|l| Janusch147\n|l|\u2606huanyu0.0\n|player|p1|\n","uploadtime":1773659010,"views":13,"formatid":"gen9vgc2026regi","rating":1456,"private":0,"password":null}