{"id":"gen9vgc2026regi-2576749994","format":"[Gen 9] VGC 2026 Reg I","players":["turkeybacon1426","kyoshi4"],"log":"|j|\u2606turkeybacon1426\n|j|\u2606kyoshi4\n|t:|1775502688\n|gametype|doubles\n|player|p1|turkeybacon1426|miku-ground|1289\n|player|p2|kyoshi4|cynthia-gen4|1255\n|gen|9\n|tier|[Gen 9] VGC 2026 Reg I\n|rated|\n|rule|Species Clause: Limit one of each Pok\u00e9mon\n|rule|Item Clause: Limit 1 of each item\n|clearpoke\n|poke|p1|Whimsicott, L50, F|\n|poke|p1|Calyrex-Shadow, L50|\n|poke|p1|Iron Hands, L50|\n|poke|p1|Miraidon, L50|\n|poke|p1|Urshifu-*, L50, M|\n|poke|p1|Tornadus, L50, M|\n|poke|p2|Chien-Pao, L50|\n|poke|p2|Kyogre, L50|\n|poke|p2|Roaring Moon, L50|\n|poke|p2|Zamazenta-*, L50|\n|poke|p2|Amoonguss, L50, M|\n|poke|p2|Urshifu-*, L50, F|\n|teampreview|4\n|inactive|Battle timer is ON: inactive players will automatically lose when time's up. (requested by kyoshi4)\n|\n|t:|1775502717\n|teamsize|p1|4\n|teamsize|p2|4\n|start\n|switch|p1a: Tornadus|Tornadus, L50, M|100/100\n|switch|p1b: Miraidon|Miraidon, L50|100/100\n|switch|p2a: Chien-Pao|Chien-Pao, L50|100/100\n|switch|p2b: Roaring Moon|Roaring Moon, L50|100/100\n|-ability|p2a: Chien-Pao|Sword of Ruin\n|-fieldstart|move: Electric Terrain|[from] ability: Hadron Engine|[of] p1b: Miraidon\n|-enditem|p2b: Roaring Moon|Booster Energy\n|-activate|p2b: Roaring Moon|ability: Protosynthesis|[fromitem]\n|-start|p2b: Roaring Moon|protosynthesisspe\n|turn|1\n|\n|t:|1775502741\n|-terastallize|p1b: Miraidon|Fairy\n|move|p2b: Roaring Moon|Protect|p2b: Roaring Moon\n|-singleturn|p2b: Roaring Moon|Protect\n|move|p1a: Tornadus|Tailwind|p1a: Tornadus\n|-sidestart|p1: turkeybacon1426|move: Tailwind\n|move|p1b: Miraidon|Dazzling Gleam|p2b: Roaring Moon|[spread] p2a\n|-activate|p2b: Roaring Moon|move: Protect\n|-supereffective|p2a: Chien-Pao\n|-crit|p2a: Chien-Pao\n|-enditem|p2a: Chien-Pao|Focus Sash\n|-damage|p2a: Chien-Pao|1/100\n|move|p2a: Chien-Pao|Ice Spinner|p1b: Miraidon\n|-damage|p1b: Miraidon|49/100\n|-fieldend|move: Electric Terrain\n|\n|upkeep\n|turn|2\n|\n|t:|1775502764\n|-terastallize|p2b: Roaring Moon|Flying\n|move|p2a: Chien-Pao|Protect|p2a: Chien-Pao\n|-singleturn|p2a: Chien-Pao|Protect\n|move|p1a: Tornadus|Taunt|p2b: Roaring Moon\n|-start|p2b: Roaring Moon|move: Taunt\n|move|p1b: Miraidon|Dazzling Gleam|p2b: Roaring Moon|[spread] p2b\n|-activate|p2a: Chien-Pao|move: Protect\n|-damage|p2b: Roaring Moon|58/100\n|cant|p2b: Roaring Moon|move: Taunt|Tailwind\n|\n|upkeep\n|turn|3\n|\n|t:|1775502789\n|move|p2a: Chien-Pao|Sucker Punch|p1b: Miraidon\n|-resisted|p1b: Miraidon\n|-damage|p1b: Miraidon|25/100\n|move|p1b: Miraidon|Dazzling Gleam|p2a: Chien-Pao|[spread] p2a,p2b\n|-supereffective|p2a: Chien-Pao\n|-damage|p2a: Chien-Pao|0 fnt\n|-damage|p2b: Roaring Moon|15/100\n|faint|p2a: Chien-Pao\n|move|p2b: Roaring Moon|Acrobatics|p1b: Miraidon\n|-damage|p1b: Miraidon|0 fnt\n|faint|p1b: Miraidon\n|move|p1a: Tornadus|Bleakwind Storm|p2b: Roaring Moon\n|-damage|p2b: Roaring Moon|0 fnt\n|faint|p2b: Roaring Moon\n|-end|p2b: Roaring Moon|Protosynthesis|[silent]\n|\n|upkeep\n|\n|t:|1775502805\n|switch|p1b: Iron Hands|Iron Hands, L50|100/100\n|switch|p2a: Zamazenta|Zamazenta-Crowned, L50|100/100\n|switch|p2b: Kyogre|Kyogre, L50|100/100\n|-ability|p2a: Zamazenta|Dauntless Shield|boost\n|-boost|p2a: Zamazenta|def|1\n|-weather|RainDance|[from] ability: Drizzle|[of] p2b: Kyogre\n|turn|4\n|\n|t:|1775502823\n|move|p1b: Iron Hands|Fake Out|p2a: Zamazenta\n|-resisted|p2a: Zamazenta\n|-damage|p2a: Zamazenta|98/100\n|move|p1a: Tornadus|Taunt|p2b: Kyogre\n|-start|p2b: Kyogre|move: Taunt\n|cant|p2a: Zamazenta|flinch\n|move|p2b: Kyogre|Origin Pulse|p1b: Iron Hands|[spread] p1a,p1b\n|-damage|p1a: Tornadus|35/100\n|-damage|p1b: Iron Hands|44/100\n|\n|-weather|RainDance|[upkeep]\n|-sideend|p1: turkeybacon1426|move: Tailwind\n|upkeep\n|turn|5\n|\n|t:|1775502838\n|move|p1a: Tornadus|Protect|p1a: Tornadus\n|-singleturn|p1a: Tornadus|Protect\n|move|p2a: Zamazenta|Body Press|p1b: Iron Hands\n|-damage|p1b: Iron Hands|4/100\n|move|p2b: Kyogre|Origin Pulse|p1a: Tornadus|[spread] p1b\n|-activate|p1a: Tornadus|move: Protect\n|-damage|p1b: Iron Hands|0 fnt\n|faint|p1b: Iron Hands\n|-end|p1b: Iron Hands|Quark Drive|[silent]\n|\n|-weather|RainDance|[upkeep]\n|upkeep\n|\n|t:|1775502847\n|switch|p1b: Calyrex|Calyrex-Shadow, L50|100/100\n|-ability|p1b: Calyrex|As One\n|-ability|p1b: Calyrex|Unnerve\n|turn|6\n|\n|t:|1775502858\n|move|p2a: Zamazenta|Wide Guard|p2a: Zamazenta\n|-singleturn|p2a: Zamazenta|Wide Guard\n|move|p1a: Tornadus|Tailwind|p1a: Tornadus\n|-sidestart|p1: turkeybacon1426|move: Tailwind\n|move|p1b: Calyrex|Astral Barrage|p2a: Zamazenta|[spread] \n|-activate|p2a: Zamazenta|move: Wide Guard\n|-activate|p2b: Kyogre|move: Wide Guard\n|move|p2b: Kyogre|Water Spout|p1b: Calyrex|[spread] p1a,p1b\n|-damage|p1a: Tornadus|0 fnt\n|-enditem|p1b: Calyrex|Focus Sash\n|-damage|p1b: Calyrex|1/100\n|faint|p1a: Tornadus\n|\n|-weather|RainDance|[upkeep]\n|-end|p2b: Kyogre|move: Taunt\n|upkeep\n|turn|7\n|\n|t:|1775502872\n|move|p1b: Calyrex|Protect|p1b: Calyrex\n|-singleturn|p1b: Calyrex|Protect\n|move|p2a: Zamazenta|Behemoth Bash|p1b: Calyrex\n|-activate|p1b: Calyrex|move: Protect\n|move|p2b: Kyogre|Water Spout|p1b: Calyrex\n|-activate|p1b: Calyrex|move: Protect\n|\n|-weather|RainDance|[upkeep]\n|upkeep\n|turn|8\n|\n|t:|1775502877\n|move|p1b: Calyrex|Shadow Ball|p2b: Kyogre\n|-damage|p2b: Kyogre|69/100\n|move|p2a: Zamazenta|Behemoth Bash|p1b: Calyrex\n|-damage|p1b: Calyrex|0 fnt\n|faint|p1b: Calyrex\n|\n|win|kyoshi4\n|raw|turkeybacon1426's rating: 1289 &rarr; <strong>1262</strong><br />(-27 for losing)\n|raw|kyoshi4's rating: 1255 &rarr; <strong>1282</strong><br />(+27 for winning)\n|c|\u2606turkeybacon1426|gg\n|c|\u2606kyoshi4|G\n|c|\u2606kyoshi4|g\n|l|\u2606turkeybacon1426\n|player|p1|\n|l|\u2606kyoshi4\n|player|p2|\n|j|\u2606kyoshi4\n|player|p2|kyoshi4|cynthia-gen4|\n","uploadtime":1775502899,"views":205,"formatid":"gen9vgc2026regi","rating":1262,"private":0,"password":null}