{"id":"gen9vgc2026regi-2544784034","format":"[Gen 9] VGC 2026 Reg I","players":["Charlotte_Starr","fogdocker"],"log":"|j|\u2606Charlotte_Starr\n|j|\u2606fogdocker\n|t:|1771758954\n|gametype|doubles\n|player|p1|Charlotte_Starr|swimmerf|1306\n|player|p2|fogdocker|170|1432\n|gen|9\n|tier|[Gen 9] VGC 2026 Reg I\n|rated|\n|rule|Species Clause: Limit one of each Pok\u00e9mon\n|rule|Item Clause: Limit 1 of each item\n|clearpoke\n|poke|p1|Kyogre, L50|\n|poke|p1|Calyrex-Ice, L50|\n|poke|p1|Ursaluna, L50, M|\n|poke|p1|Tornadus, L50, M|\n|poke|p1|Rillaboom, L50, F|\n|poke|p1|Umbreon, L50, F|\n|poke|p2|Calyrex-Ice, L50|\n|poke|p2|Koraidon, L50|\n|poke|p2|Flutter Mane, L50|\n|poke|p2|Incineroar, L50, F|\n|poke|p2|Rillaboom, L50, M|\n|poke|p2|Volcarona, L50, M|\n|teampreview|4\n|inactive|Battle timer is ON: inactive players will automatically lose when time's up. (requested by Charlotte_Starr)\n|inactive|Charlotte_Starr has 60 seconds left.\n|\n|t:|1771758997\n|teamsize|p1|4\n|teamsize|p2|4\n|start\n|switch|p1a: Kyogre|Kyogre, L50|100/100\n|switch|p1b: Tornadus|Tornadus, L50, M|100/100\n|switch|p2a: Calyrex|Calyrex-Ice, L50|100/100\n|switch|p2b: Rillaboom|Rillaboom, L50, M|100/100\n|-ability|p2a: Calyrex|As One\n|-ability|p2a: Calyrex|Unnerve\n|-weather|RainDance|[from] ability: Drizzle|[of] p1a: Kyogre\n|-fieldstart|move: Grassy Terrain|[from] ability: Grassy Surge|[of] p2b: Rillaboom\n|turn|1\n|\n|t:|1771759011\n|-terastallize|p2a: Calyrex|Water\n|move|p1b: Tornadus|Protect|p1b: Tornadus\n|-singleturn|p1b: Tornadus|Protect\n|move|p1a: Kyogre|Protect|p1a: Kyogre\n|-singleturn|p1a: Kyogre|Protect\n|move|p2b: Rillaboom|Fake Out|p1b: Tornadus\n|-activate|p1b: Tornadus|move: Protect\n|move|p2a: Calyrex|Glacial Lance|p1a: Kyogre|[spread] \n|-activate|p1a: Kyogre|move: Protect\n|-activate|p1b: Tornadus|move: Protect\n|\n|-weather|RainDance|[upkeep]\n|upkeep\n|turn|2\n|\n|t:|1771759030\n|-terastallize|p1a: Kyogre|Water\n|move|p2b: Rillaboom|Grassy Glide|p1a: Kyogre\n|-supereffective|p1a: Kyogre\n|-damage|p1a: Kyogre|27/100\n|move|p1b: Tornadus|Bleakwind Storm|p2a: Calyrex|[spread] p2a,p2b\n|-supereffective|p2b: Rillaboom\n|-damage|p2a: Calyrex|76/100\n|-damage|p2b: Rillaboom|54/100\n|move|p1a: Kyogre|Water Spout|p2a: Calyrex|[spread] p2a,p2b\n|-resisted|p2a: Calyrex\n|-resisted|p2b: Rillaboom\n|-damage|p2a: Calyrex|64/100\n|-damage|p2b: Rillaboom|40/100\n|move|p2a: Calyrex|Glacial Lance|p1a: Kyogre|[spread] p1a,p1b\n|-resisted|p1a: Kyogre\n|-supereffective|p1b: Tornadus\n|-damage|p1a: Kyogre|1/100\n|-enditem|p1b: Tornadus|Focus Sash\n|-damage|p1b: Tornadus|1/100\n|\n|-weather|RainDance|[upkeep]\n|-heal|p1a: Kyogre|7/100|[from] Grassy Terrain\n|-heal|p2b: Rillaboom|46/100|[from] Grassy Terrain\n|-heal|p2a: Calyrex|70/100|[from] Grassy Terrain\n|-heal|p2a: Calyrex|76/100|[from] item: Leftovers\n|upkeep\n|turn|3\n|\n|t:|1771759052\n|switch|p1a: Umbreon|Umbreon, L50, F|100/100\n|move|p1b: Tornadus|Tailwind|p1b: Tornadus\n|-sidestart|p1: Charlotte_Starr|move: Tailwind\n|move|p2b: Rillaboom|Grassy Glide|p1b: Tornadus\n|-resisted|p1b: Tornadus\n|-damage|p1b: Tornadus|0 fnt\n|faint|p1b: Tornadus\n|move|p2a: Calyrex|Glacial Lance|p1a: Umbreon\n|-damage|p1a: Umbreon|57/100\n|\n|-weather|RainDance|[upkeep]\n|-heal|p1a: Umbreon|63/100|[from] Grassy Terrain\n|-heal|p2b: Rillaboom|52/100|[from] Grassy Terrain\n|-heal|p2a: Calyrex|82/100|[from] Grassy Terrain\n|-heal|p2a: Calyrex|87/100|[from] item: Leftovers\n|upkeep\n|\n|t:|1771759061\n|switch|p1b: Calyrex|Calyrex-Ice, L50|100/100\n|-ability|p1b: Calyrex|As One\n|-ability|p1b: Calyrex|Unnerve\n|turn|4\n|\n|t:|1771759078\n|switch|p2b: Incineroar|Incineroar, L50, F|100/100\n|-ability|p2b: Incineroar|Intimidate|boost\n|-fail|p1a: Umbreon|unboost|Attack|[from] ability: Inner Focus|[of] p1a: Umbreon\n|-unboost|p1b: Calyrex|atk|1\n|move|p1a: Umbreon|Foul Play|p2a: Calyrex\n|-damage|p2a: Calyrex|60/100\n|move|p1b: Calyrex|Glacial Lance|p2a: Calyrex|[spread] p2a,p2b\n|-resisted|p2a: Calyrex\n|-resisted|p2b: Incineroar\n|-damage|p2a: Calyrex|50/100\n|-damage|p2b: Incineroar|84/100\n|move|p2a: Calyrex|Leech Seed|p1b: Calyrex\n|-start|p1b: Calyrex|move: Leech Seed\n|\n|-weather|RainDance|[upkeep]\n|-heal|p1a: Umbreon|69/100|[from] Grassy Terrain\n|-heal|p2b: Incineroar|90/100|[from] Grassy Terrain\n|-heal|p2a: Calyrex|56/100|[from] Grassy Terrain\n|-heal|p2a: Calyrex|61/100|[from] item: Leftovers\n|-damage|p1b: Calyrex|88/100|[from] Leech Seed|[of] p2a: Calyrex\n|-heal|p2a: Calyrex|73/100|[silent]\n|upkeep\n|turn|5\n|\n|t:|1771759102\n|switch|p1b: Kyogre|Kyogre, L50, tera:Water|7/100\n|move|p2b: Incineroar|Fake Out|p1b: Kyogre\n|-damage|p1b: Kyogre|0 fnt\n|faint|p1b: Kyogre\n|move|p1a: Umbreon|Foul Play|p2a: Calyrex\n|-damage|p2a: Calyrex|44/100\n|move|p2a: Calyrex|Glacial Lance|p1a: Umbreon\n|-damage|p1a: Umbreon|30/100\n|\n|-weather|none\n|-heal|p1a: Umbreon|36/100|[from] Grassy Terrain\n|-heal|p2b: Incineroar|96/100|[from] Grassy Terrain\n|-heal|p2a: Calyrex|50/100|[from] Grassy Terrain\n|-heal|p2a: Calyrex|56/100|[from] item: Leftovers\n|-fieldend|move: Grassy Terrain\n|upkeep\n|\n|t:|1771759110\n|switch|p1b: Calyrex|Calyrex-Ice, L50|88/100\n|-ability|p1b: Calyrex|As One\n|-ability|p1b: Calyrex|Unnerve\n|turn|6\n|\n|t:|1771759124\n|move|p1b: Calyrex|Protect|p1b: Calyrex\n|-singleturn|p1b: Calyrex|Protect\n|move|p1a: Umbreon|Foul Play|p2a: Calyrex\n|-damage|p2a: Calyrex|27/100\n|move|p2b: Incineroar|Knock Off|p1b: Calyrex\n|-activate|p1b: Calyrex|move: Protect\n|move|p2a: Calyrex|Leech Seed|p1b: Calyrex\n|-activate|p1b: Calyrex|move: Protect\n|\n|-heal|p1b: Calyrex|94/100|[from] item: Leftovers\n|-heal|p2a: Calyrex|32/100|[from] item: Leftovers\n|-sideend|p1: Charlotte_Starr|move: Tailwind\n|upkeep\n|turn|7\n|\n|t:|1771759140\n|move|p1a: Umbreon|Foul Play|p2a: Calyrex\n|-damage|p2a: Calyrex|3/100\n|move|p2b: Incineroar|Knock Off|p1b: Calyrex\n|-supereffective|p1b: Calyrex\n|-damage|p1b: Calyrex|53/100\n|-enditem|p1b: Calyrex|Leftovers|[from] move: Knock Off|[of] p2b: Incineroar\n|move|p1b: Calyrex|Glacial Lance|p2b: Incineroar|[spread] p2a,p2b\n|-resisted|p2a: Calyrex\n|-resisted|p2b: Incineroar\n|-damage|p2a: Calyrex|0 fnt\n|-damage|p2b: Incineroar|71/100\n|-enditem|p1a: Umbreon|Sitrus Berry|[eat]\n|-heal|p1a: Umbreon|61/100|[from] item: Sitrus Berry\n|faint|p2a: Calyrex\n|-ability|p1b: Calyrex|Chilling Neigh|boost\n|-boost|p1b: Calyrex|atk|1\n|\n|upkeep\n|\n|t:|1771759149\n|switch|p2a: Koraidon|Koraidon, L50|100/100\n|-weather|SunnyDay|[from] ability: Orichalcum Pulse|[of] p2a: Koraidon\n|-activate|p2a: Koraidon|Orichalcum Pulse|[source]\n|turn|8\n|\n|t:|1771759159\n|move|p1a: Umbreon|Helping Hand|p1b: Calyrex\n|-singleturn|p1b: Calyrex|Helping Hand|[of] p1a: Umbreon\n|move|p2a: Koraidon|Close Combat|p1a: Umbreon\n|-supereffective|p1a: Umbreon\n|-damage|p1a: Umbreon|0 fnt\n|-unboost|p2a: Koraidon|def|1\n|-unboost|p2a: Koraidon|spd|1\n|faint|p1a: Umbreon\n|-damage|p2a: Koraidon|91/100|[from] item: Life Orb\n|move|p2b: Incineroar|Flare Blitz|p1b: Calyrex\n|-supereffective|p1b: Calyrex\n|-damage|p1b: Calyrex|0 fnt\n|faint|p1b: Calyrex\n|-damage|p2b: Incineroar|53/100|[from] Recoil\n|\n|win|fogdocker\n|raw|Charlotte_Starr's rating: 1306 &rarr; <strong>1293</strong><br />(-13 for losing)\n|raw|fogdocker's rating: 1432 &rarr; <strong>1445</strong><br />(+13 for winning)\n|l|\u2606Charlotte_Starr\n|player|p1|\n","uploadtime":1771759376,"views":11,"formatid":"gen9vgc2026regi","rating":1293,"private":0,"password":null}