{"id":"gen9vgc2026regi-2562670560","format":"[Gen 9] VGC 2026 Reg I","players":["Ice124567890","Highkage2"],"log":"|j|\u2606Ice124567890\n|j|\u2606Highkage2\n|t:|1773939799\n|gametype|doubles\n|player|p1|Ice124567890|102|1444\n|player|p2|Highkage2|doubleteam|1458\n|gen|9\n|tier|[Gen 9] VGC 2026 Reg I\n|rated|\n|rule|Species Clause: Limit one of each Pok\u00e9mon\n|rule|Item Clause: Limit 1 of each item\n|clearpoke\n|poke|p1|Clefairy, L50, M|\n|poke|p1|Rillaboom, L50, M|\n|poke|p1|Calyrex-Shadow, L50|\n|poke|p1|Incineroar, L50, M|\n|poke|p1|Flutter Mane, L50|\n|poke|p1|Koraidon, L50|\n|poke|p2|Incineroar, L50, M|\n|poke|p2|Calyrex-Ice, L50|\n|poke|p2|Miraidon, L50|\n|poke|p2|Farigiraf, L50, F|\n|poke|p2|Pelipper, L50, F|\n|poke|p2|Iron Treads, L50|\n|teampreview|4\n|inactive|Battle timer is ON: inactive players will automatically lose when time's up. (requested by Ice124567890)\n|j| Tobidog\n|\n|t:|1773939828\n|teamsize|p1|4\n|teamsize|p2|4\n|start\n|switch|p1a: Calyrex|Calyrex-Shadow, L50|100/100\n|switch|p1b: Rillaboom|Rillaboom, L50, M|100/100\n|switch|p2a: Miraidon|Miraidon, L50|100/100\n|switch|p2b: Incineroar|Incineroar, L50, M|100/100\n|-ability|p1a: Calyrex|As One\n|-ability|p1a: Calyrex|Unnerve\n|-fieldstart|move: Electric Terrain|[from] ability: Hadron Engine|[of] p2a: Miraidon\n|-fieldstart|move: Grassy Terrain|[from] ability: Grassy Surge|[of] p1b: Rillaboom\n|-ability|p2b: Incineroar|Intimidate|boost\n|-unboost|p1a: Calyrex|atk|1\n|-unboost|p1b: Rillaboom|atk|1\n|turn|1\n|\n|t:|1773939845\n|-terastallize|p1a: Calyrex|Dark\n|move|p1b: Rillaboom|Fake Out|p2a: Miraidon\n|-damage|p2a: Miraidon|92/100\n|move|p1a: Calyrex|Nasty Plot|p1a: Calyrex\n|-boost|p1a: Calyrex|spa|2\n|cant|p2a: Miraidon|flinch\n|move|p2b: Incineroar|Knock Off|p1a: Calyrex\n|-resisted|p1a: Calyrex\n|-damage|p1a: Calyrex|80/100\n|-enditem|p1a: Calyrex|Life Orb|[from] move: Knock Off|[of] p2b: Incineroar\n|\n|-heal|p1a: Calyrex|86/100|[from] Grassy Terrain\n|-heal|p2a: Miraidon|98/100|[from] Grassy Terrain\n|upkeep\n|turn|2\n|\n|t:|1773939860\n|move|p1a: Calyrex|Protect|p1a: Calyrex\n|-singleturn|p1a: Calyrex|Protect\n|move|p2a: Miraidon|Electro Drift|p1a: Calyrex\n|-activate|p1a: Calyrex|move: Protect\n|move|p1b: Rillaboom|U-turn|p2a: Miraidon\n|-damage|p2a: Miraidon|84/100\n|\n|t:|1773939872\n|switch|p1b: Clefairy|Clefairy, L50, M|100/100|[from] U-turn\n|move|p2b: Incineroar|Flare Blitz|p1a: Calyrex\n|-activate|p1a: Calyrex|move: Protect\n|\n|-heal|p1a: Calyrex|92/100|[from] Grassy Terrain\n|-heal|p2a: Miraidon|90/100|[from] Grassy Terrain\n|upkeep\n|turn|3\n|\n|t:|1773939883\n|switch|p2a: Pelipper|Pelipper, L50, F|100/100\n|-weather|RainDance|[from] ability: Drizzle|[of] p2a: Pelipper\n|move|p1b: Clefairy|Helping Hand|p1a: Calyrex\n|-singleturn|p1a: Calyrex|Helping Hand|[of] p1b: Clefairy\n|move|p1a: Calyrex|Astral Barrage|p2a: Pelipper|[spread] p2a,p2b\n|-resisted|p2b: Incineroar\n|-enditem|p2a: Pelipper|Focus Sash\n|-damage|p2a: Pelipper|1/100\n|-damage|p2b: Incineroar|59/100\n|move|p2b: Incineroar|U-turn|p1b: Clefairy\n|-resisted|p1b: Clefairy\n|-damage|p1b: Clefairy|91/100\n|\n|t:|1773939897\n|switch|p2b: Calyrex|Calyrex-Ice, L50|100/100|[from] U-turn\n|-ability|p2b: Calyrex|As One\n|-ability|p2b: Calyrex|Unnerve\n|\n|-weather|RainDance|[upkeep]\n|-heal|p1a: Calyrex|98/100|[from] Grassy Terrain\n|-heal|p1b: Clefairy|97/100|[from] Grassy Terrain\n|upkeep\n|turn|4\n|inactive|Ice124567890 has 30 seconds left.\n|inactive|Highkage2 has 30 seconds left.\n|inactive|Ice124567890 has 20 seconds left.\n|inactive|Ice124567890 has 15 seconds left.\n|inactive|Highkage2 has 20 seconds left.\n|\n|t:|1773939939\n|move|p2a: Pelipper|Protect|p2a: Pelipper\n|-singleturn|p2a: Pelipper|Protect\n|move|p1a: Calyrex|Psychic|p2a: Pelipper\n|-activate|p2a: Pelipper|move: Protect\n|move|p2b: Calyrex|Glacial Lance|p1a: Calyrex|[spread] p1a,p1b\n|-damage|p1a: Calyrex|58/100\n|-damage|p1b: Clefairy|47/100\n|move|p1b: Clefairy|Encore|p2b: Calyrex\n|-start|p2b: Calyrex|Encore\n|\n|-weather|RainDance|[upkeep]\n|-heal|p1a: Calyrex|64/100|[from] Grassy Terrain\n|-heal|p1b: Clefairy|54/100|[from] Grassy Terrain\n|upkeep\n|turn|5\n|\n|t:|1773939957\n|switch|p2a: Incineroar|Incineroar, L50, M|59/100\n|-ability|p2a: Incineroar|Intimidate|boost\n|-unboost|p1a: Calyrex|atk|1\n|-unboost|p1b: Clefairy|atk|1\n|-terastallize|p2b: Calyrex|Fairy\n|move|p1b: Clefairy|Protect|p1b: Clefairy\n|-singleturn|p1b: Clefairy|Protect\n|move|p1a: Calyrex|Psychic|p2a: Incineroar\n|-immune|p2a: Incineroar\n|move|p2b: Calyrex|Glacial Lance|p1b: Clefairy|[spread] p1a\n|-activate|p1b: Clefairy|move: Protect\n|-damage|p1a: Calyrex|24/100\n|\n|-weather|RainDance|[upkeep]\n|-heal|p1a: Calyrex|30/100|[from] Grassy Terrain\n|-heal|p2a: Incineroar|65/100|[from] Grassy Terrain\n|-heal|p1b: Clefairy|60/100|[from] Grassy Terrain\n|-fieldend|move: Grassy Terrain\n|upkeep\n|turn|6\n|inactive|Ice124567890 has 30 seconds left.\n|inactive|Highkage2 has 30 seconds left.\n|inactive|Ice124567890 has 20 seconds left.\n|\n|t:|1773939993\n|switch|p1b: Rillaboom|Rillaboom, L50, M|100/100\n|-fieldstart|move: Grassy Terrain|[from] ability: Grassy Surge|[of] p1b: Rillaboom\n|move|p1a: Calyrex|Protect|p1a: Calyrex\n|-singleturn|p1a: Calyrex|Protect\n|move|p2a: Incineroar|U-turn|p1b: Rillaboom\n|-supereffective|p1b: Rillaboom\n|-damage|p1b: Rillaboom|63/100\n|\n|t:|1773940013\n|switch|p2a: Pelipper|Pelipper, L50, F|1/100|[from] U-turn\n|move|p2b: Calyrex|Glacial Lance|p1a: Calyrex|[spread] p1b\n|-activate|p1a: Calyrex|move: Protect\n|-supereffective|p1b: Rillaboom\n|-damage|p1b: Rillaboom|0 fnt\n|faint|p1b: Rillaboom\n|-ability|p2b: Calyrex|Chilling Neigh|boost\n|-boost|p2b: Calyrex|atk|1\n|\n|-weather|RainDance|[upkeep]\n|-heal|p1a: Calyrex|37/100|[from] Grassy Terrain\n|upkeep\n|\n|t:|1773940020\n|switch|p1b: Koraidon|Koraidon, L50|100/100\n|-weather|SunnyDay|[from] ability: Orichalcum Pulse|[of] p1b: Koraidon\n|-activate|p1b: Koraidon|Orichalcum Pulse|[source]\n|turn|7\n|inactive|Highkage2 has 30 seconds left.\n|\n|t:|1773940051\n|switch|p2a: Incineroar|Incineroar, L50, M|65/100\n|-ability|p2a: Incineroar|Intimidate|boost\n|-unboost|p1a: Calyrex|atk|1\n|-fail|p1b: Koraidon|unboost|[from] item: Clear Amulet|[of] p1b: Koraidon\n|move|p1a: Calyrex|Astral Barrage|p2a: Incineroar|[spread] p2a,p2b\n|-resisted|p2a: Incineroar\n|-damage|p2a: Incineroar|34/100\n|-damage|p2b: Calyrex|35/100\n|move|p1b: Koraidon|Flare Blitz|p2b: Calyrex\n|-damage|p2b: Calyrex|0 fnt\n|faint|p2b: Calyrex\n|-damage|p1b: Koraidon|89/100|[from] Recoil\n|\n|-weather|SunnyDay|[upkeep]\n|-heal|p1a: Calyrex|43/100|[from] Grassy Terrain\n|-heal|p1b: Koraidon|95/100|[from] Grassy Terrain\n|-heal|p2a: Incineroar|40/100|[from] Grassy Terrain\n|upkeep\n|\n|t:|1773940065\n|switch|p2b: Miraidon|Miraidon, L50|90/100\n|-fieldstart|move: Electric Terrain|[from] ability: Hadron Engine|[of] p2b: Miraidon\n|turn|8\n|\n|t:|1773940078\n|switch|p1b: Clefairy|Clefairy, L50, M|60/100\n|switch|p2a: Pelipper|Pelipper, L50, F|1/100\n|-weather|RainDance|[from] ability: Drizzle|[of] p2a: Pelipper\n|move|p1a: Calyrex|Protect|p1a: Calyrex\n|-singleturn|p1a: Calyrex|Protect\n|move|p2b: Miraidon|Dazzling Gleam|p1a: Calyrex|[spread] p1b\n|-activate|p1a: Calyrex|move: Protect\n|-damage|p1b: Clefairy|29/100\n|\n|-weather|RainDance|[upkeep]\n|upkeep\n|turn|9\n|inactive|Highkage2 has 30 seconds left.\n|\n|t:|1773940113\n|move|p1b: Clefairy|Follow Me|p1b: Clefairy\n|-singleturn|p1b: Clefairy|move: Follow Me\n|move|p1a: Calyrex|Psychic|p2b: Miraidon\n|-damage|p2b: Miraidon|12/100\n|move|p2b: Miraidon|Dazzling Gleam|p1a: Calyrex|[spread] p1a,p1b\n|-supereffective|p1a: Calyrex\n|-damage|p1a: Calyrex|0 fnt\n|-damage|p1b: Clefairy|0 fnt\n|faint|p1a: Calyrex\n|faint|p1b: Clefairy\n|move|p2a: Pelipper|Hurricane|p1: Calyrex|[notarget]\n|-fail|p2a: Pelipper\n|\n|-weather|RainDance|[upkeep]\n|upkeep\n|\n|t:|1773940119\n|switch|p1a: Koraidon|Koraidon, L50|95/100\n|-weather|SunnyDay|[from] ability: Orichalcum Pulse|[of] p1a: Koraidon\n|-activate|p1a: Koraidon|Orichalcum Pulse|[source]\n|turn|10\n|\n|t:|1773940143\n|switch|p2b: Incineroar|Incineroar, L50, M|40/100\n|-ability|p2b: Incineroar|Intimidate|boost\n|-fail|p1a: Koraidon|unboost|[from] item: Clear Amulet|[of] p1a: Koraidon\n|move|p1a: Koraidon|Flame Charge|p2a: Pelipper\n|-resisted|p2a: Pelipper\n|-damage|p2a: Pelipper|0 fnt\n|-boost|p1a: Koraidon|spe|1\n|faint|p2a: Pelipper\n|\n|-weather|SunnyDay|[upkeep]\n|upkeep\n|\n|t:|1773940150\n|switch|p2a: Miraidon|Miraidon, L50|12/100\n|-activate|p2a: Miraidon|ability: Hadron Engine\n|turn|11\n|\n|t:|1773940163\n|move|p1a: Koraidon|Protect|p1a: Koraidon\n|-singleturn|p1a: Koraidon|Protect\n|move|p2b: Incineroar|Fake Out|p1a: Koraidon\n|-activate|p1a: Koraidon|move: Protect\n|move|p2a: Miraidon|Dazzling Gleam|p1a: Koraidon\n|-activate|p1a: Koraidon|move: Protect\n|\n|-weather|SunnyDay|[upkeep]\n|upkeep\n|turn|12\n|-message|Highkage2 forfeited.\n|\n|win|Ice124567890\n|raw|Ice124567890's rating: 1421 &rarr; <strong>1443</strong><br />(+22 for winning)\n|raw|Highkage2's rating: 1458 &rarr; <strong>1436</strong><br />(-22 for losing)\n|l|\u2606Highkage2\n|player|p2|\n|l| Tobidog\n|l|\u2606Ice124567890\n|player|p1|\n","uploadtime":1773940425,"views":12,"formatid":"gen9vgc2026regi","rating":1436,"private":0,"password":null}