{"id":"gen9vgc2026regi-2581799837","format":"[Gen 9] VGC 2026 Reg I","players":["FRESHmustard","RedPlaysVGC"],"log":"|j|\u2606FRESHmustard\n|j|\u2606RedPlaysVGC\n|t:|1776029391\n|gametype|doubles\n|player|p1|FRESHmustard|2|1404\n|player|p2|RedPlaysVGC|102|1405\n|gen|9\n|tier|[Gen 9] VGC 2026 Reg I\n|rated|\n|rule|Species Clause: Limit one of each Pok\u00e9mon\n|rule|Item Clause: Limit 1 of each item\n|clearpoke\n|poke|p1|Lunala, L50|\n|poke|p1|Ursaluna, L50, F|\n|poke|p1|Urshifu-*, L50, M|\n|poke|p1|Miraidon, L50|\n|poke|p1|Grimmsnarl, L50, M|\n|poke|p1|Incineroar, L50, M|\n|poke|p2|Whimsicott, L50, M|\n|poke|p2|Calyrex-Shadow, L50|\n|poke|p2|Miraidon, L50|\n|poke|p2|Iron Hands, L50|\n|poke|p2|Chi-Yu, L50|\n|poke|p2|Farigiraf, L50, M|\n|teampreview|4\n|inactive|Battle timer is ON: inactive players will automatically lose when time's up. (requested by FRESHmustard)\n|\n|t:|1776029409\n|teamsize|p1|4\n|teamsize|p2|4\n|start\n|switch|p1a: Incineroar|Incineroar, L50, M|100/100\n|switch|p1b: Lunala|Lunala, L50|100/100\n|switch|p2a: Calyrex|Calyrex-Shadow, L50|100/100\n|switch|p2b: Whimsicott|Whimsicott, L50, M|100/100\n|-ability|p2a: Calyrex|As One\n|-ability|p2a: Calyrex|Unnerve\n|-ability|p1a: Incineroar|Intimidate|boost\n|-unboost|p2a: Calyrex|atk|1\n|-unboost|p2b: Whimsicott|atk|1\n|turn|1\n|inactive|FRESHmustard has 30 seconds left.\n|inactive|RedPlaysVGC has 30 seconds left.\n|inactive|RedPlaysVGC has 20 seconds left.\n|inactive|RedPlaysVGC has 15 seconds left.\n|inactive|RedPlaysVGC has 10 seconds left.\n|\n|t:|1776029458\n|-terastallize|p1b: Lunala|Fairy\n|move|p2b: Whimsicott|Fake Tears|p1b: Lunala\n|-unboost|p1b: Lunala|spd|2\n|move|p2a: Calyrex|Astral Barrage|p1a: Incineroar|[spread] p1a,p1b\n|-resisted|p1a: Incineroar\n|-damage|p1a: Incineroar|72/100\n|-damage|p1b: Lunala|58/100\n|move|p1a: Incineroar|Knock Off|p2a: Calyrex\n|-supereffective|p2a: Calyrex\n|-enditem|p2a: Calyrex|Focus Sash\n|-damage|p2a: Calyrex|1/100\n|move|p1b: Lunala|Trick Room|p1b: Lunala\n|-fieldstart|move: Trick Room|[of] p1b: Lunala\n|\n|upkeep\n|turn|2\n|\n|t:|1776029482\n|move|p2b: Whimsicott|Encore|p1b: Lunala\n|-start|p1b: Lunala|Encore\n|move|p1a: Incineroar|Knock Off|p2a: Calyrex\n|-supereffective|p2a: Calyrex\n|-damage|p2a: Calyrex|0 fnt\n|faint|p2a: Calyrex\n|move|p1b: Lunala|Trick Room|p1b: Lunala\n|-fieldend|move: Trick Room\n|\n|upkeep\n|\n|t:|1776029489\n|switch|p2a: Miraidon|Miraidon, L50|100/100\n|-fieldstart|move: Electric Terrain|[from] ability: Hadron Engine|[of] p2a: Miraidon\n|-enditem|p1b: Lunala|Electric Seed\n|-boost|p1b: Lunala|def|1|[from] item: Electric Seed\n|turn|3\n|\n|t:|1776029500\n|switch|p1b: Ursaluna|Ursaluna, L50, F|100/100\n|-terastallize|p2a: Miraidon|Fairy\n|move|p2a: Miraidon|Dazzling Gleam|p1b: Ursaluna|[spread] p1a,p1b\n|-damage|p1a: Incineroar|8/100\n|-damage|p1b: Ursaluna|45/100\n|move|p2b: Whimsicott|Moonblast|p1b: Ursaluna\n|-damage|p1b: Ursaluna|19/100\n|-unboost|p1b: Ursaluna|spa|1\n|move|p1a: Incineroar|Parting Shot|p2a: Miraidon\n|-unboost|p2a: Miraidon|atk|1\n|-unboost|p2a: Miraidon|spa|1\n|\n|t:|1776029514\n|switch|p1a: Lunala|Lunala, L50, tera:Fairy|58/100|[from] Parting Shot\n|\n|-status|p1b: Ursaluna|brn|[from] item: Flame Orb\n|upkeep\n|turn|4\n|\n|t:|1776029527\n|move|p1b: Ursaluna|Protect|p1b: Ursaluna\n|-singleturn|p1b: Ursaluna|Protect\n|move|p2b: Whimsicott|Fake Tears|p1a: Lunala\n|-unboost|p1a: Lunala|spd|2\n|move|p2a: Miraidon|Dazzling Gleam|p1b: Ursaluna|[spread] p1a\n|-activate|p1b: Ursaluna|move: Protect\n|-damage|p1a: Lunala|0 fnt\n|faint|p1a: Lunala\n|\n|-damage|p1b: Ursaluna|13/100 brn|[from] brn\n|upkeep\n|\n|t:|1776029542\n|switch|p1a: Incineroar|Incineroar, L50, M|8/100\n|-ability|p1a: Incineroar|Intimidate|boost\n|-unboost|p2a: Miraidon|atk|1\n|-unboost|p2b: Whimsicott|atk|1\n|turn|5\n|\n|t:|1776029566\n|switch|p2a: Chi-Yu|Chi-Yu, L50|100/100\n|-ability|p2a: Chi-Yu|Beads of Ruin\n|move|p1a: Incineroar|Fake Out|p2a: Chi-Yu\n|-damage|p2a: Chi-Yu|83/100\n|move|p2b: Whimsicott|Moonblast|p1b: Ursaluna\n|-damage|p1b: Ursaluna|0 fnt\n|faint|p1b: Ursaluna\n|\n|upkeep\n|inactiveoff|Battle timer is now OFF.\n|-message|FRESHmustard forfeited.\n|\n|win|RedPlaysVGC\n|raw|FRESHmustard's rating: 1404 &rarr; <strong>1385</strong><br />(-19 for losing)\n|raw|RedPlaysVGC's rating: 1420 &rarr; <strong>1439</strong><br />(+19 for winning)\n|l|\u2606RedPlaysVGC\n|player|p2|\n","uploadtime":1776029789,"views":9,"formatid":"gen9vgc2026regi","rating":1385,"private":0,"password":null}