{"id":"gen9vgc2026regi-2558461566","format":"[Gen 9] VGC 2026 Reg I","players":["Zero3cho","Mirthinion"],"log":"|j|\u2606Zero3cho\n|j|\u2606Mirthinion\n|t:|1773436851\n|gametype|doubles\n|player|p1|Zero3cho|170|1179\n|player|p2|Mirthinion|janitor|1243\n|gen|9\n|tier|[Gen 9] VGC 2026 Reg I\n|rated|\n|rule|Species Clause: Limit one of each Pok\u00e9mon\n|rule|Item Clause: Limit 1 of each item\n|clearpoke\n|poke|p1|Calyrex-Shadow, L50|\n|poke|p1|Zamazenta-*, L50|\n|poke|p1|Ogerpon-Hearthflame, L50, F|\n|poke|p1|Tornadus, L50, M|\n|poke|p1|Indeedee-F, L50, F|\n|poke|p1|Urshifu-*, L50, F|\n|poke|p2|Calyrex-Ice, L50|\n|poke|p2|Miraidon, L50|\n|poke|p2|Grimmsnarl, L50, M|\n|poke|p2|Urshifu-*, L50, F|\n|poke|p2|Incineroar, L50, M|\n|poke|p2|Landorus, L50, M|\n|teampreview|4\n|inactive|Battle timer is ON: inactive players will automatically lose when time's up. (requested by Mirthinion)\nMirthinion rejected open team sheets.\n|inactive|Mirthinion has 60 seconds left.\n|\n|t:|1773436908\n|teamsize|p1|4\n|teamsize|p2|4\n|start\n|switch|p1a: Indeedee|Indeedee-F, L50, F|100/100\n|switch|p1b: Calyrex|Calyrex-Shadow, L50|100/100\n|switch|p2a: Grimmsnarl|Grimmsnarl, L50, M|100/100\n|switch|p2b: Calyrex|Calyrex-Ice, L50|100/100\n|-ability|p1b: Calyrex|As One\n|-ability|p1b: Calyrex|Unnerve\n|-ability|p2b: Calyrex|As One\n|-ability|p2b: Calyrex|Unnerve\n|-fieldstart|move: Psychic Terrain|[from] ability: Psychic Surge|[of] p1a: Indeedee\n|turn|1\n|inactive|Mirthinion has 30 seconds left.\n|\n|t:|1773436939\n|-terastallize|p2b: Calyrex|Water\n|move|p1a: Indeedee|Follow Me|p1a: Indeedee\n|-singleturn|p1a: Indeedee|move: Follow Me\n|move|p2a: Grimmsnarl|Light Screen|p2a: Grimmsnarl\n|-sidestart|p2: Mirthinion|move: Light Screen\n|move|p1b: Calyrex|Astral Barrage|p2a: Grimmsnarl|[spread] p2a,p2b\n|-resisted|p2a: Grimmsnarl\n|-damage|p2a: Grimmsnarl|80/100\n|-damage|p2b: Calyrex|71/100\n|-damage|p1b: Calyrex|91/100|[from] item: Life Orb\n|move|p2b: Calyrex|Leech Seed|p1a: Indeedee\n|-start|p1a: Indeedee|move: Leech Seed\n|\n|-heal|p2b: Calyrex|77/100|[from] item: Leftovers\n|-damage|p1a: Indeedee|88/100|[from] Leech Seed|[of] p2b: Calyrex\n|-heal|p2b: Calyrex|87/100|[silent]\n|upkeep\n|turn|2\n|\n|t:|1773436956\n|switch|p1a: Zamazenta|Zamazenta-Crowned, L50|100/100\n|-ability|p1a: Zamazenta|Dauntless Shield|boost\n|-boost|p1a: Zamazenta|def|1\n|move|p1b: Calyrex|Protect|p1b: Calyrex\n|-singleturn|p1b: Calyrex|Protect\n|move|p2a: Grimmsnarl|Spirit Break|p1b: Calyrex\n|-activate|p1b: Calyrex|move: Protect\n|move|p2b: Calyrex|Trick Room|p2b: Calyrex\n|-fieldstart|move: Trick Room|[of] p2b: Calyrex\n|\n|-heal|p2b: Calyrex|93/100|[from] item: Leftovers\n|upkeep\n|turn|3\n|\n|t:|1773436976\n|move|p1a: Zamazenta|Wide Guard|p1a: Zamazenta\n|-singleturn|p1a: Zamazenta|Wide Guard\n|move|p2a: Grimmsnarl|Reflect|p2a: Grimmsnarl\n|-sidestart|p2: Mirthinion|Reflect\n|move|p2b: Calyrex|Leech Seed|p1a: Zamazenta\n|-start|p1a: Zamazenta|move: Leech Seed\n|move|p1b: Calyrex|Nasty Plot|p1b: Calyrex\n|-boost|p1b: Calyrex|spa|2\n|\n|-heal|p2b: Calyrex|99/100|[from] item: Leftovers\n|-damage|p1a: Zamazenta|89/100|[from] Leech Seed|[of] p2b: Calyrex\n|-heal|p2b: Calyrex|100/100|[silent]\n|upkeep\n|turn|4\n|inactive|Mirthinion has 30 seconds left.\n|inactive|Mirthinion has 20 seconds left.\n|inactive|Mirthinion has 15 seconds left.\n|\n|t:|1773437018\n|move|p2b: Calyrex|Leech Seed|p1b: Calyrex\n|-start|p1b: Calyrex|move: Leech Seed\n|move|p2a: Grimmsnarl|Spirit Break|p1b: Calyrex\n|-damage|p1b: Calyrex|53/100\n|-unboost|p1b: Calyrex|spa|1\n|move|p1a: Zamazenta|Body Press|p2b: Calyrex\n|-damage|p2b: Calyrex|71/100\n|move|p1b: Calyrex|Astral Barrage|p2b: Calyrex|[spread] p2a,p2b\n|-resisted|p2a: Grimmsnarl\n|-damage|p2a: Grimmsnarl|48/100\n|-damage|p2b: Calyrex|25/100\n|-damage|p1b: Calyrex|43/100|[from] item: Life Orb\n|\n|-heal|p2b: Calyrex|31/100|[from] item: Leftovers\n|-damage|p1a: Zamazenta|77/100|[from] Leech Seed|[of] p2b: Calyrex\n|-heal|p2b: Calyrex|41/100|[silent]\n|-damage|p1b: Calyrex|31/100|[from] Leech Seed|[of] p2b: Calyrex\n|-heal|p2b: Calyrex|51/100|[silent]\n|upkeep\n|turn|5\n|-message|Zero3cho forfeited.\n|\n|win|Mirthinion\n|raw|Zero3cho's rating: 1179 &rarr; <strong>1159</strong><br />(-20 for losing)\n|raw|Mirthinion's rating: 1243 &rarr; <strong>1263</strong><br />(+20 for winning)\n|l|\u2606Zero3cho\n|player|p1|\n","uploadtime":1773437038,"views":20,"formatid":"gen9vgc2026regi","rating":1159,"private":0,"password":null}