{"id":"gen9vgc2026regi-2567686163","format":"[Gen 9] VGC 2026 Reg I","players":["blazerZZZ","JERRY RIVERA"],"log":"|j|\u2606blazerZZZ\n|j|\u2606JERRY RIVERA\n|t:|1774503802\n|gametype|doubles\n|player|p1|blazerZZZ|dawn|1408\n|player|p2|JERRY RIVERA|silver|1394\n|gen|9\n|tier|[Gen 9] VGC 2026 Reg I\n|rated|\n|rule|Species Clause: Limit one of each Pok\u00e9mon\n|rule|Item Clause: Limit 1 of each item\n|clearpoke\n|poke|p1|Incineroar, L50, M|\n|poke|p1|Grimmsnarl, L50, M|\n|poke|p1|Calyrex-Ice, L50|\n|poke|p1|Landorus, L50, M|\n|poke|p1|Kyogre, L50|\n|poke|p1|Raging Bolt, L50|\n|poke|p2|Kyogre, L50|\n|poke|p2|Calyrex-Shadow, L50|\n|poke|p2|Weezing-Galar, L50, F|\n|poke|p2|Dondozo, L50, F|\n|poke|p2|Tatsugiri-Droopy, L50, F|\n|poke|p2|Tornadus, L50, M|\n|teampreview|4\n|j| Jolteonhipsta\n|l| Jolteonhipsta\n|inactive|Battle timer is ON: inactive players will automatically lose when time's up. (requested by JERRY RIVERA)\n|\n|t:|1774503871\n|teamsize|p1|4\n|teamsize|p2|4\n|start\n|switch|p1a: Incineroar|Incineroar, L50, M|100/100\n|switch|p1b: Raging Bolt|Raging Bolt, L50|100/100\n|switch|p2a: Weezing|Weezing-Galar, L50, F|100/100\n|switch|p2b: Vino|Calyrex-Shadow, L50|100/100\n|-ability|p2a: Weezing|Neutralizing Gas\n|-ability|p2b: Vino|As One\n|-ability|p2b: Vino|Unnerve\n|turn|1\n|\n|t:|1774503889\n|-terastallize|p2b: Vino|Water\n|move|p2b: Vino|Tera Blast|p1a: Incineroar|[anim] Tera Blast Water\n|-supereffective|p1a: Incineroar\n|-damage|p1a: Incineroar|8/100\n|-damage|p2b: Vino|91/100|[from] item: Life Orb\n|move|p1b: Raging Bolt|Snarl|p2b: Vino|[spread] p2a,p2b\n|-resisted|p2a: Weezing\n|-damage|p2a: Weezing|92/100\n|-damage|p2b: Vino|74/100\n|-unboost|p2a: Weezing|spa|1\n|-unboost|p2b: Vino|spa|1\n|move|p2a: Weezing|Strange Steam|p1b: Raging Bolt\n|-supereffective|p1b: Raging Bolt\n|-damage|p1b: Raging Bolt|69/100\n|move|p1a: Incineroar|Parting Shot|p2b: Vino\n|-unboost|p2b: Vino|atk|1\n|-unboost|p2b: Vino|spa|1\n|\n|t:|1774503908\n|switch|p1a: Kyogre|Kyogre, L50|100/100|[from] Parting Shot\n|\n|upkeep\n|turn|2\n|\n|t:|1774503924\n|move|p1b: Raging Bolt|Thunderclap|p2b: Vino\n|-supereffective|p2b: Vino\n|-damage|p2b: Vino|0 fnt\n|faint|p2b: Vino\n|move|p1a: Kyogre|Origin Pulse|p2a: Weezing\n|-damage|p2a: Weezing|23/100\n|-enditem|p2a: Weezing|Sitrus Berry|[eat]\n|-heal|p2a: Weezing|48/100|[from] item: Sitrus Berry\n|move|p2a: Weezing|Toxic Spikes|p1b: Raging Bolt\n|-sidestart|p1: blazerZZZ|move: Toxic Spikes\n|\n|upkeep\n|\n|t:|1774503943\n|switch|p2b: Chorizo|Dondozo, L50, F|100/100\n|turn|3\n|inactive|blazerZZZ has 30 seconds left.\n|\n|t:|1774503972\n|switch|p1a: Calyrex|Calyrex-Ice, L50|100/100\n|-ability|p1a: Calyrex|As One\n|-ability|p1a: Calyrex|Unnerve\n|-status|p1a: Calyrex|psn\n|-end|p2a: Weezing|ability: Neutralizing Gas\n|switch|p2a: Tatsugiri|Tatsugiri-Droopy, L50, F|100/100\n|-enditem|p1b: Raging Bolt|Booster Energy\n|-activate|p1b: Raging Bolt|ability: Protosynthesis|[fromitem]\n|-start|p1b: Raging Bolt|protosynthesisspa\n|-activate|p2a: Tatsugiri|ability: Commander|[of] p2b: Chorizo\n|-boost|p2b: Chorizo|atk|2\n|-boost|p2b: Chorizo|spa|2\n|-boost|p2b: Chorizo|spe|2\n|-boost|p2b: Chorizo|def|2\n|-boost|p2b: Chorizo|spd|2\n|move|p2b: Chorizo|Earthquake|p1b: Raging Bolt|[spread] p1a,p1b\n|-miss|p2b: Chorizo|p2a: Tatsugiri\n|-supereffective|p1b: Raging Bolt\n|-damage|p1a: Calyrex|77/100 psn\n|-damage|p1b: Raging Bolt|15/100\n|move|p1b: Raging Bolt|Draco Meteor|p2b: Chorizo\n|-damage|p2b: Chorizo|67/100\n|-unboost|p1b: Raging Bolt|spa|2\n|\n|-heal|p2b: Chorizo|74/100|[from] item: Leftovers\n|-heal|p1a: Calyrex|83/100 psn|[from] item: Leftovers\n|-damage|p1a: Calyrex|71/100 psn|[from] psn\n|upkeep\n|turn|4\n|inactive|blazerZZZ has 30 seconds left.\n|inactive|JERRY RIVERA has 30 seconds left.\n|inactive|blazerZZZ has 20 seconds left.\n|inactive|blazerZZZ has 15 seconds left.\n|\n|t:|1774504013\n|move|p1b: Raging Bolt|Thunderclap|p2b: Chorizo\n|-supereffective|p2b: Chorizo\n|-damage|p2b: Chorizo|36/100\n|move|p2b: Chorizo|Earthquake|p1b: Raging Bolt|[spread] p1a,p1b\n|-miss|p2b: Chorizo|p2a: Tatsugiri\n|-supereffective|p1b: Raging Bolt\n|-crit|p1b: Raging Bolt\n|-damage|p1a: Calyrex|48/100 psn\n|-damage|p1b: Raging Bolt|0 fnt\n|faint|p1b: Raging Bolt\n|-end|p1b: Raging Bolt|Protosynthesis|[silent]\n|move|p1a: Calyrex|Leech Seed|p2b: Chorizo\n|-start|p2b: Chorizo|move: Leech Seed\n|\n|-heal|p2b: Chorizo|42/100|[from] item: Leftovers\n|-heal|p1a: Calyrex|54/100 psn|[from] item: Leftovers\n|-damage|p2b: Chorizo|30/100|[from] Leech Seed|[of] p1a: Calyrex\n|-heal|p1a: Calyrex|69/100 psn|[silent]\n|-damage|p1a: Calyrex|57/100 psn|[from] psn\n|upkeep\n|inactive|blazerZZZ has 30 seconds left.\n|\n|t:|1774504042\n|switch|p1b: Kyogre|Kyogre, L50|100/100\n|-status|p1b: Kyogre|psn\n|-weather|RainDance|[from] ability: Drizzle|[of] p1b: Kyogre\n|turn|5\n|\n|t:|1774504060\n|move|p2b: Chorizo|Earthquake|p1b: Kyogre|[spread] p1a,p1b\n|-miss|p2b: Chorizo|p2a: Tatsugiri\n|-damage|p1a: Calyrex|35/100 psn\n|-damage|p1b: Kyogre|66/100 psn\n|move|p1b: Kyogre|Thunder|p2b: Chorizo\n|-supereffective|p2b: Chorizo\n|-damage|p2b: Chorizo|0 fnt\n|faint|p2b: Chorizo\n|move|p1a: Calyrex|High Horsepower|p2a: Tatsugiri\n|-damage|p2a: Tatsugiri|56/100\n|\n|-weather|RainDance|[upkeep]\n|-heal|p1a: Calyrex|41/100 psn|[from] item: Leftovers\n|-damage|p1b: Kyogre|54/100 psn|[from] psn\n|-damage|p1a: Calyrex|29/100 psn|[from] psn\n|upkeep\n|\n|t:|1774504075\n|switch|p2b: Weezing|Weezing-Galar, L50, F|48/100\n|-ability|p2b: Weezing|Neutralizing Gas\n|turn|6\n|\n|t:|1774504092\n|move|p2b: Weezing|Protect|p2b: Weezing\n|-singleturn|p2b: Weezing|Protect\n|move|p1b: Kyogre|Thunder|p2a: Tatsugiri\n|-damage|p2a: Tatsugiri|4/100\n|move|p2a: Tatsugiri|Muddy Water|p1a: Calyrex|[spread] p1b\n|-miss|p2a: Tatsugiri|p1a: Calyrex\n|-resisted|p1b: Kyogre\n|-damage|p1b: Kyogre|43/100 psn\n|move|p1a: Calyrex|Leech Seed|p2b: Weezing\n|-activate|p2b: Weezing|move: Protect\n|\n|-weather|RainDance|[upkeep]\n|-heal|p1a: Calyrex|35/100 psn|[from] item: Leftovers\n|-damage|p1b: Kyogre|31/100 psn|[from] psn\n|-damage|p1a: Calyrex|23/100 psn|[from] psn\n|upkeep\n|turn|7\n|\n|t:|1774504116\n|move|p1b: Kyogre|Thunder|p2a: Tatsugiri\n|-damage|p2a: Tatsugiri|0 fnt\n|faint|p2a: Tatsugiri\n|move|p2b: Weezing|Strange Steam|p1a: Calyrex\n|-damage|p1a: Calyrex|5/100 psn\n|move|p1a: Calyrex|Glacial Lance|p2b: Weezing\n|-damage|p2b: Weezing|0 fnt\n|faint|p2b: Weezing\n|-end|p2b: Weezing|ability: Neutralizing Gas\n|\n|win|blazerZZZ\n|raw|blazerZZZ's rating: 1408 &rarr; <strong>1427</strong><br />(+19 for winning)\n|raw|JERRY RIVERA's rating: 1394 &rarr; <strong>1375</strong><br />(-19 for losing)\n|l|\u2606JERRY RIVERA\n|player|p2|\n|l|\u2606blazerZZZ\n|player|p1|\n","uploadtime":1774504337,"views":7,"formatid":"gen9vgc2026regi","rating":1375,"private":0,"password":null}