{"id":"gen9vgc2026regi-2527521367","format":"[Gen 9] VGC 2026 Reg I","players":["kojimuranishi","Schimmli"],"log":"|j|\u2606kojimuranishi\n|j|\u2606Schimmli\n|t:|1769545857\n|gametype|doubles\n|player|p1|kojimuranishi|170|1351\n|player|p2|Schimmli|101|1451\n|gen|9\n|tier|[Gen 9] VGC 2026 Reg I\n|rated|\n|rule|Species Clause: Limit one of each Pok\u00e9mon\n|rule|Item Clause: Limit 1 of each item\n|clearpoke\n|poke|p1|Whimsicott, L50, M|\n|poke|p1|Calyrex-Ice, L50|\n|poke|p1|Miraidon, L50|\n|poke|p1|Chi-Yu, L50|\n|poke|p1|Landorus, L50, M|\n|poke|p1|Suicune, L50|\n|poke|p2|Kyogre, L50|\n|poke|p2|Tornadus, L50, M|\n|poke|p2|Urshifu-*, L50, F|\n|poke|p2|Landorus, L50, M|\n|poke|p2|Flutter Mane, L50|\n|poke|p2|Zamazenta-*, L50|\n|teampreview|4\n|inactive|Battle timer is ON: inactive players will automatically lose when time's up. (requested by kojimuranishi)\n|inactive|Schimmli has 60 seconds left.\n|\n|t:|1769545897\n|teamsize|p1|4\n|teamsize|p2|4\n|start\n|switch|p1a: Miraidon|Miraidon, L50|100/100\n|switch|p1b: Suicune|Suicune, L50|100/100\n|switch|p2a: Tornadus|Tornadus, L50, M|100/100\n|switch|p2b: Landorus|Landorus, L50, M|100/100\n|-fieldstart|move: Electric Terrain|[from] ability: Hadron Engine|[of] p1a: Miraidon\n|turn|1\n|\n|t:|1769545914\n|move|p2a: Tornadus|Tailwind|p2a: Tornadus\n|-sidestart|p2: Schimmli|move: Tailwind\n|move|p1a: Miraidon|Volt Switch|p2a: Tornadus\n|-supereffective|p2a: Tornadus\n|-damage|p2a: Tornadus|0 fnt\n|faint|p2a: Tornadus\n|\n|t:|1769545921\n|switch|p1a: Whimsicott|Whimsicott, L50, M|100/100|[from] Volt Switch\n|move|p2b: Landorus|Sandsear Storm|p1b: Suicune|[spread] p1a\n|-miss|p2b: Landorus|p1b: Suicune\n|-resisted|p1a: Whimsicott\n|-damage|p1a: Whimsicott|44/100\n|move|p1b: Suicune|Icy Wind|p2b: Landorus\n|-supereffective|p2b: Landorus\n|-damage|p2b: Landorus|50/100\n|-unboost|p2b: Landorus|spe|1\n|\n|upkeep\n|\n|t:|1769545934\n|switch|p2a: Zamazenta|Zamazenta-Crowned, L50|100/100\n|-ability|p2a: Zamazenta|Dauntless Shield|boost\n|-boost|p2a: Zamazenta|def|1\n|turn|2\n|\n|t:|1769545949\n|move|p1a: Whimsicott|Tailwind|p1a: Whimsicott\n|-sidestart|p1: kojimuranishi|move: Tailwind\n|move|p2a: Zamazenta|Body Press|p1b: Suicune\n|-damage|p1b: Suicune|62/100\n|move|p1b: Suicune|Scald|p2a: Zamazenta\n|-damage|p2a: Zamazenta|83/100\n|move|p2b: Landorus|Sandsear Storm|p1b: Suicune|[spread] p1b\n|-miss|p2b: Landorus|p1a: Whimsicott\n|-damage|p1b: Suicune|29/100\n|\n|upkeep\n|turn|3\n|inactive|kojimuranishi has 30 seconds left.\n|inactive|Schimmli has 30 seconds left.\n|\n|t:|1769545981\n|move|p1a: Whimsicott|Moonblast|p2b: Landorus\n|-damage|p2b: Landorus|10/100\n|-unboost|p2b: Landorus|spa|1\n|move|p2a: Zamazenta|Body Press|p1b: Suicune\n|-damage|p1b: Suicune|0 fnt\n|faint|p1b: Suicune\n|move|p2b: Landorus|Earth Power|p1a: Whimsicott\n|-resisted|p1a: Whimsicott\n|-damage|p1a: Whimsicott|3/100\n|\n|upkeep\n|\n|t:|1769546002\n|switch|p1b: Miraidon|Miraidon, L50|100/100\n|-activate|p1b: Miraidon|ability: Hadron Engine\n|turn|4\n|\n|t:|1769546013\n|switch|p2b: Flutter Mane|Flutter Mane, L50|100/100\n|-enditem|p2b: Flutter Mane|Booster Energy\n|-activate|p2b: Flutter Mane|ability: Protosynthesis|[fromitem]\n|-start|p2b: Flutter Mane|protosynthesisspe\n|move|p2a: Zamazenta|Protect|p2a: Zamazenta\n|-singleturn|p2a: Zamazenta|Protect\n|move|p1b: Miraidon|Volt Switch|p2a: Zamazenta\n|-activate|p2a: Zamazenta|move: Protect\n|move|p1a: Whimsicott|Moonblast|p2b: Flutter Mane\n|-damage|p2b: Flutter Mane|67/100\n|\n|-sideend|p2: Schimmli|move: Tailwind\n|upkeep\n|turn|5\n|inactive|Schimmli has 30 seconds left.\n|\n|t:|1769546045\n|-terastallize|p2a: Zamazenta|Dragon\n|move|p2b: Flutter Mane|Protect|p2b: Flutter Mane\n|-singleturn|p2b: Flutter Mane|Protect\n|move|p1a: Whimsicott|Encore|p2a: Zamazenta\n|-start|p2a: Zamazenta|Encore\n|move|p1b: Miraidon|Volt Switch|p2b: Flutter Mane\n|-activate|p2b: Flutter Mane|move: Protect\n|move|p2a: Zamazenta|Protect||[still]\n|-fail|p2a: Zamazenta\n|\n|-sideend|p1: kojimuranishi|move: Tailwind\n|-fieldend|move: Electric Terrain\n|upkeep\n|turn|6\n|\n|t:|1769546066\n|switch|p1b: Calyrex|Calyrex-Ice, L50|100/100\n|-ability|p1b: Calyrex|As One\n|-ability|p1b: Calyrex|Unnerve\n|-end|p2b: Flutter Mane|Protosynthesis|[silent]\n|switch|p2b: Landorus|Landorus, L50, M|10/100\n|move|p2a: Zamazenta|Protect|p2a: Zamazenta\n|-singleturn|p2a: Zamazenta|Protect\n|move|p1a: Whimsicott|Encore||[still]\n|-fail|p1a: Whimsicott\n|\n|upkeep\n|turn|7\n|\n|t:|1769546085\n|-terastallize|p1b: Calyrex|Ice\n|move|p2a: Zamazenta|Protect||[still]\n|-fail|p2a: Zamazenta\n|move|p1a: Whimsicott|Tailwind|p1a: Whimsicott\n|-sidestart|p1: kojimuranishi|move: Tailwind\n|move|p1b: Calyrex|Glacial Lance|p2a: Zamazenta|[spread] p2a,p2b\n|-supereffective|p2a: Zamazenta\n|-supereffective|p2b: Landorus\n|-damage|p2a: Zamazenta|0 fnt\n|-damage|p2b: Landorus|0 fnt\n|faint|p2a: Zamazenta\n|faint|p2b: Landorus\n|-ability|p1b: Calyrex|Chilling Neigh|boost\n|-boost|p1b: Calyrex|atk|2\n|\n|upkeep\n|-message|Schimmli forfeited.\n|\n|win|kojimuranishi\n|raw|kojimuranishi's rating: 1351 &rarr; <strong>1377</strong><br />(+26 for winning)\n|raw|Schimmli's rating: 1451 &rarr; <strong>1425</strong><br />(-26 for losing)\n|l|\u2606Schimmli\n|player|p2|\n|l|\u2606kojimuranishi\n|player|p1|\n","uploadtime":1769546268,"views":29,"formatid":"gen9vgc2026regi","rating":1377,"private":0,"password":null}