{"id":"gen9vgc2026regi-2570047765","format":"[Gen 9] VGC 2026 Reg I","players":["Luigi Magnezone","fallacy277"],"log":"|j|\u2606Luigi Magnezone\n|j|\u2606fallacy277\n|t:|1774761338\n|gametype|doubles\n|player|p1|Luigi Magnezone|giovanni|1187\n|player|p2|fallacy277|102|1288\n|gen|9\n|tier|[Gen 9] VGC 2026 Reg I\n|rated|\n|rule|Species Clause: Limit one of each Pok\u00e9mon\n|rule|Item Clause: Limit 1 of each item\n|clearpoke\n|poke|p1|Brute Bonnet, L50|\n|poke|p1|Lunala, L50|\n|poke|p1|Ursaluna, L50, M|\n|poke|p1|Chi-Yu, L50|\n|poke|p1|Koraidon, L50|\n|poke|p1|Flutter Mane, L50|\n|poke|p2|Groudon, L50|\n|poke|p2|Calyrex-Ice, L50|\n|poke|p2|Flutter Mane, L50|\n|poke|p2|Gouging Fire, L50|\n|poke|p2|Jumpluff, L50, F|\n|poke|p2|Raging Bolt, L50|\n|teampreview|4\n|inactive|Battle timer is ON: inactive players will automatically lose when time's up. (requested by Luigi Magnezone)\n|j| KOHAKUO\n|inactive|Luigi Magnezone has 60 seconds left.\n|inactive|fallacy277 has 60 seconds left.\n|inactive|fallacy277 has 30 seconds left.\n|\n|t:|1774761403\n|teamsize|p1|4\n|teamsize|p2|4\n|start\n|switch|p1a: Flutter Mane|Flutter Mane, L50|100/100\n|switch|p1b: Koraidon|Koraidon, L50|100/100\n|switch|p2a: Groudon|Groudon, L50|100/100\n|switch|p2b: Flutter Mane|Flutter Mane, L50|100/100\n|-weather|SunnyDay|[from] ability: Orichalcum Pulse|[of] p1b: Koraidon\n|-activate|p1a: Flutter Mane|ability: Protosynthesis\n|-start|p1a: Flutter Mane|protosynthesisspe\n|-activate|p2b: Flutter Mane|ability: Protosynthesis\n|-start|p2b: Flutter Mane|protosynthesisspe\n|-activate|p1b: Koraidon|Orichalcum Pulse|[source]\n|turn|1\n|inactive|Luigi Magnezone has 30 seconds left.\n|\n|t:|1774761437\n|-end|p1a: Flutter Mane|Protosynthesis|[silent]\n|switch|p1a: Ursaluna|Ursaluna, L50, M|100/100\n|move|p2b: Flutter Mane|Icy Wind|p1b: Koraidon|[spread] p1a,p1b\n|-supereffective|p1a: Ursaluna\n|-supereffective|p1b: Koraidon\n|-damage|p1a: Ursaluna|80/100\n|-damage|p1b: Koraidon|74/100\n|-unboost|p1a: Ursaluna|spe|1\n|-unboost|p1b: Koraidon|spe|1\n|move|p1b: Koraidon|Flame Charge|p2b: Flutter Mane\n|-damage|p2b: Flutter Mane|35/100\n|-boost|p1b: Koraidon|spe|1\n|-enditem|p2b: Flutter Mane|Sitrus Berry|[eat]\n|-heal|p2b: Flutter Mane|59/100|[from] item: Sitrus Berry\n|-damage|p1b: Koraidon|65/100|[from] item: Life Orb\n|move|p2a: Groudon|Precipice Blades|p1a: Ursaluna|[spread] p1a,p1b\n|-damage|p1a: Ursaluna|44/100\n|-damage|p1b: Koraidon|20/100\n|\n|-weather|SunnyDay|[upkeep]\n|-status|p1a: Ursaluna|brn|[from] item: Flame Orb\n|upkeep\n|turn|2\n|l| KOHAKUO\n|inactive|fallacy277 has 30 seconds left.\n|\n|t:|1774761464\n|switch|p1b: Lunala|Lunala, L50|100/100\n|move|p2b: Flutter Mane|Protect|p2b: Flutter Mane\n|-singleturn|p2b: Flutter Mane|Protect\n|move|p1a: Ursaluna|Protect|p1a: Ursaluna\n|-singleturn|p1a: Ursaluna|Protect\n|move|p2a: Groudon|Precipice Blades|p1a: Ursaluna|[spread] p1b\n|-activate|p1a: Ursaluna|move: Protect\n|-damage|p1b: Lunala|80/100\n|\n|-weather|SunnyDay|[upkeep]\n|-damage|p1a: Ursaluna|38/100 brn|[from] brn\n|upkeep\n|turn|3\n|inactive|Luigi Magnezone has 30 seconds left.\n|inactive|Luigi Magnezone has 20 seconds left.\n|\n|t:|1774761502\n|switch|p1a: Flutter Mane|Flutter Mane, L50|100/100\n|-activate|p1a: Flutter Mane|ability: Protosynthesis\n|-start|p1a: Flutter Mane|protosynthesisspe\n|-terastallize|p1b: Lunala|Water\n|move|p2a: Groudon|Protect|p2a: Groudon\n|-singleturn|p2a: Groudon|Protect\n|move|p2b: Flutter Mane|Taunt|p1b: Lunala\n|-start|p1b: Lunala|move: Taunt\n|cant|p1b: Lunala|move: Taunt|Trick Room\n|\n|-weather|SunnyDay|[upkeep]\n|upkeep\n|turn|4\n|inactive|fallacy277 has 30 seconds left.\n|\n|t:|1774761530\n|move|p1a: Flutter Mane|Shadow Ball|p2b: Flutter Mane\n|-supereffective|p2b: Flutter Mane\n|-damage|p2b: Flutter Mane|0 fnt\n|faint|p2b: Flutter Mane\n|-end|p2b: Flutter Mane|Protosynthesis|[silent]\n|move|p2a: Groudon|Precipice Blades|p1a: Flutter Mane|[spread] p1a,p1b\n|-damage|p1a: Flutter Mane|2/100\n|-damage|p1b: Lunala|39/100\n|move|p1b: Lunala|Moongeist Beam|p2a: Groudon\n|-damage|p2a: Groudon|51/100\n|\n|-weather|SunnyDay|[upkeep]\n|upkeep\n|\n|t:|1774761551\n|switch|p2b: Gouging Fire|Gouging Fire, L50|100/100\n|-activate|p2b: Gouging Fire|ability: Protosynthesis\n|-start|p2b: Gouging Fire|protosynthesisspe\n|turn|5\n|inactive|Luigi Magnezone has 30 seconds left.\n|inactive|fallacy277 has 30 seconds left.\n|inactive|Luigi Magnezone has 20 seconds left.\n|inactive|fallacy277 has 20 seconds left.\n|inactive|Luigi Magnezone has 15 seconds left.\n|inactive|Luigi Magnezone has 10 seconds left.\n|\n|t:|1774761598\n|switch|p1b: Ursaluna|Ursaluna, L50, M|38/100 brn\n|move|p1a: Flutter Mane|Icy Wind|p2a: Groudon|[spread] p2a,p2b\n|-supereffective|p2a: Groudon\n|-damage|p2a: Groudon|26/100\n|-damage|p2b: Gouging Fire|85/100\n|-unboost|p2b: Gouging Fire|spe|1\n|move|p2b: Gouging Fire|Flare Blitz|p1b: Ursaluna\n|-damage|p1b: Ursaluna|0 fnt\n|faint|p1b: Ursaluna\n|-damage|p2b: Gouging Fire|69/100|[from] Recoil\n|move|p2a: Groudon|Precipice Blades|p1a: Flutter Mane|[miss]\n|-miss|p2a: Groudon|p1a: Flutter Mane\n|\n|-weather|none\n|-end|p1a: Flutter Mane|Protosynthesis\n|-end|p2b: Gouging Fire|Protosynthesis\n|upkeep\n|\n|t:|1774761609\n|switch|p1b: Koraidon|Koraidon, L50|20/100\n|-weather|SunnyDay|[from] ability: Orichalcum Pulse|[of] p1b: Koraidon\n|-activate|p1a: Flutter Mane|ability: Protosynthesis\n|-start|p1a: Flutter Mane|protosynthesisspe\n|-activate|p2b: Gouging Fire|ability: Protosynthesis\n|-start|p2b: Gouging Fire|protosynthesisatk\n|-activate|p1b: Koraidon|Orichalcum Pulse|[source]\n|turn|6\n|\n|t:|1774761631\n|move|p2b: Gouging Fire|Protect|p2b: Gouging Fire\n|-singleturn|p2b: Gouging Fire|Protect\n|move|p1a: Flutter Mane|Shadow Ball|p2a: Groudon\n|-damage|p2a: Groudon|0 fnt\n|faint|p2a: Groudon\n|move|p1b: Koraidon|Close Combat|p2b: Gouging Fire\n|-activate|p2b: Gouging Fire|move: Protect\n|\n|-weather|SunnyDay|[upkeep]\n|upkeep\n|\n|t:|1774761638\n|switch|p2a: Calyrex|Calyrex-Ice, L50|100/100\n|-ability|p2a: Calyrex|As One\n|-ability|p2a: Calyrex|Unnerve\n|turn|7\n|inactive|Luigi Magnezone has 30 seconds left.\n|inactive|Luigi Magnezone has 20 seconds left.\n|\n|t:|1774761676\n|-terastallize|p2a: Calyrex|Fire\n|move|p1a: Flutter Mane|Shadow Ball|p2a: Calyrex\n|-damage|p2a: Calyrex|79/100\n|move|p1b: Koraidon|Close Combat|p2a: Calyrex\n|-damage|p2a: Calyrex|14/100\n|-unboost|p1b: Koraidon|def|1\n|-unboost|p1b: Koraidon|spd|1\n|-damage|p1b: Koraidon|11/100|[from] item: Life Orb\n|move|p2b: Gouging Fire|Flare Blitz|p1a: Flutter Mane\n|-damage|p1a: Flutter Mane|0 fnt\n|faint|p1a: Flutter Mane\n|-end|p1a: Flutter Mane|Protosynthesis|[silent]\n|-damage|p2b: Gouging Fire|69/100|[from] Recoil\n|move|p2a: Calyrex|Glacial Lance|p1b: Koraidon\n|-supereffective|p1b: Koraidon\n|-damage|p1b: Koraidon|0 fnt\n|faint|p1b: Koraidon\n|-ability|p2a: Calyrex|Chilling Neigh|boost\n|-boost|p2a: Calyrex|atk|1\n|\n|-weather|SunnyDay|[upkeep]\n|upkeep\n|\n|t:|1774761685\n|switch|p1b: Lunala|Lunala, L50, tera:Water|39/100\n|turn|8\n|\n|t:|1774761702\n|move|p1b: Lunala|Meteor Beam||[still]\n|-prepare|p1b: Lunala|Meteor Beam\n|-boost|p1b: Lunala|spa|1\n|-enditem|p1b: Lunala|Power Herb\n|-anim|p1b: Lunala|Meteor Beam|p2a: Calyrex\n|-supereffective|p2a: Calyrex\n|-damage|p2a: Calyrex|0 fnt\n|faint|p2a: Calyrex\n|move|p2b: Gouging Fire|Flare Blitz|p1b: Lunala\n|-resisted|p1b: Lunala\n|-damage|p1b: Lunala|0 fnt\n|faint|p1b: Lunala\n|-damage|p2b: Gouging Fire|53/100|[from] Recoil\n|\n|win|fallacy277\n|raw|Luigi Magnezone's rating: 1187 &rarr; <strong>1169</strong><br />(-18 for losing)\n|raw|fallacy277's rating: 1288 &rarr; <strong>1306</strong><br />(+18 for winning)\n|l|\u2606Luigi Magnezone\n|player|p1|\n|l|\u2606fallacy277\n|player|p2|\n","uploadtime":1774761904,"views":13,"formatid":"gen9vgc2026regi","rating":1169,"private":0,"password":null}