{"id":"gen9vgc2026regi-2565488155","format":"[Gen 9] VGC 2026 Reg I","players":["kojimuranishi","soten soten"],"log":"|j|\u2606kojimuranishi\n|j|\u2606soten soten\n|t:|1774279578\n|gametype|doubles\n|player|p1|kojimuranishi|2|1669\n|player|p2|soten soten|hilbert|1649\n|gen|9\n|tier|[Gen 9] VGC 2026 Reg I\n|rated|\n|rule|Species Clause: Limit one of each Pok\u00e9mon\n|rule|Item Clause: Limit 1 of each item\n|clearpoke\n|poke|p1|Whimsicott, L50, M|\n|poke|p1|Calyrex-Ice, L50|\n|poke|p1|Miraidon, L50|\n|poke|p1|Chi-Yu, L50|\n|poke|p1|Landorus, L50, M|\n|poke|p1|Farigiraf, L50, F|\n|poke|p2|Ho-Oh, L50|\n|poke|p2|Eternatus, L50|\n|poke|p2|Incineroar, L50, M|\n|poke|p2|Rillaboom, L50, M|\n|poke|p2|Toxapex, L50, M|\n|poke|p2|Ting-Lu, L50|\n|teampreview|4\n|inactive|Battle timer is ON: inactive players will automatically lose when time's up. (requested by kojimuranishi)\n|inactive|soten soten also wants the timer to be on.\n|\n|t:|1774279612\n|teamsize|p1|4\n|teamsize|p2|4\n|start\n|switch|p1a: Chi-Yu|Chi-Yu, L50|100/100\n|switch|p1b: Miraidon|Miraidon, L50|100/100\n|switch|p2a: Eternatus|Eternatus, L50|100/100\n|switch|p2b: Rillaboom|Rillaboom, L50, M|100/100\n|-fieldstart|move: Electric Terrain|[from] ability: Hadron Engine|[of] p1b: Miraidon\n|-ability|p1a: Chi-Yu|Beads of Ruin\n|-ability|p2a: Eternatus|Pressure\n|-fieldstart|move: Grassy Terrain|[from] ability: Grassy Surge|[of] p2b: Rillaboom\n|turn|1\n|\n|t:|1774279636\n|switch|p1b: Whimsicott|Whimsicott, L50, M|100/100\n|-terastallize|p2a: Eternatus|Poison\n|move|p2b: Rillaboom|Fake Out|p1a: Chi-Yu\n|-damage|p1a: Chi-Yu|82/100\n|cant|p1a: Chi-Yu|flinch\n|move|p2a: Eternatus|Dynamax Cannon|p1a: Chi-Yu\n|-damage|p1a: Chi-Yu|30/100\n|\n|-heal|p1a: Chi-Yu|36/100|[from] Grassy Terrain\n|upkeep\n|turn|2\n|\n|t:|1774279658\n|switch|p2b: Incineroar|Incineroar, L50, M|100/100\n|-ability|p2b: Incineroar|Intimidate|boost\n|-unboost|p1a: Chi-Yu|atk|1\n|-unboost|p1b: Whimsicott|atk|1\n|move|p1b: Whimsicott|Tailwind|p1b: Whimsicott\n|-sidestart|p1: kojimuranishi|move: Tailwind\n|move|p1a: Chi-Yu|Heat Wave|p2b: Incineroar|[spread] p2a,p2b\n|-resisted|p2b: Incineroar\n|-damage|p2a: Eternatus|44/100\n|-damage|p2b: Incineroar|71/100\n|move|p2a: Eternatus|Dynamax Cannon|p1a: Chi-Yu\n|-damage|p1a: Chi-Yu|0 fnt\n|faint|p1a: Chi-Yu\n|\n|-heal|p2a: Eternatus|50/100|[from] Grassy Terrain\n|-heal|p2a: Eternatus|56/100|[from] item: Black Sludge\n|-heal|p2b: Incineroar|77/100|[from] Grassy Terrain\n|upkeep\n|\n|t:|1774279677\n|switch|p1a: Calyrex|Calyrex-Ice, L50|100/100\n|-ability|p1a: Calyrex|As One\n|-ability|p1a: Calyrex|Unnerve\n|turn|3\n|\n|t:|1774279686\n|-terastallize|p1a: Calyrex|Ice\n|move|p2b: Incineroar|Fake Out|p1a: Calyrex\n|-damage|p1a: Calyrex|93/100\n|move|p1b: Whimsicott|Moonblast|p2b: Incineroar\n|-damage|p2b: Incineroar|46/100\n|cant|p1a: Calyrex|flinch\n|move|p2a: Eternatus|Toxic|p1a: Calyrex\n|-status|p1a: Calyrex|tox\n|\n|-heal|p1a: Calyrex|99/100 tox|[from] Grassy Terrain\n|-heal|p2a: Eternatus|62/100|[from] Grassy Terrain\n|-heal|p2a: Eternatus|68/100|[from] item: Black Sludge\n|-heal|p2b: Incineroar|52/100|[from] Grassy Terrain\n|-damage|p1a: Calyrex|93/100 tox|[from] psn\n|upkeep\n|turn|4\n|\n|t:|1774279705\n|switch|p2b: Ho-Oh|Ho-Oh, L50|100/100\n|move|p2a: Eternatus|Protect|p2a: Eternatus\n|-singleturn|p2a: Eternatus|Protect\n|move|p1b: Whimsicott|Moonblast|p2b: Ho-Oh\n|-resisted|p2b: Ho-Oh\n|-damage|p2b: Ho-Oh|89/100\n|move|p1a: Calyrex|Glacial Lance|p2b: Ho-Oh|[spread] p2b\n|-activate|p2a: Eternatus|move: Protect\n|-damage|p2b: Ho-Oh|13/100\n|\n|-heal|p1a: Calyrex|99/100 tox|[from] Grassy Terrain\n|-heal|p2a: Eternatus|74/100|[from] Grassy Terrain\n|-heal|p2a: Eternatus|81/100|[from] item: Black Sludge\n|-damage|p1a: Calyrex|87/100 tox|[from] psn\n|upkeep\n|turn|5\n|\n|t:|1774279724\n|switch|p2a: Incineroar|Incineroar, L50, M|52/100\n|-ability|p2a: Incineroar|Intimidate|boost\n|-unboost|p1a: Calyrex|atk|1\n|-unboost|p1b: Whimsicott|atk|1\n|move|p2b: Ho-Oh|Protect|p2b: Ho-Oh\n|-singleturn|p2b: Ho-Oh|Protect\n|move|p1b: Whimsicott|Encore|p2a: Incineroar\n|-hint|Since gen 7, Dark is immune to Prankster moves.\n|-immune|p2a: Incineroar\n|move|p1a: Calyrex|Glacial Lance|p2a: Incineroar|[spread] p2a\n|-activate|p2b: Ho-Oh|move: Protect\n|-resisted|p2a: Incineroar\n|-damage|p2a: Incineroar|16/100\n|\n|-heal|p1a: Calyrex|93/100 tox|[from] Grassy Terrain\n|-heal|p2a: Incineroar|22/100|[from] Grassy Terrain\n|-damage|p1a: Calyrex|74/100 tox|[from] psn\n|-sideend|p1: kojimuranishi|move: Tailwind\n|-fieldend|move: Grassy Terrain\n|upkeep\n|turn|6\n|\n|t:|1774279744\n|switch|p2b: Eternatus|Eternatus, L50, tera:Poison|81/100\n|-ability|p2b: Eternatus|Pressure\n|move|p2a: Incineroar|Fake Out|p1a: Calyrex\n|-damage|p1a: Calyrex|67/100 tox\n|move|p1b: Whimsicott|Moonblast|p2b: Eternatus\n|-resisted|p2b: Eternatus\n|-damage|p2b: Eternatus|67/100\n|cant|p1a: Calyrex|flinch\n|\n|-heal|p2b: Eternatus|73/100|[from] item: Black Sludge\n|-damage|p1a: Calyrex|42/100 tox|[from] psn\n|upkeep\n|turn|7\n|\n|t:|1774279760\n|switch|p2a: Ho-Oh|Ho-Oh, L50|47/100\n|move|p2b: Eternatus|Protect|p2b: Eternatus\n|-singleturn|p2b: Eternatus|Protect\n|move|p1b: Whimsicott|Tailwind|p1b: Whimsicott\n|-sidestart|p1: kojimuranishi|move: Tailwind\n|move|p1a: Calyrex|Glacial Lance|p2a: Ho-Oh|[spread] p2a\n|-activate|p2b: Eternatus|move: Protect\n|-damage|p2a: Ho-Oh|0 fnt\n|faint|p2a: Ho-Oh\n|-ability|p1a: Calyrex|Chilling Neigh|boost\n|-boost|p1a: Calyrex|atk|1\n|\n|-heal|p2b: Eternatus|79/100|[from] item: Black Sludge\n|-damage|p1a: Calyrex|11/100 tox|[from] psn\n|upkeep\n|\n|t:|1774279766\n|switch|p2a: Incineroar|Incineroar, L50, M|22/100\n|-ability|p2a: Incineroar|Intimidate|boost\n|-unboost|p1a: Calyrex|atk|1\n|-unboost|p1b: Whimsicott|atk|1\n|turn|8\n|\n|t:|1774279785\n|switch|p1a: Miraidon|Miraidon, L50|100/100\n|-enditem|p2a: Incineroar|Sitrus Berry|[eat]\n|-heal|p2a: Incineroar|47/100|[from] item: Sitrus Berry\n|-fieldstart|move: Electric Terrain|[from] ability: Hadron Engine|[of] p1a: Miraidon\n|switch|p2b: Rillaboom|Rillaboom, L50, M|100/100\n|-fieldstart|move: Grassy Terrain|[from] ability: Grassy Surge|[of] p2b: Rillaboom\n|move|p2a: Incineroar|Fake Out|p1a: Miraidon\n|-damage|p1a: Miraidon|89/100\n|move|p1b: Whimsicott|Moonblast|p2a: Incineroar\n|-damage|p2a: Incineroar|18/100\n|\n|-heal|p1a: Miraidon|95/100|[from] Grassy Terrain\n|-heal|p2a: Incineroar|24/100|[from] Grassy Terrain\n|upkeep\n|turn|9\n|inactive|kojimuranishi has 30 seconds left.\n|\n|t:|1774279816\n|switch|p2a: Eternatus|Eternatus, L50, tera:Poison|79/100\n|-ability|p2a: Eternatus|Pressure\n|move|p1a: Miraidon|Electro Drift|p2a: Eternatus\n|-damage|p2a: Eternatus|45/100\n|move|p1b: Whimsicott|Moonblast|p2a: Eternatus\n|-resisted|p2a: Eternatus\n|-damage|p2a: Eternatus|33/100\n|move|p2b: Rillaboom|U-turn|p1a: Miraidon\n|-damage|p1a: Miraidon|75/100\n|\n|t:|1774279822\n|switch|p2b: Incineroar|Incineroar, L50, M|24/100|[from] U-turn\n|-ability|p2b: Incineroar|Intimidate|boost\n|-unboost|p1a: Miraidon|atk|1\n|-unboost|p1b: Whimsicott|atk|1\n|\n|-heal|p1a: Miraidon|82/100|[from] Grassy Terrain\n|-heal|p2a: Eternatus|39/100|[from] Grassy Terrain\n|-heal|p2a: Eternatus|45/100|[from] item: Black Sludge\n|-heal|p2b: Incineroar|30/100|[from] Grassy Terrain\n|upkeep\n|turn|10\n|\n|t:|1774279842\n|move|p2b: Incineroar|Fake Out|p1a: Miraidon\n|-damage|p1a: Miraidon|72/100\n|cant|p1a: Miraidon|flinch\n|move|p1b: Whimsicott|Moonblast|p2b: Incineroar\n|-damage|p2b: Incineroar|3/100\n|-unboost|p2b: Incineroar|spa|1\n|move|p2a: Eternatus|Dynamax Cannon|p1a: Miraidon\n|-supereffective|p1a: Miraidon\n|-damage|p1a: Miraidon|0 fnt\n|faint|p1a: Miraidon\n|\n|-heal|p2a: Eternatus|51/100|[from] Grassy Terrain\n|-heal|p2a: Eternatus|57/100|[from] item: Black Sludge\n|-heal|p2b: Incineroar|9/100|[from] Grassy Terrain\n|-sideend|p1: kojimuranishi|move: Tailwind\n|upkeep\n|\n|t:|1774279859\n|switch|p1a: Calyrex|Calyrex-Ice, L50, tera:Ice|11/100 tox\n|-ability|p1a: Calyrex|As One\n|-ability|p1a: Calyrex|Unnerve\n|turn|11\n|\n|t:|1774279871\n|move|p2a: Eternatus|Protect|p2a: Eternatus\n|-singleturn|p2a: Eternatus|Protect\n|move|p1b: Whimsicott|Tailwind|p1b: Whimsicott\n|-sidestart|p1: kojimuranishi|move: Tailwind\n|move|p1a: Calyrex|Icicle Crash|p2b: Incineroar\n|-resisted|p2b: Incineroar\n|-damage|p2b: Incineroar|0 fnt\n|faint|p2b: Incineroar\n|-ability|p1a: Calyrex|Chilling Neigh|boost\n|-boost|p1a: Calyrex|atk|1\n|\n|-heal|p1a: Calyrex|17/100 tox|[from] Grassy Terrain\n|-heal|p2a: Eternatus|63/100|[from] Grassy Terrain\n|-heal|p2a: Eternatus|69/100|[from] item: Black Sludge\n|-damage|p1a: Calyrex|11/100 tox|[from] psn\n|upkeep\n|\n|t:|1774279873\n|switch|p2b: Rillaboom|Rillaboom, L50, M|100/100\n|turn|12\n|\n|t:|1774279891\n|move|p1b: Whimsicott|Encore|p2a: Eternatus\n|-start|p2a: Eternatus|Encore\n|move|p2b: Rillaboom|Grassy Glide|p1a: Calyrex\n|-crit|p1a: Calyrex\n|-damage|p1a: Calyrex|0 fnt\n|faint|p1a: Calyrex\n|move|p2a: Eternatus|Protect||[still]\n|-fail|p2a: Eternatus\n|\n|-heal|p2a: Eternatus|75/100|[from] Grassy Terrain\n|-heal|p2a: Eternatus|81/100|[from] item: Black Sludge\n|-fieldend|move: Grassy Terrain\n|upkeep\n|turn|13\n|\n|t:|1774279907\n|move|p2a: Eternatus|Protect|p2a: Eternatus\n|-singleturn|p2a: Eternatus|Protect\n|move|p1b: Whimsicott|Moonblast|p2b: Rillaboom\n|-damage|p2b: Rillaboom|79/100\n|move|p2b: Rillaboom|U-turn|p1b: Whimsicott\n|-damage|p1b: Whimsicott|73/100\n|\n|-heal|p2a: Eternatus|87/100|[from] item: Black Sludge\n|upkeep\n|turn|14\n|\n|t:|1774279918\n|move|p2a: Eternatus|Protect|p2a: Eternatus\n|-singleturn|p2a: Eternatus|Protect\n|move|p1b: Whimsicott|Moonblast|p2b: Rillaboom\n|-damage|p2b: Rillaboom|57/100\n|-unboost|p2b: Rillaboom|spa|1\n|move|p2b: Rillaboom|U-turn|p1b: Whimsicott\n|-damage|p1b: Whimsicott|45/100\n|\n|-heal|p2a: Eternatus|94/100|[from] item: Black Sludge\n|-end|p2a: Eternatus|Encore\n|-sideend|p1: kojimuranishi|move: Tailwind\n|upkeep\n|turn|15\n|-message|kojimuranishi forfeited.\n|\n|win|soten soten\n|raw|kojimuranishi's rating: 1669 &rarr; <strong>1648</strong><br />(-21 for losing)\n|raw|soten soten's rating: 1649 &rarr; <strong>1670</strong><br />(+21 for winning)\n|l|\u2606kojimuranishi\n|player|p1|\n|l|\u2606soten soten\n|player|p2|\n","uploadtime":1774280092,"views":177,"formatid":"gen9vgc2026regi","rating":1648,"private":0,"password":null}