{"id":"gen9vgc2026regi-2587498636","format":"[Gen 9] VGC 2026 Reg I","players":["Harry Koekenpan","pumpkinflame"],"log":"|j|\u2606Harry Koekenpan\n|j|\u2606pumpkinflame\n|t:|1776536953\n|gametype|doubles\n|player|p1|Harry Koekenpan|2|1394\n|player|p2|pumpkinflame|adaman-masters|1471\n|gen|9\n|tier|[Gen 9] VGC 2026 Reg I\n|rated|\n|rule|Species Clause: Limit one of each Pok\u00e9mon\n|rule|Item Clause: Limit 1 of each item\n|clearpoke\n|poke|p1|Weezing-Galar, L50, M|\n|poke|p1|Calyrex-Shadow, L50|\n|poke|p1|Regigigas, L50|\n|poke|p1|Koraidon, L50|\n|poke|p1|Chi-Yu, L50|\n|poke|p1|Brute Bonnet, L50|\n|poke|p2|Kyogre, L50|\n|poke|p2|Archaludon, L50, F|\n|poke|p2|Rillaboom, L50, F|\n|poke|p2|Roaring Moon, L50|\n|poke|p2|Calyrex-Ice, L50|\n|poke|p2|Incineroar, L50, F|\n|teampreview|4\n|inactive|Battle timer is ON: inactive players will automatically lose when time's up. (requested by Harry Koekenpan)\n|\n|t:|1776537012\n|teamsize|p1|4\n|teamsize|p2|4\n|start\n|switch|p1a: Brute Bonnet|Brute Bonnet, L50|100/100\n|switch|p1b: Koraidon|Koraidon, L50|100/100\n|switch|p2a: Chilly and Willy|Calyrex-Ice, L50|100/100\n|switch|p2b: Freak|Incineroar, L50, F|100/100\n|-ability|p2a: Chilly and Willy|As One\n|-ability|p2a: Chilly and Willy|Unnerve\n|-weather|SunnyDay|[from] ability: Orichalcum Pulse|[of] p1b: Koraidon\n|-activate|p1a: Brute Bonnet|ability: Protosynthesis\n|-start|p1a: Brute Bonnet|protosynthesisdef\n|-activate|p1b: Koraidon|Orichalcum Pulse|[source]\n|-ability|p2b: Freak|Intimidate|boost\n|-unboost|p1a: Brute Bonnet|atk|1\n|-unboost|p1b: Koraidon|atk|1\n|turn|1\n|inactive|pumpkinflame has 30 seconds left.\n|\n|t:|1776537044\n|switch|p1b: Calyrex|Calyrex-Shadow, L50|100/100\n|-ability|p1b: Calyrex|As One\n|-ability|p1b: Calyrex|Unnerve\n|move|p1a: Brute Bonnet|Spore|p2a: Chilly and Willy\n|-status|p2a: Chilly and Willy|slp|[from] move: Spore\n|cant|p2a: Chilly and Willy|slp\n|move|p2b: Freak|Flare Blitz|p1a: Brute Bonnet\n|-supereffective|p1a: Brute Bonnet\n|-damage|p1a: Brute Bonnet|27/100\n|-damage|p2b: Freak|75/100|[from] Recoil\n|\n|-weather|SunnyDay|[upkeep]\n|upkeep\n|turn|2\n|\n|t:|1776537064\n|move|p1b: Calyrex|Astral Barrage|p2b: Freak|[spread] p2a,p2b\n|-supereffective|p2a: Chilly and Willy\n|-resisted|p2b: Freak\n|-damage|p2a: Chilly and Willy|24/100 slp\n|-damage|p2b: Freak|46/100\n|-damage|p1b: Calyrex|91/100|[from] item: Life Orb\n|move|p1a: Brute Bonnet|Spore|p2b: Freak\n|-status|p2b: Freak|slp|[from] move: Spore\n|-curestatus|p2a: Chilly and Willy|slp|[msg]\n|move|p2a: Chilly and Willy|Glacial Lance|p1a: Brute Bonnet|[spread] p1a,p1b\n|-supereffective|p1a: Brute Bonnet\n|-crit|p1a: Brute Bonnet\n|-damage|p1a: Brute Bonnet|0 fnt\n|-damage|p1b: Calyrex|32/100\n|faint|p1a: Brute Bonnet\n|-end|p1a: Brute Bonnet|Protosynthesis|[silent]\n|-ability|p2a: Chilly and Willy|Chilling Neigh|boost\n|-boost|p2a: Chilly and Willy|atk|1\n|cant|p2b: Freak|slp\n|\n|-weather|SunnyDay|[upkeep]\n|-heal|p2a: Chilly and Willy|29/100|[from] item: Leftovers\n|upkeep\n|\n|t:|1776537078\n|switch|p1a: Chi-Yu|Chi-Yu, L50|100/100\n|-ability|p1a: Chi-Yu|Beads of Ruin\n|turn|3\n|\n|t:|1776537095\n|move|p2a: Chilly and Willy|Protect|p2a: Chilly and Willy\n|-singleturn|p2a: Chilly and Willy|Protect\n|move|p1b: Calyrex|Astral Barrage|p2b: Freak|[spread] p2b\n|-activate|p2a: Chilly and Willy|move: Protect\n|-resisted|p2b: Freak\n|-damage|p2b: Freak|8/100 slp\n|-damage|p1b: Calyrex|23/100|[from] item: Life Orb\n|move|p1a: Chi-Yu|Heat Wave|p2b: Freak|[spread] p2b\n|-activate|p2a: Chilly and Willy|move: Protect\n|-resisted|p2b: Freak\n|-damage|p2b: Freak|0 fnt\n|faint|p2b: Freak\n|\n|-weather|SunnyDay|[upkeep]\n|-heal|p2a: Chilly and Willy|35/100|[from] item: Leftovers\n|upkeep\n|\n|t:|1776537110\n|switch|p2b: Mrs. Dreads|Rillaboom, L50, F, shiny|100/100\n|-fieldstart|move: Grassy Terrain|[from] ability: Grassy Surge|[of] p2b: Mrs. Dreads\n|turn|4\n|inactive|pumpkinflame has 30 seconds left.\n|\n|t:|1776537144\n|switch|p2b: K.O|Kyogre, L50|100/100\n|-weather|RainDance|[from] ability: Drizzle|[of] p2b: K.O\n|-terastallize|p1a: Chi-Yu|Ghost\n|-terastallize|p2a: Chilly and Willy|Dark\n|move|p1b: Calyrex|Astral Barrage|p2a: Chilly and Willy|[spread] p2a,p2b\n|-resisted|p2a: Chilly and Willy\n|-damage|p2a: Chilly and Willy|7/100\n|-damage|p2b: K.O|43/100\n|-damage|p1b: Calyrex|13/100|[from] item: Life Orb\n|move|p1a: Chi-Yu|Heat Wave|p2b: K.O|[spread] p2a,p2b\n|-resisted|p2b: K.O\n|-damage|p2a: Chilly and Willy|0 fnt\n|-damage|p2b: K.O|34/100\n|faint|p2a: Chilly and Willy\n|\n|-weather|RainDance|[upkeep]\n|-heal|p1b: Calyrex|19/100|[from] Grassy Terrain\n|-heal|p2b: K.O|40/100|[from] Grassy Terrain\n|upkeep\n|\n|t:|1776537159\n|switch|p2a: Mrs. Dreads|Rillaboom, L50, F, shiny|100/100\n|turn|5\n|\n|t:|1776537169\n|switch|p1b: Koraidon|Koraidon, L50|100/100\n|-weather|SunnyDay|[from] ability: Orichalcum Pulse|[of] p1b: Koraidon\n|-activate|p1b: Koraidon|Orichalcum Pulse|[source]\n|move|p2a: Mrs. Dreads|Grassy Glide|p1b: Koraidon\n|-resisted|p1b: Koraidon\n|-damage|p1b: Koraidon|78/100\n|move|p1a: Chi-Yu|Heat Wave|p2b: K.O|[spread] p2a,p2b\n|-supereffective|p2a: Mrs. Dreads\n|-resisted|p2b: K.O\n|-damage|p2a: Mrs. Dreads|0 fnt\n|-damage|p2b: K.O|14/100\n|faint|p2a: Mrs. Dreads\n|move|p2b: K.O|Origin Pulse|p1b: Koraidon|[spread] p1a,p1b\n|-resisted|p1b: Koraidon\n|-damage|p1a: Chi-Yu|65/100\n|-damage|p1b: Koraidon|60/100\n|\n|-weather|SunnyDay|[upkeep]\n|-heal|p1b: Koraidon|66/100|[from] Grassy Terrain\n|-heal|p1a: Chi-Yu|71/100|[from] Grassy Terrain\n|-heal|p2b: K.O|20/100|[from] Grassy Terrain\n|upkeep\n|turn|6\n|-message|pumpkinflame forfeited.\n|\n|win|Harry Koekenpan\n|raw|Harry Koekenpan's rating: 1394 &rarr; <strong>1418</strong><br />(+24 for winning)\n|raw|pumpkinflame's rating: 1471 &rarr; <strong>1447</strong><br />(-24 for losing)\n|l|\u2606pumpkinflame\n|player|p2|\n|l|\u2606Harry Koekenpan\n|player|p1|\n","uploadtime":1776537368,"views":11,"formatid":"gen9vgc2026regi","rating":1418,"private":0,"password":null}