{"id":"gen9vgc2026regi-2539444772","format":"[Gen 9] VGC 2026 Reg I","players":["okuthor","jpto5"],"log":"|j|\u203dokuthor\n|j|\u2606jpto5\n|t:|1771060280\n|gametype|doubles\n|player|p1|okuthor|2|1109\n|player|p2|jpto5|1|1067\n|gen|9\n|tier|[Gen 9] VGC 2026 Reg I\n|rated|\n|rule|Species Clause: Limit one of each Pok\u00e9mon\n|rule|Item Clause: Limit 1 of each item\n|clearpoke\n|poke|p1|Calyrex-Shadow, L50|\n|poke|p1|Koraidon, L50|\n|poke|p1|Ditto, L50|\n|poke|p1|Tornadus, L50, M|\n|poke|p1|Incineroar, L50, F|\n|poke|p1|Ogerpon-Hearthflame, L50, F|\n|poke|p2|Tornadus, L50, M|\n|poke|p2|Kyogre, L50|\n|poke|p2|Zacian-*, L50|\n|poke|p2|Basculegion, L50, M|\n|poke|p2|Incineroar, L50, M|\n|poke|p2|Archaludon, L50, M|\n|teampreview|4\n|inactive|Battle timer is ON: inactive players will automatically lose when time's up. (requested by jpto5)\n|\n|t:|1771060295\n|teamsize|p1|4\n|teamsize|p2|4\n|start\n|switch|p1a: Calyrex|Calyrex-Shadow, L50|100/100\n|switch|p1b: Tornadus|Tornadus, L50, M|100/100\n|switch|p2a: Incineroar|Incineroar, L50, M|100/100\n|switch|p2b: Tornadus|Tornadus, L50, M|100/100\n|-ability|p1a: Calyrex|As One\n|-ability|p1a: Calyrex|Unnerve\n|-ability|p2a: Incineroar|Intimidate|boost\n|-unboost|p1a: Calyrex|atk|1\n|-unboost|p1b: Tornadus|atk|1\n|turn|1\n|\n|t:|1771060311\n|move|p2a: Incineroar|Fake Out|p1b: Tornadus\n|-damage|p1b: Tornadus|85/100\n|move|p1b: Tornadus|Tailwind|p1b: Tornadus\n|-sidestart|p1: okuthor|move: Tailwind\n|move|p1a: Calyrex|Astral Barrage|p2b: Tornadus|[spread] p2a,p2b\n|-resisted|p2a: Incineroar\n|-damage|p2a: Incineroar|81/100\n|-damage|p2b: Tornadus|26/100\n|move|p2b: Tornadus|Bleakwind Storm|p1a: Calyrex|[spread] p1b\n|-miss|p2b: Tornadus|p1a: Calyrex\n|-damage|p1b: Tornadus|42/100\n|\n|upkeep\n|turn|2\n|\n|t:|1771060328\n|move|p1b: Tornadus|Taunt|p2b: Tornadus\n|-start|p2b: Tornadus|move: Taunt\n|cant|p2b: Tornadus|move: Taunt|Tailwind\n|move|p1a: Calyrex|Astral Barrage|p2b: Tornadus|[spread] p2a,p2b\n|-resisted|p2a: Incineroar\n|-damage|p2a: Incineroar|58/100\n|-damage|p2b: Tornadus|0 fnt\n|faint|p2b: Tornadus\n|-ability|p1a: Calyrex|Grim Neigh|boost\n|-boost|p1a: Calyrex|spa|1\n|move|p2a: Incineroar|Knock Off|p1a: Calyrex\n|-supereffective|p1a: Calyrex\n|-enditem|p1a: Calyrex|Focus Sash\n|-damage|p1a: Calyrex|1/100\n|\n|upkeep\n|\n|t:|1771060334\n|switch|p2b: Kyogre|Kyogre, L50|100/100\n|-weather|RainDance|[from] ability: Drizzle|[of] p2b: Kyogre\n|turn|3\n|\n|t:|1771060349\n|switch|p1b: Koraidon|Koraidon, L50|100/100\n|-weather|SunnyDay|[from] ability: Orichalcum Pulse|[of] p1b: Koraidon\n|-activate|p1b: Koraidon|Orichalcum Pulse|[source]\n|move|p1a: Calyrex|Protect|p1a: Calyrex\n|-singleturn|p1a: Calyrex|Protect\n|move|p2b: Kyogre|Water Spout|p1b: Koraidon|[spread] p1b\n|-activate|p1a: Calyrex|move: Protect\n|-resisted|p1b: Koraidon\n|-damage|p1b: Koraidon|84/100\n|move|p2a: Incineroar|Knock Off|p1b: Koraidon\n|-resisted|p1b: Koraidon\n|-damage|p1b: Koraidon|67/100\n|-enditem|p1b: Koraidon|Clear Amulet|[from] move: Knock Off|[of] p2a: Incineroar\n|\n|-weather|SunnyDay|[upkeep]\n|upkeep\n|turn|4\n|\n|t:|1771060371\n|move|p1a: Calyrex|Astral Barrage|p2a: Incineroar|[spread] p2a,p2b\n|-resisted|p2a: Incineroar\n|-damage|p2a: Incineroar|29/100\n|-damage|p2b: Kyogre|59/100\n|move|p1b: Koraidon|Collision Course|p2a: Incineroar\n|-supereffective|p2a: Incineroar\n|-damage|p2a: Incineroar|0 fnt\n|faint|p2a: Incineroar\n|move|p2b: Kyogre|Water Spout|p1b: Koraidon|[spread] p1a,p1b\n|-resisted|p1b: Koraidon\n|-damage|p1a: Calyrex|0 fnt\n|-damage|p1b: Koraidon|57/100\n|faint|p1a: Calyrex\n|\n|-weather|SunnyDay|[upkeep]\n|-sideend|p1: okuthor|move: Tailwind\n|upkeep\n|l|\u2606jpto5\n|inactive|jpto5 disconnected and has a minute to reconnect!\n|player|p2|\n|inactive|jpto5 has 30 seconds left.\n|j|\u2606jpto5\n|inactive|jpto5 reconnected and has 30 seconds left.\n|player|p2|jpto5|1|\n|\n|t:|1771060403\n|switch|p1a: Tornadus|Tornadus, L50, M|42/100\n|switch|p2a: Zacian|Zacian-Crowned, L50|100/100\n|-ability|p2a: Zacian|Intrepid Sword|boost\n|-boost|p2a: Zacian|atk|1\n|turn|5\n|\n|t:|1771060415\n|switch|p1b: Ditto|Ditto, L50|100/100\n|-transform|p1b: Ditto|p2a: Zacian|[from] ability: Imposter\n|-ability|p1b: Ditto|Intrepid Sword|boost\n|-boost|p1b: Ditto|atk|1\n|move|p1a: Tornadus|Tailwind|p1a: Tornadus\n|-sidestart|p1: okuthor|move: Tailwind\n|move|p2a: Zacian|Play Rough|p1b: Ditto\n|-resisted|p1b: Ditto\n|-damage|p1b: Ditto|58/100\n|move|p2b: Kyogre|Ice Beam|p1b: Ditto\n|-resisted|p1b: Ditto\n|-damage|p1b: Ditto|38/100\n|\n|-weather|SunnyDay|[upkeep]\n|upkeep\n|turn|6\n|inactive|jpto5 has 30 seconds left.\n|inactive|jpto5 has 20 seconds left.\n|\n|t:|1771060452\n|move|p1b: Ditto|Behemoth Blade|p2b: Kyogre\n|-resisted|p2b: Kyogre\n|-crit|p2b: Kyogre\n|-damage|p2b: Kyogre|0 fnt\n|faint|p2b: Kyogre\n|move|p1a: Tornadus|Bleakwind Storm|p2a: Zacian\n|-resisted|p2a: Zacian\n|-damage|p2a: Zacian|82/100\n|-unboost|p2a: Zacian|spe|1\n|move|p2a: Zacian|Behemoth Blade|p1b: Ditto\n|-damage|p1b: Ditto|0 fnt\n|faint|p1b: Ditto\n|\n|-weather|SunnyDay|[upkeep]\n|upkeep\n|\n|t:|1771060457\n|switch|p1b: Koraidon|Koraidon, L50|57/100\n|-activate|p1b: Koraidon|ability: Orichalcum Pulse\n|turn|7\n|\n|t:|1771060471\n|-terastallize|p1b: Koraidon|Fire\n|-terastallize|p2a: Zacian|Fighting\n|move|p1b: Koraidon|Flare Blitz|p2a: Zacian\n|-damage|p2a: Zacian|0 fnt\n|faint|p2a: Zacian\n|-damage|p1b: Koraidon|31/100|[from] Recoil\n|\n|win|okuthor\n|raw|okuthor's rating: 1109 &rarr; <strong>1131</strong><br />(+22 for winning)\n|raw|jpto5's rating: 1067 &rarr; <strong>1049</strong><br />(-18 for losing)\n|l|\u2606jpto5\n|player|p2|\n","uploadtime":1771060838,"views":24,"formatid":"gen9vgc2026regi","rating":1049,"private":0,"password":null}