{"id":"gen9vgc2026regi-2562449106","format":"[Gen 9] VGC 2026 Reg I","players":["Lacossg","b3testing"],"log":"|j|\u2606Lacossg\n|j|\u2606b3testing\n|t:|1773918538\n|gametype|doubles\n|player|p1|Lacossg|170|1626\n|player|p2|b3testing|2|1553\n|gen|9\n|tier|[Gen 9] VGC 2026 Reg I\n|rated|\n|rule|Species Clause: Limit one of each Pok\u00e9mon\n|rule|Item Clause: Limit 1 of each item\n|clearpoke\n|poke|p1|Zacian-*, L50|\n|poke|p1|Iron Valiant, L50|\n|poke|p1|Tyranitar, L50, M|\n|poke|p1|Zamazenta-*, L50|\n|poke|p1|Landorus, L50, M|\n|poke|p1|Tornadus, L50, M|\n|poke|p2|Terapagos, L50, M|\n|poke|p2|Calyrex-Shadow, L50|\n|poke|p2|Incineroar, L50, M|\n|poke|p2|Amoonguss, L50, F|\n|poke|p2|Tornadus, L50, M|\n|poke|p2|Smeargle, L50, M|\n|teampreview|4\n|inactive|Battle timer is ON: inactive players will automatically lose when time's up. (requested by b3testing)\n|inactive|Lacossg has 60 seconds left.\n|inactive|b3testing has 60 seconds left.\n|\n|t:|1773918584\n|teamsize|p1|4\n|teamsize|p2|4\n|start\n|switch|p1a: Zamazenta|Zamazenta-Crowned, L50|100/100\n|switch|p1b: Tyranitar|Tyranitar, L50, M|100/100\n|switch|p2a: Incineroar|Incineroar, L50, M|100/100\n|switch|p2b: Terapagos|Terapagos, L50, M|100/100\n|-activate|p2b: Terapagos|ability: Tera Shift\n|detailschange|p2b: Terapagos|Terapagos-Terastal, L50, M\n|-heal|p2b: Terapagos|100/100|[silent]\n|-ability|p1a: Zamazenta|Dauntless Shield|boost\n|-boost|p1a: Zamazenta|def|1\n|-weather|Sandstorm|[from] ability: Sand Stream|[of] p1b: Tyranitar\n|-ability|p2a: Incineroar|Intimidate|boost\n|-unboost|p1a: Zamazenta|atk|1\n|-unboost|p1b: Tyranitar|atk|1\n|turn|1\n|\n|t:|1773918599\n|move|p1a: Zamazenta|Snarl|p2a: Incineroar|[spread] p2a,p2b\n|-resisted|p2a: Incineroar\n|-activate|p2b: Terapagos|ability: Tera Shell\n|-resisted|p2b: Terapagos\n|-damage|p2a: Incineroar|98/100\n|-damage|p2b: Terapagos|97/100\n|-unboost|p2a: Incineroar|spa|1\n|move|p2b: Terapagos|Calm Mind|p2b: Terapagos\n|-boost|p2b: Terapagos|spa|1\n|-boost|p2b: Terapagos|spd|1\n|move|p1b: Tyranitar|Knock Off|p2b: Terapagos\n|-damage|p2b: Terapagos|62/100\n|-enditem|p2b: Terapagos|Covert Cloak|[from] move: Knock Off|[of] p1b: Tyranitar\n|move|p2a: Incineroar|U-turn|p1b: Tyranitar\n|-supereffective|p1b: Tyranitar\n|-damage|p1b: Tyranitar|57/100\n|inactive|b3testing has 30 seconds left.\n|\n|t:|1773918624\n|switch|p2a: Calyrex|Calyrex-Shadow, L50|100/100|[from] U-turn\n|-ability|p2a: Calyrex|As One\n|-ability|p2a: Calyrex|Unnerve\n|\n|-weather|Sandstorm|[upkeep]\n|-damage|p2a: Calyrex|94/100|[from] Sandstorm\n|-damage|p2b: Terapagos|56/100|[from] Sandstorm\n|upkeep\n|turn|2\n|inactive|b3testing has 30 seconds left.\n|inactive|b3testing has 20 seconds left.\n|\n|t:|1773918664\n|move|p2a: Calyrex|Protect|p2a: Calyrex\n|-singleturn|p2a: Calyrex|Protect\n|move|p2b: Terapagos|Protect|p2b: Terapagos\n|-singleturn|p2b: Terapagos|Protect\n|move|p1a: Zamazenta|Body Press|p2b: Terapagos\n|-activate|p2b: Terapagos|move: Protect\n|move|p1b: Tyranitar|Knock Off|p2a: Calyrex\n|-activate|p2a: Calyrex|move: Protect\n|\n|-weather|Sandstorm|[upkeep]\n|-damage|p2a: Calyrex|88/100|[from] Sandstorm\n|-damage|p2b: Terapagos|50/100|[from] Sandstorm\n|upkeep\n|turn|3\n|\n|t:|1773918676\n|-terastallize|p2b: Terapagos|Stellar\n|detailschange|p2b: Terapagos|Terapagos-Stellar, L50, M, tera:Stellar\n|-heal|p2b: Terapagos|63/100|[silent]\n|-ability|p2b: Terapagos|Teraform Zero\n|-weather|none\n|move|p2a: Calyrex|Disable|p1a: Zamazenta\n|-start|p1a: Zamazenta|Disable|Body Press\n|cant|p1a: Zamazenta|Disable|Body Press\n|move|p2b: Terapagos|Tera Starstorm|p1b: Tyranitar|[spread] p1a,p1b\n|-damage|p1a: Zamazenta|59/100\n|-damage|p1b: Tyranitar|0 fnt\n|faint|p1b: Tyranitar\n|\n|upkeep\n|j| Janusch147\n|\n|t:|1773918692\n|switch|p1b: Tornadus|Tornadus, L50, M|100/100\n|turn|4\n|inactive|b3testing has 30 seconds left.\n|\n|t:|1773918721\n|switch|p2a: Incineroar|Incineroar, L50, M|98/100\n|-ability|p2a: Incineroar|Intimidate|boost\n|-unboost|p1a: Zamazenta|atk|1\n|-unboost|p1b: Tornadus|atk|1\n|-terastallize|p1a: Zamazenta|Dragon\n|move|p1a: Zamazenta|Wide Guard|p1a: Zamazenta\n|-singleturn|p1a: Zamazenta|Wide Guard\n|move|p1b: Tornadus|Dark Pulse|p2a: Incineroar\n|-resisted|p2a: Incineroar\n|-damage|p2a: Incineroar|91/100\n|move|p2b: Terapagos|Earth Power|p1a: Zamazenta\n|-crit|p1a: Zamazenta\n|-damage|p1a: Zamazenta|3/100\n|\n|upkeep\n|turn|5\n|l| Janusch147\n|\n|t:|1773918740\n|switch|p1a: Landorus|Landorus, L50, M|100/100\n|move|p2a: Incineroar|Fake Out|p1a: Landorus\n|-damage|p1a: Landorus|85/100\n|move|p1b: Tornadus|Bleakwind Storm|p2a: Incineroar|[spread] p2a,p2b\n|-damage|p2a: Incineroar|67/100\n|-damage|p2b: Terapagos|45/100\n|-unboost|p2b: Terapagos|spe|1\n|move|p2b: Terapagos|Tera Starstorm|p1b: Tornadus|[spread] p1a,p1b\n|-damage|p1a: Landorus|0 fnt\n|-damage|p1b: Tornadus|12/100\n|faint|p1a: Landorus\n|\n|upkeep\n|\n|t:|1773918743\n|switch|p1a: Zamazenta|Zamazenta-Crowned, L50, tera:Dragon|3/100\n|turn|6\n|\n|t:|1773918759\n|move|p2b: Terapagos|Protect|p2b: Terapagos\n|-singleturn|p2b: Terapagos|Protect\n|move|p1b: Tornadus|Bleakwind Storm|p2b: Terapagos|[spread] \n|-activate|p2b: Terapagos|move: Protect\n|-miss|p1b: Tornadus|p2a: Incineroar\n|move|p1a: Zamazenta|Body Press|p2b: Terapagos\n|-activate|p2b: Terapagos|move: Protect\n|move|p2a: Incineroar|U-turn|p1a: Zamazenta\n|-damage|p1a: Zamazenta|0 fnt\n|faint|p1a: Zamazenta\n|-message|Lacossg forfeited.\n|\n|win|b3testing\n|raw|Lacossg's rating: 1626 &rarr; <strong>1602</strong><br />(-24 for losing)\n|raw|b3testing's rating: 1553 &rarr; <strong>1577</strong><br />(+24 for winning)\n|l|\u2606Lacossg\n|player|p1|\n|l|\u2606b3testing\n|player|p2|\n","uploadtime":1773919001,"views":24,"formatid":"gen9vgc2026regi","rating":1577,"private":0,"password":null}