{"id":"gen9vgc2026regi-2559359084","format":"[Gen 9] VGC 2026 Reg I","players":["navinsachump","Shikanoko32"],"log":"|j|\u2606navinsachump\n|j|\u2606Shikanoko32\n|t:|1773551735\n|gametype|doubles\n|player|p1|navinsachump|170|1409\n|player|p2|Shikanoko32|102|1500\n|gen|9\n|tier|[Gen 9] VGC 2026 Reg I\n|rated|\n|rule|Species Clause: Limit one of each Pok\u00e9mon\n|rule|Item Clause: Limit 1 of each item\n|clearpoke\n|poke|p1|Calyrex-Ice, L50|\n|poke|p1|Miraidon, L50|\n|poke|p1|Incineroar, L50, M|\n|poke|p1|Landorus, L50, M|\n|poke|p1|Whimsicott, L50, F|\n|poke|p1|Urshifu-*, L50, F|\n|poke|p2|Miraidon, L50|\n|poke|p2|Calyrex-Ice, L50|\n|poke|p2|Urshifu-*, L50, F|\n|poke|p2|Sneasler, L50, M|\n|poke|p2|Incineroar, L50, M|\n|poke|p2|Ditto, L50|\n|teampreview|4\n|inactive|Battle timer is ON: inactive players will automatically lose when time's up. (requested by navinsachump)\n|\n|t:|1773551765\n|teamsize|p1|4\n|teamsize|p2|4\n|start\n|switch|p1a: Calyrex|Calyrex-Ice, L50|100/100\n|switch|p1b: Incineroar|Incineroar, L50, M|100/100\n|switch|p2a: Miraidon|Miraidon, L50|100/100\n|switch|p2b: Urshifu|Urshifu-Rapid-Strike, L50, F|100/100\n|-ability|p1a: Calyrex|As One\n|-ability|p1a: Calyrex|Unnerve\n|-fieldstart|move: Electric Terrain|[from] ability: Hadron Engine|[of] p2a: Miraidon\n|-ability|p1b: Incineroar|Intimidate|boost\n|-unboost|p2a: Miraidon|atk|1\n|-unboost|p2b: Urshifu|atk|1\n|turn|1\n|inactive|navinsachump has 30 seconds left.\n|inactive|navinsachump has 20 seconds left.\n|inactive|navinsachump has 15 seconds left.\n|inactive|navinsachump has 10 seconds left.\n|inactive|navinsachump has 5 seconds left.\n|inactive|Shikanoko32 has 30 seconds left.\n|\n|t:|1773551820\n|move|p1b: Incineroar|Fake Out|p2a: Miraidon\n|-damage|p2a: Miraidon|89/100\n|cant|p2a: Miraidon|flinch\n|move|p2b: Urshifu|Surging Strikes|p1b: Incineroar\n|-supereffective|p1b: Incineroar\n|-crit|p1b: Incineroar\n|-damage|p1b: Incineroar|64/100\n|-damage|p2b: Urshifu|84/100|[from] item: Rocky Helmet|[of] p1b: Incineroar\n|-supereffective|p1b: Incineroar\n|-crit|p1b: Incineroar\n|-damage|p1b: Incineroar|24/100\n|-damage|p2b: Urshifu|67/100|[from] item: Rocky Helmet|[of] p1b: Incineroar\n|-supereffective|p1b: Incineroar\n|-crit|p1b: Incineroar\n|-damage|p1b: Incineroar|0 fnt\n|-damage|p2b: Urshifu|51/100|[from] item: Rocky Helmet|[of] p1b: Incineroar\n|faint|p1b: Incineroar\n|-hitcount|p1: Incineroar|3\n|move|p1a: Calyrex|Glacial Lance|p2b: Urshifu|[spread] p2a,p2b\n|-supereffective|p2a: Miraidon\n|-resisted|p2b: Urshifu\n|-damage|p2a: Miraidon|0 fnt\n|-damage|p2b: Urshifu|23/100\n|faint|p2a: Miraidon\n|-ability|p1a: Calyrex|Chilling Neigh|boost\n|-boost|p1a: Calyrex|atk|1\n|\n|upkeep\n|inactive|navinsachump has 30 seconds left.\n|\n|t:|1773551846\n|switch|p2a: Ditto|Ditto, L50|100/100\n|switch|p1b: Miraidon|Miraidon, L50|100/100\n|-activate|p1b: Miraidon|ability: Hadron Engine\n|-transform|p2a: Ditto|p1b: Miraidon|[from] ability: Imposter\n|-activate|p2a: Ditto|ability: Hadron Engine\n|turn|2\n|\n|t:|1773551867\n|-terastallize|p1b: Miraidon|Fairy\n|move|p2a: Ditto|Volt Switch|p1a: Calyrex\n|-damage|p1a: Calyrex|53/100\n|\n|t:|1773551872\n|switch|p2a: Calyrex|Calyrex-Ice, L50|100/100|[from] Volt Switch\n|-ability|p2a: Calyrex|As One\n|-ability|p2a: Calyrex|Unnerve\n|move|p1b: Miraidon|Dazzling Gleam|p2b: Urshifu|[spread] p2a,p2b\n|-supereffective|p2b: Urshifu\n|-damage|p2a: Calyrex|73/100\n|-damage|p2b: Urshifu|0 fnt\n|faint|p2b: Urshifu\n|move|p1a: Calyrex|Glacial Lance|p2a: Calyrex\n|-resisted|p2a: Calyrex\n|-damage|p2a: Calyrex|40/100\n|\n|upkeep\n|\n|t:|1773551886\n|switch|p2b: Ditto|Ditto, L50|100/100\n|-transform|p2b: Ditto|p1a: Calyrex|[from] ability: Imposter\n|-ability|p2b: Ditto|As One\n|-ability|p2b: Ditto|Unnerve\n|turn|3\n|inactive|Shikanoko32 has 30 seconds left.\n|inactive|Shikanoko32 has 20 seconds left.\n|\n|t:|1773551924\n|move|p1b: Miraidon|Volt Switch|p2b: Ditto\n|-damage|p2b: Ditto|42/100\n|\n|t:|1773551927\n|switch|p1b: Urshifu|Urshifu-Rapid-Strike, L50, F|100/100|[from] Volt Switch\n|move|p2a: Calyrex|Glacial Lance|p1a: Calyrex|[spread] p1a,p1b\n|-resisted|p1a: Calyrex\n|-resisted|p1b: Urshifu\n|-damage|p1a: Calyrex|35/100\n|-damage|p1b: Urshifu|75/100\n|move|p2b: Ditto|Glacial Lance|p1a: Calyrex|[spread] p1a,p1b\n|-resisted|p1a: Calyrex\n|-resisted|p1b: Urshifu\n|-damage|p1a: Calyrex|8/100\n|-damage|p1b: Urshifu|36/100\n|move|p1a: Calyrex|Leech Seed|p2b: Ditto\n|-start|p2b: Ditto|move: Leech Seed\n|\n|-damage|p2b: Ditto|30/100|[from] Leech Seed|[of] p1a: Calyrex\n|-heal|p1a: Calyrex|17/100|[silent]\n|upkeep\n|turn|4\n|\n|t:|1773551945\n|move|p1a: Calyrex|Protect|p1a: Calyrex\n|-singleturn|p1a: Calyrex|Protect\n|move|p1b: Urshifu|Surging Strikes|p2a: Calyrex\n|-crit|p2a: Calyrex\n|-damage|p2a: Calyrex|25/100\n|-crit|p2a: Calyrex\n|-damage|p2a: Calyrex|9/100\n|-crit|p2a: Calyrex\n|-damage|p2a: Calyrex|0 fnt\n|faint|p2a: Calyrex\n|-hitcount|p2: Calyrex|3\n|move|p2b: Ditto|Glacial Lance|p1a: Calyrex|[spread] p1b\n|-activate|p1a: Calyrex|move: Protect\n|-resisted|p1b: Urshifu\n|-damage|p1b: Urshifu|0 fnt\n|faint|p1b: Urshifu\n|-ability|p2b: Ditto|Chilling Neigh|boost\n|-boost|p2b: Ditto|atk|1\n|\n|-damage|p2b: Ditto|18/100|[from] Leech Seed|[of] p1a: Calyrex\n|-heal|p1a: Calyrex|26/100|[silent]\n|upkeep\n|\n|t:|1773551950\n|switch|p1b: Miraidon|Miraidon, L50, tera:Fairy|100/100\n|-activate|p1b: Miraidon|ability: Hadron Engine\n|turn|5\n|-message|Shikanoko32 forfeited.\n|\n|win|navinsachump\n|raw|navinsachump's rating: 1409 &rarr; <strong>1434</strong><br />(+25 for winning)\n|raw|Shikanoko32's rating: 1500 &rarr; <strong>1475</strong><br />(-25 for losing)\n|l|\u2606Shikanoko32\n|player|p2|\n|l|\u2606navinsachump\n|player|p1|\n","uploadtime":1773552131,"views":12,"formatid":"gen9vgc2026regi","rating":1434,"private":0,"password":null}