{"id":"gen9vgc2026regi-2535910430","format":"[Gen 9] VGC 2026 Reg I","players":["StosMac33","yamato-tak"],"log":"|j|\u2606StosMac33\n|j|\u2606yamato-tak\n|t:|1770631024\n|gametype|doubles\n|player|p1|StosMac33|dawn|1370\n|player|p2|yamato-tak|170|1528\n|gen|9\n|tier|[Gen 9] VGC 2026 Reg I\n|rated|\n|rule|Species Clause: Limit one of each Pok\u00e9mon\n|rule|Item Clause: Limit 1 of each item\n|clearpoke\n|poke|p1|Indeedee-F, L50, F|\n|poke|p1|Zamazenta-*, L50|\n|poke|p1|Flutter Mane, L50|\n|poke|p1|Clefairy, L50, F|\n|poke|p1|Ogerpon-Cornerstone, L50, F|\n|poke|p1|Calyrex-Shadow, L50|\n|poke|p2|Miraidon, L50|\n|poke|p2|Calyrex-Ice, L50|\n|poke|p2|Volcarona, L50, F|\n|poke|p2|Araquanid, L50, F|\n|poke|p2|Grimmsnarl, L50, M|\n|poke|p2|Rillaboom, L50, M|\n|teampreview|4\n|inactive|Battle timer is ON: inactive players will automatically lose when time's up. (requested by yamato-tak)\n|inactive|StosMac33 also wants the timer to be on.\n|\n|t:|1770631053\n|teamsize|p1|4\n|teamsize|p2|4\n|start\n|switch|p1a: Calyrex|Calyrex-Shadow, L50|100/100\n|switch|p1b: Ogerpon|Ogerpon-Cornerstone, L50, F|100/100\n|switch|p2a: Grimmsnarl|Grimmsnarl, L50, M, shiny|100/100\n|switch|p2b: Calyrex|Calyrex-Ice, L50|100/100\n|-ability|p1a: Calyrex|As One\n|-ability|p1a: Calyrex|Unnerve\n|-ability|p2b: Calyrex|As One\n|-ability|p2b: Calyrex|Unnerve\n|turn|1\n|inactive|StosMac33 has 30 seconds left.\n|\n|t:|1770631081\n|-terastallize|p2b: Calyrex|Fairy\n|move|p2a: Grimmsnarl|Fake Out|p1b: Ogerpon\n|-resisted|p1b: Ogerpon\n|-damage|p1b: Ogerpon|94/100\n|move|p1a: Calyrex|Nasty Plot|p1a: Calyrex\n|-boost|p1a: Calyrex|spa|2\n|cant|p1b: Ogerpon|flinch\n|move|p2b: Calyrex|Glacial Lance|p1b: Ogerpon|[spread] p1a,p1b\n|-supereffective|p1b: Ogerpon\n|-damage|p1a: Calyrex|28/100\n|-damage|p1b: Ogerpon|0 fnt\n|faint|p1b: Ogerpon\n|-ability|p2b: Calyrex|Chilling Neigh|boost\n|-boost|p2b: Calyrex|atk|1\n|\n|upkeep\n|\n|t:|1770631106\n|switch|p1b: Zamazenta|Zamazenta-Crowned, L50|100/100\n|-ability|p1b: Zamazenta|Dauntless Shield|boost\n|-boost|p1b: Zamazenta|def|1\n|turn|2\n|\n|t:|1770631118\n|move|p1a: Calyrex|Protect|p1a: Calyrex\n|-singleturn|p1a: Calyrex|Protect\n|move|p2a: Grimmsnarl|Light Screen|p2a: Grimmsnarl\n|-sidestart|p2: yamato-tak|move: Light Screen\n|move|p1b: Zamazenta|Body Press|p2b: Calyrex\n|-resisted|p2b: Calyrex\n|-damage|p2b: Calyrex|84/100\n|move|p2b: Calyrex|Leech Seed|p1a: Calyrex\n|-activate|p1a: Calyrex|move: Protect\n|\n|upkeep\n|turn|3\n|inactive|StosMac33 has 30 seconds left.\n|\n|t:|1770631147\n|-terastallize|p1a: Calyrex|Ghost\n|move|p2a: Grimmsnarl|Reflect|p2a: Grimmsnarl\n|-sidestart|p2: yamato-tak|Reflect\n|move|p1a: Calyrex|Astral Barrage|p2b: Calyrex|[spread] p2a,p2b\n|-resisted|p2a: Grimmsnarl\n|-damage|p2a: Grimmsnarl|51/100\n|-damage|p2b: Calyrex|30/100\n|move|p1b: Zamazenta|Body Press|p2b: Calyrex\n|-resisted|p2b: Calyrex\n|-damage|p2b: Calyrex|18/100\n|move|p2b: Calyrex|Leech Seed|p1a: Calyrex|[miss]\n|-miss|p2b: Calyrex|p1a: Calyrex\n|\n|upkeep\n|turn|4\n|\n|t:|1770631169\n|move|p1a: Calyrex|Protect|p1a: Calyrex\n|-singleturn|p1a: Calyrex|Protect\n|move|p2b: Calyrex|Protect|p2b: Calyrex\n|-singleturn|p2b: Calyrex|Protect\n|move|p2a: Grimmsnarl|Parting Shot|p1a: Calyrex\n|-activate|p1a: Calyrex|move: Protect\n|move|p1b: Zamazenta|Body Press|p2a: Grimmsnarl\n|-damage|p2a: Grimmsnarl|11/100\n|\n|upkeep\n|turn|5\n|\n|t:|1770631186\n|move|p1b: Zamazenta|Wide Guard|p1b: Zamazenta\n|-singleturn|p1b: Zamazenta|Wide Guard\n|move|p2a: Grimmsnarl|Parting Shot|p1a: Calyrex\n|-unboost|p1a: Calyrex|atk|1\n|-unboost|p1a: Calyrex|spa|1\n|\n|t:|1770631192\n|switch|p2a: Miraidon|Miraidon, L50, shiny|100/100|[from] Parting Shot\n|-fieldstart|move: Electric Terrain|[from] ability: Hadron Engine|[of] p2a: Miraidon\n|move|p1a: Calyrex|Astral Barrage|p2a: Miraidon|[spread] p2a,p2b\n|-damage|p2a: Miraidon|42/100\n|-damage|p2b: Calyrex|0 fnt\n|faint|p2b: Calyrex\n|-ability|p1a: Calyrex|Grim Neigh|boost\n|-boost|p1a: Calyrex|spa|1\n|\n|upkeep\n|\n|t:|1770631194\n|switch|p2b: Grimmsnarl|Grimmsnarl, L50, M, shiny|11/100\n|turn|6\n|\n|t:|1770631212\n|move|p1a: Calyrex|Protect|p1a: Calyrex\n|-singleturn|p1a: Calyrex|Protect\n|move|p2b: Grimmsnarl|Parting Shot|p1a: Calyrex\n|-activate|p1a: Calyrex|move: Protect\n|move|p2a: Miraidon|Parabolic Charge|p1a: Calyrex|[spread] p2b,p1b\n|-activate|p1a: Calyrex|move: Protect\n|-damage|p2b: Grimmsnarl|0 fnt\n|-heal|p2a: Miraidon|48/100|[from] drain|[of] p2b: Grimmsnarl\n|-damage|p1b: Zamazenta|77/100\n|-heal|p2a: Miraidon|59/100|[from] drain|[of] p1b: Zamazenta\n|faint|p2b: Grimmsnarl\n|move|p1b: Zamazenta|Body Press|p2a: Miraidon\n|-damage|p2a: Miraidon|29/100\n|\n|upkeep\n|\n|t:|1770631215\n|switch|p2b: Volcarona|Volcarona, L50, F, shiny|100/100\n|turn|7\n|\n|t:|1770631233\n|move|p1b: Zamazenta|Wide Guard|p1b: Zamazenta\n|-singleturn|p1b: Zamazenta|Wide Guard\n|move|p1a: Calyrex|Astral Barrage|p2b: Volcarona|[spread] p2a,p2b\n|-damage|p2a: Miraidon|0 fnt\n|-damage|p2b: Volcarona|1/100\n|faint|p2a: Miraidon\n|-ability|p1a: Calyrex|Grim Neigh|boost\n|-boost|p1a: Calyrex|spa|1\n|move|p2b: Volcarona|Quiver Dance|p2b: Volcarona\n|-boost|p2b: Volcarona|spa|1\n|-boost|p2b: Volcarona|spd|1\n|-boost|p2b: Volcarona|spe|1\n|\n|-heal|p2b: Volcarona|7/100|[from] item: Leftovers\n|upkeep\n|turn|8\n|-message|yamato-tak forfeited.\n|\n|win|StosMac33\n|raw|StosMac33's rating: 1370 &rarr; <strong>1399</strong><br />(+29 for winning)\n|raw|yamato-tak's rating: 1528 &rarr; <strong>1499</strong><br />(-29 for losing)\n|c|\u2606StosMac33|LOL\n|c|\u2606StosMac33|COOKED\n|c|\u2606StosMac33|DEEP FRIED\n|c|\u2606StosMac33|BASTED\n|l|\u2606yamato-tak\n|player|p2|\n|c|\u2606StosMac33|Hold that L fam\n|l|\u2606StosMac33\n|player|p1|\n|j|\u2606yamato-tak\n|player|p2|yamato-tak|170|\n","uploadtime":1770631422,"views":14,"formatid":"gen9vgc2026regi","rating":1399,"private":0,"password":null}