{"id":"gen9vgc2026regi-2545775545","format":"[Gen 9] VGC 2026 Reg I","players":["Lowpass","Zorse Mentality"],"log":"|j|\u2606Lowpass\n|j|\u2606Zorse Mentality\n|t:|1771883810\n|gametype|doubles\n|player|p1|Lowpass|lance|1432\n|player|p2|Zorse Mentality|101|1472\n|gen|9\n|tier|[Gen 9] VGC 2026 Reg I\n|rated|\n|rule|Species Clause: Limit one of each Pok\u00e9mon\n|rule|Item Clause: Limit 1 of each item\n|clearpoke\n|poke|p1|Lugia, L50|\n|poke|p1|Groudon, L50|\n|poke|p1|Iron Valiant, L50|\n|poke|p1|Incineroar, L50, M|\n|poke|p1|Jumpluff, L50, M|\n|poke|p1|Walking Wake, L50|\n|poke|p2|Calyrex-Ice, L50|\n|poke|p2|Kyogre, L50|\n|poke|p2|Tornadus, L50, M|\n|poke|p2|Ursaluna, L50, M|\n|poke|p2|Urshifu-*, L50, F|\n|poke|p2|Smeargle, L50, M|\n|teampreview|4\n|inactive|Battle timer is ON: inactive players will automatically lose when time's up. (requested by Lowpass)\n|inactive|Zorse Mentality has 60 seconds left.\n|\n|t:|1771883847\n|teamsize|p1|4\n|teamsize|p2|4\n|start\n|switch|p1a: Iron Valiant|Iron Valiant, L50|100/100\n|switch|p1b: Groudon|Groudon, L50, shiny|100/100\n|switch|p2a: Tornadus|Tornadus, L50, M|100/100\n|switch|p2b: Kyogre|Kyogre, L50|100/100\n|-weather|RainDance|[from] ability: Drizzle|[of] p2b: Kyogre\n|-weather|SunnyDay|[from] ability: Drought|[of] p1b: Groudon\n|-enditem|p1a: Iron Valiant|Booster Energy\n|-activate|p1a: Iron Valiant|ability: Quark Drive|[fromitem]\n|-start|p1a: Iron Valiant|quarkdrivespe\n|turn|1\n|inactive|Zorse Mentality has 30 seconds left.\n|\n|t:|1771883873\n|switch|p1b: Walking Wake|Walking Wake, L50|100/100\n|-activate|p1b: Walking Wake|ability: Protosynthesis\n|-start|p1b: Walking Wake|protosynthesisspe\n|move|p2b: Kyogre|Protect|p2b: Kyogre\n|-singleturn|p2b: Kyogre|Protect\n|move|p2a: Tornadus|Rain Dance|p2a: Tornadus\n|-weather|RainDance\n|-end|p1b: Walking Wake|Protosynthesis\n|move|p1a: Iron Valiant|Spirit Break|p2b: Kyogre\n|-activate|p2b: Kyogre|move: Protect\n|\n|-weather|RainDance|[upkeep]\n|upkeep\n|turn|2\n|inactive|Zorse Mentality has 30 seconds left.\n|inactive|Lowpass has 30 seconds left.\n|inactive|Zorse Mentality has 20 seconds left.\n|\n|t:|1771883913\n|switch|p2b: Calyrex|Calyrex-Ice, L50|100/100\n|-ability|p2b: Calyrex|As One\n|-ability|p2b: Calyrex|Unnerve\n|move|p1a: Iron Valiant|Spirit Break|p2b: Calyrex\n|-damage|p2b: Calyrex|78/100\n|-unboost|p2b: Calyrex|spa|1\n|move|p2a: Tornadus|Bleakwind Storm|p1a: Iron Valiant|[spread] p1a,p1b\n|-supereffective|p1a: Iron Valiant\n|-damage|p1a: Iron Valiant|0 fnt\n|-damage|p1b: Walking Wake|55/100\n|faint|p1a: Iron Valiant\n|-end|p1a: Iron Valiant|Quark Drive|[silent]\n|move|p1b: Walking Wake|Hydro Steam|p2a: Tornadus\n|-enditem|p2a: Tornadus|Focus Sash\n|-damage|p2a: Tornadus|1/100\n|-damage|p1b: Walking Wake|46/100|[from] item: Life Orb\n|\n|-weather|RainDance|[upkeep]\n|upkeep\n|inactive|Lowpass has 30 seconds left.\n|\n|t:|1771883939\n|switch|p1a: Lugia|Lugia, L50|100/100\n|turn|3\n|\n|t:|1771883955\n|-terastallize|p1a: Lugia|Steel\n|move|p2a: Tornadus|Tailwind|p2a: Tornadus\n|-sidestart|p2: Zorse Mentality|move: Tailwind\n|move|p2b: Calyrex|Glacial Lance|p1a: Lugia|[spread] p1a,p1b\n|-resisted|p1a: Lugia\n|-damage|p1a: Lugia|89/100\n|-damage|p1b: Walking Wake|0 fnt\n|faint|p1b: Walking Wake\n|-end|p1b: Walking Wake|Protosynthesis|[silent]\n|-ability|p2b: Calyrex|Chilling Neigh|boost\n|-boost|p2b: Calyrex|atk|1\n|-damage|p2b: Calyrex|69/100|[from] item: Life Orb\n|move|p1a: Lugia|Aeroblast|p2a: Tornadus\n|-damage|p2a: Tornadus|0 fnt\n|faint|p2a: Tornadus\n|\n|-weather|RainDance|[upkeep]\n|-heal|p1a: Lugia|95/100|[from] item: Leftovers\n|upkeep\n|\n|t:|1771883973\n|switch|p2a: Urshifu|Urshifu-Rapid-Strike, L50, F|100/100\n|switch|p1b: Groudon|Groudon, L50, shiny|100/100\n|-weather|SunnyDay|[from] ability: Drought|[of] p1b: Groudon\n|turn|4\n|\n|t:|1771883992\n|-terastallize|p2a: Urshifu|Water\n|move|p2a: Urshifu|Surging Strikes|p1b: Groudon\n|-supereffective|p1b: Groudon\n|-crit|p1b: Groudon\n|-damage|p1b: Groudon|73/100\n|-supereffective|p1b: Groudon\n|-crit|p1b: Groudon\n|-damage|p1b: Groudon|46/100\n|-supereffective|p1b: Groudon\n|-crit|p1b: Groudon\n|-damage|p1b: Groudon|21/100\n|-hitcount|p1b: Groudon|3\n|move|p2b: Calyrex|Close Combat|p1a: Lugia\n|-supereffective|p1a: Lugia\n|-damage|p1a: Lugia|0 fnt\n|-unboost|p2b: Calyrex|def|1\n|-unboost|p2b: Calyrex|spd|1\n|faint|p1a: Lugia\n|-ability|p2b: Calyrex|Chilling Neigh|boost\n|-boost|p2b: Calyrex|atk|1\n|-damage|p2b: Calyrex|59/100|[from] item: Life Orb\n|move|p1b: Groudon|Precipice Blades|p2b: Calyrex|[spread] p2a\n|-miss|p1b: Groudon|p2b: Calyrex\n|-damage|p2a: Urshifu|45/100\n|\n|-weather|SunnyDay|[upkeep]\n|upkeep\n|turn|5\n|-message|Lowpass forfeited.\n|\n|win|Zorse Mentality\n|raw|Lowpass's rating: 1432 &rarr; <strong>1414</strong><br />(-18 for losing)\n|raw|Zorse Mentality's rating: 1472 &rarr; <strong>1490</strong><br />(+18 for winning)\n|l|\u2606Lowpass\n|player|p1|\n|l|\u2606Zorse Mentality\n|player|p2|\n","uploadtime":1771884147,"views":19,"formatid":"gen9vgc2026regi","rating":1414,"private":0,"password":null}