{"id":"gen9vgc2026regi-2563202922","format":"[Gen 9] VGC 2026 Reg I","players":["Jonen","RIAMOO"],"log":"|j|\u2606Jonen\n|j|\u2606RIAMOO\n|t:|1774002683\n|gametype|doubles\n|player|p1|Jonen|medium|1372\n|player|p2|RIAMOO|1|1284\n|gen|9\n|tier|[Gen 9] VGC 2026 Reg I\n|rated|\n|rule|Species Clause: Limit one of each Pok\u00e9mon\n|rule|Item Clause: Limit 1 of each item\n|clearpoke\n|poke|p1|Groudon, L50|\n|poke|p1|Lunala, L50|\n|poke|p1|Sableye, L50, M|\n|poke|p1|Chi-Yu, L50|\n|poke|p1|Rillaboom, L50, F|\n|poke|p1|Jumpluff, L50, F|\n|poke|p2|Calyrex-Ice, L50|\n|poke|p2|Miraidon, L50|\n|poke|p2|Grimmsnarl, L50, M|\n|poke|p2|Ursaluna, L50, F|\n|poke|p2|Incineroar, L50, M|\n|poke|p2|Tornadus, L50, M|\n|teampreview|4\n|\n|t:|1774002718\n|teamsize|p1|4\n|teamsize|p2|4\n|start\n|switch|p1a: Groudon|Groudon, L50|100/100\n|switch|p1b: Sableye|Sableye, L50, M|100/100\n|switch|p2a: Grimmsnarl|Grimmsnarl, L50, M|100/100\n|switch|p2b: Incineroar|Incineroar, L50, M|100/100\n|-weather|SunnyDay|[from] ability: Drought|[of] p1a: Groudon\n|-ability|p2b: Incineroar|Intimidate|boost\n|-unboost|p1a: Groudon|atk|1\n|-unboost|p1b: Sableye|atk|1\n|turn|1\n|inactive|Battle timer is ON: inactive players will automatically lose when time's up. (requested by RIAMOO)\n|\n|t:|1774002765\n|move|p2b: Incineroar|Fake Out|p1a: Groudon\n|-damage|p1a: Groudon|93/100\n|move|p2a: Grimmsnarl|Reflect|p2a: Grimmsnarl\n|-sidestart|p2: RIAMOO|Reflect\n|move|p1b: Sableye|Gravity|p1b: Sableye\n|-fieldstart|move: Gravity\n|cant|p1a: Groudon|flinch\n|\n|-weather|SunnyDay|[upkeep]\n|upkeep\n|turn|2\n|\n|t:|1774002775\n|switch|p1b: Lunala|Lunala, L50|100/100\n|move|p1a: Groudon|Substitute|p1a: Groudon\n|-start|p1a: Groudon|Substitute\n|-damage|p1a: Groudon|68/100\n|move|p2b: Incineroar|U-turn|p1a: Groudon\n|-activate|p1a: Groudon|move: Substitute|[damage]\n|\n|t:|1774002787\n|switch|p2b: Calyrex|Calyrex-Ice, L50|100/100|[from] U-turn\n|-ability|p2b: Calyrex|As One\n|-ability|p2b: Calyrex|Unnerve\n|move|p2a: Grimmsnarl|Spirit Break|p1b: Lunala\n|-damage|p1b: Lunala|86/100\n|-unboost|p1b: Lunala|spa|1\n|\n|-weather|SunnyDay|[upkeep]\n|upkeep\n|turn|3\n|\n|t:|1774002800\n|-terastallize|p2b: Calyrex|Water\n|move|p2a: Grimmsnarl|Light Screen|p2a: Grimmsnarl\n|-sidestart|p2: RIAMOO|move: Light Screen\n|move|p1b: Lunala|Hypnosis|p2b: Calyrex\n|-status|p2b: Calyrex|slp|[from] move: Hypnosis\n|move|p1a: Groudon|Precipice Blades|p2a: Grimmsnarl|[spread] p2a,p2b\n|-damage|p2a: Grimmsnarl|63/100\n|-damage|p2b: Calyrex|82/100 slp\n|-damage|p1a: Groudon|59/100|[from] item: Life Orb\n|cant|p2b: Calyrex|slp\n|\n|-weather|SunnyDay|[upkeep]\n|-heal|p2b: Calyrex|87/100 slp|[from] item: Leftovers\n|upkeep\n|turn|4\n|\n|t:|1774002819\n|move|p2a: Grimmsnarl|Thunder Wave|p1b: Lunala\n|-status|p1b: Lunala|par\n|move|p1a: Groudon|Precipice Blades|p2a: Grimmsnarl|[spread] p2a,p2b\n|-damage|p2a: Grimmsnarl|27/100\n|-damage|p2b: Calyrex|66/100 slp\n|-damage|p1a: Groudon|49/100|[from] item: Life Orb\n|move|p1b: Lunala|Meteor Beam||[still]\n|-prepare|p1b: Lunala|Meteor Beam\n|-boost|p1b: Lunala|spa|1\n|-enditem|p1b: Lunala|Power Herb\n|-anim|p1b: Lunala|Meteor Beam|p2b: Calyrex\n|-damage|p2b: Calyrex|48/100 slp\n|cant|p2b: Calyrex|slp\n|\n|-weather|SunnyDay|[upkeep]\n|-heal|p2b: Calyrex|54/100 slp|[from] item: Leftovers\n|upkeep\n|turn|5\n|\n|t:|1774002838\n|move|p1a: Groudon|Heat Crash|p2a: Grimmsnarl\n|-damage|p2a: Grimmsnarl|0 fnt\n|faint|p2a: Grimmsnarl\n|-damage|p1a: Groudon|39/100|[from] item: Life Orb\n|cant|p1b: Lunala|par\n|cant|p2b: Calyrex|slp\n|\n|-weather|none\n|-heal|p2b: Calyrex|59/100 slp|[from] item: Leftovers\n|-fieldend|move: Gravity\n|upkeep\n|\n|t:|1774002849\n|switch|p2a: Ursaluna|Ursaluna, L50, F|100/100\n|turn|6\n|\n|t:|1774002859\n|move|p2a: Ursaluna|Protect|p2a: Ursaluna\n|-singleturn|p2a: Ursaluna|Protect\n|move|p1a: Groudon|Precipice Blades|p2b: Calyrex|[spread] p2b\n|-activate|p2a: Ursaluna|move: Protect\n|-damage|p2b: Calyrex|39/100 slp\n|-damage|p1a: Groudon|30/100|[from] item: Life Orb\n|cant|p1b: Lunala|par\n|-curestatus|p2b: Calyrex|slp|[msg]\n|move|p2b: Calyrex|Glacial Lance|p1b: Lunala|[spread] p1a,p1b\n|-supereffective|p1a: Groudon\n|-end|p1a: Groudon|Substitute\n|-damage|p1b: Lunala|35/100 par\n|\n|-heal|p2b: Calyrex|45/100|[from] item: Leftovers\n|-status|p2a: Ursaluna|brn|[from] item: Flame Orb\n|upkeep\n|turn|7\n|\n|t:|1774002884\n|move|p1a: Groudon|Protect|p1a: Groudon\n|-singleturn|p1a: Groudon|Protect\n|move|p2b: Calyrex|Protect|p2b: Calyrex\n|-singleturn|p2b: Calyrex|Protect\n|move|p1b: Lunala|Moongeist Beam|p2b: Calyrex\n|-activate|p2b: Calyrex|move: Protect\n|move|p2a: Ursaluna|Facade|p1a: Groudon\n|-activate|p1a: Groudon|move: Protect\n|\n|-heal|p2b: Calyrex|51/100|[from] item: Leftovers\n|-damage|p2a: Ursaluna|95/100 brn|[from] brn\n|upkeep\n|turn|8\n|\n|t:|1774002905\n|switch|p1a: Sableye|Sableye, L50, M|100/100\n|switch|p2a: Incineroar|Incineroar, L50, M|100/100\n|-ability|p2a: Incineroar|Intimidate|boost\n|-unboost|p1a: Sableye|atk|1\n|-unboost|p1b: Lunala|atk|1\n|cant|p1b: Lunala|par\n|move|p2b: Calyrex|Glacial Lance|p1a: Sableye|[spread] p1a,p1b\n|-damage|p1a: Sableye|52/100\n|-damage|p1b: Lunala|0 fnt\n|faint|p1b: Lunala\n|-ability|p2b: Calyrex|Chilling Neigh|boost\n|-boost|p2b: Calyrex|atk|1\n|\n|-heal|p2b: Calyrex|57/100|[from] item: Leftovers\n|-sideend|p2: RIAMOO|Reflect\n|upkeep\n|\n|t:|1774002919\n|switch|p1b: Rillaboom|Rillaboom, L50, F|100/100\n|-fieldstart|move: Grassy Terrain|[from] ability: Grassy Surge|[of] p1b: Rillaboom\n|turn|9\n|\n|t:|1774002938\n|move|p1a: Sableye|Disable|p2b: Calyrex\n|-start|p2b: Calyrex|Disable|Glacial Lance\n|move|p2a: Incineroar|Flare Blitz|p1b: Rillaboom\n|-supereffective|p1b: Rillaboom\n|-damage|p1b: Rillaboom|11/100\n|-damage|p2a: Incineroar|70/100|[from] Recoil\n|move|p1b: Rillaboom|Wood Hammer|p2b: Calyrex\n|-supereffective|p2b: Calyrex\n|-damage|p2b: Calyrex|0 fnt\n|faint|p2b: Calyrex\n|-damage|p1b: Rillaboom|0 fnt|[from] Recoil\n|faint|p1b: Rillaboom\n|\n|-heal|p2a: Incineroar|76/100|[from] Grassy Terrain\n|-heal|p1a: Sableye|58/100|[from] Grassy Terrain\n|upkeep\n|\n|t:|1774002947\n|switch|p1b: Groudon|Groudon, L50|30/100\n|switch|p2b: Ursaluna|Ursaluna, L50, F|95/100 brn\n|-weather|SunnyDay|[from] ability: Drought|[of] p1b: Groudon\n|turn|10\n|\n|t:|1774002966\n|-terastallize|p1b: Groudon|Fire\n|move|p1a: Sableye|Gravity|p1a: Sableye\n|-fieldstart|move: Gravity\n|move|p1b: Groudon|Precipice Blades|p2a: Incineroar|[spread] p2a,p2b\n|-supereffective|p2a: Incineroar\n|-damage|p2a: Incineroar|0 fnt\n|-damage|p2b: Ursaluna|51/100 brn\n|faint|p2a: Incineroar\n|-damage|p1b: Groudon|20/100|[from] item: Life Orb\n|move|p2b: Ursaluna|Facade|p1b: Groudon\n|-damage|p1b: Groudon|0 fnt\n|faint|p1b: Groudon\n|\n|-weather|SunnyDay|[upkeep]\n|-heal|p1a: Sableye|63/100|[from] Grassy Terrain\n|-heal|p2b: Ursaluna|57/100 brn|[from] Grassy Terrain\n|-damage|p2b: Ursaluna|51/100 brn|[from] brn\n|-sideend|p2: RIAMOO|move: Light Screen\n|upkeep\n|turn|11\n|\n|t:|1774002981\n|move|p1a: Sableye|Foul Play|p2b: Ursaluna\n|-damage|p2b: Ursaluna|28/100 brn\n|move|p2b: Ursaluna|Headlong Rush|p1a: Sableye\n|-damage|p1a: Sableye|0 fnt\n|-unboost|p2b: Ursaluna|def|1\n|-unboost|p2b: Ursaluna|spd|1\n|faint|p1a: Sableye\n|\n|win|RIAMOO\n|raw|Jonen's rating: 1372 &rarr; <strong>1347</strong><br />(-25 for losing)\n|raw|RIAMOO's rating: 1284 &rarr; <strong>1315</strong><br />(+31 for winning)\n","uploadtime":1774002981,"views":10,"formatid":"gen9vgc2026regi","rating":1315,"private":0,"password":null}