{"id":"gen9vgc2026regi-2514172780","format":"[Gen 9] VGC 2026 Reg I","players":["Uncreative7452","plantscience"],"log":"|j|\u2606Uncreative7452\n|j|\u2606plantscience\n|t:|1767829677\n|gametype|doubles\n|player|p1|Uncreative7452|tuber|1084\n|player|p2|plantscience|102|1000\n|gen|9\n|tier|[Gen 9] VGC 2026 Reg I\n|rated|\n|rule|Species Clause: Limit one of each Pok\u00e9mon\n|rule|Item Clause: Limit 1 of each item\n|clearpoke\n|poke|p1|Alcremie, L50, F|\n|poke|p1|Calyrex-Ice, L50|\n|poke|p1|Chesnaught, L50, M|\n|poke|p1|Miraidon, L50|\n|poke|p1|Whimsicott, L50, M|\n|poke|p1|Incineroar, L50, M|\n|poke|p2|Miraidon, L50|\n|poke|p2|Ho-Oh, L50|\n|poke|p2|Amoonguss, L50, M|\n|poke|p2|Urshifu-*, L50, M|\n|poke|p2|Incineroar, L50, M|\n|poke|p2|Ting-Lu, L50|\n|teampreview|4\n|\n|t:|1767829717\n|teamsize|p1|4\n|teamsize|p2|4\n|start\n|switch|p1a: Cyborg Cyclizar|Miraidon, L50|100/100\n|switch|p1b: Cottonball|Whimsicott, L50, M|100/100\n|switch|p2a: Ho-Oh|Ho-Oh, L50|100/100\n|switch|p2b: Incineroar|Incineroar, L50, M|100/100\n|-fieldstart|move: Electric Terrain|[from] ability: Hadron Engine|[of] p1a: Cyborg Cyclizar\n|-ability|p2b: Incineroar|Intimidate|boost\n|-unboost|p1a: Cyborg Cyclizar|atk|1\n|-unboost|p1b: Cottonball|atk|1\n|turn|1\n|inactive|Battle timer is ON: inactive players will automatically lose when time's up. (requested by plantscience)\n|\n|t:|1767829732\n|move|p2b: Incineroar|Fake Out|p1a: Cyborg Cyclizar\n|-damage|p1a: Cyborg Cyclizar|89/100\n|move|p1b: Cottonball|Tailwind|p1b: Cottonball\n|-sidestart|p1: Uncreative7452|move: Tailwind\n|cant|p1a: Cyborg Cyclizar|flinch\n|move|p2a: Ho-Oh|Sacred Fire|p1b: Cottonball\n|-supereffective|p1b: Cottonball\n|-damage|p1b: Cottonball|0 fnt\n|faint|p1b: Cottonball\n|\n|upkeep\n|\n|t:|1767829738\n|switch|p1b: Overhated Starter|Chesnaught, L50, M|100/100\n|-enditem|p1b: Overhated Starter|Electric Seed\n|-boost|p1b: Overhated Starter|def|1|[from] item: Electric Seed\n|turn|2\n|\n|t:|1767829756\n|-terastallize|p2a: Ho-Oh|Fairy\n|move|p1a: Cyborg Cyclizar|Volt Switch|p2a: Ho-Oh\n|-damage|p2a: Ho-Oh|49/100\n|\n|t:|1767829760\n|switch|p1a: Hi Horsie|Calyrex-Ice, L50|100/100|[from] Volt Switch\n|-ability|p1a: Hi Horsie|As One\n|-ability|p1a: Hi Horsie|Unnerve\n|move|p1b: Overhated Starter|Body Press|p2b: Incineroar\n|-supereffective|p2b: Incineroar\n|-damage|p2b: Incineroar|0 fnt\n|faint|p2b: Incineroar\n|move|p2a: Ho-Oh|Sacred Fire|p1b: Overhated Starter\n|-supereffective|p1b: Overhated Starter\n|-damage|p1b: Overhated Starter|66/100\n|-status|p1b: Overhated Starter|brn\n|\n|-heal|p2a: Ho-Oh|55/100|[from] item: Leftovers\n|-damage|p1b: Overhated Starter|60/100 brn|[from] brn\n|upkeep\n|\n|t:|1767829783\n|switch|p2b: Ting-Lu|Ting-Lu, L50|100/100\n|-ability|p2b: Ting-Lu|Vessel of Ruin\n|turn|3\n|\n|t:|1767829796\n|move|p2b: Ting-Lu|Protect|p2b: Ting-Lu\n|-singleturn|p2b: Ting-Lu|Protect\n|move|p1b: Overhated Starter|Leech Seed|p2a: Ho-Oh\n|-start|p2a: Ho-Oh|move: Leech Seed\n|move|p2a: Ho-Oh|Tailwind|p2a: Ho-Oh\n|-sidestart|p2: plantscience|move: Tailwind\n|move|p1a: Hi Horsie|Glacial Lance|p2a: Ho-Oh|[spread] p2a\n|-activate|p2b: Ting-Lu|move: Protect\n|-damage|p2a: Ho-Oh|14/100\n|\n|-heal|p2a: Ho-Oh|20/100|[from] item: Leftovers\n|-damage|p2a: Ho-Oh|8/100|[from] Leech Seed|[of] p1b: Overhated Starter\n|-heal|p1b: Overhated Starter|73/100 brn|[silent]\n|-damage|p1b: Overhated Starter|67/100 brn|[from] brn\n|upkeep\n|turn|4\n|\n|t:|1767829815\n|move|p2a: Ho-Oh|Sacred Fire|p1a: Hi Horsie\n|-supereffective|p1a: Hi Horsie\n|-damage|p1a: Hi Horsie|46/100\n|move|p1b: Overhated Starter|Leech Seed|p2b: Ting-Lu\n|-start|p2b: Ting-Lu|move: Leech Seed\n|move|p2b: Ting-Lu|Ruination|p1a: Hi Horsie\n|-damage|p1a: Hi Horsie|23/100\n|move|p1a: Hi Horsie|Glacial Lance|p2b: Ting-Lu|[spread] p2a,p2b\n|-supereffective|p2b: Ting-Lu\n|-damage|p2a: Ho-Oh|0 fnt\n|-damage|p2b: Ting-Lu|43/100\n|faint|p2a: Ho-Oh\n|-ability|p1a: Hi Horsie|Chilling Neigh|boost\n|-boost|p1a: Hi Horsie|atk|1\n|\n|-damage|p2b: Ting-Lu|30/100|[from] Leech Seed|[of] p1b: Overhated Starter\n|-heal|p1b: Overhated Starter|83/100 brn|[silent]\n|-damage|p1b: Overhated Starter|77/100 brn|[from] brn\n|-sideend|p1: Uncreative7452|move: Tailwind\n|upkeep\n|\n|t:|1767829821\n|switch|p2a: Miraidon|Miraidon, L50|100/100\n|-activate|p2a: Miraidon|ability: Hadron Engine\n|turn|5\n|\n|t:|1767829842\n|move|p1b: Overhated Starter|Spiky Shield|p1b: Overhated Starter\n|-singleturn|p1b: Overhated Starter|move: Protect\n|move|p1a: Hi Horsie|Protect|p1a: Hi Horsie\n|-singleturn|p1a: Hi Horsie|Protect\n|move|p2a: Miraidon|Electro Drift|p1b: Overhated Starter\n|-activate|p1b: Overhated Starter|move: Protect\n|-damage|p2a: Miraidon|88/100|[from] Spiky Shield|[of] p1b: Overhated Starter\n|move|p2b: Ting-Lu|Stomping Tantrum|p1a: Hi Horsie\n|-activate|p1a: Hi Horsie|move: Protect\n|\n|-damage|p2b: Ting-Lu|18/100|[from] Leech Seed|[of] p1b: Overhated Starter\n|-heal|p1b: Overhated Starter|93/100 brn|[silent]\n|-damage|p1b: Overhated Starter|87/100 brn|[from] brn\n|-fieldend|move: Electric Terrain\n|upkeep\n|turn|6\n|\n|t:|1767829859\n|move|p2a: Miraidon|Electro Drift|p1a: Hi Horsie\n|-damage|p1a: Hi Horsie|0 fnt\n|-enditem|p2b: Ting-Lu|Sitrus Berry|[eat]\n|-heal|p2b: Ting-Lu|43/100|[from] item: Sitrus Berry\n|faint|p1a: Hi Horsie\n|-damage|p2a: Miraidon|79/100|[from] item: Life Orb\n|move|p2b: Ting-Lu|Ruination|p1b: Overhated Starter\n|-damage|p1b: Overhated Starter|44/100 brn\n|move|p1b: Overhated Starter|Leech Seed|p2a: Miraidon\n|-start|p2a: Miraidon|move: Leech Seed\n|\n|-damage|p2a: Miraidon|67/100|[from] Leech Seed|[of] p1b: Overhated Starter\n|-heal|p1b: Overhated Starter|56/100 brn|[silent]\n|-damage|p2b: Ting-Lu|31/100|[from] Leech Seed|[of] p1b: Overhated Starter\n|-heal|p1b: Overhated Starter|72/100 brn|[silent]\n|-damage|p1b: Overhated Starter|66/100 brn|[from] brn\n|-sideend|p2: plantscience|move: Tailwind\n|upkeep\n|\n|t:|1767829864\n|switch|p1a: Cyborg Cyclizar|Miraidon, L50|89/100\n|-fieldstart|move: Electric Terrain|[from] ability: Hadron Engine|[of] p1a: Cyborg Cyclizar\n|turn|7\n|\n|t:|1767829875\n|move|p1b: Overhated Starter|Spiky Shield|p1b: Overhated Starter\n|-singleturn|p1b: Overhated Starter|move: Protect\n|move|p1a: Cyborg Cyclizar|Dazzling Gleam|p2b: Ting-Lu|[spread] p2a,p2b\n|-supereffective|p2a: Miraidon\n|-crit|p2a: Miraidon\n|-supereffective|p2b: Ting-Lu\n|-damage|p2a: Miraidon|0 fnt\n|-damage|p2b: Ting-Lu|0 fnt\n|faint|p2a: Miraidon\n|faint|p2b: Ting-Lu\n|\n|win|Uncreative7452\n|raw|Uncreative7452's rating: 1084 &rarr; <strong>1105</strong><br />(+21 for winning)\n|raw|plantscience's rating: 1000 &rarr; <strong>1000</strong><br />(+0 for losing)\n","uploadtime":1767829884,"views":30,"formatid":"gen9vgc2026regi","rating":1000,"private":0,"password":null}