{"id":"gen9vgc2026regi-2550330806","format":"[Gen 9] VGC 2026 Reg I","players":["b3testing","skywalkingchris"],"log":"|j|\u2606b3testing\n|j|\u2606skywalkingchris\n|t:|1772477633\n|gametype|doubles\n|player|p1|b3testing|102|1407\n|player|p2|skywalkingchris|1|1334\n|gen|9\n|tier|[Gen 9] VGC 2026 Reg I\n|rated|\n|rule|Species Clause: Limit one of each Pok\u00e9mon\n|rule|Item Clause: Limit 1 of each item\n|clearpoke\n|poke|p1|Terapagos, L50, M|\n|poke|p1|Calyrex-Shadow, L50|\n|poke|p1|Incineroar, L50, F|\n|poke|p1|Amoonguss, L50, M|\n|poke|p1|Tornadus, L50, M|\n|poke|p1|Smeargle, L50, M|\n|poke|p2|Groudon, L50|\n|poke|p2|Ogerpon-Wellspring, L50, F|\n|poke|p2|Tornadus, L50, M|\n|poke|p2|Gholdengo, L50|\n|poke|p2|Calyrex-Shadow, L50|\n|poke|p2|Indeedee, L50, M|\n|teampreview|4\n|inactive|Battle timer is ON: inactive players will automatically lose when time's up. (requested by b3testing)\n|inactive|skywalkingchris has 60 seconds left.\n|\n|t:|1772477676\n|teamsize|p1|4\n|teamsize|p2|4\n|start\n|switch|p1a: Smeargle|Smeargle, L50, M|100/100\n|switch|p1b: Terapagos|Terapagos, L50, M|100/100\n|switch|p2a: Tornadus|Tornadus, L50, M|100/100\n|switch|p2b: Groudon|Groudon, L50|100/100\n|-activate|p1b: Terapagos|ability: Tera Shift\n|detailschange|p1b: Terapagos|Terapagos-Terastal, L50, M\n|-heal|p1b: Terapagos|100/100|[silent]\n|-weather|SunnyDay|[from] ability: Drought|[of] p2b: Groudon\n|turn|1\n|inactive|b3testing has 30 seconds left.\n|j| globalfish39\n|\n|t:|1772477711\n|move|p2b: Groudon|Protect|p2b: Groudon\n|-singleturn|p2b: Groudon|Protect\n|move|p1a: Smeargle|Fake Out|p2b: Groudon\n|-activate|p2b: Groudon|move: Protect\n|move|p2a: Tornadus|Taunt|p1a: Smeargle\n|-start|p1a: Smeargle|move: Taunt\n|move|p1b: Terapagos|Calm Mind|p1b: Terapagos\n|-boost|p1b: Terapagos|spa|1\n|-boost|p1b: Terapagos|spd|1\n|\n|-weather|SunnyDay|[upkeep]\n|-ability|p1a: Smeargle|Moody|boost\n|-boost|p1a: Smeargle|atk|2\n|-unboost|p1a: Smeargle|spd|1\n|upkeep\n|turn|2\n|\n|t:|1772477730\n|switch|p1a: Incineroar|Incineroar, L50, F|100/100\n|-ability|p1a: Incineroar|Intimidate|boost\n|-unboost|p2a: Tornadus|atk|1\n|-unboost|p2b: Groudon|atk|1\n|move|p1b: Terapagos|Protect|p1b: Terapagos\n|-singleturn|p1b: Terapagos|Protect\n|move|p2a: Tornadus|Bleakwind Storm|p1a: Incineroar|[spread] \n|-activate|p1b: Terapagos|move: Protect\n|-miss|p2a: Tornadus|p1a: Incineroar\n|move|p2b: Groudon|Eruption|p1a: Incineroar|[spread] p1a\n|-activate|p1b: Terapagos|move: Protect\n|-resisted|p1a: Incineroar\n|-damage|p1a: Incineroar|83/100\n|-damage|p2b: Groudon|91/100|[from] item: Life Orb\n|\n|-weather|SunnyDay|[upkeep]\n|upkeep\n|turn|3\n|inactive|b3testing has 30 seconds left.\n|inactive|b3testing has 20 seconds left.\n|inactive|b3testing has 15 seconds left.\n|inactive|b3testing has 10 seconds left.\n|inactive|b3testing has 5 seconds left.\n|\n|t:|1772477785\n|move|p2b: Groudon|Protect|p2b: Groudon\n|-singleturn|p2b: Groudon|Protect\n|move|p2a: Tornadus|Taunt|p1b: Terapagos\n|-start|p1b: Terapagos|move: Taunt\n|move|p1b: Terapagos|Tera Starstorm|p2a: Tornadus\n|-damage|p2a: Tornadus|0 fnt\n|faint|p2a: Tornadus\n|move|p1a: Incineroar|U-turn|p2b: Groudon\n|-activate|p2b: Groudon|move: Protect\n|\n|-weather|SunnyDay|[upkeep]\n|upkeep\n|\n|t:|1772477796\n|switch|p2a: Indeedee|Indeedee, L50, M|100/100\n|-fieldstart|move: Psychic Terrain|[from] ability: Psychic Surge|[of] p2a: Indeedee\n|turn|4\n|\n|t:|1772477810\n|-terastallize|p1b: Terapagos|Stellar\n|detailschange|p1b: Terapagos|Terapagos-Stellar, L50, M, tera:Stellar\n|-heal|p1b: Terapagos|100/100|[silent]\n|-ability|p1b: Terapagos|Teraform Zero\n|-weather|none\n|-fieldend|move: Psychic Terrain\n|move|p2a: Indeedee|Protect|p2a: Indeedee\n|-singleturn|p2a: Indeedee|Protect\n|move|p2b: Groudon|Earth Power|p1a: Incineroar\n|-supereffective|p1a: Incineroar\n|-damage|p1a: Incineroar|20/100\n|-damage|p2b: Groudon|81/100|[from] item: Life Orb\n|move|p1b: Terapagos|Tera Starstorm|p2a: Indeedee|[spread] p2b\n|-activate|p2a: Indeedee|move: Protect\n|-damage|p2b: Groudon|12/100\n|move|p1a: Incineroar|Knock Off|p2a: Indeedee\n|-activate|p2a: Indeedee|move: Protect\n|\n|upkeep\n|turn|5\n|inactive|b3testing has 30 seconds left.\n|inactive|skywalkingchris has 30 seconds left.\n|inactive|b3testing has 20 seconds left.\n|\n|t:|1772477847\n|switch|p1a: Calyrex|Calyrex-Shadow, L50|100/100\n|-ability|p1a: Calyrex|As One\n|-ability|p1a: Calyrex|Unnerve\n|move|p2a: Indeedee|Expanding Force|p1b: Terapagos\n|-damage|p1b: Terapagos|86/100\n|move|p2b: Groudon|Heat Wave|p1a: Calyrex|[spread] p1a,p1b\n|-damage|p1a: Calyrex|75/100\n|-damage|p1b: Terapagos|74/100\n|-damage|p2b: Groudon|3/100|[from] item: Life Orb\n|move|p1b: Terapagos|Tera Starstorm|p2a: Indeedee|[spread] p2a,p2b\n|-damage|p2a: Indeedee|18/100\n|-damage|p2b: Groudon|0 fnt\n|faint|p2b: Groudon\n|\n|-end|p1b: Terapagos|move: Taunt\n|upkeep\n|\n|t:|1772477863\n|switch|p2b: Ogerpon|Ogerpon-Wellspring, L50, F|100/100\n|turn|6\n|\n|t:|1772477871\n|move|p1a: Calyrex|Astral Barrage|p2b: Ogerpon|[spread] p2b\n|-immune|p2a: Indeedee\n|-damage|p2b: Ogerpon|22/100\n|-damage|p1a: Calyrex|66/100|[from] item: Life Orb\n|move|p2b: Ogerpon|Ivy Cudgel|p1a: Calyrex|[anim] Ivy Cudgel Water\n|-damage|p1a: Calyrex|4/100\n|move|p1b: Terapagos|Tera Starstorm|p2b: Ogerpon|[spread] p2a,p2b\n|-damage|p2a: Indeedee|0 fnt\n|-damage|p2b: Ogerpon|0 fnt\n|faint|p2a: Indeedee\n|faint|p2b: Ogerpon\n|\n|win|b3testing\n|raw|b3testing's rating: 1407 &rarr; <strong>1423</strong><br />(+16 for winning)\n|raw|skywalkingchris's rating: 1334 &rarr; <strong>1318</strong><br />(-16 for losing)\n|l|\u2606skywalkingchris\n|player|p2|\n|l|\u2606b3testing\n|player|p1|\n","uploadtime":1772478056,"views":13,"formatid":"gen9vgc2026regi","rating":1318,"private":0,"password":null}