{"id":"gen9vgc2026regi-2577796863","format":"[Gen 9] VGC 2026 Reg I","players":["oreoinabox","KCLord"],"log":"|j|\u2606oreoinabox\n|j|\u2606KCLord\n|t:|1775606867\n|gametype|doubles\n|player|p1|oreoinabox|boarder|1385\n|player|p2|KCLord|lucas|1313\n|gen|9\n|tier|[Gen 9] VGC 2026 Reg I\n|rated|\n|rule|Species Clause: Limit one of each Pok\u00e9mon\n|rule|Item Clause: Limit 1 of each item\n|clearpoke\n|poke|p1|Zacian-*, L50|\n|poke|p1|Miraidon, L50|\n|poke|p1|Charjabug, L50, M|\n|poke|p1|Chesnaught, L50, M|\n|poke|p1|Kilowattrel, L50, M|\n|poke|p1|Stonjourner, L50, M|\n|poke|p2|Calyrex-Shadow, L50|\n|poke|p2|Zamazenta-*, L50|\n|poke|p2|Chien-Pao, L50|\n|poke|p2|Dragonite, L50, F|\n|poke|p2|Raging Bolt, L50|\n|poke|p2|Ogerpon-Cornerstone, L50, F|\n|teampreview|4\n|inactive|Battle timer is ON: inactive players will automatically lose when time's up. (requested by oreoinabox)\n|inactive|oreoinabox has 60 seconds left.\n|inactive|KCLord has 60 seconds left.\n|\n|t:|1775606902\n|teamsize|p1|4\n|teamsize|p2|4\n|start\n|switch|p1a: Stonjourner|Stonjourner, L50, M|100/100\n|switch|p1b: Zacian|Zacian-Crowned, L50|100/100\n|switch|p2a: Calyrex|Calyrex-Shadow, L50|100/100\n|switch|p2b: Ogerpon|Ogerpon-Cornerstone, L50, F|100/100\n|-ability|p2a: Calyrex|As One\n|-ability|p2a: Calyrex|Unnerve\n|-ability|p1b: Zacian|Intrepid Sword|boost\n|-boost|p1b: Zacian|atk|1\n|turn|1\n|\n|t:|1775606917\n|move|p1a: Stonjourner|Wide Guard|p1a: Stonjourner\n|-singleturn|p1a: Stonjourner|Wide Guard\n|move|p2b: Ogerpon|Follow Me|p2b: Ogerpon\n|-singleturn|p2b: Ogerpon|move: Follow Me\n|move|p2a: Calyrex|Astral Barrage|p1a: Stonjourner|[spread] \n|-activate|p1a: Stonjourner|move: Wide Guard\n|-activate|p1b: Zacian|move: Wide Guard\n|move|p1b: Zacian|Behemoth Blade|p2b: Ogerpon\n|-supereffective|p2b: Ogerpon\n|-ability|p2b: Ogerpon|Sturdy\n|-damage|p2b: Ogerpon|1/100\n|\n|upkeep\n|turn|2\n|inactive|KCLord has 30 seconds left.\n|\n|t:|1775606943\n|move|p1a: Stonjourner|Wide Guard|p1a: Stonjourner\n|-singleturn|p1a: Stonjourner|Wide Guard\n|move|p2a: Calyrex|Psychic|p1b: Zacian\n|-resisted|p1b: Zacian\n|-damage|p1b: Zacian|74/100\n|move|p1b: Zacian|Behemoth Blade|p2a: Calyrex\n|-enditem|p2a: Calyrex|Focus Sash\n|-damage|p2a: Calyrex|1/100\n|move|p2b: Ogerpon|Taunt|p1a: Stonjourner\n|-start|p1a: Stonjourner|move: Taunt\n|\n|upkeep\n|turn|3\n|\n|t:|1775606967\n|-terastallize|p2a: Calyrex|Ghost\n|move|p1b: Zacian|Protect|p1b: Zacian\n|-singleturn|p1b: Zacian|Protect\n|move|p2b: Ogerpon|Follow Me|p2b: Ogerpon\n|-singleturn|p2b: Ogerpon|move: Follow Me\n|move|p2a: Calyrex|Astral Barrage|p1a: Stonjourner|[spread] p1a\n|-activate|p1b: Zacian|move: Protect\n|-damage|p1a: Stonjourner|0 fnt\n|faint|p1a: Stonjourner\n|-ability|p2a: Calyrex|Grim Neigh|boost\n|-boost|p2a: Calyrex|spa|1\n|\n|upkeep\n|\n|t:|1775606974\n|switch|p1a: Charjabug|Charjabug, L50, M|100/100\n|turn|4\n|\n|t:|1775606987\n|-terastallize|p1b: Zacian|Normal\n|move|p2b: Ogerpon|Follow Me|p2b: Ogerpon\n|-singleturn|p2b: Ogerpon|move: Follow Me\n|move|p2a: Calyrex|Astral Barrage|p1b: Zacian|[spread] p1a\n|-immune|p1b: Zacian\n|-damage|p1a: Charjabug|17/100\n|move|p1b: Zacian|Behemoth Blade|p2b: Ogerpon\n|-supereffective|p2b: Ogerpon\n|-damage|p2b: Ogerpon|0 fnt\n|faint|p2b: Ogerpon\n|move|p1a: Charjabug|Electroweb|p2a: Calyrex\n|-damage|p2a: Calyrex|0 fnt\n|faint|p2a: Calyrex\n|\n|upkeep\n|\n|t:|1775607003\n|switch|p2a: Dragonite|Dragonite, L50, F|100/100\n|switch|p2b: Ramazotti-C|Zamazenta-Crowned, L50|100/100\n|-ability|p2b: Ramazotti-C|Dauntless Shield|boost\n|-boost|p2b: Ramazotti-C|def|1\n|turn|5\n|\n|t:|1775607012\n|move|p1b: Zacian|Protect|p1b: Zacian\n|-singleturn|p1b: Zacian|Protect\n|move|p2a: Dragonite|Extreme Speed|p1a: Charjabug\n|-damage|p1a: Charjabug|0 fnt\n|faint|p1a: Charjabug\n|move|p2b: Ramazotti-C|Body Press|p1b: Zacian\n|-activate|p1b: Zacian|move: Protect\n|\n|upkeep\n|\n|t:|1775607017\n|switch|p1a: Miraidon|Miraidon, L50|100/100\n|-fieldstart|move: Electric Terrain|[from] ability: Hadron Engine|[of] p1a: Miraidon\n|turn|6\n|\n|t:|1775607026\n|move|p2a: Dragonite|Extreme Speed|p1a: Miraidon\n|-damage|p1a: Miraidon|49/100\n|move|p1b: Zacian|Play Rough|p2a: Dragonite\n|-supereffective|p2a: Dragonite\n|-damage|p2a: Dragonite|0 fnt\n|faint|p2a: Dragonite\n|move|p1a: Miraidon|Electro Drift|p2b: Ramazotti-C\n|-damage|p2b: Ramazotti-C|27/100\n|-damage|p1a: Miraidon|39/100|[from] item: Life Orb\n|move|p2b: Ramazotti-C|Body Press|p1b: Zacian\n|-supereffective|p1b: Zacian\n|-damage|p1b: Zacian|0 fnt\n|faint|p1b: Zacian\n|\n|upkeep\n|turn|7\n|\n|t:|1775607037\n|move|p1a: Miraidon|Electro Drift|p2b: Ramazotti-C\n|-damage|p2b: Ramazotti-C|0 fnt\n|faint|p2b: Ramazotti-C\n|-damage|p1a: Miraidon|30/100|[from] item: Life Orb\n|\n|win|oreoinabox\n|raw|oreoinabox's rating: 1361 &rarr; <strong>1378</strong><br />(+17 for winning)\n|raw|KCLord's rating: 1313 &rarr; <strong>1296</strong><br />(-17 for losing)\n|l|\u2606oreoinabox\n|player|p1|\n|l|\u2606KCLord\n|player|p2|\n","uploadtime":1775607233,"views":9,"formatid":"gen9vgc2026regi","rating":1296,"private":0,"password":null}