{"id":"gen9vgc2026regi-2554523382","format":"[Gen 9] VGC 2026 Reg I","players":["ImTojiSama","blackred123\u6c38\u96cf\u5854\u83f2\u4fa0"],"log":"|j|\u2606ImTojiSama\n|j|\u2606blackred123\u6c38\u96cf\u5854\u83f2\u4fa0\n|t:|1772982709\n|gametype|doubles\n|player|p1|ImTojiSama|n|1202\n|player|p2|blackred123\u6c38\u96cf\u5854\u83f2\u4fa0|iono-masters|1399\n|gen|9\n|tier|[Gen 9] VGC 2026 Reg I\n|rated|\n|rule|Species Clause: Limit one of each Pok\u00e9mon\n|rule|Item Clause: Limit 1 of each item\n|clearpoke\n|poke|p1|Lunala, L50|\n|poke|p1|Ursaluna, L50, F|\n|poke|p1|Incineroar, L50, F|\n|poke|p1|Miraidon, L50|\n|poke|p1|Whimsicott, L50, F|\n|poke|p1|Urshifu-*, L50, F|\n|poke|p2|Groudon, L50|\n|poke|p2|Volcarona, L50, F|\n|poke|p2|Rillaboom, L50, F|\n|poke|p2|Incineroar, L50, M|\n|poke|p2|Tornadus, L50, M|\n|poke|p2|Miraidon, L50|\n|teampreview|4\n|inactive|Battle timer is ON: inactive players will automatically lose when time's up. (requested by blackred123\u6c38\u96cf\u5854\u83f2\u4fa0)\n|\n|t:|1772982727\n|teamsize|p1|4\n|teamsize|p2|4\n|start\n|switch|p1a: Whimsicott|Whimsicott, L50, F|100/100\n|switch|p1b: Miraidon|Miraidon, L50, shiny|100/100\n|switch|p2a: \u6c38\u96cf\u5854\u83f2|Groudon, L50|100/100\n|switch|p2b: \u629b\u4e0b\u864e\u54e5\u5578\u7a74|Incineroar, L50, M|100/100\n|-fieldstart|move: Electric Terrain|[from] ability: Hadron Engine|[of] p1b: Miraidon\n|-weather|SunnyDay|[from] ability: Drought|[of] p2a: \u6c38\u96cf\u5854\u83f2\n|-ability|p2b: \u629b\u4e0b\u864e\u54e5\u5578\u7a74|Intimidate|boost\n|-unboost|p1a: Whimsicott|atk|1\n|-unboost|p1b: Miraidon|atk|1\n|turn|1\n|j| victlary\n|inactive|ImTojiSama has 30 seconds left.\n|inactive|ImTojiSama has 20 seconds left.\n|inactive|ImTojiSama has 15 seconds left.\n|inactive|ImTojiSama has 10 seconds left.\n|\n|t:|1772982772\n|switch|p1b: Lunala|Lunala, L50, shiny|100/100\n|-enditem|p1b: Lunala|Electric Seed\n|-boost|p1b: Lunala|def|1|[from] item: Electric Seed\n|move|p2b: \u629b\u4e0b\u864e\u54e5\u5578\u7a74|Fake Out|p1b: Lunala\n|-immune|p1b: Lunala\n|move|p1a: Whimsicott|Tailwind|p1a: Whimsicott\n|-sidestart|p1: ImTojiSama|move: Tailwind\n|move|p2a: \u6c38\u96cf\u5854\u83f2|Precipice Blades|p1a: Whimsicott|[spread] p1a,p1b\n|-resisted|p1a: Whimsicott\n|-damage|p1a: Whimsicott|61/100\n|-damage|p1b: Lunala|89/100\n|\n|-weather|SunnyDay|[upkeep]\n|upkeep\n|turn|2\n|\n|t:|1772982793\n|-terastallize|p2b: \u629b\u4e0b\u864e\u54e5\u5578\u7a74|Water\n|move|p1b: Lunala|Wide Guard|p1b: Lunala\n|-singleturn|p1b: Lunala|Wide Guard\n|move|p1a: Whimsicott|Encore|p2a: \u6c38\u96cf\u5854\u83f2\n|-start|p2a: \u6c38\u96cf\u5854\u83f2|Encore\n|move|p2a: \u6c38\u96cf\u5854\u83f2|Precipice Blades|p1a: Whimsicott|[spread] \n|-activate|p1a: Whimsicott|move: Wide Guard\n|-activate|p1b: Lunala|move: Wide Guard\n|move|p2b: \u629b\u4e0b\u864e\u54e5\u5578\u7a74|Knock Off|p1b: Lunala\n|-supereffective|p1b: Lunala\n|-damage|p1b: Lunala|40/100\n|\n|-weather|SunnyDay|[upkeep]\n|upkeep\n|turn|3\n|inactive|ImTojiSama has 30 seconds left.\n|\n|t:|1772982825\n|switch|p1a: Urshifu|Urshifu-Rapid-Strike, L50, F|100/100\n|move|p1b: Lunala|Wide Guard|p1b: Lunala\n|-singleturn|p1b: Lunala|Wide Guard\n|move|p2a: \u6c38\u96cf\u5854\u83f2|Precipice Blades|p1a: Urshifu|[spread] \n|-activate|p1a: Urshifu|move: Wide Guard\n|-activate|p1b: Lunala|move: Wide Guard\n|move|p2b: \u629b\u4e0b\u864e\u54e5\u5578\u7a74|Flare Blitz|p1b: Lunala\n|-damage|p1b: Lunala|8/100\n|-damage|p2b: \u629b\u4e0b\u864e\u54e5\u5578\u7a74|88/100|[from] Recoil\n|\n|-weather|SunnyDay|[upkeep]\n|upkeep\n|turn|4\n|inactive|blackred123\u6c38\u96cf\u5854\u83f2\u4fa0 has 30 seconds left.\n|\n|t:|1772982851\n|switch|p1b: Whimsicott|Whimsicott, L50, F|61/100\n|switch|p2a: \u94f6\u91d1\u7535\u86c7|Miraidon, L50, shiny|100/100\n|-activate|p2a: \u94f6\u91d1\u7535\u86c7|ability: Hadron Engine\n|move|p1a: Urshifu|Surging Strikes|p2a: \u94f6\u91d1\u7535\u86c7\n|-resisted|p2a: \u94f6\u91d1\u7535\u86c7\n|-crit|p2a: \u94f6\u91d1\u7535\u86c7\n|-damage|p2a: \u94f6\u91d1\u7535\u86c7|94/100\n|-resisted|p2a: \u94f6\u91d1\u7535\u86c7\n|-crit|p2a: \u94f6\u91d1\u7535\u86c7\n|-damage|p2a: \u94f6\u91d1\u7535\u86c7|89/100\n|-resisted|p2a: \u94f6\u91d1\u7535\u86c7\n|-crit|p2a: \u94f6\u91d1\u7535\u86c7\n|-damage|p2a: \u94f6\u91d1\u7535\u86c7|84/100\n|-hitcount|p2a: \u94f6\u91d1\u7535\u86c7|3\n|-damage|p1a: Urshifu|91/100|[from] item: Life Orb\n|move|p2b: \u629b\u4e0b\u864e\u54e5\u5578\u7a74|Knock Off|p1b: Whimsicott\n|-resisted|p1b: Whimsicott\n|-damage|p1b: Whimsicott|32/100\n|-enditem|p1b: Whimsicott|Focus Sash|[from] move: Knock Off|[of] p2b: \u629b\u4e0b\u864e\u54e5\u5578\u7a74\n|\n|-weather|SunnyDay|[upkeep]\n|-sideend|p1: ImTojiSama|move: Tailwind\n|upkeep\n|turn|5\n|inactive|ImTojiSama has 30 seconds left.\n|\n|t:|1772982877\n|-terastallize|p1a: Urshifu|Ghost\n|move|p1b: Whimsicott|Tailwind|p1b: Whimsicott\n|-sidestart|p1: ImTojiSama|move: Tailwind\n|move|p1a: Urshifu|Close Combat|p2a: \u94f6\u91d1\u7535\u86c7\n|-damage|p2a: \u94f6\u91d1\u7535\u86c7|11/100\n|-unboost|p1a: Urshifu|def|1\n|-unboost|p1a: Urshifu|spd|1\n|-damage|p1a: Urshifu|81/100|[from] item: Life Orb\n|move|p2a: \u94f6\u91d1\u7535\u86c7|Dazzling Gleam|p1b: Whimsicott|[spread] p1a,p1b\n|-damage|p1a: Urshifu|20/100\n|-damage|p1b: Whimsicott|0 fnt\n|faint|p1b: Whimsicott\n|move|p2b: \u629b\u4e0b\u864e\u54e5\u5578\u7a74|Parting Shot|p1a: Urshifu\n|-unboost|p1a: Urshifu|atk|1\n|-unboost|p1a: Urshifu|spa|1\n|inactive|blackred123\u6c38\u96cf\u5854\u83f2\u4fa0 has 30 seconds left.\n|inactive|blackred123\u6c38\u96cf\u5854\u83f2\u4fa0 has 20 seconds left.\n|inactive|blackred123\u6c38\u96cf\u5854\u83f2\u4fa0 has 15 seconds left.\n|inactive|blackred123\u6c38\u96cf\u5854\u83f2\u4fa0 has 10 seconds left.\n|\n|t:|1772982923\n|switch|p2b: \u7d2b\u5c3e\u723d\u98de|Tornadus, L50, M|100/100|[from] Parting Shot\n|\n|-weather|none\n|-fieldend|move: Electric Terrain\n|upkeep\n|\n|t:|1772982928\n|switch|p1b: Miraidon|Miraidon, L50, shiny|100/100\n|-fieldstart|move: Electric Terrain|[from] ability: Hadron Engine|[of] p1b: Miraidon\n|turn|6\n|inactive|ImTojiSama has 30 seconds left.\n|inactive|ImTojiSama has 20 seconds left.\n|\n|t:|1772982965\n|move|p1a: Urshifu|Protect|p1a: Urshifu\n|-singleturn|p1a: Urshifu|Protect\n|move|p2b: \u7d2b\u5c3e\u723d\u98de|Tailwind|p2b: \u7d2b\u5c3e\u723d\u98de\n|-sidestart|p2: blackred123\u6c38\u96cf\u5854\u83f2\u4fa0|move: Tailwind\n|move|p2a: \u94f6\u91d1\u7535\u86c7|Dazzling Gleam|p1b: Miraidon|[spread] p1b\n|-activate|p1a: Urshifu|move: Protect\n|-supereffective|p1b: Miraidon\n|-damage|p1b: Miraidon|69/100\n|move|p1b: Miraidon|Electro Drift|p2a: \u94f6\u91d1\u7535\u86c7\n|-resisted|p2a: \u94f6\u91d1\u7535\u86c7\n|-damage|p2a: \u94f6\u91d1\u7535\u86c7|0 fnt\n|faint|p2a: \u94f6\u91d1\u7535\u86c7\n|\n|upkeep\n|\n|t:|1772982979\n|switch|p2a: \u6c38\u96cf\u5854\u83f2|Groudon, L50|100/100\n|-weather|SunnyDay|[from] ability: Drought|[of] p2a: \u6c38\u96cf\u5854\u83f2\n|turn|7\n|\n|t:|1772982990\n|move|p2b: \u7d2b\u5c3e\u723d\u98de|Protect|p2b: \u7d2b\u5c3e\u723d\u98de\n|-singleturn|p2b: \u7d2b\u5c3e\u723d\u98de|Protect\n|move|p1b: Miraidon|Electro Drift|p2b: \u7d2b\u5c3e\u723d\u98de\n|-activate|p2b: \u7d2b\u5c3e\u723d\u98de|move: Protect\n|move|p1a: Urshifu|Surging Strikes|p2a: \u6c38\u96cf\u5854\u83f2\n|-supereffective|p2a: \u6c38\u96cf\u5854\u83f2\n|-crit|p2a: \u6c38\u96cf\u5854\u83f2\n|-damage|p2a: \u6c38\u96cf\u5854\u83f2|84/100\n|-supereffective|p2a: \u6c38\u96cf\u5854\u83f2\n|-crit|p2a: \u6c38\u96cf\u5854\u83f2\n|-damage|p2a: \u6c38\u96cf\u5854\u83f2|70/100\n|-supereffective|p2a: \u6c38\u96cf\u5854\u83f2\n|-crit|p2a: \u6c38\u96cf\u5854\u83f2\n|-damage|p2a: \u6c38\u96cf\u5854\u83f2|52/100\n|-hitcount|p2a: \u6c38\u96cf\u5854\u83f2|3\n|-damage|p1a: Urshifu|10/100|[from] item: Life Orb\n|move|p2a: \u6c38\u96cf\u5854\u83f2|Precipice Blades|p1b: Miraidon|[spread] p1a\n|-miss|p2a: \u6c38\u96cf\u5854\u83f2|p1b: Miraidon\n|-damage|p1a: Urshifu|0 fnt\n|faint|p1a: Urshifu\n|\n|-weather|SunnyDay|[upkeep]\n|upkeep\n|\n|t:|1772983009\n|switch|p1a: Lunala|Lunala, L50, shiny|8/100\n|turn|8\n|\n|t:|1772983016\n|switch|p2b: \u629b\u4e0b\u864e\u54e5\u5578\u7a74|Incineroar, L50, M, tera:Water|88/100\n|-ability|p2b: \u629b\u4e0b\u864e\u54e5\u5578\u7a74|Intimidate|boost\n|-unboost|p1a: Lunala|atk|1\n|-unboost|p1b: Miraidon|atk|1\n|move|p1a: Lunala|Wide Guard|p1a: Lunala\n|-singleturn|p1a: Lunala|Wide Guard\n|move|p1b: Miraidon|Electro Drift|p2b: \u629b\u4e0b\u864e\u54e5\u5578\u7a74\n|-supereffective|p2b: \u629b\u4e0b\u864e\u54e5\u5578\u7a74\n|-damage|p2b: \u629b\u4e0b\u864e\u54e5\u5578\u7a74|0 fnt\n|-damage|p1b: Miraidon|52/100|[from] item: Rocky Helmet|[of] p2b: \u629b\u4e0b\u864e\u54e5\u5578\u7a74\n|faint|p2b: \u629b\u4e0b\u864e\u54e5\u5578\u7a74\n|move|p2a: \u6c38\u96cf\u5854\u83f2|High Horsepower|p1b: Miraidon\n|-supereffective|p1b: Miraidon\n|-damage|p1b: Miraidon|0 fnt\n|faint|p1b: Miraidon\n|\n|-weather|SunnyDay|[upkeep]\n|-sideend|p1: ImTojiSama|move: Tailwind\n|upkeep\n|\n|t:|1772983030\n|switch|p2b: \u7d2b\u5c3e\u723d\u98de|Tornadus, L50, M|100/100\n|turn|9\n|-message|ImTojiSama forfeited.\n|\n|win|blackred123\u6c38\u96cf\u5854\u83f2\u4fa0\n|raw|ImTojiSama's rating: 1202 &rarr; <strong>1190</strong><br />(-12 for losing)\n|raw|blackred123\u6c38\u96cf\u5854\u83f2\u4fa0's rating: 1399 &rarr; <strong>1409</strong><br />(+10 for winning)\n","uploadtime":1772983036,"views":14,"formatid":"gen9vgc2026regi","rating":1190,"private":0,"password":null}