{"id":"gen9vgc2026regi-2558809815","format":"[Gen 9] VGC 2026 Reg I","players":["PATRIOTS_VG","Lacossg"],"log":"|j|\u2606PATRIOTS_VG\n|j|\u2606Lacossg\n|t:|1773486780\n|gametype|doubles\n|player|p1|PATRIOTS_VG|drayden|1393\n|player|p2|Lacossg|169|1551\n|gen|9\n|tier|[Gen 9] VGC 2026 Reg I\n|rated|\n|rule|Species Clause: Limit one of each Pok\u00e9mon\n|rule|Item Clause: Limit 1 of each item\n|clearpoke\n|poke|p1|Ogerpon-Hearthflame, L50, F|\n|poke|p1|Raging Bolt, L50|\n|poke|p1|Whimsicott, L50, F|\n|poke|p1|Chien-Pao, L50|\n|poke|p1|Zamazenta-*, L50|\n|poke|p1|Calyrex-Shadow, L50|\n|poke|p2|Zacian-*, L50|\n|poke|p2|Iron Valiant, L50|\n|poke|p2|Tyranitar, L50, F|\n|poke|p2|Zamazenta-*, L50|\n|poke|p2|Landorus, L50, M|\n|poke|p2|Tornadus, L50, M|\n|teampreview|4\n|\n|t:|1773486836\n|teamsize|p1|4\n|teamsize|p2|4\n|start\n|switch|p1a: Chien-Pao|Chien-Pao, L50|100/100\n|switch|p1b: Zamazenta|Zamazenta-Crowned, L50|100/100\n|switch|p2a: Tornadus|Tornadus, L50, M|100/100\n|switch|p2b: Landorus|Landorus, L50, M|100/100\n|-ability|p1a: Chien-Pao|Sword of Ruin\n|-ability|p1b: Zamazenta|Dauntless Shield|boost\n|-boost|p1b: Zamazenta|def|1\n|turn|1\n|inactive|Battle timer is ON: inactive players will automatically lose when time's up. (requested by PATRIOTS_VG)\n|\n|t:|1773486853\n|switch|p2b: Zamazenta|Zamazenta-Crowned, L50|100/100\n|-ability|p2b: Zamazenta|Dauntless Shield|boost\n|-boost|p2b: Zamazenta|def|1\n|-terastallize|p1b: Zamazenta|Dragon\n|move|p2a: Tornadus|Tailwind|p2a: Tornadus\n|-sidestart|p2: Lacossg|move: Tailwind\n|move|p1a: Chien-Pao|Ice Spinner|p2a: Tornadus\n|-supereffective|p2a: Tornadus\n|-damage|p2a: Tornadus|0 fnt\n|faint|p2a: Tornadus\n|move|p1b: Zamazenta|Heavy Slam|p2b: Zamazenta\n|-resisted|p2b: Zamazenta\n|-damage|p2b: Zamazenta|96/100\n|\n|upkeep\n|\n|t:|1773486870\n|switch|p2a: Landorus|Landorus, L50, M|100/100\n|turn|2\n|\n|t:|1773486880\n|-terastallize|p2b: Zamazenta|Dragon\n|move|p2b: Zamazenta|Body Press|p1a: Chien-Pao\n|-supereffective|p1a: Chien-Pao\n|-enditem|p1a: Chien-Pao|Focus Sash\n|-damage|p1a: Chien-Pao|1/100\n|move|p2a: Landorus|Sandsear Storm|p1a: Chien-Pao|[spread] p1b\n|-miss|p2a: Landorus|p1a: Chien-Pao\n|-damage|p1b: Zamazenta|61/100\n|move|p1a: Chien-Pao|Icy Wind|p2b: Zamazenta|[spread] p2a,p2b\n|-supereffective|p2a: Landorus\n|-supereffective|p2b: Zamazenta\n|-damage|p2a: Landorus|42/100\n|-damage|p2b: Zamazenta|81/100\n|-unboost|p2a: Landorus|spe|1\n|-unboost|p2b: Zamazenta|spe|1\n|move|p1b: Zamazenta|Body Press|p2b: Zamazenta\n|-damage|p2b: Zamazenta|46/100\n|\n|upkeep\n|turn|3\n|\n|t:|1773486897\n|move|p1a: Chien-Pao|Sucker Punch|p2a: Landorus\n|-damage|p2a: Landorus|0 fnt\n|faint|p2a: Landorus\n|move|p2b: Zamazenta|Body Press|p1a: Chien-Pao\n|-supereffective|p1a: Chien-Pao\n|-damage|p1a: Chien-Pao|0 fnt\n|faint|p1a: Chien-Pao\n|move|p1b: Zamazenta|Body Press|p2b: Zamazenta\n|-damage|p2b: Zamazenta|16/100\n|\n|upkeep\n|\n|t:|1773486903\n|switch|p1a: Ogerpon|Ogerpon-Hearthflame, L50, F|100/100\n|switch|p2a: Zacian|Zacian-Crowned, L50|100/100\n|-ability|p2a: Zacian|Intrepid Sword|boost\n|-boost|p2a: Zacian|atk|1\n|-ability|p1a: Ogerpon|Mold Breaker\n|turn|4\n|\n|t:|1773486911\n|move|p1a: Ogerpon|Follow Me|p1a: Ogerpon\n|-singleturn|p1a: Ogerpon|move: Follow Me\n|move|p2a: Zacian|Play Rough|p1a: Ogerpon\n|-resisted|p1a: Ogerpon\n|-damage|p1a: Ogerpon|65/100\n|move|p2b: Zamazenta|Body Press|p1a: Ogerpon\n|-damage|p1a: Ogerpon|3/100\n|move|p1b: Zamazenta|Body Press|p2a: Zacian\n|-damage|p2a: Zacian|38/100\n|\n|-sideend|p2: Lacossg|move: Tailwind\n|upkeep\n|turn|5\n|\n|t:|1773486925\n|move|p1b: Zamazenta|Protect|p1b: Zamazenta\n|-singleturn|p1b: Zamazenta|Protect\n|move|p2a: Zacian|Behemoth Blade|p1a: Ogerpon\n|-resisted|p1a: Ogerpon\n|-damage|p1a: Ogerpon|0 fnt\n|faint|p1a: Ogerpon\n|move|p2b: Zamazenta|Body Press|p1b: Zamazenta\n|-activate|p1b: Zamazenta|move: Protect\n|\n|upkeep\n|\n|t:|1773486933\n|switch|p1a: Calyrex|Calyrex-Shadow, L50|100/100\n|-ability|p1a: Calyrex|As One\n|-ability|p1a: Calyrex|Unnerve\n|turn|6\n|\n|t:|1773486951\n|move|p1a: Calyrex|Psychic|p2b: Zamazenta\n|-damage|p2b: Zamazenta|0 fnt\n|faint|p2b: Zamazenta\n|-ability|p1a: Calyrex|Grim Neigh|boost\n|-boost|p1a: Calyrex|spa|1\n|-damage|p1a: Calyrex|91/100|[from] item: Life Orb\n|move|p2a: Zacian|Behemoth Blade|p1a: Calyrex\n|-damage|p1a: Calyrex|0 fnt\n|faint|p1a: Calyrex\n|move|p1b: Zamazenta|Body Press|p2a: Zacian\n|-damage|p2a: Zacian|0 fnt\n|faint|p2a: Zacian\n|\n|win|PATRIOTS_VG\n|raw|PATRIOTS_VG's rating: 1393 &rarr; <strong>1422</strong><br />(+29 for winning)\n|raw|Lacossg's rating: 1551 &rarr; <strong>1522</strong><br />(-29 for losing)\n|l|\u2606Lacossg\n|player|p2|\n|l|\u2606PATRIOTS_VG\n|player|p1|\n","uploadtime":1773487111,"views":15,"formatid":"gen9vgc2026regi","rating":1422,"private":0,"password":null}