{"id":"gen9vgc2026regi-2535356533","format":"[Gen 9] VGC 2026 Reg I","players":["j0l0k0","mikachu83983"],"log":"|j|\u2606j0l0k0\n|j|\u2606mikachu83983\n|t:|1770557466\n|gametype|doubles\n|player|p1|j0l0k0|brycen|1464\n|player|p2|mikachu83983|brock|1455\n|gen|9\n|tier|[Gen 9] VGC 2026 Reg I\n|rated|\n|rule|Species Clause: Limit one of each Pok\u00e9mon\n|rule|Item Clause: Limit 1 of each item\n|clearpoke\n|poke|p1|Calyrex-Ice, L50|\n|poke|p1|Kyogre, L50|\n|poke|p1|Indeedee-F, L50, F|\n|poke|p1|Urshifu-*, L50, F|\n|poke|p1|Amoonguss, L50, F|\n|poke|p1|Landorus, L50, M|\n|poke|p2|Koraidon, L50|\n|poke|p2|Calyrex-Shadow, L50|\n|poke|p2|Scream Tail, L50|\n|poke|p2|Amoonguss, L50, M|\n|poke|p2|Flutter Mane, L50|\n|poke|p2|Incineroar, L50, M|\n|teampreview|4\n|inactive|Battle timer is ON: inactive players will automatically lose when time's up. (requested by j0l0k0)\n|\n|t:|1770557483\n|teamsize|p1|4\n|teamsize|p2|4\n|start\n|switch|p1a: Indeedee|Indeedee-F, L50, F, shiny|100/100\n|switch|p1b: Calyrex|Calyrex-Ice, L50|100/100\n|switch|p2a: Spectral Stallion|Calyrex-Shadow, L50|100/100\n|switch|p2b: Hypnotic Hyphae|Amoonguss, L50, M, shiny|100/100\n|-ability|p2a: Spectral Stallion|As One\n|-ability|p2a: Spectral Stallion|Unnerve\n|-ability|p1b: Calyrex|As One\n|-ability|p1b: Calyrex|Unnerve\n|-fieldstart|move: Psychic Terrain|[from] ability: Psychic Surge|[of] p1a: Indeedee\n|turn|1\n|j| lunala fairy ghost\n|inactive|j0l0k0 has 30 seconds left.\n|\n|t:|1770557512\n|switch|p2b: Wolfey's Wrestler|Incineroar, L50, M|100/100\n|-ability|p2b: Wolfey's Wrestler|Intimidate|boost\n|-unboost|p1a: Indeedee|atk|1\n|-fail|p1b: Calyrex|unboost|[from] item: Clear Amulet|[of] p1b: Calyrex\n|-terastallize|p2a: Spectral Stallion|Water\n|-terastallize|p1b: Calyrex|Normal\n|move|p1a: Indeedee|Follow Me|p1a: Indeedee\n|-singleturn|p1a: Indeedee|move: Follow Me\n|move|p2a: Spectral Stallion|Substitute|p2a: Spectral Stallion\n|-start|p2a: Spectral Stallion|Substitute\n|-damage|p2a: Spectral Stallion|75/100\n|move|p1b: Calyrex|Glacial Lance|p2a: Spectral Stallion|[spread] p2a,p2b\n|-resisted|p2a: Spectral Stallion\n|-end|p2a: Spectral Stallion|Substitute\n|-resisted|p2b: Wolfey's Wrestler\n|-damage|p2b: Wolfey's Wrestler|80/100\n|\n|upkeep\n|turn|2\n|inactive|mikachu83983 has 30 seconds left.\n|\n|t:|1770557539\n|move|p1a: Indeedee|Follow Me|p1a: Indeedee\n|-singleturn|p1a: Indeedee|move: Follow Me\n|move|p2a: Spectral Stallion|Pollen Puff|p1a: Indeedee\n|-supereffective|p1a: Indeedee\n|-damage|p1a: Indeedee|44/100\n|move|p2b: Wolfey's Wrestler|Knock Off|p1a: Indeedee\n|-supereffective|p1a: Indeedee\n|-damage|p1a: Indeedee|0 fnt\n|-enditem|p1a: Indeedee|Safety Goggles|[from] move: Knock Off|[of] p2b: Wolfey's Wrestler\n|faint|p1a: Indeedee\n|move|p1b: Calyrex|Trick Room|p1b: Calyrex\n|-fieldstart|move: Trick Room|[of] p1b: Calyrex\n|\n|upkeep\n|\n|t:|1770557552\n|switch|p1a: Kyogre|Kyogre, L50, shiny|100/100\n|-weather|RainDance|[from] ability: Drizzle|[of] p1a: Kyogre\n|turn|3\n|\n|t:|1770557573\n|move|p2a: Spectral Stallion|Protect|p2a: Spectral Stallion\n|-singleturn|p2a: Spectral Stallion|Protect\n|move|p1b: Calyrex|Close Combat|p2b: Wolfey's Wrestler\n|-supereffective|p2b: Wolfey's Wrestler\n|-damage|p2b: Wolfey's Wrestler|0 fnt\n|-unboost|p1b: Calyrex|def|1\n|-unboost|p1b: Calyrex|spd|1\n|faint|p2b: Wolfey's Wrestler\n|-ability|p1b: Calyrex|Chilling Neigh|boost\n|-boost|p1b: Calyrex|atk|1\n|move|p1a: Kyogre|Thunder|p2a: Spectral Stallion\n|-activate|p2a: Spectral Stallion|move: Protect\n|\n|-weather|RainDance|[upkeep]\n|upkeep\n|\n|t:|1770557586\n|switch|p2b: Hypnotic Hyphae|Amoonguss, L50, M, shiny|100/100\n|turn|4\n|\n|t:|1770557603\n|switch|p2a: Primal Predator|Koraidon, L50, shiny|100/100\n|-weather|SunnyDay|[from] ability: Orichalcum Pulse|[of] p2a: Primal Predator\n|-activate|p2a: Primal Predator|Orichalcum Pulse|[source]\n|move|p2b: Hypnotic Hyphae|Spore|p1b: Calyrex\n|-status|p1b: Calyrex|slp|[from] move: Spore\n|cant|p1b: Calyrex|slp\n|move|p1a: Kyogre|Thunder|p2a: Primal Predator|[miss]\n|-miss|p1a: Kyogre|p2a: Primal Predator\n|\n|-weather|SunnyDay|[upkeep]\n|upkeep\n|turn|5\n|\n|t:|1770557619\n|switch|p1a: Urshifu|Urshifu, L50, F|100/100\n|move|p2b: Hypnotic Hyphae|Spore|p1a: Urshifu\n|-status|p1a: Urshifu|slp|[from] move: Spore\n|-curestatus|p1b: Calyrex|slp|[msg]\n|move|p1b: Calyrex|Glacial Lance|p2a: Primal Predator|[spread] p2a,p2b\n|-supereffective|p2a: Primal Predator\n|-supereffective|p2b: Hypnotic Hyphae\n|-damage|p2a: Primal Predator|0 fnt\n|-damage|p2b: Hypnotic Hyphae|0 fnt\n|faint|p2a: Primal Predator\n|faint|p2b: Hypnotic Hyphae\n|-ability|p1b: Calyrex|Chilling Neigh|boost\n|-boost|p1b: Calyrex|atk|2\n|\n|-weather|SunnyDay|[upkeep]\n|-fieldend|move: Psychic Terrain\n|upkeep\n|\n|t:|1770557629\n|switch|p2b: Spectral Stallion|Calyrex-Shadow, L50, tera:Water|75/100\n|-ability|p2b: Spectral Stallion|As One\n|-ability|p2b: Spectral Stallion|Unnerve\n|turn|6\n|\n|t:|1770557635\n|move|p2b: Spectral Stallion|Protect|p2b: Spectral Stallion\n|-singleturn|p2b: Spectral Stallion|Protect\n|move|p1b: Calyrex|Glacial Lance|p2b: Spectral Stallion\n|-activate|p2b: Spectral Stallion|move: Protect\n|cant|p1a: Urshifu|slp\n|\n|-weather|SunnyDay|[upkeep]\n|-fieldend|move: Trick Room\n|upkeep\n|turn|7\n|\n|t:|1770557642\n|move|p2b: Spectral Stallion|Pollen Puff|p1b: Calyrex\n|-damage|p1b: Calyrex|65/100\n|cant|p1a: Urshifu|slp\n|move|p1b: Calyrex|Trick Room|p1b: Calyrex\n|-fieldstart|move: Trick Room|[of] p1b: Calyrex\n|\n|-weather|SunnyDay|[upkeep]\n|upkeep\n|turn|8\n|\n|t:|1770557651\n|move|p1b: Calyrex|Glacial Lance|p2b: Spectral Stallion\n|-resisted|p2b: Spectral Stallion\n|-damage|p2b: Spectral Stallion|0 fnt\n|faint|p2b: Spectral Stallion\n|\n|win|j0l0k0\n|raw|j0l0k0's rating: 1464 &rarr; <strong>1483</strong><br />(+19 for winning)\n|raw|mikachu83983's rating: 1455 &rarr; <strong>1436</strong><br />(-19 for losing)\n|l|\u2606mikachu83983\n|player|p2|\n|l|\u2606j0l0k0\n|player|p1|\n|l| lunala fairy ghost\n","uploadtime":1770557828,"views":15,"formatid":"gen9vgc2026regi","rating":1436,"private":0,"password":null}