{"id":"gen9vgc2026regi-2590946797","format":"[Gen 9] VGC 2026 Reg I","players":["liam.2025","Realfrytki"],"log":"|j|\u2606liam.2025\n|j|\u2606Realfrytki\n|t:|1776863731\n|gametype|doubles\n|player|p1|liam.2025|policeman|1577\n|player|p2|Realfrytki|veteranf|1628\n|gen|9\n|tier|[Gen 9] VGC 2026 Reg I\n|rated|\n|rule|Species Clause: Limit one of each Pok\u00e9mon\n|rule|Item Clause: Limit 1 of each item\n|clearpoke\n|poke|p1|Murkrow, L50, M|\n|poke|p1|Weezing-Galar, L50, F|\n|poke|p1|Terapagos, L50, M|\n|poke|p1|Smeargle, L50, M|\n|poke|p1|Calyrex-Ice, L50|\n|poke|p1|Ursaluna, L50, M|\n|poke|p2|Calyrex-Shadow, L50|\n|poke|p2|Terapagos, L50, M|\n|poke|p2|Iron Hands, L50|\n|poke|p2|Chi-Yu, L50|\n|poke|p2|Smeargle, L50, F|\n|poke|p2|Whimsicott, L50, F|\n|teampreview|4\n|inactive|Battle timer is ON: inactive players will automatically lose when time's up. (requested by liam.2025)\n|\n|t:|1776863745\n|teamsize|p1|4\n|teamsize|p2|4\n|start\n|switch|p1a: Murkrow|Murkrow, L50, M|100/100\n|switch|p1b: Weezing|Weezing-Galar, L50, F|100/100\n|switch|p2a: Smeargle|Smeargle, L50, F|100/100\n|switch|p2b: Terapagos|Terapagos, L50, M|100/100\n|-ability|p1b: Weezing|Neutralizing Gas\n|-block|p1a: Murkrow|item: Ability Shield\n|-activate|p2b: Terapagos|ability: Tera Shift\n|detailschange|p2b: Terapagos|Terapagos-Terastal, L50, M\n|-heal|p2b: Terapagos|100/100|[silent]\n|turn|1\n|inactive|liam.2025 has 30 seconds left.\n|inactive|liam.2025 has 20 seconds left.\n|\n|t:|1776863781\n|move|p1b: Weezing|Protect|p1b: Weezing\n|-singleturn|p1b: Weezing|Protect\n|move|p2a: Smeargle|Fake Out|p1b: Weezing\n|-activate|p1b: Weezing|move: Protect\n|move|p1a: Murkrow|Taunt|p2a: Smeargle\n|-start|p2a: Smeargle|move: Taunt\n|move|p2b: Terapagos|Tera Starstorm|p1b: Weezing\n|-activate|p1b: Weezing|move: Protect\n|\n|upkeep\n|turn|2\n|\n|t:|1776863796\n|switch|p2a: Chi-Yu|Chi-Yu, L50|100/100\n|move|p1a: Murkrow|Tailwind|p1a: Murkrow\n|-sidestart|p1: liam.2025|move: Tailwind\n|move|p1b: Weezing|Misty Explosion|p2b: Terapagos|[spread] p1a,p2a,p2b\n|-supereffective|p1a: Murkrow\n|-damage|p1a: Murkrow|0 fnt\n|-damage|p2a: Chi-Yu|53/100\n|-damage|p2b: Terapagos|65/100\n|faint|p1b: Weezing\n|-end|p1b: Weezing|ability: Neutralizing Gas\n|-ability|p2a: Chi-Yu|Beads of Ruin\n|faint|p1a: Murkrow\n|move|p2b: Terapagos|Tera Starstorm|p1: Murkrow|[notarget]\n|-fail|p2b: Terapagos\n|\n|upkeep\n|\n|t:|1776863809\n|switch|p1b: Smeargle|Smeargle, L50, M|100/100\n|switch|p1a: Terapagos|Terapagos, L50, M|100/100\n|-activate|p1a: Terapagos|ability: Tera Shift\n|detailschange|p1a: Terapagos|Terapagos-Terastal, L50, M\n|-heal|p1a: Terapagos|100/100|[silent]\n|turn|3\n|\n|t:|1776863826\n|-terastallize|p1a: Terapagos|Stellar\n|detailschange|p1a: Terapagos|Terapagos-Stellar, L50, M, tera:Stellar\n|-heal|p1a: Terapagos|100/100|[silent]\n|move|p1b: Smeargle|Decorate|p1a: Terapagos\n|-boost|p1a: Terapagos|atk|2\n|-boost|p1a: Terapagos|spa|2\n|move|p1a: Terapagos|Tera Starstorm|p2a: Chi-Yu|[spread] p2a,p2b\n|-damage|p2a: Chi-Yu|0 fnt\n|-damage|p2b: Terapagos|0 fnt\n|faint|p2a: Chi-Yu\n|faint|p2b: Terapagos\n|\n|upkeep\n|\n|t:|1776863837\n|switch|p2a: Smeargle|Smeargle, L50, F|100/100\n|switch|p2b: Calyrex|Calyrex-Shadow, L50|100/100\n|-ability|p2b: Calyrex|As One\n|-ability|p2b: Calyrex|Unnerve\n|turn|4\n|\n|t:|1776863858\n|move|p1b: Smeargle|Quick Guard|p1b: Smeargle\n|-singleturn|p1b: Smeargle|Quick Guard\n|move|p2a: Smeargle|Fake Out|p1b: Smeargle\n|-activate|p1b: Smeargle|move: Quick Guard\n|move|p1a: Terapagos|Tera Starstorm|p2b: Calyrex|[spread] p2a,p2b\n|-crit|p2a: Smeargle\n|-enditem|p2a: Smeargle|Focus Sash\n|-damage|p2a: Smeargle|1/100\n|-damage|p2b: Calyrex|0 fnt\n|faint|p2b: Calyrex\n|\n|-ability|p2a: Smeargle|Moody|boost\n|-boost|p2a: Smeargle|spe|2\n|-unboost|p2a: Smeargle|spd|1\n|upkeep\n|turn|5\n|-message|Realfrytki forfeited.\n|\n|win|liam.2025\n|raw|liam.2025's rating: 1577 &rarr; <strong>1600</strong><br />(+23 for winning)\n|raw|Realfrytki's rating: 1628 &rarr; <strong>1605</strong><br />(-23 for losing)\n|l|\u2606Realfrytki\n|player|p2|\n","uploadtime":1776864018,"views":17,"formatid":"gen9vgc2026regi","rating":1600,"private":0,"password":null}