{"id":"gen9vgc2026regi-2568497566","format":"[Gen 9] VGC 2026 Reg I","players":["terafireflareblitz","KCLKCLKCL"],"log":"|j|\u2606terafireflareblitz\n|j|\u2606KCLKCLKCL\n|t:|1774585828\n|gametype|doubles\n|player|p1|terafireflareblitz|sycamore|1512\n|player|p2|KCLKCLKCL|cynthia-gen4|1582\n|gen|9\n|tier|[Gen 9] VGC 2026 Reg I\n|rated|\n|rule|Species Clause: Limit one of each Pok\u00e9mon\n|rule|Item Clause: Limit 1 of each item\n|clearpoke\n|poke|p1|Koraidon, L50|\n|poke|p1|Lunala, L50|\n|poke|p1|Indeedee-F, L50, F|\n|poke|p1|Flutter Mane, L50|\n|poke|p1|Volcarona, L50, M|\n|poke|p1|Ursaluna, L50, F|\n|poke|p2|Calyrex-Shadow, L50|\n|poke|p2|Zamazenta-*, L50|\n|poke|p2|Chien-Pao, L50|\n|poke|p2|Dragonite, L50, M|\n|poke|p2|Raging Bolt, L50|\n|poke|p2|Amoonguss, L50, M|\n|teampreview|4\n|inactive|Battle timer is ON: inactive players will automatically lose when time's up. (requested by terafireflareblitz)\n|inactive|KCLKCLKCL has 60 seconds left.\n|inactive|KCLKCLKCL has 30 seconds left.\n|\n|t:|1774585896\n|teamsize|p1|4\n|teamsize|p2|4\n|start\n|switch|p1a: Lunala|Lunala, L50, shiny|100/100\n|switch|p1b: Indeedee|Indeedee-F, L50, F|100/100\n|switch|p2a: Arlie|Chien-Pao, L50|100/100\n|switch|p2b: protec|Zamazenta-Crowned, L50|100/100\n|-ability|p2a: Arlie|Sword of Ruin\n|-ability|p2b: protec|Dauntless Shield|boost\n|-boost|p2b: protec|def|1\n|-fieldstart|move: Psychic Terrain|[from] ability: Psychic Surge|[of] p1b: Indeedee\n|turn|1\n|inactive|KCLKCLKCL has 30 seconds left.\n|inactive|KCLKCLKCL has 20 seconds left.\n|inactive|KCLKCLKCL has 15 seconds left.\n|\n|t:|1774585941\n|switch|p1b: Volcarona|Volcarona, L50, M|100/100\n|move|p2a: Arlie|Ice Spinner|p1a: Lunala\n|-crit|p1a: Lunala\n|-damage|p1a: Lunala|72/100\n|-fieldend|move: Psychic Terrain\n|move|p2b: protec|Body Press|p1b: Volcarona\n|-resisted|p1b: Volcarona\n|-damage|p1b: Volcarona|55/100\n|-damage|p2b: protec|84/100|[from] item: Rocky Helmet|[of] p1b: Volcarona\n|move|p1a: Lunala|Meteor Beam||[still]\n|-prepare|p1a: Lunala|Meteor Beam\n|-boost|p1a: Lunala|spa|1\n|-enditem|p1a: Lunala|Power Herb\n|-anim|p1a: Lunala|Meteor Beam|p2a: Arlie\n|-supereffective|p2a: Arlie\n|-damage|p2a: Arlie|0 fnt\n|faint|p2a: Arlie\n|\n|upkeep\n|j| eye-t56\n|\n|t:|1774585954\n|switch|p2a: PinkPonyClub|Calyrex-Shadow, L50|100/100\n|-ability|p2a: PinkPonyClub|As One\n|-ability|p2a: PinkPonyClub|Unnerve\n|turn|2\n|inactive|KCLKCLKCL has 30 seconds left.\n|inactive|KCLKCLKCL has 20 seconds left.\n|inactive|KCLKCLKCL has 15 seconds left.\n|inactive|KCLKCLKCL has 10 seconds left.\n|\n|t:|1774586001\n|-terastallize|p1a: Lunala|Water\n|move|p2a: PinkPonyClub|Encore|p1a: Lunala\n|-start|p1a: Lunala|Encore\n|move|p2b: protec|Body Press|p1b: Volcarona\n|-resisted|p1b: Volcarona\n|-damage|p1b: Volcarona|20/100\n|-damage|p2b: protec|68/100|[from] item: Rocky Helmet|[of] p1b: Volcarona\n|-status|p2b: protec|brn|[from] ability: Flame Body|[of] p1b: Volcarona\n|move|p1a: Lunala|Meteor Beam||[still]\n|-prepare|p1a: Lunala|Meteor Beam\n|-boost|p1a: Lunala|spa|1\n|move|p1b: Volcarona|Tailwind|p1b: Volcarona\n|-sidestart|p1: terafireflareblitz|move: Tailwind\n|\n|-damage|p2b: protec|62/100 brn|[from] brn\n|upkeep\n|turn|3\n|inactive|KCLKCLKCL has 30 seconds left.\n|inactive|KCLKCLKCL has 20 seconds left.\n|inactive|KCLKCLKCL has 15 seconds left.\n|inactive|KCLKCLKCL has 10 seconds left.\n|\n|t:|1774586049\n|move|p2a: PinkPonyClub|Protect|p2a: PinkPonyClub\n|-singleturn|p2a: PinkPonyClub|Protect\n|move|p1a: Lunala|Meteor Beam|p2a: PinkPonyClub|[from] lockedmove\n|-activate|p2a: PinkPonyClub|move: Protect\n|move|p1b: Volcarona|Struggle Bug|p2b: protec|[spread] p2b\n|-activate|p2a: PinkPonyClub|move: Protect\n|-resisted|p2b: protec\n|-damage|p2b: protec|60/100 brn\n|-unboost|p2b: protec|spa|1\n|move|p2b: protec|Body Press|p1a: Lunala\n|-damage|p1a: Lunala|45/100\n|\n|-damage|p2b: protec|54/100 brn|[from] brn\n|upkeep\n|turn|4\n|\n|t:|1774586067\n|move|p2b: protec|Wide Guard|p2b: protec\n|-singleturn|p2b: protec|Wide Guard\n|move|p1a: Lunala|Meteor Beam||[still]\n|-prepare|p1a: Lunala|Meteor Beam\n|-boost|p1a: Lunala|spa|1\n|move|p1b: Volcarona|Will-O-Wisp|p2a: PinkPonyClub\n|-status|p2a: PinkPonyClub|brn\n|move|p2a: PinkPonyClub|Astral Barrage|p1b: Volcarona|[spread] p1a,p1b\n|-damage|p1a: Lunala|9/100\n|-damage|p1b: Volcarona|0 fnt\n|faint|p1b: Volcarona\n|-ability|p2a: PinkPonyClub|Grim Neigh|boost\n|-boost|p2a: PinkPonyClub|spa|1\n|\n|-damage|p2a: PinkPonyClub|94/100 brn|[from] brn\n|-damage|p2b: protec|48/100 brn|[from] brn\n|-end|p1a: Lunala|Encore\n|upkeep\n|\n|t:|1774586071\n|switch|p1b: Indeedee|Indeedee-F, L50, F|100/100\n|-fieldstart|move: Psychic Terrain|[from] ability: Psychic Surge|[of] p1b: Indeedee\n|turn|5\n|inactive|KCLKCLKCL has 30 seconds left.\n|inactive|KCLKCLKCL has 20 seconds left.\n|inactive|KCLKCLKCL has 15 seconds left.\n|inactive|KCLKCLKCL has 10 seconds left.\n|inactive|KCLKCLKCL has 5 seconds left.\n|\n|t:|1774586124\n|move|p1a: Lunala|Meteor Beam|p2a: PinkPonyClub|[from] lockedmove\n|-damage|p2a: PinkPonyClub|0 fnt\n|faint|p2a: PinkPonyClub\n|move|p2b: protec|Body Press|p1a: Lunala\n|-damage|p1a: Lunala|0 fnt\n|faint|p1a: Lunala\n|move|p1b: Indeedee|Trick Room|p1b: Indeedee\n|-fieldstart|move: Trick Room|[of] p1b: Indeedee\n|\n|-damage|p2b: protec|42/100 brn|[from] brn\n|-sideend|p1: terafireflareblitz|move: Tailwind\n|upkeep\n|\n|t:|1774586135\n|switch|p1a: Koraidon|Koraidon, L50, shiny|100/100\n|switch|p2a: Green Goober|Dragonite, L50, M|100/100\n|-weather|SunnyDay|[from] ability: Orichalcum Pulse|[of] p1a: Koraidon\n|-activate|p1a: Koraidon|Orichalcum Pulse|[source]\n|turn|6\n|inactive|KCLKCLKCL has 30 seconds left.\n|inactive|KCLKCLKCL has 20 seconds left.\n|inactive|KCLKCLKCL has 15 seconds left.\n|\n|t:|1774586176\n|-terastallize|p2b: protec|Dragon\n|move|p1b: Indeedee|Follow Me|p1b: Indeedee\n|-singleturn|p1b: Indeedee|move: Follow Me\n|move|p2a: Green Goober|Outrage|p1b: Indeedee\n|-damage|p1b: Indeedee|0 fnt\n|faint|p1b: Indeedee\n|move|p2b: protec|Body Press|p1a: Koraidon\n|-damage|p1a: Koraidon|72/100\n|move|p1a: Koraidon|Breaking Swipe|p2a: Green Goober|[spread] p2a,p2b\n|-supereffective|p2a: Green Goober\n|-supereffective|p2b: protec\n|-damage|p2a: Green Goober|23/100\n|-damage|p2b: protec|10/100 brn\n|-unboost|p2a: Green Goober|atk|1\n|-unboost|p2b: protec|atk|1\n|-damage|p1a: Koraidon|62/100|[from] item: Life Orb\n|\n|-weather|SunnyDay|[upkeep]\n|-damage|p2b: protec|4/100 brn|[from] brn\n|upkeep\n|turn|7\n|\n|t:|1774586185\n|move|p1a: Koraidon|Protect|p1a: Koraidon\n|-singleturn|p1a: Koraidon|Protect\n|move|p2a: Green Goober|Outrage|p1a: Koraidon|[from] lockedmove\n|-activate|p1a: Koraidon|move: Protect\n|-start|p2a: Green Goober|confusion|[fatigue]\n|move|p2b: protec|Body Press|p1a: Koraidon\n|-activate|p1a: Koraidon|move: Protect\n|\n|-weather|SunnyDay|[upkeep]\n|-damage|p2b: protec|0 fnt|[from] brn\n|faint|p2b: protec\n|upkeep\n|turn|8\n|\n|t:|1774586190\n|-activate|p2a: Green Goober|confusion\n|-damage|p2a: Green Goober|12/100|[from] confusion\n|move|p1a: Koraidon|Breaking Swipe|p2a: Green Goober\n|-supereffective|p2a: Green Goober\n|-crit|p2a: Green Goober\n|-damage|p2a: Green Goober|0 fnt\n|faint|p2a: Green Goober\n|-damage|p1a: Koraidon|52/100|[from] item: Life Orb\n|\n|win|terafireflareblitz\n|raw|terafireflareblitz's rating: 1512 &rarr; <strong>1536</strong><br />(+24 for winning)\n|raw|KCLKCLKCL's rating: 1582 &rarr; <strong>1558</strong><br />(-24 for losing)\n|l|\u2606terafireflareblitz\n|player|p1|\n|l|\u2606KCLKCLKCL\n|player|p2|\n|c| eye-t56|gg\n|l| eye-t56\n","uploadtime":1774586191,"views":15,"formatid":"gen9vgc2026regi","rating":1536,"private":0,"password":null}