{"id":"gen9vgc2026regi-2537992216","format":"[Gen 9] VGC 2026 Reg I","players":["TheManOfSausage","gshh10"],"log":"|j|\u2606TheManOfSausage\n|j|\u2606gshh10\n|t:|1770874010\n|gametype|doubles\n|player|p1|TheManOfSausage|miku-water|1329\n|player|p2|gshh10|dawn|1443\n|gen|9\n|tier|[Gen 9] VGC 2026 Reg I\n|rated|\n|rule|Species Clause: Limit one of each Pok\u00e9mon\n|rule|Item Clause: Limit 1 of each item\n|clearpoke\n|poke|p1|Calyrex-Shadow, L50|\n|poke|p1|Kyogre, L50|\n|poke|p1|Urshifu-*, L50, M|\n|poke|p1|Roaring Moon, L50|\n|poke|p1|Landorus, L50, M|\n|poke|p1|Raging Bolt, L50|\n|poke|p2|Brute Bonnet, L50|\n|poke|p2|Groudon, L50|\n|poke|p2|Scream Tail, L50|\n|poke|p2|Lilligant-Hisui, L50, F|\n|poke|p2|Indeedee-F, L50, F|\n|poke|p2|Calyrex-Ice, L50|\n|teampreview|4\n|\n|t:|1770874043\n|teamsize|p1|4\n|teamsize|p2|4\n|start\n|switch|p1a: Rice Shower|Calyrex-Shadow, L50|100/100\n|switch|p1b: Urshifu|Urshifu-Rapid-Strike, L50, M|100/100\n|switch|p2a: Brute Bonnet|Brute Bonnet, L50, shiny|100/100\n|switch|p2b: Calyrex|Calyrex-Ice, L50|100/100\n|-ability|p1a: Rice Shower|As One\n|-ability|p1a: Rice Shower|Unnerve\n|-ability|p2b: Calyrex|As One\n|-ability|p2b: Calyrex|Unnerve\n|turn|1\n|\n|t:|1770874053\n|-terastallize|p2b: Calyrex|Water\n|move|p2a: Brute Bonnet|Sucker Punch|p1a: Rice Shower\n|-supereffective|p1a: Rice Shower\n|-enditem|p1a: Rice Shower|Focus Sash\n|-damage|p1a: Rice Shower|1/100\n|move|p1b: Urshifu|U-turn|p2a: Brute Bonnet\n|-supereffective|p2a: Brute Bonnet\n|-damage|p2a: Brute Bonnet|29/100\n|\n|t:|1770874060\n|switch|p1b: Raging Bolt|Raging Bolt, L50|100/100|[from] U-turn\n|move|p1a: Rice Shower|Astral Barrage|p2b: Calyrex|[spread] p2a,p2b\n|-resisted|p2a: Brute Bonnet\n|-damage|p2a: Brute Bonnet|8/100\n|-damage|p2b: Calyrex|61/100\n|move|p2b: Calyrex|Trick Room|p2b: Calyrex\n|-fieldstart|move: Trick Room|[of] p2b: Calyrex\n|\n|-heal|p2b: Calyrex|67/100|[from] item: Leftovers\n|upkeep\n|turn|2\n|\n|t:|1770874088\n|switch|p1a: Urshifu|Urshifu-Rapid-Strike, L50, M|100/100\n|-enditem|p2a: Brute Bonnet|Sitrus Berry|[eat]\n|-heal|p2a: Brute Bonnet|33/100|[from] item: Sitrus Berry\n|-terastallize|p1b: Raging Bolt|Fairy\n|move|p2b: Calyrex|Protect|p2b: Calyrex\n|-singleturn|p2b: Calyrex|Protect\n|move|p1b: Raging Bolt|Thunderclap||[still]\n|-fail|p1b: Raging Bolt\n|move|p2a: Brute Bonnet|Spore|p1b: Raging Bolt\n|-status|p1b: Raging Bolt|slp|[from] move: Spore\n|\n|-heal|p2b: Calyrex|73/100|[from] item: Leftovers\n|upkeep\n|turn|3\n|\n|t:|1770874103\n|move|p2a: Brute Bonnet|Spore|p1a: Urshifu\n|-status|p1a: Urshifu|slp|[from] move: Spore\n|move|p2b: Calyrex|Glacial Lance|p1a: Urshifu|[spread] p1a,p1b\n|-resisted|p1a: Urshifu\n|-damage|p1a: Urshifu|70/100 slp\n|-damage|p1b: Raging Bolt|53/100 slp\n|cant|p1b: Raging Bolt|slp\n|cant|p1a: Urshifu|slp\n|\n|-heal|p2b: Calyrex|79/100|[from] item: Leftovers\n|upkeep\n|turn|4\n|\n|t:|1770874112\n|-end|p2a: Brute Bonnet|Protosynthesis|[silent]\n|switch|p2a: Indeedee|Indeedee-F, L50, F|100/100\n|-fieldstart|move: Psychic Terrain|[from] ability: Psychic Surge|[of] p2a: Indeedee\n|cant|p1b: Raging Bolt|slp\n|move|p2b: Calyrex|Glacial Lance|p1a: Urshifu|[spread] p1a,p1b\n|-resisted|p1a: Urshifu\n|-damage|p1a: Urshifu|43/100 slp\n|-damage|p1b: Raging Bolt|5/100 slp\n|cant|p1a: Urshifu|slp\n|\n|-heal|p2b: Calyrex|85/100|[from] item: Leftovers\n|upkeep\n|turn|5\n|\n|t:|1770874120\n|move|p2a: Indeedee|Follow Me|p2a: Indeedee\n|-singleturn|p2a: Indeedee|move: Follow Me\n|move|p2b: Calyrex|Glacial Lance|p1a: Urshifu|[spread] p1a,p1b\n|-resisted|p1a: Urshifu\n|-crit|p1a: Urshifu\n|-damage|p1a: Urshifu|0 fnt\n|-damage|p1b: Raging Bolt|0 fnt\n|faint|p1a: Urshifu\n|faint|p1b: Raging Bolt\n|-end|p1b: Raging Bolt|Protosynthesis|[silent]\n|-ability|p2b: Calyrex|Chilling Neigh|boost\n|-boost|p2b: Calyrex|atk|2\n|\n|-heal|p2b: Calyrex|90/100|[from] item: Leftovers\n|-fieldend|move: Trick Room\n|upkeep\n|\n|t:|1770874124\n|switch|p1a: Kyogre|Kyogre, L50|100/100\n|switch|p1b: Rice Shower|Calyrex-Shadow, L50|1/100\n|-ability|p1b: Rice Shower|As One\n|-ability|p1b: Rice Shower|Unnerve\n|-weather|RainDance|[from] ability: Drizzle|[of] p1a: Kyogre\n|turn|6\n|\n|t:|1770874134\n|switch|p2a: Groudon|Groudon, L50|100/100\n|-weather|SunnyDay|[from] ability: Drought|[of] p2a: Groudon\n|move|p1b: Rice Shower|Encore||[still]\n|-fail|p1b: Rice Shower\n|move|p1a: Kyogre|Water Spout|p2a: Groudon|[spread] p2a,p2b\n|-supereffective|p2a: Groudon\n|-resisted|p2b: Calyrex\n|-damage|p2a: Groudon|36/100\n|-damage|p2b: Calyrex|78/100\n|move|p2b: Calyrex|Glacial Lance|p1b: Rice Shower|[spread] p1a,p1b\n|-resisted|p1a: Kyogre\n|-damage|p1a: Kyogre|45/100\n|-damage|p1b: Rice Shower|0 fnt\n|faint|p1b: Rice Shower\n|-ability|p2b: Calyrex|Chilling Neigh|boost\n|-boost|p2b: Calyrex|atk|1\n|\n|-weather|SunnyDay|[upkeep]\n|-heal|p2b: Calyrex|84/100|[from] item: Leftovers\n|upkeep\n|turn|7\n|-message|TheManOfSausage forfeited.\n|\n|win|gshh10\n|raw|TheManOfSausage's rating: 1329 &rarr; <strong>1315</strong><br />(-14 for losing)\n|raw|gshh10's rating: 1443 &rarr; <strong>1457</strong><br />(+14 for winning)\n|l|\u2606TheManOfSausage\n|player|p1|\n|l|\u2606gshh10\n|player|p2|\n","uploadtime":1770874332,"views":11,"formatid":"gen9vgc2026regi","rating":1315,"private":0,"password":null}