{"id":"gen9vgc2026regi-2560130611","format":"[Gen 9] VGC 2026 Reg I","players":["bigsoppyclown","PATRIOTS_VG"],"log":"|j|\u2606bigsoppyclown\n|j|\u2606PATRIOTS_VG\n|t:|1773656514\n|gametype|doubles\n|player|p1|bigsoppyclown|clown|1347\n|player|p2|PATRIOTS_VG|drayden|1485\n|gen|9\n|tier|[Gen 9] VGC 2026 Reg I\n|rated|\n|rule|Species Clause: Limit one of each Pok\u00e9mon\n|rule|Item Clause: Limit 1 of each item\n|clearpoke\n|poke|p1|Solgaleo, L50|\n|poke|p1|Grimmsnarl, L50, M|\n|poke|p1|Groudon, L50|\n|poke|p1|Raging Bolt, L50|\n|poke|p1|Urshifu-*, L50, M|\n|poke|p1|Rillaboom, L50, M|\n|poke|p2|Calyrex-Shadow, L50|\n|poke|p2|Zamazenta-*, L50|\n|poke|p2|Chien-Pao, L50|\n|poke|p2|Dragonite, L50, M|\n|poke|p2|Raging Bolt, L50|\n|poke|p2|Amoonguss, L50, F|\n|teampreview|4\n|inactive|Battle timer is ON: inactive players will automatically lose when time's up. (requested by bigsoppyclown)\n|\n|t:|1773656546\n|teamsize|p1|4\n|teamsize|p2|4\n|start\n|switch|p1a: Groudon|Groudon, L50|100/100\n|switch|p1b: Grimmsnarl|Grimmsnarl, L50, M|100/100\n|switch|p2a: Dragonite|Dragonite, L50, M|100/100\n|switch|p2b: Chien-Pao|Chien-Pao, L50|100/100\n|-ability|p2b: Chien-Pao|Sword of Ruin\n|-weather|SunnyDay|[from] ability: Drought|[of] p1a: Groudon\n|turn|1\n|inactive|bigsoppyclown has 30 seconds left.\n|inactive|bigsoppyclown has 20 seconds left.\n|inactive|bigsoppyclown has 15 seconds left.\n|inactive|bigsoppyclown has 10 seconds left.\n|\n|t:|1773656592\n|move|p1b: Grimmsnarl|Fake Out|p2b: Chien-Pao\n|-damage|p2b: Chien-Pao|85/100\n|move|p2a: Dragonite|Extreme Speed|p1b: Grimmsnarl\n|-damage|p1b: Grimmsnarl|35/100\n|cant|p2b: Chien-Pao|flinch\n|move|p1a: Groudon|Heat Crash|p2b: Chien-Pao\n|-supereffective|p2b: Chien-Pao\n|-damage|p2b: Chien-Pao|0 fnt\n|faint|p2b: Chien-Pao\n|\n|-weather|SunnyDay|[upkeep]\n|upkeep\n|\n|t:|1773656602\n|switch|p2b: Calyrex|Calyrex-Shadow, L50|100/100\n|-ability|p2b: Calyrex|As One\n|-ability|p2b: Calyrex|Unnerve\n|turn|2\n|inactive|bigsoppyclown has 30 seconds left.\n|\n|t:|1773656628\n|-terastallize|p2b: Calyrex|Ghost\n|-terastallize|p1b: Grimmsnarl|Ghost\n|move|p1a: Groudon|Protect|p1a: Groudon\n|-singleturn|p1a: Groudon|Protect\n|move|p2a: Dragonite|Extreme Speed|p1b: Grimmsnarl\n|-immune|p1b: Grimmsnarl\n|move|p1b: Grimmsnarl|Thunder Wave|p2b: Calyrex\n|-status|p2b: Calyrex|par\n|move|p2b: Calyrex|Astral Barrage|p1a: Groudon|[spread] p1b\n|-activate|p1a: Groudon|move: Protect\n|-supereffective|p1b: Grimmsnarl\n|-damage|p1b: Grimmsnarl|0 fnt\n|faint|p1b: Grimmsnarl\n|-ability|p2b: Calyrex|Grim Neigh|boost\n|-boost|p2b: Calyrex|spa|1\n|\n|-weather|SunnyDay|[upkeep]\n|upkeep\n|\n|t:|1773656654\n|switch|p1b: Urshifu|Urshifu, L50, M|100/100\n|turn|3\n|inactive|bigsoppyclown has 30 seconds left.\n|\n|t:|1773656680\n|move|p1b: Urshifu|Detect|p1b: Urshifu\n|-singleturn|p1b: Urshifu|Protect\n|move|p2a: Dragonite|Extreme Speed|p1b: Urshifu\n|-activate|p1b: Urshifu|move: Protect\n|move|p1a: Groudon|Heat Crash|p2b: Calyrex\n|-damage|p2b: Calyrex|3/100 par\n|move|p2b: Calyrex|Astral Barrage|p1b: Urshifu|[spread] p1a\n|-activate|p1b: Urshifu|move: Protect\n|-damage|p1a: Groudon|0 fnt\n|faint|p1a: Groudon\n|-ability|p2b: Calyrex|Grim Neigh|boost\n|-boost|p2b: Calyrex|spa|1\n|\n|-weather|SunnyDay|[upkeep]\n|upkeep\n|\n|t:|1773656689\n|switch|p1a: Solgaleo|Solgaleo, L50|100/100\n|turn|4\n|\n|t:|1773656696\n|move|p2a: Dragonite|Extreme Speed|p1b: Urshifu\n|-damage|p1b: Urshifu|55/100\n|move|p1b: Urshifu|Wicked Blow|p2a: Dragonite\n|-crit|p2a: Dragonite\n|-damage|p2a: Dragonite|47/100\n|move|p1a: Solgaleo|Flame Charge|p2b: Calyrex\n|-damage|p2b: Calyrex|0 fnt\n|-boost|p1a: Solgaleo|spe|1\n|faint|p2b: Calyrex\n|\n|-weather|SunnyDay|[upkeep]\n|upkeep\n|\n|t:|1773656704\n|switch|p2b: Zamazenta|Zamazenta-Crowned, L50|100/100\n|-ability|p2b: Zamazenta|Dauntless Shield|boost\n|-boost|p2b: Zamazenta|def|1\n|-enditem|p1a: Solgaleo|Mirror Herb\n|-boost|p1a: Solgaleo|def|1|[from] item: Mirror Herb\n|turn|5\n|\n|t:|1773656715\n|move|p1b: Urshifu|Detect|p1b: Urshifu\n|-singleturn|p1b: Urshifu|Protect\n|move|p2a: Dragonite|Extreme Speed|p1b: Urshifu\n|-activate|p1b: Urshifu|move: Protect\n|move|p1a: Solgaleo|Sunsteel Strike|p2a: Dragonite\n|-damage|p2a: Dragonite|0 fnt\n|faint|p2a: Dragonite\n|move|p2b: Zamazenta|Body Press|p1a: Solgaleo\n|-crit|p1a: Solgaleo\n|-damage|p1a: Solgaleo|22/100\n|\n|-weather|none\n|upkeep\n|turn|6\n|\n|t:|1773656730\n|move|p1a: Solgaleo|Flare Blitz|p2b: Zamazenta\n|-supereffective|p2b: Zamazenta\n|-damage|p2b: Zamazenta|66/100\n|-damage|p1a: Solgaleo|11/100|[from] Recoil\n|move|p1b: Urshifu|Close Combat|p2b: Zamazenta\n|-supereffective|p2b: Zamazenta\n|-damage|p2b: Zamazenta|16/100\n|-unboost|p1b: Urshifu|def|1\n|-unboost|p1b: Urshifu|spd|1\n|move|p2b: Zamazenta|Body Press|p1b: Urshifu\n|-supereffective|p1b: Urshifu\n|-damage|p1b: Urshifu|0 fnt\n|faint|p1b: Urshifu\n|\n|upkeep\n|turn|7\n|c|\u2606bigsoppyclown|GG!\n|\n|t:|1773656741\n|move|p2b: Zamazenta|Protect|p2b: Zamazenta\n|-singleturn|p2b: Zamazenta|Protect\n|move|p1a: Solgaleo|Flare Blitz|p2b: Zamazenta\n|-activate|p2b: Zamazenta|move: Protect\n|\n|upkeep\n|turn|8\n|\n|t:|1773656745\n|move|p1a: Solgaleo|Flare Blitz|p2b: Zamazenta\n|-supereffective|p2b: Zamazenta\n|-damage|p2b: Zamazenta|0 fnt\n|faint|p2b: Zamazenta\n|-damage|p1a: Solgaleo|7/100|[from] Recoil\n|\n|win|bigsoppyclown\n|raw|bigsoppyclown's rating: 1347 &rarr; <strong>1375</strong><br />(+28 for winning)\n|raw|PATRIOTS_VG's rating: 1485 &rarr; <strong>1457</strong><br />(-28 for losing)\n|c|\u2606PATRIOTS_VG|Urshi jolly?\n|l|\u2606bigsoppyclown\n|player|p1|\n|l|\u2606PATRIOTS_VG\n|player|p2|\n","uploadtime":1773656946,"views":11,"formatid":"gen9vgc2026regi","rating":1375,"private":0,"password":null}