{"id":"gen9vgc2026regi-2565465724","format":"[Gen 9] VGC 2026 Reg I","players":["fernsthedruids","KogaAF1219"],"log":"|j|\u2606fernsthedruids\n|j|\u2606KogaAF1219\n|t:|1774277735\n|gametype|doubles\n|player|p1|fernsthedruids|101|1456\n|player|p2|KogaAF1219|2|1349\n|gen|9\n|tier|[Gen 9] VGC 2026 Reg I\n|rated|\n|rule|Species Clause: Limit one of each Pok\u00e9mon\n|rule|Item Clause: Limit 1 of each item\n|clearpoke\n|poke|p1|Kyogre, L50|\n|poke|p1|Calyrex-Ice, L50|\n|poke|p1|Raging Bolt, L50|\n|poke|p1|Tornadus, L50, M|\n|poke|p1|Incineroar, L50, F|\n|poke|p1|Amoonguss, L50, F|\n|poke|p2|Kyogre, L50|\n|poke|p2|Illumise, L50, F|\n|poke|p2|Calyrex-Shadow, L50|\n|poke|p2|Indeedee, L50, M|\n|poke|p2|Gastrodon, L50, M|\n|poke|p2|Zapdos-Galar, L50|\n|teampreview|4\n|\n|t:|1774277767\n|teamsize|p1|4\n|teamsize|p2|4\n|start\n|switch|p1a: Incineroar|Incineroar, L50, F|100/100\n|switch|p1b: Amoonguss|Amoonguss, L50, F|100/100\n|switch|p2a: Zapdos|Zapdos-Galar, L50|100/100\n|switch|p2b: Indeedee|Indeedee, L50, M|100/100\n|-fieldstart|move: Psychic Terrain|[from] ability: Psychic Surge|[of] p2b: Indeedee\n|-enditem|p2a: Zapdos|Psychic Seed\n|-boost|p2a: Zapdos|spd|1|[from] item: Psychic Seed\n|-ability|p1a: Incineroar|Intimidate|boost\n|-unboost|p2a: Zapdos|atk|1\n|-ability|p2a: Zapdos|Defiant|boost\n|-boost|p2a: Zapdos|atk|2\n|-unboost|p2b: Indeedee|atk|1\n|turn|1\n|\n|t:|1774277790\n|-terastallize|p1b: Amoonguss|Dark\n|move|p2a: Zapdos|Detect|p2a: Zapdos\n|-singleturn|p2a: Zapdos|Protect\n|move|p2b: Indeedee|Expanding Force|p1b: Amoonguss|[spread] \n|-immune|p1a: Incineroar\n|-immune|p1b: Amoonguss\n|move|p1a: Incineroar|Parting Shot|p2b: Indeedee\n|-unboost|p2b: Indeedee|atk|1\n|-unboost|p2b: Indeedee|spa|1\n|\n|t:|1774277804\n|switch|p1a: Calyrex|Calyrex-Ice, L50|100/100|[from] Parting Shot\n|-ability|p1a: Calyrex|As One\n|-ability|p1a: Calyrex|Unnerve\n|move|p1b: Amoonguss|Spore|p2a: Zapdos\n|-activate|p2a: Zapdos|move: Protect\n|\n|upkeep\n|turn|2\n|\n|t:|1774277811\n|move|p1b: Amoonguss|Rage Powder|p1b: Amoonguss\n|-singleturn|p1b: Amoonguss|move: Rage Powder\n|move|p2a: Zapdos|Brick Break|p1b: Amoonguss\n|-supereffective|p1b: Amoonguss\n|-damage|p1b: Amoonguss|0 fnt\n|faint|p1b: Amoonguss\n|move|p2b: Indeedee|Expanding Force|p1a: Calyrex\n|-resisted|p1a: Calyrex\n|-damage|p1a: Calyrex|85/100\n|move|p1a: Calyrex|Trick Room|p1a: Calyrex\n|-fieldstart|move: Trick Room|[of] p1a: Calyrex\n|\n|upkeep\n|\n|t:|1774277819\n|switch|p1b: Kyogre|Kyogre, L50|100/100\n|-weather|RainDance|[from] ability: Drizzle|[of] p1b: Kyogre\n|turn|3\n|\n|t:|1774277827\n|move|p2a: Zapdos|Detect|p2a: Zapdos\n|-singleturn|p2a: Zapdos|Protect\n|move|p1a: Calyrex|Glacial Lance|p2b: Indeedee|[spread] p2b\n|-activate|p2a: Zapdos|move: Protect\n|-enditem|p2b: Indeedee|Focus Sash\n|-damage|p2b: Indeedee|1/100\n|move|p1b: Kyogre|Water Spout|p2a: Zapdos|[spread] p2b\n|-activate|p2a: Zapdos|move: Protect\n|-damage|p2b: Indeedee|0 fnt\n|faint|p2b: Indeedee\n|\n|-weather|RainDance|[upkeep]\n|upkeep\n|\n|t:|1774277829\n|switch|p2b: Gastrodon|Gastrodon, L50, M|100/100\n|turn|4\n|\n|t:|1774277843\n|move|p1b: Kyogre|Protect|p1b: Kyogre\n|-singleturn|p1b: Kyogre|Protect\n|move|p1a: Calyrex|Glacial Lance|p2b: Gastrodon|[spread] p2a,p2b\n|-supereffective|p2a: Zapdos\n|-damage|p2a: Zapdos|0 fnt\n|-damage|p2b: Gastrodon|55/100\n|faint|p2a: Zapdos\n|-ability|p1a: Calyrex|Chilling Neigh|boost\n|-boost|p1a: Calyrex|atk|1\n|move|p2b: Gastrodon|Yawn|p1a: Calyrex\n|-start|p1a: Calyrex|move: Yawn|[of] p2b: Gastrodon\n|\n|-weather|RainDance|[upkeep]\n|-heal|p2b: Gastrodon|61/100|[from] item: Leftovers\n|upkeep\n|\n|t:|1774277846\n|switch|p2a: Calyrex|Calyrex-Shadow, L50|100/100\n|-ability|p2a: Calyrex|As One\n|-ability|p2a: Calyrex|Unnerve\n|turn|5\n|\n|t:|1774277886\n|switch|p1a: Incineroar|Incineroar, L50, F|100/100\n|-ability|p1a: Incineroar|Intimidate|boost\n|-unboost|p2a: Calyrex|atk|1\n|-unboost|p2b: Gastrodon|atk|1\n|move|p2b: Gastrodon|Protect|p2b: Gastrodon\n|-singleturn|p2b: Gastrodon|Protect\n|move|p1b: Kyogre|Protect||[still]\n|-fail|p1b: Kyogre\n|move|p2a: Calyrex|Protect||[still]\n|-fail|p2a: Calyrex\n|\n|-weather|RainDance|[upkeep]\n|-heal|p2b: Gastrodon|67/100|[from] item: Leftovers\n|-fieldend|move: Psychic Terrain\n|upkeep\n|turn|6\n|inactive|Battle timer is ON: inactive players will automatically lose when time's up. (requested by KogaAF1219)\n|\n|t:|1774277932\n|switch|p1b: Calyrex|Calyrex-Ice, L50|85/100\n|-ability|p1b: Calyrex|As One\n|-ability|p1b: Calyrex|Unnerve\n|-terastallize|p2a: Calyrex|Ground\n|move|p2b: Gastrodon|Yawn|p1b: Calyrex\n|-start|p1b: Calyrex|move: Yawn|[of] p2b: Gastrodon\n|move|p1a: Incineroar|Knock Off|p2b: Gastrodon\n|-damage|p2b: Gastrodon|38/100\n|-enditem|p2b: Gastrodon|Leftovers|[from] move: Knock Off|[of] p1a: Incineroar\n|move|p2a: Calyrex|Tera Blast|p1a: Incineroar|[anim] Tera Blast Ground\n|-supereffective|p1a: Incineroar\n|-damage|p1a: Incineroar|0 fnt\n|faint|p1a: Incineroar\n|-ability|p2a: Calyrex|Grim Neigh|boost\n|-boost|p2a: Calyrex|spa|1\n|-damage|p2a: Calyrex|91/100|[from] item: Life Orb\n|\n|-weather|RainDance|[upkeep]\n|-fieldend|move: Trick Room\n|upkeep\n|\n|t:|1774277942\n|switch|p1a: Kyogre|Kyogre, L50|100/100\n|turn|7\n|\n|t:|1774277954\n|move|p2b: Gastrodon|Protect|p2b: Gastrodon\n|-singleturn|p2b: Gastrodon|Protect\n|move|p2a: Calyrex|Astral Barrage|p1b: Calyrex|[spread] p1a,p1b\n|-supereffective|p1b: Calyrex\n|-damage|p1a: Kyogre|23/100\n|-damage|p1b: Calyrex|0 fnt\n|faint|p1b: Calyrex\n|-ability|p2a: Calyrex|Grim Neigh|boost\n|-boost|p2a: Calyrex|spa|1\n|-damage|p2a: Calyrex|81/100|[from] item: Life Orb\n|move|p1a: Kyogre|Water Spout|p2a: Calyrex|[spread] p2a\n|-activate|p2b: Gastrodon|move: Protect\n|-supereffective|p2a: Calyrex\n|-damage|p2a: Calyrex|25/100\n|\n|-weather|none\n|upkeep\n|turn|8\n|-message|fernsthedruids forfeited.\n|\n|win|KogaAF1219\n|raw|fernsthedruids's rating: 1456 &rarr; <strong>1430</strong><br />(-26 for losing)\n|raw|KogaAF1219's rating: 1349 &rarr; <strong>1375</strong><br />(+26 for winning)\n|l|\u2606fernsthedruids\n|player|p1|\n|l|\u2606KogaAF1219\n|player|p2|\n","uploadtime":1774278173,"views":10,"formatid":"gen9vgc2026regi","rating":1375,"private":0,"password":null}