{"id":"gen9vgc2026regi-2553737751","format":"[Gen 9] VGC 2026 Reg I","players":["cpinalli5","b3testing"],"log":"|j|\u2606cpinalli5\n|j|\u2606b3testing\n|t:|1772870628\n|gametype|doubles\n|player|p1|cpinalli5|elesa|1540\n|player|p2|b3testing|265|1556\n|gen|9\n|tier|[Gen 9] VGC 2026 Reg I\n|rated|\n|rule|Species Clause: Limit one of each Pok\u00e9mon\n|rule|Item Clause: Limit 1 of each item\n|clearpoke\n|poke|p1|Kyogre, L50|\n|poke|p1|Flutter Mane, L50|\n|poke|p1|Urshifu-*, L50, F|\n|poke|p1|Landorus, L50, M|\n|poke|p1|Smeargle, L50, F|\n|poke|p1|Calyrex-Ice, L50|\n|poke|p2|Terapagos, L50, M|\n|poke|p2|Calyrex-Shadow, L50|\n|poke|p2|Incineroar, L50, F|\n|poke|p2|Amoonguss, L50, F|\n|poke|p2|Tornadus, L50, M|\n|poke|p2|Smeargle, L50, F|\n|teampreview|4\n|inactive|Battle timer is ON: inactive players will automatically lose when time's up. (requested by b3testing)\n|inactive|b3testing has 60 seconds left.\n|\n|t:|1772870662\n|teamsize|p1|4\n|teamsize|p2|4\n|start\n|switch|p1a: Smeargle|Smeargle, L50, F|100/100\n|switch|p1b: Calyrex|Calyrex-Ice, L50|100/100\n|switch|p2a: Tornadus|Tornadus, L50, M|100/100\n|switch|p2b: Smeargle|Smeargle, L50, F|100/100\n|-ability|p1b: Calyrex|As One\n|-ability|p1b: Calyrex|Unnerve\n|turn|1\n|\n|t:|1772870683\n|-terastallize|p1b: Calyrex|Grass\n|move|p2b: Smeargle|Fake Out|p1b: Calyrex\n|-damage|p1b: Calyrex|97/100\n|move|p1a: Smeargle|Fake Out|p2b: Smeargle\n|-damage|p2b: Smeargle|90/100\n|move|p2a: Tornadus|Taunt|p1a: Smeargle\n|-start|p1a: Smeargle|move: Taunt\n|cant|p1b: Calyrex|flinch\n|\n|-ability|p2b: Smeargle|Moody|boost\n|-boost|p2b: Smeargle|spa|2\n|-unboost|p2b: Smeargle|atk|1\n|-ability|p1a: Smeargle|Moody|boost\n|-boost|p1a: Smeargle|atk|2\n|-unboost|p1a: Smeargle|spe|1\n|-enditem|p1a: Smeargle|Eject Pack\n|upkeep\n|\n|t:|1772870693\n|switch|p1a: Landorus|Landorus, L50, M|100/100\n|turn|2\n|\n|t:|1772870713\n|move|p1a: Landorus|Earth Power|p2b: Smeargle\n|-crit|p2b: Smeargle\n|-damage|p2b: Smeargle|0 fnt\n|faint|p2b: Smeargle\n|move|p2a: Tornadus|Bleakwind Storm|p1a: Landorus|[spread] p1a,p1b\n|-supereffective|p1b: Calyrex\n|-damage|p1a: Landorus|49/100\n|-damage|p1b: Calyrex|41/100\n|move|p1b: Calyrex|Glacial Lance|p2a: Tornadus\n|-supereffective|p2a: Tornadus\n|-damage|p2a: Tornadus|0 fnt\n|faint|p2a: Tornadus\n|-ability|p1b: Calyrex|Chilling Neigh|boost\n|-boost|p1b: Calyrex|atk|1\n|\n|upkeep\n|\n|t:|1772870717\n|switch|p2b: Calyrex|Calyrex-Shadow, L50|100/100\n|switch|p2a: Terapagos|Terapagos, L50, M|100/100\n|-activate|p2a: Terapagos|ability: Tera Shift\n|detailschange|p2a: Terapagos|Terapagos-Terastal, L50, M\n|-heal|p2a: Terapagos|100/100|[silent]\n|-ability|p2b: Calyrex|As One\n|-ability|p2b: Calyrex|Unnerve\n|turn|3\n|\n|t:|1772870729\n|move|p1b: Calyrex|Protect|p1b: Calyrex\n|-singleturn|p1b: Calyrex|Protect\n|move|p2b: Calyrex|Astral Barrage|p1b: Calyrex|[spread] p1a\n|-activate|p1b: Calyrex|move: Protect\n|-damage|p1a: Landorus|0 fnt\n|faint|p1a: Landorus\n|-ability|p2b: Calyrex|Grim Neigh|boost\n|-boost|p2b: Calyrex|spa|1\n|-damage|p2b: Calyrex|91/100|[from] item: Life Orb\n|move|p2a: Terapagos|Calm Mind|p2a: Terapagos\n|-boost|p2a: Terapagos|spa|1\n|-boost|p2a: Terapagos|spd|1\n|\n|upkeep\n|\n|t:|1772870738\n|switch|p1a: Smeargle|Smeargle, L50, F|100/100\n|turn|4\n|\n|t:|1772870756\n|move|p2a: Terapagos|Protect|p2a: Terapagos\n|-singleturn|p2a: Terapagos|Protect\n|move|p1a: Smeargle|Wide Guard|p1a: Smeargle\n|-singleturn|p1a: Smeargle|Wide Guard\n|move|p2b: Calyrex|Astral Barrage|p1b: Calyrex|[spread] \n|-activate|p1a: Smeargle|move: Wide Guard\n|-activate|p1b: Calyrex|move: Wide Guard\n|move|p1b: Calyrex|Trick Room|p1b: Calyrex\n|-fieldstart|move: Trick Room|[of] p1b: Calyrex\n|\n|-ability|p1a: Smeargle|Moody|boost\n|-boost|p1a: Smeargle|def|2\n|-unboost|p1a: Smeargle|atk|1\n|upkeep\n|turn|5\n|\n|t:|1772870776\n|move|p2b: Calyrex|Protect|p2b: Calyrex\n|-singleturn|p2b: Calyrex|Protect\n|move|p1b: Calyrex|Glacial Lance|p2b: Calyrex|[spread] p2a\n|-activate|p2b: Calyrex|move: Protect\n|-activate|p2a: Terapagos|ability: Tera Shell\n|-resisted|p2a: Terapagos\n|-damage|p2a: Terapagos|61/100\n|move|p2a: Terapagos|Tera Starstorm|p1b: Calyrex\n|-damage|p1b: Calyrex|0 fnt\n|faint|p1b: Calyrex\n|move|p1a: Smeargle|Spore|p2b: Calyrex\n|-activate|p2b: Calyrex|move: Protect\n|\n|-ability|p1a: Smeargle|Moody|boost\n|-boost|p1a: Smeargle|spa|2\n|-unboost|p1a: Smeargle|spd|1\n|upkeep\n|\n|t:|1772870788\n|switch|p1b: alex|Kyogre, L50|100/100\n|-weather|RainDance|[from] ability: Drizzle|[of] p1b: alex\n|turn|6\n|\n|t:|1772870800\n|-terastallize|p2a: Terapagos|Stellar\n|detailschange|p2a: Terapagos|Terapagos-Stellar, L50, M, tera:Stellar\n|-heal|p2a: Terapagos|71/100|[silent]\n|-ability|p2a: Terapagos|Teraform Zero\n|-weather|none\n|move|p1a: Smeargle|Wide Guard|p1a: Smeargle\n|-singleturn|p1a: Smeargle|Wide Guard\n|move|p1b: alex|Water Spout|p2a: Terapagos|[spread] p2a,p2b\n|-damage|p2a: Terapagos|43/100\n|-damage|p2b: Calyrex|21/100\n|move|p2a: Terapagos|Tera Starstorm|p1a: Smeargle|[spread] \n|-activate|p1a: Smeargle|move: Wide Guard\n|-activate|p1b: alex|move: Wide Guard\n|move|p2b: Calyrex|Disable|p1b: alex\n|-start|p1b: alex|Disable|Water Spout\n|\n|-ability|p1a: Smeargle|Moody|boost\n|-boost|p1a: Smeargle|spa|2\n|-unboost|p1a: Smeargle|spe|1\n|upkeep\n|turn|7\n|\n|t:|1772870823\n|move|p2a: Terapagos|Protect|p2a: Terapagos\n|-singleturn|p2a: Terapagos|Protect\n|move|p1b: alex|Origin Pulse|p2b: Calyrex|[spread] p2b\n|-activate|p2a: Terapagos|move: Protect\n|-damage|p2b: Calyrex|0 fnt\n|faint|p2b: Calyrex\n|move|p1a: Smeargle|Spore|p2a: Terapagos\n|-activate|p2a: Terapagos|move: Protect\n|\n|-ability|p1a: Smeargle|Moody|boost\n|-boost|p1a: Smeargle|spa|2\n|-unboost|p1a: Smeargle|spd|1\n|upkeep\n|turn|8\n|\n|t:|1772870841\n|move|p2a: Terapagos|Protect|p2a: Terapagos\n|-singleturn|p2a: Terapagos|Protect\n|move|p1b: alex|Origin Pulse|p2a: Terapagos\n|-activate|p2a: Terapagos|move: Protect\n|move|p1a: Smeargle|Spore|p2a: Terapagos\n|-activate|p2a: Terapagos|move: Protect\n|\n|-fieldend|move: Trick Room\n|-ability|p1a: Smeargle|Moody|boost\n|-boost|p1a: Smeargle|def|2\n|-unboost|p1a: Smeargle|spe|1\n|upkeep\n|turn|9\n|inactive|cpinalli5 has 30 seconds left.\n|\n|t:|1772870869\n|move|p1a: Smeargle|Wide Guard|p1a: Smeargle\n|-singleturn|p1a: Smeargle|Wide Guard\n|move|p2a: Terapagos|Earth Power|p1a: Smeargle\n|-damage|p1a: Smeargle|0 fnt\n|faint|p1a: Smeargle\n|move|p1b: alex|Origin Pulse|p2a: Terapagos\n|-damage|p2a: Terapagos|15/100\n|\n|upkeep\n|turn|10\n|\n|t:|1772870880\n|move|p2a: Terapagos|Tera Starstorm|p1b: alex\n|-damage|p1b: alex|48/100\n|move|p1b: alex|Ice Beam|p2a: Terapagos\n|-damage|p2a: Terapagos|0 fnt\n|faint|p2a: Terapagos\n|detailschange|p2: Terapagos|Terapagos, L50, M|[silent]\n|\n|win|cpinalli5\n|raw|cpinalli5's rating: 1540 &rarr; <strong>1561</strong><br />(+21 for winning)\n|raw|b3testing's rating: 1556 &rarr; <strong>1535</strong><br />(-21 for losing)\n","uploadtime":1772870886,"views":21,"formatid":"gen9vgc2026regi","rating":1535,"private":0,"password":null}