{"id":"gen9vgc2026regi-2570087771","format":"[Gen 9] VGC 2026 Reg I","players":["Neutralzr","happidoodledoo"],"log":"|j|\u2606Neutralzr\n|j|\u2606happidoodledoo\n|t:|1774768007\n|gametype|doubles\n|player|p1|Neutralzr|lance|1495\n|player|p2|happidoodledoo|1|1462\n|gen|9\n|tier|[Gen 9] VGC 2026 Reg I\n|rated|\n|rule|Species Clause: Limit one of each Pok\u00e9mon\n|rule|Item Clause: Limit 1 of each item\n|clearpoke\n|poke|p1|Calyrex-Shadow, L50|\n|poke|p1|Zamazenta-*, L50|\n|poke|p1|Maushold, L50|\n|poke|p1|Whimsicott, L50, F|\n|poke|p1|Ursaluna-Bloodmoon, L50, M|\n|poke|p1|Roaring Moon, L50|\n|poke|p2|Calyrex-Shadow, L50|\n|poke|p2|Weezing-Galar, L50, M|\n|poke|p2|Dondozo, L50, F|\n|poke|p2|Tatsugiri-Droopy, L50, F|\n|poke|p2|Brute Bonnet, L50|\n|poke|p2|Koraidon, L50|\n|teampreview|4\n|inactive|Battle timer is ON: inactive players will automatically lose when time's up. (requested by Neutralzr)\n|inactive|happidoodledoo has 60 seconds left.\n|inactive|happidoodledoo has 30 seconds left.\n|inactive|happidoodledoo has 20 seconds left.\n|inactive|happidoodledoo has 15 seconds left.\n|\n|t:|1774768086\n|teamsize|p1|4\n|teamsize|p2|4\n|start\n|switch|p1a: Maushold|Maushold, L50|100/100\n|switch|p1b: Zamazenta|Zamazenta-Crowned, L50, shiny|100/100\n|switch|p2a: Brute Bonnet|Brute Bonnet, L50|100/100\n|switch|p2b: Calyrex|Calyrex-Shadow, L50|100/100\n|-ability|p2b: Calyrex|As One\n|-ability|p2b: Calyrex|Unnerve\n|-ability|p1b: Zamazenta|Dauntless Shield|boost\n|-boost|p1b: Zamazenta|def|1\n|turn|1\n|inactive|happidoodledoo has 30 seconds left.\n|\n|t:|1774768111\n|-terastallize|p1b: Zamazenta|Dark\n|move|p2a: Brute Bonnet|Rage Powder|p2a: Brute Bonnet\n|-singleturn|p2a: Brute Bonnet|move: Rage Powder\n|move|p2b: Calyrex|Nasty Plot|p2b: Calyrex\n|-boost|p2b: Calyrex|spa|2\n|move|p1b: Zamazenta|Heavy Slam|p2a: Brute Bonnet\n|-damage|p2a: Brute Bonnet|68/100\n|move|p1a: Maushold|Taunt|p2a: Brute Bonnet\n|-start|p2a: Brute Bonnet|move: Taunt\n|\n|upkeep\n|turn|2\n|inactive|Neutralzr has 30 seconds left.\n|inactive|happidoodledoo has 30 seconds left.\n|inactive|Neutralzr has 20 seconds left.\n|inactive|happidoodledoo has 20 seconds left.\n|inactive|happidoodledoo has 15 seconds left.\n|\n|t:|1774768153\n|switch|p1a: Roaring Moon|Roaring Moon, L50, shiny|100/100\n|-enditem|p1a: Roaring Moon|Booster Energy\n|-activate|p1a: Roaring Moon|ability: Protosynthesis|[fromitem]\n|-start|p1a: Roaring Moon|protosynthesisspe\n|-end|p2a: Brute Bonnet|Protosynthesis|[silent]\n|switch|p2a: Tatsugiri|Tatsugiri-Droopy, L50, F|100/100\n|move|p1b: Zamazenta|Wide Guard|p1b: Zamazenta\n|-singleturn|p1b: Zamazenta|Wide Guard\n|move|p2b: Calyrex|Psychic|p1a: Roaring Moon\n|-immune|p1a: Roaring Moon\n|\n|upkeep\n|turn|3\n|inactive|Neutralzr has 30 seconds left.\n|j| eggs egs\n|\n|t:|1774768192\n|move|p2b: Calyrex|Protect|p2b: Calyrex\n|-singleturn|p2b: Calyrex|Protect\n|move|p1a: Roaring Moon|Tailwind|p1a: Roaring Moon\n|-sidestart|p1: Neutralzr|move: Tailwind\n|move|p1b: Zamazenta|Body Press|p2b: Calyrex\n|-activate|p2b: Calyrex|move: Protect\n|move|p2a: Tatsugiri|Icy Wind|p1a: Roaring Moon|[spread] p1a,p1b\n|-supereffective|p1a: Roaring Moon\n|-damage|p1a: Roaring Moon|77/100\n|-damage|p1b: Zamazenta|90/100\n|-unboost|p1a: Roaring Moon|spe|1\n|-unboost|p1b: Zamazenta|spe|1\n|\n|upkeep\n|turn|4\n|\n|t:|1774768213\n|switch|p2b: Brute Bonnet|Brute Bonnet, L50|68/100\n|move|p1a: Roaring Moon|Knock Off|p2b: Brute Bonnet\n|-resisted|p2b: Brute Bonnet\n|-damage|p2b: Brute Bonnet|55/100\n|-enditem|p2b: Brute Bonnet|Covert Cloak|[from] move: Knock Off|[of] p1a: Roaring Moon\n|move|p1b: Zamazenta|Body Press|p2b: Brute Bonnet\n|-supereffective|p2b: Brute Bonnet\n|-damage|p2b: Brute Bonnet|0 fnt\n|faint|p2b: Brute Bonnet\n|-end|p2b: Brute Bonnet|Protosynthesis|[silent]\n|move|p2a: Tatsugiri|Draco Meteor|p1a: Roaring Moon\n|-supereffective|p1a: Roaring Moon\n|-crit|p1a: Roaring Moon\n|-damage|p1a: Roaring Moon|0 fnt\n|-unboost|p2a: Tatsugiri|spa|2\n|faint|p1a: Roaring Moon\n|-end|p1a: Roaring Moon|Protosynthesis|[silent]\n|\n|upkeep\n|inactive|Neutralzr has 30 seconds left.\n|inactive|happidoodledoo has 30 seconds left.\n|\n|t:|1774768245\n|switch|p1a: Maushold|Maushold, L50|100/100\n|switch|p2b: Koraidon|Koraidon, L50|100/100\n|-weather|SunnyDay|[from] ability: Orichalcum Pulse|[of] p2b: Koraidon\n|-activate|p2b: Koraidon|Orichalcum Pulse|[source]\n|turn|5\n|\n|t:|1774768265\n|move|p1a: Maushold|Feint|p2b: Koraidon\n|-damage|p2b: Koraidon|92/100\n|move|p1b: Zamazenta|Body Press|p2b: Koraidon\n|-damage|p2b: Koraidon|37/100\n|move|p2b: Koraidon|Collision Course|p1b: Zamazenta\n|-supereffective|p1b: Zamazenta\n|-damage|p1b: Zamazenta|28/100\n|move|p2a: Tatsugiri|Icy Wind|p1a: Maushold|[spread] p1a\n|-miss|p2a: Tatsugiri|p1b: Zamazenta\n|-damage|p1a: Maushold|91/100\n|-unboost|p1a: Maushold|spe|1\n|\n|-weather|SunnyDay|[upkeep]\n|upkeep\n|turn|6\n|inactive|Neutralzr has 30 seconds left.\n|inactive|happidoodledoo has 30 seconds left.\n|inactive|Neutralzr has 20 seconds left.\n|inactive|Neutralzr has 15 seconds left.\n|inactive|Neutralzr has 10 seconds left.\n|inactive|Neutralzr has 5 seconds left.\n|\n|t:|1774768317\n|switch|p2b: Calyrex|Calyrex-Shadow, L50|100/100\n|-ability|p2b: Calyrex|As One\n|-ability|p2b: Calyrex|Unnerve\n|move|p1a: Maushold|Helping Hand|p1b: Zamazenta\n|-singleturn|p1b: Zamazenta|Helping Hand|[of] p1a: Maushold\n|move|p1b: Zamazenta|Body Press|p2a: Tatsugiri\n|-enditem|p2a: Tatsugiri|Focus Sash\n|-damage|p2a: Tatsugiri|1/100\n|move|p2a: Tatsugiri|Draco Meteor|p1b: Zamazenta\n|-damage|p1b: Zamazenta|10/100\n|-unboost|p2a: Tatsugiri|spa|2\n|\n|-weather|SunnyDay|[upkeep]\n|-sideend|p1: Neutralzr|move: Tailwind\n|upkeep\n|turn|7\n|inactive|Neutralzr has 30 seconds left.\n|inactive|happidoodledoo has 30 seconds left.\n|\n|t:|1774768350\n|switch|p1a: Calyrex|Calyrex-Shadow, L50|100/100\n|-ability|p1a: Calyrex|As One\n|-ability|p1a: Calyrex|Unnerve\n|move|p1b: Zamazenta|Wide Guard|p1b: Zamazenta\n|-singleturn|p1b: Zamazenta|Wide Guard\n|move|p2b: Calyrex|Nasty Plot|p2b: Calyrex\n|-boost|p2b: Calyrex|spa|2\n|move|p2a: Tatsugiri|Draco Meteor|p1b: Zamazenta\n|-damage|p1b: Zamazenta|0 fnt\n|-unboost|p2a: Tatsugiri|spa|2\n|faint|p1b: Zamazenta\n|\n|-weather|SunnyDay|[upkeep]\n|upkeep\n|\n|t:|1774768363\n|switch|p1b: Maushold|Maushold, L50|91/100\n|turn|8\n|\n|t:|1774768385\n|-terastallize|p2b: Calyrex|Normal\n|move|p1b: Maushold|Feint|p2a: Tatsugiri\n|-damage|p2a: Tatsugiri|0 fnt\n|faint|p2a: Tatsugiri\n|move|p2b: Calyrex|Astral Barrage|p1a: Calyrex|[spread] p1a\n|-immune|p1b: Maushold\n|-supereffective|p1a: Calyrex\n|-damage|p1a: Calyrex|0 fnt\n|faint|p1a: Calyrex\n|-ability|p2b: Calyrex|Grim Neigh|boost\n|-boost|p2b: Calyrex|spa|1\n|-damage|p2b: Calyrex|91/100|[from] item: Life Orb\n|\n|-weather|SunnyDay|[upkeep]\n|upkeep\n|-message|Neutralzr forfeited.\n|\n|win|happidoodledoo\n|raw|Neutralzr's rating: 1495 &rarr; <strong>1473</strong><br />(-22 for losing)\n|raw|happidoodledoo's rating: 1462 &rarr; <strong>1484</strong><br />(+22 for winning)\n|l|\u2606Neutralzr\n|player|p1|\n|l|\u2606happidoodledoo\n|player|p2|\n","uploadtime":1774768647,"views":20,"formatid":"gen9vgc2026regi","rating":1473,"private":0,"password":null}