{"id":"gen9vgc2026regi-2588865996","format":"[Gen 9] VGC 2026 Reg I","players":["spernerslemma","Lil Tic"],"log":"|j|\u2606spernerslemma\n|j|\u2606Lil Tic\n|t:|1776680227\n|gametype|doubles\n|player|p1|spernerslemma|pokekid|1407\n|player|p2|Lil Tic|169|1417\n|gen|9\n|tier|[Gen 9] VGC 2026 Reg I\n|rated|\n|rule|Species Clause: Limit one of each Pok\u00e9mon\n|rule|Item Clause: Limit 1 of each item\n|clearpoke\n|poke|p1|Zamazenta-*, L50|\n|poke|p1|Kyogre, L50|\n|poke|p1|Chien-Pao, L50|\n|poke|p1|Amoonguss, L50, M|\n|poke|p1|Roaring Moon, L50|\n|poke|p1|Landorus, L50, M|\n|poke|p2|Koraidon, L50|\n|poke|p2|Flutter Mane, L50|\n|poke|p2|Ho-Oh, L50|\n|poke|p2|Incineroar, L50, M|\n|poke|p2|Amoonguss, L50, M|\n|poke|p2|Ting-Lu, L50|\n|teampreview|4\n|inactive|Battle timer is ON: inactive players will automatically lose when time's up. (requested by Lil Tic)\n|\n|t:|1776680260\n|teamsize|p1|4\n|teamsize|p2|4\n|start\n|switch|p1a: Amoonguss|Amoonguss, L50, M|100/100\n|switch|p1b: Landorus|Landorus, L50, M|100/100\n|switch|p2a: Ho-Oh|Ho-Oh, L50|100/100\n|switch|p2b: Incineroar|Incineroar, L50, M|100/100\n|-ability|p2b: Incineroar|Intimidate|boost\n|-unboost|p1a: Amoonguss|atk|1\n|-unboost|p1b: Landorus|atk|1\n|turn|1\n|\n|t:|1776680285\n|move|p1b: Landorus|Protect|p1b: Landorus\n|-singleturn|p1b: Landorus|Protect\n|move|p1a: Amoonguss|Protect|p1a: Amoonguss\n|-singleturn|p1a: Amoonguss|Protect\n|move|p2b: Incineroar|Fake Out|p1a: Amoonguss\n|-activate|p1a: Amoonguss|move: Protect\n|move|p2a: Ho-Oh|Sacred Fire|p1a: Amoonguss\n|-activate|p1a: Amoonguss|move: Protect\n|\n|upkeep\n|turn|2\n|\n|t:|1776680304\n|switch|p2b: Amoonguss|Amoonguss, L50, M|100/100\n|-terastallize|p1a: Amoonguss|Fire\n|move|p1a: Amoonguss|Rage Powder|p1a: Amoonguss\n|-singleturn|p1a: Amoonguss|move: Rage Powder\n|move|p1b: Landorus|Earth Power|p2b: Amoonguss\n|-damage|p2b: Amoonguss|43/100\n|move|p2a: Ho-Oh|Brave Bird|p1a: Amoonguss\n|-damage|p1a: Amoonguss|46/100\n|-damage|p2a: Ho-Oh|84/100|[from] item: Rocky Helmet|[of] p1a: Amoonguss\n|-damage|p2a: Ho-Oh|65/100|[from] Recoil\n|\n|upkeep\n|turn|3\n|inactive|Lil Tic has 30 seconds left.\n|\n|t:|1776680331\n|move|p1a: Amoonguss|Protect|p1a: Amoonguss\n|-singleturn|p1a: Amoonguss|Protect\n|move|p1b: Landorus|Earth Power|p2b: Amoonguss\n|-damage|p2b: Amoonguss|0 fnt\n|faint|p2b: Amoonguss\n|move|p2a: Ho-Oh|Brave Bird|p1a: Amoonguss\n|-activate|p1a: Amoonguss|move: Protect\n|\n|upkeep\n|\n|t:|1776680335\n|switch|p2b: Koraidon|Koraidon, L50|100/100\n|-weather|SunnyDay|[from] ability: Orichalcum Pulse|[of] p2b: Koraidon\n|-activate|p2b: Koraidon|Orichalcum Pulse|[source]\n|turn|4\n|\n|t:|1776680356\n|move|p1a: Amoonguss|Rage Powder|p1a: Amoonguss\n|-singleturn|p1a: Amoonguss|move: Rage Powder\n|move|p2b: Koraidon|Collision Course|p1a: Amoonguss\n|-damage|p1a: Amoonguss|0 fnt\n|-damage|p2b: Koraidon|84/100|[from] item: Rocky Helmet|[of] p1a: Amoonguss\n|faint|p1a: Amoonguss\n|-damage|p2b: Koraidon|74/100|[from] item: Life Orb\n|move|p1b: Landorus|Earth Power|p2b: Koraidon\n|-damage|p2b: Koraidon|0 fnt\n|faint|p2b: Koraidon\n|move|p2a: Ho-Oh|Sacred Fire|p1b: Landorus\n|-damage|p1b: Landorus|22/100\n|-status|p1b: Landorus|brn\n|\n|-weather|SunnyDay|[upkeep]\n|-damage|p1b: Landorus|16/100 brn|[from] brn\n|upkeep\n|\n|t:|1776680373\n|switch|p2b: Incineroar|Incineroar, L50, M|100/100\n|switch|p1a: Kyogre|Kyogre, L50|100/100\n|-weather|RainDance|[from] ability: Drizzle|[of] p1a: Kyogre\n|-ability|p2b: Incineroar|Intimidate|boost\n|-unboost|p1a: Kyogre|atk|1\n|-unboost|p1b: Landorus|atk|1\n|turn|5\n|\n|t:|1776680378\n|move|p1b: Landorus|Protect|p1b: Landorus\n|-singleturn|p1b: Landorus|Protect\n|move|p1a: Kyogre|Protect|p1a: Kyogre\n|-singleturn|p1a: Kyogre|Protect\n|move|p2b: Incineroar|Fake Out|p1a: Kyogre\n|-activate|p1a: Kyogre|move: Protect\n|move|p2a: Ho-Oh|Tailwind|p2a: Ho-Oh\n|-sidestart|p2: Lil Tic|move: Tailwind\n|\n|-weather|RainDance|[upkeep]\n|-damage|p1b: Landorus|10/100 brn|[from] brn\n|upkeep\n|turn|6\n|inactive|spernerslemma has 30 seconds left.\n|\n|t:|1776680413\n|-terastallize|p2a: Ho-Oh|Grass\n|move|p2a: Ho-Oh|Brave Bird|p1a: Kyogre\n|-damage|p1a: Kyogre|39/100\n|-damage|p2a: Ho-Oh|45/100|[from] Recoil\n|move|p2b: Incineroar|Knock Off|p1b: Landorus\n|-damage|p1b: Landorus|0 fnt\n|-enditem|p1b: Landorus|Life Orb|[from] move: Knock Off|[of] p2b: Incineroar\n|faint|p1b: Landorus\n|move|p1a: Kyogre|Origin Pulse|p2b: Incineroar|[spread] p2a,p2b\n|-resisted|p2a: Ho-Oh\n|-supereffective|p2b: Incineroar\n|-damage|p2a: Ho-Oh|16/100\n|-damage|p2b: Incineroar|0 fnt\n|faint|p2b: Incineroar\n|\n|-weather|RainDance|[upkeep]\n|upkeep\n|-message|Lil Tic forfeited.\n|\n|win|spernerslemma\n|raw|spernerslemma's rating: 1407 &rarr; <strong>1428</strong><br />(+21 for winning)\n|raw|Lil Tic's rating: 1417 &rarr; <strong>1396</strong><br />(-21 for losing)\n|l|\u2606Lil Tic\n|player|p2|\n|l|\u2606spernerslemma\n|player|p1|\n","uploadtime":1776680644,"views":9,"formatid":"gen9vgc2026regi","rating":1396,"private":0,"password":null}