{"id":"gen9vgc2026regi-2561478487","format":"[Gen 9] VGC 2026 Reg I","players":["Rillabossman","It'sJustKen VGC"],"log":"|j|\u2606Rillabossman\n|j|\u2606It'sJustKen VGC\n|t:|1773800804\n|gametype|doubles\n|player|p1|Rillabossman|burglar|1410\n|player|p2|It'sJustKen VGC|1|1439\n|gen|9\n|tier|[Gen 9] VGC 2026 Reg I\n|rated|\n|rule|Species Clause: Limit one of each Pok\u00e9mon\n|rule|Item Clause: Limit 1 of each item\n|clearpoke\n|poke|p1|Zacian-*, L50|\n|poke|p1|Kyogre, L50|\n|poke|p1|Tornadus, L50, M|\n|poke|p1|Incineroar, L50, M|\n|poke|p1|Amoonguss, L50, M|\n|poke|p1|Urshifu-*, L50, M|\n|poke|p2|Iron Hands, L50|\n|poke|p2|Incineroar, L50, M|\n|poke|p2|Calyrex-Shadow, L50|\n|poke|p2|Whimsicott, L50, F|\n|poke|p2|Farigiraf, L50, M|\n|poke|p2|Miraidon, L50|\n|teampreview|4\n|inactive|Battle timer is ON: inactive players will automatically lose when time's up. (requested by It'sJustKen VGC)\n|c|\u2606Rillabossman|glhf\n|c|\u2606It'sJustKen VGC|u2\n|\n|t:|1773800822\n|teamsize|p1|4\n|teamsize|p2|4\n|start\n|switch|p1a: Tornadus|Tornadus, L50, M|100/100\n|switch|p1b: Incineroar|Incineroar, L50, M, shiny|100/100\n|switch|p2a: Farigiraf|Farigiraf, L50, M|100/100\n|switch|p2b: Miraidon|Miraidon, L50, shiny|100/100\n|-fieldstart|move: Electric Terrain|[from] ability: Hadron Engine|[of] p2b: Miraidon\n|-enditem|p2a: Farigiraf|Electric Seed\n|-boost|p2a: Farigiraf|def|1|[from] item: Electric Seed\n|-ability|p1b: Incineroar|Intimidate|boost\n|-unboost|p2a: Farigiraf|atk|1\n|-unboost|p2b: Miraidon|atk|1\n|turn|1\n|\n|t:|1773800838\n|move|p1a: Tornadus|Protect|p1a: Tornadus\n|-singleturn|p1a: Tornadus|Protect\n|move|p2b: Miraidon|Volt Switch|p1b: Incineroar\n|-damage|p1b: Incineroar|42/100\n|inactive|It'sJustKen VGC has 30 seconds left.\n|inactive|It'sJustKen VGC has 20 seconds left.\n|inactive|It'sJustKen VGC has 15 seconds left.\n|\n|t:|1773800883\n|switch|p2b: Incineroar|Incineroar, L50, M|100/100|[from] Volt Switch\n|-ability|p2b: Incineroar|Intimidate|boost\n|-unboost|p1a: Tornadus|atk|1\n|-unboost|p1b: Incineroar|atk|1\n|move|p1b: Incineroar|U-turn|p2a: Farigiraf\n|-supereffective|p2a: Farigiraf\n|-damage|p2a: Farigiraf|86/100\n|\n|t:|1773800889\n|switch|p1b: Kyogre|Kyogre, L50|100/100|[from] U-turn\n|-weather|RainDance|[from] ability: Drizzle|[of] p1b: Kyogre\n|move|p2a: Farigiraf|Trick Room|p2a: Farigiraf\n|-fieldstart|move: Trick Room|[of] p2a: Farigiraf\n|\n|-weather|RainDance|[upkeep]\n|upkeep\n|turn|2\n|\n|t:|1773800903\n|-terastallize|p1b: Kyogre|Water\n|move|p2b: Incineroar|Fake Out|p1b: Kyogre\n|-damage|p1b: Kyogre|90/100\n|move|p2a: Farigiraf|Psychic|p1b: Kyogre\n|-damage|p1b: Kyogre|66/100\n|cant|p1b: Kyogre|flinch\n|move|p1a: Tornadus|Bleakwind Storm|p2b: Incineroar|[spread] p2a,p2b\n|-damage|p2a: Farigiraf|54/100\n|-damage|p2b: Incineroar|72/100\n|\n|-weather|RainDance|[upkeep]\n|upkeep\n|turn|3\n|\n|t:|1773800914\n|move|p2b: Incineroar|Knock Off|p1b: Kyogre\n|-damage|p1b: Kyogre|30/100\n|-enditem|p1b: Kyogre|Mystic Water|[from] move: Knock Off|[of] p2b: Incineroar\n|move|p2a: Farigiraf|Psychic|p1b: Kyogre\n|-damage|p1b: Kyogre|6/100\n|move|p1b: Kyogre|Origin Pulse|p2a: Farigiraf|[spread] p2a,p2b\n|-crit|p2a: Farigiraf\n|-supereffective|p2b: Incineroar\n|-damage|p2a: Farigiraf|0 fnt\n|-damage|p2b: Incineroar|0 fnt\n|faint|p2a: Farigiraf\n|faint|p2b: Incineroar\n|move|p1a: Tornadus|Bleakwind Storm|p2: Farigiraf|[notarget]\n|-fail|p1a: Tornadus\n|\n|-weather|RainDance|[upkeep]\n|upkeep\n|\n|t:|1773800917\n|switch|p2b: Iron Hands|Iron Hands, L50|100/100\n|switch|p2a: Miraidon|Miraidon, L50, shiny|100/100\n|-activate|p2a: Miraidon|ability: Hadron Engine\n|-activate|p2b: Iron Hands|ability: Quark Drive\n|-start|p2b: Iron Hands|quarkdriveatk\n|turn|4\n|\n|t:|1773800937\n|move|p1b: Kyogre|Protect|p1b: Kyogre\n|-singleturn|p1b: Kyogre|Protect\n|move|p2b: Iron Hands|Drain Punch|p1b: Kyogre\n|-activate|p1b: Kyogre|move: Protect\n|move|p2a: Miraidon|Electro Drift|p1a: Tornadus\n|-supereffective|p1a: Tornadus\n|-enditem|p1a: Tornadus|Focus Sash\n|-damage|p1a: Tornadus|1/100\n|move|p1a: Tornadus|Bleakwind Storm|p2a: Miraidon|[spread] p2a,p2b\n|-resisted|p2a: Miraidon\n|-damage|p2a: Miraidon|85/100\n|-damage|p2b: Iron Hands|81/100\n|\n|-weather|RainDance|[upkeep]\n|upkeep\n|turn|5\n|c|\u2606Rillabossman|bulkogre the GOAT\n|\n|t:|1773800961\n|switch|p1b: Zacian|Zacian-Crowned, L50|100/100\n|-ability|p1b: Zacian|Intrepid Sword|boost\n|-boost|p1b: Zacian|atk|1\n|move|p2b: Iron Hands|Drain Punch|p1b: Zacian\n|-damage|p1b: Zacian|47/100\n|-heal|p2b: Iron Hands|100/100|[from] drain|[of] p1b: Zacian\n|move|p2a: Miraidon|Electro Drift|p1a: Tornadus\n|-supereffective|p1a: Tornadus\n|-damage|p1a: Tornadus|0 fnt\n|faint|p1a: Tornadus\n|\n|-weather|none\n|-fieldend|move: Trick Room\n|-fieldend|move: Electric Terrain\n|-end|p2b: Iron Hands|Quark Drive\n|upkeep\n|\n|t:|1773800974\n|switch|p1a: Incineroar|Incineroar, L50, M, shiny|42/100\n|-ability|p1a: Incineroar|Intimidate|boost\n|-unboost|p2a: Miraidon|atk|1\n|-unboost|p2b: Iron Hands|atk|1\n|turn|6\n|\n|t:|1773800986\n|-terastallize|p2a: Miraidon|Fairy\n|move|p1a: Incineroar|Fake Out|p2a: Miraidon\n|-damage|p2a: Miraidon|77/100\n|move|p1b: Zacian|Play Rough|p2a: Miraidon\n|-damage|p2a: Miraidon|7/100\n|cant|p2a: Miraidon|flinch\n|move|p2b: Iron Hands|Low Kick|p1b: Zacian\n|-damage|p1b: Zacian|3/100\n|\n|upkeep\n|turn|7\n|\n|t:|1773800997\n|move|p1b: Zacian|Behemoth Blade|p2a: Miraidon\n|-supereffective|p2a: Miraidon\n|-damage|p2a: Miraidon|0 fnt\n|faint|p2a: Miraidon\n|move|p1a: Incineroar|Flare Blitz|p2b: Iron Hands\n|-damage|p2b: Iron Hands|70/100\n|-damage|p1a: Incineroar|30/100|[from] Recoil\n|move|p2b: Iron Hands|Drain Punch|p1b: Zacian\n|-damage|p1b: Zacian|0 fnt\n|-heal|p2b: Iron Hands|71/100|[from] drain|[of] p1b: Zacian\n|faint|p1b: Zacian\n|\n|upkeep\n|c|\u2606It'sJustKen VGC|ahhh so close\n|\n|t:|1773801007\n|switch|p1b: Kyogre|Kyogre, L50, tera:Water|6/100\n|-weather|RainDance|[from] ability: Drizzle|[of] p1b: Kyogre\n|turn|8\n|\n|t:|1773801011\n|move|p1b: Kyogre|Protect|p1b: Kyogre\n|-singleturn|p1b: Kyogre|Protect\n|move|p1a: Incineroar|Knock Off|p2b: Iron Hands\n|-resisted|p2b: Iron Hands\n|-damage|p2b: Iron Hands|59/100\n|-enditem|p2b: Iron Hands|Assault Vest|[from] move: Knock Off|[of] p1a: Incineroar\n|move|p2b: Iron Hands|Drain Punch|p1b: Kyogre\n|-activate|p1b: Kyogre|move: Protect\n|\n|-weather|RainDance|[upkeep]\n|upkeep\n|turn|9\n|\n|t:|1773801022\n|move|p1b: Kyogre|Origin Pulse|p2b: Iron Hands\n|-damage|p2b: Iron Hands|0 fnt\n|faint|p2b: Iron Hands\n|-end|p2b: Iron Hands|Quark Drive|[silent]\n|\n|win|Rillabossman\n|raw|Rillabossman's rating: 1410 &rarr; <strong>1432</strong><br />(+22 for winning)\n|raw|It&apos;sJustKen VGC's rating: 1439 &rarr; <strong>1417</strong><br />(-22 for losing)\n|c|\u2606Rillabossman|gg\n|c|\u2606Rillabossman|I love this swordfish team :D\n|c|\u2606It'sJustKen VGC|gg wp\n","uploadtime":1773801041,"views":13,"formatid":"gen9vgc2026regi","rating":1417,"private":0,"password":null}