{"id":"gen9vgc2026regi-2577870082","format":"[Gen 9] VGC 2026 Reg I","players":["dungngo8a3","ArisHazard"],"log":"|j|\u2606dungngo8a3\n|j|\u2606ArisHazard\n|t:|1775614505\n|gametype|doubles\n|player|p1|dungngo8a3|lass-gen4dp|1471\n|player|p2|ArisHazard|265|1577\n|gen|9\n|tier|[Gen 9] VGC 2026 Reg I\n|rated|\n|rule|Species Clause: Limit one of each Pok\u00e9mon\n|rule|Item Clause: Limit 1 of each item\n|clearpoke\n|poke|p1|Miraidon, L50|\n|poke|p1|Calyrex-Ice, L50|\n|poke|p1|Incineroar, L50, F|\n|poke|p1|Farigiraf, L50, M|\n|poke|p1|Chandelure, L50, F|\n|poke|p1|Chien-Pao, L50|\n|poke|p2|Calyrex-Ice, L50|\n|poke|p2|Hitmontop, L50, M|\n|poke|p2|Miraidon, L50|\n|poke|p2|Sableye, L50, F|\n|poke|p2|Ting-Lu, L50|\n|poke|p2|Volcarona, L50, F|\n|teampreview|4\n|\n|t:|1775614536\n|teamsize|p1|4\n|teamsize|p2|4\n|start\n|switch|p1a: Miraidon|Miraidon, L50|100/100\n|switch|p1b: Incineroar|Incineroar, L50, F|100/100\n|switch|p2a: Calyrex|Calyrex-Ice, L50|100/100\n|switch|p2b: Sableye|Sableye, L50, F|100/100\n|-ability|p2a: Calyrex|As One\n|-ability|p2a: Calyrex|Unnerve\n|-fieldstart|move: Electric Terrain|[from] ability: Hadron Engine|[of] p1a: Miraidon\n|-ability|p1b: Incineroar|Intimidate|boost\n|-fail|p2a: Calyrex|unboost|[from] item: Clear Amulet|[of] p2a: Calyrex\n|-unboost|p2b: Sableye|atk|1\n|turn|1\n|inactive|Battle timer is ON: inactive players will automatically lose when time's up. (requested by ArisHazard)\n|\n|t:|1775614559\n|move|p2b: Sableye|Protect|p2b: Sableye\n|-singleturn|p2b: Sableye|Protect\n|move|p2a: Calyrex|Protect|p2a: Calyrex\n|-singleturn|p2a: Calyrex|Protect\n|move|p1b: Incineroar|Fake Out|p2a: Calyrex\n|-activate|p2a: Calyrex|move: Protect\n|move|p1a: Miraidon|Dazzling Gleam|p2a: Calyrex|[spread] \n|-activate|p2a: Calyrex|move: Protect\n|-activate|p2b: Sableye|move: Protect\n|\n|upkeep\n|turn|2\n|\n|t:|1775614573\n|-terastallize|p1a: Miraidon|Fairy\n|-terastallize|p2a: Calyrex|Fire\n|move|p2b: Sableye|Disable|p1a: Miraidon\n|-start|p1a: Miraidon|Disable|Dazzling Gleam\n|cant|p1a: Miraidon|Disable|Dazzling Gleam\n|move|p1b: Incineroar|Flare Blitz|p2a: Calyrex\n|-resisted|p2a: Calyrex\n|-damage|p2a: Calyrex|85/100\n|-damage|p1b: Incineroar|95/100|[from] Recoil\n|move|p2a: Calyrex|Glacial Lance|p1b: Incineroar|[spread] p1a,p1b\n|-crit|p1a: Miraidon\n|-resisted|p1b: Incineroar\n|-damage|p1a: Miraidon|25/100\n|-damage|p1b: Incineroar|66/100\n|\n|upkeep\n|turn|3\n|\n|t:|1775614594\n|switch|p1a: Calyrex|Calyrex-Ice, L50|100/100\n|-ability|p1a: Calyrex|As One\n|-ability|p1a: Calyrex|Unnerve\n|move|p1b: Incineroar|U-turn|p2b: Sableye\n|-damage|p2b: Sableye|79/100\n|\n|t:|1775614601\n|switch|p1b: Farigiraf|Farigiraf, L50, M|100/100|[from] U-turn\n|-enditem|p1b: Farigiraf|Electric Seed\n|-boost|p1b: Farigiraf|def|1|[from] item: Electric Seed\n|move|p2b: Sableye|Foul Play|p1a: Calyrex\n|-supereffective|p1a: Calyrex\n|-damage|p1a: Calyrex|33/100\n|move|p2a: Calyrex|Stomping Tantrum|p1b: Farigiraf\n|-damage|p1b: Farigiraf|78/100\n|\n|-heal|p1a: Calyrex|39/100|[from] item: Leftovers\n|upkeep\n|turn|4\n|\n|t:|1775614616\n|move|p1a: Calyrex|Protect|p1a: Calyrex\n|-singleturn|p1a: Calyrex|Protect\n|move|p2b: Sableye|Foul Play|p1a: Calyrex\n|-activate|p1a: Calyrex|move: Protect\n|move|p2a: Calyrex|Glacial Lance|p1b: Farigiraf|[spread] p1b\n|-activate|p1a: Calyrex|move: Protect\n|-damage|p1b: Farigiraf|41/100\n|move|p1b: Farigiraf|Trick Room|p1b: Farigiraf\n|-fieldstart|move: Trick Room|[of] p1b: Farigiraf\n|\n|-heal|p1a: Calyrex|44/100|[from] item: Leftovers\n|upkeep\n|turn|5\n|\n|t:|1775614634\n|move|p1b: Farigiraf|Helping Hand|p1a: Calyrex\n|-singleturn|p1a: Calyrex|Helping Hand|[of] p1b: Farigiraf\n|move|p2a: Calyrex|Glacial Lance|p1a: Calyrex|[spread] p1a,p1b\n|-resisted|p1a: Calyrex\n|-damage|p1a: Calyrex|27/100\n|-damage|p1b: Farigiraf|3/100\n|move|p2b: Sableye|Foul Play|p1a: Calyrex\n|-supereffective|p1a: Calyrex\n|-damage|p1a: Calyrex|0 fnt\n|faint|p1a: Calyrex\n|\n|-fieldend|move: Electric Terrain\n|upkeep\n|-message|dungngo8a3 forfeited.\n|\n|win|ArisHazard\n|raw|dungngo8a3's rating: 1471 &rarr; <strong>1457</strong><br />(-14 for losing)\n|raw|ArisHazard's rating: 1577 &rarr; <strong>1591</strong><br />(+14 for winning)\n|l|\u2606dungngo8a3\n|player|p1|\n|l|\u2606ArisHazard\n|player|p2|\n","uploadtime":1775614782,"views":7,"formatid":"gen9vgc2026regi","rating":1457,"private":0,"password":null}