{"id":"gen9vgc2026regi-2545203177","format":"[Gen 9] VGC 2026 Reg I","players":["MorrisPXG456","lalo's pollos"],"log":"|j|\u2606MorrisPXG456\n|j|\u2606lalo's pollos\n|t:|1771812239\n|gametype|doubles\n|player|p1|MorrisPXG456|colress|1376\n|player|p2|lalo's pollos|265|1537\n|gen|9\n|tier|[Gen 9] VGC 2026 Reg I\n|rated|\n|rule|Species Clause: Limit one of each Pok\u00e9mon\n|rule|Item Clause: Limit 1 of each item\n|clearpoke\n|poke|p1|Calyrex-Ice, L50|\n|poke|p1|Miraidon, L50|\n|poke|p1|Ogerpon-Hearthflame, L50, F|\n|poke|p1|Urshifu-*, L50, F|\n|poke|p1|Ursaluna, L50, M|\n|poke|p1|Whimsicott, L50, M|\n|poke|p2|Zamazenta-*, L50|\n|poke|p2|Lunala, L50|\n|poke|p2|Rillaboom, L50, M|\n|poke|p2|Incineroar, L50, F|\n|poke|p2|Urshifu-*, L50, F|\n|poke|p2|Tornadus, L50, M|\n|teampreview|4\n|inactive|Battle timer is ON: inactive players will automatically lose when time's up. (requested by MorrisPXG456)\n|\n|t:|1771812288\n|teamsize|p1|4\n|teamsize|p2|4\n|start\n|switch|p1a: B O N K|Ogerpon-Hearthflame, L50, F|100/100\n|switch|p1b: Urshifu|Urshifu-Rapid-Strike, L50, F|100/100\n|switch|p2a: Rillaboom|Rillaboom, L50, M|100/100\n|switch|p2b: Lunala|Lunala, L50|100/100\n|-ability|p1a: B O N K|Mold Breaker\n|-fieldstart|move: Grassy Terrain|[from] ability: Grassy Surge|[of] p2a: Rillaboom\n|turn|1\n|\n|t:|1771812297\n|move|p1a: B O N K|Spiky Shield|p1a: B O N K\n|-singleturn|p1a: B O N K|move: Protect\n|move|p2a: Rillaboom|Fake Out|p1a: B O N K\n|-activate|p1a: B O N K|move: Protect\n|-damage|p2a: Rillaboom|88/100|[from] Spiky Shield|[of] p1a: B O N K\n|move|p1b: Urshifu|Coaching|p1a: B O N K\n|-boost|p1a: B O N K|atk|1\n|-boost|p1a: B O N K|def|1\n|move|p2b: Lunala|Moonblast|p1b: Urshifu\n|-supereffective|p1b: Urshifu\n|-damage|p1b: Urshifu|0 fnt\n|faint|p1b: Urshifu\n|\n|-heal|p2a: Rillaboom|94/100|[from] Grassy Terrain\n|upkeep\n|\n|t:|1771812303\n|switch|p1b: Ol'Reliable|Miraidon, L50, shiny|100/100\n|-fieldstart|move: Electric Terrain|[from] ability: Hadron Engine|[of] p1b: Ol'Reliable\n|turn|2\n|\n|t:|1771812309\n|switch|p2a: Incineroar|Incineroar, L50, F|100/100\n|-ability|p2a: Incineroar|Intimidate|boost\n|-unboost|p1a: B O N K|atk|1\n|-unboost|p1b: Ol'Reliable|atk|1\n|-terastallize|p1a: B O N K|Fire\n|detailschange|p1a: B O N K|Ogerpon-Hearthflame-Tera, L50, F, tera:Fire\n|-ability|p1a: B O N K|Embody Aspect (Hearthflame)|boost\n|-boost|p1a: B O N K|atk|1\n|move|p2b: Lunala|Protect|p2b: Lunala\n|-singleturn|p2b: Lunala|Protect\n|move|p1b: Ol'Reliable|Volt Switch|p2b: Lunala\n|-activate|p2b: Lunala|move: Protect\n|move|p1a: B O N K|Ivy Cudgel|p2a: Incineroar|[anim] Ivy Cudgel Fire\n|-resisted|p2a: Incineroar\n|-damage|p2a: Incineroar|57/100\n|\n|upkeep\n|turn|3\n|inactive|lalo's pollos has 30 seconds left.\n|\n|t:|1771812335\n|move|p2a: Incineroar|Fake Out|p1b: Ol'Reliable\n|-damage|p1b: Ol'Reliable|91/100\n|cant|p1b: Ol'Reliable|flinch\n|move|p1a: B O N K|Ivy Cudgel|p2b: Lunala|[anim] Ivy Cudgel Fire\n|-damage|p2b: Lunala|55/100\n|move|p2b: Lunala|Moongeist Beam|p1b: Ol'Reliable\n|-damage|p1b: Ol'Reliable|46/100\n|\n|-heal|p2b: Lunala|61/100|[from] item: Leftovers\n|upkeep\n|turn|4\n|\n|t:|1771812348\n|move|p2b: Lunala|Protect|p2b: Lunala\n|-singleturn|p2b: Lunala|Protect\n|move|p1b: Ol'Reliable|Volt Switch|p2a: Incineroar\n|-damage|p2a: Incineroar|0 fnt\n|faint|p2a: Incineroar\n|\n|t:|1771812353\n|switch|p1b: Whimsicott|Whimsicott, L50, M|100/100|[from] Volt Switch\n|move|p1a: B O N K|Ivy Cudgel|p2b: Lunala|[anim] Ivy Cudgel Fire\n|-activate|p2b: Lunala|move: Protect\n|\n|-heal|p2b: Lunala|67/100|[from] item: Leftovers\n|upkeep\n|\n|t:|1771812358\n|switch|p2a: Zamazenta|Zamazenta-Crowned, L50|100/100\n|-ability|p2a: Zamazenta|Dauntless Shield|boost\n|-boost|p2a: Zamazenta|def|1\n|turn|5\n|\n|t:|1771812374\n|move|p2b: Lunala|Protect||[still]\n|-fail|p2b: Lunala\n|move|p1b: Whimsicott|Encore|p2b: Lunala\n|-start|p2b: Lunala|Encore\n|move|p2a: Zamazenta|Heavy Slam|p1b: Whimsicott\n|-supereffective|p1b: Whimsicott\n|-damage|p1b: Whimsicott|0 fnt\n|faint|p1b: Whimsicott\n|move|p1a: B O N K|Ivy Cudgel|p2a: Zamazenta|[anim] Ivy Cudgel Fire\n|-supereffective|p2a: Zamazenta\n|-damage|p2a: Zamazenta|8/100\n|\n|-heal|p2b: Lunala|73/100|[from] item: Leftovers\n|upkeep\n|\n|t:|1771812387\n|switch|p1b: Ol'Reliable|Miraidon, L50, shiny|46/100\n|-activate|p1b: Ol'Reliable|ability: Hadron Engine\n|turn|6\n|\n|t:|1771812394\n|switch|p2a: Rillaboom|Rillaboom, L50, M|94/100\n|-fieldstart|move: Grassy Terrain|[from] ability: Grassy Surge|[of] p2a: Rillaboom\n|move|p2b: Lunala|Protect|p2b: Lunala\n|-singleturn|p2b: Lunala|Protect\n|move|p1b: Ol'Reliable|Electro Drift|p2a: Rillaboom\n|-resisted|p2a: Rillaboom\n|-damage|p2a: Rillaboom|66/100\n|move|p1a: B O N K|Ivy Cudgel|p2b: Lunala|[anim] Ivy Cudgel Fire\n|-activate|p2b: Lunala|move: Protect\n|\n|-heal|p1b: Ol'Reliable|52/100|[from] Grassy Terrain\n|-heal|p2b: Lunala|79/100|[from] Grassy Terrain\n|-heal|p2b: Lunala|85/100|[from] item: Leftovers\n|-heal|p2a: Rillaboom|71/100|[from] Grassy Terrain\n|upkeep\n|turn|7\n|\n|t:|1771812403\n|move|p2b: Lunala|Protect||[still]\n|-fail|p2b: Lunala\n|move|p2a: Rillaboom|Fake Out|p1a: B O N K\n|-damage|p1a: B O N K|93/100\n|move|p1b: Ol'Reliable|Electro Drift|p2a: Rillaboom\n|-resisted|p2a: Rillaboom\n|-damage|p2a: Rillaboom|43/100\n|cant|p1a: B O N K|flinch\n|\n|-heal|p1b: Ol'Reliable|58/100|[from] Grassy Terrain\n|-heal|p1a: B O N K|99/100|[from] Grassy Terrain\n|-heal|p2b: Lunala|91/100|[from] Grassy Terrain\n|-heal|p2b: Lunala|97/100|[from] item: Leftovers\n|-heal|p2a: Rillaboom|49/100|[from] Grassy Terrain\n|upkeep\n|turn|8\n|\n|t:|1771812422\n|move|p2b: Lunala|Protect|p2b: Lunala\n|-singleturn|p2b: Lunala|Protect\n|move|p1b: Ol'Reliable|Electro Drift|p2b: Lunala\n|-activate|p2b: Lunala|move: Protect\n|move|p1a: B O N K|Ivy Cudgel|p2a: Rillaboom|[anim] Ivy Cudgel Fire\n|-supereffective|p2a: Rillaboom\n|-damage|p2a: Rillaboom|0 fnt\n|faint|p2a: Rillaboom\n|\n|-heal|p1b: Ol'Reliable|65/100|[from] Grassy Terrain\n|-heal|p1a: B O N K|100/100|[from] Grassy Terrain\n|-heal|p2b: Lunala|100/100|[from] Grassy Terrain\n|-end|p2b: Lunala|Encore\n|upkeep\n|\n|t:|1771812430\n|switch|p2a: Zamazenta|Zamazenta-Crowned, L50|8/100\n|turn|9\n|\n|t:|1771812436\n|move|p1b: Ol'Reliable|Electro Drift|p2a: Zamazenta\n|-damage|p2a: Zamazenta|0 fnt\n|faint|p2a: Zamazenta\n|move|p1a: B O N K|Ivy Cudgel|p2b: Lunala|[anim] Ivy Cudgel Fire\n|-damage|p2b: Lunala|54/100\n|move|p2b: Lunala|Moongeist Beam|p1a: B O N K\n|-damage|p1a: B O N K|50/100\n|\n|-heal|p1b: Ol'Reliable|71/100|[from] Grassy Terrain\n|-heal|p1a: B O N K|56/100|[from] Grassy Terrain\n|-heal|p2b: Lunala|60/100|[from] Grassy Terrain\n|-heal|p2b: Lunala|66/100|[from] item: Leftovers\n|upkeep\n|turn|10\n|-message|lalo's pollos forfeited.\n|\n|win|MorrisPXG456\n|raw|MorrisPXG456's rating: 1376 &rarr; <strong>1405</strong><br />(+29 for winning)\n|raw|lalo&apos;s pollos's rating: 1537 &rarr; <strong>1508</strong><br />(-29 for losing)\n|l|\u2606lalo's pollos\n|player|p2|\n","uploadtime":1771812619,"views":14,"formatid":"gen9vgc2026regi","rating":1405,"private":0,"password":null}