{"id":"gen9vgc2026regi-2532805883","format":"[Gen 9] VGC 2026 Reg I","players":["alzombie","SnarkyShane"],"log":"|j|\u2606alzombie\n|j|\u2606SnarkyShane\n|t:|1770226210\n|gametype|doubles\n|player|p1|alzombie|169|1376\n|player|p2|SnarkyShane|gambler|1268\n|gen|9\n|tier|[Gen 9] VGC 2026 Reg I\n|rated|\n|rule|Species Clause: Limit one of each Pok\u00e9mon\n|rule|Item Clause: Limit 1 of each item\n|clearpoke\n|poke|p1|Lunala, L50|\n|poke|p1|Ursaluna, L50, M|\n|poke|p1|Urshifu-*, L50, F|\n|poke|p1|Miraidon, L50|\n|poke|p1|Grimmsnarl, L50, M|\n|poke|p1|Incineroar, L50, F|\n|poke|p2|Rayquaza, L50|\n|poke|p2|Calyrex-Shadow, L50|\n|poke|p2|Chien-Pao, L50|\n|poke|p2|Ting-Lu, L50|\n|poke|p2|Amoonguss, L50, M|\n|poke|p2|Avalugg-Hisui, L50, F|\n|teampreview|4\n|inactive|Battle timer is ON: inactive players will automatically lose when time's up. (requested by SnarkyShane)\n|inactive|SnarkyShane has 60 seconds left.\n|\n|t:|1770226243\n|teamsize|p1|4\n|teamsize|p2|4\n|start\n|switch|p1a: Incineroar|Incineroar, L50, F|100/100\n|switch|p1b: Grimmsnarl|Grimmsnarl, L50, M|100/100\n|switch|p2a: Noodle Del Muerte|Rayquaza, L50|100/100\n|switch|p2b: FesterinEquestrian|Calyrex-Shadow, L50|100/100\n|-ability|p2b: FesterinEquestrian|As One\n|-ability|p2b: FesterinEquestrian|Unnerve\n|-ability|p2a: Noodle Del Muerte|Air Lock\n|-ability|p1a: Incineroar|Intimidate|boost\n|-fail|p2a: Noodle Del Muerte|unboost|[from] item: Clear Amulet|[of] p2a: Noodle Del Muerte\n|-unboost|p2b: FesterinEquestrian|atk|1\n|turn|1\n|inactive|alzombie has 30 seconds left.\n|inactive|alzombie has 20 seconds left.\n|\n|t:|1770226283\n|move|p1b: Grimmsnarl|Light Screen|p1b: Grimmsnarl\n|-sidestart|p1: alzombie|move: Light Screen\n|move|p2b: FesterinEquestrian|Taunt|p1b: Grimmsnarl\n|-start|p1b: Grimmsnarl|move: Taunt\n|move|p2a: Noodle Del Muerte|Swords Dance|p2a: Noodle Del Muerte\n|-boost|p2a: Noodle Del Muerte|atk|2\n|move|p1a: Incineroar|Will-O-Wisp|p2a: Noodle Del Muerte\n|-status|p2a: Noodle Del Muerte|brn\n|\n|-damage|p2a: Noodle Del Muerte|94/100 brn|[from] brn\n|upkeep\n|turn|2\n|inactive|SnarkyShane has 30 seconds left.\n|\n|t:|1770226308\n|switch|p1b: Miraidon|Miraidon, L50|100/100\n|-fieldstart|move: Electric Terrain|[from] ability: Hadron Engine|[of] p1b: Miraidon\n|move|p2b: FesterinEquestrian|Protect|p2b: FesterinEquestrian\n|-singleturn|p2b: FesterinEquestrian|Protect\n|move|p2a: Noodle Del Muerte|Dragon Ascent|p1a: Incineroar\n|-damage|p1a: Incineroar|51/100\n|-unboost|p2a: Noodle Del Muerte|def|1\n|-unboost|p2a: Noodle Del Muerte|spd|1\n|-damage|p2a: Noodle Del Muerte|78/100 brn|[from] item: Rocky Helmet|[of] p1a: Incineroar\n|move|p1a: Incineroar|Roar|p2a: Noodle Del Muerte\n|drag|p2a: Avalugg|Avalugg-Hisui, L50, F|100/100\n|\n|upkeep\n|turn|3\n|inactive|alzombie has 30 seconds left.\n|inactive|SnarkyShane has 30 seconds left.\n|\n|t:|1770226343\n|-terastallize|p2b: FesterinEquestrian|Ghost\n|move|p2b: FesterinEquestrian|Astral Barrage|p1b: Miraidon|[spread] p1a,p1b\n|-resisted|p1a: Incineroar\n|-damage|p1a: Incineroar|28/100\n|-damage|p1b: Miraidon|76/100\n|move|p1b: Miraidon|Volt Switch|p2a: Avalugg\n|-ability|p2a: Avalugg|Sturdy\n|-damage|p2a: Avalugg|1/100\n|\n|t:|1770226354\n|switch|p1b: Grimmsnarl|Grimmsnarl, L50, M|100/100|[from] Volt Switch\n|move|p1a: Incineroar|Knock Off|p2b: FesterinEquestrian\n|-supereffective|p2b: FesterinEquestrian\n|-damage|p2b: FesterinEquestrian|22/100\n|-enditem|p2b: FesterinEquestrian|Focus Sash|[from] move: Knock Off|[of] p1a: Incineroar\n|move|p2a: Avalugg|Icicle Spear|p1b: Grimmsnarl\n|-damage|p1b: Grimmsnarl|86/100\n|-damage|p1b: Grimmsnarl|73/100\n|-crit|p1b: Grimmsnarl\n|-damage|p1b: Grimmsnarl|50/100\n|-damage|p1b: Grimmsnarl|35/100\n|-damage|p1b: Grimmsnarl|18/100\n|-hitcount|p1b: Grimmsnarl|5\n|\n|upkeep\n|turn|4\n|inactive|alzombie has 30 seconds left.\n|inactive|SnarkyShane has 30 seconds left.\n|\n|t:|1770226383\n|move|p1b: Grimmsnarl|Reflect|p1b: Grimmsnarl\n|-sidestart|p1: alzombie|Reflect\n|move|p2b: FesterinEquestrian|Astral Barrage|p1b: Grimmsnarl|[spread] p1a,p1b\n|-resisted|p1a: Incineroar\n|-resisted|p1b: Grimmsnarl\n|-damage|p1a: Incineroar|5/100\n|-damage|p1b: Grimmsnarl|0 fnt\n|faint|p1b: Grimmsnarl\n|-ability|p2b: FesterinEquestrian|Grim Neigh|boost\n|-boost|p2b: FesterinEquestrian|spa|1\n|move|p1a: Incineroar|Knock Off|p2b: FesterinEquestrian\n|-supereffective|p2b: FesterinEquestrian\n|-crit|p2b: FesterinEquestrian\n|-damage|p2b: FesterinEquestrian|0 fnt\n|faint|p2b: FesterinEquestrian\n|move|p2a: Avalugg|Icicle Spear|p1a: Incineroar\n|-resisted|p1a: Incineroar\n|-damage|p1a: Incineroar|1/100\n|-resisted|p1a: Incineroar\n|-damage|p1a: Incineroar|0 fnt\n|faint|p1a: Incineroar\n|-hitcount|p1: Incineroar|2\n|\n|upkeep\n|\n|t:|1770226405\n|switch|p2b: Noodle Del Muerte|Rayquaza, L50|78/100 brn\n|switch|p1b: Miraidon|Miraidon, L50|76/100\n|switch|p1a: Lunala|Lunala, L50|100/100\n|-activate|p1b: Miraidon|ability: Hadron Engine\n|-ability|p2b: Noodle Del Muerte|Air Lock\n|-enditem|p1a: Lunala|Electric Seed\n|-boost|p1a: Lunala|def|1|[from] item: Electric Seed\n|turn|5\n|inactive|alzombie has 30 seconds left.\n|\n|t:|1770226439\n|move|p2a: Avalugg|Protect|p2a: Avalugg\n|-singleturn|p2a: Avalugg|Protect\n|move|p2b: Noodle Del Muerte|Extreme Speed|p1b: Miraidon\n|-damage|p1b: Miraidon|66/100\n|move|p1b: Miraidon|Snarl|p2a: Avalugg|[spread] p2b\n|-activate|p2a: Avalugg|move: Protect\n|-damage|p2b: Noodle Del Muerte|58/100 brn\n|move|p1a: Lunala|Moonblast|p2a: Avalugg\n|-activate|p2a: Avalugg|move: Protect\n|\n|-damage|p2b: Noodle Del Muerte|52/100 brn|[from] brn\n|upkeep\n|turn|6\n|inactive|SnarkyShane has 30 seconds left.\n|\n|t:|1770226465\n|move|p2a: Avalugg|Wide Guard|p2a: Avalugg\n|-singleturn|p2a: Avalugg|Wide Guard\n|move|p1b: Miraidon|Snarl|p2b: Noodle Del Muerte|[spread] \n|-activate|p2a: Avalugg|move: Wide Guard\n|-activate|p2b: Noodle Del Muerte|move: Wide Guard\n|move|p1a: Lunala|Moonblast|p2a: Avalugg\n|-damage|p2a: Avalugg|0 fnt\n|faint|p2a: Avalugg\n|move|p2b: Noodle Del Muerte|Dragon Ascent|p1a: Lunala\n|-damage|p1a: Lunala|94/100\n|-unboost|p2b: Noodle Del Muerte|def|1\n|-unboost|p2b: Noodle Del Muerte|spd|1\n|\n|-damage|p2b: Noodle Del Muerte|46/100 brn|[from] brn\n|-fieldend|move: Electric Terrain\n|upkeep\n|\n|t:|1770226478\n|switch|p2a: Big Gulp|Ting-Lu, L50|100/100\n|-ability|p2a: Big Gulp|Vessel of Ruin\n|turn|7\n|\n|t:|1770226496\n|move|p1b: Miraidon|Electro Drift|p2b: Noodle Del Muerte\n|-damage|p2b: Noodle Del Muerte|0 fnt\n|faint|p2b: Noodle Del Muerte\n|move|p1a: Lunala|Moonblast|p2a: Big Gulp\n|-supereffective|p2a: Big Gulp\n|-damage|p2a: Big Gulp|73/100\n|-unboost|p2a: Big Gulp|spa|1\n|move|p2a: Big Gulp|Ruination|p1a: Lunala\n|-damage|p1a: Lunala|48/100\n|\n|upkeep\n|turn|8\n|\n|t:|1770226515\n|-terastallize|p1a: Lunala|Fairy\n|move|p1b: Miraidon|Draco Meteor|p2a: Big Gulp\n|-damage|p2a: Big Gulp|44/100\n|-unboost|p1b: Miraidon|spa|2\n|move|p1a: Lunala|Moonblast|p2a: Big Gulp\n|-supereffective|p2a: Big Gulp\n|-damage|p2a: Big Gulp|3/100\n|move|p2a: Big Gulp|Throat Chop|p1a: Lunala\n|-resisted|p1a: Lunala\n|-damage|p1a: Lunala|42/100\n|-start|p1a: Lunala|Throat Chop|[silent]\n|\n|-sideend|p1: alzombie|move: Light Screen\n|upkeep\n|turn|9\n|-message|SnarkyShane forfeited.\n|\n|win|alzombie\n|raw|alzombie's rating: 1376 &rarr; <strong>1390</strong><br />(+14 for winning)\n|raw|SnarkyShane's rating: 1268 &rarr; <strong>1251</strong><br />(-17 for losing)\n|l|\u2606SnarkyShane\n|player|p2|\n|l|\u2606alzombie\n|player|p1|\n","uploadtime":1770226747,"views":13,"formatid":"gen9vgc2026regi","rating":1251,"private":0,"password":null}