{"id":"gen9vgc2026regi-2518626409","format":"[Gen 9] VGC 2026 Reg I","players":["alexit93","Rege1"],"log":"|j|\u2606alexit93\n|j|\u2606Rege1\n|t:|1768410947\n|gametype|doubles\n|player|p1|alexit93|lucas-gen4pt|1271\n|player|p2|Rege1|crasherwake|1236\n|gen|9\n|tier|[Gen 9] VGC 2026 Reg I\n|rated|\n|rule|Species Clause: Limit one of each Pok\u00e9mon\n|rule|Item Clause: Limit 1 of each item\n|clearpoke\n|poke|p1|Zamazenta-*, L50|\n|poke|p1|Riolu, L50, F|\n|poke|p1|Calyrex-Ice, L50|\n|poke|p1|Rillaboom, L50, M|\n|poke|p1|Incineroar, L50, M|\n|poke|p1|Urshifu-*, L50, M|\n|poke|p2|Groudon, L50|\n|poke|p2|Sableye, L50, F|\n|poke|p2|Flutter Mane, L50|\n|poke|p2|Miraidon, L50|\n|poke|p2|Iron Bundle, L50|\n|poke|p2|Chi-Yu, L50|\n|teampreview|4\n|c|\u2606Rege1|Hi\n|c|\u2606Rege1|hf\n|inactive|Battle timer is ON: inactive players will automatically lose when time's up. (requested by Rege1)\n|\n|t:|1768410982\n|teamsize|p1|4\n|teamsize|p2|4\n|start\n|switch|p1a: Calyrex|Calyrex-Ice, L50|100/100\n|switch|p1b: Riolu|Riolu, L50, F|100/100\n|switch|p2a: Not mega|Sableye, L50, F|100/100\n|switch|p2b: Sandwich lover|Miraidon, L50|100/100\n|-ability|p1a: Calyrex|As One\n|-ability|p1a: Calyrex|Unnerve\n|-fieldstart|move: Electric Terrain|[from] ability: Hadron Engine|[of] p2b: Sandwich lover\n|turn|1\n|\n|t:|1768410998\n|-terastallize|p1a: Calyrex|Ground\n|move|p1b: Riolu|Quick Guard|p1b: Riolu\n|-singleturn|p1b: Riolu|Quick Guard\n|move|p2a: Not mega|Taunt|p1a: Calyrex\n|-activate|p1a: Calyrex|move: Quick Guard\n|move|p2b: Sandwich lover|Volt Switch|p1b: Riolu\n|-damage|p1b: Riolu|0 fnt\n|faint|p1b: Riolu\n|\n|t:|1768411009\n|switch|p2b: Island lover|Groudon, L50|100/100|[from] Volt Switch\n|-weather|SunnyDay|[from] ability: Drought|[of] p2b: Island lover\n|move|p1a: Calyrex|Trick Room|p1a: Calyrex\n|-fieldstart|move: Trick Room|[of] p1a: Calyrex\n|\n|-weather|SunnyDay|[upkeep]\n|upkeep\n|\n|t:|1768411013\n|switch|p1b: Rillaboom|Rillaboom, L50, M|100/100\n|-fieldstart|move: Grassy Terrain|[from] ability: Grassy Surge|[of] p1b: Rillaboom\n|turn|2\n|\n|t:|1768411033\n|switch|p1a: Zamazenta|Zamazenta-Crowned, L50, shiny|100/100\n|-ability|p1a: Zamazenta|Dauntless Shield|boost\n|-boost|p1a: Zamazenta|def|1\n|-terastallize|p2b: Island lover|Fire\n|move|p2a: Not mega|Foul Play|p1a: Zamazenta\n|-resisted|p1a: Zamazenta\n|-damage|p1a: Zamazenta|93/100\n|move|p1b: Rillaboom|U-turn|p2a: Not mega\n|-damage|p2a: Not mega|65/100\n|\n|t:|1768411036\n|switch|p1b: Calyrex|Calyrex-Ice, L50, tera:Ground|100/100|[from] U-turn\n|-ability|p1b: Calyrex|As One\n|-ability|p1b: Calyrex|Unnerve\n|move|p2b: Island lover|Heat Crash|p1b: Calyrex\n|-damage|p1b: Calyrex|76/100\n|\n|-weather|SunnyDay|[upkeep]\n|-heal|p1b: Calyrex|82/100|[from] Grassy Terrain\n|-heal|p2a: Not mega|71/100|[from] Grassy Terrain\n|-heal|p1a: Zamazenta|99/100|[from] Grassy Terrain\n|upkeep\n|turn|3\n|inactive|Rege1 has 30 seconds left.\n|\n|t:|1768411065\n|switch|p2b: Mean girl|Flutter Mane, L50|100/100\n|-activate|p2b: Mean girl|ability: Protosynthesis\n|-start|p2b: Mean girl|protosynthesisspe\n|move|p1b: Calyrex|High Horsepower|p2b: Mean girl\n|-damage|p2b: Mean girl|0 fnt\n|faint|p2b: Mean girl\n|-end|p2b: Mean girl|Protosynthesis|[silent]\n|-ability|p1b: Calyrex|Chilling Neigh|boost\n|-boost|p1b: Calyrex|atk|1\n|move|p2a: Not mega|Foul Play|p1b: Calyrex\n|-damage|p1b: Calyrex|27/100\n|move|p1a: Zamazenta|Body Press|p2a: Not mega\n|-immune|p2a: Not mega\n|\n|-weather|SunnyDay|[upkeep]\n|-heal|p1b: Calyrex|33/100|[from] Grassy Terrain\n|-heal|p2a: Not mega|77/100|[from] Grassy Terrain\n|-heal|p1a: Zamazenta|100/100|[from] Grassy Terrain\n|upkeep\n|\n|t:|1768411081\n|switch|p2b: Sandwich lover|Miraidon, L50|100/100\n|-fieldstart|move: Electric Terrain|[from] ability: Hadron Engine|[of] p2b: Sandwich lover\n|turn|4\n|\n|t:|1768411089\n|move|p1b: Calyrex|Glacial Lance|p2b: Sandwich lover|[spread] p2a,p2b\n|-supereffective|p2b: Sandwich lover\n|-damage|p2a: Not mega|0 fnt\n|-damage|p2b: Sandwich lover|0 fnt\n|faint|p2a: Not mega\n|faint|p2b: Sandwich lover\n|-ability|p1b: Calyrex|Chilling Neigh|boost\n|-boost|p1b: Calyrex|atk|2\n|move|p1a: Zamazenta|Behemoth Bash|p2: Not mega|[notarget]\n|-fail|p1a: Zamazenta\n|\n|-weather|SunnyDay|[upkeep]\n|upkeep\n|\n|t:|1768411098\n|switch|p2b: Island lover|Groudon, L50, tera:Fire|100/100\n|turn|5\n|c|\u2606Rege1|Gg\n|\n|t:|1768411113\n|move|p1b: Calyrex|High Horsepower|p2b: Island lover\n|-supereffective|p2b: Island lover\n|-damage|p2b: Island lover|0 fnt\n|faint|p2b: Island lover\n|\n|win|alexit93\n|raw|alexit93's rating: 1271 &rarr; <strong>1293</strong><br />(+22 for winning)\n|raw|Rege1's rating: 1236 &rarr; <strong>1214</strong><br />(-22 for losing)\n|l|\u2606Rege1\n|player|p2|\n|l|\u2606alexit93\n|player|p1|\n","uploadtime":1768411379,"views":14,"formatid":"gen9vgc2026regi","rating":1214,"private":0,"password":null}