{"id":"gen9vgc2026regi-2555624163","format":"[Gen 9] VGC 2026 Reg I","players":["g0dGun","Kwiper"],"log":"|j|\u2606g0dGun\n|j|\u2606Kwiper\n|t:|1773110020\n|gametype|doubles\n|player|p1|g0dGun|blue|1487\n|player|p2|Kwiper|sycamore|1536\n|gen|9\n|tier|[Gen 9] VGC 2026 Reg I\n|rated|\n|rule|Species Clause: Limit one of each Pok\u00e9mon\n|rule|Item Clause: Limit 1 of each item\n|clearpoke\n|poke|p1|Hitmontop, L50, M|\n|poke|p1|Terapagos, L50, M|\n|poke|p1|Calyrex-Shadow, L50|\n|poke|p1|Ogerpon-Cornerstone, L50, F|\n|poke|p1|Urshifu-*, L50, F|\n|poke|p1|Whimsicott, L50, M|\n|poke|p2|Koraidon, L50|\n|poke|p2|Lunala, L50|\n|poke|p2|Indeedee-F, L50, F|\n|poke|p2|Flutter Mane, L50|\n|poke|p2|Volcarona, L50, F|\n|poke|p2|Ursaluna, L50, F|\n|teampreview|4\n|inactive|Battle timer is ON: inactive players will automatically lose when time's up. (requested by Kwiper)\n|inactive|g0dGun also wants the timer to be on.\n|\n|t:|1773110042\n|teamsize|p1|4\n|teamsize|p2|4\n|start\n|switch|p1a: Hitmontop|Hitmontop, L50, M|100/100\n|switch|p1b: Terapagos|Terapagos, L50, M|100/100\n|switch|p2a: Flutter Mane|Flutter Mane, L50|100/100\n|switch|p2b: Lunala|Lunala, L50, shiny|100/100\n|-activate|p1b: Terapagos|ability: Tera Shift\n|detailschange|p1b: Terapagos|Terapagos-Terastal, L50, M\n|-heal|p1b: Terapagos|100/100|[silent]\n|-ability|p1a: Hitmontop|Intimidate|boost\n|-unboost|p2a: Flutter Mane|atk|1\n|-unboost|p2b: Lunala|atk|1\n|turn|1\n|\n|t:|1773110058\n|-terastallize|p1b: Terapagos|Stellar\n|detailschange|p1b: Terapagos|Terapagos-Stellar, L50, M, tera:Stellar\n|-heal|p1b: Terapagos|100/100|[silent]\n|move|p1a: Hitmontop|Vacuum Wave|p1b: Terapagos\n|-supereffective|p1b: Terapagos\n|-damage|p1b: Terapagos|95/100\n|-enditem|p1b: Terapagos|Weakness Policy\n|-boost|p1b: Terapagos|atk|2|[from] item: Weakness Policy\n|-boost|p1b: Terapagos|spa|2|[from] item: Weakness Policy\n|move|p2a: Flutter Mane|Moonblast|p1a: Hitmontop\n|-supereffective|p1a: Hitmontop\n|-damage|p1a: Hitmontop|20/100\n|-enditem|p1a: Hitmontop|Eject Button\n|\n|t:|1773110070\n|switch|p1a: Whimsicott|Whimsicott, L50, M|100/100\n|move|p2b: Lunala|Meteor Beam||[still]\n|-prepare|p2b: Lunala|Meteor Beam\n|-boost|p2b: Lunala|spa|1\n|-enditem|p2b: Lunala|Power Herb\n|-anim|p2b: Lunala|Meteor Beam|p1b: Terapagos\n|-damage|p1b: Terapagos|50/100\n|move|p1b: Terapagos|Tera Starstorm|p2b: Lunala|[spread] p2a,p2b\n|-damage|p2a: Flutter Mane|18/100\n|-damage|p2b: Lunala|71/100\n|\n|upkeep\n|turn|2\n|\n|t:|1773110085\n|move|p2b: Lunala|Wide Guard|p2b: Lunala\n|-singleturn|p2b: Lunala|Wide Guard\n|move|p1a: Whimsicott|Tailwind|p1a: Whimsicott\n|-sidestart|p1: g0dGun|move: Tailwind\n|move|p1b: Terapagos|Earth Power|p2a: Flutter Mane\n|-damage|p2a: Flutter Mane|0 fnt\n|faint|p2a: Flutter Mane\n|-end|p2a: Flutter Mane|Protosynthesis|[silent]\n|\n|upkeep\n|\n|t:|1773110090\n|switch|p2a: Indeedee|Indeedee-F, L50, F|100/100\n|-fieldstart|move: Psychic Terrain|[from] ability: Psychic Surge|[of] p2a: Indeedee\n|turn|3\n|inactive|g0dGun has 30 seconds left.\n|\n|t:|1773110124\n|move|p1a: Whimsicott|Moonblast|p2a: Indeedee\n|-damage|p2a: Indeedee|70/100\n|move|p1b: Terapagos|Earth Power|p2a: Indeedee\n|-crit|p2a: Indeedee\n|-damage|p2a: Indeedee|0 fnt\n|faint|p2a: Indeedee\n|move|p2b: Lunala|Expanding Force|p1b: Terapagos|[spread] p1a,p1b\n|-damage|p1a: Whimsicott|0 fnt\n|-damage|p1b: Terapagos|0 fnt\n|faint|p1a: Whimsicott\n|faint|p1b: Terapagos\n|detailschange|p1: Terapagos|Terapagos, L50, M|[silent]\n|\n|upkeep\n|\n|t:|1773110137\n|switch|p1a: Calyrex|Calyrex-Shadow, L50|100/100\n|switch|p2a: Koraidon|Koraidon, L50, shiny|100/100\n|switch|p1b: Hitmontop|Hitmontop, L50, M|20/100\n|-ability|p1a: Calyrex|As One\n|-ability|p1a: Calyrex|Unnerve\n|-weather|SunnyDay|[from] ability: Orichalcum Pulse|[of] p2a: Koraidon\n|-activate|p2a: Koraidon|Orichalcum Pulse|[source]\n|-ability|p1b: Hitmontop|Intimidate|boost\n|-unboost|p2a: Koraidon|atk|1\n|-unboost|p2b: Lunala|atk|1\n|turn|4\n|\n|t:|1773110156\n|-terastallize|p2a: Koraidon|Fire\n|move|p1b: Hitmontop|Wide Guard|p1b: Hitmontop\n|-singleturn|p1b: Hitmontop|Wide Guard\n|move|p2b: Lunala|Wide Guard|p2b: Lunala\n|-singleturn|p2b: Lunala|Wide Guard\n|move|p1a: Calyrex|Psychic|p2a: Koraidon\n|-damage|p2a: Koraidon|25/100\n|move|p2a: Koraidon|Breaking Swipe|p1b: Hitmontop|[spread] \n|-activate|p1a: Calyrex|move: Wide Guard\n|-activate|p1b: Hitmontop|move: Wide Guard\n|\n|-weather|SunnyDay|[upkeep]\n|upkeep\n|turn|5\n|inactive|g0dGun has 30 seconds left.\n|\n|t:|1773110184\n|move|p2b: Lunala|Wide Guard|p2b: Lunala\n|-singleturn|p2b: Lunala|Wide Guard\n|move|p1a: Calyrex|Astral Barrage|p2a: Koraidon|[spread] \n|-activate|p2a: Koraidon|move: Wide Guard\n|-activate|p2b: Lunala|move: Wide Guard\n|move|p2a: Koraidon|Flare Blitz|p1a: Calyrex\n|-enditem|p1a: Calyrex|Focus Sash\n|-damage|p1a: Calyrex|1/100\n|-status|p1a: Calyrex|brn\n|-damage|p2a: Koraidon|0 fnt|[from] Recoil\n|faint|p2a: Koraidon\n|move|p1b: Hitmontop|Brick Break|p2b: Lunala\n|-immune|p2b: Lunala\n|\n|-weather|SunnyDay|[upkeep]\n|-damage|p1a: Calyrex|0 fnt|[from] brn\n|faint|p1a: Calyrex\n|-sideend|p1: g0dGun|move: Tailwind\n|upkeep\n|turn|6\n|-message|g0dGun forfeited.\n|\n|win|Kwiper\n|raw|g0dGun's rating: 1487 &rarr; <strong>1470</strong><br />(-17 for losing)\n|raw|Kwiper's rating: 1536 &rarr; <strong>1553</strong><br />(+17 for winning)\n|l|\u2606g0dGun\n|player|p1|\n|l|\u2606Kwiper\n|player|p2|\n","uploadtime":1773110209,"views":16,"formatid":"gen9vgc2026regi","rating":1470,"private":0,"password":null}