{"id":"gen9vgc2026regi-2532900417","format":"[Gen 9] VGC 2026 Reg I","players":["j0l0k0","goomba number one"],"log":"|j|\u2606j0l0k0\n|j|\u2606goomba number one\n|t:|1770234845\n|gametype|doubles\n|player|p1|j0l0k0|brycen|1512\n|player|p2|goomba number one|265|1531\n|gen|9\n|tier|[Gen 9] VGC 2026 Reg I\n|rated|\n|rule|Species Clause: Limit one of each Pok\u00e9mon\n|rule|Item Clause: Limit 1 of each item\n|clearpoke\n|poke|p1|Calyrex-Ice, L50|\n|poke|p1|Kyogre, L50|\n|poke|p1|Indeedee-F, L50, F|\n|poke|p1|Urshifu-*, L50, F|\n|poke|p1|Amoonguss, L50, F|\n|poke|p1|Landorus, L50, M|\n|poke|p2|Miraidon, L50|\n|poke|p2|Lunala, L50|\n|poke|p2|Sylveon, L50, F|\n|poke|p2|Incineroar, L50, F|\n|poke|p2|Whimsicott, L50, F|\n|poke|p2|Urshifu-*, L50, F|\n|teampreview|4\n|inactive|Battle timer is ON: inactive players will automatically lose when time's up. (requested by j0l0k0)\n|\n|t:|1770234858\n|teamsize|p1|4\n|teamsize|p2|4\n|start\n|switch|p1a: Kyogre|Kyogre, L50, shiny|100/100\n|switch|p1b: Landorus|Landorus, L50, M, shiny|100/100\n|switch|p2a: Urshifu|Urshifu-Rapid-Strike, L50, F|100/100\n|switch|p2b: Whimsicott|Whimsicott, L50, F, shiny|100/100\n|-weather|RainDance|[from] ability: Drizzle|[of] p1a: Kyogre\n|turn|1\n|\n|t:|1770234869\n|-terastallize|p1b: Landorus|Steel\n|move|p2b: Whimsicott|Tailwind|p2b: Whimsicott\n|-sidestart|p2: goomba number one|move: Tailwind\n|move|p2a: Urshifu|U-turn|p1a: Kyogre\n|-damage|p1a: Kyogre|62/100\n|\n|t:|1770234872\n|switch|p2a: Lunala|Lunala, L50|100/100|[from] U-turn\n|move|p1b: Landorus|Sandsear Storm|p2b: Whimsicott|[spread] p2a,p2b\n|-resisted|p2b: Whimsicott\n|-damage|p2a: Lunala|76/100\n|-damage|p2b: Whimsicott|42/100\n|move|p1a: Kyogre|Thunder|p2a: Lunala\n|-damage|p2a: Lunala|42/100\n|\n|-weather|RainDance|[upkeep]\n|upkeep\n|turn|2\n|\n|t:|1770234895\n|move|p2b: Whimsicott|Endeavor|p1b: Landorus\n|-damage|p1b: Landorus|26/100\n|move|p2a: Lunala|Moongeist Beam|p1b: Landorus\n|-damage|p1b: Landorus|0 fnt\n|faint|p1b: Landorus\n|move|p1a: Kyogre|Hydro Pump|p2a: Lunala\n|-damage|p2a: Lunala|0 fnt\n|faint|p2a: Lunala\n|\n|-weather|RainDance|[upkeep]\n|upkeep\n|\n|t:|1770234907\n|switch|p2a: Urshifu|Urshifu-Rapid-Strike, L50, F|100/100\n|switch|p1b: Calyrex|Calyrex-Ice, L50|100/100\n|-ability|p1b: Calyrex|As One\n|-ability|p1b: Calyrex|Unnerve\n|turn|3\n|\n|t:|1770234922\n|move|p2b: Whimsicott|Endeavor|p1b: Calyrex\n|-damage|p1b: Calyrex|25/100\n|move|p2a: Urshifu|Surging Strikes|p1a: Kyogre\n|-resisted|p1a: Kyogre\n|-crit|p1a: Kyogre\n|-damage|p1a: Kyogre|39/100\n|-resisted|p1a: Kyogre\n|-crit|p1a: Kyogre\n|-damage|p1a: Kyogre|17/100\n|-resisted|p1a: Kyogre\n|-crit|p1a: Kyogre\n|-damage|p1a: Kyogre|0 fnt\n|faint|p1a: Kyogre\n|-hitcount|p1: Kyogre|3\n|move|p1b: Calyrex|Trick Room|p1b: Calyrex\n|-fieldstart|move: Trick Room|[of] p1b: Calyrex\n|\n|-weather|RainDance|[upkeep]\n|upkeep\n|\n|t:|1770234935\n|switch|p1a: Urshifu|Urshifu, L50, F|100/100\n|turn|4\n|\n|t:|1770234940\n|move|p2b: Whimsicott|Encore|p1b: Calyrex\n|-start|p1b: Calyrex|Encore\n|move|p1b: Calyrex|Trick Room|p1b: Calyrex\n|-fieldend|move: Trick Room\n|move|p2a: Urshifu|Surging Strikes|p1a: Urshifu\n|-crit|p1a: Urshifu\n|-damage|p1a: Urshifu|52/100\n|-crit|p1a: Urshifu\n|-damage|p1a: Urshifu|1/100\n|-crit|p1a: Urshifu\n|-damage|p1a: Urshifu|0 fnt\n|faint|p1a: Urshifu\n|-hitcount|p1: Urshifu|3\n|\n|-weather|RainDance|[upkeep]\n|-sideend|p2: goomba number one|move: Tailwind\n|upkeep\n|turn|5\n|c|\u2606j0l0k0|ggwp\n|c|\u2606goomba number one|gg\n|\n|t:|1770234962\n|move|p2b: Whimsicott|Endeavor|p2a: Urshifu\n|-damage|p2a: Urshifu|29/100\n|move|p2a: Urshifu|Surging Strikes|p1b: Calyrex\n|-crit|p1b: Calyrex\n|-damage|p1b: Calyrex|0 fnt\n|faint|p1b: Calyrex\n|-hitcount|p1: Calyrex|1\n|\n|win|goomba number one\n|raw|j0l0k0's rating: 1512 &rarr; <strong>1493</strong><br />(-19 for losing)\n|raw|goomba number one's rating: 1531 &rarr; <strong>1550</strong><br />(+19 for winning)\n|l|\u2606j0l0k0\n|player|p1|\n|l|\u2606goomba number one\n|player|p2|\n","uploadtime":1770234969,"views":19,"formatid":"gen9vgc2026regi","rating":1493,"private":0,"password":null}