{"id":"gen9vgc2026regi-2538464079","format":"[Gen 9] VGC 2026 Reg I","players":["Luca8","yamato-tak"],"log":"|j|\u2606Luca8\n|j|\u2606yamato-tak\n|t:|1770930087\n|gametype|doubles\n|player|p1|Luca8|flint|1421\n|player|p2|yamato-tak|265|1358\n|gen|9\n|tier|[Gen 9] VGC 2026 Reg I\n|rated|\n|rule|Species Clause: Limit one of each Pok\u00e9mon\n|rule|Item Clause: Limit 1 of each item\n|clearpoke\n|poke|p1|Miraidon, L50|\n|poke|p1|Calyrex-Shadow, L50|\n|poke|p1|Whimsicott, L50, F|\n|poke|p1|Farigiraf, L50, F|\n|poke|p1|Incineroar, L50, M|\n|poke|p1|Urshifu-*, L50, M|\n|poke|p2|Miraidon, L50|\n|poke|p2|Calyrex-Ice, L50|\n|poke|p2|Volcarona, L50, M|\n|poke|p2|Araquanid, L50, M|\n|poke|p2|Grimmsnarl, L50, M|\n|poke|p2|Rillaboom, L50, M|\n|teampreview|4\n|inactive|Battle timer is ON: inactive players will automatically lose when time's up. (requested by yamato-tak)\n|inactive|yamato-tak has 60 seconds left.\n|\n|t:|1770930138\n|teamsize|p1|4\n|teamsize|p2|4\n|start\n|switch|p1a: Calyrex|Calyrex-Shadow, L50|100/100\n|switch|p1b: Farigiraf|Farigiraf, L50, F|100/100\n|switch|p2a: Grimmsnarl|Grimmsnarl, L50, M, shiny|100/100\n|switch|p2b: Calyrex|Calyrex-Ice, L50|100/100\n|-ability|p1a: Calyrex|As One\n|-ability|p1a: Calyrex|Unnerve\n|-ability|p2b: Calyrex|As One\n|-ability|p2b: Calyrex|Unnerve\n|turn|1\n|inactive|Luca8 has 30 seconds left.\n|inactive|Luca8 has 20 seconds left.\n|\n|t:|1770930175\n|-terastallize|p1b: Farigiraf|Fire\n|-terastallize|p2b: Calyrex|Fairy\n|move|p2a: Grimmsnarl|Light Screen|p2a: Grimmsnarl\n|-sidestart|p2: yamato-tak|move: Light Screen\n|move|p1a: Calyrex|Pollen Puff|p2b: Calyrex\n|-resisted|p2b: Calyrex\n|-damage|p2b: Calyrex|90/100\n|move|p1b: Farigiraf|Imprison|p1b: Farigiraf\n|-start|p1b: Farigiraf|move: Imprison\n|move|p2b: Calyrex|Glacial Lance|p1b: Farigiraf|[spread] p1a,p1b\n|-crit|p1a: Calyrex\n|-resisted|p1b: Farigiraf\n|-damage|p1a: Calyrex|8/100\n|-damage|p1b: Farigiraf|69/100\n|\n|upkeep\n|turn|2\n|inactive|yamato-tak has 30 seconds left.\n|\n|t:|1770930201\n|switch|p1a: Incineroar|Incineroar, L50, M|100/100\n|-ability|p1a: Incineroar|Intimidate|boost\n|-unboost|p2a: Grimmsnarl|atk|1\n|-fail|p2b: Calyrex|unboost|[from] item: Clear Amulet|[of] p2b: Calyrex\n|move|p2a: Grimmsnarl|Reflect|p2a: Grimmsnarl\n|-sidestart|p2: yamato-tak|Reflect\n|move|p1b: Farigiraf|Hyper Voice|p2b: Calyrex|[spread] p2a,p2b\n|-damage|p2a: Grimmsnarl|80/100\n|-damage|p2b: Calyrex|77/100\n|-enditem|p1b: Farigiraf|Throat Spray\n|-boost|p1b: Farigiraf|spa|1|[from] item: Throat Spray\n|move|p2b: Calyrex|Glacial Lance|p1a: Incineroar|[spread] p1a,p1b\n|-resisted|p1a: Incineroar\n|-resisted|p1b: Farigiraf\n|-damage|p1a: Incineroar|79/100\n|-damage|p1b: Farigiraf|38/100\n|\n|upkeep\n|turn|3\n|inactive|yamato-tak has 30 seconds left.\n|\n|t:|1770930226\n|switch|p2a: Araquanid|Araquanid, L50, M, shiny|100/100\n|move|p1b: Farigiraf|Hyper Voice|p2a: Araquanid|[spread] p2a,p2b\n|-crit|p2b: Calyrex\n|-damage|p2a: Araquanid|75/100\n|-damage|p2b: Calyrex|35/100\n|move|p1a: Incineroar|Knock Off|p2b: Calyrex\n|-resisted|p2b: Calyrex\n|-crit|p2b: Calyrex\n|-damage|p2b: Calyrex|15/100\n|-enditem|p2b: Calyrex|Clear Amulet|[from] move: Knock Off|[of] p1a: Incineroar\n|move|p2b: Calyrex|Leech Seed|p1b: Farigiraf\n|-start|p1b: Farigiraf|move: Leech Seed\n|\n|-damage|p1b: Farigiraf|25/100|[from] Leech Seed|[of] p2b: Calyrex\n|-heal|p2b: Calyrex|27/100|[silent]\n|upkeep\n|turn|4\n|inactive|Luca8 has 30 seconds left.\n|\n|t:|1770930255\n|move|p1b: Farigiraf|Hyper Voice|p2b: Calyrex|[spread] p2a,p2b\n|-damage|p2a: Araquanid|48/100\n|-damage|p2b: Calyrex|8/100\n|move|p1a: Incineroar|U-turn|p2a: Araquanid\n|-damage|p2a: Araquanid|34/100\n|-damage|p1a: Incineroar|63/100|[from] item: Rocky Helmet|[of] p2a: Araquanid\n|\n|t:|1770930264\n|switch|p1a: Miraidon|Miraidon, L50|100/100|[from] U-turn\n|-fieldstart|move: Electric Terrain|[from] ability: Hadron Engine|[of] p1a: Miraidon\n|move|p2b: Calyrex|Glacial Lance|p1b: Farigiraf|[spread] p1a,p1b\n|-supereffective|p1a: Miraidon\n|-resisted|p1b: Farigiraf\n|-damage|p1a: Miraidon|13/100\n|-damage|p1b: Farigiraf|0 fnt\n|faint|p1b: Farigiraf\n|-ability|p2b: Calyrex|Chilling Neigh|boost\n|-boost|p2b: Calyrex|atk|1\n|move|p2a: Araquanid|Liquidation|p1a: Miraidon\n|-resisted|p1a: Miraidon\n|-damage|p1a: Miraidon|0 fnt\n|faint|p1a: Miraidon\n|\n|upkeep\n|\n|t:|1770930281\n|switch|p1a: Calyrex|Calyrex-Shadow, L50|8/100\n|switch|p1b: Incineroar|Incineroar, L50, M|63/100\n|-ability|p1a: Calyrex|As One\n|-ability|p1a: Calyrex|Unnerve\n|-ability|p1b: Incineroar|Intimidate|boost\n|-unboost|p2a: Araquanid|atk|1\n|-unboost|p2b: Calyrex|atk|1\n|turn|5\n|\n|t:|1770930304\n|switch|p2b: Grimmsnarl|Grimmsnarl, L50, M, shiny|80/100\n|move|p2a: Araquanid|Protect|p2a: Araquanid\n|-singleturn|p2a: Araquanid|Protect\n|move|p1a: Calyrex|Expanding Force|p2a: Araquanid\n|-activate|p2a: Araquanid|move: Protect\n|move|p1b: Incineroar|Flare Blitz|p2b: Grimmsnarl\n|-damage|p2b: Grimmsnarl|48/100\n|-damage|p1b: Incineroar|52/100|[from] Recoil\n|\n|upkeep\n|turn|6\n|-message|Luca8 forfeited.\n|\n|win|yamato-tak\n|raw|Luca8's rating: 1421 &rarr; <strong>1397</strong><br />(-24 for losing)\n|raw|yamato-tak's rating: 1358 &rarr; <strong>1382</strong><br />(+24 for winning)\n|l|\u2606Luca8\n|player|p1|\n|l|\u2606yamato-tak\n|player|p2|\n","uploadtime":1770930565,"views":23,"formatid":"gen9vgc2026regi","rating":1382,"private":0,"password":null}