{"id":"gen9vgc2026regi-2525233304","format":"[Gen 9] VGC 2026 Reg I","players":["VJ2511","Kaizer_Ifrit"],"log":"|j|\u2606VJ2511\n|j|\u2606Kaizer_Ifrit\n|t:|1769254269\n|gametype|doubles\n|player|p1|VJ2511|red-masters3|1340\n|player|p2|Kaizer_Ifrit|caitlin|1393\n|gen|9\n|tier|[Gen 9] VGC 2026 Reg I\n|rated|\n|rule|Species Clause: Limit one of each Pok\u00e9mon\n|rule|Item Clause: Limit 1 of each item\n|clearpoke\n|poke|p1|Calyrex-Shadow, L50|\n|poke|p1|Terapagos, L50, M|\n|poke|p1|Iron Hands, L50|\n|poke|p1|Chi-Yu, L50|\n|poke|p1|Smeargle, L50, M|\n|poke|p1|Whimsicott, L50, M|\n|poke|p2|Calyrex-Ice, L50|\n|poke|p2|Miraidon, L50|\n|poke|p2|Farigiraf, L50, F|\n|poke|p2|Iron Hands, L50|\n|poke|p2|Ogerpon-Hearthflame, L50, F|\n|poke|p2|Urshifu-*, L50, M|\n|teampreview|4\n|inactive|Battle timer is ON: inactive players will automatically lose when time's up. (requested by Kaizer_Ifrit)\n|inactive|Kaizer_Ifrit has 60 seconds left.\n|inactive|VJ2511 has 60 seconds left.\n|\n|t:|1769254308\n|teamsize|p1|4\n|teamsize|p2|4\n|start\n|switch|p1a: Terapagos|Terapagos, L50, M|100/100\n|switch|p1b: Iron Hands|Iron Hands, L50|100/100\n|switch|p2a: 6523RP|Miraidon, L50|100/100\n|switch|p2b: Great Neck|Farigiraf, L50, F|100/100\n|-activate|p1a: Terapagos|ability: Tera Shift\n|detailschange|p1a: Terapagos|Terapagos-Terastal, L50, M\n|-heal|p1a: Terapagos|100/100|[silent]\n|-fieldstart|move: Electric Terrain|[from] ability: Hadron Engine|[of] p2a: 6523RP\n|-enditem|p2b: Great Neck|Electric Seed\n|-boost|p2b: Great Neck|def|1|[from] item: Electric Seed\n|-activate|p1b: Iron Hands|ability: Quark Drive\n|-start|p1b: Iron Hands|quarkdriveatk\n|turn|1\n|\n|t:|1769254321\n|move|p2a: 6523RP|Draco Meteor|p1b: Iron Hands\n|-damage|p1b: Iron Hands|8/100\n|-unboost|p2a: 6523RP|spa|2\n|move|p1a: Terapagos|Tera Starstorm|p2a: 6523RP\n|-crit|p2a: 6523RP\n|-damage|p2a: 6523RP|0 fnt\n|faint|p2a: 6523RP\n|move|p2b: Great Neck|Psychic|p1a: Terapagos\n|-activate|p1a: Terapagos|ability: Tera Shell\n|-resisted|p1a: Terapagos\n|-damage|p1a: Terapagos|82/100\n|move|p1b: Iron Hands|Low Kick|p2b: Great Neck\n|-damage|p2b: Great Neck|46/100\n|\n|upkeep\n|\n|t:|1769254327\n|switch|p2a: 1+2|Iron Hands, L50|100/100\n|-activate|p2a: 1+2|ability: Quark Drive\n|-start|p2a: 1+2|quarkdriveatk\n|turn|2\n|j| riyuezi\n|l| riyuezi\n|\n|t:|1769254344\n|move|p2a: 1+2|Fake Out|p1a: Terapagos\n|-damage|p1a: Terapagos|63/100\n|cant|p1a: Terapagos|flinch\n|move|p1b: Iron Hands|Low Kick|p2a: 1+2\n|-damage|p2a: 1+2|32/100\n|move|p2b: Great Neck|Trick Room|p2b: Great Neck\n|-fieldstart|move: Trick Room|[of] p2b: Great Neck\n|\n|upkeep\n|turn|3\n|\n|t:|1769254359\n|move|p2a: 1+2|Drain Punch|p1b: Iron Hands\n|-damage|p1b: Iron Hands|0 fnt\n|-heal|p2a: 1+2|36/100|[from] drain|[of] p1b: Iron Hands\n|faint|p1b: Iron Hands\n|-end|p1b: Iron Hands|Quark Drive|[silent]\n|move|p2b: Great Neck|Psychic|p1a: Terapagos\n|-damage|p1a: Terapagos|21/100\n|move|p1a: Terapagos|Tera Starstorm|p2a: 1+2\n|-damage|p2a: 1+2|0 fnt\n|faint|p2a: 1+2\n|-end|p2a: 1+2|Quark Drive|[silent]\n|\n|upkeep\n|\n|t:|1769254365\n|switch|p2a: King ina mo|Calyrex-Ice, L50|100/100\n|switch|p1b: Calyrex|Calyrex-Shadow, L50|100/100\n|-ability|p2a: King ina mo|As One\n|-ability|p2a: King ina mo|Unnerve\n|-ability|p1b: Calyrex|As One\n|-ability|p1b: Calyrex|Unnerve\n|turn|4\n|\n|t:|1769254377\n|-terastallize|p2a: King ina mo|Fire\n|-terastallize|p1b: Calyrex|Dark\n|move|p2a: King ina mo|Glacial Lance|p1a: Terapagos|[spread] p1a,p1b\n|-crit|p1a: Terapagos\n|-damage|p1a: Terapagos|0 fnt\n|-damage|p1b: Calyrex|31/100\n|faint|p1a: Terapagos\n|-ability|p2a: King ina mo|Chilling Neigh|boost\n|-boost|p2a: King ina mo|atk|1\n|move|p2b: Great Neck|Foul Play|p1b: Calyrex\n|-resisted|p1b: Calyrex\n|-damage|p1b: Calyrex|22/100\n|move|p1b: Calyrex|Astral Barrage|p2b: Great Neck|[spread] p2a\n|-immune|p2b: Great Neck\n|-damage|p2a: King ina mo|51/100\n|-damage|p1b: Calyrex|13/100|[from] item: Life Orb\n|\n|upkeep\n|\n|t:|1769254380\n|switch|p1a: Chi-Yu|Chi-Yu, L50|100/100\n|-ability|p1a: Chi-Yu|Beads of Ruin\n|turn|5\n|\n|t:|1769254396\n|move|p2b: Great Neck|Helping Hand|p2a: King ina mo\n|-singleturn|p2a: King ina mo|Helping Hand|[of] p2b: Great Neck\n|move|p1b: Calyrex|Protect|p1b: Calyrex\n|-singleturn|p1b: Calyrex|Protect\n|move|p2a: King ina mo|Glacial Lance|p1a: Chi-Yu|[spread] p1a\n|-activate|p1b: Calyrex|move: Protect\n|-resisted|p1a: Chi-Yu\n|-damage|p1a: Chi-Yu|0 fnt\n|faint|p1a: Chi-Yu\n|-ability|p2a: King ina mo|Chilling Neigh|boost\n|-boost|p2a: King ina mo|atk|1\n|\n|-fieldend|move: Electric Terrain\n|upkeep\n|turn|6\n|\n|t:|1769254406\n|move|p1b: Calyrex|Protect||[still]\n|-fail|p1b: Calyrex\n|move|p2a: King ina mo|Glacial Lance|p1b: Calyrex\n|-damage|p1b: Calyrex|0 fnt\n|faint|p1b: Calyrex\n|\n|win|Kaizer_Ifrit\n|raw|VJ2511's rating: 1340 &rarr; <strong>1323</strong><br />(-17 for losing)\n|raw|Kaizer_Ifrit's rating: 1393 &rarr; <strong>1410</strong><br />(+17 for winning)\n|l|\u2606VJ2511\n|player|p1|\n|l|\u2606Kaizer_Ifrit\n|player|p2|\n","uploadtime":1769254617,"views":13,"formatid":"gen9vgc2026regi","rating":1323,"private":0,"password":null}