{"id":"gen9vgc2026regi-2560150574","format":"[Gen 9] VGC 2026 Reg I","players":["huanyu0.0","palHunter"],"log":"|j|\u2606huanyu0.0\n|j|\u2606palHunter\n|t:|1773659364\n|gametype|doubles\n|player|p1|huanyu0.0|1|1456\n|player|p2|palHunter|dawn|1408\n|gen|9\n|tier|[Gen 9] VGC 2026 Reg I\n|rated|\n|rule|Species Clause: Limit one of each Pok\u00e9mon\n|rule|Item Clause: Limit 1 of each item\n|clearpoke\n|poke|p1|Koraidon, L50|\n|poke|p1|Flutter Mane, L50|\n|poke|p1|Incineroar, L50, F|\n|poke|p1|Lunala, L50|\n|poke|p1|Ursaluna, L50, M|\n|poke|p1|Brute Bonnet, L50|\n|poke|p2|Miraidon, L50|\n|poke|p2|Farigiraf, L50, F|\n|poke|p2|Calyrex-Ice, L50|\n|poke|p2|Urshifu-*, L50, M|\n|poke|p2|Incineroar, L50, F|\n|poke|p2|Landorus, L50, M|\n|teampreview|4\n|inactive|Battle timer is ON: inactive players will automatically lose when time's up. (requested by huanyu0.0)\n|l|\u2606palHunter\n|inactive|palHunter disconnected and has a minute to reconnect!\n|player|p2|\n|inactive|huanyu0.0 has 60 seconds left.\n|inactive|palHunter has 30 seconds to reconnect!\n|j|\u2606palHunter\n|inactive|palHunter reconnected and has 35 seconds left.\n|player|p2|palHunter|dawn|\n|inactive|palHunter has 30 seconds left.\n|inactive|palHunter has 20 seconds left.\n|inactive|palHunter has 15 seconds left.\n|inactive|palHunter has 10 seconds left.\n|inactive|palHunter has 5 seconds left.\n|\n|t:|1773659455\n|teamsize|p1|4\n|teamsize|p2|4\n|start\n|switch|p1a: Incineroar|Incineroar, L50, F|100/100\n|switch|p1b: Lunala|Lunala, L50|100/100\n|switch|p2a: Miraidon|Miraidon, L50, shiny|100/100\n|switch|p2b: Farigiraf|Farigiraf, L50, F, shiny|100/100\n|-fieldstart|move: Electric Terrain|[from] ability: Hadron Engine|[of] p2a: Miraidon\n|-enditem|p2b: Farigiraf|Electric Seed\n|-boost|p2b: Farigiraf|def|1|[from] item: Electric Seed\n|-ability|p1a: Incineroar|Intimidate|boost\n|-unboost|p2a: Miraidon|atk|1\n|-unboost|p2b: Farigiraf|atk|1\n|turn|1\n|inactive|huanyu0.0 has 30 seconds left.\n|inactive|palHunter has 30 seconds left.\n|inactive|huanyu0.0 has 20 seconds left.\n|inactive|palHunter has 20 seconds left.\n|inactive|huanyu0.0 has 15 seconds left.\n|inactive|palHunter has 15 seconds left.\n|inactive|huanyu0.0 has 10 seconds left.\n|inactive|palHunter has 10 seconds left.\n|\n|t:|1773659504\n|-terastallize|p2a: Miraidon|Electric\n|-terastallize|p1b: Lunala|Fairy\n|move|p2b: Farigiraf|Helping Hand|p2a: Miraidon\n|-singleturn|p2a: Miraidon|Helping Hand|[of] p2b: Farigiraf\n|move|p2a: Miraidon|Electro Drift|p1a: Incineroar\n|-damage|p1a: Incineroar|0 fnt\n|-damage|p2a: Miraidon|84/100|[from] item: Rocky Helmet|[of] p1a: Incineroar\n|faint|p1a: Incineroar\n|move|p1b: Lunala|Trick Room|p1b: Lunala\n|-fieldstart|move: Trick Room|[of] p1b: Lunala\n|\n|upkeep\n|\n|t:|1773659518\n|switch|p1a: Ursaluna|Ursaluna, L50, M|100/100\n|turn|2\n|j| 5uperEevee\n|\n|t:|1773659536\n|switch|p2a: Landorus|Landorus, L50, M, shiny|100/100\n|move|p1a: Ursaluna|Headlong Rush|p2b: Farigiraf\n|-damage|p2b: Farigiraf|65/100\n|-unboost|p1a: Ursaluna|def|1\n|-unboost|p1a: Ursaluna|spd|1\n|move|p1b: Lunala|Moonblast|p2b: Farigiraf\n|-damage|p2b: Farigiraf|15/100\n|move|p2b: Farigiraf|Trick Room|p2b: Farigiraf\n|-fieldend|move: Trick Room\n|\n|-status|p1a: Ursaluna|brn|[from] item: Flame Orb\n|upkeep\n|turn|3\n|\n|t:|1773659558\n|move|p1a: Ursaluna|Protect|p1a: Ursaluna\n|-singleturn|p1a: Ursaluna|Protect\n|move|p2a: Landorus|Earth Power|p1a: Ursaluna\n|-activate|p1a: Ursaluna|move: Protect\n|move|p2b: Farigiraf|Roar|p1b: Lunala\n|drag|p1b: Koraidon|Koraidon, L50|100/100\n|-weather|SunnyDay|[from] ability: Orichalcum Pulse|[of] p1b: Koraidon\n|-activate|p1b: Koraidon|Orichalcum Pulse|[source]\n|\n|-weather|SunnyDay|[upkeep]\n|-damage|p1a: Ursaluna|95/100 brn|[from] brn\n|upkeep\n|turn|4\n|inactive|huanyu0.0 has 30 seconds left.\n|\n|t:|1773659585\n|switch|p1a: Lunala|Lunala, L50, tera:Fairy|100/100\n|move|p2a: Landorus|Protect|p2a: Landorus\n|-singleturn|p2a: Landorus|Protect\n|move|p1b: Koraidon|Flame Charge|p2b: Farigiraf\n|-damage|p2b: Farigiraf|0 fnt\n|-boost|p1b: Koraidon|spe|1\n|faint|p2b: Farigiraf\n|\n|-weather|SunnyDay|[upkeep]\n|upkeep\n|\n|t:|1773659597\n|switch|p2b: Miraidon|Miraidon, L50, shiny, tera:Electric|84/100\n|-activate|p2b: Miraidon|ability: Hadron Engine\n|turn|5\n|\n|t:|1773659616\n|move|p1b: Koraidon|Flare Blitz|p2b: Miraidon\n|-damage|p2b: Miraidon|2/100\n|-damage|p1b: Koraidon|75/100|[from] Recoil\n|move|p2b: Miraidon|Draco Meteor|p1b: Koraidon\n|-supereffective|p1b: Koraidon\n|-damage|p1b: Koraidon|0 fnt\n|-unboost|p2b: Miraidon|spa|2\n|faint|p1b: Koraidon\n|move|p2a: Landorus|Sandsear Storm|p1a: Lunala\n|-damage|p1a: Lunala|74/100\n|move|p1a: Lunala|Trick Room|p1a: Lunala\n|-fieldstart|move: Trick Room|[of] p1a: Lunala\n|\n|-weather|SunnyDay|[upkeep]\n|-fieldend|move: Electric Terrain\n|upkeep\n|\n|t:|1773659631\n|switch|p1b: Ursaluna|Ursaluna, L50, M|95/100 brn\n|turn|6\n|\n|t:|1773659637\n|move|p2a: Landorus|Protect|p2a: Landorus\n|-singleturn|p2a: Landorus|Protect\n|move|p1b: Ursaluna|Facade|p2a: Landorus\n|-activate|p2a: Landorus|move: Protect\n|move|p1a: Lunala|Moongeist Beam|p2b: Miraidon\n|-damage|p2b: Miraidon|0 fnt\n|faint|p2b: Miraidon\n|\n|-weather|SunnyDay|[upkeep]\n|-damage|p1b: Ursaluna|89/100 brn|[from] brn\n|upkeep\n|\n|t:|1773659651\n|switch|p2b: Calyrex|Calyrex-Ice, L50|100/100\n|-ability|p2b: Calyrex|As One\n|-ability|p2b: Calyrex|Unnerve\n|turn|7\n|\n|t:|1773659660\n|move|p1a: Lunala|Wide Guard|p1a: Lunala\n|-singleturn|p1a: Lunala|Wide Guard\n|move|p2b: Calyrex|High Horsepower|p1a: Lunala\n|-damage|p1a: Lunala|43/100\n|move|p1b: Ursaluna|Facade|p2a: Landorus\n|-damage|p2a: Landorus|0 fnt\n|faint|p2a: Landorus\n|\n|-weather|none\n|-damage|p1b: Ursaluna|83/100 brn|[from] brn\n|upkeep\n|turn|8\n|\n|t:|1773659678\n|move|p2b: Calyrex|Glacial Lance|p1b: Ursaluna|[spread] p1a,p1b\n|-supereffective|p1b: Ursaluna\n|-damage|p1a: Lunala|0 fnt\n|-damage|p1b: Ursaluna|2/100 brn\n|faint|p1a: Lunala\n|-ability|p2b: Calyrex|Chilling Neigh|boost\n|-boost|p2b: Calyrex|atk|1\n|move|p1b: Ursaluna|Facade|p2b: Calyrex\n|-damage|p2b: Calyrex|27/100\n|\n|-damage|p1b: Ursaluna|0 fnt|[from] brn\n|faint|p1b: Ursaluna\n|\n|win|palHunter\n|raw|huanyu0.0's rating: 1456 &rarr; <strong>1433</strong><br />(-23 for losing)\n|raw|palHunter's rating: 1408 &rarr; <strong>1431</strong><br />(+23 for winning)\n|l|\u2606palHunter\n|player|p2|\n|l|\u2606huanyu0.0\n|player|p1|\n","uploadtime":1773659835,"views":16,"formatid":"gen9vgc2026regi","rating":1431,"private":0,"password":null}