{"id":"gen9vgc2026regi-2586157626","format":"[Gen 9] VGC 2026 Reg I","players":["Tweak69","dekukun12"],"log":"|j|\u2606Tweak69\n|j|\u2606dekukun12\n|t:|1776406322\n|gametype|doubles\n|player|p1|Tweak69|bruno|1459\n|player|p2|dekukun12|nate|1454\n|gen|9\n|tier|[Gen 9] VGC 2026 Reg I\n|rated|\n|rule|Species Clause: Limit one of each Pok\u00e9mon\n|rule|Item Clause: Limit 1 of each item\n|clearpoke\n|poke|p1|Amoonguss, L50, F|\n|poke|p1|Calyrex-Ice, L50|\n|poke|p1|Kyogre, L50|\n|poke|p1|Grimmsnarl, L50, M|\n|poke|p1|Flutter Mane, L50|\n|poke|p1|Rillaboom, L50, M|\n|poke|p2|Calyrex-Shadow, L50|\n|poke|p2|Zamazenta-*, L50|\n|poke|p2|Incineroar, L50, M|\n|poke|p2|Rillaboom, L50, M|\n|poke|p2|Urshifu-*, L50, F|\n|poke|p2|Iron Valiant, L50|\n|teampreview|4\n|\n|t:|1776406367\n|teamsize|p1|4\n|teamsize|p2|4\n|start\n|switch|p1a: Calyrex|Calyrex-Ice, L50|100/100\n|switch|p1b: Grimmsnarl|Grimmsnarl, L50, M|100/100\n|switch|p2a: Iron Valiant|Iron Valiant, L50|100/100\n|switch|p2b: Incineroar|Incineroar, L50, M|100/100\n|-ability|p1a: Calyrex|As One\n|-ability|p1a: Calyrex|Unnerve\n|-ability|p2b: Incineroar|Intimidate|boost\n|-unboost|p1a: Calyrex|atk|1\n|-unboost|p1b: Grimmsnarl|atk|1\n|-enditem|p2a: Iron Valiant|Booster Energy\n|-activate|p2a: Iron Valiant|ability: Quark Drive|[fromitem]\n|-start|p2a: Iron Valiant|quarkdrivespe\n|turn|1\n|\n|t:|1776406385\n|move|p1a: Calyrex|Protect|p1a: Calyrex\n|-singleturn|p1a: Calyrex|Protect\n|move|p2b: Incineroar|Fake Out|p1b: Grimmsnarl\n|-damage|p1b: Grimmsnarl|90/100\n|cant|p1b: Grimmsnarl|flinch\n|move|p2a: Iron Valiant|Taunt|p1a: Calyrex\n|-activate|p1a: Calyrex|move: Protect\n|\n|upkeep\n|turn|2\n|\n|t:|1776406401\n|move|p1b: Grimmsnarl|Reflect|p1b: Grimmsnarl\n|-sidestart|p1: Tweak69|Reflect\n|move|p2a: Iron Valiant|Encore|p1a: Calyrex\n|-start|p1a: Calyrex|Encore\n|move|p2b: Incineroar|Knock Off|p1a: Calyrex\n|-supereffective|p1a: Calyrex\n|-damage|p1a: Calyrex|75/100\n|-enditem|p1a: Calyrex|Leftovers|[from] move: Knock Off|[of] p2b: Incineroar\n|move|p1a: Calyrex|Protect||[still]\n|-fail|p1a: Calyrex\n|\n|upkeep\n|turn|3\n|\n|t:|1776406422\n|switch|p1a: Rillaboom|Rillaboom, L50, M|100/100\n|-fieldstart|move: Grassy Terrain|[from] ability: Grassy Surge|[of] p1a: Rillaboom\n|move|p2a: Iron Valiant|Encore|p1b: Grimmsnarl\n|-start|p1b: Grimmsnarl|Encore\n|move|p2b: Incineroar|U-turn|p1a: Rillaboom\n|-supereffective|p1a: Rillaboom\n|-damage|p1a: Rillaboom|78/100\n|\n|t:|1776406430\n|switch|p2b: Calyrex|Calyrex-Shadow, L50|100/100|[from] U-turn\n|-ability|p2b: Calyrex|As One\n|-ability|p2b: Calyrex|Unnerve\n|move|p1b: Grimmsnarl|Reflect||[still]\n|-fail|p1b: Grimmsnarl\n|\n|-heal|p1a: Rillaboom|84/100|[from] Grassy Terrain\n|-heal|p1b: Grimmsnarl|96/100|[from] Grassy Terrain\n|upkeep\n|turn|4\n|\n|t:|1776406472\n|move|p1a: Rillaboom|Fake Out|p2a: Iron Valiant\n|-damage|p2a: Iron Valiant|86/100\n|move|p1b: Grimmsnarl|Reflect||[still]\n|-fail|p1b: Grimmsnarl\n|cant|p2a: Iron Valiant|flinch\n|move|p2b: Calyrex|Astral Barrage|p1b: Grimmsnarl|[spread] p1a,p1b\n|-resisted|p1b: Grimmsnarl\n|-damage|p1a: Rillaboom|43/100\n|-damage|p1b: Grimmsnarl|64/100\n|-damage|p2b: Calyrex|91/100|[from] item: Life Orb\n|\n|-heal|p2a: Iron Valiant|91/100|[from] Grassy Terrain\n|-heal|p2b: Calyrex|97/100|[from] Grassy Terrain\n|-heal|p1a: Rillaboom|49/100|[from] Grassy Terrain\n|-heal|p1b: Grimmsnarl|70/100|[from] Grassy Terrain\n|upkeep\n|turn|5\n|\n|t:|1776406502\n|move|p1a: Rillaboom|Grassy Glide|p2b: Calyrex\n|-damage|p2b: Calyrex|60/100\n|move|p1b: Grimmsnarl|Reflect||[still]\n|-fail|p1b: Grimmsnarl\n|move|p2a: Iron Valiant|Spirit Break|p1a: Rillaboom\n|-damage|p1a: Rillaboom|29/100\n|-unboost|p1a: Rillaboom|spa|1\n|move|p2b: Calyrex|Astral Barrage|p1a: Rillaboom|[spread] p1a,p1b\n|-resisted|p1b: Grimmsnarl\n|-damage|p1a: Rillaboom|0 fnt\n|-damage|p1b: Grimmsnarl|39/100\n|faint|p1a: Rillaboom\n|-ability|p2b: Calyrex|Grim Neigh|boost\n|-boost|p2b: Calyrex|spa|1\n|-damage|p2b: Calyrex|50/100|[from] item: Life Orb\n|\n|-heal|p2a: Iron Valiant|97/100|[from] Grassy Terrain\n|-heal|p2b: Calyrex|56/100|[from] Grassy Terrain\n|-heal|p1b: Grimmsnarl|45/100|[from] Grassy Terrain\n|-end|p1b: Grimmsnarl|Encore\n|upkeep\n|\n|t:|1776406525\n|switch|p1a: Calyrex|Calyrex-Ice, L50|75/100\n|-ability|p1a: Calyrex|As One\n|-ability|p1a: Calyrex|Unnerve\n|turn|6\n|\n|t:|1776406545\n|-terastallize|p1a: Calyrex|Fairy\n|move|p2b: Calyrex|Protect|p2b: Calyrex\n|-singleturn|p2b: Calyrex|Protect\n|move|p1b: Grimmsnarl|Sucker Punch||[still]\n|-fail|p1b: Grimmsnarl\n|move|p2a: Iron Valiant|Taunt|p1a: Calyrex\n|-start|p1a: Calyrex|move: Taunt\n|cant|p1a: Calyrex|move: Taunt|Trick Room\n|\n|-heal|p2a: Iron Valiant|100/100|[from] Grassy Terrain\n|-heal|p2b: Calyrex|62/100|[from] Grassy Terrain\n|-heal|p1b: Grimmsnarl|51/100|[from] Grassy Terrain\n|-heal|p1a: Calyrex|81/100|[from] Grassy Terrain\n|upkeep\n|turn|7\n|\n|t:|1776406572\n|-terastallize|p2b: Calyrex|Fairy\n|move|p2a: Iron Valiant|Wide Guard|p2a: Iron Valiant\n|-singleturn|p2a: Iron Valiant|Wide Guard\n|move|p1b: Grimmsnarl|Sucker Punch|p2b: Calyrex\n|-resisted|p2b: Calyrex\n|-damage|p2b: Calyrex|51/100\n|move|p2b: Calyrex|Astral Barrage|p1b: Grimmsnarl|[spread] p1a,p1b\n|-resisted|p1b: Grimmsnarl\n|-damage|p1a: Calyrex|26/100\n|-damage|p1b: Grimmsnarl|8/100\n|-damage|p2b: Calyrex|42/100|[from] item: Life Orb\n|move|p1a: Calyrex|Glacial Lance|p2b: Calyrex|[spread] \n|-activate|p2a: Iron Valiant|move: Wide Guard\n|-activate|p2b: Calyrex|move: Wide Guard\n|\n|-heal|p2b: Calyrex|48/100|[from] Grassy Terrain\n|-heal|p1b: Grimmsnarl|14/100|[from] Grassy Terrain\n|-heal|p1a: Calyrex|32/100|[from] Grassy Terrain\n|-fieldend|move: Grassy Terrain\n|upkeep\n|turn|8\n|-message|Tweak69 forfeited.\n|\n|win|dekukun12\n|raw|Tweak69's rating: 1459 &rarr; <strong>1439</strong><br />(-20 for losing)\n|raw|dekukun12's rating: 1454 &rarr; <strong>1474</strong><br />(+20 for winning)\n|l|\u2606Tweak69\n|player|p1|\n","uploadtime":1776406594,"views":11,"formatid":"gen9vgc2026regi","rating":1439,"private":0,"password":null}