{"id":"gen9vgc2026regi-2514495481","format":"[Gen 9] VGC 2026 Reg I","players":["blackred123\u6c38\u96cf\u5854\u83f2\u4fa0","llioa"],"log":"|j|\u2606blackred123\u6c38\u96cf\u5854\u83f2\u4fa0\n|j|\u2606llioa\n|t:|1767878293\n|gametype|doubles\n|player|p1|blackred123\u6c38\u96cf\u5854\u83f2\u4fa0|iono-masters|1267\n|player|p2|llioa|dawn|1229\n|gen|9\n|tier|[Gen 9] VGC 2026 Reg I\n|rated|\n|rule|Species Clause: Limit one of each Pok\u00e9mon\n|rule|Item Clause: Limit 1 of each item\n|clearpoke\n|poke|p1|Miraidon, L50|\n|poke|p1|Calyrex-Ice, L50|\n|poke|p1|Whimsicott, L50, M|\n|poke|p1|Volcarona, L50, M|\n|poke|p1|Incineroar, L50, M|\n|poke|p1|Urshifu-*, L50, M|\n|poke|p2|Miraidon, L50|\n|poke|p2|Kyogre, L50|\n|poke|p2|Farigiraf, L50, F|\n|poke|p2|Tornadus, L50, M|\n|poke|p2|Ogerpon-Cornerstone, L50, F|\n|poke|p2|Iron Hands, L50|\n|teampreview|4\n|inactive|Battle timer is ON: inactive players will automatically lose when time's up. (requested by blackred123\u6c38\u96cf\u5854\u83f2\u4fa0)\n|\n|t:|1767878304\n|teamsize|p1|4\n|teamsize|p2|4\n|start\n|switch|p1a: Miraidon|Miraidon, L50, shiny|100/100\n|switch|p1b: Whimsicott|Whimsicott, L50, M|100/100\n|switch|p2a: Kyogre|Kyogre, L50|100/100\n|switch|p2b: Ogerpon|Ogerpon-Cornerstone, L50, F|100/100\n|-fieldstart|move: Electric Terrain|[from] ability: Hadron Engine|[of] p1a: Miraidon\n|-weather|RainDance|[from] ability: Drizzle|[of] p2a: Kyogre\n|turn|1\n|\n|t:|1767878317\n|-terastallize|p2a: Kyogre|Water\n|move|p2b: Ogerpon|Follow Me|p2b: Ogerpon\n|-singleturn|p2b: Ogerpon|move: Follow Me\n|move|p1b: Whimsicott|Tailwind|p1b: Whimsicott\n|-sidestart|p1: blackred123\u6c38\u96cf\u5854\u83f2\u4fa0|move: Tailwind\n|move|p1a: Miraidon|Snarl|p2a: Kyogre|[spread] p2a,p2b\n|-crit|p2b: Ogerpon\n|-damage|p2a: Kyogre|85/100\n|-damage|p2b: Ogerpon|61/100\n|-unboost|p2a: Kyogre|spa|1\n|-unboost|p2b: Ogerpon|spa|1\n|move|p2a: Kyogre|Water Spout|p1a: Miraidon|[spread] p1a,p1b\n|-resisted|p1a: Miraidon\n|-resisted|p1b: Whimsicott\n|-damage|p1a: Miraidon|51/100\n|-damage|p1b: Whimsicott|32/100\n|\n|-weather|RainDance|[upkeep]\n|upkeep\n|turn|2\n|inactive|blackred123\u6c38\u96cf\u5854\u83f2\u4fa0 has 30 seconds left.\n|\n|t:|1767878350\n|switch|p2a: Iron Hands|Iron Hands, L50|100/100\n|-activate|p2a: Iron Hands|ability: Quark Drive\n|-start|p2a: Iron Hands|quarkdriveatk\n|move|p2b: Ogerpon|Spiky Shield|p2b: Ogerpon\n|-singleturn|p2b: Ogerpon|move: Protect\n|move|p1b: Whimsicott|Encore|p2b: Ogerpon\n|-activate|p2b: Ogerpon|move: Protect\n|move|p1a: Miraidon|Snarl|p2b: Ogerpon|[spread] p2a\n|-activate|p2b: Ogerpon|move: Protect\n|-resisted|p2a: Iron Hands\n|-damage|p2a: Iron Hands|95/100\n|-unboost|p2a: Iron Hands|spa|1\n|\n|-weather|RainDance|[upkeep]\n|upkeep\n|turn|3\n|\n|t:|1767878369\n|switch|p1a: Urshifu|Urshifu-Rapid-Strike, L50, M|100/100\n|move|p1b: Whimsicott|Endeavor|p2a: Iron Hands\n|-damage|p2a: Iron Hands|18/100\n|move|p2b: Ogerpon|Ivy Cudgel|p1b: Whimsicott|[anim] Ivy Cudgel Rock\n|-damage|p1b: Whimsicott|0 fnt\n|faint|p1b: Whimsicott\n|move|p2a: Iron Hands|Low Kick|p1a: Urshifu\n|-damage|p1a: Urshifu|28/100\n|\n|-weather|RainDance|[upkeep]\n|upkeep\n|\n|t:|1767878382\n|switch|p1b: Miraidon|Miraidon, L50, shiny|51/100\n|-activate|p1b: Miraidon|ability: Hadron Engine\n|turn|4\n|\n|t:|1767878389\n|move|p1b: Miraidon|Electro Drift|p2b: Ogerpon\n|-resisted|p2b: Ogerpon\n|-damage|p2b: Ogerpon|3/100\n|move|p1a: Urshifu|Surging Strikes|p2a: Iron Hands\n|-crit|p2a: Iron Hands\n|-damage|p2a: Iron Hands|0 fnt\n|faint|p2a: Iron Hands\n|-end|p2a: Iron Hands|Quark Drive|[silent]\n|-hitcount|p2: Iron Hands|1\n|move|p2b: Ogerpon|Wood Hammer|p1a: Urshifu\n|-supereffective|p1a: Urshifu\n|-damage|p1a: Urshifu|0 fnt\n|faint|p1a: Urshifu\n|-damage|p2b: Ogerpon|0 fnt|[from] Recoil\n|faint|p2b: Ogerpon\n|\n|-weather|RainDance|[upkeep]\n|-sideend|p1: blackred123\u6c38\u96cf\u5854\u83f2\u4fa0|move: Tailwind\n|upkeep\n|\n|t:|1767878396\n|switch|p2b: Miraidon|Miraidon, L50, shiny|100/100\n|switch|p1a: Calyrex|Calyrex-Ice, L50|100/100\n|switch|p2a: Kyogre|Kyogre, L50, tera:Water|85/100\n|-ability|p1a: Calyrex|As One\n|-ability|p1a: Calyrex|Unnerve\n|-activate|p2b: Miraidon|ability: Hadron Engine\n|turn|5\n|\n|t:|1767878412\n|move|p2b: Miraidon|Draco Meteor|p1b: Miraidon\n|-supereffective|p1b: Miraidon\n|-damage|p1b: Miraidon|0 fnt\n|-unboost|p2b: Miraidon|spa|2\n|faint|p1b: Miraidon\n|move|p2a: Kyogre|Origin Pulse|p1a: Calyrex\n|-damage|p1a: Calyrex|0 fnt\n|faint|p1a: Calyrex\n|\n|win|llioa\n|raw|blackred123\u6c38\u96cf\u5854\u83f2\u4fa0's rating: 1267 &rarr; <strong>1239</strong><br />(-28 for losing)\n|raw|llioa's rating: 1229 &rarr; <strong>1257</strong><br />(+28 for winning)\n|l|\u2606llioa\n|player|p2|\n|l|\u2606blackred123\u6c38\u96cf\u5854\u83f2\u4fa0\n|player|p1|\n","uploadtime":1767878611,"views":15,"formatid":"gen9vgc2026regi","rating":1239,"private":0,"password":null}