{"id":"gen9vgc2026regi-2534332215","format":"[Gen 9] VGC 2026 Reg I","players":["j0l0k0","Ratiza13"],"log":"|j|\u2606j0l0k0\n|j|\u2606Ratiza13\n|t:|1770409588\n|gametype|doubles\n|player|p1|j0l0k0|brycen|1481\n|player|p2|Ratiza13|marnie-masters2|1356\n|gen|9\n|tier|[Gen 9] VGC 2026 Reg I\n|rated|\n|rule|Species Clause: Limit one of each Pok\u00e9mon\n|rule|Item Clause: Limit 1 of each item\n|clearpoke\n|poke|p1|Calyrex-Ice, L50|\n|poke|p1|Kyogre, L50|\n|poke|p1|Indeedee-F, L50, F|\n|poke|p1|Urshifu-*, L50, F|\n|poke|p1|Amoonguss, L50, F|\n|poke|p1|Landorus, L50, M|\n|poke|p2|Calyrex-Ice, L50|\n|poke|p2|Indeedee-F, L50, F|\n|poke|p2|Annihilape, L50, M|\n|poke|p2|Heatran, L50, F|\n|poke|p2|Sinistcha, L50|\n|poke|p2|Miraidon, L50|\n|teampreview|4\n|inactive|Battle timer is ON: inactive players will automatically lose when time's up. (requested by Ratiza13)\n|inactive|j0l0k0 also wants the timer to be on.\n|inactive|Ratiza13 has 60 seconds left.\n|\n|t:|1770409642\n|teamsize|p1|4\n|teamsize|p2|4\n|start\n|switch|p1a: Kyogre|Kyogre, L50, shiny|100/100\n|switch|p1b: Indeedee|Indeedee-F, L50, F, shiny|100/100\n|switch|p2a: Sinistcha|Sinistcha, L50|100/100\n|switch|p2b: Miraidon|Miraidon, L50|100/100\n|-fieldstart|move: Electric Terrain|[from] ability: Hadron Engine|[of] p2b: Miraidon\n|-fieldstart|move: Psychic Terrain|[from] ability: Psychic Surge|[of] p1b: Indeedee\n|-weather|RainDance|[from] ability: Drizzle|[of] p1a: Kyogre\n|turn|1\n|\n|t:|1770409662\n|-terastallize|p1a: Kyogre|Grass\n|move|p2b: Miraidon|Volt Switch|p1a: Kyogre\n|-resisted|p1a: Kyogre\n|-damage|p1a: Kyogre|89/100\n|\n|t:|1770409668\n|switch|p2b: Calyrex|Calyrex-Ice, L50|100/100|[from] Volt Switch\n|-ability|p2b: Calyrex|As One\n|-ability|p2b: Calyrex|Unnerve\n|move|p1a: Kyogre|Ice Beam|p2b: Calyrex\n|-resisted|p2b: Calyrex\n|-damage|p2b: Calyrex|92/100\n|move|p2a: Sinistcha|Matcha Gotcha|p1a: Kyogre|[spread] p1a,p1b\n|-resisted|p1a: Kyogre\n|-damage|p1a: Kyogre|85/100\n|-damage|p1b: Indeedee|78/100\n|move|p1b: Indeedee|Trick Room|p1b: Indeedee\n|-fieldstart|move: Trick Room|[of] p1b: Indeedee\n|\n|-weather|RainDance|[upkeep]\n|upkeep\n|turn|2\n|\n|t:|1770409691\n|switch|p1a: Calyrex|Calyrex-Ice, L50|100/100\n|-ability|p1a: Calyrex|As One\n|-ability|p1a: Calyrex|Unnerve\n|move|p2b: Calyrex|Glacial Lance|p1b: Indeedee|[spread] p1a,p1b\n|-resisted|p1a: Calyrex\n|-damage|p1a: Calyrex|83/100\n|-damage|p1b: Indeedee|11/100\n|move|p2a: Sinistcha|Matcha Gotcha|p1b: Indeedee|[spread] p1a,p1b\n|-damage|p1a: Calyrex|64/100\n|-damage|p1b: Indeedee|0 fnt\n|faint|p1b: Indeedee\n|\n|-weather|RainDance|[upkeep]\n|upkeep\n|\n|t:|1770409705\n|switch|p1b: Landorus|Landorus, L50, M, shiny|100/100\n|turn|3\n|\n|t:|1770409720\n|switch|p2a: Heatran|Heatran, L50, F, shiny|100/100\n|move|p1b: Landorus|Protect|p1b: Landorus\n|-singleturn|p1b: Landorus|Protect\n|move|p1a: Calyrex|Glacial Lance|p2a: Heatran|[spread] p2a,p2b\n|-resisted|p2a: Heatran\n|-resisted|p2b: Calyrex\n|-damage|p2a: Heatran|89/100\n|-damage|p2b: Calyrex|73/100\n|move|p2b: Calyrex|Glacial Lance|p1b: Landorus|[spread] p1a\n|-activate|p1b: Landorus|move: Protect\n|-resisted|p1a: Calyrex\n|-damage|p1a: Calyrex|48/100\n|\n|-weather|RainDance|[upkeep]\n|upkeep\n|turn|4\n|\n|t:|1770409738\n|move|p2a: Heatran|Protect|p2a: Heatran\n|-singleturn|p2a: Heatran|Protect\n|move|p1b: Landorus|Protect||[still]\n|-fail|p1b: Landorus\n|move|p1a: Calyrex|Close Combat|p2a: Heatran\n|-activate|p2a: Heatran|move: Protect\n|move|p2b: Calyrex|Glacial Lance|p1b: Landorus|[spread] p1a,p1b\n|-resisted|p1a: Calyrex\n|-supereffective|p1b: Landorus\n|-damage|p1a: Calyrex|29/100\n|-damage|p1b: Landorus|0 fnt\n|faint|p1b: Landorus\n|-ability|p2b: Calyrex|Chilling Neigh|boost\n|-boost|p2b: Calyrex|atk|1\n|\n|-weather|RainDance|[upkeep]\n|upkeep\n|\n|t:|1770409751\n|switch|p1b: Kyogre|Kyogre, L50, shiny, tera:Grass|85/100\n|turn|5\n|\n|t:|1770409761\n|switch|p2a: Sinistcha|Sinistcha, L50|100/100\n|-heal|p2b: Calyrex|98/100|[from] ability: Hospitality|[of] p2a: Sinistcha\n|move|p1a: Calyrex|Crunch|p2b: Calyrex\n|-supereffective|p2b: Calyrex\n|-damage|p2b: Calyrex|51/100\n|move|p2b: Calyrex|Crunch|p1a: Calyrex\n|-supereffective|p1a: Calyrex\n|-damage|p1a: Calyrex|0 fnt\n|faint|p1a: Calyrex\n|-ability|p2b: Calyrex|Chilling Neigh|boost\n|-boost|p2b: Calyrex|atk|1\n|move|p1b: Kyogre|Hydro Pump|p2a: Sinistcha\n|-resisted|p2a: Sinistcha\n|-damage|p2a: Sinistcha|50/100\n|\n|-weather|none\n|-fieldend|move: Trick Room\n|-fieldend|move: Psychic Terrain\n|upkeep\n|turn|6\n|c|\u2606Ratiza13|gg\n|\n|t:|1770409776\n|move|p2a: Sinistcha|Rage Powder|p2a: Sinistcha\n|-singleturn|p2a: Sinistcha|move: Rage Powder\n|move|p1b: Kyogre|Water Spout|p2a: Sinistcha|[spread] p2a,p2b\n|-resisted|p2a: Sinistcha\n|-crit|p2a: Sinistcha\n|-damage|p2a: Sinistcha|8/100\n|-damage|p2b: Calyrex|24/100\n|move|p2b: Calyrex|Glacial Lance|p1b: Kyogre\n|-supereffective|p1b: Kyogre\n|-damage|p1b: Kyogre|0 fnt\n|faint|p1b: Kyogre\n|\n|win|Ratiza13\n|raw|j0l0k0's rating: 1481 &rarr; <strong>1454</strong><br />(-27 for losing)\n|raw|Ratiza13's rating: 1356 &rarr; <strong>1383</strong><br />(+27 for winning)\n|l|\u2606j0l0k0\n|player|p1|\n|l|\u2606Ratiza13\n|player|p2|\n","uploadtime":1770409975,"views":15,"formatid":"gen9vgc2026regi","rating":1383,"private":0,"password":null}