{"id":"gen9vgc2026regi-2551254201","format":"[Gen 9] VGC 2026 Reg I","players":["buggybrain","BiscuitBob"],"log":"|j|\u2606buggybrain\n|j|\u2606BiscuitBob\n|t:|1772579224\n|gametype|doubles\n|player|p1|buggybrain|hiker-gen4|1295\n|player|p2|BiscuitBob|lucas-gen4pt|1168\n|gen|9\n|tier|[Gen 9] VGC 2026 Reg I\n|rated|\n|rule|Species Clause: Limit one of each Pok\u00e9mon\n|rule|Item Clause: Limit 1 of each item\n|clearpoke\n|poke|p1|Rillaboom, L50, M|\n|poke|p1|Incineroar, L50, F|\n|poke|p1|Calyrex-Ice, L50|\n|poke|p1|Landorus, L50, M|\n|poke|p1|Koraidon, L50|\n|poke|p1|Smeargle, L50, F|\n|poke|p2|Calyrex-Shadow, L50|\n|poke|p2|Toxapex, L50, M|\n|poke|p2|Ting-Lu, L50|\n|poke|p2|Conkeldurr, L50, F|\n|poke|p2|Miraidon, L50|\n|poke|p2|Tyranitar, L50, M|\n|teampreview|4\n|\n|t:|1772579307\n|teamsize|p1|4\n|teamsize|p2|4\n|start\n|switch|p1a: Calyrex|Calyrex-Ice, L50|100/100\n|switch|p1b: Smeargle|Smeargle, L50, F|100/100\n|switch|p2a: Toxapex|Toxapex, L50, M|100/100\n|switch|p2b: Calyrex|Calyrex-Shadow, L50|100/100\n|-ability|p2b: Calyrex|As One\n|-ability|p2b: Calyrex|Unnerve\n|-ability|p1a: Calyrex|As One\n|-ability|p1a: Calyrex|Unnerve\n|turn|1\n|inactive|Battle timer is ON: inactive players will automatically lose when time's up. (requested by BiscuitBob)\n|\n|t:|1772579328\n|switch|p2b: Conkeldurr|Conkeldurr, L50, F|100/100\n|-terastallize|p1a: Calyrex|Fairy\n|move|p1b: Smeargle|Spore|p2a: Toxapex\n|-status|p2a: Toxapex|slp|[from] move: Spore\n|move|p1a: Calyrex|Glacial Lance|p2a: Toxapex|[spread] p2a,p2b\n|-resisted|p2a: Toxapex\n|-damage|p2a: Toxapex|79/100 slp\n|-damage|p2b: Conkeldurr|59/100\n|cant|p2a: Toxapex|slp\n|\n|-ability|p1b: Smeargle|Moody|boost\n|-boost|p1b: Smeargle|spa|2\n|-unboost|p1b: Smeargle|def|1\n|-status|p2b: Conkeldurr|brn|[from] item: Flame Orb\n|upkeep\n|turn|2\n|\n|t:|1772579351\n|cant|p2a: Toxapex|slp\n|move|p1b: Smeargle|Ruination|p2a: Toxapex\n|-damage|p2a: Toxapex|40/100 slp\n|move|p1a: Calyrex|Glacial Lance|p2b: Conkeldurr|[spread] p2a,p2b\n|-resisted|p2a: Toxapex\n|-damage|p2a: Toxapex|19/100 slp\n|-damage|p2b: Conkeldurr|18/100 brn\n|move|p2b: Conkeldurr|Drain Punch|p1b: Smeargle\n|-supereffective|p1b: Smeargle\n|-enditem|p1b: Smeargle|Focus Sash\n|-damage|p1b: Smeargle|1/100\n|-heal|p2b: Conkeldurr|61/100 brn|[from] drain|[of] p1b: Smeargle\n|\n|-damage|p2b: Conkeldurr|56/100 brn|[from] brn\n|-ability|p1b: Smeargle|Moody|boost\n|-boost|p1b: Smeargle|spa|2\n|-unboost|p1b: Smeargle|def|1\n|upkeep\n|turn|3\n|inactive|buggybrain has 30 seconds left.\n|\n|t:|1772579385\n|move|p1b: Smeargle|Spiky Shield|p1b: Smeargle\n|-singleturn|p1b: Smeargle|move: Protect\n|cant|p2a: Toxapex|slp\n|move|p1a: Calyrex|Glacial Lance|p2a: Toxapex|[spread] p2a,p2b\n|-resisted|p2a: Toxapex\n|-damage|p2a: Toxapex|0 fnt\n|-damage|p2b: Conkeldurr|11/100 brn\n|faint|p2a: Toxapex\n|-ability|p1a: Calyrex|Chilling Neigh|boost\n|-boost|p1a: Calyrex|atk|1\n|move|p2b: Conkeldurr|Low Kick|p1a: Calyrex\n|-resisted|p1a: Calyrex\n|-damage|p1a: Calyrex|72/100\n|\n|-heal|p1a: Calyrex|77/100|[from] item: Leftovers\n|-damage|p2b: Conkeldurr|5/100 brn|[from] brn\n|-ability|p1b: Smeargle|Moody|boost\n|-boost|p1b: Smeargle|spd|2\n|-unboost|p1b: Smeargle|spe|1\n|upkeep\n|\n|t:|1772579399\n|switch|p2a: Calyrex|Calyrex-Shadow, L50|100/100\n|-ability|p2a: Calyrex|As One\n|-ability|p2a: Calyrex|Unnerve\n|turn|4\n|\n|t:|1772579415\n|move|p2a: Calyrex|Astral Barrage|p1a: Calyrex|[spread] p1a\n|-immune|p1b: Smeargle\n|-crit|p1a: Calyrex\n|-damage|p1a: Calyrex|10/100\n|-damage|p2a: Calyrex|90/100|[from] item: Life Orb\n|move|p1b: Smeargle|Spore|p2a: Calyrex\n|-status|p2a: Calyrex|slp|[from] move: Spore\n|move|p1a: Calyrex|Glacial Lance|p2b: Conkeldurr|[spread] p2a,p2b\n|-damage|p2a: Calyrex|7/100 slp\n|-damage|p2b: Conkeldurr|0 fnt\n|faint|p2b: Conkeldurr\n|-ability|p1a: Calyrex|Chilling Neigh|boost\n|-boost|p1a: Calyrex|atk|1\n|\n|-heal|p1a: Calyrex|15/100|[from] item: Leftovers\n|-ability|p1b: Smeargle|Moody|boost\n|-boost|p1b: Smeargle|spe|2\n|-unboost|p1b: Smeargle|atk|1\n|upkeep\n|\n|t:|1772579423\n|switch|p2b: Tyranitar|Tyranitar, L50, M|100/100\n|-weather|Sandstorm|[from] ability: Sand Stream|[of] p2b: Tyranitar\n|turn|5\n|\n|t:|1772579440\n|cant|p2a: Calyrex|slp\n|move|p1b: Smeargle|Spore|p2b: Tyranitar\n|-status|p2b: Tyranitar|slp|[from] move: Spore\n|cant|p2b: Tyranitar|slp\n|move|p1a: Calyrex|Glacial Lance|p2a: Calyrex|[spread] p2a,p2b\n|-crit|p2b: Tyranitar\n|-damage|p2a: Calyrex|0 fnt\n|-damage|p2b: Tyranitar|0 fnt\n|faint|p2a: Calyrex\n|faint|p2b: Tyranitar\n|\n|win|buggybrain\n|raw|buggybrain's rating: 1295 &rarr; <strong>1311</strong><br />(+16 for winning)\n|raw|BiscuitBob's rating: 1168 &rarr; <strong>1152</strong><br />(-16 for losing)\n|l|\u2606BiscuitBob\n|player|p2|\n|l|\u2606buggybrain\n|player|p1|\n","uploadtime":1772579600,"views":14,"formatid":"gen9vgc2026regi","rating":1152,"private":0,"password":null}