{"id":"gen9vgc2026regi-2539985679","format":"[Gen 9] VGC 2026 Reg I","players":["SEITA","GX champion"],"log":"|j|\u2606SEITA\n|j|\u2606GX champion\n|t:|1771138666\n|gametype|doubles\n|player|p1|SEITA|lucas-gen4pt|1438\n|player|p2|GX champion|red|1319\n|gen|9\n|tier|[Gen 9] VGC 2026 Reg I\n|rated|\n|rule|Species Clause: Limit one of each Pok\u00e9mon\n|rule|Item Clause: Limit 1 of each item\n|clearpoke\n|poke|p1|Zamazenta-*, L50|\n|poke|p1|Kyogre, L50|\n|poke|p1|Wo-Chien, L50|\n|poke|p1|Grimmsnarl, L50, M|\n|poke|p1|Rhyperior, L50, F|\n|poke|p1|Ditto, L50|\n|poke|p2|Brute Bonnet, L50|\n|poke|p2|Lunala, L50|\n|poke|p2|Chi-Yu, L50|\n|poke|p2|Flutter Mane, L50|\n|poke|p2|Groudon, L50|\n|poke|p2|Grimmsnarl, L50, M|\n|teampreview|4\n|\n|t:|1771138679\n|teamsize|p1|4\n|teamsize|p2|4\n|start\n|switch|p1a: Grimmsnarl|Grimmsnarl, L50, M|100/100\n|switch|p1b: Zamazenta|Zamazenta-Crowned, L50|100/100\n|switch|p2a: Chi-Yu|Chi-Yu, L50, shiny|100/100\n|switch|p2b: Flutter Mane|Flutter Mane, L50|100/100\n|-ability|p2a: Chi-Yu|Beads of Ruin\n|-ability|p1b: Zamazenta|Dauntless Shield|boost\n|-boost|p1b: Zamazenta|def|1\n|turn|1\n|inactive|Battle timer is ON: inactive players will automatically lose when time's up. (requested by GX champion)\n|\n|t:|1771138698\n|move|p1a: Grimmsnarl|Parting Shot|p2b: Flutter Mane\n|-unboost|p2b: Flutter Mane|atk|1\n|-unboost|p2b: Flutter Mane|spa|1\n|\n|t:|1771138701\n|switch|p1a: Kyogre|Kyogre, L50|100/100|[from] Parting Shot\n|-weather|RainDance|[from] ability: Drizzle|[of] p1a: Kyogre\n|move|p2a: Chi-Yu|Heat Wave|p1a: Kyogre|[spread] p1a,p1b\n|-resisted|p1a: Kyogre\n|-supereffective|p1b: Zamazenta\n|-damage|p1a: Kyogre|93/100\n|-damage|p1b: Zamazenta|66/100\n|move|p2b: Flutter Mane|Moonblast|p1a: Kyogre\n|-damage|p1a: Kyogre|66/100\n|move|p1b: Zamazenta|Body Press|p2a: Chi-Yu\n|-supereffective|p2a: Chi-Yu\n|-damage|p2a: Chi-Yu|0 fnt\n|faint|p2a: Chi-Yu\n|\n|-weather|RainDance|[upkeep]\n|-heal|p1a: Kyogre|72/100|[from] item: Leftovers\n|upkeep\n|\n|t:|1771138720\n|switch|p2a: Groudon|Groudon, L50|100/100\n|-weather|SunnyDay|[from] ability: Drought|[of] p2a: Groudon\n|-activate|p2b: Flutter Mane|ability: Protosynthesis\n|-start|p2b: Flutter Mane|protosynthesisspe\n|turn|2\n|\n|t:|1771138735\n|switch|p1a: Grimmsnarl|Grimmsnarl, L50, M|100/100\n|move|p1b: Zamazenta|Protect|p1b: Zamazenta\n|-singleturn|p1b: Zamazenta|Protect\n|move|p2b: Flutter Mane|Moonblast|p1a: Grimmsnarl\n|-supereffective|p1a: Grimmsnarl\n|-damage|p1a: Grimmsnarl|23/100\n|-unboost|p1a: Grimmsnarl|spa|1\n|move|p2a: Groudon|High Horsepower|p1a: Grimmsnarl\n|-damage|p1a: Grimmsnarl|0 fnt\n|faint|p1a: Grimmsnarl\n|\n|-weather|SunnyDay|[upkeep]\n|upkeep\n|\n|t:|1771138751\n|switch|p1a: Kyogre|Kyogre, L50|72/100\n|-weather|RainDance|[from] ability: Drizzle|[of] p1a: Kyogre\n|-end|p2b: Flutter Mane|Protosynthesis\n|turn|3\n|\n|t:|1771138762\n|move|p2b: Flutter Mane|Icy Wind|p1b: Zamazenta|[spread] p1a,p1b\n|-resisted|p1a: Kyogre\n|-resisted|p1b: Zamazenta\n|-damage|p1a: Kyogre|69/100\n|-damage|p1b: Zamazenta|63/100\n|-unboost|p1a: Kyogre|spe|1\n|-unboost|p1b: Zamazenta|spe|1\n|move|p1b: Zamazenta|Iron Defense|p1b: Zamazenta\n|-boost|p1b: Zamazenta|def|2\n|move|p2a: Groudon|High Horsepower|p1a: Kyogre\n|-damage|p1a: Kyogre|20/100\n|move|p1a: Kyogre|Origin Pulse|p2b: Flutter Mane|[spread] p2a,p2b\n|-supereffective|p2a: Groudon\n|-crit|p2a: Groudon\n|-damage|p2a: Groudon|0 fnt\n|-damage|p2b: Flutter Mane|26/100\n|faint|p2a: Groudon\n|\n|-weather|RainDance|[upkeep]\n|-heal|p1a: Kyogre|26/100|[from] item: Leftovers\n|upkeep\n|\n|t:|1771138775\n|switch|p2a: Lunala|Lunala, L50|100/100\n|turn|4\n|\n|t:|1771138785\n|-terastallize|p2b: Flutter Mane|Stellar\n|move|p1a: Kyogre|Protect|p1a: Kyogre\n|-singleturn|p1a: Kyogre|Protect\n|move|p2b: Flutter Mane|Moonblast|p1b: Zamazenta\n|-damage|p1b: Zamazenta|33/100\n|move|p2a: Lunala|Meteor Beam||[still]\n|-prepare|p2a: Lunala|Meteor Beam\n|-boost|p2a: Lunala|spa|1\n|-enditem|p2a: Lunala|Power Herb\n|-anim|p2a: Lunala|Meteor Beam|p1a: Kyogre\n|-activate|p1a: Kyogre|move: Protect\n|move|p1b: Zamazenta|Behemoth Bash|p2b: Flutter Mane\n|-supereffective|p2b: Flutter Mane\n|-damage|p2b: Flutter Mane|0 fnt\n|faint|p2b: Flutter Mane\n|-end|p2b: Flutter Mane|Protosynthesis|[silent]\n|\n|-weather|RainDance|[upkeep]\n|-heal|p1a: Kyogre|32/100|[from] item: Leftovers\n|upkeep\n|turn|5\n|\n|t:|1771138808\n|move|p2a: Lunala|Moongeist Beam|p1a: Kyogre\n|-damage|p1a: Kyogre|0 fnt\n|faint|p1a: Kyogre\n|move|p1b: Zamazenta|Behemoth Bash|p2a: Lunala\n|-damage|p2a: Lunala|84/100\n|\n|-weather|RainDance|[upkeep]\n|upkeep\n|\n|t:|1771138818\n|switch|p1a: Wo-Chien|Wo-Chien, L50|100/100\n|-ability|p1a: Wo-Chien|Tablets of Ruin\n|turn|6\n|-message|GX champion forfeited.\n|\n|win|SEITA\n|raw|SEITA's rating: 1438 &rarr; <strong>1451</strong><br />(+13 for winning)\n|raw|GX champion's rating: 1319 &rarr; <strong>1306</strong><br />(-13 for losing)\n|l|\u2606GX champion\n|player|p2|\n","uploadtime":1771139047,"views":30,"formatid":"gen9vgc2026regi","rating":1306,"private":0,"password":null}