{"id":"gen9vgc2026regi-2557434896","format":"[Gen 9] VGC 2026 Reg I","players":["Daccio","blackred123"],"log":"|j|\u2606Daccio\n|j|\u2606blackred123\n|t:|1773325615\n|gametype|doubles\n|player|p1|Daccio|steven|1439\n|player|p2|blackred123|iono-masters|1457\n|gen|9\n|tier|[Gen 9] VGC 2026 Reg I\n|rated|\n|rule|Species Clause: Limit one of each Pok\u00e9mon\n|rule|Item Clause: Limit 1 of each item\n|clearpoke\n|poke|p1|Terapagos, L50, M|\n|poke|p1|Iron Treads, L50|\n|poke|p1|Miraidon, L50|\n|poke|p1|Incineroar, L50, M|\n|poke|p1|Clefairy, L50, M|\n|poke|p1|Sinistcha-Masterpiece, L50|\n|poke|p2|Groudon, L50|\n|poke|p2|Volcarona, L50, M|\n|poke|p2|Incineroar, L50, M|\n|poke|p2|Miraidon, L50|\n|poke|p2|Flutter Mane, L50|\n|poke|p2|Chien-Pao, L50|\n|teampreview|4\n|j| kunkakunkaikakusai\n|inactive|Battle timer is ON: inactive players will automatically lose when time's up. (requested by blackred123)\n|\n|t:|1773325655\n|teamsize|p1|4\n|teamsize|p2|4\n|start\n|switch|p1a: Terapagos|Terapagos, L50, M|100/100\n|switch|p1b: Miraidon|Miraidon, L50, shiny|100/100\n|switch|p2a: \u6c38\u96cf\u5854\u83f2|Groudon, L50|100/100\n|switch|p2b: \u94f6\u91d1\u5996\u86c7|Miraidon, L50, shiny|100/100\n|-activate|p1a: Terapagos|ability: Tera Shift\n|detailschange|p1a: Terapagos|Terapagos-Terastal, L50, M\n|-heal|p1a: Terapagos|100/100|[silent]\n|-fieldstart|move: Electric Terrain|[from] ability: Hadron Engine|[of] p1b: Miraidon\n|-enditem|p1a: Terapagos|Electric Seed\n|-boost|p1a: Terapagos|def|1|[from] item: Electric Seed\n|-activate|p2b: \u94f6\u91d1\u5996\u86c7|ability: Hadron Engine\n|-weather|SunnyDay|[from] ability: Drought|[of] p2a: \u6c38\u96cf\u5854\u83f2\n|turn|1\n|\n|t:|1773325678\n|-terastallize|p2b: \u94f6\u91d1\u5996\u86c7|Fairy\n|move|p1b: Miraidon|Draco Meteor|p2b: \u94f6\u91d1\u5996\u86c7\n|-immune|p2b: \u94f6\u91d1\u5996\u86c7\n|move|p2b: \u94f6\u91d1\u5996\u86c7|Electro Drift|p1a: Terapagos\n|-activate|p1a: Terapagos|ability: Tera Shell\n|-resisted|p1a: Terapagos\n|-damage|p1a: Terapagos|59/100\n|move|p2a: \u6c38\u96cf\u5854\u83f2|Precipice Blades|p1a: Terapagos|[spread] p1a,p1b\n|-supereffective|p1b: Miraidon\n|-damage|p1a: Terapagos|35/100\n|-damage|p1b: Miraidon|3/100\n|move|p1a: Terapagos|Calm Mind|p1a: Terapagos\n|-boost|p1a: Terapagos|spa|1\n|-boost|p1a: Terapagos|spd|1\n|\n|-weather|SunnyDay|[upkeep]\n|upkeep\n|turn|2\n|\n|t:|1773325701\n|switch|p1b: Sinistcha|Sinistcha-Masterpiece, L50|100/100\n|-heal|p1a: Terapagos|60/100|[from] ability: Hospitality|[of] p1b: Sinistcha\n|-terastallize|p1a: Terapagos|Stellar\n|detailschange|p1a: Terapagos|Terapagos-Stellar, L50, M, tera:Stellar\n|-heal|p1a: Terapagos|71/100|[silent]\n|-ability|p1a: Terapagos|Teraform Zero\n|-weather|none\n|-fieldend|move: Electric Terrain\n|move|p2b: \u94f6\u91d1\u5996\u86c7|Electro Drift|p1a: Terapagos\n|-damage|p1a: Terapagos|48/100\n|move|p2a: \u6c38\u96cf\u5854\u83f2|Precipice Blades|p1b: Sinistcha|[spread] p1a,p1b\n|-resisted|p1b: Sinistcha\n|-damage|p1a: Terapagos|30/100\n|-damage|p1b: Sinistcha|78/100\n|move|p1a: Terapagos|Tera Starstorm|p2a: \u6c38\u96cf\u5854\u83f2|[spread] p2a,p2b\n|-supereffective|p2b: \u94f6\u91d1\u5996\u86c7\n|-damage|p2a: \u6c38\u96cf\u5854\u83f2|65/100\n|-damage|p2b: \u94f6\u91d1\u5996\u86c7|17/100\n|\n|upkeep\n|turn|3\n|l|\u2606blackred123\n|inactive|blackred123 disconnected and has a minute to reconnect!\n|player|p2|\n|inactive|blackred123 has 30 seconds left.\n|inactive|blackred123 has 20 seconds left.\n|inactive|blackred123 has 15 seconds left.\n|inactive|blackred123 has 10 seconds left.\n|j|\u2606blackred123\n|inactive|blackred123 reconnected and has 10 seconds left.\n|player|p2|blackred123|iono-masters|\n|inactive|blackred123 has 5 seconds left.\n|\n|t:|1773325756\n|move|p1a: Terapagos|Protect|p1a: Terapagos\n|-singleturn|p1a: Terapagos|Protect\n|move|p2b: \u94f6\u91d1\u5996\u86c7|Electro Drift|p1a: Terapagos\n|-activate|p1a: Terapagos|move: Protect\n|move|p2a: \u6c38\u96cf\u5854\u83f2|High Horsepower|p1a: Terapagos\n|-activate|p1a: Terapagos|move: Protect\n|move|p1b: Sinistcha|Trick Room|p1b: Sinistcha\n|-fieldstart|move: Trick Room|[of] p1b: Sinistcha\n|\n|upkeep\n|turn|4\n|\n|t:|1773325770\n|switch|p2b: \u516d\u7ffc\u4e01\u771f|Volcarona, L50, M|100/100\n|move|p1b: Sinistcha|Matcha Gotcha|p2b: \u516d\u7ffc\u4e01\u771f|[spread] p2a,p2b\n|-supereffective|p2a: \u6c38\u96cf\u5854\u83f2\n|-resisted|p2b: \u516d\u7ffc\u4e01\u771f\n|-damage|p2a: \u6c38\u96cf\u5854\u83f2|36/100\n|-heal|p1b: Sinistcha|95/100|[from] drain|[of] p2a: \u6c38\u96cf\u5854\u83f2\n|-damage|p2b: \u516d\u7ffc\u4e01\u771f|95/100\n|-heal|p1b: Sinistcha|98/100|[from] drain|[of] p2b: \u516d\u7ffc\u4e01\u771f\n|-status|p2a: \u6c38\u96cf\u5854\u83f2|brn\n|move|p1a: Terapagos|Tera Starstorm|p2a: \u6c38\u96cf\u5854\u83f2|[spread] p2a,p2b\n|-damage|p2a: \u6c38\u96cf\u5854\u83f2|3/100 brn\n|-damage|p2b: \u516d\u7ffc\u4e01\u771f|54/100\n|move|p2a: \u6c38\u96cf\u5854\u83f2|Heat Crash|p1b: Sinistcha\n|-supereffective|p1b: Sinistcha\n|-damage|p1b: Sinistcha|60/100\n|-damage|p2a: \u6c38\u96cf\u5854\u83f2|0 fnt|[from] item: Rocky Helmet|[of] p1b: Sinistcha\n|faint|p2a: \u6c38\u96cf\u5854\u83f2\n|\n|upkeep\n|j| QVQ\u6c34\u83b2Lana\n|\n|t:|1773325777\n|switch|p2a: \u829d\u58eb\u96ea\u8c79|Chien-Pao, L50|100/100\n|-ability|p2a: \u829d\u58eb\u96ea\u8c79|Sword of Ruin\n|turn|5\n|\n|t:|1773325800\n|switch|p1b: Clefairy|Clefairy, L50, M|100/100\n|move|p1a: Terapagos|Protect|p1a: Terapagos\n|-singleturn|p1a: Terapagos|Protect\n|move|p2a: \u829d\u58eb\u96ea\u8c79|Sucker Punch||[still]\n|-fail|p2a: \u829d\u58eb\u96ea\u8c79\n|move|p2b: \u516d\u7ffc\u4e01\u771f|Fiery Dance|p1b: Clefairy\n|-damage|p1b: Clefairy|69/100\n|\n|upkeep\n|turn|6\n|\n|t:|1773325814\n|move|p2b: \u516d\u7ffc\u4e01\u771f|Protect|p2b: \u516d\u7ffc\u4e01\u771f\n|-singleturn|p2b: \u516d\u7ffc\u4e01\u771f|Protect\n|move|p2a: \u829d\u58eb\u96ea\u8c79|Protect|p2a: \u829d\u58eb\u96ea\u8c79\n|-singleturn|p2a: \u829d\u58eb\u96ea\u8c79|Protect\n|move|p1b: Clefairy|Life Dew|p1b: Clefairy|[spread] p1a,p1b\n|-heal|p1a: Terapagos|55/100\n|-heal|p1b: Clefairy|94/100\n|move|p1a: Terapagos|Tera Starstorm|p2b: \u516d\u7ffc\u4e01\u771f|[spread] \n|-activate|p2a: \u829d\u58eb\u96ea\u8c79|move: Protect\n|-activate|p2b: \u516d\u7ffc\u4e01\u771f|move: Protect\n|\n|upkeep\n|turn|7\n|\n|t:|1773325830\n|move|p1b: Clefairy|Encore|p2b: \u516d\u7ffc\u4e01\u771f\n|-start|p2b: \u516d\u7ffc\u4e01\u771f|Encore\n|move|p1a: Terapagos|Tera Starstorm|p2b: \u516d\u7ffc\u4e01\u771f|[spread] p2a,p2b\n|-damage|p2a: \u829d\u58eb\u96ea\u8c79|22/100\n|-damage|p2b: \u516d\u7ffc\u4e01\u771f|12/100\n|move|p2b: \u516d\u7ffc\u4e01\u771f|Protect||[still]\n|-fail|p2b: \u516d\u7ffc\u4e01\u771f\n|move|p2a: \u829d\u58eb\u96ea\u8c79|Taunt|p1b: Clefairy\n|-start|p1b: Clefairy|move: Taunt\n|\n|-fieldend|move: Trick Room\n|upkeep\n|turn|8\n|\n|t:|1773325846\n|switch|p1b: Sinistcha|Sinistcha-Masterpiece, L50|60/100\n|-heal|p1a: Terapagos|80/100|[from] ability: Hospitality|[of] p1b: Sinistcha\n|move|p2b: \u516d\u7ffc\u4e01\u771f|Protect|p2b: \u516d\u7ffc\u4e01\u771f\n|-singleturn|p2b: \u516d\u7ffc\u4e01\u771f|Protect\n|move|p2a: \u829d\u58eb\u96ea\u8c79|Ice Spinner|p1a: Terapagos\n|-damage|p1a: Terapagos|60/100\n|-damage|p2a: \u829d\u58eb\u96ea\u8c79|13/100|[from] item: Life Orb\n|move|p1a: Terapagos|Tera Starstorm|p2a: \u829d\u58eb\u96ea\u8c79|[spread] p2a\n|-activate|p2b: \u516d\u7ffc\u4e01\u771f|move: Protect\n|-damage|p2a: \u829d\u58eb\u96ea\u8c79|0 fnt\n|faint|p2a: \u829d\u58eb\u96ea\u8c79\n|\n|upkeep\n|\n|t:|1773325850\n|switch|p2a: \u94f6\u91d1\u5996\u86c7|Miraidon, L50, shiny, tera:Fairy|17/100\n|-fieldstart|move: Electric Terrain|[from] ability: Hadron Engine|[of] p2a: \u94f6\u91d1\u5996\u86c7\n|-enditem|p2b: \u516d\u7ffc\u4e01\u771f|Electric Seed\n|-boost|p2b: \u516d\u7ffc\u4e01\u771f|def|1|[from] item: Electric Seed\n|turn|9\n|\n|t:|1773325864\n|move|p2b: \u516d\u7ffc\u4e01\u771f|Protect||[still]\n|-fail|p2b: \u516d\u7ffc\u4e01\u771f\n|move|p1b: Sinistcha|Rage Powder|p1b: Sinistcha\n|-singleturn|p1b: Sinistcha|move: Rage Powder\n|move|p2a: \u94f6\u91d1\u5996\u86c7|Draco Meteor|p1b: Sinistcha\n|-damage|p1b: Sinistcha|0 fnt\n|-unboost|p2a: \u94f6\u91d1\u5996\u86c7|spa|2\n|faint|p1b: Sinistcha\n|move|p1a: Terapagos|Tera Starstorm|p2b: \u516d\u7ffc\u4e01\u771f|[spread] p2a,p2b\n|-supereffective|p2a: \u94f6\u91d1\u5996\u86c7\n|-damage|p2a: \u94f6\u91d1\u5996\u86c7|0 fnt\n|-damage|p2b: \u516d\u7ffc\u4e01\u771f|0 fnt\n|faint|p2a: \u94f6\u91d1\u5996\u86c7\n|faint|p2b: \u516d\u7ffc\u4e01\u771f\n|\n|win|Daccio\n|raw|Daccio's rating: 1439 &rarr; <strong>1460</strong><br />(+21 for winning)\n|raw|blackred123's rating: 1457 &rarr; <strong>1436</strong><br />(-21 for losing)\n|l|\u2606blackred123\n|player|p2|\n|c|\u2606Daccio|ggs\n|l|\u2606Daccio\n|player|p1|\n","uploadtime":1773326022,"views":12,"formatid":"gen9vgc2026regi","rating":1436,"private":0,"password":null}