{"id":"gen9vgc2026regi-2567957246","format":"[Gen 9] VGC 2026 Reg I","players":["JERRY RIVERA","Dezmane"],"log":"|j|\u2606JERRY RIVERA\n|j|\u2606Dezmane\n|t:|1774536624\n|gametype|doubles\n|player|p1|JERRY RIVERA|silver|1479\n|player|p2|Dezmane|169|1412\n|gen|9\n|tier|[Gen 9] VGC 2026 Reg I\n|rated|\n|rule|Species Clause: Limit one of each Pok\u00e9mon\n|rule|Item Clause: Limit 1 of each item\n|clearpoke\n|poke|p1|Kyogre, L50|\n|poke|p1|Calyrex-Shadow, L50|\n|poke|p1|Weezing-Galar, L50, M|\n|poke|p1|Dondozo, L50, F|\n|poke|p1|Tatsugiri-Droopy, L50, F|\n|poke|p1|Tornadus, L50, M|\n|poke|p2|Kyogre, L50|\n|poke|p2|Iron Bundle, L50|\n|poke|p2|Miraidon, L50|\n|poke|p2|Kingambit, L50, F|\n|poke|p2|Archaludon, L50, F|\n|poke|p2|Iron Moth, L50|\n|teampreview|4\n|inactive|Battle timer is ON: inactive players will automatically lose when time's up. (requested by Dezmane)\n|inactive|Dezmane has 60 seconds left.\n|\n|t:|1774536675\n|teamsize|p1|4\n|teamsize|p2|4\n|start\n|switch|p1a: Tornadus|Tornadus, L50, M|100/100\n|switch|p1b: Kyogre|Kyogre, L50|100/100\n|switch|p2a: Kyogre|Kyogre, L50|100/100\n|switch|p2b: Archaludon|Archaludon, L50, F|100/100\n|-weather|RainDance|[from] ability: Drizzle|[of] p1b: Kyogre\n|turn|1\n|\n|t:|1774536699\n|move|p1a: Tornadus|Tailwind|p1a: Tornadus\n|-sidestart|p1: JERRY RIVERA|move: Tailwind\n|move|p1b: Kyogre|Thunder|p2a: Kyogre\n|-supereffective|p2a: Kyogre\n|-damage|p2a: Kyogre|71/100\n|move|p2b: Archaludon|Metal Sound|p1b: Kyogre\n|-unboost|p1b: Kyogre|spd|2\n|move|p2a: Kyogre|Origin Pulse|p1b: Kyogre|[spread] p1a,p1b\n|-resisted|p1b: Kyogre\n|-damage|p1a: Tornadus|9/100\n|-damage|p1b: Kyogre|53/100\n|\n|-weather|RainDance|[upkeep]\n|upkeep\n|turn|2\n|inactive|Dezmane has 30 seconds left.\n|\n|t:|1774536726\n|move|p1a: Tornadus|Taunt|p2b: Archaludon\n|-start|p2b: Archaludon|move: Taunt\n|move|p1b: Kyogre|Thunder|p2a: Kyogre\n|-supereffective|p2a: Kyogre\n|-damage|p2a: Kyogre|41/100\n|-status|p2a: Kyogre|par\n|move|p2b: Archaludon|Electro Shot||[still]\n|-prepare|p2b: Archaludon|Electro Shot\n|-boost|p2b: Archaludon|spa|1\n|-anim|p2b: Archaludon|Electro Shot|p1b: Kyogre\n|-supereffective|p1b: Kyogre\n|-damage|p1b: Kyogre|0 fnt\n|faint|p1b: Kyogre\n|cant|p2a: Kyogre|par\n|\n|-weather|RainDance|[upkeep]\n|upkeep\n|\n|t:|1774536740\n|switch|p1b: Chorizo|Dondozo, L50, F|100/100\n|turn|3\n|\n|t:|1774536756\n|switch|p1a: Tatsugiri|Tatsugiri-Droopy, L50, F|100/100\n|-activate|p1a: Tatsugiri|ability: Commander|[of] p1b: Chorizo\n|-boost|p1b: Chorizo|atk|2\n|-boost|p1b: Chorizo|spa|2\n|-boost|p1b: Chorizo|spe|2\n|-boost|p1b: Chorizo|def|2\n|-boost|p1b: Chorizo|spd|2\n|-terastallize|p1b: Chorizo|Grass\n|move|p1b: Chorizo|Order Up|p2a: Kyogre\n|-damage|p2a: Kyogre|3/100 par\n|-boost|p1b: Chorizo|def|1\n|move|p2b: Archaludon|Electro Shot||[still]\n|-prepare|p2b: Archaludon|Electro Shot\n|-boost|p2b: Archaludon|spa|1\n|-anim|p2b: Archaludon|Electro Shot|p1b: Chorizo\n|-resisted|p1b: Chorizo\n|-damage|p1b: Chorizo|94/100\n|cant|p2a: Kyogre|par\n|\n|-weather|RainDance|[upkeep]\n|-heal|p1b: Chorizo|99/100|[from] item: Leftovers\n|upkeep\n|turn|4\n|inactive|Dezmane has 30 seconds left.\n|inactive|Dezmane has 20 seconds left.\n|inactive|Dezmane has 15 seconds left.\n|inactive|Dezmane has 10 seconds left.\n|inactive|Dezmane has 5 seconds left.\n|\n|t:|1774536808\n|switch|p2a: Miraidon|Miraidon, L50|100/100\n|-fieldstart|move: Electric Terrain|[from] ability: Hadron Engine|[of] p2a: Miraidon\n|-enditem|p2b: Archaludon|Electric Seed\n|-boost|p2b: Archaludon|def|1|[from] item: Electric Seed\n|move|p1b: Chorizo|Order Up|p2a: Miraidon\n|-supereffective|p2a: Miraidon\n|-damage|p2a: Miraidon|29/100\n|-boost|p1b: Chorizo|def|1\n|move|p2b: Archaludon|Body Press|p1b: Chorizo\n|-damage|p1b: Chorizo|94/100\n|\n|-weather|RainDance|[upkeep]\n|-heal|p1b: Chorizo|99/100|[from] item: Leftovers\n|-end|p2b: Archaludon|move: Taunt\n|-sideend|p1: JERRY RIVERA|move: Tailwind\n|upkeep\n|turn|5\n|\n|t:|1774536833\n|move|p2a: Miraidon|Protect|p2a: Miraidon\n|-singleturn|p2a: Miraidon|Protect\n|move|p1b: Chorizo|Earthquake|p2b: Archaludon|[spread] p2b\n|-miss|p1b: Chorizo|p1a: Tatsugiri\n|-activate|p2a: Miraidon|move: Protect\n|-supereffective|p2b: Archaludon\n|-damage|p2b: Archaludon|54/100\n|move|p2b: Archaludon|Roar||[still]\n|-fail|p2b: Archaludon\n|\n|-weather|none\n|-heal|p1b: Chorizo|100/100|[from] item: Leftovers\n|upkeep\n|turn|6\n|inactive|Dezmane has 30 seconds left.\n|\n|t:|1774536865\n|switch|p2a: Kyogre|Kyogre, L50|3/100 par\n|-weather|RainDance|[from] ability: Drizzle|[of] p2a: Kyogre\n|move|p1b: Chorizo|Earthquake|p2b: Archaludon|[spread] p2a,p2b\n|-miss|p1b: Chorizo|p1a: Tatsugiri\n|-supereffective|p2b: Archaludon\n|-damage|p2a: Kyogre|0 fnt\n|-damage|p2b: Archaludon|8/100\n|faint|p2a: Kyogre\n|move|p2b: Archaludon|Metal Sound|p1b: Chorizo\n|-unboost|p1b: Chorizo|spd|2\n|\n|-weather|RainDance|[upkeep]\n|upkeep\n|\n|t:|1774536878\n|switch|p2a: Miraidon|Miraidon, L50|29/100\n|-activate|p2a: Miraidon|ability: Hadron Engine\n|turn|7\n|\n|t:|1774536898\n|move|p2a: Miraidon|Dragon Pulse|p1b: Chorizo\n|-damage|p1b: Chorizo|58/100\n|move|p1b: Chorizo|Earthquake|p2a: Miraidon|[spread] p2a,p2b\n|-miss|p1b: Chorizo|p1a: Tatsugiri\n|-supereffective|p2a: Miraidon\n|-supereffective|p2b: Archaludon\n|-damage|p2a: Miraidon|0 fnt\n|-damage|p2b: Archaludon|0 fnt\n|faint|p2a: Miraidon\n|faint|p2b: Archaludon\n|\n|-weather|RainDance|[upkeep]\n|-heal|p1b: Chorizo|64/100|[from] item: Leftovers\n|upkeep\n|\n|t:|1774536905\n|switch|p2a: Kingambit|Kingambit, L50, F|100/100\n|-activate|p2a: Kingambit|ability: Supreme Overlord\n|-start|p2a: Kingambit|fallen3|[silent]\n|turn|8\n|\n|t:|1774536918\n|-terastallize|p2a: Kingambit|Fairy\n|move|p1b: Chorizo|Body Press|p2a: Kingambit\n|-resisted|p2a: Kingambit\n|-damage|p2a: Kingambit|78/100\n|move|p2a: Kingambit|Kowtow Cleave|p1b: Chorizo\n|-damage|p1b: Chorizo|49/100\n|\n|-weather|RainDance|[upkeep]\n|-heal|p1b: Chorizo|55/100|[from] item: Leftovers\n|-fieldend|move: Electric Terrain\n|upkeep\n|turn|9\n|\n|t:|1774536932\n|move|p1b: Chorizo|Earthquake|p2a: Kingambit|[spread] p2a\n|-miss|p1b: Chorizo|p1a: Tatsugiri\n|-crit|p2a: Kingambit\n|-damage|p2a: Kingambit|39/100\n|move|p2a: Kingambit|Kowtow Cleave|p1a: Tatsugiri|[miss]\n|-miss|p2a: Kingambit|p1a: Tatsugiri\n|\n|-weather|RainDance|[upkeep]\n|-heal|p1b: Chorizo|61/100|[from] item: Leftovers\n|upkeep\n|turn|10\n|-message|Dezmane forfeited.\n|\n|win|JERRY RIVERA\n|raw|JERRY RIVERA's rating: 1479 &rarr; <strong>1495</strong><br />(+16 for winning)\n|raw|Dezmane's rating: 1412 &rarr; <strong>1396</strong><br />(-16 for losing)\n|c|\u2606Dezmane|Gg\n|c|\u2606JERRY RIVERA|g\n|l|\u2606JERRY RIVERA\n|player|p1|\n","uploadtime":1774536946,"views":82,"formatid":"gen9vgc2026regi","rating":1396,"private":0,"password":null}