{"id":"gen9vgc2026regi-2550042340","format":"[Gen 9] VGC 2026 Reg I","players":["b3testing","Mattack10"],"log":"|j|\u2606b3testing\n|j|\u2606Mattack10\n|t:|1772446516\n|gametype|doubles\n|player|p1|b3testing|266|1447\n|player|p2|Mattack10|acetrainer|1369\n|gen|9\n|tier|[Gen 9] VGC 2026 Reg I\n|rated|\n|rule|Species Clause: Limit one of each Pok\u00e9mon\n|rule|Item Clause: Limit 1 of each item\n|clearpoke\n|poke|p1|Terapagos, L50, M|\n|poke|p1|Calyrex-Shadow, L50|\n|poke|p1|Incineroar, L50, F|\n|poke|p1|Amoonguss, L50, F|\n|poke|p1|Tornadus, L50, M|\n|poke|p1|Smeargle, L50, F|\n|poke|p2|Miraidon, L50|\n|poke|p2|Lunala, L50|\n|poke|p2|Incineroar, L50, M|\n|poke|p2|Amoonguss, L50, F|\n|poke|p2|Whimsicott, L50, F|\n|poke|p2|Urshifu-*, L50, F|\n|teampreview|4\n|inactive|Battle timer is ON: inactive players will automatically lose when time's up. (requested by b3testing)\n|\n|t:|1772446538\n|teamsize|p1|4\n|teamsize|p2|4\n|start\n|switch|p1a: Smeargle|Smeargle, L50, F|100/100\n|switch|p1b: Terapagos|Terapagos, L50, M|100/100\n|switch|p2a: Lunala|Lunala, L50|100/100\n|switch|p2b: Incineroar|Incineroar, L50, M|100/100\n|-activate|p1b: Terapagos|ability: Tera Shift\n|detailschange|p1b: Terapagos|Terapagos-Terastal, L50, M\n|-heal|p1b: Terapagos|100/100|[silent]\n|-ability|p2b: Incineroar|Intimidate|boost\n|-unboost|p1a: Smeargle|atk|1\n|-unboost|p1b: Terapagos|atk|1\n|turn|1\n|\n|t:|1772446555\n|move|p1a: Smeargle|Fake Out|p2b: Incineroar\n|-damage|p2b: Incineroar|98/100\n|cant|p2b: Incineroar|flinch\n|move|p2a: Lunala|Moonblast|p1b: Terapagos\n|-activate|p1b: Terapagos|ability: Tera Shell\n|-resisted|p1b: Terapagos\n|-damage|p1b: Terapagos|85/100\n|move|p1b: Terapagos|Calm Mind|p1b: Terapagos\n|-boost|p1b: Terapagos|spa|1\n|-boost|p1b: Terapagos|spd|1\n|\n|-ability|p1a: Smeargle|Moody|boost\n|-boost|p1a: Smeargle|atk|2\n|-unboost|p1a: Smeargle|spe|1\n|upkeep\n|turn|2\n|\n|t:|1772446578\n|switch|p1a: Amoonguss|Amoonguss, L50, F|100/100\n|move|p1b: Terapagos|Protect|p1b: Terapagos\n|-singleturn|p1b: Terapagos|Protect\n|move|p2b: Incineroar|Knock Off|p1b: Terapagos\n|-activate|p1b: Terapagos|move: Protect\n|move|p2a: Lunala|Trick Room|p2a: Lunala\n|-fieldstart|move: Trick Room|[of] p2a: Lunala\n|\n|upkeep\n|turn|3\n|\n|t:|1772446600\n|switch|p2a: Miraidon|Miraidon, L50|100/100\n|-fieldstart|move: Electric Terrain|[from] ability: Hadron Engine|[of] p2a: Miraidon\n|-terastallize|p1b: Terapagos|Stellar\n|detailschange|p1b: Terapagos|Terapagos-Stellar, L50, M, tera:Stellar\n|-heal|p1b: Terapagos|89/100|[silent]\n|-ability|p1b: Terapagos|Teraform Zero\n|-fieldend|move: Electric Terrain\n|move|p1a: Amoonguss|Spore|p2a: Miraidon\n|-status|p2a: Miraidon|slp|[from] move: Spore\n|move|p2b: Incineroar|Knock Off|p1b: Terapagos\n|-damage|p1b: Terapagos|64/100\n|-enditem|p1b: Terapagos|Covert Cloak|[from] move: Knock Off|[of] p2b: Incineroar\n|move|p1b: Terapagos|Earth Power|p2b: Incineroar\n|-supereffective|p2b: Incineroar\n|-damage|p2b: Incineroar|0 fnt\n|faint|p2b: Incineroar\n|\n|upkeep\n|\n|t:|1772446611\n|switch|p2b: Lunala|Lunala, L50|100/100\n|turn|4\n|inactive|Mattack10 has 30 seconds left.\n|\n|t:|1772446638\n|move|p1a: Amoonguss|Spore|p2b: Lunala\n|-status|p2b: Lunala|slp|[from] move: Spore\n|move|p1b: Terapagos|Tera Starstorm|p2a: Miraidon|[spread] p2a,p2b\n|-damage|p2a: Miraidon|68/100 slp\n|-damage|p2b: Lunala|78/100 slp\n|cant|p2b: Lunala|slp\n|cant|p2a: Miraidon|slp\n|\n|upkeep\n|turn|5\n|\n|t:|1772446649\n|cant|p2b: Lunala|slp\n|move|p1a: Amoonguss|Pollen Puff|p1b: Terapagos\n|-heal|p1b: Terapagos|100/100\n|move|p1b: Terapagos|Tera Starstorm|p2a: Miraidon|[spread] p2a,p2b\n|-damage|p2a: Miraidon|36/100 slp\n|-damage|p2b: Lunala|30/100 slp\n|cant|p2a: Miraidon|slp\n|\n|upkeep\n|turn|6\n|inactive|b3testing has 30 seconds left.\n|inactive|b3testing has 20 seconds left.\n|\n|t:|1772446689\n|-curestatus|p2b: Lunala|slp|[msg]\n|move|p2b: Lunala|Wide Guard|p2b: Lunala\n|-singleturn|p2b: Lunala|Wide Guard\n|move|p1a: Amoonguss|Spore|p2a: Miraidon\n|-fail|p2a: Miraidon|slp\n|move|p1b: Terapagos|Earth Power|p2a: Miraidon\n|-supereffective|p2a: Miraidon\n|-damage|p2a: Miraidon|0 fnt\n|faint|p2a: Miraidon\n|\n|-fieldend|move: Trick Room\n|upkeep\n|\n|t:|1772446695\n|switch|p2a: Urshifu|Urshifu-Rapid-Strike, L50, F|100/100\n|turn|7\n|\n|t:|1772446705\n|move|p2b: Lunala|Wide Guard|p2b: Lunala\n|-singleturn|p2b: Lunala|Wide Guard\n|move|p1a: Amoonguss|Rage Powder|p1a: Amoonguss\n|-singleturn|p1a: Amoonguss|move: Rage Powder\n|move|p2a: Urshifu|Taunt|p1a: Amoonguss\n|-start|p1a: Amoonguss|move: Taunt\n|move|p1b: Terapagos|Earth Power|p2b: Lunala\n|-crit|p2b: Lunala\n|-damage|p2b: Lunala|0 fnt\n|faint|p2b: Lunala\n|\n|upkeep\n|turn|8\n|j| xiaoliyunVGC\n|\n|t:|1772446724\n|switch|p1a: Smeargle|Smeargle, L50, F|100/100\n|move|p2a: Urshifu|Surging Strikes|p1b: Terapagos\n|-crit|p1b: Terapagos\n|-damage|p1b: Terapagos|87/100\n|-crit|p1b: Terapagos\n|-damage|p1b: Terapagos|73/100\n|-crit|p1b: Terapagos\n|-damage|p1b: Terapagos|58/100\n|-hitcount|p1b: Terapagos|3\n|move|p1b: Terapagos|Tera Starstorm|p2a: Urshifu\n|-enditem|p2a: Urshifu|Focus Sash\n|-damage|p2a: Urshifu|1/100\n|\n|-ability|p1a: Smeargle|Moody|boost\n|-boost|p1a: Smeargle|spa|2\n|-unboost|p1a: Smeargle|spd|1\n|upkeep\n|turn|9\n|\n|t:|1772446738\n|move|p1a: Smeargle|Follow Me|p1a: Smeargle\n|-singleturn|p1a: Smeargle|move: Follow Me\n|move|p2a: Urshifu|Close Combat|p1a: Smeargle\n|-supereffective|p1a: Smeargle\n|-enditem|p1a: Smeargle|Focus Sash\n|-damage|p1a: Smeargle|1/100\n|-unboost|p2a: Urshifu|def|1\n|-unboost|p2a: Urshifu|spd|1\n|move|p1b: Terapagos|Tera Starstorm|p2a: Urshifu\n|-damage|p2a: Urshifu|0 fnt\n|faint|p2a: Urshifu\n|\n|win|b3testing\n|raw|b3testing's rating: 1447 &rarr; <strong>1463</strong><br />(+16 for winning)\n|raw|Mattack10's rating: 1369 &rarr; <strong>1353</strong><br />(-16 for losing)\n|l|\u2606Mattack10\n|player|p2|\n|l|\u2606b3testing\n|player|p1|\n|l| xiaoliyunVGC\n","uploadtime":1772446942,"views":11,"formatid":"gen9vgc2026regi","rating":1353,"private":0,"password":null}