{"id":"gen9vgc2026regi-2562686650","format":"[Gen 9] VGC 2026 Reg I","players":["isayhiyousayhello","EllenJoe2026"],"log":"|j|\u2606isayhiyousayhello\n|j|\u2606EllenJoe2026\n|t:|1773941194\n|gametype|doubles\n|player|p1|isayhiyousayhello|265|1521\n|player|p2|EllenJoe2026|170|1551\n|gen|9\n|tier|[Gen 9] VGC 2026 Reg I\n|rated|\n|rule|Species Clause: Limit one of each Pok\u00e9mon\n|rule|Item Clause: Limit 1 of each item\n|clearpoke\n|poke|p1|Volcarona, L50, F|\n|poke|p1|Rillaboom, L50, M|\n|poke|p1|Koraidon, L50|\n|poke|p1|Lunala, L50|\n|poke|p1|Flutter Mane, L50|\n|poke|p1|Urshifu-*, L50, M|\n|poke|p2|Calyrex-Shadow, L50|\n|poke|p2|Zamazenta-*, L50|\n|poke|p2|Incineroar, L50, F|\n|poke|p2|Rillaboom, L50, F|\n|poke|p2|Smeargle, L50, F|\n|poke|p2|Tornadus, L50, M|\n|teampreview|4\n|inactive|Battle timer is ON: inactive players will automatically lose when time's up. (requested by EllenJoe2026)\nisayhiyousayhello rejected open team sheets.\n|j| dayron91\n|inactive|isayhiyousayhello has 60 seconds left.\n|inactive|EllenJoe2026 has 60 seconds left.\n|\n|t:|1773941238\n|teamsize|p1|4\n|teamsize|p2|4\n|start\n|switch|p1a: Flutter Mane|Flutter Mane, L50|100/100\n|switch|p1b: Lunala|Lunala, L50|100/100\n|switch|p2a: Rillaboom|Rillaboom, L50, F, shiny|100/100\n|switch|p2b: Tornadus|Tornadus, L50, M, shiny|100/100\n|-fieldstart|move: Grassy Terrain|[from] ability: Grassy Surge|[of] p2a: Rillaboom\n|turn|1\n|\n|t:|1773941250\n|move|p1a: Flutter Mane|Protect|p1a: Flutter Mane\n|-singleturn|p1a: Flutter Mane|Protect\n|move|p2b: Tornadus|Tailwind|p2b: Tornadus\n|-sidestart|p2: EllenJoe2026|move: Tailwind\n|move|p2a: Rillaboom|Wood Hammer|p1b: Lunala\n|-damage|p1b: Lunala|71/100\n|-damage|p2a: Rillaboom|89/100|[from] Recoil\n|move|p1b: Lunala|Meteor Beam||[still]\n|-prepare|p1b: Lunala|Meteor Beam\n|-boost|p1b: Lunala|spa|1\n|-enditem|p1b: Lunala|Power Herb\n|-anim|p1b: Lunala|Meteor Beam|p2b: Tornadus\n|-supereffective|p2b: Tornadus\n|-damage|p2b: Tornadus|0 fnt\n|faint|p2b: Tornadus\n|\n|-heal|p2a: Rillaboom|95/100|[from] Grassy Terrain\n|-heal|p1b: Lunala|77/100|[from] Grassy Terrain\n|upkeep\n|\n|t:|1773941256\n|switch|p2b: Calyrex|Calyrex-Shadow, L50|100/100\n|-ability|p2b: Calyrex|As One\n|-ability|p2b: Calyrex|Unnerve\n|turn|2\n|\n|t:|1773941271\n|-terastallize|p1b: Lunala|Water\n|move|p2b: Calyrex|Protect|p2b: Calyrex\n|-singleturn|p2b: Calyrex|Protect\n|move|p2a: Rillaboom|Wood Hammer|p1b: Lunala\n|-supereffective|p1b: Lunala\n|-damage|p1b: Lunala|0 fnt\n|faint|p1b: Lunala\n|-damage|p2a: Rillaboom|66/100|[from] Recoil\n|move|p1a: Flutter Mane|Shadow Ball|p2b: Calyrex\n|-activate|p2b: Calyrex|move: Protect\n|\n|-heal|p2a: Rillaboom|72/100|[from] Grassy Terrain\n|upkeep\n|\n|t:|1773941279\n|switch|p1b: Urshifu|Urshifu, L50, M|100/100\n|turn|3\n|\n|t:|1773941304\n|switch|p2b: Zamazenta|Zamazenta-Crowned, L50, shiny|100/100\n|-ability|p2b: Zamazenta|Dauntless Shield|boost\n|-boost|p2b: Zamazenta|def|1\n|move|p1a: Flutter Mane|Protect|p1a: Flutter Mane\n|-singleturn|p1a: Flutter Mane|Protect\n|move|p1b: Urshifu|U-turn|p2b: Zamazenta\n|-resisted|p2b: Zamazenta\n|-damage|p2b: Zamazenta|98/100\n|\n|t:|1773941311\n|switch|p1b: Koraidon|Koraidon, L50|100/100|[from] U-turn\n|-weather|SunnyDay|[from] ability: Orichalcum Pulse|[of] p1b: Koraidon\n|-activate|p1a: Flutter Mane|ability: Protosynthesis\n|-start|p1a: Flutter Mane|protosynthesisspe\n|-activate|p1b: Koraidon|Orichalcum Pulse|[source]\n|move|p2a: Rillaboom|Wood Hammer|p1b: Koraidon\n|-resisted|p1b: Koraidon\n|-damage|p1b: Koraidon|70/100\n|-damage|p2a: Rillaboom|63/100|[from] Recoil\n|\n|-weather|SunnyDay|[upkeep]\n|-heal|p2b: Zamazenta|100/100|[from] Grassy Terrain\n|-heal|p2a: Rillaboom|68/100|[from] Grassy Terrain\n|-heal|p1b: Koraidon|76/100|[from] Grassy Terrain\n|upkeep\n|turn|4\n|inactive|EllenJoe2026 has 30 seconds left.\n|\n|t:|1773941340\n|move|p1b: Koraidon|Protect|p1b: Koraidon\n|-singleturn|p1b: Koraidon|Protect\n|move|p2b: Zamazenta|Heavy Slam|p1a: Flutter Mane\n|-supereffective|p1a: Flutter Mane\n|-enditem|p1a: Flutter Mane|Focus Sash\n|-damage|p1a: Flutter Mane|1/100\n|move|p1a: Flutter Mane|Moonblast|p2b: Zamazenta\n|-damage|p2b: Zamazenta|68/100\n|move|p2a: Rillaboom|Wood Hammer|p1a: Flutter Mane\n|-damage|p1a: Flutter Mane|0 fnt\n|faint|p1a: Flutter Mane\n|-end|p1a: Flutter Mane|Protosynthesis|[silent]\n|-damage|p2a: Rillaboom|68/100|[from] Recoil\n|\n|-weather|SunnyDay|[upkeep]\n|-heal|p2b: Zamazenta|74/100|[from] Grassy Terrain\n|-heal|p2a: Rillaboom|74/100|[from] Grassy Terrain\n|-heal|p1b: Koraidon|82/100|[from] Grassy Terrain\n|-sideend|p2: EllenJoe2026|move: Tailwind\n|upkeep\n|\n|t:|1773941344\n|switch|p1a: Urshifu|Urshifu, L50, M|100/100\n|turn|5\n|\n|t:|1773941363\n|move|p1a: Urshifu|Close Combat|p2b: Zamazenta\n|-supereffective|p2b: Zamazenta\n|-damage|p2b: Zamazenta|28/100\n|-unboost|p1a: Urshifu|def|1\n|-unboost|p1a: Urshifu|spd|1\n|move|p1b: Koraidon|Flame Charge|p2b: Zamazenta\n|-supereffective|p2b: Zamazenta\n|-damage|p2b: Zamazenta|1/100\n|-boost|p1b: Koraidon|spe|1\n|move|p2b: Zamazenta|Body Press|p1b: Koraidon\n|-damage|p1b: Koraidon|22/100\n|move|p2a: Rillaboom|Wood Hammer|p1b: Koraidon\n|-resisted|p1b: Koraidon\n|-damage|p1b: Koraidon|0 fnt\n|faint|p1b: Koraidon\n|-damage|p2a: Rillaboom|67/100|[from] Recoil\n|\n|-weather|SunnyDay|[upkeep]\n|-heal|p2b: Zamazenta|7/100|[from] Grassy Terrain\n|-heal|p2a: Rillaboom|73/100|[from] Grassy Terrain\n|-fieldend|move: Grassy Terrain\n|upkeep\n|turn|6\n|-message|isayhiyousayhello forfeited.\n|\n|win|EllenJoe2026\n|raw|isayhiyousayhello's rating: 1521 &rarr; <strong>1503</strong><br />(-18 for losing)\n|raw|EllenJoe2026's rating: 1551 &rarr; <strong>1569</strong><br />(+18 for winning)\n|l|\u2606isayhiyousayhello\n|player|p1|\n|l| dayron91\n|l|\u2606EllenJoe2026\n|player|p2|\n","uploadtime":1773941526,"views":16,"formatid":"gen9vgc2026regi","rating":1503,"private":0,"password":null}