{"id":"gen9vgc2026regi-2561654323","format":"[Gen 9] VGC 2026 Reg I","players":["JakeNBake3D","fletchyfletchy"],"log":"|j|\u2606JakeNBake3D\n|j|\u2606fletchyfletchy\n|t:|1773828459\n|gametype|doubles\n|player|p1|JakeNBake3D|101|1133\n|player|p2|fletchyfletchy|liko|1046\n|gen|9\n|tier|[Gen 9] VGC 2026 Reg I\n|rated|\n|rule|Species Clause: Limit one of each Pok\u00e9mon\n|rule|Item Clause: Limit 1 of each item\n|clearpoke\n|poke|p1|Calyrex-Ice, L50|\n|poke|p1|Miraidon, L50|\n|poke|p1|Amoonguss, L50, M|\n|poke|p1|Incineroar, L50, F|\n|poke|p1|Farigiraf, L50, F|\n|poke|p1|Iron Hands, L50|\n|poke|p2|Terapagos, L50, M|\n|poke|p2|Zacian-*, L50|\n|poke|p2|Chi-Yu, L50|\n|poke|p2|Clefairy, L50, F|\n|poke|p2|Rillaboom, L50, M|\n|poke|p2|Tornadus, L50, M|\n|teampreview|4\n|inactive|Battle timer is ON: inactive players will automatically lose when time's up. (requested by fletchyfletchy)\n|\n|t:|1773828494\n|teamsize|p1|4\n|teamsize|p2|4\n|start\n|switch|p1a: Miraidon|Miraidon, L50|100/100\n|switch|p1b: Farigiraf|Farigiraf, L50, F|100/100\n|switch|p2a: Rillaboom|Rillaboom, L50, M|100/100\n|switch|p2b: Tornadus|Tornadus, L50, M|100/100\n|-fieldstart|move: Electric Terrain|[from] ability: Hadron Engine|[of] p1a: Miraidon\n|-enditem|p1b: Farigiraf|Electric Seed\n|-boost|p1b: Farigiraf|def|1|[from] item: Electric Seed\n|-fieldstart|move: Grassy Terrain|[from] ability: Grassy Surge|[of] p2a: Rillaboom\n|turn|1\n|\n|t:|1773828517\n|-terastallize|p1b: Farigiraf|Dark\n|move|p2a: Rillaboom|Fake Out||[still]\n|cant|p1b: Farigiraf|ability: Armor Tail|Fake Out|[of] p2a: Rillaboom\n|move|p2b: Tornadus|Tailwind|p2b: Tornadus\n|-sidestart|p2: fletchyfletchy|move: Tailwind\n|move|p1a: Miraidon|Volt Switch|p2b: Tornadus\n|-supereffective|p2b: Tornadus\n|-damage|p2b: Tornadus|20/100\n|\n|t:|1773828529\n|switch|p1a: Calyrex|Calyrex-Ice, L50|100/100|[from] Volt Switch\n|-ability|p1a: Calyrex|As One\n|-ability|p1a: Calyrex|Unnerve\n|move|p1b: Farigiraf|Trick Room|p1b: Farigiraf\n|-fieldstart|move: Trick Room|[of] p1b: Farigiraf\n|\n|upkeep\n|turn|2\n|\n|t:|1773828546\n|move|p1b: Farigiraf|Helping Hand|p1a: Calyrex\n|-singleturn|p1a: Calyrex|Helping Hand|[of] p1b: Farigiraf\n|move|p2b: Tornadus|Protect|p2b: Tornadus\n|-singleturn|p2b: Tornadus|Protect\n|move|p1a: Calyrex|Glacial Lance|p2a: Rillaboom|[spread] p2a\n|-activate|p2b: Tornadus|move: Protect\n|-supereffective|p2a: Rillaboom\n|-damage|p2a: Rillaboom|0 fnt\n|faint|p2a: Rillaboom\n|-ability|p1a: Calyrex|Chilling Neigh|boost\n|-boost|p1a: Calyrex|atk|1\n|\n|upkeep\n|\n|t:|1773828556\n|switch|p2a: Pagogo|Terapagos, L50, M|100/100\n|-activate|p2a: Pagogo|ability: Tera Shift\n|detailschange|p2a: Pagogo|Terapagos-Terastal, L50, M\n|-heal|p2a: Pagogo|100/100|[silent]\n|turn|3\n|inactive|fletchyfletchy has 30 seconds left.\n|\n|t:|1773828582\n|move|p1b: Farigiraf|Helping Hand|p1a: Calyrex\n|-singleturn|p1a: Calyrex|Helping Hand|[of] p1b: Farigiraf\n|move|p1a: Calyrex|Glacial Lance|p2a: Pagogo|[spread] p2a,p2b\n|-activate|p2a: Pagogo|ability: Tera Shell\n|-resisted|p2a: Pagogo\n|-supereffective|p2b: Tornadus\n|-damage|p2a: Pagogo|50/100\n|-damage|p2b: Tornadus|0 fnt\n|faint|p2b: Tornadus\n|-ability|p1a: Calyrex|Chilling Neigh|boost\n|-boost|p1a: Calyrex|atk|1\n|move|p2a: Pagogo|Tera Starstorm|p1a: Calyrex\n|-damage|p1a: Calyrex|67/100\n|\n|-heal|p1a: Calyrex|72/100|[from] Grassy Terrain\n|-heal|p2a: Pagogo|56/100|[from] Grassy Terrain\n|-heal|p2a: Pagogo|62/100|[from] item: Leftovers\n|upkeep\n|\n|t:|1773828594\n|switch|p2b: Chi-Yu|Chi-Yu, L50|100/100\n|-ability|p2b: Chi-Yu|Beads of Ruin\n|turn|4\n|inactive|JakeNBake3D has 30 seconds left.\n|\n|t:|1773828620\n|move|p1b: Farigiraf|Helping Hand|p1a: Calyrex\n|-singleturn|p1a: Calyrex|Helping Hand|[of] p1b: Farigiraf\n|move|p2a: Pagogo|Protect|p2a: Pagogo\n|-singleturn|p2a: Pagogo|Protect\n|move|p1a: Calyrex|Glacial Lance|p2a: Pagogo|[spread] p2b\n|-activate|p2a: Pagogo|move: Protect\n|-resisted|p2b: Chi-Yu\n|-crit|p2b: Chi-Yu\n|-damage|p2b: Chi-Yu|0 fnt\n|faint|p2b: Chi-Yu\n|-ability|p1a: Calyrex|Chilling Neigh|boost\n|-boost|p1a: Calyrex|atk|1\n|\n|-heal|p1a: Calyrex|78/100|[from] Grassy Terrain\n|-heal|p2a: Pagogo|68/100|[from] Grassy Terrain\n|-heal|p2a: Pagogo|74/100|[from] item: Leftovers\n|-sideend|p2: fletchyfletchy|move: Tailwind\n|upkeep\n|turn|5\n|\n|t:|1773828640\n|-terastallize|p2a: Pagogo|Stellar\n|detailschange|p2a: Pagogo|Terapagos-Stellar, L50, M, tera:Stellar\n|-heal|p2a: Pagogo|80/100|[silent]\n|-ability|p2a: Pagogo|Teraform Zero\n|-fieldend|move: Grassy Terrain\n|move|p1b: Farigiraf|Helping Hand|p1a: Calyrex\n|-singleturn|p1a: Calyrex|Helping Hand|[of] p1b: Farigiraf\n|move|p1a: Calyrex|Glacial Lance|p2a: Pagogo\n|-damage|p2a: Pagogo|0 fnt\n|faint|p2a: Pagogo\n|detailschange|p2: Pagogo|Terapagos, L50, M|[silent]\n|\n|win|JakeNBake3D\n|raw|JakeNBake3D's rating: 1133 &rarr; <strong>1152</strong><br />(+19 for winning)\n|raw|fletchyfletchy's rating: 1046 &rarr; <strong>1033</strong><br />(-13 for losing)\n","uploadtime":1773828640,"views":10,"formatid":"gen9vgc2026regi","rating":1033,"private":0,"password":null}