{"id":"gen9vgc2026regi-2556985640","format":"[Gen 9] VGC 2026 Reg I","players":["Cello L.","kinderlew"],"log":"|j|\u2606Cello L.\n|j|\u2606kinderlew\n|t:|1773266943\n|gametype|doubles\n|player|p1|Cello L.|2|1474\n|player|p2|kinderlew|265|1428\n|gen|9\n|tier|[Gen 9] VGC 2026 Reg I\n|rated|\n|rule|Species Clause: Limit one of each Pok\u00e9mon\n|rule|Item Clause: Limit 1 of each item\n|clearpoke\n|poke|p1|Calyrex-Shadow, L50|\n|poke|p1|Zamazenta-*, L50|\n|poke|p1|Raging Bolt, L50|\n|poke|p1|Ogerpon-Hearthflame, L50, F|\n|poke|p1|Rillaboom, L50, F|\n|poke|p1|Incineroar, L50, F|\n|poke|p2|Calyrex-Shadow, L50|\n|poke|p2|Smeargle, L50, M|\n|poke|p2|Koraidon, L50|\n|poke|p2|Tornadus, L50, M|\n|poke|p2|Volcarona, L50, M|\n|poke|p2|Iron Hands, L50|\n|teampreview|4\n|\n|t:|1773266963\n|teamsize|p1|4\n|teamsize|p2|4\n|start\n|switch|p1a: Calyrex|Calyrex-Shadow, L50|100/100\n|switch|p1b: Zamazenta|Zamazenta-Crowned, L50|100/100\n|switch|p2a: Calyrex|Calyrex-Shadow, L50|100/100\n|switch|p2b: Smeargle|Smeargle, L50, M|100/100\n|-ability|p1a: Calyrex|As One\n|-ability|p1a: Calyrex|Unnerve\n|-ability|p2a: Calyrex|As One\n|-ability|p2a: Calyrex|Unnerve\n|-ability|p1b: Zamazenta|Dauntless Shield|boost\n|-boost|p1b: Zamazenta|def|1\n|turn|1\n|\n|t:|1773266997\n|-terastallize|p1a: Calyrex|Dark\n|move|p1b: Zamazenta|Wide Guard|p1b: Zamazenta\n|-singleturn|p1b: Zamazenta|Wide Guard\n|move|p2b: Smeargle|Wide Guard|p2b: Smeargle\n|-singleturn|p2b: Smeargle|Wide Guard\n|move|p1a: Calyrex|Astral Barrage|p2b: Smeargle|[spread] \n|-activate|p2a: Calyrex|move: Wide Guard\n|-activate|p2b: Smeargle|move: Wide Guard\n|move|p2a: Calyrex|Psychic|p1b: Zamazenta\n|-damage|p1b: Zamazenta|29/100\n|\n|upkeep\n|turn|2\n|\n|t:|1773267023\n|switch|p2a: Iron Hands|Iron Hands, L50|100/100\n|move|p1b: Zamazenta|Protect||[still]\n|-fail|p1b: Zamazenta\n|move|p1a: Calyrex|Psychic|p2b: Smeargle\n|-enditem|p2b: Smeargle|Focus Sash\n|-damage|p2b: Smeargle|1/100\n|-damage|p1a: Calyrex|91/100|[from] item: Life Orb\n|move|p2b: Smeargle|Spore|p1a: Calyrex\n|-status|p1a: Calyrex|slp|[from] move: Spore\n|\n|upkeep\n|turn|3\n|\n|t:|1773267038\n|switch|p1a: Incineroar|Incineroar, L50, F|100/100\n|-ability|p1a: Incineroar|Intimidate|boost\n|-unboost|p2a: Iron Hands|atk|1\n|-fail|p2b: Smeargle|unboost|Attack|[from] ability: Own Tempo|[of] p2b: Smeargle\n|switch|p2b: Calyrex|Calyrex-Shadow, L50|100/100\n|-ability|p2b: Calyrex|As One\n|-ability|p2b: Calyrex|Unnerve\n|move|p1b: Zamazenta|Body Press|p2b: Calyrex\n|-immune|p2b: Calyrex\n|move|p2a: Iron Hands|Drain Punch|p1a: Incineroar\n|-supereffective|p1a: Incineroar\n|-damage|p1a: Incineroar|60/100\n|-damage|p2a: Iron Hands|84/100|[from] item: Rocky Helmet|[of] p1a: Incineroar\n|\n|upkeep\n|turn|4\n|\n|t:|1773267060\n|switch|p2b: Tornadus|Tornadus, L50, M|100/100\n|move|p1b: Zamazenta|Wide Guard|p1b: Zamazenta\n|-singleturn|p1b: Zamazenta|Wide Guard\n|move|p1a: Incineroar|Knock Off|p2b: Tornadus\n|-damage|p2b: Tornadus|53/100\n|-enditem|p2b: Tornadus|Covert Cloak|[from] move: Knock Off|[of] p1a: Incineroar\n|move|p2a: Iron Hands|Drain Punch|p1a: Incineroar\n|-supereffective|p1a: Incineroar\n|-damage|p1a: Incineroar|18/100\n|-heal|p2a: Iron Hands|100/100|[from] drain|[of] p1a: Incineroar\n|-damage|p2a: Iron Hands|84/100|[from] item: Rocky Helmet|[of] p1a: Incineroar\n|\n|upkeep\n|turn|5\n|\n|t:|1773267081\n|switch|p1a: Calyrex|Calyrex-Shadow, L50, tera:Dark|91/100 slp\n|-ability|p1a: Calyrex|As One\n|-ability|p1a: Calyrex|Unnerve\n|move|p1b: Zamazenta|Protect||[still]\n|-fail|p1b: Zamazenta\n|move|p2b: Tornadus|Tailwind|p2b: Tornadus\n|-sidestart|p2: kinderlew|move: Tailwind\n|move|p2a: Iron Hands|Drain Punch|p1b: Zamazenta\n|-supereffective|p1b: Zamazenta\n|-damage|p1b: Zamazenta|8/100\n|-heal|p2a: Iron Hands|92/100|[from] drain|[of] p1b: Zamazenta\n|\n|upkeep\n|turn|6\n|\n|t:|1773267104\n|switch|p1b: Incineroar|Incineroar, L50, F|18/100\n|-ability|p1b: Incineroar|Intimidate|boost\n|-unboost|p2a: Iron Hands|atk|1\n|-unboost|p2b: Tornadus|atk|1\n|-end|p2a: Iron Hands|Quark Drive|[silent]\n|switch|p2a: Calyrex|Calyrex-Shadow, L50|100/100\n|-ability|p2a: Calyrex|As One\n|-ability|p2a: Calyrex|Unnerve\n|move|p2b: Tornadus|Bleakwind Storm|p1a: Calyrex|[spread] p1a,p1b\n|-damage|p1a: Calyrex|60/100 slp\n|-damage|p1b: Incineroar|0 fnt\n|-unboost|p1a: Calyrex|spe|1\n|faint|p1b: Incineroar\n|cant|p1a: Calyrex|slp\n|\n|upkeep\n|c|\u2606kinderlew|not good for u\n|\n|t:|1773267134\n|switch|p1b: Raging Bolt|Raging Bolt, L50|100/100\n|-enditem|p1b: Raging Bolt|Booster Energy\n|-activate|p1b: Raging Bolt|ability: Protosynthesis|[fromitem]\n|-start|p1b: Raging Bolt|protosynthesisspa\n|turn|7\n|c|\u2606Cello L.|indeed\n|\n|t:|1773267163\n|switch|p2b: Iron Hands|Iron Hands, L50|92/100\n|cant|p1a: Calyrex|slp\n|move|p1b: Raging Bolt|Thunderclap|p2a: Calyrex\n|-damage|p2a: Calyrex|46/100\n|move|p2a: Calyrex|Pollen Puff|p1a: Calyrex\n|-supereffective|p1a: Calyrex\n|-damage|p1a: Calyrex|0 fnt\n|faint|p1a: Calyrex\n|-ability|p2a: Calyrex|Grim Neigh|boost\n|-boost|p2a: Calyrex|spa|1\n|\n|upkeep\n|\n|t:|1773267176\n|switch|p1a: Zamazenta|Zamazenta-Crowned, L50|8/100\n|turn|8\n|\n|t:|1773267192\n|move|p2b: Iron Hands|Fake Out|p1b: Raging Bolt\n|-damage|p1b: Raging Bolt|89/100\n|move|p2a: Calyrex|Pollen Puff|p1b: Raging Bolt\n|-damage|p1b: Raging Bolt|10/100\n|move|p1a: Zamazenta|Body Press|p2b: Iron Hands\n|-damage|p2b: Iron Hands|62/100\n|cant|p1b: Raging Bolt|flinch\n|\n|-sideend|p2: kinderlew|move: Tailwind\n|upkeep\n|turn|9\n|\n|t:|1773267222\n|move|p2a: Calyrex|Pollen Puff|p1b: Raging Bolt\n|-damage|p1b: Raging Bolt|0 fnt\n|faint|p1b: Raging Bolt\n|-end|p1b: Raging Bolt|Protosynthesis|[silent]\n|-ability|p2a: Calyrex|Grim Neigh|boost\n|-boost|p2a: Calyrex|spa|1\n|move|p1a: Zamazenta|Body Press|p2b: Iron Hands\n|-damage|p2b: Iron Hands|33/100\n|move|p2b: Iron Hands|Drain Punch|p1a: Zamazenta\n|-supereffective|p1a: Zamazenta\n|-damage|p1a: Zamazenta|0 fnt\n|-heal|p2b: Iron Hands|36/100|[from] drain|[of] p1a: Zamazenta\n|faint|p1a: Zamazenta\n|\n|win|kinderlew\n|raw|Cello L.'s rating: 1474 &rarr; <strong>1451</strong><br />(-23 for losing)\n|raw|kinderlew's rating: 1428 &rarr; <strong>1451</strong><br />(+23 for winning)\n|l|\u2606kinderlew\n|player|p2|\n","uploadtime":1773267236,"views":12,"formatid":"gen9vgc2026regi","rating":1451,"private":0,"password":null}