{"id":"gen9vgc2026regi-2546804167","format":"[Gen 9] VGC 2026 Reg I","players":["xs1234","Schimmli"],"log":"|j|\u2606xs1234\n|j|\u2606Schimmli\n|t:|1772014241\n|gametype|doubles\n|player|p1|xs1234|steven|1473\n|player|p2|Schimmli|2|1439\n|gen|9\n|tier|[Gen 9] VGC 2026 Reg I\n|rated|\n|rule|Species Clause: Limit one of each Pok\u00e9mon\n|rule|Item Clause: Limit 1 of each item\n|clearpoke\n|poke|p1|Amoonguss, L50, F|\n|poke|p1|Calyrex-Ice, L50|\n|poke|p1|Kyogre, L50|\n|poke|p1|Grimmsnarl, L50, M|\n|poke|p1|Flutter Mane, L50|\n|poke|p1|Basculegion, L50, M|\n|poke|p2|Terapagos, L50, M|\n|poke|p2|Calyrex-Shadow, L50|\n|poke|p2|Flutter Mane, L50|\n|poke|p2|Ogerpon-Cornerstone, L50, F|\n|poke|p2|Incineroar, L50, M|\n|poke|p2|Rillaboom, L50, M|\n|teampreview|4\n|inactive|Battle timer is ON: inactive players will automatically lose when time's up. (requested by xs1234)\n|inactive|xs1234 has 60 seconds left.\n|inactive|Schimmli has 60 seconds left.\n|\n|t:|1772014277\n|teamsize|p1|4\n|teamsize|p2|4\n|start\n|switch|p1a: Calyrex|Calyrex-Ice, L50|100/100\n|switch|p1b: Grimmsnarl|Grimmsnarl, L50, M|100/100\n|switch|p2a: Terapagos|Terapagos, L50, M|100/100\n|switch|p2b: Rillaboom|Rillaboom, L50, M|100/100\n|-activate|p2a: Terapagos|ability: Tera Shift\n|detailschange|p2a: Terapagos|Terapagos-Terastal, L50, M\n|-heal|p2a: Terapagos|100/100|[silent]\n|-ability|p1a: Calyrex|As One\n|-ability|p1a: Calyrex|Unnerve\n|-fieldstart|move: Grassy Terrain|[from] ability: Grassy Surge|[of] p2b: Rillaboom\n|turn|1\n|inactive|Schimmli has 30 seconds left.\n|\n|t:|1772014305\n|move|p1a: Calyrex|Protect|p1a: Calyrex\n|-singleturn|p1a: Calyrex|Protect\n|move|p2a: Terapagos|Calm Mind|p2a: Terapagos\n|-boost|p2a: Terapagos|spa|1\n|-boost|p2a: Terapagos|spd|1\n|move|p2b: Rillaboom|U-turn|p1a: Calyrex\n|-activate|p1a: Calyrex|move: Protect\n|move|p1b: Grimmsnarl|Spirit Break|p2a: Terapagos\n|-activate|p2a: Terapagos|ability: Tera Shell\n|-resisted|p2a: Terapagos\n|-damage|p2a: Terapagos|90/100\n|-unboost|p2a: Terapagos|spa|1\n|\n|-heal|p2a: Terapagos|96/100|[from] Grassy Terrain\n|-heal|p2a: Terapagos|100/100|[from] item: Leftovers\n|upkeep\n|turn|2\n|inactive|xs1234 has 30 seconds left.\n|\n|t:|1772014330\n|move|p2a: Terapagos|Calm Mind|p2a: Terapagos\n|-boost|p2a: Terapagos|spa|1\n|-boost|p2a: Terapagos|spd|1\n|move|p2b: Rillaboom|U-turn|p1b: Grimmsnarl\n|-damage|p1b: Grimmsnarl|76/100\n|\n|t:|1772014336\n|switch|p2b: Incineroar|Incineroar, L50, M, shiny|100/100|[from] U-turn\n|-ability|p2b: Incineroar|Intimidate|boost\n|-unboost|p1a: Calyrex|atk|1\n|-unboost|p1b: Grimmsnarl|atk|1\n|move|p1b: Grimmsnarl|Spirit Break|p2a: Terapagos\n|-activate|p2a: Terapagos|ability: Tera Shell\n|-resisted|p2a: Terapagos\n|-damage|p2a: Terapagos|93/100\n|-unboost|p2a: Terapagos|spa|1\n|move|p1a: Calyrex|Leech Seed|p2a: Terapagos\n|-start|p2a: Terapagos|move: Leech Seed\n|\n|-heal|p2a: Terapagos|99/100|[from] Grassy Terrain\n|-heal|p2a: Terapagos|100/100|[from] item: Leftovers\n|-heal|p1b: Grimmsnarl|82/100|[from] Grassy Terrain\n|-damage|p2a: Terapagos|88/100|[from] Leech Seed|[of] p1a: Calyrex\n|upkeep\n|turn|3\n|inactive|xs1234 has 30 seconds left.\n|\n|t:|1772014362\n|move|p1a: Calyrex|Protect|p1a: Calyrex\n|-singleturn|p1a: Calyrex|Protect\n|move|p2b: Incineroar|Fake Out|p1b: Grimmsnarl\n|-damage|p1b: Grimmsnarl|70/100\n|move|p2a: Terapagos|Calm Mind|p2a: Terapagos\n|-boost|p2a: Terapagos|spa|1\n|-boost|p2a: Terapagos|spd|1\n|cant|p1b: Grimmsnarl|flinch\n|\n|-heal|p2a: Terapagos|94/100|[from] Grassy Terrain\n|-heal|p2a: Terapagos|100/100|[from] item: Leftovers\n|-heal|p1b: Grimmsnarl|76/100|[from] Grassy Terrain\n|-damage|p2a: Terapagos|88/100|[from] Leech Seed|[of] p1a: Calyrex\n|upkeep\n|turn|4\n|\n|t:|1772014388\n|switch|p1a: Amoonguss|Amoonguss, L50, F|100/100\n|move|p1b: Grimmsnarl|Light Screen|p1b: Grimmsnarl\n|-sidestart|p1: xs1234|move: Light Screen\n|move|p2a: Terapagos|Tera Starstorm|p1a: Amoonguss\n|-damage|p1a: Amoonguss|60/100\n|move|p2b: Incineroar|Knock Off|p1a: Amoonguss\n|-damage|p1a: Amoonguss|27/100\n|-damage|p2b: Incineroar|84/100|[from] item: Rocky Helmet|[of] p1a: Amoonguss\n|-enditem|p1a: Amoonguss|Rocky Helmet|[from] move: Knock Off|[of] p2b: Incineroar\n|\n|-heal|p2a: Terapagos|94/100|[from] Grassy Terrain\n|-heal|p2a: Terapagos|100/100|[from] item: Leftovers\n|-heal|p1b: Grimmsnarl|82/100|[from] Grassy Terrain\n|-heal|p2b: Incineroar|90/100|[from] Grassy Terrain\n|-heal|p1a: Amoonguss|33/100|[from] Grassy Terrain\n|-damage|p2a: Terapagos|88/100|[from] Leech Seed|[of] p1a: Amoonguss\n|-heal|p1a: Amoonguss|44/100|[silent]\n|upkeep\n|turn|5\n|inactive|xs1234 has 30 seconds left.\n|\n|t:|1772014419\n|move|p2a: Terapagos|Tera Starstorm|p1a: Amoonguss\n|-damage|p1a: Amoonguss|7/100\n|move|p1b: Grimmsnarl|Spirit Break|p2a: Terapagos\n|-crit|p2a: Terapagos\n|-damage|p2a: Terapagos|58/100\n|-unboost|p2a: Terapagos|spa|1\n|move|p2b: Incineroar|Knock Off|p1a: Amoonguss\n|-damage|p1a: Amoonguss|0 fnt\n|faint|p1a: Amoonguss\n|\n|-heal|p2a: Terapagos|64/100|[from] Grassy Terrain\n|-heal|p2a: Terapagos|70/100|[from] item: Leftovers\n|-heal|p1b: Grimmsnarl|88/100|[from] Grassy Terrain\n|-heal|p2b: Incineroar|96/100|[from] Grassy Terrain\n|-fieldend|move: Grassy Terrain\n|upkeep\n|inactive|xs1234 has 30 seconds left.\n|\n|t:|1772014447\n|switch|p1a: Calyrex|Calyrex-Ice, L50|100/100\n|-ability|p1a: Calyrex|As One\n|-ability|p1a: Calyrex|Unnerve\n|turn|6\n|\n|t:|1772014469\n|move|p1a: Calyrex|Protect|p1a: Calyrex\n|-singleturn|p1a: Calyrex|Protect\n|move|p2a: Terapagos|Tera Starstorm|p1b: Grimmsnarl\n|-damage|p1b: Grimmsnarl|61/100\n|move|p1b: Grimmsnarl|Spirit Break|p2a: Terapagos\n|-damage|p2a: Terapagos|56/100\n|-unboost|p2a: Terapagos|spa|1\n|move|p2b: Incineroar|Parting Shot|p1b: Grimmsnarl\n|-unboost|p1b: Grimmsnarl|atk|1\n|-unboost|p1b: Grimmsnarl|spa|1\n|\n|t:|1772014481\n|switch|p2b: Rillaboom|Rillaboom, L50, M|100/100|[from] Parting Shot\n|-fieldstart|move: Grassy Terrain|[from] ability: Grassy Surge|[of] p2b: Rillaboom\n|\n|-heal|p2a: Terapagos|62/100|[from] Grassy Terrain\n|-heal|p2a: Terapagos|68/100|[from] item: Leftovers\n|-heal|p1b: Grimmsnarl|67/100|[from] Grassy Terrain\n|-damage|p2a: Terapagos|56/100|[from] Leech Seed|[of] p1a: Calyrex\n|upkeep\n|turn|7\n|\n|t:|1772014497\n|switch|p2a: Incineroar|Incineroar, L50, M, shiny|96/100\n|-ability|p2a: Incineroar|Intimidate|boost\n|-unboost|p1a: Calyrex|atk|1\n|-unboost|p1b: Grimmsnarl|atk|1\n|move|p2b: Rillaboom|Fake Out|p1a: Calyrex\n|-damage|p1a: Calyrex|93/100\n|move|p1b: Grimmsnarl|Reflect|p1b: Grimmsnarl\n|-sidestart|p1: xs1234|Reflect\n|cant|p1a: Calyrex|flinch\n|\n|-heal|p1b: Grimmsnarl|73/100|[from] Grassy Terrain\n|-heal|p2a: Incineroar|100/100|[from] Grassy Terrain\n|-heal|p1a: Calyrex|99/100|[from] Grassy Terrain\n|-heal|p1a: Calyrex|100/100|[from] item: Leftovers\n|upkeep\n|turn|8\n|\n|t:|1772014516\n|switch|p1b: Kyogre|Kyogre, L50|100/100\n|-weather|RainDance|[from] ability: Drizzle|[of] p1b: Kyogre\n|move|p1a: Calyrex|Protect|p1a: Calyrex\n|-singleturn|p1a: Calyrex|Protect\n|move|p2a: Incineroar|Fake Out|p1a: Calyrex\n|-activate|p1a: Calyrex|move: Protect\n|move|p2b: Rillaboom|U-turn|p1a: Calyrex\n|-activate|p1a: Calyrex|move: Protect\n|\n|-weather|RainDance|[upkeep]\n|upkeep\n|turn|9\n|inactive|xs1234 has 30 seconds left.\n|\n|t:|1772014543\n|-terastallize|p1b: Kyogre|Grass\n|-terastallize|p2a: Incineroar|Grass\n|move|p2b: Rillaboom|Grassy Glide|p1b: Kyogre\n|-resisted|p1b: Kyogre\n|-damage|p1b: Kyogre|89/100\n|move|p1b: Kyogre|Water Spout|p2b: Rillaboom|[spread] p2a,p2b\n|-resisted|p2a: Incineroar\n|-resisted|p2b: Rillaboom\n|-damage|p2a: Incineroar|54/100\n|-damage|p2b: Rillaboom|70/100\n|move|p2a: Incineroar|Will-O-Wisp|p1a: Calyrex\n|-status|p1a: Calyrex|brn\n|move|p1a: Calyrex|Glacial Lance|p2b: Rillaboom|[spread] p2a,p2b\n|-supereffective|p2a: Incineroar\n|-supereffective|p2b: Rillaboom\n|-damage|p2a: Incineroar|30/100\n|-damage|p2b: Rillaboom|41/100\n|\n|-weather|RainDance|[upkeep]\n|-heal|p1b: Kyogre|95/100|[from] Grassy Terrain\n|-heal|p2b: Rillaboom|47/100|[from] Grassy Terrain\n|-heal|p2a: Incineroar|36/100|[from] Grassy Terrain\n|-damage|p1a: Calyrex|95/100 brn|[from] brn\n|upkeep\n|turn|10\n|\n|t:|1772014566\n|move|p1b: Kyogre|Water Spout|p2a: Incineroar|[spread] p2a,p2b\n|-resisted|p2a: Incineroar\n|-resisted|p2b: Rillaboom\n|-damage|p2a: Incineroar|0 fnt\n|-damage|p2b: Rillaboom|9/100\n|faint|p2a: Incineroar\n|move|p2b: Rillaboom|U-turn|p1b: Kyogre\n|-supereffective|p1b: Kyogre\n|-damage|p1b: Kyogre|63/100\n|\n|t:|1772014573\n|switch|p2b: Terapagos|Terapagos-Terastal, L50, M|56/100|[from] U-turn\n|move|p1a: Calyrex|Glacial Lance|p2b: Terapagos\n|-damage|p2b: Terapagos|43/100\n|\n|-weather|RainDance|[upkeep]\n|-heal|p1b: Kyogre|69/100|[from] Grassy Terrain\n|-heal|p2b: Terapagos|49/100|[from] Grassy Terrain\n|-heal|p2b: Terapagos|55/100|[from] item: Leftovers\n|-heal|p1a: Calyrex|100/100 brn|[from] Grassy Terrain\n|-damage|p1a: Calyrex|95/100 brn|[from] brn\n|-fieldend|move: Grassy Terrain\n|upkeep\n|\n|t:|1772014586\n|switch|p2a: Calyrex|Calyrex-Shadow, L50|100/100\n|-ability|p2a: Calyrex|As One\n|-ability|p2a: Calyrex|Unnerve\n|turn|11\n|\n|t:|1772014597\n|move|p2a: Calyrex|Protect|p2a: Calyrex\n|-singleturn|p2a: Calyrex|Protect\n|move|p2b: Terapagos|Protect|p2b: Terapagos\n|-singleturn|p2b: Terapagos|Protect\n|move|p1b: Kyogre|Origin Pulse|p2b: Terapagos|[spread] \n|-activate|p2a: Calyrex|move: Protect\n|-activate|p2b: Terapagos|move: Protect\n|move|p1a: Calyrex|Glacial Lance|p2a: Calyrex|[spread] \n|-activate|p2a: Calyrex|move: Protect\n|-activate|p2b: Terapagos|move: Protect\n|\n|-weather|RainDance|[upkeep]\n|-heal|p2b: Terapagos|61/100|[from] item: Leftovers\n|-heal|p1a: Calyrex|100/100 brn|[from] item: Leftovers\n|-damage|p1a: Calyrex|95/100 brn|[from] brn\n|-sideend|p1: xs1234|move: Light Screen\n|upkeep\n|turn|12\n|\n|t:|1772014609\n|move|p2a: Calyrex|Astral Barrage|p1b: Kyogre|[spread] p1a,p1b\n|-supereffective|p1a: Calyrex\n|-crit|p1b: Kyogre\n|-damage|p1a: Calyrex|28/100 brn\n|-damage|p1b: Kyogre|4/100\n|move|p1b: Kyogre|Origin Pulse|p2a: Calyrex|[spread] p2a,p2b\n|-damage|p2a: Calyrex|6/100\n|-damage|p2b: Terapagos|0 fnt\n|faint|p2b: Terapagos\n|move|p1a: Calyrex|Glacial Lance|p2a: Calyrex\n|-damage|p2a: Calyrex|0 fnt\n|faint|p2a: Calyrex\n|-ability|p1a: Calyrex|Chilling Neigh|boost\n|-boost|p1a: Calyrex|atk|1\n|\n|-weather|none\n|-heal|p1a: Calyrex|34/100 brn|[from] item: Leftovers\n|-damage|p1a: Calyrex|28/100 brn|[from] brn\n|upkeep\n|\n|t:|1772014622\n|switch|p2b: Rillaboom|Rillaboom, L50, M|9/100\n|-fieldstart|move: Grassy Terrain|[from] ability: Grassy Surge|[of] p2b: Rillaboom\n|turn|13\n|\n|t:|1772014634\n|move|p1b: Kyogre|Protect|p1b: Kyogre\n|-singleturn|p1b: Kyogre|Protect\n|move|p1a: Calyrex|Protect|p1a: Calyrex\n|-singleturn|p1a: Calyrex|Protect\n|move|p2b: Rillaboom|U-turn|p1a: Calyrex\n|-activate|p1a: Calyrex|move: Protect\n|\n|-heal|p1b: Kyogre|10/100|[from] Grassy Terrain\n|-heal|p2b: Rillaboom|15/100|[from] Grassy Terrain\n|-heal|p1a: Calyrex|34/100 brn|[from] Grassy Terrain\n|-heal|p1a: Calyrex|40/100 brn|[from] item: Leftovers\n|-damage|p1a: Calyrex|34/100 brn|[from] brn\n|upkeep\n|turn|14\n|-message|Schimmli forfeited.\n|\n|win|xs1234\n|raw|xs1234's rating: 1473 &rarr; <strong>1491</strong><br />(+18 for winning)\n|raw|Schimmli's rating: 1439 &rarr; <strong>1421</strong><br />(-18 for losing)\n|l|\u2606Schimmli\n|player|p2|\n|l|\u2606xs1234\n|player|p1|\n","uploadtime":1772014891,"views":13,"formatid":"gen9vgc2026regi","rating":1421,"private":0,"password":null}