{"id":"gen9vgc2026regi-2515214875","format":"[Gen 9] VGC 2026 Reg I","players":["tommytinkle","dasabe\u76d6\u6b27\u5361\u4fa0"],"log":"|j|\u2606tommytinkle\n|j|\u2606dasabe\u76d6\u6b27\u5361\u4fa0\n|t:|1767968979\n|gametype|doubles\n|player|p1|tommytinkle|169|1267\n|player|p2|dasabe\u76d6\u6b27\u5361\u4fa0|may-masters4|1342\n|gen|9\n|tier|[Gen 9] VGC 2026 Reg I\n|rated|\n|rule|Species Clause: Limit one of each Pok\u00e9mon\n|rule|Item Clause: Limit 1 of each item\n|clearpoke\n|poke|p1|Terapagos, L50, M|\n|poke|p1|Smeargle, L50, F|\n|poke|p1|Whimsicott, L50, F|\n|poke|p1|Chien-Pao, L50|\n|poke|p1|Rayquaza, L50|\n|poke|p1|Torracat, L50, F|\n|poke|p2|Kyogre, L50|\n|poke|p2|Miraidon, L50|\n|poke|p2|Whimsicott, L50, F|\n|poke|p2|Iron Hands, L50|\n|poke|p2|Farigiraf, L50, F|\n|poke|p2|Urshifu-*, L50, M|\n|teampreview|4\n|\n|t:|1767969002\n|teamsize|p1|4\n|teamsize|p2|4\n|start\n|switch|p1a: Whimsicott|Whimsicott, L50, F|100/100\n|switch|p1b: Chien-Pao|Chien-Pao, L50|100/100\n|switch|p2a: \u5996\u820d\u7cbe\u62c9|Whimsicott, L50, F, shiny|100/100\n|switch|p2b: \u6210\u90fd\u8001\u76d6|Kyogre, L50, shiny|100/100\n|-ability|p1b: Chien-Pao|Sword of Ruin\n|-weather|RainDance|[from] ability: Drizzle|[of] p2b: \u6210\u90fd\u8001\u76d6\n|turn|1\n|inactive|Battle timer is ON: inactive players will automatically lose when time's up. (requested by tommytinkle)\n|j| QAQeee\u5609\u7136\u4fa0\n|\n|t:|1767969017\n|move|p1b: Chien-Pao|Sucker Punch|p2b: \u6210\u90fd\u8001\u76d6\n|-damage|p2b: \u6210\u90fd\u8001\u76d6|38/100\n|-damage|p1b: Chien-Pao|91/100|[from] item: Life Orb\n|move|p1a: Whimsicott|Tailwind|p1a: Whimsicott\n|-sidestart|p1: tommytinkle|move: Tailwind\n|move|p2a: \u5996\u820d\u7cbe\u62c9|Tailwind|p2a: \u5996\u820d\u7cbe\u62c9\n|-sidestart|p2: dasabe\u76d6\u6b27\u5361\u4fa0|move: Tailwind\n|move|p2b: \u6210\u90fd\u8001\u76d6|Origin Pulse|p1b: Chien-Pao|[spread] p1a,p1b\n|-resisted|p1a: Whimsicott\n|-damage|p1a: Whimsicott|14/100\n|-damage|p1b: Chien-Pao|0 fnt\n|faint|p1b: Chien-Pao\n|\n|-weather|RainDance|[upkeep]\n|upkeep\n|c| QAQeee\u5609\u7136\u4fa0|\ud83d\udc40\n|j| eggyhvevo\n|inactive|tommytinkle has 30 seconds left.\n|\n|t:|1767969042\n|switch|p1b: Rayquaza|Rayquaza, L50|100/100\n|-ability|p1b: Rayquaza|Air Lock\n|turn|2\n|\n|t:|1767969050\n|move|p1b: Rayquaza|Extreme Speed|p2b: \u6210\u90fd\u8001\u76d6\n|-damage|p2b: \u6210\u90fd\u8001\u76d6|0 fnt\n|faint|p2b: \u6210\u90fd\u8001\u76d6\n|move|p2a: \u5996\u820d\u7cbe\u62c9|Encore|p1a: Whimsicott\n|-start|p1a: Whimsicott|Encore\n|move|p1a: Whimsicott|Tailwind||[still]\n|-fail|p1a: Whimsicott\n|\n|-weather|RainDance|[upkeep]\n|upkeep\n|\n|t:|1767969054\n|switch|p2b: \u94f6\u91d1\u5996\u86c7|Miraidon, L50, shiny|100/100\n|-fieldstart|move: Electric Terrain|[from] ability: Hadron Engine|[of] p2b: \u94f6\u91d1\u5996\u86c7\n|turn|3\n|\n|t:|1767969065\n|switch|p1a: Terapagos|Terapagos, L50, M|100/100\n|-activate|p1a: Terapagos|ability: Tera Shift\n|detailschange|p1a: Terapagos|Terapagos-Terastal, L50, M\n|-heal|p1a: Terapagos|100/100|[silent]\n|-terastallize|p2b: \u94f6\u91d1\u5996\u86c7|Fairy\n|move|p1b: Rayquaza|Protect|p1b: Rayquaza\n|-singleturn|p1b: Rayquaza|Protect\n|move|p2a: \u5996\u820d\u7cbe\u62c9|Endeavor|p1b: Rayquaza\n|-activate|p1b: Rayquaza|move: Protect\n|move|p2b: \u94f6\u91d1\u5996\u86c7|Dazzling Gleam|p1a: Terapagos|[spread] p1a\n|-activate|p1b: Rayquaza|move: Protect\n|-activate|p1a: Terapagos|ability: Tera Shell\n|-resisted|p1a: Terapagos\n|-damage|p1a: Terapagos|70/100\n|-damage|p2b: \u94f6\u91d1\u5996\u86c7|91/100|[from] item: Life Orb\n|\n|-weather|RainDance|[upkeep]\n|upkeep\n|turn|4\n|inactive|tommytinkle has 30 seconds left.\n|\n|t:|1767969090\n|-terastallize|p1a: Terapagos|Stellar\n|detailschange|p1a: Terapagos|Terapagos-Stellar, L50, M, tera:Stellar\n|-heal|p1a: Terapagos|79/100|[silent]\n|-ability|p1a: Terapagos|Teraform Zero\n|-weather|none\n|-fieldend|move: Electric Terrain\n|move|p1b: Rayquaza|Extreme Speed|p2b: \u94f6\u91d1\u5996\u86c7\n|-damage|p2b: \u94f6\u91d1\u5996\u86c7|60/100\n|move|p2a: \u5996\u820d\u7cbe\u62c9|Moonblast|p1a: Terapagos\n|-crit|p1a: Terapagos\n|-damage|p1a: Terapagos|40/100\n|move|p2b: \u94f6\u91d1\u5996\u86c7|Electro Drift|p1a: Terapagos\n|-damage|p1a: Terapagos|0 fnt\n|faint|p1a: Terapagos\n|detailschange|p1: Terapagos|Terapagos, L50, M|[silent]\n|-damage|p2b: \u94f6\u91d1\u5996\u86c7|50/100|[from] item: Life Orb\n|\n|-sideend|p2: dasabe\u76d6\u6b27\u5361\u4fa0|move: Tailwind\n|-sideend|p1: tommytinkle|move: Tailwind\n|upkeep\n|\n|t:|1767969105\n|switch|p1a: Whimsicott|Whimsicott, L50, F|14/100\n|turn|5\n|\n|t:|1767969125\n|switch|p2a: \u5c0f\u5934\u63a7\u5927\u5934|Farigiraf, L50, F, shiny|100/100\n|move|p1b: Rayquaza|Protect|p1b: Rayquaza\n|-singleturn|p1b: Rayquaza|Protect\n|move|p1a: Whimsicott|Encore||[still]\n|cant|p2a: \u5c0f\u5934\u63a7\u5927\u5934|ability: Armor Tail|Encore|[of] p1a: Whimsicott\n|move|p2b: \u94f6\u91d1\u5996\u86c7|Dazzling Gleam|p1b: Rayquaza|[spread] p1a\n|-activate|p1b: Rayquaza|move: Protect\n|-damage|p1a: Whimsicott|0 fnt\n|faint|p1a: Whimsicott\n|-damage|p2b: \u94f6\u91d1\u5996\u86c7|40/100|[from] item: Life Orb\n|\n|upkeep\n|turn|6\n|-message|tommytinkle forfeited.\n|\n|win|dasabe\u76d6\u6b27\u5361\u4fa0\n|raw|tommytinkle's rating: 1267 &rarr; <strong>1247</strong><br />(-20 for losing)\n|raw|dasabe\u76d6\u6b27\u5361\u4fa0's rating: 1342 &rarr; <strong>1358</strong><br />(+16 for winning)\n|l|\u2606tommytinkle\n|player|p1|\n|l|\u2606dasabe\u76d6\u6b27\u5361\u4fa0\n|player|p2|\n|j| chengyihao\n|l| chengyihao\n","uploadtime":1767969371,"views":11,"formatid":"gen9vgc2026regi","rating":1247,"private":0,"password":null}