{"id":"gen9vgc2026regi-2570880399","format":"[Gen 9] VGC 2026 Reg I","players":["D4RKEVA","pr.iyanshu768500"],"log":"|j|\u2606D4RKEVA\n|j|\u2606pr.iyanshu768500\n|t:|1774863795\n|gametype|doubles\n|player|p1|D4RKEVA|170|1381\n|player|p2|pr.iyanshu768500|steven|1300\n|gen|9\n|tier|[Gen 9] VGC 2026 Reg I\n|rated|\n|rule|Species Clause: Limit one of each Pok\u00e9mon\n|rule|Item Clause: Limit 1 of each item\n|clearpoke\n|poke|p1|Lunala, L50|\n|poke|p1|Koraidon, L50|\n|poke|p1|Flutter Mane, L50|\n|poke|p1|Brute Bonnet, L50|\n|poke|p1|Chi-Yu, L50|\n|poke|p1|Ursaluna, L50, F|\n|poke|p2|Amoonguss, L50, F|\n|poke|p2|Miraidon, L50|\n|poke|p2|Kyogre, L50|\n|poke|p2|Grimmsnarl, L50, M|\n|poke|p2|Flutter Mane, L50|\n|poke|p2|Basculegion, L50, M|\n|teampreview|4\n|inactive|Battle timer is ON: inactive players will automatically lose when time's up. (requested by D4RKEVA)\nD4RKEVA rejected open team sheets.\n|\n|t:|1774863825\n|teamsize|p1|4\n|teamsize|p2|4\n|start\n|switch|p1a: MoonMoon|Lunala, L50|100/100\n|switch|p1b: Brute Bonnie|Brute Bonnet, L50|100/100\n|switch|p2a: Grimmsnarl|Grimmsnarl, L50, M|100/100\n|switch|p2b: Miraidon|Miraidon, L50|100/100\n|-fieldstart|move: Electric Terrain|[from] ability: Hadron Engine|[of] p2b: Miraidon\n|turn|1\n|\n|t:|1774863840\n|move|p1b: Brute Bonnie|Rage Powder|p1b: Brute Bonnie\n|-singleturn|p1b: Brute Bonnie|move: Rage Powder\n|move|p2a: Grimmsnarl|Reflect|p2a: Grimmsnarl\n|-sidestart|p2: pr.iyanshu768500|Reflect\n|move|p2b: Miraidon|Volt Switch|p1b: Brute Bonnie\n|-resisted|p1b: Brute Bonnie\n|-damage|p1b: Brute Bonnie|63/100\n|\n|t:|1774863851\n|switch|p2b: Kyogre|Kyogre, L50|100/100|[from] Volt Switch\n|-weather|RainDance|[from] ability: Drizzle|[of] p2b: Kyogre\n|move|p1a: MoonMoon|Trick Room|p1a: MoonMoon\n|-fieldstart|move: Trick Room|[of] p1a: MoonMoon\n|\n|-weather|RainDance|[upkeep]\n|upkeep\n|turn|2\n|\n|t:|1774863869\n|-terastallize|p2b: Kyogre|Grass\n|move|p2a: Grimmsnarl|Sucker Punch|p1a: MoonMoon\n|-supereffective|p1a: MoonMoon\n|-damage|p1a: MoonMoon|61/100\n|move|p1b: Brute Bonnie|Seed Bomb|p2b: Kyogre\n|-resisted|p2b: Kyogre\n|-damage|p2b: Kyogre|88/100\n|move|p1a: MoonMoon|Meteor Beam||[still]\n|-prepare|p1a: MoonMoon|Meteor Beam\n|-boost|p1a: MoonMoon|spa|1\n|-enditem|p1a: MoonMoon|Power Herb\n|-anim|p1a: MoonMoon|Meteor Beam|p2b: Kyogre\n|-damage|p2b: Kyogre|41/100\n|move|p2b: Kyogre|Water Spout|p1a: MoonMoon|[spread] p1a,p1b\n|-resisted|p1b: Brute Bonnie\n|-crit|p1b: Brute Bonnie\n|-damage|p1a: MoonMoon|22/100\n|-damage|p1b: Brute Bonnie|32/100\n|-enditem|p1b: Brute Bonnie|Sitrus Berry|[eat]\n|-heal|p1b: Brute Bonnie|57/100|[from] item: Sitrus Berry\n|\n|-weather|RainDance|[upkeep]\n|upkeep\n|turn|3\n|\n|t:|1774863894\n|move|p2b: Kyogre|Protect|p2b: Kyogre\n|-singleturn|p2b: Kyogre|Protect\n|move|p1b: Brute Bonnie|Rage Powder|p1b: Brute Bonnie\n|-singleturn|p1b: Brute Bonnie|move: Rage Powder\n|move|p2a: Grimmsnarl|Light Screen|p2a: Grimmsnarl\n|-sidestart|p2: pr.iyanshu768500|move: Light Screen\n|move|p1a: MoonMoon|Moongeist Beam|p2b: Kyogre\n|-activate|p2b: Kyogre|move: Protect\n|\n|-weather|RainDance|[upkeep]\n|upkeep\n|turn|4\n|\n|t:|1774863914\n|move|p1b: Brute Bonnie|Rage Powder|p1b: Brute Bonnie\n|-singleturn|p1b: Brute Bonnie|move: Rage Powder\n|move|p2a: Grimmsnarl|Spirit Break|p1b: Brute Bonnie\n|-supereffective|p1b: Brute Bonnie\n|-damage|p1b: Brute Bonnie|19/100\n|-unboost|p1b: Brute Bonnie|spa|1\n|move|p1a: MoonMoon|Moongeist Beam|p2b: Kyogre\n|-damage|p2b: Kyogre|0 fnt\n|faint|p2b: Kyogre\n|\n|-weather|RainDance|[upkeep]\n|upkeep\n|\n|t:|1774863927\n|switch|p2b: Amoonguss|Amoonguss, L50, F|100/100\n|turn|5\n|inactive|D4RKEVA has 30 seconds left.\n|inactive|D4RKEVA has 20 seconds left.\n|inactive|D4RKEVA has 15 seconds left.\n|inactive|D4RKEVA has 10 seconds left.\n|\n|t:|1774863974\n|move|p1b: Brute Bonnie|Rage Powder|p1b: Brute Bonnie\n|-singleturn|p1b: Brute Bonnie|move: Rage Powder\n|move|p2b: Amoonguss|Pollen Puff|p1b: Brute Bonnie\n|-supereffective|p1b: Brute Bonnie\n|-damage|p1b: Brute Bonnie|0 fnt\n|faint|p1b: Brute Bonnie\n|-end|p1b: Brute Bonnie|Protosynthesis|[silent]\n|move|p2a: Grimmsnarl|Spirit Break|p1a: MoonMoon\n|-damage|p1a: MoonMoon|0 fnt\n|faint|p1a: MoonMoon\n|\n|-weather|none\n|-fieldend|move: Trick Room\n|-fieldend|move: Electric Terrain\n|upkeep\n|\n|t:|1774863985\n|switch|p1a: Girl Math|Ursaluna, L50, F|100/100\n|switch|p1b: Clydeon|Koraidon, L50|100/100\n|-weather|SunnyDay|[from] ability: Orichalcum Pulse|[of] p1b: Clydeon\n|-activate|p1b: Clydeon|Orichalcum Pulse|[source]\n|turn|6\n|inactive|pr.iyanshu768500 has 30 seconds left.\n|inactive|pr.iyanshu768500 has 20 seconds left.\n|inactive|pr.iyanshu768500 has 15 seconds left.\n|\n|t:|1774864027\n|-terastallize|p1b: Clydeon|Fire\n|move|p2b: Amoonguss|Rage Powder|p2b: Amoonguss\n|-singleturn|p2b: Amoonguss|move: Rage Powder\n|move|p1b: Clydeon|Flame Charge|p2b: Amoonguss\n|-supereffective|p2b: Amoonguss\n|-damage|p2b: Amoonguss|0 fnt\n|-boost|p1b: Clydeon|spe|1\n|-damage|p1b: Clydeon|84/100|[from] item: Rocky Helmet|[of] p2b: Amoonguss\n|faint|p2b: Amoonguss\n|-damage|p1b: Clydeon|74/100|[from] item: Life Orb\n|move|p2a: Grimmsnarl|Spirit Break|p1b: Clydeon\n|-resisted|p1b: Clydeon\n|-damage|p1b: Clydeon|60/100\n|-unboost|p1b: Clydeon|spa|1\n|move|p1a: Girl Math|Headlong Rush|p2a: Grimmsnarl\n|-damage|p2a: Grimmsnarl|51/100\n|-unboost|p1a: Girl Math|def|1\n|-unboost|p1a: Girl Math|spd|1\n|\n|-weather|SunnyDay|[upkeep]\n|-status|p1a: Girl Math|brn|[from] item: Flame Orb\n|upkeep\n|\n|t:|1774864044\n|switch|p2b: Miraidon|Miraidon, L50|100/100\n|-fieldstart|move: Electric Terrain|[from] ability: Hadron Engine|[of] p2b: Miraidon\n|turn|7\n|inactive|pr.iyanshu768500 has 30 seconds left.\n|inactive|D4RKEVA has 30 seconds left.\n|\n|t:|1774864076\n|move|p2a: Grimmsnarl|Sucker Punch|p1b: Clydeon\n|-damage|p1b: Clydeon|34/100\n|move|p1b: Clydeon|Close Combat|p2b: Miraidon\n|-crit|p2b: Miraidon\n|-damage|p2b: Miraidon|0 fnt\n|-unboost|p1b: Clydeon|def|1\n|-unboost|p1b: Clydeon|spd|1\n|faint|p2b: Miraidon\n|-damage|p1b: Clydeon|24/100|[from] item: Life Orb\n|move|p1a: Girl Math|Facade|p2a: Grimmsnarl\n|-damage|p2a: Grimmsnarl|0 fnt\n|faint|p2a: Grimmsnarl\n|\n|win|D4RKEVA\n|raw|D4RKEVA's rating: 1381 &rarr; <strong>1396</strong><br />(+15 for winning)\n|raw|pr.iyanshu768500's rating: 1300 &rarr; <strong>1281</strong><br />(-19 for losing)\n","uploadtime":1774864079,"views":239,"formatid":"gen9vgc2026regi","rating":1281,"private":0,"password":null}