{"id":"gen9vgc2026regi-2578287010","format":"[Gen 9] VGC 2026 Reg I","players":["datbishgames","Owenpri56"],"log":"|j|\u2606datbishgames\n|j|\u2606Owenpri56\n|t:|1775665429\n|gametype|doubles\n|player|p1|datbishgames|mira|1316\n|player|p2|Owenpri56|102|1379\n|gen|9\n|tier|[Gen 9] VGC 2026 Reg I\n|rated|\n|rule|Species Clause: Limit one of each Pok\u00e9mon\n|rule|Item Clause: Limit 1 of each item\n|clearpoke\n|poke|p1|Dialga-Origin, L50|\n|poke|p1|Ho-Oh, L50|\n|poke|p1|Rotom-Wash, L50|\n|poke|p1|Amoonguss, L50, F|\n|poke|p1|Ursaluna, L50, M|\n|poke|p1|Zoroark-Hisui, L50, F|\n|poke|p2|Calyrex-Shadow, L50|\n|poke|p2|Zamazenta-*, L50|\n|poke|p2|Chien-Pao, L50|\n|poke|p2|Amoonguss, L50, F|\n|poke|p2|Raging Bolt, L50|\n|poke|p2|Ogerpon-Cornerstone, L50, F|\n|teampreview|4\n|inactive|Battle timer is ON: inactive players will automatically lose when time's up. (requested by Owenpri56)\n|inactive|datbishgames also wants the timer to be on.\n|inactive|datbishgames has 60 seconds left.\n|\n|t:|1775665464\n|teamsize|p1|4\n|teamsize|p2|4\n|start\n|switch|p1a: Ho-Oh|Ho-Oh, L50|100/100\n|switch|p1b: Dialga|Dialga-Origin, L50|100/100\n|switch|p2a: Chien-Pao|Chien-Pao, L50|100/100\n|switch|p2b: Zamazenta|Zamazenta-Crowned, L50|100/100\n|-ability|p2a: Chien-Pao|Sword of Ruin\n|-ability|p2b: Zamazenta|Dauntless Shield|boost\n|-boost|p2b: Zamazenta|def|1\n|turn|1\n|inactive|Owenpri56 has 30 seconds left.\n|inactive|Owenpri56 has 20 seconds left.\n|\n|t:|1775665499\n|-terastallize|p2b: Zamazenta|Water\n|move|p2a: Chien-Pao|Ice Spinner|p1a: Ho-Oh\n|-damage|p1a: Ho-Oh|62/100\n|move|p1b: Dialga|Hyper Voice|p2b: Zamazenta|[spread] p2a,p2b\n|-crit|p2a: Chien-Pao\n|-damage|p2a: Chien-Pao|57/100\n|-damage|p2b: Zamazenta|79/100\n|move|p2b: Zamazenta|Body Press|p1b: Dialga\n|-immune|p1b: Dialga\n|move|p1a: Ho-Oh|Tailwind|p1a: Ho-Oh\n|-sidestart|p1: datbishgames|move: Tailwind\n|\n|upkeep\n|turn|2\n|\n|t:|1775665522\n|switch|p2b: Amoonguss|Amoonguss, L50, F|100/100\n|move|p2a: Chien-Pao|Sucker Punch|p1b: Dialga\n|-supereffective|p1b: Dialga\n|-enditem|p1b: Dialga|Focus Sash\n|-damage|p1b: Dialga|1/100\n|replace|p1b: Zoroark|Zoroark-Hisui, L50, F\n|-end|p1b: Zoroark|Illusion\n|move|p1b: Zoroark|Bitter Malice|p2b: Amoonguss\n|-damage|p2b: Amoonguss|66/100\n|-unboost|p2b: Amoonguss|atk|1\n|move|p1a: Ho-Oh|Brave Bird|p2a: Chien-Pao\n|-damage|p2a: Chien-Pao|0 fnt\n|faint|p2a: Chien-Pao\n|-damage|p1a: Ho-Oh|48/100|[from] Recoil\n|\n|upkeep\n|\n|t:|1775665539\n|switch|p2a: Calyrex|Calyrex-Shadow, L50|100/100\n|-ability|p2a: Calyrex|As One\n|-ability|p2a: Calyrex|Unnerve\n|turn|3\n|\n|t:|1775665550\n|switch|p1a: Ursaluna|Ursaluna, L50, M|100/100\n|move|p2b: Amoonguss|Rage Powder|p2b: Amoonguss\n|-singleturn|p2b: Amoonguss|move: Rage Powder\n|move|p1b: Zoroark|Icy Wind|p2b: Amoonguss|[spread] p2a,p2b\n|-supereffective|p2b: Amoonguss\n|-damage|p2a: Calyrex|86/100\n|-damage|p2b: Amoonguss|38/100\n|-unboost|p2a: Calyrex|spe|1\n|-unboost|p2b: Amoonguss|spe|1\n|move|p2a: Calyrex|Astral Barrage|p1b: Zoroark|[spread] \n|-immune|p1a: Ursaluna\n|-immune|p1b: Zoroark\n|\n|-status|p1a: Ursaluna|brn|[from] item: Flame Orb\n|upkeep\n|turn|4\n|\n|t:|1775665568\n|move|p2a: Calyrex|Protect|p2a: Calyrex\n|-singleturn|p2a: Calyrex|Protect\n|move|p1b: Zoroark|Icy Wind|p2a: Calyrex|[spread] p2b\n|-activate|p2a: Calyrex|move: Protect\n|-supereffective|p2b: Amoonguss\n|-damage|p2b: Amoonguss|13/100\n|-unboost|p2b: Amoonguss|spe|1\n|move|p1a: Ursaluna|Earthquake|p2b: Amoonguss|[spread] p1b,p2b\n|-activate|p2a: Calyrex|move: Protect\n|-damage|p1b: Zoroark|0 fnt\n|-damage|p2b: Amoonguss|0 fnt\n|faint|p1b: Zoroark\n|faint|p2b: Amoonguss\n|\n|-damage|p1a: Ursaluna|95/100 brn|[from] brn\n|-sideend|p1: datbishgames|move: Tailwind\n|upkeep\n|\n|t:|1775665582\n|switch|p1b: Ho-Oh|Ho-Oh, L50|81/100\n|switch|p2b: Zamazenta|Zamazenta-Crowned, L50, tera:Water|79/100\n|turn|5\n|\n|t:|1775665596\n|move|p1a: Ursaluna|Protect|p1a: Ursaluna\n|-singleturn|p1a: Ursaluna|Protect\n|move|p2b: Zamazenta|Body Press|p1a: Ursaluna\n|-activate|p1a: Ursaluna|move: Protect\n|move|p2a: Calyrex|Astral Barrage|p1b: Ho-Oh|[spread] p1b\n|-activate|p1a: Ursaluna|move: Protect\n|-damage|p1b: Ho-Oh|51/100\n|move|p1b: Ho-Oh|Tailwind|p1b: Ho-Oh\n|-sidestart|p1: datbishgames|move: Tailwind\n|\n|-damage|p1a: Ursaluna|89/100 brn|[from] brn\n|upkeep\n|turn|6\n|inactive|Owenpri56 has 30 seconds left.\n|\n|t:|1775665623\n|move|p2b: Zamazenta|Wide Guard|p2b: Zamazenta\n|-singleturn|p2b: Zamazenta|Wide Guard\n|move|p1b: Ho-Oh|Brave Bird|p2b: Zamazenta\n|-damage|p2b: Zamazenta|43/100\n|-damage|p1b: Ho-Oh|40/100|[from] Recoil\n|move|p1a: Ursaluna|Facade|p2b: Zamazenta\n|-damage|p2b: Zamazenta|0 fnt\n|faint|p2b: Zamazenta\n|move|p2a: Calyrex|Encore|p1a: Ursaluna\n|-start|p1a: Ursaluna|Encore\n|\n|-damage|p1a: Ursaluna|83/100 brn|[from] brn\n|upkeep\n|turn|7\n|\n|t:|1775665637\n|switch|p1a: Dialga|Dialga-Origin, L50|100/100\n|move|p1b: Ho-Oh|Sacred Fire|p2a: Calyrex\n|-damage|p2a: Calyrex|18/100\n|-status|p2a: Calyrex|brn\n|move|p2a: Calyrex|Psychic|p1b: Ho-Oh\n|-damage|p1b: Ho-Oh|8/100\n|\n|-damage|p2a: Calyrex|12/100 brn|[from] brn\n|upkeep\n|turn|8\n|-message|Owenpri56 forfeited.\n|\n|win|datbishgames\n|raw|datbishgames's rating: 1316 &rarr; <strong>1340</strong><br />(+24 for winning)\n|raw|Owenpri56's rating: 1379 &rarr; <strong>1355</strong><br />(-24 for losing)\n|l|\u2606Owenpri56\n|player|p2|\n|l|\u2606datbishgames\n|player|p1|\n","uploadtime":1775665799,"views":7,"formatid":"gen9vgc2026regi","rating":1340,"private":0,"password":null}