{"id":"gen9vgc2026regi-2581861527","format":"[Gen 9] VGC 2026 Reg I","players":["cruncnunc","JoeBro8"],"log":"|j|\u203dcruncnunc\n|j|\u2606JoeBro8\n|t:|1776034557\n|gametype|doubles\n|player|p1|cruncnunc|supernerd|1469\n|player|p2|JoeBro8|n|1540\n|gen|9\n|tier|[Gen 9] VGC 2026 Reg I\n|rated|\n|rule|Species Clause: Limit one of each Pok\u00e9mon\n|rule|Item Clause: Limit 1 of each item\n|clearpoke\n|poke|p1|Flutter Mane, L50|\n|poke|p1|Groudon, L50|\n|poke|p1|Chi-Yu, L50|\n|poke|p1|Miraidon, L50|\n|poke|p1|Grimmsnarl, L50, M|\n|poke|p1|Ogerpon-Hearthflame, L50, F|\n|poke|p2|Incineroar, L50, F|\n|poke|p2|Landorus, L50, M|\n|poke|p2|Calyrex-Shadow, L50|\n|poke|p2|Koraidon, L50|\n|poke|p2|Brute Bonnet, L50|\n|poke|p2|Raging Bolt, L50|\n|teampreview|4\n|inactive|Battle timer is ON: inactive players will automatically lose when time's up. (requested by cruncnunc)\n|\n|t:|1776034668\n|teamsize|p1|4\n|teamsize|p2|4\n|start\n|switch|p1a: Flutter Mane|Flutter Mane, L50|100/100\n|switch|p1b: Groudon|Groudon, L50|100/100\n|switch|p2a: Brute Bonnet|Brute Bonnet, L50|100/100\n|switch|p2b: Koraidon|Koraidon, L50|100/100\n|-weather|SunnyDay|[from] ability: Orichalcum Pulse|[of] p2b: Koraidon\n|-activate|p1a: Flutter Mane|ability: Protosynthesis\n|-start|p1a: Flutter Mane|protosynthesisspe\n|-activate|p2a: Brute Bonnet|ability: Protosynthesis\n|-start|p2a: Brute Bonnet|protosynthesisdef\n|-activate|p2b: Koraidon|Orichalcum Pulse|[source]\n|turn|1\n|\n|t:|1776034681\n|move|p2b: Koraidon|Protect|p2b: Koraidon\n|-singleturn|p2b: Koraidon|Protect\n|move|p1b: Groudon|Protect|p1b: Groudon\n|-singleturn|p1b: Groudon|Protect\n|move|p1a: Flutter Mane|Icy Wind|p2b: Koraidon|[spread] p2a\n|-activate|p2b: Koraidon|move: Protect\n|-supereffective|p2a: Brute Bonnet\n|-damage|p2a: Brute Bonnet|75/100\n|move|p2a: Brute Bonnet|Spore|p1b: Groudon\n|-activate|p1b: Groudon|move: Protect\n|\n|-weather|SunnyDay|[upkeep]\n|upkeep\n|turn|2\n|\n|t:|1776034700\n|switch|p2b: Landorus|Landorus, L50, M|100/100\n|move|p1a: Flutter Mane|Moonblast|p2a: Brute Bonnet\n|-supereffective|p2a: Brute Bonnet\n|-damage|p2a: Brute Bonnet|0 fnt\n|faint|p2a: Brute Bonnet\n|-end|p2a: Brute Bonnet|Protosynthesis|[silent]\n|move|p1b: Groudon|Precipice Blades|p2b: Landorus\n|-immune|p2b: Landorus\n|\n|-weather|SunnyDay|[upkeep]\n|upkeep\n|\n|t:|1776034706\n|switch|p2a: Koraidon|Koraidon, L50|100/100\n|-activate|p2a: Koraidon|ability: Orichalcum Pulse\n|turn|3\n|\n|t:|1776034715\n|-terastallize|p2a: Koraidon|Fire\n|move|p1a: Flutter Mane|Protect|p1a: Flutter Mane\n|-singleturn|p1a: Flutter Mane|Protect\n|move|p2b: Landorus|Protect|p2b: Landorus\n|-singleturn|p2b: Landorus|Protect\n|move|p1b: Groudon|Protect|p1b: Groudon\n|-singleturn|p1b: Groudon|Protect\n|move|p2a: Koraidon|Flare Blitz|p1b: Groudon\n|-activate|p1b: Groudon|move: Protect\n|\n|-weather|SunnyDay|[upkeep]\n|upkeep\n|turn|4\n|\n|t:|1776034737\n|switch|p1b: Grimmsnarl|Grimmsnarl, L50, M|100/100\n|move|p1a: Flutter Mane|Icy Wind|p2b: Landorus|[spread] p2a,p2b\n|-resisted|p2a: Koraidon\n|-supereffective|p2b: Landorus\n|-damage|p2a: Koraidon|95/100\n|-damage|p2b: Landorus|45/100\n|-unboost|p2b: Landorus|spe|1\n|move|p2a: Koraidon|Flare Blitz|p1b: Grimmsnarl\n|-damage|p1b: Grimmsnarl|0 fnt\n|faint|p1b: Grimmsnarl\n|-damage|p2a: Koraidon|60/100|[from] Recoil\n|move|p2b: Landorus|Sandsear Storm|p1a: Flutter Mane\n|-damage|p1a: Flutter Mane|16/100\n|\n|-weather|SunnyDay|[upkeep]\n|upkeep\n|\n|t:|1776034753\n|switch|p1b: Miraidon|Miraidon, L50|100/100\n|-fieldstart|move: Electric Terrain|[from] ability: Hadron Engine|[of] p1b: Miraidon\n|turn|5\n|\n|t:|1776034769\n|move|p2a: Koraidon|Protect|p2a: Koraidon\n|-singleturn|p2a: Koraidon|Protect\n|move|p1a: Flutter Mane|Icy Wind|p2b: Landorus|[spread] p2b\n|-activate|p2a: Koraidon|move: Protect\n|-supereffective|p2b: Landorus\n|-damage|p2b: Landorus|0 fnt\n|faint|p2b: Landorus\n|move|p1b: Miraidon|Discharge|p2a: Koraidon|[spread] p1a\n|-activate|p2a: Koraidon|move: Protect\n|-damage|p1a: Flutter Mane|0 fnt\n|faint|p1a: Flutter Mane\n|-end|p1a: Flutter Mane|Protosynthesis|[silent]\n|\n|-weather|none\n|upkeep\n|\n|t:|1776034780\n|switch|p1a: Groudon|Groudon, L50|100/100\n|switch|p2b: Calyrex|Calyrex-Shadow, L50|100/100\n|-ability|p2b: Calyrex|As One\n|-ability|p2b: Calyrex|Unnerve\n|-weather|SunnyDay|[from] ability: Drought|[of] p1a: Groudon\n|turn|6\n|\n|t:|1776034794\n|-terastallize|p1b: Miraidon|Electric\n|move|p2b: Calyrex|Astral Barrage|p1b: Miraidon|[spread] p1a,p1b\n|-damage|p1a: Groudon|46/100\n|-damage|p1b: Miraidon|54/100\n|move|p1b: Miraidon|Discharge|p2a: Koraidon|[spread] p2a,p2b\n|-immune|p1a: Groudon\n|-damage|p2a: Koraidon|0 fnt\n|-enditem|p2b: Calyrex|Focus Sash\n|-damage|p2b: Calyrex|1/100\n|-status|p2b: Calyrex|par\n|faint|p2a: Koraidon\n|move|p1a: Groudon|Precipice Blades|p2b: Calyrex\n|-damage|p2b: Calyrex|0 fnt\n|faint|p2b: Calyrex\n|\n|win|cruncnunc\n|raw|cruncnunc's rating: 1469 &rarr; <strong>1493</strong><br />(+24 for winning)\n|raw|JoeBro8's rating: 1540 &rarr; <strong>1516</strong><br />(-24 for losing)\n|l|\u2606JoeBro8\n|player|p2|\n|l|\u203dcruncnunc\n|player|p1|\n","uploadtime":1776035009,"views":10,"formatid":"gen9vgc2026regi","rating":1493,"private":0,"password":null}