{"id":"gen9vgc2026regi-2519195164","format":"[Gen 9] VGC 2026 Reg I","players":["dasabe\u76d6\u6b27\u5361\u4fa0","fogdocker"],"log":"|j|\u2606dasabe\u76d6\u6b27\u5361\u4fa0\n|j|\u2606fogdocker\n|t:|1768482612\n|gametype|doubles\n|player|p1|dasabe\u76d6\u6b27\u5361\u4fa0|may-masters4|1333\n|player|p2|fogdocker|2|1411\n|gen|9\n|tier|[Gen 9] VGC 2026 Reg I\n|rated|\n|rule|Species Clause: Limit one of each Pok\u00e9mon\n|rule|Item Clause: Limit 1 of each item\n|clearpoke\n|poke|p1|Groudon, L50|\n|poke|p1|Chi-Yu, L50|\n|poke|p1|Flutter Mane, L50|\n|poke|p1|Jumpluff, L50, F|\n|poke|p1|Lunala, L50|\n|poke|p1|Indeedee-F, L50, F|\n|poke|p2|Calyrex-Shadow, L50|\n|poke|p2|Zacian-*, L50|\n|poke|p2|Tornadus, L50, M|\n|poke|p2|Landorus, L50, M|\n|poke|p2|Urshifu-*, L50, M|\n|poke|p2|Incineroar, L50, F|\n|teampreview|4\n|\n|t:|1768482669\n|teamsize|p1|4\n|teamsize|p2|4\n|start\n|switch|p1a: \u9732\u51a0\u65f6\u95f4\u5230\u62c9|Lunala, L50|100/100\n|switch|p1b: P\u56fa\u771f\u5927|Groudon, L50|100/100\n|switch|p2a: Tornadus|Tornadus, L50, M|100/100\n|switch|p2b: Landorus|Landorus, L50, M|100/100\n|-weather|SunnyDay|[from] ability: Drought|[of] p1b: P\u56fa\u771f\u5927\n|turn|1\n|\n|t:|1768482684\n|switch|p1b: \u4f8d\u7684\u6211\u7231\u5bfc\u7ba1|Indeedee-F, L50, F|100/100\n|-fieldstart|move: Psychic Terrain|[from] ability: Psychic Surge|[of] p1b: \u4f8d\u7684\u6211\u7231\u5bfc\u7ba1\n|move|p2a: Tornadus|Rain Dance|p2a: Tornadus\n|-weather|RainDance\n|move|p2b: Landorus|Earth Power|p1b: \u4f8d\u7684\u6211\u7231\u5bfc\u7ba1\n|-crit|p1b: \u4f8d\u7684\u6211\u7231\u5bfc\u7ba1\n|-damage|p1b: \u4f8d\u7684\u6211\u7231\u5bfc\u7ba1|3/100\n|move|p1a: \u9732\u51a0\u65f6\u95f4\u5230\u62c9|Trick Room|p1a: \u9732\u51a0\u65f6\u95f4\u5230\u62c9\n|-fieldstart|move: Trick Room|[of] p1a: \u9732\u51a0\u65f6\u95f4\u5230\u62c9\n|\n|-weather|RainDance|[upkeep]\n|upkeep\n|turn|2\n|\n|t:|1768482696\n|move|p1b: \u4f8d\u7684\u6211\u7231\u5bfc\u7ba1|Helping Hand|p1a: \u9732\u51a0\u65f6\u95f4\u5230\u62c9\n|-singleturn|p1a: \u9732\u51a0\u65f6\u95f4\u5230\u62c9|Helping Hand|[of] p1b: \u4f8d\u7684\u6211\u7231\u5bfc\u7ba1\n|move|p1a: \u9732\u51a0\u65f6\u95f4\u5230\u62c9|Expanding Force|p2a: Tornadus|[spread] p2a,p2b\n|-damage|p2a: Tornadus|0 fnt\n|-damage|p2b: Landorus|6/100\n|faint|p2a: Tornadus\n|move|p2b: Landorus|Earth Power|p1a: \u9732\u51a0\u65f6\u95f4\u5230\u62c9\n|-damage|p1a: \u9732\u51a0\u65f6\u95f4\u5230\u62c9|74/100\n|\n|-weather|RainDance|[upkeep]\n|upkeep\n|\n|t:|1768482704\n|switch|p2a: Zacian|Zacian-Crowned, L50|100/100\n|-ability|p2a: Zacian|Intrepid Sword|boost\n|-boost|p2a: Zacian|atk|1\n|turn|3\n|\n|t:|1768482717\n|-terastallize|p1a: \u9732\u51a0\u65f6\u95f4\u5230\u62c9|Water\n|move|p2b: Landorus|Protect|p2b: Landorus\n|-singleturn|p2b: Landorus|Protect\n|move|p1b: \u4f8d\u7684\u6211\u7231\u5bfc\u7ba1|Follow Me|p1b: \u4f8d\u7684\u6211\u7231\u5bfc\u7ba1\n|-singleturn|p1b: \u4f8d\u7684\u6211\u7231\u5bfc\u7ba1|move: Follow Me\n|move|p1a: \u9732\u51a0\u65f6\u95f4\u5230\u62c9|Meteor Beam||[still]\n|-prepare|p1a: \u9732\u51a0\u65f6\u95f4\u5230\u62c9|Meteor Beam\n|-boost|p1a: \u9732\u51a0\u65f6\u95f4\u5230\u62c9|spa|1\n|-enditem|p1a: \u9732\u51a0\u65f6\u95f4\u5230\u62c9|Power Herb\n|-anim|p1a: \u9732\u51a0\u65f6\u95f4\u5230\u62c9|Meteor Beam|p2b: Landorus\n|-activate|p2b: Landorus|move: Protect\n|move|p2a: Zacian|Behemoth Blade|p1b: \u4f8d\u7684\u6211\u7231\u5bfc\u7ba1\n|-damage|p1b: \u4f8d\u7684\u6211\u7231\u5bfc\u7ba1|0 fnt\n|faint|p1b: \u4f8d\u7684\u6211\u7231\u5bfc\u7ba1\n|\n|-weather|RainDance|[upkeep]\n|upkeep\n|\n|t:|1768482724\n|switch|p1b: P\u56fa\u771f\u5927|Groudon, L50|100/100\n|-weather|SunnyDay|[from] ability: Drought|[of] p1b: P\u56fa\u771f\u5927\n|turn|4\n|\n|t:|1768482731\n|-terastallize|p2a: Zacian|Fairy\n|move|p1b: P\u56fa\u771f\u5927|Precipice Blades|p2b: Landorus|[spread] p2a\n|-immune|p2b: Landorus\n|-damage|p2a: Zacian|38/100\n|move|p1a: \u9732\u51a0\u65f6\u95f4\u5230\u62c9|Expanding Force|p2b: Landorus|[spread] p2a,p2b\n|-damage|p2a: Zacian|0 fnt\n|-damage|p2b: Landorus|0 fnt\n|faint|p2a: Zacian\n|faint|p2b: Landorus\n|\n|-weather|SunnyDay|[upkeep]\n|upkeep\n|\n|t:|1768482739\n|switch|p2b: Urshifu|Urshifu-Rapid-Strike, L50, M|100/100\n|turn|5\n|\n|t:|1768482745\n|switch|p1b: \u6211\u6709\u7389\u9c7c\u75c7|Chi-Yu, L50|100/100\n|-ability|p1b: \u6211\u6709\u7389\u9c7c\u75c7|Beads of Ruin\n|move|p2b: Urshifu|Detect|p2b: Urshifu\n|-singleturn|p2b: Urshifu|Protect\n|move|p1a: \u9732\u51a0\u65f6\u95f4\u5230\u62c9|Expanding Force|p2b: Urshifu\n|-activate|p2b: Urshifu|move: Protect\n|\n|-weather|SunnyDay|[upkeep]\n|-fieldend|move: Trick Room\n|-fieldend|move: Psychic Terrain\n|upkeep\n|turn|6\n|\n|t:|1768482751\n|move|p1b: \u6211\u6709\u7389\u9c7c\u75c7|Flamethrower|p2b: Urshifu\n|-resisted|p2b: Urshifu\n|-damage|p2b: Urshifu|38/100\n|move|p2b: Urshifu|Surging Strikes|p1a: \u9732\u51a0\u65f6\u95f4\u5230\u62c9\n|-resisted|p1a: \u9732\u51a0\u65f6\u95f4\u5230\u62c9\n|-crit|p1a: \u9732\u51a0\u65f6\u95f4\u5230\u62c9\n|-damage|p1a: \u9732\u51a0\u65f6\u95f4\u5230\u62c9|69/100\n|-resisted|p1a: \u9732\u51a0\u65f6\u95f4\u5230\u62c9\n|-crit|p1a: \u9732\u51a0\u65f6\u95f4\u5230\u62c9\n|-damage|p1a: \u9732\u51a0\u65f6\u95f4\u5230\u62c9|65/100\n|-resisted|p1a: \u9732\u51a0\u65f6\u95f4\u5230\u62c9\n|-crit|p1a: \u9732\u51a0\u65f6\u95f4\u5230\u62c9\n|-damage|p1a: \u9732\u51a0\u65f6\u95f4\u5230\u62c9|61/100\n|-hitcount|p1a: \u9732\u51a0\u65f6\u95f4\u5230\u62c9|3\n|move|p1a: \u9732\u51a0\u65f6\u95f4\u5230\u62c9|Expanding Force|p2b: Urshifu\n|-supereffective|p2b: Urshifu\n|-damage|p2b: Urshifu|0 fnt\n|faint|p2b: Urshifu\n|\n|win|dasabe\u76d6\u6b27\u5361\u4fa0\n|raw|dasabe\u76d6\u6b27\u5361\u4fa0's rating: 1333 &rarr; <strong>1357</strong><br />(+24 for winning)\n|raw|fogdocker's rating: 1411 &rarr; <strong>1387</strong><br />(-24 for losing)\n|l|\u2606dasabe\u76d6\u6b27\u5361\u4fa0\n|player|p1|\n","uploadtime":1768482958,"views":16,"formatid":"gen9vgc2026regi","rating":1357,"private":0,"password":null}