{"id":"gen9vgc2026regi-2577580761","format":"[Gen 9] VGC 2026 Reg I","players":["conniecut","TheNamesBetty"],"log":"|j|\u2606conniecut\n|j|\u2606TheNamesBetty\n|t:|1775587637\n|gametype|doubles\n|player|p1|conniecut|lady|1493\n|player|p2|TheNamesBetty|koga|1438\n|gen|9\n|tier|[Gen 9] VGC 2026 Reg I\n|rated|\n|rule|Species Clause: Limit one of each Pok\u00e9mon\n|rule|Item Clause: Limit 1 of each item\n|clearpoke\n|poke|p1|Calyrex-Ice, L50|\n|poke|p1|Smeargle, L50, F|\n|poke|p1|Ho-Oh, L50|\n|poke|p1|Ursaluna-Bloodmoon, L50, M|\n|poke|p1|Amoonguss, L50, M|\n|poke|p1|Urshifu-*, L50, M|\n|poke|p2|Koraidon, L50|\n|poke|p2|Calyrex-Shadow, L50|\n|poke|p2|Tornadus, L50, M|\n|poke|p2|Urshifu-*, L50, F|\n|poke|p2|Jumpluff, L50, M|\n|poke|p2|Dewgong, L50, F|\n|teampreview|4\n|\n|t:|1775587673\n|teamsize|p1|4\n|teamsize|p2|4\n|start\n|switch|p1a: Calyrex|Calyrex-Ice, L50|100/100\n|switch|p1b: Smeargle|Smeargle, L50, F|100/100\n|switch|p2a: Kakaj\u00ed\u010dko?|Jumpluff, L50, M|100/100\n|switch|p2b: D\u011bda Honza|Tornadus, L50, M|100/100\n|-ability|p1a: Calyrex|As One\n|-ability|p1a: Calyrex|Unnerve\n|turn|1\n|\n|t:|1775587683\n|move|p1b: Smeargle|Follow Me|p1b: Smeargle\n|-singleturn|p1b: Smeargle|move: Follow Me\n|move|p2b: D\u011bda Honza|Taunt|p1b: Smeargle\n|-start|p1b: Smeargle|move: Taunt\n|move|p2a: Kakaj\u00ed\u010dko?|Sleep Powder|p1b: Smeargle\n|-status|p1b: Smeargle|slp|[from] move: Sleep Powder\n|move|p1a: Calyrex|Trick Room|p1a: Calyrex\n|-fieldstart|move: Trick Room|[of] p1a: Calyrex\n|\n|upkeep\n|turn|2\n|c|\u2606TheNamesBetty|Ah, yes. Should have expected that\n|\n|t:|1775587714\n|switch|p1b: Ursaluna|Ursaluna-Bloodmoon, L50, M|100/100\n|move|p2b: D\u011bda Honza|Protect|p2b: D\u011bda Honza\n|-singleturn|p2b: D\u011bda Honza|Protect\n|move|p1a: Calyrex|Glacial Lance|p2a: Kakaj\u00ed\u010dko?|[spread] p2a\n|-activate|p2b: D\u011bda Honza|move: Protect\n|-supereffective|p2a: Kakaj\u00ed\u010dko?\n|-enditem|p2a: Kakaj\u00ed\u010dko?|Focus Sash\n|-damage|p2a: Kakaj\u00ed\u010dko?|1/100\n|move|p2a: Kakaj\u00ed\u010dko?|Sleep Powder|p1a: Calyrex\n|-status|p1a: Calyrex|slp|[from] move: Sleep Powder\n|\n|upkeep\n|turn|3\n|\n|t:|1775587742\n|move|p1b: Ursaluna|Hyper Voice|p2a: Kakaj\u00ed\u010dko?|[spread] p2a,p2b\n|-damage|p2a: Kakaj\u00ed\u010dko?|0 fnt\n|-damage|p2b: D\u011bda Honza|44/100\n|faint|p2a: Kakaj\u00ed\u010dko?\n|-damage|p1b: Ursaluna|91/100|[from] item: Life Orb\n|cant|p1a: Calyrex|slp\n|move|p2b: D\u011bda Honza|Bleakwind Storm|p1b: Ursaluna|[spread] p1a,p1b\n|-damage|p1a: Calyrex|67/100 slp\n|-damage|p1b: Ursaluna|35/100\n|-unboost|p1b: Ursaluna|spe|1\n|\n|upkeep\n|\n|t:|1775587751\n|switch|p2a: Jan\u017di\u017ekaZTrocnova|Koraidon, L50|100/100\n|-weather|SunnyDay|[from] ability: Orichalcum Pulse|[of] p2a: Jan\u017di\u017ekaZTrocnova\n|-activate|p2a: Jan\u017di\u017ekaZTrocnova|Orichalcum Pulse|[source]\n|turn|4\n|\n|t:|1775587778\n|move|p2b: D\u011bda Honza|Protect|p2b: D\u011bda Honza\n|-singleturn|p2b: D\u011bda Honza|Protect\n|move|p1b: Ursaluna|Earth Power|p2a: Jan\u017di\u017ekaZTrocnova\n|-damage|p2a: Jan\u017di\u017ekaZTrocnova|43/100\n|-damage|p1b: Ursaluna|25/100|[from] item: Life Orb\n|cant|p1a: Calyrex|slp\n|move|p2a: Jan\u017di\u017ekaZTrocnova|Collision Course|p1b: Ursaluna\n|-supereffective|p1b: Ursaluna\n|-damage|p1b: Ursaluna|0 fnt\n|faint|p1b: Ursaluna\n|\n|-weather|SunnyDay|[upkeep]\n|upkeep\n|\n|t:|1775587786\n|switch|p1b: Amoonguss|Amoonguss, L50, M|100/100\n|turn|5\n|\n|t:|1775587803\n|move|p1b: Amoonguss|Protect|p1b: Amoonguss\n|-singleturn|p1b: Amoonguss|Protect\n|move|p2a: Jan\u017di\u017ekaZTrocnova|Protect|p2a: Jan\u017di\u017ekaZTrocnova\n|-singleturn|p2a: Jan\u017di\u017ekaZTrocnova|Protect\n|move|p2b: D\u011bda Honza|Taunt|p1b: Amoonguss\n|-activate|p1b: Amoonguss|move: Protect\n|cant|p1a: Calyrex|slp\n|\n|-weather|SunnyDay|[upkeep]\n|-fieldend|move: Trick Room\n|upkeep\n|turn|6\n|\n|t:|1775587817\n|move|p1b: Amoonguss|Rage Powder|p1b: Amoonguss\n|-singleturn|p1b: Amoonguss|move: Rage Powder\n|move|p2a: Jan\u017di\u017ekaZTrocnova|Flare Blitz|p1b: Amoonguss\n|-supereffective|p1b: Amoonguss\n|-damage|p1b: Amoonguss|0 fnt\n|-damage|p2a: Jan\u017di\u017ekaZTrocnova|27/100|[from] item: Rocky Helmet|[of] p1b: Amoonguss\n|faint|p1b: Amoonguss\n|-damage|p2a: Jan\u017di\u017ekaZTrocnova|0 fnt|[from] Recoil\n|faint|p2a: Jan\u017di\u017ekaZTrocnova\n|move|p2b: D\u011bda Honza|Bleakwind Storm|p1a: Calyrex\n|-damage|p1a: Calyrex|19/100 slp\n|-curestatus|p1a: Calyrex|slp|[msg]\n|move|p1a: Calyrex|Trick Room|p1a: Calyrex\n|-fieldstart|move: Trick Room|[of] p1a: Calyrex\n|\n|-weather|SunnyDay|[upkeep]\n|upkeep\n|\n|t:|1775587824\n|switch|p1b: Smeargle|Smeargle, L50, F|100/100 slp\n|switch|p2a: Kedluben|Calyrex-Shadow, L50|100/100\n|-ability|p2a: Kedluben|As One\n|-ability|p2a: Kedluben|Unnerve\n|turn|7\n|\n|t:|1775587838\n|move|p2b: D\u011bda Honza|Protect|p2b: D\u011bda Honza\n|-singleturn|p2b: D\u011bda Honza|Protect\n|move|p1a: Calyrex|Protect|p1a: Calyrex\n|-singleturn|p1a: Calyrex|Protect\n|cant|p1b: Smeargle|slp\n|move|p2a: Kedluben|Astral Barrage|p1b: Smeargle|[spread] \n|-activate|p1a: Calyrex|move: Protect\n|-immune|p1b: Smeargle\n|\n|-weather|SunnyDay|[upkeep]\n|upkeep\n|turn|8\n|\n|t:|1775587859\n|move|p2b: D\u011bda Honza|Protect||[still]\n|-fail|p2b: D\u011bda Honza\n|cant|p1b: Smeargle|slp\n|move|p1a: Calyrex|Glacial Lance|p2a: Kedluben|[spread] p2a,p2b\n|-supereffective|p2b: D\u011bda Honza\n|-damage|p2a: Kedluben|20/100\n|-damage|p2b: D\u011bda Honza|0 fnt\n|faint|p2b: D\u011bda Honza\n|-ability|p1a: Calyrex|Chilling Neigh|boost\n|-boost|p1a: Calyrex|atk|1\n|move|p2a: Kedluben|Astral Barrage|p1b: Smeargle|[spread] p1a\n|-immune|p1b: Smeargle\n|-supereffective|p1a: Calyrex\n|-damage|p1a: Calyrex|0 fnt\n|faint|p1a: Calyrex\n|-ability|p2a: Kedluben|Grim Neigh|boost\n|-boost|p2a: Kedluben|spa|1\n|-damage|p2a: Kedluben|10/100|[from] item: Life Orb\n|\n|-weather|none\n|upkeep\n|turn|9\n|\n|t:|1775587888\n|move|p2a: Kedluben|Protect|p2a: Kedluben\n|-singleturn|p2a: Kedluben|Protect\n|-curestatus|p1b: Smeargle|slp|[msg]\n|move|p1b: Smeargle|Decorate|p2a: Kedluben\n|-boost|p2a: Kedluben|atk|2\n|-boost|p2a: Kedluben|spa|2\n|\n|upkeep\n|turn|10\n|c|\u2606TheNamesBetty|It's sash, right?\n|c|\u2606TheNamesBetty|That's actually so funny\n|\n|t:|1775587918\n|move|p1b: Smeargle|Spore|p2a: Kedluben\n|-status|p2a: Kedluben|slp|[from] move: Spore\n|cant|p2a: Kedluben|slp\n|\n|-fieldend|move: Trick Room\n|upkeep\n|turn|11\n|\n|t:|1775587925\n|-curestatus|p2a: Kedluben|slp|[msg]\n|move|p2a: Kedluben|Nasty Plot|p2a: Kedluben\n|-boost|p2a: Kedluben|spa|2\n|move|p1b: Smeargle|Decorate|p2a: Kedluben\n|-boost|p2a: Kedluben|atk|2\n|-boost|p2a: Kedluben|spa|1\n|\n|upkeep\n|turn|12\n|\n|t:|1775587931\n|move|p2a: Kedluben|Nasty Plot|p2a: Kedluben\n|-boost|p2a: Kedluben|spa|0\n|move|p1b: Smeargle|Decorate|p2a: Kedluben\n|-boost|p2a: Kedluben|atk|2\n|-boost|p2a: Kedluben|spa|0\n|\n|upkeep\n|turn|13\n|\n|t:|1775587936\n|move|p1b: Smeargle|Follow Me|p1b: Smeargle\n|-singleturn|p1b: Smeargle|move: Follow Me\n|move|p2a: Kedluben|Nasty Plot|p2a: Kedluben\n|-boost|p2a: Kedluben|spa|0\n|\n|upkeep\n|turn|14\n|\n|t:|1775587941\n|move|p1b: Smeargle|Follow Me|p1b: Smeargle\n|-singleturn|p1b: Smeargle|move: Follow Me\n|move|p2a: Kedluben|Nasty Plot|p2a: Kedluben\n|-boost|p2a: Kedluben|spa|0\n|\n|upkeep\n|turn|15\n|\n|t:|1775587947\n|move|p2a: Kedluben|Nasty Plot|p2a: Kedluben\n|-boost|p2a: Kedluben|spa|0\n|move|p1b: Smeargle|Spore|p2a: Kedluben\n|-status|p2a: Kedluben|slp|[from] move: Spore\n|\n|upkeep\n|turn|16\n|\n|t:|1775587956\n|cant|p2a: Kedluben|slp\n|move|p1b: Smeargle|Decorate|p2a: Kedluben\n|-boost|p2a: Kedluben|atk|0\n|-boost|p2a: Kedluben|spa|0\n|\n|upkeep\n|turn|17\n|\n|t:|1775587959\n|move|p1b: Smeargle|Follow Me|p1b: Smeargle\n|-singleturn|p1b: Smeargle|move: Follow Me\n|cant|p2a: Kedluben|slp\n|\n|upkeep\n|turn|18\n|\n|t:|1775587963\n|move|p1b: Smeargle|Follow Me|p1b: Smeargle\n|-singleturn|p1b: Smeargle|move: Follow Me\n|cant|p2a: Kedluben|slp\n|\n|upkeep\n|turn|19\n|\n|t:|1775587967\n|move|p1b: Smeargle|Follow Me|p1b: Smeargle\n|-singleturn|p1b: Smeargle|move: Follow Me\n|-curestatus|p2a: Kedluben|slp|[msg]\n|move|p2a: Kedluben|Nasty Plot|p2a: Kedluben\n|-boost|p2a: Kedluben|spa|0\n|\n|upkeep\n|turn|20\n|\n|t:|1775587970\n|move|p1b: Smeargle|Follow Me|p1b: Smeargle\n|-singleturn|p1b: Smeargle|move: Follow Me\n|move|p2a: Kedluben|Nasty Plot|p2a: Kedluben\n|-boost|p2a: Kedluben|spa|0\n|\n|upkeep\n|turn|21\n|\n|t:|1775587974\n|move|p1b: Smeargle|Follow Me|p1b: Smeargle\n|-singleturn|p1b: Smeargle|move: Follow Me\n|move|p2a: Kedluben|Nasty Plot|p2a: Kedluben\n|-boost|p2a: Kedluben|spa|0\n|\n|upkeep\n|turn|22\n|\n|t:|1775587980\n|move|p2a: Kedluben|Nasty Plot|p2a: Kedluben\n|-boost|p2a: Kedluben|spa|0\n|move|p1b: Smeargle|Decorate|p2a: Kedluben\n|-boost|p2a: Kedluben|atk|0\n|-boost|p2a: Kedluben|spa|0\n|\n|upkeep\n|turn|23\n|\n|t:|1775587982\n|move|p2a: Kedluben|Nasty Plot|p2a: Kedluben\n|-boost|p2a: Kedluben|spa|0\n|move|p1b: Smeargle|Decorate|p2a: Kedluben\n|-boost|p2a: Kedluben|atk|0\n|-boost|p2a: Kedluben|spa|0\n|\n|upkeep\n|turn|24\n|\n|t:|1775587985\n|move|p2a: Kedluben|Nasty Plot|p2a: Kedluben\n|-boost|p2a: Kedluben|spa|0\n|move|p1b: Smeargle|Decorate|p2a: Kedluben\n|-boost|p2a: Kedluben|atk|0\n|-boost|p2a: Kedluben|spa|0\n|\n|upkeep\n|turn|25\n|\n|t:|1775587992\n|move|p2a: Kedluben|Nasty Plot|p2a: Kedluben\n|-boost|p2a: Kedluben|spa|0\n|move|p1b: Smeargle|Decorate|p2a: Kedluben\n|-boost|p2a: Kedluben|atk|0\n|-boost|p2a: Kedluben|spa|0\n|\n|upkeep\n|turn|26\n|\n|t:|1775587994\n|move|p2a: Kedluben|Nasty Plot|p2a: Kedluben\n|-boost|p2a: Kedluben|spa|0\n|move|p1b: Smeargle|Decorate|p2a: Kedluben\n|-boost|p2a: Kedluben|atk|0\n|-boost|p2a: Kedluben|spa|0\n|\n|upkeep\n|turn|27\n|\n|t:|1775587998\n|move|p2a: Kedluben|Nasty Plot|p2a: Kedluben\n|-boost|p2a: Kedluben|spa|0\n|move|p1b: Smeargle|Decorate|p2a: Kedluben\n|-boost|p2a: Kedluben|atk|0\n|-boost|p2a: Kedluben|spa|0\n|\n|upkeep\n|turn|28\n|\n|t:|1775588004\n|move|p2a: Kedluben|Nasty Plot|p2a: Kedluben\n|-boost|p2a: Kedluben|spa|0\n|move|p1b: Smeargle|Decorate|p2a: Kedluben\n|-boost|p2a: Kedluben|atk|0\n|-boost|p2a: Kedluben|spa|0\n|\n|upkeep\n|turn|29\n|\n|t:|1775588019\n|move|p2a: Kedluben|Nasty Plot|p2a: Kedluben\n|-boost|p2a: Kedluben|spa|0\n|move|p1b: Smeargle|Decorate|p2a: Kedluben\n|-boost|p2a: Kedluben|atk|0\n|-boost|p2a: Kedluben|spa|0\n|\n|upkeep\n|turn|30\n|\n|t:|1775588023\n|move|p2a: Kedluben|Nasty Plot|p2a: Kedluben\n|-boost|p2a: Kedluben|spa|0\n|move|p1b: Smeargle|Decorate|p2a: Kedluben\n|-boost|p2a: Kedluben|atk|0\n|-boost|p2a: Kedluben|spa|0\n|\n|upkeep\n|turn|31\n|\n|t:|1775588026\n|move|p1b: Smeargle|Follow Me|p1b: Smeargle\n|-singleturn|p1b: Smeargle|move: Follow Me\n|move|p2a: Kedluben|Nasty Plot|p2a: Kedluben\n|-boost|p2a: Kedluben|spa|0\n|\n|upkeep\n|turn|32\n|\n|t:|1775588028\n|move|p1b: Smeargle|Follow Me|p1b: Smeargle\n|-singleturn|p1b: Smeargle|move: Follow Me\n|move|p2a: Kedluben|Nasty Plot|p2a: Kedluben\n|-boost|p2a: Kedluben|spa|0\n|\n|upkeep\n|turn|33\n|\n|t:|1775588030\n|move|p1b: Smeargle|Follow Me|p1b: Smeargle\n|-singleturn|p1b: Smeargle|move: Follow Me\n|move|p2a: Kedluben|Nasty Plot|p2a: Kedluben\n|-boost|p2a: Kedluben|spa|0\n|\n|upkeep\n|turn|34\n|\n|t:|1775588032\n|move|p1b: Smeargle|Follow Me|p1b: Smeargle\n|-singleturn|p1b: Smeargle|move: Follow Me\n|move|p2a: Kedluben|Nasty Plot|p2a: Kedluben\n|-boost|p2a: Kedluben|spa|0\n|\n|upkeep\n|turn|35\n|\n|t:|1775588035\n|move|p1b: Smeargle|Follow Me|p1b: Smeargle\n|-singleturn|p1b: Smeargle|move: Follow Me\n|move|p2a: Kedluben|Nasty Plot|p2a: Kedluben\n|-boost|p2a: Kedluben|spa|0\n|\n|upkeep\n|turn|36\n|\n|t:|1775588038\n|move|p1b: Smeargle|Follow Me|p1b: Smeargle\n|-singleturn|p1b: Smeargle|move: Follow Me\n|move|p2a: Kedluben|Nasty Plot|p2a: Kedluben\n|-boost|p2a: Kedluben|spa|0\n|\n|upkeep\n|turn|37\n|\n|t:|1775588042\n|move|p1b: Smeargle|Follow Me|p1b: Smeargle\n|-singleturn|p1b: Smeargle|move: Follow Me\n|move|p2a: Kedluben|Nasty Plot|p2a: Kedluben\n|-boost|p2a: Kedluben|spa|0\n|\n|upkeep\n|turn|38\n|\n|t:|1775588047\n|move|p1b: Smeargle|Follow Me|p1b: Smeargle\n|-singleturn|p1b: Smeargle|move: Follow Me\n|move|p2a: Kedluben|Nasty Plot|p2a: Kedluben\n|-boost|p2a: Kedluben|spa|0\n|\n|upkeep\n|turn|39\n|\n|t:|1775588048\n|move|p1b: Smeargle|Follow Me|p1b: Smeargle\n|-singleturn|p1b: Smeargle|move: Follow Me\n|move|p2a: Kedluben|Nasty Plot|p2a: Kedluben\n|-boost|p2a: Kedluben|spa|0\n|\n|upkeep\n|turn|40\n|\n|t:|1775588051\n|move|p1b: Smeargle|Follow Me|p1b: Smeargle\n|-singleturn|p1b: Smeargle|move: Follow Me\n|move|p2a: Kedluben|Nasty Plot|p2a: Kedluben\n|-boost|p2a: Kedluben|spa|0\n|\n|upkeep\n|turn|41\n|\n|t:|1775588053\n|move|p1b: Smeargle|Follow Me|p1b: Smeargle\n|-singleturn|p1b: Smeargle|move: Follow Me\n|move|p2a: Kedluben|Nasty Plot|p2a: Kedluben\n|-boost|p2a: Kedluben|spa|0\n|\n|upkeep\n|turn|42\n|\n|t:|1775588056\n|move|p1b: Smeargle|Follow Me|p1b: Smeargle\n|-singleturn|p1b: Smeargle|move: Follow Me\n|move|p2a: Kedluben|Astral Barrage|p1b: Smeargle\n|-immune|p1b: Smeargle\n|\n|upkeep\n|turn|43\n|\n|t:|1775588063\n|move|p1b: Smeargle|Follow Me|p1b: Smeargle\n|-singleturn|p1b: Smeargle|move: Follow Me\n|move|p2a: Kedluben|Nasty Plot|p2a: Kedluben\n|-boost|p2a: Kedluben|spa|0\n|\n|upkeep\n|turn|44\n|\n|t:|1775588069\n|move|p1b: Smeargle|Follow Me|p1b: Smeargle\n|-singleturn|p1b: Smeargle|move: Follow Me\n|move|p2a: Kedluben|Nasty Plot|p2a: Kedluben\n|-boost|p2a: Kedluben|spa|0\n|\n|upkeep\n|turn|45\n|\n|t:|1775588078\n|move|p1b: Smeargle|Follow Me|p1b: Smeargle\n|-singleturn|p1b: Smeargle|move: Follow Me\n|move|p2a: Kedluben|Astral Barrage|p1b: Smeargle\n|-immune|p1b: Smeargle\n|\n|upkeep\n|turn|46\n|\n|t:|1775588093\n|move|p2a: Kedluben|Nasty Plot|p2a: Kedluben\n|-boost|p2a: Kedluben|spa|0\n|move|p1b: Smeargle|Decorate|p2a: Kedluben\n|-boost|p2a: Kedluben|atk|0\n|-boost|p2a: Kedluben|spa|0\n|\n|upkeep\n|turn|47\n|\n|t:|1775588100\n|move|p2a: Kedluben|Protect|p2a: Kedluben\n|-singleturn|p2a: Kedluben|Protect\n|move|p1b: Smeargle|Decorate|p2a: Kedluben\n|-boost|p2a: Kedluben|atk|0\n|-boost|p2a: Kedluben|spa|0\n|\n|upkeep\n|turn|48\n|\n|t:|1775588104\n|move|p2a: Kedluben|Nasty Plot|p2a: Kedluben\n|-boost|p2a: Kedluben|spa|0\n|move|p1b: Smeargle|Decorate|p2a: Kedluben\n|-boost|p2a: Kedluben|atk|0\n|-boost|p2a: Kedluben|spa|0\n|\n|upkeep\n|turn|49\n|\n|t:|1775588107\n|move|p2a: Kedluben|Protect|p2a: Kedluben\n|-singleturn|p2a: Kedluben|Protect\n|move|p1b: Smeargle|Follow Me|p1b: Smeargle\n|-singleturn|p1b: Smeargle|move: Follow Me\n|\n|upkeep\n|turn|50\n|\n|t:|1775588110\n|move|p2a: Kedluben|Protect|p2a: Kedluben\n|-singleturn|p2a: Kedluben|Protect\n|move|p1b: Smeargle|Follow Me|p1b: Smeargle\n|-singleturn|p1b: Smeargle|move: Follow Me\n|\n|upkeep\n|turn|51\n|\n|t:|1775588114\n|move|p2a: Kedluben|Psychic|p2: D\u011bda Honza|[notarget]\n|-fail|p2a: Kedluben\n|move|p1b: Smeargle|Decorate|p2a: Kedluben\n|-boost|p2a: Kedluben|atk|0\n|-boost|p2a: Kedluben|spa|0\n|\n|upkeep\n|turn|52\n|\n|t:|1775588131\n|move|p1b: Smeargle|Protect|p1b: Smeargle\n|-singleturn|p1b: Smeargle|Protect\n|move|p2a: Kedluben|Astral Barrage|p1b: Smeargle\n|-activate|p1b: Smeargle|move: Protect\n|\n|upkeep\n|turn|53\n|\n|t:|1775588138\n|move|p2a: Kedluben|Protect|p2a: Kedluben\n|-singleturn|p2a: Kedluben|Protect\n|move|p1b: Smeargle|Spore|p2a: Kedluben\n|-activate|p2a: Kedluben|move: Protect\n|\n|upkeep\n|turn|54\n|\n|t:|1775588156\n|move|p2a: Kedluben|Astral Barrage|p1b: Smeargle\n|-immune|p1b: Smeargle\n|move|p1b: Smeargle|Decorate|p2a: Kedluben\n|-boost|p2a: Kedluben|atk|0\n|-boost|p2a: Kedluben|spa|0\n|\n|upkeep\n|turn|55\n|\n|t:|1775588180\n|move|p2a: Kedluben|Protect|p2a: Kedluben\n|-singleturn|p2a: Kedluben|Protect\n|move|p1b: Smeargle|Follow Me|p1b: Smeargle\n|-singleturn|p1b: Smeargle|move: Follow Me\n|\n|upkeep\n|turn|56\n|\n|t:|1775588186\n|move|p2a: Kedluben|Astral Barrage|p1b: Smeargle\n|-immune|p1b: Smeargle\n|move|p1b: Smeargle|Decorate|p2a: Kedluben\n|-boost|p2a: Kedluben|atk|0\n|-boost|p2a: Kedluben|spa|0\n|\n|upkeep\n|turn|57\n|\n|t:|1775588201\n|move|p2a: Kedluben|Psychic|p2: D\u011bda Honza|[notarget]\n|-fail|p2a: Kedluben\n|move|p1b: Smeargle|Spore|p2a: Kedluben\n|-status|p2a: Kedluben|slp|[from] move: Spore\n|\n|upkeep\n|turn|58\n|\n|t:|1775588210\n|cant|p2a: Kedluben|slp\n|move|p1b: Smeargle|Protect||[still]\n|-fail|p1b: Smeargle\n|\n|upkeep\n|turn|59\n|\n|t:|1775588213\n|-curestatus|p2a: Kedluben|slp|[msg]\n|move|p2a: Kedluben|Protect|p2a: Kedluben\n|-singleturn|p2a: Kedluben|Protect\n|move|p1b: Smeargle|Protect||[still]\n|-fail|p1b: Smeargle\n|\n|upkeep\n|turn|60\n|\n|t:|1775588228\n|move|p2a: Kedluben|Psychic|p2: D\u011bda Honza|[notarget]\n|-fail|p2a: Kedluben\n|move|p1b: Smeargle|Decorate|p2a: Kedluben\n|-boost|p2a: Kedluben|atk|0\n|-boost|p2a: Kedluben|spa|0\n|\n|upkeep\n|turn|61\n|\n|t:|1775588247\n|move|p2a: Kedluben|Astral Barrage|p1b: Smeargle\n|-immune|p1b: Smeargle\n|move|p1b: Smeargle|Decorate|p2a: Kedluben\n|-boost|p2a: Kedluben|atk|0\n|-boost|p2a: Kedluben|spa|0\n|\n|upkeep\n|turn|62\n|\n|t:|1775588256\n|move|p2a: Kedluben|Protect|p2a: Kedluben\n|-singleturn|p2a: Kedluben|Protect\n|move|p1b: Smeargle|Follow Me|p1b: Smeargle\n|-singleturn|p1b: Smeargle|move: Follow Me\n|\n|upkeep\n|turn|63\n|\n|t:|1775588266\n|move|p2a: Kedluben|Protect||[still]\n|-fail|p2a: Kedluben\n|move|p1b: Smeargle|Follow Me|p1b: Smeargle\n|-singleturn|p1b: Smeargle|move: Follow Me\n|\n|upkeep\n|turn|64\n|\n|t:|1775588280\n|move|p2a: Kedluben|Protect|p2a: Kedluben\n|-singleturn|p2a: Kedluben|Protect\n|move|p1b: Smeargle|Protect||[still]\n|-fail|p1b: Smeargle\n|\n|upkeep\n|turn|65\n|\n|t:|1775588285\n|move|p1b: Smeargle|Protect|p1b: Smeargle\n|-singleturn|p1b: Smeargle|Protect\n|move|p2a: Kedluben|Psychic|p2: D\u011bda Honza|[notarget]\n|-fail|p2a: Kedluben\n|\n|upkeep\n|turn|66\n|\n|t:|1775588300\n|move|p2a: Kedluben|Protect|p2a: Kedluben\n|-singleturn|p2a: Kedluben|Protect\n|move|p1b: Smeargle|Protect||[still]\n|-fail|p1b: Smeargle\n|\n|upkeep\n|turn|67\n|\n|t:|1775588311\n|move|p2a: Kedluben|Protect||[still]\n|-fail|p2a: Kedluben\n|move|p1b: Smeargle|Follow Me|p1b: Smeargle\n|-singleturn|p1b: Smeargle|move: Follow Me\n|\n|upkeep\n|turn|68\n|\n|t:|1775588325\n|move|p2a: Kedluben|Psychic|p2: D\u011bda Honza|[notarget]\n|-fail|p2a: Kedluben\n|move|p1b: Smeargle|Decorate|p2a: Kedluben\n|-boost|p2a: Kedluben|atk|0\n|-boost|p2a: Kedluben|spa|0\n|\n|upkeep\n|turn|69\n|\n|t:|1775588342\n|move|p1b: Smeargle|Protect|p1b: Smeargle\n|-singleturn|p1b: Smeargle|Protect\n|move|p2a: Kedluben|Psychic|p2: D\u011bda Honza|[notarget]\n|-fail|p2a: Kedluben\n|\n|upkeep\n|turn|70\n|\n|t:|1775588346\n|move|p2a: Kedluben|Protect|p2a: Kedluben\n|-singleturn|p2a: Kedluben|Protect\n|move|p1b: Smeargle|Protect||[still]\n|-fail|p1b: Smeargle\n|\n|upkeep\n|turn|71\n|\n|t:|1775588356\n|move|p2a: Kedluben|Protect||[still]\n|-fail|p2a: Kedluben\n|move|p1b: Smeargle|Follow Me|p1b: Smeargle\n|-singleturn|p1b: Smeargle|move: Follow Me\n|\n|upkeep\n|turn|72\n|\n|t:|1775588362\n|move|p2a: Kedluben|Psychic|p2: D\u011bda Honza|[notarget]\n|-fail|p2a: Kedluben\n|move|p1b: Smeargle|Decorate|p2a: Kedluben\n|-boost|p2a: Kedluben|atk|0\n|-boost|p2a: Kedluben|spa|0\n|\n|upkeep\n|turn|73\n|\n|t:|1775588371\n|move|p1b: Smeargle|Follow Me|p1b: Smeargle\n|-singleturn|p1b: Smeargle|move: Follow Me\n|move|p2a: Kedluben|Psychic|p1b: Smeargle\n|-enditem|p1b: Smeargle|Focus Sash\n|-damage|p1b: Smeargle|1/100\n|-damage|p2a: Kedluben|0 fnt|[from] item: Life Orb\n|faint|p2a: Kedluben\n|\n|win|conniecut\n|raw|conniecut's rating: 1493 &rarr; <strong>1510</strong><br />(+17 for winning)\n|raw|TheNamesBetty's rating: 1438 &rarr; <strong>1421</strong><br />(-17 for losing)\n|c|\u2606TheNamesBetty|Ggs\n","uploadtime":1775588385,"views":13,"formatid":"gen9vgc2026regi","rating":1421,"private":0,"password":null}