{"id":"gen9vgc2026regi-2538555713","format":"[Gen 9] VGC 2026 Reg I","players":["iSolace","eye-zitt"],"log":"|j|\u2606iSolace\n|j|\u2606eye-zitt\n|t:|1770939961\n|gametype|doubles\n|player|p1|iSolace|veteran|1190\n|player|p2|eye-zitt|hilbert|1209\n|gen|9\n|tier|[Gen 9] VGC 2026 Reg I\n|rated|\n|rule|Species Clause: Limit one of each Pok\u00e9mon\n|rule|Item Clause: Limit 1 of each item\n|clearpoke\n|poke|p1|Lunala, L50|\n|poke|p1|Miraidon, L50|\n|poke|p1|Urshifu-*, L50, F|\n|poke|p1|Flutter Mane, L50|\n|poke|p1|Amoonguss, L50, F|\n|poke|p1|Incineroar, L50, M|\n|poke|p2|Terapagos, L50, M|\n|poke|p2|Calyrex-Shadow, L50|\n|poke|p2|Rillaboom, L50, F|\n|poke|p2|Incineroar, L50, M|\n|poke|p2|Amoonguss, L50, F|\n|poke|p2|Ogerpon-Cornerstone, L50, F|\n|teampreview|4\n|inactive|Battle timer is ON: inactive players will automatically lose when time's up. (requested by eye-zitt)\n|c|\u2606iSolace|yoo thats my main team\n|\n|t:|1770939989\n|teamsize|p1|4\n|teamsize|p2|4\n|start\n|switch|p1a: Miraidon|Miraidon, L50|100/100\n|switch|p1b: Urshifu|Urshifu, L50, F|100/100\n|switch|p2a: Terapagos|Terapagos, L50, M|100/100\n|switch|p2b: Amoonguss|Amoonguss, L50, F|100/100\n|-activate|p2a: Terapagos|ability: Tera Shift\n|detailschange|p2a: Terapagos|Terapagos-Terastal, L50, M\n|-heal|p2a: Terapagos|100/100|[silent]\n|-fieldstart|move: Electric Terrain|[from] ability: Hadron Engine|[of] p1a: Miraidon\n|turn|1\n|c|\u2606eye-zitt|I dig it\n|c|\u2606eye-zitt|My buddy and I are running a money match tmrw and I gotta practice\n|\n|t:|1770940010\n|move|p2b: Amoonguss|Rage Powder|p2b: Amoonguss\n|-singleturn|p2b: Amoonguss|move: Rage Powder\n|move|p1a: Miraidon|Volt Switch|p2b: Amoonguss\n|-resisted|p2b: Amoonguss\n|-damage|p2b: Amoonguss|70/100\n|c|\u2606iSolace|terapagos is so fun\n|\n|t:|1770940023\n|switch|p1a: Lunala|Lunala, L50|100/100|[from] Volt Switch\n|move|p1b: Urshifu|Close Combat|p2b: Amoonguss\n|-resisted|p2b: Amoonguss\n|-damage|p2b: Amoonguss|43/100\n|-unboost|p1b: Urshifu|def|1\n|-unboost|p1b: Urshifu|spd|1\n|-damage|p1b: Urshifu|84/100|[from] item: Rocky Helmet|[of] p2b: Amoonguss\n|move|p2a: Terapagos|Earth Power|p1a: Lunala\n|-damage|p1a: Lunala|91/100\n|\n|upkeep\n|turn|2\n|\n|t:|1770940044\n|switch|p1b: Flutter Mane|Flutter Mane, L50|100/100\n|-enditem|p1b: Flutter Mane|Booster Energy\n|-activate|p1b: Flutter Mane|ability: Protosynthesis|[fromitem]\n|-start|p1b: Flutter Mane|protosynthesisspe\n|move|p1a: Lunala|Meteor Beam||[still]\n|-prepare|p1a: Lunala|Meteor Beam\n|-boost|p1a: Lunala|spa|1\n|-enditem|p1a: Lunala|Power Herb\n|-anim|p1a: Lunala|Meteor Beam|p2b: Amoonguss|[miss]\n|-miss|p1a: Lunala|p2b: Amoonguss\n|move|p2a: Terapagos|Calm Mind|p2a: Terapagos\n|-boost|p2a: Terapagos|spa|1\n|-boost|p2a: Terapagos|spd|1\n|move|p2b: Amoonguss|Spore|p1a: Lunala\n|-activate|p1a: Lunala|move: Electric Terrain\n|\n|upkeep\n|turn|3\n|c|\u2606eye-zitt|lol\n|\n|t:|1770940066\n|move|p2b: Amoonguss|Rage Powder|p2b: Amoonguss\n|-singleturn|p2b: Amoonguss|move: Rage Powder\n|move|p1b: Flutter Mane|Icy Wind|p2b: Amoonguss|[spread] p2a,p2b\n|-activate|p2a: Terapagos|ability: Tera Shell\n|-resisted|p2a: Terapagos\n|-supereffective|p2b: Amoonguss\n|-damage|p2a: Terapagos|96/100\n|-damage|p2b: Amoonguss|15/100\n|-unboost|p2a: Terapagos|spe|1\n|-unboost|p2b: Amoonguss|spe|1\n|move|p1a: Lunala|Meteor Beam||[still]\n|-prepare|p1a: Lunala|Meteor Beam\n|-boost|p1a: Lunala|spa|1\n|move|p2a: Terapagos|Calm Mind|p2a: Terapagos\n|-boost|p2a: Terapagos|spa|1\n|-boost|p2a: Terapagos|spd|1\n|\n|-heal|p2a: Terapagos|100/100|[from] item: Leftovers\n|upkeep\n|turn|4\n|\n|t:|1770940088\n|-terastallize|p2a: Terapagos|Stellar\n|detailschange|p2a: Terapagos|Terapagos-Stellar, L50, M, tera:Stellar\n|-heal|p2a: Terapagos|100/100|[silent]\n|-ability|p2a: Terapagos|Teraform Zero\n|-fieldend|move: Electric Terrain\n|move|p2b: Amoonguss|Protect|p2b: Amoonguss\n|-singleturn|p2b: Amoonguss|Protect\n|move|p1b: Flutter Mane|Icy Wind|p2a: Terapagos|[spread] p2a\n|-activate|p2b: Amoonguss|move: Protect\n|-damage|p2a: Terapagos|96/100\n|-unboost|p2a: Terapagos|spe|1\n|move|p1a: Lunala|Meteor Beam|p2b: Amoonguss|[from] lockedmove\n|-activate|p2b: Amoonguss|move: Protect\n|move|p2a: Terapagos|Calm Mind|p2a: Terapagos\n|-boost|p2a: Terapagos|spa|1\n|-boost|p2a: Terapagos|spd|1\n|\n|-heal|p2a: Terapagos|100/100|[from] item: Leftovers\n|upkeep\n|turn|5\n|\n|t:|1770940109\n|move|p1a: Lunala|Wide Guard|p1a: Lunala\n|-singleturn|p1a: Lunala|Wide Guard\n|move|p2b: Amoonguss|Rage Powder|p2b: Amoonguss\n|-singleturn|p2b: Amoonguss|move: Rage Powder\n|move|p1b: Flutter Mane|Shadow Ball|p2b: Amoonguss\n|-damage|p2b: Amoonguss|0 fnt\n|faint|p2b: Amoonguss\n|move|p2a: Terapagos|Tera Starstorm|p1b: Flutter Mane|[spread] \n|-activate|p1a: Lunala|move: Wide Guard\n|-activate|p1b: Flutter Mane|move: Wide Guard\n|\n|upkeep\n|\n|t:|1770940112\n|switch|p2b: Incineroar|Incineroar, L50, M|100/100\n|-ability|p2b: Incineroar|Intimidate|boost\n|-unboost|p1a: Lunala|atk|1\n|-unboost|p1b: Flutter Mane|atk|1\n|turn|6\n|\n|t:|1770940123\n|move|p1a: Lunala|Wide Guard|p1a: Lunala\n|-singleturn|p1a: Lunala|Wide Guard\n|move|p1b: Flutter Mane|Moonblast|p2a: Terapagos\n|-damage|p2a: Terapagos|88/100\n|move|p2b: Incineroar|Knock Off|p1a: Lunala\n|-supereffective|p1a: Lunala\n|-damage|p1a: Lunala|11/100\n|move|p2a: Terapagos|Earth Power|p1b: Flutter Mane\n|-damage|p1b: Flutter Mane|0 fnt\n|faint|p1b: Flutter Mane\n|-end|p1b: Flutter Mane|Protosynthesis|[silent]\n|\n|-heal|p2a: Terapagos|94/100|[from] item: Leftovers\n|upkeep\n|\n|t:|1770940132\n|switch|p1b: Urshifu|Urshifu, L50, F|84/100\n|turn|7\n|\n|t:|1770940147\n|move|p1a: Lunala|Wide Guard|p1a: Lunala\n|-singleturn|p1a: Lunala|Wide Guard\n|move|p1b: Urshifu|Close Combat|p2a: Terapagos\n|-supereffective|p2a: Terapagos\n|-damage|p2a: Terapagos|3/100\n|-unboost|p1b: Urshifu|def|1\n|-unboost|p1b: Urshifu|spd|1\n|move|p2b: Incineroar|Flare Blitz|p1b: Urshifu\n|-damage|p1b: Urshifu|10/100\n|-status|p1b: Urshifu|brn\n|-damage|p2b: Incineroar|79/100|[from] Recoil\n|move|p2a: Terapagos|Tera Starstorm|p1a: Lunala|[spread] \n|-activate|p1a: Lunala|move: Wide Guard\n|-activate|p1b: Urshifu|move: Wide Guard\n|\n|-heal|p2a: Terapagos|9/100|[from] item: Leftovers\n|-damage|p1b: Urshifu|4/100 brn|[from] brn\n|upkeep\n|turn|8\n|\n|t:|1770940163\n|move|p1a: Lunala|Wide Guard|p1a: Lunala\n|-singleturn|p1a: Lunala|Wide Guard\n|move|p1b: Urshifu|Sucker Punch|p2a: Terapagos\n|-damage|p2a: Terapagos|0 fnt\n|faint|p2a: Terapagos\n|detailschange|p2: Terapagos|Terapagos, L50, M|[silent]\n|move|p2b: Incineroar|Knock Off|p1a: Lunala\n|-supereffective|p1a: Lunala\n|-damage|p1a: Lunala|0 fnt\n|faint|p1a: Lunala\n|\n|-damage|p1b: Urshifu|0 fnt|[from] brn\n|faint|p1b: Urshifu\n|upkeep\n|\n|t:|1770940171\n|switch|p1a: Miraidon|Miraidon, L50|100/100\n|switch|p2a: Calyrex|Calyrex-Shadow, L50|100/100\n|-ability|p2a: Calyrex|As One\n|-ability|p2a: Calyrex|Unnerve\n|-fieldstart|move: Electric Terrain|[from] ability: Hadron Engine|[of] p1a: Miraidon\n|turn|9\n|\n|t:|1770940182\n|-terastallize|p1a: Miraidon|Electric\n|move|p2a: Calyrex|Astral Barrage|p1a: Miraidon\n|-damage|p1a: Miraidon|61/100\n|move|p1a: Miraidon|Electro Drift|p2a: Calyrex\n|-enditem|p2a: Calyrex|Focus Sash\n|-damage|p2a: Calyrex|1/100\n|move|p2b: Incineroar|Knock Off|p1a: Miraidon\n|-damage|p1a: Miraidon|28/100\n|-enditem|p1a: Miraidon|Assault Vest|[from] move: Knock Off|[of] p2b: Incineroar\n|\n|upkeep\n|turn|10\n|\n|t:|1770940199\n|move|p2a: Calyrex|Astral Barrage|p1a: Miraidon\n|-damage|p1a: Miraidon|0 fnt\n|faint|p1a: Miraidon\n|\n|win|eye-zitt\n|raw|iSolace's rating: 1190 &rarr; <strong>1166</strong><br />(-24 for losing)\n|raw|eye-zitt's rating: 1209 &rarr; <strong>1233</strong><br />(+24 for winning)\n|c|\u2606eye-zitt|gg\n|c|\u2606iSolace|gg\n","uploadtime":1770940206,"views":26,"formatid":"gen9vgc2026regi","rating":1166,"private":0,"password":null}