{"id":"gen9vgc2026regi-2552076944","format":"[Gen 9] VGC 2026 Reg I","players":["tbyong","it'sjustken vgc"],"log":"|j|\u2606tbyong\n|j|\u2606it'sjustken vgc\n|t:|1772672739\n|gametype|doubles\n|player|p1|tbyong|iris-gen5bw2|1248\n|player|p2|it'sjustken vgc|102|1387\n|gen|9\n|tier|[Gen 9] VGC 2026 Reg I\n|rated|\n|rule|Species Clause: Limit one of each Pok\u00e9mon\n|rule|Item Clause: Limit 1 of each item\n|clearpoke\n|poke|p1|Calyrex-Ice, L50|\n|poke|p1|Lunala, L50|\n|poke|p1|Indeedee-F, L50, F|\n|poke|p1|Urshifu-*, L50, M|\n|poke|p1|Raging Bolt, L50|\n|poke|p1|Torkoal, L50, F|\n|poke|p2|Urshifu-*, L50, F|\n|poke|p2|Incineroar, L50, M|\n|poke|p2|Calyrex-Shadow, L50|\n|poke|p2|Amoonguss, L50, F|\n|poke|p2|Tornadus, L50, M|\n|poke|p2|Chien-Pao, L50|\n|teampreview|4\n|inactive|Battle timer is ON: inactive players will automatically lose when time's up. (requested by it'sjustken vgc)\n|\n|t:|1772672765\n|teamsize|p1|4\n|teamsize|p2|4\n|start\n|switch|p1a: Lunala|Lunala, L50|100/100\n|switch|p1b: Calyrex|Calyrex-Ice, L50|100/100\n|switch|p2a: Incineroar|Incineroar, L50, M|100/100\n|switch|p2b: Amoonguss|Amoonguss, L50, F|100/100\n|-ability|p1b: Calyrex|As One\n|-ability|p1b: Calyrex|Unnerve\n|-ability|p2a: Incineroar|Intimidate|boost\n|-unboost|p1a: Lunala|atk|1\n|-unboost|p1b: Calyrex|atk|1\n|turn|1\n|inactive|tbyong has 30 seconds left.\n|inactive|it'sjustken vgc has 30 seconds left.\n|inactive|tbyong has 20 seconds left.\n|inactive|it'sjustken vgc has 20 seconds left.\n|inactive|tbyong has 15 seconds left.\n|\n|t:|1772672810\n|switch|p1a: Indeedee|Indeedee-F, L50, F|100/100\n|-fieldstart|move: Psychic Terrain|[from] ability: Psychic Surge|[of] p1a: Indeedee\n|-enditem|p1a: Indeedee|Psychic Seed\n|-boost|p1a: Indeedee|spd|1|[from] item: Psychic Seed\n|-terastallize|p2b: Amoonguss|Water\n|move|p2a: Incineroar|Fake Out|p1b: Calyrex\n|-activate|p1b: Calyrex|move: Psychic Terrain\n|move|p2b: Amoonguss|Spore|p1a: Indeedee\n|-status|p1a: Indeedee|slp|[from] move: Spore\n|move|p1b: Calyrex|Trick Room|p1b: Calyrex\n|-fieldstart|move: Trick Room|[of] p1b: Calyrex\n|\n|upkeep\n|turn|2\n|\n|t:|1772672831\n|-terastallize|p1b: Calyrex|Fire\n|cant|p1a: Indeedee|slp\n|move|p2b: Amoonguss|Spore|p1b: Calyrex\n|-activate|p1b: Calyrex|item: Safety Goggles|Spore\n|move|p1b: Calyrex|Swords Dance|p1b: Calyrex\n|-boost|p1b: Calyrex|atk|2\n|move|p2a: Incineroar|Knock Off|p1a: Indeedee\n|-supereffective|p1a: Indeedee\n|-damage|p1a: Indeedee|43/100 slp\n|\n|upkeep\n|turn|3\n|inactive|tbyong has 30 seconds left.\n|inactive|it'sjustken vgc has 30 seconds left.\n|inactive|tbyong has 20 seconds left.\n|inactive|tbyong has 15 seconds left.\n|\n|t:|1772672874\n|switch|p1a: Urshifu|Urshifu-Rapid-Strike, L50, M|100/100\n|move|p2b: Amoonguss|Protect|p2b: Amoonguss\n|-singleturn|p2b: Amoonguss|Protect\n|move|p1b: Calyrex|Glacial Lance|p2a: Incineroar|[spread] p2a\n|-activate|p2b: Amoonguss|move: Protect\n|-resisted|p2a: Incineroar\n|-damage|p2a: Incineroar|57/100\n|move|p2a: Incineroar|Knock Off|p1b: Calyrex\n|-damage|p1b: Calyrex|70/100\n|-enditem|p1b: Calyrex|Safety Goggles|[from] move: Knock Off|[of] p2a: Incineroar\n|\n|upkeep\n|turn|4\n|inactive|tbyong has 30 seconds left.\n|inactive|it'sjustken vgc has 30 seconds left.\n|inactive|it'sjustken vgc has 20 seconds left.\n|\n|t:|1772672913\n|move|p2b: Amoonguss|Spore|p1a: Urshifu\n|-status|p1a: Urshifu|slp|[from] move: Spore\n|move|p1b: Calyrex|Glacial Lance|p2b: Amoonguss|[spread] p2a,p2b\n|-resisted|p2a: Incineroar\n|-resisted|p2b: Amoonguss\n|-damage|p2a: Incineroar|13/100\n|-damage|p2b: Amoonguss|69/100\n|cant|p1a: Urshifu|slp\n|move|p2a: Incineroar|U-turn|p1b: Calyrex\n|-resisted|p1b: Calyrex\n|-crit|p1b: Calyrex\n|-damage|p1b: Calyrex|60/100\n|\n|t:|1772672918\n|switch|p2a: Calyrex|Calyrex-Shadow, L50|100/100|[from] U-turn\n|-ability|p2a: Calyrex|As One\n|-ability|p2a: Calyrex|Unnerve\n|\n|upkeep\n|turn|5\n|inactive|tbyong has 30 seconds left.\n|j| Normal Cello\n|\n|t:|1772672951\n|move|p1b: Calyrex|Protect|p1b: Calyrex\n|-singleturn|p1b: Calyrex|Protect\n|move|p2b: Amoonguss|Spore|p1b: Calyrex\n|-activate|p1b: Calyrex|move: Protect\n|cant|p1a: Urshifu|slp\n|move|p2a: Calyrex|Psychic|p1a: Urshifu\n|-supereffective|p1a: Urshifu\n|-damage|p1a: Urshifu|0 fnt\n|faint|p1a: Urshifu\n|-ability|p2a: Calyrex|Grim Neigh|boost\n|-boost|p2a: Calyrex|spa|1\n|-damage|p2a: Calyrex|91/100|[from] item: Life Orb\n|\n|-fieldend|move: Trick Room\n|-fieldend|move: Psychic Terrain\n|upkeep\n|l| Normal Cello\n|\n|t:|1772672966\n|switch|p1a: Lunala|Lunala, L50|100/100\n|turn|6\n|\n|t:|1772672990\n|move|p2a: Calyrex|Psychic|p1b: Calyrex\n|-damage|p1b: Calyrex|0 fnt\n|faint|p1b: Calyrex\n|-ability|p2a: Calyrex|Grim Neigh|boost\n|-boost|p2a: Calyrex|spa|1\n|-damage|p2a: Calyrex|81/100|[from] item: Life Orb\n|move|p1a: Lunala|Moongeist Beam|p2a: Calyrex\n|-supereffective|p2a: Calyrex\n|-damage|p2a: Calyrex|0 fnt\n|faint|p2a: Calyrex\n|move|p2b: Amoonguss|Spore|p1a: Lunala\n|-status|p1a: Lunala|slp|[from] move: Spore\n|\n|upkeep\n|\n|t:|1772673015\n|switch|p2a: Chien-Pao|Chien-Pao, L50|100/100\n|switch|p1b: Indeedee|Indeedee-F, L50, F|43/100 slp\n|-ability|p2a: Chien-Pao|Sword of Ruin\n|-fieldstart|move: Psychic Terrain|[from] ability: Psychic Surge|[of] p1b: Indeedee\n|turn|7\n|\n|t:|1772673028\n|cant|p1b: Indeedee|slp\n|move|p2a: Chien-Pao|Ice Spinner|p1b: Indeedee\n|-damage|p1b: Indeedee|0 fnt\n|-fieldend|move: Psychic Terrain\n|faint|p1b: Indeedee\n|cant|p1a: Lunala|slp\n|move|p2b: Amoonguss|Sludge Bomb|p1a: Lunala\n|-resisted|p1a: Lunala\n|-damage|p1a: Lunala|96/100 slp\n|\n|upkeep\n|turn|8\n|\n|t:|1772673042\n|move|p2a: Chien-Pao|Sucker Punch|p1a: Lunala\n|-supereffective|p1a: Lunala\n|-damage|p1a: Lunala|0 fnt\n|faint|p1a: Lunala\n|\n|win|it'sjustken vgc\n|raw|tbyong's rating: 1248 &rarr; <strong>1234</strong><br />(-14 for losing)\n|raw|it&apos;sjustken vgc's rating: 1409 &rarr; <strong>1420</strong><br />(+11 for winning)\n","uploadtime":1772673044,"views":12,"formatid":"gen9vgc2026regi","rating":1234,"private":0,"password":null}