{"id":"gen9vgc2026regi-2553020698","format":"[Gen 9] VGC 2026 Reg I","players":["VJ2511","anguslo"],"log":"|j|\u2606VJ2511\n|j|\u2606anguslo\n|t:|1772786277\n|gametype|doubles\n|player|p1|VJ2511|red-masters3|1558\n|player|p2|anguslo|2|1413\n|gen|9\n|tier|[Gen 9] VGC 2026 Reg I\n|rated|\n|rule|Species Clause: Limit one of each Pok\u00e9mon\n|rule|Item Clause: Limit 1 of each item\n|clearpoke\n|poke|p1|Calyrex-Shadow, L50|\n|poke|p1|Zamazenta-*, L50|\n|poke|p1|Chien-Pao, L50|\n|poke|p1|Dragonite, L50, F|\n|poke|p1|Raging Bolt, L50|\n|poke|p1|Amoonguss, L50, F|\n|poke|p2|Calyrex-Ice, L50|\n|poke|p2|Miraidon, L50|\n|poke|p2|Tornadus, L50, M|\n|poke|p2|Incineroar, L50, F|\n|poke|p2|Raging Bolt, L50|\n|poke|p2|Urshifu-*, L50, F|\n|teampreview|4\n|inactive|Battle timer is ON: inactive players will automatically lose when time's up. (requested by VJ2511)\n|\n|t:|1772786303\n|teamsize|p1|4\n|teamsize|p2|4\n|start\n|switch|p1a: Zamazenta|Zamazenta-Crowned, L50|100/100\n|switch|p1b: Chien-Pao|Chien-Pao, L50|100/100\n|switch|p2a: Tornadus|Tornadus, L50, M|100/100\n|switch|p2b: Urshifu|Urshifu-Rapid-Strike, L50, F|100/100\n|-ability|p1b: Chien-Pao|Sword of Ruin\n|-ability|p1a: Zamazenta|Dauntless Shield|boost\n|-boost|p1a: Zamazenta|def|1\n|turn|1\n|\n|t:|1772786317\n|switch|p1b: Dragonite|Dragonite, L50, F, shiny|100/100\n|move|p2a: Tornadus|Rain Dance|p2a: Tornadus\n|-weather|RainDance\n|move|p2b: Urshifu|Surging Strikes|p1a: Zamazenta\n|-crit|p1a: Zamazenta\n|-damage|p1a: Zamazenta|76/100\n|-crit|p1a: Zamazenta\n|-damage|p1a: Zamazenta|50/100\n|-crit|p1a: Zamazenta\n|-damage|p1a: Zamazenta|23/100\n|-hitcount|p1a: Zamazenta|3\n|move|p1a: Zamazenta|Body Press|p2b: Urshifu\n|-damage|p2b: Urshifu|28/100\n|\n|-weather|RainDance|[upkeep]\n|upkeep\n|turn|2\n|\n|t:|1772786335\n|-terastallize|p2b: Urshifu|Steel\n|-terastallize|p1b: Dragonite|Normal\n|move|p1b: Dragonite|Extreme Speed|p2a: Tornadus\n|-damage|p2a: Tornadus|15/100\n|move|p2a: Tornadus|Tailwind|p2a: Tornadus\n|-sidestart|p2: anguslo|move: Tailwind\n|move|p2b: Urshifu|Surging Strikes|p1a: Zamazenta\n|-crit|p1a: Zamazenta\n|-damage|p1a: Zamazenta|0 fnt\n|faint|p1a: Zamazenta\n|-hitcount|p1: Zamazenta|1\n|\n|-weather|RainDance|[upkeep]\n|upkeep\n|\n|t:|1772786342\n|switch|p1a: Chien-Pao|Chien-Pao, L50|100/100\n|-ability|p1a: Chien-Pao|Sword of Ruin\n|turn|3\n|\n|t:|1772786357\n|move|p1b: Dragonite|Extreme Speed|p2b: Urshifu\n|-resisted|p2b: Urshifu\n|-damage|p2b: Urshifu|0 fnt\n|faint|p2b: Urshifu\n|move|p1a: Chien-Pao|Sucker Punch|p2a: Tornadus\n|-damage|p2a: Tornadus|0 fnt\n|faint|p2a: Tornadus\n|\n|-weather|RainDance|[upkeep]\n|upkeep\n|\n|t:|1772786365\n|switch|p2a: Calyrex|Calyrex-Ice, L50|100/100\n|switch|p2b: Miraidon|Miraidon, L50|100/100\n|-ability|p2a: Calyrex|As One\n|-ability|p2a: Calyrex|Unnerve\n|-fieldstart|move: Electric Terrain|[from] ability: Hadron Engine|[of] p2b: Miraidon\n|turn|4\n|\n|t:|1772786374\n|move|p1b: Dragonite|Extreme Speed|p2b: Miraidon\n|-damage|p2b: Miraidon|12/100\n|move|p1a: Chien-Pao|Sucker Punch|p2b: Miraidon\n|-damage|p2b: Miraidon|0 fnt\n|faint|p2b: Miraidon\n|move|p2a: Calyrex|Glacial Lance|p1a: Chien-Pao|[spread] p1a,p1b\n|-resisted|p1a: Chien-Pao\n|-damage|p1a: Chien-Pao|64/100\n|-damage|p1b: Dragonite|27/100\n|\n|-weather|RainDance|[upkeep]\n|upkeep\n|turn|5\n|\n|t:|1772786388\n|move|p1b: Dragonite|Extreme Speed|p2a: Calyrex\n|-crit|p2a: Calyrex\n|-damage|p2a: Calyrex|0 fnt\n|faint|p2a: Calyrex\n|\n|win|VJ2511\n|raw|VJ2511's rating: 1558 &rarr; <strong>1570</strong><br />(+12 for winning)\n|raw|anguslo's rating: 1413 &rarr; <strong>1401</strong><br />(-12 for losing)\n|c|\u2606VJ2511|HOLY CRAP\n|c|\u2606anguslo|holy\n|c|\u2606VJ2511|wow\n|c|\u2606VJ2511|the damage is wild\n|c|\u2606VJ2511|ggs wp\n|c|\u2606anguslo|ggs\n","uploadtime":1772786395,"views":54,"formatid":"gen9vgc2026regi","rating":1401,"private":0,"password":null}