{"id":"gen9vgc2026regi-2515279751","format":"[Gen 9] VGC 2026 Reg I","players":["marcxhenry","Atlas Erol VGC"],"log":"|j|\u2606marcxhenry\n|j|\u2606Atlas Erol VGC\n|t:|1767975531\n|gametype|doubles\n|player|p1|marcxhenry|hilbert-wonderlauncher|1309\n|player|p2|Atlas Erol VGC|swimmer-gen4dp|1351\n|gen|9\n|tier|[Gen 9] VGC 2026 Reg I\n|rated|\n|rule|Species Clause: Limit one of each Pok\u00e9mon\n|rule|Item Clause: Limit 1 of each item\n|clearpoke\n|poke|p1|Calyrex-Shadow, L50|\n|poke|p1|Urshifu-*, L50, M|\n|poke|p1|Roaring Moon, L50|\n|poke|p1|Kyogre, L50|\n|poke|p1|Tsareena, L50, F|\n|poke|p1|Kingambit, L50, M|\n|poke|p2|Eternatus, L50|\n|poke|p2|Grimmsnarl, L50, M|\n|poke|p2|Rillaboom, L50, F|\n|poke|p2|Ting-Lu, L50|\n|poke|p2|Zamazenta-*, L50|\n|poke|p2|Glimmora, L50, M|\n|teampreview|4\n|\n|t:|1767975569\n|teamsize|p1|4\n|teamsize|p2|4\n|start\n|switch|p1a: Roter Baron|Roaring Moon, L50, shiny|100/100\n|switch|p1b: Tripitz|Kyogre, L50, shiny|100/100\n|switch|p2a: Eternatus|Eternatus, L50|100/100\n|switch|p2b: Glimmora|Glimmora, L50, M|100/100\n|-ability|p2a: Eternatus|Pressure\n|-weather|RainDance|[from] ability: Drizzle|[of] p1b: Tripitz\n|-enditem|p1a: Roter Baron|Booster Energy\n|-activate|p1a: Roter Baron|ability: Protosynthesis|[fromitem]\n|-start|p1a: Roter Baron|protosynthesisspe\n|turn|1\n|\n|t:|1767975592\n|move|p2a: Eternatus|Protect|p2a: Eternatus\n|-singleturn|p2a: Eternatus|Protect\n|move|p1a: Roter Baron|Tailwind|p1a: Roter Baron\n|-sidestart|p1: marcxhenry|move: Tailwind\n|move|p1b: Tripitz|Water Spout|p2b: Glimmora|[spread] p2b\n|-activate|p2a: Eternatus|move: Protect\n|-supereffective|p2b: Glimmora\n|-enditem|p2b: Glimmora|Focus Sash\n|-damage|p2b: Glimmora|1/100\n|move|p2b: Glimmora|Mortal Spin|p1a: Roter Baron|[spread] p1a,p1b\n|-damage|p1a: Roter Baron|96/100\n|-damage|p1b: Tripitz|95/100\n|-status|p1a: Roter Baron|psn\n|-status|p1b: Tripitz|psn\n|\n|-weather|RainDance|[upkeep]\n|-damage|p1a: Roter Baron|83/100 psn|[from] psn\n|-damage|p1b: Tripitz|83/100 psn|[from] psn\n|upkeep\n|turn|2\n|\n|t:|1767975613\n|switch|p2b: Rillaboom|Rillaboom, L50, F|100/100\n|-fieldstart|move: Grassy Terrain|[from] ability: Grassy Surge|[of] p2b: Rillaboom\n|move|p1a: Roter Baron|Knock Off|p2a: Eternatus\n|-damage|p2a: Eternatus|69/100\n|-enditem|p2a: Eternatus|Leftovers|[from] move: Knock Off|[of] p1a: Roter Baron\n|move|p1b: Tripitz|Water Spout|p2a: Eternatus|[spread] p2a,p2b\n|-resisted|p2a: Eternatus\n|-resisted|p2b: Rillaboom\n|-damage|p2a: Eternatus|34/100\n|-damage|p2b: Rillaboom|64/100\n|move|p2a: Eternatus|Cosmic Power|p2a: Eternatus\n|-boost|p2a: Eternatus|def|1\n|-boost|p2a: Eternatus|spd|1\n|\n|-weather|RainDance|[upkeep]\n|-heal|p1a: Roter Baron|89/100 psn|[from] Grassy Terrain\n|-heal|p1b: Tripitz|89/100 psn|[from] Grassy Terrain\n|-heal|p2a: Eternatus|40/100|[from] Grassy Terrain\n|-heal|p2b: Rillaboom|70/100|[from] Grassy Terrain\n|-damage|p1a: Roter Baron|77/100 psn|[from] psn\n|-damage|p1b: Tripitz|77/100 psn|[from] psn\n|upkeep\n|turn|3\n|\n|t:|1767975636\n|switch|p1b: Eva|Tsareena, L50, F, shiny|100/100\n|-terastallize|p1a: Roter Baron|Flying\n|move|p2b: Rillaboom|Fake Out||[still]\n|cant|p1b: Eva|ability: Queenly Majesty|Fake Out|[of] p2b: Rillaboom\n|move|p1a: Roter Baron|Acrobatics|p2b: Rillaboom\n|-supereffective|p2b: Rillaboom\n|-damage|p2b: Rillaboom|0 fnt\n|faint|p2b: Rillaboom\n|move|p2a: Eternatus|Recover|p2a: Eternatus\n|-heal|p2a: Eternatus|90/100\n|\n|-weather|RainDance|[upkeep]\n|-heal|p2a: Eternatus|97/100|[from] Grassy Terrain\n|-damage|p1a: Roter Baron|65/100 psn|[from] psn\n|upkeep\n|\n|t:|1767975646\n|switch|p2b: Glimmora|Glimmora, L50, M|1/100\n|turn|4\n|\n|t:|1767975666\n|move|p1a: Roter Baron|Knock Off|p2b: Glimmora\n|-damage|p2b: Glimmora|0 fnt\n|-activate|p2b: Glimmora|ability: Toxic Debris\n|-sidestart|p1: marcxhenry|move: Toxic Spikes\n|faint|p2b: Glimmora\n|move|p1b: Eva|Triple Axel|p2a: Eternatus\n|-supereffective|p2a: Eternatus\n|-damage|p2a: Eternatus|90/100\n|-hitcount|p2a: Eternatus|1\n|move|p2a: Eternatus|Cosmic Power|p2a: Eternatus\n|-boost|p2a: Eternatus|def|1\n|-boost|p2a: Eternatus|spd|1\n|\n|-weather|RainDance|[upkeep]\n|-heal|p2a: Eternatus|96/100|[from] Grassy Terrain\n|-damage|p1a: Roter Baron|53/100 psn|[from] psn\n|-sideend|p1: marcxhenry|move: Tailwind\n|upkeep\n|\n|t:|1767975670\n|switch|p2b: Zamazenta|Zamazenta-Crowned, L50|100/100\n|-ability|p2b: Zamazenta|Dauntless Shield|boost\n|-boost|p2b: Zamazenta|def|1\n|turn|5\n|\n|t:|1767975687\n|move|p1a: Roter Baron|Tailwind|p1a: Roter Baron\n|-sidestart|p1: marcxhenry|move: Tailwind\n|move|p1b: Eva|Taunt|p2b: Zamazenta\n|-start|p2b: Zamazenta|move: Taunt\n|move|p2a: Eternatus|Cosmic Power|p2a: Eternatus\n|-boost|p2a: Eternatus|def|1\n|-boost|p2a: Eternatus|spd|1\n|move|p2b: Zamazenta|Body Press|p1b: Eva\n|-damage|p1b: Eva|20/100\n|\n|-weather|none\n|-heal|p1b: Eva|26/100|[from] Grassy Terrain\n|-heal|p2a: Eternatus|100/100|[from] Grassy Terrain\n|-damage|p1a: Roter Baron|41/100 psn|[from] psn\n|upkeep\n|turn|6\n|\n|t:|1767975704\n|move|p1a: Roter Baron|Acrobatics|p2b: Zamazenta\n|-damage|p2b: Zamazenta|78/100\n|move|p1b: Eva|Power Whip|p2b: Zamazenta\n|-resisted|p2b: Zamazenta\n|-damage|p2b: Zamazenta|63/100\n|move|p2a: Eternatus|Cosmic Power|p2a: Eternatus\n|-boost|p2a: Eternatus|def|1\n|-boost|p2a: Eternatus|spd|1\n|move|p2b: Zamazenta|Body Press|p1b: Eva\n|-damage|p1b: Eva|0 fnt\n|faint|p1b: Eva\n|\n|-heal|p2b: Zamazenta|69/100|[from] Grassy Terrain\n|-damage|p1a: Roter Baron|29/100 psn|[from] psn\n|-fieldend|move: Grassy Terrain\n|upkeep\n|\n|t:|1767975719\n|switch|p1b: Tripitz|Kyogre, L50, shiny|77/100 psn\n|-weather|RainDance|[from] ability: Drizzle|[of] p1b: Tripitz\n|turn|7\n|\n|t:|1767975736\n|-terastallize|p2b: Zamazenta|Dragon\n|move|p1a: Roter Baron|Acrobatics|p2b: Zamazenta\n|-damage|p2b: Zamazenta|47/100\n|move|p1b: Tripitz|Water Spout|p2b: Zamazenta|[spread] p2a,p2b\n|-resisted|p2a: Eternatus\n|-resisted|p2b: Zamazenta\n|-damage|p2a: Eternatus|90/100\n|-damage|p2b: Zamazenta|16/100\n|move|p2a: Eternatus|Fire Spin|p1b: Tripitz\n|-resisted|p1b: Tripitz\n|-damage|p1b: Tripitz|75/100 psn\n|-activate|p1b: Tripitz|move: Fire Spin|[of] p2a: Eternatus\n|move|p2b: Zamazenta|Body Press|p1b: Tripitz\n|-damage|p1b: Tripitz|0 fnt\n|faint|p1b: Tripitz\n|\n|-weather|RainDance|[upkeep]\n|-damage|p1a: Roter Baron|17/100 psn|[from] psn\n|-end|p2b: Zamazenta|move: Taunt\n|upkeep\n|\n|t:|1767975754\n|switch|p1b: Ludwig|Calyrex-Shadow, L50|100/100\n|-ability|p1b: Ludwig|As One\n|-ability|p1b: Ludwig|Unnerve\n|-status|p1b: Ludwig|psn\n|turn|8\n|\n|t:|1767975761\n|move|p2b: Zamazenta|Protect|p2b: Zamazenta\n|-singleturn|p2b: Zamazenta|Protect\n|move|p1a: Roter Baron|Acrobatics|p2a: Eternatus\n|-damage|p2a: Eternatus|78/100\n|move|p1b: Ludwig|Psychic|p2b: Zamazenta\n|-activate|p2b: Zamazenta|move: Protect\n|move|p2a: Eternatus|Fire Spin|p1b: Ludwig\n|-damage|p1b: Ludwig|95/100 psn\n|-activate|p1b: Ludwig|move: Fire Spin|[of] p2a: Eternatus\n|\n|-weather|RainDance|[upkeep]\n|-damage|p1a: Roter Baron|4/100 psn|[from] psn\n|-damage|p1b: Ludwig|83/100 psn|[from] psn\n|-damage|p1b: Ludwig|71/100 psn|[from] move: Fire Spin|[partiallytrapped]\n|-sideend|p1: marcxhenry|move: Tailwind\n|upkeep\n|turn|9\n|\n|t:|1767975778\n|move|p2b: Zamazenta|Protect||[still]\n|-fail|p2b: Zamazenta\n|move|p1a: Roter Baron|Acrobatics|p2a: Eternatus\n|-damage|p2a: Eternatus|65/100\n|move|p1b: Ludwig|Astral Barrage|p2a: Eternatus|[spread] p2a,p2b\n|-damage|p2a: Eternatus|54/100\n|-damage|p2b: Zamazenta|0 fnt\n|faint|p2b: Zamazenta\n|-ability|p1b: Ludwig|Grim Neigh|boost\n|-boost|p1b: Ludwig|spa|1\n|move|p2a: Eternatus|Cosmic Power|p2a: Eternatus\n|-boost|p2a: Eternatus|def|1\n|-boost|p2a: Eternatus|spd|1\n|\n|-weather|RainDance|[upkeep]\n|-damage|p1a: Roter Baron|0 fnt|[from] psn\n|faint|p1a: Roter Baron\n|-end|p1a: Roter Baron|Protosynthesis|[silent]\n|-damage|p1b: Ludwig|59/100 psn|[from] psn\n|-damage|p1b: Ludwig|47/100 psn|[from] move: Fire Spin|[partiallytrapped]\n|upkeep\n|turn|10\n|\n|t:|1767975796\n|move|p1b: Ludwig|Psychic|p2a: Eternatus\n|-supereffective|p2a: Eternatus\n|-damage|p2a: Eternatus|24/100\n|move|p2a: Eternatus|Recover|p2a: Eternatus\n|-heal|p2a: Eternatus|74/100\n|\n|-weather|RainDance|[upkeep]\n|-damage|p1b: Ludwig|35/100 psn|[from] psn\n|-damage|p1b: Ludwig|23/100 psn|[from] move: Fire Spin|[partiallytrapped]\n|upkeep\n|turn|11\n|\n|t:|1767975806\n|move|p2a: Eternatus|Protect|p2a: Eternatus\n|-singleturn|p2a: Eternatus|Protect\n|move|p1b: Ludwig|Psychic|p2a: Eternatus\n|-activate|p2a: Eternatus|move: Protect\n|\n|-weather|none\n|-damage|p1b: Ludwig|11/100 psn|[from] psn\n|-damage|p1b: Ludwig|0 fnt|[from] move: Fire Spin|[partiallytrapped]\n|faint|p1b: Ludwig\n|\n|win|Atlas Erol VGC\n|raw|marcxhenry's rating: 1309 &rarr; <strong>1291</strong><br />(-18 for losing)\n|raw|Atlas Erol VGC's rating: 1351 &rarr; <strong>1369</strong><br />(+18 for winning)\n|l|\u2606marcxhenry\n|player|p1|\n|l|\u2606Atlas Erol VGC\n|player|p2|\n","uploadtime":1767975956,"views":11,"formatid":"gen9vgc2026regi","rating":1291,"private":0,"password":null}