{"id":"gen9vgc2026regi-2562734886","format":"[Gen 9] VGC 2026 Reg I","players":["Pyroclast brute","pigs2fly"],"log":"|j|\u2606Pyroclast brute\n|j|\u2606pigs2fly\n|t:|1773945249\n|gametype|doubles\n|player|p1|Pyroclast brute|veteran|1470\n|player|p2|pigs2fly|dexio|1467\n|gen|9\n|tier|[Gen 9] VGC 2026 Reg I\n|rated|\n|rule|Species Clause: Limit one of each Pok\u00e9mon\n|rule|Item Clause: Limit 1 of each item\n|clearpoke\n|poke|p1|Ting-Lu, L50|\n|poke|p1|Miraidon, L50|\n|poke|p1|Scream Tail, L50|\n|poke|p1|Ho-Oh, L50|\n|poke|p2|Annihilape, L50, M|\n|poke|p2|Tornadus, L50, M|\n|poke|p2|Dondozo, L50, M|\n|poke|p2|Tatsugiri-Droopy, L50, F|\n|poke|p2|Zacian-*, L50|\n|poke|p2|Kyogre, L50|\n|teampreview|4\n|\n|t:|1773945263\n|teamsize|p1|4\n|teamsize|p2|4\n|start\n|switch|p1a: Ting-Lu|Ting-Lu, L50|100/100\n|switch|p1b: Miraidon|Miraidon, L50|100/100\n|switch|p2a: Annihilape|Annihilape, L50, M|100/100\n|switch|p2b: Zacian|Zacian-Crowned, L50, shiny|100/100\n|-ability|p2b: Zacian|Intrepid Sword|boost\n|-boost|p2b: Zacian|atk|1\n|-fieldstart|move: Electric Terrain|[from] ability: Hadron Engine|[of] p1b: Miraidon\n|-enditem|p1a: Ting-Lu|Electric Seed\n|-boost|p1a: Ting-Lu|def|1|[from] item: Electric Seed\n|-ability|p1a: Ting-Lu|Vessel of Ruin\n|turn|1\n|\n|t:|1773945270\n|switch|p1b: Ho-Oh|Ho-Oh, L50|100/100\n|move|p2a: Annihilape|Final Gambit|p1b: Ho-Oh\n|-damage|p1b: Ho-Oh|0 fnt\n|faint|p2a: Annihilape\n|faint|p1b: Ho-Oh\n|move|p2b: Zacian|Play Rough|p1a: Ting-Lu\n|-supereffective|p1a: Ting-Lu\n|-damage|p1a: Ting-Lu|49/100\n|move|p1a: Ting-Lu|Sand Tomb|p2b: Zacian\n|-supereffective|p2b: Zacian\n|-damage|p2b: Zacian|79/100\n|-activate|p2b: Zacian|move: Sand Tomb|[of] p1a: Ting-Lu\n|\n|-damage|p2b: Zacian|67/100|[from] move: Sand Tomb|[partiallytrapped]\n|upkeep\n|\n|t:|1773945278\n|switch|p2a: Dondozo|Dondozo, L50, M|100/100\n|switch|p1b: Scream Tail|Scream Tail, L50|100/100\n|-enditem|p1b: Scream Tail|Booster Energy\n|-activate|p1b: Scream Tail|ability: Protosynthesis|[fromitem]\n|-start|p1b: Scream Tail|protosynthesisspe\n|turn|2\n|\n|t:|1773945290\n|move|p1b: Scream Tail|Protect|p1b: Scream Tail\n|-singleturn|p1b: Scream Tail|Protect\n|move|p1a: Ting-Lu|Protect|p1a: Ting-Lu\n|-singleturn|p1a: Ting-Lu|Protect\n|move|p2b: Zacian|Behemoth Blade|p1b: Scream Tail\n|-activate|p1b: Scream Tail|move: Protect\n|move|p2a: Dondozo|Body Press|p1a: Ting-Lu\n|-activate|p1a: Ting-Lu|move: Protect\n|\n|-damage|p2b: Zacian|55/100|[from] move: Sand Tomb|[partiallytrapped]\n|upkeep\n|turn|3\n|j| thechoicetaco\n|\n|t:|1773945314\n|-terastallize|p1a: Ting-Lu|Water\n|move|p1b: Scream Tail|Encore|p2b: Zacian\n|-start|p2b: Zacian|Encore\n|move|p2b: Zacian|Behemoth Blade|p1a: Ting-Lu\n|-resisted|p1a: Ting-Lu\n|-damage|p1a: Ting-Lu|36/100\n|move|p1a: Ting-Lu|Sand Tomb|p2a: Dondozo|[miss]\n|-miss|p1a: Ting-Lu|p2a: Dondozo\n|move|p2a: Dondozo|Body Press|p1a: Ting-Lu\n|-damage|p1a: Ting-Lu|24/100\n|\n|-damage|p2b: Zacian|43/100|[from] move: Sand Tomb|[partiallytrapped]\n|upkeep\n|turn|4\n|\n|t:|1773945325\n|move|p1b: Scream Tail|Disable|p2b: Zacian\n|-start|p2b: Zacian|Disable|Behemoth Blade\n|cant|p2b: Zacian|Disable|Behemoth Blade\n|move|p1a: Ting-Lu|Sand Tomb|p2a: Dondozo|[miss]\n|-miss|p1a: Ting-Lu|p2a: Dondozo\n|move|p2a: Dondozo|Body Press|p1a: Ting-Lu\n|-damage|p1a: Ting-Lu|12/100\n|\n|-damage|p2b: Zacian|31/100|[from] move: Sand Tomb|[partiallytrapped]\n|upkeep\n|turn|5\n|\n|t:|1773945332\n|move|p1b: Scream Tail|Disable|p2a: Dondozo\n|-start|p2a: Dondozo|Disable|Body Press\n|-activate|p2b: Zacian|move: Struggle\n|move|p2b: Zacian|Struggle|p1b: Scream Tail\n|-damage|p1b: Scream Tail|77/100\n|-damage|p2b: Zacian|6/100|[from] recoil\n|move|p1a: Ting-Lu|Sand Tomb|p2a: Dondozo\n|-damage|p2a: Dondozo|93/100\n|-activate|p2a: Dondozo|move: Sand Tomb|[of] p1a: Ting-Lu\n|move|p2a: Dondozo|Earthquake|p1b: Scream Tail|[spread] p2b,p1a,p1b\n|-supereffective|p2b: Zacian\n|-damage|p2b: Zacian|0 fnt\n|-damage|p1a: Ting-Lu|4/100\n|-damage|p1b: Scream Tail|62/100\n|faint|p2b: Zacian\n|\n|-heal|p2a: Dondozo|99/100|[from] item: Leftovers\n|-damage|p2a: Dondozo|87/100|[from] move: Sand Tomb|[partiallytrapped]\n|-fieldend|move: Electric Terrain\n|upkeep\n|\n|t:|1773945337\n|switch|p2b: Tatsugiri|Tatsugiri-Droopy, L50, F|100/100\n|-activate|p2b: Tatsugiri|ability: Commander|[of] p2a: Dondozo\n|-boost|p2a: Dondozo|atk|2\n|-boost|p2a: Dondozo|spa|2\n|-boost|p2a: Dondozo|spe|2\n|-boost|p2a: Dondozo|def|2\n|-boost|p2a: Dondozo|spd|2\n|turn|6\n|\n|t:|1773945344\n|move|p1b: Scream Tail|Protect|p1b: Scream Tail\n|-singleturn|p1b: Scream Tail|Protect\n|move|p2a: Dondozo|Earthquake|p1b: Scream Tail|[spread] p1a\n|-miss|p2a: Dondozo|p2b: Tatsugiri\n|-activate|p1b: Scream Tail|move: Protect\n|-damage|p1a: Ting-Lu|0 fnt\n|faint|p1a: Ting-Lu\n|\n|-heal|p2a: Dondozo|92/100|[from] item: Leftovers\n|-end|p2a: Dondozo|Sand Tomb|[partiallytrapped]|[silent]\n|upkeep\n|\n|t:|1773945347\n|switch|p1a: Miraidon|Miraidon, L50|100/100\n|-fieldstart|move: Electric Terrain|[from] ability: Hadron Engine|[of] p1a: Miraidon\n|turn|7\n|\n|t:|1773945355\n|-terastallize|p2a: Dondozo|Grass\n|move|p1b: Scream Tail|Encore|p2a: Dondozo\n|-start|p2a: Dondozo|Encore\n|move|p1a: Miraidon|Draco Meteor|p2a: Dondozo\n|-damage|p2a: Dondozo|60/100\n|-unboost|p1a: Miraidon|spa|2\n|move|p2a: Dondozo|Earthquake|p1a: Miraidon|[spread] p1a,p1b\n|-miss|p2a: Dondozo|p2b: Tatsugiri\n|-supereffective|p1a: Miraidon\n|-damage|p1a: Miraidon|44/100\n|-damage|p1b: Scream Tail|37/100\n|\n|-heal|p1a: Miraidon|50/100|[from] item: Leftovers\n|-heal|p2a: Dondozo|66/100|[from] item: Leftovers\n|upkeep\n|turn|8\n|\n|t:|1773945363\n|move|p1b: Scream Tail|Protect|p1b: Scream Tail\n|-singleturn|p1b: Scream Tail|Protect\n|move|p1a: Miraidon|Protect|p1a: Miraidon\n|-singleturn|p1a: Miraidon|Protect\n|move|p2a: Dondozo|Earthquake|p1b: Scream Tail|[spread] \n|-miss|p2a: Dondozo|p2b: Tatsugiri\n|-activate|p1a: Miraidon|move: Protect\n|-activate|p1b: Scream Tail|move: Protect\n|\n|-heal|p1a: Miraidon|56/100|[from] item: Leftovers\n|-heal|p2a: Dondozo|72/100|[from] item: Leftovers\n|-end|p2a: Dondozo|Disable\n|upkeep\n|turn|9\n|\n|t:|1773945369\n|move|p1b: Scream Tail|Disable|p2a: Dondozo\n|-start|p2a: Dondozo|Disable|Earthquake\n|move|p1a: Miraidon|Substitute|p1a: Miraidon\n|-start|p1a: Miraidon|Substitute\n|-damage|p1a: Miraidon|31/100\n|cant|p2a: Dondozo|Disable|Earthquake\n|\n|-heal|p1a: Miraidon|37/100|[from] item: Leftovers\n|-heal|p2a: Dondozo|78/100|[from] item: Leftovers\n|-end|p2a: Dondozo|Encore\n|upkeep\n|turn|10\n|\n|t:|1773945377\n|move|p1b: Scream Tail|Encore|p2a: Dondozo\n|-start|p2a: Dondozo|Encore\n|move|p1a: Miraidon|Draco Meteor|p2a: Dondozo|[miss]\n|-miss|p1a: Miraidon|p2a: Dondozo\n|cant|p2a: Dondozo|Disable|Earthquake\n|\n|-heal|p1a: Miraidon|43/100|[from] item: Leftovers\n|-heal|p2a: Dondozo|84/100|[from] item: Leftovers\n|upkeep\n|turn|11\n|\n|t:|1773945384\n|move|p1b: Scream Tail|Play Rough|p2a: Dondozo\n|-damage|p2a: Dondozo|79/100\n|-unboost|p2a: Dondozo|atk|1\n|move|p1a: Miraidon|Draco Meteor|p2a: Dondozo\n|-damage|p2a: Dondozo|47/100\n|-unboost|p1a: Miraidon|spa|2\n|-activate|p2a: Dondozo|move: Struggle\n|move|p2a: Dondozo|Struggle|p1a: Miraidon\n|-activate|p1a: Miraidon|move: Substitute|[damage]\n|-damage|p2a: Dondozo|22/100|[from] recoil\n|\n|-heal|p1a: Miraidon|49/100|[from] item: Leftovers\n|-heal|p2a: Dondozo|28/100|[from] item: Leftovers\n|-fieldend|move: Electric Terrain\n|upkeep\n|turn|12\n|\n|t:|1773945390\n|move|p1b: Scream Tail|Play Rough|p2a: Dondozo\n|-damage|p2a: Dondozo|22/100\n|move|p1a: Miraidon|Draco Meteor|p2a: Dondozo\n|-damage|p2a: Dondozo|0 fnt\n|-unboost|p1a: Miraidon|spa|2\n|faint|p2a: Dondozo\n|\n|-heal|p1a: Miraidon|55/100|[from] item: Leftovers\n|upkeep\n|turn|13\n|\n|t:|1773945397\n|move|p1b: Scream Tail|Protect|p1b: Scream Tail\n|-singleturn|p1b: Scream Tail|Protect\n|move|p1a: Miraidon|Protect|p1a: Miraidon\n|-singleturn|p1a: Miraidon|Protect\n|move|p2b: Tatsugiri|Muddy Water|p1a: Miraidon|[spread] \n|-activate|p1a: Miraidon|move: Protect\n|-activate|p1b: Scream Tail|move: Protect\n|\n|-heal|p1a: Miraidon|60/100|[from] item: Leftovers\n|upkeep\n|turn|14\n|\n|t:|1773945402\n|move|p1b: Scream Tail|Disable|p2b: Tatsugiri\n|-start|p2b: Tatsugiri|Disable|Muddy Water\n|move|p1a: Miraidon|Draco Meteor|p2b: Tatsugiri|[miss]\n|-miss|p1a: Miraidon|p2b: Tatsugiri\n|move|p2b: Tatsugiri|Dragon Pulse|p1a: Miraidon\n|-supereffective|p1a: Miraidon\n|-end|p1a: Miraidon|Substitute\n|\n|-heal|p1a: Miraidon|66/100|[from] item: Leftovers\n|upkeep\n|turn|15\n|\n|t:|1773945408\n|move|p1a: Miraidon|Protect|p1a: Miraidon\n|-singleturn|p1a: Miraidon|Protect\n|move|p1b: Scream Tail|Play Rough|p2b: Tatsugiri\n|-supereffective|p2b: Tatsugiri\n|-damage|p2b: Tatsugiri|12/100\n|move|p2b: Tatsugiri|Dragon Pulse|p1a: Miraidon\n|-activate|p1a: Miraidon|move: Protect\n|\n|-heal|p1a: Miraidon|72/100|[from] item: Leftovers\n|upkeep\n|turn|16\n|\n|t:|1773945419\n|move|p1b: Scream Tail|Play Rough|p2b: Tatsugiri\n|-supereffective|p2b: Tatsugiri\n|-damage|p2b: Tatsugiri|0 fnt\n|faint|p2b: Tatsugiri\n|\n|win|Pyroclast brute\n|raw|Pyroclast brute's rating: 1470 &rarr; <strong>1490</strong><br />(+20 for winning)\n|raw|pigs2fly's rating: 1467 &rarr; <strong>1447</strong><br />(-20 for losing)\n|l|\u2606pigs2fly\n|player|p2|\n|l|\u2606Pyroclast brute\n|player|p1|\n","uploadtime":1773945659,"views":11,"formatid":"gen9vgc2026regi","rating":1447,"private":0,"password":null}