{"id":"gen9vgc2026regi-2561868340","format":"[Gen 9] VGC 2026 Reg I","players":["ultralooks","fernsthedruids"],"log":"|j|\u2606ultralooks\n|j|\u2606fernsthedruids\n|t:|1773850510\n|gametype|doubles\n|player|p1|ultralooks|unknown|1251\n|player|p2|fernsthedruids|2|1250\n|gen|9\n|tier|[Gen 9] VGC 2026 Reg I\n|rated|\n|rule|Species Clause: Limit one of each Pok\u00e9mon\n|rule|Item Clause: Limit 1 of each item\n|clearpoke\n|poke|p1|Miraidon, L50|\n|poke|p1|Iron Treads, L50|\n|poke|p1|Terapagos, L50, M|\n|poke|p1|Sinistcha-Masterpiece, L50|\n|poke|p1|Urshifu-*, L50, F|\n|poke|p1|Incineroar, L50, F|\n|poke|p2|Kyogre, L50|\n|poke|p2|Calyrex-Ice, L50|\n|poke|p2|Raging Bolt, L50|\n|poke|p2|Tornadus, L50, M|\n|poke|p2|Incineroar, L50, M|\n|poke|p2|Hitmontop, L50, M|\n|teampreview|4\n|inactive|Battle timer is ON: inactive players will automatically lose when time's up. (requested by fernsthedruids)\n|inactive|ultralooks has 60 seconds left.\n|l|\u2606fernsthedruids\n|inactive|fernsthedruids disconnected and has a minute to reconnect!\n|player|p2|\n|j|\u2606fernsthedruids\n|inactive|fernsthedruids reconnected.\n|player|p2|fernsthedruids|2|\n|inactive|ultralooks has 30 seconds left.\n|inactive|ultralooks has 20 seconds left.\n|inactive|ultralooks has 15 seconds left.\n|inactive|ultralooks has 10 seconds left.\n|inactive|ultralooks has 5 seconds left.\n|\n|t:|1773850715\n|teamsize|p1|4\n|teamsize|p2|4\n|start\n|switch|p1a: Miraidon|Miraidon, L50|100/100\n|switch|p1b: Iron Treads|Iron Treads, L50, shiny|100/100\n|switch|p2a: Calyrex|Calyrex-Ice, L50|100/100\n|switch|p2b: Hitmontop|Hitmontop, L50, M|100/100\n|-ability|p2a: Calyrex|As One\n|-ability|p2a: Calyrex|Unnerve\n|-fieldstart|move: Electric Terrain|[from] ability: Hadron Engine|[of] p1a: Miraidon\n|-activate|p1b: Iron Treads|ability: Quark Drive\n|-start|p1b: Iron Treads|quarkdrivespe\n|-ability|p2b: Hitmontop|Intimidate|boost\n|-unboost|p1a: Miraidon|atk|1\n|-unboost|p1b: Iron Treads|atk|1\n|turn|1\n|inactive|ultralooks has 30 seconds left.\n|inactive|ultralooks has 20 seconds left.\n|inactive|ultralooks has 15 seconds left.\n|inactive|ultralooks has 10 seconds left.\n|inactive|ultralooks has 5 seconds left.\n|\n|t:|1773850770\n|move|p2b: Hitmontop|Fake Out|p1a: Miraidon\n|-damage|p1a: Miraidon|93/100\n|move|p1b: Iron Treads|High Horsepower|p2b: Hitmontop|[miss]\n|-miss|p1b: Iron Treads|p2b: Hitmontop\n|cant|p1a: Miraidon|flinch\n|move|p2a: Calyrex|Trick Room|p2a: Calyrex\n|-fieldstart|move: Trick Room|[of] p2a: Calyrex\n|\n|upkeep\n|turn|2\n|inactive|ultralooks has 30 seconds left.\n|inactive|fernsthedruids has 30 seconds left.\n|inactive|ultralooks has 20 seconds left.\n|inactive|fernsthedruids has 20 seconds left.\n|inactive|ultralooks has 15 seconds left.\n|inactive|fernsthedruids has 15 seconds left.\n|inactive|ultralooks has 10 seconds left.\n|inactive|fernsthedruids has 10 seconds left.\n|inactive|ultralooks has 5 seconds left.\n|\n|t:|1773850825\n|-terastallize|p2a: Calyrex|Dragon\n|move|p2b: Hitmontop|Feint|p1b: Iron Treads\n|-resisted|p1b: Iron Treads\n|-damage|p1b: Iron Treads|97/100\n|move|p2a: Calyrex|Glacial Lance|p1b: Iron Treads|[spread] p1a,p1b\n|-supereffective|p1a: Miraidon\n|-damage|p1a: Miraidon|3/100\n|-damage|p1b: Iron Treads|43/100\n|move|p1a: Miraidon|Electro Drift|p2b: Hitmontop\n|-damage|p2b: Hitmontop|24/100\n|-enditem|p2b: Hitmontop|Eject Button\n|\n|t:|1773850838\n|switch|p2b: Kyogre|Kyogre, L50|100/100\n|-weather|RainDance|[from] ability: Drizzle|[of] p2b: Kyogre\n|move|p1b: Iron Treads|High Horsepower|p2b: Kyogre\n|-damage|p2b: Kyogre|57/100\n|\n|-weather|RainDance|[upkeep]\n|upkeep\n|turn|3\n|inactive|ultralooks has 30 seconds left.\n|inactive|ultralooks has 20 seconds left.\n|inactive|ultralooks has 15 seconds left.\n|inactive|ultralooks has 10 seconds left.\n|inactive|ultralooks has 5 seconds left.\n|\n|t:|1773850890\n|move|p2a: Calyrex|Glacial Lance|p1a: Miraidon|[spread] p1a,p1b\n|-supereffective|p1a: Miraidon\n|-damage|p1a: Miraidon|0 fnt\n|-damage|p1b: Iron Treads|0 fnt\n|faint|p1a: Miraidon\n|faint|p1b: Iron Treads\n|-end|p1b: Iron Treads|Quark Drive|[silent]\n|-ability|p2a: Calyrex|Chilling Neigh|boost\n|-boost|p2a: Calyrex|atk|2\n|move|p2b: Kyogre|Water Spout|p1: Miraidon|[notarget]\n|-fail|p2b: Kyogre\n|\n|-weather|RainDance|[upkeep]\n|upkeep\n|\n|t:|1773850892\n|switch|p1a: Terapagos|Terapagos, L50, M|100/100\n|switch|p1b: Sinistcha|Sinistcha-Masterpiece, L50|100/100\n|-activate|p1a: Terapagos|ability: Tera Shift\n|detailschange|p1a: Terapagos|Terapagos-Terastal, L50, M\n|-heal|p1a: Terapagos|100/100|[silent]\n|-enditem|p1a: Terapagos|Electric Seed\n|-boost|p1a: Terapagos|def|1|[from] item: Electric Seed\n|turn|4\n|\n|t:|1773850908\n|-terastallize|p1a: Terapagos|Stellar\n|detailschange|p1a: Terapagos|Terapagos-Stellar, L50, M, tera:Stellar\n|-heal|p1a: Terapagos|100/100|[silent]\n|-ability|p1a: Terapagos|Teraform Zero\n|-weather|none\n|-fieldend|move: Electric Terrain\n|move|p2a: Calyrex|Glacial Lance|p1a: Terapagos|[spread] p1a,p1b\n|-supereffective|p1b: Sinistcha\n|-damage|p1a: Terapagos|65/100\n|-enditem|p1b: Sinistcha|Focus Sash\n|-damage|p1b: Sinistcha|1/100\n|move|p1a: Terapagos|Tera Starstorm|p2a: Calyrex|[spread] p2a,p2b\n|-supereffective|p2a: Calyrex\n|-damage|p2a: Calyrex|62/100\n|-damage|p2b: Kyogre|34/100\n|move|p2b: Kyogre|Water Spout|p1a: Terapagos|[spread] p1a,p1b\n|-resisted|p1b: Sinistcha\n|-damage|p1a: Terapagos|48/100\n|-damage|p1b: Sinistcha|0 fnt\n|faint|p1b: Sinistcha\n|\n|upkeep\n|turn|5\n|\n|t:|1773850925\n|switch|p2b: Hitmontop|Hitmontop, L50, M|24/100\n|-ability|p2b: Hitmontop|Intimidate|boost\n|-unboost|p1a: Terapagos|atk|1\n|move|p2a: Calyrex|Glacial Lance|p1a: Terapagos\n|-crit|p1a: Terapagos\n|-damage|p1a: Terapagos|0 fnt\n|faint|p1a: Terapagos\n|detailschange|p1: Terapagos|Terapagos, L50, M|[silent]\n|\n|win|fernsthedruids\n|raw|ultralooks's rating: 1251 &rarr; <strong>1226</strong><br />(-25 for losing)\n|raw|fernsthedruids's rating: 1250 &rarr; <strong>1275</strong><br />(+25 for winning)\n|l|\u2606fernsthedruids\n|player|p2|\n","uploadtime":1773851144,"views":11,"formatid":"gen9vgc2026regi","rating":1226,"private":0,"password":null}