{"id":"gen9vgc2026regi-2552698289","format":"[Gen 9] VGC 2026 Reg I","players":["Maphoo","palHunter"],"log":"|j|\u2606Maphoo\n|j|\u2606palHunter\n|t:|1772744553\n|gametype|doubles\n|player|p1|Maphoo|170|1497\n|player|p2|palHunter|dawn|1567\n|gen|9\n|tier|[Gen 9] VGC 2026 Reg I\n|rated|\n|rule|Species Clause: Limit one of each Pok\u00e9mon\n|rule|Item Clause: Limit 1 of each item\n|clearpoke\n|poke|p1|Lunala, L50|\n|poke|p1|Indeedee-F, L50, F|\n|poke|p1|Roaring Moon, L50|\n|poke|p1|Kyogre, L50|\n|poke|p1|Urshifu-*, L50, M|\n|poke|p1|Landorus-Therian, L50, M|\n|poke|p2|Miraidon, L50|\n|poke|p2|Amoonguss, L50, F|\n|poke|p2|Calyrex-Ice, L50|\n|poke|p2|Urshifu-*, L50, M|\n|poke|p2|Incineroar, L50, F|\n|poke|p2|Landorus, L50, M|\n|teampreview|4\n|inactive|Battle timer is ON: inactive players will automatically lose when time's up. (requested by palHunter)\n|\n|t:|1772744583\n|teamsize|p1|4\n|teamsize|p2|4\n|start\n|switch|p1a: Lunala|Lunala, L50, shiny|100/100\n|switch|p1b: Roaring Moon|Roaring Moon, L50|100/100\n|switch|p2a: Calyrex|Calyrex-Ice, L50|100/100\n|switch|p2b: Incineroar|Incineroar, L50, F, shiny|100/100\n|-ability|p2a: Calyrex|As One\n|-ability|p2a: Calyrex|Unnerve\n|-ability|p2b: Incineroar|Intimidate|boost\n|-unboost|p1a: Lunala|atk|1\n|-unboost|p1b: Roaring Moon|atk|1\n|-enditem|p1b: Roaring Moon|Booster Energy\n|-activate|p1b: Roaring Moon|ability: Protosynthesis|[fromitem]\n|-start|p1b: Roaring Moon|protosynthesisspe\n|turn|1\n|inactive|Maphoo has 30 seconds left.\n|inactive|Maphoo has 20 seconds left.\n|inactive|Maphoo has 15 seconds left.\n|\n|t:|1772744624\n|-terastallize|p1a: Lunala|Fairy\n|move|p1b: Roaring Moon|Protect|p1b: Roaring Moon\n|-singleturn|p1b: Roaring Moon|Protect\n|move|p1a: Lunala|Meteor Beam||[still]\n|-prepare|p1a: Lunala|Meteor Beam\n|-boost|p1a: Lunala|spa|1\n|-enditem|p1a: Lunala|Power Herb\n|-anim|p1a: Lunala|Meteor Beam|p2a: Calyrex\n|-supereffective|p2a: Calyrex\n|-damage|p2a: Calyrex|15/100\n|move|p2b: Incineroar|U-turn|p1b: Roaring Moon\n|-activate|p1b: Roaring Moon|move: Protect\n|move|p2a: Calyrex|Glacial Lance|p1b: Roaring Moon|[spread] p1a\n|-activate|p1b: Roaring Moon|move: Protect\n|-damage|p1a: Lunala|76/100\n|\n|upkeep\n|turn|2\n|inactive|Maphoo has 30 seconds left.\n|\n|t:|1772744650\n|move|p2a: Calyrex|Protect|p2a: Calyrex\n|-singleturn|p2a: Calyrex|Protect\n|move|p1b: Roaring Moon|Knock Off|p2b: Incineroar\n|-resisted|p2b: Incineroar\n|-damage|p2b: Incineroar|86/100\n|-enditem|p2b: Incineroar|Assault Vest|[from] move: Knock Off|[of] p1b: Roaring Moon\n|move|p1a: Lunala|Moongeist Beam|p2a: Calyrex\n|-activate|p2a: Calyrex|move: Protect\n|move|p2b: Incineroar|U-turn|p1b: Roaring Moon\n|-supereffective|p1b: Roaring Moon\n|-damage|p1b: Roaring Moon|48/100\n|\n|t:|1772744663\n|switch|p2b: Miraidon|Miraidon, L50|100/100|[from] U-turn\n|-fieldstart|move: Electric Terrain|[from] ability: Hadron Engine|[of] p2b: Miraidon\n|\n|upkeep\n|turn|3\n|inactive|Maphoo has 30 seconds left.\n|\n|t:|1772744698\n|switch|p1a: Landorus|Landorus-Therian, L50, M|100/100\n|-ability|p1a: Landorus|Intimidate|boost\n|-fail|p2a: Calyrex|unboost|[from] item: Clear Amulet|[of] p2a: Calyrex\n|-unboost|p2b: Miraidon|atk|1\n|switch|p2a: Incineroar|Incineroar, L50, F, shiny|86/100\n|-ability|p2a: Incineroar|Intimidate|boost\n|-unboost|p1a: Landorus|atk|1\n|-unboost|p1b: Roaring Moon|atk|1\n|move|p1b: Roaring Moon|Knock Off|p2b: Miraidon\n|-damage|p2b: Miraidon|76/100\n|-enditem|p2b: Miraidon|Choice Scarf|[from] move: Knock Off|[of] p1b: Roaring Moon\n|move|p2b: Miraidon|Volt Switch|p1a: Landorus\n|-immune|p1a: Landorus\n|\n|upkeep\n|turn|4\n|inactive|Maphoo has 30 seconds left.\n|\n|t:|1772744727\n|move|p2a: Incineroar|Fake Out|p1b: Roaring Moon\n|-damage|p1b: Roaring Moon|34/100\n|cant|p1b: Roaring Moon|flinch\n|move|p2b: Miraidon|Draco Meteor|p1a: Landorus\n|-damage|p1a: Landorus|0 fnt\n|-unboost|p2b: Miraidon|spa|2\n|faint|p1a: Landorus\n|\n|upkeep\n|\n|t:|1772744738\n|switch|p1a: Lunala|Lunala, L50, shiny, tera:Fairy|76/100\n|turn|5\n|\n|t:|1772744748\n|-terastallize|p2b: Miraidon|Electric\n|move|p1b: Roaring Moon|Acrobatics|p2a: Incineroar\n|-crit|p2a: Incineroar\n|-damage|p2a: Incineroar|27/100\n|move|p2b: Miraidon|Volt Switch|p1a: Lunala\n|-damage|p1a: Lunala|40/100\n|\n|t:|1772744757\n|switch|p2b: Urshifu|Urshifu-Rapid-Strike, L50, M|100/100|[from] Volt Switch\n|move|p1a: Lunala|Meteor Beam||[still]\n|-prepare|p1a: Lunala|Meteor Beam\n|-boost|p1a: Lunala|spa|1\n|move|p2a: Incineroar|U-turn|p1b: Roaring Moon\n|-supereffective|p1b: Roaring Moon\n|-damage|p1b: Roaring Moon|0 fnt\n|faint|p1b: Roaring Moon\n|-end|p1b: Roaring Moon|Protosynthesis|[silent]\n|\n|t:|1772744769\n|switch|p2a: Calyrex|Calyrex-Ice, L50|15/100|[from] U-turn\n|-ability|p2a: Calyrex|As One\n|-ability|p2a: Calyrex|Unnerve\n|\n|upkeep\n|\n|t:|1772744775\n|switch|p1b: Indeedee|Indeedee-F, L50, F, shiny|100/100\n|-fieldstart|move: Psychic Terrain|[from] ability: Psychic Surge|[of] p1b: Indeedee\n|-enditem|p1b: Indeedee|Psychic Seed\n|-boost|p1b: Indeedee|spd|1|[from] item: Psychic Seed\n|turn|6\n|\n|t:|1772744784\n|move|p2a: Calyrex|Protect|p2a: Calyrex\n|-singleturn|p2a: Calyrex|Protect\n|move|p2b: Urshifu|Surging Strikes|p1a: Lunala\n|-crit|p1a: Lunala\n|-damage|p1a: Lunala|19/100\n|-crit|p1a: Lunala\n|-damage|p1a: Lunala|0 fnt\n|faint|p1a: Lunala\n|-hitcount|p1: Lunala|2\n|move|p1b: Indeedee|Trick Room|p1b: Indeedee\n|-fieldstart|move: Trick Room|[of] p1b: Indeedee\n|\n|upkeep\n|turn|7\n|-message|Maphoo forfeited.\n|\n|win|palHunter\n|raw|Maphoo's rating: 1497 &rarr; <strong>1481</strong><br />(-16 for losing)\n|raw|palHunter's rating: 1567 &rarr; <strong>1583</strong><br />(+16 for winning)\n|l|\u2606Maphoo\n|player|p1|\n|l|\u2606palHunter\n|player|p2|\n","uploadtime":1772744960,"views":14,"formatid":"gen9vgc2026regi","rating":1481,"private":0,"password":null}