{"id":"gen9vgc2026regi-2527647677","format":"[Gen 9] VGC 2026 Reg I","players":["lalo's pollos","grasshopperwater"],"log":"|j|\u2606lalo's pollos\n|j|\u2606grasshopperwater\n|t:|1769559020\n|gametype|doubles\n|player|p1|lalo's pollos|265|1396\n|player|p2|grasshopperwater|erika|1477\n|gen|9\n|tier|[Gen 9] VGC 2026 Reg I\n|rated|\n|rule|Species Clause: Limit one of each Pok\u00e9mon\n|rule|Item Clause: Limit 1 of each item\n|clearpoke\n|poke|p1|Miraidon, L50|\n|poke|p1|Landorus, L50, M|\n|poke|p1|Incineroar, L50, M|\n|poke|p1|Iron Bundle, L50|\n|poke|p1|Farigiraf, L50, M|\n|poke|p1|Calyrex-Ice, L50|\n|poke|p2|Miraidon, L50|\n|poke|p2|Lunala, L50|\n|poke|p2|Iron Hands, L50|\n|poke|p2|Iron Bundle, L50|\n|poke|p2|Ogerpon-Hearthflame, L50, F|\n|poke|p2|Incineroar, L50, M|\n|teampreview|4\n|\n|t:|1769559056\n|teamsize|p1|4\n|teamsize|p2|4\n|start\n|switch|p1a: Co-Star|Miraidon, L50|100/100\n|switch|p1b: the Star|Iron Bundle, L50|100/100\n|switch|p2a: Miraidon|Miraidon, L50|100/100\n|switch|p2b: Incineroar|Incineroar, L50, M|100/100\n|-fieldstart|move: Electric Terrain|[from] ability: Hadron Engine|[of] p2a: Miraidon\n|-activate|p1b: the Star|ability: Quark Drive\n|-start|p1b: the Star|quarkdrivespe\n|-activate|p1a: Co-Star|ability: Hadron Engine\n|-ability|p2b: Incineroar|Intimidate|boost\n|-unboost|p1a: Co-Star|atk|1\n|-unboost|p1b: the Star|atk|1\n|turn|1\n|inactive|Battle timer is ON: inactive players will automatically lose when time's up. (requested by grasshopperwater)\n|\n|t:|1769559118\n|switch|p2a: Lunala|Lunala, L50|100/100\n|-enditem|p2a: Lunala|Electric Seed\n|-boost|p2a: Lunala|def|1|[from] item: Electric Seed\n|-terastallize|p1a: Co-Star|Fairy\n|move|p1b: the Star|Icy Wind|p2a: Lunala|[spread] p2a,p2b\n|-resisted|p2b: Incineroar\n|-crit|p2b: Incineroar\n|-damage|p2a: Lunala|95/100\n|-damage|p2b: Incineroar|87/100\n|-unboost|p2a: Lunala|spe|1\n|-unboost|p2b: Incineroar|spe|1\n|move|p1a: Co-Star|Dazzling Gleam|p2a: Lunala|[spread] p2a,p2b\n|-damage|p2a: Lunala|58/100\n|-damage|p2b: Incineroar|28/100\n|move|p2b: Incineroar|Parting Shot|p1a: Co-Star\n|-unboost|p1a: Co-Star|atk|1\n|-unboost|p1a: Co-Star|spa|1\n|\n|t:|1769559137\n|switch|p2b: Miraidon|Miraidon, L50|100/100|[from] Parting Shot\n|-activate|p2b: Miraidon|ability: Hadron Engine\n|\n|upkeep\n|turn|2\n|inactive|lalo's pollos has 30 seconds left.\n|inactive|lalo's pollos has 20 seconds left.\n|inactive|lalo's pollos has 15 seconds left.\n|inactive|lalo's pollos has 10 seconds left.\n|inactive|lalo's pollos has 5 seconds left.\n|\n|t:|1769559189\n|switch|p1a: Incineroar|Incineroar, L50, M|100/100\n|-ability|p1a: Incineroar|Intimidate|boost\n|-unboost|p2a: Lunala|atk|1\n|-unboost|p2b: Miraidon|atk|1\n|-terastallize|p2b: Miraidon|Fairy\n|move|p1b: the Star|Freeze-Dry|p2b: Miraidon\n|-damage|p2b: Miraidon|71/100\n|move|p2b: Miraidon|Dazzling Gleam|p1a: Incineroar|[spread] p1a,p1b\n|-damage|p1a: Incineroar|63/100\n|-enditem|p1b: the Star|Focus Sash\n|-damage|p1b: the Star|1/100\n|move|p2a: Lunala|Trick Room|p2a: Lunala\n|-fieldstart|move: Trick Room|[of] p2a: Lunala\n|\n|upkeep\n|turn|3\n|inactive|lalo's pollos has 30 seconds left.\n|\n|t:|1769559216\n|move|p1a: Incineroar|Knock Off|p2a: Lunala\n|-supereffective|p2a: Lunala\n|-damage|p2a: Lunala|9/100\n|move|p2a: Lunala|Moonblast|p1b: the Star\n|-damage|p1b: the Star|0 fnt\n|faint|p1b: the Star\n|-end|p1b: the Star|Quark Drive|[silent]\n|move|p2b: Miraidon|Dazzling Gleam|p1a: Incineroar\n|-damage|p1a: Incineroar|5/100\n|\n|upkeep\n|\n|t:|1769559229\n|switch|p1b: Calyrex|Calyrex-Ice, L50|100/100\n|-ability|p1b: Calyrex|As One\n|-ability|p1b: Calyrex|Unnerve\n|turn|4\n|\n|t:|1769559241\n|move|p2a: Lunala|Wide Guard|p2a: Lunala\n|-singleturn|p2a: Lunala|Wide Guard\n|move|p1b: Calyrex|High Horsepower|p2a: Lunala\n|-damage|p2a: Lunala|0 fnt\n|faint|p2a: Lunala\n|-ability|p1b: Calyrex|Chilling Neigh|boost\n|-boost|p1b: Calyrex|atk|1\n|move|p1a: Incineroar|Knock Off|p2b: Miraidon\n|-resisted|p2b: Miraidon\n|-damage|p2b: Miraidon|52/100\n|-enditem|p2b: Miraidon|Choice Specs|[from] move: Knock Off|[of] p1a: Incineroar\n|move|p2b: Miraidon|Dazzling Gleam|p1a: Incineroar|[spread] p1a,p1b\n|-damage|p1a: Incineroar|0 fnt\n|-damage|p1b: Calyrex|73/100\n|faint|p1a: Incineroar\n|\n|upkeep\n|\n|t:|1769559257\n|switch|p1a: Co-Star|Miraidon, L50, tera:Fairy|100/100\n|switch|p2a: Incineroar|Incineroar, L50, M|28/100\n|-ability|p2a: Incineroar|Intimidate|boost\n|-unboost|p1a: Co-Star|atk|1\n|-fail|p1b: Calyrex|unboost|[from] item: Clear Amulet|[of] p1b: Calyrex\n|-activate|p1a: Co-Star|ability: Hadron Engine\n|turn|5\n|\n|t:|1769559264\n|switch|p2b: Iron Bundle|Iron Bundle, L50|100/100\n|-activate|p2b: Iron Bundle|ability: Quark Drive\n|-start|p2b: Iron Bundle|quarkdrivespe\n|move|p1b: Calyrex|Protect|p1b: Calyrex\n|-singleturn|p1b: Calyrex|Protect\n|move|p2a: Incineroar|Fake Out|p1b: Calyrex\n|-activate|p1b: Calyrex|move: Protect\n|move|p1a: Co-Star|Electro Drift|p2b: Iron Bundle\n|-supereffective|p2b: Iron Bundle\n|-enditem|p2b: Iron Bundle|Focus Sash\n|-damage|p2b: Iron Bundle|1/100\n|\n|-fieldend|move: Electric Terrain\n|-end|p2b: Iron Bundle|Quark Drive\n|upkeep\n|turn|6\n|\n|t:|1769559277\n|move|p2b: Iron Bundle|Protect|p2b: Iron Bundle\n|-singleturn|p2b: Iron Bundle|Protect\n|move|p1b: Calyrex|Glacial Lance|p2b: Iron Bundle|[spread] p2a\n|-activate|p2b: Iron Bundle|move: Protect\n|-resisted|p2a: Incineroar\n|-damage|p2a: Incineroar|0 fnt\n|faint|p2a: Incineroar\n|-ability|p1b: Calyrex|Chilling Neigh|boost\n|-boost|p1b: Calyrex|atk|1\n|move|p1a: Co-Star|Electro Drift|p2b: Iron Bundle\n|-activate|p2b: Iron Bundle|move: Protect\n|\n|-fieldend|move: Trick Room\n|upkeep\n|\n|t:|1769559284\n|switch|p2a: Miraidon|Miraidon, L50, tera:Fairy|52/100\n|-fieldstart|move: Electric Terrain|[from] ability: Hadron Engine|[of] p2a: Miraidon\n|-activate|p2b: Iron Bundle|ability: Quark Drive\n|-start|p2b: Iron Bundle|quarkdrivespe\n|turn|7\n|\n|t:|1769559293\n|move|p2b: Iron Bundle|Ice Beam|p1a: Co-Star\n|-damage|p1a: Co-Star|61/100\n|move|p1a: Co-Star|Electro Drift|p2a: Miraidon\n|-damage|p2a: Miraidon|0 fnt\n|faint|p2a: Miraidon\n|move|p1b: Calyrex|Glacial Lance|p2b: Iron Bundle\n|-resisted|p2b: Iron Bundle\n|-damage|p2b: Iron Bundle|0 fnt\n|faint|p2b: Iron Bundle\n|-end|p2b: Iron Bundle|Quark Drive|[silent]\n|\n|win|lalo's pollos\n|raw|lalo&apos;s pollos's rating: 1396 &rarr; <strong>1421</strong><br />(+25 for winning)\n|raw|grasshopperwater's rating: 1477 &rarr; <strong>1452</strong><br />(-25 for losing)\n|l|\u2606grasshopperwater\n|player|p2|\n","uploadtime":1769559481,"views":14,"formatid":"gen9vgc2026regi","rating":1421,"private":0,"password":null}