{"id":"gen9vgc2026regi-2589030714","format":"[Gen 9] VGC 2026 Reg I","players":["24kpure","BrickedUpVGC"],"log":"|j|\u260624kpure\n|j|\u2606BrickedUpVGC\n|t:|1776695006\n|gametype|doubles\n|player|p1|24kpure|2|1526\n|player|p2|BrickedUpVGC|2|1402\n|gen|9\n|tier|[Gen 9] VGC 2026 Reg I\n|rated|\n|rule|Species Clause: Limit one of each Pok\u00e9mon\n|rule|Item Clause: Limit 1 of each item\n|clearpoke\n|poke|p1|Muk-Alola, L50, F|\n|poke|p1|Smeargle, L50, M|\n|poke|p1|Rillaboom, L50, F|\n|poke|p1|Flamigo, L50, M|\n|poke|p1|Koraidon, L50|\n|poke|p1|Incineroar, L50, F|\n|poke|p2|Sableye, L50, F|\n|poke|p2|Ursaluna, L50, M|\n|poke|p2|Calyrex-Ice, L50|\n|poke|p2|Miraidon, L50|\n|poke|p2|Indeedee-F, L50, F|\n|poke|p2|Sneasler, L50, F|\n|teampreview|4\n|inactive|Battle timer is ON: inactive players will automatically lose when time's up. (requested by 24kpure)\n|\n|t:|1776695022\n|teamsize|p1|4\n|teamsize|p2|4\n|start\n|switch|p1a: Muk|Muk-Alola, L50, F|100/100\n|switch|p1b: Rillaboom|Rillaboom, L50, F|100/100\n|switch|p2a: Sableye|Sableye, L50, F|100/100\n|switch|p2b: Calyrex|Calyrex-Ice, L50|100/100\n|-ability|p2b: Calyrex|As One\n|-ability|p2b: Calyrex|Unnerve\n|-fieldstart|move: Grassy Terrain|[from] ability: Grassy Surge|[of] p1b: Rillaboom\n|turn|1\n|inactive|BrickedUpVGC has 30 seconds left.\n|\n|t:|1776695047\n|move|p2a: Sableye|Fake Out|p1a: Muk\n|-damage|p1a: Muk|93/100\n|move|p1b: Rillaboom|Fake Out|p2b: Calyrex\n|-damage|p2b: Calyrex|93/100\n|cant|p2b: Calyrex|flinch\n|cant|p1a: Muk|flinch\n|\n|-heal|p2b: Calyrex|98/100|[from] Grassy Terrain\n|-heal|p1a: Muk|99/100|[from] Grassy Terrain\n|-heal|p1a: Muk|100/100|[from] item: Leftovers\n|upkeep\n|turn|2\n|inactive|BrickedUpVGC has 30 seconds left.\n|inactive|BrickedUpVGC has 20 seconds left.\n|\n|t:|1776695086\n|switch|p1b: Smeargle|Smeargle, L50, M|100/100\n|-terastallize|p2b: Calyrex|Ground\n|move|p2a: Sableye|Thunder Wave|p1a: Muk\n|-hint|Since gen 7, Dark is immune to Prankster moves.\n|-immune|p1a: Muk\n|move|p2b: Calyrex|High Horsepower|p1a: Muk\n|-supereffective|p1a: Muk\n|-damage|p1a: Muk|1/100\n|move|p1a: Muk|Minimize|p1a: Muk\n|-boost|p1a: Muk|evasion|2\n|\n|-heal|p2b: Calyrex|100/100|[from] Grassy Terrain\n|-heal|p1a: Muk|8/100|[from] Grassy Terrain\n|-heal|p1a: Muk|14/100|[from] item: Leftovers\n|-ability|p1b: Smeargle|Moody|boost\n|-boost|p1b: Smeargle|def|2\n|-unboost|p1b: Smeargle|spa|1\n|upkeep\n|turn|3\n|c|\u260624kpure|1%\n|inactive|BrickedUpVGC has 30 seconds left.\n|\n|t:|1776695115\n|move|p1b: Smeargle|Fake Out|p2b: Calyrex\n|-damage|p2b: Calyrex|97/100\n|move|p2a: Sableye|Thunder Wave|p1b: Smeargle\n|-status|p1b: Smeargle|par\n|cant|p2b: Calyrex|flinch\n|move|p1a: Muk|Minimize|p1a: Muk\n|-boost|p1a: Muk|evasion|2\n|\n|-heal|p2b: Calyrex|100/100|[from] Grassy Terrain\n|-heal|p1a: Muk|20/100|[from] Grassy Terrain\n|-heal|p1a: Muk|26/100|[from] item: Leftovers\n|-ability|p1b: Smeargle|Moody|boost\n|-boost|p1b: Smeargle|def|2\n|-unboost|p1b: Smeargle|spe|1\n|upkeep\n|turn|4\n|\n|t:|1776695136\n|switch|p2a: Miraidon|Miraidon, L50|100/100\n|-fieldstart|move: Electric Terrain|[from] ability: Hadron Engine|[of] p2a: Miraidon\n|move|p1a: Muk|Protect|p1a: Muk\n|-singleturn|p1a: Muk|Protect\n|move|p2b: Calyrex|Glacial Lance|p1b: Smeargle|[spread] p1b\n|-activate|p1a: Muk|move: Protect\n|-damage|p1b: Smeargle|52/100 par\n|cant|p1b: Smeargle|par\n|\n|-heal|p1a: Muk|32/100|[from] item: Leftovers\n|-ability|p1b: Smeargle|Moody|boost\n|-boost|p1b: Smeargle|spa|2\n|-unboost|p1b: Smeargle|spe|1\n|upkeep\n|turn|5\n|inactive|BrickedUpVGC has 30 seconds left.\n|\n|t:|1776695163\n|move|p1b: Smeargle|Wide Guard|p1b: Smeargle\n|-singleturn|p1b: Smeargle|Wide Guard\n|move|p2a: Miraidon|Electro Drift|p1a: Muk|[miss]\n|-miss|p2a: Miraidon|p1a: Muk\n|move|p2b: Calyrex|Glacial Lance|p1b: Smeargle|[spread] \n|-activate|p1a: Muk|move: Wide Guard\n|-activate|p1b: Smeargle|move: Wide Guard\n|move|p1a: Muk|Minimize|p1a: Muk\n|-boost|p1a: Muk|evasion|2\n|\n|-heal|p1a: Muk|38/100|[from] item: Leftovers\n|-ability|p1b: Smeargle|Moody|boost\n|-boost|p1b: Smeargle|spa|2\n|-unboost|p1b: Smeargle|spe|1\n|upkeep\n|turn|6\n|\n|t:|1776695182\n|move|p1a: Muk|Protect|p1a: Muk\n|-singleturn|p1a: Muk|Protect\n|move|p1b: Smeargle|Follow Me|p1b: Smeargle\n|-singleturn|p1b: Smeargle|move: Follow Me\n|move|p2a: Miraidon|Electro Drift|p1b: Smeargle\n|-damage|p1b: Smeargle|0 fnt\n|faint|p1b: Smeargle\n|-ability|p1a: Muk|Moody|Power of Alchemy|[from] ability: Power of Alchemy|[of] p1b: Smeargle\n|move|p2b: Calyrex|High Horsepower|p1a: Muk\n|-activate|p1a: Muk|move: Protect\n|\n|-heal|p1a: Muk|44/100|[from] item: Leftovers\n|-ability|p1a: Muk|Moody|boost\n|-boost|p1a: Muk|spa|2\n|-unboost|p1a: Muk|def|1\n|upkeep\n|\n|t:|1776695198\n|switch|p1b: Rillaboom|Rillaboom, L50, F|100/100\n|-fieldstart|move: Grassy Terrain|[from] ability: Grassy Surge|[of] p1b: Rillaboom\n|turn|7\n|\n|t:|1776695215\n|switch|p2a: Sableye|Sableye, L50, F|100/100\n|move|p1b: Rillaboom|Fake Out|p2b: Calyrex\n|-damage|p2b: Calyrex|93/100\n|cant|p2b: Calyrex|flinch\n|move|p1a: Muk|Toxic|p2b: Calyrex\n|-status|p2b: Calyrex|tox\n|\n|-heal|p2b: Calyrex|99/100 tox|[from] Grassy Terrain\n|-heal|p1a: Muk|50/100|[from] Grassy Terrain\n|-heal|p1a: Muk|57/100|[from] item: Leftovers\n|-damage|p2b: Calyrex|93/100 tox|[from] psn\n|-ability|p1a: Muk|Moody|boost\n|-boost|p1a: Muk|spe|2\n|-unboost|p1a: Muk|atk|1\n|upkeep\n|turn|8\n|inactive|24kpure has 30 seconds left.\n|\n|t:|1776695250\n|switch|p2a: Miraidon|Miraidon, L50|100/100\n|-fieldstart|move: Electric Terrain|[from] ability: Hadron Engine|[of] p2a: Miraidon\n|move|p1a: Muk|Knock Off|p2b: Calyrex\n|-damage|p2b: Calyrex|77/100 tox\n|-enditem|p2b: Calyrex|Clear Amulet|[from] move: Knock Off|[of] p1a: Muk\n|move|p1b: Rillaboom|Drum Beating|p2b: Calyrex\n|-supereffective|p2b: Calyrex\n|-damage|p2b: Calyrex|33/100 tox\n|-unboost|p2b: Calyrex|spe|1\n|move|p2b: Calyrex|Glacial Lance|p1b: Rillaboom|[spread] p1b\n|-miss|p2b: Calyrex|p1a: Muk\n|-supereffective|p1b: Rillaboom\n|-damage|p1b: Rillaboom|0 fnt\n|faint|p1b: Rillaboom\n|-ability|p2b: Calyrex|Chilling Neigh|boost\n|-boost|p2b: Calyrex|atk|1\n|\n|-heal|p1a: Muk|63/100|[from] item: Leftovers\n|-damage|p2b: Calyrex|22/100 tox|[from] psn\n|-ability|p1a: Muk|Moody|boost\n|-boost|p1a: Muk|def|2\n|-unboost|p1a: Muk|spe|1\n|upkeep\n|\n|t:|1776695264\n|switch|p1b: Flamigo|Flamigo, L50, M|100/100\n|-copyboost|p1b: Flamigo|p1a: Muk|[from] ability: Costar\n|turn|9\n|\n|t:|1776695276\n|move|p1b: Flamigo|Protect|p1b: Flamigo\n|-singleturn|p1b: Flamigo|Protect\n|move|p1a: Muk|Protect|p1a: Muk\n|-singleturn|p1a: Muk|Protect\n|move|p2a: Miraidon|Dazzling Gleam|p1b: Flamigo|[spread] \n|-activate|p1a: Muk|move: Protect\n|-activate|p1b: Flamigo|move: Protect\n|move|p2b: Calyrex|Glacial Lance|p1b: Flamigo|[spread] \n|-activate|p1a: Muk|move: Protect\n|-activate|p1b: Flamigo|move: Protect\n|\n|-heal|p1a: Muk|69/100|[from] item: Leftovers\n|-damage|p2b: Calyrex|5/100 tox|[from] psn\n|-ability|p1a: Muk|Moody|boost\n|-boost|p1a: Muk|spd|2\n|-unboost|p1a: Muk|spa|1\n|upkeep\n|turn|10\n|\n|t:|1776695296\n|move|p1b: Flamigo|Substitute|p1b: Flamigo\n|-start|p1b: Flamigo|Substitute\n|-damage|p1b: Flamigo|76/100\n|move|p2a: Miraidon|Dazzling Gleam|p1b: Flamigo|[spread] p1a\n|-miss|p2a: Miraidon|p1b: Flamigo\n|-damage|p1a: Muk|52/100\n|move|p1a: Muk|Knock Off|p2b: Calyrex\n|-damage|p2b: Calyrex|0 fnt\n|faint|p2b: Calyrex\n|\n|-heal|p1a: Muk|59/100|[from] item: Leftovers\n|-ability|p1a: Muk|Moody|boost\n|-boost|p1a: Muk|spd|2\n|-unboost|p1a: Muk|spa|1\n|upkeep\n|\n|t:|1776695313\n|switch|p2b: Sneasler|Sneasler, L50, F|100/100\n|-enditem|p2b: Sneasler|Electric Seed\n|-boost|p2b: Sneasler|def|1|[from] item: Electric Seed\n|turn|11\n|\n|t:|1776695321\n|move|p1b: Flamigo|Protect|p1b: Flamigo\n|-singleturn|p1b: Flamigo|Protect\n|move|p1a: Muk|Protect|p1a: Muk\n|-singleturn|p1a: Muk|Protect\n|move|p2b: Sneasler|Fake Out|p1a: Muk\n|-activate|p1a: Muk|move: Protect\n|move|p2a: Miraidon|Dazzling Gleam|p1b: Flamigo|[spread] \n|-activate|p1a: Muk|move: Protect\n|-activate|p1b: Flamigo|move: Protect\n|\n|-heal|p1a: Muk|65/100|[from] item: Leftovers\n|-ability|p1a: Muk|Moody|boost\n|-boost|p1a: Muk|atk|2\n|-unboost|p1a: Muk|spd|1\n|upkeep\n|turn|12\n|\n|t:|1776695337\n|move|p2b: Sneasler|Close Combat|p1a: Muk\n|-damage|p1a: Muk|28/100\n|-unboost|p2b: Sneasler|def|1\n|-unboost|p2b: Sneasler|spd|1\n|move|p1b: Flamigo|Brave Bird|p2b: Sneasler\n|-supereffective|p2b: Sneasler\n|-damage|p2b: Sneasler|0 fnt\n|faint|p2b: Sneasler\n|-damage|p1b: Flamigo|44/100|[from] Recoil\n|move|p2a: Miraidon|Dazzling Gleam|p1b: Flamigo|[spread] p1a\n|-miss|p2a: Miraidon|p1b: Flamigo\n|-damage|p1a: Muk|14/100\n|move|p1a: Muk|Knock Off|p2a: Miraidon\n|-damage|p2a: Miraidon|48/100\n|-enditem|p2a: Miraidon|Choice Specs|[from] move: Knock Off|[of] p1a: Muk\n|\n|-heal|p1a: Muk|20/100|[from] item: Leftovers\n|-fieldend|move: Electric Terrain\n|-ability|p1a: Muk|Moody|boost\n|-boost|p1a: Muk|spa|2\n|-unboost|p1a: Muk|spe|1\n|upkeep\n|c|\u2606BrickedUpVGC|god i hate ts\n|\n|t:|1776695354\n|switch|p2b: Sableye|Sableye, L50, F|100/100\n|turn|13\n|\n|t:|1776695375\n|move|p1b: Flamigo|Protect|p1b: Flamigo\n|-singleturn|p1b: Flamigo|Protect\n|move|p1a: Muk|Protect|p1a: Muk\n|-singleturn|p1a: Muk|Protect\n|move|p2b: Sableye|Fake Out|p1a: Muk\n|-activate|p1a: Muk|move: Protect\n|move|p2a: Miraidon|Dazzling Gleam|p1a: Muk|[spread] \n|-activate|p1a: Muk|move: Protect\n|-activate|p1b: Flamigo|move: Protect\n|\n|-heal|p1a: Muk|26/100|[from] item: Leftovers\n|-ability|p1a: Muk|Moody|boost\n|-boost|p1a: Muk|def|2\n|-unboost|p1a: Muk|spe|1\n|upkeep\n|turn|14\n|\n|t:|1776695393\n|move|p2b: Sableye|Rain Dance|p2b: Sableye\n|-weather|RainDance\n|move|p1b: Flamigo|Low Kick|p2a: Miraidon\n|-damage|p2a: Miraidon|12/100\n|move|p2a: Miraidon|Electro Drift|p1a: Muk|[miss]\n|-miss|p2a: Miraidon|p1a: Muk\n|move|p1a: Muk|Toxic|p2a: Miraidon\n|-status|p2a: Miraidon|tox\n|\n|-weather|RainDance|[upkeep]\n|-heal|p1a: Muk|33/100|[from] item: Leftovers\n|-damage|p2a: Miraidon|6/100 tox|[from] psn\n|-ability|p1a: Muk|Moody|boost\n|-boost|p1a: Muk|def|2\n|-unboost|p1a: Muk|spe|1\n|upkeep\n|turn|15\n|-message|BrickedUpVGC forfeited.\n|\n|win|24kpure\n|raw|24kpure's rating: 1526 &rarr; <strong>1539</strong><br />(+13 for winning)\n|raw|BrickedUpVGC's rating: 1402 &rarr; <strong>1389</strong><br />(-13 for losing)\n|l|\u2606BrickedUpVGC\n|player|p2|\n|c|\u260624kpure|why rain\uff1f\n|l|\u260624kpure\n|player|p1|\n","uploadtime":1776695603,"views":7,"formatid":"gen9vgc2026regi","rating":1389,"private":0,"password":null}