{"id":"gen9vgc2026regi-2561902529","format":"[Gen 9] VGC 2026 Reg I","players":["GAPDHD","CulantroVGC"],"log":"|j|\u2606GAPDHD\n|j|\u203dCulantroVGC\n|t:|1773853358\n|gametype|doubles\n|player|p1|GAPDHD|ruinmaniac|1415\n|player|p2|CulantroVGC|2|1469\n|gen|9\n|tier|[Gen 9] VGC 2026 Reg I\n|rated|\n|rule|Species Clause: Limit one of each Pok\u00e9mon\n|rule|Item Clause: Limit 1 of each item\n|clearpoke\n|poke|p1|Lunala, L50|\n|poke|p1|Groudon, L50|\n|poke|p1|Indeedee-F, L50, F|\n|poke|p1|Incineroar, L50, F|\n|poke|p1|Brute Bonnet, L50|\n|poke|p1|Flutter Mane, L50|\n|poke|p2|Miraidon, L50|\n|poke|p2|Calyrex-Ice, L50|\n|poke|p2|Weezing-Galar, L50, F|\n|poke|p2|Chi-Yu, L50|\n|poke|p2|Dondozo, L50, F|\n|poke|p2|Tatsugiri-Droopy, L50, F|\n|teampreview|4\n|inactive|Battle timer is ON: inactive players will automatically lose when time's up. (requested by CulantroVGC)\nGAPDHD has agreed to open team sheets.\n|inactive|CulantroVGC has 60 seconds left.\n|\n|t:|1773853393\n|teamsize|p1|4\n|teamsize|p2|4\n|start\n|switch|p1a: Groudon|Groudon, L50|100/100\n|switch|p1b: Incineroar|Incineroar, L50, F|100/100\n|switch|p2a: Calyrex|Calyrex-Ice, L50|100/100\n|switch|p2b: Weezing|Weezing-Galar, L50, F|100/100\n|-ability|p2b: Weezing|Neutralizing Gas\n|-ability|p2a: Calyrex|As One\n|-ability|p2a: Calyrex|Unnerve\n|turn|1\n|inactive|CulantroVGC has 30 seconds left.\n|\n|t:|1773853420\n|-terastallize|p1a: Groudon|Fairy\n|move|p2b: Weezing|Protect|p2b: Weezing\n|-singleturn|p2b: Weezing|Protect\n|move|p1b: Incineroar|Fake Out|p2b: Weezing\n|-activate|p2b: Weezing|move: Protect\n|move|p1a: Groudon|Precipice Blades|p2a: Calyrex|[spread] p2a\n|-activate|p2b: Weezing|move: Protect\n|-damage|p2a: Calyrex|49/100\n|-enditem|p2a: Calyrex|Sitrus Berry|[eat]\n|-heal|p2a: Calyrex|73/100|[from] item: Sitrus Berry\n|move|p2a: Calyrex|Leech Seed|p1a: Groudon\n|-start|p1a: Groudon|move: Leech Seed\n|\n|-damage|p1a: Groudon|88/100|[from] Leech Seed|[of] p2a: Calyrex\n|-heal|p2a: Calyrex|86/100|[silent]\n|upkeep\n|turn|2\n|inactive|CulantroVGC has 30 seconds left.\n|inactive|CulantroVGC has 20 seconds left.\n|inactive|CulantroVGC has 15 seconds left.\n|inactive|CulantroVGC has 10 seconds left.\n|\n|t:|1773853466\n|move|p2a: Calyrex|Protect|p2a: Calyrex\n|-singleturn|p2a: Calyrex|Protect\n|move|p1a: Groudon|Precipice Blades|p2a: Calyrex|[spread] p2b\n|-activate|p2a: Calyrex|move: Protect\n|-supereffective|p2b: Weezing\n|-damage|p2b: Weezing|0 fnt\n|faint|p2b: Weezing\n|-end|p2b: Weezing|ability: Neutralizing Gas\n|-weather|SunnyDay|[from] ability: Drought|[of] p1a: Groudon\n|-ability|p1b: Incineroar|Intimidate|boost\n|-unboost|p2a: Calyrex|atk|1\n|move|p1b: Incineroar|Flare Blitz|p2a: Calyrex\n|-activate|p2a: Calyrex|move: Protect\n|\n|-weather|SunnyDay|[upkeep]\n|-damage|p1a: Groudon|76/100|[from] Leech Seed|[of] p2a: Calyrex\n|-heal|p2a: Calyrex|98/100|[silent]\n|upkeep\n|inactive|CulantroVGC has 30 seconds left.\n|\n|t:|1773853492\n|switch|p2b: Tatsugiri|Tatsugiri-Droopy, L50, F|100/100\n|turn|3\n|inactive|CulantroVGC has 30 seconds left.\n|inactive|CulantroVGC has 20 seconds left.\n|\n|t:|1773853528\n|switch|p1a: Lunala|Lunala, L50|100/100\n|switch|p2a: Dondozo|Dondozo, L50, F|100/100\n|-activate|p2b: Tatsugiri|ability: Commander|[of] p2a: Dondozo\n|-boost|p2a: Dondozo|atk|2\n|-boost|p2a: Dondozo|spa|2\n|-boost|p2a: Dondozo|spe|2\n|-boost|p2a: Dondozo|def|2\n|-boost|p2a: Dondozo|spd|2\n|move|p1b: Incineroar|Knock Off|p2a: Dondozo\n|-damage|p2a: Dondozo|88/100\n|-enditem|p2a: Dondozo|Leftovers|[from] move: Knock Off|[of] p1b: Incineroar\n|\n|-weather|SunnyDay|[upkeep]\n|upkeep\n|turn|4\n|\n|t:|1773853543\n|move|p1a: Lunala|Meteor Beam||[still]\n|-prepare|p1a: Lunala|Meteor Beam\n|-boost|p1a: Lunala|spa|1\n|-enditem|p1a: Lunala|Power Herb\n|-anim|p1a: Lunala|Meteor Beam|p2a: Dondozo\n|-damage|p2a: Dondozo|72/100\n|move|p2a: Dondozo|Order Up|p1a: Lunala\n|-damage|p1a: Lunala|86/100\n|-boost|p2a: Dondozo|def|1\n|move|p1b: Incineroar|Taunt|p2a: Dondozo\n|-start|p2a: Dondozo|move: Taunt\n|\n|-weather|SunnyDay|[upkeep]\n|upkeep\n|turn|5\n|\n|t:|1773853560\n|switch|p1b: Indeedee|Indeedee-F, L50, F|100/100\n|-fieldstart|move: Psychic Terrain|[from] ability: Psychic Surge|[of] p1b: Indeedee\n|move|p2a: Dondozo|Order Up|p1a: Lunala\n|-damage|p1a: Lunala|55/100\n|-boost|p2a: Dondozo|def|1\n|move|p1a: Lunala|Moongeist Beam|p2a: Dondozo\n|-damage|p2a: Dondozo|40/100\n|\n|-weather|SunnyDay|[upkeep]\n|upkeep\n|turn|6\n|\n|t:|1773853583\n|move|p1b: Indeedee|Follow Me|p1b: Indeedee\n|-singleturn|p1b: Indeedee|move: Follow Me\n|move|p2a: Dondozo|Body Press|p1b: Indeedee\n|-damage|p1b: Indeedee|34/100\n|-damage|p2a: Dondozo|24/100|[from] item: Rocky Helmet|[of] p1b: Indeedee\n|move|p1a: Lunala|Moongeist Beam|p2a: Dondozo\n|-damage|p2a: Dondozo|0 fnt\n|faint|p2a: Dondozo\n|\n|-weather|none\n|upkeep\n|\n|t:|1773853587\n|switch|p2a: Calyrex|Calyrex-Ice, L50|98/100\n|-ability|p2a: Calyrex|As One\n|-ability|p2a: Calyrex|Unnerve\n|turn|7\n|\n|t:|1773853593\n|move|p1b: Indeedee|Follow Me|p1b: Indeedee\n|-singleturn|p1b: Indeedee|move: Follow Me\n|move|p2b: Tatsugiri|Icy Wind|p1a: Lunala|[spread] p1a,p1b\n|-damage|p1a: Lunala|44/100\n|-damage|p1b: Indeedee|20/100\n|-unboost|p1a: Lunala|spe|1\n|-unboost|p1b: Indeedee|spe|1\n|move|p1a: Lunala|Moongeist Beam|p2a: Calyrex\n|-supereffective|p2a: Calyrex\n|-damage|p2a: Calyrex|0 fnt\n|faint|p2a: Calyrex\n|\n|upkeep\n|turn|8\n|l|\u203dCulantroVGC\n|inactive|CulantroVGC disconnected and has a minute to reconnect!\n|player|p2|\n|inactive|CulantroVGC has 30 seconds left.\n|inactive|CulantroVGC has 20 seconds left.\n|inactive|CulantroVGC has 15 seconds left.\n|inactive|CulantroVGC has 10 seconds left.\n|inactive|CulantroVGC has 5 seconds left.\n|-message|CulantroVGC lost due to inactivity.\n|\n|win|GAPDHD\n|raw|GAPDHD's rating: 1415 &rarr; <strong>1438</strong><br />(+23 for winning)\n|raw|CulantroVGC's rating: 1469 &rarr; <strong>1446</strong><br />(-23 for losing)\n","uploadtime":1773853808,"views":12,"formatid":"gen9vgc2026regi","rating":1438,"private":0,"password":null}