{"id":"gen9vgc2026regi-2534697902","format":"[Gen 9] VGC 2026 Reg I","players":["jun2014","fogdocker"],"log":"|j|\u2606jun2014\n|j|\u2606fogdocker\n|t:|1770463549\n|gametype|doubles\n|player|p1|jun2014|170|1513\n|player|p2|fogdocker|101|1450\n|gen|9\n|tier|[Gen 9] VGC 2026 Reg I\n|rated|\n|rule|Species Clause: Limit one of each Pok\u00e9mon\n|rule|Item Clause: Limit 1 of each item\n|clearpoke\n|poke|p1|Flutter Mane, L50|\n|poke|p1|Indeedee-F, L50, F|\n|poke|p1|Groudon, L50|\n|poke|p1|Whimsicott, L50, M|\n|poke|p1|Zapdos, L50|\n|poke|p1|Lunala, L50|\n|poke|p2|Calyrex-Ice, L50|\n|poke|p2|Koraidon, L50|\n|poke|p2|Flutter Mane, L50|\n|poke|p2|Incineroar, L50, F|\n|poke|p2|Rillaboom, L50, F|\n|poke|p2|Volcarona, L50, M|\n|teampreview|4\n|inactive|Battle timer is ON: inactive players will automatically lose when time's up. (requested by jun2014)\n|inactive|jun2014 has 60 seconds left.\n|inactive|fogdocker has 60 seconds left.\n|inactive|jun2014 has 30 seconds left.\n|\n|t:|1770463620\n|teamsize|p1|4\n|teamsize|p2|4\n|start\n|switch|p1a: Groudon|Groudon, L50|100/100\n|switch|p1b: Whimsicott|Whimsicott, L50, M|100/100\n|switch|p2a: Calyrex|Calyrex-Ice, L50|100/100\n|switch|p2b: Koraidon|Koraidon, L50|100/100\n|-ability|p2a: Calyrex|As One\n|-ability|p2a: Calyrex|Unnerve\n|-weather|SunnyDay|[from] ability: Orichalcum Pulse|[of] p2b: Koraidon\n|-activate|p2b: Koraidon|Orichalcum Pulse|[source]\n|turn|1\n|\n|t:|1770463635\n|move|p1b: Whimsicott|Moonblast|p2b: Koraidon\n|-supereffective|p2b: Koraidon\n|-damage|p2b: Koraidon|0 fnt\n|faint|p2b: Koraidon\n|move|p1a: Groudon|Precipice Blades|p2a: Calyrex\n|-damage|p2a: Calyrex|44/100\n|move|p2a: Calyrex|Glacial Lance|p1a: Groudon|[spread] p1a,p1b\n|-supereffective|p1a: Groudon\n|-supereffective|p1b: Whimsicott\n|-damage|p1a: Groudon|38/100\n|-enditem|p1b: Whimsicott|Focus Sash\n|-damage|p1b: Whimsicott|1/100\n|\n|-weather|SunnyDay|[upkeep]\n|-heal|p2a: Calyrex|50/100|[from] item: Leftovers\n|upkeep\n|\n|t:|1770463644\n|switch|p2b: Incineroar|Incineroar, L50, F|100/100\n|-ability|p2b: Incineroar|Intimidate|boost\n|-unboost|p1a: Groudon|atk|1\n|-unboost|p1b: Whimsicott|atk|1\n|turn|2\n|inactive|jun2014 has 30 seconds left.\n|inactive|jun2014 has 20 seconds left.\n|inactive|jun2014 has 15 seconds left.\n|\n|t:|1770463687\n|switch|p1b: Lunala|Lunala, L50|100/100\n|move|p2b: Incineroar|Fake Out|p1a: Groudon\n|-damage|p1a: Groudon|30/100\n|cant|p1a: Groudon|flinch\n|move|p2a: Calyrex|Trick Room|p2a: Calyrex\n|-fieldstart|move: Trick Room|[of] p2a: Calyrex\n|\n|-weather|SunnyDay|[upkeep]\n|-heal|p2a: Calyrex|56/100|[from] item: Leftovers\n|upkeep\n|turn|3\n|\n|t:|1770463709\n|-terastallize|p2a: Calyrex|Water\n|-terastallize|p1b: Lunala|Water\n|move|p2a: Calyrex|Leech Seed|p1b: Lunala\n|-start|p1b: Lunala|move: Leech Seed\n|move|p2b: Incineroar|Flare Blitz|p1a: Groudon\n|-damage|p1a: Groudon|0 fnt\n|faint|p1a: Groudon\n|-damage|p2b: Incineroar|91/100|[from] Recoil\n|move|p1b: Lunala|Trick Room|p1b: Lunala\n|-fieldend|move: Trick Room\n|\n|-weather|SunnyDay|[upkeep]\n|-heal|p2a: Calyrex|61/100|[from] item: Leftovers\n|-damage|p1b: Lunala|88/100|[from] Leech Seed|[of] p2a: Calyrex\n|-heal|p2a: Calyrex|76/100|[silent]\n|upkeep\n|\n|t:|1770463729\n|switch|p1a: Whimsicott|Whimsicott, L50, M|1/100\n|turn|4\n|\n|t:|1770463742\n|move|p2a: Calyrex|Protect|p2a: Calyrex\n|-singleturn|p2a: Calyrex|Protect\n|move|p1a: Whimsicott|Encore|p2a: Calyrex\n|-activate|p2a: Calyrex|move: Protect\n|move|p1b: Lunala|Meteor Beam||[still]\n|-prepare|p1b: Lunala|Meteor Beam\n|-boost|p1b: Lunala|spa|1\n|-enditem|p1b: Lunala|Power Herb\n|-anim|p1b: Lunala|Meteor Beam|p2b: Incineroar\n|-supereffective|p2b: Incineroar\n|-damage|p2b: Incineroar|0 fnt\n|faint|p2b: Incineroar\n|\n|-weather|SunnyDay|[upkeep]\n|-heal|p2a: Calyrex|82/100|[from] item: Leftovers\n|-damage|p1b: Lunala|76/100|[from] Leech Seed|[of] p2a: Calyrex\n|-heal|p2a: Calyrex|96/100|[silent]\n|upkeep\n|\n|t:|1770463752\n|switch|p2b: Flutter Mane|Flutter Mane, L50|100/100\n|-activate|p2b: Flutter Mane|ability: Protosynthesis\n|-start|p2b: Flutter Mane|protosynthesisspe\n|turn|5\n|inactive|jun2014 has 30 seconds left.\n|\n|t:|1770463783\n|move|p1a: Whimsicott|Encore|p2a: Calyrex\n|-start|p2a: Calyrex|Encore\n|move|p2b: Flutter Mane|Moonblast|p1a: Whimsicott\n|-damage|p1a: Whimsicott|0 fnt\n|faint|p1a: Whimsicott\n|move|p1b: Lunala|Moongeist Beam|p2b: Flutter Mane\n|-supereffective|p2b: Flutter Mane\n|-enditem|p2b: Flutter Mane|Focus Sash\n|-damage|p2b: Flutter Mane|1/100\n|move|p2a: Calyrex|Protect||[still]\n|-fail|p2a: Calyrex\n|\n|-weather|none\n|-end|p2b: Flutter Mane|Protosynthesis\n|-heal|p2a: Calyrex|100/100|[from] item: Leftovers\n|-damage|p1b: Lunala|64/100|[from] Leech Seed|[of] p2a: Calyrex\n|upkeep\n|\n|t:|1770463801\n|switch|p1a: Flutter Mane|Flutter Mane, L50|100/100\n|turn|6\n|\n|t:|1770463825\n|move|p2b: Flutter Mane|Protect|p2b: Flutter Mane\n|-singleturn|p2b: Flutter Mane|Protect\n|move|p2a: Calyrex|Protect|p2a: Calyrex\n|-singleturn|p2a: Calyrex|Protect\n|move|p1a: Flutter Mane|Dazzling Gleam|p2a: Calyrex|[spread] \n|-activate|p2a: Calyrex|move: Protect\n|-activate|p2b: Flutter Mane|move: Protect\n|move|p1b: Lunala|Moongeist Beam|p2b: Flutter Mane\n|-activate|p2b: Flutter Mane|move: Protect\n|\n|-damage|p1b: Lunala|51/100|[from] Leech Seed|[of] p2a: Calyrex\n|upkeep\n|turn|7\n|\n|t:|1770463844\n|move|p2a: Calyrex|Protect||[still]\n|-fail|p2a: Calyrex\n|move|p2b: Flutter Mane|Shadow Ball|p1a: Flutter Mane\n|-supereffective|p1a: Flutter Mane\n|-damage|p1a: Flutter Mane|18/100\n|move|p1a: Flutter Mane|Dazzling Gleam|p2a: Calyrex|[spread] p2a,p2b\n|-damage|p2a: Calyrex|72/100\n|-damage|p2b: Flutter Mane|0 fnt\n|faint|p2b: Flutter Mane\n|-end|p2b: Flutter Mane|Protosynthesis|[silent]\n|move|p1b: Lunala|Moongeist Beam|p2a: Calyrex\n|-damage|p2a: Calyrex|22/100\n|\n|-heal|p2a: Calyrex|28/100|[from] item: Leftovers\n|-damage|p1b: Lunala|39/100|[from] Leech Seed|[of] p2a: Calyrex\n|-heal|p2a: Calyrex|42/100|[silent]\n|-end|p2a: Calyrex|Encore\n|upkeep\n|turn|8\n|\n|t:|1770463864\n|move|p2a: Calyrex|Protect|p2a: Calyrex\n|-singleturn|p2a: Calyrex|Protect\n|move|p1a: Flutter Mane|Dazzling Gleam|p2a: Calyrex\n|-activate|p2a: Calyrex|move: Protect\n|move|p1b: Lunala|Moongeist Beam|p2a: Calyrex\n|-activate|p2a: Calyrex|move: Protect\n|\n|-heal|p2a: Calyrex|48/100|[from] item: Leftovers\n|-damage|p1b: Lunala|27/100|[from] Leech Seed|[of] p2a: Calyrex\n|-heal|p2a: Calyrex|62/100|[silent]\n|upkeep\n|turn|9\n|\n|t:|1770463879\n|move|p1a: Flutter Mane|Dazzling Gleam|p2a: Calyrex\n|-damage|p2a: Calyrex|28/100\n|move|p1b: Lunala|Moongeist Beam|p2a: Calyrex\n|-damage|p2a: Calyrex|0 fnt\n|faint|p2a: Calyrex\n|\n|win|jun2014\n|raw|jun2014's rating: 1513 &rarr; <strong>1529</strong><br />(+16 for winning)\n|raw|fogdocker's rating: 1450 &rarr; <strong>1434</strong><br />(-16 for losing)\n|l|\u2606fogdocker\n|player|p2|\n|l|\u2606jun2014\n|player|p1|\n","uploadtime":1770464135,"views":17,"formatid":"gen9vgc2026regi","rating":1434,"private":0,"password":null}