{"id":"gen9vgc2026regi-2558479293","format":"[Gen 9] VGC 2026 Reg I","players":["Shagrathisbeast","Lacossg"],"log":"|j|\u2606Shagrathisbeast\n|j|\u2606Lacossg\n|t:|1773438691\n|gametype|doubles\n|player|p1|Shagrathisbeast|steven|1399\n|player|p2|Lacossg|169|1528\n|gen|9\n|tier|[Gen 9] VGC 2026 Reg I\n|rated|\n|rule|Species Clause: Limit one of each Pok\u00e9mon\n|rule|Item Clause: Limit 1 of each item\n|clearpoke\n|poke|p1|Giratina-Origin, L50|\n|poke|p1|Zamazenta-*, L50|\n|poke|p1|Chien-Pao, L50|\n|poke|p1|Urshifu-*, L50, F|\n|poke|p1|Rillaboom, L50, M|\n|poke|p1|Entei, L50|\n|poke|p2|Zacian-*, L50|\n|poke|p2|Iron Valiant, L50|\n|poke|p2|Tyranitar, L50, F|\n|poke|p2|Zamazenta-*, L50|\n|poke|p2|Landorus, L50, M|\n|poke|p2|Tornadus, L50, M|\n|teampreview|4\n|inactive|Battle timer is ON: inactive players will automatically lose when time's up. (requested by Lacossg)\n|inactive|Shagrathisbeast has 60 seconds left.\n|\n|t:|1773438800\n|teamsize|p1|4\n|teamsize|p2|4\n|start\n|switch|p1a: Urshifu|Urshifu-Rapid-Strike, L50, F|100/100\n|switch|p1b: Rillaboom|Rillaboom, L50, M|100/100\n|switch|p2a: Zamazenta|Zamazenta-Crowned, L50|100/100\n|switch|p2b: Iron Valiant|Iron Valiant, L50|100/100\n|-ability|p2a: Zamazenta|Dauntless Shield|boost\n|-boost|p2a: Zamazenta|def|1\n|-fieldstart|move: Grassy Terrain|[from] ability: Grassy Surge|[of] p1b: Rillaboom\n|-enditem|p2b: Iron Valiant|Booster Energy\n|-activate|p2b: Iron Valiant|ability: Quark Drive|[fromitem]\n|-start|p2b: Iron Valiant|quarkdrivespe\n|turn|1\n|inactive|Shagrathisbeast has 30 seconds left.\n|inactive|Shagrathisbeast has 20 seconds left.\n|\n|t:|1773438836\n|move|p1b: Rillaboom|Fake Out|p2a: Zamazenta\n|-resisted|p2a: Zamazenta\n|-damage|p2a: Zamazenta|97/100\n|move|p2b: Iron Valiant|Moonblast|p1a: Urshifu\n|-supereffective|p1a: Urshifu\n|-damage|p1a: Urshifu|0 fnt\n|faint|p1a: Urshifu\n|cant|p2a: Zamazenta|flinch\n|\n|-heal|p2a: Zamazenta|100/100|[from] Grassy Terrain\n|upkeep\n|\n|t:|1773438853\n|switch|p1a: Zamazenta|Zamazenta-Crowned, L50, shiny|100/100\n|-ability|p1a: Zamazenta|Dauntless Shield|boost\n|-boost|p1a: Zamazenta|def|1\n|turn|2\n|\n|t:|1773438865\n|move|p1a: Zamazenta|Protect|p1a: Zamazenta\n|-singleturn|p1a: Zamazenta|Protect\n|move|p2b: Iron Valiant|Coaching|p2a: Zamazenta\n|-boost|p2a: Zamazenta|atk|1\n|-boost|p2a: Zamazenta|def|1\n|move|p2a: Zamazenta|Body Press|p1a: Zamazenta\n|-activate|p1a: Zamazenta|move: Protect\n|move|p1b: Rillaboom|Wood Hammer|p2b: Iron Valiant\n|-damage|p2b: Iron Valiant|5/100\n|-damage|p1b: Rillaboom|71/100|[from] Recoil\n|\n|-heal|p2b: Iron Valiant|12/100|[from] Grassy Terrain\n|-heal|p1b: Rillaboom|77/100|[from] Grassy Terrain\n|upkeep\n|turn|3\n|inactive|Lacossg has 30 seconds left.\n|inactive|Lacossg has 20 seconds left.\n|inactive|Lacossg has 15 seconds left.\n|inactive|Lacossg has 10 seconds left.\n|\n|t:|1773438912\n|-terastallize|p1a: Zamazenta|Dragon\n|move|p1b: Rillaboom|Grassy Glide|p2b: Iron Valiant\n|-damage|p2b: Iron Valiant|0 fnt\n|faint|p2b: Iron Valiant\n|-end|p2b: Iron Valiant|Quark Drive|[silent]\n|move|p1a: Zamazenta|Iron Defense|p1a: Zamazenta\n|-boost|p1a: Zamazenta|def|2\n|move|p2a: Zamazenta|Body Press|p1a: Zamazenta\n|-damage|p1a: Zamazenta|79/100\n|\n|-heal|p1a: Zamazenta|85/100|[from] Grassy Terrain\n|-heal|p1b: Rillaboom|83/100|[from] Grassy Terrain\n|upkeep\n|\n|t:|1773438935\n|switch|p2b: Tornadus|Tornadus, L50, M|100/100\n|turn|4\n|inactive|Shagrathisbeast has 30 seconds left.\n|\n|t:|1773438961\n|move|p2b: Tornadus|Bleakwind Storm|p1a: Zamazenta|[spread] p1b\n|-miss|p2b: Tornadus|p1a: Zamazenta\n|-supereffective|p1b: Rillaboom\n|-damage|p1b: Rillaboom|24/100\n|move|p1a: Zamazenta|Body Press|p2b: Tornadus\n|-resisted|p2b: Tornadus\n|-damage|p2b: Tornadus|18/100\n|move|p2a: Zamazenta|Body Press|p1b: Rillaboom\n|-damage|p1b: Rillaboom|0 fnt\n|faint|p1b: Rillaboom\n|\n|-heal|p1a: Zamazenta|91/100|[from] Grassy Terrain\n|upkeep\n|\n|t:|1773438971\n|switch|p1b: Giratina|Giratina-Origin, L50, shiny|100/100\n|turn|5\n|\n|t:|1773438984\n|move|p2a: Zamazenta|Protect|p2a: Zamazenta\n|-singleturn|p2a: Zamazenta|Protect\n|move|p2b: Tornadus|Tailwind|p2b: Tornadus\n|-sidestart|p2: Lacossg|move: Tailwind\n|move|p1b: Giratina|Shadow Sneak|p2b: Tornadus\n|-crit|p2b: Tornadus\n|-damage|p2b: Tornadus|0 fnt\n|faint|p2b: Tornadus\n|move|p1a: Zamazenta|Iron Defense|p1a: Zamazenta\n|-boost|p1a: Zamazenta|def|2\n|\n|-heal|p1a: Zamazenta|97/100|[from] Grassy Terrain\n|-fieldend|move: Grassy Terrain\n|upkeep\n|\n|t:|1773438986\n|switch|p2b: Zacian|Zacian-Crowned, L50|100/100\n|-ability|p2b: Zacian|Intrepid Sword|boost\n|-boost|p2b: Zacian|atk|1\n|turn|6\n|\n|t:|1773438999\n|-terastallize|p2a: Zamazenta|Dragon\n|move|p2b: Zacian|Play Rough|p1b: Giratina\n|-supereffective|p1b: Giratina\n|-damage|p1b: Giratina|0 fnt\n|faint|p1b: Giratina\n|move|p2a: Zamazenta|Body Press|p1a: Zamazenta\n|-damage|p1a: Zamazenta|80/100\n|move|p1a: Zamazenta|Body Press|p2a: Zamazenta\n|-damage|p2a: Zamazenta|58/100\n|\n|upkeep\n|turn|7\n|\n|t:|1773439013\n|move|p2b: Zacian|Play Rough|p1a: Zamazenta\n|-supereffective|p1a: Zamazenta\n|-damage|p1a: Zamazenta|49/100\n|move|p2a: Zamazenta|Body Press|p1a: Zamazenta\n|-damage|p1a: Zamazenta|33/100\n|move|p1a: Zamazenta|Body Press|p2b: Zacian\n|-damage|p2b: Zacian|0 fnt\n|faint|p2b: Zacian\n|\n|upkeep\n|turn|8\n|\n|t:|1773439022\n|move|p1a: Zamazenta|Protect|p1a: Zamazenta\n|-singleturn|p1a: Zamazenta|Protect\n|move|p2a: Zamazenta|Body Press|p1a: Zamazenta\n|-activate|p1a: Zamazenta|move: Protect\n|\n|-sideend|p2: Lacossg|move: Tailwind\n|upkeep\n|turn|9\n|\n|t:|1773439027\n|move|p1a: Zamazenta|Body Press|p2a: Zamazenta\n|-damage|p2a: Zamazenta|17/100\n|move|p2a: Zamazenta|Body Press|p1a: Zamazenta\n|-damage|p1a: Zamazenta|17/100\n|\n|upkeep\n|turn|10\n|\n|t:|1773439039\n|move|p2a: Zamazenta|Body Press|p1a: Zamazenta\n|-damage|p1a: Zamazenta|1/100\n|move|p1a: Zamazenta|Body Press|p2a: Zamazenta\n|-damage|p2a: Zamazenta|0 fnt\n|faint|p2a: Zamazenta\n|\n|win|Shagrathisbeast\n|raw|Shagrathisbeast's rating: 1399 &rarr; <strong>1426</strong><br />(+27 for winning)\n|raw|Lacossg's rating: 1528 &rarr; <strong>1501</strong><br />(-27 for losing)\n|c|\u2606Shagrathisbeast|wow\n|l|\u2606Shagrathisbeast\n|player|p1|\n|l|\u2606Lacossg\n|player|p2|\n","uploadtime":1773439189,"views":15,"formatid":"gen9vgc2026regi","rating":1426,"private":0,"password":null}