{"id":"gen9vgc2026regi-2553059699","format":"[Gen 9] VGC 2026 Reg I","players":["avarussurava","501JFW"],"log":"|j|\u2606avarussurava\n|j|\u2606501JFW\n|t:|1772792542\n|gametype|doubles\n|player|p1|avarussurava|169|1330\n|player|p2|501JFW|170|1523\n|gen|9\n|tier|[Gen 9] VGC 2026 Reg I\n|rated|\n|rule|Species Clause: Limit one of each Pok\u00e9mon\n|rule|Item Clause: Limit 1 of each item\n|clearpoke\n|poke|p1|Tyranitar, L50, F|\n|poke|p1|Kyogre, L50|\n|poke|p1|Zamazenta-*, L50|\n|poke|p1|Gastrodon, L50, F|\n|poke|p1|Sinistcha, L50|\n|poke|p1|Ceruledge, L50, M|\n|poke|p2|Lunala, L50|\n|poke|p2|Koraidon, L50|\n|poke|p2|Jumpluff, L50, M|\n|poke|p2|Ogerpon-Cornerstone, L50, F|\n|poke|p2|Raging Bolt, L50|\n|poke|p2|Ursaluna, L50, F|\n|teampreview|4\n|inactive|Battle timer is ON: inactive players will automatically lose when time's up. (requested by 501JFW)\n|inactive|avarussurava has 60 seconds left.\n|inactive|501JFW has 60 seconds left.\n|\n|t:|1772792584\n|teamsize|p1|4\n|teamsize|p2|4\n|start\n|switch|p1a: Ceruledge|Ceruledge, L50, M|100/100\n|switch|p1b: Tyranitar|Tyranitar, L50, F|100/100\n|switch|p2a: Lunala|Lunala, L50, shiny|100/100\n|switch|p2b: Koraidon|Koraidon, L50, shiny|100/100\n|-weather|SunnyDay|[from] ability: Orichalcum Pulse|[of] p2b: Koraidon\n|-activate|p2b: Koraidon|Orichalcum Pulse|[source]\n|-weather|Sandstorm|[from] ability: Sand Stream|[of] p1b: Tyranitar\n|turn|1\n|inactive|avarussurava has 30 seconds left.\n|inactive|avarussurava has 20 seconds left.\n|inactive|avarussurava has 15 seconds left.\n|inactive|avarussurava has 10 seconds left.\n|\n|t:|1772792631\n|-terastallize|p1b: Tyranitar|Flying\n|move|p2b: Koraidon|Close Combat|p1b: Tyranitar\n|-resisted|p1b: Tyranitar\n|-damage|p1b: Tyranitar|76/100\n|-unboost|p2b: Koraidon|def|1\n|-unboost|p2b: Koraidon|spd|1\n|move|p2a: Lunala|Meteor Beam||[still]\n|-prepare|p2a: Lunala|Meteor Beam\n|-boost|p2a: Lunala|spa|1\n|-enditem|p2a: Lunala|Power Herb\n|-anim|p2a: Lunala|Meteor Beam|p1a: Ceruledge\n|-supereffective|p1a: Ceruledge\n|-damage|p1a: Ceruledge|0 fnt\n|faint|p1a: Ceruledge\n|move|p1b: Tyranitar|Knock Off|p2a: Lunala\n|-supereffective|p2a: Lunala\n|-damage|p2a: Lunala|30/100\n|\n|-weather|Sandstorm|[upkeep]\n|-damage|p2b: Koraidon|94/100|[from] Sandstorm\n|-damage|p2a: Lunala|24/100|[from] Sandstorm\n|-damage|p1b: Tyranitar|70/100|[from] Sandstorm\n|upkeep\n|\n|t:|1772792649\n|switch|p1a: Zamazenta|Zamazenta-Crowned, L50|100/100\n|-ability|p1a: Zamazenta|Dauntless Shield|boost\n|-boost|p1a: Zamazenta|def|1\n|turn|2\n|\n|t:|1772792664\n|move|p2b: Koraidon|U-turn|p1a: Zamazenta\n|-resisted|p1a: Zamazenta\n|-damage|p1a: Zamazenta|98/100\n|\n|t:|1772792681\n|switch|p2b: Ogerpon|Ogerpon-Cornerstone, L50, F|100/100|[from] U-turn\n|move|p2a: Lunala|Moongeist Beam|p1a: Zamazenta\n|-damage|p1a: Zamazenta|36/100\n|move|p1a: Zamazenta|Body Press|p2b: Ogerpon\n|-supereffective|p2b: Ogerpon\n|-ability|p2b: Ogerpon|Sturdy\n|-damage|p2b: Ogerpon|1/100\n|move|p1b: Tyranitar|Knock Off|p2a: Lunala\n|-supereffective|p2a: Lunala\n|-damage|p2a: Lunala|0 fnt\n|faint|p2a: Lunala\n|\n|-weather|Sandstorm|[upkeep]\n|-damage|p1b: Tyranitar|64/100|[from] Sandstorm\n|upkeep\n|\n|t:|1772792693\n|switch|p2a: Koraidon|Koraidon, L50, shiny|94/100\n|-weather|SunnyDay|[from] ability: Orichalcum Pulse|[of] p2a: Koraidon\n|-activate|p2a: Koraidon|Orichalcum Pulse|[source]\n|turn|3\n|\n|t:|1772792707\n|switch|p1b: Sinistcha|Sinistcha, L50|100/100\n|-heal|p1a: Zamazenta|61/100|[from] ability: Hospitality|[of] p1b: Sinistcha\n|move|p2a: Koraidon|Close Combat|p1a: Zamazenta\n|-supereffective|p1a: Zamazenta\n|-damage|p1a: Zamazenta|0 fnt\n|-unboost|p2a: Koraidon|def|1\n|-unboost|p2a: Koraidon|spd|1\n|faint|p1a: Zamazenta\n|move|p2b: Ogerpon|Ivy Cudgel|p1b: Sinistcha|[anim] Ivy Cudgel Rock\n|-damage|p1b: Sinistcha|37/100\n|-enditem|p1b: Sinistcha|Sitrus Berry|[eat]\n|-heal|p1b: Sinistcha|61/100|[from] item: Sitrus Berry\n|\n|-weather|SunnyDay|[upkeep]\n|upkeep\n|\n|t:|1772792721\n|switch|p1a: Tyranitar|Tyranitar, L50, F, tera:Flying|64/100\n|-weather|Sandstorm|[from] ability: Sand Stream|[of] p1a: Tyranitar\n|turn|4\n|\n|t:|1772792736\n|move|p2a: Koraidon|U-turn|p1a: Tyranitar\n|-resisted|p1a: Tyranitar\n|-damage|p1a: Tyranitar|55/100\n|\n|t:|1772792739\n|switch|p2a: Ursaluna|Ursaluna, L50, F, shiny|100/100|[from] U-turn\n|move|p2b: Ogerpon|Ivy Cudgel|p1a: Tyranitar|[anim] Ivy Cudgel Rock\n|-supereffective|p1a: Tyranitar\n|-damage|p1a: Tyranitar|0 fnt\n|faint|p1a: Tyranitar\n|move|p1b: Sinistcha|Matcha Gotcha|p2a: Ursaluna|[spread] p2b\n|-miss|p1b: Sinistcha|p2a: Ursaluna\n|-damage|p2b: Ogerpon|0 fnt\n|-heal|p1b: Sinistcha|62/100|[from] drain|[of] p2b: Ogerpon\n|faint|p2b: Ogerpon\n|\n|-weather|Sandstorm|[upkeep]\n|-damage|p1b: Sinistcha|56/100|[from] Sandstorm\n|-status|p2a: Ursaluna|brn|[from] item: Flame Orb\n|upkeep\n|\n|t:|1772792746\n|switch|p2b: Koraidon|Koraidon, L50, shiny|94/100\n|-weather|SunnyDay|[from] ability: Orichalcum Pulse|[of] p2b: Koraidon\n|-activate|p2b: Koraidon|Orichalcum Pulse|[source]\n|turn|5\n|-message|avarussurava forfeited.\n|\n|win|501JFW\n|raw|avarussurava's rating: 1330 &rarr; <strong>1320</strong><br />(-10 for losing)\n|raw|501JFW's rating: 1523 &rarr; <strong>1533</strong><br />(+10 for winning)\n|l|\u2606avarussurava\n|player|p1|\n|l|\u2606501JFW\n|player|p2|\n","uploadtime":1772792941,"views":16,"formatid":"gen9vgc2026regi","rating":1320,"private":0,"password":null}