{"id":"gen9vgc2026regi-2523796616","format":"[Gen 9] VGC 2026 Reg I","players":["Philippejava","zonavideovigilada"],"log":"|j|\u2606Philippejava\n|j|\u2606zonavideovigilada\n|t:|1769072457\n|gametype|doubles\n|player|p1|Philippejava|falkner|1305\n|player|p2|zonavideovigilada|265|1473\n|gen|9\n|tier|[Gen 9] VGC 2026 Reg I\n|rated|\n|rule|Species Clause: Limit one of each Pok\u00e9mon\n|rule|Item Clause: Limit 1 of each item\n|clearpoke\n|poke|p1|Koraidon, L50|\n|poke|p1|Calyrex-Ice, L50|\n|poke|p1|Ursaluna, L50, F|\n|poke|p1|Chi-Yu, L50|\n|poke|p1|Raging Bolt, L50|\n|poke|p1|Brute Bonnet, L50|\n|poke|p2|Chien-Pao, L50|\n|poke|p2|Calyrex-Shadow, L50|\n|poke|p2|Zamazenta-*, L50|\n|poke|p2|Amoonguss, L50, F|\n|poke|p2|Chi-Yu, L50|\n|poke|p2|Rillaboom, L50, F|\n|teampreview|4\n|inactive|Battle timer is ON: inactive players will automatically lose when time's up. (requested by Philippejava)\n|inactive|zonavideovigilada has 60 seconds left.\n|\n|t:|1769072501\n|teamsize|p1|4\n|teamsize|p2|4\n|start\n|switch|p1a: Kintoki|Raging Bolt, L50|100/100\n|switch|p1b: Jeanne Alter|Chi-Yu, L50|100/100\n|switch|p2a: Zamazenta|Zamazenta-Crowned, L50|100/100\n|switch|p2b: Calyrex|Calyrex-Shadow, L50|100/100\n|-ability|p2b: Calyrex|As One\n|-ability|p2b: Calyrex|Unnerve\n|-ability|p1b: Jeanne Alter|Beads of Ruin\n|-ability|p2a: Zamazenta|Dauntless Shield|boost\n|-boost|p2a: Zamazenta|def|1\n|turn|1\n|inactive|Philippejava has 30 seconds left.\n|inactive|Philippejava has 20 seconds left.\n|inactive|Philippejava has 15 seconds left.\n|\n|t:|1769072542\n|move|p2b: Calyrex|Protect|p2b: Calyrex\n|-singleturn|p2b: Calyrex|Protect\n|move|p2a: Zamazenta|Protect|p2a: Zamazenta\n|-singleturn|p2a: Zamazenta|Protect\n|move|p1b: Jeanne Alter|Heat Wave|p2a: Zamazenta|[spread] \n|-activate|p2a: Zamazenta|move: Protect\n|-activate|p2b: Calyrex|move: Protect\n|move|p1a: Kintoki|Thunderbolt|p2b: Calyrex\n|-activate|p2b: Calyrex|move: Protect\n|\n|upkeep\n|turn|2\n|inactive|zonavideovigilada has 30 seconds left.\n|\n|t:|1769072570\n|switch|p1b: Locusta|Brute Bonnet, L50|100/100\n|-terastallize|p2a: Zamazenta|Dragon\n|move|p1a: Kintoki|Thunderclap|p2b: Calyrex\n|-damage|p2b: Calyrex|60/100\n|move|p2b: Calyrex|Astral Barrage|p1a: Kintoki|[spread] p1a,p1b\n|-resisted|p1b: Locusta\n|-damage|p1a: Kintoki|71/100\n|-damage|p1b: Locusta|79/100\n|move|p2a: Zamazenta|Body Press|p1b: Locusta\n|-supereffective|p1b: Locusta\n|-damage|p1b: Locusta|0 fnt\n|faint|p1b: Locusta\n|-end|p1b: Locusta|Protosynthesis|[silent]\n|\n|upkeep\n|\n|t:|1769072587\n|switch|p1b: Jeanne Alter|Chi-Yu, L50|100/100\n|-ability|p1b: Jeanne Alter|Beads of Ruin\n|turn|3\n|\n|t:|1769072595\n|move|p2b: Calyrex|Protect|p2b: Calyrex\n|-singleturn|p2b: Calyrex|Protect\n|move|p2a: Zamazenta|Protect|p2a: Zamazenta\n|-singleturn|p2a: Zamazenta|Protect\n|move|p1b: Jeanne Alter|Dark Pulse|p2b: Calyrex\n|-activate|p2b: Calyrex|move: Protect\n|move|p1a: Kintoki|Draco Meteor|p2a: Zamazenta\n|-activate|p2a: Zamazenta|move: Protect\n|\n|upkeep\n|turn|4\n|\n|t:|1769072616\n|switch|p2b: Amoonguss|Amoonguss, L50, F|100/100\n|move|p1b: Jeanne Alter|Dark Pulse|p2b: Amoonguss\n|-damage|p2b: Amoonguss|44/100\n|move|p2a: Zamazenta|Body Press|p1b: Jeanne Alter\n|-supereffective|p1b: Jeanne Alter\n|-damage|p1b: Jeanne Alter|0 fnt\n|faint|p1b: Jeanne Alter\n|move|p1a: Kintoki|Volt Switch|p2a: Zamazenta\n|-resisted|p2a: Zamazenta\n|-damage|p2a: Zamazenta|88/100\n|\n|t:|1769072628\n|-end|p1a: Kintoki|Protosynthesis|[silent]\n|switch|p1a: Quetzalcpatl|Koraidon, L50|100/100|[from] Volt Switch\n|-weather|SunnyDay|[from] ability: Orichalcum Pulse|[of] p1a: Quetzalcpatl\n|-activate|p1a: Quetzalcpatl|Orichalcum Pulse|[source]\n|\n|-weather|SunnyDay|[upkeep]\n|upkeep\n|\n|t:|1769072635\n|switch|p1b: Kintoki|Raging Bolt, L50|71/100\n|-activate|p1b: Kintoki|ability: Protosynthesis\n|-start|p1b: Kintoki|protosynthesisspa\n|turn|5\n|\n|t:|1769072653\n|move|p2b: Amoonguss|Protect|p2b: Amoonguss\n|-singleturn|p2b: Amoonguss|Protect\n|move|p1a: Quetzalcpatl|Breaking Swipe|p2b: Amoonguss|[spread] p2a\n|-activate|p2b: Amoonguss|move: Protect\n|-supereffective|p2a: Zamazenta\n|-damage|p2a: Zamazenta|56/100\n|-unboost|p2a: Zamazenta|atk|1\n|-damage|p1a: Quetzalcpatl|91/100|[from] item: Life Orb\n|move|p2a: Zamazenta|Body Press|p1b: Kintoki\n|-damage|p1b: Kintoki|22/100\n|move|p1b: Kintoki|Thunderbolt|p2a: Zamazenta\n|-resisted|p2a: Zamazenta\n|-damage|p2a: Zamazenta|36/100\n|\n|-weather|SunnyDay|[upkeep]\n|upkeep\n|turn|6\n|inactive|Philippejava has 30 seconds left.\n|inactive|Philippejava has 20 seconds left.\n|inactive|Philippejava has 15 seconds left.\n|\n|t:|1769072695\n|move|p2b: Amoonguss|Rage Powder|p2b: Amoonguss\n|-singleturn|p2b: Amoonguss|move: Rage Powder\n|move|p1a: Quetzalcpatl|Close Combat|p2b: Amoonguss\n|-resisted|p2b: Amoonguss\n|-damage|p2b: Amoonguss|2/100\n|-unboost|p1a: Quetzalcpatl|def|1\n|-unboost|p1a: Quetzalcpatl|spd|1\n|-damage|p1a: Quetzalcpatl|75/100|[from] item: Rocky Helmet|[of] p2b: Amoonguss\n|-damage|p1a: Quetzalcpatl|65/100|[from] item: Life Orb\n|move|p2a: Zamazenta|Body Press|p1b: Kintoki\n|-crit|p1b: Kintoki\n|-damage|p1b: Kintoki|0 fnt\n|faint|p1b: Kintoki\n|-end|p1b: Kintoki|Protosynthesis|[silent]\n|\n|-weather|SunnyDay|[upkeep]\n|upkeep\n|turn|7\n|\n|t:|1769072716\n|move|p1a: Quetzalcpatl|Breaking Swipe|p2a: Zamazenta|[spread] p2a,p2b\n|-supereffective|p2a: Zamazenta\n|-crit|p2b: Amoonguss\n|-damage|p2a: Zamazenta|7/100\n|-damage|p2b: Amoonguss|0 fnt\n|-unboost|p2a: Zamazenta|atk|1\n|-damage|p1a: Quetzalcpatl|49/100|[from] item: Rocky Helmet|[of] p2b: Amoonguss\n|faint|p2b: Amoonguss\n|-damage|p1a: Quetzalcpatl|40/100|[from] item: Life Orb\n|move|p2a: Zamazenta|Body Press|p1a: Quetzalcpatl\n|-damage|p1a: Quetzalcpatl|0 fnt\n|faint|p1a: Quetzalcpatl\n|\n|win|zonavideovigilada\n|raw|Philippejava's rating: 1305 &rarr; <strong>1294</strong><br />(-11 for losing)\n|raw|zonavideovigilada's rating: 1473 &rarr; <strong>1484</strong><br />(+11 for winning)\n|l|\u2606zonavideovigilada\n|player|p2|\n|l|\u2606Philippejava\n|player|p1|\n","uploadtime":1769073101,"views":14,"formatid":"gen9vgc2026regi","rating":1294,"private":0,"password":null}