{"id":"gen9vgc2026regi-2515925103","format":"[Gen 9] VGC 2026 Reg I","players":["dexpolg","Rillabossman"],"log":"|j|\u2606dexpolg\n|j|\u2606Rillabossman\n|t:|1768061139\n|gametype|doubles\n|player|p1|dexpolg|lucas|1234\n|player|p2|Rillabossman|burglar|1288\n|gen|9\n|tier|[Gen 9] VGC 2026 Reg I\n|rated|\n|rule|Species Clause: Limit one of each Pok\u00e9mon\n|rule|Item Clause: Limit 1 of each item\n|clearpoke\n|poke|p1|Roaring Moon, L50|\n|poke|p1|Kyogre, L50|\n|poke|p1|Zacian-*, L50|\n|poke|p1|Amoonguss, L50, F|\n|poke|p1|Iron Hands, L50|\n|poke|p1|Urshifu-*, L50, F|\n|poke|p2|Calyrex-Shadow, L50|\n|poke|p2|Zamazenta-*, L50|\n|poke|p2|Rillaboom, L50, M|\n|poke|p2|Incineroar, L50, M|\n|poke|p2|Raging Bolt, L50|\n|poke|p2|Ogerpon-Hearthflame, L50, F|\n|teampreview|4\n|c|\u2606Rillabossman|glhf\n|\n|t:|1768061160\n|teamsize|p1|4\n|teamsize|p2|4\n|start\n|switch|p1a: Roaring Moon|Roaring Moon, L50|100/100\n|switch|p1b: Kyogre|Kyogre, L50|100/100\n|switch|p2a: Rillaboom|Rillaboom, L50, M|100/100\n|switch|p2b: Zamazenta|Zamazenta-Crowned, L50|100/100\n|-ability|p2b: Zamazenta|Dauntless Shield|boost\n|-boost|p2b: Zamazenta|def|1\n|-weather|RainDance|[from] ability: Drizzle|[of] p1b: Kyogre\n|-fieldstart|move: Grassy Terrain|[from] ability: Grassy Surge|[of] p2a: Rillaboom\n|-enditem|p1a: Roaring Moon|Booster Energy\n|-activate|p1a: Roaring Moon|ability: Protosynthesis|[fromitem]\n|-start|p1a: Roaring Moon|protosynthesisspe\n|turn|1\n|\n|t:|1768061175\n|move|p1a: Roaring Moon|Protect|p1a: Roaring Moon\n|-singleturn|p1a: Roaring Moon|Protect\n|move|p1b: Kyogre|Protect|p1b: Kyogre\n|-singleturn|p1b: Kyogre|Protect\n|move|p2a: Rillaboom|Fake Out|p1b: Kyogre\n|-activate|p1b: Kyogre|move: Protect\n|move|p2b: Zamazenta|Body Press|p1a: Roaring Moon\n|-activate|p1a: Roaring Moon|move: Protect\n|\n|-weather|RainDance|[upkeep]\n|upkeep\n|turn|2\n|\n|t:|1768061206\n|-terastallize|p1a: Roaring Moon|Flying\n|-terastallize|p2b: Zamazenta|Water\n|move|p2a: Rillaboom|Grassy Glide|p1b: Kyogre\n|-supereffective|p1b: Kyogre\n|-damage|p1b: Kyogre|32/100\n|move|p1a: Roaring Moon|Acrobatics|p2a: Rillaboom\n|-supereffective|p2a: Rillaboom\n|-damage|p2a: Rillaboom|0 fnt\n|faint|p2a: Rillaboom\n|move|p2b: Zamazenta|Body Press|p1a: Roaring Moon\n|-resisted|p1a: Roaring Moon\n|-damage|p1a: Roaring Moon|63/100\n|move|p1b: Kyogre|Origin Pulse|p2b: Zamazenta\n|-resisted|p2b: Zamazenta\n|-damage|p2b: Zamazenta|57/100\n|\n|-weather|RainDance|[upkeep]\n|-heal|p2b: Zamazenta|63/100|[from] Grassy Terrain\n|-heal|p1b: Kyogre|39/100|[from] Grassy Terrain\n|upkeep\n|\n|t:|1768061218\n|switch|p2a: Calyrex|Calyrex-Shadow, L50|100/100\n|-ability|p2a: Calyrex|As One\n|-ability|p2a: Calyrex|Unnerve\n|turn|3\n|\n|t:|1768061233\n|move|p2a: Calyrex|Protect|p2a: Calyrex\n|-singleturn|p2a: Calyrex|Protect\n|move|p1a: Roaring Moon|Knock Off|p2a: Calyrex\n|-activate|p2a: Calyrex|move: Protect\n|move|p2b: Zamazenta|Body Press|p1b: Kyogre\n|-damage|p1b: Kyogre|0 fnt\n|faint|p1b: Kyogre\n|\n|-weather|RainDance|[upkeep]\n|-heal|p2b: Zamazenta|69/100|[from] Grassy Terrain\n|upkeep\n|\n|t:|1768061237\n|switch|p1b: Urshifu|Urshifu-Rapid-Strike, L50, F|100/100\n|turn|4\n|\n|t:|1768061243\n|switch|p2a: Incineroar|Incineroar, L50, M, shiny|100/100\n|-ability|p2a: Incineroar|Intimidate|boost\n|-unboost|p1a: Roaring Moon|atk|1\n|-unboost|p1b: Urshifu|atk|1\n|move|p1a: Roaring Moon|Tailwind|p1a: Roaring Moon\n|-sidestart|p1: dexpolg|move: Tailwind\n|move|p1b: Urshifu|Surging Strikes|p2a: Incineroar\n|-supereffective|p2a: Incineroar\n|-crit|p2a: Incineroar\n|-damage|p2a: Incineroar|47/100\n|-damage|p1b: Urshifu|84/100|[from] item: Rocky Helmet|[of] p2a: Incineroar\n|-supereffective|p2a: Incineroar\n|-crit|p2a: Incineroar\n|-damage|p2a: Incineroar|0 fnt\n|-damage|p1b: Urshifu|68/100|[from] item: Rocky Helmet|[of] p2a: Incineroar\n|faint|p2a: Incineroar\n|-hitcount|p2: Incineroar|2\n|move|p2b: Zamazenta|Body Press|p1b: Urshifu\n|-crit|p1b: Urshifu\n|-damage|p1b: Urshifu|0 fnt\n|faint|p1b: Urshifu\n|\n|-weather|RainDance|[upkeep]\n|-heal|p2b: Zamazenta|75/100|[from] Grassy Terrain\n|upkeep\n|\n|t:|1768061250\n|switch|p1b: Zacian|Zacian-Crowned, L50|100/100\n|switch|p2a: Calyrex|Calyrex-Shadow, L50|100/100\n|-ability|p2a: Calyrex|As One\n|-ability|p2a: Calyrex|Unnerve\n|-ability|p1b: Zacian|Intrepid Sword|boost\n|-boost|p1b: Zacian|atk|1\n|turn|5\n|\n|t:|1768061262\n|move|p2a: Calyrex|Protect|p2a: Calyrex\n|-singleturn|p2a: Calyrex|Protect\n|move|p1a: Roaring Moon|Knock Off|p2a: Calyrex\n|-activate|p2a: Calyrex|move: Protect\n|move|p1b: Zacian|Swords Dance|p1b: Zacian\n|-boost|p1b: Zacian|atk|2\n|move|p2b: Zamazenta|Heavy Slam|p1a: Roaring Moon\n|-damage|p1a: Roaring Moon|37/100\n|\n|-weather|none\n|-heal|p2b: Zamazenta|81/100|[from] Grassy Terrain\n|-fieldend|move: Grassy Terrain\n|upkeep\n|turn|6\n|\n|t:|1768061272\n|move|p1a: Roaring Moon|Knock Off|p2a: Calyrex\n|-supereffective|p2a: Calyrex\n|-damage|p2a: Calyrex|0 fnt\n|-enditem|p2a: Calyrex|Life Orb|[from] move: Knock Off|[of] p1a: Roaring Moon\n|faint|p2a: Calyrex\n|move|p1b: Zacian|Play Rough|p2b: Zamazenta\n|-damage|p2b: Zamazenta|35/100\n|move|p2b: Zamazenta|Heavy Slam|p1a: Roaring Moon\n|-damage|p1a: Roaring Moon|12/100\n|\n|upkeep\n|turn|7\n|-message|Rillabossman forfeited.\n|\n|win|dexpolg\n|raw|dexpolg's rating: 1234 &rarr; <strong>1263</strong><br />(+29 for winning)\n|raw|Rillabossman's rating: 1288 &rarr; <strong>1259</strong><br />(-29 for losing)\n|l|\u2606Rillabossman\n|player|p2|\n|l|\u2606dexpolg\n|player|p1|\n","uploadtime":1768061434,"views":15,"formatid":"gen9vgc2026regi","rating":1259,"private":0,"password":null}