{"id":"gen9vgc2026regi-2544781030","format":"[Gen 9] VGC 2026 Reg I","players":["jieguo","VJ2511"],"log":"|j|\u2606jieguo\n|j|\u2606VJ2511\n|t:|1771758358\n|gametype|doubles\n|player|p1|jieguo|rosa|1295\n|player|p2|VJ2511|red-masters3|1583\n|gen|9\n|tier|[Gen 9] VGC 2026 Reg I\n|rated|\n|rule|Species Clause: Limit one of each Pok\u00e9mon\n|rule|Item Clause: Limit 1 of each item\n|clearpoke\n|poke|p1|Calyrex-Ice, L50|\n|poke|p1|Miraidon, L50|\n|poke|p1|Grimmsnarl, L50, M|\n|poke|p1|Urshifu-*, L50, F|\n|poke|p1|Incineroar, L50, F|\n|poke|p1|Landorus, L50, M|\n|poke|p2|Calyrex-Shadow, L50|\n|poke|p2|Zamazenta-*, L50|\n|poke|p2|Chien-Pao, L50|\n|poke|p2|Dragonite, L50, M|\n|poke|p2|Raging Bolt, L50|\n|poke|p2|Amoonguss, L50, M|\n|teampreview|4\n|inactive|Battle timer is ON: inactive players will automatically lose when time's up. (requested by jieguo)\n|\n|t:|1771758380\n|teamsize|p1|4\n|teamsize|p2|4\n|start\n|switch|p1a: Miraidon|Miraidon, L50|100/100\n|switch|p1b: Grimmsnarl|Grimmsnarl, L50, M|100/100\n|switch|p2a: Calyrex|Calyrex-Shadow, L50|100/100\n|switch|p2b: Dragonite|Dragonite, L50, M, shiny|100/100\n|-ability|p2a: Calyrex|As One\n|-ability|p2a: Calyrex|Unnerve\n|-fieldstart|move: Electric Terrain|[from] ability: Hadron Engine|[of] p1a: Miraidon\n|turn|1\n|\n|t:|1771758398\n|-terastallize|p2b: Dragonite|Normal\n|move|p2b: Dragonite|Extreme Speed|p1a: Miraidon\n|-damage|p1a: Miraidon|46/100\n|move|p1b: Grimmsnarl|Thunder Wave|p2a: Calyrex\n|-status|p2a: Calyrex|par\n|move|p1a: Miraidon|Electro Drift|p2a: Calyrex\n|-enditem|p2a: Calyrex|Focus Sash\n|-damage|p2a: Calyrex|1/100 par\n|cant|p2a: Calyrex|par\n|\n|upkeep\n|turn|2\n|\n|t:|1771758416\n|switch|p1a: Landorus|Landorus, L50, M|100/100\n|move|p2b: Dragonite|Extreme Speed|p1a: Landorus\n|-damage|p1a: Landorus|36/100\n|move|p2a: Calyrex|Astral Barrage|p1b: Grimmsnarl|[spread] p1a,p1b\n|-resisted|p1b: Grimmsnarl\n|-damage|p1a: Landorus|0 fnt\n|-damage|p1b: Grimmsnarl|78/100\n|faint|p1a: Landorus\n|-ability|p2a: Calyrex|Grim Neigh|boost\n|-boost|p2a: Calyrex|spa|1\n|move|p1b: Grimmsnarl|Spirit Break|p2a: Calyrex\n|-damage|p2a: Calyrex|0 fnt\n|faint|p2a: Calyrex\n|\n|upkeep\n|\n|t:|1771758431\n|switch|p2a: Chien-Pao|Chien-Pao, L50|100/100\n|switch|p1a: Calyrex|Calyrex-Ice, L50|100/100\n|-ability|p1a: Calyrex|As One\n|-ability|p1a: Calyrex|Unnerve\n|-ability|p2a: Chien-Pao|Sword of Ruin\n|turn|3\n|\n|t:|1771758450\n|move|p2b: Dragonite|Extreme Speed|p1a: Calyrex\n|-damage|p1a: Calyrex|46/100\n|move|p1b: Grimmsnarl|Reflect|p1b: Grimmsnarl\n|-sidestart|p1: jieguo|Reflect\n|move|p2a: Chien-Pao|Ice Spinner|p1a: Calyrex\n|-resisted|p1a: Calyrex\n|-crit|p1a: Calyrex\n|-damage|p1a: Calyrex|25/100\n|-fieldend|move: Electric Terrain\n|move|p1a: Calyrex|Trick Room|p1a: Calyrex\n|-fieldstart|move: Trick Room|[of] p1a: Calyrex\n|\n|-heal|p1a: Calyrex|30/100|[from] item: Leftovers\n|upkeep\n|turn|4\n|\n|t:|1771758470\n|move|p1a: Calyrex|Protect|p1a: Calyrex\n|-singleturn|p1a: Calyrex|Protect\n|move|p2b: Dragonite|Extreme Speed|p1a: Calyrex\n|-activate|p1a: Calyrex|move: Protect\n|move|p1b: Grimmsnarl|Spirit Break|p2b: Dragonite\n|-damage|p2b: Dragonite|61/100\n|-unboost|p2b: Dragonite|spa|1\n|move|p2a: Chien-Pao|Ice Spinner|p1b: Grimmsnarl\n|-damage|p1b: Grimmsnarl|45/100\n|\n|-heal|p1a: Calyrex|36/100|[from] item: Leftovers\n|upkeep\n|turn|5\n|inactive|jieguo has 30 seconds left.\n|c|\u2606VJ2511|u had to spirit break the chien pao there\n|c|\u2606VJ2511|to remove the sword of ruin boost\n|c|\u2606VJ2511|then only would ur ice rider live\n|\n|t:|1771758504\n|-terastallize|p1a: Calyrex|Water\n|move|p2b: Dragonite|Extreme Speed|p1a: Calyrex\n|-damage|p1a: Calyrex|0 fnt\n|faint|p1a: Calyrex\n|move|p1b: Grimmsnarl|Thunder Wave|p2b: Dragonite\n|-status|p2b: Dragonite|par\n|move|p2a: Chien-Pao|Ice Spinner|p1b: Grimmsnarl\n|-damage|p1b: Grimmsnarl|9/100\n|\n|upkeep\n|-message|jieguo forfeited.\n|\n|win|VJ2511\n|raw|jieguo's rating: 1295 &rarr; <strong>1287</strong><br />(-8 for losing)\n|raw|VJ2511's rating: 1583 &rarr; <strong>1589</strong><br />(+6 for winning)\n|l|\u2606jieguo\n|player|p1|\n","uploadtime":1771758515,"views":11,"formatid":"gen9vgc2026regi","rating":1287,"private":0,"password":null}