{"id":"gen9vgc2026regi-2560015943","format":"[Gen 9] VGC 2026 Reg I","players":["shin2k7","It'sJustKen VGC"],"log":"|j|\u2606shin2k7\n|j|\u2606It'sJustKen VGC\n|t:|1773636394\n|gametype|doubles\n|player|p1|shin2k7|102|1273\n|player|p2|It'sJustKen VGC|102|1403\n|gen|9\n|tier|[Gen 9] VGC 2026 Reg I\n|rated|\n|rule|Species Clause: Limit one of each Pok\u00e9mon\n|rule|Item Clause: Limit 1 of each item\n|clearpoke\n|poke|p1|Landorus, L50, M|\n|poke|p1|Miraidon, L50|\n|poke|p1|Whimsicott, L50, F|\n|poke|p1|Ogerpon-Hearthflame, L50, F|\n|poke|p1|Farigiraf, L50, F|\n|poke|p1|Iron Hands, L50|\n|poke|p2|Landorus, L50, M|\n|poke|p2|Amoonguss, L50, F|\n|poke|p2|Calyrex-Ice, L50|\n|poke|p2|Incineroar, L50, M|\n|poke|p2|Urshifu-*, L50, F|\n|poke|p2|Miraidon, L50|\n|teampreview|4\n|inactive|Battle timer is ON: inactive players will automatically lose when time's up. (requested by shin2k7)\n|inactive|It'sJustKen VGC also wants the timer to be on.\n|inactive|shin2k7 has 60 seconds left.\n|\n|t:|1773636426\n|teamsize|p1|4\n|teamsize|p2|4\n|start\n|switch|p1a: Miraidon|Miraidon, L50|100/100\n|switch|p1b: Farigiraf|Farigiraf, L50, F|100/100\n|switch|p2a: Leclerc|Landorus, L50, M|100/100\n|switch|p2b: Piastri|Amoonguss, L50, F|100/100\n|-fieldstart|move: Electric Terrain|[from] ability: Hadron Engine|[of] p1a: Miraidon\n|turn|1\n|\n|t:|1773636441\n|move|p2a: Leclerc|Protect|p2a: Leclerc\n|-singleturn|p2a: Leclerc|Protect\n|move|p2b: Piastri|Protect|p2b: Piastri\n|-singleturn|p2b: Piastri|Protect\n|move|p1a: Miraidon|Volt Switch|p2b: Piastri\n|-activate|p2b: Piastri|move: Protect\n|move|p1b: Farigiraf|Trick Room|p1b: Farigiraf\n|-fieldstart|move: Trick Room|[of] p1b: Farigiraf\n|\n|upkeep\n|turn|2\n|\n|t:|1773636453\n|-terastallize|p2a: Leclerc|Ground\n|move|p2b: Piastri|Spore|p1a: Miraidon\n|-activate|p1a: Miraidon|move: Electric Terrain\n|move|p1b: Farigiraf|Psychic|p2b: Piastri\n|-supereffective|p2b: Piastri\n|-damage|p2b: Piastri|36/100\n|-unboost|p2b: Piastri|spd|1\n|-enditem|p2b: Piastri|Sitrus Berry|[eat]\n|-heal|p2b: Piastri|61/100|[from] item: Sitrus Berry\n|move|p2a: Leclerc|Sandsear Storm|p1b: Farigiraf|[spread] p1a\n|-miss|p2a: Leclerc|p1b: Farigiraf\n|-supereffective|p1a: Miraidon\n|-damage|p1a: Miraidon|0 fnt\n|faint|p1a: Miraidon\n|\n|upkeep\n|\n|t:|1773636468\n|switch|p1a: Iron Hands|Iron Hands, L50|100/100\n|-activate|p1a: Iron Hands|ability: Quark Drive\n|-start|p1a: Iron Hands|quarkdriveatk\n|turn|3\n|\n|t:|1773636485\n|switch|p2b: Hamilton|Incineroar, L50, M|100/100\n|-ability|p2b: Hamilton|Intimidate|boost\n|-unboost|p1a: Iron Hands|atk|1\n|-unboost|p1b: Farigiraf|atk|1\n|move|p1b: Farigiraf|Helping Hand|p1a: Iron Hands\n|-singleturn|p1a: Iron Hands|Helping Hand|[of] p1b: Farigiraf\n|move|p2a: Leclerc|Protect|p2a: Leclerc\n|-singleturn|p2a: Leclerc|Protect\n|move|p1a: Iron Hands|Drain Punch|p2a: Leclerc\n|-activate|p2a: Leclerc|move: Protect\n|\n|upkeep\n|turn|4\n|\n|t:|1773636503\n|move|p2b: Hamilton|U-turn|p1b: Farigiraf\n|-supereffective|p1b: Farigiraf\n|-damage|p1b: Farigiraf|63/100\n|\n|t:|1773636528\n|switch|p2b: Piastri|Amoonguss, L50, F|94/100|[from] U-turn\n|move|p1a: Iron Hands|Drain Punch|p2b: Piastri\n|-resisted|p2b: Piastri\n|-damage|p2b: Piastri|78/100\n|move|p1b: Farigiraf|Psychic|p2a: Leclerc\n|-damage|p2a: Leclerc|58/100\n|-unboost|p2a: Leclerc|spd|1\n|move|p2a: Leclerc|Sandsear Storm|p1b: Farigiraf|[spread] p1b\n|-miss|p2a: Leclerc|p1a: Iron Hands\n|-damage|p1b: Farigiraf|0 fnt\n|faint|p1b: Farigiraf\n|\n|upkeep\n|\n|t:|1773636544\n|switch|p1b: Landorus|Landorus, L50, M, shiny|100/100\n|turn|5\n|\n|t:|1773636563\n|move|p1b: Landorus|Protect|p1b: Landorus\n|-singleturn|p1b: Landorus|Protect\n|move|p2b: Piastri|Spore|p1b: Landorus\n|-activate|p1b: Landorus|move: Protect\n|move|p1a: Iron Hands|Drain Punch|p2a: Leclerc\n|-damage|p2a: Leclerc|17/100\n|move|p2a: Leclerc|Earth Power|p1a: Iron Hands\n|-supereffective|p1a: Iron Hands\n|-damage|p1a: Iron Hands|0 fnt\n|faint|p1a: Iron Hands\n|-end|p1a: Iron Hands|Quark Drive|[silent]\n|\n|-fieldend|move: Trick Room\n|-fieldend|move: Electric Terrain\n|upkeep\n|turn|6\n|\n|t:|1773636578\n|move|p1b: Landorus|Sandsear Storm|p2b: Piastri|[spread] p2a,p2b\n|-damage|p2a: Leclerc|0 fnt\n|-damage|p2b: Piastri|19/100\n|faint|p2a: Leclerc\n|move|p2b: Piastri|Spore|p1b: Landorus\n|-status|p1b: Landorus|slp|[from] move: Spore\n|\n|upkeep\n|-message|shin2k7 forfeited.\n|\n|win|It'sJustKen VGC\n|raw|shin2k7's rating: 1273 &rarr; <strong>1257</strong><br />(-16 for losing)\n|raw|It&apos;sJustKen VGC's rating: 1403 &rarr; <strong>1416</strong><br />(+13 for winning)\n|l|\u2606shin2k7\n|player|p1|\n|l|\u2606It'sJustKen VGC\n|player|p2|\n","uploadtime":1773636605,"views":12,"formatid":"gen9vgc2026regi","rating":1257,"private":0,"password":null}