{"id":"gen9vgc2026regi-2568623023","format":"[Gen 9] VGC 2026 Reg I","players":["Galact7adi","Highkage2"],"log":"|j|\u2606Galact7adi\n|j|\u203dHighkage2\n|t:|1774606252\n|gametype|doubles\n|player|p1|Galact7adi|2|1493\n|player|p2|Highkage2|doubleteam|1502\n|gen|9\n|tier|[Gen 9] VGC 2026 Reg I\n|rated|\n|rule|Species Clause: Limit one of each Pok\u00e9mon\n|rule|Item Clause: Limit 1 of each item\n|clearpoke\n|poke|p1|Calyrex-Shadow, L50|\n|poke|p1|Zamazenta-*, L50|\n|poke|p1|Chien-Pao, L50|\n|poke|p1|Dragonite, L50, M|\n|poke|p1|Raging Bolt, L50|\n|poke|p1|Amoonguss, L50, M|\n|poke|p2|Incineroar, L50, F|\n|poke|p2|Calyrex-Ice, L50|\n|poke|p2|Miraidon, L50|\n|poke|p2|Iron Treads, L50|\n|poke|p2|Volcarona, L50, M|\n|poke|p2|Farigiraf, L50, M|\n|teampreview|4\n|inactive|Battle timer is ON: inactive players will automatically lose when time's up. (requested by Galact7adi)\n|inactive|Galact7adi has 60 seconds left.\n|\n|t:|1774606296\n|teamsize|p1|4\n|teamsize|p2|4\n|start\n|switch|p1a: Calyrex|Calyrex-Shadow, L50|100/100\n|switch|p1b: Zamazenta|Zamazenta-Crowned, L50|100/100\n|switch|p2a: Volcarona|Volcarona, L50, M|100/100\n|switch|p2b: Miraidon|Miraidon, L50|100/100\n|-ability|p1a: Calyrex|As One\n|-ability|p1a: Calyrex|Unnerve\n|-fieldstart|move: Electric Terrain|[from] ability: Hadron Engine|[of] p2b: Miraidon\n|-ability|p1b: Zamazenta|Dauntless Shield|boost\n|-boost|p1b: Zamazenta|def|1\n|turn|1\n|\n|t:|1774606322\n|switch|p1a: Amoonguss|Amoonguss, L50, M|100/100\n|move|p2b: Miraidon|Volt Switch|p1b: Zamazenta\n|-damage|p1b: Zamazenta|40/100\n|\n|t:|1774606328\n|switch|p2b: Farigiraf|Farigiraf, L50, M|100/100|[from] Volt Switch\n|-enditem|p2b: Farigiraf|Electric Seed\n|-boost|p2b: Farigiraf|def|1|[from] item: Electric Seed\n|move|p1b: Zamazenta|Body Press|p2b: Farigiraf\n|-damage|p2b: Farigiraf|64/100\n|move|p2a: Volcarona|Struggle Bug|p1a: Amoonguss|[spread] p1a,p1b\n|-resisted|p1b: Zamazenta\n|-damage|p1a: Amoonguss|86/100\n|-damage|p1b: Zamazenta|37/100\n|-unboost|p1a: Amoonguss|spa|1\n|-unboost|p1b: Zamazenta|spa|1\n|\n|upkeep\n|turn|2\n|\n|t:|1774606348\n|move|p1b: Zamazenta|Body Press|p2b: Farigiraf\n|-damage|p2b: Farigiraf|28/100\n|move|p2a: Volcarona|Will-O-Wisp|p1b: Zamazenta\n|-status|p1b: Zamazenta|brn\n|move|p2b: Farigiraf|Psychic|p1a: Amoonguss\n|-supereffective|p1a: Amoonguss\n|-damage|p1a: Amoonguss|26/100\n|move|p1a: Amoonguss|Sludge Bomb|p2a: Volcarona\n|-damage|p2a: Volcarona|86/100\n|\n|-damage|p1b: Zamazenta|31/100 brn|[from] brn\n|upkeep\n|turn|3\n|inactive|Highkage2 has 30 seconds left.\n|\n|t:|1774606378\n|switch|p2b: Calyrex|Calyrex-Ice, L50|100/100\n|-ability|p2b: Calyrex|As One\n|-ability|p2b: Calyrex|Unnerve\n|switch|p1a: Chien-Pao|Chien-Pao, L50|100/100\n|-ability|p1a: Chien-Pao|Sword of Ruin\n|move|p2a: Volcarona|Rage Powder|p2a: Volcarona\n|-singleturn|p2a: Volcarona|move: Rage Powder\n|move|p1b: Zamazenta|Body Press|p2a: Volcarona\n|-resisted|p2a: Volcarona\n|-damage|p2a: Volcarona|63/100\n|-damage|p1b: Zamazenta|15/100 brn|[from] item: Rocky Helmet|[of] p2a: Volcarona\n|\n|-damage|p1b: Zamazenta|9/100 brn|[from] brn\n|upkeep\n|turn|4\n|\n|t:|1774606401\n|move|p1b: Zamazenta|Protect|p1b: Zamazenta\n|-singleturn|p1b: Zamazenta|Protect\n|move|p2a: Volcarona|Rage Powder|p2a: Volcarona\n|-singleturn|p2a: Volcarona|move: Rage Powder\n|move|p1a: Chien-Pao|Ruination|p2a: Volcarona\n|-damage|p2a: Volcarona|32/100\n|move|p2b: Calyrex|Trick Room|p2b: Calyrex\n|-fieldstart|move: Trick Room|[of] p2b: Calyrex\n|\n|-damage|p1b: Zamazenta|3/100 brn|[from] brn\n|upkeep\n|turn|5\n|inactive|Galact7adi has 30 seconds left.\n|inactive|Highkage2 has 30 seconds left.\n|\n|t:|1774606433\n|switch|p1a: Calyrex|Calyrex-Shadow, L50|100/100\n|-ability|p1a: Calyrex|As One\n|-ability|p1a: Calyrex|Unnerve\n|move|p1b: Zamazenta|Wide Guard|p1b: Zamazenta\n|-singleturn|p1b: Zamazenta|Wide Guard\n|move|p2b: Calyrex|Glacial Lance|p1a: Calyrex|[spread] \n|-activate|p1a: Calyrex|move: Wide Guard\n|-activate|p1b: Zamazenta|move: Wide Guard\n|move|p2a: Volcarona|Overheat|p1a: Calyrex\n|-damage|p1a: Calyrex|42/100\n|-unboost|p2a: Volcarona|spa|2\n|\n|-damage|p1b: Zamazenta|0 fnt|[from] brn\n|faint|p1b: Zamazenta\n|-fieldend|move: Electric Terrain\n|upkeep\n|\n|t:|1774606438\n|switch|p1b: Amoonguss|Amoonguss, L50, M|59/100\n|turn|6\n|\n|t:|1774606461\n|switch|p2a: Miraidon|Miraidon, L50|100/100\n|-fieldstart|move: Electric Terrain|[from] ability: Hadron Engine|[of] p2a: Miraidon\n|switch|p1a: Chien-Pao|Chien-Pao, L50|100/100\n|-ability|p1a: Chien-Pao|Sword of Ruin\n|-terastallize|p1b: Amoonguss|Water\n|-terastallize|p2b: Calyrex|Fairy\n|move|p1b: Amoonguss|Sludge Bomb|p2a: Miraidon\n|-damage|p2a: Miraidon|79/100\n|-status|p2a: Miraidon|psn\n|move|p2b: Calyrex|Glacial Lance|p1b: Amoonguss|[spread] p1a,p1b\n|-resisted|p1a: Chien-Pao\n|-resisted|p1b: Amoonguss\n|-damage|p1a: Chien-Pao|62/100\n|-damage|p1b: Amoonguss|27/100\n|\n|-damage|p2a: Miraidon|66/100 psn|[from] psn\n|upkeep\n|turn|7\n|inactive|Galact7adi has 30 seconds left.\n|inactive|Highkage2 has 30 seconds left.\n|inactive|Galact7adi has 20 seconds left.\n|inactive|Highkage2 has 20 seconds left.\n|j| Machinationz\n|\n|t:|1774606500\n|switch|p2a: Volcarona|Volcarona, L50, M|32/100\n|move|p1b: Amoonguss|Protect|p1b: Amoonguss\n|-singleturn|p1b: Amoonguss|Protect\n|move|p2b: Calyrex|Glacial Lance|p1b: Amoonguss|[spread] p1a\n|-activate|p1b: Amoonguss|move: Protect\n|-resisted|p1a: Chien-Pao\n|-damage|p1a: Chien-Pao|24/100\n|move|p1a: Chien-Pao|Ice Spinner|p2b: Calyrex\n|-damage|p2b: Calyrex|70/100\n|-fieldend|move: Electric Terrain\n|\n|-heal|p2b: Calyrex|75/100|[from] item: Leftovers\n|upkeep\n|turn|8\n|\n|t:|1774606519\n|switch|p2a: Miraidon|Miraidon, L50|66/100 psn\n|-fieldstart|move: Electric Terrain|[from] ability: Hadron Engine|[of] p2a: Miraidon\n|move|p1a: Chien-Pao|Sucker Punch|p2b: Calyrex\n|-resisted|p2b: Calyrex\n|-damage|p2b: Calyrex|63/100\n|move|p1b: Amoonguss|Sludge Bomb|p2b: Calyrex\n|-supereffective|p2b: Calyrex\n|-damage|p2b: Calyrex|29/100\n|-status|p2b: Calyrex|psn\n|move|p2b: Calyrex|Glacial Lance|p1b: Amoonguss|[spread] p1a,p1b\n|-resisted|p1a: Chien-Pao\n|-resisted|p1b: Amoonguss\n|-damage|p1a: Chien-Pao|0 fnt\n|-damage|p1b: Amoonguss|0 fnt\n|faint|p1a: Chien-Pao\n|faint|p1b: Amoonguss\n|-ability|p2b: Calyrex|Chilling Neigh|boost\n|-boost|p2b: Calyrex|atk|2\n|\n|-heal|p2b: Calyrex|34/100 psn|[from] item: Leftovers\n|-damage|p2b: Calyrex|22/100 psn|[from] psn\n|-damage|p2a: Miraidon|54/100 psn|[from] psn\n|-fieldend|move: Trick Room\n|upkeep\n|\n|t:|1774606522\n|switch|p1b: Calyrex|Calyrex-Shadow, L50|42/100\n|-ability|p1b: Calyrex|As One\n|-ability|p1b: Calyrex|Unnerve\n|turn|9\n|\n|t:|1774606541\n|switch|p2a: Farigiraf|Farigiraf, L50, M|28/100\n|move|p2b: Calyrex|Protect|p2b: Calyrex\n|-singleturn|p2b: Calyrex|Protect\n|move|p1b: Calyrex|Astral Barrage|p2a: Farigiraf|[spread] \n|-activate|p2b: Calyrex|move: Protect\n|-immune|p2a: Farigiraf\n|\n|-heal|p2b: Calyrex|28/100 psn|[from] item: Leftovers\n|-damage|p2b: Calyrex|16/100 psn|[from] psn\n|upkeep\n|turn|10\n|\n|t:|1774606553\n|move|p1b: Calyrex|Encore|p2b: Calyrex\n|-start|p2b: Calyrex|Encore\n|move|p2b: Calyrex|Protect||[still]\n|-fail|p2b: Calyrex\n|move|p2a: Farigiraf|Trick Room|p2a: Farigiraf\n|-fieldstart|move: Trick Room|[of] p2a: Farigiraf\n|\n|-heal|p2b: Calyrex|22/100 psn|[from] item: Leftovers\n|-damage|p2b: Calyrex|10/100 psn|[from] psn\n|upkeep\n|turn|11\n|\n|t:|1774606562\n|switch|p2b: Volcarona|Volcarona, L50, M|32/100\n|move|p2a: Farigiraf|Foul Play|p1b: Calyrex\n|-supereffective|p1b: Calyrex\n|-damage|p1b: Calyrex|0 fnt\n|faint|p1b: Calyrex\n|\n|win|Highkage2\n|raw|Galact7adi's rating: 1493 &rarr; <strong>1474</strong><br />(-19 for losing)\n|raw|Highkage2's rating: 1502 &rarr; <strong>1521</strong><br />(+19 for winning)\n|l|\u2606Galact7adi\n|player|p1|\n|l| Machinationz\n","uploadtime":1774606716,"views":12,"formatid":"gen9vgc2026regi","rating":1474,"private":0,"password":null}