{"id":"gen9vgc2026regi-2524738268","format":"[Gen 9] VGC 2026 Reg I","players":["jpto5","Planetar91"],"log":"|j|\u2606jpto5\n|j|\u2606Planetar91\n|t:|1769188579\n|gametype|doubles\n|player|p1|jpto5|1|1343\n|player|p2|Planetar91|flint|1343\n|gen|9\n|tier|[Gen 9] VGC 2026 Reg I\n|rated|\n|rule|Species Clause: Limit one of each Pok\u00e9mon\n|rule|Item Clause: Limit 1 of each item\n|clearpoke\n|poke|p1|Tornadus, L50, M|\n|poke|p1|Kyogre, L50|\n|poke|p1|Zacian-*, L50|\n|poke|p1|Incineroar, L50, M|\n|poke|p1|Basculegion, L50, M|\n|poke|p1|Kilowattrel, L50, F|\n|poke|p2|Uxie, L50|\n|poke|p2|Zamazenta-*, L50|\n|poke|p2|Miraidon, L50|\n|poke|p2|Rillaboom, L50, F|\n|poke|p2|Tornadus, L50, M|\n|poke|p2|Chi-Yu, L50|\n|teampreview|4\n|inactive|Battle timer is ON: inactive players will automatically lose when time's up. (requested by jpto5)\n|inactive|jpto5 has 60 seconds left.\n|inactive|Planetar91 has 60 seconds left.\n|\n|t:|1769188632\n|teamsize|p1|4\n|teamsize|p2|4\n|start\n|switch|p1a: Tornadus|Tornadus, L50, M|100/100\n|switch|p1b: Zacian|Zacian-Crowned, L50|100/100\n|switch|p2a: Tornadus|Tornadus, L50, M|100/100\n|switch|p2b: Sleepy|Uxie, L50, shiny|100/100\n|-ability|p1b: Zacian|Intrepid Sword|boost\n|-boost|p1b: Zacian|atk|1\n|turn|1\n|\n|t:|1769188651\n|move|p2a: Tornadus|Taunt|p1a: Tornadus\n|-start|p1a: Tornadus|move: Taunt\n|cant|p1a: Tornadus|move: Taunt|Taunt\n|move|p1b: Zacian|Behemoth Blade|p2a: Tornadus\n|-damage|p2a: Tornadus|0 fnt\n|faint|p2a: Tornadus\n|move|p2b: Sleepy|Thunder Wave|p1b: Zacian\n|-status|p1b: Zacian|par\n|\n|upkeep\n|\n|t:|1769188665\n|switch|p2a: Miraidon|Miraidon, L50|100/100\n|-fieldstart|move: Electric Terrain|[from] ability: Hadron Engine|[of] p2a: Miraidon\n|turn|2\n|inactive|Planetar91 has 30 seconds left.\n|inactive|Planetar91 has 20 seconds left.\n|\n|t:|1769188700\n|-terastallize|p2b: Sleepy|Steel\n|move|p2a: Miraidon|Volt Switch|p1a: Tornadus\n|-supereffective|p1a: Tornadus\n|-enditem|p1a: Tornadus|Focus Sash\n|-damage|p1a: Tornadus|1/100\n|\n|t:|1769188704\n|switch|p2a: Zamazenta|Zamazenta-Crowned, L50|100/100|[from] Volt Switch\n|-ability|p2a: Zamazenta|Dauntless Shield|boost\n|-boost|p2a: Zamazenta|def|1\n|move|p1a: Tornadus|Bleakwind Storm|p2b: Sleepy|[spread] p2a,p2b\n|-resisted|p2b: Sleepy\n|-damage|p2a: Zamazenta|76/100\n|-damage|p2b: Sleepy|88/100\n|-unboost|p2b: Sleepy|spe|1\n|move|p1b: Zacian|Play Rough|p2a: Zamazenta\n|-damage|p2a: Zamazenta|45/100\n|move|p2b: Sleepy|Foul Play|p1b: Zacian\n|-resisted|p1b: Zacian\n|-damage|p1b: Zacian|72/100 par\n|\n|-heal|p2b: Sleepy|94/100|[from] item: Leftovers\n|upkeep\n|turn|3\n|\n|t:|1769188729\n|move|p2b: Sleepy|Ally Switch|p2b: Sleepy\n|swap|p2b: Sleepy|0|[from] move: Ally Switch\n|move|p1a: Tornadus|Bleakwind Storm|p2b: Zamazenta|[spread] p2a,p2b\n|-resisted|p2a: Sleepy\n|-damage|p2a: Sleepy|80/100\n|-damage|p2b: Zamazenta|18/100\n|-unboost|p2a: Sleepy|spe|1\n|move|p2b: Zamazenta|Iron Defense|p2b: Zamazenta\n|-boost|p2b: Zamazenta|def|2\n|move|p1b: Zacian|Sacred Sword|p2a: Sleepy\n|-supereffective|p2a: Sleepy\n|-damage|p2a: Sleepy|10/100\n|\n|-heal|p2a: Sleepy|16/100|[from] item: Leftovers\n|-end|p1a: Tornadus|move: Taunt\n|upkeep\n|turn|4\n|\n|t:|1769188752\n|move|p2a: Sleepy|Helping Hand|p2b: Zamazenta\n|-singleturn|p2b: Zamazenta|Helping Hand|[of] p2a: Sleepy\n|move|p1a: Tornadus|Tailwind|p1a: Tornadus\n|-sidestart|p1: jpto5|move: Tailwind\n|move|p1b: Zacian|Sacred Sword|p2a: Sleepy\n|-supereffective|p2a: Sleepy\n|-damage|p2a: Sleepy|0 fnt\n|faint|p2a: Sleepy\n|move|p2b: Zamazenta|Body Press|p1b: Zacian\n|-damage|p1b: Zacian|0 fnt\n|faint|p1b: Zacian\n|\n|upkeep\n|\n|t:|1769188764\n|switch|p1b: Kyogre|Kyogre, L50|100/100\n|switch|p2a: Miraidon|Miraidon, L50|100/100\n|-weather|RainDance|[from] ability: Drizzle|[of] p1b: Kyogre\n|-activate|p2a: Miraidon|ability: Hadron Engine\n|turn|5\n|\n|t:|1769188774\n|-terastallize|p1b: Kyogre|Ground\n|move|p2b: Zamazenta|Protect|p2b: Zamazenta\n|-singleturn|p2b: Zamazenta|Protect\n|move|p1a: Tornadus|Bleakwind Storm|p2a: Miraidon|[spread] p2a\n|-activate|p2b: Zamazenta|move: Protect\n|-resisted|p2a: Miraidon\n|-damage|p2a: Miraidon|82/100\n|-unboost|p2a: Miraidon|spe|1\n|move|p1b: Kyogre|Tera Blast|p2a: Miraidon|[anim] Tera Blast Ground\n|-supereffective|p2a: Miraidon\n|-damage|p2a: Miraidon|0 fnt\n|faint|p2a: Miraidon\n|\n|-weather|RainDance|[upkeep]\n|upkeep\n|turn|6\n|-message|Planetar91 forfeited.\n|\n|win|jpto5\n|raw|jpto5's rating: 1343 &rarr; <strong>1363</strong><br />(+20 for winning)\n|raw|Planetar91's rating: 1343 &rarr; <strong>1323</strong><br />(-20 for losing)\n|l|\u2606Planetar91\n|player|p2|\n|l|\u2606jpto5\n|player|p1|\n","uploadtime":1769188967,"views":18,"formatid":"gen9vgc2026regi","rating":1323,"private":0,"password":null}