{"id":"gen9vgc2026regi-2572336182","format":"[Gen 9] VGC 2026 Reg I","players":["mtbsj","mlbd1"],"log":"|j|\u2606mtbsj\n|j|\u2606mlbd1\n|t:|1775010761\n|gametype|doubles\n|player|p1|mtbsj|blue|1599\n|player|p2|mlbd1|101|1512\n|gen|9\n|tier|[Gen 9] VGC 2026 Reg I\n|rated|\n|rule|Species Clause: Limit one of each Pok\u00e9mon\n|rule|Item Clause: Limit 1 of each item\n|clearpoke\n|poke|p1|Hitmontop, L50, M|\n|poke|p1|Terapagos, L50, M|\n|poke|p1|Calyrex-Shadow, L50|\n|poke|p1|Ogerpon-Cornerstone, L50, F|\n|poke|p1|Whimsicott, L50, F|\n|poke|p1|Indeedee-F, L50, F|\n|poke|p2|Miraidon, L50|\n|poke|p2|Farigiraf, L50, F|\n|poke|p2|Calyrex-Ice, L50|\n|poke|p2|Urshifu-*, L50, M|\n|poke|p2|Ogerpon-Cornerstone, L50, F|\n|poke|p2|Volcarona, L50, F|\n|teampreview|4\n|inactive|Battle timer is ON: inactive players will automatically lose when time's up. (requested by mlbd1)\n|inactive|mtbsj also wants the timer to be on.\n|j| SilksongIsReallll\n|\n|t:|1775010787\n|teamsize|p1|4\n|teamsize|p2|4\n|start\n|switch|p1a: Ogerpon|Ogerpon-Cornerstone, L50, F|100/100\n|switch|p1b: Terapagos|Terapagos, L50, M|100/100\n|switch|p2a: Miraidon|Miraidon, L50|100/100\n|switch|p2b: Farigiraf|Farigiraf, L50, F|100/100\n|-activate|p1b: Terapagos|ability: Tera Shift\n|detailschange|p1b: Terapagos|Terapagos-Terastal, L50, M\n|-heal|p1b: Terapagos|100/100|[silent]\n|-fieldstart|move: Electric Terrain|[from] ability: Hadron Engine|[of] p2a: Miraidon\n|-enditem|p2b: Farigiraf|Electric Seed\n|-boost|p2b: Farigiraf|def|1|[from] item: Electric Seed\n|turn|1\n|\n|t:|1775010810\n|-terastallize|p1b: Terapagos|Stellar\n|detailschange|p1b: Terapagos|Terapagos-Stellar, L50, M, tera:Stellar\n|-heal|p1b: Terapagos|100/100|[silent]\n|-ability|p1b: Terapagos|Teraform Zero\n|-fieldend|move: Electric Terrain\n|move|p2a: Miraidon|Snarl|p1a: Ogerpon|[spread] p1a,p1b\n|-damage|p1a: Ogerpon|82/100\n|-damage|p1b: Terapagos|91/100\n|-unboost|p1a: Ogerpon|spa|1\n|-unboost|p1b: Terapagos|spa|1\n|move|p1a: Ogerpon|Ivy Cudgel|p2a: Miraidon|[anim] Ivy Cudgel Rock\n|-damage|p2a: Miraidon|43/100\n|move|p1b: Terapagos|Tera Starstorm|p2b: Farigiraf|[spread] p2a,p2b\n|-damage|p2a: Miraidon|18/100\n|-damage|p2b: Farigiraf|74/100\n|move|p2b: Farigiraf|Psychic Noise|p1b: Terapagos\n|-damage|p1b: Terapagos|74/100\n|-start|p1b: Terapagos|move: Heal Block\n|\n|upkeep\n|turn|2\n|inactive|mtbsj has 30 seconds left.\n|inactive|mlbd1 has 30 seconds left.\n|inactive|mtbsj has 20 seconds left.\n|inactive|mlbd1 has 20 seconds left.\n|\n|t:|1775010847\n|switch|p1b: Hitmontop|Hitmontop, L50, M|100/100\n|-ability|p1b: Hitmontop|Intimidate|boost\n|-unboost|p2a: Miraidon|atk|1\n|-unboost|p2b: Farigiraf|atk|1\n|move|p2b: Farigiraf|Helping Hand|p2a: Miraidon\n|-singleturn|p2a: Miraidon|Helping Hand|[of] p2b: Farigiraf\n|move|p2a: Miraidon|Snarl|p1a: Ogerpon|[spread] p1a,p1b\n|-resisted|p1b: Hitmontop\n|-damage|p1a: Ogerpon|51/100\n|-damage|p1b: Hitmontop|92/100\n|-unboost|p1a: Ogerpon|spa|1\n|-unboost|p1b: Hitmontop|spa|1\n|-enditem|p1b: Hitmontop|Eject Button\n|\n|t:|1775010860\n|switch|p1b: Terapagos|Terapagos-Stellar, L50, M, tera:Stellar|74/100\n|move|p1a: Ogerpon|Ivy Cudgel|p2a: Miraidon|[anim] Ivy Cudgel Rock\n|-damage|p2a: Miraidon|0 fnt\n|faint|p2a: Miraidon\n|\n|upkeep\n|\n|t:|1775010864\n|switch|p2a: Urshifu|Urshifu-Rapid-Strike, L50, M|100/100\n|turn|3\n|\n|t:|1775010875\n|switch|p1b: Hitmontop|Hitmontop, L50, M|92/100\n|-ability|p1b: Hitmontop|Intimidate|boost\n|-unboost|p2a: Urshifu|atk|1\n|-unboost|p2b: Farigiraf|atk|1\n|-terastallize|p2a: Urshifu|Stellar\n|move|p1a: Ogerpon|Horn Leech|p2a: Urshifu\n|-supereffective|p2a: Urshifu\n|-damage|p2a: Urshifu|5/100\n|-heal|p1a: Ogerpon|100/100|[from] drain|[of] p2a: Urshifu\n|move|p2a: Urshifu|Close Combat|p1b: Hitmontop\n|-damage|p1b: Hitmontop|15/100\n|-unboost|p2a: Urshifu|def|1\n|-unboost|p2a: Urshifu|spd|1\n|move|p2b: Farigiraf|Trick Room|p2b: Farigiraf\n|-fieldstart|move: Trick Room|[of] p2b: Farigiraf\n|\n|upkeep\n|turn|4\n|inactive|mtbsj has 30 seconds left.\n|inactive|mtbsj has 20 seconds left.\n|\n|t:|1775010915\n|switch|p2a: Ogerpon|Ogerpon-Cornerstone, L50, F|100/100\n|move|p2b: Farigiraf|Psychic Noise|p1a: Ogerpon\n|-crit|p1a: Ogerpon\n|-damage|p1a: Ogerpon|46/100\n|-start|p1a: Ogerpon|move: Heal Block\n|move|p1b: Hitmontop|Brick Break|p2a: Ogerpon\n|-supereffective|p2a: Ogerpon\n|-damage|p2a: Ogerpon|38/100\n|move|p1a: Ogerpon|Ivy Cudgel|p2b: Farigiraf|[anim] Ivy Cudgel Rock\n|-crit|p2b: Farigiraf\n|-damage|p2b: Farigiraf|10/100\n|\n|upkeep\n|turn|5\n|\n|t:|1775010935\n|move|p2b: Farigiraf|Psychic Noise|p1b: Hitmontop\n|-supereffective|p1b: Hitmontop\n|-damage|p1b: Hitmontop|0 fnt\n|faint|p1b: Hitmontop\n|move|p1a: Ogerpon|Ivy Cudgel|p2b: Farigiraf|[anim] Ivy Cudgel Rock\n|-crit|p2b: Farigiraf\n|-damage|p2b: Farigiraf|0 fnt\n|faint|p2b: Farigiraf\n|move|p2a: Ogerpon|Ivy Cudgel|p1a: Ogerpon|[anim] Ivy Cudgel Rock\n|-crit|p1a: Ogerpon\n|-damage|p1a: Ogerpon|0 fnt\n|faint|p1a: Ogerpon\n|\n|upkeep\n|\n|t:|1775010949\n|switch|p2b: Urshifu|Urshifu-Rapid-Strike, L50, M, tera:Stellar|5/100\n|switch|p1b: Terapagos|Terapagos-Stellar, L50, M, tera:Stellar|74/100\n|switch|p1a: Calyrex|Calyrex-Shadow, L50|100/100\n|-ability|p1a: Calyrex|As One\n|-ability|p1a: Calyrex|Unnerve\n|turn|6\n|\n|t:|1775010960\n|move|p1b: Terapagos|Tera Starstorm|p2b: Urshifu|[spread] p2a,p2b\n|-supereffective|p2b: Urshifu\n|-damage|p2a: Ogerpon|0 fnt\n|-damage|p2b: Urshifu|0 fnt\n|faint|p2a: Ogerpon\n|faint|p2b: Urshifu\n|\n|win|mtbsj\n|raw|mtbsj's rating: 1599 &rarr; <strong>1614</strong><br />(+15 for winning)\n|raw|mlbd1's rating: 1512 &rarr; <strong>1497</strong><br />(-15 for losing)\n|l|\u2606mlbd1\n|player|p2|\n|l| SilksongIsReallll\n","uploadtime":1775010979,"views":18,"formatid":"gen9vgc2026regi","rating":1497,"private":0,"password":null}