{"id":"gen9vgc2026regi-2548123323","format":"[Gen 9] VGC 2026 Reg I","players":["messi-05","blackred123"],"log":"|j|\u2606messi-05\n|j|\u2606blackred123\n|t:|1772172353\n|gametype|doubles\n|player|p1|messi-05|169|1410\n|player|p2|blackred123|iono-masters|1491\n|gen|9\n|tier|[Gen 9] VGC 2026 Reg I\n|rated|\n|rule|Species Clause: Limit one of each Pok\u00e9mon\n|rule|Item Clause: Limit 1 of each item\n|clearpoke\n|poke|p1|Terapagos, L50, M|\n|poke|p1|Sinistcha, L50|\n|poke|p1|Incineroar, L50, M|\n|poke|p1|Ogerpon-Wellspring, L50, F|\n|poke|p1|Iron Treads, L50|\n|poke|p1|Miraidon, L50|\n|poke|p2|Calyrex-Shadow, L50|\n|poke|p2|Zamazenta-*, L50|\n|poke|p2|Incineroar, L50, M|\n|poke|p2|Rillaboom, L50, M|\n|poke|p2|Ogerpon-Cornerstone, L50, F|\n|poke|p2|Tornadus, L50, M|\n|teampreview|4\n|inactive|Battle timer is ON: inactive players will automatically lose when time's up. (requested by messi-05)\n|inactive|blackred123 also wants the timer to be on.\n|\n|t:|1772172378\n|teamsize|p1|4\n|teamsize|p2|4\n|start\n|switch|p1a: Terapagos|Terapagos, L50, M|100/100\n|switch|p1b: Miraidon|Miraidon, L50|100/100\n|switch|p2a: \u54c7\u8884\uff08\u72d7\u53eb\u58f0\uff09|Zamazenta-Crowned, L50|100/100\n|switch|p2b: \u90a3\u6211\u7f3a\u7684\u8425\u517b\u8fd9\u5757\u8c01\u7ed9\u6211\u8865\u554a\uff08\u6307\u8349\u573a\uff09|Rillaboom, L50, M|100/100\n|-activate|p1a: Terapagos|ability: Tera Shift\n|detailschange|p1a: Terapagos|Terapagos-Terastal, L50, M\n|-heal|p1a: Terapagos|100/100|[silent]\n|-fieldstart|move: Electric Terrain|[from] ability: Hadron Engine|[of] p1b: Miraidon\n|-enditem|p1a: Terapagos|Electric Seed\n|-boost|p1a: Terapagos|def|1|[from] item: Electric Seed\n|-ability|p2a: \u54c7\u8884\uff08\u72d7\u53eb\u58f0\uff09|Dauntless Shield|boost\n|-boost|p2a: \u54c7\u8884\uff08\u72d7\u53eb\u58f0\uff09|def|1\n|-fieldstart|move: Grassy Terrain|[from] ability: Grassy Surge|[of] p2b: \u90a3\u6211\u7f3a\u7684\u8425\u517b\u8fd9\u5757\u8c01\u7ed9\u6211\u8865\u554a\uff08\u6307\u8349\u573a\uff09\n|turn|1\n|\n|t:|1772172402\n|move|p1a: Terapagos|Protect|p1a: Terapagos\n|-singleturn|p1a: Terapagos|Protect\n|move|p2b: \u90a3\u6211\u7f3a\u7684\u8425\u517b\u8fd9\u5757\u8c01\u7ed9\u6211\u8865\u554a\uff08\u6307\u8349\u573a\uff09|Fake Out|p1b: Miraidon\n|-damage|p1b: Miraidon|89/100\n|cant|p1b: Miraidon|flinch\n|move|p2a: \u54c7\u8884\uff08\u72d7\u53eb\u58f0\uff09|Body Press|p1b: Miraidon\n|-damage|p1b: Miraidon|30/100\n|\n|-heal|p1b: Miraidon|36/100|[from] Grassy Terrain\n|upkeep\n|turn|2\n|\n|t:|1772172421\n|move|p1b: Miraidon|Volt Switch|p2a: \u54c7\u8884\uff08\u72d7\u53eb\u58f0\uff09\n|-damage|p2a: \u54c7\u8884\uff08\u72d7\u53eb\u58f0\uff09|72/100\n|\n|t:|1772172428\n|switch|p1b: Sinistcha|Sinistcha, L50|100/100|[from] Volt Switch\n|move|p2a: \u54c7\u8884\uff08\u72d7\u53eb\u58f0\uff09|Body Press|p1a: Terapagos\n|-activate|p1a: Terapagos|ability: Tera Shell\n|-resisted|p1a: Terapagos\n|-damage|p1a: Terapagos|81/100\n|move|p2b: \u90a3\u6211\u7f3a\u7684\u8425\u517b\u8fd9\u5757\u8c01\u7ed9\u6211\u8865\u554a\uff08\u6307\u8349\u573a\uff09|U-turn|p1a: Terapagos\n|-damage|p1a: Terapagos|69/100\n|\n|t:|1772172440\n|switch|p2b: \u5636\u9a6c\u51a0\u54e5|Calyrex-Shadow, L50|100/100|[from] U-turn\n|-ability|p2b: \u5636\u9a6c\u51a0\u54e5|As One\n|-ability|p2b: \u5636\u9a6c\u51a0\u54e5|Unnerve\n|move|p1a: Terapagos|Calm Mind|p1a: Terapagos\n|-boost|p1a: Terapagos|spa|1\n|-boost|p1a: Terapagos|spd|1\n|\n|-heal|p2a: \u54c7\u8884\uff08\u72d7\u53eb\u58f0\uff09|78/100|[from] Grassy Terrain\n|-heal|p1a: Terapagos|75/100|[from] Grassy Terrain\n|upkeep\n|turn|3\n|\n|t:|1772172462\n|-terastallize|p1a: Terapagos|Stellar\n|detailschange|p1a: Terapagos|Terapagos-Stellar, L50, M, tera:Stellar\n|-heal|p1a: Terapagos|82/100|[silent]\n|-ability|p1a: Terapagos|Teraform Zero\n|-fieldend|move: Grassy Terrain\n|move|p1b: Sinistcha|Rage Powder|p1b: Sinistcha\n|-singleturn|p1b: Sinistcha|move: Rage Powder\n|move|p2b: \u5636\u9a6c\u51a0\u54e5|Astral Barrage|p1a: Terapagos|[spread] p1b\n|-immune|p1a: Terapagos\n|-supereffective|p1b: Sinistcha\n|-enditem|p1b: Sinistcha|Focus Sash\n|-damage|p1b: Sinistcha|1/100\n|move|p2a: \u54c7\u8884\uff08\u72d7\u53eb\u58f0\uff09|Body Press|p1b: Sinistcha\n|-immune|p1b: Sinistcha\n|move|p1a: Terapagos|Tera Starstorm|p2b: \u5636\u9a6c\u51a0\u54e5|[spread] p2a,p2b\n|-damage|p2a: \u54c7\u8884\uff08\u72d7\u53eb\u58f0\uff09|32/100\n|-damage|p2b: \u5636\u9a6c\u51a0\u54e5|39/100\n|\n|upkeep\n|turn|4\n|inactive|messi-05 has 30 seconds left.\n|inactive|blackred123 has 30 seconds left.\n|inactive|messi-05 has 20 seconds left.\n|inactive|messi-05 has 15 seconds left.\n|\n|t:|1772172506\n|move|p1b: Sinistcha|Protect|p1b: Sinistcha\n|-singleturn|p1b: Sinistcha|Protect\n|move|p2b: \u5636\u9a6c\u51a0\u54e5|Astral Barrage|p1b: Sinistcha|[spread] \n|-activate|p1b: Sinistcha|move: Protect\n|-immune|p1a: Terapagos\n|move|p2a: \u54c7\u8884\uff08\u72d7\u53eb\u58f0\uff09|Body Press|p1a: Terapagos\n|-supereffective|p1a: Terapagos\n|-damage|p1a: Terapagos|26/100\n|move|p1a: Terapagos|Tera Starstorm|p2a: \u54c7\u8884\uff08\u72d7\u53eb\u58f0\uff09|[spread] p2a,p2b\n|-damage|p2a: \u54c7\u8884\uff08\u72d7\u53eb\u58f0\uff09|0 fnt\n|-damage|p2b: \u5636\u9a6c\u51a0\u54e5|0 fnt\n|faint|p2a: \u54c7\u8884\uff08\u72d7\u53eb\u58f0\uff09\n|faint|p2b: \u5636\u9a6c\u51a0\u54e5\n|\n|upkeep\n|\n|t:|1772172514\n|switch|p2b: \u6211\u559c\u6b22\u4f60|Ogerpon-Cornerstone, L50, F|100/100\n|switch|p2a: \u90a3\u6211\u7f3a\u7684\u8425\u517b\u8fd9\u5757\u8c01\u7ed9\u6211\u8865\u554a\uff08\u6307\u8349\u573a\uff09|Rillaboom, L50, M|100/100\n|-fieldstart|move: Grassy Terrain|[from] ability: Grassy Surge|[of] p2a: \u90a3\u6211\u7f3a\u7684\u8425\u517b\u8fd9\u5757\u8c01\u7ed9\u6211\u8865\u554a\uff08\u6307\u8349\u573a\uff09\n|turn|5\n|\n|t:|1772172527\n|switch|p1b: Incineroar|Incineroar, L50, M|100/100\n|-ability|p1b: Incineroar|Intimidate|boost\n|-unboost|p2a: \u90a3\u6211\u7f3a\u7684\u8425\u517b\u8fd9\u5757\u8c01\u7ed9\u6211\u8865\u554a\uff08\u6307\u8349\u573a\uff09|atk|1\n|-unboost|p2b: \u6211\u559c\u6b22\u4f60|atk|1\n|move|p1a: Terapagos|Protect|p1a: Terapagos\n|-singleturn|p1a: Terapagos|Protect\n|move|p2a: \u90a3\u6211\u7f3a\u7684\u8425\u517b\u8fd9\u5757\u8c01\u7ed9\u6211\u8865\u554a\uff08\u6307\u8349\u573a\uff09|Grassy Glide|p1b: Incineroar\n|-resisted|p1b: Incineroar\n|-damage|p1b: Incineroar|89/100\n|move|p2b: \u6211\u559c\u6b22\u4f60|Ivy Cudgel|p1a: Terapagos|[anim] Ivy Cudgel Rock\n|-activate|p1a: Terapagos|move: Protect\n|\n|-heal|p1a: Terapagos|32/100|[from] Grassy Terrain\n|-heal|p1b: Incineroar|95/100|[from] Grassy Terrain\n|upkeep\n|turn|6\n|inactive|messi-05 has 30 seconds left.\n|inactive|messi-05 has 20 seconds left.\n|\n|t:|1772172564\n|switch|p1b: Sinistcha|Sinistcha, L50|1/100\n|-heal|p1a: Terapagos|57/100|[from] ability: Hospitality|[of] p1b: Sinistcha\n|move|p2b: \u6211\u559c\u6b22\u4f60|Spiky Shield|p2b: \u6211\u559c\u6b22\u4f60\n|-singleturn|p2b: \u6211\u559c\u6b22\u4f60|move: Protect\n|move|p1a: Terapagos|Tera Starstorm|p2b: \u6211\u559c\u6b22\u4f60|[spread] p2a\n|-activate|p2b: \u6211\u559c\u6b22\u4f60|move: Protect\n|-damage|p2a: \u90a3\u6211\u7f3a\u7684\u8425\u517b\u8fd9\u5757\u8c01\u7ed9\u6211\u8865\u554a\uff08\u6307\u8349\u573a\uff09|63/100\n|move|p2a: \u90a3\u6211\u7f3a\u7684\u8425\u517b\u8fd9\u5757\u8c01\u7ed9\u6211\u8865\u554a\uff08\u6307\u8349\u573a\uff09|Wood Hammer|p1a: Terapagos\n|-damage|p1a: Terapagos|34/100\n|-damage|p2a: \u90a3\u6211\u7f3a\u7684\u8425\u517b\u8fd9\u5757\u8c01\u7ed9\u6211\u8865\u554a\uff08\u6307\u8349\u573a\uff09|53/100|[from] Recoil\n|\n|-heal|p1a: Terapagos|40/100|[from] Grassy Terrain\n|-heal|p2a: \u90a3\u6211\u7f3a\u7684\u8425\u517b\u8fd9\u5757\u8c01\u7ed9\u6211\u8865\u554a\uff08\u6307\u8349\u573a\uff09|59/100|[from] Grassy Terrain\n|-heal|p1b: Sinistcha|7/100|[from] Grassy Terrain\n|upkeep\n|turn|7\n|inactive|messi-05 has 30 seconds left.\n|\n|t:|1772172590\n|switch|p1b: Incineroar|Incineroar, L50, M|95/100\n|-ability|p1b: Incineroar|Intimidate|boost\n|-unboost|p2a: \u90a3\u6211\u7f3a\u7684\u8425\u517b\u8fd9\u5757\u8c01\u7ed9\u6211\u8865\u554a\uff08\u6307\u8349\u573a\uff09|atk|1\n|-unboost|p2b: \u6211\u559c\u6b22\u4f60|atk|1\n|-terastallize|p2b: \u6211\u559c\u6b22\u4f60|Rock\n|detailschange|p2b: \u6211\u559c\u6b22\u4f60|Ogerpon-Cornerstone-Tera, L50, F, tera:Rock\n|-ability|p2b: \u6211\u559c\u6b22\u4f60|Embody Aspect (Cornerstone)|boost\n|-boost|p2b: \u6211\u559c\u6b22\u4f60|def|1\n|move|p1a: Terapagos|Protect|p1a: Terapagos\n|-singleturn|p1a: Terapagos|Protect\n|move|p2a: \u90a3\u6211\u7f3a\u7684\u8425\u517b\u8fd9\u5757\u8c01\u7ed9\u6211\u8865\u554a\uff08\u6307\u8349\u573a\uff09|Grassy Glide|p1b: Incineroar\n|-resisted|p1b: Incineroar\n|-damage|p1b: Incineroar|87/100\n|move|p2b: \u6211\u559c\u6b22\u4f60|Ivy Cudgel|p1a: Terapagos|[anim] Ivy Cudgel Rock\n|-activate|p1a: Terapagos|move: Protect\n|\n|-heal|p1a: Terapagos|46/100|[from] Grassy Terrain\n|-heal|p2a: \u90a3\u6211\u7f3a\u7684\u8425\u517b\u8fd9\u5757\u8c01\u7ed9\u6211\u8865\u554a\uff08\u6307\u8349\u573a\uff09|65/100|[from] Grassy Terrain\n|-heal|p1b: Incineroar|93/100|[from] Grassy Terrain\n|upkeep\n|turn|8\n|-message|blackred123 forfeited.\n|\n|win|messi-05\n|raw|messi-05's rating: 1410 &rarr; <strong>1435</strong><br />(+25 for winning)\n|raw|blackred123's rating: 1491 &rarr; <strong>1466</strong><br />(-25 for losing)\n|l|\u2606blackred123\n|player|p2|\n|l|\u2606messi-05\n|player|p1|\n","uploadtime":1772172633,"views":13,"formatid":"gen9vgc2026regi","rating":1435,"private":0,"password":null}