{"id":"gen9vgc2026regi-2567900434","format":"[Gen 9] VGC 2026 Reg I","players":["kojimuranishi","clefci"],"log":"|j|\u2606kojimuranishi\n|j|\u2606clefci\n|t:|1774531991\n|gametype|doubles\n|player|p1|kojimuranishi|1|1620\n|player|p2|clefci|101|1563\n|gen|9\n|tier|[Gen 9] VGC 2026 Reg I\n|rated|\n|rule|Species Clause: Limit one of each Pok\u00e9mon\n|rule|Item Clause: Limit 1 of each item\n|clearpoke\n|poke|p1|Whimsicott, L50, M|\n|poke|p1|Calyrex-Ice, L50|\n|poke|p1|Miraidon, L50|\n|poke|p1|Chi-Yu, L50|\n|poke|p1|Landorus, L50, M|\n|poke|p1|Farigiraf, L50, F|\n|poke|p2|Groudon, L50|\n|poke|p2|Lunala, L50|\n|poke|p2|Flutter Mane, L50|\n|poke|p2|Gouging Fire, L50|\n|poke|p2|Jumpluff, L50, M|\n|poke|p2|Raging Bolt, L50|\n|teampreview|4\n|inactive|Battle timer is ON: inactive players will automatically lose when time's up. (requested by clefci)\n|inactive|clefci has 60 seconds left.\n|inactive|clefci has 30 seconds left.\n|\n|t:|1774532056\n|teamsize|p1|4\n|teamsize|p2|4\n|start\n|switch|p1a: Landorus|Landorus, L50, M|100/100\n|switch|p1b: Miraidon|Miraidon, L50|100/100\n|switch|p2a: Groudon|Groudon, L50|100/100\n|switch|p2b: Lunala|Lunala, L50|100/100\n|-fieldstart|move: Electric Terrain|[from] ability: Hadron Engine|[of] p1b: Miraidon\n|-weather|SunnyDay|[from] ability: Drought|[of] p2a: Groudon\n|turn|1\n|\n|t:|1774532071\n|switch|p2a: Flutter Mane|Flutter Mane, L50|100/100\n|-activate|p2a: Flutter Mane|ability: Protosynthesis\n|-start|p2a: Flutter Mane|protosynthesisspe\n|move|p1b: Miraidon|Draco Meteor|p2a: Flutter Mane\n|-immune|p2a: Flutter Mane\n|move|p1a: Landorus|Sandsear Storm|p2b: Lunala|[spread] p2a,p2b\n|-damage|p2a: Flutter Mane|40/100\n|-damage|p2b: Lunala|79/100\n|-enditem|p2a: Flutter Mane|Sitrus Berry|[eat]\n|-heal|p2a: Flutter Mane|65/100|[from] item: Sitrus Berry\n|move|p2b: Lunala|Dazzling Gleam|p1a: Landorus|[spread] p1a,p1b\n|-supereffective|p1b: Miraidon\n|-damage|p1a: Landorus|58/100\n|-damage|p1b: Miraidon|35/100\n|\n|-weather|SunnyDay|[upkeep]\n|upkeep\n|turn|2\n|inactive|kojimuranishi has 30 seconds left.\n|\n|t:|1774532099\n|move|p1a: Landorus|Protect|p1a: Landorus\n|-singleturn|p1a: Landorus|Protect\n|move|p1b: Miraidon|Draco Meteor|p2b: Lunala|[miss]\n|-miss|p1b: Miraidon|p2b: Lunala\n|move|p2a: Flutter Mane|Icy Wind|p1a: Landorus|[spread] p1b\n|-activate|p1a: Landorus|move: Protect\n|-supereffective|p1b: Miraidon\n|-damage|p1b: Miraidon|12/100\n|-unboost|p1b: Miraidon|spe|1\n|move|p2b: Lunala|Dazzling Gleam|p1b: Miraidon|[spread] p1b\n|-activate|p1a: Landorus|move: Protect\n|-supereffective|p1b: Miraidon\n|-damage|p1b: Miraidon|0 fnt\n|faint|p1b: Miraidon\n|\n|-weather|SunnyDay|[upkeep]\n|upkeep\n|\n|t:|1774532117\n|switch|p1b: Calyrex|Calyrex-Ice, L50|100/100\n|-ability|p1b: Calyrex|As One\n|-ability|p1b: Calyrex|Unnerve\n|turn|3\n|inactive|clefci has 30 seconds left.\n|\n|t:|1774532150\n|-terastallize|p2b: Lunala|Fairy\n|-terastallize|p1b: Calyrex|Ice\n|move|p2a: Flutter Mane|Taunt|p1b: Calyrex\n|-start|p1b: Calyrex|move: Taunt\n|move|p1a: Landorus|Earth Power|p2a: Flutter Mane\n|-damage|p2a: Flutter Mane|0 fnt\n|faint|p2a: Flutter Mane\n|-end|p2a: Flutter Mane|Protosynthesis|[silent]\n|move|p2b: Lunala|Dazzling Gleam|p1a: Landorus|[spread] p1a,p1b\n|-damage|p1a: Landorus|0 fnt\n|-damage|p1b: Calyrex|56/100\n|faint|p1a: Landorus\n|move|p1b: Calyrex|Glacial Lance|p2b: Lunala\n|-damage|p2b: Lunala|0 fnt\n|faint|p2b: Lunala\n|-ability|p1b: Calyrex|Chilling Neigh|boost\n|-boost|p1b: Calyrex|atk|1\n|\n|-weather|SunnyDay|[upkeep]\n|upkeep\n|j| Hao_poke\n|\n|t:|1774532172\n|switch|p2a: Groudon|Groudon, L50|100/100\n|switch|p1a: Whimsicott|Whimsicott, L50, M|100/100\n|switch|p2b: Gouging Fire|Gouging Fire, L50|100/100\n|-activate|p2b: Gouging Fire|ability: Protosynthesis\n|-start|p2b: Gouging Fire|protosynthesisspe\n|turn|4\n|\n|t:|1774532182\n|move|p1a: Whimsicott|Tailwind|p1a: Whimsicott\n|-sidestart|p1: kojimuranishi|move: Tailwind\n|move|p2b: Gouging Fire|Flare Blitz|p1b: Calyrex\n|-supereffective|p1b: Calyrex\n|-damage|p1b: Calyrex|0 fnt\n|faint|p1b: Calyrex\n|-damage|p2b: Gouging Fire|84/100|[from] Recoil\n|move|p2a: Groudon|Precipice Blades|p1a: Whimsicott\n|-resisted|p1a: Whimsicott\n|-damage|p1a: Whimsicott|54/100\n|\n|-weather|SunnyDay|[upkeep]\n|upkeep\n|turn|5\n|-message|kojimuranishi forfeited.\n|\n|win|clefci\n|raw|kojimuranishi's rating: 1620 &rarr; <strong>1597</strong><br />(-23 for losing)\n|raw|clefci's rating: 1563 &rarr; <strong>1586</strong><br />(+23 for winning)\n|l|\u2606kojimuranishi\n|player|p1|\n|l|\u2606clefci\n|player|p2|\n|l| Hao_poke\n|j| Hao_poke\n|l| Hao_poke\n","uploadtime":1774532455,"views":25,"formatid":"gen9vgc2026regi","rating":1586,"private":0,"password":null}