{"id":"gen9vgc2026regi-2560610075","format":"[Gen 9] VGC 2026 Reg I","players":["It'sJustKen VGC","Sklapr"],"log":"|j|\u2606It'sJustKen VGC\n|j|\u2606Sklapr\n|t:|1773704195\n|gametype|doubles\n|player|p1|It'sJustKen VGC|2|1401\n|player|p2|Sklapr|101|1493\n|gen|9\n|tier|[Gen 9] VGC 2026 Reg I\n|rated|\n|rule|Species Clause: Limit one of each Pok\u00e9mon\n|rule|Item Clause: Limit 1 of each item\n|clearpoke\n|poke|p1|Farigiraf, L50, F|\n|poke|p1|Incineroar, L50, M|\n|poke|p1|Torkoal, L50, M|\n|poke|p1|Calyrex-Shadow, L50|\n|poke|p1|Amoonguss, L50, F|\n|poke|p1|Zamazenta-*, L50|\n|poke|p2|Miraidon, L50|\n|poke|p2|Lunala, L50|\n|poke|p2|Urshifu-*, L50, F|\n|poke|p2|Whimsicott, L50, F|\n|poke|p2|Ursaluna, L50, F|\n|poke|p2|Incineroar, L50, F|\n|teampreview|4\n|inactive|Battle timer is ON: inactive players will automatically lose when time's up. (requested by It'sJustKen VGC)\n|\n|t:|1773704222\n|teamsize|p1|4\n|teamsize|p2|4\n|start\n|switch|p1a: Farigiraf|Farigiraf, L50, F|100/100\n|switch|p1b: Incineroar|Incineroar, L50, M|100/100\n|switch|p2a: Miranda|Miraidon, L50|100/100\n|switch|p2b: Lunala|Lunala, L50, shiny|100/100\n|-fieldstart|move: Electric Terrain|[from] ability: Hadron Engine|[of] p2a: Miranda\n|-enditem|p2b: Lunala|Electric Seed\n|-boost|p2b: Lunala|def|1|[from] item: Electric Seed\n|-ability|p1b: Incineroar|Intimidate|boost\n|-unboost|p2a: Miranda|atk|1\n|-unboost|p2b: Lunala|atk|1\n|turn|1\n|\n|t:|1773704234\n|-terastallize|p2a: Miranda|Ghost\n|move|p1b: Incineroar|Fake Out|p2a: Miranda\n|-immune|p2a: Miranda\n|move|p2a: Miranda|Volt Switch|p1a: Farigiraf\n|-damage|p1a: Farigiraf|7/100\n|\n|t:|1773704241\n|switch|p2a: Incineroar|Incineroar, L50, F|100/100|[from] Volt Switch\n|-ability|p2a: Incineroar|Intimidate|boost\n|-unboost|p1a: Farigiraf|atk|1\n|-fail|p1b: Incineroar|unboost|[from] item: Clear Amulet|[of] p1b: Incineroar\n|move|p2b: Lunala|Moonblast|p1a: Farigiraf\n|-damage|p1a: Farigiraf|0 fnt\n|faint|p1a: Farigiraf\n|\n|upkeep\n|\n|t:|1773704253\n|switch|p1a: Zamazenta|Zamazenta-Crowned, L50, shiny|100/100\n|-ability|p1a: Zamazenta|Dauntless Shield|boost\n|-boost|p1a: Zamazenta|def|1\n|turn|2\n|\n|t:|1773704258\n|move|p1a: Zamazenta|Body Press|p2a: Incineroar\n|-supereffective|p2a: Incineroar\n|-damage|p2a: Incineroar|0 fnt\n|faint|p2a: Incineroar\n|move|p1b: Incineroar|Knock Off|p2b: Lunala\n|-supereffective|p2b: Lunala\n|-damage|p2b: Lunala|65/100\n|move|p2b: Lunala|Trick Room|p2b: Lunala\n|-fieldstart|move: Trick Room|[of] p2b: Lunala\n|\n|upkeep\n|\n|t:|1773704261\n|switch|p2a: Ursaluna|Ursaluna, L50, F, shiny|100/100\n|turn|3\n|\n|t:|1773704277\n|move|p2a: Ursaluna|Protect|p2a: Ursaluna\n|-singleturn|p2a: Ursaluna|Protect\n|move|p1b: Incineroar|Knock Off|p2b: Lunala\n|-supereffective|p2b: Lunala\n|-damage|p2b: Lunala|0 fnt\n|faint|p2b: Lunala\n|move|p1a: Zamazenta|Body Press|p2a: Ursaluna\n|-activate|p2a: Ursaluna|move: Protect\n|\n|-status|p2a: Ursaluna|brn|[from] item: Flame Orb\n|upkeep\n|\n|t:|1773704282\n|switch|p2b: Miranda|Miraidon, L50, tera:Ghost|100/100\n|-activate|p2b: Miranda|ability: Hadron Engine\n|turn|4\n|\n|t:|1773704292\n|-terastallize|p1a: Zamazenta|Water\n|move|p2a: Ursaluna|Headlong Rush|p1b: Incineroar\n|-supereffective|p1b: Incineroar\n|-damage|p1b: Incineroar|0 fnt\n|-unboost|p2a: Ursaluna|def|1\n|-unboost|p2a: Ursaluna|spd|1\n|faint|p1b: Incineroar\n|move|p1a: Zamazenta|Body Press|p2a: Ursaluna\n|-supereffective|p2a: Ursaluna\n|-damage|p2a: Ursaluna|0 fnt\n|faint|p2a: Ursaluna\n|move|p2b: Miranda|Electro Drift|p1a: Zamazenta\n|-supereffective|p1a: Zamazenta\n|-damage|p1a: Zamazenta|0 fnt\n|faint|p1a: Zamazenta\n|\n|upkeep\n|\n|t:|1773704296\n|switch|p1a: Torkoal|Torkoal, L50, M|100/100\n|-weather|SunnyDay|[from] ability: Drought|[of] p1a: Torkoal\n|turn|5\n|\n|t:|1773704303\n|move|p1a: Torkoal|Eruption|p2b: Miranda\n|-damage|p2b: Miranda|0 fnt\n|faint|p2b: Miranda\n|\n|win|It'sJustKen VGC\n|raw|It&apos;sJustKen VGC's rating: 1424 &rarr; <strong>1448</strong><br />(+24 for winning)\n|raw|Sklapr's rating: 1493 &rarr; <strong>1469</strong><br />(-24 for losing)\n","uploadtime":1773704307,"views":14,"formatid":"gen9vgc2026regi","rating":1448,"private":0,"password":null}