{"id":"gen9vgc2026regi-2566738728","format":"[Gen 9] VGC 2026 Reg I","players":["slimeslatt252","801344244a"],"log":"|j|\u2606slimeslatt252\n|j|\u2606801344244a\n|t:|1774403683\n|gametype|doubles\n|player|p1|slimeslatt252|170|1462\n|player|p2|801344244a|elesa|1383\n|gen|9\n|tier|[Gen 9] VGC 2026 Reg I\n|rated|\n|rule|Species Clause: Limit one of each Pok\u00e9mon\n|rule|Item Clause: Limit 1 of each item\n|clearpoke\n|poke|p1|Calyrex-Shadow, L50|\n|poke|p1|Koraidon, L50|\n|poke|p1|Incineroar, L50, M|\n|poke|p1|Raging Bolt, L50|\n|poke|p1|Brute Bonnet, L50|\n|poke|p1|Landorus, L50, M|\n|poke|p2|Terapagos, L50, M|\n|poke|p2|Incineroar, L50, F|\n|poke|p2|Rillaboom, L50, F|\n|poke|p2|Ogerpon-Cornerstone, L50, F|\n|poke|p2|Flutter Mane, L50|\n|poke|p2|Calyrex-Shadow, L50|\n|teampreview|4\n|inactive|Battle timer is ON: inactive players will automatically lose when time's up. (requested by 801344244a)\n|inactive|slimeslatt252 also wants the timer to be on.\n801344244a has agreed to open team sheets.\n|inactive|801344244a has 60 seconds left.\n|inactive|801344244a has 30 seconds left.\n|inactive|801344244a has 20 seconds left.\n|inactive|801344244a has 15 seconds left.\n|inactive|801344244a has 10 seconds left.\n|inactive|801344244a has 5 seconds left.\n|\n|t:|1774403770\n|teamsize|p1|4\n|teamsize|p2|4\n|start\n|switch|p1a: Incineroar|Incineroar, L50, M|100/100\n|switch|p1b: Brute Bonnet|Brute Bonnet, L50|100/100\n|switch|p2a: Flutter Mane|Flutter Mane, L50|100/100\n|switch|p2b: Calyrex|Calyrex-Shadow, L50|100/100\n|-ability|p2b: Calyrex|As One\n|-ability|p2b: Calyrex|Unnerve\n|-ability|p1a: Incineroar|Intimidate|boost\n|-unboost|p2a: Flutter Mane|atk|1\n|-unboost|p2b: Calyrex|atk|1\n|-enditem|p2a: Flutter Mane|Booster Energy\n|-activate|p2a: Flutter Mane|ability: Protosynthesis|[fromitem]\n|-start|p2a: Flutter Mane|protosynthesisspe\n|turn|1\n|\n|t:|1774403787\n|-terastallize|p1b: Brute Bonnet|Water\n|move|p2b: Calyrex|Protect|p2b: Calyrex\n|-singleturn|p2b: Calyrex|Protect\n|move|p2a: Flutter Mane|Taunt|p1b: Brute Bonnet\n|-start|p1b: Brute Bonnet|move: Taunt\n|cant|p1b: Brute Bonnet|move: Taunt|Spore\n|move|p1a: Incineroar|Knock Off|p2b: Calyrex\n|-activate|p2b: Calyrex|move: Protect\n|\n|upkeep\n|turn|2\n|inactive|801344244a has 30 seconds left.\n|\n|t:|1774403816\n|switch|p2b: Incineroar|Incineroar, L50, F, shiny|100/100\n|-ability|p2b: Incineroar|Intimidate|boost\n|-unboost|p1a: Incineroar|atk|1\n|-unboost|p1b: Brute Bonnet|atk|1\n|move|p1b: Brute Bonnet|Sucker Punch|p2a: Flutter Mane\n|-damage|p2a: Flutter Mane|69/100\n|move|p2a: Flutter Mane|Moonblast|p1a: Incineroar\n|-crit|p1a: Incineroar\n|-damage|p1a: Incineroar|45/100\n|-unboost|p1a: Incineroar|spa|1\n|move|p1a: Incineroar|Knock Off|p2b: Incineroar\n|-resisted|p2b: Incineroar\n|-damage|p2b: Incineroar|92/100\n|-damage|p1a: Incineroar|29/100|[from] item: Rocky Helmet|[of] p2b: Incineroar\n|-enditem|p2b: Incineroar|Rocky Helmet|[from] move: Knock Off|[of] p1a: Incineroar\n|\n|upkeep\n|turn|3\n|inactive|801344244a has 30 seconds left.\n|\n|t:|1774403842\n|move|p1a: Incineroar|Helping Hand|p1b: Brute Bonnet\n|-singleturn|p1b: Brute Bonnet|Helping Hand|[of] p1a: Incineroar\n|move|p2a: Flutter Mane|Moonblast|p1a: Incineroar\n|-damage|p1a: Incineroar|0 fnt\n|faint|p1a: Incineroar\n|move|p1b: Brute Bonnet|Seed Bomb|p2a: Flutter Mane\n|-damage|p2a: Flutter Mane|17/100\n|move|p2b: Incineroar|Will-O-Wisp|p1b: Brute Bonnet\n|-status|p1b: Brute Bonnet|brn\n|\n|-damage|p1b: Brute Bonnet|95/100 brn|[from] brn\n|-end|p1b: Brute Bonnet|move: Taunt\n|upkeep\n|\n|t:|1774403861\n|switch|p1a: Calyrex|Calyrex-Shadow, L50|100/100\n|-ability|p1a: Calyrex|As One\n|-ability|p1a: Calyrex|Unnerve\n|turn|4\n|inactive|801344244a has 30 seconds left.\n|inactive|801344244a has 20 seconds left.\n|inactive|801344244a has 15 seconds left.\n|inactive|801344244a has 10 seconds left.\n|\n|t:|1774403909\n|-end|p2a: Flutter Mane|Protosynthesis|[silent]\n|switch|p2a: Terapagos|Terapagos, L50, M|100/100\n|-activate|p2a: Terapagos|ability: Tera Shift\n|detailschange|p2a: Terapagos|Terapagos-Terastal, L50, M\n|-heal|p2a: Terapagos|100/100|[silent]\n|move|p1b: Brute Bonnet|Rage Powder|p1b: Brute Bonnet\n|-singleturn|p1b: Brute Bonnet|move: Rage Powder\n|move|p1a: Calyrex|Astral Barrage|p2a: Terapagos|[spread] p2b\n|-immune|p2a: Terapagos\n|-resisted|p2b: Incineroar\n|-damage|p2b: Incineroar|65/100\n|move|p2b: Incineroar|Parting Shot|p1b: Brute Bonnet\n|-unboost|p1b: Brute Bonnet|atk|1\n|-unboost|p1b: Brute Bonnet|spa|1\n|\n|t:|1774403931\n|switch|p2b: Calyrex|Calyrex-Shadow, L50|100/100|[from] Parting Shot\n|-ability|p2b: Calyrex|As One\n|-ability|p2b: Calyrex|Unnerve\n|\n|-damage|p1b: Brute Bonnet|89/100 brn|[from] brn\n|upkeep\n|turn|5\n|\n|t:|1774403940\n|-terastallize|p2a: Terapagos|Stellar\n|detailschange|p2a: Terapagos|Terapagos-Stellar, L50, M, tera:Stellar\n|-heal|p2a: Terapagos|100/100|[silent]\n|move|p2b: Calyrex|Astral Barrage|p1a: Calyrex|[spread] p1a,p1b\n|-supereffective|p1a: Calyrex\n|-enditem|p1a: Calyrex|Focus Sash\n|-damage|p1a: Calyrex|1/100\n|-damage|p1b: Brute Bonnet|41/100 brn\n|move|p1a: Calyrex|Astral Barrage|p2a: Terapagos|[spread] p2b\n|-immune|p2a: Terapagos\n|-supereffective|p2b: Calyrex\n|-enditem|p2b: Calyrex|Focus Sash\n|-damage|p2b: Calyrex|1/100\n|move|p2a: Terapagos|Tera Starstorm|p1a: Calyrex|[spread] p1a,p1b\n|-supereffective|p1b: Brute Bonnet\n|-damage|p1a: Calyrex|0 fnt\n|-damage|p1b: Brute Bonnet|0 fnt\n|faint|p1a: Calyrex\n|faint|p1b: Brute Bonnet\n|-end|p1b: Brute Bonnet|Protosynthesis|[silent]\n|\n|upkeep\n|-message|slimeslatt252 forfeited.\n|\n|win|801344244a\n|raw|slimeslatt252's rating: 1462 &rarr; <strong>1438</strong><br />(-24 for losing)\n|raw|801344244a's rating: 1383 &rarr; <strong>1407</strong><br />(+24 for winning)\n","uploadtime":1774403961,"views":20,"formatid":"gen9vgc2026regi","rating":1407,"private":0,"password":null}