{"id":"gen9vgc2026regi-2582189458","format":"[Gen 9] VGC 2026 Reg I","players":["dfadDADAD","sunny_zong2"],"log":"|j|\u2606dfadDADAD\n|j|\u2606sunny_zong2\n|t:|1776069246\n|gametype|doubles\n|player|p1|dfadDADAD|2|1385\n|player|p2|sunny_zong2|102|1368\n|gen|9\n|tier|[Gen 9] VGC 2026 Reg I\n|rated|\n|rule|Species Clause: Limit one of each Pok\u00e9mon\n|rule|Item Clause: Limit 1 of each item\n|clearpoke\n|poke|p1|Calyrex-Shadow, L50|\n|poke|p1|Terapagos, L50, M|\n|poke|p1|Rillaboom, L50, M|\n|poke|p1|Volcarona, L50, F|\n|poke|p1|Urshifu-*, L50, F|\n|poke|p1|Flutter Mane, L50|\n|poke|p2|Muk-Alola, L50, M|\n|poke|p2|Flamigo, L50, M|\n|poke|p2|Miraidon, L50|\n|poke|p2|Calyrex-Shadow, L50|\n|poke|p2|Indeedee, L50, M|\n|poke|p2|Smeargle, L50, F|\n|teampreview|4\n|inactive|Battle timer is ON: inactive players will automatically lose when time's up. (requested by sunny_zong2)\n|\n|t:|1776069259\n|teamsize|p1|4\n|teamsize|p2|4\n|start\n|switch|p1a: Rillaboom|Rillaboom, L50, M|100/100\n|switch|p1b: Flutter Mane|Flutter Mane, L50|100/100\n|switch|p2a: Smeargle|Smeargle, L50, F|100/100\n|switch|p2b: Muk|Muk-Alola, L50, M|100/100\n|-fieldstart|move: Grassy Terrain|[from] ability: Grassy Surge|[of] p1a: Rillaboom\n|-enditem|p1b: Flutter Mane|Booster Energy\n|-activate|p1b: Flutter Mane|ability: Protosynthesis|[fromitem]\n|-start|p1b: Flutter Mane|protosynthesisspe\n|turn|1\n|\n|t:|1776069269\n|move|p2b: Muk|Protect|p2b: Muk\n|-singleturn|p2b: Muk|Protect\n|move|p1a: Rillaboom|Fake Out|p2a: Smeargle\n|-damage|p2a: Smeargle|57/100\n|move|p1b: Flutter Mane|Taunt|p2a: Smeargle\n|-start|p2a: Smeargle|move: Taunt\n|cant|p2a: Smeargle|flinch\n|\n|-heal|p2a: Smeargle|64/100|[from] Grassy Terrain\n|-ability|p2a: Smeargle|Moody|boost\n|-boost|p2a: Smeargle|atk|2\n|-unboost|p2a: Smeargle|def|1\n|upkeep\n|turn|2\n|j| Nhatrin\n|j| Marci&Gomma\n|l| Marci&Gomma\n|inactive|sunny_zong2 has 30 seconds left.\n|\n|t:|1776069298\n|switch|p2a: Calyrex|Calyrex-Shadow, L50|100/100\n|-ability|p2a: Calyrex|As One\n|-ability|p2a: Calyrex|Unnerve\n|move|p1a: Rillaboom|Grassy Glide|p2a: Calyrex\n|-damage|p2a: Calyrex|55/100\n|move|p1b: Flutter Mane|Taunt|p2b: Muk\n|-start|p2b: Muk|move: Taunt\n|move|p2b: Muk|Poison Jab|p1b: Flutter Mane\n|-damage|p1b: Flutter Mane|60/100\n|\n|-heal|p2a: Calyrex|61/100|[from] Grassy Terrain\n|-heal|p1b: Flutter Mane|66/100|[from] Grassy Terrain\n|upkeep\n|turn|3\n|\n|t:|1776069314\n|switch|p2b: Smeargle|Smeargle, L50, F|64/100\n|move|p2a: Calyrex|Astral Barrage|p1a: Rillaboom|[spread] p1a,p1b\n|-supereffective|p1b: Flutter Mane\n|-damage|p1a: Rillaboom|63/100\n|-damage|p1b: Flutter Mane|0 fnt\n|faint|p1b: Flutter Mane\n|-end|p1b: Flutter Mane|Protosynthesis|[silent]\n|-ability|p2a: Calyrex|Grim Neigh|boost\n|-boost|p2a: Calyrex|spa|1\n|move|p1a: Rillaboom|U-turn|p2a: Calyrex\n|-damage|p2a: Calyrex|30/100\n|\n|t:|1776069322\n|switch|p1a: Terapagos|Terapagos, L50, M|100/100|[from] U-turn\n|-activate|p1a: Terapagos|ability: Tera Shift\n|detailschange|p1a: Terapagos|Terapagos-Terastal, L50, M\n|-heal|p1a: Terapagos|100/100|[silent]\n|\n|-heal|p2a: Calyrex|35/100|[from] Grassy Terrain\n|-heal|p2b: Smeargle|70/100|[from] Grassy Terrain\n|-ability|p2b: Smeargle|Moody|boost\n|-boost|p2b: Smeargle|spd|2\n|-unboost|p2b: Smeargle|spe|1\n|upkeep\n|\n|t:|1776069323\n|switch|p1b: Rillaboom|Rillaboom, L50, M|63/100\n|turn|4\n|\n|t:|1776069332\n|move|p1b: Rillaboom|Fake Out|p2b: Smeargle\n|-damage|p2b: Smeargle|26/100\n|move|p2a: Calyrex|Astral Barrage|p1b: Rillaboom|[spread] p1b\n|-immune|p1a: Terapagos\n|-damage|p1b: Rillaboom|13/100\n|move|p1a: Terapagos|Calm Mind|p1a: Terapagos\n|-boost|p1a: Terapagos|spa|1\n|-boost|p1a: Terapagos|spd|1\n|cant|p2b: Smeargle|flinch\n|\n|-heal|p2a: Calyrex|41/100|[from] Grassy Terrain\n|-heal|p1b: Rillaboom|19/100|[from] Grassy Terrain\n|-heal|p2b: Smeargle|32/100|[from] Grassy Terrain\n|-ability|p2b: Smeargle|Moody|boost\n|-boost|p2b: Smeargle|spa|2\n|-unboost|p2b: Smeargle|spd|1\n|upkeep\n|turn|5\n|\n|t:|1776069350\n|move|p1b: Rillaboom|Grassy Glide|p2b: Smeargle\n|-damage|p2b: Smeargle|0 fnt\n|faint|p2b: Smeargle\n|move|p2a: Calyrex|Astral Barrage|p1a: Terapagos|[spread] p1b\n|-immune|p1a: Terapagos\n|-damage|p1b: Rillaboom|0 fnt\n|faint|p1b: Rillaboom\n|-ability|p2a: Calyrex|Grim Neigh|boost\n|-boost|p2a: Calyrex|spa|1\n|move|p1a: Terapagos|Calm Mind|p1a: Terapagos\n|-boost|p1a: Terapagos|spa|1\n|-boost|p1a: Terapagos|spd|1\n|\n|-heal|p2a: Calyrex|47/100|[from] Grassy Terrain\n|-fieldend|move: Grassy Terrain\n|upkeep\n|\n|t:|1776069356\n|switch|p2b: Muk|Muk-Alola, L50, M|100/100\n|switch|p1b: Calyrex|Calyrex-Shadow, L50|100/100\n|-ability|p1b: Calyrex|As One\n|-ability|p1b: Calyrex|Unnerve\n|turn|6\n|\n|t:|1776069360\n|-terastallize|p1a: Terapagos|Stellar\n|detailschange|p1a: Terapagos|Terapagos-Stellar, L50, M, tera:Stellar\n|-heal|p1a: Terapagos|100/100|[silent]\n|move|p1b: Calyrex|Protect|p1b: Calyrex\n|-singleturn|p1b: Calyrex|Protect\n|move|p2a: Calyrex|Astral Barrage|p1a: Terapagos|[spread] \n|-activate|p1b: Calyrex|move: Protect\n|-immune|p1a: Terapagos\n|move|p1a: Terapagos|Tera Starstorm|p2a: Calyrex|[spread] p2a,p2b\n|-damage|p2a: Calyrex|0 fnt\n|-damage|p2b: Muk|52/100\n|faint|p2a: Calyrex\n|move|p2b: Muk|Minimize|p2b: Muk\n|-boost|p2b: Muk|evasion|2\n|\n|-heal|p2b: Muk|59/100|[from] item: Leftovers\n|upkeep\n|\n|t:|1776069363\n|switch|p2a: Flamigo|Flamigo, L50, M|100/100\n|-copyboost|p2a: Flamigo|p2b: Muk|[from] ability: Costar\n|turn|7\n|\n|t:|1776069380\n|move|p1b: Calyrex|Astral Barrage|p2b: Muk|[spread] p2a,p2b\n|-resisted|p2b: Muk\n|-damage|p2a: Flamigo|18/100\n|-damage|p2b: Muk|37/100\n|move|p2a: Flamigo|Brave Bird|p1b: Calyrex\n|-damage|p1b: Calyrex|36/100\n|-damage|p2a: Flamigo|0 fnt|[from] Recoil\n|faint|p2a: Flamigo\n|-ability|p2b: Muk|Costar|Power of Alchemy|[from] ability: Power of Alchemy|[of] p2a: Flamigo\n|move|p1a: Terapagos|Tera Starstorm|p2b: Muk|[miss]\n|-miss|p1a: Terapagos|p2b: Muk\n|move|p2b: Muk|Poison Jab|p1b: Calyrex\n|-resisted|p1b: Calyrex\n|-damage|p1b: Calyrex|19/100\n|\n|-heal|p2b: Muk|43/100|[from] item: Leftovers\n|upkeep\n|turn|8\n|-message|sunny_zong2 forfeited.\n|\n|win|dfadDADAD\n|raw|dfadDADAD's rating: 1385 &rarr; <strong>1404</strong><br />(+19 for winning)\n|raw|sunny_zong2's rating: 1368 &rarr; <strong>1349</strong><br />(-19 for losing)\n|l|\u2606sunny_zong2\n|player|p2|\n|l|\u2606dfadDADAD\n|player|p1|\n","uploadtime":1776069546,"views":8,"formatid":"gen9vgc2026regi","rating":1349,"private":0,"password":null}