{"id":"gen9vgc2026regi-2580904592","format":"[Gen 9] VGC 2026 Reg I","players":["silveryo321","sunny_zong1"],"log":"|j|\u2606silveryo321\n|j|\u2606sunny_zong1\n|t:|1775942084\n|gametype|doubles\n|player|p1|silveryo321|ethan|1507\n|player|p2|sunny_zong1|170|1460\n|gen|9\n|tier|[Gen 9] VGC 2026 Reg I\n|rated|\n|rule|Species Clause: Limit one of each Pok\u00e9mon\n|rule|Item Clause: Limit 1 of each item\n|clearpoke\n|poke|p1|Brute Bonnet, L50|\n|poke|p1|Lunala, L50|\n|poke|p1|Ursaluna, L50, M|\n|poke|p1|Chi-Yu, L50|\n|poke|p1|Koraidon, L50|\n|poke|p1|Flutter Mane, L50|\n|poke|p2|Glimmora, L50, M|\n|poke|p2|Eternatus, L50|\n|poke|p2|Miraidon, L50|\n|poke|p2|Annihilape, L50, F|\n|poke|p2|Wo-Chien, L50|\n|poke|p2|Grimmsnarl, L50, M|\n|teampreview|4\n|inactive|Battle timer is ON: inactive players will automatically lose when time's up. (requested by sunny_zong1)\n|inactive|sunny_zong1 has 60 seconds left.\n|\n|t:|1775942123\n|teamsize|p1|4\n|teamsize|p2|4\n|start\n|switch|p1a: Gwyndolin|Lunala, L50, shiny|100/100\n|switch|p1b: G.O.A.T|Flutter Mane, L50, shiny|100/100\n|switch|p2a: Grimmsnarl|Grimmsnarl, L50, M|100/100\n|switch|p2b: Glimmora|Glimmora, L50, M|100/100\n|turn|1\n|inactive|silveryo321 has 30 seconds left.\n|inactive|silveryo321 has 20 seconds left.\n|inactive|silveryo321 has 15 seconds left.\n|inactive|silveryo321 has 10 seconds left.\n|inactive|silveryo321 has 5 seconds left.\n|\n|t:|1775942173\n|move|p2a: Grimmsnarl|Light Screen|p2a: Grimmsnarl\n|-sidestart|p2: sunny_zong1|move: Light Screen\n|move|p1b: G.O.A.T|Moonblast|p2a: Grimmsnarl\n|-supereffective|p2a: Grimmsnarl\n|-damage|p2a: Grimmsnarl|43/100\n|-unboost|p2a: Grimmsnarl|spa|1\n|move|p2b: Glimmora|Mortal Spin|p1a: Gwyndolin|[spread] p1a,p1b\n|-resisted|p1a: Gwyndolin\n|-damage|p1a: Gwyndolin|99/100\n|-damage|p1b: G.O.A.T|89/100\n|-status|p1a: Gwyndolin|psn\n|-status|p1b: G.O.A.T|psn\n|move|p1a: Gwyndolin|Moongeist Beam|p2b: Glimmora\n|-damage|p2b: Glimmora|44/100\n|\n|-damage|p1b: G.O.A.T|77/100 psn|[from] psn\n|-damage|p1a: Gwyndolin|87/100 psn|[from] psn\n|upkeep\n|turn|2\n|\n|t:|1775942186\n|move|p2a: Grimmsnarl|Reflect|p2a: Grimmsnarl\n|-sidestart|p2: sunny_zong1|Reflect\n|move|p1b: G.O.A.T|Moonblast|p2a: Grimmsnarl\n|-supereffective|p2a: Grimmsnarl\n|-damage|p2a: Grimmsnarl|0 fnt\n|faint|p2a: Grimmsnarl\n|move|p2b: Glimmora|Toxic Spikes|p1b: G.O.A.T\n|-sidestart|p1: silveryo321|move: Toxic Spikes\n|move|p1a: Gwyndolin|Moongeist Beam|p2b: Glimmora\n|-damage|p2b: Glimmora|0 fnt\n|faint|p2b: Glimmora\n|\n|-damage|p1b: G.O.A.T|64/100 psn|[from] psn\n|-damage|p1a: Gwyndolin|75/100 psn|[from] psn\n|upkeep\n|\n|t:|1775942188\n|switch|p2b: Eternatus|Eternatus, L50|100/100\n|switch|p2a: Miraidon|Miraidon, L50|100/100\n|-fieldstart|move: Electric Terrain|[from] ability: Hadron Engine|[of] p2a: Miraidon\n|-ability|p2b: Eternatus|Pressure\n|turn|3\n|\n|t:|1775942198\n|switch|p1a: Demon Korai|Koraidon, L50, shiny|100/100\n|-status|p1a: Demon Korai|psn\n|-weather|SunnyDay|[from] ability: Orichalcum Pulse|[of] p1a: Demon Korai\n|-activate|p1b: G.O.A.T|ability: Protosynthesis\n|-start|p1b: G.O.A.T|protosynthesisspe\n|-activate|p1a: Demon Korai|Orichalcum Pulse|[source]\n|move|p1b: G.O.A.T|Icy Wind|p2b: Eternatus|[spread] p2a,p2b\n|-supereffective|p2a: Miraidon\n|-supereffective|p2b: Eternatus\n|-damage|p2a: Miraidon|82/100\n|-damage|p2b: Eternatus|88/100\n|-unboost|p2a: Miraidon|spe|1\n|-unboost|p2b: Eternatus|spe|1\n|move|p2a: Miraidon|Snarl|p1a: Demon Korai|[spread] p1a,p1b\n|-resisted|p1a: Demon Korai\n|-damage|p1a: Demon Korai|86/100 psn\n|-damage|p1b: G.O.A.T|34/100 psn\n|-unboost|p1a: Demon Korai|spa|1\n|-unboost|p1b: G.O.A.T|spa|1\n|move|p2b: Eternatus|Cosmic Power|p2b: Eternatus\n|-boost|p2b: Eternatus|def|1\n|-boost|p2b: Eternatus|spd|1\n|\n|-weather|SunnyDay|[upkeep]\n|-heal|p2b: Eternatus|94/100|[from] item: Leftovers\n|-damage|p1b: G.O.A.T|21/100 psn|[from] psn\n|-damage|p1a: Demon Korai|74/100 psn|[from] psn\n|upkeep\n|turn|4\n|\n|t:|1775942220\n|switch|p1a: choose the bear.|Ursaluna, L50, M|100/100\n|-status|p1a: choose the bear.|psn\n|move|p1b: G.O.A.T|Moonblast|p2a: Miraidon\n|-supereffective|p2a: Miraidon\n|-damage|p2a: Miraidon|42/100\n|-unboost|p2a: Miraidon|spa|1\n|move|p2a: Miraidon|Snarl|p1a: choose the bear.|[spread] p1a\n|-miss|p2a: Miraidon|p1b: G.O.A.T\n|-damage|p1a: choose the bear.|81/100 psn\n|-unboost|p1a: choose the bear.|spa|1\n|move|p2b: Eternatus|Cosmic Power|p2b: Eternatus\n|-boost|p2b: Eternatus|def|1\n|-boost|p2b: Eternatus|spd|1\n|\n|-weather|SunnyDay|[upkeep]\n|-heal|p2b: Eternatus|99/100|[from] item: Leftovers\n|-damage|p1b: G.O.A.T|9/100 psn|[from] psn\n|-damage|p1a: choose the bear.|69/100 psn|[from] psn\n|upkeep\n|turn|5\n|\n|t:|1775942237\n|-terastallize|p2b: Eternatus|Grass\n|move|p1b: G.O.A.T|Moonblast|p2a: Miraidon\n|-supereffective|p2a: Miraidon\n|-damage|p2a: Miraidon|1/100\n|-unboost|p2a: Miraidon|spa|1\n|move|p2a: Miraidon|Snarl|p1b: G.O.A.T|[spread] p1a,p1b\n|-damage|p1a: choose the bear.|57/100 psn\n|-damage|p1b: G.O.A.T|0 fnt\n|-unboost|p1a: choose the bear.|spa|1\n|faint|p1b: G.O.A.T\n|-end|p1b: G.O.A.T|Protosynthesis|[silent]\n|move|p2b: Eternatus|Cosmic Power|p2b: Eternatus\n|-boost|p2b: Eternatus|def|1\n|-boost|p2b: Eternatus|spd|1\n|move|p1a: choose the bear.|Headlong Rush|p2b: Eternatus\n|-resisted|p2b: Eternatus\n|-damage|p2b: Eternatus|90/100\n|-unboost|p1a: choose the bear.|def|1\n|-unboost|p1a: choose the bear.|spd|1\n|\n|-weather|SunnyDay|[upkeep]\n|-heal|p2b: Eternatus|96/100|[from] item: Leftovers\n|-damage|p1a: choose the bear.|45/100 psn|[from] psn\n|upkeep\n|\n|t:|1775942245\n|switch|p1b: Demon Korai|Koraidon, L50, shiny|74/100 psn\n|-activate|p1b: Demon Korai|ability: Orichalcum Pulse\n|turn|6\n|\n|t:|1775942269\n|move|p1b: Demon Korai|Flame Charge|p2a: Miraidon\n|-resisted|p2a: Miraidon\n|-damage|p2a: Miraidon|0 fnt\n|-boost|p1b: Demon Korai|spe|1\n|faint|p2a: Miraidon\n|-damage|p1b: Demon Korai|64/100 psn|[from] item: Life Orb\n|move|p2b: Eternatus|Sludge Bomb|p1a: choose the bear.\n|-resisted|p1a: choose the bear.\n|-damage|p1a: choose the bear.|12/100 psn\n|move|p1a: choose the bear.|Facade|p2b: Eternatus\n|-damage|p2b: Eternatus|73/100\n|\n|-weather|SunnyDay|[upkeep]\n|-heal|p2b: Eternatus|79/100|[from] item: Leftovers\n|-damage|p1b: Demon Korai|52/100 psn|[from] psn\n|-damage|p1a: choose the bear.|0 fnt|[from] psn\n|faint|p1a: choose the bear.\n|upkeep\n|\n|t:|1775942272\n|switch|p1a: Gwyndolin|Lunala, L50, shiny|75/100 psn\n|turn|7\n|\n|t:|1775942278\n|-terastallize|p1b: Demon Korai|Fire\n|move|p1b: Demon Korai|Flare Blitz|p2b: Eternatus\n|-supereffective|p2b: Eternatus\n|-crit|p2b: Eternatus\n|-damage|p2b: Eternatus|0 fnt\n|faint|p2b: Eternatus\n|-damage|p1b: Demon Korai|15/100 psn|[from] Recoil\n|-damage|p1b: Demon Korai|6/100 psn|[from] item: Life Orb\n|\n|win|silveryo321\n|raw|silveryo321's rating: 1507 &rarr; <strong>1524</strong><br />(+17 for winning)\n|raw|sunny_zong1's rating: 1460 &rarr; <strong>1443</strong><br />(-17 for losing)\n|l|\u2606silveryo321\n|player|p1|\n|l|\u2606sunny_zong1\n|player|p2|\n","uploadtime":1775942424,"views":11,"formatid":"gen9vgc2026regi","rating":1443,"private":0,"password":null}