{"id":"gen9vgc2026regi-2537472569","format":"[Gen 9] VGC 2026 Reg I","players":["JOJOJEJEJA","i\u2764\ufe0f\u5a1c\u7984forever"],"log":"|j|\u2606JOJOJEJEJA\n|j|\u2606i\u2764\ufe0f\u5a1c\u7984forever\n|t:|1770819054\n|gametype|doubles\n|player|p1|JOJOJEJEJA|101|1407\n|player|p2|i\u2764\ufe0f\u5a1c\u7984forever|youngcouple|1509\n|gen|9\n|tier|[Gen 9] VGC 2026 Reg I\n|rated|\n|rule|Species Clause: Limit one of each Pok\u00e9mon\n|rule|Item Clause: Limit 1 of each item\n|clearpoke\n|poke|p1|Dondozo, L50, M|\n|poke|p1|Tatsugiri, L50, M|\n|poke|p1|Calyrex-Shadow, L50|\n|poke|p1|Kyogre, L50|\n|poke|p1|Rillaboom, L50, M|\n|poke|p1|Raichu, L50, M|\n|poke|p2|Groudon, L50|\n|poke|p2|Kyurem-White, L50|\n|poke|p2|Heatran, L50, M|\n|poke|p2|Whimsicott, L50, M|\n|poke|p2|Roaring Moon, L50|\n|poke|p2|Ditto, L50|\n|teampreview|4\n|inactive|Battle timer is ON: inactive players will automatically lose when time's up. (requested by JOJOJEJEJA)\n|\n|t:|1770819100\n|teamsize|p1|4\n|teamsize|p2|4\n|start\n|switch|p1a: Calyrex|Calyrex-Shadow, L50|100/100\n|switch|p1b: Dondozo|Dondozo, L50, M|100/100\n|switch|p2a: Whimsicott|Whimsicott, L50, M|100/100\n|switch|p2b: Kyurem|Kyurem-White, L50|100/100\n|-ability|p1a: Calyrex|As One\n|-ability|p1a: Calyrex|Unnerve\n|-ability|p2b: Kyurem|Turboblaze\n|turn|1\n|\n|t:|1770819115\n|-terastallize|p1a: Calyrex|Ghost\n|move|p1b: Dondozo|Protect|p1b: Dondozo\n|-singleturn|p1b: Dondozo|Protect\n|move|p2a: Whimsicott|Tailwind|p2a: Whimsicott\n|-sidestart|p2: i\u2764\ufe0f\u5a1c\u7984forever|move: Tailwind\n|move|p2b: Kyurem|Blizzard|p1a: Calyrex|[spread] p1a\n|-activate|p1b: Dondozo|move: Protect\n|-damage|p1a: Calyrex|41/100\n|move|p1a: Calyrex|Astral Barrage|p2a: Whimsicott|[spread] p2a,p2b\n|-enditem|p2a: Whimsicott|Focus Sash\n|-damage|p2a: Whimsicott|1/100\n|-damage|p2b: Kyurem|11/100\n|\n|upkeep\n|turn|2\n|j| jiratajiri\n|\n|t:|1770819134\n|switch|p1b: Kyogre|Kyogre, L50|100/100\n|-weather|RainDance|[from] ability: Drizzle|[of] p1b: Kyogre\n|move|p2a: Whimsicott|Endeavor|p1b: Kyogre\n|-damage|p1b: Kyogre|1/100\n|move|p2b: Kyurem|Blizzard|p1a: Calyrex|[spread] \n|-miss|p2b: Kyurem|p1a: Calyrex\n|-enditem|p2b: Kyurem|Blunder Policy\n|-boost|p2b: Kyurem|spe|2\n|-miss|p2b: Kyurem|p1b: Kyogre\n|move|p1a: Calyrex|Astral Barrage|p2b: Kyurem|[spread] p2a,p2b\n|-damage|p2a: Whimsicott|0 fnt\n|-damage|p2b: Kyurem|0 fnt\n|faint|p2a: Whimsicott\n|faint|p2b: Kyurem\n|-ability|p1a: Calyrex|Grim Neigh|boost\n|-boost|p1a: Calyrex|spa|2\n|\n|-weather|RainDance|[upkeep]\n|upkeep\n|\n|t:|1770819150\n|switch|p2a: Groudon|Groudon, L50|100/100\n|switch|p2b: Ditto|Ditto, L50|100/100\n|-weather|SunnyDay|[from] ability: Drought|[of] p2a: Groudon\n|-transform|p2b: Ditto|p1a: Calyrex|[from] ability: Imposter\n|-ability|p2b: Ditto|As One\n|-ability|p2b: Ditto|Unnerve\n|-start|p2b: Ditto|typechange|Psychic/Ghost|[silent]\n|turn|3\n|\n|t:|1770819168\n|move|p2b: Ditto|Astral Barrage|p1a: Calyrex|[spread] p1a,p1b\n|-supereffective|p1a: Calyrex\n|-damage|p1a: Calyrex|0 fnt\n|-damage|p1b: Kyogre|0 fnt\n|faint|p1a: Calyrex\n|faint|p1b: Kyogre\n|-ability|p2b: Ditto|Grim Neigh|boost\n|-boost|p2b: Ditto|spa|2\n|move|p2a: Groudon|Precipice Blades|p1: Calyrex|[notarget]\n|-fail|p2a: Groudon\n|\n|-weather|SunnyDay|[upkeep]\n|upkeep\n|\n|t:|1770819179\n|switch|p1a: Dondozo|Dondozo, L50, M|100/100\n|switch|p1b: Tatsugiri|Tatsugiri, L50, M|100/100\n|-activate|p1b: Tatsugiri|ability: Commander|[of] p1a: Dondozo\n|-boost|p1a: Dondozo|atk|2\n|-boost|p1a: Dondozo|spa|2\n|-boost|p1a: Dondozo|spe|2\n|-boost|p1a: Dondozo|def|2\n|-boost|p1a: Dondozo|spd|2\n|turn|4\n|\n|t:|1770819191\n|move|p1a: Dondozo|Protect|p1a: Dondozo\n|-singleturn|p1a: Dondozo|Protect\n|move|p2b: Ditto|Psychic|p1a: Dondozo\n|-activate|p1a: Dondozo|move: Protect\n|move|p2a: Groudon|Precipice Blades|p1b: Tatsugiri|[spread] \n|-miss|p2a: Groudon|p1b: Tatsugiri\n|-activate|p1a: Dondozo|move: Protect\n|\n|-weather|SunnyDay|[upkeep]\n|-sideend|p2: i\u2764\ufe0f\u5a1c\u7984forever|move: Tailwind\n|upkeep\n|turn|5\n|\n|t:|1770819202\n|-terastallize|p2a: Groudon|Water\n|move|p2b: Ditto|Psychic|p1a: Dondozo\n|-damage|p1a: Dondozo|72/100\n|move|p2a: Groudon|Precipice Blades|p1b: Tatsugiri|[spread] \n|-miss|p2a: Groudon|p1b: Tatsugiri\n|-miss|p2a: Groudon|p1a: Dondozo\n|move|p1a: Dondozo|Yawn|p2b: Ditto\n|-start|p2b: Ditto|move: Yawn|[of] p1a: Dondozo\n|\n|-weather|SunnyDay|[upkeep]\n|-heal|p1a: Dondozo|78/100|[from] item: Leftovers\n|upkeep\n|turn|6\n|\n|t:|1770819216\n|move|p1a: Dondozo|Protect|p1a: Dondozo\n|-singleturn|p1a: Dondozo|Protect\n|move|p2b: Ditto|Leaf Storm|p1a: Dondozo\n|-activate|p1a: Dondozo|move: Protect\n|move|p2a: Groudon|Crunch|p1a: Dondozo\n|-activate|p1a: Dondozo|move: Protect\n|\n|-weather|SunnyDay|[upkeep]\n|-heal|p1a: Dondozo|85/100|[from] item: Leftovers\n|-end|p2b: Ditto|move: Yawn|[silent]\n|-status|p2b: Ditto|slp\n|upkeep\n|turn|7\n|\n|t:|1770819233\n|cant|p2b: Ditto|slp\n|move|p2a: Groudon|Precipice Blades|p1a: Dondozo|[spread] p1a\n|-miss|p2a: Groudon|p1b: Tatsugiri\n|-damage|p1a: Dondozo|69/100\n|move|p1a: Dondozo|Substitute|p1a: Dondozo\n|-start|p1a: Dondozo|Substitute\n|-damage|p1a: Dondozo|44/100\n|\n|-weather|none\n|-heal|p1a: Dondozo|50/100|[from] item: Leftovers\n|upkeep\n|turn|8\n|\n|t:|1770819244\n|cant|p2b: Ditto|slp\n|move|p2a: Groudon|Precipice Blades|p1a: Dondozo|[spread] p1a\n|-miss|p2a: Groudon|p1b: Tatsugiri\n|-activate|p1a: Dondozo|move: Substitute|[damage]\n|move|p1a: Dondozo|Surf|p2b: Ditto|[spread] p2a,p2b\n|-miss|p1a: Dondozo|p1b: Tatsugiri\n|-resisted|p2a: Groudon\n|-crit|p2b: Ditto\n|-damage|p2a: Groudon|87/100\n|-damage|p2b: Ditto|15/100 slp\n|\n|-heal|p1a: Dondozo|57/100|[from] item: Leftovers\n|upkeep\n|turn|9\n|\n|t:|1770819269\n|-curestatus|p2b: Ditto|slp|[msg]\n|move|p2b: Ditto|Draining Kiss|p1a: Dondozo\n|-end|p1a: Dondozo|Substitute\n|-heal|p2b: Ditto|26/100|[from] drain|[of] p1a: Dondozo\n|move|p2a: Groudon|Precipice Blades|p1b: Tatsugiri|[spread] p1a\n|-miss|p2a: Groudon|p1b: Tatsugiri\n|-damage|p1a: Dondozo|39/100\n|move|p1a: Dondozo|Surf|p2b: Ditto|[spread] p2a,p2b\n|-miss|p1a: Dondozo|p1b: Tatsugiri\n|-resisted|p2a: Groudon\n|-damage|p2a: Groudon|72/100\n|-damage|p2b: Ditto|0 fnt\n|faint|p2b: Ditto\n|\n|-heal|p1a: Dondozo|45/100|[from] item: Leftovers\n|upkeep\n|turn|10\n|\n|t:|1770819284\n|move|p1a: Dondozo|Protect|p1a: Dondozo\n|-singleturn|p1a: Dondozo|Protect\n|move|p2a: Groudon|Crunch|p1a: Dondozo\n|-activate|p1a: Dondozo|move: Protect\n|\n|-heal|p1a: Dondozo|51/100|[from] item: Leftovers\n|upkeep\n|turn|11\n|\n|t:|1770819292\n|move|p2a: Groudon|Precipice Blades|p1b: Tatsugiri|[spread] \n|-miss|p2a: Groudon|p1b: Tatsugiri\n|-miss|p2a: Groudon|p1a: Dondozo\n|move|p1a: Dondozo|Yawn|p2a: Groudon\n|-start|p2a: Groudon|move: Yawn|[of] p1a: Dondozo\n|\n|-heal|p1a: Dondozo|57/100|[from] item: Leftovers\n|upkeep\n|turn|12\n|-message|i\u2764\ufe0f\u5a1c\u7984forever forfeited.\n|\n|win|JOJOJEJEJA\n|raw|JOJOJEJEJA's rating: 1407 &rarr; <strong>1433</strong><br />(+26 for winning)\n|raw|i\u2764\ufe0f\u5a1c\u7984forever's rating: 1509 &rarr; <strong>1483</strong><br />(-26 for losing)\n|l|\u2606i\u2764\ufe0f\u5a1c\u7984forever\n|player|p2|\n|l|\u2606JOJOJEJEJA\n|player|p1|\n|l| jiratajiri\n","uploadtime":1770819316,"views":14,"formatid":"gen9vgc2026regi","rating":1433,"private":0,"password":null}