{"id":"gen9vgc2026regi-2579582659","format":"[Gen 9] VGC 2026 Reg I","players":["eru_kh","dpsicieu"],"log":"|j|\u2606eru_kh\n|j|\u2606dpsicieu\n|t:|1775801087\n|gametype|doubles\n|player|p1|eru_kh|170|1509\n|player|p2|dpsicieu|101|1600\n|gen|9\n|tier|[Gen 9] VGC 2026 Reg I\n|rated|\n|rule|Species Clause: Limit one of each Pok\u00e9mon\n|rule|Item Clause: Limit 1 of each item\n|clearpoke\n|poke|p1|Terapagos, L50, M|\n|poke|p1|Incineroar, L50, M|\n|poke|p1|Rillaboom, L50, F|\n|poke|p1|Amoonguss, L50, M|\n|poke|p1|Flutter Mane, L50|\n|poke|p1|Calyrex-Shadow, L50|\n|poke|p2|Calyrex-Ice, L50|\n|poke|p2|Miraidon, L50|\n|poke|p2|Iron Hands, L50|\n|poke|p2|Farigiraf, L50, F|\n|poke|p2|Torkoal, L50, M|\n|poke|p2|Smeargle, L50, F|\n|teampreview|4\n|inactive|Battle timer is ON: inactive players will automatically lose when time's up. (requested by dpsicieu)\n|j| terithgamer\n|l| terithgamer\n|inactive|eru_kh has 60 seconds left.\n|inactive|dpsicieu has 60 seconds left.\n|\n|t:|1775801124\n|teamsize|p1|4\n|teamsize|p2|4\n|start\n|switch|p1a: Rillaboom|Rillaboom, L50, F, shiny|100/100\n|switch|p1b: Terapagos|Terapagos, L50, M|100/100\n|switch|p2a: Miraidon|Miraidon, L50|100/100\n|switch|p2b: Farigiraf|Farigiraf, L50, F|100/100\n|-activate|p1b: Terapagos|ability: Tera Shift\n|detailschange|p1b: Terapagos|Terapagos-Terastal, L50, M\n|-heal|p1b: Terapagos|100/100|[silent]\n|-fieldstart|move: Electric Terrain|[from] ability: Hadron Engine|[of] p2a: Miraidon\n|-enditem|p2b: Farigiraf|Electric Seed\n|-boost|p2b: Farigiraf|def|1|[from] item: Electric Seed\n|-fieldstart|move: Grassy Terrain|[from] ability: Grassy Surge|[of] p1a: Rillaboom\n|turn|1\n|\n|t:|1775801131\n|move|p2a: Miraidon|Volt Switch|p1b: Terapagos\n|-activate|p1b: Terapagos|ability: Tera Shell\n|-resisted|p1b: Terapagos\n|-damage|p1b: Terapagos|83/100\n|\n|t:|1775801135\n|switch|p2a: Calyrex|Calyrex-Ice, L50|100/100|[from] Volt Switch\n|-ability|p2a: Calyrex|As One\n|-ability|p2a: Calyrex|Unnerve\n|move|p1b: Terapagos|Calm Mind|p1b: Terapagos\n|-boost|p1b: Terapagos|spa|1\n|-boost|p1b: Terapagos|spd|1\n|move|p1a: Rillaboom|U-turn|p2b: Farigiraf\n|-supereffective|p2b: Farigiraf\n|-damage|p2b: Farigiraf|71/100\n|\n|t:|1775801140\n|switch|p1a: Incineroar|Incineroar, L50, M, shiny|100/100|[from] U-turn\n|-ability|p1a: Incineroar|Intimidate|boost\n|-fail|p2a: Calyrex|unboost|[from] item: Clear Amulet|[of] p2a: Calyrex\n|-unboost|p2b: Farigiraf|atk|1\n|move|p2b: Farigiraf|Trick Room|p2b: Farigiraf\n|-fieldstart|move: Trick Room|[of] p2b: Farigiraf\n|\n|-heal|p2b: Farigiraf|77/100|[from] Grassy Terrain\n|-heal|p1b: Terapagos|89/100|[from] Grassy Terrain\n|-heal|p1b: Terapagos|95/100|[from] item: Leftovers\n|upkeep\n|turn|2\n|\n|t:|1775801153\n|-terastallize|p2a: Calyrex|Ground\n|move|p2b: Farigiraf|Helping Hand|p2a: Calyrex\n|-singleturn|p2a: Calyrex|Helping Hand|[of] p2b: Farigiraf\n|move|p1b: Terapagos|Protect|p1b: Terapagos\n|-singleturn|p1b: Terapagos|Protect\n|move|p2a: Calyrex|High Horsepower|p1a: Incineroar\n|-supereffective|p1a: Incineroar\n|-damage|p1a: Incineroar|0 fnt\n|faint|p1a: Incineroar\n|-ability|p2a: Calyrex|Chilling Neigh|boost\n|-boost|p2a: Calyrex|atk|1\n|\n|-heal|p2b: Farigiraf|83/100|[from] Grassy Terrain\n|-heal|p1b: Terapagos|100/100|[from] Grassy Terrain\n|upkeep\n|\n|t:|1775801163\n|switch|p1a: Rillaboom|Rillaboom, L50, F, shiny|100/100\n|turn|3\n|\n|t:|1775801182\n|move|p2a: Calyrex|Glacial Lance|p1a: Rillaboom|[spread] p1a,p1b\n|-supereffective|p1a: Rillaboom\n|-activate|p1b: Terapagos|ability: Tera Shell\n|-resisted|p1b: Terapagos\n|-damage|p1a: Rillaboom|0 fnt\n|-damage|p1b: Terapagos|72/100\n|faint|p1a: Rillaboom\n|-ability|p2a: Calyrex|Chilling Neigh|boost\n|-boost|p2a: Calyrex|atk|1\n|move|p2b: Farigiraf|Psychic|p1b: Terapagos\n|-damage|p1b: Terapagos|50/100\n|move|p1b: Terapagos|Tera Starstorm|p2a: Calyrex\n|-damage|p2a: Calyrex|55/100\n|\n|-heal|p2a: Calyrex|61/100|[from] Grassy Terrain\n|-heal|p2b: Farigiraf|89/100|[from] Grassy Terrain\n|-heal|p1b: Terapagos|57/100|[from] Grassy Terrain\n|-heal|p1b: Terapagos|63/100|[from] item: Leftovers\n|upkeep\n|\n|t:|1775801195\n|switch|p1a: Calyrex|Calyrex-Shadow, L50|100/100\n|-ability|p1a: Calyrex|As One\n|-ability|p1a: Calyrex|Unnerve\n|turn|4\n|\n|t:|1775801202\n|-terastallize|p1b: Terapagos|Stellar\n|detailschange|p1b: Terapagos|Terapagos-Stellar, L50, M, tera:Stellar\n|-heal|p1b: Terapagos|72/100|[silent]\n|-ability|p1b: Terapagos|Teraform Zero\n|-fieldend|move: Grassy Terrain\n|move|p2a: Calyrex|Glacial Lance|p1a: Calyrex|[spread] p1a,p1b\n|-crit|p1a: Calyrex\n|-enditem|p1a: Calyrex|Focus Sash\n|-damage|p1a: Calyrex|1/100\n|-damage|p1b: Terapagos|15/100\n|move|p2b: Farigiraf|Foul Play|p1a: Calyrex\n|-supereffective|p1a: Calyrex\n|-damage|p1a: Calyrex|0 fnt\n|faint|p1a: Calyrex\n|move|p1b: Terapagos|Tera Starstorm|p2a: Calyrex|[spread] p2a,p2b\n|-supereffective|p2a: Calyrex\n|-crit|p2b: Farigiraf\n|-damage|p2a: Calyrex|0 fnt\n|-damage|p2b: Farigiraf|35/100\n|faint|p2a: Calyrex\n|\n|-heal|p1b: Terapagos|22/100|[from] item: Leftovers\n|upkeep\n|\n|t:|1775801215\n|switch|p2a: Iron Hands|Iron Hands, L50|100/100\n|turn|5\n|\n|t:|1775801219\n|switch|p2b: Miraidon|Miraidon, L50|100/100\n|-fieldstart|move: Electric Terrain|[from] ability: Hadron Engine|[of] p2b: Miraidon\n|-activate|p2a: Iron Hands|ability: Quark Drive\n|-start|p2a: Iron Hands|quarkdriveatk\n|move|p1b: Terapagos|Protect|p1b: Terapagos\n|-singleturn|p1b: Terapagos|Protect\n|move|p2a: Iron Hands|Low Kick|p1b: Terapagos\n|-activate|p1b: Terapagos|move: Protect\n|\n|-heal|p1b: Terapagos|28/100|[from] item: Leftovers\n|-fieldend|move: Trick Room\n|upkeep\n|turn|6\n|-message|eru_kh forfeited.\n|\n|win|dpsicieu\n|raw|eru_kh's rating: 1509 &rarr; <strong>1494</strong><br />(-15 for losing)\n|raw|dpsicieu's rating: 1600 &rarr; <strong>1615</strong><br />(+15 for winning)\n|l|\u2606eru_kh\n|player|p1|\n|l|\u2606dpsicieu\n|player|p2|\n","uploadtime":1775801483,"views":13,"formatid":"gen9vgc2026regi","rating":1494,"private":0,"password":null}