{"id":"gen9vgc2026regi-2559263990","format":"[Gen 9] VGC 2026 Reg I","players":["I\u2764\ufe0f\u5a1c\u7984forever","Icious"],"log":"|j|\u2606I\u2764\ufe0f\u5a1c\u7984forever\n|j|\u2606Icious\n|t:|1773539312\n|gametype|doubles\n|player|p1|I\u2764\ufe0f\u5a1c\u7984forever|youngcouple-gen4dp|1354\n|player|p2|Icious|170|1454\n|gen|9\n|tier|[Gen 9] VGC 2026 Reg I\n|rated|\n|rule|Species Clause: Limit one of each Pok\u00e9mon\n|rule|Item Clause: Limit 1 of each item\n|clearpoke\n|poke|p1|Groudon, L50|\n|poke|p1|Kyurem-White, L50|\n|poke|p1|Heatran, L50, F|\n|poke|p1|Whimsicott, L50, M|\n|poke|p1|Roaring Moon, L50|\n|poke|p1|Ditto, L50|\n|poke|p2|Amoonguss, L50, F|\n|poke|p2|Calyrex-Ice, L50|\n|poke|p2|Kyogre, L50|\n|poke|p2|Grimmsnarl, L50, M|\n|poke|p2|Flutter Mane, L50|\n|poke|p2|Basculegion, L50, M|\n|teampreview|4\n|\n|t:|1773539329\n|teamsize|p1|4\n|teamsize|p2|4\n|start\n|switch|p1a: Kyurem|Kyurem-White, L50|100/100\n|switch|p1b: Heatran|Heatran, L50, F|100/100\n|switch|p2a: Calyrex|Calyrex-Ice, L50|100/100\n|switch|p2b: Grimmsnarl|Grimmsnarl, L50, M|100/100\n|-ability|p2a: Calyrex|As One\n|-ability|p2a: Calyrex|Unnerve\n|-ability|p1a: Kyurem|Turboblaze\n|turn|1\n|inactive|Battle timer is ON: inactive players will automatically lose when time's up. (requested by Icious)\n|\n|t:|1773539359\n|-terastallize|p2a: Calyrex|Fairy\n|move|p2b: Grimmsnarl|Light Screen|p2b: Grimmsnarl\n|-sidestart|p2: Icious|move: Light Screen\n|move|p1a: Kyurem|Blizzard|p2b: Grimmsnarl|[spread] p2a,p2b\n|-damage|p2a: Calyrex|76/100\n|-damage|p2b: Grimmsnarl|65/100\n|move|p1b: Heatran|Substitute|p1b: Heatran\n|-start|p1b: Heatran|Substitute\n|-damage|p1b: Heatran|76/100\n|move|p2a: Calyrex|Glacial Lance|p1a: Kyurem|[spread] p1a,p1b\n|-resisted|p1b: Heatran\n|-activate|p1b: Heatran|move: Substitute|[damage]\n|-damage|p1a: Kyurem|58/100\n|\n|-heal|p1b: Heatran|82/100|[from] item: Leftovers\n|-heal|p2a: Calyrex|82/100|[from] item: Leftovers\n|upkeep\n|turn|2\n|\n|t:|1773539379\n|move|p1a: Kyurem|Blizzard|p2a: Calyrex|[spread] p2a,p2b\n|-damage|p2a: Calyrex|60/100\n|-damage|p2b: Grimmsnarl|30/100\n|move|p1b: Heatran|Heat Wave|p2a: Calyrex|[spread] p2a\n|-miss|p1b: Heatran|p2b: Grimmsnarl\n|-damage|p2a: Calyrex|45/100\n|move|p2b: Grimmsnarl|Spirit Break|p1a: Kyurem\n|-supereffective|p1a: Kyurem\n|-damage|p1a: Kyurem|5/100\n|-unboost|p1a: Kyurem|spa|1\n|move|p2a: Calyrex|Glacial Lance|p1a: Kyurem|[spread] p1a,p1b\n|-resisted|p1b: Heatran\n|-activate|p1b: Heatran|move: Substitute|[damage]\n|-damage|p1a: Kyurem|0 fnt\n|faint|p1a: Kyurem\n|-ability|p2a: Calyrex|Chilling Neigh|boost\n|-boost|p2a: Calyrex|atk|1\n|\n|-heal|p1b: Heatran|88/100|[from] item: Leftovers\n|-heal|p2a: Calyrex|51/100|[from] item: Leftovers\n|upkeep\n|\n|t:|1773539393\n|switch|p1a: Groudon|Groudon, L50|100/100\n|-weather|SunnyDay|[from] ability: Drought|[of] p1a: Groudon\n|turn|3\n|\n|t:|1773539398\n|move|p2a: Calyrex|Protect|p2a: Calyrex\n|-singleturn|p2a: Calyrex|Protect\n|move|p2b: Grimmsnarl|Reflect|p2b: Grimmsnarl\n|-sidestart|p2: Icious|Reflect\n|move|p1a: Groudon|Iron Head|p2a: Calyrex\n|-activate|p2a: Calyrex|move: Protect\n|move|p1b: Heatran|Heat Wave|p2b: Grimmsnarl|[spread] p2b\n|-activate|p2a: Calyrex|move: Protect\n|-damage|p2b: Grimmsnarl|0 fnt\n|faint|p2b: Grimmsnarl\n|\n|-weather|SunnyDay|[upkeep]\n|-heal|p1b: Heatran|94/100|[from] item: Leftovers\n|-heal|p2a: Calyrex|57/100|[from] item: Leftovers\n|upkeep\n|\n|t:|1773539408\n|switch|p2b: Kyogre|Kyogre, L50|100/100\n|-weather|RainDance|[from] ability: Drizzle|[of] p2b: Kyogre\n|turn|4\n|\n|t:|1773539417\n|-terastallize|p1a: Groudon|Water\n|move|p2b: Kyogre|Water Spout|p1a: Groudon|[spread] p1a,p1b\n|-supereffective|p1b: Heatran\n|-end|p1b: Heatran|Substitute\n|-resisted|p1a: Groudon\n|-damage|p1a: Groudon|61/100\n|move|p1a: Groudon|Iron Head|p2a: Calyrex\n|-supereffective|p2a: Calyrex\n|-damage|p2a: Calyrex|35/100\n|move|p1b: Heatran|Earth Power|p2a: Calyrex\n|-damage|p2a: Calyrex|24/100\n|move|p2a: Calyrex|Glacial Lance|p1b: Heatran|[spread] p1a,p1b\n|-resisted|p1a: Groudon\n|-resisted|p1b: Heatran\n|-damage|p1a: Groudon|38/100\n|-damage|p1b: Heatran|79/100\n|\n|-weather|RainDance|[upkeep]\n|-heal|p1b: Heatran|85/100|[from] item: Leftovers\n|-heal|p2a: Calyrex|29/100|[from] item: Leftovers\n|upkeep\n|turn|5\n|\n|t:|1773539441\n|move|p1b: Heatran|Protect|p1b: Heatran\n|-singleturn|p1b: Heatran|Protect\n|move|p2a: Calyrex|Protect|p2a: Calyrex\n|-singleturn|p2a: Calyrex|Protect\n|move|p2b: Kyogre|Water Spout|p1a: Groudon|[spread] p1a\n|-activate|p1b: Heatran|move: Protect\n|-resisted|p1a: Groudon\n|-damage|p1a: Groudon|0 fnt\n|faint|p1a: Groudon\n|\n|-weather|RainDance|[upkeep]\n|-heal|p1b: Heatran|91/100|[from] item: Leftovers\n|-heal|p2a: Calyrex|35/100|[from] item: Leftovers\n|upkeep\n|\n|t:|1773539451\n|switch|p1a: Ditto|Ditto, L50|100/100\n|-transform|p1a: Ditto|p2b: Kyogre|[from] ability: Imposter\n|turn|6\n|\n|t:|1773539462\n|move|p2b: Kyogre|Water Spout|p1b: Heatran|[spread] p1a,p1b\n|-resisted|p1a: Ditto\n|-supereffective|p1b: Heatran\n|-damage|p1a: Ditto|45/100\n|-damage|p1b: Heatran|0 fnt\n|faint|p1b: Heatran\n|move|p1a: Ditto|Water Spout|p2b: Kyogre|[spread] p2a,p2b\n|-resisted|p2b: Kyogre\n|-damage|p2a: Calyrex|15/100\n|-damage|p2b: Kyogre|89/100\n|move|p2a: Calyrex|Glacial Lance|p1a: Ditto\n|-resisted|p1a: Ditto\n|-damage|p1a: Ditto|0 fnt\n|faint|p1a: Ditto\n|\n|win|Icious\n|raw|I\u2764\ufe0f\u5a1c\u7984forever's rating: 1354 &rarr; <strong>1340</strong><br />(-14 for losing)\n|raw|Icious's rating: 1454 &rarr; <strong>1468</strong><br />(+14 for winning)\n|l|\u2606I\u2764\ufe0f\u5a1c\u7984forever\n|player|p1|\n|l|\u2606Icious\n|player|p2|\n","uploadtime":1773539619,"views":11,"formatid":"gen9vgc2026regi","rating":1340,"private":0,"password":null}