{"id":"gen9vgc2026regi-2559451944","format":"[Gen 9] VGC 2026 Reg I","players":["fogdocker","Itienotshoelaces"],"log":"|j|\u2606fogdocker\n|j|\u2606Itienotshoelaces\n|t:|1773569964\n|gametype|doubles\n|player|p1|fogdocker|169|1404\n|player|p2|Itienotshoelaces|hiker-gen4|1403\n|gen|9\n|tier|[Gen 9] VGC 2026 Reg I\n|rated|\n|rule|Species Clause: Limit one of each Pok\u00e9mon\n|rule|Item Clause: Limit 1 of each item\n|clearpoke\n|poke|p1|Calyrex-Ice, L50|\n|poke|p1|Koraidon, L50|\n|poke|p1|Flutter Mane, L50|\n|poke|p1|Incineroar, L50, F|\n|poke|p1|Rillaboom, L50, F|\n|poke|p1|Annihilape, L50, F|\n|poke|p2|Calyrex-Shadow, L50|\n|poke|p2|Zamazenta-*, L50|\n|poke|p2|Incineroar, L50, M|\n|poke|p2|Rillaboom, L50, F|\n|poke|p2|Ogerpon-Hearthflame, L50, F|\n|poke|p2|Raging Bolt, L50|\n|teampreview|4\n|inactive|Battle timer is ON: inactive players will automatically lose when time's up. (requested by fogdocker)\n|\n|t:|1773569987\n|teamsize|p1|4\n|teamsize|p2|4\n|start\n|switch|p1a: Annihilape|Annihilape, L50, F|100/100\n|switch|p1b: Flutter Mane|Flutter Mane, L50|100/100\n|switch|p2a: Calyrex|Calyrex-Shadow, L50|100/100\n|switch|p2b: Ogerpon|Ogerpon-Hearthflame, L50, F|100/100\n|-ability|p2a: Calyrex|As One\n|-ability|p2a: Calyrex|Unnerve\n|-ability|p2b: Ogerpon|Mold Breaker\n|turn|1\n|inactive|fogdocker has 30 seconds left.\n|inactive|fogdocker has 20 seconds left.\n|\n|t:|1773570022\n|move|p2b: Ogerpon|Follow Me|p2b: Ogerpon\n|-singleturn|p2b: Ogerpon|move: Follow Me\n|move|p1a: Annihilape|U-turn|p2b: Ogerpon\n|-damage|p2b: Ogerpon|80/100\n|\n|t:|1773570026\n|switch|p1a: Incineroar|Incineroar, L50, F|100/100|[from] U-turn\n|-ability|p1a: Incineroar|Intimidate|boost\n|-unboost|p2a: Calyrex|atk|1\n|-unboost|p2b: Ogerpon|atk|1\n|move|p2a: Calyrex|Astral Barrage|p1b: Flutter Mane|[spread] p1a,p1b\n|-resisted|p1a: Incineroar\n|-supereffective|p1b: Flutter Mane\n|-damage|p1a: Incineroar|73/100\n|-enditem|p1b: Flutter Mane|Focus Sash\n|-damage|p1b: Flutter Mane|1/100\n|-damage|p2a: Calyrex|91/100|[from] item: Life Orb\n|move|p1b: Flutter Mane|Shadow Ball|p2b: Ogerpon\n|-damage|p2b: Ogerpon|40/100\n|\n|upkeep\n|turn|2\n|inactive|Itienotshoelaces has 30 seconds left.\n|\n|t:|1773570055\n|switch|p2a: Incineroar|Incineroar, L50, M|100/100\n|-ability|p2a: Incineroar|Intimidate|boost\n|-unboost|p1a: Incineroar|atk|1\n|-unboost|p1b: Flutter Mane|atk|1\n|-terastallize|p1b: Flutter Mane|Normal\n|move|p2b: Ogerpon|Spiky Shield|p2b: Ogerpon\n|-singleturn|p2b: Ogerpon|move: Protect\n|move|p1b: Flutter Mane|Shadow Ball|p2b: Ogerpon\n|-activate|p2b: Ogerpon|move: Protect\n|move|p1a: Incineroar|Knock Off|p2a: Incineroar\n|-resisted|p2a: Incineroar\n|-damage|p2a: Incineroar|92/100\n|-enditem|p2a: Incineroar|Safety Goggles|[from] move: Knock Off|[of] p1a: Incineroar\n|\n|upkeep\n|turn|3\n|\n|t:|1773570079\n|switch|p2b: Zamazenta|Zamazenta-Crowned, L50|100/100\n|-ability|p2b: Zamazenta|Dauntless Shield|boost\n|-boost|p2b: Zamazenta|def|1\n|move|p1b: Flutter Mane|Protect|p1b: Flutter Mane\n|-singleturn|p1b: Flutter Mane|Protect\n|move|p2a: Incineroar|Fake Out|p1a: Incineroar\n|-damage|p1a: Incineroar|64/100\n|cant|p1a: Incineroar|flinch\n|\n|upkeep\n|turn|4\n|\n|t:|1773570094\n|-end|p1b: Flutter Mane|Protosynthesis|[silent]\n|switch|p1b: Annihilape|Annihilape, L50, F|100/100\n|move|p2b: Zamazenta|Body Press|p1b: Annihilape\n|-immune|p1b: Annihilape\n|move|p2a: Incineroar|Knock Off|p1b: Annihilape\n|-damage|p1b: Annihilape|63/100\n|-enditem|p1b: Annihilape|Choice Scarf|[from] move: Knock Off|[of] p2a: Incineroar\n|move|p1a: Incineroar|Parting Shot|p2b: Zamazenta\n|-unboost|p2b: Zamazenta|atk|1\n|-unboost|p2b: Zamazenta|spa|1\n|\n|t:|1773570104\n|switch|p1a: Koraidon|Koraidon, L50|100/100|[from] Parting Shot\n|-weather|SunnyDay|[from] ability: Orichalcum Pulse|[of] p1a: Koraidon\n|-activate|p1a: Koraidon|Orichalcum Pulse|[source]\n|\n|-weather|SunnyDay|[upkeep]\n|upkeep\n|turn|5\n|\n|t:|1773570120\n|switch|p2a: Ogerpon|Ogerpon-Hearthflame, L50, F|40/100\n|-ability|p2a: Ogerpon|Mold Breaker\n|move|p1a: Koraidon|Flame Charge|p2b: Zamazenta\n|-supereffective|p2b: Zamazenta\n|-damage|p2b: Zamazenta|64/100\n|-boost|p1a: Koraidon|spe|1\n|-damage|p1a: Koraidon|91/100|[from] item: Life Orb\n|move|p2b: Zamazenta|Body Press|p1a: Koraidon\n|-damage|p1a: Koraidon|25/100\n|move|p1b: Annihilape|Close Combat|p2a: Ogerpon\n|-damage|p2a: Ogerpon|0 fnt\n|-unboost|p1b: Annihilape|def|1\n|-unboost|p1b: Annihilape|spd|1\n|faint|p2a: Ogerpon\n|\n|-weather|SunnyDay|[upkeep]\n|upkeep\n|\n|t:|1773570127\n|switch|p2a: Incineroar|Incineroar, L50, M|92/100\n|-ability|p2a: Incineroar|Intimidate|boost\n|-unboost|p1a: Koraidon|atk|1\n|-unboost|p1b: Annihilape|atk|1\n|-ability|p1b: Annihilape|Defiant|boost\n|-boost|p1b: Annihilape|atk|2\n|turn|6\n|\n|t:|1773570139\n|move|p2a: Incineroar|Helping Hand|p2b: Zamazenta\n|-singleturn|p2b: Zamazenta|Helping Hand|[of] p2a: Incineroar\n|move|p1a: Koraidon|Protect|p1a: Koraidon\n|-singleturn|p1a: Koraidon|Protect\n|move|p2b: Zamazenta|Heavy Slam|p1b: Annihilape\n|-damage|p1b: Annihilape|0 fnt\n|faint|p1b: Annihilape\n|\n|-weather|SunnyDay|[upkeep]\n|upkeep\n|inactive|fogdocker has 30 seconds left.\n|\n|t:|1773570164\n|switch|p1b: Incineroar|Incineroar, L50, F|64/100\n|-ability|p1b: Incineroar|Intimidate|boost\n|-unboost|p2a: Incineroar|atk|1\n|-unboost|p2b: Zamazenta|atk|1\n|turn|7\n|\n|t:|1773570178\n|switch|p2a: Calyrex|Calyrex-Shadow, L50|91/100\n|-ability|p2a: Calyrex|As One\n|-ability|p2a: Calyrex|Unnerve\n|move|p1a: Koraidon|Close Combat|p2b: Zamazenta\n|-supereffective|p2b: Zamazenta\n|-damage|p2b: Zamazenta|11/100\n|-unboost|p1a: Koraidon|def|1\n|-unboost|p1a: Koraidon|spd|1\n|-damage|p1a: Koraidon|15/100|[from] item: Life Orb\n|move|p2b: Zamazenta|Body Press|p1b: Incineroar\n|-supereffective|p1b: Incineroar\n|-damage|p1b: Incineroar|0 fnt\n|faint|p1b: Incineroar\n|\n|-weather|SunnyDay|[upkeep]\n|upkeep\n|\n|t:|1773570192\n|switch|p1b: Flutter Mane|Flutter Mane, L50, tera:Normal|1/100\n|-activate|p1b: Flutter Mane|ability: Protosynthesis\n|-start|p1b: Flutter Mane|protosynthesisspe\n|turn|8\n|inactive|fogdocker has 30 seconds left.\n|inactive|fogdocker has 20 seconds left.\n|inactive|fogdocker has 15 seconds left.\n|inactive|fogdocker has 10 seconds left.\n|inactive|fogdocker has 5 seconds left.\n|\n|t:|1773570244\n|move|p2a: Calyrex|Protect|p2a: Calyrex\n|-singleturn|p2a: Calyrex|Protect\n|move|p2b: Zamazenta|Protect|p2b: Zamazenta\n|-singleturn|p2b: Zamazenta|Protect\n|move|p1a: Koraidon|Flame Charge|p2b: Zamazenta\n|-activate|p2b: Zamazenta|move: Protect\n|move|p1b: Flutter Mane|Shadow Ball|p2a: Calyrex\n|-activate|p2a: Calyrex|move: Protect\n|\n|-weather|none\n|-end|p1b: Flutter Mane|Protosynthesis\n|upkeep\n|turn|9\n|\n|t:|1773570266\n|move|p1b: Flutter Mane|Protect|p1b: Flutter Mane\n|-singleturn|p1b: Flutter Mane|Protect\n|move|p1a: Koraidon|Flame Charge|p2b: Zamazenta\n|-supereffective|p2b: Zamazenta\n|-damage|p2b: Zamazenta|0 fnt\n|-boost|p1a: Koraidon|spe|1\n|faint|p2b: Zamazenta\n|-damage|p1a: Koraidon|6/100|[from] item: Life Orb\n|move|p2a: Calyrex|Psychic|p1b: Flutter Mane\n|-activate|p1b: Flutter Mane|move: Protect\n|\n|upkeep\n|\n|t:|1773570277\n|switch|p2b: Incineroar|Incineroar, L50, M|92/100\n|-ability|p2b: Incineroar|Intimidate|boost\n|-unboost|p1a: Koraidon|atk|1\n|-unboost|p1b: Flutter Mane|atk|1\n|turn|10\n|\n|t:|1773570295\n|move|p1a: Koraidon|Protect|p1a: Koraidon\n|-singleturn|p1a: Koraidon|Protect\n|move|p1b: Flutter Mane|Protect|p1b: Flutter Mane\n|-singleturn|p1b: Flutter Mane|Protect\n|move|p2b: Incineroar|Fake Out|p1a: Koraidon\n|-activate|p1a: Koraidon|move: Protect\n|move|p2a: Calyrex|Psychic|p1b: Flutter Mane\n|-activate|p1b: Flutter Mane|move: Protect\n|\n|upkeep\n|turn|11\n|\n|t:|1773570310\n|-terastallize|p2b: Incineroar|Ghost\n|move|p1a: Koraidon|Close Combat|p2b: Incineroar\n|-immune|p2b: Incineroar\n|move|p2a: Calyrex|Psychic|p1b: Flutter Mane\n|-crit|p1b: Flutter Mane\n|-damage|p1b: Flutter Mane|0 fnt\n|faint|p1b: Flutter Mane\n|-end|p1b: Flutter Mane|Protosynthesis|[silent]\n|-ability|p2a: Calyrex|Grim Neigh|boost\n|-boost|p2a: Calyrex|spa|1\n|-damage|p2a: Calyrex|81/100|[from] item: Life Orb\n|move|p2b: Incineroar|Knock Off|p1a: Koraidon\n|-resisted|p1a: Koraidon\n|-crit|p1a: Koraidon\n|-damage|p1a: Koraidon|0 fnt\n|-enditem|p1a: Koraidon|Life Orb|[from] move: Knock Off|[of] p2b: Incineroar\n|faint|p1a: Koraidon\n|\n|win|Itienotshoelaces\n|raw|fogdocker's rating: 1404 &rarr; <strong>1384</strong><br />(-20 for losing)\n|raw|Itienotshoelaces's rating: 1403 &rarr; <strong>1423</strong><br />(+20 for winning)\n|l|\u2606Itienotshoelaces\n|player|p2|\n","uploadtime":1773570570,"views":12,"formatid":"gen9vgc2026regi","rating":1384,"private":0,"password":null}