{"id":"gen9vgc2026regi-2569919609","format":"[Gen 9] VGC 2026 Reg I","players":["newlifecicle","terafireflareblitz"],"log":"|j|\u2606newlifecicle\n|j|\u2606terafireflareblitz\n|t:|1774746089\n|gametype|doubles\n|player|p1|newlifecicle|veteran|1587\n|player|p2|terafireflareblitz|sycamore|1653\n|gen|9\n|tier|[Gen 9] VGC 2026 Reg I\n|rated|\n|rule|Species Clause: Limit one of each Pok\u00e9mon\n|rule|Item Clause: Limit 1 of each item\n|clearpoke\n|poke|p1|Calyrex-Shadow, L50|\n|poke|p1|Zamazenta-*, L50|\n|poke|p1|Chien-Pao, L50|\n|poke|p1|Dragonite, L50, M|\n|poke|p1|Raging Bolt, L50|\n|poke|p1|Amoonguss, L50, M|\n|poke|p2|Koraidon, L50|\n|poke|p2|Lunala, L50|\n|poke|p2|Indeedee-F, L50, F|\n|poke|p2|Flutter Mane, L50|\n|poke|p2|Volcarona, L50, F|\n|poke|p2|Ursaluna, L50, F|\n|teampreview|4\n|inactive|Battle timer is ON: inactive players will automatically lose when time's up. (requested by terafireflareblitz)\n|inactive|newlifecicle also wants the timer to be on.\n|\n|t:|1774746111\n|teamsize|p1|4\n|teamsize|p2|4\n|start\n|switch|p1a: PinkPonyClub|Calyrex-Shadow, L50|100/100\n|switch|p1b: protec|Zamazenta-Crowned, L50|100/100\n|switch|p2a: Lunala|Lunala, L50, shiny|100/100\n|switch|p2b: Indeedee|Indeedee-F, L50, F|100/100\n|-ability|p1a: PinkPonyClub|As One\n|-ability|p1a: PinkPonyClub|Unnerve\n|-ability|p1b: protec|Dauntless Shield|boost\n|-boost|p1b: protec|def|1\n|-fieldstart|move: Psychic Terrain|[from] ability: Psychic Surge|[of] p2b: Indeedee\n|turn|1\n|\n|t:|1774746124\n|switch|p2b: Volcarona|Volcarona, L50, F|100/100\n|move|p1a: PinkPonyClub|Psychic|p2b: Volcarona\n|-damage|p2b: Volcarona|40/100\n|move|p1b: protec|Body Press|p2b: Volcarona\n|-resisted|p2b: Volcarona\n|-damage|p2b: Volcarona|4/100\n|-damage|p1b: protec|84/100|[from] item: Rocky Helmet|[of] p2b: Volcarona\n|move|p2a: Lunala|Moongeist Beam|p1a: PinkPonyClub\n|-supereffective|p1a: PinkPonyClub\n|-enditem|p1a: PinkPonyClub|Focus Sash\n|-damage|p1a: PinkPonyClub|1/100\n|\n|upkeep\n|turn|2\n|\n|t:|1774746146\n|-terastallize|p2a: Lunala|Water\n|move|p1a: PinkPonyClub|Psychic|p2b: Volcarona\n|-damage|p2b: Volcarona|0 fnt\n|faint|p2b: Volcarona\n|-ability|p1a: PinkPonyClub|Grim Neigh|boost\n|-boost|p1a: PinkPonyClub|spa|1\n|move|p1b: protec|Heavy Slam|p2a: Lunala\n|-resisted|p2a: Lunala\n|-damage|p2a: Lunala|90/100\n|move|p2a: Lunala|Expanding Force|p1a: PinkPonyClub|[spread] p1a,p1b\n|-resisted|p1a: PinkPonyClub\n|-damage|p1a: PinkPonyClub|0 fnt\n|-damage|p1b: protec|43/100\n|faint|p1a: PinkPonyClub\n|\n|upkeep\n|\n|t:|1774746153\n|switch|p1a: Raging Bolt|Raging Bolt, L50|100/100\n|switch|p2b: Koraidon|Koraidon, L50, shiny|100/100\n|-weather|SunnyDay|[from] ability: Orichalcum Pulse|[of] p2b: Koraidon\n|-activate|p1a: Raging Bolt|ability: Protosynthesis\n|-start|p1a: Raging Bolt|protosynthesisspa\n|-activate|p2b: Koraidon|Orichalcum Pulse|[source]\n|turn|3\n|\n|t:|1774746174\n|move|p2b: Koraidon|Close Combat|p1a: Raging Bolt\n|-damage|p1a: Raging Bolt|14/100\n|-unboost|p2b: Koraidon|def|1\n|-unboost|p2b: Koraidon|spd|1\n|-damage|p2b: Koraidon|91/100|[from] item: Life Orb\n|move|p1b: protec|Body Press|p2b: Koraidon\n|-damage|p2b: Koraidon|0 fnt\n|faint|p2b: Koraidon\n|move|p2a: Lunala|Meteor Beam||[still]\n|-prepare|p2a: Lunala|Meteor Beam\n|-boost|p2a: Lunala|spa|1\n|-enditem|p2a: Lunala|Power Herb\n|-anim|p2a: Lunala|Meteor Beam|p1a: Raging Bolt\n|-damage|p1a: Raging Bolt|0 fnt\n|faint|p1a: Raging Bolt\n|-end|p1a: Raging Bolt|Protosynthesis|[silent]\n|\n|-weather|SunnyDay|[upkeep]\n|upkeep\n|\n|t:|1774746186\n|switch|p2b: Indeedee|Indeedee-F, L50, F|100/100\n|switch|p1a: Verizon|Amoonguss, L50, M|100/100\n|turn|4\n|\n|t:|1774746197\n|move|p1b: protec|Wide Guard|p1b: protec\n|-singleturn|p1b: protec|Wide Guard\n|move|p2b: Indeedee|Follow Me|p2b: Indeedee\n|-singleturn|p2b: Indeedee|move: Follow Me\n|move|p2a: Lunala|Moongeist Beam|p1b: protec\n|-damage|p1b: protec|0 fnt\n|faint|p1b: protec\n|move|p1a: Verizon|Spore|p2b: Indeedee\n|-activate|p2b: Indeedee|item: Safety Goggles|Spore\n|\n|-weather|SunnyDay|[upkeep]\n|upkeep\n|turn|5\n|-message|newlifecicle forfeited.\n|\n|win|terafireflareblitz\n|raw|newlifecicle's rating: 1587 &rarr; <strong>1571</strong><br />(-16 for losing)\n|raw|terafireflareblitz's rating: 1653 &rarr; <strong>1669</strong><br />(+16 for winning)\n|l|\u2606newlifecicle\n|player|p1|\n|l|\u2606terafireflareblitz\n|player|p2|\n","uploadtime":1774746205,"views":18,"formatid":"gen9vgc2026regi","rating":1571,"private":0,"password":null}