{"id":"gen9vgc2026regi-2531262451","format":"[Gen 9] VGC 2026 Reg I","players":["CHR1SPHX","tbyong"],"log":"|j|\u2606CHR1SPHX\n|j|\u2606tbyong\n|t:|1770039548\n|gametype|doubles\n|player|p1|CHR1SPHX|265|1327\n|player|p2|tbyong|iris-gen5bw2|1316\n|gen|9\n|tier|[Gen 9] VGC 2026 Reg I\n|rated|\n|rule|Species Clause: Limit one of each Pok\u00e9mon\n|rule|Item Clause: Limit 1 of each item\n|clearpoke\n|poke|p1|Incineroar, L50, M|\n|poke|p1|Koraidon, L50|\n|poke|p1|Flutter Mane, L50|\n|poke|p1|Brute Bonnet, L50|\n|poke|p1|Indeedee-F, L50, F|\n|poke|p1|Calyrex-Ice, L50|\n|poke|p2|Calyrex-Ice, L50|\n|poke|p2|Lunala, L50|\n|poke|p2|Indeedee-F, L50, F|\n|poke|p2|Urshifu-*, L50, M|\n|poke|p2|Raging Bolt, L50|\n|poke|p2|Torkoal, L50, M|\n|teampreview|4\n|inactive|Battle timer is ON: inactive players will automatically lose when time's up. (requested by CHR1SPHX)\n|\n|t:|1770039570\n|teamsize|p1|4\n|teamsize|p2|4\n|start\n|switch|p1a: Flutter Mane|Flutter Mane, L50|100/100\n|switch|p1b: Koraidon|Koraidon, L50|100/100\n|switch|p2a: Lunala|Lunala, L50|100/100\n|switch|p2b: Calyrex|Calyrex-Ice, L50|100/100\n|-ability|p2b: Calyrex|As One\n|-ability|p2b: Calyrex|Unnerve\n|-weather|SunnyDay|[from] ability: Orichalcum Pulse|[of] p1b: Koraidon\n|-activate|p1a: Flutter Mane|ability: Protosynthesis\n|-start|p1a: Flutter Mane|protosynthesisspe\n|-activate|p1b: Koraidon|Orichalcum Pulse|[source]\n|turn|1\n|inactive|tbyong has 30 seconds left.\n|\n|t:|1770039603\n|-terastallize|p2b: Calyrex|Fire\n|move|p1a: Flutter Mane|Shadow Ball|p2a: Lunala\n|-supereffective|p2a: Lunala\n|-damage|p2a: Lunala|37/100\n|move|p1b: Koraidon|Flame Charge|p2b: Calyrex\n|-resisted|p2b: Calyrex\n|-damage|p2b: Calyrex|90/100\n|-boost|p1b: Koraidon|spe|1\n|move|p2a: Lunala|Meteor Beam||[still]\n|-prepare|p2a: Lunala|Meteor Beam\n|-boost|p2a: Lunala|spa|1\n|-enditem|p2a: Lunala|Power Herb\n|-anim|p2a: Lunala|Meteor Beam|p1b: Koraidon\n|-resisted|p1b: Koraidon\n|-damage|p1b: Koraidon|78/100\n|move|p2b: Calyrex|Trick Room|p2b: Calyrex\n|-fieldstart|move: Trick Room|[of] p2b: Calyrex\n|\n|-weather|SunnyDay|[upkeep]\n|upkeep\n|turn|2\n|inactive|CHR1SPHX has 30 seconds left.\n|\n|t:|1770039632\n|-terastallize|p1b: Koraidon|Fire\n|move|p2b: Calyrex|Glacial Lance|p1b: Koraidon|[spread] p1a,p1b\n|-resisted|p1b: Koraidon\n|-enditem|p1a: Flutter Mane|Focus Sash\n|-damage|p1a: Flutter Mane|1/100\n|-damage|p1b: Koraidon|57/100\n|move|p2a: Lunala|Moongeist Beam|p1a: Flutter Mane\n|-supereffective|p1a: Flutter Mane\n|-damage|p1a: Flutter Mane|0 fnt\n|faint|p1a: Flutter Mane\n|-end|p1a: Flutter Mane|Protosynthesis|[silent]\n|move|p1b: Koraidon|Breaking Swipe|p2b: Calyrex|[spread] p2a,p2b\n|-damage|p2a: Lunala|13/100\n|-damage|p2b: Calyrex|71/100\n|-unboost|p2a: Lunala|atk|1\n|-unboost|p2b: Calyrex|atk|1\n|\n|-weather|SunnyDay|[upkeep]\n|upkeep\n|j| lunala fairy ghost\n|\n|t:|1770039649\n|switch|p1a: Brute Bonnet|Brute Bonnet, L50, shiny|100/100\n|-activate|p1a: Brute Bonnet|ability: Protosynthesis\n|-start|p1a: Brute Bonnet|protosynthesisdef\n|turn|3\n|\n|t:|1770039660\n|move|p2b: Calyrex|Swords Dance|p2b: Calyrex\n|-boost|p2b: Calyrex|atk|2\n|move|p1a: Brute Bonnet|Spore|p2b: Calyrex\n|-activate|p2b: Calyrex|item: Safety Goggles|Spore\n|move|p2a: Lunala|Moongeist Beam|p1b: Koraidon\n|-damage|p1b: Koraidon|6/100\n|move|p1b: Koraidon|Breaking Swipe|p2b: Calyrex|[spread] p2a,p2b\n|-damage|p2a: Lunala|0 fnt\n|-damage|p2b: Calyrex|54/100\n|-unboost|p2b: Calyrex|atk|1\n|faint|p2a: Lunala\n|\n|-weather|SunnyDay|[upkeep]\n|upkeep\n|\n|t:|1770039678\n|switch|p2a: Indeedee|Indeedee-F, L50, F|100/100\n|-fieldstart|move: Psychic Terrain|[from] ability: Psychic Surge|[of] p2a: Indeedee\n|-enditem|p2a: Indeedee|Psychic Seed\n|-boost|p2a: Indeedee|spd|1|[from] item: Psychic Seed\n|turn|4\n|inactive|tbyong has 30 seconds left.\n|\n|t:|1770039706\n|switch|p1b: Indeedee|Indeedee-F, L50, F|100/100\n|move|p2b: Calyrex|Swords Dance|p2b: Calyrex\n|-boost|p2b: Calyrex|atk|2\n|move|p1a: Brute Bonnet|Lash Out|p2b: Calyrex\n|-damage|p2b: Calyrex|35/100\n|move|p2a: Indeedee|Alluring Voice|p1b: Indeedee\n|-damage|p1b: Indeedee|84/100\n|\n|-weather|SunnyDay|[upkeep]\n|upkeep\n|turn|5\n|inactive|CHR1SPHX has 30 seconds left.\n|\n|t:|1770039739\n|move|p1b: Indeedee|Follow Me|p1b: Indeedee\n|-singleturn|p1b: Indeedee|move: Follow Me\n|move|p2a: Indeedee|Follow Me|p2a: Indeedee\n|-singleturn|p2a: Indeedee|move: Follow Me\n|move|p2b: Calyrex|Glacial Lance|p1b: Indeedee|[spread] p1a,p1b\n|-supereffective|p1a: Brute Bonnet\n|-damage|p1a: Brute Bonnet|0 fnt\n|-damage|p1b: Indeedee|0 fnt\n|faint|p1a: Brute Bonnet\n|-end|p1a: Brute Bonnet|Protosynthesis|[silent]\n|faint|p1b: Indeedee\n|-ability|p2b: Calyrex|Chilling Neigh|boost\n|-boost|p2b: Calyrex|atk|2\n|\n|-weather|none\n|-fieldend|move: Trick Room\n|upkeep\n|\n|t:|1770039748\n|switch|p1b: Koraidon|Koraidon, L50, tera:Fire|6/100\n|-weather|SunnyDay|[from] ability: Orichalcum Pulse|[of] p1b: Koraidon\n|-activate|p1b: Koraidon|Orichalcum Pulse|[source]\n|turn|6\n|\n|t:|1770039753\n|move|p2a: Indeedee|Follow Me|p2a: Indeedee\n|-singleturn|p2a: Indeedee|move: Follow Me\n|move|p1b: Koraidon|Breaking Swipe|p2a: Indeedee|[spread] p2a,p2b\n|-damage|p2a: Indeedee|72/100\n|-damage|p2b: Calyrex|17/100\n|-unboost|p2a: Indeedee|atk|1\n|-unboost|p2b: Calyrex|atk|1\n|move|p2b: Calyrex|Glacial Lance|p1b: Koraidon\n|-resisted|p1b: Koraidon\n|-damage|p1b: Koraidon|0 fnt\n|faint|p1b: Koraidon\n|\n|win|tbyong\n|raw|CHR1SPHX's rating: 1327 &rarr; <strong>1306</strong><br />(-21 for losing)\n|raw|tbyong's rating: 1316 &rarr; <strong>1337</strong><br />(+21 for winning)\n|l|\u2606CHR1SPHX\n|player|p1|\n|l|\u2606tbyong\n|player|p2|\n","uploadtime":1770039977,"views":17,"formatid":"gen9vgc2026regi","rating":1306,"private":0,"password":null}