{"id":"gen9vgc2026regi-2581858678","format":"[Gen 9] VGC 2026 Reg I","players":["yicz","tavares vgc"],"log":"|j|\u2606yicz\n|j|\u2606tavares vgc\n|t:|1776034311\n|gametype|doubles\n|player|p1|yicz|265|1561\n|player|p2|tavares vgc|ethan|1527\n|gen|9\n|tier|[Gen 9] VGC 2026 Reg I\n|rated|\n|rule|Species Clause: Limit one of each Pok\u00e9mon\n|rule|Item Clause: Limit 1 of each item\n|clearpoke\n|poke|p1|Incineroar, L50, M|\n|poke|p1|Koraidon, L50|\n|poke|p1|Rillaboom, L50, F|\n|poke|p1|Calyrex-Ice, L50|\n|poke|p1|Smeargle, L50, M|\n|poke|p1|Landorus, L50, M|\n|poke|p2|Kyogre, L50|\n|poke|p2|Tornadus, L50, M|\n|poke|p2|Miraidon, L50|\n|poke|p2|Incineroar, L50, F|\n|poke|p2|Archaludon, L50, M|\n|poke|p2|Amoonguss, L50, M|\n|teampreview|4\n|\n|t:|1776034351\n|teamsize|p1|4\n|teamsize|p2|4\n|start\n|switch|p1a: Calyrex|Calyrex-Ice, L50|100/100\n|switch|p1b: Rillaboom|Rillaboom, L50, F|100/100\n|switch|p2a: Tornadus|Tornadus, L50, M|100/100\n|switch|p2b: Miraidon|Miraidon, L50|100/100\n|-ability|p1a: Calyrex|As One\n|-ability|p1a: Calyrex|Unnerve\n|-fieldstart|move: Electric Terrain|[from] ability: Hadron Engine|[of] p2b: Miraidon\n|-fieldstart|move: Grassy Terrain|[from] ability: Grassy Surge|[of] p1b: Rillaboom\n|turn|1\n|inactive|Battle timer is ON: inactive players will automatically lose when time's up. (requested by yicz)\n|\n|t:|1776034373\n|switch|p2b: Incineroar|Incineroar, L50, F|100/100\n|-ability|p2b: Incineroar|Intimidate|boost\n|-unboost|p1a: Calyrex|atk|1\n|-unboost|p1b: Rillaboom|atk|1\n|move|p2a: Tornadus|Bleakwind Storm|p1b: Rillaboom|[spread] p1a,p1b\n|-supereffective|p1b: Rillaboom\n|-damage|p1a: Calyrex|77/100\n|-damage|p1b: Rillaboom|40/100\n|move|p1b: Rillaboom|U-turn|p2b: Incineroar\n|-damage|p2b: Incineroar|89/100\n|\n|t:|1776034384\n|switch|p1b: Smeargle|Smeargle, L50, M|100/100|[from] U-turn\n|move|p1a: Calyrex|Glacial Lance|p2b: Incineroar|[spread] p2a,p2b\n|-supereffective|p2a: Tornadus\n|-resisted|p2b: Incineroar\n|-enditem|p2a: Tornadus|Focus Sash\n|-damage|p2a: Tornadus|1/100\n|-damage|p2b: Incineroar|73/100\n|\n|-heal|p2b: Incineroar|79/100|[from] Grassy Terrain\n|-heal|p1a: Calyrex|83/100|[from] Grassy Terrain\n|-heal|p1a: Calyrex|89/100|[from] item: Leftovers\n|-ability|p1b: Smeargle|Moody|boost\n|-boost|p1b: Smeargle|def|2\n|-unboost|p1b: Smeargle|spe|1\n|upkeep\n|turn|2\n|inactive|tavares vgc has 30 seconds left.\n|inactive|tavares vgc has 20 seconds left.\n|inactive|tavares vgc has 15 seconds left.\n|inactive|tavares vgc has 10 seconds left.\n|\n|t:|1776034431\n|move|p1b: Smeargle|Spiky Shield|p1b: Smeargle\n|-singleturn|p1b: Smeargle|move: Protect\n|move|p1a: Calyrex|Protect|p1a: Calyrex\n|-singleturn|p1a: Calyrex|Protect\n|move|p2a: Tornadus|Bleakwind Storm|p1b: Smeargle|[spread] \n|-activate|p1a: Calyrex|move: Protect\n|-activate|p1b: Smeargle|move: Protect\n|move|p2b: Incineroar|Flare Blitz|p1b: Smeargle\n|-activate|p1b: Smeargle|move: Protect\n|-damage|p2b: Incineroar|67/100|[from] Spiky Shield|[of] p1b: Smeargle\n|\n|-heal|p2b: Incineroar|73/100|[from] Grassy Terrain\n|-heal|p1a: Calyrex|95/100|[from] Grassy Terrain\n|-heal|p1a: Calyrex|100/100|[from] item: Leftovers\n|-ability|p1b: Smeargle|Moody|boost\n|-boost|p1b: Smeargle|spa|2\n|-unboost|p1b: Smeargle|atk|1\n|upkeep\n|turn|3\n|\n|t:|1776034451\n|move|p2a: Tornadus|Bleakwind Storm|p1a: Calyrex|[spread] p1b\n|-miss|p2a: Tornadus|p1a: Calyrex\n|-damage|p1b: Smeargle|14/100\n|move|p1b: Smeargle|Spore|p2b: Incineroar\n|-status|p2b: Incineroar|slp|[from] move: Spore\n|cant|p2b: Incineroar|slp\n|move|p1a: Calyrex|Glacial Lance|p2a: Tornadus|[spread] p2a,p2b\n|-supereffective|p2a: Tornadus\n|-resisted|p2b: Incineroar\n|-damage|p2a: Tornadus|0 fnt\n|-damage|p2b: Incineroar|57/100 slp\n|faint|p2a: Tornadus\n|-ability|p1a: Calyrex|Chilling Neigh|boost\n|-boost|p1a: Calyrex|atk|1\n|\n|-heal|p1b: Smeargle|19/100|[from] Grassy Terrain\n|-heal|p2b: Incineroar|63/100 slp|[from] Grassy Terrain\n|-ability|p1b: Smeargle|Moody|boost\n|-boost|p1b: Smeargle|atk|2\n|-unboost|p1b: Smeargle|def|1\n|upkeep\n|\n|t:|1776034466\n|switch|p2a: Kyogre|Kyogre, L50|100/100\n|-weather|RainDance|[from] ability: Drizzle|[of] p2a: Kyogre\n|turn|4\n|inactive|tavares vgc has 30 seconds left.\n|\n|t:|1776034492\n|switch|p1b: Koraidon|Koraidon, L50|100/100\n|-weather|SunnyDay|[from] ability: Orichalcum Pulse|[of] p1b: Koraidon\n|-activate|p1b: Koraidon|Orichalcum Pulse|[source]\n|move|p2a: Kyogre|Ice Beam|p1b: Koraidon\n|-supereffective|p1b: Koraidon\n|-damage|p1b: Koraidon|36/100\n|cant|p2b: Incineroar|slp\n|move|p1a: Calyrex|Trick Room|p1a: Calyrex\n|-fieldstart|move: Trick Room|[of] p1a: Calyrex\n|\n|-weather|SunnyDay|[upkeep]\n|-heal|p2b: Incineroar|69/100 slp|[from] Grassy Terrain\n|-heal|p1b: Koraidon|42/100|[from] Grassy Terrain\n|upkeep\n|turn|5\n|inactive|yicz has 30 seconds left.\n|inactive|tavares vgc has 30 seconds left.\n|inactive|yicz has 20 seconds left.\n|inactive|tavares vgc has 20 seconds left.\n|inactive|yicz has 15 seconds left.\n|inactive|yicz has 10 seconds left.\n|inactive|tavares vgc has 15 seconds left.\n|inactive|yicz has 5 seconds left.\n|inactive|tavares vgc has 10 seconds left.\n|\n|t:|1776034544\n|-terastallize|p1b: Koraidon|Fire\n|move|p1a: Calyrex|Glacial Lance|p2b: Incineroar|[spread] p2a,p2b\n|-resisted|p2a: Kyogre\n|-resisted|p2b: Incineroar\n|-damage|p2a: Kyogre|73/100\n|-damage|p2b: Incineroar|45/100 slp\n|cant|p2b: Incineroar|slp\n|move|p1b: Koraidon|Collision Course|p2a: Kyogre\n|-damage|p2a: Kyogre|0 fnt\n|faint|p2a: Kyogre\n|\n|-weather|SunnyDay|[upkeep]\n|-heal|p2b: Incineroar|50/100 slp|[from] Grassy Terrain\n|-heal|p1b: Koraidon|48/100|[from] Grassy Terrain\n|-fieldend|move: Grassy Terrain\n|upkeep\n|\n|t:|1776034560\n|switch|p2a: Miraidon|Miraidon, L50|100/100\n|-fieldstart|move: Electric Terrain|[from] ability: Hadron Engine|[of] p2a: Miraidon\n|turn|6\n|\n|t:|1776034579\n|switch|p1b: Rillaboom|Rillaboom, L50, F|40/100\n|-fieldstart|move: Grassy Terrain|[from] ability: Grassy Surge|[of] p1b: Rillaboom\n|-terastallize|p2a: Miraidon|Fairy\n|move|p1a: Calyrex|Glacial Lance|p2a: Miraidon|[spread] p2a,p2b\n|-resisted|p2b: Incineroar\n|-damage|p2a: Miraidon|43/100\n|-damage|p2b: Incineroar|26/100 slp\n|-curestatus|p2b: Incineroar|slp|[msg]\n|move|p2b: Incineroar|Knock Off|p1a: Calyrex\n|-supereffective|p1a: Calyrex\n|-damage|p1a: Calyrex|50/100\n|-enditem|p1a: Calyrex|Leftovers|[from] move: Knock Off|[of] p2b: Incineroar\n|move|p2a: Miraidon|Dazzling Gleam|p1b: Rillaboom|[spread] p1a,p1b\n|-damage|p1a: Calyrex|24/100\n|-damage|p1b: Rillaboom|1/100\n|\n|-weather|SunnyDay|[upkeep]\n|-heal|p1a: Calyrex|29/100|[from] Grassy Terrain\n|-heal|p2b: Incineroar|32/100|[from] Grassy Terrain\n|-heal|p1b: Rillaboom|7/100|[from] Grassy Terrain\n|-heal|p2a: Miraidon|49/100|[from] Grassy Terrain\n|upkeep\n|turn|7\n|inactive|tavares vgc has 30 seconds left.\n|\n|t:|1776034607\n|move|p1b: Rillaboom|Fake Out|p2b: Incineroar\n|-damage|p2b: Incineroar|22/100\n|move|p1a: Calyrex|Glacial Lance|p2a: Miraidon|[spread] p2a,p2b\n|-resisted|p2b: Incineroar\n|-damage|p2a: Miraidon|0 fnt\n|-damage|p2b: Incineroar|0 fnt\n|faint|p2a: Miraidon\n|faint|p2b: Incineroar\n|\n|win|yicz\n|raw|yicz's rating: 1561 &rarr; <strong>1579</strong><br />(+18 for winning)\n|raw|tavares vgc's rating: 1527 &rarr; <strong>1509</strong><br />(-18 for losing)\n|l|\u2606tavares vgc\n|player|p2|\n|l|\u2606yicz\n|player|p1|\n","uploadtime":1776034868,"views":11,"formatid":"gen9vgc2026regi","rating":1509,"private":0,"password":null}