{"id":"gen9vgc2026regi-2548759613","format":"[Gen 9] VGC 2026 Reg I","players":["ScribbleScribble","messi-05"],"log":"|j|\u2606ScribbleScribble\n|j|\u2606messi-05\n|t:|1772252664\n|gametype|doubles\n|player|p1|ScribbleScribble|mina-lgpe|1508\n|player|p2|messi-05|2|1478\n|gen|9\n|tier|[Gen 9] VGC 2026 Reg I\n|rated|\n|rule|Species Clause: Limit one of each Pok\u00e9mon\n|rule|Item Clause: Limit 1 of each item\n|clearpoke\n|poke|p1|Calyrex-Ice, L50|\n|poke|p1|Kyogre, L50|\n|poke|p1|Tornadus, L50, M|\n|poke|p1|Indeedee-F, L50, F|\n|poke|p1|Landorus, L50, M|\n|poke|p1|Urshifu-*, L50, F|\n|poke|p2|Terapagos, L50, M|\n|poke|p2|Sinistcha, L50|\n|poke|p2|Incineroar, L50, M|\n|poke|p2|Ogerpon-Wellspring, L50, F|\n|poke|p2|Iron Treads, L50|\n|poke|p2|Miraidon, L50|\n|teampreview|4\n|inactive|Battle timer is ON: inactive players will automatically lose when time's up. (requested by messi-05)\n|inactive|ScribbleScribble also wants the timer to be on.\n|\n|t:|1772252693\n|teamsize|p1|4\n|teamsize|p2|4\n|start\n|switch|p1a: Tornadus|Tornadus, L50, M|100/100\n|switch|p1b: Landorus|Landorus, L50, M|100/100\n|switch|p2a: Terapagos|Terapagos, L50, M|100/100\n|switch|p2b: Miraidon|Miraidon, L50|100/100\n|-activate|p2a: Terapagos|ability: Tera Shift\n|detailschange|p2a: Terapagos|Terapagos-Terastal, L50, M\n|-heal|p2a: Terapagos|100/100|[silent]\n|-fieldstart|move: Electric Terrain|[from] ability: Hadron Engine|[of] p2b: Miraidon\n|-enditem|p2a: Terapagos|Electric Seed\n|-boost|p2a: Terapagos|def|1|[from] item: Electric Seed\n|turn|1\n|inactive|messi-05 has 30 seconds left.\n|inactive|ScribbleScribble has 30 seconds left.\n|inactive|messi-05 has 20 seconds left.\n|inactive|messi-05 has 15 seconds left.\n|\n|t:|1772252736\n|move|p1a: Tornadus|Taunt|p2a: Terapagos\n|-start|p2a: Terapagos|move: Taunt\n|move|p2b: Miraidon|Volt Switch|p1a: Tornadus\n|-supereffective|p1a: Tornadus\n|-enditem|p1a: Tornadus|Focus Sash\n|-damage|p1a: Tornadus|1/100\n|\n|t:|1772252751\n|switch|p2b: Ogerpon|Ogerpon-Wellspring, L50, F|100/100|[from] Volt Switch\n|move|p1b: Landorus|Sandsear Storm|p2a: Terapagos|[spread] p2a,p2b\n|-activate|p2a: Terapagos|ability: Tera Shell\n|-resisted|p2a: Terapagos\n|-resisted|p2b: Ogerpon\n|-crit|p2b: Ogerpon\n|-damage|p2a: Terapagos|74/100\n|-damage|p2b: Ogerpon|51/100\n|move|p2a: Terapagos|Tera Starstorm|p1b: Landorus\n|-damage|p1b: Landorus|37/100\n|\n|upkeep\n|turn|2\n|inactive|ScribbleScribble has 30 seconds left.\n|\n|t:|1772252778\n|-terastallize|p2a: Terapagos|Stellar\n|detailschange|p2a: Terapagos|Terapagos-Stellar, L50, M, tera:Stellar\n|-heal|p2a: Terapagos|81/100|[silent]\n|-ability|p2a: Terapagos|Teraform Zero\n|-fieldend|move: Electric Terrain\n|move|p2b: Ogerpon|Spiky Shield|p2b: Ogerpon\n|-singleturn|p2b: Ogerpon|move: Protect\n|move|p1a: Tornadus|Tailwind|p1a: Tornadus\n|-sidestart|p1: ScribbleScribble|move: Tailwind\n|move|p1b: Landorus|Sandsear Storm|p2b: Ogerpon|[spread] \n|-activate|p2b: Ogerpon|move: Protect\n|-miss|p1b: Landorus|p2a: Terapagos\n|move|p2a: Terapagos|Tera Starstorm|p1a: Tornadus|[spread] p1a,p1b\n|-damage|p1a: Tornadus|0 fnt\n|-damage|p1b: Landorus|0 fnt\n|faint|p1a: Tornadus\n|faint|p1b: Landorus\n|\n|upkeep\n|\n|t:|1772252780\n|switch|p1a: Indeedee|Indeedee-F, L50, F, shiny|100/100\n|switch|p1b: Kyogre|Kyogre, L50|100/100\n|-weather|RainDance|[from] ability: Drizzle|[of] p1b: Kyogre\n|-fieldstart|move: Psychic Terrain|[from] ability: Psychic Surge|[of] p1a: Indeedee\n|-enditem|p1a: Indeedee|Psychic Seed\n|-boost|p1a: Indeedee|spd|1|[from] item: Psychic Seed\n|turn|3\n|inactive|messi-05 has 30 seconds left.\n|inactive|messi-05 has 20 seconds left.\n|\n|t:|1772252817\n|-terastallize|p1b: Kyogre|Grass\n|move|p1a: Indeedee|Helping Hand|p1b: Kyogre\n|-singleturn|p1b: Kyogre|Helping Hand|[of] p1a: Indeedee\n|move|p1b: Kyogre|Water Spout|p2a: Terapagos|[spread] p2a\n|-heal|p2b: Ogerpon|76/100|[from] ability: Water Absorb|[of] p1b: Kyogre\n|-damage|p2a: Terapagos|0 fnt\n|faint|p2a: Terapagos\n|detailschange|p2: Terapagos|Terapagos, L50, M|[silent]\n|move|p2b: Ogerpon|Taunt|p1a: Indeedee\n|-start|p1a: Indeedee|move: Taunt\n|\n|-weather|RainDance|[upkeep]\n|upkeep\n|inactive|messi-05 has 30 seconds left.\n|\n|t:|1772252845\n|switch|p2a: Miraidon|Miraidon, L50|100/100\n|-fieldstart|move: Electric Terrain|[from] ability: Hadron Engine|[of] p2a: Miraidon\n|turn|4\n|\n|t:|1772252858\n|move|p1b: Kyogre|Thunder|p2b: Ogerpon\n|-damage|p2b: Ogerpon|22/100\n|-status|p2b: Ogerpon|par\n|move|p2a: Miraidon|Snarl|p1b: Kyogre|[spread] p1a,p1b\n|-supereffective|p1a: Indeedee\n|-damage|p1a: Indeedee|70/100\n|-damage|p1b: Kyogre|84/100\n|-unboost|p1a: Indeedee|spa|1\n|-unboost|p1b: Kyogre|spa|1\n|move|p1a: Indeedee|Psychic|p2b: Ogerpon\n|-damage|p2b: Ogerpon|2/100 par\n|move|p2b: Ogerpon|Ivy Cudgel|p1a: Indeedee|[anim] Ivy Cudgel Water\n|-crit|p1a: Indeedee\n|-damage|p1a: Indeedee|0 fnt\n|faint|p1a: Indeedee\n|\n|-weather|RainDance|[upkeep]\n|upkeep\n|turn|5\n|-message|ScribbleScribble forfeited.\n|\n|win|messi-05\n|raw|ScribbleScribble's rating: 1508 &rarr; <strong>1486</strong><br />(-22 for losing)\n|raw|messi-05's rating: 1478 &rarr; <strong>1500</strong><br />(+22 for winning)\n|l|\u2606ScribbleScribble\n|player|p1|\n|l|\u2606messi-05\n|player|p2|\n","uploadtime":1772253048,"views":20,"formatid":"gen9vgc2026regi","rating":1486,"private":0,"password":null}