{"id":"gen9vgc2026regi-2559452561","format":"[Gen 9] VGC 2026 Reg I","players":["Jonen","regiregirockrock"],"log":"|j|\u2606Jonen\n|j|\u2606regiregirockrock\n|t:|1773570082\n|gametype|doubles\n|player|p1|Jonen|hiker-gen4|1234\n|player|p2|regiregirockrock|1|1197\n|gen|9\n|tier|[Gen 9] VGC 2026 Reg I\n|rated|\n|rule|Species Clause: Limit one of each Pok\u00e9mon\n|rule|Item Clause: Limit 1 of each item\n|clearpoke\n|poke|p1|Groudon, L50|\n|poke|p1|Lunala, L50|\n|poke|p1|Sableye, L50, F|\n|poke|p1|Chi-Yu, L50|\n|poke|p1|Rillaboom, L50, F|\n|poke|p1|Jumpluff, L50, F|\n|poke|p2|Terapagos, L50, M|\n|poke|p2|Miraidon, L50|\n|poke|p2|Sinistcha, L50|\n|poke|p2|Iron Treads, L50|\n|poke|p2|Incineroar, L50, F|\n|poke|p2|Urshifu-*, L50, F|\n|teampreview|4\n|\n|t:|1773570145\n|teamsize|p1|4\n|teamsize|p2|4\n|start\n|switch|p1a: Groudon|Groudon, L50|100/100\n|switch|p1b: Jumpluff|Jumpluff, L50, F|100/100\n|switch|p2a: Terapagos|Terapagos, L50, M|100/100\n|switch|p2b: Miraidon|Miraidon, L50|100/100\n|-activate|p2a: Terapagos|ability: Tera Shift\n|detailschange|p2a: Terapagos|Terapagos-Terastal, L50, M\n|-heal|p2a: Terapagos|100/100|[silent]\n|-fieldstart|move: Electric Terrain|[from] ability: Hadron Engine|[of] p2b: Miraidon\n|-enditem|p2a: Terapagos|Electric Seed\n|-boost|p2a: Terapagos|def|1|[from] item: Electric Seed\n|-weather|SunnyDay|[from] ability: Drought|[of] p1a: Groudon\n|turn|1\n|\n|t:|1773570159\n|switch|p2b: Urshifu|Urshifu-Rapid-Strike, L50, F|100/100\n|move|p1b: Jumpluff|Tailwind|p1b: Jumpluff\n|-sidestart|p1: Jonen|move: Tailwind\n|move|p1a: Groudon|Precipice Blades|p2a: Terapagos|[spread] p2b\n|-miss|p1a: Groudon|p2a: Terapagos\n|-damage|p2b: Urshifu|17/100\n|move|p2a: Terapagos|Tera Starstorm|p1b: Jumpluff\n|-damage|p1b: Jumpluff|50/100\n|\n|-weather|SunnyDay|[upkeep]\n|upkeep\n|turn|2\n|\n|t:|1773570175\n|switch|p2b: Sinistcha|Sinistcha, L50|100/100\n|move|p1b: Jumpluff|Sleep Powder|p2a: Terapagos\n|-activate|p2a: Terapagos|move: Electric Terrain\n|move|p1a: Groudon|Precipice Blades|p2b: Sinistcha|[spread] p2a,p2b\n|-activate|p2a: Terapagos|ability: Tera Shell\n|-resisted|p2a: Terapagos\n|-resisted|p2b: Sinistcha\n|-damage|p2a: Terapagos|83/100\n|-damage|p2b: Sinistcha|66/100\n|move|p2a: Terapagos|Tera Starstorm|p1b: Jumpluff\n|-damage|p1b: Jumpluff|0 fnt\n|faint|p1b: Jumpluff\n|\n|-weather|SunnyDay|[upkeep]\n|upkeep\n|\n|t:|1773570181\n|switch|p1b: Chi-Yu|Chi-Yu, L50|100/100\n|-ability|p1b: Chi-Yu|Beads of Ruin\n|turn|3\n|\n|t:|1773570210\n|-terastallize|p2a: Terapagos|Stellar\n|detailschange|p2a: Terapagos|Terapagos-Stellar, L50, M, tera:Stellar\n|-heal|p2a: Terapagos|88/100|[silent]\n|-ability|p2a: Terapagos|Teraform Zero\n|-weather|none\n|-fieldend|move: Electric Terrain\n|move|p2b: Sinistcha|Protect|p2b: Sinistcha\n|-singleturn|p2b: Sinistcha|Protect\n|move|p1b: Chi-Yu|Heat Wave|p2b: Sinistcha|[spread] p2a\n|-activate|p2b: Sinistcha|move: Protect\n|-damage|p2a: Terapagos|53/100\n|move|p1a: Groudon|Precipice Blades|p2b: Sinistcha|[spread] p2a\n|-activate|p2b: Sinistcha|move: Protect\n|-damage|p2a: Terapagos|29/100\n|move|p2a: Terapagos|Calm Mind|p2a: Terapagos\n|-boost|p2a: Terapagos|spa|1\n|-boost|p2a: Terapagos|spd|1\n|\n|upkeep\n|turn|4\n|\n|t:|1773570228\n|switch|p2b: Urshifu|Urshifu-Rapid-Strike, L50, F|17/100\n|move|p2a: Terapagos|Protect|p2a: Terapagos\n|-singleturn|p2a: Terapagos|Protect\n|move|p1b: Chi-Yu|Heat Wave|p2b: Urshifu|[spread] p2b\n|-activate|p2a: Terapagos|move: Protect\n|-resisted|p2b: Urshifu\n|-damage|p2b: Urshifu|0 fnt\n|faint|p2b: Urshifu\n|move|p1a: Groudon|Precipice Blades|p2a: Terapagos\n|-activate|p2a: Terapagos|move: Protect\n|\n|-sideend|p1: Jonen|move: Tailwind\n|upkeep\n|\n|t:|1773570252\n|switch|p2b: Sinistcha|Sinistcha, L50|66/100\n|-heal|p2a: Terapagos|53/100|[from] ability: Hospitality|[of] p2b: Sinistcha\n|turn|5\n|\n|t:|1773570261\n|move|p2b: Sinistcha|Protect|p2b: Sinistcha\n|-singleturn|p2b: Sinistcha|Protect\n|move|p1b: Chi-Yu|Heat Wave|p2a: Terapagos|[spread] p2a\n|-activate|p2b: Sinistcha|move: Protect\n|-damage|p2a: Terapagos|29/100\n|move|p1a: Groudon|Precipice Blades|p2a: Terapagos|[spread] p2a\n|-activate|p2b: Sinistcha|move: Protect\n|-damage|p2a: Terapagos|3/100\n|move|p2a: Terapagos|Tera Starstorm|p1b: Chi-Yu|[spread] p1a,p1b\n|-crit|p1a: Groudon\n|-damage|p1a: Groudon|0 fnt\n|-damage|p1b: Chi-Yu|48/100\n|faint|p1a: Groudon\n|\n|upkeep\n|\n|t:|1773570270\n|switch|p1a: Rillaboom|Rillaboom, L50, F|100/100\n|-fieldstart|move: Grassy Terrain|[from] ability: Grassy Surge|[of] p1a: Rillaboom\n|turn|6\n|\n|t:|1773570294\n|switch|p2b: Miraidon|Miraidon, L50|100/100\n|-fieldstart|move: Electric Terrain|[from] ability: Hadron Engine|[of] p2b: Miraidon\n|move|p2a: Terapagos|Protect|p2a: Terapagos\n|-singleturn|p2a: Terapagos|Protect\n|move|p1b: Chi-Yu|Heat Wave|p2a: Terapagos|[spread] p2b\n|-activate|p2a: Terapagos|move: Protect\n|-resisted|p2b: Miraidon\n|-damage|p2b: Miraidon|84/100\n|move|p1a: Rillaboom|Wood Hammer|p2b: Miraidon\n|-resisted|p2b: Miraidon\n|-damage|p2b: Miraidon|57/100\n|-damage|p1a: Rillaboom|92/100|[from] Recoil\n|\n|upkeep\n|turn|7\n|\n|t:|1773570319\n|move|p1b: Chi-Yu|Heat Wave|p2a: Terapagos|[spread] p2a,p2b\n|-resisted|p2b: Miraidon\n|-damage|p2a: Terapagos|0 fnt\n|-damage|p2b: Miraidon|41/100\n|faint|p2a: Terapagos\n|detailschange|p2: Terapagos|Terapagos, L50, M|[silent]\n|move|p2b: Miraidon|Volt Switch|p1b: Chi-Yu\n|-damage|p1b: Chi-Yu|0 fnt\n|faint|p1b: Chi-Yu\n|\n|t:|1773570324\n|switch|p2b: Sinistcha|Sinistcha, L50|66/100|[from] Volt Switch\n|move|p1a: Rillaboom|Wood Hammer|p2b: Sinistcha\n|-resisted|p2b: Sinistcha\n|-damage|p2b: Sinistcha|42/100\n|-damage|p1a: Rillaboom|85/100|[from] Recoil\n|\n|upkeep\n|\n|t:|1773570326\n|switch|p2a: Miraidon|Miraidon, L50|41/100\n|-activate|p2a: Miraidon|ability: Hadron Engine\n|turn|8\n|c|\u2606Jonen|gg\n|-message|Jonen forfeited.\n|\n|win|regiregirockrock\n|raw|Jonen's rating: 1234 &rarr; <strong>1206</strong><br />(-28 for losing)\n|raw|regiregirockrock's rating: 1197 &rarr; <strong>1225</strong><br />(+28 for winning)\n","uploadtime":1773570330,"views":17,"formatid":"gen9vgc2026regi","rating":1206,"private":0,"password":null}