{"id":"gen9vgc2026regi-2561659928","format":"[Gen 9] VGC 2026 Reg I","players":["wasaad5","Dan20120"],"log":"|j|\u2606wasaad5\n|j|\u2606Dan20120\n|t:|1773829252\n|gametype|doubles\n|player|p1|wasaad5|blue|1201\n|player|p2|Dan20120|n|1108\n|gen|9\n|tier|[Gen 9] VGC 2026 Reg I\n|rated|\n|rule|Species Clause: Limit one of each Pok\u00e9mon\n|rule|Item Clause: Limit 1 of each item\n|clearpoke\n|poke|p1|Kyurem-White, L50|\n|poke|p1|Zacian-*, L50|\n|poke|p1|Ninetales-Alola, L50, F|\n|poke|p1|Urshifu-*, L50, M|\n|poke|p1|Amoonguss, L50, F|\n|poke|p1|Incineroar, L50, M|\n|poke|p2|Miraidon, L50|\n|poke|p2|Iron Treads, L50|\n|poke|p2|Iron Bundle, L50|\n|poke|p2|Dialga-Origin, L50|\n|poke|p2|Tornadus, L50, M|\n|poke|p2|Grimmsnarl, L50, M|\n|teampreview|4\n|inactive|Battle timer is ON: inactive players will automatically lose when time's up. (requested by Dan20120)\n|j| KenSamaa\n|inactive|Dan20120 has 60 seconds left.\n|\n|t:|1773829297\n|teamsize|p1|4\n|teamsize|p2|4\n|start\n|switch|p1a: Ninetales|Ninetales-Alola, L50, F|100/100\n|switch|p1b: Zacian|Zacian-Crowned, L50|100/100\n|switch|p2a: Dialga|Dialga-Origin, L50|100/100\n|switch|p2b: Tornadus|Tornadus, L50, M|100/100\n|-weather|Snowscape|[from] ability: Snow Warning|[of] p1a: Ninetales\n|-ability|p1b: Zacian|Intrepid Sword|boost\n|-boost|p1b: Zacian|atk|1\n|turn|1\n|l| KenSamaa\n|\n|t:|1773829316\n|-terastallize|p1b: Zacian|Ground\n|move|p2b: Tornadus|Tailwind|p2b: Tornadus\n|-sidestart|p2: Dan20120|move: Tailwind\n|move|p2a: Dialga|Flash Cannon|p1a: Ninetales\n|-supereffective|p1a: Ninetales\n|-damage|p1a: Ninetales|0 fnt\n|faint|p1a: Ninetales\n|move|p1b: Zacian|Tera Blast|p2a: Dialga|[anim] Tera Blast Ground\n|-supereffective|p2a: Dialga\n|-damage|p2a: Dialga|0 fnt\n|faint|p2a: Dialga\n|\n|-weather|Snowscape|[upkeep]\n|upkeep\n|\n|t:|1773829332\n|switch|p1a: Incineroar|Incineroar, L50, M|100/100\n|switch|p2a: Miraidon|Miraidon, L50|100/100\n|-fieldstart|move: Electric Terrain|[from] ability: Hadron Engine|[of] p2a: Miraidon\n|-item|p2a: Miraidon|Air Balloon\n|-ability|p1a: Incineroar|Intimidate|boost\n|-unboost|p2a: Miraidon|atk|1\n|-unboost|p2b: Tornadus|atk|1\n|turn|2\n|\n|t:|1773829346\n|move|p2a: Miraidon|Protect|p2a: Miraidon\n|-singleturn|p2a: Miraidon|Protect\n|move|p1a: Incineroar|Fake Out|p2a: Miraidon\n|-activate|p2a: Miraidon|move: Protect\n|move|p2b: Tornadus|Weather Ball|p1b: Zacian\n|-supereffective|p1b: Zacian\n|-damage|p1b: Zacian|50/100\n|move|p1b: Zacian|Tera Blast|p2a: Miraidon|[anim] Tera Blast Ground\n|-activate|p2a: Miraidon|move: Protect\n|\n|-weather|Snowscape|[upkeep]\n|upkeep\n|turn|3\n|inactive|Dan20120 has 30 seconds left.\n|inactive|wasaad5 has 30 seconds left.\n|\n|t:|1773829385\n|move|p1b: Zacian|Protect|p1b: Zacian\n|-singleturn|p1b: Zacian|Protect\n|move|p2a: Miraidon|Dragon Pulse|p1b: Zacian\n|-activate|p1b: Zacian|move: Protect\n|move|p2b: Tornadus|Bleakwind Storm|p1b: Zacian|[spread] p1a\n|-activate|p1b: Zacian|move: Protect\n|-damage|p1a: Incineroar|76/100\n|-unboost|p1a: Incineroar|spe|1\n|move|p1a: Incineroar|Knock Off|p2a: Miraidon\n|-damage|p2a: Miraidon|60/100\n|-enditem|p2a: Miraidon|Air Balloon\n|\n|-weather|Snowscape|[upkeep]\n|upkeep\n|turn|4\n|inactive|wasaad5 has 30 seconds left.\n|\n|t:|1773829416\n|move|p1b: Zacian|Protect||[still]\n|-fail|p1b: Zacian\n|move|p2b: Tornadus|Rain Dance|p2b: Tornadus\n|-weather|RainDance\n|move|p2a: Miraidon|Dragon Pulse|p1b: Zacian\n|-damage|p1b: Zacian|0 fnt\n|faint|p1b: Zacian\n|move|p1a: Incineroar|Parting Shot|p2a: Miraidon\n|-unboost|p2a: Miraidon|atk|1\n|-unboost|p2a: Miraidon|spa|1\n|\n|t:|1773829418\n|switch|p1a: Kyurem|Kyurem-White, L50, shiny|100/100|[from] Parting Shot\n|-ability|p1a: Kyurem|Turboblaze\n|\n|-weather|RainDance|[upkeep]\n|-sideend|p2: Dan20120|move: Tailwind\n|upkeep\n|\n|t:|1773829419\n|switch|p1b: Incineroar|Incineroar, L50, M|76/100\n|-ability|p1b: Incineroar|Intimidate|boost\n|-unboost|p2a: Miraidon|atk|1\n|-unboost|p2b: Tornadus|atk|1\n|turn|5\n|\n|t:|1773829441\n|switch|p2a: Grimmsnarl|Grimmsnarl, L50, M|100/100\n|-terastallize|p2b: Tornadus|Water\n|move|p1b: Incineroar|Fake Out|p2b: Tornadus\n|-damage|p2b: Tornadus|89/100\n|move|p1a: Kyurem|Freeze-Dry|p2a: Grimmsnarl\n|-damage|p2a: Grimmsnarl|41/100\n|move|p2b: Tornadus|Weather Ball|p1b: Incineroar\n|-supereffective|p1b: Incineroar\n|-damage|p1b: Incineroar|0 fnt\n|faint|p1b: Incineroar\n|\n|-weather|RainDance|[upkeep]\n|upkeep\n|turn|6\n|-message|wasaad5 forfeited.\n|\n|win|Dan20120\n|raw|wasaad5's rating: 1201 &rarr; <strong>1169</strong><br />(-32 for losing)\n|raw|Dan20120's rating: 1108 &rarr; <strong>1140</strong><br />(+32 for winning)\n|l|\u2606wasaad5\n|player|p1|\n|l|\u2606Dan20120\n|player|p2|\n","uploadtime":1773829840,"views":3,"formatid":"gen9vgc2026regi","rating":1140,"private":0,"password":null}