{"id":"gen9vgc2026regi-2530566771","format":"[Gen 9] VGC 2026 Reg I","players":["Galact7adi","drive G"],"log":"|j|\u2606Galact7adi\n|j|\u2606drive G\n|t:|1769940810\n|gametype|doubles\n|player|p1|Galact7adi|169|1309\n|player|p2|drive G|gardenia|1337\n|gen|9\n|tier|[Gen 9] VGC 2026 Reg I\n|rated|\n|rule|Species Clause: Limit one of each Pok\u00e9mon\n|rule|Item Clause: Limit 1 of each item\n|clearpoke\n|poke|p1|Miraidon, L50|\n|poke|p1|Lunala, L50|\n|poke|p1|Urshifu-*, L50, M|\n|poke|p1|Incineroar, L50, F|\n|poke|p1|Whimsicott, L50, F|\n|poke|p1|Ursaluna, L50, M|\n|poke|p2|Zamazenta-*, L50|\n|poke|p2|Calyrex-Shadow, L50|\n|poke|p2|Clefairy, L50, F|\n|poke|p2|Incineroar, L50, F|\n|poke|p2|Smeargle, L50, F|\n|poke|p2|Rillaboom, L50, M|\n|teampreview|4\n|inactive|Battle timer is ON: inactive players will automatically lose when time's up. (requested by Galact7adi)\n|inactive|Galact7adi has 60 seconds left.\n|\n|t:|1769940858\n|teamsize|p1|4\n|teamsize|p2|4\n|start\n|switch|p1a: Incineroar|Incineroar, L50, F|100/100\n|switch|p1b: Miraidon|Miraidon, L50|100/100\n|switch|p2a: Calyrex|Calyrex-Shadow, L50|100/100\n|switch|p2b: Rillaboom|Rillaboom, L50, M|100/100\n|-ability|p2a: Calyrex|As One\n|-ability|p2a: Calyrex|Unnerve\n|-fieldstart|move: Electric Terrain|[from] ability: Hadron Engine|[of] p1b: Miraidon\n|-fieldstart|move: Grassy Terrain|[from] ability: Grassy Surge|[of] p2b: Rillaboom\n|-ability|p1a: Incineroar|Intimidate|boost\n|-unboost|p2a: Calyrex|atk|1\n|-unboost|p2b: Rillaboom|atk|1\n|turn|1\n|\n|t:|1769940875\n|-terastallize|p2a: Calyrex|Fairy\n|move|p2a: Calyrex|Nasty Plot|p2a: Calyrex\n|-boost|p2a: Calyrex|spa|2\n|move|p1b: Miraidon|Volt Switch|p2a: Calyrex\n|-damage|p2a: Calyrex|43/100\n|\n|t:|1769940882\n|switch|p1b: Whimsicott|Whimsicott, L50, F|100/100|[from] Volt Switch\n|move|p2b: Rillaboom|U-turn|p1b: Whimsicott\n|-damage|p1b: Whimsicott|81/100\n|\n|t:|1769940886\n|switch|p2b: Clefairy|Clefairy, L50, F, shiny|100/100|[from] U-turn\n|move|p1a: Incineroar|Knock Off|p2a: Calyrex\n|-resisted|p2a: Calyrex\n|-damage|p2a: Calyrex|29/100\n|-enditem|p2a: Calyrex|Covert Cloak|[from] move: Knock Off|[of] p1a: Incineroar\n|\n|-heal|p2a: Calyrex|35/100|[from] Grassy Terrain\n|-heal|p1b: Whimsicott|87/100|[from] Grassy Terrain\n|upkeep\n|turn|2\n|\n|t:|1769940898\n|move|p2b: Clefairy|Follow Me|p2b: Clefairy\n|-singleturn|p2b: Clefairy|move: Follow Me\n|move|p1b: Whimsicott|Light Screen|p1b: Whimsicott\n|-sidestart|p1: Galact7adi|move: Light Screen\n|move|p2a: Calyrex|Draining Kiss|p1b: Whimsicott\n|-damage|p1b: Whimsicott|33/100\n|-heal|p2a: Calyrex|69/100|[from] drain|[of] p1b: Whimsicott\n|move|p1a: Incineroar|Flare Blitz|p2b: Clefairy\n|-damage|p2b: Clefairy|60/100\n|-status|p2b: Clefairy|brn\n|-damage|p1a: Incineroar|89/100|[from] Recoil\n|\n|-heal|p2a: Calyrex|75/100|[from] Grassy Terrain\n|-heal|p1b: Whimsicott|39/100|[from] Grassy Terrain\n|-heal|p1a: Incineroar|95/100|[from] Grassy Terrain\n|-heal|p2b: Clefairy|66/100 brn|[from] Grassy Terrain\n|-damage|p2b: Clefairy|60/100 brn|[from] brn\n|upkeep\n|turn|3\n|\n|t:|1769940923\n|move|p2a: Calyrex|Protect|p2a: Calyrex\n|-singleturn|p2a: Calyrex|Protect\n|move|p1b: Whimsicott|Tailwind|p1b: Whimsicott\n|-sidestart|p1: Galact7adi|move: Tailwind\n|move|p1a: Incineroar|Flare Blitz|p2b: Clefairy\n|-damage|p2b: Clefairy|24/100 brn\n|-damage|p1a: Incineroar|84/100|[from] Recoil\n|move|p2b: Clefairy|Life Dew|p2b: Clefairy|[spread] p2a,p2b\n|-heal|p2a: Calyrex|99/100\n|-heal|p2b: Clefairy|49/100 brn\n|\n|-heal|p1b: Whimsicott|45/100|[from] Grassy Terrain\n|-heal|p2a: Calyrex|100/100|[from] Grassy Terrain\n|-heal|p1a: Incineroar|90/100|[from] Grassy Terrain\n|-heal|p2b: Clefairy|55/100 brn|[from] Grassy Terrain\n|-damage|p2b: Clefairy|49/100 brn|[from] brn\n|upkeep\n|turn|4\n|\n|t:|1769940939\n|move|p2b: Clefairy|Follow Me|p2b: Clefairy\n|-singleturn|p2b: Clefairy|move: Follow Me\n|move|p1b: Whimsicott|Moonblast|p2b: Clefairy\n|-damage|p2b: Clefairy|28/100 brn\n|move|p2a: Calyrex|Astral Barrage|p1a: Incineroar|[spread] p1a,p1b\n|-resisted|p1a: Incineroar\n|-damage|p1a: Incineroar|68/100\n|-damage|p1b: Whimsicott|0 fnt\n|faint|p1b: Whimsicott\n|-ability|p2a: Calyrex|Grim Neigh|boost\n|-boost|p2a: Calyrex|spa|1\n|move|p1a: Incineroar|Flare Blitz|p2b: Clefairy\n|-damage|p2b: Clefairy|0 fnt\n|faint|p2b: Clefairy\n|-damage|p1a: Incineroar|60/100|[from] Recoil\n|\n|-heal|p1a: Incineroar|66/100|[from] Grassy Terrain\n|upkeep\n|\n|t:|1769940956\n|switch|p1b: Urshifu|Urshifu-Rapid-Strike, L50, M|100/100\n|switch|p2b: Rillaboom|Rillaboom, L50, M|100/100\n|turn|5\n|\n|t:|1769940966\n|-terastallize|p1b: Urshifu|Ghost\n|move|p2b: Rillaboom|Fake Out|p1b: Urshifu\n|-immune|p1b: Urshifu\n|move|p1b: Urshifu|Surging Strikes|p2a: Calyrex\n|-crit|p2a: Calyrex\n|-damage|p2a: Calyrex|65/100\n|-crit|p2a: Calyrex\n|-damage|p2a: Calyrex|29/100\n|-crit|p2a: Calyrex\n|-damage|p2a: Calyrex|0 fnt\n|faint|p2a: Calyrex\n|-hitcount|p2: Calyrex|3\n|move|p1a: Incineroar|Flare Blitz|p2b: Rillaboom\n|-supereffective|p2b: Rillaboom\n|-damage|p2b: Rillaboom|17/100\n|-damage|p1a: Incineroar|40/100|[from] Recoil\n|\n|-heal|p1a: Incineroar|46/100|[from] Grassy Terrain\n|-heal|p2b: Rillaboom|23/100|[from] Grassy Terrain\n|-fieldend|move: Grassy Terrain\n|upkeep\n|-message|drive G forfeited.\n|\n|win|Galact7adi\n|raw|Galact7adi's rating: 1309 &rarr; <strong>1331</strong><br />(+22 for winning)\n|raw|drive G's rating: 1337 &rarr; <strong>1315</strong><br />(-22 for losing)\n|l|\u2606drive G\n|player|p2|\n|l|\u2606Galact7adi\n|player|p1|\n","uploadtime":1769941161,"views":13,"formatid":"gen9vgc2026regi","rating":1315,"private":0,"password":null}