{"id":"gen9vgc2026regi-2570900240","format":"[Gen 9] VGC 2026 Reg I","players":["D4RKEVA","TimeforCHILLI"],"log":"|j|\u2606D4RKEVA\n|j|\u2606TimeforCHILLI\n|t:|1774866728\n|gametype|doubles\n|player|p1|D4RKEVA|170|1388\n|player|p2|TimeforCHILLI|caitlin|1281\n|gen|9\n|tier|[Gen 9] VGC 2026 Reg I\n|rated|\n|rule|Species Clause: Limit one of each Pok\u00e9mon\n|rule|Item Clause: Limit 1 of each item\n|clearpoke\n|poke|p1|Lunala, L50|\n|poke|p1|Koraidon, L50|\n|poke|p1|Flutter Mane, L50|\n|poke|p1|Brute Bonnet, L50|\n|poke|p1|Chi-Yu, L50|\n|poke|p1|Ursaluna, L50, F|\n|poke|p2|Groudon, L50|\n|poke|p2|Kyogre, L50|\n|poke|p2|Flutter Mane, L50|\n|poke|p2|Wo-Chien, L50|\n|poke|p2|Raging Bolt, L50|\n|poke|p2|Slither Wing, L50|\n|teampreview|4\n|inactive|Battle timer is ON: inactive players will automatically lose when time's up. (requested by D4RKEVA)\nD4RKEVA rejected open team sheets.\n|\n|t:|1774866757\n|teamsize|p1|4\n|teamsize|p2|4\n|start\n|switch|p1a: MoonMoon|Lunala, L50|100/100\n|switch|p1b: Brute Bonnie|Brute Bonnet, L50|100/100\n|switch|p2a: OOPARTS|Slither Wing, L50|100/100\n|switch|p2b: \u30ad\u30e3\u30f3\u30c7\u30a3\u30af\u30c3\u30ad\u30fc\u30c1\u30e7\u30b3\u30ec\u30c3\u30c8~\u2661|Flutter Mane, L50|100/100\n|turn|1\n|inactive|TimeforCHILLI has 30 seconds left.\n|inactive|TimeforCHILLI has 20 seconds left.\n|inactive|TimeforCHILLI has 15 seconds left.\n|\n|t:|1774866798\n|-terastallize|p1b: Brute Bonnie|Water\n|move|p1b: Brute Bonnie|Rage Powder|p1b: Brute Bonnie\n|-singleturn|p1b: Brute Bonnie|move: Rage Powder\n|move|p2b: \u30ad\u30e3\u30f3\u30c7\u30a3\u30af\u30c3\u30ad\u30fc\u30c1\u30e7\u30b3\u30ec\u30c3\u30c8~\u2661|Taunt|p1b: Brute Bonnie\n|-start|p1b: Brute Bonnie|move: Taunt\n|move|p2a: OOPARTS|U-turn|p1b: Brute Bonnie\n|-damage|p1b: Brute Bonnie|64/100\n|-damage|p2a: OOPARTS|91/100|[from] item: Life Orb\n|\n|t:|1774866810\n|-end|p2a: OOPARTS|Protosynthesis|[silent]\n|switch|p2a: \u3056\u3053|Kyogre, L50|100/100|[from] U-turn\n|-weather|RainDance|[from] ability: Drizzle|[of] p2a: \u3056\u3053\n|move|p1a: MoonMoon|Trick Room|p1a: MoonMoon\n|-fieldstart|move: Trick Room|[of] p1a: MoonMoon\n|\n|-weather|RainDance|[upkeep]\n|upkeep\n|turn|2\n|inactive|TimeforCHILLI has 30 seconds left.\n|inactive|TimeforCHILLI has 20 seconds left.\n|\n|t:|1774866845\n|-end|p2b: \u30ad\u30e3\u30f3\u30c7\u30a3\u30af\u30c3\u30ad\u30fc\u30c1\u30e7\u30b3\u30ec\u30c3\u30c8~\u2661|Protosynthesis|[silent]\n|switch|p2b: OOPARTS|Slither Wing, L50|91/100\n|move|p1b: Brute Bonnie|Seed Bomb|p2b: OOPARTS\n|-resisted|p2b: OOPARTS\n|-damage|p2b: OOPARTS|69/100\n|move|p2a: \u3056\u3053|Thunder|p1a: MoonMoon\n|-damage|p1a: MoonMoon|85/100\n|move|p1a: MoonMoon|Moongeist Beam|p2b: OOPARTS\n|-damage|p2b: OOPARTS|14/100\n|\n|-weather|RainDance|[upkeep]\n|upkeep\n|turn|3\n|inactive|TimeforCHILLI has 30 seconds left.\n|inactive|TimeforCHILLI has 20 seconds left.\n|\n|t:|1774866882\n|move|p2b: OOPARTS|First Impression|p1b: Brute Bonnie\n|-damage|p1b: Brute Bonnie|17/100\n|-enditem|p1b: Brute Bonnie|Sitrus Berry|[eat]\n|-heal|p1b: Brute Bonnie|42/100|[from] item: Sitrus Berry\n|-damage|p2b: OOPARTS|4/100|[from] item: Life Orb\n|move|p1b: Brute Bonnie|Seed Bomb|p2a: \u3056\u3053\n|-supereffective|p2a: \u3056\u3053\n|-damage|p2a: \u3056\u3053|48/100\n|move|p2a: \u3056\u3053|Origin Pulse|p1b: Brute Bonnie|[spread] p1b\n|-miss|p2a: \u3056\u3053|p1a: MoonMoon\n|-resisted|p1b: Brute Bonnie\n|-damage|p1b: Brute Bonnie|14/100\n|move|p1a: MoonMoon|Moongeist Beam|p2b: OOPARTS\n|-damage|p2b: OOPARTS|0 fnt\n|faint|p2b: OOPARTS\n|-end|p2b: OOPARTS|Protosynthesis|[silent]\n|\n|-weather|RainDance|[upkeep]\n|upkeep\n|\n|t:|1774866904\n|switch|p2b: \u304a\u3061\u3083\u3081\u304d\u306e\u3046|Wo-Chien, L50|100/100\n|-ability|p2b: \u304a\u3061\u3083\u3081\u304d\u306e\u3046|Tablets of Ruin\n|turn|4\n|inactive|TimeforCHILLI has 30 seconds left.\n|\n|t:|1774866931\n|-end|p1b: Brute Bonnie|Protosynthesis|[silent]\n|switch|p1b: Girl Math|Ursaluna, L50, F|100/100\n|-terastallize|p2a: \u3056\u3053|Electric\n|move|p1a: MoonMoon|Wide Guard|p1a: MoonMoon\n|-singleturn|p1a: MoonMoon|Wide Guard\n|move|p2a: \u3056\u3053|Origin Pulse|p1a: MoonMoon|[spread] \n|-activate|p1a: MoonMoon|move: Wide Guard\n|-activate|p1b: Girl Math|move: Wide Guard\n|move|p2b: \u304a\u3061\u3083\u3081\u304d\u306e\u3046|Pollen Puff|p2a: \u3056\u3053\n|-heal|p2a: \u3056\u3053|98/100\n|\n|-weather|RainDance|[upkeep]\n|-status|p1b: Girl Math|brn|[from] item: Flame Orb\n|upkeep\n|turn|5\n|inactive|D4RKEVA has 30 seconds left.\n|inactive|TimeforCHILLI has 30 seconds left.\n|\n|t:|1774866964\n|switch|p2a: \u30ad\u30e3\u30f3\u30c7\u30a3\u30af\u30c3\u30ad\u30fc\u30c1\u30e7\u30b3\u30ec\u30c3\u30c8~\u2661|Flutter Mane, L50|100/100\n|move|p2b: \u304a\u3061\u3083\u3081\u304d\u306e\u3046|Protect|p2b: \u304a\u3061\u3083\u3081\u304d\u306e\u3046\n|-singleturn|p2b: \u304a\u3061\u3083\u3081\u304d\u306e\u3046|Protect\n|move|p1a: MoonMoon|Wide Guard|p1a: MoonMoon\n|-singleturn|p1a: MoonMoon|Wide Guard\n|move|p1b: Girl Math|Headlong Rush|p2a: \u30ad\u30e3\u30f3\u30c7\u30a3\u30af\u30c3\u30ad\u30fc\u30c1\u30e7\u30b3\u30ec\u30c3\u30c8~\u2661\n|-enditem|p2a: \u30ad\u30e3\u30f3\u30c7\u30a3\u30af\u30c3\u30ad\u30fc\u30c1\u30e7\u30b3\u30ec\u30c3\u30c8~\u2661|Focus Sash\n|-damage|p2a: \u30ad\u30e3\u30f3\u30c7\u30a3\u30af\u30c3\u30ad\u30fc\u30c1\u30e7\u30b3\u30ec\u30c3\u30c8~\u2661|1/100\n|-unboost|p1b: Girl Math|def|1\n|-unboost|p1b: Girl Math|spd|1\n|\n|-weather|none\n|-damage|p1b: Girl Math|95/100 brn|[from] brn\n|-fieldend|move: Trick Room\n|upkeep\n|turn|6\n|\n|t:|1774866989\n|move|p2a: \u30ad\u30e3\u30f3\u30c7\u30a3\u30af\u30c3\u30ad\u30fc\u30c1\u30e7\u30b3\u30ec\u30c3\u30c8~\u2661|Taunt|p1a: MoonMoon\n|-start|p1a: MoonMoon|move: Taunt\n|move|p2b: \u304a\u3061\u3083\u3081\u304d\u306e\u3046|Leech Seed|p1a: MoonMoon\n|-start|p1a: MoonMoon|move: Leech Seed\n|move|p1b: Girl Math|Headlong Rush|p2a: \u30ad\u30e3\u30f3\u30c7\u30a3\u30af\u30c3\u30ad\u30fc\u30c1\u30e7\u30b3\u30ec\u30c3\u30c8~\u2661\n|-damage|p2a: \u30ad\u30e3\u30f3\u30c7\u30a3\u30af\u30c3\u30ad\u30fc\u30c1\u30e7\u30b3\u30ec\u30c3\u30c8~\u2661|0 fnt\n|-unboost|p1b: Girl Math|def|1\n|-unboost|p1b: Girl Math|spd|1\n|faint|p2a: \u30ad\u30e3\u30f3\u30c7\u30a3\u30af\u30c3\u30ad\u30fc\u30c1\u30e7\u30b3\u30ec\u30c3\u30c8~\u2661\n|-end|p2a: \u30ad\u30e3\u30f3\u30c7\u30a3\u30af\u30c3\u30ad\u30fc\u30c1\u30e7\u30b3\u30ec\u30c3\u30c8~\u2661|Protosynthesis|[silent]\n|cant|p1a: MoonMoon|move: Taunt|Trick Room\n|\n|-damage|p1a: MoonMoon|73/100|[from] Leech Seed|[of] p2b: \u304a\u3061\u3083\u3081\u304d\u306e\u3046\n|-damage|p1b: Girl Math|89/100 brn|[from] brn\n|upkeep\n|\n|t:|1774867004\n|switch|p2a: \u3056\u3053|Kyogre, L50, tera:Electric|98/100\n|-weather|RainDance|[from] ability: Drizzle|[of] p2a: \u3056\u3053\n|turn|7\n|\n|t:|1774867029\n|switch|p1a: Brute Bonnie|Brute Bonnet, L50, tera:Water|14/100\n|switch|p1b: Clydeon|Koraidon, L50|100/100\n|-weather|SunnyDay|[from] ability: Orichalcum Pulse|[of] p1b: Clydeon\n|-activate|p1a: Brute Bonnie|ability: Protosynthesis\n|-start|p1a: Brute Bonnie|protosynthesisdef\n|-activate|p1b: Clydeon|Orichalcum Pulse|[source]\n|move|p2b: \u304a\u3061\u3083\u3081\u304d\u306e\u3046|Ruination|p1b: Clydeon|[miss]\n|-miss|p2b: \u304a\u3061\u3083\u3081\u304d\u306e\u3046|p1b: Clydeon\n|move|p2a: \u3056\u3053|Ice Beam|p1b: Clydeon\n|-supereffective|p1b: Clydeon\n|-damage|p1b: Clydeon|23/100\n|\n|-weather|SunnyDay|[upkeep]\n|upkeep\n|turn|8\n|c|\u2606TimeforCHILLI|Oh missed\n|inactive|D4RKEVA has 30 seconds left.\n|inactive|TimeforCHILLI has 30 seconds left.\n|c|\u2606TimeforCHILLI|gg\n|c|\u2606TimeforCHILLI|;)\n|inactive|TimeforCHILLI has 20 seconds left.\n|inactive|TimeforCHILLI has 15 seconds left.\n|inactive|TimeforCHILLI has 10 seconds left.\n|\n|t:|1774867074\n|move|p2b: \u304a\u3061\u3083\u3081\u304d\u306e\u3046|Protect|p2b: \u304a\u3061\u3083\u3081\u304d\u306e\u3046\n|-singleturn|p2b: \u304a\u3061\u3083\u3081\u304d\u306e\u3046|Protect\n|move|p1a: Brute Bonnie|Rage Powder|p1a: Brute Bonnie\n|-singleturn|p1a: Brute Bonnie|move: Rage Powder\n|move|p1b: Clydeon|Close Combat|p2b: \u304a\u3061\u3083\u3081\u304d\u306e\u3046\n|-activate|p2b: \u304a\u3061\u3083\u3081\u304d\u306e\u3046|move: Protect\n|move|p2a: \u3056\u3053|Origin Pulse|p1b: Clydeon|[spread] p1a\n|-miss|p2a: \u3056\u3053|p1b: Clydeon\n|-resisted|p1a: Brute Bonnie\n|-damage|p1a: Brute Bonnie|6/100\n|\n|-weather|SunnyDay|[upkeep]\n|upkeep\n|turn|9\n|c|\u2606D4RKEVA|it wouldnt kill\n|c|\u2606D4RKEVA|just half the hp\n|c|\u2606D4RKEVA|no?\n|c|\u2606D4RKEVA|ah no wait\n|inactive|D4RKEVA has 30 seconds left.\n|c|\u2606D4RKEVA|it wouldve gone before\n|inactive|D4RKEVA has 20 seconds left.\n|inactive|D4RKEVA has 15 seconds left.\n|\n|t:|1774867115\n|move|p2b: \u304a\u3061\u3083\u3081\u304d\u306e\u3046|Protect||[still]\n|-fail|p2b: \u304a\u3061\u3083\u3081\u304d\u306e\u3046\n|move|p1a: Brute Bonnie|Rage Powder|p1a: Brute Bonnie\n|-singleturn|p1a: Brute Bonnie|move: Rage Powder\n|move|p1b: Clydeon|Flare Blitz|p2b: \u304a\u3061\u3083\u3081\u304d\u306e\u3046\n|-supereffective|p2b: \u304a\u3061\u3083\u3081\u304d\u306e\u3046\n|-damage|p2b: \u304a\u3061\u3083\u3081\u304d\u306e\u3046|0 fnt\n|faint|p2b: \u304a\u3061\u3083\u3081\u304d\u306e\u3046\n|-damage|p1b: Clydeon|0 fnt|[from] Recoil\n|faint|p1b: Clydeon\n|move|p2a: \u3056\u3053|Origin Pulse|p1a: Brute Bonnie\n|-resisted|p1a: Brute Bonnie\n|-damage|p1a: Brute Bonnie|0 fnt\n|faint|p1a: Brute Bonnie\n|-end|p1a: Brute Bonnie|Protosynthesis|[silent]\n|\n|-weather|SunnyDay|[upkeep]\n|upkeep\n|\n|t:|1774867123\n|switch|p1b: Girl Math|Ursaluna, L50, F|89/100 brn\n|switch|p1a: MoonMoon|Lunala, L50|73/100\n|turn|10\n|c|\u2606TimeforCHILLI|Yeah now it\u2019s gg\n|inactive|TimeforCHILLI has 30 seconds left.\n|\n|t:|1774867152\n|move|p1a: MoonMoon|Meteor Beam||[still]\n|-prepare|p1a: MoonMoon|Meteor Beam\n|-boost|p1a: MoonMoon|spa|1\n|-enditem|p1a: MoonMoon|Power Herb\n|-anim|p1a: MoonMoon|Meteor Beam|p2a: \u3056\u3053|[miss]\n|-miss|p1a: MoonMoon|p2a: \u3056\u3053\n|move|p2a: \u3056\u3053|Origin Pulse|p1b: Girl Math|[spread] p1a,p1b\n|-crit|p1a: MoonMoon\n|-supereffective|p1b: Girl Math\n|-damage|p1a: MoonMoon|45/100\n|-damage|p1b: Girl Math|48/100 brn\n|move|p1b: Girl Math|Headlong Rush|p2a: \u3056\u3053\n|-supereffective|p2a: \u3056\u3053\n|-damage|p2a: \u3056\u3053|0 fnt\n|-unboost|p1b: Girl Math|def|1\n|-unboost|p1b: Girl Math|spd|1\n|faint|p2a: \u3056\u3053\n|\n|win|D4RKEVA\n|raw|D4RKEVA's rating: 1388 &rarr; <strong>1402</strong><br />(+14 for winning)\n|raw|TimeforCHILLI's rating: 1281 &rarr; <strong>1263</strong><br />(-18 for losing)\n|l|\u2606D4RKEVA\n|player|p1|\n","uploadtime":1774867173,"views":20,"formatid":"gen9vgc2026regi","rating":1263,"private":0,"password":null}