{"id":"gen9vgc2026regi-2515954992","format":"[Gen 9] VGC 2026 Reg I","players":["cookbayz","Cello L."],"log":"|j|\u2606cookbayz\n|j|\u2606Cello L.\n|t:|1768064650\n|gametype|doubles\n|player|p1|cookbayz|dancer|1194\n|player|p2|Cello L.|cynthia-gen4|1365\n|gen|9\n|tier|[Gen 9] VGC 2026 Reg I\n|rated|\n|rule|Species Clause: Limit one of each Pok\u00e9mon\n|rule|Item Clause: Limit 1 of each item\n|clearpoke\n|poke|p1|Eternatus, L50|\n|poke|p1|Calyrex-Shadow, L50|\n|poke|p1|Grimmsnarl, L50, M|\n|poke|p1|Ting-Lu, L50|\n|poke|p1|Rillaboom, L50, F|\n|poke|p1|Volcarona, L50, F|\n|poke|p2|Calyrex-Shadow, L50|\n|poke|p2|Zamazenta-*, L50|\n|poke|p2|Raging Bolt, L50|\n|poke|p2|Clefairy, L50, F|\n|poke|p2|Rillaboom, L50, M|\n|poke|p2|Incineroar, L50, M|\n|teampreview|4\n|inactive|Battle timer is ON: inactive players will automatically lose when time's up. (requested by cookbayz)\n|inactive|cookbayz has 60 seconds left.\n|\n|t:|1768064698\n|teamsize|p1|4\n|teamsize|p2|4\n|start\n|switch|p1a: Eternatus|Eternatus, L50|100/100\n|switch|p1b: Grimmsnarl|Grimmsnarl, L50, M|100/100\n|switch|p2a: Calyrex|Calyrex-Shadow, L50|100/100\n|switch|p2b: Clefairy|Clefairy, L50, F|100/100\n|-ability|p2a: Calyrex|As One\n|-ability|p2a: Calyrex|Unnerve\n|-ability|p1a: Eternatus|Pressure\n|turn|1\n|inactive|cookbayz has 30 seconds left.\n|\n|t:|1768064732\n|move|p1b: Grimmsnarl|Thunder Wave|p2a: Calyrex\n|-status|p2a: Calyrex|par\n|move|p1a: Eternatus|Cosmic Power|p1a: Eternatus\n|-boost|p1a: Eternatus|def|1\n|-boost|p1a: Eternatus|spd|1\n|move|p2a: Calyrex|Nasty Plot|p2a: Calyrex\n|-boost|p2a: Calyrex|spa|2\n|move|p2b: Clefairy|Encore|p1a: Eternatus\n|-start|p1a: Eternatus|Encore\n|\n|upkeep\n|turn|2\n|j| Therazer456\n|\n|t:|1768064751\n|move|p1b: Grimmsnarl|Parting Shot|p2a: Calyrex\n|-unboost|p2a: Calyrex|atk|1\n|-unboost|p2a: Calyrex|spa|1\n|\n|t:|1768064756\n|switch|p1b: Ting-Lu|Ting-Lu, L50|100/100|[from] Parting Shot\n|-ability|p1b: Ting-Lu|Vessel of Ruin\n|move|p1a: Eternatus|Cosmic Power|p1a: Eternatus\n|-boost|p1a: Eternatus|def|1\n|-boost|p1a: Eternatus|spd|1\n|move|p2a: Calyrex|Nasty Plot|p2a: Calyrex\n|-boost|p2a: Calyrex|spa|2\n|move|p2b: Clefairy|Icy Wind|p1b: Ting-Lu|[spread] p1a,p1b\n|-supereffective|p1a: Eternatus\n|-supereffective|p1b: Ting-Lu\n|-damage|p1a: Eternatus|98/100\n|-damage|p1b: Ting-Lu|93/100\n|-unboost|p1a: Eternatus|spe|1\n|-unboost|p1b: Ting-Lu|spe|1\n|\n|-heal|p1a: Eternatus|100/100|[from] item: Leftovers\n|upkeep\n|turn|3\n|\n|t:|1768064775\n|move|p2b: Clefairy|Follow Me|p2b: Clefairy\n|-singleturn|p2b: Clefairy|move: Follow Me\n|move|p2a: Calyrex|Nasty Plot|p2a: Calyrex\n|-boost|p2a: Calyrex|spa|2\n|move|p1a: Eternatus|Cosmic Power|p1a: Eternatus\n|-boost|p1a: Eternatus|def|1\n|-boost|p1a: Eternatus|spd|1\n|move|p1b: Ting-Lu|Whirlwind|p2b: Clefairy\n|drag|p2b: Zamazenta|Zamazenta-Crowned, L50|100/100\n|-ability|p2b: Zamazenta|Dauntless Shield|boost\n|-boost|p2b: Zamazenta|def|1\n|\n|upkeep\n|turn|4\n|inactive|Cello L. has 30 seconds left.\n|\n|t:|1768064804\n|move|p2b: Zamazenta|Body Press|p1b: Ting-Lu\n|-supereffective|p1b: Ting-Lu\n|-damage|p1b: Ting-Lu|30/100\n|-damage|p2b: Zamazenta|84/100|[from] item: Rocky Helmet|[of] p1b: Ting-Lu\n|cant|p2a: Calyrex|par\n|move|p1a: Eternatus|Cosmic Power|p1a: Eternatus\n|-boost|p1a: Eternatus|def|1\n|-boost|p1a: Eternatus|spd|1\n|move|p1b: Ting-Lu|Whirlwind|p2a: Calyrex\n|drag|p2a: Clefairy|Clefairy, L50, F|100/100\n|\n|-end|p1a: Eternatus|Encore\n|upkeep\n|turn|5\n|\n|t:|1768064825\n|switch|p1b: Grimmsnarl|Grimmsnarl, L50, M|100/100\n|move|p2b: Zamazenta|Body Press|p1b: Grimmsnarl\n|-damage|p1b: Grimmsnarl|34/100\n|move|p1a: Eternatus|Toxic Spikes|p2b: Zamazenta\n|-sidestart|p2: Cello L.|move: Toxic Spikes\n|move|p2a: Clefairy|Encore|p1a: Eternatus\n|-start|p1a: Eternatus|Encore\n|\n|upkeep\n|turn|6\n|\n|t:|1768064850\n|move|p2a: Clefairy|Follow Me|p2a: Clefairy\n|-singleturn|p2a: Clefairy|move: Follow Me\n|move|p1b: Grimmsnarl|Thunder Wave|p2a: Clefairy\n|-status|p2a: Clefairy|par\n|move|p2b: Zamazenta|Body Press|p1b: Grimmsnarl\n|-damage|p1b: Grimmsnarl|0 fnt\n|faint|p1b: Grimmsnarl\n|move|p1a: Eternatus|Toxic Spikes|p2a: Clefairy\n|-sidestart|p2: Cello L.|move: Toxic Spikes\n|\n|upkeep\n|\n|t:|1768064856\n|switch|p1b: Ting-Lu|Ting-Lu, L50|30/100\n|-ability|p1b: Ting-Lu|Vessel of Ruin\n|turn|7\n|inactive|Cello L. has 30 seconds left.\n|inactive|Cello L. has 20 seconds left.\n|inactive|Cello L. has 15 seconds left.\n|\n|t:|1768064899\n|switch|p1b: Calyrex|Calyrex-Shadow, L50|100/100\n|-ability|p1b: Calyrex|As One\n|-ability|p1b: Calyrex|Unnerve\n|move|p2b: Zamazenta|Body Press|p1b: Calyrex\n|-immune|p1b: Calyrex\n|move|p1a: Eternatus|Toxic Spikes||[still]\n|-fail|p1a: Eternatus\n|move|p2a: Clefairy|Icy Wind|p1a: Eternatus|[spread] p1a,p1b\n|-supereffective|p1a: Eternatus\n|-crit|p1a: Eternatus\n|-damage|p1a: Eternatus|88/100\n|-damage|p1b: Calyrex|94/100\n|-unboost|p1a: Eternatus|spe|1\n|-unboost|p1b: Calyrex|spe|1\n|\n|-heal|p1a: Eternatus|94/100|[from] item: Leftovers\n|upkeep\n|turn|8\n|inactive|cookbayz has 30 seconds left.\n|inactive|Cello L. has 30 seconds left.\n|inactive|cookbayz has 20 seconds left.\n|inactive|Cello L. has 20 seconds left.\n|inactive|Cello L. has 15 seconds left.\n|inactive|Cello L. has 10 seconds left.\n|\n|t:|1768064946\n|move|p2a: Clefairy|Protect|p2a: Clefairy\n|-singleturn|p2a: Clefairy|Protect\n|move|p2b: Zamazenta|Heavy Slam|p1b: Calyrex\n|-damage|p1b: Calyrex|30/100\n|move|p1b: Calyrex|Astral Barrage|p2b: Zamazenta|[spread] p2b\n|-activate|p2a: Clefairy|move: Protect\n|-damage|p2b: Zamazenta|54/100\n|move|p1a: Eternatus|Toxic Spikes||[still]\n|-fail|p1a: Eternatus\n|\n|-heal|p1a: Eternatus|100/100|[from] item: Leftovers\n|-end|p1a: Eternatus|Encore\n|upkeep\n|turn|9\n|inactive|Cello L. has 30 seconds left.\n|inactive|Cello L. has 20 seconds left.\n|inactive|Cello L. has 15 seconds left.\n|\n|t:|1768064988\n|switch|p1b: Ting-Lu|Ting-Lu, L50|30/100\n|-ability|p1b: Ting-Lu|Vessel of Ruin\n|move|p2b: Zamazenta|Heavy Slam|p1b: Ting-Lu\n|-damage|p1b: Ting-Lu|21/100\n|-damage|p2b: Zamazenta|38/100|[from] item: Rocky Helmet|[of] p1b: Ting-Lu\n|move|p1a: Eternatus|Dynamax Cannon|p2b: Zamazenta\n|-resisted|p2b: Zamazenta\n|-damage|p2b: Zamazenta|28/100\n|move|p2a: Clefairy|Encore||[still]\n|-fail|p2a: Clefairy\n|\n|upkeep\n|turn|10\n|inactive|Cello L. has 30 seconds left.\n|inactive|Cello L. has 20 seconds left.\n|inactive|Cello L. has 15 seconds left.\n|inactive|Cello L. has 10 seconds left.\n|\n|t:|1768065040\n|move|p2a: Clefairy|Follow Me|p2a: Clefairy\n|-singleturn|p2a: Clefairy|move: Follow Me\n|move|p2b: Zamazenta|Body Press|p1b: Ting-Lu\n|-supereffective|p1b: Ting-Lu\n|-damage|p1b: Ting-Lu|0 fnt\n|-damage|p2b: Zamazenta|11/100|[from] item: Rocky Helmet|[of] p1b: Ting-Lu\n|faint|p1b: Ting-Lu\n|move|p1a: Eternatus|Dynamax Cannon|p2a: Clefairy\n|-immune|p2a: Clefairy\n|\n|upkeep\n|\n|t:|1768065047\n|switch|p1b: Calyrex|Calyrex-Shadow, L50|30/100\n|-ability|p1b: Calyrex|As One\n|-ability|p1b: Calyrex|Unnerve\n|turn|11\n|\n|t:|1768065061\n|move|p1b: Calyrex|Protect|p1b: Calyrex\n|-singleturn|p1b: Calyrex|Protect\n|move|p2b: Zamazenta|Protect|p2b: Zamazenta\n|-singleturn|p2b: Zamazenta|Protect\n|move|p1a: Eternatus|Dynamax Cannon|p2b: Zamazenta\n|-activate|p2b: Zamazenta|move: Protect\n|cant|p2a: Clefairy|par\n|\n|upkeep\n|turn|12\n|\n|t:|1768065074\n|move|p2b: Zamazenta|Wide Guard|p2b: Zamazenta\n|-singleturn|p2b: Zamazenta|Wide Guard\n|move|p1b: Calyrex|Psychic|p2a: Clefairy\n|-damage|p2a: Clefairy|47/100 par\n|move|p1a: Eternatus|Dynamax Cannon|p2b: Zamazenta\n|-resisted|p2b: Zamazenta\n|-damage|p2b: Zamazenta|0 fnt\n|faint|p2b: Zamazenta\n|cant|p2a: Clefairy|par\n|\n|upkeep\n|l| Therazer456\n|inactive|Cello L. has 30 seconds left.\n|inactive|Cello L. has 20 seconds left.\n|inactive|Cello L. has 15 seconds left.\n|inactive|Cello L. has 10 seconds left.\n|inactive|Cello L. has 5 seconds left.\n|\n|t:|1768065125\n|switch|p2b: Calyrex|Calyrex-Shadow, L50|100/100 par\n|-ability|p2b: Calyrex|As One\n|-ability|p2b: Calyrex|Unnerve\n|turn|13\n|inactive|Cello L. has 30 seconds left.\n|inactive|Cello L. has 20 seconds left.\n|inactive|Cello L. has 15 seconds left.\n|inactive|Cello L. has 10 seconds left.\n|\n|t:|1768065174\n|-terastallize|p1b: Calyrex|Stellar\n|-terastallize|p2b: Calyrex|Dark\n|move|p2a: Clefairy|Protect|p2a: Clefairy\n|-singleturn|p2a: Clefairy|Protect\n|move|p1b: Calyrex|Astral Barrage|p2a: Clefairy|[spread] p2b\n|-activate|p2a: Clefairy|move: Protect\n|-resisted|p2b: Calyrex\n|-damage|p2b: Calyrex|72/100 par\n|move|p2b: Calyrex|Astral Barrage|p1b: Calyrex|[spread] p1a,p1b\n|-supereffective|p1b: Calyrex\n|-damage|p1a: Eternatus|88/100\n|-damage|p1b: Calyrex|0 fnt\n|faint|p1b: Calyrex\n|-ability|p2b: Calyrex|Grim Neigh|boost\n|-boost|p2b: Calyrex|spa|1\n|-damage|p2b: Calyrex|62/100 par|[from] item: Life Orb\n|move|p1a: Eternatus|Dynamax Cannon|p2b: Calyrex\n|-damage|p2b: Calyrex|28/100 par\n|\n|-heal|p1a: Eternatus|94/100|[from] item: Leftovers\n|upkeep\n|turn|14\n|inactive|Cello L. has 20 seconds left this turn.\n|inactive|Cello L. has 15 seconds left.\n|inactive|Cello L. has 10 seconds left.\n|inactive|Cello L. has 5 seconds left.\n|inactive|cookbayz has 30 seconds left.\n|\n|t:|1768065206\n|cant|p2a: Clefairy|par\n|cant|p2b: Calyrex|par\n|move|p1a: Eternatus|Dynamax Cannon|p2b: Calyrex\n|-damage|p2b: Calyrex|0 fnt\n|faint|p2b: Calyrex\n|\n|-heal|p1a: Eternatus|99/100|[from] item: Leftovers\n|upkeep\n|inactive|Cello L. has 5 seconds left this turn.\n|-message|Cello L. lost due to inactivity.\n|\n|win|cookbayz\n|raw|cookbayz's rating: 1194 &rarr; <strong>1230</strong><br />(+36 for winning)\n|raw|Cello L.'s rating: 1365 &rarr; <strong>1336</strong><br />(-29 for losing)\n|l|\u2606cookbayz\n|player|p1|\n|l|\u2606Cello L.\n|player|p2|\n","uploadtime":1768065368,"views":7,"formatid":"gen9vgc2026regi","rating":1230,"private":0,"password":null}