{"id":"gen9vgc2026regi-2588629819","format":"[Gen 9] VGC 2026 Reg I","players":["u lost da game","clessvgc"],"log":"|j|\u2606u lost da game\n|j|\u2606clessvgc\n|t:|1776651772\n|gametype|doubles\n|player|p1|u lost da game|265|1398\n|player|p2|clessvgc|proton|1409\n|gen|9\n|tier|[Gen 9] VGC 2026 Reg I\n|rated|\n|rule|Species Clause: Limit one of each Pok\u00e9mon\n|rule|Item Clause: Limit 1 of each item\n|clearpoke\n|poke|p1|Miraidon, L50|\n|poke|p1|Ursaluna, L50, M|\n|poke|p1|Ho-Oh, L50|\n|poke|p1|Incineroar, L50, F|\n|poke|p1|Flutter Mane, L50|\n|poke|p1|Cresselia, L50, F|\n|poke|p2|Landorus-Therian, L50, M|\n|poke|p2|Calyrex-Shadow, L50|\n|poke|p2|Iron Moth, L50|\n|poke|p2|Tornadus, L50, M|\n|poke|p2|Tinkaton, L50, F|\n|poke|p2|Kyogre, L50|\n|teampreview|4\n|inactive|Battle timer is ON: inactive players will automatically lose when time's up. (requested by clessvgc)\n|\n|t:|1776651787\n|teamsize|p1|4\n|teamsize|p2|4\n|start\n|switch|p1a: Flutter Mane|Flutter Mane, L50|100/100\n|switch|p1b: Miraidon|Miraidon, L50|100/100\n|switch|p2a: Tinkaton|Tinkaton, L50, F|100/100\n|switch|p2b: Kyogre|Kyogre, L50|100/100\n|-fieldstart|move: Electric Terrain|[from] ability: Hadron Engine|[of] p1b: Miraidon\n|-weather|RainDance|[from] ability: Drizzle|[of] p2b: Kyogre\n|-ability|p2a: Tinkaton|Mold Breaker\n|turn|1\n|\n|t:|1776651793\n|switch|p1b: Cresselia|Cresselia, L50, F|100/100\n|move|p2a: Tinkaton|Fake Out|p1b: Cresselia\n|-damage|p1b: Cresselia|96/100\n|move|p1a: Flutter Mane|Icy Wind|p2b: Kyogre|[spread] p2a,p2b\n|-resisted|p2a: Tinkaton\n|-resisted|p2b: Kyogre\n|-damage|p2a: Tinkaton|97/100\n|-damage|p2b: Kyogre|95/100\n|-unboost|p2a: Tinkaton|spe|1\n|-unboost|p2b: Kyogre|spe|1\n|move|p2b: Kyogre|Origin Pulse|p1b: Cresselia|[spread] p1a,p1b\n|-damage|p1a: Flutter Mane|13/100\n|-damage|p1b: Cresselia|53/100\n|\n|-weather|RainDance|[upkeep]\n|upkeep\n|turn|2\n|\n|t:|1776651805\n|move|p1a: Flutter Mane|Moonblast|p2b: Kyogre\n|-damage|p2b: Kyogre|54/100\n|-unboost|p2b: Kyogre|spa|1\n|move|p2b: Kyogre|Origin Pulse|p1a: Flutter Mane|[spread] p1a,p1b\n|-damage|p1a: Flutter Mane|0 fnt\n|-damage|p1b: Cresselia|23/100\n|-enditem|p1b: Cresselia|Sitrus Berry|[eat]\n|-heal|p1b: Cresselia|47/100|[from] item: Sitrus Berry\n|faint|p1a: Flutter Mane\n|-end|p1a: Flutter Mane|Protosynthesis|[silent]\n|move|p1b: Cresselia|Lunar Blessing|p1b: Cresselia\n|-heal|p1b: Cresselia|72/100\n|move|p2a: Tinkaton|Gigaton Hammer|p1b: Cresselia\n|-damage|p1b: Cresselia|46/100\n|\n|-weather|RainDance|[upkeep]\n|upkeep\n|\n|t:|1776651811\n|switch|p1a: Miraidon|Miraidon, L50|100/100\n|-activate|p1a: Miraidon|ability: Hadron Engine\n|turn|3\n|\n|t:|1776651819\n|move|p2b: Kyogre|Protect|p2b: Kyogre\n|-singleturn|p2b: Kyogre|Protect\n|move|p1a: Miraidon|Electro Drift|p2a: Tinkaton\n|-damage|p2a: Tinkaton|36/100\n|move|p1b: Cresselia|Psychic|p2b: Kyogre\n|-activate|p2b: Kyogre|move: Protect\n|move|p2a: Tinkaton|Play Rough|p1a: Miraidon\n|-supereffective|p1a: Miraidon\n|-damage|p1a: Miraidon|54/100\n|-unboost|p1a: Miraidon|atk|1\n|\n|-weather|RainDance|[upkeep]\n|upkeep\n|turn|4\n|\n|t:|1776651834\n|switch|p2b: Landorus|Landorus-Therian, L50, M|100/100\n|-ability|p2b: Landorus|Intimidate|boost\n|-unboost|p1a: Miraidon|atk|1\n|-unboost|p1b: Cresselia|atk|1\n|move|p1a: Miraidon|Electro Drift|p2a: Tinkaton\n|-damage|p2a: Tinkaton|0 fnt\n|faint|p2a: Tinkaton\n|move|p1b: Cresselia|Psychic|p2b: Landorus\n|-damage|p2b: Landorus|69/100\n|\n|-weather|RainDance|[upkeep]\n|upkeep\n|\n|t:|1776651845\n|switch|p2a: Calyrex|Calyrex-Shadow, L50|100/100\n|-ability|p2a: Calyrex|As One\n|-ability|p2a: Calyrex|Unnerve\n|turn|5\n|\n|t:|1776651852\n|switch|p1a: Ursaluna|Ursaluna, L50, M|100/100\n|-terastallize|p1b: Cresselia|Water\n|move|p2b: Landorus|U-turn|p1b: Cresselia\n|-damage|p1b: Cresselia|27/100\n|\n|t:|1776651857\n|switch|p2b: Kyogre|Kyogre, L50|54/100|[from] U-turn\n|move|p2a: Calyrex|Astral Barrage|p1b: Cresselia|[spread] p1b\n|-immune|p1a: Ursaluna\n|-damage|p1b: Cresselia|0 fnt\n|faint|p1b: Cresselia\n|-ability|p2a: Calyrex|Grim Neigh|boost\n|-boost|p2a: Calyrex|spa|1\n|\n|-weather|none\n|-fieldend|move: Electric Terrain\n|-status|p1a: Ursaluna|brn|[from] item: Flame Orb\n|upkeep\n|\n|t:|1776651872\n|switch|p1b: Miraidon|Miraidon, L50|54/100\n|-fieldstart|move: Electric Terrain|[from] ability: Hadron Engine|[of] p1b: Miraidon\n|turn|6\n|\n|t:|1776651878\n|move|p2b: Kyogre|Protect|p2b: Kyogre\n|-singleturn|p2b: Kyogre|Protect\n|move|p2a: Calyrex|Astral Barrage|p1a: Ursaluna|[spread] p1b\n|-immune|p1a: Ursaluna\n|-damage|p1b: Miraidon|0 fnt\n|faint|p1b: Miraidon\n|-ability|p2a: Calyrex|Grim Neigh|boost\n|-boost|p2a: Calyrex|spa|1\n|move|p1a: Ursaluna|Earthquake|p2a: Calyrex|[spread] p2a\n|-activate|p2b: Kyogre|move: Protect\n|-damage|p2a: Calyrex|22/100\n|\n|-damage|p1a: Ursaluna|95/100 brn|[from] brn\n|upkeep\n|turn|7\n|\n|t:|1776651890\n|move|p2a: Calyrex|Psychic|p1a: Ursaluna\n|-damage|p1a: Ursaluna|2/100 brn\n|move|p2b: Kyogre|Water Spout|p1a: Ursaluna\n|-supereffective|p1a: Ursaluna\n|-damage|p1a: Ursaluna|0 fnt\n|faint|p1a: Ursaluna\n|\n|win|clessvgc\n|raw|u lost da game's rating: 1398 &rarr; <strong>1379</strong><br />(-19 for losing)\n|raw|clessvgc's rating: 1409 &rarr; <strong>1428</strong><br />(+19 for winning)\n|l|\u2606clessvgc\n|player|p2|\n|l|\u2606u lost da game\n|player|p1|\n","uploadtime":1776652130,"views":9,"formatid":"gen9vgc2026regi","rating":1379,"private":0,"password":null}