{"id":"gen9vgc2026regi-2562317255","format":"[Gen 9] VGC 2026 Reg I","players":["shaojiu\u4e50\u961f","g0dGun"],"log":"|j|\u2606shaojiu\u4e50\u961f\n|j|\u2606g0dGun\n|t:|1773896421\n|gametype|doubles\n|player|p1|shaojiu\u4e50\u961f|elesa|1326\n|player|p2|g0dGun|blue|1609\n|gen|9\n|tier|[Gen 9] VGC 2026 Reg I\n|rated|\n|rule|Species Clause: Limit one of each Pok\u00e9mon\n|rule|Item Clause: Limit 1 of each item\n|clearpoke\n|poke|p1|Tornadus, L50, M|\n|poke|p1|Kyogre, L50|\n|poke|p1|Urshifu-*, L50, M|\n|poke|p1|Calyrex-Shadow, L50|\n|poke|p1|Landorus, L50, M|\n|poke|p1|Tsareena, L50, F|\n|poke|p2|Hitmontop, L50, M|\n|poke|p2|Terapagos, L50, M|\n|poke|p2|Calyrex-Shadow, L50|\n|poke|p2|Ogerpon-Cornerstone, L50, F|\n|poke|p2|Whimsicott, L50, M|\n|poke|p2|Indeedee-F, L50, F|\n|teampreview|4\n|inactive|Battle timer is ON: inactive players will automatically lose when time's up. (requested by g0dGun)\n|inactive|shaojiu\u4e50\u961f has 60 seconds left.\n|\n|t:|1773896470\n|teamsize|p1|4\n|teamsize|p2|4\n|start\n|switch|p1a: \u98ce\u5ddd\u7fd4\u59ff|Tornadus, L50, M, shiny|100/100\n|switch|p1b: \u4e09\u811a\u521d\u6ed1|Urshifu-Rapid-Strike, L50, M|100/100\n|switch|p2a: Hitmontop|Hitmontop, L50, M|100/100\n|switch|p2b: Terapagos|Terapagos, L50, M|100/100\n|-activate|p2b: Terapagos|ability: Tera Shift\n|detailschange|p2b: Terapagos|Terapagos-Terastal, L50, M\n|-heal|p2b: Terapagos|100/100|[silent]\n|-ability|p2a: Hitmontop|Intimidate|boost\n|-unboost|p1a: \u98ce\u5ddd\u7fd4\u59ff|atk|1\n|-unboost|p1b: \u4e09\u811a\u521d\u6ed1|atk|1\n|turn|1\n|inactive|shaojiu\u4e50\u961f has 30 seconds left.\n|\n|t:|1773896495\n|-terastallize|p2b: Terapagos|Stellar\n|detailschange|p2b: Terapagos|Terapagos-Stellar, L50, M, tera:Stellar\n|-heal|p2b: Terapagos|100/100|[silent]\n|move|p1b: \u4e09\u811a\u521d\u6ed1|Detect|p1b: \u4e09\u811a\u521d\u6ed1\n|-singleturn|p1b: \u4e09\u811a\u521d\u6ed1|Protect\n|move|p2a: Hitmontop|Vacuum Wave|p2b: Terapagos\n|-supereffective|p2b: Terapagos\n|-damage|p2b: Terapagos|95/100\n|-enditem|p2b: Terapagos|Weakness Policy\n|-boost|p2b: Terapagos|atk|2|[from] item: Weakness Policy\n|-boost|p2b: Terapagos|spa|2|[from] item: Weakness Policy\n|move|p1a: \u98ce\u5ddd\u7fd4\u59ff|Bleakwind Storm|p2a: Hitmontop|[spread] p2a,p2b\n|-supereffective|p2a: Hitmontop\n|-damage|p2a: Hitmontop|55/100\n|-damage|p2b: Terapagos|76/100\n|-enditem|p2a: Hitmontop|Eject Button\n|\n|t:|1773896511\n|switch|p2a: Whimsicott|Whimsicott, L50, M|100/100\n|move|p2b: Terapagos|Tera Starstorm|p1b: \u4e09\u811a\u521d\u6ed1|[spread] p1a\n|-activate|p1b: \u4e09\u811a\u521d\u6ed1|move: Protect\n|-damage|p1a: \u98ce\u5ddd\u7fd4\u59ff|3/100\n|\n|upkeep\n|turn|2\n|\n|t:|1773896532\n|switch|p2a: Hitmontop|Hitmontop, L50, M|55/100\n|-ability|p2a: Hitmontop|Intimidate|boost\n|-unboost|p1a: \u98ce\u5ddd\u7fd4\u59ff|atk|1\n|-unboost|p1b: \u4e09\u811a\u521d\u6ed1|atk|1\n|move|p1a: \u98ce\u5ddd\u7fd4\u59ff|Tailwind|p1a: \u98ce\u5ddd\u7fd4\u59ff\n|-sidestart|p1: shaojiu\u4e50\u961f|move: Tailwind\n|move|p1b: \u4e09\u811a\u521d\u6ed1|Close Combat|p2b: Terapagos\n|-supereffective|p2b: Terapagos\n|-damage|p2b: Terapagos|30/100\n|-unboost|p1b: \u4e09\u811a\u521d\u6ed1|def|1\n|-unboost|p1b: \u4e09\u811a\u521d\u6ed1|spd|1\n|move|p2b: Terapagos|Tera Starstorm|p1b: \u4e09\u811a\u521d\u6ed1|[spread] p1a,p1b\n|-damage|p1a: \u98ce\u5ddd\u7fd4\u59ff|0 fnt\n|-damage|p1b: \u4e09\u811a\u521d\u6ed1|0 fnt\n|faint|p1a: \u98ce\u5ddd\u7fd4\u59ff\n|faint|p1b: \u4e09\u811a\u521d\u6ed1\n|\n|upkeep\n|j| Giratinas owner\n|\n|t:|1773896550\n|switch|p1a: \u9c85\u5e61\u6d77\u7075|Kyogre, L50, shiny|100/100\n|switch|p1b: \u84bb\u53f6\u6728|Tsareena, L50, F, shiny|100/100\n|-weather|RainDance|[from] ability: Drizzle|[of] p1a: \u9c85\u5e61\u6d77\u7075\n|turn|3\n|c|\u2606g0dGun|\u597d\u591a\u6728\u67dc\u5b50\u554a\n|inactive|shaojiu\u4e50\u961f has 30 seconds left.\n|inactive|shaojiu\u4e50\u961f has 20 seconds left.\n|inactive|shaojiu\u4e50\u961f has 15 seconds left.\n|inactive|shaojiu\u4e50\u961f has 10 seconds left.\n|inactive|shaojiu\u4e50\u961f has 5 seconds left.\n|\n|t:|1773896600\n|move|p2a: Hitmontop|Wide Guard|p2a: Hitmontop\n|-singleturn|p2a: Hitmontop|Wide Guard\n|move|p1b: \u84bb\u53f6\u6728|Power Whip|p2b: Terapagos\n|-damage|p2b: Terapagos|0 fnt\n|faint|p2b: Terapagos\n|detailschange|p2: Terapagos|Terapagos, L50, M|[silent]\n|move|p1a: \u9c85\u5e61\u6d77\u7075|Hydro Pump|p2a: Hitmontop\n|-damage|p2a: Hitmontop|0 fnt\n|faint|p2a: Hitmontop\n|\n|-weather|RainDance|[upkeep]\n|upkeep\n|\n|t:|1773896612\n|switch|p2a: Whimsicott|Whimsicott, L50, M|100/100\n|switch|p2b: Calyrex|Calyrex-Shadow, L50|100/100\n|-ability|p2b: Calyrex|As One\n|-ability|p2b: Calyrex|Unnerve\n|turn|4\n|inactive|shaojiu\u4e50\u961f has 30 seconds left.\n|\n|t:|1773896645\n|-terastallize|p1b: \u84bb\u53f6\u6728|Ice\n|move|p2a: Whimsicott|Protect|p2a: Whimsicott\n|-singleturn|p2a: Whimsicott|Protect\n|move|p2b: Calyrex|Protect|p2b: Calyrex\n|-singleturn|p2b: Calyrex|Protect\n|move|p1b: \u84bb\u53f6\u6728|Triple Axel|p2a: Whimsicott\n|-activate|p2a: Whimsicott|move: Protect\n|move|p1a: \u9c85\u5e61\u6d77\u7075|Hydro Pump|p2b: Calyrex\n|-activate|p2b: Calyrex|move: Protect\n|\n|-weather|RainDance|[upkeep]\n|upkeep\n|turn|5\n|\n|t:|1773896665\n|move|p2a: Whimsicott|Tailwind|p2a: Whimsicott\n|-sidestart|p2: g0dGun|move: Tailwind\n|move|p2b: Calyrex|Astral Barrage|p1b: \u84bb\u53f6\u6728|[spread] p1a,p1b\n|-damage|p1a: \u9c85\u5e61\u6d77\u7075|62/100\n|-damage|p1b: \u84bb\u53f6\u6728|42/100\n|move|p1b: \u84bb\u53f6\u6728|Triple Axel|p2b: Calyrex\n|-damage|p2b: Calyrex|88/100\n|-hitcount|p2b: Calyrex|1\n|move|p1a: \u9c85\u5e61\u6d77\u7075|Hydro Pump|p2b: Calyrex|[miss]\n|-miss|p1a: \u9c85\u5e61\u6d77\u7075|p2b: Calyrex\n|\n|-weather|RainDance|[upkeep]\n|-sideend|p1: shaojiu\u4e50\u961f|move: Tailwind\n|upkeep\n|turn|6\n|\n|t:|1773896683\n|move|p2b: Calyrex|Astral Barrage|p1a: \u9c85\u5e61\u6d77\u7075|[spread] p1a,p1b\n|-damage|p1a: \u9c85\u5e61\u6d77\u7075|25/100\n|-damage|p1b: \u84bb\u53f6\u6728|0 fnt\n|faint|p1b: \u84bb\u53f6\u6728\n|-ability|p2b: Calyrex|Grim Neigh|boost\n|-boost|p2b: Calyrex|spa|1\n|move|p2a: Whimsicott|Moonblast|p1a: \u9c85\u5e61\u6d77\u7075\n|-damage|p1a: \u9c85\u5e61\u6d77\u7075|9/100\n|move|p1a: \u9c85\u5e61\u6d77\u7075|Hydro Pump|p2b: Calyrex\n|-damage|p2b: Calyrex|0 fnt\n|faint|p2b: Calyrex\n|\n|-weather|RainDance|[upkeep]\n|upkeep\n|turn|7\n|\n|t:|1773896701\n|move|p2a: Whimsicott|Protect|p2a: Whimsicott\n|-singleturn|p2a: Whimsicott|Protect\n|move|p1a: \u9c85\u5e61\u6d77\u7075|Hydro Pump|p2a: Whimsicott\n|-activate|p2a: Whimsicott|move: Protect\n|\n|-weather|none\n|upkeep\n|turn|8\n|l| Giratinas owner\n|\n|t:|1773896711\n|move|p2a: Whimsicott|Moonblast|p1a: \u9c85\u5e61\u6d77\u7075\n|-damage|p1a: \u9c85\u5e61\u6d77\u7075|0 fnt\n|faint|p1a: \u9c85\u5e61\u6d77\u7075\n|\n|win|g0dGun\n|raw|shaojiu\u4e50\u961f's rating: 1326 &rarr; <strong>1319</strong><br />(-7 for losing)\n|raw|g0dGun's rating: 1609 &rarr; <strong>1616</strong><br />(+7 for winning)\n|l|\u2606shaojiu\u4e50\u961f\n|player|p1|\n|l|\u2606g0dGun\n|player|p2|\n","uploadtime":1773896868,"views":12,"formatid":"gen9vgc2026regi","rating":1319,"private":0,"password":null}