{"id":"gen9vgc2026regi-2566152214","format":"[Gen 9] VGC 2026 Reg I","players":["Hzqmrln","Sh1k3"],"log":"|j|\u2606Hzqmrln\n|j|\u2606Sh1k3\n|t:|1774352182\n|gametype|doubles\n|player|p1|Hzqmrln|265|1398\n|player|p2|Sh1k3|265|1406\n|gen|9\n|tier|[Gen 9] VGC 2026 Reg I\n|rated|\n|rule|Species Clause: Limit one of each Pok\u00e9mon\n|rule|Item Clause: Limit 1 of each item\n|clearpoke\n|poke|p1|Koraidon, L50|\n|poke|p1|Lunala, L50|\n|poke|p1|Chi-Yu, L50|\n|poke|p1|Ursaluna, L50, F|\n|poke|p1|Brute Bonnet, L50|\n|poke|p1|Flutter Mane, L50|\n|poke|p2|Groudon, L50|\n|poke|p2|Chi-Yu, L50|\n|poke|p2|Flutter Mane, L50|\n|poke|p2|Raging Bolt, L50|\n|poke|p2|Calyrex-Ice, L50|\n|poke|p2|Jumpluff, L50, M|\n|teampreview|4\n|inactive|Battle timer is ON: inactive players will automatically lose when time's up. (requested by Sh1k3)\n|inactive|Sh1k3 has 60 seconds left.\n|\n|t:|1774352231\n|teamsize|p1|4\n|teamsize|p2|4\n|start\n|switch|p1a: Brute Bonnet|Brute Bonnet, L50|100/100\n|switch|p1b: Ursaluna|Ursaluna, L50, F|100/100\n|switch|p2a: Jumpluff|Jumpluff, L50, M|100/100\n|switch|p2b: Groudon|Groudon, L50|100/100\n|-weather|SunnyDay|[from] ability: Drought|[of] p2b: Groudon\n|-activate|p1a: Brute Bonnet|ability: Protosynthesis\n|-start|p1a: Brute Bonnet|protosynthesisdef\n|turn|1\n|j| Ascitiesdrown\n|\n|t:|1774352253\n|move|p1b: Ursaluna|Protect|p1b: Ursaluna\n|-singleturn|p1b: Ursaluna|Protect\n|move|p2a: Jumpluff|Sleep Powder|p1b: Ursaluna\n|-activate|p1b: Ursaluna|move: Protect\n|move|p2b: Groudon|Heat Crash|p1a: Brute Bonnet\n|-supereffective|p1a: Brute Bonnet\n|-damage|p1a: Brute Bonnet|37/100\n|move|p1a: Brute Bonnet|Seed Bomb|p2b: Groudon\n|-supereffective|p2b: Groudon\n|-damage|p2b: Groudon|57/100\n|\n|-weather|SunnyDay|[upkeep]\n|-status|p1b: Ursaluna|brn|[from] item: Flame Orb\n|upkeep\n|turn|2\n|\n|t:|1774352273\n|-end|p1a: Brute Bonnet|Protosynthesis|[silent]\n|switch|p1a: Koraidon|Koraidon, L50|100/100\n|-activate|p1a: Koraidon|ability: Orichalcum Pulse\n|move|p2a: Jumpluff|Encore|p1b: Ursaluna\n|-start|p1b: Ursaluna|Encore\n|move|p2b: Groudon|Heat Crash|p1a: Koraidon\n|-resisted|p1a: Koraidon\n|-damage|p1a: Koraidon|81/100\n|move|p1b: Ursaluna|Protect||[still]\n|-fail|p1b: Ursaluna\n|\n|-weather|SunnyDay|[upkeep]\n|-damage|p1b: Ursaluna|95/100 brn|[from] brn\n|upkeep\n|turn|3\n|\n|t:|1774352295\n|switch|p1b: Brute Bonnet|Brute Bonnet, L50|37/100\n|-activate|p1b: Brute Bonnet|ability: Protosynthesis\n|-start|p1b: Brute Bonnet|protosynthesisdef\n|move|p1a: Koraidon|Protect|p1a: Koraidon\n|-singleturn|p1a: Koraidon|Protect\n|move|p2a: Jumpluff|Sleep Powder|p1a: Koraidon\n|-activate|p1a: Koraidon|move: Protect\n|move|p2b: Groudon|Precipice Blades|p1b: Brute Bonnet|[spread] p1b\n|-activate|p1a: Koraidon|move: Protect\n|-resisted|p1b: Brute Bonnet\n|-damage|p1b: Brute Bonnet|24/100\n|\n|-weather|SunnyDay|[upkeep]\n|upkeep\n|turn|4\n|\n|t:|1774352313\n|switch|p1a: Ursaluna|Ursaluna, L50, F|95/100 brn\n|move|p2a: Jumpluff|Encore||[still]\n|-fail|p2a: Jumpluff\n|move|p2b: Groudon|Heat Crash|p1b: Brute Bonnet\n|-supereffective|p1b: Brute Bonnet\n|-damage|p1b: Brute Bonnet|0 fnt\n|faint|p1b: Brute Bonnet\n|-end|p1b: Brute Bonnet|Protosynthesis|[silent]\n|\n|-weather|SunnyDay|[upkeep]\n|-damage|p1a: Ursaluna|89/100 brn|[from] brn\n|upkeep\n|\n|t:|1774352326\n|switch|p1b: Koraidon|Koraidon, L50|81/100\n|-activate|p1b: Koraidon|ability: Orichalcum Pulse\n|turn|5\n|j| ky123456\n|inactive|Sh1k3 has 30 seconds left.\n|l| ky123456\n|inactive|Sh1k3 has 20 seconds left.\n|inactive|Sh1k3 has 15 seconds left.\n|\n|t:|1774352367\n|move|p1b: Koraidon|Protect|p1b: Koraidon\n|-singleturn|p1b: Koraidon|Protect\n|move|p2a: Jumpluff|Pollen Puff|p2b: Groudon\n|-heal|p2b: Groudon|100/100\n|move|p2b: Groudon|Precipice Blades|p1a: Ursaluna|[spread] p1a\n|-activate|p1b: Koraidon|move: Protect\n|-damage|p1a: Ursaluna|51/100 brn\n|move|p1a: Ursaluna|Facade|p2a: Jumpluff\n|-damage|p2a: Jumpluff|0 fnt\n|faint|p2a: Jumpluff\n|\n|-weather|none\n|-damage|p1a: Ursaluna|45/100 brn|[from] brn\n|upkeep\n|inactive|Sh1k3 has 30 seconds left.\n|\n|t:|1774352396\n|switch|p2a: Calyrex|Calyrex-Ice, L50|100/100\n|-ability|p2a: Calyrex|As One\n|-ability|p2a: Calyrex|Unnerve\n|turn|6\n|\n|t:|1774352407\n|switch|p1b: Lunala|Lunala, L50|100/100\n|-terastallize|p2a: Calyrex|Water\n|move|p1a: Ursaluna|Protect|p1a: Ursaluna\n|-singleturn|p1a: Ursaluna|Protect\n|move|p2b: Groudon|High Horsepower|p1b: Lunala\n|-damage|p1b: Lunala|77/100\n|move|p2a: Calyrex|Glacial Lance|p1a: Ursaluna|[spread] p1b\n|-activate|p1a: Ursaluna|move: Protect\n|-damage|p1b: Lunala|35/100\n|\n|-damage|p1a: Ursaluna|40/100 brn|[from] brn\n|upkeep\n|turn|7\n|inactive|Sh1k3 has 30 seconds left.\n|inactive|Sh1k3 has 20 seconds left.\n|inactive|Sh1k3 has 15 seconds left.\n|\n|t:|1774352450\n|move|p1b: Lunala|Wide Guard|p1b: Lunala\n|-singleturn|p1b: Lunala|Wide Guard\n|move|p2b: Groudon|High Horsepower|p1a: Ursaluna\n|-crit|p1a: Ursaluna\n|-damage|p1a: Ursaluna|0 fnt\n|faint|p1a: Ursaluna\n|move|p2a: Calyrex|Leech Seed|p1b: Lunala|[miss]\n|-miss|p2a: Calyrex|p1b: Lunala\n|\n|upkeep\n|\n|t:|1774352458\n|switch|p1a: Koraidon|Koraidon, L50|81/100\n|-weather|SunnyDay|[from] ability: Orichalcum Pulse|[of] p1a: Koraidon\n|-activate|p1a: Koraidon|Orichalcum Pulse|[source]\n|turn|8\n|inactive|Sh1k3 has 30 seconds left.\n|inactive|Sh1k3 has 20 seconds left.\n|\n|t:|1774352498\n|-terastallize|p1b: Lunala|Water\n|move|p1a: Koraidon|Close Combat|p2a: Calyrex\n|-damage|p2a: Calyrex|39/100\n|-unboost|p1a: Koraidon|def|1\n|-unboost|p1a: Koraidon|spd|1\n|-enditem|p2a: Calyrex|Sitrus Berry|[eat]\n|-heal|p2a: Calyrex|64/100|[from] item: Sitrus Berry\n|-damage|p1a: Koraidon|71/100|[from] item: Life Orb\n|move|p1b: Lunala|Meteor Beam||[still]\n|-prepare|p1b: Lunala|Meteor Beam\n|-boost|p1b: Lunala|spa|1\n|-enditem|p1b: Lunala|Power Herb\n|-anim|p1b: Lunala|Meteor Beam|p2a: Calyrex\n|-damage|p2a: Calyrex|20/100\n|move|p2b: Groudon|High Horsepower|p1b: Lunala\n|-damage|p1b: Lunala|0 fnt\n|faint|p1b: Lunala\n|move|p2a: Calyrex|Leech Seed|p1a: Koraidon\n|-start|p1a: Koraidon|move: Leech Seed\n|\n|-weather|SunnyDay|[upkeep]\n|-damage|p1a: Koraidon|58/100|[from] Leech Seed|[of] p2a: Calyrex\n|-heal|p2a: Calyrex|31/100|[silent]\n|upkeep\n|turn|9\n|inactive|Sh1k3 has 30 seconds left.\n|\n|t:|1774352525\n|move|p1a: Koraidon|Close Combat|p2a: Calyrex\n|-damage|p2a: Calyrex|0 fnt\n|-unboost|p1a: Koraidon|def|1\n|-unboost|p1a: Koraidon|spd|1\n|faint|p2a: Calyrex\n|-damage|p1a: Koraidon|49/100|[from] item: Life Orb\n|move|p2b: Groudon|High Horsepower|p1a: Koraidon\n|-crit|p1a: Koraidon\n|-damage|p1a: Koraidon|0 fnt\n|faint|p1a: Koraidon\n|\n|win|Sh1k3\n|raw|Hzqmrln's rating: 1398 &rarr; <strong>1378</strong><br />(-20 for losing)\n|raw|Sh1k3's rating: 1406 &rarr; <strong>1426</strong><br />(+20 for winning)\n|l|\u2606Hzqmrln\n|player|p1|\n","uploadtime":1774352542,"views":18,"formatid":"gen9vgc2026regi","rating":1378,"private":0,"password":null}