{"id":"gen9vgc2026regi-2547058059","format":"[Gen 9] VGC 2026 Reg I","players":["KahunaVGC","Zorse Mentality"],"log":"|j|\u2606KahunaVGC\n|j|\u2606Zorse Mentality\n|t:|1772042779\n|gametype|doubles\n|player|p1|KahunaVGC|169|1330\n|player|p2|Zorse Mentality|101|1389\n|gen|9\n|tier|[Gen 9] VGC 2026 Reg I\n|rated|\n|rule|Species Clause: Limit one of each Pok\u00e9mon\n|rule|Item Clause: Limit 1 of each item\n|clearpoke\n|poke|p1|Miraidon, L50|\n|poke|p1|Ho-Oh, L50|\n|poke|p1|Iron Leaves, L50|\n|poke|p1|Ninetales-Alola, L50, F|\n|poke|p1|Pawmot, L50, F|\n|poke|p1|Swampert, L50, M|\n|poke|p2|Calyrex-Ice, L50|\n|poke|p2|Kyogre, L50|\n|poke|p2|Tornadus, L50, M|\n|poke|p2|Urshifu-*, L50, F|\n|poke|p2|Indeedee-F, L50, F|\n|poke|p2|Torkoal, L50, M|\n|teampreview|4\n|\n|t:|1772042798\n|teamsize|p1|4\n|teamsize|p2|4\n|start\n|switch|p1a: Annihilation|Swampert, L50, M|100/100\n|switch|p1b: The Fonz|Pawmot, L50, F|100/100\n|switch|p2a: Indeedee|Indeedee-F, L50, F|100/100\n|switch|p2b: Calyrex|Calyrex-Ice, L50|100/100\n|-ability|p2b: Calyrex|As One\n|-ability|p2b: Calyrex|Unnerve\n|-fieldstart|move: Psychic Terrain|[from] ability: Psychic Surge|[of] p2a: Indeedee\n|turn|1\n|inactive|Battle timer is ON: inactive players will automatically lose when time's up. (requested by Zorse Mentality)\n|\n|t:|1772042823\n|move|p2a: Indeedee|Follow Me|p2a: Indeedee\n|-singleturn|p2a: Indeedee|move: Follow Me\n|move|p1b: The Fonz|Nuzzle|p2a: Indeedee\n|-crit|p2a: Indeedee\n|-damage|p2a: Indeedee|87/100\n|-status|p2a: Indeedee|par\n|move|p2b: Calyrex|Glacial Lance|p1b: The Fonz|[spread] p1a,p1b\n|-damage|p1a: Annihilation|44/100\n|-enditem|p1b: The Fonz|Focus Sash\n|-damage|p1b: The Fonz|1/100\n|-damage|p2b: Calyrex|91/100|[from] item: Life Orb\n|move|p1a: Annihilation|Knock Off|p2a: Indeedee\n|-supereffective|p2a: Indeedee\n|-damage|p2a: Indeedee|44/100 par\n|-enditem|p2a: Indeedee|Safety Goggles|[from] move: Knock Off|[of] p1a: Annihilation\n|\n|-heal|p1a: Annihilation|50/100|[from] item: Leftovers\n|upkeep\n|turn|2\n|inactive|Zorse Mentality has 30 seconds left.\n|\n|t:|1772042851\n|move|p1a: Annihilation|Wide Guard|p1a: Annihilation\n|-singleturn|p1a: Annihilation|Wide Guard\n|cant|p2a: Indeedee|par\n|move|p1b: The Fonz|Nuzzle|p2b: Calyrex\n|-damage|p2b: Calyrex|83/100\n|-status|p2b: Calyrex|par\n|move|p2b: Calyrex|Glacial Lance|p1b: The Fonz|[spread] \n|-activate|p1a: Annihilation|move: Wide Guard\n|-activate|p1b: The Fonz|move: Wide Guard\n|\n|-heal|p1a: Annihilation|56/100|[from] item: Leftovers\n|upkeep\n|turn|3\n|inactive|Zorse Mentality has 30 seconds left.\n|\n|t:|1772042883\n|switch|p1b: Free Bird|Ho-Oh, L50|100/100\n|move|p1a: Annihilation|Whirlpool|p2b: Calyrex\n|-damage|p2b: Calyrex|74/100 par\n|-activate|p2b: Calyrex|move: Whirlpool|[of] p1a: Annihilation\n|move|p2b: Calyrex|Lash Out|p1b: Free Bird\n|-damage|p1b: Free Bird|75/100\n|-damage|p2b: Calyrex|65/100 par|[from] item: Life Orb\n|move|p2a: Indeedee|Psychic|p1a: Annihilation\n|-damage|p1a: Annihilation|24/100\n|-unboost|p1a: Annihilation|spd|1\n|\n|-heal|p1a: Annihilation|29/100|[from] item: Leftovers\n|-damage|p2b: Calyrex|52/100 par|[from] move: Whirlpool|[partiallytrapped]\n|upkeep\n|turn|4\n|inactive|KahunaVGC has 30 seconds left.\n|inactive|Zorse Mentality has 30 seconds left.\n|inactive|Zorse Mentality has 20 seconds left.\n|inactive|Zorse Mentality has 15 seconds left.\n|inactive|Zorse Mentality has 10 seconds left.\n|\n|t:|1772042931\n|move|p1a: Annihilation|Wide Guard|p1a: Annihilation\n|-singleturn|p1a: Annihilation|Wide Guard\n|move|p1b: Free Bird|Sacred Fire|p2b: Calyrex\n|-supereffective|p2b: Calyrex\n|-damage|p2b: Calyrex|0 fnt\n|faint|p2b: Calyrex\n|move|p2a: Indeedee|Psychic|p1a: Annihilation\n|-damage|p1a: Annihilation|0 fnt\n|faint|p1a: Annihilation\n|\n|upkeep\n|\n|t:|1772042943\n|switch|p2b: Kyogre|Kyogre, L50|100/100\n|switch|p1a: iPhone 17 Pro Max|Miraidon, L50|100/100\n|-fieldstart|move: Electric Terrain|[from] ability: Hadron Engine|[of] p1a: iPhone 17 Pro Max\n|-enditem|p1a: iPhone 17 Pro Max|Electric Seed\n|-boost|p1a: iPhone 17 Pro Max|def|1|[from] item: Electric Seed\n|-weather|RainDance|[from] ability: Drizzle|[of] p2b: Kyogre\n|turn|5\n|\n|t:|1772042958\n|-terastallize|p1b: Free Bird|Ground\n|-terastallize|p2a: Indeedee|Ground\n|move|p2a: Indeedee|Follow Me|p2a: Indeedee\n|-singleturn|p2a: Indeedee|move: Follow Me\n|move|p1a: iPhone 17 Pro Max|Parabolic Charge|p2a: Indeedee|[spread] p2b\n|-immune|p1b: Free Bird\n|-immune|p2a: Indeedee\n|-supereffective|p2b: Kyogre\n|-damage|p2b: Kyogre|46/100\n|move|p2b: Kyogre|Water Spout|p1b: Free Bird|[spread] p1a,p1b\n|-resisted|p1a: iPhone 17 Pro Max\n|-supereffective|p1b: Free Bird\n|-damage|p1a: iPhone 17 Pro Max|82/100\n|-damage|p1b: Free Bird|11/100\n|move|p1b: Free Bird|Brave Bird|p2a: Indeedee\n|-damage|p2a: Indeedee|0 fnt\n|faint|p2a: Indeedee\n|-damage|p1b: Free Bird|0 fnt|[from] Recoil\n|faint|p1b: Free Bird\n|\n|-weather|RainDance|[upkeep]\n|upkeep\n|\n|t:|1772042980\n|switch|p1b: The Fonz|Pawmot, L50, F|1/100\n|switch|p2a: Tornadus|Tornadus, L50, M|100/100\n|turn|6\n|\n|t:|1772042987\n|move|p2a: Tornadus|Protect|p2a: Tornadus\n|-singleturn|p2a: Tornadus|Protect\n|move|p2b: Kyogre|Protect|p2b: Kyogre\n|-singleturn|p2b: Kyogre|Protect\n|move|p1b: The Fonz|Fake Out|p2a: Tornadus\n|-activate|p2a: Tornadus|move: Protect\n|move|p1a: iPhone 17 Pro Max|Parabolic Charge|p2a: Tornadus|[spread] \n|-activate|p2a: Tornadus|move: Protect\n|-activate|p2b: Kyogre|move: Protect\n|-heal|p1b: The Fonz|26/100|[from] ability: Volt Absorb|[of] p1a: iPhone 17 Pro Max\n|\n|-weather|RainDance|[upkeep]\n|upkeep\n|turn|7\n|inactive|Zorse Mentality has 30 seconds left.\n|inactive|Zorse Mentality has 20 seconds left.\n|inactive|Zorse Mentality has 15 seconds left.\n|inactive|Zorse Mentality has 10 seconds left.\n|\n|t:|1772043034\n|move|p2b: Kyogre|Protect|p2b: Kyogre\n|-singleturn|p2b: Kyogre|Protect\n|move|p2a: Tornadus|Bleakwind Storm|p1b: The Fonz|[spread] p1a,p1b\n|-resisted|p1a: iPhone 17 Pro Max\n|-damage|p1a: iPhone 17 Pro Max|66/100\n|-damage|p1b: The Fonz|0 fnt\n|faint|p1b: The Fonz\n|move|p1a: iPhone 17 Pro Max|Parabolic Charge|p2a: Tornadus|[spread] p2a\n|-activate|p2b: Kyogre|move: Protect\n|-supereffective|p2a: Tornadus\n|-enditem|p2a: Tornadus|Focus Sash\n|-damage|p2a: Tornadus|1/100\n|-heal|p1a: iPhone 17 Pro Max|100/100|[from] drain|[of] p2a: Tornadus\n|\n|-weather|RainDance|[upkeep]\n|upkeep\n|turn|8\n|-message|Zorse Mentality forfeited.\n|\n|win|KahunaVGC\n|raw|KahunaVGC's rating: 1330 &rarr; <strong>1353</strong><br />(+23 for winning)\n|raw|Zorse Mentality's rating: 1389 &rarr; <strong>1366</strong><br />(-23 for losing)\n|l|\u2606Zorse Mentality\n|player|p2|\n|l|\u2606KahunaVGC\n|player|p1|\n","uploadtime":1772043222,"views":12,"formatid":"gen9vgc2026regi","rating":1353,"private":0,"password":null}