{"id":"gen9vgc2026regi-2563946226","format":"[Gen 9] VGC 2026 Reg I","players":["KaiMVGC","Aggronymous"],"log":"|j|\u2606KaiMVGC\n|j|\u2606Aggronymous\n|t:|1774089714\n|gametype|doubles\n|player|p1|KaiMVGC|boarder|1396\n|player|p2|Aggronymous|smasher|1500\n|gen|9\n|tier|[Gen 9] VGC 2026 Reg I\n|rated|\n|rule|Species Clause: Limit one of each Pok\u00e9mon\n|rule|Item Clause: Limit 1 of each item\n|clearpoke\n|poke|p1|Calyrex-Shadow, L50|\n|poke|p1|Zamazenta-*, L50|\n|poke|p1|Rillaboom, L50, F|\n|poke|p1|Raging Bolt, L50|\n|poke|p1|Smeargle, L50, M|\n|poke|p1|Incineroar, L50, F|\n|poke|p2|Chien-Pao, L50|\n|poke|p2|Zamazenta-*, L50|\n|poke|p2|Iron Hands, L50|\n|poke|p2|Miraidon, L50|\n|poke|p2|Volcarona, L50, M|\n|poke|p2|Whimsicott, L50, F|\n|teampreview|4\n|inactive|Battle timer is ON: inactive players will automatically lose when time's up. (requested by Aggronymous)\n|inactive|Aggronymous has 60 seconds left.\n|inactive|Aggronymous has 30 seconds left.\n|\n|t:|1774089778\n|teamsize|p1|4\n|teamsize|p2|4\n|start\n|switch|p1a: Calyrex|Calyrex-Shadow, L50|100/100\n|switch|p1b: Smeargle|Smeargle, L50, M|100/100\n|switch|p2a: Whimsicott|Whimsicott, L50, F|100/100\n|switch|p2b: Volcarona|Volcarona, L50, M|100/100\n|-ability|p1a: Calyrex|As One\n|-ability|p1a: Calyrex|Unnerve\n|turn|1\n|\n|t:|1774089799\n|move|p2a: Whimsicott|Tailwind|p2a: Whimsicott\n|-sidestart|p2: Aggronymous|move: Tailwind\n|move|p2b: Volcarona|Struggle Bug|p1b: Smeargle|[spread] p1a,p1b\n|-damage|p1a: Calyrex|83/100\n|-damage|p1b: Smeargle|56/100\n|-unboost|p1a: Calyrex|spa|1\n|-unboost|p1b: Smeargle|spa|1\n|move|p1a: Calyrex|Nasty Plot|p1a: Calyrex\n|-boost|p1a: Calyrex|spa|2\n|move|p1b: Smeargle|Spore|p2b: Volcarona\n|-status|p2b: Volcarona|slp|[from] move: Spore\n|\n|-ability|p1b: Smeargle|Moody|boost\n|-boost|p1b: Smeargle|spd|2\n|-unboost|p1b: Smeargle|atk|1\n|upkeep\n|turn|2\n|\n|t:|1774089817\n|move|p1b: Smeargle|Follow Me|p1b: Smeargle\n|-singleturn|p1b: Smeargle|move: Follow Me\n|move|p2a: Whimsicott|Light Screen|p2a: Whimsicott\n|-sidestart|p2: Aggronymous|move: Light Screen\n|cant|p2b: Volcarona|slp\n|move|p1a: Calyrex|Astral Barrage|p2a: Whimsicott|[spread] p2a,p2b\n|-damage|p2a: Whimsicott|10/100\n|-damage|p2b: Volcarona|31/100 slp\n|-damage|p1a: Calyrex|73/100|[from] item: Life Orb\n|\n|-heal|p2b: Volcarona|37/100 slp|[from] item: Leftovers\n|-ability|p1b: Smeargle|Moody|boost\n|-boost|p1b: Smeargle|spe|2\n|-unboost|p1b: Smeargle|def|1\n|upkeep\n|turn|3\n|\n|t:|1774089838\n|move|p1b: Smeargle|Follow Me|p1b: Smeargle\n|-singleturn|p1b: Smeargle|move: Follow Me\n|cant|p2b: Volcarona|slp\n|move|p2a: Whimsicott|Moonblast|p1b: Smeargle\n|-damage|p1b: Smeargle|13/100\n|move|p1a: Calyrex|Astral Barrage|p2b: Volcarona|[spread] p2a,p2b\n|-damage|p2a: Whimsicott|0 fnt\n|-damage|p2b: Volcarona|0 fnt\n|faint|p2a: Whimsicott\n|faint|p2b: Volcarona\n|-ability|p1a: Calyrex|Grim Neigh|boost\n|-boost|p1a: Calyrex|spa|2\n|-damage|p1a: Calyrex|64/100|[from] item: Life Orb\n|\n|-ability|p1b: Smeargle|Moody|boost\n|-boost|p1b: Smeargle|spa|2\n|-unboost|p1b: Smeargle|spd|1\n|upkeep\n|\n|t:|1774089848\n|switch|p2b: Zamazenta|Zamazenta-Crowned, L50|100/100\n|switch|p2a: Miraidon|Miraidon, L50|100/100\n|-fieldstart|move: Electric Terrain|[from] ability: Hadron Engine|[of] p2a: Miraidon\n|-ability|p2b: Zamazenta|Dauntless Shield|boost\n|-boost|p2b: Zamazenta|def|1\n|turn|4\n|\n|t:|1774089872\n|switch|p1b: Rillaboom|Rillaboom, L50, F|100/100\n|-fieldstart|move: Grassy Terrain|[from] ability: Grassy Surge|[of] p1b: Rillaboom\n|-terastallize|p2a: Miraidon|Fairy\n|move|p1a: Calyrex|Protect|p1a: Calyrex\n|-singleturn|p1a: Calyrex|Protect\n|move|p2a: Miraidon|Dazzling Gleam|p1b: Rillaboom|[spread] p1b\n|-activate|p1a: Calyrex|move: Protect\n|-damage|p1b: Rillaboom|68/100\n|move|p2b: Zamazenta|Heavy Slam|p1a: Calyrex\n|-activate|p1a: Calyrex|move: Protect\n|\n|-heal|p1a: Calyrex|70/100|[from] Grassy Terrain\n|-heal|p1b: Rillaboom|74/100|[from] Grassy Terrain\n|-sideend|p2: Aggronymous|move: Tailwind\n|upkeep\n|turn|5\n|\n|t:|1774089891\n|move|p2b: Zamazenta|Protect|p2b: Zamazenta\n|-singleturn|p2b: Zamazenta|Protect\n|move|p1b: Rillaboom|Fake Out|p2b: Zamazenta\n|-activate|p2b: Zamazenta|move: Protect\n|move|p1a: Calyrex|Astral Barrage|p2a: Miraidon|[spread] p2a\n|-activate|p2b: Zamazenta|move: Protect\n|-damage|p2a: Miraidon|0 fnt\n|faint|p2a: Miraidon\n|-ability|p1a: Calyrex|Grim Neigh|boost\n|-boost|p1a: Calyrex|spa|1\n|-damage|p1a: Calyrex|60/100|[from] item: Life Orb\n|\n|-heal|p1a: Calyrex|66/100|[from] Grassy Terrain\n|-heal|p1b: Rillaboom|80/100|[from] Grassy Terrain\n|upkeep\n|turn|6\n|-message|Aggronymous forfeited.\n|\n|win|KaiMVGC\n|raw|KaiMVGC's rating: 1396 &rarr; <strong>1422</strong><br />(+26 for winning)\n|raw|Aggronymous's rating: 1500 &rarr; <strong>1474</strong><br />(-26 for losing)\n|l|\u2606Aggronymous\n|player|p2|\n|l|\u2606KaiMVGC\n|player|p1|\n","uploadtime":1774090145,"views":12,"formatid":"gen9vgc2026regi","rating":1422,"private":0,"password":null}