{"id":"gen9vgc2026regi-2563982166","format":"[Gen 9] VGC 2026 Reg I","players":["987w","unknown1508"],"log":"|j|\u2606987w\n|j|\u2606unknown1508\n|t:|1774095601\n|gametype|doubles\n|player|p1|987w|lacey|1130\n|player|p2|unknown1508|iris|1126\n|gen|9\n|tier|[Gen 9] VGC 2026 Reg I\n|rated|\n|rule|Species Clause: Limit one of each Pok\u00e9mon\n|rule|Item Clause: Limit 1 of each item\n|clearpoke\n|poke|p1|Calyrex-Shadow, L50|\n|poke|p1|Zamazenta-*, L50|\n|poke|p1|Incineroar, L50, F|\n|poke|p1|Amoonguss, L50, M|\n|poke|p1|Chien-Pao, L50|\n|poke|p1|Raging Bolt, L50|\n|poke|p2|Miraidon, L50|\n|poke|p2|Calyrex-Ice, L50|\n|poke|p2|Farigiraf, L50, F|\n|poke|p2|Iron Hands, L50|\n|poke|p2|Urshifu-*, L50, M|\n|poke|p2|Volcarona, L50, M|\n|teampreview|4\n|inactive|Battle timer is ON: inactive players will automatically lose when time's up. (requested by unknown1508)\n|inactive|unknown1508 has 60 seconds left.\n|\n|t:|1774095641\n|teamsize|p1|4\n|teamsize|p2|4\n|start\n|switch|p1a: Zamazenta|Zamazenta-Crowned, L50|100/100\n|switch|p1b: Chien-Pao|Chien-Pao, L50|100/100\n|switch|p2a: Miraidon|Miraidon, L50|100/100\n|switch|p2b: Farigiraf|Farigiraf, L50, F|100/100\n|-ability|p1b: Chien-Pao|Sword of Ruin\n|-fieldstart|move: Electric Terrain|[from] ability: Hadron Engine|[of] p2a: Miraidon\n|-enditem|p2b: Farigiraf|Electric Seed\n|-boost|p2b: Farigiraf|def|1|[from] item: Electric Seed\n|-ability|p1a: Zamazenta|Dauntless Shield|boost\n|-boost|p1a: Zamazenta|def|1\n|turn|1\n|inactive|987w has 30 seconds left.\n|inactive|unknown1508 has 30 seconds left.\n|\n|t:|1774095675\n|-terastallize|p2a: Miraidon|Fairy\n|move|p2a: Miraidon|Volt Switch|p1b: Chien-Pao\n|-crit|p1b: Chien-Pao\n|-enditem|p1b: Chien-Pao|Focus Sash\n|-damage|p1b: Chien-Pao|1/100\n|\n|t:|1774095682\n|switch|p2a: Calyrex|Calyrex-Ice, L50|100/100|[from] Volt Switch\n|-ability|p2a: Calyrex|As One\n|-ability|p2a: Calyrex|Unnerve\n|move|p1b: Chien-Pao|Ice Spinner|p2a: Calyrex\n|-resisted|p2a: Calyrex\n|-damage|p2a: Calyrex|84/100\n|-fieldend|move: Electric Terrain\n|move|p1a: Zamazenta|Body Press|p2a: Calyrex\n|-damage|p2a: Calyrex|23/100\n|move|p2b: Farigiraf|Trick Room|p2b: Farigiraf\n|-fieldstart|move: Trick Room|[of] p2b: Farigiraf\n|\n|-heal|p2a: Calyrex|29/100|[from] item: Leftovers\n|upkeep\n|turn|2\n|\n|t:|1774095701\n|switch|p1b: Incineroar|Incineroar, L50, F|100/100\n|-ability|p1b: Incineroar|Intimidate|boost\n|-unboost|p2a: Calyrex|atk|1\n|-unboost|p2b: Farigiraf|atk|1\n|move|p2a: Calyrex|Protect|p2a: Calyrex\n|-singleturn|p2a: Calyrex|Protect\n|move|p2b: Farigiraf|Foul Play|p1b: Incineroar\n|-resisted|p1b: Incineroar\n|-crit|p1b: Incineroar\n|-damage|p1b: Incineroar|86/100\n|move|p1a: Zamazenta|Body Press|p2a: Calyrex\n|-activate|p2a: Calyrex|move: Protect\n|\n|-heal|p2a: Calyrex|34/100|[from] item: Leftovers\n|upkeep\n|turn|3\n|\n|t:|1774095725\n|switch|p2b: Miraidon|Miraidon, L50, tera:Fairy|100/100\n|-fieldstart|move: Electric Terrain|[from] ability: Hadron Engine|[of] p2b: Miraidon\n|move|p2a: Calyrex|Glacial Lance|p1a: Zamazenta|[spread] p1a,p1b\n|-resisted|p1a: Zamazenta\n|-resisted|p1b: Incineroar\n|-damage|p1a: Zamazenta|93/100\n|-damage|p1b: Incineroar|68/100\n|move|p1b: Incineroar|Parting Shot|p2a: Calyrex\n|-unboost|p2a: Calyrex|atk|1\n|-unboost|p2a: Calyrex|spa|1\n|\n|t:|1774095739\n|switch|p1b: Chien-Pao|Chien-Pao, L50|1/100|[from] Parting Shot\n|-ability|p1b: Chien-Pao|Sword of Ruin\n|move|p1a: Zamazenta|Body Press|p2a: Calyrex\n|-damage|p2a: Calyrex|0 fnt\n|faint|p2a: Calyrex\n|\n|upkeep\n|\n|t:|1774095747\n|switch|p2a: Volcarona|Volcarona, L50, M|100/100\n|turn|4\n|\n|t:|1774095761\n|-terastallize|p1a: Zamazenta|Grass\n|move|p1b: Chien-Pao|Protect|p1b: Chien-Pao\n|-singleturn|p1b: Chien-Pao|Protect\n|move|p2a: Volcarona|Fiery Dance|p1a: Zamazenta\n|-supereffective|p1a: Zamazenta\n|-damage|p1a: Zamazenta|46/100\n|move|p1a: Zamazenta|Heavy Slam|p2b: Miraidon\n|-supereffective|p2b: Miraidon\n|-damage|p2b: Miraidon|5/100\n|move|p2b: Miraidon|Dazzling Gleam|p1b: Chien-Pao|[spread] p1a\n|-activate|p1b: Chien-Pao|move: Protect\n|-damage|p1a: Zamazenta|2/100\n|\n|upkeep\n|turn|5\n|inactive|unknown1508 has 30 seconds left.\n|\n|t:|1774095792\n|switch|p2b: Farigiraf|Farigiraf, L50, F|100/100\n|move|p1a: Zamazenta|Protect|p1a: Zamazenta\n|-singleturn|p1a: Zamazenta|Protect\n|move|p1b: Chien-Pao|Sucker Punch||[still]\n|cant|p2b: Farigiraf|ability: Armor Tail|Sucker Punch|[of] p1b: Chien-Pao\n|move|p2a: Volcarona|Fiery Dance|p1b: Chien-Pao\n|-supereffective|p1b: Chien-Pao\n|-damage|p1b: Chien-Pao|0 fnt\n|-boost|p2a: Volcarona|spa|1\n|faint|p1b: Chien-Pao\n|\n|-fieldend|move: Trick Room\n|upkeep\n|\n|t:|1774095800\n|switch|p1b: Incineroar|Incineroar, L50, F|68/100\n|-ability|p1b: Incineroar|Intimidate|boost\n|-unboost|p2a: Volcarona|atk|1\n|-unboost|p2b: Farigiraf|atk|1\n|turn|6\n|inactive|unknown1508 has 30 seconds left.\n|\n|t:|1774095826\n|move|p2a: Volcarona|Protect|p2a: Volcarona\n|-singleturn|p2a: Volcarona|Protect\n|move|p1a: Zamazenta|Body Press|p2b: Farigiraf\n|-damage|p2b: Farigiraf|44/100\n|move|p1b: Incineroar|Parting Shot|p2a: Volcarona\n|-activate|p2a: Volcarona|move: Protect\n|move|p2b: Farigiraf|Psychic|p1a: Zamazenta\n|-damage|p1a: Zamazenta|0 fnt\n|faint|p1a: Zamazenta\n|\n|upkeep\n|\n|t:|1774095833\n|switch|p1a: Calyrex|Calyrex-Shadow, L50|100/100\n|-ability|p1a: Calyrex|As One\n|-ability|p1a: Calyrex|Unnerve\n|turn|7\n|inactive|987w has 30 seconds left.\n|inactive|unknown1508 has 30 seconds left.\n|inactive|unknown1508 has 20 seconds left.\n|\n|t:|1774095870\n|move|p1b: Incineroar|Helping Hand|p1a: Calyrex\n|-singleturn|p1a: Calyrex|Helping Hand|[of] p1b: Incineroar\n|move|p1a: Calyrex|Astral Barrage|p2b: Farigiraf|[spread] p2a\n|-immune|p2b: Farigiraf\n|-damage|p2a: Volcarona|4/100\n|-damage|p1a: Calyrex|91/100|[from] item: Life Orb\n|move|p2a: Volcarona|Fiery Dance|p1a: Calyrex\n|-damage|p1a: Calyrex|34/100\n|-boost|p2a: Volcarona|spa|1\n|move|p2b: Farigiraf|Foul Play|p1a: Calyrex\n|-supereffective|p1a: Calyrex\n|-damage|p1a: Calyrex|0 fnt\n|-enditem|p2a: Volcarona|Sitrus Berry|[eat]\n|-heal|p2a: Volcarona|29/100|[from] item: Sitrus Berry\n|faint|p1a: Calyrex\n|\n|-fieldend|move: Electric Terrain\n|upkeep\n|turn|8\n|-message|987w forfeited.\n|\n|win|unknown1508\n|raw|987w's rating: 1130 &rarr; <strong>1105</strong><br />(-25 for losing)\n|raw|unknown1508's rating: 1126 &rarr; <strong>1151</strong><br />(+25 for winning)\n|l|\u2606987w\n|player|p1|\n","uploadtime":1774095890,"views":18,"formatid":"gen9vgc2026regi","rating":1105,"private":0,"password":null}