{"id":"gen9vgc2026regi-2587541743","format":"[Gen 9] VGC 2026 Reg I","players":["jpto5","ruike2024"],"log":"|j|\u2606jpto5\n|j|\u2606ruike2024\n|t:|1776540711\n|gametype|doubles\n|player|p1|jpto5|265|1464\n|player|p2|ruike2024|unknown|1384\n|gen|9\n|tier|[Gen 9] VGC 2026 Reg I\n|rated|\n|rule|Species Clause: Limit one of each Pok\u00e9mon\n|rule|Item Clause: Limit 1 of each item\n|clearpoke\n|poke|p1|Tornadus, L50, M|\n|poke|p1|Kyogre, L50|\n|poke|p1|Zacian-*, L50|\n|poke|p1|Basculegion, L50, M|\n|poke|p1|Incineroar, L50, M|\n|poke|p1|Archaludon, L50, M|\n|poke|p2|Kyogre, L50|\n|poke|p2|Tornadus, L50, M|\n|poke|p2|Chien-Pao, L50|\n|poke|p2|Landorus-Therian, L50, M|\n|poke|p2|Zamazenta-*, L50|\n|poke|p2|Sinistcha-Masterpiece, L50|\n|teampreview|4\n|inactive|Battle timer is ON: inactive players will automatically lose when time's up. (requested by jpto5)\n|inactive|ruike2024 also wants the timer to be on.\n|inactive|ruike2024 has 60 seconds left.\n|\n|t:|1776540744\n|teamsize|p1|4\n|teamsize|p2|4\n|start\n|switch|p1a: Tornadus|Tornadus, L50, M|100/100\n|switch|p1b: Archaludon|Archaludon, L50, M|100/100\n|switch|p2a: Zamazenta|Zamazenta-Crowned, L50|100/100\n|switch|p2b: Tornadus|Tornadus, L50, M, shiny|100/100\n|-ability|p2a: Zamazenta|Dauntless Shield|boost\n|-boost|p2a: Zamazenta|def|1\n|turn|1\n|\n|t:|1776540760\n|-terastallize|p2a: Zamazenta|Fighting\n|move|p1a: Tornadus|Taunt|p2b: Tornadus\n|-start|p2b: Tornadus|move: Taunt\n|cant|p2b: Tornadus|move: Taunt|Tailwind\n|move|p1b: Archaludon|Electro Shot||[still]\n|-prepare|p1b: Archaludon|Electro Shot\n|-boost|p1b: Archaludon|spa|1\n|move|p2a: Zamazenta|Body Press|p1b: Archaludon\n|-supereffective|p1b: Archaludon\n|-ability|p1b: Archaludon|Sturdy\n|-damage|p1b: Archaludon|1/100\n|\n|upkeep\n|turn|2\n|inactive|ruike2024 has 30 seconds left.\n|\n|t:|1776540788\n|move|p2a: Zamazenta|Protect|p2a: Zamazenta\n|-singleturn|p2a: Zamazenta|Protect\n|move|p2b: Tornadus|Bleakwind Storm|p1a: Tornadus|[spread] p1a,p1b\n|-resisted|p1b: Archaludon\n|-damage|p1a: Tornadus|55/100\n|-damage|p1b: Archaludon|0 fnt\n|faint|p1b: Archaludon\n|move|p1a: Tornadus|Bleakwind Storm|p2a: Zamazenta|[spread] \n|-activate|p2a: Zamazenta|move: Protect\n|-miss|p1a: Tornadus|p2b: Tornadus\n|\n|upkeep\n|\n|t:|1776540800\n|switch|p1b: Zacian|Zacian-Crowned, L50|100/100\n|-ability|p1b: Zacian|Intrepid Sword|boost\n|-boost|p1b: Zacian|atk|1\n|turn|3\n|\n|t:|1776540818\n|switch|p2b: Sinistcha|Sinistcha-Masterpiece, L50|100/100\n|move|p1b: Zacian|Play Rough|p2a: Zamazenta\n|-supereffective|p2a: Zamazenta\n|-damage|p2a: Zamazenta|39/100\n|move|p1a: Tornadus|Bleakwind Storm|p2b: Sinistcha|[spread] p2a,p2b\n|-supereffective|p2a: Zamazenta\n|-supereffective|p2b: Sinistcha\n|-damage|p2a: Zamazenta|0 fnt\n|-damage|p2b: Sinistcha|36/100\n|faint|p2a: Zamazenta\n|\n|upkeep\n|\n|t:|1776540831\n|switch|p2a: Kyogre|Kyogre, L50|100/100\n|-weather|RainDance|[from] ability: Drizzle|[of] p2a: Kyogre\n|turn|4\n|\n|t:|1776540842\n|move|p2b: Sinistcha|Rage Powder|p2b: Sinistcha\n|-singleturn|p2b: Sinistcha|move: Rage Powder\n|move|p1b: Zacian|Play Rough|p2b: Sinistcha\n|-damage|p2b: Sinistcha|0 fnt\n|faint|p2b: Sinistcha\n|move|p1a: Tornadus|Bleakwind Storm|p2a: Kyogre\n|-damage|p2a: Kyogre|61/100\n|move|p2a: Kyogre|Water Spout|p1a: Tornadus|[spread] p1a,p1b\n|-damage|p1a: Tornadus|0 fnt\n|-damage|p1b: Zacian|39/100\n|faint|p1a: Tornadus\n|\n|-weather|RainDance|[upkeep]\n|upkeep\n|\n|t:|1776540853\n|switch|p1a: Basculegion|Basculegion, L50, M|100/100\n|switch|p2b: Tornadus|Tornadus, L50, M, shiny|100/100\n|turn|5\n|\n|t:|1776540876\n|move|p2a: Kyogre|Protect|p2a: Kyogre\n|-singleturn|p2a: Kyogre|Protect\n|move|p2b: Tornadus|Tailwind|p2b: Tornadus\n|-sidestart|p2: ruike2024|move: Tailwind\n|move|p1a: Basculegion|Last Respects|p2a: Kyogre\n|-activate|p2a: Kyogre|move: Protect\n|move|p1b: Zacian|Behemoth Blade|p2b: Tornadus\n|-damage|p2b: Tornadus|0 fnt\n|faint|p2b: Tornadus\n|\n|-weather|RainDance|[upkeep]\n|upkeep\n|turn|6\n|\n|t:|1776540891\n|move|p2a: Kyogre|Water Spout|p1a: Basculegion|[spread] p1a,p1b\n|-resisted|p1a: Basculegion\n|-damage|p1a: Basculegion|57/100\n|-damage|p1b: Zacian|0 fnt\n|faint|p1b: Zacian\n|move|p1a: Basculegion|Last Respects|p2a: Kyogre\n|-damage|p2a: Kyogre|0 fnt\n|faint|p2a: Kyogre\n|-damage|p1a: Basculegion|47/100|[from] item: Life Orb\n|\n|win|jpto5\n|raw|jpto5's rating: 1464 &rarr; <strong>1479</strong><br />(+15 for winning)\n|raw|ruike2024's rating: 1384 &rarr; <strong>1369</strong><br />(-15 for losing)\n|l|\u2606ruike2024\n|player|p2|\n|l|\u2606jpto5\n|player|p1|\n","uploadtime":1776541083,"views":10,"formatid":"gen9vgc2026regi","rating":1369,"private":0,"password":null}