{"id":"gen9vgc2026regi-2553733829","format":"[Gen 9] VGC 2026 Reg I","players":["Tam.no376","I\u2764\ufe0f\u5a1c\u7984forever"],"log":"|j|\u2606Tam.no376\n|j|\u2606I\u2764\ufe0f\u5a1c\u7984forever\n|t:|1772869852\n|gametype|doubles\n|player|p1|Tam.no376|pokemaniac|1259\n|player|p2|I\u2764\ufe0f\u5a1c\u7984forever|youngcouple-gen4dp|1306\n|gen|9\n|tier|[Gen 9] VGC 2026 Reg I\n|rated|\n|rule|Species Clause: Limit one of each Pok\u00e9mon\n|rule|Item Clause: Limit 1 of each item\n|clearpoke\n|poke|p1|Kommo-o, L50, M|\n|poke|p1|Calyrex-Ice, L50|\n|poke|p1|Incineroar, L50, F|\n|poke|p1|Solgaleo, L50|\n|poke|p1|Porygon2, L50|\n|poke|p1|Indeedee-F, L50, F|\n|poke|p2|Groudon, L50|\n|poke|p2|Kyurem-White, L50|\n|poke|p2|Heatran, L50, M|\n|poke|p2|Whimsicott, L50, F|\n|poke|p2|Roaring Moon, L50|\n|poke|p2|Ditto, L50|\n|teampreview|4\n|\n|t:|1772869895\n|teamsize|p1|4\n|teamsize|p2|4\n|start\n|switch|p1a: Solgaleo|Solgaleo, L50, shiny|100/100\n|switch|p1b: Calyrex|Calyrex-Ice, L50|100/100\n|switch|p2a: Kyurem|Kyurem-White, L50|100/100\n|switch|p2b: Heatran|Heatran, L50, M|100/100\n|-ability|p1b: Calyrex|As One\n|-ability|p1b: Calyrex|Unnerve\n|-ability|p2a: Kyurem|Turboblaze\n|turn|1\n|\n|t:|1772869908\n|-terastallize|p1a: Solgaleo|Fairy\n|move|p1a: Solgaleo|Wide Guard|p1a: Solgaleo\n|-singleturn|p1a: Solgaleo|Wide Guard\n|move|p2a: Kyurem|Shadow Ball|p1b: Calyrex\n|-supereffective|p1b: Calyrex\n|-damage|p1b: Calyrex|49/100\n|move|p2b: Heatran|Substitute|p2b: Heatran\n|-start|p2b: Heatran|Substitute\n|-damage|p2b: Heatran|76/100\n|move|p1b: Calyrex|Trick Room|p1b: Calyrex\n|-fieldstart|move: Trick Room|[of] p1b: Calyrex\n|\n|-heal|p2b: Heatran|82/100|[from] item: Leftovers\n|upkeep\n|turn|2\n|\n|t:|1772869952\n|move|p1b: Calyrex|High Horsepower|p2b: Heatran\n|-supereffective|p2b: Heatran\n|-end|p2b: Heatran|Substitute\n|move|p1a: Solgaleo|Iron Head|p2a: Kyurem\n|-supereffective|p2a: Kyurem\n|-damage|p2a: Kyurem|38/100\n|move|p2b: Heatran|Heat Wave|p1a: Solgaleo|[spread] p1b\n|-miss|p2b: Heatran|p1a: Solgaleo\n|-supereffective|p1b: Calyrex\n|-damage|p1b: Calyrex|0 fnt\n|faint|p1b: Calyrex\n|cant|p2a: Kyurem|flinch\n|\n|-heal|p2b: Heatran|88/100|[from] item: Leftovers\n|upkeep\n|\n|t:|1772869968\n|switch|p1b: Kommo-o|Kommo-o, L50, M, shiny|100/100\n|turn|3\n|\n|t:|1772869983\n|switch|p2a: Groudon|Groudon, L50|100/100\n|-weather|SunnyDay|[from] ability: Drought|[of] p2a: Groudon\n|move|p1a: Solgaleo|Wide Guard|p1a: Solgaleo\n|-singleturn|p1a: Solgaleo|Wide Guard\n|move|p1b: Kommo-o|Boomburst|p2a: Groudon|[spread] p2a,p2b\n|-activate|p1a: Solgaleo|move: Wide Guard\n|-resisted|p2b: Heatran\n|-damage|p2a: Groudon|81/100\n|-damage|p2b: Heatran|74/100\n|-enditem|p1b: Kommo-o|Throat Spray\n|-boost|p1b: Kommo-o|spa|1|[from] item: Throat Spray\n|move|p2b: Heatran|Substitute|p2b: Heatran\n|-start|p2b: Heatran|Substitute\n|-damage|p2b: Heatran|49/100\n|\n|-weather|SunnyDay|[upkeep]\n|-heal|p2b: Heatran|56/100|[from] item: Leftovers\n|upkeep\n|turn|4\n|\n|t:|1772870006\n|move|p1b: Kommo-o|Boomburst|p2a: Groudon|[spread] p1a,p2a,p2b\n|-resisted|p2b: Heatran\n|-damage|p1a: Solgaleo|65/100\n|-damage|p2a: Groudon|50/100\n|-damage|p2b: Heatran|35/100\n|move|p1a: Solgaleo|Iron Head|p2a: Groudon\n|-damage|p2a: Groudon|25/100\n|move|p2b: Heatran|Earth Power|p1a: Solgaleo\n|-damage|p1a: Solgaleo|44/100\n|move|p2a: Groudon|Iron Head|p1a: Solgaleo\n|-supereffective|p1a: Solgaleo\n|-damage|p1a: Solgaleo|0 fnt\n|faint|p1a: Solgaleo\n|\n|-weather|SunnyDay|[upkeep]\n|-heal|p2b: Heatran|41/100|[from] item: Leftovers\n|upkeep\n|\n|t:|1772870016\n|switch|p1a: Porygon2|Porygon2, L50|100/100\n|-ability|p1a: Porygon2|Download|boost\n|-boost|p1a: Porygon2|spa|1\n|turn|5\n|\n|t:|1772870030\n|move|p2b: Heatran|Protect|p2b: Heatran\n|-singleturn|p2b: Heatran|Protect\n|move|p1a: Porygon2|Ice Beam|p2a: Groudon\n|-supereffective|p2a: Groudon\n|-damage|p2a: Groudon|0 fnt\n|faint|p2a: Groudon\n|move|p1b: Kommo-o|Boomburst|p2b: Heatran|[spread] p1a\n|-activate|p2b: Heatran|move: Protect\n|-damage|p1a: Porygon2|61/100\n|\n|-weather|SunnyDay|[upkeep]\n|-heal|p2b: Heatran|47/100|[from] item: Leftovers\n|-fieldend|move: Trick Room\n|upkeep\n|\n|t:|1772870048\n|switch|p2a: Kyurem|Kyurem-White, L50|38/100\n|-ability|p2a: Kyurem|Turboblaze\n|turn|6\n|\n|t:|1772870055\n|move|p2a: Kyurem|Blizzard|p1a: Porygon2|[spread] p1a,p1b\n|-supereffective|p1b: Kommo-o\n|-damage|p1a: Porygon2|12/100\n|-damage|p1b: Kommo-o|0 fnt\n|-enditem|p1a: Porygon2|Sitrus Berry|[eat]\n|-heal|p1a: Porygon2|37/100|[from] item: Sitrus Berry\n|faint|p1b: Kommo-o\n|move|p2b: Heatran|Heat Wave|p1a: Porygon2\n|-damage|p1a: Porygon2|0 fnt\n|faint|p1a: Porygon2\n|\n|win|I\u2764\ufe0f\u5a1c\u7984forever\n|raw|Tam.no376's rating: 1259 &rarr; <strong>1237</strong><br />(-22 for losing)\n|raw|I\u2764\ufe0f\u5a1c\u7984forever's rating: 1306 &rarr; <strong>1323</strong><br />(+17 for winning)\n|l|\u2606Tam.no376\n|player|p1|\n|l|\u2606I\u2764\ufe0f\u5a1c\u7984forever\n|player|p2|\n|j| kiangmiuk\n","uploadtime":1772870282,"views":13,"formatid":"gen9vgc2026regi","rating":1237,"private":0,"password":null}