{"id":"gen9vgc2026regi-2538078427","format":"[Gen 9] VGC 2026 Reg I","players":["Varrie","TheManOfSausage"],"log":"|j|\u2606Varrie\n|j|\u2606TheManOfSausage\n|t:|1770889224\n|gametype|doubles\n|player|p1|Varrie|102|1410\n|player|p2|TheManOfSausage|miku-water|1427\n|gen|9\n|tier|[Gen 9] VGC 2026 Reg I\n|rated|\n|rule|Species Clause: Limit one of each Pok\u00e9mon\n|rule|Item Clause: Limit 1 of each item\n|clearpoke\n|poke|p1|Calyrex-Ice, L50|\n|poke|p1|Miraidon, L50|\n|poke|p1|Ursaluna, L50, M|\n|poke|p1|Volcarona, L50, M|\n|poke|p1|Grimmsnarl, L50, M|\n|poke|p1|Iron Hands, L50|\n|poke|p2|Calyrex-Ice, L50|\n|poke|p2|Miraidon, L50|\n|poke|p2|Amoonguss, L50, F|\n|poke|p2|Incineroar, L50, M|\n|poke|p2|Urshifu-*, L50, M|\n|poke|p2|Farigiraf, L50, F|\n|teampreview|4\n|inactive|Battle timer is ON: inactive players will automatically lose when time's up. (requested by Varrie)\n|\n|t:|1770889250\n|teamsize|p1|4\n|teamsize|p2|4\n|start\n|switch|p1a: Calyrex|Calyrex-Ice, L50|100/100\n|switch|p1b: Grimmsnarl|Grimmsnarl, L50, M|100/100\n|switch|p2a: Marvelous|Incineroar, L50, M, shiny|100/100\n|switch|p2b: Tama|Miraidon, L50|100/100\n|-ability|p1a: Calyrex|As One\n|-ability|p1a: Calyrex|Unnerve\n|-fieldstart|move: Electric Terrain|[from] ability: Hadron Engine|[of] p2b: Tama\n|-ability|p2a: Marvelous|Intimidate|boost\n|-unboost|p1a: Calyrex|atk|1\n|-unboost|p1b: Grimmsnarl|atk|1\n|turn|1\n|\n|t:|1770889268\n|move|p1a: Calyrex|Protect|p1a: Calyrex\n|-singleturn|p1a: Calyrex|Protect\n|move|p2a: Marvelous|Fake Out|p1a: Calyrex\n|-activate|p1a: Calyrex|move: Protect\n|move|p1b: Grimmsnarl|Light Screen|p1b: Grimmsnarl\n|-sidestart|p1: Varrie|move: Light Screen\n|move|p2b: Tama|Electro Drift|p1b: Grimmsnarl\n|-damage|p1b: Grimmsnarl|40/100\n|\n|upkeep\n|turn|2\n|\n|t:|1770889288\n|-terastallize|p2b: Tama|Electric\n|move|p1b: Grimmsnarl|Parting Shot|p2b: Tama\n|-unboost|p2b: Tama|atk|1\n|-unboost|p2b: Tama|spa|1\n|\n|t:|1770889300\n|switch|p1b: Miraidon|Miraidon, L50|100/100|[from] Parting Shot\n|-activate|p1b: Miraidon|ability: Hadron Engine\n|move|p2b: Tama|Electro Drift|p1a: Calyrex\n|-damage|p1a: Calyrex|63/100\n|move|p2a: Marvelous|Parting Shot|p1a: Calyrex\n|-unboost|p1a: Calyrex|atk|1\n|-unboost|p1a: Calyrex|spa|1\n|\n|t:|1770889305\n|switch|p2a: Ogurin|Calyrex-Ice, L50|100/100|[from] Parting Shot\n|-ability|p2a: Ogurin|As One\n|-ability|p2a: Ogurin|Unnerve\n|move|p1a: Calyrex|Trick Room|p1a: Calyrex\n|-fieldstart|move: Trick Room|[of] p1a: Calyrex\n|\n|-heal|p1a: Calyrex|69/100|[from] item: Leftovers\n|upkeep\n|turn|3\n|inactive|Varrie has 30 seconds left.\n|\n|t:|1770889335\n|switch|p2b: Marvelous|Incineroar, L50, M, shiny|100/100\n|-ability|p2b: Marvelous|Intimidate|boost\n|-unboost|p1a: Calyrex|atk|1\n|-unboost|p1b: Miraidon|atk|1\n|-terastallize|p1b: Miraidon|Fairy\n|move|p2a: Ogurin|Protect|p2a: Ogurin\n|-singleturn|p2a: Ogurin|Protect\n|move|p1a: Calyrex|Leech Seed|p2a: Ogurin\n|-activate|p2a: Ogurin|move: Protect\n|move|p1b: Miraidon|Electro Drift|p2a: Ogurin\n|-activate|p2a: Ogurin|move: Protect\n|\n|-heal|p1a: Calyrex|75/100|[from] item: Leftovers\n|upkeep\n|turn|4\n|\n|t:|1770889355\n|move|p2b: Marvelous|Fake Out|p1b: Miraidon\n|-damage|p1b: Miraidon|92/100\n|move|p2a: Ogurin|Glacial Lance|p1a: Calyrex|[spread] p1a,p1b\n|-resisted|p1a: Calyrex\n|-damage|p1a: Calyrex|58/100\n|-damage|p1b: Miraidon|40/100\n|move|p1a: Calyrex|Leech Seed|p2a: Ogurin\n|-start|p2a: Ogurin|move: Leech Seed\n|cant|p1b: Miraidon|flinch\n|\n|-heal|p1a: Calyrex|63/100|[from] item: Leftovers\n|-damage|p2a: Ogurin|88/100|[from] Leech Seed|[of] p1a: Calyrex\n|-heal|p1a: Calyrex|76/100|[silent]\n|upkeep\n|turn|5\n|\n|t:|1770889377\n|switch|p1b: Grimmsnarl|Grimmsnarl, L50, M|40/100\n|move|p2a: Ogurin|Glacial Lance|p1a: Calyrex|[spread] p1a,p1b\n|-resisted|p1a: Calyrex\n|-damage|p1a: Calyrex|58/100\n|-damage|p1b: Grimmsnarl|0 fnt\n|faint|p1b: Grimmsnarl\n|-ability|p2a: Ogurin|Chilling Neigh|boost\n|-boost|p2a: Ogurin|atk|1\n|move|p1a: Calyrex|Leech Seed|p2b: Marvelous\n|-start|p2b: Marvelous|move: Leech Seed\n|move|p2b: Marvelous|Knock Off|p1a: Calyrex\n|-supereffective|p1a: Calyrex\n|-damage|p1a: Calyrex|11/100\n|-enditem|p1a: Calyrex|Leftovers|[from] move: Knock Off|[of] p2b: Marvelous\n|\n|-damage|p2a: Ogurin|76/100|[from] Leech Seed|[of] p1a: Calyrex\n|-heal|p1a: Calyrex|23/100|[silent]\n|-damage|p2b: Marvelous|88/100|[from] Leech Seed|[of] p1a: Calyrex\n|-heal|p1a: Calyrex|35/100|[silent]\n|-fieldend|move: Electric Terrain\n|upkeep\n|\n|t:|1770889394\n|switch|p1b: Iron Hands|Iron Hands, L50|100/100\n|turn|6\n|\n|t:|1770889407\n|move|p1a: Calyrex|Protect|p1a: Calyrex\n|-singleturn|p1a: Calyrex|Protect\n|move|p2a: Ogurin|Glacial Lance|p1a: Calyrex|[spread] p1b\n|-activate|p1a: Calyrex|move: Protect\n|-damage|p1b: Iron Hands|33/100\n|move|p1b: Iron Hands|Low Kick|p2b: Marvelous\n|-supereffective|p2b: Marvelous\n|-damage|p2b: Marvelous|6/100\n|move|p2b: Marvelous|Parting Shot|p1b: Iron Hands\n|-unboost|p1b: Iron Hands|atk|1\n|-unboost|p1b: Iron Hands|spa|1\n|\n|t:|1770889414\n|switch|p2b: Tama|Miraidon, L50, tera:Electric|100/100|[from] Parting Shot\n|-fieldstart|move: Electric Terrain|[from] ability: Hadron Engine|[of] p2b: Tama\n|-activate|p1b: Iron Hands|ability: Quark Drive\n|-start|p1b: Iron Hands|quarkdriveatk\n|\n|-damage|p2a: Ogurin|64/100|[from] Leech Seed|[of] p1a: Calyrex\n|-heal|p1a: Calyrex|47/100|[silent]\n|-fieldend|move: Trick Room\n|upkeep\n|turn|7\n|\n|t:|1770889435\n|move|p2b: Tama|Volt Switch|p1a: Calyrex\n|-damage|p1a: Calyrex|12/100\n|\n|t:|1770889438\n|switch|p2b: Marvelous|Incineroar, L50, M, shiny|6/100|[from] Volt Switch\n|-ability|p2b: Marvelous|Intimidate|boost\n|-unboost|p1a: Calyrex|atk|1\n|-unboost|p1b: Iron Hands|atk|1\n|move|p1b: Iron Hands|Low Kick|p2a: Ogurin\n|-damage|p2a: Ogurin|37/100\n|move|p1a: Calyrex|Glacial Lance|p2b: Marvelous|[spread] p2a,p2b\n|-resisted|p2a: Ogurin\n|-resisted|p2b: Marvelous\n|-damage|p2a: Ogurin|31/100\n|-damage|p2b: Marvelous|0 fnt\n|faint|p2b: Marvelous\n|-ability|p1a: Calyrex|Chilling Neigh|boost\n|-boost|p1a: Calyrex|atk|1\n|move|p2a: Ogurin|Glacial Lance|p1a: Calyrex|[spread] p1a,p1b\n|-resisted|p1a: Calyrex\n|-damage|p1a: Calyrex|0 fnt\n|-damage|p1b: Iron Hands|0 fnt\n|faint|p1a: Calyrex\n|faint|p1b: Iron Hands\n|-end|p1b: Iron Hands|Quark Drive|[silent]\n|-ability|p2a: Ogurin|Chilling Neigh|boost\n|-boost|p2a: Ogurin|atk|2\n|\n|upkeep\n|-message|Varrie forfeited.\n|\n|win|TheManOfSausage\n|raw|Varrie's rating: 1410 &rarr; <strong>1391</strong><br />(-19 for losing)\n|raw|TheManOfSausage's rating: 1427 &rarr; <strong>1446</strong><br />(+19 for winning)\n|l|\u2606Varrie\n|player|p1|\n|l|\u2606TheManOfSausage\n|player|p2|\n","uploadtime":1770889656,"views":13,"formatid":"gen9vgc2026regi","rating":1391,"private":0,"password":null}