{"id":"gen9vgc2026regi-2558849162","format":"[Gen 9] VGC 2026 Reg I","players":["marcxhenry","Ouraiti"],"log":"|j|\u2606marcxhenry\n|j|\u2606Ouraiti\n|t:|1773493032\n|gametype|doubles\n|player|p1|marcxhenry|hilbert-wonderlauncher|1362\n|player|p2|Ouraiti|shauntal|1264\n|gen|9\n|tier|[Gen 9] VGC 2026 Reg I\n|rated|\n|rule|Species Clause: Limit one of each Pok\u00e9mon\n|rule|Item Clause: Limit 1 of each item\n|clearpoke\n|poke|p1|Calyrex-Shadow, L50|\n|poke|p1|Urshifu-*, L50, M|\n|poke|p1|Roaring Moon, L50|\n|poke|p1|Kyogre, L50|\n|poke|p1|Tsareena, L50, F|\n|poke|p1|Kingambit, L50, M|\n|poke|p2|Annihilape, L50, M|\n|poke|p2|Zacian-*, L50|\n|poke|p2|Incineroar, L50, F|\n|poke|p2|Kyogre, L50|\n|poke|p2|Tornadus, L50, M|\n|poke|p2|Rillaboom, L50, M|\n|teampreview|4\nOuraiti has agreed to open team sheets.\n|\n|t:|1773493051\n|teamsize|p1|4\n|teamsize|p2|4\n|start\n|switch|p1a: Ludwig|Calyrex-Shadow, L50|100/100\n|switch|p1b: Roter Baron|Roaring Moon, L50, shiny|100/100\n|switch|p2a: Annihilape|Annihilape, L50, M|100/100\n|switch|p2b: Kyogre|Kyogre, L50|100/100\n|-ability|p1a: Ludwig|As One\n|-ability|p1a: Ludwig|Unnerve\n|-weather|RainDance|[from] ability: Drizzle|[of] p2b: Kyogre\n|-enditem|p1b: Roter Baron|Booster Energy\n|-activate|p1b: Roter Baron|ability: Protosynthesis|[fromitem]\n|-start|p1b: Roter Baron|protosynthesisspe\n|turn|1\n|\n|t:|1773493079\n|-terastallize|p2a: Annihilape|Grass\n|move|p1a: Ludwig|Protect|p1a: Ludwig\n|-singleturn|p1a: Ludwig|Protect\n|move|p2b: Kyogre|Protect|p2b: Kyogre\n|-singleturn|p2b: Kyogre|Protect\n|move|p1b: Roter Baron|Knock Off|p2a: Annihilape\n|-damage|p2a: Annihilape|53/100\n|-enditem|p2a: Annihilape|Choice Scarf|[from] move: Knock Off|[of] p1b: Roter Baron\n|move|p2a: Annihilape|Shadow Claw|p1a: Ludwig\n|-activate|p1a: Ludwig|move: Protect\n|\n|-weather|RainDance|[upkeep]\n|upkeep\n|turn|2\n|\n|t:|1773493101\n|switch|p2a: Tornadus|Tornadus, L50, M|100/100\n|-terastallize|p1a: Ludwig|Normal\n|move|p1b: Roter Baron|Knock Off|p2b: Kyogre\n|-damage|p2b: Kyogre|51/100\n|-enditem|p2b: Kyogre|Mystic Water|[from] move: Knock Off|[of] p1b: Roter Baron\n|move|p1a: Ludwig|Astral Barrage|p2b: Kyogre|[spread] p2a,p2b\n|-damage|p2a: Tornadus|28/100\n|-damage|p2b: Kyogre|11/100\n|move|p2b: Kyogre|Hydro Pump|p1a: Ludwig\n|-enditem|p1a: Ludwig|Focus Sash\n|-damage|p1a: Ludwig|1/100\n|\n|-weather|RainDance|[upkeep]\n|upkeep\n|turn|3\n|\n|t:|1773493131\n|move|p1a: Ludwig|Protect|p1a: Ludwig\n|-singleturn|p1a: Ludwig|Protect\n|move|p2b: Kyogre|Protect|p2b: Kyogre\n|-singleturn|p2b: Kyogre|Protect\n|move|p2a: Tornadus|Tailwind|p2a: Tornadus\n|-sidestart|p2: Ouraiti|move: Tailwind\n|move|p1b: Roter Baron|Tailwind|p1b: Roter Baron\n|-sidestart|p1: marcxhenry|move: Tailwind\n|\n|-weather|RainDance|[upkeep]\n|upkeep\n|turn|4\n|\n|t:|1773493147\n|move|p1b: Roter Baron|Protect|p1b: Roter Baron\n|-singleturn|p1b: Roter Baron|Protect\n|move|p1a: Ludwig|Astral Barrage|p2a: Tornadus|[spread] p2a,p2b\n|-damage|p2a: Tornadus|0 fnt\n|-damage|p2b: Kyogre|0 fnt\n|faint|p2a: Tornadus\n|faint|p2b: Kyogre\n|-ability|p1a: Ludwig|Grim Neigh|boost\n|-boost|p1a: Ludwig|spa|2\n|\n|-weather|RainDance|[upkeep]\n|upkeep\n|\n|t:|1773493151\n|switch|p2a: Annihilape|Annihilape, L50, M, tera:Grass|53/100\n|switch|p2b: Zacian|Zacian-Crowned, L50|100/100\n|-ability|p2b: Zacian|Intrepid Sword|boost\n|-boost|p2b: Zacian|atk|1\n|turn|5\n|\n|t:|1773493166\n|move|p1b: Roter Baron|Acrobatics|p2b: Zacian\n|-resisted|p2b: Zacian\n|-damage|p2b: Zacian|83/100\n|move|p1a: Ludwig|Astral Barrage|p2b: Zacian|[spread] p2a,p2b\n|-damage|p2a: Annihilape|0 fnt\n|-damage|p2b: Zacian|4/100\n|faint|p2a: Annihilape\n|-ability|p1a: Ludwig|Grim Neigh|boost\n|-boost|p1a: Ludwig|spa|1\n|move|p2b: Zacian|Behemoth Blade|p1a: Ludwig\n|-damage|p1a: Ludwig|0 fnt\n|faint|p1a: Ludwig\n|\n|-weather|none\n|upkeep\n|\n|t:|1773493180\n|switch|p1a: Tripitz|Kyogre, L50, shiny|100/100\n|-weather|RainDance|[from] ability: Drizzle|[of] p1a: Tripitz\n|turn|6\n|\n|t:|1773493184\n|move|p1b: Roter Baron|Protect|p1b: Roter Baron\n|-singleturn|p1b: Roter Baron|Protect\n|move|p1a: Tripitz|Protect|p1a: Tripitz\n|-singleturn|p1a: Tripitz|Protect\n|move|p2b: Zacian|Play Rough|p1a: Tripitz\n|-activate|p1a: Tripitz|move: Protect\n|\n|-weather|RainDance|[upkeep]\n|-sideend|p2: Ouraiti|move: Tailwind\n|-sideend|p1: marcxhenry|move: Tailwind\n|upkeep\n|turn|7\n|\n|t:|1773493202\n|move|p1b: Roter Baron|Tailwind|p1b: Roter Baron\n|-sidestart|p1: marcxhenry|move: Tailwind\n|move|p1a: Tripitz|Water Spout|p2b: Zacian\n|-damage|p2b: Zacian|0 fnt\n|faint|p2b: Zacian\n|\n|win|marcxhenry\n|raw|marcxhenry's rating: 1362 &rarr; <strong>1377</strong><br />(+15 for winning)\n|raw|Ouraiti's rating: 1264 &rarr; <strong>1246</strong><br />(-18 for losing)\n|l|\u2606Ouraiti\n|player|p2|\n|l|\u2606marcxhenry\n|player|p1|\n","uploadtime":1773493352,"views":14,"formatid":"gen9vgc2026regi","rating":1246,"private":0,"password":null}