{"id":"gen9vgc2026regi-2578072341","format":"[Gen 9] VGC 2026 Reg I","players":["whymeeverytime","zhanlinxie1"],"log":"|j|\u2606whymeeverytime\n|j|\u2606zhanlinxie1\n|t:|1775644370\n|gametype|doubles\n|player|p1|whymeeverytime|1|1486\n|player|p2|zhanlinxie1|102|1472\n|gen|9\n|tier|[Gen 9] VGC 2026 Reg I\n|rated|\n|rule|Species Clause: Limit one of each Pok\u00e9mon\n|rule|Item Clause: Limit 1 of each item\n|clearpoke\n|poke|p1|Groudon, L50|\n|poke|p1|Sinistcha-Masterpiece, L50|\n|poke|p1|Lunala, L50|\n|poke|p1|Incineroar, L50, F|\n|poke|p1|Moltres-Galar, L50|\n|poke|p1|Iron Moth, L50|\n|poke|p2|Calyrex-Shadow, L50|\n|poke|p2|Zamazenta-*, L50|\n|poke|p2|Chien-Pao, L50|\n|poke|p2|Raging Bolt, L50|\n|poke|p2|Amoonguss, L50, F|\n|poke|p2|Rillaboom, L50, F|\n|teampreview|4\n|j| CrazyyBoi\n|l| CrazyyBoi\n|\n|t:|1775644409\n|teamsize|p1|4\n|teamsize|p2|4\n|start\n|switch|p1a: Iron Moth|Iron Moth, L50|100/100\n|switch|p1b: Lunala|Lunala, L50|100/100\n|switch|p2a: Chien-Pao|Chien-Pao, L50|100/100\n|switch|p2b: Zamazenta|Zamazenta-Crowned, L50|100/100\n|-ability|p2a: Chien-Pao|Sword of Ruin\n|-ability|p2b: Zamazenta|Dauntless Shield|boost\n|-boost|p2b: Zamazenta|def|1\n|-enditem|p1a: Iron Moth|Booster Energy\n|-activate|p1a: Iron Moth|ability: Quark Drive|[fromitem]\n|-start|p1a: Iron Moth|quarkdrivespe\n|turn|1\n|inactive|Battle timer is ON: inactive players will automatically lose when time's up. (requested by zhanlinxie1)\n|\n|t:|1775644454\n|-terastallize|p1b: Lunala|Fairy\n|move|p2b: Zamazenta|Wide Guard|p2b: Zamazenta\n|-singleturn|p2b: Zamazenta|Wide Guard\n|move|p1a: Iron Moth|Heat Wave|p2a: Chien-Pao|[spread] \n|-activate|p2a: Chien-Pao|move: Wide Guard\n|-activate|p2b: Zamazenta|move: Wide Guard\n|move|p2a: Chien-Pao|Crunch|p1b: Lunala\n|-resisted|p1b: Lunala\n|-damage|p1b: Lunala|86/100\n|-damage|p2a: Chien-Pao|91/100|[from] item: Life Orb\n|move|p1b: Lunala|Moonblast|p2a: Chien-Pao\n|-supereffective|p2a: Chien-Pao\n|-damage|p2a: Chien-Pao|0 fnt\n|faint|p2a: Chien-Pao\n|\n|upkeep\n|\n|t:|1775644466\n|switch|p2a: Calyrex|Calyrex-Shadow, L50|100/100\n|-ability|p2a: Calyrex|As One\n|-ability|p2a: Calyrex|Unnerve\n|turn|2\n|\n|t:|1775644485\n|-terastallize|p2a: Calyrex|Normal\n|move|p1a: Iron Moth|Heat Wave|p2a: Calyrex|[spread] p2a,p2b\n|-supereffective|p2b: Zamazenta\n|-damage|p2a: Calyrex|62/100\n|-damage|p2b: Zamazenta|47/100\n|-status|p2a: Calyrex|brn\n|move|p2a: Calyrex|Psychic|p1a: Iron Moth\n|-supereffective|p1a: Iron Moth\n|-damage|p1a: Iron Moth|0 fnt\n|faint|p1a: Iron Moth\n|-end|p1a: Iron Moth|Quark Drive|[silent]\n|-ability|p2a: Calyrex|Grim Neigh|boost\n|-boost|p2a: Calyrex|spa|1\n|move|p2b: Zamazenta|Heavy Slam|p1b: Lunala\n|-supereffective|p1b: Lunala\n|-damage|p1b: Lunala|14/100\n|move|p1b: Lunala|Moonblast|p2a: Calyrex\n|-damage|p2a: Calyrex|11/100 brn\n|\n|-damage|p2a: Calyrex|4/100 brn|[from] brn\n|upkeep\n|\n|t:|1775644503\n|switch|p1a: Incineroar|Incineroar, L50, F|100/100\n|-ability|p1a: Incineroar|Intimidate|boost\n|-unboost|p2a: Calyrex|atk|1\n|-unboost|p2b: Zamazenta|atk|1\n|turn|3\n|\n|t:|1775644518\n|switch|p2a: Rillaboom|Rillaboom, L50, F|100/100\n|-fieldstart|move: Grassy Terrain|[from] ability: Grassy Surge|[of] p2a: Rillaboom\n|move|p2b: Zamazenta|Protect|p2b: Zamazenta\n|-singleturn|p2b: Zamazenta|Protect\n|move|p1a: Incineroar|Fake Out|p2b: Zamazenta\n|-activate|p2b: Zamazenta|move: Protect\n|move|p1b: Lunala|Trick Room|p1b: Lunala\n|-fieldstart|move: Trick Room|[of] p1b: Lunala\n|\n|-heal|p1b: Lunala|20/100|[from] Grassy Terrain\n|-heal|p2b: Zamazenta|52/100|[from] Grassy Terrain\n|upkeep\n|turn|4\n|\n|t:|1775644536\n|switch|p1a: Groudon|Groudon, L50|100/100\n|-weather|SunnyDay|[from] ability: Drought|[of] p1a: Groudon\n|move|p2a: Rillaboom|Wood Hammer|p1b: Lunala\n|-damage|p1b: Lunala|0 fnt\n|faint|p1b: Lunala\n|-damage|p2a: Rillaboom|93/100|[from] Recoil\n|move|p2b: Zamazenta|Body Press|p1a: Groudon\n|-damage|p1a: Groudon|50/100\n|\n|-weather|SunnyDay|[upkeep]\n|-heal|p2a: Rillaboom|99/100|[from] Grassy Terrain\n|-heal|p1a: Groudon|56/100|[from] Grassy Terrain\n|-heal|p2b: Zamazenta|58/100|[from] Grassy Terrain\n|upkeep\n|\n|t:|1775644547\n|switch|p1b: Incineroar|Incineroar, L50, F|100/100\n|-ability|p1b: Incineroar|Intimidate|boost\n|-unboost|p2a: Rillaboom|atk|1\n|-unboost|p2b: Zamazenta|atk|1\n|turn|5\n|\n|t:|1775644559\n|switch|p2a: Calyrex|Calyrex-Shadow, L50, tera:Normal|4/100 brn\n|-ability|p2a: Calyrex|As One\n|-ability|p2a: Calyrex|Unnerve\n|move|p2b: Zamazenta|Protect|p2b: Zamazenta\n|-singleturn|p2b: Zamazenta|Protect\n|move|p1b: Incineroar|Knock Off|p2a: Calyrex\n|-damage|p2a: Calyrex|0 fnt\n|-enditem|p2a: Calyrex|Focus Sash|[from] move: Knock Off|[of] p1b: Incineroar\n|faint|p2a: Calyrex\n|move|p1a: Groudon|Heat Crash|p2b: Zamazenta\n|-activate|p2b: Zamazenta|move: Protect\n|\n|-weather|SunnyDay|[upkeep]\n|-heal|p1a: Groudon|61/100|[from] Grassy Terrain\n|-heal|p2b: Zamazenta|64/100|[from] Grassy Terrain\n|upkeep\n|\n|t:|1775644572\n|switch|p2a: Rillaboom|Rillaboom, L50, F|99/100\n|turn|6\n|\n|t:|1775644585\n|move|p2a: Rillaboom|Fake Out|p1b: Incineroar\n|-damage|p1b: Incineroar|89/100\n|cant|p1b: Incineroar|flinch\n|move|p1a: Groudon|Heat Crash|p2a: Rillaboom\n|-supereffective|p2a: Rillaboom\n|-damage|p2a: Rillaboom|0 fnt\n|faint|p2a: Rillaboom\n|move|p2b: Zamazenta|Body Press|p1b: Incineroar\n|-supereffective|p1b: Incineroar\n|-damage|p1b: Incineroar|0 fnt\n|faint|p1b: Incineroar\n|\n|-weather|SunnyDay|[upkeep]\n|-heal|p1a: Groudon|67/100|[from] Grassy Terrain\n|-heal|p2b: Zamazenta|70/100|[from] Grassy Terrain\n|upkeep\n|turn|7\n|\n|t:|1775644600\n|move|p2b: Zamazenta|Protect|p2b: Zamazenta\n|-singleturn|p2b: Zamazenta|Protect\n|move|p1a: Groudon|Precipice Blades|p2b: Zamazenta\n|-activate|p2b: Zamazenta|move: Protect\n|\n|-weather|SunnyDay|[upkeep]\n|-heal|p1a: Groudon|73/100|[from] Grassy Terrain\n|-heal|p2b: Zamazenta|76/100|[from] Grassy Terrain\n|-fieldend|move: Trick Room\n|-fieldend|move: Grassy Terrain\n|upkeep\n|turn|8\n|\n|t:|1775644608\n|move|p2b: Zamazenta|Body Press|p1a: Groudon\n|-damage|p1a: Groudon|24/100\n|move|p1a: Groudon|Precipice Blades|p2b: Zamazenta|[miss]\n|-miss|p1a: Groudon|p2b: Zamazenta\n|\n|-weather|none\n|upkeep\n|turn|9\n|-message|whymeeverytime forfeited.\n|\n|win|zhanlinxie1\n|raw|whymeeverytime's rating: 1486 &rarr; <strong>1465</strong><br />(-21 for losing)\n|raw|zhanlinxie1's rating: 1472 &rarr; <strong>1493</strong><br />(+21 for winning)\n|l|\u2606whymeeverytime\n|player|p1|\n|l|\u2606zhanlinxie1\n|player|p2|\n","uploadtime":1775644821,"views":13,"formatid":"gen9vgc2026regi","rating":1465,"private":0,"password":null}