{"id":"gen9vgc2026regi-2561828008","format":"[Gen 9] VGC 2026 Reg I","players":["Rillabossman","zhz2021"],"log":"|j|\u2606Rillabossman\n|j|\u2606zhz2021\n|t:|1773847153\n|gametype|doubles\n|player|p1|Rillabossman|burglar|1433\n|player|p2|zhz2021|marley|1364\n|gen|9\n|tier|[Gen 9] VGC 2026 Reg I\n|rated|\n|rule|Species Clause: Limit one of each Pok\u00e9mon\n|rule|Item Clause: Limit 1 of each item\n|clearpoke\n|poke|p1|Rayquaza, L50|\n|poke|p1|Urshifu-*, L50, M|\n|poke|p1|Calyrex-Ice, L50|\n|poke|p1|Tinkaton, L50, F|\n|poke|p1|Gouging Fire, L50|\n|poke|p1|Ogerpon-Cornerstone, L50, F|\n|poke|p2|Giratina, L50|\n|poke|p2|Incineroar, L50, F|\n|poke|p2|Glimmora, L50, M|\n|poke|p2|Flutter Mane, L50|\n|poke|p2|Rillaboom, L50, F|\n|poke|p2|Zamazenta-*, L50|\n|teampreview|4\n|c|\u2606Rillabossman|glhf\n|\n|t:|1773847173\n|teamsize|p1|4\n|teamsize|p2|4\n|start\n|switch|p1a: Calyrex|Calyrex-Ice, L50|100/100\n|switch|p1b: Rayquaza|Rayquaza, L50, shiny|100/100\n|switch|p2a: Glimmora|Glimmora, L50, M|100/100\n|switch|p2b: Zamazenta|Zamazenta-Crowned, L50|100/100\n|-ability|p1a: Calyrex|As One\n|-ability|p1a: Calyrex|Unnerve\n|-ability|p2b: Zamazenta|Dauntless Shield|boost\n|-boost|p2b: Zamazenta|def|1\n|-ability|p1b: Rayquaza|Air Lock\n|turn|1\n|\n|t:|1773847190\n|-terastallize|p1a: Calyrex|Fairy\n|move|p2a: Glimmora|Mortal Spin|p1a: Calyrex|[spread] p1a,p1b\n|-supereffective|p1a: Calyrex\n|-damage|p1a: Calyrex|95/100\n|-damage|p1b: Rayquaza|96/100\n|-status|p1a: Calyrex|psn\n|-status|p1b: Rayquaza|psn\n|move|p1b: Rayquaza|Earth Power|p2a: Glimmora\n|-supereffective|p2a: Glimmora\n|-enditem|p2a: Glimmora|Focus Sash\n|-damage|p2a: Glimmora|1/100\n|move|p1a: Calyrex|Leech Seed|p2b: Zamazenta\n|-start|p2b: Zamazenta|move: Leech Seed\n|move|p2b: Zamazenta|Roar|p1a: Calyrex\n|drag|p1a: Gouging Fire|Gouging Fire, L50|100/100\n|-enditem|p1a: Gouging Fire|Booster Energy\n|-activate|p1a: Gouging Fire|ability: Protosynthesis|[fromitem]\n|-start|p1a: Gouging Fire|protosynthesisspe\n|\n|-damage|p2b: Zamazenta|88/100|[from] Leech Seed|[of] p1a: Gouging Fire\n|-damage|p1b: Rayquaza|84/100 psn|[from] psn\n|upkeep\n|turn|2\n|\n|t:|1773847221\n|switch|p2b: Incineroar|Incineroar, L50, F|100/100\n|-ability|p2b: Incineroar|Intimidate|boost\n|-unboost|p1a: Gouging Fire|atk|1\n|-unboost|p1b: Rayquaza|atk|1\n|move|p1b: Rayquaza|Extreme Speed|p2a: Glimmora\n|-resisted|p2a: Glimmora\n|-damage|p2a: Glimmora|0 fnt\n|-activate|p2a: Glimmora|ability: Toxic Debris\n|-sidestart|p1: Rillabossman|move: Toxic Spikes\n|faint|p2a: Glimmora\n|move|p1a: Gouging Fire|Howl|p1a: Gouging Fire|[spread] p1a,p1b\n|-boost|p1a: Gouging Fire|atk|1\n|-boost|p1b: Rayquaza|atk|1\n|\n|-damage|p1b: Rayquaza|72/100 psn|[from] psn\n|upkeep\n|\n|t:|1773847228\n|switch|p2a: Giratina|Giratina, L50|100/100\n|-ability|p2a: Giratina|Pressure\n|turn|3\n|\n|t:|1773847235\n|-terastallize|p2a: Giratina|Fairy\n|move|p1a: Gouging Fire|Breaking Swipe|p2b: Incineroar|[spread] p2b\n|-immune|p2a: Giratina\n|-damage|p2b: Incineroar|84/100\n|-unboost|p2b: Incineroar|atk|1\n|move|p1b: Rayquaza|Earth Power|p2b: Incineroar\n|-supereffective|p2b: Incineroar\n|-damage|p2b: Incineroar|36/100\n|-unboost|p2b: Incineroar|spd|1\n|move|p2a: Giratina|Calm Mind|p2a: Giratina\n|-boost|p2a: Giratina|spa|1\n|-boost|p2a: Giratina|spd|1\n|move|p2b: Incineroar|Parting Shot|p1b: Rayquaza\n|-unboost|p1b: Rayquaza|atk|1\n|-unboost|p1b: Rayquaza|spa|1\n|\n|t:|1773847242\n|switch|p2b: Zamazenta|Zamazenta-Crowned, L50|88/100|[from] Parting Shot\n|\n|-damage|p1b: Rayquaza|59/100 psn|[from] psn\n|upkeep\n|turn|4\n|\n|t:|1773847266\n|move|p1a: Gouging Fire|Flare Blitz|p2b: Zamazenta\n|-supereffective|p2b: Zamazenta\n|-damage|p2b: Zamazenta|32/100\n|-damage|p1a: Gouging Fire|84/100|[from] Recoil\n|move|p1b: Rayquaza|Earth Power|p2b: Zamazenta\n|-supereffective|p2b: Zamazenta\n|-damage|p2b: Zamazenta|8/100\n|-unboost|p2b: Zamazenta|spd|1\n|move|p2a: Giratina|Dragon Pulse|p1b: Rayquaza\n|-supereffective|p1b: Rayquaza\n|-damage|p1b: Rayquaza|0 fnt\n|faint|p1b: Rayquaza\n|move|p2b: Zamazenta|Roar|p1a: Gouging Fire\n|-end|p1a: Gouging Fire|Protosynthesis|[silent]\n|drag|p1a: Tinkaton|Tinkaton, L50, F|100/100\n|-ability|p1a: Tinkaton|Mold Breaker\n|\n|upkeep\n|\n|t:|1773847280\n|switch|p1b: Calyrex|Calyrex-Ice, L50, tera:Fairy|95/100 psn\n|-ability|p1b: Calyrex|As One\n|-ability|p1b: Calyrex|Unnerve\n|turn|5\n|\n|t:|1773847286\n|switch|p2b: Incineroar|Incineroar, L50, F|36/100\n|-ability|p2b: Incineroar|Intimidate|boost\n|-fail|p1a: Tinkaton|unboost|[from] item: Clear Amulet|[of] p1a: Tinkaton\n|-unboost|p1b: Calyrex|atk|1\n|move|p2a: Giratina|Protect|p2a: Giratina\n|-singleturn|p2a: Giratina|Protect\n|move|p1a: Tinkaton|Fake Out|p2b: Incineroar\n|-crit|p2b: Incineroar\n|-damage|p2b: Incineroar|22/100\n|move|p1b: Calyrex|Leech Seed|p2a: Giratina\n|-activate|p2a: Giratina|move: Protect\n|\n|-heal|p1b: Calyrex|100/100 psn|[from] item: Leftovers\n|-damage|p1b: Calyrex|88/100 psn|[from] psn\n|upkeep\n|turn|6\n|\n|t:|1773847303\n|move|p2b: Incineroar|Fake Out|p1a: Tinkaton\n|-resisted|p1a: Tinkaton\n|-damage|p1a: Tinkaton|94/100\n|cant|p1a: Tinkaton|flinch\n|move|p2a: Giratina|Calm Mind|p2a: Giratina\n|-boost|p2a: Giratina|spa|1\n|-boost|p2a: Giratina|spd|1\n|move|p1b: Calyrex|Leech Seed|p2a: Giratina\n|-start|p2a: Giratina|move: Leech Seed\n|\n|-heal|p1b: Calyrex|94/100 psn|[from] item: Leftovers\n|-damage|p2a: Giratina|88/100|[from] Leech Seed|[of] p1b: Calyrex\n|-heal|p1b: Calyrex|100/100 psn|[silent]\n|-damage|p1b: Calyrex|88/100 psn|[from] psn\n|upkeep\n|turn|7\n|\n|t:|1773847317\n|switch|p1b: Gouging Fire|Gouging Fire, L50|84/100\n|-status|p1b: Gouging Fire|psn\n|move|p1a: Tinkaton|Play Rough|p2b: Incineroar\n|-damage|p2b: Incineroar|0 fnt\n|faint|p2b: Incineroar\n|move|p2a: Giratina|Hex|p1a: Tinkaton\n|-damage|p1a: Tinkaton|50/100\n|\n|-heal|p2a: Giratina|94/100|[from] item: Leftovers\n|-damage|p2a: Giratina|82/100|[from] Leech Seed|[of] p1b: Gouging Fire\n|-heal|p1b: Gouging Fire|98/100 psn|[silent]\n|-damage|p1b: Gouging Fire|85/100 psn|[from] psn\n|upkeep\n|\n|t:|1773847323\n|switch|p2b: Zamazenta|Zamazenta-Crowned, L50|8/100\n|turn|8\n|\n|t:|1773847333\n|move|p1b: Gouging Fire|Flare Blitz|p2b: Zamazenta\n|-supereffective|p2b: Zamazenta\n|-damage|p2b: Zamazenta|0 fnt\n|faint|p2b: Zamazenta\n|-damage|p1b: Gouging Fire|83/100 psn|[from] Recoil\n|move|p1a: Tinkaton|Gigaton Hammer|p2a: Giratina\n|-supereffective|p2a: Giratina\n|-damage|p2a: Giratina|21/100\n|move|p2a: Giratina|Dragon Pulse|p1b: Gouging Fire\n|-supereffective|p1b: Gouging Fire\n|-damage|p1b: Gouging Fire|0 fnt\n|faint|p1b: Gouging Fire\n|-end|p1b: Gouging Fire|Protosynthesis|[silent]\n|\n|-heal|p2a: Giratina|27/100|[from] item: Leftovers\n|upkeep\n|\n|t:|1773847343\n|switch|p1b: Calyrex|Calyrex-Ice, L50, tera:Fairy|88/100 psn\n|-ability|p1b: Calyrex|As One\n|-ability|p1b: Calyrex|Unnerve\n|turn|9\n|-message|zhz2021 forfeited.\n|\n|win|Rillabossman\n|raw|Rillabossman's rating: 1433 &rarr; <strong>1449</strong><br />(+16 for winning)\n|raw|zhz2021's rating: 1364 &rarr; <strong>1348</strong><br />(-16 for losing)\n|l|\u2606zhz2021\n|player|p2|\n|l|\u2606Rillabossman\n|player|p1|\n","uploadtime":1773847556,"views":11,"formatid":"gen9vgc2026regi","rating":1348,"private":0,"password":null}