{"id":"gen9vgc2026regi-2580021024","format":"[Gen 9] VGC 2026 Reg I","players":["big_lenny99","Luca8"],"log":"|j|\u2606big_lenny99\n|j|\u2606Luca8\n|t:|1775847113\n|gametype|doubles\n|player|p1|big_lenny99|hilbert|1422\n|player|p2|Luca8|flint|1426\n|gen|9\n|tier|[Gen 9] VGC 2026 Reg I\n|rated|\n|rule|Species Clause: Limit one of each Pok\u00e9mon\n|rule|Item Clause: Limit 1 of each item\n|clearpoke\n|poke|p1|Groudon, L50|\n|poke|p1|Whimsicott, L50, F|\n|poke|p1|Amoonguss, L50, M|\n|poke|p1|Volcarona, L50, M|\n|poke|p1|Lunala, L50|\n|poke|p1|Incineroar, L50, M|\n|poke|p2|Zamazenta-*, L50|\n|poke|p2|Indeedee-F, L50, F|\n|poke|p2|Torkoal, L50, M|\n|poke|p2|Fezandipiti, L50, M|\n|poke|p2|Calyrex-Shadow, L50|\n|poke|p2|Pelipper, L50, F|\n|teampreview|4\n|inactive|Battle timer is ON: inactive players will automatically lose when time's up. (requested by big_lenny99)\n|inactive|Luca8 has 60 seconds left.\n|\n|t:|1775847150\n|teamsize|p1|4\n|teamsize|p2|4\n|start\n|switch|p1a: Lunala|Lunala, L50|100/100\n|switch|p1b: Groudon|Groudon, L50|100/100\n|switch|p2a: Zamazenta|Zamazenta-Crowned, L50|100/100\n|switch|p2b: Pelipper|Pelipper, L50, F|100/100\n|-ability|p2a: Zamazenta|Dauntless Shield|boost\n|-boost|p2a: Zamazenta|def|1\n|-weather|SunnyDay|[from] ability: Drought|[of] p1b: Groudon\n|-weather|RainDance|[from] ability: Drizzle|[of] p2b: Pelipper\n|turn|1\n|\n|t:|1775847169\n|-terastallize|p2a: Zamazenta|Fighting\n|move|p1b: Groudon|Protect|p1b: Groudon\n|-singleturn|p1b: Groudon|Protect\n|move|p2a: Zamazenta|Body Press|p1b: Groudon\n|-activate|p1b: Groudon|move: Protect\n|move|p2b: Pelipper|Muddy Water|p1a: Lunala|[spread] \n|-activate|p1b: Groudon|move: Protect\n|-miss|p2b: Pelipper|p1a: Lunala\n|move|p1a: Lunala|Trick Room|p1a: Lunala\n|-fieldstart|move: Trick Room|[of] p1a: Lunala\n|\n|-weather|RainDance|[upkeep]\n|upkeep\n|turn|2\n|\n|t:|1775847186\n|move|p2b: Pelipper|Muddy Water|p1b: Groudon|[spread] p1a,p1b\n|-supereffective|p1b: Groudon\n|-damage|p1a: Lunala|85/100\n|-damage|p1b: Groudon|22/100\n|move|p1b: Groudon|Thunder Punch|p2b: Pelipper\n|-supereffective|p2b: Pelipper\n|-damage|p2b: Pelipper|0 fnt\n|faint|p2b: Pelipper\n|move|p1a: Lunala|Moonblast|p2a: Zamazenta\n|-supereffective|p2a: Zamazenta\n|-damage|p2a: Zamazenta|60/100\n|move|p2a: Zamazenta|Body Press|p1b: Groudon\n|-damage|p1b: Groudon|0 fnt\n|faint|p1b: Groudon\n|\n|-weather|RainDance|[upkeep]\n|-heal|p1a: Lunala|91/100|[from] item: Leftovers\n|upkeep\n|\n|t:|1775847204\n|switch|p2b: Fezandipiti|Fezandipiti, L50, M|100/100\n|switch|p1b: Incineroar|Incineroar, L50, M|100/100\n|-ability|p1b: Incineroar|Intimidate|boost\n|-unboost|p2a: Zamazenta|atk|1\n|-unboost|p2b: Fezandipiti|atk|1\n|turn|3\n|\n|t:|1775847220\n|move|p2a: Zamazenta|Protect|p2a: Zamazenta\n|-singleturn|p2a: Zamazenta|Protect\n|move|p1b: Incineroar|Fake Out|p2a: Zamazenta\n|-activate|p2a: Zamazenta|move: Protect\n|move|p1a: Lunala|Moongeist Beam|p2b: Fezandipiti\n|-crit|p2b: Fezandipiti\n|-damage|p2b: Fezandipiti|43/100\n|move|p2b: Fezandipiti|Shadow Ball|p1a: Lunala\n|-supereffective|p1a: Lunala\n|-damage|p1a: Lunala|51/100\n|-unboost|p1a: Lunala|spd|1\n|\n|-weather|RainDance|[upkeep]\n|-heal|p1a: Lunala|57/100|[from] item: Leftovers\n|upkeep\n|turn|4\n|\n|t:|1775847241\n|-terastallize|p1a: Lunala|Fairy\n|move|p1b: Incineroar|Knock Off|p2b: Fezandipiti\n|-resisted|p2b: Fezandipiti\n|-damage|p2b: Fezandipiti|23/100\n|-enditem|p2b: Fezandipiti|Covert Cloak|[from] move: Knock Off|[of] p1b: Incineroar\n|move|p1a: Lunala|Moonblast|p2a: Zamazenta\n|-supereffective|p2a: Zamazenta\n|-damage|p2a: Zamazenta|2/100\n|move|p2b: Fezandipiti|Shadow Ball|p1a: Lunala\n|-damage|p1a: Lunala|43/100\n|move|p2a: Zamazenta|Body Press|p1b: Incineroar\n|-supereffective|p1b: Incineroar\n|-damage|p1b: Incineroar|0 fnt\n|faint|p1b: Incineroar\n|\n|-weather|RainDance|[upkeep]\n|-heal|p1a: Lunala|49/100|[from] item: Leftovers\n|upkeep\n|\n|t:|1775847249\n|switch|p1b: Volcarona|Volcarona, L50, M|100/100\n|turn|5\n|\n|t:|1775847271\n|move|p2a: Zamazenta|Protect|p2a: Zamazenta\n|-singleturn|p2a: Zamazenta|Protect\n|move|p1a: Lunala|Moongeist Beam|p2b: Fezandipiti\n|-damage|p2b: Fezandipiti|0 fnt\n|faint|p2b: Fezandipiti\n|move|p1b: Volcarona|Quiver Dance|p1b: Volcarona\n|-boost|p1b: Volcarona|spa|1\n|-boost|p1b: Volcarona|spd|1\n|-boost|p1b: Volcarona|spe|1\n|\n|-weather|none\n|-heal|p1a: Lunala|55/100|[from] item: Leftovers\n|-fieldend|move: Trick Room\n|upkeep\n|\n|t:|1775847285\n|switch|p2b: Calyrex|Calyrex-Shadow, L50|100/100\n|-ability|p2b: Calyrex|As One\n|-ability|p2b: Calyrex|Unnerve\n|turn|6\n|\n|t:|1775847297\n|move|p1a: Lunala|Wide Guard|p1a: Lunala\n|-singleturn|p1a: Lunala|Wide Guard\n|move|p1b: Volcarona|Struggle Bug|p2a: Zamazenta|[spread] p2a,p2b\n|-resisted|p2a: Zamazenta\n|-damage|p2a: Zamazenta|0 fnt\n|-damage|p2b: Calyrex|71/100\n|-unboost|p2b: Calyrex|spa|1\n|faint|p2a: Zamazenta\n|move|p2b: Calyrex|Encore|p1b: Volcarona\n|-start|p1b: Volcarona|Encore\n|\n|-heal|p1a: Lunala|61/100|[from] item: Leftovers\n|upkeep\n|turn|7\n|-message|Luca8 forfeited.\n|\n|win|big_lenny99\n|raw|big_lenny99's rating: 1422 &rarr; <strong>1442</strong><br />(+20 for winning)\n|raw|Luca8's rating: 1426 &rarr; <strong>1406</strong><br />(-20 for losing)\n|l|\u2606Luca8\n|player|p2|\n|l|\u2606big_lenny99\n|player|p1|\n","uploadtime":1775847477,"views":12,"formatid":"gen9vgc2026regi","rating":1406,"private":0,"password":null}