{"id":"gen9vgc2026regi-2552342782","format":"[Gen 9] VGC 2026 Reg I","players":["cesaretuc","alexit93"],"log":"|j|\u2606cesaretuc\n|j|\u2606alexit93\n|t:|1772710837\n|gametype|doubles\n|player|p1|cesaretuc|silver|1328\n|player|p2|alexit93|lucas-gen4pt|1324\n|gen|9\n|tier|[Gen 9] VGC 2026 Reg I\n|rated|\n|rule|Species Clause: Limit one of each Pok\u00e9mon\n|rule|Item Clause: Limit 1 of each item\n|clearpoke\n|poke|p1|Dialga-Origin, L50|\n|poke|p1|Miraidon, L50|\n|poke|p1|Ursaluna, L50, M|\n|poke|p1|Cresselia, L50, F|\n|poke|p1|Oranguru, L50, M|\n|poke|p1|Ogerpon-Wellspring, L50, F|\n|poke|p2|Zamazenta-*, L50|\n|poke|p2|Chien-Pao, L50|\n|poke|p2|Miraidon, L50|\n|poke|p2|Whimsicott, L50, M|\n|poke|p2|Farigiraf, L50, F|\n|poke|p2|Landorus, L50, M|\n|teampreview|4\n|inactive|Battle timer is ON: inactive players will automatically lose when time's up. (requested by alexit93)\n|\n|t:|1772710877\n|teamsize|p1|4\n|teamsize|p2|4\n|start\n|switch|p1a: Dialga|Dialga-Origin, L50, shiny|100/100\n|switch|p1b: Cresselia|Cresselia, L50, F|100/100\n|switch|p2a: Zamazenta|Zamazenta-Crowned, L50, shiny|100/100\n|switch|p2b: Chien-Pao|Chien-Pao, L50|100/100\n|-ability|p2b: Chien-Pao|Sword of Ruin\n|-ability|p2a: Zamazenta|Dauntless Shield|boost\n|-boost|p2a: Zamazenta|def|1\n|turn|1\n|\n|t:|1772710895\n|move|p1b: Cresselia|Ally Switch|p1b: Cresselia\n|swap|p1b: Cresselia|0|[from] move: Ally Switch\n|move|p2b: Chien-Pao|Crunch|p1b: Dialga\n|-damage|p1b: Dialga|39/100\n|move|p2a: Zamazenta|Body Press|p1a: Cresselia\n|-resisted|p1a: Cresselia\n|-damage|p1a: Cresselia|72/100\n|move|p1b: Dialga|Trick Room|p1b: Dialga\n|-fieldstart|move: Trick Room|[of] p1b: Dialga\n|\n|upkeep\n|turn|2\n|\n|t:|1772710913\n|switch|p2b: Farigiraf|Farigiraf, L50, F|100/100\n|-terastallize|p1b: Dialga|Bug\n|move|p2a: Zamazenta|Protect|p2a: Zamazenta\n|-singleturn|p2a: Zamazenta|Protect\n|move|p1a: Cresselia|Lunar Blessing|p1a: Cresselia|[spread] p1a,p1b\n|-heal|p1a: Cresselia|97/100\n|-heal|p1b: Dialga|64/100\n|move|p1b: Dialga|Flash Cannon|p2b: Farigiraf\n|-damage|p2b: Farigiraf|51/100\n|\n|upkeep\n|turn|3\n|inactive|cesaretuc has 30 seconds left.\n|inactive|cesaretuc has 20 seconds left.\n|\n|t:|1772710953\n|move|p1a: Cresselia|Lunar Blessing|p1a: Cresselia|[spread] p1a,p1b\n|-heal|p1a: Cresselia|100/100\n|-heal|p1b: Dialga|89/100\n|move|p1b: Dialga|Dragon Pulse|p2b: Farigiraf\n|-damage|p2b: Farigiraf|0 fnt\n|faint|p2b: Farigiraf\n|move|p2a: Zamazenta|Behemoth Bash|p1b: Dialga\n|-damage|p1b: Dialga|57/100\n|\n|upkeep\n|\n|t:|1772710964\n|switch|p2b: Chien-Pao|Chien-Pao, L50|100/100\n|-ability|p2b: Chien-Pao|Sword of Ruin\n|turn|4\n|\n|t:|1772710984\n|switch|p1a: Ursaluna|Ursaluna, L50, M, shiny|100/100\n|move|p2b: Chien-Pao|Sucker Punch||[still]\n|-fail|p2b: Chien-Pao\n|move|p1b: Dialga|Dragon Pulse|p2a: Zamazenta\n|-resisted|p2a: Zamazenta\n|-damage|p2a: Zamazenta|77/100\n|move|p2a: Zamazenta|Behemoth Bash|p1b: Dialga\n|-damage|p1b: Dialga|19/100\n|\n|-status|p1a: Ursaluna|brn|[from] item: Flame Orb\n|upkeep\n|turn|5\n|inactive|cesaretuc has 30 seconds left.\n|\n|t:|1772711016\n|switch|p1b: Cresselia|Cresselia, L50, F|100/100\n|-terastallize|p2a: Zamazenta|Dragon\n|move|p2a: Zamazenta|Wide Guard|p2a: Zamazenta\n|-singleturn|p2a: Zamazenta|Wide Guard\n|move|p2b: Chien-Pao|Sucker Punch||[still]\n|-fail|p2b: Chien-Pao\n|move|p1a: Ursaluna|Headlong Rush|p2a: Zamazenta\n|-damage|p2a: Zamazenta|22/100\n|-unboost|p1a: Ursaluna|def|1\n|-unboost|p1a: Ursaluna|spd|1\n|\n|-damage|p1a: Ursaluna|95/100 brn|[from] brn\n|-fieldend|move: Trick Room\n|upkeep\n|turn|6\n|inactive|cesaretuc has 30 seconds left.\n|\n|t:|1772711042\n|move|p1a: Ursaluna|Protect|p1a: Ursaluna\n|-singleturn|p1a: Ursaluna|Protect\n|move|p2b: Chien-Pao|Sucker Punch||[still]\n|-fail|p2b: Chien-Pao\n|move|p2a: Zamazenta|Body Press|p1a: Ursaluna\n|-activate|p1a: Ursaluna|move: Protect\n|move|p1b: Cresselia|Trick Room|p1b: Cresselia\n|-fieldstart|move: Trick Room|[of] p1b: Cresselia\n|\n|-damage|p1a: Ursaluna|89/100 brn|[from] brn\n|upkeep\n|turn|7\n|\n|t:|1772711063\n|move|p2b: Chien-Pao|Sucker Punch|p1a: Ursaluna\n|-damage|p1a: Ursaluna|6/100 brn\n|move|p1a: Ursaluna|Headlong Rush|p2a: Zamazenta\n|-damage|p2a: Zamazenta|0 fnt\n|-unboost|p1a: Ursaluna|def|1\n|-unboost|p1a: Ursaluna|spd|1\n|faint|p2a: Zamazenta\n|move|p1b: Cresselia|Lunar Blessing|p1b: Cresselia|[spread] p1a,p1b\n|-heal|p1a: Ursaluna|31/100 brn\n|-curestatus|p1a: Ursaluna|brn|[msg]\n|\n|-status|p1a: Ursaluna|brn|[from] item: Flame Orb\n|upkeep\n|\n|t:|1772711069\n|switch|p2a: Miraidon|Miraidon, L50, shiny|100/100\n|-fieldstart|move: Electric Terrain|[from] ability: Hadron Engine|[of] p2a: Miraidon\n|-enditem|p1b: Cresselia|Electric Seed\n|-boost|p1b: Cresselia|def|1|[from] item: Electric Seed\n|turn|8\n|\n|t:|1772711085\n|move|p1b: Cresselia|Ally Switch|p1b: Cresselia\n|swap|p1b: Cresselia|0|[from] move: Ally Switch\n|move|p2b: Chien-Pao|Sucker Punch||[still]\n|-fail|p2b: Chien-Pao\n|move|p1b: Ursaluna|Earthquake|p2a: Miraidon|[spread] p2a,p2b\n|-immune|p1a: Cresselia|[from] ability: Levitate\n|-supereffective|p2a: Miraidon\n|-damage|p2a: Miraidon|0 fnt\n|-damage|p2b: Chien-Pao|13/100\n|faint|p2a: Miraidon\n|\n|-damage|p1b: Ursaluna|25/100 brn|[from] brn\n|upkeep\n|turn|9\n|-message|alexit93 forfeited.\n|\n|win|cesaretuc\n|raw|cesaretuc's rating: 1328 &rarr; <strong>1348</strong><br />(+20 for winning)\n|raw|alexit93's rating: 1324 &rarr; <strong>1304</strong><br />(-20 for losing)\n|l|\u2606alexit93\n|player|p2|\n|l|\u2606cesaretuc\n|player|p1|\n","uploadtime":1772711233,"views":13,"formatid":"gen9vgc2026regi","rating":1304,"private":0,"password":null}