{"id":"gen9vgc2026regi-2568712008","format":"[Gen 9] VGC 2026 Reg I","players":["finalbossbackwiper","yuri1910"],"log":"|j|\u2606finalbossbackwiper\n|j|\u2606yuri1910\n|t:|1774616519\n|gametype|doubles\n|player|p1|finalbossbackwiper|265|1435\n|player|p2|yuri1910|266|1495\n|gen|9\n|tier|[Gen 9] VGC 2026 Reg I\n|rated|\n|rule|Species Clause: Limit one of each Pok\u00e9mon\n|rule|Item Clause: Limit 1 of each item\n|clearpoke\n|poke|p1|Miraidon, L50|\n|poke|p1|Calyrex-Ice, L50|\n|poke|p1|Pelipper, L50, M|\n|poke|p1|Urshifu-*, L50, M|\n|poke|p1|Incineroar, L50, F|\n|poke|p1|Slowking-Galar, L50, F|\n|poke|p2|Calyrex-Ice, L50|\n|poke|p2|Kyogre, L50|\n|poke|p2|Grimmsnarl, L50, M|\n|poke|p2|Rillaboom, L50, M|\n|poke|p2|Urshifu-*, L50, F|\n|poke|p2|Landorus, L50, M|\n|teampreview|4\n|inactive|Battle timer is ON: inactive players will automatically lose when time's up. (requested by finalbossbackwiper)\n|\n|t:|1774616552\n|teamsize|p1|4\n|teamsize|p2|4\n|start\n|switch|p1a: Calyrex|Calyrex-Ice, L50|100/100\n|switch|p1b: Incineroar|Incineroar, L50, F|100/100\n|switch|p2a: Grimmsnarl|Grimmsnarl, L50, M|100/100\n|switch|p2b: Rillaboom|Rillaboom, L50, M|100/100\n|-ability|p1a: Calyrex|As One\n|-ability|p1a: Calyrex|Unnerve\n|-fieldstart|move: Grassy Terrain|[from] ability: Grassy Surge|[of] p2b: Rillaboom\n|-ability|p1b: Incineroar|Intimidate|boost\n|-unboost|p2a: Grimmsnarl|atk|1\n|-unboost|p2b: Rillaboom|atk|1\n|turn|1\n|\n|t:|1774616572\n|move|p2b: Rillaboom|Fake Out|p1a: Calyrex\n|-damage|p1a: Calyrex|95/100\n|move|p2a: Grimmsnarl|Reflect|p2a: Grimmsnarl\n|-sidestart|p2: yuri1910|Reflect\n|move|p1a: Calyrex|Glacial Lance|p2a: Grimmsnarl|[spread] p2a,p2b\n|-crit|p2a: Grimmsnarl\n|-supereffective|p2b: Rillaboom\n|-damage|p2a: Grimmsnarl|14/100\n|-damage|p2b: Rillaboom|29/100\n|move|p1b: Incineroar|U-turn|p2a: Grimmsnarl\n|-damage|p2a: Grimmsnarl|1/100\n|\n|t:|1774616581\n|switch|p1b: Pelipper|Pelipper, L50, M|100/100|[from] U-turn\n|-weather|RainDance|[from] ability: Drizzle|[of] p1b: Pelipper\n|\n|-weather|RainDance|[upkeep]\n|-heal|p2b: Rillaboom|35/100|[from] Grassy Terrain\n|-heal|p1a: Calyrex|100/100|[from] Grassy Terrain\n|-heal|p2a: Grimmsnarl|7/100|[from] Grassy Terrain\n|upkeep\n|turn|2\n|\n|t:|1774616592\n|switch|p2b: Kyogre|Kyogre, L50|100/100\n|move|p2a: Grimmsnarl|Light Screen|p2a: Grimmsnarl\n|-sidestart|p2: yuri1910|move: Light Screen\n|move|p1b: Pelipper|Tailwind|p1b: Pelipper\n|-sidestart|p1: finalbossbackwiper|move: Tailwind\n|move|p1a: Calyrex|Glacial Lance|p2b: Kyogre|[spread] p2a,p2b\n|-resisted|p2b: Kyogre\n|-damage|p2a: Grimmsnarl|0 fnt\n|-damage|p2b: Kyogre|86/100\n|faint|p2a: Grimmsnarl\n|-ability|p1a: Calyrex|Chilling Neigh|boost\n|-boost|p1a: Calyrex|atk|1\n|\n|-weather|RainDance|[upkeep]\n|-heal|p2b: Kyogre|91/100|[from] Grassy Terrain\n|upkeep\n|\n|t:|1774616605\n|switch|p2a: Urshifu|Urshifu-Rapid-Strike, L50, F|100/100\n|turn|3\n|\n|t:|1774616617\n|-terastallize|p2a: Urshifu|Ghost\n|-terastallize|p1a: Calyrex|Grass\n|move|p1b: Pelipper|Hurricane|p2a: Urshifu\n|-damage|p2a: Urshifu|50/100\n|move|p2a: Urshifu|Surging Strikes|p1a: Calyrex\n|-resisted|p1a: Calyrex\n|-crit|p1a: Calyrex\n|-damage|p1a: Calyrex|90/100\n|-resisted|p1a: Calyrex\n|-crit|p1a: Calyrex\n|-damage|p1a: Calyrex|80/100\n|-resisted|p1a: Calyrex\n|-crit|p1a: Calyrex\n|-damage|p1a: Calyrex|70/100\n|-hitcount|p1a: Calyrex|3\n|move|p1a: Calyrex|Glacial Lance|p2a: Urshifu|[spread] p2a,p2b\n|-resisted|p2b: Kyogre\n|-damage|p2a: Urshifu|0 fnt\n|-damage|p2b: Kyogre|66/100\n|faint|p2a: Urshifu\n|-ability|p1a: Calyrex|Chilling Neigh|boost\n|-boost|p1a: Calyrex|atk|1\n|move|p2b: Kyogre|Water Spout|p1a: Calyrex|[spread] p1a,p1b\n|-resisted|p1a: Calyrex\n|-resisted|p1b: Pelipper\n|-damage|p1a: Calyrex|45/100\n|-damage|p1b: Pelipper|39/100\n|\n|-weather|RainDance|[upkeep]\n|-heal|p1a: Calyrex|51/100|[from] Grassy Terrain\n|-heal|p2b: Kyogre|72/100|[from] Grassy Terrain\n|upkeep\n|\n|t:|1774616638\n|switch|p2a: Rillaboom|Rillaboom, L50, M|35/100\n|turn|4\n|\n|t:|1774616647\n|move|p2a: Rillaboom|Grassy Glide|p1b: Pelipper\n|-damage|p1b: Pelipper|0 fnt\n|faint|p1b: Pelipper\n|move|p1a: Calyrex|Glacial Lance|p2b: Kyogre|[spread] p2a,p2b\n|-supereffective|p2a: Rillaboom\n|-resisted|p2b: Kyogre\n|-damage|p2a: Rillaboom|0 fnt\n|-damage|p2b: Kyogre|42/100\n|faint|p2a: Rillaboom\n|-ability|p1a: Calyrex|Chilling Neigh|boost\n|-boost|p1a: Calyrex|atk|1\n|move|p2b: Kyogre|Origin Pulse|p1a: Calyrex\n|-resisted|p1a: Calyrex\n|-damage|p1a: Calyrex|16/100\n|\n|-weather|RainDance|[upkeep]\n|-heal|p1a: Calyrex|22/100|[from] Grassy Terrain\n|-heal|p2b: Kyogre|48/100|[from] Grassy Terrain\n|upkeep\n|\n|t:|1774616651\n|switch|p1b: Miraidon|Miraidon, L50|100/100\n|-fieldstart|move: Electric Terrain|[from] ability: Hadron Engine|[of] p1b: Miraidon\n|turn|5\n|-message|yuri1910 forfeited.\n|\n|win|finalbossbackwiper\n|raw|finalbossbackwiper's rating: 1435 &rarr; <strong>1458</strong><br />(+23 for winning)\n|raw|yuri1910's rating: 1495 &rarr; <strong>1472</strong><br />(-23 for losing)\n|l|\u2606yuri1910\n|player|p2|\n|l|\u2606finalbossbackwiper\n|player|p1|\n","uploadtime":1774616666,"views":19,"formatid":"gen9vgc2026regi","rating":1458,"private":0,"password":null}