{"id":"gen9vgc2026regi-2568462338","format":"[Gen 9] VGC 2026 Reg I","players":["ArisHazard","bullgod4ever"],"log":"|j|\u2606ArisHazard\n|j|\u2606bullgod4ever\n|t:|1774581228\n|gametype|doubles\n|player|p1|ArisHazard|170|1514\n|player|p2|bullgod4ever|170|1494\n|gen|9\n|tier|[Gen 9] VGC 2026 Reg I\n|rated|\n|rule|Species Clause: Limit one of each Pok\u00e9mon\n|rule|Item Clause: Limit 1 of each item\n|clearpoke\n|poke|p1|Calyrex-Ice, L50|\n|poke|p1|Hitmontop, L50, M|\n|poke|p1|Miraidon, L50|\n|poke|p1|Sableye, L50, M|\n|poke|p1|Ting-Lu, L50|\n|poke|p1|Volcarona, L50, F|\n|poke|p2|Brute Bonnet, L50|\n|poke|p2|Lunala, L50|\n|poke|p2|Flutter Mane, L50|\n|poke|p2|Landorus, L50, M|\n|poke|p2|Incineroar, L50, F|\n|poke|p2|Koraidon, L50|\n|teampreview|4\n|inactive|Battle timer is ON: inactive players will automatically lose when time's up. (requested by ArisHazard)\n|\n|t:|1774581261\n|teamsize|p1|4\n|teamsize|p2|4\n|start\n|switch|p1a: Calyrex|Calyrex-Ice, L50|100/100\n|switch|p1b: Hitmontop|Hitmontop, L50, M|100/100\n|switch|p2a: Lunala|Lunala, L50|100/100\n|switch|p2b: Koraidon|Koraidon, L50|100/100\n|-ability|p1a: Calyrex|As One\n|-ability|p1a: Calyrex|Unnerve\n|-weather|SunnyDay|[from] ability: Orichalcum Pulse|[of] p2b: Koraidon\n|-activate|p2b: Koraidon|Orichalcum Pulse|[source]\n|-ability|p1b: Hitmontop|Intimidate|boost\n|-unboost|p2a: Lunala|atk|1\n|-unboost|p2b: Koraidon|atk|1\n|turn|1\n|inactive|bullgod4ever has 30 seconds left.\n|inactive|ArisHazard has 30 seconds left.\n|\n|t:|1774581293\n|switch|p2b: Flutter Mane|Flutter Mane, L50|100/100\n|-activate|p2b: Flutter Mane|ability: Protosynthesis\n|-start|p2b: Flutter Mane|protosynthesisspe\n|switch|p1b: Sableye|Sableye, L50, M|100/100\n|move|p1a: Calyrex|Protect|p1a: Calyrex\n|-singleturn|p1a: Calyrex|Protect\n|move|p2a: Lunala|Trick Room|p2a: Lunala\n|-fieldstart|move: Trick Room|[of] p2a: Lunala\n|\n|-weather|SunnyDay|[upkeep]\n|upkeep\n|turn|2\n|inactive|bullgod4ever has 30 seconds left.\n|\n|t:|1774581319\n|move|p2b: Flutter Mane|Protect|p2b: Flutter Mane\n|-singleturn|p2b: Flutter Mane|Protect\n|move|p1b: Sableye|Encore|p2a: Lunala\n|-start|p2a: Lunala|Encore\n|move|p1a: Calyrex|Glacial Lance|p2b: Flutter Mane|[spread] p2a\n|-activate|p2b: Flutter Mane|move: Protect\n|-damage|p2a: Lunala|77/100\n|move|p2a: Lunala|Trick Room|p2a: Lunala\n|-fieldend|move: Trick Room\n|\n|-weather|SunnyDay|[upkeep]\n|upkeep\n|turn|3\n|j| Therazer456\n|inactive|bullgod4ever has 30 seconds left.\n|\n|t:|1774581350\n|-end|p2b: Flutter Mane|Protosynthesis|[silent]\n|switch|p2b: Koraidon|Koraidon, L50|100/100\n|-activate|p2b: Koraidon|ability: Orichalcum Pulse\n|switch|p2a: Landorus|Landorus, L50, M|100/100\n|move|p1b: Sableye|Encore||[still]\n|-fail|p1b: Sableye\n|move|p1a: Calyrex|Glacial Lance|p2b: Koraidon|[spread] p2a,p2b\n|-supereffective|p2a: Landorus\n|-supereffective|p2b: Koraidon\n|-damage|p2a: Landorus|0 fnt\n|-damage|p2b: Koraidon|0 fnt\n|faint|p2a: Landorus\n|faint|p2b: Koraidon\n|-ability|p1a: Calyrex|Chilling Neigh|boost\n|-boost|p1a: Calyrex|atk|2\n|\n|-weather|SunnyDay|[upkeep]\n|upkeep\n|\n|t:|1774581368\n|switch|p2b: Lunala|Lunala, L50|77/100\n|switch|p2a: Flutter Mane|Flutter Mane, L50|100/100\n|-activate|p2a: Flutter Mane|ability: Protosynthesis\n|-start|p2a: Flutter Mane|protosynthesisspe\n|turn|4\n|\n|t:|1774581381\n|-terastallize|p2a: Flutter Mane|Stellar\n|move|p1b: Sableye|Protect|p1b: Sableye\n|-singleturn|p1b: Sableye|Protect\n|move|p1a: Calyrex|Protect|p1a: Calyrex\n|-singleturn|p1a: Calyrex|Protect\n|move|p2a: Flutter Mane|Shadow Ball|p1a: Calyrex\n|-activate|p1a: Calyrex|move: Protect\n|move|p2b: Lunala|Meteor Beam||[still]\n|-prepare|p2b: Lunala|Meteor Beam\n|-boost|p2b: Lunala|spa|1\n|-enditem|p2b: Lunala|Power Herb\n|-anim|p2b: Lunala|Meteor Beam|p1a: Calyrex\n|-activate|p1a: Calyrex|move: Protect\n|\n|-weather|SunnyDay|[upkeep]\n|upkeep\n|turn|5\n|\n|t:|1774581401\n|-terastallize|p1a: Calyrex|Fire\n|move|p1b: Sableye|Encore|p2b: Lunala\n|-start|p2b: Lunala|Encore\n|move|p2a: Flutter Mane|Shadow Ball|p1a: Calyrex\n|-damage|p1a: Calyrex|61/100\n|move|p2b: Lunala|Meteor Beam||[still]\n|-prepare|p2b: Lunala|Meteor Beam\n|-boost|p2b: Lunala|spa|1\n|move|p1a: Calyrex|Stomping Tantrum|p2a: Flutter Mane\n|-enditem|p2a: Flutter Mane|Focus Sash\n|-damage|p2a: Flutter Mane|1/100\n|\n|-weather|none\n|-end|p2a: Flutter Mane|Protosynthesis\n|upkeep\n|turn|6\n|\n|t:|1774581422\n|move|p1b: Sableye|Protect|p1b: Sableye\n|-singleturn|p1b: Sableye|Protect\n|move|p1a: Calyrex|Protect|p1a: Calyrex\n|-singleturn|p1a: Calyrex|Protect\n|move|p2a: Flutter Mane|Moonblast|p1b: Sableye\n|-activate|p1b: Sableye|move: Protect\n|move|p2b: Lunala|Meteor Beam|p1b: Sableye|[from] lockedmove\n|-activate|p1b: Sableye|move: Protect\n|\n|upkeep\n|turn|7\n|-message|bullgod4ever forfeited.\n|\n|win|ArisHazard\n|raw|ArisHazard's rating: 1514 &rarr; <strong>1533</strong><br />(+19 for winning)\n|raw|bullgod4ever's rating: 1494 &rarr; <strong>1475</strong><br />(-19 for losing)\n|l|\u2606bullgod4ever\n|player|p2|\n|l|\u2606ArisHazard\n|player|p1|\n|l| Therazer456\n","uploadtime":1774581618,"views":11,"formatid":"gen9vgc2026regi","rating":1475,"private":0,"password":null}