{"id":"gen9vgc2026regi-2563607318","format":"[Gen 9] VGC 2026 Reg I","players":["ppyyy","stellapoke0"],"log":"|j|\u2606ppyyy\n|j|\u2606stellapoke0\n|t:|1774041802\n|gametype|doubles\n|player|p1|ppyyy|elesa-gen5bw2|\n|player|p2|stellapoke0|canari|\n|gen|9\n|tier|[Gen 9] VGC 2026 Reg I\n|rated|Tournament battle\n|rule|Species Clause: Limit one of each Pok\u00e9mon\n|rule|Item Clause: Limit 1 of each item\n|raw|<div class=\"infobox\"><details class=\"readmore\" open><summary><strong>3 custom rules:</strong></summary> Open Team Sheets, Force Open Team Sheets, !Open Team Sheets</details></div>\n|clearpoke\n|poke|p1|Whimsicott, L50, F|\n|poke|p1|Calyrex-Shadow, L50|\n|poke|p1|Incineroar, L50, F|\n|poke|p1|Miraidon, L50|\n|poke|p1|Clefairy, L50, F|\n|poke|p1|Sneasler, L50, F|\n|poke|p2|Miraidon, L50|\n|poke|p2|Lunala, L50|\n|poke|p2|Whimsicott, L50, M|\n|poke|p2|Urshifu-*, L50, F|\n|poke|p2|Incineroar, L50, F|\n|poke|p2|Ursaluna, L50, F|\n|teampreview|4\n|showteam|p1|Whimsicott||CovertCloak|Prankster|Moonblast,Tailwind,FakeTears,Encore|||F|||50|,,,,,Water]Calyrex-Shadow||FocusSash|AsOneSpectrier|AstralBarrage,Psychic,Disable,Protect||||||50|,,,,,Ghost]Incineroar||AssaultVest|Intimidate|KnockOff,Uturn,FlareBlitz,FakeOut|||F|||50|,,,,,Bug]Miraidon||ChoiceSpecs|HadronEngine|ElectroDrift,DracoMeteor,DazzlingGleam,VoltSwitch||||||50|,,,,,Fairy]Clefairy||Eviolite|FriendGuard|AfterYou,HelpingHand,FollowMe,Protect|||F|||50|,,,,,Grass]Sneasler||ElectricSeed|Unburden|GunkShot,CloseCombat,FakeOut,ThroatChop|||F|||50|,,,,,Dark\n|showteam|p2|Miraidon||ChoiceSpecs|HadronEngine|ElectroDrift,DracoMeteor,DazzlingGleam,VoltSwitch||||||50|,,,,,Fairy]Lunala||ElectricSeed|ShadowShield|MoongeistBeam,Moonblast,WideGuard,TrickRoom||||||50|,,,,,Fairy]Whimsicott||CovertCloak|Prankster|Moonblast,Encore,LightScreen,Tailwind|||M|||50|,,,,,Fire]Urshifu-Rapid-Strike||ChoiceBand|UnseenFist|SurgingStrikes,CloseCombat,AquaJet,Uturn|||F|||50|,,,,,Ghost]Incineroar||AssaultVest|Intimidate|KnockOff,FlareBlitz,Uturn,FakeOut|||F|||50|,,,,,Ghost]Ursaluna||FlameOrb|Guts|Facade,HeadlongRush,Earthquake,Protect|||F|||50|,,,,,Ghost\n|inactive|Battle timer is ON: inactive players will automatically lose when time's up. (requested by stellapoke0)\n|\n|t:|1774041823\n|teamsize|p1|4\n|teamsize|p2|4\n|start\n|switch|p1a: EDM|Sneasler, L50, F|100/100\n|switch|p1b: Hinder Me|Calyrex-Shadow, L50|100/100\n|switch|p2a: Incineroar|Incineroar, L50, F|100/100\n|switch|p2b: Lunala|Lunala, L50, shiny|100/100\n|-ability|p1b: Hinder Me|As One\n|-ability|p1b: Hinder Me|Unnerve\n|-ability|p2a: Incineroar|Intimidate|boost\n|-unboost|p1a: EDM|atk|1\n|-unboost|p1b: Hinder Me|atk|1\n|turn|1\n|j| thaduck\n|\n|t:|1774041833\n|move|p1a: EDM|Fake Out|p2a: Incineroar\n|-damage|p2a: Incineroar|91/100\n|move|p1b: Hinder Me|Astral Barrage|p2a: Incineroar|[spread] p2a,p2b\n|-resisted|p2a: Incineroar\n|-supereffective|p2b: Lunala\n|-damage|p2a: Incineroar|75/100\n|-damage|p2b: Lunala|30/100\n|cant|p2a: Incineroar|flinch\n|move|p2b: Lunala|Trick Room|p2b: Lunala\n|-fieldstart|move: Trick Room|[of] p2b: Lunala\n|\n|upkeep\n|turn|2\n|\n|t:|1774041847\n|switch|p1a: Bondsmith|Clefairy, L50, F|100/100\n|move|p1b: Hinder Me|Protect|p1b: Hinder Me\n|-singleturn|p1b: Hinder Me|Protect\n|move|p2a: Incineroar|Flare Blitz|p1a: Bondsmith\n|-damage|p1a: Bondsmith|53/100\n|-damage|p2a: Incineroar|61/100|[from] Recoil\n|move|p2b: Lunala|Moongeist Beam|p1a: Bondsmith\n|-damage|p1a: Bondsmith|8/100\n|\n|upkeep\n|turn|3\n|\n|t:|1774041860\n|move|p1a: Bondsmith|Protect|p1a: Bondsmith\n|-singleturn|p1a: Bondsmith|Protect\n|move|p2b: Lunala|Wide Guard|p2b: Lunala\n|-singleturn|p2b: Lunala|Wide Guard\n|move|p2a: Incineroar|U-turn|p1a: Bondsmith\n|-activate|p1a: Bondsmith|move: Protect\n|move|p1b: Hinder Me|Disable|p2b: Lunala\n|-start|p2b: Lunala|Disable|Wide Guard\n|\n|upkeep\n|turn|4\n|\n|t:|1774041868\n|switch|p2b: Ursaluna|Ursaluna, L50, F, shiny|100/100\n|-terastallize|p1b: Hinder Me|Ghost\n|move|p1a: Bondsmith|After You|p1b: Hinder Me\n|-activate|p1b: Hinder Me|move: After You\n|move|p1b: Hinder Me|Astral Barrage|p2b: Ursaluna|[spread] p2a\n|-immune|p2b: Ursaluna\n|-resisted|p2a: Incineroar\n|-damage|p2a: Incineroar|42/100\n|move|p2a: Incineroar|U-turn|p1a: Bondsmith\n|-resisted|p1a: Bondsmith\n|-damage|p1a: Bondsmith|0 fnt\n|faint|p1a: Bondsmith\n|\n|t:|1774041879\n|switch|p2a: Lunala|Lunala, L50, shiny|30/100|[from] U-turn\n|\n|-status|p2b: Ursaluna|brn|[from] item: Flame Orb\n|upkeep\n|\n|t:|1774041887\n|switch|p1a: EDM|Sneasler, L50, F|100/100\n|turn|5\n|\n|t:|1774041905\n|-terastallize|p2b: Ursaluna|Ghost\n|move|p1a: EDM|Fake Out|p2b: Ursaluna\n|-immune|p2b: Ursaluna\n|move|p2b: Ursaluna|Headlong Rush|p1b: Hinder Me\n|-enditem|p1b: Hinder Me|Focus Sash\n|-damage|p1b: Hinder Me|1/100\n|-unboost|p2b: Ursaluna|def|1\n|-unboost|p2b: Ursaluna|spd|1\n|move|p2a: Lunala|Moongeist Beam|p1b: Hinder Me\n|-supereffective|p1b: Hinder Me\n|-damage|p1b: Hinder Me|0 fnt\n|faint|p1b: Hinder Me\n|\n|-damage|p2b: Ursaluna|94/100 brn|[from] brn\n|-fieldend|move: Trick Room\n|upkeep\n|\n|t:|1774041908\n|switch|p1b: Miraidon|Miraidon, L50|100/100\n|-fieldstart|move: Electric Terrain|[from] ability: Hadron Engine|[of] p1b: Miraidon\n|-enditem|p1a: EDM|Electric Seed\n|-boost|p1a: EDM|def|1|[from] item: Electric Seed\n|-enditem|p2a: Lunala|Electric Seed\n|-boost|p2a: Lunala|def|1|[from] item: Electric Seed\n|turn|6\n|\n|t:|1774041918\n|switch|p2b: Incineroar|Incineroar, L50, F|42/100\n|-ability|p2b: Incineroar|Intimidate|boost\n|-unboost|p1a: EDM|atk|1\n|-unboost|p1b: Miraidon|atk|1\n|move|p1a: EDM|Throat Chop|p2a: Lunala\n|-supereffective|p2a: Lunala\n|-damage|p2a: Lunala|0 fnt\n|faint|p2a: Lunala\n|move|p1b: Miraidon|Draco Meteor|p2b: Incineroar\n|-damage|p2b: Incineroar|0 fnt\n|-unboost|p1b: Miraidon|spa|2\n|faint|p2b: Incineroar\n|\n|upkeep\n|\n|t:|1774041925\n|switch|p2a: Ursaluna|Ursaluna, L50, F, shiny, tera:Ghost|94/100 brn\n|switch|p2b: Miraidon|Miraidon, L50|100/100\n|-activate|p2b: Miraidon|ability: Hadron Engine\n|turn|7\n|\n|t:|1774041943\n|move|p1a: EDM|Gunk Shot|p2b: Miraidon\n|-damage|p2b: Miraidon|62/100\n|-status|p2b: Miraidon|psn\n|move|p2b: Miraidon|Draco Meteor|p1b: Miraidon\n|-supereffective|p1b: Miraidon\n|-damage|p1b: Miraidon|0 fnt\n|-unboost|p2b: Miraidon|spa|2\n|faint|p1b: Miraidon\n|move|p2a: Ursaluna|Facade|p1a: EDM\n|-damage|p1a: EDM|0 fnt\n|faint|p1a: EDM\n|\n|win|stellapoke0\n|n|\u2606ppyyy|ppyyy\n|n|\u2606stellapoke0|stellapoke0\n|n| thaduck|thaduck\n","uploadtime":1774041943,"views":10,"formatid":"gen9vgc2026regi","rating":null,"private":0,"password":null}