{"id":"gen9vgc2026regi-2537698413","format":"[Gen 9] VGC 2026 Reg I","players":["ColonelSquid","lalo's pollos"],"log":"|j|\u2606ColonelSquid\n|j|\u2606lalo's pollos\n|t:|1770839534\n|gametype|doubles\n|player|p1|ColonelSquid|101|1503\n|player|p2|lalo's pollos|101|1491\n|gen|9\n|tier|[Gen 9] VGC 2026 Reg I\n|rated|\n|rule|Species Clause: Limit one of each Pok\u00e9mon\n|rule|Item Clause: Limit 1 of each item\n|clearpoke\n|poke|p1|Smeargle, L50, F|\n|poke|p1|Calyrex-Ice, L50|\n|poke|p1|Lunala, L50|\n|poke|p1|Indeedee-F, L50, F|\n|poke|p1|Raging Bolt, L50|\n|poke|p1|Urshifu-*, L50, M|\n|poke|p2|Zamazenta-*, L50|\n|poke|p2|Lunala, L50|\n|poke|p2|Rillaboom, L50, F|\n|poke|p2|Incineroar, L50, F|\n|poke|p2|Urshifu-*, L50, M|\n|poke|p2|Tornadus, L50, M|\n|teampreview|4\n|inactive|Battle timer is ON: inactive players will automatically lose when time's up. (requested by ColonelSquid)\n|inactive|ColonelSquid has 60 seconds left.\n|\n|t:|1770839577\n|teamsize|p1|4\n|teamsize|p2|4\n|start\n|switch|p1a: Smeargle|Smeargle, L50, F|100/100\n|switch|p1b: Indeedee|Indeedee-F, L50, F|100/100\n|switch|p2a: Incineroar|Incineroar, L50, F|100/100\n|switch|p2b: Zamazenta|Zamazenta-Crowned, L50|100/100\n|-ability|p2b: Zamazenta|Dauntless Shield|boost\n|-boost|p2b: Zamazenta|def|1\n|-fieldstart|move: Psychic Terrain|[from] ability: Psychic Surge|[of] p1b: Indeedee\n|-ability|p2a: Incineroar|Intimidate|boost\n|-unboost|p1a: Smeargle|atk|1\n|-unboost|p1b: Indeedee|atk|1\n|turn|1\n|\n|t:|1770839592\n|move|p2b: Zamazenta|Protect|p2b: Zamazenta\n|-singleturn|p2b: Zamazenta|Protect\n|move|p1a: Smeargle|Spore|p2b: Zamazenta\n|-activate|p2b: Zamazenta|move: Protect\n|move|p2a: Incineroar|Taunt|p1b: Indeedee\n|-start|p1b: Indeedee|move: Taunt\n|cant|p1b: Indeedee|move: Taunt|Trick Room\n|\n|-ability|p1a: Smeargle|Moody|boost\n|-boost|p1a: Smeargle|spe|2\n|-unboost|p1a: Smeargle|atk|1\n|upkeep\n|turn|2\n|\n|t:|1770839612\n|move|p1a: Smeargle|Spore|p2b: Zamazenta\n|-status|p2b: Zamazenta|slp|[from] move: Spore\n|cant|p2b: Zamazenta|slp\n|move|p1b: Indeedee|Psychic|p2b: Zamazenta\n|-damage|p2b: Zamazenta|73/100 slp\n|move|p2a: Incineroar|Taunt|p1a: Smeargle\n|-start|p1a: Smeargle|move: Taunt\n|\n|-ability|p1a: Smeargle|Moody|boost\n|-boost|p1a: Smeargle|atk|2\n|-unboost|p1a: Smeargle|spd|1\n|upkeep\n|turn|3\n|\n|t:|1770839625\n|switch|p1a: Calyrex|Calyrex-Ice, L50|100/100\n|-ability|p1a: Calyrex|As One\n|-ability|p1a: Calyrex|Unnerve\n|cant|p2b: Zamazenta|slp\n|move|p1b: Indeedee|Psychic|p2b: Zamazenta\n|-damage|p2b: Zamazenta|46/100 slp\n|move|p2a: Incineroar|Parting Shot|p1b: Indeedee\n|-unboost|p1b: Indeedee|atk|1\n|-unboost|p1b: Indeedee|spa|1\n|\n|t:|1770839634\n|switch|p2a: Lunala|Lunala, L50|100/100|[from] Parting Shot\n|\n|-end|p1b: Indeedee|move: Taunt\n|upkeep\n|turn|4\n|\n|t:|1770839655\n|move|p1b: Indeedee|Follow Me|p1b: Indeedee\n|-singleturn|p1b: Indeedee|move: Follow Me\n|-curestatus|p2b: Zamazenta|slp|[msg]\n|move|p2b: Zamazenta|Body Press|p1b: Indeedee\n|-damage|p1b: Indeedee|28/100\n|move|p2a: Lunala|Calm Mind|p2a: Lunala\n|-boost|p2a: Lunala|spa|1\n|-boost|p2a: Lunala|spd|1\n|move|p1a: Calyrex|Trick Room|p1a: Calyrex\n|-fieldstart|move: Trick Room|[of] p1a: Calyrex\n|\n|upkeep\n|turn|5\n|inactive|ColonelSquid has 30 seconds left.\n|\n|t:|1770839682\n|move|p2b: Zamazenta|Wide Guard|p2b: Zamazenta\n|-singleturn|p2b: Zamazenta|Wide Guard\n|move|p1b: Indeedee|Follow Me|p1b: Indeedee\n|-singleturn|p1b: Indeedee|move: Follow Me\n|move|p1a: Calyrex|Close Combat|p2b: Zamazenta\n|-supereffective|p2b: Zamazenta\n|-damage|p2b: Zamazenta|0 fnt\n|-unboost|p1a: Calyrex|def|1\n|-unboost|p1a: Calyrex|spd|1\n|faint|p2b: Zamazenta\n|-ability|p1a: Calyrex|Chilling Neigh|boost\n|-boost|p1a: Calyrex|atk|1\n|move|p2a: Lunala|Moonblast|p1b: Indeedee\n|-damage|p1b: Indeedee|0 fnt\n|faint|p1b: Indeedee\n|\n|-fieldend|move: Psychic Terrain\n|upkeep\n|\n|t:|1770839699\n|switch|p1b: Lunala|Lunala, L50|100/100\n|switch|p2b: Incineroar|Incineroar, L50, F|100/100\n|-ability|p2b: Incineroar|Intimidate|boost\n|-fail|p1a: Calyrex|unboost|[from] item: Clear Amulet|[of] p1a: Calyrex\n|-unboost|p1b: Lunala|atk|1\n|turn|6\n|\n|t:|1770839714\n|-terastallize|p1b: Lunala|Water\n|-terastallize|p2a: Lunala|Fairy\n|move|p1a: Calyrex|Protect|p1a: Calyrex\n|-singleturn|p1a: Calyrex|Protect\n|move|p2b: Incineroar|Fake Out|p1a: Calyrex\n|-activate|p1a: Calyrex|move: Protect\n|move|p1b: Lunala|Meteor Beam||[still]\n|-prepare|p1b: Lunala|Meteor Beam\n|-boost|p1b: Lunala|spa|1\n|-enditem|p1b: Lunala|Power Herb\n|-anim|p1b: Lunala|Meteor Beam|p2b: Incineroar|[miss]\n|-miss|p1b: Lunala|p2b: Incineroar\n|move|p2a: Lunala|Moongeist Beam|p1b: Lunala\n|-damage|p1b: Lunala|73/100\n|\n|upkeep\n|turn|7\n|\n|t:|1770839736\n|move|p1a: Calyrex|Close Combat|p2b: Incineroar\n|-supereffective|p2b: Incineroar\n|-damage|p2b: Incineroar|0 fnt\n|-unboost|p1a: Calyrex|def|1\n|-unboost|p1a: Calyrex|spd|1\n|faint|p2b: Incineroar\n|-ability|p1a: Calyrex|Chilling Neigh|boost\n|-boost|p1a: Calyrex|atk|1\n|move|p1b: Lunala|Moongeist Beam|p2a: Lunala\n|-damage|p2a: Lunala|81/100\n|move|p2a: Lunala|Moongeist Beam|p1a: Calyrex\n|-supereffective|p1a: Calyrex\n|-damage|p1a: Calyrex|0 fnt\n|faint|p1a: Calyrex\n|\n|-heal|p2a: Lunala|87/100|[from] item: Leftovers\n|upkeep\n|\n|t:|1770839741\n|switch|p1a: Smeargle|Smeargle, L50, F|100/100\n|switch|p2b: Urshifu|Urshifu-Rapid-Strike, L50, M|100/100\n|turn|8\n|\n|t:|1770839761\n|move|p2a: Lunala|Protect|p2a: Lunala\n|-singleturn|p2a: Lunala|Protect\n|move|p2b: Urshifu|Detect|p2b: Urshifu\n|-singleturn|p2b: Urshifu|Protect\n|move|p1b: Lunala|Moongeist Beam|p2a: Lunala\n|-activate|p2a: Lunala|move: Protect\n|move|p1a: Smeargle|Spore|p2a: Lunala\n|-activate|p2a: Lunala|move: Protect\n|\n|-heal|p2a: Lunala|93/100|[from] item: Leftovers\n|-fieldend|move: Trick Room\n|-ability|p1a: Smeargle|Moody|boost\n|-boost|p1a: Smeargle|spd|2\n|-unboost|p1a: Smeargle|spa|1\n|upkeep\n|turn|9\n|\n|t:|1770839778\n|move|p2b: Urshifu|Surging Strikes|p1a: Smeargle\n|-crit|p1a: Smeargle\n|-damage|p1a: Smeargle|35/100\n|-crit|p1a: Smeargle\n|-damage|p1a: Smeargle|0 fnt\n|faint|p1a: Smeargle\n|-hitcount|p1: Smeargle|2\n|move|p2a: Lunala|Moongeist Beam|p1b: Lunala\n|-damage|p1b: Lunala|11/100\n|move|p1b: Lunala|Trick Room|p1b: Lunala\n|-fieldstart|move: Trick Room|[of] p1b: Lunala\n|\n|-heal|p2a: Lunala|99/100|[from] item: Leftovers\n|upkeep\n|turn|10\n|-message|ColonelSquid forfeited.\n|\n|win|lalo's pollos\n|raw|ColonelSquid's rating: 1503 &rarr; <strong>1482</strong><br />(-21 for losing)\n|raw|lalo&apos;s pollos's rating: 1491 &rarr; <strong>1512</strong><br />(+21 for winning)\n|l|\u2606ColonelSquid\n|player|p1|\n|l|\u2606lalo's pollos\n|player|p2|\n","uploadtime":1770840052,"views":23,"formatid":"gen9vgc2026regi","rating":1482,"private":0,"password":null}