{"id":"gen9vgc2026regi-2553360598","format":"[Gen 9] VGC 2026 Reg I","players":["Sun and Moon Rock","g0dGun"],"log":"|j|\u2606Sun and Moon Rock\n|j|\u2606g0dGun\n|t:|1772823748\n|gametype|doubles\n|player|p1|Sun and Moon Rock|wallace|1208\n|player|p2|g0dGun|blue|1212\n|gen|9\n|tier|[Gen 9] VGC 2026 Reg I\n|rated|\n|rule|Species Clause: Limit one of each Pok\u00e9mon\n|rule|Item Clause: Limit 1 of each item\n|clearpoke\n|poke|p1|Groudon, L50|\n|poke|p1|Lunala, L50|\n|poke|p1|Ogerpon-Hearthflame, L50, F|\n|poke|p1|Flutter Mane, L50|\n|poke|p1|Incineroar, L50, M|\n|poke|p1|Chien-Pao, L50|\n|poke|p2|Hitmontop, L50, M|\n|poke|p2|Terapagos, L50, M|\n|poke|p2|Calyrex-Shadow, L50|\n|poke|p2|Ogerpon-Cornerstone, L50, F|\n|poke|p2|Urshifu-*, L50, F|\n|poke|p2|Whimsicott, L50, M|\n|teampreview|4\n|inactive|Battle timer is ON: inactive players will automatically lose when time's up. (requested by g0dGun)\n|inactive|Sun and Moon Rock also wants the timer to be on.\n|\n|t:|1772823777\n|teamsize|p1|4\n|teamsize|p2|4\n|start\n|switch|p1a: Lunala|Lunala, L50|100/100\n|switch|p1b: Ogerpon|Ogerpon-Hearthflame, L50, F|100/100\n|switch|p2a: Hitmontop|Hitmontop, L50, M|100/100\n|switch|p2b: Terapagos|Terapagos, L50, M|100/100\n|-activate|p2b: Terapagos|ability: Tera Shift\n|detailschange|p2b: Terapagos|Terapagos-Terastal, L50, M\n|-heal|p2b: Terapagos|100/100|[silent]\n|-ability|p1b: Ogerpon|Mold Breaker\n|-ability|p2a: Hitmontop|Intimidate|boost\n|-unboost|p1a: Lunala|atk|1\n|-unboost|p1b: Ogerpon|atk|1\n|turn|1\n|inactive|Sun and Moon Rock has 30 seconds left.\n|inactive|g0dGun has 30 seconds left.\n|\n|t:|1772823802\n|-terastallize|p2b: Terapagos|Stellar\n|detailschange|p2b: Terapagos|Terapagos-Stellar, L50, M, tera:Stellar\n|-heal|p2b: Terapagos|100/100|[silent]\n|move|p1b: Ogerpon|Spiky Shield|p1b: Ogerpon\n|-singleturn|p1b: Ogerpon|move: Protect\n|move|p2a: Hitmontop|Vacuum Wave|p2b: Terapagos\n|-supereffective|p2b: Terapagos\n|-damage|p2b: Terapagos|95/100\n|-enditem|p2b: Terapagos|Weakness Policy\n|-boost|p2b: Terapagos|atk|2|[from] item: Weakness Policy\n|-boost|p2b: Terapagos|spa|2|[from] item: Weakness Policy\n|move|p2b: Terapagos|Tera Starstorm|p1a: Lunala|[spread] p1a\n|-activate|p1b: Ogerpon|move: Protect\n|-damage|p1a: Lunala|79/100\n|move|p1a: Lunala|Moonblast|p2a: Hitmontop\n|-supereffective|p2a: Hitmontop\n|-damage|p2a: Hitmontop|53/100\n|-enditem|p2a: Hitmontop|Eject Button\n|\n|t:|1772823821\n|switch|p2a: Calyrex|Calyrex-Shadow, L50|100/100\n|-ability|p2a: Calyrex|As One\n|-ability|p2a: Calyrex|Unnerve\n|\n|-heal|p1a: Lunala|86/100|[from] item: Leftovers\n|upkeep\n|turn|2\n|\n|t:|1772823838\n|-terastallize|p1b: Ogerpon|Fire\n|detailschange|p1b: Ogerpon|Ogerpon-Hearthflame-Tera, L50, F, tera:Fire\n|-ability|p1b: Ogerpon|Embody Aspect (Hearthflame)|boost\n|-boost|p1b: Ogerpon|atk|1\n|move|p2a: Calyrex|Encore|p1b: Ogerpon\n|-start|p1b: Ogerpon|Encore\n|move|p1b: Ogerpon|Spiky Shield||[still]\n|-fail|p1b: Ogerpon\n|move|p2b: Terapagos|Rock Polish|p2b: Terapagos\n|-boost|p2b: Terapagos|spe|2\n|move|p1a: Lunala|Trick Room|p1a: Lunala\n|-fieldstart|move: Trick Room|[of] p1a: Lunala\n|\n|-heal|p1a: Lunala|92/100|[from] item: Leftovers\n|upkeep\n|turn|3\n|\n|t:|1772823863\n|switch|p1b: Groudon|Groudon, L50|100/100\n|-weather|SunnyDay|[from] ability: Drought|[of] p1b: Groudon\n|switch|p2a: Ogerpon|Ogerpon-Cornerstone, L50, F|100/100\n|move|p1a: Lunala|Moongeist Beam|p2a: Ogerpon\n|-damage|p2a: Ogerpon|46/100\n|move|p2b: Terapagos|Tera Starstorm|p1a: Lunala|[spread] p1a,p1b\n|-damage|p1a: Lunala|43/100\n|-damage|p1b: Groudon|32/100\n|\n|-weather|SunnyDay|[upkeep]\n|-heal|p1a: Lunala|49/100|[from] item: Leftovers\n|upkeep\n|turn|4\n|inactive|Sun and Moon Rock has 30 seconds left.\n|inactive|g0dGun has 30 seconds left.\n|inactive|Sun and Moon Rock has 20 seconds left.\n|\n|t:|1772823905\n|move|p2a: Ogerpon|Spiky Shield|p2a: Ogerpon\n|-singleturn|p2a: Ogerpon|move: Protect\n|move|p2b: Terapagos|Protect|p2b: Terapagos\n|-singleturn|p2b: Terapagos|Protect\n|move|p1a: Lunala|Wide Guard|p1a: Lunala\n|-singleturn|p1a: Lunala|Wide Guard\n|move|p1b: Groudon|Precipice Blades|p2b: Terapagos|[spread] \n|-activate|p2a: Ogerpon|move: Protect\n|-activate|p2b: Terapagos|move: Protect\n|\n|-weather|SunnyDay|[upkeep]\n|-heal|p1a: Lunala|55/100|[from] item: Leftovers\n|upkeep\n|turn|5\n|\n|t:|1772823922\n|move|p1a: Lunala|Wide Guard|p1a: Lunala\n|-singleturn|p1a: Lunala|Wide Guard\n|move|p1b: Groudon|Precipice Blades|p2a: Ogerpon|[spread] p2a,p2b\n|-damage|p2a: Ogerpon|0 fnt\n|-damage|p2b: Terapagos|60/100\n|faint|p2a: Ogerpon\n|move|p2b: Terapagos|Earth Power|p1b: Groudon\n|-crit|p1b: Groudon\n|-damage|p1b: Groudon|0 fnt\n|faint|p1b: Groudon\n|\n|-weather|SunnyDay|[upkeep]\n|-heal|p1a: Lunala|61/100|[from] item: Leftovers\n|upkeep\n|\n|t:|1772823935\n|switch|p1b: Ogerpon|Ogerpon-Hearthflame-Tera, L50, F, tera:Fire|100/100\n|switch|p2a: Calyrex|Calyrex-Shadow, L50|100/100\n|-ability|p2a: Calyrex|As One\n|-ability|p2a: Calyrex|Unnerve\n|-ability|p1b: Ogerpon|Embody Aspect (Hearthflame)|boost\n|-boost|p1b: Ogerpon|atk|1\n|turn|6\n|\n|t:|1772823954\n|move|p2a: Calyrex|Protect|p2a: Calyrex\n|-singleturn|p2a: Calyrex|Protect\n|move|p2b: Terapagos|Protect|p2b: Terapagos\n|-singleturn|p2b: Terapagos|Protect\n|move|p1a: Lunala|Moongeist Beam|p2a: Calyrex\n|-activate|p2a: Calyrex|move: Protect\n|move|p1b: Ogerpon|Ivy Cudgel|p2b: Terapagos|[anim] Ivy Cudgel Fire\n|-activate|p2b: Terapagos|move: Protect\n|\n|-weather|SunnyDay|[upkeep]\n|-heal|p1a: Lunala|68/100|[from] item: Leftovers\n|-fieldend|move: Trick Room\n|upkeep\n|turn|7\n|\n|t:|1772823972\n|move|p1a: Lunala|Wide Guard|p1a: Lunala\n|-singleturn|p1a: Lunala|Wide Guard\n|move|p2b: Terapagos|Earth Power|p1b: Ogerpon\n|-supereffective|p1b: Ogerpon\n|-damage|p1b: Ogerpon|0 fnt\n|faint|p1b: Ogerpon\n|detailschange|p1: Ogerpon|Ogerpon-Hearthflame, L50, F|[silent]\n|move|p2a: Calyrex|Astral Barrage|p1a: Lunala\n|-activate|p1a: Lunala|move: Wide Guard\n|\n|-weather|none\n|-heal|p1a: Lunala|74/100|[from] item: Leftovers\n|upkeep\n|\n|t:|1772823982\n|switch|p1b: Flutter Mane|Flutter Mane, L50|100/100\n|turn|8\n|\n|t:|1772823990\n|move|p1a: Lunala|Wide Guard|p1a: Lunala\n|-singleturn|p1a: Lunala|Wide Guard\n|move|p2b: Terapagos|Earth Power|p1b: Flutter Mane\n|-damage|p1b: Flutter Mane|12/100\n|move|p2a: Calyrex|Encore|p1a: Lunala\n|-start|p1a: Lunala|Encore\n|move|p1b: Flutter Mane|Shadow Ball|p2a: Calyrex\n|-supereffective|p2a: Calyrex\n|-crit|p2a: Calyrex\n|-enditem|p2a: Calyrex|Focus Sash\n|-damage|p2a: Calyrex|1/100\n|\n|-heal|p1a: Lunala|80/100|[from] item: Leftovers\n|upkeep\n|turn|9\n|\n|t:|1772824007\n|move|p1a: Lunala|Wide Guard|p1a: Lunala\n|-singleturn|p1a: Lunala|Wide Guard\n|move|p2b: Terapagos|Earth Power|p1b: Flutter Mane\n|-damage|p1b: Flutter Mane|0 fnt\n|faint|p1b: Flutter Mane\n|-end|p1b: Flutter Mane|Protosynthesis|[silent]\n|move|p2a: Calyrex|Psychic|p1a: Lunala\n|-resisted|p1a: Lunala\n|-damage|p1a: Lunala|64/100\n|\n|-heal|p1a: Lunala|70/100|[from] item: Leftovers\n|upkeep\n|turn|10\n|\n|t:|1772824022\n|move|p1a: Lunala|Wide Guard|p1a: Lunala\n|-singleturn|p1a: Lunala|Wide Guard\n|move|p2b: Terapagos|Earth Power|p1a: Lunala\n|-damage|p1a: Lunala|23/100\n|move|p2a: Calyrex|Psychic|p1a: Lunala\n|-resisted|p1a: Lunala\n|-damage|p1a: Lunala|6/100\n|\n|-heal|p1a: Lunala|13/100|[from] item: Leftovers\n|upkeep\n|turn|11\n|\n|t:|1772824035\n|move|p1a: Lunala|Wide Guard|p1a: Lunala\n|-singleturn|p1a: Lunala|Wide Guard\n|move|p2b: Terapagos|Earth Power|p1a: Lunala\n|-crit|p1a: Lunala\n|-damage|p1a: Lunala|0 fnt\n|faint|p1a: Lunala\n|\n|win|g0dGun\n|raw|Sun and Moon Rock's rating: 1208 &rarr; <strong>1183</strong><br />(-25 for losing)\n|raw|g0dGun's rating: 1212 &rarr; <strong>1237</strong><br />(+25 for winning)\n|l|\u2606Sun and Moon Rock\n|player|p1|\n","uploadtime":1772824049,"views":16,"formatid":"gen9vgc2026regi","rating":1183,"private":0,"password":null}