{"id":"gen9vgc2026regi-2540038407","format":"[Gen 9] VGC 2026 Reg I","players":["SEITA","raigonjoy"],"log":"|j|\u2606SEITA\n|j|\u2606raigonjoy\n|t:|1771150105\n|gametype|doubles\n|player|p1|SEITA|lucas-gen4pt|1570\n|player|p2|raigonjoy|2|1617\n|gen|9\n|tier|[Gen 9] VGC 2026 Reg I\n|rated|\n|rule|Species Clause: Limit one of each Pok\u00e9mon\n|rule|Item Clause: Limit 1 of each item\n|clearpoke\n|poke|p1|Zamazenta-*, L50|\n|poke|p1|Kyogre, L50|\n|poke|p1|Wo-Chien, L50|\n|poke|p1|Grimmsnarl, L50, M|\n|poke|p1|Rhyperior, L50, M|\n|poke|p1|Ditto, L50|\n|poke|p2|Whimsicott, L50, F|\n|poke|p2|Urshifu-*, L50, F|\n|poke|p2|Ursaluna, L50, M|\n|poke|p2|Miraidon, L50|\n|poke|p2|Lunala, L50|\n|poke|p2|Incineroar, L50, M|\n|teampreview|4\n|inactive|Battle timer is ON: inactive players will automatically lose when time's up. (requested by raigonjoy)\n|inactive|raigonjoy has 60 seconds left.\n|\n|t:|1771150157\n|teamsize|p1|4\n|teamsize|p2|4\n|start\n|switch|p1a: Grimmsnarl|Grimmsnarl, L50, M|100/100\n|switch|p1b: Zamazenta|Zamazenta-Crowned, L50|100/100\n|switch|p2a: Miraidon|Miraidon, L50, shiny|100/100\n|switch|p2b: Incineroar|Incineroar, L50, M, shiny|100/100\n|-fieldstart|move: Electric Terrain|[from] ability: Hadron Engine|[of] p2a: Miraidon\n|-ability|p1b: Zamazenta|Dauntless Shield|boost\n|-boost|p1b: Zamazenta|def|1\n|-ability|p2b: Incineroar|Intimidate|boost\n|-unboost|p1a: Grimmsnarl|atk|1\n|-unboost|p1b: Zamazenta|atk|1\n|turn|1\n|inactive|raigonjoy has 30 seconds left.\n|inactive|raigonjoy has 20 seconds left.\n|inactive|raigonjoy has 15 seconds left.\n|inactive|raigonjoy has 10 seconds left.\n|\n|t:|1771150207\n|switch|p1a: Rhyperior|Rhyperior, L50, M|100/100\n|-terastallize|p2b: Incineroar|Bug\n|move|p2a: Miraidon|Protect|p2a: Miraidon\n|-singleturn|p2a: Miraidon|Protect\n|move|p1b: Zamazenta|Body Press|p2b: Incineroar\n|-resisted|p2b: Incineroar\n|-damage|p2b: Incineroar|71/100\n|move|p2b: Incineroar|U-turn|p1a: Rhyperior\n|-damage|p1a: Rhyperior|80/100\n|\n|t:|1771150226\n|switch|p2b: Urshifu|Urshifu-Rapid-Strike, L50, F|100/100|[from] U-turn\n|\n|upkeep\n|turn|2\n|\n|t:|1771150245\n|switch|p1a: Grimmsnarl|Grimmsnarl, L50, M|100/100\n|-terastallize|p1b: Zamazenta|Grass\n|move|p2a: Miraidon|Draco Meteor|p1a: Grimmsnarl\n|-immune|p1a: Grimmsnarl\n|move|p1b: Zamazenta|Body Press|p2b: Urshifu\n|-damage|p2b: Urshifu|42/100\n|move|p2b: Urshifu|Surging Strikes|p1b: Zamazenta\n|-resisted|p1b: Zamazenta\n|-crit|p1b: Zamazenta\n|-damage|p1b: Zamazenta|91/100\n|-resisted|p1b: Zamazenta\n|-crit|p1b: Zamazenta\n|-damage|p1b: Zamazenta|82/100\n|-resisted|p1b: Zamazenta\n|-crit|p1b: Zamazenta\n|-damage|p1b: Zamazenta|72/100\n|-hitcount|p1b: Zamazenta|3\n|\n|upkeep\n|turn|3\n|inactive|raigonjoy has 30 seconds left.\n|inactive|raigonjoy has 20 seconds left.\n|inactive|raigonjoy has 15 seconds left.\n|inactive|raigonjoy has 10 seconds left.\n|inactive|raigonjoy has 5 seconds left.\n|\n|t:|1771150298\n|move|p2a: Miraidon|Protect|p2a: Miraidon\n|-singleturn|p2a: Miraidon|Protect\n|move|p1a: Grimmsnarl|Parting Shot|p2a: Miraidon\n|-activate|p2a: Miraidon|move: Protect\n|move|p1b: Zamazenta|Body Press|p2b: Urshifu\n|-damage|p2b: Urshifu|0 fnt\n|faint|p2b: Urshifu\n|\n|upkeep\n|\n|t:|1771150312\n|switch|p2b: Lunala|Lunala, L50, shiny|100/100\n|-enditem|p2b: Lunala|Electric Seed\n|-boost|p2b: Lunala|def|1|[from] item: Electric Seed\n|turn|4\n|\n|t:|1771150328\n|move|p1a: Grimmsnarl|Light Screen|p1a: Grimmsnarl\n|-sidestart|p1: SEITA|move: Light Screen\n|move|p2a: Miraidon|Draco Meteor|p1b: Zamazenta\n|-damage|p1b: Zamazenta|18/100\n|-unboost|p2a: Miraidon|spa|2\n|-damage|p2a: Miraidon|91/100|[from] item: Life Orb\n|move|p1b: Zamazenta|Body Press|p2a: Miraidon\n|-crit|p2a: Miraidon\n|-damage|p2a: Miraidon|3/100\n|move|p2b: Lunala|Moongeist Beam|p1b: Zamazenta\n|-damage|p1b: Zamazenta|0 fnt\n|faint|p1b: Zamazenta\n|\n|upkeep\n|\n|t:|1771150349\n|switch|p1b: Kyogre|Kyogre, L50|100/100\n|-weather|RainDance|[from] ability: Drizzle|[of] p1b: Kyogre\n|turn|5\n|\n|t:|1771150371\n|move|p2a: Miraidon|Protect|p2a: Miraidon\n|-singleturn|p2a: Miraidon|Protect\n|move|p1a: Grimmsnarl|Parting Shot|p2b: Lunala\n|-unboost|p2b: Lunala|atk|1\n|-unboost|p2b: Lunala|spa|1\n|\n|t:|1771150377\n|switch|p1a: Rhyperior|Rhyperior, L50, M|80/100|[from] Parting Shot\n|move|p2b: Lunala|Moongeist Beam|p1b: Kyogre\n|-damage|p1b: Kyogre|83/100\n|move|p1b: Kyogre|Ice Beam|p2a: Miraidon\n|-activate|p2a: Miraidon|move: Protect\n|\n|-weather|RainDance|[upkeep]\n|-heal|p1b: Kyogre|88/100|[from] item: Leftovers\n|-fieldend|move: Electric Terrain\n|upkeep\n|turn|6\n|\n|t:|1771150400\n|switch|p2a: Incineroar|Incineroar, L50, M, shiny, tera:Bug|71/100\n|-ability|p2a: Incineroar|Intimidate|boost\n|-unboost|p1a: Rhyperior|atk|1\n|-unboost|p1b: Kyogre|atk|1\n|move|p2b: Lunala|Moongeist Beam|p1a: Rhyperior\n|-damage|p1a: Rhyperior|62/100\n|move|p1b: Kyogre|Origin Pulse|p2b: Lunala|[spread] p2a,p2b\n|-damage|p2a: Incineroar|25/100\n|-damage|p2b: Lunala|76/100\n|move|p1a: Rhyperior|Crunch|p2b: Lunala\n|-supereffective|p2b: Lunala\n|-damage|p2b: Lunala|34/100\n|\n|-weather|RainDance|[upkeep]\n|-heal|p1b: Kyogre|94/100|[from] item: Leftovers\n|upkeep\n|turn|7\n|-message|raigonjoy forfeited.\n|\n|win|SEITA\n|raw|SEITA's rating: 1570 &rarr; <strong>1593</strong><br />(+23 for winning)\n|raw|raigonjoy's rating: 1617 &rarr; <strong>1594</strong><br />(-23 for losing)\n|l|\u2606raigonjoy\n|player|p2|\n|j|\u2606raigonjoy\n|player|p2|raigonjoy|2|\n|l|\u2606SEITA\n|player|p1|\n|l|\u2606raigonjoy\n|player|p2|\n","uploadtime":1771150414,"views":151,"formatid":"gen9vgc2026regi","rating":1593,"private":0,"password":null}