{"id":"gen9vgc2026regi-2565357399","format":"[Gen 9] VGC 2026 Reg I","players":["dasabe\u76d6\u6b27\u5361\u4fa0","kojimuranishi"],"log":"|j|\u2606dasabe\u76d6\u6b27\u5361\u4fa0\n|j|\u2606kojimuranishi\n|t:|1774267337\n|gametype|doubles\n|player|p1|dasabe\u76d6\u6b27\u5361\u4fa0|may-masters4|1580\n|player|p2|kojimuranishi|2|1496\n|gen|9\n|tier|[Gen 9] VGC 2026 Reg I\n|rated|\n|rule|Species Clause: Limit one of each Pok\u00e9mon\n|rule|Item Clause: Limit 1 of each item\n|clearpoke\n|poke|p1|Kyogre, L50|\n|poke|p1|Zacian-*, L50|\n|poke|p1|Clefairy, L50, F|\n|poke|p1|Tornadus, L50, M|\n|poke|p1|Landorus, L50, M|\n|poke|p1|Smeargle, L50, F|\n|poke|p2|Whimsicott, L50, F|\n|poke|p2|Calyrex-Ice, L50|\n|poke|p2|Miraidon, L50|\n|poke|p2|Chi-Yu, L50|\n|poke|p2|Landorus, L50, M|\n|poke|p2|Farigiraf, L50, M|\n|teampreview|4\n|inactive|Battle timer is ON: inactive players will automatically lose when time's up. (requested by kojimuranishi)\n|\n|t:|1774267356\n|teamsize|p1|4\n|teamsize|p2|4\n|start\n|switch|p1a: \u5c0f\u7b14\u7ea2\u80bf|Smeargle, L50, F, shiny|100/100\n|switch|p1b: \u6210\u90fd\u8001\u76d6|Kyogre, L50, shiny|100/100\n|switch|p2a: Miraidon|Miraidon, L50|100/100\n|switch|p2b: Farigiraf|Farigiraf, L50, M|100/100\n|-fieldstart|move: Electric Terrain|[from] ability: Hadron Engine|[of] p2a: Miraidon\n|-enditem|p2b: Farigiraf|Electric Seed\n|-boost|p2b: Farigiraf|def|1|[from] item: Electric Seed\n|-weather|RainDance|[from] ability: Drizzle|[of] p1b: \u6210\u90fd\u8001\u76d6\n|turn|1\n|\n|t:|1774267377\n|move|p1a: \u5c0f\u7b14\u7ea2\u80bf|Follow Me|p1a: \u5c0f\u7b14\u7ea2\u80bf\n|-singleturn|p1a: \u5c0f\u7b14\u7ea2\u80bf|move: Follow Me\n|move|p2a: Miraidon|Snarl|p1a: \u5c0f\u7b14\u7ea2\u80bf|[spread] p1a,p1b\n|-damage|p1a: \u5c0f\u7b14\u7ea2\u80bf|60/100\n|-damage|p1b: \u6210\u90fd\u8001\u76d6|86/100\n|-unboost|p1a: \u5c0f\u7b14\u7ea2\u80bf|spa|1\n|-unboost|p1b: \u6210\u90fd\u8001\u76d6|spa|1\n|move|p1b: \u6210\u90fd\u8001\u76d6|Origin Pulse|p2b: Farigiraf|[spread] p2b\n|-miss|p1b: \u6210\u90fd\u8001\u76d6|p2a: Miraidon\n|-damage|p2b: Farigiraf|40/100\n|move|p2b: Farigiraf|Light Screen|p2b: Farigiraf\n|-sidestart|p2: kojimuranishi|move: Light Screen\n|\n|-weather|RainDance|[upkeep]\n|-ability|p1a: \u5c0f\u7b14\u7ea2\u80bf|Moody|boost\n|-boost|p1a: \u5c0f\u7b14\u7ea2\u80bf|spa|2\n|-unboost|p1a: \u5c0f\u7b14\u7ea2\u80bf|def|1\n|upkeep\n|turn|2\n|inactive|kojimuranishi has 30 seconds left.\n|inactive|kojimuranishi has 20 seconds left.\n|inactive|kojimuranishi has 15 seconds left.\n|inactive|kojimuranishi has 10 seconds left.\n|\n|t:|1774267424\n|move|p1a: \u5c0f\u7b14\u7ea2\u80bf|Wide Guard|p1a: \u5c0f\u7b14\u7ea2\u80bf\n|-singleturn|p1a: \u5c0f\u7b14\u7ea2\u80bf|Wide Guard\n|move|p2a: Miraidon|Snarl|p1b: \u6210\u90fd\u8001\u76d6|[spread] \n|-activate|p1a: \u5c0f\u7b14\u7ea2\u80bf|move: Wide Guard\n|-activate|p1b: \u6210\u90fd\u8001\u76d6|move: Wide Guard\n|move|p1b: \u6210\u90fd\u8001\u76d6|Origin Pulse|p2b: Farigiraf|[spread] p2a,p2b\n|-resisted|p2a: Miraidon\n|-damage|p2a: Miraidon|75/100\n|-damage|p2b: Farigiraf|0 fnt\n|faint|p2b: Farigiraf\n|\n|-weather|RainDance|[upkeep]\n|-ability|p1a: \u5c0f\u7b14\u7ea2\u80bf|Moody|boost\n|-boost|p1a: \u5c0f\u7b14\u7ea2\u80bf|spd|2\n|-unboost|p1a: \u5c0f\u7b14\u7ea2\u80bf|spa|1\n|upkeep\n|\n|t:|1774267439\n|switch|p2b: Calyrex|Calyrex-Ice, L50|100/100\n|-ability|p2b: Calyrex|As One\n|-ability|p2b: Calyrex|Unnerve\n|turn|3\n|\n|t:|1774267447\n|switch|p2a: Whimsicott|Whimsicott, L50, F|100/100\n|switch|p1a: \u8349\u76ae|Clefairy, L50, F|100/100\n|move|p1b: \u6210\u90fd\u8001\u76d6|Origin Pulse|p2b: Calyrex|[spread] p2b\n|-miss|p1b: \u6210\u90fd\u8001\u76d6|p2a: Whimsicott\n|-damage|p2b: Calyrex|54/100\n|move|p2b: Calyrex|High Horsepower|p1a: \u8349\u76ae\n|-damage|p1a: \u8349\u76ae|53/100\n|\n|-weather|RainDance|[upkeep]\n|upkeep\n|turn|4\n|\n|t:|1774267470\n|-terastallize|p1b: \u6210\u90fd\u8001\u76d6|Water\n|move|p1a: \u8349\u76ae|Follow Me|p1a: \u8349\u76ae\n|-singleturn|p1a: \u8349\u76ae|move: Follow Me\n|move|p2a: Whimsicott|Moonblast|p1a: \u8349\u76ae\n|-damage|p1a: \u8349\u76ae|19/100\n|-unboost|p1a: \u8349\u76ae|spa|1\n|move|p1b: \u6210\u90fd\u8001\u76d6|Origin Pulse|p2a: Whimsicott|[spread] \n|-miss|p1b: \u6210\u90fd\u8001\u76d6|p2a: Whimsicott\n|-miss|p1b: \u6210\u90fd\u8001\u76d6|p2b: Calyrex\n|move|p2b: Calyrex|High Horsepower|p1a: \u8349\u76ae\n|-damage|p1a: \u8349\u76ae|0 fnt\n|faint|p1a: \u8349\u76ae\n|-ability|p2b: Calyrex|Chilling Neigh|boost\n|-boost|p2b: Calyrex|atk|1\n|\n|-weather|RainDance|[upkeep]\n|upkeep\n|\n|t:|1774267475\n|switch|p1a: \u5c0f\u7b14\u7ea2\u80bf|Smeargle, L50, F, shiny|60/100\n|turn|5\n|inactive|kojimuranishi has 30 seconds left.\n|\n|t:|1774267506\n|switch|p1a: \u9a82\u8c01\u542b\u5251|Zacian-Crowned, L50|100/100\n|-ability|p1a: \u9a82\u8c01\u542b\u5251|Intrepid Sword|boost\n|-boost|p1a: \u9a82\u8c01\u542b\u5251|atk|1\n|switch|p2b: Miraidon|Miraidon, L50|75/100\n|-activate|p2b: Miraidon|ability: Hadron Engine\n|move|p2a: Whimsicott|Moonblast|p1a: \u9a82\u8c01\u542b\u5251\n|-resisted|p1a: \u9a82\u8c01\u542b\u5251\n|-damage|p1a: \u9a82\u8c01\u542b\u5251|83/100\n|-unboost|p1a: \u9a82\u8c01\u542b\u5251|spa|1\n|move|p1b: \u6210\u90fd\u8001\u76d6|Origin Pulse|p2a: Whimsicott|[spread] p2a\n|-miss|p1b: \u6210\u90fd\u8001\u76d6|p2b: Miraidon\n|-resisted|p2a: Whimsicott\n|-damage|p2a: Whimsicott|42/100\n|\n|-weather|none\n|-sideend|p2: kojimuranishi|move: Light Screen\n|-fieldend|move: Electric Terrain\n|upkeep\n|turn|6\n|inactive|kojimuranishi has 30 seconds left.\n|inactive|kojimuranishi has 20 seconds left.\n|inactive|kojimuranishi has 15 seconds left.\n|\n|t:|1774267548\n|-terastallize|p2b: Miraidon|Electric\n|move|p2a: Whimsicott|Tailwind|p2a: Whimsicott\n|-sidestart|p2: kojimuranishi|move: Tailwind\n|move|p2b: Miraidon|Electro Drift|p1a: \u9a82\u8c01\u542b\u5251\n|-damage|p1a: \u9a82\u8c01\u542b\u5251|22/100\n|move|p1a: \u9a82\u8c01\u542b\u5251|Behemoth Blade|p2b: Miraidon\n|-resisted|p2b: Miraidon\n|-damage|p2b: Miraidon|35/100\n|move|p1b: \u6210\u90fd\u8001\u76d6|Origin Pulse|p2a: Whimsicott|[spread] p2a,p2b\n|-resisted|p2a: Whimsicott\n|-crit|p2a: Whimsicott\n|-damage|p2a: Whimsicott|0 fnt\n|-damage|p2b: Miraidon|0 fnt\n|faint|p2a: Whimsicott\n|faint|p2b: Miraidon\n|\n|upkeep\n|\n|t:|1774267565\n|switch|p2b: Calyrex|Calyrex-Ice, L50|54/100\n|-ability|p2b: Calyrex|As One\n|-ability|p2b: Calyrex|Unnerve\n|turn|7\n|\n|t:|1774267574\n|move|p2b: Calyrex|Glacial Lance|p1b: \u6210\u90fd\u8001\u76d6|[spread] p1a,p1b\n|-resisted|p1a: \u9a82\u8c01\u542b\u5251\n|-resisted|p1b: \u6210\u90fd\u8001\u76d6\n|-damage|p1a: \u9a82\u8c01\u542b\u5251|0 fnt\n|-damage|p1b: \u6210\u90fd\u8001\u76d6|42/100\n|faint|p1a: \u9a82\u8c01\u542b\u5251\n|-ability|p2b: Calyrex|Chilling Neigh|boost\n|-boost|p2b: Calyrex|atk|1\n|move|p1b: \u6210\u90fd\u8001\u76d6|Origin Pulse|p2b: Calyrex\n|-damage|p2b: Calyrex|0 fnt\n|faint|p2b: Calyrex\n|\n|win|dasabe\u76d6\u6b27\u5361\u4fa0\n|raw|dasabe\u76d6\u6b27\u5361\u4fa0's rating: 1580 &rarr; <strong>1595</strong><br />(+15 for winning)\n|raw|kojimuranishi's rating: 1496 &rarr; <strong>1481</strong><br />(-15 for losing)\n|l|\u2606dasabe\u76d6\u6b27\u5361\u4fa0\n|player|p1|\n|l|\u2606kojimuranishi\n|player|p2|\n","uploadtime":1774267759,"views":14,"formatid":"gen9vgc2026regi","rating":1481,"private":0,"password":null}