{"id":"gen9vgc2026regi-2547877071","format":"[Gen 9] VGC 2026 Reg I","players":["Schimmli","luckstat10"],"log":"|j|\u2606Schimmli\n|j|\u2606luckstat10\n|t:|1772140541\n|gametype|doubles\n|player|p1|Schimmli|2|1454\n|player|p2|luckstat10|265|1407\n|gen|9\n|tier|[Gen 9] VGC 2026 Reg I\n|rated|\n|rule|Species Clause: Limit one of each Pok\u00e9mon\n|rule|Item Clause: Limit 1 of each item\n|clearpoke\n|poke|p1|Terapagos, L50, M|\n|poke|p1|Calyrex-Shadow, L50|\n|poke|p1|Flutter Mane, L50|\n|poke|p1|Ogerpon-Cornerstone, L50, F|\n|poke|p1|Incineroar, L50, F|\n|poke|p1|Rillaboom, L50, F|\n|poke|p2|Miraidon, L50|\n|poke|p2|Ursaluna, L50, M|\n|poke|p2|Grimmsnarl, L50, M|\n|poke|p2|Volcarona, L50, F|\n|poke|p2|Calyrex-Ice, L50|\n|poke|p2|Ogerpon-Cornerstone, L50, F|\n|teampreview|4\n|inactive|Battle timer is ON: inactive players will automatically lose when time's up. (requested by Schimmli)\n|inactive|luckstat10 has 60 seconds left.\n|\n|t:|1772140688\n|teamsize|p1|4\n|teamsize|p2|4\n|start\n|switch|p1a: Terapagos|Terapagos, L50, M|100/100\n|switch|p1b: Ogerpon|Ogerpon-Cornerstone, L50, F|100/100\n|switch|p2a: Loki|Grimmsnarl, L50, M, shiny|100/100\n|switch|p2b: Zeus|Miraidon, L50|100/100\n|-activate|p1a: Terapagos|ability: Tera Shift\n|detailschange|p1a: Terapagos|Terapagos-Terastal, L50, M\n|-heal|p1a: Terapagos|100/100|[silent]\n|-fieldstart|move: Electric Terrain|[from] ability: Hadron Engine|[of] p2b: Zeus\n|turn|1\n|inactive|Schimmli has 30 seconds left.\n|inactive|Schimmli has 20 seconds left.\n|\n|t:|1772140727\n|switch|p1b: Rillaboom|Rillaboom, L50, F|100/100\n|-fieldstart|move: Grassy Terrain|[from] ability: Grassy Surge|[of] p1b: Rillaboom\n|move|p1a: Terapagos|Protect|p1a: Terapagos\n|-singleturn|p1a: Terapagos|Protect\n|move|p2a: Loki|Light Screen|p2a: Loki\n|-sidestart|p2: luckstat10|move: Light Screen\n|move|p2b: Zeus|Snarl|p1a: Terapagos|[spread] p1b\n|-activate|p1a: Terapagos|move: Protect\n|-damage|p1b: Rillaboom|91/100\n|-unboost|p1b: Rillaboom|spa|1\n|\n|-heal|p1b: Rillaboom|97/100|[from] Grassy Terrain\n|upkeep\n|turn|2\n|\n|t:|1772140738\n|switch|p2b: Mothra|Volcarona, L50, F, shiny|100/100\n|move|p1b: Rillaboom|Fake Out|p2b: Mothra\n|-damage|p2b: Mothra|84/100\n|move|p1a: Terapagos|Calm Mind|p1a: Terapagos\n|-boost|p1a: Terapagos|spa|1\n|-boost|p1a: Terapagos|spd|1\n|move|p2a: Loki|Spirit Break|p1a: Terapagos\n|-activate|p1a: Terapagos|ability: Tera Shell\n|-resisted|p1a: Terapagos\n|-damage|p1a: Terapagos|91/100\n|-unboost|p1a: Terapagos|spa|1\n|\n|-heal|p2b: Mothra|90/100|[from] Grassy Terrain\n|-heal|p1a: Terapagos|97/100|[from] Grassy Terrain\n|-heal|p1a: Terapagos|100/100|[from] item: Leftovers\n|-heal|p1b: Rillaboom|100/100|[from] Grassy Terrain\n|upkeep\n|turn|3\n|\n|t:|1772140753\n|move|p1a: Terapagos|Protect|p1a: Terapagos\n|-singleturn|p1a: Terapagos|Protect\n|move|p2a: Loki|Thunder Wave|p1a: Terapagos\n|-activate|p1a: Terapagos|move: Protect\n|move|p2b: Mothra|Quiver Dance|p2b: Mothra\n|-boost|p2b: Mothra|spa|1\n|-boost|p2b: Mothra|spd|1\n|-boost|p2b: Mothra|spe|1\n|move|p1b: Rillaboom|U-turn|p2a: Loki\n|-damage|p2a: Loki|78/100\n|\n|t:|1772140762\n|switch|p1b: Ogerpon|Ogerpon-Cornerstone, L50, F|100/100|[from] U-turn\n|\n|-heal|p2b: Mothra|95/100|[from] Grassy Terrain\n|-heal|p2a: Loki|84/100|[from] Grassy Terrain\n|upkeep\n|turn|4\n|\n|t:|1772140786\n|-terastallize|p2b: Mothra|Grass\n|move|p1b: Ogerpon|Spiky Shield|p1b: Ogerpon\n|-singleturn|p1b: Ogerpon|move: Protect\n|move|p2a: Loki|Reflect|p2a: Loki\n|-sidestart|p2: luckstat10|Reflect\n|move|p2b: Mothra|Fiery Dance|p1b: Ogerpon\n|-activate|p1b: Ogerpon|move: Protect\n|move|p1a: Terapagos|Calm Mind|p1a: Terapagos\n|-boost|p1a: Terapagos|spa|1\n|-boost|p1a: Terapagos|spd|1\n|\n|-heal|p2b: Mothra|100/100|[from] Grassy Terrain\n|-heal|p2a: Loki|90/100|[from] Grassy Terrain\n|upkeep\n|turn|5\n|inactive|Schimmli has 30 seconds left.\n|\n|t:|1772140821\n|move|p2b: Mothra|Quiver Dance|p2b: Mothra\n|-boost|p2b: Mothra|spa|1\n|-boost|p2b: Mothra|spd|1\n|-boost|p2b: Mothra|spe|1\n|move|p1b: Ogerpon|Power Whip|p2b: Mothra\n|-resisted|p2b: Mothra\n|-damage|p2b: Mothra|60/100\n|move|p1a: Terapagos|Calm Mind|p1a: Terapagos\n|-boost|p1a: Terapagos|spa|1\n|-boost|p1a: Terapagos|spd|1\n|move|p2a: Loki|Spirit Break|p1a: Terapagos\n|-activate|p1a: Terapagos|ability: Tera Shell\n|-resisted|p1a: Terapagos\n|-damage|p1a: Terapagos|91/100\n|-unboost|p1a: Terapagos|spa|1\n|\n|-heal|p2b: Mothra|66/100|[from] Grassy Terrain\n|-heal|p1a: Terapagos|97/100|[from] Grassy Terrain\n|-heal|p1a: Terapagos|100/100|[from] item: Leftovers\n|-heal|p2a: Loki|96/100|[from] Grassy Terrain\n|-sideend|p2: luckstat10|move: Light Screen\n|-fieldend|move: Grassy Terrain\n|upkeep\n|turn|6\n|inactive|Schimmli has 30 seconds left.\n|\n|t:|1772140846\n|-terastallize|p1a: Terapagos|Stellar\n|detailschange|p1a: Terapagos|Terapagos-Stellar, L50, M, tera:Stellar\n|-heal|p1a: Terapagos|100/100|[silent]\n|move|p2a: Loki|Thunder Wave|p1a: Terapagos\n|-status|p1a: Terapagos|par\n|move|p2b: Mothra|Giga Drain|p1b: Ogerpon\n|-damage|p1b: Ogerpon|6/100\n|-heal|p2b: Mothra|100/100|[from] drain|[of] p1b: Ogerpon\n|move|p1b: Ogerpon|Ivy Cudgel|p2b: Mothra|[anim] Ivy Cudgel Rock\n|-damage|p2b: Mothra|55/100\n|move|p1a: Terapagos|Tera Starstorm|p2a: Loki|[spread] p2a,p2b\n|-supereffective|p2b: Mothra\n|-damage|p2a: Loki|46/100\n|-damage|p2b: Mothra|8/100\n|\n|upkeep\n|turn|7\n|inactive|Schimmli has 30 seconds left.\n|inactive|luckstat10 has 30 seconds left.\n|inactive|luckstat10 has 20 seconds left.\n|\n|t:|1772140884\n|move|p2b: Mothra|Protect|p2b: Mothra\n|-singleturn|p2b: Mothra|Protect\n|move|p1b: Ogerpon|Spiky Shield|p1b: Ogerpon\n|-singleturn|p1b: Ogerpon|move: Protect\n|move|p2a: Loki|Spirit Break|p1a: Terapagos\n|-damage|p1a: Terapagos|85/100 par\n|-unboost|p1a: Terapagos|spa|1\n|move|p1a: Terapagos|Tera Starstorm|p2a: Loki|[spread] p2a\n|-activate|p2b: Mothra|move: Protect\n|-damage|p2a: Loki|16/100\n|\n|-heal|p1a: Terapagos|92/100 par|[from] item: Leftovers\n|upkeep\n|turn|8\n|\n|t:|1772140904\n|switch|p1b: Incineroar|Incineroar, L50, F, shiny|100/100\n|-ability|p1b: Incineroar|Intimidate|boost\n|-unboost|p2a: Loki|atk|1\n|-unboost|p2b: Mothra|atk|1\n|move|p2a: Loki|Light Screen|p2a: Loki\n|-sidestart|p2: luckstat10|move: Light Screen\n|move|p2b: Mothra|Fiery Dance|p1b: Incineroar\n|-resisted|p1b: Incineroar\n|-damage|p1b: Incineroar|66/100\n|move|p1a: Terapagos|Tera Starstorm|p2b: Mothra|[spread] p2a,p2b\n|-supereffective|p2b: Mothra\n|-damage|p2a: Loki|0 fnt\n|-damage|p2b: Mothra|0 fnt\n|faint|p2a: Loki\n|faint|p2b: Mothra\n|\n|-heal|p1a: Terapagos|98/100 par|[from] item: Leftovers\n|-sideend|p2: luckstat10|Reflect\n|upkeep\n|\n|t:|1772140909\n|switch|p2b: Ogerpon|Ogerpon-Cornerstone, L50, F|100/100\n|switch|p2a: Zeus|Miraidon, L50|100/100\n|-fieldstart|move: Electric Terrain|[from] ability: Hadron Engine|[of] p2a: Zeus\n|turn|9\n|\n|t:|1772140929\n|move|p1b: Incineroar|Fake Out|p2b: Ogerpon\n|-resisted|p2b: Ogerpon\n|-damage|p2b: Ogerpon|93/100\n|move|p2a: Zeus|Snarl|p1b: Incineroar|[spread] p1a,p1b\n|-resisted|p1b: Incineroar\n|-damage|p1a: Terapagos|92/100 par\n|-damage|p1b: Incineroar|57/100\n|-unboost|p1a: Terapagos|spa|1\n|-unboost|p1b: Incineroar|spa|1\n|cant|p2b: Ogerpon|flinch\n|move|p1a: Terapagos|Calm Mind|p1a: Terapagos\n|-boost|p1a: Terapagos|spa|1\n|-boost|p1a: Terapagos|spd|1\n|\n|-heal|p1a: Terapagos|99/100 par|[from] item: Leftovers\n|upkeep\n|turn|10\n|\n|t:|1772140951\n|switch|p1b: Rillaboom|Rillaboom, L50, F|100/100\n|-fieldstart|move: Grassy Terrain|[from] ability: Grassy Surge|[of] p1b: Rillaboom\n|move|p2a: Zeus|Snarl|p1a: Terapagos|[spread] p1a,p1b\n|-damage|p1a: Terapagos|95/100 par\n|-damage|p1b: Rillaboom|90/100\n|-unboost|p1a: Terapagos|spa|1\n|-unboost|p1b: Rillaboom|spa|1\n|move|p2b: Ogerpon|Ivy Cudgel|p1b: Rillaboom|[anim] Ivy Cudgel Rock\n|-damage|p1b: Rillaboom|37/100\n|move|p1a: Terapagos|Earth Power|p2a: Zeus\n|-supereffective|p2a: Zeus\n|-damage|p2a: Zeus|75/100\n|-unboost|p2a: Zeus|spd|1\n|\n|-heal|p2a: Zeus|80/100|[from] Grassy Terrain\n|-heal|p2b: Ogerpon|99/100|[from] Grassy Terrain\n|-heal|p1b: Rillaboom|43/100|[from] Grassy Terrain\n|-heal|p1a: Terapagos|100/100 par|[from] Grassy Terrain\n|upkeep\n|turn|11\n|\n|t:|1772140973\n|move|p1b: Rillaboom|Fake Out|p2b: Ogerpon\n|-resisted|p2b: Ogerpon\n|-damage|p2b: Ogerpon|91/100\n|move|p2a: Zeus|Snarl|p1a: Terapagos|[spread] p1a,p1b\n|-damage|p1a: Terapagos|97/100 par\n|-damage|p1b: Rillaboom|33/100\n|-unboost|p1a: Terapagos|spa|1\n|-unboost|p1b: Rillaboom|spa|1\n|cant|p2b: Ogerpon|flinch\n|move|p1a: Terapagos|Earth Power|p2b: Ogerpon\n|-damage|p2b: Ogerpon|76/100\n|\n|-heal|p2a: Zeus|86/100|[from] Grassy Terrain\n|-heal|p2b: Ogerpon|82/100|[from] Grassy Terrain\n|-heal|p1b: Rillaboom|39/100|[from] Grassy Terrain\n|-heal|p1a: Terapagos|100/100 par|[from] Grassy Terrain\n|upkeep\n|turn|12\n|\n|t:|1772140994\n|move|p1b: Rillaboom|Grassy Glide|p2b: Ogerpon\n|-damage|p2b: Ogerpon|35/100\n|move|p2a: Zeus|Snarl|p1a: Terapagos|[spread] p1a\n|-miss|p2a: Zeus|p1b: Rillaboom\n|-damage|p1a: Terapagos|97/100 par\n|-unboost|p1a: Terapagos|spa|1\n|move|p2b: Ogerpon|Ivy Cudgel|p1b: Rillaboom|[anim] Ivy Cudgel Rock\n|-damage|p1b: Rillaboom|0 fnt\n|faint|p1b: Rillaboom\n|move|p1a: Terapagos|Earth Power|p2b: Ogerpon\n|-damage|p2b: Ogerpon|26/100\n|-unboost|p2b: Ogerpon|spd|1\n|\n|-heal|p2a: Zeus|92/100|[from] Grassy Terrain\n|-heal|p2b: Ogerpon|31/100|[from] Grassy Terrain\n|-heal|p1a: Terapagos|100/100 par|[from] Grassy Terrain\n|-sideend|p2: luckstat10|move: Light Screen\n|upkeep\n|\n|t:|1772141012\n|switch|p1b: Incineroar|Incineroar, L50, F, shiny|57/100\n|-ability|p1b: Incineroar|Intimidate|boost\n|-unboost|p2a: Zeus|atk|1\n|-unboost|p2b: Ogerpon|atk|1\n|turn|13\n|\n|t:|1772141028\n|move|p2b: Ogerpon|Protect|p2b: Ogerpon\n|-singleturn|p2b: Ogerpon|Protect\n|move|p1b: Incineroar|Fake Out|p2b: Ogerpon\n|-activate|p2b: Ogerpon|move: Protect\n|move|p2a: Zeus|Snarl|p1a: Terapagos|[spread] p1a,p1b\n|-resisted|p1b: Incineroar\n|-damage|p1a: Terapagos|97/100 par\n|-damage|p1b: Incineroar|50/100\n|-unboost|p1a: Terapagos|spa|1\n|-unboost|p1b: Incineroar|spa|1\n|move|p1a: Terapagos|Earth Power|p2b: Ogerpon\n|-activate|p2b: Ogerpon|move: Protect\n|\n|-heal|p2a: Zeus|98/100|[from] Grassy Terrain\n|-heal|p2b: Ogerpon|37/100|[from] Grassy Terrain\n|-heal|p1b: Incineroar|56/100|[from] Grassy Terrain\n|-heal|p1a: Terapagos|100/100 par|[from] Grassy Terrain\n|upkeep\n|turn|14\n|\n|t:|1772141048\n|switch|p1b: Ogerpon|Ogerpon-Cornerstone, L50, F|6/100\n|move|p2a: Zeus|Snarl|p1a: Terapagos|[spread] p1a,p1b\n|-damage|p1a: Terapagos|97/100 par\n|-damage|p1b: Ogerpon|0 fnt\n|-unboost|p1a: Terapagos|spa|1\n|faint|p1b: Ogerpon\n|move|p2b: Ogerpon|Ivy Cudgel|p1a: Terapagos|[anim] Ivy Cudgel Rock\n|-crit|p1a: Terapagos\n|-damage|p1a: Terapagos|50/100 par\n|move|p1a: Terapagos|Earth Power|p2b: Ogerpon\n|-damage|p2b: Ogerpon|20/100\n|-unboost|p2b: Ogerpon|spd|1\n|\n|-heal|p2a: Zeus|100/100|[from] Grassy Terrain\n|-heal|p2b: Ogerpon|26/100|[from] Grassy Terrain\n|-heal|p1a: Terapagos|56/100 par|[from] Grassy Terrain\n|-heal|p1a: Terapagos|62/100 par|[from] item: Leftovers\n|-fieldend|move: Grassy Terrain\n|upkeep\n|\n|t:|1772141065\n|switch|p1b: Incineroar|Incineroar, L50, F, shiny|56/100\n|-ability|p1b: Incineroar|Intimidate|boost\n|-unboost|p2a: Zeus|atk|1\n|-unboost|p2b: Ogerpon|atk|1\n|turn|15\n|\n|t:|1772141082\n|move|p2b: Ogerpon|Protect|p2b: Ogerpon\n|-singleturn|p2b: Ogerpon|Protect\n|move|p1b: Incineroar|Fake Out|p2a: Zeus\n|-damage|p2a: Zeus|90/100\n|cant|p2a: Zeus|flinch\n|move|p1a: Terapagos|Earth Power|p2b: Ogerpon\n|-activate|p2b: Ogerpon|move: Protect\n|\n|-heal|p1a: Terapagos|69/100 par|[from] item: Leftovers\n|upkeep\n|turn|16\n|\n|t:|1772141097\n|move|p2a: Zeus|Snarl|p1b: Incineroar|[spread] p1a\n|-miss|p2a: Zeus|p1b: Incineroar\n|-damage|p1a: Terapagos|65/100 par\n|-unboost|p1a: Terapagos|spa|1\n|move|p2b: Ogerpon|Ivy Cudgel|p1b: Incineroar|[anim] Ivy Cudgel Rock\n|-supereffective|p1b: Incineroar\n|-damage|p1b: Incineroar|16/100\n|move|p1b: Incineroar|Knock Off|p2b: Ogerpon\n|-damage|p2b: Ogerpon|0 fnt\n|faint|p2b: Ogerpon\n|move|p1a: Terapagos|Earth Power|p2a: Zeus\n|-supereffective|p2a: Zeus\n|-damage|p2a: Zeus|68/100\n|\n|-heal|p1a: Terapagos|71/100 par|[from] item: Leftovers\n|upkeep\n|turn|17\n|\n|t:|1772141118\n|move|p2a: Zeus|Snarl|p1b: Incineroar|[spread] p1a,p1b\n|-resisted|p1b: Incineroar\n|-damage|p1a: Terapagos|68/100 par\n|-damage|p1b: Incineroar|9/100\n|-unboost|p1b: Incineroar|spa|1\n|move|p1b: Incineroar|Will-O-Wisp|p2a: Zeus\n|-status|p2a: Zeus|brn\n|move|p1a: Terapagos|Calm Mind|p1a: Terapagos\n|-boost|p1a: Terapagos|spa|1\n|-boost|p1a: Terapagos|spd|1\n|\n|-heal|p1a: Terapagos|74/100 par|[from] item: Leftovers\n|-damage|p2a: Zeus|62/100 brn|[from] brn\n|upkeep\n|turn|18\n|\n|t:|1772141136\n|move|p2a: Zeus|Snarl|p1b: Incineroar|[spread] p1a,p1b\n|-resisted|p1b: Incineroar\n|-damage|p1a: Terapagos|71/100 par\n|-damage|p1b: Incineroar|1/100\n|-unboost|p1a: Terapagos|spa|1\n|-unboost|p1b: Incineroar|spa|1\n|move|p1b: Incineroar|Parting Shot|p2a: Zeus\n|-unboost|p2a: Zeus|atk|1\n|-unboost|p2a: Zeus|spa|1\n|move|p1a: Terapagos|Earth Power|p2a: Zeus\n|-supereffective|p2a: Zeus\n|-damage|p2a: Zeus|40/100 brn\n|\n|-heal|p1a: Terapagos|77/100 par|[from] item: Leftovers\n|-damage|p2a: Zeus|35/100 brn|[from] brn\n|upkeep\n|turn|19\n|\n|t:|1772141152\n|move|p2a: Zeus|Snarl|p1b: Incineroar|[spread] p1a,p1b\n|-resisted|p1b: Incineroar\n|-damage|p1a: Terapagos|75/100 par\n|-damage|p1b: Incineroar|0 fnt\n|faint|p1b: Incineroar\n|move|p1a: Terapagos|Calm Mind|p1a: Terapagos\n|-boost|p1a: Terapagos|spa|1\n|-boost|p1a: Terapagos|spd|1\n|\n|-heal|p1a: Terapagos|81/100 par|[from] item: Leftovers\n|-damage|p2a: Zeus|29/100 brn|[from] brn\n|upkeep\n|turn|20\n|\n|t:|1772141163\n|move|p2a: Zeus|Snarl|p1a: Terapagos\n|-damage|p1a: Terapagos|78/100 par\n|-unboost|p1a: Terapagos|spa|1\n|cant|p1a: Terapagos|par\n|\n|-heal|p1a: Terapagos|85/100 par|[from] item: Leftovers\n|-damage|p2a: Zeus|23/100 brn|[from] brn\n|upkeep\n|turn|21\n|\n|t:|1772141173\n|move|p2a: Zeus|Snarl|p1a: Terapagos\n|-damage|p1a: Terapagos|82/100 par\n|cant|p1a: Terapagos|par\n|\n|-heal|p1a: Terapagos|88/100 par|[from] item: Leftovers\n|-damage|p2a: Zeus|18/100 brn|[from] brn\n|upkeep\n|turn|22\n|c|\u2606Schimmli|gg\n|\n|t:|1772141182\n|move|p2a: Zeus|Snarl|p1a: Terapagos\n|-damage|p1a: Terapagos|86/100 par\n|move|p1a: Terapagos|Earth Power|p2a: Zeus\n|-supereffective|p2a: Zeus\n|-crit|p2a: Zeus\n|-damage|p2a: Zeus|0 fnt\n|faint|p2a: Zeus\n|\n|win|Schimmli\n|raw|Schimmli's rating: 1454 &rarr; <strong>1471</strong><br />(+17 for winning)\n|raw|luckstat10's rating: 1407 &rarr; <strong>1390</strong><br />(-17 for losing)\n|l|\u2606luckstat10\n|player|p2|\n|l|\u2606Schimmli\n|player|p1|\n","uploadtime":1772141451,"views":12,"formatid":"gen9vgc2026regi","rating":1390,"private":0,"password":null}