{"id":"gen9vgc2026regi-2548309216","format":"[Gen 9] VGC 2026 Reg I","players":["jhasrul","alexit93"],"log":"|j|\u2606jhasrul\n|j|\u2606alexit93\n|t:|1772201656\n|gametype|doubles\n|player|p1|jhasrul|170|1187\n|player|p2|alexit93|lucas-gen4pt|1426\n|gen|9\n|tier|[Gen 9] VGC 2026 Reg I\n|rated|\n|rule|Species Clause: Limit one of each Pok\u00e9mon\n|rule|Item Clause: Limit 1 of each item\n|clearpoke\n|poke|p1|Incineroar, L50, F|\n|poke|p1|Koraidon, L50|\n|poke|p1|Gothitelle, L50, M|\n|poke|p1|Scream Tail, L50|\n|poke|p1|Flutter Mane, L50|\n|poke|p1|Giratina, L50|\n|poke|p2|Zamazenta-*, L50|\n|poke|p2|Chien-Pao, L50|\n|poke|p2|Miraidon, L50|\n|poke|p2|Iron Jugulis, L50|\n|poke|p2|Farigiraf, L50, M|\n|poke|p2|Landorus, L50, M|\n|teampreview|4\n|\n|t:|1772201713\n|teamsize|p1|4\n|teamsize|p2|4\n|start\n|switch|p1a: Flutter Mane|Flutter Mane, L50|100/100\n|switch|p1b: Scream Tail|Scream Tail, L50|100/100\n|switch|p2a: Miraidon|Miraidon, L50, shiny|100/100\n|switch|p2b: Iron Jugulis|Iron Jugulis, L50|100/100\n|-fieldstart|move: Electric Terrain|[from] ability: Hadron Engine|[of] p2a: Miraidon\n|-activate|p2b: Iron Jugulis|ability: Quark Drive\n|-start|p2b: Iron Jugulis|quarkdrivespe\n|-enditem|p1b: Scream Tail|Booster Energy\n|-activate|p1b: Scream Tail|ability: Protosynthesis|[fromitem]\n|-start|p1b: Scream Tail|protosynthesisspe\n|turn|1\n|\n|t:|1772201752\n|-terastallize|p2a: Miraidon|Fairy\n|move|p1b: Scream Tail|Protect|p1b: Scream Tail\n|-singleturn|p1b: Scream Tail|Protect\n|move|p2b: Iron Jugulis|Tailwind|p2b: Iron Jugulis\n|-sidestart|p2: alexit93|move: Tailwind\n|move|p2a: Miraidon|Dazzling Gleam|p1a: Flutter Mane|[spread] p1a\n|-activate|p1b: Scream Tail|move: Protect\n|-damage|p1a: Flutter Mane|29/100\n|move|p1a: Flutter Mane|Moonblast|p2b: Iron Jugulis\n|-supereffective|p2b: Iron Jugulis\n|-damage|p2b: Iron Jugulis|0 fnt\n|faint|p2b: Iron Jugulis\n|-end|p2b: Iron Jugulis|Quark Drive|[silent]\n|\n|upkeep\n|\n|t:|1772201757\n|switch|p2b: Chien-Pao|Chien-Pao, L50|100/100\n|-ability|p2b: Chien-Pao|Sword of Ruin\n|turn|2\n|\n|t:|1772201778\n|-end|p1b: Scream Tail|Protosynthesis|[silent]\n|switch|p1b: Incineroar|Incineroar, L50, F|100/100\n|-ability|p1b: Incineroar|Intimidate|boost\n|-unboost|p2a: Miraidon|atk|1\n|-unboost|p2b: Chien-Pao|atk|1\n|move|p1a: Flutter Mane|Protect|p1a: Flutter Mane\n|-singleturn|p1a: Flutter Mane|Protect\n|move|p2a: Miraidon|Dazzling Gleam|p1b: Incineroar|[spread] p1b\n|-activate|p1a: Flutter Mane|move: Protect\n|-damage|p1b: Incineroar|48/100\n|move|p2b: Chien-Pao|Crunch|p1b: Incineroar\n|-resisted|p1b: Incineroar\n|-damage|p1b: Incineroar|24/100\n|\n|upkeep\n|turn|3\n|\n|t:|1772201814\n|switch|p2b: Farigiraf|Farigiraf, L50, M|100/100\n|-enditem|p2b: Farigiraf|Electric Seed\n|-boost|p2b: Farigiraf|def|1|[from] item: Electric Seed\n|-end|p1a: Flutter Mane|Protosynthesis|[silent]\n|switch|p1a: Scream Tail|Scream Tail, L50|100/100\n|move|p1b: Incineroar|Fake Out||[still]\n|cant|p2b: Farigiraf|ability: Armor Tail|Fake Out|[of] p1b: Incineroar\n|move|p2a: Miraidon|Dazzling Gleam|p1a: Scream Tail|[spread] p1a,p1b\n|-damage|p1a: Scream Tail|53/100\n|-damage|p1b: Incineroar|0 fnt\n|faint|p1b: Incineroar\n|\n|upkeep\n|\n|t:|1772201830\n|switch|p1b: Flutter Mane|Flutter Mane, L50|29/100\n|turn|4\n|\n|t:|1772201848\n|move|p1b: Flutter Mane|Protect|p1b: Flutter Mane\n|-singleturn|p1b: Flutter Mane|Protect\n|move|p1a: Scream Tail|Protect|p1a: Scream Tail\n|-singleturn|p1a: Scream Tail|Protect\n|move|p2a: Miraidon|Dazzling Gleam|p1b: Flutter Mane|[spread] \n|-activate|p1a: Scream Tail|move: Protect\n|-activate|p1b: Flutter Mane|move: Protect\n|move|p2b: Farigiraf|Trick Room|p2b: Farigiraf\n|-fieldstart|move: Trick Room|[of] p2b: Farigiraf\n|\n|-sideend|p2: alexit93|move: Tailwind\n|upkeep\n|turn|5\n|\n|t:|1772201883\n|move|p2b: Farigiraf|Foul Play|p1b: Flutter Mane\n|-damage|p1b: Flutter Mane|2/100\n|move|p1a: Scream Tail|Disable|p2a: Miraidon\n|-start|p2a: Miraidon|Disable|Dazzling Gleam\n|move|p1b: Flutter Mane|Shadow Ball|p2a: Miraidon\n|-damage|p2a: Miraidon|62/100\n|cant|p2a: Miraidon|Disable|Dazzling Gleam\n|\n|-fieldend|move: Electric Terrain\n|upkeep\n|turn|6\n|\n|t:|1772201899\n|switch|p2a: Chien-Pao|Chien-Pao, L50|100/100\n|-ability|p2a: Chien-Pao|Sword of Ruin\n|move|p1b: Flutter Mane|Protect|p1b: Flutter Mane\n|-singleturn|p1b: Flutter Mane|Protect\n|move|p2b: Farigiraf|Foul Play|p1b: Flutter Mane\n|-activate|p1b: Flutter Mane|move: Protect\n|move|p1a: Scream Tail|Encore||[still]\n|-fail|p1a: Scream Tail\n|\n|upkeep\n|turn|7\n|\n|t:|1772201930\n|move|p1a: Scream Tail|Protect|p1a: Scream Tail\n|-singleturn|p1a: Scream Tail|Protect\n|move|p1b: Flutter Mane|Protect|p1b: Flutter Mane\n|-singleturn|p1b: Flutter Mane|Protect\n|move|p2a: Chien-Pao|Sucker Punch||[still]\n|-fail|p2a: Chien-Pao\n|move|p2b: Farigiraf|Foul Play|p1b: Flutter Mane\n|-activate|p1b: Flutter Mane|move: Protect\n|\n|upkeep\n|turn|8\n|\n|t:|1772201950\n|move|p2a: Chien-Pao|Sucker Punch||[still]\n|-fail|p2a: Chien-Pao\n|move|p2b: Farigiraf|Foul Play|p1b: Flutter Mane\n|-damage|p1b: Flutter Mane|0 fnt\n|faint|p1b: Flutter Mane\n|-end|p1b: Flutter Mane|Protosynthesis|[silent]\n|move|p1a: Scream Tail|Encore|p2a: Chien-Pao\n|-start|p2a: Chien-Pao|Encore\n|\n|-fieldend|move: Trick Room\n|upkeep\n|\n|t:|1772201961\n|switch|p1b: Koraidon|Koraidon, L50, shiny|100/100\n|-weather|SunnyDay|[from] ability: Orichalcum Pulse|[of] p1b: Koraidon\n|-activate|p1a: Scream Tail|ability: Protosynthesis\n|-start|p1a: Scream Tail|protosynthesisspe\n|-activate|p1b: Koraidon|Orichalcum Pulse|[source]\n|turn|9\n|\n|t:|1772201971\n|move|p1b: Koraidon|Protect|p1b: Koraidon\n|-singleturn|p1b: Koraidon|Protect\n|move|p2a: Chien-Pao|Sucker Punch||[still]\n|-fail|p2a: Chien-Pao\n|move|p1a: Scream Tail|Encore|p2b: Farigiraf\n|-start|p2b: Farigiraf|Encore\n|move|p2b: Farigiraf|Foul Play|p1b: Koraidon\n|-activate|p1b: Koraidon|move: Protect\n|\n|-weather|SunnyDay|[upkeep]\n|upkeep\n|turn|10\n|\n|t:|1772201992\n|-terastallize|p1b: Koraidon|Fire\n|move|p2a: Chien-Pao|Sucker Punch||[still]\n|-fail|p2a: Chien-Pao\n|move|p1a: Scream Tail|Disable|p2a: Chien-Pao\n|-start|p2a: Chien-Pao|Disable|Sucker Punch\n|move|p1b: Koraidon|Flare Blitz|p2b: Farigiraf\n|-damage|p2b: Farigiraf|0 fnt\n|faint|p2b: Farigiraf\n|-damage|p1b: Koraidon|61/100|[from] Recoil\n|-damage|p1b: Koraidon|51/100|[from] item: Life Orb\n|\n|-weather|SunnyDay|[upkeep]\n|upkeep\n|\n|t:|1772202013\n|switch|p2b: Miraidon|Miraidon, L50, shiny, tera:Fairy|62/100\n|-fieldstart|move: Electric Terrain|[from] ability: Hadron Engine|[of] p2b: Miraidon\n|turn|11\n|\n|t:|1772202025\n|move|p1a: Scream Tail|Protect|p1a: Scream Tail\n|-singleturn|p1a: Scream Tail|Protect\n|move|p1b: Koraidon|Protect|p1b: Koraidon\n|-singleturn|p1b: Koraidon|Protect\n|-activate|p2a: Chien-Pao|move: Struggle\n|move|p2a: Chien-Pao|Struggle|p1a: Scream Tail\n|-activate|p1a: Scream Tail|move: Protect\n|move|p2b: Miraidon|Electro Drift|p1b: Koraidon\n|-activate|p1b: Koraidon|move: Protect\n|\n|-weather|SunnyDay|[upkeep]\n|-end|p2a: Chien-Pao|Encore\n|upkeep\n|turn|12\n|-message|alexit93 forfeited.\n|\n|win|jhasrul\n|raw|jhasrul's rating: 1187 &rarr; <strong>1227</strong><br />(+40 for winning)\n|raw|alexit93's rating: 1426 &rarr; <strong>1394</strong><br />(-32 for losing)\n|l|\u2606alexit93\n|player|p2|\n|l|\u2606jhasrul\n|player|p1|\n","uploadtime":1772202286,"views":11,"formatid":"gen9vgc2026regi","rating":1227,"private":0,"password":null}