{"id":"gen9vgc2026regi-2539661560","format":"[Gen 9] VGC 2026 Reg I","players":["Voth","Zlayermc"],"log":"|j|\u2606Voth\n|j|\u2606Zlayermc\n|t:|1771093560\n|gametype|doubles\n|player|p1|Voth|dawn|1420\n|player|p2|Zlayermc|interviewers|1429\n|gen|9\n|tier|[Gen 9] VGC 2026 Reg I\n|rated|\n|rule|Species Clause: Limit one of each Pok\u00e9mon\n|rule|Item Clause: Limit 1 of each item\n|clearpoke\n|poke|p1|Urshifu-*, L50, M|\n|poke|p1|Calyrex-Ice, L50|\n|poke|p1|Tornadus, L50, M|\n|poke|p1|Landorus, L50, M|\n|poke|p1|Rillaboom, L50, F|\n|poke|p1|Kyogre, L50|\n|poke|p2|Calyrex-Ice, L50|\n|poke|p2|Slaking, L50, M|\n|poke|p2|Weezing-Galar, L50, F|\n|poke|p2|Porygon2, L50|\n|poke|p2|Kyogre, L50|\n|poke|p2|Landorus, L50, M|\n|teampreview|4\n|j| lunala fairy ghost\n|inactive|Battle timer is ON: inactive players will automatically lose when time's up. (requested by Voth)\n|inactive|Zlayermc has 60 seconds left.\n|\n|t:|1771093645\n|teamsize|p1|4\n|teamsize|p2|4\n|start\n|switch|p1a: Mr miyagi|Urshifu-Rapid-Strike, L50, M|100/100\n|switch|p1b: Aang|Tornadus, L50, M|100/100\n|switch|p2a: Weezing|Weezing-Galar, L50, F|100/100\n|switch|p2b: Calyrex|Calyrex-Ice, L50|100/100\n|-ability|p2a: Weezing|Neutralizing Gas\n|-ability|p2b: Calyrex|As One\n|-ability|p2b: Calyrex|Unnerve\n|turn|1\n|inactive|Zlayermc has 30 seconds left.\n|inactive|Zlayermc has 20 seconds left.\n|\n|t:|1771093682\n|-terastallize|p1a: Mr miyagi|Water\n|move|p1a: Mr miyagi|Surging Strikes|p2b: Calyrex\n|-crit|p2b: Calyrex\n|-damage|p2b: Calyrex|75/100\n|-crit|p2b: Calyrex\n|-damage|p2b: Calyrex|45/100\n|-crit|p2b: Calyrex\n|-damage|p2b: Calyrex|19/100\n|-hitcount|p2b: Calyrex|3\n|move|p1b: Aang|Rain Dance|p1b: Aang\n|-weather|RainDance\n|move|p2a: Weezing|Will-O-Wisp|p1a: Mr miyagi\n|-status|p1a: Mr miyagi|brn\n|move|p2b: Calyrex|Trick Room|p2b: Calyrex\n|-fieldstart|move: Trick Room|[of] p2b: Calyrex\n|\n|-weather|RainDance|[upkeep]\n|-heal|p2b: Calyrex|25/100|[from] item: Leftovers\n|-damage|p1a: Mr miyagi|94/100 brn|[from] brn\n|upkeep\n|turn|2\n|l| lunala fairy ghost\n|inactive|Zlayermc has 30 seconds left.\n|inactive|Zlayermc has 20 seconds left.\n|inactive|Zlayermc has 15 seconds left.\n|inactive|Zlayermc has 10 seconds left.\n|\n|t:|1771093729\n|switch|p1b: Nuke|Kyogre, L50|100/100\n|move|p2b: Calyrex|Protect|p2b: Calyrex\n|-singleturn|p2b: Calyrex|Protect\n|move|p2a: Weezing|Dazzling Gleam|p1b: Nuke|[spread] p1a,p1b\n|-damage|p1a: Mr miyagi|61/100 brn\n|-damage|p1b: Nuke|86/100\n|move|p1a: Mr miyagi|Surging Strikes|p2b: Calyrex\n|-activate|p2b: Calyrex|move: Protect\n|\n|-weather|RainDance|[upkeep]\n|-heal|p2b: Calyrex|31/100|[from] item: Leftovers\n|-damage|p1a: Mr miyagi|55/100 brn|[from] brn\n|upkeep\n|turn|3\n|inactive|Zlayermc has 30 seconds left.\n|\n|t:|1771093759\n|move|p2b: Calyrex|Glacial Lance|p1a: Mr miyagi|[spread] p1a,p1b\n|-resisted|p1a: Mr miyagi\n|-resisted|p1b: Nuke\n|-damage|p1a: Mr miyagi|25/100 brn\n|-damage|p1b: Nuke|62/100\n|move|p2a: Weezing|Dazzling Gleam|p1a: Mr miyagi|[spread] p1a,p1b\n|-damage|p1a: Mr miyagi|0 fnt\n|-damage|p1b: Nuke|47/100\n|faint|p1a: Mr miyagi\n|move|p1b: Nuke|Origin Pulse|p2a: Weezing|[spread] p2a,p2b\n|-damage|p2a: Weezing|0 fnt\n|-damage|p2b: Calyrex|0 fnt\n|faint|p2a: Weezing\n|-end|p2a: Weezing|ability: Neutralizing Gas\n|faint|p2b: Calyrex\n|\n|-weather|RainDance|[upkeep]\n|upkeep\n|\n|t:|1771093772\n|switch|p2b: Landorus|Landorus, L50, M|100/100\n|switch|p2a: Kyogre|Kyogre, L50|100/100\n|switch|p1a: Korra|Calyrex-Ice, L50|100/100\n|-ability|p1a: Korra|As One\n|-ability|p1a: Korra|Unnerve\n|turn|4\n|inactive|Zlayermc has 30 seconds left.\n|inactive|Zlayermc has 20 seconds left.\n|inactive|Zlayermc has 15 seconds left.\n|inactive|Zlayermc has 10 seconds left.\n|inactive|Zlayermc has 5 seconds left.\n|\n|t:|1771093822\n|-terastallize|p2b: Landorus|Poison\n|move|p2a: Kyogre|Water Spout|p1b: Nuke|[spread] p1a,p1b\n|-resisted|p1b: Nuke\n|-damage|p1a: Korra|32/100\n|-damage|p1b: Nuke|15/100\n|move|p1a: Korra|Glacial Lance|p2b: Landorus|[spread] p2a,p2b\n|-resisted|p2a: Kyogre\n|-damage|p2a: Kyogre|74/100\n|-damage|p2b: Landorus|40/100\n|move|p1b: Nuke|Thunder|p2a: Kyogre\n|-supereffective|p2a: Kyogre\n|-damage|p2a: Kyogre|14/100\n|move|p2b: Landorus|Sandsear Storm|p1a: Korra|[spread] p1a,p1b\n|-damage|p1a: Korra|1/100\n|-damage|p1b: Nuke|0 fnt\n|faint|p1b: Nuke\n|\n|-weather|RainDance|[upkeep]\n|-heal|p1a: Korra|7/100|[from] item: Leftovers\n|upkeep\n|\n|t:|1771093835\n|switch|p1b: Aang|Tornadus, L50, M|100/100\n|turn|5\n|\n|t:|1771093850\n|move|p1a: Korra|Protect|p1a: Korra\n|-singleturn|p1a: Korra|Protect\n|move|p2a: Kyogre|Origin Pulse|p1a: Korra|[spread] p1b\n|-activate|p1a: Korra|move: Protect\n|-damage|p1b: Aang|14/100\n|move|p1b: Aang|Bleakwind Storm|p2a: Kyogre|[spread] p2a,p2b\n|-damage|p2a: Kyogre|0 fnt\n|-damage|p2b: Landorus|0 fnt\n|faint|p2a: Kyogre\n|faint|p2b: Landorus\n|\n|win|Voth\n|raw|Voth's rating: 1420 &rarr; <strong>1441</strong><br />(+21 for winning)\n|raw|Zlayermc's rating: 1429 &rarr; <strong>1408</strong><br />(-21 for losing)\n|l|\u2606Zlayermc\n|player|p2|\n|l|\u2606Voth\n|player|p1|\n","uploadtime":1771094089,"views":33,"formatid":"gen9vgc2026regi","rating":1408,"private":0,"password":null}