{"id":"gen9vgc2026regi-2573207771","format":"[Gen 9] VGC 2026 Reg I","players":["brrrdangdangdang","fallacy277"],"log":"|j|\u2606brrrdangdangdang\n|j|\u2606fallacy277\n|t:|1775103000\n|gametype|doubles\n|player|p1|brrrdangdangdang|101|1365\n|player|p2|fallacy277|265|1425\n|gen|9\n|tier|[Gen 9] VGC 2026 Reg I\n|rated|\n|rule|Species Clause: Limit one of each Pok\u00e9mon\n|rule|Item Clause: Limit 1 of each item\n|clearpoke\n|poke|p1|Weezing, L50, F|\n|poke|p1|Toedscruel, L50, M|\n|poke|p1|Porygon2, L50|\n|poke|p1|Grimmsnarl, L50, M|\n|poke|p1|Calyrex-Shadow, L50|\n|poke|p1|Zamazenta-*, L50|\n|poke|p2|Groudon, L50|\n|poke|p2|Zamazenta-*, L50|\n|poke|p2|Chien-Pao, L50|\n|poke|p2|Gouging Fire, L50|\n|poke|p2|Jumpluff, L50, M|\n|poke|p2|Flutter Mane, L50|\n|teampreview|4\n|inactive|Battle timer is ON: inactive players will automatically lose when time's up. (requested by fallacy277)\n|\n|t:|1775103026\n|teamsize|p1|4\n|teamsize|p2|4\n|start\n|switch|p1a: Calyrex|Calyrex-Shadow, L50|100/100\n|switch|p1b: Toedscruel|Toedscruel, L50, M|100/100\n|switch|p2a: Zamazenta|Zamazenta-Crowned, L50|100/100\n|switch|p2b: Flutter Mane|Flutter Mane, L50|100/100\n|-ability|p1a: Calyrex|As One\n|-ability|p1a: Calyrex|Unnerve\n|-ability|p2a: Zamazenta|Dauntless Shield|boost\n|-boost|p2a: Zamazenta|def|1\n|turn|1\n|\n|t:|1775103050\n|move|p1a: Calyrex|Protect|p1a: Calyrex\n|-singleturn|p1a: Calyrex|Protect\n|move|p2b: Flutter Mane|Taunt|p1b: Toedscruel\n|-start|p1b: Toedscruel|move: Taunt\n|move|p2a: Zamazenta|Behemoth Bash|p1a: Calyrex\n|-activate|p1a: Calyrex|move: Protect\n|cant|p1b: Toedscruel|move: Taunt|Spore\n|\n|upkeep\n|turn|2\n|\n|t:|1775103063\n|switch|p1a: Weezing|Weezing, L50, F|100/100\n|-ability|p1a: Weezing|Neutralizing Gas\n|-end|p2b: Flutter Mane|Protosynthesis|[silent]\n|switch|p2b: Chien-Pao|Chien-Pao, L50|100/100\n|move|p2a: Zamazenta|Behemoth Bash|p1a: Weezing\n|-damage|p1a: Weezing|55/100\n|move|p1b: Toedscruel|Earth Power|p2a: Zamazenta\n|-supereffective|p2a: Zamazenta\n|-damage|p2a: Zamazenta|49/100\n|\n|-heal|p1a: Weezing|61/100|[from] item: Leftovers\n|upkeep\n|turn|3\n|inactive|fallacy277 has 30 seconds left.\n|inactive|fallacy277 has 20 seconds left.\n|\n|t:|1775103099\n|switch|p1b: Zamazenta|Zamazenta-Crowned, L50|100/100\n|move|p2a: Zamazenta|Protect|p2a: Zamazenta\n|-singleturn|p2a: Zamazenta|Protect\n|move|p2b: Chien-Pao|Ice Spinner|p1b: Zamazenta\n|-resisted|p1b: Zamazenta\n|-damage|p1b: Zamazenta|91/100\n|move|p1a: Weezing|Will-O-Wisp|p2b: Chien-Pao|[miss]\n|-miss|p1a: Weezing|p2b: Chien-Pao\n|\n|-heal|p1a: Weezing|67/100|[from] item: Leftovers\n|upkeep\n|turn|4\n|inactive|brrrdangdangdang has 30 seconds left.\n|inactive|fallacy277 has 30 seconds left.\n|inactive|fallacy277 has 20 seconds left.\n|\n|t:|1775103139\n|-terastallize|p2a: Zamazenta|Dragon\n|move|p2b: Chien-Pao|Ruination|p1b: Zamazenta\n|-damage|p1b: Zamazenta|46/100\n|move|p1b: Zamazenta|Body Press|p2a: Zamazenta\n|-damage|p2a: Zamazenta|33/100\n|move|p2a: Zamazenta|Body Press|p1b: Zamazenta\n|-supereffective|p1b: Zamazenta\n|-damage|p1b: Zamazenta|0 fnt\n|faint|p1b: Zamazenta\n|move|p1a: Weezing|Will-O-Wisp|p2b: Chien-Pao\n|-status|p2b: Chien-Pao|brn\n|\n|-heal|p1a: Weezing|73/100|[from] item: Leftovers\n|-damage|p2b: Chien-Pao|95/100 brn|[from] brn\n|upkeep\n|\n|t:|1775103157\n|switch|p1b: Calyrex|Calyrex-Shadow, L50|100/100\n|-ability|p1b: Calyrex|As One\n|-ability|p1b: Calyrex|Unnerve\n|turn|5\n|\n|t:|1775103182\n|-terastallize|p1b: Calyrex|Fighting\n|move|p1b: Calyrex|Tera Blast|p2b: Chien-Pao|[anim] Tera Blast Fighting\n|-supereffective|p2b: Chien-Pao\n|-damage|p2b: Chien-Pao|0 fnt\n|faint|p2b: Chien-Pao\n|-ability|p1b: Calyrex|Grim Neigh|boost\n|-boost|p1b: Calyrex|spa|1\n|move|p2a: Zamazenta|Behemoth Bash|p1a: Weezing\n|-damage|p1a: Weezing|27/100\n|move|p1a: Weezing|Will-O-Wisp|p2a: Zamazenta\n|-status|p2a: Zamazenta|brn\n|\n|-heal|p1a: Weezing|33/100|[from] item: Leftovers\n|-damage|p2a: Zamazenta|27/100 brn|[from] brn\n|upkeep\n|\n|t:|1775103196\n|switch|p2b: Groudon|Groudon, L50|100/100\n|turn|6\n|\n|t:|1775103215\n|move|p1a: Weezing|Protect|p1a: Weezing\n|-singleturn|p1a: Weezing|Protect\n|move|p1b: Calyrex|Tera Blast|p2b: Groudon|[anim] Tera Blast Fighting\n|-damage|p2b: Groudon|38/100\n|move|p2a: Zamazenta|Body Press|p1b: Calyrex\n|-damage|p1b: Calyrex|56/100\n|move|p2b: Groudon|Precipice Blades|p1a: Weezing|[spread] p1b\n|-activate|p1a: Weezing|move: Protect\n|-damage|p1b: Calyrex|0 fnt\n|faint|p1b: Calyrex\n|\n|-heal|p1a: Weezing|38/100|[from] item: Leftovers\n|-damage|p2a: Zamazenta|21/100 brn|[from] brn\n|upkeep\n|\n|t:|1775103220\n|switch|p1b: Toedscruel|Toedscruel, L50, M|100/100\n|turn|7\n|inactive|fallacy277 has 30 seconds left.\n|\n|t:|1775103250\n|move|p2a: Zamazenta|Behemoth Bash|p1a: Weezing\n|-damage|p1a: Weezing|18/100\n|move|p1b: Toedscruel|Spore|p2b: Groudon\n|-status|p2b: Groudon|slp|[from] move: Spore\n|cant|p2b: Groudon|slp\n|move|p1a: Weezing|Pain Split|p2b: Groudon\n|-sethp|p2b: Groudon|25/100 slp|[from] move: Pain Split|[silent]\n|-sethp|p1a: Weezing|36/100|[from] move: Pain Split\n|\n|-heal|p1a: Weezing|42/100|[from] item: Leftovers\n|-damage|p2a: Zamazenta|15/100 brn|[from] brn\n|upkeep\n|turn|8\n|\n|t:|1775103273\n|move|p2a: Zamazenta|Body Press|p1b: Toedscruel\n|-damage|p1b: Toedscruel|43/100\n|move|p1b: Toedscruel|Earth Power|p2a: Zamazenta\n|-damage|p2a: Zamazenta|0 fnt\n|faint|p2a: Zamazenta\n|cant|p2b: Groudon|slp\n|move|p1a: Weezing|Sludge Bomb|p2b: Groudon\n|-resisted|p2b: Groudon\n|-damage|p2b: Groudon|12/100 slp\n|\n|-heal|p1a: Weezing|48/100|[from] item: Leftovers\n|upkeep\n|\n|t:|1775103279\n|switch|p2a: Flutter Mane|Flutter Mane, L50|100/100\n|turn|9\n|\n|t:|1775103287\n|move|p1b: Toedscruel|Protect|p1b: Toedscruel\n|-singleturn|p1b: Toedscruel|Protect\n|move|p2a: Flutter Mane|Moonblast|p1b: Toedscruel\n|-activate|p1b: Toedscruel|move: Protect\n|-curestatus|p2b: Groudon|slp|[msg]\n|move|p2b: Groudon|Precipice Blades|p1b: Toedscruel|[spread] p1a\n|-activate|p1b: Toedscruel|move: Protect\n|-supereffective|p1a: Weezing\n|-crit|p1a: Weezing\n|-damage|p1a: Weezing|0 fnt\n|faint|p1a: Weezing\n|-end|p1a: Weezing|ability: Neutralizing Gas\n|-weather|SunnyDay|[from] ability: Drought|[of] p2b: Groudon\n|-activate|p2a: Flutter Mane|ability: Protosynthesis\n|-start|p2a: Flutter Mane|protosynthesisspe\n|\n|-weather|SunnyDay|[upkeep]\n|upkeep\n|turn|10\n|-message|brrrdangdangdang forfeited.\n|\n|win|fallacy277\n|raw|brrrdangdangdang's rating: 1365 &rarr; <strong>1348</strong><br />(-17 for losing)\n|raw|fallacy277's rating: 1425 &rarr; <strong>1442</strong><br />(+17 for winning)\n|l|\u2606fallacy277\n|player|p2|\n","uploadtime":1775103523,"views":15,"formatid":"gen9vgc2026regi","rating":1348,"private":0,"password":null}