{"id":"gen9vgc2026regi-2581748954","format":"[Gen 9] VGC 2026 Reg I","players":["N Jordan","koudaimiluyou"],"log":"|j|\u2606N Jordan\n|j|\u2606koudaimiluyou\n|t:|1776025423\n|gametype|doubles\n|player|p1|N Jordan|n|1550\n|player|p2|koudaimiluyou|elesa|1565\n|gen|9\n|tier|[Gen 9] VGC 2026 Reg I\n|rated|\n|rule|Species Clause: Limit one of each Pok\u00e9mon\n|rule|Item Clause: Limit 1 of each item\n|clearpoke\n|poke|p1|Zacian-*, L50|\n|poke|p1|Kyogre, L50|\n|poke|p1|Grimmsnarl, L50, M|\n|poke|p1|Ursaluna-Bloodmoon, L50, M|\n|poke|p1|Iron Hands, L50|\n|poke|p1|Rillaboom, L50, M|\n|poke|p2|Calyrex-Shadow, L50|\n|poke|p2|Koraidon, L50|\n|poke|p2|Clefairy, L50, F|\n|poke|p2|Indeedee-F, L50, F|\n|poke|p2|Iron Valiant, L50|\n|poke|p2|Raging Bolt, L50|\n|teampreview|4\n|\n|t:|1776025460\n|teamsize|p1|4\n|teamsize|p2|4\n|start\n|switch|p1a: Grimmsnarl|Grimmsnarl, L50, M|100/100\n|switch|p1b: Zacian|Zacian-Crowned, L50|100/100\n|switch|p2a: Koraidon|Koraidon, L50|100/100\n|switch|p2b: Indeedee|Indeedee-F, L50, F|100/100\n|-ability|p1b: Zacian|Intrepid Sword|boost\n|-boost|p1b: Zacian|atk|1\n|-weather|SunnyDay|[from] ability: Orichalcum Pulse|[of] p2a: Koraidon\n|-activate|p2a: Koraidon|Orichalcum Pulse|[source]\n|-fieldstart|move: Psychic Terrain|[from] ability: Psychic Surge|[of] p2b: Indeedee\n|-enditem|p2a: Koraidon|Psychic Seed\n|-boost|p2a: Koraidon|spd|1|[from] item: Psychic Seed\n|turn|1\n|\n|t:|1776025489\n|-terastallize|p2a: Koraidon|Fire\n|move|p1b: Zacian|Protect|p1b: Zacian\n|-singleturn|p1b: Zacian|Protect\n|move|p1a: Grimmsnarl|Reflect|p1a: Grimmsnarl\n|-sidestart|p1: N Jordan|Reflect\n|move|p2a: Koraidon|Swords Dance|p2a: Koraidon\n|-boost|p2a: Koraidon|atk|2\n|move|p2b: Indeedee|Reflect|p2b: Indeedee\n|-sidestart|p2: koudaimiluyou|Reflect\n|\n|-weather|SunnyDay|[upkeep]\n|upkeep\n|turn|2\n|\n|t:|1776025518\n|switch|p1a: Kyogre|Kyogre, L50|100/100\n|-weather|RainDance|[from] ability: Drizzle|[of] p1a: Kyogre\n|-terastallize|p1b: Zacian|Fighting\n|move|p1b: Zacian|Sacred Sword|p2a: Koraidon\n|-damage|p2a: Koraidon|58/100\n|move|p2a: Koraidon|Swords Dance|p2a: Koraidon\n|-boost|p2a: Koraidon|atk|2\n|move|p2b: Indeedee|Light Screen|p2b: Indeedee\n|-sidestart|p2: koudaimiluyou|move: Light Screen\n|\n|-weather|RainDance|[upkeep]\n|upkeep\n|turn|3\n|\n|t:|1776025535\n|move|p1b: Zacian|Behemoth Blade|p2b: Indeedee\n|-crit|p2b: Indeedee\n|-damage|p2b: Indeedee|0 fnt\n|faint|p2b: Indeedee\n|move|p2a: Koraidon|Drain Punch|p1a: Kyogre\n|-damage|p1a: Kyogre|37/100\n|-heal|p2a: Koraidon|90/100|[from] drain|[of] p1a: Kyogre\n|move|p1a: Kyogre|Origin Pulse|p2a: Koraidon\n|-supereffective|p2a: Koraidon\n|-damage|p2a: Koraidon|24/100\n|\n|-weather|RainDance|[upkeep]\n|upkeep\n|\n|t:|1776025548\n|switch|p2b: Clefairy|Clefairy, L50, F|100/100\n|turn|4\n|\n|t:|1776025558\n|move|p2b: Clefairy|Follow Me|p2b: Clefairy\n|-singleturn|p2b: Clefairy|move: Follow Me\n|move|p1b: Zacian|Behemoth Blade|p2b: Clefairy\n|-supereffective|p2b: Clefairy\n|-damage|p2b: Clefairy|0 fnt\n|faint|p2b: Clefairy\n|move|p2a: Koraidon|Drain Punch|p1b: Zacian\n|-damage|p1b: Zacian|31/100\n|-heal|p2a: Koraidon|58/100|[from] drain|[of] p1b: Zacian\n|move|p1a: Kyogre|Origin Pulse|p2a: Koraidon\n|-supereffective|p2a: Koraidon\n|-damage|p2a: Koraidon|0 fnt\n|faint|p2a: Koraidon\n|\n|-weather|RainDance|[upkeep]\n|upkeep\n|\n|t:|1776025565\n|switch|p2a: Calyrex|Calyrex-Shadow, L50|100/100\n|-ability|p2a: Calyrex|As One\n|-ability|p2a: Calyrex|Unnerve\n|turn|5\n|inactive|Battle timer is ON: inactive players will automatically lose when time's up. (requested by koudaimiluyou)\n|\n|t:|1776025579\n|move|p1b: Zacian|Protect|p1b: Zacian\n|-singleturn|p1b: Zacian|Protect\n|move|p2a: Calyrex|Astral Barrage|p1a: Kyogre|[spread] p1a\n|-activate|p1b: Zacian|move: Protect\n|-damage|p1a: Kyogre|14/100\n|move|p1a: Kyogre|Thunder|p2a: Calyrex\n|-damage|p2a: Calyrex|74/100\n|-status|p2a: Calyrex|par\n|\n|-weather|RainDance|[upkeep]\n|-sideend|p2: koudaimiluyou|Reflect\n|-fieldend|move: Psychic Terrain\n|upkeep\n|turn|6\n|-message|koudaimiluyou forfeited.\n|\n|win|N Jordan\n|raw|N Jordan's rating: 1550 &rarr; <strong>1571</strong><br />(+21 for winning)\n|raw|koudaimiluyou's rating: 1565 &rarr; <strong>1544</strong><br />(-21 for losing)\n|l|\u2606koudaimiluyou\n|player|p2|\n|l|\u2606N Jordan\n|player|p1|\n","uploadtime":1776025838,"views":22,"formatid":"gen9vgc2026regi","rating":1544,"private":0,"password":null}