{"id":"gen9vgc2026regi-2556059240","format":"[Gen 9] VGC 2026 Reg I","players":["offmetauser4life","jd8erh"],"log":"|j|\u2606offmetauser4life\n|j|\u2606jd8erh\n|t:|1773164165\n|gametype|doubles\n|player|p1|offmetauser4life|102|1407\n|player|p2|jd8erh|102|1461\n|gen|9\n|tier|[Gen 9] VGC 2026 Reg I\n|rated|\n|rule|Species Clause: Limit one of each Pok\u00e9mon\n|rule|Item Clause: Limit 1 of each item\n|clearpoke\n|poke|p1|Eternatus, L50|\n|poke|p1|Glimmora, L50, F|\n|poke|p1|Ting-Lu, L50|\n|poke|p1|Lunala, L50|\n|poke|p1|Ogerpon-Wellspring, L50, F|\n|poke|p1|Amoonguss, L50, F|\n|poke|p2|Calyrex-Ice, L50|\n|poke|p2|Miraidon, L50|\n|poke|p2|Incineroar, L50, M|\n|poke|p2|Ogerpon-Hearthflame, L50, F|\n|poke|p2|Urshifu-*, L50, F|\n|poke|p2|Farigiraf, L50, M|\n|teampreview|4\n|inactive|Battle timer is ON: inactive players will automatically lose when time's up. (requested by jd8erh)\n|\n|t:|1773164182\n|teamsize|p1|4\n|teamsize|p2|4\n|start\n|switch|p1a: Eternatus|Eternatus, L50|100/100\n|switch|p1b: Lunala|Lunala, L50, shiny|100/100\n|switch|p2a: Miraidon|Miraidon, L50|100/100\n|switch|p2b: Urshifu|Urshifu-Rapid-Strike, L50, F|100/100\n|-fieldstart|move: Electric Terrain|[from] ability: Hadron Engine|[of] p2a: Miraidon\n|-ability|p1a: Eternatus|Pressure\n|turn|1\n|\n|t:|1773164197\n|switch|p1a: Ogerpon|Ogerpon-Wellspring, L50, F|100/100\n|move|p2a: Miraidon|Volt Switch|p1b: Lunala\n|-damage|p1b: Lunala|80/100\n|\n|t:|1773164203\n|switch|p2a: Ogerpon|Ogerpon-Hearthflame, L50, F|100/100|[from] Volt Switch\n|-ability|p2a: Ogerpon|Mold Breaker\n|move|p2b: Urshifu|Surging Strikes|p1b: Lunala\n|-crit|p1b: Lunala\n|-damage|p1b: Lunala|61/100\n|-crit|p1b: Lunala\n|-damage|p1b: Lunala|43/100\n|-crit|p1b: Lunala\n|-damage|p1b: Lunala|27/100\n|-hitcount|p1b: Lunala|3\n|move|p1b: Lunala|Moonblast|p2b: Urshifu\n|-supereffective|p2b: Urshifu\n|-enditem|p2b: Urshifu|Focus Sash\n|-damage|p2b: Urshifu|1/100\n|-unboost|p2b: Urshifu|spa|1\n|\n|-heal|p1b: Lunala|33/100|[from] item: Leftovers\n|upkeep\n|turn|2\n|inactive|offmetauser4life has 30 seconds left.\n|inactive|offmetauser4life has 20 seconds left.\n|inactive|offmetauser4life has 15 seconds left.\n|\n|t:|1773164246\n|switch|p2b: Miraidon|Miraidon, L50|100/100\n|-activate|p2b: Miraidon|ability: Hadron Engine\n|move|p2a: Ogerpon|Ivy Cudgel|p1b: Lunala|[anim] Ivy Cudgel Fire\n|-damage|p1b: Lunala|0 fnt\n|faint|p1b: Lunala\n|move|p1a: Ogerpon|Ivy Cudgel|p2b: Miraidon|[anim] Ivy Cudgel Water\n|-resisted|p2b: Miraidon\n|-damage|p2b: Miraidon|77/100\n|\n|upkeep\n|\n|t:|1773164258\n|switch|p1b: Eternatus|Eternatus, L50|100/100\n|-ability|p1b: Eternatus|Pressure\n|turn|3\n|\n|t:|1773164266\n|move|p2a: Ogerpon|Spiky Shield|p2a: Ogerpon\n|-singleturn|p2a: Ogerpon|move: Protect\n|move|p1a: Ogerpon|Follow Me|p1a: Ogerpon\n|-singleturn|p1a: Ogerpon|move: Follow Me\n|move|p2b: Miraidon|Volt Switch|p1a: Ogerpon\n|-damage|p1a: Ogerpon|44/100\n|\n|t:|1773164267\n|switch|p2b: Urshifu|Urshifu-Rapid-Strike, L50, F|1/100|[from] Volt Switch\n|move|p1b: Eternatus|Cosmic Power|p1b: Eternatus\n|-boost|p1b: Eternatus|def|1\n|-boost|p1b: Eternatus|spd|1\n|\n|upkeep\n|turn|4\n|\n|t:|1773164278\n|move|p1a: Ogerpon|Follow Me|p1a: Ogerpon\n|-singleturn|p1a: Ogerpon|move: Follow Me\n|move|p1b: Eternatus|Cosmic Power|p1b: Eternatus\n|-boost|p1b: Eternatus|def|1\n|-boost|p1b: Eternatus|spd|1\n|move|p2a: Ogerpon|Ivy Cudgel|p1a: Ogerpon|[anim] Ivy Cudgel Fire\n|-crit|p1a: Ogerpon\n|-damage|p1a: Ogerpon|0 fnt\n|faint|p1a: Ogerpon\n|move|p2b: Urshifu|Close Combat|p1b: Eternatus\n|-resisted|p1b: Eternatus\n|-damage|p1b: Eternatus|90/100\n|-unboost|p2b: Urshifu|def|1\n|-unboost|p2b: Urshifu|spd|1\n|\n|upkeep\n|\n|t:|1773164287\n|switch|p1a: Ting-Lu|Ting-Lu, L50, shiny|100/100\n|-ability|p1a: Ting-Lu|Vessel of Ruin\n|turn|5\n|inactive|offmetauser4life has 30 seconds left.\n|\n|t:|1773164315\n|-terastallize|p2a: Ogerpon|Fire\n|detailschange|p2a: Ogerpon|Ogerpon-Hearthflame-Tera, L50, F, tera:Fire\n|-ability|p2a: Ogerpon|Embody Aspect (Hearthflame)|boost\n|-boost|p2a: Ogerpon|atk|1\n|move|p1b: Eternatus|Fire Spin|p2b: Urshifu\n|-resisted|p2b: Urshifu\n|-damage|p2b: Urshifu|0 fnt\n|faint|p2b: Urshifu\n|move|p2a: Ogerpon|Ivy Cudgel|p1a: Ting-Lu|[anim] Ivy Cudgel Fire\n|-damage|p1a: Ting-Lu|48/100\n|move|p1a: Ting-Lu|Stomping Tantrum|p2a: Ogerpon\n|-supereffective|p2a: Ogerpon\n|-damage|p2a: Ogerpon|30/100\n|\n|-fieldend|move: Electric Terrain\n|upkeep\n|\n|t:|1773164322\n|switch|p2b: Calyrex|Calyrex-Ice, L50|100/100\n|-ability|p2b: Calyrex|As One\n|-ability|p2b: Calyrex|Unnerve\n|turn|6\n|\n|t:|1773164342\n|-terastallize|p1b: Eternatus|Fairy\n|move|p2a: Ogerpon|Follow Me|p2a: Ogerpon\n|-singleturn|p2a: Ogerpon|move: Follow Me\n|move|p1b: Eternatus|Fire Spin|p2a: Ogerpon\n|-resisted|p2a: Ogerpon\n|-damage|p2a: Ogerpon|26/100\n|-activate|p2a: Ogerpon|move: Fire Spin|[of] p1b: Eternatus\n|move|p2b: Calyrex|Glacial Lance|p1b: Eternatus|[spread] p1a,p1b\n|-supereffective|p1a: Ting-Lu\n|-damage|p1a: Ting-Lu|0 fnt\n|-damage|p1b: Eternatus|70/100\n|faint|p1a: Ting-Lu\n|-ability|p2b: Calyrex|Chilling Neigh|boost\n|-boost|p2b: Calyrex|atk|1\n|\n|-damage|p2a: Ogerpon|9/100|[from] move: Fire Spin|[partiallytrapped]\n|upkeep\n|turn|7\n|\n|t:|1773164355\n|move|p1b: Eternatus|Protect|p1b: Eternatus\n|-singleturn|p1b: Eternatus|Protect\n|move|p2a: Ogerpon|Ivy Cudgel|p1b: Eternatus|[anim] Ivy Cudgel Fire\n|-activate|p1b: Eternatus|move: Protect\n|move|p2b: Calyrex|Leech Seed|p1b: Eternatus\n|-activate|p1b: Eternatus|move: Protect\n|\n|-damage|p2a: Ogerpon|0 fnt|[from] move: Fire Spin|[partiallytrapped]\n|faint|p2a: Ogerpon\n|detailschange|p2: Ogerpon|Ogerpon-Hearthflame, L50, F|[silent]\n|upkeep\n|\n|t:|1773164356\n|switch|p2a: Miraidon|Miraidon, L50|77/100\n|-fieldstart|move: Electric Terrain|[from] ability: Hadron Engine|[of] p2a: Miraidon\n|turn|8\n|\n|t:|1773164367\n|move|p2a: Miraidon|Electro Drift|p1b: Eternatus\n|-damage|p1b: Eternatus|43/100\n|move|p1b: Eternatus|Recover|p1b: Eternatus\n|-heal|p1b: Eternatus|93/100\n|move|p2b: Calyrex|Leech Seed|p1b: Eternatus\n|-start|p1b: Eternatus|move: Leech Seed\n|\n|-damage|p1b: Eternatus|81/100|[from] Leech Seed|[of] p2b: Calyrex\n|upkeep\n|turn|9\n|\n|t:|1773164378\n|move|p1b: Eternatus|Protect|p1b: Eternatus\n|-singleturn|p1b: Eternatus|Protect\n|move|p2a: Miraidon|Electro Drift|p1b: Eternatus\n|-activate|p1b: Eternatus|move: Protect\n|move|p2b: Calyrex|Glacial Lance|p1b: Eternatus\n|-activate|p1b: Eternatus|move: Protect\n|\n|-damage|p1b: Eternatus|69/100|[from] Leech Seed|[of] p2b: Calyrex\n|upkeep\n|turn|10\n|\n|t:|1773164381\n|move|p2a: Miraidon|Electro Drift|p1b: Eternatus\n|-damage|p1b: Eternatus|39/100\n|move|p1b: Eternatus|Recover|p1b: Eternatus\n|-heal|p1b: Eternatus|90/100\n|move|p2b: Calyrex|Glacial Lance|p1b: Eternatus\n|-damage|p1b: Eternatus|49/100\n|\n|-damage|p1b: Eternatus|37/100|[from] Leech Seed|[of] p2b: Calyrex\n|upkeep\n|turn|11\n|\n|t:|1773164391\n|move|p1b: Eternatus|Protect|p1b: Eternatus\n|-singleturn|p1b: Eternatus|Protect\n|move|p2a: Miraidon|Electro Drift|p1b: Eternatus\n|-activate|p1b: Eternatus|move: Protect\n|move|p2b: Calyrex|Trick Room|p2b: Calyrex\n|-fieldstart|move: Trick Room|[of] p2b: Calyrex\n|\n|-damage|p1b: Eternatus|25/100|[from] Leech Seed|[of] p2b: Calyrex\n|upkeep\n|turn|12\n|\n|t:|1773164395\n|move|p2b: Calyrex|Glacial Lance|p1b: Eternatus\n|-damage|p1b: Eternatus|0 fnt\n|faint|p1b: Eternatus\n|\n|win|jd8erh\n|raw|offmetauser4life's rating: 1407 &rarr; <strong>1390</strong><br />(-17 for losing)\n|raw|jd8erh's rating: 1461 &rarr; <strong>1478</strong><br />(+17 for winning)\n|l|\u2606offmetauser4life\n|player|p1|\n|l|\u2606jd8erh\n|player|p2|\n","uploadtime":1773164635,"views":16,"formatid":"gen9vgc2026regi","rating":1390,"private":0,"password":null}