{"id":"gen9vgc2026regi-2535096661","format":"[Gen 9] VGC 2026 Reg I","players":["SnarkyShane","N.1 psychichater"],"log":"|j|\u2606SnarkyShane\n|j|\u2606N.1 psychichater\n|t:|1770513347\n|gametype|doubles\n|player|p1|SnarkyShane|gambler|1474\n|player|p2|N.1 psychichater|dawn|1329\n|gen|9\n|tier|[Gen 9] VGC 2026 Reg I\n|rated|\n|rule|Species Clause: Limit one of each Pok\u00e9mon\n|rule|Item Clause: Limit 1 of each item\n|clearpoke\n|poke|p1|Rayquaza, L50|\n|poke|p1|Calyrex-Shadow, L50|\n|poke|p1|Chien-Pao, L50|\n|poke|p1|Ting-Lu, L50|\n|poke|p1|Amoonguss, L50, M|\n|poke|p1|Avalugg-Hisui, L50, F|\n|poke|p2|Koraidon, L50|\n|poke|p2|Lunala, L50|\n|poke|p2|Flutter Mane, L50|\n|poke|p2|Lilligant-Hisui, L50, F|\n|poke|p2|Amoonguss, L50, F|\n|poke|p2|Incineroar, L50, M|\n|teampreview|4\n|inactive|Battle timer is ON: inactive players will automatically lose when time's up. (requested by SnarkyShane)\n|inactive|SnarkyShane has 60 seconds left.\n|inactive|N.1 psychichater has 60 seconds left.\n|\n|t:|1770513401\n|teamsize|p1|4\n|teamsize|p2|4\n|start\n|switch|p1a: Noodle Del Muerte|Rayquaza, L50|100/100\n|switch|p1b: FesterinEquestrian|Calyrex-Shadow, L50|100/100\n|switch|p2a: Koraidon|Koraidon, L50|100/100\n|switch|p2b: Flutter Mane|Flutter Mane, L50|100/100\n|-ability|p1b: FesterinEquestrian|As One\n|-ability|p1b: FesterinEquestrian|Unnerve\n|-weather|SunnyDay|[from] ability: Orichalcum Pulse|[of] p2a: Koraidon\n|-activate|p2a: Koraidon|Orichalcum Pulse|[source]\n|-ability|p1a: Noodle Del Muerte|Air Lock\n|turn|1\n|inactive|N.1 psychichater has 30 seconds left.\n|inactive|N.1 psychichater has 20 seconds left.\n|\n|t:|1770513440\n|-terastallize|p2b: Flutter Mane|Normal\n|move|p2a: Koraidon|Protect|p2a: Koraidon\n|-singleturn|p2a: Koraidon|Protect\n|move|p1a: Noodle Del Muerte|Protect|p1a: Noodle Del Muerte\n|-singleturn|p1a: Noodle Del Muerte|Protect\n|move|p1b: FesterinEquestrian|Astral Barrage|p2a: Koraidon|[spread] \n|-activate|p2a: Koraidon|move: Protect\n|-immune|p2b: Flutter Mane\n|move|p2b: Flutter Mane|Icy Wind|p1a: Noodle Del Muerte|[spread] p1b\n|-activate|p1a: Noodle Del Muerte|move: Protect\n|-crit|p1b: FesterinEquestrian\n|-damage|p1b: FesterinEquestrian|82/100\n|-unboost|p1b: FesterinEquestrian|spe|1\n|\n|-weather|SunnyDay|[upkeep]\n|upkeep\n|turn|2\n|inactive|SnarkyShane has 30 seconds left.\n|inactive|N.1 psychichater has 30 seconds left.\n|inactive|N.1 psychichater has 20 seconds left.\n|inactive|N.1 psychichater has 15 seconds left.\n|\n|t:|1770513483\n|-activate|p2b: Flutter Mane|ability: Protosynthesis\n|-start|p2b: Flutter Mane|protosynthesisspe\n|switch|p1a: Avalugg|Avalugg-Hisui, L50, F|100/100\n|move|p2b: Flutter Mane|Moonblast|p1a: Avalugg\n|-damage|p1a: Avalugg|5/100\n|move|p2a: Koraidon|Flare Blitz|p1b: FesterinEquestrian\n|-damage|p1b: FesterinEquestrian|0 fnt\n|faint|p1b: FesterinEquestrian\n|-damage|p2a: Koraidon|77/100|[from] Recoil\n|\n|-weather|SunnyDay|[upkeep]\n|upkeep\n|\n|t:|1770513498\n|switch|p1b: Noodle Del Muerte|Rayquaza, L50|100/100\n|-ability|p1b: Noodle Del Muerte|Air Lock\n|-end|p2b: Flutter Mane|Protosynthesis\n|turn|3\n|\n|t:|1770513520\n|-end|p2b: Flutter Mane|Protosynthesis|[silent]\n|switch|p2b: Incineroar|Incineroar, L50, M|100/100\n|-ability|p2b: Incineroar|Intimidate|boost\n|-unboost|p1a: Avalugg|atk|1\n|-fail|p1b: Noodle Del Muerte|unboost|[from] item: Clear Amulet|[of] p1b: Noodle Del Muerte\n|move|p1b: Noodle Del Muerte|Protect|p1b: Noodle Del Muerte\n|-singleturn|p1b: Noodle Del Muerte|Protect\n|move|p2a: Koraidon|Flame Charge|p1a: Avalugg\n|-damage|p1a: Avalugg|0 fnt\n|-boost|p2a: Koraidon|spe|1\n|faint|p1a: Avalugg\n|\n|-weather|SunnyDay|[upkeep]\n|upkeep\n|\n|t:|1770513526\n|switch|p1a: Victor Creed|Chien-Pao, L50|100/100\n|-ability|p1a: Victor Creed|Sword of Ruin\n|turn|4\n|\n|t:|1770513542\n|move|p2b: Incineroar|Fake Out|p1b: Noodle Del Muerte\n|-damage|p1b: Noodle Del Muerte|84/100\n|move|p2a: Koraidon|Collision Course|p1a: Victor Creed\n|-supereffective|p1a: Victor Creed\n|-damage|p1a: Victor Creed|0 fnt\n|faint|p1a: Victor Creed\n|cant|p1b: Noodle Del Muerte|flinch\n|\n|-weather|SunnyDay|[upkeep]\n|upkeep\n|turn|5\n|\n|t:|1770513559\n|move|p2a: Koraidon|Collision Course|p1b: Noodle Del Muerte\n|-resisted|p1b: Noodle Del Muerte\n|-damage|p1b: Noodle Del Muerte|59/100\n|move|p1b: Noodle Del Muerte|Swords Dance|p1b: Noodle Del Muerte\n|-boost|p1b: Noodle Del Muerte|atk|2\n|move|p2b: Incineroar|Knock Off|p1b: Noodle Del Muerte\n|-damage|p1b: Noodle Del Muerte|21/100\n|-enditem|p1b: Noodle Del Muerte|Clear Amulet|[from] move: Knock Off|[of] p2b: Incineroar\n|\n|-weather|none\n|upkeep\n|turn|6\n|-message|SnarkyShane forfeited.\n|\n|win|N.1 psychichater\n|raw|SnarkyShane's rating: 1474 &rarr; <strong>1446</strong><br />(-28 for losing)\n|raw|N.1 psychichater's rating: 1329 &rarr; <strong>1357</strong><br />(+28 for winning)\n|l|\u2606SnarkyShane\n|player|p1|\n|l|\u2606N.1 psychichater\n|player|p2|\n","uploadtime":1770513785,"views":22,"formatid":"gen9vgc2026regi","rating":1357,"private":0,"password":null}