{"id":"gen9vgc2026regi-2532575525","format":"[Gen 9] VGC 2026 Reg I","players":["SaltyCore69","fogdocker"],"log":"|j|\u2606SaltyCore69\n|j|\u2606fogdocker\n|t:|1770199719\n|gametype|doubles\n|player|p1|SaltyCore69|veteran|1288\n|player|p2|fogdocker|169|1426\n|gen|9\n|tier|[Gen 9] VGC 2026 Reg I\n|rated|\n|rule|Species Clause: Limit one of each Pok\u00e9mon\n|rule|Item Clause: Limit 1 of each item\n|clearpoke\n|poke|p1|Kyurem-White, L50|\n|poke|p1|Tornadus, L50, M|\n|poke|p1|Ninetales-Alola, L50, F|\n|poke|p1|Kyogre, L50|\n|poke|p1|Urshifu-*, L50, F|\n|poke|p1|Iron Jugulis, L50|\n|poke|p2|Calyrex-Ice, L50|\n|poke|p2|Koraidon, L50|\n|poke|p2|Flutter Mane, L50|\n|poke|p2|Incineroar, L50, F|\n|poke|p2|Amoonguss, L50, M|\n|poke|p2|Gothitelle, L50, F|\n|teampreview|4\n|inactive|Battle timer is ON: inactive players will automatically lose when time's up. (requested by SaltyCore69)\n|\n|t:|1770199771\n|teamsize|p1|4\n|teamsize|p2|4\n|start\n|switch|p1a: Tornadus|Tornadus, L50, M|100/100\n|switch|p1b: Kyurem|Kyurem-White, L50|100/100\n|switch|p2a: Calyrex|Calyrex-Ice, L50|100/100\n|switch|p2b: Incineroar|Incineroar, L50, F|100/100\n|-ability|p2a: Calyrex|As One\n|-ability|p2a: Calyrex|Unnerve\n|-ability|p1b: Kyurem|Turboblaze\n|-ability|p2b: Incineroar|Intimidate|boost\n|-unboost|p1a: Tornadus|atk|1\n|-unboost|p1b: Kyurem|atk|1\n|turn|1\n|\n|t:|1770199786\n|move|p1b: Kyurem|Protect|p1b: Kyurem\n|-singleturn|p1b: Kyurem|Protect\n|move|p2b: Incineroar|Fake Out|p1b: Kyurem\n|-activate|p1b: Kyurem|move: Protect\n|move|p1a: Tornadus|Tailwind|p1a: Tornadus\n|-sidestart|p1: SaltyCore69|move: Tailwind\n|move|p2a: Calyrex|Glacial Lance|p1b: Kyurem|[spread] p1a\n|-activate|p1b: Kyurem|move: Protect\n|-supereffective|p1a: Tornadus\n|-crit|p1a: Tornadus\n|-damage|p1a: Tornadus|0 fnt\n|faint|p1a: Tornadus\n|-ability|p2a: Calyrex|Chilling Neigh|boost\n|-boost|p2a: Calyrex|atk|1\n|\n|upkeep\n|\n|t:|1770199799\n|switch|p1a: Ninetales|Ninetales-Alola, L50, F|100/100\n|-weather|Snowscape|[from] ability: Snow Warning|[of] p1a: Ninetales\n|turn|2\n|inactive|fogdocker has 30 seconds left.\n|inactive|fogdocker has 20 seconds left.\n|inactive|fogdocker has 15 seconds left.\n|inactive|fogdocker has 10 seconds left.\n|\n|t:|1770199847\n|-terastallize|p1b: Kyurem|Fire\n|move|p1a: Ninetales|Encore|p2a: Calyrex\n|-start|p2a: Calyrex|Encore\n|move|p1b: Kyurem|Fusion Flare|p2a: Calyrex\n|-supereffective|p2a: Calyrex\n|-damage|p2a: Calyrex|0 fnt\n|faint|p2a: Calyrex\n|-damage|p1b: Kyurem|91/100|[from] item: Life Orb\n|move|p2b: Incineroar|Parting Shot|p1b: Kyurem\n|-unboost|p1b: Kyurem|atk|1\n|-unboost|p1b: Kyurem|spa|1\n|\n|t:|1770199862\n|switch|p2b: Koraidon|Koraidon, L50|100/100|[from] Parting Shot\n|-weather|SunnyDay|[from] ability: Orichalcum Pulse|[of] p2b: Koraidon\n|-activate|p2b: Koraidon|Orichalcum Pulse|[source]\n|\n|-weather|SunnyDay|[upkeep]\n|upkeep\n|\n|t:|1770199865\n|switch|p2a: Incineroar|Incineroar, L50, F|100/100\n|-ability|p2a: Incineroar|Intimidate|boost\n|-unboost|p1a: Ninetales|atk|1\n|-unboost|p1b: Kyurem|atk|1\n|turn|3\n|\n|t:|1770199884\n|switch|p1a: Iron Jugulis|Iron Jugulis, L50|100/100\n|-enditem|p1a: Iron Jugulis|Booster Energy\n|-activate|p1a: Iron Jugulis|ability: Quark Drive|[fromitem]\n|-start|p1a: Iron Jugulis|quarkdrivespe\n|-terastallize|p2b: Koraidon|Fire\n|move|p1b: Kyurem|Protect|p1b: Kyurem\n|-singleturn|p1b: Kyurem|Protect\n|move|p2a: Incineroar|Fake Out|p1b: Kyurem\n|-activate|p1b: Kyurem|move: Protect\n|move|p2b: Koraidon|Flame Charge|p1a: Iron Jugulis\n|-damage|p1a: Iron Jugulis|20/100\n|-boost|p2b: Koraidon|spe|1\n|-damage|p2b: Koraidon|91/100|[from] item: Life Orb\n|\n|-weather|SunnyDay|[upkeep]\n|upkeep\n|turn|4\n|inactive|SaltyCore69 has 30 seconds left.\n|\n|t:|1770199916\n|-end|p1a: Iron Jugulis|Quark Drive|[silent]\n|switch|p1a: Ninetales|Ninetales-Alola, L50, F|100/100\n|-weather|Snowscape|[from] ability: Snow Warning|[of] p1a: Ninetales\n|switch|p2a: Amoonguss|Amoonguss, L50, M|100/100\n|move|p2b: Koraidon|Protect|p2b: Koraidon\n|-singleturn|p2b: Koraidon|Protect\n|move|p1b: Kyurem|Earth Power|p2b: Koraidon\n|-activate|p2b: Koraidon|move: Protect\n|\n|-weather|Snowscape|[upkeep]\n|-sideend|p1: SaltyCore69|move: Tailwind\n|upkeep\n|turn|5\n|\n|t:|1770199940\n|switch|p1b: Iron Jugulis|Iron Jugulis, L50|20/100\n|move|p2a: Amoonguss|Rage Powder|p2a: Amoonguss\n|-singleturn|p2a: Amoonguss|move: Rage Powder\n|move|p2b: Koraidon|Flare Blitz|p1a: Ninetales\n|-supereffective|p1a: Ninetales\n|-damage|p1a: Ninetales|0 fnt\n|faint|p1a: Ninetales\n|-damage|p2b: Koraidon|58/100|[from] Recoil\n|-damage|p2b: Koraidon|48/100|[from] item: Life Orb\n|\n|-weather|Snowscape|[upkeep]\n|upkeep\n|\n|t:|1770199950\n|switch|p1a: Kyurem|Kyurem-White, L50, tera:Fire|91/100\n|-ability|p1a: Kyurem|Turboblaze\n|turn|6\n|\n|t:|1770199974\n|switch|p2a: Incineroar|Incineroar, L50, F|100/100\n|-ability|p2a: Incineroar|Intimidate|boost\n|-unboost|p1a: Kyurem|atk|1\n|-unboost|p1b: Iron Jugulis|atk|1\n|move|p2b: Koraidon|Protect|p2b: Koraidon\n|-singleturn|p2b: Koraidon|Protect\n|move|p1b: Iron Jugulis|Tailwind|p1b: Iron Jugulis\n|-sidestart|p1: SaltyCore69|move: Tailwind\n|move|p1a: Kyurem|Earth Power|p2b: Koraidon\n|-activate|p2b: Koraidon|move: Protect\n|\n|-weather|Snowscape|[upkeep]\n|upkeep\n|turn|7\n|\n|t:|1770199993\n|move|p2a: Incineroar|Fake Out|p1a: Kyurem\n|-damage|p1a: Kyurem|82/100\n|move|p2b: Koraidon|Flame Charge|p1b: Iron Jugulis\n|-damage|p1b: Iron Jugulis|0 fnt\n|-boost|p2b: Koraidon|spe|1\n|faint|p1b: Iron Jugulis\n|-end|p1b: Iron Jugulis|Quark Drive|[silent]\n|-damage|p2b: Koraidon|38/100|[from] item: Life Orb\n|cant|p1a: Kyurem|flinch\n|\n|-weather|Snowscape|[upkeep]\n|upkeep\n|turn|8\n|\n|t:|1770200006\n|switch|p2a: Amoonguss|Amoonguss, L50, M|100/100\n|move|p2b: Koraidon|Protect|p2b: Koraidon\n|-singleturn|p2b: Koraidon|Protect\n|move|p1a: Kyurem|Earth Power|p2b: Koraidon\n|-activate|p2b: Koraidon|move: Protect\n|\n|-weather|none\n|upkeep\n|turn|9\n|\n|t:|1770200019\n|move|p2a: Amoonguss|Rage Powder|p2a: Amoonguss\n|-singleturn|p2a: Amoonguss|move: Rage Powder\n|move|p2b: Koraidon|Close Combat|p1a: Kyurem\n|-damage|p1a: Kyurem|11/100\n|-unboost|p2b: Koraidon|def|1\n|-unboost|p2b: Koraidon|spd|1\n|-damage|p2b: Koraidon|28/100|[from] item: Life Orb\n|move|p1a: Kyurem|Earth Power|p2a: Amoonguss\n|-damage|p2a: Amoonguss|53/100\n|-enditem|p2a: Amoonguss|Eject Button\n|-damage|p1a: Kyurem|1/100|[from] item: Life Orb\n|\n|t:|1770200029\n|switch|p2a: Incineroar|Incineroar, L50, F|100/100\n|-ability|p2a: Incineroar|Intimidate|boost\n|-unboost|p1a: Kyurem|atk|1\n|\n|-sideend|p1: SaltyCore69|move: Tailwind\n|upkeep\n|turn|10\n|-message|SaltyCore69 forfeited.\n|\n|win|fogdocker\n|raw|SaltyCore69's rating: 1288 &rarr; <strong>1272</strong><br />(-16 for losing)\n|raw|fogdocker's rating: 1426 &rarr; <strong>1438</strong><br />(+12 for winning)\n|l|\u2606SaltyCore69\n|player|p1|\n","uploadtime":1770200284,"views":14,"formatid":"gen9vgc2026regi","rating":1272,"private":0,"password":null}