{"id":"gen9vgc2026regi-2561285114","format":"[Gen 9] VGC 2026 Reg I","players":["It'sJustKen VGC","Wikdchikn"],"log":"|j|\u2606It'sJustKen VGC\n|j|\u2606Wikdchikn\n|t:|1773780450\n|gametype|doubles\n|player|p1|It'sJustKen VGC|102|\n|player|p2|Wikdchikn|cameraman|\n|gen|9\n|tier|[Gen 9] VGC 2026 Reg I\n|rated|Tournament battle\n|rule|Species Clause: Limit one of each Pok\u00e9mon\n|rule|Item Clause: Limit 1 of each item\n|raw|<div class=\"infobox\"><details class=\"readmore\" open><summary><strong>3 custom rules:</strong></summary> Open Team Sheets, Force Open Team Sheets, !Open Team Sheets</details></div>\n|clearpoke\n|poke|p1|Iron Hands, L50|\n|poke|p1|Incineroar, L50, M|\n|poke|p1|Calyrex-Shadow, L50|\n|poke|p1|Whimsicott, L50, F|\n|poke|p1|Farigiraf, L50, M|\n|poke|p1|Miraidon, L50|\n|poke|p2|Calyrex-Ice, L50|\n|poke|p2|Armarouge, L50, F|\n|poke|p2|Groudon, L50|\n|poke|p2|Sunflora, L50, F|\n|poke|p2|Amoonguss, L50, F|\n|poke|p2|Ursaluna, L50, M|\n|teampreview|4\n|showteam|p1|Iron Hands||AssaultVest|QuarkDrive|FakeOut,DrainPunch,WildCharge,LowKick||||||50|,,,,,Water]Incineroar||RockyHelmet|Intimidate|FakeOut,Uturn,KnockOff,FlareBlitz|||M|||50|,,,,,Bug]Calyrex-Shadow||FocusSash|AsOneSpectrier|Protect,AstralBarrage,Psychic,Imprison||||||50|,,,,,Ghost]Whimsicott||CovertCloak|Prankster|Tailwind,Encore,Moonblast,FakeTears|||F|||50|,,,,,Dark]Farigiraf||ElectricSeed|ArmorTail|Psychic,Roar,TrickRoom,HelpingHand|||M|||50|,,,,,Water]Miraidon||ChoiceSpecs|HadronEngine|ElectroDrift,VoltSwitch,DracoMeteor,DazzlingGleam||||||50|,,,,,Fairy\n|showteam|p2|Calyrex-Ice||LifeOrb|AsOneGlastrier|GlacialLance,TrickRoom,HighHorsepower,Protect||||||50|,,,,,Ground]Armarouge||SitrusBerry|FlashFire|WideGuard,TrickRoom,HeatWave,HelpingHand|||F|||50|,,,,,Grass]Groudon||ClearAmulet|Drought|PrecipiceBlades,HeatCrash,HammerArm,Protect||||||50|,,,,,Fire]Sunflora||ChoiceSpecs|SolarPower|WeatherBall,SolarBeam,GigaDrain,EarthPower|||F|||50|,,,,,Fire]Amoonguss||RockyHelmet|Regenerator|RagePowder,Spore,FoulPlay,Protect|||F|||50|,,,,,Dark]Ursaluna||FlameOrb|Guts|Protect,Facade,HeadlongRush,Earthquake|||M|||50|,,,,,Ground\n|inactive|Battle timer is ON: inactive players will automatically lose when time's up. (requested by Wikdchikn)\n|inactive|It'sJustKen VGC also wants the timer to be on.\n|j| Jamstiffer\n|inactive|It'sJustKen VGC has 60 seconds left.\n|inactive|Wikdchikn has 60 seconds left.\n|\n|t:|1773780504\n|teamsize|p1|4\n|teamsize|p2|4\n|start\n|switch|p1a: Farigiraf|Farigiraf, L50, M|100/100\n|switch|p1b: Miraidon|Miraidon, L50, shiny|100/100\n|switch|p2a: Megaman|Armarouge, L50, F|100/100\n|switch|p2b: Honse|Calyrex-Ice, L50|100/100\n|-ability|p2b: Honse|As One\n|-ability|p2b: Honse|Unnerve\n|-fieldstart|move: Electric Terrain|[from] ability: Hadron Engine|[of] p1b: Miraidon\n|-enditem|p1a: Farigiraf|Electric Seed\n|-boost|p1a: Farigiraf|def|1|[from] item: Electric Seed\n|turn|1\n|inactive|It'sJustKen VGC has 30 seconds left.\n|\n|t:|1773780532\n|move|p2b: Honse|Protect|p2b: Honse\n|-singleturn|p2b: Honse|Protect\n|move|p1b: Miraidon|Draco Meteor|p2b: Honse\n|-activate|p2b: Honse|move: Protect\n|move|p2a: Megaman|Heat Wave|p1b: Miraidon|[spread] p1a,p1b\n|-resisted|p1b: Miraidon\n|-damage|p1a: Farigiraf|72/100\n|-damage|p1b: Miraidon|90/100\n|move|p1a: Farigiraf|Roar|p1b: Miraidon\n|drag|p1b: Incineroar|Incineroar, L50, M|100/100\n|-ability|p1b: Incineroar|Intimidate|boost\n|-unboost|p2a: Megaman|atk|1\n|-unboost|p2b: Honse|atk|1\n|\n|upkeep\n|turn|2\n|\n|t:|1773780547\n|move|p1b: Incineroar|Knock Off|p2a: Megaman\n|-supereffective|p2a: Megaman\n|-damage|p2a: Megaman|41/100\n|-enditem|p2a: Megaman|Sitrus Berry|[from] move: Knock Off|[of] p1b: Incineroar\n|move|p1a: Farigiraf|Roar|p2b: Honse\n|drag|p2b: Kooleraidon|Groudon, L50|100/100\n|-weather|SunnyDay|[from] ability: Drought|[of] p2b: Kooleraidon\n|move|p2a: Megaman|Trick Room|p2a: Megaman\n|-fieldstart|move: Trick Room|[of] p2a: Megaman\n|\n|-weather|SunnyDay|[upkeep]\n|upkeep\n|turn|3\n|\n|t:|1773780569\n|move|p1b: Incineroar|Knock Off|p2b: Kooleraidon\n|-crit|p2b: Kooleraidon\n|-damage|p2b: Kooleraidon|60/100\n|-enditem|p2b: Kooleraidon|Clear Amulet|[from] move: Knock Off|[of] p1b: Incineroar\n|move|p2a: Megaman|Heat Wave|p1a: Farigiraf|[spread] p1a,p1b\n|-resisted|p1b: Incineroar\n|-damage|p1a: Farigiraf|28/100\n|-damage|p1b: Incineroar|83/100\n|move|p1a: Farigiraf|Psychic|p2b: Kooleraidon\n|-damage|p2b: Kooleraidon|30/100\n|move|p2b: Kooleraidon|Precipice Blades|p1b: Incineroar|[spread] p1a,p1b\n|-supereffective|p1b: Incineroar\n|-damage|p1a: Farigiraf|0 fnt\n|-damage|p1b: Incineroar|0 fnt\n|faint|p1a: Farigiraf\n|faint|p1b: Incineroar\n|\n|-weather|SunnyDay|[upkeep]\n|upkeep\n|\n|t:|1773780572\n|switch|p1b: Iron Hands|Iron Hands, L50|100/100\n|switch|p1a: Miraidon|Miraidon, L50, shiny|90/100\n|-activate|p1a: Miraidon|ability: Hadron Engine\n|-activate|p1b: Iron Hands|ability: Quark Drive\n|-start|p1b: Iron Hands|quarkdriveatk\n|turn|4\n|\n|t:|1773780592\n|move|p2b: Kooleraidon|Protect|p2b: Kooleraidon\n|-singleturn|p2b: Kooleraidon|Protect\n|move|p1b: Iron Hands|Low Kick|p2b: Kooleraidon\n|-activate|p2b: Kooleraidon|move: Protect\n|move|p2a: Megaman|Heat Wave|p1b: Iron Hands|[spread] p1a,p1b\n|-resisted|p1a: Miraidon\n|-damage|p1a: Miraidon|74/100\n|-damage|p1b: Iron Hands|76/100\n|move|p1a: Miraidon|Electro Drift|p2a: Megaman\n|-damage|p2a: Megaman|0 fnt\n|faint|p2a: Megaman\n|\n|-weather|SunnyDay|[upkeep]\n|upkeep\n|\n|t:|1773780606\n|switch|p2a: Honse|Calyrex-Ice, L50|100/100\n|-ability|p2a: Honse|As One\n|-ability|p2a: Honse|Unnerve\n|turn|5\n|\n|t:|1773780613\n|-terastallize|p1b: Iron Hands|Water\n|move|p2a: Honse|Glacial Lance|p1a: Miraidon|[spread] p1a,p1b\n|-supereffective|p1a: Miraidon\n|-resisted|p1b: Iron Hands\n|-damage|p1a: Miraidon|0 fnt\n|-damage|p1b: Iron Hands|51/100\n|faint|p1a: Miraidon\n|-ability|p2a: Honse|Chilling Neigh|boost\n|-boost|p2a: Honse|atk|1\n|-damage|p2a: Honse|91/100|[from] item: Life Orb\n|move|p1b: Iron Hands|Drain Punch|p2b: Kooleraidon\n|-damage|p2b: Kooleraidon|0 fnt\n|-heal|p1b: Iron Hands|62/100|[from] drain|[of] p2b: Kooleraidon\n|faint|p2b: Kooleraidon\n|\n|-weather|SunnyDay|[upkeep]\n|-fieldend|move: Electric Terrain\n|-end|p1b: Iron Hands|Quark Drive\n|upkeep\n|j| christianfinity\n|\n|t:|1773780636\n|switch|p2b: Bear with me|Ursaluna, L50, M|100/100\n|turn|6\n|l| christianfinity\n|\n|t:|1773780647\n|-terastallize|p2a: Honse|Ground\n|move|p2a: Honse|High Horsepower|p1b: Iron Hands\n|-damage|p1b: Iron Hands|0 fnt\n|faint|p1b: Iron Hands\n|-end|p1b: Iron Hands|Quark Drive|[silent]\n|-damage|p2a: Honse|81/100|[from] item: Life Orb\n|\n|win|Wikdchikn\n|n|\u2606It'sJustKen VGC|itsjustkenvgc\n|n|\u2606Wikdchikn|wikdchikn\n|n| Jamstiffer|jamstiffer\n|l| Jamstiffer\n","uploadtime":1773780653,"views":9,"formatid":"gen9vgc2026regi","rating":null,"private":0,"password":null}