{"id":"gen9vgc2026regi-2553382683","format":"[Gen 9] VGC 2026 Reg I","players":["Cello L.","GucciSoup"],"log":"|j|\u2606Cello L.\n|j|\u2606GucciSoup\n|t:|1772825753\n|gametype|doubles\n|player|p1|Cello L.|psychic-gen4|1432\n|player|p2|GucciSoup|wallace|1433\n|gen|9\n|tier|[Gen 9] VGC 2026 Reg I\n|rated|\n|rule|Species Clause: Limit one of each Pok\u00e9mon\n|rule|Item Clause: Limit 1 of each item\n|clearpoke\n|poke|p1|Miraidon, L50|\n|poke|p1|Calyrex-Ice, L50|\n|poke|p1|Landorus, L50, M|\n|poke|p1|Urshifu-*, L50, F|\n|poke|p1|Incineroar, L50, M|\n|poke|p1|Amoonguss, L50, F|\n|poke|p2|Grimmsnarl, L50, M|\n|poke|p2|Okidogi, L50, M|\n|poke|p2|Brute Bonnet, L50|\n|poke|p2|Cinderace, L50, F|\n|poke|p2|Calyrex-Ice, L50|\n|poke|p2|Miraidon, L50|\n|teampreview|4\n|\n|t:|1772825785\n|teamsize|p1|4\n|teamsize|p2|4\n|start\n|switch|p1a: Calyrex|Calyrex-Ice, L50|100/100\n|switch|p1b: Incineroar|Incineroar, L50, M|100/100\n|switch|p2a: Grimmsnarl|Grimmsnarl, L50, M|100/100\n|switch|p2b: Cinderace|Cinderace, L50, F|100/100\n|-ability|p1a: Calyrex|As One\n|-ability|p1a: Calyrex|Unnerve\n|-ability|p1b: Incineroar|Intimidate|boost\n|-unboost|p2a: Grimmsnarl|atk|1\n|-unboost|p2b: Cinderace|atk|1\n|turn|1\n|\n|t:|1772825812\n|-terastallize|p1a: Calyrex|Fire\n|move|p1b: Incineroar|Fake Out|p2b: Cinderace\n|-damage|p2b: Cinderace|86/100\n|move|p2a: Grimmsnarl|Reflect|p2a: Grimmsnarl\n|-sidestart|p2: GucciSoup|Reflect\n|move|p2b: Cinderace|Will-O-Wisp|p1a: Calyrex\n|-immune|p1a: Calyrex\n|move|p1a: Calyrex|High Horsepower|p2b: Cinderace\n|-supereffective|p2b: Cinderace\n|-damage|p2b: Cinderace|26/100\n|\n|upkeep\n|turn|2\n|\n|t:|1772825852\n|switch|p2b: Calyrex|Calyrex-Ice, L50|100/100\n|-ability|p2b: Calyrex|As One\n|-ability|p2b: Calyrex|Unnerve\n|move|p2a: Grimmsnarl|Light Screen|p2a: Grimmsnarl\n|-sidestart|p2: GucciSoup|move: Light Screen\n|move|p1b: Incineroar|Flare Blitz|p2a: Grimmsnarl\n|-damage|p2a: Grimmsnarl|62/100\n|-status|p2a: Grimmsnarl|brn\n|-damage|p1b: Incineroar|89/100|[from] Recoil\n|move|p1a: Calyrex|Trick Room|p1a: Calyrex\n|-fieldstart|move: Trick Room|[of] p1a: Calyrex\n|\n|-damage|p2a: Grimmsnarl|56/100 brn|[from] brn\n|upkeep\n|turn|3\n|\n|t:|1772825869\n|-terastallize|p2b: Calyrex|Fire\n|move|p1a: Calyrex|Glacial Lance|p2b: Calyrex|[spread] p2a,p2b\n|-resisted|p2b: Calyrex\n|-damage|p2a: Grimmsnarl|21/100 brn\n|-damage|p2b: Calyrex|89/100\n|move|p2a: Grimmsnarl|Spirit Break|p1b: Incineroar\n|-damage|p1b: Incineroar|80/100\n|-unboost|p1b: Incineroar|spa|1\n|move|p2b: Calyrex|Leech Seed|p1a: Calyrex|[miss]\n|-miss|p2b: Calyrex|p1a: Calyrex\n|move|p1b: Incineroar|Knock Off|p2b: Calyrex\n|-damage|p2b: Calyrex|71/100\n|-enditem|p2b: Calyrex|Clear Amulet|[from] move: Knock Off|[of] p1b: Incineroar\n|\n|-damage|p2a: Grimmsnarl|15/100 brn|[from] brn\n|upkeep\n|turn|4\n|\n|t:|1772825897\n|move|p1a: Calyrex|Glacial Lance|p2a: Grimmsnarl|[spread] p2a,p2b\n|-resisted|p2b: Calyrex\n|-damage|p2a: Grimmsnarl|0 fnt\n|-damage|p2b: Calyrex|60/100\n|faint|p2a: Grimmsnarl\n|-ability|p1a: Calyrex|Chilling Neigh|boost\n|-boost|p1a: Calyrex|atk|1\n|move|p2b: Calyrex|Leech Seed|p1a: Calyrex\n|-start|p1a: Calyrex|move: Leech Seed\n|move|p1b: Incineroar|Knock Off|p2b: Calyrex\n|-damage|p2b: Calyrex|49/100\n|\n|-damage|p1a: Calyrex|88/100|[from] Leech Seed|[of] p2b: Calyrex\n|-heal|p2b: Calyrex|61/100|[silent]\n|upkeep\n|\n|t:|1772825910\n|switch|p2a: Miraidon|Miraidon, L50|100/100\n|-fieldstart|move: Electric Terrain|[from] ability: Hadron Engine|[of] p2a: Miraidon\n|-enditem|p2a: Miraidon|Electric Seed\n|-boost|p2a: Miraidon|def|1|[from] item: Electric Seed\n|turn|5\n|\n|t:|1772825935\n|move|p1a: Calyrex|Glacial Lance|p2b: Calyrex|[spread] p2a,p2b\n|-supereffective|p2a: Miraidon\n|-crit|p2a: Miraidon\n|-resisted|p2b: Calyrex\n|-damage|p2a: Miraidon|0 fnt\n|-damage|p2b: Calyrex|44/100\n|faint|p2a: Miraidon\n|-ability|p1a: Calyrex|Chilling Neigh|boost\n|-boost|p1a: Calyrex|atk|1\n|move|p2b: Calyrex|Leech Seed|p1b: Incineroar\n|-start|p1b: Incineroar|move: Leech Seed\n|move|p1b: Incineroar|Knock Off|p2b: Calyrex\n|-damage|p2b: Calyrex|33/100\n|\n|-damage|p1a: Calyrex|76/100|[from] Leech Seed|[of] p2b: Calyrex\n|-heal|p2b: Calyrex|45/100|[silent]\n|-damage|p1b: Incineroar|67/100|[from] Leech Seed|[of] p2b: Calyrex\n|-heal|p2b: Calyrex|57/100|[silent]\n|upkeep\n|\n|t:|1772825942\n|switch|p2a: Cinderace|Cinderace, L50, F|26/100\n|turn|6\n|\n|t:|1772825954\n|move|p1a: Calyrex|High Horsepower|p2a: Cinderace\n|-supereffective|p2a: Cinderace\n|-damage|p2a: Cinderace|0 fnt\n|faint|p2a: Cinderace\n|-ability|p1a: Calyrex|Chilling Neigh|boost\n|-boost|p1a: Calyrex|atk|1\n|move|p2b: Calyrex|Glacial Lance|p1a: Calyrex|[spread] p1a,p1b\n|-resisted|p1a: Calyrex\n|-resisted|p1b: Incineroar\n|-damage|p1a: Calyrex|60/100\n|-damage|p1b: Incineroar|39/100\n|move|p1b: Incineroar|Knock Off|p2b: Calyrex\n|-damage|p2b: Calyrex|45/100\n|\n|-damage|p1a: Calyrex|48/100|[from] Leech Seed|[of] p2b: Calyrex\n|-heal|p2b: Calyrex|57/100|[silent]\n|-damage|p1b: Incineroar|26/100|[from] Leech Seed|[of] p2b: Calyrex\n|-heal|p2b: Calyrex|69/100|[silent]\n|-fieldend|move: Trick Room\n|upkeep\n|turn|7\n|-message|GucciSoup forfeited.\n|\n|win|Cello L.\n|raw|Cello L.'s rating: 1432 &rarr; <strong>1452</strong><br />(+20 for winning)\n|raw|GucciSoup's rating: 1433 &rarr; <strong>1413</strong><br />(-20 for losing)\n|l|\u2606GucciSoup\n|player|p2|\n|l|\u2606Cello L.\n|player|p1|\n","uploadtime":1772825969,"views":17,"formatid":"gen9vgc2026regi","rating":1413,"private":0,"password":null}