{"id":"gen9vgc2026regi-2570856467","format":"[Gen 9] VGC 2026 Reg I","players":["aqqqxin","swordsdanceurshifu"],"log":"|j|\u2606aqqqxin\n|j|\u2606swordsdanceurshifu\n|t:|1774860072\n|gametype|doubles\n|player|p1|aqqqxin|rosa|1359\n|player|p2|swordsdanceurshifu|169|1448\n|gen|9\n|tier|[Gen 9] VGC 2026 Reg I\n|rated|\n|rule|Species Clause: Limit one of each Pok\u00e9mon\n|rule|Item Clause: Limit 1 of each item\n|clearpoke\n|poke|p1|Calyrex-Shadow, L50|\n|poke|p1|Hatterene, L50, F|\n|poke|p1|Miraidon, L50|\n|poke|p1|Landorus, L50, M|\n|poke|p1|Dragonite, L50, F|\n|poke|p1|Chien-Pao, L50|\n|poke|p2|Koraidon, L50|\n|poke|p2|Miraidon, L50|\n|poke|p2|Incineroar, L50, M|\n|poke|p2|Iron Bundle, L50|\n|poke|p2|Toxapex, L50, F|\n|poke|p2|Landorus, L50, M|\n|teampreview|4\n|inactive|Battle timer is ON: inactive players will automatically lose when time's up. (requested by swordsdanceurshifu)\n|inactive|swordsdanceurshifu has 60 seconds left.\n|\n|t:|1774860126\n|teamsize|p1|4\n|teamsize|p2|4\n|start\n|switch|p1a: Calyrex|Calyrex-Shadow, L50|100/100\n|switch|p1b: Hatterene|Hatterene, L50, F|100/100\n|switch|p2a: Iron Bundle|Iron Bundle, L50|100/100\n|switch|p2b: Miraidon|Miraidon, L50|100/100\n|-ability|p1a: Calyrex|As One\n|-ability|p1a: Calyrex|Unnerve\n|-fieldstart|move: Electric Terrain|[from] ability: Hadron Engine|[of] p2b: Miraidon\n|-activate|p2a: Iron Bundle|ability: Quark Drive\n|-start|p2a: Iron Bundle|quarkdrivespe\n|turn|1\n|\n|t:|1774860139\n|move|p1a: Calyrex|Protect|p1a: Calyrex\n|-singleturn|p1a: Calyrex|Protect\n|move|p2a: Iron Bundle|Icy Wind|p1b: Hatterene|[spread] p1b\n|-activate|p1a: Calyrex|move: Protect\n|-damage|p1b: Hatterene|82/100\n|move|p2b: Miraidon|Electro Drift|p1b: Hatterene\n|-damage|p1b: Hatterene|0 fnt\n|faint|p1b: Hatterene\n|-damage|p2b: Miraidon|91/100|[from] item: Life Orb\n|\n|upkeep\n|\n|t:|1774860155\n|switch|p1b: Dragonite|Dragonite, L50, F|100/100\n|turn|2\n|\n|t:|1774860174\n|switch|p1a: Chien-Pao|Chien-Pao, L50|100/100\n|-ability|p1a: Chien-Pao|Sword of Ruin\n|-terastallize|p1b: Dragonite|Normal\n|move|p2a: Iron Bundle|Icy Wind|p1a: Chien-Pao|[spread] p1a,p1b\n|-resisted|p1a: Chien-Pao\n|-damage|p1a: Chien-Pao|84/100\n|-damage|p1b: Dragonite|82/100\n|-unboost|p1a: Chien-Pao|spe|1\n|-unboost|p1b: Dragonite|spe|1\n|move|p2b: Miraidon|Electro Drift|p1a: Chien-Pao\n|-damage|p1a: Chien-Pao|0 fnt\n|faint|p1a: Chien-Pao\n|-damage|p2b: Miraidon|81/100|[from] item: Life Orb\n|move|p1b: Dragonite|Ice Spinner|p2b: Miraidon\n|-supereffective|p2b: Miraidon\n|-damage|p2b: Miraidon|0 fnt\n|-fieldend|move: Electric Terrain\n|-end|p2a: Iron Bundle|Quark Drive\n|faint|p2b: Miraidon\n|\n|upkeep\n|\n|t:|1774860196\n|switch|p1a: Calyrex|Calyrex-Shadow, L50|100/100\n|switch|p2b: Incineroar|Incineroar, L50, M|100/100\n|-ability|p1a: Calyrex|As One\n|-ability|p1a: Calyrex|Unnerve\n|-ability|p2b: Incineroar|Intimidate|boost\n|-unboost|p1a: Calyrex|atk|1\n|-fail|p1b: Dragonite|unboost|Attack|[from] ability: Inner Focus|[of] p1b: Dragonite\n|turn|3\n|\n|t:|1774860213\n|move|p1a: Calyrex|Protect|p1a: Calyrex\n|-singleturn|p1a: Calyrex|Protect\n|move|p2a: Iron Bundle|Icy Wind|p1a: Calyrex|[spread] p1b\n|-activate|p1a: Calyrex|move: Protect\n|-damage|p1b: Dragonite|62/100\n|-unboost|p1b: Dragonite|spe|1\n|move|p2b: Incineroar|Knock Off|p1a: Calyrex\n|-activate|p1a: Calyrex|move: Protect\n|move|p1b: Dragonite|Ice Spinner|p2a: Iron Bundle\n|-resisted|p2a: Iron Bundle\n|-damage|p2a: Iron Bundle|86/100\n|\n|upkeep\n|turn|4\n|inactive|aqqqxin has 30 seconds left.\n|j| kunkakunkaikakusai\n|inactive|aqqqxin has 20 seconds left.\n|inactive|aqqqxin has 15 seconds left.\n|inactive|aqqqxin has 10 seconds left.\n|inactive|aqqqxin has 5 seconds left.\n|\n|t:|1774860267\n|move|p2a: Iron Bundle|Protect|p2a: Iron Bundle\n|-singleturn|p2a: Iron Bundle|Protect\n|move|p1a: Calyrex|Astral Barrage|p2b: Incineroar|[spread] p2b\n|-activate|p2a: Iron Bundle|move: Protect\n|-resisted|p2b: Incineroar\n|-damage|p2b: Incineroar|82/100\n|move|p2b: Incineroar|Knock Off|p1a: Calyrex\n|-supereffective|p1a: Calyrex\n|-damage|p1a: Calyrex|0 fnt\n|-enditem|p1a: Calyrex|Iron Ball|[from] move: Knock Off|[of] p2b: Incineroar\n|faint|p1a: Calyrex\n|move|p1b: Dragonite|Ice Spinner|p2b: Incineroar\n|-resisted|p2b: Incineroar\n|-damage|p2b: Incineroar|65/100\n|\n|upkeep\n|turn|5\n|inactive|aqqqxin has 30 seconds left.\n|l|\u2606aqqqxin\n|inactive|aqqqxin disconnected and has a minute to reconnect!\n|player|p1|\n|inactive|aqqqxin has 20 seconds left.\n|j|\u2606aqqqxin\n|inactive|aqqqxin reconnected and has 20 seconds left.\n|player|p1|aqqqxin|rosa|\n|inactive|aqqqxin has 15 seconds left.\n|inactive|aqqqxin has 10 seconds left.\n|inactive|aqqqxin has 5 seconds left.\n|\n|t:|1774860322\n|move|p2a: Iron Bundle|Ice Beam|p1b: Dragonite\n|-damage|p1b: Dragonite|21/100\n|move|p2b: Incineroar|Flare Blitz|p1b: Dragonite\n|-damage|p1b: Dragonite|0 fnt\n|faint|p1b: Dragonite\n|-damage|p2b: Incineroar|58/100|[from] Recoil\n|\n|win|swordsdanceurshifu\n|raw|aqqqxin's rating: 1359 &rarr; <strong>1344</strong><br />(-15 for losing)\n|raw|swordsdanceurshifu's rating: 1448 &rarr; <strong>1463</strong><br />(+15 for winning)\n|l|\u2606swordsdanceurshifu\n|player|p2|\n|l| kunkakunkaikakusai\n","uploadtime":1774860517,"views":13,"formatid":"gen9vgc2026regi","rating":1344,"private":0,"password":null}