{"id":"gen9vgc2026regi-2555024673","format":"[Gen 9] VGC 2026 Reg I","players":["Galact7adi","cpinalli4"],"log":"|j|\u2606Galact7adi\n|j|\u2606cpinalli4\n|t:|1773046357\n|gametype|doubles\n|player|p1|Galact7adi|n|1417\n|player|p2|cpinalli4|elesa|1516\n|gen|9\n|tier|[Gen 9] VGC 2026 Reg I\n|rated|\n|rule|Species Clause: Limit one of each Pok\u00e9mon\n|rule|Item Clause: Limit 1 of each item\n|clearpoke\n|poke|p1|Lunala, L50|\n|poke|p1|Ursaluna, L50, M|\n|poke|p1|Urshifu-*, L50, F|\n|poke|p1|Miraidon, L50|\n|poke|p1|Grimmsnarl, L50, M|\n|poke|p1|Incineroar, L50, F|\n|poke|p2|Kyogre, L50|\n|poke|p2|Flutter Mane, L50|\n|poke|p2|Urshifu-*, L50, M|\n|poke|p2|Landorus, L50, M|\n|poke|p2|Smeargle, L50, F|\n|poke|p2|Calyrex-Ice, L50|\n|teampreview|4\n|inactive|Battle timer is ON: inactive players will automatically lose when time's up. (requested by Galact7adi)\n|inactive|Galact7adi has 60 seconds left.\n|\n|t:|1773046408\n|teamsize|p1|4\n|teamsize|p2|4\n|start\n|switch|p1a: Miraidon|Miraidon, L50|100/100\n|switch|p1b: Grimmsnarl|Grimmsnarl, L50, M|100/100\n|switch|p2a: Smeargle|Smeargle, L50, F|100/100\n|switch|p2b: Calyrex|Calyrex-Ice, L50|100/100\n|-ability|p2b: Calyrex|As One\n|-ability|p2b: Calyrex|Unnerve\n|-fieldstart|move: Electric Terrain|[from] ability: Hadron Engine|[of] p1a: Miraidon\n|turn|1\n|inactive|cpinalli4 has 30 seconds left.\n|\n|t:|1773046435\n|-terastallize|p1a: Miraidon|Electric\n|-terastallize|p2b: Calyrex|Grass\n|move|p2a: Smeargle|Fake Out|p1b: Grimmsnarl\n|-damage|p1b: Grimmsnarl|95/100\n|cant|p1b: Grimmsnarl|flinch\n|move|p1a: Miraidon|Volt Switch|p2b: Calyrex\n|-resisted|p2b: Calyrex\n|-damage|p2b: Calyrex|68/100\n|\n|t:|1773046442\n|switch|p1a: Lunala|Lunala, L50|100/100|[from] Volt Switch\n|-enditem|p1a: Lunala|Electric Seed\n|-boost|p1a: Lunala|def|1|[from] item: Electric Seed\n|move|p2b: Calyrex|Trick Room|p2b: Calyrex\n|-fieldstart|move: Trick Room|[of] p2b: Calyrex\n|\n|-ability|p2a: Smeargle|Moody|boost\n|-boost|p2a: Smeargle|spe|2\n|-unboost|p2a: Smeargle|spd|1\n|-enditem|p2a: Smeargle|Eject Pack\n|upkeep\n|\n|t:|1773046451\n|switch|p2a: alex|Kyogre, L50|100/100\n|-weather|RainDance|[from] ability: Drizzle|[of] p2a: alex\n|turn|2\n|\n|t:|1773046460\n|move|p1a: Lunala|Wide Guard|p1a: Lunala\n|-singleturn|p1a: Lunala|Wide Guard\n|move|p1b: Grimmsnarl|Light Screen|p1b: Grimmsnarl\n|-sidestart|p1: Galact7adi|move: Light Screen\n|move|p2a: alex|Ice Beam|p1b: Grimmsnarl\n|-damage|p1b: Grimmsnarl|73/100\n|-status|p1b: Grimmsnarl|frz\n|move|p2b: Calyrex|Seed Bomb|p1b: Grimmsnarl\n|-damage|p1b: Grimmsnarl|21/100 frz\n|\n|-weather|RainDance|[upkeep]\n|upkeep\n|turn|3\n|\n|t:|1773046477\n|cant|p1b: Grimmsnarl|frz\n|move|p2a: alex|Water Spout|p1a: Lunala|[spread] p1a,p1b\n|-damage|p1a: Lunala|75/100\n|-damage|p1b: Grimmsnarl|0 fnt\n|faint|p1b: Grimmsnarl\n|move|p2b: Calyrex|Seed Bomb|p1a: Lunala\n|-damage|p1a: Lunala|50/100\n|move|p1a: Lunala|Moongeist Beam|p2a: alex\n|-damage|p2a: alex|60/100\n|\n|-weather|RainDance|[upkeep]\n|upkeep\n|\n|t:|1773046484\n|switch|p1b: Ursaluna|Ursaluna, L50, M|100/100\n|turn|4\n|inactive|Galact7adi has 30 seconds left.\n|\n|t:|1773046509\n|move|p1b: Ursaluna|Protect|p1b: Ursaluna\n|-singleturn|p1b: Ursaluna|Protect\n|move|p2a: alex|Ice Beam|p1a: Lunala\n|-damage|p1a: Lunala|31/100\n|move|p2b: Calyrex|Seed Bomb|p1a: Lunala\n|-damage|p1a: Lunala|3/100\n|move|p1a: Lunala|Moongeist Beam|p2b: Calyrex\n|-damage|p2b: Calyrex|31/100\n|\n|-weather|RainDance|[upkeep]\n|-status|p1b: Ursaluna|brn|[from] item: Flame Orb\n|upkeep\n|turn|5\n|inactive|Galact7adi has 30 seconds left.\n|\n|t:|1773046536\n|move|p2a: alex|Ice Beam|p1a: Lunala\n|-damage|p1a: Lunala|0 fnt\n|faint|p1a: Lunala\n|move|p1b: Ursaluna|Facade|p2b: Calyrex\n|-damage|p2b: Calyrex|0 fnt\n|faint|p2b: Calyrex\n|\n|-weather|RainDance|[upkeep]\n|-damage|p1b: Ursaluna|95/100 brn|[from] brn\n|-fieldend|move: Trick Room\n|-fieldend|move: Electric Terrain\n|upkeep\n|\n|t:|1773046546\n|switch|p1a: Miraidon|Miraidon, L50, tera:Electric|100/100\n|switch|p2b: Landorus|Landorus, L50, M|100/100\n|-fieldstart|move: Electric Terrain|[from] ability: Hadron Engine|[of] p1a: Miraidon\n|turn|6\n|\n|t:|1773046564\n|move|p2a: alex|Protect|p2a: alex\n|-singleturn|p2a: alex|Protect\n|move|p1a: Miraidon|Electro Drift|p2a: alex\n|-activate|p2a: alex|move: Protect\n|move|p2b: Landorus|Sandsear Storm|p1b: Ursaluna|[spread] p1a,p1b\n|-supereffective|p1a: Miraidon\n|-damage|p1a: Miraidon|55/100\n|-damage|p1b: Ursaluna|58/100 brn\n|move|p1b: Ursaluna|Facade|p2b: Landorus\n|-damage|p2b: Landorus|0 fnt\n|faint|p2b: Landorus\n|\n|-weather|none\n|-damage|p1b: Ursaluna|53/100 brn|[from] brn\n|upkeep\n|\n|t:|1773046576\n|switch|p2b: Smeargle|Smeargle, L50, F|100/100\n|turn|7\n|\n|t:|1773046590\n|move|p1b: Ursaluna|Protect|p1b: Ursaluna\n|-singleturn|p1b: Ursaluna|Protect\n|move|p2b: Smeargle|Fake Out|p1a: Miraidon\n|-damage|p1a: Miraidon|50/100\n|cant|p1a: Miraidon|flinch\n|move|p2a: alex|Origin Pulse|p1a: Miraidon|[spread] \n|-activate|p1b: Ursaluna|move: Protect\n|-miss|p2a: alex|p1a: Miraidon\n|\n|-damage|p1b: Ursaluna|47/100 brn|[from] brn\n|-ability|p2b: Smeargle|Moody|boost\n|-boost|p2b: Smeargle|spd|2\n|-unboost|p2b: Smeargle|def|1\n|upkeep\n|turn|8\n|\n|t:|1773046619\n|move|p2b: Smeargle|Follow Me|p2b: Smeargle\n|-singleturn|p2b: Smeargle|move: Follow Me\n|move|p1a: Miraidon|Volt Switch|p2b: Smeargle\n|-damage|p2b: Smeargle|18/100\n|move|p1b: Ursaluna|Facade|p2b: Smeargle\n|-damage|p2b: Smeargle|0 fnt\n|faint|p2b: Smeargle\n|move|p2a: alex|Origin Pulse|p1a: Miraidon|[spread] p1a,p1b\n|-supereffective|p1b: Ursaluna\n|-damage|p1a: Miraidon|34/100\n|-damage|p1b: Ursaluna|0 fnt\n|faint|p1b: Ursaluna\n|\n|upkeep\n|turn|9\n|\n|t:|1773046631\n|move|p2a: alex|Protect|p2a: alex\n|-singleturn|p2a: alex|Protect\n|move|p1a: Miraidon|Electro Drift|p2a: alex\n|-activate|p2a: alex|move: Protect\n|\n|-sideend|p1: Galact7adi|move: Light Screen\n|upkeep\n|turn|10\n|\n|t:|1773046636\n|move|p2a: alex|Protect||[still]\n|-fail|p2a: alex\n|move|p1a: Miraidon|Electro Drift|p2a: alex\n|-supereffective|p2a: alex\n|-damage|p2a: alex|0 fnt\n|faint|p2a: alex\n|\n|win|Galact7adi\n|raw|Galact7adi's rating: 1417 &rarr; <strong>1443</strong><br />(+26 for winning)\n|raw|cpinalli4's rating: 1516 &rarr; <strong>1490</strong><br />(-26 for losing)\n|l|\u2606cpinalli4\n|player|p2|\n|c|\u2606Galact7adi|Gg wp\n|l|\u2606Galact7adi\n|player|p1|\n","uploadtime":1773046774,"views":19,"formatid":"gen9vgc2026regi","rating":1443,"private":0,"password":null}