{"id":"gen9vgc2026regi-2546653867","format":"[Gen 9] VGC 2026 Reg I","players":["juacox300","huanyu0.0"],"log":"|j|\u2606juacox300\n|j|\u2606huanyu0.0\n|t:|1771989521\n|gametype|doubles\n|player|p1|juacox300|unknown|1398\n|player|p2|huanyu0.0|170|1582\n|gen|9\n|tier|[Gen 9] VGC 2026 Reg I\n|rated|\n|rule|Species Clause: Limit one of each Pok\u00e9mon\n|rule|Item Clause: Limit 1 of each item\n|clearpoke\n|poke|p1|Miraidon, L50|\n|poke|p1|Iron Hands, L50|\n|poke|p1|Calyrex-Ice, L50|\n|poke|p1|Chien-Pao, L50|\n|poke|p1|Chi-Yu, L50|\n|poke|p1|Alcremie-Salted-Cream, L50, F|\n|poke|p2|Terapagos, L50, M|\n|poke|p2|Indeedee-F, L50, F|\n|poke|p2|Groudon, L50|\n|poke|p2|Whimsicott, L50, F|\n|poke|p2|Volcarona, L50, F|\n|poke|p2|Raging Bolt, L50|\n|teampreview|4\n|inactive|Battle timer is ON: inactive players will automatically lose when time's up. (requested by huanyu0.0)\n|\n|t:|1771989557\n|teamsize|p1|4\n|teamsize|p2|4\n|start\n|switch|p1a: Calyrex|Calyrex-Ice, L50|100/100\n|switch|p1b: Helena|Alcremie-Salted-Cream, L50, F|100/100\n|switch|p2a: Terapagos|Terapagos, L50, M|100/100\n|switch|p2b: Indeedee|Indeedee-F, L50, F|100/100\n|-activate|p2a: Terapagos|ability: Tera Shift\n|detailschange|p2a: Terapagos|Terapagos-Terastal, L50, M\n|-heal|p2a: Terapagos|100/100|[silent]\n|-ability|p1a: Calyrex|As One\n|-ability|p1a: Calyrex|Unnerve\n|-fieldstart|move: Psychic Terrain|[from] ability: Psychic Surge|[of] p2b: Indeedee\n|turn|1\n|\n|t:|1771989577\n|-terastallize|p2a: Terapagos|Stellar\n|detailschange|p2a: Terapagos|Terapagos-Stellar, L50, M, tera:Stellar\n|-heal|p2a: Terapagos|100/100|[silent]\n|-ability|p2a: Terapagos|Teraform Zero\n|-fieldend|move: Psychic Terrain\n|move|p2b: Indeedee|Fake Out|p1a: Calyrex\n|-damage|p1a: Calyrex|96/100\n|move|p2a: Terapagos|Meteor Beam||[still]\n|-prepare|p2a: Terapagos|Meteor Beam\n|-boost|p2a: Terapagos|spa|1\n|-enditem|p2a: Terapagos|Power Herb\n|-anim|p2a: Terapagos|Meteor Beam|p1a: Calyrex\n|-supereffective|p1a: Calyrex\n|-damage|p1a: Calyrex|0 fnt\n|faint|p1a: Calyrex\n|move|p1b: Helena|Alluring Voice|p2a: Terapagos\n|-damage|p2a: Terapagos|79/100\n|-start|p2a: Terapagos|confusion\n|\n|upkeep\n|\n|t:|1771989588\n|switch|p1a: Miraidon|Miraidon, L50|100/100\n|-fieldstart|move: Electric Terrain|[from] ability: Hadron Engine|[of] p1a: Miraidon\n|turn|2\n|\n|t:|1771989605\n|move|p2b: Indeedee|Follow Me|p2b: Indeedee\n|-singleturn|p2b: Indeedee|move: Follow Me\n|move|p1a: Miraidon|Electro Drift|p2b: Indeedee\n|-damage|p2b: Indeedee|0 fnt\n|faint|p2b: Indeedee\n|-damage|p1a: Miraidon|91/100|[from] item: Life Orb\n|-activate|p2a: Terapagos|confusion\n|move|p2a: Terapagos|Tera Starstorm|p1b: Helena|[spread] p1a,p1b\n|-damage|p1a: Miraidon|32/100\n|-damage|p1b: Helena|56/100\n|move|p1b: Helena|Decorate|p1a: Miraidon\n|-boost|p1a: Miraidon|atk|2\n|-boost|p1a: Miraidon|spa|2\n|\n|upkeep\n|\n|t:|1771989622\n|switch|p2b: Whimsicott|Whimsicott, L50, F|100/100\n|turn|3\n|\n|t:|1771989646\n|switch|p1b: FerroNalgada|Iron Hands, L50|100/100\n|-activate|p1b: FerroNalgada|ability: Quark Drive\n|-start|p1b: FerroNalgada|quarkdriveatk\n|move|p1a: Miraidon|Protect|p1a: Miraidon\n|-singleturn|p1a: Miraidon|Protect\n|move|p2b: Whimsicott|Tailwind|p2b: Whimsicott\n|-sidestart|p2: huanyu0.0|move: Tailwind\n|-activate|p2a: Terapagos|confusion\n|-damage|p2a: Terapagos|72/100|[from] confusion\n|\n|upkeep\n|turn|4\n|\n|t:|1771989667\n|switch|p1a: Helena|Alcremie-Salted-Cream, L50, F|56/100\n|-activate|p2a: Terapagos|confusion\n|move|p2a: Terapagos|Protect|p2a: Terapagos\n|-singleturn|p2a: Terapagos|Protect\n|move|p1b: FerroNalgada|Fake Out|p2a: Terapagos\n|-activate|p2a: Terapagos|move: Protect\n|move|p2b: Whimsicott|Endeavor|p1b: FerroNalgada\n|-damage|p1b: FerroNalgada|47/100\n|\n|upkeep\n|turn|5\n|\n|t:|1771989684\n|move|p2b: Whimsicott|Encore|p1b: FerroNalgada\n|-block|p1b: FerroNalgada|ability: Aroma Veil|[of] p1a: Helena\n|-activate|p2a: Terapagos|confusion\n|-damage|p2a: Terapagos|65/100|[from] confusion\n|move|p1a: Helena|Alluring Voice|p2b: Whimsicott\n|-damage|p2b: Whimsicott|45/100\n|move|p1b: FerroNalgada|Low Kick|p2a: Terapagos\n|-supereffective|p2a: Terapagos\n|-damage|p2a: Terapagos|0 fnt\n|faint|p2a: Terapagos\n|detailschange|p2: Terapagos|Terapagos, L50, M|[silent]\n|\n|upkeep\n|\n|t:|1771989696\n|switch|p2a: Volcarona|Volcarona, L50, F|100/100\n|turn|6\n|\n|t:|1771989711\n|-terastallize|p1b: FerroNalgada|Fire\n|move|p2b: Whimsicott|Endeavor|p1b: FerroNalgada\n|-damage|p1b: FerroNalgada|21/100\n|move|p2a: Volcarona|Quiver Dance|p2a: Volcarona\n|-boost|p2a: Volcarona|spa|1\n|-boost|p2a: Volcarona|spd|1\n|-boost|p2a: Volcarona|spe|1\n|move|p1a: Helena|Encore|p2a: Volcarona\n|-start|p2a: Volcarona|Encore\n|move|p1b: FerroNalgada|Heavy Slam|p2b: Whimsicott\n|-supereffective|p2b: Whimsicott\n|-damage|p2b: Whimsicott|0 fnt\n|faint|p2b: Whimsicott\n|\n|-sideend|p2: huanyu0.0|move: Tailwind\n|-fieldend|move: Electric Terrain\n|-end|p1b: FerroNalgada|Quark Drive\n|upkeep\n|turn|7\n|\n|t:|1771989729\n|move|p2a: Volcarona|Quiver Dance|p2a: Volcarona\n|-boost|p2a: Volcarona|spa|1\n|-boost|p2a: Volcarona|spd|1\n|-boost|p2a: Volcarona|spe|1\n|move|p1a: Helena|Decorate|p1b: FerroNalgada\n|-boost|p1b: FerroNalgada|atk|2\n|-boost|p1b: FerroNalgada|spa|2\n|move|p1b: FerroNalgada|Wild Charge|p2a: Volcarona\n|-damage|p2a: Volcarona|0 fnt\n|faint|p2a: Volcarona\n|-damage|p1b: FerroNalgada|2/100|[from] Recoil\n|\n|win|juacox300\n|raw|juacox300's rating: 1398 &rarr; <strong>1428</strong><br />(+30 for winning)\n|raw|huanyu0.0's rating: 1582 &rarr; <strong>1552</strong><br />(-30 for losing)\n|l|\u2606juacox300\n|player|p1|\n|l|\u2606huanyu0.0\n|player|p2|\n","uploadtime":1771989870,"views":13,"formatid":"gen9vgc2026regi","rating":1428,"private":0,"password":null}