{"id":"gen9vgc2026regi-2573816043","format":"[Gen 9] VGC 2026 Reg I","players":["speedyturtle87","bullgod4ever"],"log":"|j|\u2606speedyturtle87\n|j|\u2606bullgod4ever\n|t:|1775167618\n|gametype|doubles\n|player|p1|speedyturtle87|carmine|1509\n|player|p2|bullgod4ever|266|1603\n|gen|9\n|tier|[Gen 9] VGC 2026 Reg I\n|rated|\n|rule|Species Clause: Limit one of each Pok\u00e9mon\n|rule|Item Clause: Limit 1 of each item\n|clearpoke\n|poke|p1|Volbeat, L50, M|\n|poke|p1|Kyogre, L50|\n|poke|p1|Calyrex-Ice, L50|\n|poke|p1|Landorus, L50, M|\n|poke|p1|Urshifu-*, L50, M|\n|poke|p1|Rillaboom, L50, F|\n|poke|p2|Brute Bonnet, L50|\n|poke|p2|Lunala, L50|\n|poke|p2|Flutter Mane, L50|\n|poke|p2|Landorus, L50, M|\n|poke|p2|Incineroar, L50, F|\n|poke|p2|Koraidon, L50|\n|teampreview|4\n|inactive|Battle timer is ON: inactive players will automatically lose when time's up. (requested by speedyturtle87)\n|inactive|speedyturtle87 has 60 seconds left.\n|\n|t:|1775167662\n|teamsize|p1|4\n|teamsize|p2|4\n|start\n|switch|p1a: Volbeat|Volbeat, L50, M|100/100\n|switch|p1b: Urshifu|Urshifu, L50, M|100/100\n|switch|p2a: Landorus|Landorus, L50, M|100/100\n|switch|p2b: Lunala|Lunala, L50|100/100\n|turn|1\n|inactive|bullgod4ever has 30 seconds left.\n|\n|t:|1775167692\n|switch|p1a: Rillaboom|Rillaboom, L50, F|100/100\n|-fieldstart|move: Grassy Terrain|[from] ability: Grassy Surge|[of] p1a: Rillaboom\n|-terastallize|p2b: Lunala|Water\n|move|p2a: Landorus|Earth Power|p1b: Urshifu\n|-damage|p1b: Urshifu|2/100\n|move|p1b: Urshifu|Wicked Blow|p2a: Landorus\n|-crit|p2a: Landorus\n|-damage|p2a: Landorus|24/100\n|move|p2b: Lunala|Meteor Beam||[still]\n|-prepare|p2b: Lunala|Meteor Beam\n|-boost|p2b: Lunala|spa|1\n|-enditem|p2b: Lunala|Power Herb\n|-anim|p2b: Lunala|Meteor Beam|p1a: Rillaboom\n|-damage|p1a: Rillaboom|53/100\n|\n|-heal|p1b: Urshifu|8/100|[from] Grassy Terrain\n|-heal|p1a: Rillaboom|59/100|[from] Grassy Terrain\n|upkeep\n|turn|2\n|inactive|bullgod4ever has 30 seconds left.\n|\n|t:|1775167718\n|move|p1a: Rillaboom|Fake Out|p2b: Lunala\n|-damage|p2b: Lunala|95/100\n|move|p1b: Urshifu|Sucker Punch|p2a: Landorus\n|-damage|p2a: Landorus|0 fnt\n|faint|p2a: Landorus\n|cant|p2b: Lunala|flinch\n|\n|-heal|p1b: Urshifu|14/100|[from] Grassy Terrain\n|-heal|p2b: Lunala|100/100|[from] Grassy Terrain\n|-heal|p1a: Rillaboom|65/100|[from] Grassy Terrain\n|upkeep\n|\n|t:|1775167729\n|switch|p2a: Koraidon|Koraidon, L50|100/100\n|-weather|SunnyDay|[from] ability: Orichalcum Pulse|[of] p2a: Koraidon\n|-activate|p2a: Koraidon|Orichalcum Pulse|[source]\n|turn|3\n|inactive|speedyturtle87 has 30 seconds left.\n|\n|t:|1775167759\n|switch|p1b: Kyogre|Kyogre, L50|100/100\n|-weather|RainDance|[from] ability: Drizzle|[of] p1b: Kyogre\n|move|p2a: Koraidon|Flame Charge|p1a: Rillaboom\n|-supereffective|p1a: Rillaboom\n|-damage|p1a: Rillaboom|41/100\n|-boost|p2a: Koraidon|spe|1\n|-damage|p2a: Koraidon|91/100|[from] item: Life Orb\n|move|p2b: Lunala|Moongeist Beam|p1b: Kyogre\n|-damage|p1b: Kyogre|41/100\n|move|p1a: Rillaboom|U-turn|p2b: Lunala\n|-damage|p2b: Lunala|92/100\n|\n|t:|1775167773\n|switch|p1a: Volbeat|Volbeat, L50, M|100/100|[from] U-turn\n|\n|-weather|RainDance|[upkeep]\n|-heal|p2a: Koraidon|97/100|[from] Grassy Terrain\n|-heal|p2b: Lunala|98/100|[from] Grassy Terrain\n|-heal|p1b: Kyogre|47/100|[from] Grassy Terrain\n|-heal|p1b: Kyogre|53/100|[from] item: Leftovers\n|upkeep\n|turn|4\n|\n|t:|1775167785\n|move|p1a: Volbeat|Encore|p2b: Lunala\n|-start|p2b: Lunala|Encore\n|move|p2a: Koraidon|Close Combat|p1b: Kyogre\n|-damage|p1b: Kyogre|0 fnt\n|-unboost|p2a: Koraidon|def|1\n|-unboost|p2a: Koraidon|spd|1\n|faint|p1b: Kyogre\n|-damage|p2a: Koraidon|87/100|[from] item: Life Orb\n|move|p2b: Lunala|Moongeist Beam|p1a: Volbeat\n|-damage|p1a: Volbeat|24/100\n|\n|-weather|RainDance|[upkeep]\n|-heal|p2a: Koraidon|94/100|[from] Grassy Terrain\n|-heal|p2b: Lunala|100/100|[from] Grassy Terrain\n|-heal|p1a: Volbeat|30/100|[from] Grassy Terrain\n|upkeep\n|\n|t:|1775167792\n|switch|p1b: Urshifu|Urshifu, L50, M|14/100\n|turn|5\n|inactive|bullgod4ever has 30 seconds left.\n|\n|t:|1775167823\n|move|p1a: Volbeat|Tailwind|p1a: Volbeat\n|-sidestart|p1: speedyturtle87|move: Tailwind\n|move|p2a: Koraidon|Flare Blitz|p1b: Urshifu\n|-damage|p1b: Urshifu|0 fnt\n|faint|p1b: Urshifu\n|-damage|p2a: Koraidon|89/100|[from] Recoil\n|-damage|p2a: Koraidon|79/100|[from] item: Life Orb\n|move|p2b: Lunala|Moongeist Beam|p1a: Volbeat\n|-damage|p1a: Volbeat|0 fnt\n|faint|p1a: Volbeat\n|\n|-weather|RainDance|[upkeep]\n|-heal|p2a: Koraidon|86/100|[from] Grassy Terrain\n|-fieldend|move: Grassy Terrain\n|upkeep\n|\n|t:|1775167828\n|switch|p1b: Rillaboom|Rillaboom, L50, F|41/100\n|-fieldstart|move: Grassy Terrain|[from] ability: Grassy Surge|[of] p1b: Rillaboom\n|turn|6\n|c|\u2606speedyturtle87|well played\n|\n|t:|1775167844\n|move|p2a: Koraidon|Close Combat|p1b: Rillaboom\n|-damage|p1b: Rillaboom|0 fnt\n|-unboost|p2a: Koraidon|def|1\n|-unboost|p2a: Koraidon|spd|1\n|faint|p1b: Rillaboom\n|-damage|p2a: Koraidon|76/100|[from] item: Life Orb\n|\n|win|bullgod4ever\n|raw|speedyturtle87's rating: 1509 &rarr; <strong>1494</strong><br />(-15 for losing)\n|raw|bullgod4ever's rating: 1603 &rarr; <strong>1618</strong><br />(+15 for winning)\n|c|\u2606bullgod4ever|Thanks man gg\n|c|\u2606speedyturtle87|gg\n|l|\u2606speedyturtle87\n|player|p1|\n|l|\u2606bullgod4ever\n|player|p2|\n","uploadtime":1775168081,"views":14,"formatid":"gen9vgc2026regi","rating":1494,"private":0,"password":null}