{"id":"gen9vgc2026regi-2553388538","format":"[Gen 9] VGC 2026 Reg I","players":["g0dGun","Konnikoni"],"log":"|j|\u2606g0dGun\n|j|\u2606Konnikoni\n|t:|1772826284\n|gametype|doubles\n|player|p1|g0dGun|blue|1208\n|player|p2|Konnikoni|101|1303\n|gen|9\n|tier|[Gen 9] VGC 2026 Reg I\n|rated|\n|rule|Species Clause: Limit one of each Pok\u00e9mon\n|rule|Item Clause: Limit 1 of each item\n|clearpoke\n|poke|p1|Hitmontop, L50, M|\n|poke|p1|Terapagos, L50, M|\n|poke|p1|Calyrex-Shadow, L50|\n|poke|p1|Ogerpon-Cornerstone, L50, F|\n|poke|p1|Urshifu-*, L50, F|\n|poke|p1|Whimsicott, L50, M|\n|poke|p2|Miraidon, L50|\n|poke|p2|Incineroar, L50, M|\n|poke|p2|Koraidon, L50|\n|poke|p2|Flutter Mane, L50|\n|poke|p2|Iron Valiant, L50|\n|poke|p2|Ogerpon-Cornerstone, L50, F|\n|teampreview|4\n|inactive|Battle timer is ON: inactive players will automatically lose when time's up. (requested by g0dGun)\n|inactive|Konnikoni has 60 seconds left.\n|\n|t:|1772826332\n|teamsize|p1|4\n|teamsize|p2|4\n|start\n|switch|p1a: Hitmontop|Hitmontop, L50, M|100/100\n|switch|p1b: Terapagos|Terapagos, L50, M|100/100\n|switch|p2a: Koraidon|Koraidon, L50|100/100\n|switch|p2b: Flutter Mane|Flutter Mane, L50|100/100\n|-activate|p1b: Terapagos|ability: Tera Shift\n|detailschange|p1b: Terapagos|Terapagos-Terastal, L50, M\n|-heal|p1b: Terapagos|100/100|[silent]\n|-weather|SunnyDay|[from] ability: Orichalcum Pulse|[of] p2a: Koraidon\n|-activate|p2b: Flutter Mane|ability: Protosynthesis\n|-start|p2b: Flutter Mane|protosynthesisspe\n|-activate|p2a: Koraidon|Orichalcum Pulse|[source]\n|-ability|p1a: Hitmontop|Intimidate|boost\n|-unboost|p2a: Koraidon|atk|1\n|-unboost|p2b: Flutter Mane|atk|1\n|turn|1\n|inactive|g0dGun has 30 seconds left.\n|inactive|Konnikoni has 30 seconds left.\n|\n|t:|1772826360\n|move|p2a: Koraidon|Protect|p2a: Koraidon\n|-singleturn|p2a: Koraidon|Protect\n|move|p1a: Hitmontop|Fake Out|p2a: Koraidon\n|-activate|p2a: Koraidon|move: Protect\n|move|p2b: Flutter Mane|Dazzling Gleam|p1b: Terapagos|[spread] p1a,p1b\n|-supereffective|p1a: Hitmontop\n|-activate|p1b: Terapagos|ability: Tera Shell\n|-resisted|p1b: Terapagos\n|-damage|p1a: Hitmontop|53/100\n|-damage|p1b: Terapagos|86/100\n|-enditem|p1a: Hitmontop|Eject Button\n|\n|t:|1772826371\n|switch|p1a: Whimsicott|Whimsicott, L50, M|100/100\n|move|p1b: Terapagos|Rock Polish|p1b: Terapagos\n|-boost|p1b: Terapagos|spe|2\n|\n|-weather|SunnyDay|[upkeep]\n|upkeep\n|turn|2\n|\n|t:|1772826392\n|move|p1a: Whimsicott|Encore|p2a: Koraidon\n|-start|p2a: Koraidon|Encore\n|move|p2b: Flutter Mane|Taunt|p1a: Whimsicott\n|-start|p1a: Whimsicott|move: Taunt\n|move|p1b: Terapagos|Earth Power|p2b: Flutter Mane\n|-damage|p2b: Flutter Mane|69/100\n|move|p2a: Koraidon|Protect||[still]\n|-fail|p2a: Koraidon\n|\n|-weather|SunnyDay|[upkeep]\n|upkeep\n|turn|3\n|inactive|g0dGun has 30 seconds left.\n|inactive|Konnikoni has 30 seconds left.\n|\n|t:|1772826422\n|move|p2a: Koraidon|Protect|p2a: Koraidon\n|-singleturn|p2a: Koraidon|Protect\n|move|p2b: Flutter Mane|Dazzling Gleam|p1b: Terapagos|[spread] p1a,p1b\n|-damage|p1a: Whimsicott|57/100\n|-damage|p1b: Terapagos|61/100\n|move|p1b: Terapagos|Earth Power|p2b: Flutter Mane\n|-damage|p2b: Flutter Mane|37/100\n|move|p1a: Whimsicott|Moonblast|p2b: Flutter Mane\n|-crit|p2b: Flutter Mane\n|-damage|p2b: Flutter Mane|0 fnt\n|faint|p2b: Flutter Mane\n|-end|p2b: Flutter Mane|Protosynthesis|[silent]\n|\n|-weather|SunnyDay|[upkeep]\n|upkeep\n|\n|t:|1772826438\n|switch|p2b: Miraidon|Miraidon, L50|100/100\n|-fieldstart|move: Electric Terrain|[from] ability: Hadron Engine|[of] p2b: Miraidon\n|turn|4\n|\n|t:|1772826459\n|-terastallize|p1b: Terapagos|Stellar\n|detailschange|p1b: Terapagos|Terapagos-Stellar, L50, M, tera:Stellar\n|-heal|p1b: Terapagos|71/100|[silent]\n|-ability|p1b: Terapagos|Teraform Zero\n|-weather|none\n|-fieldend|move: Electric Terrain\n|-terastallize|p2a: Koraidon|Fire\n|move|p2a: Koraidon|Protect|p2a: Koraidon\n|-singleturn|p2a: Koraidon|Protect\n|move|p1b: Terapagos|Tera Starstorm|p2a: Koraidon|[spread] p2b\n|-activate|p2a: Koraidon|move: Protect\n|-damage|p2b: Miraidon|64/100\n|move|p2b: Miraidon|Volt Switch|p1b: Terapagos\n|-damage|p1b: Terapagos|37/100\n|\n|t:|1772826470\n|switch|p2b: Iron Valiant|Iron Valiant, L50|100/100|[from] Volt Switch\n|-enditem|p2b: Iron Valiant|Booster Energy\n|-activate|p2b: Iron Valiant|ability: Quark Drive|[fromitem]\n|-start|p2b: Iron Valiant|quarkdrivespe\n|move|p1a: Whimsicott|Moonblast|p2a: Koraidon\n|-activate|p2a: Koraidon|move: Protect\n|\n|-end|p2a: Koraidon|Encore\n|upkeep\n|turn|5\n|inactive|Konnikoni has 30 seconds left.\n|\n|t:|1772826496\n|switch|p1a: Hitmontop|Hitmontop, L50, M|53/100\n|-ability|p1a: Hitmontop|Intimidate|boost\n|-unboost|p2a: Koraidon|atk|1\n|-unboost|p2b: Iron Valiant|atk|1\n|move|p1b: Terapagos|Protect|p1b: Terapagos\n|-singleturn|p1b: Terapagos|Protect\n|move|p2b: Iron Valiant|Wide Guard|p2b: Iron Valiant\n|-singleturn|p2b: Iron Valiant|Wide Guard\n|move|p2a: Koraidon|Close Combat|p1b: Terapagos\n|-activate|p1b: Terapagos|move: Protect\n|\n|upkeep\n|turn|6\n|\n|t:|1772826520\n|move|p2a: Koraidon|Protect|p2a: Koraidon\n|-singleturn|p2a: Koraidon|Protect\n|move|p1a: Hitmontop|Fake Out|p2b: Iron Valiant\n|-damage|p2b: Iron Valiant|91/100\n|cant|p2b: Iron Valiant|flinch\n|move|p1b: Terapagos|Earth Power|p2a: Koraidon\n|-activate|p2a: Koraidon|move: Protect\n|\n|upkeep\n|turn|7\n|\n|t:|1772826544\n|switch|p1a: Whimsicott|Whimsicott, L50, M|57/100\n|move|p1b: Terapagos|Protect|p1b: Terapagos\n|-singleturn|p1b: Terapagos|Protect\n|move|p2b: Iron Valiant|Icy Wind|p1b: Terapagos|[spread] p1a\n|-activate|p1b: Terapagos|move: Protect\n|-supereffective|p1a: Whimsicott\n|-damage|p1a: Whimsicott|25/100\n|move|p2a: Koraidon|Close Combat|p1b: Terapagos\n|-activate|p1b: Terapagos|move: Protect\n|\n|upkeep\n|turn|8\n|inactive|Konnikoni has 30 seconds left.\n|inactive|Konnikoni has 20 seconds left.\n|\n|t:|1772826583\n|move|p2a: Koraidon|Protect|p2a: Koraidon\n|-singleturn|p2a: Koraidon|Protect\n|move|p1a: Whimsicott|Tailwind|p1a: Whimsicott\n|-sidestart|p1: g0dGun|move: Tailwind\n|move|p1b: Terapagos|Earth Power|p2a: Koraidon\n|-activate|p2a: Koraidon|move: Protect\n|move|p2b: Iron Valiant|Icy Wind|p1b: Terapagos|[spread] p1a,p1b\n|-supereffective|p1a: Whimsicott\n|-damage|p1a: Whimsicott|0 fnt\n|-damage|p1b: Terapagos|30/100\n|-unboost|p1b: Terapagos|spe|1\n|faint|p1a: Whimsicott\n|\n|upkeep\n|\n|t:|1772826598\n|switch|p1a: Hitmontop|Hitmontop, L50, M|53/100\n|-ability|p1a: Hitmontop|Intimidate|boost\n|-unboost|p2a: Koraidon|atk|1\n|-unboost|p2b: Iron Valiant|atk|1\n|turn|9\n|inactive|Konnikoni has 30 seconds left.\n|inactive|Konnikoni has 20 seconds left.\n|inactive|Konnikoni has 15 seconds left.\n|inactive|g0dGun has 30 seconds left.\n|\n|t:|1772826644\n|move|p1a: Hitmontop|Vacuum Wave|p1b: Terapagos\n|-supereffective|p1b: Terapagos\n|-damage|p1b: Terapagos|25/100\n|-enditem|p1b: Terapagos|Weakness Policy\n|-boost|p1b: Terapagos|atk|2|[from] item: Weakness Policy\n|-boost|p1b: Terapagos|spa|2|[from] item: Weakness Policy\n|move|p1b: Terapagos|Earth Power|p2a: Koraidon\n|-supereffective|p2a: Koraidon\n|-damage|p2a: Koraidon|0 fnt\n|faint|p2a: Koraidon\n|move|p2b: Iron Valiant|Icy Wind|p1a: Hitmontop|[spread] p1a,p1b\n|-damage|p1a: Hitmontop|44/100\n|-damage|p1b: Terapagos|18/100\n|-unboost|p1a: Hitmontop|spe|1\n|-unboost|p1b: Terapagos|spe|1\n|\n|upkeep\n|\n|t:|1772826655\n|switch|p2a: Miraidon|Miraidon, L50|64/100\n|-fieldstart|move: Electric Terrain|[from] ability: Hadron Engine|[of] p2a: Miraidon\n|turn|10\n|inactive|Konnikoni has 30 seconds left.\n|\n|t:|1772826683\n|move|p2b: Iron Valiant|Wide Guard|p2b: Iron Valiant\n|-singleturn|p2b: Iron Valiant|Wide Guard\n|move|p1a: Hitmontop|Wide Guard|p1a: Hitmontop\n|-singleturn|p1a: Hitmontop|Wide Guard\n|move|p1b: Terapagos|Earth Power|p2a: Miraidon\n|-supereffective|p2a: Miraidon\n|-damage|p2a: Miraidon|0 fnt\n|faint|p2a: Miraidon\n|\n|upkeep\n|turn|11\n|-message|Konnikoni forfeited.\n|\n|win|g0dGun\n|raw|g0dGun's rating: 1208 &rarr; <strong>1240</strong><br />(+32 for winning)\n|raw|Konnikoni's rating: 1303 &rarr; <strong>1278</strong><br />(-25 for losing)\n|l|\u2606Konnikoni\n|player|p2|\n","uploadtime":1772826702,"views":14,"formatid":"gen9vgc2026regi","rating":1240,"private":0,"password":null}