{"id":"gen9vgc2026regi-2563573523","format":"[Gen 9] VGC 2026 Reg I","players":["yutarotaku","Highkage2"],"log":"|j|\u2606yutarotaku\n|j|\u203dHighkage2\n|t:|1774038491\n|gametype|doubles\n|player|p1|yutarotaku|265|1456\n|player|p2|Highkage2|doubleteam|1502\n|gen|9\n|tier|[Gen 9] VGC 2026 Reg I\n|rated|\n|rule|Species Clause: Limit one of each Pok\u00e9mon\n|rule|Item Clause: Limit 1 of each item\n|clearpoke\n|poke|p1|Zamazenta-*, L50|\n|poke|p1|Landorus, L50, M|\n|poke|p1|Rillaboom, L50, M|\n|poke|p1|Kyogre, L50|\n|poke|p1|Tornadus, L50, M|\n|poke|p1|Brute Bonnet, L50|\n|poke|p2|Incineroar, L50, F|\n|poke|p2|Calyrex-Ice, L50|\n|poke|p2|Miraidon, L50|\n|poke|p2|Farigiraf, L50, F|\n|poke|p2|Pelipper, L50, M|\n|poke|p2|Iron Treads, L50|\n|teampreview|4\n|inactive|Battle timer is ON: inactive players will automatically lose when time's up. (requested by Highkage2)\n|inactive|Highkage2 has 60 seconds left.\n|\n|t:|1774038543\n|teamsize|p1|4\n|teamsize|p2|4\n|start\n|switch|p1a: Tornadus|Tornadus, L50, M|100/100\n|switch|p1b: Kyogre|Kyogre, L50|100/100\n|switch|p2a: Calyrex|Calyrex-Ice, L50|100/100\n|switch|p2b: Incineroar|Incineroar, L50, F|100/100\n|-ability|p2a: Calyrex|As One\n|-ability|p2a: Calyrex|Unnerve\n|-weather|RainDance|[from] ability: Drizzle|[of] p1b: Kyogre\n|-ability|p2b: Incineroar|Intimidate|boost\n|-unboost|p1a: Tornadus|atk|1\n|-unboost|p1b: Kyogre|atk|1\n|turn|1\n|inactive|yutarotaku has 30 seconds left.\n|inactive|Highkage2 has 30 seconds left.\n|inactive|Highkage2 has 20 seconds left.\n|\n|t:|1774038583\n|switch|p1b: Zamazenta|Zamazenta-Crowned, L50|100/100\n|-ability|p1b: Zamazenta|Dauntless Shield|boost\n|-boost|p1b: Zamazenta|def|1\n|move|p2b: Incineroar|Fake Out|p1b: Zamazenta\n|-resisted|p1b: Zamazenta\n|-damage|p1b: Zamazenta|98/100\n|move|p1a: Tornadus|Bleakwind Storm|p2b: Incineroar|[spread] p2a,p2b\n|-damage|p2a: Calyrex|77/100\n|-damage|p2b: Incineroar|77/100\n|move|p2a: Calyrex|Glacial Lance|p1a: Tornadus|[spread] p1a,p1b\n|-supereffective|p1a: Tornadus\n|-resisted|p1b: Zamazenta\n|-damage|p1a: Tornadus|3/100\n|-damage|p1b: Zamazenta|87/100\n|\n|-weather|RainDance|[upkeep]\n|-heal|p2a: Calyrex|83/100|[from] item: Leftovers\n|upkeep\n|turn|2\n|inactive|yutarotaku has 30 seconds left.\n|inactive|Highkage2 has 30 seconds left.\n|inactive|yutarotaku has 20 seconds left.\n|\n|t:|1774038620\n|switch|p2b: Farigiraf|Farigiraf, L50, F|100/100\n|-terastallize|p2a: Calyrex|Fairy\n|move|p1b: Zamazenta|Body Press|p2a: Calyrex\n|-resisted|p2a: Calyrex\n|-damage|p2a: Calyrex|63/100\n|move|p1a: Tornadus|Bleakwind Storm|p2a: Calyrex|[spread] p2a,p2b\n|-damage|p2a: Calyrex|41/100\n|-damage|p2b: Farigiraf|70/100\n|-unboost|p2b: Farigiraf|spe|1\n|move|p2a: Calyrex|Leech Seed|p1b: Zamazenta\n|-start|p1b: Zamazenta|move: Leech Seed\n|\n|-weather|RainDance|[upkeep]\n|-heal|p2a: Calyrex|47/100|[from] item: Leftovers\n|-damage|p1b: Zamazenta|75/100|[from] Leech Seed|[of] p2a: Calyrex\n|-heal|p2a: Calyrex|58/100|[silent]\n|upkeep\n|turn|3\n|inactive|yutarotaku has 30 seconds left.\n|inactive|Highkage2 has 30 seconds left.\n|\n|t:|1774038650\n|move|p1b: Zamazenta|Behemoth Bash|p2a: Calyrex\n|-supereffective|p2a: Calyrex\n|-damage|p2a: Calyrex|9/100\n|move|p1a: Tornadus|Bleakwind Storm|p2b: Farigiraf|[spread] p2a,p2b\n|-damage|p2a: Calyrex|0 fnt\n|-damage|p2b: Farigiraf|40/100\n|faint|p2a: Calyrex\n|move|p2b: Farigiraf|Trick Room|p2b: Farigiraf\n|-fieldstart|move: Trick Room|[of] p2b: Farigiraf\n|\n|-weather|RainDance|[upkeep]\n|upkeep\n|\n|t:|1774038661\n|switch|p2a: Incineroar|Incineroar, L50, F|77/100\n|-ability|p2a: Incineroar|Intimidate|boost\n|-unboost|p1a: Tornadus|atk|1\n|-unboost|p1b: Zamazenta|atk|1\n|turn|4\n|\n|t:|1774038681\n|move|p2a: Incineroar|Fake Out|p1b: Zamazenta\n|-resisted|p1b: Zamazenta\n|-damage|p1b: Zamazenta|73/100\n|move|p2b: Farigiraf|Psychic|p1a: Tornadus\n|-damage|p1a: Tornadus|0 fnt\n|faint|p1a: Tornadus\n|cant|p1b: Zamazenta|flinch\n|\n|-weather|RainDance|[upkeep]\n|-damage|p1b: Zamazenta|60/100|[from] Leech Seed|[of] p2a: Incineroar\n|-heal|p2a: Incineroar|89/100|[silent]\n|upkeep\n|\n|t:|1774038687\n|switch|p1a: Rillaboom|Rillaboom, L50, M|100/100\n|-fieldstart|move: Grassy Terrain|[from] ability: Grassy Surge|[of] p1a: Rillaboom\n|turn|5\n|\n|t:|1774038712\n|switch|p2a: Miraidon|Miraidon, L50|100/100\n|-fieldstart|move: Electric Terrain|[from] ability: Hadron Engine|[of] p2a: Miraidon\n|-enditem|p2b: Farigiraf|Electric Seed\n|-boost|p2b: Farigiraf|def|1|[from] item: Electric Seed\n|move|p1a: Rillaboom|Wood Hammer|p2b: Farigiraf\n|-damage|p2b: Farigiraf|8/100\n|-damage|p1a: Rillaboom|89/100|[from] Recoil\n|move|p1b: Zamazenta|Body Press|p2a: Miraidon\n|-damage|p2a: Miraidon|42/100\n|move|p2b: Farigiraf|Trick Room|p2b: Farigiraf\n|-fieldend|move: Trick Room\n|\n|-weather|none\n|-damage|p1b: Zamazenta|48/100|[from] Leech Seed|[of] p2a: Miraidon\n|-heal|p2a: Miraidon|54/100|[silent]\n|upkeep\n|turn|6\n|inactive|yutarotaku has 30 seconds left.\n|inactive|yutarotaku has 20 seconds left.\n|inactive|yutarotaku has 15 seconds left.\n|inactive|yutarotaku has 10 seconds left.\n|\n|t:|1774038761\n|switch|p2b: Incineroar|Incineroar, L50, F|89/100\n|-ability|p2b: Incineroar|Intimidate|boost\n|-unboost|p1a: Rillaboom|atk|1\n|-unboost|p1b: Zamazenta|atk|1\n|move|p1b: Zamazenta|Protect|p1b: Zamazenta\n|-singleturn|p1b: Zamazenta|Protect\n|move|p2a: Miraidon|Electro Drift|p1b: Zamazenta\n|-activate|p1b: Zamazenta|move: Protect\n|move|p1a: Rillaboom|U-turn|p2b: Incineroar\n|-damage|p2b: Incineroar|76/100\n|j| KittyPON2\n|\n|t:|1774038774\n|switch|p1a: Kyogre|Kyogre, L50|100/100|[from] U-turn\n|-weather|RainDance|[from] ability: Drizzle|[of] p1a: Kyogre\n|\n|-weather|RainDance|[upkeep]\n|-damage|p1b: Zamazenta|35/100|[from] Leech Seed|[of] p2a: Miraidon\n|-heal|p2a: Miraidon|66/100|[silent]\n|upkeep\n|turn|7\n|inactive|Highkage2 has 30 seconds left.\n|inactive|Highkage2 has 20 seconds left.\n|inactive|Highkage2 has 15 seconds left.\n|inactive|Highkage2 has 10 seconds left.\n|inactive|Highkage2 has 5 seconds left.\n|\n|t:|1774038824\n|switch|p1b: Rillaboom|Rillaboom, L50, M|89/100\n|-fieldstart|move: Grassy Terrain|[from] ability: Grassy Surge|[of] p1b: Rillaboom\n|move|p1a: Kyogre|Protect|p1a: Kyogre\n|-singleturn|p1a: Kyogre|Protect\n|move|p2b: Incineroar|Fake Out|p1a: Kyogre\n|-activate|p1a: Kyogre|move: Protect\n|move|p2a: Miraidon|Electro Drift|p1a: Kyogre\n|-activate|p1a: Kyogre|move: Protect\n|\n|-weather|RainDance|[upkeep]\n|-heal|p2a: Miraidon|73/100|[from] Grassy Terrain\n|-heal|p1b: Rillaboom|95/100|[from] Grassy Terrain\n|-heal|p2b: Incineroar|82/100|[from] Grassy Terrain\n|upkeep\n|turn|8\n|inactive|yutarotaku has 30 seconds left.\n|\n|t:|1774038854\n|switch|p1a: Zamazenta|Zamazenta-Crowned, L50|35/100\n|move|p2a: Miraidon|Electro Drift|p1a: Zamazenta\n|-damage|p1a: Zamazenta|0 fnt\n|faint|p1a: Zamazenta\n|move|p1b: Rillaboom|U-turn|p2b: Incineroar\n|-damage|p2b: Incineroar|64/100\n|\n|t:|1774038863\n|switch|p1b: Kyogre|Kyogre, L50|100/100|[from] U-turn\n|move|p2b: Incineroar|U-turn|p1b: Kyogre\n|-damage|p1b: Kyogre|81/100\n|\n|t:|1774038868\n|switch|p2b: Farigiraf|Farigiraf, L50, F|8/100|[from] U-turn\n|\n|-weather|RainDance|[upkeep]\n|-heal|p2a: Miraidon|79/100|[from] Grassy Terrain\n|-heal|p1b: Kyogre|87/100|[from] Grassy Terrain\n|-heal|p2b: Farigiraf|15/100|[from] Grassy Terrain\n|upkeep\n|\n|t:|1774038872\n|switch|p1a: Rillaboom|Rillaboom, L50, M|95/100\n|turn|9\n|inactive|Highkage2 has 30 seconds left.\n|\n|t:|1774038897\n|switch|p2a: Incineroar|Incineroar, L50, F|64/100\n|-ability|p2a: Incineroar|Intimidate|boost\n|-unboost|p1a: Rillaboom|atk|1\n|-unboost|p1b: Kyogre|atk|1\n|-terastallize|p1b: Kyogre|Water\n|move|p1b: Kyogre|Water Spout|p2b: Farigiraf|[spread] p2a,p2b\n|-supereffective|p2a: Incineroar\n|-damage|p2a: Incineroar|0 fnt\n|-damage|p2b: Farigiraf|0 fnt\n|faint|p2a: Incineroar\n|faint|p2b: Farigiraf\n|move|p1a: Rillaboom|Wood Hammer|p2: Incineroar|[notarget]\n|-fail|p1a: Rillaboom\n|\n|-weather|RainDance|[upkeep]\n|-heal|p1b: Kyogre|94/100|[from] Grassy Terrain\n|-heal|p1a: Rillaboom|100/100|[from] Grassy Terrain\n|upkeep\n|\n|t:|1774038915\n|switch|p2a: Miraidon|Miraidon, L50|79/100\n|-fieldstart|move: Electric Terrain|[from] ability: Hadron Engine|[of] p2a: Miraidon\n|turn|10\n|\n|t:|1774038926\n|move|p1b: Kyogre|Protect|p1b: Kyogre\n|-singleturn|p1b: Kyogre|Protect\n|move|p2a: Miraidon|Electro Drift|p1a: Rillaboom\n|-resisted|p1a: Rillaboom\n|-damage|p1a: Rillaboom|45/100\n|move|p1a: Rillaboom|Wood Hammer|p2a: Miraidon\n|-resisted|p2a: Miraidon\n|-damage|p2a: Miraidon|60/100\n|-damage|p1a: Rillaboom|40/100|[from] Recoil\n|\n|-weather|none\n|upkeep\n|turn|11\n|\n|t:|1774038938\n|move|p1b: Kyogre|Protect|p1b: Kyogre\n|-singleturn|p1b: Kyogre|Protect\n|move|p2a: Miraidon|Electro Drift|p1b: Kyogre\n|-activate|p1b: Kyogre|move: Protect\n|move|p1a: Rillaboom|Wood Hammer|p2a: Miraidon\n|-resisted|p2a: Miraidon\n|-damage|p2a: Miraidon|43/100\n|-damage|p1a: Rillaboom|34/100|[from] Recoil\n|\n|upkeep\n|turn|12\n|\n|t:|1774038949\n|move|p2a: Miraidon|Electro Drift|p1b: Kyogre\n|-supereffective|p1b: Kyogre\n|-damage|p1b: Kyogre|0 fnt\n|faint|p1b: Kyogre\n|move|p1a: Rillaboom|Wood Hammer|p2a: Miraidon\n|-resisted|p2a: Miraidon\n|-damage|p2a: Miraidon|24/100\n|-damage|p1a: Rillaboom|28/100|[from] Recoil\n|\n|upkeep\n|turn|13\n|l| KittyPON2\n|\n|t:|1774038957\n|move|p2a: Miraidon|Electro Drift|p1a: Rillaboom\n|-resisted|p1a: Rillaboom\n|-damage|p1a: Rillaboom|0 fnt\n|faint|p1a: Rillaboom\n|\n|win|Highkage2\n|raw|yutarotaku's rating: 1456 &rarr; <strong>1439</strong><br />(-17 for losing)\n|raw|Highkage2's rating: 1502 &rarr; <strong>1519</strong><br />(+17 for winning)\n|l|\u2606yutarotaku\n|player|p1|\n","uploadtime":1774039922,"views":16,"formatid":"gen9vgc2026regi","rating":1439,"private":0,"password":null}