{"id":"gen9vgc2026regi-2545241907","format":"[Gen 9] VGC 2026 Reg I","players":["diggory delvet","lalo's pollos"],"log":"|j|\u2606diggory delvet\n|j|\u2606lalo's pollos\n|t:|1771817181\n|gametype|doubles\n|player|p1|diggory delvet|1|1349\n|player|p2|lalo's pollos|265|1429\n|gen|9\n|tier|[Gen 9] VGC 2026 Reg I\n|rated|\n|rule|Species Clause: Limit one of each Pok\u00e9mon\n|rule|Item Clause: Limit 1 of each item\n|clearpoke\n|poke|p1|Dialga-Origin, L50|\n|poke|p1|Whimsicott, L50, M|\n|poke|p1|Ursaluna, L50, F|\n|poke|p1|Ogerpon-Hearthflame, L50, F|\n|poke|p1|Oranguru, L50, F|\n|poke|p1|Palkia, L50|\n|poke|p2|Zamazenta-*, L50|\n|poke|p2|Lunala, L50|\n|poke|p2|Rillaboom, L50, M|\n|poke|p2|Incineroar, L50, F|\n|poke|p2|Urshifu-*, L50, M|\n|poke|p2|Tornadus, L50, M|\n|teampreview|4\n|\n|t:|1771817215\n|teamsize|p1|4\n|teamsize|p2|4\n|start\n|switch|p1a: Whimsicott|Whimsicott, L50, M|100/100\n|switch|p1b: Palkia|Palkia, L50|100/100\n|switch|p2a: Zamazenta|Zamazenta-Crowned, L50|100/100\n|switch|p2b: Incineroar|Incineroar, L50, F|100/100\n|-ability|p2a: Zamazenta|Dauntless Shield|boost\n|-boost|p2a: Zamazenta|def|1\n|-ability|p2b: Incineroar|Intimidate|boost\n|-unboost|p1a: Whimsicott|atk|1\n|-unboost|p1b: Palkia|atk|1\n|turn|1\n|\n|t:|1771817248\n|move|p1a: Whimsicott|Tailwind|p1a: Whimsicott\n|-sidestart|p1: diggory delvet|move: Tailwind\n|move|p1b: Palkia|Surf|p2b: Incineroar|[spread] p1a,p2a,p2b\n|-resisted|p1a: Whimsicott\n|-supereffective|p2b: Incineroar\n|-damage|p1a: Whimsicott|65/100\n|-damage|p2a: Zamazenta|64/100\n|-damage|p2b: Incineroar|20/100\n|move|p2a: Zamazenta|Heavy Slam|p1a: Whimsicott\n|-supereffective|p1a: Whimsicott\n|-damage|p1a: Whimsicott|0 fnt\n|faint|p1a: Whimsicott\n|move|p2b: Incineroar|Taunt|p1b: Palkia\n|-start|p1b: Palkia|move: Taunt\n|\n|upkeep\n|\n|t:|1771817257\n|switch|p1a: Ogerpon|Ogerpon-Hearthflame, L50, F|100/100\n|-ability|p1a: Ogerpon|Mold Breaker\n|turn|2\n|\n|t:|1771817271\n|switch|p2b: Rillaboom|Rillaboom, L50, M|100/100\n|-fieldstart|move: Grassy Terrain|[from] ability: Grassy Surge|[of] p2b: Rillaboom\n|-terastallize|p1a: Ogerpon|Fire\n|detailschange|p1a: Ogerpon|Ogerpon-Hearthflame-Tera, L50, F, tera:Fire\n|-ability|p1a: Ogerpon|Embody Aspect (Hearthflame)|boost\n|-boost|p1a: Ogerpon|atk|1\n|move|p2a: Zamazenta|Protect|p2a: Zamazenta\n|-singleturn|p2a: Zamazenta|Protect\n|move|p1a: Ogerpon|Ivy Cudgel|p2a: Zamazenta|[anim] Ivy Cudgel Fire\n|-activate|p2a: Zamazenta|move: Protect\n|move|p1b: Palkia|Spacial Rend|p2b: Rillaboom\n|-damage|p2b: Rillaboom|45/100\n|\n|-heal|p2a: Zamazenta|71/100|[from] Grassy Terrain\n|-heal|p2b: Rillaboom|51/100|[from] Grassy Terrain\n|upkeep\n|turn|3\n|\n|t:|1771817290\n|move|p2b: Rillaboom|Fake Out|p1a: Ogerpon\n|-damage|p1a: Ogerpon|89/100\n|cant|p1a: Ogerpon|flinch\n|move|p1b: Palkia|Flamethrower|p2b: Rillaboom\n|-supereffective|p2b: Rillaboom\n|-damage|p2b: Rillaboom|0 fnt\n|faint|p2b: Rillaboom\n|move|p2a: Zamazenta|Body Press|p1b: Palkia\n|-damage|p1b: Palkia|30/100\n|\n|-heal|p1a: Ogerpon|95/100|[from] Grassy Terrain\n|-heal|p1b: Palkia|36/100|[from] Grassy Terrain\n|-heal|p2a: Zamazenta|77/100|[from] Grassy Terrain\n|upkeep\n|\n|t:|1771817297\n|switch|p2b: Incineroar|Incineroar, L50, F|20/100\n|-ability|p2b: Incineroar|Intimidate|boost\n|-unboost|p1a: Ogerpon|atk|1\n|-unboost|p1b: Palkia|atk|1\n|turn|4\n|\n|t:|1771817313\n|move|p2b: Incineroar|Fake Out|p1a: Ogerpon\n|-damage|p1a: Ogerpon|84/100\n|cant|p1a: Ogerpon|flinch\n|move|p1b: Palkia|Flamethrower|p2a: Zamazenta\n|-supereffective|p2a: Zamazenta\n|-damage|p2a: Zamazenta|16/100\n|move|p2a: Zamazenta|Body Press|p1b: Palkia\n|-damage|p1b: Palkia|0 fnt\n|faint|p1b: Palkia\n|\n|-heal|p1a: Ogerpon|90/100|[from] Grassy Terrain\n|-heal|p2a: Zamazenta|22/100|[from] Grassy Terrain\n|-heal|p2b: Incineroar|26/100|[from] Grassy Terrain\n|-sideend|p1: diggory delvet|move: Tailwind\n|upkeep\n|\n|t:|1771817316\n|switch|p1b: Dialga|Dialga-Origin, L50|100/100\n|turn|5\n|\n|t:|1771817326\n|-terastallize|p2a: Zamazenta|Water\n|move|p1a: Ogerpon|Follow Me|p1a: Ogerpon\n|-singleturn|p1a: Ogerpon|move: Follow Me\n|move|p2a: Zamazenta|Body Press|p1a: Ogerpon\n|-damage|p1a: Ogerpon|7/100\n|move|p1b: Dialga|Earth Power|p2a: Zamazenta\n|-damage|p2a: Zamazenta|0 fnt\n|faint|p2a: Zamazenta\n|move|p2b: Incineroar|Parting Shot|p1a: Ogerpon\n|-unboost|p1a: Ogerpon|atk|1\n|-unboost|p1a: Ogerpon|spa|1\n|\n|t:|1771817334\n|switch|p2b: Lunala|Lunala, L50|100/100|[from] Parting Shot\n|\n|-heal|p1a: Ogerpon|13/100|[from] Grassy Terrain\n|upkeep\n|\n|t:|1771817335\n|switch|p2a: Incineroar|Incineroar, L50, F|26/100\n|-ability|p2a: Incineroar|Intimidate|boost\n|-unboost|p1a: Ogerpon|atk|1\n|-unboost|p1b: Dialga|atk|1\n|turn|6\n|\n|t:|1771817345\n|move|p2a: Incineroar|Fake Out|p1b: Dialga\n|-resisted|p1b: Dialga\n|-damage|p1b: Dialga|97/100\n|move|p1a: Ogerpon|Follow Me|p1a: Ogerpon\n|-singleturn|p1a: Ogerpon|move: Follow Me\n|move|p2b: Lunala|Moongeist Beam|p1a: Ogerpon\n|-damage|p1a: Ogerpon|0 fnt\n|faint|p1a: Ogerpon\n|detailschange|p1: Ogerpon|Ogerpon-Hearthflame, L50, F|[silent]\n|cant|p1b: Dialga|flinch\n|\n|-heal|p1b: Dialga|100/100|[from] Grassy Terrain\n|-heal|p2a: Incineroar|32/100|[from] Grassy Terrain\n|-fieldend|move: Grassy Terrain\n|upkeep\n|turn|7\n|\n|t:|1771817355\n|move|p2b: Lunala|Calm Mind|p2b: Lunala\n|-boost|p2b: Lunala|spa|1\n|-boost|p2b: Lunala|spd|1\n|move|p1b: Dialga|Earth Power|p2a: Incineroar\n|-supereffective|p2a: Incineroar\n|-damage|p2a: Incineroar|0 fnt\n|faint|p2a: Incineroar\n|\n|upkeep\n|turn|8\n|\n|t:|1771817364\n|move|p2b: Lunala|Moongeist Beam|p1b: Dialga\n|-damage|p1b: Dialga|37/100\n|move|p1b: Dialga|Flash Cannon|p2b: Lunala\n|-damage|p2b: Lunala|85/100\n|\n|-heal|p2b: Lunala|91/100|[from] item: Leftovers\n|upkeep\n|turn|9\n|\n|t:|1771817369\n|move|p2b: Lunala|Moongeist Beam|p1b: Dialga\n|-damage|p1b: Dialga|0 fnt\n|faint|p1b: Dialga\n|\n|win|lalo's pollos\n|raw|diggory delvet's rating: 1349 &rarr; <strong>1334</strong><br />(-15 for losing)\n|raw|lalo&apos;s pollos's rating: 1429 &rarr; <strong>1444</strong><br />(+15 for winning)\n|l|\u2606diggory delvet\n|player|p1|\n","uploadtime":1771817534,"views":15,"formatid":"gen9vgc2026regi","rating":1334,"private":0,"password":null}