{"id":"gen9vgc2026regi-2563579356","format":"[Gen 9] VGC 2026 Reg I","players":["INT Leite Ninho","Bman311"],"log":"|j|\u2606INT Leite Ninho\n|j|\u2606Bman311\n|t:|1774039054\n|gametype|doubles\n|player|p1|INT Leite Ninho|elaine|\n|player|p2|Bman311|cynthia-gen7|\n|gen|9\n|tier|[Gen 9] VGC 2026 Reg I\n|rated|Tournament battle\n|rule|Species Clause: Limit one of each Pok\u00e9mon\n|rule|Item Clause: Limit 1 of each item\n|raw|<div class=\"infobox\"><details class=\"readmore\" open><summary><strong>3 custom rules:</strong></summary> Open Team Sheets, Force Open Team Sheets, !Open Team Sheets</details></div>\n|clearpoke\n|poke|p1|Urshifu-*, L50, F|\n|poke|p1|Tornadus, L50, M|\n|poke|p1|Farigiraf, L50, M|\n|poke|p1|Zacian-*, L50|\n|poke|p1|Miraidon, L50|\n|poke|p1|Landorus, L50, M|\n|poke|p2|Koraidon, L50|\n|poke|p2|Calyrex-Ice, L50|\n|poke|p2|Incineroar, L50, M|\n|poke|p2|Brute Bonnet, L50|\n|poke|p2|Flutter Mane, L50|\n|poke|p2|Ursaluna, L50, M|\n|teampreview|4\n|showteam|p1|Urshifu-Rapid-Strike||FocusSash|UnseenFist|SurgingStrikes,CloseCombat,AquaJet,Protect|||F|||50|,,,,,Water]Tornadus||CovertCloak|Prankster|Tailwind,RainDance,BleakwindStorm,FoulPlay|||M|||50|,,,,,Dark]Farigiraf||ElectricSeed|ArmorTail|Imprison,TrickRoom,HelpingHand,PsychicNoise|||M|||50|,,,,,Grass]Zacian-Crowned||RustedSword|IntrepidSword|Protect,behemothblade,PlayRough,SacredSword||||||50|,,,,,Fighting]Miraidon||ChoiceSpecs|HadronEngine|VoltSwitch,ElectroDrift,DracoMeteor,ParabolicCharge||||||50|,,,,,Electric]Landorus||ChoiceScarf|SheerForce|SandsearStorm,EarthPower,SludgeBomb,Psychic|||M|||50|,,,,,Water\n|showteam|p2|Koraidon||LifeOrb|OrichalcumPulse|FlareBlitz,CloseCombat,FlameCharge,Protect||||||50|,,,,,Fire]Calyrex-Ice||ClearAmulet|AsOneGlastrier|GlacialLance,HighHorsepower,TrickRoom,Protect||||||50|,,,,,Water]Incineroar||AssaultVest|Intimidate|FakeOut,KnockOff,FlareBlitz,Uturn|||M|||50|,,,,,Grass]Brute Bonnet||CovertCloak|Protosynthesis|Spore,RagePowder,SeedBomb,SuckerPunch||||||50|,,,,,Water]Flutter Mane||FocusSash|Protosynthesis|Moonblast,ShadowBall,IcyWind,Protect||||||50|,,,,,Fairy]Ursaluna||FlameOrb|Guts|Facade,HeadlongRush,Earthquake,Protect|||M|||50|,,,,,Ghost\n|inactive|Battle timer is ON: inactive players will automatically lose when time's up. (requested by INT Leite Ninho)\n|inactive|Bman311 also wants the timer to be on.\n|j| ray_on_1248_\n|j| personathemc\n|inactive|INT Leite Ninho has 60 seconds left.\n|inactive|Bman311 has 60 seconds left.\n|c|\u2606INT Leite Ninho|glhf\n|c|\u2606Bman311|glhf\n|j|+holdingb\n|j| Jamstiffer\n|j| SH0CKING BLUE\n|j| EineKrankheit\n|inactive|INT Leite Ninho has 30 seconds left.\n|j| TG511\n|l| EineKrankheit\n|inactive|INT Leite Ninho has 20 seconds left.\n|\n|t:|1774039127\n|teamsize|p1|4\n|teamsize|p2|4\n|start\n|switch|p1a: Casas Lotericas|Tornadus, L50, M|100/100\n|switch|p1b: Super Choque|Miraidon, L50|100/100\n|switch|p2a: Calyrex|Calyrex-Ice, L50|100/100\n|switch|p2b: Incineroar|Incineroar, L50, M|100/100\n|-ability|p2a: Calyrex|As One\n|-ability|p2a: Calyrex|Unnerve\n|-fieldstart|move: Electric Terrain|[from] ability: Hadron Engine|[of] p1b: Super Choque\n|-ability|p2b: Incineroar|Intimidate|boost\n|-unboost|p1a: Casas Lotericas|atk|1\n|-unboost|p1b: Super Choque|atk|1\n|turn|1\n|j| ankoro\n|\n|t:|1774039148\n|switch|p1a: Evento Girafonico|Farigiraf, L50, M, shiny|100/100\n|-enditem|p1a: Evento Girafonico|Electric Seed\n|-boost|p1a: Evento Girafonico|def|1|[from] item: Electric Seed\n|switch|p2a: Ursaluna|Ursaluna, L50, M|100/100\n|-terastallize|p1b: Super Choque|Electric\n|move|p1b: Super Choque|Volt Switch|p2a: Ursaluna\n|-immune|p2a: Ursaluna\n|move|p2b: Incineroar|U-turn|p1b: Super Choque\n|-damage|p1b: Super Choque|81/100\n|\n|t:|1774039158\n|switch|p2b: Koraidon|Koraidon, L50|100/100|[from] U-turn\n|-weather|SunnyDay|[from] ability: Orichalcum Pulse|[of] p2b: Koraidon\n|-activate|p2b: Koraidon|Orichalcum Pulse|[source]\n|\n|-weather|SunnyDay|[upkeep]\n|-status|p2a: Ursaluna|brn|[from] item: Flame Orb\n|upkeep\n|turn|2\n|\n|t:|1774039175\n|switch|p1b: Casas Lotericas|Tornadus, L50, M|100/100\n|move|p2b: Koraidon|Close Combat|p1b: Casas Lotericas\n|-resisted|p1b: Casas Lotericas\n|-damage|p1b: Casas Lotericas|36/100\n|-unboost|p2b: Koraidon|def|1\n|-unboost|p2b: Koraidon|spd|1\n|-damage|p2b: Koraidon|91/100|[from] item: Life Orb\n|move|p1a: Evento Girafonico|Psychic Noise|p2b: Koraidon\n|-supereffective|p2b: Koraidon\n|-damage|p2b: Koraidon|2/100\n|-start|p2b: Koraidon|move: Heal Block\n|move|p2a: Ursaluna|Facade|p1a: Evento Girafonico\n|-damage|p1a: Evento Girafonico|27/100\n|\n|-weather|SunnyDay|[upkeep]\n|-damage|p2a: Ursaluna|95/100 brn|[from] brn\n|upkeep\n|turn|3\n|j| Tunderboltz\n|l| TG511\n|l| Tunderboltz\n|\n|t:|1774039194\n|switch|p2b: Incineroar|Incineroar, L50, M|100/100\n|-ability|p2b: Incineroar|Intimidate|boost\n|-unboost|p1a: Evento Girafonico|atk|1\n|-unboost|p1b: Casas Lotericas|atk|1\n|move|p1b: Casas Lotericas|Tailwind|p1b: Casas Lotericas\n|-sidestart|p1: INT Leite Ninho|move: Tailwind\n|move|p1a: Evento Girafonico|Psychic Noise|p2a: Ursaluna\n|-damage|p2a: Ursaluna|68/100 brn\n|-start|p2a: Ursaluna|move: Heal Block\n|move|p2a: Ursaluna|Facade|p1a: Evento Girafonico\n|-damage|p1a: Evento Girafonico|0 fnt\n|faint|p1a: Evento Girafonico\n|\n|-weather|SunnyDay|[upkeep]\n|-damage|p2a: Ursaluna|62/100 brn|[from] brn\n|upkeep\n|\n|t:|1774039199\n|switch|p1a: Dogecoin|Zacian-Crowned, L50|100/100\n|-ability|p1a: Dogecoin|Intrepid Sword|boost\n|-boost|p1a: Dogecoin|atk|1\n|turn|4\n|j| PewPewGeni\n|\n|t:|1774039210\n|move|p1a: Dogecoin|Protect|p1a: Dogecoin\n|-singleturn|p1a: Dogecoin|Protect\n|move|p2b: Incineroar|Fake Out|p1a: Dogecoin\n|-activate|p1a: Dogecoin|move: Protect\n|move|p1b: Casas Lotericas|Foul Play|p2a: Ursaluna\n|-damage|p2a: Ursaluna|32/100 brn\n|move|p2a: Ursaluna|Facade|p1b: Casas Lotericas\n|-damage|p1b: Casas Lotericas|0 fnt\n|faint|p1b: Casas Lotericas\n|\n|-weather|SunnyDay|[upkeep]\n|-damage|p2a: Ursaluna|27/100 brn|[from] brn\n|-end|p2a: Ursaluna|move: Heal Block\n|upkeep\n|l| PewPewGeni\n|\n|t:|1774039219\n|switch|p1b: Super Choque|Miraidon, L50, tera:Electric|81/100\n|-activate|p1b: Super Choque|ability: Hadron Engine\n|turn|5\n|\n|t:|1774039225\n|switch|p2b: Koraidon|Koraidon, L50|2/100\n|-activate|p2b: Koraidon|ability: Orichalcum Pulse\n|move|p2a: Ursaluna|Protect|p2a: Ursaluna\n|-singleturn|p2a: Ursaluna|Protect\n|move|p1a: Dogecoin|Behemoth Blade|p2a: Ursaluna\n|-activate|p2a: Ursaluna|move: Protect\n|move|p1b: Super Choque|Electro Drift|p2b: Koraidon\n|-resisted|p2b: Koraidon\n|-damage|p2b: Koraidon|0 fnt\n|faint|p2b: Koraidon\n|\n|-weather|none\n|-damage|p2a: Ursaluna|21/100 brn|[from] brn\n|-fieldend|move: Electric Terrain\n|upkeep\n|\n|t:|1774039236\n|switch|p2b: Incineroar|Incineroar, L50, M|100/100\n|-ability|p2b: Incineroar|Intimidate|boost\n|-unboost|p1a: Dogecoin|atk|1\n|-unboost|p1b: Super Choque|atk|1\n|turn|6\n|\n|t:|1774039245\n|move|p2b: Incineroar|Fake Out|p1a: Dogecoin\n|-resisted|p1a: Dogecoin\n|-damage|p1a: Dogecoin|95/100\n|cant|p1a: Dogecoin|flinch\n|move|p1b: Super Choque|Electro Drift|p2b: Incineroar\n|-damage|p2b: Incineroar|33/100\n|move|p2a: Ursaluna|Headlong Rush|p1b: Super Choque\n|-supereffective|p1b: Super Choque\n|-damage|p1b: Super Choque|0 fnt\n|-unboost|p2a: Ursaluna|def|1\n|-unboost|p2a: Ursaluna|spd|1\n|faint|p1b: Super Choque\n|\n|-damage|p2a: Ursaluna|15/100 brn|[from] brn\n|-sideend|p1: INT Leite Ninho|move: Tailwind\n|upkeep\n|turn|7\n|\n|t:|1774039270\n|switch|p2b: Calyrex|Calyrex-Ice, L50|100/100\n|-ability|p2b: Calyrex|As One\n|-ability|p2b: Calyrex|Unnerve\n|move|p1a: Dogecoin|Protect|p1a: Dogecoin\n|-singleturn|p1a: Dogecoin|Protect\n|move|p2a: Ursaluna|Headlong Rush|p1a: Dogecoin\n|-activate|p1a: Dogecoin|move: Protect\n|\n|-damage|p2a: Ursaluna|9/100 brn|[from] brn\n|upkeep\n|turn|8\n|inactive|INT Leite Ninho has 30 seconds left.\n|\n|t:|1774039296\n|-terastallize|p2b: Calyrex|Water\n|move|p1a: Dogecoin|Behemoth Blade|p2a: Ursaluna\n|-damage|p2a: Ursaluna|0 fnt\n|faint|p2a: Ursaluna\n|move|p2b: Calyrex|Trick Room|p2b: Calyrex\n|-fieldstart|move: Trick Room|[of] p2b: Calyrex\n|\n|upkeep\n|\n|t:|1774039299\n|switch|p2a: Incineroar|Incineroar, L50, M|33/100\n|-ability|p2a: Incineroar|Intimidate|boost\n|-unboost|p1a: Dogecoin|atk|1\n|turn|9\n|\n|t:|1774039302\n|move|p1a: Dogecoin|Protect|p1a: Dogecoin\n|-singleturn|p1a: Dogecoin|Protect\n|move|p2b: Calyrex|High Horsepower|p1a: Dogecoin\n|-activate|p1a: Dogecoin|move: Protect\n|move|p2a: Incineroar|Flare Blitz|p1a: Dogecoin\n|-activate|p1a: Dogecoin|move: Protect\n|\n|upkeep\n|turn|10\n|\n|t:|1774039310\n|move|p2b: Calyrex|High Horsepower|p1a: Dogecoin\n|-supereffective|p1a: Dogecoin\n|-damage|p1a: Dogecoin|24/100\n|move|p2a: Incineroar|Flare Blitz|p1a: Dogecoin\n|-supereffective|p1a: Dogecoin\n|-damage|p1a: Dogecoin|0 fnt\n|faint|p1a: Dogecoin\n|-damage|p2a: Incineroar|26/100|[from] Recoil\n|\n|win|Bman311\n|n|\u2606INT Leite Ninho|intleiteninho\n|n|\u2606Bman311|bman311\n|n| ray_on_1248_|rayon1248\n|n| personathemc|personathemc\n|n| holdingb|holdingb\n|n| Jamstiffer|jamstiffer\n|n| SH0CKING BLUE|sh0ckingblue\n|n| ankoro|ankoro\n|c|\u2606INT Leite Ninho|ggs\n|c|\u2606Bman311|gg\n|l| ray_on_1248_\n|l| ankoro\n","uploadtime":1774039310,"views":20,"formatid":"gen9vgc2026regi","rating":null,"private":0,"password":null}