{"id":"gen9vgc2026regi-2529009864","format":"[Gen 9] VGC 2026 Reg I","players":["MrCrabonni","ArisHazard"],"log":"|j|\u2606MrCrabonni\n|j|\u2606ArisHazard\n|t:|1769726970\n|gametype|doubles\n|player|p1|MrCrabonni|101|1281\n|player|p2|ArisHazard|170|1290\n|gen|9\n|tier|[Gen 9] VGC 2026 Reg I\n|rated|\n|rule|Species Clause: Limit one of each Pok\u00e9mon\n|rule|Item Clause: Limit 1 of each item\n|clearpoke\n|poke|p1|Miraidon, L50|\n|poke|p1|Iron Treads, L50|\n|poke|p1|Terapagos, L50, M|\n|poke|p1|Sinistcha-Masterpiece, L50|\n|poke|p1|Incineroar, L50, F|\n|poke|p1|Azumarill, L50, M|\n|poke|p2|Smeargle, L50, M|\n|poke|p2|Muk-Alola, L50, F|\n|poke|p2|Raging Bolt, L50|\n|poke|p2|Terapagos, L50, M|\n|poke|p2|Ho-Oh, L50|\n|poke|p2|Sableye, L50, M|\n|teampreview|4\n|inactive|Battle timer is ON: inactive players will automatically lose when time's up. (requested by ArisHazard)\n|inactive|MrCrabonni has 60 seconds left.\n|\n|t:|1769727012\n|teamsize|p1|4\n|teamsize|p2|4\n|start\n|switch|p1a: Miraidon|Miraidon, L50|100/100\n|switch|p1b: Terapagos|Terapagos, L50, M|100/100\n|switch|p2a: Smeargle|Smeargle, L50, M|100/100\n|switch|p2b: Muk|Muk-Alola, L50, F|100/100\n|-activate|p1b: Terapagos|ability: Tera Shift\n|detailschange|p1b: Terapagos|Terapagos-Terastal, L50, M\n|-heal|p1b: Terapagos|100/100|[silent]\n|-fieldstart|move: Electric Terrain|[from] ability: Hadron Engine|[of] p1a: Miraidon\n|-enditem|p1b: Terapagos|Electric Seed\n|-boost|p1b: Terapagos|def|1|[from] item: Electric Seed\n|turn|1\n|\n|t:|1769727032\n|move|p2a: Smeargle|Fake Out|p1a: Miraidon\n|-damage|p1a: Miraidon|96/100\n|cant|p1a: Miraidon|flinch\n|move|p1b: Terapagos|Earth Power|p2b: Muk\n|-supereffective|p2b: Muk\n|-crit|p2b: Muk\n|-damage|p2b: Muk|37/100\n|move|p2b: Muk|Minimize|p2b: Muk\n|-boost|p2b: Muk|evasion|2\n|\n|-heal|p2b: Muk|43/100|[from] item: Leftovers\n|-ability|p2a: Smeargle|Moody|boost\n|-boost|p2a: Smeargle|def|2\n|-unboost|p2a: Smeargle|spd|1\n|upkeep\n|turn|2\n|\n|t:|1769727048\n|move|p2a: Smeargle|Follow Me|p2a: Smeargle\n|-singleturn|p2a: Smeargle|move: Follow Me\n|move|p1a: Miraidon|Electro Drift|p2a: Smeargle\n|-enditem|p2a: Smeargle|Focus Sash\n|-damage|p2a: Smeargle|1/100\n|move|p1b: Terapagos|Earth Power|p2a: Smeargle\n|-damage|p2a: Smeargle|0 fnt\n|faint|p2a: Smeargle\n|-ability|p2b: Muk|Moody|Power of Alchemy|[from] ability: Power of Alchemy|[of] p2a: Smeargle\n|move|p2b: Muk|Minimize|p2b: Muk\n|-boost|p2b: Muk|evasion|2\n|\n|-heal|p2b: Muk|50/100|[from] item: Leftovers\n|-ability|p2b: Muk|Moody|boost\n|-boost|p2b: Muk|spd|2\n|-unboost|p2b: Muk|atk|1\n|upkeep\n|\n|t:|1769727068\n|switch|p2a: Sableye|Sableye, L50, M|100/100\n|turn|3\n|\n|t:|1769727078\n|move|p2a: Sableye|Disable|p1a: Miraidon\n|-start|p1a: Miraidon|Disable|Electro Drift\n|cant|p1a: Miraidon|Disable|Electro Drift\n|move|p1b: Terapagos|Earth Power|p2b: Muk\n|-supereffective|p2b: Muk\n|-damage|p2b: Muk|30/100\n|move|p2b: Muk|Minimize|p2b: Muk\n|-boost|p2b: Muk|evasion|2\n|\n|-heal|p2b: Muk|36/100|[from] item: Leftovers\n|-ability|p2b: Muk|Moody|boost\n|-boost|p2b: Muk|def|2\n|-unboost|p2b: Muk|spe|1\n|upkeep\n|turn|4\n|inactive|MrCrabonni has 30 seconds left.\n|\n|t:|1769727104\n|switch|p1a: Azumarill|Azumarill, L50, M, shiny|100/100\n|-terastallize|p1b: Terapagos|Stellar\n|detailschange|p1b: Terapagos|Terapagos-Stellar, L50, M, tera:Stellar\n|-heal|p1b: Terapagos|100/100|[silent]\n|-ability|p1b: Terapagos|Teraform Zero\n|-fieldend|move: Electric Terrain\n|move|p2a: Sableye|Disable|p1b: Terapagos\n|-start|p1b: Terapagos|Disable|Earth Power\n|move|p1b: Terapagos|Tera Starstorm|p2a: Sableye|[spread] p2a\n|-miss|p1b: Terapagos|p2b: Muk\n|-damage|p2a: Sableye|57/100\n|move|p2b: Muk|Toxic|p1b: Terapagos\n|-status|p1b: Terapagos|tox\n|\n|-heal|p2b: Muk|42/100|[from] item: Leftovers\n|-damage|p1b: Terapagos|94/100 tox|[from] psn\n|-ability|p2b: Muk|Moody|boost\n|-boost|p2b: Muk|spe|2\n|-unboost|p2b: Muk|spa|1\n|upkeep\n|turn|5\n|\n|t:|1769727129\n|move|p2a: Sableye|Protect|p2a: Sableye\n|-singleturn|p2a: Sableye|Protect\n|move|p1b: Terapagos|Tera Starstorm|p2b: Muk|[spread] \n|-activate|p2a: Sableye|move: Protect\n|-miss|p1b: Terapagos|p2b: Muk\n|move|p2b: Muk|Toxic|p1a: Azumarill\n|-status|p1a: Azumarill|tox\n|move|p1a: Azumarill|Liquidation|p2b: Muk|[miss]\n|-miss|p1a: Azumarill|p2b: Muk\n|\n|-heal|p2b: Muk|48/100|[from] item: Leftovers\n|-damage|p1b: Terapagos|82/100 tox|[from] psn\n|-damage|p1a: Azumarill|95/100 tox|[from] psn\n|-ability|p2b: Muk|Moody|boost\n|-boost|p2b: Muk|spa|2\n|-unboost|p2b: Muk|spe|1\n|upkeep\n|turn|6\n|\n|t:|1769727150\n|move|p2a: Sableye|Disable|p1a: Azumarill\n|-start|p1a: Azumarill|Disable|Liquidation\n|move|p1b: Terapagos|Tera Starstorm|p2b: Muk|[spread] p2a\n|-miss|p1b: Terapagos|p2b: Muk\n|-damage|p2a: Sableye|15/100\n|-enditem|p2a: Sableye|Sitrus Berry|[eat]\n|-heal|p2a: Sableye|39/100|[from] item: Sitrus Berry\n|cant|p1a: Azumarill|Disable|Liquidation\n|move|p2b: Muk|Knock Off|p1b: Terapagos\n|-damage|p1b: Terapagos|77/100 tox\n|\n|-heal|p2b: Muk|54/100|[from] item: Leftovers\n|-damage|p1b: Terapagos|58/100 tox|[from] psn\n|-damage|p1a: Azumarill|83/100 tox|[from] psn\n|-ability|p2b: Muk|Moody|boost\n|-boost|p2b: Muk|spa|2\n|-unboost|p2b: Muk|def|1\n|upkeep\n|turn|7\n|\n|t:|1769727173\n|switch|p1b: Sinistcha|Sinistcha-Masterpiece, L50|100/100\n|-heal|p1a: Azumarill|100/100 tox|[from] ability: Hospitality|[of] p1b: Sinistcha\n|move|p2a: Sableye|Protect|p2a: Sableye\n|-singleturn|p2a: Sableye|Protect\n|move|p2b: Muk|Knock Off|p1b: Sinistcha\n|-supereffective|p1b: Sinistcha\n|-damage|p1b: Sinistcha|62/100\n|-enditem|p1b: Sinistcha|Focus Sash|[from] move: Knock Off|[of] p2b: Muk\n|move|p1a: Azumarill|Ice Spinner|p2b: Muk\n|-damage|p2b: Muk|38/100\n|\n|-heal|p2b: Muk|44/100|[from] item: Leftovers\n|-damage|p1a: Azumarill|83/100 tox|[from] psn\n|-ability|p2b: Muk|Moody|boost\n|-boost|p2b: Muk|spe|2\n|-unboost|p2b: Muk|spa|1\n|upkeep\n|turn|8\n|inactive|MrCrabonni has 30 seconds left.\n|\n|t:|1769727201\n|switch|p2a: Terapagos|Terapagos, L50, M|100/100\n|-activate|p2a: Terapagos|ability: Tera Shift\n|detailschange|p2a: Terapagos|Terapagos-Terastal, L50, M\n|-heal|p2a: Terapagos|100/100|[silent]\n|switch|p1b: Miraidon|Miraidon, L50|96/100\n|-fieldstart|move: Electric Terrain|[from] ability: Hadron Engine|[of] p1b: Miraidon\n|move|p2b: Muk|Toxic|p1b: Miraidon\n|-status|p1b: Miraidon|tox\n|move|p1a: Azumarill|Ice Spinner|p2b: Muk\n|-crit|p2b: Muk\n|-damage|p2b: Muk|10/100\n|-fieldend|move: Electric Terrain\n|\n|-heal|p2b: Muk|16/100|[from] item: Leftovers\n|-damage|p1b: Miraidon|90/100 tox|[from] psn\n|-damage|p1a: Azumarill|60/100 tox|[from] psn\n|-ability|p2b: Muk|Moody|boost\n|-boost|p2b: Muk|def|2\n|-unboost|p2b: Muk|spe|1\n|upkeep\n|turn|9\n|\n|t:|1769727225\n|-terastallize|p2a: Terapagos|Stellar\n|detailschange|p2a: Terapagos|Terapagos-Stellar, L50, M, tera:Stellar\n|-heal|p2a: Terapagos|100/100|[silent]\n|move|p2b: Muk|Protect|p2b: Muk\n|-singleturn|p2b: Muk|Protect\n|move|p1b: Miraidon|Snarl|p2b: Muk|[spread] p2a\n|-activate|p2b: Muk|move: Protect\n|-damage|p2a: Terapagos|92/100\n|-unboost|p2a: Terapagos|spa|1\n|move|p2a: Terapagos|Tera Starstorm|p1b: Miraidon|[spread] p1a,p1b\n|-damage|p1a: Azumarill|33/100 tox\n|-damage|p1b: Miraidon|62/100 tox\n|move|p1a: Azumarill|Ice Spinner|p2b: Muk\n|-activate|p2b: Muk|move: Protect\n|\n|-heal|p2b: Muk|22/100|[from] item: Leftovers\n|-damage|p1b: Miraidon|50/100 tox|[from] psn\n|-damage|p1a: Azumarill|4/100 tox|[from] psn\n|-end|p1a: Azumarill|Disable\n|-ability|p2b: Muk|Moody|boost\n|-boost|p2b: Muk|atk|2\n|-unboost|p2b: Muk|spa|1\n|upkeep\n|turn|10\n|inactive|ArisHazard has 30 seconds left.\n|\n|t:|1769727251\n|switch|p1a: Sinistcha|Sinistcha-Masterpiece, L50|62/100\n|-heal|p1b: Miraidon|75/100 tox|[from] ability: Hospitality|[of] p1a: Sinistcha\n|move|p1b: Miraidon|Snarl|p2b: Muk|[spread] p2a\n|-miss|p1b: Miraidon|p2b: Muk\n|-damage|p2a: Terapagos|83/100\n|-unboost|p2a: Terapagos|spa|1\n|move|p2b: Muk|Knock Off|p1a: Sinistcha\n|-supereffective|p1a: Sinistcha\n|-damage|p1a: Sinistcha|0 fnt\n|faint|p1a: Sinistcha\n|move|p2a: Terapagos|Tera Starstorm|p1b: Miraidon\n|-damage|p1b: Miraidon|48/100 tox\n|\n|-heal|p2b: Muk|28/100|[from] item: Leftovers\n|-damage|p1b: Miraidon|30/100 tox|[from] psn\n|-ability|p2b: Muk|Moody|boost\n|-boost|p2b: Muk|spa|2\n|-unboost|p2b: Muk|def|1\n|upkeep\n|\n|t:|1769727270\n|switch|p1a: Terapagos|Terapagos-Stellar, L50, M, tera:Stellar|58/100 tox\n|turn|11\n|\n|t:|1769727276\n|move|p2b: Muk|Protect|p2b: Muk\n|-singleturn|p2b: Muk|Protect\n|move|p1b: Miraidon|Snarl|p2a: Terapagos|[spread] p2a\n|-activate|p2b: Muk|move: Protect\n|-damage|p2a: Terapagos|74/100\n|-unboost|p2a: Terapagos|spa|1\n|move|p1a: Terapagos|Tera Starstorm|p2a: Terapagos|[spread] p2a\n|-activate|p2b: Muk|move: Protect\n|-supereffective|p2a: Terapagos\n|-damage|p2a: Terapagos|33/100\n|move|p2a: Terapagos|Tera Starstorm|p1a: Terapagos|[spread] p1a,p1b\n|-supereffective|p1a: Terapagos\n|-damage|p1a: Terapagos|39/100 tox\n|-damage|p1b: Miraidon|13/100 tox\n|\n|-heal|p2b: Muk|34/100|[from] item: Leftovers\n|-damage|p1b: Miraidon|0 fnt|[from] psn\n|faint|p1b: Miraidon\n|-damage|p1a: Terapagos|32/100 tox|[from] psn\n|-ability|p2b: Muk|Moody|boost\n|-boost|p2b: Muk|spa|2\n|-unboost|p2b: Muk|def|1\n|upkeep\n|\n|t:|1769727280\n|switch|p1b: Azumarill|Azumarill, L50, M, shiny|4/100 tox\n|turn|12\n|\n|t:|1769727303\n|move|p1a: Terapagos|Tera Starstorm|p2a: Terapagos|[spread] p2a,p2b\n|-supereffective|p2a: Terapagos\n|-damage|p2a: Terapagos|0 fnt\n|-damage|p2b: Muk|20/100\n|faint|p2a: Terapagos\n|detailschange|p2: Terapagos|Terapagos, L50, M|[silent]\n|move|p2b: Muk|Knock Off|p1b: Azumarill\n|-resisted|p1b: Azumarill\n|-damage|p1b: Azumarill|0 fnt\n|-enditem|p1b: Azumarill|Assault Vest|[from] move: Knock Off|[of] p2b: Muk\n|faint|p1b: Azumarill\n|\n|-heal|p2b: Muk|26/100|[from] item: Leftovers\n|-damage|p1a: Terapagos|20/100 tox|[from] psn\n|-ability|p2b: Muk|Moody|boost\n|-boost|p2b: Muk|spe|2\n|-unboost|p2b: Muk|atk|1\n|upkeep\n|\n|t:|1769727321\n|switch|p2a: Sableye|Sableye, L50, M|39/100\n|turn|13\n|\n|t:|1769727325\n|move|p2b: Muk|Protect|p2b: Muk\n|-singleturn|p2b: Muk|Protect\n|move|p2a: Sableye|Disable|p1a: Terapagos\n|-start|p1a: Terapagos|Disable|Tera Starstorm\n|cant|p1a: Terapagos|Disable|Tera Starstorm\n|\n|-heal|p2b: Muk|32/100|[from] item: Leftovers\n|-damage|p1a: Terapagos|1/100 tox|[from] psn\n|-ability|p2b: Muk|Moody|boost\n|-boost|p2b: Muk|spa|1\n|-unboost|p2b: Muk|atk|1\n|upkeep\n|turn|14\n|-message|MrCrabonni forfeited.\n|\n|win|ArisHazard\n|raw|MrCrabonni's rating: 1281 &rarr; <strong>1257</strong><br />(-24 for losing)\n|raw|ArisHazard's rating: 1290 &rarr; <strong>1314</strong><br />(+24 for winning)\n|l|\u2606MrCrabonni\n|player|p1|\n|l|\u2606ArisHazard\n|player|p2|\n","uploadtime":1769727551,"views":14,"formatid":"gen9vgc2026regi","rating":1257,"private":0,"password":null}