{"id":"gen9vgc2026regi-2554818008","format":"[Gen 9] VGC 2026 Reg I","players":["KaiMVGC","Zkprep"],"log":"|j|\u2606KaiMVGC\n|j|\u2606Zkprep\n|t:|1773015239\n|gametype|doubles\n|player|p1|KaiMVGC|boarder|1386\n|player|p2|Zkprep|170|1272\n|gen|9\n|tier|[Gen 9] VGC 2026 Reg I\n|rated|\n|rule|Species Clause: Limit one of each Pok\u00e9mon\n|rule|Item Clause: Limit 1 of each item\n|clearpoke\n|poke|p1|Calyrex-Shadow, L50|\n|poke|p1|Zamazenta-*, L50|\n|poke|p1|Incineroar, L50, M|\n|poke|p1|Rillaboom, L50, F|\n|poke|p1|Amoonguss, L50, F|\n|poke|p1|Urshifu-*, L50, M|\n|poke|p2|Calyrex-Shadow, L50|\n|poke|p2|Miraidon, L50|\n|poke|p2|Whimsicott, L50, M|\n|poke|p2|Chien-Pao, L50|\n|poke|p2|Annihilape, L50, F|\n|poke|p2|Ogerpon-Wellspring, L50, F|\n|teampreview|4\n|inactive|Battle timer is ON: inactive players will automatically lose when time's up. (requested by Zkprep)\n|\n|t:|1773015275\n|teamsize|p1|4\n|teamsize|p2|4\n|start\n|switch|p1a: Calyrex|Calyrex-Shadow, L50|100/100\n|switch|p1b: Amoonguss|Amoonguss, L50, F|100/100\n|switch|p2a: Calyrex|Calyrex-Shadow, L50|100/100\n|switch|p2b: Whimsicott|Whimsicott, L50, M|100/100\n|-ability|p2a: Calyrex|As One\n|-ability|p2a: Calyrex|Unnerve\n|-ability|p1a: Calyrex|As One\n|-ability|p1a: Calyrex|Unnerve\n|turn|1\n|\n|t:|1773015300\n|move|p2a: Calyrex|Protect|p2a: Calyrex\n|-singleturn|p2a: Calyrex|Protect\n|move|p2b: Whimsicott|Tailwind|p2b: Whimsicott\n|-sidestart|p2: Zkprep|move: Tailwind\n|move|p1a: Calyrex|Astral Barrage|p2b: Whimsicott|[spread] p2b\n|-activate|p2a: Calyrex|move: Protect\n|-damage|p2b: Whimsicott|15/100\n|move|p1b: Amoonguss|Spore|p2a: Calyrex\n|-activate|p2a: Calyrex|move: Protect\n|\n|upkeep\n|turn|2\n|\n|t:|1773015317\n|switch|p2b: Miraidon|Miraidon, L50|100/100\n|-fieldstart|move: Electric Terrain|[from] ability: Hadron Engine|[of] p2b: Miraidon\n|move|p1a: Calyrex|Protect|p1a: Calyrex\n|-singleturn|p1a: Calyrex|Protect\n|move|p1b: Amoonguss|Protect|p1b: Amoonguss\n|-singleturn|p1b: Amoonguss|Protect\n|move|p2a: Calyrex|Astral Barrage|p1b: Amoonguss|[spread] \n|-activate|p1a: Calyrex|move: Protect\n|-activate|p1b: Amoonguss|move: Protect\n|\n|upkeep\n|turn|3\n|inactive|Zkprep has 30 seconds left.\n|inactive|Zkprep has 20 seconds left.\n|inactive|Zkprep has 15 seconds left.\n|\n|t:|1773015360\n|switch|p1a: Rillaboom|Rillaboom, L50, F|100/100\n|-fieldstart|move: Grassy Terrain|[from] ability: Grassy Surge|[of] p1a: Rillaboom\n|move|p2a: Calyrex|Astral Barrage|p1b: Amoonguss|[spread] p1a,p1b\n|-damage|p1a: Rillaboom|69/100\n|-damage|p1b: Amoonguss|61/100\n|move|p2b: Miraidon|Draco Meteor|p1a: Rillaboom\n|-damage|p1a: Rillaboom|30/100\n|-unboost|p2b: Miraidon|spa|2\n|move|p1b: Amoonguss|Spore|p2a: Calyrex\n|-status|p2a: Calyrex|slp|[from] move: Spore\n|\n|-heal|p1a: Rillaboom|36/100|[from] Grassy Terrain\n|-heal|p1b: Amoonguss|67/100|[from] Grassy Terrain\n|upkeep\n|turn|4\n|\n|t:|1773015383\n|switch|p2b: Whimsicott|Whimsicott, L50, M|15/100\n|cant|p2a: Calyrex|slp\n|move|p1a: Rillaboom|U-turn|p2b: Whimsicott\n|-damage|p2b: Whimsicott|0 fnt\n|faint|p2b: Whimsicott\n|\n|t:|1773015398\n|switch|p1a: Zamazenta|Zamazenta-Crowned, L50|100/100|[from] U-turn\n|-ability|p1a: Zamazenta|Dauntless Shield|boost\n|-boost|p1a: Zamazenta|def|1\n|move|p1b: Amoonguss|Pollen Puff|p1a: Zamazenta\n|\n|-heal|p1b: Amoonguss|73/100|[from] Grassy Terrain\n|-sideend|p2: Zkprep|move: Tailwind\n|upkeep\n|inactive|Zkprep has 30 seconds left.\n|\n|t:|1773015429\n|switch|p2b: Miraidon|Miraidon, L50|100/100\n|-fieldstart|move: Electric Terrain|[from] ability: Hadron Engine|[of] p2b: Miraidon\n|turn|5\n|inactive|Zkprep has 30 seconds left.\n|\n|t:|1773015460\n|-terastallize|p2b: Miraidon|Fairy\n|-terastallize|p1a: Zamazenta|Dragon\n|cant|p2a: Calyrex|slp\n|move|p1b: Amoonguss|Protect|p1b: Amoonguss\n|-singleturn|p1b: Amoonguss|Protect\n|move|p2b: Miraidon|Overheat|p1a: Zamazenta\n|-resisted|p1a: Zamazenta\n|-damage|p1a: Zamazenta|80/100\n|-unboost|p2b: Miraidon|spa|2\n|move|p1a: Zamazenta|Body Press|p2b: Miraidon\n|-resisted|p2b: Miraidon\n|-damage|p2b: Miraidon|68/100\n|\n|upkeep\n|turn|6\n|inactive|KaiMVGC has 30 seconds left.\n|inactive|Zkprep has 30 seconds left.\n|inactive|Zkprep has 20 seconds left.\n|inactive|Zkprep has 15 seconds left.\n|\n|t:|1773015502\n|switch|p2b: Annihilape|Annihilape, L50, F|100/100\n|switch|p1b: Rillaboom|Rillaboom, L50, F|36/100\n|-fieldstart|move: Grassy Terrain|[from] ability: Grassy Surge|[of] p1b: Rillaboom\n|-curestatus|p2a: Calyrex|slp|[msg]\n|move|p2a: Calyrex|Astral Barrage|p1a: Zamazenta|[spread] p1a,p1b\n|-damage|p1a: Zamazenta|43/100\n|-damage|p1b: Rillaboom|3/100\n|move|p1a: Zamazenta|Heavy Slam|p2b: Annihilape\n|-damage|p2b: Annihilape|44/100\n|\n|-heal|p2b: Annihilape|49/100|[from] Grassy Terrain\n|-heal|p1a: Zamazenta|49/100|[from] Grassy Terrain\n|-heal|p1b: Rillaboom|9/100|[from] Grassy Terrain\n|upkeep\n|turn|7\n|inactive|Zkprep has 30 seconds left.\n|inactive|Zkprep has 20 seconds left.\n|inactive|Zkprep has 15 seconds left.\n|inactive|Zkprep has 10 seconds left.\n|inactive|Zkprep has 5 seconds left.\n|\n|t:|1773015554\n|switch|p2a: Miraidon|Miraidon, L50, tera:Fairy|68/100\n|-fieldstart|move: Electric Terrain|[from] ability: Hadron Engine|[of] p2a: Miraidon\n|switch|p1b: Amoonguss|Amoonguss, L50, F|100/100\n|move|p1a: Zamazenta|Wide Guard|p1a: Zamazenta\n|-singleturn|p1a: Zamazenta|Wide Guard\n|move|p2b: Annihilape|Close Combat|p1a: Zamazenta\n|-damage|p1a: Zamazenta|29/100\n|-unboost|p2b: Annihilape|def|1\n|-unboost|p2b: Annihilape|spd|1\n|\n|upkeep\n|turn|8\n|\n|t:|1773015575\n|switch|p2b: Calyrex|Calyrex-Shadow, L50|100/100\n|-ability|p2b: Calyrex|As One\n|-ability|p2b: Calyrex|Unnerve\n|switch|p1a: Rillaboom|Rillaboom, L50, F|9/100\n|-fieldstart|move: Grassy Terrain|[from] ability: Grassy Surge|[of] p1a: Rillaboom\n|move|p2a: Miraidon|Dazzling Gleam|p1b: Amoonguss|[spread] p1a,p1b\n|-resisted|p1b: Amoonguss\n|-damage|p1a: Rillaboom|0 fnt\n|-damage|p1b: Amoonguss|89/100\n|faint|p1a: Rillaboom\n|move|p1b: Amoonguss|Spore|p2a: Miraidon\n|-status|p2a: Miraidon|slp|[from] move: Spore\n|\n|-heal|p2a: Miraidon|74/100 slp|[from] Grassy Terrain\n|-heal|p1b: Amoonguss|95/100|[from] Grassy Terrain\n|upkeep\n|\n|t:|1773015589\n|switch|p1a: Zamazenta|Zamazenta-Crowned, L50, tera:Dragon|29/100\n|turn|9\n|\n|t:|1773015600\n|switch|p2a: Annihilape|Annihilape, L50, F|49/100\n|move|p2b: Calyrex|Protect|p2b: Calyrex\n|-singleturn|p2b: Calyrex|Protect\n|move|p1a: Zamazenta|Wide Guard|p1a: Zamazenta\n|-singleturn|p1a: Zamazenta|Wide Guard\n|move|p1b: Amoonguss|Spore|p2a: Annihilape\n|-status|p2a: Annihilape|slp|[from] move: Spore\n|\n|-heal|p2a: Annihilape|55/100 slp|[from] Grassy Terrain\n|-heal|p1a: Zamazenta|35/100|[from] Grassy Terrain\n|-heal|p1b: Amoonguss|100/100|[from] Grassy Terrain\n|upkeep\n|turn|10\n|\n|t:|1773015622\n|switch|p2a: Miraidon|Miraidon, L50, tera:Fairy|74/100 slp\n|-fieldstart|move: Electric Terrain|[from] ability: Hadron Engine|[of] p2a: Miraidon\n|move|p1a: Zamazenta|Protect||[still]\n|-fail|p1a: Zamazenta\n|move|p2b: Calyrex|Astral Barrage|p1a: Zamazenta|[spread] p1a,p1b\n|-damage|p1a: Zamazenta|0 fnt\n|-damage|p1b: Amoonguss|60/100\n|faint|p1a: Zamazenta\n|-ability|p2b: Calyrex|Grim Neigh|boost\n|-boost|p2b: Calyrex|spa|1\n|move|p1b: Amoonguss|Pollen Puff|p1: Zamazenta|[notarget]\n|-fail|p1b: Amoonguss\n|\n|upkeep\n|\n|t:|1773015631\n|switch|p1a: Calyrex|Calyrex-Shadow, L50|100/100\n|-ability|p1a: Calyrex|As One\n|-ability|p1a: Calyrex|Unnerve\n|turn|11\n|\n|t:|1773015648\n|move|p1b: Amoonguss|Protect|p1b: Amoonguss\n|-singleturn|p1b: Amoonguss|Protect\n|move|p2b: Calyrex|Astral Barrage|p1b: Amoonguss|[spread] p1a\n|-activate|p1b: Amoonguss|move: Protect\n|-supereffective|p1a: Calyrex\n|-enditem|p1a: Calyrex|Focus Sash\n|-damage|p1a: Calyrex|1/100\n|move|p1a: Calyrex|Astral Barrage|p2b: Calyrex|[spread] p2a,p2b\n|-supereffective|p2b: Calyrex\n|-damage|p2a: Miraidon|44/100 slp\n|-enditem|p2b: Calyrex|Focus Sash\n|-damage|p2b: Calyrex|1/100\n|cant|p2a: Miraidon|slp\n|\n|upkeep\n|turn|12\n|\n|t:|1773015669\n|move|p2b: Calyrex|Astral Barrage|p1b: Amoonguss|[spread] p1a,p1b\n|-supereffective|p1a: Calyrex\n|-damage|p1a: Calyrex|0 fnt\n|-damage|p1b: Amoonguss|0 fnt\n|faint|p1a: Calyrex\n|faint|p1b: Amoonguss\n|\n|win|Zkprep\n|raw|KaiMVGC's rating: 1386 &rarr; <strong>1360</strong><br />(-26 for losing)\n|raw|Zkprep's rating: 1272 &rarr; <strong>1305</strong><br />(+33 for winning)\n|l|\u2606KaiMVGC\n|player|p1|\n|l|\u2606Zkprep\n|player|p2|\n","uploadtime":1773015921,"views":12,"formatid":"gen9vgc2026regi","rating":1305,"private":0,"password":null}