{"id":"gen9vgc2026regi-2552935633","format":"[Gen 9] VGC 2026 Reg I","players":["korean noob","lalo's pollos"],"log":"|j|\u2606korean noob\n|j|\u2606lalo's pollos\n|t:|1772771807\n|gametype|doubles\n|player|p1|korean noob|101|1262\n|player|p2|lalo's pollos|102|1449\n|gen|9\n|tier|[Gen 9] VGC 2026 Reg I\n|rated|\n|rule|Species Clause: Limit one of each Pok\u00e9mon\n|rule|Item Clause: Limit 1 of each item\n|clearpoke\n|poke|p1|Delphox, L50, F|\n|poke|p1|Miraidon, L50|\n|poke|p1|Calyrex-Ice, L50|\n|poke|p1|Grimmsnarl, L50, M|\n|poke|p1|Landorus-Therian, L50, M|\n|poke|p1|Iron Hands, L50|\n|poke|p2|Archaludon, L50, F|\n|poke|p2|Whimsicott, L50, F|\n|poke|p2|Kyogre, L50|\n|poke|p2|Ogerpon, L50, F|\n|poke|p2|Calyrex-Ice, L50|\n|poke|p2|Iron Hands, L50|\n|teampreview|4\n|inactive|Battle timer is ON: inactive players will automatically lose when time's up. (requested by korean noob)\n|\n|t:|1772771826\n|teamsize|p1|4\n|teamsize|p2|4\n|start\n|switch|p1a: Miraidon|Miraidon, L50|100/100\n|switch|p1b: Grimmsnarl|Grimmsnarl, L50, M|100/100\n|switch|p2a: Archaludon|Archaludon, L50, F|100/100\n|switch|p2b: Whimsicott|Whimsicott, L50, F|100/100\n|-fieldstart|move: Electric Terrain|[from] ability: Hadron Engine|[of] p1a: Miraidon\n|turn|1\n|\n|t:|1772771839\n|move|p2b: Whimsicott|Tailwind|p2b: Whimsicott\n|-sidestart|p2: lalo's pollos|move: Tailwind\n|move|p1b: Grimmsnarl|Light Screen|p1b: Grimmsnarl\n|-sidestart|p1: korean noob|move: Light Screen\n|move|p1a: Miraidon|Volt Switch|p2b: Whimsicott\n|-resisted|p2b: Whimsicott\n|-damage|p2b: Whimsicott|54/100\n|\n|t:|1772771845\n|switch|p1a: Iron Hands|Iron Hands, L50|100/100|[from] Volt Switch\n|-activate|p1a: Iron Hands|ability: Quark Drive\n|-start|p1a: Iron Hands|quarkdriveatk\n|move|p2a: Archaludon|Snarl|p1b: Grimmsnarl|[spread] p1a,p1b\n|-resisted|p1a: Iron Hands\n|-resisted|p1b: Grimmsnarl\n|-damage|p1a: Iron Hands|97/100\n|-damage|p1b: Grimmsnarl|99/100\n|-unboost|p1a: Iron Hands|spa|1\n|-unboost|p1b: Grimmsnarl|spa|1\n|\n|upkeep\n|turn|2\n|\n|t:|1772771862\n|switch|p2b: Kyogre|Kyogre, L50|100/100\n|-weather|RainDance|[from] ability: Drizzle|[of] p2b: Kyogre\n|-terastallize|p2a: Archaludon|Grass\n|move|p1a: Iron Hands|Fake Out|p2b: Kyogre\n|-damage|p2b: Kyogre|79/100\n|move|p1b: Grimmsnarl|Reflect|p1b: Grimmsnarl\n|-sidestart|p1: korean noob|Reflect\n|move|p2a: Archaludon|Electro Shot||[still]\n|-prepare|p2a: Archaludon|Electro Shot\n|-boost|p2a: Archaludon|spa|1\n|-anim|p2a: Archaludon|Electro Shot|p1b: Grimmsnarl\n|-damage|p1b: Grimmsnarl|48/100\n|\n|-weather|RainDance|[upkeep]\n|upkeep\n|turn|3\n|\n|t:|1772771882\n|switch|p2b: Ogerpon|Ogerpon, L50, F|100/100\n|move|p2a: Archaludon|Electro Shot||[still]\n|-prepare|p2a: Archaludon|Electro Shot\n|-boost|p2a: Archaludon|spa|1\n|-anim|p2a: Archaludon|Electro Shot|p1b: Grimmsnarl\n|-damage|p1b: Grimmsnarl|0 fnt\n|faint|p1b: Grimmsnarl\n|move|p1a: Iron Hands|Drain Punch|p2a: Archaludon\n|-damage|p2a: Archaludon|50/100\n|-heal|p1a: Iron Hands|100/100|[from] drain|[of] p2a: Archaludon\n|-ability|p2a: Archaludon|Stamina|boost\n|-boost|p2a: Archaludon|def|1\n|\n|-weather|RainDance|[upkeep]\n|upkeep\n|\n|t:|1772771898\n|switch|p1b: Miraidon|Miraidon, L50|100/100\n|-activate|p1b: Miraidon|ability: Hadron Engine\n|turn|4\n|\n|t:|1772771915\n|-end|p1a: Iron Hands|Quark Drive|[silent]\n|switch|p1a: Calyrex|Calyrex-Ice, L50|100/100\n|-ability|p1a: Calyrex|As One\n|-ability|p1a: Calyrex|Unnerve\n|move|p2b: Ogerpon|Bullet Seed|p2a: Archaludon\n|-resisted|p2a: Archaludon\n|-damage|p2a: Archaludon|45/100\n|-ability|p2a: Archaludon|Stamina|boost\n|-boost|p2a: Archaludon|def|1\n|-resisted|p2a: Archaludon\n|-damage|p2a: Archaludon|42/100\n|-ability|p2a: Archaludon|Stamina|boost\n|-boost|p2a: Archaludon|def|1\n|-resisted|p2a: Archaludon\n|-damage|p2a: Archaludon|40/100\n|-ability|p2a: Archaludon|Stamina|boost\n|-boost|p2a: Archaludon|def|1\n|-resisted|p2a: Archaludon\n|-damage|p2a: Archaludon|38/100\n|-ability|p2a: Archaludon|Stamina|boost\n|-boost|p2a: Archaludon|def|1\n|-resisted|p2a: Archaludon\n|-damage|p2a: Archaludon|36/100\n|-ability|p2a: Archaludon|Stamina|boost\n|-boost|p2a: Archaludon|def|1\n|-hitcount|p2a: Archaludon|5\n|move|p1b: Miraidon|Draco Meteor|p2a: Archaludon\n|-damage|p2a: Archaludon|0 fnt\n|-unboost|p1b: Miraidon|spa|2\n|faint|p2a: Archaludon\n|\n|-weather|RainDance|[upkeep]\n|-sideend|p2: lalo's pollos|move: Tailwind\n|upkeep\n|\n|t:|1772771928\n|switch|p2a: Whimsicott|Whimsicott, L50, F|54/100\n|turn|5\n|-message|lalo's pollos forfeited.\n|\n|win|korean noob\n|raw|korean noob's rating: 1262 &rarr; <strong>1299</strong><br />(+37 for winning)\n|raw|lalo&apos;s pollos's rating: 1449 &rarr; <strong>1419</strong><br />(-30 for losing)\n|l|\u2606lalo's pollos\n|player|p2|\n|l|\u2606korean noob\n|player|p1|\n","uploadtime":1772772107,"views":15,"formatid":"gen9vgc2026regi","rating":1299,"private":0,"password":null}