{"id":"gen9vgc2026regi-2573764980","format":"[Gen 9] VGC 2026 Reg I","players":["Mirthinion","Snowsquall brute"],"log":"|j|\u2606Mirthinion\n|j|\u2606Snowsquall brute\n|t:|1775162950\n|gametype|doubles\n|player|p1|Mirthinion|janitor|1533\n|player|p2|Snowsquall brute|veteran|1465\n|gen|9\n|tier|[Gen 9] VGC 2026 Reg I\n|rated|\n|rule|Species Clause: Limit one of each Pok\u00e9mon\n|rule|Item Clause: Limit 1 of each item\n|clearpoke\n|poke|p1|Calyrex-Shadow, L50|\n|poke|p1|Zamazenta-*, L50|\n|poke|p1|Urshifu-*, L50, M|\n|poke|p1|Incineroar, L50, M|\n|poke|p1|Rillaboom, L50, M|\n|poke|p1|Tornadus, L50, M|\n|poke|p2|Miraidon, L50|\n|poke|p2|Landorus-Therian, L50, M|\n|poke|p2|Kyogre, L50|\n|poke|p2|Iron Crown, L50|\n|teampreview|4\n|inactive|Battle timer is ON: inactive players will automatically lose when time's up. (requested by Mirthinion)\n|inactive|Mirthinion has 60 seconds left.\n|\n|t:|1775163007\n|teamsize|p1|4\n|teamsize|p2|4\n|start\n|switch|p1a: Hoplite|Rillaboom, L50, M|100/100\n|switch|p1b: Drambor|Zamazenta-Crowned, L50|100/100\n|switch|p2a: Miraidon|Miraidon, L50|100/100\n|switch|p2b: Landorus|Landorus-Therian, L50, M|100/100\n|-ability|p1b: Drambor|Dauntless Shield|boost\n|-boost|p1b: Drambor|def|1\n|-fieldstart|move: Electric Terrain|[from] ability: Hadron Engine|[of] p2a: Miraidon\n|-enditem|p2a: Miraidon|Electric Seed\n|-boost|p2a: Miraidon|def|1|[from] item: Electric Seed\n|-ability|p2b: Landorus|Intimidate|boost\n|-unboost|p1a: Hoplite|atk|1\n|-unboost|p1b: Drambor|atk|1\n|-fieldstart|move: Grassy Terrain|[from] ability: Grassy Surge|[of] p1a: Hoplite\n|turn|1\n|inactive|Mirthinion has 30 seconds left.\n|\n|t:|1775163034\n|-terastallize|p1b: Drambor|Grass\n|move|p1b: Drambor|Body Press|p2a: Miraidon\n|-damage|p2a: Miraidon|68/100\n|move|p2a: Miraidon|Calm Mind|p2a: Miraidon\n|-boost|p2a: Miraidon|spa|1\n|-boost|p2a: Miraidon|spd|1\n|move|p2b: Landorus|Stomping Tantrum|p1b: Drambor\n|-resisted|p1b: Drambor\n|-damage|p1b: Drambor|92/100\n|move|p1a: Hoplite|High Horsepower|p2a: Miraidon\n|-supereffective|p2a: Miraidon\n|-damage|p2a: Miraidon|46/100\n|\n|-heal|p1b: Drambor|98/100|[from] Grassy Terrain\n|-heal|p2a: Miraidon|52/100|[from] Grassy Terrain\n|upkeep\n|turn|2\n|\n|t:|1775163057\n|move|p2a: Miraidon|Protect|p2a: Miraidon\n|-singleturn|p2a: Miraidon|Protect\n|move|p1b: Drambor|Body Press|p2a: Miraidon\n|-activate|p2a: Miraidon|move: Protect\n|move|p2b: Landorus|U-turn|p1b: Drambor\n|-supereffective|p1b: Drambor\n|-damage|p1b: Drambor|75/100\n|\n|t:|1775163066\n|switch|p2b: Iron Crown|Iron Crown, L50|100/100|[from] U-turn\n|move|p1a: Hoplite|U-turn|p2a: Miraidon\n|-activate|p2a: Miraidon|move: Protect\n|\n|-heal|p1b: Drambor|81/100|[from] Grassy Terrain\n|-heal|p2a: Miraidon|58/100|[from] Grassy Terrain\n|upkeep\n|turn|3\n|j| Jamstiffer\n|n| Jamstiffer|jamstiffer\n|\n|t:|1775163081\n|-terastallize|p2a: Miraidon|Electric\n|move|p1b: Drambor|Body Press|p2a: Miraidon\n|-damage|p2a: Miraidon|24/100\n|move|p2a: Miraidon|Parabolic Charge|p1b: Drambor|[spread] p2b,p1a,p1b\n|-resisted|p1a: Hoplite\n|-resisted|p1b: Drambor\n|-damage|p2b: Iron Crown|70/100\n|-heal|p2a: Miraidon|38/100|[from] drain|[of] p2b: Iron Crown\n|-damage|p1a: Hoplite|85/100\n|-heal|p2a: Miraidon|46/100|[from] drain|[of] p1a: Hoplite\n|-damage|p1b: Drambor|64/100\n|-heal|p2a: Miraidon|53/100|[from] drain|[of] p1b: Drambor\n|move|p2b: Iron Crown|Future Sight|p1b: Drambor\n|-start|p2b: Iron Crown|move: Future Sight\n|move|p1a: Hoplite|U-turn|p2b: Iron Crown\n|-damage|p2b: Iron Crown|58/100\n|-damage|p1a: Hoplite|69/100|[from] item: Rocky Helmet|[of] p2b: Iron Crown\n|\n|t:|1775163102\n|switch|p1a: Mithrandir|Calyrex-Shadow, L50|100/100|[from] U-turn\n|-ability|p1a: Mithrandir|As One\n|-ability|p1a: Mithrandir|Unnerve\n|\n|-heal|p1b: Drambor|70/100|[from] Grassy Terrain\n|-heal|p2a: Miraidon|59/100|[from] Grassy Terrain\n|-heal|p2b: Iron Crown|64/100|[from] Grassy Terrain\n|upkeep\n|turn|4\n|\n|t:|1775163119\n|move|p2a: Miraidon|Protect|p2a: Miraidon\n|-singleturn|p2a: Miraidon|Protect\n|move|p2b: Iron Crown|Protect|p2b: Iron Crown\n|-singleturn|p2b: Iron Crown|Protect\n|move|p1a: Mithrandir|Astral Barrage|p2b: Iron Crown|[spread] \n|-activate|p2a: Miraidon|move: Protect\n|-activate|p2b: Iron Crown|move: Protect\n|move|p1b: Drambor|Body Press|p2a: Miraidon\n|-activate|p2a: Miraidon|move: Protect\n|\n|-heal|p1b: Drambor|76/100|[from] Grassy Terrain\n|-heal|p2a: Miraidon|65/100|[from] Grassy Terrain\n|-heal|p2b: Iron Crown|70/100|[from] Grassy Terrain\n|upkeep\n|turn|5\n|inactive|Mirthinion has 30 seconds left.\n|\n|t:|1775163152\n|-end|p2b: Iron Crown|Quark Drive|[silent]\n|switch|p2b: Landorus|Landorus-Therian, L50, M|100/100\n|-ability|p2b: Landorus|Intimidate|boost\n|-unboost|p1a: Mithrandir|atk|1\n|-unboost|p1b: Drambor|atk|1\n|move|p1a: Mithrandir|Protect|p1a: Mithrandir\n|-singleturn|p1a: Mithrandir|Protect\n|move|p1b: Drambor|Body Press|p2a: Miraidon\n|-damage|p2a: Miraidon|30/100\n|move|p2a: Miraidon|Parabolic Charge|p1b: Drambor|[spread] p1b\n|-activate|p1a: Mithrandir|move: Protect\n|-immune|p2b: Landorus\n|-resisted|p1b: Drambor\n|-damage|p1b: Drambor|60/100\n|-heal|p2a: Miraidon|37/100|[from] drain|[of] p1b: Drambor\n|\n|-end|p1b: Drambor|move: Future Sight\n|-damage|p1b: Drambor|24/100\n|-heal|p1b: Drambor|30/100|[from] Grassy Terrain\n|-heal|p2a: Miraidon|43/100|[from] Grassy Terrain\n|-fieldend|move: Grassy Terrain\n|upkeep\n|turn|6\n|inactive|Mirthinion has 30 seconds left.\n|\n|t:|1775163184\n|move|p1b: Drambor|Protect|p1b: Drambor\n|-singleturn|p1b: Drambor|Protect\n|move|p2a: Miraidon|Protect|p2a: Miraidon\n|-singleturn|p2a: Miraidon|Protect\n|move|p1a: Mithrandir|Astral Barrage|p2b: Landorus|[spread] p2b\n|-activate|p2a: Miraidon|move: Protect\n|-damage|p2b: Landorus|69/100\n|move|p2b: Landorus|Rock Tomb|p1b: Drambor\n|-activate|p1b: Drambor|move: Protect\n|\n|upkeep\n|turn|7\n|\n|t:|1775163203\n|move|p1a: Mithrandir|Astral Barrage|p2a: Miraidon|[spread] p2a,p2b\n|-damage|p2a: Miraidon|20/100\n|-damage|p2b: Landorus|37/100\n|move|p1b: Drambor|Body Press|p2a: Miraidon\n|-damage|p2a: Miraidon|0 fnt\n|faint|p2a: Miraidon\n|move|p2b: Landorus|Rock Tomb|p1b: Drambor|[miss]\n|-miss|p2b: Landorus|p1b: Drambor\n|\n|upkeep\n|-message|Snowsquall brute forfeited.\n|\n|win|Mirthinion\n|raw|Mirthinion's rating: 1533 &rarr; <strong>1549</strong><br />(+16 for winning)\n|raw|Snowsquall brute's rating: 1465 &rarr; <strong>1449</strong><br />(-16 for losing)\n|l|\u2606Snowsquall brute\n|player|p2|\n","uploadtime":1775163215,"views":43,"formatid":"gen9vgc2026regi","rating":1449,"private":0,"password":null}