{"id":"gen9vgc2026regi-2589053496","format":"[Gen 9] VGC 2026 Reg I","players":["Mars002","Sunny_zong1"],"log":"|j|\u2606Mars002\n|j|\u2606Sunny_zong1\n|t:|1776696542\n|gametype|doubles\n|player|p1|Mars002|2|1515\n|player|p2|Sunny_zong1|bugsy|1495\n|gen|9\n|tier|[Gen 9] VGC 2026 Reg I\n|rated|\n|rule|Species Clause: Limit one of each Pok\u00e9mon\n|rule|Item Clause: Limit 1 of each item\n|clearpoke\n|poke|p1|Groudon, L50|\n|poke|p1|Calyrex-Ice, L50|\n|poke|p1|Rillaboom, L50, M|\n|poke|p1|Annihilape, L50, F|\n|poke|p1|Walking Wake, L50|\n|poke|p1|Comfey, L50, F|\n|poke|p2|Grimmsnarl, L50, M|\n|poke|p2|Miraidon, L50|\n|poke|p2|Groudon, L50|\n|poke|p2|Wo-Chien, L50|\n|poke|p2|Ting-Lu, L50|\n|poke|p2|Landorus-Therian, L50, M|\n|teampreview|4\n|inactive|Battle timer is ON: inactive players will automatically lose when time's up. (requested by Sunny_zong1)\n|inactive|Mars002 also wants the timer to be on.\n|inactive|Mars002 has 60 seconds left.\n|inactive|Sunny_zong1 has 60 seconds left.\n|\n|t:|1776696591\n|teamsize|p1|4\n|teamsize|p2|4\n|start\n|switch|p1a: Annihilape|Annihilape, L50, F|100/100\n|switch|p1b: Walking Wake|Walking Wake, L50|100/100\n|switch|p2a: Grimmsnarl|Grimmsnarl, L50, M|100/100\n|switch|p2b: Landorus|Landorus-Therian, L50, M|100/100\n|-ability|p2b: Landorus|Intimidate|boost\n|-unboost|p1a: Annihilape|atk|1\n|-ability|p1a: Annihilape|Defiant|boost\n|-boost|p1a: Annihilape|atk|2\n|-unboost|p1b: Walking Wake|atk|1\n|turn|1\n|inactive|Sunny_zong1 has 30 seconds left.\n|\n|t:|1776696618\n|switch|p1a: Groudon|Groudon, L50|100/100\n|-weather|SunnyDay|[from] ability: Drought|[of] p1a: Groudon\n|-activate|p1b: Walking Wake|ability: Protosynthesis\n|-start|p1b: Walking Wake|protosynthesisspe\n|move|p2a: Grimmsnarl|Reflect|p2a: Grimmsnarl\n|-sidestart|p2: Sunny_zong1|Reflect\n|move|p1b: Walking Wake|Hydro Steam|p2b: Landorus\n|-supereffective|p2b: Landorus\n|-damage|p2b: Landorus|0 fnt\n|faint|p2b: Landorus\n|\n|-weather|SunnyDay|[upkeep]\n|upkeep\n|\n|t:|1776696627\n|switch|p2b: Wo-Chien|Wo-Chien, L50|100/100\n|-ability|p2b: Wo-Chien|Tablets of Ruin\n|turn|2\n|\n|t:|1776696641\n|-end|p1b: Walking Wake|Protosynthesis|[silent]\n|switch|p1b: Annihilape|Annihilape, L50, F|100/100\n|move|p2b: Wo-Chien|Protect|p2b: Wo-Chien\n|-singleturn|p2b: Wo-Chien|Protect\n|move|p2a: Grimmsnarl|Light Screen|p2a: Grimmsnarl\n|-sidestart|p2: Sunny_zong1|move: Light Screen\n|move|p1a: Groudon|Heat Crash|p2b: Wo-Chien\n|-activate|p2b: Wo-Chien|move: Protect\n|\n|-weather|SunnyDay|[upkeep]\n|upkeep\n|turn|3\n|inactive|Sunny_zong1 has 30 seconds left.\n|\n|t:|1776696667\n|-terastallize|p2b: Wo-Chien|Water\n|move|p2a: Grimmsnarl|Thunder Wave|p1b: Annihilape\n|-status|p1b: Annihilape|par\n|move|p1b: Annihilape|Final Gambit|p2b: Wo-Chien\n|-damage|p2b: Wo-Chien|0 fnt\n|faint|p1b: Annihilape\n|faint|p2b: Wo-Chien\n|move|p1a: Groudon|Precipice Blades|p2a: Grimmsnarl|[miss]\n|-miss|p1a: Groudon|p2a: Grimmsnarl\n|\n|-weather|SunnyDay|[upkeep]\n|upkeep\n|\n|t:|1776696681\n|switch|p1b: Walking Wake|Walking Wake, L50|100/100\n|switch|p2b: Groudon|Groudon, L50|100/100\n|-activate|p1b: Walking Wake|ability: Protosynthesis\n|-start|p1b: Walking Wake|protosynthesisspe\n|turn|4\n|\n|t:|1776696691\n|-terastallize|p1b: Walking Wake|Water\n|move|p2a: Grimmsnarl|Thunder Wave|p1b: Walking Wake\n|-status|p1b: Walking Wake|par\n|move|p1b: Walking Wake|Hydro Steam|p2b: Groudon\n|-supereffective|p2b: Groudon\n|-damage|p2b: Groudon|8/100\n|move|p1a: Groudon|Precipice Blades|p2b: Groudon|[spread] p2a\n|-miss|p1a: Groudon|p2b: Groudon\n|-damage|p2a: Grimmsnarl|53/100\n|move|p2b: Groudon|Precipice Blades|p1a: Groudon|[spread] p1a,p1b\n|-damage|p1a: Groudon|67/100\n|-damage|p1b: Walking Wake|37/100 par\n|\n|-weather|SunnyDay|[upkeep]\n|upkeep\n|turn|5\n|\n|t:|1776696713\n|move|p1b: Walking Wake|Hydro Steam|p2a: Grimmsnarl\n|-damage|p2a: Grimmsnarl|0 fnt\n|faint|p2a: Grimmsnarl\n|move|p1a: Groudon|Shadow Claw|p2b: Groudon\n|-damage|p2b: Groudon|0 fnt\n|faint|p2b: Groudon\n|\n|win|Mars002\n|raw|Mars002's rating: 1515 &rarr; <strong>1534</strong><br />(+19 for winning)\n|raw|Sunny_zong1's rating: 1495 &rarr; <strong>1476</strong><br />(-19 for losing)\n|l|\u2606Sunny_zong1\n|player|p2|\n|l|\u2606Mars002\n|player|p1|\n","uploadtime":1776696975,"views":7,"formatid":"gen9vgc2026regi","rating":1476,"private":0,"password":null}