{"id":"gen9vgc2026regi-2535676876","format":"[Gen 9] VGC 2026 Reg I","players":["bbqsus","501JFW"],"log":"|j|\u2606bbqsus\n|j|\u2606501JFW\n|t:|1770594328\n|gametype|doubles\n|player|p1|bbqsus|brycenman|1372\n|player|p2|501JFW|170|1516\n|gen|9\n|tier|[Gen 9] VGC 2026 Reg I\n|rated|\n|rule|Species Clause: Limit one of each Pok\u00e9mon\n|rule|Item Clause: Limit 1 of each item\n|clearpoke\n|poke|p1|Calyrex-Shadow, L50|\n|poke|p1|Smeargle, L50, F|\n|poke|p1|Torkoal, L50, F|\n|poke|p1|Flamigo, L50, F|\n|poke|p1|Eternatus, L50|\n|poke|p1|Muk-Alola, L50, F|\n|poke|p2|Kyogre, L50|\n|poke|p2|Calyrex-Ice, L50|\n|poke|p2|Amoonguss, L50, M|\n|poke|p2|Iron Jugulis, L50|\n|poke|p2|Urshifu-*, L50, F|\n|poke|p2|Indeedee-F, L50, F|\n|teampreview|4\n|inactive|Battle timer is ON: inactive players will automatically lose when time's up. (requested by 501JFW)\n|\n|t:|1770594360\n|teamsize|p1|4\n|teamsize|p2|4\n|start\n|switch|p1a: Smeargle|Smeargle, L50, F, shiny|100/100\n|switch|p1b: Muk|Muk-Alola, L50, F, shiny|100/100\n|switch|p2a: Kyogre|Kyogre, L50, shiny|100/100\n|switch|p2b: Iron Jugulis|Iron Jugulis, L50, shiny|100/100\n|-weather|RainDance|[from] ability: Drizzle|[of] p2a: Kyogre\n|-enditem|p2b: Iron Jugulis|Booster Energy\n|-activate|p2b: Iron Jugulis|ability: Quark Drive|[fromitem]\n|-start|p2b: Iron Jugulis|quarkdrivespe\n|turn|1\n|j| lunala fairy ghost\n|l| lunala fairy ghost\n|\n|t:|1770594378\n|-terastallize|p2a: Kyogre|Water\n|move|p1a: Smeargle|Fake Out|p2a: Kyogre\n|-damage|p2a: Kyogre|96/100\n|move|p2b: Iron Jugulis|Taunt|p1a: Smeargle\n|-start|p1a: Smeargle|move: Taunt\n|cant|p2a: Kyogre|flinch\n|move|p1b: Muk|Minimize|p1b: Muk\n|-boost|p1b: Muk|evasion|2\n|\n|-weather|RainDance|[upkeep]\n|-ability|p1a: Smeargle|Moody|boost\n|-boost|p1a: Smeargle|spd|2\n|-unboost|p1a: Smeargle|spa|1\n|upkeep\n|turn|2\n|\n|t:|1770594393\n|move|p1b: Muk|Protect|p1b: Muk\n|-singleturn|p1b: Muk|Protect\n|move|p2b: Iron Jugulis|Taunt|p1b: Muk\n|-activate|p1b: Muk|move: Protect\n|move|p1a: Smeargle|Salt Cure|p2a: Kyogre\n|-damage|p2a: Kyogre|93/100\n|-start|p2a: Kyogre|Salt Cure\n|move|p2a: Kyogre|Water Spout|p1a: Smeargle|[spread] p1a\n|-activate|p1b: Muk|move: Protect\n|-damage|p1a: Smeargle|0 fnt\n|faint|p1a: Smeargle\n|-ability|p1b: Muk|Moody|Power of Alchemy|[from] ability: Power of Alchemy|[of] p1a: Smeargle\n|\n|-weather|RainDance|[upkeep]\n|-damage|p2a: Kyogre|68/100|[from] Salt Cure\n|-ability|p1b: Muk|Moody|boost\n|-boost|p1b: Muk|spa|2\n|-unboost|p1b: Muk|def|1\n|upkeep\n|j| not world\n|\n|t:|1770594409\n|switch|p1a: Calyrex|Calyrex-Shadow, L50|100/100\n|-ability|p1a: Calyrex|As One\n|-ability|p1a: Calyrex|Unnerve\n|turn|3\n|\n|t:|1770594423\n|-terastallize|p1a: Calyrex|Fairy\n|move|p2b: Iron Jugulis|Snarl|p1a: Calyrex|[spread] p1a,p1b\n|-resisted|p1a: Calyrex\n|-resisted|p1b: Muk\n|-damage|p1a: Calyrex|91/100\n|-damage|p1b: Muk|95/100\n|-unboost|p1a: Calyrex|spa|1\n|-unboost|p1b: Muk|spa|1\n|move|p1a: Calyrex|Draining Kiss|p2b: Iron Jugulis\n|-supereffective|p2b: Iron Jugulis\n|-damage|p2b: Iron Jugulis|46/100\n|-heal|p1a: Calyrex|100/100|[from] drain|[of] p2b: Iron Jugulis\n|move|p2a: Kyogre|Water Spout|p1b: Muk|[spread] p1a,p1b\n|-enditem|p1a: Calyrex|Focus Sash\n|-damage|p1a: Calyrex|1/100\n|-damage|p1b: Muk|9/100\n|move|p1b: Muk|Minimize|p1b: Muk\n|-boost|p1b: Muk|evasion|2\n|\n|-weather|RainDance|[upkeep]\n|-heal|p1b: Muk|15/100|[from] item: Leftovers\n|-damage|p2a: Kyogre|43/100|[from] Salt Cure\n|-ability|p1b: Muk|Moody|boost\n|-boost|p1b: Muk|spd|2\n|-unboost|p1b: Muk|atk|1\n|upkeep\n|turn|4\n|inactive|bbqsus has 30 seconds left.\n|\n|t:|1770594449\n|move|p1b: Muk|Protect|p1b: Muk\n|-singleturn|p1b: Muk|Protect\n|move|p2b: Iron Jugulis|Hurricane|p1a: Calyrex\n|-crit|p1a: Calyrex\n|-damage|p1a: Calyrex|0 fnt\n|faint|p1a: Calyrex\n|move|p2a: Kyogre|Water Spout|p1b: Muk\n|-activate|p1b: Muk|move: Protect\n|\n|-weather|RainDance|[upkeep]\n|-heal|p1b: Muk|21/100|[from] item: Leftovers\n|-damage|p2a: Kyogre|19/100|[from] Salt Cure\n|-ability|p1b: Muk|Moody|boost\n|-boost|p1b: Muk|def|2\n|-unboost|p1b: Muk|spe|1\n|upkeep\n|\n|t:|1770594458\n|switch|p1a: Torkoal|Torkoal, L50, F, shiny|100/100\n|-weather|SunnyDay|[from] ability: Drought|[of] p1a: Torkoal\n|turn|5\n|inactive|501JFW has 30 seconds left.\n|\n|t:|1770594492\n|switch|p2a: Calyrex|Calyrex-Ice, L50|100/100\n|-ability|p2a: Calyrex|As One\n|-ability|p2a: Calyrex|Unnerve\n|move|p2b: Iron Jugulis|Snarl|p1b: Muk|[spread] p1a,p1b\n|-resisted|p1b: Muk\n|-damage|p1a: Torkoal|78/100\n|-damage|p1b: Muk|18/100\n|-unboost|p1a: Torkoal|spa|1\n|-unboost|p1b: Muk|spa|1\n|move|p1b: Muk|Minimize|p1b: Muk\n|-boost|p1b: Muk|evasion|2\n|move|p1a: Torkoal|Eruption|p2b: Iron Jugulis|[spread] p2a,p2b\n|-supereffective|p2a: Calyrex\n|-damage|p2a: Calyrex|44/100\n|-damage|p2b: Iron Jugulis|1/100\n|\n|-weather|SunnyDay|[upkeep]\n|-heal|p1b: Muk|25/100|[from] item: Leftovers\n|-ability|p1b: Muk|Moody|boost\n|-boost|p1b: Muk|spd|2\n|-unboost|p1b: Muk|spa|1\n|upkeep\n|turn|6\n|\n|t:|1770594510\n|move|p1b: Muk|Protect|p1b: Muk\n|-singleturn|p1b: Muk|Protect\n|move|p2b: Iron Jugulis|Snarl|p1b: Muk|[spread] p1a\n|-activate|p1b: Muk|move: Protect\n|-damage|p1a: Torkoal|52/100\n|-unboost|p1a: Torkoal|spa|1\n|move|p2a: Calyrex|Glacial Lance|p1b: Muk|[spread] p1a\n|-activate|p1b: Muk|move: Protect\n|-resisted|p1a: Torkoal\n|-damage|p1a: Torkoal|27/100\n|move|p1a: Torkoal|Eruption|p2b: Iron Jugulis|[spread] p2a,p2b\n|-supereffective|p2a: Calyrex\n|-damage|p2a: Calyrex|32/100\n|-damage|p2b: Iron Jugulis|0 fnt\n|faint|p2b: Iron Jugulis\n|-end|p2b: Iron Jugulis|Quark Drive|[silent]\n|\n|-weather|SunnyDay|[upkeep]\n|-heal|p1b: Muk|31/100|[from] item: Leftovers\n|-ability|p1b: Muk|Moody|boost\n|-boost|p1b: Muk|spd|2\n|-unboost|p1b: Muk|atk|1\n|upkeep\n|inactive|501JFW has 30 seconds left.\n|inactive|501JFW has 20 seconds left.\n|inactive|501JFW has 15 seconds left.\n|inactive|501JFW has 10 seconds left.\n|\n|t:|1770594556\n|switch|p2b: Amoonguss|Amoonguss, L50, M, shiny|100/100\n|turn|7\n|\n|t:|1770594574\n|move|p2b: Amoonguss|Rage Powder|p2b: Amoonguss\n|-singleturn|p2b: Amoonguss|move: Rage Powder\n|move|p2a: Calyrex|Glacial Lance|p1b: Muk|[spread] p1a\n|-miss|p2a: Calyrex|p1b: Muk\n|-resisted|p1a: Torkoal\n|-damage|p1a: Torkoal|2/100\n|move|p1b: Muk|Knock Off|p2b: Amoonguss\n|-damage|p2b: Amoonguss|88/100\n|-damage|p1b: Muk|14/100|[from] item: Rocky Helmet|[of] p2b: Amoonguss\n|-enditem|p2b: Amoonguss|Rocky Helmet|[from] move: Knock Off|[of] p1b: Muk\n|move|p1a: Torkoal|Flamethrower|p2b: Amoonguss\n|-supereffective|p2b: Amoonguss\n|-damage|p2b: Amoonguss|24/100\n|\n|-weather|SunnyDay|[upkeep]\n|-heal|p1b: Muk|20/100|[from] item: Leftovers\n|-ability|p1b: Muk|Moody|boost\n|-boost|p1b: Muk|def|2\n|-unboost|p1b: Muk|spd|1\n|upkeep\n|turn|8\n|\n|t:|1770594595\n|move|p1b: Muk|Protect|p1b: Muk\n|-singleturn|p1b: Muk|Protect\n|move|p1a: Torkoal|Protect|p1a: Torkoal\n|-singleturn|p1a: Torkoal|Protect\n|move|p2a: Calyrex|Glacial Lance|p1b: Muk|[spread] \n|-activate|p1a: Torkoal|move: Protect\n|-activate|p1b: Muk|move: Protect\n|move|p2b: Amoonguss|Clear Smog|p1b: Muk\n|-activate|p1b: Muk|move: Protect\n|\n|-weather|SunnyDay|[upkeep]\n|-heal|p1b: Muk|26/100|[from] item: Leftovers\n|-ability|p1b: Muk|Moody|boost\n|-boost|p1b: Muk|atk|2\n|-unboost|p1b: Muk|def|1\n|upkeep\n|turn|9\n|inactive|501JFW has 30 seconds left.\n|\n|t:|1770594622\n|move|p2a: Calyrex|Glacial Lance|p1a: Torkoal|[spread] p1a\n|-miss|p2a: Calyrex|p1b: Muk\n|-resisted|p1a: Torkoal\n|-damage|p1a: Torkoal|0 fnt\n|faint|p1a: Torkoal\n|-ability|p2a: Calyrex|Chilling Neigh|boost\n|-boost|p2a: Calyrex|atk|1\n|move|p1b: Muk|Knock Off|p2a: Calyrex\n|-supereffective|p2a: Calyrex\n|-damage|p2a: Calyrex|0 fnt\n|-enditem|p2a: Calyrex|Icicle Plate|[from] move: Knock Off|[of] p1b: Muk\n|faint|p2a: Calyrex\n|move|p2b: Amoonguss|Clear Smog|p1b: Muk\n|-resisted|p1b: Muk\n|-damage|p1b: Muk|25/100\n|-clearboost|p1b: Muk\n|\n|-weather|none\n|-heal|p1b: Muk|31/100|[from] item: Leftovers\n|-ability|p1b: Muk|Moody|boost\n|-boost|p1b: Muk|atk|2\n|-unboost|p1b: Muk|def|1\n|upkeep\n|\n|t:|1770594626\n|switch|p2a: Kyogre|Kyogre, L50, shiny, tera:Water|19/100\n|-weather|RainDance|[from] ability: Drizzle|[of] p2a: Kyogre\n|turn|10\n|\n|t:|1770594639\n|move|p1b: Muk|Protect|p1b: Muk\n|-singleturn|p1b: Muk|Protect\n|move|p2b: Amoonguss|Rage Powder|p2b: Amoonguss\n|-singleturn|p2b: Amoonguss|move: Rage Powder\n|move|p2a: Kyogre|Thunder|p1b: Muk\n|-activate|p1b: Muk|move: Protect\n|\n|-weather|RainDance|[upkeep]\n|-heal|p1b: Muk|37/100|[from] item: Leftovers\n|-ability|p1b: Muk|Moody|boost\n|-boost|p1b: Muk|spd|2\n|-unboost|p1b: Muk|spe|1\n|upkeep\n|turn|11\n|\n|t:|1770594651\n|move|p2b: Amoonguss|Rage Powder|p2b: Amoonguss\n|-singleturn|p2b: Amoonguss|move: Rage Powder\n|move|p2a: Kyogre|Thunder|p1b: Muk\n|-damage|p1b: Muk|17/100\n|move|p1b: Muk|Knock Off|p2b: Amoonguss\n|-damage|p2b: Amoonguss|0 fnt\n|faint|p2b: Amoonguss\n|\n|-weather|RainDance|[upkeep]\n|-heal|p1b: Muk|23/100|[from] item: Leftovers\n|-ability|p1b: Muk|Moody|boost\n|-boost|p1b: Muk|atk|2\n|-unboost|p1b: Muk|spa|1\n|upkeep\n|turn|12\n|\n|t:|1770594659\n|move|p1b: Muk|Protect|p1b: Muk\n|-singleturn|p1b: Muk|Protect\n|move|p2a: Kyogre|Thunder|p1b: Muk\n|-activate|p1b: Muk|move: Protect\n|\n|-weather|RainDance|[upkeep]\n|-heal|p1b: Muk|29/100|[from] item: Leftovers\n|-ability|p1b: Muk|Moody|boost\n|-boost|p1b: Muk|atk|2\n|-unboost|p1b: Muk|spa|1\n|upkeep\n|turn|13\n|\n|t:|1770594663\n|move|p2a: Kyogre|Thunder|p1b: Muk\n|-damage|p1b: Muk|7/100\n|move|p1b: Muk|Knock Off|p2a: Kyogre\n|-damage|p2a: Kyogre|0 fnt\n|-enditem|p2a: Kyogre|Choice Specs|[from] move: Knock Off|[of] p1b: Muk\n|faint|p2a: Kyogre\n|\n|win|bbqsus\n|raw|bbqsus's rating: 1372 &rarr; <strong>1400</strong><br />(+28 for winning)\n|raw|501JFW's rating: 1516 &rarr; <strong>1488</strong><br />(-28 for losing)\n|l|\u2606bbqsus\n|player|p1|\n|l|\u2606501JFW\n|player|p2|\n|l| not world\n","uploadtime":1770594822,"views":14,"formatid":"gen9vgc2026regi","rating":1400,"private":0,"password":null}