{"id":"gen9vgc2026regi-2568772032","format":"[Gen 9] VGC 2026 Reg I","players":["D4RKEVA","Kingkai08776"],"log":"|j|\u2606D4RKEVA\n|j|\u2606Kingkai08776\n|t:|1774621720\n|gametype|doubles\n|player|p1|D4RKEVA|169|1411\n|player|p2|Kingkai08776|266|1315\n|gen|9\n|tier|[Gen 9] VGC 2026 Reg I\n|rated|\n|rule|Species Clause: Limit one of each Pok\u00e9mon\n|rule|Item Clause: Limit 1 of each item\n|clearpoke\n|poke|p1|Lunala, L50|\n|poke|p1|Koraidon, L50|\n|poke|p1|Flutter Mane, L50|\n|poke|p1|Brute Bonnet, L50|\n|poke|p1|Chi-Yu, L50|\n|poke|p1|Ursaluna, L50, F|\n|poke|p2|Miraidon, L50|\n|poke|p2|Lunala, L50|\n|poke|p2|Iron Bundle, L50|\n|poke|p2|Chi-Yu, L50|\n|poke|p2|Ursaluna, L50, M|\n|poke|p2|Raging Bolt, L50|\n|teampreview|4\n|inactive|Battle timer is ON: inactive players will automatically lose when time's up. (requested by D4RKEVA)\nD4RKEVA rejected open team sheets.\n|\n|t:|1774621745\n|teamsize|p1|4\n|teamsize|p2|4\n|start\n|switch|p1a: MoonMoon|Lunala, L50|100/100\n|switch|p1b: Brute Bonnie|Brute Bonnet, L50|100/100\n|switch|p2a: Miraidon|Miraidon, L50|100/100\n|switch|p2b: Iron Bundle|Iron Bundle, L50|100/100\n|-fieldstart|move: Electric Terrain|[from] ability: Hadron Engine|[of] p2a: Miraidon\n|-activate|p2b: Iron Bundle|ability: Quark Drive\n|-start|p2b: Iron Bundle|quarkdrivespe\n|turn|1\n|\n|t:|1774621767\n|move|p1b: Brute Bonnie|Rage Powder|p1b: Brute Bonnie\n|-singleturn|p1b: Brute Bonnie|move: Rage Powder\n|move|p2b: Iron Bundle|Freeze-Dry|p1b: Brute Bonnie\n|-supereffective|p1b: Brute Bonnie\n|-damage|p1b: Brute Bonnie|46/100\n|-enditem|p1b: Brute Bonnie|Sitrus Berry|[eat]\n|-heal|p1b: Brute Bonnie|71/100|[from] item: Sitrus Berry\n|move|p2a: Miraidon|Snarl|p1b: Brute Bonnie|[spread] p1a,p1b\n|-supereffective|p1a: MoonMoon\n|-resisted|p1b: Brute Bonnie\n|-damage|p1a: MoonMoon|68/100\n|-damage|p1b: Brute Bonnie|63/100\n|-unboost|p1a: MoonMoon|spa|1\n|-unboost|p1b: Brute Bonnie|spa|1\n|move|p1a: MoonMoon|Trick Room|p1a: MoonMoon\n|-fieldstart|move: Trick Room|[of] p1a: MoonMoon\n|\n|upkeep\n|turn|2\n|\n|t:|1774621790\n|switch|p1a: Girl Math|Ursaluna, L50, F|100/100\n|move|p1b: Brute Bonnie|Seed Bomb|p2b: Iron Bundle\n|-supereffective|p2b: Iron Bundle\n|-damage|p2b: Iron Bundle|19/100\n|move|p2a: Miraidon|Volt Switch|p1a: Girl Math\n|-immune|p1a: Girl Math\n|move|p2b: Iron Bundle|Encore||[still]\n|-fail|p2b: Iron Bundle\n|\n|-status|p1a: Girl Math|brn|[from] item: Flame Orb\n|upkeep\n|turn|3\n|\n|t:|1774621812\n|move|p2b: Iron Bundle|Protect|p2b: Iron Bundle\n|-singleturn|p2b: Iron Bundle|Protect\n|move|p1a: Girl Math|Earthquake|p2a: Miraidon|[spread] p1b,p2a\n|-activate|p2b: Iron Bundle|move: Protect\n|-resisted|p1b: Brute Bonnie\n|-supereffective|p2a: Miraidon\n|-damage|p1b: Brute Bonnie|41/100\n|-damage|p2a: Miraidon|0 fnt\n|faint|p2a: Miraidon\n|move|p1b: Brute Bonnie|Seed Bomb|p2b: Iron Bundle\n|-activate|p2b: Iron Bundle|move: Protect\n|\n|-damage|p1a: Girl Math|95/100 brn|[from] brn\n|upkeep\n|\n|t:|1774621816\n|switch|p2a: Lunala|Lunala, L50|100/100\n|-enditem|p2a: Lunala|Electric Seed\n|-boost|p2a: Lunala|def|1|[from] item: Electric Seed\n|turn|4\n|\n|t:|1774621833\n|move|p2a: Lunala|Wide Guard|p2a: Lunala\n|-singleturn|p2a: Lunala|Wide Guard\n|move|p1a: Girl Math|Facade|p2b: Iron Bundle\n|-damage|p2b: Iron Bundle|0 fnt\n|faint|p2b: Iron Bundle\n|-end|p2b: Iron Bundle|Quark Drive|[silent]\n|move|p1b: Brute Bonnie|Seed Bomb|p2a: Lunala\n|-damage|p2a: Lunala|92/100\n|\n|-damage|p1a: Girl Math|89/100 brn|[from] brn\n|upkeep\n|\n|t:|1774621839\n|switch|p2b: Chi-Yu|Chi-Yu, L50|100/100\n|-ability|p2b: Chi-Yu|Beads of Ruin\n|turn|5\n|\n|t:|1774621859\n|-terastallize|p2b: Chi-Yu|Ghost\n|move|p2a: Lunala|Wide Guard|p2a: Lunala\n|-singleturn|p2a: Lunala|Wide Guard\n|move|p1b: Brute Bonnie|Sucker Punch||[still]\n|-fail|p1b: Brute Bonnie\n|move|p1a: Girl Math|Headlong Rush|p2b: Chi-Yu\n|-damage|p2b: Chi-Yu|0 fnt\n|-unboost|p1a: Girl Math|def|1\n|-unboost|p1a: Girl Math|spd|1\n|faint|p2b: Chi-Yu\n|\n|-damage|p1a: Girl Math|83/100 brn|[from] brn\n|-fieldend|move: Trick Room\n|-fieldend|move: Electric Terrain\n|upkeep\n|turn|6\n|-message|Kingkai08776 forfeited.\n|\n|win|D4RKEVA\n|raw|D4RKEVA's rating: 1411 &rarr; <strong>1426</strong><br />(+15 for winning)\n|raw|Kingkai08776's rating: 1315 &rarr; <strong>1300</strong><br />(-15 for losing)\n|l|\u2606Kingkai08776\n|player|p2|\n","uploadtime":1774621875,"views":266,"formatid":"gen9vgc2026regi","rating":1300,"private":0,"password":null}