{"id":"gen9vgc2026regi-2542853786","format":"[Gen 9] VGC 2026 Reg I","players":["Azuael","fogdocker"],"log":"|j|\u2606Azuael\n|j|\u2606fogdocker\n|t:|1771506678\n|gametype|doubles\n|player|p1|Azuael|169|1371\n|player|p2|fogdocker|169|1464\n|gen|9\n|tier|[Gen 9] VGC 2026 Reg I\n|rated|\n|rule|Species Clause: Limit one of each Pok\u00e9mon\n|rule|Item Clause: Limit 1 of each item\n|clearpoke\n|poke|p1|Zacian-*, L50|\n|poke|p1|Kyogre, L50|\n|poke|p1|Pikachu, L50, F|\n|poke|p1|Moltres-Galar, L50|\n|poke|p1|Amoonguss, L50, F|\n|poke|p1|Grimmsnarl, L50, M|\n|poke|p2|Calyrex-Ice, L50|\n|poke|p2|Koraidon, L50|\n|poke|p2|Flutter Mane, L50|\n|poke|p2|Incineroar, L50, M|\n|poke|p2|Rillaboom, L50, M|\n|poke|p2|Volcarona, L50, M|\n|teampreview|4\n|l|\u2606Azuael\n|player|p1|\n|j|\u2606Azuael\n|player|p1|Azuael|169|\n|inactive|Battle timer is ON: inactive players will automatically lose when time's up. (requested by Azuael)\n|\n|t:|1771506752\n|teamsize|p1|4\n|teamsize|p2|4\n|start\n|switch|p1a: Pikachu|Pikachu, L50, F|100/100\n|switch|p1b: Moltres|Moltres-Galar, L50|100/100\n|switch|p2a: Calyrex|Calyrex-Ice, L50|100/100\n|switch|p2b: Rillaboom|Rillaboom, L50, M|100/100\n|-ability|p2a: Calyrex|As One\n|-ability|p2a: Calyrex|Unnerve\n|-fieldstart|move: Grassy Terrain|[from] ability: Grassy Surge|[of] p2b: Rillaboom\n|turn|1\n|inactive|Azuael has 30 seconds left.\n|\n|t:|1771506786\n|switch|p2b: Incineroar|Incineroar, L50, M|100/100\n|-ability|p2b: Incineroar|Intimidate|boost\n|-unboost|p1a: Pikachu|atk|1\n|-unboost|p1b: Moltres|atk|1\n|move|p2a: Calyrex|Protect|p2a: Calyrex\n|-singleturn|p2a: Calyrex|Protect\n|move|p1a: Pikachu|Fake Out|p2a: Calyrex\n|-activate|p2a: Calyrex|move: Protect\n|move|p1b: Moltres|Fiery Wrath|p2a: Calyrex|[spread] p2b\n|-activate|p2a: Calyrex|move: Protect\n|-resisted|p2b: Incineroar\n|-crit|p2b: Incineroar\n|-damage|p2b: Incineroar|81/100\n|\n|-heal|p2b: Incineroar|87/100|[from] Grassy Terrain\n|upkeep\n|turn|2\n|inactive|Azuael has 30 seconds left.\n|\n|t:|1771506812\n|switch|p1b: Kyogre|Kyogre, L50|100/100\n|-weather|RainDance|[from] ability: Drizzle|[of] p1b: Kyogre\n|-terastallize|p2a: Calyrex|Water\n|move|p2b: Incineroar|Fake Out|p1b: Kyogre\n|-damage|p1b: Kyogre|90/100\n|move|p1a: Pikachu|Nuzzle|p2a: Calyrex\n|-supereffective|p2a: Calyrex\n|-damage|p2a: Calyrex|95/100\n|-status|p2a: Calyrex|par\n|cant|p2a: Calyrex|par\n|\n|-weather|RainDance|[upkeep]\n|-heal|p1b: Kyogre|96/100|[from] Grassy Terrain\n|-heal|p2b: Incineroar|93/100|[from] Grassy Terrain\n|-heal|p2a: Calyrex|100/100 par|[from] Grassy Terrain\n|upkeep\n|turn|3\n|inactive|Azuael has 30 seconds left.\n|\n|t:|1771506841\n|switch|p2b: Rillaboom|Rillaboom, L50, M|100/100\n|move|p1a: Pikachu|Endeavor|p2a: Calyrex\n|-damage|p2a: Calyrex|46/100 par\n|move|p1b: Kyogre|Thunder|p1a: Pikachu\n|-activate|p1a: Pikachu|ability: Lightning Rod\n|-ability|p1a: Pikachu|Lightning Rod|boost\n|-boost|p1a: Pikachu|spa|1\n|cant|p2a: Calyrex|par\n|\n|-weather|RainDance|[upkeep]\n|-heal|p1b: Kyogre|100/100|[from] Grassy Terrain\n|-heal|p2a: Calyrex|52/100 par|[from] Grassy Terrain\n|-heal|p2a: Calyrex|58/100 par|[from] item: Leftovers\n|upkeep\n|turn|4\n|inactive|Azuael has 30 seconds left.\n|\n|t:|1771506869\n|-terastallize|p1b: Kyogre|Water\n|move|p1a: Pikachu|Upper Hand||[still]\n|-fail|p1a: Pikachu\n|move|p1b: Kyogre|Water Spout|p2a: Calyrex|[spread] p2a,p2b\n|-resisted|p2a: Calyrex\n|-resisted|p2b: Rillaboom\n|-damage|p2a: Calyrex|23/100 par\n|-damage|p2b: Rillaboom|65/100\n|move|p2b: Rillaboom|Wood Hammer|p1b: Kyogre\n|-supereffective|p1b: Kyogre\n|-damage|p1b: Kyogre|0 fnt\n|faint|p1b: Kyogre\n|-damage|p2b: Rillaboom|34/100|[from] Recoil\n|cant|p2a: Calyrex|par\n|\n|-weather|RainDance|[upkeep]\n|-heal|p2b: Rillaboom|40/100|[from] Grassy Terrain\n|-heal|p2a: Calyrex|29/100 par|[from] Grassy Terrain\n|-heal|p2a: Calyrex|35/100 par|[from] item: Leftovers\n|upkeep\n|\n|t:|1771506889\n|switch|p1b: Moltres|Moltres-Galar, L50|100/100\n|turn|5\n|\n|t:|1771506903\n|move|p2b: Rillaboom|Grassy Glide|p1a: Pikachu\n|-enditem|p1a: Pikachu|Focus Sash\n|-damage|p1a: Pikachu|2/100\n|move|p1a: Pikachu|Nuzzle|p2b: Rillaboom\n|-resisted|p2b: Rillaboom\n|-crit|p2b: Rillaboom\n|-damage|p2b: Rillaboom|35/100\n|-status|p2b: Rillaboom|par\n|move|p1b: Moltres|Hurricane|p2a: Calyrex\n|-damage|p2a: Calyrex|8/100 par\n|move|p2a: Calyrex|Glacial Lance|p1a: Pikachu|[spread] p1a,p1b\n|-supereffective|p1b: Moltres\n|-damage|p1a: Pikachu|0 fnt\n|-damage|p1b: Moltres|12/100\n|faint|p1a: Pikachu\n|-ability|p2a: Calyrex|Chilling Neigh|boost\n|-boost|p2a: Calyrex|atk|1\n|-ability|p1b: Moltres|Berserk|boost\n|-boost|p1b: Moltres|spa|1\n|\n|-weather|RainDance|[upkeep]\n|-heal|p2b: Rillaboom|41/100 par|[from] Grassy Terrain\n|-heal|p2a: Calyrex|14/100 par|[from] Grassy Terrain\n|-heal|p2a: Calyrex|20/100 par|[from] item: Leftovers\n|-fieldend|move: Grassy Terrain\n|upkeep\n|\n|t:|1771506926\n|switch|p1a: Zacian|Zacian-Crowned, L50|100/100\n|-ability|p1a: Zacian|Intrepid Sword|boost\n|-boost|p1a: Zacian|atk|1\n|turn|6\n|\n|t:|1771506939\n|switch|p2b: Incineroar|Incineroar, L50, M|93/100\n|-ability|p2b: Incineroar|Intimidate|boost\n|-unboost|p1a: Zacian|atk|1\n|-unboost|p1b: Moltres|atk|1\n|move|p1b: Moltres|Protect|p1b: Moltres\n|-singleturn|p1b: Moltres|Protect\n|move|p2a: Calyrex|Protect|p2a: Calyrex\n|-singleturn|p2a: Calyrex|Protect\n|move|p1a: Zacian|Behemoth Blade|p2a: Calyrex\n|-activate|p2a: Calyrex|move: Protect\n|\n|-weather|none\n|-heal|p2a: Calyrex|26/100 par|[from] item: Leftovers\n|upkeep\n|turn|7\n|\n|t:|1771506962\n|move|p2b: Incineroar|Fake Out|p1b: Moltres\n|-damage|p1b: Moltres|0 fnt\n|faint|p1b: Moltres\n|move|p1a: Zacian|Sacred Sword|p2b: Incineroar\n|-supereffective|p2b: Incineroar\n|-damage|p2b: Incineroar|41/100\n|cant|p2a: Calyrex|par\n|\n|-heal|p2a: Calyrex|31/100 par|[from] item: Leftovers\n|upkeep\n|turn|8\n|l|\u2606Azuael\n|inactive|Azuael disconnected and has a minute to reconnect!\n|player|p1|\n|inactive|Azuael has 30 seconds left.\n|inactive|Azuael has 20 seconds left.\n|inactive|Azuael has 15 seconds left.\n|inactive|Azuael has 10 seconds left.\n|inactive|Azuael has 5 seconds left.\n|-message|Azuael lost due to inactivity.\n|\n|win|fogdocker\n|raw|Azuael's rating: 1371 &rarr; <strong>1356</strong><br />(-15 for losing)\n|raw|fogdocker's rating: 1464 &rarr; <strong>1479</strong><br />(+15 for winning)\n","uploadtime":1771507020,"views":15,"formatid":"gen9vgc2026regi","rating":1356,"private":0,"password":null}