{"id":"gen9vgc2026regi-2560923853","format":"[Gen 9] VGC 2026 Reg I","players":["CCManny","slimeslatt252"],"log":"|j|\u2606CCManny\n|j|\u2606slimeslatt252\n|t:|1773747967\n|gametype|doubles\n|player|p1|CCManny|ethan|1383\n|player|p2|slimeslatt252|102|1422\n|gen|9\n|tier|[Gen 9] VGC 2026 Reg I\n|rated|\n|rule|Species Clause: Limit one of each Pok\u00e9mon\n|rule|Item Clause: Limit 1 of each item\n|clearpoke\n|poke|p1|Incineroar, L50, M|\n|poke|p1|Raging Bolt, L50|\n|poke|p1|Ho-Oh, L50|\n|poke|p1|Flutter Mane, L50|\n|poke|p1|Koraidon, L50|\n|poke|p1|Rhydon, L50, M|\n|poke|p2|Calyrex-Shadow, L50|\n|poke|p2|Koraidon, L50|\n|poke|p2|Raging Bolt, L50|\n|poke|p2|Incineroar, L50, M|\n|poke|p2|Landorus, L50, M|\n|poke|p2|Brute Bonnet, L50|\n|teampreview|4\n|inactive|Battle timer is ON: inactive players will automatically lose when time's up. (requested by slimeslatt252)\n|inactive|slimeslatt252 has 60 seconds left.\n|\n|t:|1773747999\n|teamsize|p1|4\n|teamsize|p2|4\n|start\n|switch|p1a: Flutter Mane|Flutter Mane, L50|100/100\n|switch|p1b: Ho-Oh|Ho-Oh, L50|100/100\n|switch|p2a: raging dingus|Raging Bolt, L50|100/100\n|switch|p2b: Calyrex|Calyrex-Shadow, L50|100/100\n|-ability|p2b: Calyrex|As One\n|-ability|p2b: Calyrex|Unnerve\n|turn|1\n|\n|t:|1773748020\n|switch|p2b: Brute Bonnet|Brute Bonnet, L50|100/100\n|switch|p1b: Incineroar|Incineroar, L50, M|100/100\n|-ability|p1b: Incineroar|Intimidate|boost\n|-unboost|p2a: raging dingus|atk|1\n|-unboost|p2b: Brute Bonnet|atk|1\n|move|p1a: Flutter Mane|Protect|p1a: Flutter Mane\n|-singleturn|p1a: Flutter Mane|Protect\n|move|p2a: raging dingus|Volt Switch|p1a: Flutter Mane\n|-activate|p1a: Flutter Mane|move: Protect\n|\n|upkeep\n|turn|2\n|\n|t:|1773748043\n|-terastallize|p1a: Flutter Mane|Fairy\n|-terastallize|p2a: raging dingus|Electric\n|move|p1a: Flutter Mane|Moonblast|p2b: Brute Bonnet\n|-supereffective|p2b: Brute Bonnet\n|-damage|p2b: Brute Bonnet|0 fnt\n|faint|p2b: Brute Bonnet\n|-end|p2b: Brute Bonnet|Protosynthesis|[silent]\n|move|p2a: raging dingus|Thunderbolt|p1b: Incineroar\n|-damage|p1b: Incineroar|39/100\n|move|p1b: Incineroar|Flare Blitz|p2a: raging dingus\n|-damage|p2a: raging dingus|61/100\n|-status|p2a: raging dingus|brn\n|-damage|p1b: Incineroar|25/100|[from] Recoil\n|\n|-damage|p2a: raging dingus|55/100 brn|[from] brn\n|upkeep\n|\n|t:|1773748059\n|switch|p2b: Calyrex|Calyrex-Shadow, L50|100/100\n|-ability|p2b: Calyrex|As One\n|-ability|p2b: Calyrex|Unnerve\n|turn|3\n|\n|t:|1773748072\n|switch|p1b: Koraidon|Koraidon, L50|100/100\n|-weather|SunnyDay|[from] ability: Orichalcum Pulse|[of] p1b: Koraidon\n|-activate|p1a: Flutter Mane|ability: Protosynthesis\n|-start|p1a: Flutter Mane|protosynthesisspe\n|-activate|p2a: raging dingus|ability: Protosynthesis\n|-start|p2a: raging dingus|protosynthesisspa\n|-activate|p1b: Koraidon|Orichalcum Pulse|[source]\n|move|p2a: raging dingus|Thunderclap|p1a: Flutter Mane\n|-damage|p1a: Flutter Mane|22/100\n|move|p1a: Flutter Mane|Shadow Ball|p2b: Calyrex\n|-supereffective|p2b: Calyrex\n|-enditem|p2b: Calyrex|Focus Sash\n|-damage|p2b: Calyrex|1/100\n|-unboost|p2b: Calyrex|spd|1\n|move|p2b: Calyrex|Astral Barrage|p1b: Koraidon|[spread] p1a,p1b\n|-damage|p1a: Flutter Mane|0 fnt\n|-damage|p1b: Koraidon|46/100\n|faint|p1a: Flutter Mane\n|-end|p1a: Flutter Mane|Protosynthesis|[silent]\n|-ability|p2b: Calyrex|Grim Neigh|boost\n|-boost|p2b: Calyrex|spa|1\n|\n|-weather|SunnyDay|[upkeep]\n|-damage|p2a: raging dingus|49/100 brn|[from] brn\n|upkeep\n|inactive|CCManny has 30 seconds left.\n|\n|t:|1773748098\n|switch|p1a: Ho-Oh|Ho-Oh, L50|100/100\n|turn|4\n|inactive|slimeslatt252 has 30 seconds left.\n|inactive|slimeslatt252 has 20 seconds left.\n|inactive|slimeslatt252 has 15 seconds left.\n|\n|t:|1773748139\n|move|p1b: Koraidon|Protect|p1b: Koraidon\n|-singleturn|p1b: Koraidon|Protect\n|move|p2a: raging dingus|Thunderclap||[still]\n|-fail|p2a: raging dingus\n|move|p2b: Calyrex|Astral Barrage|p1a: Ho-Oh|[spread] p1a\n|-activate|p1b: Koraidon|move: Protect\n|-damage|p1a: Ho-Oh|46/100\n|move|p1a: Ho-Oh|Tailwind|p1a: Ho-Oh\n|-sidestart|p1: CCManny|move: Tailwind\n|\n|-weather|SunnyDay|[upkeep]\n|-damage|p2a: raging dingus|43/100 brn|[from] brn\n|upkeep\n|turn|5\n|inactive|slimeslatt252 has 30 seconds left.\n|inactive|slimeslatt252 has 20 seconds left.\n|\n|t:|1773748176\n|switch|p1a: Incineroar|Incineroar, L50, M|25/100\n|-ability|p1a: Incineroar|Intimidate|boost\n|-unboost|p2a: raging dingus|atk|1\n|-unboost|p2b: Calyrex|atk|1\n|move|p2b: Calyrex|Protect|p2b: Calyrex\n|-singleturn|p2b: Calyrex|Protect\n|move|p2a: raging dingus|Thunderclap||[still]\n|-fail|p2a: raging dingus\n|move|p1b: Koraidon|Flame Charge|p2b: Calyrex\n|-activate|p2b: Calyrex|move: Protect\n|\n|-weather|SunnyDay|[upkeep]\n|-damage|p2a: raging dingus|37/100 brn|[from] brn\n|upkeep\n|turn|6\n|\n|t:|1773748197\n|-end|p2a: raging dingus|Protosynthesis|[silent]\n|switch|p2a: Koraidon|Koraidon, L50|100/100\n|-activate|p2a: Koraidon|ability: Orichalcum Pulse\n|move|p1a: Incineroar|Fake Out|p2a: Koraidon\n|-damage|p2a: Koraidon|92/100\n|move|p1b: Koraidon|Flame Charge|p2b: Calyrex\n|-damage|p2b: Calyrex|0 fnt\n|-boost|p1b: Koraidon|spe|1\n|faint|p2b: Calyrex\n|-damage|p1b: Koraidon|36/100|[from] item: Life Orb\n|\n|-weather|SunnyDay|[upkeep]\n|upkeep\n|\n|t:|1773748206\n|switch|p2b: raging dingus|Raging Bolt, L50, tera:Electric|37/100 brn\n|-activate|p2b: raging dingus|ability: Protosynthesis\n|-start|p2b: raging dingus|protosynthesisspa\n|turn|7\n|inactive|CCManny has 30 seconds left.\n|\n|t:|1773748236\n|move|p1b: Koraidon|Protect|p1b: Koraidon\n|-singleturn|p1b: Koraidon|Protect\n|move|p2b: raging dingus|Thunderclap||[still]\n|-fail|p2b: raging dingus\n|move|p2a: Koraidon|Collision Course|p1a: Incineroar\n|-supereffective|p1a: Incineroar\n|-damage|p1a: Incineroar|0 fnt\n|-damage|p2a: Koraidon|75/100|[from] item: Rocky Helmet|[of] p1a: Incineroar\n|faint|p1a: Incineroar\n|\n|-weather|none\n|-end|p2b: raging dingus|Protosynthesis\n|-damage|p2b: raging dingus|31/100 brn|[from] brn\n|-sideend|p1: CCManny|move: Tailwind\n|upkeep\n|\n|t:|1773748251\n|switch|p1a: Ho-Oh|Ho-Oh, L50|79/100\n|turn|8\n|inactive|CCManny has 30 seconds left.\n|inactive|slimeslatt252 has 30 seconds left.\n|\n|t:|1773748279\n|move|p2b: raging dingus|Thunderclap|p1b: Koraidon\n|-resisted|p1b: Koraidon\n|-damage|p1b: Koraidon|8/100\n|move|p1b: Koraidon|Close Combat|p2a: Koraidon\n|-damage|p2a: Koraidon|8/100\n|-unboost|p1b: Koraidon|def|1\n|-unboost|p1b: Koraidon|spd|1\n|-damage|p1b: Koraidon|0 fnt|[from] item: Life Orb\n|faint|p1b: Koraidon\n|move|p2a: Koraidon|Collision Course|p1a: Ho-Oh\n|-resisted|p1a: Ho-Oh\n|-crit|p1a: Ho-Oh\n|-damage|p1a: Ho-Oh|49/100\n|move|p1a: Ho-Oh|Sacred Fire|p2b: raging dingus\n|-damage|p2b: raging dingus|0 fnt\n|faint|p2b: raging dingus\n|-end|p2b: raging dingus|Protosynthesis|[silent]\n|\n|upkeep\n|turn|9\n|-message|slimeslatt252 forfeited.\n|\n|win|CCManny\n|raw|CCManny's rating: 1383 &rarr; <strong>1405</strong><br />(+22 for winning)\n|raw|slimeslatt252's rating: 1422 &rarr; <strong>1400</strong><br />(-22 for losing)\n|l|\u2606slimeslatt252\n|player|p2|\n","uploadtime":1773748309,"views":12,"formatid":"gen9vgc2026regi","rating":1400,"private":0,"password":null}