{"id":"gen9vgc2026regi-2560388196","format":"[Gen 9] VGC 2026 Reg I","players":["fernsthedruids","KogaAF1219"],"log":"|j|\u2606fernsthedruids\n|j|\u2606KogaAF1219\n|t:|1773682826\n|gametype|doubles\n|player|p1|fernsthedruids|102|1210\n|player|p2|KogaAF1219|170|1306\n|gen|9\n|tier|[Gen 9] VGC 2026 Reg I\n|rated|\n|rule|Species Clause: Limit one of each Pok\u00e9mon\n|rule|Item Clause: Limit 1 of each item\n|clearpoke\n|poke|p1|Kyogre, L50|\n|poke|p1|Calyrex-Ice, L50|\n|poke|p1|Raging Bolt, L50|\n|poke|p1|Tornadus, L50, M|\n|poke|p1|Incineroar, L50, F|\n|poke|p1|Hitmontop, L50, M|\n|poke|p2|Rotom-Fan, L50|\n|poke|p2|Groudon, L50|\n|poke|p2|Whimsicott, L50, M|\n|poke|p2|Calyrex-Shadow, L50|\n|poke|p2|Indeedee, L50, M|\n|poke|p2|Hitmontop, L50, M|\n|teampreview|4\n|\n|t:|1773682854\n|teamsize|p1|4\n|teamsize|p2|4\n|start\n|switch|p1a: Hitmontop|Hitmontop, L50, M|100/100\n|switch|p1b: Calyrex|Calyrex-Ice, L50|100/100\n|switch|p2a: Rotom|Rotom-Fan, L50|100/100\n|switch|p2b: Whimsicott|Whimsicott, L50, M|100/100\n|-ability|p1b: Calyrex|As One\n|-ability|p1b: Calyrex|Unnerve\n|-ability|p1a: Hitmontop|Intimidate|boost\n|-unboost|p2a: Rotom|atk|1\n|-unboost|p2b: Whimsicott|atk|1\n|turn|1\n|l|\u2606KogaAF1219\n|player|p2|\n|j|\u2606KogaAF1219\n|player|p2|KogaAF1219|170|\n|\n|t:|1773682889\n|switch|p1a: Incineroar|Incineroar, L50, F|100/100\n|-ability|p1a: Incineroar|Intimidate|boost\n|-unboost|p2a: Rotom|atk|1\n|-unboost|p2b: Whimsicott|atk|1\n|-terastallize|p2a: Rotom|Fire\n|move|p2a: Rotom|Will-O-Wisp|p1b: Calyrex\n|-status|p1b: Calyrex|brn\n|move|p2b: Whimsicott|Moonblast|p1a: Incineroar\n|-damage|p1a: Incineroar|76/100\n|move|p1b: Calyrex|Trick Room|p1b: Calyrex\n|-fieldstart|move: Trick Room|[of] p1b: Calyrex\n|\n|-damage|p1b: Calyrex|95/100 brn|[from] brn\n|upkeep\n|turn|2\n|\n|t:|1773682916\n|switch|p1b: Kyogre|Kyogre, L50|100/100\n|-weather|RainDance|[from] ability: Drizzle|[of] p1b: Kyogre\n|switch|p2a: Groudon|Groudon, L50|100/100\n|-weather|SunnyDay|[from] ability: Drought|[of] p2a: Groudon\n|move|p1a: Incineroar|Knock Off|p2a: Groudon\n|-damage|p2a: Groudon|77/100\n|-enditem|p2a: Groudon|Clear Amulet|[from] move: Knock Off|[of] p1a: Incineroar\n|move|p2b: Whimsicott|Moonblast|p1a: Incineroar\n|-damage|p1a: Incineroar|50/100\n|-unboost|p1a: Incineroar|spa|1\n|\n|-weather|SunnyDay|[upkeep]\n|upkeep\n|turn|3\n|\n|t:|1773682938\n|switch|p1b: Hitmontop|Hitmontop, L50, M|100/100\n|-ability|p1b: Hitmontop|Intimidate|boost\n|-unboost|p2a: Groudon|atk|1\n|-unboost|p2b: Whimsicott|atk|1\n|move|p2b: Whimsicott|Light Screen|p2b: Whimsicott\n|-sidestart|p2: KogaAF1219|move: Light Screen\n|move|p1a: Incineroar|Parting Shot|p2a: Groudon\n|-unboost|p2a: Groudon|atk|1\n|-unboost|p2a: Groudon|spa|1\n|l|\u2606KogaAF1219\n|player|p2|\n|\n|t:|1773682948\n|switch|p1a: Calyrex|Calyrex-Ice, L50|95/100 brn|[from] Parting Shot\n|-ability|p1a: Calyrex|As One\n|-ability|p1a: Calyrex|Unnerve\n|move|p2a: Groudon|Precipice Blades|p1b: Hitmontop|[spread] p1a,p1b\n|-damage|p1a: Calyrex|79/100 brn\n|-damage|p1b: Hitmontop|71/100\n|-enditem|p1b: Hitmontop|Eject Button\n|\n|t:|1773682950\n|switch|p1b: Kyogre|Kyogre, L50|100/100\n|-weather|RainDance|[from] ability: Drizzle|[of] p1b: Kyogre\n|\n|-weather|RainDance|[upkeep]\n|-damage|p1a: Calyrex|73/100 brn|[from] brn\n|upkeep\n|turn|4\n|j|\u2606KogaAF1219\n|player|p2|KogaAF1219|170|\n|\n|t:|1773683016\n|move|p2b: Whimsicott|Sunny Day|p2b: Whimsicott\n|-weather|SunnyDay\n|move|p1a: Calyrex|Glacial Lance|p2b: Whimsicott|[spread] p2a,p2b\n|-supereffective|p2a: Groudon\n|-crit|p2a: Groudon\n|-supereffective|p2b: Whimsicott\n|-damage|p2a: Groudon|25/100\n|-damage|p2b: Whimsicott|36/100\n|move|p2a: Groudon|Precipice Blades|p1a: Calyrex|[spread] p1a,p1b\n|-damage|p1a: Calyrex|57/100 brn\n|-damage|p1b: Kyogre|73/100\n|move|p1b: Kyogre|Water Spout|p2a: Groudon|[spread] p2a,p2b\n|-supereffective|p2a: Groudon\n|-resisted|p2b: Whimsicott\n|-damage|p2a: Groudon|0 fnt\n|-damage|p2b: Whimsicott|26/100\n|faint|p2a: Groudon\n|\n|-weather|SunnyDay|[upkeep]\n|-damage|p1a: Calyrex|51/100 brn|[from] brn\n|upkeep\n|\n|t:|1773683026\n|switch|p2a: Calyrex|Calyrex-Shadow, L50|100/100\n|-ability|p2a: Calyrex|As One\n|-ability|p2a: Calyrex|Unnerve\n|turn|5\n|\n|t:|1773683055\n|switch|p1b: Incineroar|Incineroar, L50, F|50/100\n|-ability|p1b: Incineroar|Intimidate|boost\n|-unboost|p2a: Calyrex|atk|1\n|-unboost|p2b: Whimsicott|atk|1\n|move|p2a: Calyrex|Protect|p2a: Calyrex\n|-singleturn|p2a: Calyrex|Protect\n|move|p1a: Calyrex|Glacial Lance|p2b: Whimsicott|[spread] p2b\n|-activate|p2a: Calyrex|move: Protect\n|-supereffective|p2b: Whimsicott\n|-damage|p2b: Whimsicott|0 fnt\n|faint|p2b: Whimsicott\n|-ability|p1a: Calyrex|Chilling Neigh|boost\n|-boost|p1a: Calyrex|atk|1\n|\n|-weather|SunnyDay|[upkeep]\n|-damage|p1a: Calyrex|45/100 brn|[from] brn\n|-fieldend|move: Trick Room\n|upkeep\n|\n|t:|1773683062\n|switch|p2b: Rotom|Rotom-Fan, L50, tera:Fire|100/100\n|turn|6\n|\n|t:|1773683083\n|-terastallize|p1a: Calyrex|Dragon\n|move|p2b: Rotom|Air Slash|p1b: Incineroar\n|-damage|p1b: Incineroar|25/100\n|move|p2a: Calyrex|Astral Barrage|p1a: Calyrex|[spread] p1a,p1b\n|-resisted|p1b: Incineroar\n|-damage|p1a: Calyrex|0 fnt\n|-damage|p1b: Incineroar|0 fnt\n|faint|p1a: Calyrex\n|faint|p1b: Incineroar\n|-ability|p2a: Calyrex|Grim Neigh|boost\n|-boost|p2a: Calyrex|spa|2\n|-damage|p2a: Calyrex|91/100|[from] item: Life Orb\n|\n|-weather|SunnyDay|[upkeep]\n|upkeep\n|\n|t:|1773683092\n|switch|p1b: Hitmontop|Hitmontop, L50, M|71/100\n|switch|p1a: Kyogre|Kyogre, L50|73/100\n|-weather|RainDance|[from] ability: Drizzle|[of] p1a: Kyogre\n|-ability|p1b: Hitmontop|Intimidate|boost\n|-unboost|p2a: Calyrex|atk|1\n|-unboost|p2b: Rotom|atk|1\n|turn|7\n|l|\u2606KogaAF1219\n|player|p2|\n|j|\u2606KogaAF1219\n|player|p2|KogaAF1219|170|\n|\n|t:|1773683145\n|move|p1b: Hitmontop|Wide Guard|p1b: Hitmontop\n|-singleturn|p1b: Hitmontop|Wide Guard\n|move|p2b: Rotom|Air Slash|p1a: Kyogre\n|-damage|p1a: Kyogre|54/100\n|move|p2a: Calyrex|Tera Blast|p1a: Kyogre\n|-damage|p1a: Kyogre|0 fnt\n|faint|p1a: Kyogre\n|-ability|p2a: Calyrex|Grim Neigh|boost\n|-boost|p2a: Calyrex|spa|1\n|-damage|p2a: Calyrex|81/100|[from] item: Life Orb\n|\n|-weather|RainDance|[upkeep]\n|-sideend|p2: KogaAF1219|move: Light Screen\n|upkeep\n|turn|8\n|-message|fernsthedruids forfeited.\n|\n|win|KogaAF1219\n|raw|fernsthedruids's rating: 1210 &rarr; <strong>1192</strong><br />(-18 for losing)\n|raw|KogaAF1219's rating: 1306 &rarr; <strong>1321</strong><br />(+15 for winning)\n|l|\u2606fernsthedruids\n|player|p1|\n","uploadtime":1773683157,"views":14,"formatid":"gen9vgc2026regi","rating":1192,"private":0,"password":null}