{"id":"gen9vgc2026regi-2563845985","format":"[Gen 9] VGC 2026 Reg I","players":["Dioxide8","Pigduckeater"],"log":"|j|\u2606Dioxide8\n|j|\u2606Pigduckeater\n|t:|1774070597\n|gametype|doubles\n|player|p1|Dioxide8|169|1465\n|player|p2|Pigduckeater|169|1408\n|gen|9\n|tier|[Gen 9] VGC 2026 Reg I\n|rated|\n|rule|Species Clause: Limit one of each Pok\u00e9mon\n|rule|Item Clause: Limit 1 of each item\n|clearpoke\n|poke|p1|Miraidon, L50|\n|poke|p1|Lunala, L50|\n|poke|p1|Whimsicott, L50, F|\n|poke|p1|Urshifu-*, L50, M|\n|poke|p1|Incineroar, L50, F|\n|poke|p1|Ursaluna, L50, F|\n|poke|p2|Incineroar, L50, M|\n|poke|p2|Weezing-Galar, L50, F|\n|poke|p2|Miraidon, L50|\n|poke|p2|Calyrex-Shadow, L50|\n|poke|p2|Iron Valiant, L50|\n|poke|p2|Smeargle, L50, M|\n|teampreview|4\n|inactive|Battle timer is ON: inactive players will automatically lose when time's up. (requested by Dioxide8)\n|\n|t:|1774070625\n|teamsize|p1|4\n|teamsize|p2|4\n|start\n|switch|p1a: Ursaluna|Ursaluna, L50, F|100/100\n|switch|p1b: Lunala|Lunala, L50|100/100\n|switch|p2a: Calyrex|Calyrex-Shadow, L50|100/100\n|switch|p2b: Smeargle|Smeargle, L50, M|100/100\n|-ability|p2a: Calyrex|As One\n|-ability|p2a: Calyrex|Unnerve\n|turn|1\n|j| yofic\n|inactive|Pigduckeater has 30 seconds left.\n|\n|t:|1774070654\n|switch|p2a: Weezing|Weezing-Galar, L50, F|100/100\n|-ability|p2a: Weezing|Neutralizing Gas\n|switch|p1a: Miraidon|Miraidon, L50|100/100\n|-terastallize|p1b: Lunala|Fairy\n|move|p2b: Smeargle|Spore|p1b: Lunala\n|-status|p1b: Lunala|slp|[from] move: Spore\n|cant|p1b: Lunala|slp\n|\n|upkeep\n|turn|2\n|inactive|Dioxide8 has 30 seconds left.\n|\n|t:|1774070681\n|move|p1a: Miraidon|Electro Drift|p2a: Weezing\n|-damage|p2a: Weezing|32/100\n|-damage|p1a: Miraidon|84/100|[from] item: Rocky Helmet|[of] p2a: Weezing\n|-damage|p1a: Miraidon|75/100|[from] item: Life Orb\n|move|p2b: Smeargle|Spore|p1a: Miraidon\n|-status|p1a: Miraidon|slp|[from] move: Spore\n|-curestatus|p1b: Lunala|slp|[msg]\n|move|p1b: Lunala|Moongeist Beam|p2a: Weezing\n|-damage|p2a: Weezing|0 fnt\n|faint|p2a: Weezing\n|-end|p2a: Weezing|ability: Neutralizing Gas\n|-fieldstart|move: Electric Terrain|[from] ability: Hadron Engine|[of] p1a: Miraidon\n|-enditem|p1b: Lunala|Electric Seed\n|-boost|p1b: Lunala|def|1|[from] item: Electric Seed\n|\n|-ability|p2b: Smeargle|Moody|boost\n|-boost|p2b: Smeargle|spe|2\n|-unboost|p2b: Smeargle|spa|1\n|upkeep\n|inactive|Pigduckeater has 30 seconds left.\n|inactive|Pigduckeater has 20 seconds left.\n|\n|t:|1774070716\n|switch|p2a: Miraidon|Miraidon, L50|100/100\n|-activate|p2a: Miraidon|ability: Hadron Engine\n|-enditem|p2a: Miraidon|Electric Seed\n|-boost|p2a: Miraidon|def|1|[from] item: Electric Seed\n|turn|3\n|\n|t:|1774070732\n|move|p2b: Smeargle|Transform|p1b: Lunala\n|-transform|p2b: Smeargle|p1b: Lunala\n|cant|p1a: Miraidon|slp\n|move|p2a: Miraidon|Calm Mind|p2a: Miraidon\n|-boost|p2a: Miraidon|spa|1\n|-boost|p2a: Miraidon|spd|1\n|move|p1b: Lunala|Trick Room|p1b: Lunala\n|-fieldstart|move: Trick Room|[of] p1b: Lunala\n|\n|upkeep\n|-start|p2b: Smeargle|typechange|Psychic/Ghost|[silent]\n|turn|4\n|inactive|Pigduckeater has 30 seconds left.\n|\n|t:|1774070761\n|-terastallize|p2b: Smeargle|Ghost\n|move|p1b: Lunala|Moongeist Beam|p2b: Smeargle\n|-supereffective|p2b: Smeargle\n|-damage|p2b: Smeargle|38/100\n|move|p2a: Miraidon|Dragon Pulse|p1a: Miraidon\n|-supereffective|p1a: Miraidon\n|-damage|p1a: Miraidon|0 fnt\n|faint|p1a: Miraidon\n|move|p2b: Smeargle|Trick Room|p2b: Smeargle\n|-fieldend|move: Trick Room\n|\n|upkeep\n|\n|t:|1774070777\n|switch|p1a: Urshifu|Urshifu-Rapid-Strike, L50, M|100/100\n|turn|5\n|l| yofic\n|\n|t:|1774070793\n|move|p2b: Smeargle|Wide Guard|p2b: Smeargle\n|-singleturn|p2b: Smeargle|Wide Guard\n|move|p2a: Miraidon|Parabolic Charge|p1b: Lunala|[spread] p1a,p1b\n|-activate|p2b: Smeargle|move: Wide Guard\n|-supereffective|p1a: Urshifu\n|-damage|p1a: Urshifu|0 fnt\n|-damage|p1b: Lunala|78/100\n|faint|p1a: Urshifu\n|move|p1b: Lunala|Trick Room|p1b: Lunala\n|-fieldstart|move: Trick Room|[of] p1b: Lunala\n|\n|upkeep\n|\n|t:|1774070799\n|switch|p1a: Ursaluna|Ursaluna, L50, F|100/100\n|turn|6\n|inactive|Pigduckeater has 30 seconds left.\n|\n|t:|1774070826\n|move|p1a: Ursaluna|Headlong Rush|p2a: Miraidon\n|-supereffective|p2a: Miraidon\n|-damage|p2a: Miraidon|26/100\n|-unboost|p1a: Ursaluna|def|1\n|-unboost|p1a: Ursaluna|spd|1\n|move|p1b: Lunala|Moongeist Beam|p2b: Smeargle\n|-supereffective|p2b: Smeargle\n|-damage|p2b: Smeargle|0 fnt\n|faint|p2b: Smeargle\n|move|p2a: Miraidon|Parabolic Charge|p1a: Ursaluna|[spread] p1b\n|-immune|p1a: Ursaluna\n|-damage|p1b: Lunala|30/100\n|-heal|p2a: Miraidon|55/100|[from] drain|[of] p1b: Lunala\n|\n|-fieldend|move: Electric Terrain\n|-status|p1a: Ursaluna|brn|[from] item: Flame Orb\n|upkeep\n|\n|t:|1774070840\n|switch|p2b: Calyrex|Calyrex-Shadow, L50|100/100\n|-ability|p2b: Calyrex|As One\n|-ability|p2b: Calyrex|Unnerve\n|turn|7\n|\n|t:|1774070851\n|move|p2a: Miraidon|Protect|p2a: Miraidon\n|-singleturn|p2a: Miraidon|Protect\n|move|p2b: Calyrex|Protect|p2b: Calyrex\n|-singleturn|p2b: Calyrex|Protect\n|move|p1b: Lunala|Wide Guard|p1b: Lunala\n|-singleturn|p1b: Lunala|Wide Guard\n|move|p1a: Ursaluna|Earthquake|p2a: Miraidon|[spread] \n|-activate|p1b: Lunala|move: Wide Guard\n|-activate|p2a: Miraidon|move: Protect\n|-activate|p2b: Calyrex|move: Protect\n|\n|-damage|p1a: Ursaluna|94/100 brn|[from] brn\n|upkeep\n|turn|8\n|inactive|Dioxide8 has 30 seconds left.\n|inactive|Dioxide8 has 20 seconds left.\n|inactive|Dioxide8 has 15 seconds left.\n|\n|t:|1774070895\n|move|p1a: Ursaluna|Headlong Rush|p2a: Miraidon\n|-supereffective|p2a: Miraidon\n|-damage|p2a: Miraidon|0 fnt\n|-unboost|p1a: Ursaluna|def|1\n|-unboost|p1a: Ursaluna|spd|1\n|faint|p2a: Miraidon\n|move|p1b: Lunala|Moongeist Beam|p2b: Calyrex\n|-supereffective|p2b: Calyrex\n|-damage|p2b: Calyrex|0 fnt\n|faint|p2b: Calyrex\n|\n|win|Dioxide8\n|raw|Dioxide8's rating: 1465 &rarr; <strong>1482</strong><br />(+17 for winning)\n|raw|Pigduckeater's rating: 1408 &rarr; <strong>1391</strong><br />(-17 for losing)\n|l|\u2606Dioxide8\n|player|p1|\n","uploadtime":1774071110,"views":12,"formatid":"gen9vgc2026regi","rating":1391,"private":0,"password":null}