{"id":"gen9vgc2026regi-2536555029","format":"[Gen 9] VGC 2026 Reg I","players":["yubanmeiqin","good\u83ab\u5b81mn"],"log":"|j|\u2606yubanmeiqin\n|j|\u2606good\u83ab\u5b81mn\n|t:|1770704605\n|gametype|doubles\n|player|p1|yubanmeiqin|iono-masters|1416\n|player|p2|good\u83ab\u5b81mn|caitlin|1380\n|gen|9\n|tier|[Gen 9] VGC 2026 Reg I\n|rated|\n|rule|Species Clause: Limit one of each Pok\u00e9mon\n|rule|Item Clause: Limit 1 of each item\n|clearpoke\n|poke|p1|Koraidon, L50|\n|poke|p1|Lunala, L50|\n|poke|p1|Tornadus, L50, M|\n|poke|p1|Raging Bolt, L50|\n|poke|p1|Rillaboom, L50, F|\n|poke|p1|Incineroar, L50, M|\n|poke|p2|Calyrex-Shadow, L50|\n|poke|p2|Zamazenta-*, L50|\n|poke|p2|Whimsicott, L50, F|\n|poke|p2|Maushold-Four, L50|\n|poke|p2|Chi-Yu, L50|\n|poke|p2|Amoonguss, L50, M|\n|teampreview|4\n|inactive|Battle timer is ON: inactive players will automatically lose when time's up. (requested by good\u83ab\u5b81mn)\n|\n|t:|1770704632\n|teamsize|p1|4\n|teamsize|p2|4\n|start\n|switch|p1a: Tornadus|Tornadus, L50, M|100/100\n|switch|p1b: Koraidon|Koraidon, L50|100/100\n|switch|p2a: Whimsicott|Whimsicott, L50, F|100/100\n|switch|p2b: Chi-Yu|Chi-Yu, L50, shiny|100/100\n|-weather|SunnyDay|[from] ability: Orichalcum Pulse|[of] p1b: Koraidon\n|-activate|p1b: Koraidon|Orichalcum Pulse|[source]\n|-ability|p2b: Chi-Yu|Beads of Ruin\n|turn|1\n|\n|t:|1770704645\n|move|p2a: Whimsicott|Tailwind|p2a: Whimsicott\n|-sidestart|p2: good\u83ab\u5b81mn|move: Tailwind\n|move|p1a: Tornadus|Tailwind|p1a: Tornadus\n|-sidestart|p1: yubanmeiqin|move: Tailwind\n|move|p1b: Koraidon|Flame Charge|p2a: Whimsicott\n|-supereffective|p2a: Whimsicott\n|-enditem|p2a: Whimsicott|Focus Sash\n|-damage|p2a: Whimsicott|1/100\n|-boost|p1b: Koraidon|spe|1\n|move|p2b: Chi-Yu|Overheat|p1b: Koraidon\n|-resisted|p1b: Koraidon\n|-damage|p1b: Koraidon|13/100\n|-unboost|p2b: Chi-Yu|spa|2\n|\n|-weather|SunnyDay|[upkeep]\n|upkeep\n|turn|2\n|\n|t:|1770704663\n|move|p1b: Koraidon|Protect|p1b: Koraidon\n|-singleturn|p1b: Koraidon|Protect\n|move|p2a: Whimsicott|Encore|p1a: Tornadus\n|-start|p1a: Tornadus|Encore\n|move|p1a: Tornadus|Tailwind||[still]\n|-fail|p1a: Tornadus\n|move|p2b: Chi-Yu|Overheat|p1b: Koraidon\n|-activate|p1b: Koraidon|move: Protect\n|\n|-weather|SunnyDay|[upkeep]\n|upkeep\n|turn|3\n|\n|t:|1770704678\n|switch|p1b: Raging Bolt|Raging Bolt, L50|100/100\n|-activate|p1b: Raging Bolt|ability: Protosynthesis\n|-start|p1b: Raging Bolt|protosynthesisspa\n|switch|p1a: Lunala|Lunala, L50|100/100\n|switch|p2b: Calyrex|Calyrex-Shadow, L50|100/100\n|-ability|p2b: Calyrex|As One\n|-ability|p2b: Calyrex|Unnerve\n|move|p2a: Whimsicott|Encore||[still]\n|-fail|p2a: Whimsicott\n|\n|-weather|SunnyDay|[upkeep]\n|upkeep\n|turn|4\n|\n|t:|1770704697\n|-terastallize|p2b: Calyrex|Dark\n|-terastallize|p1a: Lunala|Fairy\n|move|p1b: Raging Bolt|Thunderclap|p2a: Whimsicott\n|-resisted|p2a: Whimsicott\n|-damage|p2a: Whimsicott|0 fnt\n|faint|p2a: Whimsicott\n|-damage|p1b: Raging Bolt|91/100|[from] item: Life Orb\n|move|p2b: Calyrex|Astral Barrage|p1b: Raging Bolt|[spread] p1a,p1b\n|-damage|p1a: Lunala|70/100\n|-damage|p1b: Raging Bolt|27/100\n|-damage|p2b: Calyrex|91/100|[from] item: Life Orb\n|move|p1a: Lunala|Moongeist Beam|p2b: Calyrex\n|-resisted|p2b: Calyrex\n|-damage|p2b: Calyrex|64/100\n|\n|-weather|SunnyDay|[upkeep]\n|-sideend|p1: yubanmeiqin|move: Tailwind\n|-sideend|p2: good\u83ab\u5b81mn|move: Tailwind\n|upkeep\n|\n|t:|1770704700\n|switch|p2a: Chi-Yu|Chi-Yu, L50, shiny|100/100\n|-ability|p2a: Chi-Yu|Beads of Ruin\n|turn|5\n|\n|t:|1770704724\n|move|p2b: Calyrex|Protect|p2b: Calyrex\n|-singleturn|p2b: Calyrex|Protect\n|move|p1b: Raging Bolt|Thunderclap||[still]\n|-fail|p1b: Raging Bolt\n|move|p2a: Chi-Yu|Heat Wave|p1b: Raging Bolt|[spread] p1a,p1b\n|-resisted|p1b: Raging Bolt\n|-damage|p1a: Lunala|0 fnt\n|-damage|p1b: Raging Bolt|0 fnt\n|faint|p1a: Lunala\n|faint|p1b: Raging Bolt\n|-end|p1b: Raging Bolt|Protosynthesis|[silent]\n|\n|-weather|none\n|upkeep\n|\n|t:|1770704730\n|switch|p1a: Tornadus|Tornadus, L50, M|100/100\n|switch|p1b: Koraidon|Koraidon, L50|13/100\n|-weather|SunnyDay|[from] ability: Orichalcum Pulse|[of] p1b: Koraidon\n|-activate|p1b: Koraidon|Orichalcum Pulse|[source]\n|turn|6\n|\n|t:|1770704743\n|move|p1a: Tornadus|Tailwind|p1a: Tornadus\n|-sidestart|p1: yubanmeiqin|move: Tailwind\n|move|p1b: Koraidon|Collision Course|p2b: Calyrex\n|-supereffective|p2b: Calyrex\n|-damage|p2b: Calyrex|0 fnt\n|faint|p2b: Calyrex\n|move|p2a: Chi-Yu|Heat Wave|p1a: Tornadus|[spread] p1b\n|-miss|p2a: Chi-Yu|p1a: Tornadus\n|-resisted|p1b: Koraidon\n|-damage|p1b: Koraidon|0 fnt\n|faint|p1b: Koraidon\n|\n|-weather|SunnyDay|[upkeep]\n|upkeep\n|\n|t:|1770704745\n|switch|p2b: Zamazenta|Zamazenta-Crowned, L50|100/100\n|-ability|p2b: Zamazenta|Dauntless Shield|boost\n|-boost|p2b: Zamazenta|def|1\n|turn|7\n|-message|yubanmeiqin forfeited.\n|\n|win|good\u83ab\u5b81mn\n|raw|yubanmeiqin's rating: 1416 &rarr; <strong>1394</strong><br />(-22 for losing)\n|raw|good\u83ab\u5b81mn's rating: 1380 &rarr; <strong>1402</strong><br />(+22 for winning)\n|l|\u2606yubanmeiqin\n|player|p1|\n|l|\u2606good\u83ab\u5b81mn\n|player|p2|\n","uploadtime":1770704963,"views":15,"formatid":"gen9vgc2026regi","rating":1394,"private":0,"password":null}