{"id":"gen9vgc2026regi-2582019945","format":"[Gen 9] VGC 2026 Reg I","players":["eltutonach","ivoryP"],"log":"|j|\u2606eltutonach\n|j|\u2606ivoryP\n|t:|1776048975\n|gametype|doubles\n|player|p1|eltutonach|1|1282\n|player|p2|ivoryP|bugcatcher-gen4dp|1363\n|gen|9\n|tier|[Gen 9] VGC 2026 Reg I\n|rated|\n|rule|Species Clause: Limit one of each Pok\u00e9mon\n|rule|Item Clause: Limit 1 of each item\n|clearpoke\n|poke|p1|Kyogre, L50|\n|poke|p1|Farigiraf, L50, M|\n|poke|p1|Calyrex-Ice, L50|\n|poke|p1|Raichu, L50, F|\n|poke|p1|Landorus-Therian, L50, M|\n|poke|p1|Flutter Mane, L50|\n|poke|p2|Kyogre, L50|\n|poke|p2|Toxicroak, L50, M|\n|poke|p2|Ursaluna-Bloodmoon, L50, M|\n|poke|p2|Chien-Pao, L50|\n|poke|p2|Zacian-*, L50|\n|poke|p2|Sableye, L50, M|\n|teampreview|4\n|\n|t:|1776048984\n|teamsize|p1|4\n|teamsize|p2|4\n|start\n|switch|p1a: Kyogre|Kyogre, L50, shiny|100/100\n|switch|p1b: Farigiraf|Farigiraf, L50, M|100/100\n|switch|p2a: Kyogre|Kyogre, L50|100/100\n|switch|p2b: Toxicroak|Toxicroak, L50, M, shiny|100/100\n|-weather|RainDance|[from] ability: Drizzle|[of] p2a: Kyogre\n|turn|1\n|\n|t:|1776049003\n|move|p1a: Kyogre|Protect|p1a: Kyogre\n|-singleturn|p1a: Kyogre|Protect\n|move|p2a: Kyogre|Water Spout|p1b: Farigiraf|[spread] p1b\n|-activate|p1a: Kyogre|move: Protect\n|-damage|p1b: Farigiraf|31/100\n|move|p2b: Toxicroak|Low Kick|p1a: Kyogre\n|-activate|p1a: Kyogre|move: Protect\n|move|p1b: Farigiraf|Trick Room|p1b: Farigiraf\n|-fieldstart|move: Trick Room|[of] p1b: Farigiraf\n|\n|-weather|RainDance|[upkeep]\n|upkeep\n|turn|2\n|\n|t:|1776049020\n|-terastallize|p2b: Toxicroak|Grass\n|move|p1b: Farigiraf|Helping Hand|p1a: Kyogre\n|-singleturn|p1a: Kyogre|Helping Hand|[of] p1b: Farigiraf\n|move|p1a: Kyogre|Thunder|p2a: Kyogre\n|-supereffective|p2a: Kyogre\n|-crit|p2a: Kyogre\n|-damage|p2a: Kyogre|0 fnt\n|faint|p2a: Kyogre\n|move|p2b: Toxicroak|Low Kick|p1a: Kyogre\n|-damage|p1a: Kyogre|47/100\n|\n|-weather|RainDance|[upkeep]\n|-heal|p1a: Kyogre|53/100|[from] item: Leftovers\n|upkeep\n|\n|t:|1776049038\n|switch|p2a: Zacian|Zacian-Crowned, L50|100/100\n|-ability|p2a: Zacian|Intrepid Sword|boost\n|-boost|p2a: Zacian|atk|1\n|turn|3\n|\n|t:|1776049053\n|move|p1b: Farigiraf|Helping Hand|p1a: Kyogre\n|-singleturn|p1a: Kyogre|Helping Hand|[of] p1b: Farigiraf\n|move|p1a: Kyogre|Ice Beam|p2b: Toxicroak\n|-supereffective|p2b: Toxicroak\n|-damage|p2b: Toxicroak|8/100\n|move|p2b: Toxicroak|Low Kick|p1a: Kyogre\n|-damage|p1a: Kyogre|5/100\n|move|p2a: Zacian|Behemoth Blade|p1a: Kyogre\n|-resisted|p1a: Kyogre\n|-damage|p1a: Kyogre|0 fnt\n|faint|p1a: Kyogre\n|\n|-weather|RainDance|[upkeep]\n|-heal|p2b: Toxicroak|21/100|[from] ability: Dry Skin\n|upkeep\n|\n|t:|1776049070\n|switch|p1a: Calyrex|Calyrex-Ice, L50|100/100\n|-ability|p1a: Calyrex|As One\n|-ability|p1a: Calyrex|Unnerve\n|turn|4\n|\n|t:|1776049089\n|move|p1b: Farigiraf|Helping Hand|p1a: Calyrex\n|-singleturn|p1a: Calyrex|Helping Hand|[of] p1b: Farigiraf\n|move|p2a: Zacian|Protect|p2a: Zacian\n|-singleturn|p2a: Zacian|Protect\n|move|p1a: Calyrex|Close Combat|p2a: Zacian\n|-activate|p2a: Zacian|move: Protect\n|move|p2b: Toxicroak|Poison Jab|p1b: Farigiraf\n|-damage|p1b: Farigiraf|0 fnt\n|faint|p1b: Farigiraf\n|\n|-weather|RainDance|[upkeep]\n|-heal|p2b: Toxicroak|33/100|[from] ability: Dry Skin\n|upkeep\n|\n|t:|1776049095\n|switch|p1b: Landorus|Landorus-Therian, L50, M|100/100\n|-ability|p1b: Landorus|Intimidate|boost\n|-unboost|p2a: Zacian|atk|1\n|-unboost|p2b: Toxicroak|atk|1\n|turn|5\n|\n|t:|1776049129\n|move|p2b: Toxicroak|Sucker Punch|p1a: Calyrex\n|-supereffective|p1a: Calyrex\n|-damage|p1a: Calyrex|81/100\n|move|p1a: Calyrex|Close Combat|p2a: Zacian\n|-damage|p2a: Zacian|24/100\n|-unboost|p1a: Calyrex|def|1\n|-unboost|p1a: Calyrex|spd|1\n|move|p1b: Landorus|Crunch|p2b: Toxicroak\n|-damage|p2b: Toxicroak|0 fnt\n|faint|p2b: Toxicroak\n|-damage|p1b: Landorus|91/100|[from] item: Life Orb\n|move|p2a: Zacian|Behemoth Blade|p1a: Calyrex\n|-supereffective|p1a: Calyrex\n|-damage|p1a: Calyrex|0 fnt\n|faint|p1a: Calyrex\n|\n|-weather|none\n|-fieldend|move: Trick Room\n|upkeep\n|\n|t:|1776049142\n|switch|p2b: Chien-Pao|Chien-Pao, L50|100/100\n|-ability|p2b: Chien-Pao|Sword of Ruin\n|turn|6\n|\n|t:|1776049149\n|-terastallize|p1b: Landorus|Ground\n|move|p2a: Zacian|Behemoth Blade|p1b: Landorus\n|-damage|p1b: Landorus|0 fnt\n|faint|p1b: Landorus\n|\n|win|ivoryP\n|raw|eltutonach's rating: 1282 &rarr; <strong>1263</strong><br />(-19 for losing)\n|raw|ivoryP's rating: 1363 &rarr; <strong>1378</strong><br />(+15 for winning)\n|l|\u2606ivoryP\n|player|p2|\n|l|\u2606eltutonach\n|player|p1|\n","uploadtime":1776049380,"views":12,"formatid":"gen9vgc2026regi","rating":1263,"private":0,"password":null}