{"id":"gen9vgc2026regi-2564501325","format":"[Gen 9] VGC 2026 Reg I","players":["4Test4","Mr shoey"],"log":"|j|\u26064Test4\n|j|\u2606Mr shoey\n|t:|1774153791\n|gametype|doubles\n|player|p1|4Test4|blue|1340\n|player|p2|Mr shoey|1|1291\n|gen|9\n|tier|[Gen 9] VGC 2026 Reg I\n|rated|\n|rule|Species Clause: Limit one of each Pok\u00e9mon\n|rule|Item Clause: Limit 1 of each item\n|clearpoke\n|poke|p1|Koraidon, L50|\n|poke|p1|Calyrex-Shadow, L50|\n|poke|p1|Incineroar, L50, M|\n|poke|p1|Brute Bonnet, L50|\n|poke|p1|Weezing-Galar, L50, F|\n|poke|p1|Talonflame, L50, F|\n|poke|p2|Calyrex-Shadow, L50|\n|poke|p2|Zamazenta-*, L50|\n|poke|p2|Chien-Pao, L50|\n|poke|p2|Dragonite, L50, M|\n|poke|p2|Grimmsnarl, L50, M|\n|poke|p2|Regieleki, L50|\n|teampreview|4\n|inactive|Battle timer is ON: inactive players will automatically lose when time's up. (requested by Mr shoey)\n|inactive|4Test4 has 60 seconds left.\n|\n|t:|1774153845\n|teamsize|p1|4\n|teamsize|p2|4\n|start\n|switch|p1a: Grau!|Koraidon, L50|100/100\n|switch|p1b: Noia!|Brute Bonnet, L50|100/100\n|switch|p2a: Regieleki|Regieleki, L50|100/100\n|switch|p2b: Grimmsnarl|Grimmsnarl, L50, M|100/100\n|-weather|SunnyDay|[from] ability: Orichalcum Pulse|[of] p1a: Grau!\n|-activate|p1b: Noia!|ability: Protosynthesis\n|-start|p1b: Noia!|protosynthesisdef\n|-activate|p1a: Grau!|Orichalcum Pulse|[source]\n|turn|1\n|\n|t:|1774153855\n|move|p1a: Grau!|Protect|p1a: Grau!\n|-singleturn|p1a: Grau!|Protect\n|move|p2b: Grimmsnarl|Reflect|p2b: Grimmsnarl\n|-sidestart|p2: Mr shoey|Reflect\n|move|p2a: Regieleki|Electroweb|p1a: Grau!|[spread] p1b\n|-activate|p1a: Grau!|move: Protect\n|-resisted|p1b: Noia!\n|-damage|p1b: Noia!|91/100\n|move|p1b: Noia!|Spore|p2a: Regieleki\n|-status|p2a: Regieleki|slp|[from] move: Spore\n|\n|-weather|SunnyDay|[upkeep]\n|upkeep\n|turn|2\n|inactive|Mr shoey has 30 seconds left.\n|inactive|4Test4 has 30 seconds left.\n|inactive|Mr shoey has 20 seconds left.\n|\n|t:|1774153894\n|-terastallize|p1a: Grau!|Fire\n|move|p1b: Noia!|Rage Powder|p1b: Noia!\n|-singleturn|p1b: Noia!|move: Rage Powder\n|cant|p2a: Regieleki|slp\n|move|p1a: Grau!|Flame Charge|p2a: Regieleki\n|-damage|p2a: Regieleki|28/100 slp\n|-boost|p1a: Grau!|spe|1\n|move|p2b: Grimmsnarl|Spirit Break|p1b: Noia!\n|-supereffective|p1b: Noia!\n|-damage|p1b: Noia!|58/100\n|\n|-weather|SunnyDay|[upkeep]\n|upkeep\n|turn|3\n|\n|t:|1774153912\n|move|p1a: Grau!|Protect|p1a: Grau!\n|-singleturn|p1a: Grau!|Protect\n|cant|p2a: Regieleki|slp\n|move|p2b: Grimmsnarl|Spirit Break|p1a: Grau!\n|-activate|p1a: Grau!|move: Protect\n|move|p1b: Noia!|Spore|p2b: Grimmsnarl\n|-status|p2b: Grimmsnarl|slp|[from] move: Spore\n|\n|-weather|SunnyDay|[upkeep]\n|upkeep\n|turn|4\n|\n|t:|1774153931\n|move|p1b: Noia!|Sucker Punch|p2a: Regieleki\n|-damage|p2a: Regieleki|0 fnt\n|faint|p2a: Regieleki\n|move|p1a: Grau!|Flame Charge|p2b: Grimmsnarl\n|-damage|p2b: Grimmsnarl|56/100 slp\n|-boost|p1a: Grau!|spe|1\n|cant|p2b: Grimmsnarl|slp\n|\n|-weather|SunnyDay|[upkeep]\n|upkeep\n|\n|t:|1774153936\n|switch|p2a: Calyrex|Calyrex-Shadow, L50|100/100\n|-ability|p2a: Calyrex|As One\n|-ability|p2a: Calyrex|Unnerve\n|turn|5\n|\n|t:|1774153954\n|move|p1a: Grau!|Protect|p1a: Grau!\n|-singleturn|p1a: Grau!|Protect\n|move|p2a: Calyrex|Protect|p2a: Calyrex\n|-singleturn|p2a: Calyrex|Protect\n|move|p1b: Noia!|Sucker Punch||[still]\n|-fail|p1b: Noia!\n|cant|p2b: Grimmsnarl|slp\n|\n|-weather|none\n|-end|p1b: Noia!|Protosynthesis\n|upkeep\n|turn|6\n|\n|t:|1774153975\n|-terastallize|p2a: Calyrex|Water\n|move|p1b: Noia!|Sucker Punch|p2a: Calyrex\n|-damage|p2a: Calyrex|77/100\n|move|p1a: Grau!|Flare Blitz|p2a: Calyrex\n|-resisted|p2a: Calyrex\n|-damage|p2a: Calyrex|54/100\n|-damage|p1a: Grau!|92/100|[from] Recoil\n|move|p2a: Calyrex|Astral Barrage|p1a: Grau!|[spread] p1a,p1b\n|-resisted|p1b: Noia!\n|-damage|p1a: Grau!|16/100\n|-damage|p1b: Noia!|29/100\n|-damage|p2a: Calyrex|44/100|[from] item: Life Orb\n|-curestatus|p2b: Grimmsnarl|slp|[msg]\n|move|p2b: Grimmsnarl|Spirit Break|p1a: Grau!\n|-resisted|p1a: Grau!\n|-damage|p1a: Grau!|3/100\n|-unboost|p1a: Grau!|spa|1\n|\n|upkeep\n|turn|7\n|\n|t:|1774153999\n|move|p2a: Calyrex|Protect|p2a: Calyrex\n|-singleturn|p2a: Calyrex|Protect\n|move|p1b: Noia!|Rage Powder|p1b: Noia!\n|-singleturn|p1b: Noia!|move: Rage Powder\n|move|p1a: Grau!|Collision Course|p2a: Calyrex\n|-activate|p2a: Calyrex|move: Protect\n|move|p2b: Grimmsnarl|Spirit Break|p1b: Noia!\n|-supereffective|p1b: Noia!\n|-damage|p1b: Noia!|0 fnt\n|faint|p1b: Noia!\n|-end|p1b: Noia!|Protosynthesis|[silent]\n|\n|upkeep\n|\n|t:|1774154024\n|switch|p1b: Pocot\u00f3!|Calyrex-Shadow, L50|100/100\n|-ability|p1b: Pocot\u00f3!|As One\n|-ability|p1b: Pocot\u00f3!|Unnerve\n|turn|8\n|\n|t:|1774154043\n|switch|p1a: Fuma\u00e7a!|Weezing-Galar, L50, F|100/100\n|-ability|p1a: Fuma\u00e7a!|Neutralizing Gas\n|move|p1b: Pocot\u00f3!|Astral Barrage|p2a: Calyrex|[spread] p2a,p2b\n|-resisted|p2b: Grimmsnarl\n|-damage|p2a: Calyrex|0 fnt\n|-damage|p2b: Grimmsnarl|32/100\n|faint|p2a: Calyrex\n|-ability|p1b: Pocot\u00f3!|Grim Neigh|boost\n|-boost|p1b: Pocot\u00f3!|spa|1\n|move|p2b: Grimmsnarl|Spirit Break|p1b: Pocot\u00f3!\n|-damage|p1b: Pocot\u00f3!|60/100\n|-unboost|p1b: Pocot\u00f3!|spa|1\n|\n|-sideend|p2: Mr shoey|Reflect\n|upkeep\n|\n|t:|1774154051\n|switch|p2a: Dragonite|Dragonite, L50, M|100/100\n|turn|9\n|inactive|4Test4 has 30 seconds left.\n|\n|t:|1774154085\n|move|p2a: Dragonite|Extreme Speed|p1a: Fuma\u00e7a!\n|-damage|p1a: Fuma\u00e7a!|59/100\n|move|p1b: Pocot\u00f3!|Astral Barrage|p2b: Grimmsnarl|[spread] p2a,p2b\n|-resisted|p2b: Grimmsnarl\n|-damage|p2a: Dragonite|50/100\n|-damage|p2b: Grimmsnarl|6/100\n|move|p2b: Grimmsnarl|Spirit Break|p1b: Pocot\u00f3!\n|-damage|p1b: Pocot\u00f3!|24/100\n|-unboost|p1b: Pocot\u00f3!|spa|1\n|move|p1a: Fuma\u00e7a!|Destiny Bond|p1a: Fuma\u00e7a!\n|-singlemove|p1a: Fuma\u00e7a!|Destiny Bond\n|\n|-heal|p1a: Fuma\u00e7a!|64/100|[from] item: Leftovers\n|upkeep\n|turn|10\n|\n|t:|1774154109\n|move|p2a: Dragonite|Extreme Speed|p1a: Fuma\u00e7a!\n|-damage|p1a: Fuma\u00e7a!|23/100\n|move|p1b: Pocot\u00f3!|Psychic|p2a: Dragonite\n|-damage|p2a: Dragonite|14/100\n|move|p2b: Grimmsnarl|Spirit Break|p1b: Pocot\u00f3!\n|-damage|p1b: Pocot\u00f3!|0 fnt\n|faint|p1b: Pocot\u00f3!\n|move|p1a: Fuma\u00e7a!|Dazzling Gleam|p2a: Dragonite|[spread] p2a,p2b\n|-supereffective|p2a: Dragonite\n|-supereffective|p2b: Grimmsnarl\n|-damage|p2a: Dragonite|0 fnt\n|-damage|p2b: Grimmsnarl|0 fnt\n|faint|p2a: Dragonite\n|faint|p2b: Grimmsnarl\n|\n|win|4Test4\n|raw|4Test4's rating: 1340 &rarr; <strong>1357</strong><br />(+17 for winning)\n|raw|Mr shoey's rating: 1291 &rarr; <strong>1270</strong><br />(-21 for losing)\n|l|\u2606Mr shoey\n|player|p2|\n|l|\u26064Test4\n|player|p1|\n","uploadtime":1774154385,"views":6,"formatid":"gen9vgc2026regi","rating":1270,"private":0,"password":null}