{"id":"gen9vgc2026regi-2573218950","format":"[Gen 9] VGC 2026 Reg I","players":["fallacy277","JOENZO"],"log":"|j|\u2606fallacy277\n|j|\u2606JOENZO\n|t:|1775104476\n|gametype|doubles\n|player|p1|fallacy277|265|1425\n|player|p2|JOENZO|benga|1380\n|gen|9\n|tier|[Gen 9] VGC 2026 Reg I\n|rated|\n|rule|Species Clause: Limit one of each Pok\u00e9mon\n|rule|Item Clause: Limit 1 of each item\n|clearpoke\n|poke|p1|Groudon, L50|\n|poke|p1|Zamazenta-*, L50|\n|poke|p1|Chien-Pao, L50|\n|poke|p1|Gouging Fire, L50|\n|poke|p1|Jumpluff, L50, F|\n|poke|p1|Flutter Mane, L50|\n|poke|p2|Lunala, L50|\n|poke|p2|Chi-Yu, L50|\n|poke|p2|Koraidon, L50|\n|poke|p2|Brute Bonnet, L50|\n|poke|p2|Flutter Mane, L50|\n|poke|p2|Ursaluna, L50, M|\n|teampreview|4\n|inactive|Battle timer is ON: inactive players will automatically lose when time's up. (requested by fallacy277)\n|\n|t:|1775104497\n|teamsize|p1|4\n|teamsize|p2|4\n|start\n|switch|p1a: Groudon|Groudon, L50|100/100\n|switch|p1b: Flutter Mane|Flutter Mane, L50|100/100\n|switch|p2a: Koraidon|Koraidon, L50|100/100\n|switch|p2b: Flutter Mane|Flutter Mane, L50, shiny|100/100\n|-weather|SunnyDay|[from] ability: Orichalcum Pulse|[of] p2a: Koraidon\n|-activate|p2b: Flutter Mane|ability: Protosynthesis\n|-start|p2b: Flutter Mane|protosynthesisspe\n|-activate|p1b: Flutter Mane|ability: Protosynthesis\n|-start|p1b: Flutter Mane|protosynthesisspe\n|-activate|p2a: Koraidon|Orichalcum Pulse|[source]\n|turn|1\n|\n|t:|1775104507\n|-terastallize|p2a: Koraidon|Fire\n|move|p2b: Flutter Mane|Icy Wind|p1b: Flutter Mane|[spread] p1a,p1b\n|-supereffective|p1a: Groudon\n|-damage|p1a: Groudon|76/100\n|-damage|p1b: Flutter Mane|85/100\n|-unboost|p1b: Flutter Mane|spe|1\n|move|p2a: Koraidon|Flare Blitz|p1a: Groudon\n|-crit|p1a: Groudon\n|-damage|p1a: Groudon|0 fnt\n|faint|p1a: Groudon\n|-damage|p2a: Koraidon|71/100|[from] Recoil\n|-damage|p2a: Koraidon|61/100|[from] item: Life Orb\n|move|p1b: Flutter Mane|Icy Wind|p2a: Koraidon|[spread] p2a,p2b\n|-resisted|p2a: Koraidon\n|-damage|p2a: Koraidon|56/100\n|-damage|p2b: Flutter Mane|86/100\n|-unboost|p2a: Koraidon|spe|1\n|-unboost|p2b: Flutter Mane|spe|1\n|\n|-weather|SunnyDay|[upkeep]\n|upkeep\n|\n|t:|1775104523\n|switch|p1a: Zamazenta|Zamazenta-Crowned, L50|100/100\n|-ability|p1a: Zamazenta|Dauntless Shield|boost\n|-boost|p1a: Zamazenta|def|1\n|turn|2\n|inactive|fallacy277 has 30 seconds left.\n|\n|t:|1775104550\n|move|p1a: Zamazenta|Protect|p1a: Zamazenta\n|-singleturn|p1a: Zamazenta|Protect\n|move|p2b: Flutter Mane|Icy Wind|p1b: Flutter Mane|[spread] p1b\n|-activate|p1a: Zamazenta|move: Protect\n|-damage|p1b: Flutter Mane|70/100\n|-unboost|p1b: Flutter Mane|spe|1\n|move|p1b: Flutter Mane|Icy Wind|p2a: Koraidon|[spread] p2a,p2b\n|-resisted|p2a: Koraidon\n|-damage|p2a: Koraidon|49/100\n|-damage|p2b: Flutter Mane|73/100\n|-unboost|p2a: Koraidon|spe|1\n|-unboost|p2b: Flutter Mane|spe|1\n|move|p2a: Koraidon|Flare Blitz|p1b: Flutter Mane\n|-damage|p1b: Flutter Mane|0 fnt\n|faint|p1b: Flutter Mane\n|-end|p1b: Flutter Mane|Protosynthesis|[silent]\n|-damage|p2a: Koraidon|31/100|[from] Recoil\n|-damage|p2a: Koraidon|21/100|[from] item: Life Orb\n|\n|-weather|SunnyDay|[upkeep]\n|upkeep\n|\n|t:|1775104556\n|switch|p1b: Gouging Fire|Gouging Fire, L50|100/100\n|-activate|p1b: Gouging Fire|ability: Protosynthesis\n|-start|p1b: Gouging Fire|protosynthesisspe\n|turn|3\n|inactive|JOENZO has 30 seconds left.\n|\n|t:|1775104587\n|switch|p2a: Lunala|Lunala, L50|100/100\n|move|p1b: Gouging Fire|Flare Blitz|p2b: Flutter Mane\n|-damage|p2b: Flutter Mane|0 fnt\n|faint|p2b: Flutter Mane\n|-end|p2b: Flutter Mane|Protosynthesis|[silent]\n|-damage|p1b: Gouging Fire|84/100|[from] Recoil\n|move|p1a: Zamazenta|Body Press|p2a: Lunala\n|-immune|p2a: Lunala\n|\n|-weather|SunnyDay|[upkeep]\n|upkeep\n|\n|t:|1775104600\n|switch|p2b: Chi-Yu|Chi-Yu, L50|100/100\n|-ability|p2b: Chi-Yu|Beads of Ruin\n|turn|4\n|inactive|fallacy277 has 30 seconds left.\n|inactive|fallacy277 has 20 seconds left.\n|inactive|fallacy277 has 15 seconds left.\n|inactive|fallacy277 has 10 seconds left.\n|inactive|fallacy277 has 5 seconds left.\n|\n|t:|1775104653\n|-terastallize|p1a: Zamazenta|Dragon\n|move|p1b: Gouging Fire|Flare Blitz|p2a: Lunala\n|-damage|p2a: Lunala|55/100\n|-status|p2a: Lunala|brn\n|-damage|p1b: Gouging Fire|65/100|[from] Recoil\n|move|p2b: Chi-Yu|Heat Wave|p1b: Gouging Fire|[spread] p1a,p1b\n|-resisted|p1a: Zamazenta\n|-resisted|p1b: Gouging Fire\n|-damage|p1a: Zamazenta|77/100\n|-damage|p1b: Gouging Fire|45/100\n|move|p1a: Zamazenta|Body Press|p2b: Chi-Yu\n|-supereffective|p2b: Chi-Yu\n|-damage|p2b: Chi-Yu|0 fnt\n|faint|p2b: Chi-Yu\n|move|p2a: Lunala|Meteor Beam||[still]\n|-prepare|p2a: Lunala|Meteor Beam\n|-boost|p2a: Lunala|spa|1\n|-enditem|p2a: Lunala|Power Herb\n|-anim|p2a: Lunala|Meteor Beam|p1b: Gouging Fire\n|-supereffective|p1b: Gouging Fire\n|-damage|p1b: Gouging Fire|0 fnt\n|faint|p1b: Gouging Fire\n|-end|p1b: Gouging Fire|Protosynthesis|[silent]\n|\n|-weather|SunnyDay|[upkeep]\n|-damage|p2a: Lunala|49/100 brn|[from] brn\n|upkeep\n|\n|t:|1775104676\n|switch|p2b: Koraidon|Koraidon, L50, tera:Fire|21/100\n|-activate|p2b: Koraidon|ability: Orichalcum Pulse\n|turn|5\n|\n|t:|1775104682\n|move|p1a: Zamazenta|Protect|p1a: Zamazenta\n|-singleturn|p1a: Zamazenta|Protect\n|move|p2b: Koraidon|Close Combat|p1a: Zamazenta\n|-activate|p1a: Zamazenta|move: Protect\n|move|p2a: Lunala|Moongeist Beam|p1a: Zamazenta\n|-activate|p1a: Zamazenta|move: Protect\n|\n|-weather|none\n|-damage|p2a: Lunala|44/100 brn|[from] brn\n|upkeep\n|turn|6\n|\n|t:|1775104691\n|move|p2b: Koraidon|Close Combat|p1a: Zamazenta\n|-damage|p1a: Zamazenta|43/100\n|-unboost|p2b: Koraidon|def|1\n|-unboost|p2b: Koraidon|spd|1\n|-damage|p2b: Koraidon|11/100|[from] item: Life Orb\n|move|p1a: Zamazenta|Behemoth Bash|p2a: Lunala\n|-damage|p2a: Lunala|16/100 brn\n|move|p2a: Lunala|Moongeist Beam|p1a: Zamazenta\n|-damage|p1a: Zamazenta|0 fnt\n|faint|p1a: Zamazenta\n|\n|win|JOENZO\n|raw|fallacy277's rating: 1425 &rarr; <strong>1402</strong><br />(-23 for losing)\n|raw|JOENZO's rating: 1380 &rarr; <strong>1403</strong><br />(+23 for winning)\n|l|\u2606fallacy277\n|player|p1|\n|l|\u2606JOENZO\n|player|p2|\n","uploadtime":1775104925,"views":15,"formatid":"gen9vgc2026regi","rating":1402,"private":0,"password":null}