{"id":"gen9vgc2026regi-2562568117","format":"[Gen 9] VGC 2026 Reg I","players":["jd8erh","curfy317"],"log":"|j|\u2606jd8erh\n|j|\u2606curfy317\n|t:|1773931029\n|gametype|doubles\n|player|p1|jd8erh|265|1371\n|player|p2|curfy317|1|1359\n|gen|9\n|tier|[Gen 9] VGC 2026 Reg I\n|rated|\n|rule|Species Clause: Limit one of each Pok\u00e9mon\n|rule|Item Clause: Limit 1 of each item\n|clearpoke\n|poke|p1|Zacian-*, L50|\n|poke|p1|Thundurus, L50, M|\n|poke|p1|Kyogre, L50|\n|poke|p1|Landorus, L50, M|\n|poke|p1|Sinistcha, L50|\n|poke|p1|Archaludon, L50, M|\n|poke|p2|Zacian-*, L50|\n|poke|p2|Lunala, L50|\n|poke|p2|Umbreon, L50, M|\n|poke|p2|Urshifu-*, L50, M|\n|poke|p2|Rillaboom, L50, M|\n|poke|p2|Thundurus, L50, M|\n|teampreview|4\n|inactive|Battle timer is ON: inactive players will automatically lose when time's up. (requested by curfy317)\n|inactive|jd8erh also wants the timer to be on.\njd8erh has agreed to open team sheets.\n|l|\u2606jd8erh\n|inactive|jd8erh disconnected and has a minute to reconnect!\n|player|p1|\n|j|\u2606jd8erh\n|inactive|jd8erh reconnected and has 70 seconds left.\n|player|p1|jd8erh|265|\n|inactive|jd8erh has 60 seconds left.\n|inactive|curfy317 has 60 seconds left.\n|\n|t:|1773931069\n|teamsize|p1|4\n|teamsize|p2|4\n|start\n|switch|p1a: Landorus|Landorus, L50, M|100/100\n|switch|p1b: Kyogre|Kyogre, L50|100/100\n|switch|p2a: Thundurus|Thundurus, L50, M|100/100\n|switch|p2b: Lunala|Lunala, L50|100/100\n|-weather|RainDance|[from] ability: Drizzle|[of] p1b: Kyogre\n|turn|1\n|l|\u2606jd8erh\n|inactive|jd8erh disconnected and has a minute to reconnect!\n|player|p1|\n|inactive|jd8erh has 30 seconds left.\n|inactive|jd8erh has 20 seconds left.\n|j|\u2606jd8erh\n|inactive|jd8erh reconnected and has 20 seconds left.\n|player|p1|jd8erh|265|\n|inactive|jd8erh has 15 seconds left.\n|\n|t:|1773931112\n|move|p1b: Kyogre|Protect|p1b: Kyogre\n|-singleturn|p1b: Kyogre|Protect\n|move|p2a: Thundurus|Thunder Wave|p1b: Kyogre\n|-activate|p1b: Kyogre|move: Protect\n|move|p1a: Landorus|Earth Power|p2b: Lunala\n|-damage|p2b: Lunala|82/100\n|move|p2b: Lunala|Moongeist Beam|p1b: Kyogre\n|-activate|p1b: Kyogre|move: Protect\n|\n|-weather|RainDance|[upkeep]\n|upkeep\n|turn|2\n|inactive|curfy317 has 30 seconds left.\n|\n|t:|1773931140\n|move|p2a: Thundurus|Eerie Impulse|p1b: Kyogre\n|-unboost|p1b: Kyogre|spa|2\n|move|p1a: Landorus|Earth Power|p2b: Lunala\n|-damage|p2b: Lunala|44/100\n|move|p2b: Lunala|Meteor Beam||[still]\n|-prepare|p2b: Lunala|Meteor Beam\n|-boost|p2b: Lunala|spa|1\n|-enditem|p2b: Lunala|Power Herb\n|-anim|p2b: Lunala|Meteor Beam|p1b: Kyogre\n|-damage|p1b: Kyogre|59/100\n|move|p1b: Kyogre|Origin Pulse|p2a: Thundurus|[spread] p2a,p2b\n|-damage|p2a: Thundurus|51/100\n|-damage|p2b: Lunala|9/100\n|\n|-weather|RainDance|[upkeep]\n|upkeep\n|turn|3\n|\n|t:|1773931161\n|switch|p2b: Rillaboom|Rillaboom, L50, M|100/100\n|-fieldstart|move: Grassy Terrain|[from] ability: Grassy Surge|[of] p2b: Rillaboom\n|switch|p1b: Archaludon|Archaludon, L50, M|100/100\n|move|p2a: Thundurus|Eerie Impulse|p1a: Landorus\n|-unboost|p1a: Landorus|spa|2\n|move|p1a: Landorus|Earth Power|p2b: Rillaboom\n|-resisted|p2b: Rillaboom\n|-damage|p2b: Rillaboom|91/100\n|\n|-weather|RainDance|[upkeep]\n|-heal|p2b: Rillaboom|97/100|[from] Grassy Terrain\n|upkeep\n|turn|4\n|\n|t:|1773931178\n|switch|p1a: Zacian|Zacian-Crowned, L50|100/100\n|-ability|p1a: Zacian|Intrepid Sword|boost\n|-boost|p1a: Zacian|atk|1\n|move|p2a: Thundurus|Eerie Impulse|p1b: Archaludon\n|-unboost|p1b: Archaludon|spa|2\n|move|p2b: Rillaboom|Drum Beating|p1a: Zacian\n|-resisted|p1a: Zacian\n|-damage|p1a: Zacian|81/100\n|-unboost|p1a: Zacian|spe|1\n|move|p1b: Archaludon|Electro Shot||[still]\n|-prepare|p1b: Archaludon|Electro Shot\n|-boost|p1b: Archaludon|spa|1\n|-anim|p1b: Archaludon|Electro Shot|p2a: Thundurus\n|-damage|p2a: Thundurus|23/100\n|\n|-weather|RainDance|[upkeep]\n|-heal|p2b: Rillaboom|100/100|[from] Grassy Terrain\n|-heal|p1a: Zacian|87/100|[from] Grassy Terrain\n|upkeep\n|turn|5\n|inactive|curfy317 has 30 seconds left.\n|\n|t:|1773931204\n|move|p1a: Zacian|Protect|p1a: Zacian\n|-singleturn|p1a: Zacian|Protect\n|move|p2a: Thundurus|Eerie Impulse|p1b: Archaludon\n|-unboost|p1b: Archaludon|spa|2\n|move|p2b: Rillaboom|U-turn|p1a: Zacian\n|-activate|p1a: Zacian|move: Protect\n|move|p1b: Archaludon|Electro Shot||[still]\n|-prepare|p1b: Archaludon|Electro Shot\n|-boost|p1b: Archaludon|spa|1\n|-anim|p1b: Archaludon|Electro Shot|p2a: Thundurus\n|-damage|p2a: Thundurus|0 fnt\n|faint|p2a: Thundurus\n|\n|-weather|none\n|-heal|p1a: Zacian|93/100|[from] Grassy Terrain\n|upkeep\n|\n|t:|1773931219\n|switch|p2a: Lunala|Lunala, L50|9/100\n|turn|6\n|\n|t:|1773931233\n|switch|p1b: Landorus|Landorus, L50, M|100/100\n|move|p2b: Rillaboom|U-turn|p1a: Zacian\n|-resisted|p1a: Zacian\n|-damage|p1a: Zacian|89/100\n|\n|t:|1773931237\n|switch|p2b: Zacian|Zacian-Crowned, L50|100/100|[from] U-turn\n|-ability|p2b: Zacian|Intrepid Sword|boost\n|-boost|p2b: Zacian|atk|1\n|move|p1a: Zacian|Behemoth Blade|p2a: Lunala\n|-damage|p2a: Lunala|0 fnt\n|faint|p2a: Lunala\n|\n|-heal|p1a: Zacian|95/100|[from] Grassy Terrain\n|upkeep\n|\n|t:|1773931246\n|switch|p2a: Rillaboom|Rillaboom, L50, M|100/100\n|turn|7\n|\n|t:|1773931252\n|-terastallize|p1b: Landorus|Ghost\n|move|p2a: Rillaboom|Fake Out|p1b: Landorus\n|-immune|p1b: Landorus\n|move|p1b: Landorus|Earth Power|p2b: Zacian\n|-supereffective|p2b: Zacian\n|-damage|p2b: Zacian|18/100\n|move|p2b: Zacian|Behemoth Blade|p1a: Zacian\n|-damage|p1a: Zacian|24/100\n|move|p1a: Zacian|Behemoth Blade|p2a: Rillaboom\n|-damage|p2a: Rillaboom|14/100\n|\n|-heal|p2b: Zacian|24/100|[from] Grassy Terrain\n|-heal|p2a: Rillaboom|20/100|[from] Grassy Terrain\n|-heal|p1a: Zacian|30/100|[from] Grassy Terrain\n|-fieldend|move: Grassy Terrain\n|upkeep\n|turn|8\n|-message|curfy317 forfeited.\n|\n|win|jd8erh\n|raw|jd8erh's rating: 1371 &rarr; <strong>1390</strong><br />(+19 for winning)\n|raw|curfy317's rating: 1359 &rarr; <strong>1340</strong><br />(-19 for losing)\n|l|\u2606curfy317\n|player|p2|\n|c|\u2606jd8erh|Gg\n|l|\u2606jd8erh\n|player|p1|\n","uploadtime":1773931486,"views":11,"formatid":"gen9vgc2026regi","rating":1340,"private":0,"password":null}