{"id":"gen9vgc2026regi-2580678440","format":"[Gen 9] VGC 2026 Reg I","players":["Lil Tic","rsingh1"],"log":"|j|\u2606Lil Tic\n|j|\u2606rsingh1\n|t:|1775923599\n|gametype|doubles\n|player|p1|Lil Tic|169|1327\n|player|p2|rsingh1|102|1430\n|gen|9\n|tier|[Gen 9] VGC 2026 Reg I\n|rated|\n|rule|Species Clause: Limit one of each Pok\u00e9mon\n|rule|Item Clause: Limit 1 of each item\n|clearpoke\n|poke|p1|Koraidon, L50|\n|poke|p1|Flutter Mane, L50|\n|poke|p1|Ho-Oh, L50|\n|poke|p1|Incineroar, L50, F|\n|poke|p1|Amoonguss, L50, F|\n|poke|p1|Ting-Lu, L50|\n|poke|p2|Calyrex-Ice, L50|\n|poke|p2|Miraidon, L50|\n|poke|p2|Grimmsnarl, L50, M|\n|poke|p2|Urshifu-*, L50, M|\n|poke|p2|Incineroar, L50, M|\n|poke|p2|Landorus, L50, M|\n|teampreview|4\n|inactive|Battle timer is ON: inactive players will automatically lose when time's up. (requested by rsingh1)\n|\n|t:|1775923653\n|teamsize|p1|4\n|teamsize|p2|4\n|start\n|switch|p1a: Incineroar|Incineroar, L50, F|100/100\n|switch|p1b: Ho-Oh|Ho-Oh, L50|100/100\n|switch|p2a: Grimmsnarl|Grimmsnarl, L50, M|100/100\n|switch|p2b: Incineroar|Incineroar, L50, M|100/100\n|-ability|p2b: Incineroar|Intimidate|boost\n|-unboost|p1a: Incineroar|atk|1\n|-fail|p1b: Ho-Oh|unboost|[from] item: Clear Amulet|[of] p1b: Ho-Oh\n|-ability|p1a: Incineroar|Intimidate|boost\n|-unboost|p2a: Grimmsnarl|atk|1\n|-unboost|p2b: Incineroar|atk|1\n|turn|1\n|\n|t:|1775923666\n|move|p2b: Incineroar|Fake Out|p1b: Ho-Oh\n|-damage|p1b: Ho-Oh|93/100\n|move|p2a: Grimmsnarl|Reflect|p2a: Grimmsnarl\n|-sidestart|p2: rsingh1|Reflect\n|cant|p1b: Ho-Oh|flinch\n|move|p1a: Incineroar|Knock Off|p2b: Incineroar\n|-resisted|p2b: Incineroar\n|-damage|p2b: Incineroar|91/100\n|-enditem|p2b: Incineroar|Assault Vest|[from] move: Knock Off|[of] p1a: Incineroar\n|\n|upkeep\n|turn|2\n|inactive|Lil Tic has 30 seconds left.\n|inactive|Lil Tic has 20 seconds left.\n|\n|t:|1775923702\n|move|p2a: Grimmsnarl|Thunder Wave|p1b: Ho-Oh\n|-status|p1b: Ho-Oh|par\n|move|p2b: Incineroar|Knock Off|p1b: Ho-Oh\n|-damage|p1b: Ho-Oh|71/100 par\n|-enditem|p1b: Ho-Oh|Clear Amulet|[from] move: Knock Off|[of] p2b: Incineroar\n|move|p1a: Incineroar|Knock Off|p2a: Grimmsnarl\n|-resisted|p2a: Grimmsnarl\n|-damage|p2a: Grimmsnarl|96/100\n|-enditem|p2a: Grimmsnarl|Light Clay|[from] move: Knock Off|[of] p1a: Incineroar\n|cant|p1b: Ho-Oh|par\n|\n|upkeep\n|turn|3\n|inactive|rsingh1 has 30 seconds left.\n|\n|t:|1775923732\n|move|p2b: Incineroar|Knock Off|p1a: Incineroar\n|-resisted|p1a: Incineroar\n|-damage|p1a: Incineroar|89/100\n|-enditem|p1a: Incineroar|Safety Goggles|[from] move: Knock Off|[of] p2b: Incineroar\n|move|p1a: Incineroar|Parting Shot|p2b: Incineroar\n|-unboost|p2b: Incineroar|atk|1\n|-unboost|p2b: Incineroar|spa|1\n|\n|t:|1775923737\n|switch|p1a: Koraidon|Koraidon, L50|100/100|[from] Parting Shot\n|-weather|SunnyDay|[from] ability: Orichalcum Pulse|[of] p1a: Koraidon\n|-activate|p1a: Koraidon|Orichalcum Pulse|[source]\n|move|p2a: Grimmsnarl|Spirit Break|p1a: Koraidon\n|-supereffective|p1a: Koraidon\n|-damage|p1a: Koraidon|30/100\n|-unboost|p1a: Koraidon|spa|1\n|move|p1b: Ho-Oh|Sacred Fire|p2b: Incineroar\n|-resisted|p2b: Incineroar\n|-damage|p2b: Incineroar|64/100\n|\n|-weather|SunnyDay|[upkeep]\n|upkeep\n|turn|4\n|\n|t:|1775923756\n|move|p2a: Grimmsnarl|Thunder Wave|p1a: Koraidon\n|-status|p1a: Koraidon|par\n|move|p2b: Incineroar|U-turn|p1b: Ho-Oh\n|-resisted|p1b: Ho-Oh\n|-damage|p1b: Ho-Oh|68/100 par\n|\n|t:|1775923763\n|switch|p2b: Miraidon|Miraidon, L50|100/100|[from] U-turn\n|-fieldstart|move: Electric Terrain|[from] ability: Hadron Engine|[of] p2b: Miraidon\n|move|p1a: Koraidon|Collision Course|p2b: Miraidon\n|-damage|p2b: Miraidon|43/100\n|-damage|p1a: Koraidon|20/100 par|[from] item: Life Orb\n|move|p1b: Ho-Oh|Sacred Fire|p2a: Grimmsnarl\n|-damage|p2a: Grimmsnarl|30/100\n|\n|-weather|SunnyDay|[upkeep]\n|upkeep\n|turn|5\n|\n|t:|1775923784\n|switch|p1b: Amoonguss|Amoonguss, L50, F|100/100\n|move|p2b: Miraidon|Volt Switch|p1b: Amoonguss\n|-resisted|p1b: Amoonguss\n|-damage|p1b: Amoonguss|62/100\n|\n|t:|1775923790\n|switch|p2b: Incineroar|Incineroar, L50, M|64/100|[from] Volt Switch\n|-ability|p2b: Incineroar|Intimidate|boost\n|-unboost|p1a: Koraidon|atk|1\n|-unboost|p1b: Amoonguss|atk|1\n|move|p1a: Koraidon|Collision Course|p2b: Incineroar\n|-supereffective|p2b: Incineroar\n|-damage|p2b: Incineroar|0 fnt\n|faint|p2b: Incineroar\n|-damage|p1a: Koraidon|10/100 par|[from] item: Life Orb\n|move|p2a: Grimmsnarl|Spirit Break|p1a: Koraidon\n|-supereffective|p1a: Koraidon\n|-damage|p1a: Koraidon|0 fnt\n|faint|p1a: Koraidon\n|\n|-weather|SunnyDay|[upkeep]\n|upkeep\n|\n|t:|1775923805\n|switch|p1a: Incineroar|Incineroar, L50, F|89/100\n|switch|p2b: Calyrex|Calyrex-Ice, L50|100/100\n|-ability|p2b: Calyrex|As One\n|-ability|p2b: Calyrex|Unnerve\n|-ability|p1a: Incineroar|Intimidate|boost\n|-unboost|p2a: Grimmsnarl|atk|1\n|-unboost|p2b: Calyrex|atk|1\n|turn|6\n|inactive|Lil Tic has 30 seconds left.\n|\n|t:|1775923835\n|move|p2b: Calyrex|Protect|p2b: Calyrex\n|-singleturn|p2b: Calyrex|Protect\n|move|p1a: Incineroar|Fake Out|p2b: Calyrex\n|-activate|p2b: Calyrex|move: Protect\n|move|p2a: Grimmsnarl|Thunder Wave|p1b: Amoonguss\n|-status|p1b: Amoonguss|par\n|move|p1b: Amoonguss|Spore|p2b: Calyrex\n|-activate|p2b: Calyrex|move: Protect\n|\n|-weather|SunnyDay|[upkeep]\n|upkeep\n|turn|7\n|\n|t:|1775923858\n|-terastallize|p2b: Calyrex|Water\n|-terastallize|p1b: Amoonguss|Water\n|move|p2a: Grimmsnarl|Light Screen|p2a: Grimmsnarl\n|-sidestart|p2: rsingh1|move: Light Screen\n|move|p1a: Incineroar|Knock Off|p2b: Calyrex\n|-damage|p2b: Calyrex|82/100\n|-enditem|p2b: Calyrex|Leftovers|[from] move: Knock Off|[of] p1a: Incineroar\n|move|p2b: Calyrex|Leech Seed|p1a: Incineroar\n|-start|p1a: Incineroar|move: Leech Seed\n|move|p1b: Amoonguss|Spore|p2b: Calyrex\n|-activate|p2b: Calyrex|move: Electric Terrain\n|\n|-weather|none\n|-damage|p1a: Incineroar|76/100|[from] Leech Seed|[of] p2b: Calyrex\n|-heal|p2b: Calyrex|94/100|[silent]\n|upkeep\n|turn|8\n|inactive|rsingh1 has 30 seconds left.\n|\n|t:|1775923887\n|move|p1a: Incineroar|Parting Shot|p2b: Calyrex\n|-unboost|p2b: Calyrex|atk|1\n|-unboost|p2b: Calyrex|spa|1\n|\n|t:|1775923892\n|switch|p1a: Ho-Oh|Ho-Oh, L50|100/100 par|[from] Parting Shot\n|move|p2a: Grimmsnarl|Spirit Break|p1a: Ho-Oh\n|-resisted|p1a: Ho-Oh\n|-damage|p1a: Ho-Oh|94/100 par\n|-unboost|p1a: Ho-Oh|spa|1\n|move|p2b: Calyrex|Leech Seed|p1b: Amoonguss\n|-start|p1b: Amoonguss|move: Leech Seed\n|move|p1b: Amoonguss|Sludge Bomb|p2a: Grimmsnarl\n|-supereffective|p2a: Grimmsnarl\n|-damage|p2a: Grimmsnarl|0 fnt\n|faint|p2a: Grimmsnarl\n|\n|-damage|p1b: Amoonguss|49/100 par|[from] Leech Seed|[of] p2b: Calyrex\n|-heal|p2b: Calyrex|100/100|[silent]\n|-sideend|p2: rsingh1|Reflect\n|-fieldend|move: Electric Terrain\n|upkeep\n|-message|Lil Tic forfeited.\n|\n|win|rsingh1\n|raw|Lil Tic's rating: 1327 &rarr; <strong>1313</strong><br />(-14 for losing)\n|raw|rsingh1's rating: 1430 &rarr; <strong>1444</strong><br />(+14 for winning)\n|l|\u2606Lil Tic\n|player|p1|\n|l|\u2606rsingh1\n|player|p2|\n","uploadtime":1775924167,"views":12,"formatid":"gen9vgc2026regi","rating":1313,"private":0,"password":null}