{"id":"gen9vgc2026regi-2551124093","format":"[Gen 9] VGC 2026 Reg I","players":["willscharnagl","Pokemonst3r"],"log":"|j|\u2606willscharnagl\n|j|\u2606Pokemonst3r\n|t:|1772566774\n|gametype|doubles\n|player|p1|willscharnagl|101|1419\n|player|p2|Pokemonst3r|170|1519\n|gen|9\n|tier|[Gen 9] VGC 2026 Reg I\n|rated|\n|rule|Species Clause: Limit one of each Pok\u00e9mon\n|rule|Item Clause: Limit 1 of each item\n|clearpoke\n|poke|p1|Venusaur, L50, F|\n|poke|p1|Flutter Mane, L50|\n|poke|p1|Groudon, L50|\n|poke|p1|Calyrex-Ice, L50|\n|poke|p1|Ogerpon-Cornerstone, L50, F|\n|poke|p1|Raging Bolt, L50|\n|poke|p2|Chien-Pao, L50|\n|poke|p2|Calyrex-Shadow, L50|\n|poke|p2|Dondozo, L50, F|\n|poke|p2|Zamazenta-*, L50|\n|poke|p2|Dragonite, L50, F|\n|poke|p2|Tatsugiri, L50, F|\n|teampreview|4\n|inactive|Battle timer is ON: inactive players will automatically lose when time's up. (requested by Pokemonst3r)\n|c|\u2606willscharnagl|wooo more dozo csr zama\n|c|\u2606willscharnagl|so fun so interesting\n|\n|t:|1772566803\n|teamsize|p1|4\n|teamsize|p2|4\n|start\n|switch|p1a: Flutter Mane|Flutter Mane, L50|100/100\n|switch|p1b: Calyrex|Calyrex-Ice, L50|100/100\n|switch|p2a: Calyrex|Calyrex-Shadow, L50|100/100\n|switch|p2b: Dragonite|Dragonite, L50, F|100/100\n|-ability|p2a: Calyrex|As One\n|-ability|p2a: Calyrex|Unnerve\n|-ability|p1b: Calyrex|As One\n|-ability|p1b: Calyrex|Unnerve\n|turn|1\n|\n|t:|1772566817\n|-terastallize|p2b: Dragonite|Normal\n|-terastallize|p1b: Calyrex|Water\n|move|p2b: Dragonite|Extreme Speed|p1b: Calyrex\n|-damage|p1b: Calyrex|63/100\n|move|p2a: Calyrex|Astral Barrage|p1b: Calyrex|[spread] p1a,p1b\n|-supereffective|p1a: Flutter Mane\n|-enditem|p1a: Flutter Mane|Focus Sash\n|-damage|p1a: Flutter Mane|1/100\n|-damage|p1b: Calyrex|31/100\n|move|p1a: Flutter Mane|Shadow Ball|p2a: Calyrex\n|-supereffective|p2a: Calyrex\n|-damage|p2a: Calyrex|0 fnt\n|-enditem|p1b: Calyrex|Sitrus Berry|[eat]\n|-heal|p1b: Calyrex|56/100|[from] item: Sitrus Berry\n|faint|p2a: Calyrex\n|move|p1b: Calyrex|Leech Seed|p2b: Dragonite\n|-start|p2b: Dragonite|move: Leech Seed\n|\n|-damage|p2b: Dragonite|88/100|[from] Leech Seed|[of] p1b: Calyrex\n|-heal|p1b: Calyrex|68/100|[silent]\n|upkeep\n|\n|t:|1772566836\n|switch|p2a: Chien-Pao|Chien-Pao, L50|100/100\n|-ability|p2a: Chien-Pao|Sword of Ruin\n|turn|2\n|\n|t:|1772566843\n|move|p2b: Dragonite|Extreme Speed|p1b: Calyrex\n|-damage|p1b: Calyrex|18/100\n|move|p2a: Chien-Pao|Sucker Punch||[still]\n|-fail|p2a: Chien-Pao\n|move|p1a: Flutter Mane|Thunder Wave|p2a: Chien-Pao\n|-status|p2a: Chien-Pao|par\n|move|p1b: Calyrex|Leech Seed|p2a: Chien-Pao\n|-start|p2a: Chien-Pao|move: Leech Seed\n|\n|-damage|p2a: Chien-Pao|88/100 par|[from] Leech Seed|[of] p1b: Calyrex\n|-heal|p1b: Calyrex|27/100|[silent]\n|-damage|p2b: Dragonite|76/100|[from] Leech Seed|[of] p1b: Calyrex\n|-heal|p1b: Calyrex|39/100|[silent]\n|upkeep\n|turn|3\n|\n|t:|1772566864\n|switch|p1b: Groudon|Groudon, L50|100/100\n|-weather|SunnyDay|[from] ability: Drought|[of] p1b: Groudon\n|-activate|p1a: Flutter Mane|ability: Protosynthesis\n|-start|p1a: Flutter Mane|protosynthesisspe\n|move|p2b: Dragonite|Extreme Speed|p1b: Groudon\n|-damage|p1b: Groudon|41/100\n|cant|p2a: Chien-Pao|par\n|move|p1a: Flutter Mane|Moonblast|p2a: Chien-Pao\n|-supereffective|p2a: Chien-Pao\n|-damage|p2a: Chien-Pao|0 fnt\n|faint|p2a: Chien-Pao\n|\n|-weather|SunnyDay|[upkeep]\n|-damage|p2b: Dragonite|63/100|[from] Leech Seed|[of] p1b: Groudon\n|-heal|p1b: Groudon|52/100|[silent]\n|upkeep\n|\n|t:|1772566879\n|switch|p2a: Zamazenta|Zamazenta-Crowned, L50|100/100\n|-ability|p2a: Zamazenta|Dauntless Shield|boost\n|-boost|p2a: Zamazenta|def|1\n|turn|4\n|\n|t:|1772566886\n|move|p1a: Flutter Mane|Protect|p1a: Flutter Mane\n|-singleturn|p1a: Flutter Mane|Protect\n|move|p2b: Dragonite|Extreme Speed|p1b: Groudon\n|-damage|p1b: Groudon|5/100\n|move|p2a: Zamazenta|Behemoth Bash|p1a: Flutter Mane\n|-activate|p1a: Flutter Mane|move: Protect\n|move|p1b: Groudon|High Horsepower|p2b: Dragonite\n|-damage|p2b: Dragonite|11/100\n|\n|-weather|SunnyDay|[upkeep]\n|-damage|p2b: Dragonite|0 fnt|[from] Leech Seed|[of] p1b: Groudon\n|-heal|p1b: Groudon|15/100|[silent]\n|faint|p2b: Dragonite\n|upkeep\n|turn|5\n|\n|t:|1772566902\n|move|p1a: Flutter Mane|Thunder Wave|p2a: Zamazenta\n|-status|p2a: Zamazenta|par\n|move|p1b: Groudon|High Horsepower|p2a: Zamazenta\n|-supereffective|p2a: Zamazenta\n|-damage|p2a: Zamazenta|59/100 par\n|move|p2a: Zamazenta|Body Press|p1b: Groudon\n|-damage|p1b: Groudon|0 fnt\n|faint|p1b: Groudon\n|\n|-weather|SunnyDay|[upkeep]\n|upkeep\n|\n|t:|1772566905\n|switch|p1b: Calyrex|Calyrex-Ice, L50, tera:Water|39/100\n|-ability|p1b: Calyrex|As One\n|-ability|p1b: Calyrex|Unnerve\n|turn|6\n|\n|t:|1772566917\n|move|p1a: Flutter Mane|Moonblast|p2a: Zamazenta\n|-damage|p2a: Zamazenta|18/100 par\n|-unboost|p2a: Zamazenta|spa|1\n|cant|p2a: Zamazenta|par\n|move|p1b: Calyrex|Leech Seed|p2a: Zamazenta\n|-start|p2a: Zamazenta|move: Leech Seed\n|\n|-weather|SunnyDay|[upkeep]\n|-damage|p2a: Zamazenta|6/100 par|[from] Leech Seed|[of] p1b: Calyrex\n|-heal|p1b: Calyrex|50/100|[silent]\n|upkeep\n|turn|7\n|-message|Pokemonst3r forfeited.\n|\n|win|willscharnagl\n|raw|willscharnagl's rating: 1419 &rarr; <strong>1445</strong><br />(+26 for winning)\n|raw|Pokemonst3r's rating: 1519 &rarr; <strong>1493</strong><br />(-26 for losing)\n|l|\u2606Pokemonst3r\n|player|p2|\n|l|\u2606willscharnagl\n|player|p1|\n","uploadtime":1772567085,"views":25,"formatid":"gen9vgc2026regi","rating":1445,"private":0,"password":null}