{"id":"gen9vgc2026regi-2574040550","format":"[Gen 9] VGC 2026 Reg I","players":["asroarri","pigs2fly"],"log":"|j|\u2606asroarri\n|j|\u2606pigs2fly\n|t:|1775192337\n|gametype|doubles\n|player|p1|asroarri|dawn|1350\n|player|p2|pigs2fly|dexio|1595\n|gen|9\n|tier|[Gen 9] VGC 2026 Reg I\n|rated|\n|rule|Species Clause: Limit one of each Pok\u00e9mon\n|rule|Item Clause: Limit 1 of each item\n|clearpoke\n|poke|p1|Kyogre, L50|\n|poke|p1|Calyrex-Ice, L50|\n|poke|p1|Iron Crown, L50|\n|poke|p1|Indeedee-F, L50, F|\n|poke|p1|Overqwil, L50, F|\n|poke|p1|Araquanid, L50, F|\n|poke|p2|Annihilape, L50, M|\n|poke|p2|Roaring Moon, L50|\n|poke|p2|Dondozo, L50, M|\n|poke|p2|Tatsugiri, L50, M|\n|poke|p2|Zacian-*, L50|\n|poke|p2|Kyogre, L50|\n|teampreview|4\n|\n|t:|1775192358\n|teamsize|p1|4\n|teamsize|p2|4\n|start\n|switch|p1a: Kyogre|Kyogre, L50|100/100\n|switch|p1b: Overqwil|Overqwil, L50, F|100/100\n|switch|p2a: Zacian|Zacian-Crowned, L50, shiny|100/100\n|switch|p2b: Kyogre|Kyogre, L50|100/100\n|-ability|p2a: Zacian|Intrepid Sword|boost\n|-boost|p2a: Zacian|atk|1\n|-weather|RainDance|[from] ability: Drizzle|[of] p1a: Kyogre\n|turn|1\n|inactive|Battle timer is ON: inactive players will automatically lose when time's up. (requested by asroarri)\n|\n|t:|1775192365\n|move|p2a: Zacian|Protect|p2a: Zacian\n|-singleturn|p2a: Zacian|Protect\n|move|p1b: Overqwil|Icy Wind|p2b: Kyogre|[spread] p2b\n|-activate|p2a: Zacian|move: Protect\n|-resisted|p2b: Kyogre\n|-damage|p2b: Kyogre|99/100\n|-unboost|p2b: Kyogre|spe|1\n|move|p1a: Kyogre|Water Spout|p2a: Zacian|[spread] p2b\n|-activate|p2a: Zacian|move: Protect\n|-resisted|p2b: Kyogre\n|-damage|p2b: Kyogre|69/100\n|-damage|p1a: Kyogre|91/100|[from] item: Life Orb\n|move|p2b: Kyogre|Origin Pulse|p1a: Kyogre|[spread] p1a\n|-miss|p2b: Kyogre|p1b: Overqwil\n|-resisted|p1a: Kyogre\n|-damage|p1a: Kyogre|64/100\n|\n|-weather|RainDance|[upkeep]\n|upkeep\n|turn|2\n|\n|t:|1775192390\n|move|p1b: Overqwil|Icy Wind|p2a: Zacian|[spread] p2a,p2b\n|-resisted|p2a: Zacian\n|-crit|p2a: Zacian\n|-resisted|p2b: Kyogre\n|-damage|p2a: Zacian|97/100\n|-damage|p2b: Kyogre|67/100\n|-unboost|p2a: Zacian|spe|1\n|-unboost|p2b: Kyogre|spe|1\n|move|p1a: Kyogre|Origin Pulse|p2b: Kyogre|[spread] p2b\n|-miss|p1a: Kyogre|p2a: Zacian\n|-resisted|p2b: Kyogre\n|-crit|p2b: Kyogre\n|-damage|p2b: Kyogre|36/100\n|-damage|p1a: Kyogre|54/100|[from] item: Life Orb\n|move|p2a: Zacian|Play Rough|p1a: Kyogre\n|-damage|p1a: Kyogre|0 fnt\n|faint|p1a: Kyogre\n|move|p2b: Kyogre|Origin Pulse|p1b: Overqwil\n|-damage|p1b: Overqwil|0 fnt\n|faint|p1b: Overqwil\n|\n|-weather|RainDance|[upkeep]\n|upkeep\n|j| mianzi\n|\n|t:|1775192402\n|switch|p1a: Calyrex|Calyrex-Ice, L50|100/100\n|switch|p1b: Araquanid|Araquanid, L50, F|100/100\n|-ability|p1a: Calyrex|As One\n|-ability|p1a: Calyrex|Unnerve\n|turn|3\n|l| mianzi\n|j| CrazyyBoi\n|\n|t:|1775192418\n|-terastallize|p1a: Calyrex|Grass\n|move|p2a: Zacian|Behemoth Blade|p1a: Calyrex\n|-damage|p1a: Calyrex|47/100\n|move|p2b: Kyogre|Origin Pulse|p1b: Araquanid|[spread] p1a\n|-miss|p2b: Kyogre|p1b: Araquanid\n|-resisted|p1a: Calyrex\n|-damage|p1a: Calyrex|19/100\n|move|p1b: Araquanid|Liquidation|p2a: Zacian\n|-damage|p2a: Zacian|17/100\n|move|p1a: Calyrex|Trick Room|p1a: Calyrex\n|-fieldstart|move: Trick Room|[of] p1a: Calyrex\n|\n|-weather|RainDance|[upkeep]\n|upkeep\n|turn|4\n|\n|t:|1775192432\n|switch|p2b: Tatsugiri|Tatsugiri, L50, M|100/100\n|switch|p2a: Dondozo|Dondozo, L50, M|100/100\n|-activate|p2b: Tatsugiri|ability: Commander|[of] p2a: Dondozo\n|-boost|p2a: Dondozo|atk|2\n|-boost|p2a: Dondozo|spa|2\n|-boost|p2a: Dondozo|spe|2\n|-boost|p2a: Dondozo|def|2\n|-boost|p2a: Dondozo|spd|2\n|move|p1b: Araquanid|Liquidation|p2b: Tatsugiri|[miss]\n|-miss|p1b: Araquanid|p2b: Tatsugiri\n|move|p1a: Calyrex|Glacial Lance|p2a: Dondozo|[spread] p2a\n|-miss|p1a: Calyrex|p2b: Tatsugiri\n|-resisted|p2a: Dondozo\n|-damage|p2a: Dondozo|92/100\n|\n|-weather|RainDance|[upkeep]\n|-heal|p2a: Dondozo|98/100|[from] item: Leftovers\n|upkeep\n|turn|5\n|\n|t:|1775192452\n|move|p1a: Calyrex|Protect|p1a: Calyrex\n|-singleturn|p1a: Calyrex|Protect\n|move|p2a: Dondozo|Protect|p2a: Dondozo\n|-singleturn|p2a: Dondozo|Protect\n|move|p1b: Araquanid|Sticky Web|p2a: Dondozo\n|-sidestart|p2: pigs2fly|move: Sticky Web\n|\n|-weather|none\n|-heal|p2a: Dondozo|100/100|[from] item: Leftovers\n|upkeep\n|turn|6\n|\n|t:|1775192462\n|move|p1b: Araquanid|Liquidation|p2a: Dondozo\n|-resisted|p2a: Dondozo\n|-damage|p2a: Dondozo|88/100\n|move|p1a: Calyrex|Seed Bomb|p2a: Dondozo\n|-supereffective|p2a: Dondozo\n|-damage|p2a: Dondozo|53/100\n|move|p2a: Dondozo|Order Up|p1a: Calyrex\n|-damage|p1a: Calyrex|0 fnt\n|faint|p1a: Calyrex\n|-boost|p2a: Dondozo|atk|1\n|\n|-heal|p2a: Dondozo|59/100|[from] item: Leftovers\n|upkeep\n|turn|7\n|-message|asroarri forfeited.\n|\n|win|pigs2fly\n|raw|asroarri's rating: 1350 &rarr; <strong>1342</strong><br />(-8 for losing)\n|raw|pigs2fly's rating: 1595 &rarr; <strong>1603</strong><br />(+8 for winning)\n|l|\u2606asroarri\n|player|p1|\n|l| CrazyyBoi\n|l|\u2606pigs2fly\n|player|p2|\n","uploadtime":1775192657,"views":19,"formatid":"gen9vgc2026regi","rating":1342,"private":0,"password":null}