{"id":"gen9vgc2026regi-2565485367","format":"[Gen 9] VGC 2026 Reg I","players":["billbond","sheeshshane925"],"log":"|j|\u2606billbond\n|j|\u2606sheeshshane925\n|t:|1774279348\n|gametype|doubles\n|player|p1|billbond|265|1412\n|player|p2|sheeshshane925|chuck|1514\n|gen|9\n|tier|[Gen 9] VGC 2026 Reg I\n|rated|\n|rule|Species Clause: Limit one of each Pok\u00e9mon\n|rule|Item Clause: Limit 1 of each item\n|clearpoke\n|poke|p1|Necrozma-Dawn-Wings, L50|\n|poke|p1|Smeargle, L50, F|\n|poke|p1|Grimmsnarl, L50, M|\n|poke|p1|Miraidon, L50|\n|poke|p1|Ogerpon-Cornerstone, L50, F|\n|poke|p1|Hitmontop, L50, M|\n|poke|p2|Calyrex-Ice, L50|\n|poke|p2|Miraidon, L50|\n|poke|p2|Farigiraf, L50, F|\n|poke|p2|Iron Hands, L50|\n|poke|p2|Scraggy, L50, M|\n|poke|p2|Iron Bundle, L50|\n|teampreview|4\n|\n|t:|1774279383\n|teamsize|p1|4\n|teamsize|p2|4\n|start\n|switch|p1a: Smeargle|Smeargle, L50, F|100/100\n|switch|p1b: Miraidon|Miraidon, L50|100/100\n|switch|p2a: Miraidon|Miraidon, L50, shiny|100/100\n|switch|p2b: Iron Bundle|Iron Bundle, L50|100/100\n|-fieldstart|move: Electric Terrain|[from] ability: Hadron Engine|[of] p1b: Miraidon\n|-activate|p2b: Iron Bundle|ability: Quark Drive\n|-start|p2b: Iron Bundle|quarkdrivespe\n|-activate|p2a: Miraidon|ability: Hadron Engine\n|turn|1\n|inactive|Battle timer is ON: inactive players will automatically lose when time's up. (requested by sheeshshane925)\n|\n|t:|1774279405\n|-terastallize|p1b: Miraidon|Fairy\n|move|p2b: Iron Bundle|Protect|p2b: Iron Bundle\n|-singleturn|p2b: Iron Bundle|Protect\n|move|p2a: Miraidon|Protect|p2a: Miraidon\n|-singleturn|p2a: Miraidon|Protect\n|move|p1a: Smeargle|Fake Out|p2a: Miraidon\n|-activate|p2a: Miraidon|move: Protect\n|move|p1b: Miraidon|Dazzling Gleam|p2b: Iron Bundle|[spread] \n|-activate|p2a: Miraidon|move: Protect\n|-activate|p2b: Iron Bundle|move: Protect\n|\n|-ability|p1a: Smeargle|Moody|boost\n|-boost|p1a: Smeargle|spe|2\n|-unboost|p1a: Smeargle|spd|1\n|upkeep\n|turn|2\n|\n|t:|1774279421\n|-terastallize|p2a: Miraidon|Fairy\n|move|p1a: Smeargle|Wide Guard|p1a: Smeargle\n|-singleturn|p1a: Smeargle|Wide Guard\n|move|p2b: Iron Bundle|Icy Wind|p1a: Smeargle|[spread] \n|-activate|p1a: Smeargle|move: Wide Guard\n|-activate|p1b: Miraidon|move: Wide Guard\n|move|p1b: Miraidon|Dazzling Gleam|p2b: Iron Bundle|[spread] p2a,p2b\n|-damage|p2a: Miraidon|47/100\n|-enditem|p2b: Iron Bundle|Focus Sash\n|-damage|p2b: Iron Bundle|1/100\n|move|p2a: Miraidon|Electro Drift|p1b: Miraidon\n|-damage|p1b: Miraidon|0 fnt\n|faint|p1b: Miraidon\n|-damage|p2a: Miraidon|37/100|[from] item: Life Orb\n|\n|-ability|p1a: Smeargle|Moody|boost\n|-boost|p1a: Smeargle|spa|2\n|-unboost|p1a: Smeargle|spd|1\n|upkeep\n|inactive|billbond has 30 seconds left.\n|\n|t:|1774279446\n|switch|p1b: Necrozma|Necrozma-Dawn-Wings, L50|100/100\n|turn|3\n|\n|t:|1774279469\n|move|p1a: Smeargle|Follow Me|p1a: Smeargle\n|-singleturn|p1a: Smeargle|move: Follow Me\n|move|p2b: Iron Bundle|Freeze-Dry|p1a: Smeargle\n|-enditem|p1a: Smeargle|Focus Sash\n|-damage|p1a: Smeargle|1/100\n|move|p2a: Miraidon|Electro Drift|p1a: Smeargle\n|-damage|p1a: Smeargle|0 fnt\n|faint|p1a: Smeargle\n|-damage|p2a: Miraidon|28/100|[from] item: Life Orb\n|move|p1b: Necrozma|Trick Room|p1b: Necrozma\n|-fieldstart|move: Trick Room|[of] p1b: Necrozma\n|\n|upkeep\n|\n|t:|1774279473\n|switch|p1a: Hitmontop|Hitmontop, L50, M|100/100\n|-ability|p1a: Hitmontop|Intimidate|boost\n|-unboost|p2a: Miraidon|atk|1\n|-unboost|p2b: Iron Bundle|atk|1\n|turn|4\n|\n|t:|1774279489\n|move|p2a: Miraidon|Protect|p2a: Miraidon\n|-singleturn|p2a: Miraidon|Protect\n|move|p1a: Hitmontop|Fake Out|p2b: Iron Bundle\n|-damage|p2b: Iron Bundle|0 fnt\n|faint|p2b: Iron Bundle\n|-end|p2b: Iron Bundle|Quark Drive|[silent]\n|move|p1b: Necrozma|Moongeist Beam|p2a: Miraidon\n|-activate|p2a: Miraidon|move: Protect\n|\n|upkeep\n|\n|t:|1774279501\n|switch|p2b: Calyrex|Calyrex-Ice, L50|100/100\n|-ability|p2b: Calyrex|As One\n|-ability|p2b: Calyrex|Unnerve\n|turn|5\n|\n|t:|1774279510\n|move|p2a: Miraidon|Protect|p2a: Miraidon\n|-singleturn|p2a: Miraidon|Protect\n|move|p1a: Hitmontop|Wide Guard|p1a: Hitmontop\n|-singleturn|p1a: Hitmontop|Wide Guard\n|move|p1b: Necrozma|Moongeist Beam|p2a: Miraidon\n|-activate|p2a: Miraidon|move: Protect\n|move|p2b: Calyrex|Trick Room|p2b: Calyrex\n|-fieldend|move: Trick Room\n|\n|-fieldend|move: Electric Terrain\n|upkeep\n|turn|6\n|\n|t:|1774279534\n|move|p1a: Hitmontop|Wide Guard|p1a: Hitmontop\n|-singleturn|p1a: Hitmontop|Wide Guard\n|move|p2a: Miraidon|Volt Switch|p1b: Necrozma\n|-damage|p1b: Necrozma|61/100\n|-damage|p2a: Miraidon|18/100|[from] item: Life Orb\n|\n|t:|1774279541\n|switch|p2a: Scraggy|Scraggy, L50, M|100/100|[from] Volt Switch\n|-ability|p2a: Scraggy|Intimidate|boost\n|-unboost|p1a: Hitmontop|atk|1\n|-unboost|p1b: Necrozma|atk|1\n|move|p2b: Calyrex|High Horsepower|p1b: Necrozma\n|-damage|p1b: Necrozma|32/100\n|move|p1b: Necrozma|Trick Room|p1b: Necrozma\n|-fieldstart|move: Trick Room|[of] p1b: Necrozma\n|\n|-heal|p1b: Necrozma|38/100|[from] item: Leftovers\n|upkeep\n|turn|7\n|-message|billbond forfeited.\n|\n|win|sheeshshane925\n|raw|billbond's rating: 1412 &rarr; <strong>1398</strong><br />(-14 for losing)\n|raw|sheeshshane925's rating: 1514 &rarr; <strong>1528</strong><br />(+14 for winning)\n|l|\u2606billbond\n|player|p1|\n|l|\u2606sheeshshane925\n|player|p2|\n","uploadtime":1774279818,"views":11,"formatid":"gen9vgc2026regi","rating":1398,"private":0,"password":null}