{"id":"gen9vgc2026regi-2553154994","format":"[Gen 9] VGC 2026 Reg I","players":["GucciSoup","blackred123"],"log":"|j|\u2606GucciSoup\n|j|\u2606blackred123\n|t:|1772805044\n|gametype|doubles\n|player|p1|GucciSoup|wallace|1412\n|player|p2|blackred123|iono-masters|1403\n|gen|9\n|tier|[Gen 9] VGC 2026 Reg I\n|rated|\n|rule|Species Clause: Limit one of each Pok\u00e9mon\n|rule|Item Clause: Limit 1 of each item\n|clearpoke\n|poke|p1|Grimmsnarl, L50, M|\n|poke|p1|Okidogi, L50, M|\n|poke|p1|Incineroar, L50, F|\n|poke|p1|Ogerpon-Wellspring, L50, F|\n|poke|p1|Calyrex-Ice, L50|\n|poke|p1|Miraidon, L50|\n|poke|p2|Kyogre, L50|\n|poke|p2|Zamazenta-*, L50|\n|poke|p2|Chien-Pao, L50|\n|poke|p2|Amoonguss, L50, M|\n|poke|p2|Dragonite, L50, F|\n|poke|p2|Rillaboom, L50, M|\n|teampreview|4\n|inactive|Battle timer is ON: inactive players will automatically lose when time's up. (requested by blackred123)\n|inactive|GucciSoup has 60 seconds left.\n|inactive|GucciSoup has 30 seconds left.\n|\n|t:|1772805113\n|teamsize|p1|4\n|teamsize|p2|4\n|start\n|switch|p1a: Grimmsnarl|Grimmsnarl, L50, M|100/100\n|switch|p1b: Okidogi|Okidogi, L50, M|100/100\n|switch|p2a: Zamazenta|Zamazenta-Crowned, L50|100/100\n|switch|p2b: Chien-Pao|Chien-Pao, L50|100/100\n|-ability|p2b: Chien-Pao|Sword of Ruin\n|-ability|p2a: Zamazenta|Dauntless Shield|boost\n|-boost|p2a: Zamazenta|def|1\n|turn|1\n|\n|t:|1772805125\n|move|p1a: Grimmsnarl|Reflect|p1a: Grimmsnarl\n|-sidestart|p1: GucciSoup|Reflect\n|move|p2b: Chien-Pao|Ice Spinner|p1a: Grimmsnarl\n|-damage|p1a: Grimmsnarl|65/100\n|move|p2a: Zamazenta|Heavy Slam|p1a: Grimmsnarl\n|-supereffective|p1a: Grimmsnarl\n|-damage|p1a: Grimmsnarl|0 fnt\n|faint|p1a: Grimmsnarl\n|move|p1b: Okidogi|Drain Punch|p2b: Chien-Pao\n|-supereffective|p2b: Chien-Pao\n|-enditem|p2b: Chien-Pao|Focus Sash\n|-damage|p2b: Chien-Pao|1/100\n|-status|p2b: Chien-Pao|tox|[from] ability: Toxic Chain|[of] p1b: Okidogi\n|\n|-damage|p2b: Chien-Pao|0 fnt|[from] psn\n|faint|p2b: Chien-Pao\n|upkeep\n|\n|t:|1772805141\n|switch|p2b: Dragonite|Dragonite, L50, F|100/100\n|switch|p1a: Miraidon|Miraidon, L50|100/100\n|-fieldstart|move: Electric Terrain|[from] ability: Hadron Engine|[of] p1a: Miraidon\n|-enditem|p1a: Miraidon|Electric Seed\n|-boost|p1a: Miraidon|def|1|[from] item: Electric Seed\n|turn|2\n|\n|t:|1772805158\n|-terastallize|p1a: Miraidon|Bug\n|-terastallize|p2a: Zamazenta|Grass\n|move|p1a: Miraidon|Calm Mind|p1a: Miraidon\n|-boost|p1a: Miraidon|spa|1\n|-boost|p1a: Miraidon|spd|1\n|move|p2a: Zamazenta|Body Press|p1a: Miraidon\n|-resisted|p1a: Miraidon\n|-damage|p1a: Miraidon|89/100\n|move|p2b: Dragonite|Low Kick|p1a: Miraidon\n|-resisted|p1a: Miraidon\n|-damage|p1a: Miraidon|76/100\n|move|p1b: Okidogi|Poison Fang|p2b: Dragonite\n|-damage|p2b: Dragonite|74/100\n|\n|upkeep\n|turn|3\n|\n|t:|1772805178\n|move|p1a: Miraidon|Dragon Pulse|p2b: Dragonite\n|-supereffective|p2b: Dragonite\n|-damage|p2b: Dragonite|0 fnt\n|faint|p2b: Dragonite\n|move|p2a: Zamazenta|Body Press|p1a: Miraidon\n|-resisted|p1a: Miraidon\n|-damage|p1a: Miraidon|66/100\n|move|p1b: Okidogi|Poison Fang|p2a: Zamazenta\n|-supereffective|p2a: Zamazenta\n|-damage|p2a: Zamazenta|84/100\n|-status|p2a: Zamazenta|tox|[from] ability: Toxic Chain|[of] p1b: Okidogi\n|\n|-damage|p2a: Zamazenta|78/100 tox|[from] psn\n|upkeep\n|\n|t:|1772805188\n|switch|p2b: Kyogre|Kyogre, L50|100/100\n|-weather|RainDance|[from] ability: Drizzle|[of] p2b: Kyogre\n|turn|4\n|\n|t:|1772805194\n|move|p2b: Kyogre|Water Spout|p1a: Miraidon|[spread] p1a,p1b\n|-damage|p1a: Miraidon|17/100\n|-damage|p1b: Okidogi|49/100\n|move|p1a: Miraidon|Parabolic Charge|p2a: Zamazenta|[spread] p1b,p2a,p2b\n|-resisted|p2a: Zamazenta\n|-supereffective|p2b: Kyogre\n|-damage|p1b: Okidogi|15/100\n|-heal|p1a: Miraidon|34/100|[from] drain|[of] p1b: Okidogi\n|-damage|p2a: Zamazenta|57/100 tox\n|-heal|p1a: Miraidon|44/100|[from] drain|[of] p2a: Zamazenta\n|-damage|p2b: Kyogre|8/100\n|-heal|p1a: Miraidon|87/100|[from] drain|[of] p2b: Kyogre\n|move|p2a: Zamazenta|Body Press|p1b: Okidogi\n|-resisted|p1b: Okidogi\n|-damage|p1b: Okidogi|0 fnt\n|faint|p1b: Okidogi\n|\n|-weather|RainDance|[upkeep]\n|-damage|p2a: Zamazenta|45/100 tox|[from] psn\n|upkeep\n|\n|t:|1772805208\n|switch|p1b: Calyrex|Calyrex-Ice, L50|100/100\n|-ability|p1b: Calyrex|As One\n|-ability|p1b: Calyrex|Unnerve\n|turn|5\n|-message|blackred123 forfeited.\n|\n|win|GucciSoup\n|raw|GucciSoup's rating: 1412 &rarr; <strong>1431</strong><br />(+19 for winning)\n|raw|blackred123's rating: 1403 &rarr; <strong>1384</strong><br />(-19 for losing)\n|l|\u2606blackred123\n|player|p2|\n|l|\u2606GucciSoup\n|player|p1|\n","uploadtime":1772805440,"views":14,"formatid":"gen9vgc2026regi","rating":1384,"private":0,"password":null}