{"id":"gen9vgc2026regi-2519284731","format":"[Gen 9] VGC 2026 Reg I","players":["BanKingambit69247","dasabe\u76d6\u6b27\u5361\u4fa0"],"log":"|j|\u2606BanKingambit69247\n|j|\u2606dasabe\u76d6\u6b27\u5361\u4fa0\n|t:|1768492111\n|gametype|doubles\n|player|p1|BanKingambit69247|1|\n|player|p2|dasabe\u76d6\u6b27\u5361\u4fa0|may-masters4|\n|gen|9\n|tier|[Gen 9] VGC 2026 Reg I\n|rule|Species Clause: Limit one of each Pok\u00e9mon\n|rule|Item Clause: Limit 1 of each item\n|clearpoke\n|poke|p1|Calyrex-Ice, L50|\n|poke|p1|Koraidon, L50|\n|poke|p1|Incineroar, L50, M|\n|poke|p1|Rillaboom, L50, M|\n|poke|p1|Chi-Yu, L50|\n|poke|p1|Flutter Mane, L50|\n|poke|p2|Zamazenta-*, L50|\n|poke|p2|Calyrex-Ice, L50|\n|poke|p2|Raging Bolt, L50|\n|poke|p2|Urshifu-*, L50, M|\n|poke|p2|Amoonguss, L50, M|\n|poke|p2|Rillaboom, L50, F|\n|teampreview|4\n|\n|t:|1768492130\n|teamsize|p1|4\n|teamsize|p2|4\n|start\n|switch|p1a: Calyrex|Calyrex-Ice, L50|100/100\n|switch|p1b: Chi-Yu|Chi-Yu, L50|100/100\n|switch|p2a: \u556a\u53fd\u556a\uff08\u6251\u51fb\u58f0\uff09|Zamazenta-Crowned, L50|100/100\n|switch|p2b: \u63e1\u8349\u733f|Rillaboom, L50, F|100/100\n|-ability|p1a: Calyrex|As One\n|-ability|p1a: Calyrex|Unnerve\n|-ability|p1b: Chi-Yu|Beads of Ruin\n|-ability|p2a: \u556a\u53fd\u556a\uff08\u6251\u51fb\u58f0\uff09|Dauntless Shield|boost\n|-boost|p2a: \u556a\u53fd\u556a\uff08\u6251\u51fb\u58f0\uff09|def|1\n|-fieldstart|move: Grassy Terrain|[from] ability: Grassy Surge|[of] p2b: \u63e1\u8349\u733f\n|turn|1\n|\n|t:|1768492147\n|-terastallize|p1b: Chi-Yu|Ghost\n|move|p2b: \u63e1\u8349\u733f|Fake Out|p1b: Chi-Yu\n|-immune|p1b: Chi-Yu\n|move|p1b: Chi-Yu|Heat Wave|p2a: \u556a\u53fd\u556a\uff08\u6251\u51fb\u58f0\uff09|[spread] p2a,p2b\n|-supereffective|p2a: \u556a\u53fd\u556a\uff08\u6251\u51fb\u58f0\uff09\n|-supereffective|p2b: \u63e1\u8349\u733f\n|-damage|p2a: \u556a\u53fd\u556a\uff08\u6251\u51fb\u58f0\uff09|17/100\n|-damage|p2b: \u63e1\u8349\u733f|30/100\n|move|p2a: \u556a\u53fd\u556a\uff08\u6251\u51fb\u58f0\uff09|Body Press|p1b: Chi-Yu\n|-immune|p1b: Chi-Yu\n|move|p1a: Calyrex|Leech Seed|p2a: \u556a\u53fd\u556a\uff08\u6251\u51fb\u58f0\uff09\n|-start|p2a: \u556a\u53fd\u556a\uff08\u6251\u51fb\u58f0\uff09|move: Leech Seed\n|\n|-heal|p2a: \u556a\u53fd\u556a\uff08\u6251\u51fb\u58f0\uff09|23/100|[from] Grassy Terrain\n|-heal|p2b: \u63e1\u8349\u733f|35/100|[from] Grassy Terrain\n|-damage|p2a: \u556a\u53fd\u556a\uff08\u6251\u51fb\u58f0\uff09|10/100|[from] Leech Seed|[of] p1a: Calyrex\n|upkeep\n|turn|2\n|\n|t:|1768492160\n|switch|p1b: Incineroar|Incineroar, L50, M|100/100\n|-ability|p1b: Incineroar|Intimidate|boost\n|-unboost|p2a: \u556a\u53fd\u556a\uff08\u6251\u51fb\u58f0\uff09|atk|1\n|-unboost|p2b: \u63e1\u8349\u733f|atk|1\n|move|p1a: Calyrex|Protect|p1a: Calyrex\n|-singleturn|p1a: Calyrex|Protect\n|move|p2a: \u556a\u53fd\u556a\uff08\u6251\u51fb\u58f0\uff09|Wide Guard|p2a: \u556a\u53fd\u556a\uff08\u6251\u51fb\u58f0\uff09\n|-singleturn|p2a: \u556a\u53fd\u556a\uff08\u6251\u51fb\u58f0\uff09|Wide Guard\n|move|p2b: \u63e1\u8349\u733f|Wood Hammer|p1b: Incineroar\n|-resisted|p1b: Incineroar\n|-damage|p1b: Incineroar|80/100\n|-damage|p2b: \u63e1\u8349\u733f|29/100|[from] Recoil\n|\n|-heal|p2a: \u556a\u53fd\u556a\uff08\u6251\u51fb\u58f0\uff09|17/100|[from] Grassy Terrain\n|-heal|p2b: \u63e1\u8349\u733f|34/100|[from] Grassy Terrain\n|-heal|p1b: Incineroar|86/100|[from] Grassy Terrain\n|-damage|p2a: \u556a\u53fd\u556a\uff08\u6251\u51fb\u58f0\uff09|4/100|[from] Leech Seed|[of] p1a: Calyrex\n|upkeep\n|turn|3\n|\n|t:|1768492173\n|switch|p2a: \u9e7f\u51a0\u738b|Calyrex-Ice, L50|100/100\n|-ability|p2a: \u9e7f\u51a0\u738b|As One\n|-ability|p2a: \u9e7f\u51a0\u738b|Unnerve\n|switch|p1b: Chi-Yu|Chi-Yu, L50, tera:Ghost|100/100\n|-ability|p1b: Chi-Yu|Beads of Ruin\n|move|p2b: \u63e1\u8349\u733f|U-turn|p1b: Chi-Yu\n|-resisted|p1b: Chi-Yu\n|-damage|p1b: Chi-Yu|90/100\n|\n|t:|1768492181\n|switch|p2b: Among us|Amoonguss, L50, M|100/100|[from] U-turn\n|move|p1a: Calyrex|Glacial Lance|p2b: Among us|[spread] p2a,p2b\n|-resisted|p2a: \u9e7f\u51a0\u738b\n|-supereffective|p2b: Among us\n|-damage|p2a: \u9e7f\u51a0\u738b|82/100\n|-damage|p2b: Among us|0 fnt\n|faint|p2b: Among us\n|-ability|p1a: Calyrex|Chilling Neigh|boost\n|-boost|p1a: Calyrex|atk|1\n|\n|-heal|p1b: Chi-Yu|96/100|[from] Grassy Terrain\n|-heal|p2a: \u9e7f\u51a0\u738b|88/100|[from] Grassy Terrain\n|-heal|p2a: \u9e7f\u51a0\u738b|94/100|[from] item: Leftovers\n|upkeep\n|\n|t:|1768492185\n|switch|p2b: \u63e1\u8349\u733f|Rillaboom, L50, F|34/100\n|turn|4\n|c|\u2606BanKingambit69247|\u9f13\u662f\u4e0d\u662f\u80cc\u5fc3\u7684!\n|\n|t:|1768492212\n|switch|p1b: Incineroar|Incineroar, L50, M|86/100\n|-ability|p1b: Incineroar|Intimidate|boost\n|-unboost|p2a: \u9e7f\u51a0\u738b|atk|1\n|-unboost|p2b: \u63e1\u8349\u733f|atk|1\n|-terastallize|p2a: \u9e7f\u51a0\u738b|Fire\n|move|p1a: Calyrex|Protect|p1a: Calyrex\n|-singleturn|p1a: Calyrex|Protect\n|move|p2b: \u63e1\u8349\u733f|Fake Out|p1a: Calyrex\n|-activate|p1a: Calyrex|move: Protect\n|move|p2a: \u9e7f\u51a0\u738b|Glacial Lance|p1a: Calyrex|[spread] p1b\n|-activate|p1a: Calyrex|move: Protect\n|-resisted|p1b: Incineroar\n|-damage|p1b: Incineroar|69/100\n|\n|-heal|p2b: \u63e1\u8349\u733f|40/100|[from] Grassy Terrain\n|-heal|p1b: Incineroar|75/100|[from] Grassy Terrain\n|-heal|p2a: \u9e7f\u51a0\u738b|99/100|[from] Grassy Terrain\n|-heal|p2a: \u9e7f\u51a0\u738b|100/100|[from] item: Leftovers\n|upkeep\n|turn|5\n|\n|t:|1768492231\n|move|p2b: \u63e1\u8349\u733f|Wood Hammer|p1a: Calyrex\n|-damage|p1a: Calyrex|68/100\n|-damage|p2b: \u63e1\u8349\u733f|30/100|[from] Recoil\n|move|p1b: Incineroar|Parting Shot|p2b: \u63e1\u8349\u733f\n|-unboost|p2b: \u63e1\u8349\u733f|atk|1\n|-unboost|p2b: \u63e1\u8349\u733f|spa|1\n|c|\u2606BanKingambit69247|\u96be\u9053\u6ca1\u731c\u5bf9\u5417?\n|\n|t:|1768492241\n|switch|p1b: Chi-Yu|Chi-Yu, L50, tera:Ghost|96/100|[from] Parting Shot\n|-ability|p1b: Chi-Yu|Beads of Ruin\n|move|p1a: Calyrex|Leech Seed|p2a: \u9e7f\u51a0\u738b\n|-start|p2a: \u9e7f\u51a0\u738b|move: Leech Seed\n|move|p2a: \u9e7f\u51a0\u738b|Leech Seed|p1a: Calyrex\n|-start|p1a: Calyrex|move: Leech Seed\n|\n|-heal|p1b: Chi-Yu|100/100|[from] Grassy Terrain\n|-heal|p2b: \u63e1\u8349\u733f|35/100|[from] Grassy Terrain\n|-heal|p1a: Calyrex|74/100|[from] Grassy Terrain\n|-heal|p1a: Calyrex|80/100|[from] item: Leftovers\n|-damage|p1a: Calyrex|68/100|[from] Leech Seed|[of] p2a: \u9e7f\u51a0\u738b\n|-damage|p2a: \u9e7f\u51a0\u738b|88/100|[from] Leech Seed|[of] p1a: Calyrex\n|-heal|p1a: Calyrex|80/100|[silent]\n|-fieldend|move: Grassy Terrain\n|upkeep\n|turn|6\n|\n|t:|1768492256\n|move|p1b: Chi-Yu|Dark Pulse|p2a: \u9e7f\u51a0\u738b\n|-damage|p2a: \u9e7f\u51a0\u738b|46/100\n|move|p2b: \u63e1\u8349\u733f|Grassy Glide|p1b: Chi-Yu\n|-damage|p1b: Chi-Yu|80/100\n|move|p1a: Calyrex|Glacial Lance|p2b: \u63e1\u8349\u733f|[spread] p2a,p2b\n|-resisted|p2a: \u9e7f\u51a0\u738b\n|-supereffective|p2b: \u63e1\u8349\u733f\n|-damage|p2a: \u9e7f\u51a0\u738b|21/100\n|-damage|p2b: \u63e1\u8349\u733f|0 fnt\n|faint|p2b: \u63e1\u8349\u733f\n|-ability|p1a: Calyrex|Chilling Neigh|boost\n|-boost|p1a: Calyrex|atk|1\n|move|p2a: \u9e7f\u51a0\u738b|Glacial Lance|p1b: Chi-Yu|[spread] p1a,p1b\n|-resisted|p1a: Calyrex\n|-damage|p1a: Calyrex|68/100\n|-damage|p1b: Chi-Yu|17/100\n|\n|-heal|p1a: Calyrex|74/100|[from] item: Leftovers\n|-heal|p2a: \u9e7f\u51a0\u738b|27/100|[from] item: Leftovers\n|-damage|p1a: Calyrex|62/100|[from] Leech Seed|[of] p2a: \u9e7f\u51a0\u738b\n|-heal|p2a: \u9e7f\u51a0\u738b|39/100|[silent]\n|-damage|p2a: \u9e7f\u51a0\u738b|27/100|[from] Leech Seed|[of] p1a: Calyrex\n|-heal|p1a: Calyrex|74/100|[silent]\n|upkeep\n|\n|t:|1768492261\n|switch|p2b: \u556a\u53fd\u556a\uff08\u6251\u51fb\u58f0\uff09|Zamazenta-Crowned, L50|4/100\n|turn|7\n|\n|t:|1768492270\n|move|p2a: \u9e7f\u51a0\u738b|Protect|p2a: \u9e7f\u51a0\u738b\n|-singleturn|p2a: \u9e7f\u51a0\u738b|Protect\n|move|p1b: Chi-Yu|Dark Pulse|p2b: \u556a\u53fd\u556a\uff08\u6251\u51fb\u58f0\uff09\n|-resisted|p2b: \u556a\u53fd\u556a\uff08\u6251\u51fb\u58f0\uff09\n|-damage|p2b: \u556a\u53fd\u556a\uff08\u6251\u51fb\u58f0\uff09|0 fnt\n|faint|p2b: \u556a\u53fd\u556a\uff08\u6251\u51fb\u58f0\uff09\n|move|p1a: Calyrex|Glacial Lance|p2a: \u9e7f\u51a0\u738b\n|-activate|p2a: \u9e7f\u51a0\u738b|move: Protect\n|\n|-heal|p1a: Calyrex|80/100|[from] item: Leftovers\n|-heal|p2a: \u9e7f\u51a0\u738b|32/100|[from] item: Leftovers\n|-damage|p1a: Calyrex|68/100|[from] Leech Seed|[of] p2a: \u9e7f\u51a0\u738b\n|-heal|p2a: \u9e7f\u51a0\u738b|44/100|[silent]\n|-damage|p2a: \u9e7f\u51a0\u738b|32/100|[from] Leech Seed|[of] p1a: Calyrex\n|-heal|p1a: Calyrex|80/100|[silent]\n|upkeep\n|turn|8\n|-message|dasabe\u76d6\u6b27\u5361\u4fa0 forfeited.\n|\n|win|BanKingambit69247\n|l|\u2606dasabe\u76d6\u6b27\u5361\u4fa0\n|player|p2|\n","uploadtime":1768492282,"views":11,"formatid":"gen9vgc2026regi","rating":null,"private":0,"password":null}