{"id":"gen9vgc2026regi-2534605318","format":"[Gen 9] VGC 2026 Reg I","players":["fogdocker","Unskilled99"],"log":"|j|\u2606fogdocker\n|j|\u2606Unskilled99\n|t:|1770444569\n|gametype|doubles\n|player|p1|fogdocker|265|1444\n|player|p2|Unskilled99|unknown|1527\n|gen|9\n|tier|[Gen 9] VGC 2026 Reg I\n|rated|\n|rule|Species Clause: Limit one of each Pok\u00e9mon\n|rule|Item Clause: Limit 1 of each item\n|clearpoke\n|poke|p1|Terapagos, L50, M|\n|poke|p1|Koraidon, L50|\n|poke|p1|Flutter Mane, L50|\n|poke|p1|Rillaboom, L50, F|\n|poke|p1|Incineroar, L50, F|\n|poke|p1|Volcarona, L50, M|\n|poke|p2|Calyrex-Ice, L50|\n|poke|p2|Miraidon, L50|\n|poke|p2|Incineroar, L50, M|\n|poke|p2|Urshifu-*, L50, M|\n|poke|p2|Landorus, L50, M|\n|poke|p2|Amoonguss, L50, M|\n|teampreview|4\n|\n|t:|1770444619\n|teamsize|p1|4\n|teamsize|p2|4\n|start\n|switch|p1a: Rillaboom|Rillaboom, L50, F|100/100\n|switch|p1b: Koraidon|Koraidon, L50|100/100\n|switch|p2a: Incineroar|Incineroar, L50, M|100/100\n|switch|p2b: Calyrex|Calyrex-Ice, L50|100/100\n|-ability|p2b: Calyrex|As One\n|-ability|p2b: Calyrex|Unnerve\n|-weather|SunnyDay|[from] ability: Orichalcum Pulse|[of] p1b: Koraidon\n|-activate|p1b: Koraidon|Orichalcum Pulse|[source]\n|-fieldstart|move: Grassy Terrain|[from] ability: Grassy Surge|[of] p1a: Rillaboom\n|-ability|p2a: Incineroar|Intimidate|boost\n|-unboost|p1a: Rillaboom|atk|1\n|-unboost|p1b: Koraidon|atk|1\n|turn|1\n|\n|t:|1770444629\n|switch|p1a: Incineroar|Incineroar, L50, F|100/100\n|-ability|p1a: Incineroar|Intimidate|boost\n|-unboost|p2a: Incineroar|atk|1\n|-fail|p2b: Calyrex|unboost|[from] item: Clear Amulet|[of] p2b: Calyrex\n|switch|p2a: Amoonguss|Amoonguss, L50, M|100/100\n|move|p1b: Koraidon|Protect|p1b: Koraidon\n|-singleturn|p1b: Koraidon|Protect\n|move|p2b: Calyrex|Protect||[still]\n|-fail|p2b: Calyrex\n|\n|-weather|SunnyDay|[upkeep]\n|upkeep\n|turn|2\n|\n|t:|1770444646\n|switch|p2b: Incineroar|Incineroar, L50, M|100/100\n|-ability|p2b: Incineroar|Intimidate|boost\n|-unboost|p1a: Incineroar|atk|1\n|-unboost|p1b: Koraidon|atk|1\n|move|p2a: Amoonguss|Protect|p2a: Amoonguss\n|-singleturn|p2a: Amoonguss|Protect\n|move|p1a: Incineroar|Fake Out|p2b: Incineroar\n|-crit|p2b: Incineroar\n|-damage|p2b: Incineroar|88/100\n|move|p1b: Koraidon|Flare Blitz|p2a: Amoonguss\n|-activate|p2a: Amoonguss|move: Protect\n|\n|-weather|SunnyDay|[upkeep]\n|-heal|p2b: Incineroar|94/100|[from] Grassy Terrain\n|upkeep\n|turn|3\n|\n|t:|1770444667\n|switch|p1b: Terapagos|Terapagos, L50, M|100/100\n|-activate|p1b: Terapagos|ability: Tera Shift\n|detailschange|p1b: Terapagos|Terapagos-Terastal, L50, M\n|-heal|p1b: Terapagos|100/100|[silent]\n|switch|p2a: Calyrex|Calyrex-Ice, L50|100/100\n|-ability|p2a: Calyrex|As One\n|-ability|p2a: Calyrex|Unnerve\n|move|p2b: Incineroar|Fake Out|p1b: Terapagos\n|-activate|p1b: Terapagos|ability: Tera Shell\n|-resisted|p1b: Terapagos\n|-damage|p1b: Terapagos|97/100\n|move|p1a: Incineroar|Taunt|p2a: Calyrex\n|-start|p2a: Calyrex|move: Taunt\n|\n|-weather|SunnyDay|[upkeep]\n|-heal|p1b: Terapagos|100/100|[from] Grassy Terrain\n|-heal|p2b: Incineroar|99/100|[from] Grassy Terrain\n|upkeep\n|turn|4\n|\n|t:|1770444693\n|switch|p2a: Miraidon|Miraidon, L50|100/100\n|-fieldstart|move: Electric Terrain|[from] ability: Hadron Engine|[of] p2a: Miraidon\n|move|p1b: Terapagos|Calm Mind|p1b: Terapagos\n|-boost|p1b: Terapagos|spa|1\n|-boost|p1b: Terapagos|spd|1\n|move|p1a: Incineroar|Knock Off|p2a: Miraidon\n|-damage|p2a: Miraidon|78/100\n|-enditem|p2a: Miraidon|Choice Scarf|[from] move: Knock Off|[of] p1a: Incineroar\n|move|p2b: Incineroar|U-turn|p1b: Terapagos\n|-activate|p1b: Terapagos|ability: Tera Shell\n|-resisted|p1b: Terapagos\n|-damage|p1b: Terapagos|95/100\n|\n|t:|1770444710\n|switch|p2b: Calyrex|Calyrex-Ice, L50|100/100|[from] U-turn\n|-ability|p2b: Calyrex|As One\n|-ability|p2b: Calyrex|Unnerve\n|\n|-weather|SunnyDay|[upkeep]\n|-heal|p1b: Terapagos|100/100|[from] item: Leftovers\n|upkeep\n|turn|5\n|\n|t:|1770444738\n|-terastallize|p2b: Calyrex|Fire\n|move|p2a: Miraidon|Volt Switch|p1a: Incineroar\n|-damage|p1a: Incineroar|42/100\n|\n|t:|1770444762\n|switch|p2a: Amoonguss|Amoonguss, L50, M|100/100|[from] Volt Switch\n|move|p1b: Terapagos|Tera Starstorm|p2a: Amoonguss\n|-damage|p2a: Amoonguss|44/100\n|move|p1a: Incineroar|Knock Off|p2b: Calyrex\n|-damage|p2b: Calyrex|86/100\n|-enditem|p2b: Calyrex|Clear Amulet|[from] move: Knock Off|[of] p1a: Incineroar\n|move|p2b: Calyrex|Trick Room|p2b: Calyrex\n|-fieldstart|move: Trick Room|[of] p2b: Calyrex\n|\n|-weather|none\n|upkeep\n|turn|6\n|\n|t:|1770444789\n|-terastallize|p1b: Terapagos|Stellar\n|detailschange|p1b: Terapagos|Terapagos-Stellar, L50, M, tera:Stellar\n|-heal|p1b: Terapagos|100/100|[silent]\n|-ability|p1b: Terapagos|Teraform Zero\n|-fieldend|move: Electric Terrain\n|move|p2a: Amoonguss|Spore|p1b: Terapagos\n|-status|p1b: Terapagos|slp|[from] move: Spore\n|move|p2b: Calyrex|High Horsepower|p1a: Incineroar\n|-supereffective|p1a: Incineroar\n|-damage|p1a: Incineroar|0 fnt\n|faint|p1a: Incineroar\n|-ability|p2b: Calyrex|Chilling Neigh|boost\n|-boost|p2b: Calyrex|atk|1\n|cant|p1b: Terapagos|slp\n|\n|upkeep\n|\n|t:|1770444799\n|switch|p1a: Rillaboom|Rillaboom, L50, F|100/100\n|-fieldstart|move: Grassy Terrain|[from] ability: Grassy Surge|[of] p1a: Rillaboom\n|turn|7\n|\n|t:|1770444810\n|switch|p2a: Incineroar|Incineroar, L50, M|99/100\n|-ability|p2a: Incineroar|Intimidate|boost\n|-unboost|p1a: Rillaboom|atk|1\n|-unboost|p1b: Terapagos|atk|1\n|move|p2b: Calyrex|Protect|p2b: Calyrex\n|-singleturn|p2b: Calyrex|Protect\n|move|p1a: Rillaboom|Fake Out|p2b: Calyrex\n|-activate|p2b: Calyrex|move: Protect\n|-curestatus|p1b: Terapagos|slp|[msg]\n|move|p1b: Terapagos|Tera Starstorm|p2b: Calyrex|[spread] p2a\n|-activate|p2b: Calyrex|move: Protect\n|-damage|p2a: Incineroar|68/100\n|\n|-heal|p2a: Incineroar|74/100|[from] Grassy Terrain\n|-heal|p2b: Calyrex|92/100|[from] Grassy Terrain\n|upkeep\n|turn|8\n|\n|t:|1770444835\n|move|p1b: Terapagos|Protect|p1b: Terapagos\n|-singleturn|p1b: Terapagos|Protect\n|move|p2a: Incineroar|U-turn|p1a: Rillaboom\n|-supereffective|p1a: Rillaboom\n|-damage|p1a: Rillaboom|66/100\n|\n|t:|1770444839\n|switch|p2a: Amoonguss|Amoonguss, L50, M|77/100|[from] U-turn\n|move|p2b: Calyrex|Glacial Lance|p1a: Rillaboom|[spread] p1a\n|-activate|p1b: Terapagos|move: Protect\n|-supereffective|p1a: Rillaboom\n|-damage|p1a: Rillaboom|0 fnt\n|faint|p1a: Rillaboom\n|-ability|p2b: Calyrex|Chilling Neigh|boost\n|-boost|p2b: Calyrex|atk|1\n|\n|-heal|p2a: Amoonguss|83/100|[from] Grassy Terrain\n|-heal|p2b: Calyrex|98/100|[from] Grassy Terrain\n|upkeep\n|\n|t:|1770444844\n|switch|p1a: Koraidon|Koraidon, L50|100/100\n|-weather|SunnyDay|[from] ability: Orichalcum Pulse|[of] p1a: Koraidon\n|-activate|p1a: Koraidon|Orichalcum Pulse|[source]\n|turn|9\n|\n|t:|1770444871\n|switch|p2a: Incineroar|Incineroar, L50, M|74/100\n|-ability|p2a: Incineroar|Intimidate|boost\n|-unboost|p1a: Koraidon|atk|1\n|-unboost|p1b: Terapagos|atk|1\n|move|p1b: Terapagos|Protect|p1b: Terapagos\n|-singleturn|p1b: Terapagos|Protect\n|move|p1a: Koraidon|Protect|p1a: Koraidon\n|-singleturn|p1a: Koraidon|Protect\n|move|p2b: Calyrex|Glacial Lance|p1a: Koraidon|[spread] \n|-activate|p1a: Koraidon|move: Protect\n|-activate|p1b: Terapagos|move: Protect\n|\n|-weather|SunnyDay|[upkeep]\n|-heal|p2a: Incineroar|80/100|[from] Grassy Terrain\n|-heal|p2b: Calyrex|100/100|[from] Grassy Terrain\n|-fieldend|move: Trick Room\n|upkeep\n|turn|10\n|\n|t:|1770444890\n|move|p2a: Incineroar|Fake Out|p1b: Terapagos\n|-damage|p1b: Terapagos|95/100\n|move|p1a: Koraidon|Close Combat|p2a: Incineroar\n|-supereffective|p2a: Incineroar\n|-damage|p2a: Incineroar|0 fnt\n|-unboost|p1a: Koraidon|def|1\n|-unboost|p1a: Koraidon|spd|1\n|faint|p2a: Incineroar\n|-damage|p1a: Koraidon|91/100|[from] item: Life Orb\n|cant|p1b: Terapagos|flinch\n|move|p2b: Calyrex|Glacial Lance|p1a: Koraidon|[spread] p1a,p1b\n|-supereffective|p1a: Koraidon\n|-damage|p1a: Koraidon|0 fnt\n|-damage|p1b: Terapagos|37/100\n|faint|p1a: Koraidon\n|-ability|p2b: Calyrex|Chilling Neigh|boost\n|-boost|p2b: Calyrex|atk|1\n|\n|-weather|SunnyDay|[upkeep]\n|-heal|p1b: Terapagos|43/100|[from] Grassy Terrain\n|-heal|p1b: Terapagos|50/100|[from] item: Leftovers\n|upkeep\n|\n|t:|1770444904\n|switch|p2a: Miraidon|Miraidon, L50|78/100\n|-fieldstart|move: Electric Terrain|[from] ability: Hadron Engine|[of] p2a: Miraidon\n|turn|11\n|\n|t:|1770444908\n|move|p2a: Miraidon|Electro Drift|p1b: Terapagos\n|-damage|p1b: Terapagos|11/100\n|move|p1b: Terapagos|Tera Starstorm|p2a: Miraidon|[spread] p2a,p2b\n|-supereffective|p2b: Calyrex\n|-damage|p2a: Miraidon|42/100\n|-damage|p2b: Calyrex|41/100\n|move|p2b: Calyrex|Glacial Lance|p1b: Terapagos\n|-damage|p1b: Terapagos|0 fnt\n|faint|p1b: Terapagos\n|detailschange|p1: Terapagos|Terapagos, L50, M|[silent]\n|\n|win|Unskilled99\n|raw|fogdocker's rating: 1444 &rarr; <strong>1429</strong><br />(-15 for losing)\n|raw|Unskilled99's rating: 1527 &rarr; <strong>1542</strong><br />(+15 for winning)\n|l|\u2606fogdocker\n|player|p1|\n|l|\u2606Unskilled99\n|player|p2|\n","uploadtime":1770445084,"views":29,"formatid":"gen9vgc2026regi","rating":1429,"private":0,"password":null}