{"id":"gen9vgc2026regi-2586806166","format":"[Gen 9] VGC 2026 Reg I","players":["Shagrathisbeast","orespawnmaster3"],"log":"|j|\u2606Shagrathisbeast\n|j|\u2606orespawnmaster3\n|t:|1776461412\n|gametype|doubles\n|player|p1|Shagrathisbeast|169|1599\n|player|p2|orespawnmaster3|skyla|1542\n|gen|9\n|tier|[Gen 9] VGC 2026 Reg I\n|rated|\n|rule|Species Clause: Limit one of each Pok\u00e9mon\n|rule|Item Clause: Limit 1 of each item\n|clearpoke\n|poke|p1|Terapagos, L50, M|\n|poke|p1|Clefairy, L50, F|\n|poke|p1|Ogerpon-Hearthflame, L50, F|\n|poke|p1|Calyrex-Shadow, L50|\n|poke|p1|Incineroar, L50, M|\n|poke|p1|Rillaboom, L50, F|\n|poke|p2|Calyrex-Ice, L50|\n|poke|p2|Koraidon, L50|\n|poke|p2|Flutter Mane, L50|\n|poke|p2|Amoonguss, L50, M|\n|poke|p2|Dragonite, L50, M|\n|poke|p2|Incineroar, L50, M|\n|teampreview|4\n|inactive|Battle timer is ON: inactive players will automatically lose when time's up. (requested by orespawnmaster3)\n|inactive|Shagrathisbeast has 60 seconds left.\n|inactive|orespawnmaster3 has 60 seconds left.\n|\n|t:|1776461463\n|teamsize|p1|4\n|teamsize|p2|4\n|start\n|switch|p1a: Terapagos|Terapagos, L50, M|100/100\n|switch|p1b: Calyrex|Calyrex-Shadow, L50|100/100\n|switch|p2a: Calyrex|Calyrex-Ice, L50|100/100\n|switch|p2b: Incineroar|Incineroar, L50, M|100/100\n|-activate|p1a: Terapagos|ability: Tera Shift\n|detailschange|p1a: Terapagos|Terapagos-Terastal, L50, M\n|-heal|p1a: Terapagos|100/100|[silent]\n|-ability|p1b: Calyrex|As One\n|-ability|p1b: Calyrex|Unnerve\n|-ability|p2a: Calyrex|As One\n|-ability|p2a: Calyrex|Unnerve\n|-ability|p2b: Incineroar|Intimidate|boost\n|-unboost|p1a: Terapagos|atk|1\n|-unboost|p1b: Calyrex|atk|1\n|turn|1\n|\n|t:|1776461487\n|switch|p1b: Incineroar|Incineroar, L50, M|100/100\n|-ability|p1b: Incineroar|Intimidate|boost\n|-unboost|p2a: Calyrex|atk|1\n|-unboost|p2b: Incineroar|atk|1\n|-terastallize|p2a: Calyrex|Water\n|move|p1a: Terapagos|Protect|p1a: Terapagos\n|-singleturn|p1a: Terapagos|Protect\n|move|p2b: Incineroar|Fake Out|p1a: Terapagos\n|-activate|p1a: Terapagos|move: Protect\n|move|p2a: Calyrex|Trick Room|p2a: Calyrex\n|-fieldstart|move: Trick Room|[of] p2a: Calyrex\n|\n|upkeep\n|turn|2\n|inactive|Shagrathisbeast has 30 seconds left.\n|\n|t:|1776461518\n|move|p1b: Incineroar|Fake Out|p2b: Incineroar\n|-damage|p2b: Incineroar|90/100\n|-damage|p1b: Incineroar|84/100|[from] item: Rocky Helmet|[of] p2b: Incineroar\n|move|p2a: Calyrex|Leech Seed|p1a: Terapagos\n|-start|p1a: Terapagos|move: Leech Seed\n|cant|p2b: Incineroar|flinch\n|move|p1a: Terapagos|Calm Mind|p1a: Terapagos\n|-boost|p1a: Terapagos|spa|1\n|-boost|p1a: Terapagos|spd|1\n|\n|-damage|p1a: Terapagos|88/100|[from] Leech Seed|[of] p2a: Calyrex\n|upkeep\n|turn|3\n|\n|t:|1776461535\n|move|p2a: Calyrex|Glacial Lance|p1b: Incineroar|[spread] p1a,p1b\n|-resisted|p1b: Incineroar\n|-damage|p1a: Terapagos|63/100\n|-damage|p1b: Incineroar|74/100\n|move|p2b: Incineroar|Parting Shot|p1a: Terapagos\n|-unboost|p1a: Terapagos|atk|1\n|-unboost|p1a: Terapagos|spa|1\n|\n|t:|1776461544\n|switch|p2b: Amoonguss|Amoonguss, L50, M|100/100|[from] Parting Shot\n|move|p1b: Incineroar|Parting Shot|p2a: Calyrex\n|-unboost|p2a: Calyrex|atk|1\n|-unboost|p2a: Calyrex|spa|1\n|\n|t:|1776461549\n|switch|p1b: Clefairy|Clefairy, L50, F, shiny|100/100|[from] Parting Shot\n|move|p1a: Terapagos|Calm Mind|p1a: Terapagos\n|-boost|p1a: Terapagos|spa|1\n|-boost|p1a: Terapagos|spd|1\n|\n|-heal|p1a: Terapagos|69/100|[from] item: Leftovers\n|-damage|p1a: Terapagos|57/100|[from] Leech Seed|[of] p2a: Calyrex\n|upkeep\n|turn|4\n|\n|t:|1776461563\n|switch|p2a: Incineroar|Incineroar, L50, M|90/100\n|-ability|p2a: Incineroar|Intimidate|boost\n|-unboost|p1a: Terapagos|atk|1\n|-unboost|p1b: Clefairy|atk|1\n|move|p1b: Clefairy|Protect|p1b: Clefairy\n|-singleturn|p1b: Clefairy|Protect\n|move|p1a: Terapagos|Protect|p1a: Terapagos\n|-singleturn|p1a: Terapagos|Protect\n|move|p2b: Amoonguss|Spore|p1a: Terapagos\n|-activate|p1a: Terapagos|move: Protect\n|\n|-heal|p1a: Terapagos|63/100|[from] item: Leftovers\n|-damage|p1a: Terapagos|51/100|[from] Leech Seed|[of] p2a: Incineroar\n|-heal|p2a: Incineroar|100/100|[silent]\n|upkeep\n|turn|5\n|\n|t:|1776461580\n|move|p1a: Terapagos|Protect|p1a: Terapagos\n|-singleturn|p1a: Terapagos|Protect\n|move|p2a: Incineroar|Fake Out|p1a: Terapagos\n|-activate|p1a: Terapagos|move: Protect\n|move|p1b: Clefairy|Follow Me|p1b: Clefairy\n|-singleturn|p1b: Clefairy|move: Follow Me\n|move|p2b: Amoonguss|Spore|p1b: Clefairy\n|-status|p1b: Clefairy|slp|[from] move: Spore\n|\n|-heal|p1a: Terapagos|57/100|[from] item: Leftovers\n|-damage|p1a: Terapagos|45/100|[from] Leech Seed|[of] p2a: Incineroar\n|-fieldend|move: Trick Room\n|upkeep\n|turn|6\n|\n|t:|1776461598\n|move|p1a: Terapagos|Earth Power|p2a: Incineroar\n|-supereffective|p2a: Incineroar\n|-damage|p2a: Incineroar|21/100\n|move|p2a: Incineroar|Parting Shot|p1a: Terapagos\n|-unboost|p1a: Terapagos|atk|1\n|-unboost|p1a: Terapagos|spa|1\n|\n|t:|1776461612\n|switch|p2a: Calyrex|Calyrex-Ice, L50, tera:Water|100/100|[from] Parting Shot\n|-ability|p2a: Calyrex|As One\n|-ability|p2a: Calyrex|Unnerve\n|cant|p1b: Clefairy|slp\n|move|p2b: Amoonguss|Spore|p1a: Terapagos\n|-status|p1a: Terapagos|slp|[from] move: Spore\n|\n|-heal|p1a: Terapagos|51/100 slp|[from] item: Leftovers\n|-damage|p1a: Terapagos|39/100 slp|[from] Leech Seed|[of] p2a: Calyrex\n|upkeep\n|turn|7\n|inactive|Shagrathisbeast has 30 seconds left.\n|inactive|Shagrathisbeast has 20 seconds left.\n|\n|t:|1776461647\n|switch|p1b: Incineroar|Incineroar, L50, M|74/100\n|-ability|p1b: Incineroar|Intimidate|boost\n|-unboost|p2a: Calyrex|atk|1\n|-unboost|p2b: Amoonguss|atk|1\n|-terastallize|p1a: Terapagos|Stellar\n|detailschange|p1a: Terapagos|Terapagos-Stellar, L50, M, tera:Stellar\n|-heal|p1a: Terapagos|54/100 slp|[silent]\n|cant|p1a: Terapagos|slp\n|move|p2b: Amoonguss|Spore|p1a: Terapagos\n|-fail|p1a: Terapagos|slp\n|move|p2a: Calyrex|Trick Room|p2a: Calyrex\n|-fieldstart|move: Trick Room|[of] p2a: Calyrex\n|\n|-heal|p1a: Terapagos|60/100 slp|[from] item: Leftovers\n|-damage|p1a: Terapagos|47/100 slp|[from] Leech Seed|[of] p2a: Calyrex\n|upkeep\n|turn|8\n|\n|t:|1776461665\n|move|p1b: Incineroar|Fake Out|p2b: Amoonguss\n|-damage|p2b: Amoonguss|90/100\n|cant|p2b: Amoonguss|flinch\n|move|p2a: Calyrex|Glacial Lance|p1b: Incineroar|[spread] p1a,p1b\n|-resisted|p1b: Incineroar\n|-damage|p1a: Terapagos|29/100 slp\n|-damage|p1b: Incineroar|62/100\n|cant|p1a: Terapagos|slp\n|\n|-heal|p1a: Terapagos|35/100 slp|[from] item: Leftovers\n|-damage|p1a: Terapagos|22/100 slp|[from] Leech Seed|[of] p2a: Calyrex\n|upkeep\n|turn|9\n|\n|t:|1776461676\n|switch|p1b: Clefairy|Clefairy, L50, F, shiny|100/100 slp\n|cant|p1a: Terapagos|slp\n|move|p2b: Amoonguss|Spore|p1b: Clefairy\n|-fail|p1b: Clefairy|slp\n|move|p2a: Calyrex|Glacial Lance|p1b: Clefairy|[spread] p1a,p1b\n|-damage|p1a: Terapagos|8/100 slp\n|-damage|p1b: Clefairy|77/100 slp\n|\n|-heal|p1a: Terapagos|14/100 slp|[from] item: Leftovers\n|-damage|p1a: Terapagos|2/100 slp|[from] Leech Seed|[of] p2a: Calyrex\n|upkeep\n|turn|10\n|\n|t:|1776461692\n|move|p2b: Amoonguss|Protect|p2b: Amoonguss\n|-singleturn|p2b: Amoonguss|Protect\n|-curestatus|p1a: Terapagos|slp|[msg]\n|move|p1a: Terapagos|Protect|p1a: Terapagos\n|-singleturn|p1a: Terapagos|Protect\n|cant|p1b: Clefairy|slp\n|move|p2a: Calyrex|Glacial Lance|p1a: Terapagos|[spread] p1b\n|-activate|p1a: Terapagos|move: Protect\n|-crit|p1b: Clefairy\n|-damage|p1b: Clefairy|24/100 slp\n|\n|-heal|p1a: Terapagos|8/100|[from] item: Leftovers\n|-damage|p1a: Terapagos|0 fnt|[from] Leech Seed|[of] p2a: Calyrex\n|faint|p1a: Terapagos\n|detailschange|p1: Terapagos|Terapagos, L50, M|[silent]\n|upkeep\n|\n|t:|1776461700\n|switch|p1a: Incineroar|Incineroar, L50, M|62/100\n|-ability|p1a: Incineroar|Intimidate|boost\n|-unboost|p2a: Calyrex|atk|1\n|-unboost|p2b: Amoonguss|atk|1\n|turn|11\n|\n|t:|1776461713\n|move|p1a: Incineroar|Fake Out|p2b: Amoonguss\n|-damage|p2b: Amoonguss|79/100\n|cant|p2b: Amoonguss|flinch\n|-curestatus|p1b: Clefairy|slp|[msg]\n|move|p1b: Clefairy|Life Dew|p1b: Clefairy|[spread] p1a,p1b\n|-heal|p1a: Incineroar|87/100\n|-heal|p1b: Clefairy|49/100\n|move|p2a: Calyrex|Leech Seed|p1a: Incineroar\n|-start|p1a: Incineroar|move: Leech Seed\n|\n|-damage|p1a: Incineroar|74/100|[from] Leech Seed|[of] p2a: Calyrex\n|-fieldend|move: Trick Room\n|upkeep\n|turn|12\n|inactive|Shagrathisbeast has 30 seconds left.\n|\n|t:|1776461744\n|switch|p2a: Incineroar|Incineroar, L50, M|21/100\n|-ability|p2a: Incineroar|Intimidate|boost\n|-unboost|p1a: Incineroar|atk|1\n|-unboost|p1b: Clefairy|atk|1\n|move|p1a: Incineroar|Taunt|p2a: Incineroar\n|-start|p2a: Incineroar|move: Taunt\n|move|p1b: Clefairy|Life Dew|p1b: Clefairy|[spread] p1a,p1b\n|-heal|p1a: Incineroar|99/100\n|-heal|p1b: Clefairy|73/100\n|move|p2b: Amoonguss|Spore|p1a: Incineroar\n|-status|p1a: Incineroar|slp|[from] move: Spore\n|\n|-damage|p1a: Incineroar|87/100 slp|[from] Leech Seed|[of] p2a: Incineroar\n|-heal|p2a: Incineroar|34/100|[silent]\n|upkeep\n|turn|13\n|\n|t:|1776461765\n|switch|p1a: Calyrex|Calyrex-Shadow, L50|100/100\n|-ability|p1a: Calyrex|As One\n|-ability|p1a: Calyrex|Unnerve\n|move|p1b: Clefairy|Follow Me|p1b: Clefairy\n|-singleturn|p1b: Clefairy|move: Follow Me\n|move|p2a: Incineroar|Knock Off|p1b: Clefairy\n|-resisted|p1b: Clefairy\n|-damage|p1b: Clefairy|55/100\n|-enditem|p1b: Clefairy|Eviolite|[from] move: Knock Off|[of] p2a: Incineroar\n|move|p2b: Amoonguss|Spore|p1b: Clefairy\n|-status|p1b: Clefairy|slp|[from] move: Spore\n|\n|upkeep\n|turn|14\n|\n|t:|1776461782\n|cant|p1b: Clefairy|slp\n|move|p2b: Amoonguss|Protect|p2b: Amoonguss\n|-singleturn|p2b: Amoonguss|Protect\n|move|p1a: Calyrex|Astral Barrage|p2b: Amoonguss|[spread] p2a\n|-activate|p2b: Amoonguss|move: Protect\n|-resisted|p2a: Incineroar\n|-damage|p2a: Incineroar|8/100\n|move|p2a: Incineroar|Knock Off|p1a: Calyrex\n|-supereffective|p1a: Calyrex\n|-enditem|p1a: Calyrex|Focus Sash\n|-damage|p1a: Calyrex|1/100\n|\n|-end|p2a: Incineroar|move: Taunt\n|upkeep\n|turn|15\n|inactive|orespawnmaster3 has 30 seconds left.\n|\n|t:|1776461813\n|move|p1a: Calyrex|Protect|p1a: Calyrex\n|-singleturn|p1a: Calyrex|Protect\n|move|p2a: Incineroar|Parting Shot|p1b: Clefairy\n|-unboost|p1b: Clefairy|atk|1\n|-unboost|p1b: Clefairy|spa|1\n|\n|t:|1776461822\n|switch|p2a: Calyrex|Calyrex-Ice, L50, tera:Water|100/100|[from] Parting Shot\n|-ability|p2a: Calyrex|As One\n|-ability|p2a: Calyrex|Unnerve\n|cant|p1b: Clefairy|slp\n|move|p2b: Amoonguss|Spore|p1a: Calyrex\n|-activate|p1a: Calyrex|move: Protect\n|\n|upkeep\n|turn|16\n|\n|t:|1776461846\n|switch|p1b: Incineroar|Incineroar, L50, M|87/100 slp\n|-ability|p1b: Incineroar|Intimidate|boost\n|-unboost|p2a: Calyrex|atk|1\n|-unboost|p2b: Amoonguss|atk|1\n|move|p2b: Amoonguss|Protect|p2b: Amoonguss\n|-singleturn|p2b: Amoonguss|Protect\n|move|p1a: Calyrex|Will-O-Wisp|p2a: Calyrex\n|-status|p2a: Calyrex|brn\n|move|p2a: Calyrex|Glacial Lance|p1a: Calyrex|[spread] p1a,p1b\n|-resisted|p1b: Incineroar\n|-damage|p1a: Calyrex|0 fnt\n|-damage|p1b: Incineroar|81/100 slp\n|faint|p1a: Calyrex\n|-ability|p2a: Calyrex|Chilling Neigh|boost\n|-boost|p2a: Calyrex|atk|1\n|\n|-damage|p2a: Calyrex|95/100 brn|[from] brn\n|upkeep\n|-message|Shagrathisbeast forfeited.\n|\n|win|orespawnmaster3\n|raw|Shagrathisbeast's rating: 1599 &rarr; <strong>1576</strong><br />(-23 for losing)\n|raw|orespawnmaster3's rating: 1542 &rarr; <strong>1565</strong><br />(+23 for winning)\n|l|\u2606orespawnmaster3\n|player|p2|\n|c|\u2606Shagrathisbeast|ggwp\n|l|\u2606Shagrathisbeast\n|player|p1|\n","uploadtime":1776462092,"views":18,"formatid":"gen9vgc2026regi","rating":1565,"private":0,"password":null}