{"id":"gen9vgc2026regi-2551946286","format":"[Gen 9] VGC 2026 Reg I","players":["TheFool42","j0l0k0"],"log":"|j|\u2606TheFool42\n|j|\u2606j0l0k0\n|t:|1772659022\n|gametype|doubles\n|player|p1|TheFool42|norman|1207\n|player|p2|j0l0k0|brycen|1473\n|gen|9\n|tier|[Gen 9] VGC 2026 Reg I\n|rated|\n|rule|Species Clause: Limit one of each Pok\u00e9mon\n|rule|Item Clause: Limit 1 of each item\n|clearpoke\n|poke|p1|Calyrex-Ice, L50|\n|poke|p1|Tornadus, L50, M|\n|poke|p1|Ogerpon-Cornerstone, L50, F|\n|poke|p1|Iron Valiant, L50|\n|poke|p1|Kyurem-Black, L50|\n|poke|p1|Grimmsnarl, L50, M|\n|poke|p2|Calyrex-Ice, L50|\n|poke|p2|Kyogre, L50|\n|poke|p2|Indeedee-F, L50, F|\n|poke|p2|Urshifu-*, L50, F|\n|poke|p2|Amoonguss, L50, F|\n|poke|p2|Landorus, L50, M|\n|teampreview|4\n|inactive|Battle timer is ON: inactive players will automatically lose when time's up. (requested by j0l0k0)\n|inactive|TheFool42 has 60 seconds left.\n|\n|t:|1772659057\n|teamsize|p1|4\n|teamsize|p2|4\n|start\n|switch|p1a: Tornadus|Tornadus, L50, M|100/100\n|switch|p1b: Kyurem|Kyurem-Black, L50|100/100\n|switch|p2a: Kyogre|Kyogre, L50, shiny|100/100\n|switch|p2b: Indeedee|Indeedee-F, L50, F, shiny|100/100\n|-ability|p1b: Kyurem|Teravolt\n|-fieldstart|move: Psychic Terrain|[from] ability: Psychic Surge|[of] p2b: Indeedee\n|-weather|RainDance|[from] ability: Drizzle|[of] p2a: Kyogre\n|turn|1\n|\n|t:|1772659080\n|move|p2b: Indeedee|Follow Me|p2b: Indeedee\n|-singleturn|p2b: Indeedee|move: Follow Me\n|move|p1a: Tornadus|Snowscape|p1a: Tornadus\n|-weather|Snowscape\n|move|p1b: Kyurem|Icicle Spear|p2b: Indeedee\n|-damage|p2b: Indeedee|83/100\n|-damage|p2b: Indeedee|63/100\n|-damage|p2b: Indeedee|43/100\n|-damage|p2b: Indeedee|24/100\n|-damage|p2b: Indeedee|7/100\n|-hitcount|p2b: Indeedee|5\n|move|p2a: Kyogre|Water Spout|p1a: Tornadus|[spread] p1a,p1b\n|-resisted|p1b: Kyurem\n|-damage|p1a: Tornadus|21/100\n|-damage|p1b: Kyurem|66/100\n|\n|-weather|Snowscape|[upkeep]\n|upkeep\n|turn|2\n|inactive|TheFool42 has 30 seconds left.\n|inactive|j0l0k0 has 30 seconds left.\n|inactive|j0l0k0 has 20 seconds left.\n|\n|t:|1772659116\n|move|p2b: Indeedee|Follow Me|p2b: Indeedee\n|-singleturn|p2b: Indeedee|move: Follow Me\n|move|p1a: Tornadus|Tailwind|p1a: Tornadus\n|-sidestart|p1: TheFool42|move: Tailwind\n|move|p1b: Kyurem|Fusion Bolt|p2b: Indeedee\n|-damage|p2b: Indeedee|0 fnt\n|faint|p2b: Indeedee\n|move|p2a: Kyogre|Ice Beam|p1b: Kyurem\n|-damage|p1b: Kyurem|28/100\n|\n|-weather|Snowscape|[upkeep]\n|upkeep\n|\n|t:|1772659130\n|switch|p2b: Calyrex|Calyrex-Ice, L50|100/100\n|-ability|p2b: Calyrex|As One\n|-ability|p2b: Calyrex|Unnerve\n|turn|3\n|\n|t:|1772659138\n|move|p1a: Tornadus|Taunt|p2b: Calyrex\n|-activate|p2b: Calyrex|move: Psychic Terrain\n|move|p1b: Kyurem|Fusion Bolt|p2a: Kyogre\n|-supereffective|p2a: Kyogre\n|-damage|p2a: Kyogre|22/100\n|move|p2a: Kyogre|Ice Beam|p1b: Kyurem\n|-damage|p1b: Kyurem|0 fnt\n|faint|p1b: Kyurem\n|move|p2b: Calyrex|Trick Room|p2b: Calyrex\n|-fieldstart|move: Trick Room|[of] p2b: Calyrex\n|\n|-weather|Snowscape|[upkeep]\n|upkeep\n|\n|t:|1772659148\n|switch|p1b: Calyrex|Calyrex-Ice, L50|100/100\n|-ability|p1b: Calyrex|As One\n|-ability|p1b: Calyrex|Unnerve\n|turn|4\n|inactive|TheFool42 has 30 seconds left.\n|\n|t:|1772659178\n|move|p2b: Calyrex|Glacial Lance|p1a: Tornadus|[spread] p1a,p1b\n|-supereffective|p1a: Tornadus\n|-resisted|p1b: Calyrex\n|-damage|p1a: Tornadus|0 fnt\n|-damage|p1b: Calyrex|86/100\n|faint|p1a: Tornadus\n|-ability|p2b: Calyrex|Chilling Neigh|boost\n|-boost|p2b: Calyrex|atk|1\n|move|p2a: Kyogre|Hydro Pump|p1b: Calyrex|[miss]\n|-miss|p2a: Kyogre|p1b: Calyrex\n|move|p1b: Calyrex|Zen Headbutt|p2a: Kyogre\n|-damage|p2a: Kyogre|0 fnt\n|faint|p2a: Kyogre\n|-ability|p1b: Calyrex|Chilling Neigh|boost\n|-boost|p1b: Calyrex|atk|1\n|\n|-weather|Snowscape|[upkeep]\n|upkeep\n|\n|t:|1772659192\n|switch|p2a: Urshifu|Urshifu, L50, F|100/100\n|switch|p1a: Iron Valiant|Iron Valiant, L50|100/100\n|-enditem|p1a: Iron Valiant|Booster Energy\n|-activate|p1a: Iron Valiant|ability: Quark Drive|[fromitem]\n|-start|p1a: Iron Valiant|quarkdrivespe\n|turn|5\n|\n|t:|1772659207\n|-terastallize|p1b: Calyrex|Fire\n|move|p2b: Calyrex|Crunch|p1b: Calyrex\n|-damage|p1b: Calyrex|50/100\n|-unboost|p1b: Calyrex|def|1\n|move|p2a: Urshifu|Wicked Blow|p1b: Calyrex\n|-crit|p1b: Calyrex\n|-damage|p1b: Calyrex|0 fnt\n|faint|p1b: Calyrex\n|move|p1a: Iron Valiant|Coaching|p1: Calyrex|[notarget]\n|-fail|p1a: Iron Valiant\n|\n|-weather|none\n|-sideend|p1: TheFool42|move: Tailwind\n|-fieldend|move: Psychic Terrain\n|upkeep\n|turn|6\n|-message|TheFool42 forfeited.\n|\n|win|j0l0k0\n|raw|TheFool42's rating: 1207 &rarr; <strong>1198</strong><br />(-9 for losing)\n|raw|j0l0k0's rating: 1473 &rarr; <strong>1480</strong><br />(+7 for winning)\n|l|\u2606TheFool42\n|player|p1|\n|l|\u2606j0l0k0\n|player|p2|\n","uploadtime":1772659372,"views":12,"formatid":"gen9vgc2026regi","rating":1198,"private":0,"password":null}