{"id":"gen9vgc2026regi-2577557248","format":"[Gen 9] VGC 2026 Reg I","players":["ppyyy","elbistani"],"log":"|j|\u2606ppyyy\n|j|\u2606elbistani\n|html|<table width=\"100%\"><tr><td align=\"left\">ppyyy</td><td align=\"right\">elbistani</tr><tr><td align=\"left\"><i class=\"fa fa-circle-o\"></i> <i class=\"fa fa-circle-o\"></i> </td><td align=\"right\"><i class=\"fa fa-circle-o\"></i> <i class=\"fa fa-circle-o\"></i> </tr></table>\n|uhtml|bestof|<h2><strong>Game 1</strong> of <a href=\"/game-bestof3-gen9vgc2026regi-2577557247\">a best-of-3</a></h2>\n|t:|1775585889\n|gametype|doubles\n|player|p1|ppyyy|elesa-gen5bw2|\n|player|p2|elbistani|richboy-gen4|\n|gen|9\n|tier|[Gen 9] VGC 2026 Reg I\n|rated|Tournament battle\n|rule|Species Clause: Limit one of each Pok\u00e9mon\n|rule|Item Clause: Limit 1 of each item\n|raw|<div class=\"infobox\"><details class=\"readmore\" open><summary><strong>4 custom rules:</strong></summary> Open Team Sheets, Force Open Team Sheets, !Open Team Sheets, Best of = 3</details></div>\n|clearpoke\n|poke|p1|Scream Tail, L50|\n|poke|p1|Rillaboom, L50, F|\n|poke|p1|Urshifu-*, L50, M|\n|poke|p1|Incineroar, L50, M|\n|poke|p1|Lunala, L50|\n|poke|p1|Zamazenta-*, L50|\n|poke|p2|Tornadus, L50, M|\n|poke|p2|Urshifu-*, L50, M|\n|poke|p2|Iron Crown, L50|\n|poke|p2|Indeedee-F, L50, F|\n|poke|p2|Ogerpon-Hearthflame, L50, F|\n|poke|p2|Regidrago, L50|\n|teampreview|4\n|showteam|p1|Scream Tail||BoosterEnergy|Protosynthesis|DazzlingGleam,Encore,Disable,Protect||||||50|,,,,,Dark]Rillaboom||AssaultVest|GrassySurge|FakeOut,WoodHammer,GrassyGlide,Uturn|||F|||50|,,,,,Fire]Urshifu-Rapid-Strike||FocusSash|UnseenFist|SurgingStrikes,AquaJet,Taunt,Detect|||M|||50|,,,,,Grass]Incineroar||CovertCloak|Intimidate|FakeOut,WillOWisp,KnockOff,PartingShot|||M|||50|,,,,,Bug]Lunala||Leftovers|ShadowShield|MoongeistBeam,Moonblast,CalmMind,Protect||||||50|,,,,,Fairy]Zamazenta-Crowned||RustedShield|DauntlessShield|BodyPress,HeavySlam,WideGuard,Protect||||||50|,,,,,Ghost\n|showteam|p2|Tornadus||FocusSash|Prankster|Protect,BleakwindStorm,Tailwind,RainDance|||M|||50|,,,,,Steel]Urshifu-Rapid-Strike||ChoiceScarf|UnseenFist|SurgingStrikes,CloseCombat,RockTomb,Uturn|||M|||50|,,,,,Water]Iron Crown||BoosterEnergy|QuarkDrive|TachyonCutter,ExpandingForce,TeraBlast,Protect||||||50|,,,,,Water]Indeedee-F||RockyHelmet|PsychicSurge|DazzlingGleam,FollowMe,HelpingHand,TrickRoom|||F|||50|,,,,,Fairy]Ogerpon-Hearthflame||HearthflameMask|MoldBreaker|IvyCudgel,WoodHammer,FollowMe,SpikyShield|||F|||50|,,,,,Fire]Regidrago||LifeOrb|DragonsMaw|DragonEnergy,DracoMeteor,EarthPower,Protect||||||50|,,,,,Steel\n|inactive|Battle timer is ON: inactive players will automatically lose when time's up. (requested by elbistani)\n|\n|t:|1775585926\n|teamsize|p1|4\n|teamsize|p2|4\n|start\n|switch|p1a: Lunala|Lunala, L50|100/100\n|switch|p1b: Rillaboom|Rillaboom, L50, F|100/100\n|switch|p2a: Tornadus|Tornadus, L50, M|100/100\n|switch|p2b: The Future|Iron Crown, L50|100/100\n|-fieldstart|move: Grassy Terrain|[from] ability: Grassy Surge|[of] p1b: Rillaboom\n|-enditem|p2b: The Future|Booster Energy\n|-activate|p2b: The Future|ability: Quark Drive|[fromitem]\n|-start|p2b: The Future|quarkdrivespa\n|turn|1\n|j| silverhaffling01\n|\n|t:|1775585949\n|switch|p2a: World Eater|Indeedee-F, L50, F|100/100\n|-fieldstart|move: Psychic Terrain|[from] ability: Psychic Surge|[of] p2a: World Eater\n|-terastallize|p2b: The Future|Water\n|move|p1b: Rillaboom|Fake Out|p2a: World Eater\n|-activate|p2a: World Eater|move: Psychic Terrain\n|move|p2b: The Future|Expanding Force|p1a: Lunala|[spread] p1a,p1b\n|-resisted|p1a: Lunala\n|-damage|p1a: Lunala|89/100\n|-damage|p1b: Rillaboom|55/100\n|move|p1a: Lunala|Calm Mind|p1a: Lunala\n|-boost|p1a: Lunala|spa|1\n|-boost|p1a: Lunala|spd|1\n|\n|-heal|p1a: Lunala|95/100|[from] item: Leftovers\n|upkeep\n|turn|2\n|\n|t:|1775585970\n|switch|p1b: Zamazenta|Zamazenta-Crowned, L50|100/100\n|-ability|p1b: Zamazenta|Dauntless Shield|boost\n|-boost|p1b: Zamazenta|def|1\n|move|p2a: World Eater|Helping Hand|p2b: The Future\n|-singleturn|p2b: The Future|Helping Hand|[of] p2a: World Eater\n|move|p1a: Lunala|Protect|p1a: Lunala\n|-singleturn|p1a: Lunala|Protect\n|move|p2b: The Future|Expanding Force|p1a: Lunala|[spread] p1b\n|-activate|p1a: Lunala|move: Protect\n|-damage|p1b: Zamazenta|26/100\n|\n|-heal|p1a: Lunala|100/100|[from] item: Leftovers\n|upkeep\n|turn|3\n|\n|t:|1775585988\n|move|p1b: Zamazenta|Protect|p1b: Zamazenta\n|-singleturn|p1b: Zamazenta|Protect\n|move|p2a: World Eater|Follow Me|p2a: World Eater\n|-singleturn|p2a: World Eater|move: Follow Me\n|move|p2b: The Future|Tera Blast|p1b: Zamazenta|[anim] Tera Blast Water\n|-activate|p1b: Zamazenta|move: Protect\n|move|p1a: Lunala|Calm Mind|p1a: Lunala\n|-boost|p1a: Lunala|spa|1\n|-boost|p1a: Lunala|spd|1\n|\n|upkeep\n|turn|4\n|\n|t:|1775585997\n|switch|p1b: Rillaboom|Rillaboom, L50, F|55/100\n|-fieldstart|move: Grassy Terrain|[from] ability: Grassy Surge|[of] p1b: Rillaboom\n|move|p2a: World Eater|Follow Me|p2a: World Eater\n|-singleturn|p2a: World Eater|move: Follow Me\n|move|p2b: The Future|Expanding Force|p1b: Rillaboom\n|-damage|p1b: Rillaboom|25/100\n|move|p1a: Lunala|Calm Mind|p1a: Lunala\n|-boost|p1a: Lunala|spa|1\n|-boost|p1a: Lunala|spd|1\n|\n|-heal|p1b: Rillaboom|31/100|[from] Grassy Terrain\n|upkeep\n|turn|5\n|\n|t:|1775586017\n|move|p2b: The Future|Protect|p2b: The Future\n|-singleturn|p2b: The Future|Protect\n|move|p1b: Rillaboom|Fake Out|p2b: The Future\n|-activate|p2b: The Future|move: Protect\n|move|p1a: Lunala|Moonblast|p2a: World Eater\n|-damage|p2a: World Eater|19/100\n|-unboost|p2a: World Eater|spa|1\n|move|p2a: World Eater|Dazzling Gleam|p1b: Rillaboom|[spread] p1a,p1b\n|-damage|p1a: Lunala|99/100\n|-damage|p1b: Rillaboom|25/100\n|\n|-heal|p1a: Lunala|100/100|[from] Grassy Terrain\n|-heal|p1b: Rillaboom|31/100|[from] Grassy Terrain\n|-heal|p2a: World Eater|25/100|[from] Grassy Terrain\n|upkeep\n|turn|6\n|\n|t:|1775586042\n|switch|p1b: Zamazenta|Zamazenta-Crowned, L50|26/100\n|move|p2a: World Eater|Follow Me|p2a: World Eater\n|-singleturn|p2a: World Eater|move: Follow Me\n|move|p2b: The Future|Tachyon Cutter|p1b: Zamazenta\n|-resisted|p1b: Zamazenta\n|-damage|p1b: Zamazenta|15/100\n|-resisted|p1b: Zamazenta\n|-damage|p1b: Zamazenta|3/100\n|-hitcount|p1b: Zamazenta|2\n|move|p1a: Lunala|Moonblast|p2a: World Eater\n|-damage|p2a: World Eater|0 fnt\n|faint|p2a: World Eater\n|\n|-heal|p1b: Zamazenta|9/100|[from] Grassy Terrain\n|upkeep\n|\n|t:|1775586052\n|switch|p2a: Tornadus|Tornadus, L50, M|100/100\n|turn|7\n|\n|t:|1775586073\n|move|p1b: Zamazenta|Protect|p1b: Zamazenta\n|-singleturn|p1b: Zamazenta|Protect\n|move|p2a: Tornadus|Tailwind|p2a: Tornadus\n|-sidestart|p2: elbistani|move: Tailwind\n|move|p2b: The Future|Tachyon Cutter|p1a: Lunala\n|-damage|p1a: Lunala|96/100\n|-damage|p1a: Lunala|88/100\n|-hitcount|p1a: Lunala|2\n|move|p1a: Lunala|Moongeist Beam|p2b: The Future\n|-damage|p2b: The Future|0 fnt\n|faint|p2b: The Future\n|-end|p2b: The Future|Quark Drive|[silent]\n|\n|-heal|p1b: Zamazenta|15/100|[from] Grassy Terrain\n|-heal|p1a: Lunala|94/100|[from] Grassy Terrain\n|-heal|p1a: Lunala|100/100|[from] item: Leftovers\n|upkeep\n|\n|t:|1775586084\n|switch|p2b: Urshifu|Urshifu-Rapid-Strike, L50, M|100/100\n|turn|8\n|\n|t:|1775586089\n|move|p1b: Zamazenta|Wide Guard|p1b: Zamazenta\n|-singleturn|p1b: Zamazenta|Wide Guard\n|move|p2b: Urshifu|Surging Strikes|p1a: Lunala\n|-crit|p1a: Lunala\n|-damage|p1a: Lunala|93/100\n|-crit|p1a: Lunala\n|-damage|p1a: Lunala|76/100\n|-crit|p1a: Lunala\n|-damage|p1a: Lunala|58/100\n|-hitcount|p1a: Lunala|3\n|move|p2a: Tornadus|Bleakwind Storm|p1a: Lunala|[spread] \n|-activate|p1a: Lunala|move: Wide Guard\n|-activate|p1b: Zamazenta|move: Wide Guard\n|move|p1a: Lunala|Moongeist Beam|p2b: Urshifu\n|-damage|p2b: Urshifu|0 fnt\n|faint|p2b: Urshifu\n|\n|-heal|p1b: Zamazenta|21/100|[from] Grassy Terrain\n|-heal|p1a: Lunala|64/100|[from] Grassy Terrain\n|-heal|p1a: Lunala|70/100|[from] item: Leftovers\n|-fieldend|move: Grassy Terrain\n|upkeep\n|turn|9\n|-message|elbistani forfeited.\n|\n|win|ppyyy\n|l|\u2606elbistani\n|player|p2|\n|inactive|ppyyy has 30 seconds to confirm battle start!\n|inactive|elbistani has 30 seconds to confirm battle start!\n||ppyyy is ready for game 2.\n|inactive|elbistani has 20 seconds to confirm battle start!\n|inactive|elbistani has 10 seconds to confirm battle start!\n|inactive|elbistani has 0 seconds to confirm battle start!\n|uhtml|next|Next: <a href=\"/battle-gen9vgc2026regi-2577560663\"><strong>Game 2 of 3</strong></a>\n|l| silverhaffling01\n","uploadtime":1775586109,"views":7,"formatid":"gen9vgc2026regi","rating":null,"private":0,"password":null}