{"id":"gen9vgc2026regi-2537126573","format":"[Gen 9] VGC 2026 Reg I","players":["Round fell","yubanmeiqin"],"log":"|j|\u2606Round fell\n|j|\u2606yubanmeiqin\n|t:|1770768984\n|gametype|doubles\n|player|p1|Round fell|170|1311\n|player|p2|yubanmeiqin|iono-masters|1416\n|gen|9\n|tier|[Gen 9] VGC 2026 Reg I\n|rated|\n|rule|Species Clause: Limit one of each Pok\u00e9mon\n|rule|Item Clause: Limit 1 of each item\n|clearpoke\n|poke|p1|Wo-Chien, L50|\n|poke|p1|Ting-Lu, L50|\n|poke|p1|Rayquaza, L50|\n|poke|p1|Rotom-Mow, L50|\n|poke|p1|Miraidon, L50|\n|poke|p1|Incineroar, L50, F|\n|poke|p2|Miraidon, L50|\n|poke|p2|Kyogre, L50|\n|poke|p2|Whimsicott, L50, F|\n|poke|p2|Iron Hands, L50|\n|poke|p2|Farigiraf, L50, M|\n|poke|p2|Urshifu-*, L50, F|\n|teampreview|4\n|inactive|Battle timer is ON: inactive players will automatically lose when time's up. (requested by Round fell)\n|\n|t:|1770769012\n|teamsize|p1|4\n|teamsize|p2|4\n|start\n|switch|p1a: Miraidon|Miraidon, L50|100/100\n|switch|p1b: Incineroar|Incineroar, L50, F|100/100\n|switch|p2a: \u7d2b\u8272\u5fc3\u60c5|Miraidon, L50, shiny|100/100\n|switch|p2b: \u5996\u820d\u7cbe\u62c9|Whimsicott, L50, F, shiny|100/100\n|-fieldstart|move: Electric Terrain|[from] ability: Hadron Engine|[of] p2a: \u7d2b\u8272\u5fc3\u60c5\n|-activate|p1a: Miraidon|ability: Hadron Engine\n|-ability|p1b: Incineroar|Intimidate|boost\n|-unboost|p2a: \u7d2b\u8272\u5fc3\u60c5|atk|1\n|-unboost|p2b: \u5996\u820d\u7cbe\u62c9|atk|1\n|turn|1\n|\n|t:|1770769026\n|move|p2a: \u7d2b\u8272\u5fc3\u60c5|Protect|p2a: \u7d2b\u8272\u5fc3\u60c5\n|-singleturn|p2a: \u7d2b\u8272\u5fc3\u60c5|Protect\n|move|p1b: Incineroar|Fake Out|p2a: \u7d2b\u8272\u5fc3\u60c5\n|-activate|p2a: \u7d2b\u8272\u5fc3\u60c5|move: Protect\n|move|p2b: \u5996\u820d\u7cbe\u62c9|Tailwind|p2b: \u5996\u820d\u7cbe\u62c9\n|-sidestart|p2: yubanmeiqin|move: Tailwind\n|move|p1a: Miraidon|Dragon Pulse|p2a: \u7d2b\u8272\u5fc3\u60c5\n|-activate|p2a: \u7d2b\u8272\u5fc3\u60c5|move: Protect\n|\n|upkeep\n|turn|2\n|\n|t:|1770769039\n|-terastallize|p2a: \u7d2b\u8272\u5fc3\u60c5|Fairy\n|-terastallize|p1a: Miraidon|Electric\n|move|p2b: \u5996\u820d\u7cbe\u62c9|Moonblast|p1a: Miraidon\n|-damage|p1a: Miraidon|73/100\n|move|p2a: \u7d2b\u8272\u5fc3\u60c5|Dazzling Gleam|p1a: Miraidon|[spread] p1a,p1b\n|-damage|p1a: Miraidon|29/100\n|-damage|p1b: Incineroar|44/100\n|-damage|p2a: \u7d2b\u8272\u5fc3\u60c5|91/100|[from] item: Life Orb\n|move|p1a: Miraidon|Dragon Pulse|p2a: \u7d2b\u8272\u5fc3\u60c5\n|-immune|p2a: \u7d2b\u8272\u5fc3\u60c5\n|move|p1b: Incineroar|Parting Shot|p2a: \u7d2b\u8272\u5fc3\u60c5\n|-unboost|p2a: \u7d2b\u8272\u5fc3\u60c5|atk|1\n|-unboost|p2a: \u7d2b\u8272\u5fc3\u60c5|spa|1\n|\n|t:|1770769046\n|switch|p1b: Rayquaza|Rayquaza, L50|100/100|[from] Parting Shot\n|-ability|p1b: Rayquaza|Air Lock\n|\n|upkeep\n|turn|3\n|\n|t:|1770769063\n|move|p1b: Rayquaza|Extreme Speed|p2a: \u7d2b\u8272\u5fc3\u60c5\n|-damage|p2a: \u7d2b\u8272\u5fc3\u60c5|59/100\n|move|p2b: \u5996\u820d\u7cbe\u62c9|Moonblast|p1b: Rayquaza\n|-supereffective|p1b: Rayquaza\n|-damage|p1b: Rayquaza|24/100\n|move|p2a: \u7d2b\u8272\u5fc3\u60c5|Dazzling Gleam|p1a: Miraidon|[spread] p1a,p1b\n|-supereffective|p1b: Rayquaza\n|-damage|p1a: Miraidon|2/100\n|-damage|p1b: Rayquaza|0 fnt\n|faint|p1b: Rayquaza\n|-damage|p2a: \u7d2b\u8272\u5fc3\u60c5|49/100|[from] item: Life Orb\n|move|p1a: Miraidon|Calm Mind|p1a: Miraidon\n|-boost|p1a: Miraidon|spa|1\n|-boost|p1a: Miraidon|spd|1\n|\n|upkeep\n|\n|t:|1770769070\n|switch|p1b: Incineroar|Incineroar, L50, F|44/100\n|-ability|p1b: Incineroar|Intimidate|boost\n|-unboost|p2a: \u7d2b\u8272\u5fc3\u60c5|atk|1\n|-unboost|p2b: \u5996\u820d\u7cbe\u62c9|atk|1\n|turn|4\n|\n|t:|1770769077\n|move|p1a: Miraidon|Protect|p1a: Miraidon\n|-singleturn|p1a: Miraidon|Protect\n|move|p2b: \u5996\u820d\u7cbe\u62c9|Moonblast|p1a: Miraidon\n|-activate|p1a: Miraidon|move: Protect\n|move|p2a: \u7d2b\u8272\u5fc3\u60c5|Dazzling Gleam|p1a: Miraidon|[spread] p1b\n|-activate|p1a: Miraidon|move: Protect\n|-damage|p1b: Incineroar|7/100\n|-damage|p2a: \u7d2b\u8272\u5fc3\u60c5|39/100|[from] item: Life Orb\n|move|p1b: Incineroar|Flare Blitz|p2b: \u5996\u820d\u7cbe\u62c9\n|-supereffective|p2b: \u5996\u820d\u7cbe\u62c9\n|-enditem|p2b: \u5996\u820d\u7cbe\u62c9|Focus Sash\n|-damage|p2b: \u5996\u820d\u7cbe\u62c9|1/100\n|-damage|p1b: Incineroar|0 fnt|[from] Recoil\n|faint|p1b: Incineroar\n|\n|-sideend|p2: yubanmeiqin|move: Tailwind\n|upkeep\n|\n|t:|1770769086\n|switch|p1b: Rotom|Rotom-Mow, L50|100/100\n|turn|5\n|\n|t:|1770769099\n|move|p2b: \u5996\u820d\u7cbe\u62c9|Tailwind|p2b: \u5996\u820d\u7cbe\u62c9\n|-sidestart|p2: yubanmeiqin|move: Tailwind\n|move|p2a: \u7d2b\u8272\u5fc3\u60c5|Dazzling Gleam|p1a: Miraidon|[spread] p1a,p1b\n|-damage|p1a: Miraidon|0 fnt\n|-damage|p1b: Rotom|47/100\n|faint|p1a: Miraidon\n|-damage|p2a: \u7d2b\u8272\u5fc3\u60c5|29/100|[from] item: Life Orb\n|move|p1b: Rotom|Leaf Storm|p2a: \u7d2b\u8272\u5fc3\u60c5\n|-damage|p2a: \u7d2b\u8272\u5fc3\u60c5|0 fnt\n|-unboost|p1b: Rotom|spa|2\n|faint|p2a: \u7d2b\u8272\u5fc3\u60c5\n|\n|-fieldend|move: Electric Terrain\n|upkeep\n|\n|t:|1770769103\n|switch|p2a: \u4e94\u5bfc\u718a\u6e7f|Urshifu, L50, F|100/100\n|turn|6\n|\n|t:|1770769106\n|move|p2b: \u5996\u820d\u7cbe\u62c9|Moonblast|p1b: Rotom\n|-damage|p1b: Rotom|0 fnt\n|faint|p1b: Rotom\n|\n|win|yubanmeiqin\n|raw|Round fell's rating: 1311 &rarr; <strong>1297</strong><br />(-14 for losing)\n|raw|yubanmeiqin's rating: 1416 &rarr; <strong>1430</strong><br />(+14 for winning)\n|l|\u2606Round fell\n|player|p1|\n|l|\u2606yubanmeiqin\n|player|p2|\n","uploadtime":1770769328,"views":21,"formatid":"gen9vgc2026regi","rating":1297,"private":0,"password":null}