{"id":"gen9vgc2026regi-2565902938","format":"[Gen 9] VGC 2026 Reg I","players":["moggyoh","TheAndUrgeTheUrge"],"log":"|j|\u2606moggyoh\n|j|\u2606TheAndUrgeTheUrge\n|t:|1774316050\n|gametype|doubles\n|player|p1|moggyoh|ethan|1425\n|player|p2|TheAndUrgeTheUrge|265|1546\n|gen|9\n|tier|[Gen 9] VGC 2026 Reg I\n|rated|\n|rule|Species Clause: Limit one of each Pok\u00e9mon\n|rule|Item Clause: Limit 1 of each item\n|clearpoke\n|poke|p1|Incineroar, L50, M|\n|poke|p1|Rillaboom, L50, M|\n|poke|p1|Miraidon, L50|\n|poke|p1|Grimmsnarl, L50, M|\n|poke|p1|Ogerpon-Wellspring, L50, F|\n|poke|p1|Lunala, L50|\n|poke|p2|Zamazenta-*, L50|\n|poke|p2|Rillaboom, L50, M|\n|poke|p2|Incineroar, L50, M|\n|poke|p2|Chien-Pao, L50|\n|poke|p2|Kyogre, L50|\n|poke|p2|Flutter Mane, L50|\n|teampreview|4\n|\n|t:|1774316098\n|teamsize|p1|4\n|teamsize|p2|4\n|start\n|switch|p1a: Liger Zero|Incineroar, L50, M, shiny|100/100\n|switch|p1b: Miraidon|Miraidon, L50, shiny|100/100\n|switch|p2a: Zamazenta|Zamazenta-Crowned, L50, shiny|100/100\n|switch|p2b: Rillaboom|Rillaboom, L50, M, shiny|100/100\n|-fieldstart|move: Electric Terrain|[from] ability: Hadron Engine|[of] p1b: Miraidon\n|-ability|p2a: Zamazenta|Dauntless Shield|boost\n|-boost|p2a: Zamazenta|def|1\n|-fieldstart|move: Grassy Terrain|[from] ability: Grassy Surge|[of] p2b: Rillaboom\n|-ability|p1a: Liger Zero|Intimidate|boost\n|-unboost|p2a: Zamazenta|atk|1\n|-unboost|p2b: Rillaboom|atk|1\n|turn|1\n|\n|t:|1774316128\n|switch|p1b: Marceline|Lunala, L50, shiny|100/100\n|-terastallize|p1a: Liger Zero|Bug\n|move|p2b: Rillaboom|Fake Out|p1a: Liger Zero\n|-damage|p1a: Liger Zero|93/100\n|-damage|p2b: Rillaboom|84/100|[from] item: Rocky Helmet|[of] p1a: Liger Zero\n|move|p2a: Zamazenta|Iron Defense|p2a: Zamazenta\n|-boost|p2a: Zamazenta|def|2\n|cant|p1a: Liger Zero|flinch\n|\n|-heal|p2b: Rillaboom|90/100|[from] Grassy Terrain\n|-heal|p1a: Liger Zero|99/100|[from] Grassy Terrain\n|upkeep\n|turn|2\n|\n|t:|1774316149\n|switch|p2b: Incineroar|Incineroar, L50, M, shiny|100/100\n|-ability|p2b: Incineroar|Intimidate|boost\n|-unboost|p1a: Liger Zero|atk|1\n|-unboost|p1b: Marceline|atk|1\n|move|p2a: Zamazenta|Protect|p2a: Zamazenta\n|-singleturn|p2a: Zamazenta|Protect\n|move|p1b: Marceline|Calm Mind|p1b: Marceline\n|-boost|p1b: Marceline|spa|1\n|-boost|p1b: Marceline|spd|1\n|move|p1a: Liger Zero|Will-O-Wisp|p2a: Zamazenta\n|-activate|p2a: Zamazenta|move: Protect\n|\n|-heal|p1a: Liger Zero|100/100|[from] Grassy Terrain\n|upkeep\n|turn|3\n|\n|t:|1774316169\n|switch|p1a: Pon Pon Wayx3|Ogerpon-Wellspring, L50, F|100/100\n|move|p1b: Marceline|Protect|p1b: Marceline\n|-singleturn|p1b: Marceline|Protect\n|move|p2a: Zamazenta|Heavy Slam|p1b: Marceline\n|-activate|p1b: Marceline|move: Protect\n|move|p2b: Incineroar|Knock Off|p1b: Marceline\n|-activate|p1b: Marceline|move: Protect\n|\n|upkeep\n|turn|4\n|\n|t:|1774316197\n|-terastallize|p2b: Incineroar|Bug\n|move|p2a: Zamazenta|Body Press|p1a: Pon Pon Wayx3\n|-damage|p1a: Pon Pon Wayx3|0 fnt\n|faint|p1a: Pon Pon Wayx3\n|move|p1b: Marceline|Moonblast|p2b: Incineroar\n|-damage|p2b: Incineroar|62/100\n|move|p2b: Incineroar|Parting Shot|p1b: Marceline\n|-unboost|p1b: Marceline|atk|1\n|-unboost|p1b: Marceline|spa|1\n|\n|t:|1774316207\n|switch|p2b: Chien-Pao|Chien-Pao, L50, shiny|100/100|[from] Parting Shot\n|-ability|p2b: Chien-Pao|Sword of Ruin\n|\n|upkeep\n|\n|t:|1774316215\n|switch|p1a: Miraidon|Miraidon, L50, shiny|100/100\n|-fieldstart|move: Electric Terrain|[from] ability: Hadron Engine|[of] p1a: Miraidon\n|turn|5\n|\n|t:|1774316243\n|move|p2a: Zamazenta|Protect|p2a: Zamazenta\n|-singleturn|p2a: Zamazenta|Protect\n|move|p1a: Miraidon|Volt Switch|p2b: Chien-Pao\n|-enditem|p2b: Chien-Pao|Focus Sash\n|-damage|p2b: Chien-Pao|1/100\n|\n|t:|1774316249\n|switch|p1a: Liger Zero|Incineroar, L50, M, shiny, tera:Bug|100/100|[from] Volt Switch\n|-ability|p1a: Liger Zero|Intimidate|boost\n|-unboost|p2a: Zamazenta|atk|1\n|-unboost|p2b: Chien-Pao|atk|1\n|move|p2b: Chien-Pao|Icicle Crash|p1a: Liger Zero\n|-damage|p1a: Liger Zero|72/100\n|move|p1b: Marceline|Moonblast|p2b: Chien-Pao\n|-supereffective|p2b: Chien-Pao\n|-damage|p2b: Chien-Pao|0 fnt\n|faint|p2b: Chien-Pao\n|\n|upkeep\n|\n|t:|1774316265\n|switch|p2b: Rillaboom|Rillaboom, L50, M, shiny|90/100\n|-fieldstart|move: Grassy Terrain|[from] ability: Grassy Surge|[of] p2b: Rillaboom\n|turn|6\n|\n|t:|1774316291\n|move|p2a: Zamazenta|Iron Defense|p2a: Zamazenta\n|-boost|p2a: Zamazenta|def|2\n|move|p1b: Marceline|Calm Mind|p1b: Marceline\n|-boost|p1b: Marceline|spa|1\n|-boost|p1b: Marceline|spd|1\n|move|p2b: Rillaboom|U-turn|p1a: Liger Zero\n|-damage|p1a: Liger Zero|53/100\n|-damage|p2b: Rillaboom|73/100|[from] item: Rocky Helmet|[of] p1a: Liger Zero\n|\n|t:|1774316298\n|switch|p2b: Incineroar|Incineroar, L50, M, shiny, tera:Bug|62/100|[from] U-turn\n|-ability|p2b: Incineroar|Intimidate|boost\n|-unboost|p1a: Liger Zero|atk|1\n|-unboost|p1b: Marceline|atk|1\n|move|p1a: Liger Zero|Will-O-Wisp|p2a: Zamazenta|[miss]\n|-miss|p1a: Liger Zero|p2a: Zamazenta\n|\n|-heal|p1a: Liger Zero|59/100|[from] Grassy Terrain\n|-heal|p2b: Incineroar|68/100|[from] Grassy Terrain\n|upkeep\n|turn|7\n|\n|t:|1774316324\n|switch|p1a: Miraidon|Miraidon, L50, shiny|100/100\n|-fieldstart|move: Electric Terrain|[from] ability: Hadron Engine|[of] p1a: Miraidon\n|move|p2a: Zamazenta|Protect|p2a: Zamazenta\n|-singleturn|p2a: Zamazenta|Protect\n|move|p1b: Marceline|Moongeist Beam|p2b: Incineroar\n|-damage|p2b: Incineroar|7/100\n|move|p2b: Incineroar|Knock Off|p1a: Miraidon\n|-damage|p1a: Miraidon|67/100\n|-enditem|p1a: Miraidon|Choice Scarf|[from] move: Knock Off|[of] p2b: Incineroar\n|\n|upkeep\n|turn|8\n|\n|t:|1774316359\n|switch|p2b: Rillaboom|Rillaboom, L50, M, shiny|73/100\n|-fieldstart|move: Grassy Terrain|[from] ability: Grassy Surge|[of] p2b: Rillaboom\n|move|p1a: Miraidon|Volt Switch|p2b: Rillaboom\n|-resisted|p2b: Rillaboom\n|-damage|p2b: Rillaboom|60/100\n|\n|t:|1774316366\n|switch|p1a: Liger Zero|Incineroar, L50, M, shiny, tera:Bug|59/100|[from] Volt Switch\n|-ability|p1a: Liger Zero|Intimidate|boost\n|-unboost|p2a: Zamazenta|atk|1\n|-unboost|p2b: Rillaboom|atk|1\n|move|p2a: Zamazenta|Body Press|p1a: Liger Zero\n|-resisted|p1a: Liger Zero\n|-damage|p1a: Liger Zero|0 fnt\n|-damage|p2a: Zamazenta|84/100|[from] item: Rocky Helmet|[of] p1a: Liger Zero\n|faint|p1a: Liger Zero\n|move|p1b: Marceline|Calm Mind|p1b: Marceline\n|-boost|p1b: Marceline|spa|1\n|-boost|p1b: Marceline|spd|1\n|\n|-heal|p2a: Zamazenta|90/100|[from] Grassy Terrain\n|-heal|p2b: Rillaboom|66/100|[from] Grassy Terrain\n|upkeep\n|\n|t:|1774316382\n|switch|p1a: Miraidon|Miraidon, L50, shiny|67/100\n|-fieldstart|move: Electric Terrain|[from] ability: Hadron Engine|[of] p1a: Miraidon\n|turn|9\n|\n|t:|1774316396\n|move|p2b: Rillaboom|Fake Out|p1a: Miraidon\n|-damage|p1a: Miraidon|58/100\n|cant|p1a: Miraidon|flinch\n|move|p2a: Zamazenta|Body Press|p1a: Miraidon\n|-damage|p1a: Miraidon|0 fnt\n|faint|p1a: Miraidon\n|move|p1b: Marceline|Moongeist Beam|p2b: Rillaboom\n|-damage|p2b: Rillaboom|0 fnt\n|faint|p2b: Rillaboom\n|\n|upkeep\n|\n|t:|1774316408\n|switch|p2b: Incineroar|Incineroar, L50, M, shiny, tera:Bug|7/100\n|-ability|p2b: Incineroar|Intimidate|boost\n|-unboost|p1b: Marceline|atk|1\n|turn|10\n|\n|t:|1774316417\n|move|p2a: Zamazenta|Heavy Slam|p1b: Marceline\n|-damage|p1b: Marceline|94/100\n|move|p1b: Marceline|Moongeist Beam|p2b: Incineroar\n|-damage|p2b: Incineroar|0 fnt\n|faint|p2b: Incineroar\n|\n|-heal|p1b: Marceline|99/100|[from] item: Leftovers\n|upkeep\n|turn|11\n|-message|TheAndUrgeTheUrge forfeited.\n|\n|win|moggyoh\n|raw|moggyoh's rating: 1425 &rarr; <strong>1452</strong><br />(+27 for winning)\n|raw|TheAndUrgeTheUrge's rating: 1546 &rarr; <strong>1519</strong><br />(-27 for losing)\n|l|\u2606TheAndUrgeTheUrge\n|player|p2|\n","uploadtime":1774316444,"views":19,"formatid":"gen9vgc2026regi","rating":1452,"private":0,"password":null}