{"id":"gen9vgc2026regi-2552309798","format":"[Gen 9] VGC 2026 Reg I","players":["Freecko99","Harshal21"],"log":"|j|\u2606Freecko99\n|j|\u2606Harshal21\n|t:|1772706148\n|gametype|doubles\n|player|p1|Freecko99|ethan|1169\n|player|p2|Harshal21|265|1105\n|gen|9\n|tier|[Gen 9] VGC 2026 Reg I\n|rated|\n|rule|Species Clause: Limit one of each Pok\u00e9mon\n|rule|Item Clause: Limit 1 of each item\n|clearpoke\n|poke|p1|Miraidon, L50|\n|poke|p1|Whimsicott, L50, F|\n|poke|p1|Ogerpon-Cornerstone, L50, F|\n|poke|p1|Farigiraf, L50, F|\n|poke|p1|Iron Hands, L50|\n|poke|p1|Ho-Oh, L50|\n|poke|p2|Calyrex-Shadow, L50|\n|poke|p2|Miraidon, L50|\n|poke|p2|Ditto, L50|\n|poke|p2|Great Tusk, L50|\n|poke|p2|Gholdengo, L50|\n|poke|p2|Dragonite, L50, M|\n|teampreview|4\n|inactive|Battle timer is ON: inactive players will automatically lose when time's up. (requested by Freecko99)\n|inactive|Harshal21 has 60 seconds left.\n|\n|t:|1772706192\n|teamsize|p1|4\n|teamsize|p2|4\n|start\n|switch|p1a: Whimsicott|Whimsicott, L50, F|100/100\n|switch|p1b: Miraidon|Miraidon, L50|100/100\n|switch|p2a: Miraidon|Miraidon, L50|100/100\n|switch|p2b: Ditto|Ditto, L50|100/100\n|-fieldstart|move: Electric Terrain|[from] ability: Hadron Engine|[of] p2a: Miraidon\n|-activate|p1b: Miraidon|ability: Hadron Engine\n|-transform|p2b: Ditto|p1a: Whimsicott|[from] ability: Imposter\n|turn|1\n|inactive|Freecko99 has 30 seconds left.\n|\n|t:|1772706223\n|-terastallize|p2a: Miraidon|Fairy\n|move|p1a: Whimsicott|Light Screen|p1a: Whimsicott\n|-sidestart|p1: Freecko99|move: Light Screen\n|move|p2b: Ditto|Tailwind|p2b: Ditto\n|-sidestart|p2: Harshal21|move: Tailwind\n|move|p2a: Miraidon|Dazzling Gleam|p1a: Whimsicott|[spread] p1a,p1b\n|-supereffective|p1b: Miraidon\n|-damage|p1a: Whimsicott|57/100\n|-damage|p1b: Miraidon|31/100\n|-damage|p2a: Miraidon|91/100|[from] item: Life Orb\n|move|p1b: Miraidon|Electro Drift|p2a: Miraidon\n|-damage|p2a: Miraidon|0 fnt\n|faint|p2a: Miraidon\n|\n|upkeep\n|\n|t:|1772706238\n|switch|p2a: Calyrex|Calyrex-Shadow, L50|100/100\n|-ability|p2a: Calyrex|As One\n|-ability|p2a: Calyrex|Unnerve\n|turn|2\n|inactive|Freecko99 has 30 seconds left.\n|inactive|Freecko99 has 20 seconds left.\n|\n|t:|1772706276\n|switch|p1b: Ho-Oh|Ho-Oh, L50|100/100\n|-terastallize|p1a: Whimsicott|Dark\n|move|p2b: Ditto|Light Screen|p2b: Ditto\n|-sidestart|p2: Harshal21|move: Light Screen\n|move|p1a: Whimsicott|Tailwind|p1a: Whimsicott\n|-sidestart|p1: Freecko99|move: Tailwind\n|move|p2a: Calyrex|Astral Barrage|p1a: Whimsicott|[spread] p1a,p1b\n|-resisted|p1a: Whimsicott\n|-damage|p1a: Whimsicott|39/100\n|-damage|p1b: Ho-Oh|80/100\n|\n|upkeep\n|turn|3\n|inactive|Freecko99 has 30 seconds left.\n|inactive|Freecko99 has 20 seconds left.\n|inactive|Freecko99 has 15 seconds left.\n|inactive|Freecko99 has 10 seconds left.\n|\n|t:|1772706324\n|switch|p2a: Gholdengo|Gholdengo, L50|100/100\n|-item|p2a: Gholdengo|Air Balloon\n|switch|p1a: Farigiraf|Farigiraf, L50, F|100/100\n|-enditem|p1a: Farigiraf|Electric Seed\n|-boost|p1a: Farigiraf|def|1|[from] item: Electric Seed\n|move|p2b: Ditto|Moonblast|p1a: Farigiraf\n|-damage|p1a: Farigiraf|83/100\n|move|p1b: Ho-Oh|Brave Bird|p2b: Ditto\n|-supereffective|p2b: Ditto\n|-damage|p2b: Ditto|0 fnt\n|faint|p2b: Ditto\n|-damage|p1b: Ho-Oh|56/100|[from] Recoil\n|\n|upkeep\n|\n|t:|1772706339\n|switch|p2b: Calyrex|Calyrex-Shadow, L50|100/100\n|-ability|p2b: Calyrex|As One\n|-ability|p2b: Calyrex|Unnerve\n|turn|4\n|inactive|Freecko99 has 30 seconds left.\n|\n|t:|1772706364\n|move|p2b: Calyrex|Protect|p2b: Calyrex\n|-singleturn|p2b: Calyrex|Protect\n|move|p2a: Gholdengo|Make It Rain|p1b: Ho-Oh|[spread] p1a,p1b\n|-resisted|p1b: Ho-Oh\n|-damage|p1a: Farigiraf|55/100\n|-damage|p1b: Ho-Oh|47/100\n|-unboost|p2a: Gholdengo|spa|1\n|move|p1b: Ho-Oh|Sacred Fire|p2a: Gholdengo\n|-supereffective|p2a: Gholdengo\n|-damage|p2a: Gholdengo|0 fnt\n|-enditem|p2a: Gholdengo|Air Balloon\n|faint|p2a: Gholdengo\n|move|p1a: Farigiraf|Foul Play|p2b: Calyrex\n|-activate|p2b: Calyrex|move: Protect\n|\n|-sideend|p2: Harshal21|move: Tailwind\n|upkeep\n|turn|5\n|-message|Harshal21 forfeited.\n|\n|win|Freecko99\n|raw|Freecko99's rating: 1169 &rarr; <strong>1189</strong><br />(+20 for winning)\n|raw|Harshal21's rating: 1105 &rarr; <strong>1085</strong><br />(-20 for losing)\n|l|\u2606Harshal21\n|player|p2|\n|l|\u2606Freecko99\n|player|p1|\n","uploadtime":1772706764,"views":13,"formatid":"gen9vgc2026regi","rating":1085,"private":0,"password":null}