{"id":"gen9vgc2026regi-2519938557","format":"[Gen 9] VGC 2026 Reg I","players":["ky123456","Billlmadz"],"log":"|j|\u2606ky123456\n|j|\u2606Billlmadz\n|t:|1768572630\n|gametype|doubles\n|player|p1|ky123456|cynthia-gen4|1402\n|player|p2|Billlmadz|red|1419\n|gen|9\n|tier|[Gen 9] VGC 2026 Reg I\n|rated|\n|rule|Species Clause: Limit one of each Pok\u00e9mon\n|rule|Item Clause: Limit 1 of each item\n|clearpoke\n|poke|p1|Miraidon, L50|\n|poke|p1|Incineroar, L50, M|\n|poke|p1|Calyrex-Ice, L50|\n|poke|p1|Landorus, L50, M|\n|poke|p1|Urshifu-*, L50, M|\n|poke|p1|Grimmsnarl, L50, M|\n|poke|p2|Miraidon, L50|\n|poke|p2|Calyrex-Ice, L50|\n|poke|p2|Incineroar, L50, M|\n|poke|p2|Urshifu-*, L50, M|\n|poke|p2|Amoonguss, L50, M|\n|poke|p2|Landorus, L50, M|\n|teampreview|4\n|\n|t:|1768572668\n|teamsize|p1|4\n|teamsize|p2|4\n|start\n|switch|p1a: Calyrex|Calyrex-Ice, L50|100/100\n|switch|p1b: Grimmsnarl|Grimmsnarl, L50, M|100/100\n|switch|p2a: Miraidon|Miraidon, L50, shiny|100/100\n|switch|p2b: Calyrex|Calyrex-Ice, L50|100/100\n|-ability|p1a: Calyrex|As One\n|-ability|p1a: Calyrex|Unnerve\n|-ability|p2b: Calyrex|As One\n|-ability|p2b: Calyrex|Unnerve\n|-fieldstart|move: Electric Terrain|[from] ability: Hadron Engine|[of] p2a: Miraidon\n|turn|1\n|\n|t:|1768572687\n|move|p1b: Grimmsnarl|Light Screen|p1b: Grimmsnarl\n|-sidestart|p1: ky123456|move: Light Screen\n|move|p2a: Miraidon|Volt Switch|p1a: Calyrex\n|-damage|p1a: Calyrex|73/100\n|\n|t:|1768572692\n|switch|p2a: Incineroar|Incineroar, L50, M, shiny|100/100|[from] Volt Switch\n|-ability|p2a: Incineroar|Intimidate|boost\n|-unboost|p1a: Calyrex|atk|1\n|-unboost|p1b: Grimmsnarl|atk|1\n|move|p1a: Calyrex|Leech Seed|p2b: Calyrex\n|-start|p2b: Calyrex|move: Leech Seed\n|move|p2b: Calyrex|Glacial Lance|p1a: Calyrex|[spread] p1a,p1b\n|-resisted|p1a: Calyrex\n|-damage|p1a: Calyrex|56/100\n|-damage|p1b: Grimmsnarl|40/100\n|\n|-heal|p1a: Calyrex|61/100|[from] item: Leftovers\n|-damage|p2b: Calyrex|88/100|[from] Leech Seed|[of] p1a: Calyrex\n|-heal|p1a: Calyrex|73/100|[silent]\n|upkeep\n|turn|2\n|\n|t:|1768572737\n|switch|p2b: Miraidon|Miraidon, L50, shiny|100/100\n|-activate|p2b: Miraidon|ability: Hadron Engine\n|move|p2a: Incineroar|Fake Out|p1a: Calyrex\n|-damage|p1a: Calyrex|67/100\n|move|p1b: Grimmsnarl|Reflect|p1b: Grimmsnarl\n|-sidestart|p1: ky123456|Reflect\n|cant|p1a: Calyrex|flinch\n|\n|-heal|p1a: Calyrex|72/100|[from] item: Leftovers\n|upkeep\n|turn|3\n|\n|t:|1768572766\n|-terastallize|p2b: Miraidon|Electric\n|move|p1a: Calyrex|Protect|p1a: Calyrex\n|-singleturn|p1a: Calyrex|Protect\n|move|p2b: Miraidon|Volt Switch|p1a: Calyrex\n|-activate|p1a: Calyrex|move: Protect\n|move|p2a: Incineroar|Knock Off|p1a: Calyrex\n|-activate|p1a: Calyrex|move: Protect\n|move|p1b: Grimmsnarl|Spirit Break|p2b: Miraidon\n|-damage|p2b: Miraidon|84/100\n|-unboost|p2b: Miraidon|spa|1\n|\n|-heal|p1a: Calyrex|78/100|[from] item: Leftovers\n|upkeep\n|turn|4\n|\n|t:|1768572796\n|switch|p1a: Landorus|Landorus, L50, M|100/100\n|move|p2b: Miraidon|Volt Switch|p1a: Landorus\n|-immune|p1a: Landorus\n|move|p2a: Incineroar|Knock Off|p1a: Landorus\n|-damage|p1a: Landorus|74/100\n|-enditem|p1a: Landorus|Life Orb|[from] move: Knock Off|[of] p2a: Incineroar\n|move|p1b: Grimmsnarl|Spirit Break|p2b: Miraidon\n|-damage|p2b: Miraidon|68/100\n|-unboost|p2b: Miraidon|spa|1\n|\n|upkeep\n|turn|5\n|\n|t:|1768572814\n|move|p1b: Grimmsnarl|Thunder Wave|p2b: Miraidon\n|-immune|p2b: Miraidon\n|move|p2b: Miraidon|Volt Switch|p1b: Grimmsnarl\n|-damage|p1b: Grimmsnarl|12/100\n|\n|t:|1768572822\n|switch|p2b: Urshifu|Urshifu-Rapid-Strike, L50, M|100/100|[from] Volt Switch\n|move|p1a: Landorus|Sandsear Storm|p2b: Urshifu|[spread] p2a,p2b\n|-supereffective|p2a: Incineroar\n|-damage|p2a: Incineroar|50/100\n|-damage|p2b: Urshifu|20/100\n|move|p2a: Incineroar|U-turn|p1b: Grimmsnarl\n|-damage|p1b: Grimmsnarl|0 fnt\n|faint|p1b: Grimmsnarl\n|\n|t:|1768572841\n|switch|p2a: Calyrex|Calyrex-Ice, L50|88/100|[from] U-turn\n|-ability|p2a: Calyrex|As One\n|-ability|p2a: Calyrex|Unnerve\n|\n|-fieldend|move: Electric Terrain\n|upkeep\n|\n|t:|1768572847\n|switch|p1b: Calyrex|Calyrex-Ice, L50|78/100\n|-ability|p1b: Calyrex|As One\n|-ability|p1b: Calyrex|Unnerve\n|turn|6\n|\n|t:|1768572865\n|-terastallize|p1a: Landorus|Poison\n|move|p2a: Calyrex|Protect|p2a: Calyrex\n|-singleturn|p2a: Calyrex|Protect\n|move|p2b: Urshifu|Aqua Jet|p1a: Landorus\n|-damage|p1a: Landorus|59/100\n|move|p1a: Landorus|Earth Power|p2b: Urshifu\n|-damage|p2b: Urshifu|0 fnt\n|faint|p2b: Urshifu\n|move|p1b: Calyrex|Leech Seed|p2a: Calyrex\n|-activate|p2a: Calyrex|move: Protect\n|\n|-heal|p1b: Calyrex|84/100|[from] item: Leftovers\n|upkeep\n|\n|t:|1768572880\n|switch|p2b: Miraidon|Miraidon, L50, shiny, tera:Electric|68/100\n|-fieldstart|move: Electric Terrain|[from] ability: Hadron Engine|[of] p2b: Miraidon\n|turn|7\n|\n|t:|1768572905\n|move|p1a: Landorus|Protect|p1a: Landorus\n|-singleturn|p1a: Landorus|Protect\n|move|p2b: Miraidon|Volt Switch|p1a: Landorus\n|-activate|p1a: Landorus|move: Protect\n|move|p1b: Calyrex|Leech Seed|p2a: Calyrex\n|-start|p2a: Calyrex|move: Leech Seed\n|move|p2a: Calyrex|Glacial Lance|p1a: Landorus|[spread] p1b\n|-activate|p1a: Landorus|move: Protect\n|-resisted|p1b: Calyrex\n|-damage|p1b: Calyrex|74/100\n|\n|-heal|p1b: Calyrex|80/100|[from] item: Leftovers\n|-damage|p2a: Calyrex|76/100|[from] Leech Seed|[of] p1b: Calyrex\n|-heal|p1b: Calyrex|92/100|[silent]\n|upkeep\n|turn|8\n|\n|t:|1768572931\n|switch|p2a: Incineroar|Incineroar, L50, M, shiny|50/100\n|-ability|p2a: Incineroar|Intimidate|boost\n|-unboost|p1a: Landorus|atk|1\n|-unboost|p1b: Calyrex|atk|1\n|move|p2b: Miraidon|Volt Switch|p1a: Landorus\n|-damage|p1a: Landorus|0 fnt\n|faint|p1a: Landorus\n|\n|t:|1768572938\n|switch|p2b: Calyrex|Calyrex-Ice, L50|76/100|[from] Volt Switch\n|-ability|p2b: Calyrex|As One\n|-ability|p2b: Calyrex|Unnerve\n|move|p1b: Calyrex|Glacial Lance|p2a: Incineroar|[spread] p2a,p2b\n|-resisted|p2a: Incineroar\n|-resisted|p2b: Calyrex\n|-damage|p2a: Incineroar|34/100\n|-damage|p2b: Calyrex|66/100\n|\n|-heal|p1b: Calyrex|98/100|[from] item: Leftovers\n|-sideend|p1: ky123456|move: Light Screen\n|upkeep\n|\n|t:|1768572940\n|switch|p1a: Miraidon|Miraidon, L50, shiny|100/100\n|-activate|p1a: Miraidon|ability: Hadron Engine\n|turn|9\n|\n|t:|1768572949\n|move|p2a: Incineroar|Fake Out|p1a: Miraidon\n|-damage|p1a: Miraidon|94/100\n|cant|p1a: Miraidon|flinch\n|move|p1b: Calyrex|Leech Seed|p2b: Calyrex\n|-start|p2b: Calyrex|move: Leech Seed\n|move|p2b: Calyrex|Glacial Lance|p1a: Miraidon|[spread] p1a,p1b\n|-supereffective|p1a: Miraidon\n|-resisted|p1b: Calyrex\n|-damage|p1a: Miraidon|26/100\n|-damage|p1b: Calyrex|86/100\n|\n|-heal|p1b: Calyrex|92/100|[from] item: Leftovers\n|-damage|p2b: Calyrex|54/100|[from] Leech Seed|[of] p1b: Calyrex\n|-heal|p1b: Calyrex|100/100|[silent]\n|-sideend|p1: ky123456|Reflect\n|upkeep\n|turn|10\n|\n|t:|1768572995\n|switch|p2a: Miraidon|Miraidon, L50, shiny, tera:Electric|68/100\n|-activate|p2a: Miraidon|ability: Hadron Engine\n|move|p1a: Miraidon|Electro Drift|p2a: Miraidon\n|-resisted|p2a: Miraidon\n|-damage|p2a: Miraidon|12/100\n|move|p1b: Calyrex|Glacial Lance|p2b: Calyrex|[spread] p2a,p2b\n|-resisted|p2b: Calyrex\n|-damage|p2a: Miraidon|0 fnt\n|-damage|p2b: Calyrex|43/100\n|faint|p2a: Miraidon\n|-ability|p1b: Calyrex|Chilling Neigh|boost\n|-boost|p1b: Calyrex|atk|1\n|move|p2b: Calyrex|Glacial Lance|p1b: Calyrex|[spread] p1a,p1b\n|-supereffective|p1a: Miraidon\n|-resisted|p1b: Calyrex\n|-damage|p1a: Miraidon|0 fnt\n|-damage|p1b: Calyrex|85/100\n|faint|p1a: Miraidon\n|-ability|p2b: Calyrex|Chilling Neigh|boost\n|-boost|p2b: Calyrex|atk|1\n|\n|-heal|p1b: Calyrex|90/100|[from] item: Leftovers\n|-damage|p2b: Calyrex|31/100|[from] Leech Seed|[of] p1b: Calyrex\n|-heal|p1b: Calyrex|100/100|[silent]\n|upkeep\n|\n|t:|1768573007\n|switch|p2a: Incineroar|Incineroar, L50, M, shiny|34/100\n|-ability|p2a: Incineroar|Intimidate|boost\n|-unboost|p1b: Calyrex|atk|1\n|turn|11\n|\n|t:|1768573027\n|move|p1b: Calyrex|Protect|p1b: Calyrex\n|-singleturn|p1b: Calyrex|Protect\n|move|p2a: Incineroar|Flare Blitz|p1b: Calyrex\n|-activate|p1b: Calyrex|move: Protect\n|move|p2b: Calyrex|High Horsepower|p1b: Calyrex\n|-activate|p1b: Calyrex|move: Protect\n|\n|-damage|p2b: Calyrex|19/100|[from] Leech Seed|[of] p1b: Calyrex\n|-fieldend|move: Electric Terrain\n|upkeep\n|turn|12\n|\n|t:|1768573041\n|move|p2a: Incineroar|Knock Off|p1b: Calyrex\n|-supereffective|p1b: Calyrex\n|-damage|p1b: Calyrex|59/100\n|-enditem|p1b: Calyrex|Leftovers|[from] move: Knock Off|[of] p2a: Incineroar\n|move|p1b: Calyrex|Leech Seed|p2a: Incineroar\n|-start|p2a: Incineroar|move: Leech Seed\n|move|p2b: Calyrex|High Horsepower|p1b: Calyrex\n|-damage|p1b: Calyrex|23/100\n|\n|-damage|p2a: Incineroar|21/100|[from] Leech Seed|[of] p1b: Calyrex\n|-heal|p1b: Calyrex|35/100|[silent]\n|-damage|p2b: Calyrex|7/100|[from] Leech Seed|[of] p1b: Calyrex\n|-heal|p1b: Calyrex|47/100|[silent]\n|upkeep\n|turn|13\n|\n|t:|1768573054\n|move|p1b: Calyrex|Protect|p1b: Calyrex\n|-singleturn|p1b: Calyrex|Protect\n|move|p2a: Incineroar|Flare Blitz|p1b: Calyrex\n|-activate|p1b: Calyrex|move: Protect\n|move|p2b: Calyrex|Glacial Lance|p1b: Calyrex\n|-activate|p1b: Calyrex|move: Protect\n|\n|-damage|p2a: Incineroar|9/100|[from] Leech Seed|[of] p1b: Calyrex\n|-heal|p1b: Calyrex|59/100|[silent]\n|-damage|p2b: Calyrex|0 fnt|[from] Leech Seed|[of] p1b: Calyrex\n|-heal|p1b: Calyrex|65/100|[silent]\n|faint|p2b: Calyrex\n|upkeep\n|turn|14\n|\n|t:|1768573062\n|move|p1b: Calyrex|Protect||[still]\n|-fail|p1b: Calyrex\n|move|p2a: Incineroar|Flare Blitz|p1b: Calyrex\n|-supereffective|p1b: Calyrex\n|-damage|p1b: Calyrex|12/100\n|-damage|p2a: Incineroar|0 fnt|[from] Recoil\n|faint|p2a: Incineroar\n|\n|win|ky123456\n|raw|ky123456's rating: 1402 &rarr; <strong>1423</strong><br />(+21 for winning)\n|raw|Billlmadz's rating: 1419 &rarr; <strong>1398</strong><br />(-21 for losing)\n|l|\u2606ky123456\n|player|p1|\n|l|\u2606Billlmadz\n|player|p2|\n","uploadtime":1768573235,"views":17,"formatid":"gen9vgc2026regi","rating":1398,"private":0,"password":null}