{"id":"gen9vgc2026regi-2545586509","format":"[Gen 9] VGC 2026 Reg I","players":["Zorse Mentality","ricepresident666"],"log":"|j|\u2606Zorse Mentality\n|j|\u2606ricepresident666\n|t:|1771865857\n|gametype|doubles\n|player|p1|Zorse Mentality|102|1485\n|player|p2|ricepresident666|gambler|1508\n|gen|9\n|tier|[Gen 9] VGC 2026 Reg I\n|rated|\n|rule|Species Clause: Limit one of each Pok\u00e9mon\n|rule|Item Clause: Limit 1 of each item\n|clearpoke\n|poke|p1|Calyrex-Ice, L50|\n|poke|p1|Kyogre, L50|\n|poke|p1|Tornadus, L50, M|\n|poke|p1|Ursaluna, L50, M|\n|poke|p1|Urshifu-*, L50, M|\n|poke|p1|Smeargle, L50, M|\n|poke|p2|Koraidon, L50|\n|poke|p2|Lunala, L50|\n|poke|p2|Chi-Yu, L50|\n|poke|p2|Ursaluna, L50, F|\n|poke|p2|Brute Bonnet, L50|\n|poke|p2|Flutter Mane, L50|\n|teampreview|4\n|inactive|Battle timer is ON: inactive players will automatically lose when time's up. (requested by ricepresident666)\n|inactive|Zorse Mentality has 60 seconds left.\n|inactive|Zorse Mentality has 30 seconds left.\n|\n|t:|1771865922\n|teamsize|p1|4\n|teamsize|p2|4\n|start\n|switch|p1a: Tornadus|Tornadus, L50, M|100/100\n|switch|p1b: Urshifu|Urshifu-Rapid-Strike, L50, M|100/100\n|switch|p2a: Lunala|Lunala, L50, shiny|100/100\n|switch|p2b: Brute Bonnet|Brute Bonnet, L50, shiny|100/100\n|turn|1\n|\n|t:|1771865937\n|move|p1a: Tornadus|Bleakwind Storm|p2a: Lunala|[spread] p2b\n|-miss|p1a: Tornadus|p2a: Lunala\n|-supereffective|p2b: Brute Bonnet\n|-damage|p2b: Brute Bonnet|40/100\n|move|p1b: Urshifu|U-turn|p2b: Brute Bonnet\n|-supereffective|p2b: Brute Bonnet\n|-damage|p2b: Brute Bonnet|0 fnt\n|faint|p2b: Brute Bonnet\n|-end|p2b: Brute Bonnet|Protosynthesis|[silent]\n|\n|t:|1771865949\n|switch|p1b: Calyrex|Calyrex-Ice, L50|100/100|[from] U-turn\n|-ability|p1b: Calyrex|As One\n|-ability|p1b: Calyrex|Unnerve\n|move|p2a: Lunala|Meteor Beam||[still]\n|-prepare|p2a: Lunala|Meteor Beam\n|-boost|p2a: Lunala|spa|1\n|-enditem|p2a: Lunala|Power Herb\n|-anim|p2a: Lunala|Meteor Beam|p1a: Tornadus\n|-supereffective|p1a: Tornadus\n|-enditem|p1a: Tornadus|Focus Sash\n|-damage|p1a: Tornadus|1/100\n|\n|upkeep\n|\n|t:|1771865964\n|switch|p2b: Ursaluna|Ursaluna, L50, F, shiny|100/100\n|turn|2\n|\n|t:|1771865985\n|switch|p1b: Urshifu|Urshifu-Rapid-Strike, L50, M|100/100\n|move|p1a: Tornadus|Protect|p1a: Tornadus\n|-singleturn|p1a: Tornadus|Protect\n|move|p2b: Ursaluna|Protect|p2b: Ursaluna\n|-singleturn|p2b: Ursaluna|Protect\n|move|p2a: Lunala|Trick Room|p2a: Lunala\n|-fieldstart|move: Trick Room|[of] p2a: Lunala\n|\n|-status|p2b: Ursaluna|brn|[from] item: Flame Orb\n|upkeep\n|turn|3\n|inactive|Zorse Mentality has 30 seconds left.\n|inactive|Zorse Mentality has 20 seconds left.\n|inactive|Zorse Mentality has 15 seconds left.\n|inactive|Zorse Mentality has 10 seconds left.\n|\n|t:|1771866034\n|move|p1b: Urshifu|Aqua Jet|p2b: Ursaluna\n|-supereffective|p2b: Ursaluna\n|-damage|p2b: Ursaluna|52/100 brn\n|move|p1a: Tornadus|Rain Dance|p1a: Tornadus\n|-weather|RainDance\n|move|p2b: Ursaluna|Facade|p1b: Urshifu\n|-damage|p1b: Urshifu|0 fnt\n|faint|p1b: Urshifu\n|move|p2a: Lunala|Moongeist Beam|p1a: Tornadus\n|-damage|p1a: Tornadus|0 fnt\n|faint|p1a: Tornadus\n|\n|-weather|RainDance|[upkeep]\n|-damage|p2b: Ursaluna|46/100 brn|[from] brn\n|upkeep\n|\n|t:|1771866050\n|switch|p1b: Kyogre|Kyogre, L50|100/100\n|switch|p1a: Calyrex|Calyrex-Ice, L50|100/100\n|-ability|p1a: Calyrex|As One\n|-ability|p1a: Calyrex|Unnerve\n|turn|4\n|\n|t:|1771866067\n|-terastallize|p2a: Lunala|Water\n|move|p2b: Ursaluna|Protect|p2b: Ursaluna\n|-singleturn|p2b: Ursaluna|Protect\n|move|p1b: Kyogre|Protect|p1b: Kyogre\n|-singleturn|p1b: Kyogre|Protect\n|move|p2a: Lunala|Moongeist Beam|p1b: Kyogre\n|-activate|p1b: Kyogre|move: Protect\n|move|p1a: Calyrex|Trick Room|p1a: Calyrex\n|-fieldend|move: Trick Room\n|\n|-weather|RainDance|[upkeep]\n|-damage|p2b: Ursaluna|40/100 brn|[from] brn\n|upkeep\n|turn|5\n|inactive|Zorse Mentality has 30 seconds left.\n|\n|t:|1771866098\n|-terastallize|p1a: Calyrex|Fighting\n|move|p2a: Lunala|Wide Guard|p2a: Lunala\n|-singleturn|p2a: Lunala|Wide Guard\n|move|p1b: Kyogre|Water Spout|p2b: Ursaluna|[spread] \n|-activate|p2a: Lunala|move: Wide Guard\n|-activate|p2b: Ursaluna|move: Wide Guard\n|move|p1a: Calyrex|Close Combat|p2b: Ursaluna\n|-supereffective|p2b: Ursaluna\n|-damage|p2b: Ursaluna|0 fnt\n|-unboost|p1a: Calyrex|def|1\n|-unboost|p1a: Calyrex|spd|1\n|faint|p2b: Ursaluna\n|-ability|p1a: Calyrex|Chilling Neigh|boost\n|-boost|p1a: Calyrex|atk|1\n|-damage|p1a: Calyrex|91/100|[from] item: Life Orb\n|\n|-weather|RainDance|[upkeep]\n|upkeep\n|\n|t:|1771866111\n|switch|p2b: Koraidon|Koraidon, L50, shiny|100/100\n|-weather|SunnyDay|[from] ability: Orichalcum Pulse|[of] p2b: Koraidon\n|-activate|p2b: Koraidon|Orichalcum Pulse|[source]\n|turn|6\n|inactive|Zorse Mentality has 30 seconds left.\n|c|\u2606ricepresident666|Wild tera.\n|\n|t:|1771866144\n|move|p2b: Koraidon|Close Combat|p1b: Kyogre\n|-damage|p1b: Kyogre|0 fnt\n|-unboost|p2b: Koraidon|def|1\n|-unboost|p2b: Koraidon|spd|1\n|faint|p1b: Kyogre\n|-damage|p2b: Koraidon|91/100|[from] item: Life Orb\n|move|p2a: Lunala|Moongeist Beam|p1a: Calyrex\n|-damage|p1a: Calyrex|0 fnt\n|faint|p1a: Calyrex\n|\n|win|ricepresident666\n|raw|Zorse Mentality's rating: 1485 &rarr; <strong>1466</strong><br />(-19 for losing)\n|raw|ricepresident666's rating: 1508 &rarr; <strong>1527</strong><br />(+19 for winning)\n|l|\u2606Zorse Mentality\n|player|p1|\n","uploadtime":1771866170,"views":11,"formatid":"gen9vgc2026regi","rating":1466,"private":0,"password":null}