{"id":"gen9vgc2026regi-2552350325","format":"[Gen 9] VGC 2026 Reg I","players":["SaltyCore69","I\u2764\ufe0f\u5a1c\u7984forever"],"log":"|j|\u2606SaltyCore69\n|j|\u2606I\u2764\ufe0f\u5a1c\u7984forever\n|t:|1772711886\n|gametype|doubles\n|player|p1|SaltyCore69|veteran|1241\n|player|p2|I\u2764\ufe0f\u5a1c\u7984forever|youngcouple-gen4dp|1277\n|gen|9\n|tier|[Gen 9] VGC 2026 Reg I\n|rated|\n|rule|Species Clause: Limit one of each Pok\u00e9mon\n|rule|Item Clause: Limit 1 of each item\n|clearpoke\n|poke|p1|Calyrex-Ice, L50|\n|poke|p1|Indeedee-F, L50, F|\n|poke|p1|Ting-Lu, L50|\n|poke|p1|Kyurem-White, L50|\n|poke|p1|Ninetales-Alola, L50, F|\n|poke|p1|Oranguru, L50, F|\n|poke|p2|Groudon, L50|\n|poke|p2|Kyurem-White, L50|\n|poke|p2|Heatran, L50, F|\n|poke|p2|Whimsicott, L50, M|\n|poke|p2|Roaring Moon, L50|\n|poke|p2|Ditto, L50|\n|teampreview|4\n|inactive|Battle timer is ON: inactive players will automatically lose when time's up. (requested by SaltyCore69)\n|\n|t:|1772711901\n|teamsize|p1|4\n|teamsize|p2|4\n|start\n|switch|p1a: Oranguru|Oranguru, L50, F|100/100\n|switch|p1b: Calyrex|Calyrex-Ice, L50|100/100\n|switch|p2a: Kyurem|Kyurem-White, L50|100/100\n|switch|p2b: Heatran|Heatran, L50, F|100/100\n|-ability|p1b: Calyrex|As One\n|-ability|p1b: Calyrex|Unnerve\n|-ability|p2a: Kyurem|Turboblaze\n|turn|1\n|\n|t:|1772711920\n|-terastallize|p1b: Calyrex|Water\n|move|p1a: Oranguru|Protect|p1a: Oranguru\n|-singleturn|p1a: Oranguru|Protect\n|move|p2a: Kyurem|Blizzard|p1b: Calyrex|[spread] p1b\n|-activate|p1a: Oranguru|move: Protect\n|-resisted|p1b: Calyrex\n|-damage|p1b: Calyrex|83/100\n|move|p2b: Heatran|Substitute|p2b: Heatran\n|-start|p2b: Heatran|Substitute\n|-damage|p2b: Heatran|76/100\n|move|p1b: Calyrex|Trick Room|p1b: Calyrex\n|-fieldstart|move: Trick Room|[of] p1b: Calyrex\n|\n|-heal|p2b: Heatran|82/100|[from] item: Leftovers\n|upkeep\n|turn|2\n|\n|t:|1772711939\n|move|p1b: Calyrex|High Horsepower|p2b: Heatran\n|-supereffective|p2b: Heatran\n|-end|p2b: Heatran|Substitute\n|move|p1a: Oranguru|Instruct|p1b: Calyrex\n|-singleturn|p1b: Calyrex|move: Instruct|[of] p1a: Oranguru\n|move|p1b: Calyrex|High Horsepower|p2b: Heatran|[miss]\n|-miss|p1b: Calyrex|p2b: Heatran\n|move|p2b: Heatran|Heat Wave|p1b: Calyrex|[spread] p1a,p1b\n|-resisted|p1b: Calyrex\n|-damage|p1a: Oranguru|77/100\n|-damage|p1b: Calyrex|72/100\n|move|p2a: Kyurem|Freeze-Dry|p1b: Calyrex\n|-supereffective|p1b: Calyrex\n|-damage|p1b: Calyrex|13/100\n|\n|-heal|p2b: Heatran|88/100|[from] item: Leftovers\n|upkeep\n|turn|3\n|inactive|I\u2764\ufe0f\u5a1c\u7984forever has 30 seconds left.\n|\n|t:|1772711964\n|move|p1b: Calyrex|Glacial Lance|p2b: Heatran|[spread] p2a,p2b\n|-resisted|p2b: Heatran\n|-damage|p2a: Kyurem|55/100\n|-damage|p2b: Heatran|77/100\n|move|p1a: Oranguru|Instruct|p1b: Calyrex\n|-singleturn|p1b: Calyrex|move: Instruct|[of] p1a: Oranguru\n|move|p1b: Calyrex|Glacial Lance|p2b: Heatran|[spread] p2a,p2b\n|-resisted|p2b: Heatran\n|-damage|p2a: Kyurem|10/100\n|-damage|p2b: Heatran|65/100\n|move|p2b: Heatran|Heat Wave|p1b: Calyrex|[spread] p1a,p1b\n|-resisted|p1b: Calyrex\n|-damage|p1a: Oranguru|55/100\n|-damage|p1b: Calyrex|1/100\n|move|p2a: Kyurem|Freeze-Dry|p1b: Calyrex\n|-supereffective|p1b: Calyrex\n|-damage|p1b: Calyrex|0 fnt\n|faint|p1b: Calyrex\n|\n|-heal|p2b: Heatran|71/100|[from] item: Leftovers\n|upkeep\n|\n|t:|1772711986\n|switch|p1b: Kyurem|Kyurem-White, L50|100/100\n|-ability|p1b: Kyurem|Turboblaze\n|turn|4\n|\n|t:|1772712001\n|move|p2b: Heatran|Protect|p2b: Heatran\n|-singleturn|p2b: Heatran|Protect\n|move|p1a: Oranguru|Gravity|p1a: Oranguru\n|-fieldstart|move: Gravity\n|move|p2a: Kyurem|Blizzard|p1b: Kyurem|[spread] p1a,p1b\n|-damage|p1a: Oranguru|17/100\n|-damage|p1b: Kyurem|58/100\n|move|p1b: Kyurem|Earth Power|p2a: Kyurem\n|-damage|p2a: Kyurem|0 fnt\n|faint|p2a: Kyurem\n|\n|-heal|p2b: Heatran|77/100|[from] item: Leftovers\n|upkeep\n|\n|t:|1772712012\n|switch|p2a: Groudon|Groudon, L50|100/100\n|-weather|SunnyDay|[from] ability: Drought|[of] p2a: Groudon\n|turn|5\n|\n|t:|1772712021\n|switch|p1b: Ninetales|Ninetales-Alola, L50, F|100/100\n|-weather|Snowscape|[from] ability: Snow Warning|[of] p1b: Ninetales\n|move|p1a: Oranguru|Protect|p1a: Oranguru\n|-singleturn|p1a: Oranguru|Protect\n|move|p2b: Heatran|Substitute|p2b: Heatran\n|-start|p2b: Heatran|Substitute\n|-damage|p2b: Heatran|53/100\n|move|p2a: Groudon|Precipice Blades|p1b: Ninetales|[spread] p1b\n|-activate|p1a: Oranguru|move: Protect\n|-damage|p1b: Ninetales|53/100\n|\n|-weather|Snowscape|[upkeep]\n|-heal|p2b: Heatran|59/100|[from] item: Leftovers\n|-fieldend|move: Trick Room\n|upkeep\n|turn|6\n|\n|t:|1772712041\n|move|p1a: Oranguru|Protect||[still]\n|-fail|p1a: Oranguru\n|move|p1b: Ninetales|Aurora Veil|p1b: Ninetales\n|-sidestart|p1: SaltyCore69|move: Aurora Veil\n|move|p2a: Groudon|Precipice Blades|p1a: Oranguru|[spread] p1a,p1b\n|-damage|p1a: Oranguru|0 fnt\n|-damage|p1b: Ninetales|21/100\n|faint|p1a: Oranguru\n|move|p2b: Heatran|Heat Wave|p1b: Ninetales\n|-supereffective|p1b: Ninetales\n|-damage|p1b: Ninetales|0 fnt\n|faint|p1b: Ninetales\n|\n|-weather|Snowscape|[upkeep]\n|-heal|p2b: Heatran|65/100|[from] item: Leftovers\n|upkeep\n|-message|SaltyCore69 forfeited.\n|\n|win|I\u2764\ufe0f\u5a1c\u7984forever\n|raw|SaltyCore69's rating: 1241 &rarr; <strong>1219</strong><br />(-22 for losing)\n|raw|I\u2764\ufe0f\u5a1c\u7984forever's rating: 1277 &rarr; <strong>1299</strong><br />(+22 for winning)\n|l|\u2606SaltyCore69\n|player|p1|\n|l|\u2606I\u2764\ufe0f\u5a1c\u7984forever\n|player|p2|\n","uploadtime":1772712316,"views":14,"formatid":"gen9vgc2026regi","rating":1219,"private":0,"password":null}