{"id":"gen9vgc2026regi-2549697904","format":"[Gen 9] VGC 2026 Reg I","players":["drive stone","diggory delvet"],"log":"|j|\u2606drive stone\n|j|\u2606diggory delvet\n|t:|1772398902\n|gametype|doubles\n|player|p1|drive stone|cilan|1504\n|player|p2|diggory delvet|265|1456\n|gen|9\n|tier|[Gen 9] VGC 2026 Reg I\n|rated|\n|rule|Species Clause: Limit one of each Pok\u00e9mon\n|rule|Item Clause: Limit 1 of each item\n|clearpoke\n|poke|p1|Calyrex-Ice, L50|\n|poke|p1|Ho-Oh, L50|\n|poke|p1|Overqwil, L50, M|\n|poke|p1|Rillaboom, L50, F|\n|poke|p1|Ting-Lu, L50|\n|poke|p1|Ogerpon-Wellspring, L50, F|\n|poke|p2|Lunala, L50|\n|poke|p2|Sableye, L50, F|\n|poke|p2|Zamazenta-*, L50|\n|poke|p2|Iron Valiant, L50|\n|poke|p2|Rillaboom, L50, M|\n|poke|p2|Gengar, L50, F|\n|teampreview|4\n|\n|t:|1772398934\n|teamsize|p1|4\n|teamsize|p2|4\n|start\n|switch|p1a: Calyrex|Calyrex-Ice, L50|100/100\n|switch|p1b: Overqwil|Overqwil, L50, M|100/100\n|switch|p2a: Sableye|Sableye, L50, F|100/100\n|switch|p2b: Gengar|Gengar, L50, F|100/100\n|-ability|p1a: Calyrex|As One\n|-ability|p1a: Calyrex|Unnerve\n|-ability|p1b: Overqwil|Intimidate|boost\n|-unboost|p2a: Sableye|atk|1\n|-unboost|p2b: Gengar|atk|1\n|turn|1\n|\n|t:|1772398956\n|move|p2a: Sableye|Gravity|p2a: Sableye\n|-fieldstart|move: Gravity\n|move|p2b: Gengar|Hypnosis|p1a: Calyrex\n|-status|p1a: Calyrex|slp|[from] move: Hypnosis\n|move|p1b: Overqwil|Barb Barrage|p2a: Sableye\n|-resisted|p2a: Sableye\n|-damage|p2a: Sableye|86/100\n|-enditem|p2a: Sableye|Eject Button\n|\n|t:|1772398964\n|switch|p2a: Zamazenta|Zamazenta-Crowned, L50|100/100\n|-ability|p2a: Zamazenta|Dauntless Shield|boost\n|-boost|p2a: Zamazenta|def|1\n|cant|p1a: Calyrex|slp\n|\n|upkeep\n|turn|2\n|\n|t:|1772398975\n|move|p1b: Overqwil|Protect|p1b: Overqwil\n|-singleturn|p1b: Overqwil|Protect\n|move|p2b: Gengar|Hypnosis|p1b: Overqwil\n|-activate|p1b: Overqwil|move: Protect\n|move|p2a: Zamazenta|Iron Defense|p2a: Zamazenta\n|-boost|p2a: Zamazenta|def|2\n|cant|p1a: Calyrex|slp\n|\n|upkeep\n|turn|3\n|\n|t:|1772399017\n|move|p2b: Gengar|Hypnosis|p1b: Overqwil\n|-status|p1b: Overqwil|slp|[from] move: Hypnosis\n|move|p2a: Zamazenta|Body Press|p1a: Calyrex\n|-damage|p1a: Calyrex|43/100 slp\n|cant|p1b: Overqwil|slp\n|-curestatus|p1a: Calyrex|slp|[msg]\n|move|p1a: Calyrex|Leech Seed|p2a: Zamazenta\n|-start|p2a: Zamazenta|move: Leech Seed\n|\n|-heal|p1a: Calyrex|48/100|[from] item: Leftovers\n|-damage|p2a: Zamazenta|88/100|[from] Leech Seed|[of] p1a: Calyrex\n|-heal|p1a: Calyrex|60/100|[silent]\n|upkeep\n|turn|4\n|\n|t:|1772399038\n|move|p1a: Calyrex|Protect|p1a: Calyrex\n|-singleturn|p1a: Calyrex|Protect\n|move|p2b: Gengar|Hypnosis|p1a: Calyrex\n|-activate|p1a: Calyrex|move: Protect\n|move|p2a: Zamazenta|Body Press|p1b: Overqwil\n|-crit|p1b: Overqwil\n|-damage|p1b: Overqwil|0 fnt\n|faint|p1b: Overqwil\n|\n|-heal|p1a: Calyrex|66/100|[from] item: Leftovers\n|-damage|p2a: Zamazenta|76/100|[from] Leech Seed|[of] p1a: Calyrex\n|-heal|p1a: Calyrex|77/100|[silent]\n|upkeep\n|\n|t:|1772399055\n|switch|p1b: Ho-Oh|Ho-Oh, L50|100/100\n|turn|5\n|\n|t:|1772399064\n|move|p1b: Ho-Oh|Protect|p1b: Ho-Oh\n|-singleturn|p1b: Ho-Oh|Protect\n|move|p2b: Gengar|Hypnosis|p1b: Ho-Oh\n|-activate|p1b: Ho-Oh|move: Protect\n|move|p2a: Zamazenta|Body Press|p1a: Calyrex\n|-damage|p1a: Calyrex|14/100\n|move|p1a: Calyrex|Glacial Lance|p2b: Gengar|[spread] p2a,p2b\n|-resisted|p2a: Zamazenta\n|-damage|p2a: Zamazenta|71/100\n|-damage|p2b: Gengar|9/100\n|-start|p1a: Calyrex|Disable|Glacial Lance|[from] ability: Cursed Body|[of] p2b: Gengar\n|\n|-heal|p1a: Calyrex|19/100|[from] item: Leftovers\n|-damage|p2a: Zamazenta|59/100|[from] Leech Seed|[of] p1a: Calyrex\n|-heal|p1a: Calyrex|31/100|[silent]\n|-fieldend|move: Gravity\n|upkeep\n|turn|6\n|\n|t:|1772399090\n|switch|p1a: Ting-Lu|Ting-Lu, L50|100/100\n|-ability|p1a: Ting-Lu|Vessel of Ruin\n|move|p2b: Gengar|Encore|p1b: Ho-Oh\n|-start|p1b: Ho-Oh|Encore\n|move|p2a: Zamazenta|Body Press|p1a: Ting-Lu\n|-supereffective|p1a: Ting-Lu\n|-damage|p1a: Ting-Lu|0 fnt\n|faint|p1a: Ting-Lu\n|move|p1b: Ho-Oh|Protect||[still]\n|-fail|p1b: Ho-Oh\n|\n|upkeep\n|\n|t:|1772399102\n|switch|p1a: Calyrex|Calyrex-Ice, L50|31/100\n|-ability|p1a: Calyrex|As One\n|-ability|p1a: Calyrex|Unnerve\n|turn|7\n|\n|t:|1772399110\n|move|p1b: Ho-Oh|Protect|p1b: Ho-Oh\n|-singleturn|p1b: Ho-Oh|Protect\n|move|p2b: Gengar|Sludge Wave|p1b: Ho-Oh|[spread] p1a\n|-activate|p1b: Ho-Oh|move: Protect\n|-immune|p2a: Zamazenta\n|-damage|p1a: Calyrex|9/100\n|move|p2a: Zamazenta|Body Press|p1a: Calyrex\n|-crit|p1a: Calyrex\n|-damage|p1a: Calyrex|0 fnt\n|faint|p1a: Calyrex\n|\n|upkeep\n|turn|8\n|-message|drive stone forfeited.\n|\n|win|diggory delvet\n|raw|drive stone's rating: 1504 &rarr; <strong>1480</strong><br />(-24 for losing)\n|raw|diggory delvet's rating: 1438 &rarr; <strong>1462</strong><br />(+24 for winning)\n|l|\u2606drive stone\n|player|p1|\n|l|\u2606diggory delvet\n|player|p2|\n|j| Dogs lol\n","uploadtime":1772399358,"views":16,"formatid":"gen9vgc2026regi","rating":1462,"private":0,"password":null}