{"id":"gen9vgc2026regi-2517054031","format":"[Gen 9] VGC 2026 Reg I","players":["VJ2511","cookbayz"],"log":"|j|\u2606VJ2511\n|j|\u2606cookbayz\n|t:|1768223155\n|gametype|doubles\n|player|p1|VJ2511|red-masters3|1384\n|player|p2|cookbayz|dancer|1252\n|gen|9\n|tier|[Gen 9] VGC 2026 Reg I\n|rated|\n|rule|Species Clause: Limit one of each Pok\u00e9mon\n|rule|Item Clause: Limit 1 of each item\n|clearpoke\n|poke|p1|Calyrex-Shadow, L50|\n|poke|p1|Zamazenta-*, L50|\n|poke|p1|Chien-Pao, L50|\n|poke|p1|Dragonite, L50, M|\n|poke|p1|Raging Bolt, L50|\n|poke|p1|Amoonguss, L50, F|\n|poke|p2|Terapagos, L50, M|\n|poke|p2|Miraidon, L50|\n|poke|p2|Urshifu-*, L50, F|\n|poke|p2|Incineroar, L50, F|\n|poke|p2|Sinistcha, L50|\n|poke|p2|Iron Treads, L50|\n|teampreview|4\n|inactive|Battle timer is ON: inactive players will automatically lose when time's up. (requested by cookbayz)\n|inactive|cookbayz has 60 seconds left.\n|\n|t:|1768223210\n|teamsize|p1|4\n|teamsize|p2|4\n|start\n|switch|p1a: Zamazenta|Zamazenta-Crowned, L50|100/100\n|switch|p1b: Chien-Pao|Chien-Pao, L50|100/100\n|switch|p2a: Terapagos|Terapagos, L50, M|100/100\n|switch|p2b: Miraidon|Miraidon, L50|100/100\n|-activate|p2a: Terapagos|ability: Tera Shift\n|detailschange|p2a: Terapagos|Terapagos-Terastal, L50, M\n|-heal|p2a: Terapagos|100/100|[silent]\n|-ability|p1b: Chien-Pao|Sword of Ruin\n|-fieldstart|move: Electric Terrain|[from] ability: Hadron Engine|[of] p2b: Miraidon\n|-enditem|p2a: Terapagos|Electric Seed\n|-boost|p2a: Terapagos|def|1|[from] item: Electric Seed\n|-ability|p1a: Zamazenta|Dauntless Shield|boost\n|-boost|p1a: Zamazenta|def|1\n|turn|1\n|\n|t:|1768223220\n|move|p2a: Terapagos|Protect|p2a: Terapagos\n|-singleturn|p2a: Terapagos|Protect\n|move|p1b: Chien-Pao|Ruination|p2a: Terapagos\n|-activate|p2a: Terapagos|move: Protect\n|move|p2b: Miraidon|Volt Switch|p1b: Chien-Pao\n|-damage|p1b: Chien-Pao|40/100\n|\n|t:|1768223228\n|switch|p2b: Iron Treads|Iron Treads, L50|100/100|[from] Volt Switch\n|-activate|p2b: Iron Treads|ability: Quark Drive\n|-start|p2b: Iron Treads|quarkdrivespe\n|move|p1a: Zamazenta|Body Press|p2a: Terapagos\n|-activate|p2a: Terapagos|move: Protect\n|\n|upkeep\n|turn|2\n|j| dasabe\u76d6\u6b27\u5361\u4fa0\n|\n|t:|1768223246\n|-terastallize|p1a: Zamazenta|Dragon\n|move|p2b: Iron Treads|Iron Head|p1b: Chien-Pao\n|-supereffective|p1b: Chien-Pao\n|-damage|p1b: Chien-Pao|0 fnt\n|faint|p1b: Chien-Pao\n|move|p1a: Zamazenta|Body Press|p2a: Terapagos\n|-activate|p2a: Terapagos|ability: Tera Shell\n|-resisted|p2a: Terapagos\n|-damage|p2a: Terapagos|85/100\n|move|p2a: Terapagos|Calm Mind|p2a: Terapagos\n|-boost|p2a: Terapagos|spa|1\n|-boost|p2a: Terapagos|spd|1\n|\n|upkeep\n|\n|t:|1768223250\n|switch|p1b: Dragonite|Dragonite, L50, M, shiny|100/100\n|turn|3\n|\n|t:|1768223265\n|-end|p2b: Iron Treads|Quark Drive|[silent]\n|switch|p2b: Sinistcha|Sinistcha, L50|100/100\n|-heal|p2a: Terapagos|100/100|[from] ability: Hospitality|[of] p2b: Sinistcha\n|move|p2a: Terapagos|Protect|p2a: Terapagos\n|-singleturn|p2a: Terapagos|Protect\n|move|p1a: Zamazenta|Body Press|p2a: Terapagos\n|-activate|p2a: Terapagos|move: Protect\n|move|p1b: Dragonite|Outrage|p2a: Terapagos\n|-activate|p2a: Terapagos|move: Protect\n|\n|upkeep\n|turn|4\n|\n|t:|1768223278\n|-terastallize|p2a: Terapagos|Stellar\n|detailschange|p2a: Terapagos|Terapagos-Stellar, L50, M, tera:Stellar\n|-heal|p2a: Terapagos|100/100|[silent]\n|-ability|p2a: Terapagos|Teraform Zero\n|-fieldend|move: Electric Terrain\n|move|p1a: Zamazenta|Wide Guard|p1a: Zamazenta\n|-singleturn|p1a: Zamazenta|Wide Guard\n|move|p2b: Sinistcha|Rage Powder|p2b: Sinistcha\n|-singleturn|p2b: Sinistcha|move: Rage Powder\n|move|p2a: Terapagos|Tera Starstorm|p1b: Dragonite|[spread] \n|-activate|p1a: Zamazenta|move: Wide Guard\n|-activate|p1b: Dragonite|move: Wide Guard\n|move|p1b: Dragonite|Outrage|p2b: Sinistcha\n|-enditem|p2b: Sinistcha|Focus Sash\n|-damage|p2b: Sinistcha|1/100\n|\n|upkeep\n|turn|5\n|\n|t:|1768223296\n|move|p2b: Sinistcha|Protect|p2b: Sinistcha\n|-singleturn|p2b: Sinistcha|Protect\n|move|p1a: Zamazenta|Heavy Slam|p2b: Sinistcha\n|-activate|p2b: Sinistcha|move: Protect\n|move|p2a: Terapagos|Tera Starstorm|p1a: Zamazenta|[spread] p1a,p1b\n|-supereffective|p1a: Zamazenta\n|-damage|p1a: Zamazenta|39/100\n|-damage|p1b: Dragonite|57/100\n|move|p1b: Dragonite|Outrage|p2b: Sinistcha|[from] lockedmove\n|-activate|p2b: Sinistcha|move: Protect\n|\n|upkeep\n|turn|6\n|\n|t:|1768223318\n|move|p1a: Zamazenta|Protect|p1a: Zamazenta\n|-singleturn|p1a: Zamazenta|Protect\n|move|p2b: Sinistcha|Strength Sap|p1b: Dragonite\n|-unboost|p1b: Dragonite|atk|1\n|-heal|p2b: Sinistcha|100/100\n|move|p2a: Terapagos|Earth Power|p1a: Zamazenta\n|-activate|p1a: Zamazenta|move: Protect\n|move|p1b: Dragonite|Outrage|p2a: Terapagos\n|-damage|p2a: Terapagos|76/100\n|\n|upkeep\n|turn|7\n|l| dasabe\u76d6\u6b27\u5361\u4fa0\n|\n|t:|1768223333\n|move|p2b: Sinistcha|Rage Powder|p2b: Sinistcha\n|-singleturn|p2b: Sinistcha|move: Rage Powder\n|move|p1a: Zamazenta|Body Press|p2b: Sinistcha\n|-immune|p2b: Sinistcha\n|move|p2a: Terapagos|Earth Power|p1a: Zamazenta\n|-damage|p1a: Zamazenta|8/100\n|move|p1b: Dragonite|Outrage|p2b: Sinistcha|[from] lockedmove\n|-damage|p2b: Sinistcha|31/100\n|-start|p1b: Dragonite|confusion|[fatigue]\n|\n|upkeep\n|turn|8\n|\n|t:|1768223343\n|move|p1a: Zamazenta|Body Press|p2a: Terapagos\n|-supereffective|p2a: Terapagos\n|-damage|p2a: Terapagos|32/100\n|move|p2b: Sinistcha|Strength Sap|p1b: Dragonite\n|-unboost|p1b: Dragonite|atk|1\n|-heal|p2b: Sinistcha|100/100\n|move|p2a: Terapagos|Tera Starstorm|p1a: Zamazenta|[spread] p1a,p1b\n|-supereffective|p1a: Zamazenta\n|-damage|p1a: Zamazenta|0 fnt\n|-damage|p1b: Dragonite|11/100\n|faint|p1a: Zamazenta\n|-activate|p1b: Dragonite|confusion\n|move|p1b: Dragonite|Outrage|p2a: Terapagos\n|-damage|p2a: Terapagos|14/100\n|\n|upkeep\n|j| riyuezi\n|\n|t:|1768223348\n|switch|p1a: Calyrex|Calyrex-Shadow, L50|100/100\n|-ability|p1a: Calyrex|As One\n|-ability|p1a: Calyrex|Unnerve\n|turn|9\n|\n|t:|1768223360\n|move|p1a: Calyrex|Astral Barrage|p2a: Terapagos|[spread] p2b\n|-immune|p2a: Terapagos\n|-supereffective|p2b: Sinistcha\n|-damage|p2b: Sinistcha|0 fnt\n|faint|p2b: Sinistcha\n|-ability|p1a: Calyrex|Grim Neigh|boost\n|-boost|p1a: Calyrex|spa|1\n|move|p2a: Terapagos|Tera Starstorm|p1a: Calyrex|[spread] p1a,p1b\n|-damage|p1a: Calyrex|46/100\n|-damage|p1b: Dragonite|0 fnt\n|faint|p1b: Dragonite\n|\n|upkeep\n|\n|t:|1768223363\n|switch|p2b: Miraidon|Miraidon, L50|100/100\n|-fieldstart|move: Electric Terrain|[from] ability: Hadron Engine|[of] p2b: Miraidon\n|turn|10\n|\n|t:|1768223372\n|move|p1a: Calyrex|Astral Barrage|p2b: Miraidon|[spread] p2b\n|-immune|p2a: Terapagos\n|-damage|p2b: Miraidon|61/100\n|move|p2b: Miraidon|Electro Drift|p1a: Calyrex\n|-damage|p1a: Calyrex|0 fnt\n|faint|p1a: Calyrex\n|\n|win|cookbayz\n|raw|VJ2511's rating: 1384 &rarr; <strong>1357</strong><br />(-27 for losing)\n|raw|cookbayz's rating: 1252 &rarr; <strong>1286</strong><br />(+34 for winning)\n|l|\u2606VJ2511\n|player|p1|\n|l| riyuezi\n","uploadtime":1768223637,"views":12,"formatid":"gen9vgc2026regi","rating":1286,"private":0,"password":null}