{"id":"gen9vgc2026regi-2536783434","format":"[Gen 9] VGC 2026 Reg I","players":["JOJOJEJEJA","kojimuranishi"],"log":"|j|\u2606JOJOJEJEJA\n|j|\u2606kojimuranishi\n|t:|1770736489\n|gametype|doubles\n|player|p1|JOJOJEJEJA|170|1380\n|player|p2|kojimuranishi|101|1529\n|gen|9\n|tier|[Gen 9] VGC 2026 Reg I\n|rated|\n|rule|Species Clause: Limit one of each Pok\u00e9mon\n|rule|Item Clause: Limit 1 of each item\n|clearpoke\n|poke|p1|Dondozo, L50, M|\n|poke|p1|Tatsugiri, L50, M|\n|poke|p1|Calyrex-Shadow, L50|\n|poke|p1|Kyogre, L50|\n|poke|p1|Rillaboom, L50, M|\n|poke|p1|Raichu, L50, M|\n|poke|p2|Whimsicott, L50, F|\n|poke|p2|Chi-Yu, L50|\n|poke|p2|Calyrex-Ice, L50|\n|poke|p2|Miraidon, L50|\n|poke|p2|Ursaluna, L50, M|\n|poke|p2|Torkoal, L50, M|\n|teampreview|4\n|inactive|Battle timer is ON: inactive players will automatically lose when time's up. (requested by kojimuranishi)\n|\n|t:|1770736520\n|teamsize|p1|4\n|teamsize|p2|4\n|start\n|switch|p1a: Kyogre|Kyogre, L50|100/100\n|switch|p1b: Rillaboom|Rillaboom, L50, M|100/100\n|switch|p2a: Chi-Yu|Chi-Yu, L50|100/100\n|switch|p2b: Torkoal|Torkoal, L50, M|100/100\n|-weather|RainDance|[from] ability: Drizzle|[of] p1a: Kyogre\n|-ability|p2a: Chi-Yu|Beads of Ruin\n|-fieldstart|move: Grassy Terrain|[from] ability: Grassy Surge|[of] p1b: Rillaboom\n|-weather|SunnyDay|[from] ability: Drought|[of] p2b: Torkoal\n|turn|1\n|inactive|kojimuranishi has 30 seconds left.\n|\n|t:|1770736548\n|-terastallize|p1a: Kyogre|Water\n|move|p1b: Rillaboom|Grassy Glide|p2a: Chi-Yu\n|-resisted|p2a: Chi-Yu\n|-damage|p2a: Chi-Yu|49/100\n|move|p1a: Kyogre|Water Spout|p2b: Torkoal|[spread] p2a,p2b\n|-supereffective|p2a: Chi-Yu\n|-supereffective|p2b: Torkoal\n|-damage|p2a: Chi-Yu|0 fnt\n|-damage|p2b: Torkoal|33/100\n|faint|p2a: Chi-Yu\n|move|p2b: Torkoal|Weather Ball|p1b: Rillaboom\n|-supereffective|p1b: Rillaboom\n|-damage|p1b: Rillaboom|0 fnt\n|faint|p1b: Rillaboom\n|\n|-weather|SunnyDay|[upkeep]\n|-heal|p2b: Torkoal|39/100|[from] Grassy Terrain\n|upkeep\n|j| lunala fairy ghost\n|l| lunala fairy ghost\n|\n|t:|1770736570\n|switch|p2a: Miraidon|Miraidon, L50|100/100\n|switch|p1b: Calyrex|Calyrex-Shadow, L50|100/100\n|-ability|p1b: Calyrex|As One\n|-ability|p1b: Calyrex|Unnerve\n|-fieldstart|move: Electric Terrain|[from] ability: Hadron Engine|[of] p2a: Miraidon\n|turn|2\n|\n|t:|1770736590\n|switch|p1a: Raichu|Raichu, L50, M|100/100\n|-item|p1a: Raichu|Air Balloon\n|switch|p2b: Whimsicott|Whimsicott, L50, F|100/100\n|move|p2a: Miraidon|Snarl|p1b: Calyrex|[spread] p1a,p1b\n|-supereffective|p1b: Calyrex\n|-damage|p1a: Raichu|75/100\n|-damage|p1b: Calyrex|21/100\n|-unboost|p1a: Raichu|spa|1\n|-unboost|p1b: Calyrex|spa|1\n|-enditem|p1a: Raichu|Air Balloon\n|move|p1b: Calyrex|Astral Barrage|p2b: Whimsicott|[spread] p2a,p2b\n|-damage|p2a: Miraidon|54/100\n|-damage|p2b: Whimsicott|5/100\n|\n|-weather|SunnyDay|[upkeep]\n|upkeep\n|turn|3\n|inactive|JOJOJEJEJA has 30 seconds left.\n|inactive|kojimuranishi has 30 seconds left.\n|inactive|JOJOJEJEJA has 20 seconds left.\n|inactive|kojimuranishi has 20 seconds left.\n|inactive|JOJOJEJEJA has 15 seconds left.\n|inactive|kojimuranishi has 15 seconds left.\n|inactive|JOJOJEJEJA has 10 seconds left.\n|inactive|kojimuranishi has 10 seconds left.\n|inactive|JOJOJEJEJA has 5 seconds left.\n|inactive|kojimuranishi has 5 seconds left.\n|\n|t:|1770736642\n|switch|p2b: Torkoal|Torkoal, L50, M|39/100\n|move|p1a: Raichu|Fake Out|p2b: Torkoal\n|-damage|p2b: Torkoal|33/100\n|move|p2a: Miraidon|Snarl|p1a: Raichu|[spread] p1a,p1b\n|-supereffective|p1b: Calyrex\n|-damage|p1a: Raichu|48/100\n|-damage|p1b: Calyrex|0 fnt\n|-unboost|p1a: Raichu|spa|1\n|faint|p1b: Calyrex\n|\n|-weather|SunnyDay|[upkeep]\n|upkeep\n|\n|t:|1770736653\n|switch|p1b: Kyogre|Kyogre, L50, tera:Water|100/100\n|-weather|RainDance|[from] ability: Drizzle|[of] p1b: Kyogre\n|turn|4\n|\n|t:|1770736668\n|switch|p2b: Whimsicott|Whimsicott, L50, F|5/100\n|move|p2a: Miraidon|Snarl|p1a: Raichu|[spread] p1a,p1b\n|-damage|p1a: Raichu|24/100\n|-damage|p1b: Kyogre|84/100\n|-unboost|p1a: Raichu|spa|1\n|-unboost|p1b: Kyogre|spa|1\n|move|p1b: Kyogre|Ice Beam|p2a: Miraidon\n|-supereffective|p2a: Miraidon\n|-damage|p2a: Miraidon|14/100\n|move|p1a: Raichu|Nuzzle|p2b: Whimsicott\n|-resisted|p2b: Whimsicott\n|-damage|p2b: Whimsicott|0 fnt\n|faint|p2b: Whimsicott\n|\n|-weather|RainDance|[upkeep]\n|upkeep\n|\n|t:|1770736685\n|switch|p2b: Torkoal|Torkoal, L50, M|33/100\n|-weather|SunnyDay|[from] ability: Drought|[of] p2b: Torkoal\n|turn|5\n|\n|t:|1770736692\n|-terastallize|p2a: Miraidon|Electric\n|move|p1a: Raichu|Protect|p1a: Raichu\n|-singleturn|p1a: Raichu|Protect\n|move|p2a: Miraidon|Snarl|p1a: Raichu|[spread] p1b\n|-activate|p1a: Raichu|move: Protect\n|-damage|p1b: Kyogre|68/100\n|-unboost|p1b: Kyogre|spa|1\n|move|p1b: Kyogre|Ice Beam|p2a: Miraidon\n|-damage|p2a: Miraidon|0 fnt\n|faint|p2a: Miraidon\n|move|p2b: Torkoal|Solar Beam||[still]\n|-prepare|p2b: Torkoal|Solar Beam\n|-anim|p2b: Torkoal|Solar Beam|p1b: Kyogre\n|-supereffective|p1b: Kyogre\n|-damage|p1b: Kyogre|31/100\n|\n|-weather|SunnyDay|[upkeep]\n|upkeep\n|turn|6\n|\n|t:|1770736713\n|move|p1b: Kyogre|Ice Beam|p2b: Torkoal\n|-resisted|p2b: Torkoal\n|-damage|p2b: Torkoal|28/100\n|move|p1a: Raichu|Nuzzle|p2b: Torkoal\n|-damage|p2b: Torkoal|21/100\n|-status|p2b: Torkoal|par\n|move|p2b: Torkoal|Weather Ball|p1b: Kyogre\n|-resisted|p1b: Kyogre\n|-damage|p1b: Kyogre|13/100\n|\n|-weather|SunnyDay|[upkeep]\n|-fieldend|move: Electric Terrain\n|upkeep\n|turn|7\n|\n|t:|1770736732\n|move|p1b: Kyogre|Ice Beam|p2b: Torkoal\n|-resisted|p2b: Torkoal\n|-damage|p2b: Torkoal|16/100 par\n|move|p1a: Raichu|Nuzzle|p2b: Torkoal\n|-damage|p2b: Torkoal|11/100 par\n|move|p2b: Torkoal|Earth Power|p1a: Raichu\n|-supereffective|p1a: Raichu\n|-damage|p1a: Raichu|0 fnt\n|faint|p1a: Raichu\n|\n|-weather|SunnyDay|[upkeep]\n|upkeep\n|turn|8\n|\n|t:|1770736746\n|move|p1b: Kyogre|Ice Beam|p2b: Torkoal\n|-resisted|p2b: Torkoal\n|-damage|p2b: Torkoal|6/100 par\n|move|p2b: Torkoal|Solar Beam||[still]\n|-prepare|p2b: Torkoal|Solar Beam\n|-anim|p2b: Torkoal|Solar Beam|p1b: Kyogre\n|-supereffective|p1b: Kyogre\n|-damage|p1b: Kyogre|0 fnt\n|faint|p1b: Kyogre\n|\n|win|kojimuranishi\n|raw|JOJOJEJEJA's rating: 1380 &rarr; <strong>1368</strong><br />(-12 for losing)\n|raw|kojimuranishi's rating: 1529 &rarr; <strong>1541</strong><br />(+12 for winning)\n|l|\u2606JOJOJEJEJA\n|player|p1|\n","uploadtime":1770736957,"views":15,"formatid":"gen9vgc2026regi","rating":1368,"private":0,"password":null}