{"id":"gen9vgc2026regi-2534947420","format":"[Gen 9] VGC 2026 Reg I","players":["woodenblab","j0l0k0"],"log":"|j|\u2606woodenblab\n|j|\u2606j0l0k0\n|t:|1770495697\n|gametype|doubles\n|player|p1|woodenblab|n|1285\n|player|p2|j0l0k0|brycen|1455\n|gen|9\n|tier|[Gen 9] VGC 2026 Reg I\n|rated|\n|rule|Species Clause: Limit one of each Pok\u00e9mon\n|rule|Item Clause: Limit 1 of each item\n|clearpoke\n|poke|p1|Kyogre, L50|\n|poke|p1|Wo-Chien, L50|\n|poke|p1|Incineroar, L50, M|\n|poke|p1|Tornadus, L50, M|\n|poke|p1|Calyrex-Ice, L50|\n|poke|p1|Raichu, L50, F|\n|poke|p2|Calyrex-Ice, L50|\n|poke|p2|Kyogre, L50|\n|poke|p2|Indeedee-F, L50, F|\n|poke|p2|Urshifu-*, L50, F|\n|poke|p2|Amoonguss, L50, F|\n|poke|p2|Landorus, L50, M|\n|teampreview|4\n|inactive|Battle timer is ON: inactive players will automatically lose when time's up. (requested by j0l0k0)\n|\n|t:|1770495715\n|teamsize|p1|4\n|teamsize|p2|4\n|start\n|switch|p1a: Kyogre|Kyogre, L50|100/100\n|switch|p1b: Wo-Chien|Wo-Chien, L50|100/100\n|switch|p2a: Kyogre|Kyogre, L50, shiny|100/100\n|switch|p2b: Indeedee|Indeedee-F, L50, F, shiny|100/100\n|-ability|p1b: Wo-Chien|Tablets of Ruin\n|-weather|RainDance|[from] ability: Drizzle|[of] p1a: Kyogre\n|-fieldstart|move: Psychic Terrain|[from] ability: Psychic Surge|[of] p2b: Indeedee\n|turn|1\n|\n|t:|1770495728\n|-terastallize|p2a: Kyogre|Grass\n|move|p2b: Indeedee|Helping Hand|p2a: Kyogre\n|-singleturn|p2a: Kyogre|Helping Hand|[of] p2b: Indeedee\n|move|p1b: Wo-Chien|Snarl|p2a: Kyogre|[spread] p2a,p2b\n|-supereffective|p2b: Indeedee\n|-damage|p2a: Kyogre|94/100\n|-damage|p2b: Indeedee|77/100\n|-unboost|p2a: Kyogre|spa|1\n|-unboost|p2b: Indeedee|spa|1\n|move|p1a: Kyogre|Calm Mind|p1a: Kyogre\n|-boost|p1a: Kyogre|spa|1\n|-boost|p1a: Kyogre|spd|1\n|move|p2a: Kyogre|Thunder|p1a: Kyogre\n|-supereffective|p1a: Kyogre\n|-damage|p1a: Kyogre|59/100\n|\n|-weather|RainDance|[upkeep]\n|-heal|p1a: Kyogre|65/100|[from] item: Leftovers\n|upkeep\n|turn|2\n|\n|t:|1770495751\n|move|p2b: Indeedee|Helping Hand|p2a: Kyogre\n|-singleturn|p2a: Kyogre|Helping Hand|[of] p2b: Indeedee\n|move|p1b: Wo-Chien|Snarl|p2b: Indeedee|[spread] p2a,p2b\n|-crit|p2a: Kyogre\n|-supereffective|p2b: Indeedee\n|-damage|p2a: Kyogre|84/100\n|-damage|p2b: Indeedee|53/100\n|-unboost|p2a: Kyogre|spa|1\n|-unboost|p2b: Indeedee|spa|1\n|move|p1a: Kyogre|Calm Mind|p1a: Kyogre\n|-boost|p1a: Kyogre|spa|1\n|-boost|p1a: Kyogre|spd|1\n|move|p2a: Kyogre|Thunder|p1a: Kyogre\n|-supereffective|p1a: Kyogre\n|-damage|p1a: Kyogre|41/100\n|\n|-weather|RainDance|[upkeep]\n|-heal|p1a: Kyogre|47/100|[from] item: Leftovers\n|upkeep\n|turn|3\n|\n|t:|1770495771\n|move|p1b: Wo-Chien|Pollen Puff|p1a: Kyogre\n|-heal|p1a: Kyogre|97/100\n|move|p1a: Kyogre|Water Spout|p2a: Kyogre|[spread] p2a,p2b\n|-resisted|p2a: Kyogre\n|-damage|p2a: Kyogre|48/100\n|-damage|p2b: Indeedee|0 fnt\n|faint|p2b: Indeedee\n|move|p2a: Kyogre|Thunder|p1a: Kyogre\n|-supereffective|p1a: Kyogre\n|-damage|p1a: Kyogre|81/100\n|-status|p1a: Kyogre|par\n|\n|-weather|RainDance|[upkeep]\n|-heal|p1a: Kyogre|87/100 par|[from] item: Leftovers\n|upkeep\n|\n|t:|1770495786\n|switch|p2b: Calyrex|Calyrex-Ice, L50|100/100\n|-ability|p2b: Calyrex|As One\n|-ability|p2b: Calyrex|Unnerve\n|turn|4\n|\n|t:|1770495799\n|switch|p1b: Incineroar|Incineroar, L50, M|100/100\n|-ability|p1b: Incineroar|Intimidate|boost\n|-unboost|p2a: Kyogre|atk|1\n|-fail|p2b: Calyrex|unboost|[from] item: Clear Amulet|[of] p2b: Calyrex\n|switch|p2a: Landorus|Landorus, L50, M, shiny|100/100\n|move|p1a: Kyogre|Water Spout|p2a: Landorus|[spread] p2a,p2b\n|-supereffective|p2a: Landorus\n|-damage|p2a: Landorus|0 fnt\n|-damage|p2b: Calyrex|0 fnt\n|faint|p2a: Landorus\n|faint|p2b: Calyrex\n|\n|-weather|RainDance|[upkeep]\n|-heal|p1a: Kyogre|93/100 par|[from] item: Leftovers\n|upkeep\n|\n|t:|1770495814\n|switch|p2b: Kyogre|Kyogre, L50, shiny, tera:Grass|48/100\n|turn|5\n|c|\u2606j0l0k0|ggwp\n|\n|t:|1770495820\n|move|p1b: Incineroar|Fake Out|p2b: Kyogre\n|-activate|p2b: Kyogre|move: Psychic Terrain\n|move|p2b: Kyogre|Water Spout|p1b: Incineroar|[spread] p1a,p1b\n|-resisted|p1a: Kyogre\n|-supereffective|p1b: Incineroar\n|-damage|p1a: Kyogre|85/100 par\n|-damage|p1b: Incineroar|14/100\n|move|p1a: Kyogre|Water Spout|p2b: Kyogre\n|-resisted|p2b: Kyogre\n|-damage|p2b: Kyogre|3/100\n|\n|-weather|none\n|-heal|p1a: Kyogre|92/100 par|[from] item: Leftovers\n|-fieldend|move: Psychic Terrain\n|upkeep\n|turn|6\n|c|\u2606woodenblab|Gg\n|inactive|woodenblab has 30 seconds left.\n|\n|t:|1770495850\n|move|p2b: Kyogre|Thunder|p1a: Kyogre\n|-supereffective|p1a: Kyogre\n|-damage|p1a: Kyogre|58/100 par\n|move|p1b: Incineroar|Knock Off|p2b: Kyogre\n|-damage|p2b: Kyogre|0 fnt\n|-enditem|p2b: Kyogre|Assault Vest|[from] move: Knock Off|[of] p1b: Incineroar\n|faint|p2b: Kyogre\n|\n|win|woodenblab\n|raw|woodenblab's rating: 1285 &rarr; <strong>1321</strong><br />(+36 for winning)\n|raw|j0l0k0's rating: 1455 &rarr; <strong>1426</strong><br />(-29 for losing)\n|l|\u2606j0l0k0\n|player|p2|\n|l|\u2606woodenblab\n|player|p1|\n","uploadtime":1770496081,"views":20,"formatid":"gen9vgc2026regi","rating":1321,"private":0,"password":null}