{"id":"gen9vgc2026regi-2577651556","format":"[Gen 9] VGC 2026 Reg I","players":["L0P3S","datbishgames"],"log":"|j|\u2606L0P3S\n|j|\u2606datbishgames\n|t:|1775593266\n|gametype|doubles\n|player|p1|L0P3S|twins-gen4dp|1123\n|player|p2|datbishgames|mira|1187\n|gen|9\n|tier|[Gen 9] VGC 2026 Reg I\n|rated|\n|rule|Species Clause: Limit one of each Pok\u00e9mon\n|rule|Item Clause: Limit 1 of each item\n|clearpoke\n|poke|p1|Koraidon, L50|\n|poke|p1|Calyrex-Shadow, L50|\n|poke|p1|Sneasler, L50, F|\n|poke|p1|Rillaboom, L50, M|\n|poke|p1|Scream Tail, L50|\n|poke|p1|Bronzong, L50|\n|poke|p2|Dialga-Origin, L50|\n|poke|p2|Ho-Oh, L50|\n|poke|p2|Rotom-Wash, L50|\n|poke|p2|Amoonguss, L50, M|\n|poke|p2|Ursaluna, L50, M|\n|poke|p2|Zoroark-Hisui, L50, M|\n|teampreview|4\n|inactive|Battle timer is ON: inactive players will automatically lose when time's up. (requested by datbishgames)\n|inactive|L0P3S also wants the timer to be on.\nL0P3S rejected open team sheets.\n|\n|t:|1775593294\n|teamsize|p1|4\n|teamsize|p2|4\n|start\n|switch|p1a: Scream Tail|Scream Tail, L50|100/100\n|switch|p1b: Koraidon|Koraidon, L50|100/100\n|switch|p2a: Dialga|Dialga-Origin, L50|100/100\n|switch|p2b: Ho-Oh|Ho-Oh, L50|100/100\n|-weather|SunnyDay|[from] ability: Orichalcum Pulse|[of] p1b: Koraidon\n|-activate|p1a: Scream Tail|ability: Protosynthesis\n|-start|p1a: Scream Tail|protosynthesisspe\n|-activate|p1b: Koraidon|Orichalcum Pulse|[source]\n|turn|1\n|\n|t:|1775593316\n|move|p1b: Koraidon|Protect|p1b: Koraidon\n|-singleturn|p1b: Koraidon|Protect\n|move|p1a: Scream Tail|Perish Song|p1a: Scream Tail\n|-start|p1a: Scream Tail|perish3|[silent]\n|-start|p1b: Koraidon|perish3|[silent]\n|-start|p2a: Dialga|perish3|[silent]\n|-start|p2b: Ho-Oh|perish3|[silent]\n|-fieldactivate|move: Perish Song\n|move|p2a: Dialga|Icy Wind|p1a: Scream Tail|[spread] p1a\n|-activate|p1b: Koraidon|move: Protect\n|-damage|p1a: Scream Tail|90/100\n|-unboost|p1a: Scream Tail|spe|1\n|-enditem|p1a: Scream Tail|Eject Button\n|\n|t:|1775593327\n|-end|p1a: Scream Tail|Protosynthesis|[silent]\n|switch|p1a: Bronzong|Bronzong, L50|100/100\n|move|p2b: Ho-Oh|Tailwind|p2b: Ho-Oh\n|-sidestart|p2: datbishgames|move: Tailwind\n|\n|-weather|SunnyDay|[upkeep]\n|-start|p2a: Dialga|perish3\n|-start|p2b: Ho-Oh|perish3\n|-start|p1b: Koraidon|perish3\n|upkeep\n|turn|2\n|\n|t:|1775593345\n|move|p2a: Dialga|Bitter Malice|p1a: Bronzong\n|-supereffective|p1a: Bronzong\n|-damage|p1a: Bronzong|37/100\n|-unboost|p1a: Bronzong|atk|1\n|move|p2b: Ho-Oh|Sacred Fire|p1a: Bronzong\n|-supereffective|p1a: Bronzong\n|-damage|p1a: Bronzong|0 fnt\n|faint|p1a: Bronzong\n|move|p1b: Koraidon|Flare Blitz|p2a: Dialga\n|-enditem|p2a: Dialga|Focus Sash\n|-damage|p2a: Dialga|1/100\n|replace|p2a: Zoroark|Zoroark-Hisui, L50, M\n|-end|p2a: Zoroark|Illusion\n|-damage|p1b: Koraidon|76/100|[from] Recoil\n|\n|-weather|SunnyDay|[upkeep]\n|-start|p2a: Zoroark|perish2\n|-start|p2b: Ho-Oh|perish2\n|-start|p1b: Koraidon|perish2\n|upkeep\n|\n|t:|1775593360\n|switch|p1a: Calyrex|Calyrex-Shadow, L50|100/100\n|-ability|p1a: Calyrex|As One\n|-ability|p1a: Calyrex|Unnerve\n|turn|3\n|\n|t:|1775593376\n|switch|p2b: Ursaluna|Ursaluna, L50, M|100/100\n|move|p1a: Calyrex|Protect|p1a: Calyrex\n|-singleturn|p1a: Calyrex|Protect\n|move|p2a: Zoroark|Icy Wind|p1a: Calyrex|[spread] p1b\n|-activate|p1a: Calyrex|move: Protect\n|-supereffective|p1b: Koraidon\n|-damage|p1b: Koraidon|46/100\n|move|p1b: Koraidon|Dragon Claw|p2b: Ursaluna\n|-damage|p2b: Ursaluna|53/100\n|\n|-weather|SunnyDay|[upkeep]\n|-start|p2a: Zoroark|perish1\n|-start|p1b: Koraidon|perish1\n|-status|p2b: Ursaluna|brn|[from] item: Flame Orb\n|upkeep\n|turn|4\n|inactive|datbishgames has 30 seconds left.\n|\n|t:|1775593402\n|switch|p1b: Scream Tail|Scream Tail, L50|90/100\n|-activate|p1b: Scream Tail|ability: Protosynthesis\n|-start|p1b: Scream Tail|protosynthesisspe\n|move|p2a: Zoroark|Bitter Malice|p1a: Calyrex\n|-supereffective|p1a: Calyrex\n|-damage|p1a: Calyrex|0 fnt\n|faint|p1a: Calyrex\n|move|p2b: Ursaluna|Earthquake|p1b: Scream Tail|[spread] p2a,p1b\n|-crit|p2a: Zoroark\n|-damage|p2a: Zoroark|0 fnt\n|-damage|p1b: Scream Tail|53/100\n|faint|p2a: Zoroark\n|\n|-weather|SunnyDay|[upkeep]\n|-damage|p2b: Ursaluna|47/100 brn|[from] brn\n|-sideend|p2: datbishgames|move: Tailwind\n|upkeep\n|\n|t:|1775593420\n|switch|p1a: Koraidon|Koraidon, L50|46/100\n|switch|p2a: Ho-Oh|Ho-Oh, L50|100/100\n|-activate|p1a: Koraidon|ability: Orichalcum Pulse\n|turn|5\n|-message|L0P3S forfeited.\n|\n|win|datbishgames\n|raw|L0P3S's rating: 1123 &rarr; <strong>1103</strong><br />(-20 for losing)\n|raw|datbishgames's rating: 1187 &rarr; <strong>1207</strong><br />(+20 for winning)\n|l|\u2606L0P3S\n|player|p1|\n|l|\u2606datbishgames\n|player|p2|\n","uploadtime":1775593672,"views":8,"formatid":"gen9vgc2026regi","rating":1103,"private":0,"password":null}