{"id":"gen9vgc2026regi-2520023735","format":"[Gen 9] VGC 2026 Reg I","players":["freegrgr","marcxhenry"],"log":"|j|\u2606freegrgr\n|j|\u2606marcxhenry\n|t:|1768581038\n|gametype|doubles\n|player|p1|freegrgr|dawn|1273\n|player|p2|marcxhenry|hilbert-wonderlauncher|1444\n|gen|9\n|tier|[Gen 9] VGC 2026 Reg I\n|rated|\n|rule|Species Clause: Limit one of each Pok\u00e9mon\n|rule|Item Clause: Limit 1 of each item\n|clearpoke\n|poke|p1|Koraidon, L50|\n|poke|p1|Calyrex-Ice, L50|\n|poke|p1|Incineroar, L50, M|\n|poke|p1|Smeargle, L50, F|\n|poke|p1|Rillaboom, L50, F|\n|poke|p1|Landorus, L50, M|\n|poke|p2|Calyrex-Shadow, L50|\n|poke|p2|Urshifu-*, L50, M|\n|poke|p2|Roaring Moon, L50|\n|poke|p2|Kyogre, L50|\n|poke|p2|Tsareena, L50, F|\n|poke|p2|Kingambit, L50, M|\n|teampreview|4\n|inactive|Battle timer is ON: inactive players will automatically lose when time's up. (requested by freegrgr)\n|\n|t:|1768581056\n|teamsize|p1|4\n|teamsize|p2|4\n|start\n|switch|p1a: Calyrex|Calyrex-Ice, L50|100/100\n|switch|p1b: Smeargle|Smeargle, L50, F, shiny|100/100\n|switch|p2a: Rhein\u00fcbung|Urshifu-Rapid-Strike, L50, M|100/100\n|switch|p2b: Eva|Tsareena, L50, F, shiny|100/100\n|-ability|p1a: Calyrex|As One\n|-ability|p1a: Calyrex|Unnerve\n|turn|1\n|\n|t:|1768581081\n|-terastallize|p2b: Eva|Water\n|-terastallize|p1a: Calyrex|Fairy\n|move|p1b: Smeargle|Follow Me|p1b: Smeargle\n|-singleturn|p1b: Smeargle|move: Follow Me\n|move|p2a: Rhein\u00fcbung|Surging Strikes|p1b: Smeargle\n|-crit|p1b: Smeargle\n|-damage|p1b: Smeargle|61/100\n|-crit|p1b: Smeargle\n|-damage|p1b: Smeargle|22/100\n|-crit|p1b: Smeargle\n|-damage|p1b: Smeargle|0 fnt\n|faint|p1b: Smeargle\n|-hitcount|p1: Smeargle|3\n|move|p2b: Eva|Triple Axel|p1a: Calyrex\n|-damage|p1a: Calyrex|96/100\n|-damage|p1a: Calyrex|86/100\n|-damage|p1a: Calyrex|72/100\n|-hitcount|p1a: Calyrex|3\n|move|p1a: Calyrex|Glacial Lance|p2b: Eva|[spread] p2a,p2b\n|-resisted|p2a: Rhein\u00fcbung\n|-resisted|p2b: Eva\n|-damage|p2a: Rhein\u00fcbung|75/100\n|-damage|p2b: Eva|67/100\n|\n|-heal|p1a: Calyrex|77/100|[from] item: Leftovers\n|upkeep\n|\n|t:|1768581087\n|switch|p1b: Koraidon|Koraidon, L50, shiny|100/100\n|-weather|SunnyDay|[from] ability: Orichalcum Pulse|[of] p1b: Koraidon\n|-activate|p1b: Koraidon|Orichalcum Pulse|[source]\n|turn|2\n|\n|t:|1768581110\n|switch|p2b: Tripitz|Kyogre, L50, shiny|100/100\n|-weather|RainDance|[from] ability: Drizzle|[of] p2b: Tripitz\n|switch|p1a: Rillaboom|Rillaboom, L50, F, shiny|100/100\n|-fieldstart|move: Grassy Terrain|[from] ability: Grassy Surge|[of] p1a: Rillaboom\n|move|p2a: Rhein\u00fcbung|Surging Strikes|p1a: Rillaboom\n|-resisted|p1a: Rillaboom\n|-crit|p1a: Rillaboom\n|-damage|p1a: Rillaboom|84/100\n|-resisted|p1a: Rillaboom\n|-crit|p1a: Rillaboom\n|-damage|p1a: Rillaboom|67/100\n|-resisted|p1a: Rillaboom\n|-crit|p1a: Rillaboom\n|-damage|p1a: Rillaboom|50/100\n|-hitcount|p1a: Rillaboom|3\n|move|p1b: Koraidon|Collision Course|p2b: Tripitz\n|-damage|p2b: Tripitz|44/100\n|\n|-weather|RainDance|[upkeep]\n|-heal|p2a: Rhein\u00fcbung|80/100|[from] Grassy Terrain\n|-heal|p1a: Rillaboom|56/100|[from] Grassy Terrain\n|-heal|p2b: Tripitz|50/100|[from] Grassy Terrain\n|upkeep\n|turn|3\n|l|\u2606freegrgr\n|inactive|freegrgr disconnected and has a minute to reconnect!\n|player|p1|\n|\n|t:|1768581133\n|switch|p2b: Eva|Tsareena, L50, F, shiny, tera:Water|67/100\n|move|p2a: Rhein\u00fcbung|Surging Strikes|p1a: Rillaboom\n|-resisted|p1a: Rillaboom\n|-crit|p1a: Rillaboom\n|-damage|p1a: Rillaboom|41/100\n|-resisted|p1a: Rillaboom\n|-crit|p1a: Rillaboom\n|-damage|p1a: Rillaboom|24/100\n|-resisted|p1a: Rillaboom\n|-crit|p1a: Rillaboom\n|-damage|p1a: Rillaboom|8/100\n|-hitcount|p1a: Rillaboom|3\n|move|p1b: Koraidon|Collision Course|p2b: Eva\n|-damage|p2b: Eva|0 fnt\n|faint|p2b: Eva\n|move|p1a: Rillaboom|U-turn|p2a: Rhein\u00fcbung\n|-resisted|p2a: Rhein\u00fcbung\n|-damage|p2a: Rhein\u00fcbung|70/100\n|j|\u2606freegrgr\n|inactive|freegrgr reconnected and has 40 seconds left.\n|player|p1|freegrgr|dawn|\n|\n|t:|1768581151\n|switch|p1a: Calyrex|Calyrex-Ice, L50, tera:Fairy|77/100|[from] U-turn\n|-ability|p1a: Calyrex|As One\n|-ability|p1a: Calyrex|Unnerve\n|\n|-weather|RainDance|[upkeep]\n|-heal|p2a: Rhein\u00fcbung|76/100|[from] Grassy Terrain\n|-heal|p1a: Calyrex|83/100|[from] Grassy Terrain\n|-heal|p1a: Calyrex|89/100|[from] item: Leftovers\n|upkeep\n|\n|t:|1768581160\n|switch|p2b: Ludwig|Calyrex-Shadow, L50|100/100\n|-ability|p2b: Ludwig|As One\n|-ability|p2b: Ludwig|Unnerve\n|turn|4\n|\n|t:|1768581178\n|switch|p1b: Rillaboom|Rillaboom, L50, F, shiny|8/100\n|move|p2a: Rhein\u00fcbung|Surging Strikes|p1a: Calyrex\n|-crit|p1a: Calyrex\n|-damage|p1a: Calyrex|68/100\n|-crit|p1a: Calyrex\n|-damage|p1a: Calyrex|48/100\n|-crit|p1a: Calyrex\n|-damage|p1a: Calyrex|26/100\n|-hitcount|p1a: Calyrex|3\n|move|p2b: Ludwig|Psychic|p1b: Rillaboom\n|-damage|p1b: Rillaboom|0 fnt\n|faint|p1b: Rillaboom\n|-ability|p2b: Ludwig|Grim Neigh|boost\n|-boost|p2b: Ludwig|spa|1\n|move|p1a: Calyrex|Glacial Lance|p2b: Ludwig|[spread] p2a,p2b\n|-resisted|p2a: Rhein\u00fcbung\n|-damage|p2a: Rhein\u00fcbung|46/100\n|-damage|p2b: Ludwig|35/100\n|\n|-weather|RainDance|[upkeep]\n|-heal|p2a: Rhein\u00fcbung|52/100|[from] Grassy Terrain\n|-heal|p2b: Ludwig|41/100|[from] Grassy Terrain\n|-heal|p1a: Calyrex|32/100|[from] Grassy Terrain\n|-heal|p1a: Calyrex|38/100|[from] item: Leftovers\n|upkeep\n|\n|t:|1768581182\n|switch|p1b: Koraidon|Koraidon, L50, shiny|100/100\n|-weather|SunnyDay|[from] ability: Orichalcum Pulse|[of] p1b: Koraidon\n|-activate|p1b: Koraidon|Orichalcum Pulse|[source]\n|turn|5\n|-message|freegrgr forfeited.\n|\n|win|marcxhenry\n|raw|freegrgr's rating: 1273 &rarr; <strong>1259</strong><br />(-14 for losing)\n|raw|marcxhenry's rating: 1444 &rarr; <strong>1455</strong><br />(+11 for winning)\n|l|\u2606freegrgr\n|player|p1|\n|l|\u2606marcxhenry\n|player|p2|\n","uploadtime":1768581383,"views":7,"formatid":"gen9vgc2026regi","rating":1259,"private":0,"password":null}