{"id":"gen9vgc2026regi-2543962713","format":"[Gen 9] VGC 2026 Reg I","players":["Coreydfgh","BlueKnightmare"],"log":"|j|\u2606Coreydfgh\n|j|\u2606BlueKnightmare\n|t:|1771635920\n|gametype|doubles\n|player|p1|Coreydfgh|101|1437\n|player|p2|BlueKnightmare|265|1331\n|gen|9\n|tier|[Gen 9] VGC 2026 Reg I\n|rated|\n|rule|Species Clause: Limit one of each Pok\u00e9mon\n|rule|Item Clause: Limit 1 of each item\n|clearpoke\n|poke|p1|Calyrex-Ice, L50|\n|poke|p1|Indeedee-F, L50, F|\n|poke|p1|Torkoal, L50, F|\n|poke|p1|Brute Bonnet, L50|\n|poke|p1|Lunala, L50|\n|poke|p1|Iron Hands, L50|\n|poke|p2|Palkia, L50|\n|poke|p2|Miraidon, L50|\n|poke|p2|Ursaluna, L50, F|\n|poke|p2|Iron Bundle, L50|\n|poke|p2|Iron Hands, L50|\n|poke|p2|Chi-Yu, L50|\n|teampreview|4\n|c|\u2606BlueKnightmare|gl hf\n|\n|t:|1771635953\n|teamsize|p1|4\n|teamsize|p2|4\n|start\n|switch|p1a: Calyrex|Calyrex-Ice, L50|100/100\n|switch|p1b: Iron Hands|Iron Hands, L50|100/100\n|switch|p2a: Palkia|Palkia, L50, shiny|100/100\n|switch|p2b: Chi-Yu|Chi-Yu, L50|100/100\n|-ability|p1a: Calyrex|As One\n|-ability|p1a: Calyrex|Unnerve\n|-ability|p2b: Chi-Yu|Beads of Ruin\n|turn|1\n|\n|t:|1771635960\n|-terastallize|p1a: Calyrex|Water\n|move|p2a: Palkia|Protect|p2a: Palkia\n|-singleturn|p2a: Palkia|Protect\n|move|p1b: Iron Hands|Fake Out|p2a: Palkia\n|-activate|p2a: Palkia|move: Protect\n|move|p2b: Chi-Yu|Overheat|p1a: Calyrex\n|-resisted|p1a: Calyrex\n|-damage|p1a: Calyrex|69/100\n|-unboost|p2b: Chi-Yu|spa|2\n|move|p1a: Calyrex|Trick Room|p1a: Calyrex\n|-fieldstart|move: Trick Room|[of] p1a: Calyrex\n|\n|upkeep\n|turn|2\n|\n|t:|1771635983\n|move|p1a: Calyrex|Glacial Lance|p2b: Chi-Yu|[spread] p2a,p2b\n|-resisted|p2b: Chi-Yu\n|-damage|p2a: Palkia|40/100\n|-damage|p2b: Chi-Yu|59/100\n|move|p1b: Iron Hands|Low Kick|p2a: Palkia\n|-damage|p2a: Palkia|0 fnt\n|faint|p2a: Palkia\n|move|p2b: Chi-Yu|Dark Pulse|p1a: Calyrex\n|-crit|p1a: Calyrex\n|-damage|p1a: Calyrex|5/100\n|\n|upkeep\n|\n|t:|1771635990\n|switch|p2a: Ursaluna|Ursaluna, L50, F|100/100\n|turn|3\n|\n|t:|1771636000\n|move|p2a: Ursaluna|Protect|p2a: Ursaluna\n|-singleturn|p2a: Ursaluna|Protect\n|move|p2b: Chi-Yu|Protect|p2b: Chi-Yu\n|-singleturn|p2b: Chi-Yu|Protect\n|move|p1a: Calyrex|Glacial Lance|p2a: Ursaluna|[spread] \n|-activate|p2a: Ursaluna|move: Protect\n|-activate|p2b: Chi-Yu|move: Protect\n|move|p1b: Iron Hands|Low Kick|p2a: Ursaluna\n|-activate|p2a: Ursaluna|move: Protect\n|\n|-status|p2a: Ursaluna|brn|[from] item: Flame Orb\n|upkeep\n|turn|4\n|\n|t:|1771636013\n|move|p2a: Ursaluna|Earthquake|p1a: Calyrex|[spread] p2b,p1a,p1b\n|-supereffective|p2b: Chi-Yu\n|-supereffective|p1b: Iron Hands\n|-damage|p2b: Chi-Yu|0 fnt\n|-damage|p1a: Calyrex|0 fnt\n|-damage|p1b: Iron Hands|16/100\n|faint|p2b: Chi-Yu\n|faint|p1a: Calyrex\n|move|p1b: Iron Hands|Low Kick|p2a: Ursaluna\n|-supereffective|p2a: Ursaluna\n|-damage|p2a: Ursaluna|4/100 brn\n|\n|-damage|p2a: Ursaluna|0 fnt|[from] brn\n|faint|p2a: Ursaluna\n|upkeep\n|inactive|Battle timer is ON: inactive players will automatically lose when time's up. (requested by BlueKnightmare)\n|c|\u2606BlueKnightmare|gg\n|\n|t:|1771636022\n|switch|p1a: Lunala|Lunala, L50|100/100\n|switch|p2b: Miraidon|Miraidon, L50|100/100\n|-fieldstart|move: Electric Terrain|[from] ability: Hadron Engine|[of] p2b: Miraidon\n|-activate|p1b: Iron Hands|ability: Quark Drive\n|-start|p1b: Iron Hands|quarkdriveatk\n|turn|5\n|\n|t:|1771636034\n|-terastallize|p2b: Miraidon|Electric\n|move|p1b: Iron Hands|Low Kick|p2b: Miraidon\n|-damage|p2b: Miraidon|12/100\n|move|p2b: Miraidon|Discharge|p1a: Lunala|[spread] p1a,p1b\n|-resisted|p1b: Iron Hands\n|-damage|p1a: Lunala|60/100\n|-damage|p1b: Iron Hands|0 fnt\n|faint|p1b: Iron Hands\n|-end|p1b: Iron Hands|Quark Drive|[silent]\n|move|p1a: Lunala|Trick Room|p1a: Lunala\n|-fieldend|move: Trick Room\n|\n|upkeep\n|\n|t:|1771636042\n|switch|p1b: Torkoal|Torkoal, L50, F|100/100\n|-weather|SunnyDay|[from] ability: Drought|[of] p1b: Torkoal\n|turn|6\n|\n|t:|1771636049\n|move|p1a: Lunala|Wide Guard|p1a: Lunala\n|-singleturn|p1a: Lunala|Wide Guard\n|move|p2b: Miraidon|Discharge|p1a: Lunala|[spread] \n|-activate|p1a: Lunala|move: Wide Guard\n|-activate|p1b: Torkoal|move: Wide Guard\n|move|p1b: Torkoal|Weather Ball|p2b: Miraidon\n|-damage|p2b: Miraidon|0 fnt\n|faint|p2b: Miraidon\n|\n|win|Coreydfgh\n|raw|Coreydfgh's rating: 1437 &rarr; <strong>1451</strong><br />(+14 for winning)\n|raw|BlueKnightmare's rating: 1331 &rarr; <strong>1317</strong><br />(-14 for losing)\n|l|\u2606BlueKnightmare\n|player|p2|\n|l|\u2606Coreydfgh\n|player|p1|\n","uploadtime":1771636297,"views":14,"formatid":"gen9vgc2026regi","rating":1317,"private":0,"password":null}