{"id":"gen9vgc2026regi-2548529726","format":"[Gen 9] VGC 2026 Reg I","players":["ido1234567890","don juan dozo"],"log":"|j|\u2606ido1234567890\n|j|\u2606don juan dozo\n|t:|1772224018\n|gametype|doubles\n|player|p1|ido1234567890|calem|\n|player|p2|don juan dozo|266|\n|gen|9\n|tier|[Gen 9] VGC 2026 Reg I\n|rated|Tournament battle\n|rule|Species Clause: Limit one of each Pok\u00e9mon\n|rule|Item Clause: Limit 1 of each item\n|raw|<div class=\"infobox\"><details class=\"readmore\" open><summary><strong>1 custom rule:</strong></summary> Open Team Sheets</details></div>\n|clearpoke\n|poke|p1|Raging Bolt, L50|\n|poke|p1|Calyrex-Ice, L50|\n|poke|p1|Smeargle, L50, F|\n|poke|p1|Chi-Yu, L50|\n|poke|p1|Groudon, L50|\n|poke|p1|Flutter Mane, L50|\n|poke|p2|Calyrex-Shadow, L50|\n|poke|p2|Zamazenta-*, L50|\n|poke|p2|Ting-Lu, L50|\n|poke|p2|Dondozo, L50, F|\n|poke|p2|Chien-Pao, L50|\n|poke|p2|Ogerpon-Hearthflame, L50, F|\n|teampreview|4\n|j| Nickrono\n|j| yuirs gsb\n|j| ghostistheman\n|j| Jamstiffer\n|j| letsgogambling123\n|\n|t:|1772224063\n|teamsize|p1|4\n|teamsize|p2|4\n|start\n|switch|p1a: Chi-Yu|Chi-Yu, L50|100/100\n|switch|p1b: Flutter Mane|Flutter Mane, L50|100/100\n|switch|p2a: 221 speed|Calyrex-Shadow, L50|100/100\n|switch|p2b: Chromakopia|Ogerpon-Hearthflame, L50, F|100/100\n|-ability|p2a: 221 speed|As One\n|-ability|p2a: 221 speed|Unnerve\n|-ability|p1a: Chi-Yu|Beads of Ruin\n|-ability|p2b: Chromakopia|Mold Breaker\n|turn|1\n|j| liamvgc1\n|j| VanillaBobcat\n|l| liamvgc1\n|c| ghostistheman|Long live the horse\n|\n|t:|1772224085\n|-terastallize|p1b: Flutter Mane|Fairy\n|-terastallize|p2b: Chromakopia|Fire\n|detailschange|p2b: Chromakopia|Ogerpon-Hearthflame-Tera, L50, F, tera:Fire\n|-ability|p2b: Chromakopia|Embody Aspect (Hearthflame)|boost\n|-boost|p2b: Chromakopia|atk|1\n|move|p2a: 221 speed|Protect|p2a: 221 speed\n|-singleturn|p2a: 221 speed|Protect\n|move|p1a: Chi-Yu|Heat Wave|p2b: Chromakopia|[spread] p2b\n|-activate|p2a: 221 speed|move: Protect\n|-resisted|p2b: Chromakopia\n|-damage|p2b: Chromakopia|67/100\n|move|p1b: Flutter Mane|Dazzling Gleam|p2b: Chromakopia|[spread] p2b\n|-activate|p2a: 221 speed|move: Protect\n|-resisted|p2b: Chromakopia\n|-damage|p2b: Chromakopia|22/100\n|move|p2b: Chromakopia|Ivy Cudgel|p1a: Chi-Yu|[anim] Ivy Cudgel Fire\n|-resisted|p1a: Chi-Yu\n|-damage|p1a: Chi-Yu|0 fnt\n|faint|p1a: Chi-Yu\n|\n|upkeep\n|\n|t:|1772224091\n|switch|p1a: Groudon|Groudon, L50|100/100\n|-weather|SunnyDay|[from] ability: Drought|[of] p1a: Groudon\n|-activate|p1b: Flutter Mane|ability: Protosynthesis\n|-start|p1b: Flutter Mane|protosynthesisspe\n|turn|2\n|\n|t:|1772224118\n|switch|p1a: Raging Bolt|Raging Bolt, L50|100/100\n|-activate|p1a: Raging Bolt|ability: Protosynthesis\n|-start|p1a: Raging Bolt|protosynthesisspa\n|move|p1b: Flutter Mane|Dazzling Gleam|p2b: Chromakopia|[spread] p2a,p2b\n|-resisted|p2b: Chromakopia\n|-damage|p2a: 221 speed|43/100\n|-damage|p2b: Chromakopia|0 fnt\n|faint|p2b: Chromakopia\n|detailschange|p2: Chromakopia|Ogerpon-Hearthflame, L50, F|[silent]\n|move|p2a: 221 speed|Astral Barrage|p1b: Flutter Mane|[spread] p1a,p1b\n|-damage|p1a: Raging Bolt|68/100\n|-damage|p1b: Flutter Mane|48/100\n|\n|-weather|SunnyDay|[upkeep]\n|upkeep\n|\n|t:|1772224127\n|switch|p2b: Emergency Button|Chien-Pao, L50|100/100\n|-ability|p2b: Emergency Button|Sword of Ruin\n|turn|3\n|j|+holdingb\n|\n|t:|1772224136\n|switch|p2a: Magnus Carlsen|Zamazenta-Crowned, L50|100/100\n|-ability|p2a: Magnus Carlsen|Dauntless Shield|boost\n|-boost|p2a: Magnus Carlsen|def|1\n|move|p2b: Emergency Button|Ice Shard|p1b: Flutter Mane\n|-damage|p1b: Flutter Mane|0 fnt\n|faint|p1b: Flutter Mane\n|-end|p1b: Flutter Mane|Protosynthesis|[silent]\n|-damage|p2b: Emergency Button|91/100|[from] item: Life Orb\n|move|p1a: Raging Bolt|Thunderclap||[still]\n|-fail|p1a: Raging Bolt\n|\n|-weather|SunnyDay|[upkeep]\n|upkeep\n|\n|t:|1772224143\n|switch|p1b: Groudon|Groudon, L50|100/100\n|turn|4\n|\n|t:|1772224163\n|move|p2b: Emergency Button|Ice Shard|p1a: Raging Bolt\n|-supereffective|p1a: Raging Bolt\n|-damage|p1a: Raging Bolt|8/100\n|-damage|p2b: Emergency Button|81/100|[from] item: Life Orb\n|move|p2a: Magnus Carlsen|Body Press|p1a: Raging Bolt\n|-damage|p1a: Raging Bolt|0 fnt\n|faint|p1a: Raging Bolt\n|-end|p1a: Raging Bolt|Protosynthesis|[silent]\n|move|p1b: Groudon|Precipice Blades|p2b: Emergency Button|[spread] p2a,p2b\n|-supereffective|p2a: Magnus Carlsen\n|-damage|p2a: Magnus Carlsen|40/100\n|-damage|p2b: Emergency Button|2/100\n|\n|-weather|SunnyDay|[upkeep]\n|upkeep\n|turn|5\n|\n|t:|1772224174\n|move|p2b: Emergency Button|Throat Chop|p1b: Groudon\n|-damage|p1b: Groudon|49/100\n|-start|p1b: Groudon|Throat Chop|[silent]\n|-damage|p2b: Emergency Button|0 fnt|[from] item: Life Orb\n|faint|p2b: Emergency Button\n|move|p2a: Magnus Carlsen|Body Press|p1b: Groudon\n|-damage|p1b: Groudon|0 fnt\n|faint|p1b: Groudon\n|\n|win|don juan dozo\n|n|\u2606ido1234567890|ido1234567890\n|n|\u2606don juan dozo|donjuandozo\n|n| Nickrono|nickrono\n|n| yuirs gsb|yuirsgsb\n|n| ghostistheman|ghostistheman\n|n| Jamstiffer|jamstiffer\n|n| letsgogambling123|letsgogambling123\n|n| VanillaBobcat|vanillabobcat\n|n| holdingb|holdingb\n","uploadtime":1772224174,"views":13,"formatid":"gen9vgc2026regi","rating":null,"private":0,"password":null}