{"id":"gen9vgc2026regi-2563033674","format":"[Gen 9] VGC 2026 Reg I","players":["1VLTSQ Joker","ranchsauce"],"log":"|raw|<div class=\"broadcast-blue\"><strong>This battle is required to be public due to a player having a name starting with '1vltsq'.</div>\n|j|\u26061VLTSQ Joker\n|j|\u2606ranchsauce\n|t:|1773975756\n|gametype|doubles\n|player|p1|1VLTSQ Joker|blue|1367\n|player|p2|ranchsauce|baker|1401\n|gen|9\n|tier|[Gen 9] VGC 2026 Reg I\n|rated|\n|rule|Species Clause: Limit one of each Pok\u00e9mon\n|rule|Item Clause: Limit 1 of each item\n|clearpoke\n|poke|p1|Calyrex-Ice, L50|\n|poke|p1|Smeargle, L50, F|\n|poke|p1|Kyogre, L50|\n|poke|p1|Maushold, L50|\n|poke|p1|Volcarona, L50, F|\n|poke|p1|Chesnaught, L50, M|\n|poke|p2|Calyrex-Ice, L50|\n|poke|p2|Lunala, L50|\n|poke|p2|Smeargle, L50, M|\n|poke|p2|Urshifu-*, L50, M|\n|poke|p2|Torkoal, L50, M|\n|poke|p2|Indeedee-F, L50, F|\n|teampreview|4\n|inactive|Battle timer is ON: inactive players will automatically lose when time's up. (requested by ranchsauce)\n|\n|t:|1773975793\n|teamsize|p1|4\n|teamsize|p2|4\n|start\n|switch|p1a: Smeargle|Smeargle, L50, F|100/100\n|switch|p1b: Chesnaught|Chesnaught, L50, M|100/100\n|switch|p2a: Calyrex|Calyrex-Ice, L50|100/100\n|switch|p2b: Lunala|Lunala, L50|100/100\n|-ability|p2a: Calyrex|As One\n|-ability|p2a: Calyrex|Unnerve\n|turn|1\n|inactive|1VLTSQ Joker has 30 seconds left.\n|inactive|1VLTSQ Joker has 20 seconds left.\n|inactive|1VLTSQ Joker has 15 seconds left.\n|\n|t:|1773975836\n|switch|p2b: Indeedee|Indeedee-F, L50, F, shiny|100/100\n|-fieldstart|move: Psychic Terrain|[from] ability: Psychic Surge|[of] p2b: Indeedee\n|move|p1a: Smeargle|Spore|p2a: Calyrex\n|-status|p2a: Calyrex|slp|[from] move: Spore\n|move|p1b: Chesnaught|Taunt|p2b: Indeedee\n|-start|p2b: Indeedee|move: Taunt\n|cant|p2a: Calyrex|slp\n|\n|-ability|p1a: Smeargle|Moody|boost\n|-boost|p1a: Smeargle|def|2\n|-unboost|p1a: Smeargle|spe|1\n|upkeep\n|turn|2\n|\n|t:|1773975859\n|switch|p1a: Calyrex|Calyrex-Ice, L50|100/100\n|-ability|p1a: Calyrex|As One\n|-ability|p1a: Calyrex|Unnerve\n|move|p1b: Chesnaught|Leech Seed|p2a: Calyrex\n|-start|p2a: Calyrex|move: Leech Seed\n|move|p2b: Indeedee|Alluring Voice|p1b: Chesnaught\n|-supereffective|p1b: Chesnaught\n|-damage|p1b: Chesnaught|60/100\n|cant|p2a: Calyrex|slp\n|\n|-damage|p2a: Calyrex|88/100 slp|[from] Leech Seed|[of] p1b: Chesnaught\n|-heal|p1b: Chesnaught|73/100|[silent]\n|upkeep\n|turn|3\n|\n|t:|1773975880\n|switch|p2b: Lunala|Lunala, L50|100/100\n|move|p1b: Chesnaught|Wide Guard|p1b: Chesnaught\n|-singleturn|p1b: Chesnaught|Wide Guard\n|move|p1a: Calyrex|Glacial Lance|p2a: Calyrex|[spread] p2a,p2b\n|-resisted|p2a: Calyrex\n|-damage|p2a: Calyrex|72/100 slp\n|-damage|p2b: Lunala|77/100\n|-curestatus|p2a: Calyrex|slp|[msg]\n|move|p2a: Calyrex|Glacial Lance|p1a: Calyrex|[spread] \n|-activate|p1a: Calyrex|move: Wide Guard\n|-activate|p1b: Chesnaught|move: Wide Guard\n|\n|-damage|p2a: Calyrex|60/100|[from] Leech Seed|[of] p1b: Chesnaught\n|-heal|p1b: Chesnaught|86/100|[silent]\n|upkeep\n|turn|4\n|\n|t:|1773975898\n|-terastallize|p1a: Calyrex|Grass\n|move|p1b: Chesnaught|Wide Guard|p1b: Chesnaught\n|-singleturn|p1b: Chesnaught|Wide Guard\n|move|p2b: Lunala|Meteor Beam||[still]\n|-prepare|p2b: Lunala|Meteor Beam\n|-boost|p2b: Lunala|spa|1\n|-enditem|p2b: Lunala|Power Herb\n|-anim|p2b: Lunala|Meteor Beam|p1a: Calyrex\n|-damage|p1a: Calyrex|71/100\n|move|p1a: Calyrex|Crunch|p2b: Lunala\n|-supereffective|p2b: Lunala\n|-damage|p2b: Lunala|0 fnt\n|faint|p2b: Lunala\n|-ability|p1a: Calyrex|Chilling Neigh|boost\n|-boost|p1a: Calyrex|atk|1\n|move|p2a: Calyrex|High Horsepower|p1a: Calyrex|[miss]\n|-miss|p2a: Calyrex|p1a: Calyrex\n|\n|-damage|p2a: Calyrex|48/100|[from] Leech Seed|[of] p1b: Chesnaught\n|-heal|p1b: Chesnaught|99/100|[silent]\n|upkeep\n|\n|t:|1773975904\n|switch|p2b: Indeedee|Indeedee-F, L50, F, shiny|100/100\n|turn|5\n|\n|t:|1773975916\n|move|p1b: Chesnaught|Wide Guard|p1b: Chesnaught\n|-singleturn|p1b: Chesnaught|Wide Guard\n|move|p2b: Indeedee|Follow Me|p2b: Indeedee\n|-singleturn|p2b: Indeedee|move: Follow Me\n|move|p1a: Calyrex|Glacial Lance|p2b: Indeedee|[spread] p2a,p2b\n|-resisted|p2a: Calyrex\n|-damage|p2a: Calyrex|22/100\n|-damage|p2b: Indeedee|19/100\n|move|p2a: Calyrex|Trick Room|p2a: Calyrex\n|-fieldstart|move: Trick Room|[of] p2a: Calyrex\n|\n|-damage|p2a: Calyrex|10/100|[from] Leech Seed|[of] p1b: Chesnaught\n|-heal|p1b: Chesnaught|100/100|[silent]\n|-fieldend|move: Psychic Terrain\n|upkeep\n|turn|6\n|\n|t:|1773975927\n|move|p2b: Indeedee|Helping Hand|p2a: Calyrex\n|-singleturn|p2a: Calyrex|Helping Hand|[of] p2b: Indeedee\n|move|p1b: Chesnaught|Wide Guard|p1b: Chesnaught\n|-singleturn|p1b: Chesnaught|Wide Guard\n|move|p2a: Calyrex|Glacial Lance|p1b: Chesnaught|[spread] \n|-activate|p1a: Calyrex|move: Wide Guard\n|-activate|p1b: Chesnaught|move: Wide Guard\n|move|p1a: Calyrex|Glacial Lance|p2a: Calyrex|[spread] p2a,p2b\n|-resisted|p2a: Calyrex\n|-damage|p2a: Calyrex|0 fnt\n|-damage|p2b: Indeedee|0 fnt\n|faint|p2a: Calyrex\n|faint|p2b: Indeedee\n|-ability|p1a: Calyrex|Chilling Neigh|boost\n|-boost|p1a: Calyrex|atk|2\n|\n|upkeep\n|\n|t:|1773975932\n|switch|p2b: Torkoal|Torkoal, L50, M, shiny|100/100\n|-weather|SunnyDay|[from] ability: Drought|[of] p2b: Torkoal\n|turn|7\n|-message|ranchsauce forfeited.\n|\n|win|1VLTSQ Joker\n|raw|1VLTSQ Joker's rating: 1380 &rarr; <strong>1401</strong><br />(+21 for winning)\n|raw|ranchsauce's rating: 1401 &rarr; <strong>1380</strong><br />(-21 for losing)\n|l|\u2606ranchsauce\n|player|p2|\n|l|\u26061VLTSQ Joker\n|player|p1|\n","uploadtime":1773976167,"views":19,"formatid":"gen9vgc2026regi","rating":1380,"private":0,"password":null}