{"id":"gen9vgc2026regi-2560950432","format":"[Gen 9] VGC 2026 Reg I","players":["Jonen","ZYJHENGREG"],"log":"|j|\u2606Jonen\n|j|\u2606ZYJHENGREG\n|t:|1773751008\n|gametype|doubles\n|player|p1|Jonen|hiker-gen4|1348\n|player|p2|ZYJHENGREG|266|1570\n|gen|9\n|tier|[Gen 9] VGC 2026 Reg I\n|rated|\n|rule|Species Clause: Limit one of each Pok\u00e9mon\n|rule|Item Clause: Limit 1 of each item\n|clearpoke\n|poke|p1|Groudon, L50|\n|poke|p1|Lunala, L50|\n|poke|p1|Sableye, L50, F|\n|poke|p1|Chi-Yu, L50|\n|poke|p1|Rillaboom, L50, M|\n|poke|p1|Jumpluff, L50, M|\n|poke|p2|Miraidon, L50|\n|poke|p2|Zamazenta-*, L50|\n|poke|p2|Chien-Pao, L50|\n|poke|p2|Ting-Lu, L50|\n|poke|p2|Grimmsnarl, L50, M|\n|poke|p2|Volcarona, L50, F|\n|teampreview|4\n|inactive|Battle timer is ON: inactive players will automatically lose when time's up. (requested by ZYJHENGREG)\n|inactive|ZYJHENGREG has 60 seconds left.\n|\n|t:|1773751046\n|teamsize|p1|4\n|teamsize|p2|4\n|start\n|switch|p1a: Groudon|Groudon, L50|100/100\n|switch|p1b: Jumpluff|Jumpluff, L50, M|100/100\n|switch|p2a: Miraidon|Miraidon, L50|100/100\n|switch|p2b: Volcarona|Volcarona, L50, F|100/100\n|-fieldstart|move: Electric Terrain|[from] ability: Hadron Engine|[of] p2a: Miraidon\n|-enditem|p2b: Volcarona|Electric Seed\n|-boost|p2b: Volcarona|def|1|[from] item: Electric Seed\n|-weather|SunnyDay|[from] ability: Drought|[of] p1a: Groudon\n|turn|1\n|inactive|Jonen has 30 seconds left.\n|\n|t:|1773751073\n|-terastallize|p1a: Groudon|Fire\n|move|p1b: Jumpluff|Tailwind|p1b: Jumpluff\n|-sidestart|p1: Jonen|move: Tailwind\n|move|p1a: Groudon|Precipice Blades|p2b: Volcarona|[spread] p2a,p2b\n|-supereffective|p2a: Miraidon\n|-damage|p2a: Miraidon|0 fnt\n|-damage|p2b: Volcarona|44/100\n|faint|p2a: Miraidon\n|-damage|p1a: Groudon|91/100|[from] item: Life Orb\n|move|p2b: Volcarona|Fiery Dance|p1b: Jumpluff\n|-supereffective|p1b: Jumpluff\n|-damage|p1b: Jumpluff|0 fnt\n|-boost|p2b: Volcarona|spa|1\n|faint|p1b: Jumpluff\n|\n|-weather|SunnyDay|[upkeep]\n|upkeep\n|\n|t:|1773751080\n|switch|p2a: Zamazenta|Zamazenta-Crowned, L50|100/100\n|switch|p1b: Lunala|Lunala, L50|100/100\n|-ability|p2a: Zamazenta|Dauntless Shield|boost\n|-boost|p2a: Zamazenta|def|1\n|turn|2\n|\n|t:|1773751100\n|move|p2a: Zamazenta|Protect|p2a: Zamazenta\n|-singleturn|p2a: Zamazenta|Protect\n|move|p1b: Lunala|Meteor Beam||[still]\n|-prepare|p1b: Lunala|Meteor Beam\n|-boost|p1b: Lunala|spa|1\n|-enditem|p1b: Lunala|Power Herb\n|-anim|p1b: Lunala|Meteor Beam|p2b: Volcarona\n|-supereffective|p2b: Volcarona\n|-damage|p2b: Volcarona|0 fnt\n|faint|p2b: Volcarona\n|move|p1a: Groudon|High Horsepower|p2a: Zamazenta\n|-activate|p2a: Zamazenta|move: Protect\n|\n|-weather|SunnyDay|[upkeep]\n|upkeep\n|\n|t:|1773751103\n|switch|p2b: Ting-Lu|Ting-Lu, L50|100/100\n|-ability|p2b: Ting-Lu|Vessel of Ruin\n|turn|3\n|\n|t:|1773751114\n|-terastallize|p2a: Zamazenta|Water\n|move|p1b: Lunala|Moongeist Beam|p2a: Zamazenta\n|-damage|p2a: Zamazenta|62/100\n|move|p1a: Groudon|High Horsepower|p2a: Zamazenta\n|-damage|p2a: Zamazenta|29/100\n|-damage|p1a: Groudon|81/100|[from] item: Life Orb\n|move|p2a: Zamazenta|Body Press|p1a: Groudon\n|-damage|p1a: Groudon|29/100\n|move|p2b: Ting-Lu|Stomping Tantrum|p1a: Groudon\n|-supereffective|p1a: Groudon\n|-damage|p1a: Groudon|0 fnt\n|faint|p1a: Groudon\n|\n|-weather|SunnyDay|[upkeep]\n|upkeep\n|\n|t:|1773751119\n|switch|p1a: Rillaboom|Rillaboom, L50, M|100/100\n|-fieldstart|move: Grassy Terrain|[from] ability: Grassy Surge|[of] p1a: Rillaboom\n|turn|4\n|\n|t:|1773751131\n|move|p2a: Zamazenta|Protect|p2a: Zamazenta\n|-singleturn|p2a: Zamazenta|Protect\n|move|p1b: Lunala|Moongeist Beam|p2b: Ting-Lu\n|-resisted|p2b: Ting-Lu\n|-damage|p2b: Ting-Lu|86/100\n|move|p1a: Rillaboom|Wood Hammer|p2b: Ting-Lu\n|-supereffective|p2b: Ting-Lu\n|-damage|p2b: Ting-Lu|4/100\n|-damage|p1a: Rillaboom|65/100|[from] Recoil\n|move|p2b: Ting-Lu|Throat Chop|p1b: Lunala\n|-supereffective|p1b: Lunala\n|-damage|p1b: Lunala|37/100\n|-start|p1b: Lunala|Throat Chop|[silent]\n|\n|-weather|SunnyDay|[upkeep]\n|-heal|p1b: Lunala|43/100|[from] Grassy Terrain\n|-heal|p1a: Rillaboom|71/100|[from] Grassy Terrain\n|-heal|p2a: Zamazenta|35/100|[from] Grassy Terrain\n|-heal|p2b: Ting-Lu|10/100|[from] Grassy Terrain\n|-sideend|p1: Jonen|move: Tailwind\n|upkeep\n|turn|5\n|\n|t:|1773751147\n|move|p1a: Rillaboom|Grassy Glide|p2a: Zamazenta\n|-supereffective|p2a: Zamazenta\n|-damage|p2a: Zamazenta|8/100\n|move|p1b: Lunala|Moongeist Beam|p2b: Ting-Lu\n|-resisted|p2b: Ting-Lu\n|-damage|p2b: Ting-Lu|0 fnt\n|faint|p2b: Ting-Lu\n|move|p2a: Zamazenta|Behemoth Bash|p1b: Lunala\n|-damage|p1b: Lunala|8/100\n|\n|-weather|none\n|-heal|p1b: Lunala|14/100|[from] Grassy Terrain\n|-heal|p2a: Zamazenta|14/100|[from] Grassy Terrain\n|-heal|p1a: Rillaboom|77/100|[from] Grassy Terrain\n|-end|p1b: Lunala|Throat Chop|[silent]\n|upkeep\n|turn|6\n|-message|ZYJHENGREG forfeited.\n|\n|win|Jonen\n|raw|Jonen's rating: 1348 &rarr; <strong>1379</strong><br />(+31 for winning)\n|raw|ZYJHENGREG's rating: 1570 &rarr; <strong>1539</strong><br />(-31 for losing)\n|l|\u2606ZYJHENGREG\n|player|p2|\n|l|\u2606Jonen\n|player|p1|\n","uploadtime":1773751156,"views":10,"formatid":"gen9vgc2026regi","rating":1379,"private":0,"password":null}