{"id":"gen9vgc2026regi-2521810562","format":"[Gen 9] VGC 2026 Reg I","players":["Gx champion","Fogdocker"],"log":"|j|\u2606Gx champion\n|j|\u2606Fogdocker\n|t:|1768828656\n|gametype|doubles\n|player|p1|Gx champion|102|1362\n|player|p2|Fogdocker|265|1348\n|gen|9\n|tier|[Gen 9] VGC 2026 Reg I\n|rated|\n|rule|Species Clause: Limit one of each Pok\u00e9mon\n|rule|Item Clause: Limit 1 of each item\n|clearpoke\n|poke|p1|Brute Bonnet, L50|\n|poke|p1|Lunala, L50|\n|poke|p1|Ursaluna, L50, M|\n|poke|p1|Chi-Yu, L50|\n|poke|p1|Koraidon, L50|\n|poke|p1|Flutter Mane, L50|\n|poke|p2|Calyrex-Ice, L50|\n|poke|p2|Kyogre, L50|\n|poke|p2|Urshifu-*, L50, M|\n|poke|p2|Rillaboom, L50, M|\n|poke|p2|Landorus, L50, M|\n|poke|p2|Tornadus, L50, M|\n|teampreview|4\n|inactive|Battle timer is ON: inactive players will automatically lose when time's up. (requested by Gx champion)\n|inactive|Fogdocker has 60 seconds left.\n|\n|t:|1768828719\n|teamsize|p1|4\n|teamsize|p2|4\n|start\n|switch|p1a: Koraidon|Koraidon, L50|100/100\n|switch|p1b: Lunala|Lunala, L50|100/100\n|switch|p2a: Calyrex|Calyrex-Ice, L50|100/100\n|switch|p2b: Urshifu|Urshifu-Rapid-Strike, L50, M|100/100\n|-ability|p2a: Calyrex|As One\n|-ability|p2a: Calyrex|Unnerve\n|-weather|SunnyDay|[from] ability: Orichalcum Pulse|[of] p1a: Koraidon\n|-activate|p1a: Koraidon|Orichalcum Pulse|[source]\n|turn|1\n|\n|t:|1768828742\n|switch|p2b: Tornadus|Tornadus, L50, M|100/100\n|-terastallize|p1b: Lunala|Water\n|-terastallize|p2a: Calyrex|Water\n|move|p1a: Koraidon|Close Combat|p2a: Calyrex\n|-damage|p2a: Calyrex|29/100\n|-unboost|p1a: Koraidon|def|1\n|-unboost|p1a: Koraidon|spd|1\n|-damage|p1a: Koraidon|91/100|[from] item: Life Orb\n|move|p1b: Lunala|Meteor Beam||[still]\n|-prepare|p1b: Lunala|Meteor Beam\n|-boost|p1b: Lunala|spa|1\n|-enditem|p1b: Lunala|Power Herb\n|-anim|p1b: Lunala|Meteor Beam|p2a: Calyrex\n|-damage|p2a: Calyrex|0 fnt\n|faint|p2a: Calyrex\n|\n|-weather|SunnyDay|[upkeep]\n|upkeep\n|\n|t:|1768828755\n|switch|p2a: Kyogre|Kyogre, L50|100/100\n|-weather|RainDance|[from] ability: Drizzle|[of] p2a: Kyogre\n|turn|2\n|\n|t:|1768828767\n|move|p1b: Lunala|Wide Guard|p1b: Lunala\n|-singleturn|p1b: Lunala|Wide Guard\n|move|p1a: Koraidon|Close Combat|p2a: Kyogre\n|-damage|p2a: Kyogre|17/100\n|-unboost|p1a: Koraidon|def|1\n|-unboost|p1a: Koraidon|spd|1\n|-damage|p1a: Koraidon|81/100|[from] item: Life Orb\n|move|p2b: Tornadus|Bleakwind Storm|p1a: Koraidon|[spread] \n|-activate|p1a: Koraidon|move: Wide Guard\n|-activate|p1b: Lunala|move: Wide Guard\n|move|p2a: Kyogre|Thunder|p1b: Lunala\n|-supereffective|p1b: Lunala\n|-damage|p1b: Lunala|70/100\n|\n|-weather|RainDance|[upkeep]\n|upkeep\n|turn|3\n|\n|t:|1768828782\n|move|p2b: Tornadus|Tailwind|p2b: Tornadus\n|-sidestart|p2: Fogdocker|move: Tailwind\n|move|p2a: Kyogre|Thunder|p1b: Lunala\n|-supereffective|p1b: Lunala\n|-damage|p1b: Lunala|8/100\n|move|p1a: Koraidon|Close Combat|p2a: Kyogre\n|-damage|p2a: Kyogre|0 fnt\n|-unboost|p1a: Koraidon|def|1\n|-unboost|p1a: Koraidon|spd|1\n|faint|p2a: Kyogre\n|-damage|p1a: Koraidon|72/100|[from] item: Life Orb\n|move|p1b: Lunala|Moongeist Beam|p2b: Tornadus\n|-damage|p2b: Tornadus|4/100\n|\n|-weather|RainDance|[upkeep]\n|upkeep\n|\n|t:|1768828787\n|switch|p2a: Urshifu|Urshifu-Rapid-Strike, L50, M|100/100\n|turn|4\n|\n|t:|1768828802\n|switch|p1a: Brute Bonnet|Brute Bonnet, L50, shiny|100/100\n|move|p2a: Urshifu|Surging Strikes|p1a: Brute Bonnet\n|-resisted|p1a: Brute Bonnet\n|-crit|p1a: Brute Bonnet\n|-damage|p1a: Brute Bonnet|83/100\n|-resisted|p1a: Brute Bonnet\n|-crit|p1a: Brute Bonnet\n|-damage|p1a: Brute Bonnet|67/100\n|-resisted|p1a: Brute Bonnet\n|-crit|p1a: Brute Bonnet\n|-damage|p1a: Brute Bonnet|48/100\n|-enditem|p1a: Brute Bonnet|Sitrus Berry|[eat]\n|-heal|p1a: Brute Bonnet|73/100|[from] item: Sitrus Berry\n|-hitcount|p1a: Brute Bonnet|3\n|move|p2b: Tornadus|Bleakwind Storm|p1b: Lunala|[spread] p1a,p1b\n|-supereffective|p1a: Brute Bonnet\n|-damage|p1a: Brute Bonnet|23/100\n|-damage|p1b: Lunala|0 fnt\n|faint|p1b: Lunala\n|\n|-weather|RainDance|[upkeep]\n|upkeep\n|\n|t:|1768828810\n|switch|p1b: Koraidon|Koraidon, L50|72/100\n|-weather|SunnyDay|[from] ability: Orichalcum Pulse|[of] p1b: Koraidon\n|-activate|p1a: Brute Bonnet|ability: Protosynthesis\n|-start|p1a: Brute Bonnet|protosynthesisdef\n|-activate|p1b: Koraidon|Orichalcum Pulse|[source]\n|turn|5\n|\n|t:|1768828822\n|move|p2b: Tornadus|Rain Dance|p2b: Tornadus\n|-weather|RainDance\n|-end|p1a: Brute Bonnet|Protosynthesis\n|move|p1a: Brute Bonnet|Sucker Punch||[still]\n|-fail|p1a: Brute Bonnet\n|move|p2a: Urshifu|Surging Strikes|p1a: Brute Bonnet\n|-resisted|p1a: Brute Bonnet\n|-crit|p1a: Brute Bonnet\n|-damage|p1a: Brute Bonnet|6/100\n|-resisted|p1a: Brute Bonnet\n|-crit|p1a: Brute Bonnet\n|-damage|p1a: Brute Bonnet|0 fnt\n|faint|p1a: Brute Bonnet\n|-end|p1a: Brute Bonnet|Protosynthesis|[silent]\n|-hitcount|p1: Brute Bonnet|2\n|move|p1b: Koraidon|Close Combat|p2a: Urshifu\n|-damage|p2a: Urshifu|9/100\n|-unboost|p1b: Koraidon|def|1\n|-unboost|p1b: Koraidon|spd|1\n|-damage|p1b: Koraidon|62/100|[from] item: Life Orb\n|\n|-weather|RainDance|[upkeep]\n|upkeep\n|\n|t:|1768828829\n|switch|p1a: Ursaluna|Ursaluna, L50, M|100/100\n|turn|6\n|\n|t:|1768828842\n|move|p1b: Koraidon|Protect|p1b: Koraidon\n|-singleturn|p1b: Koraidon|Protect\n|move|p2a: Urshifu|Surging Strikes|p1a: Ursaluna\n|-supereffective|p1a: Ursaluna\n|-crit|p1a: Ursaluna\n|-damage|p1a: Ursaluna|22/100\n|-supereffective|p1a: Ursaluna\n|-crit|p1a: Ursaluna\n|-damage|p1a: Ursaluna|0 fnt\n|faint|p1a: Ursaluna\n|-hitcount|p1: Ursaluna|2\n|move|p2b: Tornadus|Bleakwind Storm|p1b: Koraidon\n|-activate|p1b: Koraidon|move: Protect\n|\n|-weather|RainDance|[upkeep]\n|-sideend|p2: Fogdocker|move: Tailwind\n|upkeep\n|turn|7\n|\n|t:|1768828851\n|move|p2b: Tornadus|Tailwind|p2b: Tornadus\n|-sidestart|p2: Fogdocker|move: Tailwind\n|move|p2a: Urshifu|Surging Strikes|p1b: Koraidon\n|-resisted|p1b: Koraidon\n|-crit|p1b: Koraidon\n|-damage|p1b: Koraidon|29/100\n|-resisted|p1b: Koraidon\n|-crit|p1b: Koraidon\n|-damage|p1b: Koraidon|0 fnt\n|faint|p1b: Koraidon\n|-hitcount|p1: Koraidon|2\n|\n|win|Fogdocker\n|raw|Gx champion's rating: 1362 &rarr; <strong>1341</strong><br />(-21 for losing)\n|raw|Fogdocker's rating: 1348 &rarr; <strong>1369</strong><br />(+21 for winning)\n|l|\u2606Gx champion\n|player|p1|\n","uploadtime":1768828858,"views":11,"formatid":"gen9vgc2026regi","rating":1341,"private":0,"password":null}