{"id":"gen9vgc2026regi-2547075345","format":"[Gen 9] VGC 2026 Reg I","players":["I\u2764\ufe0f\u5a1c\u7984forever","porygon-epilep2"],"log":"|j|\u2606I\u2764\ufe0f\u5a1c\u7984forever\n|j|\u2606porygon-epilep2\n|t:|1772044333\n|gametype|doubles\n|player|p1|I\u2764\ufe0f\u5a1c\u7984forever|youngcouple-gen4dp|\n|player|p2|porygon-epilep2|ghetsis-gen5bw|\n|gen|9\n|tier|[Gen 9] VGC 2026 Reg I\n|rated|Tournament battle\n|rule|Species Clause: Limit one of each Pok\u00e9mon\n|rule|Item Clause: Limit 1 of each item\n|raw|<div class=\"infobox\"><details class=\"readmore\" open><summary><strong>1 custom rule:</strong></summary> Open Team Sheets</details></div>\n|clearpoke\n|poke|p1|Groudon, L50|\n|poke|p1|Kyurem-White, L50|\n|poke|p1|Heatran, L50, M|\n|poke|p1|Whimsicott, L50, F|\n|poke|p1|Roaring Moon, L50|\n|poke|p1|Ditto, L50|\n|poke|p2|Incineroar, L50, F|\n|poke|p2|Calyrex-Ice, L50|\n|poke|p2|Rillaboom, L50, M|\n|poke|p2|Smeargle, L50, M|\n|poke|p2|Landorus, L50, M|\n|poke|p2|Koraidon, L50|\n|teampreview|4\n|j| chumba03mmm\n|\n|t:|1772044367\n|teamsize|p1|4\n|teamsize|p2|4\n|start\n|switch|p1a: Kyurem|Kyurem-White, L50|100/100\n|switch|p1b: Roaring Moon|Roaring Moon, L50|100/100\n|switch|p2a: Calyrex|Calyrex-Ice, L50|100/100\n|switch|p2b: Landorus|Landorus, L50, M|100/100\n|-ability|p2a: Calyrex|As One\n|-ability|p2a: Calyrex|Unnerve\n|-ability|p1a: Kyurem|Turboblaze\n|turn|1\n|\n|t:|1772044380\n|-terastallize|p2a: Calyrex|Fairy\n|move|p2b: Landorus|Protect|p2b: Landorus\n|-singleturn|p2b: Landorus|Protect\n|move|p1b: Roaring Moon|Knock Off|p2a: Calyrex\n|-resisted|p2a: Calyrex\n|-damage|p2a: Calyrex|86/100\n|-enditem|p2a: Calyrex|Leftovers|[from] move: Knock Off|[of] p1b: Roaring Moon\n|move|p1a: Kyurem|Blizzard|p2a: Calyrex|[spread] \n|-activate|p2b: Landorus|move: Protect\n|-miss|p1a: Kyurem|p2a: Calyrex\n|-enditem|p1a: Kyurem|Blunder Policy\n|-boost|p1a: Kyurem|spe|2\n|move|p2a: Calyrex|Glacial Lance|p1b: Roaring Moon|[spread] p1a,p1b\n|-supereffective|p1b: Roaring Moon\n|-damage|p1a: Kyurem|52/100\n|-damage|p1b: Roaring Moon|0 fnt\n|faint|p1b: Roaring Moon\n|-end|p1b: Roaring Moon|Protosynthesis|[silent]\n|-ability|p2a: Calyrex|Chilling Neigh|boost\n|-boost|p2a: Calyrex|atk|1\n|\n|upkeep\n|\n|t:|1772044398\n|switch|p1b: Ditto|Ditto, L50|100/100\n|-transform|p1b: Ditto|p2a: Calyrex|[from] ability: Imposter\n|-ability|p1b: Ditto|As One\n|-ability|p1b: Ditto|Unnerve\n|-start|p1b: Ditto|typechange|Psychic/Ice|[silent]\n|turn|2\n|\n|t:|1772044411\n|switch|p2b: Incineroar|Incineroar, L50, F|100/100\n|-ability|p2b: Incineroar|Intimidate|boost\n|-unboost|p1a: Kyurem|atk|1\n|-unboost|p1b: Ditto|atk|1\n|move|p1a: Kyurem|Blizzard|p2b: Incineroar|[spread] p2a,p2b\n|-resisted|p2b: Incineroar\n|-damage|p2a: Calyrex|49/100\n|-damage|p2b: Incineroar|73/100\n|move|p1b: Ditto|Glacial Lance|p2a: Calyrex|[spread] p2a,p2b\n|-resisted|p2b: Incineroar\n|-damage|p2a: Calyrex|16/100\n|-damage|p2b: Incineroar|52/100\n|move|p2a: Calyrex|Glacial Lance|p1a: Kyurem|[spread] p1a,p1b\n|-resisted|p1b: Ditto\n|-damage|p1a: Kyurem|0 fnt\n|-damage|p1b: Ditto|70/100\n|faint|p1a: Kyurem\n|-ability|p2a: Calyrex|Chilling Neigh|boost\n|-boost|p2a: Calyrex|atk|1\n|\n|upkeep\n|\n|t:|1772044426\n|switch|p1a: Groudon|Groudon, L50|100/100\n|-weather|SunnyDay|[from] ability: Drought|[of] p1a: Groudon\n|turn|3\n|j|@Radio Free C-Side\n|\n|t:|1772044441\n|move|p2b: Incineroar|Fake Out|p1b: Ditto\n|-damage|p1b: Ditto|62/100\n|move|p1a: Groudon|Precipice Blades|p2a: Calyrex|[spread] p2a,p2b\n|-supereffective|p2b: Incineroar\n|-damage|p2a: Calyrex|0 fnt\n|-damage|p2b: Incineroar|0 fnt\n|faint|p2a: Calyrex\n|faint|p2b: Incineroar\n|cant|p1b: Ditto|flinch\n|\n|-weather|SunnyDay|[upkeep]\n|upkeep\n|\n|t:|1772044447\n|switch|p2b: Koraidon|Koraidon, L50|100/100\n|switch|p2a: Landorus|Landorus, L50, M|100/100\n|-activate|p2b: Koraidon|ability: Orichalcum Pulse\n|turn|4\n|\n|t:|1772044471\n|move|p1b: Ditto|Protect|p1b: Ditto\n|-singleturn|p1b: Ditto|Protect\n|move|p2b: Koraidon|Flare Blitz|p1a: Groudon\n|-damage|p1a: Groudon|42/100\n|-damage|p2b: Koraidon|80/100|[from] Recoil\n|move|p2a: Landorus|Earth Power|p1a: Groudon\n|-damage|p1a: Groudon|3/100\n|move|p1a: Groudon|Heat Crash|p2a: Landorus\n|-damage|p2a: Landorus|24/100\n|\n|-weather|SunnyDay|[upkeep]\n|upkeep\n|turn|5\n|\n|t:|1772044497\n|-terastallize|p1b: Ditto|Dark\n|move|p2b: Koraidon|Flare Blitz|p1b: Ditto\n|-damage|p1b: Ditto|0 fnt\n|faint|p1b: Ditto\n|-damage|p2b: Koraidon|64/100|[from] Recoil\n|move|p2a: Landorus|Earth Power|p1a: Groudon\n|-damage|p1a: Groudon|0 fnt\n|faint|p1a: Groudon\n|\n|win|porygon-epilep2\n|n|\u2606I\u2764\ufe0f\u5a1c\u7984forever|iforever\n|n|\u2606porygon-epilep2|porygonepilep2\n|n| chumba03mmm|chumba03mmm\n|n|+Radio Free C-Side|radiofreecside\n","uploadtime":1772044497,"views":11,"formatid":"gen9vgc2026regi","rating":null,"private":0,"password":null}