{"id":"gen9vgc2026regi-2523963891","format":"[Gen 9] VGC 2026 Reg I","players":["RainLike","liam.2025"],"log":"|j|\u2606RainLike\n|j|\u2606liam.2025\n|t:|1769095255\n|gametype|doubles\n|player|p1|RainLike|266|1313\n|player|p2|liam.2025|policeman|1427\n|gen|9\n|tier|[Gen 9] VGC 2026 Reg I\n|rated|\n|rule|Species Clause: Limit one of each Pok\u00e9mon\n|rule|Item Clause: Limit 1 of each item\n|clearpoke\n|poke|p1|Incineroar, L50, F|\n|poke|p1|Landorus, L50, M|\n|poke|p1|Miraidon, L50|\n|poke|p1|Grimmsnarl, L50, M|\n|poke|p1|Urshifu-*, L50, F|\n|poke|p1|Calyrex-Ice, L50|\n|poke|p2|Murkrow, L50, M|\n|poke|p2|Weezing-Galar, L50, M|\n|poke|p2|Terapagos, L50, M|\n|poke|p2|Smeargle, L50, M|\n|poke|p2|Calyrex-Ice, L50|\n|poke|p2|Ursaluna, L50, M|\n|teampreview|4\n|inactive|Battle timer is ON: inactive players will automatically lose when time's up. (requested by liam.2025)\n|\n|t:|1769095296\n|teamsize|p1|4\n|teamsize|p2|4\n|start\n|switch|p1a: Grimmsnarl|Grimmsnarl, L50, M|100/100\n|switch|p1b: Incineroar|Incineroar, L50, F|100/100\n|switch|p2a: Murkrow|Murkrow, L50, M|100/100\n|switch|p2b: Calyrex|Calyrex-Ice, L50|100/100\n|-ability|p2b: Calyrex|As One\n|-ability|p2b: Calyrex|Unnerve\n|-ability|p1b: Incineroar|Intimidate|boost\n|-unboost|p2a: Murkrow|atk|1\n|-fail|p2b: Calyrex|unboost|[from] item: Clear Amulet|[of] p2b: Calyrex\n|turn|1\n|inactive|RainLike has 30 seconds left.\n|inactive|liam.2025 has 30 seconds left.\n|j| FloodVGC\n|inactive|RainLike has 20 seconds left.\n|\n|t:|1769095332\n|move|p1b: Incineroar|Fake Out|p2b: Calyrex\n|-damage|p2b: Calyrex|93/100\n|move|p1a: Grimmsnarl|Reflect|p1a: Grimmsnarl\n|-sidestart|p1: RainLike|Reflect\n|cant|p2b: Calyrex|flinch\n|move|p2a: Murkrow|Brave Bird|p1a: Grimmsnarl\n|-damage|p1a: Grimmsnarl|76/100\n|-damage|p2a: Murkrow|88/100|[from] Recoil\n|\n|upkeep\n|turn|2\n|\n|t:|1769095353\n|move|p2a: Murkrow|Protect|p2a: Murkrow\n|-singleturn|p2a: Murkrow|Protect\n|move|p1a: Grimmsnarl|Thunder Wave|p2b: Calyrex\n|-status|p2b: Calyrex|par\n|move|p1b: Incineroar|Knock Off|p2b: Calyrex\n|-supereffective|p2b: Calyrex\n|-damage|p2b: Calyrex|50/100 par\n|-enditem|p2b: Calyrex|Clear Amulet|[from] move: Knock Off|[of] p1b: Incineroar\n|cant|p2b: Calyrex|par\n|\n|upkeep\n|turn|3\n|\n|t:|1769095371\n|move|p1b: Incineroar|U-turn|p2a: Murkrow\n|-damage|p2a: Murkrow|43/100\n|\n|t:|1769095375\n|switch|p1b: Calyrex|Calyrex-Ice, L50|100/100|[from] U-turn\n|-ability|p1b: Calyrex|As One\n|-ability|p1b: Calyrex|Unnerve\n|move|p2a: Murkrow|Brave Bird|p1a: Grimmsnarl\n|-damage|p1a: Grimmsnarl|50/100\n|-damage|p2a: Murkrow|31/100|[from] Recoil\n|move|p1a: Grimmsnarl|Spirit Break|p2b: Calyrex\n|-damage|p2b: Calyrex|29/100 par\n|-unboost|p2b: Calyrex|spa|1\n|move|p2b: Calyrex|Glacial Lance|p1a: Grimmsnarl|[spread] p1a,p1b\n|-resisted|p1b: Calyrex\n|-damage|p1a: Grimmsnarl|16/100\n|-damage|p1b: Calyrex|91/100\n|\n|-heal|p1b: Calyrex|97/100|[from] item: Leftovers\n|upkeep\n|turn|4\n|\n|t:|1769095400\n|switch|p1a: Incineroar|Incineroar, L50, F|100/100\n|-ability|p1a: Incineroar|Intimidate|boost\n|-unboost|p2a: Murkrow|atk|1\n|-unboost|p2b: Calyrex|atk|1\n|move|p2a: Murkrow|Tailwind|p2a: Murkrow\n|-sidestart|p2: liam.2025|move: Tailwind\n|cant|p2b: Calyrex|par\n|move|p1b: Calyrex|Glacial Lance|p2b: Calyrex|[spread] p2a,p2b\n|-supereffective|p2a: Murkrow\n|-resisted|p2b: Calyrex\n|-damage|p2a: Murkrow|0 fnt\n|-damage|p2b: Calyrex|14/100 par\n|faint|p2a: Murkrow\n|-ability|p1b: Calyrex|Chilling Neigh|boost\n|-boost|p1b: Calyrex|atk|1\n|\n|-heal|p1b: Calyrex|100/100|[from] item: Leftovers\n|upkeep\n|\n|t:|1769095421\n|switch|p2a: Terapagos|Terapagos, L50, M|100/100\n|-activate|p2a: Terapagos|ability: Tera Shift\n|detailschange|p2a: Terapagos|Terapagos-Terastal, L50, M\n|-heal|p2a: Terapagos|100/100|[silent]\n|turn|5\n|\n|t:|1769095431\n|move|p1a: Incineroar|Fake Out|p2a: Terapagos\n|-activate|p2a: Terapagos|ability: Tera Shell\n|-resisted|p2a: Terapagos\n|-damage|p2a: Terapagos|96/100\n|cant|p2a: Terapagos|flinch\n|move|p2b: Calyrex|Imprison|p2b: Calyrex\n|-start|p2b: Calyrex|move: Imprison\n|cant|p1b: Calyrex|move: Imprison|Trick Room\n|\n|upkeep\n|turn|6\n|inactive|RainLike has 30 seconds left.\n|inactive|liam.2025 has 30 seconds left.\n|\n|t:|1769095458\n|switch|p2b: Smeargle|Smeargle, L50, M|100/100\n|switch|p1b: Grimmsnarl|Grimmsnarl, L50, M|16/100\n|-terastallize|p2a: Terapagos|Stellar\n|detailschange|p2a: Terapagos|Terapagos-Stellar, L50, M, tera:Stellar\n|-heal|p2a: Terapagos|97/100|[silent]\n|move|p2a: Terapagos|Tera Starstorm|p1a: Incineroar|[spread] p1a,p1b\n|-crit|p1a: Incineroar\n|-damage|p1a: Incineroar|40/100\n|-damage|p1b: Grimmsnarl|0 fnt\n|faint|p1b: Grimmsnarl\n|move|p1a: Incineroar|Knock Off|p2a: Terapagos\n|-damage|p2a: Terapagos|70/100\n|-enditem|p2a: Terapagos|Choice Specs|[from] move: Knock Off|[of] p1a: Incineroar\n|\n|upkeep\n|\n|t:|1769095477\n|switch|p1b: Miraidon|Miraidon, L50|100/100\n|-fieldstart|move: Electric Terrain|[from] ability: Hadron Engine|[of] p1b: Miraidon\n|turn|7\n|inactive|RainLike has 30 seconds left.\n|\n|t:|1769095505\n|switch|p1a: Calyrex|Calyrex-Ice, L50|100/100\n|-ability|p1a: Calyrex|As One\n|-ability|p1a: Calyrex|Unnerve\n|move|p2b: Smeargle|Decorate|p2a: Terapagos\n|-boost|p2a: Terapagos|atk|2\n|-boost|p2a: Terapagos|spa|2\n|move|p2a: Terapagos|Tera Starstorm|p1a: Calyrex|[spread] p1a,p1b\n|-damage|p1a: Calyrex|52/100\n|-damage|p1b: Miraidon|44/100\n|move|p1b: Miraidon|Electro Drift|p2a: Terapagos\n|-damage|p2a: Terapagos|0 fnt\n|faint|p2a: Terapagos\n|detailschange|p2: Terapagos|Terapagos, L50, M|[silent]\n|\n|-heal|p1a: Calyrex|58/100|[from] item: Leftovers\n|-sideend|p2: liam.2025|move: Tailwind\n|upkeep\n|-message|liam.2025 forfeited.\n|\n|win|RainLike\n|raw|RainLike's rating: 1313 &rarr; <strong>1339</strong><br />(+26 for winning)\n|raw|liam.2025's rating: 1427 &rarr; <strong>1401</strong><br />(-26 for losing)\n|l|\u2606liam.2025\n|player|p2|\n|l|\u2606RainLike\n|player|p1|\n|l| FloodVGC\n","uploadtime":1769095663,"views":12,"formatid":"gen9vgc2026regi","rating":1339,"private":0,"password":null}