{"id":"gen9vgc2026regi-2561485906","format":"[Gen 9] VGC 2026 Reg I","players":["It'sJustKen VGC","greenlightdmp"],"log":"|j|\u2606It'sJustKen VGC\n|j|\u2606greenlightdmp\n|t:|1773801713\n|gametype|doubles\n|player|p1|It'sJustKen VGC|1|1393\n|player|p2|greenlightdmp|170|1561\n|gen|9\n|tier|[Gen 9] VGC 2026 Reg I\n|rated|\n|rule|Species Clause: Limit one of each Pok\u00e9mon\n|rule|Item Clause: Limit 1 of each item\n|clearpoke\n|poke|p1|Iron Hands, L50|\n|poke|p1|Incineroar, L50, F|\n|poke|p1|Calyrex-Shadow, L50|\n|poke|p1|Whimsicott, L50, M|\n|poke|p1|Farigiraf, L50, M|\n|poke|p1|Miraidon, L50|\n|poke|p2|Calyrex-Ice, L50|\n|poke|p2|Kyogre, L50|\n|poke|p2|Rillaboom, L50, M|\n|poke|p2|Amoonguss, L50, F|\n|poke|p2|Flutter Mane, L50|\n|poke|p2|Urshifu-*, L50, F|\n|teampreview|4\n|inactive|Battle timer is ON: inactive players will automatically lose when time's up. (requested by It'sJustKen VGC)\n|inactive|greenlightdmp has 60 seconds left.\n|inactive|greenlightdmp has 30 seconds left.\n|inactive|greenlightdmp has 20 seconds left.\n|inactive|greenlightdmp has 15 seconds left.\n|inactive|greenlightdmp has 10 seconds left.\n|\n|t:|1773801798\n|teamsize|p1|4\n|teamsize|p2|4\n|start\n|switch|p1a: Farigiraf|Farigiraf, L50, M|100/100\n|switch|p1b: Incineroar|Incineroar, L50, F|100/100\n|switch|p2a: Calyrex|Calyrex-Ice, L50|100/100\n|switch|p2b: Amoonguss|Amoonguss, L50, F|100/100\n|-ability|p2a: Calyrex|As One\n|-ability|p2a: Calyrex|Unnerve\n|-ability|p1b: Incineroar|Intimidate|boost\n|-unboost|p2a: Calyrex|atk|1\n|-unboost|p2b: Amoonguss|atk|1\n|turn|1\n|inactive|greenlightdmp has 30 seconds left.\n|\n|t:|1773801832\n|-terastallize|p2a: Calyrex|Fairy\n|move|p1a: Farigiraf|Psychic|p2b: Amoonguss\n|-supereffective|p2b: Amoonguss\n|-damage|p2b: Amoonguss|46/100\n|move|p2a: Calyrex|Leech Seed|p1a: Farigiraf\n|-start|p1a: Farigiraf|move: Leech Seed\n|move|p1b: Incineroar|U-turn|p2b: Amoonguss\n|-damage|p2b: Amoonguss|31/100\n|-damage|p1b: Incineroar|84/100|[from] item: Rocky Helmet|[of] p2b: Amoonguss\n|\n|t:|1773801838\n|switch|p1b: Miraidon|Miraidon, L50, shiny|100/100|[from] U-turn\n|-fieldstart|move: Electric Terrain|[from] ability: Hadron Engine|[of] p1b: Miraidon\n|-enditem|p1a: Farigiraf|Electric Seed\n|-boost|p1a: Farigiraf|def|1|[from] item: Electric Seed\n|move|p2b: Amoonguss|Spore|p1b: Miraidon\n|-activate|p1b: Miraidon|move: Electric Terrain\n|\n|-damage|p1a: Farigiraf|88/100|[from] Leech Seed|[of] p2a: Calyrex\n|upkeep\n|turn|2\n|inactive|greenlightdmp has 30 seconds left.\n|\n|t:|1773801867\n|switch|p2b: Rillaboom|Rillaboom, L50, M|100/100\n|-fieldstart|move: Grassy Terrain|[from] ability: Grassy Surge|[of] p2b: Rillaboom\n|move|p1b: Miraidon|Draco Meteor|p2b: Rillaboom\n|-crit|p2b: Rillaboom\n|-damage|p2b: Rillaboom|0 fnt\n|-unboost|p1b: Miraidon|spa|2\n|faint|p2b: Rillaboom\n|move|p2a: Calyrex|Leech Seed|p1b: Miraidon\n|-start|p1b: Miraidon|move: Leech Seed\n|move|p1a: Farigiraf|Roar|p2a: Calyrex\n|drag|p2a: Urshifu|Urshifu-Rapid-Strike, L50, F|100/100\n|\n|-heal|p1a: Farigiraf|94/100|[from] Grassy Terrain\n|-damage|p1b: Miraidon|88/100|[from] Leech Seed|[of] p2a: Urshifu\n|-damage|p1a: Farigiraf|82/100|[from] Leech Seed|[of] p2a: Urshifu\n|upkeep\n|\n|t:|1773801884\n|switch|p2b: Calyrex|Calyrex-Ice, L50, tera:Fairy|100/100\n|-ability|p2b: Calyrex|As One\n|-ability|p2b: Calyrex|Unnerve\n|turn|3\n|inactive|greenlightdmp has 30 seconds left.\n|inactive|greenlightdmp has 20 seconds left.\n|\n|t:|1773801919\n|switch|p1b: Incineroar|Incineroar, L50, F|84/100\n|-ability|p1b: Incineroar|Intimidate|boost\n|-unboost|p2a: Urshifu|atk|1\n|-unboost|p2b: Calyrex|atk|1\n|move|p2a: Urshifu|Surging Strikes|p1a: Farigiraf\n|-crit|p1a: Farigiraf\n|-damage|p1a: Farigiraf|64/100\n|-crit|p1a: Farigiraf\n|-damage|p1a: Farigiraf|50/100\n|-crit|p1a: Farigiraf\n|-damage|p1a: Farigiraf|33/100\n|-hitcount|p1a: Farigiraf|3\n|move|p1a: Farigiraf|Psychic|p2a: Urshifu\n|-supereffective|p2a: Urshifu\n|-damage|p2a: Urshifu|15/100\n|move|p2b: Calyrex|Glacial Lance|p1b: Incineroar|[spread] p1a,p1b\n|-resisted|p1b: Incineroar\n|-damage|p1a: Farigiraf|16/100\n|-damage|p1b: Incineroar|70/100\n|\n|-heal|p2a: Urshifu|22/100|[from] Grassy Terrain\n|-heal|p1a: Farigiraf|22/100|[from] Grassy Terrain\n|-heal|p1b: Incineroar|76/100|[from] Grassy Terrain\n|-damage|p1a: Farigiraf|9/100|[from] Leech Seed|[of] p2a: Urshifu\n|-heal|p2a: Urshifu|37/100|[silent]\n|upkeep\n|turn|4\n|inactive|greenlightdmp has 30 seconds left.\n|inactive|greenlightdmp has 20 seconds left.\n|inactive|greenlightdmp has 15 seconds left.\n|inactive|greenlightdmp has 10 seconds left.\n|\n|t:|1773801968\n|switch|p2a: Amoonguss|Amoonguss, L50, F|64/100\n|switch|p1a: Miraidon|Miraidon, L50, shiny|88/100\n|-fieldstart|move: Electric Terrain|[from] ability: Hadron Engine|[of] p1a: Miraidon\n|move|p1b: Incineroar|Fake Out|p2b: Calyrex\n|-damage|p2b: Calyrex|94/100\n|cant|p2b: Calyrex|flinch\n|\n|-heal|p2b: Calyrex|99/100|[from] item: Leftovers\n|upkeep\n|turn|5\n|\n|t:|1773801990\n|move|p2a: Amoonguss|Protect|p2a: Amoonguss\n|-singleturn|p2a: Amoonguss|Protect\n|move|p1a: Miraidon|Volt Switch|p2b: Calyrex\n|-damage|p2b: Calyrex|37/100\n|\n|t:|1773801998\n|switch|p1a: Iron Hands|Iron Hands, L50|100/100|[from] Volt Switch\n|-activate|p1a: Iron Hands|ability: Quark Drive\n|-start|p1a: Iron Hands|quarkdriveatk\n|move|p2b: Calyrex|Glacial Lance|p1a: Iron Hands|[spread] p1a,p1b\n|-resisted|p1b: Incineroar\n|-damage|p1a: Iron Hands|75/100\n|-damage|p1b: Incineroar|61/100\n|move|p1b: Incineroar|Flare Blitz|p2a: Amoonguss\n|-activate|p2a: Amoonguss|move: Protect\n|\n|-heal|p2b: Calyrex|43/100|[from] item: Leftovers\n|upkeep\n|turn|6\n|inactive|greenlightdmp has 30 seconds left.\n|\n|t:|1773802023\n|switch|p2a: Urshifu|Urshifu-Rapid-Strike, L50, F|37/100\n|-terastallize|p1a: Iron Hands|Water\n|move|p2b: Calyrex|Leech Seed|p1a: Iron Hands\n|-start|p1a: Iron Hands|move: Leech Seed\n|move|p1b: Incineroar|Flare Blitz|p2a: Urshifu\n|-resisted|p2a: Urshifu\n|-damage|p2a: Urshifu|16/100\n|-status|p2a: Urshifu|brn\n|-damage|p1b: Incineroar|55/100|[from] Recoil\n|move|p1a: Iron Hands|Wild Charge|p2b: Calyrex\n|-damage|p2b: Calyrex|0 fnt\n|faint|p2b: Calyrex\n|-damage|p1a: Iron Hands|66/100|[from] Recoil\n|\n|-damage|p2a: Urshifu|10/100 brn|[from] brn\n|upkeep\n|\n|t:|1773802043\n|switch|p2b: Amoonguss|Amoonguss, L50, F|97/100\n|turn|7\n|inactive|greenlightdmp has 30 seconds left.\n|inactive|greenlightdmp has 20 seconds left.\n|\n|t:|1773802081\n|move|p2a: Urshifu|Surging Strikes|p1b: Incineroar\n|-supereffective|p1b: Incineroar\n|-crit|p1b: Incineroar\n|-damage|p1b: Incineroar|40/100\n|-damage|p2a: Urshifu|0 fnt|[from] item: Rocky Helmet|[of] p1b: Incineroar\n|faint|p2a: Urshifu\n|-hitcount|p1b: Incineroar|1\n|move|p1b: Incineroar|Flare Blitz|p2b: Amoonguss\n|-supereffective|p2b: Amoonguss\n|-damage|p2b: Amoonguss|21/100\n|-damage|p1b: Incineroar|23/100|[from] item: Rocky Helmet|[of] p2b: Amoonguss\n|-damage|p1b: Incineroar|0 fnt|[from] Recoil\n|faint|p1b: Incineroar\n|move|p1a: Iron Hands|Wild Charge|p2b: Amoonguss\n|-resisted|p2b: Amoonguss\n|-damage|p2b: Amoonguss|0 fnt\n|-damage|p1a: Iron Hands|49/100|[from] item: Rocky Helmet|[of] p2b: Amoonguss\n|faint|p2b: Amoonguss\n|-damage|p1a: Iron Hands|45/100|[from] Recoil\n|\n|win|It'sJustKen VGC\n|raw|It&apos;sJustKen VGC's rating: 1393 &rarr; <strong>1422</strong><br />(+29 for winning)\n|raw|greenlightdmp's rating: 1561 &rarr; <strong>1532</strong><br />(-29 for losing)\n|l|\u2606greenlightdmp\n|player|p2|\n","uploadtime":1773802096,"views":11,"formatid":"gen9vgc2026regi","rating":1422,"private":0,"password":null}