{"id":"gen9vgc2026regi-2569950633","format":"[Gen 9] VGC 2026 Reg I","players":["terafireflareblitz","Cello L."],"log":"|j|\u2606terafireflareblitz\n|j|\u2606Cello L.\n|t:|1774749467\n|gametype|doubles\n|player|p1|terafireflareblitz|sycamore|1568\n|player|p2|Cello L.|cynthia-gen4|1652\n|gen|9\n|tier|[Gen 9] VGC 2026 Reg I\n|rated|\n|rule|Species Clause: Limit one of each Pok\u00e9mon\n|rule|Item Clause: Limit 1 of each item\n|clearpoke\n|poke|p1|Koraidon, L50|\n|poke|p1|Lunala, L50|\n|poke|p1|Indeedee-F, L50, F|\n|poke|p1|Flutter Mane, L50|\n|poke|p1|Volcarona, L50, M|\n|poke|p1|Ursaluna, L50, M|\n|poke|p2|Miraidon, L50|\n|poke|p2|Zamazenta-*, L50|\n|poke|p2|Chien-Pao, L50|\n|poke|p2|Iron Hands, L50|\n|poke|p2|Volcarona, L50, F|\n|poke|p2|Grimmsnarl, L50, M|\n|teampreview|4\n|inactive|Battle timer is ON: inactive players will automatically lose when time's up. (requested by terafireflareblitz)\nCello L. has agreed to open team sheets.\n|\n|t:|1774749486\n|teamsize|p1|4\n|teamsize|p2|4\n|start\n|switch|p1a: Koraidon|Koraidon, L50, shiny|100/100\n|switch|p1b: Indeedee|Indeedee-F, L50, F|100/100\n|switch|p2a: Miraidon|Miraidon, L50|100/100\n|switch|p2b: Grimmsnarl|Grimmsnarl, L50, M|100/100\n|-weather|SunnyDay|[from] ability: Orichalcum Pulse|[of] p1a: Koraidon\n|-activate|p1a: Koraidon|Orichalcum Pulse|[source]\n|-fieldstart|move: Electric Terrain|[from] ability: Hadron Engine|[of] p2a: Miraidon\n|-fieldstart|move: Psychic Terrain|[from] ability: Psychic Surge|[of] p1b: Indeedee\n|turn|1\n|\n|t:|1774749507\n|-terastallize|p1a: Koraidon|Fire\n|move|p2b: Grimmsnarl|Reflect|p2b: Grimmsnarl\n|-sidestart|p2: Cello L.|Reflect\n|move|p2a: Miraidon|Volt Switch|p1b: Indeedee\n|-damage|p1b: Indeedee|47/100\n|\n|t:|1774749512\n|switch|p2a: Zamazenta|Zamazenta-Crowned, L50|100/100|[from] Volt Switch\n|-ability|p2a: Zamazenta|Dauntless Shield|boost\n|-boost|p2a: Zamazenta|def|1\n|move|p1a: Koraidon|Flare Blitz|p2b: Grimmsnarl\n|-damage|p2b: Grimmsnarl|0 fnt\n|faint|p2b: Grimmsnarl\n|-damage|p1a: Koraidon|63/100|[from] Recoil\n|-damage|p1a: Koraidon|53/100|[from] item: Life Orb\n|move|p1b: Indeedee|Alluring Voice|p2a: Zamazenta\n|-damage|p2a: Zamazenta|88/100\n|-start|p2a: Zamazenta|confusion\n|\n|-weather|SunnyDay|[upkeep]\n|upkeep\n|\n|t:|1774749532\n|switch|p2b: Miraidon|Miraidon, L50|100/100\n|-fieldstart|move: Electric Terrain|[from] ability: Hadron Engine|[of] p2b: Miraidon\n|turn|2\n|\n|t:|1774749556\n|switch|p1b: Volcarona|Volcarona, L50, M|100/100\n|-terastallize|p2a: Zamazenta|Water\n|move|p1a: Koraidon|Protect|p1a: Koraidon\n|-singleturn|p1a: Koraidon|Protect\n|move|p2b: Miraidon|Electro Drift|p1b: Volcarona\n|-damage|p1b: Volcarona|0 fnt\n|-damage|p2b: Miraidon|84/100|[from] item: Rocky Helmet|[of] p1b: Volcarona\n|-status|p2b: Miraidon|brn|[from] ability: Flame Body|[of] p1b: Volcarona\n|faint|p1b: Volcarona\n|-activate|p2a: Zamazenta|confusion\n|move|p2a: Zamazenta|Body Press|p1a: Koraidon\n|-activate|p1a: Koraidon|move: Protect\n|\n|-weather|SunnyDay|[upkeep]\n|-damage|p2b: Miraidon|78/100 brn|[from] brn\n|upkeep\n|\n|t:|1774749565\n|switch|p1b: Lunala|Lunala, L50, shiny|100/100\n|turn|3\n|\n|t:|1774749586\n|switch|p1a: Indeedee|Indeedee-F, L50, F|47/100\n|-fieldstart|move: Psychic Terrain|[from] ability: Psychic Surge|[of] p1a: Indeedee\n|move|p2b: Miraidon|Electro Drift|p1a: Indeedee\n|-damage|p1a: Indeedee|0 fnt\n|faint|p1a: Indeedee\n|-activate|p2a: Zamazenta|confusion\n|-damage|p2a: Zamazenta|84/100|[from] confusion\n|move|p1b: Lunala|Meteor Beam||[still]\n|-prepare|p1b: Lunala|Meteor Beam\n|-boost|p1b: Lunala|spa|1\n|-enditem|p1b: Lunala|Power Herb\n|-anim|p1b: Lunala|Meteor Beam|p2a: Zamazenta\n|-damage|p2a: Zamazenta|33/100\n|\n|-weather|SunnyDay|[upkeep]\n|-damage|p2b: Miraidon|72/100 brn|[from] brn\n|upkeep\n|\n|t:|1774749597\n|switch|p1a: Koraidon|Koraidon, L50, shiny, tera:Fire|53/100\n|-activate|p1a: Koraidon|ability: Orichalcum Pulse\n|turn|4\n|\n|t:|1774749608\n|move|p1a: Koraidon|Close Combat|p2b: Miraidon\n|-damage|p2b: Miraidon|0 fnt\n|-unboost|p1a: Koraidon|def|1\n|-unboost|p1a: Koraidon|spd|1\n|faint|p2b: Miraidon\n|-damage|p1a: Koraidon|43/100|[from] item: Life Orb\n|-activate|p2a: Zamazenta|confusion\n|move|p2a: Zamazenta|Heavy Slam|p1b: Lunala\n|-damage|p1b: Lunala|82/100\n|move|p1b: Lunala|Expanding Force|p2a: Zamazenta\n|-damage|p2a: Zamazenta|0 fnt\n|faint|p2a: Zamazenta\n|\n|-weather|SunnyDay|[upkeep]\n|upkeep\n|\n|t:|1774749621\n|switch|p2a: Chien-Pao|Chien-Pao, L50|100/100\n|-ability|p2a: Chien-Pao|Sword of Ruin\n|turn|5\n|\n|t:|1774749631\n|move|p2a: Chien-Pao|Protect|p2a: Chien-Pao\n|-singleturn|p2a: Chien-Pao|Protect\n|move|p1a: Koraidon|Breaking Swipe|p2a: Chien-Pao\n|-activate|p2a: Chien-Pao|move: Protect\n|move|p1b: Lunala|Moongeist Beam|p2a: Chien-Pao\n|-activate|p2a: Chien-Pao|move: Protect\n|\n|-weather|none\n|upkeep\n|turn|6\n|\n|t:|1774749646\n|move|p1a: Koraidon|Close Combat|p2a: Chien-Pao\n|-supereffective|p2a: Chien-Pao\n|-enditem|p2a: Chien-Pao|Focus Sash\n|-damage|p2a: Chien-Pao|1/100\n|-unboost|p1a: Koraidon|def|1\n|-unboost|p1a: Koraidon|spd|1\n|-damage|p1a: Koraidon|34/100|[from] item: Life Orb\n|move|p2a: Chien-Pao|Crunch|p1b: Lunala\n|-supereffective|p1b: Lunala\n|-damage|p1b: Lunala|0 fnt\n|faint|p1b: Lunala\n|\n|upkeep\n|turn|7\n|\n|t:|1774749650\n|move|p2a: Chien-Pao|Protect|p2a: Chien-Pao\n|-singleturn|p2a: Chien-Pao|Protect\n|move|p1a: Koraidon|Breaking Swipe|p2a: Chien-Pao\n|-activate|p2a: Chien-Pao|move: Protect\n|\n|-fieldend|move: Psychic Terrain\n|upkeep\n|turn|8\n|\n|t:|1774749658\n|move|p1a: Koraidon|Protect|p1a: Koraidon\n|-singleturn|p1a: Koraidon|Protect\n|move|p2a: Chien-Pao|Sucker Punch||[still]\n|-fail|p2a: Chien-Pao\n|\n|-sideend|p2: Cello L.|Reflect\n|upkeep\n|turn|9\n|\n|t:|1774749662\n|move|p1a: Koraidon|Protect||[still]\n|-fail|p1a: Koraidon\n|move|p2a: Chien-Pao|Sucker Punch||[still]\n|-fail|p2a: Chien-Pao\n|\n|upkeep\n|turn|10\n|\n|t:|1774749668\n|move|p1a: Koraidon|Protect|p1a: Koraidon\n|-singleturn|p1a: Koraidon|Protect\n|move|p2a: Chien-Pao|Protect||[still]\n|-fail|p2a: Chien-Pao\n|\n|upkeep\n|turn|11\n|\n|t:|1774749674\n|move|p1a: Koraidon|Protect||[still]\n|-fail|p1a: Koraidon\n|move|p2a: Chien-Pao|Sucker Punch||[still]\n|-fail|p2a: Chien-Pao\n|\n|upkeep\n|turn|12\n|\n|t:|1774749682\n|move|p1a: Koraidon|Protect|p1a: Koraidon\n|-singleturn|p1a: Koraidon|Protect\n|move|p2a: Chien-Pao|Sucker Punch||[still]\n|-fail|p2a: Chien-Pao\n|\n|upkeep\n|turn|13\n|\n|t:|1774749686\n|move|p1a: Koraidon|Protect||[still]\n|-fail|p1a: Koraidon\n|move|p2a: Chien-Pao|Crunch|p1a: Koraidon\n|-damage|p1a: Koraidon|0 fnt\n|faint|p1a: Koraidon\n|\n|win|Cello L.\n|raw|terafireflareblitz's rating: 1568 &rarr; <strong>1553</strong><br />(-15 for losing)\n|raw|Cello L.'s rating: 1652 &rarr; <strong>1667</strong><br />(+15 for winning)\n|l|\u2606terafireflareblitz\n|player|p1|\n|l|\u2606Cello L.\n|player|p2|\n","uploadtime":1774749687,"views":19,"formatid":"gen9vgc2026regi","rating":1553,"private":0,"password":null}