{"id":"gen9vgc2026regi-2558170562","format":"[Gen 9] VGC 2026 Reg I","players":["blackred123\u6c38\u96cf\u5854\u83f2\u4fa0","nnuy"],"log":"|j|\u2606blackred123\u6c38\u96cf\u5854\u83f2\u4fa0\n|j|\u2606nnuy\n|t:|1773410431\n|gametype|doubles\n|player|p1|blackred123\u6c38\u96cf\u5854\u83f2\u4fa0|iono-masters|1466\n|player|p2|nnuy|170|1376\n|gen|9\n|tier|[Gen 9] VGC 2026 Reg I\n|rated|\n|rule|Species Clause: Limit one of each Pok\u00e9mon\n|rule|Item Clause: Limit 1 of each item\n|clearpoke\n|poke|p1|Groudon, L50|\n|poke|p1|Volcarona, L50, F|\n|poke|p1|Incineroar, L50, M|\n|poke|p1|Miraidon, L50|\n|poke|p1|Flutter Mane, L50|\n|poke|p1|Chien-Pao, L50|\n|poke|p2|Incineroar, L50, M|\n|poke|p2|Calyrex-Shadow, L50|\n|poke|p2|Zamazenta-*, L50|\n|poke|p2|Rillaboom, L50, M|\n|poke|p2|Ogerpon-Cornerstone, L50, F|\n|poke|p2|Tornadus, L50, M|\n|teampreview|4\n|inactive|Battle timer is ON: inactive players will automatically lose when time's up. (requested by nnuy)\n|inactive|blackred123\u6c38\u96cf\u5854\u83f2\u4fa0 also wants the timer to be on.\n|inactive|nnuy has 60 seconds left.\n|\n|t:|1773410467\n|teamsize|p1|4\n|teamsize|p2|4\n|start\n|switch|p1a: \u6c38\u96cf\u5854\u83f2|Groudon, L50|100/100\n|switch|p1b: \u829d\u58eb\u96ea\u8c79|Chien-Pao, L50|100/100\n|switch|p2a: Tornadus|Tornadus, L50, M, shiny|100/100\n|switch|p2b: Zamazenta|Zamazenta-Crowned, L50|100/100\n|-ability|p1b: \u829d\u58eb\u96ea\u8c79|Sword of Ruin\n|-ability|p2b: Zamazenta|Dauntless Shield|boost\n|-boost|p2b: Zamazenta|def|1\n|-weather|SunnyDay|[from] ability: Drought|[of] p1a: \u6c38\u96cf\u5854\u83f2\n|turn|1\n|\n|t:|1773410484\n|move|p1b: \u829d\u58eb\u96ea\u8c79|Protect|p1b: \u829d\u58eb\u96ea\u8c79\n|-singleturn|p1b: \u829d\u58eb\u96ea\u8c79|Protect\n|move|p2b: Zamazenta|Protect|p2b: Zamazenta\n|-singleturn|p2b: Zamazenta|Protect\n|move|p2a: Tornadus|Tailwind|p2a: Tornadus\n|-sidestart|p2: nnuy|move: Tailwind\n|move|p1a: \u6c38\u96cf\u5854\u83f2|Precipice Blades|p2a: Tornadus|[spread] \n|-activate|p2b: Zamazenta|move: Protect\n|-immune|p2a: Tornadus\n|\n|-weather|SunnyDay|[upkeep]\n|upkeep\n|turn|2\n|inactive|nnuy has 30 seconds left.\n|\n|t:|1773410510\n|switch|p1b: \u516d\u7ffc\u4e01\u771f|Volcarona, L50, F|100/100\n|-terastallize|p2b: Zamazenta|Dragon\n|move|p2a: Tornadus|Bleakwind Storm|p1b: \u516d\u7ffc\u4e01\u771f|[spread] p1b\n|-miss|p2a: Tornadus|p1a: \u6c38\u96cf\u5854\u83f2\n|-supereffective|p1b: \u516d\u7ffc\u4e01\u771f\n|-damage|p1b: \u516d\u7ffc\u4e01\u771f|48/100\n|move|p2b: Zamazenta|Body Press|p1a: \u6c38\u96cf\u5854\u83f2\n|-damage|p1a: \u6c38\u96cf\u5854\u83f2|54/100\n|move|p1a: \u6c38\u96cf\u5854\u83f2|Rock Slide|p2b: Zamazenta|[spread] p2a,p2b\n|-supereffective|p2a: Tornadus\n|-damage|p2a: Tornadus|55/100\n|-damage|p2b: Zamazenta|92/100\n|\n|-weather|SunnyDay|[upkeep]\n|upkeep\n|turn|3\n|j| Esiolamond\n|inactive|blackred123\u6c38\u96cf\u5854\u83f2\u4fa0 has 30 seconds left.\n|\n|t:|1773410537\n|move|p1b: \u516d\u7ffc\u4e01\u771f|Protect|p1b: \u516d\u7ffc\u4e01\u771f\n|-singleturn|p1b: \u516d\u7ffc\u4e01\u771f|Protect\n|move|p2a: Tornadus|Bleakwind Storm|p1a: \u6c38\u96cf\u5854\u83f2|[spread] p1a\n|-activate|p1b: \u516d\u7ffc\u4e01\u771f|move: Protect\n|-damage|p1a: \u6c38\u96cf\u5854\u83f2|36/100\n|move|p2b: Zamazenta|Body Press|p1a: \u6c38\u96cf\u5854\u83f2\n|-damage|p1a: \u6c38\u96cf\u5854\u83f2|0 fnt\n|faint|p1a: \u6c38\u96cf\u5854\u83f2\n|\n|-weather|SunnyDay|[upkeep]\n|upkeep\n|\n|t:|1773410544\n|switch|p1a: \u829d\u58eb\u96ea\u8c79|Chien-Pao, L50|100/100\n|-ability|p1a: \u829d\u58eb\u96ea\u8c79|Sword of Ruin\n|turn|4\n|\n|t:|1773410558\n|move|p1a: \u829d\u58eb\u96ea\u8c79|Sucker Punch|p2a: Tornadus\n|-damage|p2a: Tornadus|0 fnt\n|faint|p2a: Tornadus\n|-damage|p1a: \u829d\u58eb\u96ea\u8c79|91/100|[from] item: Life Orb\n|move|p2b: Zamazenta|Body Press|p1a: \u829d\u58eb\u96ea\u8c79\n|-supereffective|p1a: \u829d\u58eb\u96ea\u8c79\n|-damage|p1a: \u829d\u58eb\u96ea\u8c79|0 fnt\n|faint|p1a: \u829d\u58eb\u96ea\u8c79\n|move|p1b: \u516d\u7ffc\u4e01\u771f|Quiver Dance|p1b: \u516d\u7ffc\u4e01\u771f\n|-boost|p1b: \u516d\u7ffc\u4e01\u771f|spa|1\n|-boost|p1b: \u516d\u7ffc\u4e01\u771f|spd|1\n|-boost|p1b: \u516d\u7ffc\u4e01\u771f|spe|1\n|\n|-weather|SunnyDay|[upkeep]\n|-sideend|p2: nnuy|move: Tailwind\n|upkeep\n|\n|t:|1773410563\n|switch|p1a: \u94f6\u91d1\u5996\u86c7|Miraidon, L50, shiny|100/100\n|switch|p2a: Calyrex|Calyrex-Shadow, L50|100/100\n|-ability|p2a: Calyrex|As One\n|-ability|p2a: Calyrex|Unnerve\n|-fieldstart|move: Electric Terrain|[from] ability: Hadron Engine|[of] p1a: \u94f6\u91d1\u5996\u86c7\n|-enditem|p1b: \u516d\u7ffc\u4e01\u771f|Electric Seed\n|-boost|p1b: \u516d\u7ffc\u4e01\u771f|def|1|[from] item: Electric Seed\n|turn|5\n|inactive|nnuy has 30 seconds left.\n|\n|t:|1773410592\n|switch|p2a: Rillaboom|Rillaboom, L50, M, shiny|100/100\n|-fieldstart|move: Grassy Terrain|[from] ability: Grassy Surge|[of] p2a: Rillaboom\n|-terastallize|p1a: \u94f6\u91d1\u5996\u86c7|Fairy\n|move|p2b: Zamazenta|Protect|p2b: Zamazenta\n|-singleturn|p2b: Zamazenta|Protect\n|move|p1a: \u94f6\u91d1\u5996\u86c7|Dazzling Gleam|p2b: Zamazenta|[spread] p2a\n|-activate|p2b: Zamazenta|move: Protect\n|-crit|p2a: Rillaboom\n|-damage|p2a: Rillaboom|69/100\n|move|p1b: \u516d\u7ffc\u4e01\u771f|Quiver Dance|p1b: \u516d\u7ffc\u4e01\u771f\n|-boost|p1b: \u516d\u7ffc\u4e01\u771f|spa|1\n|-boost|p1b: \u516d\u7ffc\u4e01\u771f|spd|1\n|-boost|p1b: \u516d\u7ffc\u4e01\u771f|spe|1\n|\n|-weather|none\n|-heal|p1b: \u516d\u7ffc\u4e01\u771f|54/100|[from] Grassy Terrain\n|-heal|p2b: Zamazenta|98/100|[from] Grassy Terrain\n|-heal|p2a: Rillaboom|75/100|[from] Grassy Terrain\n|upkeep\n|turn|6\n|inactive|nnuy has 30 seconds left.\n|inactive|blackred123\u6c38\u96cf\u5854\u83f2\u4fa0 has 30 seconds left.\n|inactive|nnuy has 20 seconds left.\n|\n|t:|1773410631\n|move|p2b: Zamazenta|Wide Guard|p2b: Zamazenta\n|-singleturn|p2b: Zamazenta|Wide Guard\n|move|p1b: \u516d\u7ffc\u4e01\u771f|Fiery Dance|p2a: Rillaboom\n|-supereffective|p2a: Rillaboom\n|-damage|p2a: Rillaboom|0 fnt\n|faint|p2a: Rillaboom\n|move|p1a: \u94f6\u91d1\u5996\u86c7|Dazzling Gleam|p2b: Zamazenta\n|-activate|p2b: Zamazenta|move: Wide Guard\n|\n|-heal|p1b: \u516d\u7ffc\u4e01\u771f|59/100|[from] Grassy Terrain\n|-heal|p2b: Zamazenta|100/100|[from] Grassy Terrain\n|upkeep\n|\n|t:|1773410633\n|switch|p2a: Calyrex|Calyrex-Shadow, L50|100/100\n|-ability|p2a: Calyrex|As One\n|-ability|p2a: Calyrex|Unnerve\n|turn|7\n|\n|t:|1773410655\n|move|p2b: Zamazenta|Wide Guard|p2b: Zamazenta\n|-singleturn|p2b: Zamazenta|Wide Guard\n|move|p1b: \u516d\u7ffc\u4e01\u771f|Fiery Dance|p2a: Calyrex\n|-damage|p2a: Calyrex|29/100\n|-boost|p1b: \u516d\u7ffc\u4e01\u771f|spa|1\n|move|p1a: \u94f6\u91d1\u5996\u86c7|Dazzling Gleam|p2b: Zamazenta|[spread] \n|-activate|p2a: Calyrex|move: Wide Guard\n|-activate|p2b: Zamazenta|move: Wide Guard\n|move|p2a: Calyrex|Astral Barrage|p1b: \u516d\u7ffc\u4e01\u771f|[spread] p1a,p1b\n|-damage|p1a: \u94f6\u91d1\u5996\u86c7|51/100\n|-damage|p1b: \u516d\u7ffc\u4e01\u771f|30/100\n|\n|-heal|p1b: \u516d\u7ffc\u4e01\u771f|35/100|[from] Grassy Terrain\n|-heal|p1a: \u94f6\u91d1\u5996\u86c7|57/100|[from] Grassy Terrain\n|-heal|p2a: Calyrex|35/100|[from] Grassy Terrain\n|upkeep\n|turn|8\n|l| Esiolamond\n|inactive|nnuy has 30 seconds left.\n|\n|t:|1773410684\n|move|p2a: Calyrex|Protect|p2a: Calyrex\n|-singleturn|p2a: Calyrex|Protect\n|move|p1b: \u516d\u7ffc\u4e01\u771f|Fiery Dance|p2b: Zamazenta\n|-resisted|p2b: Zamazenta\n|-damage|p2b: Zamazenta|69/100\n|-boost|p1b: \u516d\u7ffc\u4e01\u771f|spa|1\n|move|p1a: \u94f6\u91d1\u5996\u86c7|Dazzling Gleam|p2b: Zamazenta|[spread] p2b\n|-activate|p2a: Calyrex|move: Protect\n|-supereffective|p2b: Zamazenta\n|-damage|p2b: Zamazenta|26/100\n|move|p2b: Zamazenta|Body Press|p1b: \u516d\u7ffc\u4e01\u771f\n|-resisted|p1b: \u516d\u7ffc\u4e01\u771f\n|-damage|p1b: \u516d\u7ffc\u4e01\u771f|2/100\n|-status|p2b: Zamazenta|brn|[from] ability: Flame Body|[of] p1b: \u516d\u7ffc\u4e01\u771f\n|\n|-heal|p1b: \u516d\u7ffc\u4e01\u771f|8/100|[from] Grassy Terrain\n|-heal|p1a: \u94f6\u91d1\u5996\u86c7|63/100|[from] Grassy Terrain\n|-heal|p2a: Calyrex|41/100|[from] Grassy Terrain\n|-heal|p2b: Zamazenta|32/100 brn|[from] Grassy Terrain\n|-damage|p2b: Zamazenta|26/100 brn|[from] brn\n|upkeep\n|turn|9\n|\n|t:|1773410706\n|move|p2b: Zamazenta|Wide Guard|p2b: Zamazenta\n|-singleturn|p2b: Zamazenta|Wide Guard\n|move|p1b: \u516d\u7ffc\u4e01\u771f|Fiery Dance|p2a: Calyrex\n|-damage|p2a: Calyrex|0 fnt\n|-boost|p1b: \u516d\u7ffc\u4e01\u771f|spa|1\n|faint|p2a: Calyrex\n|move|p1a: \u94f6\u91d1\u5996\u86c7|Dazzling Gleam|p2b: Zamazenta\n|-activate|p2b: Zamazenta|move: Wide Guard\n|\n|-heal|p1b: \u516d\u7ffc\u4e01\u771f|14/100|[from] Grassy Terrain\n|-heal|p1a: \u94f6\u91d1\u5996\u86c7|69/100|[from] Grassy Terrain\n|-heal|p2b: Zamazenta|32/100 brn|[from] Grassy Terrain\n|-damage|p2b: Zamazenta|26/100 brn|[from] brn\n|-fieldend|move: Grassy Terrain\n|upkeep\n|turn|10\n|\n|t:|1773410720\n|move|p1b: \u516d\u7ffc\u4e01\u771f|Fiery Dance|p2b: Zamazenta\n|-resisted|p2b: Zamazenta\n|-damage|p2b: Zamazenta|0 fnt\n|faint|p2b: Zamazenta\n|\n|win|blackred123\u6c38\u96cf\u5854\u83f2\u4fa0\n|raw|blackred123\u6c38\u96cf\u5854\u83f2\u4fa0's rating: 1466 &rarr; <strong>1481</strong><br />(+15 for winning)\n|raw|nnuy's rating: 1376 &rarr; <strong>1361</strong><br />(-15 for losing)\n|l|\u2606nnuy\n|player|p2|\n","uploadtime":1773410749,"views":14,"formatid":"gen9vgc2026regi","rating":1361,"private":0,"password":null}