{"id":"gen9vgc2026regi-2548346073","format":"[Gen 9] VGC 2026 Reg I","players":["bullgod4ever","E+hsdc"],"log":"|j|\u2606bullgod4ever\n|j|\u2606E+hsdc\n|t:|1772205834\n|gametype|doubles\n|player|p1|bullgod4ever|170|1540\n|player|p2|E+hsdc|2|1475\n|gen|9\n|tier|[Gen 9] VGC 2026 Reg I\n|rated|\n|rule|Species Clause: Limit one of each Pok\u00e9mon\n|rule|Item Clause: Limit 1 of each item\n|clearpoke\n|poke|p1|Calyrex-Shadow, L50|\n|poke|p1|Zamazenta-*, L50|\n|poke|p1|Chien-Pao, L50|\n|poke|p1|Dragonite, L50, F|\n|poke|p1|Amoonguss, L50, M|\n|poke|p1|Ogerpon-Cornerstone, L50, F|\n|poke|p2|Miraidon, L50|\n|poke|p2|Calyrex-Ice, L50|\n|poke|p2|Dondozo, L50, F|\n|poke|p2|Tatsugiri, L50, M|\n|poke|p2|Chien-Pao, L50|\n|poke|p2|Dragonite, L50, M|\n|teampreview|4\n|inactive|Battle timer is ON: inactive players will automatically lose when time's up. (requested by bullgod4ever)\n|\n|t:|1772205870\n|teamsize|p1|4\n|teamsize|p2|4\n|start\n|switch|p1a: Chien-Pao|Chien-Pao, L50|100/100\n|switch|p1b: Dragonite|Dragonite, L50, F|100/100\n|switch|p2a: Miraidon|Miraidon, L50|100/100\n|switch|p2b: Dondozo|Dondozo, L50, F|100/100\n|-fieldstart|move: Electric Terrain|[from] ability: Hadron Engine|[of] p2a: Miraidon\n|-ability|p1a: Chien-Pao|Sword of Ruin\n|turn|1\n|\n|t:|1772205889\n|move|p2a: Miraidon|Draco Meteor|p1b: Dragonite\n|-supereffective|p1b: Dragonite\n|-damage|p1b: Dragonite|0 fnt\n|-unboost|p2a: Miraidon|spa|2\n|faint|p1b: Dragonite\n|move|p1a: Chien-Pao|Ruination|p2b: Dondozo\n|-damage|p2b: Dondozo|51/100\n|move|p2b: Dondozo|Order Up|p1a: Chien-Pao\n|-damage|p1a: Chien-Pao|73/100\n|\n|upkeep\n|\n|t:|1772205906\n|switch|p1b: Calyrex|Calyrex-Shadow, L50|100/100\n|-ability|p1b: Calyrex|As One\n|-ability|p1b: Calyrex|Unnerve\n|turn|2\n|inactive|bullgod4ever has 30 seconds left.\n|\n|t:|1772205935\n|switch|p2a: Tatsugiri|Tatsugiri, L50, M|100/100\n|-activate|p2a: Tatsugiri|ability: Commander|[of] p2b: Dondozo\n|-boost|p2b: Dondozo|atk|2\n|-boost|p2b: Dondozo|spa|2\n|-boost|p2b: Dondozo|spe|2\n|-boost|p2b: Dondozo|def|2\n|-boost|p2b: Dondozo|spd|2\n|-terastallize|p1b: Calyrex|Ghost\n|move|p1a: Chien-Pao|Sucker Punch|p2b: Dondozo\n|-damage|p2b: Dondozo|38/100\n|move|p1b: Calyrex|Astral Barrage|p2b: Dondozo|[spread] p2b\n|-miss|p1b: Calyrex|p2a: Tatsugiri\n|-damage|p2b: Dondozo|7/100\n|move|p2b: Dondozo|Earthquake|p1b: Calyrex|[spread] p1a,p1b\n|-miss|p2b: Dondozo|p2a: Tatsugiri\n|-damage|p1a: Chien-Pao|21/100\n|-damage|p1b: Calyrex|27/100\n|\n|upkeep\n|turn|3\n|inactive|bullgod4ever has 30 seconds left.\n|\n|t:|1772205962\n|move|p2b: Dondozo|Protect|p2b: Dondozo\n|-singleturn|p2b: Dondozo|Protect\n|move|p1b: Calyrex|Astral Barrage|p2b: Dondozo|[spread] \n|-miss|p1b: Calyrex|p2a: Tatsugiri\n|-activate|p2b: Dondozo|move: Protect\n|move|p1a: Chien-Pao|Ice Spinner|p2b: Dondozo\n|-activate|p2b: Dondozo|move: Protect\n|\n|upkeep\n|turn|4\n|\n|t:|1772205978\n|move|p1b: Calyrex|Astral Barrage|p2a: Tatsugiri|[spread] p2b\n|-miss|p1b: Calyrex|p2a: Tatsugiri\n|-damage|p2b: Dondozo|0 fnt\n|faint|p2b: Dondozo\n|-ability|p1b: Calyrex|Grim Neigh|boost\n|-boost|p1b: Calyrex|spa|1\n|move|p1a: Chien-Pao|Ice Spinner|p2a: Tatsugiri\n|-damage|p2a: Tatsugiri|23/100\n|-fieldend|move: Electric Terrain\n|\n|upkeep\n|\n|t:|1772205983\n|switch|p2b: Miraidon|Miraidon, L50|100/100\n|-fieldstart|move: Electric Terrain|[from] ability: Hadron Engine|[of] p2b: Miraidon\n|turn|5\n|\n|t:|1772206000\n|move|p1b: Calyrex|Protect|p1b: Calyrex\n|-singleturn|p1b: Calyrex|Protect\n|move|p1a: Chien-Pao|Ice Shard|p2a: Tatsugiri\n|-damage|p2a: Tatsugiri|0 fnt\n|faint|p2a: Tatsugiri\n|move|p2b: Miraidon|Volt Switch|p1b: Calyrex\n|-activate|p1b: Calyrex|move: Protect\n|\n|upkeep\n|\n|t:|1772206003\n|switch|p2a: Calyrex|Calyrex-Ice, L50|100/100\n|-ability|p2a: Calyrex|As One\n|-ability|p2a: Calyrex|Unnerve\n|turn|6\n|inactive|bullgod4ever has 30 seconds left.\n|\n|t:|1772206034\n|move|p2b: Miraidon|Volt Switch|p1b: Calyrex\n|-damage|p1b: Calyrex|0 fnt\n|faint|p1b: Calyrex\n|move|p1a: Chien-Pao|Ice Spinner|p2b: Miraidon\n|-supereffective|p2b: Miraidon\n|-damage|p2b: Miraidon|28/100\n|-fieldend|move: Electric Terrain\n|move|p2a: Calyrex|Glacial Lance|p1a: Chien-Pao\n|-resisted|p1a: Chien-Pao\n|-damage|p1a: Chien-Pao|0 fnt\n|faint|p1a: Chien-Pao\n|-ability|p2a: Calyrex|Chilling Neigh|boost\n|-boost|p2a: Calyrex|atk|1\n|\n|upkeep\n|\n|t:|1772206049\n|switch|p1b: Zamazenta|Zamazenta-Crowned, L50|100/100\n|-ability|p1b: Zamazenta|Dauntless Shield|boost\n|-boost|p1b: Zamazenta|def|1\n|turn|7\n|\n|t:|1772206062\n|move|p2b: Miraidon|Volt Switch|p1b: Zamazenta\n|-damage|p1b: Zamazenta|73/100\n|move|p1b: Zamazenta|Body Press|p2b: Miraidon\n|-damage|p2b: Miraidon|0 fnt\n|faint|p2b: Miraidon\n|move|p2a: Calyrex|Leech Seed|p1b: Zamazenta|[miss]\n|-miss|p2a: Calyrex|p1b: Zamazenta\n|\n|upkeep\n|turn|8\n|\n|t:|1772206076\n|move|p1b: Zamazenta|Behemoth Bash|p2a: Calyrex\n|-supereffective|p2a: Calyrex\n|-damage|p2a: Calyrex|50/100\n|move|p2a: Calyrex|Leech Seed|p1b: Zamazenta\n|-start|p1b: Zamazenta|move: Leech Seed\n|\n|-heal|p2a: Calyrex|56/100|[from] item: Leftovers\n|-damage|p1b: Zamazenta|60/100|[from] Leech Seed|[of] p2a: Calyrex\n|-heal|p2a: Calyrex|68/100|[silent]\n|upkeep\n|turn|9\n|\n|t:|1772206088\n|move|p2a: Calyrex|Protect|p2a: Calyrex\n|-singleturn|p2a: Calyrex|Protect\n|move|p1b: Zamazenta|Behemoth Bash|p2a: Calyrex\n|-activate|p2a: Calyrex|move: Protect\n|\n|-heal|p2a: Calyrex|73/100|[from] item: Leftovers\n|-damage|p1b: Zamazenta|48/100|[from] Leech Seed|[of] p2a: Calyrex\n|-heal|p2a: Calyrex|85/100|[silent]\n|upkeep\n|turn|10\n|\n|t:|1772206099\n|-terastallize|p2a: Calyrex|Fire\n|move|p1b: Zamazenta|Behemoth Bash|p2a: Calyrex\n|-resisted|p2a: Calyrex\n|-damage|p2a: Calyrex|73/100\n|move|p2a: Calyrex|Glacial Lance|p1b: Zamazenta\n|-resisted|p1b: Zamazenta\n|-damage|p1b: Zamazenta|30/100\n|\n|-heal|p2a: Calyrex|79/100|[from] item: Leftovers\n|-damage|p1b: Zamazenta|18/100|[from] Leech Seed|[of] p2a: Calyrex\n|-heal|p2a: Calyrex|91/100|[silent]\n|upkeep\n|turn|11\n|\n|t:|1772206112\n|move|p1b: Zamazenta|Body Press|p2a: Calyrex\n|-damage|p2a: Calyrex|56/100\n|move|p2a: Calyrex|Glacial Lance|p1b: Zamazenta\n|-resisted|p1b: Zamazenta\n|-damage|p1b: Zamazenta|0 fnt\n|faint|p1b: Zamazenta\n|\n|win|E+hsdc\n|raw|bullgod4ever's rating: 1540 &rarr; <strong>1516</strong><br />(-24 for losing)\n|raw|E+hsdc's rating: 1475 &rarr; <strong>1499</strong><br />(+24 for winning)\n|l|\u2606E+hsdc\n|player|p2|\n|l|\u2606bullgod4ever\n|player|p1|\n","uploadtime":1772206266,"views":20,"formatid":"gen9vgc2026regi","rating":1499,"private":0,"password":null}