{"id":"gen9vgc2026regi-2578875061","format":"[Gen 9] VGC 2026 Reg I","players":["inferno_on_top","AtomEveVGC"],"log":"|j|\u2606inferno_on_top\n|j|\u2606AtomEveVGC\n|t:|1775730893\n|gametype|doubles\n|player|p1|inferno_on_top|gentleman-gen4|1236\n|player|p2|AtomEveVGC|169|1326\n|gen|9\n|tier|[Gen 9] VGC 2026 Reg I\n|rated|\n|rule|Species Clause: Limit one of each Pok\u00e9mon\n|rule|Item Clause: Limit 1 of each item\n|clearpoke\n|poke|p1|Pachirisu, L50, F|\n|poke|p1|Kingambit, L50, M|\n|poke|p1|Incineroar, L50, M|\n|poke|p1|Calyrex-Ice, L50|\n|poke|p1|Phantump, L50, M|\n|poke|p1|Miraidon, L50|\n|poke|p2|Calyrex-Shadow, L50|\n|poke|p2|Zamazenta-*, L50|\n|poke|p2|Chien-Pao, L50|\n|poke|p2|Dragonite, L50, M|\n|poke|p2|Raging Bolt, L50|\n|poke|p2|Amoonguss, L50, M|\n|teampreview|4\n|inactive|Battle timer is ON: inactive players will automatically lose when time's up. (requested by inferno_on_top)\n|inactive|inferno_on_top has 60 seconds left.\n|inactive|inferno_on_top has 30 seconds left.\n|inactive|inferno_on_top has 20 seconds left.\n|inactive|inferno_on_top has 15 seconds left.\n|\n|t:|1775730985\n|teamsize|p1|4\n|teamsize|p2|4\n|start\n|switch|p1a: Bad guy|Incineroar, L50, M, shiny|100/100\n|switch|p1b: Miraidon|Miraidon, L50|100/100\n|switch|p2a: Chien-Pao|Chien-Pao, L50|100/100\n|switch|p2b: Dragonite|Dragonite, L50, M|100/100\n|-fieldstart|move: Electric Terrain|[from] ability: Hadron Engine|[of] p1b: Miraidon\n|-ability|p2a: Chien-Pao|Sword of Ruin\n|-ability|p1a: Bad guy|Intimidate|boost\n|-unboost|p2a: Chien-Pao|atk|1\n|-fail|p2b: Dragonite|unboost|Attack|[from] ability: Inner Focus|[of] p2b: Dragonite\n|turn|1\n|\n|t:|1775731010\n|-terastallize|p1b: Miraidon|Fairy\n|-terastallize|p2b: Dragonite|Normal\n|move|p1a: Bad guy|Fake Out|p2b: Dragonite\n|-damage|p2b: Dragonite|82/100\n|move|p2b: Dragonite|Extreme Speed|p1b: Miraidon\n|-damage|p1b: Miraidon|0 fnt\n|faint|p1b: Miraidon\n|move|p2a: Chien-Pao|Ruination|p1a: Bad guy|[miss]\n|-miss|p2a: Chien-Pao|p1a: Bad guy\n|\n|upkeep\n|\n|t:|1775731026\n|switch|p1b: Caly|Calyrex-Ice, L50|100/100\n|-ability|p1b: Caly|As One\n|-ability|p1b: Caly|Unnerve\n|turn|2\n|inactive|inferno_on_top has 30 seconds left.\n|\n|t:|1775731054\n|move|p1b: Caly|Protect|p1b: Caly\n|-singleturn|p1b: Caly|Protect\n|move|p2b: Dragonite|Extreme Speed|p1b: Caly\n|-activate|p1b: Caly|move: Protect\n|move|p2a: Chien-Pao|Ruination|p1a: Bad guy\n|-damage|p1a: Bad guy|50/100\n|move|p1a: Bad guy|Parting Shot|p2b: Dragonite\n|-unboost|p2b: Dragonite|atk|1\n|-unboost|p2b: Dragonite|spa|1\n|\n|t:|1775731065\n|switch|p1a: Chipa|Pachirisu, L50, F|100/100|[from] Parting Shot\n|\n|upkeep\n|turn|3\n|\n|t:|1775731083\n|move|p1a: Chipa|Follow Me|p1a: Chipa\n|-singleturn|p1a: Chipa|move: Follow Me\n|move|p2b: Dragonite|Extreme Speed|p1a: Chipa\n|-damage|p1a: Chipa|22/100\n|move|p2a: Chien-Pao|Ruination|p1a: Chipa|[miss]\n|-miss|p2a: Chien-Pao|p1a: Chipa\n|move|p1b: Caly|Glacial Lance|p2b: Dragonite|[spread] p2a,p2b\n|-resisted|p2a: Chien-Pao\n|-damage|p2a: Chien-Pao|62/100\n|-damage|p2b: Dragonite|0 fnt\n|faint|p2b: Dragonite\n|-ability|p1b: Caly|Chilling Neigh|boost\n|-boost|p1b: Caly|atk|1\n|\n|upkeep\n|\n|t:|1775731093\n|switch|p2b: Zamazenta|Zamazenta-Crowned, L50|100/100\n|-ability|p2b: Zamazenta|Dauntless Shield|boost\n|-boost|p2b: Zamazenta|def|1\n|turn|4\n|\n|t:|1775731101\n|move|p1a: Chipa|Follow Me|p1a: Chipa\n|-singleturn|p1a: Chipa|move: Follow Me\n|move|p2a: Chien-Pao|Ice Spinner|p1a: Chipa\n|-damage|p1a: Chipa|0 fnt\n|-fieldend|move: Electric Terrain\n|faint|p1a: Chipa\n|move|p2b: Zamazenta|Body Press|p1b: Caly\n|-damage|p1b: Caly|42/100\n|move|p1b: Caly|Close Combat|p2b: Zamazenta\n|-supereffective|p2b: Zamazenta\n|-damage|p2b: Zamazenta|17/100\n|-unboost|p1b: Caly|def|1\n|-unboost|p1b: Caly|spd|1\n|\n|upkeep\n|\n|t:|1775731106\n|switch|p1a: Bad guy|Incineroar, L50, M, shiny|50/100\n|-ability|p1a: Bad guy|Intimidate|boost\n|-unboost|p2a: Chien-Pao|atk|1\n|-unboost|p2b: Zamazenta|atk|1\n|turn|5\n|-message|inferno_on_top forfeited.\n|\n|win|AtomEveVGC\n|raw|inferno_on_top's rating: 1236 &rarr; <strong>1217</strong><br />(-19 for losing)\n|raw|AtomEveVGC's rating: 1326 &rarr; <strong>1341</strong><br />(+15 for winning)\n|l|\u2606inferno_on_top\n|player|p1|\n|l|\u2606AtomEveVGC\n|player|p2|\n","uploadtime":1775731350,"views":8,"formatid":"gen9vgc2026regi","rating":1217,"private":0,"password":null}