{"id":"gen9vgc2026regi-2575806048","format":"[Gen 9] VGC 2026 Reg I","players":["jd8erh","hfyssgtslaaa"],"log":"|j|\u2606jd8erh\n|j|\u2606hfyssgtslaaa\n|t:|1775402565\n|gametype|doubles\n|player|p1|jd8erh|102|1528\n|player|p2|hfyssgtslaaa|may-masters2|1527\n|gen|9\n|tier|[Gen 9] VGC 2026 Reg I\n|rated|\n|rule|Species Clause: Limit one of each Pok\u00e9mon\n|rule|Item Clause: Limit 1 of each item\n|clearpoke\n|poke|p1|Calyrex-Ice, L50|\n|poke|p1|Miraidon, L50|\n|poke|p1|Incineroar, L50, M|\n|poke|p1|Farigiraf, L50, F|\n|poke|p1|Volcarona, L50, F|\n|poke|p1|Grimmsnarl, L50, M|\n|poke|p2|Raging Bolt, L50|\n|poke|p2|Chien-Pao, L50|\n|poke|p2|Calyrex-Shadow, L50|\n|poke|p2|Rillaboom, L50, F|\n|poke|p2|Amoonguss, L50, F|\n|poke|p2|Zamazenta-*, L50|\n|teampreview|4\n|inactive|Battle timer is ON: inactive players will automatically lose when time's up. (requested by hfyssgtslaaa)\njd8erh has agreed to open team sheets.\n|c|\u2606jd8erh|Glhf\n|inactive|hfyssgtslaaa has 60 seconds left.\n|\n|t:|1775402600\n|teamsize|p1|4\n|teamsize|p2|4\n|start\n|switch|p1a: Grimmsnarl|Grimmsnarl, L50, M|100/100\n|switch|p1b: Miraidon|Miraidon, L50|100/100\n|switch|p2a: Calyrex|Calyrex-Shadow, L50|100/100\n|switch|p2b: Raging Bolt|Raging Bolt, L50|100/100\n|-ability|p2a: Calyrex|As One\n|-ability|p2a: Calyrex|Unnerve\n|-fieldstart|move: Electric Terrain|[from] ability: Hadron Engine|[of] p1b: Miraidon\n|turn|1\n|inactive|hfyssgtslaaa has 30 seconds left.\n|\n|t:|1775402629\n|move|p2a: Calyrex|Protect|p2a: Calyrex\n|-singleturn|p2a: Calyrex|Protect\n|move|p2b: Raging Bolt|Protect|p2b: Raging Bolt\n|-singleturn|p2b: Raging Bolt|Protect\n|move|p1a: Grimmsnarl|Light Screen|p1a: Grimmsnarl\n|-sidestart|p1: jd8erh|move: Light Screen\n|move|p1b: Miraidon|Volt Switch|p2a: Calyrex\n|-activate|p2a: Calyrex|move: Protect\n|\n|upkeep\n|turn|2\n|\n|t:|1775402648\n|switch|p2a: Amoonguss|Amoonguss, L50, F|100/100\n|-terastallize|p2b: Raging Bolt|Electric\n|move|p1b: Miraidon|Volt Switch|p2a: Amoonguss\n|-resisted|p2a: Amoonguss\n|-damage|p2a: Amoonguss|73/100\n|\n|t:|1775402653\n|switch|p1b: Calyrex|Calyrex-Ice, L50|100/100|[from] Volt Switch\n|-ability|p1b: Calyrex|As One\n|-ability|p1b: Calyrex|Unnerve\n|move|p2b: Raging Bolt|Thunderbolt|p1b: Calyrex\n|-damage|p1b: Calyrex|55/100\n|move|p1a: Grimmsnarl|Spirit Break|p2a: Amoonguss\n|-resisted|p2a: Amoonguss\n|-damage|p2a: Amoonguss|62/100\n|-unboost|p2a: Amoonguss|spa|1\n|-damage|p1a: Grimmsnarl|84/100|[from] item: Rocky Helmet|[of] p2a: Amoonguss\n|\n|-heal|p1b: Calyrex|60/100|[from] item: Leftovers\n|upkeep\n|turn|3\n|\n|t:|1775402672\n|switch|p1a: Farigiraf|Farigiraf, L50, F|100/100\n|-enditem|p1a: Farigiraf|Electric Seed\n|-boost|p1a: Farigiraf|def|1|[from] item: Electric Seed\n|switch|p2a: Zamazenta|Zamazenta-Crowned, L50|100/100\n|-ability|p2a: Zamazenta|Dauntless Shield|boost\n|-boost|p2a: Zamazenta|def|1\n|move|p2b: Raging Bolt|Thunderbolt|p1b: Calyrex\n|-damage|p1b: Calyrex|18/100\n|move|p1b: Calyrex|Glacial Lance|p2b: Raging Bolt|[spread] p2a,p2b\n|-resisted|p2a: Zamazenta\n|-damage|p2a: Zamazenta|91/100\n|-damage|p2b: Raging Bolt|54/100\n|\n|-heal|p1b: Calyrex|24/100|[from] item: Leftovers\n|upkeep\n|turn|4\n|\n|t:|1775402693\n|move|p1b: Calyrex|Protect|p1b: Calyrex\n|-singleturn|p1b: Calyrex|Protect\n|move|p2a: Zamazenta|Body Press|p1a: Farigiraf\n|-damage|p1a: Farigiraf|62/100\n|move|p2b: Raging Bolt|Thunderbolt|p1a: Farigiraf\n|-damage|p1a: Farigiraf|0 fnt\n|faint|p1a: Farigiraf\n|\n|-heal|p1b: Calyrex|29/100|[from] item: Leftovers\n|upkeep\n|\n|t:|1775402699\n|switch|p1a: Miraidon|Miraidon, L50|100/100\n|-activate|p1a: Miraidon|ability: Hadron Engine\n|turn|5\n|inactive|hfyssgtslaaa has 30 seconds left.\n|\n|t:|1775402732\n|-terastallize|p1a: Miraidon|Electric\n|move|p1a: Miraidon|Electro Drift|p2a: Zamazenta\n|-damage|p2a: Zamazenta|2/100\n|move|p2a: Zamazenta|Body Press|p1a: Miraidon\n|-damage|p1a: Miraidon|40/100\n|move|p2b: Raging Bolt|Thunderbolt|p1b: Calyrex\n|-damage|p1b: Calyrex|0 fnt\n|faint|p1b: Calyrex\n|\n|-fieldend|move: Electric Terrain\n|upkeep\n|\n|t:|1775402737\n|switch|p1b: Grimmsnarl|Grimmsnarl, L50, M|84/100\n|turn|6\n|-message|jd8erh forfeited.\n|\n|win|hfyssgtslaaa\n|raw|jd8erh's rating: 1528 &rarr; <strong>1508</strong><br />(-20 for losing)\n|raw|hfyssgtslaaa's rating: 1527 &rarr; <strong>1547</strong><br />(+20 for winning)\n|l|\u2606jd8erh\n|player|p1|\n","uploadtime":1775402876,"views":15,"formatid":"gen9vgc2026regi","rating":1508,"private":0,"password":null}