{"id":"gen9vgc2026regi-2557403299","format":"[Gen 9] VGC 2026 Reg I","players":["Mzzon","wasaad5"],"log":"|j|\u2606Mzzon\n|j|\u2606wasaad5\n|t:|1773322681\n|gametype|doubles\n|player|p1|Mzzon|1|1084\n|player|p2|wasaad5|blue|1263\n|gen|9\n|tier|[Gen 9] VGC 2026 Reg I\n|rated|\n|rule|Species Clause: Limit one of each Pok\u00e9mon\n|rule|Item Clause: Limit 1 of each item\n|clearpoke\n|poke|p1|Ceruledge, L50, M|\n|poke|p1|Whimsicott, L50, M|\n|poke|p1|Ninetales, L50, F|\n|poke|p1|Venusaur, L50, F|\n|poke|p1|Hydreigon, L50, F|\n|poke|p1|Lycanroc-Dusk, L50, M|\n|poke|p2|Kyurem-White, L50|\n|poke|p2|Zacian-*, L50|\n|poke|p2|Sableye, L50, M|\n|poke|p2|Urshifu-*, L50, F|\n|poke|p2|Amoonguss, L50, M|\n|poke|p2|Incineroar, L50, F|\n|teampreview|4\n|\n|t:|1773322717\n|teamsize|p1|4\n|teamsize|p2|4\n|start\n|switch|p1a: Whimsicott|Whimsicott, L50, M|100/100\n|switch|p1b: Ninetales|Ninetales, L50, F|100/100\n|switch|p2a: Kyurem|Kyurem-White, L50, shiny|100/100\n|switch|p2b: Sableye|Sableye, L50, M|100/100\n|-weather|SunnyDay|[from] ability: Drought|[of] p1b: Ninetales\n|-ability|p2a: Kyurem|Turboblaze\n|turn|1\n|\n|t:|1773322745\n|move|p1a: Whimsicott|Tailwind|p1a: Whimsicott\n|-sidestart|p1: Mzzon|move: Tailwind\n|move|p2b: Sableye|Rain Dance|p2b: Sableye\n|-weather|RainDance\n|move|p1b: Ninetales|Overheat|p2b: Sableye|[miss]\n|-miss|p1b: Ninetales|p2b: Sableye\n|move|p2a: Kyurem|Ice Beam|p1a: Whimsicott\n|-supereffective|p1a: Whimsicott\n|-damage|p1a: Whimsicott|0 fnt\n|faint|p1a: Whimsicott\n|\n|-weather|RainDance|[upkeep]\n|upkeep\n|\n|t:|1773322773\n|switch|p1a: Ceruledge|Ceruledge, L50, M|100/100\n|turn|2\n|\n|t:|1773322804\n|switch|p1b: Lycanroc|Lycanroc-Dusk, L50, M|100/100\n|-terastallize|p1a: Ceruledge|Fire\n|move|p2b: Sableye|Disable||[still]\n|-fail|p2b: Sableye\n|move|p1a: Ceruledge|Swords Dance|p1a: Ceruledge\n|-boost|p1a: Ceruledge|atk|2\n|move|p2a: Kyurem|Earth Power|p1a: Ceruledge\n|-supereffective|p1a: Ceruledge\n|-damage|p1a: Ceruledge|10/100\n|\n|-weather|RainDance|[upkeep]\n|upkeep\n|turn|3\n|\n|t:|1773322829\n|move|p2b: Sableye|Encore|p1a: Ceruledge\n|-start|p1a: Ceruledge|Encore\n|move|p1b: Lycanroc|Close Combat|p2a: Kyurem\n|-supereffective|p2a: Kyurem\n|-damage|p2a: Kyurem|15/100\n|-unboost|p1b: Lycanroc|def|1\n|-unboost|p1b: Lycanroc|spd|1\n|move|p1a: Ceruledge|Swords Dance|p1a: Ceruledge\n|-boost|p1a: Ceruledge|atk|2\n|move|p2a: Kyurem|Ice Beam|p1b: Lycanroc\n|-damage|p1b: Lycanroc|0 fnt\n|faint|p1b: Lycanroc\n|\n|-weather|RainDance|[upkeep]\n|upkeep\n|\n|t:|1773322845\n|switch|p1b: Ninetales|Ninetales, L50, F|100/100\n|-weather|SunnyDay|[from] ability: Drought|[of] p1b: Ninetales\n|turn|4\n|\n|t:|1773322854\n|move|p1b: Ninetales|Protect|p1b: Ninetales\n|-singleturn|p1b: Ninetales|Protect\n|move|p2b: Sableye|Quash|p1b: Ninetales\n|-activate|p1b: Ninetales|move: Protect\n|move|p1a: Ceruledge|Swords Dance|p1a: Ceruledge\n|-boost|p1a: Ceruledge|atk|2\n|move|p2a: Kyurem|Earth Power|p1a: Ceruledge\n|-supereffective|p1a: Ceruledge\n|-damage|p1a: Ceruledge|0 fnt\n|faint|p1a: Ceruledge\n|\n|-weather|SunnyDay|[upkeep]\n|-sideend|p1: Mzzon|move: Tailwind\n|upkeep\n|turn|5\n|-message|Mzzon forfeited.\n|\n|win|wasaad5\n|raw|Mzzon's rating: 1084 &rarr; <strong>1072</strong><br />(-12 for losing)\n|raw|wasaad5's rating: 1263 &rarr; <strong>1276</strong><br />(+13 for winning)\n|l|\u2606Mzzon\n|player|p1|\n|l|\u2606wasaad5\n|player|p2|\n","uploadtime":1773322996,"views":11,"formatid":"gen9vgc2026regi","rating":1072,"private":0,"password":null}