{"id":"gen9vgc2026regi-2570841665","format":"[Gen 9] VGC 2026 Reg I","players":["Suf23","snively3"],"log":"|j|\u2606Suf23\n|j|\u2606snively3\n|t:|1774857637\n|gametype|doubles\n|player|p1|Suf23|101|1231\n|player|p2|snively3|veteran|1285\n|gen|9\n|tier|[Gen 9] VGC 2026 Reg I\n|rated|\n|rule|Species Clause: Limit one of each Pok\u00e9mon\n|rule|Item Clause: Limit 1 of each item\n|clearpoke\n|poke|p1|Rillaboom, L50, F|\n|poke|p1|Kyogre, L50|\n|poke|p1|Regieleki, L50|\n|poke|p1|Gallade, L50, M|\n|poke|p1|Calyrex-Ice, L50|\n|poke|p1|Whimsicott, L50, F|\n|poke|p2|Lunala, L50|\n|poke|p2|Ursaluna, L50, M|\n|poke|p2|Urshifu-*, L50, M|\n|poke|p2|Miraidon, L50|\n|poke|p2|Grimmsnarl, L50, M|\n|poke|p2|Incineroar, L50, M|\n|teampreview|4\n|inactive|Battle timer is ON: inactive players will automatically lose when time's up. (requested by snively3)\n|c|\u2606snively3|glhf\nsnively3 has agreed to open team sheets.\nSuf23 has agreed to open team sheets.\n|showteam|p1|Rillaboom||AssaultVest|GrassySurge|FakeOut,GrassyGlide,Uturn,WoodHammer|||F|||50|,,,,,Grass]Kyogre||MysticWater|Drizzle|Protect,WaterSpout,Thunder,OriginPulse||||||50|,,,,,Water]Regieleki||ZapPlate|Transistor|Thunder,Electroweb,Protect,VoltSwitch||||||50|,,,,,Electric]Gallade||ChoiceScarf|Steadfast|TripleAxel,ShadowSneak,RockSlide,AquaCutter|||M|||50|,,,,,Ice]Calyrex-Ice||ClearAmulet|AsOneGlastrier|GlacialLance,Imprison,BodyPress,TrickRoom||||||50|,,,,,Dark]Whimsicott||FocusSash|Prankster|Tailwind,Taunt,Encore,Moonblast|||F|||50|,,,,,Normal\n|showteam|p2|Lunala||ElectricSeed|ShadowShield|MoongeistBeam,Moonblast,TrickRoom,WideGuard||||||50|,,,,,Fairy]Ursaluna||FlameOrb|Guts|Protect,HeadlongRush,Facade,Earthquake|||M|||50|,,,,,Ghost]Urshifu-Rapid-Strike||ChoiceBand|UnseenFist|SurgingStrikes,CloseCombat,AquaJet,Uturn|||M|||50|,,,,,Ghost]Miraidon||AssaultVest|HadronEngine|ElectroDrift,DracoMeteor,VoltSwitch,Snarl||||||50|,,,,,Electric]Grimmsnarl||LightClay|Prankster|SpiritBreak,Reflect,LightScreen,ThunderWave|||M|||50|,,,,,Ghost]Incineroar||RockyHelmet|Intimidate|KnockOff,FakeOut,PartingShot,WillOWisp|||M|||50|,,,,,Bug\n|c|\u2606Suf23|glhf\n|inactive|Suf23 has 60 seconds left.\n|inactive|snively3 has 60 seconds left.\n|inactive|Suf23 has 30 seconds left.\n|inactive|snively3 has 30 seconds left.\n|inactive|Suf23 has 20 seconds left.\n|inactive|snively3 has 20 seconds left.\n|\n|t:|1774857710\n|teamsize|p1|4\n|teamsize|p2|4\n|start\n|switch|p1a: Whimsicott|Whimsicott, L50, F|100/100\n|switch|p1b: Gallade|Gallade, L50, M|100/100\n|switch|p2a: Lunala|Lunala, L50, shiny|100/100\n|switch|p2b: Grimmsnarl|Grimmsnarl, L50, M|100/100\n|turn|1\n|inactive|Suf23 has 30 seconds left.\n|inactive|snively3 has 30 seconds left.\n|inactive|Suf23 has 20 seconds left.\n|inactive|Suf23 has 15 seconds left.\n|\n|t:|1774857750\n|-terastallize|p2a: Lunala|Fairy\n|move|p1b: Gallade|Shadow Sneak|p2a: Lunala\n|-damage|p2a: Lunala|95/100\n|move|p2b: Grimmsnarl|Reflect|p2b: Grimmsnarl\n|-sidestart|p2: snively3|Reflect\n|move|p1a: Whimsicott|Moonblast|p2b: Grimmsnarl\n|-supereffective|p2b: Grimmsnarl\n|-damage|p2b: Grimmsnarl|39/100\n|move|p2a: Lunala|Moonblast|p1b: Gallade\n|-supereffective|p1b: Gallade\n|-damage|p1b: Gallade|7/100\n|-unboost|p1b: Gallade|spa|1\n|\n|upkeep\n|turn|2\n|inactive|Suf23 has 30 seconds left.\n|inactive|snively3 has 30 seconds left.\n|inactive|Suf23 has 20 seconds left.\n|inactive|snively3 has 20 seconds left.\n|\n|t:|1774857788\n|switch|p1b: Calyrex|Calyrex-Ice, L50|100/100\n|-ability|p1b: Calyrex|As One\n|-ability|p1b: Calyrex|Unnerve\n|move|p1a: Whimsicott|Taunt|p2a: Lunala\n|-start|p2a: Lunala|move: Taunt\n|move|p2b: Grimmsnarl|Light Screen|p2b: Grimmsnarl\n|-sidestart|p2: snively3|move: Light Screen\n|move|p2a: Lunala|Moongeist Beam|p1a: Whimsicott\n|-damage|p1a: Whimsicott|27/100\n|\n|upkeep\n|turn|3\n|inactive|Suf23 has 30 seconds left.\n|\n|t:|1774857814\n|-terastallize|p1b: Calyrex|Dark\n|move|p1a: Whimsicott|Encore|p2a: Lunala\n|-start|p2a: Lunala|Encore\n|move|p2a: Lunala|Moongeist Beam|p1a: Whimsicott\n|-damage|p1a: Whimsicott|0 fnt\n|faint|p1a: Whimsicott\n|move|p2b: Grimmsnarl|Spirit Break|p1b: Calyrex\n|-supereffective|p1b: Calyrex\n|-damage|p1b: Calyrex|62/100\n|move|p1b: Calyrex|Trick Room|p1b: Calyrex\n|-fieldstart|move: Trick Room|[of] p1b: Calyrex\n|\n|upkeep\n|\n|t:|1774857826\n|switch|p1a: Kyogre|Kyogre, L50|100/100\n|-weather|RainDance|[from] ability: Drizzle|[of] p1a: Kyogre\n|turn|4\n|inactive|snively3 has 30 seconds left.\n|\n|t:|1774857854\n|switch|p2a: Miraidon|Miraidon, L50|100/100\n|-fieldstart|move: Electric Terrain|[from] ability: Hadron Engine|[of] p2a: Miraidon\n|move|p2b: Grimmsnarl|Thunder Wave|p1a: Kyogre\n|-status|p1a: Kyogre|par\n|move|p1b: Calyrex|Glacial Lance|p2b: Grimmsnarl|[spread] p2a,p2b\n|-supereffective|p2a: Miraidon\n|-crit|p2b: Grimmsnarl\n|-damage|p2a: Miraidon|27/100\n|-damage|p2b: Grimmsnarl|0 fnt\n|faint|p2b: Grimmsnarl\n|-ability|p1b: Calyrex|Chilling Neigh|boost\n|-boost|p1b: Calyrex|atk|1\n|move|p1a: Kyogre|Water Spout|p2a: Miraidon\n|-resisted|p2a: Miraidon\n|-damage|p2a: Miraidon|0 fnt\n|faint|p2a: Miraidon\n|\n|-weather|RainDance|[upkeep]\n|upkeep\n|\n|t:|1774857864\n|switch|p2b: Lunala|Lunala, L50, shiny, tera:Fairy|95/100\n|switch|p2a: Urshifu|Urshifu-Rapid-Strike, L50, M|100/100\n|-enditem|p2b: Lunala|Electric Seed\n|-boost|p2b: Lunala|def|1|[from] item: Electric Seed\n|turn|5\n|\n|t:|1774857884\n|move|p1b: Calyrex|Glacial Lance|p2a: Urshifu|[spread] p2a,p2b\n|-resisted|p2a: Urshifu\n|-damage|p2a: Urshifu|70/100\n|-damage|p2b: Lunala|66/100\n|move|p1a: Kyogre|Thunder|p2a: Urshifu\n|-supereffective|p2a: Urshifu\n|-damage|p2a: Urshifu|0 fnt\n|faint|p2a: Urshifu\n|move|p2b: Lunala|Trick Room|p2b: Lunala\n|-fieldend|move: Trick Room\n|\n|-weather|RainDance|[upkeep]\n|upkeep\n|turn|6\n|\n|t:|1774857903\n|move|p1a: Kyogre|Protect|p1a: Kyogre\n|-singleturn|p1a: Kyogre|Protect\n|move|p2b: Lunala|Moonblast|p1b: Calyrex\n|-supereffective|p1b: Calyrex\n|-damage|p1b: Calyrex|0 fnt\n|faint|p1b: Calyrex\n|\n|-weather|RainDance|[upkeep]\n|upkeep\n|\n|t:|1774857911\n|switch|p1b: Gallade|Gallade, L50, M|7/100\n|turn|7\n|\n|t:|1774857934\n|move|p1b: Gallade|Aqua Cutter|p2b: Lunala\n|-damage|p2b: Lunala|55/100\n|move|p2b: Lunala|Moonblast|p1b: Gallade\n|-supereffective|p1b: Gallade\n|-damage|p1b: Gallade|0 fnt\n|faint|p1b: Gallade\n|move|p1a: Kyogre|Origin Pulse|p2b: Lunala\n|-damage|p2b: Lunala|13/100\n|\n|-weather|RainDance|[upkeep]\n|upkeep\n|turn|8\n|\n|t:|1774857945\n|move|p2b: Lunala|Wide Guard|p2b: Lunala\n|-singleturn|p2b: Lunala|Wide Guard\n|move|p1a: Kyogre|Origin Pulse|p2b: Lunala\n|-activate|p2b: Lunala|move: Wide Guard\n|\n|-weather|none\n|-sideend|p2: snively3|Reflect\n|-fieldend|move: Electric Terrain\n|upkeep\n|turn|9\n|\n|t:|1774857956\n|move|p2b: Lunala|Moonblast|p1a: Kyogre\n|-damage|p1a: Kyogre|64/100 par\n|move|p1a: Kyogre|Origin Pulse|p2b: Lunala\n|-damage|p2b: Lunala|0 fnt\n|faint|p2b: Lunala\n|\n|win|Suf23\n|raw|Suf23's rating: 1231 &rarr; <strong>1260</strong><br />(+29 for winning)\n|raw|snively3's rating: 1285 &rarr; <strong>1256</strong><br />(-29 for losing)\n|l|\u2606snively3\n|player|p2|\n|l|\u2606Suf23\n|player|p1|\n","uploadtime":1774858161,"views":10,"formatid":"gen9vgc2026regi","rating":1256,"private":0,"password":null}