{"id":"gen9vgc2026regi-2582739190","format":"[Gen 9] VGC 2026 Reg I","players":["Carajo666","jpto5"],"log":"|j|\u2606Carajo666\n|j|\u2606jpto5\n|t:|1776110753\n|gametype|doubles\n|player|p1|Carajo666|102|1368\n|player|p2|jpto5|265|1362\n|gen|9\n|tier|[Gen 9] VGC 2026 Reg I\n|rated|\n|rule|Species Clause: Limit one of each Pok\u00e9mon\n|rule|Item Clause: Limit 1 of each item\n|clearpoke\n|poke|p1|Terapagos, L50, M|\n|poke|p1|Urshifu-*, L50, F|\n|poke|p1|Ho-Oh, L50|\n|poke|p1|Toxapex, L50, F|\n|poke|p1|Flutter Mane, L50|\n|poke|p1|Rillaboom, L50, F|\n|poke|p2|Tornadus, L50, M|\n|poke|p2|Kyogre, L50|\n|poke|p2|Zacian-*, L50|\n|poke|p2|Basculegion, L50, M|\n|poke|p2|Incineroar, L50, M|\n|poke|p2|Archaludon, L50, F|\n|teampreview|4\n|inactive|Battle timer is ON: inactive players will automatically lose when time's up. (requested by Carajo666)\n|inactive|jpto5 also wants the timer to be on.\n|inactive|jpto5 has 60 seconds left.\n|\n|t:|1776110786\n|teamsize|p1|4\n|teamsize|p2|4\n|start\n|switch|p1a: Ho-Oh|Ho-Oh, L50|100/100\n|switch|p1b: Urshifu|Urshifu, L50, F|100/100\n|switch|p2a: Kyogre|Kyogre, L50|100/100\n|switch|p2b: Zacian|Zacian-Crowned, L50|100/100\n|-ability|p2b: Zacian|Intrepid Sword|boost\n|-boost|p2b: Zacian|atk|1\n|-weather|RainDance|[from] ability: Drizzle|[of] p2a: Kyogre\n|turn|1\n|inactive|Carajo666 has 30 seconds left.\n|inactive|Carajo666 has 20 seconds left.\n|\n|t:|1776110825\n|move|p1b: Urshifu|Sucker Punch|p2a: Kyogre\n|-damage|p2a: Kyogre|51/100\n|move|p2b: Zacian|Play Rough|p1b: Urshifu\n|-supereffective|p1b: Urshifu\n|-enditem|p1b: Urshifu|Focus Sash\n|-damage|p1b: Urshifu|1/100\n|move|p2a: Kyogre|Water Spout|p1b: Urshifu|[spread] p1a,p1b\n|-supereffective|p1a: Ho-Oh\n|-damage|p1a: Ho-Oh|39/100\n|-damage|p1b: Urshifu|0 fnt\n|-enditem|p1a: Ho-Oh|Sitrus Berry|[eat]\n|-heal|p1a: Ho-Oh|63/100|[from] item: Sitrus Berry\n|faint|p1b: Urshifu\n|move|p1a: Ho-Oh|Sacred Fire|p2b: Zacian\n|-supereffective|p2b: Zacian\n|-damage|p2b: Zacian|56/100\n|-status|p2b: Zacian|brn\n|\n|-weather|RainDance|[upkeep]\n|-damage|p2b: Zacian|50/100 brn|[from] brn\n|upkeep\n|\n|t:|1776110847\n|switch|p1b: Toxapex|Toxapex, L50, F|100/100\n|turn|2\n|inactive|jpto5 has 30 seconds left.\n|inactive|jpto5 has 20 seconds left.\n|\n|t:|1776110887\n|switch|p2b: Tornadus|Tornadus, L50, M|100/100\n|move|p1b: Toxapex|Wide Guard|p1b: Toxapex\n|-singleturn|p1b: Toxapex|Wide Guard\n|move|p2a: Kyogre|Thunder|p1a: Ho-Oh\n|-supereffective|p1a: Ho-Oh\n|-damage|p1a: Ho-Oh|13/100\n|move|p1a: Ho-Oh|Tailwind|p1a: Ho-Oh\n|-sidestart|p1: Carajo666|move: Tailwind\n|\n|-weather|RainDance|[upkeep]\n|upkeep\n|turn|3\n|\n|t:|1776110908\n|switch|p1a: Terapagos|Terapagos, L50, M|100/100\n|-activate|p1a: Terapagos|ability: Tera Shift\n|detailschange|p1a: Terapagos|Terapagos-Terastal, L50, M\n|-heal|p1a: Terapagos|100/100|[silent]\n|move|p2b: Tornadus|Tailwind|p2b: Tornadus\n|-sidestart|p2: jpto5|move: Tailwind\n|move|p2a: Kyogre|Ice Beam|p1a: Terapagos\n|-activate|p1a: Terapagos|ability: Tera Shell\n|-resisted|p1a: Terapagos\n|-damage|p1a: Terapagos|82/100\n|move|p1b: Toxapex|Infestation|p2a: Kyogre\n|-damage|p2a: Kyogre|49/100\n|-activate|p2a: Kyogre|move: Infestation|[of] p1b: Toxapex\n|\n|-weather|RainDance|[upkeep]\n|-heal|p1a: Terapagos|88/100|[from] item: Leftovers\n|-damage|p2a: Kyogre|37/100|[from] move: Infestation|[partiallytrapped]\n|upkeep\n|turn|4\n|\n|t:|1776110933\n|-terastallize|p1a: Terapagos|Stellar\n|detailschange|p1a: Terapagos|Terapagos-Stellar, L50, M, tera:Stellar\n|-heal|p1a: Terapagos|92/100|[silent]\n|-ability|p1a: Terapagos|Teraform Zero\n|-weather|none\n|move|p1b: Toxapex|Wide Guard|p1b: Toxapex\n|-singleturn|p1b: Toxapex|Wide Guard\n|move|p2b: Tornadus|Taunt|p1a: Terapagos\n|-start|p1a: Terapagos|move: Taunt\n|move|p2a: Kyogre|Thunder|p1b: Toxapex\n|-supereffective|p1b: Toxapex\n|-damage|p1b: Toxapex|29/100\n|move|p1a: Terapagos|Tera Starstorm|p2b: Tornadus|[spread] p2a,p2b\n|-damage|p2a: Kyogre|17/100\n|-damage|p2b: Tornadus|42/100\n|\n|-heal|p1a: Terapagos|98/100|[from] item: Leftovers\n|-damage|p2a: Kyogre|5/100|[from] move: Infestation|[partiallytrapped]\n|upkeep\n|turn|5\n|inactive|Carajo666 has 30 seconds left.\n|inactive|jpto5 has 30 seconds left.\n|inactive|jpto5 has 20 seconds left.\n|inactive|jpto5 has 15 seconds left.\n|inactive|jpto5 has 10 seconds left.\n|inactive|Carajo666 has 20 seconds left.\n|inactive|jpto5 has 5 seconds left.\n|\n|t:|1776110985\n|switch|p1b: Ho-Oh|Ho-Oh, L50|46/100\n|move|p2b: Tornadus|Rain Dance|p2b: Tornadus\n|-weather|RainDance\n|move|p2a: Kyogre|Ice Beam|p1a: Terapagos\n|-damage|p1a: Terapagos|73/100\n|move|p1a: Terapagos|Tera Starstorm|p2a: Kyogre|[spread] p2a,p2b\n|-damage|p2a: Kyogre|0 fnt\n|-damage|p2b: Tornadus|0 fnt\n|faint|p2a: Kyogre\n|faint|p2b: Tornadus\n|\n|-weather|RainDance|[upkeep]\n|-heal|p1a: Terapagos|79/100|[from] item: Leftovers\n|-sideend|p1: Carajo666|move: Tailwind\n|upkeep\n|\n|t:|1776110997\n|switch|p2b: Zacian|Zacian-Crowned, L50|50/100 brn\n|switch|p2a: Basculegion|Basculegion, L50, M|100/100\n|turn|6\n|\n|t:|1776111017\n|switch|p1b: Toxapex|Toxapex, L50, F|62/100\n|move|p2a: Basculegion|Last Respects|p1b: Toxapex\n|-crit|p1b: Toxapex\n|-damage|p1b: Toxapex|0 fnt\n|faint|p1b: Toxapex\n|-damage|p2a: Basculegion|91/100|[from] item: Life Orb\n|move|p2b: Zacian|Sacred Sword|p1a: Terapagos\n|-supereffective|p1a: Terapagos\n|-damage|p1a: Terapagos|54/100\n|move|p1a: Terapagos|Earth Power|p2b: Zacian\n|-supereffective|p2b: Zacian\n|-damage|p2b: Zacian|0 fnt\n|faint|p2b: Zacian\n|\n|-weather|RainDance|[upkeep]\n|-heal|p1a: Terapagos|60/100|[from] item: Leftovers\n|-end|p1a: Terapagos|move: Taunt\n|-sideend|p2: jpto5|move: Tailwind\n|upkeep\n|\n|t:|1776111037\n|switch|p1b: Ho-Oh|Ho-Oh, L50|79/100\n|turn|7\n|\n|t:|1776111044\n|move|p1b: Ho-Oh|Protect|p1b: Ho-Oh\n|-singleturn|p1b: Ho-Oh|Protect\n|move|p2a: Basculegion|Wave Crash|p1a: Terapagos\n|-damage|p1a: Terapagos|0 fnt\n|faint|p1a: Terapagos\n|detailschange|p1: Terapagos|Terapagos, L50, M|[silent]\n|-damage|p2a: Basculegion|66/100|[from] Recoil\n|-damage|p2a: Basculegion|56/100|[from] item: Life Orb\n|\n|-weather|RainDance|[upkeep]\n|upkeep\n|turn|8\n|\n|t:|1776111053\n|move|p2a: Basculegion|Wave Crash|p1b: Ho-Oh\n|-supereffective|p1b: Ho-Oh\n|-damage|p1b: Ho-Oh|0 fnt\n|faint|p1b: Ho-Oh\n|-damage|p2a: Basculegion|28/100|[from] Recoil\n|-damage|p2a: Basculegion|18/100|[from] item: Life Orb\n|\n|win|jpto5\n|raw|Carajo666's rating: 1368 &rarr; <strong>1348</strong><br />(-20 for losing)\n|raw|jpto5's rating: 1362 &rarr; <strong>1382</strong><br />(+20 for winning)\n|l|\u2606Carajo666\n|player|p1|\n|l|\u2606jpto5\n|player|p2|\n","uploadtime":1776111253,"views":11,"formatid":"gen9vgc2026regi","rating":1348,"private":0,"password":null}