{"id":"gen9vgc2026regi-2521154043","format":"[Gen 9] VGC 2026 Reg I","players":["j0l0k0","Tepig_nNz_498"],"log":"|j|\u2606j0l0k0\n|j|\u2606Tepig_nNz_498\n|t:|1768739011\n|gametype|doubles\n|player|p1|j0l0k0|brycen|1387\n|player|p2|Tepig_nNz_498|170|1471\n|gen|9\n|tier|[Gen 9] VGC 2026 Reg I\n|rated|\n|rule|Species Clause: Limit one of each Pok\u00e9mon\n|rule|Item Clause: Limit 1 of each item\n|clearpoke\n|poke|p1|Calyrex-Ice, L50|\n|poke|p1|Kyogre, L50|\n|poke|p1|Indeedee-F, L50, F|\n|poke|p1|Urshifu-*, L50, F|\n|poke|p1|Amoonguss, L50, F|\n|poke|p1|Landorus, L50, M|\n|poke|p2|Whimsicott, L50, F|\n|poke|p2|Reshiram, L50|\n|poke|p2|Incineroar, L50, M|\n|poke|p2|Lilligant-Hisui, L50, F|\n|poke|p2|Brute Bonnet, L50|\n|poke|p2|Koraidon, L50|\n|teampreview|4\n|inactive|Battle timer is ON: inactive players will automatically lose when time's up. (requested by j0l0k0)\n|inactive|Tepig_nNz_498 has 60 seconds left.\n|\n|t:|1768739044\n|teamsize|p1|4\n|teamsize|p2|4\n|start\n|switch|p1a: Indeedee|Indeedee-F, L50, F, shiny|100/100\n|switch|p1b: Calyrex|Calyrex-Ice, L50|100/100\n|switch|p2a: Whimsicott|Whimsicott, L50, F|100/100\n|switch|p2b: Reshiram|Reshiram, L50|100/100\n|-ability|p1b: Calyrex|As One\n|-ability|p1b: Calyrex|Unnerve\n|-ability|p2b: Reshiram|Turboblaze\n|-fieldstart|move: Psychic Terrain|[from] ability: Psychic Surge|[of] p1a: Indeedee\n|turn|1\n|\n|t:|1768739065\n|-terastallize|p1b: Calyrex|Normal\n|move|p2a: Whimsicott|Sunny Day|p2a: Whimsicott\n|-weather|SunnyDay\n|move|p2b: Reshiram|Heat Wave|p1a: Indeedee|[spread] p1a,p1b\n|-damage|p1a: Indeedee|27/100\n|-damage|p1b: Calyrex|35/100\n|-damage|p2b: Reshiram|91/100|[from] item: Life Orb\n|move|p1b: Calyrex|Glacial Lance|p2b: Reshiram|[spread] p2a,p2b\n|-supereffective|p2a: Whimsicott\n|-damage|p2a: Whimsicott|0 fnt\n|-damage|p2b: Reshiram|33/100\n|faint|p2a: Whimsicott\n|-ability|p1b: Calyrex|Chilling Neigh|boost\n|-boost|p1b: Calyrex|atk|1\n|move|p1a: Indeedee|Trick Room|p1a: Indeedee\n|-fieldstart|move: Trick Room|[of] p1a: Indeedee\n|\n|-weather|SunnyDay|[upkeep]\n|upkeep\n|\n|t:|1768739072\n|switch|p2a: Brute Bonnet|Brute Bonnet, L50|100/100\n|-activate|p2a: Brute Bonnet|ability: Protosynthesis\n|-start|p2a: Brute Bonnet|protosynthesisdef\n|turn|2\n|\n|t:|1768739082\n|-terastallize|p2a: Brute Bonnet|Water\n|move|p2b: Reshiram|Protect|p2b: Reshiram\n|-singleturn|p2b: Reshiram|Protect\n|move|p1a: Indeedee|Follow Me|p1a: Indeedee\n|-singleturn|p1a: Indeedee|move: Follow Me\n|move|p2a: Brute Bonnet|Crunch|p1a: Indeedee\n|-supereffective|p1a: Indeedee\n|-damage|p1a: Indeedee|0 fnt\n|faint|p1a: Indeedee\n|move|p1b: Calyrex|Glacial Lance|p2a: Brute Bonnet|[spread] p2a\n|-activate|p2b: Reshiram|move: Protect\n|-resisted|p2a: Brute Bonnet\n|-damage|p2a: Brute Bonnet|76/100\n|\n|-weather|SunnyDay|[upkeep]\n|upkeep\n|\n|t:|1768739098\n|switch|p1a: Kyogre|Kyogre, L50, shiny|100/100\n|-weather|RainDance|[from] ability: Drizzle|[of] p1a: Kyogre\n|-end|p2a: Brute Bonnet|Protosynthesis\n|turn|3\n|\n|t:|1768739107\n|switch|p2b: Koraidon|Koraidon, L50|100/100\n|-weather|SunnyDay|[from] ability: Orichalcum Pulse|[of] p2b: Koraidon\n|-activate|p2a: Brute Bonnet|ability: Protosynthesis\n|-start|p2a: Brute Bonnet|protosynthesisdef\n|-activate|p2b: Koraidon|Orichalcum Pulse|[source]\n|move|p2a: Brute Bonnet|Spore|p1b: Calyrex\n|-status|p1b: Calyrex|slp|[from] move: Spore\n|cant|p1b: Calyrex|slp\n|move|p1a: Kyogre|Thunder|p2a: Brute Bonnet\n|-supereffective|p2a: Brute Bonnet\n|-damage|p2a: Brute Bonnet|6/100\n|\n|-weather|SunnyDay|[upkeep]\n|upkeep\n|turn|4\n|\n|t:|1768739127\n|move|p2a: Brute Bonnet|Spore|p1a: Kyogre\n|-status|p1a: Kyogre|slp|[from] move: Spore\n|-curestatus|p1b: Calyrex|slp|[msg]\n|move|p1b: Calyrex|Glacial Lance|p2b: Koraidon|[spread] p2a,p2b\n|-resisted|p2a: Brute Bonnet\n|-supereffective|p2b: Koraidon\n|-damage|p2a: Brute Bonnet|0 fnt\n|-damage|p2b: Koraidon|0 fnt\n|faint|p2a: Brute Bonnet\n|-end|p2a: Brute Bonnet|Protosynthesis|[silent]\n|faint|p2b: Koraidon\n|-ability|p1b: Calyrex|Chilling Neigh|boost\n|-boost|p1b: Calyrex|atk|2\n|cant|p1a: Kyogre|slp\n|\n|-weather|SunnyDay|[upkeep]\n|upkeep\n|\n|t:|1768739131\n|switch|p2b: Reshiram|Reshiram, L50|33/100\n|-ability|p2b: Reshiram|Turboblaze\n|turn|5\n|\n|t:|1768739144\n|switch|p1a: Urshifu|Urshifu, L50, F|100/100\n|move|p2b: Reshiram|Protect|p2b: Reshiram\n|-singleturn|p2b: Reshiram|Protect\n|move|p1b: Calyrex|Glacial Lance|p2b: Reshiram\n|-activate|p2b: Reshiram|move: Protect\n|\n|-weather|SunnyDay|[upkeep]\n|-fieldend|move: Trick Room\n|-fieldend|move: Psychic Terrain\n|upkeep\n|turn|6\n|\n|t:|1768739154\n|switch|p1b: Kyogre|Kyogre, L50, shiny|100/100 slp\n|-weather|RainDance|[from] ability: Drizzle|[of] p1b: Kyogre\n|move|p1a: Urshifu|Wicked Blow|p2b: Reshiram\n|-crit|p2b: Reshiram\n|-damage|p2b: Reshiram|0 fnt\n|faint|p2b: Reshiram\n|\n|win|j0l0k0\n|raw|j0l0k0's rating: 1387 &rarr; <strong>1412</strong><br />(+25 for winning)\n|raw|Tepig_nNz_498's rating: 1471 &rarr; <strong>1446</strong><br />(-25 for losing)\n|l|\u2606Tepig_nNz_498\n|player|p2|\n|l|\u2606j0l0k0\n|player|p1|\n","uploadtime":1768739408,"views":16,"formatid":"gen9vgc2026regi","rating":1412,"private":0,"password":null}