{"id":"gen9vgc2026regi-2551066722","format":"[Gen 9] VGC 2026 Reg I","players":["kojimuranishi","liamvgc1"],"log":"|j|\u2606kojimuranishi\n|j|\u2606liamvgc1\n|t:|1772561984\n|gametype|doubles\n|player|p1|kojimuranishi|1|1551\n|player|p2|liamvgc1|unknown|1445\n|gen|9\n|tier|[Gen 9] VGC 2026 Reg I\n|rated|\n|rule|Species Clause: Limit one of each Pok\u00e9mon\n|rule|Item Clause: Limit 1 of each item\n|clearpoke\n|poke|p1|Raging Bolt, L50|\n|poke|p1|Calyrex-Ice, L50|\n|poke|p1|Kyogre, L50|\n|poke|p1|Indeedee-F, L50, F|\n|poke|p1|Ursaluna, L50, M|\n|poke|p1|Chien-Pao, L50|\n|poke|p2|Chi-Yu, L50|\n|poke|p2|Urshifu-*, L50, M|\n|poke|p2|Farigiraf, L50, F|\n|poke|p2|Whimsicott, L50, F|\n|poke|p2|Miraidon, L50|\n|poke|p2|Zacian-*, L50|\n|teampreview|4\n|inactive|Battle timer is ON: inactive players will automatically lose when time's up. (requested by liamvgc1)\n|\n|t:|1772562014\n|teamsize|p1|4\n|teamsize|p2|4\n|start\n|switch|p1a: Chien-Pao|Chien-Pao, L50|100/100\n|switch|p1b: Kyogre|Kyogre, L50|100/100\n|switch|p2a: Urshifu|Urshifu-Rapid-Strike, L50, M|100/100\n|switch|p2b: Miraidon|Miraidon, L50|100/100\n|-weather|RainDance|[from] ability: Drizzle|[of] p1b: Kyogre\n|-ability|p1a: Chien-Pao|Sword of Ruin\n|-fieldstart|move: Electric Terrain|[from] ability: Hadron Engine|[of] p2b: Miraidon\n|turn|1\n|\n|t:|1772562029\n|-terastallize|p2b: Miraidon|Fairy\n|move|p1b: Kyogre|Thunder|p2a: Urshifu\n|-supereffective|p2a: Urshifu\n|-damage|p2a: Urshifu|0 fnt\n|faint|p2a: Urshifu\n|move|p1a: Chien-Pao|Icicle Crash|p2b: Miraidon\n|-crit|p2b: Miraidon\n|-damage|p2b: Miraidon|21/100\n|move|p2b: Miraidon|Dazzling Gleam|p1b: Kyogre|[spread] p1a,p1b\n|-supereffective|p1a: Chien-Pao\n|-enditem|p1a: Chien-Pao|Focus Sash\n|-damage|p1a: Chien-Pao|1/100\n|-damage|p1b: Kyogre|49/100\n|\n|-weather|RainDance|[upkeep]\n|upkeep\n|\n|t:|1772562044\n|switch|p2a: Zacian|Zacian-Crowned, L50|100/100\n|-ability|p2a: Zacian|Intrepid Sword|boost\n|-boost|p2a: Zacian|atk|1\n|turn|2\n|\n|t:|1772562054\n|switch|p2b: Farigiraf|Farigiraf, L50, F|100/100\n|-enditem|p2b: Farigiraf|Electric Seed\n|-boost|p2b: Farigiraf|def|1|[from] item: Electric Seed\n|move|p1a: Chien-Pao|Protect|p1a: Chien-Pao\n|-singleturn|p1a: Chien-Pao|Protect\n|move|p1b: Kyogre|Thunder|p2b: Farigiraf\n|-damage|p2b: Farigiraf|51/100\n|-status|p2b: Farigiraf|par\n|move|p2a: Zacian|Play Rough|p1b: Kyogre\n|-damage|p1b: Kyogre|0 fnt\n|faint|p1b: Kyogre\n|\n|-weather|RainDance|[upkeep]\n|upkeep\n|\n|t:|1772562071\n|switch|p1b: Calyrex|Calyrex-Ice, L50|100/100\n|-ability|p1b: Calyrex|As One\n|-ability|p1b: Calyrex|Unnerve\n|turn|3\n|\n|t:|1772562082\n|-terastallize|p1b: Calyrex|Water\n|move|p2b: Farigiraf|Helping Hand|p2a: Zacian\n|-singleturn|p2a: Zacian|Helping Hand|[of] p2b: Farigiraf\n|move|p2a: Zacian|Play Rough|p1b: Calyrex\n|-damage|p1b: Calyrex|10/100\n|move|p1a: Chien-Pao|Crunch|p2b: Farigiraf\n|-supereffective|p2b: Farigiraf\n|-damage|p2b: Farigiraf|0 fnt\n|faint|p2b: Farigiraf\n|move|p1b: Calyrex|Trick Room|p1b: Calyrex\n|-fieldstart|move: Trick Room|[of] p1b: Calyrex\n|\n|-weather|RainDance|[upkeep]\n|-heal|p1b: Calyrex|16/100|[from] item: Leftovers\n|upkeep\n|\n|t:|1772562091\n|switch|p2b: Miraidon|Miraidon, L50, tera:Fairy|21/100\n|-activate|p2b: Miraidon|ability: Hadron Engine\n|turn|4\n|\n|t:|1772562111\n|move|p1b: Calyrex|Glacial Lance|p2b: Miraidon|[spread] p2a,p2b\n|-resisted|p2a: Zacian\n|-damage|p2a: Zacian|70/100\n|-damage|p2b: Miraidon|0 fnt\n|faint|p2b: Miraidon\n|-ability|p1b: Calyrex|Chilling Neigh|boost\n|-boost|p1b: Calyrex|atk|1\n|move|p1a: Chien-Pao|Crunch|p2a: Zacian\n|-resisted|p2a: Zacian\n|-damage|p2a: Zacian|49/100\n|move|p2a: Zacian|Sacred Sword|p1b: Calyrex\n|-damage|p1b: Calyrex|0 fnt\n|faint|p1b: Calyrex\n|\n|-weather|RainDance|[upkeep]\n|upkeep\n|\n|t:|1772562126\n|switch|p1b: Ursaluna|Ursaluna, L50, M|100/100\n|turn|5\n|\n|t:|1772562131\n|move|p2a: Zacian|Protect|p2a: Zacian\n|-singleturn|p2a: Zacian|Protect\n|move|p1b: Ursaluna|Headlong Rush|p2a: Zacian\n|-activate|p2a: Zacian|move: Protect\n|move|p1a: Chien-Pao|Crunch|p2a: Zacian\n|-activate|p2a: Zacian|move: Protect\n|\n|-weather|none\n|-fieldend|move: Electric Terrain\n|-status|p1b: Ursaluna|brn|[from] item: Flame Orb\n|upkeep\n|turn|6\n|\n|t:|1772562146\n|move|p2a: Zacian|Protect||[still]\n|-fail|p2a: Zacian\n|move|p1b: Ursaluna|Headlong Rush|p2a: Zacian\n|-supereffective|p2a: Zacian\n|-damage|p2a: Zacian|0 fnt\n|-unboost|p1b: Ursaluna|def|1\n|-unboost|p1b: Ursaluna|spd|1\n|faint|p2a: Zacian\n|\n|win|kojimuranishi\n|raw|kojimuranishi's rating: 1551 &rarr; <strong>1565</strong><br />(+14 for winning)\n|raw|liamvgc1's rating: 1445 &rarr; <strong>1431</strong><br />(-14 for losing)\n|l|\u2606liamvgc1\n|player|p2|\n|l|\u2606kojimuranishi\n|player|p1|\n","uploadtime":1772562349,"views":17,"formatid":"gen9vgc2026regi","rating":1431,"private":0,"password":null}