{"id":"gen9vgc2026regi-2548246179","format":"[Gen 9] VGC 2026 Reg I","players":["littleht666","drive stone"],"log":"|j|\u2606littleht666\n|j|\u2606drive stone\n|t:|1772193410\n|gametype|doubles\n|player|p1|littleht666|elesa|1358\n|player|p2|drive stone|cilan|1265\n|gen|9\n|tier|[Gen 9] VGC 2026 Reg I\n|rated|\n|rule|Species Clause: Limit one of each Pok\u00e9mon\n|rule|Item Clause: Limit 1 of each item\n|clearpoke\n|poke|p1|Calyrex-Ice, L50|\n|poke|p1|Miraidon, L50|\n|poke|p1|Incineroar, L50, M|\n|poke|p1|Urshifu-*, L50, F|\n|poke|p1|Ursaluna-Bloodmoon, L50, M|\n|poke|p1|Grimmsnarl, L50, M|\n|poke|p2|Calyrex-Ice, L50|\n|poke|p2|Ho-Oh, L50|\n|poke|p2|Overqwil, L50, M|\n|poke|p2|Rillaboom, L50, F|\n|poke|p2|Ting-Lu, L50|\n|poke|p2|Ogerpon-Wellspring, L50, F|\n|teampreview|4\n|inactive|Battle timer is ON: inactive players will automatically lose when time's up. (requested by littleht666)\n|inactive|drive stone has 60 seconds left.\n|\n|t:|1772193467\n|teamsize|p1|4\n|teamsize|p2|4\n|start\n|switch|p1a: Incineroar|Incineroar, L50, M|100/100\n|switch|p1b: Calyrex|Calyrex-Ice, L50|100/100\n|switch|p2a: Overqwil|Overqwil, L50, M|100/100\n|switch|p2b: Rillaboom|Rillaboom, L50, F|100/100\n|-ability|p1b: Calyrex|As One\n|-ability|p1b: Calyrex|Unnerve\n|-fieldstart|move: Grassy Terrain|[from] ability: Grassy Surge|[of] p2b: Rillaboom\n|-ability|p2a: Overqwil|Intimidate|boost\n|-unboost|p1a: Incineroar|atk|1\n|-unboost|p1b: Calyrex|atk|1\n|-ability|p1a: Incineroar|Intimidate|boost\n|-unboost|p2a: Overqwil|atk|1\n|-unboost|p2b: Rillaboom|atk|1\n|turn|1\n|l|\u2606drive stone\n|inactive|drive stone disconnected and has a minute to reconnect!\n|player|p2|\n|j|\u2606drive stone\n|inactive|drive stone reconnected and has 45 seconds left.\n|player|p2|drive stone|cilan|\n|\n|t:|1772193485\n|switch|p1b: Grimmsnarl|Grimmsnarl, L50, M|100/100\n|move|p2b: Rillaboom|Fake Out|p1b: Grimmsnarl\n|-damage|p1b: Grimmsnarl|91/100\n|move|p2a: Overqwil|Toxic Spikes|p1a: Incineroar\n|-sidestart|p1: littleht666|move: Toxic Spikes\n|move|p1a: Incineroar|Will-O-Wisp|p2b: Rillaboom\n|-status|p2b: Rillaboom|brn\n|\n|-heal|p1b: Grimmsnarl|97/100|[from] Grassy Terrain\n|-damage|p2b: Rillaboom|95/100 brn|[from] brn\n|upkeep\n|turn|2\n|\n|t:|1772193504\n|move|p1b: Grimmsnarl|Reflect|p1b: Grimmsnarl\n|-sidestart|p1: littleht666|Reflect\n|move|p2b: Rillaboom|U-turn|p1b: Grimmsnarl\n|-damage|p1b: Grimmsnarl|92/100\n|\n|t:|1772193509\n|switch|p2b: Calyrex|Calyrex-Ice, L50|100/100|[from] U-turn\n|-ability|p2b: Calyrex|As One\n|-ability|p2b: Calyrex|Unnerve\n|move|p2a: Overqwil|Toxic Spikes|p1a: Incineroar\n|-sidestart|p1: littleht666|move: Toxic Spikes\n|move|p1a: Incineroar|Will-O-Wisp|p2a: Overqwil\n|-status|p2a: Overqwil|brn\n|\n|-heal|p1b: Grimmsnarl|98/100|[from] Grassy Terrain\n|-damage|p2a: Overqwil|94/100 brn|[from] brn\n|upkeep\n|turn|3\n|\n|t:|1772193526\n|switch|p2b: Ho-Oh|Ho-Oh, L50|100/100\n|move|p1b: Grimmsnarl|Light Screen|p1b: Grimmsnarl\n|-sidestart|p1: littleht666|move: Light Screen\n|move|p2a: Overqwil|Barb Barrage|p1b: Grimmsnarl\n|-supereffective|p1b: Grimmsnarl\n|-damage|p1b: Grimmsnarl|88/100\n|-status|p1b: Grimmsnarl|psn\n|move|p1a: Incineroar|Will-O-Wisp|p2b: Ho-Oh\n|-immune|p2b: Ho-Oh\n|\n|-heal|p2a: Overqwil|100/100 brn|[from] Grassy Terrain\n|-heal|p1b: Grimmsnarl|94/100 psn|[from] Grassy Terrain\n|-damage|p1b: Grimmsnarl|81/100 psn|[from] psn\n|-damage|p2a: Overqwil|94/100 brn|[from] brn\n|upkeep\n|turn|4\n|inactive|drive stone has 30 seconds left.\n|\n|t:|1772193556\n|move|p1b: Grimmsnarl|Thunder Wave|p2b: Ho-Oh\n|-status|p2b: Ho-Oh|par\n|move|p2a: Overqwil|Barb Barrage|p1b: Grimmsnarl\n|-supereffective|p1b: Grimmsnarl\n|-damage|p1b: Grimmsnarl|60/100 psn\n|move|p1a: Incineroar|Parting Shot|p2b: Ho-Oh\n|-unboost|p2b: Ho-Oh|atk|1\n|-unboost|p2b: Ho-Oh|spa|1\n|\n|t:|1772193565\n|switch|p1a: Miraidon|Miraidon, L50, shiny|100/100|[from] Parting Shot\n|-status|p1a: Miraidon|tox\n|-fieldstart|move: Electric Terrain|[from] ability: Hadron Engine|[of] p1a: Miraidon\n|cant|p2b: Ho-Oh|par\n|\n|-heal|p2a: Overqwil|100/100 brn|[from] item: Black Sludge\n|-damage|p1a: Miraidon|94/100 tox|[from] psn\n|-damage|p1b: Grimmsnarl|48/100 psn|[from] psn\n|-damage|p2a: Overqwil|94/100 brn|[from] brn\n|upkeep\n|turn|5\n|inactive|littleht666 has 30 seconds left.\n|\n|t:|1772193594\n|switch|p1b: Incineroar|Incineroar, L50, M|100/100\n|-status|p1b: Incineroar|tox\n|-ability|p1b: Incineroar|Intimidate|boost\n|-unboost|p2a: Overqwil|atk|1\n|-unboost|p2b: Ho-Oh|atk|1\n|switch|p2b: Rillaboom|Rillaboom, L50, F|95/100 brn\n|-fieldstart|move: Grassy Terrain|[from] ability: Grassy Surge|[of] p2b: Rillaboom\n|move|p1a: Miraidon|Volt Switch|p2b: Rillaboom\n|-resisted|p2b: Rillaboom\n|-damage|p2b: Rillaboom|82/100 brn\n|\n|t:|1772193607\n|switch|p1a: Grimmsnarl|Grimmsnarl, L50, M|48/100 psn|[from] Volt Switch\n|move|p2a: Overqwil|Barb Barrage|p1b: Incineroar\n|-damage|p1b: Incineroar|94/100 tox\n|\n|-heal|p2b: Rillaboom|87/100 brn|[from] Grassy Terrain\n|-heal|p2a: Overqwil|100/100 brn|[from] Grassy Terrain\n|-heal|p1b: Incineroar|99/100 tox|[from] Grassy Terrain\n|-heal|p1a: Grimmsnarl|54/100 psn|[from] Grassy Terrain\n|-damage|p1b: Incineroar|94/100 tox|[from] psn\n|-damage|p1a: Grimmsnarl|42/100 psn|[from] psn\n|-damage|p2b: Rillaboom|82/100 brn|[from] brn\n|-damage|p2a: Overqwil|94/100 brn|[from] brn\n|upkeep\n|turn|6\n|\n|t:|1772193627\n|move|p2b: Rillaboom|Fake Out|p1b: Incineroar\n|-damage|p1b: Incineroar|89/100 tox\n|move|p2a: Overqwil|Barb Barrage|p1a: Grimmsnarl\n|-supereffective|p1a: Grimmsnarl\n|-damage|p1a: Grimmsnarl|27/100 psn\n|move|p1b: Incineroar|Parting Shot|p2b: Rillaboom\n|-unboost|p2b: Rillaboom|atk|1\n|-unboost|p2b: Rillaboom|spa|1\n|\n|t:|1772193639\n|switch|p1b: Calyrex|Calyrex-Ice, L50|100/100|[from] Parting Shot\n|-ability|p1b: Calyrex|As One\n|-ability|p1b: Calyrex|Unnerve\n|-status|p1b: Calyrex|tox\n|move|p1a: Grimmsnarl|Spirit Break|p2a: Overqwil\n|-damage|p2a: Overqwil|67/100 brn\n|-unboost|p2a: Overqwil|spa|1\n|\n|-heal|p2b: Rillaboom|87/100 brn|[from] Grassy Terrain\n|-heal|p2a: Overqwil|73/100 brn|[from] Grassy Terrain\n|-heal|p2a: Overqwil|80/100 brn|[from] item: Black Sludge\n|-heal|p1a: Grimmsnarl|33/100 psn|[from] Grassy Terrain\n|-damage|p1a: Grimmsnarl|21/100 psn|[from] psn\n|-damage|p1b: Calyrex|95/100 tox|[from] psn\n|-damage|p2b: Rillaboom|82/100 brn|[from] brn\n|-damage|p2a: Overqwil|73/100 brn|[from] brn\n|upkeep\n|turn|7\n|inactive|drive stone has 30 seconds left.\n|inactive|drive stone has 20 seconds left.\n|\n|t:|1772193678\n|switch|p1a: Incineroar|Incineroar, L50, M|89/100 tox\n|-ability|p1a: Incineroar|Intimidate|boost\n|-unboost|p2a: Overqwil|atk|1\n|-unboost|p2b: Rillaboom|atk|1\n|move|p2b: Rillaboom|U-turn|p1b: Calyrex\n|-supereffective|p1b: Calyrex\n|-damage|p1b: Calyrex|90/100 tox\n|\n|t:|1772193685\n|switch|p2b: Calyrex|Calyrex-Ice, L50|100/100|[from] U-turn\n|-ability|p2b: Calyrex|As One\n|-ability|p2b: Calyrex|Unnerve\n|move|p2a: Overqwil|Throat Chop|p1b: Calyrex\n|-supereffective|p1b: Calyrex\n|-damage|p1b: Calyrex|85/100 tox\n|-start|p1b: Calyrex|Throat Chop|[silent]\n|move|p1b: Calyrex|Glacial Lance|p2b: Calyrex|[spread] p2a,p2b\n|-resisted|p2b: Calyrex\n|-damage|p2a: Overqwil|17/100 brn\n|-damage|p2b: Calyrex|86/100\n|\n|-heal|p2a: Overqwil|23/100 brn|[from] Grassy Terrain\n|-heal|p2a: Overqwil|29/100 brn|[from] item: Black Sludge\n|-heal|p1a: Incineroar|95/100 tox|[from] Grassy Terrain\n|-heal|p1b: Calyrex|91/100 tox|[from] Grassy Terrain\n|-heal|p2b: Calyrex|91/100|[from] Grassy Terrain\n|-heal|p1b: Calyrex|97/100 tox|[from] item: Leftovers\n|-heal|p2b: Calyrex|97/100|[from] item: Leftovers\n|-damage|p1a: Incineroar|89/100 tox|[from] psn\n|-damage|p1b: Calyrex|85/100 tox|[from] psn\n|-damage|p2a: Overqwil|23/100 brn|[from] brn\n|upkeep\n|turn|8\n|\n|t:|1772193710\n|switch|p2a: Ho-Oh|Ho-Oh, L50|100/100 par\n|move|p1a: Incineroar|Will-O-Wisp|p2b: Calyrex\n|-status|p2b: Calyrex|brn\n|move|p1b: Calyrex|Glacial Lance|p2b: Calyrex|[spread] p2a,p2b\n|-resisted|p2b: Calyrex\n|-damage|p2a: Ho-Oh|56/100 par\n|-damage|p2b: Calyrex|81/100 brn\n|move|p2b: Calyrex|Leech Seed|p1b: Calyrex\n|-start|p1b: Calyrex|move: Leech Seed\n|\n|-heal|p1a: Incineroar|95/100 tox|[from] Grassy Terrain\n|-heal|p2b: Calyrex|86/100 brn|[from] Grassy Terrain\n|-heal|p1b: Calyrex|91/100 tox|[from] Grassy Terrain\n|-heal|p2b: Calyrex|92/100 brn|[from] item: Leftovers\n|-heal|p1b: Calyrex|97/100 tox|[from] item: Leftovers\n|-damage|p1b: Calyrex|85/100 tox|[from] Leech Seed|[of] p2b: Calyrex\n|-heal|p2b: Calyrex|100/100 brn|[silent]\n|-damage|p1a: Incineroar|83/100 tox|[from] psn\n|-damage|p1b: Calyrex|67/100 tox|[from] psn\n|-damage|p2b: Calyrex|95/100 brn|[from] brn\n|-end|p1b: Calyrex|Throat Chop|[silent]\n|upkeep\n|turn|9\n|inactive|drive stone has 30 seconds left.\n|\n|t:|1772193736\n|switch|p1b: Miraidon|Miraidon, L50, shiny|94/100 tox\n|-fieldstart|move: Electric Terrain|[from] ability: Hadron Engine|[of] p1b: Miraidon\n|move|p1a: Incineroar|Parting Shot|p2b: Calyrex\n|-unboost|p2b: Calyrex|atk|1\n|-unboost|p2b: Calyrex|spa|1\n|\n|t:|1772193743\n|switch|p1a: Calyrex|Calyrex-Ice, L50|67/100 tox|[from] Parting Shot\n|-ability|p1a: Calyrex|As One\n|-ability|p1a: Calyrex|Unnerve\n|move|p2b: Calyrex|Glacial Lance|p1a: Calyrex|[spread] p1a,p1b\n|-resisted|p1a: Calyrex\n|-supereffective|p1b: Miraidon\n|-damage|p1a: Calyrex|64/100 tox\n|-damage|p1b: Miraidon|74/100 tox\n|move|p2a: Ho-Oh|Sacred Fire|p1b: Miraidon\n|-resisted|p1b: Miraidon\n|-damage|p1b: Miraidon|60/100 tox\n|\n|-heal|p1a: Calyrex|70/100 tox|[from] item: Leftovers\n|-heal|p2b: Calyrex|100/100 brn|[from] item: Leftovers\n|-damage|p1b: Miraidon|54/100 tox|[from] psn\n|-damage|p1a: Calyrex|64/100 tox|[from] psn\n|-damage|p2b: Calyrex|95/100 brn|[from] brn\n|-sideend|p1: littleht666|Reflect\n|upkeep\n|turn|10\n|\n|t:|1772193767\n|switch|p2a: Rillaboom|Rillaboom, L50, F|82/100 brn\n|-fieldstart|move: Grassy Terrain|[from] ability: Grassy Surge|[of] p2a: Rillaboom\n|move|p1b: Miraidon|Volt Switch|p2a: Rillaboom\n|-resisted|p2a: Rillaboom\n|-crit|p2a: Rillaboom\n|-damage|p2a: Rillaboom|63/100 brn\n|\n|t:|1772193773\n|switch|p1b: Incineroar|Incineroar, L50, M|83/100 tox|[from] Volt Switch\n|-ability|p1b: Incineroar|Intimidate|boost\n|-unboost|p2a: Rillaboom|atk|1\n|-unboost|p2b: Calyrex|atk|1\n|move|p2b: Calyrex|Leech Seed|p1a: Calyrex\n|-start|p1a: Calyrex|move: Leech Seed\n|move|p1a: Calyrex|Leech Seed|p2b: Calyrex\n|-start|p2b: Calyrex|move: Leech Seed\n|\n|-heal|p2a: Rillaboom|69/100 brn|[from] Grassy Terrain\n|-heal|p1b: Incineroar|89/100 tox|[from] Grassy Terrain\n|-heal|p2b: Calyrex|100/100 brn|[from] Grassy Terrain\n|-heal|p1a: Calyrex|70/100 tox|[from] Grassy Terrain\n|-heal|p1a: Calyrex|76/100 tox|[from] item: Leftovers\n|-damage|p2b: Calyrex|88/100 brn|[from] Leech Seed|[of] p1a: Calyrex\n|-heal|p1a: Calyrex|88/100 tox|[silent]\n|-damage|p1a: Calyrex|76/100 tox|[from] Leech Seed|[of] p2b: Calyrex\n|-heal|p2b: Calyrex|100/100 brn|[silent]\n|-damage|p1b: Incineroar|83/100 tox|[from] psn\n|-damage|p1a: Calyrex|64/100 tox|[from] psn\n|-damage|p2a: Rillaboom|63/100 brn|[from] brn\n|-damage|p2b: Calyrex|95/100 brn|[from] brn\n|-sideend|p1: littleht666|move: Light Screen\n|upkeep\n|turn|11\n|\n|t:|1772193794\n|switch|p2b: Overqwil|Overqwil, L50, M|23/100 brn\n|-ability|p2b: Overqwil|Intimidate|boost\n|-unboost|p1a: Calyrex|atk|1\n|-unboost|p1b: Incineroar|atk|1\n|switch|p1a: Grimmsnarl|Grimmsnarl, L50, M|21/100 psn\n|move|p2a: Rillaboom|Fake Out|p1a: Grimmsnarl\n|-damage|p1a: Grimmsnarl|16/100 psn\n|move|p1b: Incineroar|Knock Off|p2b: Overqwil\n|-resisted|p2b: Overqwil\n|-damage|p2b: Overqwil|12/100 brn\n|-enditem|p2b: Overqwil|Black Sludge|[from] move: Knock Off|[of] p1b: Incineroar\n|\n|-heal|p2a: Rillaboom|69/100 brn|[from] Grassy Terrain\n|-heal|p2b: Overqwil|18/100 brn|[from] Grassy Terrain\n|-heal|p1b: Incineroar|89/100 tox|[from] Grassy Terrain\n|-heal|p1a: Grimmsnarl|22/100 psn|[from] Grassy Terrain\n|-damage|p1b: Incineroar|77/100 tox|[from] psn\n|-damage|p1a: Grimmsnarl|9/100 psn|[from] psn\n|-damage|p2a: Rillaboom|63/100 brn|[from] brn\n|-damage|p2b: Overqwil|12/100 brn|[from] brn\n|upkeep\n|turn|12\n|inactive|drive stone has 30 seconds left.\n|\n|t:|1772193820\n|move|p1a: Grimmsnarl|Reflect|p1a: Grimmsnarl\n|-sidestart|p1: littleht666|Reflect\n|move|p2a: Rillaboom|U-turn|p1b: Incineroar\n|-damage|p1b: Incineroar|72/100 tox\n|\n|t:|1772193826\n|switch|p2a: Ho-Oh|Ho-Oh, L50|90/100 par|[from] U-turn\n|move|p2b: Overqwil|Barb Barrage|p1a: Grimmsnarl\n|-supereffective|p1a: Grimmsnarl\n|-damage|p1a: Grimmsnarl|0 fnt\n|faint|p1a: Grimmsnarl\n|move|p1b: Incineroar|Parting Shot|p2b: Overqwil\n|-unboost|p2b: Overqwil|atk|1\n|-unboost|p2b: Overqwil|spa|1\n|\n|t:|1772193836\n|switch|p1b: Calyrex|Calyrex-Ice, L50|64/100 tox|[from] Parting Shot\n|-ability|p1b: Calyrex|As One\n|-ability|p1b: Calyrex|Unnerve\n|\n|-heal|p2b: Overqwil|18/100 brn|[from] Grassy Terrain\n|-heal|p1b: Calyrex|70/100 tox|[from] Grassy Terrain\n|-heal|p1b: Calyrex|76/100 tox|[from] item: Leftovers\n|-damage|p1b: Calyrex|70/100 tox|[from] psn\n|-damage|p2b: Overqwil|12/100 brn|[from] brn\n|upkeep\n|\n|t:|1772193839\n|switch|p1a: Incineroar|Incineroar, L50, M|72/100 tox\n|-ability|p1a: Incineroar|Intimidate|boost\n|-unboost|p2a: Ho-Oh|atk|1\n|-unboost|p2b: Overqwil|atk|1\n|turn|13\n|inactive|drive stone has 30 seconds left.\n|\n|t:|1772193865\n|move|p2b: Overqwil|Protect|p2b: Overqwil\n|-singleturn|p2b: Overqwil|Protect\n|move|p2a: Ho-Oh|Protect|p2a: Ho-Oh\n|-singleturn|p2a: Ho-Oh|Protect\n|move|p1a: Incineroar|Fake Out|p2a: Ho-Oh\n|-activate|p2a: Ho-Oh|move: Protect\n|move|p1b: Calyrex|Glacial Lance|p2b: Overqwil|[spread] \n|-activate|p2a: Ho-Oh|move: Protect\n|-activate|p2b: Overqwil|move: Protect\n|\n|-heal|p2b: Overqwil|18/100 brn|[from] Grassy Terrain\n|-heal|p1a: Incineroar|78/100 tox|[from] Grassy Terrain\n|-heal|p1b: Calyrex|76/100 tox|[from] Grassy Terrain\n|-heal|p1b: Calyrex|82/100 tox|[from] item: Leftovers\n|-damage|p1a: Incineroar|72/100 tox|[from] psn\n|-damage|p1b: Calyrex|70/100 tox|[from] psn\n|-damage|p2b: Overqwil|12/100 brn|[from] brn\n|upkeep\n|turn|14\n|\n|t:|1772193885\n|switch|p2b: Calyrex|Calyrex-Ice, L50|95/100 brn\n|-ability|p2b: Calyrex|As One\n|-ability|p2b: Calyrex|Unnerve\n|move|p1a: Incineroar|Parting Shot|p2a: Ho-Oh\n|-unboost|p2a: Ho-Oh|atk|1\n|-unboost|p2a: Ho-Oh|spa|1\n|\n|t:|1772193896\n|switch|p1a: Miraidon|Miraidon, L50, shiny|54/100 tox|[from] Parting Shot\n|-fieldstart|move: Electric Terrain|[from] ability: Hadron Engine|[of] p1a: Miraidon\n|move|p1b: Calyrex|Glacial Lance|p2b: Calyrex|[spread] p2a,p2b\n|-resisted|p2b: Calyrex\n|-damage|p2a: Ho-Oh|52/100 par\n|-damage|p2b: Calyrex|79/100 brn\n|move|p2a: Ho-Oh|Sacred Fire|p1b: Calyrex\n|-supereffective|p1b: Calyrex\n|-damage|p1b: Calyrex|54/100 tox\n|\n|-heal|p2b: Calyrex|85/100 brn|[from] item: Leftovers\n|-heal|p1b: Calyrex|60/100 tox|[from] item: Leftovers\n|-damage|p1a: Miraidon|48/100 tox|[from] psn\n|-damage|p1b: Calyrex|43/100 tox|[from] psn\n|-damage|p2b: Calyrex|79/100 brn|[from] brn\n|upkeep\n|turn|15\n|\n|t:|1772193921\n|move|p2b: Calyrex|Protect|p2b: Calyrex\n|-singleturn|p2b: Calyrex|Protect\n|move|p2a: Ho-Oh|Protect|p2a: Ho-Oh\n|-singleturn|p2a: Ho-Oh|Protect\n|move|p1a: Miraidon|Electro Drift|p2b: Calyrex\n|-activate|p2b: Calyrex|move: Protect\n|move|p1b: Calyrex|Glacial Lance|p2b: Calyrex|[spread] \n|-activate|p2a: Ho-Oh|move: Protect\n|-activate|p2b: Calyrex|move: Protect\n|\n|-heal|p2b: Calyrex|85/100 brn|[from] item: Leftovers\n|-heal|p1b: Calyrex|48/100 tox|[from] item: Leftovers\n|-damage|p1a: Miraidon|35/100 tox|[from] psn\n|-damage|p1b: Calyrex|25/100 tox|[from] psn\n|-damage|p2b: Calyrex|79/100 brn|[from] brn\n|upkeep\n|turn|16\n|\n|t:|1772193941\n|switch|p1b: Incineroar|Incineroar, L50, M|72/100 tox\n|-ability|p1b: Incineroar|Intimidate|boost\n|-unboost|p2a: Ho-Oh|atk|1\n|-unboost|p2b: Calyrex|atk|1\n|move|p1a: Miraidon|Electro Drift|p2a: Ho-Oh\n|-supereffective|p2a: Ho-Oh\n|-damage|p2a: Ho-Oh|0 fnt\n|-damage|p1a: Miraidon|19/100 tox|[from] item: Rocky Helmet|[of] p2a: Ho-Oh\n|faint|p2a: Ho-Oh\n|move|p2b: Calyrex|Glacial Lance|p1b: Incineroar|[spread] p1a,p1b\n|-supereffective|p1a: Miraidon\n|-resisted|p1b: Incineroar\n|-damage|p1a: Miraidon|0 fnt\n|-damage|p1b: Incineroar|67/100 tox\n|faint|p1a: Miraidon\n|-ability|p2b: Calyrex|Chilling Neigh|boost\n|-boost|p2b: Calyrex|atk|1\n|\n|-heal|p2b: Calyrex|85/100 brn|[from] item: Leftovers\n|-damage|p1b: Incineroar|61/100 tox|[from] psn\n|-damage|p2b: Calyrex|79/100 brn|[from] brn\n|upkeep\n|\n|t:|1772193965\n|switch|p1a: Calyrex|Calyrex-Ice, L50|25/100 tox\n|switch|p2a: Overqwil|Overqwil, L50, M|12/100 brn\n|-ability|p1a: Calyrex|As One\n|-ability|p1a: Calyrex|Unnerve\n|-ability|p2a: Overqwil|Intimidate|boost\n|-unboost|p1a: Calyrex|atk|1\n|-unboost|p1b: Incineroar|atk|1\n|turn|17\n|\n|t:|1772193975\n|move|p2a: Overqwil|Protect|p2a: Overqwil\n|-singleturn|p2a: Overqwil|Protect\n|move|p2b: Calyrex|Protect|p2b: Calyrex\n|-singleturn|p2b: Calyrex|Protect\n|move|p1b: Incineroar|Fake Out|p2a: Overqwil\n|-activate|p2a: Overqwil|move: Protect\n|move|p1a: Calyrex|Leech Seed|p2b: Calyrex\n|-activate|p2b: Calyrex|move: Protect\n|\n|-heal|p1a: Calyrex|31/100 tox|[from] item: Leftovers\n|-heal|p2b: Calyrex|85/100 brn|[from] item: Leftovers\n|-damage|p1b: Incineroar|50/100 tox|[from] psn\n|-damage|p1a: Calyrex|25/100 tox|[from] psn\n|-damage|p2a: Overqwil|6/100 brn|[from] brn\n|-damage|p2b: Calyrex|79/100 brn|[from] brn\n|upkeep\n|turn|18\n|-message|littleht666 forfeited.\n|\n|win|drive stone\n|raw|littleht666's rating: 1350 &rarr; <strong>1325</strong><br />(-25 for losing)\n|raw|drive stone's rating: 1265 &rarr; <strong>1296</strong><br />(+31 for winning)\n|l|\u2606littleht666\n|player|p1|\n|l|\u2606drive stone\n|player|p2|\n","uploadtime":1772194184,"views":11,"formatid":"gen9vgc2026regi","rating":1296,"private":0,"password":null}