{"id":"gen9vgc2026regi-2558908429","format":"[Gen 9] VGC 2026 Reg I","players":["jonen","rgff1qddqdq"],"log":"|j|\u2606jonen\n|j|\u2606rgff1qddqdq\n|t:|1773500428\n|gametype|doubles\n|player|p1|jonen|medium|1199\n|player|p2|rgff1qddqdq|silver|1167\n|gen|9\n|tier|[Gen 9] VGC 2026 Reg I\n|rated|\n|rule|Species Clause: Limit one of each Pok\u00e9mon\n|rule|Item Clause: Limit 1 of each item\n|clearpoke\n|poke|p1|Rabsca, L50, M|\n|poke|p1|Landorus, L50, M|\n|poke|p1|Calyrex-Ice, L50|\n|poke|p1|Miraidon, L50|\n|poke|p1|Incineroar, L50, F|\n|poke|p1|Urshifu-*, L50, M|\n|poke|p2|Calyrex-Shadow, L50|\n|poke|p2|Whimsicott, L50, F|\n|poke|p2|Rillaboom, L50, F|\n|poke|p2|Clefairy, L50, M|\n|poke|p2|Zamazenta-*, L50|\n|poke|p2|Incineroar, L50, M|\n|teampreview|4\n|\n|t:|1773500446\n|teamsize|p1|4\n|teamsize|p2|4\n|start\n|switch|p1a: Calyrex|Calyrex-Ice, L50|100/100\n|switch|p1b: Incineroar|Incineroar, L50, F|100/100\n|switch|p2a: Zamazenta|Zamazenta-Crowned, L50|100/100\n|switch|p2b: Rillaboom|Rillaboom, L50, F|100/100\n|-ability|p1a: Calyrex|As One\n|-ability|p1a: Calyrex|Unnerve\n|-ability|p2a: Zamazenta|Dauntless Shield|boost\n|-boost|p2a: Zamazenta|def|1\n|-fieldstart|move: Grassy Terrain|[from] ability: Grassy Surge|[of] p2b: Rillaboom\n|-ability|p1b: Incineroar|Intimidate|boost\n|-unboost|p2a: Zamazenta|atk|1\n|-unboost|p2b: Rillaboom|atk|1\n|turn|1\n|\n|t:|1773500476\n|move|p2b: Rillaboom|Fake Out|p1a: Calyrex\n|-damage|p1a: Calyrex|95/100\n|move|p1b: Incineroar|Fake Out|p2a: Zamazenta\n|-resisted|p2a: Zamazenta\n|-damage|p2a: Zamazenta|98/100\n|cant|p2a: Zamazenta|flinch\n|cant|p1a: Calyrex|flinch\n|\n|-heal|p2a: Zamazenta|100/100|[from] Grassy Terrain\n|-heal|p1a: Calyrex|100/100|[from] Grassy Terrain\n|upkeep\n|turn|2\n|\n|t:|1773500492\n|switch|p1b: Rabsca|Rabsca, L50, M|100/100\n|move|p2a: Zamazenta|Iron Defense|p2a: Zamazenta\n|-boost|p2a: Zamazenta|def|2\n|move|p2b: Rillaboom|U-turn|p1a: Calyrex\n|-supereffective|p1a: Calyrex\n|-damage|p1a: Calyrex|80/100\n|\n|t:|1773500500\n|switch|p2b: Incineroar|Incineroar, L50, M|100/100|[from] U-turn\n|-ability|p2b: Incineroar|Intimidate|boost\n|-unboost|p1a: Calyrex|atk|1\n|-unboost|p1b: Rabsca|atk|1\n|move|p1a: Calyrex|Trick Room|p1a: Calyrex\n|-fieldstart|move: Trick Room|[of] p1a: Calyrex\n|\n|-heal|p1a: Calyrex|86/100|[from] Grassy Terrain\n|-heal|p1a: Calyrex|92/100|[from] item: Leftovers\n|upkeep\n|turn|3\n|\n|t:|1773500518\n|switch|p1b: Miraidon|Miraidon, L50|100/100\n|-fieldstart|move: Electric Terrain|[from] ability: Hadron Engine|[of] p1b: Miraidon\n|move|p2b: Incineroar|Fake Out|p1a: Calyrex\n|-damage|p1a: Calyrex|84/100\n|cant|p1a: Calyrex|flinch\n|move|p2a: Zamazenta|Iron Defense|p2a: Zamazenta\n|-boost|p2a: Zamazenta|def|2\n|\n|-heal|p1a: Calyrex|90/100|[from] item: Leftovers\n|upkeep\n|turn|4\n|\n|t:|1773500535\n|switch|p2b: Rillaboom|Rillaboom, L50, F|100/100\n|-fieldstart|move: Grassy Terrain|[from] ability: Grassy Surge|[of] p2b: Rillaboom\n|-terastallize|p2a: Zamazenta|Dragon\n|move|p1a: Calyrex|Leech Seed|p2a: Zamazenta\n|-start|p2a: Zamazenta|move: Leech Seed\n|move|p2a: Zamazenta|Body Press|p1b: Miraidon\n|-damage|p1b: Miraidon|0 fnt\n|faint|p1b: Miraidon\n|\n|-heal|p1a: Calyrex|96/100|[from] Grassy Terrain\n|-heal|p1a: Calyrex|100/100|[from] item: Leftovers\n|-damage|p2a: Zamazenta|88/100|[from] Leech Seed|[of] p1a: Calyrex\n|upkeep\n|\n|t:|1773500544\n|switch|p1b: Rabsca|Rabsca, L50, M|100/100\n|turn|5\n|\n|t:|1773500560\n|move|p2b: Rillaboom|Fake Out|p1b: Rabsca\n|-damage|p1b: Rabsca|87/100\n|cant|p1b: Rabsca|flinch\n|move|p1a: Calyrex|Glacial Lance|p2a: Zamazenta|[spread] p2a,p2b\n|-supereffective|p2a: Zamazenta\n|-supereffective|p2b: Rillaboom\n|-damage|p2a: Zamazenta|75/100\n|-damage|p2b: Rillaboom|28/100\n|move|p2a: Zamazenta|Body Press|p1b: Rabsca\n|-resisted|p1b: Rabsca\n|-damage|p1b: Rabsca|47/100\n|\n|-heal|p1b: Rabsca|53/100|[from] Grassy Terrain\n|-heal|p2b: Rillaboom|34/100|[from] Grassy Terrain\n|-heal|p2a: Zamazenta|81/100|[from] Grassy Terrain\n|-damage|p2a: Zamazenta|69/100|[from] Leech Seed|[of] p1a: Calyrex\n|upkeep\n|turn|6\n|\n|t:|1773500579\n|switch|p2b: Incineroar|Incineroar, L50, M|100/100\n|-ability|p2b: Incineroar|Intimidate|boost\n|-unboost|p1a: Calyrex|atk|1\n|-unboost|p1b: Rabsca|atk|1\n|move|p1b: Rabsca|Revival Blessing|p1b: Rabsca\n|\n|t:|1773500583\n|-heal|p1: Miraidon|50/100|[from] move: Revival Blessing\n|move|p1a: Calyrex|Glacial Lance|p2b: Incineroar|[spread] p2a,p2b\n|-supereffective|p2a: Zamazenta\n|-resisted|p2b: Incineroar\n|-damage|p2a: Zamazenta|59/100\n|-damage|p2b: Incineroar|89/100\n|move|p2a: Zamazenta|Body Press|p1a: Calyrex\n|-crit|p1a: Calyrex\n|-damage|p1a: Calyrex|0 fnt\n|faint|p1a: Calyrex\n|\n|-heal|p1b: Rabsca|59/100|[from] Grassy Terrain\n|-heal|p2b: Incineroar|95/100|[from] Grassy Terrain\n|-heal|p2a: Zamazenta|65/100|[from] Grassy Terrain\n|-fieldend|move: Trick Room\n|upkeep\n|\n|t:|1773500589\n|switch|p1a: Miraidon|Miraidon, L50|50/100\n|-fieldstart|move: Electric Terrain|[from] ability: Hadron Engine|[of] p1a: Miraidon\n|-enditem|p1b: Rabsca|Electric Seed\n|-boost|p1b: Rabsca|def|1|[from] item: Electric Seed\n|turn|7\n|\n|t:|1773500612\n|switch|p1a: Incineroar|Incineroar, L50, F|100/100\n|-ability|p1a: Incineroar|Intimidate|boost\n|-unboost|p2a: Zamazenta|atk|1\n|-unboost|p2b: Incineroar|atk|1\n|move|p2b: Incineroar|Fake Out|p1a: Incineroar\n|-damage|p1a: Incineroar|93/100\n|move|p2a: Zamazenta|Body Press|p1a: Incineroar\n|-supereffective|p1a: Incineroar\n|-damage|p1a: Incineroar|0 fnt\n|faint|p1a: Incineroar\n|move|p1b: Rabsca|Trick Room|p1b: Rabsca\n|-fieldstart|move: Trick Room|[of] p1b: Rabsca\n|\n|upkeep\n|\n|t:|1773500620\n|switch|p1a: Miraidon|Miraidon, L50|50/100\n|-activate|p1a: Miraidon|ability: Hadron Engine\n|turn|8\n|\n|t:|1773500631\n|switch|p2b: Rillaboom|Rillaboom, L50, F|34/100\n|-fieldstart|move: Grassy Terrain|[from] ability: Grassy Surge|[of] p2b: Rillaboom\n|-terastallize|p1a: Miraidon|Electric\n|move|p1b: Rabsca|Speed Swap|p1a: Miraidon\n|-activate|p1b: Rabsca|move: Speed Swap|[of] p1a: Miraidon\n|move|p1a: Miraidon|Discharge|p2a: Zamazenta|[spread] p2a,p2b\n|-activate|p1b: Rabsca|ability: Telepathy\n|-resisted|p2a: Zamazenta\n|-resisted|p2b: Rillaboom\n|-damage|p2a: Zamazenta|41/100\n|-damage|p2b: Rillaboom|14/100\n|move|p2a: Zamazenta|Body Press|p1a: Miraidon\n|-damage|p1a: Miraidon|0 fnt\n|faint|p1a: Miraidon\n|\n|-heal|p2b: Rillaboom|20/100|[from] Grassy Terrain\n|-heal|p2a: Zamazenta|47/100|[from] Grassy Terrain\n|-heal|p1b: Rabsca|65/100|[from] Grassy Terrain\n|upkeep\n|turn|9\n|c|\u2606jonen|gg\n|\n|t:|1773500656\n|move|p2b: Rillaboom|Fake Out|p1b: Rabsca\n|-damage|p1b: Rabsca|57/100\n|move|p2a: Zamazenta|Heavy Slam|p1b: Rabsca\n|-damage|p1b: Rabsca|40/100\n|cant|p1b: Rabsca|flinch\n|\n|-heal|p2b: Rillaboom|27/100|[from] Grassy Terrain\n|-heal|p2a: Zamazenta|53/100|[from] Grassy Terrain\n|-heal|p1b: Rabsca|46/100|[from] Grassy Terrain\n|upkeep\n|turn|10\n|\n|t:|1773500672\n|move|p2b: Rillaboom|U-turn|p1b: Rabsca\n|-supereffective|p1b: Rabsca\n|-damage|p1b: Rabsca|17/100\n|\n|t:|1773500676\n|switch|p2b: Incineroar|Incineroar, L50, M|95/100|[from] U-turn\n|-ability|p2b: Incineroar|Intimidate|boost\n|-unboost|p1b: Rabsca|atk|1\n|move|p2a: Zamazenta|Body Press|p1b: Rabsca\n|-resisted|p1b: Rabsca\n|-damage|p1b: Rabsca|0 fnt\n|faint|p1b: Rabsca\n|\n|win|rgff1qddqdq\n|raw|jonen's rating: 1199 &rarr; <strong>1172</strong><br />(-27 for losing)\n|raw|rgff1qddqdq's rating: 1167 &rarr; <strong>1194</strong><br />(+27 for winning)\n","uploadtime":1773500676,"views":15,"formatid":"gen9vgc2026regi","rating":1172,"private":0,"password":null}