{"id":"gen9vgc2026regi-2555640742","format":"[Gen 9] VGC 2026 Reg I","players":["GucciSoup","g0dGun"],"log":"|j|\u2606GucciSoup\n|j|\u2606g0dGun\n|t:|1773112085\n|gametype|doubles\n|player|p1|GucciSoup|wallace|1346\n|player|p2|g0dGun|blue|1523\n|gen|9\n|tier|[Gen 9] VGC 2026 Reg I\n|rated|\n|rule|Species Clause: Limit one of each Pok\u00e9mon\n|rule|Item Clause: Limit 1 of each item\n|clearpoke\n|poke|p1|Grimmsnarl, L50, M|\n|poke|p1|Okidogi, L50, M|\n|poke|p1|Volcarona, L50, M|\n|poke|p1|Iron Valiant, L50|\n|poke|p1|Calyrex-Ice, L50|\n|poke|p1|Miraidon, L50|\n|poke|p2|Hitmontop, L50, M|\n|poke|p2|Terapagos, L50, M|\n|poke|p2|Calyrex-Shadow, L50|\n|poke|p2|Ogerpon-Cornerstone, L50, F|\n|poke|p2|Urshifu-*, L50, F|\n|poke|p2|Whimsicott, L50, F|\n|teampreview|4\n|inactive|Battle timer is ON: inactive players will automatically lose when time's up. (requested by g0dGun)\n|inactive|g0dGun has 60 seconds left.\n|\n|t:|1773112126\n|teamsize|p1|4\n|teamsize|p2|4\n|start\n|switch|p1a: Okidogi|Okidogi, L50, M|100/100\n|switch|p1b: Grimmsnarl|Grimmsnarl, L50, M|100/100\n|switch|p2a: Hitmontop|Hitmontop, L50, M|100/100\n|switch|p2b: Terapagos|Terapagos, L50, M|100/100\n|-activate|p2b: Terapagos|ability: Tera Shift\n|detailschange|p2b: Terapagos|Terapagos-Terastal, L50, M\n|-heal|p2b: Terapagos|100/100|[silent]\n|-ability|p2a: Hitmontop|Intimidate|boost\n|-unboost|p1a: Okidogi|atk|1\n|-unboost|p1b: Grimmsnarl|atk|1\n|turn|1\n|\n|t:|1773112147\n|move|p2b: Terapagos|Rock Polish|p2b: Terapagos\n|-boost|p2b: Terapagos|spe|2\n|move|p1a: Okidogi|Snarl|p2a: Hitmontop|[spread] p2a,p2b\n|-resisted|p2a: Hitmontop\n|-activate|p2b: Terapagos|ability: Tera Shell\n|-resisted|p2b: Terapagos\n|-damage|p2a: Hitmontop|99/100\n|-damage|p2b: Terapagos|98/100\n|-unboost|p2a: Hitmontop|spa|1\n|-unboost|p2b: Terapagos|spa|1\n|-enditem|p2a: Hitmontop|Eject Button\n|\n|t:|1773112160\n|switch|p2a: Calyrex|Calyrex-Shadow, L50|100/100\n|-ability|p2a: Calyrex|As One\n|-ability|p2a: Calyrex|Unnerve\n|move|p1b: Grimmsnarl|Spirit Break|p2b: Terapagos\n|-damage|p2b: Terapagos|80/100\n|-unboost|p2b: Terapagos|spa|1\n|\n|upkeep\n|turn|2\n|\n|t:|1773112177\n|switch|p2b: Hitmontop|Hitmontop, L50, M|99/100\n|-ability|p2b: Hitmontop|Intimidate|boost\n|-unboost|p1a: Okidogi|atk|1\n|-unboost|p1b: Grimmsnarl|atk|1\n|-terastallize|p1a: Okidogi|Dark\n|move|p1b: Grimmsnarl|Light Screen|p1b: Grimmsnarl\n|-sidestart|p1: GucciSoup|move: Light Screen\n|move|p2a: Calyrex|Psychic|p1a: Okidogi\n|-immune|p1a: Okidogi\n|move|p1a: Okidogi|Snarl|p2b: Hitmontop|[spread] p2a,p2b\n|-supereffective|p2a: Calyrex\n|-resisted|p2b: Hitmontop\n|-damage|p2a: Calyrex|60/100\n|-damage|p2b: Hitmontop|95/100\n|-unboost|p2a: Calyrex|spa|1\n|-unboost|p2b: Hitmontop|spa|1\n|\n|upkeep\n|turn|3\n|\n|t:|1773112197\n|switch|p2a: Terapagos|Terapagos-Terastal, L50, M|80/100\n|move|p2b: Hitmontop|Wide Guard|p2b: Hitmontop\n|-singleturn|p2b: Hitmontop|Wide Guard\n|move|p1a: Okidogi|Knock Off|p2a: Terapagos\n|-damage|p2a: Terapagos|61/100\n|-status|p2a: Terapagos|tox|[from] ability: Toxic Chain|[of] p1a: Okidogi\n|-enditem|p2a: Terapagos|Weakness Policy|[from] move: Knock Off|[of] p1a: Okidogi\n|move|p1b: Grimmsnarl|Spirit Break|p2b: Hitmontop\n|-supereffective|p2b: Hitmontop\n|-damage|p2b: Hitmontop|55/100\n|-unboost|p2b: Hitmontop|spa|1\n|\n|-damage|p2a: Terapagos|55/100 tox|[from] psn\n|upkeep\n|turn|4\n|\n|t:|1773112217\n|-terastallize|p2a: Terapagos|Stellar\n|detailschange|p2a: Terapagos|Terapagos-Stellar, L50, M, tera:Stellar\n|-heal|p2a: Terapagos|66/100 tox|[silent]\n|move|p2b: Hitmontop|Vacuum Wave|p2a: Terapagos\n|-supereffective|p2a: Terapagos\n|-damage|p2a: Terapagos|63/100 tox\n|move|p2a: Terapagos|Tera Starstorm|p1b: Grimmsnarl|[spread] p1a,p1b\n|-supereffective|p1a: Okidogi\n|-damage|p1a: Okidogi|66/100\n|-damage|p1b: Grimmsnarl|74/100\n|move|p1a: Okidogi|Poison Fang|p2b: Hitmontop\n|-damage|p2b: Hitmontop|41/100\n|move|p1b: Grimmsnarl|Spirit Break|p2a: Terapagos\n|-damage|p2a: Terapagos|54/100 tox\n|-unboost|p2a: Terapagos|spa|1\n|\n|-damage|p2a: Terapagos|42/100 tox|[from] psn\n|upkeep\n|turn|5\n|\n|t:|1773112239\n|move|p1b: Grimmsnarl|Reflect|p1b: Grimmsnarl\n|-sidestart|p1: GucciSoup|Reflect\n|move|p2a: Terapagos|Tera Starstorm|p1b: Grimmsnarl|[spread] p1a,p1b\n|-supereffective|p1a: Okidogi\n|-damage|p1a: Okidogi|43/100\n|-damage|p1b: Grimmsnarl|56/100\n|move|p1a: Okidogi|Snarl|p2b: Hitmontop|[spread] p2b\n|-miss|p1a: Okidogi|p2a: Terapagos\n|-resisted|p2b: Hitmontop\n|-damage|p2b: Hitmontop|37/100\n|-unboost|p2b: Hitmontop|spa|1\n|-status|p2b: Hitmontop|tox|[from] ability: Toxic Chain|[of] p1a: Okidogi\n|move|p2b: Hitmontop|Brick Break|p1a: Okidogi\n|-sideend|p1: GucciSoup|Reflect\n|-sideend|p1: GucciSoup|move: Light Screen\n|-supereffective|p1a: Okidogi\n|-damage|p1a: Okidogi|8/100\n|\n|-damage|p2a: Terapagos|23/100 tox|[from] psn\n|-damage|p2b: Hitmontop|32/100 tox|[from] psn\n|upkeep\n|turn|6\n|\n|t:|1773112262\n|move|p2b: Hitmontop|Vacuum Wave|p1a: Okidogi\n|-supereffective|p1a: Okidogi\n|-damage|p1a: Okidogi|5/100\n|move|p1b: Grimmsnarl|Light Screen|p1b: Grimmsnarl\n|-sidestart|p1: GucciSoup|move: Light Screen\n|move|p2a: Terapagos|Tera Starstorm|p1b: Grimmsnarl|[spread] p1a,p1b\n|-supereffective|p1a: Okidogi\n|-damage|p1a: Okidogi|0 fnt\n|-damage|p1b: Grimmsnarl|39/100\n|faint|p1a: Okidogi\n|\n|-damage|p2a: Terapagos|0 fnt|[from] psn\n|faint|p2a: Terapagos\n|detailschange|p2: Terapagos|Terapagos, L50, M|[silent]\n|-damage|p2b: Hitmontop|20/100 tox|[from] psn\n|upkeep\n|\n|t:|1773112278\n|switch|p1a: Iron Valiant|Iron Valiant, L50|100/100\n|switch|p2a: Calyrex|Calyrex-Shadow, L50|60/100\n|-ability|p2a: Calyrex|As One\n|-ability|p2a: Calyrex|Unnerve\n|-enditem|p1a: Iron Valiant|Booster Energy\n|-activate|p1a: Iron Valiant|ability: Quark Drive|[fromitem]\n|-start|p1a: Iron Valiant|quarkdrivespe\n|turn|7\n|\n|t:|1773112290\n|move|p2a: Calyrex|Protect|p2a: Calyrex\n|-singleturn|p2a: Calyrex|Protect\n|move|p1a: Iron Valiant|Throat Chop|p2a: Calyrex\n|-activate|p2a: Calyrex|move: Protect\n|move|p2b: Hitmontop|Brick Break|p1b: Grimmsnarl\n|-sideend|p1: GucciSoup|move: Light Screen\n|-damage|p1b: Grimmsnarl|16/100\n|move|p1b: Grimmsnarl|Spirit Break|p2b: Hitmontop\n|-supereffective|p2b: Hitmontop\n|-damage|p2b: Hitmontop|0 fnt\n|faint|p2b: Hitmontop\n|\n|upkeep\n|\n|t:|1773112304\n|switch|p2b: Ogerpon|Ogerpon-Cornerstone, L50, F|100/100\n|turn|8\n|inactive|GucciSoup has 30 seconds left.\n|\n|t:|1773112332\n|move|p1a: Iron Valiant|Wide Guard|p1a: Iron Valiant\n|-singleturn|p1a: Iron Valiant|Wide Guard\n|move|p1b: Grimmsnarl|Light Screen|p1b: Grimmsnarl\n|-sidestart|p1: GucciSoup|move: Light Screen\n|move|p2a: Calyrex|Psychic|p1a: Iron Valiant\n|-supereffective|p1a: Iron Valiant\n|-damage|p1a: Iron Valiant|0 fnt\n|faint|p1a: Iron Valiant\n|-end|p1a: Iron Valiant|Quark Drive|[silent]\n|-ability|p2a: Calyrex|Grim Neigh|boost\n|-boost|p2a: Calyrex|spa|1\n|move|p2b: Ogerpon|Ivy Cudgel|p1b: Grimmsnarl|[anim] Ivy Cudgel Rock\n|-crit|p1b: Grimmsnarl\n|-damage|p1b: Grimmsnarl|0 fnt\n|faint|p1b: Grimmsnarl\n|\n|upkeep\n|\n|t:|1773112339\n|switch|p1b: Calyrex|Calyrex-Ice, L50|100/100\n|-ability|p1b: Calyrex|As One\n|-ability|p1b: Calyrex|Unnerve\n|turn|9\n|\n|t:|1773112353\n|move|p2a: Calyrex|Astral Barrage|p1b: Calyrex\n|-supereffective|p1b: Calyrex\n|-damage|p1b: Calyrex|1/100\n|move|p2b: Ogerpon|Ivy Cudgel|p1b: Calyrex|[anim] Ivy Cudgel Rock\n|-supereffective|p1b: Calyrex\n|-damage|p1b: Calyrex|0 fnt\n|faint|p1b: Calyrex\n|\n|win|g0dGun\n|raw|GucciSoup's rating: 1346 &rarr; <strong>1335</strong><br />(-11 for losing)\n|raw|g0dGun's rating: 1523 &rarr; <strong>1534</strong><br />(+11 for winning)\n|l|\u2606GucciSoup\n|player|p1|\n|l|\u2606g0dGun\n|player|p2|\n","uploadtime":1773112606,"views":14,"formatid":"gen9vgc2026regi","rating":1335,"private":0,"password":null}