{"id":"gen9vgc2026regi-2588877614","format":"[Gen 9] VGC 2026 Reg I","players":["Nahro1001","avarussurava"],"log":"|j|\u2606Nahro1001\n|j|\u2606avarussurava\n|t:|1776681517\n|gametype|doubles\n|player|p1|Nahro1001|266|1490\n|player|p2|avarussurava|170|1526\n|gen|9\n|tier|[Gen 9] VGC 2026 Reg I\n|rated|\n|rule|Species Clause: Limit one of each Pok\u00e9mon\n|rule|Item Clause: Limit 1 of each item\n|clearpoke\n|poke|p1|Zamazenta-*, L50|\n|poke|p1|Chien-Pao, L50|\n|poke|p1|Miraidon, L50|\n|poke|p1|Dragonite, L50, F|\n|poke|p1|Incineroar, L50, M|\n|poke|p1|Volcarona, L50, F|\n|poke|p2|Tyranitar, L50, F|\n|poke|p2|Kyogre, L50|\n|poke|p2|Zamazenta-*, L50|\n|poke|p2|Gastrodon, L50, F|\n|poke|p2|Sinistcha, L50|\n|poke|p2|Ceruledge, L50, F|\n|teampreview|4\n|\n|t:|1776681548\n|teamsize|p1|4\n|teamsize|p2|4\n|start\n|switch|p1a: Miranda|Miraidon, L50, shiny|100/100\n|switch|p1b: Chien-Paolo|Chien-Pao, L50, shiny|100/100\n|switch|p2a: Zamazenta|Zamazenta-Crowned, L50|100/100\n|switch|p2b: Ceruledge|Ceruledge, L50, F|100/100\n|-fieldstart|move: Electric Terrain|[from] ability: Hadron Engine|[of] p1a: Miranda\n|-ability|p1b: Chien-Paolo|Sword of Ruin\n|-ability|p2a: Zamazenta|Dauntless Shield|boost\n|-boost|p2a: Zamazenta|def|1\n|turn|1\n|inactive|Battle timer is ON: inactive players will automatically lose when time's up. (requested by Nahro1001)\n|inactive|Nahro1001 has 60 seconds left.\n|\n|t:|1776681584\n|-terastallize|p2a: Zamazenta|Ground\n|move|p1a: Miranda|Volt Switch|p2b: Ceruledge\n|-damage|p2b: Ceruledge|40/100\n|\n|t:|1776681589\n|switch|p1a: Zamazenta|Zamazenta-Crowned, L50, shiny|100/100|[from] Volt Switch\n|-ability|p1a: Zamazenta|Dauntless Shield|boost\n|-boost|p1a: Zamazenta|def|1\n|move|p1b: Chien-Paolo|Crunch|p2b: Ceruledge\n|-supereffective|p2b: Ceruledge\n|-damage|p2b: Ceruledge|0 fnt\n|faint|p2b: Ceruledge\n|move|p2a: Zamazenta|Body Press|p1a: Zamazenta\n|-supereffective|p1a: Zamazenta\n|-damage|p1a: Zamazenta|37/100\n|\n|upkeep\n|\n|t:|1776681601\n|switch|p2b: Gastrodon|Gastrodon, L50, F|100/100\n|turn|2\n|\n|t:|1776681619\n|move|p1a: Zamazenta|Wide Guard|p1a: Zamazenta\n|-singleturn|p1a: Zamazenta|Wide Guard\n|move|p1b: Chien-Paolo|Icicle Crash|p2a: Zamazenta\n|-supereffective|p2a: Zamazenta\n|-damage|p2a: Zamazenta|58/100\n|move|p2a: Zamazenta|Body Press|p1b: Chien-Paolo\n|-supereffective|p1b: Chien-Paolo\n|-enditem|p1b: Chien-Paolo|Focus Sash\n|-damage|p1b: Chien-Paolo|1/100\n|move|p2b: Gastrodon|Earth Power|p1a: Zamazenta\n|-supereffective|p1a: Zamazenta\n|-damage|p1a: Zamazenta|0 fnt\n|faint|p1a: Zamazenta\n|\n|upkeep\n|\n|t:|1776681633\n|switch|p1a: Dragonite|Dragonite, L50, F|100/100\n|turn|3\n|inactive|Nahro1001 has 30 seconds left.\n|\n|t:|1776681665\n|-terastallize|p1a: Dragonite|Normal\n|move|p1a: Dragonite|Extreme Speed|p2b: Gastrodon\n|-damage|p2b: Gastrodon|0 fnt\n|faint|p2b: Gastrodon\n|move|p1b: Chien-Paolo|Icicle Crash|p2a: Zamazenta\n|-supereffective|p2a: Zamazenta\n|-damage|p2a: Zamazenta|14/100\n|move|p2a: Zamazenta|Snarl|p1a: Dragonite|[spread] p1a,p1b\n|-resisted|p1b: Chien-Paolo\n|-damage|p1a: Dragonite|92/100\n|-damage|p1b: Chien-Paolo|0 fnt\n|-unboost|p1a: Dragonite|spa|1\n|faint|p1b: Chien-Paolo\n|\n|upkeep\n|\n|t:|1776681678\n|switch|p1b: Miranda|Miraidon, L50, shiny|100/100\n|switch|p2b: Tyranitar|Tyranitar, L50, F|100/100\n|-activate|p1b: Miranda|ability: Hadron Engine\n|-weather|Sandstorm|[from] ability: Sand Stream|[of] p2b: Tyranitar\n|turn|4\n|inactive|Nahro1001 has 30 seconds left.\n|inactive|Nahro1001 has 20 seconds left.\n|\n|t:|1776681717\n|move|p2a: Zamazenta|Wide Guard|p2a: Zamazenta\n|-singleturn|p2a: Zamazenta|Wide Guard\n|move|p1a: Dragonite|Extreme Speed|p2a: Zamazenta\n|-damage|p2a: Zamazenta|0 fnt\n|faint|p2a: Zamazenta\n|move|p1b: Miranda|Electro Drift|p2b: Tyranitar\n|-damage|p2b: Tyranitar|60/100\n|move|p2b: Tyranitar|Ice Punch|p1b: Miranda\n|-supereffective|p1b: Miranda\n|-damage|p1b: Miranda|50/100\n|\n|-weather|Sandstorm|[upkeep]\n|-damage|p1b: Miranda|44/100|[from] Sandstorm\n|-damage|p1a: Dragonite|86/100|[from] Sandstorm\n|upkeep\n|turn|5\n|\n|t:|1776681731\n|move|p1a: Dragonite|Extreme Speed|p2b: Tyranitar\n|-resisted|p2b: Tyranitar\n|-damage|p2b: Tyranitar|36/100\n|move|p1b: Miranda|Electro Drift|p2b: Tyranitar\n|-damage|p2b: Tyranitar|0 fnt\n|faint|p2b: Tyranitar\n|\n|win|Nahro1001\n|raw|Nahro1001's rating: 1490 &rarr; <strong>1512</strong><br />(+22 for winning)\n|raw|avarussurava's rating: 1526 &rarr; <strong>1504</strong><br />(-22 for losing)\n|l|\u2606avarussurava\n|player|p2|\n|l|\u2606Nahro1001\n|player|p1|\n","uploadtime":1776681878,"views":9,"formatid":"gen9vgc2026regi","rating":1504,"private":0,"password":null}