{"id":"gen9vgc2026regi-2560219165","format":"[Gen 9] VGC 2026 Reg I","players":["palHunter","dasabe\u76d6\u6b27\u5361\u4fa0"],"log":"|j|\u2606palHunter\n|j|\u2606dasabe\u76d6\u6b27\u5361\u4fa0\n|t:|1773667511\n|gametype|doubles\n|player|p1|palHunter|dawn|1474\n|player|p2|dasabe\u76d6\u6b27\u5361\u4fa0|may-masters4|1563\n|gen|9\n|tier|[Gen 9] VGC 2026 Reg I\n|rated|\n|rule|Species Clause: Limit one of each Pok\u00e9mon\n|rule|Item Clause: Limit 1 of each item\n|clearpoke\n|poke|p1|Miraidon, L50|\n|poke|p1|Farigiraf, L50, M|\n|poke|p1|Calyrex-Ice, L50|\n|poke|p1|Urshifu-*, L50, M|\n|poke|p1|Incineroar, L50, F|\n|poke|p1|Landorus, L50, M|\n|poke|p2|Calyrex-Shadow, L50|\n|poke|p2|Koraidon, L50|\n|poke|p2|Chi-Yu, L50|\n|poke|p2|Tornadus, L50, M|\n|poke|p2|Indeedee-F, L50, F|\n|poke|p2|Smeargle, L50, F|\n|teampreview|4\n|inactive|Battle timer is ON: inactive players will automatically lose when time's up. (requested by palHunter)\n|\n|t:|1773667547\n|teamsize|p1|4\n|teamsize|p2|4\n|start\n|switch|p1a: Miraidon|Miraidon, L50, shiny|100/100\n|switch|p1b: Farigiraf|Farigiraf, L50, M, shiny|100/100\n|switch|p2a: \u9a6c\u6b7b\u4e86|Calyrex-Shadow, L50|100/100\n|switch|p2b: \u5c0f\u7b14\u7ea2\u80bf|Smeargle, L50, F, shiny|100/100\n|-ability|p2a: \u9a6c\u6b7b\u4e86|As One\n|-ability|p2a: \u9a6c\u6b7b\u4e86|Unnerve\n|-fieldstart|move: Electric Terrain|[from] ability: Hadron Engine|[of] p1a: Miraidon\n|-enditem|p1b: Farigiraf|Electric Seed\n|-boost|p1b: Farigiraf|def|1|[from] item: Electric Seed\n|turn|1\n|j| margival\n|\n|t:|1773667555\n|switch|p2b: \u4f8d\u7684\u6211\u7231\u5bfc\u7ba1|Indeedee-F, L50, F, shiny|100/100\n|-fieldstart|move: Psychic Terrain|[from] ability: Psychic Surge|[of] p2b: \u4f8d\u7684\u6211\u7231\u5bfc\u7ba1\n|move|p1a: Miraidon|Snarl|p2a: \u9a6c\u6b7b\u4e86|[spread] p2b\n|-miss|p1a: Miraidon|p2a: \u9a6c\u6b7b\u4e86\n|-supereffective|p2b: \u4f8d\u7684\u6211\u7231\u5bfc\u7ba1\n|-damage|p2b: \u4f8d\u7684\u6211\u7231\u5bfc\u7ba1|70/100\n|-unboost|p2b: \u4f8d\u7684\u6211\u7231\u5bfc\u7ba1|spa|1\n|-enditem|p2b: \u4f8d\u7684\u6211\u7231\u5bfc\u7ba1|Eject Button\n|\n|t:|1773667562\n|switch|p2b: \u5c0f\u7b14\u7ea2\u80bf|Smeargle, L50, F, shiny|100/100\n|move|p2a: \u9a6c\u6b7b\u4e86|Pollen Puff|p1b: Farigiraf\n|-supereffective|p1b: Farigiraf\n|-damage|p1b: Farigiraf|0 fnt\n|faint|p1b: Farigiraf\n|-ability|p2a: \u9a6c\u6b7b\u4e86|Grim Neigh|boost\n|-boost|p2a: \u9a6c\u6b7b\u4e86|spa|1\n|\n|-ability|p2b: \u5c0f\u7b14\u7ea2\u80bf|Moody|boost\n|-boost|p2b: \u5c0f\u7b14\u7ea2\u80bf|spd|2\n|-unboost|p2b: \u5c0f\u7b14\u7ea2\u80bf|def|1\n|upkeep\n|\n|t:|1773667578\n|switch|p1b: Incineroar|Incineroar, L50, F, shiny|100/100\n|-ability|p1b: Incineroar|Intimidate|boost\n|-unboost|p2a: \u9a6c\u6b7b\u4e86|atk|1\n|-unboost|p2b: \u5c0f\u7b14\u7ea2\u80bf|atk|1\n|turn|2\n|\n|t:|1773667588\n|move|p1a: Miraidon|Snarl|p2b: \u5c0f\u7b14\u7ea2\u80bf|[spread] p2a,p2b\n|-supereffective|p2a: \u9a6c\u6b7b\u4e86\n|-damage|p2a: \u9a6c\u6b7b\u4e86|30/100\n|-damage|p2b: \u5c0f\u7b14\u7ea2\u80bf|85/100\n|-unboost|p2a: \u9a6c\u6b7b\u4e86|spa|1\n|-unboost|p2b: \u5c0f\u7b14\u7ea2\u80bf|spa|1\n|move|p2a: \u9a6c\u6b7b\u4e86|Pollen Puff|p1a: Miraidon\n|-damage|p1a: Miraidon|50/100\n|move|p2b: \u5c0f\u7b14\u7ea2\u80bf|Spore|p1b: Incineroar\n|-status|p1b: Incineroar|slp|[from] move: Spore\n|cant|p1b: Incineroar|slp\n|\n|-ability|p2b: \u5c0f\u7b14\u7ea2\u80bf|Moody|boost\n|-boost|p2b: \u5c0f\u7b14\u7ea2\u80bf|spe|2\n|-unboost|p2b: \u5c0f\u7b14\u7ea2\u80bf|def|1\n|upkeep\n|turn|3\n|inactive|palHunter has 30 seconds left.\n|\n|t:|1773667615\n|move|p2b: \u5c0f\u7b14\u7ea2\u80bf|Wide Guard|p2b: \u5c0f\u7b14\u7ea2\u80bf\n|-singleturn|p2b: \u5c0f\u7b14\u7ea2\u80bf|Wide Guard\n|move|p1a: Miraidon|Snarl|p2a: \u9a6c\u6b7b\u4e86|[spread] \n|-activate|p2a: \u9a6c\u6b7b\u4e86|move: Wide Guard\n|-activate|p2b: \u5c0f\u7b14\u7ea2\u80bf|move: Wide Guard\n|move|p2a: \u9a6c\u6b7b\u4e86|Pollen Puff|p1a: Miraidon\n|-damage|p1a: Miraidon|0 fnt\n|faint|p1a: Miraidon\n|-ability|p2a: \u9a6c\u6b7b\u4e86|Grim Neigh|boost\n|-boost|p2a: \u9a6c\u6b7b\u4e86|spa|1\n|cant|p1b: Incineroar|slp\n|\n|-ability|p2b: \u5c0f\u7b14\u7ea2\u80bf|Moody|boost\n|-boost|p2b: \u5c0f\u7b14\u7ea2\u80bf|spe|2\n|-unboost|p2b: \u5c0f\u7b14\u7ea2\u80bf|def|1\n|upkeep\n|\n|t:|1773667635\n|switch|p1a: Calyrex|Calyrex-Ice, L50|100/100\n|-ability|p1a: Calyrex|As One\n|-ability|p1a: Calyrex|Unnerve\n|turn|4\n|\n|t:|1773667643\n|move|p1a: Calyrex|Protect|p1a: Calyrex\n|-singleturn|p1a: Calyrex|Protect\n|move|p2b: \u5c0f\u7b14\u7ea2\u80bf|Spore|p1a: Calyrex\n|-activate|p1a: Calyrex|move: Protect\n|move|p2a: \u9a6c\u6b7b\u4e86|Pollen Puff|p1b: Incineroar\n|-damage|p1b: Incineroar|47/100 slp\n|cant|p1b: Incineroar|slp\n|\n|-ability|p2b: \u5c0f\u7b14\u7ea2\u80bf|Moody|boost\n|-boost|p2b: \u5c0f\u7b14\u7ea2\u80bf|spe|2\n|-unboost|p2b: \u5c0f\u7b14\u7ea2\u80bf|spa|1\n|upkeep\n|turn|5\n|-message|palHunter forfeited.\n|\n|win|dasabe\u76d6\u6b27\u5361\u4fa0\n|raw|palHunter's rating: 1474 &rarr; <strong>1459</strong><br />(-15 for losing)\n|raw|dasabe\u76d6\u6b27\u5361\u4fa0's rating: 1563 &rarr; <strong>1578</strong><br />(+15 for winning)\n|l|\u2606palHunter\n|player|p1|\n|l| margival\n|l|\u2606dasabe\u76d6\u6b27\u5361\u4fa0\n|player|p2|\n","uploadtime":1773667877,"views":13,"formatid":"gen9vgc2026regi","rating":1459,"private":0,"password":null}