{"id":"gen9vgc2026regi-2520682392","format":"[Gen 9] VGC 2026 Reg I","players":["Rillabossman","j0l0k0"],"log":"|j|\u2606Rillabossman\n|j|\u2606j0l0k0\n|t:|1768670782\n|gametype|doubles\n|player|p1|Rillabossman|burglar|1368\n|player|p2|j0l0k0|brycen|1394\n|gen|9\n|tier|[Gen 9] VGC 2026 Reg I\n|rated|\n|rule|Species Clause: Limit one of each Pok\u00e9mon\n|rule|Item Clause: Limit 1 of each item\n|clearpoke\n|poke|p1|Zacian-*, L50|\n|poke|p1|Kyogre, L50|\n|poke|p1|Tornadus, L50, M|\n|poke|p1|Incineroar, L50, F|\n|poke|p1|Amoonguss, L50, F|\n|poke|p1|Urshifu-*, L50, M|\n|poke|p2|Calyrex-Ice, L50|\n|poke|p2|Kyogre, L50|\n|poke|p2|Indeedee-F, L50, F|\n|poke|p2|Urshifu-*, L50, F|\n|poke|p2|Amoonguss, L50, F|\n|poke|p2|Landorus, L50, M|\n|teampreview|4\n|inactive|Battle timer is ON: inactive players will automatically lose when time's up. (requested by j0l0k0)\n|c|\u2606Rillabossman|glhf\n|c|\u2606j0l0k0|u2\n|\n|t:|1768670802\n|teamsize|p1|4\n|teamsize|p2|4\n|start\n|switch|p1a: Kyogre|Kyogre, L50|100/100\n|switch|p1b: Amoonguss|Amoonguss, L50, F, shiny|100/100\n|switch|p2a: Kyogre|Kyogre, L50, shiny|100/100\n|switch|p2b: Landorus|Landorus, L50, M, shiny|100/100\n|-weather|RainDance|[from] ability: Drizzle|[of] p1a: Kyogre\n|turn|1\n|\n|t:|1768670823\n|-terastallize|p1a: Kyogre|Water\n|-terastallize|p2a: Kyogre|Grass\n|move|p2b: Landorus|Protect|p2b: Landorus\n|-singleturn|p2b: Landorus|Protect\n|move|p1a: Kyogre|Water Spout|p2b: Landorus|[spread] p2a\n|-activate|p2b: Landorus|move: Protect\n|-resisted|p2a: Kyogre\n|-damage|p2a: Kyogre|61/100\n|move|p2a: Kyogre|Thunder|p1a: Kyogre\n|-supereffective|p1a: Kyogre\n|-damage|p1a: Kyogre|34/100\n|move|p1b: Amoonguss|Spore|p2a: Kyogre\n|-immune|p2a: Kyogre\n|\n|-weather|RainDance|[upkeep]\n|upkeep\n|turn|2\n|inactive|j0l0k0 has 30 seconds left.\n|inactive|j0l0k0 has 20 seconds left.\n|\n|t:|1768670862\n|move|p1a: Kyogre|Protect|p1a: Kyogre\n|-singleturn|p1a: Kyogre|Protect\n|move|p2a: Kyogre|Thunder|p1a: Kyogre\n|-activate|p1a: Kyogre|move: Protect\n|move|p2b: Landorus|Sludge Bomb|p1b: Amoonguss\n|-damage|p1b: Amoonguss|55/100\n|move|p1b: Amoonguss|Spore|p2b: Landorus\n|-status|p2b: Landorus|slp|[from] move: Spore\n|\n|-weather|RainDance|[upkeep]\n|upkeep\n|turn|3\n|\n|t:|1768670881\n|cant|p2b: Landorus|slp\n|move|p1a: Kyogre|Origin Pulse|p2a: Kyogre|[spread] p2a,p2b\n|-resisted|p2a: Kyogre\n|-supereffective|p2b: Landorus\n|-damage|p2a: Kyogre|36/100\n|-damage|p2b: Landorus|0 fnt\n|faint|p2b: Landorus\n|move|p2a: Kyogre|Thunder|p1a: Kyogre\n|-supereffective|p1a: Kyogre\n|-damage|p1a: Kyogre|0 fnt\n|faint|p1a: Kyogre\n|move|p1b: Amoonguss|Pollen Puff|p2a: Kyogre\n|-supereffective|p2a: Kyogre\n|-damage|p2a: Kyogre|19/100\n|\n|-weather|RainDance|[upkeep]\n|upkeep\n|\n|t:|1768670899\n|switch|p1a: Zacian|Zacian-Crowned, L50|100/100\n|switch|p2b: Calyrex|Calyrex-Ice, L50|100/100\n|-ability|p2b: Calyrex|As One\n|-ability|p2b: Calyrex|Unnerve\n|-ability|p1a: Zacian|Intrepid Sword|boost\n|-boost|p1a: Zacian|atk|1\n|turn|4\n|inactive|Rillabossman has 30 seconds left.\n|j| here's where king!\n|inactive|Rillabossman has 20 seconds left.\n|inactive|Rillabossman has 15 seconds left.\n|inactive|Rillabossman has 10 seconds left.\n|\n|t:|1768670945\n|move|p1a: Zacian|Behemoth Blade|p2b: Calyrex\n|-supereffective|p2b: Calyrex\n|-damage|p2b: Calyrex|0 fnt\n|faint|p2b: Calyrex\n|move|p2a: Kyogre|Hydro Pump|p1a: Zacian\n|-damage|p1a: Zacian|12/100\n|move|p1b: Amoonguss|Pollen Puff|p1a: Zacian\n|-heal|p1a: Zacian|62/100\n|\n|-weather|RainDance|[upkeep]\n|upkeep\n|\n|t:|1768670956\n|switch|p2b: Urshifu|Urshifu, L50, F|100/100\n|turn|5\n|\n|t:|1768670969\n|move|p1b: Amoonguss|Rage Powder|p1b: Amoonguss\n|-singleturn|p1b: Amoonguss|move: Rage Powder\n|move|p1a: Zacian|Behemoth Blade|p2a: Kyogre\n|-crit|p2a: Kyogre\n|-damage|p2a: Kyogre|0 fnt\n|faint|p2a: Kyogre\n|move|p2b: Urshifu|Close Combat|p1b: Amoonguss\n|-resisted|p1b: Amoonguss\n|-damage|p1b: Amoonguss|28/100\n|-unboost|p2b: Urshifu|def|1\n|-unboost|p2b: Urshifu|spd|1\n|-damage|p2b: Urshifu|84/100|[from] item: Rocky Helmet|[of] p1b: Amoonguss\n|\n|-weather|none\n|upkeep\n|turn|6\n|\n|t:|1768670981\n|move|p1b: Amoonguss|Rage Powder|p1b: Amoonguss\n|-singleturn|p1b: Amoonguss|move: Rage Powder\n|move|p1a: Zacian|Behemoth Blade|p2b: Urshifu\n|-crit|p2b: Urshifu\n|-damage|p2b: Urshifu|0 fnt\n|faint|p2b: Urshifu\n|\n|win|Rillabossman\n|raw|Rillabossman's rating: 1368 &rarr; <strong>1389</strong><br />(+21 for winning)\n|raw|j0l0k0's rating: 1394 &rarr; <strong>1373</strong><br />(-21 for losing)\n|c|\u2606Rillabossman|gg\n|l|\u2606j0l0k0\n|player|p2|\n|l|\u2606Rillabossman\n|player|p1|\n|l| here's where king!\n","uploadtime":1768671245,"views":19,"formatid":"gen9vgc2026regi","rating":1373,"private":0,"password":null}