{"id":"gen9vgc2026regi-2562404394","format":"[Gen 9] VGC 2026 Reg I","players":["slimeslatt252","Maggoroni"],"log":"|j|\u2606slimeslatt252\n|j|\u2606Maggoroni\n|t:|1773911962\n|gametype|doubles\n|player|p1|slimeslatt252|169|1457\n|player|p2|Maggoroni|2|1336\n|gen|9\n|tier|[Gen 9] VGC 2026 Reg I\n|rated|\n|rule|Species Clause: Limit one of each Pok\u00e9mon\n|rule|Item Clause: Limit 1 of each item\n|clearpoke\n|poke|p1|Calyrex-Shadow, L50|\n|poke|p1|Koraidon, L50|\n|poke|p1|Incineroar, L50, M|\n|poke|p1|Raging Bolt, L50|\n|poke|p1|Brute Bonnet, L50|\n|poke|p1|Landorus, L50, M|\n|poke|p2|Pelipper, L50, M|\n|poke|p2|Landorus, L50, M|\n|poke|p2|Miraidon, L50|\n|poke|p2|Ogerpon-Wellspring, L50, F|\n|poke|p2|Incineroar, L50, F|\n|poke|p2|Zamazenta-*, L50|\n|teampreview|4\n|inactive|Battle timer is ON: inactive players will automatically lose when time's up. (requested by slimeslatt252)\n|\n|t:|1773911984\n|teamsize|p1|4\n|teamsize|p2|4\n|start\n|switch|p1a: raging dingus|Raging Bolt, L50|100/100\n|switch|p1b: Calyrex|Calyrex-Shadow, L50|100/100\n|switch|p2a: Incineroar|Incineroar, L50, F|100/100\n|switch|p2b: Miraidon|Miraidon, L50|100/100\n|-ability|p1b: Calyrex|As One\n|-ability|p1b: Calyrex|Unnerve\n|-fieldstart|move: Electric Terrain|[from] ability: Hadron Engine|[of] p2b: Miraidon\n|-ability|p2a: Incineroar|Intimidate|boost\n|-unboost|p1a: raging dingus|atk|1\n|-unboost|p1b: Calyrex|atk|1\n|turn|1\n|\n|t:|1773912009\n|-terastallize|p1a: raging dingus|Electric\n|move|p2b: Miraidon|Volt Switch|p1b: Calyrex\n|-damage|p1b: Calyrex|35/100\n|\n|t:|1773912019\n|switch|p2b: Landorus|Landorus, L50, M|100/100|[from] Volt Switch\n|move|p1b: Calyrex|Astral Barrage|p2a: Incineroar|[spread] p2a,p2b\n|-resisted|p2a: Incineroar\n|-damage|p2a: Incineroar|78/100\n|-damage|p2b: Landorus|34/100\n|move|p1a: raging dingus|Volt Switch|p2a: Incineroar\n|-damage|p2a: Incineroar|20/100\n|\n|t:|1773912032\n|-end|p1a: raging dingus|Protosynthesis|[silent]\n|switch|p1a: Koraidon|Koraidon, L50|100/100|[from] Volt Switch\n|-weather|SunnyDay|[from] ability: Orichalcum Pulse|[of] p1a: Koraidon\n|-activate|p1a: Koraidon|Orichalcum Pulse|[source]\n|move|p2a: Incineroar|Knock Off|p1b: Calyrex\n|-supereffective|p1b: Calyrex\n|-damage|p1b: Calyrex|0 fnt\n|-enditem|p1b: Calyrex|Focus Sash|[from] move: Knock Off|[of] p2a: Incineroar\n|-enditem|p2a: Incineroar|Sitrus Berry|[eat]\n|-heal|p2a: Incineroar|44/100|[from] item: Sitrus Berry\n|faint|p1b: Calyrex\n|\n|-weather|SunnyDay|[upkeep]\n|upkeep\n|\n|t:|1773912049\n|switch|p1b: raging dingus|Raging Bolt, L50, tera:Electric|100/100\n|-activate|p1b: raging dingus|ability: Protosynthesis\n|-start|p1b: raging dingus|protosynthesisspa\n|turn|2\n|\n|t:|1773912064\n|switch|p2a: Pelipper|Pelipper, L50, M|100/100\n|-weather|RainDance|[from] ability: Drizzle|[of] p2a: Pelipper\n|-end|p1b: raging dingus|Protosynthesis\n|move|p1a: Koraidon|Flame Charge|p2b: Landorus\n|-damage|p2b: Landorus|25/100\n|-boost|p1a: Koraidon|spe|1\n|move|p2b: Landorus|Sandsear Storm|p1b: raging dingus|[spread] p1a,p1b\n|-supereffective|p1b: raging dingus\n|-damage|p1a: Koraidon|44/100\n|-damage|p1b: raging dingus|22/100\n|move|p1b: raging dingus|Thunderbolt|p2a: Pelipper\n|-supereffective|p2a: Pelipper\n|-damage|p2a: Pelipper|0 fnt\n|faint|p2a: Pelipper\n|\n|-weather|RainDance|[upkeep]\n|upkeep\n|\n|t:|1773912080\n|switch|p2a: Miraidon|Miraidon, L50|100/100\n|-activate|p2a: Miraidon|ability: Hadron Engine\n|turn|3\n|inactive|Maggoroni has 30 seconds left.\n|\n|t:|1773912106\n|switch|p1a: Landorus|Landorus, L50, M|100/100\n|move|p2b: Landorus|Protect|p2b: Landorus\n|-singleturn|p2b: Landorus|Protect\n|move|p1b: raging dingus|Thunderclap|p2a: Miraidon\n|-resisted|p2a: Miraidon\n|-damage|p2a: Miraidon|85/100\n|move|p2a: Miraidon|Dazzling Gleam|p1b: raging dingus|[spread] p1a,p1b\n|-damage|p1a: Landorus|72/100\n|-damage|p1b: raging dingus|3/100\n|\n|-weather|RainDance|[upkeep]\n|upkeep\n|turn|4\n|inactive|slimeslatt252 has 30 seconds left.\n|inactive|Maggoroni has 30 seconds left.\n|inactive|slimeslatt252 has 20 seconds left.\n|inactive|slimeslatt252 has 15 seconds left.\n|\n|t:|1773912150\n|switch|p2a: Incineroar|Incineroar, L50, F|44/100\n|-ability|p2a: Incineroar|Intimidate|boost\n|-unboost|p1a: Landorus|atk|1\n|-unboost|p1b: raging dingus|atk|1\n|move|p1b: raging dingus|Thunderclap||[still]\n|-fail|p1b: raging dingus\n|move|p2b: Landorus|Sludge Bomb|p1a: Landorus\n|-resisted|p1a: Landorus\n|-damage|p1a: Landorus|47/100\n|move|p1a: Landorus|Earth Power|p2a: Incineroar\n|-supereffective|p2a: Incineroar\n|-damage|p2a: Incineroar|0 fnt\n|faint|p2a: Incineroar\n|\n|-weather|RainDance|[upkeep]\n|upkeep\n|\n|t:|1773912162\n|switch|p2a: Miraidon|Miraidon, L50|85/100\n|-activate|p2a: Miraidon|ability: Hadron Engine\n|turn|5\n|\n|t:|1773912183\n|switch|p1a: Koraidon|Koraidon, L50|44/100\n|-weather|SunnyDay|[from] ability: Orichalcum Pulse|[of] p1a: Koraidon\n|-activate|p1b: raging dingus|ability: Protosynthesis\n|-start|p1b: raging dingus|protosynthesisspa\n|-activate|p1a: Koraidon|Orichalcum Pulse|[source]\n|-terastallize|p2b: Landorus|Poison\n|move|p1b: raging dingus|Thunderclap|p2a: Miraidon\n|-resisted|p2a: Miraidon\n|-damage|p2a: Miraidon|68/100\n|move|p2a: Miraidon|Dazzling Gleam|p1a: Koraidon|[spread] p1a,p1b\n|-supereffective|p1a: Koraidon\n|-damage|p1a: Koraidon|0 fnt\n|-damage|p1b: raging dingus|0 fnt\n|faint|p1a: Koraidon\n|faint|p1b: raging dingus\n|-end|p1b: raging dingus|Protosynthesis|[silent]\n|move|p2b: Landorus|Sludge Bomb|p1: Koraidon|[notarget]\n|-fail|p2b: Landorus\n|\n|-weather|SunnyDay|[upkeep]\n|-fieldend|move: Electric Terrain\n|upkeep\n|\n|t:|1773912197\n|switch|p1b: Landorus|Landorus, L50, M|47/100\n|turn|6\n|\n|t:|1773912202\n|move|p2a: Miraidon|Dazzling Gleam|p1b: Landorus\n|-damage|p1b: Landorus|21/100\n|move|p2b: Landorus|Sludge Bomb|p1b: Landorus\n|-resisted|p1b: Landorus\n|-damage|p1b: Landorus|0 fnt\n|faint|p1b: Landorus\n|\n|win|Maggoroni\n|raw|slimeslatt252's rating: 1457 &rarr; <strong>1430</strong><br />(-27 for losing)\n|raw|Maggoroni's rating: 1336 &rarr; <strong>1363</strong><br />(+27 for winning)\n|l|\u2606Maggoroni\n|player|p2|\n|l|\u2606slimeslatt252\n|player|p1|\n","uploadtime":1773912396,"views":10,"formatid":"gen9vgc2026regi","rating":1363,"private":0,"password":null}