{"id":"gen9vgc2026regi-2534673929","format":"[Gen 9] VGC 2026 Reg I","players":["Nicemoon","fogdocker"],"log":"|j|\u2606Nicemoon\n|j|\u2606fogdocker\n|t:|1770458926\n|gametype|doubles\n|player|p1|Nicemoon|265|1438\n|player|p2|fogdocker|101|1414\n|gen|9\n|tier|[Gen 9] VGC 2026 Reg I\n|rated|\n|rule|Species Clause: Limit one of each Pok\u00e9mon\n|rule|Item Clause: Limit 1 of each item\n|clearpoke\n|poke|p1|Landorus, L50, M|\n|poke|p1|Miraidon, L50|\n|poke|p1|Calyrex-Ice, L50|\n|poke|p1|Incineroar, L50, F|\n|poke|p1|Ditto, L50|\n|poke|p1|Smeargle, L50, M|\n|poke|p2|Terapagos, L50, M|\n|poke|p2|Koraidon, L50|\n|poke|p2|Flutter Mane, L50|\n|poke|p2|Rillaboom, L50, M|\n|poke|p2|Incineroar, L50, M|\n|poke|p2|Volcarona, L50, M|\n|teampreview|4\n|\n|t:|1770458958\n|teamsize|p1|4\n|teamsize|p2|4\n|start\n|switch|p1a: Smeargle|Smeargle, L50, M|100/100\n|switch|p1b: Calyrex|Calyrex-Ice, L50|100/100\n|switch|p2a: Rillaboom|Rillaboom, L50, M|100/100\n|switch|p2b: Koraidon|Koraidon, L50|100/100\n|-ability|p1b: Calyrex|As One\n|-ability|p1b: Calyrex|Unnerve\n|-weather|SunnyDay|[from] ability: Orichalcum Pulse|[of] p2b: Koraidon\n|-activate|p2b: Koraidon|Orichalcum Pulse|[source]\n|-fieldstart|move: Grassy Terrain|[from] ability: Grassy Surge|[of] p2a: Rillaboom\n|turn|1\n|\n|t:|1770459000\n|switch|p2a: Incineroar|Incineroar, L50, M|100/100\n|-ability|p2a: Incineroar|Intimidate|boost\n|-fail|p1a: Smeargle|unboost|Attack|[from] ability: Own Tempo|[of] p1a: Smeargle\n|-fail|p1b: Calyrex|unboost|[from] item: Clear Amulet|[of] p1b: Calyrex\n|-terastallize|p1a: Smeargle|Ghost\n|move|p2b: Koraidon|Protect|p2b: Koraidon\n|-singleturn|p2b: Koraidon|Protect\n|move|p1a: Smeargle|Fake Out|p2b: Koraidon\n|-activate|p2b: Koraidon|move: Protect\n|move|p1b: Calyrex|Glacial Lance|p2b: Koraidon|[spread] p2a\n|-activate|p2b: Koraidon|move: Protect\n|-resisted|p2a: Incineroar\n|-damage|p2a: Incineroar|82/100\n|\n|-weather|SunnyDay|[upkeep]\n|-heal|p2a: Incineroar|88/100|[from] Grassy Terrain\n|upkeep\n|turn|2\n|\n|t:|1770459028\n|switch|p2b: Rillaboom|Rillaboom, L50, M|100/100\n|move|p1b: Calyrex|Protect|p1b: Calyrex\n|-singleturn|p1b: Calyrex|Protect\n|move|p1a: Smeargle|Spore|p2b: Rillaboom\n|-immune|p2b: Rillaboom\n|move|p2a: Incineroar|Knock Off|p1a: Smeargle\n|-supereffective|p1a: Smeargle\n|-crit|p1a: Smeargle\n|-enditem|p1a: Smeargle|Focus Sash\n|-damage|p1a: Smeargle|1/100\n|\n|-weather|SunnyDay|[upkeep]\n|-heal|p1a: Smeargle|7/100|[from] Grassy Terrain\n|-heal|p2a: Incineroar|94/100|[from] Grassy Terrain\n|upkeep\n|turn|3\n|\n|t:|1770459063\n|switch|p1a: Miraidon|Miraidon, L50|100/100\n|-fieldstart|move: Electric Terrain|[from] ability: Hadron Engine|[of] p1a: Miraidon\n|switch|p1b: Ditto|Ditto, L50|100/100\n|-transform|p1b: Ditto|p2a: Incineroar|[from] ability: Imposter\n|-ability|p1b: Ditto|Intimidate|boost\n|-unboost|p2a: Incineroar|atk|1\n|-unboost|p2b: Rillaboom|atk|1\n|move|p2b: Rillaboom|Fake Out|p1b: Ditto\n|-damage|p1b: Ditto|92/100\n|move|p2a: Incineroar|Taunt|p1a: Miraidon\n|-start|p1a: Miraidon|move: Taunt\n|\n|-weather|SunnyDay|[upkeep]\n|upkeep\n|turn|4\n|\n|t:|1770459098\n|switch|p2a: Terapagos|Terapagos, L50, M|100/100\n|-activate|p2a: Terapagos|ability: Tera Shift\n|detailschange|p2a: Terapagos|Terapagos-Terastal, L50, M\n|-heal|p2a: Terapagos|100/100|[silent]\n|move|p1a: Miraidon|Volt Switch|p2a: Terapagos\n|-activate|p2a: Terapagos|ability: Tera Shell\n|-resisted|p2a: Terapagos\n|-damage|p2a: Terapagos|55/100\n|\n|t:|1770459109\n|switch|p1a: Calyrex|Calyrex-Ice, L50|100/100|[from] Volt Switch\n|-ability|p1a: Calyrex|As One\n|-ability|p1a: Calyrex|Unnerve\n|move|p2b: Rillaboom|U-turn|p1a: Calyrex\n|-supereffective|p1a: Calyrex\n|-damage|p1a: Calyrex|82/100\n|\n|t:|1770459120\n|switch|p2b: Koraidon|Koraidon, L50|100/100|[from] U-turn\n|-activate|p2b: Koraidon|ability: Orichalcum Pulse\n|move|p1b: Ditto|Parting Shot|p2b: Koraidon\n|-unboost|p2b: Koraidon|atk|1\n|-unboost|p2b: Koraidon|spa|1\n|\n|t:|1770459137\n|switch|p1b: Smeargle|Smeargle, L50, M, tera:Ghost|7/100|[from] Parting Shot\n|\n|-weather|SunnyDay|[upkeep]\n|-heal|p2a: Terapagos|61/100|[from] item: Leftovers\n|upkeep\n|turn|5\n|\n|t:|1770459153\n|switch|p2b: Incineroar|Incineroar, L50, M|94/100\n|-ability|p2b: Incineroar|Intimidate|boost\n|-fail|p1a: Calyrex|unboost|[from] item: Clear Amulet|[of] p1a: Calyrex\n|-fail|p1b: Smeargle|unboost|Attack|[from] ability: Own Tempo|[of] p1b: Smeargle\n|move|p1b: Smeargle|Decorate|p1a: Calyrex\n|-boost|p1a: Calyrex|atk|2\n|-boost|p1a: Calyrex|spa|2\n|move|p2a: Terapagos|Calm Mind|p2a: Terapagos\n|-boost|p2a: Terapagos|spa|1\n|-boost|p2a: Terapagos|spd|1\n|move|p1a: Calyrex|Glacial Lance|p2a: Terapagos|[spread] p2a,p2b\n|-crit|p2a: Terapagos\n|-resisted|p2b: Incineroar\n|-damage|p2a: Terapagos|0 fnt\n|-damage|p2b: Incineroar|57/100\n|faint|p2a: Terapagos\n|-ability|p1a: Calyrex|Chilling Neigh|boost\n|-boost|p1a: Calyrex|atk|1\n|\n|-weather|none\n|upkeep\n|\n|t:|1770459165\n|switch|p2a: Koraidon|Koraidon, L50|100/100\n|-weather|SunnyDay|[from] ability: Orichalcum Pulse|[of] p2a: Koraidon\n|-activate|p2a: Koraidon|Orichalcum Pulse|[source]\n|turn|6\n|\n|t:|1770459176\n|switch|p1b: Ditto|Ditto, L50|92/100\n|-transform|p1b: Ditto|p2a: Koraidon|[from] ability: Imposter\n|-activate|p1b: Ditto|ability: Orichalcum Pulse\n|move|p1a: Calyrex|Protect|p1a: Calyrex\n|-singleturn|p1a: Calyrex|Protect\n|move|p2b: Incineroar|Fake Out|p1a: Calyrex\n|-activate|p1a: Calyrex|move: Protect\n|move|p2a: Koraidon|Flame Charge|p1b: Ditto\n|-resisted|p1b: Ditto\n|-damage|p1b: Ditto|70/100\n|-boost|p2a: Koraidon|spe|1\n|-damage|p2a: Koraidon|91/100|[from] item: Life Orb\n|\n|-weather|SunnyDay|[upkeep]\n|upkeep\n|turn|7\n|\n|t:|1770459201\n|switch|p2b: Rillaboom|Rillaboom, L50, M|100/100\n|-fieldstart|move: Grassy Terrain|[from] ability: Grassy Surge|[of] p2b: Rillaboom\n|-terastallize|p2a: Koraidon|Fire\n|move|p2a: Koraidon|Flare Blitz|p1a: Calyrex\n|-supereffective|p1a: Calyrex\n|-damage|p1a: Calyrex|0 fnt\n|faint|p1a: Calyrex\n|-damage|p2a: Koraidon|59/100|[from] Recoil\n|-damage|p2a: Koraidon|50/100|[from] item: Life Orb\n|move|p1b: Ditto|Close Combat|p2b: Rillaboom\n|-damage|p2b: Rillaboom|14/100\n|-unboost|p1b: Ditto|def|1\n|-unboost|p1b: Ditto|spd|1\n|\n|-weather|SunnyDay|[upkeep]\n|-heal|p2a: Koraidon|55/100|[from] Grassy Terrain\n|-heal|p1b: Ditto|75/100|[from] Grassy Terrain\n|-heal|p2b: Rillaboom|19/100|[from] Grassy Terrain\n|upkeep\n|\n|t:|1770459224\n|switch|p1a: Smeargle|Smeargle, L50, M, tera:Ghost|7/100\n|turn|8\n|\n|t:|1770459259\n|switch|p2b: Incineroar|Incineroar, L50, M|57/100\n|-ability|p2b: Incineroar|Intimidate|boost\n|-fail|p1a: Smeargle|unboost|Attack|[from] ability: Own Tempo|[of] p1a: Smeargle\n|-unboost|p1b: Ditto|atk|1\n|move|p2a: Koraidon|Protect|p2a: Koraidon\n|-singleturn|p2a: Koraidon|Protect\n|move|p1a: Smeargle|Fake Out|p2a: Koraidon\n|-activate|p2a: Koraidon|move: Protect\n|move|p1b: Ditto|Flame Charge|p2b: Incineroar\n|-resisted|p2b: Incineroar\n|-damage|p2b: Incineroar|49/100\n|-boost|p1b: Ditto|spe|1\n|\n|-weather|SunnyDay|[upkeep]\n|-heal|p1b: Ditto|81/100|[from] Grassy Terrain\n|-heal|p2a: Koraidon|61/100|[from] Grassy Terrain\n|-heal|p1a: Smeargle|14/100|[from] Grassy Terrain\n|-heal|p2b: Incineroar|55/100|[from] Grassy Terrain\n|upkeep\n|turn|9\n|\n|t:|1770459327\n|switch|p1b: Miraidon|Miraidon, L50|100/100\n|-fieldstart|move: Electric Terrain|[from] ability: Hadron Engine|[of] p1b: Miraidon\n|move|p2b: Incineroar|Fake Out|p1b: Miraidon\n|-damage|p1b: Miraidon|91/100\n|move|p2a: Koraidon|Flame Charge|p1a: Smeargle\n|-damage|p1a: Smeargle|0 fnt\n|-boost|p2a: Koraidon|spe|1\n|faint|p1a: Smeargle\n|-damage|p2a: Koraidon|51/100|[from] item: Life Orb\n|\n|-weather|SunnyDay|[upkeep]\n|upkeep\n|\n|t:|1770459339\n|switch|p1a: Ditto|Ditto, L50|81/100\n|-transform|p1a: Ditto|p2b: Incineroar|[from] ability: Imposter\n|-ability|p1a: Ditto|Intimidate|boost\n|-unboost|p2a: Koraidon|atk|1\n|-unboost|p2b: Incineroar|atk|1\n|turn|10\n|\n|t:|1770459373\n|switch|p2b: Rillaboom|Rillaboom, L50, M|19/100\n|-fieldstart|move: Grassy Terrain|[from] ability: Grassy Surge|[of] p2b: Rillaboom\n|move|p2a: Koraidon|Protect|p2a: Koraidon\n|-singleturn|p2a: Koraidon|Protect\n|move|p1b: Miraidon|Dazzling Gleam|p2a: Koraidon|[spread] p2b\n|-activate|p2a: Koraidon|move: Protect\n|-damage|p2b: Rillaboom|0 fnt\n|faint|p2b: Rillaboom\n|move|p1a: Ditto|Knock Off|p2a: Koraidon\n|-activate|p2a: Koraidon|move: Protect\n|\n|-weather|none\n|-heal|p2a: Koraidon|57/100|[from] Grassy Terrain\n|-heal|p1b: Miraidon|97/100|[from] Grassy Terrain\n|-heal|p1a: Ditto|87/100|[from] Grassy Terrain\n|upkeep\n|\n|t:|1770459381\n|switch|p2b: Incineroar|Incineroar, L50, M|55/100\n|-ability|p2b: Incineroar|Intimidate|boost\n|-unboost|p1a: Ditto|atk|1\n|-unboost|p1b: Miraidon|atk|1\n|turn|11\n|\n|t:|1770459397\n|move|p2b: Incineroar|Fake Out|p1b: Miraidon\n|-damage|p1b: Miraidon|87/100\n|move|p2a: Koraidon|Close Combat|p1a: Ditto\n|-supereffective|p1a: Ditto\n|-damage|p1a: Ditto|0 fnt\n|-unboost|p2a: Koraidon|def|1\n|-unboost|p2a: Koraidon|spd|1\n|faint|p1a: Ditto\n|-damage|p2a: Koraidon|47/100|[from] item: Life Orb\n|cant|p1b: Miraidon|flinch\n|\n|-heal|p2a: Koraidon|53/100|[from] Grassy Terrain\n|-heal|p1b: Miraidon|93/100|[from] Grassy Terrain\n|-heal|p2b: Incineroar|61/100|[from] Grassy Terrain\n|upkeep\n|turn|12\n|\n|t:|1770459409\n|move|p2a: Koraidon|Close Combat|p1b: Miraidon\n|-damage|p1b: Miraidon|41/100\n|-unboost|p2a: Koraidon|def|1\n|-unboost|p2a: Koraidon|spd|1\n|-damage|p2a: Koraidon|43/100|[from] item: Life Orb\n|move|p1b: Miraidon|Dazzling Gleam|p2a: Koraidon|[spread] p2a,p2b\n|-resisted|p2a: Koraidon\n|-crit|p2a: Koraidon\n|-damage|p2a: Koraidon|0 fnt\n|-damage|p2b: Incineroar|25/100\n|faint|p2a: Koraidon\n|move|p2b: Incineroar|Knock Off|p1b: Miraidon\n|-damage|p1b: Miraidon|6/100\n|-enditem|p1b: Miraidon|Choice Specs|[from] move: Knock Off|[of] p2b: Incineroar\n|\n|-heal|p1b: Miraidon|12/100|[from] Grassy Terrain\n|-heal|p2b: Incineroar|31/100|[from] Grassy Terrain\n|upkeep\n|turn|13\n|\n|t:|1770459427\n|move|p1b: Miraidon|Draco Meteor|p2b: Incineroar\n|-damage|p2b: Incineroar|0 fnt\n|-unboost|p1b: Miraidon|spa|2\n|faint|p2b: Incineroar\n|\n|win|Nicemoon\n|raw|Nicemoon's rating: 1438 &rarr; <strong>1457</strong><br />(+19 for winning)\n|raw|fogdocker's rating: 1414 &rarr; <strong>1395</strong><br />(-19 for losing)\n|l|\u2606fogdocker\n|player|p2|\n","uploadtime":1770459608,"views":20,"formatid":"gen9vgc2026regi","rating":1395,"private":0,"password":null}