{"id":"gen9vgc2026regi-2529993063","format":"[Gen 9] VGC 2026 Reg I","players":["kelii","blackred123"],"log":"|j|\u2606kelii\n|j|\u2606blackred123\n|t:|1769860318\n|gametype|doubles\n|player|p1|kelii|dawn|1259\n|player|p2|blackred123|iono-masters|1471\n|gen|9\n|tier|[Gen 9] VGC 2026 Reg I\n|rated|\n|rule|Species Clause: Limit one of each Pok\u00e9mon\n|rule|Item Clause: Limit 1 of each item\n|clearpoke\n|poke|p1|Calyrex-Ice, L50|\n|poke|p1|Lunala, L50|\n|poke|p1|Indeedee-F, L50, F|\n|poke|p1|Smeargle, L50, F|\n|poke|p1|Torkoal, L50, F|\n|poke|p1|Urshifu-*, L50, F|\n|poke|p2|Calyrex-Shadow, L50|\n|poke|p2|Annihilape, L50, F|\n|poke|p2|Zamazenta-*, L50|\n|poke|p2|Tornadus, L50, M|\n|poke|p2|Rillaboom, L50, M|\n|poke|p2|Amoonguss, L50, F|\n|teampreview|4\n|inactive|Battle timer is ON: inactive players will automatically lose when time's up. (requested by blackred123)\n|inactive|kelii has 60 seconds left.\n|inactive|blackred123 has 60 seconds left.\n|\n|t:|1769860370\n|teamsize|p1|4\n|teamsize|p2|4\n|start\n|switch|p1a: Smeargle|Smeargle, L50, F, shiny|100/100\n|switch|p1b: Lunala|Lunala, L50, shiny|100/100\n|switch|p2a: \u4e8c\u72d7|Zamazenta-Crowned, L50|100/100\n|switch|p2b: \u91d1\u8c6a\u306e\u624b\u4e0b|Rillaboom, L50, M|100/100\n|-ability|p2a: \u4e8c\u72d7|Dauntless Shield|boost\n|-boost|p2a: \u4e8c\u72d7|def|1\n|-fieldstart|move: Grassy Terrain|[from] ability: Grassy Surge|[of] p2b: \u91d1\u8c6a\u306e\u624b\u4e0b\n|turn|1\n|inactive|kelii has 30 seconds left.\n|inactive|kelii has 20 seconds left.\n|\n|t:|1769860409\n|move|p2b: \u91d1\u8c6a\u306e\u624b\u4e0b|Fake Out|p1a: Smeargle\n|-damage|p1a: Smeargle|75/100\n|move|p2a: \u4e8c\u72d7|Body Press|p1a: Smeargle\n|-supereffective|p1a: Smeargle\n|-damage|p1a: Smeargle|0 fnt\n|faint|p1a: Smeargle\n|move|p1b: Lunala|Expanding Force|p2a: \u4e8c\u72d7\n|-crit|p2a: \u4e8c\u72d7\n|-damage|p2a: \u4e8c\u72d7|53/100\n|\n|-heal|p2a: \u4e8c\u72d7|59/100|[from] Grassy Terrain\n|upkeep\n|\n|t:|1769860418\n|switch|p1a: Urshifu|Urshifu, L50, F|100/100\n|turn|2\n|\n|t:|1769860429\n|-terastallize|p1a: Urshifu|Ghost\n|move|p2a: \u4e8c\u72d7|Body Press|p1a: Urshifu\n|-immune|p1a: Urshifu\n|move|p2b: \u91d1\u8c6a\u306e\u624b\u4e0b|U-turn|p1b: Lunala\n|-damage|p1b: Lunala|92/100\n|\n|t:|1769860436\n|switch|p2b: \u4f60\u54ea\u4f4d?|Amoonguss, L50, F|100/100|[from] U-turn\n|move|p1a: Urshifu|Close Combat|p2a: \u4e8c\u72d7\n|-supereffective|p2a: \u4e8c\u72d7\n|-damage|p2a: \u4e8c\u72d7|0 fnt\n|-unboost|p1a: Urshifu|def|1\n|-unboost|p1a: Urshifu|spd|1\n|faint|p2a: \u4e8c\u72d7\n|move|p1b: Lunala|Trick Room|p1b: Lunala\n|-fieldstart|move: Trick Room|[of] p1b: Lunala\n|\n|-heal|p1b: Lunala|98/100|[from] Grassy Terrain\n|upkeep\n|\n|t:|1769860445\n|switch|p2a: \u91d1\u8c6a\u306e\u624b\u4e0b|Rillaboom, L50, M|100/100\n|turn|3\n|\n|t:|1769860470\n|switch|p1b: Torkoal|Torkoal, L50, F, shiny|100/100\n|-weather|SunnyDay|[from] ability: Drought|[of] p1b: Torkoal\n|-terastallize|p2b: \u4f60\u54ea\u4f4d?|Water\n|move|p2b: \u4f60\u54ea\u4f4d?|Spore|p1a: Urshifu\n|-status|p1a: Urshifu|slp|[from] move: Spore\n|cant|p1a: Urshifu|slp\n|move|p2a: \u91d1\u8c6a\u306e\u624b\u4e0b|U-turn|p1b: Torkoal\n|-resisted|p1b: Torkoal\n|-damage|p1b: Torkoal|93/100\n|\n|t:|1769860483\n|switch|p2a: \u5927\u9a6c|Calyrex-Shadow, L50|100/100|[from] U-turn\n|-ability|p2a: \u5927\u9a6c|As One\n|-ability|p2a: \u5927\u9a6c|Unnerve\n|\n|-weather|SunnyDay|[upkeep]\n|-heal|p1b: Torkoal|99/100|[from] Grassy Terrain\n|upkeep\n|turn|4\n|\n|t:|1769860495\n|move|p2b: \u4f60\u54ea\u4f4d?|Rage Powder|p2b: \u4f60\u54ea\u4f4d?\n|-singleturn|p2b: \u4f60\u54ea\u4f4d?|move: Rage Powder\n|move|p1b: Torkoal|Eruption|p2b: \u4f60\u54ea\u4f4d?|[spread] p2a,p2b\n|-resisted|p2b: \u4f60\u54ea\u4f4d?\n|-damage|p2a: \u5927\u9a6c|16/100\n|-damage|p2b: \u4f60\u54ea\u4f4d?|68/100\n|-curestatus|p1a: Urshifu|slp|[msg]\n|move|p1a: Urshifu|Close Combat|p2b: \u4f60\u54ea\u4f4d?\n|-damage|p2b: \u4f60\u54ea\u4f4d?|0 fnt\n|-unboost|p1a: Urshifu|def|1\n|-unboost|p1a: Urshifu|spd|1\n|-damage|p1a: Urshifu|84/100|[from] item: Rocky Helmet|[of] p2b: \u4f60\u54ea\u4f4d?\n|faint|p2b: \u4f60\u54ea\u4f4d?\n|move|p2a: \u5927\u9a6c|Astral Barrage|p1b: Torkoal|[spread] p1a,p1b\n|-supereffective|p1a: Urshifu\n|-damage|p1a: Urshifu|0 fnt\n|-damage|p1b: Torkoal|27/100\n|faint|p1a: Urshifu\n|-ability|p2a: \u5927\u9a6c|Grim Neigh|boost\n|-boost|p2a: \u5927\u9a6c|spa|1\n|\n|-weather|SunnyDay|[upkeep]\n|-heal|p1b: Torkoal|33/100|[from] Grassy Terrain\n|-heal|p2a: \u5927\u9a6c|22/100|[from] Grassy Terrain\n|upkeep\n|\n|t:|1769860505\n|switch|p2b: \u91d1\u8c6a\u306e\u624b\u4e0b|Rillaboom, L50, M|100/100\n|switch|p1a: Lunala|Lunala, L50, shiny|98/100\n|turn|5\n|\n|t:|1769860515\n|move|p2a: \u5927\u9a6c|Protect|p2a: \u5927\u9a6c\n|-singleturn|p2a: \u5927\u9a6c|Protect\n|move|p2b: \u91d1\u8c6a\u306e\u624b\u4e0b|Fake Out|p1b: Torkoal\n|-damage|p1b: Torkoal|23/100\n|cant|p1b: Torkoal|flinch\n|move|p1a: Lunala|Moongeist Beam|p2a: \u5927\u9a6c\n|-activate|p2a: \u5927\u9a6c|move: Protect\n|\n|-weather|SunnyDay|[upkeep]\n|-heal|p1b: Torkoal|29/100|[from] Grassy Terrain\n|-heal|p1a: Lunala|100/100|[from] Grassy Terrain\n|-heal|p2a: \u5927\u9a6c|28/100|[from] Grassy Terrain\n|-fieldend|move: Grassy Terrain\n|upkeep\n|turn|6\n|\n|t:|1769860536\n|move|p2a: \u5927\u9a6c|Protect||[still]\n|-fail|p2a: \u5927\u9a6c\n|move|p1b: Torkoal|Weather Ball|p2b: \u91d1\u8c6a\u306e\u624b\u4e0b\n|-supereffective|p2b: \u91d1\u8c6a\u306e\u624b\u4e0b\n|-damage|p2b: \u91d1\u8c6a\u306e\u624b\u4e0b|0 fnt\n|faint|p2b: \u91d1\u8c6a\u306e\u624b\u4e0b\n|move|p1a: Lunala|Moongeist Beam|p2a: \u5927\u9a6c\n|-supereffective|p2a: \u5927\u9a6c\n|-damage|p2a: \u5927\u9a6c|0 fnt\n|faint|p2a: \u5927\u9a6c\n|\n|win|kelii\n|raw|kelii's rating: 1259 &rarr; <strong>1298</strong><br />(+39 for winning)\n|raw|blackred123's rating: 1471 &rarr; <strong>1440</strong><br />(-31 for losing)\n|l|\u2606blackred123\n|player|p2|\n|l|\u2606kelii\n|player|p1|\n","uploadtime":1769860860,"views":11,"formatid":"gen9vgc2026regi","rating":1298,"private":0,"password":null}