{"id":"gen9vgc2026regi-2559647858","format":"[Gen 9] VGC 2026 Reg I","players":["eevee1ynn","Simon0123"],"log":"|j|\u2606eevee1ynn\n|j|\u2606Simon0123\n|t:|1773595771\n|gametype|doubles\n|player|p1|eevee1ynn|lass-gen8|1168\n|player|p2|Simon0123|benga|1235\n|gen|9\n|tier|[Gen 9] VGC 2026 Reg I\n|rated|\n|rule|Species Clause: Limit one of each Pok\u00e9mon\n|rule|Item Clause: Limit 1 of each item\n|clearpoke\n|poke|p1|Koraidon, L50|\n|poke|p1|Reshiram, L50|\n|poke|p1|Flutter Mane, L50|\n|poke|p1|Chi-Yu, L50|\n|poke|p1|Ogerpon-Cornerstone, L50, F|\n|poke|p1|Iron Crown, L50|\n|poke|p2|Calyrex-Shadow, L50|\n|poke|p2|Koraidon, L50|\n|poke|p2|Flutter Mane, L50|\n|poke|p2|Raging Bolt, L50|\n|poke|p2|Whimsicott, L50, M|\n|poke|p2|Chi-Yu, L50|\n|teampreview|4\n|inactive|Battle timer is ON: inactive players will automatically lose when time's up. (requested by eevee1ynn)\n|inactive|Simon0123 also wants the timer to be on.\n|inactive|eevee1ynn has 60 seconds left.\n|inactive|Simon0123 has 60 seconds left.\n|\n|t:|1773595815\n|teamsize|p1|4\n|teamsize|p2|4\n|start\n|switch|p1a: Reshiram|Reshiram, L50|100/100\n|switch|p1b: Flutter Mane|Flutter Mane, L50|100/100\n|switch|p2a: Whimsicott|Whimsicott, L50, M|100/100\n|switch|p2b: Calyrex|Calyrex-Shadow, L50|100/100\n|-ability|p2b: Calyrex|As One\n|-ability|p2b: Calyrex|Unnerve\n|-ability|p1a: Reshiram|Turboblaze\n|turn|1\n|\n|t:|1773595835\n|-terastallize|p2b: Calyrex|Dark\n|move|p2a: Whimsicott|Tailwind|p2a: Whimsicott\n|-sidestart|p2: Simon0123|move: Tailwind\n|move|p2b: Calyrex|Astral Barrage|p1a: Reshiram|[spread] p1a,p1b\n|-crit|p1a: Reshiram\n|-supereffective|p1b: Flutter Mane\n|-damage|p1a: Reshiram|28/100\n|-enditem|p1b: Flutter Mane|Focus Sash\n|-damage|p1b: Flutter Mane|1/100\n|move|p1b: Flutter Mane|Icy Wind|p2b: Calyrex|[spread] p2a,p2b\n|-supereffective|p2a: Whimsicott\n|-damage|p2a: Whimsicott|61/100\n|-damage|p2b: Calyrex|85/100\n|-unboost|p2a: Whimsicott|spe|1\n|-unboost|p2b: Calyrex|spe|1\n|-enditem|p2a: Whimsicott|Eject Button\n|\n|t:|1773595854\n|switch|p2a: Koraidon|Koraidon, L50|100/100\n|-weather|SunnyDay|[from] ability: Orichalcum Pulse|[of] p2a: Koraidon\n|-activate|p1b: Flutter Mane|ability: Protosynthesis\n|-start|p1b: Flutter Mane|protosynthesisspe\n|-activate|p2a: Koraidon|Orichalcum Pulse|[source]\n|move|p1a: Reshiram|Tailwind|p1a: Reshiram\n|-sidestart|p1: eevee1ynn|move: Tailwind\n|\n|-weather|SunnyDay|[upkeep]\n|upkeep\n|turn|2\n|inactive|Simon0123 has 30 seconds left.\n|\n|t:|1773595881\n|move|p2a: Koraidon|Protect|p2a: Koraidon\n|-singleturn|p2a: Koraidon|Protect\n|move|p1b: Flutter Mane|Moonblast|p2b: Calyrex\n|-supereffective|p2b: Calyrex\n|-damage|p2b: Calyrex|0 fnt\n|faint|p2b: Calyrex\n|move|p1a: Reshiram|Draco Meteor|p2a: Koraidon\n|-activate|p2a: Koraidon|move: Protect\n|\n|-weather|SunnyDay|[upkeep]\n|upkeep\n|\n|t:|1773595890\n|switch|p2b: Raging Bolt|Raging Bolt, L50|100/100\n|-activate|p2b: Raging Bolt|ability: Protosynthesis\n|-start|p2b: Raging Bolt|protosynthesisspa\n|turn|3\n|\n|t:|1773595907\n|move|p2b: Raging Bolt|Thunderclap|p1b: Flutter Mane\n|-damage|p1b: Flutter Mane|0 fnt\n|faint|p1b: Flutter Mane\n|-end|p1b: Flutter Mane|Protosynthesis|[silent]\n|move|p2a: Koraidon|Collision Course|p1a: Reshiram\n|-damage|p1a: Reshiram|0 fnt\n|faint|p1a: Reshiram\n|-damage|p2a: Koraidon|91/100|[from] item: Life Orb\n|\n|-weather|SunnyDay|[upkeep]\n|upkeep\n|\n|t:|1773595911\n|switch|p1b: Koraidon|Koraidon, L50|100/100\n|switch|p1a: Chi-Yu|Chi-Yu, L50|100/100\n|-ability|p1a: Chi-Yu|Beads of Ruin\n|-activate|p1b: Koraidon|ability: Orichalcum Pulse\n|turn|4\n|inactive|Simon0123 has 30 seconds left.\n|inactive|Simon0123 has 20 seconds left.\n|inactive|Simon0123 has 15 seconds left.\n|inactive|Simon0123 has 10 seconds left.\n|inactive|Simon0123 has 5 seconds left.\n|\n|t:|1773595966\n|-terastallize|p1b: Koraidon|Fire\n|move|p2b: Raging Bolt|Thunderclap|p1a: Chi-Yu\n|-damage|p1a: Chi-Yu|41/100\n|move|p1a: Chi-Yu|Snarl|p2b: Raging Bolt|[spread] p2a\n|-miss|p1a: Chi-Yu|p2b: Raging Bolt\n|-resisted|p2a: Koraidon\n|-damage|p2a: Koraidon|75/100\n|-unboost|p2a: Koraidon|spa|1\n|move|p2a: Koraidon|Flare Blitz|p1b: Koraidon\n|-resisted|p1b: Koraidon\n|-damage|p1b: Koraidon|48/100\n|-damage|p2a: Koraidon|58/100|[from] Recoil\n|-damage|p2a: Koraidon|48/100|[from] item: Life Orb\n|move|p1b: Koraidon|Close Combat|p2b: Raging Bolt\n|-damage|p2b: Raging Bolt|13/100\n|-unboost|p1b: Koraidon|def|1\n|-unboost|p1b: Koraidon|spd|1\n|-damage|p1b: Koraidon|39/100|[from] item: Life Orb\n|\n|-weather|SunnyDay|[upkeep]\n|-sideend|p1: eevee1ynn|move: Tailwind\n|-sideend|p2: Simon0123|move: Tailwind\n|upkeep\n|turn|5\n|\n|t:|1773595984\n|move|p1b: Koraidon|Protect|p1b: Koraidon\n|-singleturn|p1b: Koraidon|Protect\n|move|p2b: Raging Bolt|Thunderclap||[still]\n|-fail|p2b: Raging Bolt\n|move|p1a: Chi-Yu|Snarl|p2b: Raging Bolt|[spread] p2a,p2b\n|-resisted|p2a: Koraidon\n|-damage|p2a: Koraidon|32/100\n|-damage|p2b: Raging Bolt|0 fnt\n|-unboost|p2a: Koraidon|spa|1\n|faint|p2b: Raging Bolt\n|-end|p2b: Raging Bolt|Protosynthesis|[silent]\n|move|p2a: Koraidon|Stomping Tantrum|p1a: Chi-Yu\n|-supereffective|p1a: Chi-Yu\n|-damage|p1a: Chi-Yu|0 fnt\n|faint|p1a: Chi-Yu\n|-damage|p2a: Koraidon|23/100|[from] item: Life Orb\n|\n|-weather|none\n|upkeep\n|\n|t:|1773595986\n|switch|p2b: Whimsicott|Whimsicott, L50, M|61/100\n|turn|6\n|\n|t:|1773595994\n|move|p2b: Whimsicott|Tailwind|p2b: Whimsicott\n|-sidestart|p2: Simon0123|move: Tailwind\n|move|p2a: Koraidon|Collision Course|p1b: Koraidon\n|-damage|p1b: Koraidon|0 fnt\n|faint|p1b: Koraidon\n|-damage|p2a: Koraidon|13/100|[from] item: Life Orb\n|\n|win|Simon0123\n|raw|eevee1ynn's rating: 1168 &rarr; <strong>1148</strong><br />(-20 for losing)\n|raw|Simon0123's rating: 1235 &rarr; <strong>1255</strong><br />(+20 for winning)\n","uploadtime":1773595994,"views":10,"formatid":"gen9vgc2026regi","rating":1148,"private":0,"password":null}