{"id":"gen9vgc2026regi-2533324889","format":"[Gen 9] VGC 2026 Reg I","players":["blackred123","QAQeee\u5486\u54ee\u864e\u4fa0"],"log":"|j|\u2606blackred123\n|j|\u2606QAQeee\u5486\u54ee\u864e\u4fa0\n|t:|1770292826\n|gametype|doubles\n|player|p1|blackred123|iono-masters|\n|player|p2|QAQeee\u5486\u54ee\u864e\u4fa0|may-masters4|\n|gen|9\n|tier|[Gen 9] VGC 2026 Reg I\n|rule|Species Clause: Limit one of each Pok\u00e9mon\n|rule|Item Clause: Limit 1 of each item\n|clearpoke\n|poke|p1|Miraidon, L50|\n|poke|p1|Lunala, L50|\n|poke|p1|Incineroar, L50, M|\n|poke|p1|Ursaluna, L50, F|\n|poke|p1|Urshifu-*, L50, M|\n|poke|p1|Whimsicott, L50, F|\n|poke|p2|Calyrex-Shadow, L50|\n|poke|p2|Zamazenta-*, L50|\n|poke|p2|Chien-Pao, L50|\n|poke|p2|Dragonite, L50, M|\n|poke|p2|Amoonguss, L50, M|\n|poke|p2|Ogerpon-Cornerstone, L50, F|\n|teampreview|4\n|inactive|Battle timer is ON: inactive players will automatically lose when time's up. (requested by blackred123)\n|\n|t:|1770292846\n|teamsize|p1|4\n|teamsize|p2|4\n|start\n|switch|p1a: \u9732\u51a0\u65f6\u95f4\u5230\u62c9|Lunala, L50|100/100\n|switch|p1b: \u629b\u5f00\u864e\u54e5\u54ee\u7a74|Incineroar, L50, M|100/100\n|switch|p2a: Amoonguss|Amoonguss, L50, M|100/100\n|switch|p2b: Chien-Pao|Chien-Pao, L50|100/100\n|-ability|p2b: Chien-Pao|Sword of Ruin\n|-ability|p1b: \u629b\u5f00\u864e\u54e5\u54ee\u7a74|Intimidate|boost\n|-unboost|p2a: Amoonguss|atk|1\n|-unboost|p2b: Chien-Pao|atk|1\n|turn|1\n|inactive|QAQeee\u5486\u54ee\u864e\u4fa0 has 30 seconds left.\n|\n|t:|1770292873\n|switch|p1b: \u94f6\u91d1\u5996\u86c7|Miraidon, L50, shiny|100/100\n|-fieldstart|move: Electric Terrain|[from] ability: Hadron Engine|[of] p1b: \u94f6\u91d1\u5996\u86c7\n|-enditem|p1a: \u9732\u51a0\u65f6\u95f4\u5230\u62c9|Electric Seed\n|-boost|p1a: \u9732\u51a0\u65f6\u95f4\u5230\u62c9|def|1|[from] item: Electric Seed\n|-terastallize|p1a: \u9732\u51a0\u65f6\u95f4\u5230\u62c9|Fairy\n|move|p2b: Chien-Pao|Ice Spinner|p1b: \u94f6\u91d1\u5996\u86c7\n|-supereffective|p1b: \u94f6\u91d1\u5996\u86c7\n|-damage|p1b: \u94f6\u91d1\u5996\u86c7|48/100\n|-fieldend|move: Electric Terrain\n|move|p1a: \u9732\u51a0\u65f6\u95f4\u5230\u62c9|Moonblast|p2b: Chien-Pao\n|-supereffective|p2b: Chien-Pao\n|-damage|p2b: Chien-Pao|4/100\n|move|p2a: Amoonguss|Spore|p1a: \u9732\u51a0\u65f6\u95f4\u5230\u62c9\n|-status|p1a: \u9732\u51a0\u65f6\u95f4\u5230\u62c9|slp|[from] move: Spore\n|\n|upkeep\n|turn|2\n|\n|t:|1770292893\n|switch|p1b: \u629b\u5f00\u864e\u54e5\u54ee\u7a74|Incineroar, L50, M|100/100\n|-ability|p1b: \u629b\u5f00\u864e\u54e5\u54ee\u7a74|Intimidate|boost\n|-unboost|p2a: Amoonguss|atk|1\n|-unboost|p2b: Chien-Pao|atk|1\n|move|p2b: Chien-Pao|Icy Wind|p1b: \u629b\u5f00\u864e\u54e5\u54ee\u7a74|[spread] p1a,p1b\n|-resisted|p1b: \u629b\u5f00\u864e\u54e5\u54ee\u7a74\n|-damage|p1a: \u9732\u51a0\u65f6\u95f4\u5230\u62c9|96/100 slp\n|-damage|p1b: \u629b\u5f00\u864e\u54e5\u54ee\u7a74|95/100\n|-unboost|p1a: \u9732\u51a0\u65f6\u95f4\u5230\u62c9|spe|1\n|-unboost|p1b: \u629b\u5f00\u864e\u54e5\u54ee\u7a74|spe|1\n|move|p2a: Amoonguss|Sludge Bomb|p1a: \u9732\u51a0\u65f6\u95f4\u5230\u62c9\n|-supereffective|p1a: \u9732\u51a0\u65f6\u95f4\u5230\u62c9\n|-crit|p1a: \u9732\u51a0\u65f6\u95f4\u5230\u62c9\n|-damage|p1a: \u9732\u51a0\u65f6\u95f4\u5230\u62c9|38/100 slp\n|cant|p1a: \u9732\u51a0\u65f6\u95f4\u5230\u62c9|slp\n|\n|upkeep\n|turn|3\n|\n|t:|1770292911\n|move|p1b: \u629b\u5f00\u864e\u54e5\u54ee\u7a74|Fake Out|p2b: Chien-Pao\n|-damage|p2b: Chien-Pao|0 fnt\n|faint|p2b: Chien-Pao\n|move|p2a: Amoonguss|Sludge Bomb|p1a: \u9732\u51a0\u65f6\u95f4\u5230\u62c9\n|-supereffective|p1a: \u9732\u51a0\u65f6\u95f4\u5230\u62c9\n|-damage|p1a: \u9732\u51a0\u65f6\u95f4\u5230\u62c9|0 fnt\n|faint|p1a: \u9732\u51a0\u65f6\u95f4\u5230\u62c9\n|\n|upkeep\n|\n|t:|1770292921\n|switch|p2b: Calyrex|Calyrex-Shadow, L50|100/100\n|switch|p1a: \u94f6\u91d1\u5996\u86c7|Miraidon, L50, shiny|48/100\n|-ability|p2b: Calyrex|As One\n|-ability|p2b: Calyrex|Unnerve\n|-fieldstart|move: Electric Terrain|[from] ability: Hadron Engine|[of] p1a: \u94f6\u91d1\u5996\u86c7\n|turn|4\n|\n|t:|1770292939\n|-terastallize|p2b: Calyrex|Ghost\n|move|p2a: Amoonguss|Rage Powder|p2a: Amoonguss\n|-singleturn|p2a: Amoonguss|move: Rage Powder\n|move|p2b: Calyrex|Astral Barrage|p1b: \u629b\u5f00\u864e\u54e5\u54ee\u7a74|[spread] p1a,p1b\n|-resisted|p1b: \u629b\u5f00\u864e\u54e5\u54ee\u7a74\n|-damage|p1a: \u94f6\u91d1\u5996\u86c7|9/100\n|-damage|p1b: \u629b\u5f00\u864e\u54e5\u54ee\u7a74|64/100\n|move|p1a: \u94f6\u91d1\u5996\u86c7|Draco Meteor|p2a: Amoonguss\n|-damage|p2a: Amoonguss|13/100\n|-unboost|p1a: \u94f6\u91d1\u5996\u86c7|spa|2\n|move|p1b: \u629b\u5f00\u864e\u54e5\u54ee\u7a74|Knock Off|p2a: Amoonguss\n|-damage|p2a: Amoonguss|0 fnt\n|-damage|p1b: \u629b\u5f00\u864e\u54e5\u54ee\u7a74|48/100|[from] item: Rocky Helmet|[of] p2a: Amoonguss\n|-enditem|p2a: Amoonguss|Rocky Helmet|[from] move: Knock Off|[of] p1b: \u629b\u5f00\u864e\u54e5\u54ee\u7a74\n|faint|p2a: Amoonguss\n|\n|upkeep\n|inactive|QAQeee\u5486\u54ee\u864e\u4fa0 has 30 seconds left.\n|\n|t:|1770292968\n|switch|p2a: Zamazenta|Zamazenta-Crowned, L50|100/100\n|-ability|p2a: Zamazenta|Dauntless Shield|boost\n|-boost|p2a: Zamazenta|def|1\n|turn|5\n|\n|t:|1770292985\n|switch|p1a: \u60f3\u6708\u6210\u90fd\u718a\u718a|Ursaluna, L50, F|100/100\n|move|p2b: Calyrex|Astral Barrage|p1a: \u60f3\u6708\u6210\u90fd\u718a\u718a|[spread] p1b\n|-immune|p1a: \u60f3\u6708\u6210\u90fd\u718a\u718a\n|-resisted|p1b: \u629b\u5f00\u864e\u54e5\u54ee\u7a74\n|-damage|p1b: \u629b\u5f00\u864e\u54e5\u54ee\u7a74|15/100\n|move|p2a: Zamazenta|Body Press|p1b: \u629b\u5f00\u864e\u54e5\u54ee\u7a74\n|-supereffective|p1b: \u629b\u5f00\u864e\u54e5\u54ee\u7a74\n|-damage|p1b: \u629b\u5f00\u864e\u54e5\u54ee\u7a74|0 fnt\n|-damage|p2a: Zamazenta|84/100|[from] item: Rocky Helmet|[of] p1b: \u629b\u5f00\u864e\u54e5\u54ee\u7a74\n|faint|p1b: \u629b\u5f00\u864e\u54e5\u54ee\u7a74\n|\n|-status|p1a: \u60f3\u6708\u6210\u90fd\u718a\u718a|brn|[from] item: Flame Orb\n|upkeep\n|\n|t:|1770292988\n|switch|p1b: \u94f6\u91d1\u5996\u86c7|Miraidon, L50, shiny|9/100\n|-activate|p1b: \u94f6\u91d1\u5996\u86c7|ability: Hadron Engine\n|turn|6\n|-message|blackred123 forfeited.\n|\n|win|QAQeee\u5486\u54ee\u864e\u4fa0\n|l|\u2606blackred123\n|player|p1|\n","uploadtime":1770293038,"views":11,"formatid":"gen9vgc2026regi","rating":null,"private":0,"password":null}