{"id":"gen9vgc2026regi-2572499615","format":"[Gen 9] VGC 2026 Reg I","players":["Galact7adi","mtbsj"],"log":"|j|\u2606Galact7adi\n|j|\u2606mtbsj\n|t:|1775034002\n|gametype|doubles\n|player|p1|Galact7adi|170|1462\n|player|p2|mtbsj|blue|1603\n|gen|9\n|tier|[Gen 9] VGC 2026 Reg I\n|rated|\n|rule|Species Clause: Limit one of each Pok\u00e9mon\n|rule|Item Clause: Limit 1 of each item\n|clearpoke\n|poke|p1|Miraidon, L50|\n|poke|p1|Incineroar, L50, F|\n|poke|p1|Lunala, L50|\n|poke|p1|Ursaluna, L50, M|\n|poke|p1|Whimsicott, L50, F|\n|poke|p1|Chien-Pao, L50|\n|poke|p2|Hitmontop, L50, M|\n|poke|p2|Terapagos, L50, M|\n|poke|p2|Calyrex-Shadow, L50|\n|poke|p2|Ogerpon-Cornerstone, L50, F|\n|poke|p2|Whimsicott, L50, M|\n|poke|p2|Indeedee-F, L50, F|\n|teampreview|4\n|inactive|Battle timer is ON: inactive players will automatically lose when time's up. (requested by Galact7adi)\n|inactive|mtbsj also wants the timer to be on.\n|j| starandhunter\n|l| starandhunter\n|inactive|Galact7adi has 60 seconds left.\n|\n|t:|1775034056\n|teamsize|p1|4\n|teamsize|p2|4\n|start\n|switch|p1a: Incineroar|Incineroar, L50, F|100/100\n|switch|p1b: Lunala|Lunala, L50|100/100\n|switch|p2a: Hitmontop|Hitmontop, L50, M|100/100\n|switch|p2b: Terapagos|Terapagos, L50, M|100/100\n|-activate|p2b: Terapagos|ability: Tera Shift\n|detailschange|p2b: Terapagos|Terapagos-Terastal, L50, M\n|-heal|p2b: Terapagos|100/100|[silent]\n|-ability|p1a: Incineroar|Intimidate|boost\n|-unboost|p2a: Hitmontop|atk|1\n|-unboost|p2b: Terapagos|atk|1\n|-ability|p2a: Hitmontop|Intimidate|boost\n|-unboost|p1a: Incineroar|atk|1\n|-unboost|p1b: Lunala|atk|1\n|turn|1\n|\n|t:|1775034081\n|switch|p1a: Whimsicott|Whimsicott, L50, F|100/100\n|switch|p2a: Indeedee|Indeedee-F, L50, F|100/100\n|-fieldstart|move: Psychic Terrain|[from] ability: Psychic Surge|[of] p2a: Indeedee\n|move|p1b: Lunala|Moonblast|p2a: Indeedee\n|-damage|p2a: Indeedee|72/100\n|move|p2b: Terapagos|Rock Polish|p2b: Terapagos\n|-boost|p2b: Terapagos|spe|2\n|\n|upkeep\n|turn|2\n|\n|t:|1775034100\n|switch|p1b: Miraidon|Miraidon, L50|100/100\n|-fieldstart|move: Electric Terrain|[from] ability: Hadron Engine|[of] p1b: Miraidon\n|move|p2a: Indeedee|Helping Hand|p2b: Terapagos\n|-singleturn|p2b: Terapagos|Helping Hand|[of] p2a: Indeedee\n|move|p1a: Whimsicott|Taunt|p2a: Indeedee\n|-start|p2a: Indeedee|move: Taunt\n|move|p2b: Terapagos|Tera Starstorm|p1a: Whimsicott\n|-damage|p1a: Whimsicott|0 fnt\n|faint|p1a: Whimsicott\n|\n|upkeep\n|\n|t:|1775034108\n|switch|p1a: Lunala|Lunala, L50|100/100\n|-enditem|p1a: Lunala|Electric Seed\n|-boost|p1a: Lunala|def|1|[from] item: Electric Seed\n|turn|3\n|inactive|Galact7adi has 30 seconds left.\n|inactive|mtbsj has 30 seconds left.\n|\n|t:|1775034134\n|switch|p2a: Hitmontop|Hitmontop, L50, M|100/100\n|-ability|p2a: Hitmontop|Intimidate|boost\n|-unboost|p1a: Lunala|atk|1\n|-unboost|p1b: Miraidon|atk|1\n|move|p1b: Miraidon|Volt Switch|p2b: Terapagos\n|-activate|p2b: Terapagos|ability: Tera Shell\n|-resisted|p2b: Terapagos\n|-damage|p2b: Terapagos|72/100\n|\n|t:|1775034139\n|switch|p1b: Incineroar|Incineroar, L50, F|100/100|[from] Volt Switch\n|-ability|p1b: Incineroar|Intimidate|boost\n|-unboost|p2a: Hitmontop|atk|1\n|-unboost|p2b: Terapagos|atk|1\n|move|p2b: Terapagos|Earth Power|p1b: Incineroar\n|-supereffective|p1b: Incineroar\n|-crit|p1b: Incineroar\n|-damage|p1b: Incineroar|50/100\n|move|p1a: Lunala|Moonblast|p2b: Terapagos\n|-damage|p2b: Terapagos|43/100\n|-unboost|p2b: Terapagos|spa|1\n|\n|upkeep\n|turn|4\n|inactive|Galact7adi has 30 seconds left.\n|inactive|mtbsj has 30 seconds left.\n|\n|t:|1775034173\n|move|p2b: Terapagos|Protect|p2b: Terapagos\n|-singleturn|p2b: Terapagos|Protect\n|move|p1a: Lunala|Moonblast|p2b: Terapagos\n|-activate|p2b: Terapagos|move: Protect\n|move|p1b: Incineroar|U-turn|p2b: Terapagos\n|-activate|p2b: Terapagos|move: Protect\n|move|p2a: Hitmontop|Brick Break|p1b: Incineroar\n|-supereffective|p1b: Incineroar\n|-damage|p1b: Incineroar|25/100\n|\n|upkeep\n|turn|5\n|\n|t:|1775034186\n|switch|p1b: Miraidon|Miraidon, L50|100/100\n|-activate|p1b: Miraidon|ability: Hadron Engine\n|-terastallize|p2b: Terapagos|Stellar\n|detailschange|p2b: Terapagos|Terapagos-Stellar, L50, M, tera:Stellar\n|-heal|p2b: Terapagos|57/100|[silent]\n|-ability|p2b: Terapagos|Teraform Zero\n|-fieldend|move: Electric Terrain\n|move|p2a: Hitmontop|Vacuum Wave|p2b: Terapagos\n|-supereffective|p2b: Terapagos\n|-damage|p2b: Terapagos|52/100\n|-enditem|p2b: Terapagos|Weakness Policy\n|-boost|p2b: Terapagos|atk|2|[from] item: Weakness Policy\n|-boost|p2b: Terapagos|spa|2|[from] item: Weakness Policy\n|move|p2b: Terapagos|Tera Starstorm|p1a: Lunala|[spread] p1a,p1b\n|-damage|p1a: Lunala|78/100\n|-damage|p1b: Miraidon|46/100\n|move|p1a: Lunala|Moonblast|p2a: Hitmontop\n|-supereffective|p2a: Hitmontop\n|-damage|p2a: Hitmontop|42/100\n|-enditem|p2a: Hitmontop|Eject Button\n|\n|t:|1775034208\n|switch|p2a: Calyrex|Calyrex-Shadow, L50|100/100\n|-ability|p2a: Calyrex|As One\n|-ability|p2a: Calyrex|Unnerve\n|\n|upkeep\n|turn|6\n|\n|t:|1775034217\n|move|p2a: Calyrex|Protect|p2a: Calyrex\n|-singleturn|p2a: Calyrex|Protect\n|move|p1a: Lunala|Wide Guard|p1a: Lunala\n|-singleturn|p1a: Lunala|Wide Guard\n|move|p1b: Miraidon|Snarl|p2b: Terapagos|[spread] \n|-activate|p2a: Calyrex|move: Protect\n|-miss|p1b: Miraidon|p2b: Terapagos\n|move|p2b: Terapagos|Earth Power|p1b: Miraidon\n|-supereffective|p1b: Miraidon\n|-damage|p1b: Miraidon|0 fnt\n|faint|p1b: Miraidon\n|\n|upkeep\n|\n|t:|1775034220\n|switch|p1b: Incineroar|Incineroar, L50, F|25/100\n|-ability|p1b: Incineroar|Intimidate|boost\n|-unboost|p2a: Calyrex|atk|1\n|-unboost|p2b: Terapagos|atk|1\n|turn|7\n|\n|t:|1775034239\n|-terastallize|p1b: Incineroar|Bug\n|move|p1a: Lunala|Wide Guard|p1a: Lunala\n|-singleturn|p1a: Lunala|Wide Guard\n|move|p2b: Terapagos|Earth Power|p1b: Incineroar\n|-resisted|p1b: Incineroar\n|-damage|p1b: Incineroar|7/100\n|move|p2a: Calyrex|Encore|p1a: Lunala\n|-start|p1a: Lunala|Encore\n|move|p1b: Incineroar|Knock Off|p2a: Calyrex\n|-supereffective|p2a: Calyrex\n|-enditem|p2a: Calyrex|Focus Sash\n|-damage|p2a: Calyrex|1/100\n|\n|upkeep\n|turn|8\n|\n|t:|1775034256\n|move|p1a: Lunala|Wide Guard|p1a: Lunala\n|-singleturn|p1a: Lunala|Wide Guard\n|move|p2b: Terapagos|Earth Power|p1a: Lunala\n|-damage|p1a: Lunala|39/100\n|move|p2a: Calyrex|Psychic|p1b: Incineroar\n|-damage|p1b: Incineroar|0 fnt\n|faint|p1b: Incineroar\n|-ability|p2a: Calyrex|Grim Neigh|boost\n|-boost|p2a: Calyrex|spa|1\n|\n|upkeep\n|turn|9\n|-message|Galact7adi forfeited.\n|\n|win|mtbsj\n|raw|Galact7adi's rating: 1462 &rarr; <strong>1450</strong><br />(-12 for losing)\n|raw|mtbsj's rating: 1603 &rarr; <strong>1615</strong><br />(+12 for winning)\n|l|\u2606Galact7adi\n|player|p1|\n","uploadtime":1775034303,"views":19,"formatid":"gen9vgc2026regi","rating":1450,"private":0,"password":null}