{"id":"gen9vgc2026regi-2552475635","format":"[Gen 9] VGC 2026 Reg I","players":["chiimaera","CHR1SPHX"],"log":"|j|\u2606chiimaera\n|j|\u2606CHR1SPHX\n|t:|1772725199\n|gametype|doubles\n|player|p1|chiimaera|lyra|1106\n|player|p2|CHR1SPHX|hilbert|1227\n|gen|9\n|tier|[Gen 9] VGC 2026 Reg I\n|rated|\n|rule|Species Clause: Limit one of each Pok\u00e9mon\n|rule|Item Clause: Limit 1 of each item\n|clearpoke\n|poke|p1|Miraidon, L50|\n|poke|p1|Ho-Oh, L50|\n|poke|p1|Incineroar, L50, M|\n|poke|p1|Wo-Chien, L50|\n|poke|p1|Toxapex, L50, F|\n|poke|p1|Sylveon, L50, M|\n|poke|p2|Lunala, L50|\n|poke|p2|Amoonguss, L50, M|\n|poke|p2|Ursaluna-Bloodmoon, L50, M|\n|poke|p2|Incineroar, L50, M|\n|poke|p2|Koraidon, L50|\n|poke|p2|Flutter Mane, L50|\n|teampreview|4\n|inactive|Battle timer is ON: inactive players will automatically lose when time's up. (requested by CHR1SPHX)\n|inactive|chiimaera has 60 seconds left.\n|inactive|CHR1SPHX has 60 seconds left.\n|\n|t:|1772725248\n|teamsize|p1|4\n|teamsize|p2|4\n|start\n|switch|p1a: Incineroar|Incineroar, L50, M|100/100\n|switch|p1b: Wo-Chien|Wo-Chien, L50|100/100\n|switch|p2a: Flutter Mane|Flutter Mane, L50|100/100\n|switch|p2b: Incineroar|Incineroar, L50, M|100/100\n|-ability|p1b: Wo-Chien|Tablets of Ruin\n|-ability|p1a: Incineroar|Intimidate|boost\n|-unboost|p2a: Flutter Mane|atk|1\n|-unboost|p2b: Incineroar|atk|1\n|-ability|p2b: Incineroar|Intimidate|boost\n|-unboost|p1a: Incineroar|atk|1\n|-unboost|p1b: Wo-Chien|atk|1\n|turn|1\n|\n|t:|1772725267\n|-terastallize|p2a: Flutter Mane|Stellar\n|-terastallize|p1b: Wo-Chien|Water\n|move|p2b: Incineroar|Fake Out|p1a: Incineroar\n|-damage|p1a: Incineroar|96/100\n|move|p2a: Flutter Mane|Dazzling Gleam|p1b: Wo-Chien|[spread] p1a,p1b\n|-damage|p1a: Incineroar|61/100\n|-damage|p1b: Wo-Chien|70/100\n|move|p1b: Wo-Chien|Leech Seed|p2b: Incineroar\n|-start|p2b: Incineroar|move: Leech Seed\n|cant|p1a: Incineroar|flinch\n|\n|-damage|p2b: Incineroar|88/100|[from] Leech Seed|[of] p1b: Wo-Chien\n|-heal|p1b: Wo-Chien|87/100|[silent]\n|upkeep\n|turn|2\n|\n|t:|1772725285\n|move|p2a: Flutter Mane|Dazzling Gleam|p1b: Wo-Chien|[spread] p1a,p1b\n|-damage|p1a: Incineroar|36/100\n|-damage|p1b: Wo-Chien|65/100\n|move|p1b: Wo-Chien|Leech Seed|p2a: Flutter Mane\n|-start|p2a: Flutter Mane|move: Leech Seed\n|move|p2b: Incineroar|Parting Shot|p1b: Wo-Chien\n|-unboost|p1b: Wo-Chien|atk|1\n|-unboost|p1b: Wo-Chien|spa|1\n|\n|t:|1772725298\n|switch|p2b: Koraidon|Koraidon, L50|100/100|[from] Parting Shot\n|-weather|SunnyDay|[from] ability: Orichalcum Pulse|[of] p2b: Koraidon\n|-activate|p2a: Flutter Mane|ability: Protosynthesis\n|-start|p2a: Flutter Mane|protosynthesisspe\n|-activate|p2b: Koraidon|Orichalcum Pulse|[source]\n|move|p1a: Incineroar|Knock Off|p2a: Flutter Mane\n|-damage|p2a: Flutter Mane|57/100\n|-enditem|p2a: Flutter Mane|Focus Sash|[from] move: Knock Off|[of] p1a: Incineroar\n|\n|-weather|SunnyDay|[upkeep]\n|-damage|p2a: Flutter Mane|45/100|[from] Leech Seed|[of] p1b: Wo-Chien\n|-heal|p1b: Wo-Chien|76/100|[silent]\n|upkeep\n|turn|3\n|\n|t:|1772725315\n|switch|p1a: Toxapex|Toxapex, L50, F|100/100\n|move|p2a: Flutter Mane|Dazzling Gleam|p1a: Toxapex|[spread] p1a,p1b\n|-resisted|p1a: Toxapex\n|-damage|p1a: Toxapex|90/100\n|-damage|p1b: Wo-Chien|51/100\n|move|p2b: Koraidon|Collision Course|p1b: Wo-Chien\n|-damage|p1b: Wo-Chien|18/100\n|move|p1b: Wo-Chien|Knock Off|p2b: Koraidon\n|-resisted|p2b: Koraidon\n|-damage|p2b: Koraidon|96/100\n|-enditem|p2b: Koraidon|Clear Amulet|[from] move: Knock Off|[of] p1b: Wo-Chien\n|\n|-weather|SunnyDay|[upkeep]\n|-damage|p2a: Flutter Mane|33/100|[from] Leech Seed|[of] p1b: Wo-Chien\n|-heal|p1b: Wo-Chien|29/100|[silent]\n|upkeep\n|turn|4\n|inactive|chiimaera has 30 seconds left.\n|\n|t:|1772725342\n|-end|p2a: Flutter Mane|Protosynthesis|[silent]\n|switch|p2a: Incineroar|Incineroar, L50, M|88/100\n|-ability|p2a: Incineroar|Intimidate|boost\n|-unboost|p1a: Toxapex|atk|1\n|-unboost|p1b: Wo-Chien|atk|1\n|switch|p1b: Ho-Oh|Ho-Oh, L50|100/100\n|move|p2b: Koraidon|Protect|p2b: Koraidon\n|-singleturn|p2b: Koraidon|Protect\n|move|p1a: Toxapex|Toxic|p2a: Incineroar\n|-status|p2a: Incineroar|tox\n|\n|-weather|SunnyDay|[upkeep]\n|-damage|p2a: Incineroar|82/100 tox|[from] psn\n|upkeep\n|turn|5\n|inactive|chiimaera has 30 seconds left.\n|inactive|CHR1SPHX has 30 seconds left.\n|inactive|CHR1SPHX has 20 seconds left.\n|inactive|CHR1SPHX has 15 seconds left.\n|\n|t:|1772725386\n|move|p2b: Koraidon|Flare Blitz|p1b: Ho-Oh\n|-resisted|p1b: Ho-Oh\n|-damage|p1b: Ho-Oh|66/100\n|-damage|p2b: Koraidon|83/100|[from] Recoil\n|move|p1b: Ho-Oh|Will-O-Wisp|p2b: Koraidon\n|-status|p2b: Koraidon|brn\n|move|p2a: Incineroar|Knock Off|p1b: Ho-Oh\n|-damage|p1b: Ho-Oh|31/100\n|-enditem|p1b: Ho-Oh|Leftovers|[from] move: Knock Off|[of] p2a: Incineroar\n|move|p1a: Toxapex|Infestation|p2a: Incineroar\n|-damage|p2a: Incineroar|80/100 tox\n|-activate|p2a: Incineroar|move: Infestation|[of] p1a: Toxapex\n|\n|-weather|SunnyDay|[upkeep]\n|-damage|p2a: Incineroar|68/100 tox|[from] psn\n|-damage|p2b: Koraidon|77/100 brn|[from] brn\n|-damage|p2a: Incineroar|55/100 tox|[from] move: Infestation|[partiallytrapped]\n|upkeep\n|turn|6\n|\n|t:|1772725411\n|switch|p1b: Incineroar|Incineroar, L50, M|36/100\n|-ability|p1b: Incineroar|Intimidate|boost\n|-unboost|p2a: Incineroar|atk|1\n|-unboost|p2b: Koraidon|atk|1\n|move|p2b: Koraidon|Protect|p2b: Koraidon\n|-singleturn|p2b: Koraidon|Protect\n|move|p2a: Incineroar|Taunt|p1a: Toxapex\n|-start|p1a: Toxapex|move: Taunt\n|move|p1a: Toxapex|Infestation|p2b: Koraidon\n|-activate|p2b: Koraidon|move: Protect\n|\n|-weather|none\n|-damage|p2a: Incineroar|38/100 tox|[from] psn\n|-damage|p2b: Koraidon|71/100 brn|[from] brn\n|-damage|p2a: Incineroar|25/100 tox|[from] move: Infestation|[partiallytrapped]\n|upkeep\n|turn|7\n|\n|t:|1772725432\n|switch|p2b: Ursaluna|Ursaluna-Bloodmoon, L50, M|100/100\n|switch|p1b: Ho-Oh|Ho-Oh, L50|64/100\n|move|p2a: Incineroar|Parting Shot|p1b: Ho-Oh\n|-unboost|p1b: Ho-Oh|atk|1\n|-unboost|p1b: Ho-Oh|spa|1\n|\n|t:|1772725441\n|switch|p2a: Flutter Mane|Flutter Mane, L50, tera:Stellar|33/100|[from] Parting Shot\n|move|p1a: Toxapex|Infestation|p2b: Ursaluna\n|-damage|p2b: Ursaluna|98/100\n|-activate|p2b: Ursaluna|move: Infestation|[of] p1a: Toxapex\n|\n|-damage|p2b: Ursaluna|85/100|[from] move: Infestation|[partiallytrapped]\n|upkeep\n|turn|8\n|inactive|chiimaera has 30 seconds left.\n|inactive|chiimaera has 20 seconds left.\n|\n|t:|1772725479\n|switch|p1a: Wo-Chien|Wo-Chien, L50, tera:Water|29/100\n|-ability|p1a: Wo-Chien|Tablets of Ruin\n|move|p2a: Flutter Mane|Shadow Ball|p1b: Ho-Oh\n|-crit|p1b: Ho-Oh\n|-damage|p1b: Ho-Oh|26/100\n|-unboost|p1b: Ho-Oh|spd|1\n|move|p1b: Ho-Oh|Sacred Fire|p2a: Flutter Mane\n|-damage|p2a: Flutter Mane|0 fnt\n|faint|p2a: Flutter Mane\n|-end|p2a: Flutter Mane|Protosynthesis|[silent]\n|move|p2b: Ursaluna|Hyper Voice|p1a: Wo-Chien|[spread] p1a,p1b\n|-damage|p1a: Wo-Chien|0 fnt\n|-damage|p1b: Ho-Oh|0 fnt\n|faint|p1a: Wo-Chien\n|faint|p1b: Ho-Oh\n|-damage|p2b: Ursaluna|76/100|[from] item: Life Orb\n|\n|-end|p2b: Ursaluna|Infestation|[partiallytrapped]|[silent]\n|upkeep\n|\n|t:|1772725495\n|switch|p2a: Koraidon|Koraidon, L50|71/100 brn\n|switch|p1b: Incineroar|Incineroar, L50, M|36/100\n|switch|p1a: Toxapex|Toxapex, L50, F|100/100\n|-weather|SunnyDay|[from] ability: Orichalcum Pulse|[of] p2a: Koraidon\n|-activate|p2a: Koraidon|Orichalcum Pulse|[source]\n|-ability|p1b: Incineroar|Intimidate|boost\n|-unboost|p2a: Koraidon|atk|1\n|-unboost|p2b: Ursaluna|atk|1\n|turn|9\n|\n|t:|1772725503\n|switch|p2a: Incineroar|Incineroar, L50, M|25/100 tox\n|-ability|p2a: Incineroar|Intimidate|boost\n|-unboost|p1a: Toxapex|atk|1\n|-unboost|p1b: Incineroar|atk|1\n|move|p2b: Ursaluna|Protect|p2b: Ursaluna\n|-singleturn|p2b: Ursaluna|Protect\n|move|p1b: Incineroar|Fake Out|p2a: Incineroar\n|-damage|p2a: Incineroar|19/100 tox\n|move|p1a: Toxapex|Toxic|p2b: Ursaluna\n|-activate|p2b: Ursaluna|move: Protect\n|\n|-weather|SunnyDay|[upkeep]\n|-damage|p2a: Incineroar|13/100 tox|[from] psn\n|upkeep\n|turn|10\n|\n|t:|1772725523\n|move|p2a: Incineroar|Fake Out|p1a: Toxapex\n|-damage|p1a: Toxapex|93/100\n|cant|p1a: Toxapex|flinch\n|move|p1b: Incineroar|Knock Off|p2b: Ursaluna\n|-damage|p2b: Ursaluna|58/100\n|-enditem|p2b: Ursaluna|Life Orb|[from] move: Knock Off|[of] p1b: Incineroar\n|move|p2b: Ursaluna|Earth Power|p1b: Incineroar\n|-supereffective|p1b: Incineroar\n|-damage|p1b: Incineroar|0 fnt\n|faint|p1b: Incineroar\n|\n|-weather|SunnyDay|[upkeep]\n|-damage|p2a: Incineroar|1/100 tox|[from] psn\n|upkeep\n|turn|11\n|inactive|CHR1SPHX has 30 seconds left.\n|\n|t:|1772725552\n|move|p2a: Incineroar|Parting Shot|p1a: Toxapex\n|-unboost|p1a: Toxapex|atk|1\n|-unboost|p1a: Toxapex|spa|1\n|\n|t:|1772725554\n|switch|p2a: Koraidon|Koraidon, L50|71/100 brn|[from] Parting Shot\n|-activate|p2a: Koraidon|ability: Orichalcum Pulse\n|move|p1a: Toxapex|Toxic|p2b: Ursaluna\n|-status|p2b: Ursaluna|tox\n|move|p2b: Ursaluna|Earth Power|p1a: Toxapex\n|-supereffective|p1a: Toxapex\n|-damage|p1a: Toxapex|30/100\n|-enditem|p1a: Toxapex|Sitrus Berry|[eat]\n|-heal|p1a: Toxapex|55/100|[from] item: Sitrus Berry\n|\n|-weather|SunnyDay|[upkeep]\n|-damage|p2b: Ursaluna|52/100 tox|[from] psn\n|-damage|p2a: Koraidon|65/100 brn|[from] brn\n|upkeep\n|turn|12\n|\n|t:|1772725570\n|switch|p2b: Incineroar|Incineroar, L50, M|1/100 tox\n|-ability|p2b: Incineroar|Intimidate|boost\n|-unboost|p1a: Toxapex|atk|1\n|move|p1a: Toxapex|Baneful Bunker|p1a: Toxapex\n|-singleturn|p1a: Toxapex|move: Protect\n|move|p2a: Koraidon|Collision Course|p1a: Toxapex\n|-activate|p1a: Toxapex|move: Protect\n|\n|-weather|SunnyDay|[upkeep]\n|-damage|p2b: Incineroar|0 fnt|[from] psn\n|faint|p2b: Incineroar\n|-damage|p2a: Koraidon|59/100 brn|[from] brn\n|upkeep\n|\n|t:|1772725572\n|switch|p2b: Ursaluna|Ursaluna-Bloodmoon, L50, M|52/100 tox\n|turn|13\n|\n|t:|1772725576\n|move|p2a: Koraidon|Collision Course|p1a: Toxapex\n|-resisted|p1a: Toxapex\n|-damage|p1a: Toxapex|43/100\n|move|p1a: Toxapex|Infestation|p2b: Ursaluna\n|-damage|p2b: Ursaluna|50/100 tox\n|-activate|p2b: Ursaluna|move: Infestation|[of] p1a: Toxapex\n|move|p2b: Ursaluna|Earth Power|p1a: Toxapex\n|-supereffective|p1a: Toxapex\n|-damage|p1a: Toxapex|0 fnt\n|faint|p1a: Toxapex\n|\n|win|CHR1SPHX\n|raw|chiimaera's rating: 1106 &rarr; <strong>1089</strong><br />(-17 for losing)\n|raw|CHR1SPHX's rating: 1227 &rarr; <strong>1244</strong><br />(+17 for winning)\n|l|\u2606chiimaera\n|player|p1|\n|l|\u2606CHR1SPHX\n|player|p2|\n","uploadtime":1772725773,"views":14,"formatid":"gen9vgc2026regi","rating":1089,"private":0,"password":null}