{"id":"gen9vgc2026regi-2565398663","format":"[Gen 9] VGC 2026 Reg I","players":["BreakTheShadowWall","htotoT"],"log":"|j|\u2606BreakTheShadowWall\n|j|\u2606htotoT\n|t:|1774271731\n|gametype|doubles\n|player|p1|BreakTheShadowWall|elesa|1460\n|player|p2|htotoT|102|1467\n|gen|9\n|tier|[Gen 9] VGC 2026 Reg I\n|rated|\n|rule|Species Clause: Limit one of each Pok\u00e9mon\n|rule|Item Clause: Limit 1 of each item\n|clearpoke\n|poke|p1|Miraidon, L50|\n|poke|p1|Iron Bundle, L50|\n|poke|p1|Lunala, L50|\n|poke|p1|Incineroar, L50, F|\n|poke|p1|Urshifu-*, L50, M|\n|poke|p1|Ursaluna, L50, F|\n|poke|p2|Grimmsnarl, L50, M|\n|poke|p2|Terapagos, L50, M|\n|poke|p2|Raichu, L50, F|\n|poke|p2|Ogerpon-Wellspring, L50, F|\n|poke|p2|Amoonguss, L50, F|\n|poke|p2|Kyogre, L50|\n|teampreview|4\n|inactive|Battle timer is ON: inactive players will automatically lose when time's up. (requested by htotoT)\n|inactive|BreakTheShadowWall has 60 seconds left.\n|\n|t:|1774271781\n|teamsize|p1|4\n|teamsize|p2|4\n|start\n|switch|p1a: Iron Bundle|Iron Bundle, L50|100/100\n|switch|p1b: Miraidon|Miraidon, L50|100/100\n|switch|p2a: Grimmsnarl|Grimmsnarl, L50, M|100/100\n|switch|p2b: Terapagos|Terapagos, L50, M|100/100\n|-activate|p2b: Terapagos|ability: Tera Shift\n|detailschange|p2b: Terapagos|Terapagos-Terastal, L50, M\n|-heal|p2b: Terapagos|100/100|[silent]\n|-fieldstart|move: Electric Terrain|[from] ability: Hadron Engine|[of] p1b: Miraidon\n|-activate|p1a: Iron Bundle|ability: Quark Drive\n|-start|p1a: Iron Bundle|quarkdrivespe\n|turn|1\n|\n|t:|1774271800\n|move|p2a: Grimmsnarl|Light Screen|p2a: Grimmsnarl\n|-sidestart|p2: htotoT|move: Light Screen\n|move|p1a: Iron Bundle|Encore|p2a: Grimmsnarl\n|-start|p2a: Grimmsnarl|Encore\n|move|p1b: Miraidon|Volt Switch|p2b: Terapagos\n|-activate|p2b: Terapagos|ability: Tera Shell\n|-resisted|p2b: Terapagos\n|-damage|p2b: Terapagos|75/100\n|\n|t:|1774271808\n|switch|p1b: Urshifu|Urshifu-Rapid-Strike, L50, M|100/100|[from] Volt Switch\n|move|p2b: Terapagos|Calm Mind|p2b: Terapagos\n|-boost|p2b: Terapagos|spa|1\n|-boost|p2b: Terapagos|spd|1\n|\n|-heal|p2b: Terapagos|81/100|[from] item: Leftovers\n|upkeep\n|turn|2\n|inactive|htotoT has 30 seconds left.\n|inactive|BreakTheShadowWall has 30 seconds left.\n|\n|t:|1774271853\n|switch|p2b: Raichu|Raichu, L50, F|100/100\n|switch|p2a: Kyogre|Kyogre, L50|100/100\n|-weather|RainDance|[from] ability: Drizzle|[of] p2a: Kyogre\n|move|p1a: Iron Bundle|Taunt|p2a: Kyogre\n|-start|p2a: Kyogre|move: Taunt\n|move|p1b: Urshifu|Close Combat|p2b: Raichu\n|-damage|p2b: Raichu|0 fnt\n|-unboost|p1b: Urshifu|def|1\n|-unboost|p1b: Urshifu|spd|1\n|faint|p2b: Raichu\n|\n|-weather|RainDance|[upkeep]\n|upkeep\n|\n|t:|1774271872\n|switch|p2b: Grimmsnarl|Grimmsnarl, L50, M|100/100\n|turn|3\n|\n|t:|1774271889\n|switch|p1b: Miraidon|Miraidon, L50|100/100\n|-activate|p1b: Miraidon|ability: Hadron Engine\n|move|p1a: Iron Bundle|Encore||[still]\n|-fail|p1a: Iron Bundle\n|move|p2a: Kyogre|Water Spout|p1b: Miraidon|[spread] p1a,p1b\n|-resisted|p1a: Iron Bundle\n|-resisted|p1b: Miraidon\n|-damage|p1a: Iron Bundle|1/100\n|-damage|p1b: Miraidon|61/100\n|move|p2b: Grimmsnarl|Foul Play|p1b: Miraidon\n|-damage|p1b: Miraidon|37/100\n|\n|-weather|RainDance|[upkeep]\n|upkeep\n|turn|4\n|inactive|BreakTheShadowWall has 30 seconds left.\n|inactive|BreakTheShadowWall has 20 seconds left.\n|\n|t:|1774271927\n|move|p1a: Iron Bundle|Protect|p1a: Iron Bundle\n|-singleturn|p1a: Iron Bundle|Protect\n|move|p2b: Grimmsnarl|Reflect|p2b: Grimmsnarl\n|-sidestart|p2: htotoT|Reflect\n|move|p2a: Kyogre|Water Spout|p1a: Iron Bundle|[spread] p1b\n|-activate|p1a: Iron Bundle|move: Protect\n|-resisted|p1b: Miraidon\n|-damage|p1b: Miraidon|0 fnt\n|faint|p1b: Miraidon\n|\n|-weather|RainDance|[upkeep]\n|-end|p2a: Kyogre|move: Taunt\n|upkeep\n|\n|t:|1774271942\n|switch|p1b: Lunala|Lunala, L50, shiny|100/100\n|-enditem|p1b: Lunala|Electric Seed\n|-boost|p1b: Lunala|def|1|[from] item: Electric Seed\n|turn|5\n|inactive|BreakTheShadowWall has 30 seconds left.\n|inactive|BreakTheShadowWall has 20 seconds left.\n|inactive|BreakTheShadowWall has 15 seconds left.\n|inactive|BreakTheShadowWall has 10 seconds left.\n|\n|t:|1774271990\n|switch|p2a: Terapagos|Terapagos-Terastal, L50, M|81/100\n|move|p1b: Lunala|Wide Guard|p1b: Lunala\n|-singleturn|p1b: Lunala|Wide Guard\n|move|p1a: Iron Bundle|Taunt|p2b: Grimmsnarl\n|-start|p2b: Grimmsnarl|move: Taunt\n|move|p2b: Grimmsnarl|Foul Play|p1b: Lunala\n|-supereffective|p1b: Lunala\n|-crit|p1b: Lunala\n|-damage|p1b: Lunala|30/100\n|\n|-weather|RainDance|[upkeep]\n|-heal|p2a: Terapagos|86/100|[from] item: Leftovers\n|-fieldend|move: Electric Terrain\n|-end|p1a: Iron Bundle|Quark Drive\n|upkeep\n|turn|6\n|inactive|BreakTheShadowWall has 30 seconds left.\n|inactive|BreakTheShadowWall has 20 seconds left.\n|inactive|BreakTheShadowWall has 15 seconds left.\n|inactive|BreakTheShadowWall has 10 seconds left.\n|\n|t:|1774272038\n|move|p1a: Iron Bundle|Taunt|p2a: Terapagos\n|-start|p2a: Terapagos|move: Taunt\n|move|p1b: Lunala|Moonblast|p2b: Grimmsnarl\n|-supereffective|p2b: Grimmsnarl\n|-damage|p2b: Grimmsnarl|57/100\n|move|p2a: Terapagos|Tera Starstorm|p1a: Iron Bundle\n|-damage|p1a: Iron Bundle|0 fnt\n|faint|p1a: Iron Bundle\n|-end|p1a: Iron Bundle|Quark Drive|[silent]\n|move|p2b: Grimmsnarl|Foul Play|p1b: Lunala\n|-supereffective|p1b: Lunala\n|-damage|p1b: Lunala|0 fnt\n|faint|p1b: Lunala\n|\n|-weather|none\n|-heal|p2a: Terapagos|92/100|[from] item: Leftovers\n|upkeep\n|\n|t:|1774272048\n|switch|p1b: Urshifu|Urshifu-Rapid-Strike, L50, M|100/100\n|turn|7\n|\n|t:|1774272057\n|switch|p2b: Kyogre|Kyogre, L50|100/100\n|-weather|RainDance|[from] ability: Drizzle|[of] p2b: Kyogre\n|move|p1b: Urshifu|Surging Strikes|p2b: Kyogre\n|-resisted|p2b: Kyogre\n|-crit|p2b: Kyogre\n|-damage|p2b: Kyogre|72/100\n|-resisted|p2b: Kyogre\n|-crit|p2b: Kyogre\n|-damage|p2b: Kyogre|43/100\n|-resisted|p2b: Kyogre\n|-crit|p2b: Kyogre\n|-damage|p2b: Kyogre|16/100\n|-hitcount|p2b: Kyogre|3\n|move|p2a: Terapagos|Tera Starstorm|p1b: Urshifu\n|-damage|p1b: Urshifu|29/100\n|\n|-weather|RainDance|[upkeep]\n|-heal|p2a: Terapagos|98/100|[from] item: Leftovers\n|upkeep\n|turn|8\n|\n|t:|1774272082\n|switch|p2a: Grimmsnarl|Grimmsnarl, L50, M|57/100\n|-terastallize|p1b: Urshifu|Stellar\n|move|p2b: Kyogre|Ice Beam|p1b: Urshifu\n|-resisted|p1b: Urshifu\n|-damage|p1b: Urshifu|5/100\n|move|p1b: Urshifu|Surging Strikes|p2a: Grimmsnarl\n|-crit|p2a: Grimmsnarl\n|-damage|p2a: Grimmsnarl|0 fnt\n|faint|p2a: Grimmsnarl\n|-hitcount|p2: Grimmsnarl|1\n|\n|-weather|RainDance|[upkeep]\n|-sideend|p2: htotoT|move: Light Screen\n|upkeep\n|\n|t:|1774272090\n|switch|p2a: Terapagos|Terapagos-Terastal, L50, M|98/100\n|turn|9\n|l|\u2606BreakTheShadowWall\n|inactive|BreakTheShadowWall disconnected and has a minute to reconnect!\n|player|p1|\n|j|\u2606BreakTheShadowWall\n|inactive|BreakTheShadowWall reconnected and has 35 seconds left.\n|player|p1|BreakTheShadowWall|elesa|\n|\n|t:|1774272115\n|move|p2b: Kyogre|Ice Beam|p1b: Urshifu\n|-resisted|p1b: Urshifu\n|-damage|p1b: Urshifu|0 fnt\n|faint|p1b: Urshifu\n|\n|win|htotoT\n|raw|BreakTheShadowWall's rating: 1460 &rarr; <strong>1440</strong><br />(-20 for losing)\n|raw|htotoT's rating: 1467 &rarr; <strong>1487</strong><br />(+20 for winning)\n|l|\u2606htotoT\n|player|p2|\n|l|\u2606BreakTheShadowWall\n|player|p1|\n","uploadtime":1774272280,"views":11,"formatid":"gen9vgc2026regi","rating":1440,"private":0,"password":null}