{"id":"gen9vgc2026regi-2561676578","format":"[Gen 9] VGC 2026 Reg I","players":["Geezerlad45","sheeshshane925"],"log":"|j|\u2606Geezerlad45\n|j|\u2606sheeshshane925\n|t:|1773831506\n|gametype|doubles\n|player|p1|Geezerlad45|cynthia-gen4|1275\n|player|p2|sheeshshane925|chuck|1460\n|gen|9\n|tier|[Gen 9] VGC 2026 Reg I\n|rated|\n|rule|Species Clause: Limit one of each Pok\u00e9mon\n|rule|Item Clause: Limit 1 of each item\n|clearpoke\n|poke|p1|Dialga, L50|\n|poke|p1|Landorus-Therian, L50, M|\n|poke|p1|Lunala, L50|\n|poke|p1|Ogerpon-Wellspring, L50, F|\n|poke|p1|Iron Moth, L50|\n|poke|p1|Whimsicott, L50, M|\n|poke|p2|Calyrex-Ice, L50|\n|poke|p2|Miraidon, L50|\n|poke|p2|Farigiraf, L50, M|\n|poke|p2|Iron Hands, L50|\n|poke|p2|Scraggy, L50, M|\n|poke|p2|Iron Bundle, L50|\n|teampreview|4\n|inactive|Battle timer is ON: inactive players will automatically lose when time's up. (requested by Geezerlad45)\n|inactive|Geezerlad45 has 60 seconds left.\n|inactive|sheeshshane925 has 60 seconds left.\n|inactive|sheeshshane925 has 30 seconds left.\n|\n|t:|1773831572\n|teamsize|p1|4\n|teamsize|p2|4\n|start\n|switch|p1a: Landorus|Landorus-Therian, L50, M|100/100\n|switch|p1b: Whimsicott|Whimsicott, L50, M|100/100\n|switch|p2a: Miraidon|Miraidon, L50, shiny|100/100\n|switch|p2b: Iron Bundle|Iron Bundle, L50|100/100\n|-fieldstart|move: Electric Terrain|[from] ability: Hadron Engine|[of] p2a: Miraidon\n|-activate|p2b: Iron Bundle|ability: Quark Drive\n|-start|p2b: Iron Bundle|quarkdrivespe\n|-ability|p1a: Landorus|Intimidate|boost\n|-unboost|p2a: Miraidon|atk|1\n|-unboost|p2b: Iron Bundle|atk|1\n|turn|1\n|\n|t:|1773831590\n|-terastallize|p2a: Miraidon|Fairy\n|move|p1b: Whimsicott|Tailwind|p1b: Whimsicott\n|-sidestart|p1: Geezerlad45|move: Tailwind\n|move|p2b: Iron Bundle|Icy Wind|p1a: Landorus|[spread] p1a,p1b\n|-supereffective|p1a: Landorus\n|-supereffective|p1b: Whimsicott\n|-damage|p1a: Landorus|6/100\n|-damage|p1b: Whimsicott|20/100\n|-unboost|p1a: Landorus|spe|1\n|-unboost|p1b: Whimsicott|spe|1\n|move|p1a: Landorus|Earthquake|p2a: Miraidon|[spread] p1b,p2a,p2b\n|-resisted|p1b: Whimsicott\n|-damage|p1b: Whimsicott|0 fnt\n|-damage|p2a: Miraidon|45/100\n|-damage|p2b: Iron Bundle|32/100\n|faint|p1b: Whimsicott\n|move|p2a: Miraidon|Dazzling Gleam|p1a: Landorus\n|-damage|p1a: Landorus|0 fnt\n|faint|p1a: Landorus\n|-damage|p2a: Miraidon|36/100|[from] item: Life Orb\n|\n|upkeep\n|\n|t:|1773831603\n|switch|p1b: Lunala|Lunala, L50|100/100\n|switch|p1a: Dialga|Dialga, L50|100/100\n|turn|2\n|\n|t:|1773831619\n|move|p2a: Miraidon|Protect|p2a: Miraidon\n|-singleturn|p2a: Miraidon|Protect\n|move|p1b: Lunala|Wide Guard|p1b: Lunala\n|-singleturn|p1b: Lunala|Wide Guard\n|move|p2b: Iron Bundle|Icy Wind|p1b: Lunala|[spread] \n|-activate|p1a: Dialga|move: Wide Guard\n|-activate|p1b: Lunala|move: Wide Guard\n|move|p1a: Dialga|Flash Cannon|p2b: Iron Bundle\n|-damage|p2b: Iron Bundle|0 fnt\n|faint|p2b: Iron Bundle\n|-end|p2b: Iron Bundle|Quark Drive|[silent]\n|\n|upkeep\n|\n|t:|1773831635\n|switch|p2b: Iron Hands|Iron Hands, L50|100/100\n|-activate|p2b: Iron Hands|ability: Quark Drive\n|-start|p2b: Iron Hands|quarkdriveatk\n|turn|3\n|\n|t:|1773831647\n|move|p1b: Lunala|Meteor Beam||[still]\n|-prepare|p1b: Lunala|Meteor Beam\n|-boost|p1b: Lunala|spa|1\n|-enditem|p1b: Lunala|Power Herb\n|-anim|p1b: Lunala|Meteor Beam|p2a: Miraidon\n|-damage|p2a: Miraidon|0 fnt\n|faint|p2a: Miraidon\n|move|p1a: Dialga|Flash Cannon|p2b: Iron Hands\n|-resisted|p2b: Iron Hands\n|-damage|p2b: Iron Hands|86/100\n|move|p2b: Iron Hands|Wild Charge|p1b: Lunala\n|-damage|p1b: Lunala|66/100\n|-damage|p2b: Iron Hands|77/100|[from] Recoil\n|\n|upkeep\n|\n|t:|1773831654\n|switch|p2a: Calyrex|Calyrex-Ice, L50|100/100\n|-ability|p2a: Calyrex|As One\n|-ability|p2a: Calyrex|Unnerve\n|turn|4\n|\n|t:|1773831668\n|move|p2a: Calyrex|Protect|p2a: Calyrex\n|-singleturn|p2a: Calyrex|Protect\n|move|p1b: Lunala|Moongeist Beam|p2b: Iron Hands\n|-damage|p2b: Iron Hands|36/100\n|move|p1a: Dialga|Dragon Pulse|p2b: Iron Hands\n|-damage|p2b: Iron Hands|8/100\n|move|p2b: Iron Hands|Wild Charge|p1b: Lunala\n|-damage|p1b: Lunala|0 fnt\n|faint|p1b: Lunala\n|-damage|p2b: Iron Hands|0 fnt|[from] Recoil\n|faint|p2b: Iron Hands\n|-end|p2b: Iron Hands|Quark Drive|[silent]\n|\n|-sideend|p1: Geezerlad45|move: Tailwind\n|upkeep\n|turn|5\n|inactive|sheeshshane925 has 30 seconds left.\n|\n|t:|1773831693\n|move|p1a: Dialga|Flash Cannon|p2a: Calyrex\n|-supereffective|p2a: Calyrex\n|-damage|p2a: Calyrex|27/100\n|move|p2a: Calyrex|High Horsepower|p1a: Dialga\n|-supereffective|p1a: Dialga\n|-damage|p1a: Dialga|39/100\n|\n|-fieldend|move: Electric Terrain\n|upkeep\n|turn|6\n|-message|sheeshshane925 forfeited.\n|\n|win|Geezerlad45\n|raw|Geezerlad45's rating: 1275 &rarr; <strong>1312</strong><br />(+37 for winning)\n|raw|sheeshshane925's rating: 1460 &rarr; <strong>1430</strong><br />(-30 for losing)\n|l|\u2606sheeshshane925\n|player|p2|\n|l|\u2606Geezerlad45\n|player|p1|\n","uploadtime":1773831893,"views":11,"formatid":"gen9vgc2026regi","rating":1312,"private":0,"password":null}