{"id":"gen9vgc2026regi-2565407645","format":"[Gen 9] VGC 2026 Reg I","players":["kojimuranishi","htotoT"],"log":"|j|\u2606kojimuranishi\n|j|\u2606htotoT\n|t:|1774272600\n|gametype|doubles\n|player|p1|kojimuranishi|2|1593\n|player|p2|htotoT|102|1515\n|gen|9\n|tier|[Gen 9] VGC 2026 Reg I\n|rated|\n|rule|Species Clause: Limit one of each Pok\u00e9mon\n|rule|Item Clause: Limit 1 of each item\n|clearpoke\n|poke|p1|Ogerpon-Cornerstone, L50, F|\n|poke|p1|Ho-Oh, L50|\n|poke|p1|Miraidon, L50|\n|poke|p1|Chien-Pao, L50|\n|poke|p1|Ursaluna, L50, F|\n|poke|p1|Farigiraf, L50, F|\n|poke|p2|Grimmsnarl, L50, M|\n|poke|p2|Terapagos, L50, M|\n|poke|p2|Raichu, L50, F|\n|poke|p2|Ogerpon-Wellspring, L50, F|\n|poke|p2|Amoonguss, L50, M|\n|poke|p2|Kyogre, L50|\n|teampreview|4\n|inactive|Battle timer is ON: inactive players will automatically lose when time's up. (requested by htotoT)\n|\n|t:|1774272626\n|teamsize|p1|4\n|teamsize|p2|4\n|start\n|switch|p1a: Chien-Pao|Chien-Pao, L50|100/100\n|switch|p1b: Miraidon|Miraidon, L50|100/100\n|switch|p2a: Grimmsnarl|Grimmsnarl, L50, M|100/100\n|switch|p2b: Terapagos|Terapagos, L50, M|100/100\n|-activate|p2b: Terapagos|ability: Tera Shift\n|detailschange|p2b: Terapagos|Terapagos-Terastal, L50, M\n|-heal|p2b: Terapagos|100/100|[silent]\n|-fieldstart|move: Electric Terrain|[from] ability: Hadron Engine|[of] p1b: Miraidon\n|-ability|p1a: Chien-Pao|Sword of Ruin\n|turn|1\n|inactive|htotoT has 30 seconds left.\n|\n|t:|1774272655\n|move|p2a: Grimmsnarl|Reflect|p2a: Grimmsnarl\n|-sidestart|p2: htotoT|Reflect\n|move|p1b: Miraidon|Snarl|p2b: Terapagos|[spread] p2a,p2b\n|-resisted|p2a: Grimmsnarl\n|-activate|p2b: Terapagos|ability: Tera Shell\n|-resisted|p2b: Terapagos\n|-damage|p2a: Grimmsnarl|96/100\n|-damage|p2b: Terapagos|93/100\n|-unboost|p2a: Grimmsnarl|spa|1\n|-unboost|p2b: Terapagos|spa|1\n|move|p1a: Chien-Pao|Icicle Crash|p2a: Grimmsnarl\n|-damage|p2a: Grimmsnarl|59/100\n|move|p2b: Terapagos|Calm Mind|p2b: Terapagos\n|-boost|p2b: Terapagos|spa|1\n|-boost|p2b: Terapagos|spd|1\n|\n|-heal|p2b: Terapagos|99/100|[from] item: Leftovers\n|upkeep\n|turn|2\n|\n|t:|1774272673\n|move|p2b: Terapagos|Protect|p2b: Terapagos\n|-singleturn|p2b: Terapagos|Protect\n|move|p2a: Grimmsnarl|Light Screen|p2a: Grimmsnarl\n|-sidestart|p2: htotoT|move: Light Screen\n|move|p1b: Miraidon|Snarl|p2b: Terapagos|[spread] p2a\n|-activate|p2b: Terapagos|move: Protect\n|-resisted|p2a: Grimmsnarl\n|-damage|p2a: Grimmsnarl|56/100\n|-unboost|p2a: Grimmsnarl|spa|1\n|move|p1a: Chien-Pao|Icicle Crash|p2a: Grimmsnarl\n|-damage|p2a: Grimmsnarl|20/100\n|\n|-heal|p2b: Terapagos|100/100|[from] item: Leftovers\n|upkeep\n|turn|3\n|\n|t:|1774272689\n|move|p2a: Grimmsnarl|Parting Shot|p1b: Miraidon\n|-unboost|p1b: Miraidon|atk|1\n|-unboost|p1b: Miraidon|spa|1\n|\n|t:|1774272692\n|switch|p2a: Raichu|Raichu, L50, F|100/100|[from] Parting Shot\n|move|p1b: Miraidon|Snarl|p2a: Raichu|[spread] p2a,p2b\n|-activate|p2b: Terapagos|ability: Tera Shell\n|-resisted|p2b: Terapagos\n|-damage|p2a: Raichu|92/100\n|-damage|p2b: Terapagos|98/100\n|-unboost|p2a: Raichu|spa|1\n|-unboost|p2b: Terapagos|spa|1\n|move|p1a: Chien-Pao|Icicle Crash|p2a: Raichu\n|-damage|p2a: Raichu|33/100\n|move|p2b: Terapagos|Calm Mind|p2b: Terapagos\n|-boost|p2b: Terapagos|spa|1\n|-boost|p2b: Terapagos|spd|1\n|\n|-heal|p2b: Terapagos|100/100|[from] item: Leftovers\n|upkeep\n|turn|4\n|\n|t:|1774272715\n|move|p2a: Raichu|Fake Out|p1b: Miraidon\n|-damage|p1b: Miraidon|89/100\n|cant|p1b: Miraidon|flinch\n|move|p1a: Chien-Pao|Crunch|p2a: Raichu\n|-crit|p2a: Raichu\n|-damage|p2a: Raichu|0 fnt\n|faint|p2a: Raichu\n|move|p2b: Terapagos|Calm Mind|p2b: Terapagos\n|-boost|p2b: Terapagos|spa|1\n|-boost|p2b: Terapagos|spd|1\n|\n|upkeep\n|\n|t:|1774272728\n|switch|p2a: Kyogre|Kyogre, L50|100/100\n|-weather|RainDance|[from] ability: Drizzle|[of] p2a: Kyogre\n|turn|5\n|\n|t:|1774272739\n|move|p1a: Chien-Pao|Protect|p1a: Chien-Pao\n|-singleturn|p1a: Chien-Pao|Protect\n|move|p1b: Miraidon|Snarl|p2a: Kyogre|[spread] p2a,p2b\n|-activate|p2b: Terapagos|ability: Tera Shell\n|-resisted|p2b: Terapagos\n|-damage|p2a: Kyogre|94/100\n|-damage|p2b: Terapagos|99/100\n|-unboost|p2a: Kyogre|spa|1\n|-unboost|p2b: Terapagos|spa|1\n|move|p2a: Kyogre|Water Spout|p1a: Chien-Pao|[spread] p1b\n|-activate|p1a: Chien-Pao|move: Protect\n|-resisted|p1b: Miraidon\n|-damage|p1b: Miraidon|61/100\n|move|p2b: Terapagos|Tera Starstorm|p1a: Chien-Pao\n|-activate|p1a: Chien-Pao|move: Protect\n|\n|-weather|RainDance|[upkeep]\n|-heal|p2b: Terapagos|100/100|[from] item: Leftovers\n|-fieldend|move: Electric Terrain\n|upkeep\n|turn|6\n|\n|t:|1774272761\n|move|p1b: Miraidon|Snarl|p2b: Terapagos|[spread] p2a,p2b\n|-activate|p2b: Terapagos|ability: Tera Shell\n|-resisted|p2b: Terapagos\n|-damage|p2a: Kyogre|89/100\n|-damage|p2b: Terapagos|99/100\n|-unboost|p2a: Kyogre|spa|1\n|-unboost|p2b: Terapagos|spa|1\n|move|p2a: Kyogre|Water Spout|p1a: Chien-Pao|[spread] p1a,p1b\n|-resisted|p1b: Miraidon\n|-damage|p1a: Chien-Pao|25/100\n|-damage|p1b: Miraidon|42/100\n|move|p1a: Chien-Pao|Crunch|p2a: Kyogre\n|-damage|p2a: Kyogre|52/100\n|move|p2b: Terapagos|Tera Starstorm|p1a: Chien-Pao\n|-damage|p1a: Chien-Pao|0 fnt\n|faint|p1a: Chien-Pao\n|\n|-weather|RainDance|[upkeep]\n|-heal|p2b: Terapagos|100/100|[from] item: Leftovers\n|upkeep\n|\n|t:|1774272781\n|switch|p1a: Ogerpon|Ogerpon-Cornerstone, L50, F|100/100\n|turn|7\n|\n|t:|1774272790\n|switch|p2a: Grimmsnarl|Grimmsnarl, L50, M|20/100\n|move|p1b: Miraidon|Snarl|p2a: Grimmsnarl|[spread] p2a,p2b\n|-resisted|p2a: Grimmsnarl\n|-activate|p2b: Terapagos|ability: Tera Shell\n|-resisted|p2b: Terapagos\n|-damage|p2a: Grimmsnarl|18/100\n|-damage|p2b: Terapagos|99/100\n|-unboost|p2a: Grimmsnarl|spa|1\n|-unboost|p2b: Terapagos|spa|1\n|move|p1a: Ogerpon|Power Whip|p2a: Grimmsnarl\n|-damage|p2a: Grimmsnarl|0 fnt\n|faint|p2a: Grimmsnarl\n|move|p2b: Terapagos|Earth Power|p1b: Miraidon\n|-supereffective|p1b: Miraidon\n|-damage|p1b: Miraidon|18/100\n|\n|-weather|RainDance|[upkeep]\n|-heal|p2b: Terapagos|100/100|[from] item: Leftovers\n|upkeep\n|\n|t:|1774272806\n|switch|p2a: Kyogre|Kyogre, L50|52/100\n|turn|8\n|\n|t:|1774272820\n|move|p1a: Ogerpon|Spiky Shield|p1a: Ogerpon\n|-singleturn|p1a: Ogerpon|move: Protect\n|move|p1b: Miraidon|Snarl|p2b: Terapagos|[spread] p2a,p2b\n|-activate|p2b: Terapagos|ability: Tera Shell\n|-resisted|p2b: Terapagos\n|-damage|p2a: Kyogre|47/100\n|-damage|p2b: Terapagos|99/100\n|-unboost|p2a: Kyogre|spa|1\n|-unboost|p2b: Terapagos|spa|1\n|move|p2a: Kyogre|Origin Pulse|p1a: Ogerpon|[spread] p1b\n|-activate|p1a: Ogerpon|move: Protect\n|-resisted|p1b: Miraidon\n|-damage|p1b: Miraidon|0 fnt\n|faint|p1b: Miraidon\n|move|p2b: Terapagos|Earth Power|p1a: Ogerpon\n|-activate|p1a: Ogerpon|move: Protect\n|\n|-weather|RainDance|[upkeep]\n|-heal|p2b: Terapagos|100/100|[from] item: Leftovers\n|-sideend|p2: htotoT|Reflect\n|upkeep\n|\n|t:|1774272839\n|switch|p1b: Ho-Oh|Ho-Oh, L50|100/100\n|turn|9\n|\n|t:|1774272853\n|move|p2a: Kyogre|Origin Pulse|p1a: Ogerpon|[spread] p1b\n|-miss|p2a: Kyogre|p1a: Ogerpon\n|-supereffective|p1b: Ho-Oh\n|-crit|p1b: Ho-Oh\n|-damage|p1b: Ho-Oh|0 fnt\n|faint|p1b: Ho-Oh\n|move|p1a: Ogerpon|Power Whip|p2a: Kyogre\n|-supereffective|p2a: Kyogre\n|-damage|p2a: Kyogre|0 fnt\n|faint|p2a: Kyogre\n|move|p2b: Terapagos|Earth Power|p1a: Ogerpon\n|-damage|p1a: Ogerpon|86/100\n|\n|-weather|none\n|-sideend|p2: htotoT|move: Light Screen\n|upkeep\n|turn|10\n|inactive|kojimuranishi has 30 seconds left.\n|\n|t:|1774272884\n|move|p1a: Ogerpon|Ivy Cudgel|p2b: Terapagos|[anim] Ivy Cudgel Rock\n|-activate|p2b: Terapagos|ability: Tera Shell\n|-resisted|p2b: Terapagos\n|-crit|p2b: Terapagos\n|-damage|p2b: Terapagos|64/100\n|move|p2b: Terapagos|Calm Mind|p2b: Terapagos\n|-boost|p2b: Terapagos|spa|1\n|-boost|p2b: Terapagos|spd|1\n|\n|-heal|p2b: Terapagos|70/100|[from] item: Leftovers\n|upkeep\n|turn|11\n|\n|t:|1774272896\n|move|p2b: Terapagos|Protect|p2b: Terapagos\n|-singleturn|p2b: Terapagos|Protect\n|move|p1a: Ogerpon|Ivy Cudgel|p2b: Terapagos|[anim] Ivy Cudgel Rock\n|-activate|p2b: Terapagos|move: Protect\n|\n|-heal|p2b: Terapagos|76/100|[from] item: Leftovers\n|upkeep\n|turn|12\n|\n|t:|1774272919\n|-terastallize|p1a: Ogerpon|Rock\n|detailschange|p1a: Ogerpon|Ogerpon-Cornerstone-Tera, L50, F, tera:Rock\n|-ability|p1a: Ogerpon|Embody Aspect (Cornerstone)|boost\n|-boost|p1a: Ogerpon|def|1\n|-terastallize|p2b: Terapagos|Stellar\n|detailschange|p2b: Terapagos|Terapagos-Stellar, L50, M, tera:Stellar\n|-heal|p2b: Terapagos|82/100|[silent]\n|move|p1a: Ogerpon|Ivy Cudgel|p2b: Terapagos|[anim] Ivy Cudgel Rock\n|-damage|p2b: Terapagos|32/100\n|move|p2b: Terapagos|Tera Starstorm|p1a: Ogerpon\n|-supereffective|p1a: Ogerpon\n|-damage|p1a: Ogerpon|39/100\n|\n|-heal|p2b: Terapagos|38/100|[from] item: Leftovers\n|upkeep\n|turn|13\n|\n|t:|1774272936\n|move|p2b: Terapagos|Protect|p2b: Terapagos\n|-singleturn|p2b: Terapagos|Protect\n|move|p1a: Ogerpon|Ivy Cudgel|p2b: Terapagos|[anim] Ivy Cudgel Rock\n|-activate|p2b: Terapagos|move: Protect\n|\n|-heal|p2b: Terapagos|45/100|[from] item: Leftovers\n|upkeep\n|turn|14\n|\n|t:|1774272947\n|move|p2b: Terapagos|Protect||[still]\n|-fail|p2b: Terapagos\n|move|p1a: Ogerpon|Ivy Cudgel|p2b: Terapagos|[anim] Ivy Cudgel Rock\n|-damage|p2b: Terapagos|0 fnt\n|faint|p2b: Terapagos\n|detailschange|p2: Terapagos|Terapagos, L50, M|[silent]\n|\n|win|kojimuranishi\n|raw|kojimuranishi's rating: 1593 &rarr; <strong>1609</strong><br />(+16 for winning)\n|raw|htotoT's rating: 1515 &rarr; <strong>1499</strong><br />(-16 for losing)\n|l|\u2606htotoT\n|player|p2|\n|l|\u2606kojimuranishi\n|player|p1|\n","uploadtime":1774273102,"views":15,"formatid":"gen9vgc2026regi","rating":1499,"private":0,"password":null}