{"id":"gen9vgc2026regi-2586744094","format":"[Gen 9] VGC 2026 Reg I","players":["Pauliet456","Lil Tic"],"log":"|j|\u2606Pauliet456\n|j|\u2606Lil Tic\n|t:|1776456493\n|gametype|doubles\n|player|p1|Pauliet456|265|1332\n|player|p2|Lil Tic|101|1426\n|gen|9\n|tier|[Gen 9] VGC 2026 Reg I\n|rated|\n|rule|Species Clause: Limit one of each Pok\u00e9mon\n|rule|Item Clause: Limit 1 of each item\n|clearpoke\n|poke|p1|Koraidon, L50|\n|poke|p1|Gothitelle, L50, M|\n|poke|p1|Amoonguss, L50, M|\n|poke|p1|Incineroar, L50, M|\n|poke|p1|Scream Tail, L50|\n|poke|p1|Calyrex-Shadow, L50|\n|poke|p2|Koraidon, L50|\n|poke|p2|Flutter Mane, L50|\n|poke|p2|Ho-Oh, L50|\n|poke|p2|Incineroar, L50, M|\n|poke|p2|Amoonguss, L50, M|\n|poke|p2|Ting-Lu, L50|\n|teampreview|4\n|\n|t:|1776456546\n|teamsize|p1|4\n|teamsize|p2|4\n|start\n|switch|p1a: Calyrex|Calyrex-Shadow, L50|100/100\n|switch|p1b: Koraidon|Koraidon, L50|100/100\n|switch|p2a: Ho-Oh|Ho-Oh, L50|100/100\n|switch|p2b: Amoonguss|Amoonguss, L50, M|100/100\n|-ability|p1a: Calyrex|As One\n|-ability|p1a: Calyrex|Unnerve\n|-weather|SunnyDay|[from] ability: Orichalcum Pulse|[of] p1b: Koraidon\n|-activate|p1b: Koraidon|Orichalcum Pulse|[source]\n|turn|1\n|inactive|Battle timer is ON: inactive players will automatically lose when time's up. (requested by Pauliet456)\n|\n|t:|1776456598\n|-terastallize|p1a: Calyrex|Ghost\n|move|p1a: Calyrex|Astral Barrage|p2b: Amoonguss|[spread] p2a,p2b\n|-crit|p2a: Ho-Oh\n|-damage|p2a: Ho-Oh|35/100\n|-damage|p2b: Amoonguss|34/100\n|move|p1b: Koraidon|Flame Charge|p2b: Amoonguss\n|-supereffective|p2b: Amoonguss\n|-damage|p2b: Amoonguss|0 fnt\n|-boost|p1b: Koraidon|spe|1\n|-damage|p1b: Koraidon|84/100|[from] item: Rocky Helmet|[of] p2b: Amoonguss\n|faint|p2b: Amoonguss\n|-damage|p1b: Koraidon|74/100|[from] item: Life Orb\n|move|p2a: Ho-Oh|Tailwind|p2a: Ho-Oh\n|-sidestart|p2: Lil Tic|move: Tailwind\n|\n|-weather|SunnyDay|[upkeep]\n|upkeep\n|\n|t:|1776456606\n|switch|p2b: Koraidon|Koraidon, L50|100/100\n|-activate|p2b: Koraidon|ability: Orichalcum Pulse\n|turn|2\n|\n|t:|1776456617\n|switch|p1b: Incineroar|Incineroar, L50, M|100/100\n|-ability|p1b: Incineroar|Intimidate|boost\n|-fail|p2a: Ho-Oh|unboost|[from] item: Clear Amulet|[of] p2a: Ho-Oh\n|-unboost|p2b: Koraidon|atk|1\n|move|p1a: Calyrex|Protect|p1a: Calyrex\n|-singleturn|p1a: Calyrex|Protect\n|move|p2b: Koraidon|Collision Course|p1b: Incineroar\n|-supereffective|p1b: Incineroar\n|-damage|p1b: Incineroar|0 fnt\n|faint|p1b: Incineroar\n|-damage|p2b: Koraidon|91/100|[from] item: Life Orb\n|move|p2a: Ho-Oh|Sacred Fire|p1a: Calyrex\n|-activate|p1a: Calyrex|move: Protect\n|\n|-weather|SunnyDay|[upkeep]\n|upkeep\n|\n|t:|1776456621\n|switch|p1b: Amoonguss|Amoonguss, L50, M|100/100\n|turn|3\n|inactive|Lil Tic has 30 seconds left.\n|inactive|Lil Tic has 20 seconds left.\n|inactive|Lil Tic has 15 seconds left.\n|inactive|Lil Tic has 10 seconds left.\n|inactive|Lil Tic has 5 seconds left.\n|\n|t:|1776456672\n|switch|p2b: Incineroar|Incineroar, L50, M|100/100\n|-ability|p2b: Incineroar|Intimidate|boost\n|-unboost|p1a: Calyrex|atk|1\n|-unboost|p1b: Amoonguss|atk|1\n|move|p1b: Amoonguss|Rage Powder|p1b: Amoonguss\n|-singleturn|p1b: Amoonguss|move: Rage Powder\n|move|p2a: Ho-Oh|Brave Bird|p1b: Amoonguss\n|-supereffective|p1b: Amoonguss\n|-damage|p1b: Amoonguss|2/100\n|-damage|p2a: Ho-Oh|1/100|[from] Recoil\n|move|p1a: Calyrex|Astral Barrage|p2a: Ho-Oh|[spread] p2a,p2b\n|-resisted|p2b: Incineroar\n|-damage|p2a: Ho-Oh|0 fnt\n|-damage|p2b: Incineroar|61/100\n|faint|p2a: Ho-Oh\n|-ability|p1a: Calyrex|Grim Neigh|boost\n|-boost|p1a: Calyrex|spa|1\n|\n|-weather|SunnyDay|[upkeep]\n|upkeep\n|\n|t:|1776456684\n|switch|p2a: Koraidon|Koraidon, L50|91/100\n|-activate|p2a: Koraidon|ability: Orichalcum Pulse\n|turn|4\n|\n|t:|1776456694\n|move|p1a: Calyrex|Protect|p1a: Calyrex\n|-singleturn|p1a: Calyrex|Protect\n|move|p1b: Amoonguss|Protect|p1b: Amoonguss\n|-singleturn|p1b: Amoonguss|Protect\n|move|p2a: Koraidon|Flare Blitz|p1a: Calyrex\n|-activate|p1a: Calyrex|move: Protect\n|move|p2b: Incineroar|Knock Off|p1b: Amoonguss\n|-activate|p1b: Amoonguss|move: Protect\n|\n|-weather|SunnyDay|[upkeep]\n|-sideend|p2: Lil Tic|move: Tailwind\n|upkeep\n|turn|5\n|-message|Lil Tic forfeited.\n|\n|win|Pauliet456\n|raw|Pauliet456's rating: 1332 &rarr; <strong>1357</strong><br />(+25 for winning)\n|raw|Lil Tic's rating: 1426 &rarr; <strong>1401</strong><br />(-25 for losing)\n|l|\u2606Lil Tic\n|player|p2|\n|l|\u2606Pauliet456\n|player|p1|\n","uploadtime":1776456839,"views":8,"formatid":"gen9vgc2026regi","rating":1357,"private":0,"password":null}