{"id":"gen9vgc2026regi-2566763077","format":"[Gen 9] VGC 2026 Reg I","players":["speedyturtle87","Bman311"],"log":"|j|\u2606speedyturtle87\n|j|\u2606Bman311\n|html|<table width=\"100%\"><tr><td align=\"left\">speedyturtle87</td><td align=\"right\">Bman311</tr><tr><td align=\"left\"><i class=\"fa fa-circle\"></i> <i class=\"fa fa-circle-o\"></i> </td><td align=\"right\"><i class=\"fa fa-circle-o\"></i> <i class=\"fa fa-circle-o\"></i> </tr></table>\n|uhtml|bestof|<h2><strong>Game 2</strong> of <a href=\"/game-bestof3-gen9vgc2026regi-2566761993\">a best-of-3</a></h2>\n|t:|1774406327\n|gametype|doubles\n|player|p1|speedyturtle87|canari|\n|player|p2|Bman311|2|\n|gen|9\n|tier|[Gen 9] VGC 2026 Reg I\n|rated|Tournament battle\n|rule|Species Clause: Limit one of each Pok\u00e9mon\n|rule|Item Clause: Limit 1 of each item\n|raw|<div class=\"infobox\"><details class=\"readmore\" open><summary><strong>4 custom rules:</strong></summary> Open Team Sheets, Force Open Team Sheets, !Open Team Sheets, Best of = 3</details></div>\n|clearpoke\n|poke|p1|Miraidon, L50|\n|poke|p1|Iron Hands, L50|\n|poke|p1|Chi-Yu, L50|\n|poke|p1|Whimsicott, L50, F|\n|poke|p1|Calyrex-Ice, L50|\n|poke|p1|Farigiraf, L50, M|\n|poke|p2|Calyrex-Shadow, L50|\n|poke|p2|Koraidon, L50|\n|poke|p2|Rillaboom, L50, M|\n|poke|p2|Incineroar, L50, F|\n|poke|p2|Volcarona, L50, F|\n|poke|p2|Regieleki, L50|\n|teampreview|4\n|showteam|p1|Miraidon||ChoiceSpecs|HadronEngine|ElectroDrift,DazzlingGleam,VoltSwitch,DracoMeteor||||||50|,,,,,Fairy]Iron Hands||AssaultVest|QuarkDrive|FakeOut,WildCharge,LowKick,DrainPunch||||||50|,,,,,Bug]Chi-Yu||ChoiceScarf|BeadsofRuin|HeatWave,DarkPulse,Snarl,Overheat||||||50|,,,,,Ghost]Whimsicott||FocusSash|Prankster|Tailwind,Encore,Moonblast,Endeavor|||F|||50|,,,,,Ghost]Calyrex-Ice||Leftovers|AsOneGlastrier|GlacialLance,LeechSeed,TrickRoom,Protect||||||50|,,,,,Fairy]Farigiraf||ElectricSeed|ArmorTail|FoulPlay,Psychic,HelpingHand,TrickRoom|||M|||50|,,,,,Fairy\n|showteam|p2|Calyrex-Shadow||LifeOrb|AsOneSpectrier|AstralBarrage,Psychic,NastyPlot,Protect||||||50|,,,,,Dark]Koraidon||ClearAmulet|OrichalcumPulse|FlareBlitz,CollisionCourse,FlameCharge,Protect||||||50|,,,,,Fire]Rillaboom||AssaultVest|GrassySurge|FakeOut,WoodHammer,GrassyGlide,Uturn|||M|||50|,,,,,Fire]Incineroar||SafetyGoggles|Intimidate|FakeOut,KnockOff,Roar,PartingShot|||F|||50|,,,,,Bug]Volcarona||Leftovers|FlameBody|FieryDance,GigaDrain,QuiverDance,Protect|||F|||50|,,,,,Water]Regieleki||FocusSash|Transistor|Thunderbolt,VoltSwitch,Electroweb,Protect||||||50|,,,,,Electric\n|inactive|Battle timer is ON: inactive players will automatically lose when time's up. (requested by Bman311)\n|inactive|speedyturtle87 also wants the timer to be on.\n|j| LanternComic\n|j| Rainpelt103\n|j| JkShowdownguest\n|\n|t:|1774406345\n|teamsize|p1|4\n|teamsize|p2|4\n|start\n|switch|p1a: Whimsicott|Whimsicott, L50, F|100/100\n|switch|p1b: Chi-Yu|Chi-Yu, L50|100/100\n|switch|p2a: Koraidon|Koraidon, L50|100/100\n|switch|p2b: Regieleki|Regieleki, L50|100/100\n|-ability|p1b: Chi-Yu|Beads of Ruin\n|-weather|SunnyDay|[from] ability: Orichalcum Pulse|[of] p2a: Koraidon\n|-activate|p2a: Koraidon|Orichalcum Pulse|[source]\n|turn|1\n|j|%Tb0lt\n|\n|t:|1774406357\n|move|p1a: Whimsicott|Tailwind|p1a: Whimsicott\n|-sidestart|p1: speedyturtle87|move: Tailwind\n|move|p1b: Chi-Yu|Heat Wave|p2a: Koraidon|[spread] p2a,p2b\n|-resisted|p2a: Koraidon\n|-damage|p2a: Koraidon|66/100\n|-enditem|p2b: Regieleki|Focus Sash\n|-damage|p2b: Regieleki|1/100\n|-status|p2a: Koraidon|brn\n|-status|p2b: Regieleki|brn\n|move|p2b: Regieleki|Volt Switch|p1a: Whimsicott\n|-resisted|p1a: Whimsicott\n|-damage|p1a: Whimsicott|59/100\n|\n|t:|1774406366\n|switch|p2b: Incineroar|Incineroar, L50, F|100/100|[from] Volt Switch\n|-ability|p2b: Incineroar|Intimidate|boost\n|-unboost|p1a: Whimsicott|atk|1\n|-unboost|p1b: Chi-Yu|atk|1\n|move|p2a: Koraidon|Flame Charge|p1a: Whimsicott\n|-supereffective|p1a: Whimsicott\n|-damage|p1a: Whimsicott|15/100\n|-boost|p2a: Koraidon|spe|1\n|\n|-weather|SunnyDay|[upkeep]\n|-damage|p2a: Koraidon|60/100 brn|[from] brn\n|upkeep\n|turn|2\n|c|\u2606Bman311|well gg ig\n|c| Rainpelt103|what in the chi-yu\n|c|%Tb0lt|that's a messed up turn\n|c| LanternComic|Christopher yuseph doing mean things\n|inactive|speedyturtle87 has 30 seconds left.\n|inactive|speedyturtle87 has 20 seconds left.\n|j| Cello L.\n|\n|t:|1774406405\n|switch|p1b: Farigiraf|Farigiraf, L50, M|100/100\n|move|p2b: Incineroar|Fake Out||[still]\n|cant|p1b: Farigiraf|ability: Armor Tail|Fake Out|[of] p2b: Incineroar\n|move|p1a: Whimsicott|Endeavor|p2b: Incineroar\n|-damage|p2b: Incineroar|13/100\n|move|p2a: Koraidon|Collision Course|p1b: Farigiraf\n|-damage|p1b: Farigiraf|66/100\n|\n|-weather|SunnyDay|[upkeep]\n|-damage|p2a: Koraidon|54/100 brn|[from] brn\n|upkeep\n|turn|3\n|\n|t:|1774406427\n|switch|p1b: Miraidon|Miraidon, L50|100/100\n|-fieldstart|move: Electric Terrain|[from] ability: Hadron Engine|[of] p1b: Miraidon\n|-terastallize|p2a: Koraidon|Fire\n|move|p1a: Whimsicott|Moonblast|p2a: Koraidon\n|-resisted|p2a: Koraidon\n|-damage|p2a: Koraidon|42/100 brn\n|move|p2a: Koraidon|Collision Course|p1b: Miraidon\n|-damage|p1b: Miraidon|63/100\n|move|p2b: Incineroar|Knock Off|p1b: Miraidon\n|-damage|p1b: Miraidon|25/100\n|-enditem|p1b: Miraidon|Choice Specs|[from] move: Knock Off|[of] p2b: Incineroar\n|\n|-weather|SunnyDay|[upkeep]\n|-damage|p2a: Koraidon|36/100 brn|[from] brn\n|upkeep\n|turn|4\n|j| SH0CKING BLUE\n|\n|t:|1774406447\n|switch|p1a: Chi-Yu|Chi-Yu, L50|100/100\n|-ability|p1a: Chi-Yu|Beads of Ruin\n|-terastallize|p1b: Miraidon|Fairy\n|move|p1b: Miraidon|Dazzling Gleam|p2b: Incineroar|[spread] p2a,p2b\n|-resisted|p2a: Koraidon\n|-damage|p2a: Koraidon|14/100 brn\n|-damage|p2b: Incineroar|0 fnt\n|faint|p2b: Incineroar\n|move|p2a: Koraidon|Flame Charge|p1a: Chi-Yu\n|-resisted|p1a: Chi-Yu\n|-damage|p1a: Chi-Yu|73/100\n|-boost|p2a: Koraidon|spe|1\n|\n|-weather|SunnyDay|[upkeep]\n|-damage|p2a: Koraidon|8/100 brn|[from] brn\n|-sideend|p1: speedyturtle87|move: Tailwind\n|upkeep\n|\n|t:|1774406451\n|switch|p2b: Regieleki|Regieleki, L50|1/100 brn\n|turn|5\n|j| aurora ltd\n|l| aurora ltd\n|\n|t:|1774406474\n|switch|p1a: Farigiraf|Farigiraf, L50, M|66/100\n|-enditem|p1a: Farigiraf|Electric Seed\n|-boost|p1a: Farigiraf|def|1|[from] item: Electric Seed\n|move|p2a: Koraidon|Flare Blitz|p1b: Miraidon\n|-damage|p1b: Miraidon|0 fnt\n|faint|p1b: Miraidon\n|-damage|p2a: Koraidon|1/100 brn|[from] Recoil\n|move|p2b: Regieleki|Thunderbolt|p1a: Farigiraf\n|-damage|p1a: Farigiraf|0 fnt\n|faint|p1a: Farigiraf\n|\n|-weather|none\n|-damage|p2a: Koraidon|0 fnt|[from] brn\n|faint|p2a: Koraidon\n|-damage|p2b: Regieleki|0 fnt|[from] brn\n|faint|p2b: Regieleki\n|upkeep\n|\n|t:|1774406487\n|switch|p2b: Calyrex|Calyrex-Shadow, L50|100/100\n|switch|p1b: Whimsicott|Whimsicott, L50, F|15/100\n|switch|p1a: Chi-Yu|Chi-Yu, L50|73/100\n|-ability|p2b: Calyrex|As One\n|-ability|p2b: Calyrex|Unnerve\n|-ability|p1a: Chi-Yu|Beads of Ruin\n|turn|6\n|\n|t:|1774406498\n|move|p1b: Whimsicott|Tailwind|p1b: Whimsicott\n|-sidestart|p1: speedyturtle87|move: Tailwind\n|move|p1a: Chi-Yu|Dark Pulse|p2b: Calyrex\n|-supereffective|p2b: Calyrex\n|-damage|p2b: Calyrex|0 fnt\n|faint|p2b: Calyrex\n|\n|win|speedyturtle87\n|l| LanternComic\n|c|\u2606speedyturtle87|gg, sorry about the burns\n|l|\u2606Bman311\n|player|p2|\n|l| Rainpelt103\n|l|\u2606speedyturtle87\n|player|p1|\n|l| SH0CKING BLUE\n|l|%Tb0lt\n|l| Cello L.\n|l| JkShowdownguest\n|j| aurora ltd\n","uploadtime":1774406711,"views":11,"formatid":"gen9vgc2026regi","rating":null,"private":0,"password":null}