{"id":"gen9vgc2026regi-2562998780","format":"[Gen 9] VGC 2026 Reg I","players":["shangenb1","Cello L."],"log":"|j|\u2606shangenb1\n|j|\u2606Cello L.\n|t:|1773971561\n|gametype|doubles\n|player|p1|shangenb1|266|1513\n|player|p2|Cello L.|cynthia-gen4|1505\n|gen|9\n|tier|[Gen 9] VGC 2026 Reg I\n|rated|\n|rule|Species Clause: Limit one of each Pok\u00e9mon\n|rule|Item Clause: Limit 1 of each item\n|clearpoke\n|poke|p1|Koraidon, L50|\n|poke|p1|Lunala, L50|\n|poke|p1|Flutter Mane, L50|\n|poke|p1|Chi-Yu, L50|\n|poke|p1|Raging Bolt, L50|\n|poke|p1|Indeedee-F, L50, F|\n|poke|p2|Miraidon, L50|\n|poke|p2|Zamazenta-*, L50|\n|poke|p2|Chien-Pao, L50|\n|poke|p2|Volcarona, L50, F|\n|poke|p2|Iron Hands, L50|\n|poke|p2|Grimmsnarl, L50, M|\n|teampreview|4\n|inactive|Battle timer is ON: inactive players will automatically lose when time's up. (requested by shangenb1)\n|inactive|shangenb1 has 60 seconds left.\n|\n|t:|1773971611\n|teamsize|p1|4\n|teamsize|p2|4\n|start\n|switch|p1a: Flutter Mane|Flutter Mane, L50|100/100\n|switch|p1b: Lunala|Lunala, L50|100/100\n|switch|p2a: Zamazenta|Zamazenta-Crowned, L50|100/100\n|switch|p2b: Grimmsnarl|Grimmsnarl, L50, M|100/100\n|-ability|p2a: Zamazenta|Dauntless Shield|boost\n|-boost|p2a: Zamazenta|def|1\n|turn|1\n|\n|t:|1773971628\n|move|p2b: Grimmsnarl|Light Screen|p2b: Grimmsnarl\n|-sidestart|p2: Cello L.|move: Light Screen\n|move|p1a: Flutter Mane|Moonblast|p2b: Grimmsnarl\n|-supereffective|p2b: Grimmsnarl\n|-damage|p2b: Grimmsnarl|40/100\n|move|p2a: Zamazenta|Heavy Slam|p1a: Flutter Mane\n|-supereffective|p1a: Flutter Mane\n|-enditem|p1a: Flutter Mane|Focus Sash\n|-damage|p1a: Flutter Mane|1/100\n|move|p1b: Lunala|Meteor Beam||[still]\n|-prepare|p1b: Lunala|Meteor Beam\n|-boost|p1b: Lunala|spa|1\n|-enditem|p1b: Lunala|Power Herb\n|-anim|p1b: Lunala|Meteor Beam|p2b: Grimmsnarl\n|-damage|p2b: Grimmsnarl|0 fnt\n|faint|p2b: Grimmsnarl\n|\n|upkeep\n|j| SGillfish\n|inactive|Cello L. has 30 seconds left.\n|\n|t:|1773971655\n|switch|p2b: Miraidon|Miraidon, L50|100/100\n|-fieldstart|move: Electric Terrain|[from] ability: Hadron Engine|[of] p2b: Miraidon\n|turn|2\n|\n|t:|1773971664\n|-end|p1a: Flutter Mane|Protosynthesis|[silent]\n|switch|p1a: Indeedee|Indeedee-F, L50, F|100/100\n|-fieldstart|move: Psychic Terrain|[from] ability: Psychic Surge|[of] p1a: Indeedee\n|move|p2b: Miraidon|Volt Switch|p1b: Lunala\n|-damage|p1b: Lunala|78/100\n|\n|t:|1773971670\n|switch|p2b: Iron Hands|Iron Hands, L50|100/100|[from] Volt Switch\n|move|p2a: Zamazenta|Heavy Slam|p1a: Indeedee\n|-damage|p1a: Indeedee|50/100\n|-damage|p2a: Zamazenta|84/100|[from] item: Rocky Helmet|[of] p1a: Indeedee\n|move|p1b: Lunala|Expanding Force|p2a: Zamazenta|[spread] p2a,p2b\n|-supereffective|p2b: Iron Hands\n|-damage|p2a: Zamazenta|34/100\n|-damage|p2b: Iron Hands|18/100\n|\n|upkeep\n|turn|3\n|inactive|Cello L. has 30 seconds left.\n|\n|t:|1773971701\n|move|p1a: Indeedee|Follow Me|p1a: Indeedee\n|-singleturn|p1a: Indeedee|move: Follow Me\n|move|p2a: Zamazenta|Body Press|p1a: Indeedee\n|-damage|p1a: Indeedee|0 fnt\n|-damage|p2a: Zamazenta|18/100|[from] item: Rocky Helmet|[of] p1a: Indeedee\n|faint|p1a: Indeedee\n|move|p1b: Lunala|Moongeist Beam|p2a: Zamazenta\n|-damage|p2a: Zamazenta|0 fnt\n|faint|p2a: Zamazenta\n|move|p2b: Iron Hands|Wild Charge|p1b: Lunala\n|-damage|p1b: Lunala|33/100\n|-damage|p2b: Iron Hands|8/100|[from] Recoil\n|\n|upkeep\n|\n|t:|1773971718\n|switch|p2a: Miraidon|Miraidon, L50|100/100\n|switch|p1a: Flutter Mane|Flutter Mane, L50|1/100\n|-fieldstart|move: Electric Terrain|[from] ability: Hadron Engine|[of] p2a: Miraidon\n|-activate|p2b: Iron Hands|ability: Quark Drive\n|-start|p2b: Iron Hands|quarkdriveatk\n|turn|4\n|inactive|Cello L. has 30 seconds left.\n|inactive|Cello L. has 20 seconds left.\n|inactive|Cello L. has 15 seconds left.\n|inactive|Cello L. has 10 seconds left.\n|\n|t:|1773971768\n|move|p1a: Flutter Mane|Icy Wind|p2b: Iron Hands|[spread] p2a,p2b\n|-supereffective|p2a: Miraidon\n|-damage|p2a: Miraidon|82/100\n|-damage|p2b: Iron Hands|2/100\n|-unboost|p2a: Miraidon|spe|1\n|-unboost|p2b: Iron Hands|spe|1\n|move|p1b: Lunala|Moongeist Beam|p2a: Miraidon\n|-damage|p2a: Miraidon|29/100\n|move|p2a: Miraidon|Dazzling Gleam|p1b: Lunala|[spread] p1a,p1b\n|-damage|p1a: Flutter Mane|0 fnt\n|-damage|p1b: Lunala|0 fnt\n|faint|p1a: Flutter Mane\n|-end|p1a: Flutter Mane|Protosynthesis|[silent]\n|faint|p1b: Lunala\n|move|p2b: Iron Hands|Wild Charge|p1: Flutter Mane|[notarget]\n|-fail|p2b: Iron Hands\n|\n|upkeep\n|\n|t:|1773971786\n|switch|p1a: Koraidon|Koraidon, L50|100/100\n|-weather|SunnyDay|[from] ability: Orichalcum Pulse|[of] p1a: Koraidon\n|-activate|p1a: Koraidon|Orichalcum Pulse|[source]\n|turn|5\n|\n|t:|1773971795\n|-terastallize|p2a: Miraidon|Fairy\n|move|p1a: Koraidon|Collision Course|p2a: Miraidon\n|-resisted|p2a: Miraidon\n|-damage|p2a: Miraidon|0 fnt\n|faint|p2a: Miraidon\n|move|p2b: Iron Hands|Low Kick|p1a: Koraidon\n|-damage|p1a: Koraidon|32/100\n|\n|-weather|SunnyDay|[upkeep]\n|upkeep\n|turn|6\n|\n|t:|1773971810\n|-terastallize|p1a: Koraidon|Fire\n|move|p1a: Koraidon|Flare Blitz|p2b: Iron Hands\n|-damage|p2b: Iron Hands|0 fnt\n|faint|p2b: Iron Hands\n|-end|p2b: Iron Hands|Quark Drive|[silent]\n|-damage|p1a: Koraidon|32/100|[from] Recoil\n|\n|win|shangenb1\n|raw|shangenb1's rating: 1513 &rarr; <strong>1533</strong><br />(+20 for winning)\n|raw|Cello L.'s rating: 1505 &rarr; <strong>1485</strong><br />(-20 for losing)\n|l|\u2606Cello L.\n|player|p2|\n|l|\u2606shangenb1\n|player|p1|\n|l| SGillfish\n","uploadtime":1773971823,"views":13,"formatid":"gen9vgc2026regi","rating":1485,"private":0,"password":null}