{"id":"gen9vgc2026regi-2573569784","format":"[Gen 9] VGC 2026 Reg I","players":["mistah mistah 11","gunkqing"],"log":"|j|\u2606mistah mistah 11\n|j|\u2606gunkqing\n|t:|1775147542\n|gametype|doubles\n|player|p1|mistah mistah 11|101|1326\n|player|p2|gunkqing|nate|1339\n|gen|9\n|tier|[Gen 9] VGC 2026 Reg I\n|rated|\n|rule|Species Clause: Limit one of each Pok\u00e9mon\n|rule|Item Clause: Limit 1 of each item\n|clearpoke\n|poke|p1|Kyurem-Black, L50|\n|poke|p1|Kyogre, L50|\n|poke|p1|Landorus, L50, M|\n|poke|p1|Tornadus, L50, M|\n|poke|p1|Sinistcha-Masterpiece, L50|\n|poke|p1|Avalugg, L50, F|\n|poke|p2|Miraidon, L50|\n|poke|p2|Raichu-Alola, L50, F|\n|poke|p2|Ho-Oh, L50|\n|poke|p2|Farigiraf, L50, M|\n|poke|p2|Iron Treads, L50|\n|teampreview|4\n|inactive|Battle timer is ON: inactive players will automatically lose when time's up. (requested by gunkqing)\n|\n|t:|1775147568\n|teamsize|p1|4\n|teamsize|p2|4\n|start\n|switch|p1a: Tornadus|Tornadus, L50, M|100/100\n|switch|p1b: Sinistcha|Sinistcha-Masterpiece, L50|100/100\n|switch|p2a: Raichu|Raichu-Alola, L50, F|100/100\n|switch|p2b: Miraidon|Miraidon, L50|100/100\n|-fieldstart|move: Electric Terrain|[from] ability: Hadron Engine|[of] p2b: Miraidon\n|turn|1\n|\n|t:|1775147591\n|move|p2a: Raichu|Fake Out|p1a: Tornadus\n|-damage|p1a: Tornadus|90/100\n|move|p1b: Sinistcha|Rage Powder|p1b: Sinistcha\n|-singleturn|p1b: Sinistcha|move: Rage Powder\n|move|p1a: Tornadus|Tailwind|p1a: Tornadus\n|-sidestart|p1: mistah mistah 11|move: Tailwind\n|move|p2b: Miraidon|Volt Switch|p1b: Sinistcha\n|-resisted|p1b: Sinistcha\n|-damage|p1b: Sinistcha|41/100\n|\n|t:|1775147600\n|switch|p2b: Ho-Oh|Ho-Oh, L50|100/100|[from] Volt Switch\n|\n|upkeep\n|turn|2\n|\n|t:|1775147627\n|move|p1a: Tornadus|Taunt|p2b: Ho-Oh\n|-start|p2b: Ho-Oh|move: Taunt\n|move|p2a: Raichu|Electroweb|p1b: Sinistcha|[spread] p1a,p1b\n|-supereffective|p1a: Tornadus\n|-resisted|p1b: Sinistcha\n|-damage|p1a: Tornadus|36/100\n|-damage|p1b: Sinistcha|26/100\n|-unboost|p1b: Sinistcha|spe|1\n|move|p1b: Sinistcha|Matcha Gotcha|p2a: Raichu|[spread] p2a,p2b\n|-resisted|p2b: Ho-Oh\n|-damage|p2a: Raichu|60/100\n|-heal|p1b: Sinistcha|42/100|[from] drain|[of] p2a: Raichu\n|-damage|p2b: Ho-Oh|97/100\n|-heal|p1b: Sinistcha|44/100|[from] drain|[of] p2b: Ho-Oh\n|cant|p2b: Ho-Oh|move: Taunt|Tailwind\n|\n|upkeep\n|turn|3\n|\n|t:|1775147650\n|switch|p1a: Kyurem|Kyurem-Black, L50|100/100\n|-ability|p1a: Kyurem|Teravolt\n|move|p1b: Sinistcha|Rage Powder|p1b: Sinistcha\n|-singleturn|p1b: Sinistcha|move: Rage Powder\n|move|p2a: Raichu|Electroweb|p1b: Sinistcha|[spread] p1a,p1b\n|-resisted|p1a: Kyurem\n|-resisted|p1b: Sinistcha\n|-damage|p1a: Kyurem|90/100\n|-damage|p1b: Sinistcha|31/100\n|-unboost|p1a: Kyurem|spe|1\n|-unboost|p1b: Sinistcha|spe|1\n|move|p2b: Ho-Oh|Sacred Fire|p1b: Sinistcha|[miss]\n|-miss|p2b: Ho-Oh|p1b: Sinistcha\n|\n|upkeep\n|turn|4\n|inactive|mistah mistah 11 has 30 seconds left.\n|\n|t:|1775147681\n|move|p1a: Kyurem|Protect|p1a: Kyurem\n|-singleturn|p1a: Kyurem|Protect\n|move|p2a: Raichu|Nuzzle|p1a: Kyurem\n|-activate|p1a: Kyurem|move: Protect\n|move|p2b: Ho-Oh|Sacred Fire|p1b: Sinistcha\n|-supereffective|p1b: Sinistcha\n|-damage|p1b: Sinistcha|0 fnt\n|faint|p1b: Sinistcha\n|\n|-end|p2b: Ho-Oh|move: Taunt\n|-sideend|p1: mistah mistah 11|move: Tailwind\n|upkeep\n|\n|t:|1775147691\n|switch|p1b: Tornadus|Tornadus, L50, M|36/100\n|turn|5\n|\n|t:|1775147705\n|move|p1b: Tornadus|Tailwind|p1b: Tornadus\n|-sidestart|p1: mistah mistah 11|move: Tailwind\n|move|p2a: Raichu|Encore|p1a: Kyurem\n|-start|p1a: Kyurem|Encore\n|move|p1a: Kyurem|Protect||[still]\n|-fail|p1a: Kyurem\n|move|p2b: Ho-Oh|Tailwind|p2b: Ho-Oh\n|-sidestart|p2: gunkqing|move: Tailwind\n|\n|-fieldend|move: Electric Terrain\n|upkeep\n|turn|6\n|\n|t:|1775147722\n|move|p1a: Kyurem|Protect|p1a: Kyurem\n|-singleturn|p1a: Kyurem|Protect\n|move|p1b: Tornadus|Taunt|p2a: Raichu\n|-start|p2a: Raichu|move: Taunt\n|move|p2a: Raichu|Electroweb|p1a: Kyurem|[spread] p1b\n|-activate|p1a: Kyurem|move: Protect\n|-supereffective|p1b: Tornadus\n|-damage|p1b: Tornadus|0 fnt\n|faint|p1b: Tornadus\n|move|p2b: Ho-Oh|Brave Bird|p1a: Kyurem\n|-activate|p1a: Kyurem|move: Protect\n|\n|upkeep\n|\n|t:|1775147734\n|switch|p1b: Kyogre|Kyogre, L50|100/100\n|-weather|RainDance|[from] ability: Drizzle|[of] p1b: Kyogre\n|turn|7\n|\n|t:|1775147743\n|switch|p2b: Miraidon|Miraidon, L50|100/100\n|-fieldstart|move: Electric Terrain|[from] ability: Hadron Engine|[of] p2b: Miraidon\n|-terastallize|p1b: Kyogre|Grass\n|move|p1a: Kyurem|Protect||[still]\n|-fail|p1a: Kyurem\n|move|p2a: Raichu|Electroweb|p1b: Kyogre|[spread] p1a,p1b\n|-resisted|p1a: Kyurem\n|-resisted|p1b: Kyogre\n|-damage|p1a: Kyurem|79/100\n|-damage|p1b: Kyogre|92/100\n|-unboost|p1a: Kyurem|spe|1\n|-unboost|p1b: Kyogre|spe|1\n|move|p1b: Kyogre|Origin Pulse|p2b: Miraidon|[spread] p2a,p2b\n|-resisted|p2b: Miraidon\n|-damage|p2a: Raichu|0 fnt\n|-damage|p2b: Miraidon|56/100\n|faint|p2a: Raichu\n|\n|-weather|RainDance|[upkeep]\n|-end|p1a: Kyurem|Encore\n|upkeep\n|\n|t:|1775147760\n|switch|p2a: Ho-Oh|Ho-Oh, L50|100/100\n|turn|8\n|\n|t:|1775147776\n|-terastallize|p2b: Miraidon|Fairy\n|move|p2b: Miraidon|Dazzling Gleam|p1a: Kyurem|[spread] p1a,p1b\n|-supereffective|p1a: Kyurem\n|-damage|p1a: Kyurem|0 fnt\n|-damage|p1b: Kyogre|43/100\n|faint|p1a: Kyurem\n|move|p2a: Ho-Oh|Brave Bird|p1b: Kyogre\n|-supereffective|p1b: Kyogre\n|-damage|p1b: Kyogre|0 fnt\n|faint|p1b: Kyogre\n|-damage|p2a: Ho-Oh|88/100|[from] Recoil\n|\n|win|gunkqing\n|raw|mistah mistah 11's rating: 1326 &rarr; <strong>1307</strong><br />(-19 for losing)\n|raw|gunkqing's rating: 1339 &rarr; <strong>1358</strong><br />(+19 for winning)\n|l|\u2606mistah mistah 11\n|player|p1|\n|l|\u2606gunkqing\n|player|p2|\n","uploadtime":1775147955,"views":12,"formatid":"gen9vgc2026regi","rating":1307,"private":0,"password":null}