{"id":"gen9vgc2026regi-2582563976","format":"[Gen 9] VGC 2026 Reg I","players":["Wakandius_PMSD","QianSuiii"],"log":"|badge|p1|silver|gen9randombattle|30-9\n|uhtml|medal-msg|<div class=\"broadcast-blue\">Curious what those medals under the avatar are? PS now has Ladder Seasons! For more information, check out the <a href=\"https://www.smogon.com/forums/threads/3740067/\">thread on Smogon.</a></div>\n|j|\u2606Wakandius_PMSD\n|j|\u2606QianSuiii\n|t:|1776099632\n|gametype|doubles\n|player|p1|Wakandius_PMSD|266|1540\n|player|p2|QianSuiii|erika|1457\n|gen|9\n|tier|[Gen 9] VGC 2026 Reg I\n|rated|\n|rule|Species Clause: Limit one of each Pok\u00e9mon\n|rule|Item Clause: Limit 1 of each item\n|clearpoke\n|poke|p1|Calyrex-Ice, L50|\n|poke|p1|Miraidon, L50|\n|poke|p1|Ursaluna, L50, F|\n|poke|p1|Volcarona, L50, F|\n|poke|p1|Grimmsnarl, L50, M|\n|poke|p1|Iron Hands, L50|\n|poke|p2|Calyrex-Ice, L50|\n|poke|p2|Miraidon, L50|\n|poke|p2|Urshifu-*, L50, M|\n|poke|p2|Whimsicott, L50, M|\n|poke|p2|Flutter Mane, L50|\n|poke|p2|Iron Hands, L50|\n|teampreview|4\n|inactive|Battle timer is ON: inactive players will automatically lose when time's up. (requested by Wakandius_PMSD)\n|\n|t:|1776099667\n|teamsize|p1|4\n|teamsize|p2|4\n|start\n|switch|p1a: Volcarona|Volcarona, L50, F|100/100\n|switch|p1b: Miraidon|Miraidon, L50|100/100\n|switch|p2a: Flutter Mane|Flutter Mane, L50|100/100\n|switch|p2b: Miraidon|Miraidon, L50|100/100\n|-fieldstart|move: Electric Terrain|[from] ability: Hadron Engine|[of] p2b: Miraidon\n|-activate|p1b: Miraidon|ability: Hadron Engine\n|-enditem|p2a: Flutter Mane|Booster Energy\n|-activate|p2a: Flutter Mane|ability: Protosynthesis|[fromitem]\n|-start|p2a: Flutter Mane|protosynthesisspe\n|turn|1\n|\n|t:|1776099686\n|-terastallize|p2b: Miraidon|Electric\n|-terastallize|p1b: Miraidon|Fairy\n|move|p1a: Volcarona|Rage Powder|p1a: Volcarona\n|-singleturn|p1a: Volcarona|move: Rage Powder\n|move|p2a: Flutter Mane|Dazzling Gleam|p1a: Volcarona|[spread] p1a,p1b\n|-resisted|p1a: Volcarona\n|-damage|p1a: Volcarona|86/100\n|-damage|p1b: Miraidon|77/100\n|move|p2b: Miraidon|Volt Switch|p1a: Volcarona\n|-damage|p1a: Volcarona|0 fnt\n|faint|p1a: Volcarona\n|\n|t:|1776099701\n|switch|p2b: Calyrex|Calyrex-Ice, L50|100/100|[from] Volt Switch\n|-ability|p2b: Calyrex|As One\n|-ability|p2b: Calyrex|Unnerve\n|move|p1b: Miraidon|Dazzling Gleam|p2b: Calyrex|[spread] p2a,p2b\n|-damage|p2a: Flutter Mane|29/100\n|-damage|p2b: Calyrex|49/100\n|\n|upkeep\n|\n|t:|1776099714\n|switch|p1a: Ursaluna|Ursaluna, L50, F|100/100\n|turn|2\n|\n|t:|1776099733\n|move|p2a: Flutter Mane|Shadow Ball|p1b: Miraidon\n|-damage|p1b: Miraidon|44/100\n|move|p1b: Miraidon|Dazzling Gleam|p2b: Calyrex|[spread] p2a,p2b\n|-damage|p2a: Flutter Mane|0 fnt\n|-damage|p2b: Calyrex|0 fnt\n|faint|p2a: Flutter Mane\n|-end|p2a: Flutter Mane|Protosynthesis|[silent]\n|faint|p2b: Calyrex\n|move|p1a: Ursaluna|Crunch|p2: Flutter Mane|[notarget]\n|-fail|p1a: Ursaluna\n|\n|-status|p1a: Ursaluna|brn|[from] item: Flame Orb\n|upkeep\n|\n|t:|1776099747\n|switch|p2a: Miraidon|Miraidon, L50, tera:Electric|100/100\n|switch|p2b: Iron Hands|Iron Hands, L50|100/100\n|-activate|p2a: Miraidon|ability: Hadron Engine\n|-activate|p2b: Iron Hands|ability: Quark Drive\n|-start|p2b: Iron Hands|quarkdriveatk\n|turn|3\n|\n|t:|1776099766\n|move|p1a: Ursaluna|Protect|p1a: Ursaluna\n|-singleturn|p1a: Ursaluna|Protect\n|move|p2b: Iron Hands|Fake Out|p1a: Ursaluna\n|-activate|p1a: Ursaluna|move: Protect\n|move|p2a: Miraidon|Electro Drift|p1b: Miraidon\n|-damage|p1b: Miraidon|0 fnt\n|faint|p1b: Miraidon\n|\n|-damage|p1a: Ursaluna|95/100 brn|[from] brn\n|upkeep\n|\n|t:|1776099777\n|switch|p1b: Calyrex|Calyrex-Ice, L50|100/100\n|-ability|p1b: Calyrex|As One\n|-ability|p1b: Calyrex|Unnerve\n|turn|4\n|\n|t:|1776099787\n|move|p1b: Calyrex|Protect|p1b: Calyrex\n|-singleturn|p1b: Calyrex|Protect\n|move|p2a: Miraidon|Electro Drift|p1b: Calyrex\n|-activate|p1b: Calyrex|move: Protect\n|move|p1a: Ursaluna|Headlong Rush|p2a: Miraidon\n|-supereffective|p2a: Miraidon\n|-damage|p2a: Miraidon|0 fnt\n|-unboost|p1a: Ursaluna|def|1\n|-unboost|p1a: Ursaluna|spd|1\n|faint|p2a: Miraidon\n|move|p2b: Iron Hands|Low Kick|p1a: Ursaluna\n|-supereffective|p1a: Ursaluna\n|-damage|p1a: Ursaluna|0 fnt\n|faint|p1a: Ursaluna\n|\n|upkeep\n|turn|5\n|\n|t:|1776099812\n|move|p2b: Iron Hands|Supercell Slam|p1b: Calyrex\n|-damage|p1b: Calyrex|33/100\n|move|p1b: Calyrex|Leech Seed|p2b: Iron Hands|[miss]\n|-miss|p1b: Calyrex|p2b: Iron Hands\n|\n|-heal|p1b: Calyrex|39/100|[from] item: Leftovers\n|-fieldend|move: Electric Terrain\n|-end|p2b: Iron Hands|Quark Drive\n|upkeep\n|turn|6\n|\n|t:|1776099824\n|move|p2b: Iron Hands|Low Kick|p1b: Calyrex\n|-damage|p1b: Calyrex|0 fnt\n|faint|p1b: Calyrex\n|\n|win|QianSuiii\n|raw|Wakandius_PMSD's rating: 1540 &rarr; <strong>1515</strong><br />(-25 for losing)\n|raw|QianSuiii's rating: 1457 &rarr; <strong>1482</strong><br />(+25 for winning)\n|c|\u2606Wakandius_PMSD|...\n|l|\u2606Wakandius_PMSD\n|player|p1|\n|l|\u2606QianSuiii\n|player|p2|\n","uploadtime":1776100092,"views":13,"formatid":"gen9vgc2026regi","rating":1482,"private":0,"password":null}