{"id":"gen9vgc2026regi-2591046606","format":"[Gen 9] VGC 2026 Reg I","players":["quisiimo","CnardzLits"],"log":"|j|\u2606quisiimo\n|j|\u2606CnardzLits\n|t:|1776870739\n|gametype|doubles\n|player|p1|quisiimo|101|1379\n|player|p2|CnardzLits|265|1387\n|gen|9\n|tier|[Gen 9] VGC 2026 Reg I\n|rated|\n|rule|Species Clause: Limit one of each Pok\u00e9mon\n|rule|Item Clause: Limit 1 of each item\n|clearpoke\n|poke|p1|Calyrex-Shadow, L50|\n|poke|p1|Zamazenta-*, L50|\n|poke|p1|Ursaluna, L50, M|\n|poke|p1|Incineroar, L50, F|\n|poke|p1|Urshifu-*, L50, M|\n|poke|p1|Raging Bolt, L50|\n|poke|p2|Kyogre, L50|\n|poke|p2|Wo-Chien, L50|\n|poke|p2|Incineroar, L50, F|\n|poke|p2|Grimmsnarl, L50, M|\n|poke|p2|Urshifu-*, L50, M|\n|poke|p2|Lunala, L50|\n|teampreview|4\n|inactive|Battle timer is ON: inactive players will automatically lose when time's up. (requested by CnardzLits)\n|inactive|CnardzLits has 60 seconds left.\n|\n|t:|1776870783\n|teamsize|p1|4\n|teamsize|p2|4\n|start\n|switch|p1a: Urshifu|Urshifu-Rapid-Strike, L50, M|100/100\n|switch|p1b: Raging Bolt|Raging Bolt, L50|100/100\n|switch|p2a: Incineroar|Incineroar, L50, F|100/100\n|switch|p2b: Wo-Chien|Wo-Chien, L50|100/100\n|-ability|p2a: Incineroar|Intimidate|boost\n|-unboost|p1a: Urshifu|atk|1\n|-unboost|p1b: Raging Bolt|atk|1\n|-ability|p2b: Wo-Chien|Tablets of Ruin\n|-enditem|p1b: Raging Bolt|Booster Energy\n|-activate|p1b: Raging Bolt|ability: Protosynthesis|[fromitem]\n|-start|p1b: Raging Bolt|protosynthesisspa\n|turn|1\n|\n|t:|1776870803\n|move|p1a: Urshifu|Detect|p1a: Urshifu\n|-singleturn|p1a: Urshifu|Protect\n|move|p2a: Incineroar|Fake Out|p1a: Urshifu\n|-activate|p1a: Urshifu|move: Protect\n|move|p1b: Raging Bolt|Calm Mind|p1b: Raging Bolt\n|-boost|p1b: Raging Bolt|spa|1\n|-boost|p1b: Raging Bolt|spd|1\n|move|p2b: Wo-Chien|Leech Seed|p1b: Raging Bolt\n|-start|p1b: Raging Bolt|move: Leech Seed\n|\n|-damage|p1b: Raging Bolt|88/100|[from] Leech Seed|[of] p2b: Wo-Chien\n|upkeep\n|turn|2\n|inactive|quisiimo has 30 seconds left.\n|inactive|CnardzLits has 30 seconds left.\n|inactive|CnardzLits has 20 seconds left.\n|inactive|CnardzLits has 15 seconds left.\n|\n|t:|1776870846\n|-terastallize|p2a: Incineroar|Ghost\n|move|p1a: Urshifu|Surging Strikes|p2a: Incineroar\n|-crit|p2a: Incineroar\n|-damage|p2a: Incineroar|81/100\n|-crit|p2a: Incineroar\n|-damage|p2a: Incineroar|59/100\n|-crit|p2a: Incineroar\n|-damage|p2a: Incineroar|41/100\n|-hitcount|p2a: Incineroar|3\n|move|p2a: Incineroar|Parting Shot|p1a: Urshifu\n|-unboost|p1a: Urshifu|atk|1\n|-unboost|p1a: Urshifu|spa|1\n|\n|t:|1776870858\n|switch|p2a: Kyogre|Kyogre, L50|100/100|[from] Parting Shot\n|-weather|RainDance|[from] ability: Drizzle|[of] p2a: Kyogre\n|move|p1b: Raging Bolt|Dragon Pulse|p2a: Kyogre\n|-damage|p2a: Kyogre|56/100\n|move|p2b: Wo-Chien|Giga Drain|p1a: Urshifu\n|-supereffective|p1a: Urshifu\n|-damage|p1a: Urshifu|28/100\n|\n|-weather|RainDance|[upkeep]\n|-damage|p1b: Raging Bolt|76/100|[from] Leech Seed|[of] p2b: Wo-Chien\n|upkeep\n|turn|3\n|inactive|CnardzLits has 30 seconds left.\n|inactive|CnardzLits has 20 seconds left.\n|inactive|CnardzLits has 15 seconds left.\n|inactive|quisiimo has 30 seconds left.\n|inactive|CnardzLits has 10 seconds left.\n|\n|t:|1776870907\n|switch|p1a: Zamazenta|Zamazenta-Crowned, L50, shiny|100/100\n|-ability|p1a: Zamazenta|Dauntless Shield|boost\n|-boost|p1a: Zamazenta|def|1\n|move|p1b: Raging Bolt|Thunderclap|p2a: Kyogre\n|-supereffective|p2a: Kyogre\n|-damage|p2a: Kyogre|0 fnt\n|faint|p2a: Kyogre\n|move|p2b: Wo-Chien|Pollen Puff|p2: Kyogre|[notarget]\n|-fail|p2b: Wo-Chien\n|\n|-weather|RainDance|[upkeep]\n|-damage|p1b: Raging Bolt|64/100|[from] Leech Seed|[of] p2b: Wo-Chien\n|upkeep\n|\n|t:|1776870918\n|switch|p2a: Incineroar|Incineroar, L50, F, tera:Ghost|41/100\n|-ability|p2a: Incineroar|Intimidate|boost\n|-unboost|p1a: Zamazenta|atk|1\n|-unboost|p1b: Raging Bolt|atk|1\n|turn|4\n|\n|t:|1776870927\n|move|p1a: Zamazenta|Protect|p1a: Zamazenta\n|-singleturn|p1a: Zamazenta|Protect\n|move|p2a: Incineroar|Fake Out|p1a: Zamazenta\n|-activate|p1a: Zamazenta|move: Protect\n|move|p1b: Raging Bolt|Thunderbolt|p2a: Incineroar\n|-damage|p2a: Incineroar|0 fnt\n|faint|p2a: Incineroar\n|move|p2b: Wo-Chien|Leech Seed|p1a: Zamazenta\n|-activate|p1a: Zamazenta|move: Protect\n|\n|-weather|RainDance|[upkeep]\n|-damage|p1b: Raging Bolt|52/100|[from] Leech Seed|[of] p2b: Wo-Chien\n|upkeep\n|\n|t:|1776870938\n|switch|p2a: Urshifu|Urshifu-Rapid-Strike, L50, M|100/100\n|turn|5\n|\n|t:|1776870950\n|move|p1b: Raging Bolt|Thunderclap|p2a: Urshifu\n|-supereffective|p2a: Urshifu\n|-damage|p2a: Urshifu|0 fnt\n|faint|p2a: Urshifu\n|move|p1a: Zamazenta|Body Press|p2b: Wo-Chien\n|-supereffective|p2b: Wo-Chien\n|-damage|p2b: Wo-Chien|0 fnt\n|faint|p2b: Wo-Chien\n|\n|win|quisiimo\n|raw|quisiimo's rating: 1379 &rarr; <strong>1399</strong><br />(+20 for winning)\n|raw|CnardzLits's rating: 1387 &rarr; <strong>1367</strong><br />(-20 for losing)\n|l|\u2606CnardzLits\n|player|p2|\n|l|\u2606quisiimo\n|player|p1|\n","uploadtime":1776871154,"views":8,"formatid":"gen9vgc2026regi","rating":1367,"private":0,"password":null}