{"id":"gen9vgc2026regi-2529949746","format":"[Gen 9] VGC 2026 Reg I","players":["Low Tier Goodra","yamato-tak"],"log":"|j|\u2606Low Tier Goodra\n|j|\u2606yamato-tak\n|t:|1769851798\n|gametype|doubles\n|player|p1|Low Tier Goodra|jasmine|1516\n|player|p2|yamato-tak|101|1511\n|gen|9\n|tier|[Gen 9] VGC 2026 Reg I\n|rated|\n|rule|Species Clause: Limit one of each Pok\u00e9mon\n|rule|Item Clause: Limit 1 of each item\n|clearpoke\n|poke|p1|Calyrex-Ice, L50|\n|poke|p1|Kyogre, L50|\n|poke|p1|Sinistcha-Masterpiece, L50|\n|poke|p1|Rillaboom, L50, M|\n|poke|p1|Ursaluna, L50, F|\n|poke|p1|Incineroar, L50, M|\n|poke|p2|Miraidon, L50|\n|poke|p2|Calyrex-Ice, L50|\n|poke|p2|Volcarona, L50, F|\n|poke|p2|Araquanid, L50, M|\n|poke|p2|Grimmsnarl, L50, M|\n|poke|p2|Entei, L50|\n|teampreview|4\n|inactive|Battle timer is ON: inactive players will automatically lose when time's up. (requested by yamato-tak)\n|\n|t:|1769851817\n|teamsize|p1|4\n|teamsize|p2|4\n|start\n|switch|p1a: Rillaboom|Rillaboom, L50, M|100/100\n|switch|p1b: Calyrex|Calyrex-Ice, L50|100/100\n|switch|p2a: Grimmsnarl|Grimmsnarl, L50, M, shiny|100/100\n|switch|p2b: Calyrex|Calyrex-Ice, L50|100/100\n|-ability|p2b: Calyrex|As One\n|-ability|p2b: Calyrex|Unnerve\n|-ability|p1b: Calyrex|As One\n|-ability|p1b: Calyrex|Unnerve\n|-fieldstart|move: Grassy Terrain|[from] ability: Grassy Surge|[of] p1a: Rillaboom\n|turn|1\n|\n|t:|1769851840\n|-terastallize|p1a: Rillaboom|Water\n|move|p2a: Grimmsnarl|Reflect|p2a: Grimmsnarl\n|-sidestart|p2: yamato-tak|Reflect\n|move|p1a: Rillaboom|Taunt|p2a: Grimmsnarl\n|-start|p2a: Grimmsnarl|move: Taunt\n|move|p2b: Calyrex|Leech Seed|p1b: Calyrex\n|-start|p1b: Calyrex|move: Leech Seed\n|move|p1b: Calyrex|Trick Room|p1b: Calyrex\n|-fieldstart|move: Trick Room|[of] p1b: Calyrex\n|\n|-damage|p1b: Calyrex|88/100|[from] Leech Seed|[of] p2b: Calyrex\n|upkeep\n|turn|2\n|inactive|yamato-tak has 30 seconds left.\n|\n|t:|1769851872\n|switch|p1b: Sinistcha|Sinistcha-Masterpiece, L50|100/100\n|-enditem|p1b: Sinistcha|Grassy Seed\n|-boost|p1b: Sinistcha|def|1|[from] item: Grassy Seed\n|switch|p2a: Araquanid|Araquanid, L50, M, shiny|100/100\n|move|p2b: Calyrex|Leech Seed|p1a: Rillaboom\n|-start|p1a: Rillaboom|move: Leech Seed\n|move|p1a: Rillaboom|U-turn|p2b: Calyrex\n|-supereffective|p2b: Calyrex\n|-damage|p2b: Calyrex|79/100\n|inactive|Low Tier Goodra has 30 seconds left.\n|inactive|Low Tier Goodra has 20 seconds left.\n|inactive|Low Tier Goodra has 15 seconds left.\n|inactive|Low Tier Goodra has 10 seconds left.\n|\n|t:|1769851919\n|switch|p1a: Kyogre|Kyogre, L50|100/100|[from] U-turn\n|-weather|RainDance|[from] ability: Drizzle|[of] p1a: Kyogre\n|\n|-weather|RainDance|[upkeep]\n|-heal|p2b: Calyrex|85/100|[from] Grassy Terrain\n|upkeep\n|turn|3\n|\n|t:|1769851932\n|move|p1a: Kyogre|Thunder|p2a: Araquanid\n|-supereffective|p2a: Araquanid\n|-damage|p2a: Araquanid|22/100\n|move|p2a: Araquanid|Leech Life|p1a: Kyogre\n|-damage|p1a: Kyogre|74/100\n|-heal|p2a: Araquanid|38/100|[from] drain|[of] p1a: Kyogre\n|move|p1b: Sinistcha|Shadow Ball|p2b: Calyrex\n|-supereffective|p2b: Calyrex\n|-damage|p2b: Calyrex|29/100\n|move|p2b: Calyrex|Glacial Lance|p1b: Sinistcha|[spread] p1a,p1b\n|-resisted|p1a: Kyogre\n|-supereffective|p1b: Sinistcha\n|-damage|p1a: Kyogre|50/100\n|-damage|p1b: Sinistcha|25/100\n|\n|-weather|RainDance|[upkeep]\n|-heal|p1a: Kyogre|56/100|[from] Grassy Terrain\n|-heal|p2a: Araquanid|43/100|[from] Grassy Terrain\n|-heal|p1b: Sinistcha|31/100|[from] Grassy Terrain\n|-heal|p2b: Calyrex|34/100|[from] Grassy Terrain\n|upkeep\n|turn|4\n|\n|t:|1769851953\n|move|p2a: Araquanid|Protect|p2a: Araquanid\n|-singleturn|p2a: Araquanid|Protect\n|move|p1a: Kyogre|Thunder|p2a: Araquanid\n|-activate|p2a: Araquanid|move: Protect\n|move|p1b: Sinistcha|Calm Mind|p1b: Sinistcha\n|-boost|p1b: Sinistcha|spa|1\n|-boost|p1b: Sinistcha|spd|1\n|move|p2b: Calyrex|Glacial Lance|p1b: Sinistcha|[spread] p1a,p1b\n|-resisted|p1a: Kyogre\n|-supereffective|p1b: Sinistcha\n|-damage|p1a: Kyogre|29/100\n|-damage|p1b: Sinistcha|0 fnt\n|faint|p1b: Sinistcha\n|-ability|p2b: Calyrex|Chilling Neigh|boost\n|-boost|p2b: Calyrex|atk|1\n|\n|-weather|RainDance|[upkeep]\n|-heal|p1a: Kyogre|35/100|[from] Grassy Terrain\n|-heal|p2a: Araquanid|49/100|[from] Grassy Terrain\n|-heal|p2b: Calyrex|40/100|[from] Grassy Terrain\n|upkeep\n|\n|t:|1769851962\n|switch|p1b: Rillaboom|Rillaboom, L50, M, tera:Water|100/100\n|turn|5\n|\n|t:|1769851973\n|switch|p2a: Grimmsnarl|Grimmsnarl, L50, M, shiny|100/100\n|move|p1b: Rillaboom|Fake Out|p2a: Grimmsnarl\n|-damage|p2a: Grimmsnarl|91/100\n|move|p1a: Kyogre|Origin Pulse|p2a: Grimmsnarl|[spread] p2a,p2b\n|-damage|p2a: Grimmsnarl|12/100\n|-damage|p2b: Calyrex|0 fnt\n|faint|p2b: Calyrex\n|\n|-weather|RainDance|[upkeep]\n|-heal|p1a: Kyogre|41/100|[from] Grassy Terrain\n|-heal|p2a: Grimmsnarl|18/100|[from] Grassy Terrain\n|-fieldend|move: Trick Room\n|-fieldend|move: Grassy Terrain\n|upkeep\n|\n|t:|1769851977\n|switch|p2b: Miraidon|Miraidon, L50, shiny|100/100\n|-fieldstart|move: Electric Terrain|[from] ability: Hadron Engine|[of] p2b: Miraidon\n|turn|6\n|inactive|Low Tier Goodra has 30 seconds left.\n|j| lori Kitahara\n|inactive|Low Tier Goodra has 20 seconds left.\n|inactive|Low Tier Goodra has 15 seconds left.\n|l| lori Kitahara\n|\n|t:|1769852020\n|move|p2a: Grimmsnarl|Light Screen|p2a: Grimmsnarl\n|-sidestart|p2: yamato-tak|move: Light Screen\n|move|p2b: Miraidon|Calm Mind|p2b: Miraidon\n|-boost|p2b: Miraidon|spa|1\n|-boost|p2b: Miraidon|spd|1\n|move|p1b: Rillaboom|U-turn|p2b: Miraidon\n|-damage|p2b: Miraidon|86/100\n|\n|t:|1769852026\n|switch|p1b: Calyrex|Calyrex-Ice, L50|88/100|[from] U-turn\n|-ability|p1b: Calyrex|As One\n|-ability|p1b: Calyrex|Unnerve\n|move|p1a: Kyogre|Thunder|p2b: Miraidon\n|-resisted|p2b: Miraidon\n|-damage|p2b: Miraidon|82/100\n|\n|-weather|none\n|upkeep\n|turn|7\n|inactive|Low Tier Goodra has 30 seconds left.\n|inactive|yamato-tak has 30 seconds left.\n|\n|t:|1769852054\n|switch|p1a: Rillaboom|Rillaboom, L50, M, tera:Water|100/100\n|-fieldstart|move: Grassy Terrain|[from] ability: Grassy Surge|[of] p1a: Rillaboom\n|-terastallize|p2b: Miraidon|Electric\n|move|p2a: Grimmsnarl|Parting Shot|p1a: Rillaboom\n|-unboost|p1a: Rillaboom|atk|1\n|-unboost|p1a: Rillaboom|spa|1\n|\n|t:|1769852057\n|switch|p2a: Araquanid|Araquanid, L50, M, shiny|49/100|[from] Parting Shot\n|move|p2b: Miraidon|Electro Drift|p1b: Calyrex\n|-damage|p1b: Calyrex|36/100\n|move|p1b: Calyrex|Leech Seed|p2b: Miraidon\n|-start|p2b: Miraidon|move: Leech Seed\n|\n|-heal|p2b: Miraidon|87/100|[from] Grassy Terrain\n|-heal|p2a: Araquanid|55/100|[from] Grassy Terrain\n|-heal|p1b: Calyrex|42/100|[from] Grassy Terrain\n|-damage|p2b: Miraidon|75/100|[from] Leech Seed|[of] p1b: Calyrex\n|-heal|p1b: Calyrex|54/100|[silent]\n|upkeep\n|turn|8\n|inactive|Low Tier Goodra has 30 seconds left.\n|inactive|Low Tier Goodra has 20 seconds left.\n|\n|t:|1769852094\n|move|p1a: Rillaboom|Fake Out|p2b: Miraidon\n|-damage|p2b: Miraidon|69/100\n|move|p2a: Araquanid|Wide Guard|p2a: Araquanid\n|-singleturn|p2a: Araquanid|Wide Guard\n|move|p2b: Miraidon|Parabolic Charge|p1a: Rillaboom|[spread] p1a,p1b\n|-activate|p2a: Araquanid|move: Wide Guard\n|-supereffective|p1a: Rillaboom\n|-damage|p1a: Rillaboom|0 fnt\n|-heal|p2b: Miraidon|100/100|[from] drain|[of] p1a: Rillaboom\n|-damage|p1b: Calyrex|29/100\n|faint|p1a: Rillaboom\n|move|p1b: Calyrex|Leech Seed|p2a: Araquanid\n|-start|p2a: Araquanid|move: Leech Seed\n|\n|-heal|p2a: Araquanid|60/100|[from] Grassy Terrain\n|-heal|p1b: Calyrex|35/100|[from] Grassy Terrain\n|-damage|p2b: Miraidon|88/100|[from] Leech Seed|[of] p1b: Calyrex\n|-heal|p1b: Calyrex|47/100|[silent]\n|-damage|p2a: Araquanid|48/100|[from] Leech Seed|[of] p1b: Calyrex\n|-heal|p1b: Calyrex|57/100|[silent]\n|-sideend|p2: yamato-tak|Reflect\n|upkeep\n|\n|t:|1769852114\n|switch|p1a: Kyogre|Kyogre, L50|41/100\n|-weather|RainDance|[from] ability: Drizzle|[of] p1a: Kyogre\n|turn|9\n|\n|t:|1769852137\n|switch|p2a: Grimmsnarl|Grimmsnarl, L50, M, shiny|18/100\n|move|p1a: Kyogre|Protect|p1a: Kyogre\n|-singleturn|p1a: Kyogre|Protect\n|move|p2b: Miraidon|Electro Drift|p1a: Kyogre\n|-activate|p1a: Kyogre|move: Protect\n|move|p1b: Calyrex|Trick Room|p1b: Calyrex\n|-fieldstart|move: Trick Room|[of] p1b: Calyrex\n|\n|-weather|RainDance|[upkeep]\n|-heal|p1a: Kyogre|47/100|[from] Grassy Terrain\n|-heal|p1b: Calyrex|63/100|[from] Grassy Terrain\n|-heal|p2a: Grimmsnarl|24/100|[from] Grassy Terrain\n|-heal|p2b: Miraidon|94/100|[from] Grassy Terrain\n|-damage|p2b: Miraidon|82/100|[from] Leech Seed|[of] p1b: Calyrex\n|-heal|p1b: Calyrex|75/100|[silent]\n|upkeep\n|turn|10\n|\n|t:|1769852159\n|move|p1a: Kyogre|Protect|p1a: Kyogre\n|-singleturn|p1a: Kyogre|Protect\n|move|p2a: Grimmsnarl|Fake Out|p1b: Calyrex\n|-damage|p1b: Calyrex|68/100\n|cant|p1b: Calyrex|flinch\n|move|p2b: Miraidon|Parabolic Charge|p1b: Calyrex|[spread] p2a,p1b\n|-activate|p1a: Kyogre|move: Protect\n|-damage|p2a: Grimmsnarl|0 fnt\n|-heal|p2b: Miraidon|94/100|[from] drain|[of] p2a: Grimmsnarl\n|-damage|p1b: Calyrex|44/100\n|-heal|p2b: Miraidon|100/100|[from] drain|[of] p1b: Calyrex\n|faint|p2a: Grimmsnarl\n|\n|-weather|RainDance|[upkeep]\n|-heal|p1a: Kyogre|53/100|[from] Grassy Terrain\n|-heal|p1b: Calyrex|50/100|[from] Grassy Terrain\n|-damage|p2b: Miraidon|88/100|[from] Leech Seed|[of] p1b: Calyrex\n|-heal|p1b: Calyrex|62/100|[silent]\n|upkeep\n|\n|t:|1769852179\n|switch|p2a: Araquanid|Araquanid, L50, M, shiny|48/100\n|turn|11\n|\n|t:|1769852189\n|move|p1a: Kyogre|Thunder|p2a: Araquanid\n|-supereffective|p2a: Araquanid\n|-damage|p2a: Araquanid|0 fnt\n|faint|p2a: Araquanid\n|move|p1b: Calyrex|Leech Seed||[still]\n|-fail|p1b: Calyrex\n|move|p2b: Miraidon|Parabolic Charge|p1a: Kyogre|[spread] p1a,p1b\n|-supereffective|p1a: Kyogre\n|-crit|p1b: Calyrex\n|-damage|p1a: Kyogre|0 fnt\n|-heal|p2b: Miraidon|100/100|[from] drain|[of] p1a: Kyogre\n|-damage|p1b: Calyrex|27/100\n|faint|p1a: Kyogre\n|\n|-weather|RainDance|[upkeep]\n|-heal|p1b: Calyrex|33/100|[from] Grassy Terrain\n|-damage|p2b: Miraidon|88/100|[from] Leech Seed|[of] p1b: Calyrex\n|-heal|p1b: Calyrex|45/100|[silent]\n|-fieldend|move: Grassy Terrain\n|upkeep\n|turn|12\n|j| riyuezi\n|inactive|Low Tier Goodra has 30 seconds left.\n|\n|t:|1769852217\n|move|p1b: Calyrex|Protect|p1b: Calyrex\n|-singleturn|p1b: Calyrex|Protect\n|move|p2b: Miraidon|Parabolic Charge|p1b: Calyrex\n|-activate|p1b: Calyrex|move: Protect\n|\n|-weather|RainDance|[upkeep]\n|-damage|p2b: Miraidon|76/100|[from] Leech Seed|[of] p1b: Calyrex\n|-heal|p1b: Calyrex|57/100|[silent]\n|upkeep\n|turn|13\n|\n|t:|1769852227\n|move|p1b: Calyrex|Glacial Lance|p2b: Miraidon\n|-damage|p2b: Miraidon|27/100\n|move|p2b: Miraidon|Parabolic Charge|p1b: Calyrex\n|-damage|p1b: Calyrex|25/100\n|-heal|p2b: Miraidon|43/100|[from] drain|[of] p1b: Calyrex\n|\n|-weather|none\n|-damage|p2b: Miraidon|31/100|[from] Leech Seed|[of] p1b: Calyrex\n|-heal|p1b: Calyrex|37/100|[silent]\n|-sideend|p2: yamato-tak|move: Light Screen\n|-fieldend|move: Trick Room\n|upkeep\n|turn|14\n|inactive|Low Tier Goodra has 30 seconds left.\n|\n|t:|1769852259\n|move|p2b: Miraidon|Electro Drift|p1b: Calyrex\n|-damage|p1b: Calyrex|0 fnt\n|faint|p1b: Calyrex\n|\n|win|yamato-tak\n|raw|Low Tier Goodra's rating: 1516 &rarr; <strong>1496</strong><br />(-20 for losing)\n|raw|yamato-tak's rating: 1511 &rarr; <strong>1531</strong><br />(+20 for winning)\n|l|\u2606yamato-tak\n|player|p2|\n|l|\u2606Low Tier Goodra\n|player|p1|\n|l| riyuezi\n","uploadtime":1769852465,"views":44,"formatid":"gen9vgc2026regi","rating":1496,"private":0,"password":null}