{"id":"gen9vgc2026regi-2539642897","format":"[Gen 9] VGC 2026 Reg I","players":["wabofit","SEITA"],"log":"|j|\u2606wabofit\n|j|\u2606SEITA\n|t:|1771091340\n|gametype|doubles\n|player|p1|wabofit|1|1211\n|player|p2|SEITA|lucas-gen4pt|1321\n|gen|9\n|tier|[Gen 9] VGC 2026 Reg I\n|rated|\n|rule|Species Clause: Limit one of each Pok\u00e9mon\n|rule|Item Clause: Limit 1 of each item\n|clearpoke\n|poke|p1|Calyrex-Ice, L50|\n|poke|p1|Farigiraf, L50, F|\n|poke|p1|Tyranitar, L50, M|\n|poke|p1|Brute Bonnet, L50|\n|poke|p1|Lunala, L50|\n|poke|p1|Incineroar, L50, M|\n|poke|p2|Zamazenta-*, L50|\n|poke|p2|Kyogre, L50|\n|poke|p2|Wo-Chien, L50|\n|poke|p2|Grimmsnarl, L50, M|\n|poke|p2|Landorus, L50, M|\n|poke|p2|Ditto, L50|\n|teampreview|4\n|inactive|Battle timer is ON: inactive players will automatically lose when time's up. (requested by wabofit)\n|inactive|wabofit has 60 seconds left.\n|\n|t:|1771091378\n|teamsize|p1|4\n|teamsize|p2|4\n|start\n|switch|p1a: Brute Bonnet|Brute Bonnet, L50|100/100\n|switch|p1b: Farigiraf|Farigiraf, L50, F|100/100\n|switch|p2a: Grimmsnarl|Grimmsnarl, L50, M|100/100\n|switch|p2b: Zamazenta|Zamazenta-Crowned, L50|100/100\n|-ability|p2b: Zamazenta|Dauntless Shield|boost\n|-boost|p2b: Zamazenta|def|1\n|-enditem|p1a: Brute Bonnet|Booster Energy\n|-activate|p1a: Brute Bonnet|ability: Protosynthesis|[fromitem]\n|-start|p1a: Brute Bonnet|protosynthesisatk\n|turn|1\n|inactive|wabofit has 30 seconds left.\n|\n|t:|1771091409\n|-terastallize|p2b: Zamazenta|Grass\n|-terastallize|p1a: Brute Bonnet|Grass\n|move|p2a: Grimmsnarl|Light Screen|p2a: Grimmsnarl\n|-sidestart|p2: SEITA|move: Light Screen\n|move|p2b: Zamazenta|Iron Defense|p2b: Zamazenta\n|-boost|p2b: Zamazenta|def|2\n|move|p1a: Brute Bonnet|Spore|p2b: Zamazenta\n|-immune|p2b: Zamazenta\n|move|p1b: Farigiraf|Trick Room|p1b: Farigiraf\n|-fieldstart|move: Trick Room|[of] p1b: Farigiraf\n|\n|upkeep\n|turn|2\n|inactive|wabofit has 30 seconds left.\n|inactive|SEITA has 30 seconds left.\n|inactive|wabofit has 20 seconds left.\n|inactive|wabofit has 15 seconds left.\n|inactive|wabofit has 10 seconds left.\n|\n|t:|1771091455\n|move|p2a: Grimmsnarl|Reflect|p2a: Grimmsnarl\n|-sidestart|p2: SEITA|Reflect\n|move|p1a: Brute Bonnet|Spore|p2a: Grimmsnarl\n|-status|p2a: Grimmsnarl|slp|[from] move: Spore\n|move|p1b: Farigiraf|Hyper Voice|p2b: Zamazenta|[spread] p2a,p2b\n|-crit|p2a: Grimmsnarl\n|-damage|p2a: Grimmsnarl|59/100 slp\n|-damage|p2b: Zamazenta|90/100\n|-enditem|p1b: Farigiraf|Throat Spray\n|-boost|p1b: Farigiraf|spa|1|[from] item: Throat Spray\n|move|p2b: Zamazenta|Iron Defense|p2b: Zamazenta\n|-boost|p2b: Zamazenta|def|2\n|\n|upkeep\n|turn|3\n|inactive|wabofit has 30 seconds left.\n|inactive|SEITA has 30 seconds left.\n|\n|t:|1771091483\n|move|p1a: Brute Bonnet|Seed Bomb|p2a: Grimmsnarl\n|-damage|p2a: Grimmsnarl|24/100 slp\n|move|p1b: Farigiraf|Hyper Voice|p2b: Zamazenta|[spread] p2a,p2b\n|-damage|p2a: Grimmsnarl|0 fnt\n|-damage|p2b: Zamazenta|73/100\n|faint|p2a: Grimmsnarl\n|move|p2b: Zamazenta|Body Press|p1a: Brute Bonnet\n|-crit|p1a: Brute Bonnet\n|-damage|p1a: Brute Bonnet|0 fnt\n|faint|p1a: Brute Bonnet\n|-end|p1a: Brute Bonnet|Protosynthesis|[silent]\n|\n|upkeep\n|j| lunala fairy ghost\n|\n|t:|1771091496\n|switch|p1a: Calyrex|Calyrex-Ice, L50|100/100\n|switch|p2a: Kyogre|Kyogre, L50|100/100\n|-ability|p1a: Calyrex|As One\n|-ability|p1a: Calyrex|Unnerve\n|-weather|RainDance|[from] ability: Drizzle|[of] p2a: Kyogre\n|turn|4\n|\n|t:|1771091507\n|move|p1a: Calyrex|Glacial Lance|p2a: Kyogre|[spread] p2a,p2b\n|-resisted|p2a: Kyogre\n|-supereffective|p2b: Zamazenta\n|-damage|p2a: Kyogre|79/100\n|-damage|p2b: Zamazenta|54/100\n|-damage|p1a: Calyrex|91/100|[from] item: Life Orb\n|move|p1b: Farigiraf|Hyper Voice|p2b: Zamazenta|[spread] p2a,p2b\n|-damage|p2a: Kyogre|62/100\n|-damage|p2b: Zamazenta|35/100\n|move|p2a: Kyogre|Origin Pulse|p1b: Farigiraf|[spread] p1a,p1b\n|-damage|p1a: Calyrex|45/100\n|-damage|p1b: Farigiraf|45/100\n|move|p2b: Zamazenta|Body Press|p1b: Farigiraf\n|-damage|p1b: Farigiraf|0 fnt\n|faint|p1b: Farigiraf\n|\n|-weather|RainDance|[upkeep]\n|-heal|p2a: Kyogre|68/100|[from] item: Leftovers\n|upkeep\n|\n|t:|1771091521\n|switch|p1b: Tyranitar|Tyranitar, L50, M|100/100\n|-weather|Sandstorm|[from] ability: Sand Stream|[of] p1b: Tyranitar\n|turn|5\n|inactive|SEITA has 30 seconds left.\n|l| lunala fairy ghost\n|\n|t:|1771091551\n|switch|p2a: Wo-Chien|Wo-Chien, L50|100/100\n|-ability|p2a: Wo-Chien|Tablets of Ruin\n|move|p1a: Calyrex|Glacial Lance|p2b: Zamazenta|[spread] p2a,p2b\n|-supereffective|p2a: Wo-Chien\n|-supereffective|p2b: Zamazenta\n|-damage|p2a: Wo-Chien|44/100\n|-damage|p2b: Zamazenta|21/100\n|-damage|p1a: Calyrex|36/100|[from] item: Life Orb\n|move|p1b: Tyranitar|Knock Off|p2b: Zamazenta\n|-damage|p2b: Zamazenta|18/100\n|move|p2b: Zamazenta|Body Press|p1a: Calyrex\n|-damage|p1a: Calyrex|0 fnt\n|faint|p1a: Calyrex\n|\n|-weather|Sandstorm|[upkeep]\n|-damage|p2a: Wo-Chien|37/100|[from] Sandstorm\n|-damage|p2b: Zamazenta|12/100|[from] Sandstorm\n|-fieldend|move: Trick Room\n|upkeep\n|turn|6\n|inactive|SEITA has 30 seconds left.\n|-message|wabofit forfeited.\n|\n|win|SEITA\n|raw|wabofit's rating: 1211 &rarr; <strong>1194</strong><br />(-17 for losing)\n|raw|SEITA's rating: 1321 &rarr; <strong>1335</strong><br />(+14 for winning)\n|l|\u2606wabofit\n|player|p1|\n|l|\u2606SEITA\n|player|p2|\n|j|\u2606SEITA\n|player|p2|SEITA|lucas-gen4pt|\n","uploadtime":1771091588,"views":45,"formatid":"gen9vgc2026regi","rating":1194,"private":0,"password":null}