{"id":"gen9vgc2026regi-2565977074","format":"[Gen 9] VGC 2026 Reg I","players":["Bmansp","pigs2fly"],"log":"|j|\u2606Bmansp\n|j|\u2606pigs2fly\n|t:|1774324892\n|gametype|doubles\n|player|p1|Bmansp|cynthia-gen7|1487\n|player|p2|pigs2fly|dexio|1509\n|gen|9\n|tier|[Gen 9] VGC 2026 Reg I\n|rated|\n|rule|Species Clause: Limit one of each Pok\u00e9mon\n|rule|Item Clause: Limit 1 of each item\n|clearpoke\n|poke|p1|Calyrex-Shadow, L50|\n|poke|p1|Koraidon, L50|\n|poke|p1|Rillaboom, L50, F|\n|poke|p1|Incineroar, L50, M|\n|poke|p1|Volcarona, L50, F|\n|poke|p1|Regieleki, L50|\n|poke|p2|Annihilape, L50, M|\n|poke|p2|Tornadus, L50, M|\n|poke|p2|Dondozo, L50, M|\n|poke|p2|Tatsugiri, L50, F|\n|poke|p2|Zacian-*, L50|\n|poke|p2|Kyogre, L50|\n|teampreview|4\n|inactive|Battle timer is ON: inactive players will automatically lose when time's up. (requested by Bmansp)\nBmansp has agreed to open team sheets.\n|inactive|Bmansp has 60 seconds left.\n|inactive|pigs2fly has 60 seconds left.\n|inactive|Bmansp has 30 seconds left.\n|inactive|Bmansp has 20 seconds left.\n|inactive|Bmansp has 15 seconds left.\n|inactive|Bmansp has 10 seconds left.\n|j| roger_leo1000\n|\n|t:|1774324977\n|teamsize|p1|4\n|teamsize|p2|4\n|start\n|switch|p1a: Regieleki|Regieleki, L50|100/100\n|switch|p1b: Calyrex|Calyrex-Shadow, L50|100/100\n|switch|p2a: Tornadus|Tornadus, L50, M|100/100\n|switch|p2b: Kyogre|Kyogre, L50|100/100\n|-ability|p1b: Calyrex|As One\n|-ability|p1b: Calyrex|Unnerve\n|-weather|RainDance|[from] ability: Drizzle|[of] p2b: Kyogre\n|turn|1\n|\n|t:|1774324990\n|move|p2a: Tornadus|Protect|p2a: Tornadus\n|-singleturn|p2a: Tornadus|Protect\n|move|p1b: Calyrex|Protect|p1b: Calyrex\n|-singleturn|p1b: Calyrex|Protect\n|move|p1a: Regieleki|Electroweb|p2b: Kyogre|[spread] p2b\n|-activate|p2a: Tornadus|move: Protect\n|-supereffective|p2b: Kyogre\n|-damage|p2b: Kyogre|76/100\n|-unboost|p2b: Kyogre|spe|1\n|move|p2b: Kyogre|Origin Pulse|p1b: Calyrex|[spread] p1a\n|-activate|p1b: Calyrex|move: Protect\n|-enditem|p1a: Regieleki|Focus Sash\n|-damage|p1a: Regieleki|1/100\n|\n|-weather|RainDance|[upkeep]\n|upkeep\n|turn|2\n|inactive|Bmansp has 30 seconds left.\n|\n|t:|1774325025\n|move|p2a: Tornadus|Tailwind|p2a: Tornadus\n|-sidestart|p2: pigs2fly|move: Tailwind\n|move|p1a: Regieleki|Electroweb|p2a: Tornadus|[spread] p2a,p2b\n|-supereffective|p2a: Tornadus\n|-supereffective|p2b: Kyogre\n|-damage|p2a: Tornadus|33/100\n|-damage|p2b: Kyogre|55/100\n|-unboost|p2b: Kyogre|spe|1\n|move|p1b: Calyrex|Astral Barrage|p2b: Kyogre|[spread] p2a,p2b\n|-damage|p2a: Tornadus|0 fnt\n|-damage|p2b: Kyogre|25/100\n|faint|p2a: Tornadus\n|-ability|p1b: Calyrex|Grim Neigh|boost\n|-boost|p1b: Calyrex|spa|1\n|-damage|p1b: Calyrex|91/100|[from] item: Life Orb\n|move|p2b: Kyogre|Origin Pulse|p1b: Calyrex|[spread] p1a,p1b\n|-damage|p1a: Regieleki|0 fnt\n|-damage|p1b: Calyrex|25/100\n|faint|p1a: Regieleki\n|\n|-weather|RainDance|[upkeep]\n|upkeep\n|\n|t:|1774325041\n|switch|p1a: Koraidon|Koraidon, L50|100/100\n|switch|p2a: Annihilape|Annihilape, L50, M|100/100\n|-weather|SunnyDay|[from] ability: Orichalcum Pulse|[of] p1a: Koraidon\n|-activate|p1a: Koraidon|Orichalcum Pulse|[source]\n|turn|3\n|inactive|Bmansp has 30 seconds left.\n|inactive|Bmansp has 20 seconds left.\n|inactive|Bmansp has 15 seconds left.\n|inactive|Bmansp has 10 seconds left.\n|\n|t:|1774325089\n|-terastallize|p2b: Kyogre|Ghost\n|move|p1b: Calyrex|Protect|p1b: Calyrex\n|-singleturn|p1b: Calyrex|Protect\n|move|p2a: Annihilape|Shadow Claw|p1b: Calyrex\n|-activate|p1b: Calyrex|move: Protect\n|move|p1a: Koraidon|Flare Blitz|p2a: Annihilape\n|-damage|p2a: Annihilape|16/100\n|-damage|p1a: Koraidon|72/100|[from] Recoil\n|move|p2b: Kyogre|Ice Beam|p1a: Koraidon\n|-supereffective|p1a: Koraidon\n|-damage|p1a: Koraidon|2/100\n|\n|-weather|SunnyDay|[upkeep]\n|upkeep\n|turn|4\n|inactive|Bmansp has 30 seconds left.\n|inactive|Bmansp has 20 seconds left.\n|inactive|Bmansp has 15 seconds left.\n|inactive|Bmansp has 10 seconds left.\n|inactive|Bmansp has 5 seconds left.\n|\n|t:|1774325139\n|move|p2a: Annihilape|Shadow Claw|p1b: Calyrex\n|-supereffective|p1b: Calyrex\n|-damage|p1b: Calyrex|0 fnt\n|faint|p1b: Calyrex\n|move|p1a: Koraidon|Flame Charge|p2b: Kyogre\n|-damage|p2b: Kyogre|0 fnt\n|-boost|p1a: Koraidon|spe|1\n|faint|p2b: Kyogre\n|\n|-weather|SunnyDay|[upkeep]\n|upkeep\n|\n|t:|1774325143\n|switch|p1b: Rillaboom|Rillaboom, L50, F|100/100\n|switch|p2b: Zacian|Zacian-Crowned, L50, shiny|100/100\n|-ability|p2b: Zacian|Intrepid Sword|boost\n|-boost|p2b: Zacian|atk|1\n|-fieldstart|move: Grassy Terrain|[from] ability: Grassy Surge|[of] p1b: Rillaboom\n|turn|5\n|\n|t:|1774325163\n|move|p1a: Koraidon|Protect|p1a: Koraidon\n|-singleturn|p1a: Koraidon|Protect\n|move|p1b: Rillaboom|Grassy Glide|p2a: Annihilape\n|-damage|p2a: Annihilape|0 fnt\n|faint|p2a: Annihilape\n|move|p2b: Zacian|Behemoth Blade|p1a: Koraidon\n|-activate|p1a: Koraidon|move: Protect\n|\n|-weather|SunnyDay|[upkeep]\n|-heal|p1a: Koraidon|8/100|[from] Grassy Terrain\n|-sideend|p2: pigs2fly|move: Tailwind\n|upkeep\n|turn|6\n|\n|t:|1774325168\n|-terastallize|p1a: Koraidon|Fire\n|move|p2b: Zacian|Protect|p2b: Zacian\n|-singleturn|p2b: Zacian|Protect\n|move|p1a: Koraidon|Flare Blitz|p2b: Zacian\n|-activate|p2b: Zacian|move: Protect\n|move|p1b: Rillaboom|Wood Hammer|p2b: Zacian\n|-activate|p2b: Zacian|move: Protect\n|\n|-weather|SunnyDay|[upkeep]\n|-heal|p1a: Koraidon|14/100|[from] Grassy Terrain\n|upkeep\n|turn|7\n|\n|t:|1774325176\n|move|p1a: Koraidon|Flare Blitz|p2b: Zacian\n|-supereffective|p2b: Zacian\n|-damage|p2b: Zacian|0 fnt\n|faint|p2b: Zacian\n|-damage|p1a: Koraidon|0 fnt|[from] Recoil\n|faint|p1a: Koraidon\n|\n|win|Bmansp\n|raw|Bmansp's rating: 1487 &rarr; <strong>1508</strong><br />(+21 for winning)\n|raw|pigs2fly's rating: 1509 &rarr; <strong>1488</strong><br />(-21 for losing)\n|c|\u2606Bmansp|gg\n|l|\u2606pigs2fly\n|player|p2|\n|l| roger_leo1000\n|l|\u2606Bmansp\n|player|p1|\n","uploadtime":1774325177,"views":11,"formatid":"gen9vgc2026regi","rating":1488,"private":0,"password":null}