{"id":"gen9vgc2026regi-2525506997","format":"[Gen 9] VGC 2026 Reg I","players":["AzureChuck","j0l0k0"],"log":"|j|\u2606AzureChuck\n|j|\u2606j0l0k0\n|t:|1769289168\n|gametype|doubles\n|player|p1|AzureChuck|2|1321\n|player|p2|j0l0k0|brycen|1372\n|gen|9\n|tier|[Gen 9] VGC 2026 Reg I\n|rated|\n|rule|Species Clause: Limit one of each Pok\u00e9mon\n|rule|Item Clause: Limit 1 of each item\n|clearpoke\n|poke|p1|Flutter Mane, L50|\n|poke|p1|Primarina, L50, M|\n|poke|p1|Zacian-*, L50|\n|poke|p1|Whimsicott, L50, M|\n|poke|p1|Incineroar, L50, M|\n|poke|p1|Weezing-Galar, L50, F|\n|poke|p2|Calyrex-Ice, L50|\n|poke|p2|Kyogre, L50|\n|poke|p2|Indeedee-F, L50, F|\n|poke|p2|Urshifu-*, L50, F|\n|poke|p2|Amoonguss, L50, F|\n|poke|p2|Landorus, L50, M|\n|teampreview|4\n|inactive|Battle timer is ON: inactive players will automatically lose when time's up. (requested by j0l0k0)\n|inactive|AzureChuck also wants the timer to be on.\n|inactive|AzureChuck has 60 seconds left.\n|\n|t:|1769289219\n|teamsize|p1|4\n|teamsize|p2|4\n|start\n|switch|p1a: Flutter Mane|Flutter Mane, L50|100/100\n|switch|p1b: Weezing|Weezing-Galar, L50, F|100/100\n|switch|p2a: Indeedee|Indeedee-F, L50, F, shiny|100/100\n|switch|p2b: Calyrex|Calyrex-Ice, L50|100/100\n|-ability|p1b: Weezing|Neutralizing Gas\n|-ability|p2b: Calyrex|As One\n|-ability|p2b: Calyrex|Unnerve\n|turn|1\n|inactive|AzureChuck has 30 seconds left.\n|\n|t:|1769289248\n|-end|p1a: Flutter Mane|Protosynthesis|[silent]\n|switch|p1a: Primarina|Primarina, L50, M|100/100\n|move|p2a: Indeedee|Follow Me|p2a: Indeedee\n|-singleturn|p2a: Indeedee|move: Follow Me\n|move|p1b: Weezing|Taunt|p2a: Indeedee\n|-start|p2a: Indeedee|move: Taunt\n|move|p2b: Calyrex|Glacial Lance|p1b: Weezing|[spread] p1a,p1b\n|-resisted|p1a: Primarina\n|-damage|p1a: Primarina|68/100\n|-damage|p1b: Weezing|51/100\n|\n|-heal|p1b: Weezing|57/100|[from] item: Black Sludge\n|upkeep\n|turn|2\n|inactive|AzureChuck has 30 seconds left.\n|\n|t:|1769289281\n|move|p1b: Weezing|Protect|p1b: Weezing\n|-singleturn|p1b: Weezing|Protect\n|move|p2a: Indeedee|Psychic|p1b: Weezing\n|-activate|p1b: Weezing|move: Protect\n|move|p1a: Primarina|Moonblast|p2b: Calyrex\n|-damage|p2b: Calyrex|55/100\n|-damage|p1a: Primarina|58/100|[from] item: Life Orb\n|move|p2b: Calyrex|Trick Room|p2b: Calyrex\n|-fieldstart|move: Trick Room|[of] p2b: Calyrex\n|\n|-heal|p1b: Weezing|63/100|[from] item: Black Sludge\n|upkeep\n|turn|3\n|inactive|j0l0k0 has 30 seconds left.\n|\n|t:|1769289308\n|-end|p1b: Weezing|ability: Neutralizing Gas\n|-fieldstart|move: Psychic Terrain|[from] ability: Psychic Surge|[of] p2a: Indeedee\n|switch|p1b: Zacian|Zacian-Crowned, L50|100/100\n|-ability|p1b: Zacian|Intrepid Sword|boost\n|-boost|p1b: Zacian|atk|1\n|move|p2b: Calyrex|Glacial Lance|p1a: Primarina|[spread] p1a,p1b\n|-resisted|p1a: Primarina\n|-resisted|p1b: Zacian\n|-damage|p1a: Primarina|22/100\n|-damage|p1b: Zacian|74/100\n|move|p1a: Primarina|Hyper Voice|p2a: Indeedee|[spread] p2a,p2b\n|-crit|p2b: Calyrex\n|-damage|p2a: Indeedee|63/100\n|-damage|p2b: Calyrex|1/100\n|-damage|p1a: Primarina|12/100|[from] item: Life Orb\n|move|p2a: Indeedee|Psychic|p1a: Primarina\n|-damage|p1a: Primarina|0 fnt\n|faint|p1a: Primarina\n|\n|upkeep\n|inactive|AzureChuck has 30 seconds left.\n|\n|t:|1769289340\n|switch|p1a: Weezing|Weezing-Galar, L50, F|63/100\n|-ability|p1a: Weezing|Neutralizing Gas\n|turn|4\n|\n|t:|1769289349\n|move|p1a: Weezing|Protect|p1a: Weezing\n|-singleturn|p1a: Weezing|Protect\n|move|p2b: Calyrex|Glacial Lance|p1a: Weezing|[spread] p1b\n|-activate|p1a: Weezing|move: Protect\n|-resisted|p1b: Zacian\n|-damage|p1b: Zacian|49/100\n|move|p2a: Indeedee|Psychic|p1a: Weezing\n|-activate|p1a: Weezing|move: Protect\n|move|p1b: Zacian|Behemoth Blade|p2b: Calyrex\n|-supereffective|p2b: Calyrex\n|-damage|p2b: Calyrex|0 fnt\n|faint|p2b: Calyrex\n|\n|-heal|p1a: Weezing|69/100|[from] item: Black Sludge\n|-end|p2a: Indeedee|move: Taunt\n|upkeep\n|\n|t:|1769289370\n|switch|p2b: Landorus|Landorus, L50, M, shiny|100/100\n|turn|5\n|inactive|AzureChuck has 30 seconds left.\n|inactive|AzureChuck has 20 seconds left.\n|\n|t:|1769289408\n|-terastallize|p1b: Zacian|Fairy\n|move|p2a: Indeedee|Follow Me|p2a: Indeedee\n|-singleturn|p2a: Indeedee|move: Follow Me\n|move|p1a: Weezing|Strange Steam|p2a: Indeedee\n|-damage|p2a: Indeedee|41/100\n|move|p2b: Landorus|Sandsear Storm|p1a: Weezing|[spread] \n|-miss|p2b: Landorus|p1a: Weezing\n|-miss|p2b: Landorus|p1b: Zacian\n|move|p1b: Zacian|Behemoth Blade|p2a: Indeedee\n|-damage|p2a: Indeedee|0 fnt\n|faint|p2a: Indeedee\n|\n|-heal|p1a: Weezing|74/100|[from] item: Black Sludge\n|upkeep\n|\n|t:|1769289422\n|switch|p2a: Kyogre|Kyogre, L50, shiny|100/100\n|turn|6\n|\n|t:|1769289428\n|move|p1a: Weezing|Protect|p1a: Weezing\n|-singleturn|p1a: Weezing|Protect\n|move|p1b: Zacian|Protect|p1b: Zacian\n|-singleturn|p1b: Zacian|Protect\n|move|p2a: Kyogre|Water Spout|p1a: Weezing|[spread] \n|-activate|p1a: Weezing|move: Protect\n|-activate|p1b: Zacian|move: Protect\n|move|p2b: Landorus|Sludge Bomb|p1b: Zacian\n|-activate|p1b: Zacian|move: Protect\n|\n|-heal|p1a: Weezing|80/100|[from] item: Black Sludge\n|-fieldend|move: Trick Room\n|upkeep\n|turn|7\n|\n|t:|1769289449\n|move|p1b: Zacian|Play Rough|p2a: Kyogre\n|-damage|p2a: Kyogre|12/100\n|move|p2a: Kyogre|Water Spout|p1a: Weezing|[spread] p1a,p1b\n|-damage|p1a: Weezing|73/100\n|-damage|p1b: Zacian|43/100\n|move|p2b: Landorus|Sandsear Storm|p1b: Zacian|[spread] p1a,p1b\n|-supereffective|p1a: Weezing\n|-damage|p1a: Weezing|0 fnt\n|-damage|p1b: Zacian|0 fnt\n|faint|p1a: Weezing\n|-end|p1a: Weezing|ability: Neutralizing Gas\n|-weather|RainDance|[from] ability: Drizzle|[of] p2a: Kyogre\n|faint|p1b: Zacian\n|-damage|p2b: Landorus|91/100|[from] item: Life Orb\n|\n|-weather|RainDance|[upkeep]\n|-fieldend|move: Psychic Terrain\n|upkeep\n|\n|t:|1769289464\n|switch|p1b: Flutter Mane|Flutter Mane, L50|100/100\n|-enditem|p1b: Flutter Mane|Booster Energy\n|-activate|p1b: Flutter Mane|ability: Protosynthesis|[fromitem]\n|-start|p1b: Flutter Mane|protosynthesisspe\n|turn|8\n|\n|t:|1769289475\n|-terastallize|p2b: Landorus|Steel\n|move|p1b: Flutter Mane|Dazzling Gleam|p2a: Kyogre|[spread] p2a,p2b\n|-resisted|p2b: Landorus\n|-damage|p2a: Kyogre|0 fnt\n|-damage|p2b: Landorus|73/100\n|faint|p2a: Kyogre\n|move|p2b: Landorus|Sandsear Storm|p1b: Flutter Mane\n|-damage|p1b: Flutter Mane|11/100\n|\n|-weather|RainDance|[upkeep]\n|upkeep\n|turn|9\n|\n|t:|1769289485\n|move|p1b: Flutter Mane|Protect|p1b: Flutter Mane\n|-singleturn|p1b: Flutter Mane|Protect\n|move|p2b: Landorus|Sludge Bomb|p1b: Flutter Mane\n|-activate|p1b: Flutter Mane|move: Protect\n|\n|-weather|RainDance|[upkeep]\n|upkeep\n|turn|10\n|\n|t:|1769289492\n|move|p1b: Flutter Mane|Shadow Ball|p2b: Landorus\n|-damage|p2b: Landorus|22/100\n|move|p2b: Landorus|Sludge Bomb|p1b: Flutter Mane\n|-damage|p1b: Flutter Mane|0 fnt\n|faint|p1b: Flutter Mane\n|-end|p1b: Flutter Mane|Protosynthesis|[silent]\n|\n|win|j0l0k0\n|raw|AzureChuck's rating: 1321 &rarr; <strong>1304</strong><br />(-17 for losing)\n|raw|j0l0k0's rating: 1372 &rarr; <strong>1389</strong><br />(+17 for winning)\n|l|\u2606j0l0k0\n|player|p2|\n|l|\u2606AzureChuck\n|player|p1|\n","uploadtime":1769289644,"views":13,"formatid":"gen9vgc2026regi","rating":1304,"private":0,"password":null}