{"id":"gen9vgc2026regi-2544671871","format":"[Gen 9] VGC 2026 Reg I","players":["ryo8989","u lost da game"],"log":"|j|\u2606ryo8989\n|j|\u2606u lost da game\n|t:|1771737165\n|gametype|doubles\n|player|p1|ryo8989|erika|1405\n|player|p2|u lost da game|101|1284\n|gen|9\n|tier|[Gen 9] VGC 2026 Reg I\n|rated|\n|rule|Species Clause: Limit one of each Pok\u00e9mon\n|rule|Item Clause: Limit 1 of each item\n|clearpoke\n|poke|p1|Calyrex-Shadow, L50|\n|poke|p1|Zamazenta-*, L50|\n|poke|p1|Raging Bolt, L50|\n|poke|p1|Tornadus, L50, M|\n|poke|p1|Urshifu-*, L50, M|\n|poke|p1|Indeedee-F, L50, F|\n|poke|p2|Miraidon, L50|\n|poke|p2|Ursaluna, L50, M|\n|poke|p2|Ho-Oh, L50|\n|poke|p2|Incineroar, L50, F|\n|poke|p2|Flutter Mane, L50|\n|poke|p2|Cresselia, L50, F|\n|teampreview|4\n|\n|t:|1771737182\n|teamsize|p1|4\n|teamsize|p2|4\n|start\n|switch|p1a: Calyrex|Calyrex-Shadow, L50|100/100\n|switch|p1b: Indeedee|Indeedee-F, L50, F|100/100\n|switch|p2a: Ho-Oh|Ho-Oh, L50|100/100\n|switch|p2b: Cresselia|Cresselia, L50, F|100/100\n|-ability|p1a: Calyrex|As One\n|-ability|p1a: Calyrex|Unnerve\n|-fieldstart|move: Psychic Terrain|[from] ability: Psychic Surge|[of] p1b: Indeedee\n|turn|1\n|\n|t:|1771737205\n|-terastallize|p2b: Cresselia|Water\n|move|p1b: Indeedee|Helping Hand|p1a: Calyrex\n|-singleturn|p1a: Calyrex|Helping Hand|[of] p1b: Indeedee\n|move|p2b: Cresselia|Helping Hand|p2a: Ho-Oh\n|-singleturn|p2a: Ho-Oh|Helping Hand|[of] p2b: Cresselia\n|move|p1a: Calyrex|Astral Barrage|p2a: Ho-Oh|[spread] p2a,p2b\n|-damage|p2a: Ho-Oh|55/100\n|-damage|p2b: Cresselia|56/100\n|move|p2a: Ho-Oh|Sacred Fire|p1b: Indeedee\n|-damage|p1b: Indeedee|22/100\n|\n|upkeep\n|turn|2\n|\n|t:|1771737229\n|switch|p2a: Incineroar|Incineroar, L50, F|100/100\n|-ability|p2a: Incineroar|Intimidate|boost\n|-unboost|p1a: Calyrex|atk|1\n|-unboost|p1b: Indeedee|atk|1\n|move|p1b: Indeedee|Helping Hand|p1a: Calyrex\n|-singleturn|p1a: Calyrex|Helping Hand|[of] p1b: Indeedee\n|move|p1a: Calyrex|Psychic|p2a: Incineroar\n|-immune|p2a: Incineroar\n|move|p2b: Cresselia|Trick Room|p2b: Cresselia\n|-fieldstart|move: Trick Room|[of] p2b: Cresselia\n|\n|upkeep\n|turn|3\n|\n|t:|1771737249\n|-terastallize|p1a: Calyrex|Ground\n|move|p1b: Indeedee|Helping Hand|p1a: Calyrex\n|-singleturn|p1a: Calyrex|Helping Hand|[of] p1b: Indeedee\n|move|p2a: Incineroar|U-turn|p1b: Indeedee\n|-supereffective|p1b: Indeedee\n|-damage|p1b: Indeedee|0 fnt\n|faint|p1b: Indeedee\n|\n|t:|1771737256\n|switch|p2a: Ho-Oh|Ho-Oh, L50|88/100|[from] U-turn\n|move|p2b: Cresselia|Psychic|p1a: Calyrex\n|-damage|p1a: Calyrex|76/100\n|move|p1a: Calyrex|Tera Blast|p2a: Ho-Oh|[anim] Tera Blast Ground\n|-immune|p2a: Ho-Oh\n|\n|upkeep\n|\n|t:|1771737266\n|switch|p1b: Raging Bolt|Raging Bolt, L50|100/100\n|-enditem|p1b: Raging Bolt|Booster Energy\n|-activate|p1b: Raging Bolt|ability: Protosynthesis|[fromitem]\n|-start|p1b: Raging Bolt|protosynthesisspa\n|turn|4\n|\n|t:|1771737279\n|switch|p2b: Incineroar|Incineroar, L50, F|100/100\n|-ability|p2b: Incineroar|Intimidate|boost\n|-unboost|p1a: Calyrex|atk|1\n|-unboost|p1b: Raging Bolt|atk|1\n|switch|p2a: Ursaluna|Ursaluna, L50, M|100/100\n|move|p1a: Calyrex|Protect|p1a: Calyrex\n|-singleturn|p1a: Calyrex|Protect\n|move|p1b: Raging Bolt|Thunderbolt|p2b: Incineroar\n|-damage|p2b: Incineroar|61/100\n|\n|-status|p2a: Ursaluna|brn|[from] item: Flame Orb\n|upkeep\n|turn|5\n|\n|t:|1771737300\n|switch|p2b: Ho-Oh|Ho-Oh, L50|100/100\n|move|p2a: Ursaluna|Earthquake|p1a: Calyrex|[spread] p1a,p1b\n|-immune|p2b: Ho-Oh\n|-supereffective|p1b: Raging Bolt\n|-damage|p1a: Calyrex|0 fnt\n|-damage|p1b: Raging Bolt|0 fnt\n|faint|p1a: Calyrex\n|faint|p1b: Raging Bolt\n|-end|p1b: Raging Bolt|Protosynthesis|[silent]\n|\n|-damage|p2a: Ursaluna|95/100 brn|[from] brn\n|-fieldend|move: Psychic Terrain\n|upkeep\n|\n|t:|1771737313\n|switch|p1a: Zamazenta|Zamazenta-Crowned, L50, shiny|100/100\n|-ability|p1a: Zamazenta|Dauntless Shield|boost\n|-boost|p1a: Zamazenta|def|1\n|turn|6\n|-message|ryo8989 forfeited.\n|\n|win|u lost da game\n|raw|ryo8989's rating: 1405 &rarr; <strong>1378</strong><br />(-27 for losing)\n|raw|u lost da game's rating: 1284 &rarr; <strong>1317</strong><br />(+33 for winning)\n|l|\u2606ryo8989\n|player|p1|\n|l|\u2606u lost da game\n|player|p2|\n","uploadtime":1771737504,"views":15,"formatid":"gen9vgc2026regi","rating":1317,"private":0,"password":null}