{"id":"gen9vgc2026regi-2537352079","format":"[Gen 9] VGC 2026 Reg I","players":["p654","marcxhenry"],"log":"|j|\u2606p654\n|j|\u2606marcxhenry\n|t:|1770802713\n|gametype|doubles\n|player|p1|p654|101|1325\n|player|p2|marcxhenry|hilbert-wonderlauncher|1586\n|gen|9\n|tier|[Gen 9] VGC 2026 Reg I\n|rated|\n|rule|Species Clause: Limit one of each Pok\u00e9mon\n|rule|Item Clause: Limit 1 of each item\n|clearpoke\n|poke|p1|Miraidon, L50|\n|poke|p1|Grimmsnarl, L50, M|\n|poke|p1|Chi-Yu, L50|\n|poke|p1|Calyrex-Ice, L50|\n|poke|p1|Iron Bundle, L50|\n|poke|p1|Urshifu-*, L50, M|\n|poke|p2|Calyrex-Shadow, L50|\n|poke|p2|Urshifu-*, L50, M|\n|poke|p2|Roaring Moon, L50|\n|poke|p2|Kyogre, L50|\n|poke|p2|Tsareena, L50, F|\n|poke|p2|Kingambit, L50, M|\n|teampreview|4\n|\n|t:|1770802736\n|teamsize|p1|4\n|teamsize|p2|4\n|start\n|switch|p1a: Chi-Yu|Chi-Yu, L50|100/100\n|switch|p1b: Grimmsnarl|Grimmsnarl, L50, M|100/100\n|switch|p2a: Ludwig|Calyrex-Shadow, L50|100/100\n|switch|p2b: Tripitz|Kyogre, L50, shiny|100/100\n|-ability|p2a: Ludwig|As One\n|-ability|p2a: Ludwig|Unnerve\n|-ability|p1a: Chi-Yu|Beads of Ruin\n|-weather|RainDance|[from] ability: Drizzle|[of] p2b: Tripitz\n|turn|1\n|\n|t:|1770802757\n|switch|p1a: Miraidon|Miraidon, L50|100/100\n|-fieldstart|move: Electric Terrain|[from] ability: Hadron Engine|[of] p1a: Miraidon\n|switch|p2b: Hermann|Kingambit, L50, M, shiny|100/100\n|move|p1b: Grimmsnarl|Light Screen|p1b: Grimmsnarl\n|-sidestart|p1: p654|move: Light Screen\n|move|p2a: Ludwig|Trick Room|p2a: Ludwig\n|-fieldstart|move: Trick Room|[of] p2a: Ludwig\n|\n|-weather|RainDance|[upkeep]\n|upkeep\n|turn|2\n|\n|t:|1770802776\n|move|p2a: Ludwig|Protect|p2a: Ludwig\n|-singleturn|p2a: Ludwig|Protect\n|move|p1b: Grimmsnarl|Reflect|p1b: Grimmsnarl\n|-sidestart|p1: p654|Reflect\n|move|p2b: Hermann|Iron Head|p1b: Grimmsnarl\n|-supereffective|p1b: Grimmsnarl\n|-damage|p1b: Grimmsnarl|41/100\n|move|p1a: Miraidon|Electro Drift|p2b: Hermann\n|-damage|p2b: Hermann|24/100\n|\n|-weather|RainDance|[upkeep]\n|upkeep\n|turn|3\n|\n|t:|1770802794\n|switch|p2a: Eva|Tsareena, L50, F, shiny|100/100\n|move|p2b: Hermann|Brick Break|p1a: Miraidon\n|-sideend|p1: p654|Reflect\n|-sideend|p1: p654|move: Light Screen\n|-damage|p1a: Miraidon|76/100\n|move|p1b: Grimmsnarl|Spirit Break|p2a: Eva\n|-damage|p2a: Eva|66/100\n|-unboost|p2a: Eva|spa|1\n|move|p1a: Miraidon|Volt Switch|p2a: Eva\n|-resisted|p2a: Eva\n|-damage|p2a: Eva|18/100\n|\n|t:|1770802803\n|switch|p1a: Chi-Yu|Chi-Yu, L50|100/100|[from] Volt Switch\n|-ability|p1a: Chi-Yu|Beads of Ruin\n|\n|-weather|RainDance|[upkeep]\n|upkeep\n|turn|4\n|\n|t:|1770802822\n|-terastallize|p1a: Chi-Yu|Ghost\n|move|p2a: Eva|Protect|p2a: Eva\n|-singleturn|p2a: Eva|Protect\n|move|p1b: Grimmsnarl|Reflect|p1b: Grimmsnarl\n|-sidestart|p1: p654|Reflect\n|move|p2b: Hermann|Brick Break|p1a: Chi-Yu\n|-immune|p1a: Chi-Yu\n|move|p1a: Chi-Yu|Snarl|p2a: Eva|[spread] \n|-activate|p2a: Eva|move: Protect\n|-miss|p1a: Chi-Yu|p2b: Hermann\n|\n|-weather|RainDance|[upkeep]\n|upkeep\n|turn|5\n|\n|t:|1770802845\n|switch|p2a: Ludwig|Calyrex-Shadow, L50|100/100\n|-ability|p2a: Ludwig|As One\n|-ability|p2a: Ludwig|Unnerve\n|switch|p1a: Urshifu|Urshifu, L50, M|100/100\n|move|p2b: Hermann|Kowtow Cleave|p1a: Urshifu\n|-resisted|p1a: Urshifu\n|-crit|p1a: Urshifu\n|-damage|p1a: Urshifu|83/100\n|move|p1b: Grimmsnarl|Spirit Break|p2a: Ludwig\n|-damage|p2a: Ludwig|64/100\n|-unboost|p2a: Ludwig|spa|1\n|\n|-weather|none\n|-fieldend|move: Trick Room\n|-fieldend|move: Electric Terrain\n|upkeep\n|turn|6\n|\n|t:|1770802867\n|switch|p2a: Eva|Tsareena, L50, F, shiny|18/100\n|move|p1b: Grimmsnarl|Light Screen|p1b: Grimmsnarl\n|-sidestart|p1: p654|move: Light Screen\n|move|p1a: Urshifu|Wicked Blow|p2a: Eva\n|-crit|p2a: Eva\n|-damage|p2a: Eva|0 fnt\n|faint|p2a: Eva\n|move|p2b: Hermann|Brick Break|p1b: Grimmsnarl\n|-sideend|p1: p654|Reflect\n|-sideend|p1: p654|move: Light Screen\n|-damage|p1b: Grimmsnarl|12/100\n|\n|upkeep\n|\n|t:|1770802878\n|switch|p2a: Tripitz|Kyogre, L50, shiny|100/100\n|-weather|RainDance|[from] ability: Drizzle|[of] p2a: Tripitz\n|turn|7\n|\n|t:|1770802889\n|move|p1b: Grimmsnarl|Thunder Wave|p2a: Tripitz\n|-status|p2a: Tripitz|par\n|move|p1a: Urshifu|Wicked Blow|p2a: Tripitz\n|-crit|p2a: Tripitz\n|-damage|p2a: Tripitz|35/100 par\n|move|p2b: Hermann|Brick Break|p1a: Urshifu\n|-supereffective|p1a: Urshifu\n|-damage|p1a: Urshifu|19/100\n|move|p2a: Tripitz|Origin Pulse|p1a: Urshifu|[spread] p1a,p1b\n|-damage|p1a: Urshifu|0 fnt\n|-damage|p1b: Grimmsnarl|0 fnt\n|faint|p1a: Urshifu\n|faint|p1b: Grimmsnarl\n|\n|-weather|RainDance|[upkeep]\n|upkeep\n|\n|t:|1770802896\n|switch|p1a: Miraidon|Miraidon, L50|76/100\n|switch|p1b: Chi-Yu|Chi-Yu, L50, tera:Ghost|100/100\n|-ability|p1b: Chi-Yu|Beads of Ruin\n|-fieldstart|move: Electric Terrain|[from] ability: Hadron Engine|[of] p1a: Miraidon\n|turn|8\n|\n|t:|1770802911\n|-terastallize|p2a: Tripitz|Ground\n|move|p2b: Hermann|Sucker Punch|p1b: Chi-Yu\n|-supereffective|p1b: Chi-Yu\n|-crit|p1b: Chi-Yu\n|-damage|p1b: Chi-Yu|0 fnt\n|faint|p1b: Chi-Yu\n|move|p1a: Miraidon|Electro Drift|p2b: Hermann\n|-damage|p2b: Hermann|0 fnt\n|faint|p2b: Hermann\n|move|p2a: Tripitz|Origin Pulse|p1a: Miraidon\n|-resisted|p1a: Miraidon\n|-damage|p1a: Miraidon|21/100\n|\n|-weather|RainDance|[upkeep]\n|upkeep\n|-message|p654 forfeited.\n|\n|win|marcxhenry\n|raw|p654's rating: 1325 &rarr; <strong>1318</strong><br />(-7 for losing)\n|raw|marcxhenry's rating: 1586 &rarr; <strong>1593</strong><br />(+7 for winning)\n|l|\u2606p654\n|player|p1|\n","uploadtime":1770803147,"views":10,"formatid":"gen9vgc2026regi","rating":1318,"private":0,"password":null}