{"id":"gen9vgc2026regi-2582557893","format":"[Gen 9] VGC 2026 Reg I","players":["IAmALittleKid","tinkatuffluvr"],"log":"|j|\u2606IAmALittleKid\n|j|\u2606tinkatuffluvr\n|t:|1776099252\n|gametype|doubles\n|player|p1|IAmALittleKid|1|1402\n|player|p2|tinkatuffluvr|cynthia|1382\n|gen|9\n|tier|[Gen 9] VGC 2026 Reg I\n|rated|\n|rule|Species Clause: Limit one of each Pok\u00e9mon\n|rule|Item Clause: Limit 1 of each item\n|clearpoke\n|poke|p1|Calyrex-Shadow, L50|\n|poke|p1|Incineroar, L50, M|\n|poke|p1|Zamazenta-*, L50|\n|poke|p1|Rillaboom, L50, F|\n|poke|p1|Urshifu-*, L50, F|\n|poke|p1|Tornadus, L50, M|\n|poke|p2|Iron Bundle, L50|\n|poke|p2|Farigiraf, L50, M|\n|poke|p2|Calyrex-Ice, L50|\n|poke|p2|Miraidon, L50|\n|poke|p2|Iron Hands, L50|\n|poke|p2|Annihilape, L50, F|\n|teampreview|4\n|inactive|Battle timer is ON: inactive players will automatically lose when time's up. (requested by IAmALittleKid)\n|\n|t:|1776099281\n|teamsize|p1|4\n|teamsize|p2|4\n|start\n|switch|p1a: Crenchle|Rillaboom, L50, F|100/100\n|switch|p1b: Lil Dude|Zamazenta-Crowned, L50|100/100\n|switch|p2a: Iron Bundle|Iron Bundle, L50|100/100\n|switch|p2b: Miraidon|Miraidon, L50|100/100\n|-fieldstart|move: Electric Terrain|[from] ability: Hadron Engine|[of] p2b: Miraidon\n|-activate|p2a: Iron Bundle|ability: Quark Drive\n|-start|p2a: Iron Bundle|quarkdrivespe\n|-ability|p1b: Lil Dude|Dauntless Shield|boost\n|-boost|p1b: Lil Dude|def|1\n|-fieldstart|move: Grassy Terrain|[from] ability: Grassy Surge|[of] p1a: Crenchle\n|-end|p2a: Iron Bundle|Quark Drive\n|turn|1\n|\n|t:|1776099302\n|move|p2a: Iron Bundle|Protect|p2a: Iron Bundle\n|-singleturn|p2a: Iron Bundle|Protect\n|move|p2b: Miraidon|Protect|p2b: Miraidon\n|-singleturn|p2b: Miraidon|Protect\n|move|p1a: Crenchle|Fake Out|p2b: Miraidon\n|-activate|p2b: Miraidon|move: Protect\n|move|p1b: Lil Dude|Body Press|p2a: Iron Bundle\n|-activate|p2a: Iron Bundle|move: Protect\n|\n|upkeep\n|turn|2\n|inactive|tinkatuffluvr has 30 seconds left.\n|\n|t:|1776099329\n|move|p1a: Crenchle|Grassy Glide|p2a: Iron Bundle\n|-supereffective|p2a: Iron Bundle\n|-damage|p2a: Iron Bundle|12/100\n|move|p2a: Iron Bundle|Icy Wind|p1b: Lil Dude|[spread] p1a,p1b\n|-supereffective|p1a: Crenchle\n|-resisted|p1b: Lil Dude\n|-damage|p1a: Crenchle|74/100\n|-damage|p1b: Lil Dude|93/100\n|-unboost|p1a: Crenchle|spe|1\n|-unboost|p1b: Lil Dude|spe|1\n|move|p2b: Miraidon|Draco Meteor|p1a: Crenchle\n|-damage|p1a: Crenchle|11/100\n|-unboost|p2b: Miraidon|spa|2\n|-damage|p2b: Miraidon|91/100|[from] item: Life Orb\n|move|p1b: Lil Dude|Iron Defense|p1b: Lil Dude\n|-boost|p1b: Lil Dude|def|2\n|\n|-heal|p2a: Iron Bundle|18/100|[from] Grassy Terrain\n|-heal|p2b: Miraidon|97/100|[from] Grassy Terrain\n|-heal|p1b: Lil Dude|99/100|[from] Grassy Terrain\n|-heal|p1a: Crenchle|17/100|[from] Grassy Terrain\n|upkeep\n|turn|3\n|inactive|tinkatuffluvr has 30 seconds left.\n|inactive|tinkatuffluvr has 20 seconds left.\n|inactive|tinkatuffluvr has 15 seconds left.\n|inactive|tinkatuffluvr has 10 seconds left.\n|\n|t:|1776099377\n|move|p1a: Crenchle|Grassy Glide|p2a: Iron Bundle\n|-supereffective|p2a: Iron Bundle\n|-damage|p2a: Iron Bundle|0 fnt\n|faint|p2a: Iron Bundle\n|-end|p2a: Iron Bundle|Quark Drive|[silent]\n|move|p2b: Miraidon|Electro Drift|p1b: Lil Dude\n|-damage|p1b: Lil Dude|70/100\n|-damage|p2b: Miraidon|87/100|[from] item: Life Orb\n|move|p1b: Lil Dude|Body Press|p2b: Miraidon\n|-damage|p2b: Miraidon|0 fnt\n|faint|p2b: Miraidon\n|\n|-heal|p1b: Lil Dude|77/100|[from] Grassy Terrain\n|-heal|p1a: Crenchle|23/100|[from] Grassy Terrain\n|upkeep\n|\n|t:|1776099390\n|switch|p2a: Calyrex|Calyrex-Ice, L50|100/100\n|switch|p2b: Farigiraf|Farigiraf, L50, M|100/100\n|-ability|p2a: Calyrex|As One\n|-ability|p2a: Calyrex|Unnerve\n|turn|4\n|\n|t:|1776099411\n|move|p1b: Lil Dude|Body Press|p2b: Farigiraf\n|-damage|p2b: Farigiraf|10/100\n|move|p1a: Crenchle|U-turn|p2a: Calyrex\n|-supereffective|p2a: Calyrex\n|-damage|p2a: Calyrex|71/100\n|\n|t:|1776099422\n|switch|p1a: Mug|Incineroar, L50, M|100/100|[from] U-turn\n|-ability|p1a: Mug|Intimidate|boost\n|-unboost|p2a: Calyrex|atk|1\n|-unboost|p2b: Farigiraf|atk|1\n|move|p2a: Calyrex|Glacial Lance|p1b: Lil Dude|[spread] p1a,p1b\n|-resisted|p1a: Mug\n|-resisted|p1b: Lil Dude\n|-damage|p1a: Mug|87/100\n|-damage|p1b: Lil Dude|72/100\n|move|p2b: Farigiraf|Roar|p1b: Lil Dude\n|drag|p1b: Horseless Headsman|Calyrex-Shadow, L50|100/100\n|-ability|p1b: Horseless Headsman|As One\n|-ability|p1b: Horseless Headsman|Unnerve\n|\n|-heal|p2b: Farigiraf|16/100|[from] Grassy Terrain\n|-heal|p2a: Calyrex|76/100|[from] Grassy Terrain\n|-heal|p2a: Calyrex|82/100|[from] item: Leftovers\n|-heal|p1a: Mug|93/100|[from] Grassy Terrain\n|upkeep\n|turn|5\n|inactive|tinkatuffluvr has 30 seconds left.\n|\n|t:|1776099452\n|move|p1b: Horseless Headsman|Astral Barrage|p2b: Farigiraf|[spread] p2a\n|-immune|p2b: Farigiraf\n|-supereffective|p2a: Calyrex\n|-damage|p2a: Calyrex|10/100\n|move|p2b: Farigiraf|Foul Play|p1b: Horseless Headsman\n|-supereffective|p1b: Horseless Headsman\n|-damage|p1b: Horseless Headsman|27/100\n|move|p1a: Mug|Knock Off|p2b: Farigiraf\n|-supereffective|p2b: Farigiraf\n|-damage|p2b: Farigiraf|0 fnt\n|-enditem|p2b: Farigiraf|Electric Seed|[from] move: Knock Off|[of] p1a: Mug\n|faint|p2b: Farigiraf\n|move|p2a: Calyrex|Trick Room|p2a: Calyrex\n|-fieldstart|move: Trick Room|[of] p2a: Calyrex\n|\n|-heal|p1a: Mug|99/100|[from] Grassy Terrain\n|-heal|p2a: Calyrex|15/100|[from] Grassy Terrain\n|-heal|p2a: Calyrex|21/100|[from] item: Leftovers\n|-heal|p1b: Horseless Headsman|33/100|[from] Grassy Terrain\n|-fieldend|move: Grassy Terrain\n|upkeep\n|turn|6\n|\n|t:|1776099470\n|move|p1b: Horseless Headsman|Protect|p1b: Horseless Headsman\n|-singleturn|p1b: Horseless Headsman|Protect\n|move|p1a: Mug|Knock Off|p2a: Calyrex\n|-supereffective|p2a: Calyrex\n|-crit|p2a: Calyrex\n|-damage|p2a: Calyrex|0 fnt\n|-enditem|p2a: Calyrex|Leftovers|[from] move: Knock Off|[of] p1a: Mug\n|faint|p2a: Calyrex\n|\n|win|IAmALittleKid\n|raw|IAmALittleKid's rating: 1402 &rarr; <strong>1421</strong><br />(+19 for winning)\n|raw|tinkatuffluvr's rating: 1382 &rarr; <strong>1363</strong><br />(-19 for losing)\n|l|\u2606tinkatuffluvr\n|player|p2|\n|c|\u2606IAmALittleKid|ggs\n|l|\u2606IAmALittleKid\n|player|p1|\n","uploadtime":1776099669,"views":17,"formatid":"gen9vgc2026regi","rating":1363,"private":0,"password":null}