{"id":"gen9vgc2026regi-2588650104","format":"[Gen 9] VGC 2026 Reg I","players":["ngocang","lalo's pollos"],"log":"|j|\u2606ngocang\n|j|\u2606lalo's pollos\n|t:|1776653799\n|gametype|doubles\n|player|p1|ngocang|1|1564\n|player|p2|lalo's pollos|102|1551\n|gen|9\n|tier|[Gen 9] VGC 2026 Reg I\n|rated|\n|rule|Species Clause: Limit one of each Pok\u00e9mon\n|rule|Item Clause: Limit 1 of each item\n|clearpoke\n|poke|p1|Miraidon, L50|\n|poke|p1|Calyrex-Ice, L50|\n|poke|p1|Whimsicott, L50, M|\n|poke|p1|Incineroar, L50, M|\n|poke|p1|Volcarona, L50, F|\n|poke|p1|Urshifu-*, L50, F|\n|poke|p2|Miraidon, L50|\n|poke|p2|Landorus, L50, M|\n|poke|p2|Incineroar, L50, F|\n|poke|p2|Iron Bundle, L50|\n|poke|p2|Farigiraf, L50, M|\n|poke|p2|Calyrex-Ice, L50|\n|teampreview|4\n|\n|t:|1776653832\n|teamsize|p1|4\n|teamsize|p2|4\n|start\n|switch|p1a: Volcarona|Volcarona, L50, F|100/100\n|switch|p1b: Calyrex|Calyrex-Ice, L50|100/100\n|switch|p2a: Calyrex|Calyrex-Ice, L50|100/100\n|switch|p2b: Co-Star|Miraidon, L50|100/100\n|-ability|p1b: Calyrex|As One\n|-ability|p1b: Calyrex|Unnerve\n|-ability|p2a: Calyrex|As One\n|-ability|p2a: Calyrex|Unnerve\n|-fieldstart|move: Electric Terrain|[from] ability: Hadron Engine|[of] p2b: Co-Star\n|-enditem|p1a: Volcarona|Electric Seed\n|-boost|p1a: Volcarona|def|1|[from] item: Electric Seed\n|turn|1\n|\n|t:|1776653861\n|move|p1a: Volcarona|Protect|p1a: Volcarona\n|-singleturn|p1a: Volcarona|Protect\n|move|p2b: Co-Star|Electro Drift|p1a: Volcarona\n|-activate|p1a: Volcarona|move: Protect\n|move|p1b: Calyrex|Glacial Lance|p2b: Co-Star|[spread] p2a,p2b\n|-resisted|p2a: Calyrex\n|-supereffective|p2b: Co-Star\n|-damage|p2a: Calyrex|82/100\n|-damage|p2b: Co-Star|0 fnt\n|faint|p2b: Co-Star\n|-ability|p1b: Calyrex|Chilling Neigh|boost\n|-boost|p1b: Calyrex|atk|1\n|move|p2a: Calyrex|Glacial Lance|p1a: Volcarona|[spread] p1b\n|-activate|p1a: Volcarona|move: Protect\n|-resisted|p1b: Calyrex\n|-damage|p1b: Calyrex|84/100\n|\n|upkeep\n|\n|t:|1776653868\n|switch|p2b: Landorus|Landorus, L50, M|100/100\n|turn|2\n|\n|t:|1776653918\n|-terastallize|p1a: Volcarona|Grass\n|-terastallize|p2a: Calyrex|Water\n|move|p2b: Landorus|Sandsear Storm|p1a: Volcarona|[spread] p1b\n|-miss|p2b: Landorus|p1a: Volcarona\n|-damage|p1b: Calyrex|42/100\n|move|p1a: Volcarona|Fiery Dance|p2a: Calyrex\n|-resisted|p2a: Calyrex\n|-damage|p2a: Calyrex|69/100\n|move|p1b: Calyrex|High Horsepower|p2b: Landorus\n|-immune|p2b: Landorus\n|move|p2a: Calyrex|Trick Room|p2a: Calyrex\n|-fieldstart|move: Trick Room|[of] p2a: Calyrex\n|\n|upkeep\n|turn|3\n|\n|t:|1776653941\n|switch|p1a: Incineroar|Incineroar, L50, M|100/100\n|-ability|p1a: Incineroar|Intimidate|boost\n|-fail|p2a: Calyrex|unboost|[from] item: Clear Amulet|[of] p2a: Calyrex\n|-unboost|p2b: Landorus|atk|1\n|move|p2a: Calyrex|Glacial Lance|p1a: Incineroar|[spread] p1a,p1b\n|-resisted|p1a: Incineroar\n|-resisted|p1b: Calyrex\n|-damage|p1a: Incineroar|74/100\n|-damage|p1b: Calyrex|24/100\n|move|p1b: Calyrex|Glacial Lance|p2a: Calyrex|[spread] p2a,p2b\n|-resisted|p2a: Calyrex\n|-supereffective|p2b: Landorus\n|-damage|p2a: Calyrex|38/100\n|-damage|p2b: Landorus|0 fnt\n|faint|p2b: Landorus\n|-ability|p1b: Calyrex|Chilling Neigh|boost\n|-boost|p1b: Calyrex|atk|1\n|\n|upkeep\n|\n|t:|1776653944\n|switch|p2b: the Manager|Farigiraf, L50, M|100/100\n|turn|4\n|\n|t:|1776653973\n|move|p2b: the Manager|Helping Hand|p2a: Calyrex\n|-singleturn|p2a: Calyrex|Helping Hand|[of] p2b: the Manager\n|move|p2a: Calyrex|Glacial Lance|p1a: Incineroar|[spread] p1a,p1b\n|-resisted|p1a: Incineroar\n|-resisted|p1b: Calyrex\n|-damage|p1a: Incineroar|34/100\n|-damage|p1b: Calyrex|0 fnt\n|faint|p1b: Calyrex\n|-ability|p2a: Calyrex|Chilling Neigh|boost\n|-boost|p2a: Calyrex|atk|1\n|move|p1a: Incineroar|Knock Off|p2a: Calyrex\n|-damage|p2a: Calyrex|8/100\n|-enditem|p2a: Calyrex|Clear Amulet|[from] move: Knock Off|[of] p1a: Incineroar\n|\n|upkeep\n|\n|t:|1776653997\n|switch|p1b: Urshifu|Urshifu-Rapid-Strike, L50, F|100/100\n|turn|5\n|\n|t:|1776654006\n|switch|p1a: Volcarona|Volcarona, L50, F, tera:Grass|100/100\n|move|p2a: Calyrex|Glacial Lance|p1b: Urshifu|[spread] p1a,p1b\n|-supereffective|p1a: Volcarona\n|-resisted|p1b: Urshifu\n|-damage|p1a: Volcarona|0 fnt\n|-damage|p1b: Urshifu|61/100\n|faint|p1a: Volcarona\n|-ability|p2a: Calyrex|Chilling Neigh|boost\n|-boost|p2a: Calyrex|atk|1\n|move|p2b: the Manager|Psychic|p1b: Urshifu\n|-supereffective|p1b: Urshifu\n|-damage|p1b: Urshifu|0 fnt\n|faint|p1b: Urshifu\n|\n|-fieldend|move: Electric Terrain\n|upkeep\n|-message|ngocang forfeited.\n|\n|win|lalo's pollos\n|raw|ngocang's rating: 1564 &rarr; <strong>1543</strong><br />(-21 for losing)\n|raw|lalo&apos;s pollos's rating: 1551 &rarr; <strong>1572</strong><br />(+21 for winning)\n|l|\u2606ngocang\n|player|p1|\n","uploadtime":1776654019,"views":16,"formatid":"gen9vgc2026regi","rating":1543,"private":0,"password":null}