{"id":"gen9vgc2026regi-2561833294","format":"[Gen 9] VGC 2026 Reg I","players":["wktkfakfuqek","testhan92"],"log":"|j|\u2606wktkfakfuqek\n|j|\u2606testhan92\n|t:|1773847596\n|gametype|doubles\n|player|p1|wktkfakfuqek|hiker-gen4|1360\n|player|p2|testhan92|2|1360\n|gen|9\n|tier|[Gen 9] VGC 2026 Reg I\n|rated|\n|rule|Species Clause: Limit one of each Pok\u00e9mon\n|rule|Item Clause: Limit 1 of each item\n|clearpoke\n|poke|p1|Smeargle, L50, F|\n|poke|p1|Muk-Alola, L50, M|\n|poke|p1|Glimmora, L50, M|\n|poke|p1|Sinistcha-Masterpiece, L50|\n|poke|p1|Ho-Oh, L50|\n|poke|p1|Calyrex-Shadow, L50|\n|poke|p2|Calyrex-Shadow, L50|\n|poke|p2|Koraidon, L50|\n|poke|p2|Clefairy, L50, M|\n|poke|p2|Flutter Mane, L50|\n|poke|p2|Rillaboom, L50, M|\n|poke|p2|Incineroar, L50, M|\n|teampreview|4\n|inactive|Battle timer is ON: inactive players will automatically lose when time's up. (requested by wktkfakfuqek)\n|\n|t:|1773847614\n|teamsize|p1|4\n|teamsize|p2|4\n|start\n|switch|p1a: Smeargle|Smeargle, L50, F|100/100\n|switch|p1b: Muk|Muk-Alola, L50, M|100/100\n|switch|p2a: Koraidon|Koraidon, L50|100/100\n|switch|p2b: Clefairy|Clefairy, L50, M|100/100\n|-weather|SunnyDay|[from] ability: Orichalcum Pulse|[of] p2a: Koraidon\n|-activate|p2a: Koraidon|Orichalcum Pulse|[source]\n|turn|1\n|\n|t:|1773847628\n|-terastallize|p2b: Clefairy|Grass\n|move|p1a: Smeargle|Fake Out|p2a: Koraidon\n|-damage|p2a: Koraidon|97/100\n|move|p2b: Clefairy|Follow Me|p2b: Clefairy\n|-singleturn|p2b: Clefairy|move: Follow Me\n|cant|p2a: Koraidon|flinch\n|move|p1b: Muk|Minimize|p1b: Muk\n|-boost|p1b: Muk|evasion|2\n|\n|-weather|SunnyDay|[upkeep]\n|-ability|p1a: Smeargle|Moody|boost\n|-boost|p1a: Smeargle|spa|2\n|-unboost|p1a: Smeargle|spe|1\n|upkeep\n|turn|2\n|\n|t:|1773847641\n|move|p1a: Smeargle|Follow Me|p1a: Smeargle\n|-singleturn|p1a: Smeargle|move: Follow Me\n|move|p2b: Clefairy|Follow Me|p2b: Clefairy\n|-singleturn|p2b: Clefairy|move: Follow Me\n|move|p2a: Koraidon|Flame Charge|p1a: Smeargle\n|-damage|p1a: Smeargle|13/100\n|-boost|p2a: Koraidon|spe|1\n|move|p1b: Muk|Minimize|p1b: Muk\n|-boost|p1b: Muk|evasion|2\n|\n|-weather|SunnyDay|[upkeep]\n|-ability|p1a: Smeargle|Moody|boost\n|-boost|p1a: Smeargle|spe|2\n|-unboost|p1a: Smeargle|spd|1\n|upkeep\n|turn|3\n|inactive|testhan92 has 30 seconds left.\n|\n|t:|1773847668\n|switch|p2b: Incineroar|Incineroar, L50, M|100/100\n|-ability|p2b: Incineroar|Intimidate|boost\n|-unboost|p1a: Smeargle|atk|1\n|-unboost|p1b: Muk|atk|1\n|move|p1b: Muk|Protect|p1b: Muk\n|-singleturn|p1b: Muk|Protect\n|move|p2a: Koraidon|Flame Charge|p1a: Smeargle\n|-damage|p1a: Smeargle|0 fnt\n|-boost|p2a: Koraidon|spe|1\n|faint|p1a: Smeargle\n|-ability|p1b: Muk|Moody|Power of Alchemy|[from] ability: Power of Alchemy|[of] p1a: Smeargle\n|\n|-weather|SunnyDay|[upkeep]\n|-ability|p1b: Muk|Moody|boost\n|-boost|p1b: Muk|spa|2\n|-unboost|p1b: Muk|spe|1\n|upkeep\n|\n|t:|1773847671\n|switch|p1a: Glimmora|Glimmora, L50, M|100/100\n|-item|p1a: Glimmora|Air Balloon\n|turn|4\n|\n|t:|1773847686\n|move|p2a: Koraidon|Protect|p2a: Koraidon\n|-singleturn|p2a: Koraidon|Protect\n|move|p1a: Glimmora|Mortal Spin|p2b: Incineroar|[spread] p2b\n|-activate|p2a: Koraidon|move: Protect\n|-damage|p2b: Incineroar|97/100\n|-status|p2b: Incineroar|psn\n|-damage|p1a: Glimmora|84/100|[from] item: Rocky Helmet|[of] p2b: Incineroar\n|move|p2b: Incineroar|Parting Shot|p1b: Muk\n|-unboost|p1b: Muk|atk|1\n|-unboost|p1b: Muk|spa|1\n|\n|t:|1773847691\n|switch|p2b: Calyrex|Calyrex-Shadow, L50|100/100|[from] Parting Shot\n|-ability|p2b: Calyrex|As One\n|-ability|p2b: Calyrex|Unnerve\n|move|p1b: Muk|Minimize|p1b: Muk\n|-boost|p1b: Muk|evasion|2\n|\n|-weather|SunnyDay|[upkeep]\n|-ability|p1b: Muk|Moody|boost\n|-boost|p1b: Muk|spd|2\n|-unboost|p1b: Muk|spa|1\n|upkeep\n|turn|5\n|\n|t:|1773847699\n|move|p2a: Koraidon|Flare Blitz|p1b: Muk|[miss]\n|-miss|p2a: Koraidon|p1b: Muk\n|move|p2b: Calyrex|Psychic|p1a: Glimmora\n|-supereffective|p1a: Glimmora\n|-damage|p1a: Glimmora|0 fnt\n|-enditem|p1a: Glimmora|Air Balloon\n|faint|p1a: Glimmora\n|-ability|p2b: Calyrex|Grim Neigh|boost\n|-boost|p2b: Calyrex|spa|1\n|-damage|p2b: Calyrex|91/100|[from] item: Life Orb\n|move|p1b: Muk|Substitute|p1b: Muk\n|-start|p1b: Muk|Substitute\n|-damage|p1b: Muk|75/100\n|\n|-weather|none\n|-heal|p1b: Muk|82/100|[from] item: Leftovers\n|-ability|p1b: Muk|Moody|boost\n|-boost|p1b: Muk|spd|2\n|-unboost|p1b: Muk|spa|1\n|upkeep\n|\n|t:|1773847702\n|switch|p1a: Calyrex|Calyrex-Shadow, L50|100/100\n|-ability|p1a: Calyrex|As One\n|-ability|p1a: Calyrex|Unnerve\n|turn|6\n|inactive|testhan92 has 30 seconds left.\n|\n|t:|1773847729\n|-terastallize|p1a: Calyrex|Normal\n|move|p1b: Muk|Protect|p1b: Muk\n|-singleturn|p1b: Muk|Protect\n|move|p2a: Koraidon|Flare Blitz|p1a: Calyrex\n|-damage|p1a: Calyrex|59/100\n|-damage|p2a: Koraidon|84/100|[from] Recoil\n|move|p1a: Calyrex|Psych Up|p1b: Muk\n|-copyboost|p1a: Calyrex|p1b: Muk|[from] move: Psych Up\n|move|p2b: Calyrex|Astral Barrage|p1a: Calyrex|[spread] \n|-activate|p1b: Muk|move: Protect\n|-immune|p1a: Calyrex\n|\n|-heal|p1b: Muk|88/100|[from] item: Leftovers\n|-ability|p1b: Muk|Moody|boost\n|-boost|p1b: Muk|spe|2\n|-unboost|p1b: Muk|atk|1\n|upkeep\n|turn|7\n|\n|t:|1773847739\n|switch|p2b: Clefairy|Clefairy, L50, M, tera:Grass|100/100\n|move|p1a: Calyrex|Protect|p1a: Calyrex\n|-singleturn|p1a: Calyrex|Protect\n|move|p2a: Koraidon|Collision Course|p1a: Calyrex\n|-activate|p1a: Calyrex|move: Protect\n|move|p1b: Muk|Knock Off|p2a: Koraidon\n|-resisted|p2a: Koraidon\n|-damage|p2a: Koraidon|79/100\n|-enditem|p2a: Koraidon|Clear Amulet|[from] move: Knock Off|[of] p1b: Muk\n|\n|-heal|p1b: Muk|94/100|[from] item: Leftovers\n|-ability|p1b: Muk|Moody|boost\n|-boost|p1b: Muk|spa|2\n|-unboost|p1b: Muk|spe|1\n|upkeep\n|turn|8\n|\n|t:|1773847753\n|move|p2b: Clefairy|Follow Me|p2b: Clefairy\n|-singleturn|p2b: Clefairy|move: Follow Me\n|move|p2a: Koraidon|Collision Course|p1a: Calyrex|[miss]\n|-miss|p2a: Koraidon|p1a: Calyrex\n|move|p1a: Calyrex|Life Dew|p1a: Calyrex|[spread] p1a,p1b\n|-heal|p1a: Calyrex|85/100\n|-heal|p1b: Muk|100/100\n|move|p1b: Muk|Knock Off|p2b: Clefairy\n|-damage|p2b: Clefairy|88/100\n|-enditem|p2b: Clefairy|Eviolite|[from] move: Knock Off|[of] p1b: Muk\n|\n|-ability|p1b: Muk|Moody|boost\n|-boost|p1b: Muk|spe|2\n|-unboost|p1b: Muk|spd|1\n|upkeep\n|turn|9\n|\n|t:|1773847767\n|move|p1a: Calyrex|Protect|p1a: Calyrex\n|-singleturn|p1a: Calyrex|Protect\n|move|p1b: Muk|Protect|p1b: Muk\n|-singleturn|p1b: Muk|Protect\n|move|p2b: Clefairy|Follow Me|p2b: Clefairy\n|-singleturn|p2b: Clefairy|move: Follow Me\n|move|p2a: Koraidon|Collision Course|p1a: Calyrex\n|-activate|p1a: Calyrex|move: Protect\n|\n|-ability|p1b: Muk|Moody|boost\n|-boost|p1b: Muk|spe|2\n|-unboost|p1b: Muk|def|1\n|upkeep\n|turn|10\n|\n|t:|1773847776\n|move|p2b: Clefairy|Follow Me|p2b: Clefairy\n|-singleturn|p2b: Clefairy|move: Follow Me\n|move|p2a: Koraidon|Collision Course|p1a: Calyrex\n|-supereffective|p1a: Calyrex\n|-damage|p1a: Calyrex|0 fnt\n|faint|p1a: Calyrex\n|move|p1b: Muk|Knock Off|p2b: Clefairy\n|-damage|p2b: Clefairy|75/100\n|\n|-ability|p1b: Muk|Moody|boost\n|-boost|p1b: Muk|atk|2\n|-unboost|p1b: Muk|spe|1\n|upkeep\n|turn|11\n|\n|t:|1773847795\n|switch|p2a: Incineroar|Incineroar, L50, M|97/100 psn\n|-ability|p2a: Incineroar|Intimidate|boost\n|-immune|p1b: Muk\n|move|p1b: Muk|Protect|p1b: Muk\n|-singleturn|p1b: Muk|Protect\n|move|p2b: Clefairy|Protect||[still]\n|-fail|p2b: Clefairy\n|\n|-damage|p2a: Incineroar|85/100 psn|[from] psn\n|-ability|p1b: Muk|Moody|boost\n|-boost|p1b: Muk|def|2\n|-unboost|p1b: Muk|spa|1\n|upkeep\n|turn|12\n|inactive|testhan92 has 30 seconds left.\n|\n|t:|1773847825\n|move|p2b: Clefairy|Protect|p2b: Clefairy\n|-singleturn|p2b: Clefairy|Protect\n|move|p1b: Muk|Knock Off|p2a: Incineroar\n|-resisted|p2a: Incineroar\n|-damage|p2a: Incineroar|79/100 psn\n|-damage|p1b: Muk|84/100|[from] item: Rocky Helmet|[of] p2a: Incineroar\n|-enditem|p2a: Incineroar|Rocky Helmet|[from] move: Knock Off|[of] p1b: Muk\n|move|p2a: Incineroar|Parting Shot|p1b: Muk\n|-unboost|p1b: Muk|atk|1\n|-unboost|p1b: Muk|spa|1\n|\n|t:|1773847834\n|switch|p2a: Koraidon|Koraidon, L50|79/100|[from] Parting Shot\n|-weather|SunnyDay|[from] ability: Orichalcum Pulse|[of] p2a: Koraidon\n|-activate|p2a: Koraidon|Orichalcum Pulse|[source]\n|\n|-weather|SunnyDay|[upkeep]\n|-heal|p1b: Muk|90/100|[from] item: Leftovers\n|-ability|p1b: Muk|Moody|boost\n|-boost|p1b: Muk|atk|2\n|-unboost|p1b: Muk|spe|1\n|upkeep\n|turn|13\n|\n|t:|1773847842\n|move|p2b: Clefairy|Follow Me|p2b: Clefairy\n|-singleturn|p2b: Clefairy|move: Follow Me\n|move|p2a: Koraidon|Flare Blitz|p1b: Muk\n|-end|p1b: Muk|Substitute\n|-damage|p2a: Koraidon|71/100|[from] Recoil|[of] p1b: Muk\n|move|p1b: Muk|Knock Off|p2b: Clefairy\n|-damage|p2b: Clefairy|49/100\n|\n|-weather|SunnyDay|[upkeep]\n|-heal|p1b: Muk|96/100|[from] item: Leftovers\n|-ability|p1b: Muk|Moody|boost\n|-boost|p1b: Muk|def|2\n|-unboost|p1b: Muk|spa|1\n|upkeep\n|turn|14\n|\n|t:|1773847850\n|switch|p2b: Incineroar|Incineroar, L50, M|79/100 psn\n|-ability|p2b: Incineroar|Intimidate|boost\n|-unboost|p1b: Muk|atk|1\n|move|p2a: Koraidon|Flare Blitz|p1b: Muk\n|-damage|p1b: Muk|68/100\n|-status|p1b: Muk|brn\n|-damage|p2a: Koraidon|61/100|[from] Recoil\n|move|p1b: Muk|Substitute|p1b: Muk\n|-start|p1b: Muk|Substitute\n|-damage|p1b: Muk|43/100 brn\n|\n|-weather|SunnyDay|[upkeep]\n|-heal|p1b: Muk|49/100 brn|[from] item: Leftovers\n|-damage|p2b: Incineroar|67/100 psn|[from] psn\n|-damage|p1b: Muk|43/100 brn|[from] brn\n|-ability|p1b: Muk|Moody|boost\n|-boost|p1b: Muk|spd|2\n|-unboost|p1b: Muk|def|1\n|upkeep\n|turn|15\n|\n|t:|1773847861\n|switch|p2b: Clefairy|Clefairy, L50, M, tera:Grass|49/100\n|move|p1b: Muk|Protect|p1b: Muk\n|-singleturn|p1b: Muk|Protect\n|move|p2a: Koraidon|Collision Course|p1b: Muk\n|-activate|p1b: Muk|move: Protect\n|\n|-weather|SunnyDay|[upkeep]\n|-heal|p1b: Muk|49/100 brn|[from] item: Leftovers\n|-damage|p1b: Muk|43/100 brn|[from] brn\n|-ability|p1b: Muk|Moody|boost\n|-boost|p1b: Muk|def|2\n|-unboost|p1b: Muk|atk|1\n|upkeep\n|turn|16\n|\n|t:|1773847876\n|switch|p2b: Incineroar|Incineroar, L50, M|67/100 psn\n|-ability|p2b: Incineroar|Intimidate|boost\n|-immune|p1b: Muk\n|move|p2a: Koraidon|Collision Course|p1b: Muk|[miss]\n|-miss|p2a: Koraidon|p1b: Muk\n|move|p1b: Muk|Knock Off|p2b: Incineroar\n|-resisted|p2b: Incineroar\n|-damage|p2b: Incineroar|65/100 psn\n|\n|-weather|none\n|-heal|p1b: Muk|49/100 brn|[from] item: Leftovers\n|-damage|p2b: Incineroar|52/100 psn|[from] psn\n|-damage|p1b: Muk|43/100 brn|[from] brn\n|-ability|p1b: Muk|Moody|boost\n|-boost|p1b: Muk|spa|2\n|-unboost|p1b: Muk|atk|1\n|upkeep\n|turn|17\n|\n|t:|1773847890\n|switch|p2b: Clefairy|Clefairy, L50, M, tera:Grass|49/100\n|move|p1b: Muk|Protect|p1b: Muk\n|-singleturn|p1b: Muk|Protect\n|move|p2a: Koraidon|Collision Course|p1b: Muk\n|-activate|p1b: Muk|move: Protect\n|\n|-heal|p1b: Muk|49/100 brn|[from] item: Leftovers\n|-damage|p1b: Muk|43/100 brn|[from] brn\n|-ability|p1b: Muk|Moody|boost\n|-boost|p1b: Muk|spd|1\n|-unboost|p1b: Muk|atk|1\n|upkeep\n|turn|18\n|\n|t:|1773847901\n|move|p2b: Clefairy|Protect|p2b: Clefairy\n|-singleturn|p2b: Clefairy|Protect\n|move|p2a: Koraidon|Flare Blitz|p1b: Muk|[miss]\n|-miss|p2a: Koraidon|p1b: Muk\n|move|p1b: Muk|Knock Off|p2b: Clefairy\n|-activate|p2b: Clefairy|move: Protect\n|\n|-heal|p1b: Muk|49/100 brn|[from] item: Leftovers\n|-damage|p1b: Muk|43/100 brn|[from] brn\n|-ability|p1b: Muk|Moody|boost\n|-boost|p1b: Muk|atk|2\n|-unboost|p1b: Muk|spd|1\n|upkeep\n|turn|19\n|\n|t:|1773847915\n|switch|p2b: Incineroar|Incineroar, L50, M|52/100 psn\n|-ability|p2b: Incineroar|Intimidate|boost\n|-immune|p1b: Muk\n|move|p2a: Koraidon|Collision Course|p1b: Muk|[miss]\n|-miss|p2a: Koraidon|p1b: Muk\n|move|p1b: Muk|Knock Off|p2b: Incineroar\n|-resisted|p2b: Incineroar\n|-damage|p2b: Incineroar|50/100 psn\n|\n|-heal|p1b: Muk|49/100 brn|[from] item: Leftovers\n|-damage|p2b: Incineroar|38/100 psn|[from] psn\n|-damage|p1b: Muk|43/100 brn|[from] brn\n|-ability|p1b: Muk|Moody|boost\n|-boost|p1b: Muk|def|2\n|-unboost|p1b: Muk|atk|1\n|upkeep\n|turn|20\n|\n|t:|1773847923\n|move|p2a: Koraidon|Flare Blitz|p1b: Muk|[miss]\n|-miss|p2a: Koraidon|p1b: Muk\n|move|p1b: Muk|Knock Off|p2b: Incineroar\n|-resisted|p2b: Incineroar\n|-damage|p2b: Incineroar|37/100 psn\n|move|p2b: Incineroar|Parting Shot|p1b: Muk|[miss]\n|-miss|p2b: Incineroar|p1b: Muk\n|\n|-heal|p1b: Muk|49/100 brn|[from] item: Leftovers\n|-damage|p2b: Incineroar|24/100 psn|[from] psn\n|-damage|p1b: Muk|43/100 brn|[from] brn\n|-ability|p1b: Muk|Moody|boost\n|-boost|p1b: Muk|spd|1\n|-unboost|p1b: Muk|atk|1\n|upkeep\n|turn|21\n|\n|t:|1773847935\n|move|p2a: Koraidon|Flare Blitz|p1b: Muk|[miss]\n|-miss|p2a: Koraidon|p1b: Muk\n|move|p1b: Muk|Knock Off|p2b: Incineroar\n|-resisted|p2b: Incineroar\n|-crit|p2b: Incineroar\n|-damage|p2b: Incineroar|18/100 psn\n|move|p2b: Incineroar|Parting Shot|p1b: Muk|[miss]\n|-miss|p2b: Incineroar|p1b: Muk\n|\n|-heal|p1b: Muk|49/100 brn|[from] item: Leftovers\n|-damage|p2b: Incineroar|6/100 psn|[from] psn\n|-damage|p1b: Muk|43/100 brn|[from] brn\n|-ability|p1b: Muk|Moody|boost\n|-boost|p1b: Muk|atk|2\n|-unboost|p1b: Muk|spd|1\n|upkeep\n|turn|22\n|\n|t:|1773847946\n|switch|p2b: Clefairy|Clefairy, L50, M, tera:Grass|49/100\n|move|p1b: Muk|Protect|p1b: Muk\n|-singleturn|p1b: Muk|Protect\n|move|p2a: Koraidon|Flare Blitz|p1b: Muk\n|-activate|p1b: Muk|move: Protect\n|\n|-heal|p1b: Muk|49/100 brn|[from] item: Leftovers\n|-damage|p1b: Muk|43/100 brn|[from] brn\n|-ability|p1b: Muk|Moody|boost\n|-boost|p1b: Muk|spd|1\n|-unboost|p1b: Muk|def|1\n|upkeep\n|turn|23\n|\n|t:|1773847952\n|move|p2b: Clefairy|Protect|p2b: Clefairy\n|-singleturn|p2b: Clefairy|Protect\n|move|p2a: Koraidon|Flare Blitz|p1b: Muk\n|-activate|p1b: Muk|move: Substitute|[damage]\n|-damage|p2a: Koraidon|58/100|[from] Recoil|[of] p1b: Muk\n|move|p1b: Muk|Knock Off|p2b: Clefairy\n|-activate|p2b: Clefairy|move: Protect\n|\n|-heal|p1b: Muk|49/100 brn|[from] item: Leftovers\n|-damage|p1b: Muk|43/100 brn|[from] brn\n|-ability|p1b: Muk|Moody|boost\n|-boost|p1b: Muk|spe|2\n|-unboost|p1b: Muk|atk|1\n|upkeep\n|turn|24\n|inactive|testhan92 has 30 seconds left.\n|\n|t:|1773847979\n|switch|p2a: Incineroar|Incineroar, L50, M|6/100 psn\n|-ability|p2a: Incineroar|Intimidate|boost\n|-immune|p1b: Muk\n|move|p2b: Clefairy|Follow Me|p2b: Clefairy\n|-singleturn|p2b: Clefairy|move: Follow Me\n|move|p1b: Muk|Substitute|p1b: Muk\n|-fail|p1b: Muk|move: Substitute\n|\n|-heal|p1b: Muk|49/100 brn|[from] item: Leftovers\n|-damage|p2a: Incineroar|0 fnt|[from] psn\n|faint|p2a: Incineroar\n|-damage|p1b: Muk|43/100 brn|[from] brn\n|-ability|p1b: Muk|Moody|boost\n|-boost|p1b: Muk|spa|2\n|-unboost|p1b: Muk|def|1\n|upkeep\n|\n|t:|1773847993\n|switch|p2a: Calyrex|Calyrex-Shadow, L50|91/100\n|-ability|p2a: Calyrex|As One\n|-ability|p2a: Calyrex|Unnerve\n|turn|25\n|\n|t:|1773848002\n|move|p1b: Muk|Protect|p1b: Muk\n|-singleturn|p1b: Muk|Protect\n|move|p2b: Clefairy|Follow Me|p2b: Clefairy\n|-singleturn|p2b: Clefairy|move: Follow Me\n|move|p2a: Calyrex|Nasty Plot|p2a: Calyrex\n|-boost|p2a: Calyrex|spa|2\n|\n|-heal|p1b: Muk|49/100 brn|[from] item: Leftovers\n|-damage|p1b: Muk|43/100 brn|[from] brn\n|-ability|p1b: Muk|Moody|boost\n|-boost|p1b: Muk|def|2\n|-unboost|p1b: Muk|atk|1\n|upkeep\n|turn|26\n|\n|t:|1773848008\n|move|p2b: Clefairy|Follow Me|p2b: Clefairy\n|-singleturn|p2b: Clefairy|move: Follow Me\n|move|p2a: Calyrex|Nasty Plot|p2a: Calyrex\n|-boost|p2a: Calyrex|spa|2\n|move|p1b: Muk|Substitute|p1b: Muk\n|-fail|p1b: Muk|move: Substitute\n|\n|-heal|p1b: Muk|49/100 brn|[from] item: Leftovers\n|-damage|p1b: Muk|43/100 brn|[from] brn\n|-ability|p1b: Muk|Moody|boost\n|-boost|p1b: Muk|spa|2\n|-unboost|p1b: Muk|def|1\n|upkeep\n|turn|27\n|\n|t:|1773848013\n|move|p1b: Muk|Protect|p1b: Muk\n|-singleturn|p1b: Muk|Protect\n|move|p2b: Clefairy|Follow Me|p2b: Clefairy\n|-singleturn|p2b: Clefairy|move: Follow Me\n|move|p2a: Calyrex|Nasty Plot|p2a: Calyrex\n|-boost|p2a: Calyrex|spa|2\n|\n|-heal|p1b: Muk|49/100 brn|[from] item: Leftovers\n|-damage|p1b: Muk|43/100 brn|[from] brn\n|-ability|p1b: Muk|Moody|boost\n|-boost|p1b: Muk|spe|2\n|-unboost|p1b: Muk|atk|1\n|upkeep\n|turn|28\n|\n|t:|1773848030\n|move|p2b: Clefairy|Follow Me|p2b: Clefairy\n|-singleturn|p2b: Clefairy|move: Follow Me\n|move|p1b: Muk|Substitute|p1b: Muk\n|-fail|p1b: Muk|move: Substitute\n|move|p2a: Calyrex|Astral Barrage|p1b: Muk\n|-resisted|p1b: Muk\n|-end|p1b: Muk|Substitute\n|-damage|p2a: Calyrex|81/100|[from] item: Life Orb\n|\n|-heal|p1b: Muk|49/100 brn|[from] item: Leftovers\n|-damage|p1b: Muk|43/100 brn|[from] brn\n|-ability|p1b: Muk|Moody|boost\n|-boost|p1b: Muk|atk|2\n|-unboost|p1b: Muk|spe|1\n|upkeep\n|turn|29\n|\n|t:|1773848047\n|move|p1b: Muk|Protect|p1b: Muk\n|-singleturn|p1b: Muk|Protect\n|move|p2a: Calyrex|Protect|p2a: Calyrex\n|-singleturn|p2a: Calyrex|Protect\n|move|p2b: Clefairy|Protect||[still]\n|-fail|p2b: Clefairy\n|\n|-heal|p1b: Muk|49/100 brn|[from] item: Leftovers\n|-damage|p1b: Muk|43/100 brn|[from] brn\n|-ability|p1b: Muk|Moody|boost\n|-boost|p1b: Muk|atk|2\n|-unboost|p1b: Muk|spa|1\n|upkeep\n|turn|30\n|\n|t:|1773848054\n|move|p2b: Clefairy|Follow Me|p2b: Clefairy\n|-singleturn|p2b: Clefairy|move: Follow Me\n|move|p1b: Muk|Substitute|p1b: Muk\n|-start|p1b: Muk|Substitute\n|-damage|p1b: Muk|18/100 brn\n|move|p2a: Calyrex|Astral Barrage|p1b: Muk\n|-resisted|p1b: Muk\n|-end|p1b: Muk|Substitute\n|-damage|p2a: Calyrex|72/100|[from] item: Life Orb\n|\n|-heal|p1b: Muk|24/100 brn|[from] item: Leftovers\n|-damage|p1b: Muk|18/100 brn|[from] brn\n|-ability|p1b: Muk|Moody|boost\n|-boost|p1b: Muk|spa|2\n|-unboost|p1b: Muk|def|1\n|upkeep\n|turn|31\n|\n|t:|1773848071\n|move|p2b: Clefairy|Follow Me|p2b: Clefairy\n|-singleturn|p2b: Clefairy|move: Follow Me\n|move|p1b: Muk|Knock Off|p2b: Clefairy\n|-damage|p2b: Clefairy|41/100\n|move|p2a: Calyrex|Astral Barrage|p1b: Muk\n|-resisted|p1b: Muk\n|-damage|p1b: Muk|0 fnt\n|faint|p1b: Muk\n|-damage|p2a: Calyrex|62/100|[from] item: Life Orb\n|\n|win|testhan92\n|raw|wktkfakfuqek's rating: 1360 &rarr; <strong>1340</strong><br />(-20 for losing)\n|raw|testhan92's rating: 1360 &rarr; <strong>1380</strong><br />(+20 for winning)\n|l|\u2606wktkfakfuqek\n|player|p1|\n|c|\u2606testhan92|ez gg\n","uploadtime":1773848071,"views":22,"formatid":"gen9vgc2026regi","rating":1340,"private":0,"password":null}