{"id":"gen9vgc2026regi-2567143300","format":"[Gen 9] VGC 2026 Reg I","players":["mrw1sh","hansjuergen15"],"log":"|j|\u2606mrw1sh\n|j|\u2606hansjuergen15\n|t:|1774452461\n|gametype|doubles\n|player|p1|mrw1sh|101|1280\n|player|p2|hansjuergen15|101|1417\n|gen|9\n|tier|[Gen 9] VGC 2026 Reg I\n|rated|\n|rule|Species Clause: Limit one of each Pok\u00e9mon\n|rule|Item Clause: Limit 1 of each item\n|clearpoke\n|poke|p1|Miraidon, L50|\n|poke|p1|Tornadus, L50, M|\n|poke|p1|Zamazenta-*, L50|\n|poke|p1|Flutter Mane, L50|\n|poke|p1|Scizor, L50, F|\n|poke|p2|Calyrex-Shadow, L50|\n|poke|p2|Zamazenta-*, L50|\n|poke|p2|Chien-Pao, L50|\n|poke|p2|Dragonite, L50, M|\n|poke|p2|Amoonguss, L50, M|\n|poke|p2|Ogerpon-Cornerstone, L50, F|\n|teampreview|4\n|\n|t:|1774452494\n|teamsize|p1|4\n|teamsize|p2|4\n|start\n|switch|p1a: Flutter Mane|Flutter Mane, L50|100/100\n|switch|p1b: Miraidon|Miraidon, L50|100/100\n|switch|p2a: Calyrex|Calyrex-Shadow, L50|100/100\n|switch|p2b: Chien-Pao|Chien-Pao, L50, shiny|100/100\n|-ability|p2a: Calyrex|As One\n|-ability|p2a: Calyrex|Unnerve\n|-ability|p2b: Chien-Pao|Sword of Ruin\n|-fieldstart|move: Electric Terrain|[from] ability: Hadron Engine|[of] p1b: Miraidon\n|-enditem|p1a: Flutter Mane|Booster Energy\n|-activate|p1a: Flutter Mane|ability: Protosynthesis|[fromitem]\n|-start|p1a: Flutter Mane|protosynthesisspe\n|turn|1\n|\n|t:|1774452517\n|move|p2a: Calyrex|Protect|p2a: Calyrex\n|-singleturn|p2a: Calyrex|Protect\n|move|p1a: Flutter Mane|Icy Wind|p2a: Calyrex|[spread] p2b\n|-activate|p2a: Calyrex|move: Protect\n|-resisted|p2b: Chien-Pao\n|-damage|p2b: Chien-Pao|95/100\n|-unboost|p2b: Chien-Pao|spe|1\n|move|p1b: Miraidon|Electro Drift|p2a: Calyrex\n|-activate|p2a: Calyrex|move: Protect\n|move|p2b: Chien-Pao|Ice Spinner|p1a: Flutter Mane\n|-damage|p1a: Flutter Mane|41/100\n|-fieldend|move: Electric Terrain\n|\n|upkeep\n|turn|2\n|\n|t:|1774452544\n|-terastallize|p1b: Miraidon|Electric\n|move|p2b: Chien-Pao|Sucker Punch|p1a: Flutter Mane\n|-crit|p1a: Flutter Mane\n|-damage|p1a: Flutter Mane|0 fnt\n|faint|p1a: Flutter Mane\n|-end|p1a: Flutter Mane|Protosynthesis|[silent]\n|move|p2a: Calyrex|Astral Barrage|p1b: Miraidon\n|-damage|p1b: Miraidon|44/100\n|move|p1b: Miraidon|Electro Drift|p2a: Calyrex\n|-enditem|p2a: Calyrex|Focus Sash\n|-damage|p2a: Calyrex|1/100\n|-damage|p1b: Miraidon|34/100|[from] item: Life Orb\n|\n|upkeep\n|\n|t:|1774452559\n|switch|p1a: Scizor|Scizor, L50, F|100/100\n|turn|3\n|\n|t:|1774452568\n|move|p2a: Calyrex|Protect|p2a: Calyrex\n|-singleturn|p2a: Calyrex|Protect\n|move|p2b: Chien-Pao|Sucker Punch|p1b: Miraidon\n|-damage|p1b: Miraidon|1/100\n|move|p1a: Scizor|Bullet Punch|p2a: Calyrex\n|-activate|p2a: Calyrex|move: Protect\n|move|p1b: Miraidon|Volt Switch|p2b: Chien-Pao\n|-damage|p2b: Chien-Pao|37/100\n|-damage|p1b: Miraidon|0 fnt|[from] item: Life Orb\n|faint|p1b: Miraidon\n|\n|upkeep\n|\n|t:|1774452579\n|switch|p1b: Zamazenta|Zamazenta-Crowned, L50|100/100\n|-ability|p1b: Zamazenta|Dauntless Shield|boost\n|-boost|p1b: Zamazenta|def|1\n|turn|4\n|\n|t:|1774452592\n|switch|p2a: Amoonguss|Amoonguss, L50, M, shiny|100/100\n|move|p2b: Chien-Pao|Sucker Punch|p1a: Scizor\n|-damage|p1a: Scizor|63/100\n|move|p1a: Scizor|Bullet Punch|p2a: Amoonguss\n|-damage|p2a: Amoonguss|67/100\n|-damage|p1a: Scizor|46/100|[from] item: Rocky Helmet|[of] p2a: Amoonguss\n|move|p1b: Zamazenta|Iron Defense|p1b: Zamazenta\n|-boost|p1b: Zamazenta|def|2\n|\n|upkeep\n|turn|5\n|\n|t:|1774452614\n|move|p2b: Chien-Pao|Sucker Punch|p1a: Scizor\n|-damage|p1a: Scizor|8/100\n|move|p1a: Scizor|Bullet Punch|p2b: Chien-Pao\n|-supereffective|p2b: Chien-Pao\n|-damage|p2b: Chien-Pao|0 fnt\n|faint|p2b: Chien-Pao\n|move|p1b: Zamazenta|Body Press|p2a: Amoonguss\n|-resisted|p2a: Amoonguss\n|-damage|p2a: Amoonguss|26/100\n|-damage|p1b: Zamazenta|84/100|[from] item: Rocky Helmet|[of] p2a: Amoonguss\n|move|p2a: Amoonguss|Spore|p1b: Zamazenta\n|-status|p1b: Zamazenta|slp|[from] move: Spore\n|\n|upkeep\n|\n|t:|1774452630\n|switch|p2b: Calyrex|Calyrex-Shadow, L50|1/100\n|-ability|p2b: Calyrex|As One\n|-ability|p2b: Calyrex|Unnerve\n|turn|6\n|\n|t:|1774452641\n|move|p1a: Scizor|Protect|p1a: Scizor\n|-singleturn|p1a: Scizor|Protect\n|move|p2a: Amoonguss|Rage Powder|p2a: Amoonguss\n|-singleturn|p2a: Amoonguss|move: Rage Powder\n|move|p2b: Calyrex|Encore|p1b: Zamazenta\n|-start|p1b: Zamazenta|Encore\n|cant|p1b: Zamazenta|slp\n|\n|upkeep\n|turn|7\n|\n|t:|1774452654\n|move|p2a: Amoonguss|Rage Powder|p2a: Amoonguss\n|-singleturn|p2a: Amoonguss|move: Rage Powder\n|move|p1a: Scizor|Bullet Punch|p2a: Amoonguss\n|-damage|p2a: Amoonguss|0 fnt\n|-damage|p1a: Scizor|0 fnt|[from] item: Rocky Helmet|[of] p2a: Amoonguss\n|faint|p2a: Amoonguss\n|faint|p1a: Scizor\n|move|p2b: Calyrex|Astral Barrage|p1b: Zamazenta\n|-damage|p1b: Zamazenta|36/100 slp\n|cant|p1b: Zamazenta|slp\n|\n|upkeep\n|-message|mrw1sh forfeited.\n|\n|win|hansjuergen15\n|raw|mrw1sh's rating: 1280 &rarr; <strong>1264</strong><br />(-16 for losing)\n|raw|hansjuergen15's rating: 1417 &rarr; <strong>1429</strong><br />(+12 for winning)\n|l|\u2606mrw1sh\n|player|p1|\n|l|\u2606hansjuergen15\n|player|p2|\n","uploadtime":1774452919,"views":15,"formatid":"gen9vgc2026regi","rating":1264,"private":0,"password":null}