{"id":"gen9vgc2026regi-2575643726","format":"[Gen 9] VGC 2026 Reg I","players":["Kdc1223","testhan92"],"log":"|j|\u2606Kdc1223\n|j|\u2606testhan92\n|t:|1775381017\n|gametype|doubles\n|player|p1|Kdc1223|102|1288\n|player|p2|testhan92|170|1387\n|gen|9\n|tier|[Gen 9] VGC 2026 Reg I\n|rated|\n|rule|Species Clause: Limit one of each Pok\u00e9mon\n|rule|Item Clause: Limit 1 of each item\n|clearpoke\n|poke|p1|Calyrex-Shadow, L50|\n|poke|p1|Indeedee-F, L50, F|\n|poke|p1|Kyogre, L50|\n|poke|p1|Urshifu-*, L50, F|\n|poke|p1|Tornadus, L50, M|\n|poke|p1|Incineroar, L50, M|\n|poke|p2|Koraidon, L50|\n|poke|p2|Calyrex-Ice, L50|\n|poke|p2|Rillaboom, L50, M|\n|poke|p2|Incineroar, L50, M|\n|poke|p2|Smeargle, L50, M|\n|poke|p2|Landorus, L50, M|\n|teampreview|4\n|inactive|Battle timer is ON: inactive players will automatically lose when time's up. (requested by Kdc1223)\nKdc1223 has agreed to open team sheets.\n|\n|t:|1775381049\n|teamsize|p1|4\n|teamsize|p2|4\n|start\n|switch|p1a: Kyogre|Kyogre, L50|100/100\n|switch|p1b: Tornadus|Tornadus, L50, M|100/100\n|switch|p2a: Calyrex|Calyrex-Ice, L50|100/100\n|switch|p2b: Incineroar|Incineroar, L50, M|100/100\n|-ability|p2a: Calyrex|As One\n|-ability|p2a: Calyrex|Unnerve\n|-weather|RainDance|[from] ability: Drizzle|[of] p1a: Kyogre\n|-ability|p2b: Incineroar|Intimidate|boost\n|-unboost|p1a: Kyogre|atk|1\n|-unboost|p1b: Tornadus|atk|1\n|turn|1\n|inactive|Kdc1223 has 30 seconds left.\n|inactive|Kdc1223 has 20 seconds left.\n|inactive|Kdc1223 has 15 seconds left.\n|inactive|Kdc1223 has 10 seconds left.\n|inactive|Kdc1223 has 5 seconds left.\n|\n|t:|1775381101\n|switch|p1b: Incineroar|Incineroar, L50, M|100/100\n|-ability|p1b: Incineroar|Intimidate|boost\n|-unboost|p2a: Calyrex|atk|1\n|-unboost|p2b: Incineroar|atk|1\n|move|p2b: Incineroar|Fake Out|p1a: Kyogre\n|-damage|p1a: Kyogre|93/100\n|cant|p1a: Kyogre|flinch\n|move|p2a: Calyrex|Trick Room|p2a: Calyrex\n|-fieldstart|move: Trick Room|[of] p2a: Calyrex\n|\n|-weather|RainDance|[upkeep]\n|upkeep\n|turn|2\n|inactive|Kdc1223 has 30 seconds left.\n|inactive|testhan92 has 30 seconds left.\n|\n|t:|1775381133\n|switch|p2a: Koraidon|Koraidon, L50|100/100\n|-weather|SunnyDay|[from] ability: Orichalcum Pulse|[of] p2a: Koraidon\n|-activate|p2a: Koraidon|Orichalcum Pulse|[source]\n|switch|p1a: Tornadus|Tornadus, L50, M|100/100\n|move|p2b: Incineroar|Knock Off|p1a: Tornadus\n|-damage|p1a: Tornadus|63/100\n|-enditem|p1a: Tornadus|Covert Cloak|[from] move: Knock Off|[of] p2b: Incineroar\n|move|p1b: Incineroar|Parting Shot|p2a: Koraidon\n|-fail|p2a: Koraidon|unboost|[from] item: Clear Amulet|[of] p2a: Koraidon\n|\n|-weather|SunnyDay|[upkeep]\n|upkeep\n|turn|3\n|\n|t:|1775381154\n|-terastallize|p1b: Incineroar|Ghost\n|move|p1b: Incineroar|Helping Hand|p1a: Tornadus\n|-singleturn|p1a: Tornadus|Helping Hand|[of] p1b: Incineroar\n|move|p2b: Incineroar|Flare Blitz|p1a: Tornadus\n|-crit|p1a: Tornadus\n|-damage|p1a: Tornadus|0 fnt\n|faint|p1a: Tornadus\n|-damage|p2b: Incineroar|83/100|[from] Recoil\n|move|p2a: Koraidon|Low Kick|p1b: Incineroar\n|-immune|p1b: Incineroar\n|\n|-weather|SunnyDay|[upkeep]\n|upkeep\n|\n|t:|1775381170\n|switch|p1a: Kyogre|Kyogre, L50|93/100\n|-weather|RainDance|[from] ability: Drizzle|[of] p1a: Kyogre\n|turn|4\n|\n|t:|1775381193\n|switch|p2a: Rillaboom|Rillaboom, L50, M|100/100\n|-fieldstart|move: Grassy Terrain|[from] ability: Grassy Surge|[of] p2a: Rillaboom\n|move|p2b: Incineroar|Parting Shot|p1a: Kyogre\n|-unboost|p1a: Kyogre|atk|1\n|-unboost|p1a: Kyogre|spa|1\n|\n|t:|1775381200\n|switch|p2b: Koraidon|Koraidon, L50|100/100|[from] Parting Shot\n|-weather|SunnyDay|[from] ability: Orichalcum Pulse|[of] p2b: Koraidon\n|-activate|p2b: Koraidon|Orichalcum Pulse|[source]\n|move|p1b: Incineroar|Knock Off|p2a: Rillaboom\n|-damage|p2a: Rillaboom|63/100\n|-enditem|p2a: Rillaboom|Assault Vest|[from] move: Knock Off|[of] p1b: Incineroar\n|move|p1a: Kyogre|Water Spout|p2a: Rillaboom|[spread] p2a,p2b\n|-resisted|p2a: Rillaboom\n|-resisted|p2b: Koraidon\n|-damage|p2a: Rillaboom|52/100\n|-damage|p2b: Koraidon|93/100\n|\n|-weather|SunnyDay|[upkeep]\n|-heal|p2a: Rillaboom|59/100|[from] Grassy Terrain\n|-heal|p2b: Koraidon|99/100|[from] Grassy Terrain\n|-heal|p1a: Kyogre|99/100|[from] Grassy Terrain\n|upkeep\n|turn|5\n|\n|t:|1775381220\n|switch|p1a: Calyrex|Calyrex-Shadow, L50|100/100\n|-ability|p1a: Calyrex|As One\n|-ability|p1a: Calyrex|Unnerve\n|move|p1b: Incineroar|Knock Off|p2b: Koraidon\n|-resisted|p2b: Koraidon\n|-damage|p2b: Koraidon|85/100\n|-enditem|p2b: Koraidon|Clear Amulet|[from] move: Knock Off|[of] p1b: Incineroar\n|move|p2a: Rillaboom|Wood Hammer|p1a: Calyrex\n|-damage|p1a: Calyrex|12/100\n|-damage|p2a: Rillaboom|32/100|[from] Recoil\n|move|p2b: Koraidon|Flame Charge|p1b: Incineroar\n|-damage|p1b: Incineroar|69/100\n|-boost|p2b: Koraidon|spe|1\n|\n|-weather|SunnyDay|[upkeep]\n|-heal|p1b: Incineroar|75/100|[from] Grassy Terrain\n|-heal|p2a: Rillaboom|38/100|[from] Grassy Terrain\n|-heal|p1a: Calyrex|18/100|[from] Grassy Terrain\n|-heal|p2b: Koraidon|91/100|[from] Grassy Terrain\n|-fieldend|move: Trick Room\n|upkeep\n|turn|6\n|inactive|Kdc1223 has 30 seconds left.\n|\n|t:|1775381252\n|-terastallize|p2b: Koraidon|Fire\n|move|p1a: Calyrex|Protect|p1a: Calyrex\n|-singleturn|p1a: Calyrex|Protect\n|move|p2a: Rillaboom|Grassy Glide|p1a: Calyrex\n|-activate|p1a: Calyrex|move: Protect\n|move|p2b: Koraidon|Flare Blitz|p1b: Incineroar\n|-damage|p1b: Incineroar|0 fnt\n|faint|p1b: Incineroar\n|-damage|p2b: Koraidon|66/100|[from] Recoil\n|\n|-weather|SunnyDay|[upkeep]\n|-heal|p2b: Koraidon|72/100|[from] Grassy Terrain\n|-heal|p1a: Calyrex|24/100|[from] Grassy Terrain\n|-heal|p2a: Rillaboom|45/100|[from] Grassy Terrain\n|upkeep\n|\n|t:|1775381266\n|switch|p1b: Kyogre|Kyogre, L50|99/100\n|-weather|RainDance|[from] ability: Drizzle|[of] p1b: Kyogre\n|turn|7\n|\n|t:|1775381280\n|move|p2b: Koraidon|Flare Blitz|p1a: Calyrex\n|-damage|p1a: Calyrex|0 fnt\n|faint|p1a: Calyrex\n|-damage|p2b: Koraidon|65/100|[from] Recoil\n|move|p1b: Kyogre|Icy Wind|p2b: Koraidon|[spread] p2a,p2b\n|-supereffective|p2a: Rillaboom\n|-resisted|p2b: Koraidon\n|-damage|p2a: Rillaboom|12/100\n|-damage|p2b: Koraidon|59/100\n|-unboost|p2a: Rillaboom|spe|1\n|-unboost|p2b: Koraidon|spe|1\n|move|p2a: Rillaboom|Wood Hammer|p1b: Kyogre\n|-supereffective|p1b: Kyogre\n|-damage|p1b: Kyogre|0 fnt\n|faint|p1b: Kyogre\n|-damage|p2a: Rillaboom|0 fnt|[from] Recoil\n|faint|p2a: Rillaboom\n|\n|win|testhan92\n|raw|Kdc1223's rating: 1288 &rarr; <strong>1270</strong><br />(-18 for losing)\n|raw|testhan92's rating: 1387 &rarr; <strong>1401</strong><br />(+14 for winning)\n|l|\u2606Kdc1223\n|player|p1|\n","uploadtime":1775381303,"views":16,"formatid":"gen9vgc2026regi","rating":1270,"private":0,"password":null}