{"id":"gen9vgc2026regi-2561266765","format":"[Gen 9] VGC 2026 Reg I","players":["testhan92","flamingorangexd"],"log":"|j|\u2606testhan92\n|j|\u2606flamingorangexd\n|t:|1773778762\n|gametype|doubles\n|player|p1|testhan92|265|1342\n|player|p2|flamingorangexd|102|1336\n|gen|9\n|tier|[Gen 9] VGC 2026 Reg I\n|rated|\n|rule|Species Clause: Limit one of each Pok\u00e9mon\n|rule|Item Clause: Limit 1 of each item\n|clearpoke\n|poke|p1|Calyrex-Shadow, L50|\n|poke|p1|Koraidon, L50|\n|poke|p1|Ogerpon-Hearthflame, L50, F|\n|poke|p1|Raging Bolt, L50|\n|poke|p1|Rillaboom, L50, F|\n|poke|p1|Incineroar, L50, M|\n|poke|p2|Amoonguss, L50, F|\n|poke|p2|Calyrex-Ice, L50|\n|poke|p2|Kyogre, L50|\n|poke|p2|Grimmsnarl, L50, M|\n|poke|p2|Flutter Mane, L50|\n|poke|p2|Basculegion, L50, M|\n|teampreview|4\n|\n|t:|1773778782\n|teamsize|p1|4\n|teamsize|p2|4\n|start\n|switch|p1a: Calyrex|Calyrex-Shadow, L50|100/100\n|switch|p1b: Incineroar|Incineroar, L50, M|100/100\n|switch|p2a: Kyogre|Kyogre, L50|100/100\n|switch|p2b: Basculegion|Basculegion, L50, M|100/100\n|-ability|p1a: Calyrex|As One\n|-ability|p1a: Calyrex|Unnerve\n|-weather|RainDance|[from] ability: Drizzle|[of] p2a: Kyogre\n|-ability|p1b: Incineroar|Intimidate|boost\n|-unboost|p2a: Kyogre|atk|1\n|-unboost|p2b: Basculegion|atk|1\n|turn|1\n|\n|t:|1773778792\n|switch|p1b: Koraidon|Koraidon, L50|100/100\n|-weather|SunnyDay|[from] ability: Orichalcum Pulse|[of] p1b: Koraidon\n|-activate|p1b: Koraidon|Orichalcum Pulse|[source]\n|move|p1a: Calyrex|Protect|p1a: Calyrex\n|-singleturn|p1a: Calyrex|Protect\n|move|p2a: Kyogre|Protect|p2a: Kyogre\n|-singleturn|p2a: Kyogre|Protect\n|move|p2b: Basculegion|Protect||[still]\n|-fail|p2b: Basculegion\n|\n|-weather|SunnyDay|[upkeep]\n|upkeep\n|turn|2\n|\n|t:|1773778810\n|switch|p2a: Amoonguss|Amoonguss, L50, F|100/100\n|switch|p2b: Calyrex|Calyrex-Ice, L50|100/100\n|-ability|p2b: Calyrex|As One\n|-ability|p2b: Calyrex|Unnerve\n|move|p1a: Calyrex|Astral Barrage|p2a: Amoonguss|[spread] p2a,p2b\n|-supereffective|p2b: Calyrex\n|-damage|p2a: Amoonguss|57/100\n|-damage|p2b: Calyrex|28/100\n|move|p1b: Koraidon|Flare Blitz|p2b: Calyrex\n|-supereffective|p2b: Calyrex\n|-damage|p2b: Calyrex|0 fnt\n|faint|p2b: Calyrex\n|-damage|p1b: Koraidon|91/100|[from] Recoil\n|\n|-weather|SunnyDay|[upkeep]\n|upkeep\n|\n|t:|1773778813\n|switch|p2b: Kyogre|Kyogre, L50|100/100\n|-weather|RainDance|[from] ability: Drizzle|[of] p2b: Kyogre\n|turn|3\n|\n|t:|1773778831\n|switch|p1b: Rillaboom|Rillaboom, L50, F|100/100\n|-fieldstart|move: Grassy Terrain|[from] ability: Grassy Surge|[of] p1b: Rillaboom\n|move|p2a: Amoonguss|Rage Powder|p2a: Amoonguss\n|-singleturn|p2a: Amoonguss|move: Rage Powder\n|move|p1a: Calyrex|Psychic|p2a: Amoonguss\n|-supereffective|p2a: Amoonguss\n|-damage|p2a: Amoonguss|0 fnt\n|faint|p2a: Amoonguss\n|-ability|p1a: Calyrex|Grim Neigh|boost\n|-boost|p1a: Calyrex|spa|1\n|move|p2b: Kyogre|Origin Pulse|p1b: Rillaboom|[spread] p1a\n|-miss|p2b: Kyogre|p1b: Rillaboom\n|-damage|p1a: Calyrex|6/100\n|\n|-weather|RainDance|[upkeep]\n|-heal|p1a: Calyrex|11/100|[from] Grassy Terrain\n|upkeep\n|\n|t:|1773778844\n|switch|p2a: Basculegion|Basculegion, L50, M|100/100\n|turn|4\n|\n|t:|1773778851\n|move|p1a: Calyrex|Protect|p1a: Calyrex\n|-singleturn|p1a: Calyrex|Protect\n|move|p2a: Basculegion|Aqua Jet|p1a: Calyrex\n|-activate|p1a: Calyrex|move: Protect\n|move|p2b: Kyogre|Hydro Pump|p1b: Rillaboom|[miss]\n|-miss|p2b: Kyogre|p1b: Rillaboom\n|move|p1b: Rillaboom|U-turn|p2a: Basculegion\n|-resisted|p2a: Basculegion\n|-damage|p2a: Basculegion|89/100\n|\n|t:|1773778860\n|switch|p1b: Koraidon|Koraidon, L50|91/100|[from] U-turn\n|-weather|SunnyDay|[from] ability: Orichalcum Pulse|[of] p1b: Koraidon\n|-activate|p1b: Koraidon|Orichalcum Pulse|[source]\n|\n|-weather|SunnyDay|[upkeep]\n|-heal|p1a: Calyrex|17/100|[from] Grassy Terrain\n|-heal|p1b: Koraidon|97/100|[from] Grassy Terrain\n|-heal|p2a: Basculegion|95/100|[from] Grassy Terrain\n|upkeep\n|turn|5\n|\n|t:|1773778876\n|switch|p1b: Incineroar|Incineroar, L50, M|100/100\n|-ability|p1b: Incineroar|Intimidate|boost\n|-unboost|p2a: Basculegion|atk|1\n|-unboost|p2b: Kyogre|atk|1\n|move|p2a: Basculegion|Aqua Jet|p1a: Calyrex\n|-damage|p1a: Calyrex|6/100\n|-damage|p2a: Basculegion|86/100|[from] item: Life Orb\n|move|p1a: Calyrex|Astral Barrage|p2a: Basculegion|[spread] p2a,p2b\n|-supereffective|p2a: Basculegion\n|-damage|p2a: Basculegion|0 fnt\n|-damage|p2b: Kyogre|38/100\n|faint|p2a: Basculegion\n|-ability|p1a: Calyrex|Grim Neigh|boost\n|-boost|p1a: Calyrex|spa|1\n|move|p2b: Kyogre|Hydro Pump|p1b: Incineroar\n|-supereffective|p1b: Incineroar\n|-damage|p1b: Incineroar|14/100\n|\n|-weather|SunnyDay|[upkeep]\n|-heal|p1a: Calyrex|12/100|[from] Grassy Terrain\n|-heal|p2b: Kyogre|44/100|[from] Grassy Terrain\n|-heal|p1b: Incineroar|20/100|[from] Grassy Terrain\n|upkeep\n|turn|6\n|-message|flamingorangexd forfeited.\n|\n|win|testhan92\n|raw|testhan92's rating: 1342 &rarr; <strong>1362</strong><br />(+20 for winning)\n|raw|flamingorangexd's rating: 1336 &rarr; <strong>1316</strong><br />(-20 for losing)\n","uploadtime":1773778895,"views":11,"formatid":"gen9vgc2026regi","rating":1316,"private":0,"password":null}