{"id":"gen9vgc2026regi-2534167770","format":"[Gen 9] VGC 2026 Reg I","players":["dthk1216","Luh_simoes-04"],"log":"|j|\u2606dthk1216\n|j|\u2606Luh_simoes-04\n|t:|1770394178\n|gametype|doubles\n|player|p1|dthk1216|dawn|1545\n|player|p2|Luh_simoes-04|drayden|1513\n|gen|9\n|tier|[Gen 9] VGC 2026 Reg I\n|rated|\n|rule|Species Clause: Limit one of each Pok\u00e9mon\n|rule|Item Clause: Limit 1 of each item\n|clearpoke\n|poke|p1|Calyrex-Ice, L50|\n|poke|p1|Kyogre, L50|\n|poke|p1|Urshifu-*, L50, F|\n|poke|p1|Rillaboom, L50, F|\n|poke|p1|Grimmsnarl, L50, M|\n|poke|p1|Amoonguss, L50, M|\n|poke|p2|Lunala, L50|\n|poke|p2|Ogerpon-Cornerstone, L50, F|\n|poke|p2|Calyrex-Ice, L50|\n|poke|p2|Urshifu-*, L50, M|\n|poke|p2|Chi-Yu, L50|\n|poke|p2|Landorus, L50, M|\n|teampreview|4\n|inactive|Battle timer is ON: inactive players will automatically lose when time's up. (requested by Luh_simoes-04)\n|j| MacNCheeseLover\n|inactive|dthk1216 has 60 seconds left.\n|\n|t:|1770394213\n|teamsize|p1|4\n|teamsize|p2|4\n|start\n|switch|p1a: Kyogre|Kyogre, L50|100/100\n|switch|p1b: Urshifu|Urshifu-Rapid-Strike, L50, F|100/100\n|switch|p2a: Ogerpon|Ogerpon-Cornerstone, L50, F|100/100\n|switch|p2b: Calyrex|Calyrex-Ice, L50|100/100\n|-ability|p2b: Calyrex|As One\n|-ability|p2b: Calyrex|Unnerve\n|-weather|RainDance|[from] ability: Drizzle|[of] p1a: Kyogre\n|turn|1\n|\n|t:|1770394223\n|-terastallize|p2b: Calyrex|Water\n|move|p1b: Urshifu|Surging Strikes|p2a: Ogerpon\n|-crit|p2a: Ogerpon\n|-damage|p2a: Ogerpon|59/100\n|-crit|p2a: Ogerpon\n|-damage|p2a: Ogerpon|22/100\n|-crit|p2a: Ogerpon\n|-damage|p2a: Ogerpon|0 fnt\n|faint|p2a: Ogerpon\n|-hitcount|p2: Ogerpon|3\n|move|p1a: Kyogre|Water Spout|p2b: Calyrex\n|-resisted|p2b: Calyrex\n|-damage|p2b: Calyrex|40/100\n|move|p2b: Calyrex|Trick Room|p2b: Calyrex\n|-fieldstart|move: Trick Room|[of] p2b: Calyrex\n|\n|-weather|RainDance|[upkeep]\n|-heal|p2b: Calyrex|45/100|[from] item: Leftovers\n|upkeep\n|\n|t:|1770394230\n|switch|p2a: Urshifu|Urshifu, L50, M|100/100\n|turn|2\n|\n|t:|1770394250\n|move|p2a: Urshifu|Wicked Blow|p1a: Kyogre\n|-crit|p1a: Kyogre\n|-damage|p1a: Kyogre|35/100\n|move|p2b: Calyrex|Leech Seed|p1a: Kyogre\n|-start|p1a: Kyogre|move: Leech Seed\n|move|p1a: Kyogre|Water Spout|p2b: Calyrex|[spread] p2a,p2b\n|-resisted|p2b: Calyrex\n|-damage|p2a: Urshifu|44/100\n|-damage|p2b: Calyrex|29/100\n|move|p1b: Urshifu|Surging Strikes|p2a: Urshifu\n|-crit|p2a: Urshifu\n|-damage|p2a: Urshifu|8/100\n|-crit|p2a: Urshifu\n|-damage|p2a: Urshifu|0 fnt\n|faint|p2a: Urshifu\n|-hitcount|p2: Urshifu|2\n|\n|-weather|RainDance|[upkeep]\n|-heal|p2b: Calyrex|34/100|[from] item: Leftovers\n|-damage|p1a: Kyogre|23/100|[from] Leech Seed|[of] p2b: Calyrex\n|-heal|p2b: Calyrex|46/100|[silent]\n|upkeep\n|\n|t:|1770394253\n|switch|p2a: Lunala|Lunala, L50|100/100\n|turn|3\n|\n|t:|1770394277\n|switch|p1a: Grimmsnarl|Grimmsnarl, L50, M|100/100\n|move|p2b: Calyrex|Glacial Lance|p1a: Grimmsnarl|[spread] p1a,p1b\n|-resisted|p1b: Urshifu\n|-damage|p1a: Grimmsnarl|41/100\n|-damage|p1b: Urshifu|75/100\n|move|p2a: Lunala|Moongeist Beam|p1b: Urshifu\n|-damage|p1b: Urshifu|0 fnt\n|faint|p1b: Urshifu\n|\n|-weather|RainDance|[upkeep]\n|-heal|p2b: Calyrex|52/100|[from] item: Leftovers\n|upkeep\n|\n|t:|1770394291\n|switch|p1b: Calyrex|Calyrex-Ice, L50|100/100\n|-ability|p1b: Calyrex|As One\n|-ability|p1b: Calyrex|Unnerve\n|turn|4\n|\n|t:|1770394311\n|move|p2b: Calyrex|Leech Seed|p1b: Calyrex\n|-start|p1b: Calyrex|move: Leech Seed\n|move|p1b: Calyrex|Glacial Lance|p2b: Calyrex|[spread] p2a,p2b\n|-resisted|p2b: Calyrex\n|-damage|p2a: Lunala|80/100\n|-damage|p2b: Calyrex|37/100\n|move|p1a: Grimmsnarl|Foul Play|p2a: Lunala\n|-supereffective|p2a: Lunala\n|-damage|p2a: Lunala|0 fnt\n|faint|p2a: Lunala\n|\n|-weather|RainDance|[upkeep]\n|-heal|p2b: Calyrex|43/100|[from] item: Leftovers\n|-damage|p1b: Calyrex|88/100|[from] Leech Seed|[of] p2b: Calyrex\n|-heal|p2b: Calyrex|55/100|[silent]\n|upkeep\n|turn|5\n|\n|t:|1770394329\n|move|p1a: Grimmsnarl|Reflect|p1a: Grimmsnarl\n|-sidestart|p1: dthk1216|Reflect\n|move|p2b: Calyrex|Glacial Lance|p1b: Calyrex|[spread] p1a,p1b\n|-resisted|p1b: Calyrex\n|-crit|p1b: Calyrex\n|-damage|p1a: Grimmsnarl|4/100\n|-damage|p1b: Calyrex|63/100\n|move|p1b: Calyrex|Leech Seed|p2b: Calyrex\n|-start|p2b: Calyrex|move: Leech Seed\n|\n|-weather|none\n|-heal|p2b: Calyrex|60/100|[from] item: Leftovers\n|-heal|p1b: Calyrex|69/100|[from] item: Leftovers\n|-damage|p2b: Calyrex|48/100|[from] Leech Seed|[of] p1b: Calyrex\n|-heal|p1b: Calyrex|81/100|[silent]\n|-damage|p1b: Calyrex|69/100|[from] Leech Seed|[of] p2b: Calyrex\n|-heal|p2b: Calyrex|60/100|[silent]\n|-fieldend|move: Trick Room\n|upkeep\n|turn|6\n|\n|t:|1770394351\n|move|p1a: Grimmsnarl|Foul Play|p2b: Calyrex\n|-damage|p2b: Calyrex|29/100\n|move|p1b: Calyrex|Glacial Lance|p2b: Calyrex\n|-resisted|p2b: Calyrex\n|-damage|p2b: Calyrex|9/100\n|move|p2b: Calyrex|Glacial Lance|p1b: Calyrex|[spread] p1a,p1b\n|-resisted|p1b: Calyrex\n|-damage|p1a: Grimmsnarl|0 fnt\n|-damage|p1b: Calyrex|59/100\n|faint|p1a: Grimmsnarl\n|-ability|p2b: Calyrex|Chilling Neigh|boost\n|-boost|p2b: Calyrex|atk|1\n|\n|-heal|p1b: Calyrex|65/100|[from] item: Leftovers\n|-heal|p2b: Calyrex|15/100|[from] item: Leftovers\n|-damage|p1b: Calyrex|53/100|[from] Leech Seed|[of] p2b: Calyrex\n|-heal|p2b: Calyrex|27/100|[silent]\n|-damage|p2b: Calyrex|15/100|[from] Leech Seed|[of] p1b: Calyrex\n|-heal|p1b: Calyrex|65/100|[silent]\n|upkeep\n|\n|t:|1770394359\n|switch|p1a: Kyogre|Kyogre, L50|23/100\n|-weather|RainDance|[from] ability: Drizzle|[of] p1a: Kyogre\n|turn|7\n|\n|t:|1770394364\n|move|p2b: Calyrex|Protect|p2b: Calyrex\n|-singleturn|p2b: Calyrex|Protect\n|move|p1a: Kyogre|Thunder|p2b: Calyrex\n|-activate|p2b: Calyrex|move: Protect\n|move|p1b: Calyrex|Glacial Lance|p2b: Calyrex\n|-activate|p2b: Calyrex|move: Protect\n|\n|-weather|RainDance|[upkeep]\n|-heal|p1b: Calyrex|71/100|[from] item: Leftovers\n|-heal|p2b: Calyrex|20/100|[from] item: Leftovers\n|-damage|p1b: Calyrex|58/100|[from] Leech Seed|[of] p2b: Calyrex\n|-heal|p2b: Calyrex|32/100|[silent]\n|-damage|p2b: Calyrex|20/100|[from] Leech Seed|[of] p1b: Calyrex\n|-heal|p1b: Calyrex|71/100|[silent]\n|upkeep\n|turn|8\n|c|\u2606dthk1216|gg\n|\n|t:|1770394377\n|move|p1a: Kyogre|Thunder|p2b: Calyrex\n|-supereffective|p2b: Calyrex\n|-damage|p2b: Calyrex|0 fnt\n|faint|p2b: Calyrex\n|\n|win|dthk1216\n|raw|dthk1216's rating: 1545 &rarr; <strong>1563</strong><br />(+18 for winning)\n|raw|Luh_simoes-04's rating: 1513 &rarr; <strong>1495</strong><br />(-18 for losing)\n|l|\u2606Luh_simoes-04\n|player|p2|\n|l|\u2606dthk1216\n|player|p1|\n|l| MacNCheeseLover\n|j| MacNCheeseLover\n|l| MacNCheeseLover\n","uploadtime":1770394636,"views":35,"formatid":"gen9vgc2026regi","rating":1495,"private":0,"password":null}