{"id":"gen9vgc2026regi-2560087653","format":"[Gen 9] VGC 2026 Reg I","players":["Bicentenario","columbogus"],"log":"|j|\u2606Bicentenario\n|j|\u2606columbogus\n|t:|1773649645\n|gametype|doubles\n|player|p1|Bicentenario|1|1118\n|player|p2|columbogus|102|1107\n|gen|9\n|tier|[Gen 9] VGC 2026 Reg I\n|rated|\n|rule|Species Clause: Limit one of each Pok\u00e9mon\n|rule|Item Clause: Limit 1 of each item\n|clearpoke\n|poke|p1|Calyrex-Ice, L50|\n|poke|p1|Smeargle, L50, F|\n|poke|p1|Lunala, L50|\n|poke|p1|Urshifu-*, L50, F|\n|poke|p1|Farigiraf, L50, F|\n|poke|p1|Incineroar, L50, M|\n|poke|p2|Calyrex-Ice, L50|\n|poke|p2|Iron Valiant, L50|\n|poke|p2|Urshifu-*, L50, M|\n|poke|p2|Ogerpon-Cornerstone, L50, F|\n|poke|p2|Raging Bolt, L50|\n|poke|p2|Clefairy, L50, F|\n|teampreview|4\n|inactive|Battle timer is ON: inactive players will automatically lose when time's up. (requested by columbogus)\n|inactive|Bicentenario has 60 seconds left.\n|\n|t:|1773649684\n|teamsize|p1|4\n|teamsize|p2|4\n|start\n|switch|p1a: Smeargle|Smeargle, L50, F|100/100\n|switch|p1b: Calyrex|Calyrex-Ice, L50|100/100\n|switch|p2a: Calyrex|Calyrex-Ice, L50|100/100\n|switch|p2b: Iron Valiant|Iron Valiant, L50|100/100\n|-ability|p1b: Calyrex|As One\n|-ability|p1b: Calyrex|Unnerve\n|-ability|p2a: Calyrex|As One\n|-ability|p2a: Calyrex|Unnerve\n|-enditem|p2b: Iron Valiant|Booster Energy\n|-activate|p2b: Iron Valiant|ability: Quark Drive|[fromitem]\n|-start|p2b: Iron Valiant|quarkdrivespe\n|turn|1\n|inactive|Bicentenario has 30 seconds left.\n|\n|t:|1773649714\n|move|p2b: Iron Valiant|Coaching|p2a: Calyrex\n|-boost|p2a: Calyrex|atk|1\n|-boost|p2a: Calyrex|def|1\n|move|p1a: Smeargle|Spore|p2a: Calyrex\n|-status|p2a: Calyrex|slp|[from] move: Spore\n|cant|p2a: Calyrex|slp\n|move|p1b: Calyrex|Trick Room|p1b: Calyrex\n|-fieldstart|move: Trick Room|[of] p1b: Calyrex\n|\n|-ability|p1a: Smeargle|Moody|boost\n|-boost|p1a: Smeargle|def|2\n|-unboost|p1a: Smeargle|spd|1\n|upkeep\n|turn|2\n|\n|t:|1773649735\n|-end|p2b: Iron Valiant|Quark Drive|[silent]\n|switch|p2b: Ogerpon|Ogerpon-Cornerstone, L50, F|100/100\n|cant|p2a: Calyrex|slp\n|move|p1b: Calyrex|Glacial Lance|p2a: Calyrex|[spread] p2a,p2b\n|-resisted|p2a: Calyrex\n|-supereffective|p2b: Ogerpon\n|-damage|p2a: Calyrex|88/100 slp\n|-ability|p2b: Ogerpon|Sturdy\n|-damage|p2b: Ogerpon|1/100\n|move|p1a: Smeargle|Spore|p2b: Ogerpon\n|-immune|p2b: Ogerpon\n|\n|-ability|p1a: Smeargle|Moody|boost\n|-boost|p1a: Smeargle|def|2\n|-unboost|p1a: Smeargle|spd|1\n|upkeep\n|turn|3\n|\n|t:|1773649756\n|move|p2b: Ogerpon|Spiky Shield|p2b: Ogerpon\n|-singleturn|p2b: Ogerpon|move: Protect\n|cant|p2a: Calyrex|slp\n|move|p1b: Calyrex|Glacial Lance|p2b: Ogerpon|[spread] p2a\n|-activate|p2b: Ogerpon|move: Protect\n|-resisted|p2a: Calyrex\n|-damage|p2a: Calyrex|77/100 slp\n|move|p1a: Smeargle|Decorate|p1b: Calyrex\n|-boost|p1b: Calyrex|atk|2\n|-boost|p1b: Calyrex|spa|2\n|\n|-ability|p1a: Smeargle|Moody|boost\n|-boost|p1a: Smeargle|spe|2\n|-unboost|p1a: Smeargle|atk|1\n|upkeep\n|turn|4\n|\n|t:|1773649777\n|move|p2b: Ogerpon|Spiky Shield||[still]\n|-fail|p2b: Ogerpon\n|move|p1b: Calyrex|Glacial Lance|p2b: Ogerpon|[spread] p2a,p2b\n|-resisted|p2a: Calyrex\n|-supereffective|p2b: Ogerpon\n|-damage|p2a: Calyrex|53/100 slp\n|-damage|p2b: Ogerpon|0 fnt\n|faint|p2b: Ogerpon\n|-ability|p1b: Calyrex|Chilling Neigh|boost\n|-boost|p1b: Calyrex|atk|1\n|-curestatus|p2a: Calyrex|slp|[msg]\n|move|p2a: Calyrex|Glacial Lance|p1b: Calyrex|[spread] p1a,p1b\n|-resisted|p1b: Calyrex\n|-damage|p1a: Smeargle|26/100\n|-damage|p1b: Calyrex|73/100\n|move|p1a: Smeargle|Decorate|p1b: Calyrex\n|-boost|p1b: Calyrex|atk|2\n|-boost|p1b: Calyrex|spa|2\n|\n|-ability|p1a: Smeargle|Moody|boost\n|-boost|p1a: Smeargle|spe|2\n|-unboost|p1a: Smeargle|spa|1\n|upkeep\n|\n|t:|1773649796\n|switch|p2b: Clefairy|Clefairy, L50, F|100/100\n|turn|5\n|\n|t:|1773649809\n|move|p1b: Calyrex|Protect|p1b: Calyrex\n|-singleturn|p1b: Calyrex|Protect\n|move|p2b: Clefairy|Heal Pulse|p2a: Calyrex\n|-heal|p2a: Calyrex|100/100\n|move|p2a: Calyrex|Glacial Lance|p1a: Smeargle|[spread] p1a\n|-activate|p1b: Calyrex|move: Protect\n|-damage|p1a: Smeargle|0 fnt\n|faint|p1a: Smeargle\n|-ability|p2a: Calyrex|Chilling Neigh|boost\n|-boost|p2a: Calyrex|atk|1\n|\n|-fieldend|move: Trick Room\n|upkeep\n|\n|t:|1773649819\n|switch|p1a: Lunala|Lunala, L50|100/100\n|turn|6\n|\n|t:|1773649836\n|move|p2b: Clefairy|Follow Me|p2b: Clefairy\n|-singleturn|p2b: Clefairy|move: Follow Me\n|move|p1a: Lunala|Meteor Beam||[still]\n|-prepare|p1a: Lunala|Meteor Beam\n|-boost|p1a: Lunala|spa|1\n|-enditem|p1a: Lunala|Power Herb\n|-anim|p1a: Lunala|Meteor Beam|p2b: Clefairy\n|-damage|p2b: Clefairy|42/100\n|move|p2a: Calyrex|Glacial Lance|p1b: Calyrex|[spread] p1a,p1b\n|-resisted|p1b: Calyrex\n|-damage|p1a: Lunala|52/100\n|-damage|p1b: Calyrex|35/100\n|move|p1b: Calyrex|Glacial Lance|p2b: Clefairy|[spread] p2a,p2b\n|-resisted|p2a: Calyrex\n|-damage|p2a: Calyrex|68/100\n|-damage|p2b: Clefairy|0 fnt\n|faint|p2b: Clefairy\n|-ability|p1b: Calyrex|Chilling Neigh|boost\n|-boost|p1b: Calyrex|atk|1\n|\n|upkeep\n|\n|t:|1773649854\n|switch|p2b: Iron Valiant|Iron Valiant, L50|100/100\n|turn|7\n|inactive|Bicentenario has 30 seconds left.\n|\n|t:|1773649880\n|-terastallize|p2b: Iron Valiant|Steel\n|-terastallize|p1a: Lunala|Fairy\n|move|p1a: Lunala|Wide Guard|p1a: Lunala\n|-singleturn|p1a: Lunala|Wide Guard\n|move|p2b: Iron Valiant|Encore|p1a: Lunala\n|-start|p1a: Lunala|Encore\n|move|p2a: Calyrex|Glacial Lance|p1b: Calyrex|[spread] \n|-activate|p1a: Lunala|move: Wide Guard\n|-activate|p1b: Calyrex|move: Wide Guard\n|move|p1b: Calyrex|Trick Room|p1b: Calyrex\n|-fieldstart|move: Trick Room|[of] p1b: Calyrex\n|\n|upkeep\n|turn|8\n|\n|t:|1773649901\n|move|p1a: Lunala|Wide Guard|p1a: Lunala\n|-singleturn|p1a: Lunala|Wide Guard\n|move|p2a: Calyrex|High Horsepower|p1b: Calyrex\n|-damage|p1b: Calyrex|0 fnt\n|faint|p1b: Calyrex\n|-ability|p2a: Calyrex|Chilling Neigh|boost\n|-boost|p2a: Calyrex|atk|1\n|move|p2b: Iron Valiant|Moonblast|p1a: Lunala\n|-damage|p1a: Lunala|27/100\n|\n|upkeep\n|\n|t:|1773649906\n|switch|p1b: Urshifu|Urshifu-Rapid-Strike, L50, F|100/100\n|turn|9\n|\n|t:|1773649917\n|move|p1a: Lunala|Wide Guard|p1a: Lunala\n|-singleturn|p1a: Lunala|Wide Guard\n|move|p1b: Urshifu|Surging Strikes|p2a: Calyrex\n|-crit|p2a: Calyrex\n|-damage|p2a: Calyrex|54/100\n|-crit|p2a: Calyrex\n|-damage|p2a: Calyrex|41/100\n|-crit|p2a: Calyrex\n|-damage|p2a: Calyrex|26/100\n|-hitcount|p2a: Calyrex|3\n|move|p2a: Calyrex|Glacial Lance|p1b: Urshifu|[spread] \n|-activate|p1a: Lunala|move: Wide Guard\n|-activate|p1b: Urshifu|move: Wide Guard\n|move|p2b: Iron Valiant|Moonblast|p1b: Urshifu\n|-supereffective|p1b: Urshifu\n|-damage|p1b: Urshifu|0 fnt\n|faint|p1b: Urshifu\n|\n|upkeep\n|turn|10\n|\n|t:|1773649935\n|move|p1a: Lunala|Wide Guard|p1a: Lunala\n|-singleturn|p1a: Lunala|Wide Guard\n|move|p2a: Calyrex|High Horsepower|p1a: Lunala\n|-damage|p1a: Lunala|0 fnt\n|faint|p1a: Lunala\n|\n|win|columbogus\n|raw|Bicentenario's rating: 1118 &rarr; <strong>1092</strong><br />(-26 for losing)\n|raw|columbogus's rating: 1107 &rarr; <strong>1133</strong><br />(+26 for winning)\n|l|\u2606Bicentenario\n|player|p1|\n|l|\u2606columbogus\n|player|p2|\n","uploadtime":1773650210,"views":10,"formatid":"gen9vgc2026regi","rating":1092,"private":0,"password":null}