{"id":"gen9vgc2026regi-2559953498","format":"[Gen 9] VGC 2026 Reg I","players":["It'sJustKen VGC","some1kool_balls"],"log":"|j|\u2606It'sJustKen VGC\n|j|\u2606some1kool_balls\n|t:|1773627901\n|gametype|doubles\n|player|p1|It'sJustKen VGC|102|1334\n|player|p2|some1kool_balls|janitor|1225\n|gen|9\n|tier|[Gen 9] VGC 2026 Reg I\n|rated|\n|rule|Species Clause: Limit one of each Pok\u00e9mon\n|rule|Item Clause: Limit 1 of each item\n|clearpoke\n|poke|p1|Miraidon, L50|\n|poke|p1|Oranguru, L50, M|\n|poke|p1|Iron Hands, L50|\n|poke|p1|Sinistcha, L50|\n|poke|p1|Incineroar, L50, M|\n|poke|p1|Calyrex-Shadow, L50|\n|poke|p2|Chi-Yu, L50|\n|poke|p2|Weezing-Galar, L50, F|\n|poke|p2|Walking Wake, L50|\n|poke|p2|Calyrex-Shadow, L50|\n|poke|p2|Brute Bonnet, L50|\n|poke|p2|Koraidon, L50|\n|teampreview|4\n|inactive|Battle timer is ON: inactive players will automatically lose when time's up. (requested by It'sJustKen VGC)\n|inactive|some1kool_balls has 60 seconds left.\n|\n|t:|1773627951\n|teamsize|p1|4\n|teamsize|p2|4\n|start\n|switch|p1a: Miraidon|Miraidon, L50|100/100\n|switch|p1b: Oranguru|Oranguru, L50, M|100/100\n|switch|p2a: Potholderz|Chi-Yu, L50|100/100\n|switch|p2b: Vomitspit|Weezing-Galar, L50, F|100/100\n|-ability|p2b: Vomitspit|Neutralizing Gas\n|turn|1\n|\n|t:|1773627965\n|switch|p1b: Incineroar|Incineroar, L50, M|100/100\n|move|p1a: Miraidon|Protect|p1a: Miraidon\n|-singleturn|p1a: Miraidon|Protect\n|move|p2a: Potholderz|Snarl|p1b: Incineroar|[spread] p1b\n|-activate|p1a: Miraidon|move: Protect\n|-resisted|p1b: Incineroar\n|-damage|p1b: Incineroar|91/100\n|-unboost|p1b: Incineroar|spa|1\n|move|p2b: Vomitspit|Taunt|p1b: Incineroar\n|-start|p1b: Incineroar|move: Taunt\n|\n|upkeep\n|turn|2\n|\n|t:|1773627976\n|move|p1b: Incineroar|Fake Out|p2a: Potholderz\n|-damage|p2a: Potholderz|85/100\n|cant|p2a: Potholderz|flinch\n|move|p1a: Miraidon|Calm Mind|p1a: Miraidon\n|-boost|p1a: Miraidon|spa|1\n|-boost|p1a: Miraidon|spd|1\n|move|p2b: Vomitspit|Strange Steam|p1a: Miraidon\n|-supereffective|p1a: Miraidon\n|-damage|p1a: Miraidon|70/100\n|\n|upkeep\n|turn|3\n|\n|t:|1773627987\n|move|p1a: Miraidon|Protect|p1a: Miraidon\n|-singleturn|p1a: Miraidon|Protect\n|move|p2a: Potholderz|Snarl|p1a: Miraidon|[spread] p1b\n|-activate|p1a: Miraidon|move: Protect\n|-resisted|p1b: Incineroar\n|-damage|p1b: Incineroar|81/100\n|-unboost|p1b: Incineroar|spa|1\n|move|p2b: Vomitspit|Strange Steam|p1a: Miraidon\n|-activate|p1a: Miraidon|move: Protect\n|move|p1b: Incineroar|Knock Off|p2a: Potholderz\n|-resisted|p2a: Potholderz\n|-damage|p2a: Potholderz|55/100\n|-enditem|p2a: Potholderz|Choice Scarf|[from] move: Knock Off|[of] p1b: Incineroar\n|\n|-end|p1b: Incineroar|move: Taunt\n|upkeep\n|turn|4\n|\n|t:|1773627994\n|switch|p1b: Iron Hands|Iron Hands, L50|100/100\n|-terastallize|p1a: Miraidon|Electric\n|move|p1a: Miraidon|Parabolic Charge|p2a: Potholderz|[spread] p1b,p2a,p2b\n|-resisted|p1b: Iron Hands\n|-damage|p1b: Iron Hands|86/100\n|-heal|p1a: Miraidon|79/100|[from] drain|[of] p1b: Iron Hands\n|-damage|p2a: Potholderz|0 fnt\n|-heal|p1a: Miraidon|97/100|[from] drain|[of] p2a: Potholderz\n|-damage|p2b: Vomitspit|50/100\n|-heal|p1a: Miraidon|100/100|[from] drain|[of] p2b: Vomitspit\n|-enditem|p2b: Vomitspit|Sitrus Berry|[eat]\n|-heal|p2b: Vomitspit|75/100|[from] item: Sitrus Berry\n|faint|p2a: Potholderz\n|move|p2b: Vomitspit|Strange Steam|p1a: Miraidon\n|-damage|p1a: Miraidon|85/100\n|\n|upkeep\n|inactive|some1kool_balls has 30 seconds left.\n|\n|t:|1773628020\n|switch|p2a: Hoe Cakes|Calyrex-Shadow, L50|100/100\n|-ability|p2a: Hoe Cakes|As One\n|-ability|p2a: Hoe Cakes|Unnerve\n|turn|5\n|\n|t:|1773628034\n|-terastallize|p2a: Hoe Cakes|Ghost\n|move|p2a: Hoe Cakes|Astral Barrage|p1b: Iron Hands|[spread] p1a,p1b\n|-damage|p1a: Miraidon|47/100\n|-damage|p1b: Iron Hands|46/100\n|move|p1a: Miraidon|Parabolic Charge|p2b: Vomitspit|[spread] p1b,p2a,p2b\n|-resisted|p1b: Iron Hands\n|-damage|p1b: Iron Hands|34/100\n|-heal|p1a: Miraidon|54/100|[from] drain|[of] p1b: Iron Hands\n|-damage|p2a: Hoe Cakes|48/100\n|-heal|p1a: Miraidon|76/100|[from] drain|[of] p2a: Hoe Cakes\n|-damage|p2b: Vomitspit|25/100\n|-heal|p1a: Miraidon|97/100|[from] drain|[of] p2b: Vomitspit\n|move|p2b: Vomitspit|Strange Steam|p1b: Iron Hands|[miss]\n|-miss|p2b: Vomitspit|p1b: Iron Hands\n|move|p1b: Iron Hands|Volt Switch|p2b: Vomitspit\n|-damage|p2b: Vomitspit|11/100\n|\n|t:|1773628049\n|-end|p1b: Iron Hands|Quark Drive|[silent]\n|switch|p1b: Incineroar|Incineroar, L50, M|81/100|[from] Volt Switch\n|\n|upkeep\n|turn|6\n|\n|t:|1773628071\n|move|p1a: Miraidon|Protect|p1a: Miraidon\n|-singleturn|p1a: Miraidon|Protect\n|move|p2a: Hoe Cakes|Astral Barrage|p1a: Miraidon|[spread] p1b\n|-activate|p1a: Miraidon|move: Protect\n|-resisted|p1b: Incineroar\n|-damage|p1b: Incineroar|52/100\n|move|p2b: Vomitspit|Strange Steam|p1a: Miraidon\n|-activate|p1a: Miraidon|move: Protect\n|move|p1b: Incineroar|Parting Shot|p2a: Hoe Cakes\n|-unboost|p2a: Hoe Cakes|atk|1\n|-unboost|p2a: Hoe Cakes|spa|1\n|-message|some1kool_balls forfeited.\n|\n|win|It'sJustKen VGC\n|raw|It&apos;sJustKen VGC's rating: 1334 &rarr; <strong>1348</strong><br />(+14 for winning)\n|raw|some1kool_balls's rating: 1225 &rarr; <strong>1208</strong><br />(-17 for losing)\n|l|\u2606some1kool_balls\n|player|p2|\n","uploadtime":1773628103,"views":10,"formatid":"gen9vgc2026regi","rating":1208,"private":0,"password":null}