{"id":"gen9vgc2026regi-2589438573","format":"[Gen 9] VGC 2026 Reg I","players":["DannyDayChurch","Shagrathisbeast"],"log":"|j|\u2606DannyDayChurch\n|j|\u2606Shagrathisbeast\n|t:|1776722990\n|gametype|doubles\n|player|p1|DannyDayChurch|guitarist-gen4|1515\n|player|p2|Shagrathisbeast|266|1482\n|gen|9\n|tier|[Gen 9] VGC 2026 Reg I\n|rated|\n|rule|Species Clause: Limit one of each Pok\u00e9mon\n|rule|Item Clause: Limit 1 of each item\n|clearpoke\n|poke|p1|Whimsicott, L50, F|\n|poke|p1|Kyogre, L50|\n|poke|p1|Urshifu-*, L50, M|\n|poke|p1|Ursaluna-Bloodmoon, L50, M|\n|poke|p1|Miraidon, L50|\n|poke|p1|Incineroar, L50, M|\n|poke|p2|Terapagos, L50, M|\n|poke|p2|Clefairy, L50, F|\n|poke|p2|Ogerpon-Hearthflame, L50, F|\n|poke|p2|Calyrex-Shadow, L50|\n|poke|p2|Grimmsnarl, L50, M|\n|poke|p2|Rillaboom, L50, M|\n|teampreview|4\n|inactive|Battle timer is ON: inactive players will automatically lose when time's up. (requested by DannyDayChurch)\nDannyDayChurch rejected open team sheets.\n|\n|t:|1776723013\n|teamsize|p1|4\n|teamsize|p2|4\n|start\n|switch|p1a: Whimsicott|Whimsicott, L50, F, shiny|100/100\n|switch|p1b: Urshifu|Urshifu-Rapid-Strike, L50, M|100/100\n|switch|p2a: Grimmsnarl|Grimmsnarl, L50, M, shiny|100/100\n|switch|p2b: Terapagos|Terapagos, L50, M|100/100\n|-activate|p2b: Terapagos|ability: Tera Shift\n|detailschange|p2b: Terapagos|Terapagos-Terastal, L50, M\n|-heal|p2b: Terapagos|100/100|[silent]\n|turn|1\n|\n|t:|1776723029\n|move|p1b: Urshifu|Detect|p1b: Urshifu\n|-singleturn|p1b: Urshifu|Protect\n|move|p2a: Grimmsnarl|Thunder Wave|p1b: Urshifu\n|-activate|p1b: Urshifu|move: Protect\n|move|p1a: Whimsicott|Moonblast|p2a: Grimmsnarl\n|-supereffective|p2a: Grimmsnarl\n|-damage|p2a: Grimmsnarl|36/100\n|-unboost|p2a: Grimmsnarl|spa|1\n|move|p2b: Terapagos|Calm Mind|p2b: Terapagos\n|-boost|p2b: Terapagos|spa|1\n|-boost|p2b: Terapagos|spd|1\n|\n|upkeep\n|turn|2\n|\n|t:|1776723045\n|switch|p2a: Clefairy|Clefairy, L50, F, shiny|100/100\n|move|p2b: Terapagos|Protect|p2b: Terapagos\n|-singleturn|p2b: Terapagos|Protect\n|move|p1a: Whimsicott|Encore|p2b: Terapagos\n|-activate|p2b: Terapagos|move: Protect\n|move|p1b: Urshifu|Surging Strikes|p2a: Clefairy\n|-crit|p2a: Clefairy\n|-damage|p2a: Clefairy|82/100\n|-crit|p2a: Clefairy\n|-damage|p2a: Clefairy|63/100\n|-crit|p2a: Clefairy\n|-damage|p2a: Clefairy|44/100\n|-hitcount|p2a: Clefairy|3\n|\n|upkeep\n|turn|3\n|\n|t:|1776723062\n|move|p2a: Clefairy|Follow Me|p2a: Clefairy\n|-singleturn|p2a: Clefairy|move: Follow Me\n|move|p1a: Whimsicott|Tailwind|p1a: Whimsicott\n|-sidestart|p1: DannyDayChurch|move: Tailwind\n|move|p1b: Urshifu|Surging Strikes|p2a: Clefairy\n|-crit|p2a: Clefairy\n|-damage|p2a: Clefairy|25/100\n|-crit|p2a: Clefairy\n|-damage|p2a: Clefairy|8/100\n|-crit|p2a: Clefairy\n|-damage|p2a: Clefairy|0 fnt\n|faint|p2a: Clefairy\n|-hitcount|p2: Clefairy|3\n|move|p2b: Terapagos|Tera Starstorm|p1a: Whimsicott\n|-enditem|p1a: Whimsicott|Focus Sash\n|-damage|p1a: Whimsicott|1/100\n|\n|upkeep\n|\n|t:|1776723071\n|switch|p2a: Grimmsnarl|Grimmsnarl, L50, M, shiny|36/100\n|turn|4\n|\n|t:|1776723090\n|move|p2a: Grimmsnarl|Light Screen|p2a: Grimmsnarl\n|-sidestart|p2: Shagrathisbeast|move: Light Screen\n|move|p1a: Whimsicott|Endeavor|p2b: Terapagos\n|-damage|p2b: Terapagos|1/100\n|move|p1b: Urshifu|Surging Strikes|p2a: Grimmsnarl\n|-crit|p2a: Grimmsnarl\n|-damage|p2a: Grimmsnarl|11/100\n|-crit|p2a: Grimmsnarl\n|-damage|p2a: Grimmsnarl|0 fnt\n|faint|p2a: Grimmsnarl\n|-hitcount|p2: Grimmsnarl|2\n|move|p2b: Terapagos|Tera Starstorm|p1b: Urshifu\n|-damage|p1b: Urshifu|0 fnt\n|faint|p1b: Urshifu\n|\n|-heal|p2b: Terapagos|7/100|[from] item: Leftovers\n|upkeep\n|\n|t:|1776723110\n|switch|p1b: Kyogre|Kyogre, L50|100/100\n|switch|p2a: Calyrex|Calyrex-Shadow, L50|100/100\n|-ability|p2a: Calyrex|As One\n|-ability|p2a: Calyrex|Unnerve\n|-weather|RainDance|[from] ability: Drizzle|[of] p1b: Kyogre\n|turn|5\n|\n|t:|1776723128\n|switch|p1a: Miraidon|Miraidon, L50, shiny|100/100\n|-fieldstart|move: Electric Terrain|[from] ability: Hadron Engine|[of] p1a: Miraidon\n|-terastallize|p2b: Terapagos|Stellar\n|detailschange|p2b: Terapagos|Terapagos-Stellar, L50, M, tera:Stellar\n|-heal|p2b: Terapagos|30/100|[silent]\n|-ability|p2b: Terapagos|Teraform Zero\n|-weather|none\n|-fieldend|move: Electric Terrain\n|move|p1b: Kyogre|Origin Pulse|p2b: Terapagos|[spread] p2a,p2b\n|-damage|p2a: Calyrex|46/100\n|-damage|p2b: Terapagos|10/100\n|move|p2a: Calyrex|Astral Barrage|p1b: Kyogre|[spread] p1a,p1b\n|-damage|p1a: Miraidon|47/100\n|-damage|p1b: Kyogre|57/100\n|move|p2b: Terapagos|Tera Starstorm|p1a: Miraidon|[spread] p1a,p1b\n|-crit|p1a: Miraidon\n|-damage|p1a: Miraidon|0 fnt\n|-damage|p1b: Kyogre|13/100\n|faint|p1a: Miraidon\n|\n|-heal|p2b: Terapagos|16/100|[from] item: Leftovers\n|upkeep\n|\n|t:|1776723152\n|switch|p1a: Whimsicott|Whimsicott, L50, F, shiny|1/100\n|turn|6\n|\n|t:|1776723164\n|move|p1a: Whimsicott|Moonblast|p2a: Calyrex\n|-damage|p2a: Calyrex|20/100\n|move|p1b: Kyogre|Origin Pulse|p2b: Terapagos|[spread] p2a,p2b\n|-damage|p2a: Calyrex|0 fnt\n|-damage|p2b: Terapagos|0 fnt\n|faint|p2a: Calyrex\n|faint|p2b: Terapagos\n|detailschange|p2: Terapagos|Terapagos, L50, M|[silent]\n|\n|win|DannyDayChurch\n|raw|DannyDayChurch's rating: 1515 &rarr; <strong>1533</strong><br />(+18 for winning)\n|raw|Shagrathisbeast's rating: 1482 &rarr; <strong>1464</strong><br />(-18 for losing)\n|c|\u2606DannyDayChurch|GG\n|l|\u2606Shagrathisbeast\n|player|p2|\n|l|\u2606DannyDayChurch\n|player|p1|\n","uploadtime":1776723317,"views":14,"formatid":"gen9vgc2026regi","rating":1464,"private":0,"password":null}