{"id":"gen9vgc2026regi-2586980468","format":"[Gen 9] VGC 2026 Reg I","players":["clessvgc","SunneBolt"],"log":"|j|\u2606clessvgc\n|j|\u2606SunneBolt\n|t:|1776477871\n|gametype|doubles\n|player|p1|clessvgc|proton|1362\n|player|p2|SunneBolt|nate|1262\n|gen|9\n|tier|[Gen 9] VGC 2026 Reg I\n|rated|\n|rule|Species Clause: Limit one of each Pok\u00e9mon\n|rule|Item Clause: Limit 1 of each item\n|clearpoke\n|poke|p1|Grimmsnarl, L50, M|\n|poke|p1|Landorus-Therian, L50, M|\n|poke|p1|Weezing-Galar, L50, F|\n|poke|p1|Calyrex-Shadow, L50|\n|poke|p1|Rayquaza, L50|\n|poke|p1|Typhlosion-Hisui, L50, F|\n|poke|p2|Miraidon, L50|\n|poke|p2|Typhlosion-Hisui, L50, F|\n|poke|p2|Moltres-Galar, L50|\n|poke|p2|Sceptile, L50, F|\n|poke|p2|Necrozma-Dawn-Wings, L50|\n|poke|p2|Blastoise, L50, F|\n|teampreview|4\n|inactive|Battle timer is ON: inactive players will automatically lose when time's up. (requested by clessvgc)\n|inactive|SunneBolt has 60 seconds left.\n|inactive|SunneBolt has 30 seconds left.\n|inactive|SunneBolt has 20 seconds left.\n|inactive|SunneBolt has 15 seconds left.\n|inactive|SunneBolt has 10 seconds left.\n|\n|t:|1776477952\n|teamsize|p1|4\n|teamsize|p2|4\n|start\n|switch|p1a: Grimmsnarl|Grimmsnarl, L50, M|100/100\n|switch|p1b: Calyrex|Calyrex-Shadow, L50|100/100\n|switch|p2a: Moltres|Moltres-Galar, L50|100/100\n|switch|p2b: Blastoise|Blastoise, L50, F, shiny|100/100\n|-ability|p1b: Calyrex|As One\n|-ability|p1b: Calyrex|Unnerve\n|turn|1\n|\n|t:|1776477973\n|move|p2b: Blastoise|Fake Out|p1a: Grimmsnarl\n|-damage|p1a: Grimmsnarl|94/100\n|cant|p1a: Grimmsnarl|flinch\n|move|p2a: Moltres|Fiery Wrath|p1a: Grimmsnarl|[spread] p1a,p1b\n|-resisted|p1a: Grimmsnarl\n|-crit|p1a: Grimmsnarl\n|-supereffective|p1b: Calyrex\n|-damage|p1a: Grimmsnarl|84/100\n|-enditem|p1b: Calyrex|Focus Sash\n|-damage|p1b: Calyrex|1/100\n|move|p1b: Calyrex|Astral Barrage|p2b: Blastoise|[spread] p2a,p2b\n|-resisted|p2a: Moltres\n|-damage|p2a: Moltres|77/100\n|-damage|p2b: Blastoise|48/100\n|\n|upkeep\n|turn|2\n|inactive|SunneBolt has 30 seconds left.\n|\n|t:|1776478002\n|move|p1b: Calyrex|Protect|p1b: Calyrex\n|-singleturn|p1b: Calyrex|Protect\n|move|p2a: Moltres|Fiery Wrath|p1a: Grimmsnarl|[spread] p1a\n|-activate|p1b: Calyrex|move: Protect\n|-resisted|p1a: Grimmsnarl\n|-damage|p1a: Grimmsnarl|76/100\n|move|p2b: Blastoise|Hydro Pump|p1a: Grimmsnarl|[miss]\n|-miss|p2b: Blastoise|p1a: Grimmsnarl\n|move|p1a: Grimmsnarl|Spirit Break|p2a: Moltres\n|-supereffective|p2a: Moltres\n|-damage|p2a: Moltres|7/100\n|-unboost|p2a: Moltres|spa|1\n|-ability|p2a: Moltres|Berserk|boost\n|-boost|p2a: Moltres|spa|1\n|\n|upkeep\n|turn|3\n|inactive|clessvgc has 30 seconds left.\n|inactive|SunneBolt has 30 seconds left.\n|\n|t:|1776478037\n|move|p1a: Grimmsnarl|Parting Shot|p2b: Blastoise\n|-unboost|p2b: Blastoise|atk|1\n|-unboost|p2b: Blastoise|spa|1\n|\n|t:|1776478042\n|switch|p1a: Rayquaza|Rayquaza, L50|100/100|[from] Parting Shot\n|-ability|p1a: Rayquaza|Air Lock\n|move|p2a: Moltres|Fiery Wrath|p1b: Calyrex|[spread] p1a,p1b\n|-supereffective|p1b: Calyrex\n|-damage|p1a: Rayquaza|72/100\n|-damage|p1b: Calyrex|0 fnt\n|faint|p1b: Calyrex\n|move|p2b: Blastoise|Hydro Pump|p1a: Rayquaza\n|-resisted|p1a: Rayquaza\n|-crit|p1a: Rayquaza\n|-damage|p1a: Rayquaza|36/100\n|\n|upkeep\n|\n|t:|1776478059\n|switch|p1b: Grimmsnarl|Grimmsnarl, L50, M|76/100\n|turn|4\n|\n|t:|1776478068\n|switch|p2a: Necrozma|Necrozma-Dawn-Wings, L50, shiny|100/100\n|move|p1b: Grimmsnarl|Fake Out|p2a: Necrozma\n|-immune|p2a: Necrozma\n|move|p1a: Rayquaza|Dragon Ascent|p2b: Blastoise\n|-damage|p2b: Blastoise|0 fnt\n|-unboost|p1a: Rayquaza|def|1\n|-unboost|p1a: Rayquaza|spd|1\n|faint|p2b: Blastoise\n|\n|upkeep\n|\n|t:|1776478080\n|switch|p2b: Miraidon|Miraidon, L50|100/100\n|-fieldstart|move: Electric Terrain|[from] ability: Hadron Engine|[of] p2b: Miraidon\n|turn|5\n|\n|t:|1776478099\n|move|p1b: Grimmsnarl|Taunt|p2a: Necrozma\n|-start|p2a: Necrozma|move: Taunt\n|move|p2b: Miraidon|Dazzling Gleam|p1b: Grimmsnarl|[spread] p1a,p1b\n|-supereffective|p1a: Rayquaza\n|-supereffective|p1b: Grimmsnarl\n|-damage|p1a: Rayquaza|0 fnt\n|-damage|p1b: Grimmsnarl|23/100\n|faint|p1a: Rayquaza\n|move|p2a: Necrozma|Photon Geyser|p1b: Grimmsnarl\n|-immune|p1b: Grimmsnarl\n|\n|upkeep\n|\n|t:|1776478101\n|switch|p1a: Typhlosion|Typhlosion-Hisui, L50, F|100/100\n|-item|p2a: Necrozma|Safety Goggles|[from] ability: Frisk|[of] p1a: Typhlosion\n|-item|p2b: Miraidon|Roseli Berry|[from] ability: Frisk|[of] p1a: Typhlosion\n|turn|6\n|inactive|SunneBolt has 30 seconds left.\n|\n|t:|1776478134\n|-terastallize|p1a: Typhlosion|Normal\n|-terastallize|p2a: Necrozma|Dark\n|move|p1a: Typhlosion|Eruption|p2b: Miraidon|[spread] p2a,p2b\n|-resisted|p2b: Miraidon\n|-damage|p2a: Necrozma|59/100\n|-damage|p2b: Miraidon|76/100\n|move|p2b: Miraidon|Dazzling Gleam|p1a: Typhlosion|[spread] p1a,p1b\n|-supereffective|p1b: Grimmsnarl\n|-crit|p1b: Grimmsnarl\n|-damage|p1a: Typhlosion|63/100\n|-damage|p1b: Grimmsnarl|0 fnt\n|faint|p1b: Grimmsnarl\n|move|p2a: Necrozma|Moongeist Beam|p1a: Typhlosion\n|-immune|p1a: Typhlosion\n|\n|upkeep\n|turn|7\n|\n|t:|1776478151\n|move|p2b: Miraidon|Protect|p2b: Miraidon\n|-singleturn|p2b: Miraidon|Protect\n|move|p1a: Typhlosion|Eruption|p2a: Necrozma|[spread] p2a\n|-activate|p2b: Miraidon|move: Protect\n|-damage|p2a: Necrozma|34/100\n|move|p2a: Necrozma|Photon Geyser|p1a: Typhlosion\n|-damage|p1a: Typhlosion|0 fnt\n|faint|p1a: Typhlosion\n|\n|win|SunneBolt\n|raw|clessvgc's rating: 1362 &rarr; <strong>1336</strong><br />(-26 for losing)\n|raw|SunneBolt's rating: 1262 &rarr; <strong>1294</strong><br />(+32 for winning)\n|l|\u2606clessvgc\n|player|p1|\n","uploadtime":1776478396,"views":8,"formatid":"gen9vgc2026regi","rating":1294,"private":0,"password":null}