{"id":"gen9vgc2026regi-2515741393","format":"[Gen 9] VGC 2026 Reg I","players":["fogdocker","kojimuranishi"],"log":"|j|\u2606fogdocker\n|j|\u2606kojimuranishi\n|t:|1768030312\n|gametype|doubles\n|player|p1|fogdocker|101|1242\n|player|p2|kojimuranishi|170|1466\n|gen|9\n|tier|[Gen 9] VGC 2026 Reg I\n|rated|\n|rule|Species Clause: Limit one of each Pok\u00e9mon\n|rule|Item Clause: Limit 1 of each item\n|clearpoke\n|poke|p1|Calyrex-Shadow, L50|\n|poke|p1|Zacian-*, L50|\n|poke|p1|Incineroar, L50, F|\n|poke|p1|Ogerpon-Wellspring, L50, F|\n|poke|p1|Landorus, L50, M|\n|poke|p1|Tornadus, L50, M|\n|poke|p2|Raging Bolt, L50|\n|poke|p2|Calyrex-Ice, L50|\n|poke|p2|Kyogre, L50|\n|poke|p2|Indeedee-F, L50, F|\n|poke|p2|Landorus, L50, M|\n|poke|p2|Urshifu-*, L50, F|\n|teampreview|4\n|inactive|Battle timer is ON: inactive players will automatically lose when time's up. (requested by kojimuranishi)\n|\n|t:|1768030343\n|teamsize|p1|4\n|teamsize|p2|4\n|start\n|switch|p1a: Zacian|Zacian-Crowned, L50|100/100\n|switch|p1b: Ogerpon|Ogerpon-Wellspring, L50, F|100/100\n|switch|p2a: Indeedee|Indeedee-F, L50, F|100/100\n|switch|p2b: Calyrex|Calyrex-Ice, L50|100/100\n|-ability|p2b: Calyrex|As One\n|-ability|p2b: Calyrex|Unnerve\n|-ability|p1a: Zacian|Intrepid Sword|boost\n|-boost|p1a: Zacian|atk|1\n|-fieldstart|move: Psychic Terrain|[from] ability: Psychic Surge|[of] p2a: Indeedee\n|turn|1\n|\n|t:|1768030363\n|move|p2b: Calyrex|Protect|p2b: Calyrex\n|-singleturn|p2b: Calyrex|Protect\n|move|p1a: Zacian|Behemoth Blade|p2b: Calyrex\n|-activate|p2b: Calyrex|move: Protect\n|move|p1b: Ogerpon|Ivy Cudgel|p2b: Calyrex|[anim] Ivy Cudgel Water\n|-activate|p2b: Calyrex|move: Protect\n|move|p2a: Indeedee|Trick Room|p2a: Indeedee\n|-fieldstart|move: Trick Room|[of] p2a: Indeedee\n|\n|upkeep\n|turn|2\n|\n|t:|1768030383\n|move|p1b: Ogerpon|Spiky Shield|p1b: Ogerpon\n|-singleturn|p1b: Ogerpon|move: Protect\n|move|p1a: Zacian|Protect|p1a: Zacian\n|-singleturn|p1a: Zacian|Protect\n|move|p2a: Indeedee|Follow Me|p2a: Indeedee\n|-singleturn|p2a: Indeedee|move: Follow Me\n|move|p2b: Calyrex|Leech Seed|p1a: Zacian\n|-activate|p1a: Zacian|move: Protect\n|\n|upkeep\n|turn|3\n|\n|t:|1768030400\n|move|p2a: Indeedee|Follow Me|p2a: Indeedee\n|-singleturn|p2a: Indeedee|move: Follow Me\n|move|p1b: Ogerpon|Follow Me|p1b: Ogerpon\n|-singleturn|p1b: Ogerpon|move: Follow Me\n|move|p2b: Calyrex|Glacial Lance|p1a: Zacian|[spread] p1a,p1b\n|-resisted|p1a: Zacian\n|-crit|p1b: Ogerpon\n|-damage|p1a: Zacian|81/100\n|-damage|p1b: Ogerpon|23/100\n|move|p1a: Zacian|Behemoth Blade|p2a: Indeedee\n|-damage|p2a: Indeedee|28/100\n|-damage|p1a: Zacian|64/100|[from] item: Rocky Helmet|[of] p2a: Indeedee\n|\n|upkeep\n|turn|4\n|inactive|kojimuranishi has 30 seconds left.\n|\n|t:|1768030429\n|move|p1b: Ogerpon|Spiky Shield|p1b: Ogerpon\n|-singleturn|p1b: Ogerpon|move: Protect\n|move|p1a: Zacian|Protect|p1a: Zacian\n|-singleturn|p1a: Zacian|Protect\n|move|p2a: Indeedee|Follow Me|p2a: Indeedee\n|-singleturn|p2a: Indeedee|move: Follow Me\n|move|p2b: Calyrex|Glacial Lance|p1b: Ogerpon|[spread] \n|-activate|p1a: Zacian|move: Protect\n|-activate|p1b: Ogerpon|move: Protect\n|\n|upkeep\n|turn|5\n|inactive|kojimuranishi has 30 seconds left.\n|\n|t:|1768030454\n|move|p2a: Indeedee|Follow Me|p2a: Indeedee\n|-singleturn|p2a: Indeedee|move: Follow Me\n|move|p2b: Calyrex|Glacial Lance|p1a: Zacian|[spread] p1a,p1b\n|-resisted|p1a: Zacian\n|-damage|p1a: Zacian|43/100\n|-damage|p1b: Ogerpon|0 fnt\n|faint|p1b: Ogerpon\n|-ability|p2b: Calyrex|Chilling Neigh|boost\n|-boost|p2b: Calyrex|atk|1\n|move|p1a: Zacian|Behemoth Blade|p2a: Indeedee\n|-damage|p2a: Indeedee|0 fnt\n|-damage|p1a: Zacian|26/100|[from] item: Rocky Helmet|[of] p2a: Indeedee\n|faint|p2a: Indeedee\n|\n|-fieldend|move: Trick Room\n|-fieldend|move: Psychic Terrain\n|upkeep\n|\n|t:|1768030475\n|switch|p1b: Calyrex|Calyrex-Shadow, L50|100/100\n|switch|p2a: Urshifu|Urshifu-Rapid-Strike, L50, F|100/100\n|-ability|p1b: Calyrex|As One\n|-ability|p1b: Calyrex|Unnerve\n|turn|6\n|\n|t:|1768030493\n|move|p2b: Calyrex|Protect|p2b: Calyrex\n|-singleturn|p2b: Calyrex|Protect\n|move|p1b: Calyrex|Astral Barrage|p2b: Calyrex|[spread] p2a\n|-activate|p2b: Calyrex|move: Protect\n|-damage|p2a: Urshifu|13/100\n|move|p1a: Zacian|Behemoth Blade|p2b: Calyrex\n|-activate|p2b: Calyrex|move: Protect\n|move|p2a: Urshifu|Surging Strikes|p1a: Zacian\n|-crit|p1a: Zacian\n|-damage|p1a: Zacian|9/100\n|-crit|p1a: Zacian\n|-damage|p1a: Zacian|0 fnt\n|faint|p1a: Zacian\n|-hitcount|p1: Zacian|2\n|\n|upkeep\n|\n|t:|1768030500\n|switch|p1a: Landorus|Landorus, L50, M|100/100\n|turn|7\n|\n|t:|1768030513\n|-terastallize|p1a: Landorus|Water\n|-terastallize|p2b: Calyrex|Fairy\n|move|p2a: Urshifu|Detect|p2a: Urshifu\n|-singleturn|p2a: Urshifu|Protect\n|move|p1b: Calyrex|Encore|p2b: Calyrex\n|-start|p2b: Calyrex|Encore\n|move|p1a: Landorus|Earth Power|p2a: Urshifu\n|-activate|p2a: Urshifu|move: Protect\n|move|p2b: Calyrex|Protect||[still]\n|-fail|p2b: Calyrex\n|\n|upkeep\n|turn|8\n|\n|t:|1768030535\n|switch|p2b: Landorus|Landorus, L50, M|100/100\n|move|p1b: Calyrex|Astral Barrage|p2b: Landorus|[spread] p2a,p2b\n|-damage|p2a: Urshifu|0 fnt\n|-damage|p2b: Landorus|22/100\n|faint|p2a: Urshifu\n|-ability|p1b: Calyrex|Grim Neigh|boost\n|-boost|p1b: Calyrex|spa|1\n|move|p1a: Landorus|Substitute|p1a: Landorus\n|-start|p1a: Landorus|Substitute\n|-damage|p1a: Landorus|76/100\n|\n|upkeep\n|-message|kojimuranishi forfeited.\n|\n|win|fogdocker\n|raw|fogdocker's rating: 1242 &rarr; <strong>1281</strong><br />(+39 for winning)\n|raw|kojimuranishi's rating: 1466 &rarr; <strong>1435</strong><br />(-31 for losing)\n|l|\u2606kojimuranishi\n|player|p2|\n","uploadtime":1768030548,"views":20,"formatid":"gen9vgc2026regi","rating":1281,"private":0,"password":null}