{"id":"gen9vgc2026regi-2560189879","format":"[Gen 9] VGC 2026 Reg I","players":["jonen","TarooVGC"],"log":"|j|\u2606jonen\n|j|\u2606TarooVGC\n|t:|1773664291\n|gametype|doubles\n|player|p1|jonen|medium|1169\n|player|p2|TarooVGC|cynthia-gen4|1116\n|gen|9\n|tier|[Gen 9] VGC 2026 Reg I\n|rated|\n|rule|Species Clause: Limit one of each Pok\u00e9mon\n|rule|Item Clause: Limit 1 of each item\n|clearpoke\n|poke|p1|Calyrex-Ice, L50|\n|poke|p1|Scraggy, L50, M|\n|poke|p1|Miraidon, L50|\n|poke|p1|Farigiraf, L50, F|\n|poke|p1|Iron Treads, L50|\n|poke|p1|Iron Hands, L50|\n|poke|p2|Calyrex-Ice, L50|\n|poke|p2|Miraidon, L50|\n|poke|p2|Grimmsnarl, L50, M|\n|poke|p2|Urshifu-*, L50, M|\n|poke|p2|Incineroar, L50, M|\n|poke|p2|Landorus, L50, M|\n|teampreview|4\n|\n|t:|1773664335\n|teamsize|p1|4\n|teamsize|p2|4\n|start\n|switch|p1a: Calyrex|Calyrex-Ice, L50|100/100\n|switch|p1b: Scraggy|Scraggy, L50, M|100/100\n|switch|p2a: Incineroar|Incineroar, L50, M|100/100\n|switch|p2b: Landorus|Landorus, L50, M|100/100\n|-ability|p1a: Calyrex|As One\n|-ability|p1a: Calyrex|Unnerve\n|-ability|p2a: Incineroar|Intimidate|boost\n|-fail|p1a: Calyrex|unboost|[from] item: Clear Amulet|[of] p1a: Calyrex\n|-unboost|p1b: Scraggy|atk|1\n|-ability|p1b: Scraggy|Intimidate|boost\n|-unboost|p2a: Incineroar|atk|1\n|-unboost|p2b: Landorus|atk|1\n|turn|1\n|\n|t:|1773664360\n|-terastallize|p2b: Landorus|Poison\n|move|p1b: Scraggy|Fake Out|p2b: Landorus\n|-damage|p2b: Landorus|95/100\n|move|p2a: Incineroar|Flare Blitz|p1a: Calyrex\n|-supereffective|p1a: Calyrex\n|-crit|p1a: Calyrex\n|-damage|p1a: Calyrex|11/100\n|-status|p1a: Calyrex|brn\n|-damage|p2a: Incineroar|69/100|[from] Recoil\n|cant|p2b: Landorus|flinch\n|move|p1a: Calyrex|Trick Room|p1a: Calyrex\n|-fieldstart|move: Trick Room|[of] p1a: Calyrex\n|\n|-damage|p1a: Calyrex|5/100 brn|[from] brn\n|upkeep\n|turn|2\n|\n|t:|1773664381\n|move|p2b: Landorus|Protect|p2b: Landorus\n|-singleturn|p2b: Landorus|Protect\n|move|p1b: Scraggy|Coaching|p1a: Calyrex\n|-boost|p1a: Calyrex|atk|1\n|-boost|p1a: Calyrex|def|1\n|move|p1a: Calyrex|High Horsepower|p2b: Landorus\n|-activate|p2b: Landorus|move: Protect\n|move|p2a: Incineroar|Flare Blitz|p1b: Scraggy\n|-damage|p1b: Scraggy|72/100\n|-damage|p2a: Incineroar|63/100|[from] Recoil\n|\n|-damage|p1a: Calyrex|0 fnt|[from] brn\n|faint|p1a: Calyrex\n|upkeep\n|c|\u2606jonen|damn lol\n|\n|t:|1773664389\n|switch|p1a: Iron Hands|Iron Hands, L50|100/100\n|turn|3\n|\n|t:|1773664419\n|move|p2a: Incineroar|Fake Out||[still]\n|-hint|Fake Out only works on your first turn out.\n|-fail|p2a: Incineroar\n|move|p1b: Scraggy|Coaching|p1a: Iron Hands\n|-boost|p1a: Iron Hands|atk|1\n|-boost|p1a: Iron Hands|def|1\n|move|p1a: Iron Hands|Wild Charge|p2b: Landorus\n|-damage|p2b: Landorus|25/100\n|-damage|p1a: Iron Hands|86/100|[from] Recoil\n|move|p2b: Landorus|Earth Power|p1a: Iron Hands\n|-supereffective|p1a: Iron Hands\n|-damage|p1a: Iron Hands|16/100\n|\n|upkeep\n|turn|4\n|\n|t:|1773664438\n|move|p2a: Incineroar|Fake Out||[still]\n|-hint|Fake Out only works on your first turn out.\n|-fail|p2a: Incineroar\n|move|p1b: Scraggy|Foul Play|p2b: Landorus\n|-damage|p2b: Landorus|5/100\n|move|p1a: Iron Hands|Drain Punch|p2a: Incineroar\n|-supereffective|p2a: Incineroar\n|-damage|p2a: Incineroar|0 fnt\n|-heal|p1a: Iron Hands|42/100|[from] drain|[of] p2a: Incineroar\n|faint|p2a: Incineroar\n|move|p2b: Landorus|Sludge Bomb|p1b: Scraggy\n|-damage|p1b: Scraggy|10/100\n|\n|upkeep\n|\n|t:|1773664454\n|switch|p2a: Calyrex|Calyrex-Ice, L50|100/100\n|-ability|p2a: Calyrex|As One\n|-ability|p2a: Calyrex|Unnerve\n|turn|5\n|j| Ws0r1\n|\n|t:|1773664477\n|move|p2b: Landorus|Protect|p2b: Landorus\n|-singleturn|p2b: Landorus|Protect\n|move|p1b: Scraggy|Foul Play|p2b: Landorus\n|-activate|p2b: Landorus|move: Protect\n|move|p1a: Iron Hands|Low Kick|p2a: Calyrex\n|-damage|p2a: Calyrex|34/100\n|move|p2a: Calyrex|Trick Room|p2a: Calyrex\n|-fieldend|move: Trick Room\n|\n|-heal|p2a: Calyrex|40/100|[from] item: Leftovers\n|upkeep\n|turn|6\n|\n|t:|1773664502\n|-terastallize|p1a: Iron Hands|Water\n|move|p2b: Landorus|Earth Power|p1a: Iron Hands\n|-damage|p1a: Iron Hands|4/100\n|move|p2a: Calyrex|Glacial Lance|p1b: Scraggy|[spread] p1a,p1b\n|-resisted|p1a: Iron Hands\n|-damage|p1a: Iron Hands|0 fnt\n|-damage|p1b: Scraggy|0 fnt\n|faint|p1a: Iron Hands\n|-end|p1a: Iron Hands|Quark Drive|[silent]\n|faint|p1b: Scraggy\n|-ability|p2a: Calyrex|Chilling Neigh|boost\n|-boost|p2a: Calyrex|atk|2\n|\n|-heal|p2a: Calyrex|45/100|[from] item: Leftovers\n|upkeep\n|\n|t:|1773664508\n|switch|p1b: Miraidon|Miraidon, L50|100/100\n|-fieldstart|move: Electric Terrain|[from] ability: Hadron Engine|[of] p1b: Miraidon\n|turn|7\n|\n|t:|1773664525\n|move|p2a: Calyrex|Protect|p2a: Calyrex\n|-singleturn|p2a: Calyrex|Protect\n|move|p1b: Miraidon|Dazzling Gleam|p2b: Landorus|[spread] p2b\n|-activate|p2a: Calyrex|move: Protect\n|-resisted|p2b: Landorus\n|-damage|p2b: Landorus|0 fnt\n|faint|p2b: Landorus\n|\n|-heal|p2a: Calyrex|51/100|[from] item: Leftovers\n|upkeep\n|\n|t:|1773664536\n|switch|p2b: Urshifu|Urshifu-Rapid-Strike, L50, M|100/100\n|turn|8\n|\n|t:|1773664553\n|move|p1b: Miraidon|Dazzling Gleam|p2b: Urshifu|[spread] p2a,p2b\n|-supereffective|p2b: Urshifu\n|-damage|p2a: Calyrex|24/100\n|-damage|p2b: Urshifu|0 fnt\n|faint|p2b: Urshifu\n|move|p2a: Calyrex|Glacial Lance|p1b: Miraidon\n|-supereffective|p1b: Miraidon\n|-damage|p1b: Miraidon|0 fnt\n|faint|p1b: Miraidon\n|\n|win|TarooVGC\n|raw|jonen's rating: 1169 &rarr; <strong>1140</strong><br />(-29 for losing)\n|raw|TarooVGC's rating: 1116 &rarr; <strong>1145</strong><br />(+29 for winning)\n","uploadtime":1773664554,"views":11,"formatid":"gen9vgc2026regi","rating":1140,"private":0,"password":null}