{"id":"gen9vgc2026regi-2567700009","format":"[Gen 9] VGC 2026 Reg I","players":["CEExy","clefci"],"log":"|j|\u2606CEExy\n|j|\u2606clefci\n|t:|1774506217\n|gametype|doubles\n|player|p1|CEExy|hilbert|1315\n|player|p2|clefci|102|1389\n|gen|9\n|tier|[Gen 9] VGC 2026 Reg I\n|rated|\n|rule|Species Clause: Limit one of each Pok\u00e9mon\n|rule|Item Clause: Limit 1 of each item\n|clearpoke\n|poke|p1|Miraidon, L50|\n|poke|p1|Incineroar, L50, M|\n|poke|p1|Ogerpon, L50, F|\n|poke|p1|Chien-Pao, L50|\n|poke|p1|Zamazenta-*, L50|\n|poke|p1|Volcarona, L50, M|\n|poke|p2|Groudon, L50|\n|poke|p2|Lunala, L50|\n|poke|p2|Flutter Mane, L50|\n|poke|p2|Gouging Fire, L50|\n|poke|p2|Jumpluff, L50, M|\n|poke|p2|Raging Bolt, L50|\n|teampreview|4\n|inactive|Battle timer is ON: inactive players will automatically lose when time's up. (requested by clefci)\n|inactive|CEExy has 60 seconds left.\n|inactive|clefci has 60 seconds left.\n|\n|t:|1774506264\n|teamsize|p1|4\n|teamsize|p2|4\n|start\n|switch|p1a: Miraidon|Miraidon, L50|100/100\n|switch|p1b: Incineroar|Incineroar, L50, M|100/100\n|switch|p2a: Lunala|Lunala, L50|100/100\n|switch|p2b: Gouging Fire|Gouging Fire, L50|100/100\n|-fieldstart|move: Electric Terrain|[from] ability: Hadron Engine|[of] p1a: Miraidon\n|-ability|p1b: Incineroar|Intimidate|boost\n|-unboost|p2a: Lunala|atk|1\n|-unboost|p2b: Gouging Fire|atk|1\n|turn|1\n|\n|t:|1774506280\n|-terastallize|p2a: Lunala|Fairy\n|move|p2b: Gouging Fire|Protect|p2b: Gouging Fire\n|-singleturn|p2b: Gouging Fire|Protect\n|move|p1b: Incineroar|Fake Out|p2b: Gouging Fire\n|-activate|p2b: Gouging Fire|move: Protect\n|move|p1a: Miraidon|Volt Switch|p2a: Lunala\n|-damage|p2a: Lunala|76/100\n|\n|t:|1774506288\n|switch|p1a: Zamazenta|Zamazenta-Crowned, L50|100/100|[from] Volt Switch\n|-ability|p1a: Zamazenta|Dauntless Shield|boost\n|-boost|p1a: Zamazenta|def|1\n|move|p2a: Lunala|Dazzling Gleam|p1a: Zamazenta|[spread] p1a,p1b\n|-damage|p1a: Zamazenta|67/100\n|-damage|p1b: Incineroar|70/100\n|\n|upkeep\n|turn|2\n|\n|t:|1774506302\n|switch|p2a: Groudon|Groudon, L50|100/100\n|-weather|SunnyDay|[from] ability: Drought|[of] p2a: Groudon\n|-activate|p2b: Gouging Fire|ability: Protosynthesis\n|-start|p2b: Gouging Fire|protosynthesisspe\n|move|p2b: Gouging Fire|Flare Blitz|p1a: Zamazenta\n|-supereffective|p1a: Zamazenta\n|-damage|p1a: Zamazenta|20/100\n|-damage|p2b: Gouging Fire|85/100|[from] Recoil\n|move|p1a: Zamazenta|Heavy Slam|p2a: Groudon\n|-damage|p2a: Groudon|89/100\n|move|p1b: Incineroar|Flare Blitz|p2a: Groudon\n|-damage|p2a: Groudon|42/100\n|-damage|p1b: Incineroar|54/100|[from] Recoil\n|\n|-weather|SunnyDay|[upkeep]\n|upkeep\n|turn|3\n|inactive|CEExy has 30 seconds left.\n|inactive|clefci has 30 seconds left.\n|inactive|clefci has 20 seconds left.\n|inactive|clefci has 15 seconds left.\n|\n|t:|1774506347\n|-end|p2b: Gouging Fire|Protosynthesis|[silent]\n|switch|p2b: Jumpluff|Jumpluff, L50, M|100/100\n|switch|p2a: Lunala|Lunala, L50, tera:Fairy|76/100\n|-terastallize|p1b: Incineroar|Bug\n|move|p1a: Zamazenta|Protect|p1a: Zamazenta\n|-singleturn|p1a: Zamazenta|Protect\n|move|p1b: Incineroar|Flare Blitz|p2a: Lunala\n|-damage|p2a: Lunala|21/100\n|-damage|p1b: Incineroar|32/100|[from] Recoil\n|\n|-weather|SunnyDay|[upkeep]\n|upkeep\n|turn|4\n|\n|t:|1774506369\n|move|p2b: Jumpluff|Tailwind|p2b: Jumpluff\n|-sidestart|p2: clefci|move: Tailwind\n|move|p2a: Lunala|Moongeist Beam|p1a: Zamazenta\n|-crit|p1a: Zamazenta\n|-damage|p1a: Zamazenta|0 fnt\n|faint|p1a: Zamazenta\n|move|p1b: Incineroar|Flare Blitz|p2b: Jumpluff\n|-supereffective|p2b: Jumpluff\n|-enditem|p2b: Jumpluff|Focus Sash\n|-damage|p2b: Jumpluff|1/100\n|-damage|p1b: Incineroar|2/100|[from] Recoil\n|\n|-weather|SunnyDay|[upkeep]\n|upkeep\n|\n|t:|1774506379\n|switch|p1a: Miraidon|Miraidon, L50|100/100\n|-activate|p1a: Miraidon|ability: Hadron Engine\n|turn|5\n|inactive|clefci has 30 seconds left.\n|inactive|clefci has 20 seconds left.\n|inactive|clefci has 15 seconds left.\n|inactive|clefci has 10 seconds left.\n|inactive|clefci has 5 seconds left.\n|\n|t:|1774506430\n|switch|p1b: Volcarona|Volcarona, L50, M|100/100\n|-enditem|p1b: Volcarona|Electric Seed\n|-boost|p1b: Volcarona|def|1|[from] item: Electric Seed\n|move|p2b: Jumpluff|Rage Powder|p2b: Jumpluff\n|-singleturn|p2b: Jumpluff|move: Rage Powder\n|move|p1a: Miraidon|Volt Switch|p2b: Jumpluff\n|-damage|p2b: Jumpluff|0 fnt\n|faint|p2b: Jumpluff\n|\n|t:|1774506440\n|switch|p1a: Incineroar|Incineroar, L50, M, tera:Bug|2/100|[from] Volt Switch\n|-ability|p1a: Incineroar|Intimidate|boost\n|-unboost|p2a: Lunala|atk|1\n|move|p2a: Lunala|Moongeist Beam|p1a: Incineroar\n|-damage|p1a: Incineroar|0 fnt\n|faint|p1a: Incineroar\n|\n|-weather|SunnyDay|[upkeep]\n|-fieldend|move: Electric Terrain\n|upkeep\n|j| chubaca520\n|\n|t:|1774506448\n|switch|p2b: Gouging Fire|Gouging Fire, L50|85/100\n|switch|p1a: Miraidon|Miraidon, L50|100/100\n|-fieldstart|move: Electric Terrain|[from] ability: Hadron Engine|[of] p1a: Miraidon\n|-activate|p2b: Gouging Fire|ability: Protosynthesis\n|-start|p2b: Gouging Fire|protosynthesisspe\n|turn|6\n|\n|t:|1774506468\n|move|p2b: Gouging Fire|Dragon Claw|p1a: Miraidon\n|-supereffective|p1a: Miraidon\n|-damage|p1a: Miraidon|40/100\n|move|p1a: Miraidon|Draco Meteor|p2b: Gouging Fire\n|-supereffective|p2b: Gouging Fire\n|-damage|p2b: Gouging Fire|0 fnt\n|-unboost|p1a: Miraidon|spa|2\n|faint|p2b: Gouging Fire\n|-end|p2b: Gouging Fire|Protosynthesis|[silent]\n|move|p2a: Lunala|Moongeist Beam|p1a: Miraidon\n|-damage|p1a: Miraidon|0 fnt\n|faint|p1a: Miraidon\n|move|p1b: Volcarona|Fiery Dance|p2a: Lunala\n|-damage|p2a: Lunala|0 fnt\n|-boost|p1b: Volcarona|spa|1\n|faint|p2a: Lunala\n|\n|-weather|none\n|upkeep\n|\n|t:|1774506484\n|switch|p2a: Groudon|Groudon, L50|42/100\n|-weather|SunnyDay|[from] ability: Drought|[of] p2a: Groudon\n|turn|7\n|\n|t:|1774506488\n|move|p2a: Groudon|Heat Crash|p1b: Volcarona\n|-damage|p1b: Volcarona|53/100\n|-status|p2a: Groudon|brn|[from] ability: Flame Body|[of] p1b: Volcarona\n|move|p1b: Volcarona|Giga Drain|p2a: Groudon\n|-supereffective|p2a: Groudon\n|-damage|p2a: Groudon|0 fnt\n|-heal|p1b: Volcarona|77/100|[from] drain|[of] p2a: Groudon\n|faint|p2a: Groudon\n|\n|win|CEExy\n|raw|CEExy's rating: 1315 &rarr; <strong>1339</strong><br />(+24 for winning)\n|raw|clefci's rating: 1389 &rarr; <strong>1365</strong><br />(-24 for losing)\n|l|\u2606clefci\n|player|p2|\n","uploadtime":1774506498,"views":34,"formatid":"gen9vgc2026regi","rating":1339,"private":0,"password":null}