{"id":"gen9vgc2026regi-2540004284","format":"[Gen 9] VGC 2026 Reg I","players":["xinshouok","blackred123"],"log":"|j|\u2606xinshouok\n|j|\u2606blackred123\n|t:|1771142676\n|gametype|doubles\n|player|p1|xinshouok|lucas|1399\n|player|p2|blackred123|iono-masters|1382\n|gen|9\n|tier|[Gen 9] VGC 2026 Reg I\n|rated|\n|rule|Species Clause: Limit one of each Pok\u00e9mon\n|rule|Item Clause: Limit 1 of each item\n|clearpoke\n|poke|p1|Groudon, L50|\n|poke|p1|Grimmsnarl, L50, M|\n|poke|p1|Miraidon, L50|\n|poke|p1|Volcarona, L50, F|\n|poke|p1|Ditto, L50|\n|poke|p1|Incineroar, L50, F|\n|poke|p2|Zamazenta-*, L50|\n|poke|p2|Calyrex-Shadow, L50|\n|poke|p2|Rillaboom, L50, F|\n|poke|p2|Raging Bolt, L50|\n|poke|p2|Ogerpon-Cornerstone, L50, F|\n|poke|p2|Tornadus, L50, M|\n|teampreview|4\n|inactive|Battle timer is ON: inactive players will automatically lose when time's up. (requested by xinshouok)\n|inactive|blackred123 also wants the timer to be on.\n|\n|t:|1771142704\n|teamsize|p1|4\n|teamsize|p2|4\n|start\n|switch|p1a: Ditto|Ditto, L50|100/100\n|switch|p1b: Grimmsnarl|Grimmsnarl, L50, M|100/100\n|switch|p2a: \u5170\u534e|Zamazenta-Crowned, L50, shiny|100/100\n|switch|p2b: \u98df\u5802\u5904|Rillaboom, L50, F|100/100\n|-ability|p2a: \u5170\u534e|Dauntless Shield|boost\n|-boost|p2a: \u5170\u534e|def|1\n|-fieldstart|move: Grassy Terrain|[from] ability: Grassy Surge|[of] p2b: \u98df\u5802\u5904\n|-transform|p1a: Ditto|p2b: \u98df\u5802\u5904|[from] ability: Imposter\n|turn|1\n|\n|t:|1771142716\n|move|p2b: \u98df\u5802\u5904|Fake Out|p1a: Ditto\n|-damage|p1a: Ditto|85/100\n|move|p1b: Grimmsnarl|Reflect|p1b: Grimmsnarl\n|-sidestart|p1: xinshouok|Reflect\n|move|p2a: \u5170\u534e|Heavy Slam|p1b: Grimmsnarl\n|-supereffective|p1b: Grimmsnarl\n|-damage|p1b: Grimmsnarl|35/100\n|cant|p1a: Ditto|flinch\n|\n|-heal|p1a: Ditto|91/100|[from] Grassy Terrain\n|-heal|p1b: Grimmsnarl|41/100|[from] Grassy Terrain\n|upkeep\n|turn|2\n|\n|t:|1771142732\n|move|p1b: Grimmsnarl|Light Screen|p1b: Grimmsnarl\n|-sidestart|p1: xinshouok|move: Light Screen\n|move|p2a: \u5170\u534e|Heavy Slam|p1b: Grimmsnarl\n|-supereffective|p1b: Grimmsnarl\n|-damage|p1b: Grimmsnarl|0 fnt\n|faint|p1b: Grimmsnarl\n|move|p1a: Ditto|U-turn|p2b: \u98df\u5802\u5904\n|-supereffective|p2b: \u98df\u5802\u5904\n|-damage|p2b: \u98df\u5802\u5904|59/100\n|\n|t:|1771142738\n|switch|p1a: Miraidon|Miraidon, L50|100/100|[from] U-turn\n|-fieldstart|move: Electric Terrain|[from] ability: Hadron Engine|[of] p1a: Miraidon\n|move|p2b: \u98df\u5802\u5904|U-turn|p1a: Miraidon\n|-damage|p1a: Miraidon|87/100\n|\n|t:|1771142747\n|switch|p2b: \u6591\u9a6c\u662f\u9a74\uff01?|Calyrex-Shadow, L50|100/100|[from] U-turn\n|-ability|p2b: \u6591\u9a6c\u662f\u9a74\uff01?|As One\n|-ability|p2b: \u6591\u9a6c\u662f\u9a74\uff01?|Unnerve\n|\n|upkeep\n|\n|t:|1771142749\n|switch|p1b: Ditto|Ditto, L50|91/100\n|-transform|p1b: Ditto|p2a: \u5170\u534e|[from] ability: Imposter\n|-ability|p1b: Ditto|Dauntless Shield|boost\n|-boost|p1b: Ditto|def|1\n|turn|3\n|inactive|xinshouok has 30 seconds left.\n|\n|t:|1771142783\n|-terastallize|p2a: \u5170\u534e|Dragon\n|move|p1a: Miraidon|Electro Drift|p2b: \u6591\u9a6c\u662f\u9a74\uff01?\n|-damage|p2b: \u6591\u9a6c\u662f\u9a74\uff01?|7/100\n|move|p2b: \u6591\u9a6c\u662f\u9a74\uff01?|Encore||[still]\n|-fail|p2b: \u6591\u9a6c\u662f\u9a74\uff01?\n|move|p1b: Ditto|Heavy Slam|p2b: \u6591\u9a6c\u662f\u9a74\uff01?\n|-damage|p2b: \u6591\u9a6c\u662f\u9a74\uff01?|0 fnt\n|faint|p2b: \u6591\u9a6c\u662f\u9a74\uff01?\n|move|p2a: \u5170\u534e|Body Press|p1a: Miraidon\n|-damage|p1a: Miraidon|45/100\n|\n|upkeep\n|\n|t:|1771142797\n|switch|p2b: \u98df\u5802\u5904|Rillaboom, L50, F|59/100\n|-fieldstart|move: Grassy Terrain|[from] ability: Grassy Surge|[of] p2b: \u98df\u5802\u5904\n|turn|4\n|\n|t:|1771142817\n|switch|p1a: Groudon|Groudon, L50|100/100\n|-weather|SunnyDay|[from] ability: Drought|[of] p1a: Groudon\n|-terastallize|p1b: Ditto|Ghost\n|move|p2b: \u98df\u5802\u5904|Fake Out|p1b: Ditto\n|-immune|p1b: Ditto\n|move|p1b: Ditto|Body Press|p2b: \u98df\u5802\u5904\n|-damage|p2b: \u98df\u5802\u5904|0 fnt\n|faint|p2b: \u98df\u5802\u5904\n|move|p2a: \u5170\u534e|Body Press|p1a: Groudon\n|-damage|p1a: Groudon|72/100\n|\n|-weather|SunnyDay|[upkeep]\n|-heal|p1b: Ditto|97/100|[from] Grassy Terrain\n|-heal|p1a: Groudon|78/100|[from] Grassy Terrain\n|upkeep\n|\n|t:|1771142825\n|switch|p2b: \u963f\u77b3|Ogerpon-Cornerstone, L50, F|100/100\n|turn|5\n|\n|t:|1771142850\n|move|p2b: \u963f\u77b3|Ivy Cudgel|p1b: Ditto|[anim] Ivy Cudgel Rock\n|-damage|p1b: Ditto|82/100\n|move|p1b: Ditto|Body Press|p2b: \u963f\u77b3\n|-supereffective|p2b: \u963f\u77b3\n|-ability|p2b: \u963f\u77b3|Sturdy\n|-damage|p2b: \u963f\u77b3|1/100\n|move|p2a: \u5170\u534e|Heavy Slam|p1b: Ditto\n|-damage|p1b: Ditto|78/100\n|move|p1a: Groudon|High Horsepower|p2b: \u963f\u77b3\n|-damage|p2b: \u963f\u77b3|0 fnt\n|faint|p2b: \u963f\u77b3\n|\n|-weather|SunnyDay|[upkeep]\n|-heal|p1b: Ditto|84/100|[from] Grassy Terrain\n|-heal|p1a: Groudon|84/100|[from] Grassy Terrain\n|upkeep\n|turn|6\n|-message|blackred123 forfeited.\n|\n|win|xinshouok\n|raw|xinshouok's rating: 1399 &rarr; <strong>1418</strong><br />(+19 for winning)\n|raw|blackred123's rating: 1382 &rarr; <strong>1363</strong><br />(-19 for losing)\n|l|\u2606blackred123\n|player|p2|\n|l|\u2606xinshouok\n|player|p1|\n","uploadtime":1771143118,"views":38,"formatid":"gen9vgc2026regi","rating":1363,"private":0,"password":null}