{"id":"gen9vgc2026regi-2560405032","format":"[Gen 9] VGC 2026 Reg I","players":["PATRIOTS_VG","Billlmads"],"log":"|j|\u2606PATRIOTS_VG\n|j|\u2606Billlmads\n|t:|1773684260\n|gametype|doubles\n|player|p1|PATRIOTS_VG|drayden|1502\n|player|p2|Billlmads|red|1500\n|gen|9\n|tier|[Gen 9] VGC 2026 Reg I\n|rated|\n|rule|Species Clause: Limit one of each Pok\u00e9mon\n|rule|Item Clause: Limit 1 of each item\n|clearpoke\n|poke|p1|Incineroar, L50, M|\n|poke|p1|Calyrex-Shadow, L50|\n|poke|p1|Flutter Mane, L50|\n|poke|p1|Ogerpon-Cornerstone, L50, F|\n|poke|p1|Rillaboom, L50, F|\n|poke|p1|Terapagos, L50, M|\n|poke|p2|Calyrex-Ice, L50|\n|poke|p2|Miraidon, L50|\n|poke|p2|Volcarona, L50, F|\n|poke|p2|Grimmsnarl, L50, M|\n|poke|p2|Incineroar, L50, M|\n|poke|p2|Ditto, L50|\n|teampreview|4\n|l|\u2606PATRIOTS_VG\n|player|p1|\n|j|\u2606PATRIOTS_VG\n|player|p1|PATRIOTS_VG|drayden|\n|\n|t:|1773684289\n|teamsize|p1|4\n|teamsize|p2|4\n|start\n|switch|p1a: Calyrex|Calyrex-Shadow, L50|100/100\n|switch|p1b: Incineroar|Incineroar, L50, M|100/100\n|switch|p2a: Miraidon|Miraidon, L50|100/100\n|switch|p2b: Grimmsnarl|Grimmsnarl, L50, M, shiny|100/100\n|-ability|p1a: Calyrex|As One\n|-ability|p1a: Calyrex|Unnerve\n|-fieldstart|move: Electric Terrain|[from] ability: Hadron Engine|[of] p2a: Miraidon\n|-ability|p1b: Incineroar|Intimidate|boost\n|-unboost|p2a: Miraidon|atk|1\n|-unboost|p2b: Grimmsnarl|atk|1\n|turn|1\n|\n|t:|1773684298\n|move|p1b: Incineroar|Fake Out|p2b: Grimmsnarl\n|-damage|p2b: Grimmsnarl|90/100\n|cant|p2b: Grimmsnarl|flinch\n|move|p1a: Calyrex|Astral Barrage|p2a: Miraidon|[spread] p2a,p2b\n|-resisted|p2b: Grimmsnarl\n|-crit|p2b: Grimmsnarl\n|-damage|p2a: Miraidon|76/100\n|-damage|p2b: Grimmsnarl|49/100\n|move|p2a: Miraidon|Snarl|p1b: Incineroar|[spread] p1a,p1b\n|-supereffective|p1a: Calyrex\n|-resisted|p1b: Incineroar\n|-damage|p1a: Calyrex|19/100\n|-damage|p1b: Incineroar|92/100\n|-unboost|p1a: Calyrex|spa|1\n|-unboost|p1b: Incineroar|spa|1\n|\n|upkeep\n|turn|2\n|\n|t:|1773684321\n|move|p1a: Calyrex|Protect|p1a: Calyrex\n|-singleturn|p1a: Calyrex|Protect\n|move|p2b: Grimmsnarl|Light Screen|p2b: Grimmsnarl\n|-sidestart|p2: Billlmads|move: Light Screen\n|move|p2a: Miraidon|Volt Switch|p1b: Incineroar\n|-damage|p1b: Incineroar|29/100\n|\n|t:|1773684329\n|switch|p2a: Volcarona|Volcarona, L50, F, shiny|100/100|[from] Volt Switch\n|-enditem|p2a: Volcarona|Electric Seed\n|-boost|p2a: Volcarona|def|1|[from] item: Electric Seed\n|move|p1b: Incineroar|Knock Off|p2a: Volcarona\n|-damage|p2a: Volcarona|81/100\n|\n|upkeep\n|turn|3\n|\n|t:|1773684346\n|switch|p1a: Terapagos|Terapagos, L50, M|100/100\n|-activate|p1a: Terapagos|ability: Tera Shift\n|detailschange|p1a: Terapagos|Terapagos-Terastal, L50, M\n|-heal|p1a: Terapagos|100/100|[silent]\n|move|p2b: Grimmsnarl|Thunder Wave|p1a: Terapagos\n|-status|p1a: Terapagos|par\n|move|p2a: Volcarona|Fiery Dance|p1a: Terapagos\n|-activate|p1a: Terapagos|ability: Tera Shell\n|-resisted|p1a: Terapagos\n|-damage|p1a: Terapagos|87/100 par\n|move|p1b: Incineroar|Parting Shot|p2a: Volcarona\n|-unboost|p2a: Volcarona|atk|1\n|-unboost|p2a: Volcarona|spa|1\n|\n|t:|1773684357\n|switch|p1b: Ogerpon|Ogerpon-Cornerstone, L50, F|100/100|[from] Parting Shot\n|\n|-heal|p1a: Terapagos|93/100 par|[from] item: Leftovers\n|upkeep\n|turn|4\n|\n|t:|1773684380\n|move|p1b: Ogerpon|Spiky Shield|p1b: Ogerpon\n|-singleturn|p1b: Ogerpon|move: Protect\n|move|p2a: Volcarona|Fiery Dance|p1b: Ogerpon\n|-activate|p1b: Ogerpon|move: Protect\n|move|p2b: Grimmsnarl|Spirit Break|p1a: Terapagos\n|-damage|p1a: Terapagos|79/100 par\n|-unboost|p1a: Terapagos|spa|1\n|move|p1a: Terapagos|Calm Mind|p1a: Terapagos\n|-boost|p1a: Terapagos|spa|1\n|-boost|p1a: Terapagos|spd|1\n|\n|-heal|p1a: Terapagos|85/100 par|[from] item: Leftovers\n|upkeep\n|turn|5\n|\n|t:|1773684401\n|move|p1b: Ogerpon|Ivy Cudgel|p2b: Grimmsnarl|[anim] Ivy Cudgel Rock\n|-damage|p2b: Grimmsnarl|0 fnt\n|faint|p2b: Grimmsnarl\n|move|p2a: Volcarona|Fiery Dance|p1b: Ogerpon\n|-damage|p1b: Ogerpon|72/100\n|-boost|p2a: Volcarona|spa|1\n|cant|p1a: Terapagos|par\n|\n|-heal|p1a: Terapagos|91/100 par|[from] item: Leftovers\n|-fieldend|move: Electric Terrain\n|upkeep\n|\n|t:|1773684409\n|switch|p2b: Calyrex|Calyrex-Ice, L50|100/100\n|-ability|p2b: Calyrex|As One\n|-ability|p2b: Calyrex|Unnerve\n|turn|6\n|\n|t:|1773684431\n|switch|p2a: Miraidon|Miraidon, L50|76/100\n|-fieldstart|move: Electric Terrain|[from] ability: Hadron Engine|[of] p2a: Miraidon\n|-terastallize|p2b: Calyrex|Fairy\n|move|p1b: Ogerpon|Ivy Cudgel|p2b: Calyrex|[anim] Ivy Cudgel Rock\n|-damage|p2b: Calyrex|63/100\n|move|p2b: Calyrex|Leech Seed|p1a: Terapagos\n|-start|p1a: Terapagos|move: Leech Seed\n|cant|p1a: Terapagos|par\n|\n|-heal|p2b: Calyrex|69/100|[from] item: Leftovers\n|-heal|p1a: Terapagos|97/100 par|[from] item: Leftovers\n|-damage|p1a: Terapagos|85/100 par|[from] Leech Seed|[of] p2b: Calyrex\n|-heal|p2b: Calyrex|80/100|[silent]\n|upkeep\n|turn|7\n|\n|t:|1773684450\n|-terastallize|p1a: Terapagos|Stellar\n|detailschange|p1a: Terapagos|Terapagos-Stellar, L50, M, tera:Stellar\n|-heal|p1a: Terapagos|89/100 par|[silent]\n|-ability|p1a: Terapagos|Teraform Zero\n|-fieldend|move: Electric Terrain\n|move|p1b: Ogerpon|Spiky Shield|p1b: Ogerpon\n|-singleturn|p1b: Ogerpon|move: Protect\n|move|p2a: Miraidon|Volt Switch|p1a: Terapagos\n|-damage|p1a: Terapagos|71/100 par\n|\n|t:|1773684460\n|switch|p2a: Volcarona|Volcarona, L50, F, shiny|81/100|[from] Volt Switch\n|move|p2b: Calyrex|Glacial Lance|p1a: Terapagos|[spread] p1a\n|-activate|p1b: Ogerpon|move: Protect\n|-damage|p1a: Terapagos|46/100 par\n|move|p1a: Terapagos|Tera Starstorm|p2b: Calyrex|[spread] p2a,p2b\n|-supereffective|p2b: Calyrex\n|-damage|p2a: Volcarona|59/100\n|-damage|p2b: Calyrex|55/100\n|\n|-heal|p2b: Calyrex|60/100|[from] item: Leftovers\n|-heal|p1a: Terapagos|52/100 par|[from] item: Leftovers\n|-damage|p1a: Terapagos|40/100 par|[from] Leech Seed|[of] p2b: Calyrex\n|-heal|p2b: Calyrex|76/100|[silent]\n|upkeep\n|turn|8\n|\n|t:|1773684480\n|switch|p1a: Incineroar|Incineroar, L50, M|29/100\n|-ability|p1a: Incineroar|Intimidate|boost\n|-unboost|p2a: Volcarona|atk|1\n|-unboost|p2b: Calyrex|atk|1\n|move|p1b: Ogerpon|Ivy Cudgel|p2a: Volcarona|[anim] Ivy Cudgel Rock\n|-supereffective|p2a: Volcarona\n|-damage|p2a: Volcarona|0 fnt\n|faint|p2a: Volcarona\n|move|p2b: Calyrex|Glacial Lance|p1b: Ogerpon|[spread] p1a,p1b\n|-resisted|p1a: Incineroar\n|-supereffective|p1b: Ogerpon\n|-damage|p1a: Incineroar|19/100\n|-damage|p1b: Ogerpon|7/100\n|\n|-heal|p2b: Calyrex|82/100|[from] item: Leftovers\n|upkeep\n|\n|t:|1773684487\n|switch|p2a: Miraidon|Miraidon, L50|76/100\n|-fieldstart|move: Electric Terrain|[from] ability: Hadron Engine|[of] p2a: Miraidon\n|turn|9\n|\n|t:|1773684501\n|move|p1a: Incineroar|Fake Out|p2a: Miraidon\n|-damage|p2a: Miraidon|67/100\n|cant|p2a: Miraidon|flinch\n|move|p1b: Ogerpon|Ivy Cudgel|p2a: Miraidon|[anim] Ivy Cudgel Rock\n|-damage|p2a: Miraidon|19/100\n|move|p2b: Calyrex|Glacial Lance|p1a: Incineroar|[spread] p1a,p1b\n|-resisted|p1a: Incineroar\n|-supereffective|p1b: Ogerpon\n|-damage|p1a: Incineroar|8/100\n|-damage|p1b: Ogerpon|0 fnt\n|faint|p1b: Ogerpon\n|-ability|p2b: Calyrex|Chilling Neigh|boost\n|-boost|p2b: Calyrex|atk|1\n|\n|-heal|p2b: Calyrex|87/100|[from] item: Leftovers\n|-sideend|p2: Billlmads|move: Light Screen\n|upkeep\n|\n|t:|1773684510\n|switch|p1b: Calyrex|Calyrex-Shadow, L50|19/100\n|-ability|p1b: Calyrex|As One\n|-ability|p1b: Calyrex|Unnerve\n|turn|10\n|\n|t:|1773684518\n|move|p1b: Calyrex|Will-O-Wisp|p2a: Miraidon\n|-status|p2a: Miraidon|brn\n|move|p2a: Miraidon|Snarl|p1a: Incineroar|[spread] p1a,p1b\n|-resisted|p1a: Incineroar\n|-supereffective|p1b: Calyrex\n|-damage|p1a: Incineroar|0 fnt\n|-damage|p1b: Calyrex|0 fnt\n|faint|p1a: Incineroar\n|faint|p1b: Calyrex\n|move|p2b: Calyrex|Glacial Lance|p1: Incineroar|[notarget]\n|-fail|p2b: Calyrex\n|\n|-heal|p2b: Calyrex|93/100|[from] item: Leftovers\n|-damage|p2a: Miraidon|13/100 brn|[from] brn\n|upkeep\n|-message|PATRIOTS_VG forfeited.\n|\n|win|Billlmads\n|raw|PATRIOTS_VG's rating: 1502 &rarr; <strong>1482</strong><br />(-20 for losing)\n|raw|Billlmads's rating: 1500 &rarr; <strong>1520</strong><br />(+20 for winning)\n|l|\u2606PATRIOTS_VG\n|player|p1|\n","uploadtime":1773684697,"views":11,"formatid":"gen9vgc2026regi","rating":1482,"private":0,"password":null}