{"id":"gen9vgc2026regi-2583735849","format":"[Gen 9] VGC 2026 Reg I","players":["Ladder Dude 01","FRESHmustard"],"log":"|j|\u2606Ladder Dude 01\n|j|\u2606FRESHmustard\n|t:|1776194173\n|gametype|doubles\n|player|p1|Ladder Dude 01|giovanni|1363\n|player|p2|FRESHmustard|170|1358\n|gen|9\n|tier|[Gen 9] VGC 2026 Reg I\n|rated|\n|rule|Species Clause: Limit one of each Pok\u00e9mon\n|rule|Item Clause: Limit 1 of each item\n|clearpoke\n|poke|p1|Calyrex-Shadow, L50|\n|poke|p1|Zamazenta-*, L50|\n|poke|p1|Chien-Pao, L50|\n|poke|p1|Dragonite, L50, F|\n|poke|p1|Raging Bolt, L50|\n|poke|p1|Amoonguss, L50, F|\n|poke|p2|Lunala, L50|\n|poke|p2|Ursaluna, L50, F|\n|poke|p2|Urshifu-*, L50, M|\n|poke|p2|Miraidon, L50|\n|poke|p2|Grimmsnarl, L50, M|\n|poke|p2|Incineroar, L50, F|\n|teampreview|4\n|inactive|Battle timer is ON: inactive players will automatically lose when time's up. (requested by Ladder Dude 01)\n|j| kurwa mac123\n|\n|t:|1776194201\n|teamsize|p1|4\n|teamsize|p2|4\n|start\n|switch|p1a: Pao|Chien-Pao, L50|100/100\n|switch|p1b: Nite|Dragonite, L50, F|100/100\n|switch|p2a: Incineroar|Incineroar, L50, F|100/100\n|switch|p2b: Lunala|Lunala, L50|100/100\n|-ability|p1a: Pao|Sword of Ruin\n|-ability|p2a: Incineroar|Intimidate|boost\n|-unboost|p1a: Pao|atk|1\n|-fail|p1b: Nite|unboost|Attack|[from] ability: Inner Focus|[of] p1b: Nite\n|turn|1\n|inactive|Ladder Dude 01 has 30 seconds left.\n|\n|t:|1776194230\n|switch|p1b: Moster|Amoonguss, L50, F, shiny|100/100\n|move|p2a: Incineroar|Fake Out|p1a: Pao\n|-damage|p1a: Pao|85/100\n|cant|p1a: Pao|flinch\n|move|p2b: Lunala|Trick Room|p2b: Lunala\n|-fieldstart|move: Trick Room|[of] p2b: Lunala\n|\n|upkeep\n|turn|2\n|inactive|Ladder Dude 01 has 30 seconds left.\n|\n|t:|1776194260\n|switch|p2b: Ursaluna|Ursaluna, L50, F|100/100\n|move|p1b: Moster|Sludge Bomb|p2b: Ursaluna\n|-resisted|p2b: Ursaluna\n|-damage|p2b: Ursaluna|87/100\n|move|p2a: Incineroar|Knock Off|p1b: Moster\n|-damage|p1b: Moster|57/100\n|-damage|p2a: Incineroar|84/100|[from] item: Rocky Helmet|[of] p1b: Moster\n|-enditem|p1b: Moster|Rocky Helmet|[from] move: Knock Off|[of] p2a: Incineroar\n|move|p1a: Pao|Ice Spinner|p2b: Ursaluna\n|-supereffective|p2b: Ursaluna\n|-damage|p2b: Ursaluna|36/100\n|\n|-status|p2b: Ursaluna|brn|[from] item: Flame Orb\n|upkeep\n|turn|3\n|inactive|FRESHmustard has 30 seconds left.\n|\n|t:|1776194288\n|switch|p1a: Nite|Dragonite, L50, F|100/100\n|move|p1b: Moster|Protect|p1b: Moster\n|-singleturn|p1b: Moster|Protect\n|move|p2b: Ursaluna|Facade|p1a: Nite\n|-damage|p1a: Nite|0 fnt\n|faint|p1a: Nite\n|move|p2a: Incineroar|Knock Off|p1b: Moster\n|-activate|p1b: Moster|move: Protect\n|\n|-damage|p2b: Ursaluna|31/100 brn|[from] brn\n|upkeep\n|\n|t:|1776194302\n|switch|p1a: Pao|Chien-Pao, L50|85/100\n|-ability|p1a: Pao|Sword of Ruin\n|turn|4\n|\n|t:|1776194317\n|move|p1a: Pao|Sucker Punch|p2b: Ursaluna\n|-damage|p2b: Ursaluna|0 fnt\n|faint|p2b: Ursaluna\n|move|p1b: Moster|Spore|p2a: Incineroar\n|-status|p2a: Incineroar|slp|[from] move: Spore\n|cant|p2a: Incineroar|slp\n|\n|upkeep\n|\n|t:|1776194328\n|switch|p2b: Miraidon|Miraidon, L50|100/100\n|-fieldstart|move: Electric Terrain|[from] ability: Hadron Engine|[of] p2b: Miraidon\n|turn|5\n|\n|t:|1776194343\n|switch|p2a: Lunala|Lunala, L50|100/100\n|-enditem|p2a: Lunala|Electric Seed\n|-boost|p2a: Lunala|def|1|[from] item: Electric Seed\n|-terastallize|p2b: Miraidon|Electric\n|move|p1b: Moster|Protect|p1b: Moster\n|-singleturn|p1b: Moster|Protect\n|move|p2b: Miraidon|Electro Drift|p1a: Pao\n|-damage|p1a: Pao|0 fnt\n|faint|p1a: Pao\n|\n|-fieldend|move: Trick Room\n|upkeep\n|\n|t:|1776194353\n|switch|p1a: Cudo|Zamazenta-Crowned, L50|100/100\n|-ability|p1a: Cudo|Dauntless Shield|boost\n|-boost|p1a: Cudo|def|1\n|turn|6\n|l| kurwa mac123\n|\n|t:|1776194370\n|-terastallize|p1a: Cudo|Dragon\n|move|p2b: Miraidon|Electro Drift|p1a: Cudo\n|-resisted|p1a: Cudo\n|-damage|p1a: Cudo|55/100\n|move|p1a: Cudo|Body Press|p2b: Miraidon\n|-damage|p2b: Miraidon|44/100\n|move|p2a: Lunala|Moongeist Beam|p1a: Cudo\n|-damage|p1a: Cudo|18/100\n|move|p1b: Moster|Sludge Bomb|p2a: Lunala\n|-resisted|p2a: Lunala\n|-damage|p2a: Lunala|96/100\n|\n|upkeep\n|turn|7\n|inactive|FRESHmustard has 30 seconds left.\n|\n|t:|1776194398\n|move|p1b: Moster|Rage Powder|p1b: Moster\n|-singleturn|p1b: Moster|move: Rage Powder\n|move|p2b: Miraidon|Electro Drift|p1b: Moster\n|-resisted|p1b: Moster\n|-damage|p1b: Moster|5/100\n|move|p1a: Cudo|Body Press|p2b: Miraidon\n|-damage|p2b: Miraidon|0 fnt\n|faint|p2b: Miraidon\n|move|p2a: Lunala|Moongeist Beam|p1b: Moster\n|-damage|p1b: Moster|0 fnt\n|faint|p1b: Moster\n|\n|upkeep\n|\n|t:|1776194403\n|switch|p2b: Incineroar|Incineroar, L50, F|84/100 slp\n|-ability|p2b: Incineroar|Intimidate|boost\n|-unboost|p1a: Cudo|atk|1\n|turn|8\n|\n|t:|1776194415\n|move|p1a: Cudo|Heavy Slam|p2a: Lunala\n|-damage|p2a: Lunala|80/100\n|move|p2a: Lunala|Moongeist Beam|p1a: Cudo\n|-damage|p1a: Cudo|0 fnt\n|faint|p1a: Cudo\n|\n|win|FRESHmustard\n|raw|Ladder Dude 01's rating: 1363 &rarr; <strong>1343</strong><br />(-20 for losing)\n|raw|FRESHmustard's rating: 1358 &rarr; <strong>1378</strong><br />(+20 for winning)\n","uploadtime":1776194423,"views":12,"formatid":"gen9vgc2026regi","rating":1343,"private":0,"password":null}