{"id":"gen9vgc2026regi-2522722499","format":"[Gen 9] VGC 2026 Reg I","players":["Bman311","ice spice rider"],"log":"|j|\u2606Bman311\n|j|\u2606ice spice rider\n|html|<table width=\"100%\"><tr><td align=\"left\">Bman311</td><td align=\"right\">ice spice rider</tr><tr><td align=\"left\"><i class=\"fa fa-circle-o\"></i> <i class=\"fa fa-circle-o\"></i> </td><td align=\"right\"><i class=\"fa fa-circle-o\"></i> <i class=\"fa fa-circle-o\"></i> </tr></table>\n|uhtml|bestof|<h2><strong>Game 1</strong> of <a href=\"/game-bestof3-gen9vgc2026regi-2522722498\">a best-of-3</a></h2>\n|t:|1768937951\n|gametype|doubles\n|player|p1|Bman311|cynthia-gen7|\n|player|p2|ice spice rider|2|\n|gen|9\n|tier|[Gen 9] VGC 2026 Reg I\n|rated|Tournament battle\n|rule|Species Clause: Limit one of each Pok\u00e9mon\n|rule|Item Clause: Limit 1 of each item\n|raw|<div class=\"infobox\"><details class=\"readmore\" open><summary><strong>4 custom rules:</strong></summary> Open Team Sheets, Force Open Team Sheets, !Open Team Sheets, Best of = 3</details></div>\n|clearpoke\n|poke|p1|Calyrex-Shadow, L50|\n|poke|p1|Zamazenta-*, L50|\n|poke|p1|Maushold-Four, L50|\n|poke|p1|Rillaboom, L50, F|\n|poke|p1|Incineroar, L50, M|\n|poke|p1|Raging Bolt, L50|\n|poke|p2|Calyrex-Shadow, L50|\n|poke|p2|Zamazenta-*, L50|\n|poke|p2|Ting-Lu, L50|\n|poke|p2|Dondozo, L50, M|\n|poke|p2|Chien-Pao, L50|\n|poke|p2|Ogerpon-Hearthflame, L50, F|\n|teampreview|4\n|showteam|p1|Calyrex-Shadow||LifeOrb|AsOneSpectrier|AstralBarrage,Psychic,NastyPlot,Protect||||||50|,,,,,Dark]Zamazenta-Crowned||RustedShield|DauntlessShield|BodyPress,behemothbash,WideGuard,Protect||||||50|,,,,,Dragon]Maushold-Four||FocusSash|FriendGuard|FollowMe,HelpingHand,Feint,Taunt||||||50|,,,,,Ghost]Rillaboom||AssaultVest|GrassySurge|FakeOut,WoodHammer,GrassyGlide,Uturn|||F|||50|,,,,,Fire]Incineroar||SafetyGoggles|Intimidate|FakeOut,KnockOff,FlareBlitz,PartingShot|||M|||50|,,,,,Water]Raging Bolt||BoosterEnergy|Protosynthesis|Thunderbolt,DracoMeteor,Thunderclap,Protect||||||50|,,,,,Electric\n|showteam|p2|Calyrex-Shadow||FocusSash|AsOneSpectrier|Protect,AstralBarrage,Psychic,Encore||||||50|,,,,,Ghost]Zamazenta-Crowned||RustedShield|DauntlessShield|Protect,BodyPress,HeavySlam,WideGuard||||||50|,,,,,Dragon]Ting-Lu||RockyHelmet|VesselofRuin|Protect,SandTomb,Ruination,StealthRock||||||50|,,,,,Fairy]Dondozo||Leftovers|Oblivious|Protect,Yawn,WaveCrash,Substitute|||M|||50|,,,,,Dragon]Chien-Pao||LifeOrb|SwordofRuin|IceSpinner,ThroatChop,SuckerPunch,IceShard||||||50|,,,,,Stellar]Ogerpon-Hearthflame||HearthflameMask|MoldBreaker|SpikyShield,IvyCudgel,WoodHammer,FollowMe|||F|||50|,,,,,Fire\n|inactive|Battle timer is ON: inactive players will automatically lose when time's up. (requested by Bman311)\n|c|\u2606ice spice rider|brb, can we pls stop the timer\n|inactive|ice spice rider has 60 seconds left.\n|j| Ursaqueen\n|l| Ursaqueen\n|\n|t:|1768937996\n|teamsize|p1|4\n|teamsize|p2|4\n|start\n|switch|p1a: Zamazenta|Zamazenta-Crowned, L50|100/100\n|switch|p1b: Maushold|Maushold-Four, L50|100/100\n|switch|p2a: Jordan 96/97|Ting-Lu, L50|100/100\n|switch|p2b: Ivan Karamazov|Dondozo, L50, M|100/100\n|-ability|p1a: Zamazenta|Dauntless Shield|boost\n|-boost|p1a: Zamazenta|def|1\n|-ability|p2a: Jordan 96/97|Vessel of Ruin\n|turn|1\n|inactive|Bman311 has 30 seconds left.\n|inactive|Bman311 has 20 seconds left.\n|j| GoogleDad\n|inactive|Bman311 has 15 seconds left.\n|\n|t:|1768938037\n|-terastallize|p2a: Jordan 96/97|Fairy\n|move|p1b: Maushold|Follow Me|p1b: Maushold\n|-singleturn|p1b: Maushold|move: Follow Me\n|move|p1a: Zamazenta|Body Press|p2b: Ivan Karamazov\n|-damage|p2b: Ivan Karamazov|58/100\n|move|p2a: Jordan 96/97|Sand Tomb|p1b: Maushold|[miss]\n|-miss|p2a: Jordan 96/97|p1b: Maushold\n|move|p2b: Ivan Karamazov|Yawn|p1b: Maushold\n|-start|p1b: Maushold|move: Yawn|[of] p2b: Ivan Karamazov\n|\n|-heal|p2b: Ivan Karamazov|65/100|[from] item: Leftovers\n|upkeep\n|turn|2\n|j| Albrtix\n|\n|t:|1768938055\n|move|p1b: Maushold|Feint|p2a: Jordan 96/97\n|-damage|p2a: Jordan 96/97|97/100\n|move|p1a: Zamazenta|Behemoth Bash|p2a: Jordan 96/97\n|-supereffective|p2a: Jordan 96/97\n|-damage|p2a: Jordan 96/97|57/100\n|-damage|p1a: Zamazenta|84/100|[from] item: Rocky Helmet|[of] p2a: Jordan 96/97\n|move|p2a: Jordan 96/97|Stealth Rock|p1a: Zamazenta\n|-sidestart|p1: Bman311|move: Stealth Rock\n|move|p2b: Ivan Karamazov|Substitute|p2b: Ivan Karamazov\n|-start|p2b: Ivan Karamazov|Substitute\n|-damage|p2b: Ivan Karamazov|40/100\n|\n|-heal|p2b: Ivan Karamazov|46/100|[from] item: Leftovers\n|-end|p1b: Maushold|move: Yawn|[silent]\n|-status|p1b: Maushold|slp\n|upkeep\n|turn|3\n|inactive|Bman311 has 30 seconds left.\n|\n|t:|1768938089\n|switch|p1b: Incineroar|Incineroar, L50, M|100/100\n|-damage|p1b: Incineroar|76/100|[from] Stealth Rock\n|-ability|p1b: Incineroar|Intimidate|boost\n|-unboost|p2a: Jordan 96/97|atk|1\n|-immune|p2b: Ivan Karamazov\n|move|p1a: Zamazenta|Protect|p1a: Zamazenta\n|-singleturn|p1a: Zamazenta|Protect\n|move|p2a: Jordan 96/97|Sand Tomb|p1b: Incineroar\n|-supereffective|p1b: Incineroar\n|-damage|p1b: Incineroar|61/100\n|-activate|p1b: Incineroar|move: Sand Tomb|[of] p2a: Jordan 96/97\n|move|p2b: Ivan Karamazov|Yawn|p1a: Zamazenta\n|-activate|p1a: Zamazenta|move: Protect\n|\n|-heal|p2b: Ivan Karamazov|52/100|[from] item: Leftovers\n|-damage|p1b: Incineroar|49/100|[from] move: Sand Tomb|[partiallytrapped]\n|upkeep\n|turn|4\n|\n|t:|1768938105\n|move|p1a: Zamazenta|Behemoth Bash|p2a: Jordan 96/97\n|-supereffective|p2a: Jordan 96/97\n|-damage|p2a: Jordan 96/97|14/100\n|-damage|p1a: Zamazenta|67/100|[from] item: Rocky Helmet|[of] p2a: Jordan 96/97\n|move|p1b: Incineroar|Parting Shot|p2a: Jordan 96/97\n|-unboost|p2a: Jordan 96/97|atk|1\n|-unboost|p2a: Jordan 96/97|spa|1\n|\n|t:|1768938109\n|switch|p1b: Calyrex|Calyrex-Shadow, L50|100/100|[from] Parting Shot\n|-ability|p1b: Calyrex|As One\n|-ability|p1b: Calyrex|Unnerve\n|-damage|p1b: Calyrex|88/100|[from] Stealth Rock\n|move|p2a: Jordan 96/97|Sand Tomb|p1a: Zamazenta\n|-supereffective|p1a: Zamazenta\n|-damage|p1a: Zamazenta|61/100\n|-activate|p1a: Zamazenta|move: Sand Tomb|[of] p2a: Jordan 96/97\n|move|p2b: Ivan Karamazov|Yawn|p1a: Zamazenta\n|-start|p1a: Zamazenta|move: Yawn|[of] p2b: Ivan Karamazov\n|\n|-heal|p2b: Ivan Karamazov|58/100|[from] item: Leftovers\n|-damage|p1a: Zamazenta|49/100|[from] move: Sand Tomb|[partiallytrapped]\n|upkeep\n|turn|5\n|inactive|ice spice rider has 30 seconds left.\n|\n|t:|1768938134\n|move|p2a: Jordan 96/97|Protect|p2a: Jordan 96/97\n|-singleturn|p2a: Jordan 96/97|Protect\n|move|p2b: Ivan Karamazov|Protect|p2b: Ivan Karamazov\n|-singleturn|p2b: Ivan Karamazov|Protect\n|move|p1b: Calyrex|Astral Barrage|p2a: Jordan 96/97|[spread] \n|-activate|p2a: Jordan 96/97|move: Protect\n|-activate|p2b: Ivan Karamazov|move: Protect\n|move|p1a: Zamazenta|Body Press|p2b: Ivan Karamazov\n|-activate|p2b: Ivan Karamazov|move: Protect\n|\n|-heal|p2b: Ivan Karamazov|65/100|[from] item: Leftovers\n|-damage|p1a: Zamazenta|36/100|[from] move: Sand Tomb|[partiallytrapped]\n|-end|p1a: Zamazenta|move: Yawn|[silent]\n|-status|p1a: Zamazenta|slp\n|upkeep\n|turn|6\n|\n|t:|1768938149\n|move|p1b: Calyrex|Protect|p1b: Calyrex\n|-singleturn|p1b: Calyrex|Protect\n|cant|p1a: Zamazenta|slp\n|move|p2a: Jordan 96/97|Ruination|p1a: Zamazenta\n|-damage|p1a: Zamazenta|19/100 slp\n|move|p2b: Ivan Karamazov|Wave Crash|p1b: Calyrex\n|-activate|p1b: Calyrex|move: Protect\n|\n|-heal|p2b: Ivan Karamazov|71/100|[from] item: Leftovers\n|-damage|p1a: Zamazenta|6/100 slp|[from] move: Sand Tomb|[partiallytrapped]\n|upkeep\n|turn|7\n|\n|t:|1768938160\n|move|p2a: Jordan 96/97|Protect|p2a: Jordan 96/97\n|-singleturn|p2a: Jordan 96/97|Protect\n|move|p1b: Calyrex|Astral Barrage|p2b: Ivan Karamazov|[spread] p2b\n|-activate|p2a: Jordan 96/97|move: Protect\n|-end|p2b: Ivan Karamazov|Substitute\n|-damage|p1b: Calyrex|79/100|[from] item: Life Orb\n|-curestatus|p1a: Zamazenta|slp|[msg]\n|move|p1a: Zamazenta|Body Press|p2b: Ivan Karamazov\n|-damage|p2b: Ivan Karamazov|27/100\n|move|p2b: Ivan Karamazov|Yawn|p1b: Calyrex\n|-start|p1b: Calyrex|move: Yawn|[of] p2b: Ivan Karamazov\n|\n|-heal|p2b: Ivan Karamazov|34/100|[from] item: Leftovers\n|-damage|p1a: Zamazenta|0 fnt|[from] move: Sand Tomb|[partiallytrapped]\n|faint|p1a: Zamazenta\n|upkeep\n|\n|t:|1768938166\n|switch|p1a: Incineroar|Incineroar, L50, M|49/100\n|-damage|p1a: Incineroar|24/100|[from] Stealth Rock\n|-ability|p1a: Incineroar|Intimidate|boost\n|-unboost|p2a: Jordan 96/97|atk|1\n|-fail|p2b: Ivan Karamazov|unboost|Attack|[from] ability: Oblivious|[of] p2b: Ivan Karamazov\n|turn|8\n|\n|t:|1768938178\n|switch|p1b: Maushold|Maushold-Four, L50|100/100 slp\n|-damage|p1b: Maushold|88/100 slp|[from] Stealth Rock\n|move|p1a: Incineroar|Parting Shot|p2b: Ivan Karamazov\n|-unboost|p2b: Ivan Karamazov|atk|1\n|-unboost|p2b: Ivan Karamazov|spa|1\n|inactive|Bman311 has 30 seconds left.\n|\n|t:|1768938207\n|switch|p1a: Calyrex|Calyrex-Shadow, L50|79/100|[from] Parting Shot\n|-ability|p1a: Calyrex|As One\n|-ability|p1a: Calyrex|Unnerve\n|-damage|p1a: Calyrex|66/100|[from] Stealth Rock\n|move|p2a: Jordan 96/97|Ruination|p1b: Maushold\n|-damage|p1b: Maushold|45/100 slp\n|move|p2b: Ivan Karamazov|Yawn|p1a: Calyrex\n|-start|p1a: Calyrex|move: Yawn|[of] p2b: Ivan Karamazov\n|\n|-heal|p2b: Ivan Karamazov|40/100|[from] item: Leftovers\n|upkeep\n|turn|9\n|inactive|Bman311 has 30 seconds left.\n|\n|t:|1768938239\n|switch|p1a: Incineroar|Incineroar, L50, M|24/100\n|-damage|p1a: Incineroar|0 fnt|[from] Stealth Rock\n|faint|p1a: Incineroar\n|cant|p1b: Maushold|slp\n|move|p2a: Jordan 96/97|Sand Tomb|p1b: Maushold\n|-damage|p1b: Maushold|38/100 slp\n|-activate|p1b: Maushold|move: Sand Tomb|[of] p2a: Jordan 96/97\n|move|p2b: Ivan Karamazov|Wave Crash|p1b: Maushold\n|-damage|p1b: Maushold|3/100 slp\n|-damage|p2b: Ivan Karamazov|32/100|[from] Recoil\n|\n|-heal|p2b: Ivan Karamazov|38/100|[from] item: Leftovers\n|-damage|p1b: Maushold|0 fnt|[from] move: Sand Tomb|[partiallytrapped]\n|faint|p1b: Maushold\n|upkeep\n|\n|t:|1768938242\n|switch|p1b: Calyrex|Calyrex-Shadow, L50|66/100\n|-ability|p1b: Calyrex|As One\n|-ability|p1b: Calyrex|Unnerve\n|-damage|p1b: Calyrex|54/100|[from] Stealth Rock\n|turn|10\n|inactive|ice spice rider has 30 seconds left.\n|inactive|ice spice rider has 20 seconds left.\n|c|\u2606ice spice rider|the scary part, this is still losable :(\n|inactive|ice spice rider has 15 seconds left.\n|inactive|ice spice rider has 10 seconds left.\n|\n|t:|1768938292\n|move|p1b: Calyrex|Astral Barrage|p2b: Ivan Karamazov|[spread] p2a,p2b\n|-damage|p2a: Jordan 96/97|0 fnt\n|-damage|p2b: Ivan Karamazov|3/100\n|faint|p2a: Jordan 96/97\n|-ability|p1b: Calyrex|Grim Neigh|boost\n|-boost|p1b: Calyrex|spa|1\n|-damage|p1b: Calyrex|45/100|[from] item: Life Orb\n|move|p2b: Ivan Karamazov|Wave Crash|p1b: Calyrex\n|-damage|p1b: Calyrex|17/100\n|-damage|p2b: Ivan Karamazov|0 fnt|[from] Recoil\n|faint|p2b: Ivan Karamazov\n|\n|upkeep\n|\n|t:|1768938301\n|switch|p2a: 221 speed|Calyrex-Shadow, L50|100/100\n|switch|p2b: Magnus Carlsen|Zamazenta-Crowned, L50|100/100\n|-ability|p2a: 221 speed|As One\n|-ability|p2a: 221 speed|Unnerve\n|-ability|p2b: Magnus Carlsen|Dauntless Shield|boost\n|-boost|p2b: Magnus Carlsen|def|1\n|turn|11\n|c|\u2606ice spice rider|oh maybe not, dozo my goat\n|-message|Bman311 forfeited.\n|\n|win|ice spice rider\n||Bman311 is ready for game 2.\n||ice spice rider is ready for game 2.\n|uhtml|next|Next: <a href=\"/battle-gen9vgc2026regi-2522726566\"><strong>Game 2 of 3</strong></a>\n|l|\u2606Bman311\n|player|p1|\n|l| GoogleDad\n","uploadtime":1768938631,"views":14,"formatid":"gen9vgc2026regi","rating":null,"private":0,"password":null}