{"id":"gen9vgc2026regi-2566726247","format":"[Gen 9] VGC 2026 Reg I","players":["omlette_au_fromage","mlbd1"],"log":"|j|\u2606omlette_au_fromage\n|j|\u2606mlbd1\n|t:|1774402364\n|gametype|doubles\n|player|p1|omlette_au_fromage|101|1258\n|player|p2|mlbd1|1|1225\n|gen|9\n|tier|[Gen 9] VGC 2026 Reg I\n|rated|\n|rule|Species Clause: Limit one of each Pok\u00e9mon\n|rule|Item Clause: Limit 1 of each item\n|clearpoke\n|poke|p1|Koraidon, L50|\n|poke|p1|Lunala, L50|\n|poke|p1|Flutter Mane, L50|\n|poke|p1|Brute Bonnet, L50|\n|poke|p1|Ursaluna, L50, F|\n|poke|p1|Chi-Yu, L50|\n|poke|p2|Miraidon, L50|\n|poke|p2|Farigiraf, L50, M|\n|poke|p2|Calyrex-Ice, L50|\n|poke|p2|Iron Hands, L50|\n|poke|p2|Ogerpon-Cornerstone, L50, F|\n|poke|p2|Volcarona, L50, M|\n|teampreview|4\n|inactive|Battle timer is ON: inactive players will automatically lose when time's up. (requested by mlbd1)\n|\n|t:|1774402393\n|teamsize|p1|4\n|teamsize|p2|4\n|start\n|switch|p1a: Koraidon|Koraidon, L50|100/100\n|switch|p1b: Flutter Mane|Flutter Mane, L50|100/100\n|switch|p2a: Miraidon|Miraidon, L50|100/100\n|switch|p2b: Calyrex|Calyrex-Ice, L50|100/100\n|-ability|p2b: Calyrex|As One\n|-ability|p2b: Calyrex|Unnerve\n|-fieldstart|move: Electric Terrain|[from] ability: Hadron Engine|[of] p2a: Miraidon\n|-weather|SunnyDay|[from] ability: Orichalcum Pulse|[of] p1a: Koraidon\n|-activate|p1b: Flutter Mane|ability: Protosynthesis\n|-start|p1b: Flutter Mane|protosynthesisspe\n|-activate|p1a: Koraidon|Orichalcum Pulse|[source]\n|turn|1\n|inactive|omlette_au_fromage has 30 seconds left.\n|\n|t:|1774402422\n|switch|p2a: Volcarona|Volcarona, L50, M|100/100\n|-terastallize|p1a: Koraidon|Fire\n|-terastallize|p2b: Calyrex|Fire\n|move|p1b: Flutter Mane|Shadow Ball|p2b: Calyrex\n|-damage|p2b: Calyrex|71/100\n|move|p1a: Koraidon|Close Combat|p2a: Volcarona\n|-resisted|p2a: Volcarona\n|-damage|p2a: Volcarona|46/100\n|-unboost|p1a: Koraidon|def|1\n|-unboost|p1a: Koraidon|spd|1\n|-damage|p1a: Koraidon|84/100|[from] item: Rocky Helmet|[of] p2a: Volcarona\n|-damage|p1a: Koraidon|74/100|[from] item: Life Orb\n|move|p2b: Calyrex|Trick Room|p2b: Calyrex\n|-fieldstart|move: Trick Room|[of] p2b: Calyrex\n|\n|-weather|SunnyDay|[upkeep]\n|upkeep\n|turn|2\n|inactive|omlette_au_fromage has 30 seconds left.\n|inactive|omlette_au_fromage has 20 seconds left.\n|inactive|omlette_au_fromage has 15 seconds left.\n|inactive|omlette_au_fromage has 10 seconds left.\n|\n|t:|1774402468\n|move|p2b: Calyrex|Glacial Lance|p1a: Koraidon|[spread] p1a,p1b\n|-resisted|p1a: Koraidon\n|-damage|p1a: Koraidon|36/100\n|-enditem|p1b: Flutter Mane|Focus Sash\n|-damage|p1b: Flutter Mane|1/100\n|move|p2a: Volcarona|Fiery Dance|p1b: Flutter Mane\n|-damage|p1b: Flutter Mane|0 fnt\n|-boost|p2a: Volcarona|spa|1\n|faint|p1b: Flutter Mane\n|-end|p1b: Flutter Mane|Protosynthesis|[silent]\n|move|p1a: Koraidon|Close Combat|p2b: Calyrex\n|-crit|p2b: Calyrex\n|-damage|p2b: Calyrex|0 fnt\n|-unboost|p1a: Koraidon|def|1\n|-unboost|p1a: Koraidon|spd|1\n|faint|p2b: Calyrex\n|-damage|p1a: Koraidon|27/100|[from] item: Life Orb\n|\n|-weather|SunnyDay|[upkeep]\n|upkeep\n|\n|t:|1774402484\n|switch|p2b: Ogerpon|Ogerpon-Cornerstone, L50, F|100/100\n|switch|p1b: Ursaluna|Ursaluna, L50, F|100/100\n|turn|3\n|\n|t:|1774402492\n|switch|p1a: Lunala|Lunala, L50|100/100\n|move|p1b: Ursaluna|Protect|p1b: Ursaluna\n|-singleturn|p1b: Ursaluna|Protect\n|move|p2a: Volcarona|Fiery Dance|p1a: Lunala\n|-damage|p1a: Lunala|73/100\n|move|p2b: Ogerpon|Power Whip|p1b: Ursaluna\n|-activate|p1b: Ursaluna|move: Protect\n|\n|-weather|SunnyDay|[upkeep]\n|-status|p1b: Ursaluna|brn|[from] item: Flame Orb\n|upkeep\n|turn|4\n|\n|t:|1774402513\n|move|p2a: Volcarona|Protect|p2a: Volcarona\n|-singleturn|p2a: Volcarona|Protect\n|move|p2b: Ogerpon|Spiky Shield|p2b: Ogerpon\n|-singleturn|p2b: Ogerpon|move: Protect\n|move|p1a: Lunala|Wide Guard|p1a: Lunala\n|-singleturn|p1a: Lunala|Wide Guard\n|move|p1b: Ursaluna|Earthquake|p2a: Volcarona|[spread] \n|-activate|p1a: Lunala|move: Wide Guard\n|-activate|p2a: Volcarona|move: Protect\n|-activate|p2b: Ogerpon|move: Protect\n|\n|-weather|SunnyDay|[upkeep]\n|-damage|p1b: Ursaluna|95/100 brn|[from] brn\n|upkeep\n|turn|5\n|inactive|omlette_au_fromage has 30 seconds left.\n|\n|t:|1774402548\n|switch|p1b: Koraidon|Koraidon, L50, tera:Fire|27/100\n|-activate|p1b: Koraidon|ability: Orichalcum Pulse\n|move|p2b: Ogerpon|Follow Me|p2b: Ogerpon\n|-singleturn|p2b: Ogerpon|move: Follow Me\n|move|p1a: Lunala|Meteor Beam||[still]\n|-prepare|p1a: Lunala|Meteor Beam\n|-boost|p1a: Lunala|spa|1\n|-enditem|p1a: Lunala|Power Herb\n|-anim|p1a: Lunala|Meteor Beam|p2b: Ogerpon\n|-damage|p2b: Ogerpon|22/100\n|move|p2a: Volcarona|Fiery Dance|p1b: Koraidon\n|-resisted|p1b: Koraidon\n|-damage|p1b: Koraidon|0 fnt\n|-boost|p2a: Volcarona|spa|1\n|faint|p1b: Koraidon\n|\n|-weather|none\n|-fieldend|move: Trick Room\n|-fieldend|move: Electric Terrain\n|upkeep\n|\n|t:|1774402564\n|switch|p1b: Ursaluna|Ursaluna, L50, F|95/100 brn\n|turn|6\n|\n|t:|1774402571\n|move|p1b: Ursaluna|Protect|p1b: Ursaluna\n|-singleturn|p1b: Ursaluna|Protect\n|move|p2b: Ogerpon|Ivy Cudgel|p1a: Lunala|[anim] Ivy Cudgel Rock\n|-damage|p1a: Lunala|20/100\n|move|p2a: Volcarona|Bug Buzz|p1a: Lunala\n|-damage|p1a: Lunala|0 fnt\n|faint|p1a: Lunala\n|\n|-damage|p1b: Ursaluna|89/100 brn|[from] brn\n|upkeep\n|turn|7\n|\n|t:|1774402581\n|move|p2b: Ogerpon|Spiky Shield|p2b: Ogerpon\n|-singleturn|p2b: Ogerpon|move: Protect\n|move|p2a: Volcarona|Protect|p2a: Volcarona\n|-singleturn|p2a: Volcarona|Protect\n|move|p1b: Ursaluna|Earthquake|p2b: Ogerpon|[spread] \n|-activate|p2a: Volcarona|move: Protect\n|-activate|p2b: Ogerpon|move: Protect\n|\n|-damage|p1b: Ursaluna|83/100 brn|[from] brn\n|upkeep\n|turn|8\n|-message|omlette_au_fromage forfeited.\n|\n|win|mlbd1\n|raw|omlette_au_fromage's rating: 1258 &rarr; <strong>1231</strong><br />(-27 for losing)\n|raw|mlbd1's rating: 1225 &rarr; <strong>1252</strong><br />(+27 for winning)\n|l|\u2606omlette_au_fromage\n|player|p1|\n|l|\u2606mlbd1\n|player|p2|\n","uploadtime":1774402862,"views":11,"formatid":"gen9vgc2026regi","rating":1231,"private":0,"password":null}