{"id":"gen9vgc2026regi-2515846125","format":"[Gen 9] VGC 2026 Reg I","players":["hello343","kojimuranishi"],"log":"|j|\u2606hello343\n|j|\u2606kojimuranishi\n|t:|1768050362\n|gametype|doubles\n|player|p1|hello343|265|1229\n|player|p2|kojimuranishi|266|1407\n|gen|9\n|tier|[Gen 9] VGC 2026 Reg I\n|rated|\n|rule|Species Clause: Limit one of each Pok\u00e9mon\n|rule|Item Clause: Limit 1 of each item\n|clearpoke\n|poke|p1|Koraidon, L50|\n|poke|p1|Lilligant-Hisui, L50, F|\n|poke|p1|Miraidon, L50|\n|poke|p1|Incineroar, L50, F|\n|poke|p1|Grimmsnarl, L50, M|\n|poke|p1|Hariyama, L50, M|\n|poke|p2|Raging Bolt, L50|\n|poke|p2|Calyrex-Ice, L50|\n|poke|p2|Kyogre, L50|\n|poke|p2|Indeedee-F, L50, F|\n|poke|p2|Landorus, L50, M|\n|poke|p2|Urshifu-*, L50, M|\n|teampreview|4\n|inactive|Battle timer is ON: inactive players will automatically lose when time's up. (requested by kojimuranishi)\n|\n|t:|1768050402\n|teamsize|p1|4\n|teamsize|p2|4\n|start\n|switch|p1a: Miraidon|Miraidon, L50|100/100\n|switch|p1b: Incineroar|Incineroar, L50, F|100/100\n|switch|p2a: Indeedee|Indeedee-F, L50, F|100/100\n|switch|p2b: Calyrex|Calyrex-Ice, L50|100/100\n|-ability|p2b: Calyrex|As One\n|-ability|p2b: Calyrex|Unnerve\n|-fieldstart|move: Electric Terrain|[from] ability: Hadron Engine|[of] p1a: Miraidon\n|-fieldstart|move: Psychic Terrain|[from] ability: Psychic Surge|[of] p2a: Indeedee\n|-ability|p1b: Incineroar|Intimidate|boost\n|-unboost|p2a: Indeedee|atk|1\n|-unboost|p2b: Calyrex|atk|1\n|turn|1\n|inactive|kojimuranishi has 30 seconds left.\n|\n|t:|1768050428\n|switch|p2b: Landorus|Landorus, L50, M|100/100\n|move|p1a: Miraidon|Volt Switch|p2b: Landorus\n|-immune|p2b: Landorus\n|move|p1b: Incineroar|Knock Off|p2b: Landorus\n|-damage|p2b: Landorus|39/100\n|-enditem|p2b: Landorus|Life Orb|[from] move: Knock Off|[of] p1b: Incineroar\n|move|p2a: Indeedee|Trick Room|p2a: Indeedee\n|-fieldstart|move: Trick Room|[of] p2a: Indeedee\n|\n|upkeep\n|turn|2\n|inactive|hello343 has 30 seconds left.\n|inactive|hello343 has 20 seconds left.\n|inactive|hello343 has 15 seconds left.\n|inactive|hello343 has 10 seconds left.\n|\n|t:|1768050475\n|switch|p1a: Hariyama|Hariyama, L50, M|100/100\n|move|p1b: Incineroar|Knock Off|p2a: Indeedee\n|-supereffective|p2a: Indeedee\n|-damage|p2a: Indeedee|0 fnt\n|-damage|p1b: Incineroar|84/100|[from] item: Rocky Helmet|[of] p2a: Indeedee\n|-enditem|p2a: Indeedee|Rocky Helmet|[from] move: Knock Off|[of] p1b: Incineroar\n|faint|p2a: Indeedee\n|move|p2b: Landorus|Sandsear Storm|p1a: Hariyama|[spread] p1a,p1b\n|-supereffective|p1b: Incineroar\n|-damage|p1a: Hariyama|43/100\n|-damage|p1b: Incineroar|18/100\n|\n|upkeep\n|\n|t:|1768050488\n|switch|p2a: Calyrex|Calyrex-Ice, L50|100/100\n|-ability|p2a: Calyrex|As One\n|-ability|p2a: Calyrex|Unnerve\n|turn|3\n|\n|t:|1768050504\n|move|p2b: Landorus|Protect|p2b: Landorus\n|-singleturn|p2b: Landorus|Protect\n|move|p1a: Hariyama|Wide Guard|p1a: Hariyama\n|-singleturn|p1a: Hariyama|Wide Guard\n|move|p2a: Calyrex|Leech Seed|p1a: Hariyama\n|-start|p1a: Hariyama|move: Leech Seed\n|move|p1b: Incineroar|U-turn|p2a: Calyrex\n|-supereffective|p2a: Calyrex\n|-damage|p2a: Calyrex|72/100\n|\n|t:|1768050515\n|switch|p1b: Koraidon|Koraidon, L50|100/100|[from] U-turn\n|-weather|SunnyDay|[from] ability: Orichalcum Pulse|[of] p1b: Koraidon\n|-activate|p1b: Koraidon|Orichalcum Pulse|[source]\n|\n|-weather|SunnyDay|[upkeep]\n|-heal|p2a: Calyrex|77/100|[from] item: Leftovers\n|-damage|p1a: Hariyama|31/100|[from] Leech Seed|[of] p2a: Calyrex\n|-heal|p2a: Calyrex|92/100|[silent]\n|upkeep\n|turn|4\n|\n|t:|1768050536\n|switch|p2a: Kyogre|Kyogre, L50|100/100\n|-weather|RainDance|[from] ability: Drizzle|[of] p2a: Kyogre\n|switch|p1a: Incineroar|Incineroar, L50, F|18/100\n|-ability|p1a: Incineroar|Intimidate|boost\n|-unboost|p2a: Kyogre|atk|1\n|-unboost|p2b: Landorus|atk|1\n|move|p1b: Koraidon|Protect|p1b: Koraidon\n|-singleturn|p1b: Koraidon|Protect\n|move|p2b: Landorus|Earth Power|p1b: Koraidon\n|-activate|p1b: Koraidon|move: Protect\n|\n|-weather|RainDance|[upkeep]\n|upkeep\n|turn|5\n|inactive|hello343 has 30 seconds left.\n|\n|t:|1768050565\n|move|p1a: Incineroar|Fake Out|p2a: Kyogre\n|-activate|p2a: Kyogre|move: Psychic Terrain\n|move|p2b: Landorus|Sandsear Storm|p1a: Incineroar|[spread] p1a,p1b\n|-supereffective|p1a: Incineroar\n|-damage|p1a: Incineroar|0 fnt\n|-damage|p1b: Koraidon|51/100\n|faint|p1a: Incineroar\n|move|p1b: Koraidon|Dragon Claw|p2b: Landorus\n|-damage|p2b: Landorus|0 fnt\n|faint|p2b: Landorus\n|move|p2a: Kyogre|Origin Pulse|p1b: Koraidon|[miss]\n|-miss|p2a: Kyogre|p1b: Koraidon\n|\n|-weather|RainDance|[upkeep]\n|-fieldend|move: Trick Room\n|-fieldend|move: Psychic Terrain\n|upkeep\n|\n|t:|1768050581\n|switch|p2b: Calyrex|Calyrex-Ice, L50|92/100\n|switch|p1a: Miraidon|Miraidon, L50|100/100\n|-ability|p2b: Calyrex|As One\n|-ability|p2b: Calyrex|Unnerve\n|-fieldstart|move: Electric Terrain|[from] ability: Hadron Engine|[of] p1a: Miraidon\n|turn|6\n|inactive|hello343 has 30 seconds left.\n|\n|t:|1768050613\n|switch|p1b: Hariyama|Hariyama, L50, M|31/100\n|move|p2a: Kyogre|Origin Pulse|p1b: Hariyama|[spread] p1a\n|-miss|p2a: Kyogre|p1b: Hariyama\n|-resisted|p1a: Miraidon\n|-damage|p1a: Miraidon|68/100\n|move|p1a: Miraidon|Volt Switch|p2b: Calyrex\n|-crit|p2b: Calyrex\n|-damage|p2b: Calyrex|18/100\n|\n|t:|1768050622\n|switch|p1a: Koraidon|Koraidon, L50|51/100|[from] Volt Switch\n|-weather|SunnyDay|[from] ability: Orichalcum Pulse|[of] p1a: Koraidon\n|-activate|p1a: Koraidon|Orichalcum Pulse|[source]\n|move|p2b: Calyrex|Trick Room|p2b: Calyrex\n|-fieldstart|move: Trick Room|[of] p2b: Calyrex\n|\n|-weather|SunnyDay|[upkeep]\n|-heal|p2b: Calyrex|24/100|[from] item: Leftovers\n|upkeep\n|turn|7\n|\n|t:|1768050642\n|move|p2b: Calyrex|Protect|p2b: Calyrex\n|-singleturn|p2b: Calyrex|Protect\n|move|p1b: Hariyama|Close Combat|p2b: Calyrex\n|-activate|p2b: Calyrex|move: Protect\n|move|p1a: Koraidon|Collision Course|p2a: Kyogre\n|-damage|p2a: Kyogre|15/100\n|move|p2a: Kyogre|Origin Pulse|p1b: Hariyama|[spread] p1a,p1b\n|-resisted|p1a: Koraidon\n|-damage|p1a: Koraidon|39/100\n|-damage|p1b: Hariyama|7/100\n|\n|-weather|SunnyDay|[upkeep]\n|-heal|p2b: Calyrex|30/100|[from] item: Leftovers\n|upkeep\n|turn|8\n|\n|t:|1768050663\n|-terastallize|p1a: Koraidon|Fire\n|move|p2b: Calyrex|Glacial Lance|p1b: Hariyama|[spread] p1a,p1b\n|-resisted|p1a: Koraidon\n|-damage|p1a: Koraidon|19/100\n|-damage|p1b: Hariyama|0 fnt\n|faint|p1b: Hariyama\n|-ability|p2b: Calyrex|Chilling Neigh|boost\n|-boost|p2b: Calyrex|atk|1\n|move|p1a: Koraidon|Flare Blitz|p2b: Calyrex\n|-supereffective|p2b: Calyrex\n|-damage|p2b: Calyrex|0 fnt\n|faint|p2b: Calyrex\n|-damage|p1a: Koraidon|8/100|[from] Recoil\n|move|p2a: Kyogre|Origin Pulse|p1a: Koraidon\n|-supereffective|p1a: Koraidon\n|-damage|p1a: Koraidon|0 fnt\n|faint|p1a: Koraidon\n|\n|-weather|SunnyDay|[upkeep]\n|upkeep\n|\n|t:|1768050680\n|switch|p1b: Miraidon|Miraidon, L50|68/100\n|-activate|p1b: Miraidon|ability: Hadron Engine\n|turn|9\n|-message|kojimuranishi forfeited.\n|\n|win|hello343\n|raw|hello343's rating: 1229 &rarr; <strong>1266</strong><br />(+37 for winning)\n|raw|kojimuranishi's rating: 1407 &rarr; <strong>1378</strong><br />(-29 for losing)\n|l|\u2606kojimuranishi\n|player|p2|\n","uploadtime":1768050830,"views":14,"formatid":"gen9vgc2026regi","rating":1266,"private":0,"password":null}