{"id":"gen9vgc2026regi-2573983886","format":"[Gen 9] VGC 2026 Reg I","players":["Frannykidnappedme","1VLTSQ Joker"],"log":"|raw|<div class=\"broadcast-blue\"><strong>This battle is required to be public due to a player having a name starting with '1vltsq'.</div>\n|j|\u2606Frannykidnappedme\n|j|\u26061VLTSQ Joker\n|t:|1775185242\n|gametype|doubles\n|player|p1|Frannykidnappedme|kieran|1551\n|player|p2|1VLTSQ Joker|blue|1601\n|gen|9\n|tier|[Gen 9] VGC 2026 Reg I\n|rated|\n|rule|Species Clause: Limit one of each Pok\u00e9mon\n|rule|Item Clause: Limit 1 of each item\n|clearpoke\n|poke|p1|Sneasler, L50, F|\n|poke|p1|Miraidon, L50|\n|poke|p1|Dragonite, L50, F|\n|poke|p1|Chien-Pao, L50|\n|poke|p1|Zamazenta-*, L50|\n|poke|p1|Ditto, L50|\n|poke|p2|Calyrex-Ice, L50|\n|poke|p2|Smeargle, L50, F|\n|poke|p2|Kyogre, L50|\n|poke|p2|Maushold, L50|\n|poke|p2|Volcarona, L50, F|\n|poke|p2|Pawmot, L50, M|\n|teampreview|4\n|inactive|Battle timer is ON: inactive players will automatically lose when time's up. (requested by Frannykidnappedme)\n|c|\u26061VLTSQ Joker|Franky\n|c|\u26061VLTSQ Joker|Whats going on\n|inactive|Frannykidnappedme has 60 seconds left.\n|inactive|1VLTSQ Joker has 60 seconds left.\n|\n|t:|1775185290\n|teamsize|p1|4\n|teamsize|p2|4\n|start\n|switch|p1a: Miraidon|Miraidon, L50|100/100\n|switch|p1b: Sneasler|Sneasler, L50, F|100/100\n|switch|p2a: Calyrex|Calyrex-Ice, L50|100/100\n|switch|p2b: Smeargle|Smeargle, L50, F|100/100\n|-ability|p2a: Calyrex|As One\n|-ability|p2a: Calyrex|Unnerve\n|-fieldstart|move: Electric Terrain|[from] ability: Hadron Engine|[of] p1a: Miraidon\n|-enditem|p1b: Sneasler|Electric Seed\n|-boost|p1b: Sneasler|def|1|[from] item: Electric Seed\n|turn|1\n|\n|t:|1775185314\n|switch|p1a: Zamazenta|Zamazenta-Crowned, L50|100/100\n|-ability|p1a: Zamazenta|Dauntless Shield|boost\n|-boost|p1a: Zamazenta|def|1\n|-terastallize|p2a: Calyrex|Grass\n|move|p1b: Sneasler|Fake Out|p2a: Calyrex\n|-damage|p2a: Calyrex|91/100\n|move|p2b: Smeargle|Fake Out|p1a: Zamazenta\n|-resisted|p1a: Zamazenta\n|-damage|p1a: Zamazenta|99/100\n|cant|p2a: Calyrex|flinch\n|\n|-ability|p2b: Smeargle|Moody|boost\n|-boost|p2b: Smeargle|spd|2\n|-unboost|p2b: Smeargle|spe|1\n|upkeep\n|turn|2\n|\n|t:|1775185338\n|switch|p2b: Volcarona|Volcarona, L50, F|100/100\n|move|p1b: Sneasler|Dire Claw|p2a: Calyrex\n|-supereffective|p2a: Calyrex\n|-damage|p2a: Calyrex|37/100\n|-status|p2a: Calyrex|par\n|move|p1a: Zamazenta|Body Press|p2a: Calyrex\n|-damage|p2a: Calyrex|0 fnt\n|faint|p2a: Calyrex\n|\n|upkeep\n|c|\u26061VLTSQ Joker|making the wrong play was the right play ig\n|inactive|1VLTSQ Joker has 30 seconds left.\n|c|\u26061VLTSQ Joker|caly was no threat\n|\n|t:|1775185370\n|switch|p2a: Kyogre|Kyogre, L50|100/100\n|-weather|RainDance|[from] ability: Drizzle|[of] p2a: Kyogre\n|turn|3\n|c|\u2606Frannykidnappedme|neither was smeargle lil bro\n|c|\u26061VLTSQ Joker|i mean kinda was\n|c|\u26061VLTSQ Joker|follow me\n|inactive|Frannykidnappedme has 30 seconds left.\n|\n|t:|1775185401\n|move|p1a: Zamazenta|Protect|p1a: Zamazenta\n|-singleturn|p1a: Zamazenta|Protect\n|move|p2b: Volcarona|Rage Powder|p2b: Volcarona\n|-singleturn|p2b: Volcarona|move: Rage Powder\n|move|p1b: Sneasler|Dire Claw|p2b: Volcarona\n|-damage|p2b: Volcarona|63/100\n|-damage|p1b: Sneasler|84/100|[from] item: Rocky Helmet|[of] p2b: Volcarona\n|move|p2a: Kyogre|Hydro Pump|p1b: Sneasler\n|-damage|p1b: Sneasler|0 fnt\n|faint|p1b: Sneasler\n|\n|-weather|RainDance|[upkeep]\n|upkeep\n|\n|t:|1775185414\n|switch|p1b: Miraidon|Miraidon, L50|100/100\n|-activate|p1b: Miraidon|ability: Hadron Engine\n|turn|4\n|\n|t:|1775185427\n|switch|p2a: Smeargle|Smeargle, L50, F|100/100\n|-terastallize|p1a: Zamazenta|Dragon\n|move|p1b: Miraidon|Electro Drift|p2a: Smeargle\n|-enditem|p2a: Smeargle|Focus Sash\n|-damage|p2a: Smeargle|1/100\n|move|p1a: Zamazenta|Body Press|p2a: Smeargle\n|-supereffective|p2a: Smeargle\n|-damage|p2a: Smeargle|0 fnt\n|faint|p2a: Smeargle\n|move|p2b: Volcarona|Tailwind|p2b: Volcarona\n|-sidestart|p2: 1VLTSQ Joker|move: Tailwind\n|\n|-weather|RainDance|[upkeep]\n|upkeep\n|\n|t:|1775185439\n|switch|p2a: Kyogre|Kyogre, L50|100/100\n|turn|5\n|c|\u26061VLTSQ Joker|see\n|c|\u26061VLTSQ Joker|now ya get it\n|\n|t:|1775185459\n|move|p2b: Volcarona|Rage Powder|p2b: Volcarona\n|-singleturn|p2b: Volcarona|move: Rage Powder\n|move|p2a: Kyogre|Origin Pulse|p1b: Miraidon|[spread] p1a,p1b\n|-resisted|p1a: Zamazenta\n|-resisted|p1b: Miraidon\n|-damage|p1a: Zamazenta|75/100\n|-damage|p1b: Miraidon|66/100\n|move|p1b: Miraidon|Electro Drift|p2b: Volcarona\n|-damage|p2b: Volcarona|0 fnt\n|-damage|p1b: Miraidon|50/100|[from] item: Rocky Helmet|[of] p2b: Volcarona\n|-status|p1b: Miraidon|brn|[from] ability: Flame Body|[of] p2b: Volcarona\n|faint|p2b: Volcarona\n|move|p1a: Zamazenta|Body Press|p2a: Kyogre\n|-damage|p2a: Kyogre|18/100\n|\n|-weather|RainDance|[upkeep]\n|-damage|p1b: Miraidon|44/100 brn|[from] brn\n|-fieldend|move: Electric Terrain\n|upkeep\n|turn|6\n|c|\u2606Frannykidnappedme|an iq too low?\n|\n|t:|1775185472\n|move|p1a: Zamazenta|Wide Guard|p1a: Zamazenta\n|-singleturn|p1a: Zamazenta|Wide Guard\n|move|p2a: Kyogre|Origin Pulse|p1a: Zamazenta|[spread] \n|-activate|p1a: Zamazenta|move: Wide Guard\n|-activate|p1b: Miraidon|move: Wide Guard\n|move|p1b: Miraidon|Electro Drift|p2a: Kyogre\n|-supereffective|p2a: Kyogre\n|-damage|p2a: Kyogre|0 fnt\n|faint|p2a: Kyogre\n|\n|win|Frannykidnappedme\n|raw|Frannykidnappedme's rating: 1551 &rarr; <strong>1574</strong><br />(+23 for winning)\n|raw|1VLTSQ Joker's rating: 1601 &rarr; <strong>1578</strong><br />(-23 for losing)\n|c|\u26061VLTSQ Joker|nah i wouldnt say youurs is\n|c|\u26061VLTSQ Joker|normal is min\n|c|\u26061VLTSQ Joker|:)\n|c|\u26061VLTSQ Joker|ggs\n|l|\u26061VLTSQ Joker\n|player|p2|\n|l|\u2606Frannykidnappedme\n|player|p1|\n","uploadtime":1775185716,"views":15,"formatid":"gen9vgc2026regi","rating":1574,"private":0,"password":null}