{"id":"gen9vgc2026regi-2551662283","format":"[Gen 9] VGC 2026 Reg I","players":["jongdae17","CHR1SPHX"],"log":"|j|\u2606jongdae17\n|j|\u2606CHR1SPHX\n|t:|1772633941\n|gametype|doubles\n|player|p1|jongdae17|101|1222\n|player|p2|CHR1SPHX|hilbert-wonderlauncher|1331\n|gen|9\n|tier|[Gen 9] VGC 2026 Reg I\n|rated|\n|rule|Species Clause: Limit one of each Pok\u00e9mon\n|rule|Item Clause: Limit 1 of each item\n|clearpoke\n|poke|p1|Zacian-*, L50|\n|poke|p1|Kyogre, L50|\n|poke|p1|Grimmsnarl, L50, M|\n|poke|p1|Rillaboom, L50, F|\n|poke|p1|Clefairy, L50, F|\n|poke|p1|Flutter Mane, L50|\n|poke|p2|Lunala, L50|\n|poke|p2|Amoonguss, L50, M|\n|poke|p2|Ursaluna-Bloodmoon, L50, M|\n|poke|p2|Incineroar, L50, M|\n|poke|p2|Koraidon, L50|\n|poke|p2|Flutter Mane, L50|\n|teampreview|4\n|inactive|Battle timer is ON: inactive players will automatically lose when time's up. (requested by CHR1SPHX)\n|inactive|jongdae17 has 60 seconds left.\n|\n|t:|1772633983\n|teamsize|p1|4\n|teamsize|p2|4\n|start\n|switch|p1a: Flutter Mane|Flutter Mane, L50, shiny|100/100\n|switch|p1b: Grimmsnarl|Grimmsnarl, L50, M, shiny|100/100\n|switch|p2a: Lunala|Lunala, L50, shiny|100/100\n|switch|p2b: Incineroar|Incineroar, L50, M|100/100\n|-ability|p2b: Incineroar|Intimidate|boost\n|-unboost|p1a: Flutter Mane|atk|1\n|-unboost|p1b: Grimmsnarl|atk|1\n|turn|1\n|inactive|CHR1SPHX has 30 seconds left.\n|\n|t:|1772634017\n|-terastallize|p2a: Lunala|Fairy\n|move|p2b: Incineroar|Fake Out|p1b: Grimmsnarl\n|-damage|p1b: Grimmsnarl|86/100\n|cant|p1b: Grimmsnarl|flinch\n|move|p1a: Flutter Mane|Taunt|p2a: Lunala\n|-start|p2a: Lunala|move: Taunt\n|-enditem|p2a: Lunala|Mental Herb\n|-end|p2a: Lunala|move: Taunt\n|move|p2a: Lunala|Moonblast|p1b: Grimmsnarl\n|-supereffective|p1b: Grimmsnarl\n|-damage|p1b: Grimmsnarl|12/100\n|-unboost|p1b: Grimmsnarl|spa|1\n|\n|upkeep\n|turn|2\n|\n|t:|1772634034\n|move|p1b: Grimmsnarl|Reflect|p1b: Grimmsnarl\n|-sidestart|p1: jongdae17|Reflect\n|move|p1a: Flutter Mane|Thunder Wave|p2b: Incineroar\n|-status|p2b: Incineroar|par\n|move|p2a: Lunala|Moongeist Beam|p1a: Flutter Mane\n|-supereffective|p1a: Flutter Mane\n|-damage|p1a: Flutter Mane|3/100\n|move|p2b: Incineroar|Taunt|p1b: Grimmsnarl\n|-start|p1b: Grimmsnarl|move: Taunt\n|\n|upkeep\n|turn|3\n|\n|t:|1772634057\n|move|p1a: Flutter Mane|Moonblast|p2a: Lunala\n|-damage|p2a: Lunala|87/100\n|move|p2a: Lunala|Moonblast|p1a: Flutter Mane\n|-damage|p1a: Flutter Mane|0 fnt\n|faint|p1a: Flutter Mane\n|-end|p1a: Flutter Mane|Protosynthesis|[silent]\n|move|p1b: Grimmsnarl|Spirit Break|p2a: Lunala\n|-damage|p2a: Lunala|72/100\n|-unboost|p2a: Lunala|spa|1\n|move|p2b: Incineroar|Parting Shot|p1b: Grimmsnarl\n|-unboost|p1b: Grimmsnarl|atk|1\n|-unboost|p1b: Grimmsnarl|spa|1\n|\n|t:|1772634063\n|switch|p2b: Amoonguss|Amoonguss, L50, M, shiny|100/100|[from] Parting Shot\n|\n|upkeep\n|\n|t:|1772634072\n|switch|p1a: Zacian|Zacian-Crowned, L50, shiny|100/100\n|-ability|p1a: Zacian|Intrepid Sword|boost\n|-boost|p1a: Zacian|atk|1\n|turn|4\n|\n|t:|1772634081\n|switch|p2a: Incineroar|Incineroar, L50, M|100/100 par\n|-ability|p2a: Incineroar|Intimidate|boost\n|-unboost|p1a: Zacian|atk|1\n|-unboost|p1b: Grimmsnarl|atk|1\n|switch|p1b: Rillaboom|Rillaboom, L50, F, shiny|100/100\n|-fieldstart|move: Grassy Terrain|[from] ability: Grassy Surge|[of] p1b: Rillaboom\n|move|p1a: Zacian|Substitute|p1a: Zacian\n|-start|p1a: Zacian|Substitute\n|-damage|p1a: Zacian|76/100\n|move|p2b: Amoonguss|Spore||[still]\n|-fail|p2b: Amoonguss\n|\n|-heal|p1a: Zacian|82/100|[from] Grassy Terrain\n|upkeep\n|turn|5\n|\n|t:|1772634102\n|move|p1a: Zacian|Protect|p1a: Zacian\n|-singleturn|p1a: Zacian|Protect\n|move|p2b: Amoonguss|Rage Powder|p2b: Amoonguss\n|-singleturn|p2b: Amoonguss|move: Rage Powder\n|move|p1b: Rillaboom|U-turn|p2a: Incineroar\n|-damage|p2a: Incineroar|81/100 par\n|\n|t:|1772634109\n|switch|p1b: Grimmsnarl|Grimmsnarl, L50, M, shiny|12/100|[from] U-turn\n|move|p2a: Incineroar|Knock Off|p1b: Grimmsnarl\n|-resisted|p1b: Grimmsnarl\n|-damage|p1b: Grimmsnarl|3/100\n|-enditem|p1b: Grimmsnarl|Light Clay|[from] move: Knock Off|[of] p2a: Incineroar\n|\n|-heal|p1a: Zacian|88/100|[from] Grassy Terrain\n|-heal|p1b: Grimmsnarl|9/100|[from] Grassy Terrain\n|-heal|p2a: Incineroar|87/100 par|[from] Grassy Terrain\n|upkeep\n|turn|6\n|\n|t:|1772634131\n|move|p2b: Amoonguss|Rage Powder|p2b: Amoonguss\n|-singleturn|p2b: Amoonguss|move: Rage Powder\n|move|p1b: Grimmsnarl|Light Screen|p1b: Grimmsnarl\n|-sidestart|p1: jongdae17|move: Light Screen\n|move|p1a: Zacian|Behemoth Blade|p2b: Amoonguss\n|-damage|p2b: Amoonguss|52/100\n|-damage|p1a: Zacian|72/100|[from] item: Rocky Helmet|[of] p2b: Amoonguss\n|move|p2a: Incineroar|Parting Shot|p1b: Grimmsnarl\n|-unboost|p1b: Grimmsnarl|atk|1\n|-unboost|p1b: Grimmsnarl|spa|1\n|\n|t:|1772634143\n|switch|p2a: Koraidon|Koraidon, L50|100/100|[from] Parting Shot\n|-weather|SunnyDay|[from] ability: Orichalcum Pulse|[of] p2a: Koraidon\n|-activate|p2a: Koraidon|Orichalcum Pulse|[source]\n|\n|-weather|SunnyDay|[upkeep]\n|-heal|p1a: Zacian|78/100|[from] Grassy Terrain\n|-heal|p1b: Grimmsnarl|15/100|[from] Grassy Terrain\n|-heal|p2b: Amoonguss|58/100|[from] Grassy Terrain\n|upkeep\n|turn|7\n|\n|t:|1772634152\n|move|p2b: Amoonguss|Rage Powder|p2b: Amoonguss\n|-singleturn|p2b: Amoonguss|move: Rage Powder\n|move|p1b: Grimmsnarl|Thunder Wave|p2b: Amoonguss\n|-status|p2b: Amoonguss|par\n|move|p1a: Zacian|Behemoth Blade|p2b: Amoonguss\n|-damage|p2b: Amoonguss|5/100 par\n|-damage|p1a: Zacian|62/100|[from] item: Rocky Helmet|[of] p2b: Amoonguss\n|move|p2a: Koraidon|Flame Charge|p1a: Zacian\n|-supereffective|p1a: Zacian\n|-end|p1a: Zacian|Substitute\n|-boost|p2a: Koraidon|spe|1\n|\n|-weather|SunnyDay|[upkeep]\n|-heal|p1a: Zacian|68/100|[from] Grassy Terrain\n|-heal|p1b: Grimmsnarl|21/100|[from] Grassy Terrain\n|-heal|p2b: Amoonguss|10/100 par|[from] Grassy Terrain\n|upkeep\n|turn|8\n|\n|t:|1772634168\n|move|p1a: Zacian|Protect|p1a: Zacian\n|-singleturn|p1a: Zacian|Protect\n|move|p2b: Amoonguss|Rage Powder|p2b: Amoonguss\n|-singleturn|p2b: Amoonguss|move: Rage Powder\n|move|p1b: Grimmsnarl|Thunder Wave|p2b: Amoonguss\n|-fail|p2b: Amoonguss|par\n|move|p2a: Koraidon|Flare Blitz|p1a: Zacian\n|-activate|p1a: Zacian|move: Protect\n|\n|-weather|SunnyDay|[upkeep]\n|-heal|p1a: Zacian|74/100|[from] Grassy Terrain\n|-heal|p1b: Grimmsnarl|27/100|[from] Grassy Terrain\n|-heal|p2b: Amoonguss|16/100 par|[from] Grassy Terrain\n|-fieldend|move: Grassy Terrain\n|upkeep\n|turn|9\n|-message|jongdae17 forfeited.\n|\n|win|CHR1SPHX\n|raw|jongdae17's rating: 1222 &rarr; <strong>1205</strong><br />(-17 for losing)\n|raw|CHR1SPHX's rating: 1331 &rarr; <strong>1345</strong><br />(+14 for winning)\n|l|\u2606jongdae17\n|player|p1|\n","uploadtime":1772634238,"views":15,"formatid":"gen9vgc2026regi","rating":1205,"private":0,"password":null}