{"id":"gen9vgc2026regi-2558806642","format":"[Gen 9] VGC 2026 Reg I","players":["TheNamesBetty","Zexydo"],"log":"|j|\u2606TheNamesBetty\n|j|\u2606Zexydo\n|t:|1773486222\n|gametype|doubles\n|player|p1|TheNamesBetty|koga|1149\n|player|p2|Zexydo|hilda-masters3|1135\n|gen|9\n|tier|[Gen 9] VGC 2026 Reg I\n|rated|\n|rule|Species Clause: Limit one of each Pok\u00e9mon\n|rule|Item Clause: Limit 1 of each item\n|clearpoke\n|poke|p1|Azelf, L50|\n|poke|p1|Kyogre, L50|\n|poke|p1|Amoonguss, L50, F|\n|poke|p1|Dialga, L50|\n|poke|p1|Iron Hands, L50|\n|poke|p1|Tornadus, L50, M|\n|poke|p2|Miraidon, L50|\n|poke|p2|Calyrex-Ice, L50|\n|poke|p2|Farigiraf, L50, F|\n|poke|p2|Landorus, L50, M|\n|poke|p2|Urshifu-*, L50, F|\n|poke|p2|Incineroar, L50, M|\n|teampreview|4\n|c|\u2606TheNamesBetty|Glhf!\nTheNamesBetty has agreed to open team sheets.\n|\n|t:|1773486253\n|teamsize|p1|4\n|teamsize|p2|4\n|start\n|switch|p1a: Pro\u010dToD\u011bl\u00e1m|Azelf, L50|100/100\n|switch|p1b: \u010clov\u011b\u010disko|Tornadus, L50, M|100/100\n|switch|p2a: Miraidon|Miraidon, L50|100/100\n|switch|p2b: Farigiraf|Farigiraf, L50, F, shiny|100/100\n|-fieldstart|move: Electric Terrain|[from] ability: Hadron Engine|[of] p2a: Miraidon\n|-enditem|p2b: Farigiraf|Electric Seed\n|-boost|p2b: Farigiraf|def|1|[from] item: Electric Seed\n|turn|1\n|c|\u2606Zexydo|Hf\n|\n|t:|1773486278\n|move|p1b: \u010clov\u011b\u010disko|Protect|p1b: \u010clov\u011b\u010disko\n|-singleturn|p1b: \u010clov\u011b\u010disko|Protect\n|move|p1a: Pro\u010dToD\u011bl\u00e1m|Knock Off|p2b: Farigiraf\n|-supereffective|p2b: Farigiraf\n|-damage|p2b: Farigiraf|72/100\n|-damage|p1a: Pro\u010dToD\u011bl\u00e1m|90/100|[from] item: Life Orb\n|move|p2a: Miraidon|Volt Switch|p1b: \u010clov\u011b\u010disko\n|-activate|p1b: \u010clov\u011b\u010disko|move: Protect\n|move|p2b: Farigiraf|Trick Room|p2b: Farigiraf\n|-fieldstart|move: Trick Room|[of] p2b: Farigiraf\n|\n|upkeep\n|turn|2\n|\n|t:|1773486309\n|switch|p1b: Dr\u00e1\u010dek Sr\u00e1\u010dek|Dialga, L50|100/100\n|-terastallize|p1a: Pro\u010dToD\u011bl\u00e1m|Normal\n|move|p2b: Farigiraf|Foul Play|p1a: Pro\u010dToD\u011bl\u00e1m\n|-damage|p1a: Pro\u010dToD\u011bl\u00e1m|38/100\n|move|p2a: Miraidon|Volt Switch|p1b: Dr\u00e1\u010dek Sr\u00e1\u010dek\n|-resisted|p1b: Dr\u00e1\u010dek Sr\u00e1\u010dek\n|-damage|p1b: Dr\u00e1\u010dek Sr\u00e1\u010dek|54/100\n|\n|t:|1773486326\n|switch|p2a: Calyrex|Calyrex-Ice, L50|100/100|[from] Volt Switch\n|-ability|p2a: Calyrex|As One\n|-ability|p2a: Calyrex|Unnerve\n|move|p1a: Pro\u010dToD\u011bl\u00e1m|Explosion|p2a: Calyrex|[spread] p2a,p2b\n|-activate|p1b: Dr\u00e1\u010dek Sr\u00e1\u010dek|ability: Telepathy\n|-damage|p2a: Calyrex|21/100\n|-damage|p2b: Farigiraf|7/100\n|faint|p1a: Pro\u010dToD\u011bl\u00e1m\n|\n|upkeep\n|\n|t:|1773486339\n|switch|p1a: T\u00fdbr\u010fo ryba|Kyogre, L50|100/100\n|-weather|RainDance|[from] ability: Drizzle|[of] p1a: T\u00fdbr\u010fo ryba\n|turn|3\n|\n|t:|1773486360\n|move|p2a: Calyrex|Protect|p2a: Calyrex\n|-singleturn|p2a: Calyrex|Protect\n|move|p2b: Farigiraf|Psychic|p1a: T\u00fdbr\u010fo ryba\n|-damage|p1a: T\u00fdbr\u010fo ryba|79/100\n|move|p1a: T\u00fdbr\u010fo ryba|Origin Pulse|p2b: Farigiraf|[spread] p2b\n|-activate|p2a: Calyrex|move: Protect\n|-damage|p2b: Farigiraf|0 fnt\n|faint|p2b: Farigiraf\n|move|p1b: Dr\u00e1\u010dek Sr\u00e1\u010dek|Trick Room|p1b: Dr\u00e1\u010dek Sr\u00e1\u010dek\n|-fieldend|move: Trick Room\n|\n|-weather|RainDance|[upkeep]\n|upkeep\n|\n|t:|1773486369\n|switch|p2b: Miraidon|Miraidon, L50|100/100\n|-activate|p2b: Miraidon|ability: Hadron Engine\n|turn|4\n|\n|t:|1773486380\n|move|p1a: T\u00fdbr\u010fo ryba|Protect|p1a: T\u00fdbr\u010fo ryba\n|-singleturn|p1a: T\u00fdbr\u010fo ryba|Protect\n|move|p2b: Miraidon|Volt Switch|p1a: T\u00fdbr\u010fo ryba\n|-activate|p1a: T\u00fdbr\u010fo ryba|move: Protect\n|move|p1b: Dr\u00e1\u010dek Sr\u00e1\u010dek|Draco Meteor|p2b: Miraidon\n|-supereffective|p2b: Miraidon\n|-damage|p2b: Miraidon|0 fnt\n|-unboost|p1b: Dr\u00e1\u010dek Sr\u00e1\u010dek|spa|2\n|faint|p2b: Miraidon\n|move|p2a: Calyrex|Glacial Lance|p1a: T\u00fdbr\u010fo ryba|[spread] p1b\n|-activate|p1a: T\u00fdbr\u010fo ryba|move: Protect\n|-damage|p1b: Dr\u00e1\u010dek Sr\u00e1\u010dek|20/100\n|\n|-weather|RainDance|[upkeep]\n|upkeep\n|\n|t:|1773486390\n|switch|p2b: Incineroar|Incineroar, L50, M, shiny|100/100\n|-ability|p2b: Incineroar|Intimidate|boost\n|-unboost|p1a: T\u00fdbr\u010fo ryba|atk|1\n|-unboost|p1b: Dr\u00e1\u010dek Sr\u00e1\u010dek|atk|1\n|turn|5\n|\n|t:|1773486399\n|switch|p1a: \u010clov\u011b\u010disko|Tornadus, L50, M|100/100\n|move|p1b: Dr\u00e1\u010dek Sr\u00e1\u010dek|Protect|p1b: Dr\u00e1\u010dek Sr\u00e1\u010dek\n|-singleturn|p1b: Dr\u00e1\u010dek Sr\u00e1\u010dek|Protect\n|move|p2b: Incineroar|Fake Out|p1a: \u010clov\u011b\u010disko\n|-damage|p1a: \u010clov\u011b\u010disko|83/100\n|move|p2a: Calyrex|High Horsepower|p1a: \u010clov\u011b\u010disko\n|-immune|p1a: \u010clov\u011b\u010disko\n|\n|-weather|RainDance|[upkeep]\n|-fieldend|move: Electric Terrain\n|upkeep\n|turn|6\n|\n|t:|1773486415\n|move|p1a: \u010clov\u011b\u010disko|Bleakwind Storm|p2a: Calyrex|[spread] p2a,p2b\n|-damage|p2a: Calyrex|0 fnt\n|-damage|p2b: Incineroar|78/100\n|faint|p2a: Calyrex\n|move|p1b: Dr\u00e1\u010dek Sr\u00e1\u010dek|Flash Cannon|p2b: Incineroar\n|-resisted|p2b: Incineroar\n|-damage|p2b: Incineroar|71/100\n|move|p2b: Incineroar|Knock Off|p1b: Dr\u00e1\u010dek Sr\u00e1\u010dek\n|-damage|p1b: Dr\u00e1\u010dek Sr\u00e1\u010dek|0 fnt\n|-enditem|p1b: Dr\u00e1\u010dek Sr\u00e1\u010dek|Adamant Orb|[from] move: Knock Off|[of] p2b: Incineroar\n|faint|p1b: Dr\u00e1\u010dek Sr\u00e1\u010dek\n|\n|-weather|RainDance|[upkeep]\n|upkeep\n|\n|t:|1773486418\n|switch|p1b: T\u00fdbr\u010fo ryba|Kyogre, L50|79/100\n|turn|7\n|c|\u2606Zexydo|gg\n|\n|t:|1773486425\n|move|p2b: Incineroar|Fake Out||[still]\n|-hint|Fake Out only works on your first turn out.\n|-fail|p2b: Incineroar\n|move|p1a: \u010clov\u011b\u010disko|Bleakwind Storm|p2b: Incineroar\n|-damage|p2b: Incineroar|40/100\n|move|p1b: T\u00fdbr\u010fo ryba|Water Spout|p2b: Incineroar\n|-supereffective|p2b: Incineroar\n|-damage|p2b: Incineroar|0 fnt\n|faint|p2b: Incineroar\n|\n|win|TheNamesBetty\n|raw|TheNamesBetty's rating: 1149 &rarr; <strong>1173</strong><br />(+24 for winning)\n|raw|Zexydo's rating: 1135 &rarr; <strong>1111</strong><br />(-24 for losing)\n|c|\u2606TheNamesBetty|Ggs\n|l|\u2606Zexydo\n|player|p2|\n|l|\u2606TheNamesBetty\n|player|p1|\n","uploadtime":1773486462,"views":16,"formatid":"gen9vgc2026regi","rating":1111,"private":0,"password":null}