{"id":"gen9vgc2026regi-2551586730","format":"[Gen 9] VGC 2026 Reg I","players":["Stinky62","dasabe\u76d6\u6b27\u5361\u4fa0"],"log":"|j|\u2606Stinky62\n|j|\u2606dasabe\u76d6\u6b27\u5361\u4fa0\n|t:|1772625120\n|gametype|doubles\n|player|p1|Stinky62|2|1445\n|player|p2|dasabe\u76d6\u6b27\u5361\u4fa0|may-masters4|1483\n|gen|9\n|tier|[Gen 9] VGC 2026 Reg I\n|rated|\n|rule|Species Clause: Limit one of each Pok\u00e9mon\n|rule|Item Clause: Limit 1 of each item\n|clearpoke\n|poke|p1|Terapagos, L50, M|\n|poke|p1|Calyrex-Shadow, L50|\n|poke|p1|Amoonguss, L50, M|\n|poke|p1|Ogerpon-Cornerstone, L50, F|\n|poke|p1|Incineroar, L50, F|\n|poke|p1|Rillaboom, L50, F|\n|poke|p2|Mewtwo, L50|\n|poke|p2|Indeedee-F, L50, F|\n|poke|p2|Chi-Yu, L50|\n|poke|p2|Whimsicott, L50, F|\n|poke|p2|Zamazenta-*, L50|\n|poke|p2|Ting-Lu, L50|\n|teampreview|4\n|\n|t:|1772625146\n|teamsize|p1|4\n|teamsize|p2|4\n|start\n|switch|p1a: Terapagos|Terapagos, L50, M|100/100\n|switch|p1b: Amoonguss|Amoonguss, L50, M|100/100\n|switch|p2a: \u6251\u897f|Zamazenta-Crowned, L50|100/100\n|switch|p2b: \u6211\u6709\u7389\u9c7c\u75c7|Chi-Yu, L50|100/100\n|-activate|p1a: Terapagos|ability: Tera Shift\n|detailschange|p1a: Terapagos|Terapagos-Terastal, L50, M\n|-heal|p1a: Terapagos|100/100|[silent]\n|-ability|p2b: \u6211\u6709\u7389\u9c7c\u75c7|Beads of Ruin\n|-ability|p2a: \u6251\u897f|Dauntless Shield|boost\n|-boost|p2a: \u6251\u897f|def|1\n|turn|1\n|inactive|Battle timer is ON: inactive players will automatically lose when time's up. (requested by Stinky62)\n|\n|t:|1772625171\n|move|p2b: \u6211\u6709\u7389\u9c7c\u75c7|Heat Wave|p1a: Terapagos|[spread] p1a,p1b\n|-activate|p1a: Terapagos|ability: Tera Shell\n|-resisted|p1a: Terapagos\n|-supereffective|p1b: Amoonguss\n|-damage|p1a: Terapagos|79/100\n|-damage|p1b: Amoonguss|0 fnt\n|faint|p1b: Amoonguss\n|move|p2a: \u6251\u897f|Heavy Slam|p1a: Terapagos\n|-damage|p1a: Terapagos|48/100\n|move|p1a: Terapagos|Calm Mind|p1a: Terapagos\n|-boost|p1a: Terapagos|spa|1\n|-boost|p1a: Terapagos|spd|1\n|\n|-heal|p1a: Terapagos|55/100|[from] item: Leftovers\n|upkeep\n|\n|t:|1772625185\n|switch|p1b: Calyrex|Calyrex-Shadow, L50|100/100\n|-ability|p1b: Calyrex|As One\n|-ability|p1b: Calyrex|Unnerve\n|turn|2\n|\n|t:|1772625196\n|-terastallize|p1a: Terapagos|Stellar\n|detailschange|p1a: Terapagos|Terapagos-Stellar, L50, M, tera:Stellar\n|-heal|p1a: Terapagos|66/100|[silent]\n|move|p2b: \u6211\u6709\u7389\u9c7c\u75c7|Heat Wave|p1b: Calyrex|[spread] p1a\n|-miss|p2b: \u6211\u6709\u7389\u9c7c\u75c7|p1b: Calyrex\n|-damage|p1a: Terapagos|42/100\n|move|p1b: Calyrex|Encore|p2a: \u6251\u897f\n|-start|p2a: \u6251\u897f|Encore\n|move|p2a: \u6251\u897f|Heavy Slam|p1b: Calyrex\n|-damage|p1b: Calyrex|41/100\n|move|p1a: Terapagos|Earth Power|p2b: \u6211\u6709\u7389\u9c7c\u75c7\n|-supereffective|p2b: \u6211\u6709\u7389\u9c7c\u75c7\n|-damage|p2b: \u6211\u6709\u7389\u9c7c\u75c7|0 fnt\n|faint|p2b: \u6211\u6709\u7389\u9c7c\u75c7\n|\n|-heal|p1a: Terapagos|48/100|[from] item: Leftovers\n|upkeep\n|\n|t:|1772625205\n|switch|p2b: \u6211\u8d85\u662f\u4f60\u7684\u68a6|Mewtwo, L50|100/100\n|-ability|p2b: \u6211\u8d85\u662f\u4f60\u7684\u68a6|Unnerve\n|turn|3\n|\n|t:|1772625220\n|-terastallize|p2b: \u6211\u8d85\u662f\u4f60\u7684\u68a6|Dark\n|move|p1b: Calyrex|Astral Barrage|p2b: \u6211\u8d85\u662f\u4f60\u7684\u68a6|[spread] p2a,p2b\n|-resisted|p2b: \u6211\u8d85\u662f\u4f60\u7684\u68a6\n|-damage|p2a: \u6251\u897f|61/100\n|-damage|p2b: \u6211\u8d85\u662f\u4f60\u7684\u68a6|71/100\n|move|p2b: \u6211\u8d85\u662f\u4f60\u7684\u68a6|Expanding Force|p1a: Terapagos\n|-damage|p1a: Terapagos|17/100\n|-damage|p2b: \u6211\u8d85\u662f\u4f60\u7684\u68a6|61/100|[from] item: Life Orb\n|move|p2a: \u6251\u897f|Heavy Slam|p1a: Terapagos\n|-crit|p1a: Terapagos\n|-damage|p1a: Terapagos|0 fnt\n|faint|p1a: Terapagos\n|detailschange|p1: Terapagos|Terapagos, L50, M|[silent]\n|\n|upkeep\n|\n|t:|1772625231\n|switch|p1a: Rillaboom|Rillaboom, L50, F|100/100\n|-fieldstart|move: Grassy Terrain|[from] ability: Grassy Surge|[of] p1a: Rillaboom\n|turn|4\n|\n|t:|1772625246\n|switch|p2a: \u4f8d\u7684\u6211\u7231\u5bfc\u7ba1|Indeedee-F, L50, F|100/100\n|-fieldstart|move: Psychic Terrain|[from] ability: Psychic Surge|[of] p2a: \u4f8d\u7684\u6211\u7231\u5bfc\u7ba1\n|-enditem|p2a: \u4f8d\u7684\u6211\u7231\u5bfc\u7ba1|Psychic Seed\n|-boost|p2a: \u4f8d\u7684\u6211\u7231\u5bfc\u7ba1|spd|1|[from] item: Psychic Seed\n|move|p1b: Calyrex|Protect|p1b: Calyrex\n|-singleturn|p1b: Calyrex|Protect\n|move|p2b: \u6211\u8d85\u662f\u4f60\u7684\u68a6|Dark Pulse|p1b: Calyrex\n|-activate|p1b: Calyrex|move: Protect\n|move|p1a: Rillaboom|Wood Hammer|p2b: \u6211\u8d85\u662f\u4f60\u7684\u68a6\n|-damage|p2b: \u6211\u8d85\u662f\u4f60\u7684\u68a6|1/100\n|-damage|p1a: Rillaboom|83/100|[from] Recoil\n|\n|upkeep\n|turn|5\n|\n|t:|1772625259\n|move|p2b: \u6211\u8d85\u662f\u4f60\u7684\u68a6|Protect|p2b: \u6211\u8d85\u662f\u4f60\u7684\u68a6\n|-singleturn|p2b: \u6211\u8d85\u662f\u4f60\u7684\u68a6|Protect\n|move|p1b: Calyrex|Astral Barrage|p2a: \u4f8d\u7684\u6211\u7231\u5bfc\u7ba1|[spread] \n|-activate|p2b: \u6211\u8d85\u662f\u4f60\u7684\u68a6|move: Protect\n|-immune|p2a: \u4f8d\u7684\u6211\u7231\u5bfc\u7ba1\n|move|p1a: Rillaboom|Wood Hammer|p2a: \u4f8d\u7684\u6211\u7231\u5bfc\u7ba1\n|-damage|p2a: \u4f8d\u7684\u6211\u7231\u5bfc\u7ba1|34/100\n|-damage|p1a: Rillaboom|64/100|[from] Recoil\n|move|p2a: \u4f8d\u7684\u6211\u7231\u5bfc\u7ba1|Trick Room|p2a: \u4f8d\u7684\u6211\u7231\u5bfc\u7ba1\n|-fieldstart|move: Trick Room|[of] p2a: \u4f8d\u7684\u6211\u7231\u5bfc\u7ba1\n|\n|upkeep\n|turn|6\n|\n|t:|1772625276\n|move|p1b: Calyrex|Protect|p1b: Calyrex\n|-singleturn|p1b: Calyrex|Protect\n|move|p2a: \u4f8d\u7684\u6211\u7231\u5bfc\u7ba1|Follow Me|p2a: \u4f8d\u7684\u6211\u7231\u5bfc\u7ba1\n|-singleturn|p2a: \u4f8d\u7684\u6211\u7231\u5bfc\u7ba1|move: Follow Me\n|move|p1a: Rillaboom|U-turn|p2a: \u4f8d\u7684\u6211\u7231\u5bfc\u7ba1\n|-supereffective|p2a: \u4f8d\u7684\u6211\u7231\u5bfc\u7ba1\n|-damage|p2a: \u4f8d\u7684\u6211\u7231\u5bfc\u7ba1|0 fnt\n|faint|p2a: \u4f8d\u7684\u6211\u7231\u5bfc\u7ba1\n|move|p2b: \u6211\u8d85\u662f\u4f60\u7684\u68a6|Expanding Force|p1b: Calyrex|[spread] p1a\n|-activate|p1b: Calyrex|move: Protect\n|-damage|p1a: Rillaboom|5/100\n|-damage|p2b: \u6211\u8d85\u662f\u4f60\u7684\u68a6|0 fnt|[from] item: Life Orb\n|faint|p2b: \u6211\u8d85\u662f\u4f60\u7684\u68a6\n|\n|upkeep\n|\n|t:|1772625278\n|switch|p2a: \u6251\u897f|Zamazenta-Crowned, L50|61/100\n|turn|7\n|\n|t:|1772625303\n|move|p1b: Calyrex|Protect||[still]\n|-fail|p1b: Calyrex\n|move|p1a: Rillaboom|Grassy Glide|p2a: \u6251\u897f\n|-resisted|p2a: \u6251\u897f\n|-damage|p2a: \u6251\u897f|54/100\n|move|p2a: \u6251\u897f|Heavy Slam|p1b: Calyrex\n|-damage|p1b: Calyrex|0 fnt\n|faint|p1b: Calyrex\n|\n|upkeep\n|turn|8\n|-message|Stinky62 forfeited.\n|\n|win|dasabe\u76d6\u6b27\u5361\u4fa0\n|raw|Stinky62's rating: 1445 &rarr; <strong>1427</strong><br />(-18 for losing)\n|raw|dasabe\u76d6\u6b27\u5361\u4fa0's rating: 1483 &rarr; <strong>1501</strong><br />(+18 for winning)\n|l|\u2606Stinky62\n|player|p1|\n|j| TTTAAATTT00\n|l| TTTAAATTT00\n","uploadtime":1772625511,"views":18,"formatid":"gen9vgc2026regi","rating":1427,"private":0,"password":null}