{"id":"gen9vgc2026regi-2544403500","format":"[Gen 9] VGC 2026 Reg I","players":["amia2233","EllenJoe2026"],"log":"|j|\u2606amia2233\n|j|\u203dEllenJoe2026\n|t:|1771702887\n|gametype|doubles\n|player|p1|amia2233|dawn|1352\n|player|p2|EllenJoe2026|iono|1486\n|gen|9\n|tier|[Gen 9] VGC 2026 Reg I\n|rated|\n|rule|Species Clause: Limit one of each Pok\u00e9mon\n|rule|Item Clause: Limit 1 of each item\n|clearpoke\n|poke|p1|Calyrex-Shadow, L50|\n|poke|p1|Raging Bolt, L50|\n|poke|p1|Smeargle, L50, F|\n|poke|p1|Zamazenta-*, L50|\n|poke|p1|Ogerpon-Hearthflame, L50, F|\n|poke|p1|Rillaboom, L50, F|\n|poke|p2|Calyrex-Ice, L50|\n|poke|p2|Miraidon, L50|\n|poke|p2|Tornadus, L50, M|\n|poke|p2|Urshifu-*, L50, F|\n|poke|p2|Volcarona, L50, F|\n|poke|p2|Indeedee-F, L50, F|\n|teampreview|4\n|inactive|Battle timer is ON: inactive players will automatically lose when time's up. (requested by EllenJoe2026)\n|\n|t:|1771702912\n|teamsize|p1|4\n|teamsize|p2|4\n|start\n|switch|p1a: Smeargle|Smeargle, L50, F|100/100\n|switch|p1b: Calyrex|Calyrex-Shadow, L50|100/100\n|switch|p2a: Tornadus|Tornadus, L50, M, shiny|100/100\n|switch|p2b: Urshifu|Urshifu-Rapid-Strike, L50, F|100/100\n|-ability|p1b: Calyrex|As One\n|-ability|p1b: Calyrex|Unnerve\n|turn|1\n|inactive|EllenJoe2026 has 30 seconds left.\n|inactive|EllenJoe2026 has 20 seconds left.\n|\n|t:|1771702951\n|-terastallize|p2b: Urshifu|Ghost\n|move|p2a: Tornadus|Tailwind|p2a: Tornadus\n|-sidestart|p2: EllenJoe2026|move: Tailwind\n|move|p2b: Urshifu|Surging Strikes|p1b: Calyrex\n|-crit|p1b: Calyrex\n|-damage|p1b: Calyrex|75/100\n|-crit|p1b: Calyrex\n|-damage|p1b: Calyrex|49/100\n|-crit|p1b: Calyrex\n|-damage|p1b: Calyrex|21/100\n|-hitcount|p1b: Calyrex|3\n|move|p1b: Calyrex|Astral Barrage|p2b: Urshifu|[spread] p2a,p2b\n|-supereffective|p2b: Urshifu\n|-damage|p2a: Tornadus|2/100\n|-damage|p2b: Urshifu|0 fnt\n|faint|p2b: Urshifu\n|-ability|p1b: Calyrex|Grim Neigh|boost\n|-boost|p1b: Calyrex|spa|1\n|-damage|p1b: Calyrex|11/100|[from] item: Life Orb\n|move|p1a: Smeargle|Spore|p2a: Tornadus\n|-status|p2a: Tornadus|slp|[from] move: Spore\n|\n|-ability|p1a: Smeargle|Moody|boost\n|-boost|p1a: Smeargle|spa|2\n|-unboost|p1a: Smeargle|def|1\n|upkeep\n|\n|t:|1771702960\n|switch|p2b: Miraidon|Miraidon, L50, shiny|100/100\n|-fieldstart|move: Electric Terrain|[from] ability: Hadron Engine|[of] p2b: Miraidon\n|turn|2\n|\n|t:|1771702982\n|switch|p2a: Volcarona|Volcarona, L50, F, shiny|100/100\n|-enditem|p2a: Volcarona|Electric Seed\n|-boost|p2a: Volcarona|def|1|[from] item: Electric Seed\n|switch|p1a: Rillaboom|Rillaboom, L50, F|100/100\n|-fieldstart|move: Grassy Terrain|[from] ability: Grassy Surge|[of] p1a: Rillaboom\n|move|p1b: Calyrex|Protect|p1b: Calyrex\n|-singleturn|p1b: Calyrex|Protect\n|move|p2b: Miraidon|Snarl|p1a: Rillaboom|[spread] p1a\n|-activate|p1b: Calyrex|move: Protect\n|-damage|p1a: Rillaboom|84/100\n|-unboost|p1a: Rillaboom|spa|1\n|\n|-heal|p1b: Calyrex|18/100|[from] Grassy Terrain\n|-heal|p1a: Rillaboom|90/100|[from] Grassy Terrain\n|upkeep\n|turn|3\n|inactive|amia2233 has 30 seconds left.\n|\n|t:|1771703011\n|move|p1a: Rillaboom|Fake Out|p2b: Miraidon\n|-damage|p2b: Miraidon|85/100\n|cant|p2b: Miraidon|flinch\n|move|p2a: Volcarona|Fiery Dance|p1b: Calyrex\n|-damage|p1b: Calyrex|0 fnt\n|-boost|p2a: Volcarona|spa|1\n|faint|p1b: Calyrex\n|\n|-heal|p2b: Miraidon|91/100|[from] Grassy Terrain\n|-heal|p1a: Rillaboom|96/100|[from] Grassy Terrain\n|upkeep\n|\n|t:|1771703027\n|switch|p1b: Zamazenta|Zamazenta-Crowned, L50|100/100\n|-ability|p1b: Zamazenta|Dauntless Shield|boost\n|-boost|p1b: Zamazenta|def|1\n|turn|4\n|inactive|amia2233 has 30 seconds left.\n|\n|t:|1771703061\n|switch|p2b: Tornadus|Tornadus, L50, M, shiny|2/100 slp\n|-terastallize|p1b: Zamazenta|Dragon\n|move|p2a: Volcarona|Quiver Dance|p2a: Volcarona\n|-boost|p2a: Volcarona|spa|1\n|-boost|p2a: Volcarona|spd|1\n|-boost|p2a: Volcarona|spe|1\n|move|p1b: Zamazenta|Heavy Slam|p2a: Volcarona\n|-resisted|p2a: Volcarona\n|-damage|p2a: Volcarona|86/100\n|move|p1a: Rillaboom|Wood Hammer|p2a: Volcarona\n|-resisted|p2a: Volcarona\n|-damage|p2a: Volcarona|73/100\n|-damage|p1a: Rillaboom|92/100|[from] Recoil\n|\n|-heal|p2a: Volcarona|80/100|[from] Grassy Terrain\n|-heal|p1a: Rillaboom|98/100|[from] Grassy Terrain\n|-sideend|p2: EllenJoe2026|move: Tailwind\n|upkeep\n|turn|5\n|\n|t:|1771703086\n|move|p1b: Zamazenta|Protect|p1b: Zamazenta\n|-singleturn|p1b: Zamazenta|Protect\n|cant|p2b: Tornadus|slp\n|move|p2a: Volcarona|Quiver Dance|p2a: Volcarona\n|-boost|p2a: Volcarona|spa|1\n|-boost|p2a: Volcarona|spd|1\n|-boost|p2a: Volcarona|spe|1\n|move|p1a: Rillaboom|U-turn|p2a: Volcarona\n|-resisted|p2a: Volcarona\n|-damage|p2a: Volcarona|72/100\n|\n|t:|1771703096\n|switch|p1a: Smeargle|Smeargle, L50, F|100/100|[from] U-turn\n|\n|-heal|p2a: Volcarona|78/100|[from] Grassy Terrain\n|-ability|p1a: Smeargle|Moody|boost\n|-boost|p1a: Smeargle|spa|2\n|-unboost|p1a: Smeargle|spe|1\n|upkeep\n|turn|6\n|\n|t:|1771703119\n|switch|p2b: Miraidon|Miraidon, L50, shiny|91/100\n|-fieldstart|move: Electric Terrain|[from] ability: Hadron Engine|[of] p2b: Miraidon\n|move|p1a: Smeargle|Fake Out|p2a: Volcarona\n|-damage|p2a: Volcarona|75/100\n|-status|p1a: Smeargle|brn|[from] ability: Flame Body|[of] p2a: Volcarona\n|cant|p2a: Volcarona|flinch\n|move|p1b: Zamazenta|Body Press|p2b: Miraidon\n|-damage|p2b: Miraidon|24/100\n|\n|-damage|p1a: Smeargle|95/100 brn|[from] brn\n|-ability|p1a: Smeargle|Moody|boost\n|-boost|p1a: Smeargle|spa|2\n|-unboost|p1a: Smeargle|spd|1\n|upkeep\n|turn|7\n|\n|t:|1771703142\n|move|p1a: Smeargle|Follow Me|p1a: Smeargle\n|-singleturn|p1a: Smeargle|move: Follow Me\n|move|p2a: Volcarona|Fiery Dance|p1a: Smeargle\n|-damage|p1a: Smeargle|0 fnt\n|faint|p1a: Smeargle\n|move|p2b: Miraidon|Draco Meteor|p1b: Zamazenta\n|-supereffective|p1b: Zamazenta\n|-damage|p1b: Zamazenta|0 fnt\n|-unboost|p2b: Miraidon|spa|2\n|faint|p1b: Zamazenta\n|\n|upkeep\n|-message|amia2233 forfeited.\n|\n|win|EllenJoe2026\n|raw|amia2233's rating: 1352 &rarr; <strong>1339</strong><br />(-13 for losing)\n|raw|EllenJoe2026's rating: 1486 &rarr; <strong>1499</strong><br />(+13 for winning)\n|l|\u2606amia2233\n|player|p1|\n|l|\u203dEllenJoe2026\n|player|p2|\n","uploadtime":1771703334,"views":11,"formatid":"gen9vgc2026regi","rating":1339,"private":0,"password":null}