{"id":"gen9vgc2026regi-2574810036","format":"[Gen 9] VGC 2026 Reg I","players":["yubanmeiqin","highkage2"],"log":"|j|\u2606yubanmeiqin\n|j|\u203dhighkage2\n|t:|1775277810\n|gametype|doubles\n|player|p1|yubanmeiqin|lillie-masters2|1493\n|player|p2|highkage2|doubleteam|1512\n|gen|9\n|tier|[Gen 9] VGC 2026 Reg I\n|rated|\n|rule|Species Clause: Limit one of each Pok\u00e9mon\n|rule|Item Clause: Limit 1 of each item\n|clearpoke\n|poke|p1|Koraidon, L50|\n|poke|p1|Lunala, L50|\n|poke|p1|Tornadus, L50, M|\n|poke|p1|Raging Bolt, L50|\n|poke|p1|Rillaboom, L50, F|\n|poke|p1|Incineroar, L50, F|\n|poke|p2|Incineroar, L50, F|\n|poke|p2|Rillaboom, L50, M|\n|poke|p2|Landorus, L50, M|\n|poke|p2|Smeargle, L50, M|\n|poke|p2|Koraidon, L50|\n|poke|p2|Calyrex-Ice, L50|\n|teampreview|4\n|inactive|Battle timer is ON: inactive players will automatically lose when time's up. (requested by highkage2)\n|inactive|yubanmeiqin has 60 seconds left.\n|inactive|highkage2 has 60 seconds left.\n|inactive|yubanmeiqin has 30 seconds left.\n|\n|t:|1775277876\n|teamsize|p1|4\n|teamsize|p2|4\n|start\n|switch|p1a: \u82cd\u5d0e\u9752\u5b50|Lunala, L50|100/100\n|switch|p1b: \u85e4\u59d0|Incineroar, L50, F|100/100\n|switch|p2a: Smeargle|Smeargle, L50, M|100/100\n|switch|p2b: Koraidon|Koraidon, L50|100/100\n|-weather|SunnyDay|[from] ability: Orichalcum Pulse|[of] p2b: Koraidon\n|-activate|p2b: Koraidon|Orichalcum Pulse|[source]\n|-ability|p1b: \u85e4\u59d0|Intimidate|boost\n|-unboost|p2a: Smeargle|atk|1\n|-fail|p2b: Koraidon|unboost|[from] item: Clear Amulet|[of] p2b: Koraidon\n|turn|1\n|\n|t:|1775277900\n|-terastallize|p2b: Koraidon|Fire\n|move|p2a: Smeargle|Spiky Shield|p2a: Smeargle\n|-singleturn|p2a: Smeargle|move: Protect\n|move|p1b: \u85e4\u59d0|Fake Out|p2a: Smeargle\n|-activate|p2a: Smeargle|move: Protect\n|-damage|p1b: \u85e4\u59d0|88/100|[from] Spiky Shield|[of] p2a: Smeargle\n|move|p2b: Koraidon|Flame Charge|p1a: \u82cd\u5d0e\u9752\u5b50\n|-damage|p1a: \u82cd\u5d0e\u9752\u5b50|68/100\n|-boost|p2b: Koraidon|spe|1\n|move|p1a: \u82cd\u5d0e\u9752\u5b50|Moonblast|p2b: Koraidon\n|-resisted|p2b: Koraidon\n|-damage|p2b: Koraidon|85/100\n|\n|-weather|SunnyDay|[upkeep]\n|-ability|p2a: Smeargle|Moody|boost\n|-boost|p2a: Smeargle|atk|2\n|-unboost|p2a: Smeargle|def|1\n|upkeep\n|turn|2\n|inactive|yubanmeiqin has 30 seconds left.\n|\n|t:|1775277933\n|switch|p1a: \u4e24\u4eea\u5f0f|Rillaboom, L50, F|100/100\n|-fieldstart|move: Grassy Terrain|[from] ability: Grassy Surge|[of] p1a: \u4e24\u4eea\u5f0f\n|-terastallize|p1b: \u85e4\u59d0|Bug\n|move|p2b: Koraidon|Low Kick|p1b: \u85e4\u59d0\n|-resisted|p1b: \u85e4\u59d0\n|-damage|p1b: \u85e4\u59d0|67/100\n|move|p2a: Smeargle|Spore|p1a: \u4e24\u4eea\u5f0f\n|-immune|p1a: \u4e24\u4eea\u5f0f\n|move|p1b: \u85e4\u59d0|U-turn|p2a: Smeargle\n|-damage|p2a: Smeargle|18/100\n|\n|t:|1775277950\n|switch|p1b: \u82cd\u5d0e\u9752\u5b50|Lunala, L50|68/100|[from] U-turn\n|\n|-weather|SunnyDay|[upkeep]\n|-heal|p2b: Koraidon|91/100|[from] Grassy Terrain\n|-heal|p1b: \u82cd\u5d0e\u9752\u5b50|74/100|[from] Grassy Terrain\n|-heal|p2a: Smeargle|24/100|[from] Grassy Terrain\n|-ability|p2a: Smeargle|Moody|boost\n|-boost|p2a: Smeargle|def|2\n|-unboost|p2a: Smeargle|spd|1\n|upkeep\n|turn|3\n|\n|t:|1775277960\n|switch|p2a: Incineroar|Incineroar, L50, F|100/100\n|-ability|p2a: Incineroar|Intimidate|boost\n|-unboost|p1a: \u4e24\u4eea\u5f0f|atk|1\n|-unboost|p1b: \u82cd\u5d0e\u9752\u5b50|atk|1\n|switch|p1a: \u85e4\u59d0|Incineroar, L50, F, tera:Bug|67/100\n|-ability|p1a: \u85e4\u59d0|Intimidate|boost\n|-unboost|p2a: Incineroar|atk|1\n|-fail|p2b: Koraidon|unboost|[from] item: Clear Amulet|[of] p2b: Koraidon\n|move|p2b: Koraidon|Protect|p2b: Koraidon\n|-singleturn|p2b: Koraidon|Protect\n|move|p1b: \u82cd\u5d0e\u9752\u5b50|Moonblast|p2a: Incineroar\n|-damage|p2a: Incineroar|71/100\n|-unboost|p2a: Incineroar|spa|1\n|\n|-weather|SunnyDay|[upkeep]\n|-heal|p2b: Koraidon|97/100|[from] Grassy Terrain\n|-heal|p1b: \u82cd\u5d0e\u9752\u5b50|80/100|[from] Grassy Terrain\n|-heal|p1a: \u85e4\u59d0|73/100|[from] Grassy Terrain\n|-heal|p2a: Incineroar|77/100|[from] Grassy Terrain\n|upkeep\n|turn|4\n|inactive|yubanmeiqin has 30 seconds left.\n|inactive|highkage2 has 30 seconds left.\n|\n|t:|1775277985\n|switch|p2a: Smeargle|Smeargle, L50, M|24/100\n|move|p1a: \u85e4\u59d0|Fake Out|p2b: Koraidon\n|-damage|p2b: Koraidon|88/100\n|cant|p2b: Koraidon|flinch\n|move|p1b: \u82cd\u5d0e\u9752\u5b50|Meteor Beam||[still]\n|-prepare|p1b: \u82cd\u5d0e\u9752\u5b50|Meteor Beam\n|-boost|p1b: \u82cd\u5d0e\u9752\u5b50|spa|1\n|-enditem|p1b: \u82cd\u5d0e\u9752\u5b50|Power Herb\n|-anim|p1b: \u82cd\u5d0e\u9752\u5b50|Meteor Beam|p2a: Smeargle\n|-damage|p2a: Smeargle|0 fnt\n|faint|p2a: Smeargle\n|\n|-weather|SunnyDay|[upkeep]\n|-heal|p2b: Koraidon|94/100|[from] Grassy Terrain\n|-heal|p1b: \u82cd\u5d0e\u9752\u5b50|86/100|[from] Grassy Terrain\n|-heal|p1a: \u85e4\u59d0|79/100|[from] Grassy Terrain\n|upkeep\n|\n|t:|1775277993\n|switch|p2a: Incineroar|Incineroar, L50, F|77/100\n|-ability|p2a: Incineroar|Intimidate|boost\n|-unboost|p1a: \u85e4\u59d0|atk|1\n|-unboost|p1b: \u82cd\u5d0e\u9752\u5b50|atk|1\n|turn|5\n|\n|t:|1775278015\n|switch|p1b: \u4e24\u4eea\u5f0f|Rillaboom, L50, F|100/100\n|switch|p1a: \u4f24\u75db\u4e4b\u8d64|Koraidon, L50, shiny|100/100\n|-activate|p1a: \u4f24\u75db\u4e4b\u8d64|ability: Orichalcum Pulse\n|move|p2b: Koraidon|Flare Blitz|p1b: \u4e24\u4eea\u5f0f\n|-supereffective|p1b: \u4e24\u4eea\u5f0f\n|-damage|p1b: \u4e24\u4eea\u5f0f|0 fnt\n|faint|p1b: \u4e24\u4eea\u5f0f\n|-damage|p2b: Koraidon|60/100|[from] Recoil\n|move|p2a: Incineroar|Parting Shot|p1a: \u4f24\u75db\u4e4b\u8d64\n|-fail|p1a: \u4f24\u75db\u4e4b\u8d64|unboost|[from] item: Clear Amulet|[of] p1a: \u4f24\u75db\u4e4b\u8d64\n|\n|-weather|none\n|-heal|p2b: Koraidon|66/100|[from] Grassy Terrain\n|-heal|p2a: Incineroar|83/100|[from] Grassy Terrain\n|upkeep\n|\n|t:|1775278028\n|switch|p1b: \u82cd\u5d0e\u9752\u5b50|Lunala, L50|86/100\n|turn|6\n|inactive|highkage2 has 30 seconds left.\n|\n|t:|1775278057\n|move|p2b: Koraidon|Low Kick|p1a: \u4f24\u75db\u4e4b\u8d64\n|-damage|p1a: \u4f24\u75db\u4e4b\u8d64|46/100\n|move|p1a: \u4f24\u75db\u4e4b\u8d64|Collision Course|p2a: Incineroar\n|-supereffective|p2a: Incineroar\n|-damage|p2a: Incineroar|0 fnt\n|faint|p2a: Incineroar\n|move|p1b: \u82cd\u5d0e\u9752\u5b50|Moongeist Beam|p2b: Koraidon\n|-damage|p2b: Koraidon|11/100\n|\n|-heal|p2b: Koraidon|17/100|[from] Grassy Terrain\n|-heal|p1a: \u4f24\u75db\u4e4b\u8d64|52/100|[from] Grassy Terrain\n|-heal|p1b: \u82cd\u5d0e\u9752\u5b50|93/100|[from] Grassy Terrain\n|-fieldend|move: Grassy Terrain\n|upkeep\n|\n|t:|1775278062\n|switch|p2a: Calyrex|Calyrex-Ice, L50|100/100\n|-ability|p2a: Calyrex|As One\n|-ability|p2a: Calyrex|Unnerve\n|turn|7\n|inactive|yubanmeiqin has 30 seconds left.\n|\n|t:|1775278095\n|switch|p1a: \u85e4\u59d0|Incineroar, L50, F, tera:Bug|79/100\n|-ability|p1a: \u85e4\u59d0|Intimidate|boost\n|-unboost|p2a: Calyrex|atk|1\n|-fail|p2b: Koraidon|unboost|[from] item: Clear Amulet|[of] p2b: Koraidon\n|move|p2b: Koraidon|Protect|p2b: Koraidon\n|-singleturn|p2b: Koraidon|Protect\n|move|p1b: \u82cd\u5d0e\u9752\u5b50|Moongeist Beam|p2b: Koraidon\n|-activate|p2b: Koraidon|move: Protect\n|move|p2a: Calyrex|Leech Seed|p1b: \u82cd\u5d0e\u9752\u5b50\n|-start|p1b: \u82cd\u5d0e\u9752\u5b50|move: Leech Seed\n|\n|-damage|p1b: \u82cd\u5d0e\u9752\u5b50|80/100|[from] Leech Seed|[of] p2a: Calyrex\n|upkeep\n|turn|8\n|\n|t:|1775278115\n|move|p2b: Koraidon|Protect||[still]\n|-fail|p2b: Koraidon\n|move|p1a: \u85e4\u59d0|Fake Out|p2b: Koraidon\n|-damage|p2b: Koraidon|9/100\n|move|p1b: \u82cd\u5d0e\u9752\u5b50|Moongeist Beam|p2b: Koraidon\n|-damage|p2b: Koraidon|0 fnt\n|faint|p2b: Koraidon\n|move|p2a: Calyrex|Glacial Lance|p1b: \u82cd\u5d0e\u9752\u5b50|[spread] p1a,p1b\n|-damage|p1a: \u85e4\u59d0|52/100\n|-damage|p1b: \u82cd\u5d0e\u9752\u5b50|49/100\n|\n|-damage|p1b: \u82cd\u5d0e\u9752\u5b50|37/100|[from] Leech Seed|[of] p2a: Calyrex\n|upkeep\n|turn|9\n|-message|highkage2 forfeited.\n|\n|win|yubanmeiqin\n|raw|yubanmeiqin's rating: 1493 &rarr; <strong>1514</strong><br />(+21 for winning)\n|raw|highkage2's rating: 1512 &rarr; <strong>1491</strong><br />(-21 for losing)\n|l|\u203dhighkage2\n|player|p2|\n","uploadtime":1775278162,"views":20,"formatid":"gen9vgc2026regi","rating":1491,"private":0,"password":null}