{"id":"gen9vgc2026regi-2518496216","format":"[Gen 9] VGC 2026 Reg I","players":["kojimuranishi","Kaizer_Ifrit"],"log":"|j|\u2606kojimuranishi\n|j|\u2606Kaizer_Ifrit\n|t:|1768397913\n|gametype|doubles\n|player|p1|kojimuranishi|1|1444\n|player|p2|Kaizer_Ifrit|caitlin|1452\n|gen|9\n|tier|[Gen 9] VGC 2026 Reg I\n|rated|\n|rule|Species Clause: Limit one of each Pok\u00e9mon\n|rule|Item Clause: Limit 1 of each item\n|clearpoke\n|poke|p1|Zamazenta-*, L50|\n|poke|p1|Lunala, L50|\n|poke|p1|Chien-Pao, L50|\n|poke|p1|Dragonite, L50, F|\n|poke|p1|Chi-Yu, L50|\n|poke|p1|Urshifu-*, L50, M|\n|poke|p2|Calyrex-Ice, L50|\n|poke|p2|Miraidon, L50|\n|poke|p2|Farigiraf, L50, F|\n|poke|p2|Iron Hands, L50|\n|poke|p2|Ogerpon-Hearthflame, L50, F|\n|poke|p2|Urshifu-*, L50, M|\n|teampreview|4\n|inactive|Battle timer is ON: inactive players will automatically lose when time's up. (requested by Kaizer_Ifrit)\n|inactive|Kaizer_Ifrit has 60 seconds left.\n|\n|t:|1768397945\n|teamsize|p1|4\n|teamsize|p2|4\n|start\n|switch|p1a: Zamazenta|Zamazenta-Crowned, L50|100/100\n|switch|p1b: Lunala|Lunala, L50|100/100\n|switch|p2a: 6523RP|Miraidon, L50|100/100\n|switch|p2b: Great Neck|Farigiraf, L50, F|100/100\n|-fieldstart|move: Electric Terrain|[from] ability: Hadron Engine|[of] p2a: 6523RP\n|-enditem|p2b: Great Neck|Electric Seed\n|-boost|p2b: Great Neck|def|1|[from] item: Electric Seed\n|-ability|p1a: Zamazenta|Dauntless Shield|boost\n|-boost|p1a: Zamazenta|def|1\n|turn|1\n|\n|t:|1768397961\n|move|p2b: Great Neck|Helping Hand|p2a: 6523RP\n|-singleturn|p2a: 6523RP|Helping Hand|[of] p2b: Great Neck\n|move|p2a: 6523RP|Electro Drift|p1a: Zamazenta\n|-damage|p1a: Zamazenta|0 fnt\n|faint|p1a: Zamazenta\n|move|p1b: Lunala|Meteor Beam||[still]\n|-prepare|p1b: Lunala|Meteor Beam\n|-boost|p1b: Lunala|spa|1\n|-enditem|p1b: Lunala|Power Herb\n|-anim|p1b: Lunala|Meteor Beam|p2a: 6523RP\n|-damage|p2a: 6523RP|44/100\n|\n|upkeep\n|\n|t:|1768397985\n|switch|p1a: Chien-Pao|Chien-Pao, L50|100/100\n|-ability|p1a: Chien-Pao|Sword of Ruin\n|turn|2\n|inactive|Kaizer_Ifrit has 30 seconds left.\n|\n|t:|1768398013\n|move|p1a: Chien-Pao|Protect|p1a: Chien-Pao\n|-singleturn|p1a: Chien-Pao|Protect\n|move|p2a: 6523RP|Electro Drift|p1b: Lunala\n|-damage|p1b: Lunala|51/100\n|move|p1b: Lunala|Moongeist Beam|p2a: 6523RP\n|-damage|p2a: 6523RP|0 fnt\n|faint|p2a: 6523RP\n|move|p2b: Great Neck|Trick Room|p2b: Great Neck\n|-fieldstart|move: Trick Room|[of] p2b: Great Neck\n|\n|upkeep\n|\n|t:|1768398028\n|switch|p2a: King ina mo|Calyrex-Ice, L50|100/100\n|-ability|p2a: King ina mo|As One\n|-ability|p2a: King ina mo|Unnerve\n|turn|3\n|\n|t:|1768398043\n|-terastallize|p2a: King ina mo|Fire\n|move|p2a: King ina mo|Glacial Lance|p1b: Lunala|[spread] p1a,p1b\n|-resisted|p1a: Chien-Pao\n|-damage|p1a: Chien-Pao|58/100\n|-damage|p1b: Lunala|0 fnt\n|faint|p1b: Lunala\n|-ability|p2a: King ina mo|Chilling Neigh|boost\n|-boost|p2a: King ina mo|atk|1\n|move|p2b: Great Neck|Foul Play|p1a: Chien-Pao\n|-resisted|p1a: Chien-Pao\n|-damage|p1a: Chien-Pao|37/100\n|move|p1a: Chien-Pao|Crunch|p2a: King ina mo\n|-damage|p2a: King ina mo|54/100\n|-damage|p1a: Chien-Pao|27/100|[from] item: Life Orb\n|\n|upkeep\n|\n|t:|1768398059\n|switch|p1b: Dragonite|Dragonite, L50, F|100/100\n|turn|4\n|\n|t:|1768398068\n|-terastallize|p1b: Dragonite|Normal\n|move|p1a: Chien-Pao|Protect|p1a: Chien-Pao\n|-singleturn|p1a: Chien-Pao|Protect\n|move|p2a: King ina mo|Glacial Lance|p1b: Dragonite|[spread] p1b\n|-activate|p1a: Chien-Pao|move: Protect\n|-damage|p1b: Dragonite|37/100\n|move|p2b: Great Neck|Foul Play|p1b: Dragonite\n|-damage|p1b: Dragonite|0 fnt\n|faint|p1b: Dragonite\n|\n|upkeep\n|turn|5\n|-message|kojimuranishi forfeited.\n|\n|win|Kaizer_Ifrit\n|raw|kojimuranishi's rating: 1444 &rarr; <strong>1424</strong><br />(-20 for losing)\n|raw|Kaizer_Ifrit's rating: 1452 &rarr; <strong>1472</strong><br />(+20 for winning)\n|l|\u2606kojimuranishi\n|player|p1|\n","uploadtime":1768398259,"views":21,"formatid":"gen9vgc2026regi","rating":1424,"private":0,"password":null}