{"id":"gen9vgc2026regi-2522319111","format":"[Gen 9] VGC 2026 Reg I","players":["cy2rexfiy","blackred123"],"log":"|j|\u203dcy2rexfiy\n|j|\u2606blackred123\n|t:|1768886726\n|gametype|doubles\n|player|p1|cy2rexfiy|266|1267\n|player|p2|blackred123|iono-masters|1254\n|gen|9\n|tier|[Gen 9] VGC 2026 Reg I\n|rated|\n|rule|Species Clause: Limit one of each Pok\u00e9mon\n|rule|Item Clause: Limit 1 of each item\n|clearpoke\n|poke|p1|Calyrex-Ice, L50|\n|poke|p1|Rillaboom, L50, F|\n|poke|p1|Incineroar, L50, M|\n|poke|p1|Terapagos, L50, M|\n|poke|p1|Walking Wake, L50|\n|poke|p1|Smeargle, L50, M|\n|poke|p2|Calyrex-Shadow, L50|\n|poke|p2|Indeedee-F, L50, F|\n|poke|p2|Clefairy, L50, F|\n|poke|p2|Zamazenta-*, L50|\n|poke|p2|Tornadus, L50, M|\n|poke|p2|Comfey, L50, M|\n|teampreview|4\n|inactive|Battle timer is ON: inactive players will automatically lose when time's up. (requested by blackred123)\n|j| riyuezi\n|inactive|blackred123 has 60 seconds left.\n|\n|t:|1768886781\n|teamsize|p1|4\n|teamsize|p2|4\n|start\n|switch|p1a: Incineroar|Incineroar, L50, M|100/100\n|switch|p1b: Calyrex|Calyrex-Ice, L50|100/100\n|switch|p2a: \u556a\u53fd\u556a\uff08\u6251\u51fb\u58f0\uff09|Zamazenta-Crowned, L50|100/100\n|switch|p2b: \u6211\u7231\u5bfc\u7ba1|Indeedee-F, L50, F|100/100\n|-ability|p1b: Calyrex|As One\n|-ability|p1b: Calyrex|Unnerve\n|-ability|p2a: \u556a\u53fd\u556a\uff08\u6251\u51fb\u58f0\uff09|Dauntless Shield|boost\n|-boost|p2a: \u556a\u53fd\u556a\uff08\u6251\u51fb\u58f0\uff09|def|1\n|-fieldstart|move: Psychic Terrain|[from] ability: Psychic Surge|[of] p2b: \u6211\u7231\u5bfc\u7ba1\n|-ability|p1a: Incineroar|Intimidate|boost\n|-unboost|p2a: \u556a\u53fd\u556a\uff08\u6251\u51fb\u58f0\uff09|atk|1\n|-unboost|p2b: \u6211\u7231\u5bfc\u7ba1|atk|1\n|turn|1\n|\n|t:|1768886803\n|switch|p1a: Rillaboom|Rillaboom, L50, F|100/100\n|-fieldstart|move: Grassy Terrain|[from] ability: Grassy Surge|[of] p1a: Rillaboom\n|move|p2a: \u556a\u53fd\u556a\uff08\u6251\u51fb\u58f0\uff09|Body Press|p1a: Rillaboom\n|-damage|p1a: Rillaboom|42/100\n|move|p2b: \u6211\u7231\u5bfc\u7ba1|Imprison|p2b: \u6211\u7231\u5bfc\u7ba1\n|-start|p2b: \u6211\u7231\u5bfc\u7ba1|move: Imprison\n|move|p1b: Calyrex|Leech Seed|p2a: \u556a\u53fd\u556a\uff08\u6251\u51fb\u58f0\uff09\n|-start|p2a: \u556a\u53fd\u556a\uff08\u6251\u51fb\u58f0\uff09|move: Leech Seed\n|\n|-heal|p1a: Rillaboom|48/100|[from] Grassy Terrain\n|-damage|p2a: \u556a\u53fd\u556a\uff08\u6251\u51fb\u58f0\uff09|88/100|[from] Leech Seed|[of] p1b: Calyrex\n|upkeep\n|turn|2\n|inactive|blackred123 has 30 seconds left.\n|inactive|blackred123 has 20 seconds left.\n|\n|t:|1768886841\n|move|p2b: \u6211\u7231\u5bfc\u7ba1|Helping Hand|p2a: \u556a\u53fd\u556a\uff08\u6251\u51fb\u58f0\uff09\n|-singleturn|p2a: \u556a\u53fd\u556a\uff08\u6251\u51fb\u58f0\uff09|Helping Hand|[of] p2b: \u6211\u7231\u5bfc\u7ba1\n|move|p1a: Rillaboom|Fake Out|p2a: \u556a\u53fd\u556a\uff08\u6251\u51fb\u58f0\uff09\n|-resisted|p2a: \u556a\u53fd\u556a\uff08\u6251\u51fb\u58f0\uff09\n|-damage|p2a: \u556a\u53fd\u556a\uff08\u6251\u51fb\u58f0\uff09|86/100\n|cant|p2a: \u556a\u53fd\u556a\uff08\u6251\u51fb\u58f0\uff09|flinch\n|move|p1b: Calyrex|Glacial Lance|p2b: \u6211\u7231\u5bfc\u7ba1|[spread] p2a,p2b\n|-resisted|p2a: \u556a\u53fd\u556a\uff08\u6251\u51fb\u58f0\uff09\n|-damage|p2a: \u556a\u53fd\u556a\uff08\u6251\u51fb\u58f0\uff09|76/100\n|-damage|p2b: \u6211\u7231\u5bfc\u7ba1|29/100\n|\n|-heal|p2a: \u556a\u53fd\u556a\uff08\u6251\u51fb\u58f0\uff09|82/100|[from] Grassy Terrain\n|-heal|p1a: Rillaboom|54/100|[from] Grassy Terrain\n|-heal|p2b: \u6211\u7231\u5bfc\u7ba1|35/100|[from] Grassy Terrain\n|-damage|p2a: \u556a\u53fd\u556a\uff08\u6251\u51fb\u58f0\uff09|69/100|[from] Leech Seed|[of] p1b: Calyrex\n|upkeep\n|turn|3\n|\n|t:|1768886863\n|switch|p2b: \u5c41\u5c41|Clefairy, L50, F|100/100\n|-terastallize|p1b: Calyrex|Water\n|move|p2a: \u556a\u53fd\u556a\uff08\u6251\u51fb\u58f0\uff09|Body Press|p1a: Rillaboom\n|-damage|p1a: Rillaboom|0 fnt\n|faint|p1a: Rillaboom\n|move|p1b: Calyrex|Glacial Lance|p2a: \u556a\u53fd\u556a\uff08\u6251\u51fb\u58f0\uff09|[spread] p2a,p2b\n|-resisted|p2a: \u556a\u53fd\u556a\uff08\u6251\u51fb\u58f0\uff09\n|-crit|p2b: \u5c41\u5c41\n|-damage|p2a: \u556a\u53fd\u556a\uff08\u6251\u51fb\u58f0\uff09|60/100\n|-damage|p2b: \u5c41\u5c41|18/100\n|\n|-heal|p2a: \u556a\u53fd\u556a\uff08\u6251\u51fb\u58f0\uff09|66/100|[from] Grassy Terrain\n|-heal|p2b: \u5c41\u5c41|24/100|[from] Grassy Terrain\n|-damage|p2a: \u556a\u53fd\u556a\uff08\u6251\u51fb\u58f0\uff09|54/100|[from] Leech Seed|[of] p1b: Calyrex\n|upkeep\n|\n|t:|1768886871\n|switch|p1a: Incineroar|Incineroar, L50, M|100/100\n|-ability|p1a: Incineroar|Intimidate|boost\n|-unboost|p2a: \u556a\u53fd\u556a\uff08\u6251\u51fb\u58f0\uff09|atk|1\n|-unboost|p2b: \u5c41\u5c41|atk|1\n|turn|4\n|\n|t:|1768886886\n|switch|p2b: \u6211\u7231\u5bfc\u7ba1|Indeedee-F, L50, F|35/100\n|-fieldstart|move: Psychic Terrain|[from] ability: Psychic Surge|[of] p2b: \u6211\u7231\u5bfc\u7ba1\n|move|p1a: Incineroar|Fake Out|p2a: \u556a\u53fd\u556a\uff08\u6251\u51fb\u58f0\uff09\n|-activate|p2a: \u556a\u53fd\u556a\uff08\u6251\u51fb\u58f0\uff09|move: Psychic Terrain\n|move|p2a: \u556a\u53fd\u556a\uff08\u6251\u51fb\u58f0\uff09|Body Press|p1a: Incineroar\n|-supereffective|p1a: Incineroar\n|-damage|p1a: Incineroar|0 fnt\n|faint|p1a: Incineroar\n|move|p1b: Calyrex|Leech Seed|p2b: \u6211\u7231\u5bfc\u7ba1\n|-start|p2b: \u6211\u7231\u5bfc\u7ba1|move: Leech Seed\n|\n|-damage|p2a: \u556a\u53fd\u556a\uff08\u6251\u51fb\u58f0\uff09|42/100|[from] Leech Seed|[of] p1b: Calyrex\n|-damage|p2b: \u6211\u7231\u5bfc\u7ba1|23/100|[from] Leech Seed|[of] p1b: Calyrex\n|upkeep\n|\n|t:|1768886897\n|switch|p1a: Terapagos|Terapagos, L50, M|100/100\n|-activate|p1a: Terapagos|ability: Tera Shift\n|detailschange|p1a: Terapagos|Terapagos-Terastal, L50, M\n|-heal|p1a: Terapagos|100/100|[silent]\n|turn|5\n|\n|t:|1768886912\n|move|p1a: Terapagos|Protect|p1a: Terapagos\n|-singleturn|p1a: Terapagos|Protect\n|move|p2a: \u556a\u53fd\u556a\uff08\u6251\u51fb\u58f0\uff09|Body Press|p1a: Terapagos\n|-activate|p1a: Terapagos|move: Protect\n|move|p2b: \u6211\u7231\u5bfc\u7ba1|Imprison|p2b: \u6211\u7231\u5bfc\u7ba1\n|-start|p2b: \u6211\u7231\u5bfc\u7ba1|move: Imprison\n|move|p1b: Calyrex|Glacial Lance|p2a: \u556a\u53fd\u556a\uff08\u6251\u51fb\u58f0\uff09|[spread] p2a,p2b\n|-resisted|p2a: \u556a\u53fd\u556a\uff08\u6251\u51fb\u58f0\uff09\n|-damage|p2a: \u556a\u53fd\u556a\uff08\u6251\u51fb\u58f0\uff09|30/100\n|-damage|p2b: \u6211\u7231\u5bfc\u7ba1|0 fnt\n|faint|p2b: \u6211\u7231\u5bfc\u7ba1\n|-ability|p1b: Calyrex|Chilling Neigh|boost\n|-boost|p1b: Calyrex|atk|1\n|\n|-damage|p2a: \u556a\u53fd\u556a\uff08\u6251\u51fb\u58f0\uff09|18/100|[from] Leech Seed|[of] p1b: Calyrex\n|upkeep\n|\n|t:|1768886917\n|switch|p2b: \u53f8\u9a6c|Calyrex-Shadow, L50|100/100\n|-ability|p2b: \u53f8\u9a6c|As One\n|-ability|p2b: \u53f8\u9a6c|Unnerve\n|turn|6\n|inactive|blackred123 has 30 seconds left.\n|\n|t:|1768886950\n|switch|p2a: \u5c41\u5c41|Clefairy, L50, F|24/100\n|move|p2b: \u53f8\u9a6c|Astral Barrage|p1b: Calyrex|[spread] p1b\n|-immune|p1a: Terapagos\n|-damage|p1b: Calyrex|52/100\n|move|p1a: Terapagos|Earth Power|p2b: \u53f8\u9a6c\n|-damage|p2b: \u53f8\u9a6c|79/100\n|move|p1b: Calyrex|Glacial Lance|p2a: \u5c41\u5c41|[spread] p2a,p2b\n|-damage|p2a: \u5c41\u5c41|0 fnt\n|-damage|p2b: \u53f8\u9a6c|0 fnt\n|faint|p2a: \u5c41\u5c41\n|faint|p2b: \u53f8\u9a6c\n|-ability|p1b: Calyrex|Chilling Neigh|boost\n|-boost|p1b: Calyrex|atk|2\n|\n|upkeep\n|\n|t:|1768886960\n|switch|p2b: \u556a\u53fd\u556a\uff08\u6251\u51fb\u58f0\uff09|Zamazenta-Crowned, L50|18/100\n|turn|7\n|-message|blackred123 forfeited.\n|\n|win|cy2rexfiy\n|raw|cy2rexfiy's rating: 1267 &rarr; <strong>1291</strong><br />(+24 for winning)\n|raw|blackred123's rating: 1254 &rarr; <strong>1230</strong><br />(-24 for losing)\n|l|\u2606blackred123\n|player|p2|\n|l|\u203dcy2rexfiy\n|player|p1|\n|l| riyuezi\n","uploadtime":1768887135,"views":13,"formatid":"gen9vgc2026regi","rating":1230,"private":0,"password":null}