{"id":"gen9vgc2026regi-2537927092","format":"[Gen 9] VGC 2026 Reg I","players":["blackred123","lalo's pollos"],"log":"|j|\u2606blackred123\n|j|\u2606lalo's pollos\n|t:|1770864699\n|gametype|doubles\n|player|p1|blackred123|iono-masters|1439\n|player|p2|lalo's pollos|101|1583\n|gen|9\n|tier|[Gen 9] VGC 2026 Reg I\n|rated|\n|rule|Species Clause: Limit one of each Pok\u00e9mon\n|rule|Item Clause: Limit 1 of each item\n|clearpoke\n|poke|p1|Miraidon, L50|\n|poke|p1|Calyrex-Ice, L50|\n|poke|p1|Whimsicott, L50, F|\n|poke|p1|Volcarona, L50, M|\n|poke|p1|Incineroar, L50, M|\n|poke|p1|Urshifu-*, L50, M|\n|poke|p2|Zamazenta-*, L50|\n|poke|p2|Lunala, L50|\n|poke|p2|Rillaboom, L50, M|\n|poke|p2|Incineroar, L50, F|\n|poke|p2|Urshifu-*, L50, F|\n|poke|p2|Tornadus, L50, M|\n|teampreview|4\n|inactive|Battle timer is ON: inactive players will automatically lose when time's up. (requested by blackred123)\n|inactive|blackred123 has 60 seconds left.\n|\n|t:|1770864730\n|teamsize|p1|4\n|teamsize|p2|4\n|start\n|switch|p1a: Miraidon|Miraidon, L50, shiny|100/100\n|switch|p1b: Volcarona|Volcarona, L50, M|100/100\n|switch|p2a: Rillaboom|Rillaboom, L50, M|100/100\n|switch|p2b: Lunala|Lunala, L50|100/100\n|-fieldstart|move: Electric Terrain|[from] ability: Hadron Engine|[of] p1a: Miraidon\n|-enditem|p1b: Volcarona|Electric Seed\n|-boost|p1b: Volcarona|def|1|[from] item: Electric Seed\n|-fieldstart|move: Grassy Terrain|[from] ability: Grassy Surge|[of] p2a: Rillaboom\n|turn|1\n|\n|t:|1770864747\n|move|p2a: Rillaboom|Fake Out|p1a: Miraidon\n|-damage|p1a: Miraidon|90/100\n|move|p1a: Miraidon|Volt Switch|p2b: Lunala\n|-damage|p2b: Lunala|86/100\n|\n|t:|1770864753\n|switch|p1a: Incineroar|Incineroar, L50, M|100/100|[from] Volt Switch\n|-ability|p1a: Incineroar|Intimidate|boost\n|-unboost|p2a: Rillaboom|atk|1\n|-unboost|p2b: Lunala|atk|1\n|move|p2b: Lunala|Calm Mind|p2b: Lunala\n|-boost|p2b: Lunala|spa|1\n|-boost|p2b: Lunala|spd|1\n|move|p1b: Volcarona|Fiery Dance|p2a: Rillaboom\n|-supereffective|p2a: Rillaboom\n|-damage|p2a: Rillaboom|48/100\n|\n|-heal|p2b: Lunala|92/100|[from] Grassy Terrain\n|-heal|p2b: Lunala|98/100|[from] item: Leftovers\n|-heal|p2a: Rillaboom|54/100|[from] Grassy Terrain\n|upkeep\n|turn|2\n|\n|t:|1770864769\n|switch|p2a: Incineroar|Incineroar, L50, F|100/100\n|-ability|p2a: Incineroar|Intimidate|boost\n|-unboost|p1a: Incineroar|atk|1\n|-unboost|p1b: Volcarona|atk|1\n|move|p2b: Lunala|Protect|p2b: Lunala\n|-singleturn|p2b: Lunala|Protect\n|move|p1b: Volcarona|Fiery Dance|p2a: Incineroar\n|-resisted|p2a: Incineroar\n|-damage|p2a: Incineroar|85/100\n|move|p1a: Incineroar|Knock Off|p2b: Lunala\n|-activate|p2b: Lunala|move: Protect\n|\n|-heal|p2b: Lunala|100/100|[from] Grassy Terrain\n|-heal|p2a: Incineroar|91/100|[from] Grassy Terrain\n|upkeep\n|turn|3\n|inactive|blackred123 has 30 seconds left.\n|\n|t:|1770864801\n|move|p2a: Incineroar|Fake Out|p1a: Incineroar\n|-damage|p1a: Incineroar|92/100\n|move|p2b: Lunala|Calm Mind|p2b: Lunala\n|-boost|p2b: Lunala|spa|1\n|-boost|p2b: Lunala|spd|1\n|move|p1b: Volcarona|Fiery Dance|p2b: Lunala\n|-damage|p2b: Lunala|94/100\n|cant|p1a: Incineroar|flinch\n|\n|-heal|p2b: Lunala|99/100|[from] Grassy Terrain\n|-heal|p2b: Lunala|100/100|[from] item: Leftovers\n|-heal|p1a: Incineroar|98/100|[from] Grassy Terrain\n|-heal|p2a: Incineroar|97/100|[from] Grassy Terrain\n|upkeep\n|turn|4\n|j| lunala fairy ghost\n|\n|t:|1770864820\n|move|p2b: Lunala|Protect|p2b: Lunala\n|-singleturn|p2b: Lunala|Protect\n|move|p1b: Volcarona|Fiery Dance|p2b: Lunala\n|-activate|p2b: Lunala|move: Protect\n|move|p1a: Incineroar|Knock Off|p2b: Lunala\n|-activate|p2b: Lunala|move: Protect\n|move|p2a: Incineroar|Parting Shot|p1b: Volcarona\n|-unboost|p1b: Volcarona|atk|1\n|-unboost|p1b: Volcarona|spa|1\n|\n|t:|1770864827\n|switch|p2a: Zamazenta|Zamazenta-Crowned, L50|100/100|[from] Parting Shot\n|-ability|p2a: Zamazenta|Dauntless Shield|boost\n|-boost|p2a: Zamazenta|def|1\n|\n|-heal|p1a: Incineroar|100/100|[from] Grassy Terrain\n|upkeep\n|turn|5\n|\n|t:|1770864834\n|move|p2a: Zamazenta|Body Press|p1a: Incineroar\n|-supereffective|p1a: Incineroar\n|-damage|p1a: Incineroar|0 fnt\n|faint|p1a: Incineroar\n|move|p2b: Lunala|Moongeist Beam|p1b: Volcarona\n|-damage|p1b: Volcarona|2/100\n|move|p1b: Volcarona|Fiery Dance|p2a: Zamazenta\n|-supereffective|p2a: Zamazenta\n|-damage|p2a: Zamazenta|62/100\n|-boost|p1b: Volcarona|spa|1\n|\n|-heal|p2a: Zamazenta|68/100|[from] Grassy Terrain\n|-heal|p1b: Volcarona|8/100|[from] Grassy Terrain\n|-fieldend|move: Grassy Terrain\n|upkeep\n|\n|t:|1770864846\n|switch|p1a: Miraidon|Miraidon, L50, shiny|90/100\n|-fieldstart|move: Electric Terrain|[from] ability: Hadron Engine|[of] p1a: Miraidon\n|turn|6\n|\n|t:|1770864863\n|move|p2a: Zamazenta|Body Press|p1a: Miraidon\n|-damage|p1a: Miraidon|30/100\n|move|p1a: Miraidon|Snarl|p2b: Lunala|[spread] p2a,p2b\n|-resisted|p2a: Zamazenta\n|-supereffective|p2b: Lunala\n|-damage|p2a: Zamazenta|59/100\n|-damage|p2b: Lunala|84/100\n|-unboost|p2a: Zamazenta|spa|1\n|-unboost|p2b: Lunala|spa|1\n|move|p2b: Lunala|Moongeist Beam|p1a: Miraidon\n|-damage|p1a: Miraidon|0 fnt\n|faint|p1a: Miraidon\n|move|p1b: Volcarona|Tailwind|p1b: Volcarona\n|-sidestart|p1: blackred123|move: Tailwind\n|\n|-heal|p2b: Lunala|90/100|[from] item: Leftovers\n|upkeep\n|\n|t:|1770864874\n|switch|p1a: Calyrex|Calyrex-Ice, L50|100/100\n|-ability|p1a: Calyrex|As One\n|-ability|p1a: Calyrex|Unnerve\n|turn|7\n|\n|t:|1770864892\n|-terastallize|p1a: Calyrex|Fire\n|move|p2a: Zamazenta|Wide Guard|p2a: Zamazenta\n|-singleturn|p2a: Zamazenta|Wide Guard\n|move|p1b: Volcarona|Fiery Dance|p2b: Lunala\n|-damage|p2b: Lunala|78/100\n|move|p1a: Calyrex|High Horsepower|p2a: Zamazenta\n|-supereffective|p2a: Zamazenta\n|-damage|p2a: Zamazenta|29/100\n|move|p2b: Lunala|Moongeist Beam|p1b: Volcarona\n|-damage|p1b: Volcarona|0 fnt\n|faint|p1b: Volcarona\n|\n|-heal|p2b: Lunala|84/100|[from] item: Leftovers\n|upkeep\n|turn|8\n|-message|blackred123 forfeited.\n|\n|win|lalo's pollos\n|raw|blackred123's rating: 1439 &rarr; <strong>1427</strong><br />(-12 for losing)\n|raw|lalo&apos;s pollos's rating: 1583 &rarr; <strong>1595</strong><br />(+12 for winning)\n|l|\u2606blackred123\n|player|p1|\n|l| lunala fairy ghost\n","uploadtime":1770865152,"views":19,"formatid":"gen9vgc2026regi","rating":1427,"private":0,"password":null}