{"id":"gen9vgc2026regi-2573841361","format":"[Gen 9] VGC 2026 Reg I","players":["Hazweioh","fennel_strawborzoi"],"log":"|j|\u2606Hazweioh\n|j|\u2606fennel_strawborzoi\n|t:|1775170111\n|gametype|doubles\n|player|p1|Hazweioh|101|1386\n|player|p2|fennel_strawborzoi|cynthia-gen4|1343\n|gen|9\n|tier|[Gen 9] VGC 2026 Reg I\n|rated|\n|rule|Species Clause: Limit one of each Pok\u00e9mon\n|rule|Item Clause: Limit 1 of each item\n|clearpoke\n|poke|p1|Calyrex-Shadow, L50|\n|poke|p1|Koraidon, L50|\n|poke|p1|Rillaboom, L50, M|\n|poke|p1|Incineroar, L50, F|\n|poke|p1|Volcarona, L50, F|\n|poke|p1|Regieleki, L50|\n|poke|p2|Chien-Pao, L50|\n|poke|p2|Zacian-*, L50|\n|poke|p2|Kyogre, L50|\n|poke|p2|Urshifu-*, L50, M|\n|poke|p2|Roaring Moon, L50|\n|poke|p2|Amoonguss, L50, M|\n|teampreview|4\n|\n|t:|1775170170\n|teamsize|p1|4\n|teamsize|p2|4\n|start\n|switch|p1a: Regieleki|Regieleki, L50, shiny|100/100\n|switch|p1b: Incineroar|Incineroar, L50, F, shiny|100/100\n|switch|p2a: Kyogre|Kyogre, L50, shiny|100/100\n|switch|p2b: Roaring Moon|Roaring Moon, L50, shiny|100/100\n|-weather|RainDance|[from] ability: Drizzle|[of] p2a: Kyogre\n|-ability|p1b: Incineroar|Intimidate|boost\n|-unboost|p2a: Kyogre|atk|1\n|-unboost|p2b: Roaring Moon|atk|1\n|-enditem|p2b: Roaring Moon|Booster Energy\n|-activate|p2b: Roaring Moon|ability: Protosynthesis|[fromitem]\n|-start|p2b: Roaring Moon|protosynthesisspe\n|turn|1\n|inactive|Battle timer is ON: inactive players will automatically lose when time's up. (requested by fennel_strawborzoi)\n|\n|t:|1775170184\n|move|p2a: Kyogre|Protect|p2a: Kyogre\n|-singleturn|p2a: Kyogre|Protect\n|move|p1b: Incineroar|Fake Out|p2a: Kyogre\n|-activate|p2a: Kyogre|move: Protect\n|move|p2b: Roaring Moon|Tailwind|p2b: Roaring Moon\n|-sidestart|p2: fennel_strawborzoi|move: Tailwind\n|move|p1a: Regieleki|Volt Switch|p2b: Roaring Moon\n|-resisted|p2b: Roaring Moon\n|-damage|p2b: Roaring Moon|82/100\n|\n|t:|1775170194\n|switch|p1a: Koraidon|Koraidon, L50|100/100|[from] Volt Switch\n|-weather|SunnyDay|[from] ability: Orichalcum Pulse|[of] p1a: Koraidon\n|-activate|p1a: Koraidon|Orichalcum Pulse|[source]\n|\n|-weather|SunnyDay|[upkeep]\n|upkeep\n|turn|2\n|\n|t:|1775170218\n|switch|p2a: Chien-Pao|Chien-Pao, L50, shiny|100/100\n|-ability|p2a: Chien-Pao|Sword of Ruin\n|-terastallize|p2b: Roaring Moon|Flying\n|-terastallize|p1b: Incineroar|Bug\n|move|p2b: Roaring Moon|Acrobatics|p1a: Koraidon\n|-supereffective|p1a: Koraidon\n|-damage|p1a: Koraidon|25/100\n|move|p1a: Koraidon|Collision Course|p2b: Roaring Moon\n|-resisted|p2b: Roaring Moon\n|-damage|p2b: Roaring Moon|21/100\n|move|p1b: Incineroar|Parting Shot|p2a: Chien-Pao\n|-unboost|p2a: Chien-Pao|atk|1\n|-unboost|p2a: Chien-Pao|spa|1\n|\n|t:|1775170236\n|switch|p1b: Regieleki|Regieleki, L50, shiny|100/100|[from] Parting Shot\n|\n|-weather|SunnyDay|[upkeep]\n|upkeep\n|turn|3\n|\n|t:|1775170254\n|switch|p1a: Incineroar|Incineroar, L50, F, shiny, tera:Bug|100/100\n|-ability|p1a: Incineroar|Intimidate|boost\n|-unboost|p2a: Chien-Pao|atk|1\n|-unboost|p2b: Roaring Moon|atk|1\n|move|p1b: Regieleki|Protect|p1b: Regieleki\n|-singleturn|p1b: Regieleki|Protect\n|move|p2b: Roaring Moon|Knock Off|p1b: Regieleki\n|-activate|p1b: Regieleki|move: Protect\n|move|p2a: Chien-Pao|Sacred Sword|p1b: Regieleki\n|-activate|p1b: Regieleki|move: Protect\n|\n|-weather|SunnyDay|[upkeep]\n|upkeep\n|turn|4\n|\n|t:|1775170270\n|switch|p2a: Kyogre|Kyogre, L50, shiny|100/100\n|-weather|RainDance|[from] ability: Drizzle|[of] p2a: Kyogre\n|move|p2b: Roaring Moon|Protect|p2b: Roaring Moon\n|-singleturn|p2b: Roaring Moon|Protect\n|move|p1a: Incineroar|Fake Out|p2b: Roaring Moon\n|-activate|p2b: Roaring Moon|move: Protect\n|move|p1b: Regieleki|Electroweb|p2a: Kyogre|[spread] p2a\n|-activate|p2b: Roaring Moon|move: Protect\n|-supereffective|p2a: Kyogre\n|-damage|p2a: Kyogre|63/100\n|-unboost|p2a: Kyogre|spe|1\n|\n|-weather|RainDance|[upkeep]\n|-sideend|p2: fennel_strawborzoi|move: Tailwind\n|upkeep\n|turn|5\n|\n|t:|1775170293\n|move|p2b: Roaring Moon|Tailwind|p2b: Roaring Moon\n|-sidestart|p2: fennel_strawborzoi|move: Tailwind\n|move|p1b: Regieleki|Volt Switch|p2a: Kyogre\n|-supereffective|p2a: Kyogre\n|-damage|p2a: Kyogre|0 fnt\n|faint|p2a: Kyogre\n|-message|fennel_strawborzoi forfeited.\n|\n|win|Hazweioh\n|raw|Hazweioh's rating: 1386 &rarr; <strong>1404</strong><br />(+18 for winning)\n|raw|fennel_strawborzoi's rating: 1343 &rarr; <strong>1325</strong><br />(-18 for losing)\n|l|\u2606fennel_strawborzoi\n|player|p2|\n|l|\u2606Hazweioh\n|player|p1|\n","uploadtime":1775170437,"views":8,"formatid":"gen9vgc2026regi","rating":1325,"private":0,"password":null}