{"id":"gen9vgc2026regi-2553742462","format":"[Gen 9] VGC 2026 Reg I","players":["b3testing","Dfhvng"],"log":"|j|\u2606b3testing\n|j|\u2606Dfhvng\n|t:|1772871577\n|gametype|doubles\n|player|p1|b3testing|265|1474\n|player|p2|Dfhvng|169|1473\n|gen|9\n|tier|[Gen 9] VGC 2026 Reg I\n|rated|\n|rule|Species Clause: Limit one of each Pok\u00e9mon\n|rule|Item Clause: Limit 1 of each item\n|clearpoke\n|poke|p1|Terapagos, L50, M|\n|poke|p1|Calyrex-Shadow, L50|\n|poke|p1|Incineroar, L50, F|\n|poke|p1|Amoonguss, L50, F|\n|poke|p1|Tornadus, L50, M|\n|poke|p1|Smeargle, L50, F|\n|poke|p2|Annihilape, L50, F|\n|poke|p2|Calyrex-Ice, L50|\n|poke|p2|Smeargle, L50, F|\n|poke|p2|Indeedee-F, L50, F|\n|poke|p2|Lunala, L50|\n|poke|p2|Torkoal, L50, M|\n|teampreview|4\n|inactive|Battle timer is ON: inactive players will automatically lose when time's up. (requested by b3testing)\n|inactive|Dfhvng also wants the timer to be on.\n|\n|t:|1772871603\n|teamsize|p1|4\n|teamsize|p2|4\n|start\n|switch|p1a: Smeargle|Smeargle, L50, F|100/100\n|switch|p1b: Calyrex|Calyrex-Shadow, L50|100/100\n|switch|p2a: Calyrex|Calyrex-Ice, L50|100/100\n|switch|p2b: Smeargle|Smeargle, L50, F|100/100\n|-ability|p1b: Calyrex|As One\n|-ability|p1b: Calyrex|Unnerve\n|-ability|p2a: Calyrex|As One\n|-ability|p2a: Calyrex|Unnerve\n|turn|1\n|inactive|b3testing has 30 seconds left.\n|inactive|b3testing has 20 seconds left.\n|\n|t:|1772871649\n|-terastallize|p2a: Calyrex|Water\n|move|p1a: Smeargle|Fake Out|p2b: Smeargle\n|-damage|p2b: Smeargle|89/100\n|move|p1b: Calyrex|Astral Barrage|p2b: Smeargle|[spread] p2a\n|-immune|p2b: Smeargle\n|-damage|p2a: Calyrex|51/100\n|-damage|p1b: Calyrex|91/100|[from] item: Life Orb\n|cant|p2b: Smeargle|flinch\n|move|p2a: Calyrex|Glacial Lance|p1a: Smeargle|[spread] p1a,p1b\n|-enditem|p1a: Smeargle|Focus Sash\n|-damage|p1a: Smeargle|1/100\n|-damage|p1b: Calyrex|23/100\n|\n|-ability|p1a: Smeargle|Moody|boost\n|-boost|p1a: Smeargle|atk|2\n|-unboost|p1a: Smeargle|spe|1\n|-ability|p2b: Smeargle|Moody|boost\n|-boost|p2b: Smeargle|atk|2\n|-unboost|p2b: Smeargle|spa|1\n|upkeep\n|turn|2\n|inactive|b3testing has 30 seconds left.\n|inactive|Dfhvng has 30 seconds left.\n|inactive|Dfhvng has 20 seconds left.\n|\n|t:|1772871685\n|move|p1b: Calyrex|Protect|p1b: Calyrex\n|-singleturn|p1b: Calyrex|Protect\n|move|p2b: Smeargle|Follow Me|p2b: Smeargle\n|-singleturn|p2b: Smeargle|move: Follow Me\n|move|p1a: Smeargle|Spore|p2b: Smeargle\n|-status|p2b: Smeargle|slp|[from] move: Spore\n|move|p2a: Calyrex|Trick Room|p2a: Calyrex\n|-fieldstart|move: Trick Room|[of] p2a: Calyrex\n|\n|-ability|p1a: Smeargle|Moody|boost\n|-boost|p1a: Smeargle|atk|2\n|-unboost|p1a: Smeargle|def|1\n|-ability|p2b: Smeargle|Moody|boost\n|-boost|p2b: Smeargle|atk|2\n|-unboost|p2b: Smeargle|def|1\n|upkeep\n|turn|3\n|\n|t:|1772871699\n|switch|p2b: Annihilape|Annihilape, L50, F|100/100\n|switch|p1b: Incineroar|Incineroar, L50, F|100/100\n|-ability|p1b: Incineroar|Intimidate|boost\n|-fail|p2a: Calyrex|unboost|[from] item: Clear Amulet|[of] p2a: Calyrex\n|-unboost|p2b: Annihilape|atk|1\n|-ability|p2b: Annihilape|Defiant|boost\n|-boost|p2b: Annihilape|atk|2\n|move|p2a: Calyrex|Glacial Lance|p1a: Smeargle|[spread] p1a,p1b\n|-resisted|p1b: Incineroar\n|-damage|p1a: Smeargle|0 fnt\n|-damage|p1b: Incineroar|72/100\n|faint|p1a: Smeargle\n|-ability|p2a: Calyrex|Chilling Neigh|boost\n|-boost|p2a: Calyrex|atk|1\n|\n|upkeep\n|\n|t:|1772871705\n|switch|p1a: Terapagos|Terapagos, L50, M|100/100\n|-activate|p1a: Terapagos|ability: Tera Shift\n|detailschange|p1a: Terapagos|Terapagos-Terastal, L50, M\n|-heal|p1a: Terapagos|100/100|[silent]\n|turn|4\n|inactive|b3testing has 30 seconds left.\n|inactive|Dfhvng has 30 seconds left.\n|inactive|b3testing has 20 seconds left.\n|inactive|Dfhvng has 20 seconds left.\n|inactive|b3testing has 15 seconds left.\n|inactive|Dfhvng has 15 seconds left.\n|\n|t:|1772871750\n|switch|p1a: Calyrex|Calyrex-Shadow, L50|23/100\n|-ability|p1a: Calyrex|As One\n|-ability|p1a: Calyrex|Unnerve\n|move|p2a: Calyrex|Protect|p2a: Calyrex\n|-singleturn|p2a: Calyrex|Protect\n|move|p2b: Annihilape|Coaching|p2a: Calyrex\n|-boost|p2a: Calyrex|atk|1\n|-boost|p2a: Calyrex|def|1\n|move|p1b: Incineroar|U-turn|p2b: Annihilape\n|-resisted|p2b: Annihilape\n|-damage|p2b: Annihilape|95/100\n|\n|t:|1772871756\n|switch|p1b: Terapagos|Terapagos-Terastal, L50, M|100/100|[from] U-turn\n|\n|upkeep\n|turn|5\n|\n|t:|1772871767\n|-terastallize|p1b: Terapagos|Stellar\n|detailschange|p1b: Terapagos|Terapagos-Stellar, L50, M, tera:Stellar\n|-heal|p1b: Terapagos|100/100|[silent]\n|move|p1a: Calyrex|Protect|p1a: Calyrex\n|-singleturn|p1a: Calyrex|Protect\n|move|p2b: Annihilape|Close Combat|p1b: Terapagos\n|-supereffective|p1b: Terapagos\n|-damage|p1b: Terapagos|0 fnt\n|-unboost|p2b: Annihilape|def|1\n|-unboost|p2b: Annihilape|spd|1\n|faint|p1b: Terapagos\n|detailschange|p1: Terapagos|Terapagos, L50, M|[silent]\n|move|p2a: Calyrex|Glacial Lance|p1a: Calyrex\n|-activate|p1a: Calyrex|move: Protect\n|\n|upkeep\n|inactive|b3testing has 30 seconds left.\n|inactive|b3testing has 20 seconds left.\n|inactive|b3testing has 15 seconds left.\n|inactive|b3testing has 10 seconds left.\n|-message|b3testing forfeited.\n|\n|win|Dfhvng\n|raw|b3testing's rating: 1474 &rarr; <strong>1454</strong><br />(-20 for losing)\n|raw|Dfhvng's rating: 1473 &rarr; <strong>1493</strong><br />(+20 for winning)\n|l|\u2606b3testing\n|player|p1|\n","uploadtime":1772872037,"views":14,"formatid":"gen9vgc2026regi","rating":1454,"private":0,"password":null}