{"id":"gen9vgc2026regi-2573071619","format":"[Gen 9] VGC 2026 Reg I","players":["Professor Waakhond","kyoshi4"],"log":"|j|\u2606Professor Waakhond\n|j|\u2606kyoshi4\n|t:|1775087727\n|gametype|doubles\n|player|p1|Professor Waakhond|102|1156\n|player|p2|kyoshi4|cynthia-gen4|1245\n|gen|9\n|tier|[Gen 9] VGC 2026 Reg I\n|rated|\n|rule|Species Clause: Limit one of each Pok\u00e9mon\n|rule|Item Clause: Limit 1 of each item\n|clearpoke\n|poke|p1|Glimmora, L50, F|\n|poke|p1|Maushold, L50|\n|poke|p1|Dondozo, L50, F|\n|poke|p1|Gastrodon, L50, F|\n|poke|p1|Annihilape, L50, F|\n|poke|p1|Clodsire, L50, F|\n|poke|p2|Chien-Pao, L50|\n|poke|p2|Kyogre, L50|\n|poke|p2|Roaring Moon, L50|\n|poke|p2|Zamazenta-*, L50|\n|poke|p2|Landorus, L50, M|\n|poke|p2|Amoonguss, L50, M|\n|teampreview|4\n|inactive|Battle timer is ON: inactive players will automatically lose when time's up. (requested by Professor Waakhond)\n|\n|t:|1775087771\n|teamsize|p1|4\n|teamsize|p2|4\n|start\n|switch|p1a: Gastrodon|Gastrodon, L50, F|100/100\n|switch|p1b: Maushold|Maushold, L50|100/100\n|switch|p2a: Landorus|Landorus, L50, M|100/100\n|switch|p2b: Kyogre|Kyogre, L50|100/100\n|-weather|RainDance|[from] ability: Drizzle|[of] p2b: Kyogre\n|turn|1\n|inactive|Professor Waakhond has 30 seconds left.\n|\n|t:|1775087797\n|switch|p2b: Roaring Moon|Roaring Moon, L50|100/100\n|-enditem|p2b: Roaring Moon|Booster Energy\n|-activate|p2b: Roaring Moon|ability: Protosynthesis|[fromitem]\n|-start|p2b: Roaring Moon|protosynthesisspe\n|move|p2a: Landorus|Sandsear Storm|p1a: Gastrodon|[spread] p1a,p1b\n|-damage|p1a: Gastrodon|77/100\n|-damage|p1b: Maushold|44/100\n|move|p1b: Maushold|Super Fang|p2b: Roaring Moon\n|-damage|p2b: Roaring Moon|51/100\n|move|p1a: Gastrodon|Yawn|p2a: Landorus\n|-start|p2a: Landorus|move: Yawn|[of] p1a: Gastrodon\n|\n|-weather|RainDance|[upkeep]\n|upkeep\n|turn|2\n|inactive|Professor Waakhond has 30 seconds left.\n|inactive|Professor Waakhond has 20 seconds left.\n|\n|t:|1775087834\n|move|p2b: Roaring Moon|Knock Off|p1a: Gastrodon\n|-damage|p1a: Gastrodon|34/100\n|-enditem|p1a: Gastrodon|Sitrus Berry|[from] move: Knock Off|[of] p2b: Roaring Moon\n|move|p2a: Landorus|Sandsear Storm|p1b: Maushold|[spread] p1a,p1b\n|-crit|p1b: Maushold\n|-damage|p1a: Gastrodon|8/100\n|-damage|p1b: Maushold|0 fnt\n|faint|p1b: Maushold\n|move|p1a: Gastrodon|Yawn|p2b: Roaring Moon\n|-start|p2b: Roaring Moon|move: Yawn|[of] p1a: Gastrodon\n|\n|-weather|RainDance|[upkeep]\n|-end|p2a: Landorus|move: Yawn|[silent]\n|-status|p2a: Landorus|slp\n|upkeep\n|\n|t:|1775087856\n|switch|p1b: Dondozo|Dondozo, L50, F|100/100\n|turn|3\n|\n|t:|1775087873\n|move|p2b: Roaring Moon|Knock Off|p1b: Dondozo\n|-damage|p1b: Dondozo|78/100\n|-enditem|p1b: Dondozo|Leftovers|[from] move: Knock Off|[of] p2b: Roaring Moon\n|cant|p2a: Landorus|slp\n|move|p1a: Gastrodon|Recover|p1a: Gastrodon\n|-heal|p1a: Gastrodon|58/100\n|move|p1b: Dondozo|Body Press|p2b: Roaring Moon\n|-supereffective|p2b: Roaring Moon\n|-damage|p2b: Roaring Moon|0 fnt\n|faint|p2b: Roaring Moon\n|-end|p2b: Roaring Moon|Protosynthesis|[silent]\n|\n|-weather|RainDance|[upkeep]\n|upkeep\n|\n|t:|1775087881\n|switch|p2b: Chien-Pao|Chien-Pao, L50|100/100\n|-ability|p2b: Chien-Pao|Sword of Ruin\n|turn|4\n|\n|t:|1775087900\n|-curestatus|p2a: Landorus|slp|[msg]\n|move|p2a: Landorus|Sandsear Storm|p1a: Gastrodon|[spread] p1a,p1b\n|-damage|p1a: Gastrodon|28/100\n|-damage|p1b: Dondozo|28/100\n|move|p2b: Chien-Pao|Ruination|p1b: Dondozo\n|-damage|p1b: Dondozo|14/100\n|move|p1a: Gastrodon|Yawn|p2b: Chien-Pao\n|-start|p2b: Chien-Pao|move: Yawn|[of] p1a: Gastrodon\n|move|p1b: Dondozo|Body Press|p2b: Chien-Pao\n|-supereffective|p2b: Chien-Pao\n|-enditem|p2b: Chien-Pao|Focus Sash\n|-damage|p2b: Chien-Pao|1/100\n|\n|-weather|RainDance|[upkeep]\n|upkeep\n|turn|5\n|inactive|Professor Waakhond has 30 seconds left.\n|\n|t:|1775087929\n|switch|p2b: Kyogre|Kyogre, L50|100/100\n|move|p1b: Dondozo|Protect|p1b: Dondozo\n|-singleturn|p1b: Dondozo|Protect\n|move|p2a: Landorus|Sandsear Storm|p1b: Dondozo|[spread] p1a\n|-activate|p1b: Dondozo|move: Protect\n|-damage|p1a: Gastrodon|0 fnt\n|faint|p1a: Gastrodon\n|\n|-weather|none\n|upkeep\n|\n|t:|1775087939\n|switch|p1a: Glimmora|Glimmora, L50, F|100/100\n|turn|6\n|\n|t:|1775087953\n|move|p2a: Landorus|Sandsear Storm|p1b: Dondozo|[spread] p1a,p1b\n|-supereffective|p1a: Glimmora\n|-enditem|p1a: Glimmora|Focus Sash\n|-damage|p1a: Glimmora|1/100\n|-damage|p1b: Dondozo|0 fnt\n|faint|p1b: Dondozo\n|move|p1a: Glimmora|Mortal Spin|p2a: Landorus|[spread] p2a,p2b\n|-resisted|p2a: Landorus\n|-damage|p2a: Landorus|99/100\n|-damage|p2b: Kyogre|97/100\n|-status|p2a: Landorus|psn\n|-status|p2b: Kyogre|psn\n|move|p2b: Kyogre|Water Spout|p1a: Glimmora\n|-supereffective|p1a: Glimmora\n|-damage|p1a: Glimmora|0 fnt\n|faint|p1a: Glimmora\n|\n|win|kyoshi4\n|raw|Professor Waakhond's rating: 1156 &rarr; <strong>1137</strong><br />(-19 for losing)\n|raw|kyoshi4's rating: 1245 &rarr; <strong>1264</strong><br />(+19 for winning)\n|l|\u2606Professor Waakhond\n|player|p1|\n","uploadtime":1775087977,"views":17,"formatid":"gen9vgc2026regi","rating":1137,"private":0,"password":null}