{"id":"gen9vgc2026regi-2523453609","format":"[Gen 9] VGC 2026 Reg I","players":["Pyxiiz","j0l0k0"],"log":"|j|\u2606Pyxiiz\n|j|\u2606j0l0k0\n|t:|1769026829\n|gametype|doubles\n|player|p1|Pyxiiz|miku-grass|1182\n|player|p2|j0l0k0|brycen|1333\n|gen|9\n|tier|[Gen 9] VGC 2026 Reg I\n|rated|\n|rule|Species Clause: Limit one of each Pok\u00e9mon\n|rule|Item Clause: Limit 1 of each item\n|clearpoke\n|poke|p1|Chien-Pao, L50|\n|poke|p1|Salamence, L50, F|\n|poke|p1|Solgaleo, L50|\n|poke|p1|Rillaboom, L50, F|\n|poke|p1|Calyrex-Shadow, L50|\n|poke|p1|Clefairy, L50, M|\n|poke|p2|Calyrex-Ice, L50|\n|poke|p2|Kyogre, L50|\n|poke|p2|Indeedee-F, L50, F|\n|poke|p2|Urshifu-*, L50, F|\n|poke|p2|Amoonguss, L50, F|\n|poke|p2|Landorus, L50, M|\n|teampreview|4\n|inactive|Battle timer is ON: inactive players will automatically lose when time's up. (requested by j0l0k0)\n|inactive|Pyxiiz also wants the timer to be on.\n|\n|t:|1769026845\n|teamsize|p1|4\n|teamsize|p2|4\n|start\n|switch|p1a: Glimbus|Salamence, L50, F, shiny|100/100\n|switch|p1b: Sunburn|Solgaleo, L50, shiny|100/100\n|switch|p2a: Indeedee|Indeedee-F, L50, F, shiny|100/100\n|switch|p2b: Calyrex|Calyrex-Ice, L50|100/100\n|-ability|p2b: Calyrex|As One\n|-ability|p2b: Calyrex|Unnerve\n|-ability|p1a: Glimbus|Intimidate|boost\n|-unboost|p2a: Indeedee|atk|1\n|-fail|p2b: Calyrex|unboost|[from] item: Clear Amulet|[of] p2b: Calyrex\n|-fieldstart|move: Psychic Terrain|[from] ability: Psychic Surge|[of] p2a: Indeedee\n|turn|1\n|\n|t:|1769026859\n|move|p2a: Indeedee|Follow Me|p2a: Indeedee\n|-singleturn|p2a: Indeedee|move: Follow Me\n|move|p1a: Glimbus|Bulldoze|p2a: Indeedee|[spread] p1b,p2a,p2b\n|-supereffective|p1b: Sunburn\n|-damage|p1b: Sunburn|82/100\n|-damage|p2a: Indeedee|87/100\n|-damage|p2b: Calyrex|93/100\n|-unboost|p2a: Indeedee|spe|1\n|-enditem|p1b: Sunburn|Weakness Policy\n|-boost|p1b: Sunburn|atk|2|[from] item: Weakness Policy\n|-boost|p1b: Sunburn|spa|2|[from] item: Weakness Policy\n|move|p1b: Sunburn|Sunsteel Strike|p2a: Indeedee\n|-damage|p2a: Indeedee|0 fnt\n|faint|p2a: Indeedee\n|move|p2b: Calyrex|Trick Room|p2b: Calyrex\n|-fieldstart|move: Trick Room|[of] p2b: Calyrex\n|\n|upkeep\n|\n|t:|1769026872\n|switch|p2a: Kyogre|Kyogre, L50, shiny|100/100\n|-weather|RainDance|[from] ability: Drizzle|[of] p2a: Kyogre\n|turn|2\n|\n|t:|1769026895\n|move|p1b: Sunburn|Protect|p1b: Sunburn\n|-singleturn|p1b: Sunburn|Protect\n|move|p2b: Calyrex|Glacial Lance|p1a: Glimbus|[spread] p1a\n|-activate|p1b: Sunburn|move: Protect\n|-supereffective|p1a: Glimbus\n|-damage|p1a: Glimbus|0 fnt\n|faint|p1a: Glimbus\n|-ability|p2b: Calyrex|Chilling Neigh|boost\n|-boost|p2b: Calyrex|atk|1\n|move|p2a: Kyogre|Hydro Pump|p1b: Sunburn\n|-activate|p1b: Sunburn|move: Protect\n|\n|-weather|RainDance|[upkeep]\n|upkeep\n|\n|t:|1769026905\n|switch|p1a: Rage Baiter|Clefairy, L50, M|100/100\n|turn|3\n|\n|t:|1769026911\n|move|p1a: Rage Baiter|After You|p1b: Sunburn\n|-activate|p1b: Sunburn|move: After You\n|move|p1b: Sunburn|Sunsteel Strike|p2b: Calyrex\n|-supereffective|p2b: Calyrex\n|-damage|p2b: Calyrex|0 fnt\n|faint|p2b: Calyrex\n|move|p2a: Kyogre|Hydro Pump|p1b: Sunburn|[miss]\n|-miss|p2a: Kyogre|p1b: Sunburn\n|\n|-weather|RainDance|[upkeep]\n|upkeep\n|\n|t:|1769026920\n|switch|p2b: Urshifu|Urshifu, L50, F|100/100\n|turn|4\n|\n|t:|1769026933\n|move|p1a: Rage Baiter|Follow Me|p1a: Rage Baiter\n|-singleturn|p1a: Rage Baiter|move: Follow Me\n|move|p2a: Kyogre|Hydro Pump|p1a: Rage Baiter\n|-damage|p1a: Rage Baiter|14/100\n|move|p2b: Urshifu|Wicked Blow|p1a: Rage Baiter\n|-resisted|p1a: Rage Baiter\n|-crit|p1a: Rage Baiter\n|-damage|p1a: Rage Baiter|0 fnt\n|faint|p1a: Rage Baiter\n|move|p1b: Sunburn|Psychic Fangs|p2a: Kyogre\n|-damage|p2a: Kyogre|0 fnt\n|faint|p2a: Kyogre\n|\n|-weather|RainDance|[upkeep]\n|upkeep\n|\n|t:|1769026942\n|switch|p1a: Umamusume|Calyrex-Shadow, L50|100/100\n|-ability|p1a: Umamusume|As One\n|-ability|p1a: Umamusume|Unnerve\n|turn|5\n|\n|t:|1769026956\n|move|p2b: Urshifu|Wicked Blow|p1a: Umamusume\n|-supereffective|p1a: Umamusume\n|-crit|p1a: Umamusume\n|-enditem|p1a: Umamusume|Focus Sash\n|-damage|p1a: Umamusume|1/100\n|move|p1b: Sunburn|Close Combat|p2b: Urshifu\n|-supereffective|p2b: Urshifu\n|-enditem|p2b: Urshifu|Focus Sash\n|-damage|p2b: Urshifu|1/100\n|-unboost|p1b: Sunburn|def|1\n|-unboost|p1b: Sunburn|spd|1\n|move|p1a: Umamusume|Astral Barrage|p2b: Urshifu\n|-resisted|p2b: Urshifu\n|-damage|p2b: Urshifu|0 fnt\n|faint|p2b: Urshifu\n|\n|win|Pyxiiz\n|raw|Pyxiiz's rating: 1182 &rarr; <strong>1217</strong><br />(+35 for winning)\n|raw|j0l0k0's rating: 1333 &rarr; <strong>1305</strong><br />(-28 for losing)\n|l|\u2606j0l0k0\n|player|p2|\n|c|\u2606Pyxiiz|gg\n|l|\u2606Pyxiiz\n|player|p1|\n","uploadtime":1769027206,"views":12,"formatid":"gen9vgc2026regi","rating":1217,"private":0,"password":null}