{"id":"gen9vgc2026regi-2525801032","format":"[Gen 9] VGC 2026 Reg I","players":["be a berry","Fogdocker"],"log":"|j|\u2606be a berry\n|j|\u2606Fogdocker\n|t:|1769329172\n|gametype|doubles\n|player|p1|be a berry|pokemonranger-gen4|1179\n|player|p2|Fogdocker|169|1349\n|gen|9\n|tier|[Gen 9] VGC 2026 Reg I\n|rated|\n|rule|Species Clause: Limit one of each Pok\u00e9mon\n|rule|Item Clause: Limit 1 of each item\n|clearpoke\n|poke|p1|Calyrex-Shadow, L50|\n|poke|p1|Zamazenta-*, L50|\n|poke|p1|Incineroar, L50, F|\n|poke|p1|Rillaboom, L50, M|\n|poke|p1|Farigiraf, L50, F|\n|poke|p1|Raging Bolt, L50|\n|poke|p2|Calyrex-Shadow, L50|\n|poke|p2|Zacian-*, L50|\n|poke|p2|Tornadus, L50, M|\n|poke|p2|Landorus, L50, M|\n|poke|p2|Urshifu-*, L50, F|\n|poke|p2|Incineroar, L50, M|\n|teampreview|4\n|inactive|Battle timer is ON: inactive players will automatically lose when time's up. (requested by be a berry)\n|inactive|Fogdocker has 60 seconds left.\n|\n|t:|1769329213\n|teamsize|p1|4\n|teamsize|p2|4\n|start\n|switch|p1a: Calyrex|Calyrex-Shadow, L50|100/100\n|switch|p1b: Incineroar|Incineroar, L50, F|100/100\n|switch|p2a: Tornadus|Tornadus, L50, M|100/100\n|switch|p2b: Urshifu|Urshifu-Rapid-Strike, L50, F|100/100\n|-ability|p1a: Calyrex|As One\n|-ability|p1a: Calyrex|Unnerve\n|-ability|p1b: Incineroar|Intimidate|boost\n|-unboost|p2a: Tornadus|atk|1\n|-unboost|p2b: Urshifu|atk|1\n|turn|1\n|\n|t:|1769329230\n|move|p2b: Urshifu|Detect|p2b: Urshifu\n|-singleturn|p2b: Urshifu|Protect\n|move|p1b: Incineroar|Fake Out|p2b: Urshifu\n|-activate|p2b: Urshifu|move: Protect\n|move|p2a: Tornadus|Tailwind|p2a: Tornadus\n|-sidestart|p2: Fogdocker|move: Tailwind\n|move|p1a: Calyrex|Nasty Plot|p1a: Calyrex\n|-boost|p1a: Calyrex|spa|2\n|\n|upkeep\n|turn|2\n|\n|t:|1769329248\n|move|p2a: Tornadus|Rain Dance|p2a: Tornadus\n|-weather|RainDance\n|move|p2b: Urshifu|Surging Strikes|p1a: Calyrex\n|-crit|p1a: Calyrex\n|-damage|p1a: Calyrex|58/100\n|-crit|p1a: Calyrex\n|-damage|p1a: Calyrex|20/100\n|-crit|p1a: Calyrex\n|-damage|p1a: Calyrex|0 fnt\n|faint|p1a: Calyrex\n|-hitcount|p1: Calyrex|3\n|move|p1b: Incineroar|Will-O-Wisp|p2b: Urshifu\n|-status|p2b: Urshifu|brn\n|\n|-weather|RainDance|[upkeep]\n|-damage|p2b: Urshifu|94/100 brn|[from] brn\n|upkeep\n|\n|t:|1769329254\n|switch|p1a: Raging Bolt|Raging Bolt, L50|100/100\n|turn|3\n|\n|t:|1769329270\n|switch|p2a: Landorus|Landorus, L50, M|100/100\n|move|p2b: Urshifu|Aqua Jet|p1b: Incineroar\n|-supereffective|p1b: Incineroar\n|-crit|p1b: Incineroar\n|-damage|p1b: Incineroar|52/100\n|move|p1a: Raging Bolt|Calm Mind|p1a: Raging Bolt\n|-boost|p1a: Raging Bolt|spa|1\n|-boost|p1a: Raging Bolt|spd|1\n|move|p1b: Incineroar|Knock Off|p2a: Landorus\n|-damage|p2a: Landorus|66/100\n|-enditem|p2a: Landorus|Life Orb|[from] move: Knock Off|[of] p1b: Incineroar\n|\n|-weather|RainDance|[upkeep]\n|-damage|p2b: Urshifu|88/100 brn|[from] brn\n|upkeep\n|turn|4\n|\n|t:|1769329290\n|-terastallize|p1a: Raging Bolt|Fairy\n|move|p2b: Urshifu|Surging Strikes|p1b: Incineroar\n|-supereffective|p1b: Incineroar\n|-crit|p1b: Incineroar\n|-damage|p1b: Incineroar|22/100\n|-supereffective|p1b: Incineroar\n|-crit|p1b: Incineroar\n|-damage|p1b: Incineroar|0 fnt\n|faint|p1b: Incineroar\n|-hitcount|p1: Incineroar|2\n|move|p2a: Landorus|Earth Power|p1a: Raging Bolt\n|-damage|p1a: Raging Bolt|69/100\n|move|p1a: Raging Bolt|Calm Mind|p1a: Raging Bolt\n|-boost|p1a: Raging Bolt|spa|1\n|-boost|p1a: Raging Bolt|spd|1\n|\n|-weather|RainDance|[upkeep]\n|-heal|p1a: Raging Bolt|75/100|[from] item: Leftovers\n|-damage|p2b: Urshifu|82/100 brn|[from] brn\n|-sideend|p2: Fogdocker|move: Tailwind\n|upkeep\n|\n|t:|1769329297\n|switch|p1b: Zamazenta|Zamazenta-Crowned, L50|100/100\n|-ability|p1b: Zamazenta|Dauntless Shield|boost\n|-boost|p1b: Zamazenta|def|1\n|turn|5\n|\n|t:|1769329316\n|switch|p2a: Tornadus|Tornadus, L50, M|100/100\n|move|p1b: Zamazenta|Protect|p1b: Zamazenta\n|-singleturn|p1b: Zamazenta|Protect\n|move|p2b: Urshifu|Taunt|p1a: Raging Bolt\n|-start|p1a: Raging Bolt|move: Taunt\n|move|p1a: Raging Bolt|Dragon Pulse|p2a: Tornadus\n|-damage|p2a: Tornadus|0 fnt\n|faint|p2a: Tornadus\n|\n|-weather|RainDance|[upkeep]\n|-heal|p1a: Raging Bolt|81/100|[from] item: Leftovers\n|-damage|p2b: Urshifu|76/100 brn|[from] brn\n|upkeep\n|\n|t:|1769329328\n|switch|p2a: Calyrex|Calyrex-Shadow, L50|100/100\n|-ability|p2a: Calyrex|As One\n|-ability|p2a: Calyrex|Unnerve\n|turn|6\n|\n|t:|1769329340\n|move|p1a: Raging Bolt|Thunderclap|p2b: Urshifu\n|-supereffective|p2b: Urshifu\n|-damage|p2b: Urshifu|0 fnt\n|faint|p2b: Urshifu\n|move|p2a: Calyrex|Encore|p1b: Zamazenta\n|-start|p1b: Zamazenta|Encore\n|move|p1b: Zamazenta|Protect|p1b: Zamazenta\n|-singleturn|p1b: Zamazenta|Protect\n|\n|-weather|none\n|-heal|p1a: Raging Bolt|87/100|[from] item: Leftovers\n|upkeep\n|\n|t:|1769329343\n|switch|p2b: Landorus|Landorus, L50, M|66/100\n|turn|7\n|\n|t:|1769329355\n|move|p1b: Zamazenta|Protect||[still]\n|-fail|p1b: Zamazenta\n|move|p2a: Calyrex|Encore|p1a: Raging Bolt\n|-start|p1a: Raging Bolt|Encore\n|move|p2b: Landorus|Sludge Bomb|p1a: Raging Bolt\n|-supereffective|p1a: Raging Bolt\n|-damage|p1a: Raging Bolt|56/100\n|move|p1a: Raging Bolt|Thunderclap||[still]\n|-fail|p1a: Raging Bolt\n|\n|-heal|p1a: Raging Bolt|62/100|[from] item: Leftovers\n|-end|p1a: Raging Bolt|move: Taunt\n|upkeep\n|turn|8\n|\n|t:|1769329369\n|move|p1b: Zamazenta|Protect|p1b: Zamazenta\n|-singleturn|p1b: Zamazenta|Protect\n|move|p1a: Raging Bolt|Thunderclap|p2b: Landorus\n|-immune|p2b: Landorus\n|move|p2a: Calyrex|Disable|p1b: Zamazenta\n|-activate|p1b: Zamazenta|move: Protect\n|move|p2b: Landorus|Sludge Bomb|p1a: Raging Bolt\n|-supereffective|p1a: Raging Bolt\n|-damage|p1a: Raging Bolt|31/100\n|\n|-heal|p1a: Raging Bolt|37/100|[from] item: Leftovers\n|-end|p1b: Zamazenta|Encore\n|upkeep\n|turn|9\n|\n|t:|1769329390\n|move|p1b: Zamazenta|Wide Guard|p1b: Zamazenta\n|-singleturn|p1b: Zamazenta|Wide Guard\n|move|p1a: Raging Bolt|Thunderclap||[still]\n|-fail|p1a: Raging Bolt\n|move|p2a: Calyrex|Encore|p1b: Zamazenta\n|-start|p1b: Zamazenta|Encore\n|move|p2b: Landorus|Sludge Bomb|p1a: Raging Bolt\n|-supereffective|p1a: Raging Bolt\n|-damage|p1a: Raging Bolt|4/100\n|\n|-heal|p1a: Raging Bolt|10/100|[from] item: Leftovers\n|-end|p1a: Raging Bolt|Encore\n|upkeep\n|turn|10\n|\n|t:|1769329404\n|move|p1a: Raging Bolt|Protect|p1a: Raging Bolt\n|-singleturn|p1a: Raging Bolt|Protect\n|move|p1b: Zamazenta|Wide Guard|p1b: Zamazenta\n|-singleturn|p1b: Zamazenta|Wide Guard\n|move|p2a: Calyrex|Encore|p1a: Raging Bolt\n|-activate|p1a: Raging Bolt|move: Protect\n|move|p2b: Landorus|Substitute|p2b: Landorus\n|-start|p2b: Landorus|Substitute\n|-damage|p2b: Landorus|42/100\n|\n|-heal|p1a: Raging Bolt|16/100|[from] item: Leftovers\n|upkeep\n|turn|11\n|\n|t:|1769329421\n|move|p1b: Zamazenta|Wide Guard|p1b: Zamazenta\n|-singleturn|p1b: Zamazenta|Wide Guard\n|move|p1a: Raging Bolt|Thunderclap||[still]\n|-fail|p1a: Raging Bolt\n|move|p2a: Calyrex|Encore|p1a: Raging Bolt\n|-start|p1a: Raging Bolt|Encore\n|move|p2b: Landorus|Sludge Bomb|p1a: Raging Bolt\n|-supereffective|p1a: Raging Bolt\n|-damage|p1a: Raging Bolt|0 fnt\n|faint|p1a: Raging Bolt\n|-end|p1a: Raging Bolt|Protosynthesis|[silent]\n|\n|upkeep\n|turn|12\n|-message|be a berry forfeited.\n|\n|win|Fogdocker\n|raw|be a berry's rating: 1179 &rarr; <strong>1165</strong><br />(-14 for losing)\n|raw|Fogdocker's rating: 1349 &rarr; <strong>1360</strong><br />(+11 for winning)\n|l|\u2606be a berry\n|player|p1|\n","uploadtime":1769329436,"views":11,"formatid":"gen9vgc2026regi","rating":1165,"private":0,"password":null}