{"id":"gen9vgc2026regi-2525227960","format":"[Gen 9] VGC 2026 Reg I","players":["Tepig_nNz_498","blackred123"],"log":"|j|\u2606Tepig_nNz_498\n|j|\u2606blackred123\n|t:|1769253213\n|gametype|doubles\n|player|p1|Tepig_nNz_498|1|1442\n|player|p2|blackred123|iono-masters|1389\n|gen|9\n|tier|[Gen 9] VGC 2026 Reg I\n|rated|\n|rule|Species Clause: Limit one of each Pok\u00e9mon\n|rule|Item Clause: Limit 1 of each item\n|clearpoke\n|poke|p1|Ludicolo, L50, M|\n|poke|p1|Kyogre, L50|\n|poke|p1|Amoonguss, L50, M|\n|poke|p1|Tornadus, L50, M|\n|poke|p1|Zacian-*, L50|\n|poke|p1|Urshifu-*, L50, M|\n|poke|p2|Kyogre, L50|\n|poke|p2|Calyrex-Ice, L50|\n|poke|p2|Iron Jugulis, L50|\n|poke|p2|Amoonguss, L50, F|\n|poke|p2|Indeedee-F, L50, F|\n|poke|p2|Urshifu-*, L50, M|\n|teampreview|4\n|inactive|Battle timer is ON: inactive players will automatically lose when time's up. (requested by blackred123)\n|\n|t:|1769253240\n|teamsize|p1|4\n|teamsize|p2|4\n|start\n|switch|p1a: Ludicolo|Ludicolo, L50, M|100/100\n|switch|p1b: Kyogre|Kyogre, L50|100/100\n|switch|p2a: Calyrex|Calyrex-Ice, L50|100/100\n|switch|p2b: Indeedee|Indeedee-F, L50, F|100/100\n|-ability|p2a: Calyrex|As One\n|-ability|p2a: Calyrex|Unnerve\n|-weather|RainDance|[from] ability: Drizzle|[of] p1b: Kyogre\n|-fieldstart|move: Psychic Terrain|[from] ability: Psychic Surge|[of] p2b: Indeedee\n|turn|1\n|\n|t:|1769253255\n|switch|p1a: Amoonguss|Amoonguss, L50, M|100/100\n|-terastallize|p2a: Calyrex|Grass\n|move|p2b: Indeedee|Follow Me|p2b: Indeedee\n|-singleturn|p2b: Indeedee|move: Follow Me\n|move|p1b: Kyogre|Water Spout|p2b: Indeedee|[spread] p2a,p2b\n|-resisted|p2a: Calyrex\n|-damage|p2a: Calyrex|57/100\n|-damage|p2b: Indeedee|0 fnt\n|faint|p2b: Indeedee\n|-damage|p1b: Kyogre|91/100|[from] item: Life Orb\n|move|p2a: Calyrex|Trick Room|p2a: Calyrex\n|-fieldstart|move: Trick Room|[of] p2a: Calyrex\n|\n|-weather|RainDance|[upkeep]\n|upkeep\n|\n|t:|1769253262\n|switch|p2b: Iron Jugulis|Iron Jugulis, L50|100/100\n|-enditem|p2b: Iron Jugulis|Booster Energy\n|-activate|p2b: Iron Jugulis|ability: Quark Drive|[fromitem]\n|-start|p2b: Iron Jugulis|quarkdrivespe\n|turn|2\n|\n|t:|1769253283\n|-terastallize|p1a: Amoonguss|Water\n|move|p1a: Amoonguss|Spore|p2b: Iron Jugulis\n|-status|p2b: Iron Jugulis|slp|[from] move: Spore\n|move|p2a: Calyrex|Seed Bomb|p1b: Kyogre\n|-supereffective|p1b: Kyogre\n|-damage|p1b: Kyogre|0 fnt\n|faint|p1b: Kyogre\n|-ability|p2a: Calyrex|Chilling Neigh|boost\n|-boost|p2a: Calyrex|atk|1\n|cant|p2b: Iron Jugulis|slp\n|\n|-weather|RainDance|[upkeep]\n|upkeep\n|\n|t:|1769253293\n|switch|p1b: Zacian|Zacian-Crowned, L50, shiny|100/100\n|-ability|p1b: Zacian|Intrepid Sword|boost\n|-boost|p1b: Zacian|atk|1\n|turn|3\n|\n|t:|1769253308\n|-end|p2b: Iron Jugulis|Quark Drive|[silent]\n|switch|p2b: Kyogre|Kyogre, L50|100/100\n|move|p1a: Amoonguss|Clear Smog|p2a: Calyrex\n|-supereffective|p2a: Calyrex\n|-damage|p2a: Calyrex|36/100\n|-clearboost|p2a: Calyrex\n|move|p2a: Calyrex|Seed Bomb|p1a: Amoonguss\n|-supereffective|p1a: Amoonguss\n|-damage|p1a: Amoonguss|15/100\n|move|p1b: Zacian|Play Rough|p2b: Kyogre\n|-damage|p2b: Kyogre|22/100\n|\n|-weather|RainDance|[upkeep]\n|upkeep\n|turn|4\n|\n|t:|1769253324\n|switch|p2b: Iron Jugulis|Iron Jugulis, L50|100/100 slp\n|move|p1a: Amoonguss|Spore|p2b: Iron Jugulis\n|-fail|p2b: Iron Jugulis|slp\n|move|p2a: Calyrex|Seed Bomb|p1a: Amoonguss\n|-supereffective|p1a: Amoonguss\n|-damage|p1a: Amoonguss|0 fnt\n|faint|p1a: Amoonguss\n|-ability|p2a: Calyrex|Chilling Neigh|boost\n|-boost|p2a: Calyrex|atk|1\n|move|p1b: Zacian|Play Rough|p2a: Calyrex\n|-damage|p2a: Calyrex|0 fnt\n|faint|p2a: Calyrex\n|\n|-weather|RainDance|[upkeep]\n|upkeep\n|\n|t:|1769253332\n|switch|p1a: Ludicolo|Ludicolo, L50, M|100/100\n|switch|p2a: Kyogre|Kyogre, L50|22/100\n|turn|5\n|\n|t:|1769253343\n|move|p1a: Ludicolo|Fake Out|p2a: Kyogre\n|-activate|p2a: Kyogre|move: Psychic Terrain\n|move|p2a: Kyogre|Origin Pulse|p1a: Ludicolo|[spread] p1a\n|-miss|p2a: Kyogre|p1b: Zacian\n|-resisted|p1a: Ludicolo\n|-damage|p1a: Ludicolo|80/100\n|-curestatus|p2b: Iron Jugulis|slp|[msg]\n|move|p2b: Iron Jugulis|Tailwind|p2b: Iron Jugulis\n|-sidestart|p2: blackred123|move: Tailwind\n|move|p1b: Zacian|Play Rough|p2b: Iron Jugulis\n|-supereffective|p2b: Iron Jugulis\n|-damage|p2b: Iron Jugulis|0 fnt\n|faint|p2b: Iron Jugulis\n|-end|p2b: Iron Jugulis|Quark Drive|[silent]\n|\n|-weather|none\n|-fieldend|move: Trick Room\n|-fieldend|move: Psychic Terrain\n|upkeep\n|turn|6\n|\n|t:|1769253355\n|move|p2a: Kyogre|Origin Pulse|p1b: Zacian|[spread] p1a,p1b\n|-resisted|p1a: Ludicolo\n|-damage|p1a: Ludicolo|66/100\n|-damage|p1b: Zacian|31/100\n|move|p1b: Zacian|Behemoth Blade|p2a: Kyogre\n|-resisted|p2a: Kyogre\n|-damage|p2a: Kyogre|0 fnt\n|faint|p2a: Kyogre\n|\n|win|Tepig_nNz_498\n|raw|Tepig_nNz_498's rating: 1442 &rarr; <strong>1459</strong><br />(+17 for winning)\n|raw|blackred123's rating: 1389 &rarr; <strong>1372</strong><br />(-17 for losing)\n|l|\u2606blackred123\n|player|p2|\n|l|\u2606Tepig_nNz_498\n|player|p1|\n","uploadtime":1769253510,"views":13,"formatid":"gen9vgc2026regi","rating":1372,"private":0,"password":null}