{"id":"gen9vgc2026regi-2540517279","format":"[Gen 9] VGC 2026 Reg I","players":["MeansJeans","pzyxhic"],"log":"|j|\u2606MeansJeans\n|j|\u2606pzyxhic\n|t:|1771211998\n|gametype|doubles\n|player|p1|MeansJeans|cilan|1352\n|player|p2|pzyxhic|266|1345\n|gen|9\n|tier|[Gen 9] VGC 2026 Reg I\n|rated|\n|rule|Species Clause: Limit one of each Pok\u00e9mon\n|rule|Item Clause: Limit 1 of each item\n|clearpoke\n|poke|p1|Amoonguss, L50, F|\n|poke|p1|Calyrex-Ice, L50|\n|poke|p1|Kyogre, L50|\n|poke|p1|Grimmsnarl, L50, M|\n|poke|p1|Flutter Mane, L50|\n|poke|p1|Basculegion, L50, M|\n|poke|p2|Giratina-Origin, L50|\n|poke|p2|Zamazenta-*, L50|\n|poke|p2|Incineroar, L50, F|\n|poke|p2|Amoonguss, L50, F|\n|poke|p2|Urshifu-*, L50, F|\n|poke|p2|Grimmsnarl, L50, M|\n|teampreview|4\n|inactive|Battle timer is ON: inactive players will automatically lose when time's up. (requested by MeansJeans)\n|\n|t:|1771212026\n|teamsize|p1|4\n|teamsize|p2|4\n|start\n|switch|p1a: Grimmsnarl|Grimmsnarl, L50, M|100/100\n|switch|p1b: Flutter Mane|Flutter Mane, L50|100/100\n|switch|p2a: Giratina|Giratina-Origin, L50|100/100\n|switch|p2b: Urshifu|Urshifu-Rapid-Strike, L50, F|100/100\n|turn|1\n|inactive|pzyxhic has 30 seconds left.\n|inactive|pzyxhic has 20 seconds left.\n|\n|t:|1771212062\n|switch|p2a: Zamazenta|Zamazenta-Crowned, L50|100/100\n|-ability|p2a: Zamazenta|Dauntless Shield|boost\n|-boost|p2a: Zamazenta|def|1\n|-terastallize|p2b: Urshifu|Water\n|move|p1a: Grimmsnarl|Reflect|p1a: Grimmsnarl\n|-sidestart|p1: MeansJeans|Reflect\n|move|p2b: Urshifu|Surging Strikes|p1b: Flutter Mane\n|-crit|p1b: Flutter Mane\n|-damage|p1b: Flutter Mane|39/100\n|-crit|p1b: Flutter Mane\n|-damage|p1b: Flutter Mane|0 fnt\n|faint|p1b: Flutter Mane\n|-end|p1b: Flutter Mane|Protosynthesis|[silent]\n|-hitcount|p1: Flutter Mane|2\n|\n|upkeep\n|\n|t:|1771212084\n|switch|p1b: Calyrex|Calyrex-Ice, L50|100/100\n|-ability|p1b: Calyrex|As One\n|-ability|p1b: Calyrex|Unnerve\n|turn|2\n|inactive|MeansJeans has 30 seconds left.\n|\n|t:|1771212112\n|-terastallize|p1b: Calyrex|Fairy\n|move|p2b: Urshifu|Surging Strikes|p1a: Grimmsnarl\n|-crit|p1a: Grimmsnarl\n|-damage|p1a: Grimmsnarl|73/100\n|-crit|p1a: Grimmsnarl\n|-damage|p1a: Grimmsnarl|44/100\n|-crit|p1a: Grimmsnarl\n|-damage|p1a: Grimmsnarl|12/100\n|-hitcount|p1a: Grimmsnarl|3\n|move|p2a: Zamazenta|Coaching|p2b: Urshifu\n|-boost|p2b: Urshifu|atk|1\n|-boost|p2b: Urshifu|def|1\n|move|p1a: Grimmsnarl|Spirit Break|p2a: Zamazenta\n|-damage|p2a: Zamazenta|89/100\n|-unboost|p2a: Zamazenta|spa|1\n|move|p1b: Calyrex|Leech Seed|p2b: Urshifu\n|-start|p2b: Urshifu|move: Leech Seed\n|\n|-damage|p2b: Urshifu|88/100|[from] Leech Seed|[of] p1b: Calyrex\n|upkeep\n|turn|3\n|inactive|MeansJeans has 30 seconds left.\n|\n|t:|1771212138\n|switch|p1a: Basculegion|Basculegion, L50, M|100/100\n|move|p2b: Urshifu|Surging Strikes|p1b: Calyrex\n|-crit|p1b: Calyrex\n|-damage|p1b: Calyrex|79/100\n|-crit|p1b: Calyrex\n|-damage|p1b: Calyrex|57/100\n|-crit|p1b: Calyrex\n|-damage|p1b: Calyrex|36/100\n|-hitcount|p1b: Calyrex|3\n|move|p2a: Zamazenta|Heavy Slam|p1a: Basculegion\n|-resisted|p1a: Basculegion\n|-damage|p1a: Basculegion|81/100\n|move|p1b: Calyrex|Glacial Lance|p2a: Zamazenta|[spread] p2a,p2b\n|-resisted|p2a: Zamazenta\n|-resisted|p2b: Urshifu\n|-damage|p2a: Zamazenta|80/100\n|-damage|p2b: Urshifu|72/100\n|\n|-heal|p1b: Calyrex|42/100|[from] item: Leftovers\n|-damage|p2b: Urshifu|59/100|[from] Leech Seed|[of] p1b: Calyrex\n|-heal|p1b: Calyrex|53/100|[silent]\n|upkeep\n|turn|4\n|inactive|MeansJeans has 30 seconds left.\n|\n|t:|1771212165\n|move|p1b: Calyrex|Protect|p1b: Calyrex\n|-singleturn|p1b: Calyrex|Protect\n|move|p2b: Urshifu|Surging Strikes|p1b: Calyrex\n|-crit|p1b: Calyrex\n|-damage|p1b: Calyrex|32/100\n|-crit|p1b: Calyrex\n|-damage|p1b: Calyrex|11/100\n|-crit|p1b: Calyrex\n|-damage|p1b: Calyrex|0 fnt\n|faint|p1b: Calyrex\n|-hitcount|p1: Calyrex|3\n|move|p2a: Zamazenta|Coaching|p2b: Urshifu\n|-boost|p2b: Urshifu|atk|1\n|-boost|p2b: Urshifu|def|1\n|move|p1a: Basculegion|Last Respects|p2b: Urshifu\n|-damage|p2b: Urshifu|12/100\n|-damage|p1a: Basculegion|72/100|[from] item: Life Orb\n|\n|upkeep\n|\n|t:|1771212184\n|switch|p1b: Grimmsnarl|Grimmsnarl, L50, M|12/100\n|turn|5\n|\n|t:|1771212198\n|move|p1b: Grimmsnarl|Sucker Punch|p2b: Urshifu\n|-crit|p2b: Urshifu\n|-damage|p2b: Urshifu|0 fnt\n|faint|p2b: Urshifu\n|move|p2a: Zamazenta|Heavy Slam|p1b: Grimmsnarl\n|-supereffective|p1b: Grimmsnarl\n|-damage|p1b: Grimmsnarl|0 fnt\n|faint|p1b: Grimmsnarl\n|move|p1a: Basculegion|Last Respects|p2a: Zamazenta\n|-damage|p2a: Zamazenta|32/100\n|-damage|p1a: Basculegion|62/100|[from] item: Life Orb\n|\n|upkeep\n|\n|t:|1771212210\n|switch|p2b: Amoonguss|Amoonguss, L50, F|100/100\n|turn|6\n|-message|MeansJeans forfeited.\n|\n|win|pzyxhic\n|raw|MeansJeans's rating: 1352 &rarr; <strong>1332</strong><br />(-20 for losing)\n|raw|pzyxhic's rating: 1345 &rarr; <strong>1365</strong><br />(+20 for winning)\n|l|\u2606MeansJeans\n|player|p1|\n|l|\u2606pzyxhic\n|player|p2|\n","uploadtime":1771212399,"views":31,"formatid":"gen9vgc2026regi","rating":1332,"private":0,"password":null}