{"id":"gen9vgc2026regi-2516615664","format":"[Gen 9] VGC 2026 Reg I","players":["marcxhenry","masg07"],"log":"|j|\u2606marcxhenry\n|j|\u203dmasg07\n|t:|1768161906\n|gametype|doubles\n|player|p1|marcxhenry|hilbert-wonderlauncher|1314\n|player|p2|masg07|169|1242\n|gen|9\n|tier|[Gen 9] VGC 2026 Reg I\n|rated|\n|rule|Species Clause: Limit one of each Pok\u00e9mon\n|rule|Item Clause: Limit 1 of each item\n|clearpoke\n|poke|p1|Calyrex-Shadow, L50|\n|poke|p1|Urshifu-*, L50, M|\n|poke|p1|Roaring Moon, L50|\n|poke|p1|Kyogre, L50|\n|poke|p1|Tsareena, L50, F|\n|poke|p1|Kingambit, L50, M|\n|poke|p2|Calyrex-Shadow, L50|\n|poke|p2|Zamazenta-*, L50|\n|poke|p2|Whimsicott, L50, F|\n|poke|p2|Incineroar, L50, M|\n|poke|p2|Ninetales-Alola, L50, M|\n|poke|p2|Tsareena, L50, F|\n|teampreview|4\n|j| Therazer456\n|\n|t:|1768161938\n|teamsize|p1|4\n|teamsize|p2|4\n|start\n|switch|p1a: Ludwig|Calyrex-Shadow, L50|100/100\n|switch|p1b: Roter Baron|Roaring Moon, L50, shiny|100/100\n|switch|p2a: Whimsicott|Whimsicott, L50, F|100/100\n|switch|p2b: Calyrex|Calyrex-Shadow, L50|100/100\n|-ability|p1a: Ludwig|As One\n|-ability|p1a: Ludwig|Unnerve\n|-ability|p2b: Calyrex|As One\n|-ability|p2b: Calyrex|Unnerve\n|-enditem|p1b: Roter Baron|Booster Energy\n|-activate|p1b: Roter Baron|ability: Protosynthesis|[fromitem]\n|-start|p1b: Roter Baron|protosynthesisspe\n|turn|1\n|\n|t:|1768161967\n|-terastallize|p1a: Ludwig|Normal\n|move|p2b: Calyrex|Protect|p2b: Calyrex\n|-singleturn|p2b: Calyrex|Protect\n|move|p2a: Whimsicott|Tailwind|p2a: Whimsicott\n|-sidestart|p2: masg07|move: Tailwind\n|move|p1b: Roter Baron|Acrobatics|p2a: Whimsicott\n|-supereffective|p2a: Whimsicott\n|-damage|p2a: Whimsicott|3/100\n|move|p1a: Ludwig|Trick Room|p1a: Ludwig\n|-fieldstart|move: Trick Room|[of] p1a: Ludwig\n|\n|upkeep\n|turn|2\n|\n|t:|1768161995\n|-end|p1b: Roter Baron|Protosynthesis|[silent]\n|switch|p1b: Eva|Tsareena, L50, F, shiny|100/100\n|-terastallize|p2b: Calyrex|Bug\n|move|p2a: Whimsicott|Fake Tears||[still]\n|cant|p1b: Eva|ability: Queenly Majesty|Fake Tears|[of] p2a: Whimsicott\n|move|p1a: Ludwig|Astral Barrage|p2b: Calyrex|[spread] p2a,p2b\n|-damage|p2a: Whimsicott|0 fnt\n|-damage|p2b: Calyrex|47/100\n|faint|p2a: Whimsicott\n|-ability|p1a: Ludwig|Grim Neigh|boost\n|-boost|p1a: Ludwig|spa|1\n|move|p2b: Calyrex|Pollen Puff|p1b: Eva\n|-supereffective|p1b: Eva\n|-damage|p1b: Eva|0 fnt\n|faint|p1b: Eva\n|-ability|p2b: Calyrex|Grim Neigh|boost\n|-boost|p2b: Calyrex|spa|1\n|\n|upkeep\n|\n|t:|1768162015\n|switch|p1b: Tripitz|Kyogre, L50, shiny|100/100\n|switch|p2a: Zamazenta|Zamazenta-Crowned, L50|100/100\n|-weather|RainDance|[from] ability: Drizzle|[of] p1b: Tripitz\n|-ability|p2a: Zamazenta|Dauntless Shield|boost\n|-boost|p2a: Zamazenta|def|1\n|turn|3\n|\n|t:|1768162041\n|move|p2a: Zamazenta|Wide Guard|p2a: Zamazenta\n|-singleturn|p2a: Zamazenta|Wide Guard\n|move|p1b: Tripitz|Hydro Pump|p2a: Zamazenta|[miss]\n|-miss|p1b: Tripitz|p2a: Zamazenta\n|move|p1a: Ludwig|Psychic|p2b: Calyrex\n|-damage|p2b: Calyrex|0 fnt\n|faint|p2b: Calyrex\n|-ability|p1a: Ludwig|Grim Neigh|boost\n|-boost|p1a: Ludwig|spa|1\n|\n|-weather|RainDance|[upkeep]\n|upkeep\n|\n|t:|1768162051\n|switch|p2b: Tsareena|Tsareena, L50, F|100/100\n|turn|4\n|\n|t:|1768162061\n|move|p2a: Zamazenta|Protect||[still]\n|-fail|p2a: Zamazenta\n|move|p1b: Tripitz|Water Spout|p2a: Zamazenta|[spread] p2a,p2b\n|-resisted|p2b: Tsareena\n|-damage|p2a: Zamazenta|6/100\n|-damage|p2b: Tsareena|49/100\n|move|p1a: Ludwig|Psychic|p2b: Tsareena\n|-damage|p2b: Tsareena|0 fnt\n|faint|p2b: Tsareena\n|-ability|p1a: Ludwig|Grim Neigh|boost\n|-boost|p1a: Ludwig|spa|1\n|\n|-weather|RainDance|[upkeep]\n|-sideend|p2: masg07|move: Tailwind\n|upkeep\n|turn|5\n|-message|masg07 forfeited.\n|\n|win|marcxhenry\n|raw|marcxhenry's rating: 1314 &rarr; <strong>1330</strong><br />(+16 for winning)\n|raw|masg07's rating: 1242 &rarr; <strong>1222</strong><br />(-20 for losing)\n|l|\u203dmasg07\n|player|p2|\n|l|\u2606marcxhenry\n|player|p1|\n|l| Therazer456\n","uploadtime":1768162226,"views":12,"formatid":"gen9vgc2026regi","rating":1222,"private":0,"password":null}