{"id":"gen9vgc2026regi-2553393773","format":"[Gen 9] VGC 2026 Reg I","players":["nijikachan","psyduck rex"],"log":"|j|\u2606nijikachan\n|j|\u2606psyduck rex\n|t:|1772826770\n|gametype|doubles\n|player|p1|nijikachan|102|1250\n|player|p2|psyduck rex|ghetsis-gen5bw|1195\n|gen|9\n|tier|[Gen 9] VGC 2026 Reg I\n|rated|\n|rule|Species Clause: Limit one of each Pok\u00e9mon\n|rule|Item Clause: Limit 1 of each item\n|clearpoke\n|poke|p1|Indeedee-F, L50, F|\n|poke|p1|Drifblim, L50, M|\n|poke|p1|Tatsugiri, L50, M|\n|poke|p1|Dondozo, L50, M|\n|poke|p1|Calyrex-Shadow, L50|\n|poke|p1|Eternatus, L50|\n|poke|p2|Calyrex-Shadow, L50|\n|poke|p2|Koraidon, L50|\n|poke|p2|Smeargle, L50, F|\n|poke|p2|Tornadus, L50, M|\n|poke|p2|Flutter Mane, L50|\n|poke|p2|Indeedee-F, L50, F|\n|teampreview|4\n|inactive|Battle timer is ON: inactive players will automatically lose when time's up. (requested by psyduck rex)\n|inactive|psyduck rex has 60 seconds left.\n|\n|t:|1772826819\n|teamsize|p1|4\n|teamsize|p2|4\n|start\n|switch|p1a: \u5de5\u5177\u4eba|Indeedee-F, L50, F, shiny|100/100\n|switch|p1b: \u98a8\u8239\u9b54\u4eba|Drifblim, L50, M, shiny|100/100\n|switch|p2a: Calyrex|Calyrex-Shadow, L50|100/100\n|switch|p2b: Tornadus|Tornadus, L50, M|100/100\n|-ability|p2a: Calyrex|As One\n|-ability|p2a: Calyrex|Unnerve\n|-fieldstart|move: Psychic Terrain|[from] ability: Psychic Surge|[of] p1a: \u5de5\u5177\u4eba\n|-enditem|p1b: \u98a8\u8239\u9b54\u4eba|Psychic Seed\n|-boost|p1b: \u98a8\u8239\u9b54\u4eba|spd|1|[from] item: Psychic Seed\n|turn|1\n|\n|t:|1772826840\n|-terastallize|p1b: \u98a8\u8239\u9b54\u4eba|Dark\n|-terastallize|p2a: Calyrex|Dark\n|move|p2b: Tornadus|Tailwind|p2b: Tornadus\n|-sidestart|p2: psyduck rex|move: Tailwind\n|move|p2a: Calyrex|Astral Barrage|p1a: \u5de5\u5177\u4eba|[spread] p1b\n|-immune|p1a: \u5de5\u5177\u4eba\n|-resisted|p1b: \u98a8\u8239\u9b54\u4eba\n|-damage|p1b: \u98a8\u8239\u9b54\u4eba|83/100\n|move|p1b: \u98a8\u8239\u9b54\u4eba|Minimize|p1b: \u98a8\u8239\u9b54\u4eba\n|-boost|p1b: \u98a8\u8239\u9b54\u4eba|evasion|2\n|move|p1a: \u5de5\u5177\u4eba|Heal Pulse|p1b: \u98a8\u8239\u9b54\u4eba\n|-heal|p1b: \u98a8\u8239\u9b54\u4eba|100/100\n|\n|upkeep\n|turn|2\n|inactive|psyduck rex has 30 seconds left.\n|\n|t:|1772826866\n|move|p2a: Calyrex|Giga Drain|p1b: \u98a8\u8239\u9b54\u4eba|[miss]\n|-miss|p2a: Calyrex|p1b: \u98a8\u8239\u9b54\u4eba\n|move|p2b: Tornadus|Icy Wind|p1a: \u5de5\u5177\u4eba|[spread] p1a,p1b\n|-damage|p1a: \u5de5\u5177\u4eba|89/100\n|-damage|p1b: \u98a8\u8239\u9b54\u4eba|93/100\n|-unboost|p1a: \u5de5\u5177\u4eba|spe|1\n|-unboost|p1b: \u98a8\u8239\u9b54\u4eba|spe|1\n|move|p1b: \u98a8\u8239\u9b54\u4eba|Minimize|p1b: \u98a8\u8239\u9b54\u4eba\n|-boost|p1b: \u98a8\u8239\u9b54\u4eba|evasion|2\n|move|p1a: \u5de5\u5177\u4eba|Heal Pulse|p1b: \u98a8\u8239\u9b54\u4eba\n|-heal|p1b: \u98a8\u8239\u9b54\u4eba|100/100\n|\n|upkeep\n|turn|3\n|inactive|psyduck rex has 30 seconds left.\n|\n|t:|1772826894\n|switch|p2a: Koraidon|Koraidon, L50|100/100\n|-weather|SunnyDay|[from] ability: Orichalcum Pulse|[of] p2a: Koraidon\n|-activate|p2a: Koraidon|Orichalcum Pulse|[source]\n|move|p2b: Tornadus|Icy Wind|p1a: \u5de5\u5177\u4eba|[spread] p1a\n|-miss|p2b: Tornadus|p1b: \u98a8\u8239\u9b54\u4eba\n|-damage|p1a: \u5de5\u5177\u4eba|78/100\n|-unboost|p1a: \u5de5\u5177\u4eba|spe|1\n|move|p1b: \u98a8\u8239\u9b54\u4eba|Minimize|p1b: \u98a8\u8239\u9b54\u4eba\n|-boost|p1b: \u98a8\u8239\u9b54\u4eba|evasion|2\n|move|p1a: \u5de5\u5177\u4eba|Heal Pulse|p1b: \u98a8\u8239\u9b54\u4eba\n|-fail|p1b: \u98a8\u8239\u9b54\u4eba|heal\n|\n|-weather|SunnyDay|[upkeep]\n|upkeep\n|turn|4\n|inactive|psyduck rex has 30 seconds left.\n|\n|t:|1772826921\n|move|p1a: \u5de5\u5177\u4eba|Follow Me|p1a: \u5de5\u5177\u4eba\n|-singleturn|p1a: \u5de5\u5177\u4eba|move: Follow Me\n|move|p2a: Koraidon|Close Combat|p1a: \u5de5\u5177\u4eba\n|-crit|p1a: \u5de5\u5177\u4eba\n|-damage|p1a: \u5de5\u5177\u4eba|0 fnt\n|-unboost|p2a: Koraidon|def|1\n|-unboost|p2a: Koraidon|spd|1\n|faint|p1a: \u5de5\u5177\u4eba\n|-damage|p2a: Koraidon|91/100|[from] item: Life Orb\n|move|p2b: Tornadus|Bleakwind Storm|p1b: \u98a8\u8239\u9b54\u4eba|[miss]\n|-miss|p2b: Tornadus|p1b: \u98a8\u8239\u9b54\u4eba\n|move|p1b: \u98a8\u8239\u9b54\u4eba|Substitute|p1b: \u98a8\u8239\u9b54\u4eba\n|-start|p1b: \u98a8\u8239\u9b54\u4eba|Substitute\n|-damage|p1b: \u98a8\u8239\u9b54\u4eba|76/100\n|\n|-weather|SunnyDay|[upkeep]\n|-sideend|p2: psyduck rex|move: Tailwind\n|upkeep\n|\n|t:|1772826935\n|switch|p1a: \u8fa3\u8fa3\u58fd\u53f8|Tatsugiri, L50, M, shiny|100/100\n|turn|5\n|\n|t:|1772826955\n|move|p1a: \u8fa3\u8fa3\u58fd\u53f8|Protect|p1a: \u8fa3\u8fa3\u58fd\u53f8\n|-singleturn|p1a: \u8fa3\u8fa3\u58fd\u53f8|Protect\n|move|p2a: Koraidon|Close Combat|p1b: \u98a8\u8239\u9b54\u4eba|[miss]\n|-miss|p2a: Koraidon|p1b: \u98a8\u8239\u9b54\u4eba\n|move|p2b: Tornadus|Bleakwind Storm|p1a: \u8fa3\u8fa3\u58fd\u53f8|[spread] p1b\n|-activate|p1a: \u8fa3\u8fa3\u58fd\u53f8|move: Protect\n|-activate|p1b: \u98a8\u8239\u9b54\u4eba|move: Substitute|[damage]\n|move|p1b: \u98a8\u8239\u9b54\u4eba|Baton Pass|p1b: \u98a8\u8239\u9b54\u4eba\n|\n|t:|1772826966\n|switch|p1b: IQ\u21920|Dondozo, L50, M, shiny|100/100|[from] Baton Pass\n|-activate|p1a: \u8fa3\u8fa3\u58fd\u53f8|ability: Commander|[of] p1b: IQ\u21920\n|-boost|p1b: IQ\u21920|atk|2\n|-boost|p1b: IQ\u21920|spa|2\n|-boost|p1b: IQ\u21920|spe|2\n|-boost|p1b: IQ\u21920|def|2\n|-boost|p1b: IQ\u21920|spd|2\n|\n|-weather|SunnyDay|[upkeep]\n|-fieldend|move: Psychic Terrain\n|upkeep\n|turn|6\n|\n|t:|1772826988\n|move|p2a: Koraidon|Close Combat|p1b: IQ\u21920\n|-end|p1b: IQ\u21920|Substitute\n|-unboost|p2a: Koraidon|def|1\n|-unboost|p2a: Koraidon|spd|1\n|-damage|p2a: Koraidon|81/100|[from] item: Life Orb\n|move|p2b: Tornadus|Bleakwind Storm|p1a: \u8fa3\u8fa3\u58fd\u53f8|[spread] \n|-miss|p2b: Tornadus|p1a: \u8fa3\u8fa3\u58fd\u53f8\n|-miss|p2b: Tornadus|p1b: IQ\u21920\n|move|p1b: IQ\u21920|Order Up|p2a: Koraidon\n|-supereffective|p2a: Koraidon\n|-damage|p2a: Koraidon|9/100\n|-boost|p1b: IQ\u21920|atk|1\n|\n|-weather|SunnyDay|[upkeep]\n|upkeep\n|turn|7\n|\n|t:|1772827010\n|move|p2a: Koraidon|Protect|p2a: Koraidon\n|-singleturn|p2a: Koraidon|Protect\n|move|p2b: Tornadus|Bleakwind Storm|p1a: \u8fa3\u8fa3\u58fd\u53f8|[spread] p1b\n|-miss|p2b: Tornadus|p1a: \u8fa3\u8fa3\u58fd\u53f8\n|-damage|p1b: IQ\u21920|92/100\n|move|p1b: IQ\u21920|Substitute|p1b: IQ\u21920\n|-start|p1b: IQ\u21920|Substitute\n|-damage|p1b: IQ\u21920|67/100\n|\n|-weather|none\n|-heal|p1b: IQ\u21920|73/100|[from] item: Leftovers\n|upkeep\n|turn|8\n|\n|t:|1772827032\n|switch|p2a: Indeedee|Indeedee-F, L50, F|100/100\n|-fieldstart|move: Psychic Terrain|[from] ability: Psychic Surge|[of] p2a: Indeedee\n|move|p1b: IQ\u21920|Protect|p1b: IQ\u21920\n|-singleturn|p1b: IQ\u21920|Protect\n|move|p2b: Tornadus|Bleakwind Storm|p1b: IQ\u21920|[spread] \n|-miss|p2b: Tornadus|p1a: \u8fa3\u8fa3\u58fd\u53f8\n|-activate|p1b: IQ\u21920|move: Protect\n|\n|-heal|p1b: IQ\u21920|79/100|[from] item: Leftovers\n|upkeep\n|turn|9\n|\n|t:|1772827051\n|move|p2a: Indeedee|Follow Me|p2a: Indeedee\n|-singleturn|p2a: Indeedee|move: Follow Me\n|move|p2b: Tornadus|Bleakwind Storm|p1a: \u8fa3\u8fa3\u58fd\u53f8|[spread] \n|-miss|p2b: Tornadus|p1a: \u8fa3\u8fa3\u58fd\u53f8\n|-miss|p2b: Tornadus|p1b: IQ\u21920\n|move|p1b: IQ\u21920|Order Up|p2a: Indeedee\n|-damage|p2a: Indeedee|50/100\n|-boost|p1b: IQ\u21920|atk|1\n|\n|-heal|p1b: IQ\u21920|85/100|[from] item: Leftovers\n|upkeep\n|turn|10\n|\n|t:|1772827067\n|move|p2a: Indeedee|Helping Hand|p2b: Tornadus\n|-singleturn|p2b: Tornadus|Helping Hand|[of] p2a: Indeedee\n|move|p2b: Tornadus|Bleakwind Storm|p1b: IQ\u21920|[spread] \n|-miss|p2b: Tornadus|p1a: \u8fa3\u8fa3\u58fd\u53f8\n|-miss|p2b: Tornadus|p1b: IQ\u21920\n|move|p1b: IQ\u21920|Order Up|p2a: Indeedee\n|-damage|p2a: Indeedee|0 fnt\n|faint|p2a: Indeedee\n|-boost|p1b: IQ\u21920|atk|1\n|\n|-heal|p1b: IQ\u21920|92/100|[from] item: Leftovers\n|upkeep\n|\n|t:|1772827082\n|switch|p2a: Calyrex|Calyrex-Shadow, L50, tera:Dark|100/100\n|-ability|p2a: Calyrex|As One\n|-ability|p2a: Calyrex|Unnerve\n|turn|11\n|\n|t:|1772827101\n|move|p1b: IQ\u21920|Protect|p1b: IQ\u21920\n|-singleturn|p1b: IQ\u21920|Protect\n|move|p2b: Tornadus|Taunt|p1b: IQ\u21920\n|-activate|p1b: IQ\u21920|move: Psychic Terrain\n|move|p2a: Calyrex|Giga Drain|p1b: IQ\u21920\n|-activate|p1b: IQ\u21920|move: Protect\n|\n|-heal|p1b: IQ\u21920|98/100|[from] item: Leftovers\n|upkeep\n|turn|12\n|\n|t:|1772827114\n|move|p2b: Tornadus|Taunt|p1b: IQ\u21920\n|-activate|p1b: IQ\u21920|move: Psychic Terrain\n|move|p2a: Calyrex|Giga Drain|p1b: IQ\u21920\n|-supereffective|p1b: IQ\u21920\n|-activate|p1b: IQ\u21920|move: Substitute|[damage]\n|move|p1b: IQ\u21920|Order Up|p2b: Tornadus\n|-damage|p2b: Tornadus|29/100\n|-boost|p1b: IQ\u21920|atk|1\n|\n|-heal|p1b: IQ\u21920|100/100|[from] item: Leftovers\n|-fieldend|move: Psychic Terrain\n|upkeep\n|turn|13\n|\n|t:|1772827130\n|switch|p2b: Koraidon|Koraidon, L50|9/100\n|-weather|SunnyDay|[from] ability: Orichalcum Pulse|[of] p2b: Koraidon\n|-activate|p2b: Koraidon|Orichalcum Pulse|[source]\n|move|p2a: Calyrex|Giga Drain|p1b: IQ\u21920|[miss]\n|-miss|p2a: Calyrex|p1b: IQ\u21920\n|move|p1b: IQ\u21920|Order Up|p2b: Koraidon\n|-supereffective|p2b: Koraidon\n|-damage|p2b: Koraidon|0 fnt\n|faint|p2b: Koraidon\n|-boost|p1b: IQ\u21920|atk|0\n|\n|-weather|SunnyDay|[upkeep]\n|upkeep\n|-message|psyduck rex forfeited.\n|\n|win|nijikachan\n|raw|nijikachan's rating: 1250 &rarr; <strong>1271</strong><br />(+21 for winning)\n|raw|psyduck rex's rating: 1195 &rarr; <strong>1174</strong><br />(-21 for losing)\n|l|\u2606psyduck rex\n|player|p2|\n|l|\u2606nijikachan\n|player|p1|\n","uploadtime":1772827278,"views":18,"formatid":"gen9vgc2026regi","rating":1174,"private":0,"password":null}