{"id":"gen9vgc2026regi-2561521202","format":"[Gen 9] VGC 2026 Reg I","players":["terafireflareblitz","tortapoundervgc"],"log":"|j|\u2606terafireflareblitz\n|j|\u2606tortapoundervgc\n|t:|1773806293\n|gametype|doubles\n|player|p1|terafireflareblitz|sycamore|1487\n|player|p2|tortapoundervgc|youngster-gen1rb|1391\n|gen|9\n|tier|[Gen 9] VGC 2026 Reg I\n|rated|\n|rule|Species Clause: Limit one of each Pok\u00e9mon\n|rule|Item Clause: Limit 1 of each item\n|clearpoke\n|poke|p1|Koraidon, L50|\n|poke|p1|Lunala, L50|\n|poke|p1|Indeedee-F, L50, F|\n|poke|p1|Flutter Mane, L50|\n|poke|p1|Volcarona, L50, F|\n|poke|p1|Ursaluna, L50, F|\n|poke|p2|Koraidon, L50|\n|poke|p2|Calyrex-Shadow, L50|\n|poke|p2|Chi-Yu, L50|\n|poke|p2|Indeedee-F, L50, F|\n|poke|p2|Whimsicott, L50, F|\n|poke|p2|Flamigo, L50, M|\n|teampreview|4\n|inactive|Battle timer is ON: inactive players will automatically lose when time's up. (requested by tortapoundervgc)\n|inactive|terafireflareblitz also wants the timer to be on.\n|inactive|terafireflareblitz has 60 seconds left.\n|inactive|tortapoundervgc has 60 seconds left.\n|\n|t:|1773806345\n|teamsize|p1|4\n|teamsize|p2|4\n|start\n|switch|p1a: Lunala|Lunala, L50, shiny|100/100\n|switch|p1b: Indeedee|Indeedee-F, L50, F|100/100\n|switch|p2a: Diddyfreak|Indeedee-F, L50, F|100/100\n|switch|p2b: Chicken Joe|Koraidon, L50|100/100\n|-weather|SunnyDay|[from] ability: Orichalcum Pulse|[of] p2b: Chicken Joe\n|-activate|p2b: Chicken Joe|Orichalcum Pulse|[source]\n|-fieldstart|move: Psychic Terrain|[from] ability: Psychic Surge|[of] p2a: Diddyfreak\n|turn|1\n|j| Torracat Master\n|\n|t:|1773806357\n|-terastallize|p2b: Chicken Joe|Fire\n|-terastallize|p1a: Lunala|Water\n|move|p1b: Indeedee|Helping Hand|p1a: Lunala\n|-singleturn|p1a: Lunala|Helping Hand|[of] p1b: Indeedee\n|move|p2b: Chicken Joe|Flare Blitz|p1b: Indeedee\n|-damage|p1b: Indeedee|0 fnt\n|faint|p1b: Indeedee\n|-damage|p2b: Chicken Joe|71/100|[from] Recoil\n|move|p1a: Lunala|Meteor Beam||[still]\n|-prepare|p1a: Lunala|Meteor Beam\n|-boost|p1a: Lunala|spa|1\n|-enditem|p1a: Lunala|Power Herb\n|-anim|p1a: Lunala|Meteor Beam|p2b: Chicken Joe\n|-supereffective|p2b: Chicken Joe\n|-damage|p2b: Chicken Joe|0 fnt\n|faint|p2b: Chicken Joe\n|move|p2a: Diddyfreak|Imprison|p2a: Diddyfreak\n|-start|p2a: Diddyfreak|move: Imprison\n|\n|-weather|SunnyDay|[upkeep]\n|upkeep\n|\n|t:|1773806374\n|switch|p2b: Shmeatrider|Calyrex-Shadow, L50|100/100\n|switch|p1b: Koraidon|Koraidon, L50, shiny|100/100\n|-ability|p2b: Shmeatrider|As One\n|-ability|p2b: Shmeatrider|Unnerve\n|-activate|p1b: Koraidon|ability: Orichalcum Pulse\n|turn|2\n|\n|t:|1773806379\n|move|p1a: Lunala|Wide Guard|p1a: Lunala\n|-singleturn|p1a: Lunala|Wide Guard\n|move|p2a: Diddyfreak|Follow Me|p2a: Diddyfreak\n|-singleturn|p2a: Diddyfreak|move: Follow Me\n|move|p2b: Shmeatrider|Astral Barrage|p1b: Koraidon|[spread] \n|-activate|p1a: Lunala|move: Wide Guard\n|-activate|p1b: Koraidon|move: Wide Guard\n|move|p1b: Koraidon|Breaking Swipe|p2b: Shmeatrider|[spread] p2a,p2b\n|-damage|p2a: Diddyfreak|62/100\n|-damage|p2b: Shmeatrider|52/100\n|-unboost|p2a: Diddyfreak|atk|1\n|-unboost|p2b: Shmeatrider|atk|1\n|-damage|p1b: Koraidon|84/100|[from] item: Rocky Helmet|[of] p2a: Diddyfreak\n|-damage|p1b: Koraidon|74/100|[from] item: Life Orb\n|\n|-weather|SunnyDay|[upkeep]\n|upkeep\n|turn|3\n|inactive|tortapoundervgc has 30 seconds left.\n|\n|t:|1773806406\n|move|p1a: Lunala|Wide Guard|p1a: Lunala\n|-singleturn|p1a: Lunala|Wide Guard\n|move|p2a: Diddyfreak|Follow Me|p2a: Diddyfreak\n|-singleturn|p2a: Diddyfreak|move: Follow Me\n|move|p2b: Shmeatrider|Shadow Ball|p1b: Koraidon\n|-damage|p1b: Koraidon|3/100\n|-unboost|p1b: Koraidon|spd|1\n|-damage|p2b: Shmeatrider|42/100|[from] item: Life Orb\n|move|p1b: Koraidon|Breaking Swipe|p2b: Shmeatrider|[spread] p2a,p2b\n|-damage|p2a: Diddyfreak|20/100\n|-damage|p2b: Shmeatrider|0 fnt\n|-unboost|p2a: Diddyfreak|atk|1\n|-damage|p1b: Koraidon|0 fnt|[from] item: Rocky Helmet|[of] p2a: Diddyfreak\n|faint|p2b: Shmeatrider\n|faint|p1b: Koraidon\n|\n|-weather|SunnyDay|[upkeep]\n|upkeep\n|\n|t:|1773806409\n|switch|p2b: \u00a1Chiyeno!|Chi-Yu, L50, shiny|100/100\n|switch|p1b: Flutter Mane|Flutter Mane, L50|100/100\n|-ability|p2b: \u00a1Chiyeno!|Beads of Ruin\n|-activate|p1b: Flutter Mane|ability: Protosynthesis\n|-start|p1b: Flutter Mane|protosynthesisspe\n|turn|4\n|\n|t:|1773806417\n|move|p2a: Diddyfreak|Follow Me|p2a: Diddyfreak\n|-singleturn|p2a: Diddyfreak|move: Follow Me\n|move|p1b: Flutter Mane|Moonblast|p2a: Diddyfreak\n|-damage|p2a: Diddyfreak|0 fnt\n|faint|p2a: Diddyfreak\n|move|p2b: \u00a1Chiyeno!|Snarl|p1b: Flutter Mane|[spread] p1a,p1b\n|-damage|p1a: Lunala|90/100\n|-damage|p1b: Flutter Mane|68/100\n|-unboost|p1a: Lunala|spa|1\n|-unboost|p1b: Flutter Mane|spa|1\n|move|p1a: Lunala|Meteor Beam||[still]\n|-prepare|p1a: Lunala|Meteor Beam\n|-boost|p1a: Lunala|spa|1\n|\n|-weather|SunnyDay|[upkeep]\n|upkeep\n|turn|5\n|\n|t:|1773806426\n|move|p1b: Flutter Mane|Icy Wind|p2b: \u00a1Chiyeno!\n|-resisted|p2b: \u00a1Chiyeno!\n|-damage|p2b: \u00a1Chiyeno!|93/100\n|-unboost|p2b: \u00a1Chiyeno!|spe|1\n|move|p2b: \u00a1Chiyeno!|Snarl|p1b: Flutter Mane|[spread] p1a,p1b\n|-damage|p1a: Lunala|67/100\n|-damage|p1b: Flutter Mane|36/100\n|-unboost|p1a: Lunala|spa|1\n|-unboost|p1b: Flutter Mane|spa|1\n|move|p1a: Lunala|Meteor Beam|p2b: \u00a1Chiyeno!|[from] lockedmove\n|-supereffective|p2b: \u00a1Chiyeno!\n|-damage|p2b: \u00a1Chiyeno!|0 fnt\n|faint|p2b: \u00a1Chiyeno!\n|\n|win|terafireflareblitz\n|raw|terafireflareblitz's rating: 1487 &rarr; <strong>1502</strong><br />(+15 for winning)\n|raw|tortapoundervgc's rating: 1391 &rarr; <strong>1376</strong><br />(-15 for losing)\n","uploadtime":1773806427,"views":12,"formatid":"gen9vgc2026regi","rating":1376,"private":0,"password":null}