{"id":"gen9vgc2026regi-2570636891","format":"[Gen 9] VGC 2026 Reg I","players":["lolgz","TheManOfSausage"],"log":"|j|\u2606lolgz\n|j|\u2606TheManOfSausage\n|t:|1774830516\n|gametype|doubles\n|player|p1|lolgz|2|1415\n|player|p2|TheManOfSausage|miku-water|1492\n|gen|9\n|tier|[Gen 9] VGC 2026 Reg I\n|rated|\n|rule|Species Clause: Limit one of each Pok\u00e9mon\n|rule|Item Clause: Limit 1 of each item\n|clearpoke\n|poke|p1|Groudon, L50|\n|poke|p1|Raging Bolt, L50|\n|poke|p1|Chi-Yu, L50|\n|poke|p1|Incineroar, L50, F|\n|poke|p1|Rillaboom, L50, M|\n|poke|p1|Calyrex-Shadow, L50|\n|poke|p2|Calyrex-Ice, L50|\n|poke|p2|Miraidon, L50|\n|poke|p2|Ogerpon-Cornerstone, L50, F|\n|poke|p2|Incineroar, L50, M|\n|poke|p2|Volcarona, L50, M|\n|poke|p2|Urshifu-*, L50, M|\n|teampreview|4\nTheManOfSausage has agreed to open team sheets.\n|\n|t:|1774830546\n|teamsize|p1|4\n|teamsize|p2|4\n|start\n|switch|p1a: Calyrex|Calyrex-Shadow, L50|100/100\n|switch|p1b: Incineroar|Incineroar, L50, F|100/100\n|switch|p2a: Ogurin|Calyrex-Ice, L50|100/100\n|switch|p2b: Incineroar|Incineroar, L50, M, shiny|100/100\n|-ability|p1a: Calyrex|As One\n|-ability|p1a: Calyrex|Unnerve\n|-ability|p2a: Ogurin|As One\n|-ability|p2a: Ogurin|Unnerve\n|-ability|p2b: Incineroar|Intimidate|boost\n|-unboost|p1a: Calyrex|atk|1\n|-unboost|p1b: Incineroar|atk|1\n|-ability|p1b: Incineroar|Intimidate|boost\n|-fail|p2a: Ogurin|unboost|[from] item: Clear Amulet|[of] p2a: Ogurin\n|-unboost|p2b: Incineroar|atk|1\n|turn|1\n|\n|t:|1774830563\n|-terastallize|p2a: Ogurin|Water\n|move|p1a: Calyrex|Protect|p1a: Calyrex\n|-singleturn|p1a: Calyrex|Protect\n|move|p2b: Incineroar|Knock Off|p1a: Calyrex\n|-activate|p1a: Calyrex|move: Protect\n|move|p1b: Incineroar|Flare Blitz|p2a: Ogurin\n|-resisted|p2a: Ogurin\n|-damage|p2a: Ogurin|92/100\n|-damage|p1b: Incineroar|98/100|[from] Recoil\n|move|p2a: Ogurin|Trick Room|p2a: Ogurin\n|-fieldstart|move: Trick Room|[of] p2a: Ogurin\n|\n|upkeep\n|turn|2\n|\n|t:|1774830576\n|switch|p1a: Chi-Yu|Chi-Yu, L50|100/100\n|-ability|p1a: Chi-Yu|Beads of Ruin\n|move|p2a: Ogurin|High Horsepower|p1b: Incineroar\n|-supereffective|p1b: Incineroar\n|-damage|p1b: Incineroar|31/100\n|-damage|p2a: Ogurin|75/100|[from] item: Rocky Helmet|[of] p1b: Incineroar\n|move|p1b: Incineroar|Parting Shot|p2a: Ogurin\n|-fail|p2a: Ogurin|unboost|[from] item: Clear Amulet|[of] p2a: Ogurin\n|move|p2b: Incineroar|Knock Off|p1a: Chi-Yu\n|-resisted|p1a: Chi-Yu\n|-damage|p1a: Chi-Yu|79/100\n|-enditem|p1a: Chi-Yu|Choice Scarf|[from] move: Knock Off|[of] p2b: Incineroar\n|\n|upkeep\n|turn|3\n|\n|t:|1774830591\n|switch|p1b: Groudon|Groudon, L50|100/100\n|-weather|SunnyDay|[from] ability: Drought|[of] p1b: Groudon\n|move|p2a: Ogurin|High Horsepower|p1b: Groudon\n|-damage|p1b: Groudon|68/100\n|move|p2b: Incineroar|U-turn|p1b: Groudon\n|-damage|p1b: Groudon|58/100\n|\n|t:|1774830595\n|switch|p2b: Volcarona|Volcarona, L50, M|100/100|[from] U-turn\n|move|p1a: Chi-Yu|Snarl|p2a: Ogurin|[spread] p2a,p2b\n|-damage|p2a: Ogurin|52/100\n|-damage|p2b: Volcarona|68/100\n|-unboost|p2b: Volcarona|spa|1\n|\n|-weather|SunnyDay|[upkeep]\n|upkeep\n|turn|4\n|\n|t:|1774830605\n|move|p2a: Ogurin|Protect|p2a: Ogurin\n|-singleturn|p2a: Ogurin|Protect\n|move|p1b: Groudon|Protect|p1b: Groudon\n|-singleturn|p1b: Groudon|Protect\n|move|p2b: Volcarona|Fiery Dance|p1b: Groudon\n|-activate|p1b: Groudon|move: Protect\n|move|p1a: Chi-Yu|Heat Wave|p2b: Volcarona|[spread] \n|-activate|p2a: Ogurin|move: Protect\n|-miss|p1a: Chi-Yu|p2b: Volcarona\n|\n|-weather|SunnyDay|[upkeep]\n|upkeep\n|turn|5\n|\n|t:|1774830614\n|-terastallize|p1b: Groudon|Fire\n|move|p2a: Ogurin|Glacial Lance|p1a: Chi-Yu|[spread] p1a,p1b\n|-resisted|p1a: Chi-Yu\n|-resisted|p1b: Groudon\n|-damage|p1a: Chi-Yu|25/100\n|-damage|p1b: Groudon|37/100\n|move|p1b: Groudon|Precipice Blades|p2a: Ogurin|[spread] p2a,p2b\n|-damage|p2a: Ogurin|20/100\n|-damage|p2b: Volcarona|4/100\n|move|p2b: Volcarona|Fiery Dance|p1b: Groudon\n|-resisted|p1b: Groudon\n|-damage|p1b: Groudon|13/100\n|move|p1a: Chi-Yu|Heat Wave|p2a: Ogurin|[spread] p2a,p2b\n|-resisted|p2a: Ogurin\n|-crit|p2a: Ogurin\n|-damage|p2a: Ogurin|0 fnt\n|-damage|p2b: Volcarona|0 fnt\n|faint|p2a: Ogurin\n|faint|p2b: Volcarona\n|\n|-weather|SunnyDay|[upkeep]\n|-fieldend|move: Trick Room\n|upkeep\n|\n|t:|1774830616\n|switch|p2b: Incineroar|Incineroar, L50, M, shiny|100/100\n|switch|p2a: Tama|Miraidon, L50|100/100\n|-fieldstart|move: Electric Terrain|[from] ability: Hadron Engine|[of] p2a: Tama\n|-ability|p2b: Incineroar|Intimidate|boost\n|-unboost|p1a: Chi-Yu|atk|1\n|-fail|p1b: Groudon|unboost|[from] item: Clear Amulet|[of] p1b: Groudon\n|turn|6\n|\n|t:|1774830626\n|move|p1b: Groudon|Protect|p1b: Groudon\n|-singleturn|p1b: Groudon|Protect\n|move|p2b: Incineroar|Fake Out|p1b: Groudon\n|-activate|p1b: Groudon|move: Protect\n|move|p2a: Tama|Electro Drift|p1a: Chi-Yu\n|-damage|p1a: Chi-Yu|0 fnt\n|faint|p1a: Chi-Yu\n|\n|-weather|SunnyDay|[upkeep]\n|upkeep\n|\n|t:|1774830630\n|switch|p1a: Incineroar|Incineroar, L50, F|31/100\n|-ability|p1a: Incineroar|Intimidate|boost\n|-unboost|p2a: Tama|atk|1\n|-unboost|p2b: Incineroar|atk|1\n|turn|7\n|\n|t:|1774830638\n|move|p1a: Incineroar|Fake Out|p2a: Tama\n|-damage|p2a: Tama|90/100\n|cant|p2a: Tama|flinch\n|move|p2b: Incineroar|Flare Blitz|p1b: Groudon\n|-resisted|p1b: Groudon\n|-damage|p1b: Groudon|0 fnt\n|faint|p1b: Groudon\n|-damage|p2b: Incineroar|96/100|[from] Recoil\n|\n|-weather|none\n|upkeep\n|\n|t:|1774830645\n|switch|p1b: Calyrex|Calyrex-Shadow, L50|100/100\n|-ability|p1b: Calyrex|As One\n|-ability|p1b: Calyrex|Unnerve\n|turn|8\n|\n|t:|1774830653\n|move|p2a: Tama|Electro Drift|p1a: Incineroar\n|-damage|p1a: Incineroar|0 fnt\n|-damage|p2a: Tama|74/100|[from] item: Rocky Helmet|[of] p1a: Incineroar\n|faint|p1a: Incineroar\n|move|p1b: Calyrex|Astral Barrage|p2a: Tama|[spread] p2a,p2b\n|-resisted|p2b: Incineroar\n|-damage|p2a: Tama|27/100\n|-damage|p2b: Incineroar|78/100\n|move|p2b: Incineroar|Knock Off|p1b: Calyrex\n|-supereffective|p1b: Calyrex\n|-enditem|p1b: Calyrex|Focus Sash\n|-damage|p1b: Calyrex|1/100\n|\n|upkeep\n|turn|9\n|-message|lolgz forfeited.\n|\n|win|TheManOfSausage\n|raw|lolgz's rating: 1415 &rarr; <strong>1399</strong><br />(-16 for losing)\n|raw|TheManOfSausage's rating: 1492 &rarr; <strong>1508</strong><br />(+16 for winning)\n","uploadtime":1774830658,"views":14,"formatid":"gen9vgc2026regi","rating":1399,"private":0,"password":null}