{"id":"gen9vgc2026regi-2590943882","format":"[Gen 9] VGC 2026 Reg I","players":["Sunny_zong1","DannyDayChurch"],"log":"|j|\u2606Sunny_zong1\n|j|\u2606DannyDayChurch\n|t:|1776863505\n|gametype|doubles\n|player|p1|Sunny_zong1|bugsy|1474\n|player|p2|DannyDayChurch|guitarist-gen4|1525\n|gen|9\n|tier|[Gen 9] VGC 2026 Reg I\n|rated|\n|rule|Species Clause: Limit one of each Pok\u00e9mon\n|rule|Item Clause: Limit 1 of each item\n|clearpoke\n|poke|p1|Annihilape, L50, F|\n|poke|p1|Miraidon, L50|\n|poke|p1|Calyrex-Shadow, L50|\n|poke|p1|Wo-Chien, L50|\n|poke|p1|Grimmsnarl, L50, M|\n|poke|p1|Indeedee, L50, M|\n|poke|p2|Whimsicott, L50, F|\n|poke|p2|Kyogre, L50|\n|poke|p2|Urshifu-*, L50, M|\n|poke|p2|Ursaluna-Bloodmoon, L50, M|\n|poke|p2|Miraidon, L50|\n|poke|p2|Incineroar, L50, M|\n|teampreview|4\n|inactive|Battle timer is ON: inactive players will automatically lose when time's up. (requested by Sunny_zong1)\n|\n|t:|1776863519\n|teamsize|p1|4\n|teamsize|p2|4\n|start\n|switch|p1a: Grimmsnarl|Grimmsnarl, L50, M|100/100\n|switch|p1b: Calyrex|Calyrex-Shadow, L50|100/100\n|switch|p2a: Whimsicott|Whimsicott, L50, F, shiny|100/100\n|switch|p2b: Urshifu|Urshifu-Rapid-Strike, L50, M|100/100\n|-ability|p1b: Calyrex|As One\n|-ability|p1b: Calyrex|Unnerve\n|turn|1\n|\n|t:|1776863536\n|-terastallize|p1b: Calyrex|Ghost\n|move|p2b: Urshifu|Detect|p2b: Urshifu\n|-singleturn|p2b: Urshifu|Protect\n|move|p2a: Whimsicott|Tailwind|p2a: Whimsicott\n|-sidestart|p2: DannyDayChurch|move: Tailwind\n|move|p1a: Grimmsnarl|Thunder Wave|p2b: Urshifu\n|-activate|p2b: Urshifu|move: Protect\n|move|p1b: Calyrex|Astral Barrage|p2b: Urshifu|[spread] p2a\n|-activate|p2b: Urshifu|move: Protect\n|-enditem|p2a: Whimsicott|Focus Sash\n|-damage|p2a: Whimsicott|1/100\n|\n|upkeep\n|turn|2\n|\n|t:|1776863557\n|switch|p2a: Kyogre|Kyogre, L50|100/100\n|-weather|RainDance|[from] ability: Drizzle|[of] p2a: Kyogre\n|move|p1a: Grimmsnarl|Thunder Wave|p2b: Urshifu\n|-status|p2b: Urshifu|par\n|move|p1b: Calyrex|Astral Barrage|p2b: Urshifu|[spread] p2a,p2b\n|-damage|p2a: Kyogre|16/100\n|-damage|p2b: Urshifu|0 fnt\n|faint|p2b: Urshifu\n|-ability|p1b: Calyrex|Grim Neigh|boost\n|-boost|p1b: Calyrex|spa|1\n|\n|-weather|RainDance|[upkeep]\n|upkeep\n|\n|t:|1776863573\n|switch|p2b: Miraidon|Miraidon, L50, shiny|100/100\n|-fieldstart|move: Electric Terrain|[from] ability: Hadron Engine|[of] p2b: Miraidon\n|turn|3\n|\n|t:|1776863595\n|switch|p1b: Wo-Chien|Wo-Chien, L50|100/100\n|-ability|p1b: Wo-Chien|Tablets of Ruin\n|-terastallize|p2a: Kyogre|Ground\n|move|p1a: Grimmsnarl|Light Screen|p1a: Grimmsnarl\n|-sidestart|p1: Sunny_zong1|move: Light Screen\n|move|p2b: Miraidon|Electro Drift|p1a: Grimmsnarl\n|-damage|p1a: Grimmsnarl|43/100\n|move|p2a: Kyogre|Origin Pulse|p1b: Wo-Chien|[spread] p1a\n|-miss|p2a: Kyogre|p1b: Wo-Chien\n|-damage|p1a: Grimmsnarl|0 fnt\n|faint|p1a: Grimmsnarl\n|\n|-weather|RainDance|[upkeep]\n|upkeep\n|\n|t:|1776863600\n|switch|p1a: Miraidon|Miraidon, L50|100/100\n|-activate|p1a: Miraidon|ability: Hadron Engine\n|turn|4\n|inactive|DannyDayChurch has 30 seconds left.\n|\n|t:|1776863632\n|move|p1a: Miraidon|Protect|p1a: Miraidon\n|-singleturn|p1a: Miraidon|Protect\n|move|p2b: Miraidon|Draco Meteor|p1a: Miraidon\n|-activate|p1a: Miraidon|move: Protect\n|move|p2a: Kyogre|Origin Pulse|p1b: Wo-Chien|[spread] p1b\n|-activate|p1a: Miraidon|move: Protect\n|-resisted|p1b: Wo-Chien\n|-damage|p1b: Wo-Chien|80/100\n|move|p1b: Wo-Chien|Snarl|p2a: Kyogre|[spread] p2a,p2b\n|-damage|p2a: Kyogre|5/100\n|-damage|p2b: Miraidon|90/100\n|-unboost|p2a: Kyogre|spa|1\n|-unboost|p2b: Miraidon|spa|1\n|\n|-weather|RainDance|[upkeep]\n|-heal|p1b: Wo-Chien|86/100|[from] item: Leftovers\n|-sideend|p2: DannyDayChurch|move: Tailwind\n|upkeep\n|turn|5\n|\n|t:|1776863651\n|switch|p2b: Whimsicott|Whimsicott, L50, F, shiny|1/100\n|move|p1a: Miraidon|Dazzling Gleam|p2a: Kyogre|[spread] p2a,p2b\n|-damage|p2a: Kyogre|0 fnt\n|-damage|p2b: Whimsicott|0 fnt\n|faint|p2a: Kyogre\n|faint|p2b: Whimsicott\n|-damage|p1a: Miraidon|91/100|[from] item: Life Orb\n|move|p1b: Wo-Chien|Snarl|p2: Kyogre|[notarget]\n|-fail|p1b: Wo-Chien\n|\n|-weather|RainDance|[upkeep]\n|-heal|p1b: Wo-Chien|93/100|[from] item: Leftovers\n|upkeep\n|-message|DannyDayChurch forfeited.\n|\n|win|Sunny_zong1\n|raw|Sunny_zong1's rating: 1474 &rarr; <strong>1497</strong><br />(+23 for winning)\n|raw|DannyDayChurch's rating: 1525 &rarr; <strong>1502</strong><br />(-23 for losing)\n|l|\u2606DannyDayChurch\n|player|p2|\n|l|\u2606Sunny_zong1\n|player|p1|\n","uploadtime":1776863881,"views":11,"formatid":"gen9vgc2026regi","rating":1497,"private":0,"password":null}