{"id":"gen9vgc2026regi-2524644147","format":"[Gen 9] VGC 2026 Reg I","players":["fjll233","ky123456"],"log":"|j|\u2606fjll233\n|j|\u2606ky123456\n|t:|1769179435\n|gametype|doubles\n|player|p1|fjll233|102|1362\n|player|p2|ky123456|cynthia-gen4|1462\n|gen|9\n|tier|[Gen 9] VGC 2026 Reg I\n|rated|\n|rule|Species Clause: Limit one of each Pok\u00e9mon\n|rule|Item Clause: Limit 1 of each item\n|clearpoke\n|poke|p1|Muk-Alola, L50, F|\n|poke|p1|Smeargle, L50, F|\n|poke|p1|Flamigo, L50, F|\n|poke|p1|Rillaboom, L50, F|\n|poke|p1|Calyrex-Shadow, L50|\n|poke|p1|Miraidon, L50|\n|poke|p2|Koraidon, L50|\n|poke|p2|Calyrex-Ice, L50|\n|poke|p2|Incineroar, L50, F|\n|poke|p2|Smeargle, L50, F|\n|poke|p2|Rillaboom, L50, M|\n|poke|p2|Landorus, L50, M|\n|teampreview|4\n|\n|t:|1769179465\n|teamsize|p1|4\n|teamsize|p2|4\n|start\n|switch|p1a: Muk|Muk-Alola, L50, F|100/100\n|switch|p1b: Miraidon|Miraidon, L50|100/100\n|switch|p2a: Calyrex|Calyrex-Ice, L50|100/100\n|switch|p2b: Rillaboom|Rillaboom, L50, M|100/100\n|-ability|p2a: Calyrex|As One\n|-ability|p2a: Calyrex|Unnerve\n|-fieldstart|move: Electric Terrain|[from] ability: Hadron Engine|[of] p1b: Miraidon\n|-fieldstart|move: Grassy Terrain|[from] ability: Grassy Surge|[of] p2b: Rillaboom\n|turn|1\n|\n|t:|1769179490\n|switch|p1b: Smeargle|Smeargle, L50, F|100/100\n|move|p2b: Rillaboom|Fake Out|p1b: Smeargle\n|-crit|p1b: Smeargle\n|-damage|p1b: Smeargle|67/100\n|move|p1a: Muk|Minimize|p1a: Muk\n|-boost|p1a: Muk|evasion|2\n|move|p2a: Calyrex|Glacial Lance|p1a: Muk|[spread] p1b\n|-miss|p2a: Calyrex|p1a: Muk\n|-damage|p1b: Smeargle|0 fnt\n|faint|p1b: Smeargle\n|-ability|p1a: Muk|Moody|Power of Alchemy|[from] ability: Power of Alchemy|[of] p1b: Smeargle\n|-ability|p2a: Calyrex|Chilling Neigh|boost\n|-boost|p2a: Calyrex|atk|1\n|\n|-ability|p1a: Muk|Moody|boost\n|-boost|p1a: Muk|def|2\n|-unboost|p1a: Muk|spe|1\n|upkeep\n|\n|t:|1769179508\n|switch|p1b: Calyrex|Calyrex-Shadow, L50|100/100\n|-ability|p1b: Calyrex|As One\n|-ability|p1b: Calyrex|Unnerve\n|turn|2\n|\n|t:|1769179521\n|-terastallize|p2a: Calyrex|Fairy\n|move|p1b: Calyrex|Astral Barrage|p2b: Rillaboom|[spread] p2a,p2b\n|-damage|p2a: Calyrex|55/100\n|-damage|p2b: Rillaboom|46/100\n|-damage|p1b: Calyrex|91/100|[from] item: Life Orb\n|move|p2b: Rillaboom|U-turn|p1b: Calyrex\n|-damage|p1b: Calyrex|66/100\n|\n|t:|1769179531\n|switch|p2b: Smeargle|Smeargle, L50, F|100/100|[from] U-turn\n|move|p2a: Calyrex|Glacial Lance|p1b: Calyrex|[spread] p1b\n|-miss|p2a: Calyrex|p1a: Muk\n|-damage|p1b: Calyrex|0 fnt\n|faint|p1b: Calyrex\n|-ability|p2a: Calyrex|Chilling Neigh|boost\n|-boost|p2a: Calyrex|atk|1\n|move|p1a: Muk|Minimize|p1a: Muk\n|-boost|p1a: Muk|evasion|2\n|\n|-heal|p2a: Calyrex|61/100|[from] Grassy Terrain\n|-heal|p2a: Calyrex|67/100|[from] item: Leftovers\n|-ability|p2b: Smeargle|Moody|boost\n|-boost|p2b: Smeargle|spa|2\n|-unboost|p2b: Smeargle|spe|1\n|-ability|p1a: Muk|Moody|boost\n|-boost|p1a: Muk|atk|2\n|-unboost|p1a: Muk|spd|1\n|upkeep\n|\n|t:|1769179549\n|switch|p1b: Miraidon|Miraidon, L50|100/100\n|-fieldstart|move: Electric Terrain|[from] ability: Hadron Engine|[of] p1b: Miraidon\n|turn|3\n|\n|t:|1769179556\n|switch|p2b: Rillaboom|Rillaboom, L50, M|46/100\n|-fieldstart|move: Grassy Terrain|[from] ability: Grassy Surge|[of] p2b: Rillaboom\n|move|p2a: Calyrex|Protect|p2a: Calyrex\n|-singleturn|p2a: Calyrex|Protect\n|move|p1b: Miraidon|Dazzling Gleam|p2b: Rillaboom|[spread] p2b\n|-activate|p2a: Calyrex|move: Protect\n|-damage|p2b: Rillaboom|23/100\n|move|p1a: Muk|Minimize|p1a: Muk\n|-boost|p1a: Muk|evasion|2\n|\n|-heal|p2b: Rillaboom|29/100|[from] Grassy Terrain\n|-heal|p2a: Calyrex|72/100|[from] Grassy Terrain\n|-heal|p2a: Calyrex|78/100|[from] item: Leftovers\n|-ability|p1a: Muk|Moody|boost\n|-boost|p1a: Muk|spe|2\n|-unboost|p1a: Muk|def|1\n|upkeep\n|turn|4\n|\n|t:|1769179573\n|move|p2b: Rillaboom|Fake Out|p1a: Muk|[miss]\n|-miss|p2b: Rillaboom|p1a: Muk\n|move|p1b: Miraidon|Dazzling Gleam|p2b: Rillaboom|[spread] p2a,p2b\n|-damage|p2a: Calyrex|59/100\n|-damage|p2b: Rillaboom|2/100\n|move|p1a: Muk|Poison Gas|p2b: Rillaboom|[spread] p2a,p2b\n|-status|p2a: Calyrex|psn\n|-status|p2b: Rillaboom|psn\n|move|p2a: Calyrex|Glacial Lance|p1a: Muk|[spread] p1b\n|-miss|p2a: Calyrex|p1a: Muk\n|-supereffective|p1b: Miraidon\n|-damage|p1b: Miraidon|0 fnt\n|faint|p1b: Miraidon\n|-ability|p2a: Calyrex|Chilling Neigh|boost\n|-boost|p2a: Calyrex|atk|1\n|\n|-heal|p2b: Rillaboom|8/100 psn|[from] Grassy Terrain\n|-heal|p2a: Calyrex|65/100 psn|[from] Grassy Terrain\n|-heal|p2a: Calyrex|71/100 psn|[from] item: Leftovers\n|-damage|p2b: Rillaboom|0 fnt|[from] psn\n|faint|p2b: Rillaboom\n|-damage|p2a: Calyrex|59/100 psn|[from] psn\n|-ability|p1a: Muk|Moody|boost\n|-boost|p1a: Muk|spd|2\n|-unboost|p1a: Muk|spe|1\n|upkeep\n|\n|t:|1769179579\n|switch|p2b: Smeargle|Smeargle, L50, F|100/100\n|turn|5\n|\n|t:|1769179598\n|move|p1a: Muk|Protect|p1a: Muk\n|-singleturn|p1a: Muk|Protect\n|move|p2b: Smeargle|Spore|p1a: Muk\n|-activate|p1a: Muk|move: Protect\n|move|p2a: Calyrex|Glacial Lance|p1a: Muk\n|-activate|p1a: Muk|move: Protect\n|\n|-heal|p2a: Calyrex|65/100 psn|[from] Grassy Terrain\n|-heal|p2a: Calyrex|71/100 psn|[from] item: Leftovers\n|-damage|p2a: Calyrex|58/100 psn|[from] psn\n|-ability|p2b: Smeargle|Moody|boost\n|-boost|p2b: Smeargle|spa|2\n|-unboost|p2b: Smeargle|spe|1\n|-ability|p1a: Muk|Moody|boost\n|-boost|p1a: Muk|spe|2\n|-unboost|p1a: Muk|spd|1\n|upkeep\n|turn|6\n|\n|t:|1769179616\n|-terastallize|p1a: Muk|Water\n|move|p1a: Muk|Knock Off|p2a: Calyrex\n|-resisted|p2a: Calyrex\n|-damage|p2a: Calyrex|36/100 psn\n|-enditem|p2a: Calyrex|Leftovers|[from] move: Knock Off|[of] p1a: Muk\n|move|p2b: Smeargle|Spore|p1a: Muk\n|-status|p1a: Muk|slp|[from] move: Spore\n|move|p2a: Calyrex|Glacial Lance|p1a: Muk|[miss]\n|-miss|p2a: Calyrex|p1a: Muk\n|\n|-heal|p2a: Calyrex|42/100 psn|[from] Grassy Terrain\n|-damage|p2a: Calyrex|30/100 psn|[from] psn\n|-ability|p1a: Muk|Moody|boost\n|-boost|p1a: Muk|spa|2\n|-unboost|p1a: Muk|spd|1\n|-ability|p2b: Smeargle|Moody|boost\n|-boost|p2b: Smeargle|spe|2\n|-unboost|p2b: Smeargle|atk|1\n|upkeep\n|turn|7\n|\n|t:|1769179633\n|cant|p1a: Muk|slp\n|move|p2b: Smeargle|Ruination|p1a: Muk|[miss]\n|-miss|p2b: Smeargle|p1a: Muk\n|move|p2a: Calyrex|Leech Seed|p1a: Muk|[miss]\n|-miss|p2a: Calyrex|p1a: Muk\n|\n|-heal|p2a: Calyrex|36/100 psn|[from] Grassy Terrain\n|-damage|p2a: Calyrex|24/100 psn|[from] psn\n|-fieldend|move: Grassy Terrain\n|-ability|p2b: Smeargle|Moody|boost\n|-boost|p2b: Smeargle|spd|2\n|-unboost|p2b: Smeargle|def|1\n|-ability|p1a: Muk|Moody|boost\n|-boost|p1a: Muk|def|2\n|-unboost|p1a: Muk|spd|1\n|upkeep\n|turn|8\n|\n|t:|1769179647\n|cant|p1a: Muk|slp\n|move|p2b: Smeargle|Ruination|p1a: Muk|[miss]\n|-miss|p2b: Smeargle|p1a: Muk\n|move|p2a: Calyrex|Leech Seed|p1a: Muk|[miss]\n|-miss|p2a: Calyrex|p1a: Muk\n|\n|-damage|p2a: Calyrex|12/100 psn|[from] psn\n|-ability|p2b: Smeargle|Moody|boost\n|-boost|p2b: Smeargle|spa|2\n|-unboost|p2b: Smeargle|def|1\n|-ability|p1a: Muk|Moody|boost\n|-boost|p1a: Muk|atk|2\n|-unboost|p1a: Muk|def|1\n|upkeep\n|turn|9\n|\n|t:|1769179660\n|cant|p1a: Muk|slp\n|move|p2b: Smeargle|Ruination|p1a: Muk|[miss]\n|-miss|p2b: Smeargle|p1a: Muk\n|move|p2a: Calyrex|Leech Seed|p1a: Muk|[miss]\n|-miss|p2a: Calyrex|p1a: Muk\n|\n|-damage|p2a: Calyrex|0 fnt|[from] psn\n|faint|p2a: Calyrex\n|-ability|p2b: Smeargle|Moody|boost\n|-boost|p2b: Smeargle|spe|2\n|-unboost|p2b: Smeargle|atk|1\n|-ability|p1a: Muk|Moody|boost\n|-boost|p1a: Muk|spd|2\n|-unboost|p1a: Muk|atk|1\n|upkeep\n|\n|t:|1769179667\n|switch|p2a: Koraidon|Koraidon, L50|100/100\n|-weather|SunnyDay|[from] ability: Orichalcum Pulse|[of] p2a: Koraidon\n|-activate|p2a: Koraidon|Orichalcum Pulse|[source]\n|turn|10\n|\n|t:|1769179678\n|move|p2b: Smeargle|Ruination|p1a: Muk|[miss]\n|-miss|p2b: Smeargle|p1a: Muk\n|move|p2a: Koraidon|Low Kick|p1a: Muk|[miss]\n|-miss|p2a: Koraidon|p1a: Muk\n|-curestatus|p1a: Muk|slp|[msg]\n|move|p1a: Muk|Poison Gas|p2b: Smeargle|[spread] p2a,p2b\n|-status|p2a: Koraidon|psn\n|-status|p2b: Smeargle|psn\n|\n|-weather|SunnyDay|[upkeep]\n|-damage|p2b: Smeargle|88/100 psn|[from] psn\n|-damage|p2a: Koraidon|88/100 psn|[from] psn\n|-ability|p2b: Smeargle|Moody|boost\n|-boost|p2b: Smeargle|spe|2\n|-unboost|p2b: Smeargle|spd|1\n|-ability|p1a: Muk|Moody|boost\n|-boost|p1a: Muk|spd|2\n|-unboost|p1a: Muk|spe|1\n|upkeep\n|turn|11\n|\n|t:|1769179694\n|move|p1a: Muk|Protect|p1a: Muk\n|-singleturn|p1a: Muk|Protect\n|move|p2b: Smeargle|Spore|p1a: Muk\n|-activate|p1a: Muk|move: Protect\n|move|p2a: Koraidon|Low Kick|p1a: Muk\n|-activate|p1a: Muk|move: Protect\n|\n|-weather|SunnyDay|[upkeep]\n|-damage|p2b: Smeargle|76/100 psn|[from] psn\n|-damage|p2a: Koraidon|76/100 psn|[from] psn\n|-ability|p2b: Smeargle|Moody|boost\n|-boost|p2b: Smeargle|spe|1\n|-unboost|p2b: Smeargle|atk|1\n|-ability|p1a: Muk|Moody|boost\n|-boost|p1a: Muk|spe|2\n|-unboost|p1a: Muk|spa|1\n|upkeep\n|turn|12\n|\n|t:|1769179709\n|move|p2b: Smeargle|Spore|p1a: Muk\n|-status|p1a: Muk|slp|[from] move: Spore\n|cant|p1a: Muk|slp\n|move|p2a: Koraidon|Low Kick|p1a: Muk|[miss]\n|-miss|p2a: Koraidon|p1a: Muk\n|\n|-weather|SunnyDay|[upkeep]\n|-damage|p2b: Smeargle|64/100 psn|[from] psn\n|-damage|p2a: Koraidon|64/100 psn|[from] psn\n|-ability|p2b: Smeargle|Moody|boost\n|-boost|p2b: Smeargle|spa|2\n|-unboost|p2b: Smeargle|spd|1\n|-ability|p1a: Muk|Moody|boost\n|-boost|p1a: Muk|spd|2\n|-unboost|p1a: Muk|spa|1\n|upkeep\n|turn|13\n|\n|t:|1769179723\n|cant|p1a: Muk|slp\n|move|p2b: Smeargle|Ruination|p1a: Muk|[miss]\n|-miss|p2b: Smeargle|p1a: Muk\n|move|p2a: Koraidon|Low Kick|p1a: Muk\n|-damage|p1a: Muk|76/100 slp\n|\n|-weather|SunnyDay|[upkeep]\n|-heal|p1a: Muk|83/100 slp|[from] item: Leftovers\n|-damage|p2b: Smeargle|51/100 psn|[from] psn\n|-damage|p2a: Koraidon|52/100 psn|[from] psn\n|-ability|p2b: Smeargle|Moody|boost\n|-boost|p2b: Smeargle|atk|2\n|-unboost|p2b: Smeargle|spa|1\n|-ability|p1a: Muk|Moody|boost\n|-boost|p1a: Muk|def|2\n|-unboost|p1a: Muk|atk|1\n|upkeep\n|turn|14\n|\n|t:|1769179738\n|-curestatus|p1a: Muk|slp|[msg]\n|move|p1a: Muk|Protect|p1a: Muk\n|-singleturn|p1a: Muk|Protect\n|move|p2b: Smeargle|Ruination|p1a: Muk\n|-activate|p1a: Muk|move: Protect\n|move|p2a: Koraidon|Low Kick|p1a: Muk\n|-activate|p1a: Muk|move: Protect\n|\n|-weather|none\n|-heal|p1a: Muk|89/100|[from] item: Leftovers\n|-damage|p2b: Smeargle|39/100 psn|[from] psn\n|-damage|p2a: Koraidon|40/100 psn|[from] psn\n|-ability|p2b: Smeargle|Moody|boost\n|-boost|p2b: Smeargle|spd|2\n|-unboost|p2b: Smeargle|spa|1\n|-ability|p1a: Muk|Moody|boost\n|-boost|p1a: Muk|spe|2\n|-unboost|p1a: Muk|def|1\n|upkeep\n|turn|15\n|\n|t:|1769179756\n|move|p2b: Smeargle|Spore|p1a: Muk|[miss]\n|-miss|p2b: Smeargle|p1a: Muk\n|move|p1a: Muk|Knock Off|p2b: Smeargle\n|-damage|p2b: Smeargle|0 fnt\n|-enditem|p2b: Smeargle|Focus Sash|[from] move: Knock Off|[of] p1a: Muk\n|faint|p2b: Smeargle\n|move|p2a: Koraidon|Low Kick|p1a: Muk|[miss]\n|-miss|p2a: Koraidon|p1a: Muk\n|\n|-heal|p1a: Muk|95/100|[from] item: Leftovers\n|-damage|p2a: Koraidon|27/100 psn|[from] psn\n|-ability|p1a: Muk|Moody|boost\n|-boost|p1a: Muk|spd|2\n|-unboost|p1a: Muk|spa|1\n|upkeep\n|turn|16\n|\n|t:|1769179771\n|move|p1a: Muk|Knock Off|p2a: Koraidon\n|-resisted|p2a: Koraidon\n|-damage|p2a: Koraidon|1/100 psn\n|-enditem|p2a: Koraidon|Clear Amulet|[from] move: Knock Off|[of] p1a: Muk\n|move|p2a: Koraidon|Low Kick|p1a: Muk\n|-damage|p1a: Muk|82/100\n|\n|-heal|p1a: Muk|88/100|[from] item: Leftovers\n|-damage|p2a: Koraidon|0 fnt|[from] psn\n|faint|p2a: Koraidon\n|\n|win|fjll233\n|raw|fjll233's rating: 1362 &rarr; <strong>1388</strong><br />(+26 for winning)\n|raw|ky123456's rating: 1462 &rarr; <strong>1436</strong><br />(-26 for losing)\n|l|\u2606fjll233\n|player|p1|\n|l|\u2606ky123456\n|player|p2|\n","uploadtime":1769179990,"views":13,"formatid":"gen9vgc2026regi","rating":1388,"private":0,"password":null}