{"id":"gen9vgc2026regi-2586761628","format":"[Gen 9] VGC 2026 Reg I","players":["poglordt3","wasaad5"],"log":"|j|\u2606poglordt3\n|j|\u2606wasaad5\n|t:|1776457856\n|gametype|doubles\n|player|p1|poglordt3|nate|1305\n|player|p2|wasaad5|blue|1312\n|gen|9\n|tier|[Gen 9] VGC 2026 Reg I\n|rated|\n|rule|Species Clause: Limit one of each Pok\u00e9mon\n|rule|Item Clause: Limit 1 of each item\n|clearpoke\n|poke|p1|Incineroar, L50, M|\n|poke|p1|Lunala, L50|\n|poke|p1|Amoonguss, L50, F|\n|poke|p1|Ursaluna, L50, M|\n|poke|p1|Koraidon, L50|\n|poke|p1|Flutter Mane, L50|\n|poke|p2|Kyurem-White, L50|\n|poke|p2|Zacian-*, L50|\n|poke|p2|Sableye, L50, F|\n|poke|p2|Urshifu-*, L50, M|\n|poke|p2|Amoonguss, L50, F|\n|poke|p2|Incineroar, L50, M|\n|teampreview|4\npoglordt3 has agreed to open team sheets.\n|inactive|Battle timer is ON: inactive players will automatically lose when time's up. (requested by poglordt3)\n|\n|t:|1776457897\n|teamsize|p1|4\n|teamsize|p2|4\n|start\n|switch|p1a: Incineroar|Incineroar, L50, M|100/100\n|switch|p1b: Lunala|Lunala, L50|100/100\n|switch|p2a: Sableye|Sableye, L50, F|100/100\n|switch|p2b: Urshifu|Urshifu-Rapid-Strike, L50, M|100/100\n|-ability|p1a: Incineroar|Intimidate|boost\n|-unboost|p2a: Sableye|atk|1\n|-unboost|p2b: Urshifu|atk|1\n|turn|1\n|inactive|poglordt3 has 30 seconds left.\n|\n|t:|1776457924\n|-terastallize|p2b: Urshifu|Water\n|-terastallize|p1b: Lunala|Fairy\n|move|p1a: Incineroar|Fake Out|p2b: Urshifu\n|-damage|p2b: Urshifu|90/100\n|move|p2a: Sableye|Rain Dance|p2a: Sableye\n|-weather|RainDance\n|cant|p2b: Urshifu|flinch\n|move|p1b: Lunala|Trick Room|p1b: Lunala\n|-fieldstart|move: Trick Room|[of] p1b: Lunala\n|\n|-weather|RainDance|[upkeep]\n|upkeep\n|turn|2\n|\n|t:|1776457944\n|move|p2a: Sableye|Encore|p1b: Lunala\n|-start|p1b: Lunala|Encore\n|move|p1a: Incineroar|Knock Off|p2b: Urshifu\n|-damage|p2b: Urshifu|54/100\n|-enditem|p2b: Urshifu|Choice Scarf|[from] move: Knock Off|[of] p1a: Incineroar\n|move|p1b: Lunala|Trick Room|p1b: Lunala\n|-fieldend|move: Trick Room\n|move|p2b: Urshifu|Surging Strikes|p1a: Incineroar\n|-supereffective|p1a: Incineroar\n|-crit|p1a: Incineroar\n|-damage|p1a: Incineroar|31/100\n|-supereffective|p1a: Incineroar\n|-crit|p1a: Incineroar\n|-damage|p1a: Incineroar|0 fnt\n|faint|p1a: Incineroar\n|-hitcount|p1: Incineroar|2\n|\n|-weather|RainDance|[upkeep]\n|upkeep\n|\n|t:|1776457957\n|switch|p1a: Amoonguss|Amoonguss, L50, F, shiny|100/100\n|turn|3\n|inactive|wasaad5 has 30 seconds left.\n|\n|t:|1776457983\n|move|p1a: Amoonguss|Rage Powder|p1a: Amoonguss\n|-singleturn|p1a: Amoonguss|move: Rage Powder\n|move|p2a: Sableye|Disable|p1a: Amoonguss\n|-start|p1a: Amoonguss|Disable|Rage Powder\n|move|p2b: Urshifu|U-turn|p1a: Amoonguss\n|-damage|p1a: Amoonguss|86/100\n|\n|t:|1776457992\n|switch|p2b: Kyurem|Kyurem-White, L50, shiny|100/100|[from] U-turn\n|-ability|p2b: Kyurem|Turboblaze\n|move|p1b: Lunala|Trick Room|p1b: Lunala\n|-fieldstart|move: Trick Room|[of] p1b: Lunala\n|\n|-weather|RainDance|[upkeep]\n|upkeep\n|turn|4\n|\n|t:|1776458003\n|switch|p1b: Ursaluna|Ursaluna, L50, M|100/100\n|move|p1a: Amoonguss|Protect|p1a: Amoonguss\n|-singleturn|p1a: Amoonguss|Protect\n|move|p2a: Sableye|Quash|p1a: Amoonguss\n|-activate|p1a: Amoonguss|move: Protect\n|move|p2b: Kyurem|Freeze-Dry|p1a: Amoonguss\n|-activate|p1a: Amoonguss|move: Protect\n|\n|-weather|RainDance|[upkeep]\n|-status|p1b: Ursaluna|brn|[from] item: Flame Orb\n|upkeep\n|turn|5\n|inactive|poglordt3 has 30 seconds left.\n|\n|t:|1776458033\n|move|p2a: Sableye|Quash|p1b: Ursaluna\n|-activate|p1b: Ursaluna|move: Quash\n|move|p1a: Amoonguss|Spore|p2b: Kyurem\n|-status|p2b: Kyurem|slp|[from] move: Spore\n|cant|p2b: Kyurem|slp\n|move|p1b: Ursaluna|Earthquake|p2b: Kyurem|[spread] p1a,p2a,p2b\n|-damage|p1a: Amoonguss|31/100\n|-damage|p2a: Sableye|33/100\n|-damage|p2b: Kyurem|31/100 slp\n|\n|-weather|none\n|-damage|p1b: Ursaluna|95/100 brn|[from] brn\n|upkeep\n|turn|6\n|\n|t:|1776458046\n|move|p1a: Amoonguss|Protect|p1a: Amoonguss\n|-singleturn|p1a: Amoonguss|Protect\n|move|p2a: Sableye|Disable|p1b: Ursaluna\n|-start|p1b: Ursaluna|Disable|Earthquake\n|cant|p1b: Ursaluna|Disable|Earthquake\n|cant|p2b: Kyurem|slp\n|\n|-damage|p1b: Ursaluna|89/100 brn|[from] brn\n|upkeep\n|turn|7\n|\n|t:|1776458066\n|switch|p1a: Lunala|Lunala, L50, tera:Fairy|100/100\n|-curestatus|p2b: Kyurem|slp|[msg]\n|move|p2b: Kyurem|Protect|p2b: Kyurem\n|-singleturn|p2b: Kyurem|Protect\n|move|p2a: Sableye|Encore||[still]\n|-fail|p2a: Sableye\n|move|p1b: Ursaluna|Facade|p2b: Kyurem\n|-activate|p2b: Kyurem|move: Protect\n|\n|-damage|p1b: Ursaluna|83/100 brn|[from] brn\n|-fieldend|move: Trick Room\n|upkeep\n|turn|8\n|\n|t:|1776458092\n|switch|p2a: Urshifu|Urshifu-Rapid-Strike, L50, M, tera:Water|54/100\n|move|p1b: Ursaluna|Protect|p1b: Ursaluna\n|-singleturn|p1b: Ursaluna|Protect\n|move|p2b: Kyurem|Freeze-Dry|p1b: Ursaluna\n|-activate|p1b: Ursaluna|move: Protect\n|move|p1a: Lunala|Moonblast|p2b: Kyurem\n|-supereffective|p2b: Kyurem\n|-damage|p2b: Kyurem|0 fnt\n|faint|p2b: Kyurem\n|\n|-damage|p1b: Ursaluna|77/100 brn|[from] brn\n|upkeep\n|\n|t:|1776458098\n|switch|p2b: Zacian|Zacian-Crowned, L50|100/100\n|-ability|p2b: Zacian|Intrepid Sword|boost\n|-boost|p2b: Zacian|atk|1\n|turn|9\n|\n|t:|1776458116\n|switch|p1b: Amoonguss|Amoonguss, L50, F, shiny|64/100\n|move|p2b: Zacian|Behemoth Blade|p1a: Lunala\n|-supereffective|p1a: Lunala\n|-damage|p1a: Lunala|21/100\n|move|p2a: Urshifu|Surging Strikes|p1b: Amoonguss\n|-resisted|p1b: Amoonguss\n|-crit|p1b: Amoonguss\n|-damage|p1b: Amoonguss|52/100\n|-resisted|p1b: Amoonguss\n|-crit|p1b: Amoonguss\n|-damage|p1b: Amoonguss|40/100\n|-resisted|p1b: Amoonguss\n|-crit|p1b: Amoonguss\n|-damage|p1b: Amoonguss|27/100\n|-hitcount|p1b: Amoonguss|3\n|move|p1a: Lunala|Trick Room|p1a: Lunala\n|-fieldstart|move: Trick Room|[of] p1a: Lunala\n|\n|-heal|p1a: Lunala|28/100|[from] item: Leftovers\n|upkeep\n|turn|10\n|inactive|poglordt3 has 30 seconds left.\n|inactive|wasaad5 has 30 seconds left.\n|inactive|poglordt3 has 20 seconds left.\n|inactive|poglordt3 has 15 seconds left.\n|\n|t:|1776458156\n|move|p2b: Zacian|Protect|p2b: Zacian\n|-singleturn|p2b: Zacian|Protect\n|move|p2a: Urshifu|Aqua Jet|p1a: Lunala\n|-damage|p1a: Lunala|1/100\n|move|p1b: Amoonguss|Spore|p2a: Urshifu\n|-status|p2a: Urshifu|slp|[from] move: Spore\n|move|p1a: Lunala|Moonblast|p2a: Urshifu\n|-damage|p2a: Urshifu|0 fnt\n|faint|p2a: Urshifu\n|\n|-heal|p1a: Lunala|7/100|[from] item: Leftovers\n|upkeep\n|\n|t:|1776458163\n|switch|p2a: Sableye|Sableye, L50, F|33/100\n|turn|11\n|inactive|wasaad5 has 30 seconds left.\n|inactive|wasaad5 has 20 seconds left.\n|\n|t:|1776458200\n|move|p2b: Zacian|Protect||[still]\n|-fail|p2b: Zacian\n|move|p2a: Sableye|Disable|p1a: Lunala\n|-start|p1a: Lunala|Disable|Moonblast\n|move|p1b: Amoonguss|Spore|p2b: Zacian\n|-status|p2b: Zacian|slp|[from] move: Spore\n|cant|p1a: Lunala|Disable|Moonblast\n|\n|-heal|p1a: Lunala|14/100|[from] item: Leftovers\n|upkeep\n|turn|12\n|inactive|poglordt3 has 30 seconds left.\n|\n|t:|1776458230\n|switch|p1b: Ursaluna|Ursaluna, L50, M|77/100 brn\n|cant|p2b: Zacian|slp\n|move|p2a: Sableye|Encore|p1a: Lunala\n|-start|p1a: Lunala|Encore\n|cant|p1a: Lunala|Disable|Moonblast\n|\n|-heal|p1a: Lunala|20/100|[from] item: Leftovers\n|-damage|p1b: Ursaluna|71/100 brn|[from] brn\n|upkeep\n|turn|13\n|\n|t:|1776458251\n|switch|p1a: Amoonguss|Amoonguss, L50, F, shiny|61/100\n|-curestatus|p2b: Zacian|slp|[msg]\n|move|p2b: Zacian|Protect|p2b: Zacian\n|-singleturn|p2b: Zacian|Protect\n|move|p2a: Sableye|Rain Dance|p2a: Sableye\n|-weather|RainDance\n|move|p1b: Ursaluna|Headlong Rush|p2b: Zacian\n|-activate|p2b: Zacian|move: Protect\n|\n|-weather|RainDance|[upkeep]\n|-damage|p1b: Ursaluna|66/100 brn|[from] brn\n|-fieldend|move: Trick Room\n|upkeep\n|turn|14\n|\n|t:|1776458270\n|move|p2b: Zacian|Protect||[still]\n|-fail|p2b: Zacian\n|move|p1a: Amoonguss|Protect|p1a: Amoonguss\n|-singleturn|p1a: Amoonguss|Protect\n|move|p2a: Sableye|Disable|p1a: Amoonguss\n|-activate|p1a: Amoonguss|move: Protect\n|move|p1b: Ursaluna|Earthquake|p2a: Sableye|[spread] p2a,p2b\n|-activate|p1a: Amoonguss|move: Protect\n|-supereffective|p2b: Zacian\n|-damage|p2a: Sableye|0 fnt\n|-damage|p2b: Zacian|0 fnt\n|faint|p2a: Sableye\n|faint|p2b: Zacian\n|\n|win|poglordt3\n|raw|poglordt3's rating: 1305 &rarr; <strong>1325</strong><br />(+20 for winning)\n|raw|wasaad5's rating: 1312 &rarr; <strong>1292</strong><br />(-20 for losing)\n|l|\u2606wasaad5\n|player|p2|\n|c|\u2606poglordt3|LOL\n|c|\u2606poglordt3|cute sableye\n|c|\u2606poglordt3|did not see that coming\n|l|\u2606poglordt3\n|player|p1|\n","uploadtime":1776458500,"views":10,"formatid":"gen9vgc2026regi","rating":1292,"private":0,"password":null}