{"id":"gen9vgc2026regi-2523506307","format":"[Gen 9] VGC 2026 Reg I","players":["Bman311","Zordor"],"log":"|j|\u2606Bman311\n|j|\u2606Zordor\n|t:|1769031936\n|gametype|doubles\n|player|p1|Bman311|101|1424\n|player|p2|Zordor|pilot|1469\n|gen|9\n|tier|[Gen 9] VGC 2026 Reg I\n|rated|\n|rule|Species Clause: Limit one of each Pok\u00e9mon\n|rule|Item Clause: Limit 1 of each item\n|clearpoke\n|poke|p1|Miraidon, L50|\n|poke|p1|Calyrex-Ice, L50|\n|poke|p1|Incineroar, L50, M|\n|poke|p1|Farigiraf, L50, M|\n|poke|p1|Whimsicott, L50, M|\n|poke|p1|Ursaluna, L50, F|\n|poke|p2|Entei, L50|\n|poke|p2|Walking Wake, L50|\n|poke|p2|Zacian-*, L50|\n|poke|p2|Groudon, L50|\n|poke|p2|Rillaboom, L50, F|\n|poke|p2|Raging Bolt, L50|\n|teampreview|4\n|inactive|Battle timer is ON: inactive players will automatically lose when time's up. (requested by Bman311)\n|inactive|Zordor has 60 seconds left.\n|\n|t:|1769031977\n|teamsize|p1|4\n|teamsize|p2|4\n|start\n|switch|p1a: Incineroar|Incineroar, L50, M|100/100\n|switch|p1b: Farigiraf|Farigiraf, L50, M|100/100\n|switch|p2a: Groudon|Groudon, L50|100/100\n|switch|p2b: Walking Wake|Walking Wake, L50|100/100\n|-weather|SunnyDay|[from] ability: Drought|[of] p2a: Groudon\n|-activate|p2b: Walking Wake|ability: Protosynthesis\n|-start|p2b: Walking Wake|protosynthesisspe\n|-ability|p1a: Incineroar|Intimidate|boost\n|-fail|p2a: Groudon|unboost|[from] item: Clear Amulet|[of] p2a: Groudon\n|-unboost|p2b: Walking Wake|atk|1\n|turn|1\n|\n|t:|1769031994\n|-terastallize|p1b: Farigiraf|Water\n|move|p2b: Walking Wake|Hydro Steam|p1a: Incineroar\n|-supereffective|p1a: Incineroar\n|-damage|p1a: Incineroar|26/100\n|move|p2a: Groudon|Precipice Blades|p1b: Farigiraf|[spread] p1a,p1b\n|-supereffective|p1a: Incineroar\n|-damage|p1a: Incineroar|0 fnt\n|-damage|p1b: Farigiraf|60/100\n|faint|p1a: Incineroar\n|move|p1b: Farigiraf|Trick Room|p1b: Farigiraf\n|-fieldstart|move: Trick Room|[of] p1b: Farigiraf\n|\n|-weather|SunnyDay|[upkeep]\n|upkeep\n|\n|t:|1769032005\n|switch|p1a: Calyrex|Calyrex-Ice, L50|100/100\n|-ability|p1a: Calyrex|As One\n|-ability|p1a: Calyrex|Unnerve\n|turn|2\n|\n|t:|1769032019\n|switch|p1b: Ursaluna|Ursaluna, L50, F|100/100\n|move|p2a: Groudon|Protect|p2a: Groudon\n|-singleturn|p2a: Groudon|Protect\n|move|p2b: Walking Wake|Protect|p2b: Walking Wake\n|-singleturn|p2b: Walking Wake|Protect\n|move|p1a: Calyrex|Glacial Lance|p2a: Groudon|[spread] \n|-activate|p2a: Groudon|move: Protect\n|-activate|p2b: Walking Wake|move: Protect\n|\n|-weather|SunnyDay|[upkeep]\n|-status|p1b: Ursaluna|brn|[from] item: Flame Orb\n|upkeep\n|turn|3\n|\n|t:|1769032041\n|-terastallize|p2b: Walking Wake|Ghost\n|move|p1a: Calyrex|Protect|p1a: Calyrex\n|-singleturn|p1a: Calyrex|Protect\n|move|p1b: Ursaluna|Earthquake|p2a: Groudon|[spread] p2a,p2b\n|-activate|p1a: Calyrex|move: Protect\n|-damage|p2a: Groudon|53/100\n|-damage|p2b: Walking Wake|35/100\n|move|p2a: Groudon|Precipice Blades|p1a: Calyrex|[spread] p1b\n|-activate|p1a: Calyrex|move: Protect\n|-damage|p1b: Ursaluna|61/100 brn\n|move|p2b: Walking Wake|Hydro Steam|p1b: Ursaluna\n|-supereffective|p1b: Ursaluna\n|-damage|p1b: Ursaluna|0 fnt\n|faint|p1b: Ursaluna\n|\n|-weather|SunnyDay|[upkeep]\n|upkeep\n|\n|t:|1769032046\n|switch|p1b: Farigiraf|Farigiraf, L50, M, tera:Water|60/100\n|turn|4\n|\n|t:|1769032062\n|switch|p2a: Entei|Entei, L50|100/100\n|move|p1b: Farigiraf|Helping Hand|p1a: Calyrex\n|-singleturn|p1a: Calyrex|Helping Hand|[of] p1b: Farigiraf\n|move|p2b: Walking Wake|Protect|p2b: Walking Wake\n|-singleturn|p2b: Walking Wake|Protect\n|move|p1a: Calyrex|Glacial Lance|p2a: Entei|[spread] p2a\n|-activate|p2b: Walking Wake|move: Protect\n|-resisted|p2a: Entei\n|-damage|p2a: Entei|66/100\n|\n|-weather|SunnyDay|[upkeep]\n|-heal|p2a: Entei|72/100|[from] item: Leftovers\n|upkeep\n|turn|5\n|\n|t:|1769032079\n|move|p1a: Calyrex|Glacial Lance|p2a: Entei|[spread] p2a,p2b\n|-resisted|p2a: Entei\n|-damage|p2a: Entei|50/100\n|-damage|p2b: Walking Wake|0 fnt\n|faint|p2b: Walking Wake\n|-end|p2b: Walking Wake|Protosynthesis|[silent]\n|-ability|p1a: Calyrex|Chilling Neigh|boost\n|-boost|p1a: Calyrex|atk|1\n|move|p1b: Farigiraf|Foul Play|p2a: Entei\n|-damage|p2a: Entei|29/100\n|move|p2a: Entei|Sacred Fire|p1a: Calyrex\n|-supereffective|p1a: Calyrex\n|-damage|p1a: Calyrex|16/100\n|-status|p1a: Calyrex|brn\n|\n|-weather|none\n|-heal|p2a: Entei|35/100|[from] item: Leftovers\n|-damage|p1a: Calyrex|11/100 brn|[from] brn\n|-fieldend|move: Trick Room\n|upkeep\n|\n|t:|1769032084\n|switch|p2b: Zacian|Zacian-Crowned, L50|100/100\n|-ability|p2b: Zacian|Intrepid Sword|boost\n|-boost|p2b: Zacian|atk|1\n|turn|6\n|\n|t:|1769032090\n|move|p1a: Calyrex|Protect|p1a: Calyrex\n|-singleturn|p1a: Calyrex|Protect\n|move|p2b: Zacian|Play Rough|p1b: Farigiraf\n|-damage|p1b: Farigiraf|0 fnt\n|faint|p1b: Farigiraf\n|move|p2a: Entei|Substitute|p2a: Entei\n|-start|p2a: Entei|Substitute\n|-damage|p2a: Entei|10/100\n|\n|-heal|p2a: Entei|16/100|[from] item: Leftovers\n|-damage|p1a: Calyrex|5/100 brn|[from] brn\n|upkeep\n|turn|7\n|\n|t:|1769032095\n|move|p2b: Zacian|Protect|p2b: Zacian\n|-singleturn|p2b: Zacian|Protect\n|move|p2a: Entei|Protect|p2a: Entei\n|-singleturn|p2a: Entei|Protect\n|move|p1a: Calyrex|Glacial Lance|p2b: Zacian|[spread] \n|-activate|p2a: Entei|move: Protect\n|-activate|p2b: Zacian|move: Protect\n|\n|-heal|p2a: Entei|22/100|[from] item: Leftovers\n|-damage|p1a: Calyrex|0 fnt|[from] brn\n|faint|p1a: Calyrex\n|\n|win|Zordor\n|raw|Bman311's rating: 1424 &rarr; <strong>1407</strong><br />(-17 for losing)\n|raw|Zordor's rating: 1469 &rarr; <strong>1486</strong><br />(+17 for winning)\n|l|\u2606Bman311\n|player|p1|\n|l|\u2606Zordor\n|player|p2|\n","uploadtime":1769032241,"views":16,"formatid":"gen9vgc2026regi","rating":1407,"private":0,"password":null}