{"id":"gen9vgc2026regi-2521513218","format":"[Gen 9] VGC 2026 Reg I","players":["Cello L.","Stinky58"],"log":"|j|\u2606Cello L.\n|j|\u2606Stinky58\n|t:|1768782703\n|gametype|doubles\n|player|p1|Cello L.|cynthia-gen4|1409\n|player|p2|Stinky58|266|1506\n|gen|9\n|tier|[Gen 9] VGC 2026 Reg I\n|rated|\n|rule|Species Clause: Limit one of each Pok\u00e9mon\n|rule|Item Clause: Limit 1 of each item\n|clearpoke\n|poke|p1|Miraidon, L50|\n|poke|p1|Lunala, L50|\n|poke|p1|Ursaluna, L50, F|\n|poke|p1|Urshifu-*, L50, M|\n|poke|p1|Whimsicott, L50, M|\n|poke|p1|Incineroar, L50, M|\n|poke|p2|Miraidon, L50|\n|poke|p2|Ho-Oh, L50|\n|poke|p2|Farigiraf, L50, M|\n|poke|p2|Grimmsnarl, L50, M|\n|poke|p2|Iron Hands, L50|\n|poke|p2|Ursaluna-Bloodmoon, L50, M|\n|teampreview|4\n|\n|t:|1768782731\n|teamsize|p1|4\n|teamsize|p2|4\n|start\n|switch|p1a: Incineroar|Incineroar, L50, M|100/100\n|switch|p1b: Lunala|Lunala, L50|100/100\n|switch|p2a: Grimmsnarl|Grimmsnarl, L50, M|100/100\n|switch|p2b: Miraidon|Miraidon, L50, shiny|100/100\n|-fieldstart|move: Electric Terrain|[from] ability: Hadron Engine|[of] p2b: Miraidon\n|-enditem|p1b: Lunala|Electric Seed\n|-boost|p1b: Lunala|def|1|[from] item: Electric Seed\n|-ability|p1a: Incineroar|Intimidate|boost\n|-unboost|p2a: Grimmsnarl|atk|1\n|-unboost|p2b: Miraidon|atk|1\n|turn|1\n|\n|t:|1768782763\n|switch|p2a: Farigiraf|Farigiraf, L50, M|100/100\n|-enditem|p2a: Farigiraf|Electric Seed\n|-boost|p2a: Farigiraf|def|1|[from] item: Electric Seed\n|move|p2b: Miraidon|Electro Drift|p1a: Incineroar\n|-damage|p1a: Incineroar|29/100\n|move|p1a: Incineroar|U-turn|p2b: Miraidon\n|-damage|p2b: Miraidon|81/100\n|\n|t:|1768782772\n|switch|p1a: Ursaluna|Ursaluna, L50, F|100/100|[from] U-turn\n|move|p1b: Lunala|Trick Room|p1b: Lunala\n|-fieldstart|move: Trick Room|[of] p1b: Lunala\n|\n|-status|p1a: Ursaluna|brn|[from] item: Flame Orb\n|upkeep\n|turn|2\n|inactive|Battle timer is ON: inactive players will automatically lose when time's up. (requested by Stinky58)\n|\n|t:|1768782796\n|switch|p2b: Grimmsnarl|Grimmsnarl, L50, M|100/100\n|move|p1a: Ursaluna|Facade|p2b: Grimmsnarl\n|-damage|p2b: Grimmsnarl|0 fnt\n|faint|p2b: Grimmsnarl\n|move|p1b: Lunala|Moonblast|p2a: Farigiraf\n|-damage|p2a: Farigiraf|66/100\n|-unboost|p2a: Farigiraf|spa|1\n|move|p2a: Farigiraf|Trick Room|p2a: Farigiraf\n|-fieldend|move: Trick Room\n|\n|-damage|p1a: Ursaluna|95/100 brn|[from] brn\n|upkeep\n|\n|t:|1768782807\n|switch|p2b: Ursaluna|Ursaluna-Bloodmoon, L50, M|100/100\n|turn|3\n|\n|t:|1768782829\n|move|p1a: Ursaluna|Protect|p1a: Ursaluna\n|-singleturn|p1a: Ursaluna|Protect\n|move|p2b: Ursaluna|Blood Moon|p1b: Lunala\n|-damage|p1b: Lunala|68/100\n|-damage|p2b: Ursaluna|91/100|[from] item: Life Orb\n|move|p2a: Farigiraf|Foul Play|p1b: Lunala\n|-supereffective|p1b: Lunala\n|-damage|p1b: Lunala|26/100\n|move|p1b: Lunala|Trick Room|p1b: Lunala\n|-fieldstart|move: Trick Room|[of] p1b: Lunala\n|\n|-damage|p1a: Ursaluna|89/100 brn|[from] brn\n|upkeep\n|turn|4\n|\n|t:|1768782857\n|-terastallize|p2b: Ursaluna|Ghost\n|move|p1a: Ursaluna|Facade|p2a: Farigiraf\n|-damage|p2a: Farigiraf|0 fnt\n|faint|p2a: Farigiraf\n|move|p2b: Ursaluna|Hyper Voice|p1a: Ursaluna|[spread] p1a,p1b\n|-damage|p1a: Ursaluna|47/100 brn\n|-damage|p1b: Lunala|0 fnt\n|faint|p1b: Lunala\n|-damage|p2b: Ursaluna|81/100|[from] item: Life Orb\n|\n|-damage|p1a: Ursaluna|41/100 brn|[from] brn\n|upkeep\n|j| riyuezi\n|\n|t:|1768782868\n|switch|p2a: Miraidon|Miraidon, L50, shiny|81/100\n|switch|p1b: Incineroar|Incineroar, L50, M|29/100\n|-ability|p1b: Incineroar|Intimidate|boost\n|-unboost|p2a: Miraidon|atk|1\n|-unboost|p2b: Ursaluna|atk|1\n|-activate|p2a: Miraidon|ability: Hadron Engine\n|turn|5\n|\n|t:|1768782887\n|move|p1a: Ursaluna|Headlong Rush|p2b: Ursaluna\n|-damage|p2b: Ursaluna|0 fnt\n|-unboost|p1a: Ursaluna|def|1\n|-unboost|p1a: Ursaluna|spd|1\n|faint|p2b: Ursaluna\n|move|p1b: Incineroar|Knock Off|p2a: Miraidon\n|-crit|p2a: Miraidon\n|-damage|p2a: Miraidon|14/100\n|-enditem|p2a: Miraidon|Choice Specs|[from] move: Knock Off|[of] p1b: Incineroar\n|move|p2a: Miraidon|Electro Drift|p1b: Incineroar\n|-damage|p1b: Incineroar|0 fnt\n|faint|p1b: Incineroar\n|\n|-damage|p1a: Ursaluna|35/100 brn|[from] brn\n|-fieldend|move: Electric Terrain\n|upkeep\n|-message|Stinky58 forfeited.\n|\n|win|Cello L.\n|raw|Cello L.'s rating: 1409 &rarr; <strong>1434</strong><br />(+25 for winning)\n|raw|Stinky58's rating: 1506 &rarr; <strong>1481</strong><br />(-25 for losing)\n|l|\u2606Stinky58\n|player|p2|\n|l|\u2606Cello L.\n|player|p1|\n|l| riyuezi\n","uploadtime":1768783039,"views":18,"formatid":"gen9vgc2026regi","rating":1434,"private":0,"password":null}