{"id":"gen9vgc2026regi-2554452320","format":"[Gen 9] VGC 2026 Reg I","players":["lilcardscammer","rodjilius"],"log":"|j|\u2606lilcardscammer\n|j|\u2606rodjilius\n|t:|1772972196\n|gametype|doubles\n|player|p1|lilcardscammer|waitress-gen4|1365\n|player|p2|rodjilius|unknown|1304\n|gen|9\n|tier|[Gen 9] VGC 2026 Reg I\n|rated|\n|rule|Species Clause: Limit one of each Pok\u00e9mon\n|rule|Item Clause: Limit 1 of each item\n|clearpoke\n|poke|p1|Lunala, L50|\n|poke|p1|Koraidon, L50|\n|poke|p1|Chi-Yu, L50|\n|poke|p1|Flutter Mane, L50|\n|poke|p1|Brute Bonnet, L50|\n|poke|p1|Ursaluna, L50, M|\n|poke|p2|Koraidon, L50|\n|poke|p2|Lunala, L50|\n|poke|p2|Walking Wake, L50|\n|poke|p2|Indeedee-F, L50, F|\n|poke|p2|Incineroar, L50, F|\n|poke|p2|Flutter Mane, L50|\n|teampreview|4\n|inactive|Battle timer is ON: inactive players will automatically lose when time's up. (requested by lilcardscammer)\n|inactive|rodjilius also wants the timer to be on.\n|\n|t:|1772972216\n|teamsize|p1|4\n|teamsize|p2|4\n|start\n|switch|p1a: 2k2d tyrant barrel|Chi-Yu, L50, shiny|100/100\n|switch|p1b: wicked witch|Flutter Mane, L50|100/100\n|switch|p2a: Incineroar|Incineroar, L50, F|100/100\n|switch|p2b: Flutter Mane|Flutter Mane, L50|100/100\n|-ability|p1a: 2k2d tyrant barrel|Beads of Ruin\n|-ability|p2a: Incineroar|Intimidate|boost\n|-unboost|p1a: 2k2d tyrant barrel|atk|1\n|-unboost|p1b: wicked witch|atk|1\n|turn|1\n|\n|t:|1772972234\n|move|p1b: wicked witch|Protect|p1b: wicked witch\n|-singleturn|p1b: wicked witch|Protect\n|move|p2a: Incineroar|Fake Out|p1a: 2k2d tyrant barrel\n|-damage|p1a: 2k2d tyrant barrel|82/100\n|cant|p1a: 2k2d tyrant barrel|flinch\n|move|p2b: Flutter Mane|Icy Wind|p1a: 2k2d tyrant barrel|[spread] p1a\n|-activate|p1b: wicked witch|move: Protect\n|-resisted|p1a: 2k2d tyrant barrel\n|-damage|p1a: 2k2d tyrant barrel|74/100\n|-unboost|p1a: 2k2d tyrant barrel|spe|1\n|\n|upkeep\n|turn|2\n|\n|t:|1772972252\n|move|p2b: Flutter Mane|Protect|p2b: Flutter Mane\n|-singleturn|p2b: Flutter Mane|Protect\n|move|p1b: wicked witch|Icy Wind|p2a: Incineroar|[spread] p2a\n|-activate|p2b: Flutter Mane|move: Protect\n|-resisted|p2a: Incineroar\n|-damage|p2a: Incineroar|90/100\n|-unboost|p2a: Incineroar|spe|1\n|move|p1a: 2k2d tyrant barrel|Snarl|p2b: Flutter Mane|[spread] \n|-activate|p2b: Flutter Mane|move: Protect\n|-miss|p1a: 2k2d tyrant barrel|p2a: Incineroar\n|move|p2a: Incineroar|Knock Off|p1b: wicked witch\n|-damage|p1b: wicked witch|13/100\n|-enditem|p1b: wicked witch|Focus Sash|[from] move: Knock Off|[of] p2a: Incineroar\n|\n|upkeep\n|turn|3\n|inactive|rodjilius has 30 seconds left.\n|\n|t:|1772972278\n|move|p1b: wicked witch|Shadow Ball|p2b: Flutter Mane\n|-supereffective|p2b: Flutter Mane\n|-enditem|p2b: Flutter Mane|Focus Sash\n|-damage|p2b: Flutter Mane|1/100\n|move|p2b: Flutter Mane|Dazzling Gleam|p1a: 2k2d tyrant barrel|[spread] p1a,p1b\n|-damage|p1a: 2k2d tyrant barrel|35/100\n|-damage|p1b: wicked witch|0 fnt\n|faint|p1b: wicked witch\n|-end|p1b: wicked witch|Protosynthesis|[silent]\n|move|p1a: 2k2d tyrant barrel|Snarl|p2a: Incineroar|[spread] p2a,p2b\n|-resisted|p2a: Incineroar\n|-damage|p2a: Incineroar|75/100\n|-damage|p2b: Flutter Mane|0 fnt\n|-unboost|p2a: Incineroar|spa|1\n|faint|p2b: Flutter Mane\n|-end|p2b: Flutter Mane|Protosynthesis|[silent]\n|move|p2a: Incineroar|Knock Off|p1a: 2k2d tyrant barrel\n|-resisted|p1a: 2k2d tyrant barrel\n|-damage|p1a: 2k2d tyrant barrel|0 fnt\n|-enditem|p1a: 2k2d tyrant barrel|Choice Scarf|[from] move: Knock Off|[of] p2a: Incineroar\n|faint|p1a: 2k2d tyrant barrel\n|\n|upkeep\n|\n|t:|1772972297\n|switch|p1b: lemon glow|Brute Bonnet, L50, shiny|100/100\n|switch|p2b: Koraidon|Koraidon, L50|100/100\n|switch|p1a: LOCKHEED|Koraidon, L50, shiny|100/100\n|-weather|SunnyDay|[from] ability: Orichalcum Pulse|[of] p1a: LOCKHEED\n|-activate|p1b: lemon glow|ability: Protosynthesis\n|-start|p1b: lemon glow|protosynthesisdef\n|-activate|p1a: LOCKHEED|Orichalcum Pulse|[source]\n|-activate|p2b: Koraidon|ability: Orichalcum Pulse\n|turn|4\n|inactive|rodjilius has 30 seconds left.\n|\n|t:|1772972331\n|switch|p2a: Walking Wake|Walking Wake, L50|100/100\n|-activate|p2a: Walking Wake|ability: Protosynthesis\n|-start|p2a: Walking Wake|protosynthesisspa\n|-terastallize|p1b: lemon glow|Water\n|move|p2b: Koraidon|Protect|p2b: Koraidon\n|-singleturn|p2b: Koraidon|Protect\n|move|p1b: lemon glow|Rage Powder|p1b: lemon glow\n|-singleturn|p1b: lemon glow|move: Rage Powder\n|move|p1a: LOCKHEED|Close Combat|p2b: Koraidon\n|-activate|p2b: Koraidon|move: Protect\n|\n|-weather|SunnyDay|[upkeep]\n|upkeep\n|turn|5\n|\n|t:|1772972349\n|move|p1b: lemon glow|Rage Powder|p1b: lemon glow\n|-singleturn|p1b: lemon glow|move: Rage Powder\n|move|p2a: Walking Wake|Draco Meteor|p1b: lemon glow\n|-damage|p1b: lemon glow|37/100\n|-unboost|p2a: Walking Wake|spa|2\n|move|p1a: LOCKHEED|Close Combat|p2a: Walking Wake\n|-damage|p2a: Walking Wake|0 fnt\n|-unboost|p1a: LOCKHEED|def|1\n|-unboost|p1a: LOCKHEED|spd|1\n|faint|p2a: Walking Wake\n|-end|p2a: Walking Wake|Protosynthesis|[silent]\n|-damage|p1a: LOCKHEED|91/100|[from] item: Life Orb\n|move|p2b: Koraidon|Dragon Claw|p1b: lemon glow\n|-crit|p1b: lemon glow\n|-damage|p1b: lemon glow|0 fnt\n|-damage|p2b: Koraidon|84/100|[from] item: Rocky Helmet|[of] p1b: lemon glow\n|faint|p1b: lemon glow\n|-end|p1b: lemon glow|Protosynthesis|[silent]\n|-damage|p2b: Koraidon|74/100|[from] item: Life Orb\n|\n|-weather|SunnyDay|[upkeep]\n|upkeep\n|\n|t:|1772972366\n|switch|p2a: Incineroar|Incineroar, L50, F|75/100\n|-ability|p2a: Incineroar|Intimidate|boost\n|-unboost|p1a: LOCKHEED|atk|1\n|turn|6\n|\n|t:|1772972373\n|move|p1a: LOCKHEED|Protect|p1a: LOCKHEED\n|-singleturn|p1a: LOCKHEED|Protect\n|move|p2a: Incineroar|Fake Out|p1a: LOCKHEED\n|-activate|p1a: LOCKHEED|move: Protect\n|move|p2b: Koraidon|Flame Charge|p2a: Incineroar\n|-resisted|p2a: Incineroar\n|-damage|p2a: Incineroar|54/100\n|-boost|p2b: Koraidon|spe|1\n|-damage|p2b: Koraidon|64/100|[from] item: Life Orb\n|\n|-weather|SunnyDay|[upkeep]\n|upkeep\n|turn|7\n|c|\u2606lilcardscammer|nice play, gg\n|-message|lilcardscammer forfeited.\n|\n|win|rodjilius\n|raw|lilcardscammer's rating: 1365 &rarr; <strong>1342</strong><br />(-23 for losing)\n|raw|rodjilius's rating: 1304 &rarr; <strong>1327</strong><br />(+23 for winning)\n|c|\u2606rodjilius|Gg\n|c|\u2606rodjilius|U too\n|l|\u2606lilcardscammer\n|player|p1|\n","uploadtime":1772972530,"views":23,"formatid":"gen9vgc2026regi","rating":1327,"private":0,"password":null}