{"id":"gen9vgc2026regi-2565265294","format":"[Gen 9] VGC 2026 Reg I","players":["manhngao","EllenJoe2026"],"log":"|j|\u2606manhngao\n|j|\u2606EllenJoe2026\n|t:|1774254297\n|gametype|doubles\n|player|p1|manhngao|2|1307\n|player|p2|EllenJoe2026|102|1395\n|gen|9\n|tier|[Gen 9] VGC 2026 Reg I\n|rated|\n|rule|Species Clause: Limit one of each Pok\u00e9mon\n|rule|Item Clause: Limit 1 of each item\n|clearpoke\n|poke|p1|Ho-Oh, L50|\n|poke|p1|Sableye, L50, F|\n|poke|p1|Groudon, L50|\n|poke|p1|Iron Valiant, L50|\n|poke|p1|Chien-Pao, L50|\n|poke|p1|Tornadus, L50, M|\n|poke|p2|Calyrex-Shadow, L50|\n|poke|p2|Zamazenta-*, L50|\n|poke|p2|Incineroar, L50, F|\n|poke|p2|Rillaboom, L50, F|\n|poke|p2|Ogerpon-Cornerstone, L50, F|\n|poke|p2|Tornadus, L50, M|\n|teampreview|4\n|inactive|Battle timer is ON: inactive players will automatically lose when time's up. (requested by EllenJoe2026)\nmanhngao rejected open team sheets.\n|j| BanKuriboh\n|l| BanKuriboh\n|\n|t:|1774254315\n|teamsize|p1|4\n|teamsize|p2|4\n|start\n|switch|p1a: Sableye|Sableye, L50, F|100/100\n|switch|p1b: Iron Valiant|Iron Valiant, L50|100/100\n|switch|p2a: Calyrex|Calyrex-Shadow, L50|100/100\n|switch|p2b: Incineroar|Incineroar, L50, F, shiny|100/100\n|-ability|p2a: Calyrex|As One\n|-ability|p2a: Calyrex|Unnerve\n|-ability|p2b: Incineroar|Intimidate|boost\n|-unboost|p1a: Sableye|atk|1\n|-unboost|p1b: Iron Valiant|atk|1\n|-enditem|p1b: Iron Valiant|Booster Energy\n|-activate|p1b: Iron Valiant|ability: Quark Drive|[fromitem]\n|-start|p1b: Iron Valiant|quarkdrivespe\n|turn|1\n|inactive|manhngao has 30 seconds left.\n|\n|t:|1774254344\n|-terastallize|p1b: Iron Valiant|Ghost\n|-terastallize|p2a: Calyrex|Dark\n|move|p1a: Sableye|Gravity|p1a: Sableye\n|-fieldstart|move: Gravity\n|move|p1b: Iron Valiant|Hypnosis|p2a: Calyrex\n|-status|p2a: Calyrex|slp|[from] move: Hypnosis\n|cant|p2a: Calyrex|slp\n|move|p2b: Incineroar|Taunt|p1b: Iron Valiant\n|-start|p1b: Iron Valiant|move: Taunt\n|\n|upkeep\n|turn|2\n|\n|t:|1774254368\n|switch|p1a: Groudon|Groudon, L50|100/100\n|-weather|SunnyDay|[from] ability: Drought|[of] p1a: Groudon\n|move|p1b: Iron Valiant|Moonblast|p2a: Calyrex\n|-supereffective|p2a: Calyrex\n|-damage|p2a: Calyrex|26/100 slp\n|-unboost|p2a: Calyrex|spa|1\n|cant|p2a: Calyrex|slp\n|move|p2b: Incineroar|Knock Off|p1b: Iron Valiant\n|-supereffective|p1b: Iron Valiant\n|-damage|p1b: Iron Valiant|50/100\n|\n|-weather|SunnyDay|[upkeep]\n|upkeep\n|turn|3\n|\n|t:|1774254389\n|switch|p2a: Tornadus|Tornadus, L50, M, shiny|100/100\n|move|p1b: Iron Valiant|Moonblast|p2a: Tornadus\n|-damage|p2a: Tornadus|61/100\n|move|p1a: Groudon|Precipice Blades|p2b: Incineroar|[spread] p2a,p2b\n|-supereffective|p2b: Incineroar\n|-damage|p2a: Tornadus|5/100\n|-damage|p2b: Incineroar|26/100\n|move|p2b: Incineroar|Knock Off|p1a: Groudon\n|-damage|p1a: Groudon|70/100\n|-enditem|p1a: Groudon|Choice Scarf|[from] move: Knock Off|[of] p2b: Incineroar\n|\n|-weather|SunnyDay|[upkeep]\n|upkeep\n|turn|4\n|\n|t:|1774254406\n|move|p2a: Tornadus|Tailwind|p2a: Tornadus\n|-sidestart|p2: EllenJoe2026|move: Tailwind\n|move|p1b: Iron Valiant|Moonblast|p2a: Tornadus\n|-damage|p2a: Tornadus|0 fnt\n|faint|p2a: Tornadus\n|move|p2b: Incineroar|Parting Shot|p1a: Groudon\n|-unboost|p1a: Groudon|atk|1\n|-unboost|p1a: Groudon|spa|1\n|\n|t:|1774254415\n|switch|p2b: Zamazenta|Zamazenta-Crowned, L50, shiny|100/100|[from] Parting Shot\n|-ability|p2b: Zamazenta|Dauntless Shield|boost\n|-boost|p2b: Zamazenta|def|1\n|move|p1a: Groudon|Precipice Blades|p2b: Zamazenta\n|-supereffective|p2b: Zamazenta\n|-damage|p2b: Zamazenta|70/100\n|\n|-weather|SunnyDay|[upkeep]\n|-end|p1b: Iron Valiant|move: Taunt\n|upkeep\n|\n|t:|1774254426\n|switch|p2a: Incineroar|Incineroar, L50, F, shiny|26/100\n|-ability|p2a: Incineroar|Intimidate|boost\n|-unboost|p1a: Groudon|atk|1\n|-unboost|p1b: Iron Valiant|atk|1\n|turn|5\n|\n|t:|1774254440\n|switch|p1a: Sableye|Sableye, L50, F|100/100\n|move|p2b: Zamazenta|Heavy Slam|p1b: Iron Valiant\n|-damage|p1b: Iron Valiant|0 fnt\n|faint|p1b: Iron Valiant\n|-end|p1b: Iron Valiant|Quark Drive|[silent]\n|move|p2a: Incineroar|Parting Shot|p1a: Sableye\n|-unboost|p1a: Sableye|atk|1\n|-unboost|p1a: Sableye|spa|1\n|\n|t:|1774254451\n|switch|p2a: Calyrex|Calyrex-Shadow, L50, tera:Dark|26/100 slp|[from] Parting Shot\n|-ability|p2a: Calyrex|As One\n|-ability|p2a: Calyrex|Unnerve\n|\n|-weather|SunnyDay|[upkeep]\n|-fieldend|move: Gravity\n|upkeep\n|\n|t:|1774254465\n|switch|p1b: Groudon|Groudon, L50|70/100\n|turn|6\n|\n|t:|1774254481\n|move|p2b: Zamazenta|Wide Guard|p2b: Zamazenta\n|-singleturn|p2b: Zamazenta|Wide Guard\n|move|p1a: Sableye|Quash|p2a: Calyrex\n|-hint|Since gen 7, Dark is immune to Prankster moves.\n|-immune|p2a: Calyrex\n|cant|p2a: Calyrex|slp\n|move|p1b: Groudon|Precipice Blades|p2b: Zamazenta|[spread] \n|-activate|p2a: Calyrex|move: Wide Guard\n|-activate|p2b: Zamazenta|move: Wide Guard\n|\n|-weather|none\n|upkeep\n|turn|7\n|\n|t:|1774254498\n|move|p1a: Sableye|Gravity|p1a: Sableye\n|-fieldstart|move: Gravity\n|-curestatus|p2a: Calyrex|slp|[msg]\n|move|p2a: Calyrex|Astral Barrage|p1a: Sableye|[spread] p1a,p1b\n|-damage|p1a: Sableye|14/100\n|-damage|p1b: Groudon|0 fnt\n|faint|p1b: Groudon\n|-ability|p2a: Calyrex|Grim Neigh|boost\n|-boost|p2a: Calyrex|spa|1\n|-damage|p2a: Calyrex|16/100|[from] item: Life Orb\n|move|p2b: Zamazenta|Body Press|p1a: Sableye\n|-immune|p1a: Sableye\n|\n|-sideend|p2: EllenJoe2026|move: Tailwind\n|upkeep\n|\n|t:|1774254504\n|switch|p1b: Ho-Oh|Ho-Oh, L50|100/100\n|turn|8\n|\n|t:|1774254522\n|move|p2a: Calyrex|Protect|p2a: Calyrex\n|-singleturn|p2a: Calyrex|Protect\n|move|p2b: Zamazenta|Body Press|p1b: Ho-Oh\n|-resisted|p1b: Ho-Oh\n|-damage|p1b: Ho-Oh|70/100\n|move|p1b: Ho-Oh|Sacred Fire|p2a: Calyrex\n|-activate|p2a: Calyrex|move: Protect\n|move|p1a: Sableye|Foul Play|p2a: Calyrex\n|-activate|p2a: Calyrex|move: Protect\n|\n|upkeep\n|turn|9\n|\n|t:|1774254531\n|move|p1a: Sableye|Sunny Day|p1a: Sableye\n|-weather|SunnyDay\n|move|p2a: Calyrex|Astral Barrage|p1b: Ho-Oh|[spread] p1a,p1b\n|-damage|p1a: Sableye|0 fnt\n|-damage|p1b: Ho-Oh|16/100\n|faint|p1a: Sableye\n|-ability|p2a: Calyrex|Grim Neigh|boost\n|-boost|p2a: Calyrex|spa|1\n|-damage|p2a: Calyrex|7/100|[from] item: Life Orb\n|move|p2b: Zamazenta|Body Press|p1b: Ho-Oh\n|-resisted|p1b: Ho-Oh\n|-damage|p1b: Ho-Oh|0 fnt\n|faint|p1b: Ho-Oh\n|\n|win|EllenJoe2026\n|raw|manhngao's rating: 1307 &rarr; <strong>1292</strong><br />(-15 for losing)\n|raw|EllenJoe2026's rating: 1395 &rarr; <strong>1410</strong><br />(+15 for winning)\n|l|\u2606manhngao\n|player|p1|\n|l|\u2606EllenJoe2026\n|player|p2|\n","uploadtime":1774254726,"views":8,"formatid":"gen9vgc2026regi","rating":1292,"private":0,"password":null}