{"id":"gen9vgc2026regi-2565128876","format":"[Gen 9] VGC 2026 Reg I","players":["CarajilloMan","sheeshshane925"],"log":"|j|\u2606CarajilloMan\n|j|\u2606sheeshshane925\n|t:|1774232673\n|gametype|doubles\n|player|p1|CarajilloMan|ninjaboy|1424\n|player|p2|sheeshshane925|chuck|1472\n|gen|9\n|tier|[Gen 9] VGC 2026 Reg I\n|rated|\n|rule|Species Clause: Limit one of each Pok\u00e9mon\n|rule|Item Clause: Limit 1 of each item\n|clearpoke\n|poke|p1|Miraidon, L50|\n|poke|p1|Excadrill, L50, M|\n|poke|p1|Tyranitar, L50, M|\n|poke|p1|Farigiraf, L50, F|\n|poke|p1|Iron Hands, L50|\n|poke|p1|Lunala, L50|\n|poke|p2|Calyrex-Ice, L50|\n|poke|p2|Miraidon, L50|\n|poke|p2|Farigiraf, L50, F|\n|poke|p2|Iron Hands, L50|\n|poke|p2|Scraggy, L50, M|\n|poke|p2|Iron Bundle, L50|\n|teampreview|4\n|inactive|Battle timer is ON: inactive players will automatically lose when time's up. (requested by sheeshshane925)\n|\n|t:|1774232711\n|teamsize|p1|4\n|teamsize|p2|4\n|start\n|switch|p1a: Farigiraf|Farigiraf, L50, F|100/100\n|switch|p1b: Excadrill|Excadrill, L50, M|100/100\n|switch|p2a: Miraidon|Miraidon, L50, shiny|100/100\n|switch|p2b: Iron Bundle|Iron Bundle, L50|100/100\n|-fieldstart|move: Electric Terrain|[from] ability: Hadron Engine|[of] p2a: Miraidon\n|-activate|p2b: Iron Bundle|ability: Quark Drive\n|-start|p2b: Iron Bundle|quarkdrivespe\n|-enditem|p1a: Farigiraf|Electric Seed\n|-boost|p1a: Farigiraf|def|1|[from] item: Electric Seed\n|turn|1\n|inactive|sheeshshane925 has 30 seconds left.\n|\n|t:|1774232739\n|-terastallize|p2a: Miraidon|Fairy\n|move|p1b: Excadrill|Protect|p1b: Excadrill\n|-singleturn|p1b: Excadrill|Protect\n|move|p2b: Iron Bundle|Freeze-Dry|p1b: Excadrill\n|-activate|p1b: Excadrill|move: Protect\n|move|p2a: Miraidon|Electro Drift|p1a: Farigiraf\n|-damage|p1a: Farigiraf|0 fnt\n|faint|p1a: Farigiraf\n|-damage|p2a: Miraidon|91/100|[from] item: Life Orb\n|\n|upkeep\n|\n|t:|1774232750\n|switch|p1a: Tyranitar|Tyranitar, L50, M|100/100\n|-weather|Sandstorm|[from] ability: Sand Stream|[of] p1a: Tyranitar\n|turn|2\n|\n|t:|1774232757\n|move|p2b: Iron Bundle|Encore|p1b: Excadrill\n|-start|p1b: Excadrill|Encore\n|move|p1b: Excadrill|Protect||[still]\n|-fail|p1b: Excadrill\n|move|p2a: Miraidon|Dazzling Gleam|p1b: Excadrill|[spread] p1a,p1b\n|-supereffective|p1a: Tyranitar\n|-resisted|p1b: Excadrill\n|-damage|p1a: Tyranitar|46/100\n|-damage|p1b: Excadrill|59/100\n|-damage|p2a: Miraidon|81/100|[from] item: Life Orb\n|move|p1a: Tyranitar|Rock Slide|p2b: Iron Bundle|[spread] p2a,p2b\n|-supereffective|p2b: Iron Bundle\n|-damage|p2a: Miraidon|50/100\n|-damage|p2b: Iron Bundle|17/100\n|\n|-weather|Sandstorm|[upkeep]\n|-damage|p2b: Iron Bundle|11/100|[from] Sandstorm\n|-damage|p2a: Miraidon|44/100|[from] Sandstorm\n|upkeep\n|turn|3\n|\n|t:|1774232777\n|switch|p1b: Lunala|Lunala, L50|100/100\n|move|p2b: Iron Bundle|Icy Wind|p1a: Tyranitar|[spread] p1a,p1b\n|-damage|p1a: Tyranitar|37/100\n|-damage|p1b: Lunala|93/100\n|-unboost|p1a: Tyranitar|spe|1\n|-unboost|p1b: Lunala|spe|1\n|move|p2a: Miraidon|Dazzling Gleam|p1a: Tyranitar|[spread] p1a,p1b\n|-supereffective|p1a: Tyranitar\n|-damage|p1a: Tyranitar|0 fnt\n|-damage|p1b: Lunala|50/100\n|faint|p1a: Tyranitar\n|-damage|p2a: Miraidon|35/100|[from] item: Life Orb\n|\n|-weather|Sandstorm|[upkeep]\n|-damage|p2b: Iron Bundle|5/100|[from] Sandstorm\n|-damage|p2a: Miraidon|29/100|[from] Sandstorm\n|-damage|p1b: Lunala|44/100|[from] Sandstorm\n|upkeep\n|\n|t:|1774232786\n|switch|p1a: Excadrill|Excadrill, L50, M|59/100\n|turn|4\n|\n|t:|1774232798\n|move|p2a: Miraidon|Protect|p2a: Miraidon\n|-singleturn|p2a: Miraidon|Protect\n|move|p1b: Lunala|Wide Guard|p1b: Lunala\n|-singleturn|p1b: Lunala|Wide Guard\n|move|p2b: Iron Bundle|Freeze-Dry|p1a: Excadrill\n|-damage|p1a: Excadrill|13/100\n|move|p1a: Excadrill|Iron Head|p2a: Miraidon\n|-activate|p2a: Miraidon|move: Protect\n|\n|-weather|Sandstorm|[upkeep]\n|-damage|p2b: Iron Bundle|0 fnt|[from] Sandstorm\n|-damage|p2a: Miraidon|23/100|[from] Sandstorm\n|-damage|p1b: Lunala|38/100|[from] Sandstorm\n|faint|p2b: Iron Bundle\n|-end|p2b: Iron Bundle|Quark Drive|[silent]\n|upkeep\n|\n|t:|1774232812\n|switch|p2b: Scraggy|Scraggy, L50, M|100/100\n|-ability|p2b: Scraggy|Intimidate|boost\n|-unboost|p1a: Excadrill|atk|1\n|-unboost|p1b: Lunala|atk|1\n|turn|5\n|inactive|CarajilloMan has 30 seconds left.\n|inactive|CarajilloMan has 20 seconds left.\n|\n|t:|1774232849\n|move|p1a: Excadrill|Protect|p1a: Excadrill\n|-singleturn|p1a: Excadrill|Protect\n|move|p2b: Scraggy|Fake Out|p1a: Excadrill\n|-activate|p1a: Excadrill|move: Protect\n|move|p2a: Miraidon|Volt Switch|p1b: Lunala\n|-damage|p1b: Lunala|0 fnt\n|faint|p1b: Lunala\n|-damage|p2a: Miraidon|14/100|[from] item: Life Orb\n|-message|CarajilloMan forfeited.\n|\n|win|sheeshshane925\n|raw|CarajilloMan's rating: 1424 &rarr; <strong>1407</strong><br />(-17 for losing)\n|raw|sheeshshane925's rating: 1472 &rarr; <strong>1489</strong><br />(+17 for winning)\n|l|\u2606CarajilloMan\n|player|p1|\n|l|\u2606sheeshshane925\n|player|p2|\n","uploadtime":1774233090,"views":12,"formatid":"gen9vgc2026regi","rating":1407,"private":0,"password":null}