{"id":"gen9vgc2026regi-2541217889","format":"[Gen 9] VGC 2026 Reg I","players":["terwail5y","SEITA"],"log":"|j|\u2606terwail5y\n|j|\u2606SEITA\n|t:|1771299822\n|gametype|doubles\n|player|p1|terwail5y|lucas|1375\n|player|p2|SEITA|lucas-gen4pt|1558\n|gen|9\n|tier|[Gen 9] VGC 2026 Reg I\n|rated|\n|rule|Species Clause: Limit one of each Pok\u00e9mon\n|rule|Item Clause: Limit 1 of each item\n|clearpoke\n|poke|p1|Calyrex-Ice, L50|\n|poke|p1|Incineroar, L50, F|\n|poke|p1|Landorus, L50, M|\n|poke|p1|Koraidon, L50|\n|poke|p1|Rillaboom, L50, M|\n|poke|p1|Smeargle, L50, F|\n|poke|p2|Zamazenta-*, L50|\n|poke|p2|Kyogre, L50|\n|poke|p2|Wo-Chien, L50|\n|poke|p2|Grimmsnarl, L50, M|\n|poke|p2|Rhyperior, L50, F|\n|poke|p2|Ditto, L50|\n|teampreview|4\n|\n|t:|1771299864\n|teamsize|p1|4\n|teamsize|p2|4\n|start\n|switch|p1a: Calyrex|Calyrex-Ice, L50|100/100\n|switch|p1b: Smeargle|Smeargle, L50, F|100/100\n|switch|p2a: Grimmsnarl|Grimmsnarl, L50, M|100/100\n|switch|p2b: Zamazenta|Zamazenta-Crowned, L50|100/100\n|-ability|p1a: Calyrex|As One\n|-ability|p1a: Calyrex|Unnerve\n|-ability|p2b: Zamazenta|Dauntless Shield|boost\n|-boost|p2b: Zamazenta|def|1\n|turn|1\n|l|\u2606SEITA\n|player|p2|\n|j|\u2606SEITA\n|player|p2|SEITA|lucas-gen4pt|\n|\n|t:|1771299914\n|move|p1b: Smeargle|Spiky Shield|p1b: Smeargle\n|-singleturn|p1b: Smeargle|move: Protect\n|move|p2a: Grimmsnarl|Reflect|p2a: Grimmsnarl\n|-sidestart|p2: SEITA|Reflect\n|move|p2b: Zamazenta|Iron Defense|p2b: Zamazenta\n|-boost|p2b: Zamazenta|def|2\n|move|p1a: Calyrex|Leech Seed|p2b: Zamazenta\n|-start|p2b: Zamazenta|move: Leech Seed\n|\n|-damage|p2b: Zamazenta|88/100|[from] Leech Seed|[of] p1a: Calyrex\n|-ability|p1b: Smeargle|Moody|boost\n|-boost|p1b: Smeargle|atk|2\n|-unboost|p1b: Smeargle|def|1\n|upkeep\n|turn|2\n|\n|t:|1771299934\n|-terastallize|p1a: Calyrex|Fairy\n|move|p2b: Zamazenta|Body Press|p1b: Smeargle\n|-supereffective|p1b: Smeargle\n|-enditem|p1b: Smeargle|Focus Sash\n|-damage|p1b: Smeargle|1/100\n|move|p1b: Smeargle|Spore|p2a: Grimmsnarl\n|-status|p2a: Grimmsnarl|slp|[from] move: Spore\n|cant|p2a: Grimmsnarl|slp\n|move|p1a: Calyrex|Glacial Lance|p2b: Zamazenta|[spread] p2a,p2b\n|-resisted|p2b: Zamazenta\n|-damage|p2a: Grimmsnarl|73/100 slp\n|-damage|p2b: Zamazenta|84/100\n|\n|-damage|p2b: Zamazenta|72/100|[from] Leech Seed|[of] p1a: Calyrex\n|-ability|p1b: Smeargle|Moody|boost\n|-boost|p1b: Smeargle|spd|2\n|-unboost|p1b: Smeargle|def|1\n|upkeep\n|turn|3\n|\n|t:|1771299989\n|move|p1b: Smeargle|Spiky Shield|p1b: Smeargle\n|-singleturn|p1b: Smeargle|move: Protect\n|move|p2b: Zamazenta|Body Press|p1b: Smeargle\n|-activate|p1b: Smeargle|move: Protect\n|-damage|p2b: Zamazenta|60/100|[from] Spiky Shield|[of] p1b: Smeargle\n|cant|p2a: Grimmsnarl|slp\n|move|p1a: Calyrex|Trick Room|p1a: Calyrex\n|-fieldstart|move: Trick Room|[of] p1a: Calyrex\n|\n|-damage|p2b: Zamazenta|48/100|[from] Leech Seed|[of] p1a: Calyrex\n|-ability|p1b: Smeargle|Moody|boost\n|-boost|p1b: Smeargle|spa|2\n|-unboost|p1b: Smeargle|spe|1\n|upkeep\n|turn|4\n|\n|t:|1771300019\n|move|p1a: Calyrex|Glacial Lance|p2a: Grimmsnarl|[spread] p2a,p2b\n|-resisted|p2b: Zamazenta\n|-damage|p2a: Grimmsnarl|45/100 slp\n|-damage|p2b: Zamazenta|44/100\n|-curestatus|p2a: Grimmsnarl|slp|[msg]\n|move|p2a: Grimmsnarl|Spirit Break|p1b: Smeargle\n|-damage|p1b: Smeargle|0 fnt\n|faint|p1b: Smeargle\n|move|p2b: Zamazenta|Body Press|p1a: Calyrex\n|-resisted|p1a: Calyrex\n|-damage|p1a: Calyrex|68/100\n|\n|-heal|p1a: Calyrex|73/100|[from] item: Leftovers\n|-damage|p2b: Zamazenta|32/100|[from] Leech Seed|[of] p1a: Calyrex\n|-heal|p1a: Calyrex|85/100|[silent]\n|upkeep\n|\n|t:|1771300031\n|switch|p1b: Rillaboom|Rillaboom, L50, M|100/100\n|-fieldstart|move: Grassy Terrain|[from] ability: Grassy Surge|[of] p1b: Rillaboom\n|turn|5\n|\n|t:|1771300059\n|switch|p2b: Kyogre|Kyogre, L50|100/100\n|-weather|RainDance|[from] ability: Drizzle|[of] p2b: Kyogre\n|move|p1b: Rillaboom|Fake Out|p2b: Kyogre\n|-damage|p2b: Kyogre|94/100\n|move|p2a: Grimmsnarl|Parting Shot|p1a: Calyrex\n|-unboost|p1a: Calyrex|atk|1\n|-unboost|p1a: Calyrex|spa|1\n|\n|t:|1771300073\n|switch|p2a: Wo-Chien|Wo-Chien, L50|100/100|[from] Parting Shot\n|-ability|p2a: Wo-Chien|Tablets of Ruin\n|move|p1a: Calyrex|Glacial Lance|p2b: Kyogre|[spread] p2a,p2b\n|-supereffective|p2a: Wo-Chien\n|-resisted|p2b: Kyogre\n|-damage|p2a: Wo-Chien|75/100\n|-damage|p2b: Kyogre|87/100\n|\n|-weather|RainDance|[upkeep]\n|-heal|p1a: Calyrex|91/100|[from] Grassy Terrain\n|-heal|p1a: Calyrex|97/100|[from] item: Leftovers\n|-heal|p2a: Wo-Chien|82/100|[from] Grassy Terrain\n|-heal|p2b: Kyogre|93/100|[from] Grassy Terrain\n|-heal|p2b: Kyogre|99/100|[from] item: Leftovers\n|upkeep\n|turn|6\n|\n|t:|1771300118\n|switch|p1a: Koraidon|Koraidon, L50|100/100\n|-weather|SunnyDay|[from] ability: Orichalcum Pulse|[of] p1a: Koraidon\n|-activate|p1a: Koraidon|Orichalcum Pulse|[source]\n|-terastallize|p2a: Wo-Chien|Poison\n|move|p2a: Wo-Chien|Leech Seed|p1a: Koraidon\n|-start|p1a: Koraidon|move: Leech Seed\n|move|p2b: Kyogre|Ice Beam|p1b: Rillaboom\n|-supereffective|p1b: Rillaboom\n|-damage|p1b: Rillaboom|49/100\n|move|p1b: Rillaboom|U-turn|p2b: Kyogre\n|-damage|p2b: Kyogre|90/100\n|\n|t:|1771300129\n|switch|p1b: Calyrex|Calyrex-Ice, L50, tera:Fairy|97/100|[from] U-turn\n|-ability|p1b: Calyrex|As One\n|-ability|p1b: Calyrex|Unnerve\n|\n|-weather|SunnyDay|[upkeep]\n|-heal|p1b: Calyrex|100/100|[from] Grassy Terrain\n|-heal|p2a: Wo-Chien|88/100|[from] Grassy Terrain\n|-heal|p2b: Kyogre|96/100|[from] Grassy Terrain\n|-heal|p2b: Kyogre|100/100|[from] item: Leftovers\n|-damage|p1a: Koraidon|88/100|[from] Leech Seed|[of] p2a: Wo-Chien\n|-heal|p2a: Wo-Chien|100/100|[silent]\n|upkeep\n|turn|7\n|\n|t:|1771300156\n|switch|p2b: Zamazenta|Zamazenta-Crowned, L50|32/100\n|move|p1b: Calyrex|Leech Seed|p2b: Zamazenta\n|-start|p2b: Zamazenta|move: Leech Seed\n|move|p2a: Wo-Chien|Leech Seed|p1b: Calyrex\n|-start|p1b: Calyrex|move: Leech Seed\n|move|p1a: Koraidon|Collision Course|p2b: Zamazenta\n|-supereffective|p2b: Zamazenta\n|-damage|p2b: Zamazenta|0 fnt\n|faint|p2b: Zamazenta\n|\n|-weather|SunnyDay|[upkeep]\n|-heal|p1a: Koraidon|94/100|[from] Grassy Terrain\n|-damage|p1b: Calyrex|88/100|[from] Leech Seed|[of] p2a: Wo-Chien\n|-damage|p1a: Koraidon|82/100|[from] Leech Seed|[of] p2a: Wo-Chien\n|-fieldend|move: Trick Room\n|upkeep\n|l|\u2606SEITA\n|player|p2|\n|j|\u2606SEITA\n|player|p2|SEITA|lucas-gen4pt|\n|\n|t:|1771300207\n|switch|p2b: Kyogre|Kyogre, L50|100/100\n|-weather|RainDance|[from] ability: Drizzle|[of] p2b: Kyogre\n|turn|8\n|\n|t:|1771300229\n|switch|p1a: Rillaboom|Rillaboom, L50, M|49/100\n|move|p1b: Calyrex|Protect|p1b: Calyrex\n|-singleturn|p1b: Calyrex|Protect\n|move|p2b: Kyogre|Ice Beam|p1a: Rillaboom\n|-supereffective|p1a: Rillaboom\n|-damage|p1a: Rillaboom|0 fnt\n|faint|p1a: Rillaboom\n|move|p2a: Wo-Chien|Foul Play|p1b: Calyrex\n|-activate|p1b: Calyrex|move: Protect\n|\n|-weather|RainDance|[upkeep]\n|-heal|p1b: Calyrex|94/100|[from] Grassy Terrain\n|-heal|p1b: Calyrex|99/100|[from] item: Leftovers\n|-damage|p1b: Calyrex|88/100|[from] Leech Seed|[of] p2a: Wo-Chien\n|-sideend|p2: SEITA|Reflect\n|upkeep\n|\n|t:|1771300233\n|switch|p1a: Koraidon|Koraidon, L50|82/100\n|-weather|SunnyDay|[from] ability: Orichalcum Pulse|[of] p1a: Koraidon\n|-activate|p1a: Koraidon|Orichalcum Pulse|[source]\n|turn|9\n|-message|terwail5y forfeited.\n|\n|win|SEITA\n|raw|terwail5y's rating: 1375 &rarr; <strong>1365</strong><br />(-10 for losing)\n|raw|SEITA's rating: 1558 &rarr; <strong>1568</strong><br />(+10 for winning)\n|l|\u2606terwail5y\n|player|p1|\n|l|\u2606SEITA\n|player|p2|\n","uploadtime":1771300430,"views":58,"formatid":"gen9vgc2026regi","rating":1365,"private":0,"password":null}