{"id":"gen9vgc2026regi-2520812598","format":"[Gen 9] VGC 2026 Reg I","players":["Rillabossman","Supermembrane"],"log":"|j|\u2606Rillabossman\n|j|\u2606Supermembrane\n|t:|1768685653\n|gametype|doubles\n|player|p1|Rillabossman|burglar|1395\n|player|p2|Supermembrane|cynthia-gen4|1438\n|gen|9\n|tier|[Gen 9] VGC 2026 Reg I\n|rated|\n|rule|Species Clause: Limit one of each Pok\u00e9mon\n|rule|Item Clause: Limit 1 of each item\n|clearpoke\n|poke|p1|Zacian-*, L50|\n|poke|p1|Kyogre, L50|\n|poke|p1|Tornadus, L50, M|\n|poke|p1|Incineroar, L50, M|\n|poke|p1|Amoonguss, L50, M|\n|poke|p1|Urshifu-*, L50, M|\n|poke|p2|Lunala, L50|\n|poke|p2|Rillaboom, L50, F|\n|poke|p2|Amoonguss, L50, M|\n|poke|p2|Koraidon, L50|\n|poke|p2|Flutter Mane, L50|\n|poke|p2|Incineroar, L50, F|\n|teampreview|4\n|c|\u2606Rillabossman|glhf\n|inactive|Battle timer is ON: inactive players will automatically lose when time's up. (requested by Supermembrane)\n|\n|t:|1768685691\n|teamsize|p1|4\n|teamsize|p2|4\n|start\n|switch|p1a: Tornadus|Tornadus, L50, M|100/100\n|switch|p1b: Incineroar|Incineroar, L50, M, shiny|100/100\n|switch|p2a: Lunala|Lunala, L50|100/100\n|switch|p2b: Incineroar|Incineroar, L50, F|100/100\n|-ability|p2b: Incineroar|Intimidate|boost\n|-unboost|p1a: Tornadus|atk|1\n|-unboost|p1b: Incineroar|atk|1\n|-ability|p1b: Incineroar|Intimidate|boost\n|-unboost|p2a: Lunala|atk|1\n|-unboost|p2b: Incineroar|atk|1\n|turn|1\n|\n|t:|1768685708\n|switch|p1b: Kyogre|Kyogre, L50|100/100\n|-weather|RainDance|[from] ability: Drizzle|[of] p1b: Kyogre\n|-terastallize|p2a: Lunala|Fairy\n|move|p1a: Tornadus|Bleakwind Storm|p2b: Incineroar|[spread] p2a,p2b\n|-damage|p2a: Lunala|89/100\n|-damage|p2b: Incineroar|65/100\n|move|p2a: Lunala|Dazzling Gleam|p1b: Kyogre|[spread] p1a,p1b\n|-damage|p1a: Tornadus|56/100\n|-damage|p1b: Kyogre|77/100\n|move|p2b: Incineroar|U-turn|p1a: Tornadus\n|-resisted|p1a: Tornadus\n|-damage|p1a: Tornadus|44/100\n|\n|t:|1768685720\n|switch|p2b: Koraidon|Koraidon, L50|100/100|[from] U-turn\n|-weather|SunnyDay|[from] ability: Orichalcum Pulse|[of] p2b: Koraidon\n|-activate|p2b: Koraidon|Orichalcum Pulse|[source]\n|\n|-weather|SunnyDay|[upkeep]\n|-heal|p2a: Lunala|95/100|[from] item: Leftovers\n|upkeep\n|turn|2\n|\n|t:|1768685731\n|switch|p2b: Incineroar|Incineroar, L50, F|65/100\n|-ability|p2b: Incineroar|Intimidate|boost\n|-unboost|p1a: Tornadus|atk|1\n|-unboost|p1b: Kyogre|atk|1\n|switch|p1b: Incineroar|Incineroar, L50, M, shiny|100/100\n|-ability|p1b: Incineroar|Intimidate|boost\n|-unboost|p2a: Lunala|atk|1\n|-unboost|p2b: Incineroar|atk|1\n|move|p1a: Tornadus|Protect|p1a: Tornadus\n|-singleturn|p1a: Tornadus|Protect\n|move|p2a: Lunala|Protect||[still]\n|-fail|p2a: Lunala\n|\n|-weather|SunnyDay|[upkeep]\n|-heal|p2a: Lunala|100/100|[from] item: Leftovers\n|upkeep\n|turn|3\n|\n|t:|1768685749\n|switch|p1a: Zacian|Zacian-Crowned, L50|100/100\n|-ability|p1a: Zacian|Intrepid Sword|boost\n|-boost|p1a: Zacian|atk|1\n|move|p2b: Incineroar|Fake Out|p1b: Incineroar\n|-damage|p1b: Incineroar|93/100\n|cant|p1b: Incineroar|flinch\n|move|p2a: Lunala|Dazzling Gleam|p1b: Incineroar|[spread] p1a,p1b\n|-resisted|p1a: Zacian\n|-damage|p1a: Zacian|87/100\n|-damage|p1b: Incineroar|71/100\n|\n|-weather|SunnyDay|[upkeep]\n|upkeep\n|turn|4\n|\n|t:|1768685765\n|move|p2a: Lunala|Protect|p2a: Lunala\n|-singleturn|p2a: Lunala|Protect\n|move|p1a: Zacian|Sacred Sword|p2b: Incineroar\n|-supereffective|p2b: Incineroar\n|-damage|p2b: Incineroar|0 fnt\n|faint|p2b: Incineroar\n|move|p1b: Incineroar|Knock Off|p2a: Lunala\n|-activate|p2a: Lunala|move: Protect\n|\n|-weather|SunnyDay|[upkeep]\n|upkeep\n|\n|t:|1768685775\n|switch|p2b: Flutter Mane|Flutter Mane, L50|100/100\n|-activate|p2b: Flutter Mane|ability: Protosynthesis\n|-start|p2b: Flutter Mane|protosynthesisspe\n|turn|5\n|\n|t:|1768685785\n|move|p2b: Flutter Mane|Icy Wind|p1a: Zacian|[spread] p1a,p1b\n|-resisted|p1a: Zacian\n|-resisted|p1b: Incineroar\n|-damage|p1a: Zacian|80/100\n|-damage|p1b: Incineroar|67/100\n|-unboost|p1a: Zacian|spe|1\n|-unboost|p1b: Incineroar|spe|1\n|move|p1a: Zacian|Behemoth Blade|p2a: Lunala\n|-supereffective|p2a: Lunala\n|-crit|p2a: Lunala\n|-damage|p2a: Lunala|0 fnt\n|faint|p2a: Lunala\n|move|p1b: Incineroar|U-turn|p2b: Flutter Mane\n|-resisted|p2b: Flutter Mane\n|-damage|p2b: Flutter Mane|91/100\n|\n|t:|1768685796\n|switch|p1b: Tornadus|Tornadus, L50, M|44/100|[from] U-turn\n|\n|-weather|none\n|-end|p2b: Flutter Mane|Protosynthesis\n|upkeep\n|-message|Supermembrane forfeited.\n|\n|win|Rillabossman\n|raw|Rillabossman's rating: 1395 &rarr; <strong>1417</strong><br />(+22 for winning)\n|raw|Supermembrane's rating: 1438 &rarr; <strong>1416</strong><br />(-22 for losing)\n|l|\u2606Supermembrane\n|player|p2|\n","uploadtime":1768685952,"views":18,"formatid":"gen9vgc2026regi","rating":1416,"private":0,"password":null}