{"id":"gen9vgc2026regi-2515717499","format":"[Gen 9] VGC 2026 Reg I","players":["leslie<3","kojimuranishi"],"log":"|j|\u2606leslie<3\n|j|\u2606kojimuranishi\n|t:|1768025753\n|gametype|doubles\n|player|p1|leslie<3|265|1240\n|player|p2|kojimuranishi|170|1398\n|gen|9\n|tier|[Gen 9] VGC 2026 Reg I\n|rated|\n|rule|Species Clause: Limit one of each Pok\u00e9mon\n|rule|Item Clause: Limit 1 of each item\n|clearpoke\n|poke|p1|Brute Bonnet, L50|\n|poke|p1|Incineroar, L50, F|\n|poke|p1|Koraidon, L50|\n|poke|p1|Calyrex-Shadow, L50|\n|poke|p1|Raging Bolt, L50|\n|poke|p1|Whimsicott, L50, F|\n|poke|p2|Raging Bolt, L50|\n|poke|p2|Calyrex-Ice, L50|\n|poke|p2|Kyogre, L50|\n|poke|p2|Indeedee-F, L50, F|\n|poke|p2|Landorus, L50, M|\n|poke|p2|Urshifu-*, L50, F|\n|teampreview|4\n|inactive|Battle timer is ON: inactive players will automatically lose when time's up. (requested by leslie<3)\n|inactive|kojimuranishi has 60 seconds left.\n|inactive|kojimuranishi has 30 seconds left.\n|inactive|kojimuranishi has 20 seconds left.\n|\n|t:|1768025830\n|teamsize|p1|4\n|teamsize|p2|4\n|start\n|switch|p1a: Calyrex|Calyrex-Shadow, L50|100/100\n|switch|p1b: Whimsicott|Whimsicott, L50, F|100/100\n|switch|p2a: Indeedee|Indeedee-F, L50, F|100/100\n|switch|p2b: Kyogre|Kyogre, L50|100/100\n|-ability|p1a: Calyrex|As One\n|-ability|p1a: Calyrex|Unnerve\n|-weather|RainDance|[from] ability: Drizzle|[of] p2b: Kyogre\n|-fieldstart|move: Psychic Terrain|[from] ability: Psychic Surge|[of] p2a: Indeedee\n|turn|1\n|\n|t:|1768025854\n|move|p1b: Whimsicott|Sunny Day|p1b: Whimsicott\n|-weather|SunnyDay\n|move|p2b: Kyogre|Origin Pulse|p1b: Whimsicott|[spread] p1a\n|-miss|p2b: Kyogre|p1b: Whimsicott\n|-damage|p1a: Calyrex|78/100\n|move|p1a: Calyrex|Astral Barrage|p2b: Kyogre|[spread] p2b\n|-immune|p2a: Indeedee\n|-crit|p2b: Kyogre\n|-damage|p2b: Kyogre|41/100\n|move|p2a: Indeedee|Trick Room|p2a: Indeedee\n|-fieldstart|move: Trick Room|[of] p2a: Indeedee\n|\n|-weather|SunnyDay|[upkeep]\n|upkeep\n|turn|2\n|j| Lei43\n|\n|t:|1768025881\n|move|p2a: Indeedee|Heal Pulse|p2b: Kyogre\n|-heal|p2b: Kyogre|91/100\n|move|p1b: Whimsicott|Moonblast|p2b: Kyogre\n|-damage|p2b: Kyogre|72/100\n|move|p1a: Calyrex|Psychic|p2a: Indeedee\n|-resisted|p2a: Indeedee\n|-damage|p2a: Indeedee|69/100\n|move|p2b: Kyogre|Origin Pulse|p1a: Calyrex|[spread] p1a,p1b\n|-resisted|p1b: Whimsicott\n|-damage|p1a: Calyrex|55/100\n|-damage|p1b: Whimsicott|89/100\n|\n|-weather|SunnyDay|[upkeep]\n|upkeep\n|turn|3\n|\n|t:|1768025903\n|move|p2a: Indeedee|Heal Pulse|p2b: Kyogre\n|-heal|p2b: Kyogre|100/100\n|move|p1b: Whimsicott|Moonblast|p2b: Kyogre\n|-damage|p2b: Kyogre|78/100\n|move|p1a: Calyrex|Psychic|p2a: Indeedee\n|-resisted|p2a: Indeedee\n|-damage|p2a: Indeedee|37/100\n|move|p2b: Kyogre|Origin Pulse|p1b: Whimsicott|[spread] p1a,p1b\n|-resisted|p1b: Whimsicott\n|-damage|p1a: Calyrex|31/100\n|-damage|p1b: Whimsicott|76/100\n|\n|-weather|SunnyDay|[upkeep]\n|upkeep\n|turn|4\n|inactive|kojimuranishi has 30 seconds left.\n|inactive|kojimuranishi has 20 seconds left.\n|\n|t:|1768025939\n|switch|p2b: Calyrex|Calyrex-Ice, L50|100/100\n|-ability|p2b: Calyrex|As One\n|-ability|p2b: Calyrex|Unnerve\n|move|p1a: Calyrex|Protect|p1a: Calyrex\n|-singleturn|p1a: Calyrex|Protect\n|move|p2a: Indeedee|Psychic|p1a: Calyrex\n|-activate|p1a: Calyrex|move: Protect\n|move|p1b: Whimsicott|Moonblast|p2a: Indeedee\n|-damage|p2a: Indeedee|12/100\n|\n|-weather|SunnyDay|[upkeep]\n|upkeep\n|turn|5\n|inactive|kojimuranishi has 30 seconds left.\n|inactive|kojimuranishi has 20 seconds left.\n|\n|t:|1768025979\n|switch|p2a: Urshifu|Urshifu-Rapid-Strike, L50, F|100/100\n|switch|p1a: Incineroar|Incineroar, L50, F|100/100\n|-ability|p1a: Incineroar|Intimidate|boost\n|-unboost|p2a: Urshifu|atk|1\n|-unboost|p2b: Calyrex|atk|1\n|move|p1b: Whimsicott|Tailwind|p1b: Whimsicott\n|-sidestart|p1: leslie<3|move: Tailwind\n|move|p2b: Calyrex|Glacial Lance|p1b: Whimsicott|[spread] p1a,p1b\n|-resisted|p1a: Incineroar\n|-supereffective|p1b: Whimsicott\n|-damage|p1a: Incineroar|86/100\n|-damage|p1b: Whimsicott|0 fnt\n|faint|p1b: Whimsicott\n|-ability|p2b: Calyrex|Chilling Neigh|boost\n|-boost|p2b: Calyrex|atk|1\n|\n|-weather|none\n|-fieldend|move: Trick Room\n|-fieldend|move: Psychic Terrain\n|upkeep\n|\n|t:|1768025988\n|switch|p1b: Calyrex|Calyrex-Shadow, L50|31/100\n|-ability|p1b: Calyrex|As One\n|-ability|p1b: Calyrex|Unnerve\n|turn|6\n|\n|t:|1768026002\n|-terastallize|p1b: Calyrex|Ghost\n|move|p2a: Urshifu|Detect|p2a: Urshifu\n|-singleturn|p2a: Urshifu|Protect\n|move|p2b: Calyrex|Protect|p2b: Calyrex\n|-singleturn|p2b: Calyrex|Protect\n|move|p1a: Incineroar|Fake Out|p2b: Calyrex\n|-activate|p2b: Calyrex|move: Protect\n|move|p1b: Calyrex|Astral Barrage|p2a: Urshifu|[spread] \n|-activate|p2a: Urshifu|move: Protect\n|-activate|p2b: Calyrex|move: Protect\n|\n|upkeep\n|turn|7\n|inactive|leslie<3 has 30 seconds left.\n|inactive|kojimuranishi has 30 seconds left.\n|\n|t:|1768026037\n|switch|p1b: Koraidon|Koraidon, L50, shiny|100/100\n|-weather|SunnyDay|[from] ability: Orichalcum Pulse|[of] p1b: Koraidon\n|-activate|p1b: Koraidon|Orichalcum Pulse|[source]\n|-terastallize|p2b: Calyrex|Fairy\n|move|p1a: Incineroar|Knock Off|p2b: Calyrex\n|-resisted|p2b: Calyrex\n|-damage|p2b: Calyrex|89/100\n|-enditem|p2b: Calyrex|Leftovers|[from] move: Knock Off|[of] p1a: Incineroar\n|move|p2a: Urshifu|Surging Strikes|p1b: Koraidon\n|-resisted|p1b: Koraidon\n|-crit|p1b: Koraidon\n|-damage|p1b: Koraidon|96/100\n|-resisted|p1b: Koraidon\n|-crit|p1b: Koraidon\n|-damage|p1b: Koraidon|92/100\n|-resisted|p1b: Koraidon\n|-crit|p1b: Koraidon\n|-damage|p1b: Koraidon|87/100\n|-hitcount|p1b: Koraidon|3\n|move|p2b: Calyrex|Leech Seed|p1a: Incineroar|[miss]\n|-miss|p2b: Calyrex|p1a: Incineroar\n|\n|-weather|SunnyDay|[upkeep]\n|upkeep\n|turn|8\n|inactive|kojimuranishi has 30 seconds left.\n|\n|t:|1768026064\n|switch|p1b: Calyrex|Calyrex-Shadow, L50, tera:Ghost|31/100\n|-ability|p1b: Calyrex|As One\n|-ability|p1b: Calyrex|Unnerve\n|move|p2a: Urshifu|Detect|p2a: Urshifu\n|-singleturn|p2a: Urshifu|Protect\n|move|p2b: Calyrex|Protect|p2b: Calyrex\n|-singleturn|p2b: Calyrex|Protect\n|move|p1a: Incineroar|Knock Off|p2a: Urshifu\n|-activate|p2a: Urshifu|move: Protect\n|\n|-weather|SunnyDay|[upkeep]\n|-sideend|p1: leslie<3|move: Tailwind\n|upkeep\n|turn|9\n|\n|t:|1768026084\n|switch|p2b: Indeedee|Indeedee-F, L50, F|12/100\n|-fieldstart|move: Psychic Terrain|[from] ability: Psychic Surge|[of] p2b: Indeedee\n|move|p1b: Calyrex|Encore||[still]\n|-fail|p1b: Calyrex\n|move|p2a: Urshifu|Surging Strikes|p1b: Calyrex\n|-crit|p1b: Calyrex\n|-damage|p1b: Calyrex|17/100\n|-crit|p1b: Calyrex\n|-damage|p1b: Calyrex|3/100\n|-crit|p1b: Calyrex\n|-damage|p1b: Calyrex|0 fnt\n|faint|p1b: Calyrex\n|-hitcount|p1: Calyrex|3\n|move|p1a: Incineroar|Knock Off|p2a: Urshifu\n|-resisted|p2a: Urshifu\n|-damage|p2a: Urshifu|81/100\n|-enditem|p2a: Urshifu|Focus Sash|[from] move: Knock Off|[of] p1a: Incineroar\n|\n|-weather|SunnyDay|[upkeep]\n|upkeep\n|\n|t:|1768026088\n|switch|p1b: Koraidon|Koraidon, L50, shiny|87/100\n|-activate|p1b: Koraidon|ability: Orichalcum Pulse\n|turn|10\n|inactive|leslie<3 has 30 seconds left.\n|l| Lei43\n|inactive|leslie<3 has 20 seconds left.\n|\n|t:|1768026123\n|move|p2b: Indeedee|Follow Me|p2b: Indeedee\n|-singleturn|p2b: Indeedee|move: Follow Me\n|move|p1b: Koraidon|Flame Charge|p2b: Indeedee\n|-damage|p2b: Indeedee|0 fnt\n|-boost|p1b: Koraidon|spe|1\n|-damage|p1b: Koraidon|71/100|[from] item: Rocky Helmet|[of] p2b: Indeedee\n|faint|p2b: Indeedee\n|move|p2a: Urshifu|Close Combat|p1a: Incineroar\n|-supereffective|p1a: Incineroar\n|-damage|p1a: Incineroar|10/100\n|-unboost|p2a: Urshifu|def|1\n|-unboost|p2a: Urshifu|spd|1\n|move|p1a: Incineroar|Parting Shot|p2a: Urshifu\n|-unboost|p2a: Urshifu|atk|1\n|-unboost|p2a: Urshifu|spa|1\n|\n|-weather|SunnyDay|[upkeep]\n|upkeep\n|\n|t:|1768026144\n|switch|p2b: Kyogre|Kyogre, L50|78/100\n|-weather|RainDance|[from] ability: Drizzle|[of] p2b: Kyogre\n|turn|11\n|\n|t:|1768026151\n|move|p1b: Koraidon|Collision Course|p2a: Urshifu\n|-damage|p2a: Urshifu|0 fnt\n|faint|p2a: Urshifu\n|move|p2b: Kyogre|Water Spout|p1a: Incineroar|[spread] p1a,p1b\n|-supereffective|p1a: Incineroar\n|-resisted|p1b: Koraidon\n|-damage|p1a: Incineroar|0 fnt\n|-damage|p1b: Koraidon|33/100\n|faint|p1a: Incineroar\n|\n|-weather|RainDance|[upkeep]\n|upkeep\n|\n|t:|1768026162\n|switch|p2a: Calyrex|Calyrex-Ice, L50, tera:Fairy|89/100\n|-ability|p2a: Calyrex|As One\n|-ability|p2a: Calyrex|Unnerve\n|turn|12\n|\n|t:|1768026168\n|move|p1b: Koraidon|Collision Course|p2b: Kyogre\n|-damage|p2b: Kyogre|18/100\n|move|p2b: Kyogre|Water Spout|p1b: Koraidon\n|-resisted|p1b: Koraidon\n|-damage|p1b: Koraidon|24/100\n|move|p2a: Calyrex|Glacial Lance|p1b: Koraidon\n|-supereffective|p1b: Koraidon\n|-damage|p1b: Koraidon|0 fnt\n|faint|p1b: Koraidon\n|\n|win|kojimuranishi\n|raw|leslie&lt;3's rating: 1240 &rarr; <strong>1226</strong><br />(-14 for losing)\n|raw|kojimuranishi's rating: 1398 &rarr; <strong>1409</strong><br />(+11 for winning)\n|l|\u2606leslie<3\n|player|p1|\n|l|\u2606kojimuranishi\n|player|p2|\n","uploadtime":1768026430,"views":7,"formatid":"gen9vgc2026regi","rating":1226,"private":0,"password":null}