{"id":"gen9vgc2026regi-2586851014","format":"[Gen 9] VGC 2026 Reg I","players":["avarussurava","Shagrathisbeast"],"log":"|j|\u2606avarussurava\n|j|\u2606Shagrathisbeast\n|t:|1776465289\n|gametype|doubles\n|player|p1|avarussurava|2|1478\n|player|p2|Shagrathisbeast|169|1570\n|gen|9\n|tier|[Gen 9] VGC 2026 Reg I\n|rated|\n|rule|Species Clause: Limit one of each Pok\u00e9mon\n|rule|Item Clause: Limit 1 of each item\n|clearpoke\n|poke|p1|Kyogre, L50|\n|poke|p1|Tyranitar, L50, M|\n|poke|p1|Zamazenta-*, L50|\n|poke|p1|Gastrodon, L50, M|\n|poke|p1|Sinistcha, L50|\n|poke|p1|Ceruledge, L50, F|\n|poke|p2|Terapagos, L50, M|\n|poke|p2|Calyrex-Shadow, L50|\n|poke|p2|Whimsicott, L50, F|\n|poke|p2|Chi-Yu, L50|\n|poke|p2|Smeargle, L50, F|\n|poke|p2|Iron Hands, L50|\n|teampreview|4\n|\n|t:|1776465339\n|teamsize|p1|4\n|teamsize|p2|4\n|start\n|switch|p1a: Zamazenta|Zamazenta-Crowned, L50|100/100\n|switch|p1b: Ceruledge|Ceruledge, L50, F|100/100\n|switch|p2a: Chi-Yu|Chi-Yu, L50, shiny|100/100\n|switch|p2b: Terapagos|Terapagos, L50, M|100/100\n|-activate|p2b: Terapagos|ability: Tera Shift\n|detailschange|p2b: Terapagos|Terapagos-Terastal, L50, M\n|-heal|p2b: Terapagos|100/100|[silent]\n|-ability|p2a: Chi-Yu|Beads of Ruin\n|-ability|p1a: Zamazenta|Dauntless Shield|boost\n|-boost|p1a: Zamazenta|def|1\n|turn|1\n|\n|t:|1776465358\n|switch|p2a: Iron Hands|Iron Hands, L50, shiny|100/100\n|-terastallize|p1a: Zamazenta|Ground\n|move|p1a: Zamazenta|Body Press|p2a: Iron Hands\n|-damage|p2a: Iron Hands|50/100\n|move|p2b: Terapagos|Meteor Beam||[still]\n|-prepare|p2b: Terapagos|Meteor Beam\n|-boost|p2b: Terapagos|spa|1\n|-enditem|p2b: Terapagos|Power Herb\n|-anim|p2b: Terapagos|Meteor Beam|p1b: Ceruledge\n|-supereffective|p1b: Ceruledge\n|-damage|p1b: Ceruledge|0 fnt\n|faint|p1b: Ceruledge\n|\n|upkeep\n|\n|t:|1776465373\n|switch|p1b: Tyranitar|Tyranitar, L50, M|100/100\n|-weather|Sandstorm|[from] ability: Sand Stream|[of] p1b: Tyranitar\n|turn|2\n|\n|t:|1776465404\n|switch|p1b: Sinistcha|Sinistcha, L50|100/100\n|move|p2a: Iron Hands|Fake Out|p1b: Sinistcha\n|-immune|p1b: Sinistcha\n|move|p1a: Zamazenta|Iron Defense|p1a: Zamazenta\n|-boost|p1a: Zamazenta|def|2\n|move|p2b: Terapagos|Tera Starstorm|p1a: Zamazenta\n|-damage|p1a: Zamazenta|46/100\n|\n|-weather|Sandstorm|[upkeep]\n|-damage|p2b: Terapagos|94/100|[from] Sandstorm\n|-damage|p1b: Sinistcha|94/100|[from] Sandstorm\n|-damage|p2a: Iron Hands|44/100|[from] Sandstorm\n|upkeep\n|turn|3\n|\n|t:|1776465445\n|-end|p2a: Iron Hands|Quark Drive|[silent]\n|switch|p2a: Calyrex|Calyrex-Shadow, L50|100/100\n|-ability|p2a: Calyrex|As One\n|-ability|p2a: Calyrex|Unnerve\n|move|p2b: Terapagos|Protect|p2b: Terapagos\n|-singleturn|p2b: Terapagos|Protect\n|move|p1a: Zamazenta|Body Press|p2b: Terapagos\n|-activate|p2b: Terapagos|move: Protect\n|move|p1b: Sinistcha|Life Dew|p1b: Sinistcha|[spread] p1a,p1b\n|-heal|p1a: Zamazenta|71/100\n|-heal|p1b: Sinistcha|100/100\n|\n|-weather|Sandstorm|[upkeep]\n|-damage|p2a: Calyrex|94/100|[from] Sandstorm\n|-damage|p2b: Terapagos|88/100|[from] Sandstorm\n|-damage|p1b: Sinistcha|94/100|[from] Sandstorm\n|upkeep\n|turn|4\n|\n|t:|1776465480\n|switch|p1b: Tyranitar|Tyranitar, L50, M|100/100\n|move|p2a: Calyrex|Astral Barrage|p1b: Tyranitar|[spread] p1a,p1b\n|-resisted|p1b: Tyranitar\n|-damage|p1a: Zamazenta|27/100\n|-damage|p1b: Tyranitar|85/100\n|-damage|p2a: Calyrex|85/100|[from] item: Life Orb\n|move|p1a: Zamazenta|Body Press|p2b: Terapagos\n|-supereffective|p2b: Terapagos\n|-damage|p2b: Terapagos|0 fnt\n|faint|p2b: Terapagos\n|\n|-weather|Sandstorm|[upkeep]\n|-damage|p2a: Calyrex|79/100|[from] Sandstorm\n|upkeep\n|\n|t:|1776465491\n|switch|p2b: Iron Hands|Iron Hands, L50, shiny|44/100\n|turn|5\n|\n|t:|1776465503\n|move|p1a: Zamazenta|Wide Guard|p1a: Zamazenta\n|-singleturn|p1a: Zamazenta|Wide Guard\n|move|p2b: Iron Hands|Fake Out|p1b: Tyranitar\n|-resisted|p1b: Tyranitar\n|-damage|p1b: Tyranitar|79/100\n|move|p2a: Calyrex|Psychic|p1a: Zamazenta\n|-damage|p1a: Zamazenta|0 fnt\n|faint|p1a: Zamazenta\n|-ability|p2a: Calyrex|Grim Neigh|boost\n|-boost|p2a: Calyrex|spa|1\n|-damage|p2a: Calyrex|69/100|[from] item: Life Orb\n|cant|p1b: Tyranitar|flinch\n|\n|-weather|Sandstorm|[upkeep]\n|-damage|p2a: Calyrex|63/100|[from] Sandstorm\n|-damage|p2b: Iron Hands|38/100|[from] Sandstorm\n|upkeep\n|\n|t:|1776465520\n|switch|p1a: Sinistcha|Sinistcha, L50|94/100\n|-heal|p1b: Tyranitar|100/100|[from] ability: Hospitality|[of] p1a: Sinistcha\n|turn|6\n|-message|avarussurava forfeited.\n|\n|win|Shagrathisbeast\n|raw|avarussurava's rating: 1478 &rarr; <strong>1463</strong><br />(-15 for losing)\n|raw|Shagrathisbeast's rating: 1570 &rarr; <strong>1585</strong><br />(+15 for winning)\n|l|\u2606avarussurava\n|player|p1|\n|c|\u2606Shagrathisbeast|no cheese for u\n|l|\u2606Shagrathisbeast\n|player|p2|\n","uploadtime":1776465680,"views":12,"formatid":"gen9vgc2026regi","rating":1463,"private":0,"password":null}