{"id":"gen9vgc2026regi-2561816865","format":"[Gen 9] VGC 2026 Reg I","players":["Qwazay","PATRIOTS_VG"],"log":"|j|\u2606Qwazay\n|j|\u2606PATRIOTS_VG\n|t:|1773846189\n|gametype|doubles\n|player|p1|Qwazay|rood|1359\n|player|p2|PATRIOTS_VG|drayden|1599\n|gen|9\n|tier|[Gen 9] VGC 2026 Reg I\n|rated|\n|rule|Species Clause: Limit one of each Pok\u00e9mon\n|rule|Item Clause: Limit 1 of each item\n|clearpoke\n|poke|p1|Kyogre, L50|\n|poke|p1|Calyrex-Ice, L50|\n|poke|p1|Rillaboom, L50, F|\n|poke|p1|Ogerpon-Wellspring, L50, F|\n|poke|p1|Ursaluna-Bloodmoon, L50, M|\n|poke|p1|Tornadus, L50, M|\n|poke|p2|Incineroar, L50, F|\n|poke|p2|Sinistcha-Masterpiece, L50|\n|poke|p2|Miraidon, L50|\n|poke|p2|Terapagos, L50, M|\n|poke|p2|Iron Treads, L50|\n|poke|p2|Urshifu-*, L50, M|\n|teampreview|4\n|inactive|Battle timer is ON: inactive players will automatically lose when time's up. (requested by PATRIOTS_VG)\n|\n|t:|1773846277\n|teamsize|p1|4\n|teamsize|p2|4\n|start\n|switch|p1a: Cesar|Rillaboom, L50, F, shiny|100/100\n|switch|p1b: Pegasus|Calyrex-Ice, L50|100/100\n|switch|p2a: Miraidon|Miraidon, L50|100/100\n|switch|p2b: Terapagos|Terapagos, L50, M|100/100\n|-activate|p2b: Terapagos|ability: Tera Shift\n|detailschange|p2b: Terapagos|Terapagos-Terastal, L50, M\n|-heal|p2b: Terapagos|100/100|[silent]\n|-ability|p1b: Pegasus|As One\n|-ability|p1b: Pegasus|Unnerve\n|-fieldstart|move: Electric Terrain|[from] ability: Hadron Engine|[of] p2a: Miraidon\n|-enditem|p2b: Terapagos|Electric Seed\n|-boost|p2b: Terapagos|def|1|[from] item: Electric Seed\n|-fieldstart|move: Grassy Terrain|[from] ability: Grassy Surge|[of] p1a: Cesar\n|turn|1\n|inactive|Qwazay has 30 seconds left.\n|inactive|Qwazay has 20 seconds left.\n|\n|t:|1773846316\n|switch|p2a: Incineroar|Incineroar, L50, F|100/100\n|-ability|p2a: Incineroar|Intimidate|boost\n|-unboost|p1a: Cesar|atk|1\n|-fail|p1b: Pegasus|unboost|[from] item: Clear Amulet|[of] p1b: Pegasus\n|move|p1a: Cesar|Fake Out|p2b: Terapagos\n|-activate|p2b: Terapagos|ability: Tera Shell\n|-resisted|p2b: Terapagos\n|-damage|p2b: Terapagos|98/100\n|cant|p2b: Terapagos|flinch\n|move|p1b: Pegasus|Glacial Lance|p2b: Terapagos|[spread] p2a,p2b\n|-resisted|p2a: Incineroar\n|-damage|p2a: Incineroar|81/100\n|-damage|p2b: Terapagos|77/100\n|\n|-heal|p2b: Terapagos|83/100|[from] Grassy Terrain\n|-heal|p2a: Incineroar|87/100|[from] Grassy Terrain\n|upkeep\n|turn|2\n|\n|t:|1773846340\n|move|p1b: Pegasus|Protect|p1b: Pegasus\n|-singleturn|p1b: Pegasus|Protect\n|move|p1a: Cesar|U-turn|p2a: Incineroar\n|-damage|p2a: Incineroar|78/100\n|\n|t:|1773846346\n|switch|p1a: Rufus|Ursaluna-Bloodmoon, L50, M|100/100|[from] U-turn\n|move|p2b: Terapagos|Calm Mind|p2b: Terapagos\n|-boost|p2b: Terapagos|spa|1\n|-boost|p2b: Terapagos|spd|1\n|move|p2a: Incineroar|Knock Off|p1b: Pegasus\n|-activate|p1b: Pegasus|move: Protect\n|\n|-heal|p2b: Terapagos|89/100|[from] Grassy Terrain\n|-heal|p2a: Incineroar|84/100|[from] Grassy Terrain\n|upkeep\n|turn|3\n|\n|t:|1773846357\n|move|p2b: Terapagos|Tera Starstorm|p1b: Pegasus\n|-damage|p1b: Pegasus|52/100\n|move|p1a: Rufus|Earth Power|p2a: Incineroar\n|-supereffective|p2a: Incineroar\n|-damage|p2a: Incineroar|5/100\n|-damage|p1a: Rufus|91/100|[from] item: Life Orb\n|move|p2a: Incineroar|Knock Off|p1b: Pegasus\n|-supereffective|p1b: Pegasus\n|-damage|p1b: Pegasus|9/100\n|-enditem|p1b: Pegasus|Clear Amulet|[from] move: Knock Off|[of] p2a: Incineroar\n|move|p1b: Pegasus|Trick Room|p1b: Pegasus\n|-fieldstart|move: Trick Room|[of] p1b: Pegasus\n|\n|-heal|p1b: Pegasus|15/100|[from] Grassy Terrain\n|-heal|p2a: Incineroar|11/100|[from] Grassy Terrain\n|-heal|p1a: Rufus|97/100|[from] Grassy Terrain\n|-heal|p2b: Terapagos|95/100|[from] Grassy Terrain\n|upkeep\n|turn|4\n|inactive|PATRIOTS_VG has 30 seconds left.\n|\n|t:|1773846388\n|move|p1b: Pegasus|Glacial Lance|p2b: Terapagos|[spread] p2a,p2b\n|-resisted|p2a: Incineroar\n|-crit|p2a: Incineroar\n|-damage|p2a: Incineroar|0 fnt\n|-damage|p2b: Terapagos|72/100\n|faint|p2a: Incineroar\n|-ability|p1b: Pegasus|Chilling Neigh|boost\n|-boost|p1b: Pegasus|atk|1\n|move|p1a: Rufus|Blood Moon|p2b: Terapagos\n|-damage|p2b: Terapagos|17/100\n|-damage|p1a: Rufus|87/100|[from] item: Life Orb\n|move|p2b: Terapagos|Tera Starstorm|p1b: Pegasus\n|-damage|p1b: Pegasus|0 fnt\n|faint|p1b: Pegasus\n|\n|-heal|p1a: Rufus|93/100|[from] Grassy Terrain\n|-heal|p2b: Terapagos|23/100|[from] Grassy Terrain\n|upkeep\n|\n|t:|1773846404\n|switch|p1b: Poseidon|Kyogre, L50|100/100\n|switch|p2a: Sinistcha|Sinistcha-Masterpiece, L50|100/100\n|-weather|RainDance|[from] ability: Drizzle|[of] p1b: Poseidon\n|-heal|p2b: Terapagos|48/100|[from] ability: Hospitality|[of] p2a: Sinistcha\n|turn|5\n|\n|t:|1773846424\n|switch|p2a: Miraidon|Miraidon, L50|100/100\n|-fieldstart|move: Electric Terrain|[from] ability: Hadron Engine|[of] p2a: Miraidon\n|switch|p1b: Cesar|Rillaboom, L50, F, shiny|100/100\n|-fieldstart|move: Grassy Terrain|[from] ability: Grassy Surge|[of] p1b: Cesar\n|-terastallize|p2b: Terapagos|Stellar\n|detailschange|p2b: Terapagos|Terapagos-Stellar, L50, M, tera:Stellar\n|-heal|p2b: Terapagos|61/100|[silent]\n|-ability|p2b: Terapagos|Teraform Zero\n|-weather|none\n|-fieldend|move: Grassy Terrain\n|move|p1a: Rufus|Hyper Voice|p2a: Miraidon|[spread] p2a,p2b\n|-damage|p2a: Miraidon|56/100\n|-damage|p2b: Terapagos|41/100\n|-damage|p1a: Rufus|83/100|[from] item: Life Orb\n|move|p2b: Terapagos|Tera Starstorm|p1b: Cesar|[spread] p1a,p1b\n|-damage|p1a: Rufus|18/100\n|-damage|p1b: Cesar|70/100\n|\n|upkeep\n|turn|6\n|\n|t:|1773846447\n|switch|p2a: Sinistcha|Sinistcha-Masterpiece, L50|100/100\n|-heal|p2b: Terapagos|66/100|[from] ability: Hospitality|[of] p2a: Sinistcha\n|move|p1b: Cesar|Fake Out|p2b: Terapagos\n|-damage|p2b: Terapagos|62/100\n|move|p1a: Rufus|Earth Power|p2a: Sinistcha\n|-resisted|p2a: Sinistcha\n|-damage|p2a: Sinistcha|64/100\n|-damage|p1a: Rufus|8/100|[from] item: Life Orb\n|cant|p2b: Terapagos|flinch\n|\n|upkeep\n|turn|7\n|\n|t:|1773846468\n|move|p1a: Rufus|Blood Moon|p2b: Terapagos\n|-damage|p2b: Terapagos|17/100\n|-damage|p1a: Rufus|0 fnt|[from] item: Life Orb\n|faint|p1a: Rufus\n|move|p2a: Sinistcha|Shadow Ball|p1b: Cesar\n|-damage|p1b: Cesar|49/100\n|-unboost|p1b: Cesar|spd|1\n|move|p2b: Terapagos|Tera Starstorm|p1b: Cesar\n|-damage|p1b: Cesar|0 fnt\n|faint|p1b: Cesar\n|\n|-fieldend|move: Trick Room\n|upkeep\n|\n|t:|1773846481\n|switch|p1b: Poseidon|Kyogre, L50|100/100\n|-weather|RainDance|[from] ability: Drizzle|[of] p1b: Poseidon\n|turn|8\n|\n|t:|1773846493\n|-terastallize|p1b: Poseidon|Grass\n|move|p2b: Terapagos|Protect|p2b: Terapagos\n|-singleturn|p2b: Terapagos|Protect\n|move|p1b: Poseidon|Origin Pulse|p2b: Terapagos|[spread] p2a\n|-activate|p2b: Terapagos|move: Protect\n|-resisted|p2a: Sinistcha\n|-damage|p2a: Sinistcha|14/100\n|move|p2a: Sinistcha|Shadow Ball|p1b: Poseidon\n|-damage|p1b: Poseidon|80/100\n|\n|-weather|RainDance|[upkeep]\n|upkeep\n|turn|9\n|\n|t:|1773846506\n|move|p1b: Poseidon|Origin Pulse|p2a: Sinistcha|[spread] p2a,p2b\n|-resisted|p2a: Sinistcha\n|-damage|p2a: Sinistcha|0 fnt\n|-damage|p2b: Terapagos|0 fnt\n|faint|p2a: Sinistcha\n|faint|p2b: Terapagos\n|detailschange|p2: Terapagos|Terapagos, L50, M|[silent]\n|\n|-weather|RainDance|[upkeep]\n|upkeep\n|\n|t:|1773846509\n|switch|p2b: Miraidon|Miraidon, L50|56/100\n|-fieldstart|move: Electric Terrain|[from] ability: Hadron Engine|[of] p2b: Miraidon\n|turn|10\n|\n|t:|1773846514\n|move|p2b: Miraidon|Draco Meteor|p1b: Poseidon\n|-damage|p1b: Poseidon|17/100\n|-unboost|p2b: Miraidon|spa|2\n|move|p1b: Poseidon|Origin Pulse|p2b: Miraidon\n|-resisted|p2b: Miraidon\n|-damage|p2b: Miraidon|7/100\n|\n|-weather|RainDance|[upkeep]\n|upkeep\n|turn|11\n|\n|t:|1773846531\n|move|p2b: Miraidon|Draco Meteor|p1b: Poseidon\n|-damage|p1b: Poseidon|0 fnt\n|-unboost|p2b: Miraidon|spa|2\n|faint|p1b: Poseidon\n|\n|win|PATRIOTS_VG\n|raw|Qwazay's rating: 1359 &rarr; <strong>1351</strong><br />(-8 for losing)\n|raw|PATRIOTS_VG's rating: 1599 &rarr; <strong>1607</strong><br />(+8 for winning)\n|l|\u2606Qwazay\n|player|p1|\n|l|\u2606PATRIOTS_VG\n|player|p2|\n","uploadtime":1773846742,"views":13,"formatid":"gen9vgc2026regi","rating":1351,"private":0,"password":null}