{"id":"gen9vgc2026regi-2565550524","format":"[Gen 9] VGC 2026 Reg I","players":["Sheevp","ricepresident666"],"log":"|j|\u2606Sheevp\n|j|\u2606ricepresident666\n|t:|1774284522\n|gametype|doubles\n|player|p1|Sheevp|170|1449\n|player|p2|ricepresident666|gambler|1489\n|gen|9\n|tier|[Gen 9] VGC 2026 Reg I\n|rated|\n|rule|Species Clause: Limit one of each Pok\u00e9mon\n|rule|Item Clause: Limit 1 of each item\n|clearpoke\n|poke|p1|Koraidon, L50|\n|poke|p1|Calyrex-Ice, L50|\n|poke|p1|Regieleki, L50|\n|poke|p1|Chi-Yu, L50|\n|poke|p2|Brute Bonnet, L50|\n|poke|p2|Lunala, L50|\n|poke|p2|Ursaluna, L50, M|\n|poke|p2|Chi-Yu, L50|\n|poke|p2|Koraidon, L50|\n|poke|p2|Flutter Mane, L50|\n|teampreview|4\n|inactive|Battle timer is ON: inactive players will automatically lose when time's up. (requested by ricepresident666)\n|inactive|ricepresident666 has 60 seconds left.\n|\n|t:|1774284555\n|teamsize|p1|4\n|teamsize|p2|4\n|start\n|switch|p1a: Regieleki|Regieleki, L50|100/100\n|switch|p1b: Koraidon|Koraidon, L50|100/100\n|switch|p2a: Koraidon|Koraidon, L50, shiny|100/100\n|switch|p2b: Flutter Mane|Flutter Mane, L50, shiny|100/100\n|-weather|SunnyDay|[from] ability: Orichalcum Pulse|[of] p2a: Koraidon\n|-activate|p2b: Flutter Mane|ability: Protosynthesis\n|-start|p2b: Flutter Mane|protosynthesisspe\n|-activate|p2a: Koraidon|Orichalcum Pulse|[source]\n|-activate|p1b: Koraidon|ability: Orichalcum Pulse\n|turn|1\n|l|\u2606Sheevp\n|inactive|Sheevp disconnected and has a minute to reconnect!\n|player|p1|\n|inactive|Sheevp has 30 seconds left.\n|inactive|ricepresident666 has 30 seconds left.\n|j|\u2606Sheevp\n|inactive|Sheevp reconnected and has 25 seconds left.\n|player|p1|Sheevp|170|\n|inactive|Sheevp has 20 seconds left.\n|inactive|Sheevp has 15 seconds left.\n|\n|t:|1774284596\n|move|p1b: Koraidon|Protect|p1b: Koraidon\n|-singleturn|p1b: Koraidon|Protect\n|move|p2b: Flutter Mane|Icy Wind|p1a: Regieleki|[spread] p1a\n|-activate|p1b: Koraidon|move: Protect\n|-crit|p1a: Regieleki\n|-damage|p1a: Regieleki|57/100\n|move|p1a: Regieleki|Electroweb|p2b: Flutter Mane|[spread] p2a,p2b\n|-resisted|p2a: Koraidon\n|-damage|p2a: Koraidon|89/100\n|-damage|p2b: Flutter Mane|77/100\n|-unboost|p2a: Koraidon|spe|1\n|-unboost|p2b: Flutter Mane|spe|1\n|move|p2a: Koraidon|Flame Charge|p1a: Regieleki\n|-damage|p1a: Regieleki|0 fnt\n|-boost|p2a: Koraidon|spe|1\n|faint|p1a: Regieleki\n|-damage|p2a: Koraidon|79/100|[from] item: Life Orb\n|\n|-weather|SunnyDay|[upkeep]\n|upkeep\n|\n|t:|1774284612\n|switch|p1a: Calyrex|Calyrex-Ice, L50|100/100\n|-ability|p1a: Calyrex|As One\n|-ability|p1a: Calyrex|Unnerve\n|turn|2\n|\n|t:|1774284628\n|-terastallize|p1a: Calyrex|Fairy\n|move|p2a: Koraidon|Protect|p2a: Koraidon\n|-singleturn|p2a: Koraidon|Protect\n|move|p2b: Flutter Mane|Moonblast|p1b: Koraidon\n|-supereffective|p1b: Koraidon\n|-damage|p1b: Koraidon|0 fnt\n|faint|p1b: Koraidon\n|move|p1a: Calyrex|Glacial Lance|p2b: Flutter Mane|[spread] p2b\n|-activate|p2a: Koraidon|move: Protect\n|-damage|p2b: Flutter Mane|0 fnt\n|faint|p2b: Flutter Mane\n|-end|p2b: Flutter Mane|Protosynthesis|[silent]\n|-ability|p1a: Calyrex|Chilling Neigh|boost\n|-boost|p1a: Calyrex|atk|1\n|\n|-weather|SunnyDay|[upkeep]\n|upkeep\n|\n|t:|1774284643\n|switch|p2b: Brute Bonnet|Brute Bonnet, L50, shiny|100/100\n|switch|p1b: Chi-Yu|Chi-Yu, L50|100/100\n|-ability|p1b: Chi-Yu|Beads of Ruin\n|-activate|p2b: Brute Bonnet|ability: Protosynthesis\n|-start|p2b: Brute Bonnet|protosynthesisdef\n|turn|3\n|inactive|ricepresident666 has 30 seconds left.\n|\n|t:|1774284669\n|-terastallize|p2b: Brute Bonnet|Water\n|move|p1b: Chi-Yu|Heat Wave|p2b: Brute Bonnet|[spread] p2a,p2b\n|-resisted|p2a: Koraidon\n|-resisted|p2b: Brute Bonnet\n|-damage|p2a: Koraidon|38/100\n|-damage|p2b: Brute Bonnet|63/100\n|move|p2a: Koraidon|Close Combat|p1b: Chi-Yu\n|-supereffective|p1b: Chi-Yu\n|-damage|p1b: Chi-Yu|0 fnt\n|-unboost|p2a: Koraidon|def|1\n|-unboost|p2a: Koraidon|spd|1\n|faint|p1b: Chi-Yu\n|-damage|p2a: Koraidon|28/100|[from] item: Life Orb\n|move|p2b: Brute Bonnet|Spore|p1a: Calyrex\n|-status|p1a: Calyrex|slp|[from] move: Spore\n|cant|p1a: Calyrex|slp\n|\n|-weather|SunnyDay|[upkeep]\n|upkeep\n|turn|4\n|\n|t:|1774284687\n|-end|p2b: Brute Bonnet|Protosynthesis|[silent]\n|switch|p2b: Lunala|Lunala, L50|100/100\n|move|p2a: Koraidon|Flare Blitz|p1a: Calyrex\n|-damage|p1a: Calyrex|30/100 slp\n|-damage|p2a: Koraidon|1/100|[from] Recoil\n|-damage|p2a: Koraidon|0 fnt|[from] item: Life Orb\n|faint|p2a: Koraidon\n|cant|p1a: Calyrex|slp\n|\n|-weather|SunnyDay|[upkeep]\n|-heal|p1a: Calyrex|36/100 slp|[from] item: Leftovers\n|upkeep\n|\n|t:|1774284694\n|switch|p2a: Brute Bonnet|Brute Bonnet, L50, shiny, tera:Water|63/100\n|-activate|p2a: Brute Bonnet|ability: Protosynthesis\n|-start|p2a: Brute Bonnet|protosynthesisdef\n|turn|5\n|\n|t:|1774284706\n|move|p2b: Lunala|Moongeist Beam|p1a: Calyrex\n|-damage|p1a: Calyrex|3/100 slp\n|move|p2a: Brute Bonnet|Seed Bomb|p1a: Calyrex\n|-damage|p1a: Calyrex|0 fnt\n|faint|p1a: Calyrex\n|\n|win|ricepresident666\n|raw|Sheevp's rating: 1449 &rarr; <strong>1431</strong><br />(-18 for losing)\n|raw|ricepresident666's rating: 1489 &rarr; <strong>1507</strong><br />(+18 for winning)\n|l|\u2606Sheevp\n|player|p1|\n|l|\u2606ricepresident666\n|player|p2|\n","uploadtime":1774284909,"views":11,"formatid":"gen9vgc2026regi","rating":1431,"private":0,"password":null}