{"id":"gen9vgc2026regi-2568776498","format":"[Gen 9] VGC 2026 Reg I","players":["KingCosma","LabubuMechanics"],"log":"|j|\u2606KingCosma\n|j|\u2606LabubuMechanics\n|t:|1774622089\n|gametype|doubles\n|player|p1|KingCosma|lance-gen2|1107\n|player|p2|LabubuMechanics|266|1000\n|gen|9\n|tier|[Gen 9] VGC 2026 Reg I\n|rated|\n|rule|Species Clause: Limit one of each Pok\u00e9mon\n|rule|Item Clause: Limit 1 of each item\n|clearpoke\n|poke|p1|Calyrex-Shadow, L50|\n|poke|p1|Charizard, L50, F|\n|poke|p1|Koraidon, L50|\n|poke|p1|Walking Wake, L50|\n|poke|p1|Lilligant-Hisui, L50, F|\n|poke|p1|Maushold-Four, L50|\n|poke|p2|Sinistcha, L50|\n|poke|p2|Urshifu-*, L50, M|\n|poke|p2|Terapagos, L50, M|\n|poke|p2|Miraidon, L50|\n|poke|p2|Incineroar, L50, M|\n|poke|p2|Iron Treads, L50|\n|teampreview|4\n|\n|t:|1774622154\n|teamsize|p1|4\n|teamsize|p2|4\n|start\n|switch|p1a: Charizard|Charizard, L50, F|100/100\n|switch|p1b: Lilligant|Lilligant-Hisui, L50, F, shiny|100/100\n|switch|p2a: Terapagos|Terapagos, L50, M|100/100\n|switch|p2b: Miraidon|Miraidon, L50, shiny|100/100\n|-activate|p2a: Terapagos|ability: Tera Shift\n|detailschange|p2a: Terapagos|Terapagos-Terastal, L50, M\n|-heal|p2a: Terapagos|100/100|[silent]\n|-fieldstart|move: Electric Terrain|[from] ability: Hadron Engine|[of] p2b: Miraidon\n|-enditem|p2a: Terapagos|Electric Seed\n|-boost|p2a: Terapagos|def|1|[from] item: Electric Seed\n|turn|1\n|inactive|Battle timer is ON: inactive players will automatically lose when time's up. (requested by LabubuMechanics)\n|\n|t:|1774622201\n|switch|p1a: Koraidon|Koraidon, L50|100/100\n|-weather|SunnyDay|[from] ability: Orichalcum Pulse|[of] p1a: Koraidon\n|-activate|p1a: Koraidon|Orichalcum Pulse|[source]\n|-terastallize|p2a: Terapagos|Stellar\n|detailschange|p2a: Terapagos|Terapagos-Stellar, L50, M, tera:Stellar\n|-heal|p2a: Terapagos|100/100|[silent]\n|-ability|p2a: Terapagos|Teraform Zero\n|-weather|none\n|-fieldend|move: Electric Terrain\n|move|p2b: Miraidon|Volt Switch|p1b: Lilligant\n|-resisted|p1b: Lilligant\n|-damage|p1b: Lilligant|71/100\n|\n|t:|1774622213\n|switch|p2b: Incineroar|Incineroar, L50, M|100/100|[from] Volt Switch\n|-ability|p2b: Incineroar|Intimidate|boost\n|-unboost|p1a: Koraidon|atk|1\n|-unboost|p1b: Lilligant|atk|1\n|move|p1b: Lilligant|Close Combat|p2a: Terapagos\n|-supereffective|p2a: Terapagos\n|-damage|p2a: Terapagos|76/100\n|-unboost|p1b: Lilligant|def|1\n|-unboost|p1b: Lilligant|spd|1\n|move|p2a: Terapagos|Tera Starstorm|p1a: Koraidon|[spread] p1a,p1b\n|-crit|p1a: Koraidon\n|-damage|p1a: Koraidon|54/100\n|-damage|p1b: Lilligant|0 fnt\n|faint|p1b: Lilligant\n|\n|upkeep\n|\n|t:|1774622231\n|switch|p1b: Walking Wake|Walking Wake, L50|100/100\n|turn|2\n|\n|t:|1774622242\n|switch|p1a: Charizard|Charizard, L50, F|100/100\n|move|p2b: Incineroar|Fake Out|p1b: Walking Wake\n|-damage|p1b: Walking Wake|91/100\n|cant|p1b: Walking Wake|flinch\n|move|p2a: Terapagos|Calm Mind|p2a: Terapagos\n|-boost|p2a: Terapagos|spa|1\n|-boost|p2a: Terapagos|spd|1\n|\n|upkeep\n|turn|3\n|inactive|KingCosma has 30 seconds left.\n|inactive|KingCosma has 20 seconds left.\n|\n|t:|1774622282\n|-end|p1b: Walking Wake|Protosynthesis|[silent]\n|switch|p1b: Koraidon|Koraidon, L50|54/100\n|-weather|SunnyDay|[from] ability: Orichalcum Pulse|[of] p1b: Koraidon\n|-activate|p1b: Koraidon|Orichalcum Pulse|[source]\n|switch|p2b: Sinistcha|Sinistcha, L50|100/100\n|-heal|p2a: Terapagos|100/100|[from] ability: Hospitality|[of] p2b: Sinistcha\n|move|p1a: Charizard|Heat Wave|p2a: Terapagos|[spread] p2a,p2b\n|-supereffective|p2b: Sinistcha\n|-damage|p2a: Terapagos|52/100\n|-damage|p2b: Sinistcha|0 fnt\n|faint|p2b: Sinistcha\n|move|p2a: Terapagos|Tera Starstorm|p1a: Charizard|[spread] p1a,p1b\n|-damage|p1a: Charizard|37/100\n|-damage|p1b: Koraidon|4/100\n|\n|-weather|SunnyDay|[upkeep]\n|-damage|p1a: Charizard|25/100|[from] ability: Solar Power|[of] p1a: Charizard\n|upkeep\n|\n|t:|1774622298\n|switch|p2b: Incineroar|Incineroar, L50, M|100/100\n|-ability|p2b: Incineroar|Intimidate|boost\n|-unboost|p1a: Charizard|atk|1\n|-unboost|p1b: Koraidon|atk|1\n|turn|4\n|\n|t:|1774622305\n|switch|p2b: Miraidon|Miraidon, L50, shiny|100/100\n|-fieldstart|move: Electric Terrain|[from] ability: Hadron Engine|[of] p2b: Miraidon\n|move|p1b: Koraidon|Collision Course|p2a: Terapagos\n|-supereffective|p2a: Terapagos\n|-damage|p2a: Terapagos|0 fnt\n|faint|p2a: Terapagos\n|detailschange|p2: Terapagos|Terapagos, L50, M|[silent]\n|-damage|p1b: Koraidon|0 fnt|[from] item: Life Orb\n|faint|p1b: Koraidon\n|move|p1a: Charizard|Heat Wave|p2b: Miraidon\n|-resisted|p2b: Miraidon\n|-damage|p2b: Miraidon|38/100\n|\n|-weather|SunnyDay|[upkeep]\n|-damage|p1a: Charizard|12/100|[from] ability: Solar Power|[of] p1a: Charizard\n|upkeep\n|\n|t:|1774622321\n|switch|p1b: Walking Wake|Walking Wake, L50|91/100\n|switch|p2a: Incineroar|Incineroar, L50, M|100/100\n|-ability|p2a: Incineroar|Intimidate|boost\n|-unboost|p1a: Charizard|atk|1\n|-unboost|p1b: Walking Wake|atk|1\n|-activate|p1b: Walking Wake|ability: Protosynthesis\n|-start|p1b: Walking Wake|protosynthesisspa\n|turn|5\n|\n|t:|1774622339\n|move|p2a: Incineroar|Fake Out|p1b: Walking Wake\n|-damage|p1b: Walking Wake|80/100\n|move|p2b: Miraidon|Draco Meteor|p1b: Walking Wake\n|-supereffective|p1b: Walking Wake\n|-damage|p1b: Walking Wake|0 fnt\n|-unboost|p2b: Miraidon|spa|2\n|faint|p1b: Walking Wake\n|-end|p1b: Walking Wake|Protosynthesis|[silent]\n|move|p1a: Charizard|Heat Wave|p2b: Miraidon|[spread] p2a,p2b\n|-resisted|p2a: Incineroar\n|-resisted|p2b: Miraidon\n|-damage|p2a: Incineroar|69/100\n|-damage|p2b: Miraidon|0 fnt\n|faint|p2b: Miraidon\n|\n|-weather|SunnyDay|[upkeep]\n|-damage|p1a: Charizard|0 fnt|[from] ability: Solar Power|[of] p1a: Charizard\n|faint|p1a: Charizard\n|\n|win|LabubuMechanics\n|raw|KingCosma's rating: 1107 &rarr; <strong>1075</strong><br />(-32 for losing)\n|raw|LabubuMechanics's rating: 1000 &rarr; <strong>1052</strong><br />(+52 for winning)\n|l|\u2606KingCosma\n|player|p1|\n","uploadtime":1774622353,"views":10,"formatid":"gen9vgc2026regi","rating":1052,"private":0,"password":null}