{"id":"gen9vgc2026regi-2564382982","format":"[Gen 9] VGC 2026 Reg I","players":["ColaDeMankey","4Test4"],"log":"|j|\u2606ColaDeMankey\n|j|\u26064Test4\n|t:|1774139186\n|gametype|doubles\n|player|p1|ColaDeMankey|169|\n|player|p2|4Test4|blue|\n|gen|9\n|tier|[Gen 9] VGC 2026 Reg I\n|rated|Tournament battle\n|rule|Species Clause: Limit one of each Pok\u00e9mon\n|rule|Item Clause: Limit 1 of each item\n|raw|<div class=\"infobox\"><details class=\"readmore\" open><summary><strong>3 custom rules:</strong></summary> Open Team Sheets, Force Open Team Sheets, !Open Team Sheets</details></div>\n|clearpoke\n|poke|p1|Calyrex-Shadow, L50|\n|poke|p1|Ogerpon-Cornerstone, L50, F|\n|poke|p1|Rillaboom, L50, M|\n|poke|p1|Terapagos, L50, M|\n|poke|p1|Incineroar, L50, M|\n|poke|p1|Amoonguss, L50, F|\n|poke|p2|Koraidon, L50|\n|poke|p2|Calyrex-Shadow, L50|\n|poke|p2|Incineroar, L50, M|\n|poke|p2|Brute Bonnet, L50|\n|poke|p2|Weezing-Galar, L50, F|\n|poke|p2|Talonflame, L50, F|\n|teampreview|4\n|showteam|p1|Calyrex-Shadow||GrassySeed|AsOneSpectrier|AstralBarrage,DrainingKiss,CalmMind,Protect||||||50|,,,,,Fairy]Ogerpon-Cornerstone||CornerstoneMask|Sturdy|IvyCudgel,KnockOff,FollowMe,SpikyShield|||F|||50|,,,,,Rock]Rillaboom||AssaultVest|GrassySurge|WoodHammer,Uturn,GrassyGlide,FakeOut|||M|||50|,,,,,Fire]Terapagos||PowerHerb|TeraShift|MeteorBeam,TeraStarstorm,RockPolish,Protect|||M|||50|,,,,,Stellar]Incineroar||SafetyGoggles|Intimidate|KnockOff,FakeOut,PartingShot,WillOWisp|||M|||50|,,,,,Bug]Amoonguss||RockyHelmet|Regenerator|PollenPuff,Spore,RagePowder,Protect|||F|||50|,,,,,Water\n|showteam|p2|Koraidon||AbilityShield|OrichalcumPulse|FlameCharge,FlareBlitz,CollisionCourse,Protect||||||50|,,,,,Fire]Calyrex-Shadow||FocusSash|AsOneSpectrier|AstralBarrage,Psychic,PollenPuff,Protect||||||50|,,,,,Ghost]Incineroar||AssaultVest|Intimidate|FakeOut,FlareBlitz,KnockOff,Uturn|||M|||50|,,,,,Bug]Brute Bonnet||CovertCloak|Protosynthesis|RagePowder,Spore,SuckerPunch,SeedBomb||||||50|,,,,,Water]Weezing-Galar||Leftovers|NeutralizingGas|PoisonGas,DazzlingGleam,ClearSmog,Protect|||F|||50|,,,,,Water]Talonflame||ExpertBelt|GaleWings|DualWingbeat,Tailwind,UpperHand,Protect|||F|||50|,,,,,Ground\n|inactive|Battle timer is ON: inactive players will automatically lose when time's up. (requested by ColaDeMankey)\n|j| aurora ltd\n|j| Centiskorch18\n|inactive|4Test4 has 60 seconds left.\n|\n|t:|1774139225\n|teamsize|p1|4\n|teamsize|p2|4\n|start\n|switch|p1a: Amoonguss|Amoonguss, L50, F|100/100\n|switch|p1b: Ogerpon|Ogerpon-Cornerstone, L50, F|100/100\n|switch|p2a: Grau!|Koraidon, L50|100/100\n|switch|p2b: Fuma\u00e7a!|Weezing-Galar, L50, F|100/100\n|-ability|p2b: Fuma\u00e7a!|Neutralizing Gas\n|-block|p2a: Grau!|item: Ability Shield\n|-weather|SunnyDay|[from] ability: Orichalcum Pulse|[of] p2a: Grau!\n|-activate|p2a: Grau!|Orichalcum Pulse|[source]\n|turn|1\n|j| ray_on_1248_\n|j| Wikdchikn\n|inactive|4Test4 has 30 seconds left.\n|\n|t:|1774139258\n|move|p2a: Grau!|Protect|p2a: Grau!\n|-singleturn|p2a: Grau!|Protect\n|move|p1b: Ogerpon|Spiky Shield|p1b: Ogerpon\n|-singleturn|p1b: Ogerpon|move: Protect\n|move|p2b: Fuma\u00e7a!|Protect|p2b: Fuma\u00e7a!\n|-singleturn|p2b: Fuma\u00e7a!|Protect\n|move|p1a: Amoonguss|Protect||[still]\n|-fail|p1a: Amoonguss\n|\n|-weather|SunnyDay|[upkeep]\n|upkeep\n|turn|2\n|j| GoogleDad\n|c| ray_on_1248_|tallonflame aprende upper hand???\n|\n|t:|1774139278\n|move|p1b: Ogerpon|Follow Me|p1b: Ogerpon\n|-singleturn|p1b: Ogerpon|move: Follow Me\n|move|p2a: Grau!|Collision Course|p1b: Ogerpon\n|-supereffective|p1b: Ogerpon\n|-damage|p1b: Ogerpon|0 fnt\n|faint|p1b: Ogerpon\n|move|p2b: Fuma\u00e7a!|Poison Gas|p1a: Amoonguss\n|-immune|p1a: Amoonguss\n|move|p1a: Amoonguss|Spore|p2a: Grau!\n|-status|p2a: Grau!|slp|[from] move: Spore\n|\n|-weather|SunnyDay|[upkeep]\n|upkeep\n|\n|t:|1774139286\n|switch|p1b: Calyrex|Calyrex-Shadow, L50|100/100\n|-ability|p1b: Calyrex|As One\n|-ability|p1b: Calyrex|Unnerve\n|turn|3\n|\n|t:|1774139301\n|-terastallize|p2a: Grau!|Fire\n|move|p1b: Calyrex|Calm Mind|p1b: Calyrex\n|-boost|p1b: Calyrex|spa|1\n|-boost|p1b: Calyrex|spd|1\n|cant|p2a: Grau!|slp\n|move|p2b: Fuma\u00e7a!|Poison Gas|p1a: Amoonguss|[spread] p1a,p1b\n|-immune|p1a: Amoonguss\n|-status|p1b: Calyrex|psn\n|move|p1a: Amoonguss|Spore|p2b: Fuma\u00e7a!\n|-status|p2b: Fuma\u00e7a!|slp|[from] move: Spore\n|\n|-weather|SunnyDay|[upkeep]\n|-damage|p1b: Calyrex|88/100 psn|[from] psn\n|upkeep\n|turn|4\n|j| Midladder Crisis\n|l| Midladder Crisis\n|\n|t:|1774139321\n|-terastallize|p1a: Amoonguss|Water\n|cant|p2a: Grau!|slp\n|cant|p2b: Fuma\u00e7a!|slp\n|move|p1a: Amoonguss|Rage Powder|p1a: Amoonguss\n|-singleturn|p1a: Amoonguss|move: Rage Powder\n|move|p1b: Calyrex|Astral Barrage|p2b: Fuma\u00e7a!|[spread] p2a,p2b\n|-damage|p2a: Grau!|21/100 slp\n|-damage|p2b: Fuma\u00e7a!|31/100 slp\n|\n|-weather|SunnyDay|[upkeep]\n|-heal|p2b: Fuma\u00e7a!|37/100 slp|[from] item: Leftovers\n|-damage|p1b: Calyrex|76/100 psn|[from] psn\n|upkeep\n|turn|5\n|\n|t:|1774139342\n|switch|p2a: Gavi\u00e3o!|Talonflame, L50, F|100/100\n|switch|p1a: Rillaboom|Rillaboom, L50, M|100/100\n|-curestatus|p2b: Fuma\u00e7a!|slp|[msg]\n|move|p2b: Fuma\u00e7a!|Protect|p2b: Fuma\u00e7a!\n|-singleturn|p2b: Fuma\u00e7a!|Protect\n|move|p1b: Calyrex|Astral Barrage|p2b: Fuma\u00e7a!|[spread] p2a\n|-activate|p2b: Fuma\u00e7a!|move: Protect\n|-damage|p2a: Gavi\u00e3o!|0 fnt\n|faint|p2a: Gavi\u00e3o!\n|-ability|p1b: Calyrex|Grim Neigh|boost\n|-boost|p1b: Calyrex|spa|1\n|\n|-weather|none\n|-heal|p2b: Fuma\u00e7a!|42/100|[from] item: Leftovers\n|-damage|p1b: Calyrex|63/100 psn|[from] psn\n|upkeep\n|\n|t:|1774139357\n|switch|p2a: Pocot\u00f3!|Calyrex-Shadow, L50|100/100\n|-ability|p2a: Pocot\u00f3!|As One\n|-ability|p2a: Pocot\u00f3!|Unnerve\n|turn|6\n|j| thewalraingoats\n|l| thewalraingoats\n|\n|t:|1774139375\n|move|p1b: Calyrex|Protect|p1b: Calyrex\n|-singleturn|p1b: Calyrex|Protect\n|move|p2a: Pocot\u00f3!|Protect|p2a: Pocot\u00f3!\n|-singleturn|p2a: Pocot\u00f3!|Protect\n|move|p2b: Fuma\u00e7a!|Protect||[still]\n|-fail|p2b: Fuma\u00e7a!\n|move|p1a: Rillaboom|U-turn|p2a: Pocot\u00f3!\n|-activate|p2a: Pocot\u00f3!|move: Protect\n|\n|-heal|p2b: Fuma\u00e7a!|48/100|[from] item: Leftovers\n|-damage|p1b: Calyrex|51/100 psn|[from] psn\n|upkeep\n|turn|7\n|inactive|4Test4 has 30 seconds left.\n|\n|t:|1774139402\n|move|p2a: Pocot\u00f3!|Astral Barrage|p1a: Rillaboom|[spread] p1a,p1b\n|-supereffective|p1b: Calyrex\n|-damage|p1a: Rillaboom|65/100\n|-damage|p1b: Calyrex|0 fnt\n|faint|p1b: Calyrex\n|-ability|p2a: Pocot\u00f3!|Grim Neigh|boost\n|-boost|p2a: Pocot\u00f3!|spa|1\n|move|p1a: Rillaboom|U-turn|p2a: Pocot\u00f3!\n|-damage|p2a: Pocot\u00f3!|70/100\n|\n|t:|1774139407\n|switch|p1a: Amoonguss|Amoonguss, L50, F, tera:Water|100/100|[from] U-turn\n|move|p2b: Fuma\u00e7a!|Dazzling Gleam|p1a: Amoonguss\n|-damage|p1a: Amoonguss|79/100\n|\n|-heal|p2b: Fuma\u00e7a!|54/100|[from] item: Leftovers\n|upkeep\n|\n|t:|1774139409\n|switch|p1b: Rillaboom|Rillaboom, L50, M|65/100\n|turn|8\n|\n|t:|1774139428\n|move|p2a: Pocot\u00f3!|Protect|p2a: Pocot\u00f3!\n|-singleturn|p2a: Pocot\u00f3!|Protect\n|move|p2b: Fuma\u00e7a!|Protect|p2b: Fuma\u00e7a!\n|-singleturn|p2b: Fuma\u00e7a!|Protect\n|move|p1b: Rillaboom|Wood Hammer|p2a: Pocot\u00f3!\n|-activate|p2a: Pocot\u00f3!|move: Protect\n|move|p1a: Amoonguss|Spore|p2a: Pocot\u00f3!\n|-activate|p2a: Pocot\u00f3!|move: Protect\n|\n|-heal|p2b: Fuma\u00e7a!|60/100|[from] item: Leftovers\n|upkeep\n|turn|9\n|l| Centiskorch18\n|inactive|4Test4 has 30 seconds left.\n|inactive|4Test4 has 20 seconds left.\n|inactive|4Test4 has 15 seconds left.\n|\n|t:|1774139470\n|move|p2a: Pocot\u00f3!|Pollen Puff|p1b: Rillaboom\n|-supereffective|p1b: Rillaboom\n|-damage|p1b: Rillaboom|0 fnt\n|faint|p1b: Rillaboom\n|-ability|p2a: Pocot\u00f3!|Grim Neigh|boost\n|-boost|p2a: Pocot\u00f3!|spa|1\n|move|p2b: Fuma\u00e7a!|Poison Gas|p1a: Amoonguss\n|-status|p1a: Amoonguss|psn\n|move|p1a: Amoonguss|Pollen Puff|p1: Rillaboom|[notarget]\n|-fail|p1a: Amoonguss\n|\n|-heal|p2b: Fuma\u00e7a!|66/100|[from] item: Leftovers\n|-damage|p1a: Amoonguss|66/100 psn|[from] psn\n|upkeep\n|turn|10\n|-message|ColaDeMankey forfeited.\n|\n|win|4Test4\n|n|\u2606ColaDeMankey|colademankey\n|n|\u26064Test4|4test4\n|n| aurora ltd|auroraltd\n|n| ray_on_1248_|rayon1248\n|n| Wikdchikn|wikdchikn\n|n| GoogleDad|googledad\n|l|\u2606ColaDeMankey\n|player|p1|\n|l| Wikdchikn\n|l| ray_on_1248_\n|l| GoogleDad\n|l|\u26064Test4\n|player|p2|\n","uploadtime":1774139648,"views":10,"formatid":"gen9vgc2026regi","rating":null,"private":0,"password":null}