{"id":"gen9vgc2026regi-2575796245","format":"[Gen 9] VGC 2026 Reg I","players":["sun tr guy","Harry Koekenpan"],"log":"|j|\u2606sun tr guy\n|j|\u2606Harry Koekenpan\n|t:|1775401597\n|gametype|doubles\n|player|p1|sun tr guy|turo|1390\n|player|p2|Harry Koekenpan|1|1444\n|gen|9\n|tier|[Gen 9] VGC 2026 Reg I\n|rated|\n|rule|Species Clause: Limit one of each Pok\u00e9mon\n|rule|Item Clause: Limit 1 of each item\n|clearpoke\n|poke|p1|Calyrex-Ice, L50|\n|poke|p1|Grimmsnarl, L50, M|\n|poke|p1|Roaring Moon, L50|\n|poke|p1|Reshiram, L50|\n|poke|p1|Rillaboom, L50, M|\n|poke|p1|Urshifu-*, L50, M|\n|poke|p2|Weezing-Galar, L50, M|\n|poke|p2|Calyrex-Shadow, L50|\n|poke|p2|Regigigas, L50|\n|poke|p2|Tatsugiri, L50, M|\n|poke|p2|Dondozo, L50, F|\n|poke|p2|Koraidon, L50|\n|teampreview|4\n|inactive|Battle timer is ON: inactive players will automatically lose when time's up. (requested by Harry Koekenpan)\n|inactive|sun tr guy has 60 seconds left.\n|\n|t:|1775401640\n|teamsize|p1|4\n|teamsize|p2|4\n|start\n|switch|p1a: Roaring Moon|Roaring Moon, L50|100/100\n|switch|p1b: Calyrex|Calyrex-Ice, L50|100/100\n|switch|p2a: Weezing|Weezing-Galar, L50, M|100/100\n|switch|p2b: Regigigas|Regigigas, L50|100/100\n|-ability|p2a: Weezing|Neutralizing Gas\n|-ability|p1b: Calyrex|As One\n|-ability|p1b: Calyrex|Unnerve\n|turn|1\n|\n|t:|1775401664\n|move|p1b: Calyrex|Protect|p1b: Calyrex\n|-singleturn|p1b: Calyrex|Protect\n|move|p2b: Regigigas|Double-Edge|p1a: Roaring Moon\n|-damage|p1a: Roaring Moon|28/100\n|-damage|p2b: Regigigas|73/100|[from] Recoil\n|move|p1a: Roaring Moon|Knock Off|p2b: Regigigas\n|-damage|p2b: Regigigas|29/100\n|-enditem|p2b: Regigigas|Choice Scarf|[from] move: Knock Off|[of] p1a: Roaring Moon\n|move|p2a: Weezing|Poison Gas|p1b: Calyrex|[spread] p1a\n|-activate|p1b: Calyrex|move: Protect\n|-status|p1a: Roaring Moon|psn\n|\n|-damage|p1a: Roaring Moon|16/100 psn|[from] psn\n|upkeep\n|turn|2\n|\n|t:|1775401686\n|move|p1a: Roaring Moon|Tailwind|p1a: Roaring Moon\n|-sidestart|p1: sun tr guy|move: Tailwind\n|move|p2b: Regigigas|Knock Off|p1b: Calyrex\n|-supereffective|p1b: Calyrex\n|-damage|p1b: Calyrex|49/100\n|-enditem|p1b: Calyrex|Clear Amulet|[from] move: Knock Off|[of] p2b: Regigigas\n|move|p1b: Calyrex|Glacial Lance|p2a: Weezing|[spread] p2a,p2b\n|-damage|p2a: Weezing|46/100\n|-damage|p2b: Regigigas|0 fnt\n|faint|p2b: Regigigas\n|-end|p2b: Regigigas|Slow Start|[silent]\n|-ability|p1b: Calyrex|Chilling Neigh|boost\n|-boost|p1b: Calyrex|atk|1\n|move|p2a: Weezing|Poison Gas|p1b: Calyrex|[spread] p1b\n|-miss|p2a: Weezing|p1a: Roaring Moon\n|-status|p1b: Calyrex|psn\n|\n|-damage|p1a: Roaring Moon|3/100 psn|[from] psn\n|-damage|p1b: Calyrex|37/100 psn|[from] psn\n|upkeep\n|\n|t:|1775401710\n|switch|p2b: Koraidon|Koraidon, L50|100/100\n|turn|3\n|\n|t:|1775401726\n|move|p2b: Koraidon|Protect|p2b: Koraidon\n|-singleturn|p2b: Koraidon|Protect\n|move|p1b: Calyrex|Protect|p1b: Calyrex\n|-singleturn|p1b: Calyrex|Protect\n|move|p2a: Weezing|Protect|p2a: Weezing\n|-singleturn|p2a: Weezing|Protect\n|move|p1a: Roaring Moon|Knock Off|p2b: Koraidon\n|-activate|p2b: Koraidon|move: Protect\n|\n|-damage|p1a: Roaring Moon|0 fnt|[from] psn\n|faint|p1a: Roaring Moon\n|-end|p1a: Roaring Moon|Protosynthesis|[silent]\n|-damage|p1b: Calyrex|25/100 psn|[from] psn\n|upkeep\n|\n|t:|1775401735\n|switch|p1a: Rillaboom|Rillaboom, L50, M|100/100\n|turn|4\n|\n|t:|1775401755\n|-terastallize|p2b: Koraidon|Fire\n|move|p1a: Rillaboom|Fake Out|p2b: Koraidon\n|-damage|p2b: Koraidon|89/100\n|cant|p2b: Koraidon|flinch\n|move|p1b: Calyrex|Glacial Lance|p2b: Koraidon|[spread] p2a,p2b\n|-resisted|p2b: Koraidon\n|-damage|p2a: Weezing|0 fnt\n|-damage|p2b: Koraidon|47/100\n|faint|p2a: Weezing\n|-end|p2a: Weezing|ability: Neutralizing Gas\n|-fieldstart|move: Grassy Terrain|[from] ability: Grassy Surge|[of] p1a: Rillaboom\n|-weather|SunnyDay|[from] ability: Orichalcum Pulse|[of] p2b: Koraidon\n|-activate|p2b: Koraidon|Orichalcum Pulse|[source]\n|-ability|p1b: Calyrex|Chilling Neigh|boost\n|-boost|p1b: Calyrex|atk|1\n|\n|-weather|SunnyDay|[upkeep]\n|-heal|p2b: Koraidon|53/100|[from] Grassy Terrain\n|-heal|p1b: Calyrex|31/100 psn|[from] Grassy Terrain\n|-damage|p1b: Calyrex|19/100 psn|[from] psn\n|upkeep\n|\n|t:|1775401775\n|switch|p2a: Calyrex|Calyrex-Shadow, L50|100/100\n|-ability|p2a: Calyrex|As One\n|-ability|p2a: Calyrex|Unnerve\n|turn|5\n|inactive|sun tr guy has 30 seconds left.\n|c|\u2606sun tr guy|y didn't i click tr\n|inactive|sun tr guy has 20 seconds left.\n|\n|t:|1775401811\n|switch|p1b: Grimmsnarl|Grimmsnarl, L50, M|100/100\n|move|p2a: Calyrex|Protect|p2a: Calyrex\n|-singleturn|p2a: Calyrex|Protect\n|move|p2b: Koraidon|Protect|p2b: Koraidon\n|-singleturn|p2b: Koraidon|Protect\n|move|p1a: Rillaboom|Grassy Glide|p2a: Calyrex\n|-activate|p2a: Calyrex|move: Protect\n|\n|-weather|SunnyDay|[upkeep]\n|-heal|p2b: Koraidon|59/100|[from] Grassy Terrain\n|-sideend|p1: sun tr guy|move: Tailwind\n|upkeep\n|turn|6\n|inactive|Harry Koekenpan has 30 seconds left.\n|inactive|Harry Koekenpan has 20 seconds left.\n|inactive|Harry Koekenpan has 15 seconds left.\n|\n|t:|1775401854\n|-terastallize|p1a: Rillaboom|Water\n|move|p1a: Rillaboom|Grassy Glide|p2a: Calyrex\n|-damage|p2a: Calyrex|59/100\n|move|p1b: Grimmsnarl|Light Screen|p1b: Grimmsnarl\n|-sidestart|p1: sun tr guy|move: Light Screen\n|move|p2a: Calyrex|Astral Barrage|p1a: Rillaboom|[spread] p1a,p1b\n|-resisted|p1b: Grimmsnarl\n|-damage|p1a: Rillaboom|72/100\n|-damage|p1b: Grimmsnarl|79/100\n|-damage|p2a: Calyrex|49/100|[from] item: Life Orb\n|move|p2b: Koraidon|Flare Blitz|p1a: Rillaboom\n|-resisted|p1a: Rillaboom\n|-damage|p1a: Rillaboom|8/100\n|-damage|p2b: Koraidon|35/100|[from] Recoil\n|\n|-weather|SunnyDay|[upkeep]\n|-heal|p2a: Calyrex|56/100|[from] Grassy Terrain\n|-heal|p2b: Koraidon|41/100|[from] Grassy Terrain\n|-heal|p1a: Rillaboom|14/100|[from] Grassy Terrain\n|-heal|p1b: Grimmsnarl|85/100|[from] Grassy Terrain\n|upkeep\n|turn|7\n|inactive|Harry Koekenpan has 30 seconds left.\n|\n|t:|1775401883\n|move|p2a: Calyrex|Protect|p2a: Calyrex\n|-singleturn|p2a: Calyrex|Protect\n|move|p1a: Rillaboom|Grassy Glide|p2a: Calyrex\n|-activate|p2a: Calyrex|move: Protect\n|move|p1b: Grimmsnarl|Thunder Wave|p2b: Koraidon|[miss]\n|-miss|p1b: Grimmsnarl|p2b: Koraidon\n|move|p2b: Koraidon|Collision Course|p1a: Rillaboom\n|-damage|p1a: Rillaboom|0 fnt\n|faint|p1a: Rillaboom\n|\n|-weather|SunnyDay|[upkeep]\n|-heal|p2a: Calyrex|62/100|[from] Grassy Terrain\n|-heal|p2b: Koraidon|47/100|[from] Grassy Terrain\n|-heal|p1b: Grimmsnarl|91/100|[from] Grassy Terrain\n|upkeep\n|\n|t:|1775401892\n|switch|p1a: Calyrex|Calyrex-Ice, L50|19/100 psn\n|-ability|p1a: Calyrex|As One\n|-ability|p1a: Calyrex|Unnerve\n|turn|8\n|\n|t:|1775401911\n|move|p1a: Calyrex|Protect|p1a: Calyrex\n|-singleturn|p1a: Calyrex|Protect\n|move|p1b: Grimmsnarl|Thunder Wave|p2b: Koraidon\n|-status|p2b: Koraidon|par\n|move|p2a: Calyrex|Astral Barrage|p1a: Calyrex|[spread] p1b\n|-activate|p1a: Calyrex|move: Protect\n|-resisted|p1b: Grimmsnarl\n|-damage|p1b: Grimmsnarl|68/100\n|-damage|p2a: Calyrex|52/100|[from] item: Life Orb\n|move|p2b: Koraidon|Flame Charge|p1a: Calyrex\n|-activate|p1a: Calyrex|move: Protect\n|\n|-weather|none\n|-heal|p2a: Calyrex|58/100|[from] Grassy Terrain\n|-heal|p2b: Koraidon|53/100 par|[from] Grassy Terrain\n|-heal|p1b: Grimmsnarl|74/100|[from] Grassy Terrain\n|-heal|p1a: Calyrex|25/100 psn|[from] Grassy Terrain\n|-damage|p1a: Calyrex|13/100 psn|[from] psn\n|-fieldend|move: Grassy Terrain\n|upkeep\n|turn|9\n|\n|t:|1775401932\n|move|p1b: Grimmsnarl|Thunder Wave|p2a: Calyrex\n|-status|p2a: Calyrex|par\n|move|p2a: Calyrex|Astral Barrage|p1b: Grimmsnarl|[spread] p1a,p1b\n|-supereffective|p1a: Calyrex\n|-resisted|p1b: Grimmsnarl\n|-damage|p1a: Calyrex|0 fnt\n|-damage|p1b: Grimmsnarl|51/100\n|faint|p1a: Calyrex\n|-ability|p2a: Calyrex|Grim Neigh|boost\n|-boost|p2a: Calyrex|spa|1\n|-damage|p2a: Calyrex|49/100 par|[from] item: Life Orb\n|cant|p2b: Koraidon|par\n|\n|upkeep\n|turn|10\n|\n|t:|1775401949\n|cant|p2a: Calyrex|par\n|cant|p2b: Koraidon|par\n|move|p1b: Grimmsnarl|Spirit Break|p2a: Calyrex\n|-damage|p2a: Calyrex|11/100 par\n|-unboost|p2a: Calyrex|spa|1\n|\n|upkeep\n|turn|11\n|\n|t:|1775401959\n|cant|p2a: Calyrex|par\n|cant|p2b: Koraidon|par\n|move|p1b: Grimmsnarl|Spirit Break|p2a: Calyrex\n|-damage|p2a: Calyrex|0 fnt\n|faint|p2a: Calyrex\n|\n|upkeep\n|turn|12\n|\n|t:|1775401972\n|move|p1b: Grimmsnarl|Reflect|p1b: Grimmsnarl\n|-sidestart|p1: sun tr guy|Reflect\n|cant|p2b: Koraidon|par\n|\n|upkeep\n|turn|13\n|\n|t:|1775401977\n|move|p2b: Koraidon|Flame Charge|p1b: Grimmsnarl\n|-damage|p1b: Grimmsnarl|27/100\n|-boost|p2b: Koraidon|spe|1\n|move|p1b: Grimmsnarl|Spirit Break|p2b: Koraidon\n|-resisted|p2b: Koraidon\n|-damage|p2b: Koraidon|40/100 par\n|\n|-sideend|p1: sun tr guy|move: Light Screen\n|upkeep\n|turn|14\n|c|\u2606sun tr guy|0_0\n|\n|t:|1775401985\n|cant|p2b: Koraidon|par\n|move|p1b: Grimmsnarl|Spirit Break|p2b: Koraidon\n|-resisted|p2b: Koraidon\n|-damage|p2b: Koraidon|27/100 par\n|\n|upkeep\n|turn|15\n|\n|t:|1775401991\n|move|p2b: Koraidon|Flare Blitz|p1b: Grimmsnarl\n|-damage|p1b: Grimmsnarl|0 fnt\n|faint|p1b: Grimmsnarl\n|-damage|p2b: Koraidon|16/100 par|[from] Recoil\n|\n|win|Harry Koekenpan\n|raw|sun tr guy's rating: 1390 &rarr; <strong>1373</strong><br />(-17 for losing)\n|raw|Harry Koekenpan's rating: 1444 &rarr; <strong>1461</strong><br />(+17 for winning)\n|c|\u2606sun tr guy|4 paras in a row\n|c|\u2606sun tr guy|and I still lose lol\n|c|\u2606Harry Koekenpan|crazy\n","uploadtime":1775402001,"views":20,"formatid":"gen9vgc2026regi","rating":1373,"private":0,"password":null}