{"id":"gen9vgc2026regi-2546710386","format":"[Gen 9] VGC 2026 Reg I","players":["smartyff","Tb0lt"],"log":"|j|\u2606smartyff\n|j|\u2606Tb0lt\n|t:|1771997805\n|gametype|doubles\n|player|p1|smartyff|265|\n|player|p2|Tb0lt|#tb0lt|\n|gen|9\n|tier|[Gen 9] VGC 2026 Reg I\n|rated|Tournament battle\n|rule|Species Clause: Limit one of each Pok\u00e9mon\n|rule|Item Clause: Limit 1 of each item\n|raw|<div class=\"infobox\"><details class=\"readmore\" open><summary><strong>3 custom rules:</strong></summary> Open Team Sheets, Force Open Team Sheets, !Open Team Sheets</details></div>\n|clearpoke\n|poke|p1|Grimmsnarl, L50, M|\n|poke|p1|Iron Hands, L50|\n|poke|p1|Miraidon, L50|\n|poke|p1|Ho-Oh, L50|\n|poke|p1|Farigiraf, L50, M|\n|poke|p1|Ursaluna, L50, M|\n|poke|p2|Miraidon, L50|\n|poke|p2|Lunala, L50|\n|poke|p2|Ursaluna, L50, F|\n|poke|p2|Incineroar, L50, F|\n|poke|p2|Urshifu-*, L50, F|\n|poke|p2|Whimsicott, L50, F|\n|teampreview|4\n|showteam|p1|Grimmsnarl||LightClay|Prankster|SpiritBreak,LightScreen,Reflect,PartingShot|||M|||50|,,,,,Ghost]Iron Hands||AssaultVest|QuarkDrive|DrainPunch,LowKick,FakeOut,WildCharge||||||50|,,,,,Bug]Miraidon||ChoiceSpecs|HadronEngine|ElectroDrift,DracoMeteor,DazzlingGleam,VoltSwitch||||||50|,,,,,Fairy]Ho-Oh||Leftovers|Regenerator|BraveBird,SacredFire,Tailwind,Protect||||||50|,,,,,Grass]Farigiraf||ElectricSeed|ArmorTail|PsychicNoise,FoulPlay,TrickRoom,HelpingHand|||M|||50|,,,,,Water]Ursaluna||FlameOrb|Guts|Facade,HeadlongRush,Earthquake,Protect|||M|||50|,,,,,Ghost\n|showteam|p2|Miraidon||ChoiceSpecs|HadronEngine|ElectroDrift,DracoMeteor,VoltSwitch,DazzlingGleam||||||50|,,,,,Fairy]Lunala||ElectricSeed|ShadowShield|MoongeistBeam,Moonblast,WideGuard,TrickRoom||||||50|,,,,,Fairy]Ursaluna||FlameOrb|Guts|Facade,HeadlongRush,Earthquake,Protect|||F|||50|,,,,,Ghost]Incineroar||AssaultVest|Intimidate|FlareBlitz,KnockOff,FakeOut,Uturn|||F|||50|,,,,,Bug]Urshifu-Rapid-Strike||FocusSash|UnseenFist|SurgingStrikes,CloseCombat,Detect,Taunt|||F|||50|,,,,,Water]Whimsicott||CovertCloak|Prankster|Moonblast,Tailwind,Encore,LightScreen|||F|||50|,,,,,Dark\n|c|\u2606Tb0lt|hf\n|inactive|Battle timer is ON: inactive players will automatically lose when time's up. (requested by smartyff)\n|j| LanternComic\n|c|\u2606smartyff|glhf\n|j| Ali_0011\n|j| TG511\n|j| blaoh123\n|j| missouri mott\n|inactive|smartyff has 60 seconds left.\n|inactive|Tb0lt has 60 seconds left.\n|j| GoogleDad\n|j| howdy12345\n|\n|t:|1771997861\n|teamsize|p1|4\n|teamsize|p2|4\n|start\n|switch|p1a: Grimmsnarl|Grimmsnarl, L50, M|100/100\n|switch|p1b: Miraidon|Miraidon, L50|100/100\n|switch|p2a: Incineroar|Incineroar, L50, F|100/100\n|switch|p2b: Urshifu|Urshifu-Rapid-Strike, L50, F|100/100\n|-fieldstart|move: Electric Terrain|[from] ability: Hadron Engine|[of] p1b: Miraidon\n|-ability|p2a: Incineroar|Intimidate|boost\n|-unboost|p1a: Grimmsnarl|atk|1\n|-unboost|p1b: Miraidon|atk|1\n|turn|1\n|inactive|smartyff has 30 seconds left.\n|inactive|Tb0lt has 30 seconds left.\n|inactive|smartyff has 20 seconds left.\n|inactive|smartyff has 15 seconds left.\n|\n|t:|1771997902\n|switch|p1a: Farigiraf|Farigiraf, L50, M|100/100\n|-enditem|p1a: Farigiraf|Electric Seed\n|-boost|p1a: Farigiraf|def|1|[from] item: Electric Seed\n|move|p2a: Incineroar|Fake Out||[still]\n|cant|p1a: Farigiraf|ability: Armor Tail|Fake Out|[of] p2a: Incineroar\n|move|p1b: Miraidon|Volt Switch|p2b: Urshifu\n|-supereffective|p2b: Urshifu\n|-enditem|p2b: Urshifu|Focus Sash\n|-damage|p2b: Urshifu|1/100\n|\n|t:|1771997914\n|switch|p1b: Iron Hands|Iron Hands, L50|100/100|[from] Volt Switch\n|-activate|p1b: Iron Hands|ability: Quark Drive\n|-start|p1b: Iron Hands|quarkdriveatk\n|move|p2b: Urshifu|Surging Strikes|p1a: Farigiraf\n|-crit|p1a: Farigiraf\n|-damage|p1a: Farigiraf|82/100\n|-crit|p1a: Farigiraf\n|-damage|p1a: Farigiraf|64/100\n|-crit|p1a: Farigiraf\n|-damage|p1a: Farigiraf|45/100\n|-hitcount|p1a: Farigiraf|3\n|\n|upkeep\n|turn|2\n|inactive|smartyff has 30 seconds left.\n|inactive|Tb0lt has 30 seconds left.\n|\n|t:|1771997945\n|switch|p2a: Lunala|Lunala, L50|100/100\n|-enditem|p2a: Lunala|Electric Seed\n|-boost|p2a: Lunala|def|1|[from] item: Electric Seed\n|move|p1a: Farigiraf|Helping Hand|p1b: Iron Hands\n|-singleturn|p1b: Iron Hands|Helping Hand|[of] p1a: Farigiraf\n|move|p2b: Urshifu|Detect|p2b: Urshifu\n|-singleturn|p2b: Urshifu|Protect\n|move|p1b: Iron Hands|Wild Charge|p2a: Lunala\n|-damage|p2a: Lunala|70/100\n|-damage|p1b: Iron Hands|93/100|[from] Recoil\n|\n|upkeep\n|turn|3\n|inactive|smartyff has 30 seconds left.\n|inactive|Tb0lt has 30 seconds left.\n|inactive|Tb0lt has 20 seconds left.\n|inactive|Tb0lt has 15 seconds left.\n|\n|t:|1771997990\n|switch|p1a: Grimmsnarl|Grimmsnarl, L50, M|100/100\n|move|p2b: Urshifu|Surging Strikes|p1b: Iron Hands\n|-crit|p1b: Iron Hands\n|-damage|p1b: Iron Hands|77/100\n|-crit|p1b: Iron Hands\n|-damage|p1b: Iron Hands|61/100\n|-crit|p1b: Iron Hands\n|-damage|p1b: Iron Hands|43/100\n|-hitcount|p1b: Iron Hands|3\n|move|p2a: Lunala|Moonblast|p1b: Iron Hands\n|-supereffective|p1b: Iron Hands\n|-damage|p1b: Iron Hands|10/100\n|move|p1b: Iron Hands|Low Kick|p2b: Urshifu\n|-damage|p2b: Urshifu|0 fnt\n|faint|p2b: Urshifu\n|\n|upkeep\n|\n|t:|1771998000\n|switch|p2b: Incineroar|Incineroar, L50, F|100/100\n|-ability|p2b: Incineroar|Intimidate|boost\n|-unboost|p1a: Grimmsnarl|atk|1\n|-unboost|p1b: Iron Hands|atk|1\n|turn|4\n|l| GoogleDad\n|\n|t:|1771998009\n|-end|p1b: Iron Hands|Quark Drive|[silent]\n|switch|p1b: Farigiraf|Farigiraf, L50, M|45/100\n|move|p2b: Incineroar|Fake Out||[still]\n|cant|p1b: Farigiraf|ability: Armor Tail|Fake Out|[of] p2b: Incineroar\n|move|p1a: Grimmsnarl|Parting Shot|p2a: Lunala\n|-unboost|p2a: Lunala|atk|1\n|-unboost|p2a: Lunala|spa|1\n|\n|t:|1771998016\n|switch|p1a: Iron Hands|Iron Hands, L50|10/100|[from] Parting Shot\n|-activate|p1a: Iron Hands|ability: Quark Drive\n|-start|p1a: Iron Hands|quarkdriveatk\n|move|p2a: Lunala|Trick Room|p2a: Lunala\n|-fieldstart|move: Trick Room|[of] p2a: Lunala\n|\n|upkeep\n|turn|5\n|j| X2Muz\n|j| TastieGaming\n|j| GoogleDad\n|inactive|smartyff has 30 seconds left.\n|j| Rainpelt103\n|l| Rainpelt103\n|inactive|smartyff has 20 seconds left.\n|inactive|smartyff has 15 seconds left.\n|\n|t:|1771998061\n|switch|p2a: Ursaluna|Ursaluna, L50, F|100/100\n|move|p1a: Iron Hands|Drain Punch|p2b: Incineroar\n|-supereffective|p2b: Incineroar\n|-damage|p2b: Incineroar|9/100\n|-heal|p1a: Iron Hands|49/100|[from] drain|[of] p2b: Incineroar\n|move|p2b: Incineroar|U-turn|p1b: Farigiraf\n|-supereffective|p1b: Farigiraf\n|-damage|p1b: Farigiraf|15/100\n|\n|t:|1771998069\n|switch|p2b: Lunala|Lunala, L50|70/100|[from] U-turn\n|move|p1b: Farigiraf|Trick Room|p1b: Farigiraf\n|-fieldend|move: Trick Room\n|\n|-fieldend|move: Electric Terrain\n|-end|p1a: Iron Hands|Quark Drive\n|-status|p2a: Ursaluna|brn|[from] item: Flame Orb\n|upkeep\n|turn|6\n|j| MajorStar\n|inactive|smartyff has 30 seconds left.\n|\n|t:|1771998102\n|-terastallize|p1a: Iron Hands|Bug\n|move|p1b: Farigiraf|Helping Hand|p1a: Iron Hands\n|-singleturn|p1a: Iron Hands|Helping Hand|[of] p1b: Farigiraf\n|move|p2a: Ursaluna|Protect|p2a: Ursaluna\n|-singleturn|p2a: Ursaluna|Protect\n|move|p2b: Lunala|Moonblast|p1a: Iron Hands\n|-damage|p1a: Iron Hands|30/100\n|-unboost|p1a: Iron Hands|spa|1\n|move|p1a: Iron Hands|Wild Charge|p2b: Lunala\n|-damage|p2b: Lunala|15/100\n|-damage|p1a: Iron Hands|16/100|[from] Recoil\n|\n|-damage|p2a: Ursaluna|95/100 brn|[from] brn\n|upkeep\n|turn|7\n|\n|t:|1771998119\n|switch|p2a: Incineroar|Incineroar, L50, F|9/100\n|-ability|p2a: Incineroar|Intimidate|boost\n|-unboost|p1a: Iron Hands|atk|1\n|-unboost|p1b: Farigiraf|atk|1\n|move|p1b: Farigiraf|Foul Play|p2b: Lunala\n|-supereffective|p2b: Lunala\n|-damage|p2b: Lunala|0 fnt\n|faint|p2b: Lunala\n|move|p1a: Iron Hands|Wild Charge|p2a: Incineroar\n|-damage|p2a: Incineroar|0 fnt\n|faint|p2a: Incineroar\n|-damage|p1a: Iron Hands|14/100|[from] Recoil\n|\n|upkeep\n|\n|t:|1771998123\n|switch|p2b: Ursaluna|Ursaluna, L50, F|95/100 brn\n|turn|8\n|\n|t:|1771998132\n|move|p1b: Farigiraf|Helping Hand|p1a: Iron Hands\n|-singleturn|p1a: Iron Hands|Helping Hand|[of] p1b: Farigiraf\n|move|p1a: Iron Hands|Low Kick|p2b: Ursaluna\n|-supereffective|p2b: Ursaluna\n|-damage|p2b: Ursaluna|0 fnt\n|faint|p2b: Ursaluna\n|\n|win|smartyff\n|n|\u2606smartyff|smartyff\n|n|\u2606Tb0lt|tb0lt\n|n| LanternComic|lanterncomic\n|n| Ali_0011|ali0011\n|n| TG511|tg511\n|n| blaoh123|blaoh123\n|n| missouri mott|missourimott\n|n| howdy12345|howdy12345\n|n| X2Muz|x2muz\n|n| TastieGaming|tastiegaming\n|n| GoogleDad|googledad\n|n| MajorStar|majorstar\n","uploadtime":1771998132,"views":13,"formatid":"gen9vgc2026regi","rating":null,"private":0,"password":null}