{"id":"gen9vgc2026regi-2573397583","format":"[Gen 9] VGC 2026 Reg I","players":["KantineVGC","randomcatFFR"],"log":"|j|\u2606KantineVGC\n|j|\u2606randomcatFFR\n|t:|1775132498\n|gametype|doubles\n|player|p1|KantineVGC|roughneck-gen4|1440\n|player|p2|randomcatFFR|bugcatcher-gen4dp|1501\n|gen|9\n|tier|[Gen 9] VGC 2026 Reg I\n|rated|\n|rule|Species Clause: Limit one of each Pok\u00e9mon\n|rule|Item Clause: Limit 1 of each item\n|clearpoke\n|poke|p1|Terapagos, L50, M|\n|poke|p1|Volcarona, L50, M|\n|poke|p1|Rillaboom, L50, F|\n|poke|p1|Raging Bolt, L50|\n|poke|p1|Urshifu-*, L50, M|\n|poke|p1|Calyrex-Ice, L50|\n|poke|p2|Miraidon, L50|\n|poke|p2|Lunala, L50|\n|poke|p2|Whimsicott, L50, F|\n|poke|p2|Urshifu-*, L50, M|\n|poke|p2|Incineroar, L50, F|\n|poke|p2|Ursaluna, L50, M|\n|teampreview|4\n|c|\u2606randomcatFFR|//adoff\n|c|\u2606randomcatFFR|//adoff\n|c|\u2606KantineVGC|Afd\n|\n|t:|1775132575\n|teamsize|p1|4\n|teamsize|p2|4\n|start\n|switch|p1a: Volcarona|Volcarona, L50, M|100/100\n|switch|p1b: Rillaboom|Rillaboom, L50, F|100/100\n|switch|p2a: Urshifu|Urshifu-Rapid-Strike, L50, M|100/100\n|switch|p2b: Miraidon|Miraidon, L50|100/100\n|-fieldstart|move: Electric Terrain|[from] ability: Hadron Engine|[of] p2b: Miraidon\n|-fieldstart|move: Grassy Terrain|[from] ability: Grassy Surge|[of] p1b: Rillaboom\n|turn|1\n|c|\u2606randomcatFFR|oh\n|c|\u2606randomcatFFR|thx\n|c|\u2606KantineVGC|xd\n|l|\u2606randomcatFFR\n|player|p2|\n|j|\u2606randomcatFFR\n|player|p2|randomcatFFR|bugcatcher-gen4dp|\n|\n|t:|1775132662\n|move|p1b: Rillaboom|Fake Out|p2a: Urshifu\n|-damage|p2a: Urshifu|88/100\n|move|p2b: Miraidon|Draco Meteor|p1b: Rillaboom\n|-damage|p1b: Rillaboom|47/100\n|-unboost|p2b: Miraidon|spa|2\n|-damage|p2b: Miraidon|91/100|[from] item: Life Orb\n|move|p1a: Volcarona|Quiver Dance|p1a: Volcarona\n|-boost|p1a: Volcarona|spa|1\n|-boost|p1a: Volcarona|spd|1\n|-boost|p1a: Volcarona|spe|1\n|cant|p2a: Urshifu|flinch\n|\n|-heal|p2b: Miraidon|97/100|[from] Grassy Terrain\n|-heal|p2a: Urshifu|93/100|[from] Grassy Terrain\n|-heal|p1b: Rillaboom|53/100|[from] Grassy Terrain\n|upkeep\n|turn|2\n|\n|t:|1775132692\n|switch|p2a: Incineroar|Incineroar, L50, F|100/100\n|-ability|p2a: Incineroar|Intimidate|boost\n|-unboost|p1a: Volcarona|atk|1\n|-unboost|p1b: Rillaboom|atk|1\n|-terastallize|p1a: Volcarona|Grass\n|move|p1a: Volcarona|Quiver Dance|p1a: Volcarona\n|-boost|p1a: Volcarona|spa|1\n|-boost|p1a: Volcarona|spd|1\n|-boost|p1a: Volcarona|spe|1\n|move|p2b: Miraidon|Volt Switch|p1b: Rillaboom\n|-resisted|p1b: Rillaboom\n|-damage|p1b: Rillaboom|45/100\n|-damage|p2b: Miraidon|87/100|[from] item: Life Orb\n|\n|t:|1775132700\n|switch|p2b: Urshifu|Urshifu-Rapid-Strike, L50, M|93/100|[from] Volt Switch\n|move|p1b: Rillaboom|U-turn|p2b: Urshifu\n|-resisted|p2b: Urshifu\n|-damage|p2b: Urshifu|86/100\n|\n|t:|1775132714\n|switch|p1b: Terapagos|Terapagos, L50, M|100/100|[from] U-turn\n|-activate|p1b: Terapagos|ability: Tera Shift\n|detailschange|p1b: Terapagos|Terapagos-Terastal, L50, M\n|-heal|p1b: Terapagos|100/100|[silent]\n|\n|-heal|p2b: Urshifu|92/100|[from] Grassy Terrain\n|upkeep\n|turn|3\n|\n|t:|1775132730\n|switch|p1b: Rillaboom|Rillaboom, L50, F|45/100\n|move|p2a: Incineroar|Fake Out|p1a: Volcarona\n|-damage|p1a: Volcarona|90/100\n|move|p1a: Volcarona|Fiery Dance|p2b: Urshifu\n|-resisted|p2b: Urshifu\n|-damage|p2b: Urshifu|43/100\n|move|p2b: Urshifu|Close Combat|p1a: Volcarona\n|-damage|p1a: Volcarona|0 fnt\n|-unboost|p2b: Urshifu|def|1\n|-unboost|p2b: Urshifu|spd|1\n|faint|p1a: Volcarona\n|\n|-heal|p2b: Urshifu|49/100|[from] Grassy Terrain\n|-heal|p1b: Rillaboom|51/100|[from] Grassy Terrain\n|upkeep\n|\n|t:|1775132743\n|switch|p1a: Terapagos|Terapagos-Terastal, L50, M|100/100\n|turn|4\n|\n|t:|1775132768\n|move|p2b: Urshifu|Close Combat|p1a: Terapagos\n|-activate|p1a: Terapagos|ability: Tera Shell\n|-resisted|p1a: Terapagos\n|-damage|p1a: Terapagos|55/100\n|-unboost|p2b: Urshifu|def|1\n|-unboost|p2b: Urshifu|spd|1\n|move|p2a: Incineroar|Flare Blitz|p1b: Rillaboom\n|-supereffective|p1b: Rillaboom\n|-damage|p1b: Rillaboom|0 fnt\n|faint|p1b: Rillaboom\n|-damage|p2a: Incineroar|83/100|[from] Recoil\n|move|p1a: Terapagos|Meteor Beam||[still]\n|-prepare|p1a: Terapagos|Meteor Beam\n|-boost|p1a: Terapagos|spa|1\n|-enditem|p1a: Terapagos|Power Herb\n|-anim|p1a: Terapagos|Meteor Beam|p2a: Incineroar\n|-supereffective|p2a: Incineroar\n|-damage|p2a: Incineroar|8/100\n|\n|-heal|p2b: Urshifu|55/100|[from] Grassy Terrain\n|-heal|p2a: Incineroar|14/100|[from] Grassy Terrain\n|-heal|p1a: Terapagos|61/100|[from] Grassy Terrain\n|upkeep\n|\n|t:|1775132783\n|switch|p1b: Calyrex|Calyrex-Ice, L50|100/100\n|-ability|p1b: Calyrex|As One\n|-ability|p1b: Calyrex|Unnerve\n|turn|5\n|\n|t:|1775132791\n|move|p2b: Urshifu|Close Combat|p1a: Terapagos\n|-supereffective|p1a: Terapagos\n|-damage|p1a: Terapagos|0 fnt\n|-unboost|p2b: Urshifu|def|1\n|-unboost|p2b: Urshifu|spd|1\n|faint|p1a: Terapagos\n|move|p2a: Incineroar|Flare Blitz|p1b: Calyrex\n|-supereffective|p1b: Calyrex\n|-damage|p1b: Calyrex|43/100\n|-damage|p2a: Incineroar|0 fnt|[from] Recoil\n|faint|p2a: Incineroar\n|move|p1b: Calyrex|Glacial Lance|p2b: Urshifu\n|-resisted|p2b: Urshifu\n|-damage|p2b: Urshifu|0 fnt\n|faint|p2b: Urshifu\n|-ability|p1b: Calyrex|Chilling Neigh|boost\n|-boost|p1b: Calyrex|atk|1\n|\n|-heal|p1b: Calyrex|48/100|[from] Grassy Terrain\n|-heal|p1b: Calyrex|54/100|[from] item: Leftovers\n|-fieldend|move: Grassy Terrain\n|upkeep\n|\n|t:|1775132795\n|switch|p2b: Lunala|Lunala, L50|100/100\n|switch|p2a: Miraidon|Miraidon, L50|87/100\n|-fieldstart|move: Electric Terrain|[from] ability: Hadron Engine|[of] p2a: Miraidon\n|-enditem|p2b: Lunala|Electric Seed\n|-boost|p2b: Lunala|def|1|[from] item: Electric Seed\n|turn|6\n|c|\u2606randomcatFFR|gg\n|c|\u2606KantineVGC|random ahh spreads wtf\n|\n|t:|1775132809\n|-terastallize|p2a: Miraidon|Electric\n|move|p2a: Miraidon|Electro Drift|p1b: Calyrex\n|-damage|p1b: Calyrex|0 fnt\n|faint|p1b: Calyrex\n|-damage|p2a: Miraidon|78/100|[from] item: Life Orb\n|\n|win|randomcatFFR\n|raw|KantineVGC's rating: 1440 &rarr; <strong>1423</strong><br />(-17 for losing)\n|raw|randomcatFFR's rating: 1501 &rarr; <strong>1518</strong><br />(+17 for winning)\n|l|\u2606KantineVGC\n|player|p1|\n|l|\u2606randomcatFFR\n|player|p2|\n","uploadtime":1775132972,"views":12,"formatid":"gen9vgc2026regi","rating":1423,"private":0,"password":null}