{"id":"gen9vgc2026regi-2553703114","format":"[Gen 9] VGC 2026 Reg I","players":["Kwiper","KaiMVGC"],"log":"|j|\u2606Kwiper\n|j|\u2606KaiMVGC\n|t:|1772864117\n|gametype|doubles\n|player|p1|Kwiper|sycamore|1346\n|player|p2|KaiMVGC|boarder|1295\n|gen|9\n|tier|[Gen 9] VGC 2026 Reg I\n|rated|\n|rule|Species Clause: Limit one of each Pok\u00e9mon\n|rule|Item Clause: Limit 1 of each item\n|clearpoke\n|poke|p1|Koraidon, L50|\n|poke|p1|Lunala, L50|\n|poke|p1|Indeedee-F, L50, F|\n|poke|p1|Flutter Mane, L50|\n|poke|p1|Volcarona, L50, M|\n|poke|p1|Ursaluna, L50, M|\n|poke|p2|Calyrex-Shadow, L50|\n|poke|p2|Zamazenta-*, L50|\n|poke|p2|Incineroar, L50, M|\n|poke|p2|Rillaboom, L50, F|\n|poke|p2|Amoonguss, L50, M|\n|poke|p2|Urshifu-*, L50, M|\n|teampreview|4\n|inactive|Battle timer is ON: inactive players will automatically lose when time's up. (requested by Kwiper)\n|\n|t:|1772864146\n|teamsize|p1|4\n|teamsize|p2|4\n|start\n|switch|p1a: Lunala|Lunala, L50, shiny|100/100\n|switch|p1b: Indeedee|Indeedee-F, L50, F|100/100\n|switch|p2a: Incineroar|Incineroar, L50, M|100/100\n|switch|p2b: Amoonguss|Amoonguss, L50, M|100/100\n|-fieldstart|move: Psychic Terrain|[from] ability: Psychic Surge|[of] p1b: Indeedee\n|-ability|p2a: Incineroar|Intimidate|boost\n|-unboost|p1a: Lunala|atk|1\n|-unboost|p1b: Indeedee|atk|1\n|turn|1\n|\n|t:|1772864158\n|move|p1b: Indeedee|Follow Me|p1b: Indeedee\n|-singleturn|p1b: Indeedee|move: Follow Me\n|move|p1a: Lunala|Meteor Beam||[still]\n|-prepare|p1a: Lunala|Meteor Beam\n|-boost|p1a: Lunala|spa|1\n|-enditem|p1a: Lunala|Power Herb\n|-anim|p1a: Lunala|Meteor Beam|p2a: Incineroar\n|-supereffective|p2a: Incineroar\n|-damage|p2a: Incineroar|0 fnt\n|faint|p2a: Incineroar\n|move|p2b: Amoonguss|Spore|p1b: Indeedee\n|-activate|p1b: Indeedee|item: Safety Goggles|Spore\n|\n|upkeep\n|\n|t:|1772864164\n|switch|p2a: Rillaboom|Rillaboom, L50, F|100/100\n|-fieldstart|move: Grassy Terrain|[from] ability: Grassy Surge|[of] p2a: Rillaboom\n|turn|2\n|\n|t:|1772864172\n|switch|p1b: Volcarona|Volcarona, L50, M|100/100\n|move|p1a: Lunala|Expanding Force|p2b: Amoonguss\n|-supereffective|p2b: Amoonguss\n|-damage|p2b: Amoonguss|0 fnt\n|faint|p2b: Amoonguss\n|move|p2a: Rillaboom|U-turn|p1b: Volcarona\n|-resisted|p1b: Volcarona\n|-damage|p1b: Volcarona|89/100\n|-damage|p2a: Rillaboom|84/100|[from] item: Rocky Helmet|[of] p1b: Volcarona\n|\n|t:|1772864174\n|switch|p2a: Calyrex|Calyrex-Shadow, L50|100/100|[from] U-turn\n|-ability|p2a: Calyrex|As One\n|-ability|p2a: Calyrex|Unnerve\n|\n|-heal|p1b: Volcarona|95/100|[from] Grassy Terrain\n|upkeep\n|\n|t:|1772864175\n|switch|p2b: Rillaboom|Rillaboom, L50, F|84/100\n|turn|3\n|\n|t:|1772864186\n|-terastallize|p2a: Calyrex|Ghost\n|move|p1a: Lunala|Wide Guard|p1a: Lunala\n|-singleturn|p1a: Lunala|Wide Guard\n|move|p2b: Rillaboom|Fake Out|p1b: Volcarona\n|-damage|p1b: Volcarona|83/100\n|-damage|p2b: Rillaboom|68/100|[from] item: Rocky Helmet|[of] p1b: Volcarona\n|move|p2a: Calyrex|Astral Barrage|p1a: Lunala|[spread] \n|-activate|p1a: Lunala|move: Wide Guard\n|-activate|p1b: Volcarona|move: Wide Guard\n|cant|p1b: Volcarona|flinch\n|\n|-heal|p1b: Volcarona|90/100|[from] Grassy Terrain\n|-heal|p2b: Rillaboom|74/100|[from] Grassy Terrain\n|upkeep\n|turn|4\n|\n|t:|1772864192\n|move|p2a: Calyrex|Protect|p2a: Calyrex\n|-singleturn|p2a: Calyrex|Protect\n|move|p1a: Lunala|Moongeist Beam|p2a: Calyrex\n|-activate|p2a: Calyrex|move: Protect\n|move|p1b: Volcarona|Tailwind|p1b: Volcarona\n|-sidestart|p1: Kwiper|move: Tailwind\n|move|p2b: Rillaboom|Wood Hammer|p1a: Lunala\n|-damage|p1a: Lunala|72/100\n|-damage|p2b: Rillaboom|63/100|[from] Recoil\n|\n|-heal|p1a: Lunala|78/100|[from] Grassy Terrain\n|-heal|p1b: Volcarona|96/100|[from] Grassy Terrain\n|-heal|p2b: Rillaboom|69/100|[from] Grassy Terrain\n|upkeep\n|turn|5\n|\n|t:|1772864206\n|move|p1a: Lunala|Moongeist Beam|p2a: Calyrex\n|-supereffective|p2a: Calyrex\n|-enditem|p2a: Calyrex|Focus Sash\n|-damage|p2a: Calyrex|1/100\n|move|p1b: Volcarona|Struggle Bug|p2b: Rillaboom|[spread] p2a,p2b\n|-resisted|p2a: Calyrex\n|-supereffective|p2b: Rillaboom\n|-damage|p2a: Calyrex|0 fnt\n|-damage|p2b: Rillaboom|50/100\n|-unboost|p2b: Rillaboom|spa|1\n|faint|p2a: Calyrex\n|move|p2b: Rillaboom|Wood Hammer|p1a: Lunala\n|-damage|p1a: Lunala|21/100\n|-damage|p2b: Rillaboom|27/100|[from] Recoil\n|\n|-heal|p1a: Lunala|27/100|[from] Grassy Terrain\n|-heal|p1b: Volcarona|100/100|[from] Grassy Terrain\n|-heal|p2b: Rillaboom|33/100|[from] Grassy Terrain\n|upkeep\n|turn|6\n|-message|KaiMVGC forfeited.\n|\n|win|Kwiper\n|raw|Kwiper's rating: 1346 &rarr; <strong>1363</strong><br />(+17 for winning)\n|raw|KaiMVGC's rating: 1295 &rarr; <strong>1274</strong><br />(-21 for losing)\n|l|\u2606KaiMVGC\n|player|p2|\n|l|\u2606Kwiper\n|player|p1|\n","uploadtime":1772864211,"views":12,"formatid":"gen9vgc2026regi","rating":1274,"private":0,"password":null}