{"id":"gen9vgc2026regi-2561196064","format":"[Gen 9] VGC 2026 Reg I","players":["XStarcrossed","pigs2fly"],"log":"|j|\u2606XStarcrossed\n|j|\u2606pigs2fly\n|t:|1773772606\n|gametype|doubles\n|player|p1|XStarcrossed|2|1335\n|player|p2|pigs2fly|dexio|1428\n|gen|9\n|tier|[Gen 9] VGC 2026 Reg I\n|rated|\n|rule|Species Clause: Limit one of each Pok\u00e9mon\n|rule|Item Clause: Limit 1 of each item\n|clearpoke\n|poke|p1|Kyogre, L50|\n|poke|p1|Calyrex-Ice, L50|\n|poke|p1|Urshifu-*, L50, F|\n|poke|p1|Amoonguss, L50, M|\n|poke|p1|Iron Jugulis, L50|\n|poke|p1|Rillaboom, L50, M|\n|poke|p2|Annihilape, L50, M|\n|poke|p2|Tornadus, L50, M|\n|poke|p2|Dondozo, L50, M|\n|poke|p2|Tatsugiri, L50, M|\n|poke|p2|Zacian-*, L50|\n|poke|p2|Kyogre, L50|\n|teampreview|4\n|inactive|Battle timer is ON: inactive players will automatically lose when time's up. (requested by XStarcrossed)\n|l|\u2606XStarcrossed\n|inactive|XStarcrossed disconnected and has a minute to reconnect!\n|player|p1|\n|j|\u2606XStarcrossed\n|inactive|XStarcrossed reconnected and has 60 seconds left.\n|player|p1|XStarcrossed|2|\n|\n|t:|1773772657\n|teamsize|p1|4\n|teamsize|p2|4\n|start\n|switch|p1a: Ehrmantraut|Calyrex-Ice, L50|100/100\n|switch|p1b: Morjal|Amoonguss, L50, M|100/100\n|switch|p2a: Kyogre|Kyogre, L50|100/100\n|switch|p2b: Zacian|Zacian-Crowned, L50, shiny|100/100\n|-ability|p1a: Ehrmantraut|As One\n|-ability|p1a: Ehrmantraut|Unnerve\n|-ability|p2b: Zacian|Intrepid Sword|boost\n|-boost|p2b: Zacian|atk|1\n|-weather|RainDance|[from] ability: Drizzle|[of] p2a: Kyogre\n|turn|1\n|\n|t:|1773772667\n|-terastallize|p1a: Ehrmantraut|Grass\n|move|p2b: Zacian|Behemoth Blade|p1b: Morjal\n|-damage|p1b: Morjal|29/100\n|-damage|p2b: Zacian|84/100|[from] item: Rocky Helmet|[of] p1b: Morjal\n|move|p2a: Kyogre|Water Spout|p1a: Ehrmantraut|[spread] p1a,p1b\n|-resisted|p1a: Ehrmantraut\n|-resisted|p1b: Morjal\n|-damage|p1a: Ehrmantraut|56/100\n|-damage|p1b: Morjal|0 fnt\n|faint|p1b: Morjal\n|move|p1a: Ehrmantraut|Trick Room|p1a: Ehrmantraut\n|-fieldstart|move: Trick Room|[of] p1a: Ehrmantraut\n|\n|-weather|RainDance|[upkeep]\n|upkeep\n|\n|t:|1773772678\n|switch|p1b: I CONNECT!!!|Kyogre, L50|100/100\n|turn|2\n|\n|t:|1773772683\n|move|p2b: Zacian|Protect|p2b: Zacian\n|-singleturn|p2b: Zacian|Protect\n|move|p1a: Ehrmantraut|Seed Bomb|p2a: Kyogre\n|-supereffective|p2a: Kyogre\n|-damage|p2a: Kyogre|0 fnt\n|faint|p2a: Kyogre\n|-ability|p1a: Ehrmantraut|Chilling Neigh|boost\n|-boost|p1a: Ehrmantraut|atk|1\n|move|p1b: I CONNECT!!!|Water Spout|p2b: Zacian\n|-activate|p2b: Zacian|move: Protect\n|\n|-weather|RainDance|[upkeep]\n|upkeep\n|\n|t:|1773772688\n|switch|p2a: Dondozo|Dondozo, L50, M|100/100\n|turn|3\n|\n|t:|1773772698\n|switch|p2b: Tatsugiri|Tatsugiri, L50, M|100/100\n|-activate|p2b: Tatsugiri|ability: Commander|[of] p2a: Dondozo\n|-boost|p2a: Dondozo|atk|2\n|-boost|p2a: Dondozo|spa|2\n|-boost|p2a: Dondozo|spe|2\n|-boost|p2a: Dondozo|def|2\n|-boost|p2a: Dondozo|spd|2\n|move|p2a: Dondozo|Protect|p2a: Dondozo\n|-singleturn|p2a: Dondozo|Protect\n|move|p1a: Ehrmantraut|Seed Bomb|p2a: Dondozo\n|-activate|p2a: Dondozo|move: Protect\n|move|p1b: I CONNECT!!!|Water Spout|p2a: Dondozo|[spread] \n|-miss|p1b: I CONNECT!!!|p2b: Tatsugiri\n|-activate|p2a: Dondozo|move: Protect\n|\n|-weather|RainDance|[upkeep]\n|upkeep\n|turn|4\n|inactive|XStarcrossed has 30 seconds left.\n|\n|t:|1773772732\n|-terastallize|p2a: Dondozo|Grass\n|move|p1a: Ehrmantraut|Protect|p1a: Ehrmantraut\n|-singleturn|p1a: Ehrmantraut|Protect\n|move|p1b: I CONNECT!!!|Thunder|p2a: Dondozo\n|-resisted|p2a: Dondozo\n|-crit|p2a: Dondozo\n|-damage|p2a: Dondozo|74/100\n|move|p2a: Dondozo|Earthquake|p1a: Ehrmantraut|[spread] p1b\n|-miss|p2a: Dondozo|p2b: Tatsugiri\n|-activate|p1a: Ehrmantraut|move: Protect\n|-damage|p1b: I CONNECT!!!|63/100\n|\n|-weather|RainDance|[upkeep]\n|-heal|p2a: Dondozo|80/100|[from] item: Leftovers\n|upkeep\n|turn|5\n|\n|t:|1773772750\n|switch|p1b: Warranty|Iron Jugulis, L50|100/100\n|-enditem|p1b: Warranty|Booster Energy\n|-activate|p1b: Warranty|ability: Quark Drive|[fromitem]\n|-start|p1b: Warranty|quarkdrivespe\n|move|p1a: Ehrmantraut|Glacial Lance|p2a: Dondozo|[spread] p2a\n|-miss|p1a: Ehrmantraut|p2b: Tatsugiri\n|-supereffective|p2a: Dondozo\n|-damage|p2a: Dondozo|30/100\n|move|p2a: Dondozo|Order Up|p1a: Ehrmantraut\n|-damage|p1a: Ehrmantraut|30/100\n|-boost|p2a: Dondozo|atk|1\n|\n|-weather|none\n|-heal|p2a: Dondozo|36/100|[from] item: Leftovers\n|-fieldend|move: Trick Room\n|upkeep\n|turn|6\n|\n|t:|1773772772\n|switch|p1a: I CONNECT!!!|Kyogre, L50|63/100\n|-weather|RainDance|[from] ability: Drizzle|[of] p1a: I CONNECT!!!\n|move|p1b: Warranty|Tailwind|p1b: Warranty\n|-sidestart|p1: XStarcrossed|move: Tailwind\n|move|p2a: Dondozo|Order Up|p1a: I CONNECT!!!\n|-damage|p1a: I CONNECT!!!|13/100\n|-boost|p2a: Dondozo|atk|1\n|\n|-weather|RainDance|[upkeep]\n|-heal|p2a: Dondozo|42/100|[from] item: Leftovers\n|upkeep\n|turn|7\n|\n|t:|1773772789\n|move|p2a: Dondozo|Protect|p2a: Dondozo\n|-singleturn|p2a: Dondozo|Protect\n|move|p1b: Warranty|Hurricane|p2a: Dondozo\n|-activate|p2a: Dondozo|move: Protect\n|move|p1a: I CONNECT!!!|Hydro Pump|p2a: Dondozo\n|-activate|p2a: Dondozo|move: Protect\n|\n|-weather|RainDance|[upkeep]\n|-heal|p2a: Dondozo|48/100|[from] item: Leftovers\n|upkeep\n|turn|8\n|\n|t:|1773772798\n|move|p1b: Warranty|Hurricane|p2a: Dondozo\n|-supereffective|p2a: Dondozo\n|-damage|p2a: Dondozo|5/100\n|move|p1a: I CONNECT!!!|Hydro Pump|p2a: Dondozo|[miss]\n|-miss|p1a: I CONNECT!!!|p2a: Dondozo\n|move|p2a: Dondozo|Wave Crash|p1b: Warranty\n|-damage|p1b: Warranty|0 fnt\n|faint|p1b: Warranty\n|-end|p1b: Warranty|Quark Drive|[silent]\n|-damage|p2a: Dondozo|0 fnt|[from] Recoil\n|faint|p2a: Dondozo\n|\n|-weather|RainDance|[upkeep]\n|upkeep\n|\n|t:|1773772809\n|switch|p1b: Ehrmantraut|Calyrex-Ice, L50, tera:Grass|30/100\n|switch|p2a: Zacian|Zacian-Crowned, L50, shiny|84/100\n|-ability|p1b: Ehrmantraut|As One\n|-ability|p1b: Ehrmantraut|Unnerve\n|turn|9\n|\n|t:|1773772813\n|move|p2a: Zacian|Protect|p2a: Zacian\n|-singleturn|p2a: Zacian|Protect\n|move|p1b: Ehrmantraut|Protect|p1b: Ehrmantraut\n|-singleturn|p1b: Ehrmantraut|Protect\n|move|p1a: I CONNECT!!!|Hydro Pump|p2a: Zacian\n|-activate|p2a: Zacian|move: Protect\n|move|p2b: Tatsugiri|Dragon Pulse|p1a: I CONNECT!!!\n|-damage|p1a: I CONNECT!!!|0 fnt\n|faint|p1a: I CONNECT!!!\n|\n|-weather|RainDance|[upkeep]\n|-sideend|p1: XStarcrossed|move: Tailwind\n|upkeep\n|turn|10\n|-message|XStarcrossed forfeited.\n|\n|win|pigs2fly\n|raw|XStarcrossed's rating: 1335 &rarr; <strong>1320</strong><br />(-15 for losing)\n|raw|pigs2fly's rating: 1428 &rarr; <strong>1443</strong><br />(+15 for winning)\n|l|\u2606XStarcrossed\n|player|p1|\n|l|\u2606pigs2fly\n|player|p2|\n","uploadtime":1773773021,"views":10,"formatid":"gen9vgc2026regi","rating":1320,"private":0,"password":null}