{"id":"gen9vgc2026regi-2524291872","format":"[Gen 9] VGC 2026 Reg I","players":["suc vat vk","GoofyRonald756"],"log":"|j|\u2606suc vat vk\n|j|\u2606GoofyRonald756\n|t:|1769127508\n|gametype|doubles\n|player|p1|suc vat vk|kimonogirl|1288\n|player|p2|GoofyRonald756|266|1400\n|gen|9\n|tier|[Gen 9] VGC 2026 Reg I\n|rated|\n|rule|Species Clause: Limit one of each Pok\u00e9mon\n|rule|Item Clause: Limit 1 of each item\n|clearpoke\n|poke|p1|Sableye, L50, M|\n|poke|p1|Iron Valiant, L50|\n|poke|p1|Groudon, L50|\n|poke|p1|Ho-Oh, L50|\n|poke|p1|Tornadus, L50, M|\n|poke|p1|Incineroar, L50, M|\n|poke|p2|Miraidon, L50|\n|poke|p2|Lunala, L50|\n|poke|p2|Sylveon, L50, F|\n|poke|p2|Incineroar, L50, F|\n|poke|p2|Whimsicott, L50, F|\n|poke|p2|Urshifu-*, L50, F|\n|teampreview|4\n|\n|t:|1769127526\n|teamsize|p1|4\n|teamsize|p2|4\n|start\n|switch|p1a: Iron Valiant|Iron Valiant, L50, shiny|100/100\n|switch|p1b: Sableye|Sableye, L50, M, shiny|100/100\n|switch|p2a: Miraidon|Miraidon, L50, shiny|100/100\n|switch|p2b: Whimsicott|Whimsicott, L50, F, shiny|100/100\n|-fieldstart|move: Electric Terrain|[from] ability: Hadron Engine|[of] p2a: Miraidon\n|-activate|p1a: Iron Valiant|ability: Quark Drive\n|-start|p1a: Iron Valiant|quarkdrivespe\n|turn|1\n|inactive|Battle timer is ON: inactive players will automatically lose when time's up. (requested by suc vat vk)\n|\n|t:|1769127586\n|switch|p2a: Incineroar|Incineroar, L50, F|100/100\n|-ability|p2a: Incineroar|Intimidate|boost\n|-unboost|p1a: Iron Valiant|atk|1\n|-unboost|p1b: Sableye|atk|1\n|move|p2b: Whimsicott|Tailwind|p2b: Whimsicott\n|-sidestart|p2: GoofyRonald756|move: Tailwind\n|move|p1b: Sableye|Gravity|p1b: Sableye\n|-fieldstart|move: Gravity\n|move|p1a: Iron Valiant|Hypnosis|p2a: Incineroar\n|-activate|p2a: Incineroar|move: Electric Terrain\n|\n|upkeep\n|turn|2\n|j| Bokkimano\n|inactive|suc vat vk has 30 seconds left.\n|\n|t:|1769127614\n|switch|p2b: Miraidon|Miraidon, L50, shiny|100/100\n|-activate|p2b: Miraidon|ability: Hadron Engine\n|move|p2a: Incineroar|Fake Out|p1a: Iron Valiant\n|-damage|p1a: Iron Valiant|89/100\n|move|p1b: Sableye|Encore||[still]\n|-fail|p1b: Sableye\n|cant|p1a: Iron Valiant|flinch\n|\n|upkeep\n|turn|3\n|\n|t:|1769127624\n|move|p1b: Sableye|Quash|p2b: Miraidon\n|-activate|p2b: Miraidon|move: Quash\n|move|p1a: Iron Valiant|Moonblast|p2b: Miraidon\n|-supereffective|p2b: Miraidon\n|-damage|p2b: Miraidon|28/100\n|move|p2a: Incineroar|U-turn|p1b: Sableye\n|-damage|p1b: Sableye|83/100\n|-enditem|p1b: Sableye|Eject Button\n|\n|t:|1769127631\n|switch|p1b: Groudon|Groudon, L50, shiny|100/100\n|-weather|SunnyDay|[from] ability: Drought|[of] p1b: Groudon\n|move|p2b: Miraidon|Volt Switch|p1b: Groudon\n|-immune|p1b: Groudon\n|\n|-weather|SunnyDay|[upkeep]\n|upkeep\n|turn|4\n|\n|t:|1769127638\n|switch|p2a: Whimsicott|Whimsicott, L50, F, shiny|100/100\n|move|p2b: Miraidon|Volt Switch|p1a: Iron Valiant\n|-damage|p1a: Iron Valiant|0 fnt\n|faint|p1a: Iron Valiant\n|-end|p1a: Iron Valiant|Quark Drive|[silent]\n|\n|t:|1769127641\n|switch|p2b: Lunala|Lunala, L50|100/100|[from] Volt Switch\n|-enditem|p2b: Lunala|Electric Seed\n|-boost|p2b: Lunala|def|1|[from] item: Electric Seed\n|move|p1b: Groudon|Precipice Blades|p2a: Whimsicott|[spread] p2a,p2b\n|-resisted|p2a: Whimsicott\n|-damage|p2a: Whimsicott|55/100\n|-damage|p2b: Lunala|88/100\n|\n|-weather|SunnyDay|[upkeep]\n|-sideend|p2: GoofyRonald756|move: Tailwind\n|upkeep\n|\n|t:|1769127656\n|switch|p1a: Sableye|Sableye, L50, M, shiny|83/100\n|turn|5\n|\n|t:|1769127663\n|move|p2a: Whimsicott|Tailwind|p2a: Whimsicott\n|-sidestart|p2: GoofyRonald756|move: Tailwind\n|move|p2b: Lunala|Moonblast|p1a: Sableye\n|-supereffective|p1a: Sableye\n|-damage|p1a: Sableye|0 fnt\n|faint|p1a: Sableye\n|move|p1b: Groudon|Precipice Blades|p2a: Whimsicott|[spread] p2a,p2b\n|-resisted|p2a: Whimsicott\n|-damage|p2a: Whimsicott|8/100\n|-damage|p2b: Lunala|63/100\n|\n|-weather|SunnyDay|[upkeep]\n|-fieldend|move: Gravity\n|-fieldend|move: Electric Terrain\n|upkeep\n|inactive|suc vat vk has 30 seconds left.\n|\n|t:|1769127691\n|switch|p1a: Ho-Oh|Ho-Oh, L50, shiny|100/100\n|turn|6\n|\n|t:|1769127701\n|move|p2a: Whimsicott|Endeavor|p1b: Groudon\n|-damage|p1b: Groudon|6/100\n|move|p2b: Lunala|Moongeist Beam|p1b: Groudon\n|-damage|p1b: Groudon|0 fnt\n|faint|p1b: Groudon\n|move|p1a: Ho-Oh|Tailwind|p1a: Ho-Oh\n|-sidestart|p1: suc vat vk|move: Tailwind\n|\n|-weather|SunnyDay|[upkeep]\n|upkeep\n|turn|7\n|\n|t:|1769127706\n|move|p2a: Whimsicott|Encore|p1a: Ho-Oh\n|-start|p1a: Ho-Oh|Encore\n|move|p1a: Ho-Oh|Tailwind||[still]\n|-fail|p1a: Ho-Oh\n|move|p2b: Lunala|Moongeist Beam|p1a: Ho-Oh\n|-damage|p1a: Ho-Oh|65/100\n|\n|-weather|none\n|upkeep\n|turn|8\n|-message|suc vat vk forfeited.\n|\n|win|GoofyRonald756\n|raw|suc vat vk's rating: 1288 &rarr; <strong>1271</strong><br />(-17 for losing)\n|raw|GoofyRonald756's rating: 1400 &rarr; <strong>1414</strong><br />(+14 for winning)\n|l|\u2606suc vat vk\n|player|p1|\n|l|\u2606GoofyRonald756\n|player|p2|\n|l| Bokkimano\n","uploadtime":1769127942,"views":14,"formatid":"gen9vgc2026regi","rating":1271,"private":0,"password":null}