{"id":"gen9vgc2026regi-2580372109","format":"[Gen 9] VGC 2026 Reg I","players":["malkarion152","navinsachump"],"log":"|j|\u203dmalkarion152\n|j|\u2606navinsachump\n|t:|1775886743\n|gametype|doubles\n|player|p1|malkarion152|grimsley|1369\n|player|p2|navinsachump|smasher|1556\n|gen|9\n|tier|[Gen 9] VGC 2026 Reg I\n|rated|\n|rule|Species Clause: Limit one of each Pok\u00e9mon\n|rule|Item Clause: Limit 1 of each item\n|clearpoke\n|poke|p1|Tyranitar, L50, F|\n|poke|p1|Farigiraf, L50, F|\n|poke|p1|Zamazenta-*, L50|\n|poke|p1|Grimmsnarl, L50, M|\n|poke|p1|Ursaluna, L50, M|\n|poke|p1|Necrozma-Dusk-Mane, L50|\n|poke|p2|Miraidon, L50|\n|poke|p2|Incineroar, L50, F|\n|poke|p2|Whimsicott, L50, F|\n|poke|p2|Urshifu-*, L50, F|\n|poke|p2|Lunala, L50|\n|poke|p2|Ursaluna, L50, M|\n|teampreview|4\n|inactive|Battle timer is ON: inactive players will automatically lose when time's up. (requested by malkarion152)\n|\n|t:|1775886766\n|teamsize|p1|4\n|teamsize|p2|4\n|start\n|switch|p1a: Tyranitar|Tyranitar, L50, F|100/100\n|switch|p1b: Grimmsnarl|Grimmsnarl, L50, M, shiny|100/100\n|switch|p2a: Urshifu|Urshifu-Rapid-Strike, L50, F|100/100\n|switch|p2b: Miraidon|Miraidon, L50|100/100\n|-fieldstart|move: Electric Terrain|[from] ability: Hadron Engine|[of] p2b: Miraidon\n|-weather|Sandstorm|[from] ability: Sand Stream|[of] p1a: Tyranitar\n|turn|1\n|\n|t:|1775886786\n|switch|p2b: Incineroar|Incineroar, L50, F|100/100\n|-ability|p2b: Incineroar|Intimidate|boost\n|-unboost|p1a: Tyranitar|atk|1\n|-unboost|p1b: Grimmsnarl|atk|1\n|-terastallize|p1a: Tyranitar|Fairy\n|move|p1b: Grimmsnarl|Light Screen|p1b: Grimmsnarl\n|-sidestart|p1: malkarion152|move: Light Screen\n|move|p2a: Urshifu|Surging Strikes|p1a: Tyranitar\n|-crit|p1a: Tyranitar\n|-damage|p1a: Tyranitar|72/100\n|-crit|p1a: Tyranitar\n|-damage|p1a: Tyranitar|47/100\n|-crit|p1a: Tyranitar\n|-damage|p1a: Tyranitar|21/100\n|-hitcount|p1a: Tyranitar|3\n|move|p1a: Tyranitar|Tera Blast|p2b: Incineroar|[anim] Tera Blast Fairy\n|-damage|p2b: Incineroar|74/100\n|\n|-weather|Sandstorm|[upkeep]\n|-damage|p2a: Urshifu|94/100|[from] Sandstorm\n|-damage|p2b: Incineroar|67/100|[from] Sandstorm\n|-damage|p1a: Tyranitar|15/100|[from] Sandstorm\n|upkeep\n|turn|2\n|\n|t:|1775886811\n|-terastallize|p2a: Urshifu|Ghost\n|move|p2b: Incineroar|Fake Out|p1b: Grimmsnarl\n|-damage|p1b: Grimmsnarl|88/100\n|cant|p1b: Grimmsnarl|flinch\n|move|p2a: Urshifu|Surging Strikes|p1b: Grimmsnarl\n|-crit|p1b: Grimmsnarl\n|-damage|p1b: Grimmsnarl|57/100\n|-crit|p1b: Grimmsnarl\n|-damage|p1b: Grimmsnarl|27/100\n|-crit|p1b: Grimmsnarl\n|-damage|p1b: Grimmsnarl|0 fnt\n|faint|p1b: Grimmsnarl\n|-hitcount|p1: Grimmsnarl|3\n|move|p1a: Tyranitar|Tera Blast|p2b: Incineroar|[anim] Tera Blast Fairy\n|-damage|p2b: Incineroar|36/100\n|\n|-weather|Sandstorm|[upkeep]\n|-damage|p2a: Urshifu|88/100|[from] Sandstorm\n|-damage|p2b: Incineroar|30/100|[from] Sandstorm\n|-damage|p1a: Tyranitar|10/100|[from] Sandstorm\n|upkeep\n|\n|t:|1775886825\n|switch|p1b: Zamazenta|Zamazenta-Crowned, L50, shiny|100/100\n|-ability|p1b: Zamazenta|Dauntless Shield|boost\n|-boost|p1b: Zamazenta|def|1\n|turn|3\n|\n|t:|1775886835\n|move|p1b: Zamazenta|Body Press|p2b: Incineroar\n|-supereffective|p2b: Incineroar\n|-damage|p2b: Incineroar|0 fnt\n|faint|p2b: Incineroar\n|move|p2a: Urshifu|Surging Strikes|p1b: Zamazenta\n|-crit|p1b: Zamazenta\n|-damage|p1b: Zamazenta|82/100\n|-crit|p1b: Zamazenta\n|-damage|p1b: Zamazenta|65/100\n|-crit|p1b: Zamazenta\n|-damage|p1b: Zamazenta|48/100\n|-hitcount|p1b: Zamazenta|3\n|move|p1a: Tyranitar|Crunch|p2a: Urshifu\n|-supereffective|p2a: Urshifu\n|-damage|p2a: Urshifu|28/100\n|\n|-weather|Sandstorm|[upkeep]\n|-damage|p2a: Urshifu|21/100|[from] Sandstorm\n|-damage|p1a: Tyranitar|4/100|[from] Sandstorm\n|upkeep\n|\n|t:|1775886842\n|switch|p2b: Miraidon|Miraidon, L50|100/100\n|-activate|p2b: Miraidon|ability: Hadron Engine\n|turn|4\n|\n|t:|1775886863\n|move|p2b: Miraidon|Electro Drift|p1b: Zamazenta\n|-damage|p1b: Zamazenta|0 fnt\n|faint|p1b: Zamazenta\n|move|p2a: Urshifu|Surging Strikes|p1a: Tyranitar\n|-crit|p1a: Tyranitar\n|-damage|p1a: Tyranitar|0 fnt\n|faint|p1a: Tyranitar\n|-hitcount|p1: Tyranitar|1\n|\n|-weather|Sandstorm|[upkeep]\n|-damage|p2b: Miraidon|95/100|[from] Sandstorm\n|-damage|p2a: Urshifu|15/100|[from] Sandstorm\n|upkeep\n|\n|t:|1775886869\n|switch|p1b: Necrozma|Necrozma-Dusk-Mane, L50, shiny|100/100\n|turn|5\n|\n|t:|1775886882\n|move|p2b: Miraidon|Electro Drift|p1b: Necrozma\n|-damage|p1b: Necrozma|34/100\n|move|p2a: Urshifu|Surging Strikes|p1b: Necrozma\n|-crit|p1b: Necrozma\n|-damage|p1b: Necrozma|10/100\n|-crit|p1b: Necrozma\n|-damage|p1b: Necrozma|0 fnt\n|faint|p1b: Necrozma\n|-hitcount|p1: Necrozma|2\n|\n|win|navinsachump\n|raw|malkarion152's rating: 1369 &rarr; <strong>1359</strong><br />(-10 for losing)\n|raw|navinsachump's rating: 1556 &rarr; <strong>1566</strong><br />(+10 for winning)\n|l|\u2606navinsachump\n|player|p2|\n|l|\u203dmalkarion152\n|player|p1|\n","uploadtime":1775887146,"views":18,"formatid":"gen9vgc2026regi","rating":1359,"private":0,"password":null}