{"id":"gen9vgc2026regi-2577942718","format":"[Gen 9] VGC 2026 Reg I","players":["Timthyeet","GAPDHD"],"log":"|j|\u2606Timthyeet\n|j|\u2606GAPDHD\n|t:|1775624018\n|gametype|doubles\n|player|p1|Timthyeet|169|1407\n|player|p2|GAPDHD|ruinmaniac|1524\n|gen|9\n|tier|[Gen 9] VGC 2026 Reg I\n|rated|\n|rule|Species Clause: Limit one of each Pok\u00e9mon\n|rule|Item Clause: Limit 1 of each item\n|clearpoke\n|poke|p1|Kyogre, L50|\n|poke|p1|Amoonguss, L50, F|\n|poke|p1|Tornadus, L50, M|\n|poke|p1|Indeedee-F, L50, F|\n|poke|p1|Calyrex-Ice, L50|\n|poke|p1|Golem-Alola, L50, F|\n|poke|p2|Urshifu-*, L50, F|\n|poke|p2|Tornadus, L50, M|\n|poke|p2|Lunala, L50|\n|poke|p2|Calyrex-Ice, L50|\n|poke|p2|Grimmsnarl, L50, M|\n|poke|p2|Rillaboom, L50, F|\n|teampreview|4\nGAPDHD has agreed to open team sheets.\n|\n|t:|1775624041\n|teamsize|p1|4\n|teamsize|p2|4\n|start\n|switch|p1a: Indeedee|Indeedee-F, L50, F|100/100\n|switch|p1b: Calyrex|Calyrex-Ice, L50|100/100\n|switch|p2a: Calyrex|Calyrex-Ice, L50|100/100\n|switch|p2b: Grimmsnarl|Grimmsnarl, L50, M|100/100\n|-ability|p2a: Calyrex|As One\n|-ability|p2a: Calyrex|Unnerve\n|-ability|p1b: Calyrex|As One\n|-ability|p1b: Calyrex|Unnerve\n|-fieldstart|move: Psychic Terrain|[from] ability: Psychic Surge|[of] p1a: Indeedee\n|turn|1\n|\n|t:|1775624047\n|move|p2b: Grimmsnarl|Reflect|p2b: Grimmsnarl\n|-sidestart|p2: GAPDHD|Reflect\n|move|p2a: Calyrex|Glacial Lance|p1b: Calyrex|[spread] p1a,p1b\n|-resisted|p1b: Calyrex\n|-damage|p1a: Indeedee|19/100\n|-damage|p1b: Calyrex|83/100\n|move|p1b: Calyrex|Swords Dance|p1b: Calyrex\n|-boost|p1b: Calyrex|atk|2\n|move|p1a: Indeedee|Trick Room|p1a: Indeedee\n|-fieldstart|move: Trick Room|[of] p1a: Indeedee\n|\n|upkeep\n|turn|2\n|\n|t:|1775624060\n|move|p1a: Indeedee|Follow Me|p1a: Indeedee\n|-singleturn|p1a: Indeedee|move: Follow Me\n|move|p1b: Calyrex|Glacial Lance|p2a: Calyrex|[spread] p2a,p2b\n|-resisted|p2a: Calyrex\n|-damage|p2a: Calyrex|75/100\n|-damage|p2b: Grimmsnarl|9/100\n|move|p2b: Grimmsnarl|Spirit Break|p1a: Indeedee\n|-damage|p1a: Indeedee|0 fnt\n|faint|p1a: Indeedee\n|move|p2a: Calyrex|Leech Seed|p1b: Calyrex\n|-start|p1b: Calyrex|move: Leech Seed\n|\n|-heal|p2a: Calyrex|81/100|[from] item: Leftovers\n|-damage|p1b: Calyrex|71/100|[from] Leech Seed|[of] p2a: Calyrex\n|-heal|p2a: Calyrex|94/100|[silent]\n|upkeep\n|\n|t:|1775624065\n|switch|p1a: Golem|Golem-Alola, L50, F|100/100\n|turn|3\n|\n|t:|1775624079\n|move|p2b: Grimmsnarl|Light Screen|p2b: Grimmsnarl\n|-sidestart|p2: GAPDHD|move: Light Screen\n|move|p1a: Golem|Double-Edge|p2a: Calyrex\n|-damage|p2a: Calyrex|54/100\n|-damage|p1a: Golem|87/100|[from] Recoil\n|move|p1b: Calyrex|Glacial Lance|p2a: Calyrex|[spread] p2a,p2b\n|-resisted|p2a: Calyrex\n|-damage|p2a: Calyrex|29/100\n|-damage|p2b: Grimmsnarl|0 fnt\n|faint|p2b: Grimmsnarl\n|-ability|p1b: Calyrex|Chilling Neigh|boost\n|-boost|p1b: Calyrex|atk|1\n|move|p2a: Calyrex|Glacial Lance|p1b: Calyrex|[spread] p1a,p1b\n|-resisted|p1b: Calyrex\n|-damage|p1a: Golem|46/100\n|-damage|p1b: Calyrex|52/100\n|\n|-heal|p2a: Calyrex|35/100|[from] item: Leftovers\n|-damage|p1b: Calyrex|40/100|[from] Leech Seed|[of] p2a: Calyrex\n|-heal|p2a: Calyrex|48/100|[silent]\n|upkeep\n|\n|t:|1775624097\n|switch|p2b: Lunala|Lunala, L50|100/100\n|turn|4\n|\n|t:|1775624107\n|-terastallize|p2a: Calyrex|Grass\n|move|p2b: Lunala|Wide Guard|p2b: Lunala\n|-singleturn|p2b: Lunala|Wide Guard\n|move|p1a: Golem|Double-Edge|p2a: Calyrex\n|-resisted|p2a: Calyrex\n|-damage|p2a: Calyrex|27/100\n|-damage|p1a: Golem|39/100|[from] Recoil\n|move|p1b: Calyrex|High Horsepower|p2b: Lunala\n|-damage|p2b: Lunala|71/100\n|move|p2a: Calyrex|Glacial Lance|p1a: Golem|[spread] p1a,p1b\n|-resisted|p1b: Calyrex\n|-damage|p1a: Golem|0 fnt\n|-damage|p1b: Calyrex|21/100\n|faint|p1a: Golem\n|-ability|p2a: Calyrex|Chilling Neigh|boost\n|-boost|p2a: Calyrex|atk|1\n|\n|-heal|p2a: Calyrex|33/100|[from] item: Leftovers\n|-damage|p1b: Calyrex|9/100|[from] Leech Seed|[of] p2a: Calyrex\n|-heal|p2a: Calyrex|46/100|[silent]\n|upkeep\n|\n|t:|1775624110\n|switch|p1a: Kyogre|Kyogre, L50|100/100\n|-weather|RainDance|[from] ability: Drizzle|[of] p1a: Kyogre\n|turn|5\n|\n|t:|1775624135\n|move|p2a: Calyrex|Protect|p2a: Calyrex\n|-singleturn|p2a: Calyrex|Protect\n|move|p1b: Calyrex|High Horsepower|p2b: Lunala\n|-damage|p2b: Lunala|10/100\n|move|p1a: Kyogre|Ice Beam|p2a: Calyrex\n|-activate|p2a: Calyrex|move: Protect\n|move|p2b: Lunala|Meteor Beam||[still]\n|-prepare|p2b: Lunala|Meteor Beam\n|-boost|p2b: Lunala|spa|1\n|-enditem|p2b: Lunala|Power Herb\n|-anim|p2b: Lunala|Meteor Beam|p1a: Kyogre\n|-damage|p1a: Kyogre|52/100\n|\n|-weather|RainDance|[upkeep]\n|-heal|p2a: Calyrex|52/100|[from] item: Leftovers\n|-damage|p1b: Calyrex|0 fnt|[from] Leech Seed|[of] p2a: Calyrex\n|-heal|p2a: Calyrex|62/100|[silent]\n|faint|p1b: Calyrex\n|-fieldend|move: Trick Room\n|-fieldend|move: Psychic Terrain\n|upkeep\n|turn|6\n|\n|t:|1775624157\n|move|p2b: Lunala|Wide Guard|p2b: Lunala\n|-singleturn|p2b: Lunala|Wide Guard\n|move|p1a: Kyogre|Origin Pulse|p2a: Calyrex|[spread] \n|-activate|p2a: Calyrex|move: Wide Guard\n|-activate|p2b: Lunala|move: Wide Guard\n|move|p2a: Calyrex|Leech Seed|p1a: Kyogre\n|-start|p1a: Kyogre|move: Leech Seed\n|\n|-weather|RainDance|[upkeep]\n|-heal|p2a: Calyrex|68/100|[from] item: Leftovers\n|-damage|p1a: Kyogre|40/100|[from] Leech Seed|[of] p2a: Calyrex\n|-heal|p2a: Calyrex|81/100|[silent]\n|upkeep\n|turn|7\n|\n|t:|1775624169\n|move|p2b: Lunala|Moongeist Beam|p1a: Kyogre\n|-damage|p1a: Kyogre|0 fnt\n|faint|p1a: Kyogre\n|\n|win|GAPDHD\n|raw|Timthyeet's rating: 1407 &rarr; <strong>1393</strong><br />(-14 for losing)\n|raw|GAPDHD's rating: 1524 &rarr; <strong>1538</strong><br />(+14 for winning)\n|l|\u2606Timthyeet\n|player|p1|\n|l|\u2606GAPDHD\n|player|p2|\n","uploadtime":1775624411,"views":8,"formatid":"gen9vgc2026regi","rating":1393,"private":0,"password":null}