{"id":"gen9vgc2026regi-2561244856","format":"[Gen 9] VGC 2026 Reg I","players":["Ryderrrrr","jonen"],"log":"|j|\u2606Ryderrrrr\n|j|\u2606jonen\n|t:|1773776779\n|gametype|doubles\n|player|p1|Ryderrrrr|wallace|1315\n|player|p2|jonen|medium|1350\n|gen|9\n|tier|[Gen 9] VGC 2026 Reg I\n|rated|\n|rule|Species Clause: Limit one of each Pok\u00e9mon\n|rule|Item Clause: Limit 1 of each item\n|clearpoke\n|poke|p1|Miraidon, L50|\n|poke|p1|Calyrex-Shadow, L50|\n|poke|p1|Iron Hands, L50|\n|poke|p1|Volcarona, L50, F|\n|poke|p1|Tornadus, L50, M|\n|poke|p1|Clefairy, L50, F|\n|poke|p2|Groudon, L50|\n|poke|p2|Chi-Yu, L50|\n|poke|p2|Flutter Mane, L50|\n|poke|p2|Raging Bolt, L50|\n|poke|p2|Calyrex-Ice, L50|\n|poke|p2|Jumpluff, L50, F|\n|teampreview|4\n|inactive|Battle timer is ON: inactive players will automatically lose when time's up. (requested by Ryderrrrr)\n|inactive|jonen has 60 seconds left.\n|\n|t:|1773776809\n|teamsize|p1|4\n|teamsize|p2|4\n|start\n|switch|p1a: Miraidon|Miraidon, L50, shiny|100/100\n|switch|p1b: Calyrex|Calyrex-Shadow, L50|100/100\n|switch|p2a: Groudon|Groudon, L50|100/100\n|switch|p2b: Jumpluff|Jumpluff, L50, F|100/100\n|-ability|p1b: Calyrex|As One\n|-ability|p1b: Calyrex|Unnerve\n|-fieldstart|move: Electric Terrain|[from] ability: Hadron Engine|[of] p1a: Miraidon\n|-weather|SunnyDay|[from] ability: Drought|[of] p2a: Groudon\n|turn|1\n|\n|t:|1773776829\n|switch|p1a: Clefairy|Clefairy, L50, F|100/100\n|move|p2b: Jumpluff|Tailwind|p2b: Jumpluff\n|-sidestart|p2: jonen|move: Tailwind\n|move|p2a: Groudon|Precipice Blades|p1b: Calyrex|[spread] p1a,p1b\n|-damage|p1a: Clefairy|52/100\n|-damage|p1b: Calyrex|64/100\n|move|p1b: Calyrex|Nasty Plot|p1b: Calyrex\n|-boost|p1b: Calyrex|spa|2\n|\n|-weather|SunnyDay|[upkeep]\n|upkeep\n|turn|2\n|\n|t:|1773776842\n|move|p1a: Clefairy|Follow Me|p1a: Clefairy\n|-singleturn|p1a: Clefairy|move: Follow Me\n|move|p2b: Jumpluff|Encore|p1a: Clefairy\n|-start|p1a: Clefairy|Encore\n|move|p2a: Groudon|Precipice Blades|p1b: Calyrex|[spread] p1a,p1b\n|-crit|p1a: Clefairy\n|-damage|p1a: Clefairy|0 fnt\n|-damage|p1b: Calyrex|26/100\n|faint|p1a: Clefairy\n|move|p1b: Calyrex|Astral Barrage|p2a: Groudon|[spread] p2a,p2b\n|-damage|p2a: Groudon|25/100\n|-damage|p2b: Jumpluff|0 fnt\n|faint|p2b: Jumpluff\n|-ability|p1b: Calyrex|Grim Neigh|boost\n|-boost|p1b: Calyrex|spa|1\n|\n|-weather|SunnyDay|[upkeep]\n|upkeep\n|\n|t:|1773776857\n|switch|p2b: Chi-Yu|Chi-Yu, L50|100/100\n|switch|p1a: Volcarona|Volcarona, L50, F|100/100\n|-ability|p2b: Chi-Yu|Beads of Ruin\n|-enditem|p1a: Volcarona|Electric Seed\n|-boost|p1a: Volcarona|def|1|[from] item: Electric Seed\n|turn|3\n|\n|t:|1773776869\n|-terastallize|p1a: Volcarona|Water\n|move|p1b: Calyrex|Protect|p1b: Calyrex\n|-singleturn|p1b: Calyrex|Protect\n|move|p2b: Chi-Yu|Heat Wave|p1a: Volcarona|[spread] p1a\n|-activate|p1b: Calyrex|move: Protect\n|-resisted|p1a: Volcarona\n|-damage|p1a: Volcarona|65/100\n|move|p2a: Groudon|Stone Edge|p1a: Volcarona\n|-damage|p1a: Volcarona|31/100\n|move|p1a: Volcarona|Quiver Dance|p1a: Volcarona\n|-boost|p1a: Volcarona|spa|1\n|-boost|p1a: Volcarona|spd|1\n|-boost|p1a: Volcarona|spe|1\n|\n|-weather|SunnyDay|[upkeep]\n|upkeep\n|turn|4\n|\n|t:|1773776887\n|move|p1a: Volcarona|Protect|p1a: Volcarona\n|-singleturn|p1a: Volcarona|Protect\n|move|p2b: Chi-Yu|Heat Wave|p1b: Calyrex|[spread] p1b\n|-activate|p1a: Volcarona|move: Protect\n|-damage|p1b: Calyrex|0 fnt\n|faint|p1b: Calyrex\n|move|p2a: Groudon|Precipice Blades|p1a: Volcarona\n|-activate|p1a: Volcarona|move: Protect\n|\n|-weather|SunnyDay|[upkeep]\n|-sideend|p2: jonen|move: Tailwind\n|upkeep\n|\n|t:|1773776890\n|switch|p1b: Miraidon|Miraidon, L50, shiny|100/100\n|-activate|p1b: Miraidon|ability: Hadron Engine\n|turn|5\n|\n|t:|1773776900\n|move|p1b: Miraidon|Electro Drift|p2b: Chi-Yu\n|-damage|p2b: Chi-Yu|0 fnt\n|faint|p2b: Chi-Yu\n|move|p1a: Volcarona|Flamethrower|p2a: Groudon\n|-damage|p2a: Groudon|0 fnt\n|faint|p2a: Groudon\n|\n|-weather|none\n|-fieldend|move: Electric Terrain\n|upkeep\n|\n|t:|1773776907\n|switch|p2b: Calyrex|Calyrex-Ice, L50|100/100\n|-ability|p2b: Calyrex|As One\n|-ability|p2b: Calyrex|Unnerve\n|turn|6\n|\n|t:|1773776918\n|move|p1b: Miraidon|Electro Drift|p2b: Calyrex\n|-damage|p2b: Calyrex|60/100\n|move|p1a: Volcarona|Flamethrower|p2b: Calyrex\n|-supereffective|p2b: Calyrex\n|-damage|p2b: Calyrex|0 fnt\n|faint|p2b: Calyrex\n|\n|win|Ryderrrrr\n|raw|Ryderrrrr's rating: 1315 &rarr; <strong>1337</strong><br />(+22 for winning)\n|raw|jonen's rating: 1350 &rarr; <strong>1328</strong><br />(-22 for losing)\n","uploadtime":1773776918,"views":10,"formatid":"gen9vgc2026regi","rating":1328,"private":0,"password":null}