{"id":"gen9vgc2026regi-2550464504","format":"[Gen 9] VGC 2026 Reg I","players":["purplepiglis13","CHR1SPHX"],"log":"|j|\u2606purplepiglis13\n|j|\u2606CHR1SPHX\n|t:|1772489878\n|gametype|doubles\n|player|p1|purplepiglis13|blackbelt-gen4dp|1447\n|player|p2|CHR1SPHX|hilbert-wonderlauncher|1302\n|gen|9\n|tier|[Gen 9] VGC 2026 Reg I\n|rated|\n|rule|Species Clause: Limit one of each Pok\u00e9mon\n|rule|Item Clause: Limit 1 of each item\n|clearpoke\n|poke|p1|Kyogre, L50|\n|poke|p1|Calyrex-Ice, L50|\n|poke|p1|Rhyperior, L50, F|\n|poke|p1|Urshifu-*, L50, M|\n|poke|p1|Amoonguss, L50, F|\n|poke|p1|Iron Jugulis, L50|\n|poke|p2|Incineroar, L50, M|\n|poke|p2|Koraidon, L50|\n|poke|p2|Flutter Mane, L50|\n|poke|p2|Brute Bonnet, L50|\n|poke|p2|Calyrex-Ice, L50|\n|poke|p2|Farigiraf, L50, F|\n|teampreview|4\n|inactive|Battle timer is ON: inactive players will automatically lose when time's up. (requested by CHR1SPHX)\n|\n|t:|1772489905\n|teamsize|p1|4\n|teamsize|p2|4\n|start\n|switch|p1a: Iron Jugulis|Iron Jugulis, L50|100/100\n|switch|p1b: Calyrex|Calyrex-Ice, L50|100/100\n|switch|p2a: Incineroar|Incineroar, L50, M|100/100\n|switch|p2b: Brute Bonnet|Brute Bonnet, L50, shiny|100/100\n|-ability|p1b: Calyrex|As One\n|-ability|p1b: Calyrex|Unnerve\n|-ability|p2a: Incineroar|Intimidate|boost\n|-unboost|p1a: Iron Jugulis|atk|1\n|-fail|p1b: Calyrex|unboost|[from] item: Clear Amulet|[of] p1b: Calyrex\n|-enditem|p1a: Iron Jugulis|Booster Energy\n|-activate|p1a: Iron Jugulis|ability: Quark Drive|[fromitem]\n|-start|p1a: Iron Jugulis|quarkdrivespe\n|turn|1\n|\n|t:|1772489921\n|switch|p1b: Kyogre|Kyogre, L50|100/100\n|-weather|RainDance|[from] ability: Drizzle|[of] p1b: Kyogre\n|move|p2a: Incineroar|Fake Out|p1b: Kyogre\n|-damage|p1b: Kyogre|90/100\n|move|p1a: Iron Jugulis|Hurricane|p2b: Brute Bonnet\n|-supereffective|p2b: Brute Bonnet\n|-damage|p2b: Brute Bonnet|34/100\n|-start|p2b: Brute Bonnet|confusion\n|-enditem|p2b: Brute Bonnet|Sitrus Berry|[eat]\n|-heal|p2b: Brute Bonnet|58/100|[from] item: Sitrus Berry\n|-activate|p2b: Brute Bonnet|confusion\n|move|p2b: Brute Bonnet|Spore|p1a: Iron Jugulis\n|-status|p1a: Iron Jugulis|slp|[from] move: Spore\n|\n|-weather|RainDance|[upkeep]\n|upkeep\n|turn|2\n|\n|t:|1772489943\n|switch|p2a: Koraidon|Koraidon, L50|100/100\n|-weather|SunnyDay|[from] ability: Orichalcum Pulse|[of] p2a: Koraidon\n|-activate|p2b: Brute Bonnet|ability: Protosynthesis\n|-start|p2b: Brute Bonnet|protosynthesisdef\n|-activate|p2a: Koraidon|Orichalcum Pulse|[source]\n|cant|p1a: Iron Jugulis|slp\n|move|p1b: Kyogre|Water Spout|p2a: Koraidon|[spread] p2a,p2b\n|-resisted|p2a: Koraidon\n|-resisted|p2b: Brute Bonnet\n|-damage|p2a: Koraidon|87/100\n|-damage|p2b: Brute Bonnet|42/100\n|-activate|p2b: Brute Bonnet|confusion\n|-damage|p2b: Brute Bonnet|34/100|[from] confusion\n|\n|-weather|SunnyDay|[upkeep]\n|upkeep\n|turn|3\n|\n|t:|1772489961\n|switch|p1b: Calyrex|Calyrex-Ice, L50|100/100\n|-ability|p1b: Calyrex|As One\n|-ability|p1b: Calyrex|Unnerve\n|cant|p1a: Iron Jugulis|slp\n|move|p2a: Koraidon|Collision Course|p1a: Iron Jugulis\n|-damage|p1a: Iron Jugulis|35/100 slp\n|-end|p2b: Brute Bonnet|confusion\n|move|p2b: Brute Bonnet|Spore|p1b: Calyrex\n|-status|p1b: Calyrex|slp|[from] move: Spore\n|\n|-weather|SunnyDay|[upkeep]\n|upkeep\n|turn|4\n|inactive|CHR1SPHX has 30 seconds left.\n|j| yghy8\n|l| yghy8\n|inactive|CHR1SPHX has 20 seconds left.\n|\n|t:|1772490000\n|-curestatus|p1a: Iron Jugulis|slp|[msg]\n|move|p1a: Iron Jugulis|Tailwind|p1a: Iron Jugulis\n|-sidestart|p1: purplepiglis13|move: Tailwind\n|move|p2a: Koraidon|Collision Course|p1a: Iron Jugulis\n|-damage|p1a: Iron Jugulis|0 fnt\n|faint|p1a: Iron Jugulis\n|-end|p1a: Iron Jugulis|Quark Drive|[silent]\n|cant|p1b: Calyrex|slp\n|move|p2b: Brute Bonnet|Lash Out|p1b: Calyrex\n|-supereffective|p1b: Calyrex\n|-damage|p1b: Calyrex|62/100 slp\n|\n|-weather|SunnyDay|[upkeep]\n|upkeep\n|\n|t:|1772490008\n|switch|p1a: Kyogre|Kyogre, L50|90/100\n|-weather|RainDance|[from] ability: Drizzle|[of] p1a: Kyogre\n|-end|p2b: Brute Bonnet|Protosynthesis\n|turn|5\n|\n|t:|1772490025\n|switch|p2a: Flutter Mane|Flutter Mane, L50|100/100\n|move|p1a: Kyogre|Origin Pulse|p2b: Brute Bonnet|[spread] p2a,p2b\n|-resisted|p2b: Brute Bonnet\n|-enditem|p2a: Flutter Mane|Focus Sash\n|-damage|p2a: Flutter Mane|1/100\n|-damage|p2b: Brute Bonnet|0 fnt\n|faint|p2b: Brute Bonnet\n|-end|p2b: Brute Bonnet|Protosynthesis|[silent]\n|cant|p1b: Calyrex|slp\n|\n|-weather|RainDance|[upkeep]\n|upkeep\n|\n|t:|1772490028\n|switch|p2b: Koraidon|Koraidon, L50|87/100\n|-weather|SunnyDay|[from] ability: Orichalcum Pulse|[of] p2b: Koraidon\n|-activate|p2a: Flutter Mane|ability: Protosynthesis\n|-start|p2a: Flutter Mane|protosynthesisspe\n|-activate|p2b: Koraidon|Orichalcum Pulse|[source]\n|turn|6\n|\n|t:|1772490047\n|switch|p1b: Rhyperior|Rhyperior, L50, F|100/100\n|move|p2a: Flutter Mane|Shadow Ball|p1b: Rhyperior\n|-damage|p1b: Rhyperior|69/100\n|move|p1a: Kyogre|Origin Pulse|p2a: Flutter Mane|[spread] p2a,p2b\n|-resisted|p2b: Koraidon\n|-damage|p2a: Flutter Mane|0 fnt\n|-damage|p2b: Koraidon|77/100\n|faint|p2a: Flutter Mane\n|-end|p2a: Flutter Mane|Protosynthesis|[silent]\n|move|p2b: Koraidon|Collision Course|p1b: Rhyperior\n|-supereffective|p1b: Rhyperior\n|-damage|p1b: Rhyperior|0 fnt\n|faint|p1b: Rhyperior\n|\n|-weather|SunnyDay|[upkeep]\n|upkeep\n|\n|t:|1772490061\n|switch|p2a: Incineroar|Incineroar, L50, M|100/100\n|switch|p1b: Calyrex|Calyrex-Ice, L50|62/100 slp\n|-ability|p1b: Calyrex|As One\n|-ability|p1b: Calyrex|Unnerve\n|-ability|p2a: Incineroar|Intimidate|boost\n|-unboost|p1a: Kyogre|atk|1\n|-fail|p1b: Calyrex|unboost|[from] item: Clear Amulet|[of] p1b: Calyrex\n|turn|7\n|\n|t:|1772490075\n|-curestatus|p1b: Calyrex|slp|[msg]\n|move|p1b: Calyrex|Protect|p1b: Calyrex\n|-singleturn|p1b: Calyrex|Protect\n|move|p2a: Incineroar|Fake Out|p1b: Calyrex\n|-activate|p1b: Calyrex|move: Protect\n|move|p1a: Kyogre|Origin Pulse|p2b: Koraidon|[spread] p2a,p2b\n|-supereffective|p2a: Incineroar\n|-resisted|p2b: Koraidon\n|-damage|p2a: Incineroar|32/100\n|-damage|p2b: Koraidon|65/100\n|move|p2b: Koraidon|Collision Course|p1a: Kyogre\n|-damage|p1a: Kyogre|31/100\n|\n|-weather|SunnyDay|[upkeep]\n|-sideend|p1: purplepiglis13|move: Tailwind\n|upkeep\n|turn|8\n|\n|t:|1772490090\n|-terastallize|p2b: Koraidon|Fire\n|-terastallize|p1b: Calyrex|Water\n|move|p2b: Koraidon|Collision Course|p1a: Kyogre\n|-damage|p1a: Kyogre|0 fnt\n|faint|p1a: Kyogre\n|move|p2a: Incineroar|Flare Blitz|p1b: Calyrex\n|-resisted|p1b: Calyrex\n|-damage|p1b: Calyrex|42/100\n|-damage|p2a: Incineroar|25/100|[from] Recoil\n|move|p1b: Calyrex|Trick Room|p1b: Calyrex\n|-fieldstart|move: Trick Room|[of] p1b: Calyrex\n|\n|-weather|SunnyDay|[upkeep]\n|upkeep\n|turn|9\n|\n|t:|1772490108\n|move|p1b: Calyrex|Protect|p1b: Calyrex\n|-singleturn|p1b: Calyrex|Protect\n|move|p2a: Incineroar|Flare Blitz|p1b: Calyrex\n|-activate|p1b: Calyrex|move: Protect\n|move|p2b: Koraidon|Collision Course|p1b: Calyrex\n|-activate|p1b: Calyrex|move: Protect\n|\n|-weather|SunnyDay|[upkeep]\n|upkeep\n|turn|10\n|\n|t:|1772490112\n|move|p1b: Calyrex|High Horsepower|p2b: Koraidon\n|-supereffective|p2b: Koraidon\n|-damage|p2b: Koraidon|2/100\n|move|p2a: Incineroar|Flare Blitz|p1b: Calyrex\n|-resisted|p1b: Calyrex\n|-damage|p1b: Calyrex|21/100\n|-damage|p2a: Incineroar|18/100|[from] Recoil\n|move|p2b: Koraidon|Collision Course|p1b: Calyrex\n|-damage|p1b: Calyrex|0 fnt\n|faint|p1b: Calyrex\n|\n|win|CHR1SPHX\n|raw|purplepiglis13's rating: 1447 &rarr; <strong>1419</strong><br />(-28 for losing)\n|raw|CHR1SPHX's rating: 1302 &rarr; <strong>1330</strong><br />(+28 for winning)\n|l|\u2606purplepiglis13\n|player|p1|\n|l|\u2606CHR1SPHX\n|player|p2|\n","uploadtime":1772490300,"views":12,"formatid":"gen9vgc2026regi","rating":1330,"private":0,"password":null}