{"id":"gen9vgc2026regi-2573831771","format":"[Gen 9] VGC 2026 Reg I","players":["pigs2fly","fernsthedruids"],"log":"|j|\u2606pigs2fly\n|j|\u2606fernsthedruids\n|t:|1775169173\n|gametype|doubles\n|player|p1|pigs2fly|dexio|1536\n|player|p2|fernsthedruids|101|1541\n|gen|9\n|tier|[Gen 9] VGC 2026 Reg I\n|rated|\n|rule|Species Clause: Limit one of each Pok\u00e9mon\n|rule|Item Clause: Limit 1 of each item\n|clearpoke\n|poke|p1|Annihilape, L50, M|\n|poke|p1|Roaring Moon, L50|\n|poke|p1|Dondozo, L50, M|\n|poke|p1|Tatsugiri, L50, F|\n|poke|p1|Zacian-*, L50|\n|poke|p1|Kyogre, L50|\n|poke|p2|Kyogre, L50|\n|poke|p2|Calyrex-Ice, L50|\n|poke|p2|Raging Bolt, L50|\n|poke|p2|Tornadus, L50, M|\n|poke|p2|Incineroar, L50, F|\n|poke|p2|Amoonguss, L50, M|\n|teampreview|4\n|j| Happppyyyyyy\n|\n|t:|1775169199\n|teamsize|p1|4\n|teamsize|p2|4\n|start\n|switch|p1a: Kyogre|Kyogre, L50|100/100\n|switch|p1b: Zacian|Zacian-Crowned, L50, shiny|100/100\n|switch|p2a: Incineroar|Incineroar, L50, F|100/100\n|switch|p2b: Calyrex|Calyrex-Ice, L50|100/100\n|-ability|p2b: Calyrex|As One\n|-ability|p2b: Calyrex|Unnerve\n|-ability|p1b: Zacian|Intrepid Sword|boost\n|-boost|p1b: Zacian|atk|1\n|-weather|RainDance|[from] ability: Drizzle|[of] p1a: Kyogre\n|-ability|p2a: Incineroar|Intimidate|boost\n|-unboost|p1a: Kyogre|atk|1\n|-unboost|p1b: Zacian|atk|1\n|turn|1\n|\n|t:|1775169218\n|-terastallize|p1a: Kyogre|Ghost\n|-terastallize|p2b: Calyrex|Dragon\n|move|p2a: Incineroar|Fake Out|p1a: Kyogre\n|-immune|p1a: Kyogre\n|move|p1b: Zacian|Behemoth Blade|p2b: Calyrex\n|-crit|p2b: Calyrex\n|-damage|p2b: Calyrex|44/100\n|move|p1a: Kyogre|Water Spout|p2b: Calyrex|[spread] p2a,p2b\n|-supereffective|p2a: Incineroar\n|-resisted|p2b: Calyrex\n|-damage|p2a: Incineroar|0 fnt\n|-damage|p2b: Calyrex|9/100\n|faint|p2a: Incineroar\n|move|p2b: Calyrex|Trick Room|p2b: Calyrex\n|-fieldstart|move: Trick Room|[of] p2b: Calyrex\n|\n|-weather|RainDance|[upkeep]\n|upkeep\n|\n|t:|1775169229\n|switch|p2a: Kyogre|Kyogre, L50|100/100\n|turn|2\n|\n|t:|1775169233\n|move|p1b: Zacian|Protect|p1b: Zacian\n|-singleturn|p1b: Zacian|Protect\n|move|p2b: Calyrex|Glacial Lance|p1b: Zacian|[spread] p1a\n|-activate|p1b: Zacian|move: Protect\n|-damage|p1a: Kyogre|47/100\n|move|p1a: Kyogre|Origin Pulse|p2a: Kyogre|[spread] p2b\n|-miss|p1a: Kyogre|p2a: Kyogre\n|-resisted|p2b: Calyrex\n|-damage|p2b: Calyrex|0 fnt\n|faint|p2b: Calyrex\n|move|p2a: Kyogre|Water Spout|p1a: Kyogre|[spread] p1a\n|-activate|p1b: Zacian|move: Protect\n|-damage|p1a: Kyogre|0 fnt\n|faint|p1a: Kyogre\n|\n|-weather|RainDance|[upkeep]\n|upkeep\n|\n|t:|1775169242\n|switch|p2b: Raging Bolt|Raging Bolt, L50|100/100\n|switch|p1a: Dondozo|Dondozo, L50, M|100/100\n|turn|3\n|\n|t:|1775169248\n|switch|p1b: Tatsugiri|Tatsugiri, L50, F|100/100\n|-activate|p1b: Tatsugiri|ability: Commander|[of] p1a: Dondozo\n|-boost|p1a: Dondozo|atk|2\n|-boost|p1a: Dondozo|spa|2\n|-boost|p1a: Dondozo|spe|2\n|-boost|p1a: Dondozo|def|2\n|-boost|p1a: Dondozo|spd|2\n|move|p2b: Raging Bolt|Thunderbolt|p1a: Dondozo\n|-supereffective|p1a: Dondozo\n|-damage|p1a: Dondozo|48/100\n|-status|p1a: Dondozo|par\n|-damage|p2b: Raging Bolt|91/100|[from] item: Life Orb\n|move|p1a: Dondozo|Earthquake|p2b: Raging Bolt|[spread] p2a,p2b\n|-miss|p1a: Dondozo|p1b: Tatsugiri\n|-supereffective|p2b: Raging Bolt\n|-damage|p2a: Kyogre|57/100\n|-damage|p2b: Raging Bolt|19/100\n|move|p2a: Kyogre|Water Spout|p1a: Dondozo|[spread] p1a\n|-miss|p2a: Kyogre|p1b: Tatsugiri\n|-resisted|p1a: Dondozo\n|-damage|p1a: Dondozo|33/100 par\n|\n|-weather|RainDance|[upkeep]\n|-heal|p1a: Dondozo|40/100 par|[from] item: Leftovers\n|upkeep\n|turn|4\n|c|\u2606fernsthedruids|why did I para\n|c|\u2606fernsthedruids|fuck\n|\n|t:|1775169278\n|move|p1a: Dondozo|Protect|p1a: Dondozo\n|-singleturn|p1a: Dondozo|Protect\n|move|p2b: Raging Bolt|Thunderbolt|p1a: Dondozo\n|-activate|p1a: Dondozo|move: Protect\n|move|p2a: Kyogre|Origin Pulse|p1b: Tatsugiri|[spread] \n|-miss|p2a: Kyogre|p1b: Tatsugiri\n|-activate|p1a: Dondozo|move: Protect\n|\n|-weather|RainDance|[upkeep]\n|-heal|p1a: Dondozo|46/100 par|[from] item: Leftovers\n|upkeep\n|turn|5\n|\n|t:|1775169284\n|move|p1a: Dondozo|Earthquake|p2b: Raging Bolt|[spread] p2a,p2b\n|-miss|p1a: Dondozo|p1b: Tatsugiri\n|-supereffective|p2b: Raging Bolt\n|-crit|p2b: Raging Bolt\n|-damage|p2a: Kyogre|14/100\n|-damage|p2b: Raging Bolt|0 fnt\n|faint|p2b: Raging Bolt\n|-end|p2b: Raging Bolt|Protosynthesis|[silent]\n|move|p2a: Kyogre|Hydro Pump|p1a: Dondozo|[miss]\n|-miss|p2a: Kyogre|p1a: Dondozo\n|\n|-weather|none\n|-heal|p1a: Dondozo|52/100 par|[from] item: Leftovers\n|-fieldend|move: Trick Room\n|upkeep\n|turn|6\n|c|\u2606fernsthedruids|wlep\n|l| Happppyyyyyy\n|-message|fernsthedruids forfeited.\n|\n|win|pigs2fly\n|raw|pigs2fly's rating: 1536 &rarr; <strong>1556</strong><br />(+20 for winning)\n|raw|fernsthedruids's rating: 1541 &rarr; <strong>1521</strong><br />(-20 for losing)\n|l|\u2606pigs2fly\n|player|p1|\n|c|\u2606fernsthedruids|I sure did fuck myself with a 10% there\n|l|\u2606fernsthedruids\n|player|p2|\n","uploadtime":1775169467,"views":25,"formatid":"gen9vgc2026regi","rating":1521,"private":0,"password":null}