{"id":"gen9vgc2026regi-2580878610","format":"[Gen 9] VGC 2026 Reg I","players":["silveryo321","Nasihasi"],"log":"|j|\u2606silveryo321\n|j|\u2606Nasihasi\n|t:|1775939927\n|gametype|doubles\n|player|p1|silveryo321|ethan|1444\n|player|p2|Nasihasi|hiker-gen4|1559\n|gen|9\n|tier|[Gen 9] VGC 2026 Reg I\n|rated|\n|rule|Species Clause: Limit one of each Pok\u00e9mon\n|rule|Item Clause: Limit 1 of each item\n|clearpoke\n|poke|p1|Brute Bonnet, L50|\n|poke|p1|Lunala, L50|\n|poke|p1|Ursaluna, L50, M|\n|poke|p1|Chi-Yu, L50|\n|poke|p1|Koraidon, L50|\n|poke|p1|Flutter Mane, L50|\n|poke|p2|Calyrex-Shadow, L50|\n|poke|p2|Zamazenta-*, L50|\n|poke|p2|Rillaboom, L50, F|\n|poke|p2|Raging Bolt, L50|\n|poke|p2|Ogerpon-Hearthflame, L50, F|\n|poke|p2|Incineroar, L50, F|\n|teampreview|4\n|\n|t:|1775939954\n|teamsize|p1|4\n|teamsize|p2|4\n|start\n|switch|p1a: Gwyndolin|Lunala, L50, shiny|100/100\n|switch|p1b: G.O.A.T|Flutter Mane, L50, shiny|100/100\n|switch|p2a: Raging Bolt|Raging Bolt, L50|100/100\n|switch|p2b: Ogerpon|Ogerpon-Hearthflame, L50, F|100/100\n|-ability|p2b: Ogerpon|Mold Breaker\n|-enditem|p2a: Raging Bolt|Booster Energy\n|-activate|p2a: Raging Bolt|ability: Protosynthesis|[fromitem]\n|-start|p2a: Raging Bolt|protosynthesisspa\n|turn|1\n|\n|t:|1775939979\n|-terastallize|p2a: Raging Bolt|Electric\n|move|p2b: Ogerpon|Spiky Shield|p2b: Ogerpon\n|-singleturn|p2b: Ogerpon|move: Protect\n|move|p1b: G.O.A.T|Moonblast|p2a: Raging Bolt\n|-damage|p2a: Raging Bolt|68/100\n|move|p2a: Raging Bolt|Thunderbolt|p1b: G.O.A.T\n|-damage|p1b: G.O.A.T|30/100\n|move|p1a: Gwyndolin|Meteor Beam||[still]\n|-prepare|p1a: Gwyndolin|Meteor Beam\n|-boost|p1a: Gwyndolin|spa|1\n|-enditem|p1a: Gwyndolin|Power Herb\n|-anim|p1a: Gwyndolin|Meteor Beam|p2b: Ogerpon\n|-activate|p2b: Ogerpon|move: Protect\n|\n|upkeep\n|turn|2\n|\n|t:|1775940004\n|switch|p2b: Rillaboom|Rillaboom, L50, F|100/100\n|-fieldstart|move: Grassy Terrain|[from] ability: Grassy Surge|[of] p2b: Rillaboom\n|move|p1b: G.O.A.T|Moonblast|p2a: Raging Bolt\n|-damage|p2a: Raging Bolt|35/100\n|-unboost|p2a: Raging Bolt|spa|1\n|move|p2a: Raging Bolt|Thunderbolt|p1a: Gwyndolin\n|-damage|p1a: Gwyndolin|83/100\n|move|p1a: Gwyndolin|Moongeist Beam|p2a: Raging Bolt\n|-damage|p2a: Raging Bolt|0 fnt\n|faint|p2a: Raging Bolt\n|-end|p2a: Raging Bolt|Protosynthesis|[silent]\n|\n|-heal|p1b: G.O.A.T|36/100|[from] Grassy Terrain\n|-heal|p1a: Gwyndolin|89/100|[from] Grassy Terrain\n|upkeep\n|\n|t:|1775940019\n|switch|p2a: Ogerpon|Ogerpon-Hearthflame, L50, F|100/100\n|-ability|p2a: Ogerpon|Mold Breaker\n|turn|3\n|\n|t:|1775940028\n|move|p1b: G.O.A.T|Protect|p1b: G.O.A.T\n|-singleturn|p1b: G.O.A.T|Protect\n|move|p2a: Ogerpon|Ivy Cudgel|p1a: Gwyndolin|[anim] Ivy Cudgel Fire\n|-damage|p1a: Gwyndolin|50/100\n|move|p2b: Rillaboom|Wood Hammer|p1a: Gwyndolin\n|-damage|p1a: Gwyndolin|0 fnt\n|faint|p1a: Gwyndolin\n|-damage|p2b: Rillaboom|81/100|[from] Recoil\n|\n|-heal|p1b: G.O.A.T|42/100|[from] Grassy Terrain\n|-heal|p2b: Rillaboom|87/100|[from] Grassy Terrain\n|upkeep\n|\n|t:|1775940038\n|switch|p1a: Fishey|Chi-Yu, L50, shiny|100/100\n|-ability|p1a: Fishey|Beads of Ruin\n|turn|4\n|\n|t:|1775940064\n|-end|p1b: G.O.A.T|Protosynthesis|[silent]\n|switch|p1b: Demon Korai|Koraidon, L50, shiny|100/100\n|-weather|SunnyDay|[from] ability: Orichalcum Pulse|[of] p1b: Demon Korai\n|-activate|p1b: Demon Korai|Orichalcum Pulse|[source]\n|move|p2a: Ogerpon|Grassy Glide|p1b: Demon Korai\n|-resisted|p1b: Demon Korai\n|-damage|p1b: Demon Korai|86/100\n|move|p1a: Fishey|Heat Wave|p2a: Ogerpon|[spread] p2a,p2b\n|-supereffective|p2b: Rillaboom\n|-damage|p2a: Ogerpon|30/100\n|-damage|p2b: Rillaboom|0 fnt\n|faint|p2b: Rillaboom\n|\n|-weather|SunnyDay|[upkeep]\n|-heal|p1b: Demon Korai|91/100|[from] Grassy Terrain\n|-heal|p2a: Ogerpon|36/100|[from] Grassy Terrain\n|upkeep\n|\n|t:|1775940067\n|switch|p2b: Incineroar|Incineroar, L50, F|100/100\n|-ability|p2b: Incineroar|Intimidate|boost\n|-unboost|p1a: Fishey|atk|1\n|-unboost|p1b: Demon Korai|atk|1\n|turn|5\n|-message|Nasihasi forfeited.\n|\n|win|silveryo321\n|raw|silveryo321's rating: 1444 &rarr; <strong>1470</strong><br />(+26 for winning)\n|raw|Nasihasi's rating: 1559 &rarr; <strong>1533</strong><br />(-26 for losing)\n|l|\u2606Nasihasi\n|player|p2|\n|l|\u2606silveryo321\n|player|p1|\n","uploadtime":1775940222,"views":16,"formatid":"gen9vgc2026regi","rating":1470,"private":0,"password":null}