{"id":"gen9vgc2026regi-2558778794","format":"[Gen 9] VGC 2026 Reg I","players":["palHunter","kojimuranishi"],"log":"|j|\u2606palHunter\n|j|\u2606kojimuranishi\n|t:|1773481042\n|gametype|doubles\n|player|p1|palHunter|dawn|1491\n|player|p2|kojimuranishi|265|1475\n|gen|9\n|tier|[Gen 9] VGC 2026 Reg I\n|rated|\n|rule|Species Clause: Limit one of each Pok\u00e9mon\n|rule|Item Clause: Limit 1 of each item\n|clearpoke\n|poke|p1|Miraidon, L50|\n|poke|p1|Amoonguss, L50, F|\n|poke|p1|Calyrex-Ice, L50|\n|poke|p1|Urshifu-*, L50, M|\n|poke|p1|Incineroar, L50, F|\n|poke|p1|Landorus, L50, M|\n|poke|p2|Raging Bolt, L50|\n|poke|p2|Calyrex-Ice, L50|\n|poke|p2|Kyogre, L50|\n|poke|p2|Indeedee-F, L50, F|\n|poke|p2|Ursaluna, L50, F|\n|poke|p2|Ogerpon-Cornerstone, L50, F|\n|teampreview|4\n|inactive|Battle timer is ON: inactive players will automatically lose when time's up. (requested by kojimuranishi)\n|j| tunderblader\n|inactive|palHunter has 60 seconds left.\n|l|\u2606palHunter\n|inactive|palHunter disconnected and has a minute to reconnect!\n|player|p1|\n|j|\u2606palHunter\n|inactive|palHunter reconnected and has 40 seconds left.\n|player|p1|palHunter|dawn|\n|inactive|palHunter has 30 seconds left.\n|\n|t:|1773481109\n|teamsize|p1|4\n|teamsize|p2|4\n|start\n|switch|p1a: Calyrex|Calyrex-Ice, L50|100/100\n|switch|p1b: Incineroar|Incineroar, L50, F, shiny|100/100\n|switch|p2a: Indeedee|Indeedee-F, L50, F|100/100\n|switch|p2b: Kyogre|Kyogre, L50|100/100\n|-ability|p1a: Calyrex|As One\n|-ability|p1a: Calyrex|Unnerve\n|-weather|RainDance|[from] ability: Drizzle|[of] p2b: Kyogre\n|-ability|p1b: Incineroar|Intimidate|boost\n|-unboost|p2a: Indeedee|atk|1\n|-unboost|p2b: Kyogre|atk|1\n|-fieldstart|move: Psychic Terrain|[from] ability: Psychic Surge|[of] p2a: Indeedee\n|turn|1\n|\n|t:|1773481128\n|switch|p1a: Miraidon|Miraidon, L50|100/100\n|-fieldstart|move: Electric Terrain|[from] ability: Hadron Engine|[of] p1a: Miraidon\n|-terastallize|p2b: Kyogre|Water\n|move|p1b: Incineroar|Fake Out|p2b: Kyogre\n|-damage|p2b: Kyogre|87/100\n|cant|p2b: Kyogre|flinch\n|move|p2a: Indeedee|Psychic|p1a: Miraidon\n|-damage|p1a: Miraidon|73/100\n|\n|-weather|RainDance|[upkeep]\n|upkeep\n|turn|2\n|\n|t:|1773481151\n|-terastallize|p1a: Miraidon|Electric\n|move|p2a: Indeedee|Follow Me|p2a: Indeedee\n|-singleturn|p2a: Indeedee|move: Follow Me\n|move|p1a: Miraidon|Discharge|p2b: Kyogre|[spread] p1b,p2a,p2b\n|-supereffective|p2b: Kyogre\n|-damage|p1b: Incineroar|55/100\n|-damage|p2a: Indeedee|18/100\n|-damage|p2b: Kyogre|0 fnt\n|-status|p1b: Incineroar|par\n|faint|p2b: Kyogre\n|cant|p1b: Incineroar|par\n|\n|-weather|RainDance|[upkeep]\n|upkeep\n|\n|t:|1773481167\n|switch|p2b: Calyrex|Calyrex-Ice, L50|100/100\n|-ability|p2b: Calyrex|As One\n|-ability|p2b: Calyrex|Unnerve\n|turn|3\n|\n|t:|1773481182\n|switch|p1a: Calyrex|Calyrex-Ice, L50|100/100\n|-ability|p1a: Calyrex|As One\n|-ability|p1a: Calyrex|Unnerve\n|move|p2a: Indeedee|Follow Me|p2a: Indeedee\n|-singleturn|p2a: Indeedee|move: Follow Me\n|move|p2b: Calyrex|Glacial Lance|p1a: Calyrex|[spread] p1a,p1b\n|-resisted|p1a: Calyrex\n|-resisted|p1b: Incineroar\n|-damage|p1a: Calyrex|87/100\n|-damage|p1b: Incineroar|33/100 par\n|move|p1b: Incineroar|U-turn|p2a: Indeedee\n|-supereffective|p2a: Indeedee\n|-damage|p2a: Indeedee|0 fnt\n|faint|p2a: Indeedee\n|\n|t:|1773481200\n|switch|p1b: Miraidon|Miraidon, L50, tera:Electric|73/100|[from] U-turn\n|-activate|p1b: Miraidon|ability: Hadron Engine\n|\n|-weather|RainDance|[upkeep]\n|upkeep\n|\n|t:|1773481206\n|switch|p2a: Ogerpon|Ogerpon-Cornerstone, L50, F|100/100\n|turn|4\n|\n|t:|1773481213\n|move|p1b: Miraidon|Volt Switch|p2b: Calyrex\n|-damage|p2b: Calyrex|51/100\n|j| hfhslf9\n|\n|t:|1773481216\n|switch|p1b: Incineroar|Incineroar, L50, F, shiny|33/100 par|[from] Volt Switch\n|-ability|p1b: Incineroar|Intimidate|boost\n|-unboost|p2a: Ogerpon|atk|1\n|-unboost|p2b: Calyrex|atk|1\n|move|p2a: Ogerpon|Ivy Cudgel|p1a: Calyrex|[anim] Ivy Cudgel Rock\n|-supereffective|p1a: Calyrex\n|-crit|p1a: Calyrex\n|-damage|p1a: Calyrex|0 fnt\n|faint|p1a: Calyrex\n|move|p2b: Calyrex|Glacial Lance|p1b: Incineroar\n|-resisted|p1b: Incineroar\n|-damage|p1b: Incineroar|14/100 par\n|\n|-weather|RainDance|[upkeep]\n|-heal|p2b: Calyrex|57/100|[from] item: Leftovers\n|upkeep\n|\n|t:|1773481232\n|switch|p1a: Urshifu|Urshifu-Rapid-Strike, L50, M|100/100\n|turn|5\n|\n|t:|1773481239\n|move|p1b: Incineroar|Fake Out|p2b: Calyrex\n|-damage|p2b: Calyrex|50/100\n|move|p2a: Ogerpon|Power Whip|p1a: Urshifu\n|-supereffective|p1a: Urshifu\n|-enditem|p1a: Urshifu|Focus Sash\n|-damage|p1a: Urshifu|1/100\n|move|p1a: Urshifu|Surging Strikes|p2b: Calyrex\n|-crit|p2b: Calyrex\n|-damage|p2b: Calyrex|30/100\n|-crit|p2b: Calyrex\n|-damage|p2b: Calyrex|12/100\n|-crit|p2b: Calyrex\n|-damage|p2b: Calyrex|0 fnt\n|faint|p2b: Calyrex\n|-hitcount|p2: Calyrex|3\n|\n|-weather|none\n|-fieldend|move: Electric Terrain\n|upkeep\n|turn|6\n|\n|t:|1773481258\n|move|p1a: Urshifu|Aqua Jet|p2a: Ogerpon\n|-damage|p2a: Ogerpon|70/100\n|move|p2a: Ogerpon|Ivy Cudgel|p1a: Urshifu|[anim] Ivy Cudgel Rock\n|-resisted|p1a: Urshifu\n|-crit|p1a: Urshifu\n|-damage|p1a: Urshifu|0 fnt\n|faint|p1a: Urshifu\n|cant|p1b: Incineroar|par\n|\n|upkeep\n|\n|t:|1773481268\n|switch|p1a: Miraidon|Miraidon, L50, tera:Electric|73/100\n|-fieldstart|move: Electric Terrain|[from] ability: Hadron Engine|[of] p1a: Miraidon\n|turn|7\n|\n|t:|1773481280\n|move|p1a: Miraidon|Electro Drift|p2a: Ogerpon\n|-resisted|p2a: Ogerpon\n|-damage|p2a: Ogerpon|0 fnt\n|faint|p2a: Ogerpon\n|\n|win|palHunter\n|raw|palHunter's rating: 1491 &rarr; <strong>1510</strong><br />(+19 for winning)\n|raw|kojimuranishi's rating: 1475 &rarr; <strong>1456</strong><br />(-19 for losing)\n|l| tunderblader\n|l|\u2606kojimuranishi\n|player|p2|\n|l|\u2606palHunter\n|player|p1|\n|l| hfhslf9\n|j|\u2606palHunter\n|player|p1|palHunter|dawn|\n|l|\u2606palHunter\n|player|p1|\n","uploadtime":1773481506,"views":18,"formatid":"gen9vgc2026regi","rating":1456,"private":0,"password":null}