{"id":"gen9vgc2026regi-2525293580","format":"[Gen 9] VGC 2026 Reg I","players":["jpto5","maihuyvuan"],"log":"|j|\u2606jpto5\n|j|\u2606maihuyvuan\n|t:|1769264232\n|gametype|doubles\n|player|p1|jpto5|170|1168\n|player|p2|maihuyvuan|lucas|1095\n|gen|9\n|tier|[Gen 9] VGC 2026 Reg I\n|rated|\n|rule|Species Clause: Limit one of each Pok\u00e9mon\n|rule|Item Clause: Limit 1 of each item\n|clearpoke\n|poke|p1|Tornadus, L50, M|\n|poke|p1|Kyogre, L50|\n|poke|p1|Zacian-*, L50|\n|poke|p1|Basculegion, L50, M|\n|poke|p1|Kilowattrel, L50, F|\n|poke|p1|Overqwil, L50, F|\n|poke|p2|Calyrex-Ice, L50|\n|poke|p2|Palkia, L50|\n|poke|p2|Amoonguss, L50, M|\n|poke|p2|Incineroar, L50, M|\n|poke|p2|Lilligant-Hisui, L50, F|\n|poke|p2|Torkoal, L50, M|\n|teampreview|4\n|inactive|Battle timer is ON: inactive players will automatically lose when time's up. (requested by jpto5)\n|\n|t:|1769264253\n|teamsize|p1|4\n|teamsize|p2|4\n|start\n|switch|p1a: Tornadus|Tornadus, L50, M|100/100\n|switch|p1b: Zacian|Zacian-Crowned, L50|100/100\n|switch|p2a: Palkia|Palkia, L50|100/100\n|switch|p2b: Amoonguss|Amoonguss, L50, M|100/100\n|-ability|p1b: Zacian|Intrepid Sword|boost\n|-boost|p1b: Zacian|atk|1\n|-ability|p2a: Palkia|Pressure\n|turn|1\n|\n|t:|1769264268\n|move|p2b: Amoonguss|Rage Powder|p2b: Amoonguss\n|-singleturn|p2b: Amoonguss|move: Rage Powder\n|move|p1a: Tornadus|Taunt|p2b: Amoonguss\n|-start|p2b: Amoonguss|move: Taunt\n|move|p1b: Zacian|Play Rough|p2b: Amoonguss\n|-resisted|p2b: Amoonguss\n|-damage|p2b: Amoonguss|71/100\n|-damage|p1b: Zacian|84/100|[from] item: Rocky Helmet|[of] p2b: Amoonguss\n|move|p2a: Palkia|Trick Room|p2a: Palkia\n|-fieldstart|move: Trick Room|[of] p2a: Palkia\n|\n|upkeep\n|turn|2\n|\n|t:|1769264289\n|switch|p2b: Calyrex|Calyrex-Ice, L50|100/100\n|-ability|p2b: Calyrex|As One\n|-ability|p2b: Calyrex|Unnerve\n|switch|p2a: Incineroar|Incineroar, L50, M|100/100\n|-ability|p2a: Incineroar|Intimidate|boost\n|-unboost|p1a: Tornadus|atk|1\n|-unboost|p1b: Zacian|atk|1\n|move|p1a: Tornadus|Bleakwind Storm|p2a: Incineroar|[spread] p2a,p2b\n|-damage|p2a: Incineroar|77/100\n|-damage|p2b: Calyrex|76/100\n|move|p1b: Zacian|Play Rough|p2a: Incineroar\n|-damage|p2a: Incineroar|19/100\n|\n|upkeep\n|turn|3\n|inactive|jpto5 has 30 seconds left.\n|inactive|maihuyvuan has 30 seconds left.\n|\n|t:|1769264317\n|switch|p1a: Kyogre|Kyogre, L50|100/100\n|-weather|RainDance|[from] ability: Drizzle|[of] p1a: Kyogre\n|move|p2b: Calyrex|High Horsepower|p1b: Zacian\n|-supereffective|p1b: Zacian\n|-damage|p1b: Zacian|0 fnt\n|faint|p1b: Zacian\n|-ability|p2b: Calyrex|Chilling Neigh|boost\n|-boost|p2b: Calyrex|atk|1\n|move|p2a: Incineroar|U-turn|p1a: Kyogre\n|-damage|p1a: Kyogre|74/100\n|\n|t:|1769264334\n|switch|p2a: Amoonguss|Amoonguss, L50, M|100/100|[from] U-turn\n|\n|-weather|RainDance|[upkeep]\n|upkeep\n|\n|t:|1769264338\n|switch|p1b: Tornadus|Tornadus, L50, M|100/100\n|turn|4\n|\n|t:|1769264354\n|move|p1b: Tornadus|Taunt|p2a: Amoonguss\n|-start|p2a: Amoonguss|move: Taunt\n|cant|p2a: Amoonguss|move: Taunt|Spore\n|move|p2b: Calyrex|Glacial Lance|p1b: Tornadus|[spread] p1a,p1b\n|-resisted|p1a: Kyogre\n|-supereffective|p1b: Tornadus\n|-damage|p1a: Kyogre|22/100\n|-enditem|p1b: Tornadus|Focus Sash\n|-damage|p1b: Tornadus|1/100\n|move|p1a: Kyogre|Thunder|p2b: Calyrex\n|-damage|p2b: Calyrex|46/100\n|\n|-weather|RainDance|[upkeep]\n|upkeep\n|turn|5\n|inactive|jpto5 has 30 seconds left.\n|inactive|jpto5 has 20 seconds left.\n|\n|t:|1769264390\n|move|p2a: Amoonguss|Pollen Puff|p2b: Calyrex\n|-heal|p2b: Calyrex|96/100\n|move|p2b: Calyrex|Glacial Lance|p1a: Kyogre|[spread] p1a,p1b\n|-resisted|p1a: Kyogre\n|-supereffective|p1b: Tornadus\n|-damage|p1a: Kyogre|0 fnt\n|-damage|p1b: Tornadus|0 fnt\n|faint|p1a: Kyogre\n|faint|p1b: Tornadus\n|-ability|p2b: Calyrex|Chilling Neigh|boost\n|-boost|p2b: Calyrex|atk|2\n|\n|-weather|RainDance|[upkeep]\n|-fieldend|move: Trick Room\n|upkeep\n|\n|t:|1769264395\n|switch|p1b: Overqwil|Overqwil, L50, F|100/100\n|turn|6\n|\n|t:|1769264411\n|switch|p2a: Incineroar|Incineroar, L50, M|19/100\n|-ability|p2a: Incineroar|Intimidate|boost\n|-unboost|p1b: Overqwil|atk|1\n|move|p2b: Calyrex|Protect|p2b: Calyrex\n|-singleturn|p2b: Calyrex|Protect\n|move|p1b: Overqwil|Throat Chop|p2b: Calyrex\n|-activate|p2b: Calyrex|move: Protect\n|\n|-weather|RainDance|[upkeep]\n|upkeep\n|turn|7\n|\n|t:|1769264425\n|move|p1b: Overqwil|Protect|p1b: Overqwil\n|-singleturn|p1b: Overqwil|Protect\n|move|p2a: Incineroar|Fake Out|p1b: Overqwil\n|-activate|p1b: Overqwil|move: Protect\n|move|p2b: Calyrex|Glacial Lance|p1b: Overqwil\n|-activate|p1b: Overqwil|move: Protect\n|\n|-weather|none\n|upkeep\n|turn|8\n|\n|t:|1769264442\n|switch|p2a: Amoonguss|Amoonguss, L50, M|100/100\n|-terastallize|p1b: Overqwil|Water\n|-terastallize|p2b: Calyrex|Ground\n|move|p1b: Overqwil|Liquidation|p2a: Amoonguss\n|-resisted|p2a: Amoonguss\n|-damage|p2a: Amoonguss|90/100\n|-damage|p1b: Overqwil|84/100|[from] item: Rocky Helmet|[of] p2a: Amoonguss\n|move|p2b: Calyrex|High Horsepower|p1b: Overqwil\n|-damage|p1b: Overqwil|0 fnt\n|faint|p1b: Overqwil\n|\n|win|maihuyvuan\n|raw|jpto5's rating: 1168 &rarr; <strong>1138</strong><br />(-30 for losing)\n|raw|maihuyvuan's rating: 1095 &rarr; <strong>1126</strong><br />(+31 for winning)\n|l|\u2606maihuyvuan\n|player|p2|\n|l|\u2606jpto5\n|player|p1|\n","uploadtime":1769264821,"views":4,"formatid":"gen9vgc2026regi","rating":1126,"private":0,"password":null}