{"id":"gen9vgc2026regi-2590220651","format":"[Gen 9] VGC 2026 Reg I","players":["hunkoraboni","SycrasisEU"],"log":"|j|\u2606hunkoraboni\n|j|\u2606SycrasisEU\n|t:|1776794493\n|gametype|doubles\n|player|p1|hunkoraboni|170|1388\n|player|p2|SycrasisEU|palmer|1445\n|gen|9\n|tier|[Gen 9] VGC 2026 Reg I\n|rated|\n|rule|Species Clause: Limit one of each Pok\u00e9mon\n|rule|Item Clause: Limit 1 of each item\n|clearpoke\n|poke|p1|Calyrex-Shadow, L50|\n|poke|p1|Terapagos, L50, M|\n|poke|p1|Incineroar, L50, F|\n|poke|p1|Ogerpon-Cornerstone, L50, F|\n|poke|p1|Rillaboom, L50, M|\n|poke|p1|Amoonguss, L50, M|\n|poke|p2|Koraidon, L50|\n|poke|p2|Amoonguss, L50, F|\n|poke|p2|Incineroar, L50, M|\n|poke|p2|Walking Wake, L50|\n|poke|p2|Lunala, L50|\n|poke|p2|Tornadus, L50, M|\n|teampreview|4\nhunkoraboni has agreed to open team sheets.\n|inactive|Battle timer is ON: inactive players will automatically lose when time's up. (requested by hunkoraboni)\n|\n|t:|1776794522\n|teamsize|p1|4\n|teamsize|p2|4\n|start\n|switch|p1a: Terapagos|Terapagos, L50, M|100/100\n|switch|p1b: Incineroar|Incineroar, L50, F|100/100\n|switch|p2a: Tornadus|Tornadus, L50, M|100/100\n|switch|p2b: Lunala|Lunala, L50|100/100\n|-activate|p1a: Terapagos|ability: Tera Shift\n|detailschange|p1a: Terapagos|Terapagos-Terastal, L50, M\n|-heal|p1a: Terapagos|100/100|[silent]\n|-ability|p1b: Incineroar|Intimidate|boost\n|-unboost|p2a: Tornadus|atk|1\n|-unboost|p2b: Lunala|atk|1\n|turn|1\n|\n|t:|1776794543\n|move|p2a: Tornadus|Taunt|p1a: Terapagos\n|-start|p1a: Terapagos|move: Taunt\n|move|p2b: Lunala|Meteor Beam||[still]\n|-prepare|p2b: Lunala|Meteor Beam\n|-boost|p2b: Lunala|spa|1\n|-enditem|p2b: Lunala|Power Herb\n|-anim|p2b: Lunala|Meteor Beam|p1b: Incineroar\n|-supereffective|p1b: Incineroar\n|-damage|p1b: Incineroar|0 fnt\n|faint|p1b: Incineroar\n|cant|p1a: Terapagos|move: Taunt|Calm Mind\n|\n|upkeep\n|\n|t:|1776794553\n|switch|p1b: Rillaboom|Rillaboom, L50, M|100/100\n|-fieldstart|move: Grassy Terrain|[from] ability: Grassy Surge|[of] p1b: Rillaboom\n|turn|2\n|\n|t:|1776794569\n|-terastallize|p2b: Lunala|Fairy\n|move|p1b: Rillaboom|Fake Out|p2a: Tornadus\n|-damage|p2a: Tornadus|84/100\n|move|p2b: Lunala|Moonblast|p1a: Terapagos\n|-activate|p1a: Terapagos|ability: Tera Shell\n|-resisted|p1a: Terapagos\n|-damage|p1a: Terapagos|63/100\n|move|p2a: Tornadus|Bleakwind Storm|p1b: Rillaboom|[spread] p1a\n|-miss|p2a: Tornadus|p1b: Rillaboom\n|-crit|p1a: Terapagos\n|-damage|p1a: Terapagos|23/100\n|-unboost|p1a: Terapagos|spe|1\n|move|p1a: Terapagos|Earth Power|p2b: Lunala\n|-damage|p2b: Lunala|91/100\n|\n|-heal|p2b: Lunala|97/100|[from] Grassy Terrain\n|-heal|p1a: Terapagos|30/100|[from] Grassy Terrain\n|-heal|p1a: Terapagos|36/100|[from] item: Leftovers\n|upkeep\n|turn|3\n|inactive|hunkoraboni has 30 seconds left.\n|inactive|SycrasisEU has 30 seconds left.\n|\n|t:|1776794599\n|-terastallize|p1a: Terapagos|Stellar\n|detailschange|p1a: Terapagos|Terapagos-Stellar, L50, M, tera:Stellar\n|-heal|p1a: Terapagos|52/100|[silent]\n|-ability|p1a: Terapagos|Teraform Zero\n|-fieldend|move: Grassy Terrain\n|move|p2b: Lunala|Moongeist Beam|p1b: Rillaboom\n|-crit|p1b: Rillaboom\n|-damage|p1b: Rillaboom|20/100\n|move|p2a: Tornadus|Bleakwind Storm|p1b: Rillaboom|[spread] p1b\n|-miss|p2a: Tornadus|p1a: Terapagos\n|-supereffective|p1b: Rillaboom\n|-damage|p1b: Rillaboom|0 fnt\n|faint|p1b: Rillaboom\n|move|p1a: Terapagos|Tera Starstorm|p2b: Lunala|[spread] p2a,p2b\n|-supereffective|p2b: Lunala\n|-damage|p2a: Tornadus|57/100\n|-damage|p2b: Lunala|36/100\n|\n|-heal|p1a: Terapagos|58/100|[from] item: Leftovers\n|-end|p1a: Terapagos|move: Taunt\n|upkeep\n|\n|t:|1776794618\n|switch|p1b: Amoonguss|Amoonguss, L50, M|100/100\n|turn|4\n|\n|t:|1776794632\n|move|p2b: Lunala|Protect|p2b: Lunala\n|-singleturn|p2b: Lunala|Protect\n|move|p2a: Tornadus|Taunt|p1b: Amoonguss\n|-start|p1b: Amoonguss|move: Taunt\n|move|p1a: Terapagos|Calm Mind|p1a: Terapagos\n|-boost|p1a: Terapagos|spa|1\n|-boost|p1a: Terapagos|spd|1\n|cant|p1b: Amoonguss|move: Taunt|Spore\n|\n|-heal|p1a: Terapagos|65/100|[from] item: Leftovers\n|upkeep\n|turn|5\n|\n|t:|1776794647\n|move|p2b: Lunala|Moonblast|p1a: Terapagos\n|-damage|p1a: Terapagos|25/100\n|move|p2a: Tornadus|Bleakwind Storm|p1a: Terapagos|[spread] p1b\n|-miss|p2a: Tornadus|p1a: Terapagos\n|-supereffective|p1b: Amoonguss\n|-damage|p1b: Amoonguss|46/100\n|move|p1a: Terapagos|Tera Starstorm|p2b: Lunala|[spread] p2a,p2b\n|-supereffective|p2b: Lunala\n|-damage|p2a: Tornadus|14/100\n|-damage|p2b: Lunala|0 fnt\n|faint|p2b: Lunala\n|move|p1b: Amoonguss|Pollen Puff|p1a: Terapagos\n|-heal|p1a: Terapagos|75/100\n|\n|-heal|p1a: Terapagos|81/100|[from] item: Leftovers\n|upkeep\n|\n|t:|1776794660\n|switch|p2b: Koraidon|Koraidon, L50, shiny|100/100\n|-weather|SunnyDay|[from] ability: Orichalcum Pulse|[of] p2b: Koraidon\n|-activate|p2b: Koraidon|Orichalcum Pulse|[source]\n|turn|6\n|\n|t:|1776794671\n|move|p2b: Koraidon|Collision Course|p1a: Terapagos\n|-supereffective|p1a: Terapagos\n|-damage|p1a: Terapagos|0 fnt\n|faint|p1a: Terapagos\n|detailschange|p1: Terapagos|Terapagos, L50, M|[silent]\n|move|p2a: Tornadus|Bleakwind Storm|p1b: Amoonguss\n|-supereffective|p1b: Amoonguss\n|-damage|p1b: Amoonguss|0 fnt\n|faint|p1b: Amoonguss\n|\n|win|SycrasisEU\n|raw|hunkoraboni's rating: 1388 &rarr; <strong>1371</strong><br />(-17 for losing)\n|raw|SycrasisEU's rating: 1445 &rarr; <strong>1462</strong><br />(+17 for winning)\n","uploadtime":1776794678,"views":7,"formatid":"gen9vgc2026regi","rating":1371,"private":0,"password":null}