{"id":"gen9vgc2026regi-2521230040","format":"[Gen 9] VGC 2026 Reg I","players":["AzureChuck","inb_178"],"log":"|j|\u2606AzureChuck\n|j|\u2606inb_178\n|t:|1768750243\n|gametype|doubles\n|player|p1|AzureChuck|102|1314\n|player|p2|inb_178|102|1205\n|gen|9\n|tier|[Gen 9] VGC 2026 Reg I\n|rated|\n|rule|Species Clause: Limit one of each Pok\u00e9mon\n|rule|Item Clause: Limit 1 of each item\n|clearpoke\n|poke|p1|Miraidon, L50|\n|poke|p1|Iron Bundle, L50|\n|poke|p1|Terapagos, L50, M|\n|poke|p1|Ursaluna, L50, F|\n|poke|p1|Incineroar, L50, F|\n|poke|p1|Tornadus, L50, M|\n|poke|p2|Miraidon, L50|\n|poke|p2|Groudon, L50|\n|poke|p2|Wo-Chien, L50|\n|poke|p2|Walking Wake, L50|\n|poke|p2|Volcarona, L50, F|\n|poke|p2|Grimmsnarl, L50, M|\n|teampreview|4\n|\n|t:|1768750269\n|teamsize|p1|4\n|teamsize|p2|4\n|start\n|switch|p1a: Tornadus|Tornadus, L50, M, shiny|100/100\n|switch|p1b: Iron Bundle|Iron Bundle, L50|100/100\n|switch|p2a: Miraidon|Miraidon, L50|100/100\n|switch|p2b: Groudon|Groudon, L50|100/100\n|-fieldstart|move: Electric Terrain|[from] ability: Hadron Engine|[of] p2a: Miraidon\n|-activate|p1b: Iron Bundle|ability: Quark Drive\n|-start|p1b: Iron Bundle|quarkdrivespe\n|-weather|SunnyDay|[from] ability: Drought|[of] p2b: Groudon\n|turn|1\n|l|\u2606inb_178\n|player|p2|\n|j|\u2606inb_178\n|player|p2|inb_178|102|\n|\n|t:|1768750298\n|move|p2b: Groudon|Protect|p2b: Groudon\n|-singleturn|p2b: Groudon|Protect\n|move|p1a: Tornadus|Rain Dance|p1a: Tornadus\n|-weather|RainDance\n|move|p1b: Iron Bundle|Hydro Pump|p2b: Groudon\n|-activate|p2b: Groudon|move: Protect\n|move|p2a: Miraidon|Volt Switch|p1a: Tornadus\n|-supereffective|p1a: Tornadus\n|-damage|p1a: Tornadus|0 fnt\n|faint|p1a: Tornadus\n|\n|t:|1768750310\n|switch|p2a: Grimmsnarl|Grimmsnarl, L50, M|100/100|[from] Volt Switch\n|\n|-weather|RainDance|[upkeep]\n|upkeep\n|\n|t:|1768750316\n|switch|p1a: Ursaluna|Ursaluna, L50, F|100/100\n|turn|2\n|\n|t:|1768750326\n|switch|p2b: Wo-Chien|Wo-Chien, L50|100/100\n|-ability|p2b: Wo-Chien|Tablets of Ruin\n|move|p2a: Grimmsnarl|Parting Shot|p1a: Ursaluna\n|-unboost|p1a: Ursaluna|atk|1\n|-unboost|p1a: Ursaluna|spa|1\n|\n|t:|1768750333\n|switch|p2a: Groudon|Groudon, L50|100/100|[from] Parting Shot\n|-weather|SunnyDay|[from] ability: Drought|[of] p2a: Groudon\n|move|p1b: Iron Bundle|Icy Wind|p2b: Wo-Chien|[spread] p2a,p2b\n|-supereffective|p2a: Groudon\n|-supereffective|p2b: Wo-Chien\n|-damage|p2a: Groudon|61/100\n|-damage|p2b: Wo-Chien|69/100\n|-unboost|p2b: Wo-Chien|spe|1\n|move|p1a: Ursaluna|Facade|p2a: Groudon\n|-damage|p2a: Groudon|46/100\n|\n|-weather|SunnyDay|[upkeep]\n|-heal|p2b: Wo-Chien|75/100|[from] item: Leftovers\n|-status|p1a: Ursaluna|brn|[from] item: Flame Orb\n|upkeep\n|turn|3\n|\n|t:|1768750358\n|-terastallize|p1b: Iron Bundle|Ice\n|move|p1b: Iron Bundle|Icy Wind|p2b: Wo-Chien|[spread] p2a,p2b\n|-supereffective|p2a: Groudon\n|-supereffective|p2b: Wo-Chien\n|-damage|p2a: Groudon|0 fnt\n|-damage|p2b: Wo-Chien|34/100\n|-unboost|p2b: Wo-Chien|spe|1\n|faint|p2a: Groudon\n|move|p1a: Ursaluna|Facade|p2b: Wo-Chien\n|-damage|p2b: Wo-Chien|0 fnt\n|faint|p2b: Wo-Chien\n|\n|-weather|SunnyDay|[upkeep]\n|-damage|p1a: Ursaluna|95/100 brn|[from] brn\n|upkeep\n|\n|t:|1768750374\n|switch|p2a: Miraidon|Miraidon, L50|100/100\n|switch|p2b: Grimmsnarl|Grimmsnarl, L50, M|100/100\n|-activate|p2a: Miraidon|ability: Hadron Engine\n|turn|4\n|\n|t:|1768750387\n|-terastallize|p2a: Miraidon|Electric\n|move|p2b: Grimmsnarl|Reflect|p2b: Grimmsnarl\n|-sidestart|p2: inb_178|Reflect\n|move|p1b: Iron Bundle|Icy Wind|p2b: Grimmsnarl|[spread] p2a,p2b\n|-damage|p2a: Miraidon|82/100\n|-damage|p2b: Grimmsnarl|71/100\n|-unboost|p2a: Miraidon|spe|1\n|move|p2a: Miraidon|Dragon Pulse|p1a: Ursaluna\n|-damage|p1a: Ursaluna|37/100 brn\n|move|p1a: Ursaluna|Headlong Rush|p2a: Miraidon\n|-supereffective|p2a: Miraidon\n|-damage|p2a: Miraidon|0 fnt\n|-unboost|p1a: Ursaluna|def|1\n|-unboost|p1a: Ursaluna|spd|1\n|faint|p2a: Miraidon\n|\n|-weather|SunnyDay|[upkeep]\n|-damage|p1a: Ursaluna|31/100 brn|[from] brn\n|upkeep\n|turn|5\n|-message|inb_178 forfeited.\n|\n|win|AzureChuck\n|raw|AzureChuck's rating: 1314 &rarr; <strong>1328</strong><br />(+14 for winning)\n|raw|inb_178's rating: 1205 &rarr; <strong>1188</strong><br />(-17 for losing)\n|l|\u2606inb_178\n|player|p2|\n|l|\u2606AzureChuck\n|player|p1|\n","uploadtime":1768750547,"views":12,"formatid":"gen9vgc2026regi","rating":1188,"private":0,"password":null}