{"id":"gen9vgc2026regi-2529346875","format":"[Gen 9] VGC 2026 Reg I","players":["blackred123","ky123456"],"log":"|j|\u2606blackred123\n|j|\u2606ky123456\n|t:|1769776947\n|gametype|doubles\n|player|p1|blackred123|iono-masters|1431\n|player|p2|ky123456|cynthia-gen4|1471\n|gen|9\n|tier|[Gen 9] VGC 2026 Reg I\n|rated|\n|rule|Species Clause: Limit one of each Pok\u00e9mon\n|rule|Item Clause: Limit 1 of each item\n|clearpoke\n|poke|p1|Calyrex-Shadow, L50|\n|poke|p1|Koraidon, L50|\n|poke|p1|Clefairy, L50, M|\n|poke|p1|Flutter Mane, L50|\n|poke|p1|Incineroar, L50, M|\n|poke|p1|Rillaboom, L50, M|\n|poke|p2|Calyrex-Shadow, L50|\n|poke|p2|Zamazenta-*, L50|\n|poke|p2|Roaring Moon, L50|\n|poke|p2|Maushold, L50|\n|poke|p2|Weezing, L50, M|\n|poke|p2|Amoonguss, L50, M|\n|teampreview|4\n|inactive|Battle timer is ON: inactive players will automatically lose when time's up. (requested by blackred123)\n|inactive|ky123456 has 60 seconds left.\n|\n|t:|1769776983\n|teamsize|p1|4\n|teamsize|p2|4\n|start\n|switch|p1a: Koraidon|Koraidon, L50|100/100\n|switch|p1b: Flutter Mane|Flutter Mane, L50|100/100\n|switch|p2a: Zamazenta|Zamazenta-Crowned, L50|100/100\n|switch|p2b: Roaring Moon|Roaring Moon, L50|100/100\n|-weather|SunnyDay|[from] ability: Orichalcum Pulse|[of] p1a: Koraidon\n|-activate|p1b: Flutter Mane|ability: Protosynthesis\n|-start|p1b: Flutter Mane|protosynthesisspe\n|-activate|p2b: Roaring Moon|ability: Protosynthesis\n|-start|p2b: Roaring Moon|protosynthesisspe\n|-activate|p1a: Koraidon|Orichalcum Pulse|[source]\n|-ability|p2a: Zamazenta|Dauntless Shield|boost\n|-boost|p2a: Zamazenta|def|1\n|turn|1\n|\n|t:|1769777001\n|-terastallize|p2b: Roaring Moon|Flying\n|move|p1b: Flutter Mane|Moonblast|p2b: Roaring Moon\n|-damage|p2b: Roaring Moon|50/100\n|move|p2b: Roaring Moon|Tailwind|p2b: Roaring Moon\n|-sidestart|p2: ky123456|move: Tailwind\n|move|p2a: Zamazenta|Heavy Slam|p1b: Flutter Mane\n|-supereffective|p1b: Flutter Mane\n|-enditem|p1b: Flutter Mane|Focus Sash\n|-damage|p1b: Flutter Mane|1/100\n|move|p1a: Koraidon|Flame Charge|p2a: Zamazenta\n|-supereffective|p2a: Zamazenta\n|-damage|p2a: Zamazenta|75/100\n|-boost|p1a: Koraidon|spe|1\n|\n|-weather|SunnyDay|[upkeep]\n|upkeep\n|turn|2\n|\n|t:|1769777025\n|-terastallize|p1a: Koraidon|Fire\n|move|p1b: Flutter Mane|Protect|p1b: Flutter Mane\n|-singleturn|p1b: Flutter Mane|Protect\n|move|p2b: Roaring Moon|Acrobatics|p1a: Koraidon\n|-damage|p1a: Koraidon|72/100\n|move|p1a: Koraidon|Flame Charge|p2b: Roaring Moon\n|-damage|p2b: Roaring Moon|0 fnt\n|-boost|p1a: Koraidon|spe|1\n|faint|p2b: Roaring Moon\n|-end|p2b: Roaring Moon|Protosynthesis|[silent]\n|move|p2a: Zamazenta|Body Press|p1a: Koraidon\n|-damage|p1a: Koraidon|4/100\n|\n|-weather|SunnyDay|[upkeep]\n|upkeep\n|\n|t:|1769777039\n|switch|p2b: Calyrex|Calyrex-Shadow, L50|100/100\n|-ability|p2b: Calyrex|As One\n|-ability|p2b: Calyrex|Unnerve\n|turn|3\n|\n|t:|1769777056\n|-end|p1b: Flutter Mane|Protosynthesis|[silent]\n|switch|p1b: Rillaboom|Rillaboom, L50, M|100/100\n|-fieldstart|move: Grassy Terrain|[from] ability: Grassy Surge|[of] p1b: Rillaboom\n|move|p1a: Koraidon|Protect|p1a: Koraidon\n|-singleturn|p1a: Koraidon|Protect\n|move|p2b: Calyrex|Astral Barrage|p1a: Koraidon|[spread] p1b\n|-activate|p1a: Koraidon|move: Protect\n|-damage|p1b: Rillaboom|40/100\n|move|p2a: Zamazenta|Heavy Slam|p1b: Rillaboom\n|-damage|p1b: Rillaboom|0 fnt\n|faint|p1b: Rillaboom\n|\n|-weather|SunnyDay|[upkeep]\n|-heal|p1a: Koraidon|10/100|[from] Grassy Terrain\n|-heal|p2a: Zamazenta|81/100|[from] Grassy Terrain\n|upkeep\n|\n|t:|1769777076\n|switch|p1b: Flutter Mane|Flutter Mane, L50|1/100\n|-activate|p1b: Flutter Mane|ability: Protosynthesis\n|-start|p1b: Flutter Mane|protosynthesisspe\n|turn|4\n|\n|t:|1769777090\n|move|p1a: Koraidon|Protect|p1a: Koraidon\n|-singleturn|p1a: Koraidon|Protect\n|move|p1b: Flutter Mane|Protect|p1b: Flutter Mane\n|-singleturn|p1b: Flutter Mane|Protect\n|move|p2b: Calyrex|Astral Barrage|p1a: Koraidon|[spread] \n|-activate|p1a: Koraidon|move: Protect\n|-activate|p1b: Flutter Mane|move: Protect\n|move|p2a: Zamazenta|Heavy Slam|p1a: Koraidon\n|-activate|p1a: Koraidon|move: Protect\n|\n|-weather|SunnyDay|[upkeep]\n|-heal|p1a: Koraidon|15/100|[from] Grassy Terrain\n|-heal|p1b: Flutter Mane|7/100|[from] Grassy Terrain\n|-heal|p2a: Zamazenta|87/100|[from] Grassy Terrain\n|-sideend|p2: ky123456|move: Tailwind\n|upkeep\n|turn|5\n|\n|t:|1769777107\n|switch|p2b: Maushold|Maushold, L50|100/100\n|move|p1a: Koraidon|Close Combat|p2a: Zamazenta\n|-supereffective|p2a: Zamazenta\n|-damage|p2a: Zamazenta|46/100\n|-unboost|p1a: Koraidon|def|1\n|-unboost|p1a: Koraidon|spd|1\n|move|p1b: Flutter Mane|Shadow Ball|p2b: Maushold\n|-immune|p2b: Maushold\n|move|p2a: Zamazenta|Body Press|p1a: Koraidon\n|-damage|p1a: Koraidon|0 fnt\n|faint|p1a: Koraidon\n|\n|-weather|none\n|-end|p1b: Flutter Mane|Protosynthesis\n|-heal|p1b: Flutter Mane|14/100|[from] Grassy Terrain\n|-heal|p2a: Zamazenta|52/100|[from] Grassy Terrain\n|upkeep\n|\n|t:|1769777115\n|switch|p1a: Calyrex|Calyrex-Shadow, L50|100/100\n|-ability|p1a: Calyrex|As One\n|-ability|p1a: Calyrex|Unnerve\n|turn|6\n|inactive|blackred123 has 30 seconds left.\n|\n|t:|1769777145\n|move|p2b: Maushold|Follow Me|p2b: Maushold\n|-singleturn|p2b: Maushold|move: Follow Me\n|move|p1a: Calyrex|Astral Barrage|p2b: Maushold|[spread] p2a\n|-immune|p2b: Maushold\n|-damage|p2a: Zamazenta|14/100\n|move|p1b: Flutter Mane|Moonblast|p2b: Maushold\n|-damage|p2b: Maushold|42/100\n|move|p2a: Zamazenta|Heavy Slam|p1a: Calyrex\n|-damage|p1a: Calyrex|38/100\n|\n|-heal|p1a: Calyrex|44/100|[from] Grassy Terrain\n|-heal|p1b: Flutter Mane|20/100|[from] Grassy Terrain\n|-heal|p2a: Zamazenta|20/100|[from] Grassy Terrain\n|-heal|p2b: Maushold|49/100|[from] Grassy Terrain\n|upkeep\n|turn|7\n|inactive|ky123456 has 30 seconds left.\n|inactive|ky123456 has 20 seconds left.\n|\n|t:|1769777181\n|move|p2b: Maushold|Follow Me|p2b: Maushold\n|-singleturn|p2b: Maushold|move: Follow Me\n|move|p1a: Calyrex|Astral Barrage|p2b: Maushold|[spread] p2a\n|-immune|p2b: Maushold\n|-damage|p2a: Zamazenta|0 fnt\n|faint|p2a: Zamazenta\n|-ability|p1a: Calyrex|Grim Neigh|boost\n|-boost|p1a: Calyrex|spa|1\n|move|p1b: Flutter Mane|Moonblast|p2b: Maushold\n|-damage|p2b: Maushold|0 fnt\n|faint|p2b: Maushold\n|\n|-heal|p1a: Calyrex|50/100|[from] Grassy Terrain\n|-heal|p1b: Flutter Mane|26/100|[from] Grassy Terrain\n|-fieldend|move: Grassy Terrain\n|upkeep\n|j| QAQeee\u603b\u5bfc\u6f14\n|\n|t:|1769777187\n|switch|p2b: Calyrex|Calyrex-Shadow, L50|100/100\n|-ability|p2b: Calyrex|As One\n|-ability|p2b: Calyrex|Unnerve\n|turn|8\n|\n|t:|1769777195\n|move|p1a: Calyrex|Astral Barrage|p2b: Calyrex\n|-supereffective|p2b: Calyrex\n|-damage|p2b: Calyrex|0 fnt\n|faint|p2b: Calyrex\n|\n|win|blackred123\n|raw|blackred123's rating: 1431 &rarr; <strong>1453</strong><br />(+22 for winning)\n|raw|ky123456's rating: 1471 &rarr; <strong>1449</strong><br />(-22 for losing)\n","uploadtime":1769777199,"views":16,"formatid":"gen9vgc2026regi","rating":1449,"private":0,"password":null}