{"id":"gen9vgc2026regi-2520888654","format":"[Gen 9] VGC 2026 Reg I","players":["yubanmeiqin","Raikito21"],"log":"|j|\u2606yubanmeiqin\n|j|\u2606Raikito21\n|t:|1768694879\n|gametype|doubles\n|player|p1|yubanmeiqin|iono-masters|1377\n|player|p2|Raikito21|adaman|1448\n|gen|9\n|tier|[Gen 9] VGC 2026 Reg I\n|rated|\n|rule|Species Clause: Limit one of each Pok\u00e9mon\n|rule|Item Clause: Limit 1 of each item\n|clearpoke\n|poke|p1|Zacian-*, L50|\n|poke|p1|Kyogre, L50|\n|poke|p1|Amoonguss, L50, F|\n|poke|p1|Incineroar, L50, M|\n|poke|p1|Urshifu-*, L50, M|\n|poke|p1|Iron Jugulis, L50|\n|poke|p2|Rayquaza, L50|\n|poke|p2|Zamazenta-*, L50|\n|poke|p2|Flutter Mane, L50|\n|poke|p2|Chien-Pao, L50|\n|poke|p2|Ogerpon-Hearthflame, L50, F|\n|poke|p2|Urshifu-*, L50, F|\n|teampreview|4\n|\n|t:|1768694947\n|teamsize|p1|4\n|teamsize|p2|4\n|start\n|switch|p1a: \u963f\u5c14\u6258\u8389\u96c5|Zacian-Crowned, L50, shiny|100/100\n|switch|p1b: \u4e3b\u4eba\ud83d\ude2d\ud83e\udd75|Incineroar, L50, M|100/100\n|switch|p2a: Rayquaza|Rayquaza, L50, shiny|100/100\n|switch|p2b: Ogerpon|Ogerpon-Hearthflame, L50, F|100/100\n|-ability|p1a: \u963f\u5c14\u6258\u8389\u96c5|Intrepid Sword|boost\n|-boost|p1a: \u963f\u5c14\u6258\u8389\u96c5|atk|1\n|-ability|p2b: Ogerpon|Mold Breaker\n|-ability|p1b: \u4e3b\u4eba\ud83d\ude2d\ud83e\udd75|Intimidate|boost\n|-unboost|p2a: Rayquaza|atk|1\n|-unboost|p2b: Ogerpon|atk|1\n|-ability|p2a: Rayquaza|Air Lock\n|turn|1\n|\n|t:|1768694960\n|move|p2a: Rayquaza|Protect|p2a: Rayquaza\n|-singleturn|p2a: Rayquaza|Protect\n|move|p1b: \u4e3b\u4eba\ud83d\ude2d\ud83e\udd75|Fake Out|p2b: Ogerpon\n|-damage|p2b: Ogerpon|88/100\n|move|p1a: \u963f\u5c14\u6258\u8389\u96c5|Play Rough|p2a: Rayquaza\n|-activate|p2a: Rayquaza|move: Protect\n|cant|p2b: Ogerpon|flinch\n|\n|upkeep\n|turn|2\n|\n|t:|1768694986\n|move|p1a: \u963f\u5c14\u6258\u8389\u96c5|Protect|p1a: \u963f\u5c14\u6258\u8389\u96c5\n|-singleturn|p1a: \u963f\u5c14\u6258\u8389\u96c5|Protect\n|move|p2b: Ogerpon|Ivy Cudgel|p1a: \u963f\u5c14\u6258\u8389\u96c5|[anim] Ivy Cudgel Fire\n|-activate|p1a: \u963f\u5c14\u6258\u8389\u96c5|move: Protect\n|move|p1b: \u4e3b\u4eba\ud83d\ude2d\ud83e\udd75|Parting Shot|p2a: Rayquaza\n|-unboost|p2a: Rayquaza|atk|1\n|-unboost|p2a: Rayquaza|spa|1\n|\n|t:|1768694993\n|switch|p1b: \u53eb\u6211\u4e3b\u4eba\ud83d\ude21|Urshifu-Rapid-Strike, L50, M|100/100|[from] Parting Shot\n|move|p2a: Rayquaza|Swords Dance|p2a: Rayquaza\n|-boost|p2a: Rayquaza|atk|2\n|\n|upkeep\n|turn|3\n|\n|t:|1768695046\n|move|p2b: Ogerpon|Follow Me|p2b: Ogerpon\n|-singleturn|p2b: Ogerpon|move: Follow Me\n|move|p1b: \u53eb\u6211\u4e3b\u4eba\ud83d\ude21|Surging Strikes|p2b: Ogerpon\n|-crit|p2b: Ogerpon\n|-damage|p2b: Ogerpon|62/100\n|-crit|p2b: Ogerpon\n|-damage|p2b: Ogerpon|37/100\n|-crit|p2b: Ogerpon\n|-damage|p2b: Ogerpon|10/100\n|-hitcount|p2b: Ogerpon|3\n|move|p1a: \u963f\u5c14\u6258\u8389\u96c5|Behemoth Blade|p2b: Ogerpon\n|-resisted|p2b: Ogerpon\n|-damage|p2b: Ogerpon|0 fnt\n|faint|p2b: Ogerpon\n|move|p2a: Rayquaza|Dragon Ascent|p1b: \u53eb\u6211\u4e3b\u4eba\ud83d\ude21\n|-supereffective|p1b: \u53eb\u6211\u4e3b\u4eba\ud83d\ude21\n|-crit|p1b: \u53eb\u6211\u4e3b\u4eba\ud83d\ude21\n|-damage|p1b: \u53eb\u6211\u4e3b\u4eba\ud83d\ude21|0 fnt\n|-unboost|p2a: Rayquaza|def|1\n|-unboost|p2a: Rayquaza|spd|1\n|faint|p1b: \u53eb\u6211\u4e3b\u4eba\ud83d\ude21\n|-damage|p2a: Rayquaza|91/100|[from] item: Life Orb\n|\n|upkeep\n|\n|t:|1768695064\n|switch|p1b: \u6211\u559c\u6b22\u4f60|Amoonguss, L50, F|100/100\n|switch|p2b: Zamazenta|Zamazenta-Crowned, L50|100/100\n|-ability|p2b: Zamazenta|Dauntless Shield|boost\n|-boost|p2b: Zamazenta|def|1\n|turn|4\n|\n|t:|1768695092\n|move|p1a: \u963f\u5c14\u6258\u8389\u96c5|Protect|p1a: \u963f\u5c14\u6258\u8389\u96c5\n|-singleturn|p1a: \u963f\u5c14\u6258\u8389\u96c5|Protect\n|move|p1b: \u6211\u559c\u6b22\u4f60|Protect|p1b: \u6211\u559c\u6b22\u4f60\n|-singleturn|p1b: \u6211\u559c\u6b22\u4f60|Protect\n|move|p2b: Zamazenta|Heavy Slam|p1b: \u6211\u559c\u6b22\u4f60\n|-activate|p1b: \u6211\u559c\u6b22\u4f60|move: Protect\n|move|p2a: Rayquaza|Dragon Ascent|p1b: \u6211\u559c\u6b22\u4f60\n|-activate|p1b: \u6211\u559c\u6b22\u4f60|move: Protect\n|\n|upkeep\n|turn|5\n|\n|t:|1768695113\n|move|p2a: Rayquaza|Protect|p2a: Rayquaza\n|-singleturn|p2a: Rayquaza|Protect\n|move|p1a: \u963f\u5c14\u6258\u8389\u96c5|Behemoth Blade|p2a: Rayquaza\n|-activate|p2a: Rayquaza|move: Protect\n|move|p2b: Zamazenta|Body Press|p1a: \u963f\u5c14\u6258\u8389\u96c5\n|-damage|p1a: \u963f\u5c14\u6258\u8389\u96c5|40/100\n|move|p1b: \u6211\u559c\u6b22\u4f60|Spore|p2b: Zamazenta\n|-status|p2b: Zamazenta|slp|[from] move: Spore\n|\n|upkeep\n|turn|6\n|\n|t:|1768695128\n|move|p2a: Rayquaza|Protect||[still]\n|-fail|p2a: Rayquaza\n|move|p1a: \u963f\u5c14\u6258\u8389\u96c5|Behemoth Blade|p2a: Rayquaza\n|-damage|p2a: Rayquaza|0 fnt\n|faint|p2a: Rayquaza\n|cant|p2b: Zamazenta|slp\n|move|p1b: \u6211\u559c\u6b22\u4f60|Pollen Puff|p1a: \u963f\u5c14\u6258\u8389\u96c5\n|-heal|p1a: \u963f\u5c14\u6258\u8389\u96c5|90/100\n|\n|upkeep\n|\n|t:|1768695136\n|switch|p2a: Flutter Mane|Flutter Mane, L50|100/100\n|-enditem|p2a: Flutter Mane|Booster Energy\n|-activate|p2a: Flutter Mane|ability: Protosynthesis|[fromitem]\n|-start|p2a: Flutter Mane|protosynthesisspe\n|turn|7\n|\n|t:|1768695161\n|move|p1b: \u6211\u559c\u6b22\u4f60|Rage Powder|p1b: \u6211\u559c\u6b22\u4f60\n|-singleturn|p1b: \u6211\u559c\u6b22\u4f60|move: Rage Powder\n|move|p2a: Flutter Mane|Shadow Ball|p1b: \u6211\u559c\u6b22\u4f60\n|-damage|p1b: \u6211\u559c\u6b22\u4f60|73/100\n|move|p1a: \u963f\u5c14\u6258\u8389\u96c5|Sacred Sword|p2b: Zamazenta\n|-supereffective|p2b: Zamazenta\n|-damage|p2b: Zamazenta|44/100 slp\n|-curestatus|p2b: Zamazenta|slp|[msg]\n|move|p2b: Zamazenta|Heavy Slam|p1b: \u6211\u559c\u6b22\u4f60\n|-damage|p1b: \u6211\u559c\u6b22\u4f60|32/100\n|-damage|p2b: Zamazenta|28/100|[from] item: Rocky Helmet|[of] p1b: \u6211\u559c\u6b22\u4f60\n|\n|upkeep\n|turn|8\n|\n|t:|1768695187\n|move|p2a: Flutter Mane|Protect|p2a: Flutter Mane\n|-singleturn|p2a: Flutter Mane|Protect\n|move|p1b: \u6211\u559c\u6b22\u4f60|Rage Powder|p1b: \u6211\u559c\u6b22\u4f60\n|-singleturn|p1b: \u6211\u559c\u6b22\u4f60|move: Rage Powder\n|move|p1a: \u963f\u5c14\u6258\u8389\u96c5|Behemoth Blade|p2a: Flutter Mane\n|-activate|p2a: Flutter Mane|move: Protect\n|move|p2b: Zamazenta|Body Press|p1b: \u6211\u559c\u6b22\u4f60\n|-resisted|p1b: \u6211\u559c\u6b22\u4f60\n|-damage|p1b: \u6211\u559c\u6b22\u4f60|1/100\n|-damage|p2b: Zamazenta|11/100|[from] item: Rocky Helmet|[of] p1b: \u6211\u559c\u6b22\u4f60\n|\n|upkeep\n|turn|9\n|\n|t:|1768695216\n|-terastallize|p2a: Flutter Mane|Electric\n|move|p2a: Flutter Mane|Icy Wind|p1a: \u963f\u5c14\u6258\u8389\u96c5|[spread] p1a,p1b\n|-resisted|p1a: \u963f\u5c14\u6258\u8389\u96c5\n|-supereffective|p1b: \u6211\u559c\u6b22\u4f60\n|-damage|p1a: \u963f\u5c14\u6258\u8389\u96c5|85/100\n|-damage|p1b: \u6211\u559c\u6b22\u4f60|0 fnt\n|-unboost|p1a: \u963f\u5c14\u6258\u8389\u96c5|spe|1\n|faint|p1b: \u6211\u559c\u6b22\u4f60\n|move|p2b: Zamazenta|Body Press|p1a: \u963f\u5c14\u6258\u8389\u96c5\n|-damage|p1a: \u963f\u5c14\u6258\u8389\u96c5|16/100\n|move|p1a: \u963f\u5c14\u6258\u8389\u96c5|Sacred Sword|p2b: Zamazenta\n|-supereffective|p2b: Zamazenta\n|-damage|p2b: Zamazenta|0 fnt\n|faint|p2b: Zamazenta\n|\n|upkeep\n|\n|t:|1768695220\n|switch|p1b: \u4e3b\u4eba\ud83d\ude2d\ud83e\udd75|Incineroar, L50, M|100/100\n|-ability|p1b: \u4e3b\u4eba\ud83d\ude2d\ud83e\udd75|Intimidate|boost\n|-unboost|p2a: Flutter Mane|atk|1\n|turn|10\n|\n|t:|1768695235\n|move|p2a: Flutter Mane|Protect|p2a: Flutter Mane\n|-singleturn|p2a: Flutter Mane|Protect\n|move|p1a: \u963f\u5c14\u6258\u8389\u96c5|Behemoth Blade|p2a: Flutter Mane\n|-activate|p2a: Flutter Mane|move: Protect\n|move|p1b: \u4e3b\u4eba\ud83d\ude2d\ud83e\udd75|Knock Off|p2a: Flutter Mane\n|-activate|p2a: Flutter Mane|move: Protect\n|\n|upkeep\n|turn|11\n|\n|t:|1768695245\n|move|p1a: \u963f\u5c14\u6258\u8389\u96c5|Protect|p1a: \u963f\u5c14\u6258\u8389\u96c5\n|-singleturn|p1a: \u963f\u5c14\u6258\u8389\u96c5|Protect\n|move|p2a: Flutter Mane|Moonblast|p1b: \u4e3b\u4eba\ud83d\ude2d\ud83e\udd75\n|-damage|p1b: \u4e3b\u4eba\ud83d\ude2d\ud83e\udd75|62/100\n|move|p1b: \u4e3b\u4eba\ud83d\ude2d\ud83e\udd75|Knock Off|p2a: Flutter Mane\n|-damage|p2a: Flutter Mane|63/100\n|\n|upkeep\n|turn|12\n|\n|t:|1768695253\n|move|p2a: Flutter Mane|Shadow Ball|p1a: \u963f\u5c14\u6258\u8389\u96c5\n|-damage|p1a: \u963f\u5c14\u6258\u8389\u96c5|0 fnt\n|faint|p1a: \u963f\u5c14\u6258\u8389\u96c5\n|move|p1b: \u4e3b\u4eba\ud83d\ude2d\ud83e\udd75|Knock Off|p2a: Flutter Mane\n|-damage|p2a: Flutter Mane|24/100\n|\n|upkeep\n|turn|13\n|\n|t:|1768695261\n|move|p2a: Flutter Mane|Moonblast|p1b: \u4e3b\u4eba\ud83d\ude2d\ud83e\udd75\n|-damage|p1b: \u4e3b\u4eba\ud83d\ude2d\ud83e\udd75|20/100\n|-unboost|p1b: \u4e3b\u4eba\ud83d\ude2d\ud83e\udd75|spa|1\n|move|p1b: \u4e3b\u4eba\ud83d\ude2d\ud83e\udd75|Knock Off|p2a: Flutter Mane\n|-damage|p2a: Flutter Mane|0 fnt\n|faint|p2a: Flutter Mane\n|-end|p2a: Flutter Mane|Protosynthesis|[silent]\n|\n|win|yubanmeiqin\n|raw|yubanmeiqin's rating: 1377 &rarr; <strong>1401</strong><br />(+24 for winning)\n|raw|Raikito21's rating: 1448 &rarr; <strong>1424</strong><br />(-24 for losing)\n|l|\u2606yubanmeiqin\n|player|p1|\n|l|\u2606Raikito21\n|player|p2|\n","uploadtime":1768695434,"views":18,"formatid":"gen9vgc2026regi","rating":1401,"private":0,"password":null}