{"id":"gen9vgc2026regi-2564902196","format":"[Gen 9] VGC 2026 Reg I","players":["joutt","Jonen"],"log":"|j|\u2606joutt\n|j|\u2606Jonen\n|t:|1774208842\n|gametype|doubles\n|player|p1|joutt|harlequin|1338\n|player|p2|Jonen|hiker-gen4|1406\n|gen|9\n|tier|[Gen 9] VGC 2026 Reg I\n|rated|\n|rule|Species Clause: Limit one of each Pok\u00e9mon\n|rule|Item Clause: Limit 1 of each item\n|clearpoke\n|poke|p1|Koraidon, L50|\n|poke|p1|Lunala, L50|\n|poke|p1|Flutter Mane, L50|\n|poke|p1|Brute Bonnet, L50|\n|poke|p1|Ursaluna, L50, M|\n|poke|p1|Incineroar, L50, F|\n|poke|p2|Groudon, L50|\n|poke|p2|Lunala, L50|\n|poke|p2|Sableye, L50, F|\n|poke|p2|Chi-Yu, L50|\n|poke|p2|Rillaboom, L50, M|\n|poke|p2|Jumpluff, L50, M|\n|teampreview|4\n|inactive|Battle timer is ON: inactive players will automatically lose when time's up. (requested by joutt)\n|\n|t:|1774208901\n|teamsize|p1|4\n|teamsize|p2|4\n|start\n|switch|p1a: Koraidon|Koraidon, L50, shiny|100/100\n|switch|p1b: Flutter Mane|Flutter Mane, L50|100/100\n|switch|p2a: Groudon|Groudon, L50|100/100\n|switch|p2b: Jumpluff|Jumpluff, L50, M|100/100\n|-weather|SunnyDay|[from] ability: Orichalcum Pulse|[of] p1a: Koraidon\n|-activate|p1b: Flutter Mane|ability: Protosynthesis\n|-start|p1b: Flutter Mane|protosynthesisspe\n|-activate|p1a: Koraidon|Orichalcum Pulse|[source]\n|turn|1\n|\n|t:|1774208922\n|-terastallize|p2a: Groudon|Fire\n|move|p2b: Jumpluff|Sleep Powder|p1a: Koraidon|[miss]\n|-miss|p2b: Jumpluff|p1a: Koraidon\n|move|p1b: Flutter Mane|Icy Wind|p2a: Groudon|[spread] p2a,p2b\n|-resisted|p2a: Groudon\n|-supereffective|p2b: Jumpluff\n|-damage|p2a: Groudon|93/100\n|-damage|p2b: Jumpluff|42/100\n|-unboost|p2a: Groudon|spe|1\n|move|p1a: Koraidon|Flame Charge|p2b: Jumpluff\n|-supereffective|p2b: Jumpluff\n|-damage|p2b: Jumpluff|0 fnt\n|-boost|p1a: Koraidon|spe|1\n|faint|p2b: Jumpluff\n|-damage|p1a: Koraidon|91/100|[from] item: Life Orb\n|move|p2a: Groudon|Precipice Blades|p1b: Flutter Mane|[spread] p1a,p1b\n|-damage|p1a: Koraidon|24/100\n|-enditem|p1b: Flutter Mane|Focus Sash\n|-damage|p1b: Flutter Mane|1/100\n|-damage|p2a: Groudon|83/100|[from] item: Life Orb\n|\n|-weather|SunnyDay|[upkeep]\n|upkeep\n|\n|t:|1774208933\n|switch|p2b: Lunala|Lunala, L50|100/100\n|turn|2\n|inactive|joutt has 30 seconds left.\n|\n|t:|1774208962\n|move|p2b: Lunala|Protect|p2b: Lunala\n|-singleturn|p2b: Lunala|Protect\n|move|p1b: Flutter Mane|Shadow Ball|p2b: Lunala\n|-activate|p2b: Lunala|move: Protect\n|move|p1a: Koraidon|Flare Blitz|p2b: Lunala\n|-activate|p2b: Lunala|move: Protect\n|move|p2a: Groudon|Precipice Blades|p1b: Flutter Mane|[spread] \n|-miss|p2a: Groudon|p1a: Koraidon\n|-miss|p2a: Groudon|p1b: Flutter Mane\n|\n|-weather|SunnyDay|[upkeep]\n|upkeep\n|turn|3\n|c|\u2606Jonen|lmao\n|inactive|joutt has 30 seconds left.\n|inactive|joutt has 20 seconds left.\n|inactive|joutt has 15 seconds left.\n|inactive|joutt has 10 seconds left.\n|\n|t:|1774209009\n|-terastallize|p1a: Koraidon|Fire\n|move|p2b: Lunala|Protect||[still]\n|-fail|p2b: Lunala\n|move|p1b: Flutter Mane|Shadow Ball|p2b: Lunala\n|-supereffective|p2b: Lunala\n|-damage|p2b: Lunala|30/100\n|move|p1a: Koraidon|Flare Blitz|p2a: Groudon\n|-resisted|p2a: Groudon\n|-damage|p2a: Groudon|21/100\n|-damage|p1a: Koraidon|3/100|[from] Recoil\n|-damage|p1a: Koraidon|0 fnt|[from] item: Life Orb\n|faint|p1a: Koraidon\n|move|p2a: Groudon|Precipice Blades|p1b: Flutter Mane|[miss]\n|-miss|p2a: Groudon|p1b: Flutter Mane\n|\n|-weather|SunnyDay|[upkeep]\n|upkeep\n|\n|t:|1774209027\n|switch|p1a: Brute Bonnet|Brute Bonnet, L50|100/100\n|-activate|p1a: Brute Bonnet|ability: Protosynthesis\n|-start|p1a: Brute Bonnet|protosynthesisdef\n|turn|4\n|\n|t:|1774209045\n|switch|p2a: Chi-Yu|Chi-Yu, L50|100/100\n|-ability|p2a: Chi-Yu|Beads of Ruin\n|move|p2b: Lunala|Protect|p2b: Lunala\n|-singleturn|p2b: Lunala|Protect\n|move|p1b: Flutter Mane|Shadow Ball|p2a: Chi-Yu\n|-resisted|p2a: Chi-Yu\n|-damage|p2a: Chi-Yu|74/100\n|-unboost|p2a: Chi-Yu|spd|1\n|move|p1a: Brute Bonnet|Spore|p2b: Lunala\n|-activate|p2b: Lunala|move: Protect\n|\n|-weather|SunnyDay|[upkeep]\n|upkeep\n|turn|5\n|inactive|joutt has 30 seconds left.\n|inactive|Jonen has 30 seconds left.\n|inactive|joutt has 20 seconds left.\n|\n|t:|1774209084\n|switch|p2a: Groudon|Groudon, L50, tera:Fire|21/100\n|move|p1a: Brute Bonnet|Sucker Punch||[still]\n|-fail|p1a: Brute Bonnet\n|move|p1b: Flutter Mane|Moonblast|p2a: Groudon\n|-resisted|p2a: Groudon\n|-damage|p2a: Groudon|0 fnt\n|faint|p2a: Groudon\n|move|p2b: Lunala|Hypnosis|p1a: Brute Bonnet\n|-status|p1a: Brute Bonnet|slp|[from] move: Hypnosis\n|\n|-weather|none\n|-end|p1b: Flutter Mane|Protosynthesis\n|-end|p1a: Brute Bonnet|Protosynthesis\n|upkeep\n|\n|t:|1774209093\n|switch|p2a: Chi-Yu|Chi-Yu, L50|74/100\n|-ability|p2a: Chi-Yu|Beads of Ruin\n|turn|6\n|inactive|Jonen has 30 seconds left.\n|\n|t:|1774209121\n|move|p1b: Flutter Mane|Protect|p1b: Flutter Mane\n|-singleturn|p1b: Flutter Mane|Protect\n|move|p2a: Chi-Yu|Heat Wave|p1a: Brute Bonnet|[spread] p1a\n|-activate|p1b: Flutter Mane|move: Protect\n|-supereffective|p1a: Brute Bonnet\n|-damage|p1a: Brute Bonnet|20/100 slp\n|move|p2b: Lunala|Meteor Beam||[still]\n|-prepare|p2b: Lunala|Meteor Beam\n|-boost|p2b: Lunala|spa|1\n|-enditem|p2b: Lunala|Power Herb\n|-anim|p2b: Lunala|Meteor Beam|p1a: Brute Bonnet|[miss]\n|-miss|p2b: Lunala|p1a: Brute Bonnet\n|cant|p1a: Brute Bonnet|slp\n|\n|upkeep\n|turn|7\n|inactive|joutt has 30 seconds left.\n|inactive|joutt has 20 seconds left.\n|inactive|joutt has 15 seconds left.\n|inactive|joutt has 10 seconds left.\n|\n|t:|1774209170\n|move|p1b: Flutter Mane|Protect||[still]\n|-fail|p1b: Flutter Mane\n|move|p2b: Lunala|Protect|p2b: Lunala\n|-singleturn|p2b: Lunala|Protect\n|move|p2a: Chi-Yu|Heat Wave|p1b: Flutter Mane|[spread] p1a,p1b\n|-supereffective|p1a: Brute Bonnet\n|-damage|p1a: Brute Bonnet|0 fnt\n|-damage|p1b: Flutter Mane|0 fnt\n|faint|p1a: Brute Bonnet\n|-end|p1a: Brute Bonnet|Protosynthesis|[silent]\n|faint|p1b: Flutter Mane\n|-end|p1b: Flutter Mane|Protosynthesis|[silent]\n|\n|upkeep\n|-message|joutt forfeited.\n|\n|win|Jonen\n|raw|joutt's rating: 1338 &rarr; <strong>1322</strong><br />(-16 for losing)\n|raw|Jonen's rating: 1406 &rarr; <strong>1422</strong><br />(+16 for winning)\n","uploadtime":1774209192,"views":10,"formatid":"gen9vgc2026regi","rating":1322,"private":0,"password":null}