{"id":"gen9vgc2026regi-2544186188","format":"[Gen 9] VGC 2026 Reg I","players":["kelii","huanyu0.0"],"log":"|j|\u2606kelii\n|j|\u2606huanyu0.0\n|t:|1771674297\n|gametype|doubles\n|player|p1|kelii|dawn|1457\n|player|p2|huanyu0.0|101|1517\n|gen|9\n|tier|[Gen 9] VGC 2026 Reg I\n|rated|\n|rule|Species Clause: Limit one of each Pok\u00e9mon\n|rule|Item Clause: Limit 1 of each item\n|clearpoke\n|poke|p1|Koraidon, L50|\n|poke|p1|Lunala, L50|\n|poke|p1|Ursaluna, L50, F|\n|poke|p1|Incineroar, L50, F|\n|poke|p1|Flutter Mane, L50|\n|poke|p1|Amoonguss, L50, F|\n|poke|p2|Kyogre, L50|\n|poke|p2|Zamazenta-*, L50|\n|poke|p2|Chien-Pao, L50|\n|poke|p2|Tornadus, L50, M|\n|poke|p2|Rhydon, L50, M|\n|poke|p2|Amoonguss, L50, M|\n|teampreview|4\n|inactive|Battle timer is ON: inactive players will automatically lose when time's up. (requested by huanyu0.0)\n|inactive|huanyu0.0 has 60 seconds left.\n|\n|t:|1771674346\n|teamsize|p1|4\n|teamsize|p2|4\n|start\n|switch|p1a: Lunala|Lunala, L50, shiny|100/100\n|switch|p1b: Amoonguss|Amoonguss, L50, F, shiny|100/100\n|switch|p2a: Kyogre|Kyogre, L50|100/100\n|switch|p2b: Tornadus|Tornadus, L50, M|100/100\n|-weather|RainDance|[from] ability: Drizzle|[of] p2a: Kyogre\n|turn|1\n|\n|t:|1771674367\n|move|p2b: Tornadus|Taunt|p1b: Amoonguss\n|-start|p1b: Amoonguss|move: Taunt\n|move|p1a: Lunala|Moongeist Beam|p2a: Kyogre\n|-damage|p2a: Kyogre|76/100\n|move|p2a: Kyogre|Water Spout|p1b: Amoonguss|[spread] p1a,p1b\n|-resisted|p1b: Amoonguss\n|-damage|p1a: Lunala|78/100\n|-damage|p1b: Amoonguss|68/100\n|cant|p1b: Amoonguss|move: Taunt|Spore\n|\n|-weather|RainDance|[upkeep]\n|upkeep\n|turn|2\n|\n|t:|1771674388\n|move|p2b: Tornadus|Taunt|p1a: Lunala\n|-start|p1a: Lunala|move: Taunt\n|move|p1a: Lunala|Moongeist Beam|p2a: Kyogre\n|-damage|p2a: Kyogre|51/100\n|move|p2a: Kyogre|Ice Beam|p1b: Amoonguss\n|-supereffective|p1b: Amoonguss\n|-damage|p1b: Amoonguss|7/100\n|move|p1b: Amoonguss|Pollen Puff|p1a: Lunala\n|-heal|p1a: Lunala|100/100\n|\n|-weather|RainDance|[upkeep]\n|upkeep\n|turn|3\n|inactive|huanyu0.0 has 30 seconds left.\n|inactive|kelii has 30 seconds left.\n|\n|t:|1771674424\n|switch|p1b: Koraidon|Koraidon, L50, shiny|100/100\n|-weather|SunnyDay|[from] ability: Orichalcum Pulse|[of] p1b: Koraidon\n|-activate|p1b: Koraidon|Orichalcum Pulse|[source]\n|move|p2b: Tornadus|Bleakwind Storm|p1a: Lunala|[spread] p1a,p1b\n|-supereffective|p1b: Koraidon\n|-damage|p1a: Lunala|90/100\n|-damage|p1b: Koraidon|39/100\n|-unboost|p1b: Koraidon|spe|1\n|move|p1a: Lunala|Moongeist Beam|p2a: Kyogre\n|-damage|p2a: Kyogre|26/100\n|move|p2a: Kyogre|Ice Beam|p1b: Koraidon\n|-supereffective|p1b: Koraidon\n|-damage|p1b: Koraidon|0 fnt\n|faint|p1b: Koraidon\n|\n|-weather|SunnyDay|[upkeep]\n|upkeep\n|\n|t:|1771674440\n|switch|p1b: Flutter Mane|Flutter Mane, L50, shiny|100/100\n|-activate|p1b: Flutter Mane|ability: Protosynthesis\n|-start|p1b: Flutter Mane|protosynthesisspe\n|turn|4\n|\n|t:|1771674463\n|switch|p2a: Zamazenta|Zamazenta-Crowned, L50|100/100\n|-ability|p2a: Zamazenta|Dauntless Shield|boost\n|-boost|p2a: Zamazenta|def|1\n|move|p2b: Tornadus|Tailwind|p2b: Tornadus\n|-sidestart|p2: huanyu0.0|move: Tailwind\n|move|p1b: Flutter Mane|Icy Wind|p2a: Zamazenta|[spread] p2a,p2b\n|-resisted|p2a: Zamazenta\n|-supereffective|p2b: Tornadus\n|-damage|p2a: Zamazenta|96/100\n|-damage|p2b: Tornadus|66/100\n|-unboost|p2a: Zamazenta|spe|1\n|move|p1a: Lunala|Moongeist Beam|p2a: Zamazenta\n|-damage|p2a: Zamazenta|57/100\n|\n|-weather|SunnyDay|[upkeep]\n|-end|p1a: Lunala|move: Taunt\n|upkeep\n|turn|5\n|inactive|kelii has 30 seconds left.\n|\n|t:|1771674496\n|move|p2b: Tornadus|Taunt|p1a: Lunala\n|-start|p1a: Lunala|move: Taunt\n|move|p1b: Flutter Mane|Moonblast|p2a: Zamazenta\n|-damage|p2a: Zamazenta|24/100\n|move|p2a: Zamazenta|Heavy Slam|p1b: Flutter Mane\n|-supereffective|p1b: Flutter Mane\n|-enditem|p1b: Flutter Mane|Focus Sash\n|-damage|p1b: Flutter Mane|1/100\n|move|p1a: Lunala|Moongeist Beam|p2a: Zamazenta\n|-damage|p2a: Zamazenta|0 fnt\n|faint|p2a: Zamazenta\n|\n|-weather|SunnyDay|[upkeep]\n|upkeep\n|inactive|huanyu0.0 has 30 seconds left.\n|\n|t:|1771674523\n|switch|p2a: Kyogre|Kyogre, L50|26/100\n|-weather|RainDance|[from] ability: Drizzle|[of] p2a: Kyogre\n|-end|p1b: Flutter Mane|Protosynthesis\n|turn|6\n|\n|t:|1771674541\n|move|p2b: Tornadus|Bleakwind Storm|p1a: Lunala|[spread] p1a,p1b\n|-damage|p1a: Lunala|71/100\n|-damage|p1b: Flutter Mane|0 fnt\n|faint|p1b: Flutter Mane\n|-end|p1b: Flutter Mane|Protosynthesis|[silent]\n|move|p2a: Kyogre|Origin Pulse|p1a: Lunala\n|-damage|p1a: Lunala|9/100\n|move|p1a: Lunala|Moongeist Beam|p2a: Kyogre\n|-damage|p2a: Kyogre|3/100\n|\n|-weather|RainDance|[upkeep]\n|upkeep\n|\n|t:|1771674551\n|switch|p1b: Amoonguss|Amoonguss, L50, F, shiny|41/100\n|turn|7\n|-message|kelii forfeited.\n|\n|win|huanyu0.0\n|raw|kelii's rating: 1457 &rarr; <strong>1440</strong><br />(-17 for losing)\n|raw|huanyu0.0's rating: 1517 &rarr; <strong>1534</strong><br />(+17 for winning)\n|l|\u2606kelii\n|player|p1|\n|l|\u2606huanyu0.0\n|player|p2|\n","uploadtime":1771674707,"views":19,"formatid":"gen9vgc2026regi","rating":1440,"private":0,"password":null}