{"id":"gen9vgc2026regi-2582378677","format":"[Gen 9] VGC 2026 Reg I","players":["Lil Tic","Gahtut"],"log":"|j|\u2606Lil Tic\n|j|\u2606Gahtut\n|t:|1776087680\n|gametype|doubles\n|player|p1|Lil Tic|101|1456\n|player|p2|Gahtut|170|1534\n|gen|9\n|tier|[Gen 9] VGC 2026 Reg I\n|rated|\n|rule|Species Clause: Limit one of each Pok\u00e9mon\n|rule|Item Clause: Limit 1 of each item\n|clearpoke\n|poke|p1|Koraidon, L50|\n|poke|p1|Flutter Mane, L50|\n|poke|p1|Ho-Oh, L50|\n|poke|p1|Incineroar, L50, M|\n|poke|p1|Amoonguss, L50, M|\n|poke|p1|Ting-Lu, L50|\n|poke|p2|Kyogre, L50|\n|poke|p2|Landorus, L50, M|\n|poke|p2|Smeargle, L50, F|\n|poke|p2|Calyrex-Ice, L50|\n|poke|p2|Grimmsnarl, L50, M|\n|poke|p2|Urshifu-*, L50, F|\n|teampreview|4\n|\n|t:|1776087718\n|teamsize|p1|4\n|teamsize|p2|4\n|start\n|switch|p1a: Incineroar|Incineroar, L50, M|100/100\n|switch|p1b: Ho-Oh|Ho-Oh, L50|100/100\n|switch|p2a: Calyrex|Calyrex-Ice, L50|100/100\n|switch|p2b: Smeargle|Smeargle, L50, F, shiny|100/100\n|-ability|p2a: Calyrex|As One\n|-ability|p2a: Calyrex|Unnerve\n|-ability|p1a: Incineroar|Intimidate|boost\n|-fail|p2a: Calyrex|unboost|[from] item: Clear Amulet|[of] p2a: Calyrex\n|-unboost|p2b: Smeargle|atk|1\n|turn|1\n|inactive|Battle timer is ON: inactive players will automatically lose when time's up. (requested by Lil Tic)\n|\n|t:|1776087747\n|switch|p2a: Urshifu|Urshifu-Rapid-Strike, L50, F|100/100\n|move|p2b: Smeargle|Fake Out|p1b: Ho-Oh\n|-damage|p1b: Ho-Oh|97/100\n|cant|p1b: Ho-Oh|flinch\n|move|p1a: Incineroar|Knock Off|p2a: Urshifu\n|-resisted|p2a: Urshifu\n|-damage|p2a: Urshifu|77/100\n|-enditem|p2a: Urshifu|Mystic Water|[from] move: Knock Off|[of] p1a: Incineroar\n|\n|-ability|p2b: Smeargle|Moody|boost\n|-boost|p2b: Smeargle|spd|2\n|-unboost|p2b: Smeargle|spa|1\n|upkeep\n|turn|2\n|inactive|Lil Tic has 30 seconds left.\n|inactive|Lil Tic has 20 seconds left.\n|inactive|Lil Tic has 15 seconds left.\n|inactive|Lil Tic has 10 seconds left.\n|\n|t:|1776087796\n|switch|p1b: Amoonguss|Amoonguss, L50, M|100/100\n|move|p2a: Urshifu|Protect|p2a: Urshifu\n|-singleturn|p2a: Urshifu|Protect\n|move|p2b: Smeargle|Spore|p1b: Amoonguss\n|-immune|p1b: Amoonguss\n|move|p1a: Incineroar|Parting Shot|p2a: Urshifu\n|-activate|p2a: Urshifu|move: Protect\n|\n|-ability|p2b: Smeargle|Moody|boost\n|-boost|p2b: Smeargle|def|2\n|-unboost|p2b: Smeargle|spe|1\n|upkeep\n|turn|3\n|inactive|Gahtut has 30 seconds left.\n|\n|t:|1776087830\n|switch|p2a: Calyrex|Calyrex-Ice, L50|100/100\n|-ability|p2a: Calyrex|As One\n|-ability|p2a: Calyrex|Unnerve\n|switch|p1a: Koraidon|Koraidon, L50|100/100\n|-weather|SunnyDay|[from] ability: Orichalcum Pulse|[of] p1a: Koraidon\n|-activate|p1a: Koraidon|Orichalcum Pulse|[source]\n|switch|p2b: Kyogre|Kyogre, L50|100/100\n|-weather|RainDance|[from] ability: Drizzle|[of] p2b: Kyogre\n|move|p1b: Amoonguss|Spore|p2b: Kyogre\n|-status|p2b: Kyogre|slp|[from] move: Spore\n|\n|-weather|RainDance|[upkeep]\n|upkeep\n|turn|4\n|inactive|Gahtut has 30 seconds left.\n|inactive|Gahtut has 20 seconds left.\n|inactive|Gahtut has 15 seconds left.\n|\n|t:|1776087875\n|switch|p2b: Smeargle|Smeargle, L50, F, shiny|100/100\n|move|p1a: Koraidon|Collision Course|p2b: Smeargle\n|-supereffective|p2b: Smeargle\n|-enditem|p2b: Smeargle|Focus Sash\n|-damage|p2b: Smeargle|1/100\n|-damage|p1a: Koraidon|91/100|[from] item: Life Orb\n|move|p1b: Amoonguss|Spore|p2a: Calyrex\n|-status|p2a: Calyrex|slp|[from] move: Spore\n|cant|p2a: Calyrex|slp\n|\n|-weather|RainDance|[upkeep]\n|-ability|p2b: Smeargle|Moody|boost\n|-boost|p2b: Smeargle|spe|2\n|-unboost|p2b: Smeargle|spa|1\n|upkeep\n|turn|5\n|inactive|Gahtut has 30 seconds left.\n|\n|t:|1776087906\n|switch|p1a: Incineroar|Incineroar, L50, M|100/100\n|-ability|p1a: Incineroar|Intimidate|boost\n|-fail|p2a: Calyrex|unboost|[from] item: Clear Amulet|[of] p2a: Calyrex\n|-unboost|p2b: Smeargle|atk|1\n|move|p2b: Smeargle|Fake Out|p1b: Amoonguss\n|-damage|p1b: Amoonguss|98/100\n|-damage|p2b: Smeargle|0 fnt|[from] item: Rocky Helmet|[of] p1b: Amoonguss\n|faint|p2b: Smeargle\n|cant|p1b: Amoonguss|flinch\n|cant|p2a: Calyrex|slp\n|\n|-weather|RainDance|[upkeep]\n|upkeep\n|\n|t:|1776087922\n|switch|p2b: Urshifu|Urshifu-Rapid-Strike, L50, F|77/100\n|turn|6\n|\n|t:|1776087931\n|move|p2b: Urshifu|Protect|p2b: Urshifu\n|-singleturn|p2b: Urshifu|Protect\n|move|p1b: Amoonguss|Rage Powder|p1b: Amoonguss\n|-singleturn|p1b: Amoonguss|move: Rage Powder\n|move|p1a: Incineroar|Knock Off|p2a: Calyrex\n|-supereffective|p2a: Calyrex\n|-damage|p2a: Calyrex|46/100 slp\n|-enditem|p2a: Calyrex|Clear Amulet|[from] move: Knock Off|[of] p1a: Incineroar\n|cant|p2a: Calyrex|slp\n|\n|-weather|RainDance|[upkeep]\n|upkeep\n|turn|7\n|inactive|Gahtut has 30 seconds left.\n|inactive|Gahtut has 20 seconds left.\n|\n|t:|1776087970\n|move|p1b: Amoonguss|Rage Powder|p1b: Amoonguss\n|-singleturn|p1b: Amoonguss|move: Rage Powder\n|move|p2b: Urshifu|Close Combat|p1b: Amoonguss\n|-resisted|p1b: Amoonguss\n|-damage|p1b: Amoonguss|70/100\n|-unboost|p2b: Urshifu|def|1\n|-unboost|p2b: Urshifu|spd|1\n|-damage|p2b: Urshifu|61/100|[from] item: Rocky Helmet|[of] p1b: Amoonguss\n|move|p1a: Incineroar|Parting Shot|p2a: Calyrex\n|-unboost|p2a: Calyrex|atk|1\n|-unboost|p2a: Calyrex|spa|1\n|\n|t:|1776087975\n|switch|p1a: Ho-Oh|Ho-Oh, L50|100/100|[from] Parting Shot\n|-curestatus|p2a: Calyrex|slp|[msg]\n|move|p2a: Calyrex|Glacial Lance|p1b: Amoonguss|[spread] p1a,p1b\n|-supereffective|p1b: Amoonguss\n|-damage|p1a: Ho-Oh|68/100\n|-damage|p1b: Amoonguss|5/100\n|\n|-weather|none\n|upkeep\n|turn|8\n|inactive|Gahtut has 30 seconds left.\n|\n|t:|1776088008\n|switch|p1b: Incineroar|Incineroar, L50, M|100/100\n|-ability|p1b: Incineroar|Intimidate|boost\n|-unboost|p2a: Calyrex|atk|1\n|-unboost|p2b: Urshifu|atk|1\n|switch|p2a: Kyogre|Kyogre, L50|100/100 slp\n|-weather|RainDance|[from] ability: Drizzle|[of] p2a: Kyogre\n|move|p2b: Urshifu|Aqua Jet|p1b: Incineroar\n|-supereffective|p1b: Incineroar\n|-damage|p1b: Incineroar|62/100\n|move|p1a: Ho-Oh|Sacred Fire|p2a: Kyogre\n|-resisted|p2a: Kyogre\n|-crit|p2a: Kyogre\n|-damage|p2a: Kyogre|79/100 slp\n|\n|-weather|RainDance|[upkeep]\n|upkeep\n|turn|9\n|inactive|Lil Tic has 30 seconds left.\n|inactive|Gahtut has 30 seconds left.\n|inactive|Lil Tic has 20 seconds left.\n|\n|t:|1776088048\n|switch|p2a: Calyrex|Calyrex-Ice, L50|46/100\n|-ability|p2a: Calyrex|As One\n|-ability|p2a: Calyrex|Unnerve\n|move|p2b: Urshifu|Protect|p2b: Urshifu\n|-singleturn|p2b: Urshifu|Protect\n|move|p1b: Incineroar|Fake Out|p2b: Urshifu\n|-activate|p2b: Urshifu|move: Protect\n|move|p1a: Ho-Oh|Brave Bird|p2a: Calyrex\n|-damage|p2a: Calyrex|3/100\n|-damage|p1a: Ho-Oh|54/100|[from] Recoil\n|\n|-weather|RainDance|[upkeep]\n|upkeep\n|turn|10\n|inactive|Gahtut has 30 seconds left.\n|inactive|Gahtut has 20 seconds left.\n|inactive|Gahtut has 15 seconds left.\n|inactive|Gahtut has 10 seconds left.\n|inactive|Gahtut has 5 seconds left.\n|\n|t:|1776088101\n|move|p2b: Urshifu|Surging Strikes|p1a: Ho-Oh\n|-supereffective|p1a: Ho-Oh\n|-crit|p1a: Ho-Oh\n|-damage|p1a: Ho-Oh|0 fnt\n|faint|p1a: Ho-Oh\n|-hitcount|p1: Ho-Oh|1\n|move|p1b: Incineroar|Flare Blitz|p2a: Calyrex\n|-supereffective|p2a: Calyrex\n|-damage|p2a: Calyrex|0 fnt\n|faint|p2a: Calyrex\n|-damage|p1b: Incineroar|61/100|[from] Recoil\n|\n|-weather|RainDance|[upkeep]\n|upkeep\n|\n|t:|1776088109\n|switch|p1a: Amoonguss|Amoonguss, L50, M|38/100\n|switch|p2a: Kyogre|Kyogre, L50|79/100 slp\n|turn|11\n|\n|t:|1776088124\n|move|p2b: Urshifu|Protect|p2b: Urshifu\n|-singleturn|p2b: Urshifu|Protect\n|cant|p2a: Kyogre|slp\n|move|p1b: Incineroar|Knock Off|p2a: Kyogre\n|-damage|p2a: Kyogre|28/100 slp\n|-enditem|p2a: Kyogre|Choice Scarf|[from] move: Knock Off|[of] p1b: Incineroar\n|move|p1a: Amoonguss|Spore|p2b: Urshifu\n|-activate|p2b: Urshifu|move: Protect\n|\n|-weather|RainDance|[upkeep]\n|upkeep\n|turn|12\n|inactive|Lil Tic has 30 seconds left.\n|\n|t:|1776088152\n|switch|p1a: Koraidon|Koraidon, L50|91/100\n|-weather|SunnyDay|[from] ability: Orichalcum Pulse|[of] p1a: Koraidon\n|-activate|p1a: Koraidon|Orichalcum Pulse|[source]\n|move|p2b: Urshifu|Close Combat|p1a: Koraidon\n|-damage|p1a: Koraidon|50/100\n|-unboost|p2b: Urshifu|def|1\n|-unboost|p2b: Urshifu|spd|1\n|cant|p2a: Kyogre|slp\n|move|p1b: Incineroar|Parting Shot|p2a: Kyogre\n|-unboost|p2a: Kyogre|atk|1\n|-unboost|p2a: Kyogre|spa|1\n|\n|t:|1776088164\n|switch|p1b: Amoonguss|Amoonguss, L50, M|71/100|[from] Parting Shot\n|\n|-weather|SunnyDay|[upkeep]\n|upkeep\n|turn|13\n|\n|t:|1776088185\n|-terastallize|p2b: Urshifu|Water\n|move|p1b: Amoonguss|Rage Powder|p1b: Amoonguss\n|-singleturn|p1b: Amoonguss|move: Rage Powder\n|move|p1a: Koraidon|Collision Course|p2a: Kyogre\n|-damage|p2a: Kyogre|0 fnt\n|faint|p2a: Kyogre\n|-damage|p1a: Koraidon|40/100|[from] item: Life Orb\n|move|p2b: Urshifu|Close Combat|p1b: Amoonguss\n|-resisted|p1b: Amoonguss\n|-damage|p1b: Amoonguss|54/100\n|-unboost|p2b: Urshifu|def|1\n|-unboost|p2b: Urshifu|spd|1\n|-damage|p2b: Urshifu|44/100|[from] item: Rocky Helmet|[of] p1b: Amoonguss\n|\n|-weather|SunnyDay|[upkeep]\n|upkeep\n|turn|14\n|-message|Gahtut forfeited.\n|\n|win|Lil Tic\n|raw|Lil Tic's rating: 1456 &rarr; <strong>1480</strong><br />(+24 for winning)\n|raw|Gahtut's rating: 1534 &rarr; <strong>1510</strong><br />(-24 for losing)\n|l|\u2606Gahtut\n|player|p2|\n|l|\u2606Lil Tic\n|player|p1|\n","uploadtime":1776088340,"views":8,"formatid":"gen9vgc2026regi","rating":1480,"private":0,"password":null}