{"id":"gen9vgc2026regi-2540051804","format":"[Gen 9] VGC 2026 Reg I","players":["Zoossef","SEITA"],"log":"|j|\u2606Zoossef\n|j|\u2606SEITA\n|t:|1771152838\n|gametype|doubles\n|player|p1|Zoossef|drayden|1266\n|player|p2|SEITA|lucas-gen4pt|1502\n|gen|9\n|tier|[Gen 9] VGC 2026 Reg I\n|rated|\n|rule|Species Clause: Limit one of each Pok\u00e9mon\n|rule|Item Clause: Limit 1 of each item\n|clearpoke\n|poke|p1|Calyrex-Shadow, L50|\n|poke|p1|Koraidon, L50|\n|poke|p1|Chi-Yu, L50|\n|poke|p1|Walking Wake, L50|\n|poke|p1|Brute Bonnet, L50|\n|poke|p1|Weezing-Galar, L50, M|\n|poke|p2|Zamazenta-*, L50|\n|poke|p2|Kyogre, L50|\n|poke|p2|Wo-Chien, L50|\n|poke|p2|Grimmsnarl, L50, M|\n|poke|p2|Rhyperior, L50, M|\n|poke|p2|Ditto, L50|\n|teampreview|4\n|inactive|Battle timer is ON: inactive players will automatically lose when time's up. (requested by Zoossef)\n|inactive|SEITA has 60 seconds left.\n|inactive|Zoossef has 60 seconds left.\n|inactive|SEITA has 30 seconds left.\n|\n|t:|1771152901\n|teamsize|p1|4\n|teamsize|p2|4\n|start\n|switch|p1a: Weezing|Weezing-Galar, L50, M, shiny|100/100\n|switch|p1b: Walking Wake|Walking Wake, L50|100/100\n|switch|p2a: Grimmsnarl|Grimmsnarl, L50, M|100/100\n|switch|p2b: Rhyperior|Rhyperior, L50, M|100/100\n|-ability|p1a: Weezing|Neutralizing Gas\n|turn|1\n|inactive|Zoossef has 30 seconds left.\n|inactive|Zoossef has 20 seconds left.\n|\n|t:|1771152940\n|switch|p2b: Kyogre|Kyogre, L50|100/100\n|move|p1b: Walking Wake|Hydro Steam|p2b: Kyogre\n|-resisted|p2b: Kyogre\n|-damage|p2b: Kyogre|88/100\n|move|p1a: Weezing|Play Rough|p2a: Grimmsnarl\n|-supereffective|p2a: Grimmsnarl\n|-damage|p2a: Grimmsnarl|50/100\n|move|p2a: Grimmsnarl|Light Screen|p2a: Grimmsnarl\n|-sidestart|p2: SEITA|move: Light Screen\n|\n|-heal|p2b: Kyogre|94/100|[from] item: Leftovers\n|upkeep\n|turn|2\n|\n|t:|1771152965\n|switch|p2a: Zamazenta|Zamazenta-Crowned, L50|100/100\n|move|p1b: Walking Wake|Snarl|p2b: Kyogre|[spread] p2a,p2b\n|-resisted|p2a: Zamazenta\n|-damage|p2a: Zamazenta|98/100\n|-damage|p2b: Kyogre|89/100\n|-unboost|p2a: Zamazenta|spa|1\n|-unboost|p2b: Kyogre|spa|1\n|move|p2b: Kyogre|Ice Beam|p1b: Walking Wake\n|-damage|p1b: Walking Wake|83/100\n|move|p1a: Weezing|Poison Gas|p2b: Kyogre|[spread] p2a,p2b\n|-immune|p2a: Zamazenta\n|-status|p2b: Kyogre|psn\n|\n|-heal|p2b: Kyogre|95/100 psn|[from] item: Leftovers\n|-damage|p2b: Kyogre|83/100 psn|[from] psn\n|upkeep\n|turn|3\n|\n|t:|1771152988\n|move|p1b: Walking Wake|Hydro Steam|p2a: Zamazenta\n|-damage|p2a: Zamazenta|82/100\n|move|p2a: Zamazenta|Iron Defense|p2a: Zamazenta\n|-boost|p2a: Zamazenta|def|2\n|move|p2b: Kyogre|Origin Pulse|p1a: Weezing|[spread] p1a,p1b\n|-resisted|p1b: Walking Wake\n|-damage|p1a: Weezing|65/100\n|-damage|p1b: Walking Wake|78/100\n|move|p1a: Weezing|Taunt|p2a: Zamazenta\n|-start|p2a: Zamazenta|move: Taunt\n|\n|-heal|p2b: Kyogre|88/100 psn|[from] item: Leftovers\n|-damage|p2b: Kyogre|76/100 psn|[from] psn\n|upkeep\n|turn|4\n|\n|t:|1771153011\n|move|p1b: Walking Wake|Snarl|p2b: Kyogre|[spread] p2a,p2b\n|-resisted|p2a: Zamazenta\n|-damage|p2a: Zamazenta|80/100\n|-damage|p2b: Kyogre|71/100 psn\n|-unboost|p2a: Zamazenta|spa|1\n|-unboost|p2b: Kyogre|spa|1\n|move|p2a: Zamazenta|Body Press|p1b: Walking Wake\n|-damage|p1b: Walking Wake|0 fnt\n|faint|p1b: Walking Wake\n|-end|p1b: Walking Wake|Protosynthesis|[silent]\n|move|p2b: Kyogre|Origin Pulse|p1a: Weezing\n|-damage|p1a: Weezing|33/100\n|move|p1a: Weezing|Play Rough|p2b: Kyogre\n|-damage|p2b: Kyogre|47/100 psn\n|\n|-heal|p2b: Kyogre|53/100 psn|[from] item: Leftovers\n|-damage|p2b: Kyogre|41/100 psn|[from] psn\n|upkeep\n|\n|t:|1771153029\n|switch|p1b: Chi-Yu|Chi-Yu, L50|100/100\n|turn|5\n|\n|t:|1771153042\n|switch|p2a: Rhyperior|Rhyperior, L50, M|100/100\n|move|p1b: Chi-Yu|Flamethrower|p2a: Rhyperior\n|-resisted|p2a: Rhyperior\n|-damage|p2a: Rhyperior|90/100\n|move|p2b: Kyogre|Origin Pulse|p1b: Chi-Yu|[spread] p1a,p1b\n|-supereffective|p1b: Chi-Yu\n|-damage|p1a: Weezing|8/100\n|-damage|p1b: Chi-Yu|45/100\n|move|p1a: Weezing|Poison Gas|p2a: Rhyperior|[spread] p2a,p2b\n|-status|p2a: Rhyperior|psn\n|-fail|p2b: Kyogre|psn\n|\n|-heal|p2b: Kyogre|47/100 psn|[from] item: Leftovers\n|-damage|p2b: Kyogre|35/100 psn|[from] psn\n|-damage|p2a: Rhyperior|78/100 psn|[from] psn\n|upkeep\n|turn|6\n|inactive|Zoossef has 30 seconds left.\n|\n|t:|1771153072\n|move|p1a: Weezing|Protect|p1a: Weezing\n|-singleturn|p1a: Weezing|Protect\n|move|p1b: Chi-Yu|Flamethrower|p2b: Kyogre\n|-resisted|p2b: Kyogre\n|-damage|p2b: Kyogre|24/100 psn\n|move|p2b: Kyogre|Origin Pulse|p1b: Chi-Yu|[spread] p1b\n|-activate|p1a: Weezing|move: Protect\n|-supereffective|p1b: Chi-Yu\n|-damage|p1b: Chi-Yu|0 fnt\n|faint|p1b: Chi-Yu\n|move|p2a: Rhyperior|Rock Slide|p1a: Weezing\n|-activate|p1a: Weezing|move: Protect\n|\n|-heal|p2b: Kyogre|30/100 psn|[from] item: Leftovers\n|-damage|p2b: Kyogre|18/100 psn|[from] psn\n|-damage|p2a: Rhyperior|65/100 psn|[from] psn\n|upkeep\n|\n|t:|1771153087\n|switch|p1b: Koraidon|Koraidon, L50|100/100\n|-weather|SunnyDay|[from] ability: Orichalcum Pulse|[of] p1b: Koraidon\n|-activate|p1b: Koraidon|Orichalcum Pulse|[source]\n|turn|7\n|\n|t:|1771153098\n|switch|p2b: Zamazenta|Zamazenta-Crowned, L50|80/100\n|-terastallize|p2a: Rhyperior|Water\n|move|p1b: Koraidon|Collision Course|p2a: Rhyperior\n|-damage|p2a: Rhyperior|17/100 psn\n|move|p1a: Weezing|Play Rough|p2b: Zamazenta\n|-damage|p2b: Zamazenta|63/100\n|move|p2a: Rhyperior|High Horsepower|p1a: Weezing\n|-supereffective|p1a: Weezing\n|-damage|p1a: Weezing|0 fnt\n|faint|p1a: Weezing\n|-end|p1a: Weezing|ability: Neutralizing Gas\n|-ability|p2b: Zamazenta|Dauntless Shield|boost\n|-boost|p2b: Zamazenta|def|1\n|\n|-weather|SunnyDay|[upkeep]\n|-damage|p2a: Rhyperior|5/100 psn|[from] psn\n|upkeep\n|turn|8\n|\n|t:|1771153122\n|move|p2b: Zamazenta|Protect|p2b: Zamazenta\n|-singleturn|p2b: Zamazenta|Protect\n|move|p1b: Koraidon|Flame Charge|p2a: Rhyperior\n|-resisted|p2a: Rhyperior\n|-damage|p2a: Rhyperior|0 fnt\n|-boost|p1b: Koraidon|spe|1\n|faint|p2a: Rhyperior\n|\n|-weather|SunnyDay|[upkeep]\n|-sideend|p2: SEITA|move: Light Screen\n|upkeep\n|\n|t:|1771153136\n|switch|p2a: Kyogre|Kyogre, L50|18/100 psn\n|-weather|RainDance|[from] ability: Drizzle|[of] p2a: Kyogre\n|turn|9\n|\n|t:|1771153153\n|move|p1b: Koraidon|Collision Course|p2a: Kyogre\n|-damage|p2a: Kyogre|0 fnt\n|faint|p2a: Kyogre\n|move|p2b: Zamazenta|Body Press|p1b: Koraidon\n|-damage|p1b: Koraidon|54/100\n|\n|-weather|RainDance|[upkeep]\n|upkeep\n|\n|t:|1771153162\n|switch|p2a: Grimmsnarl|Grimmsnarl, L50, M|50/100\n|turn|10\n|\n|t:|1771153168\n|-terastallize|p1b: Koraidon|Fire\n|move|p2b: Zamazenta|Protect|p2b: Zamazenta\n|-singleturn|p2b: Zamazenta|Protect\n|move|p2a: Grimmsnarl|Reflect|p2a: Grimmsnarl\n|-sidestart|p2: SEITA|Reflect\n|move|p1b: Koraidon|Collision Course|p2b: Zamazenta\n|-activate|p2b: Zamazenta|move: Protect\n|\n|-weather|RainDance|[upkeep]\n|upkeep\n|turn|11\n|\n|t:|1771153182\n|move|p1b: Koraidon|Collision Course|p2b: Zamazenta\n|-supereffective|p2b: Zamazenta\n|-damage|p2b: Zamazenta|25/100\n|move|p2b: Zamazenta|Body Press|p1b: Koraidon\n|-damage|p1b: Koraidon|4/100\n|move|p2a: Grimmsnarl|Spirit Break|p1b: Koraidon\n|-resisted|p1b: Koraidon\n|-damage|p1b: Koraidon|0 fnt\n|faint|p1b: Koraidon\n|\n|win|SEITA\n|raw|Zoossef's rating: 1266 &rarr; <strong>1256</strong><br />(-10 for losing)\n|raw|SEITA's rating: 1502 &rarr; <strong>1510</strong><br />(+8 for winning)\n|l|\u2606SEITA\n|player|p2|\n","uploadtime":1771153443,"views":36,"formatid":"gen9vgc2026regi","rating":1256,"private":0,"password":null}