{"id":"gen9vgc2026regi-2562838241","format":"[Gen 9] VGC 2026 Reg I","players":["AlejoB7","It'sJustKen VGC"],"log":"|j|\u2606AlejoB7\n|j|\u2606It'sJustKen VGC\n|t:|1773954520\n|gametype|doubles\n|player|p1|AlejoB7|lance|1374\n|player|p2|It'sJustKen VGC|102|1447\n|gen|9\n|tier|[Gen 9] VGC 2026 Reg I\n|rated|\n|rule|Species Clause: Limit one of each Pok\u00e9mon\n|rule|Item Clause: Limit 1 of each item\n|clearpoke\n|poke|p1|Calyrex-Shadow, L50|\n|poke|p1|Zamazenta-*, L50|\n|poke|p1|Rillaboom, L50, F|\n|poke|p1|Tornadus, L50, M|\n|poke|p1|Smeargle, L50, M|\n|poke|p1|Incineroar, L50, F|\n|poke|p2|Iron Hands, L50|\n|poke|p2|Incineroar, L50, F|\n|poke|p2|Calyrex-Shadow, L50|\n|poke|p2|Whimsicott, L50, F|\n|poke|p2|Farigiraf, L50, M|\n|poke|p2|Miraidon, L50|\n|teampreview|4\n|inactive|Battle timer is ON: inactive players will automatically lose when time's up. (requested by It'sJustKen VGC)\n|\n|t:|1773954538\n|teamsize|p1|4\n|teamsize|p2|4\n|start\n|switch|p1a: Zamazenta|Zamazenta-Crowned, L50|100/100\n|switch|p1b: Rillaboom|Rillaboom, L50, F|100/100\n|switch|p2a: Miraidon|Miraidon, L50, shiny|100/100\n|switch|p2b: Whimsicott|Whimsicott, L50, F|100/100\n|-ability|p1a: Zamazenta|Dauntless Shield|boost\n|-boost|p1a: Zamazenta|def|1\n|-fieldstart|move: Electric Terrain|[from] ability: Hadron Engine|[of] p2a: Miraidon\n|-fieldstart|move: Grassy Terrain|[from] ability: Grassy Surge|[of] p1b: Rillaboom\n|turn|1\n|\n|t:|1773954551\n|switch|p2b: Incineroar|Incineroar, L50, F|100/100\n|-ability|p2b: Incineroar|Intimidate|boost\n|-unboost|p1a: Zamazenta|atk|1\n|-unboost|p1b: Rillaboom|atk|1\n|switch|p2a: Calyrex|Calyrex-Shadow, L50|100/100\n|-ability|p2a: Calyrex|As One\n|-ability|p2a: Calyrex|Unnerve\n|move|p1a: Zamazenta|Heavy Slam|p2b: Incineroar\n|-resisted|p2b: Incineroar\n|-damage|p2b: Incineroar|89/100\n|-damage|p1a: Zamazenta|84/100|[from] item: Rocky Helmet|[of] p2b: Incineroar\n|move|p1b: Rillaboom|U-turn|p2b: Incineroar\n|-damage|p2b: Incineroar|77/100\n|-damage|p1b: Rillaboom|84/100|[from] item: Rocky Helmet|[of] p2b: Incineroar\n|\n|t:|1773954567\n|switch|p1b: Incineroar|Incineroar, L50, F|100/100|[from] U-turn\n|-ability|p1b: Incineroar|Intimidate|boost\n|-unboost|p2a: Calyrex|atk|1\n|-unboost|p2b: Incineroar|atk|1\n|\n|-heal|p1a: Zamazenta|90/100|[from] Grassy Terrain\n|-heal|p2b: Incineroar|83/100|[from] Grassy Terrain\n|upkeep\n|turn|2\n|inactive|AlejoB7 has 30 seconds left.\n|inactive|AlejoB7 has 20 seconds left.\n|\n|t:|1773954604\n|switch|p2b: Miraidon|Miraidon, L50, shiny|100/100\n|-fieldstart|move: Electric Terrain|[from] ability: Hadron Engine|[of] p2b: Miraidon\n|move|p2a: Calyrex|Protect|p2a: Calyrex\n|-singleturn|p2a: Calyrex|Protect\n|move|p1a: Zamazenta|Body Press|p2b: Miraidon\n|-damage|p2b: Miraidon|41/100\n|move|p1b: Incineroar|Parting Shot|p2a: Calyrex\n|-activate|p2a: Calyrex|move: Protect\n|\n|upkeep\n|turn|3\n|inactive|It'sJustKen VGC has 30 seconds left.\n|\n|t:|1773954636\n|switch|p1b: Rillaboom|Rillaboom, L50, F|84/100\n|-fieldstart|move: Grassy Terrain|[from] ability: Grassy Surge|[of] p1b: Rillaboom\n|-terastallize|p2a: Calyrex|Ghost\n|move|p2a: Calyrex|Astral Barrage|p1a: Zamazenta|[spread] p1a,p1b\n|-damage|p1a: Zamazenta|39/100\n|-damage|p1b: Rillaboom|38/100\n|move|p1a: Zamazenta|Heavy Slam|p2a: Calyrex\n|-damage|p2a: Calyrex|58/100\n|move|p2b: Miraidon|Volt Switch|p1b: Rillaboom\n|-resisted|p1b: Rillaboom\n|-damage|p1b: Rillaboom|18/100\n|\n|t:|1773954643\n|switch|p2b: Incineroar|Incineroar, L50, F|83/100|[from] Volt Switch\n|-ability|p2b: Incineroar|Intimidate|boost\n|-unboost|p1a: Zamazenta|atk|1\n|-unboost|p1b: Rillaboom|atk|1\n|\n|-heal|p2a: Calyrex|64/100|[from] Grassy Terrain\n|-heal|p1a: Zamazenta|46/100|[from] Grassy Terrain\n|-heal|p1b: Rillaboom|24/100|[from] Grassy Terrain\n|-heal|p2b: Incineroar|89/100|[from] Grassy Terrain\n|upkeep\n|turn|4\n|\n|t:|1773954659\n|switch|p1b: Incineroar|Incineroar, L50, F|100/100\n|-ability|p1b: Incineroar|Intimidate|boost\n|-unboost|p2a: Calyrex|atk|1\n|-unboost|p2b: Incineroar|atk|1\n|move|p1a: Zamazenta|Protect|p1a: Zamazenta\n|-singleturn|p1a: Zamazenta|Protect\n|move|p2b: Incineroar|Fake Out|p1a: Zamazenta\n|-activate|p1a: Zamazenta|move: Protect\n|move|p2a: Calyrex|Psychic|p1b: Incineroar\n|-immune|p1b: Incineroar\n|\n|-heal|p2a: Calyrex|70/100|[from] Grassy Terrain\n|-heal|p1a: Zamazenta|52/100|[from] Grassy Terrain\n|-heal|p2b: Incineroar|95/100|[from] Grassy Terrain\n|upkeep\n|turn|5\n|\n|t:|1773954679\n|switch|p2a: Miraidon|Miraidon, L50, shiny|41/100\n|-fieldstart|move: Electric Terrain|[from] ability: Hadron Engine|[of] p2a: Miraidon\n|switch|p2b: Whimsicott|Whimsicott, L50, F|100/100\n|move|p1a: Zamazenta|Body Press|p2b: Whimsicott\n|-resisted|p2b: Whimsicott\n|-damage|p2b: Whimsicott|58/100\n|move|p1b: Incineroar|Knock Off|p2b: Whimsicott\n|-resisted|p2b: Whimsicott\n|-damage|p2b: Whimsicott|37/100\n|-enditem|p2b: Whimsicott|Covert Cloak|[from] move: Knock Off|[of] p1b: Incineroar\n|\n|upkeep\n|turn|6\n|inactive|AlejoB7 has 30 seconds left.\n|\n|t:|1773954705\n|switch|p1b: Rillaboom|Rillaboom, L50, F|24/100\n|-fieldstart|move: Grassy Terrain|[from] ability: Grassy Surge|[of] p1b: Rillaboom\n|move|p2b: Whimsicott|Tailwind|p2b: Whimsicott\n|-sidestart|p2: It'sJustKen VGC|move: Tailwind\n|move|p2a: Miraidon|Electro Drift|p1a: Zamazenta\n|-damage|p1a: Zamazenta|0 fnt\n|faint|p1a: Zamazenta\n|\n|-heal|p2b: Whimsicott|43/100|[from] Grassy Terrain\n|-heal|p2a: Miraidon|47/100|[from] Grassy Terrain\n|-heal|p1b: Rillaboom|30/100|[from] Grassy Terrain\n|upkeep\n|\n|t:|1773954714\n|switch|p1a: Calyrex|Calyrex-Shadow, L50|100/100\n|-ability|p1a: Calyrex|As One\n|-ability|p1a: Calyrex|Unnerve\n|turn|7\n|\n|t:|1773954738\n|switch|p2a: Incineroar|Incineroar, L50, F|95/100\n|-ability|p2a: Incineroar|Intimidate|boost\n|-unboost|p1a: Calyrex|atk|1\n|-unboost|p1b: Rillaboom|atk|1\n|switch|p1b: Incineroar|Incineroar, L50, F|100/100\n|-ability|p1b: Incineroar|Intimidate|boost\n|-unboost|p2a: Incineroar|atk|1\n|-unboost|p2b: Whimsicott|atk|1\n|move|p2b: Whimsicott|Light Screen|p2b: Whimsicott\n|-sidestart|p2: It'sJustKen VGC|move: Light Screen\n|move|p1a: Calyrex|Astral Barrage|p2b: Whimsicott|[spread] p2a,p2b\n|-resisted|p2a: Incineroar\n|-damage|p2a: Incineroar|75/100\n|-damage|p2b: Whimsicott|0 fnt\n|faint|p2b: Whimsicott\n|-ability|p1a: Calyrex|Grim Neigh|boost\n|-boost|p1a: Calyrex|spa|1\n|-damage|p1a: Calyrex|91/100|[from] item: Life Orb\n|\n|-heal|p1a: Calyrex|97/100|[from] Grassy Terrain\n|-heal|p2a: Incineroar|81/100|[from] Grassy Terrain\n|upkeep\n|\n|t:|1773954740\n|switch|p2b: Calyrex|Calyrex-Shadow, L50, tera:Ghost|70/100\n|-ability|p2b: Calyrex|As One\n|-ability|p2b: Calyrex|Unnerve\n|turn|8\n|inactive|AlejoB7 has 30 seconds left.\n|\n|t:|1773954766\n|move|p1a: Calyrex|Protect|p1a: Calyrex\n|-singleturn|p1a: Calyrex|Protect\n|move|p2a: Incineroar|Fake Out|p1b: Incineroar\n|-damage|p1b: Incineroar|95/100\n|move|p2b: Calyrex|Imprison|p2b: Calyrex\n|-start|p2b: Calyrex|move: Imprison\n|cant|p1b: Incineroar|flinch\n|\n|-heal|p2b: Calyrex|77/100|[from] Grassy Terrain\n|-heal|p1a: Calyrex|100/100|[from] Grassy Terrain\n|-heal|p2a: Incineroar|87/100|[from] Grassy Terrain\n|-heal|p1b: Incineroar|100/100|[from] Grassy Terrain\n|upkeep\n|turn|9\n|c|\u2606AlejoB7|lol well played there\n|inactive|AlejoB7 has 30 seconds left.\n|c|\u2606It'sJustKen VGC|I've been aiming for that the whole game\n|c|\u2606AlejoB7|thats simply awsome, cant get mad\n|c|\u2606It'sJustKen VGC|lmao\n|c|\u2606AlejoB7|zero irony\n|inactive|AlejoB7 has 20 seconds left.\n|inactive|AlejoB7 has 15 seconds left.\n|c|\u2606It'sJustKen VGC|get csr in tailwind with FO next to it\n|c|\u2606AlejoB7|have to recognice its very cool\n|inactive|AlejoB7 has 10 seconds left.\n|c|\u2606It'sJustKen VGC|thank you!\n|\n|t:|1773954815\n|-terastallize|p1a: Calyrex|Dark\n|move|p2b: Calyrex|Protect|p2b: Calyrex\n|-singleturn|p2b: Calyrex|Protect\n|move|p1a: Calyrex|Nasty Plot|p1a: Calyrex\n|-boost|p1a: Calyrex|spa|2\n|move|p2a: Incineroar|U-turn|p1b: Incineroar\n|-damage|p1b: Incineroar|92/100\n|\n|t:|1773954819\n|switch|p2a: Miraidon|Miraidon, L50, shiny|47/100|[from] U-turn\n|-fieldstart|move: Electric Terrain|[from] ability: Hadron Engine|[of] p2a: Miraidon\n|move|p1b: Incineroar|Knock Off|p2b: Calyrex\n|-activate|p2b: Calyrex|move: Protect\n|\n|-sideend|p2: It'sJustKen VGC|move: Tailwind\n|upkeep\n|turn|10\n|\n|t:|1773954830\n|switch|p1a: Rillaboom|Rillaboom, L50, F|30/100\n|-fieldstart|move: Grassy Terrain|[from] ability: Grassy Surge|[of] p1a: Rillaboom\n|move|p2b: Calyrex|Astral Barrage|p1b: Incineroar|[spread] p1a,p1b\n|-resisted|p1b: Incineroar\n|-damage|p1a: Rillaboom|0 fnt\n|-damage|p1b: Incineroar|57/100\n|faint|p1a: Rillaboom\n|-ability|p2b: Calyrex|Grim Neigh|boost\n|-boost|p2b: Calyrex|spa|1\n|move|p2a: Miraidon|Electro Drift|p1b: Incineroar\n|-damage|p1b: Incineroar|0 fnt\n|faint|p1b: Incineroar\n|\n|-heal|p2b: Calyrex|83/100|[from] Grassy Terrain\n|-heal|p2a: Miraidon|53/100|[from] Grassy Terrain\n|upkeep\n|\n|t:|1773954837\n|switch|p1a: Calyrex|Calyrex-Shadow, L50, tera:Dark|100/100\n|-ability|p1a: Calyrex|As One\n|-ability|p1a: Calyrex|Unnerve\n|turn|11\n|c|\u2606AlejoB7|gg man, very cool\n|c|\u2606AlejoB7|well pl\u00e1yed\n|c|\u2606It'sJustKen VGC|gg wp\n|inactive|AlejoB7 has 30 seconds left.\n|-message|AlejoB7 forfeited.\n|\n|win|It'sJustKen VGC\n|raw|AlejoB7's rating: 1374 &rarr; <strong>1358</strong><br />(-16 for losing)\n|raw|It&apos;sJustKen VGC's rating: 1447 &rarr; <strong>1463</strong><br />(+16 for winning)\n","uploadtime":1773954865,"views":16,"formatid":"gen9vgc2026regi","rating":1358,"private":0,"password":null}