{"id":"gen9vgc2026regi-2547097106","format":"[Gen 9] VGC 2026 Reg I","players":["goldenorder","jepeg"],"log":"|j|\u2606goldenorder\n|j|\u2606jepeg\n|t:|1772046291\n|gametype|doubles\n|player|p1|goldenorder|101|1340\n|player|p2|jepeg|beauty-gen4dp|1352\n|gen|9\n|tier|[Gen 9] VGC 2026 Reg I\n|rated|\n|rule|Species Clause: Limit one of each Pok\u00e9mon\n|rule|Item Clause: Limit 1 of each item\n|clearpoke\n|poke|p1|Zamazenta-*, L50|\n|poke|p1|Kyogre, L50|\n|poke|p1|Whimsicott, L50, F|\n|poke|p1|Ditto, L50|\n|poke|p1|Grimmsnarl, L50, M|\n|poke|p1|Rillaboom, L50, M|\n|poke|p2|Calyrex-Shadow, L50|\n|poke|p2|Oranguru, L50, F|\n|poke|p2|Miraidon, L50|\n|poke|p2|Ogerpon-Hearthflame, L50, F|\n|poke|p2|Bruxish, L50, F|\n|poke|p2|Torkoal, L50, F|\n|teampreview|4\n|\n|t:|1772046339\n|teamsize|p1|4\n|teamsize|p2|4\n|start\n|switch|p1a: Grimmsnarl|Grimmsnarl, L50, M|100/100\n|switch|p1b: Zamazenta|Zamazenta-Crowned, L50|100/100\n|switch|p2a: Calyrex|Calyrex-Shadow, L50|100/100\n|switch|p2b: Oranguru|Oranguru, L50, F, shiny|100/100\n|-ability|p2a: Calyrex|As One\n|-ability|p2a: Calyrex|Unnerve\n|-ability|p1b: Zamazenta|Dauntless Shield|boost\n|-boost|p1b: Zamazenta|def|1\n|turn|1\n|\n|t:|1772046375\n|-terastallize|p2a: Calyrex|Fire\n|move|p1a: Grimmsnarl|Light Screen|p1a: Grimmsnarl\n|-sidestart|p1: goldenorder|move: Light Screen\n|move|p2a: Calyrex|Tera Blast|p1b: Zamazenta|[anim] Tera Blast Fire\n|-supereffective|p1b: Zamazenta\n|-damage|p1b: Zamazenta|58/100\n|move|p1b: Zamazenta|Body Press|p2b: Oranguru\n|-damage|p2b: Oranguru|60/100\n|move|p2b: Oranguru|Trick Room|p2b: Oranguru\n|-fieldstart|move: Trick Room|[of] p2b: Oranguru\n|\n|upkeep\n|turn|2\n|\n|t:|1772046417\n|switch|p2b: Bruxish|Bruxish, L50, F, shiny|100/100\n|move|p1a: Grimmsnarl|Spirit Break|p2a: Calyrex\n|-resisted|p2a: Calyrex\n|-crit|p2a: Calyrex\n|-damage|p2a: Calyrex|75/100\n|-unboost|p2a: Calyrex|spa|1\n|move|p1b: Zamazenta|Body Press|p2b: Bruxish\n|-resisted|p2b: Bruxish\n|-damage|p2b: Bruxish|63/100\n|move|p2a: Calyrex|Astral Barrage|p1b: Zamazenta|[spread] p1a,p1b\n|-resisted|p1a: Grimmsnarl\n|-crit|p1b: Zamazenta\n|-damage|p1a: Grimmsnarl|91/100\n|-damage|p1b: Zamazenta|4/100\n|\n|upkeep\n|turn|3\n|\n|t:|1772046448\n|move|p1b: Zamazenta|Wide Guard|p1b: Zamazenta\n|-singleturn|p1b: Zamazenta|Wide Guard\n|move|p1a: Grimmsnarl|Spirit Break|p2a: Calyrex\n|-resisted|p2a: Calyrex\n|-damage|p2a: Calyrex|56/100\n|-unboost|p2a: Calyrex|spa|1\n|move|p2a: Calyrex|Astral Barrage|p1a: Grimmsnarl|[spread] \n|-activate|p1a: Grimmsnarl|move: Wide Guard\n|-activate|p1b: Zamazenta|move: Wide Guard\n|move|p2b: Bruxish|Super Fang|p1a: Grimmsnarl\n|-damage|p1a: Grimmsnarl|46/100\n|\n|upkeep\n|turn|4\n|\n|t:|1772046486\n|switch|p2a: Oranguru|Oranguru, L50, F, shiny|60/100\n|switch|p2b: Torkoal|Torkoal, L50, F|100/100\n|-weather|SunnyDay|[from] ability: Drought|[of] p2b: Torkoal\n|move|p1a: Grimmsnarl|Thunder Wave|p1b: Zamazenta\n|-status|p1b: Zamazenta|par\n|move|p1b: Zamazenta|Body Press|p2a: Oranguru\n|-damage|p2a: Oranguru|17/100\n|\n|-weather|SunnyDay|[upkeep]\n|upkeep\n|turn|5\n|\n|t:|1772046506\n|switch|p2a: Bruxish|Bruxish, L50, F, shiny|63/100\n|move|p1b: Zamazenta|Wide Guard|p1b: Zamazenta\n|-singleturn|p1b: Zamazenta|Wide Guard\n|move|p2b: Torkoal|Heat Wave|p1b: Zamazenta|[spread] \n|-activate|p1a: Grimmsnarl|move: Wide Guard\n|-activate|p1b: Zamazenta|move: Wide Guard\n|move|p1a: Grimmsnarl|Spirit Break|p2b: Torkoal\n|-resisted|p2b: Torkoal\n|-damage|p2b: Torkoal|89/100\n|-unboost|p2b: Torkoal|spa|1\n|\n|-weather|SunnyDay|[upkeep]\n|-fieldend|move: Trick Room\n|upkeep\n|turn|6\n|\n|t:|1772046536\n|move|p1b: Zamazenta|Wide Guard|p1b: Zamazenta\n|-singleturn|p1b: Zamazenta|Wide Guard\n|move|p2a: Bruxish|Flip Turn|p1b: Zamazenta\n|-damage|p1b: Zamazenta|0 fnt\n|faint|p1b: Zamazenta\n|\n|t:|1772046544\n|switch|p2a: Calyrex|Calyrex-Shadow, L50, tera:Fire|56/100|[from] Flip Turn\n|-ability|p2a: Calyrex|As One\n|-ability|p2a: Calyrex|Unnerve\n|move|p1a: Grimmsnarl|Spirit Break|p2b: Torkoal\n|-resisted|p2b: Torkoal\n|-damage|p2b: Torkoal|77/100\n|-unboost|p2b: Torkoal|spa|1\n|move|p2b: Torkoal|Heat Wave|p1a: Grimmsnarl\n|-activate|p1a: Grimmsnarl|move: Wide Guard\n|\n|-weather|SunnyDay|[upkeep]\n|upkeep\n|\n|t:|1772046550\n|switch|p1b: Ditto|Ditto, L50|100/100\n|-transform|p1b: Ditto|p2a: Calyrex|[from] ability: Imposter\n|-ability|p1b: Ditto|As One\n|-ability|p1b: Ditto|Unnerve\n|turn|7\n|\n|t:|1772046573\n|switch|p1a: Kyogre|Kyogre, L50|100/100\n|-weather|RainDance|[from] ability: Drizzle|[of] p1a: Kyogre\n|switch|p2b: Bruxish|Bruxish, L50, F, shiny|63/100\n|-terastallize|p1b: Ditto|Fairy\n|move|p1b: Ditto|Astral Barrage|p2b: Bruxish|[spread] p2a,p2b\n|-supereffective|p2b: Bruxish\n|-damage|p2a: Calyrex|3/100\n|-damage|p2b: Bruxish|0 fnt\n|faint|p2b: Bruxish\n|-ability|p1b: Ditto|Grim Neigh|boost\n|-boost|p1b: Ditto|spa|1\n|move|p2a: Calyrex|Astral Barrage|p1b: Ditto|[spread] p1a,p1b\n|-damage|p1a: Kyogre|83/100\n|-damage|p1b: Ditto|55/100\n|\n|-weather|RainDance|[upkeep]\n|upkeep\n|\n|t:|1772046594\n|switch|p2b: Oranguru|Oranguru, L50, F, shiny|17/100\n|turn|8\n|\n|t:|1772046603\n|move|p1b: Ditto|Astral Barrage|p2b: Oranguru|[spread] p2a\n|-immune|p2b: Oranguru\n|-damage|p2a: Calyrex|0 fnt\n|faint|p2a: Calyrex\n|-ability|p1b: Ditto|Grim Neigh|boost\n|-boost|p1b: Ditto|spa|1\n|move|p1a: Kyogre|Water Spout|p2b: Oranguru\n|-damage|p2b: Oranguru|0 fnt\n|faint|p2b: Oranguru\n|\n|-weather|RainDance|[upkeep]\n|-sideend|p1: goldenorder|move: Light Screen\n|upkeep\n|-message|jepeg forfeited.\n|\n|win|goldenorder\n|raw|goldenorder's rating: 1321 &rarr; <strong>1343</strong><br />(+22 for winning)\n|raw|jepeg's rating: 1352 &rarr; <strong>1330</strong><br />(-22 for losing)\n|l|\u2606jepeg\n|player|p2|\n|l|\u2606goldenorder\n|player|p1|\n","uploadtime":1772046812,"views":12,"formatid":"gen9vgc2026regi","rating":1330,"private":0,"password":null}