{"id":"gen9vgc2026regi-2542628674","format":"[Gen 9] VGC 2026 Reg I","players":["raigonjoy","lalo's pollos"],"log":"|j|\u2606raigonjoy\n|j|\u2606lalo's pollos\n|t:|1771470975\n|gametype|doubles\n|player|p1|raigonjoy|169|1412\n|player|p2|lalo's pollos|266|1422\n|gen|9\n|tier|[Gen 9] VGC 2026 Reg I\n|rated|\n|rule|Species Clause: Limit one of each Pok\u00e9mon\n|rule|Item Clause: Limit 1 of each item\n|clearpoke\n|poke|p1|Whimsicott, L50, F|\n|poke|p1|Urshifu-*, L50, M|\n|poke|p1|Ursaluna, L50, M|\n|poke|p1|Miraidon, L50|\n|poke|p1|Lunala, L50|\n|poke|p1|Incineroar, L50, F|\n|poke|p2|Zamazenta-*, L50|\n|poke|p2|Lunala, L50|\n|poke|p2|Rillaboom, L50, M|\n|poke|p2|Incineroar, L50, M|\n|poke|p2|Urshifu-*, L50, M|\n|poke|p2|Tornadus, L50, M|\n|teampreview|4\n|inactive|Battle timer is ON: inactive players will automatically lose when time's up. (requested by raigonjoy)\n|inactive|raigonjoy has 60 seconds left.\n|inactive|lalo's pollos has 60 seconds left.\n|inactive|raigonjoy has 30 seconds left.\n|inactive|lalo's pollos has 30 seconds left.\n|inactive|raigonjoy has 20 seconds left.\n|inactive|lalo's pollos has 20 seconds left.\n|inactive|lalo's pollos has 15 seconds left.\n|inactive|lalo's pollos has 10 seconds left.\n|\n|t:|1771471063\n|teamsize|p1|4\n|teamsize|p2|4\n|start\n|switch|p1a: Lunala|Lunala, L50, shiny|100/100\n|switch|p1b: Incineroar|Incineroar, L50, F, shiny|100/100\n|switch|p2a: Rillaboom|Rillaboom, L50, M|100/100\n|switch|p2b: Lunala|Lunala, L50|100/100\n|-fieldstart|move: Grassy Terrain|[from] ability: Grassy Surge|[of] p2a: Rillaboom\n|-ability|p1b: Incineroar|Intimidate|boost\n|-unboost|p2a: Rillaboom|atk|1\n|-unboost|p2b: Lunala|atk|1\n|turn|1\n|\n|t:|1771471072\n|switch|p1b: Whimsicott|Whimsicott, L50, F, shiny|100/100\n|-terastallize|p2b: Lunala|Fairy\n|move|p2a: Rillaboom|Fake Out|p1b: Whimsicott\n|-damage|p1b: Whimsicott|92/100\n|move|p2b: Lunala|Calm Mind|p2b: Lunala\n|-boost|p2b: Lunala|spa|1\n|-boost|p2b: Lunala|spd|1\n|move|p1a: Lunala|Moongeist Beam|p2b: Lunala\n|-damage|p2b: Lunala|88/100\n|\n|-heal|p2b: Lunala|94/100|[from] Grassy Terrain\n|-heal|p2b: Lunala|99/100|[from] item: Leftovers\n|-heal|p1b: Whimsicott|98/100|[from] Grassy Terrain\n|upkeep\n|turn|2\n|inactive|raigonjoy has 30 seconds left.\n|\n|t:|1771471102\n|switch|p2a: Zamazenta|Zamazenta-Crowned, L50|100/100\n|-ability|p2a: Zamazenta|Dauntless Shield|boost\n|-boost|p2a: Zamazenta|def|1\n|switch|p1a: Miraidon|Miraidon, L50, shiny|100/100\n|-fieldstart|move: Electric Terrain|[from] ability: Hadron Engine|[of] p1a: Miraidon\n|move|p1b: Whimsicott|Encore|p2b: Lunala\n|-start|p2b: Lunala|Encore\n|move|p2b: Lunala|Calm Mind|p2b: Lunala\n|-boost|p2b: Lunala|spa|1\n|-boost|p2b: Lunala|spd|1\n|\n|-heal|p2b: Lunala|100/100|[from] item: Leftovers\n|upkeep\n|turn|3\n|inactive|lalo's pollos has 30 seconds left.\n|inactive|lalo's pollos has 20 seconds left.\n|inactive|lalo's pollos has 15 seconds left.\n|\n|t:|1771471144\n|switch|p1b: Lunala|Lunala, L50, shiny|100/100\n|-enditem|p1b: Lunala|Electric Seed\n|-boost|p1b: Lunala|def|1|[from] item: Electric Seed\n|-terastallize|p1a: Miraidon|Electric\n|move|p1a: Miraidon|Volt Switch|p2b: Lunala\n|-damage|p2b: Lunala|78/100\n|-damage|p1a: Miraidon|91/100|[from] item: Life Orb\n|\n|t:|1771471154\n|switch|p1a: Whimsicott|Whimsicott, L50, F, shiny|98/100|[from] Volt Switch\n|move|p2a: Zamazenta|Heavy Slam|p1b: Lunala\n|-damage|p1b: Lunala|88/100\n|move|p2b: Lunala|Calm Mind|p2b: Lunala\n|-boost|p2b: Lunala|spa|1\n|-boost|p2b: Lunala|spd|1\n|\n|-heal|p2b: Lunala|84/100|[from] item: Leftovers\n|upkeep\n|turn|4\n|inactive|raigonjoy has 30 seconds left.\n|inactive|lalo's pollos has 30 seconds left.\n|inactive|raigonjoy has 20 seconds left.\n|\n|t:|1771471191\n|move|p1a: Whimsicott|Protect|p1a: Whimsicott\n|-singleturn|p1a: Whimsicott|Protect\n|move|p2a: Zamazenta|Heavy Slam|p1a: Whimsicott\n|-activate|p1a: Whimsicott|move: Protect\n|move|p2b: Lunala|Calm Mind|p2b: Lunala\n|-boost|p2b: Lunala|spa|1\n|-boost|p2b: Lunala|spd|1\n|move|p1b: Lunala|Moongeist Beam|p2a: Zamazenta\n|-damage|p2a: Zamazenta|56/100\n|\n|-heal|p2b: Lunala|90/100|[from] item: Leftovers\n|-end|p2b: Lunala|Encore\n|upkeep\n|turn|5\n|inactive|raigonjoy has 30 seconds left.\n|inactive|raigonjoy has 20 seconds left.\n|inactive|raigonjoy has 15 seconds left.\n|inactive|raigonjoy has 10 seconds left.\n|inactive|raigonjoy has 5 seconds left.\n|\n|t:|1771471245\n|switch|p1a: Miraidon|Miraidon, L50, shiny, tera:Electric|91/100\n|-activate|p1a: Miraidon|ability: Hadron Engine\n|move|p2b: Lunala|Protect|p2b: Lunala\n|-singleturn|p2b: Lunala|Protect\n|move|p2a: Zamazenta|Heavy Slam|p1a: Miraidon\n|-resisted|p1a: Miraidon\n|-damage|p1a: Miraidon|74/100\n|move|p1b: Lunala|Moongeist Beam|p2b: Lunala\n|-activate|p2b: Lunala|move: Protect\n|\n|-heal|p2b: Lunala|96/100|[from] item: Leftovers\n|upkeep\n|turn|6\n|inactive|raigonjoy has 30 seconds left.\n|\n|t:|1771471270\n|switch|p2a: Rillaboom|Rillaboom, L50, M|100/100\n|-fieldstart|move: Grassy Terrain|[from] ability: Grassy Surge|[of] p2a: Rillaboom\n|move|p1a: Miraidon|Electro Drift|p2b: Lunala\n|-damage|p2b: Lunala|70/100\n|-damage|p1a: Miraidon|64/100|[from] item: Life Orb\n|move|p2b: Lunala|Moongeist Beam|p1b: Lunala\n|-supereffective|p1b: Lunala\n|-damage|p1b: Lunala|0 fnt\n|faint|p1b: Lunala\n|\n|-heal|p1a: Miraidon|70/100|[from] Grassy Terrain\n|-heal|p2b: Lunala|76/100|[from] Grassy Terrain\n|-heal|p2b: Lunala|82/100|[from] item: Leftovers\n|upkeep\n|\n|t:|1771471278\n|switch|p1b: Incineroar|Incineroar, L50, F, shiny|100/100\n|-ability|p1b: Incineroar|Intimidate|boost\n|-unboost|p2a: Rillaboom|atk|1\n|-unboost|p2b: Lunala|atk|1\n|turn|7\n|-message|raigonjoy forfeited.\n|\n|win|lalo's pollos\n|raw|raigonjoy's rating: 1412 &rarr; <strong>1393</strong><br />(-19 for losing)\n|raw|lalo&apos;s pollos's rating: 1422 &rarr; <strong>1441</strong><br />(+19 for winning)\n|l|\u2606raigonjoy\n|player|p1|\n|j|\u2606raigonjoy\n|player|p1|raigonjoy|169|\n","uploadtime":1771471285,"views":29,"formatid":"gen9vgc2026regi","rating":1393,"private":0,"password":null}