{"id":"gen9vgc2026regi-2561116902","format":"[Gen 9] VGC 2026 Reg I","players":["Slackermaru","bbqsus"],"log":"|j|\u2606Slackermaru\n|j|\u2606bbqsus\n|t:|1773766078\n|gametype|doubles\n|player|p1|Slackermaru|workerice|1526\n|player|p2|bbqsus|brycenman|1414\n|gen|9\n|tier|[Gen 9] VGC 2026 Reg I\n|rated|\n|rule|Species Clause: Limit one of each Pok\u00e9mon\n|rule|Item Clause: Limit 1 of each item\n|clearpoke\n|poke|p1|Calyrex-Ice, L50|\n|poke|p1|Miraidon, L50|\n|poke|p1|Incineroar, L50, M|\n|poke|p1|Amoonguss, L50, M|\n|poke|p1|Urshifu-*, L50, M|\n|poke|p1|Landorus, L50, M|\n|poke|p2|Lunala, L50|\n|poke|p2|Indeedee-F, L50, F|\n|poke|p2|Torkoal, L50, M|\n|poke|p2|Ursaluna, L50, M|\n|poke|p2|Calyrex-Ice, L50|\n|poke|p2|Wo-Chien, L50|\n|teampreview|4\n|inactive|Battle timer is ON: inactive players will automatically lose when time's up. (requested by bbqsus)\n|\n|t:|1773766099\n|teamsize|p1|4\n|teamsize|p2|4\n|start\n|switch|p1a: Miraidon|Miraidon, L50|100/100\n|switch|p1b: Landorus|Landorus, L50, M|100/100\n|switch|p2a: Lunala|Lunala, L50, shiny|100/100\n|switch|p2b: Indeedee|Indeedee-F, L50, F, shiny|100/100\n|-fieldstart|move: Electric Terrain|[from] ability: Hadron Engine|[of] p1a: Miraidon\n|-fieldstart|move: Psychic Terrain|[from] ability: Psychic Surge|[of] p2b: Indeedee\n|turn|1\n|\n|t:|1773766122\n|move|p1a: Miraidon|Snarl|p2b: Indeedee|[spread] p2a,p2b\n|-supereffective|p2a: Lunala\n|-supereffective|p2b: Indeedee\n|-damage|p2a: Lunala|77/100\n|-damage|p2b: Indeedee|80/100\n|-unboost|p2a: Lunala|spa|1\n|-unboost|p2b: Indeedee|spa|1\n|move|p1b: Landorus|Sandsear Storm|p2a: Lunala|[spread] p2a\n|-miss|p1b: Landorus|p2b: Indeedee\n|-damage|p2a: Lunala|37/100\n|move|p2a: Lunala|Expanding Force|p1a: Miraidon|[spread] p1a,p1b\n|-damage|p1a: Miraidon|60/100\n|-damage|p1b: Landorus|53/100\n|move|p2b: Indeedee|Trick Room|p2b: Indeedee\n|-fieldstart|move: Trick Room|[of] p2b: Indeedee\n|\n|upkeep\n|turn|2\n|\n|t:|1773766142\n|switch|p1a: Incineroar|Incineroar, L50, M, shiny|100/100\n|-ability|p1a: Incineroar|Intimidate|boost\n|-unboost|p2a: Lunala|atk|1\n|-unboost|p2b: Indeedee|atk|1\n|move|p2b: Indeedee|Helping Hand|p2a: Lunala\n|-singleturn|p2a: Lunala|Helping Hand|[of] p2b: Indeedee\n|move|p1b: Landorus|Protect|p1b: Landorus\n|-singleturn|p1b: Landorus|Protect\n|move|p2a: Lunala|Expanding Force|p1b: Landorus|[spread] \n|-activate|p1b: Landorus|move: Protect\n|-immune|p1a: Incineroar\n|\n|upkeep\n|turn|3\n|\n|t:|1773766161\n|move|p2b: Indeedee|Follow Me|p2b: Indeedee\n|-singleturn|p2b: Indeedee|move: Follow Me\n|move|p1a: Incineroar|U-turn|p2b: Indeedee\n|-supereffective|p2b: Indeedee\n|-damage|p2b: Indeedee|19/100\n|\n|t:|1773766165\n|switch|p1a: Miraidon|Miraidon, L50|60/100|[from] U-turn\n|-fieldstart|move: Electric Terrain|[from] ability: Hadron Engine|[of] p1a: Miraidon\n|move|p2a: Lunala|Meteor Beam||[still]\n|-prepare|p2a: Lunala|Meteor Beam\n|-boost|p2a: Lunala|spa|1\n|-enditem|p2a: Lunala|Power Herb\n|-anim|p2a: Lunala|Meteor Beam|p1a: Miraidon\n|-damage|p1a: Miraidon|19/100\n|move|p1b: Landorus|Sandsear Storm|p2a: Lunala|[spread] p2a\n|-miss|p1b: Landorus|p2b: Indeedee\n|-damage|p2a: Lunala|0 fnt\n|faint|p2a: Lunala\n|\n|upkeep\n|\n|t:|1773766178\n|switch|p2a: Torkoal|Torkoal, L50, M, shiny|100/100\n|-weather|SunnyDay|[from] ability: Drought|[of] p2a: Torkoal\n|turn|4\n|\n|t:|1773766183\n|switch|p2b: Calyrex|Calyrex-Ice, L50|100/100\n|-ability|p2b: Calyrex|As One\n|-ability|p2b: Calyrex|Unnerve\n|switch|p1a: Incineroar|Incineroar, L50, M, shiny|100/100\n|-ability|p1a: Incineroar|Intimidate|boost\n|-unboost|p2a: Torkoal|atk|1\n|-fail|p2b: Calyrex|unboost|[from] item: Clear Amulet|[of] p2b: Calyrex\n|move|p1b: Landorus|Protect|p1b: Landorus\n|-singleturn|p1b: Landorus|Protect\n|move|p2a: Torkoal|Eruption|p1a: Incineroar|[spread] p1a\n|-activate|p1b: Landorus|move: Protect\n|-resisted|p1a: Incineroar\n|-damage|p1a: Incineroar|77/100\n|\n|-weather|SunnyDay|[upkeep]\n|upkeep\n|turn|5\n|inactive|Slackermaru has 30 seconds left.\n|inactive|bbqsus has 30 seconds left.\n|inactive|Slackermaru has 20 seconds left.\n|\n|t:|1773766218\n|-terastallize|p2b: Calyrex|Fire\n|-terastallize|p1b: Landorus|Water\n|move|p1a: Incineroar|Fake Out|p2a: Torkoal\n|-damage|p2a: Torkoal|91/100\n|cant|p2a: Torkoal|flinch\n|move|p2b: Calyrex|Glacial Lance|p1b: Landorus|[spread] p1a,p1b\n|-resisted|p1a: Incineroar\n|-resisted|p1b: Landorus\n|-damage|p1a: Incineroar|50/100\n|-damage|p1b: Landorus|25/100\n|move|p1b: Landorus|Earth Power|p2a: Torkoal\n|-supereffective|p2a: Torkoal\n|-damage|p2a: Torkoal|0 fnt\n|faint|p2a: Torkoal\n|\n|-weather|SunnyDay|[upkeep]\n|-fieldend|move: Trick Room\n|upkeep\n|\n|t:|1773766229\n|switch|p2a: Indeedee|Indeedee-F, L50, F, shiny|19/100\n|-fieldstart|move: Psychic Terrain|[from] ability: Psychic Surge|[of] p2a: Indeedee\n|turn|6\n|\n|t:|1773766237\n|move|p2a: Indeedee|Follow Me|p2a: Indeedee\n|-singleturn|p2a: Indeedee|move: Follow Me\n|move|p1b: Landorus|Sandsear Storm|p2a: Indeedee|[spread] p2b\n|-miss|p1b: Landorus|p2a: Indeedee\n|-supereffective|p2b: Calyrex\n|-damage|p2b: Calyrex|14/100\n|move|p1a: Incineroar|Knock Off|p2a: Indeedee\n|-supereffective|p2a: Indeedee\n|-damage|p2a: Indeedee|0 fnt\n|-enditem|p2a: Indeedee|Mental Herb|[from] move: Knock Off|[of] p1a: Incineroar\n|faint|p2a: Indeedee\n|move|p2b: Calyrex|Trick Room|p2b: Calyrex\n|-fieldstart|move: Trick Room|[of] p2b: Calyrex\n|\n|-weather|SunnyDay|[upkeep]\n|upkeep\n|turn|7\n|-message|bbqsus forfeited.\n|\n|win|Slackermaru\n|raw|Slackermaru's rating: 1526 &rarr; <strong>1540</strong><br />(+14 for winning)\n|raw|bbqsus's rating: 1414 &rarr; <strong>1400</strong><br />(-14 for losing)\n|l|\u2606bbqsus\n|player|p2|\n|l|\u2606Slackermaru\n|player|p1|\n|j| CoyoteYeeterson\n|l| CoyoteYeeterson\n","uploadtime":1773766391,"views":15,"formatid":"gen9vgc2026regi","rating":1400,"private":0,"password":null}