{"id":"gen9vgc2026regi-2551823300","format":"[Gen 9] VGC 2026 Reg I","players":["Maphoo","bbqsus"],"log":"|j|\u2606Maphoo\n|j|\u2606bbqsus\n|t:|1772648258\n|gametype|doubles\n|player|p1|Maphoo|2|1310\n|player|p2|bbqsus|brycenman|1404\n|gen|9\n|tier|[Gen 9] VGC 2026 Reg I\n|rated|\n|rule|Species Clause: Limit one of each Pok\u00e9mon\n|rule|Item Clause: Limit 1 of each item\n|clearpoke\n|poke|p1|Lunala, L50|\n|poke|p1|Indeedee-F, L50, F|\n|poke|p1|Roaring Moon, L50|\n|poke|p1|Kyogre, L50|\n|poke|p1|Urshifu-*, L50, M|\n|poke|p1|Ursaluna, L50, M|\n|poke|p2|Calyrex-Shadow, L50|\n|poke|p2|Smeargle, L50, F|\n|poke|p2|Torkoal, L50, M|\n|poke|p2|Flamigo, L50, F|\n|poke|p2|Dialga-Origin, L50|\n|poke|p2|Muk-Alola, L50, F|\n|teampreview|4\n|inactive|Battle timer is ON: inactive players will automatically lose when time's up. (requested by bbqsus)\n|\n|t:|1772648284\n|teamsize|p1|4\n|teamsize|p2|4\n|start\n|switch|p1a: Indeedee|Indeedee-F, L50, F, shiny|100/100\n|switch|p1b: Urshifu|Urshifu-Rapid-Strike, L50, M|100/100\n|switch|p2a: Smeargle|Smeargle, L50, F, shiny|100/100\n|switch|p2b: Muk|Muk-Alola, L50, F, shiny|100/100\n|-fieldstart|move: Psychic Terrain|[from] ability: Psychic Surge|[of] p1a: Indeedee\n|-enditem|p1a: Indeedee|Psychic Seed\n|-boost|p1a: Indeedee|spd|1|[from] item: Psychic Seed\n|turn|1\n|\n|t:|1772648306\n|-terastallize|p2b: Muk|Grass\n|move|p1b: Urshifu|Taunt|p2a: Smeargle\n|-start|p2a: Smeargle|move: Taunt\n|cant|p2a: Smeargle|move: Taunt|Spore\n|move|p1a: Indeedee|Alluring Voice|p2b: Muk\n|-damage|p2b: Muk|89/100\n|move|p2b: Muk|Minimize|p2b: Muk\n|-boost|p2b: Muk|evasion|2\n|\n|-heal|p2b: Muk|95/100|[from] item: Leftovers\n|-ability|p2a: Smeargle|Moody|boost\n|-boost|p2a: Smeargle|spa|2\n|-unboost|p2a: Smeargle|atk|1\n|upkeep\n|turn|2\n|\n|t:|1772648324\n|-terastallize|p1b: Urshifu|Stellar\n|move|p1a: Indeedee|Helping Hand|p1b: Urshifu\n|-singleturn|p1b: Urshifu|Helping Hand|[of] p1a: Indeedee\n|move|p1b: Urshifu|Close Combat|p2b: Muk|[miss]\n|-miss|p1b: Urshifu|p2b: Muk\n|move|p2a: Smeargle|Salt Cure|p1b: Urshifu\n|-resisted|p1b: Urshifu\n|-damage|p1b: Urshifu|99/100\n|-start|p1b: Urshifu|Salt Cure\n|move|p2b: Muk|Knock Off|p1a: Indeedee\n|-supereffective|p1a: Indeedee\n|-damage|p1a: Indeedee|53/100\n|\n|-heal|p2b: Muk|100/100|[from] item: Leftovers\n|-damage|p1b: Urshifu|75/100|[from] Salt Cure\n|-ability|p2a: Smeargle|Moody|boost\n|-boost|p2a: Smeargle|spd|2\n|-unboost|p2a: Smeargle|spa|1\n|upkeep\n|turn|3\n|\n|t:|1772648345\n|move|p1a: Indeedee|Helping Hand|p1b: Urshifu\n|-singleturn|p1b: Urshifu|Helping Hand|[of] p1a: Indeedee\n|move|p1b: Urshifu|Close Combat|p2b: Muk\n|-damage|p2b: Muk|0 fnt\n|-unboost|p1b: Urshifu|def|1\n|-unboost|p1b: Urshifu|spd|1\n|faint|p2b: Muk\n|move|p2a: Smeargle|Salt Cure|p1a: Indeedee\n|-damage|p1a: Indeedee|51/100\n|-start|p1a: Indeedee|Salt Cure\n|\n|-damage|p1b: Urshifu|50/100|[from] Salt Cure\n|-damage|p1a: Indeedee|38/100|[from] Salt Cure\n|-end|p2a: Smeargle|move: Taunt\n|-ability|p2a: Smeargle|Moody|boost\n|-boost|p2a: Smeargle|spa|2\n|-unboost|p2a: Smeargle|atk|1\n|upkeep\n|\n|t:|1772648362\n|switch|p2b: Flamigo|Flamigo, L50, F, shiny|100/100\n|-copyboost|p2b: Flamigo|p2a: Smeargle|[from] ability: Costar\n|-enditem|p2b: Flamigo|White Herb\n|-clearnegativeboost|p2b: Flamigo|[silent]\n|turn|4\n|\n|t:|1772648377\n|switch|p1b: Roaring Moon|Roaring Moon, L50|100/100\n|-enditem|p1b: Roaring Moon|Booster Energy\n|-activate|p1b: Roaring Moon|ability: Protosynthesis|[fromitem]\n|-start|p1b: Roaring Moon|protosynthesisspe\n|move|p2a: Smeargle|Follow Me|p2a: Smeargle\n|-singleturn|p2a: Smeargle|move: Follow Me\n|move|p1a: Indeedee|Follow Me|p1a: Indeedee\n|-singleturn|p1a: Indeedee|move: Follow Me\n|move|p2b: Flamigo|Close Combat|p1a: Indeedee\n|-damage|p1a: Indeedee|0 fnt\n|-unboost|p2b: Flamigo|def|1\n|-unboost|p2b: Flamigo|spd|1\n|faint|p1a: Indeedee\n|\n|-ability|p2a: Smeargle|Moody|boost\n|-boost|p2a: Smeargle|spa|2\n|-unboost|p2a: Smeargle|spd|1\n|upkeep\n|\n|t:|1772648397\n|switch|p1a: Urshifu|Urshifu-Rapid-Strike, L50, M, tera:Stellar|50/100\n|turn|5\n|\n|t:|1772648403\n|move|p2a: Smeargle|Follow Me|p2a: Smeargle\n|-singleturn|p2a: Smeargle|move: Follow Me\n|move|p1b: Roaring Moon|Tailwind|p1b: Roaring Moon\n|-sidestart|p1: Maphoo|move: Tailwind\n|move|p1a: Urshifu|Surging Strikes|p2a: Smeargle\n|-crit|p2a: Smeargle\n|-damage|p2a: Smeargle|28/100\n|-crit|p2a: Smeargle\n|-damage|p2a: Smeargle|0 fnt\n|faint|p2a: Smeargle\n|-hitcount|p2: Smeargle|2\n|move|p2b: Flamigo|Tailwind|p2b: Flamigo\n|-sidestart|p2: bbqsus|move: Tailwind\n|\n|-fieldend|move: Psychic Terrain\n|upkeep\n|\n|t:|1772648410\n|switch|p2a: Calyrex|Calyrex-Shadow, L50|100/100\n|-ability|p2a: Calyrex|As One\n|-ability|p2a: Calyrex|Unnerve\n|turn|6\n|j| globalfish39\n|\n|t:|1772648428\n|move|p1b: Roaring Moon|Protect|p1b: Roaring Moon\n|-singleturn|p1b: Roaring Moon|Protect\n|move|p2a: Calyrex|Astral Barrage|p1a: Urshifu|[spread] p1a\n|-activate|p1b: Roaring Moon|move: Protect\n|-damage|p1a: Urshifu|0 fnt\n|faint|p1a: Urshifu\n|-ability|p2a: Calyrex|Grim Neigh|boost\n|-boost|p2a: Calyrex|spa|1\n|move|p2b: Flamigo|Close Combat|p1b: Roaring Moon\n|-activate|p1b: Roaring Moon|move: Protect\n|\n|upkeep\n|\n|t:|1772648441\n|switch|p1a: Kyogre|Kyogre, L50|100/100\n|-weather|RainDance|[from] ability: Drizzle|[of] p1a: Kyogre\n|turn|7\n|\n|t:|1772648451\n|move|p2b: Flamigo|Wide Guard|p2b: Flamigo\n|-singleturn|p2b: Flamigo|Wide Guard\n|move|p1b: Roaring Moon|Knock Off|p2a: Calyrex\n|-supereffective|p2a: Calyrex\n|-enditem|p2a: Calyrex|Focus Sash\n|-damage|p2a: Calyrex|1/100\n|move|p2a: Calyrex|Astral Barrage|p1b: Roaring Moon|[spread] p1a,p1b\n|-resisted|p1b: Roaring Moon\n|-damage|p1a: Kyogre|50/100\n|-damage|p1b: Roaring Moon|63/100\n|move|p1a: Kyogre|Ice Beam|p2b: Flamigo\n|-supereffective|p2b: Flamigo\n|-crit|p2b: Flamigo\n|-damage|p2b: Flamigo|0 fnt\n|faint|p2b: Flamigo\n|\n|-weather|RainDance|[upkeep]\n|upkeep\n|turn|8\n|\n|t:|1772648470\n|move|p2a: Calyrex|Protect|p2a: Calyrex\n|-singleturn|p2a: Calyrex|Protect\n|move|p1b: Roaring Moon|Knock Off|p2a: Calyrex\n|-activate|p2a: Calyrex|move: Protect\n|move|p1a: Kyogre|Ice Beam|p2a: Calyrex\n|-activate|p2a: Calyrex|move: Protect\n|\n|-weather|RainDance|[upkeep]\n|-sideend|p2: bbqsus|move: Tailwind\n|-sideend|p1: Maphoo|move: Tailwind\n|upkeep\n|turn|9\n|\n|t:|1772648482\n|move|p1b: Roaring Moon|Knock Off|p2a: Calyrex\n|-supereffective|p2a: Calyrex\n|-damage|p2a: Calyrex|0 fnt\n|faint|p2a: Calyrex\n|\n|win|Maphoo\n|raw|Maphoo's rating: 1310 &rarr; <strong>1335</strong><br />(+25 for winning)\n|raw|bbqsus's rating: 1404 &rarr; <strong>1379</strong><br />(-25 for losing)\n|l|\u2606bbqsus\n|player|p2|\n|l|\u2606Maphoo\n|player|p1|\n","uploadtime":1772648692,"views":12,"formatid":"gen9vgc2026regi","rating":1335,"private":0,"password":null}