{"id":"gen9vgc2026regi-2588325927","format":"[Gen 9] VGC 2026 Reg I","players":["clessvgc","kylervgc"],"log":"|j|\u2606clessvgc\n|j|\u2606kylervgc\n|t:|1776624295\n|gametype|doubles\n|player|p1|clessvgc|proton|1318\n|player|p2|kylervgc|2|1464\n|gen|9\n|tier|[Gen 9] VGC 2026 Reg I\n|rated|\n|rule|Species Clause: Limit one of each Pok\u00e9mon\n|rule|Item Clause: Limit 1 of each item\n|clearpoke\n|poke|p1|Landorus-Therian, L50, M|\n|poke|p1|Calyrex-Shadow, L50|\n|poke|p1|Iron Moth, L50|\n|poke|p1|Tornadus, L50, M|\n|poke|p1|Tinkaton, L50, F|\n|poke|p1|Kyogre, L50|\n|poke|p2|Raging Bolt, L50|\n|poke|p2|Kyogre, L50|\n|poke|p2|Calyrex-Ice, L50|\n|poke|p2|Rillaboom, L50, M|\n|poke|p2|Grimmsnarl, L50, M|\n|poke|p2|Urshifu-*, L50, M|\n|teampreview|4\n|inactive|Battle timer is ON: inactive players will automatically lose when time's up. (requested by clessvgc)\n|inactive|kylervgc has 60 seconds left.\n|\n|t:|1776624341\n|teamsize|p1|4\n|teamsize|p2|4\n|start\n|switch|p1a: Tinkaton|Tinkaton, L50, F|100/100\n|switch|p1b: Iron Moth|Iron Moth, L50|100/100\n|switch|p2a: Kyogre|Kyogre, L50|100/100\n|switch|p2b: Grimmsnarl|Grimmsnarl, L50, M|100/100\n|-ability|p1a: Tinkaton|Mold Breaker\n|-weather|RainDance|[from] ability: Drizzle|[of] p2a: Kyogre\n|turn|1\n|inactive|clessvgc has 30 seconds left.\n|\n|t:|1776624370\n|-terastallize|p2b: Grimmsnarl|Ghost\n|move|p2a: Kyogre|Protect|p2a: Kyogre\n|-singleturn|p2a: Kyogre|Protect\n|move|p1a: Tinkaton|Fake Out|p2b: Grimmsnarl\n|-immune|p2b: Grimmsnarl\n|move|p2b: Grimmsnarl|Thunder Wave|p1b: Iron Moth|[miss]\n|-miss|p2b: Grimmsnarl|p1b: Iron Moth\n|move|p1b: Iron Moth|Sludge Wave|p2a: Kyogre|[spread] p2b\n|-activate|p2a: Kyogre|move: Protect\n|-immune|p1a: Tinkaton\n|-resisted|p2b: Grimmsnarl\n|-damage|p2b: Grimmsnarl|80/100\n|-damage|p1b: Iron Moth|91/100|[from] item: Life Orb\n|\n|-weather|RainDance|[upkeep]\n|upkeep\n|turn|2\n|\n|t:|1776624386\n|-terastallize|p1b: Iron Moth|Grass\n|move|p2b: Grimmsnarl|Thunder Wave|p1b: Iron Moth\n|-status|p1b: Iron Moth|par\n|move|p1a: Tinkaton|Gigaton Hammer|p2b: Grimmsnarl\n|-damage|p2b: Grimmsnarl|37/100\n|move|p2a: Kyogre|Water Spout|p1a: Tinkaton|[spread] p1a,p1b\n|-resisted|p1b: Iron Moth\n|-damage|p1a: Tinkaton|43/100\n|-damage|p1b: Iron Moth|25/100 par\n|-damage|p2a: Kyogre|91/100|[from] item: Life Orb\n|move|p1b: Iron Moth|Energy Ball|p2a: Kyogre\n|-supereffective|p2a: Kyogre\n|-crit|p2a: Kyogre\n|-damage|p2a: Kyogre|0 fnt\n|faint|p2a: Kyogre\n|-damage|p1b: Iron Moth|15/100 par|[from] item: Life Orb\n|\n|-weather|RainDance|[upkeep]\n|upkeep\n|\n|t:|1776624396\n|switch|p2a: Calyrex|Calyrex-Ice, L50|100/100\n|-ability|p2a: Calyrex|As One\n|-ability|p2a: Calyrex|Unnerve\n|turn|3\n|\n|t:|1776624410\n|move|p2b: Grimmsnarl|Reflect|p2b: Grimmsnarl\n|-sidestart|p2: kylervgc|Reflect\n|move|p1a: Tinkaton|Foul Play|p2a: Calyrex\n|-supereffective|p2a: Calyrex\n|-damage|p2a: Calyrex|77/100\n|move|p1b: Iron Moth|Heat Wave|p2a: Calyrex|[spread] p2a,p2b\n|-supereffective|p2a: Calyrex\n|-damage|p2a: Calyrex|47/100\n|-damage|p2b: Grimmsnarl|17/100\n|-damage|p1b: Iron Moth|6/100 par|[from] item: Life Orb\n|move|p2a: Calyrex|Glacial Lance|p1b: Iron Moth|[spread] p1a,p1b\n|-resisted|p1a: Tinkaton\n|-supereffective|p1b: Iron Moth\n|-damage|p1a: Tinkaton|16/100\n|-damage|p1b: Iron Moth|0 fnt\n|faint|p1b: Iron Moth\n|-end|p1b: Iron Moth|Quark Drive|[silent]\n|-ability|p2a: Calyrex|Chilling Neigh|boost\n|-boost|p2a: Calyrex|atk|1\n|\n|-weather|RainDance|[upkeep]\n|-heal|p2a: Calyrex|53/100|[from] item: Leftovers\n|upkeep\n|\n|t:|1776624418\n|switch|p1b: Calyrex|Calyrex-Shadow, L50|100/100\n|-ability|p1b: Calyrex|As One\n|-ability|p1b: Calyrex|Unnerve\n|turn|4\n|\n|t:|1776624430\n|move|p2a: Calyrex|Protect|p2a: Calyrex\n|-singleturn|p2a: Calyrex|Protect\n|move|p1a: Tinkaton|Feint|p2a: Calyrex\n|-activate|p2a: Calyrex|move: Feint\n|-damage|p2a: Calyrex|51/100\n|move|p2b: Grimmsnarl|Thunder Wave|p1b: Calyrex\n|-status|p1b: Calyrex|par\n|move|p1b: Calyrex|Astral Barrage|p2a: Calyrex|[spread] p2a,p2b\n|-supereffective|p2a: Calyrex\n|-supereffective|p2b: Grimmsnarl\n|-damage|p2a: Calyrex|0 fnt\n|-damage|p2b: Grimmsnarl|0 fnt\n|faint|p2a: Calyrex\n|faint|p2b: Grimmsnarl\n|-ability|p1b: Calyrex|Grim Neigh|boost\n|-boost|p1b: Calyrex|spa|2\n|\n|-weather|RainDance|[upkeep]\n|upkeep\n|c|\u2606kylervgc|nice\n|\n|t:|1776624445\n|switch|p2b: Urshifu|Urshifu-Rapid-Strike, L50, M|100/100\n|turn|5\n|\n|t:|1776624451\n|switch|p1a: Landorus|Landorus-Therian, L50, M|100/100\n|-ability|p1a: Landorus|Intimidate|boost\n|-unboost|p2b: Urshifu|atk|1\n|move|p2b: Urshifu|Surging Strikes|p1b: Calyrex\n|-crit|p1b: Calyrex\n|-damage|p1b: Calyrex|65/100 par\n|-crit|p1b: Calyrex\n|-damage|p1b: Calyrex|28/100 par\n|-crit|p1b: Calyrex\n|-damage|p1b: Calyrex|0 fnt\n|faint|p1b: Calyrex\n|-hitcount|p1: Calyrex|3\n|\n|-weather|none\n|upkeep\n|\n|t:|1776624457\n|switch|p1b: Tinkaton|Tinkaton, L50, F|16/100\n|-ability|p1b: Tinkaton|Mold Breaker\n|turn|6\n|\n|t:|1776624462\n|move|p1b: Tinkaton|Fake Out|p2b: Urshifu\n|-damage|p2b: Urshifu|95/100\n|cant|p2b: Urshifu|flinch\n|move|p1a: Landorus|Stomping Tantrum|p2b: Urshifu\n|-damage|p2b: Urshifu|68/100\n|\n|upkeep\n|turn|7\n|\n|t:|1776624467\n|move|p2b: Urshifu|Surging Strikes|p1a: Landorus\n|-supereffective|p1a: Landorus\n|-crit|p1a: Landorus\n|-damage|p1a: Landorus|49/100\n|-supereffective|p1a: Landorus\n|-crit|p1a: Landorus\n|-damage|p1a: Landorus|0 fnt\n|faint|p1a: Landorus\n|-hitcount|p1: Landorus|2\n|move|p1b: Tinkaton|Gigaton Hammer|p2b: Urshifu\n|-resisted|p2b: Urshifu\n|-damage|p2b: Urshifu|54/100\n|\n|upkeep\n|turn|8\n|\n|t:|1776624472\n|move|p2b: Urshifu|Surging Strikes|p1b: Tinkaton\n|-crit|p1b: Tinkaton\n|-damage|p1b: Tinkaton|0 fnt\n|faint|p1b: Tinkaton\n|-hitcount|p1: Tinkaton|1\n|\n|win|kylervgc\n|raw|clessvgc's rating: 1318 &rarr; <strong>1306</strong><br />(-12 for losing)\n|raw|kylervgc's rating: 1464 &rarr; <strong>1476</strong><br />(+12 for winning)\n|l|\u2606clessvgc\n|player|p1|\n|c|\u2606kylervgc|gg\n|l|\u2606kylervgc\n|player|p2|\n","uploadtime":1776624739,"views":8,"formatid":"gen9vgc2026regi","rating":1306,"private":0,"password":null}