{"id":"gen9vgc2026regi-2559462350","format":"[Gen 9] VGC 2026 Reg I","players":["QVQ\u6c34\u83b2Lana","fogdocker"],"log":"|j|\u2606QVQ\u6c34\u83b2Lana\n|j|\u2606fogdocker\n|t:|1773571895\n|gametype|doubles\n|player|p1|QVQ\u6c34\u83b2Lana|lana|1395\n|player|p2|fogdocker|169|1418\n|gen|9\n|tier|[Gen 9] VGC 2026 Reg I\n|rated|\n|rule|Species Clause: Limit one of each Pok\u00e9mon\n|rule|Item Clause: Limit 1 of each item\n|clearpoke\n|poke|p1|Kyogre, L50|\n|poke|p1|Zamazenta-*, L50|\n|poke|p1|Chien-Pao, L50|\n|poke|p1|Amoonguss, L50, F|\n|poke|p1|Dragonite, L50, M|\n|poke|p1|Rillaboom, L50, F|\n|poke|p2|Calyrex-Ice, L50|\n|poke|p2|Koraidon, L50|\n|poke|p2|Flutter Mane, L50|\n|poke|p2|Incineroar, L50, M|\n|poke|p2|Rillaboom, L50, F|\n|poke|p2|Annihilape, L50, M|\n|teampreview|4\n|inactive|Battle timer is ON: inactive players will automatically lose when time's up. (requested by QVQ\u6c34\u83b2Lana)\n|inactive|fogdocker has 60 seconds left.\n|\n|t:|1773571935\n|teamsize|p1|4\n|teamsize|p2|4\n|start\n|switch|p1a: \u7262\u88c2\u5076\u50cf|Dragonite, L50, M|100/100\n|switch|p1b: \u6c34\u83b2\u8ff7\u5f1f|Kyogre, L50|100/100\n|switch|p2a: Calyrex|Calyrex-Ice, L50|100/100\n|switch|p2b: Flutter Mane|Flutter Mane, L50|100/100\n|-ability|p2a: Calyrex|As One\n|-ability|p2a: Calyrex|Unnerve\n|-weather|RainDance|[from] ability: Drizzle|[of] p1b: \u6c34\u83b2\u8ff7\u5f1f\n|turn|1\n|inactive|QVQ\u6c34\u83b2Lana has 30 seconds left.\n|\n|t:|1773571965\n|-end|p2b: Flutter Mane|Protosynthesis|[silent]\n|switch|p2b: Rillaboom|Rillaboom, L50, F|100/100\n|-fieldstart|move: Grassy Terrain|[from] ability: Grassy Surge|[of] p2b: Rillaboom\n|-terastallize|p1a: \u7262\u88c2\u5076\u50cf|Normal\n|-terastallize|p2a: Calyrex|Water\n|move|p1a: \u7262\u88c2\u5076\u50cf|Aqua Jet|p2b: Rillaboom\n|-resisted|p2b: Rillaboom\n|-damage|p2b: Rillaboom|84/100\n|move|p1b: \u6c34\u83b2\u8ff7\u5f1f|Ice Beam|p2b: Rillaboom\n|-supereffective|p2b: Rillaboom\n|-damage|p2b: Rillaboom|43/100\n|move|p2a: Calyrex|Glacial Lance|p1a: \u7262\u88c2\u5076\u50cf|[spread] p1a,p1b\n|-resisted|p1b: \u6c34\u83b2\u8ff7\u5f1f\n|-damage|p1a: \u7262\u88c2\u5076\u50cf|50/100\n|-damage|p1b: \u6c34\u83b2\u8ff7\u5f1f|77/100\n|\n|-weather|RainDance|[upkeep]\n|-heal|p1b: \u6c34\u83b2\u8ff7\u5f1f|83/100|[from] Grassy Terrain\n|-heal|p1a: \u7262\u88c2\u5076\u50cf|56/100|[from] Grassy Terrain\n|-heal|p2b: Rillaboom|49/100|[from] Grassy Terrain\n|upkeep\n|turn|2\n|\n|t:|1773571989\n|switch|p1b: \u9b54\u53e4\u8c79\u5b50|Chien-Pao, L50|100/100\n|-ability|p1b: \u9b54\u53e4\u8c79\u5b50|Sword of Ruin\n|switch|p1a: \u82cd\u54cd\u8ff7\u5f1f|Zamazenta-Crowned, L50|100/100\n|-ability|p1a: \u82cd\u54cd\u8ff7\u5f1f|Dauntless Shield|boost\n|-boost|p1a: \u82cd\u54cd\u8ff7\u5f1f|def|1\n|move|p2b: Rillaboom|Fake Out|p1b: \u9b54\u53e4\u8c79\u5b50\n|-damage|p1b: \u9b54\u53e4\u8c79\u5b50|83/100\n|move|p2a: Calyrex|Glacial Lance|p1a: \u82cd\u54cd\u8ff7\u5f1f|[spread] p1a,p1b\n|-resisted|p1a: \u82cd\u54cd\u8ff7\u5f1f\n|-resisted|p1b: \u9b54\u53e4\u8c79\u5b50\n|-damage|p1a: \u82cd\u54cd\u8ff7\u5f1f|87/100\n|-damage|p1b: \u9b54\u53e4\u8c79\u5b50|49/100\n|\n|-weather|RainDance|[upkeep]\n|-heal|p1b: \u9b54\u53e4\u8c79\u5b50|55/100|[from] Grassy Terrain\n|-heal|p1a: \u82cd\u54cd\u8ff7\u5f1f|94/100|[from] Grassy Terrain\n|-heal|p2b: Rillaboom|55/100|[from] Grassy Terrain\n|upkeep\n|turn|3\n|\n|t:|1773572008\n|switch|p2b: Flutter Mane|Flutter Mane, L50|100/100\n|move|p1b: \u9b54\u53e4\u8c79\u5b50|Sacred Sword|p2a: Calyrex\n|-damage|p2a: Calyrex|80/100\n|move|p1a: \u82cd\u54cd\u8ff7\u5f1f|Body Press|p2a: Calyrex\n|-damage|p2a: Calyrex|36/100\n|move|p2a: Calyrex|Leech Seed|p1a: \u82cd\u54cd\u8ff7\u5f1f\n|-start|p1a: \u82cd\u54cd\u8ff7\u5f1f|move: Leech Seed\n|\n|-weather|RainDance|[upkeep]\n|-heal|p1b: \u9b54\u53e4\u8c79\u5b50|60/100|[from] Grassy Terrain\n|-heal|p1a: \u82cd\u54cd\u8ff7\u5f1f|99/100|[from] Grassy Terrain\n|-heal|p2a: Calyrex|42/100|[from] Grassy Terrain\n|-heal|p2a: Calyrex|48/100|[from] item: Leftovers\n|-damage|p1a: \u82cd\u54cd\u8ff7\u5f1f|87/100|[from] Leech Seed|[of] p2a: Calyrex\n|-heal|p2a: Calyrex|59/100|[silent]\n|upkeep\n|turn|4\n|inactive|QVQ\u6c34\u83b2Lana has 30 seconds left.\n|\n|t:|1773572034\n|move|p2b: Flutter Mane|Protect|p2b: Flutter Mane\n|-singleturn|p2b: Flutter Mane|Protect\n|move|p2a: Calyrex|Protect|p2a: Calyrex\n|-singleturn|p2a: Calyrex|Protect\n|move|p1b: \u9b54\u53e4\u8c79\u5b50|Sacred Sword|p2a: Calyrex\n|-activate|p2a: Calyrex|move: Protect\n|move|p1a: \u82cd\u54cd\u8ff7\u5f1f|Heavy Slam|p2b: Flutter Mane\n|-activate|p2b: Flutter Mane|move: Protect\n|\n|-weather|RainDance|[upkeep]\n|-heal|p1b: \u9b54\u53e4\u8c79\u5b50|66/100|[from] Grassy Terrain\n|-heal|p1a: \u82cd\u54cd\u8ff7\u5f1f|94/100|[from] Grassy Terrain\n|-heal|p2a: Calyrex|65/100|[from] Grassy Terrain\n|-heal|p2a: Calyrex|71/100|[from] item: Leftovers\n|-damage|p1a: \u82cd\u54cd\u8ff7\u5f1f|81/100|[from] Leech Seed|[of] p2a: Calyrex\n|-heal|p2a: Calyrex|83/100|[silent]\n|upkeep\n|turn|5\n|inactive|fogdocker has 30 seconds left.\n|inactive|QVQ\u6c34\u83b2Lana has 30 seconds left.\n|\n|t:|1773572064\n|move|p1b: \u9b54\u53e4\u8c79\u5b50|Ice Spinner|p2b: Flutter Mane\n|-enditem|p2b: Flutter Mane|Focus Sash\n|-damage|p2b: Flutter Mane|1/100\n|-fieldend|move: Grassy Terrain\n|move|p2b: Flutter Mane|Moonblast|p1b: \u9b54\u53e4\u8c79\u5b50\n|-supereffective|p1b: \u9b54\u53e4\u8c79\u5b50\n|-damage|p1b: \u9b54\u53e4\u8c79\u5b50|0 fnt\n|faint|p1b: \u9b54\u53e4\u8c79\u5b50\n|move|p1a: \u82cd\u54cd\u8ff7\u5f1f|Body Press|p2a: Calyrex\n|-damage|p2a: Calyrex|47/100\n|move|p2a: Calyrex|Glacial Lance|p1a: \u82cd\u54cd\u8ff7\u5f1f\n|-resisted|p1a: \u82cd\u54cd\u8ff7\u5f1f\n|-damage|p1a: \u82cd\u54cd\u8ff7\u5f1f|69/100\n|\n|-weather|none\n|-heal|p2a: Calyrex|53/100|[from] item: Leftovers\n|-damage|p1a: \u82cd\u54cd\u8ff7\u5f1f|57/100|[from] Leech Seed|[of] p2a: Calyrex\n|-heal|p2a: Calyrex|65/100|[silent]\n|upkeep\n|\n|t:|1773572077\n|switch|p1b: \u7262\u88c2\u5076\u50cf|Dragonite, L50, M, tera:Normal|56/100\n|turn|6\n|\n|t:|1773572084\n|move|p2b: Flutter Mane|Moonblast|p1b: \u7262\u88c2\u5076\u50cf\n|-damage|p1b: \u7262\u88c2\u5076\u50cf|0 fnt\n|faint|p1b: \u7262\u88c2\u5076\u50cf\n|move|p1a: \u82cd\u54cd\u8ff7\u5f1f|Body Press|p2a: Calyrex\n|-damage|p2a: Calyrex|29/100\n|move|p2a: Calyrex|Glacial Lance|p1a: \u82cd\u54cd\u8ff7\u5f1f\n|-resisted|p1a: \u82cd\u54cd\u8ff7\u5f1f\n|-damage|p1a: \u82cd\u54cd\u8ff7\u5f1f|45/100\n|\n|-heal|p2a: Calyrex|35/100|[from] item: Leftovers\n|-damage|p1a: \u82cd\u54cd\u8ff7\u5f1f|32/100|[from] Leech Seed|[of] p2a: Calyrex\n|-heal|p2a: Calyrex|47/100|[silent]\n|upkeep\n|\n|t:|1773572091\n|switch|p1b: \u6c34\u83b2\u8ff7\u5f1f|Kyogre, L50|83/100\n|-weather|RainDance|[from] ability: Drizzle|[of] p1b: \u6c34\u83b2\u8ff7\u5f1f\n|turn|7\n|\n|t:|1773572108\n|move|p2b: Flutter Mane|Protect|p2b: Flutter Mane\n|-singleturn|p2b: Flutter Mane|Protect\n|move|p2a: Calyrex|Protect|p2a: Calyrex\n|-singleturn|p2a: Calyrex|Protect\n|move|p1b: \u6c34\u83b2\u8ff7\u5f1f|Thunder|p2b: Flutter Mane\n|-activate|p2b: Flutter Mane|move: Protect\n|move|p1a: \u82cd\u54cd\u8ff7\u5f1f|Body Press|p2a: Calyrex\n|-activate|p2a: Calyrex|move: Protect\n|\n|-weather|RainDance|[upkeep]\n|-heal|p2a: Calyrex|53/100|[from] item: Leftovers\n|-damage|p1a: \u82cd\u54cd\u8ff7\u5f1f|20/100|[from] Leech Seed|[of] p2a: Calyrex\n|-heal|p2a: Calyrex|64/100|[silent]\n|upkeep\n|turn|8\n|inactive|QVQ\u6c34\u83b2Lana has 30 seconds left.\n|inactive|QVQ\u6c34\u83b2Lana has 20 seconds left.\n|inactive|QVQ\u6c34\u83b2Lana has 15 seconds left.\n|inactive|QVQ\u6c34\u83b2Lana has 10 seconds left.\n|\n|t:|1773572157\n|switch|p2a: Koraidon|Koraidon, L50|100/100\n|-weather|SunnyDay|[from] ability: Orichalcum Pulse|[of] p2a: Koraidon\n|-activate|p2b: Flutter Mane|ability: Protosynthesis\n|-start|p2b: Flutter Mane|protosynthesisspe\n|-activate|p2a: Koraidon|Orichalcum Pulse|[source]\n|move|p2b: Flutter Mane|Moonblast|p1a: \u82cd\u54cd\u8ff7\u5f1f\n|-damage|p1a: \u82cd\u54cd\u8ff7\u5f1f|0 fnt\n|faint|p1a: \u82cd\u54cd\u8ff7\u5f1f\n|move|p1b: \u6c34\u83b2\u8ff7\u5f1f|Thunder|p2a: Koraidon|[miss]\n|-miss|p1b: \u6c34\u83b2\u8ff7\u5f1f|p2a: Koraidon\n|\n|-weather|SunnyDay|[upkeep]\n|upkeep\n|turn|9\n|-message|QVQ\u6c34\u83b2Lana forfeited.\n|\n|win|fogdocker\n|raw|QVQ\u6c34\u83b2Lana's rating: 1395 &rarr; <strong>1376</strong><br />(-19 for losing)\n|raw|fogdocker's rating: 1418 &rarr; <strong>1437</strong><br />(+19 for winning)\n|l|\u2606QVQ\u6c34\u83b2Lana\n|player|p1|\n|l|\u2606fogdocker\n|player|p2|\n","uploadtime":1773572391,"views":16,"formatid":"gen9vgc2026regi","rating":1376,"private":0,"password":null}