{"id":"gen9vgc2026regi-2564779018","format":"[Gen 9] VGC 2026 Reg I","players":["BoyFromDetroit12","sheeshshane925"],"log":"|j|\u2606BoyFromDetroit12\n|j|\u2606sheeshshane925\n|t:|1774196771\n|gametype|doubles\n|player|p1|BoyFromDetroit12|hilbert-wonderlauncher|1425\n|player|p2|sheeshshane925|chuck|1545\n|gen|9\n|tier|[Gen 9] VGC 2026 Reg I\n|rated|\n|rule|Species Clause: Limit one of each Pok\u00e9mon\n|rule|Item Clause: Limit 1 of each item\n|clearpoke\n|poke|p1|Grimmsnarl, L50, M|\n|poke|p1|Miraidon, L50|\n|poke|p1|Incineroar, L50, M|\n|poke|p1|Lunala, L50|\n|poke|p1|Ursaluna, L50, F|\n|poke|p1|Urshifu-*, L50, F|\n|poke|p2|Calyrex-Ice, L50|\n|poke|p2|Miraidon, L50|\n|poke|p2|Farigiraf, L50, F|\n|poke|p2|Iron Hands, L50|\n|poke|p2|Scraggy, L50, F|\n|poke|p2|Iron Bundle, L50|\n|teampreview|4\n|inactive|Battle timer is ON: inactive players will automatically lose when time's up. (requested by sheeshshane925)\n|\n|t:|1774196820\n|teamsize|p1|4\n|teamsize|p2|4\n|start\n|switch|p1a: Grimmsnarl|Grimmsnarl, L50, M|100/100\n|switch|p1b: Lunala|Lunala, L50|100/100\n|switch|p2a: Miraidon|Miraidon, L50, shiny|100/100\n|switch|p2b: Iron Bundle|Iron Bundle, L50|100/100\n|-fieldstart|move: Electric Terrain|[from] ability: Hadron Engine|[of] p2a: Miraidon\n|-activate|p2b: Iron Bundle|ability: Quark Drive\n|-start|p2b: Iron Bundle|quarkdrivespe\n|-enditem|p1b: Lunala|Electric Seed\n|-boost|p1b: Lunala|def|1|[from] item: Electric Seed\n|turn|1\n|\n|t:|1774196838\n|-terastallize|p2a: Miraidon|Fairy\n|move|p1a: Grimmsnarl|Light Screen|p1a: Grimmsnarl\n|-sidestart|p1: BoyFromDetroit12|move: Light Screen\n|move|p2b: Iron Bundle|Freeze-Dry|p1b: Lunala\n|-damage|p1b: Lunala|91/100\n|move|p2a: Miraidon|Dazzling Gleam|p1b: Lunala|[spread] p1a,p1b\n|-supereffective|p1a: Grimmsnarl\n|-damage|p1a: Grimmsnarl|29/100\n|-damage|p1b: Lunala|61/100\n|-damage|p2a: Miraidon|91/100|[from] item: Life Orb\n|move|p1b: Lunala|Trick Room|p1b: Lunala\n|-fieldstart|move: Trick Room|[of] p1b: Lunala\n|\n|upkeep\n|turn|2\n|\n|t:|1774196859\n|move|p1a: Grimmsnarl|Spirit Break|p2a: Miraidon\n|-damage|p2a: Miraidon|63/100\n|-unboost|p2a: Miraidon|spa|1\n|move|p1b: Lunala|Moongeist Beam|p2a: Miraidon\n|-damage|p2a: Miraidon|19/100\n|move|p2a: Miraidon|Electro Drift|p1b: Lunala\n|-damage|p1b: Lunala|14/100\n|-damage|p2a: Miraidon|10/100|[from] item: Life Orb\n|move|p2b: Iron Bundle|Freeze-Dry|p1a: Grimmsnarl\n|-damage|p1a: Grimmsnarl|6/100\n|\n|upkeep\n|turn|3\n|inactive|sheeshshane925 has 30 seconds left.\n|\n|t:|1774196889\n|switch|p2a: Scraggy|Scraggy, L50, F|100/100\n|-ability|p2a: Scraggy|Intimidate|boost\n|-unboost|p1a: Grimmsnarl|atk|1\n|-unboost|p1b: Lunala|atk|1\n|-end|p2b: Iron Bundle|Quark Drive|[silent]\n|switch|p2b: Calyrex|Calyrex-Ice, L50|100/100\n|-ability|p2b: Calyrex|As One\n|-ability|p2b: Calyrex|Unnerve\n|move|p1a: Grimmsnarl|Spirit Break|p2a: Scraggy\n|-supereffective|p2a: Scraggy\n|-damage|p2a: Scraggy|15/100\n|-unboost|p2a: Scraggy|spa|1\n|move|p1b: Lunala|Moongeist Beam|p2b: Calyrex\n|-supereffective|p2b: Calyrex\n|-damage|p2b: Calyrex|21/100\n|\n|upkeep\n|turn|4\n|\n|t:|1774196912\n|move|p1b: Lunala|Wide Guard|p1b: Lunala\n|-singleturn|p1b: Lunala|Wide Guard\n|move|p1a: Grimmsnarl|Reflect|p1a: Grimmsnarl\n|-sidestart|p1: BoyFromDetroit12|Reflect\n|move|p2a: Scraggy|Foul Play|p1b: Lunala\n|-supereffective|p1b: Lunala\n|-damage|p1b: Lunala|0 fnt\n|faint|p1b: Lunala\n|move|p2b: Calyrex|High Horsepower|p1a: Grimmsnarl\n|-damage|p1a: Grimmsnarl|0 fnt\n|faint|p1a: Grimmsnarl\n|-ability|p2b: Calyrex|Chilling Neigh|boost\n|-boost|p2b: Calyrex|atk|1\n|\n|upkeep\n|\n|t:|1774196918\n|switch|p1a: Ursaluna|Ursaluna, L50, F|100/100\n|switch|p1b: Miraidon|Miraidon, L50|100/100\n|-activate|p1b: Miraidon|ability: Hadron Engine\n|turn|5\n|\n|t:|1774196940\n|-terastallize|p1a: Ursaluna|Ghost\n|move|p2a: Scraggy|Coaching|p2b: Calyrex\n|-boost|p2b: Calyrex|atk|1\n|-boost|p2b: Calyrex|def|1\n|move|p2b: Calyrex|Glacial Lance|p1a: Ursaluna|[spread] p1a,p1b\n|-supereffective|p1b: Miraidon\n|-damage|p1a: Ursaluna|44/100\n|-damage|p1b: Miraidon|0 fnt\n|faint|p1b: Miraidon\n|-ability|p2b: Calyrex|Chilling Neigh|boost\n|-boost|p2b: Calyrex|atk|1\n|move|p1a: Ursaluna|Facade|p2b: Calyrex\n|-damage|p2b: Calyrex|3/100\n|\n|-fieldend|move: Trick Room\n|-fieldend|move: Electric Terrain\n|-status|p1a: Ursaluna|brn|[from] item: Flame Orb\n|upkeep\n|turn|6\n|\n|t:|1774196953\n|move|p1a: Ursaluna|Earthquake|p2b: Calyrex|[spread] p2a,p2b\n|-damage|p2a: Scraggy|0 fnt\n|-damage|p2b: Calyrex|0 fnt\n|faint|p2a: Scraggy\n|faint|p2b: Calyrex\n|\n|-damage|p1a: Ursaluna|39/100 brn|[from] brn\n|upkeep\n|\n|t:|1774196957\n|switch|p2b: Iron Bundle|Iron Bundle, L50|100/100\n|switch|p2a: Miraidon|Miraidon, L50, shiny, tera:Fairy|10/100\n|-fieldstart|move: Electric Terrain|[from] ability: Hadron Engine|[of] p2a: Miraidon\n|-activate|p2b: Iron Bundle|ability: Quark Drive\n|-start|p2b: Iron Bundle|quarkdrivespe\n|turn|7\n|\n|t:|1774196961\n|move|p2b: Iron Bundle|Freeze-Dry|p1a: Ursaluna\n|-damage|p1a: Ursaluna|17/100 brn\n|move|p2a: Miraidon|Electro Drift|p1a: Ursaluna\n|-damage|p1a: Ursaluna|0 fnt\n|faint|p1a: Ursaluna\n|-damage|p2a: Miraidon|0 fnt|[from] item: Life Orb\n|faint|p2a: Miraidon\n|\n|win|sheeshshane925\n|raw|BoyFromDetroit12's rating: 1425 &rarr; <strong>1412</strong><br />(-13 for losing)\n|raw|sheeshshane925's rating: 1545 &rarr; <strong>1558</strong><br />(+13 for winning)\n|l|\u2606sheeshshane925\n|player|p2|\n|l|\u2606BoyFromDetroit12\n|player|p1|\n","uploadtime":1774197129,"views":15,"formatid":"gen9vgc2026regi","rating":1412,"private":0,"password":null}