{"id":"gen9vgc2026regi-2572919520","format":"[Gen 9] VGC 2026 Reg I","players":["xTHExKelevra","the gamblerler"],"log":"|j|\u2606xTHExKelevra\n|j|\u2606the gamblerler\n|t:|1775073586\n|gametype|doubles\n|player|p1|xTHExKelevra|170|1220\n|player|p2|the gamblerler|giovanni|1407\n|gen|9\n|tier|[Gen 9] VGC 2026 Reg I\n|rated|\n|rule|Species Clause: Limit one of each Pok\u00e9mon\n|rule|Item Clause: Limit 1 of each item\n|clearpoke\n|poke|p1|Rillaboom, L50, M|\n|poke|p1|Flutter Mane, L50|\n|poke|p1|Raging Bolt, L50|\n|poke|p1|Urshifu-*, L50, M|\n|poke|p1|Ogerpon-Hearthflame, L50, F|\n|poke|p1|Incineroar, L50, F|\n|poke|p2|Calyrex-Shadow, L50|\n|poke|p2|Miraidon, L50|\n|poke|p2|Incineroar, L50, M|\n|poke|p2|Sneasler, L50, M|\n|poke|p2|Araquanid, L50, F|\n|poke|p2|Whimsicott, L50, F|\n|teampreview|4\n|inactive|Battle timer is ON: inactive players will automatically lose when time's up. (requested by the gamblerler)\n|inactive|xTHExKelevra has 60 seconds left.\n|\n|t:|1775073636\n|teamsize|p1|4\n|teamsize|p2|4\n|start\n|switch|p1a: Incineroar|Incineroar, L50, F, shiny|100/100\n|switch|p1b: Flutter Mane|Flutter Mane, L50|100/100\n|switch|p2a: Sneasler|Sneasler, L50, M|100/100\n|switch|p2b: Miraidon|Miraidon, L50|100/100\n|-fieldstart|move: Electric Terrain|[from] ability: Hadron Engine|[of] p2b: Miraidon\n|-enditem|p2a: Sneasler|Electric Seed\n|-boost|p2a: Sneasler|def|1|[from] item: Electric Seed\n|-ability|p1a: Incineroar|Intimidate|boost\n|-unboost|p2a: Sneasler|atk|1\n|-unboost|p2b: Miraidon|atk|1\n|-enditem|p1b: Flutter Mane|Booster Energy\n|-activate|p1b: Flutter Mane|ability: Protosynthesis|[fromitem]\n|-start|p1b: Flutter Mane|protosynthesisspe\n|turn|1\n|inactive|xTHExKelevra has 30 seconds left.\n|\n|t:|1775073664\n|move|p2a: Sneasler|Fake Out|p1a: Incineroar\n|-damage|p1a: Incineroar|94/100\n|cant|p1a: Incineroar|flinch\n|move|p1b: Flutter Mane|Moonblast|p2b: Miraidon\n|-supereffective|p2b: Miraidon\n|-damage|p2b: Miraidon|15/100\n|-unboost|p2b: Miraidon|spa|1\n|move|p2b: Miraidon|Volt Switch|p1b: Flutter Mane\n|-damage|p1b: Flutter Mane|47/100\n|\n|t:|1775073673\n|switch|p2b: Calyrex|Calyrex-Shadow, L50|100/100|[from] Volt Switch\n|-ability|p2b: Calyrex|As One\n|-ability|p2b: Calyrex|Unnerve\n|\n|upkeep\n|turn|2\n|inactive|xTHExKelevra has 30 seconds left.\n|inactive|xTHExKelevra has 20 seconds left.\n|inactive|xTHExKelevra has 15 seconds left.\n|\n|t:|1775073715\n|switch|p2b: Whimsicott|Whimsicott, L50, F|100/100\n|move|p2a: Sneasler|Dire Claw|p1b: Flutter Mane\n|-damage|p1b: Flutter Mane|0 fnt\n|faint|p1b: Flutter Mane\n|-end|p1b: Flutter Mane|Protosynthesis|[silent]\n|move|p1a: Incineroar|Parting Shot|p2b: Whimsicott\n|-unboost|p2b: Whimsicott|atk|1\n|-unboost|p2b: Whimsicott|spa|1\n|\n|t:|1775073734\n|switch|p1a: Raging Bolt|Raging Bolt, L50|100/100|[from] Parting Shot\n|\n|upkeep\n|\n|t:|1775073739\n|switch|p1b: Incineroar|Incineroar, L50, F, shiny|94/100\n|-ability|p1b: Incineroar|Intimidate|boost\n|-unboost|p2a: Sneasler|atk|1\n|-unboost|p2b: Whimsicott|atk|1\n|turn|3\n|inactive|xTHExKelevra has 30 seconds left.\n|\n|t:|1775073769\n|move|p1b: Incineroar|Fake Out|p2b: Whimsicott\n|-damage|p2b: Whimsicott|88/100\n|move|p1a: Raging Bolt|Thunderclap|p2a: Sneasler\n|-damage|p2a: Sneasler|5/100\n|-damage|p1a: Raging Bolt|91/100|[from] item: Life Orb\n|move|p2a: Sneasler|Close Combat|p1b: Incineroar\n|-supereffective|p1b: Incineroar\n|-damage|p1b: Incineroar|42/100\n|-unboost|p2a: Sneasler|def|1\n|-unboost|p2a: Sneasler|spd|1\n|-enditem|p1b: Incineroar|Sitrus Berry|[eat]\n|-heal|p1b: Incineroar|67/100|[from] item: Sitrus Berry\n|move|p2b: Whimsicott|Moonblast|p1a: Raging Bolt\n|-supereffective|p1a: Raging Bolt\n|-damage|p1a: Raging Bolt|62/100\n|\n|upkeep\n|turn|4\n|inactive|xTHExKelevra has 30 seconds left.\n|inactive|the gamblerler has 30 seconds left.\n|inactive|xTHExKelevra has 20 seconds left.\n|inactive|xTHExKelevra has 15 seconds left.\n|\n|t:|1775073809\n|move|p2a: Sneasler|Fake Out||[still]\n|-hint|Fake Out only works on your first turn out.\n|-fail|p2a: Sneasler\n|move|p2b: Whimsicott|Encore|p1a: Raging Bolt\n|-start|p1a: Raging Bolt|Encore\n|move|p1a: Raging Bolt|Thunderclap||[still]\n|-fail|p1a: Raging Bolt\n|move|p1b: Incineroar|Flare Blitz|p2b: Whimsicott\n|-supereffective|p2b: Whimsicott\n|-damage|p2b: Whimsicott|0 fnt\n|faint|p2b: Whimsicott\n|-damage|p1b: Incineroar|43/100|[from] Recoil\n|\n|upkeep\n|\n|t:|1775073830\n|switch|p2b: Miraidon|Miraidon, L50|15/100\n|-activate|p2b: Miraidon|ability: Hadron Engine\n|turn|5\n|\n|t:|1775073845\n|switch|p1b: Rillaboom|Rillaboom, L50, M|100/100\n|-fieldstart|move: Grassy Terrain|[from] ability: Grassy Surge|[of] p1b: Rillaboom\n|move|p2a: Sneasler|Fake Out||[still]\n|-hint|Fake Out only works on your first turn out.\n|-fail|p2a: Sneasler\n|move|p1a: Raging Bolt|Thunderclap||[still]\n|-fail|p1a: Raging Bolt\n|move|p2b: Miraidon|Volt Switch|p1b: Rillaboom\n|-resisted|p1b: Rillaboom\n|-damage|p1b: Rillaboom|87/100\n|\n|t:|1775073852\n|switch|p2b: Calyrex|Calyrex-Shadow, L50|100/100|[from] Volt Switch\n|-ability|p2b: Calyrex|As One\n|-ability|p2b: Calyrex|Unnerve\n|\n|-heal|p2a: Sneasler|11/100|[from] Grassy Terrain\n|-heal|p1b: Rillaboom|93/100|[from] Grassy Terrain\n|-heal|p1a: Raging Bolt|68/100|[from] Grassy Terrain\n|upkeep\n|turn|6\n|inactive|xTHExKelevra has 30 seconds left.\n|\n|t:|1775073881\n|switch|p2a: Miraidon|Miraidon, L50|15/100\n|-fieldstart|move: Electric Terrain|[from] ability: Hadron Engine|[of] p2a: Miraidon\n|-end|p1a: Raging Bolt|Protosynthesis|[silent]\n|switch|p1a: Incineroar|Incineroar, L50, F, shiny|43/100\n|-ability|p1a: Incineroar|Intimidate|boost\n|-unboost|p2a: Miraidon|atk|1\n|-unboost|p2b: Calyrex|atk|1\n|move|p1b: Rillaboom|Fake Out|p2a: Miraidon\n|-damage|p2a: Miraidon|3/100\n|move|p2b: Calyrex|Disable||[still]\n|-fail|p2b: Calyrex\n|\n|upkeep\n|turn|7\n|inactive|xTHExKelevra has 30 seconds left.\n|inactive|xTHExKelevra has 20 seconds left.\n|inactive|xTHExKelevra has 15 seconds left.\n|\n|t:|1775073926\n|-terastallize|p2b: Calyrex|Ghost\n|move|p1a: Incineroar|Fake Out|p2a: Miraidon\n|-damage|p2a: Miraidon|0 fnt\n|faint|p2a: Miraidon\n|move|p2b: Calyrex|Astral Barrage|p1b: Rillaboom|[spread] p1a,p1b\n|-resisted|p1a: Incineroar\n|-damage|p1a: Incineroar|9/100\n|-damage|p1b: Rillaboom|47/100\n|move|p1b: Rillaboom|Wood Hammer|p2b: Calyrex\n|-crit|p2b: Calyrex\n|-enditem|p2b: Calyrex|Focus Sash\n|-damage|p2b: Calyrex|1/100\n|-damage|p1b: Rillaboom|20/100|[from] Recoil\n|\n|upkeep\n|\n|t:|1775073940\n|switch|p2a: Sneasler|Sneasler, L50, M|11/100\n|turn|8\n|inactive|xTHExKelevra has 30 seconds left.\n|\n|t:|1775073970\n|switch|p1a: Raging Bolt|Raging Bolt, L50|68/100\n|move|p2b: Calyrex|Astral Barrage|p1b: Rillaboom|[spread] p1a,p1b\n|-damage|p1a: Raging Bolt|7/100\n|-damage|p1b: Rillaboom|0 fnt\n|faint|p1b: Rillaboom\n|-ability|p2b: Calyrex|Grim Neigh|boost\n|-boost|p2b: Calyrex|spa|1\n|move|p2a: Sneasler|Acid Spray|p1a: Raging Bolt\n|-damage|p1a: Raging Bolt|0 fnt\n|faint|p1a: Raging Bolt\n|-end|p1a: Raging Bolt|Protosynthesis|[silent]\n|\n|upkeep\n|\n|t:|1775073992\n|switch|p1b: Incineroar|Incineroar, L50, F, shiny|9/100\n|-ability|p1b: Incineroar|Intimidate|boost\n|-unboost|p2a: Sneasler|atk|1\n|-unboost|p2b: Calyrex|atk|1\n|turn|9\n|\n|t:|1775074013\n|move|p1b: Incineroar|Fake Out|p2a: Sneasler\n|-damage|p2a: Sneasler|0 fnt\n|faint|p2a: Sneasler\n|move|p2b: Calyrex|Astral Barrage|p1b: Incineroar\n|-resisted|p1b: Incineroar\n|-damage|p1b: Incineroar|0 fnt\n|faint|p1b: Incineroar\n|\n|win|the gamblerler\n|raw|xTHExKelevra's rating: 1220 &rarr; <strong>1207</strong><br />(-13 for losing)\n|raw|the gamblerler's rating: 1407 &rarr; <strong>1417</strong><br />(+10 for winning)\n|l|\u2606the gamblerler\n|player|p2|\n|l|\u2606xTHExKelevra\n|player|p1|\n","uploadtime":1775074284,"views":11,"formatid":"gen9vgc2026regi","rating":1207,"private":0,"password":null}