{"id":"gen9vgc2026regi-2556810993","format":"[Gen 9] VGC 2026 Reg I","players":["pzyxhic","soten soten"],"log":"|j|\u2606pzyxhic\n|j|\u2606soten soten\n|t:|1773250809\n|gametype|doubles\n|player|p1|pzyxhic|169|1290\n|player|p2|soten soten|hilbert|1352\n|gen|9\n|tier|[Gen 9] VGC 2026 Reg I\n|rated|\n|rule|Species Clause: Limit one of each Pok\u00e9mon\n|rule|Item Clause: Limit 1 of each item\n|clearpoke\n|poke|p1|Terapagos, L50, M|\n|poke|p1|Gothitelle, L50, F|\n|poke|p1|Urshifu-*, L50, F|\n|poke|p1|Incineroar, L50, F|\n|poke|p1|Calyrex-Shadow, L50|\n|poke|p1|Whimsicott, L50, F|\n|poke|p2|Terapagos, L50, M|\n|poke|p2|Eternatus, L50|\n|poke|p2|Incineroar, L50, M|\n|poke|p2|Grimmsnarl, L50, M|\n|poke|p2|Rillaboom, L50, F|\n|poke|p2|Urshifu-*, L50, F|\n|teampreview|4\n|inactive|Battle timer is ON: inactive players will automatically lose when time's up. (requested by soten soten)\n|inactive|pzyxhic has 60 seconds left.\n|\n|t:|1773250856\n|teamsize|p1|4\n|teamsize|p2|4\n|start\n|switch|p1a: Gothitelle|Gothitelle, L50, F|100/100\n|switch|p1b: Urshifu|Urshifu-Rapid-Strike, L50, F|100/100\n|switch|p2a: Rillaboom|Rillaboom, L50, F|100/100\n|switch|p2b: Urshifu|Urshifu-Rapid-Strike, L50, F|100/100\n|-fieldstart|move: Grassy Terrain|[from] ability: Grassy Surge|[of] p2a: Rillaboom\n|turn|1\n|inactive|pzyxhic has 30 seconds left.\n|\n|t:|1773250885\n|switch|p1a: Whimsicott|Whimsicott, L50, F|100/100\n|-terastallize|p2b: Urshifu|Ghost\n|move|p1b: Urshifu|U-turn|p2a: Rillaboom\n|-supereffective|p2a: Rillaboom\n|-damage|p2a: Rillaboom|51/100\n|\n|t:|1773250898\n|switch|p1b: Terapagos|Terapagos, L50, M|100/100|[from] U-turn\n|-activate|p1b: Terapagos|ability: Tera Shift\n|detailschange|p1b: Terapagos|Terapagos-Terastal, L50, M\n|-heal|p1b: Terapagos|100/100|[silent]\n|move|p2b: Urshifu|Surging Strikes|p1a: Whimsicott\n|-resisted|p1a: Whimsicott\n|-crit|p1a: Whimsicott\n|-damage|p1a: Whimsicott|84/100\n|-resisted|p1a: Whimsicott\n|-crit|p1a: Whimsicott\n|-damage|p1a: Whimsicott|68/100\n|-resisted|p1a: Whimsicott\n|-crit|p1a: Whimsicott\n|-damage|p1a: Whimsicott|50/100\n|-hitcount|p1a: Whimsicott|3\n|move|p2a: Rillaboom|U-turn|p1b: Terapagos\n|-activate|p1b: Terapagos|ability: Tera Shell\n|-resisted|p1b: Terapagos\n|-damage|p1b: Terapagos|89/100\n|\n|t:|1773250904\n|switch|p2a: Incineroar|Incineroar, L50, M|100/100|[from] U-turn\n|-ability|p2a: Incineroar|Intimidate|boost\n|-unboost|p1a: Whimsicott|atk|1\n|-unboost|p1b: Terapagos|atk|1\n|\n|-heal|p1a: Whimsicott|56/100|[from] Grassy Terrain\n|-heal|p1b: Terapagos|95/100|[from] Grassy Terrain\n|upkeep\n|turn|2\n|inactive|pzyxhic has 30 seconds left.\n|\n|t:|1773250933\n|switch|p2b: Terapagos|Terapagos, L50, M|100/100\n|-activate|p2b: Terapagos|ability: Tera Shift\n|detailschange|p2b: Terapagos|Terapagos-Terastal, L50, M\n|-heal|p2b: Terapagos|100/100|[silent]\n|switch|p1b: Gothitelle|Gothitelle, L50, F|100/100\n|move|p1a: Whimsicott|Tailwind|p1a: Whimsicott\n|-sidestart|p1: pzyxhic|move: Tailwind\n|move|p2a: Incineroar|Parting Shot|p1b: Gothitelle\n|-unboost|p1b: Gothitelle|atk|1\n|-unboost|p1b: Gothitelle|spa|1\n|\n|t:|1773250939\n|switch|p2a: Urshifu|Urshifu-Rapid-Strike, L50, F, tera:Ghost|100/100|[from] Parting Shot\n|\n|-heal|p1a: Whimsicott|62/100|[from] Grassy Terrain\n|upkeep\n|turn|3\n|\n|t:|1773250962\n|move|p1a: Whimsicott|Fake Tears|p2b: Terapagos\n|-unboost|p2b: Terapagos|spd|2\n|move|p1b: Gothitelle|Dark Pulse|p2b: Terapagos\n|-activate|p2b: Terapagos|ability: Tera Shell\n|-resisted|p2b: Terapagos\n|-damage|p2b: Terapagos|90/100\n|move|p2a: Urshifu|Surging Strikes|p1b: Gothitelle\n|-crit|p1b: Gothitelle\n|-damage|p1b: Gothitelle|75/100\n|-crit|p1b: Gothitelle\n|-damage|p1b: Gothitelle|46/100\n|-crit|p1b: Gothitelle\n|-damage|p1b: Gothitelle|22/100\n|-hitcount|p1b: Gothitelle|3\n|move|p2b: Terapagos|Tera Starstorm|p1a: Whimsicott\n|-damage|p1a: Whimsicott|2/100\n|\n|-heal|p1a: Whimsicott|8/100|[from] Grassy Terrain\n|-heal|p1b: Gothitelle|28/100|[from] Grassy Terrain\n|-heal|p1b: Gothitelle|34/100|[from] item: Leftovers\n|-heal|p2b: Terapagos|96/100|[from] Grassy Terrain\n|-heal|p2b: Terapagos|100/100|[from] item: Leftovers\n|upkeep\n|turn|4\n|inactive|pzyxhic has 30 seconds left.\n|inactive|pzyxhic has 20 seconds left.\n|inactive|soten soten has 30 seconds left.\n|\n|t:|1773250999\n|switch|p1a: Urshifu|Urshifu-Rapid-Strike, L50, F|100/100\n|switch|p2a: Incineroar|Incineroar, L50, M|100/100\n|-ability|p2a: Incineroar|Intimidate|boost\n|-unboost|p1a: Urshifu|atk|1\n|-unboost|p1b: Gothitelle|atk|1\n|move|p1b: Gothitelle|Dark Pulse|p2a: Incineroar\n|-resisted|p2a: Incineroar\n|-damage|p2a: Incineroar|96/100\n|move|p2b: Terapagos|Tera Starstorm|p1a: Urshifu\n|-crit|p1a: Urshifu\n|-damage|p1a: Urshifu|0 fnt\n|faint|p1a: Urshifu\n|\n|-heal|p1b: Gothitelle|41/100|[from] Grassy Terrain\n|-heal|p1b: Gothitelle|47/100|[from] item: Leftovers\n|-heal|p2a: Incineroar|100/100|[from] Grassy Terrain\n|upkeep\n|\n|t:|1773251018\n|switch|p1a: Terapagos|Terapagos-Terastal, L50, M|95/100\n|turn|5\n|\n|t:|1773251029\n|move|p2a: Incineroar|Fake Out|p1a: Terapagos\n|-damage|p1a: Terapagos|86/100\n|cant|p1a: Terapagos|flinch\n|move|p1b: Gothitelle|Thunder Wave|p2b: Terapagos\n|-status|p2b: Terapagos|par\n|cant|p2b: Terapagos|par\n|\n|-heal|p1a: Terapagos|92/100|[from] Grassy Terrain\n|-heal|p1b: Gothitelle|53/100|[from] Grassy Terrain\n|-heal|p1b: Gothitelle|59/100|[from] item: Leftovers\n|-sideend|p1: pzyxhic|move: Tailwind\n|-fieldend|move: Grassy Terrain\n|upkeep\n|turn|6\n|inactive|pzyxhic has 30 seconds left.\n|inactive|pzyxhic has 20 seconds left.\n|inactive|pzyxhic has 15 seconds left.\n|\n|t:|1773251073\n|-terastallize|p1a: Terapagos|Stellar\n|detailschange|p1a: Terapagos|Terapagos-Stellar, L50, M, tera:Stellar\n|-heal|p1a: Terapagos|94/100|[silent]\n|move|p1b: Gothitelle|Protect|p1b: Gothitelle\n|-singleturn|p1b: Gothitelle|Protect\n|move|p1a: Terapagos|Tera Starstorm|p2b: Terapagos|[spread] p2a,p2b\n|-activate|p2b: Terapagos|ability: Tera Shell\n|-resisted|p2b: Terapagos\n|-damage|p2a: Incineroar|55/100\n|-damage|p2b: Terapagos|50/100 par\n|move|p2a: Incineroar|Parting Shot|p1a: Terapagos\n|-unboost|p1a: Terapagos|atk|1\n|-unboost|p1a: Terapagos|spa|1\n|\n|t:|1773251079\n|switch|p2a: Rillaboom|Rillaboom, L50, F|51/100|[from] Parting Shot\n|-fieldstart|move: Grassy Terrain|[from] ability: Grassy Surge|[of] p2a: Rillaboom\n|move|p2b: Terapagos|Toxic|p1a: Terapagos\n|-status|p1a: Terapagos|tox\n|\n|-heal|p1a: Terapagos|99/100 tox|[from] Grassy Terrain\n|-heal|p2a: Rillaboom|57/100|[from] Grassy Terrain\n|-heal|p1b: Gothitelle|65/100|[from] Grassy Terrain\n|-heal|p1b: Gothitelle|72/100|[from] item: Leftovers\n|-heal|p2b: Terapagos|57/100 par|[from] Grassy Terrain\n|-heal|p2b: Terapagos|63/100 par|[from] item: Leftovers\n|-damage|p1a: Terapagos|94/100 tox|[from] psn\n|upkeep\n|turn|7\n|inactive|pzyxhic has 30 seconds left.\n|\n|t:|1773251105\n|switch|p1a: Whimsicott|Whimsicott, L50, F|8/100\n|cant|p2b: Terapagos|par\n|move|p2a: Rillaboom|U-turn|p1a: Whimsicott\n|-damage|p1a: Whimsicott|0 fnt\n|faint|p1a: Whimsicott\n|\n|t:|1773251109\n|switch|p2a: Incineroar|Incineroar, L50, M|55/100|[from] U-turn\n|-ability|p2a: Incineroar|Intimidate|boost\n|-unboost|p1b: Gothitelle|atk|1\n|move|p1b: Gothitelle|Thunder Wave|p2a: Incineroar\n|-status|p2a: Incineroar|par\n|\n|-heal|p1b: Gothitelle|78/100|[from] Grassy Terrain\n|-heal|p1b: Gothitelle|84/100|[from] item: Leftovers\n|-heal|p2b: Terapagos|69/100 par|[from] Grassy Terrain\n|-heal|p2b: Terapagos|75/100 par|[from] item: Leftovers\n|-heal|p2a: Incineroar|61/100 par|[from] Grassy Terrain\n|upkeep\n|\n|t:|1773251127\n|switch|p1a: Terapagos|Terapagos-Stellar, L50, M, tera:Stellar|94/100 tox\n|turn|8\n|\n|t:|1773251132\n|move|p2a: Incineroar|Fake Out|p1a: Terapagos\n|-damage|p1a: Terapagos|88/100 tox\n|cant|p1a: Terapagos|flinch\n|move|p1b: Gothitelle|Dark Pulse|p2a: Incineroar\n|-resisted|p2a: Incineroar\n|-damage|p2a: Incineroar|57/100 par\n|move|p2b: Terapagos|Substitute|p2b: Terapagos\n|-start|p2b: Terapagos|Substitute\n|-damage|p2b: Terapagos|50/100 par\n|\n|-heal|p1a: Terapagos|94/100 tox|[from] Grassy Terrain\n|-heal|p1b: Gothitelle|90/100|[from] Grassy Terrain\n|-heal|p1b: Gothitelle|97/100|[from] item: Leftovers\n|-heal|p2b: Terapagos|57/100 par|[from] Grassy Terrain\n|-heal|p2b: Terapagos|63/100 par|[from] item: Leftovers\n|-heal|p2a: Incineroar|63/100 par|[from] Grassy Terrain\n|-damage|p1a: Terapagos|88/100 tox|[from] psn\n|upkeep\n|turn|9\n|\n|t:|1773251138\n|move|p2b: Terapagos|Protect|p2b: Terapagos\n|-singleturn|p2b: Terapagos|Protect\n|move|p1a: Terapagos|Tera Starstorm|p2a: Incineroar|[spread] p2a\n|-activate|p2b: Terapagos|move: Protect\n|-damage|p2a: Incineroar|21/100 par\n|move|p1b: Gothitelle|Dark Pulse|p2a: Incineroar\n|-resisted|p2a: Incineroar\n|-damage|p2a: Incineroar|16/100 par\n|cant|p2a: Incineroar|flinch\n|\n|-heal|p1a: Terapagos|94/100 tox|[from] Grassy Terrain\n|-heal|p1b: Gothitelle|100/100|[from] Grassy Terrain\n|-heal|p2b: Terapagos|69/100 par|[from] Grassy Terrain\n|-heal|p2b: Terapagos|75/100 par|[from] item: Leftovers\n|-heal|p2a: Incineroar|22/100 par|[from] Grassy Terrain\n|-damage|p1a: Terapagos|82/100 tox|[from] psn\n|upkeep\n|turn|10\n|\n|t:|1773251147\n|move|p1a: Terapagos|Tera Starstorm|p2b: Terapagos|[spread] p2a,p2b\n|-end|p2b: Terapagos|Substitute\n|-crit|p2a: Incineroar\n|-damage|p2a: Incineroar|0 fnt\n|faint|p2a: Incineroar\n|move|p1b: Gothitelle|Dark Pulse|p2b: Terapagos\n|-damage|p2b: Terapagos|55/100 par\n|move|p2b: Terapagos|Substitute|p2b: Terapagos\n|-start|p2b: Terapagos|Substitute\n|-damage|p2b: Terapagos|30/100 par\n|\n|-heal|p1a: Terapagos|88/100 tox|[from] Grassy Terrain\n|-heal|p2b: Terapagos|36/100 par|[from] Grassy Terrain\n|-heal|p2b: Terapagos|43/100 par|[from] item: Leftovers\n|-damage|p1a: Terapagos|70/100 tox|[from] psn\n|-fieldend|move: Grassy Terrain\n|upkeep\n|\n|t:|1773251151\n|switch|p2a: Urshifu|Urshifu-Rapid-Strike, L50, F, tera:Ghost|100/100\n|turn|11\n|\n|t:|1773251159\n|move|p2a: Urshifu|Close Combat|p1a: Terapagos\n|-supereffective|p1a: Terapagos\n|-damage|p1a: Terapagos|0 fnt\n|-unboost|p2a: Urshifu|def|1\n|-unboost|p2a: Urshifu|spd|1\n|faint|p1a: Terapagos\n|detailschange|p1: Terapagos|Terapagos, L50, M|[silent]\n|move|p1b: Gothitelle|Dark Pulse|p2a: Urshifu\n|-supereffective|p2a: Urshifu\n|-damage|p2a: Urshifu|52/100\n|move|p2b: Terapagos|Toxic|p1b: Gothitelle\n|-status|p1b: Gothitelle|tox\n|\n|-heal|p2b: Terapagos|49/100 par|[from] item: Leftovers\n|-damage|p1b: Gothitelle|94/100 tox|[from] psn\n|upkeep\n|turn|12\n|\n|t:|1773251164\n|switch|p2a: Rillaboom|Rillaboom, L50, F|57/100\n|-fieldstart|move: Grassy Terrain|[from] ability: Grassy Surge|[of] p2a: Rillaboom\n|move|p1b: Gothitelle|Dark Pulse|p2a: Rillaboom\n|-damage|p2a: Rillaboom|48/100\n|move|p2b: Terapagos|Tera Starstorm|p1b: Gothitelle\n|-damage|p1b: Gothitelle|38/100 tox\n|\n|-heal|p2a: Rillaboom|54/100|[from] Grassy Terrain\n|-heal|p1b: Gothitelle|45/100 tox|[from] Grassy Terrain\n|-heal|p1b: Gothitelle|51/100 tox|[from] item: Leftovers\n|-heal|p2b: Terapagos|55/100 par|[from] Grassy Terrain\n|-heal|p2b: Terapagos|61/100 par|[from] item: Leftovers\n|-damage|p1b: Gothitelle|38/100 tox|[from] psn\n|upkeep\n|turn|13\n|-message|pzyxhic forfeited.\n|\n|win|soten soten\n|raw|pzyxhic's rating: 1290 &rarr; <strong>1269</strong><br />(-21 for losing)\n|raw|soten soten's rating: 1352 &rarr; <strong>1368</strong><br />(+16 for winning)\n|l|\u2606pzyxhic\n|player|p1|\n|l|\u2606soten soten\n|player|p2|\n","uploadtime":1773251409,"views":11,"formatid":"gen9vgc2026regi","rating":1269,"private":0,"password":null}