{"id":"gen9vgc2026regi-2570323582","format":"[Gen 9] VGC 2026 Reg I","players":["fernsthedruids","Galaxianalt"],"log":"|j|\u2606fernsthedruids\n|j|\u2606Galaxianalt\n|t:|1774801169\n|gametype|doubles\n|player|p1|fernsthedruids|170|1414\n|player|p2|Galaxianalt|aromalady|1416\n|gen|9\n|tier|[Gen 9] VGC 2026 Reg I\n|rated|\n|rule|Species Clause: Limit one of each Pok\u00e9mon\n|rule|Item Clause: Limit 1 of each item\n|clearpoke\n|poke|p1|Kyogre, L50|\n|poke|p1|Calyrex-Ice, L50|\n|poke|p1|Raging Bolt, L50|\n|poke|p1|Tornadus, L50, M|\n|poke|p1|Incineroar, L50, F|\n|poke|p1|Amoonguss, L50, M|\n|poke|p2|Miraidon, L50|\n|poke|p2|Farigiraf, L50, F|\n|poke|p2|Salamence, L50, M|\n|poke|p2|Flutter Mane, L50|\n|poke|p2|Kingambit, L50, F|\n|poke|p2|Kyogre, L50|\n|teampreview|4\n|\n|t:|1774801241\n|teamsize|p1|4\n|teamsize|p2|4\n|start\n|switch|p1a: Tornadus|Tornadus, L50, M|100/100\n|switch|p1b: Kyogre|Kyogre, L50|100/100\n|switch|p2a: Miraidon|Miraidon, L50, shiny|100/100\n|switch|p2b: Kingambit|Kingambit, L50, F, shiny|100/100\n|-fieldstart|move: Electric Terrain|[from] ability: Hadron Engine|[of] p2a: Miraidon\n|-weather|RainDance|[from] ability: Drizzle|[of] p1b: Kyogre\n|turn|1\n|\n|t:|1774801257\n|move|p2b: Kingambit|Protect|p2b: Kingambit\n|-singleturn|p2b: Kingambit|Protect\n|move|p1a: Tornadus|Tailwind|p1a: Tornadus\n|-sidestart|p1: fernsthedruids|move: Tailwind\n|move|p1b: Kyogre|Water Spout|p2b: Kingambit|[spread] p2a\n|-activate|p2b: Kingambit|move: Protect\n|-resisted|p2a: Miraidon\n|-damage|p2a: Miraidon|52/100\n|move|p2a: Miraidon|Volt Switch|p1b: Kyogre\n|-supereffective|p1b: Kyogre\n|-damage|p1b: Kyogre|0 fnt\n|faint|p1b: Kyogre\n|\n|t:|1774801272\n|switch|p2a: Kyogre|Kyogre, L50, shiny|100/100|[from] Volt Switch\n|\n|-weather|RainDance|[upkeep]\n|upkeep\n|\n|t:|1774801275\n|switch|p1b: Raging Bolt|Raging Bolt, L50|100/100\n|turn|2\n|c|\u2606fernsthedruids|I'm dumb\n|\n|t:|1774801305\n|switch|p2a: Miraidon|Miraidon, L50, shiny|52/100\n|-activate|p2a: Miraidon|ability: Hadron Engine\n|move|p1a: Tornadus|Hurricane|p2a: Miraidon\n|-resisted|p2a: Miraidon\n|-damage|p2a: Miraidon|31/100\n|-start|p2a: Miraidon|confusion\n|move|p1b: Raging Bolt|Thunderbolt|p2a: Miraidon\n|-resisted|p2a: Miraidon\n|-damage|p2a: Miraidon|12/100\n|-damage|p1b: Raging Bolt|91/100|[from] item: Life Orb\n|move|p2b: Kingambit|Kowtow Cleave|p1b: Raging Bolt\n|-damage|p1b: Raging Bolt|46/100\n|\n|-weather|RainDance|[upkeep]\n|upkeep\n|turn|3\n|\n|t:|1774801336\n|-terastallize|p1b: Raging Bolt|Fairy\n|-terastallize|p2b: Kingambit|Ground\n|move|p1a: Tornadus|Hurricane|p2a: Miraidon\n|-resisted|p2a: Miraidon\n|-damage|p2a: Miraidon|0 fnt\n|faint|p2a: Miraidon\n|move|p1b: Raging Bolt|Thunderbolt|p2b: Kingambit\n|-immune|p2b: Kingambit\n|move|p2b: Kingambit|Kowtow Cleave|p1b: Raging Bolt\n|-resisted|p1b: Raging Bolt\n|-damage|p1b: Raging Bolt|22/100\n|\n|-weather|RainDance|[upkeep]\n|upkeep\n|\n|t:|1774801358\n|switch|p2a: Flutter Mane|Flutter Mane, L50, shiny|100/100\n|-enditem|p2a: Flutter Mane|Booster Energy\n|-activate|p2a: Flutter Mane|ability: Protosynthesis|[fromitem]\n|-start|p2a: Flutter Mane|protosynthesisspe\n|turn|4\n|l|\u2606Galaxianalt\n|player|p2|\n|j|\u2606Galaxianalt\n|player|p2|Galaxianalt|aromalady|\n|\n|t:|1774801382\n|-end|p1b: Raging Bolt|Protosynthesis|[silent]\n|switch|p1b: Amoonguss|Amoonguss, L50, M|100/100\n|move|p2a: Flutter Mane|Moonblast|p1a: Tornadus\n|-damage|p1a: Tornadus|48/100\n|move|p1a: Tornadus|Hurricane|p2b: Kingambit\n|-damage|p2b: Kingambit|59/100\n|move|p2b: Kingambit|Iron Head|p1b: Amoonguss\n|-damage|p1b: Amoonguss|61/100\n|\n|-weather|RainDance|[upkeep]\n|-sideend|p1: fernsthedruids|move: Tailwind\n|upkeep\n|turn|5\n|\n|t:|1774801425\n|move|p1b: Amoonguss|Rage Powder|p1b: Amoonguss\n|-singleturn|p1b: Amoonguss|move: Rage Powder\n|move|p2a: Flutter Mane|Taunt|p1b: Amoonguss\n|-start|p1b: Amoonguss|move: Taunt\n|move|p1a: Tornadus|Hurricane|p2b: Kingambit\n|-damage|p2b: Kingambit|16/100\n|-start|p2b: Kingambit|confusion\n|-activate|p2b: Kingambit|confusion\n|-damage|p2b: Kingambit|4/100|[from] confusion\n|\n|-weather|none\n|-fieldend|move: Electric Terrain\n|upkeep\n|turn|6\n|\n|t:|1774801457\n|move|p1a: Tornadus|Tailwind|p1a: Tornadus\n|-sidestart|p1: fernsthedruids|move: Tailwind\n|move|p2a: Flutter Mane|Moonblast|p1a: Tornadus\n|-damage|p1a: Tornadus|4/100\n|move|p1b: Amoonguss|Pollen Puff|p2b: Kingambit\n|-damage|p2b: Kingambit|0 fnt\n|faint|p2b: Kingambit\n|\n|upkeep\n|\n|t:|1774801466\n|switch|p2b: Kyogre|Kyogre, L50, shiny|100/100\n|-weather|RainDance|[from] ability: Drizzle|[of] p2b: Kyogre\n|turn|7\n|\n|t:|1774801496\n|move|p2a: Flutter Mane|Icy Wind|p1a: Tornadus|[spread] p1a,p1b\n|-supereffective|p1a: Tornadus\n|-supereffective|p1b: Amoonguss\n|-damage|p1a: Tornadus|0 fnt\n|-damage|p1b: Amoonguss|40/100\n|-unboost|p1b: Amoonguss|spe|1\n|-enditem|p1b: Amoonguss|Sitrus Berry|[eat]\n|-heal|p1b: Amoonguss|65/100|[from] item: Sitrus Berry\n|faint|p1a: Tornadus\n|move|p2b: Kyogre|Ice Beam|p1b: Amoonguss\n|-supereffective|p1b: Amoonguss\n|-damage|p1b: Amoonguss|12/100\n|move|p1b: Amoonguss|Pollen Puff|p2a: Flutter Mane\n|-resisted|p2a: Flutter Mane\n|-damage|p2a: Flutter Mane|97/100\n|\n|-weather|RainDance|[upkeep]\n|upkeep\n|\n|t:|1774801499\n|switch|p1a: Raging Bolt|Raging Bolt, L50, tera:Fairy|22/100\n|turn|8\n|\n|t:|1774801518\n|move|p1a: Raging Bolt|Thunderclap|p2b: Kyogre\n|-supereffective|p2b: Kyogre\n|-damage|p2b: Kyogre|54/100\n|-damage|p1a: Raging Bolt|12/100|[from] item: Life Orb\n|move|p2a: Flutter Mane|Mystical Fire|p1a: Raging Bolt\n|-damage|p1a: Raging Bolt|0 fnt\n|faint|p1a: Raging Bolt\n|-end|p1a: Raging Bolt|Protosynthesis|[silent]\n|move|p2b: Kyogre|Ice Beam|p1b: Amoonguss\n|-supereffective|p1b: Amoonguss\n|-damage|p1b: Amoonguss|0 fnt\n|faint|p1b: Amoonguss\n|\n|win|Galaxianalt\n|raw|fernsthedruids's rating: 1414 &rarr; <strong>1394</strong><br />(-20 for losing)\n|raw|Galaxianalt's rating: 1416 &rarr; <strong>1436</strong><br />(+20 for winning)\n|l|\u2606fernsthedruids\n|player|p1|\n","uploadtime":1774801526,"views":12,"formatid":"gen9vgc2026regi","rating":1394,"private":0,"password":null}