{"id":"gen9vgc2026regi-2558714661","format":"[Gen 9] VGC 2026 Reg I","players":["rudy06","lilcardscammer"],"log":"|j|\u2606rudy06\n|j|\u2606lilcardscammer\n|t:|1773468188\n|gametype|doubles\n|player|p1|rudy06|1|1319\n|player|p2|lilcardscammer|waitress-gen4|1388\n|gen|9\n|tier|[Gen 9] VGC 2026 Reg I\n|rated|\n|rule|Species Clause: Limit one of each Pok\u00e9mon\n|rule|Item Clause: Limit 1 of each item\n|clearpoke\n|poke|p1|Kyogre, L50|\n|poke|p1|Tornadus, L50, M|\n|poke|p1|Zacian-*, L50|\n|poke|p1|Urshifu-*, L50, F|\n|poke|p1|Incineroar, L50, M|\n|poke|p1|Landorus, L50, M|\n|poke|p2|Calyrex-Ice, L50|\n|poke|p2|Miraidon, L50|\n|poke|p2|Grimmsnarl, L50, M|\n|poke|p2|Urshifu-*, L50, M|\n|poke|p2|Incineroar, L50, F|\n|poke|p2|Landorus, L50, M|\n|teampreview|4\n|inactive|Battle timer is ON: inactive players will automatically lose when time's up. (requested by rudy06)\n|inactive|lilcardscammer also wants the timer to be on.\n|inactive|lilcardscammer has 60 seconds left.\n|\n|t:|1773468229\n|teamsize|p1|4\n|teamsize|p2|4\n|start\n|switch|p1a: Kyogre|Kyogre, L50|100/100\n|switch|p1b: Tornadus|Tornadus, L50, M|100/100\n|switch|p2a: Miraidon|Miraidon, L50|100/100\n|switch|p2b: Grimmsnarl|Grimmsnarl, L50, M|100/100\n|-fieldstart|move: Electric Terrain|[from] ability: Hadron Engine|[of] p2a: Miraidon\n|-weather|RainDance|[from] ability: Drizzle|[of] p1a: Kyogre\n|turn|1\n|\n|t:|1773468252\n|-terastallize|p1a: Kyogre|Grass\n|move|p1b: Tornadus|Tailwind|p1b: Tornadus\n|-sidestart|p1: rudy06|move: Tailwind\n|move|p2b: Grimmsnarl|Thunder Wave|p1a: Kyogre\n|-status|p1a: Kyogre|par\n|move|p2a: Miraidon|Volt Switch|p1a: Kyogre\n|-resisted|p1a: Kyogre\n|-crit|p1a: Kyogre\n|-damage|p1a: Kyogre|72/100 par\n|\n|t:|1773468258\n|switch|p2a: Urshifu|Urshifu-Rapid-Strike, L50, M|100/100|[from] Volt Switch\n|move|p1a: Kyogre|Ice Beam|p2a: Urshifu\n|-resisted|p2a: Urshifu\n|-damage|p2a: Urshifu|78/100\n|\n|-weather|RainDance|[upkeep]\n|upkeep\n|turn|2\n|\n|t:|1773468277\n|move|p2b: Grimmsnarl|Reflect|p2b: Grimmsnarl\n|-sidestart|p2: lilcardscammer|Reflect\n|move|p1b: Tornadus|Bleakwind Storm|p2a: Urshifu|[spread] p2a,p2b\n|-supereffective|p2a: Urshifu\n|-crit|p2b: Grimmsnarl\n|-damage|p2a: Urshifu|0 fnt\n|-damage|p2b: Grimmsnarl|51/100\n|-unboost|p2b: Grimmsnarl|spe|1\n|faint|p2a: Urshifu\n|move|p1a: Kyogre|Thunder|p2b: Grimmsnarl\n|-damage|p2b: Grimmsnarl|1/100\n|\n|-weather|RainDance|[upkeep]\n|upkeep\n|\n|t:|1773468283\n|switch|p2a: Miraidon|Miraidon, L50|100/100\n|-activate|p2a: Miraidon|ability: Hadron Engine\n|turn|3\n|\n|t:|1773468296\n|-terastallize|p2a: Miraidon|Fairy\n|move|p2b: Grimmsnarl|Thunder Wave|p1b: Tornadus\n|-status|p1b: Tornadus|par\n|move|p1b: Tornadus|Bleakwind Storm|p2b: Grimmsnarl|[spread] p2a,p2b\n|-damage|p2a: Miraidon|75/100\n|-damage|p2b: Grimmsnarl|0 fnt\n|faint|p2b: Grimmsnarl\n|move|p2a: Miraidon|Dazzling Gleam|p1a: Kyogre|[spread] p1a,p1b\n|-damage|p1a: Kyogre|46/100 par\n|-damage|p1b: Tornadus|11/100 par\n|cant|p1a: Kyogre|par\n|\n|-weather|RainDance|[upkeep]\n|upkeep\n|\n|t:|1773468304\n|switch|p2b: Incineroar|Incineroar, L50, F|100/100\n|-ability|p2b: Incineroar|Intimidate|boost\n|-unboost|p1a: Kyogre|atk|1\n|-unboost|p1b: Tornadus|atk|1\n|turn|4\n|\n|t:|1773468321\n|switch|p1b: Incineroar|Incineroar, L50, M|100/100\n|-ability|p1b: Incineroar|Intimidate|boost\n|-unboost|p2a: Miraidon|atk|1\n|-unboost|p2b: Incineroar|atk|1\n|move|p2a: Miraidon|Dazzling Gleam|p1a: Kyogre|[spread] p1a,p1b\n|-crit|p1b: Incineroar\n|-damage|p1a: Kyogre|17/100 par\n|-damage|p1b: Incineroar|19/100\n|-enditem|p1b: Incineroar|Sitrus Berry|[eat]\n|-heal|p1b: Incineroar|44/100|[from] item: Sitrus Berry\n|move|p2b: Incineroar|Flare Blitz|p1a: Kyogre\n|-supereffective|p1a: Kyogre\n|-damage|p1a: Kyogre|0 fnt\n|faint|p1a: Kyogre\n|-damage|p2b: Incineroar|95/100|[from] Recoil\n|\n|-weather|RainDance|[upkeep]\n|-sideend|p1: rudy06|move: Tailwind\n|upkeep\n|\n|t:|1773468340\n|switch|p1a: Zacian|Zacian-Crowned, L50|100/100\n|-ability|p1a: Zacian|Intrepid Sword|boost\n|-boost|p1a: Zacian|atk|1\n|turn|5\n|\n|t:|1773468349\n|move|p1b: Incineroar|Fake Out|p2a: Miraidon\n|-crit|p2a: Miraidon\n|-damage|p2a: Miraidon|59/100\n|move|p1a: Zacian|Behemoth Blade|p2a: Miraidon\n|-supereffective|p2a: Miraidon\n|-damage|p2a: Miraidon|0 fnt\n|faint|p2a: Miraidon\n|move|p2b: Incineroar|Flare Blitz|p1a: Zacian\n|-supereffective|p1a: Zacian\n|-damage|p1a: Zacian|71/100\n|-damage|p2b: Incineroar|86/100|[from] Recoil\n|\n|-weather|none\n|-fieldend|move: Electric Terrain\n|upkeep\n|turn|6\n|-message|lilcardscammer forfeited.\n|\n|win|rudy06\n|raw|rudy06's rating: 1319 &rarr; <strong>1343</strong><br />(+24 for winning)\n|raw|lilcardscammer's rating: 1388 &rarr; <strong>1364</strong><br />(-24 for losing)\n|l|\u2606rudy06\n|player|p1|\n","uploadtime":1773468517,"views":14,"formatid":"gen9vgc2026regi","rating":1343,"private":0,"password":null}