{"id":"gen9vgc2026regi-2526082875","format":"[Gen 9] VGC 2026 Reg I","players":["ice spice rider","marcxhenry"],"log":"|j|\u2606ice spice rider\n|j|\u2606marcxhenry\n|t:|1769369924\n|gametype|doubles\n|player|p1|ice spice rider|169|1394\n|player|p2|marcxhenry|hilbert-wonderlauncher|1525\n|gen|9\n|tier|[Gen 9] VGC 2026 Reg I\n|rated|\n|rule|Species Clause: Limit one of each Pok\u00e9mon\n|rule|Item Clause: Limit 1 of each item\n|clearpoke\n|poke|p1|Calyrex-Shadow, L50|\n|poke|p1|Zamazenta-*, L50|\n|poke|p1|Ting-Lu, L50|\n|poke|p1|Dondozo, L50, M|\n|poke|p1|Chien-Pao, L50|\n|poke|p1|Ogerpon-Hearthflame, L50, F|\n|poke|p2|Conkeldurr, L50, M|\n|poke|p2|Palkia-Origin, L50|\n|poke|p2|Indeedee-F, L50, F|\n|poke|p2|Calyrex-Ice, L50|\n|poke|p2|Pelipper, L50, M|\n|poke|p2|Ursaluna-Bloodmoon, L50, M|\n|teampreview|4\n|\n|t:|1769369950\n|teamsize|p1|4\n|teamsize|p2|4\n|start\n|switch|p1a: Jordan 96/97|Ting-Lu, L50|100/100\n|switch|p1b: Ivan Karamazov|Dondozo, L50, M|100/100\n|switch|p2a: Indeedee|Indeedee-F, L50, F, shiny|100/100\n|switch|p2b: Calyrex|Calyrex-Ice, L50|100/100\n|-ability|p2b: Calyrex|As One\n|-ability|p2b: Calyrex|Unnerve\n|-fieldstart|move: Psychic Terrain|[from] ability: Psychic Surge|[of] p2a: Indeedee\n|-ability|p1a: Jordan 96/97|Vessel of Ruin\n|turn|1\n|\n|t:|1769369969\n|-terastallize|p1a: Jordan 96/97|Fairy\n|move|p2a: Indeedee|Helping Hand|p2b: Calyrex\n|-singleturn|p2b: Calyrex|Helping Hand|[of] p2a: Indeedee\n|move|p2b: Calyrex|Glacial Lance|p1a: Jordan 96/97|[spread] p1a,p1b\n|-resisted|p1b: Ivan Karamazov\n|-damage|p1a: Jordan 96/97|58/100\n|-damage|p1b: Ivan Karamazov|74/100\n|move|p1a: Jordan 96/97|Sand Tomb|p2a: Indeedee\n|-damage|p2a: Indeedee|86/100\n|-activate|p2a: Indeedee|move: Sand Tomb|[of] p1a: Jordan 96/97\n|move|p1b: Ivan Karamazov|Yawn|p2b: Calyrex\n|-start|p2b: Calyrex|move: Yawn|[of] p1b: Ivan Karamazov\n|\n|-heal|p1b: Ivan Karamazov|80/100|[from] item: Leftovers\n|-damage|p2a: Indeedee|74/100|[from] move: Sand Tomb|[partiallytrapped]\n|upkeep\n|turn|2\n|\n|t:|1769370001\n|move|p2a: Indeedee|Helping Hand|p2b: Calyrex\n|-singleturn|p2b: Calyrex|Helping Hand|[of] p2a: Indeedee\n|move|p2b: Calyrex|Glacial Lance|p1b: Ivan Karamazov|[spread] p1a,p1b\n|-resisted|p1b: Ivan Karamazov\n|-damage|p1a: Jordan 96/97|16/100\n|-damage|p1b: Ivan Karamazov|51/100\n|move|p1a: Jordan 96/97|Sand Tomb|p2b: Calyrex|[miss]\n|-miss|p1a: Jordan 96/97|p2b: Calyrex\n|move|p1b: Ivan Karamazov|Yawn|p2a: Indeedee\n|-start|p2a: Indeedee|move: Yawn|[of] p1b: Ivan Karamazov\n|\n|-heal|p1b: Ivan Karamazov|57/100|[from] item: Leftovers\n|-damage|p2a: Indeedee|62/100|[from] move: Sand Tomb|[partiallytrapped]\n|-end|p2b: Calyrex|move: Yawn|[silent]\n|-status|p2b: Calyrex|slp\n|upkeep\n|turn|3\n|\n|t:|1769370024\n|move|p2a: Indeedee|Follow Me|p2a: Indeedee\n|-singleturn|p2a: Indeedee|move: Follow Me\n|cant|p2b: Calyrex|slp\n|move|p1a: Jordan 96/97|Stealth Rock|p2a: Indeedee\n|-sidestart|p2: marcxhenry|move: Stealth Rock\n|move|p1b: Ivan Karamazov|Substitute|p1b: Ivan Karamazov\n|-start|p1b: Ivan Karamazov|Substitute\n|-damage|p1b: Ivan Karamazov|32/100\n|\n|-heal|p1b: Ivan Karamazov|39/100|[from] item: Leftovers\n|-damage|p2a: Indeedee|49/100|[from] move: Sand Tomb|[partiallytrapped]\n|-end|p2a: Indeedee|move: Yawn|[silent]\n|-status|p2a: Indeedee|slp\n|upkeep\n|turn|4\n|\n|t:|1769370056\n|cant|p2a: Indeedee|slp\n|cant|p2b: Calyrex|slp\n|move|p1a: Jordan 96/97|Ruination|p2b: Calyrex\n|-damage|p2b: Calyrex|51/100 slp\n|move|p1b: Ivan Karamazov|Wave Crash|p2b: Calyrex\n|-damage|p2b: Calyrex|23/100 slp\n|-damage|p1b: Ivan Karamazov|31/100|[from] Recoil\n|\n|-heal|p1b: Ivan Karamazov|37/100|[from] item: Leftovers\n|-damage|p2a: Indeedee|37/100 slp|[from] move: Sand Tomb|[partiallytrapped]\n|upkeep\n|turn|5\n|\n|t:|1769370069\n|-curestatus|p2a: Indeedee|slp|[msg]\n|move|p2a: Indeedee|Follow Me|p2a: Indeedee\n|-singleturn|p2a: Indeedee|move: Follow Me\n|cant|p2b: Calyrex|slp\n|move|p1a: Jordan 96/97|Sand Tomb|p2a: Indeedee\n|-damage|p2a: Indeedee|24/100\n|move|p1b: Ivan Karamazov|Wave Crash|p2a: Indeedee\n|-damage|p2a: Indeedee|0 fnt\n|faint|p2a: Indeedee\n|-damage|p1b: Ivan Karamazov|32/100|[from] Recoil\n|\n|-heal|p1b: Ivan Karamazov|38/100|[from] item: Leftovers\n|-fieldend|move: Psychic Terrain\n|upkeep\n|\n|t:|1769370083\n|switch|p2a: Palkia|Palkia-Origin, L50|100/100\n|-damage|p2a: Palkia|88/100|[from] Stealth Rock\n|turn|6\n|\n|t:|1769370096\n|move|p2a: Palkia|Spacial Rend|p1b: Ivan Karamazov\n|-end|p1b: Ivan Karamazov|Substitute\n|-curestatus|p2b: Calyrex|slp|[msg]\n|move|p2b: Calyrex|Glacial Lance|p1b: Ivan Karamazov|[spread] p1a,p1b\n|-resisted|p1b: Ivan Karamazov\n|-damage|p1a: Jordan 96/97|0 fnt\n|-damage|p1b: Ivan Karamazov|21/100\n|faint|p1a: Jordan 96/97\n|-ability|p2b: Calyrex|Chilling Neigh|boost\n|-boost|p2b: Calyrex|atk|1\n|move|p1b: Ivan Karamazov|Yawn|p2b: Calyrex\n|-start|p2b: Calyrex|move: Yawn|[of] p1b: Ivan Karamazov\n|\n|-heal|p1b: Ivan Karamazov|27/100|[from] item: Leftovers\n|upkeep\n|\n|t:|1769370105\n|switch|p1a: 221 speed|Calyrex-Shadow, L50|100/100\n|-ability|p1a: 221 speed|As One\n|-ability|p1a: 221 speed|Unnerve\n|turn|7\n|\n|t:|1769370119\n|switch|p2b: Ursaluna|Ursaluna-Bloodmoon, L50, M|100/100\n|-damage|p2b: Ursaluna|95/100|[from] Stealth Rock\n|move|p1a: 221 speed|Astral Barrage|p2b: Ursaluna|[spread] p2a\n|-immune|p2b: Ursaluna\n|-damage|p2a: Palkia|48/100\n|move|p1b: Ivan Karamazov|Yawn|p2a: Palkia\n|-start|p2a: Palkia|move: Yawn|[of] p1b: Ivan Karamazov\n|move|p2a: Palkia|Trick Room|p2a: Palkia\n|-fieldstart|move: Trick Room|[of] p2a: Palkia\n|\n|-heal|p1b: Ivan Karamazov|34/100|[from] item: Leftovers\n|upkeep\n|turn|8\n|c|\u2606ice spice rider|ice rider is dead in the back tho\n|\n|t:|1769370153\n|-terastallize|p2b: Ursaluna|Normal\n|move|p1b: Ivan Karamazov|Protect|p1b: Ivan Karamazov\n|-singleturn|p1b: Ivan Karamazov|Protect\n|move|p1a: 221 speed|Protect|p1a: 221 speed\n|-singleturn|p1a: 221 speed|Protect\n|move|p2b: Ursaluna|Hyper Voice|p1a: 221 speed|[spread] \n|-activate|p1a: 221 speed|move: Protect\n|-activate|p1b: Ivan Karamazov|move: Protect\n|move|p2a: Palkia|Spacial Rend|p1a: 221 speed\n|-activate|p1a: 221 speed|move: Protect\n|\n|-heal|p1b: Ivan Karamazov|40/100|[from] item: Leftovers\n|-end|p2a: Palkia|move: Yawn|[silent]\n|-status|p2a: Palkia|slp\n|upkeep\n|turn|9\n|c|\u2606marcxhenry|true that\n|\n|t:|1769370184\n|move|p1b: Ivan Karamazov|Yawn|p2b: Ursaluna\n|-start|p2b: Ursaluna|move: Yawn|[of] p1b: Ivan Karamazov\n|move|p2b: Ursaluna|Hyper Voice|p1b: Ivan Karamazov|[spread] p1a,p1b\n|-damage|p1a: 221 speed|28/100\n|-damage|p1b: Ivan Karamazov|0 fnt\n|faint|p1b: Ivan Karamazov\n|-damage|p2b: Ursaluna|85/100|[from] item: Life Orb\n|cant|p2a: Palkia|slp\n|move|p1a: 221 speed|Psychic|p2a: Palkia\n|-damage|p2a: Palkia|1/100 slp\n|\n|upkeep\n|\n|t:|1769370195\n|switch|p1b: Magnus Carlsen|Zamazenta-Crowned, L50|100/100\n|-ability|p1b: Magnus Carlsen|Dauntless Shield|boost\n|-boost|p1b: Magnus Carlsen|def|1\n|turn|10\n|\n|t:|1769370205\n|move|p1b: Magnus Carlsen|Protect|p1b: Magnus Carlsen\n|-singleturn|p1b: Magnus Carlsen|Protect\n|move|p1a: 221 speed|Protect|p1a: 221 speed\n|-singleturn|p1a: 221 speed|Protect\n|move|p2b: Ursaluna|Earth Power|p1b: Magnus Carlsen\n|-activate|p1b: Magnus Carlsen|move: Protect\n|cant|p2a: Palkia|slp\n|\n|-end|p2b: Ursaluna|move: Yawn|[silent]\n|-status|p2b: Ursaluna|slp\n|upkeep\n|turn|11\n|\n|t:|1769370232\n|cant|p2b: Ursaluna|slp\n|cant|p2a: Palkia|slp\n|move|p1b: Magnus Carlsen|Body Press|p2a: Palkia\n|-damage|p2a: Palkia|0 fnt\n|faint|p2a: Palkia\n|move|p1a: 221 speed|Psychic|p2b: Ursaluna\n|-damage|p2b: Ursaluna|22/100 slp\n|\n|-fieldend|move: Trick Room\n|upkeep\n|\n|t:|1769370241\n|switch|p2a: Calyrex|Calyrex-Ice, L50|23/100\n|-ability|p2a: Calyrex|As One\n|-ability|p2a: Calyrex|Unnerve\n|-damage|p2a: Calyrex|0 fnt|[from] Stealth Rock\n|faint|p2a: Calyrex\n|turn|12\n|\n|t:|1769370255\n|move|p1a: 221 speed|Astral Barrage|p2b: Ursaluna\n|-immune|p2b: Ursaluna\n|move|p1b: Magnus Carlsen|Body Press|p2b: Ursaluna\n|-supereffective|p2b: Ursaluna\n|-damage|p2b: Ursaluna|0 fnt\n|faint|p2b: Ursaluna\n|\n|win|ice spice rider\n|raw|ice spice rider's rating: 1408 &rarr; <strong>1434</strong><br />(+26 for winning)\n|raw|marcxhenry's rating: 1525 &rarr; <strong>1499</strong><br />(-26 for losing)\n|l|\u2606marcxhenry\n|player|p2|\n","uploadtime":1769370442,"views":15,"formatid":"gen9vgc2026regi","rating":1434,"private":0,"password":null}