{"id":"gen9vgc2026regi-2587021243","format":"[Gen 9] VGC 2026 Reg I","players":["Luca8","yubanmeiqin\u4e24\u4eea\u5f0f"],"log":"|j|\u2606Luca8\n|j|\u2606yubanmeiqin\u4e24\u4eea\u5f0f\n|t:|1776482066\n|gametype|doubles\n|player|p1|Luca8|flint|1432\n|player|p2|yubanmeiqin\u4e24\u4eea\u5f0f|lillie-masters2|1632\n|gen|9\n|tier|[Gen 9] VGC 2026 Reg I\n|rated|\n|rule|Species Clause: Limit one of each Pok\u00e9mon\n|rule|Item Clause: Limit 1 of each item\n|clearpoke\n|poke|p1|Zamazenta-*, L50|\n|poke|p1|Indeedee-F, L50, F|\n|poke|p1|Torkoal, L50, M|\n|poke|p1|Calyrex-Shadow, L50|\n|poke|p1|Pelipper, L50, M|\n|poke|p1|Tornadus, L50, M|\n|poke|p2|Koraidon, L50|\n|poke|p2|Lunala, L50|\n|poke|p2|Tornadus, L50, M|\n|poke|p2|Raging Bolt, L50|\n|poke|p2|Rillaboom, L50, F|\n|poke|p2|Incineroar, L50, F|\n|teampreview|4\n|\n|t:|1776482110\n|teamsize|p1|4\n|teamsize|p2|4\n|start\n|switch|p1a: Indeedee|Indeedee-F, L50, F|100/100\n|switch|p1b: Zamazenta|Zamazenta-Crowned, L50|100/100\n|switch|p2a: \u82cd\u5d0e\u9752\u5b50|Lunala, L50|100/100\n|switch|p2b: \u4e24\u4eea\u5f0f|Rillaboom, L50, F|100/100\n|-ability|p1b: Zamazenta|Dauntless Shield|boost\n|-boost|p1b: Zamazenta|def|1\n|-fieldstart|move: Grassy Terrain|[from] ability: Grassy Surge|[of] p2b: \u4e24\u4eea\u5f0f\n|-fieldstart|move: Psychic Terrain|[from] ability: Psychic Surge|[of] p1a: Indeedee\n|turn|1\n|\n|t:|1776482133\n|move|p2a: \u82cd\u5d0e\u9752\u5b50|Meteor Beam||[still]\n|-prepare|p2a: \u82cd\u5d0e\u9752\u5b50|Meteor Beam\n|-boost|p2a: \u82cd\u5d0e\u9752\u5b50|spa|1\n|-enditem|p2a: \u82cd\u5d0e\u9752\u5b50|Power Herb\n|-anim|p2a: \u82cd\u5d0e\u9752\u5b50|Meteor Beam|p1a: Indeedee\n|-damage|p1a: Indeedee|30/100\n|move|p1b: Zamazenta|Crunch|p2a: \u82cd\u5d0e\u9752\u5b50\n|-supereffective|p2a: \u82cd\u5d0e\u9752\u5b50\n|-damage|p2a: \u82cd\u5d0e\u9752\u5b50|58/100\n|move|p2b: \u4e24\u4eea\u5f0f|U-turn|p1a: Indeedee\n|-supereffective|p1a: Indeedee\n|-damage|p1a: Indeedee|0 fnt\n|faint|p1a: Indeedee\n|\n|t:|1776482141\n|switch|p2b: \u9759\u5e0c\u8349\u5341\u90ce|Tornadus, L50, M|100/100|[from] U-turn\n|\n|upkeep\n|\n|t:|1776482155\n|switch|p1a: Calyrex|Calyrex-Shadow, L50|100/100\n|-ability|p1a: Calyrex|As One\n|-ability|p1a: Calyrex|Unnerve\n|turn|2\n|\n|t:|1776482180\n|-terastallize|p2a: \u82cd\u5d0e\u9752\u5b50|Fairy\n|move|p2a: \u82cd\u5d0e\u9752\u5b50|Wide Guard|p2a: \u82cd\u5d0e\u9752\u5b50\n|-singleturn|p2a: \u82cd\u5d0e\u9752\u5b50|Wide Guard\n|move|p2b: \u9759\u5e0c\u8349\u5341\u90ce|Tailwind|p2b: \u9759\u5e0c\u8349\u5341\u90ce\n|-sidestart|p2: yubanmeiqin\u4e24\u4eea\u5f0f|move: Tailwind\n|move|p1a: Calyrex|Astral Barrage|p2b: \u9759\u5e0c\u8349\u5341\u90ce|[spread] \n|-activate|p2a: \u82cd\u5d0e\u9752\u5b50|move: Wide Guard\n|-activate|p2b: \u9759\u5e0c\u8349\u5341\u90ce|move: Wide Guard\n|move|p1b: Zamazenta|Heavy Slam|p2b: \u9759\u5e0c\u8349\u5341\u90ce\n|-damage|p2b: \u9759\u5e0c\u8349\u5341\u90ce|30/100\n|\n|upkeep\n|turn|3\n|\n|t:|1776482201\n|move|p1a: Calyrex|Protect|p1a: Calyrex\n|-singleturn|p1a: Calyrex|Protect\n|move|p2b: \u9759\u5e0c\u8349\u5341\u90ce|Bleakwind Storm|p1b: Zamazenta|[spread] p1b\n|-activate|p1a: Calyrex|move: Protect\n|-damage|p1b: Zamazenta|76/100\n|-unboost|p1b: Zamazenta|spe|1\n|move|p2a: \u82cd\u5d0e\u9752\u5b50|Moongeist Beam|p1a: Calyrex\n|-activate|p1a: Calyrex|move: Protect\n|move|p1b: Zamazenta|Heavy Slam|p2a: \u82cd\u5d0e\u9752\u5b50\n|-supereffective|p2a: \u82cd\u5d0e\u9752\u5b50\n|-damage|p2a: \u82cd\u5d0e\u9752\u5b50|0 fnt\n|faint|p2a: \u82cd\u5d0e\u9752\u5b50\n|\n|upkeep\n|\n|t:|1776482206\n|switch|p2a: \u4f24\u75db\u4e4b\u8d64|Koraidon, L50, shiny|100/100\n|-weather|SunnyDay|[from] ability: Orichalcum Pulse|[of] p2a: \u4f24\u75db\u4e4b\u8d64\n|-activate|p2a: \u4f24\u75db\u4e4b\u8d64|Orichalcum Pulse|[source]\n|turn|4\n|\n|t:|1776482230\n|switch|p1a: Pelipper|Pelipper, L50, M|100/100\n|-weather|RainDance|[from] ability: Drizzle|[of] p1a: Pelipper\n|-terastallize|p1b: Zamazenta|Fighting\n|move|p2a: \u4f24\u75db\u4e4b\u8d64|Flare Blitz|p1a: Pelipper\n|-resisted|p1a: Pelipper\n|-damage|p1a: Pelipper|88/100\n|-damage|p2a: \u4f24\u75db\u4e4b\u8d64|97/100|[from] Recoil\n|move|p2b: \u9759\u5e0c\u8349\u5341\u90ce|Bleakwind Storm|p1a: Pelipper|[spread] p1a,p1b\n|-supereffective|p1b: Zamazenta\n|-damage|p1a: Pelipper|30/100\n|-damage|p1b: Zamazenta|22/100\n|move|p1b: Zamazenta|Heavy Slam|p2b: \u9759\u5e0c\u8349\u5341\u90ce\n|-damage|p2b: \u9759\u5e0c\u8349\u5341\u90ce|0 fnt\n|faint|p2b: \u9759\u5e0c\u8349\u5341\u90ce\n|\n|-weather|RainDance|[upkeep]\n|upkeep\n|\n|t:|1776482233\n|switch|p2b: \u4e24\u4eea\u5f0f|Rillaboom, L50, F|100/100\n|-fieldstart|move: Grassy Terrain|[from] ability: Grassy Surge|[of] p2b: \u4e24\u4eea\u5f0f\n|turn|5\n|\n|t:|1776482264\n|move|p1b: Zamazenta|Protect|p1b: Zamazenta\n|-singleturn|p1b: Zamazenta|Protect\n|move|p2b: \u4e24\u4eea\u5f0f|Grassy Glide|p1a: Pelipper\n|-damage|p1a: Pelipper|0 fnt\n|faint|p1a: Pelipper\n|move|p2a: \u4f24\u75db\u4e4b\u8d64|Collision Course|p1b: Zamazenta\n|-activate|p1b: Zamazenta|move: Protect\n|\n|-weather|RainDance|[upkeep]\n|-heal|p2a: \u4f24\u75db\u4e4b\u8d64|100/100|[from] Grassy Terrain\n|-heal|p1b: Zamazenta|28/100|[from] Grassy Terrain\n|-sideend|p2: yubanmeiqin\u4e24\u4eea\u5f0f|move: Tailwind\n|upkeep\n|inactive|Battle timer is ON: inactive players will automatically lose when time's up. (requested by Luca8)\n|\n|t:|1776482278\n|switch|p1a: Calyrex|Calyrex-Shadow, L50|100/100\n|-ability|p1a: Calyrex|As One\n|-ability|p1a: Calyrex|Unnerve\n|turn|6\n|\n|t:|1776482291\n|move|p2a: \u4f24\u75db\u4e4b\u8d64|Protect|p2a: \u4f24\u75db\u4e4b\u8d64\n|-singleturn|p2a: \u4f24\u75db\u4e4b\u8d64|Protect\n|move|p1a: Calyrex|Expanding Force|p2a: \u4f24\u75db\u4e4b\u8d64\n|-activate|p2a: \u4f24\u75db\u4e4b\u8d64|move: Protect\n|move|p2b: \u4e24\u4eea\u5f0f|Wood Hammer|p1b: Zamazenta\n|-damage|p1b: Zamazenta|0 fnt\n|faint|p1b: Zamazenta\n|-damage|p2b: \u4e24\u4eea\u5f0f|92/100|[from] Recoil\n|\n|-weather|RainDance|[upkeep]\n|-heal|p2b: \u4e24\u4eea\u5f0f|98/100|[from] Grassy Terrain\n|upkeep\n|turn|7\n|\n|t:|1776482310\n|move|p2b: \u4e24\u4eea\u5f0f|Grassy Glide|p1a: Calyrex\n|-damage|p1a: Calyrex|52/100\n|move|p1a: Calyrex|Expanding Force|p2a: \u4f24\u75db\u4e4b\u8d64\n|-supereffective|p2a: \u4f24\u75db\u4e4b\u8d64\n|-damage|p2a: \u4f24\u75db\u4e4b\u8d64|15/100\n|move|p2a: \u4f24\u75db\u4e4b\u8d64|Flare Blitz|p1a: Calyrex\n|-damage|p1a: Calyrex|23/100\n|-damage|p2a: \u4f24\u75db\u4e4b\u8d64|7/100|[from] Recoil\n|\n|-weather|RainDance|[upkeep]\n|-heal|p1a: Calyrex|29/100|[from] Grassy Terrain\n|-heal|p2a: \u4f24\u75db\u4e4b\u8d64|13/100|[from] Grassy Terrain\n|-heal|p2b: \u4e24\u4eea\u5f0f|100/100|[from] Grassy Terrain\n|upkeep\n|turn|8\n|\n|t:|1776482324\n|move|p1a: Calyrex|Protect|p1a: Calyrex\n|-singleturn|p1a: Calyrex|Protect\n|move|p2b: \u4e24\u4eea\u5f0f|Grassy Glide|p1a: Calyrex\n|-activate|p1a: Calyrex|move: Protect\n|move|p2a: \u4f24\u75db\u4e4b\u8d64|Flare Blitz|p1a: Calyrex\n|-activate|p1a: Calyrex|move: Protect\n|\n|-weather|none\n|-heal|p1a: Calyrex|35/100|[from] Grassy Terrain\n|-heal|p2a: \u4f24\u75db\u4e4b\u8d64|19/100|[from] Grassy Terrain\n|upkeep\n|turn|9\n|\n|t:|1776482337\n|move|p1a: Calyrex|Protect|p1a: Calyrex\n|-singleturn|p1a: Calyrex|Protect\n|move|p2b: \u4e24\u4eea\u5f0f|Grassy Glide|p1a: Calyrex\n|-activate|p1a: Calyrex|move: Protect\n|move|p2a: \u4f24\u75db\u4e4b\u8d64|Flame Charge|p2b: \u4e24\u4eea\u5f0f\n|-supereffective|p2b: \u4e24\u4eea\u5f0f\n|-damage|p2b: \u4e24\u4eea\u5f0f|65/100\n|-boost|p2a: \u4f24\u75db\u4e4b\u8d64|spe|1\n|\n|-heal|p2a: \u4f24\u75db\u4e4b\u8d64|25/100|[from] Grassy Terrain\n|-heal|p1a: Calyrex|40/100|[from] Grassy Terrain\n|-heal|p2b: \u4e24\u4eea\u5f0f|71/100|[from] Grassy Terrain\n|-fieldend|move: Grassy Terrain\n|upkeep\n|turn|10\n|\n|t:|1776482353\n|move|p2a: \u4f24\u75db\u4e4b\u8d64|Flare Blitz|p1a: Calyrex\n|-damage|p1a: Calyrex|0 fnt\n|faint|p1a: Calyrex\n|-damage|p2a: \u4f24\u75db\u4e4b\u8d64|13/100|[from] Recoil\n|\n|win|yubanmeiqin\u4e24\u4eea\u5f0f\n|raw|Luca8's rating: 1432 &rarr; <strong>1422</strong><br />(-10 for losing)\n|raw|yubanmeiqin\u4e24\u4eea\u5f0f's rating: 1632 &rarr; <strong>1642</strong><br />(+10 for winning)\n|l|\u2606Luca8\n|player|p1|\n|l|\u2606yubanmeiqin\u4e24\u4eea\u5f0f\n|player|p2|\n|j| vywxiwjxjwk\n|j| liontian\n|j| 825zcy\u767d\u6bdb\u4f0a\u5e03\n|j| Lazzy xian\n|l| liontian\n|l| 825zcy\u767d\u6bdb\u4f0a\u5e03\n|j| 825zcy\u767d\u6bdb\u4f0a\u5e03\n|l| 825zcy\u767d\u6bdb\u4f0a\u5e03\n|j| koko qwq\n|j| gungou\n|l| gungou\n|l| vywxiwjxjwk\n|l| Lazzy xian\n|j|\u2606yubanmeiqin\u4e24\u4eea\u5f0f\n|player|p2|yubanmeiqin\u4e24\u4eea\u5f0f|lillie-masters2|\n","uploadtime":1776482356,"views":22,"formatid":"gen9vgc2026regi","rating":1422,"private":0,"password":null}