{"id":"gen9vgc2026regi-2534481631","format":"[Gen 9] VGC 2026 Reg I","players":["cdogp3","yamato-tak"],"log":"|j|\u2606cdogp3\n|j|\u2606yamato-tak\n|t:|1770426471\n|gametype|doubles\n|player|p1|cdogp3|hoopster|1542\n|player|p2|yamato-tak|101|1524\n|gen|9\n|tier|[Gen 9] VGC 2026 Reg I\n|rated|\n|rule|Species Clause: Limit one of each Pok\u00e9mon\n|rule|Item Clause: Limit 1 of each item\n|clearpoke\n|poke|p1|Incineroar, L50, F|\n|poke|p1|Landorus, L50, M|\n|poke|p1|Calyrex-Shadow, L50|\n|poke|p1|Koraidon, L50|\n|poke|p1|Brute Bonnet, L50|\n|poke|p1|Raging Bolt, L50|\n|poke|p2|Miraidon, L50|\n|poke|p2|Calyrex-Ice, L50|\n|poke|p2|Volcarona, L50, M|\n|poke|p2|Araquanid, L50, M|\n|poke|p2|Grimmsnarl, L50, M|\n|poke|p2|Rillaboom, L50, F|\n|teampreview|4\n|inactive|Battle timer is ON: inactive players will automatically lose when time's up. (requested by cdogp3)\n|inactive|yamato-tak has 60 seconds left.\n|\n|t:|1770426510\n|teamsize|p1|4\n|teamsize|p2|4\n|start\n|switch|p1a: Matthias|Koraidon, L50|100/100\n|switch|p1b: Kareem|Incineroar, L50, F|100/100\n|switch|p2a: Grimmsnarl|Grimmsnarl, L50, M, shiny|100/100\n|switch|p2b: Miraidon|Miraidon, L50, shiny|100/100\n|-fieldstart|move: Electric Terrain|[from] ability: Hadron Engine|[of] p2b: Miraidon\n|-weather|SunnyDay|[from] ability: Orichalcum Pulse|[of] p1a: Matthias\n|-activate|p1a: Matthias|Orichalcum Pulse|[source]\n|-ability|p1b: Kareem|Intimidate|boost\n|-unboost|p2a: Grimmsnarl|atk|1\n|-unboost|p2b: Miraidon|atk|1\n|turn|1\n|\n|t:|1770426523\n|-terastallize|p1a: Matthias|Fire\n|move|p2a: Grimmsnarl|Fake Out|p1a: Matthias\n|-damage|p1a: Matthias|94/100\n|move|p1b: Kareem|Fake Out|p2b: Miraidon\n|-damage|p2b: Miraidon|92/100\n|move|p2b: Miraidon|Calm Mind|p2b: Miraidon\n|-boost|p2b: Miraidon|spa|1\n|-boost|p2b: Miraidon|spd|1\n|cant|p1a: Matthias|flinch\n|\n|-weather|SunnyDay|[upkeep]\n|upkeep\n|turn|2\n|\n|t:|1770426533\n|move|p2a: Grimmsnarl|Reflect|p2a: Grimmsnarl\n|-sidestart|p2: yamato-tak|Reflect\n|move|p2b: Miraidon|Electro Drift|p1a: Matthias\n|-damage|p1a: Matthias|0 fnt\n|faint|p1a: Matthias\n|move|p1b: Kareem|Parting Shot|p2b: Miraidon\n|-unboost|p2b: Miraidon|atk|1\n|-unboost|p2b: Miraidon|spa|1\n|\n|t:|1770426540\n|switch|p1b: Navjit|Landorus, L50, M|100/100|[from] Parting Shot\n|\n|-weather|SunnyDay|[upkeep]\n|upkeep\n|\n|t:|1770426541\n|switch|p1a: Mao & Agati|Calyrex-Shadow, L50|100/100\n|-ability|p1a: Mao & Agati|As One\n|-ability|p1a: Mao & Agati|Unnerve\n|turn|3\n|inactive|yamato-tak has 30 seconds left.\n|\n|t:|1770426569\n|move|p2a: Grimmsnarl|Light Screen|p2a: Grimmsnarl\n|-sidestart|p2: yamato-tak|move: Light Screen\n|move|p1a: Mao & Agati|Encore|p2b: Miraidon\n|-start|p2b: Miraidon|Encore\n|move|p2b: Miraidon|Electro Drift|p1b: Navjit\n|-immune|p1b: Navjit\n|move|p1b: Navjit|Sludge Bomb|p2a: Grimmsnarl\n|-supereffective|p2a: Grimmsnarl\n|-damage|p2a: Grimmsnarl|41/100\n|\n|-weather|SunnyDay|[upkeep]\n|upkeep\n|turn|4\n|\n|t:|1770426583\n|move|p2a: Grimmsnarl|Parting Shot|p1a: Mao & Agati\n|-unboost|p1a: Mao & Agati|atk|1\n|-unboost|p1a: Mao & Agati|spa|1\n|\n|t:|1770426588\n|switch|p2a: Calyrex|Calyrex-Ice, L50|100/100|[from] Parting Shot\n|-ability|p2a: Calyrex|As One\n|-ability|p2a: Calyrex|Unnerve\n|move|p1a: Mao & Agati|Astral Barrage|p2a: Calyrex|[spread] p2a,p2b\n|-supereffective|p2a: Calyrex\n|-damage|p2a: Calyrex|73/100\n|-damage|p2b: Miraidon|80/100\n|move|p2b: Miraidon|Electro Drift|p1a: Mao & Agati\n|-damage|p1a: Mao & Agati|17/100\n|move|p1b: Navjit|Sandsear Storm|p2b: Miraidon|[spread] p2b\n|-miss|p1b: Navjit|p2a: Calyrex\n|-supereffective|p2b: Miraidon\n|-damage|p2b: Miraidon|41/100\n|\n|-weather|SunnyDay|[upkeep]\n|upkeep\n|turn|5\n|\n|t:|1770426603\n|switch|p2b: Grimmsnarl|Grimmsnarl, L50, M, shiny|41/100\n|switch|p1b: Kareem|Incineroar, L50, F|100/100\n|-ability|p1b: Kareem|Intimidate|boost\n|-fail|p2a: Calyrex|unboost|[from] item: Clear Amulet|[of] p2a: Calyrex\n|-unboost|p2b: Grimmsnarl|atk|1\n|-terastallize|p2a: Calyrex|Fairy\n|move|p1a: Mao & Agati|Astral Barrage|p2b: Grimmsnarl|[spread] p2a,p2b\n|-resisted|p2b: Grimmsnarl\n|-damage|p2a: Calyrex|58/100\n|-damage|p2b: Grimmsnarl|29/100\n|move|p2a: Calyrex|Glacial Lance|p1a: Mao & Agati|[spread] p1a,p1b\n|-resisted|p1b: Kareem\n|-damage|p1a: Mao & Agati|0 fnt\n|-damage|p1b: Kareem|81/100\n|faint|p1a: Mao & Agati\n|-ability|p2a: Calyrex|Chilling Neigh|boost\n|-boost|p2a: Calyrex|atk|1\n|\n|-weather|none\n|-fieldend|move: Electric Terrain\n|upkeep\n|\n|t:|1770426605\n|switch|p1a: Navjit|Landorus, L50, M|100/100\n|turn|6\n|-message|cdogp3 forfeited.\n|\n|win|yamato-tak\n|raw|cdogp3's rating: 1542 &rarr; <strong>1521</strong><br />(-21 for losing)\n|raw|yamato-tak's rating: 1524 &rarr; <strong>1545</strong><br />(+21 for winning)\n|l|\u2606cdogp3\n|player|p1|\n|l|\u2606yamato-tak\n|player|p2|\n","uploadtime":1770426829,"views":39,"formatid":"gen9vgc2026regi","rating":1521,"private":0,"password":null}