{"id":"gen9vgc2026regi-2540957859","format":"[Gen 9] VGC 2026 Reg I","players":["Cluadiusmaximus125","lalo's pollos"],"log":"|j|\u2606Cluadiusmaximus125\n|j|\u2606lalo's pollos\n|t:|1771270814\n|gametype|doubles\n|player|p1|Cluadiusmaximus125|101|1376\n|player|p2|lalo's pollos|169|1526\n|gen|9\n|tier|[Gen 9] VGC 2026 Reg I\n|rated|\n|rule|Species Clause: Limit one of each Pok\u00e9mon\n|rule|Item Clause: Limit 1 of each item\n|clearpoke\n|poke|p1|Kyogre, L50|\n|poke|p1|Amoonguss, L50, M|\n|poke|p1|Grimmsnarl, L50, M|\n|poke|p1|Electabuzz, L50, F|\n|poke|p1|Rillaboom, L50, F|\n|poke|p1|Calyrex-Ice, L50|\n|poke|p2|Zamazenta-*, L50|\n|poke|p2|Lunala, L50|\n|poke|p2|Rillaboom, L50, M|\n|poke|p2|Incineroar, L50, M|\n|poke|p2|Urshifu-*, L50, F|\n|poke|p2|Tornadus, L50, M|\n|teampreview|4\n|\n|t:|1771270867\n|teamsize|p1|4\n|teamsize|p2|4\n|start\n|switch|p1a: Grimmsnarl|Grimmsnarl, L50, M|100/100\n|switch|p1b: Kyogre|Kyogre, L50, shiny|100/100\n|switch|p2a: Tornadus|Tornadus, L50, M|100/100\n|switch|p2b: Zamazenta|Zamazenta-Crowned, L50|100/100\n|-ability|p2b: Zamazenta|Dauntless Shield|boost\n|-boost|p2b: Zamazenta|def|1\n|-weather|RainDance|[from] ability: Drizzle|[of] p1b: Kyogre\n|turn|1\n|inactive|Battle timer is ON: inactive players will automatically lose when time's up. (requested by Cluadiusmaximus125)\n|\n|t:|1771270939\n|move|p1a: Grimmsnarl|Reflect|p1a: Grimmsnarl\n|-sidestart|p1: Cluadiusmaximus125|Reflect\n|move|p2a: Tornadus|Bleakwind Storm|p1a: Grimmsnarl|[spread] p1a,p1b\n|-damage|p1a: Grimmsnarl|67/100\n|-damage|p1b: Kyogre|78/100\n|move|p2b: Zamazenta|Body Press|p1b: Kyogre\n|-damage|p1b: Kyogre|47/100\n|move|p1b: Kyogre|Calm Mind|p1b: Kyogre\n|-boost|p1b: Kyogre|spa|1\n|-boost|p1b: Kyogre|spd|1\n|\n|-weather|RainDance|[upkeep]\n|-heal|p1b: Kyogre|53/100|[from] item: Leftovers\n|upkeep\n|turn|2\n|inactive|Cluadiusmaximus125 has 30 seconds left.\n|\n|t:|1771270968\n|move|p1a: Grimmsnarl|Light Screen|p1a: Grimmsnarl\n|-sidestart|p1: Cluadiusmaximus125|move: Light Screen\n|move|p2a: Tornadus|Bleakwind Storm|p1a: Grimmsnarl|[spread] p1a,p1b\n|-damage|p1a: Grimmsnarl|44/100\n|-damage|p1b: Kyogre|41/100\n|-unboost|p1a: Grimmsnarl|spe|1\n|move|p2b: Zamazenta|Body Press|p1b: Kyogre\n|-damage|p1b: Kyogre|10/100\n|move|p1b: Kyogre|Calm Mind|p1b: Kyogre\n|-boost|p1b: Kyogre|spa|1\n|-boost|p1b: Kyogre|spd|1\n|\n|-weather|RainDance|[upkeep]\n|-heal|p1b: Kyogre|16/100|[from] item: Leftovers\n|upkeep\n|turn|3\n|j| dipper7\n|\n|t:|1771270991\n|move|p1b: Kyogre|Protect|p1b: Kyogre\n|-singleturn|p1b: Kyogre|Protect\n|move|p1a: Grimmsnarl|Parting Shot|p2a: Tornadus\n|-unboost|p2a: Tornadus|atk|1\n|-unboost|p2a: Tornadus|spa|1\n|\n|t:|1771270999\n|switch|p1a: Electabuzz|Electabuzz, L50, F|100/100|[from] Parting Shot\n|move|p2a: Tornadus|Bleakwind Storm|p1b: Kyogre|[spread] p1a\n|-activate|p1b: Kyogre|move: Protect\n|-resisted|p1a: Electabuzz\n|-damage|p1a: Electabuzz|94/100\n|move|p2b: Zamazenta|Body Press|p1b: Kyogre\n|-activate|p1b: Kyogre|move: Protect\n|\n|-weather|RainDance|[upkeep]\n|-heal|p1b: Kyogre|22/100|[from] item: Leftovers\n|upkeep\n|turn|4\n|\n|t:|1771271020\n|move|p2b: Zamazenta|Protect|p2b: Zamazenta\n|-singleturn|p2b: Zamazenta|Protect\n|move|p1a: Electabuzz|Follow Me|p1a: Electabuzz\n|-singleturn|p1a: Electabuzz|move: Follow Me\n|move|p2a: Tornadus|Taunt|p1a: Electabuzz\n|-start|p1a: Electabuzz|move: Taunt\n|move|p1b: Kyogre|Origin Pulse|p2a: Tornadus|[spread] p2a\n|-activate|p2b: Zamazenta|move: Protect\n|-enditem|p2a: Tornadus|Focus Sash\n|-damage|p2a: Tornadus|1/100\n|\n|-weather|RainDance|[upkeep]\n|-heal|p1b: Kyogre|28/100|[from] item: Leftovers\n|upkeep\n|turn|5\n|\n|t:|1771271043\n|switch|p2a: Lunala|Lunala, L50|100/100\n|move|p1b: Kyogre|Protect|p1b: Kyogre\n|-singleturn|p1b: Kyogre|Protect\n|move|p1a: Electabuzz|Feint|p2a: Lunala\n|-immune|p2a: Lunala\n|move|p2b: Zamazenta|Body Press|p1b: Kyogre\n|-activate|p1b: Kyogre|move: Protect\n|\n|-weather|none\n|-heal|p1b: Kyogre|34/100|[from] item: Leftovers\n|upkeep\n|turn|6\n|\n|t:|1771271068\n|move|p1a: Electabuzz|Feint|p2b: Zamazenta\n|-resisted|p2b: Zamazenta\n|-damage|p2b: Zamazenta|99/100\n|move|p2b: Zamazenta|Body Press|p1b: Kyogre\n|-damage|p1b: Kyogre|3/100\n|move|p2a: Lunala|Moongeist Beam|p1b: Kyogre\n|-damage|p1b: Kyogre|0 fnt\n|faint|p1b: Kyogre\n|\n|upkeep\n|\n|t:|1771271080\n|switch|p1b: Grimmsnarl|Grimmsnarl, L50, M|44/100\n|turn|7\n|\n|t:|1771271089\n|switch|p1a: Calyrex|Calyrex-Ice, L50|100/100\n|-ability|p1a: Calyrex|As One\n|-ability|p1a: Calyrex|Unnerve\n|move|p1b: Grimmsnarl|Taunt|p2b: Zamazenta\n|-start|p2b: Zamazenta|move: Taunt\n|move|p2b: Zamazenta|Body Press|p1a: Calyrex\n|-damage|p1a: Calyrex|68/100\n|move|p2a: Lunala|Moonblast|p1b: Grimmsnarl\n|-supereffective|p1b: Grimmsnarl\n|-damage|p1b: Grimmsnarl|0 fnt\n|faint|p1b: Grimmsnarl\n|\n|upkeep\n|\n|t:|1771271105\n|switch|p1b: Electabuzz|Electabuzz, L50, F|94/100\n|turn|8\n|\n|t:|1771271117\n|-terastallize|p1a: Calyrex|Ground\n|move|p1b: Electabuzz|Follow Me|p1b: Electabuzz\n|-singleturn|p1b: Electabuzz|move: Follow Me\n|move|p2b: Zamazenta|Body Press|p1b: Electabuzz\n|-damage|p1b: Electabuzz|55/100\n|move|p2a: Lunala|Moongeist Beam|p1b: Electabuzz\n|-damage|p1b: Electabuzz|26/100\n|move|p1a: Calyrex|High Horsepower|p2b: Zamazenta|[miss]\n|-miss|p1a: Calyrex|p2b: Zamazenta\n|\n|-sideend|p1: Cluadiusmaximus125|Reflect\n|upkeep\n|turn|9\n|inactive|Cluadiusmaximus125 has 30 seconds left.\n|\n|t:|1771271151\n|move|p1b: Electabuzz|Follow Me|p1b: Electabuzz\n|-singleturn|p1b: Electabuzz|move: Follow Me\n|move|p2b: Zamazenta|Body Press|p1b: Electabuzz\n|-damage|p1b: Electabuzz|0 fnt\n|faint|p1b: Electabuzz\n|move|p2a: Lunala|Moongeist Beam|p1a: Calyrex\n|-damage|p1a: Calyrex|43/100\n|move|p1a: Calyrex|Trick Room|p1a: Calyrex\n|-fieldstart|move: Trick Room|[of] p1a: Calyrex\n|\n|-end|p2b: Zamazenta|move: Taunt\n|-sideend|p1: Cluadiusmaximus125|move: Light Screen\n|upkeep\n|turn|10\n|\n|t:|1771271168\n|move|p2a: Lunala|Protect|p2a: Lunala\n|-singleturn|p2a: Lunala|Protect\n|move|p2b: Zamazenta|Protect|p2b: Zamazenta\n|-singleturn|p2b: Zamazenta|Protect\n|move|p1a: Calyrex|High Horsepower|p2b: Zamazenta\n|-activate|p2b: Zamazenta|move: Protect\n|\n|upkeep\n|turn|11\n|-message|Cluadiusmaximus125 forfeited.\n|\n|win|lalo's pollos\n|raw|Cluadiusmaximus125's rating: 1376 &rarr; <strong>1364</strong><br />(-12 for losing)\n|raw|lalo&apos;s pollos's rating: 1526 &rarr; <strong>1538</strong><br />(+12 for winning)\n|l|\u2606Cluadiusmaximus125\n|player|p1|\n|l|\u2606lalo's pollos\n|player|p2|\n","uploadtime":1771271192,"views":34,"formatid":"gen9vgc2026regi","rating":1364,"private":0,"password":null}