{"id":"gen9vgc2026regi-2549624420","format":"[Gen 9] VGC 2026 Reg I","players":["PandaGamer333","Realfrytki"],"log":"|j|\u2606PandaGamer333\n|j|\u2606Realfrytki\n|t:|1772391214\n|gametype|doubles\n|player|p1|PandaGamer333|giovanni|1185\n|player|p2|Realfrytki|veteranf|1208\n|gen|9\n|tier|[Gen 9] VGC 2026 Reg I\n|rated|\n|rule|Species Clause: Limit one of each Pok\u00e9mon\n|rule|Item Clause: Limit 1 of each item\n|clearpoke\n|poke|p1|Incineroar, L50, M|\n|poke|p1|Weezing-Galar, L50, M|\n|poke|p1|Ogerpon-Wellspring, L50, F|\n|poke|p1|Tornadus, L50, M|\n|poke|p1|Raging Bolt, L50|\n|poke|p1|Urshifu-*, L50, M|\n|poke|p2|Calyrex-Shadow, L50|\n|poke|p2|Terapagos, L50, M|\n|poke|p2|Iron Hands, L50|\n|poke|p2|Chi-Yu, L50|\n|poke|p2|Smeargle, L50, M|\n|poke|p2|Whimsicott, L50, F|\n|teampreview|4\n|\n|t:|1772391247\n|teamsize|p1|4\n|teamsize|p2|4\n|start\n|switch|p1a: Tie? grr|Incineroar, L50, M, shiny|100/100\n|switch|p1b: GrinN'BearIt|Urshifu, L50, M|100/100\n|switch|p2a: Smeargle|Smeargle, L50, M|100/100\n|switch|p2b: Terapagos|Terapagos, L50, M|100/100\n|-activate|p2b: Terapagos|ability: Tera Shift\n|detailschange|p2b: Terapagos|Terapagos-Terastal, L50, M\n|-heal|p2b: Terapagos|100/100|[silent]\n|-ability|p1a: Tie? grr|Intimidate|boost\n|-unboost|p2a: Smeargle|atk|1\n|-unboost|p2b: Terapagos|atk|1\n|turn|1\n|\n|t:|1772391282\n|move|p2a: Smeargle|Fake Out|p1a: Tie? grr\n|-damage|p1a: Tie? grr|97/100\n|cant|p1a: Tie? grr|flinch\n|move|p1b: GrinN'BearIt|Wicked Blow|p2a: Smeargle\n|-crit|p2a: Smeargle\n|-enditem|p2a: Smeargle|Focus Sash\n|-damage|p2a: Smeargle|1/100\n|move|p2b: Terapagos|Tera Starstorm|p1b: GrinN'BearIt\n|-enditem|p1b: GrinN'BearIt|Focus Sash\n|-damage|p1b: GrinN'BearIt|1/100\n|\n|-ability|p2a: Smeargle|Moody|boost\n|-boost|p2a: Smeargle|spa|2\n|-unboost|p2a: Smeargle|spe|1\n|upkeep\n|turn|2\n|\n|t:|1772391314\n|-terastallize|p2b: Terapagos|Stellar\n|detailschange|p2b: Terapagos|Terapagos-Stellar, L50, M, tera:Stellar\n|-heal|p2b: Terapagos|100/100|[silent]\n|move|p1b: GrinN'BearIt|Detect|p1b: GrinN'BearIt\n|-singleturn|p1b: GrinN'BearIt|Protect\n|move|p2a: Smeargle|Follow Me|p2a: Smeargle\n|-singleturn|p2a: Smeargle|move: Follow Me\n|move|p2b: Terapagos|Tera Starstorm|p1a: Tie? grr|[spread] p1a\n|-activate|p1b: GrinN'BearIt|move: Protect\n|-damage|p1a: Tie? grr|52/100\n|move|p1a: Tie? grr|Knock Off|p2a: Smeargle\n|-crit|p2a: Smeargle\n|-damage|p2a: Smeargle|0 fnt\n|faint|p2a: Smeargle\n|\n|upkeep\n|\n|t:|1772391332\n|switch|p2a: Chi-Yu|Chi-Yu, L50|100/100\n|-ability|p2a: Chi-Yu|Beads of Ruin\n|turn|3\n|\n|t:|1772391348\n|move|p1b: GrinN'BearIt|Sucker Punch|p2a: Chi-Yu\n|-resisted|p2a: Chi-Yu\n|-damage|p2a: Chi-Yu|71/100\n|move|p2a: Chi-Yu|Heat Wave|p1a: Tie? grr|[spread] p1a,p1b\n|-resisted|p1a: Tie? grr\n|-damage|p1a: Tie? grr|32/100\n|-damage|p1b: GrinN'BearIt|0 fnt\n|-enditem|p1a: Tie? grr|Sitrus Berry|[eat]\n|-heal|p1a: Tie? grr|57/100|[from] item: Sitrus Berry\n|faint|p1b: GrinN'BearIt\n|move|p2b: Terapagos|Tera Starstorm|p1a: Tie? grr\n|-crit|p1a: Tie? grr\n|-damage|p1a: Tie? grr|0 fnt\n|faint|p1a: Tie? grr\n|\n|upkeep\n|\n|t:|1772391361\n|switch|p1b: Ferdinand|Raging Bolt, L50|100/100\n|switch|p1a: It's Overpon|Ogerpon-Wellspring, L50, F|100/100\n|turn|4\n|\n|t:|1772391381\n|move|p2a: Chi-Yu|Heat Wave|p1a: It's Overpon|[spread] p1a,p1b\n|-resisted|p1b: Ferdinand\n|-damage|p1a: It's Overpon|43/100\n|-damage|p1b: Ferdinand|77/100\n|move|p1a: It's Overpon|Ivy Cudgel|p2a: Chi-Yu|[anim] Ivy Cudgel Water\n|-supereffective|p2a: Chi-Yu\n|-damage|p2a: Chi-Yu|0 fnt\n|faint|p2a: Chi-Yu\n|move|p2b: Terapagos|Tera Starstorm|p1b: Ferdinand|[spread] p1a,p1b\n|-damage|p1a: It's Overpon|0 fnt\n|-damage|p1b: Ferdinand|30/100\n|faint|p1a: It's Overpon\n|move|p1b: Ferdinand|Calm Mind|p1b: Ferdinand\n|-boost|p1b: Ferdinand|spa|1\n|-boost|p1b: Ferdinand|spd|1\n|\n|-heal|p1b: Ferdinand|36/100|[from] item: Leftovers\n|upkeep\n|\n|t:|1772391395\n|switch|p2a: Calyrex|Calyrex-Shadow, L50|100/100\n|-ability|p2a: Calyrex|As One\n|-ability|p2a: Calyrex|Unnerve\n|turn|5\n|\n|t:|1772391403\n|move|p1b: Ferdinand|Thunderclap|p2a: Calyrex\n|-damage|p2a: Calyrex|48/100\n|move|p2a: Calyrex|Astral Barrage|p1b: Ferdinand\n|-damage|p1b: Ferdinand|0 fnt\n|faint|p1b: Ferdinand\n|-end|p1b: Ferdinand|Protosynthesis|[silent]\n|-damage|p2a: Calyrex|38/100|[from] item: Life Orb\n|\n|win|Realfrytki\n|raw|PandaGamer333's rating: 1185 &rarr; <strong>1162</strong><br />(-23 for losing)\n|raw|Realfrytki's rating: 1208 &rarr; <strong>1231</strong><br />(+23 for winning)\n","uploadtime":1772391405,"views":43,"formatid":"gen9vgc2026regi","rating":1162,"private":0,"password":null}