{"id":"gen9vgc2026regi-2515273298","format":"[Gen 9] VGC 2026 Reg I","players":["tdea","dasabe\u76d6\u6b27\u5361\u4fa0"],"log":"|j|\u2606tdea\n|j|\u2606dasabe\u76d6\u6b27\u5361\u4fa0\n|t:|1767974901\n|gametype|doubles\n|player|p1|tdea|veteran|1401\n|player|p2|dasabe\u76d6\u6b27\u5361\u4fa0|may-masters4|1403\n|gen|9\n|tier|[Gen 9] VGC 2026 Reg I\n|rated|\n|rule|Species Clause: Limit one of each Pok\u00e9mon\n|rule|Item Clause: Limit 1 of each item\n|clearpoke\n|poke|p1|Miraidon, L50|\n|poke|p1|Lunala, L50|\n|poke|p1|Whimsicott, L50, M|\n|poke|p1|Urshifu-*, L50, F|\n|poke|p1|Incineroar, L50, F|\n|poke|p1|Ursaluna, L50, M|\n|poke|p2|Calyrex-Shadow, L50|\n|poke|p2|Koraidon, L50|\n|poke|p2|Chi-Yu, L50|\n|poke|p2|Tornadus, L50, M|\n|poke|p2|Indeedee-F, L50, F|\n|poke|p2|Smeargle, L50, F|\n|teampreview|4\n|inactive|Battle timer is ON: inactive players will automatically lose when time's up. (requested by tdea)\n|\n|t:|1767974908\n|teamsize|p1|4\n|teamsize|p2|4\n|start\n|switch|p1a: Incineroar|Incineroar, L50, F|100/100\n|switch|p1b: Lunala|Lunala, L50|100/100\n|switch|p2a: \u9a6c\u6b7b\u4e86|Calyrex-Shadow, L50|100/100\n|switch|p2b: \u5c0f\u7b14\u7ea2\u80bf|Smeargle, L50, F, shiny|100/100\n|-ability|p2a: \u9a6c\u6b7b\u4e86|As One\n|-ability|p2a: \u9a6c\u6b7b\u4e86|Unnerve\n|-ability|p1a: Incineroar|Intimidate|boost\n|-unboost|p2a: \u9a6c\u6b7b\u4e86|atk|1\n|-unboost|p2b: \u5c0f\u7b14\u7ea2\u80bf|atk|1\n|turn|1\n|\n|t:|1767974921\n|-terastallize|p2a: \u9a6c\u6b7b\u4e86|Ghost\n|-terastallize|p1b: Lunala|Fairy\n|move|p2b: \u5c0f\u7b14\u7ea2\u80bf|Fake Out|p1b: Lunala\n|-damage|p1b: Lunala|99/100\n|move|p1a: Incineroar|Fake Out|p2b: \u5c0f\u7b14\u7ea2\u80bf\n|-damage|p2b: \u5c0f\u7b14\u7ea2\u80bf|72/100\n|move|p2a: \u9a6c\u6b7b\u4e86|Astral Barrage|p1b: Lunala|[spread] p1a,p1b\n|-resisted|p1a: Incineroar\n|-damage|p1a: Incineroar|66/100\n|-damage|p1b: Lunala|25/100\n|cant|p1b: Lunala|flinch\n|\n|-ability|p2b: \u5c0f\u7b14\u7ea2\u80bf|Moody|boost\n|-boost|p2b: \u5c0f\u7b14\u7ea2\u80bf|atk|2\n|-unboost|p2b: \u5c0f\u7b14\u7ea2\u80bf|spe|1\n|upkeep\n|turn|2\n|\n|t:|1767974939\n|move|p1b: Lunala|Wide Guard|p1b: Lunala\n|-singleturn|p1b: Lunala|Wide Guard\n|move|p2a: \u9a6c\u6b7b\u4e86|Astral Barrage|p1a: Incineroar|[spread] \n|-activate|p1a: Incineroar|move: Wide Guard\n|-activate|p1b: Lunala|move: Wide Guard\n|move|p1a: Incineroar|Knock Off|p2b: \u5c0f\u7b14\u7ea2\u80bf\n|-damage|p2b: \u5c0f\u7b14\u7ea2\u80bf|0 fnt\n|-enditem|p2b: \u5c0f\u7b14\u7ea2\u80bf|Focus Sash|[from] move: Knock Off|[of] p1a: Incineroar\n|faint|p2b: \u5c0f\u7b14\u7ea2\u80bf\n|\n|upkeep\n|j| DeSeeVer\n|\n|t:|1767974943\n|switch|p2b: \u4f60\u6731\u5417|Koraidon, L50, shiny|100/100\n|-weather|SunnyDay|[from] ability: Orichalcum Pulse|[of] p2b: \u4f60\u6731\u5417\n|-activate|p2b: \u4f60\u6731\u5417|Orichalcum Pulse|[source]\n|turn|3\n|c| DeSeeVer|\ud83d\udc40\n|j| jorme8\n|\n|t:|1767974955\n|move|p1b: Lunala|Wide Guard|p1b: Lunala\n|-singleturn|p1b: Lunala|Wide Guard\n|move|p2a: \u9a6c\u6b7b\u4e86|Astral Barrage|p1b: Lunala|[spread] \n|-activate|p1a: Incineroar|move: Wide Guard\n|-activate|p1b: Lunala|move: Wide Guard\n|move|p2b: \u4f60\u6731\u5417|Close Combat|p1a: Incineroar\n|-supereffective|p1a: Incineroar\n|-damage|p1a: Incineroar|0 fnt\n|-unboost|p2b: \u4f60\u6731\u5417|def|1\n|-unboost|p2b: \u4f60\u6731\u5417|spd|1\n|faint|p1a: Incineroar\n|-damage|p2b: \u4f60\u6731\u5417|91/100|[from] item: Life Orb\n|\n|-weather|SunnyDay|[upkeep]\n|upkeep\n|c|\u2606dasabe\u76d6\u6b27\u5361\u4fa0|\ud83d\ude2d\n|\n|t:|1767974972\n|switch|p1a: Miraidon|Miraidon, L50|100/100\n|-fieldstart|move: Electric Terrain|[from] ability: Hadron Engine|[of] p1a: Miraidon\n|-enditem|p1b: Lunala|Electric Seed\n|-boost|p1b: Lunala|def|1|[from] item: Electric Seed\n|turn|4\n|l| jorme8\n|j| jorme8\n|\n|t:|1767974985\n|switch|p2a: \u50bb\u903c|Chi-Yu, L50|100/100\n|-ability|p2a: \u50bb\u903c|Beads of Ruin\n|move|p2b: \u4f60\u6731\u5417|Flare Blitz|p1b: Lunala\n|-damage|p1b: Lunala|0 fnt\n|faint|p1b: Lunala\n|-damage|p2b: \u4f60\u6731\u5417|80/100|[from] Recoil\n|-damage|p2b: \u4f60\u6731\u5417|70/100|[from] item: Life Orb\n|move|p1a: Miraidon|Draco Meteor|p2b: \u4f60\u6731\u5417\n|-supereffective|p2b: \u4f60\u6731\u5417\n|-damage|p2b: \u4f60\u6731\u5417|0 fnt\n|-unboost|p1a: Miraidon|spa|2\n|faint|p2b: \u4f60\u6731\u5417\n|-damage|p1a: Miraidon|91/100|[from] item: Life Orb\n|\n|-weather|SunnyDay|[upkeep]\n|upkeep\n|\n|t:|1767974992\n|switch|p2b: \u9a6c\u6b7b\u4e86|Calyrex-Shadow, L50, tera:Ghost|100/100\n|switch|p1b: Ursaluna|Ursaluna, L50, M|100/100\n|-ability|p2b: \u9a6c\u6b7b\u4e86|As One\n|-ability|p2b: \u9a6c\u6b7b\u4e86|Unnerve\n|turn|5\n|\n|t:|1767974996\n|move|p1a: Miraidon|Protect|p1a: Miraidon\n|-singleturn|p1a: Miraidon|Protect\n|move|p1b: Ursaluna|Protect|p1b: Ursaluna\n|-singleturn|p1b: Ursaluna|Protect\n|move|p2a: \u50bb\u903c|Overheat|p1b: Ursaluna\n|-activate|p1b: Ursaluna|move: Protect\n|move|p2b: \u9a6c\u6b7b\u4e86|Astral Barrage|p1a: Miraidon|[spread] \n|-activate|p1a: Miraidon|move: Protect\n|-activate|p1b: Ursaluna|move: Protect\n|\n|-weather|SunnyDay|[upkeep]\n|-status|p1b: Ursaluna|brn|[from] item: Flame Orb\n|upkeep\n|turn|6\n|c| DeSeeVer|\ud83e\udd14\n|\n|t:|1767975009\n|move|p2a: \u50bb\u903c|Overheat|p1b: Ursaluna\n|-damage|p1b: Ursaluna|0 fnt\n|-unboost|p2a: \u50bb\u903c|spa|2\n|faint|p1b: Ursaluna\n|move|p2b: \u9a6c\u6b7b\u4e86|Astral Barrage|p1a: Miraidon\n|-damage|p1a: Miraidon|0 fnt\n|faint|p1a: Miraidon\n|\n|win|dasabe\u76d6\u6b27\u5361\u4fa0\n|raw|tdea's rating: 1401 &rarr; <strong>1381</strong><br />(-20 for losing)\n|raw|dasabe\u76d6\u6b27\u5361\u4fa0's rating: 1403 &rarr; <strong>1423</strong><br />(+20 for winning)\n|l|\u2606tdea\n|player|p1|\n|c| DeSeeVer|\u6700\u529b\u5ea6\n|l| DeSeeVer\n|j| DeSeeVer\n|l| DeSeeVer\n|l| jorme8\n|j| DeSeeVer\n|l| DeSeeVer\n","uploadtime":1767975270,"views":18,"formatid":"gen9vgc2026regi","rating":1381,"private":0,"password":null}