{"id":"gen9vgc2026regi-2550690498","format":"[Gen 9] VGC 2026 Reg I","players":["granite blast","girlfeet411"],"log":"|j|\u2606granite blast\n|j|\u2606girlfeet411\n|t:|1772517526\n|gametype|doubles\n|player|p1|granite blast|101|1286\n|player|p2|girlfeet411|2|1189\n|gen|9\n|tier|[Gen 9] VGC 2026 Reg I\n|rated|\n|rule|Species Clause: Limit one of each Pok\u00e9mon\n|rule|Item Clause: Limit 1 of each item\n|clearpoke\n|poke|p1|Calyrex-Ice, L50|\n|poke|p1|Koraidon, L50|\n|poke|p1|Incineroar, L50, M|\n|poke|p1|Ogerpon-Cornerstone, L50, F|\n|poke|p1|Flutter Mane, L50|\n|poke|p1|Ting-Lu, L50|\n|poke|p2|Calyrex-Shadow, L50|\n|poke|p2|Zamazenta-*, L50|\n|poke|p2|Rillaboom, L50, M|\n|poke|p2|Raging Bolt, L50|\n|poke|p2|Smeargle, L50, M|\n|poke|p2|Incineroar, L50, F|\n|teampreview|4\n|inactive|Battle timer is ON: inactive players will automatically lose when time's up. (requested by granite blast)\n|\n|t:|1772517550\n|teamsize|p1|4\n|teamsize|p2|4\n|start\n|switch|p1a: Koraidon|Koraidon, L50|100/100\n|switch|p1b: Flutter Mane|Flutter Mane, L50|100/100\n|switch|p2a: Calyrex|Calyrex-Shadow, L50|100/100\n|switch|p2b: Zamazenta|Zamazenta-Crowned, L50|100/100\n|-ability|p2a: Calyrex|As One\n|-ability|p2a: Calyrex|Unnerve\n|-weather|SunnyDay|[from] ability: Orichalcum Pulse|[of] p1a: Koraidon\n|-activate|p1b: Flutter Mane|ability: Protosynthesis\n|-start|p1b: Flutter Mane|protosynthesisspe\n|-activate|p1a: Koraidon|Orichalcum Pulse|[source]\n|-ability|p2b: Zamazenta|Dauntless Shield|boost\n|-boost|p2b: Zamazenta|def|1\n|turn|1\n|inactive|girlfeet411 has 30 seconds left.\n|inactive|girlfeet411 has 20 seconds left.\n|\n|t:|1772517586\n|switch|p2b: Incineroar|Incineroar, L50, F|100/100\n|-ability|p2b: Incineroar|Intimidate|boost\n|-unboost|p1a: Koraidon|atk|1\n|-unboost|p1b: Flutter Mane|atk|1\n|-terastallize|p2a: Calyrex|Dark\n|-terastallize|p1a: Koraidon|Fire\n|move|p1b: Flutter Mane|Icy Wind|p2a: Calyrex|[spread] p2b\n|-miss|p1b: Flutter Mane|p2a: Calyrex\n|-resisted|p2b: Incineroar\n|-damage|p2b: Incineroar|94/100\n|-unboost|p2b: Incineroar|spe|1\n|move|p2a: Calyrex|Astral Barrage|p1a: Koraidon|[spread] p1a,p1b\n|-supereffective|p1b: Flutter Mane\n|-damage|p1a: Koraidon|29/100\n|-enditem|p1b: Flutter Mane|Focus Sash\n|-damage|p1b: Flutter Mane|1/100\n|-damage|p2a: Calyrex|91/100|[from] item: Life Orb\n|move|p1a: Koraidon|Flame Charge|p2a: Calyrex\n|-damage|p2a: Calyrex|26/100\n|-boost|p1a: Koraidon|spe|1\n|-damage|p1a: Koraidon|19/100|[from] item: Life Orb\n|\n|-weather|SunnyDay|[upkeep]\n|upkeep\n|turn|2\n|inactive|girlfeet411 has 30 seconds left.\n|inactive|granite blast has 30 seconds left.\n|inactive|girlfeet411 has 20 seconds left.\n|\n|t:|1772517626\n|move|p2a: Calyrex|Protect|p2a: Calyrex\n|-singleturn|p2a: Calyrex|Protect\n|move|p1a: Koraidon|Close Combat|p2b: Incineroar\n|-supereffective|p2b: Incineroar\n|-damage|p2b: Incineroar|0 fnt\n|-unboost|p1a: Koraidon|def|1\n|-unboost|p1a: Koraidon|spd|1\n|faint|p2b: Incineroar\n|-damage|p1a: Koraidon|10/100|[from] item: Life Orb\n|move|p1b: Flutter Mane|Moonblast|p2a: Calyrex\n|-activate|p2a: Calyrex|move: Protect\n|\n|-weather|SunnyDay|[upkeep]\n|upkeep\n|\n|t:|1772517633\n|switch|p2b: Raging Bolt|Raging Bolt, L50|100/100\n|-activate|p2b: Raging Bolt|ability: Protosynthesis\n|-start|p2b: Raging Bolt|protosynthesisspa\n|turn|3\n|\n|t:|1772517643\n|move|p2b: Raging Bolt|Thunderclap|p1b: Flutter Mane\n|-damage|p1b: Flutter Mane|0 fnt\n|faint|p1b: Flutter Mane\n|-end|p1b: Flutter Mane|Protosynthesis|[silent]\n|move|p1a: Koraidon|Close Combat|p2a: Calyrex\n|-supereffective|p2a: Calyrex\n|-damage|p2a: Calyrex|0 fnt\n|-unboost|p1a: Koraidon|def|1\n|-unboost|p1a: Koraidon|spd|1\n|faint|p2a: Calyrex\n|-damage|p1a: Koraidon|0 fnt|[from] item: Life Orb\n|faint|p1a: Koraidon\n|\n|-weather|SunnyDay|[upkeep]\n|upkeep\n|\n|t:|1772517652\n|switch|p2a: Zamazenta|Zamazenta-Crowned, L50|100/100\n|switch|p1a: Calyrex|Calyrex-Ice, L50|100/100\n|switch|p1b: Ogerpon|Ogerpon-Cornerstone, L50, F|100/100\n|-ability|p1a: Calyrex|As One\n|-ability|p1a: Calyrex|Unnerve\n|turn|4\n|inactive|granite blast has 30 seconds left.\n|inactive|girlfeet411 has 30 seconds left.\n|inactive|granite blast has 20 seconds left.\n|\n|t:|1772517690\n|move|p2a: Zamazenta|Heavy Slam|p1a: Calyrex\n|-supereffective|p1a: Calyrex\n|-damage|p1a: Calyrex|80/100\n|move|p1b: Ogerpon|Ivy Cudgel|p2b: Raging Bolt|[anim] Ivy Cudgel Rock\n|-crit|p2b: Raging Bolt\n|-damage|p2b: Raging Bolt|32/100\n|move|p2b: Raging Bolt|Dragon Pulse|p1b: Ogerpon\n|-damage|p1b: Ogerpon|19/100\n|move|p1a: Calyrex|Leech Seed|p2a: Zamazenta\n|-start|p2a: Zamazenta|move: Leech Seed\n|\n|-weather|SunnyDay|[upkeep]\n|-heal|p1a: Calyrex|86/100|[from] item: Leftovers\n|-damage|p2a: Zamazenta|88/100|[from] Leech Seed|[of] p1a: Calyrex\n|-heal|p1a: Calyrex|98/100|[silent]\n|upkeep\n|turn|5\n|\n|t:|1772517706\n|move|p2a: Zamazenta|Protect|p2a: Zamazenta\n|-singleturn|p2a: Zamazenta|Protect\n|move|p1b: Ogerpon|Spiky Shield|p1b: Ogerpon\n|-singleturn|p1b: Ogerpon|move: Protect\n|move|p2b: Raging Bolt|Thunderclap||[still]\n|-fail|p2b: Raging Bolt\n|move|p1a: Calyrex|Trick Room|p1a: Calyrex\n|-fieldstart|move: Trick Room|[of] p1a: Calyrex\n|\n|-weather|none\n|-end|p2b: Raging Bolt|Protosynthesis\n|-heal|p1a: Calyrex|100/100|[from] item: Leftovers\n|-damage|p2a: Zamazenta|76/100|[from] Leech Seed|[of] p1a: Calyrex\n|upkeep\n|-enditem|p2b: Raging Bolt|Booster Energy\n|-activate|p2b: Raging Bolt|ability: Protosynthesis|[fromitem]\n|-start|p2b: Raging Bolt|protosynthesisspa\n|turn|6\n|\n|t:|1772517717\n|move|p1b: Ogerpon|Spiky Shield||[still]\n|-fail|p1b: Ogerpon\n|move|p2b: Raging Bolt|Thunderclap||[still]\n|-fail|p2b: Raging Bolt\n|move|p1a: Calyrex|Leech Seed|p2b: Raging Bolt\n|-start|p2b: Raging Bolt|move: Leech Seed\n|move|p2a: Zamazenta|Body Press|p1a: Calyrex\n|-damage|p1a: Calyrex|79/100\n|\n|-heal|p1a: Calyrex|85/100|[from] item: Leftovers\n|-damage|p2b: Raging Bolt|19/100|[from] Leech Seed|[of] p1a: Calyrex\n|-heal|p1a: Calyrex|99/100|[silent]\n|-damage|p2a: Zamazenta|64/100|[from] Leech Seed|[of] p1a: Calyrex\n|-heal|p1a: Calyrex|100/100|[silent]\n|upkeep\n|turn|7\n|\n|t:|1772517730\n|move|p1a: Calyrex|Glacial Lance|p2b: Raging Bolt|[spread] p2a,p2b\n|-resisted|p2a: Zamazenta\n|-supereffective|p2b: Raging Bolt\n|-damage|p2a: Zamazenta|45/100\n|-damage|p2b: Raging Bolt|0 fnt\n|faint|p2b: Raging Bolt\n|-end|p2b: Raging Bolt|Protosynthesis|[silent]\n|-ability|p1a: Calyrex|Chilling Neigh|boost\n|-boost|p1a: Calyrex|atk|1\n|move|p1b: Ogerpon|Ivy Cudgel|p2a: Zamazenta|[anim] Ivy Cudgel Rock\n|-resisted|p2a: Zamazenta\n|-damage|p2a: Zamazenta|34/100\n|move|p2a: Zamazenta|Body Press|p1a: Calyrex\n|-damage|p1a: Calyrex|79/100\n|\n|-heal|p1a: Calyrex|85/100|[from] item: Leftovers\n|-damage|p2a: Zamazenta|22/100|[from] Leech Seed|[of] p1a: Calyrex\n|-heal|p1a: Calyrex|96/100|[silent]\n|upkeep\n|turn|8\n|\n|t:|1772517734\n|move|p1a: Calyrex|Protect|p1a: Calyrex\n|-singleturn|p1a: Calyrex|Protect\n|move|p1b: Ogerpon|Spiky Shield|p1b: Ogerpon\n|-singleturn|p1b: Ogerpon|move: Protect\n|move|p2a: Zamazenta|Heavy Slam|p1b: Ogerpon\n|-activate|p1b: Ogerpon|move: Protect\n|-damage|p2a: Zamazenta|10/100|[from] Spiky Shield|[of] p1b: Ogerpon\n|\n|-heal|p1a: Calyrex|100/100|[from] item: Leftovers\n|-damage|p2a: Zamazenta|0 fnt|[from] Leech Seed|[of] p1a: Calyrex\n|faint|p2a: Zamazenta\n|\n|win|granite blast\n|raw|granite blast's rating: 1286 &rarr; <strong>1304</strong><br />(+18 for winning)\n|raw|girlfeet411's rating: 1189 &rarr; <strong>1171</strong><br />(-18 for losing)\n|l|\u2606granite blast\n|player|p1|\n|l|\u2606girlfeet411\n|player|p2|\n","uploadtime":1772517881,"views":16,"formatid":"gen9vgc2026regi","rating":1171,"private":0,"password":null}