{"id":"gen9vgc2026regi-2528636169","format":"[Gen 9] VGC 2026 Reg I","players":["OP_123_X2","i\u2764\u5a1c\u7984forever"],"log":"|j|\u2606OP_123_X2\n|j|\u2606i\u2764\u5a1c\u7984forever\n|t:|1769689364\n|gametype|doubles\n|player|p1|OP_123_X2|101|1317\n|player|p2|i\u2764\u5a1c\u7984forever|youngcouple-gen4dp|1489\n|gen|9\n|tier|[Gen 9] VGC 2026 Reg I\n|rated|\n|rule|Species Clause: Limit one of each Pok\u00e9mon\n|rule|Item Clause: Limit 1 of each item\n|clearpoke\n|poke|p1|Koraidon, L50|\n|poke|p1|Lunala, L50|\n|poke|p1|Flutter Mane, L50|\n|poke|p1|Indeedee-F, L50, F|\n|poke|p1|Ursaluna, L50, M|\n|poke|p1|Brute Bonnet, L50|\n|poke|p2|Groudon, L50|\n|poke|p2|Kyurem-White, L50|\n|poke|p2|Heatran, L50, M|\n|poke|p2|Whimsicott, L50, F|\n|poke|p2|Roaring Moon, L50|\n|poke|p2|Ditto, L50|\n|teampreview|4\n|inactive|Battle timer is ON: inactive players will automatically lose when time's up. (requested by OP_123_X2)\n|\n|t:|1769689391\n|teamsize|p1|4\n|teamsize|p2|4\n|start\n|switch|p1a: Koraidon|Koraidon, L50|100/100\n|switch|p1b: Lunala|Lunala, L50|100/100\n|switch|p2a: Kyurem|Kyurem-White, L50|100/100\n|switch|p2b: Roaring Moon|Roaring Moon, L50|100/100\n|-weather|SunnyDay|[from] ability: Orichalcum Pulse|[of] p1a: Koraidon\n|-activate|p2b: Roaring Moon|ability: Protosynthesis\n|-start|p2b: Roaring Moon|protosynthesisatk\n|-activate|p1a: Koraidon|Orichalcum Pulse|[source]\n|-ability|p2a: Kyurem|Turboblaze\n|turn|1\n|\n|t:|1769689408\n|move|p1a: Koraidon|Protect|p1a: Koraidon\n|-singleturn|p1a: Koraidon|Protect\n|move|p2b: Roaring Moon|Knock Off|p1b: Lunala\n|-supereffective|p1b: Lunala\n|-damage|p1b: Lunala|0 fnt\n|-enditem|p1b: Lunala|Power Herb|[from] move: Knock Off|[of] p2b: Roaring Moon\n|faint|p1b: Lunala\n|move|p2a: Kyurem|Blizzard|p1a: Koraidon\n|-activate|p1a: Koraidon|move: Protect\n|\n|-weather|SunnyDay|[upkeep]\n|upkeep\n|\n|t:|1769689416\n|switch|p1b: Flutter Mane|Flutter Mane, L50|100/100\n|-activate|p1b: Flutter Mane|ability: Protosynthesis\n|-start|p1b: Flutter Mane|protosynthesisspe\n|turn|2\n|\n|t:|1769689428\n|-terastallize|p2b: Roaring Moon|Fairy\n|-terastallize|p1a: Koraidon|Fire\n|move|p1b: Flutter Mane|Moonblast|p2b: Roaring Moon\n|-damage|p2b: Roaring Moon|55/100\n|move|p2b: Roaring Moon|Knock Off|p1a: Koraidon\n|-damage|p1a: Koraidon|30/100\n|-enditem|p1a: Koraidon|Life Orb|[from] move: Knock Off|[of] p2b: Roaring Moon\n|move|p1a: Koraidon|Flare Blitz|p2a: Kyurem\n|-damage|p2a: Kyurem|0 fnt\n|faint|p2a: Kyurem\n|-damage|p1a: Koraidon|0 fnt|[from] Recoil\n|faint|p1a: Koraidon\n|\n|-weather|SunnyDay|[upkeep]\n|upkeep\n|\n|t:|1769689447\n|switch|p1a: Indeedee|Indeedee-F, L50, F|100/100\n|switch|p2a: Heatran|Heatran, L50, M|100/100\n|-fieldstart|move: Psychic Terrain|[from] ability: Psychic Surge|[of] p1a: Indeedee\n|-enditem|p1a: Indeedee|Psychic Seed\n|-boost|p1a: Indeedee|spd|1|[from] item: Psychic Seed\n|turn|3\n|\n|t:|1769689457\n|move|p1b: Flutter Mane|Shadow Ball|p2b: Roaring Moon\n|-damage|p2b: Roaring Moon|21/100\n|-unboost|p2b: Roaring Moon|spd|1\n|move|p2b: Roaring Moon|Knock Off|p1a: Indeedee\n|-supereffective|p1a: Indeedee\n|-damage|p1a: Indeedee|11/100\n|move|p1a: Indeedee|Shadow Ball|p2b: Roaring Moon\n|-damage|p2b: Roaring Moon|0 fnt\n|faint|p2b: Roaring Moon\n|-end|p2b: Roaring Moon|Protosynthesis|[silent]\n|move|p2a: Heatran|Substitute|p2a: Heatran\n|-start|p2a: Heatran|Substitute\n|-damage|p2a: Heatran|76/100\n|\n|-weather|SunnyDay|[upkeep]\n|-heal|p2a: Heatran|82/100|[from] item: Leftovers\n|upkeep\n|\n|t:|1769689474\n|switch|p2b: Groudon|Groudon, L50|100/100\n|turn|4\n|\n|t:|1769689486\n|move|p1b: Flutter Mane|Shadow Ball|p2b: Groudon\n|-damage|p2b: Groudon|75/100\n|-unboost|p2b: Groudon|spd|1\n|move|p2b: Groudon|Precipice Blades|p1b: Flutter Mane|[spread] \n|-miss|p2b: Groudon|p1a: Indeedee\n|-miss|p2b: Groudon|p1b: Flutter Mane\n|move|p1a: Indeedee|Shadow Ball|p2a: Heatran\n|-activate|p2a: Heatran|move: Substitute|[damage]\n|move|p2a: Heatran|Heat Wave|p1a: Indeedee|[spread] p1a,p1b\n|-damage|p1a: Indeedee|0 fnt\n|-damage|p1b: Flutter Mane|37/100\n|faint|p1a: Indeedee\n|\n|-weather|SunnyDay|[upkeep]\n|-heal|p2a: Heatran|88/100|[from] item: Leftovers\n|upkeep\n|turn|5\n|\n|t:|1769689507\n|move|p1b: Flutter Mane|Moonblast|p2b: Groudon\n|-damage|p2b: Groudon|28/100\n|move|p2b: Groudon|Iron Head|p1b: Flutter Mane\n|-supereffective|p1b: Flutter Mane\n|-damage|p1b: Flutter Mane|0 fnt\n|faint|p1b: Flutter Mane\n|-end|p1b: Flutter Mane|Protosynthesis|[silent]\n|\n|win|i\u2764\u5a1c\u7984forever\n|raw|OP_123_X2's rating: 1317 &rarr; <strong>1306</strong><br />(-11 for losing)\n|raw|i\u2764\u5a1c\u7984forever's rating: 1489 &rarr; <strong>1500</strong><br />(+11 for winning)\n|l|\u2606i\u2764\u5a1c\u7984forever\n|player|p2|\n|l|\u2606OP_123_X2\n|player|p1|\n","uploadtime":1769689690,"views":18,"formatid":"gen9vgc2026regi","rating":1306,"private":0,"password":null}