{"id":"gen9vgc2026regi-2527885710","format":"[Gen 9] VGC 2026 Reg I","players":["CCdeal","i\u2764\u5a1c\u7984forever"],"log":"|j|\u2606CCdeal\n|j|\u2606i\u2764\u5a1c\u7984forever\n|t:|1769594786\n|gametype|doubles\n|player|p1|CCdeal|102|1396\n|player|p2|i\u2764\u5a1c\u7984forever|youngcouple-gen4dp|1322\n|gen|9\n|tier|[Gen 9] VGC 2026 Reg I\n|rated|\n|rule|Species Clause: Limit one of each Pok\u00e9mon\n|rule|Item Clause: Limit 1 of each item\n|clearpoke\n|poke|p1|Miraidon, L50|\n|poke|p1|Calyrex-Ice, L50|\n|poke|p1|Iron Bundle, L50|\n|poke|p1|Thundurus, L50, M|\n|poke|p1|Chi-Yu, L50|\n|poke|p1|Farigiraf, L50, F|\n|poke|p2|Groudon, L50|\n|poke|p2|Kyurem-White, L50|\n|poke|p2|Brute Bonnet, L50|\n|poke|p2|Heatran, L50, F|\n|poke|p2|Whimsicott, L50, F|\n|poke|p2|Roaring Moon, L50|\n|teampreview|4\n|j| dasabe\u76d6\u6b27\u5361\u4fa0\n|\n|t:|1769594844\n|teamsize|p1|4\n|teamsize|p2|4\n|start\n|switch|p1a: Thundurus|Thundurus, L50, M|100/100\n|switch|p1b: Chi-Yu|Chi-Yu, L50|100/100\n|switch|p2a: Whimsicott|Whimsicott, L50, F|100/100\n|switch|p2b: Kyurem|Kyurem-White, L50|100/100\n|-ability|p1b: Chi-Yu|Beads of Ruin\n|-ability|p2b: Kyurem|Turboblaze\n|turn|1\n|\n|t:|1769594876\n|move|p2a: Whimsicott|Tailwind|p2a: Whimsicott\n|-sidestart|p2: i\u2764\u5a1c\u7984forever|move: Tailwind\n|move|p1a: Thundurus|Thunder Wave|p2b: Kyurem\n|-status|p2b: Kyurem|par\n|move|p1b: Chi-Yu|Overheat|p2b: Kyurem\n|-damage|p2b: Kyurem|0 fnt\n|-unboost|p1b: Chi-Yu|spa|2\n|faint|p2b: Kyurem\n|\n|upkeep\n|\n|t:|1769594893\n|switch|p2b: Heatran|Heatran, L50, F|100/100\n|turn|2\n|\n|t:|1769594901\n|move|p1a: Thundurus|Taunt|p2b: Heatran\n|-start|p2b: Heatran|move: Taunt\n|move|p2a: Whimsicott|Energy Ball|p1b: Chi-Yu\n|-resisted|p1b: Chi-Yu\n|-damage|p1b: Chi-Yu|80/100\n|move|p2b: Heatran|Heat Wave|p1a: Thundurus|[spread] p1b\n|-miss|p2b: Heatran|p1a: Thundurus\n|-resisted|p1b: Chi-Yu\n|-damage|p1b: Chi-Yu|58/100\n|move|p1b: Chi-Yu|Overheat|p2a: Whimsicott\n|-supereffective|p2a: Whimsicott\n|-enditem|p2a: Whimsicott|Focus Sash\n|-damage|p2a: Whimsicott|1/100\n|-unboost|p1b: Chi-Yu|spa|2\n|\n|upkeep\n|turn|3\n|\n|t:|1769594924\n|move|p2a: Whimsicott|Endeavor|p1a: Thundurus\n|-damage|p1a: Thundurus|1/100\n|move|p2b: Heatran|Heat Wave|p1b: Chi-Yu|[spread] p1a,p1b\n|-resisted|p1b: Chi-Yu\n|-crit|p1b: Chi-Yu\n|-damage|p1a: Thundurus|0 fnt\n|-damage|p1b: Chi-Yu|29/100\n|faint|p1a: Thundurus\n|move|p1b: Chi-Yu|Overheat|p2a: Whimsicott\n|-supereffective|p2a: Whimsicott\n|-damage|p2a: Whimsicott|0 fnt\n|-unboost|p1b: Chi-Yu|spa|2\n|faint|p2a: Whimsicott\n|\n|upkeep\n|\n|t:|1769594942\n|switch|p2a: Groudon|Groudon, L50|100/100\n|switch|p1a: Miraidon|Miraidon, L50|100/100\n|-weather|SunnyDay|[from] ability: Drought|[of] p2a: Groudon\n|-fieldstart|move: Electric Terrain|[from] ability: Hadron Engine|[of] p1a: Miraidon\n|turn|4\n|\n|t:|1769594988\n|switch|p1b: Calyrex|Calyrex-Ice, L50|100/100\n|-ability|p1b: Calyrex|As One\n|-ability|p1b: Calyrex|Unnerve\n|move|p1a: Miraidon|Protect|p1a: Miraidon\n|-singleturn|p1a: Miraidon|Protect\n|move|p2a: Groudon|Precipice Blades|p1a: Miraidon|[spread] p1b\n|-activate|p1a: Miraidon|move: Protect\n|-damage|p1b: Calyrex|69/100\n|move|p2b: Heatran|Heat Wave|p1a: Miraidon|[spread] p1b\n|-activate|p1a: Miraidon|move: Protect\n|-supereffective|p1b: Calyrex\n|-damage|p1b: Calyrex|0 fnt\n|faint|p1b: Calyrex\n|\n|-weather|SunnyDay|[upkeep]\n|-end|p2b: Heatran|move: Taunt\n|-sideend|p2: i\u2764\u5a1c\u7984forever|move: Tailwind\n|upkeep\n|\n|t:|1769595008\n|switch|p1b: Chi-Yu|Chi-Yu, L50|29/100\n|-ability|p1b: Chi-Yu|Beads of Ruin\n|turn|5\n|\n|t:|1769595021\n|-terastallize|p1a: Miraidon|Electric\n|-terastallize|p2a: Groudon|Water\n|move|p1a: Miraidon|Electro Drift|p2b: Heatran\n|-damage|p2b: Heatran|0 fnt\n|-status|p1a: Miraidon|brn|[from] ability: Flame Body|[of] p2b: Heatran\n|faint|p2b: Heatran\n|-damage|p1a: Miraidon|91/100 brn|[from] item: Life Orb\n|move|p1b: Chi-Yu|Overheat|p2a: Groudon|[miss]\n|-miss|p1b: Chi-Yu|p2a: Groudon\n|move|p2a: Groudon|Precipice Blades|p1b: Chi-Yu|[spread] p1a,p1b\n|-supereffective|p1a: Miraidon\n|-supereffective|p1b: Chi-Yu\n|-damage|p1a: Miraidon|2/100 brn\n|-damage|p1b: Chi-Yu|0 fnt\n|faint|p1b: Chi-Yu\n|\n|-weather|SunnyDay|[upkeep]\n|-damage|p1a: Miraidon|0 fnt|[from] brn\n|faint|p1a: Miraidon\n|\n|win|i\u2764\u5a1c\u7984forever\n|raw|CCdeal's rating: 1396 &rarr; <strong>1372</strong><br />(-24 for losing)\n|raw|i\u2764\u5a1c\u7984forever's rating: 1322 &rarr; <strong>1346</strong><br />(+24 for winning)\n|l| dasabe\u76d6\u6b27\u5361\u4fa0\n|l|\u2606CCdeal\n|player|p1|\n","uploadtime":1769595240,"views":15,"formatid":"gen9vgc2026regi","rating":1346,"private":0,"password":null}