{"id":"gen9vgc2026regi-2589067470","format":"[Gen 9] VGC 2026 Reg I","players":["pigduckeater","Inechelsideu"],"log":"|j|\u2606pigduckeater\n|j|\u2606Inechelsideu\n|t:|1776697475\n|gametype|doubles\n|player|p1|pigduckeater|102|1562\n|player|p2|Inechelsideu|265|1549\n|gen|9\n|tier|[Gen 9] VGC 2026 Reg I\n|rated|\n|rule|Species Clause: Limit one of each Pok\u00e9mon\n|rule|Item Clause: Limit 1 of each item\n|clearpoke\n|poke|p1|Kyogre, L50|\n|poke|p1|Rillaboom, L50, F|\n|poke|p1|Urshifu-*, L50, F|\n|poke|p1|Zamazenta-*, L50|\n|poke|p1|Chien-Pao, L50|\n|poke|p1|Ditto, L50|\n|poke|p2|Miraidon, L50|\n|poke|p2|Calyrex-Ice, L50|\n|poke|p2|Farigiraf, L50, M|\n|poke|p2|Volcarona, L50, F|\n|poke|p2|Urshifu-*, L50, F|\n|poke|p2|Ursaluna-Bloodmoon, L50, M|\n|teampreview|4\n|\n|t:|1776697503\n|teamsize|p1|4\n|teamsize|p2|4\n|start\n|switch|p1a: Kyogre|Kyogre, L50|100/100\n|switch|p1b: Rillaboom|Rillaboom, L50, F|100/100\n|switch|p2a: Miraidon|Miraidon, L50, shiny|100/100\n|switch|p2b: Calyrex|Calyrex-Ice, L50|100/100\n|-ability|p2b: Calyrex|As One\n|-ability|p2b: Calyrex|Unnerve\n|-fieldstart|move: Electric Terrain|[from] ability: Hadron Engine|[of] p2a: Miraidon\n|-weather|RainDance|[from] ability: Drizzle|[of] p1a: Kyogre\n|-fieldstart|move: Grassy Terrain|[from] ability: Grassy Surge|[of] p1b: Rillaboom\n|turn|1\n|\n|t:|1776697528\n|switch|p2b: Farigiraf|Farigiraf, L50, M|100/100\n|move|p1a: Kyogre|Protect|p1a: Kyogre\n|-singleturn|p1a: Kyogre|Protect\n|move|p2a: Miraidon|Volt Switch|p1a: Kyogre\n|-activate|p1a: Kyogre|move: Protect\n|move|p1b: Rillaboom|U-turn|p2a: Miraidon\n|-damage|p2a: Miraidon|81/100\n|\n|t:|1776697540\n|switch|p1b: Zamazenta|Zamazenta-Crowned, L50|100/100|[from] U-turn\n|-ability|p1b: Zamazenta|Dauntless Shield|boost\n|-boost|p1b: Zamazenta|def|1\n|\n|-weather|RainDance|[upkeep]\n|-heal|p2a: Miraidon|87/100|[from] Grassy Terrain\n|upkeep\n|turn|2\n|\n|t:|1776697555\n|move|p2a: Miraidon|Volt Switch|p1a: Kyogre\n|-supereffective|p1a: Kyogre\n|-damage|p1a: Kyogre|44/100\n|\n|t:|1776697560\n|switch|p2a: Calyrex|Calyrex-Ice, L50|100/100|[from] Volt Switch\n|-ability|p2a: Calyrex|As One\n|-ability|p2a: Calyrex|Unnerve\n|move|p1b: Zamazenta|Body Press|p2b: Farigiraf\n|-damage|p2b: Farigiraf|40/100\n|move|p1a: Kyogre|Origin Pulse|p2b: Farigiraf|[spread] p2a,p2b\n|-damage|p2a: Calyrex|74/100\n|-damage|p2b: Farigiraf|0 fnt\n|faint|p2b: Farigiraf\n|\n|-weather|RainDance|[upkeep]\n|-heal|p1a: Kyogre|50/100|[from] Grassy Terrain\n|-heal|p2a: Calyrex|80/100|[from] Grassy Terrain\n|upkeep\n|\n|t:|1776697573\n|switch|p2b: Urshifu|Urshifu-Rapid-Strike, L50, F|100/100\n|turn|3\n|\n|t:|1776697589\n|move|p1b: Zamazenta|Body Press|p2b: Urshifu\n|-damage|p2b: Urshifu|32/100\n|move|p2b: Urshifu|Surging Strikes|p1a: Kyogre\n|-resisted|p1a: Kyogre\n|-crit|p1a: Kyogre\n|-damage|p1a: Kyogre|39/100\n|-resisted|p1a: Kyogre\n|-crit|p1a: Kyogre\n|-damage|p1a: Kyogre|28/100\n|-resisted|p1a: Kyogre\n|-crit|p1a: Kyogre\n|-damage|p1a: Kyogre|15/100\n|-hitcount|p1a: Kyogre|3\n|move|p1a: Kyogre|Origin Pulse|p2a: Calyrex|[spread] p2a,p2b\n|-resisted|p2b: Urshifu\n|-damage|p2a: Calyrex|52/100\n|-damage|p2b: Urshifu|0 fnt\n|faint|p2b: Urshifu\n|move|p2a: Calyrex|High Horsepower|p1b: Zamazenta\n|-supereffective|p1b: Zamazenta\n|-damage|p1b: Zamazenta|71/100\n|\n|-weather|RainDance|[upkeep]\n|-heal|p1b: Zamazenta|78/100|[from] Grassy Terrain\n|-heal|p1a: Kyogre|21/100|[from] Grassy Terrain\n|-heal|p2a: Calyrex|58/100|[from] Grassy Terrain\n|upkeep\n|\n|t:|1776697605\n|switch|p2b: Miraidon|Miraidon, L50, shiny|87/100\n|-fieldstart|move: Electric Terrain|[from] ability: Hadron Engine|[of] p2b: Miraidon\n|turn|4\n|\n|t:|1776697618\n|-terastallize|p2b: Miraidon|Electric\n|move|p2b: Miraidon|Electro Drift|p1b: Zamazenta\n|-damage|p1b: Zamazenta|0 fnt\n|faint|p1b: Zamazenta\n|move|p1a: Kyogre|Origin Pulse|p2a: Calyrex|[spread] p2a\n|-miss|p1a: Kyogre|p2b: Miraidon\n|-damage|p2a: Calyrex|31/100\n|move|p2a: Calyrex|Glacial Lance|p1a: Kyogre\n|-resisted|p1a: Kyogre\n|-damage|p1a: Kyogre|0 fnt\n|faint|p1a: Kyogre\n|-ability|p2a: Calyrex|Chilling Neigh|boost\n|-boost|p2a: Calyrex|atk|1\n|\n|-weather|RainDance|[upkeep]\n|upkeep\n|\n|t:|1776697630\n|switch|p1b: Ditto|Ditto, L50|100/100\n|switch|p1a: Rillaboom|Rillaboom, L50, F|100/100\n|-fieldstart|move: Grassy Terrain|[from] ability: Grassy Surge|[of] p1a: Rillaboom\n|-transform|p1b: Ditto|p2a: Calyrex|[from] ability: Imposter\n|-ability|p1b: Ditto|As One\n|-ability|p1b: Ditto|Unnerve\n|turn|5\n|\n|t:|1776697659\n|move|p1a: Rillaboom|Fake Out|p2a: Calyrex\n|-damage|p2a: Calyrex|23/100\n|move|p2b: Miraidon|Electro Drift|p1b: Ditto\n|-damage|p1b: Ditto|36/100\n|cant|p2a: Calyrex|flinch\n|move|p1b: Ditto|Glacial Lance|p2a: Calyrex|[spread] p2a,p2b\n|-resisted|p2a: Calyrex\n|-damage|p2a: Calyrex|0 fnt\n|-damage|p2b: Miraidon|18/100\n|faint|p2a: Calyrex\n|-ability|p1b: Ditto|Chilling Neigh|boost\n|-boost|p1b: Ditto|atk|1\n|\n|-weather|none\n|-heal|p2b: Miraidon|24/100|[from] Grassy Terrain\n|-heal|p1b: Ditto|42/100|[from] Grassy Terrain\n|upkeep\n|turn|6\n|\n|t:|1776697671\n|move|p2b: Miraidon|Electro Drift|p1b: Ditto\n|-damage|p1b: Ditto|0 fnt\n|faint|p1b: Ditto\n|move|p1a: Rillaboom|Wood Hammer|p2b: Miraidon\n|-damage|p2b: Miraidon|0 fnt\n|faint|p2b: Miraidon\n|-damage|p1a: Rillaboom|93/100|[from] Recoil\n|\n|win|pigduckeater\n|raw|pigduckeater's rating: 1562 &rarr; <strong>1581</strong><br />(+19 for winning)\n|raw|Inechelsideu's rating: 1549 &rarr; <strong>1530</strong><br />(-19 for losing)\n|l|\u2606pigduckeater\n|player|p1|\n","uploadtime":1776697937,"views":10,"formatid":"gen9vgc2026regi","rating":1530,"private":0,"password":null}