{"id":"gen9vgc2026regi-2589871255","format":"[Gen 9] VGC 2026 Reg I","players":["avarussurava","armandopalsud"],"log":"|j|\u2606avarussurava\n|j|\u2606armandopalsud\n|t:|1776769309\n|gametype|doubles\n|player|p1|avarussurava|1|1419\n|player|p2|armandopalsud|hilbert|1422\n|gen|9\n|tier|[Gen 9] VGC 2026 Reg I\n|rated|\n|rule|Species Clause: Limit one of each Pok\u00e9mon\n|rule|Item Clause: Limit 1 of each item\n|clearpoke\n|poke|p1|Tyranitar, L50, F|\n|poke|p1|Kyogre, L50|\n|poke|p1|Zamazenta-*, L50|\n|poke|p1|Gastrodon, L50, M|\n|poke|p1|Sinistcha, L50|\n|poke|p1|Ceruledge, L50, M|\n|poke|p2|Koraidon, L50|\n|poke|p2|Lunala, L50|\n|poke|p2|Chi-Yu, L50|\n|poke|p2|Ursaluna, L50, F|\n|poke|p2|Brute Bonnet, L50|\n|poke|p2|Flutter Mane, L50|\n|teampreview|4\navarussurava rejected open team sheets.\n|\n|t:|1776769338\n|teamsize|p1|4\n|teamsize|p2|4\n|start\n|switch|p1a: Zamazenta|Zamazenta-Crowned, L50|100/100\n|switch|p1b: Ceruledge|Ceruledge, L50, M|100/100\n|switch|p2a: Brute Bonnet|Brute Bonnet, L50|100/100\n|switch|p2b: Lunala|Lunala, L50|100/100\n|-ability|p1a: Zamazenta|Dauntless Shield|boost\n|-boost|p1a: Zamazenta|def|1\n|turn|1\n|inactive|Battle timer is ON: inactive players will automatically lose when time's up. (requested by armandopalsud)\n|\n|t:|1776769356\n|-terastallize|p2b: Lunala|Water\n|move|p1a: Zamazenta|Snarl|p2b: Lunala|[spread] p2a,p2b\n|-resisted|p2a: Brute Bonnet\n|-damage|p2a: Brute Bonnet|98/100\n|-damage|p2b: Lunala|98/100\n|-unboost|p2b: Lunala|spa|1\n|move|p2b: Lunala|Meteor Beam||[still]\n|-prepare|p2b: Lunala|Meteor Beam\n|-boost|p2b: Lunala|spa|1\n|-enditem|p2b: Lunala|Power Herb\n|-anim|p2b: Lunala|Meteor Beam|p1b: Ceruledge\n|-supereffective|p1b: Ceruledge\n|-damage|p1b: Ceruledge|20/100\n|move|p1b: Ceruledge|Taunt|p2a: Brute Bonnet\n|-start|p2a: Brute Bonnet|move: Taunt\n|cant|p2a: Brute Bonnet|move: Taunt|Spore\n|\n|upkeep\n|turn|2\n|inactive|avarussurava has 30 seconds left.\n|inactive|armandopalsud has 30 seconds left.\n|\n|t:|1776769391\n|move|p2a: Brute Bonnet|Sucker Punch|p1b: Ceruledge\n|-supereffective|p1b: Ceruledge\n|-damage|p1b: Ceruledge|0 fnt\n|faint|p1b: Ceruledge\n|move|p1a: Zamazenta|Iron Defense|p1a: Zamazenta\n|-boost|p1a: Zamazenta|def|2\n|move|p2b: Lunala|Moongeist Beam|p1a: Zamazenta\n|-crit|p1a: Zamazenta\n|-damage|p1a: Zamazenta|50/100\n|\n|upkeep\n|\n|t:|1776769401\n|switch|p1b: Sinistcha|Sinistcha, L50|100/100\n|-heal|p1a: Zamazenta|75/100|[from] ability: Hospitality|[of] p1b: Sinistcha\n|turn|3\n|\n|t:|1776769411\n|switch|p1b: Tyranitar|Tyranitar, L50, F|100/100\n|-weather|Sandstorm|[from] ability: Sand Stream|[of] p1b: Tyranitar\n|-end|p2a: Brute Bonnet|Protosynthesis|[silent]\n|switch|p2a: Flutter Mane|Flutter Mane, L50|100/100\n|move|p1a: Zamazenta|Body Press|p2b: Lunala\n|-damage|p2b: Lunala|13/100\n|move|p2b: Lunala|Moongeist Beam|p1b: Tyranitar\n|-resisted|p1b: Tyranitar\n|-damage|p1b: Tyranitar|88/100\n|\n|-weather|Sandstorm|[upkeep]\n|-damage|p2a: Flutter Mane|94/100|[from] Sandstorm\n|-damage|p2b: Lunala|7/100|[from] Sandstorm\n|upkeep\n|turn|4\n|\n|t:|1776769430\n|move|p2a: Flutter Mane|Moonblast|p1b: Tyranitar\n|-supereffective|p1b: Tyranitar\n|-damage|p1b: Tyranitar|39/100\n|move|p1a: Zamazenta|Snarl|p2a: Flutter Mane|[spread] p2a,p2b\n|-damage|p2a: Flutter Mane|86/100\n|-damage|p2b: Lunala|2/100\n|-unboost|p2a: Flutter Mane|spa|1\n|-unboost|p2b: Lunala|spa|1\n|move|p2b: Lunala|Moongeist Beam|p1a: Zamazenta\n|-damage|p1a: Zamazenta|53/100\n|move|p1b: Tyranitar|Rock Blast|p2a: Flutter Mane\n|-damage|p2a: Flutter Mane|54/100\n|-damage|p2a: Flutter Mane|20/100\n|-hitcount|p2a: Flutter Mane|2\n|\n|-weather|Sandstorm|[upkeep]\n|-damage|p2a: Flutter Mane|14/100|[from] Sandstorm\n|-damage|p2b: Lunala|0 fnt|[from] Sandstorm\n|faint|p2b: Lunala\n|upkeep\n|inactive|armandopalsud has 30 seconds left.\n|\n|t:|1776769456\n|switch|p2b: Koraidon|Koraidon, L50|100/100\n|-weather|SunnyDay|[from] ability: Orichalcum Pulse|[of] p2b: Koraidon\n|-activate|p2a: Flutter Mane|ability: Protosynthesis\n|-start|p2a: Flutter Mane|protosynthesisspe\n|-activate|p2b: Koraidon|Orichalcum Pulse|[source]\n|turn|5\n|\n|t:|1776769469\n|-end|p2a: Flutter Mane|Protosynthesis|[silent]\n|switch|p2a: Brute Bonnet|Brute Bonnet, L50|98/100\n|-activate|p2a: Brute Bonnet|ability: Protosynthesis\n|-start|p2a: Brute Bonnet|protosynthesisdef\n|switch|p1b: Sinistcha|Sinistcha, L50|100/100\n|-heal|p1a: Zamazenta|78/100|[from] ability: Hospitality|[of] p1b: Sinistcha\n|-terastallize|p1a: Zamazenta|Ground\n|move|p2b: Koraidon|Flare Blitz|p1a: Zamazenta\n|-damage|p1a: Zamazenta|52/100\n|-damage|p2b: Koraidon|92/100|[from] Recoil\n|-damage|p2b: Koraidon|82/100|[from] item: Life Orb\n|move|p1a: Zamazenta|Body Press|p2b: Koraidon\n|-damage|p2b: Koraidon|0 fnt\n|faint|p2b: Koraidon\n|\n|-weather|SunnyDay|[upkeep]\n|upkeep\n|\n|t:|1776769486\n|switch|p2b: Flutter Mane|Flutter Mane, L50|14/100\n|-activate|p2b: Flutter Mane|ability: Protosynthesis\n|-start|p2b: Flutter Mane|protosynthesisspe\n|turn|6\n|\n|t:|1776769502\n|move|p2a: Brute Bonnet|Sucker Punch|p1b: Sinistcha\n|-supereffective|p1b: Sinistcha\n|-damage|p1b: Sinistcha|42/100\n|-enditem|p1b: Sinistcha|Sitrus Berry|[eat]\n|-heal|p1b: Sinistcha|66/100|[from] item: Sitrus Berry\n|move|p2b: Flutter Mane|Moonblast|p1a: Zamazenta\n|-damage|p1a: Zamazenta|14/100\n|move|p1a: Zamazenta|Body Press|p2a: Brute Bonnet\n|-supereffective|p2a: Brute Bonnet\n|-damage|p2a: Brute Bonnet|0 fnt\n|faint|p2a: Brute Bonnet\n|-end|p2a: Brute Bonnet|Protosynthesis|[silent]\n|move|p1b: Sinistcha|Matcha Gotcha|p2b: Flutter Mane\n|-crit|p2b: Flutter Mane\n|-damage|p2b: Flutter Mane|0 fnt\n|-heal|p1b: Sinistcha|72/100|[from] drain|[of] p2b: Flutter Mane\n|faint|p2b: Flutter Mane\n|-end|p2b: Flutter Mane|Protosynthesis|[silent]\n|\n|win|avarussurava\n|raw|avarussurava's rating: 1419 &rarr; <strong>1439</strong><br />(+20 for winning)\n|raw|armandopalsud's rating: 1422 &rarr; <strong>1402</strong><br />(-20 for losing)\n|l|\u2606armandopalsud\n|player|p2|\n|l|\u2606avarussurava\n|player|p1|\n","uploadtime":1776769523,"views":8,"formatid":"gen9vgc2026regi","rating":1402,"private":0,"password":null}