{"id":"gen9vgc2026regi-2555420183","format":"[Gen 9] VGC 2026 Reg I","players":["yutarotaku","EllenJoe2026"],"log":"|j|\u2606yutarotaku\n|j|\u2606EllenJoe2026\n|t:|1773087852\n|gametype|doubles\n|player|p1|yutarotaku|169|1437\n|player|p2|EllenJoe2026|169|1461\n|gen|9\n|tier|[Gen 9] VGC 2026 Reg I\n|rated|\n|rule|Species Clause: Limit one of each Pok\u00e9mon\n|rule|Item Clause: Limit 1 of each item\n|clearpoke\n|poke|p1|Zamazenta-*, L50|\n|poke|p1|Kingambit, L50, M|\n|poke|p1|Rillaboom, L50, M|\n|poke|p1|Kyogre, L50|\n|poke|p1|Tornadus, L50, M|\n|poke|p1|Brute Bonnet, L50|\n|poke|p2|Calyrex-Shadow, L50|\n|poke|p2|Zamazenta-*, L50|\n|poke|p2|Chien-Pao, L50|\n|poke|p2|Dragonite, L50, F|\n|poke|p2|Tornadus, L50, M|\n|poke|p2|Urshifu-*, L50, F|\n|teampreview|4\n|inactive|Battle timer is ON: inactive players will automatically lose when time's up. (requested by EllenJoe2026)\n|inactive|EllenJoe2026 has 60 seconds left.\n|\n|t:|1773087888\n|teamsize|p1|4\n|teamsize|p2|4\n|start\n|switch|p1a: Brute Bonnet|Brute Bonnet, L50|100/100\n|switch|p1b: Zamazenta|Zamazenta-Crowned, L50|100/100\n|switch|p2a: Zamazenta|Zamazenta-Crowned, L50, shiny|100/100\n|switch|p2b: Tornadus|Tornadus, L50, M, shiny|100/100\n|-ability|p2a: Zamazenta|Dauntless Shield|boost\n|-boost|p2a: Zamazenta|def|1\n|-ability|p1b: Zamazenta|Dauntless Shield|boost\n|-boost|p1b: Zamazenta|def|1\n|-enditem|p1a: Brute Bonnet|Booster Energy\n|-activate|p1a: Brute Bonnet|ability: Protosynthesis|[fromitem]\n|-start|p1a: Brute Bonnet|protosynthesisdef\n|turn|1\n|inactive|yutarotaku has 30 seconds left.\n|\n|t:|1773087918\n|-terastallize|p2a: Zamazenta|Grass\n|move|p1a: Brute Bonnet|Protect|p1a: Brute Bonnet\n|-singleturn|p1a: Brute Bonnet|Protect\n|move|p2b: Tornadus|Tailwind|p2b: Tornadus\n|-sidestart|p2: EllenJoe2026|move: Tailwind\n|move|p2a: Zamazenta|Imprison|p2a: Zamazenta\n|-start|p2a: Zamazenta|move: Imprison\n|cant|p1b: Zamazenta|move: Imprison|Heavy Slam\n|\n|upkeep\n|turn|2\n|inactive|yutarotaku has 30 seconds left.\n|inactive|yutarotaku has 20 seconds left.\n|inactive|yutarotaku has 15 seconds left.\n|inactive|yutarotaku has 10 seconds left.\n|inactive|yutarotaku has 5 seconds left.\n|\n|t:|1773087972\n|switch|p2b: Chien-Pao|Chien-Pao, L50, shiny|100/100\n|-ability|p2b: Chien-Pao|Sword of Ruin\n|switch|p1b: Tornadus|Tornadus, L50, M|100/100\n|move|p2a: Zamazenta|Body Press|p1a: Brute Bonnet\n|-supereffective|p1a: Brute Bonnet\n|-damage|p1a: Brute Bonnet|6/100\n|move|p1a: Brute Bonnet|Spore|p2b: Chien-Pao\n|-status|p2b: Chien-Pao|slp|[from] move: Spore\n|\n|upkeep\n|turn|3\n|inactive|yutarotaku has 30 seconds left.\n|\n|t:|1773087998\n|move|p2a: Zamazenta|Wide Guard|p2a: Zamazenta\n|-singleturn|p2a: Zamazenta|Wide Guard\n|cant|p2b: Chien-Pao|slp\n|move|p1a: Brute Bonnet|Sucker Punch||[still]\n|-fail|p1a: Brute Bonnet\n|move|p1b: Tornadus|Bleakwind Storm|p2b: Chien-Pao|[spread] \n|-activate|p2a: Zamazenta|move: Wide Guard\n|-activate|p2b: Chien-Pao|move: Wide Guard\n|\n|upkeep\n|turn|4\n|\n|t:|1773088021\n|move|p2a: Zamazenta|Wide Guard|p2a: Zamazenta\n|-singleturn|p2a: Zamazenta|Wide Guard\n|move|p1a: Brute Bonnet|Sucker Punch|p2b: Chien-Pao\n|-resisted|p2b: Chien-Pao\n|-damage|p2b: Chien-Pao|80/100 slp\n|cant|p2b: Chien-Pao|slp\n|move|p1b: Tornadus|Bleakwind Storm|p2a: Zamazenta|[spread] \n|-activate|p2a: Zamazenta|move: Wide Guard\n|-activate|p2b: Chien-Pao|move: Wide Guard\n|\n|-sideend|p2: EllenJoe2026|move: Tailwind\n|upkeep\n|turn|5\n|inactive|yutarotaku has 30 seconds left.\n|inactive|yutarotaku has 20 seconds left.\n|\n|t:|1773088058\n|move|p2a: Zamazenta|Wide Guard|p2a: Zamazenta\n|-singleturn|p2a: Zamazenta|Wide Guard\n|-curestatus|p2b: Chien-Pao|slp|[msg]\n|move|p2b: Chien-Pao|Ice Shard|p1b: Tornadus\n|-supereffective|p1b: Tornadus\n|-damage|p1b: Tornadus|52/100\n|move|p1b: Tornadus|Bleakwind Storm|p2a: Zamazenta|[spread] \n|-activate|p2a: Zamazenta|move: Wide Guard\n|-activate|p2b: Chien-Pao|move: Wide Guard\n|move|p1a: Brute Bonnet|Spore|p2b: Chien-Pao\n|-status|p2b: Chien-Pao|slp|[from] move: Spore\n|\n|upkeep\n|turn|6\n|\n|t:|1773088082\n|-end|p1a: Brute Bonnet|Protosynthesis|[silent]\n|switch|p1a: Kyogre|Kyogre, L50|100/100\n|-weather|RainDance|[from] ability: Drizzle|[of] p1a: Kyogre\n|cant|p2b: Chien-Pao|slp\n|move|p2a: Zamazenta|Heavy Slam|p1b: Tornadus\n|-damage|p1b: Tornadus|0 fnt\n|faint|p1b: Tornadus\n|\n|-weather|RainDance|[upkeep]\n|upkeep\n|\n|t:|1773088092\n|switch|p1b: Zamazenta|Zamazenta-Crowned, L50|100/100\n|turn|7\n|\n|t:|1773088103\n|cant|p2b: Chien-Pao|slp\n|move|p1b: Zamazenta|Protect|p1b: Zamazenta\n|-singleturn|p1b: Zamazenta|Protect\n|move|p2a: Zamazenta|Body Press|p1a: Kyogre\n|-damage|p1a: Kyogre|3/100\n|move|p1a: Kyogre|Ice Beam|p2a: Zamazenta\n|-supereffective|p2a: Zamazenta\n|-damage|p2a: Zamazenta|53/100\n|\n|-weather|RainDance|[upkeep]\n|upkeep\n|turn|8\n|-message|yutarotaku forfeited.\n|\n|win|EllenJoe2026\n|raw|yutarotaku's rating: 1437 &rarr; <strong>1418</strong><br />(-19 for losing)\n|raw|EllenJoe2026's rating: 1461 &rarr; <strong>1480</strong><br />(+19 for winning)\n|l|\u2606yutarotaku\n|player|p1|\n|l|\u2606EllenJoe2026\n|player|p2|\n","uploadtime":1773088329,"views":16,"formatid":"gen9vgc2026regi","rating":1418,"private":0,"password":null}