{"id":"gen9vgc2026regi-2573822133","format":"[Gen 9] VGC 2026 Reg I","players":["slinky redfoot","mlbd1"],"log":"|j|\u2606slinky redfoot\n|j|\u2606mlbd1\n|t:|1775168219\n|gametype|doubles\n|player|p1|slinky redfoot|shadowtriad|1488\n|player|p2|mlbd1|265|1594\n|gen|9\n|tier|[Gen 9] VGC 2026 Reg I\n|rated|\n|rule|Species Clause: Limit one of each Pok\u00e9mon\n|rule|Item Clause: Limit 1 of each item\n|clearpoke\n|poke|p1|Chien-Pao, L50|\n|poke|p1|Zamazenta-*, L50|\n|poke|p1|Iron Hands, L50|\n|poke|p1|Grimmsnarl, L50, M|\n|poke|p1|Miraidon, L50|\n|poke|p1|Volcarona, L50, M|\n|poke|p2|Miraidon, L50|\n|poke|p2|Farigiraf, L50, M|\n|poke|p2|Calyrex-Ice, L50|\n|poke|p2|Urshifu-*, L50, M|\n|poke|p2|Ogerpon-Cornerstone, L50, F|\n|poke|p2|Volcarona, L50, F|\n|teampreview|4\n|inactive|Battle timer is ON: inactive players will automatically lose when time's up. (requested by mlbd1)\n|inactive|slinky redfoot also wants the timer to be on.\n|inactive|slinky redfoot has 60 seconds left.\n|inactive|mlbd1 has 60 seconds left.\n|\n|t:|1775168259\n|teamsize|p1|4\n|teamsize|p2|4\n|start\n|switch|p1a: Miraidon|Miraidon, L50|100/100\n|switch|p1b: Grimmsnarl|Grimmsnarl, L50, M|100/100\n|switch|p2a: Miraidon|Miraidon, L50|100/100\n|switch|p2b: Urshifu|Urshifu-Rapid-Strike, L50, M|100/100\n|-fieldstart|move: Electric Terrain|[from] ability: Hadron Engine|[of] p2a: Miraidon\n|-activate|p1a: Miraidon|ability: Hadron Engine\n|turn|1\n|inactive|slinky redfoot has 30 seconds left.\n|\n|t:|1775168286\n|-terastallize|p1a: Miraidon|Fairy\n|move|p1b: Grimmsnarl|Thunder Wave|p2b: Urshifu\n|-status|p2b: Urshifu|par\n|move|p2a: Miraidon|Draco Meteor|p1a: Miraidon\n|-immune|p1a: Miraidon\n|move|p1a: Miraidon|Dazzling Gleam|p2a: Miraidon|[spread] p2a,p2b\n|-supereffective|p2a: Miraidon\n|-supereffective|p2b: Urshifu\n|-damage|p2a: Miraidon|0 fnt\n|-enditem|p2b: Urshifu|Focus Sash\n|-damage|p2b: Urshifu|1/100 par\n|faint|p2a: Miraidon\n|move|p2b: Urshifu|Surging Strikes|p1a: Miraidon\n|-crit|p1a: Miraidon\n|-damage|p1a: Miraidon|78/100\n|-crit|p1a: Miraidon\n|-damage|p1a: Miraidon|54/100\n|-crit|p1a: Miraidon\n|-damage|p1a: Miraidon|31/100\n|-hitcount|p1a: Miraidon|3\n|\n|upkeep\n|\n|t:|1775168291\n|switch|p2a: Calyrex|Calyrex-Ice, L50|100/100\n|-ability|p2a: Calyrex|As One\n|-ability|p2a: Calyrex|Unnerve\n|turn|2\n|\n|t:|1775168312\n|switch|p1a: Iron Hands|Iron Hands, L50|100/100\n|-activate|p1a: Iron Hands|ability: Quark Drive\n|-start|p1a: Iron Hands|quarkdriveatk\n|switch|p2b: Volcarona|Volcarona, L50, F|100/100\n|-terastallize|p2a: Calyrex|Fire\n|move|p1b: Grimmsnarl|Reflect|p1b: Grimmsnarl\n|-sidestart|p1: slinky redfoot|Reflect\n|move|p2a: Calyrex|Trick Room|p2a: Calyrex\n|-fieldstart|move: Trick Room|[of] p2a: Calyrex\n|\n|upkeep\n|turn|3\n|inactive|slinky redfoot has 30 seconds left.\n|\n|t:|1775168338\n|move|p2b: Volcarona|Rage Powder|p2b: Volcarona\n|-singleturn|p2b: Volcarona|move: Rage Powder\n|move|p1b: Grimmsnarl|Thunder Wave|p2b: Volcarona\n|-status|p2b: Volcarona|par\n|move|p2a: Calyrex|High Horsepower|p1a: Iron Hands|[miss]\n|-miss|p2a: Calyrex|p1a: Iron Hands\n|move|p1a: Iron Hands|Wild Charge|p2b: Volcarona\n|-damage|p2b: Volcarona|16/100 par\n|-damage|p1a: Iron Hands|84/100|[from] item: Rocky Helmet|[of] p2b: Volcarona\n|-damage|p1a: Iron Hands|67/100|[from] Recoil\n|\n|upkeep\n|turn|4\n|\n|t:|1775168358\n|move|p1b: Grimmsnarl|Reflect||[still]\n|-fail|p1b: Grimmsnarl\n|move|p2a: Calyrex|Glacial Lance|p1a: Iron Hands|[spread] p1a,p1b\n|-damage|p1a: Iron Hands|39/100\n|-damage|p1b: Grimmsnarl|55/100\n|cant|p2b: Volcarona|par\n|move|p1a: Iron Hands|Low Kick|p2a: Calyrex\n|-damage|p2a: Calyrex|51/100\n|\n|upkeep\n|turn|5\n|\n|t:|1775168381\n|move|p1b: Grimmsnarl|Thunder Wave|p2a: Calyrex|[miss]\n|-miss|p1b: Grimmsnarl|p2a: Calyrex\n|move|p2a: Calyrex|Glacial Lance|p1b: Grimmsnarl|[spread] p1a,p1b\n|-damage|p1a: Iron Hands|13/100\n|-damage|p1b: Grimmsnarl|16/100\n|move|p2b: Volcarona|Fiery Dance|p1a: Iron Hands\n|-damage|p1a: Iron Hands|0 fnt\n|-boost|p2b: Volcarona|spa|1\n|faint|p1a: Iron Hands\n|-end|p1a: Iron Hands|Quark Drive|[silent]\n|\n|-fieldend|move: Electric Terrain\n|upkeep\n|\n|t:|1775168394\n|switch|p1a: Chien-Pao|Chien-Pao, L50|100/100\n|-ability|p1a: Chien-Pao|Sword of Ruin\n|turn|6\n|\n|t:|1775168408\n|move|p2a: Calyrex|Protect|p2a: Calyrex\n|-singleturn|p2a: Calyrex|Protect\n|cant|p2b: Volcarona|par\n|move|p1a: Chien-Pao|Protect|p1a: Chien-Pao\n|-singleturn|p1a: Chien-Pao|Protect\n|move|p1b: Grimmsnarl|Thunder Wave|p2a: Calyrex\n|-activate|p2a: Calyrex|move: Protect\n|\n|-fieldend|move: Trick Room\n|upkeep\n|turn|7\n|inactive|slinky redfoot has 30 seconds left.\n|\n|t:|1775168440\n|cant|p2b: Volcarona|par\n|move|p1b: Grimmsnarl|Thunder Wave|p2a: Calyrex|[miss]\n|-miss|p1b: Grimmsnarl|p2a: Calyrex\n|move|p1a: Chien-Pao|Crunch|p2a: Calyrex\n|-damage|p2a: Calyrex|15/100\n|move|p2a: Calyrex|Trick Room|p2a: Calyrex\n|-fieldstart|move: Trick Room|[of] p2a: Calyrex\n|\n|upkeep\n|turn|8\n|\n|t:|1775168451\n|move|p1a: Chien-Pao|Protect|p1a: Chien-Pao\n|-singleturn|p1a: Chien-Pao|Protect\n|move|p2b: Volcarona|Rage Powder|p2b: Volcarona\n|-singleturn|p2b: Volcarona|move: Rage Powder\n|move|p2a: Calyrex|Glacial Lance|p1a: Chien-Pao|[spread] p1b\n|-activate|p1a: Chien-Pao|move: Protect\n|-damage|p1b: Grimmsnarl|0 fnt\n|faint|p1b: Grimmsnarl\n|-ability|p2a: Calyrex|Chilling Neigh|boost\n|-boost|p2a: Calyrex|atk|1\n|\n|upkeep\n|\n|t:|1775168457\n|switch|p1b: Miraidon|Miraidon, L50, tera:Fairy|31/100\n|-fieldstart|move: Electric Terrain|[from] ability: Hadron Engine|[of] p1b: Miraidon\n|turn|9\n|-message|slinky redfoot forfeited.\n|\n|win|mlbd1\n|raw|slinky redfoot's rating: 1488 &rarr; <strong>1474</strong><br />(-14 for losing)\n|raw|mlbd1's rating: 1594 &rarr; <strong>1608</strong><br />(+14 for winning)\n|l|\u2606slinky redfoot\n|player|p1|\n","uploadtime":1775168636,"views":13,"formatid":"gen9vgc2026regi","rating":1474,"private":0,"password":null}