{"id":"gen9vgc2026regi-2580824904","format":"[Gen 9] VGC 2026 Reg I","players":["jpto5","luxu.sama"],"log":"|j|\u2606jpto5\n|j|\u2606luxu.sama\n|t:|1775935506\n|gametype|doubles\n|player|p1|jpto5|266|1422\n|player|p2|luxu.sama|rosa|1462\n|gen|9\n|tier|[Gen 9] VGC 2026 Reg I\n|rated|\n|rule|Species Clause: Limit one of each Pok\u00e9mon\n|rule|Item Clause: Limit 1 of each item\n|clearpoke\n|poke|p1|Tornadus, L50, M|\n|poke|p1|Kyogre, L50|\n|poke|p1|Zacian-*, L50|\n|poke|p1|Basculegion, L50, M|\n|poke|p1|Incineroar, L50, F|\n|poke|p1|Archaludon, L50, M|\n|poke|p2|Kyogre, L50|\n|poke|p2|Zamazenta-*, L50|\n|poke|p2|Tornadus, L50, M|\n|poke|p2|Urshifu-*, L50, F|\n|poke|p2|Landorus, L50, M|\n|poke|p2|Flutter Mane, L50|\n|teampreview|4\n|inactive|Battle timer is ON: inactive players will automatically lose when time's up. (requested by jpto5)\n|inactive|jpto5 has 60 seconds left.\n|inactive|luxu.sama has 60 seconds left.\n|\n|t:|1775935563\n|teamsize|p1|4\n|teamsize|p2|4\n|start\n|switch|p1a: Tornadus|Tornadus, L50, M|100/100\n|switch|p1b: Basculegion|Basculegion, L50, M|100/100\n|switch|p2a: Tornadus|Tornadus, L50, M|100/100\n|switch|p2b: Landorus|Landorus, L50, M|100/100\n|turn|1\n|\n|t:|1775935577\n|-terastallize|p2b: Landorus|Steel\n|move|p1b: Basculegion|Protect|p1b: Basculegion\n|-singleturn|p1b: Basculegion|Protect\n|move|p1a: Tornadus|Taunt|p2a: Tornadus\n|-start|p2a: Tornadus|move: Taunt\n|cant|p2a: Tornadus|move: Taunt|Tailwind\n|move|p2b: Landorus|Earth Power|p1b: Basculegion\n|-activate|p1b: Basculegion|move: Protect\n|\n|upkeep\n|turn|2\n|inactive|jpto5 has 30 seconds left.\n|\n|t:|1775935606\n|move|p1a: Tornadus|Rain Dance|p1a: Tornadus\n|-weather|RainDance\n|move|p1b: Basculegion|Wave Crash|p2b: Landorus\n|-damage|p2b: Landorus|0 fnt\n|faint|p2b: Landorus\n|-damage|p1b: Basculegion|73/100|[from] Recoil\n|-damage|p1b: Basculegion|63/100|[from] item: Life Orb\n|move|p2a: Tornadus|Bleakwind Storm|p1b: Basculegion|[spread] p1a,p1b\n|-damage|p1a: Tornadus|52/100\n|-damage|p1b: Basculegion|17/100\n|\n|-weather|RainDance|[upkeep]\n|upkeep\n|inactive|luxu.sama has 30 seconds left.\n|\n|t:|1775935633\n|switch|p2b: Zamazenta|Zamazenta-Crowned, L50|100/100\n|-ability|p2b: Zamazenta|Dauntless Shield|boost\n|-boost|p2b: Zamazenta|def|1\n|turn|3\n|\n|t:|1775935649\n|switch|p2a: Kyogre|Kyogre, L50|100/100\n|move|p1b: Basculegion|Protect|p1b: Basculegion\n|-singleturn|p1b: Basculegion|Protect\n|move|p1a: Tornadus|Tailwind|p1a: Tornadus\n|-sidestart|p1: jpto5|move: Tailwind\n|move|p2b: Zamazenta|Heavy Slam|p1b: Basculegion\n|-activate|p1b: Basculegion|move: Protect\n|\n|-weather|RainDance|[upkeep]\n|upkeep\n|turn|4\n|\n|t:|1775935673\n|move|p2b: Zamazenta|Wide Guard|p2b: Zamazenta\n|-singleturn|p2b: Zamazenta|Wide Guard\n|move|p1b: Basculegion|Wave Crash|p2a: Kyogre\n|-resisted|p2a: Kyogre\n|-damage|p2a: Kyogre|35/100\n|-damage|p1b: Basculegion|0 fnt|[from] Recoil\n|faint|p1b: Basculegion\n|move|p1a: Tornadus|Bleakwind Storm|p2b: Zamazenta|[spread] \n|-activate|p2a: Kyogre|move: Wide Guard\n|-activate|p2b: Zamazenta|move: Wide Guard\n|move|p2a: Kyogre|Origin Pulse|p1a: Tornadus\n|-damage|p1a: Tornadus|0 fnt\n|faint|p1a: Tornadus\n|\n|-weather|RainDance|[upkeep]\n|upkeep\n|\n|t:|1775935681\n|switch|p1a: Zacian|Zacian-Crowned, L50|100/100\n|switch|p1b: Archaludon|Archaludon, L50, M|100/100\n|-ability|p1a: Zacian|Intrepid Sword|boost\n|-boost|p1a: Zacian|atk|1\n|turn|5\n|inactive|jpto5 has 30 seconds left.\n|inactive|luxu.sama has 30 seconds left.\n|inactive|jpto5 has 20 seconds left.\n|inactive|luxu.sama has 20 seconds left.\n|inactive|luxu.sama has 15 seconds left.\n|inactive|luxu.sama has 10 seconds left.\n|inactive|jpto5 has 15 seconds left.\n|inactive|luxu.sama has 5 seconds left.\n|\n|t:|1775935734\n|switch|p2a: Tornadus|Tornadus, L50, M|100/100\n|move|p1a: Zacian|Sacred Sword|p2a: Tornadus\n|-resisted|p2a: Tornadus\n|-damage|p2a: Tornadus|63/100\n|move|p1b: Archaludon|Electro Shot||[still]\n|-prepare|p1b: Archaludon|Electro Shot\n|-boost|p1b: Archaludon|spa|1\n|-anim|p1b: Archaludon|Electro Shot|p2b: Zamazenta\n|-damage|p2b: Zamazenta|45/100\n|move|p2b: Zamazenta|Body Press|p1b: Archaludon\n|-supereffective|p1b: Archaludon\n|-ability|p1b: Archaludon|Sturdy\n|-damage|p1b: Archaludon|1/100\n|\n|-weather|RainDance|[upkeep]\n|upkeep\n|turn|6\n|inactive|luxu.sama has 30 seconds left.\n|inactive|luxu.sama has 20 seconds left.\n|inactive|luxu.sama has 15 seconds left.\n|inactive|luxu.sama has 10 seconds left.\n|\n|t:|1775935781\n|move|p2a: Tornadus|Tailwind|p2a: Tornadus\n|-sidestart|p2: luxu.sama|move: Tailwind\n|move|p1a: Zacian|Sacred Sword|p2b: Zamazenta\n|-supereffective|p2b: Zamazenta\n|-damage|p2b: Zamazenta|0 fnt\n|faint|p2b: Zamazenta\n|move|p1b: Archaludon|Electro Shot||[still]\n|-prepare|p1b: Archaludon|Electro Shot\n|-boost|p1b: Archaludon|spa|1\n|-anim|p1b: Archaludon|Electro Shot|p2a: Tornadus\n|-supereffective|p2a: Tornadus\n|-damage|p2a: Tornadus|0 fnt\n|faint|p2a: Tornadus\n|\n|-weather|none\n|-sideend|p1: jpto5|move: Tailwind\n|upkeep\n|\n|t:|1775935788\n|switch|p2b: Kyogre|Kyogre, L50|35/100\n|-weather|RainDance|[from] ability: Drizzle|[of] p2b: Kyogre\n|turn|7\n|inactive|jpto5 has 30 seconds left.\n|\n|t:|1775935817\n|-terastallize|p1a: Zacian|Fighting\n|move|p2b: Kyogre|Origin Pulse|p1b: Archaludon|[spread] p1a,p1b\n|-resisted|p1b: Archaludon\n|-damage|p1a: Zacian|32/100\n|-damage|p1b: Archaludon|0 fnt\n|faint|p1b: Archaludon\n|move|p1a: Zacian|Sacred Sword|p2b: Kyogre\n|-damage|p2b: Kyogre|0 fnt\n|faint|p2b: Kyogre\n|\n|win|jpto5\n|raw|jpto5's rating: 1422 &rarr; <strong>1444</strong><br />(+22 for winning)\n|raw|luxu.sama's rating: 1462 &rarr; <strong>1440</strong><br />(-22 for losing)\n|c|\u2606luxu.sama|Gg\n|l|\u2606luxu.sama\n|player|p2|\n|l|\u2606jpto5\n|player|p1|\n","uploadtime":1775936041,"views":14,"formatid":"gen9vgc2026regi","rating":1440,"private":0,"password":null}