{"id":"gen9vgc2026regi-2529408389","format":"[Gen 9] VGC 2026 Reg I","players":["vgcgarchomp","kojimuranishi"],"log":"|j|\u2606vgcgarchomp\n|j|\u2606kojimuranishi\n|t:|1769784358\n|gametype|doubles\n|player|p1|vgcgarchomp|102|1387\n|player|p2|kojimuranishi|1|1439\n|gen|9\n|tier|[Gen 9] VGC 2026 Reg I\n|rated|\n|rule|Species Clause: Limit one of each Pok\u00e9mon\n|rule|Item Clause: Limit 1 of each item\n|clearpoke\n|poke|p1|Calyrex-Shadow, L50|\n|poke|p1|Miraidon, L50|\n|poke|p1|Iron Hands, L50|\n|poke|p1|Incineroar, L50, F|\n|poke|p1|Whimsicott, L50, F|\n|poke|p1|Urshifu-*, L50, M|\n|poke|p2|Whimsicott, L50, F|\n|poke|p2|Calyrex-Ice, L50|\n|poke|p2|Miraidon, L50|\n|poke|p2|Chi-Yu, L50|\n|poke|p2|Landorus, L50, M|\n|poke|p2|Stantler, L50, F|\n|teampreview|4\n|inactive|Battle timer is ON: inactive players will automatically lose when time's up. (requested by vgcgarchomp)\n|\n|t:|1769784371\n|teamsize|p1|4\n|teamsize|p2|4\n|start\n|switch|p1a: Calyrex|Calyrex-Shadow, L50|100/100\n|switch|p1b: Whimsicott|Whimsicott, L50, F, shiny|100/100\n|switch|p2a: Whimsicott|Whimsicott, L50, F|100/100\n|switch|p2b: Calyrex|Calyrex-Ice, L50|100/100\n|-ability|p1a: Calyrex|As One\n|-ability|p1a: Calyrex|Unnerve\n|-ability|p2b: Calyrex|As One\n|-ability|p2b: Calyrex|Unnerve\n|turn|1\n|\n|t:|1769784388\n|-terastallize|p1a: Calyrex|Ghost\n|-terastallize|p2b: Calyrex|Ice\n|move|p1b: Whimsicott|Tailwind|p1b: Whimsicott\n|-sidestart|p1: vgcgarchomp|move: Tailwind\n|move|p2a: Whimsicott|Tailwind|p2a: Whimsicott\n|-sidestart|p2: kojimuranishi|move: Tailwind\n|move|p1a: Calyrex|Astral Barrage|p2a: Whimsicott|[spread] p2a,p2b\n|-enditem|p2a: Whimsicott|Focus Sash\n|-damage|p2a: Whimsicott|1/100\n|-damage|p2b: Calyrex|35/100\n|move|p2b: Calyrex|Glacial Lance|p1b: Whimsicott|[spread] p1a,p1b\n|-supereffective|p1b: Whimsicott\n|-enditem|p1a: Calyrex|Focus Sash\n|-damage|p1a: Calyrex|1/100\n|-damage|p1b: Whimsicott|0 fnt\n|faint|p1b: Whimsicott\n|-ability|p2b: Calyrex|Chilling Neigh|boost\n|-boost|p2b: Calyrex|atk|1\n|\n|upkeep\n|\n|t:|1769784392\n|switch|p1b: Miraidon|Miraidon, L50, shiny|100/100\n|-fieldstart|move: Electric Terrain|[from] ability: Hadron Engine|[of] p1b: Miraidon\n|turn|2\n|inactive|kojimuranishi has 30 seconds left.\n|inactive|kojimuranishi has 20 seconds left.\n|\n|t:|1769784430\n|move|p1b: Miraidon|Protect|p1b: Miraidon\n|-singleturn|p1b: Miraidon|Protect\n|move|p2a: Whimsicott|Encore|p1a: Calyrex\n|-start|p1a: Calyrex|Encore\n|move|p1a: Calyrex|Astral Barrage|p2b: Calyrex|[spread] p2a,p2b\n|-damage|p2a: Whimsicott|0 fnt\n|-damage|p2b: Calyrex|0 fnt\n|faint|p2a: Whimsicott\n|faint|p2b: Calyrex\n|-ability|p1a: Calyrex|Grim Neigh|boost\n|-boost|p1a: Calyrex|spa|2\n|\n|upkeep\n|j| Rege1\n|l| Rege1\n|j| Rege1\n|l| Rege1\n|j| Rege1\n|l| Rege1\n|\n|t:|1769784443\n|switch|p2a: Miraidon|Miraidon, L50|100/100\n|switch|p2b: Chi-Yu|Chi-Yu, L50|100/100\n|-activate|p2a: Miraidon|ability: Hadron Engine\n|-ability|p2b: Chi-Yu|Beads of Ruin\n|turn|3\n|j| Rege1\n|l| Rege1\n|\n|t:|1769784456\n|move|p2a: Miraidon|Snarl|p1a: Calyrex|[spread] p1a,p1b\n|-supereffective|p1a: Calyrex\n|-damage|p1a: Calyrex|0 fnt\n|-damage|p1b: Miraidon|78/100\n|-unboost|p1b: Miraidon|spa|1\n|faint|p1a: Calyrex\n|move|p1b: Miraidon|Draco Meteor|p2a: Miraidon\n|-supereffective|p2a: Miraidon\n|-damage|p2a: Miraidon|0 fnt\n|-unboost|p1b: Miraidon|spa|2\n|faint|p2a: Miraidon\n|-damage|p1b: Miraidon|68/100|[from] item: Life Orb\n|move|p2b: Chi-Yu|Dark Pulse|p1b: Miraidon\n|-damage|p1b: Miraidon|0 fnt\n|faint|p1b: Miraidon\n|\n|upkeep\n|\n|t:|1769784464\n|switch|p1b: Iron Hands|Iron Hands, L50, shiny|100/100\n|-activate|p1b: Iron Hands|ability: Quark Drive\n|-start|p1b: Iron Hands|quarkdriveatk\n|turn|4\n|\n|t:|1769784478\n|move|p1b: Iron Hands|Fake Out|p2b: Chi-Yu\n|-damage|p2b: Chi-Yu|68/100\n|cant|p2b: Chi-Yu|flinch\n|\n|-sideend|p2: kojimuranishi|move: Tailwind\n|-sideend|p1: vgcgarchomp|move: Tailwind\n|upkeep\n|turn|5\n|\n|t:|1769784485\n|move|p2b: Chi-Yu|Dark Pulse|p1b: Iron Hands\n|-resisted|p1b: Iron Hands\n|-damage|p1b: Iron Hands|73/100\n|cant|p1b: Iron Hands|flinch\n|\n|upkeep\n|turn|6\n|\n|t:|1769784492\n|move|p2b: Chi-Yu|Dark Pulse|p1b: Iron Hands\n|-resisted|p1b: Iron Hands\n|-damage|p1b: Iron Hands|48/100\n|move|p1b: Iron Hands|Close Combat|p2b: Chi-Yu\n|-supereffective|p2b: Chi-Yu\n|-damage|p2b: Chi-Yu|0 fnt\n|-unboost|p1b: Iron Hands|def|1\n|-unboost|p1b: Iron Hands|spd|1\n|faint|p2b: Chi-Yu\n|\n|win|vgcgarchomp\n|raw|vgcgarchomp's rating: 1387 &rarr; <strong>1410</strong><br />(+23 for winning)\n|raw|kojimuranishi's rating: 1439 &rarr; <strong>1416</strong><br />(-23 for losing)\n|l|\u2606kojimuranishi\n|player|p2|\n|l|\u2606vgcgarchomp\n|player|p1|\n","uploadtime":1769784751,"views":16,"formatid":"gen9vgc2026regi","rating":1410,"private":0,"password":null}