{"id":"gen9vgc2026regi-2559963108","format":"[Gen 9] VGC 2026 Reg I","players":["ittsaTRAP","It'sJustKen VGC"],"log":"|j|\u2606ittsaTRAP\n|j|\u2606It'sJustKen VGC\n|t:|1773629079\n|gametype|doubles\n|player|p1|ittsaTRAP|265|1257\n|player|p2|It'sJustKen VGC|102|1326\n|gen|9\n|tier|[Gen 9] VGC 2026 Reg I\n|rated|\n|rule|Species Clause: Limit one of each Pok\u00e9mon\n|rule|Item Clause: Limit 1 of each item\n|clearpoke\n|poke|p1|Indeedee-F, L50, F|\n|poke|p1|Calyrex-Ice, L50|\n|poke|p1|Necrozma-Dawn-Wings, L50|\n|poke|p1|Torkoal, L50, M|\n|poke|p1|Smeargle, L50, F|\n|poke|p1|Ursaluna, L50, F|\n|poke|p2|Miraidon, L50|\n|poke|p2|Oranguru, L50, F|\n|poke|p2|Iron Hands, L50|\n|poke|p2|Sinistcha, L50|\n|poke|p2|Incineroar, L50, F|\n|poke|p2|Calyrex-Shadow, L50|\n|teampreview|4\n|inactive|Battle timer is ON: inactive players will automatically lose when time's up. (requested by It'sJustKen VGC)\n|\n|t:|1773629092\n|teamsize|p1|4\n|teamsize|p2|4\n|start\n|switch|p1a: Indeedee|Indeedee-F, L50, F|100/100\n|switch|p1b: Necrozma|Necrozma-Dawn-Wings, L50|100/100\n|switch|p2a: Miraidon|Miraidon, L50, shiny|100/100\n|switch|p2b: Oranguru|Oranguru, L50, F|100/100\n|-fieldstart|move: Electric Terrain|[from] ability: Hadron Engine|[of] p2a: Miraidon\n|-enditem|p2a: Miraidon|Electric Seed\n|-boost|p2a: Miraidon|def|1|[from] item: Electric Seed\n|-activate|p2b: Oranguru|ability: Symbiosis|Covert Cloak|[of] p2a: Miraidon\n|-fieldstart|move: Psychic Terrain|[from] ability: Psychic Surge|[of] p1a: Indeedee\n|turn|1\n|\n|t:|1773629115\n|move|p1a: Indeedee|Follow Me|p1a: Indeedee\n|-singleturn|p1a: Indeedee|move: Follow Me\n|move|p2a: Miraidon|Calm Mind|p2a: Miraidon\n|-boost|p2a: Miraidon|spa|1\n|-boost|p2a: Miraidon|spd|1\n|move|p2b: Oranguru|Instruct|p1a: Indeedee\n|-singleturn|p1a: Indeedee|move: Instruct|[of] p2b: Oranguru\n|move|p1a: Indeedee|Follow Me||[still]\n|-fail|p1a: Indeedee\n|move|p1b: Necrozma|Expanding Force|p2b: Oranguru|[spread] p2a,p2b\n|-resisted|p2b: Oranguru\n|-damage|p2a: Miraidon|60/100\n|-damage|p2b: Oranguru|74/100\n|\n|upkeep\n|turn|2\n|\n|t:|1773629133\n|move|p1a: Indeedee|Follow Me|p1a: Indeedee\n|-singleturn|p1a: Indeedee|move: Follow Me\n|move|p2a: Miraidon|Calm Mind|p2a: Miraidon\n|-boost|p2a: Miraidon|spa|1\n|-boost|p2a: Miraidon|spd|1\n|move|p2b: Oranguru|Light Screen|p2b: Oranguru\n|-sidestart|p2: It'sJustKen VGC|move: Light Screen\n|move|p1b: Necrozma|Trick Room|p1b: Necrozma\n|-fieldstart|move: Trick Room|[of] p1b: Necrozma\n|\n|upkeep\n|turn|3\n|\n|t:|1773629148\n|-terastallize|p2a: Miraidon|Electric\n|move|p1a: Indeedee|Follow Me|p1a: Indeedee\n|-singleturn|p1a: Indeedee|move: Follow Me\n|move|p1b: Necrozma|Moongeist Beam|p2b: Oranguru\n|-immune|p2b: Oranguru\n|move|p2b: Oranguru|Instruct|p1a: Indeedee\n|-singleturn|p1a: Indeedee|move: Instruct|[of] p2b: Oranguru\n|move|p1a: Indeedee|Follow Me||[still]\n|-fail|p1a: Indeedee\n|move|p2a: Miraidon|Parabolic Charge|p1a: Indeedee|[spread] p2b,p1a,p1b\n|-damage|p2b: Oranguru|36/100\n|-heal|p2a: Miraidon|78/100|[from] drain|[of] p2b: Oranguru\n|-damage|p1a: Indeedee|29/100\n|-heal|p2a: Miraidon|100/100|[from] drain|[of] p1a: Indeedee\n|-damage|p1b: Necrozma|54/100\n|\n|upkeep\n|turn|4\n|inactive|ittsaTRAP has 30 seconds left.\n|\n|t:|1773629180\n|move|p1b: Necrozma|Expanding Force|p2a: Miraidon|[spread] p2a,p2b\n|-resisted|p2b: Oranguru\n|-damage|p2a: Miraidon|82/100\n|-damage|p2b: Oranguru|15/100\n|move|p1a: Indeedee|Dazzling Gleam|p2a: Miraidon|[spread] p2a,p2b\n|-damage|p2a: Miraidon|78/100\n|-damage|p2b: Oranguru|8/100\n|move|p2a: Miraidon|Calm Mind|p2a: Miraidon\n|-boost|p2a: Miraidon|spa|1\n|-boost|p2a: Miraidon|spd|1\n|move|p2b: Oranguru|Trick Room|p2b: Oranguru\n|-fieldend|move: Trick Room\n|\n|upkeep\n|turn|5\n|-message|ittsaTRAP forfeited.\n|\n|win|It'sJustKen VGC\n|raw|ittsaTRAP's rating: 1257 &rarr; <strong>1237</strong><br />(-20 for losing)\n|raw|It&apos;sJustKen VGC's rating: 1326 &rarr; <strong>1342</strong><br />(+16 for winning)\n|l|\u2606ittsaTRAP\n|player|p1|\n","uploadtime":1773629190,"views":10,"formatid":"gen9vgc2026regi","rating":1237,"private":0,"password":null}