{"id":"gen9vgc2026regi-2549412433","format":"[Gen 9] VGC 2026 Reg I","players":["anegasak","kojimuranishi"],"log":"|j|\u2606anegasak\n|j|\u2606kojimuranishi\n|t:|1772362520\n|gametype|doubles\n|player|p1|anegasak|265|1432\n|player|p2|kojimuranishi|102|1356\n|gen|9\n|tier|[Gen 9] VGC 2026 Reg I\n|rated|\n|rule|Species Clause: Limit one of each Pok\u00e9mon\n|rule|Item Clause: Limit 1 of each item\n|clearpoke\n|poke|p1|Kyogre, L50|\n|poke|p1|Calyrex-Ice, L50|\n|poke|p1|Tornadus, L50, M|\n|poke|p1|Urshifu-*, L50, M|\n|poke|p1|Smeargle, L50, M|\n|poke|p1|Raging Bolt, L50|\n|poke|p2|Raging Bolt, L50|\n|poke|p2|Calyrex-Ice, L50|\n|poke|p2|Kyogre, L50|\n|poke|p2|Indeedee-F, L50, F|\n|poke|p2|Ursaluna, L50, F|\n|poke|p2|Torkoal, L50, F|\n|teampreview|4\n|inactive|Battle timer is ON: inactive players will automatically lose when time's up. (requested by kojimuranishi)\n|inactive|anegasak has 60 seconds left.\n|\n|t:|1772362589\n|teamsize|p1|4\n|teamsize|p2|4\n|start\n|switch|p1a: Calyrex|Calyrex-Ice, L50|100/100\n|switch|p1b: Raging Bolt|Raging Bolt, L50|100/100\n|switch|p2a: Ursaluna|Ursaluna, L50, F|100/100\n|switch|p2b: Kyogre|Kyogre, L50|100/100\n|-ability|p1a: Calyrex|As One\n|-ability|p1a: Calyrex|Unnerve\n|-weather|RainDance|[from] ability: Drizzle|[of] p2b: Kyogre\n|-enditem|p1b: Raging Bolt|Booster Energy\n|-activate|p1b: Raging Bolt|ability: Protosynthesis|[fromitem]\n|-start|p1b: Raging Bolt|protosynthesisspa\n|turn|1\n|inactive|kojimuranishi has 30 seconds left.\n|\n|t:|1772362616\n|-terastallize|p2b: Kyogre|Water\n|move|p2a: Ursaluna|Protect|p2a: Ursaluna\n|-singleturn|p2a: Ursaluna|Protect\n|move|p2b: Kyogre|Water Spout|p1b: Raging Bolt|[spread] p1a,p1b\n|-resisted|p1b: Raging Bolt\n|-damage|p1a: Calyrex|15/100\n|-damage|p1b: Raging Bolt|46/100\n|move|p1b: Raging Bolt|Thunderbolt|p2b: Kyogre\n|-supereffective|p2b: Kyogre\n|-damage|p2b: Kyogre|0 fnt\n|faint|p2b: Kyogre\n|move|p1a: Calyrex|Glacial Lance|p2a: Ursaluna\n|-activate|p2a: Ursaluna|move: Protect\n|\n|-weather|RainDance|[upkeep]\n|-status|p2a: Ursaluna|brn|[from] item: Flame Orb\n|upkeep\n|\n|t:|1772362632\n|switch|p2b: Calyrex|Calyrex-Ice, L50|100/100\n|-ability|p2b: Calyrex|As One\n|-ability|p2b: Calyrex|Unnerve\n|turn|2\n|\n|t:|1772362641\n|switch|p2a: Torkoal|Torkoal, L50, F|100/100\n|-weather|SunnyDay|[from] ability: Drought|[of] p2a: Torkoal\n|move|p1b: Raging Bolt|Thunderbolt|p2b: Calyrex\n|-crit|p2b: Calyrex\n|-damage|p2b: Calyrex|43/100\n|move|p1a: Calyrex|Glacial Lance|p2b: Calyrex|[spread] p2a,p2b\n|-resisted|p2a: Torkoal\n|-resisted|p2b: Calyrex\n|-damage|p2a: Torkoal|78/100\n|-damage|p2b: Calyrex|26/100\n|move|p2b: Calyrex|Trick Room|p2b: Calyrex\n|-fieldstart|move: Trick Room|[of] p2b: Calyrex\n|\n|-weather|SunnyDay|[upkeep]\n|-heal|p2b: Calyrex|32/100|[from] item: Leftovers\n|upkeep\n|turn|3\n|inactive|anegasak has 30 seconds left.\n|inactive|kojimuranishi has 30 seconds left.\n|inactive|anegasak has 20 seconds left.\n|inactive|anegasak has 15 seconds left.\n|inactive|anegasak has 10 seconds left.\n|\n|t:|1772362688\n|move|p1b: Raging Bolt|Protect|p1b: Raging Bolt\n|-singleturn|p1b: Raging Bolt|Protect\n|move|p2a: Torkoal|Weather Ball|p1a: Calyrex\n|-supereffective|p1a: Calyrex\n|-damage|p1a: Calyrex|0 fnt\n|faint|p1a: Calyrex\n|move|p2b: Calyrex|Glacial Lance|p1b: Raging Bolt\n|-activate|p1b: Raging Bolt|move: Protect\n|\n|-weather|SunnyDay|[upkeep]\n|-heal|p2b: Calyrex|38/100|[from] item: Leftovers\n|upkeep\n|\n|t:|1772362701\n|switch|p1a: Kyogre|Kyogre, L50|100/100\n|-weather|RainDance|[from] ability: Drizzle|[of] p1a: Kyogre\n|turn|4\n|\n|t:|1772362712\n|-terastallize|p1b: Raging Bolt|Electric\n|move|p2b: Calyrex|Protect|p2b: Calyrex\n|-singleturn|p2b: Calyrex|Protect\n|move|p2a: Torkoal|Weather Ball|p1a: Kyogre\n|-resisted|p1a: Kyogre\n|-damage|p1a: Kyogre|87/100\n|move|p1b: Raging Bolt|Thunderbolt|p2b: Calyrex\n|-activate|p2b: Calyrex|move: Protect\n|move|p1a: Kyogre|Water Spout|p2a: Torkoal|[spread] p2a\n|-activate|p2b: Calyrex|move: Protect\n|-supereffective|p2a: Torkoal\n|-damage|p2a: Torkoal|0 fnt\n|faint|p2a: Torkoal\n|\n|-weather|RainDance|[upkeep]\n|-heal|p2b: Calyrex|43/100|[from] item: Leftovers\n|upkeep\n|\n|t:|1772362730\n|switch|p2a: Ursaluna|Ursaluna, L50, F|100/100 brn\n|turn|5\n|\n|t:|1772362742\n|switch|p1a: Smeargle|Smeargle, L50, M|100/100\n|move|p1b: Raging Bolt|Thunderclap|p2b: Calyrex\n|-damage|p2b: Calyrex|0 fnt\n|faint|p2b: Calyrex\n|move|p2a: Ursaluna|Facade|p1a: Smeargle\n|-enditem|p1a: Smeargle|Focus Sash\n|-damage|p1a: Smeargle|1/100\n|\n|-weather|RainDance|[upkeep]\n|-damage|p2a: Ursaluna|95/100 brn|[from] brn\n|-ability|p1a: Smeargle|Moody|boost\n|-boost|p1a: Smeargle|spe|2\n|-unboost|p1a: Smeargle|spd|1\n|upkeep\n|turn|6\n|-message|kojimuranishi forfeited.\n|\n|win|anegasak\n|raw|anegasak's rating: 1432 &rarr; <strong>1448</strong><br />(+16 for winning)\n|raw|kojimuranishi's rating: 1356 &rarr; <strong>1340</strong><br />(-16 for losing)\n|l|\u2606kojimuranishi\n|player|p2|\n|l|\u2606anegasak\n|player|p1|\n","uploadtime":1772363010,"views":12,"formatid":"gen9vgc2026regi","rating":1340,"private":0,"password":null}