{"id":"gen9vgc2026regi-2562065291","format":"[Gen 9] VGC 2026 Reg I","players":["speedyturtle87","Mirthinion"],"log":"|j|\u2606speedyturtle87\n|j|\u2606Mirthinion\n|t:|1773867729\n|gametype|doubles\n|player|p1|speedyturtle87|canari|1468\n|player|p2|Mirthinion|janitor|1552\n|gen|9\n|tier|[Gen 9] VGC 2026 Reg I\n|rated|\n|rule|Species Clause: Limit one of each Pok\u00e9mon\n|rule|Item Clause: Limit 1 of each item\n|clearpoke\n|poke|p1|Miraidon, L50|\n|poke|p1|Iron Hands, L50|\n|poke|p1|Chi-Yu, L50|\n|poke|p1|Ditto, L50|\n|poke|p1|Calyrex-Ice, L50|\n|poke|p1|Farigiraf, L50, F|\n|poke|p2|Calyrex-Shadow, L50|\n|poke|p2|Zamazenta-*, L50|\n|poke|p2|Urshifu-*, L50, M|\n|poke|p2|Incineroar, L50, M|\n|poke|p2|Rillaboom, L50, M|\n|poke|p2|Tornadus, L50, M|\n|teampreview|4\n|inactive|Battle timer is ON: inactive players will automatically lose when time's up. (requested by Mirthinion)\n|inactive|speedyturtle87 also wants the timer to be on.\nMirthinion rejected open team sheets.\n|j| we love marioparty\n|inactive|speedyturtle87 has 60 seconds left.\n|inactive|Mirthinion has 60 seconds left.\n|\n|t:|1773867771\n|teamsize|p1|4\n|teamsize|p2|4\n|start\n|switch|p1a: Chi-Yu|Chi-Yu, L50|100/100\n|switch|p1b: Calyrex|Calyrex-Ice, L50|100/100\n|switch|p2a: Wolfgang|Incineroar, L50, M|100/100\n|switch|p2b: Drambor|Zamazenta-Crowned, L50|100/100\n|-ability|p1b: Calyrex|As One\n|-ability|p1b: Calyrex|Unnerve\n|-ability|p1a: Chi-Yu|Beads of Ruin\n|-ability|p2b: Drambor|Dauntless Shield|boost\n|-boost|p2b: Drambor|def|1\n|-ability|p2a: Wolfgang|Intimidate|boost\n|-unboost|p1a: Chi-Yu|atk|1\n|-fail|p1b: Calyrex|unboost|[from] item: Clear Amulet|[of] p1b: Calyrex\n|turn|1\n|inactive|speedyturtle87 has 30 seconds left.\n|inactive|Mirthinion has 30 seconds left.\n|\n|t:|1773867805\n|switch|p1b: Iron Hands|Iron Hands, L50|100/100\n|move|p1a: Chi-Yu|Overheat|p2b: Drambor\n|-supereffective|p2b: Drambor\n|-damage|p2b: Drambor|0 fnt\n|-unboost|p1a: Chi-Yu|spa|2\n|faint|p2b: Drambor\n|move|p2a: Wolfgang|Flare Blitz|p1b: Iron Hands\n|-damage|p1b: Iron Hands|67/100\n|-damage|p2a: Wolfgang|87/100|[from] Recoil\n|\n|upkeep\n|\n|t:|1773867816\n|switch|p2b: Beowulf|Urshifu-Rapid-Strike, L50, M|100/100\n|turn|2\n|\n|t:|1773867833\n|switch|p1a: Calyrex|Calyrex-Ice, L50|100/100\n|-ability|p1a: Calyrex|As One\n|-ability|p1a: Calyrex|Unnerve\n|-terastallize|p2b: Beowulf|Ghost\n|move|p2b: Beowulf|Surging Strikes|p1b: Iron Hands\n|-crit|p1b: Iron Hands\n|-damage|p1b: Iron Hands|47/100\n|-crit|p1b: Iron Hands\n|-damage|p1b: Iron Hands|28/100\n|-crit|p1b: Iron Hands\n|-damage|p1b: Iron Hands|7/100\n|-hitcount|p1b: Iron Hands|3\n|move|p2a: Wolfgang|Knock Off|p1a: Calyrex\n|-supereffective|p1a: Calyrex\n|-damage|p1a: Calyrex|52/100\n|-enditem|p1a: Calyrex|Clear Amulet|[from] move: Knock Off|[of] p2a: Wolfgang\n|move|p1b: Iron Hands|Low Kick|p2a: Wolfgang\n|-supereffective|p2a: Wolfgang\n|-damage|p2a: Wolfgang|0 fnt\n|faint|p2a: Wolfgang\n|\n|upkeep\n|\n|t:|1773867851\n|switch|p2a: Hoplite|Rillaboom, L50, M|100/100\n|-fieldstart|move: Grassy Terrain|[from] ability: Grassy Surge|[of] p2a: Hoplite\n|turn|3\n|\n|t:|1773867862\n|-end|p1b: Iron Hands|Quark Drive|[silent]\n|switch|p1b: Farigiraf|Farigiraf, L50, F|100/100\n|-terastallize|p1a: Calyrex|Water\n|move|p2b: Beowulf|Surging Strikes|p1b: Farigiraf\n|-crit|p1b: Farigiraf\n|-damage|p1b: Farigiraf|70/100\n|-crit|p1b: Farigiraf\n|-damage|p1b: Farigiraf|39/100\n|-crit|p1b: Farigiraf\n|-damage|p1b: Farigiraf|9/100\n|-hitcount|p1b: Farigiraf|3\n|move|p2a: Hoplite|Wood Hammer|p1a: Calyrex\n|-supereffective|p1a: Calyrex\n|-damage|p1a: Calyrex|0 fnt\n|faint|p1a: Calyrex\n|-damage|p2a: Hoplite|84/100|[from] Recoil\n|\n|-heal|p2a: Hoplite|90/100|[from] Grassy Terrain\n|-heal|p1b: Farigiraf|14/100|[from] Grassy Terrain\n|upkeep\n|\n|t:|1773867870\n|switch|p1a: Chi-Yu|Chi-Yu, L50|100/100\n|-ability|p1a: Chi-Yu|Beads of Ruin\n|turn|4\n|\n|t:|1773867891\n|move|p1b: Farigiraf|Helping Hand|p1a: Chi-Yu\n|-singleturn|p1a: Chi-Yu|Helping Hand|[of] p1b: Farigiraf\n|move|p1a: Chi-Yu|Dark Pulse|p2b: Beowulf\n|-supereffective|p2b: Beowulf\n|-damage|p2b: Beowulf|0 fnt\n|faint|p2b: Beowulf\n|move|p2a: Hoplite|Wood Hammer|p1a: Chi-Yu\n|-resisted|p1a: Chi-Yu\n|-damage|p1a: Chi-Yu|34/100\n|-damage|p2a: Hoplite|76/100|[from] Recoil\n|\n|-heal|p1a: Chi-Yu|40/100|[from] Grassy Terrain\n|-heal|p2a: Hoplite|82/100|[from] Grassy Terrain\n|-heal|p1b: Farigiraf|20/100|[from] Grassy Terrain\n|upkeep\n|turn|5\n|\n|t:|1773867903\n|switch|p1a: Iron Hands|Iron Hands, L50|7/100\n|move|p2a: Hoplite|Wood Hammer|p1a: Iron Hands\n|-damage|p1a: Iron Hands|0 fnt\n|faint|p1a: Iron Hands\n|-end|p1a: Iron Hands|Quark Drive|[silent]\n|-damage|p2a: Hoplite|79/100|[from] Recoil\n|move|p1b: Farigiraf|Psychic|p2a: Hoplite\n|-damage|p2a: Hoplite|50/100\n|\n|-heal|p2a: Hoplite|56/100|[from] Grassy Terrain\n|-heal|p1b: Farigiraf|26/100|[from] Grassy Terrain\n|upkeep\n|\n|t:|1773867908\n|switch|p1a: Chi-Yu|Chi-Yu, L50|40/100\n|-ability|p1a: Chi-Yu|Beads of Ruin\n|turn|6\n|\n|t:|1773867917\n|move|p1b: Farigiraf|Helping Hand|p1a: Chi-Yu\n|-singleturn|p1a: Chi-Yu|Helping Hand|[of] p1b: Farigiraf\n|move|p1a: Chi-Yu|Heat Wave|p2a: Hoplite\n|-supereffective|p2a: Hoplite\n|-damage|p2a: Hoplite|0 fnt\n|faint|p2a: Hoplite\n|\n|win|speedyturtle87\n|raw|speedyturtle87's rating: 1468 &rarr; <strong>1493</strong><br />(+25 for winning)\n|raw|Mirthinion's rating: 1552 &rarr; <strong>1527</strong><br />(-25 for losing)\n|c|\u2606Mirthinion|gg\n|l| we love marioparty\n|c|\u2606speedyturtle87|ggwp\n","uploadtime":1773867926,"views":84,"formatid":"gen9vgc2026regi","rating":1493,"private":0,"password":null}