{"id":"gen9vgc2026regi-2567909820","format":"[Gen 9] VGC 2026 Reg I","players":["SnorlaxPikachu1","sir crying alot"],"log":"|j|\u2606SnorlaxPikachu1\n|j|\u2606sir crying alot\n|t:|1774532789\n|gametype|doubles\n|player|p1|SnorlaxPikachu1|palmer|1559\n|player|p2|sir crying alot|harlequin|1587\n|gen|9\n|tier|[Gen 9] VGC 2026 Reg I\n|rated|\n|rule|Species Clause: Limit one of each Pok\u00e9mon\n|rule|Item Clause: Limit 1 of each item\n|clearpoke\n|poke|p1|Terapagos, L50, M|\n|poke|p1|Calyrex-Shadow, L50|\n|poke|p1|Maushold-Four, L50|\n|poke|p1|Incineroar, L50, M|\n|poke|p1|Rillaboom, L50, M|\n|poke|p1|Grimmsnarl, L50, M|\n|poke|p2|Brute Bonnet, L50|\n|poke|p2|Lunala, L50|\n|poke|p2|Ursaluna, L50, F|\n|poke|p2|Chi-Yu, L50|\n|poke|p2|Koraidon, L50|\n|poke|p2|Flutter Mane, L50|\n|teampreview|4\n|inactive|Battle timer is ON: inactive players will automatically lose when time's up. (requested by sir crying alot)\n|j| elitedoublespro\n|\n|t:|1774532813\n|teamsize|p1|4\n|teamsize|p2|4\n|start\n|switch|p1a: Calyrex|Calyrex-Shadow, L50|100/100\n|switch|p1b: Grimmsnarl|Grimmsnarl, L50, M|100/100\n|switch|p2a: Brute Bonnet|Brute Bonnet, L50|100/100\n|switch|p2b: Chi-Yu|Chi-Yu, L50|100/100\n|-ability|p1a: Calyrex|As One\n|-ability|p1a: Calyrex|Unnerve\n|-ability|p2b: Chi-Yu|Beads of Ruin\n|turn|1\n|\n|t:|1774532837\n|-terastallize|p1a: Calyrex|Fighting\n|move|p1b: Grimmsnarl|Fake Out|p2a: Brute Bonnet\n|-damage|p2a: Brute Bonnet|94/100\n|move|p1a: Calyrex|Tera Blast|p2b: Chi-Yu|[anim] Tera Blast Fighting\n|-supereffective|p2b: Chi-Yu\n|-damage|p2b: Chi-Yu|0 fnt\n|faint|p2b: Chi-Yu\n|-ability|p1a: Calyrex|Grim Neigh|boost\n|-boost|p1a: Calyrex|spa|1\n|cant|p2a: Brute Bonnet|flinch\n|\n|upkeep\n|\n|t:|1774532846\n|switch|p2b: Koraidon|Koraidon, L50|100/100\n|-weather|SunnyDay|[from] ability: Orichalcum Pulse|[of] p2b: Koraidon\n|-activate|p2a: Brute Bonnet|ability: Protosynthesis\n|-start|p2a: Brute Bonnet|protosynthesisdef\n|-activate|p2b: Koraidon|Orichalcum Pulse|[source]\n|turn|2\n|\n|t:|1774532858\n|-terastallize|p2a: Brute Bonnet|Water\n|move|p2b: Koraidon|Protect|p2b: Koraidon\n|-singleturn|p2b: Koraidon|Protect\n|move|p1a: Calyrex|Tera Blast|p2a: Brute Bonnet|[anim] Tera Blast Fighting\n|-damage|p2a: Brute Bonnet|26/100\n|move|p1b: Grimmsnarl|Spirit Break|p2b: Koraidon\n|-activate|p2b: Koraidon|move: Protect\n|move|p2a: Brute Bonnet|Spore|p1a: Calyrex\n|-status|p1a: Calyrex|slp|[from] move: Spore\n|\n|-weather|SunnyDay|[upkeep]\n|upkeep\n|turn|3\n|\n|t:|1774532879\n|switch|p1a: Incineroar|Incineroar, L50, M|100/100\n|-enditem|p2a: Brute Bonnet|Sitrus Berry|[eat]\n|-heal|p2a: Brute Bonnet|51/100|[from] item: Sitrus Berry\n|-ability|p1a: Incineroar|Intimidate|boost\n|-unboost|p2a: Brute Bonnet|atk|1\n|-unboost|p2b: Koraidon|atk|1\n|move|p2a: Brute Bonnet|Rage Powder|p2a: Brute Bonnet\n|-singleturn|p2a: Brute Bonnet|move: Rage Powder\n|move|p2b: Koraidon|Flame Charge|p1a: Incineroar\n|-resisted|p1a: Incineroar\n|-damage|p1a: Incineroar|86/100\n|-boost|p2b: Koraidon|spe|1\n|-damage|p2b: Koraidon|91/100|[from] item: Life Orb\n|move|p1b: Grimmsnarl|Spirit Break|p2a: Brute Bonnet\n|-damage|p2a: Brute Bonnet|37/100\n|-unboost|p2a: Brute Bonnet|spa|1\n|\n|-weather|SunnyDay|[upkeep]\n|upkeep\n|turn|4\n|\n|t:|1774532893\n|switch|p2b: Lunala|Lunala, L50|100/100\n|move|p1a: Incineroar|Fake Out|p2a: Brute Bonnet\n|-crit|p2a: Brute Bonnet\n|-damage|p2a: Brute Bonnet|26/100\n|move|p1b: Grimmsnarl|Spirit Break|p2b: Lunala\n|-damage|p2b: Lunala|88/100\n|-unboost|p2b: Lunala|spa|1\n|cant|p2a: Brute Bonnet|flinch\n|\n|-weather|SunnyDay|[upkeep]\n|upkeep\n|turn|5\n|-message|sir crying alot forfeited.\n|\n|win|SnorlaxPikachu1\n|raw|SnorlaxPikachu1's rating: 1559 &rarr; <strong>1581</strong><br />(+22 for winning)\n|raw|sir crying alot's rating: 1587 &rarr; <strong>1565</strong><br />(-22 for losing)\n|l|\u2606sir crying alot\n|player|p2|\n|l|\u2606SnorlaxPikachu1\n|player|p1|\n|l| elitedoublespro\n","uploadtime":1774533143,"views":26,"formatid":"gen9vgc2026regi","rating":1565,"private":0,"password":null}