{"id":"gen9vgc2026regi-2524640269","format":"[Gen 9] VGC 2026 Reg I","players":["1zha","alamossauro"],"log":"|j|\u26061zha\n|j|\u2606alamossauro\n|t:|1769179038\n|gametype|doubles\n|player|p1|1zha|1|1244\n|player|p2|alamossauro|pokemaniac|1349\n|gen|9\n|tier|[Gen 9] VGC 2026 Reg I\n|rated|\n|rule|Species Clause: Limit one of each Pok\u00e9mon\n|rule|Item Clause: Limit 1 of each item\n|clearpoke\n|poke|p1|Muk-Alola, L50, M|\n|poke|p1|Smeargle, L50, M|\n|poke|p1|Flamigo, L50, M|\n|poke|p1|Calyrex-Shadow, L50|\n|poke|p1|Eternatus, L50|\n|poke|p1|Rillaboom, L50, M|\n|poke|p2|Calyrex-Ice, L50|\n|poke|p2|Enamorus-Therian, L50, F|\n|poke|p2|Lunala, L50|\n|poke|p2|Indeedee-F, L50, F|\n|poke|p2|Chi-Yu, L50|\n|poke|p2|Ditto, L50|\n|teampreview|4\n|\n|t:|1769179055\n|teamsize|p1|4\n|teamsize|p2|4\n|start\n|switch|p1a: Muk|Muk-Alola, L50, M|100/100\n|switch|p1b: Smeargle|Smeargle, L50, M|100/100\n|switch|p2a: Calyrex|Calyrex-Ice, L50|100/100\n|switch|p2b: Enamorus|Enamorus-Therian, L50, F|100/100\n|-ability|p2a: Calyrex|As One\n|-ability|p2a: Calyrex|Unnerve\n|turn|1\n|\n|t:|1769179073\n|-terastallize|p1a: Muk|Water\n|move|p1b: Smeargle|Fake Out|p2a: Calyrex\n|-damage|p2a: Calyrex|95/100\n|move|p1a: Muk|Minimize|p1a: Muk\n|-boost|p1a: Muk|evasion|2\n|move|p2b: Enamorus|Dazzling Gleam|p1b: Smeargle|[spread] p1a,p1b\n|-damage|p1a: Muk|58/100\n|-damage|p1b: Smeargle|0 fnt\n|faint|p1b: Smeargle\n|-ability|p1a: Muk|Moody|Power of Alchemy|[from] ability: Power of Alchemy|[of] p1b: Smeargle\n|cant|p2a: Calyrex|flinch\n|\n|-heal|p1a: Muk|64/100|[from] item: Leftovers\n|-ability|p1a: Muk|Moody|boost\n|-boost|p1a: Muk|spa|2\n|-unboost|p1a: Muk|def|1\n|upkeep\n|\n|t:|1769179084\n|switch|p1b: Calyrex|Calyrex-Shadow, L50|100/100\n|-ability|p1b: Calyrex|As One\n|-ability|p1b: Calyrex|Unnerve\n|turn|2\n|\n|t:|1769179099\n|-terastallize|p2a: Calyrex|Water\n|move|p1b: Calyrex|Protect|p1b: Calyrex\n|-singleturn|p1b: Calyrex|Protect\n|move|p1a: Muk|Minimize|p1a: Muk\n|-boost|p1a: Muk|evasion|2\n|move|p2b: Enamorus|Dazzling Gleam|p1b: Calyrex|[spread] p1a\n|-activate|p1b: Calyrex|move: Protect\n|-damage|p1a: Muk|17/100\n|move|p2a: Calyrex|Trick Room|p2a: Calyrex\n|-fieldstart|move: Trick Room|[of] p2a: Calyrex\n|\n|-heal|p1a: Muk|23/100|[from] item: Leftovers\n|-ability|p1a: Muk|Moody|boost\n|-boost|p1a: Muk|spd|2\n|-unboost|p1a: Muk|def|1\n|upkeep\n|turn|3\n|\n|t:|1769179117\n|switch|p1b: Flamigo|Flamigo, L50, M|100/100\n|-copyboost|p1b: Flamigo|p1a: Muk|[from] ability: Costar\n|-enditem|p1b: Flamigo|White Herb\n|-clearnegativeboost|p1b: Flamigo|[silent]\n|move|p2b: Enamorus|Dazzling Gleam|p1b: Flamigo|[spread] \n|-miss|p2b: Enamorus|p1a: Muk\n|-miss|p2b: Enamorus|p1b: Flamigo\n|move|p2a: Calyrex|Throat Chop|p1b: Flamigo|[miss]\n|-miss|p2a: Calyrex|p1b: Flamigo\n|move|p1a: Muk|Minimize|p1a: Muk\n|-boost|p1a: Muk|evasion|2\n|\n|-heal|p1a: Muk|29/100|[from] item: Leftovers\n|-ability|p1a: Muk|Moody|boost\n|-boost|p1a: Muk|spd|2\n|-unboost|p1a: Muk|spa|1\n|upkeep\n|turn|4\n|\n|t:|1769179137\n|move|p1a: Muk|Protect|p1a: Muk\n|-singleturn|p1a: Muk|Protect\n|move|p1b: Flamigo|Detect|p1b: Flamigo\n|-singleturn|p1b: Flamigo|Protect\n|move|p2b: Enamorus|Dazzling Gleam|p1b: Flamigo|[spread] \n|-activate|p1a: Muk|move: Protect\n|-activate|p1b: Flamigo|move: Protect\n|move|p2a: Calyrex|Glacial Lance|p1b: Flamigo|[spread] \n|-activate|p1a: Muk|move: Protect\n|-activate|p1b: Flamigo|move: Protect\n|\n|-heal|p1a: Muk|35/100|[from] item: Leftovers\n|-ability|p1a: Muk|Moody|boost\n|-boost|p1a: Muk|spa|2\n|-unboost|p1a: Muk|spd|1\n|upkeep\n|turn|5\n|\n|t:|1769179155\n|move|p1b: Flamigo|Wide Guard|p1b: Flamigo\n|-singleturn|p1b: Flamigo|Wide Guard\n|move|p2b: Enamorus|Dazzling Gleam|p1a: Muk|[spread] \n|-activate|p1a: Muk|move: Wide Guard\n|-activate|p1b: Flamigo|move: Wide Guard\n|move|p2a: Calyrex|Glacial Lance|p1b: Flamigo|[spread] \n|-activate|p1a: Muk|move: Wide Guard\n|-activate|p1b: Flamigo|move: Wide Guard\n|move|p1a: Muk|Poison Gas|p2b: Enamorus|[spread] p2a,p2b\n|-status|p2a: Calyrex|psn\n|-status|p2b: Enamorus|psn\n|\n|-heal|p1a: Muk|41/100|[from] item: Leftovers\n|-damage|p2b: Enamorus|88/100 psn|[from] psn\n|-damage|p2a: Calyrex|83/100 psn|[from] psn\n|-ability|p1a: Muk|Moody|boost\n|-boost|p1a: Muk|spe|2\n|-unboost|p1a: Muk|atk|1\n|upkeep\n|turn|6\n|\n|t:|1769179182\n|switch|p2b: Ditto|Ditto, L50|100/100\n|-transform|p2b: Ditto|p1a: Muk|[from] ability: Imposter\n|move|p1b: Flamigo|Wide Guard|p1b: Flamigo\n|-singleturn|p1b: Flamigo|Wide Guard\n|move|p2a: Calyrex|High Horsepower|p1a: Muk|[miss]\n|-miss|p2a: Calyrex|p1a: Muk\n|move|p1a: Muk|Knock Off|p2a: Calyrex\n|-damage|p2a: Calyrex|69/100 psn\n|-enditem|p2a: Calyrex|Clear Amulet|[from] move: Knock Off|[of] p1a: Muk\n|\n|-heal|p1a: Muk|47/100|[from] item: Leftovers\n|-damage|p2a: Calyrex|57/100 psn|[from] psn\n|-fieldend|move: Trick Room\n|-ability|p2b: Ditto|Moody|boost\n|-boost|p2b: Ditto|def|2\n|-unboost|p2b: Ditto|spe|1\n|-ability|p1a: Muk|Moody|boost\n|-boost|p1a: Muk|spa|2\n|-unboost|p1a: Muk|spe|1\n|upkeep\n|-start|p2b: Ditto|typechange|Poison/Dark|[silent]\n|turn|7\n|\n|t:|1769179215\n|move|p1b: Flamigo|Wide Guard|p1b: Flamigo\n|-singleturn|p1b: Flamigo|Wide Guard\n|move|p2b: Ditto|Knock Off|p1a: Muk|[miss]\n|-miss|p2b: Ditto|p1a: Muk\n|move|p1a: Muk|Knock Off|p2b: Ditto|[miss]\n|-miss|p1a: Muk|p2b: Ditto\n|move|p2a: Calyrex|Trick Room|p2a: Calyrex\n|-fieldstart|move: Trick Room|[of] p2a: Calyrex\n|\n|-heal|p1a: Muk|53/100|[from] item: Leftovers\n|-damage|p2a: Calyrex|45/100 psn|[from] psn\n|-ability|p2b: Ditto|Moody|boost\n|-boost|p2b: Ditto|def|2\n|-unboost|p2b: Ditto|spd|1\n|-ability|p1a: Muk|Moody|boost\n|-boost|p1a: Muk|def|2\n|-unboost|p1a: Muk|spd|1\n|upkeep\n|turn|8\n|\n|t:|1769179240\n|move|p1a: Muk|Protect|p1a: Muk\n|-singleturn|p1a: Muk|Protect\n|move|p2a: Calyrex|Throat Chop|p1a: Muk\n|-activate|p1a: Muk|move: Protect\n|move|p2b: Ditto|Knock Off|p1a: Muk\n|-activate|p1a: Muk|move: Protect\n|move|p1b: Flamigo|Acrobatics|p2a: Calyrex\n|-damage|p2a: Calyrex|15/100 psn\n|\n|-heal|p1a: Muk|59/100|[from] item: Leftovers\n|-damage|p2a: Calyrex|3/100 psn|[from] psn\n|-ability|p2b: Ditto|Moody|boost\n|-boost|p2b: Ditto|atk|2\n|-unboost|p2b: Ditto|spe|1\n|-ability|p1a: Muk|Moody|boost\n|-boost|p1a: Muk|atk|2\n|-unboost|p1a: Muk|spe|1\n|upkeep\n|turn|9\n|\n|t:|1769179270\n|move|p1b: Flamigo|Detect|p1b: Flamigo\n|-singleturn|p1b: Flamigo|Protect\n|move|p2a: Calyrex|Glacial Lance|p1a: Muk|[spread] \n|-activate|p1b: Flamigo|move: Protect\n|-miss|p2a: Calyrex|p1a: Muk\n|move|p2b: Ditto|Poison Gas|p1b: Flamigo|[spread] p1a\n|-activate|p1b: Flamigo|move: Protect\n|-status|p1a: Muk|psn\n|move|p1a: Muk|Knock Off|p2b: Ditto|[miss]\n|-miss|p1a: Muk|p2b: Ditto\n|\n|-heal|p1a: Muk|66/100 psn|[from] item: Leftovers\n|-damage|p2a: Calyrex|0 fnt|[from] psn\n|faint|p2a: Calyrex\n|-damage|p1a: Muk|53/100 psn|[from] psn\n|-ability|p1a: Muk|Moody|boost\n|-boost|p1a: Muk|atk|2\n|-unboost|p1a: Muk|spd|1\n|-ability|p2b: Ditto|Moody|boost\n|-boost|p2b: Ditto|spd|2\n|-unboost|p2b: Ditto|spa|1\n|upkeep\n|\n|t:|1769179296\n|switch|p2a: Enamorus|Enamorus-Therian, L50, F|88/100 psn\n|turn|10\n|\n|t:|1769179303\n|move|p1b: Flamigo|Wide Guard|p1b: Flamigo\n|-singleturn|p1b: Flamigo|Wide Guard\n|move|p2a: Enamorus|Moonblast|p1b: Flamigo|[miss]\n|-miss|p2a: Enamorus|p1b: Flamigo\n|move|p1a: Muk|Knock Off|p2b: Ditto|[miss]\n|-miss|p1a: Muk|p2b: Ditto\n|move|p2b: Ditto|Poison Gas|p1b: Flamigo|[spread] \n|-activate|p1a: Muk|move: Wide Guard\n|-activate|p1b: Flamigo|move: Wide Guard\n|\n|-heal|p1a: Muk|59/100 psn|[from] item: Leftovers\n|-damage|p2a: Enamorus|76/100 psn|[from] psn\n|-damage|p1a: Muk|47/100 psn|[from] psn\n|-ability|p2b: Ditto|Moody|boost\n|-boost|p2b: Ditto|spd|2\n|-unboost|p2b: Ditto|atk|1\n|-ability|p1a: Muk|Moody|boost\n|-boost|p1a: Muk|spd|2\n|-unboost|p1a: Muk|spe|1\n|upkeep\n|turn|11\n|\n|t:|1769179325\n|move|p2a: Enamorus|Moonblast|p1b: Flamigo\n|-supereffective|p1b: Flamigo\n|-damage|p1b: Flamigo|0 fnt\n|faint|p1b: Flamigo\n|move|p1a: Muk|Knock Off|p2b: Ditto|[miss]\n|-miss|p1a: Muk|p2b: Ditto\n|move|p2b: Ditto|Poison Gas|p1a: Muk|[miss]\n|-miss|p2b: Ditto|p1a: Muk\n|\n|-heal|p1a: Muk|53/100 psn|[from] item: Leftovers\n|-damage|p2a: Enamorus|64/100 psn|[from] psn\n|-damage|p1a: Muk|41/100 psn|[from] psn\n|-fieldend|move: Trick Room\n|-ability|p1a: Muk|Moody|boost\n|-boost|p1a: Muk|spa|1\n|-unboost|p1a: Muk|def|1\n|-ability|p2b: Ditto|Moody|boost\n|-boost|p2b: Ditto|def|2\n|-unboost|p2b: Ditto|spe|1\n|upkeep\n|\n|t:|1769179333\n|switch|p1b: Calyrex|Calyrex-Shadow, L50|100/100\n|-ability|p1b: Calyrex|As One\n|-ability|p1b: Calyrex|Unnerve\n|turn|12\n|\n|t:|1769179349\n|move|p1b: Calyrex|Psych Up|p1a: Muk\n|-copyboost|p1b: Calyrex|p1a: Muk|[from] move: Psych Up\n|move|p2b: Ditto|Knock Off|p1b: Calyrex\n|-supereffective|p1b: Calyrex\n|-damage|p1b: Calyrex|0 fnt\n|-enditem|p1b: Calyrex|Spell Tag|[from] move: Knock Off|[of] p2b: Ditto\n|faint|p1b: Calyrex\n|move|p1a: Muk|Knock Off|p2b: Ditto|[miss]\n|-miss|p1a: Muk|p2b: Ditto\n|move|p2a: Enamorus|Moonblast|p1a: Muk|[miss]\n|-miss|p2a: Enamorus|p1a: Muk\n|\n|-heal|p1a: Muk|47/100 psn|[from] item: Leftovers\n|-damage|p1a: Muk|35/100 psn|[from] psn\n|-damage|p2a: Enamorus|52/100 psn|[from] psn\n|-ability|p1a: Muk|Moody|boost\n|-boost|p1a: Muk|def|2\n|-unboost|p1a: Muk|spe|1\n|-ability|p2b: Ditto|Moody|boost\n|-boost|p2b: Ditto|atk|2\n|-unboost|p2b: Ditto|spd|1\n|upkeep\n|turn|13\n|-message|1zha forfeited.\n|\n|win|alamossauro\n|raw|1zha's rating: 1244 &rarr; <strong>1226</strong><br />(-18 for losing)\n|raw|alamossauro's rating: 1349 &rarr; <strong>1363</strong><br />(+14 for winning)\n|l|\u26061zha\n|player|p1|\n|l|\u2606alamossauro\n|player|p2|\n","uploadtime":1769179583,"views":13,"formatid":"gen9vgc2026regi","rating":1226,"private":0,"password":null}