{"id":"gen9vgc2026regi-2573089341","format":"[Gen 9] VGC 2026 Reg I","players":["TheManOfSausage","TheCxDc"],"log":"|j|\u2606TheManOfSausage\n|j|\u2606TheCxDc\n|t:|1775089583\n|gametype|doubles\n|player|p1|TheManOfSausage|2|1634\n|player|p2|TheCxDc|2|1521\n|gen|9\n|tier|[Gen 9] VGC 2026 Reg I\n|rated|\n|rule|Species Clause: Limit one of each Pok\u00e9mon\n|rule|Item Clause: Limit 1 of each item\n|clearpoke\n|poke|p1|Calyrex-Ice, L50|\n|poke|p1|Miraidon, L50|\n|poke|p1|Amoonguss, L50, F|\n|poke|p1|Incineroar, L50, M|\n|poke|p1|Urshifu-*, L50, M|\n|poke|p1|Landorus, L50, M|\n|poke|p2|Sableye, L50, F|\n|poke|p2|Iron Valiant, L50|\n|poke|p2|Groudon, L50|\n|poke|p2|Chien-Pao, L50|\n|poke|p2|Tornadus, L50, M|\n|poke|p2|Rillaboom, L50, M|\n|teampreview|4\n|inactive|Battle timer is ON: inactive players will automatically lose when time's up. (requested by TheCxDc)\n|inactive|TheManOfSausage has 60 seconds left.\n|\n|t:|1775089614\n|teamsize|p1|4\n|teamsize|p2|4\n|start\n|switch|p1a: Magical Mirai|Miraidon, L50|100/100\n|switch|p1b: Ogurin|Calyrex-Ice, L50|100/100\n|switch|p2a: Sableye|Sableye, L50, F|100/100\n|switch|p2b: Iron Valiant|Iron Valiant, L50|100/100\n|-ability|p1b: Ogurin|As One\n|-ability|p1b: Ogurin|Unnerve\n|-fieldstart|move: Electric Terrain|[from] ability: Hadron Engine|[of] p1a: Magical Mirai\n|-activate|p2b: Iron Valiant|ability: Quark Drive\n|-start|p2b: Iron Valiant|quarkdrivespe\n|turn|1\n|inactive|TheCxDc has 30 seconds left.\n|\n|t:|1775089640\n|move|p2a: Sableye|Gravity|p2a: Sableye\n|-fieldstart|move: Gravity\n|move|p2b: Iron Valiant|Moonblast|p1a: Magical Mirai\n|-supereffective|p1a: Magical Mirai\n|-damage|p1a: Magical Mirai|37/100\n|move|p1a: Magical Mirai|Volt Switch|p2a: Sableye\n|-damage|p2a: Sableye|9/100\n|-enditem|p2a: Sableye|Eject Button\n|\n|t:|1775089662\n|switch|p2a: Groudon|Groudon, L50|100/100\n|-weather|SunnyDay|[from] ability: Drought|[of] p2a: Groudon\n|move|p1b: Ogurin|Glacial Lance|p2b: Iron Valiant|[spread] p2a,p2b\n|-supereffective|p2a: Groudon\n|-damage|p2a: Groudon|11/100\n|-damage|p2b: Iron Valiant|31/100\n|\n|-weather|SunnyDay|[upkeep]\n|upkeep\n|turn|2\n|inactive|TheCxDc has 30 seconds left.\n|\n|t:|1775089691\n|switch|p1a: Incineroar|Incineroar, L50, M, shiny|100/100\n|-ability|p1a: Incineroar|Intimidate|boost\n|-unboost|p2a: Groudon|atk|1\n|-unboost|p2b: Iron Valiant|atk|1\n|switch|p2a: Rillaboom|Rillaboom, L50, M|100/100\n|-fieldstart|move: Grassy Terrain|[from] ability: Grassy Surge|[of] p2a: Rillaboom\n|-end|p2b: Iron Valiant|Quark Drive\n|-enditem|p2b: Iron Valiant|Booster Energy\n|-activate|p2b: Iron Valiant|ability: Quark Drive|[fromitem]\n|-start|p2b: Iron Valiant|quarkdrivespe\n|move|p2b: Iron Valiant|Hypnosis|p1b: Ogurin\n|-status|p1b: Ogurin|slp|[from] move: Hypnosis\n|cant|p1b: Ogurin|slp\n|\n|-weather|SunnyDay|[upkeep]\n|-heal|p2b: Iron Valiant|37/100|[from] Grassy Terrain\n|upkeep\n|turn|3\n|inactive|TheCxDc has 30 seconds left.\n|\n|t:|1775089722\n|move|p2b: Iron Valiant|Hypnosis|p1a: Incineroar\n|-status|p1a: Incineroar|slp|[from] move: Hypnosis\n|move|p2a: Rillaboom|U-turn|p1b: Ogurin\n|-supereffective|p1b: Ogurin\n|-damage|p1b: Ogurin|65/100 slp\n|\n|t:|1775089728\n|switch|p2a: Groudon|Groudon, L50|11/100|[from] U-turn\n|cant|p1a: Incineroar|slp\n|cant|p1b: Ogurin|slp\n|\n|-weather|SunnyDay|[upkeep]\n|-heal|p2b: Iron Valiant|43/100|[from] Grassy Terrain\n|-heal|p2a: Groudon|18/100|[from] Grassy Terrain\n|-heal|p1b: Ogurin|71/100 slp|[from] Grassy Terrain\n|upkeep\n|turn|4\n|\n|t:|1775089743\n|-terastallize|p2a: Groudon|Ground\n|move|p2b: Iron Valiant|Wide Guard|p2b: Iron Valiant\n|-singleturn|p2b: Iron Valiant|Wide Guard\n|move|p2a: Groudon|Precipice Blades|p1a: Incineroar|[spread] p1a,p1b\n|-supereffective|p1a: Incineroar\n|-damage|p1a: Incineroar|0 fnt\n|-damage|p1b: Ogurin|30/100 slp\n|faint|p1a: Incineroar\n|cant|p1b: Ogurin|slp\n|\n|-weather|SunnyDay|[upkeep]\n|-heal|p2b: Iron Valiant|49/100|[from] Grassy Terrain\n|-heal|p2a: Groudon|24/100|[from] Grassy Terrain\n|-heal|p1b: Ogurin|36/100 slp|[from] Grassy Terrain\n|upkeep\n|\n|t:|1775089760\n|switch|p1a: Magical Mirai|Miraidon, L50|37/100\n|-fieldstart|move: Electric Terrain|[from] ability: Hadron Engine|[of] p1a: Magical Mirai\n|turn|5\n|\n|t:|1775089773\n|-terastallize|p1a: Magical Mirai|Electric\n|move|p2b: Iron Valiant|Coaching|p2a: Groudon\n|-boost|p2a: Groudon|atk|1\n|-boost|p2a: Groudon|def|1\n|move|p1a: Magical Mirai|Draco Meteor|p2a: Groudon\n|-damage|p2a: Groudon|0 fnt\n|-unboost|p1a: Magical Mirai|spa|2\n|faint|p2a: Groudon\n|-curestatus|p1b: Ogurin|slp|[msg]\n|move|p1b: Ogurin|Trick Room|p1b: Ogurin\n|-fieldstart|move: Trick Room|[of] p1b: Ogurin\n|\n|-weather|none\n|-fieldend|move: Gravity\n|upkeep\n|\n|t:|1775089784\n|switch|p2a: Sableye|Sableye, L50, F|9/100\n|turn|6\n|\n|t:|1775089798\n|switch|p1a: Landorus|Landorus, L50, M|100/100\n|move|p2a: Sableye|Encore|p1b: Ogurin\n|-start|p1b: Ogurin|Encore\n|move|p1b: Ogurin|Trick Room|p1b: Ogurin\n|-fieldend|move: Trick Room\n|move|p2b: Iron Valiant|Moonblast|p1a: Landorus\n|-damage|p1a: Landorus|56/100\n|-unboost|p1a: Landorus|spa|1\n|\n|upkeep\n|turn|7\n|inactive|TheCxDc has 30 seconds left.\n|inactive|TheCxDc has 20 seconds left.\n|inactive|TheCxDc has 15 seconds left.\n|\n|t:|1775089840\n|switch|p1b: Magical Mirai|Miraidon, L50, tera:Electric|37/100\n|-activate|p1b: Magical Mirai|ability: Hadron Engine\n|move|p2b: Iron Valiant|Moonblast|p1a: Landorus\n|-damage|p1a: Landorus|12/100\n|move|p1a: Landorus|Sludge Bomb|p2b: Iron Valiant\n|-supereffective|p2b: Iron Valiant\n|-damage|p2b: Iron Valiant|0 fnt\n|faint|p2b: Iron Valiant\n|-end|p2b: Iron Valiant|Quark Drive|[silent]\n|move|p2a: Sableye|Foul Play|p1b: Magical Mirai\n|-crit|p1b: Magical Mirai\n|-damage|p1b: Magical Mirai|0 fnt\n|faint|p1b: Magical Mirai\n|\n|upkeep\n|\n|t:|1775089850\n|switch|p2b: Rillaboom|Rillaboom, L50, M|100/100\n|switch|p1b: Ogurin|Calyrex-Ice, L50|36/100\n|-ability|p1b: Ogurin|As One\n|-ability|p1b: Ogurin|Unnerve\n|-fieldstart|move: Grassy Terrain|[from] ability: Grassy Surge|[of] p2b: Rillaboom\n|turn|8\n|inactive|TheCxDc has 30 seconds left.\n|inactive|TheCxDc has 20 seconds left.\n|\n|t:|1775089886\n|move|p2b: Rillaboom|Fake Out|p1a: Landorus\n|-damage|p1a: Landorus|0 fnt\n|faint|p1a: Landorus\n|move|p1b: Ogurin|Glacial Lance|p2b: Rillaboom|[spread] p2a,p2b\n|-supereffective|p2b: Rillaboom\n|-damage|p2a: Sableye|0 fnt\n|-damage|p2b: Rillaboom|0 fnt\n|faint|p2a: Sableye\n|faint|p2b: Rillaboom\n|\n|win|TheManOfSausage\n|raw|TheManOfSausage's rating: 1634 &rarr; <strong>1648</strong><br />(+14 for winning)\n|raw|TheCxDc's rating: 1521 &rarr; <strong>1507</strong><br />(-14 for losing)\n|l|\u2606TheManOfSausage\n|player|p1|\n|l|\u2606TheCxDc\n|player|p2|\n","uploadtime":1775090098,"views":14,"formatid":"gen9vgc2026regi","rating":1507,"private":0,"password":null}