{"id":"gen9vgc2026regi-2567681030","format":"[Gen 9] VGC 2026 Reg I","players":["vovuvu","JERRY RIVERA"],"log":"|j|\u2606vovuvu\n|j|\u2606JERRY RIVERA\n|t:|1774502960\n|gametype|doubles\n|player|p1|vovuvu|265|1223\n|player|p2|JERRY RIVERA|silver|1339\n|gen|9\n|tier|[Gen 9] VGC 2026 Reg I\n|rated|\n|rule|Species Clause: Limit one of each Pok\u00e9mon\n|rule|Item Clause: Limit 1 of each item\n|clearpoke\n|poke|p1|Calyrex-Shadow, L50|\n|poke|p1|Zamazenta-*, L50|\n|poke|p1|Chien-Pao, L50|\n|poke|p1|Dragonite, L50, M|\n|poke|p1|Raging Bolt, L50|\n|poke|p1|Amoonguss, L50, M|\n|poke|p2|Kyogre, L50|\n|poke|p2|Calyrex-Shadow, L50|\n|poke|p2|Weezing-Galar, L50, M|\n|poke|p2|Dondozo, L50, F|\n|poke|p2|Tatsugiri-Droopy, L50, F|\n|poke|p2|Tornadus, L50, M|\n|teampreview|4\n|\n|t:|1774503004\n|teamsize|p1|4\n|teamsize|p2|4\n|start\n|switch|p1a: Raging Bolt|Raging Bolt, L50|100/100\n|switch|p1b: Chien-Pao|Chien-Pao, L50|100/100\n|switch|p2a: Weezing|Weezing-Galar, L50, M|100/100\n|switch|p2b: Vino|Calyrex-Shadow, L50|100/100\n|-ability|p2a: Weezing|Neutralizing Gas\n|-ability|p2b: Vino|As One\n|-ability|p2b: Vino|Unnerve\n|turn|1\n|inactive|Battle timer is ON: inactive players will automatically lose when time's up. (requested by JERRY RIVERA)\n|\n|t:|1774503031\n|-terastallize|p1b: Chien-Pao|Poison\n|move|p2b: Vino|Protect|p2b: Vino\n|-singleturn|p2b: Vino|Protect\n|move|p1b: Chien-Pao|Sucker Punch||[still]\n|-fail|p1b: Chien-Pao\n|move|p1a: Raging Bolt|Thunderclap||[still]\n|-fail|p1a: Raging Bolt\n|move|p2a: Weezing|Strange Steam|p1b: Chien-Pao\n|-resisted|p1b: Chien-Pao\n|-damage|p1b: Chien-Pao|88/100\n|\n|upkeep\n|turn|2\n|\n|t:|1774503046\n|switch|p2b: Chorizo|Dondozo, L50, F|100/100\n|move|p1b: Chien-Pao|Sucker Punch||[still]\n|-fail|p1b: Chien-Pao\n|move|p1a: Raging Bolt|Thunderbolt|p2b: Chorizo\n|-supereffective|p2b: Chorizo\n|-damage|p2b: Chorizo|32/100\n|move|p2a: Weezing|Poison Gas|p1a: Raging Bolt|[spread] p1a,p1b\n|-status|p1a: Raging Bolt|psn\n|-immune|p1b: Chien-Pao\n|\n|-heal|p2b: Chorizo|38/100|[from] item: Leftovers\n|-damage|p1a: Raging Bolt|88/100 psn|[from] psn\n|upkeep\n|turn|3\n|\n|t:|1774503067\n|move|p2b: Chorizo|Protect|p2b: Chorizo\n|-singleturn|p2b: Chorizo|Protect\n|move|p1b: Chien-Pao|Ruination|p2a: Weezing\n|-damage|p2a: Weezing|50/100\n|-enditem|p2a: Weezing|Sitrus Berry|[eat]\n|-heal|p2a: Weezing|75/100|[from] item: Sitrus Berry\n|move|p1a: Raging Bolt|Thunderbolt|p2b: Chorizo\n|-activate|p2b: Chorizo|move: Protect\n|move|p2a: Weezing|Strange Steam|p1a: Raging Bolt\n|-supereffective|p1a: Raging Bolt\n|-damage|p1a: Raging Bolt|35/100 psn\n|\n|-heal|p2b: Chorizo|44/100|[from] item: Leftovers\n|-damage|p1a: Raging Bolt|23/100 psn|[from] psn\n|upkeep\n|turn|4\n|inactive|JERRY RIVERA has 30 seconds left.\n|inactive|JERRY RIVERA has 20 seconds left.\n|inactive|JERRY RIVERA has 15 seconds left.\n|inactive|JERRY RIVERA has 10 seconds left.\n|\n|t:|1774503114\n|switch|p2b: Vino|Calyrex-Shadow, L50|100/100\n|-ability|p2b: Vino|As One\n|-ability|p2b: Vino|Unnerve\n|move|p1b: Chien-Pao|Icy Wind|p2a: Weezing|[spread] p2a,p2b\n|-damage|p2a: Weezing|63/100\n|-damage|p2b: Vino|89/100\n|-unboost|p2a: Weezing|spe|1\n|-unboost|p2b: Vino|spe|1\n|move|p1a: Raging Bolt|Thunderbolt|p2a: Weezing\n|-damage|p2a: Weezing|8/100\n|move|p2a: Weezing|Strange Steam|p1a: Raging Bolt\n|-supereffective|p1a: Raging Bolt\n|-damage|p1a: Raging Bolt|0 fnt\n|faint|p1a: Raging Bolt\n|-end|p1a: Raging Bolt|Protosynthesis|[silent]\n|\n|upkeep\n|\n|t:|1774503130\n|switch|p1a: Calyrex|Calyrex-Shadow, L50|100/100\n|-ability|p1a: Calyrex|As One\n|-ability|p1a: Calyrex|Unnerve\n|turn|5\n|\n|t:|1774503141\n|-terastallize|p2b: Vino|Water\n|move|p2a: Weezing|Protect|p2a: Weezing\n|-singleturn|p2a: Weezing|Protect\n|move|p1a: Calyrex|Astral Barrage|p2b: Vino|[spread] p2b\n|-activate|p2a: Weezing|move: Protect\n|-damage|p2b: Vino|36/100\n|move|p1b: Chien-Pao|Icy Wind|p2b: Vino|[spread] p2b\n|-activate|p2a: Weezing|move: Protect\n|-resisted|p2b: Vino\n|-damage|p2b: Vino|30/100\n|-unboost|p2b: Vino|spe|1\n|move|p2b: Vino|Astral Barrage|p1a: Calyrex|[spread] p1a,p1b\n|-supereffective|p1a: Calyrex\n|-enditem|p1a: Calyrex|Focus Sash\n|-damage|p1a: Calyrex|1/100\n|-damage|p1b: Chien-Pao|29/100\n|-damage|p2b: Vino|20/100|[from] item: Life Orb\n|\n|upkeep\n|turn|6\n|inactive|vovuvu has 30 seconds left.\n|inactive|JERRY RIVERA has 30 seconds left.\n|inactive|JERRY RIVERA has 20 seconds left.\n|\n|t:|1774503181\n|move|p1a: Calyrex|Astral Barrage|p2a: Weezing|[spread] p2a,p2b\n|-damage|p2a: Weezing|0 fnt\n|-damage|p2b: Vino|0 fnt\n|faint|p2a: Weezing\n|-end|p2a: Weezing|ability: Neutralizing Gas\n|-ability|p1b: Chien-Pao|Sword of Ruin\n|faint|p2b: Vino\n|-ability|p1a: Calyrex|Grim Neigh|boost\n|-boost|p1a: Calyrex|spa|2\n|move|p1b: Chien-Pao|Ice Spinner|p2: Weezing|[notarget]\n|-fail|p1b: Chien-Pao\n|\n|upkeep\n|\n|t:|1774503184\n|switch|p2b: Chorizo|Dondozo, L50, F|44/100\n|switch|p2a: Tatsugiri|Tatsugiri-Droopy, L50, F|100/100\n|-activate|p2a: Tatsugiri|ability: Commander|[of] p2b: Chorizo\n|-boost|p2b: Chorizo|atk|2\n|-boost|p2b: Chorizo|spa|2\n|-boost|p2b: Chorizo|spe|2\n|-boost|p2b: Chorizo|def|2\n|-boost|p2b: Chorizo|spd|2\n|turn|7\n|inactive|vovuvu has 30 seconds left.\n|\n|t:|1774503214\n|move|p2b: Chorizo|Protect|p2b: Chorizo\n|-singleturn|p2b: Chorizo|Protect\n|move|p1a: Calyrex|Astral Barrage|p2a: Tatsugiri|[spread] \n|-miss|p1a: Calyrex|p2a: Tatsugiri\n|-activate|p2b: Chorizo|move: Protect\n|move|p1b: Chien-Pao|Icy Wind|p2b: Chorizo|[spread] \n|-miss|p1b: Chien-Pao|p2a: Tatsugiri\n|-activate|p2b: Chorizo|move: Protect\n|\n|-heal|p2b: Chorizo|50/100|[from] item: Leftovers\n|upkeep\n|turn|8\n|\n|t:|1774503229\n|move|p1b: Chien-Pao|Sucker Punch|p2b: Chorizo\n|-damage|p2b: Chorizo|38/100\n|move|p1a: Calyrex|Astral Barrage|p2b: Chorizo|[spread] p2b\n|-miss|p1a: Calyrex|p2a: Tatsugiri\n|-damage|p2b: Chorizo|19/100\n|move|p2b: Chorizo|Earthquake|p1b: Chien-Pao|[spread] p1a,p1b\n|-miss|p2b: Chorizo|p2a: Tatsugiri\n|-supereffective|p1b: Chien-Pao\n|-damage|p1a: Calyrex|0 fnt\n|-damage|p1b: Chien-Pao|0 fnt\n|faint|p1a: Calyrex\n|faint|p1b: Chien-Pao\n|\n|-heal|p2b: Chorizo|25/100|[from] item: Leftovers\n|upkeep\n|\n|t:|1774503245\n|switch|p1b: Zamazenta|Zamazenta-Crowned, L50|100/100\n|-ability|p1b: Zamazenta|Dauntless Shield|boost\n|-boost|p1b: Zamazenta|def|1\n|turn|9\n|\n|t:|1774503250\n|move|p2b: Chorizo|Protect|p2b: Chorizo\n|-singleturn|p2b: Chorizo|Protect\n|move|p1b: Zamazenta|Body Press|p2b: Chorizo\n|-activate|p2b: Chorizo|move: Protect\n|\n|-heal|p2b: Chorizo|31/100|[from] item: Leftovers\n|upkeep\n|turn|10\n|\n|t:|1774503262\n|move|p1b: Zamazenta|Body Press|p2b: Chorizo\n|-damage|p2b: Chorizo|18/100\n|move|p2b: Chorizo|Body Press|p1b: Zamazenta\n|-supereffective|p1b: Zamazenta\n|-damage|p1b: Zamazenta|56/100\n|\n|-heal|p2b: Chorizo|25/100|[from] item: Leftovers\n|upkeep\n|turn|11\n|\n|t:|1774503272\n|move|p1b: Zamazenta|Protect|p1b: Zamazenta\n|-singleturn|p1b: Zamazenta|Protect\n|move|p2b: Chorizo|Protect||[still]\n|-fail|p2b: Chorizo\n|\n|-heal|p2b: Chorizo|31/100|[from] item: Leftovers\n|upkeep\n|turn|12\n|\n|t:|1774503279\n|move|p2b: Chorizo|Protect|p2b: Chorizo\n|-singleturn|p2b: Chorizo|Protect\n|move|p1b: Zamazenta|Body Press|p2b: Chorizo\n|-activate|p2b: Chorizo|move: Protect\n|\n|-heal|p2b: Chorizo|37/100|[from] item: Leftovers\n|upkeep\n|turn|13\n|\n|t:|1774503288\n|move|p1b: Zamazenta|Body Press|p2b: Chorizo\n|-damage|p2b: Chorizo|24/100\n|move|p2b: Chorizo|Body Press|p1b: Zamazenta\n|-supereffective|p1b: Zamazenta\n|-damage|p1b: Zamazenta|11/100\n|\n|-heal|p2b: Chorizo|31/100|[from] item: Leftovers\n|upkeep\n|turn|14\n|\n|t:|1774503298\n|move|p1b: Zamazenta|Body Press|p2b: Chorizo\n|-damage|p2b: Chorizo|18/100\n|move|p2b: Chorizo|Earthquake|p1b: Zamazenta|[spread] p1b\n|-miss|p2b: Chorizo|p2a: Tatsugiri\n|-supereffective|p1b: Zamazenta\n|-damage|p1b: Zamazenta|0 fnt\n|faint|p1b: Zamazenta\n|\n|win|JERRY RIVERA\n|raw|vovuvu's rating: 1223 &rarr; <strong>1206</strong><br />(-17 for losing)\n|raw|JERRY RIVERA's rating: 1339 &rarr; <strong>1353</strong><br />(+14 for winning)\n","uploadtime":1774503302,"views":30,"formatid":"gen9vgc2026regi","rating":1206,"private":0,"password":null}