{"id":"gen9vgc2026regi-2559445890","format":"[Gen 9] VGC 2026 Reg I","players":["pom123123123","Jonen"],"log":"|j|\u2606pom123123123\n|j|\u2606Jonen\n|t:|1773568779\n|gametype|doubles\n|player|p1|pom123123123|wattson|1236\n|player|p2|Jonen|hiker-gen4|1239\n|gen|9\n|tier|[Gen 9] VGC 2026 Reg I\n|rated|\n|rule|Species Clause: Limit one of each Pok\u00e9mon\n|rule|Item Clause: Limit 1 of each item\n|clearpoke\n|poke|p1|Miraidon, L50|\n|poke|p1|Incineroar, L50, M|\n|poke|p1|Whimsicott, L50, M|\n|poke|p1|Urshifu-*, L50, M|\n|poke|p1|Lunala, L50|\n|poke|p1|Ursaluna, L50, M|\n|poke|p2|Groudon, L50|\n|poke|p2|Lunala, L50|\n|poke|p2|Sableye, L50, F|\n|poke|p2|Chi-Yu, L50|\n|poke|p2|Rillaboom, L50, M|\n|poke|p2|Jumpluff, L50, F|\n|teampreview|4\n|inactive|Battle timer is ON: inactive players will automatically lose when time's up. (requested by pom123123123)\n|\n|t:|1773568806\n|teamsize|p1|4\n|teamsize|p2|4\n|start\n|switch|p1a: Incineroar|Incineroar, L50, M|100/100\n|switch|p1b: Lunala|Lunala, L50|100/100\n|switch|p2a: Groudon|Groudon, L50|100/100\n|switch|p2b: Jumpluff|Jumpluff, L50, F|100/100\n|-weather|SunnyDay|[from] ability: Drought|[of] p2a: Groudon\n|-ability|p1a: Incineroar|Intimidate|boost\n|-unboost|p2a: Groudon|atk|1\n|-unboost|p2b: Jumpluff|atk|1\n|turn|1\n|\n|t:|1773568822\n|switch|p1b: Miraidon|Miraidon, L50|100/100\n|-fieldstart|move: Electric Terrain|[from] ability: Hadron Engine|[of] p1b: Miraidon\n|move|p1a: Incineroar|Fake Out|p2a: Groudon\n|-damage|p2a: Groudon|92/100\n|move|p2b: Jumpluff|Sleep Powder|p1b: Miraidon|[miss]\n|-miss|p2b: Jumpluff|p1b: Miraidon\n|cant|p2a: Groudon|flinch\n|\n|-weather|SunnyDay|[upkeep]\n|upkeep\n|turn|2\n|inactive|pom123123123 has 30 seconds left.\n|\n|t:|1773568852\n|-terastallize|p1a: Incineroar|Bug\n|move|p2b: Jumpluff|Tailwind|p2b: Jumpluff\n|-sidestart|p2: Jonen|move: Tailwind\n|move|p2a: Groudon|High Horsepower|p1b: Miraidon\n|-supereffective|p1b: Miraidon\n|-damage|p1b: Miraidon|0 fnt\n|faint|p1b: Miraidon\n|move|p1a: Incineroar|U-turn|p2b: Jumpluff\n|-damage|p2b: Jumpluff|68/100\n|\n|t:|1773568862\n|switch|p1a: Lunala|Lunala, L50|100/100|[from] U-turn\n|-enditem|p1a: Lunala|Electric Seed\n|-boost|p1a: Lunala|def|1|[from] item: Electric Seed\n|\n|-weather|SunnyDay|[upkeep]\n|upkeep\n|\n|t:|1773568864\n|switch|p1b: Incineroar|Incineroar, L50, M, tera:Bug|100/100\n|-ability|p1b: Incineroar|Intimidate|boost\n|-unboost|p2a: Groudon|atk|1\n|-unboost|p2b: Jumpluff|atk|1\n|turn|3\n|\n|t:|1773568872\n|switch|p2a: Rillaboom|Rillaboom, L50, M|100/100\n|-fieldstart|move: Grassy Terrain|[from] ability: Grassy Surge|[of] p2a: Rillaboom\n|move|p2b: Jumpluff|Sleep Powder|p1a: Lunala\n|-status|p1a: Lunala|slp|[from] move: Sleep Powder\n|move|p1b: Incineroar|U-turn|p2b: Jumpluff\n|-damage|p2b: Jumpluff|36/100\n|\n|t:|1773568879\n|switch|p1b: Ursaluna|Ursaluna, L50, M|100/100|[from] U-turn\n|cant|p1a: Lunala|slp\n|\n|-weather|SunnyDay|[upkeep]\n|-status|p1b: Ursaluna|brn|[from] item: Flame Orb\n|upkeep\n|turn|4\n|\n|t:|1773568896\n|switch|p2b: Lunala|Lunala, L50|100/100\n|switch|p1b: Incineroar|Incineroar, L50, M, tera:Bug|100/100\n|-ability|p1b: Incineroar|Intimidate|boost\n|-unboost|p2a: Rillaboom|atk|1\n|-unboost|p2b: Lunala|atk|1\n|move|p2a: Rillaboom|U-turn|p1a: Lunala\n|-damage|p1a: Lunala|97/100 slp\n|\n|t:|1773568907\n|switch|p2a: Groudon|Groudon, L50|92/100|[from] U-turn\n|cant|p1a: Lunala|slp\n|\n|-weather|SunnyDay|[upkeep]\n|-heal|p2a: Groudon|98/100|[from] Grassy Terrain\n|-heal|p1a: Lunala|100/100 slp|[from] Grassy Terrain\n|upkeep\n|turn|5\n|\n|t:|1773568928\n|switch|p1a: Ursaluna|Ursaluna, L50, M|100/100 brn\n|move|p2b: Lunala|Moongeist Beam|p1a: Ursaluna\n|-immune|p1a: Ursaluna\n|move|p2a: Groudon|Heat Crash|p1a: Ursaluna\n|-damage|p1a: Ursaluna|44/100 brn\n|move|p1b: Incineroar|U-turn|p2b: Lunala\n|-damage|p2b: Lunala|86/100\n|\n|t:|1773568939\n|switch|p1b: Lunala|Lunala, L50|100/100 slp|[from] U-turn\n|\n|-weather|none\n|-heal|p2b: Lunala|92/100|[from] Grassy Terrain\n|-heal|p2a: Groudon|100/100|[from] Grassy Terrain\n|-heal|p1a: Ursaluna|50/100 brn|[from] Grassy Terrain\n|-damage|p1a: Ursaluna|44/100 brn|[from] brn\n|-sideend|p2: Jonen|move: Tailwind\n|upkeep\n|turn|6\n|\n|t:|1773568952\n|move|p1a: Ursaluna|Protect|p1a: Ursaluna\n|-singleturn|p1a: Ursaluna|Protect\n|move|p2b: Lunala|Moongeist Beam|p1b: Lunala\n|-supereffective|p1b: Lunala\n|-damage|p1b: Lunala|28/100 slp\n|move|p2a: Groudon|Heat Crash|p1a: Ursaluna\n|-activate|p1a: Ursaluna|move: Protect\n|-curestatus|p1b: Lunala|slp|[msg]\n|move|p1b: Lunala|Trick Room|p1b: Lunala\n|-fieldstart|move: Trick Room|[of] p1b: Lunala\n|\n|-heal|p1a: Ursaluna|50/100 brn|[from] Grassy Terrain\n|-heal|p1b: Lunala|34/100|[from] Grassy Terrain\n|-heal|p2b: Lunala|99/100|[from] Grassy Terrain\n|-damage|p1a: Ursaluna|44/100 brn|[from] brn\n|upkeep\n|turn|7\n|inactive|pom123123123 has 30 seconds left.\n|inactive|pom123123123 has 20 seconds left.\n|\n|t:|1773568988\n|-terastallize|p2b: Lunala|Fairy\n|move|p1a: Ursaluna|Facade|p2b: Lunala\n|-damage|p2b: Lunala|0 fnt\n|faint|p2b: Lunala\n|move|p1b: Lunala|Moongeist Beam|p2a: Groudon\n|-damage|p2a: Groudon|39/100\n|move|p2a: Groudon|Heat Crash|p1a: Ursaluna\n|-damage|p1a: Ursaluna|5/100 brn\n|\n|-heal|p1a: Ursaluna|11/100 brn|[from] Grassy Terrain\n|-heal|p1b: Lunala|40/100|[from] Grassy Terrain\n|-heal|p2a: Groudon|44/100|[from] Grassy Terrain\n|-damage|p1a: Ursaluna|5/100 brn|[from] brn\n|-fieldend|move: Grassy Terrain\n|upkeep\n|\n|t:|1773569000\n|switch|p2b: Rillaboom|Rillaboom, L50, M|100/100\n|-fieldstart|move: Grassy Terrain|[from] ability: Grassy Surge|[of] p2b: Rillaboom\n|turn|8\n|\n|t:|1773569025\n|switch|p1a: Incineroar|Incineroar, L50, M, tera:Bug|100/100\n|-ability|p1a: Incineroar|Intimidate|boost\n|-unboost|p2a: Groudon|atk|1\n|-unboost|p2b: Rillaboom|atk|1\n|switch|p2a: Jumpluff|Jumpluff, L50, F|36/100\n|move|p2b: Rillaboom|Grassy Glide|p1a: Incineroar\n|-resisted|p1a: Incineroar\n|-damage|p1a: Incineroar|90/100\n|move|p1b: Lunala|Moongeist Beam|p2a: Jumpluff\n|-damage|p2a: Jumpluff|0 fnt\n|faint|p2a: Jumpluff\n|\n|-heal|p1a: Incineroar|96/100|[from] Grassy Terrain\n|-heal|p1b: Lunala|46/100|[from] Grassy Terrain\n|upkeep\n|\n|t:|1773569028\n|switch|p2a: Groudon|Groudon, L50|44/100\n|-weather|SunnyDay|[from] ability: Drought|[of] p2a: Groudon\n|turn|9\n|\n|t:|1773569046\n|move|p2b: Rillaboom|Wood Hammer|p1b: Lunala\n|-damage|p1b: Lunala|8/100\n|-damage|p2b: Rillaboom|86/100|[from] Recoil\n|move|p1a: Incineroar|Flare Blitz|p2b: Rillaboom\n|-supereffective|p2b: Rillaboom\n|-damage|p2b: Rillaboom|0 fnt\n|faint|p2b: Rillaboom\n|-damage|p1a: Incineroar|66/100|[from] Recoil\n|move|p1b: Lunala|Moongeist Beam|p2a: Groudon\n|-damage|p2a: Groudon|0 fnt\n|faint|p2a: Groudon\n|\n|win|pom123123123\n|raw|pom123123123's rating: 1236 &rarr; <strong>1261</strong><br />(+25 for winning)\n|raw|Jonen's rating: 1239 &rarr; <strong>1214</strong><br />(-25 for losing)\n","uploadtime":1773569047,"views":12,"formatid":"gen9vgc2026regi","rating":1214,"private":0,"password":null}