{"id":"gen9vgc2026regi-2558827686","format":"[Gen 9] VGC 2026 Reg I","players":["abdulahad16427","blackred123"],"log":"|j|\u2606abdulahad16427\n|j|\u2606blackred123\n|t:|1773489797\n|gametype|doubles\n|player|p1|abdulahad16427|iris-gen5bw2|1236\n|player|p2|blackred123|iono-masters|1313\n|gen|9\n|tier|[Gen 9] VGC 2026 Reg I\n|rated|\n|rule|Species Clause: Limit one of each Pok\u00e9mon\n|rule|Item Clause: Limit 1 of each item\n|clearpoke\n|poke|p1|Ogerpon-Hearthflame, L50, F|\n|poke|p1|Koraidon, L50|\n|poke|p1|Scream Tail, L50|\n|poke|p1|Rillaboom, L50, M|\n|poke|p1|Calyrex-Shadow, L50|\n|poke|p1|Hitmontop, L50, M|\n|poke|p2|Groudon, L50|\n|poke|p2|Scovillain, L50, M|\n|poke|p2|Lunala, L50|\n|poke|p2|Whimsicott, L50, M|\n|poke|p2|Rillaboom, L50, M|\n|poke|p2|Venusaur, L50, F|\n|teampreview|4\n|inactive|Battle timer is ON: inactive players will automatically lose when time's up. (requested by abdulahad16427)\n|inactive|blackred123 also wants the timer to be on.\nabdulahad16427 rejected open team sheets.\n|inactive|blackred123 has 60 seconds left.\n|\n|t:|1773489829\n|teamsize|p1|4\n|teamsize|p2|4\n|start\n|switch|p1a: Calyrex|Calyrex-Shadow, L50|100/100\n|switch|p1b: Koraidon|Koraidon, L50|100/100\n|switch|p2a: Groudon|Groudon, L50|100/100\n|switch|p2b: Scovillain|Scovillain, L50, M|100/100\n|-ability|p1a: Calyrex|As One\n|-ability|p1a: Calyrex|Unnerve\n|-weather|SunnyDay|[from] ability: Orichalcum Pulse|[of] p1b: Koraidon\n|-activate|p1b: Koraidon|Orichalcum Pulse|[source]\n|turn|1\n|\n|t:|1773489840\n|switch|p1b: Hitmontop|Hitmontop, L50, M|100/100\n|-ability|p1b: Hitmontop|Intimidate|boost\n|-fail|p2a: Groudon|unboost|[from] item: Clear Amulet|[of] p2a: Groudon\n|-unboost|p2b: Scovillain|atk|1\n|-terastallize|p2a: Groudon|Fire\n|move|p2b: Scovillain|Spicy Extract|p2a: Groudon\n|-fail|p2a: Groudon|unboost|[from] item: Clear Amulet|[of] p2a: Groudon\n|-boost|p2a: Groudon|atk|2\n|move|p1a: Calyrex|Nasty Plot|p1a: Calyrex\n|-boost|p1a: Calyrex|spa|2\n|move|p2a: Groudon|Precipice Blades|p1b: Hitmontop|[spread] p1a,p1b\n|-damage|p1a: Calyrex|0 fnt\n|-enditem|p1b: Hitmontop|Focus Sash\n|-damage|p1b: Hitmontop|1/100\n|faint|p1a: Calyrex\n|\n|-weather|SunnyDay|[upkeep]\n|upkeep\n|\n|t:|1773489846\n|switch|p1a: Koraidon|Koraidon, L50|100/100\n|-activate|p1a: Koraidon|ability: Orichalcum Pulse\n|turn|2\n|\n|t:|1773489852\n|-terastallize|p1a: Koraidon|Fire\n|move|p2a: Groudon|Protect|p2a: Groudon\n|-singleturn|p2a: Groudon|Protect\n|move|p1b: Hitmontop|Fake Out|p2a: Groudon\n|-activate|p2a: Groudon|move: Protect\n|move|p2b: Scovillain|Will-O-Wisp|p1a: Koraidon\n|-immune|p1a: Koraidon\n|move|p1a: Koraidon|Flame Charge|p2b: Scovillain\n|-enditem|p2b: Scovillain|Focus Sash\n|-damage|p2b: Scovillain|1/100\n|-boost|p1a: Koraidon|spe|1\n|\n|-weather|SunnyDay|[upkeep]\n|upkeep\n|turn|3\n|\n|t:|1773489861\n|move|p1b: Hitmontop|Wide Guard|p1b: Hitmontop\n|-singleturn|p1b: Hitmontop|Wide Guard\n|move|p2b: Scovillain|Rage Powder|p2b: Scovillain\n|-singleturn|p2b: Scovillain|move: Rage Powder\n|move|p1a: Koraidon|Collision Course|p2b: Scovillain\n|-damage|p2b: Scovillain|0 fnt\n|faint|p2b: Scovillain\n|move|p2a: Groudon|Precipice Blades|p1b: Hitmontop|[spread] \n|-activate|p1a: Koraidon|move: Wide Guard\n|-activate|p1b: Hitmontop|move: Wide Guard\n|\n|-weather|SunnyDay|[upkeep]\n|upkeep\n|\n|t:|1773489865\n|switch|p2b: Whimsicott|Whimsicott, L50, M|100/100\n|turn|4\n|\n|t:|1773489872\n|switch|p1b: Ogerpon|Ogerpon-Hearthflame, L50, F|100/100\n|-ability|p1b: Ogerpon|Mold Breaker\n|move|p2b: Whimsicott|Tailwind|p2b: Whimsicott\n|-sidestart|p2: blackred123|move: Tailwind\n|move|p1a: Koraidon|Flame Charge|p2b: Whimsicott\n|-supereffective|p2b: Whimsicott\n|-damage|p2b: Whimsicott|0 fnt\n|-boost|p1a: Koraidon|spe|1\n|faint|p2b: Whimsicott\n|move|p2a: Groudon|High Horsepower|p1a: Koraidon\n|-supereffective|p1a: Koraidon\n|-damage|p1a: Koraidon|0 fnt\n|faint|p1a: Koraidon\n|\n|-weather|SunnyDay|[upkeep]\n|upkeep\n|\n|t:|1773489886\n|switch|p2b: Lunala|Lunala, L50|100/100\n|switch|p1a: Hitmontop|Hitmontop, L50, M|1/100\n|-ability|p1a: Hitmontop|Intimidate|boost\n|-fail|p2a: Groudon|unboost|[from] item: Clear Amulet|[of] p2a: Groudon\n|-unboost|p2b: Lunala|atk|1\n|turn|5\n|\n|t:|1773489894\n|move|p2a: Groudon|Protect|p2a: Groudon\n|-singleturn|p2a: Groudon|Protect\n|move|p1a: Hitmontop|Sucker Punch|p2b: Lunala\n|-supereffective|p2b: Lunala\n|-damage|p2b: Lunala|68/100\n|move|p2b: Lunala|Meteor Beam||[still]\n|-prepare|p2b: Lunala|Meteor Beam\n|-boost|p2b: Lunala|spa|1\n|-enditem|p2b: Lunala|Power Herb\n|-anim|p2b: Lunala|Meteor Beam|p1b: Ogerpon|[miss]\n|-miss|p2b: Lunala|p1b: Ogerpon\n|move|p1b: Ogerpon|Ivy Cudgel|p2b: Lunala|[anim] Ivy Cudgel Fire\n|-crit|p2b: Lunala\n|-damage|p2b: Lunala|0 fnt\n|faint|p2b: Lunala\n|\n|-weather|none\n|upkeep\n|turn|6\n|\n|t:|1773489910\n|move|p1b: Ogerpon|Spiky Shield|p1b: Ogerpon\n|-singleturn|p1b: Ogerpon|move: Protect\n|move|p2a: Groudon|High Horsepower|p1b: Ogerpon\n|-activate|p1b: Ogerpon|move: Protect\n|-damage|p2a: Groudon|88/100|[from] Spiky Shield|[of] p1b: Ogerpon\n|move|p1a: Hitmontop|Close Combat|p2a: Groudon\n|-damage|p2a: Groudon|54/100\n|-unboost|p1a: Hitmontop|def|1\n|-unboost|p1a: Hitmontop|spd|1\n|\n|upkeep\n|turn|7\n|\n|t:|1773489923\n|move|p1b: Ogerpon|Spiky Shield||[still]\n|-fail|p1b: Ogerpon\n|move|p2a: Groudon|Precipice Blades|p1a: Hitmontop|[spread] p1a,p1b\n|-damage|p1a: Hitmontop|0 fnt\n|-damage|p1b: Ogerpon|0 fnt\n|faint|p1a: Hitmontop\n|faint|p1b: Ogerpon\n|\n|win|blackred123\n|raw|abdulahad16427's rating: 1236 &rarr; <strong>1216</strong><br />(-20 for losing)\n|raw|blackred123's rating: 1313 &rarr; <strong>1329</strong><br />(+16 for winning)\n|l|\u2606blackred123\n|player|p2|\n|l|\u2606abdulahad16427\n|player|p1|\n","uploadtime":1773490159,"views":18,"formatid":"gen9vgc2026regi","rating":1216,"private":0,"password":null}