{"id":"gen9vgc2026regi-2573216862","format":"[Gen 9] VGC 2026 Reg I","players":["Rypassed 2","the gamblerler"],"log":"|j|\u2606Rypassed 2\n|j|\u2606the gamblerler\n|t:|1775104191\n|gametype|doubles\n|player|p1|Rypassed 2|drayton|1475\n|player|p2|the gamblerler|giovanni|1473\n|gen|9\n|tier|[Gen 9] VGC 2026 Reg I\n|rated|\n|rule|Species Clause: Limit one of each Pok\u00e9mon\n|rule|Item Clause: Limit 1 of each item\n|clearpoke\n|poke|p1|Calyrex-Shadow, L50|\n|poke|p1|Koraidon, L50|\n|poke|p1|Flutter Mane, L50|\n|poke|p1|Incineroar, L50, F|\n|poke|p1|Whimsicott, L50, M|\n|poke|p1|Indeedee-F, L50, F|\n|poke|p2|Calyrex-Shadow, L50|\n|poke|p2|Miraidon, L50|\n|poke|p2|Incineroar, L50, F|\n|poke|p2|Sneasler, L50, M|\n|poke|p2|Araquanid, L50, M|\n|poke|p2|Whimsicott, L50, M|\n|teampreview|4\n|inactive|Battle timer is ON: inactive players will automatically lose when time's up. (requested by the gamblerler)\n|inactive|Rypassed 2 also wants the timer to be on.\n|inactive|Rypassed 2 has 60 seconds left.\n|\n|t:|1775104228\n|teamsize|p1|4\n|teamsize|p2|4\n|start\n|switch|p1a: Cotton Ball|Whimsicott, L50, M|100/100\n|switch|p1b: Toothless|Koraidon, L50|100/100\n|switch|p2a: Calyrex|Calyrex-Shadow, L50|100/100\n|switch|p2b: Sneasler|Sneasler, L50, M|100/100\n|-ability|p2a: Calyrex|As One\n|-ability|p2a: Calyrex|Unnerve\n|-weather|SunnyDay|[from] ability: Orichalcum Pulse|[of] p1b: Toothless\n|-activate|p1b: Toothless|Orichalcum Pulse|[source]\n|turn|1\n|\n|t:|1775104246\n|switch|p2a: Whimsicott|Whimsicott, L50, M|100/100\n|-terastallize|p1b: Toothless|Fire\n|move|p1a: Cotton Ball|Tailwind|p1a: Cotton Ball\n|-sidestart|p1: Rypassed 2|move: Tailwind\n|move|p1b: Toothless|Flame Charge|p2a: Whimsicott\n|-supereffective|p2a: Whimsicott\n|-damage|p2a: Whimsicott|0 fnt\n|-boost|p1b: Toothless|spe|1\n|faint|p2a: Whimsicott\n|-damage|p1b: Toothless|91/100|[from] item: Life Orb\n|move|p2b: Sneasler|Dire Claw|p1a: Cotton Ball\n|-supereffective|p1a: Cotton Ball\n|-damage|p1a: Cotton Ball|0 fnt\n|faint|p1a: Cotton Ball\n|\n|-weather|SunnyDay|[upkeep]\n|upkeep\n|\n|t:|1775104261\n|switch|p1a: Dark Link|Calyrex-Shadow, L50|100/100\n|switch|p2a: Miraidon|Miraidon, L50|100/100\n|-ability|p1a: Dark Link|As One\n|-ability|p1a: Dark Link|Unnerve\n|-fieldstart|move: Electric Terrain|[from] ability: Hadron Engine|[of] p2a: Miraidon\n|-enditem|p2b: Sneasler|Electric Seed\n|-boost|p2b: Sneasler|def|1|[from] item: Electric Seed\n|turn|2\n|\n|t:|1775104275\n|switch|p1b: 8 year old girl|Indeedee-F, L50, F|100/100\n|-fieldstart|move: Psychic Terrain|[from] ability: Psychic Surge|[of] p1b: 8 year old girl\n|-terastallize|p2b: Sneasler|Dark\n|move|p1a: Dark Link|Expanding Force|p2a: Miraidon|[spread] p2a\n|-immune|p2b: Sneasler\n|-damage|p2a: Miraidon|44/100\n|move|p2b: Sneasler|Dire Claw|p1a: Dark Link\n|-resisted|p1a: Dark Link\n|-damage|p1a: Dark Link|73/100\n|move|p2a: Miraidon|Volt Switch|p1b: 8 year old girl\n|-crit|p1b: 8 year old girl\n|-damage|p1b: 8 year old girl|37/100\n|\n|t:|1775104282\n|switch|p2a: Calyrex|Calyrex-Shadow, L50|100/100|[from] Volt Switch\n|-ability|p2a: Calyrex|As One\n|-ability|p2a: Calyrex|Unnerve\n|\n|-weather|SunnyDay|[upkeep]\n|upkeep\n|turn|3\n|\n|t:|1775104307\n|move|p1b: 8 year old girl|Follow Me|p1b: 8 year old girl\n|-singleturn|p1b: 8 year old girl|move: Follow Me\n|move|p1a: Dark Link|Astral Barrage|p2b: Sneasler|[spread] p2a,p2b\n|-supereffective|p2a: Calyrex\n|-resisted|p2b: Sneasler\n|-enditem|p2a: Calyrex|Focus Sash\n|-damage|p2a: Calyrex|1/100\n|-damage|p2b: Sneasler|67/100\n|move|p2b: Sneasler|Dire Claw|p1b: 8 year old girl\n|-damage|p1b: 8 year old girl|0 fnt\n|faint|p1b: 8 year old girl\n|move|p2a: Calyrex|Astral Barrage|p1a: Dark Link\n|-supereffective|p1a: Dark Link\n|-damage|p1a: Dark Link|0 fnt\n|faint|p1a: Dark Link\n|-ability|p2a: Calyrex|Grim Neigh|boost\n|-boost|p2a: Calyrex|spa|1\n|\n|-weather|SunnyDay|[upkeep]\n|upkeep\n|\n|t:|1775104316\n|switch|p1a: Toothless|Koraidon, L50, tera:Fire|91/100\n|-activate|p1a: Toothless|ability: Orichalcum Pulse\n|turn|4\n|\n|t:|1775104330\n|switch|p2b: Miraidon|Miraidon, L50|44/100\n|-fieldstart|move: Electric Terrain|[from] ability: Hadron Engine|[of] p2b: Miraidon\n|move|p2a: Calyrex|Protect|p2a: Calyrex\n|-singleturn|p2a: Calyrex|Protect\n|move|p1a: Toothless|Flame Charge|p2b: Miraidon\n|-resisted|p2b: Miraidon\n|-damage|p2b: Miraidon|6/100\n|-boost|p1a: Toothless|spe|1\n|-damage|p1a: Toothless|81/100|[from] item: Life Orb\n|\n|-weather|SunnyDay|[upkeep]\n|-sideend|p1: Rypassed 2|move: Tailwind\n|upkeep\n|turn|5\n|\n|t:|1775104342\n|move|p1a: Toothless|Flame Charge|p2a: Calyrex\n|-damage|p2a: Calyrex|0 fnt\n|-boost|p1a: Toothless|spe|1\n|faint|p2a: Calyrex\n|-damage|p1a: Toothless|72/100|[from] item: Life Orb\n|move|p2b: Miraidon|Electro Drift|p1a: Toothless\n|-damage|p1a: Toothless|0 fnt\n|faint|p1a: Toothless\n|\n|win|the gamblerler\n|raw|Rypassed 2's rating: 1475 &rarr; <strong>1455</strong><br />(-20 for losing)\n|raw|the gamblerler's rating: 1473 &rarr; <strong>1493</strong><br />(+20 for winning)\n|l|\u2606the gamblerler\n|player|p2|\n|l|\u2606Rypassed 2\n|player|p1|\n","uploadtime":1775104504,"views":14,"formatid":"gen9vgc2026regi","rating":1455,"private":0,"password":null}