{"id":"gen9vgc2026regi-2537766179","format":"[Gen 9] VGC 2026 Reg I","players":["Zlayermc","Luca8"],"log":"|j|\u2606Zlayermc\n|j|\u2606Luca8\n|t:|1770845936\n|gametype|doubles\n|player|p1|Zlayermc|interviewers|1329\n|player|p2|Luca8|flint|1326\n|gen|9\n|tier|[Gen 9] VGC 2026 Reg I\n|rated|\n|rule|Species Clause: Limit one of each Pok\u00e9mon\n|rule|Item Clause: Limit 1 of each item\n|clearpoke\n|poke|p1|Calyrex-Ice, L50|\n|poke|p1|Slaking, L50, F|\n|poke|p1|Weezing-Galar, L50, M|\n|poke|p1|Porygon2, L50|\n|poke|p1|Kyogre, L50|\n|poke|p1|Landorus, L50, M|\n|poke|p2|Miraidon, L50|\n|poke|p2|Calyrex-Shadow, L50|\n|poke|p2|Whimsicott, L50, M|\n|poke|p2|Farigiraf, L50, F|\n|poke|p2|Incineroar, L50, F|\n|poke|p2|Urshifu-*, L50, M|\n|teampreview|4\n|inactive|Battle timer is ON: inactive players will automatically lose when time's up. (requested by Luca8)\n|\n|t:|1770845979\n|teamsize|p1|4\n|teamsize|p2|4\n|start\n|switch|p1a: Landorus|Landorus, L50, M|100/100\n|switch|p1b: Porygon2|Porygon2, L50|100/100\n|switch|p2a: Calyrex|Calyrex-Shadow, L50|100/100\n|switch|p2b: Farigiraf|Farigiraf, L50, F|100/100\n|-ability|p2a: Calyrex|As One\n|-ability|p2a: Calyrex|Unnerve\n|-ability|p1b: Porygon2|Download|boost\n|-boost|p1b: Porygon2|atk|1\n|turn|1\n|inactive|Zlayermc has 30 seconds left.\n|inactive|Zlayermc has 20 seconds left.\n|\n|t:|1770846016\n|move|p1a: Landorus|Sandsear Storm|p2a: Calyrex|[spread] p2a,p2b\n|-crit|p2b: Farigiraf\n|-damage|p2a: Calyrex|50/100\n|-damage|p2b: Farigiraf|5/100\n|move|p2a: Calyrex|Astral Barrage|p1b: Porygon2|[spread] p1a\n|-immune|p1b: Porygon2\n|-damage|p1a: Landorus|0 fnt\n|faint|p1a: Landorus\n|-ability|p2a: Calyrex|Grim Neigh|boost\n|-boost|p2a: Calyrex|spa|1\n|move|p2b: Farigiraf|Imprison|p2b: Farigiraf\n|-start|p2b: Farigiraf|move: Imprison\n|move|p1b: Porygon2|Shadow Ball|p2a: Calyrex\n|-supereffective|p2a: Calyrex\n|-damage|p2a: Calyrex|0 fnt\n|faint|p2a: Calyrex\n|\n|upkeep\n|\n|t:|1770846040\n|switch|p2a: Urshifu|Urshifu-Rapid-Strike, L50, M|100/100\n|switch|p1a: Calyrex|Calyrex-Ice, L50|100/100\n|-ability|p1a: Calyrex|As One\n|-ability|p1a: Calyrex|Unnerve\n|turn|2\n|inactive|Zlayermc has 30 seconds left.\n|inactive|Zlayermc has 20 seconds left.\n|inactive|Luca8 has 30 seconds left.\n|inactive|Zlayermc has 15 seconds left.\n|inactive|Zlayermc has 10 seconds left.\n|inactive|Zlayermc has 5 seconds left.\n|\n|t:|1770846092\n|switch|p2b: Incineroar|Incineroar, L50, F|100/100\n|-ability|p2b: Incineroar|Intimidate|boost\n|-unboost|p1a: Calyrex|atk|1\n|-unboost|p1b: Porygon2|atk|1\n|-terastallize|p1b: Porygon2|Fighting\n|move|p2a: Urshifu|Surging Strikes|p1a: Calyrex\n|-crit|p1a: Calyrex\n|-damage|p1a: Calyrex|87/100\n|-crit|p1a: Calyrex\n|-damage|p1a: Calyrex|74/100\n|-crit|p1a: Calyrex\n|-damage|p1a: Calyrex|60/100\n|-hitcount|p1a: Calyrex|3\n|move|p1b: Porygon2|Tera Blast|p2a: Urshifu|[anim] Tera Blast Fighting\n|-damage|p2a: Urshifu|48/100\n|move|p1a: Calyrex|Glacial Lance|p2b: Incineroar|[spread] p2a,p2b\n|-resisted|p2a: Urshifu\n|-resisted|p2b: Incineroar\n|-damage|p2a: Urshifu|29/100\n|-damage|p2b: Incineroar|83/100\n|\n|-heal|p1a: Calyrex|66/100|[from] item: Leftovers\n|upkeep\n|turn|3\n|inactive|Zlayermc has 30 seconds left.\n|inactive|Luca8 has 30 seconds left.\n|inactive|Luca8 has 20 seconds left.\n|inactive|Luca8 has 15 seconds left.\n|\n|t:|1770846136\n|switch|p1a: Kyogre|Kyogre, L50|100/100\n|-weather|RainDance|[from] ability: Drizzle|[of] p1a: Kyogre\n|move|p2b: Incineroar|Fake Out|p1b: Porygon2\n|-damage|p1b: Porygon2|93/100\n|move|p2a: Urshifu|Surging Strikes|p1b: Porygon2\n|-crit|p1b: Porygon2\n|-damage|p1b: Porygon2|72/100\n|-crit|p1b: Porygon2\n|-damage|p1b: Porygon2|53/100\n|-crit|p1b: Porygon2\n|-damage|p1b: Porygon2|32/100\n|-hitcount|p1b: Porygon2|3\n|cant|p1b: Porygon2|flinch\n|\n|-weather|RainDance|[upkeep]\n|upkeep\n|turn|4\n|inactive|Luca8 has 30 seconds left.\n|\n|t:|1770846163\n|-terastallize|p2b: Incineroar|Bug\n|move|p2a: Urshifu|Thunder Punch|p1a: Kyogre\n|-supereffective|p1a: Kyogre\n|-damage|p1a: Kyogre|43/100\n|move|p2b: Incineroar|Knock Off|p1a: Kyogre\n|-damage|p1a: Kyogre|0 fnt\n|-enditem|p1a: Kyogre|Iron Ball|[from] move: Knock Off|[of] p2b: Incineroar\n|faint|p1a: Kyogre\n|move|p1b: Porygon2|Trick Room|p1b: Porygon2\n|-fieldstart|move: Trick Room|[of] p1b: Porygon2\n|\n|-weather|RainDance|[upkeep]\n|upkeep\n|inactive|Zlayermc has 30 seconds left.\n|c|\u2606Zlayermc|I saw Ursh with ice spinner and now thunder punch\n|c|\u2606Zlayermc|whats up with that\n|inactive|Zlayermc has 20 seconds left.\n|\n|t:|1770846198\n|switch|p1a: Calyrex|Calyrex-Ice, L50|66/100\n|-ability|p1a: Calyrex|As One\n|-ability|p1a: Calyrex|Unnerve\n|turn|5\n|inactive|Zlayermc has 30 seconds left.\n|inactive|Luca8 has 30 seconds left.\n|\n|t:|1770846228\n|move|p1a: Calyrex|Glacial Lance|p2b: Incineroar|[spread] p2a,p2b\n|-resisted|p2a: Urshifu\n|-damage|p2a: Urshifu|0 fnt\n|-damage|p2b: Incineroar|31/100\n|faint|p2a: Urshifu\n|-ability|p1a: Calyrex|Chilling Neigh|boost\n|-boost|p1a: Calyrex|atk|1\n|move|p1b: Porygon2|Shadow Ball|p2b: Incineroar\n|-damage|p2b: Incineroar|18/100\n|move|p2b: Incineroar|U-turn|p1a: Calyrex\n|-supereffective|p1a: Calyrex\n|-damage|p1a: Calyrex|25/100\n|\n|t:|1770846240\n|switch|p2b: Farigiraf|Farigiraf, L50, F|5/100|[from] U-turn\n|\n|-weather|RainDance|[upkeep]\n|-heal|p1a: Calyrex|31/100|[from] item: Leftovers\n|upkeep\n|\n|t:|1770846247\n|switch|p2a: Incineroar|Incineroar, L50, F, tera:Bug|18/100\n|-ability|p2a: Incineroar|Intimidate|boost\n|-unboost|p1a: Calyrex|atk|1\n|-unboost|p1b: Porygon2|atk|1\n|turn|6\n|\n|t:|1770846262\n|move|p1a: Calyrex|Protect|p1a: Calyrex\n|-singleturn|p1a: Calyrex|Protect\n|move|p2a: Incineroar|Fake Out|p1a: Calyrex\n|-activate|p1a: Calyrex|move: Protect\n|move|p1b: Porygon2|Recover|p1b: Porygon2\n|-heal|p1b: Porygon2|82/100\n|move|p2b: Farigiraf|Hyper Voice|p1b: Porygon2|[spread] p1b\n|-activate|p1a: Calyrex|move: Protect\n|-crit|p1b: Porygon2\n|-damage|p1b: Porygon2|50/100\n|-enditem|p2b: Farigiraf|Throat Spray\n|-boost|p2b: Farigiraf|spa|1|[from] item: Throat Spray\n|\n|-weather|RainDance|[upkeep]\n|-heal|p1a: Calyrex|37/100|[from] item: Leftovers\n|upkeep\n|turn|7\n|-message|Luca8 forfeited.\n|\n|win|Zlayermc\n|raw|Zlayermc's rating: 1329 &rarr; <strong>1349</strong><br />(+20 for winning)\n|raw|Luca8's rating: 1326 &rarr; <strong>1306</strong><br />(-20 for losing)\n|l|\u2606Luca8\n|player|p2|\n|l|\u2606Zlayermc\n|player|p1|\n","uploadtime":1770846470,"views":22,"formatid":"gen9vgc2026regi","rating":1306,"private":0,"password":null}