{"id":"gen9vgc2026regi-2580813482","format":"[Gen 9] VGC 2026 Reg I","players":["kyanhct","ItsLeviosaStpItRon"],"log":"|j|\u2606kyanhct\n|j|\u2606ItsLeviosaStpItRon\n|t:|1775934580\n|gametype|doubles\n|player|p1|kyanhct|dawn-gen4pt|1367\n|player|p2|ItsLeviosaStpItRon|psychic-gen4|1382\n|gen|9\n|tier|[Gen 9] VGC 2026 Reg I\n|rated|\n|rule|Species Clause: Limit one of each Pok\u00e9mon\n|rule|Item Clause: Limit 1 of each item\n|clearpoke\n|poke|p1|Brute Bonnet, L50|\n|poke|p1|Lunala, L50|\n|poke|p1|Ursaluna, L50, M|\n|poke|p1|Chi-Yu, L50|\n|poke|p1|Koraidon, L50|\n|poke|p1|Flutter Mane, L50|\n|poke|p2|Koraidon, L50|\n|poke|p2|Lunala, L50|\n|poke|p2|Brute Bonnet, L50|\n|poke|p2|Ursaluna, L50, F|\n|poke|p2|Chi-Yu, L50|\n|poke|p2|Flutter Mane, L50|\n|teampreview|4\n|c|\u2606ItsLeviosaStpItRon|What a nice team you have\nItsLeviosaStpItRon has agreed to open team sheets.\n|inactive|Battle timer is ON: inactive players will automatically lose when time's up. (requested by ItsLeviosaStpItRon)\n|\n|t:|1775934634\n|teamsize|p1|4\n|teamsize|p2|4\n|start\n|switch|p1a: Koraidon|Koraidon, L50|100/100\n|switch|p1b: Flutter Mane|Flutter Mane, L50|100/100\n|switch|p2a: It's|Koraidon, L50|100/100\n|switch|p2b: Stop It Ron|Brute Bonnet, L50|100/100\n|-weather|SunnyDay|[from] ability: Orichalcum Pulse|[of] p1a: Koraidon\n|-activate|p1b: Flutter Mane|ability: Protosynthesis\n|-start|p1b: Flutter Mane|protosynthesisspe\n|-activate|p2b: Stop It Ron|ability: Protosynthesis\n|-start|p2b: Stop It Ron|protosynthesisdef\n|-activate|p1a: Koraidon|Orichalcum Pulse|[source]\n|-activate|p2a: It's|ability: Orichalcum Pulse\n|turn|1\n|inactive|ItsLeviosaStpItRon has 30 seconds left.\n|\n|t:|1775934659\n|-terastallize|p1a: Koraidon|Fire\n|-terastallize|p2b: Stop It Ron|Water\n|move|p2b: Stop It Ron|Rage Powder|p2b: Stop It Ron\n|-singleturn|p2b: Stop It Ron|move: Rage Powder\n|move|p1b: Flutter Mane|Moonblast|p2b: Stop It Ron\n|-damage|p2b: Stop It Ron|59/100\n|move|p2a: It's|Flame Charge|p1b: Flutter Mane\n|-enditem|p1b: Flutter Mane|Focus Sash\n|-damage|p1b: Flutter Mane|1/100\n|-boost|p2a: It's|spe|1\n|-damage|p2a: It's|91/100|[from] item: Life Orb\n|move|p1a: Koraidon|Flare Blitz|p2b: Stop It Ron\n|-resisted|p2b: Stop It Ron\n|-damage|p2b: Stop It Ron|17/100\n|-enditem|p2b: Stop It Ron|Sitrus Berry|[eat]\n|-heal|p2b: Stop It Ron|42/100|[from] item: Sitrus Berry\n|-damage|p1a: Koraidon|83/100|[from] Recoil\n|-damage|p1a: Koraidon|74/100|[from] item: Life Orb\n|\n|-weather|SunnyDay|[upkeep]\n|upkeep\n|turn|2\n|inactive|kyanhct has 30 seconds left.\n|\n|t:|1775934688\n|move|p1b: Flutter Mane|Protect|p1b: Flutter Mane\n|-singleturn|p1b: Flutter Mane|Protect\n|move|p2b: Stop It Ron|Sucker Punch||[still]\n|-fail|p2b: Stop It Ron\n|move|p2a: It's|Close Combat|p1a: Koraidon\n|-damage|p1a: Koraidon|0 fnt\n|-unboost|p2a: It's|def|1\n|-unboost|p2a: It's|spd|1\n|faint|p1a: Koraidon\n|-damage|p2a: It's|81/100|[from] item: Life Orb\n|\n|-weather|SunnyDay|[upkeep]\n|upkeep\n|\n|t:|1775934700\n|switch|p1a: Chi-Yu|Chi-Yu, L50|100/100\n|-ability|p1a: Chi-Yu|Beads of Ruin\n|turn|3\n|\n|t:|1775934719\n|-end|p1b: Flutter Mane|Protosynthesis|[silent]\n|switch|p1b: Lunala|Lunala, L50|100/100\n|move|p2b: Stop It Ron|Sucker Punch||[still]\n|-fail|p2b: Stop It Ron\n|move|p2a: It's|Close Combat|p1a: Chi-Yu\n|-supereffective|p1a: Chi-Yu\n|-damage|p1a: Chi-Yu|0 fnt\n|-unboost|p2a: It's|def|1\n|-unboost|p2a: It's|spd|1\n|faint|p1a: Chi-Yu\n|-damage|p2a: It's|72/100|[from] item: Life Orb\n|\n|-weather|SunnyDay|[upkeep]\n|upkeep\n|\n|t:|1775934730\n|switch|p1a: Flutter Mane|Flutter Mane, L50|1/100\n|-activate|p1a: Flutter Mane|ability: Protosynthesis\n|-start|p1a: Flutter Mane|protosynthesisspe\n|turn|4\n|\n|t:|1775934749\n|move|p1a: Flutter Mane|Protect|p1a: Flutter Mane\n|-singleturn|p1a: Flutter Mane|Protect\n|move|p2b: Stop It Ron|Sucker Punch||[still]\n|-fail|p2b: Stop It Ron\n|move|p2a: It's|Flame Charge|p1b: Lunala\n|-damage|p1b: Lunala|82/100\n|-boost|p2a: It's|spe|1\n|-damage|p2a: It's|62/100|[from] item: Life Orb\n|move|p1b: Lunala|Moongeist Beam|p2a: It's\n|-damage|p2a: It's|0 fnt\n|faint|p2a: It's\n|\n|-weather|SunnyDay|[upkeep]\n|upkeep\n|\n|t:|1775934770\n|switch|p2a: Not Leviosaaaa|Lunala, L50|100/100\n|turn|5\n|\n|t:|1775934784\n|move|p1a: Flutter Mane|Protect|p1a: Flutter Mane\n|-singleturn|p1a: Flutter Mane|Protect\n|move|p2b: Stop It Ron|Sucker Punch||[still]\n|-fail|p2b: Stop It Ron\n|move|p2a: Not Leviosaaaa|Moongeist Beam|p1b: Lunala\n|-supereffective|p1b: Lunala\n|-damage|p1b: Lunala|0 fnt\n|faint|p1b: Lunala\n|\n|-weather|none\n|-end|p1a: Flutter Mane|Protosynthesis\n|-end|p2b: Stop It Ron|Protosynthesis\n|upkeep\n|turn|6\n|-message|kyanhct forfeited.\n|\n|win|ItsLeviosaStpItRon\n|raw|kyanhct's rating: 1367 &rarr; <strong>1348</strong><br />(-19 for losing)\n|raw|ItsLeviosaStpItRon's rating: 1382 &rarr; <strong>1401</strong><br />(+19 for winning)\n|l|\u2606kyanhct\n|player|p1|\n","uploadtime":1775934809,"views":22,"formatid":"gen9vgc2026regi","rating":1348,"private":0,"password":null}