{"id":"gen9vgc2026regi-2574882651","format":"[Gen 9] VGC 2026 Reg I","players":["Realfrytki","BanKingambit69247"],"log":"|j|\u2606Realfrytki\n|j|\u2606BanKingambit69247\n|t:|1775289555\n|gametype|doubles\n|player|p1|Realfrytki|veteranf|1588\n|player|p2|BanKingambit69247|lucas|1590\n|gen|9\n|tier|[Gen 9] VGC 2026 Reg I\n|rated|\n|rule|Species Clause: Limit one of each Pok\u00e9mon\n|rule|Item Clause: Limit 1 of each item\n|clearpoke\n|poke|p1|Terapagos, L50, M|\n|poke|p1|Grimmsnarl, L50, M|\n|poke|p1|Volcarona, L50, F|\n|poke|p1|Miraidon, L50|\n|poke|p1|Iron Hands, L50|\n|poke|p1|Ogerpon-Cornerstone, L50, F|\n|poke|p2|Calyrex-Shadow, L50|\n|poke|p2|Zamazenta-*, L50|\n|poke|p2|Chien-Pao, L50|\n|poke|p2|Ogerpon-Wellspring, L50, F|\n|poke|p2|Smeargle, L50, F|\n|poke|p2|Indeedee-F, L50, F|\n|teampreview|4\n|inactive|Battle timer is ON: inactive players will automatically lose when time's up. (requested by BanKingambit69247)\n|\n|t:|1775289581\n|teamsize|p1|4\n|teamsize|p2|4\n|start\n|switch|p1a: Grimmsnarl|Grimmsnarl, L50, M|100/100\n|switch|p1b: Volcarona|Volcarona, L50, F|100/100\n|switch|p2a: \u6211\u7684\u5de8\u517d\u5f39\u56de\u6765\u5566!\ud83d\udc37\ud83d\udc37\ud83d\udc37|Chien-Pao, L50|100/100\n|switch|p2b: \u5f3a\u8005\u5c31\u662f\u8981\u7f9e\u8fb1\u5f31\u8005\ud83d\udc36\ud83d\udc36\ud83d\udc36|Zamazenta-Crowned, L50|100/100\n|-ability|p2a: \u6211\u7684\u5de8\u517d\u5f39\u56de\u6765\u5566!\ud83d\udc37\ud83d\udc37\ud83d\udc37|Sword of Ruin\n|-ability|p2b: \u5f3a\u8005\u5c31\u662f\u8981\u7f9e\u8fb1\u5f31\u8005\ud83d\udc36\ud83d\udc36\ud83d\udc36|Dauntless Shield|boost\n|-boost|p2b: \u5f3a\u8005\u5c31\u662f\u8981\u7f9e\u8fb1\u5f31\u8005\ud83d\udc36\ud83d\udc36\ud83d\udc36|def|1\n|turn|1\n|\n|t:|1775289593\n|move|p1a: Grimmsnarl|Fake Out|p2a: \u6211\u7684\u5de8\u517d\u5f39\u56de\u6765\u5566!\ud83d\udc37\ud83d\udc37\ud83d\udc37\n|-damage|p2a: \u6211\u7684\u5de8\u517d\u5f39\u56de\u6765\u5566!\ud83d\udc37\ud83d\udc37\ud83d\udc37|87/100\n|cant|p2a: \u6211\u7684\u5de8\u517d\u5f39\u56de\u6765\u5566!\ud83d\udc37\ud83d\udc37\ud83d\udc37|flinch\n|move|p2b: \u5f3a\u8005\u5c31\u662f\u8981\u7f9e\u8fb1\u5f31\u8005\ud83d\udc36\ud83d\udc36\ud83d\udc36|Body Press|p1b: Volcarona\n|-resisted|p1b: Volcarona\n|-damage|p1b: Volcarona|44/100\n|move|p1b: Volcarona|Quiver Dance|p1b: Volcarona\n|-boost|p1b: Volcarona|spa|1\n|-boost|p1b: Volcarona|spd|1\n|-boost|p1b: Volcarona|spe|1\n|\n|-heal|p1b: Volcarona|50/100|[from] item: Leftovers\n|upkeep\n|turn|2\n|\n|t:|1775289615\n|switch|p2a: \u8bf6\u4f60\u600e\u4e48\u6b7b\u4e86?\u267f\u267f\u267f|Calyrex-Shadow, L50|100/100\n|-ability|p2a: \u8bf6\u4f60\u600e\u4e48\u6b7b\u4e86?\u267f\u267f\u267f|As One\n|-ability|p2a: \u8bf6\u4f60\u600e\u4e48\u6b7b\u4e86?\u267f\u267f\u267f|Unnerve\n|move|p1b: Volcarona|Protect|p1b: Volcarona\n|-singleturn|p1b: Volcarona|Protect\n|move|p1a: Grimmsnarl|Fake Tears|p2b: \u5f3a\u8005\u5c31\u662f\u8981\u7f9e\u8fb1\u5f31\u8005\ud83d\udc36\ud83d\udc36\ud83d\udc36\n|-unboost|p2b: \u5f3a\u8005\u5c31\u662f\u8981\u7f9e\u8fb1\u5f31\u8005\ud83d\udc36\ud83d\udc36\ud83d\udc36|spd|2\n|move|p2b: \u5f3a\u8005\u5c31\u662f\u8981\u7f9e\u8fb1\u5f31\u8005\ud83d\udc36\ud83d\udc36\ud83d\udc36|Behemoth Bash|p1a: Grimmsnarl\n|-supereffective|p1a: Grimmsnarl\n|-damage|p1a: Grimmsnarl|8/100\n|\n|-heal|p1b: Volcarona|57/100|[from] item: Leftovers\n|upkeep\n|turn|3\n|inactive|BanKingambit69247 has 30 seconds left.\n|\n|t:|1775289640\n|switch|p2b: \u6211\u5927\u54e5|Smeargle, L50, F|100/100\n|-terastallize|p2a: \u8bf6\u4f60\u600e\u4e48\u6b7b\u4e86?\u267f\u267f\u267f|Ghost\n|move|p1a: Grimmsnarl|Thunder Wave|p2a: \u8bf6\u4f60\u600e\u4e48\u6b7b\u4e86?\u267f\u267f\u267f\n|-status|p2a: \u8bf6\u4f60\u600e\u4e48\u6b7b\u4e86?\u267f\u267f\u267f|par\n|move|p1b: Volcarona|Fiery Dance|p2b: \u6211\u5927\u54e5\n|-enditem|p2b: \u6211\u5927\u54e5|Focus Sash\n|-damage|p2b: \u6211\u5927\u54e5|1/100\n|-boost|p1b: Volcarona|spa|1\n|move|p2a: \u8bf6\u4f60\u600e\u4e48\u6b7b\u4e86?\u267f\u267f\u267f|Astral Barrage|p1a: Grimmsnarl|[spread] p1a,p1b\n|-resisted|p1a: Grimmsnarl\n|-damage|p1a: Grimmsnarl|0 fnt\n|-damage|p1b: Volcarona|0 fnt\n|faint|p1a: Grimmsnarl\n|faint|p1b: Volcarona\n|-ability|p2a: \u8bf6\u4f60\u600e\u4e48\u6b7b\u4e86?\u267f\u267f\u267f|Grim Neigh|boost\n|-boost|p2a: \u8bf6\u4f60\u600e\u4e48\u6b7b\u4e86?\u267f\u267f\u267f|spa|2\n|\n|upkeep\n|\n|t:|1775289658\n|switch|p1b: Terapagos|Terapagos, L50, M|100/100\n|switch|p1a: Miraidon|Miraidon, L50|100/100\n|-activate|p1b: Terapagos|ability: Tera Shift\n|detailschange|p1b: Terapagos|Terapagos-Terastal, L50, M\n|-heal|p1b: Terapagos|100/100|[silent]\n|-fieldstart|move: Electric Terrain|[from] ability: Hadron Engine|[of] p1a: Miraidon\n|turn|4\n|\n|t:|1775289677\n|-terastallize|p1b: Terapagos|Stellar\n|detailschange|p1b: Terapagos|Terapagos-Stellar, L50, M, tera:Stellar\n|-heal|p1b: Terapagos|100/100|[silent]\n|-ability|p1b: Terapagos|Teraform Zero\n|-fieldend|move: Electric Terrain\n|move|p2b: \u6211\u5927\u54e5|Feint|p1b: Terapagos\n|-damage|p1b: Terapagos|94/100\n|move|p1a: Miraidon|Electro Drift|p2a: \u8bf6\u4f60\u600e\u4e48\u6b7b\u4e86?\u267f\u267f\u267f\n|-damage|p2a: \u8bf6\u4f60\u600e\u4e48\u6b7b\u4e86?\u267f\u267f\u267f|29/100 par\n|-damage|p1a: Miraidon|91/100|[from] item: Life Orb\n|move|p1b: Terapagos|Tera Starstorm|p2b: \u6211\u5927\u54e5|[spread] p2a,p2b\n|-supereffective|p2a: \u8bf6\u4f60\u600e\u4e48\u6b7b\u4e86?\u267f\u267f\u267f\n|-damage|p2a: \u8bf6\u4f60\u600e\u4e48\u6b7b\u4e86?\u267f\u267f\u267f|0 fnt\n|-damage|p2b: \u6211\u5927\u54e5|0 fnt\n|faint|p2a: \u8bf6\u4f60\u600e\u4e48\u6b7b\u4e86?\u267f\u267f\u267f\n|faint|p2b: \u6211\u5927\u54e5\n|\n|upkeep\n|\n|t:|1775289681\n|switch|p2a: \u6211\u7684\u5de8\u517d\u5f39\u56de\u6765\u5566!\ud83d\udc37\ud83d\udc37\ud83d\udc37|Chien-Pao, L50|87/100\n|switch|p2b: \u5f3a\u8005\u5c31\u662f\u8981\u7f9e\u8fb1\u5f31\u8005\ud83d\udc36\ud83d\udc36\ud83d\udc36|Zamazenta-Crowned, L50|100/100\n|-ability|p2a: \u6211\u7684\u5de8\u517d\u5f39\u56de\u6765\u5566!\ud83d\udc37\ud83d\udc37\ud83d\udc37|Sword of Ruin\n|turn|5\n|\n|t:|1775289707\n|move|p1a: Miraidon|Electro Drift|p2a: \u6211\u7684\u5de8\u517d\u5f39\u56de\u6765\u5566!\ud83d\udc37\ud83d\udc37\ud83d\udc37\n|-damage|p2a: \u6211\u7684\u5de8\u517d\u5f39\u56de\u6765\u5566!\ud83d\udc37\ud83d\udc37\ud83d\udc37|28/100\n|-damage|p1a: Miraidon|81/100|[from] item: Life Orb\n|move|p2a: \u6211\u7684\u5de8\u517d\u5f39\u56de\u6765\u5566!\ud83d\udc37\ud83d\udc37\ud83d\udc37|Ice Spinner|p1a: Miraidon\n|-supereffective|p1a: Miraidon\n|-damage|p1a: Miraidon|0 fnt\n|faint|p1a: Miraidon\n|move|p2b: \u5f3a\u8005\u5c31\u662f\u8981\u7f9e\u8fb1\u5f31\u8005\ud83d\udc36\ud83d\udc36\ud83d\udc36|Body Press|p1b: Terapagos\n|-supereffective|p1b: Terapagos\n|-damage|p1b: Terapagos|4/100\n|move|p1b: Terapagos|Tera Starstorm|p2b: \u5f3a\u8005\u5c31\u662f\u8981\u7f9e\u8fb1\u5f31\u8005\ud83d\udc36\ud83d\udc36\ud83d\udc36|[spread] p2a,p2b\n|-damage|p2a: \u6211\u7684\u5de8\u517d\u5f39\u56de\u6765\u5566!\ud83d\udc37\ud83d\udc37\ud83d\udc37|0 fnt\n|-damage|p2b: \u5f3a\u8005\u5c31\u662f\u8981\u7f9e\u8fb1\u5f31\u8005\ud83d\udc36\ud83d\udc36\ud83d\udc36|60/100\n|faint|p2a: \u6211\u7684\u5de8\u517d\u5f39\u56de\u6765\u5566!\ud83d\udc37\ud83d\udc37\ud83d\udc37\n|\n|upkeep\n|turn|6\n|\n|t:|1775289722\n|move|p2b: \u5f3a\u8005\u5c31\u662f\u8981\u7f9e\u8fb1\u5f31\u8005\ud83d\udc36\ud83d\udc36\ud83d\udc36|Body Press|p1b: Terapagos\n|-supereffective|p1b: Terapagos\n|-damage|p1b: Terapagos|0 fnt\n|faint|p1b: Terapagos\n|detailschange|p1: Terapagos|Terapagos, L50, M|[silent]\n|\n|win|BanKingambit69247\n|raw|Realfrytki's rating: 1588 &rarr; <strong>1568</strong><br />(-20 for losing)\n|raw|BanKingambit69247's rating: 1590 &rarr; <strong>1610</strong><br />(+20 for winning)\n","uploadtime":1775289724,"views":14,"formatid":"gen9vgc2026regi","rating":1568,"private":0,"password":null}