{"id":"gen9vgc2026regi-2575147450","format":"[Gen 9] VGC 2026 Reg I","players":["SnorlaxPikachu1","Yoru No Kurage"],"log":"|j|\u2606SnorlaxPikachu1\n|j|\u2606Yoru No Kurage\n|t:|1775323472\n|gametype|doubles\n|player|p1|SnorlaxPikachu1|palmer|\n|player|p2|Yoru No Kurage|yancy|\n|gen|9\n|tier|[Gen 9] VGC 2026 Reg I\n|rated|Tournament battle\n|rule|Species Clause: Limit one of each Pok\u00e9mon\n|rule|Item Clause: Limit 1 of each item\n|raw|<div class=\"infobox\"><details class=\"readmore\" open><summary><strong>3 custom rules:</strong></summary> Open Team Sheets, Force Open Team Sheets, !Open Team Sheets</details></div>\n|clearpoke\n|poke|p1|Calyrex-Shadow, L50|\n|poke|p1|Koraidon, L50|\n|poke|p1|Incineroar, L50, F|\n|poke|p1|Rillaboom, L50, M|\n|poke|p1|Clefairy, L50, F|\n|poke|p1|Flutter Mane, L50|\n|poke|p2|Zamazenta-*, L50|\n|poke|p2|Ting-Lu, L50|\n|poke|p2|Rillaboom, L50, M|\n|poke|p2|Chi-Yu, L50|\n|poke|p2|Raging Bolt, L50|\n|poke|p2|Calyrex-Shadow, L50|\n|teampreview|4\n|showteam|p1|Calyrex-Shadow||SpookyPlate|AsOneSpectrier|AstralBarrage,Psychic,NastyPlot,Protect||||||50|,,,,,Normal]Koraidon||ClearAmulet|OrichalcumPulse|CollisionCourse,FlareBlitz,FlameCharge,Protect||||||50|,,,,,Fire]Incineroar||SafetyGoggles|Intimidate|FakeOut,KnockOff,PartingShot,HelpingHand|||F|||50|,,,,,Ghost]Rillaboom||AssaultVest|GrassySurge|FakeOut,WoodHammer,GrassyGlide,Uturn|||M|||50|,,,,,Water]Clefairy||Eviolite|FriendGuard|FollowMe,HelpingHand,Encore,Protect|||F|||50|,,,,,Grass]Flutter Mane||FocusSash|Protosynthesis|Moonblast,ShadowBall,IcyWind,Protect||||||50|,,,,,Normal\n|showteam|p2|Zamazenta-Crowned||RustedShield|DauntlessShield|BodyPress,HeavySlam,WideGuard,Protect||||||50|,,,,,Water]Ting-Lu||SafetyGoggles|VesselofRuin|SandTomb,Ruination,RockTomb,Protect||||||50|,,,,,Fairy]Rillaboom||AssaultVest|GrassySurge|FakeOut,GrassyGlide,WoodHammer,Uturn|||M|||50|,,,,,Fire]Chi-Yu||ChoiceScarf|BeadsofRuin|HeatWave,Overheat,DarkPulse,Snarl||||||50|,,,,,Ghost]Raging Bolt||BoosterEnergy|Protosynthesis|Thunderclap,Thunderbolt,DracoMeteor,Protect||||||50|,,,,,Electric]Calyrex-Shadow||FocusSash|AsOneSpectrier|AstralBarrage,WillOWisp,Psychic,Protect||||||50|,,,,,Ghost\n|j|+holdingb\n|c|\u2606SnorlaxPikachu1|glhf\n|c|\u2606Yoru No Kurage|hf gng\n|j| mysticmarshtomp\n|j| mynamegrassgreen\n|\n|t:|1775323523\n|teamsize|p1|4\n|teamsize|p2|4\n|start\n|switch|p1a: Incineroar|Incineroar, L50, F|100/100\n|switch|p1b: Calyrex|Calyrex-Shadow, L50|100/100\n|switch|p2a: Binda|Chi-Yu, L50|100/100\n|switch|p2b: Kommander|Zamazenta-Crowned, L50|100/100\n|-ability|p1b: Calyrex|As One\n|-ability|p1b: Calyrex|Unnerve\n|-ability|p2a: Binda|Beads of Ruin\n|-ability|p2b: Kommander|Dauntless Shield|boost\n|-boost|p2b: Kommander|def|1\n|-ability|p1a: Incineroar|Intimidate|boost\n|-unboost|p2a: Binda|atk|1\n|-unboost|p2b: Kommander|atk|1\n|turn|1\n|l| mysticmarshtomp\n|\n|t:|1775323539\n|-terastallize|p1b: Calyrex|Normal\n|move|p1a: Incineroar|Fake Out|p2b: Kommander\n|-resisted|p2b: Kommander\n|-damage|p2b: Kommander|98/100\n|move|p2a: Binda|Snarl|p1a: Incineroar|[spread] p1a,p1b\n|-resisted|p1a: Incineroar\n|-damage|p1a: Incineroar|86/100\n|-damage|p1b: Calyrex|74/100\n|-unboost|p1a: Incineroar|spa|1\n|-unboost|p1b: Calyrex|spa|1\n|move|p1b: Calyrex|Astral Barrage|p2b: Kommander|[spread] p2a,p2b\n|-resisted|p2a: Binda\n|-damage|p2a: Binda|75/100\n|-damage|p2b: Kommander|65/100\n|cant|p2b: Kommander|flinch\n|\n|upkeep\n|turn|2\n|\n|t:|1775323555\n|switch|p1b: Clefairy|Clefairy, L50, F|100/100\n|switch|p1a: Koraidon|Koraidon, L50|100/100\n|-weather|SunnyDay|[from] ability: Orichalcum Pulse|[of] p1a: Koraidon\n|-activate|p1a: Koraidon|Orichalcum Pulse|[source]\n|move|p2a: Binda|Snarl|p1b: Clefairy|[spread] p1a,p1b\n|-resisted|p1a: Koraidon\n|-resisted|p1b: Clefairy\n|-damage|p1a: Koraidon|91/100\n|-damage|p1b: Clefairy|87/100\n|-unboost|p1b: Clefairy|spa|1\n|move|p2b: Kommander|Body Press|p1a: Koraidon\n|-damage|p1a: Koraidon|48/100\n|\n|-weather|SunnyDay|[upkeep]\n|upkeep\n|turn|3\n|j| mysticmarshtomp\n|\n|t:|1775323599\n|-terastallize|p2b: Kommander|Water\n|move|p1b: Clefairy|Follow Me|p1b: Clefairy\n|-singleturn|p1b: Clefairy|move: Follow Me\n|move|p2a: Binda|Snarl|p1b: Clefairy|[spread] p1a,p1b\n|-resisted|p1a: Koraidon\n|-resisted|p1b: Clefairy\n|-damage|p1a: Koraidon|39/100\n|-damage|p1b: Clefairy|74/100\n|-unboost|p1b: Clefairy|spa|1\n|move|p1a: Koraidon|Flame Charge|p2a: Binda\n|-resisted|p2a: Binda\n|-damage|p2a: Binda|46/100\n|-boost|p1a: Koraidon|spe|1\n|move|p2b: Kommander|Heavy Slam|p1b: Clefairy\n|-supereffective|p1b: Clefairy\n|-damage|p1b: Clefairy|23/100\n|\n|-weather|SunnyDay|[upkeep]\n|upkeep\n|turn|4\n|j| Jamstiffer\n|\n|t:|1775323643\n|move|p1b: Clefairy|Follow Me|p1b: Clefairy\n|-singleturn|p1b: Clefairy|move: Follow Me\n|move|p1a: Koraidon|Collision Course|p2b: Kommander\n|-crit|p2b: Kommander\n|-damage|p2b: Kommander|2/100\n|move|p2a: Binda|Snarl|p1a: Koraidon|[spread] p1a,p1b\n|-resisted|p1a: Koraidon\n|-resisted|p1b: Clefairy\n|-crit|p1b: Clefairy\n|-damage|p1a: Koraidon|29/100\n|-damage|p1b: Clefairy|2/100\n|-unboost|p1b: Clefairy|spa|1\n|move|p2b: Kommander|Heavy Slam|p1b: Clefairy\n|-supereffective|p1b: Clefairy\n|-damage|p1b: Clefairy|0 fnt\n|faint|p1b: Clefairy\n|\n|-weather|SunnyDay|[upkeep]\n|upkeep\n|\n|t:|1775323653\n|switch|p1b: Calyrex|Calyrex-Shadow, L50, tera:Normal|74/100\n|-ability|p1b: Calyrex|As One\n|-ability|p1b: Calyrex|Unnerve\n|turn|5\n|\n|t:|1775323687\n|switch|p2a: David Eagle|Rillaboom, L50, M|100/100\n|-fieldstart|move: Grassy Terrain|[from] ability: Grassy Surge|[of] p2a: David Eagle\n|move|p2b: Kommander|Protect|p2b: Kommander\n|-singleturn|p2b: Kommander|Protect\n|move|p1a: Koraidon|Flare Blitz|p2a: David Eagle\n|-supereffective|p2a: David Eagle\n|-damage|p2a: David Eagle|0 fnt\n|faint|p2a: David Eagle\n|-damage|p1a: Koraidon|0 fnt|[from] Recoil\n|faint|p1a: Koraidon\n|move|p1b: Calyrex|Astral Barrage|p2b: Kommander\n|-activate|p2b: Kommander|move: Protect\n|\n|-weather|SunnyDay|[upkeep]\n|-heal|p1b: Calyrex|80/100|[from] Grassy Terrain\n|-heal|p2b: Kommander|8/100|[from] Grassy Terrain\n|upkeep\n|\n|t:|1775323699\n|switch|p1a: Incineroar|Incineroar, L50, F|86/100\n|switch|p2a: Old Friend|Calyrex-Shadow, L50|100/100\n|-ability|p2a: Old Friend|As One\n|-ability|p2a: Old Friend|Unnerve\n|-ability|p1a: Incineroar|Intimidate|boost\n|-unboost|p2a: Old Friend|atk|1\n|-unboost|p2b: Kommander|atk|1\n|turn|6\n|\n|t:|1775323722\n|switch|p2b: Binda|Chi-Yu, L50|46/100\n|-ability|p2b: Binda|Beads of Ruin\n|move|p2a: Old Friend|Psychic|p1b: Calyrex\n|-damage|p1b: Calyrex|17/100\n|-unboost|p1b: Calyrex|spd|1\n|move|p1b: Calyrex|Psychic|p2b: Binda\n|-immune|p2b: Binda\n|move|p1a: Incineroar|Knock Off|p2a: Old Friend\n|-supereffective|p2a: Old Friend\n|-enditem|p2a: Old Friend|Focus Sash\n|-damage|p2a: Old Friend|1/100\n|\n|-weather|none\n|-heal|p2b: Binda|52/100|[from] Grassy Terrain\n|-heal|p2a: Old Friend|7/100|[from] Grassy Terrain\n|-heal|p1b: Calyrex|23/100|[from] Grassy Terrain\n|-heal|p1a: Incineroar|92/100|[from] Grassy Terrain\n|upkeep\n|turn|7\n|\n|t:|1775323755\n|move|p1b: Calyrex|Protect|p1b: Calyrex\n|-singleturn|p1b: Calyrex|Protect\n|move|p2b: Binda|Dark Pulse|p1a: Incineroar\n|-resisted|p1a: Incineroar\n|-damage|p1a: Incineroar|66/100\n|move|p2a: Old Friend|Astral Barrage|p1b: Calyrex|[spread] p1a\n|-activate|p1b: Calyrex|move: Protect\n|-resisted|p1a: Incineroar\n|-damage|p1a: Incineroar|34/100\n|cant|p1a: Incineroar|flinch\n|\n|-heal|p2b: Binda|58/100|[from] Grassy Terrain\n|-heal|p2a: Old Friend|13/100|[from] Grassy Terrain\n|-heal|p1b: Calyrex|29/100|[from] Grassy Terrain\n|-heal|p1a: Incineroar|40/100|[from] Grassy Terrain\n|upkeep\n|turn|8\n|-message|SnorlaxPikachu1 forfeited.\n|\n|win|Yoru No Kurage\n|n|\u2606SnorlaxPikachu1|snorlaxpikachu1\n|n|\u2606Yoru No Kurage|yorunokurage\n|n| holdingb|holdingb\n|n| mynamegrassgreen|mynamegrassgreen\n|n| mysticmarshtomp|mysticmarshtomp\n|n| Jamstiffer|jamstiffer\n|l|\u2606SnorlaxPikachu1\n|player|p1|\n|c|\u2606Yoru No Kurage|gg\n|l| Jamstiffer\n|l| mysticmarshtomp\n","uploadtime":1775323768,"views":34,"formatid":"gen9vgc2026regi","rating":null,"private":0,"password":null}