{"id":"gen9vgc2026regi-2537300311","format":"[Gen 9] VGC 2026 Reg I","players":["501JFW","Yancy0721\u56fe\u56fe\u72ac\u4fa0"],"log":"|j|\u2606501JFW\n|j|\u2606Yancy0721\u56fe\u56fe\u72ac\u4fa0\n|t:|1770793664\n|gametype|doubles\n|player|p1|501JFW|1|1497\n|player|p2|Yancy0721\u56fe\u56fe\u72ac\u4fa0|may-masters4|1377\n|gen|9\n|tier|[Gen 9] VGC 2026 Reg I\n|rated|\n|rule|Species Clause: Limit one of each Pok\u00e9mon\n|rule|Item Clause: Limit 1 of each item\n|clearpoke\n|poke|p1|Kyogre, L50|\n|poke|p1|Calyrex-Ice, L50|\n|poke|p1|Amoonguss, L50, F|\n|poke|p1|Iron Jugulis, L50|\n|poke|p1|Urshifu-*, L50, F|\n|poke|p1|Indeedee-F, L50, F|\n|poke|p2|Calyrex-Shadow, L50|\n|poke|p2|Zamazenta-*, L50|\n|poke|p2|Chien-Pao, L50|\n|poke|p2|Dragonite, L50, F|\n|poke|p2|Amoonguss, L50, F|\n|poke|p2|Ogerpon-Cornerstone, L50, F|\n|teampreview|4\n|inactive|Battle timer is ON: inactive players will automatically lose when time's up. (requested by 501JFW)\n|l|\u2606501JFW\n|inactive|501JFW disconnected and has a minute to reconnect!\n|player|p1|\n|j|\u2606501JFW\n|inactive|501JFW reconnected.\n|player|p1|501JFW|1|\n|\n|t:|1770793694\n|teamsize|p1|4\n|teamsize|p2|4\n|start\n|switch|p1a: Calyrex|Calyrex-Ice, L50|100/100\n|switch|p1b: Indeedee|Indeedee-F, L50, F, shiny|100/100\n|switch|p2a: Amoonguss|Amoonguss, L50, F|100/100\n|switch|p2b: Chien-Pao|Chien-Pao, L50|100/100\n|-ability|p1a: Calyrex|As One\n|-ability|p1a: Calyrex|Unnerve\n|-ability|p2b: Chien-Pao|Sword of Ruin\n|-fieldstart|move: Psychic Terrain|[from] ability: Psychic Surge|[of] p1b: Indeedee\n|-enditem|p1b: Indeedee|Psychic Seed\n|-boost|p1b: Indeedee|spd|1|[from] item: Psychic Seed\n|turn|1\n|inactive|501JFW has 30 seconds left.\n|\n|t:|1770793721\n|-terastallize|p1a: Calyrex|Grass\n|move|p1b: Indeedee|Helping Hand|p1a: Calyrex\n|-singleturn|p1a: Calyrex|Helping Hand|[of] p1b: Indeedee\n|move|p2a: Amoonguss|Protect|p2a: Amoonguss\n|-singleturn|p2a: Amoonguss|Protect\n|move|p2b: Chien-Pao|Ice Spinner|p1b: Indeedee\n|-damage|p1b: Indeedee|61/100\n|-fieldend|move: Psychic Terrain\n|move|p1a: Calyrex|Glacial Lance|p2b: Chien-Pao|[spread] p2b\n|-activate|p2a: Amoonguss|move: Protect\n|-resisted|p2b: Chien-Pao\n|-damage|p2b: Chien-Pao|52/100\n|\n|upkeep\n|turn|2\n|inactive|501JFW has 30 seconds left.\n|\n|t:|1770793751\n|switch|p1b: Amoonguss|Amoonguss, L50, F, shiny|100/100\n|switch|p2a: Zamazenta|Zamazenta-Crowned, L50|100/100\n|-ability|p2a: Zamazenta|Dauntless Shield|boost\n|-boost|p2a: Zamazenta|def|1\n|move|p2b: Chien-Pao|Ice Spinner|p1a: Calyrex\n|-supereffective|p1a: Calyrex\n|-damage|p1a: Calyrex|47/100\n|move|p1a: Calyrex|Glacial Lance|p2b: Chien-Pao|[spread] p2a,p2b\n|-resisted|p2a: Zamazenta\n|-resisted|p2b: Chien-Pao\n|-damage|p2a: Zamazenta|85/100\n|-damage|p2b: Chien-Pao|19/100\n|\n|upkeep\n|turn|3\n|\n|t:|1770793774\n|move|p1b: Amoonguss|Rage Powder|p1b: Amoonguss\n|-singleturn|p1b: Amoonguss|move: Rage Powder\n|move|p2b: Chien-Pao|Ice Spinner|p1b: Amoonguss\n|-supereffective|p1b: Amoonguss\n|-damage|p1b: Amoonguss|35/100\n|-damage|p2b: Chien-Pao|2/100|[from] item: Rocky Helmet|[of] p1b: Amoonguss\n|move|p2a: Zamazenta|Behemoth Bash|p1b: Amoonguss\n|-damage|p1b: Amoonguss|0 fnt\n|-damage|p2a: Zamazenta|69/100|[from] item: Rocky Helmet|[of] p1b: Amoonguss\n|faint|p1b: Amoonguss\n|move|p1a: Calyrex|Trick Room|p1a: Calyrex\n|-fieldstart|move: Trick Room|[of] p1a: Calyrex\n|\n|upkeep\n|\n|t:|1770793795\n|switch|p1b: Kyogre|Kyogre, L50, shiny|100/100\n|-weather|RainDance|[from] ability: Drizzle|[of] p1b: Kyogre\n|turn|4\n|\n|t:|1770793809\n|move|p2a: Zamazenta|Protect|p2a: Zamazenta\n|-singleturn|p2a: Zamazenta|Protect\n|move|p2b: Chien-Pao|Sucker Punch|p1a: Calyrex\n|-damage|p1a: Calyrex|24/100\n|move|p1a: Calyrex|Icicle Spear|p2b: Chien-Pao\n|-resisted|p2b: Chien-Pao\n|-damage|p2b: Chien-Pao|0 fnt\n|faint|p2b: Chien-Pao\n|-ability|p1a: Calyrex|Chilling Neigh|boost\n|-boost|p1a: Calyrex|atk|1\n|-hitcount|p2: Chien-Pao|1\n|move|p1b: Kyogre|Hydro Pump|p2a: Zamazenta\n|-activate|p2a: Zamazenta|move: Protect\n|\n|-weather|RainDance|[upkeep]\n|upkeep\n|\n|t:|1770793818\n|switch|p2b: Amoonguss|Amoonguss, L50, F|100/100\n|turn|5\n|inactive|Yancy0721\u56fe\u56fe\u72ac\u4fa0 has 30 seconds left.\n|j| FearceVGC\n|inactive|Yancy0721\u56fe\u56fe\u72ac\u4fa0 has 20 seconds left.\n|\n|t:|1770793854\n|switch|p1b: Indeedee|Indeedee-F, L50, F, shiny|61/100\n|-fieldstart|move: Psychic Terrain|[from] ability: Psychic Surge|[of] p1b: Indeedee\n|-terastallize|p2b: Amoonguss|Fire\n|move|p2b: Amoonguss|Spore|p1b: Indeedee\n|-status|p1b: Indeedee|slp|[from] move: Spore\n|move|p1a: Calyrex|Glacial Lance|p2b: Amoonguss|[spread] p2a,p2b\n|-resisted|p2a: Zamazenta\n|-resisted|p2b: Amoonguss\n|-damage|p2a: Zamazenta|50/100\n|-damage|p2b: Amoonguss|64/100\n|move|p2a: Zamazenta|Body Press|p1a: Calyrex\n|-damage|p1a: Calyrex|0 fnt\n|faint|p1a: Calyrex\n|\n|-weather|RainDance|[upkeep]\n|upkeep\n|-message|501JFW forfeited.\n|\n|win|Yancy0721\u56fe\u56fe\u72ac\u4fa0\n|raw|501JFW's rating: 1497 &rarr; <strong>1470</strong><br />(-27 for losing)\n|raw|Yancy0721\u56fe\u56fe\u72ac\u4fa0's rating: 1377 &rarr; <strong>1404</strong><br />(+27 for winning)\n|l|\u2606501JFW\n|player|p1|\n|l| FearceVGC\n|l|\u2606Yancy0721\u56fe\u56fe\u72ac\u4fa0\n|player|p2|\n","uploadtime":1770794107,"views":13,"formatid":"gen9vgc2026regi","rating":1404,"private":0,"password":null}