{"id":"gen9vgc2026regi-2575806527","format":"[Gen 9] VGC 2026 Reg I","players":["Harry Koekenpan","Bwhitevgc"],"log":"|j|\u2606Harry Koekenpan\n|j|\u2606Bwhitevgc\n|t:|1775402614\n|gametype|doubles\n|player|p1|Harry Koekenpan|1|1451\n|player|p2|Bwhitevgc|ghetsis-gen5bw|1415\n|gen|9\n|tier|[Gen 9] VGC 2026 Reg I\n|rated|\n|rule|Species Clause: Limit one of each Pok\u00e9mon\n|rule|Item Clause: Limit 1 of each item\n|clearpoke\n|poke|p1|Weezing-Galar, L50, M|\n|poke|p1|Calyrex-Shadow, L50|\n|poke|p1|Regigigas, L50|\n|poke|p1|Tatsugiri, L50, M|\n|poke|p1|Dondozo, L50, F|\n|poke|p1|Koraidon, L50|\n|poke|p2|Zacian-*, L50|\n|poke|p2|Kyogre, L50|\n|poke|p2|Tornadus, L50, M|\n|poke|p2|Rillaboom, L50, M|\n|poke|p2|Incineroar, L50, M|\n|poke|p2|Urshifu-*, L50, F|\n|teampreview|4\n|inactive|Battle timer is ON: inactive players will automatically lose when time's up. (requested by Bwhitevgc)\n|\n|t:|1775402632\n|teamsize|p1|4\n|teamsize|p2|4\n|start\n|switch|p1a: Weezing|Weezing-Galar, L50, M|100/100\n|switch|p1b: Regigigas|Regigigas, L50|100/100\n|switch|p2a: Incineroar|Incineroar, L50, M|100/100\n|switch|p2b: Zacian|Zacian-Crowned, L50, shiny|100/100\n|-ability|p1a: Weezing|Neutralizing Gas\n|turn|1\n|\n|t:|1775402657\n|switch|p1b: Calyrex|Calyrex-Shadow, L50|100/100\n|-ability|p1b: Calyrex|As One\n|-ability|p1b: Calyrex|Unnerve\n|move|p2b: Zacian|Protect|p2b: Zacian\n|-singleturn|p2b: Zacian|Protect\n|move|p2a: Incineroar|Parting Shot|p1b: Calyrex\n|-unboost|p1b: Calyrex|atk|1\n|-unboost|p1b: Calyrex|spa|1\n|\n|t:|1775402667\n|switch|p2a: Urshifu|Urshifu-Rapid-Strike, L50, F|100/100|[from] Parting Shot\n|move|p1a: Weezing|Toxic Spikes|p2a: Urshifu\n|-sidestart|p2: Bwhitevgc|move: Toxic Spikes\n|\n|upkeep\n|turn|2\n|\n|t:|1775402678\n|-terastallize|p2a: Urshifu|Water\n|move|p1a: Weezing|Protect|p1a: Weezing\n|-singleturn|p1a: Weezing|Protect\n|move|p2a: Urshifu|Surging Strikes|p1b: Calyrex\n|-crit|p1b: Calyrex\n|-damage|p1b: Calyrex|62/100\n|-crit|p1b: Calyrex\n|-damage|p1b: Calyrex|25/100\n|-crit|p1b: Calyrex\n|-damage|p1b: Calyrex|0 fnt\n|faint|p1b: Calyrex\n|-hitcount|p1: Calyrex|3\n|move|p2b: Zacian|Behemoth Blade|p1a: Weezing\n|-activate|p1a: Weezing|move: Protect\n|\n|upkeep\n|\n|t:|1775402693\n|switch|p1b: Koraidon|Koraidon, L50|100/100\n|turn|3\n|\n|t:|1775402708\n|switch|p2a: Kyogre|Kyogre, L50|100/100\n|-status|p2a: Kyogre|psn\n|-end|p1a: Weezing|ability: Neutralizing Gas\n|-ability|p2b: Zacian|Intrepid Sword|boost\n|-boost|p2b: Zacian|atk|1\n|-weather|SunnyDay|[from] ability: Orichalcum Pulse|[of] p1b: Koraidon\n|-activate|p1b: Koraidon|Orichalcum Pulse|[source]\n|-weather|RainDance|[from] ability: Drizzle|[of] p2a: Kyogre\n|switch|p1a: Regigigas|Regigigas, L50|100/100\n|-start|p1a: Regigigas|ability: Slow Start\n|move|p2b: Zacian|Behemoth Blade|p1a: Regigigas\n|-crit|p1a: Regigigas\n|-damage|p1a: Regigigas|0 fnt\n|faint|p1a: Regigigas\n|-end|p1a: Regigigas|Slow Start|[silent]\n|move|p1b: Koraidon|Flare Blitz|p2b: Zacian\n|-supereffective|p2b: Zacian\n|-damage|p2b: Zacian|62/100\n|-damage|p1b: Koraidon|87/100|[from] Recoil\n|\n|-weather|RainDance|[upkeep]\n|-damage|p2a: Kyogre|88/100 psn|[from] psn\n|upkeep\n|\n|t:|1775402720\n|switch|p1a: Weezing|Weezing-Galar, L50, M|100/100\n|-ability|p1a: Weezing|Neutralizing Gas\n|turn|4\n|\n|t:|1775402735\n|move|p1a: Weezing|Protect|p1a: Weezing\n|-singleturn|p1a: Weezing|Protect\n|move|p2b: Zacian|Play Rough|p1b: Koraidon\n|-supereffective|p1b: Koraidon\n|-damage|p1b: Koraidon|0 fnt\n|faint|p1b: Koraidon\n|move|p2a: Kyogre|Origin Pulse|p1a: Weezing\n|-activate|p1a: Weezing|move: Protect\n|\n|-weather|RainDance|[upkeep]\n|-damage|p2a: Kyogre|76/100 psn|[from] psn\n|upkeep\n|turn|5\n|\n|t:|1775402742\n|move|p2b: Zacian|Behemoth Blade|p1a: Weezing\n|-supereffective|p1a: Weezing\n|-damage|p1a: Weezing|0 fnt\n|faint|p1a: Weezing\n|-end|p1a: Weezing|ability: Neutralizing Gas\n|\n|win|Bwhitevgc\n|raw|Harry Koekenpan's rating: 1451 &rarr; <strong>1429</strong><br />(-22 for losing)\n|raw|Bwhitevgc's rating: 1415 &rarr; <strong>1437</strong><br />(+22 for winning)\n|l|\u2606Harry Koekenpan\n|player|p1|\n","uploadtime":1775402750,"views":12,"formatid":"gen9vgc2026regi","rating":1429,"private":0,"password":null}