{"id":"gen9vgc2026regi-2549336168","format":"[Gen 9] VGC 2026 Reg I","players":["1zha","diggory delvet"],"log":"|j|\u26061zha\n|j|\u2606diggory delvet\n|t:|1772346160\n|gametype|doubles\n|player|p1|1zha|beauty-gen4dp|1524\n|player|p2|diggory delvet|169|1381\n|gen|9\n|tier|[Gen 9] VGC 2026 Reg I\n|rated|\n|rule|Species Clause: Limit one of each Pok\u00e9mon\n|rule|Item Clause: Limit 1 of each item\n|clearpoke\n|poke|p1|Calyrex-Shadow, L50|\n|poke|p1|Zamazenta-*, L50|\n|poke|p1|Whimsicott, L50, M|\n|poke|p1|Maushold-Four, L50|\n|poke|p1|Chi-Yu, L50|\n|poke|p1|Amoonguss, L50, F|\n|poke|p2|Lunala, L50|\n|poke|p2|Sableye, L50, M|\n|poke|p2|Zamazenta-*, L50|\n|poke|p2|Iron Valiant, L50|\n|poke|p2|Rillaboom, L50, F|\n|poke|p2|Gengar, L50, M|\n|teampreview|4\n|j| Rxu\n|inactive|Battle timer is ON: inactive players will automatically lose when time's up. (requested by 1zha)\n|\n|t:|1772346180\n|teamsize|p1|4\n|teamsize|p2|4\n|start\n|switch|p1a: Whimsicott|Whimsicott, L50, M, shiny|100/100\n|switch|p1b: Chi-Yu|Chi-Yu, L50, shiny|100/100\n|switch|p2a: Sableye|Sableye, L50, M|100/100\n|switch|p2b: Gengar|Gengar, L50, M|100/100\n|-ability|p1b: Chi-Yu|Beads of Ruin\n|turn|1\n|\n|t:|1772346192\n|move|p1a: Whimsicott|Tailwind|p1a: Whimsicott\n|-sidestart|p1: 1zha|move: Tailwind\n|move|p2a: Sableye|Gravity|p2a: Sableye\n|-fieldstart|move: Gravity\n|move|p1b: Chi-Yu|Heat Wave|p2b: Gengar|[spread] p2a,p2b\n|-damage|p2a: Sableye|22/100\n|-enditem|p2b: Gengar|Focus Sash\n|-damage|p2b: Gengar|1/100\n|-enditem|p2a: Sableye|Eject Button\n|\n|t:|1772346205\n|switch|p2a: Zamazenta|Zamazenta-Crowned, L50|100/100\n|-ability|p2a: Zamazenta|Dauntless Shield|boost\n|-boost|p2a: Zamazenta|def|1\n|move|p2b: Gengar|Hypnosis|p1b: Chi-Yu\n|-status|p1b: Chi-Yu|slp|[from] move: Hypnosis\n|\n|upkeep\n|turn|2\n|\n|t:|1772346213\n|move|p1a: Whimsicott|Taunt|p2b: Gengar\n|-start|p2b: Gengar|move: Taunt\n|cant|p1b: Chi-Yu|slp\n|move|p2b: Gengar|Sludge Wave|p1a: Whimsicott|[spread] p1a,p1b\n|-immune|p2a: Zamazenta\n|-supereffective|p1a: Whimsicott\n|-enditem|p1a: Whimsicott|Focus Sash\n|-damage|p1a: Whimsicott|1/100\n|-damage|p1b: Chi-Yu|62/100 slp\n|move|p2a: Zamazenta|Body Press|p1b: Chi-Yu\n|-supereffective|p1b: Chi-Yu\n|-damage|p1b: Chi-Yu|0 fnt\n|faint|p1b: Chi-Yu\n|\n|upkeep\n|\n|t:|1772346224\n|switch|p1b: Zamazenta|Zamazenta-Crowned, L50|100/100\n|-ability|p1b: Zamazenta|Dauntless Shield|boost\n|-boost|p1b: Zamazenta|def|1\n|turn|3\n|\n|t:|1772346234\n|move|p1a: Whimsicott|Endeavor|p2a: Zamazenta\n|-damage|p2a: Zamazenta|1/100\n|move|p1b: Zamazenta|Imprison|p1b: Zamazenta\n|-start|p1b: Zamazenta|move: Imprison\n|move|p2b: Gengar|Sludge Wave|p1b: Zamazenta|[spread] p1a\n|-immune|p2a: Zamazenta\n|-immune|p1b: Zamazenta\n|-supereffective|p1a: Whimsicott\n|-damage|p1a: Whimsicott|0 fnt\n|faint|p1a: Whimsicott\n|move|p2a: Zamazenta|Iron Defense|p2a: Zamazenta\n|-boost|p2a: Zamazenta|def|2\n|\n|upkeep\n|\n|t:|1772346246\n|switch|p1a: Calyrex|Calyrex-Shadow, L50|100/100\n|-ability|p1a: Calyrex|As One\n|-ability|p1a: Calyrex|Unnerve\n|turn|4\n|\n|t:|1772346258\n|move|p1a: Calyrex|Astral Barrage|p2b: Gengar|[spread] p2a,p2b\n|-supereffective|p2b: Gengar\n|-damage|p2a: Zamazenta|0 fnt\n|-damage|p2b: Gengar|0 fnt\n|faint|p2a: Zamazenta\n|faint|p2b: Gengar\n|-ability|p1a: Calyrex|Grim Neigh|boost\n|-boost|p1a: Calyrex|spa|2\n|-damage|p1a: Calyrex|91/100|[from] item: Life Orb\n|move|p1b: Zamazenta|Heavy Slam|p2: Zamazenta|[notarget]\n|-fail|p1b: Zamazenta\n|\n|-sideend|p1: 1zha|move: Tailwind\n|upkeep\n|\n|t:|1772346262\n|switch|p2b: Sableye|Sableye, L50, M|22/100\n|switch|p2a: Lunala|Lunala, L50|100/100\n|turn|5\n|\n|t:|1772346271\n|-terastallize|p1a: Calyrex|Dark\n|move|p2b: Sableye|Quash|p1a: Calyrex\n|-hint|Since gen 7, Dark is immune to Prankster moves.\n|-immune|p1a: Calyrex\n|move|p1a: Calyrex|Astral Barrage|p2b: Sableye|[spread] p2a,p2b\n|-supereffective|p2a: Lunala\n|-damage|p2a: Lunala|0 fnt\n|-damage|p2b: Sableye|0 fnt\n|faint|p2a: Lunala\n|faint|p2b: Sableye\n|-damage|p1a: Calyrex|81/100|[from] item: Life Orb\n|\n|win|1zha\n|raw|1zha's rating: 1524 &rarr; <strong>1536</strong><br />(+12 for winning)\n|raw|diggory delvet's rating: 1381 &rarr; <strong>1369</strong><br />(-12 for losing)\n|l|\u2606diggory delvet\n|player|p2|\n|l|\u26061zha\n|player|p1|\n|l| Rxu\n","uploadtime":1772346481,"views":16,"formatid":"gen9vgc2026regi","rating":1369,"private":0,"password":null}