{"id":"gen9vgc2026regi-2541920928","format":"[Gen 9] VGC 2026 Reg I","players":["lalo's pollos","LEO VIRTANEN"],"log":"|j|\u2606lalo's pollos\n|j|\u2606LEO VIRTANEN\n|t:|1771385032\n|gametype|doubles\n|player|p1|lalo's pollos|265|1462\n|player|p2|LEO VIRTANEN|170|1359\n|gen|9\n|tier|[Gen 9] VGC 2026 Reg I\n|rated|\n|rule|Species Clause: Limit one of each Pok\u00e9mon\n|rule|Item Clause: Limit 1 of each item\n|clearpoke\n|poke|p1|Zamazenta-*, L50|\n|poke|p1|Lunala, L50|\n|poke|p1|Rillaboom, L50, F|\n|poke|p1|Incineroar, L50, M|\n|poke|p1|Urshifu-*, L50, M|\n|poke|p1|Tornadus, L50, M|\n|poke|p2|Eternatus, L50|\n|poke|p2|Toxapex, L50, F|\n|poke|p2|Rillaboom, L50, M|\n|poke|p2|Incineroar, L50, F|\n|poke|p2|Calyrex-Shadow, L50|\n|teampreview|4\n|inactive|Battle timer is ON: inactive players will automatically lose when time's up. (requested by LEO VIRTANEN)\n|inactive|lalo's pollos has 60 seconds left.\n|\n|t:|1771385072\n|teamsize|p1|4\n|teamsize|p2|4\n|start\n|switch|p1a: Tornadus|Tornadus, L50, M|100/100\n|switch|p1b: Lunala|Lunala, L50|100/100\n|switch|p2a: Eternatus|Eternatus, L50|100/100\n|switch|p2b: Toxapex|Toxapex, L50, F|100/100\n|-ability|p2a: Eternatus|Pressure\n|turn|1\n|\n|t:|1771385088\n|move|p2a: Eternatus|Protect|p2a: Eternatus\n|-singleturn|p2a: Eternatus|Protect\n|move|p1a: Tornadus|Taunt|p2b: Toxapex\n|-start|p2b: Toxapex|move: Taunt\n|move|p1b: Lunala|Calm Mind|p1b: Lunala\n|-boost|p1b: Lunala|spa|1\n|-boost|p1b: Lunala|spd|1\n|cant|p2b: Toxapex|move: Taunt|Toxic Spikes\n|\n|upkeep\n|turn|2\n|\n|t:|1771385099\n|-terastallize|p2a: Eternatus|Dark\n|move|p1a: Tornadus|Taunt|p2a: Eternatus\n|-hint|Since gen 7, Dark is immune to Prankster moves.\n|-immune|p2a: Eternatus\n|move|p2a: Eternatus|Cosmic Power|p2a: Eternatus\n|-boost|p2a: Eternatus|def|1\n|-boost|p2a: Eternatus|spd|1\n|move|p1b: Lunala|Calm Mind|p1b: Lunala\n|-boost|p1b: Lunala|spa|1\n|-boost|p1b: Lunala|spd|1\n|move|p2b: Toxapex|Infestation|p1b: Lunala\n|-damage|p1b: Lunala|99/100\n|-activate|p1b: Lunala|move: Infestation|[of] p2b: Toxapex\n|\n|-heal|p1b: Lunala|100/100|[from] item: Leftovers\n|-damage|p1b: Lunala|88/100|[from] move: Infestation|[partiallytrapped]\n|upkeep\n|turn|3\n|\n|t:|1771385112\n|-terastallize|p1b: Lunala|Fairy\n|move|p1a: Tornadus|Tailwind|p1a: Tornadus\n|-sidestart|p1: lalo's pollos|move: Tailwind\n|move|p1b: Lunala|Moonblast|p2a: Eternatus\n|-supereffective|p2a: Eternatus\n|-damage|p2a: Eternatus|15/100\n|-unboost|p2a: Eternatus|spa|1\n|move|p2a: Eternatus|Cosmic Power|p2a: Eternatus\n|-boost|p2a: Eternatus|def|1\n|-boost|p2a: Eternatus|spd|1\n|move|p2b: Toxapex|Infestation|p1a: Tornadus\n|-resisted|p1a: Tornadus\n|-damage|p1a: Tornadus|99/100\n|-activate|p1a: Tornadus|move: Infestation|[of] p2b: Toxapex\n|\n|-heal|p1b: Lunala|94/100|[from] item: Leftovers\n|-heal|p2a: Eternatus|22/100|[from] item: Leftovers\n|-damage|p1a: Tornadus|86/100|[from] move: Infestation|[partiallytrapped]\n|-damage|p1b: Lunala|82/100|[from] move: Infestation|[partiallytrapped]\n|-end|p2b: Toxapex|move: Taunt\n|upkeep\n|turn|4\n|\n|t:|1771385133\n|move|p2a: Eternatus|Protect|p2a: Eternatus\n|-singleturn|p2a: Eternatus|Protect\n|move|p1a: Tornadus|Taunt|p2b: Toxapex\n|-start|p2b: Toxapex|move: Taunt\n|move|p1b: Lunala|Moonblast|p2a: Eternatus\n|-activate|p2a: Eternatus|move: Protect\n|cant|p2b: Toxapex|move: Taunt|Toxic\n|\n|-heal|p1b: Lunala|88/100|[from] item: Leftovers\n|-heal|p2a: Eternatus|28/100|[from] item: Leftovers\n|-damage|p1a: Tornadus|74/100|[from] move: Infestation|[partiallytrapped]\n|-damage|p1b: Lunala|75/100|[from] move: Infestation|[partiallytrapped]\n|upkeep\n|turn|5\n|\n|t:|1771385148\n|switch|p2a: Incineroar|Incineroar, L50, F|100/100\n|-ability|p2a: Incineroar|Intimidate|boost\n|-unboost|p1a: Tornadus|atk|1\n|-unboost|p1b: Lunala|atk|1\n|move|p1a: Tornadus|Bleakwind Storm|p2b: Toxapex|[spread] p2a,p2b\n|-damage|p2a: Incineroar|69/100\n|-damage|p2b: Toxapex|71/100\n|move|p1b: Lunala|Moonblast|p2a: Incineroar\n|-damage|p2a: Incineroar|0 fnt\n|faint|p2a: Incineroar\n|move|p2b: Toxapex|Infestation|p1b: Lunala\n|-resisted|p1b: Lunala\n|-damage|p1b: Lunala|75/100\n|\n|-heal|p1b: Lunala|81/100|[from] item: Leftovers\n|-damage|p1a: Tornadus|62/100|[from] move: Infestation|[partiallytrapped]\n|-damage|p1b: Lunala|68/100|[from] move: Infestation|[partiallytrapped]\n|upkeep\n|\n|t:|1771385168\n|switch|p2a: Calyrex|Calyrex-Shadow, L50|100/100\n|-ability|p2a: Calyrex|As One\n|-ability|p2a: Calyrex|Unnerve\n|turn|6\n|\n|t:|1771385177\n|move|p2a: Calyrex|Protect|p2a: Calyrex\n|-singleturn|p2a: Calyrex|Protect\n|move|p1a: Tornadus|Bleakwind Storm|p2a: Calyrex|[spread] p2b\n|-activate|p2a: Calyrex|move: Protect\n|-damage|p2b: Toxapex|43/100\n|-unboost|p2b: Toxapex|spe|1\n|move|p1b: Lunala|Moongeist Beam|p2a: Calyrex\n|-activate|p2a: Calyrex|move: Protect\n|move|p2b: Toxapex|Infestation|p1b: Lunala\n|-resisted|p1b: Lunala\n|-damage|p1b: Lunala|68/100\n|\n|-heal|p1b: Lunala|74/100|[from] item: Leftovers\n|-damage|p1a: Tornadus|50/100|[from] move: Infestation|[partiallytrapped]\n|-damage|p1b: Lunala|61/100|[from] move: Infestation|[partiallytrapped]\n|-end|p2b: Toxapex|move: Taunt\n|-sideend|p1: lalo's pollos|move: Tailwind\n|upkeep\n|turn|7\n|\n|t:|1771385201\n|move|p1a: Tornadus|Tailwind|p1a: Tornadus\n|-sidestart|p1: lalo's pollos|move: Tailwind\n|move|p1b: Lunala|Moongeist Beam|p2a: Calyrex\n|-supereffective|p2a: Calyrex\n|-enditem|p2a: Calyrex|Focus Sash\n|-damage|p2a: Calyrex|1/100\n|move|p2a: Calyrex|Astral Barrage|p1b: Lunala|[spread] p1a,p1b\n|-damage|p1a: Tornadus|0 fnt\n|-damage|p1b: Lunala|38/100\n|faint|p1a: Tornadus\n|-ability|p2a: Calyrex|Grim Neigh|boost\n|-boost|p2a: Calyrex|spa|1\n|move|p2b: Toxapex|Toxic|p1b: Lunala\n|-status|p1b: Lunala|tox\n|\n|-heal|p1b: Lunala|44/100 tox|[from] item: Leftovers\n|-damage|p1b: Lunala|38/100 tox|[from] psn\n|-end|p1b: Lunala|Infestation|[partiallytrapped]\n|upkeep\n|\n|t:|1771385207\n|switch|p1a: Urshifu|Urshifu-Rapid-Strike, L50, M|100/100\n|turn|8\n|\n|t:|1771385230\n|move|p1a: Urshifu|Surging Strikes|p2a: Calyrex\n|-crit|p2a: Calyrex\n|-damage|p2a: Calyrex|0 fnt\n|faint|p2a: Calyrex\n|-hitcount|p2: Calyrex|1\n|move|p1b: Lunala|Moongeist Beam|p2b: Toxapex\n|-damage|p2b: Toxapex|0 fnt\n|faint|p2b: Toxapex\n|\n|-heal|p1b: Lunala|44/100 tox|[from] item: Leftovers\n|-damage|p1b: Lunala|32/100 tox|[from] psn\n|upkeep\n|c|\u2606LEO VIRTANEN|shiiii\n|\n|t:|1771385243\n|switch|p2b: Eternatus|Eternatus, L50, tera:Dark|28/100\n|-ability|p2b: Eternatus|Pressure\n|turn|9\n|c|\u2606LEO VIRTANEN|gg\n|\n|t:|1771385249\n|move|p1a: Urshifu|Close Combat|p2b: Eternatus\n|-supereffective|p2b: Eternatus\n|-damage|p2b: Eternatus|0 fnt\n|-unboost|p1a: Urshifu|def|1\n|-unboost|p1a: Urshifu|spd|1\n|faint|p2b: Eternatus\n|\n|win|lalo's pollos\n|raw|lalo&apos;s pollos's rating: 1462 &rarr; <strong>1476</strong><br />(+14 for winning)\n|raw|LEO VIRTANEN's rating: 1359 &rarr; <strong>1345</strong><br />(-14 for losing)\n|l|\u2606LEO VIRTANEN\n|player|p2|\n","uploadtime":1771385504,"views":23,"formatid":"gen9vgc2026regi","rating":1345,"private":0,"password":null}