{"id":"gen9vgc2026regi-2584067012","format":"[Gen 9] VGC 2026 Reg I","players":["letcheflan","kyoshimon"],"log":"|j|\u2606letcheflan\n|j|\u2606kyoshimon\n|t:|1776221805\n|gametype|doubles\n|player|p1|letcheflan|n|1184\n|player|p2|kyoshimon|cynthia-gen4|1263\n|gen|9\n|tier|[Gen 9] VGC 2026 Reg I\n|rated|\n|rule|Species Clause: Limit one of each Pok\u00e9mon\n|rule|Item Clause: Limit 1 of each item\n|clearpoke\n|poke|p1|Terapagos, L50, M|\n|poke|p1|Zamazenta-*, L50|\n|poke|p1|Incineroar, L50, M|\n|poke|p1|Flutter Mane, L50|\n|poke|p1|Volcarona, L50, F|\n|poke|p1|Sinistcha, L50|\n|poke|p2|Chien-Pao, L50|\n|poke|p2|Kyogre, L50|\n|poke|p2|Amoonguss, L50, M|\n|poke|p2|Landorus, L50, M|\n|poke|p2|Iron Jugulis, L50|\n|poke|p2|Zamazenta-*, L50|\n|teampreview|4\n|inactive|Battle timer is ON: inactive players will automatically lose when time's up. (requested by letcheflan)\n|l|\u2606kyoshimon\n|inactive|kyoshimon disconnected and has a minute to reconnect!\n|player|p2|\n|inactive|letcheflan has 60 seconds left.\n|inactive|kyoshimon has 30 seconds to reconnect!\n|j|\u2606kyoshimon\n|inactive|kyoshimon reconnected and has 55 seconds left.\n|player|p2|kyoshimon|cynthia-gen4|\n|inactive|kyoshimon has 30 seconds left.\n|\n|t:|1776221870\n|teamsize|p1|4\n|teamsize|p2|4\n|start\n|switch|p1a: Zamazenta|Zamazenta-Crowned, L50|100/100\n|switch|p1b: Flutter Mane|Flutter Mane, L50|100/100\n|switch|p2a: Chien-Pao|Chien-Pao, L50|100/100\n|switch|p2b: Zamazenta|Zamazenta-Crowned, L50|100/100\n|-ability|p2a: Chien-Pao|Sword of Ruin\n|-ability|p1a: Zamazenta|Dauntless Shield|boost\n|-boost|p1a: Zamazenta|def|1\n|-ability|p2b: Zamazenta|Dauntless Shield|boost\n|-boost|p2b: Zamazenta|def|1\n|-enditem|p1b: Flutter Mane|Booster Energy\n|-activate|p1b: Flutter Mane|ability: Protosynthesis|[fromitem]\n|-start|p1b: Flutter Mane|protosynthesisspe\n|turn|1\n|inactive|letcheflan has 30 seconds left.\n|inactive|kyoshimon has 30 seconds left.\n|inactive|letcheflan has 20 seconds left.\n|\n|t:|1776221909\n|-terastallize|p2a: Chien-Pao|Ghost\n|move|p1a: Zamazenta|Protect|p1a: Zamazenta\n|-singleturn|p1a: Zamazenta|Protect\n|move|p1b: Flutter Mane|Thunder Wave|p2a: Chien-Pao\n|-status|p2a: Chien-Pao|par\n|move|p2b: Zamazenta|Body Press|p1a: Zamazenta\n|-activate|p1a: Zamazenta|move: Protect\n|move|p2a: Chien-Pao|Icy Wind|p1a: Zamazenta|[spread] \n|-activate|p1a: Zamazenta|move: Protect\n|-miss|p2a: Chien-Pao|p1b: Flutter Mane\n|\n|upkeep\n|turn|2\n|\n|t:|1776221928\n|move|p1b: Flutter Mane|Thunder Wave|p2b: Zamazenta\n|-status|p2b: Zamazenta|par\n|move|p1a: Zamazenta|Body Press|p2b: Zamazenta\n|-supereffective|p2b: Zamazenta\n|-damage|p2b: Zamazenta|32/100 par\n|move|p2a: Chien-Pao|Icy Wind|p1b: Flutter Mane|[spread] p1a,p1b\n|-resisted|p1a: Zamazenta\n|-damage|p1a: Zamazenta|96/100\n|-damage|p1b: Flutter Mane|89/100\n|-unboost|p1a: Zamazenta|spe|1\n|-unboost|p1b: Flutter Mane|spe|1\n|move|p2b: Zamazenta|Body Press|p1a: Zamazenta\n|-supereffective|p1a: Zamazenta\n|-damage|p1a: Zamazenta|18/100\n|\n|upkeep\n|turn|3\n|\n|t:|1776221946\n|-end|p1b: Flutter Mane|Protosynthesis|[silent]\n|switch|p1b: lil' retail|Sinistcha, L50|100/100\n|-heal|p1a: Zamazenta|43/100|[from] ability: Hospitality|[of] p1b: lil' retail\n|cant|p2b: Zamazenta|par\n|move|p2a: Chien-Pao|Sucker Punch||[still]\n|-fail|p2a: Chien-Pao\n|move|p1a: Zamazenta|Body Press|p2b: Zamazenta\n|-supereffective|p2b: Zamazenta\n|-damage|p2b: Zamazenta|0 fnt\n|faint|p2b: Zamazenta\n|\n|upkeep\n|\n|t:|1776221954\n|switch|p2b: Iron Jugulis|Iron Jugulis, L50|100/100\n|-enditem|p2b: Iron Jugulis|Booster Energy\n|-activate|p2b: Iron Jugulis|ability: Quark Drive|[fromitem]\n|-start|p2b: Iron Jugulis|quarkdrivespe\n|turn|4\n|\n|t:|1776221970\n|move|p2b: Iron Jugulis|Protect|p2b: Iron Jugulis\n|-singleturn|p2b: Iron Jugulis|Protect\n|move|p1a: Zamazenta|Protect|p1a: Zamazenta\n|-singleturn|p1a: Zamazenta|Protect\n|move|p2a: Chien-Pao|Ice Spinner|p1b: lil' retail\n|-supereffective|p1b: lil' retail\n|-damage|p1b: lil' retail|0 fnt\n|faint|p1b: lil' retail\n|\n|upkeep\n|\n|t:|1776221980\n|switch|p1b: Flutter Mane|Flutter Mane, L50|89/100\n|turn|5\n|\n|t:|1776221998\n|switch|p1a: Volcarona|Volcarona, L50, F|100/100\n|move|p2a: Chien-Pao|Sucker Punch|p1b: Flutter Mane\n|-damage|p1b: Flutter Mane|25/100\n|move|p2b: Iron Jugulis|Snarl|p1a: Volcarona|[spread] p1a,p1b\n|-damage|p1a: Volcarona|83/100\n|-damage|p1b: Flutter Mane|10/100\n|-unboost|p1b: Flutter Mane|spa|1\n|move|p1b: Flutter Mane|Moonblast|p2b: Iron Jugulis\n|-supereffective|p2b: Iron Jugulis\n|-damage|p2b: Iron Jugulis|45/100\n|\n|upkeep\n|turn|6\n|inactive|letcheflan has 30 seconds left.\n|\n|t:|1776222027\n|move|p2b: Iron Jugulis|Protect|p2b: Iron Jugulis\n|-singleturn|p2b: Iron Jugulis|Protect\n|move|p1b: Flutter Mane|Shadow Ball|p2a: Chien-Pao\n|-supereffective|p2a: Chien-Pao\n|-damage|p2a: Chien-Pao|26/100 par\n|move|p1a: Volcarona|Quiver Dance|p1a: Volcarona\n|-boost|p1a: Volcarona|spa|1\n|-boost|p1a: Volcarona|spd|1\n|-boost|p1a: Volcarona|spe|1\n|move|p2a: Chien-Pao|Icy Wind|p1a: Volcarona|[spread] p1a,p1b\n|-resisted|p1a: Volcarona\n|-damage|p1a: Volcarona|80/100\n|-damage|p1b: Flutter Mane|0 fnt\n|faint|p1b: Flutter Mane\n|-end|p1b: Flutter Mane|Protosynthesis|[silent]\n|\n|upkeep\n|\n|t:|1776222040\n|switch|p1b: Zamazenta|Zamazenta-Crowned, L50|43/100\n|turn|7\n|\n|t:|1776222049\n|move|p1b: Zamazenta|Protect|p1b: Zamazenta\n|-singleturn|p1b: Zamazenta|Protect\n|move|p2b: Iron Jugulis|Tailwind|p2b: Iron Jugulis\n|-sidestart|p2: kyoshimon|move: Tailwind\n|move|p1a: Volcarona|Giga Drain|p2a: Chien-Pao\n|-damage|p2a: Chien-Pao|0 fnt\n|-heal|p1a: Volcarona|90/100|[from] drain|[of] p2a: Chien-Pao\n|faint|p2a: Chien-Pao\n|\n|upkeep\n|\n|t:|1776222056\n|switch|p2a: Kyogre|Kyogre, L50|100/100\n|-weather|RainDance|[from] ability: Drizzle|[of] p2a: Kyogre\n|turn|8\n|\n|t:|1776222069\n|-terastallize|p1a: Volcarona|Grass\n|move|p2b: Iron Jugulis|Hurricane|p1a: Volcarona\n|-supereffective|p1a: Volcarona\n|-damage|p1a: Volcarona|32/100\n|move|p2a: Kyogre|Water Spout|p1b: Zamazenta|[spread] p1a,p1b\n|-resisted|p1a: Volcarona\n|-crit|p1b: Zamazenta\n|-damage|p1a: Volcarona|0 fnt\n|-damage|p1b: Zamazenta|0 fnt\n|faint|p1a: Volcarona\n|faint|p1b: Zamazenta\n|\n|win|kyoshimon\n|raw|letcheflan's rating: 1184 &rarr; <strong>1165</strong><br />(-19 for losing)\n|raw|kyoshimon's rating: 1263 &rarr; <strong>1282</strong><br />(+19 for winning)\n","uploadtime":1776222082,"views":149,"formatid":"gen9vgc2026regi","rating":1165,"private":0,"password":null}