{"id":"gen9vgc2026regi-2560400859","format":"[Gen 9] VGC 2026 Reg I","players":["Artic2","pzyxhic"],"log":"|j|\u2606Artic2\n|j|\u2606pzyxhic\n|t:|1773683897\n|gametype|doubles\n|player|p1|Artic2|whitney|1248\n|player|p2|pzyxhic|2|1247\n|gen|9\n|tier|[Gen 9] VGC 2026 Reg I\n|rated|\n|rule|Species Clause: Limit one of each Pok\u00e9mon\n|rule|Item Clause: Limit 1 of each item\n|clearpoke\n|poke|p1|Indeedee-F, L50, F|\n|poke|p1|Porygon2, L50|\n|poke|p1|Calyrex-Ice, L50|\n|poke|p1|Torkoal, L50, F|\n|poke|p1|Ursaluna, L50, M|\n|poke|p1|Lunala, L50|\n|poke|p2|Calyrex-Shadow, L50|\n|poke|p2|Chi-Yu, L50|\n|poke|p2|Whimsicott, L50, F|\n|poke|p2|Urshifu-*, L50, F|\n|poke|p2|Farigiraf, L50, F|\n|poke|p2|Kyurem-White, L50|\n|teampreview|4\n|inactive|Battle timer is ON: inactive players will automatically lose when time's up. (requested by Artic2)\n|\n|t:|1773683949\n|teamsize|p1|4\n|teamsize|p2|4\n|start\n|switch|p1a: Ursaluna|Ursaluna, L50, M|100/100\n|switch|p1b: Porygon2|Porygon2, L50|100/100\n|switch|p2a: Chi-Yu|Chi-Yu, L50|100/100\n|switch|p2b: Urshifu|Urshifu-Rapid-Strike, L50, F|100/100\n|-ability|p2a: Chi-Yu|Beads of Ruin\n|-ability|p1b: Porygon2|Unseen Fist|Trace|[from] ability: Trace|[of] p2b: Urshifu\n|turn|1\n|inactive|Artic2 has 30 seconds left.\n|\n|t:|1773683975\n|move|p1a: Ursaluna|Protect|p1a: Ursaluna\n|-singleturn|p1a: Ursaluna|Protect\n|move|p2b: Urshifu|Surging Strikes|p1a: Ursaluna\n|-supereffective|p1a: Ursaluna\n|-crit|p1a: Ursaluna\n|-damage|p1a: Ursaluna|72/100\n|-supereffective|p1a: Ursaluna\n|-crit|p1a: Ursaluna\n|-damage|p1a: Ursaluna|38/100\n|-supereffective|p1a: Ursaluna\n|-crit|p1a: Ursaluna\n|-damage|p1a: Ursaluna|8/100\n|-hitcount|p1a: Ursaluna|3\n|move|p2a: Chi-Yu|Nasty Plot|p2a: Chi-Yu\n|-boost|p2a: Chi-Yu|spa|2\n|move|p1b: Porygon2|Trick Room|p1b: Porygon2\n|-fieldstart|move: Trick Room|[of] p1b: Porygon2\n|\n|-status|p1a: Ursaluna|brn|[from] item: Flame Orb\n|upkeep\n|turn|2\n|inactive|Artic2 has 30 seconds left.\n|\n|t:|1773684002\n|switch|p1b: Indeedee|Indeedee-F, L50, F|100/100\n|-fieldstart|move: Psychic Terrain|[from] ability: Psychic Surge|[of] p1b: Indeedee\n|move|p2a: Chi-Yu|Protect|p2a: Chi-Yu\n|-singleturn|p2a: Chi-Yu|Protect\n|move|p2b: Urshifu|Detect|p2b: Urshifu\n|-singleturn|p2b: Urshifu|Protect\n|move|p1a: Ursaluna|Facade|p2a: Chi-Yu\n|-activate|p2a: Chi-Yu|move: Protect\n|\n|-damage|p1a: Ursaluna|2/100 brn|[from] brn\n|upkeep\n|turn|3\n|inactive|Artic2 has 30 seconds left.\n|\n|t:|1773684028\n|switch|p2a: Farigiraf|Farigiraf, L50, F|100/100\n|move|p1a: Ursaluna|Facade|p2b: Urshifu\n|-enditem|p2b: Urshifu|Focus Sash\n|-damage|p2b: Urshifu|1/100\n|move|p1b: Indeedee|Heal Pulse|p1a: Ursaluna\n|-heal|p1a: Ursaluna|52/100 brn\n|move|p2b: Urshifu|Close Combat|p1b: Indeedee\n|-damage|p1b: Indeedee|24/100\n|-unboost|p2b: Urshifu|def|1\n|-unboost|p2b: Urshifu|spd|1\n|\n|-damage|p1a: Ursaluna|46/100 brn|[from] brn\n|upkeep\n|turn|4\n|inactive|Artic2 has 30 seconds left.\n|inactive|pzyxhic has 30 seconds left.\n|inactive|pzyxhic has 20 seconds left.\n|\n|t:|1773684065\n|move|p2a: Farigiraf|Protect|p2a: Farigiraf\n|-singleturn|p2a: Farigiraf|Protect\n|move|p1a: Ursaluna|Facade|p2a: Farigiraf\n|-activate|p2a: Farigiraf|move: Protect\n|move|p1b: Indeedee|Psychic|p2b: Urshifu\n|-supereffective|p2b: Urshifu\n|-damage|p2b: Urshifu|0 fnt\n|faint|p2b: Urshifu\n|\n|-damage|p1a: Ursaluna|40/100 brn|[from] brn\n|upkeep\n|\n|t:|1773684078\n|switch|p2b: Kyurem|Kyurem-White, L50|100/100\n|-ability|p2b: Kyurem|Turboblaze\n|turn|5\n|\n|t:|1773684093\n|move|p2b: Kyurem|Protect|p2b: Kyurem\n|-singleturn|p2b: Kyurem|Protect\n|move|p1a: Ursaluna|Facade|p2a: Farigiraf\n|-damage|p2a: Farigiraf|7/100\n|move|p1b: Indeedee|Heal Pulse|p1a: Ursaluna\n|-heal|p1a: Ursaluna|90/100 brn\n|move|p2a: Farigiraf|Hyper Voice|p1b: Indeedee|[spread] p1a,p1b\n|-damage|p1a: Ursaluna|67/100 brn\n|-damage|p1b: Indeedee|1/100\n|\n|-damage|p1a: Ursaluna|61/100 brn|[from] brn\n|-fieldend|move: Trick Room\n|upkeep\n|turn|6\n|\n|t:|1773684118\n|switch|p2b: Chi-Yu|Chi-Yu, L50|100/100\n|-ability|p2b: Chi-Yu|Beads of Ruin\n|move|p1b: Indeedee|Follow Me|p1b: Indeedee\n|-singleturn|p1b: Indeedee|move: Follow Me\n|move|p2a: Farigiraf|Hyper Voice|p1b: Indeedee|[spread] p1a,p1b\n|-damage|p1a: Ursaluna|32/100 brn\n|-damage|p1b: Indeedee|0 fnt\n|faint|p1b: Indeedee\n|move|p1a: Ursaluna|Headlong Rush|p2b: Chi-Yu\n|-supereffective|p2b: Chi-Yu\n|-damage|p2b: Chi-Yu|0 fnt\n|-unboost|p1a: Ursaluna|def|1\n|-unboost|p1a: Ursaluna|spd|1\n|faint|p2b: Chi-Yu\n|\n|-damage|p1a: Ursaluna|26/100 brn|[from] brn\n|-fieldend|move: Psychic Terrain\n|upkeep\n|\n|t:|1773684141\n|switch|p2b: Kyurem|Kyurem-White, L50|100/100\n|switch|p1b: Porygon2|Porygon2, L50|100/100\n|-ability|p2b: Kyurem|Turboblaze\n|-ability|p1b: Porygon2|Armor Tail|Trace|[from] ability: Trace|[of] p2a: Farigiraf\n|turn|7\n|inactive|Artic2 has 30 seconds left.\n|inactive|pzyxhic has 30 seconds left.\n|inactive|Artic2 has 20 seconds left.\n|inactive|pzyxhic has 20 seconds left.\n|\n|t:|1773684180\n|move|p1a: Ursaluna|Protect|p1a: Ursaluna\n|-singleturn|p1a: Ursaluna|Protect\n|move|p2b: Kyurem|Freeze-Dry|p1b: Porygon2\n|-damage|p1b: Porygon2|59/100\n|-status|p1b: Porygon2|frz\n|-damage|p2b: Kyurem|91/100|[from] item: Life Orb\n|move|p2a: Farigiraf|Hyper Voice|p1a: Ursaluna|[spread] p1b\n|-activate|p1a: Ursaluna|move: Protect\n|-damage|p1b: Porygon2|43/100 frz\n|cant|p1b: Porygon2|frz\n|\n|-damage|p1a: Ursaluna|20/100 brn|[from] brn\n|upkeep\n|turn|8\n|\n|t:|1773684201\n|move|p2b: Kyurem|Freeze-Dry|p1b: Porygon2\n|-damage|p1b: Porygon2|8/100 frz\n|-damage|p2b: Kyurem|81/100|[from] item: Life Orb\n|move|p2a: Farigiraf|Hyper Voice|p1a: Ursaluna|[spread] p1a,p1b\n|-damage|p1a: Ursaluna|0 fnt\n|-damage|p1b: Porygon2|0 fnt\n|faint|p1a: Ursaluna\n|faint|p1b: Porygon2\n|\n|upkeep\n|\n|t:|1773684211\n|switch|p1a: Calyrex|Calyrex-Ice, L50|100/100\n|-ability|p1a: Calyrex|As One\n|-ability|p1a: Calyrex|Unnerve\n|turn|9\n|\n|t:|1773684232\n|move|p2b: Kyurem|Protect|p2b: Kyurem\n|-singleturn|p2b: Kyurem|Protect\n|move|p2a: Farigiraf|Protect|p2a: Farigiraf\n|-singleturn|p2a: Farigiraf|Protect\n|move|p1a: Calyrex|Glacial Lance|p2b: Kyurem|[spread] \n|-activate|p2a: Farigiraf|move: Protect\n|-activate|p2b: Kyurem|move: Protect\n|\n|upkeep\n|turn|10\n|inactive|Artic2 has 30 seconds left.\n|\n|t:|1773684259\n|-terastallize|p2b: Kyurem|Fire\n|-terastallize|p1a: Calyrex|Water\n|move|p2a: Farigiraf|Helping Hand|p2b: Kyurem\n|-singleturn|p2b: Kyurem|Helping Hand|[of] p2a: Farigiraf\n|move|p2b: Kyurem|Fusion Flare|p1a: Calyrex\n|-resisted|p1a: Calyrex\n|-damage|p1a: Calyrex|57/100\n|-damage|p2b: Kyurem|71/100|[from] item: Life Orb\n|move|p1a: Calyrex|Close Combat|p2b: Kyurem\n|-damage|p2b: Kyurem|17/100\n|-unboost|p1a: Calyrex|def|1\n|-unboost|p1a: Calyrex|spd|1\n|\n|upkeep\n|turn|11\n|\n|t:|1773684280\n|move|p2a: Farigiraf|Helping Hand|p2b: Kyurem\n|-singleturn|p2b: Kyurem|Helping Hand|[of] p2a: Farigiraf\n|move|p2b: Kyurem|Freeze-Dry|p1a: Calyrex\n|-supereffective|p1a: Calyrex\n|-damage|p1a: Calyrex|0 fnt\n|faint|p1a: Calyrex\n|-damage|p2b: Kyurem|7/100|[from] item: Life Orb\n|\n|win|pzyxhic\n|raw|Artic2's rating: 1248 &rarr; <strong>1223</strong><br />(-25 for losing)\n|raw|pzyxhic's rating: 1247 &rarr; <strong>1272</strong><br />(+25 for winning)\n|l|\u2606Artic2\n|player|p1|\n|l|\u2606pzyxhic\n|player|p2|\n","uploadtime":1773684556,"views":11,"formatid":"gen9vgc2026regi","rating":1223,"private":0,"password":null}