{"id":"gen9vgc2026regi-2544768795","format":"[Gen 9] VGC 2026 Reg I","players":["Javike","Schimmli"],"log":"|j|\u2606Javike\n|j|\u2606Schimmli\n|t:|1771755876\n|gametype|doubles\n|player|p1|Javike|crasherwake|1423\n|player|p2|Schimmli|266|1619\n|gen|9\n|tier|[Gen 9] VGC 2026 Reg I\n|rated|\n|rule|Species Clause: Limit one of each Pok\u00e9mon\n|rule|Item Clause: Limit 1 of each item\n|clearpoke\n|poke|p1|Kyogre, L50|\n|poke|p1|Miraidon, L50|\n|poke|p1|Farigiraf, L50, F|\n|poke|p1|Whimsicott, L50, M|\n|poke|p1|Chi-Yu, L50|\n|poke|p1|Sneasler, L50, M|\n|poke|p2|Terapagos, L50, M|\n|poke|p2|Calyrex-Shadow, L50|\n|poke|p2|Flutter Mane, L50|\n|poke|p2|Ogerpon-Cornerstone, L50, F|\n|poke|p2|Incineroar, L50, M|\n|poke|p2|Rillaboom, L50, F|\n|teampreview|4\n|inactive|Battle timer is ON: inactive players will automatically lose when time's up. (requested by Javike)\n|inactive|Javike has 60 seconds left.\n|inactive|Schimmli has 60 seconds left.\n|inactive|Schimmli has 30 seconds left.\n|\n|t:|1771755944\n|teamsize|p1|4\n|teamsize|p2|4\n|start\n|switch|p1a: Chi-Yu|Chi-Yu, L50|100/100\n|switch|p1b: Sneasler|Sneasler, L50, M|100/100\n|switch|p2a: Terapagos|Terapagos, L50, M|100/100\n|switch|p2b: Rillaboom|Rillaboom, L50, F|100/100\n|-activate|p2a: Terapagos|ability: Tera Shift\n|detailschange|p2a: Terapagos|Terapagos-Terastal, L50, M\n|-heal|p2a: Terapagos|100/100|[silent]\n|-ability|p1a: Chi-Yu|Beads of Ruin\n|-fieldstart|move: Grassy Terrain|[from] ability: Grassy Surge|[of] p2b: Rillaboom\n|turn|1\n|\n|t:|1771755962\n|move|p1b: Sneasler|Fake Out|p2b: Rillaboom\n|-enditem|p1b: Sneasler|Normal Gem|[from] gem\n|-damage|p2b: Rillaboom|82/100\n|cant|p2b: Rillaboom|flinch\n|move|p1a: Chi-Yu|Heat Wave|p2a: Terapagos|[spread] p2a,p2b\n|-activate|p2a: Terapagos|ability: Tera Shell\n|-resisted|p2a: Terapagos\n|-supereffective|p2b: Rillaboom\n|-damage|p2a: Terapagos|78/100\n|-damage|p2b: Rillaboom|15/100\n|move|p2a: Terapagos|Tera Starstorm|p1b: Sneasler\n|-damage|p1b: Sneasler|24/100\n|\n|-heal|p1b: Sneasler|30/100|[from] Grassy Terrain\n|-heal|p2a: Terapagos|84/100|[from] Grassy Terrain\n|-heal|p2a: Terapagos|91/100|[from] item: Leftovers\n|-heal|p2b: Rillaboom|20/100|[from] Grassy Terrain\n|upkeep\n|turn|2\n|\n|t:|1771755982\n|switch|p1a: Farigiraf|Farigiraf, L50, F|100/100\n|switch|p2b: Incineroar|Incineroar, L50, M, shiny|100/100\n|-ability|p2b: Incineroar|Intimidate|boost\n|-unboost|p1a: Farigiraf|atk|1\n|-unboost|p1b: Sneasler|atk|1\n|move|p2a: Terapagos|Protect|p2a: Terapagos\n|-singleturn|p2a: Terapagos|Protect\n|move|p1b: Sneasler|Close Combat|p2a: Terapagos\n|-activate|p2a: Terapagos|move: Protect\n|\n|-heal|p1b: Sneasler|36/100|[from] Grassy Terrain\n|-heal|p2a: Terapagos|97/100|[from] Grassy Terrain\n|-heal|p2a: Terapagos|100/100|[from] item: Leftovers\n|upkeep\n|turn|3\n|\n|t:|1771756001\n|move|p1b: Sneasler|Close Combat|p2a: Terapagos\n|-activate|p2a: Terapagos|ability: Tera Shell\n|-resisted|p2a: Terapagos\n|-damage|p2a: Terapagos|85/100\n|-unboost|p1b: Sneasler|def|1\n|-unboost|p1b: Sneasler|spd|1\n|move|p2a: Terapagos|Calm Mind|p2a: Terapagos\n|-boost|p2a: Terapagos|spa|1\n|-boost|p2a: Terapagos|spd|1\n|move|p2b: Incineroar|Knock Off|p1a: Farigiraf\n|-supereffective|p1a: Farigiraf\n|-damage|p1a: Farigiraf|30/100\n|-enditem|p1a: Farigiraf|Throat Spray|[from] move: Knock Off|[of] p2b: Incineroar\n|move|p1a: Farigiraf|Hyper Voice|p2a: Terapagos|[spread] p2a,p2b\n|-damage|p2a: Terapagos|71/100\n|-damage|p2b: Incineroar|76/100\n|\n|-heal|p1b: Sneasler|43/100|[from] Grassy Terrain\n|-heal|p2a: Terapagos|77/100|[from] Grassy Terrain\n|-heal|p2a: Terapagos|83/100|[from] item: Leftovers\n|-heal|p2b: Incineroar|82/100|[from] Grassy Terrain\n|-heal|p1a: Farigiraf|36/100|[from] Grassy Terrain\n|upkeep\n|turn|4\n|\n|t:|1771756026\n|move|p2a: Terapagos|Protect|p2a: Terapagos\n|-singleturn|p2a: Terapagos|Protect\n|move|p1b: Sneasler|Close Combat|p2b: Incineroar\n|-supereffective|p2b: Incineroar\n|-damage|p2b: Incineroar|19/100\n|-unboost|p1b: Sneasler|def|1\n|-unboost|p1b: Sneasler|spd|1\n|-damage|p1b: Sneasler|26/100|[from] item: Rocky Helmet|[of] p2b: Incineroar\n|move|p2b: Incineroar|Parting Shot|p1b: Sneasler\n|-unboost|p1b: Sneasler|atk|1\n|-unboost|p1b: Sneasler|spa|1\n|\n|t:|1771756036\n|switch|p2b: Calyrex|Calyrex-Shadow, L50|100/100|[from] Parting Shot\n|-ability|p2b: Calyrex|As One\n|-ability|p2b: Calyrex|Unnerve\n|move|p1a: Farigiraf|Hyper Voice|p2a: Terapagos|[spread] \n|-activate|p2a: Terapagos|move: Protect\n|-immune|p2b: Calyrex\n|\n|-heal|p1b: Sneasler|33/100|[from] Grassy Terrain\n|-heal|p2a: Terapagos|90/100|[from] Grassy Terrain\n|-heal|p2a: Terapagos|96/100|[from] item: Leftovers\n|-heal|p1a: Farigiraf|42/100|[from] Grassy Terrain\n|upkeep\n|turn|5\n|\n|t:|1771756054\n|move|p1b: Sneasler|Close Combat|p2a: Terapagos\n|-supereffective|p2a: Terapagos\n|-damage|p2a: Terapagos|45/100\n|-unboost|p1b: Sneasler|def|1\n|-unboost|p1b: Sneasler|spd|1\n|move|p2b: Calyrex|Astral Barrage|p1b: Sneasler|[spread] p1b\n|-immune|p1a: Farigiraf\n|-damage|p1b: Sneasler|0 fnt\n|faint|p1b: Sneasler\n|-ability|p2b: Calyrex|Grim Neigh|boost\n|-boost|p2b: Calyrex|spa|1\n|move|p2a: Terapagos|Tera Starstorm|p1a: Farigiraf\n|-damage|p1a: Farigiraf|0 fnt\n|faint|p1a: Farigiraf\n|\n|-heal|p2a: Terapagos|51/100|[from] Grassy Terrain\n|-heal|p2a: Terapagos|57/100|[from] item: Leftovers\n|-fieldend|move: Grassy Terrain\n|upkeep\n|\n|t:|1771756075\n|switch|p1b: Miraidon|Miraidon, L50|100/100\n|switch|p1a: Chi-Yu|Chi-Yu, L50|100/100\n|-fieldstart|move: Electric Terrain|[from] ability: Hadron Engine|[of] p1b: Miraidon\n|-ability|p1a: Chi-Yu|Beads of Ruin\n|turn|6\n|\n|t:|1771756091\n|-terastallize|p2a: Terapagos|Stellar\n|detailschange|p2a: Terapagos|Terapagos-Stellar, L50, M, tera:Stellar\n|-heal|p2a: Terapagos|68/100|[silent]\n|-ability|p2a: Terapagos|Teraform Zero\n|-fieldend|move: Electric Terrain\n|move|p2b: Calyrex|Astral Barrage|p1b: Miraidon|[spread] p1a,p1b\n|-resisted|p1a: Chi-Yu\n|-damage|p1a: Chi-Yu|58/100\n|-damage|p1b: Miraidon|0 fnt\n|faint|p1b: Miraidon\n|-ability|p2b: Calyrex|Grim Neigh|boost\n|-boost|p2b: Calyrex|spa|1\n|move|p1a: Chi-Yu|Dark Pulse|p2b: Calyrex\n|-supereffective|p2b: Calyrex\n|-enditem|p2b: Calyrex|Focus Sash\n|-damage|p2b: Calyrex|1/100\n|move|p2a: Terapagos|Tera Starstorm|p1a: Chi-Yu\n|-damage|p1a: Chi-Yu|0 fnt\n|faint|p1a: Chi-Yu\n|\n|win|Schimmli\n|raw|Javike's rating: 1423 &rarr; <strong>1413</strong><br />(-10 for losing)\n|raw|Schimmli's rating: 1619 &rarr; <strong>1629</strong><br />(+10 for winning)\n|l|\u2606Javike\n|player|p1|\n|l|\u2606Schimmli\n|player|p2|\n","uploadtime":1771756332,"views":10,"formatid":"gen9vgc2026regi","rating":1413,"private":0,"password":null}