{"id":"gen9vgc2026regi-2541769745","format":"[Gen 9] VGC 2026 Reg I","players":["cy2rexfiy","Schimmli"],"log":"|j|\u2606cy2rexfiy\n|j|\u2606Schimmli\n|t:|1771367307\n|gametype|doubles\n|player|p1|cy2rexfiy|1|1398\n|player|p2|Schimmli|265|1519\n|gen|9\n|tier|[Gen 9] VGC 2026 Reg I\n|rated|\n|rule|Species Clause: Limit one of each Pok\u00e9mon\n|rule|Item Clause: Limit 1 of each item\n|clearpoke\n|poke|p1|Calyrex-Ice, L50|\n|poke|p1|Rillaboom, L50, M|\n|poke|p1|Incineroar, L50, F|\n|poke|p1|Terapagos, L50, M|\n|poke|p1|Walking Wake, L50|\n|poke|p1|Smeargle, L50, F|\n|poke|p2|Terapagos, L50, M|\n|poke|p2|Calyrex-Shadow, L50|\n|poke|p2|Flutter Mane, L50|\n|poke|p2|Ogerpon-Cornerstone, L50, F|\n|poke|p2|Incineroar, L50, F|\n|poke|p2|Rillaboom, L50, F|\n|teampreview|4\n|inactive|Battle timer is ON: inactive players will automatically lose when time's up. (requested by cy2rexfiy)\n|\n|t:|1771367322\n|teamsize|p1|4\n|teamsize|p2|4\n|start\n|switch|p1a: Smeargle|Smeargle, L50, F|100/100\n|switch|p1b: Terapagos|Terapagos, L50, M|100/100\n|switch|p2a: Terapagos|Terapagos, L50, M|100/100\n|switch|p2b: Incineroar|Incineroar, L50, F, shiny|100/100\n|-activate|p2a: Terapagos|ability: Tera Shift\n|detailschange|p2a: Terapagos|Terapagos-Terastal, L50, M\n|-heal|p2a: Terapagos|100/100|[silent]\n|-activate|p1b: Terapagos|ability: Tera Shift\n|detailschange|p1b: Terapagos|Terapagos-Terastal, L50, M\n|-heal|p1b: Terapagos|100/100|[silent]\n|-ability|p2b: Incineroar|Intimidate|boost\n|-unboost|p1a: Smeargle|atk|1\n|-unboost|p1b: Terapagos|atk|1\n|turn|1\n|\n|t:|1771367335\n|switch|p1a: Incineroar|Incineroar, L50, F|100/100\n|-ability|p1a: Incineroar|Intimidate|boost\n|-unboost|p2a: Terapagos|atk|1\n|-unboost|p2b: Incineroar|atk|1\n|move|p2b: Incineroar|Fake Out|p1a: Incineroar\n|-damage|p1a: Incineroar|95/100\n|move|p2a: Terapagos|Tera Starstorm|p1a: Incineroar\n|-damage|p1a: Incineroar|49/100\n|move|p1b: Terapagos|Calm Mind|p1b: Terapagos\n|-boost|p1b: Terapagos|spa|1\n|-boost|p1b: Terapagos|spd|1\n|\n|upkeep\n|turn|2\n|inactive|cy2rexfiy has 30 seconds left.\n|\n|t:|1771367364\n|move|p2a: Terapagos|Protect|p2a: Terapagos\n|-singleturn|p2a: Terapagos|Protect\n|move|p1a: Incineroar|Fake Out|p2b: Incineroar\n|-damage|p2b: Incineroar|92/100\n|-damage|p1a: Incineroar|33/100|[from] item: Rocky Helmet|[of] p2b: Incineroar\n|move|p1b: Terapagos|Calm Mind|p1b: Terapagos\n|-boost|p1b: Terapagos|spa|1\n|-boost|p1b: Terapagos|spd|1\n|cant|p2b: Incineroar|flinch\n|\n|upkeep\n|turn|3\n|\n|t:|1771367382\n|move|p1b: Terapagos|Protect|p1b: Terapagos\n|-singleturn|p1b: Terapagos|Protect\n|move|p2a: Terapagos|Calm Mind|p2a: Terapagos\n|-boost|p2a: Terapagos|spa|1\n|-boost|p2a: Terapagos|spd|1\n|move|p2b: Incineroar|Knock Off|p1b: Terapagos\n|-activate|p1b: Terapagos|move: Protect\n|move|p1a: Incineroar|Snarl|p2b: Incineroar|[spread] p2a,p2b\n|-activate|p2a: Terapagos|ability: Tera Shell\n|-resisted|p2a: Terapagos\n|-resisted|p2b: Incineroar\n|-damage|p2a: Terapagos|97/100\n|-damage|p2b: Incineroar|86/100\n|-unboost|p2a: Terapagos|spa|1\n|-unboost|p2b: Incineroar|spa|1\n|\n|-heal|p2a: Terapagos|100/100|[from] item: Leftovers\n|upkeep\n|turn|4\n|\n|t:|1771367397\n|move|p2a: Terapagos|Tera Starstorm|p1a: Incineroar\n|-damage|p1a: Incineroar|0 fnt\n|faint|p1a: Incineroar\n|move|p1b: Terapagos|Earth Power|p2b: Incineroar\n|-supereffective|p2b: Incineroar\n|-damage|p2b: Incineroar|0 fnt\n|faint|p2b: Incineroar\n|\n|upkeep\n|\n|t:|1771367405\n|switch|p2b: Rillaboom|Rillaboom, L50, F|100/100\n|switch|p1a: Smeargle|Smeargle, L50, F|100/100\n|-fieldstart|move: Grassy Terrain|[from] ability: Grassy Surge|[of] p2b: Rillaboom\n|turn|5\n|\n|t:|1771367424\n|switch|p1a: Calyrex|Calyrex-Ice, L50|100/100\n|-ability|p1a: Calyrex|As One\n|-ability|p1a: Calyrex|Unnerve\n|move|p2b: Rillaboom|Fake Out|p1a: Calyrex\n|-damage|p1a: Calyrex|93/100\n|move|p2a: Terapagos|Calm Mind|p2a: Terapagos\n|-boost|p2a: Terapagos|spa|1\n|-boost|p2a: Terapagos|spd|1\n|move|p1b: Terapagos|Tera Starstorm|p2a: Terapagos\n|-activate|p2a: Terapagos|ability: Tera Shell\n|-resisted|p2a: Terapagos\n|-damage|p2a: Terapagos|75/100\n|\n|-heal|p2a: Terapagos|81/100|[from] Grassy Terrain\n|-heal|p2a: Terapagos|87/100|[from] item: Leftovers\n|-heal|p1a: Calyrex|99/100|[from] Grassy Terrain\n|upkeep\n|turn|6\n|inactive|cy2rexfiy has 30 seconds left.\n|inactive|Schimmli has 30 seconds left.\n|\n|t:|1771367457\n|-terastallize|p2a: Terapagos|Stellar\n|detailschange|p2a: Terapagos|Terapagos-Stellar, L50, M, tera:Stellar\n|-heal|p2a: Terapagos|91/100|[silent]\n|-ability|p2a: Terapagos|Teraform Zero\n|-fieldend|move: Grassy Terrain\n|move|p2a: Terapagos|Tera Starstorm|p1a: Calyrex|[spread] p1a,p1b\n|-activate|p1b: Terapagos|ability: Tera Shell\n|-resisted|p1b: Terapagos\n|-damage|p1a: Calyrex|69/100\n|-damage|p1b: Terapagos|91/100\n|move|p2b: Rillaboom|U-turn|p1a: Calyrex\n|-supereffective|p1a: Calyrex\n|-damage|p1a: Calyrex|41/100\n|\n|t:|1771367469\n|switch|p2b: Flutter Mane|Flutter Mane, L50|100/100|[from] U-turn\n|-enditem|p2b: Flutter Mane|Booster Energy\n|-activate|p2b: Flutter Mane|ability: Protosynthesis|[fromitem]\n|-start|p2b: Flutter Mane|protosynthesisspe\n|move|p1b: Terapagos|Calm Mind|p1b: Terapagos\n|-boost|p1b: Terapagos|spa|1\n|-boost|p1b: Terapagos|spd|1\n|move|p1a: Calyrex|Glacial Lance|p2a: Terapagos|[spread] p2a,p2b\n|-damage|p2a: Terapagos|65/100\n|-damage|p2b: Flutter Mane|17/100\n|\n|-heal|p2a: Terapagos|71/100|[from] item: Leftovers\n|-heal|p1b: Terapagos|97/100|[from] item: Leftovers\n|upkeep\n|turn|7\n|\n|t:|1771367491\n|-terastallize|p1b: Terapagos|Stellar\n|detailschange|p1b: Terapagos|Terapagos-Stellar, L50, M, tera:Stellar\n|-heal|p1b: Terapagos|98/100|[silent]\n|move|p2b: Flutter Mane|Moonblast|p1a: Calyrex\n|-damage|p1a: Calyrex|13/100\n|move|p2a: Terapagos|Tera Starstorm|p1a: Calyrex|[spread] p1a,p1b\n|-supereffective|p1b: Terapagos\n|-damage|p1a: Calyrex|0 fnt\n|-damage|p1b: Terapagos|74/100\n|faint|p1a: Calyrex\n|move|p1b: Terapagos|Tera Starstorm|p2b: Flutter Mane|[spread] p2a,p2b\n|-supereffective|p2a: Terapagos\n|-damage|p2a: Terapagos|7/100\n|-damage|p2b: Flutter Mane|0 fnt\n|faint|p2b: Flutter Mane\n|-end|p2b: Flutter Mane|Protosynthesis|[silent]\n|\n|-heal|p2a: Terapagos|13/100|[from] item: Leftovers\n|-heal|p1b: Terapagos|80/100|[from] item: Leftovers\n|upkeep\n|\n|t:|1771367507\n|switch|p2b: Rillaboom|Rillaboom, L50, F|100/100\n|switch|p1a: Smeargle|Smeargle, L50, F|100/100\n|-fieldstart|move: Grassy Terrain|[from] ability: Grassy Surge|[of] p2b: Rillaboom\n|turn|8\n|\n|t:|1771367514\n|move|p1a: Smeargle|Fake Out|p2a: Terapagos\n|-damage|p2a: Terapagos|10/100\n|move|p2b: Rillaboom|Fake Out|p1b: Terapagos\n|-damage|p1b: Terapagos|73/100\n|cant|p2a: Terapagos|flinch\n|cant|p1b: Terapagos|flinch\n|\n|-heal|p2a: Terapagos|16/100|[from] Grassy Terrain\n|-heal|p2a: Terapagos|23/100|[from] item: Leftovers\n|-heal|p1b: Terapagos|79/100|[from] Grassy Terrain\n|-heal|p1b: Terapagos|85/100|[from] item: Leftovers\n|-ability|p1a: Smeargle|Moody|boost\n|-boost|p1a: Smeargle|atk|2\n|-unboost|p1a: Smeargle|spa|1\n|upkeep\n|turn|9\n|\n|t:|1771367537\n|move|p2a: Terapagos|Tera Starstorm|p1b: Terapagos|[spread] p1a,p1b\n|-supereffective|p1b: Terapagos\n|-enditem|p1a: Smeargle|Focus Sash\n|-damage|p1a: Smeargle|1/100\n|-damage|p1b: Terapagos|61/100\n|move|p1a: Smeargle|Decorate|p1b: Terapagos\n|-boost|p1b: Terapagos|atk|2\n|-boost|p1b: Terapagos|spa|2\n|move|p2b: Rillaboom|Wood Hammer|p1b: Terapagos\n|-damage|p1b: Terapagos|20/100\n|-damage|p2b: Rillaboom|84/100|[from] Recoil\n|move|p1b: Terapagos|Tera Starstorm|p2b: Rillaboom|[spread] p2a,p2b\n|-supereffective|p2a: Terapagos\n|-damage|p2a: Terapagos|0 fnt\n|-damage|p2b: Rillaboom|9/100\n|faint|p2a: Terapagos\n|detailschange|p2: Terapagos|Terapagos, L50, M|[silent]\n|\n|-heal|p1a: Smeargle|7/100|[from] Grassy Terrain\n|-heal|p2b: Rillaboom|15/100|[from] Grassy Terrain\n|-heal|p1b: Terapagos|26/100|[from] Grassy Terrain\n|-heal|p1b: Terapagos|32/100|[from] item: Leftovers\n|-ability|p1a: Smeargle|Moody|boost\n|-boost|p1a: Smeargle|spe|2\n|-unboost|p1a: Smeargle|def|1\n|upkeep\n|turn|10\n|\n|t:|1771367556\n|move|p1a: Smeargle|Follow Me|p1a: Smeargle\n|-singleturn|p1a: Smeargle|move: Follow Me\n|move|p2b: Rillaboom|Wood Hammer|p1a: Smeargle\n|-damage|p1a: Smeargle|0 fnt\n|faint|p1a: Smeargle\n|-damage|p2b: Rillaboom|13/100|[from] Recoil\n|move|p1b: Terapagos|Tera Starstorm|p2b: Rillaboom\n|-damage|p2b: Rillaboom|0 fnt\n|faint|p2b: Rillaboom\n|\n|win|cy2rexfiy\n|raw|cy2rexfiy's rating: 1398 &rarr; <strong>1425</strong><br />(+27 for winning)\n|raw|Schimmli's rating: 1519 &rarr; <strong>1492</strong><br />(-27 for losing)\n|l|\u2606Schimmli\n|player|p2|\n|l|\u2606cy2rexfiy\n|player|p1|\n","uploadtime":1771367776,"views":14,"formatid":"gen9vgc2026regi","rating":1425,"private":0,"password":null}