{"id":"gen9vgc2026regi-2536396060","format":"[Gen 9] VGC 2026 Reg I","players":["MSANTOSE","alexit93"],"log":"|j|\u2606MSANTOSE\n|j|\u2606alexit93\n|t:|1770682922\n|gametype|doubles\n|player|p1|MSANTOSE|drayden|1308\n|player|p2|alexit93|lucas-gen4pt|1421\n|gen|9\n|tier|[Gen 9] VGC 2026 Reg I\n|rated|\n|rule|Species Clause: Limit one of each Pok\u00e9mon\n|rule|Item Clause: Limit 1 of each item\n|clearpoke\n|poke|p1|Groudon, L50|\n|poke|p1|Sableye, L50, F|\n|poke|p1|Calyrex-Ice, L50|\n|poke|p1|Incineroar, L50, F|\n|poke|p1|Iron Hands, L50|\n|poke|p1|Milotic, L50, F|\n|poke|p2|Zamazenta-*, L50|\n|poke|p2|Riolu, L50, M|\n|poke|p2|Calyrex-Ice, L50|\n|poke|p2|Rillaboom, L50, M|\n|poke|p2|Incineroar, L50, F|\n|poke|p2|Urshifu-*, L50, M|\n|teampreview|4\n|\n|t:|1770682952\n|teamsize|p1|4\n|teamsize|p2|4\n|start\n|switch|p1a: Calyrex|Calyrex-Ice, L50|100/100\n|switch|p1b: Incineroar|Incineroar, L50, F|100/100\n|switch|p2a: Calyrex|Calyrex-Ice, L50|100/100\n|switch|p2b: Riolu|Riolu, L50, M|100/100\n|-ability|p1a: Calyrex|As One\n|-ability|p1a: Calyrex|Unnerve\n|-ability|p2a: Calyrex|As One\n|-ability|p2a: Calyrex|Unnerve\n|-ability|p1b: Incineroar|Intimidate|boost\n|-fail|p2a: Calyrex|unboost|[from] item: Clear Amulet|[of] p2a: Calyrex\n|-unboost|p2b: Riolu|atk|1\n|turn|1\n|\n|t:|1770682969\n|move|p2b: Riolu|Coaching|p2a: Calyrex\n|-boost|p2a: Calyrex|atk|1\n|-boost|p2a: Calyrex|def|1\n|move|p1b: Incineroar|Flare Blitz|p2b: Riolu\n|-damage|p2b: Riolu|13/100\n|-damage|p1b: Incineroar|79/100|[from] Recoil\n|move|p1a: Calyrex|Glacial Lance|p2a: Calyrex|[spread] p2a,p2b\n|-resisted|p2a: Calyrex\n|-damage|p2a: Calyrex|91/100\n|-damage|p2b: Riolu|0 fnt\n|faint|p2b: Riolu\n|-ability|p1a: Calyrex|Chilling Neigh|boost\n|-boost|p1a: Calyrex|atk|1\n|move|p2a: Calyrex|High Horsepower|p1b: Incineroar\n|-supereffective|p1b: Incineroar\n|-crit|p1b: Incineroar\n|-damage|p1b: Incineroar|0 fnt\n|faint|p1b: Incineroar\n|-ability|p2a: Calyrex|Chilling Neigh|boost\n|-boost|p2a: Calyrex|atk|1\n|\n|upkeep\n|\n|t:|1770683006\n|switch|p2b: Urshifu|Urshifu-Rapid-Strike, L50, M|100/100\n|switch|p1b: Iron Hands|Iron Hands, L50|100/100\n|turn|2\n|\n|t:|1770683033\n|switch|p2b: Zamazenta|Zamazenta-Crowned, L50, shiny|100/100\n|-ability|p2b: Zamazenta|Dauntless Shield|boost\n|-boost|p2b: Zamazenta|def|1\n|move|p2a: Calyrex|Protect|p2a: Calyrex\n|-singleturn|p2a: Calyrex|Protect\n|move|p1b: Iron Hands|Fake Out|p2a: Calyrex\n|-activate|p2a: Calyrex|move: Protect\n|move|p1a: Calyrex|Leech Seed|p2a: Calyrex\n|-activate|p2a: Calyrex|move: Protect\n|\n|upkeep\n|turn|3\n|\n|t:|1770683047\n|-terastallize|p2a: Calyrex|Ground\n|move|p2b: Zamazenta|Body Press|p1a: Calyrex\n|-damage|p1a: Calyrex|68/100\n|move|p1b: Iron Hands|Low Kick|p2b: Zamazenta\n|-supereffective|p2b: Zamazenta\n|-damage|p2b: Zamazenta|40/100\n|move|p1a: Calyrex|Leech Seed|p2a: Calyrex\n|-start|p2a: Calyrex|move: Leech Seed\n|move|p2a: Calyrex|High Horsepower|p1a: Calyrex\n|-damage|p1a: Calyrex|13/100\n|\n|-heal|p1a: Calyrex|18/100|[from] item: Leftovers\n|-damage|p2a: Calyrex|79/100|[from] Leech Seed|[of] p1a: Calyrex\n|-heal|p1a: Calyrex|30/100|[silent]\n|upkeep\n|turn|4\n|\n|t:|1770683069\n|move|p2b: Zamazenta|Protect|p2b: Zamazenta\n|-singleturn|p2b: Zamazenta|Protect\n|move|p1a: Calyrex|Protect|p1a: Calyrex\n|-singleturn|p1a: Calyrex|Protect\n|move|p1b: Iron Hands|Low Kick|p2b: Zamazenta\n|-activate|p2b: Zamazenta|move: Protect\n|move|p2a: Calyrex|Glacial Lance|p1a: Calyrex|[spread] p1b\n|-activate|p1a: Calyrex|move: Protect\n|-damage|p1b: Iron Hands|29/100\n|\n|-heal|p1a: Calyrex|36/100|[from] item: Leftovers\n|-damage|p2a: Calyrex|66/100|[from] Leech Seed|[of] p1a: Calyrex\n|-heal|p1a: Calyrex|48/100|[silent]\n|upkeep\n|turn|5\n|\n|t:|1770683088\n|move|p2b: Zamazenta|Body Press|p1b: Iron Hands\n|-damage|p1b: Iron Hands|0 fnt\n|faint|p1b: Iron Hands\n|-end|p1b: Iron Hands|Quark Drive|[silent]\n|move|p1a: Calyrex|Glacial Lance|p2b: Zamazenta|[spread] p2a,p2b\n|-supereffective|p2a: Calyrex\n|-resisted|p2b: Zamazenta\n|-damage|p2a: Calyrex|5/100\n|-damage|p2b: Zamazenta|25/100\n|move|p2a: Calyrex|Glacial Lance|p1a: Calyrex\n|-resisted|p1a: Calyrex\n|-damage|p1a: Calyrex|10/100\n|\n|-heal|p1a: Calyrex|16/100|[from] item: Leftovers\n|-damage|p2a: Calyrex|0 fnt|[from] Leech Seed|[of] p1a: Calyrex\n|-heal|p1a: Calyrex|21/100|[silent]\n|faint|p2a: Calyrex\n|upkeep\n|\n|t:|1770683102\n|switch|p1b: Groudon|Groudon, L50, shiny|100/100\n|switch|p2a: Urshifu|Urshifu-Rapid-Strike, L50, M|100/100\n|-weather|SunnyDay|[from] ability: Drought|[of] p1b: Groudon\n|turn|6\n|\n|t:|1770683112\n|move|p2a: Urshifu|Close Combat|p1b: Groudon\n|-damage|p1b: Groudon|59/100\n|-unboost|p2a: Urshifu|def|1\n|-unboost|p2a: Urshifu|spd|1\n|move|p2b: Zamazenta|Body Press|p1b: Groudon\n|-damage|p1b: Groudon|13/100\n|-enditem|p1b: Groudon|Sitrus Berry|[eat]\n|-heal|p1b: Groudon|38/100|[from] item: Sitrus Berry\n|move|p1b: Groudon|Fire Punch|p2b: Zamazenta\n|-supereffective|p2b: Zamazenta\n|-damage|p2b: Zamazenta|0 fnt\n|faint|p2b: Zamazenta\n|move|p1a: Calyrex|Glacial Lance|p2a: Urshifu\n|-resisted|p2a: Urshifu\n|-damage|p2a: Urshifu|24/100\n|\n|-weather|SunnyDay|[upkeep]\n|-heal|p1a: Calyrex|27/100|[from] item: Leftovers\n|upkeep\n|turn|7\n|-message|alexit93 forfeited.\n|\n|win|MSANTOSE\n|raw|MSANTOSE's rating: 1308 &rarr; <strong>1334</strong><br />(+26 for winning)\n|raw|alexit93's rating: 1421 &rarr; <strong>1395</strong><br />(-26 for losing)\n|l|\u2606alexit93\n|player|p2|\n|l|\u2606MSANTOSE\n|player|p1|\n","uploadtime":1770683349,"views":11,"formatid":"gen9vgc2026regi","rating":1334,"private":0,"password":null}