{"id":"gen9vgc2026regi-2588249041","format":"[Gen 9] VGC 2026 Reg I","players":["Harry Koekenpan","vir.nagpal"],"log":"|j|\u2606Harry Koekenpan\n|j|\u2606vir.nagpal\n|t:|1776617963\n|gametype|doubles\n|player|p1|Harry Koekenpan|102|1355\n|player|p2|vir.nagpal|giovanni|1381\n|gen|9\n|tier|[Gen 9] VGC 2026 Reg I\n|rated|\n|rule|Species Clause: Limit one of each Pok\u00e9mon\n|rule|Item Clause: Limit 1 of each item\n|clearpoke\n|poke|p1|Weezing-Galar, L50, M|\n|poke|p1|Calyrex-Shadow, L50|\n|poke|p1|Regigigas, L50|\n|poke|p1|Koraidon, L50|\n|poke|p1|Chi-Yu, L50|\n|poke|p1|Brute Bonnet, L50|\n|poke|p2|Calyrex-Ice, L50|\n|poke|p2|Kyogre, L50|\n|poke|p2|Indeedee-F, L50, F|\n|poke|p2|Slowbro, L50, F|\n|poke|p2|Thundurus, L50, M|\n|poke|p2|Hitmontop, L50, M|\n|teampreview|4\n|inactive|Battle timer is ON: inactive players will automatically lose when time's up. (requested by vir.nagpal)\n|inactive|vir.nagpal has 60 seconds left.\n|inactive|vir.nagpal has 30 seconds left.\n|inactive|vir.nagpal has 20 seconds left.\n|inactive|vir.nagpal has 15 seconds left.\n|inactive|vir.nagpal has 10 seconds left.\n|inactive|vir.nagpal has 5 seconds left.\n|\n|t:|1776618055\n|teamsize|p1|4\n|teamsize|p2|4\n|start\n|switch|p1a: Brute Bonnet|Brute Bonnet, L50|100/100\n|switch|p1b: Calyrex|Calyrex-Shadow, L50|100/100\n|switch|p2a: Kyogre|Kyogre, L50, shiny|100/100\n|switch|p2b: Indeedee|Indeedee-F, L50, F|100/100\n|-ability|p1b: Calyrex|As One\n|-ability|p1b: Calyrex|Unnerve\n|-weather|RainDance|[from] ability: Drizzle|[of] p2a: Kyogre\n|-fieldstart|move: Psychic Terrain|[from] ability: Psychic Surge|[of] p2b: Indeedee\n|turn|1\n|inactive|vir.nagpal has 30 seconds left.\n|\n|t:|1776618089\n|move|p2a: Kyogre|Protect|p2a: Kyogre\n|-singleturn|p2a: Kyogre|Protect\n|move|p1b: Calyrex|Astral Barrage|p2a: Kyogre|[spread] \n|-activate|p2a: Kyogre|move: Protect\n|-immune|p2b: Indeedee\n|move|p1a: Brute Bonnet|Spore|p2b: Indeedee\n|-status|p2b: Indeedee|slp|[from] move: Spore\n|cant|p2b: Indeedee|slp\n|\n|-weather|RainDance|[upkeep]\n|upkeep\n|turn|2\n|inactive|vir.nagpal has 30 seconds left.\n|\n|t:|1776618116\n|switch|p2a: Thundurus|Thundurus, L50, M, shiny|100/100\n|move|p1b: Calyrex|Astral Barrage|p2b: Indeedee|[spread] p2a\n|-immune|p2b: Indeedee\n|-damage|p2a: Thundurus|14/100\n|-damage|p1b: Calyrex|91/100|[from] item: Life Orb\n|move|p1a: Brute Bonnet|Seed Bomb|p2a: Thundurus\n|-resisted|p2a: Thundurus\n|-damage|p2a: Thundurus|0 fnt\n|faint|p2a: Thundurus\n|-curestatus|p2b: Indeedee|slp|[msg]\n|move|p2b: Indeedee|Trick Room|p2b: Indeedee\n|-fieldstart|move: Trick Room|[of] p2b: Indeedee\n|\n|-weather|RainDance|[upkeep]\n|upkeep\n|\n|t:|1776618131\n|switch|p2a: Calyrex|Calyrex-Ice, L50|100/100\n|-ability|p2a: Calyrex|As One\n|-ability|p2a: Calyrex|Unnerve\n|turn|3\n|\n|t:|1776618142\n|-terastallize|p1a: Brute Bonnet|Water\n|move|p2b: Indeedee|Helping Hand|p2a: Calyrex\n|-singleturn|p2a: Calyrex|Helping Hand|[of] p2b: Indeedee\n|move|p1b: Calyrex|Protect|p1b: Calyrex\n|-singleturn|p1b: Calyrex|Protect\n|move|p2a: Calyrex|Glacial Lance|p1b: Calyrex|[spread] p1a\n|-activate|p1b: Calyrex|move: Protect\n|-resisted|p1a: Brute Bonnet\n|-damage|p1a: Brute Bonnet|67/100\n|move|p1a: Brute Bonnet|Spore|p2a: Calyrex\n|-status|p2a: Calyrex|slp|[from] move: Spore\n|\n|-weather|RainDance|[upkeep]\n|upkeep\n|turn|4\n|inactive|vir.nagpal has 30 seconds left.\n|inactive|vir.nagpal has 20 seconds left.\n|inactive|vir.nagpal has 15 seconds left.\n|inactive|vir.nagpal has 10 seconds left.\n|inactive|vir.nagpal has 5 seconds left.\n|\n|t:|1776618197\n|move|p2b: Indeedee|Follow Me|p2b: Indeedee\n|-singleturn|p2b: Indeedee|move: Follow Me\n|cant|p2a: Calyrex|slp\n|move|p1a: Brute Bonnet|Spore|p2b: Indeedee\n|-status|p2b: Indeedee|slp|[from] move: Spore\n|move|p1b: Calyrex|Astral Barrage|p2b: Indeedee|[spread] p2a\n|-immune|p2b: Indeedee\n|-supereffective|p2a: Calyrex\n|-damage|p2a: Calyrex|4/100 slp\n|-damage|p1b: Calyrex|81/100|[from] item: Life Orb\n|\n|-weather|RainDance|[upkeep]\n|upkeep\n|turn|5\n|-message|vir.nagpal forfeited.\n|\n|win|Harry Koekenpan\n|raw|Harry Koekenpan's rating: 1355 &rarr; <strong>1376</strong><br />(+21 for winning)\n|raw|vir.nagpal's rating: 1381 &rarr; <strong>1360</strong><br />(-21 for losing)\n|l|\u2606vir.nagpal\n|player|p2|\n|l|\u2606Harry Koekenpan\n|player|p1|\n","uploadtime":1776618405,"views":8,"formatid":"gen9vgc2026regi","rating":1360,"private":0,"password":null}