{"id":"gen9vgc2026regi-2538802442","format":"[Gen 9] VGC 2026 Reg I","players":["marcxhenry","mikachu83983"],"log":"|j|\u2606marcxhenry\n|j|\u2606mikachu83983\n|t:|1770977322\n|gametype|doubles\n|player|p1|marcxhenry|hilbert-wonderlauncher|1430\n|player|p2|mikachu83983|brock|1559\n|gen|9\n|tier|[Gen 9] VGC 2026 Reg I\n|rated|\n|rule|Species Clause: Limit one of each Pok\u00e9mon\n|rule|Item Clause: Limit 1 of each item\n|clearpoke\n|poke|p1|Calyrex-Shadow, L50|\n|poke|p1|Urshifu-*, L50, M|\n|poke|p1|Roaring Moon, L50|\n|poke|p1|Kyogre, L50|\n|poke|p1|Tsareena, L50, F|\n|poke|p1|Kingambit, L50, M|\n|poke|p2|Koraidon, L50|\n|poke|p2|Calyrex-Shadow, L50|\n|poke|p2|Scream Tail, L50|\n|poke|p2|Amoonguss, L50, M|\n|poke|p2|Flutter Mane, L50|\n|poke|p2|Incineroar, L50, F|\n|teampreview|4\n|inactive|Battle timer is ON: inactive players will automatically lose when time's up. (requested by marcxhenry)\n|\n|t:|1770977393\n|teamsize|p1|4\n|teamsize|p2|4\n|start\n|switch|p1a: Ludwig|Calyrex-Shadow, L50|100/100\n|switch|p1b: Tripitz|Kyogre, L50, shiny|100/100\n|switch|p2a: Spectral Stallion|Calyrex-Shadow, L50|100/100\n|switch|p2b: Hypnotic Hyphae|Amoonguss, L50, M, shiny|100/100\n|-ability|p1a: Ludwig|As One\n|-ability|p1a: Ludwig|Unnerve\n|-ability|p2a: Spectral Stallion|As One\n|-ability|p2a: Spectral Stallion|Unnerve\n|-weather|RainDance|[from] ability: Drizzle|[of] p1b: Tripitz\n|turn|1\n|inactive|mikachu83983 has 30 seconds left.\n|\n|t:|1770977427\n|-terastallize|p2a: Spectral Stallion|Water\n|move|p1a: Ludwig|Protect|p1a: Ludwig\n|-singleturn|p1a: Ludwig|Protect\n|move|p1b: Tripitz|Protect|p1b: Tripitz\n|-singleturn|p1b: Tripitz|Protect\n|move|p2a: Spectral Stallion|Astral Barrage|p1b: Tripitz|[spread] \n|-activate|p1a: Ludwig|move: Protect\n|-activate|p1b: Tripitz|move: Protect\n|move|p2b: Hypnotic Hyphae|Spore|p1b: Tripitz\n|-activate|p1b: Tripitz|move: Protect\n|\n|-weather|RainDance|[upkeep]\n|upkeep\n|turn|2\n|inactive|marcxhenry has 30 seconds left.\n|inactive|mikachu83983 has 30 seconds left.\n|\n|t:|1770977453\n|-terastallize|p1a: Ludwig|Normal\n|move|p1a: Ludwig|Psychic|p2b: Hypnotic Hyphae\n|-supereffective|p2b: Hypnotic Hyphae\n|-damage|p2b: Hypnotic Hyphae|0 fnt\n|faint|p2b: Hypnotic Hyphae\n|-ability|p1a: Ludwig|Grim Neigh|boost\n|-boost|p1a: Ludwig|spa|1\n|move|p2a: Spectral Stallion|Astral Barrage|p1a: Ludwig|[spread] p1b\n|-immune|p1a: Ludwig\n|-damage|p1b: Tripitz|49/100\n|move|p1b: Tripitz|Origin Pulse|p2a: Spectral Stallion|[miss]\n|-miss|p1b: Tripitz|p2a: Spectral Stallion\n|\n|-weather|RainDance|[upkeep]\n|upkeep\n|inactive|mikachu83983 has 30 seconds left.\n|\n|t:|1770977480\n|switch|p2b: Mesozoic Menace|Flutter Mane, L50|100/100\n|turn|3\n|\n|t:|1770977485\n|switch|p1b: Hermann|Kingambit, L50, M, shiny|100/100\n|move|p1a: Ludwig|Protect|p1a: Ludwig\n|-singleturn|p1a: Ludwig|Protect\n|move|p2a: Spectral Stallion|Astral Barrage|p1b: Hermann|[spread] p1b\n|-activate|p1a: Ludwig|move: Protect\n|-resisted|p1b: Hermann\n|-damage|p1b: Hermann|79/100\n|move|p2b: Mesozoic Menace|Icy Wind|p1b: Hermann|[spread] p1b\n|-activate|p1a: Ludwig|move: Protect\n|-resisted|p1b: Hermann\n|-damage|p1b: Hermann|73/100\n|-unboost|p1b: Hermann|spe|1\n|-ability|p1b: Hermann|Defiant|boost\n|-boost|p1b: Hermann|atk|2\n|\n|-weather|RainDance|[upkeep]\n|upkeep\n|turn|4\n|inactive|marcxhenry has 30 seconds left.\n|inactive|mikachu83983 has 30 seconds left.\n|\n|t:|1770977518\n|-end|p2b: Mesozoic Menace|Protosynthesis|[silent]\n|switch|p2b: Primal Predator|Koraidon, L50, shiny|100/100\n|-weather|SunnyDay|[from] ability: Orichalcum Pulse|[of] p2b: Primal Predator\n|-activate|p2b: Primal Predator|Orichalcum Pulse|[source]\n|move|p1b: Hermann|Sucker Punch||[still]\n|-fail|p1b: Hermann\n|move|p2a: Spectral Stallion|Pollen Puff|p1a: Ludwig\n|-damage|p1a: Ludwig|65/100\n|move|p1a: Ludwig|Trick Room|p1a: Ludwig\n|-fieldstart|move: Trick Room|[of] p1a: Ludwig\n|\n|-weather|SunnyDay|[upkeep]\n|upkeep\n|turn|5\n|inactive|marcxhenry has 30 seconds left.\n|inactive|mikachu83983 has 30 seconds left.\n|inactive|mikachu83983 has 20 seconds left.\n|inactive|mikachu83983 has 15 seconds left.\n|inactive|mikachu83983 has 10 seconds left.\n|inactive|mikachu83983 has 5 seconds left.\n|\n|t:|1770977569\n|switch|p1a: Hitmonshe|Tsareena, L50, F, shiny|100/100\n|move|p1b: Hermann|Iron Head|p2b: Primal Predator\n|-damage|p2b: Primal Predator|22/100\n|cant|p2b: Primal Predator|flinch\n|move|p2a: Spectral Stallion|Pollen Puff|p1a: Hitmonshe\n|-supereffective|p1a: Hitmonshe\n|-damage|p1a: Hitmonshe|15/100\n|\n|-weather|SunnyDay|[upkeep]\n|upkeep\n|turn|6\n|inactive|mikachu83983 has 30 seconds left.\n|\n|t:|1770977603\n|move|p1b: Hermann|Kowtow Cleave|p2b: Primal Predator\n|-resisted|p2b: Primal Predator\n|-damage|p2b: Primal Predator|0 fnt\n|faint|p2b: Primal Predator\n|move|p1a: Hitmonshe|Power Whip|p2a: Spectral Stallion\n|-supereffective|p2a: Spectral Stallion\n|-damage|p2a: Spectral Stallion|0 fnt\n|faint|p2a: Spectral Stallion\n|\n|-weather|SunnyDay|[upkeep]\n|upkeep\n|\n|t:|1770977608\n|switch|p2b: Mesozoic Menace|Flutter Mane, L50|100/100\n|-activate|p2b: Mesozoic Menace|ability: Protosynthesis\n|-start|p2b: Mesozoic Menace|protosynthesisspe\n|turn|7\n|\n|t:|1770977616\n|move|p1b: Hermann|Iron Head|p2b: Mesozoic Menace\n|-supereffective|p2b: Mesozoic Menace\n|-enditem|p2b: Mesozoic Menace|Focus Sash\n|-damage|p2b: Mesozoic Menace|1/100\n|move|p1a: Hitmonshe|Triple Axel|p2b: Mesozoic Menace\n|-damage|p2b: Mesozoic Menace|0 fnt\n|faint|p2b: Mesozoic Menace\n|-end|p2b: Mesozoic Menace|Protosynthesis|[silent]\n|-hitcount|p2: Mesozoic Menace|1\n|\n|win|marcxhenry\n|raw|marcxhenry's rating: 1430 &rarr; <strong>1457</strong><br />(+27 for winning)\n|raw|mikachu83983's rating: 1559 &rarr; <strong>1532</strong><br />(-27 for losing)\n|l|\u2606mikachu83983\n|player|p2|\n|l|\u2606marcxhenry\n|player|p1|\n","uploadtime":1770977831,"views":35,"formatid":"gen9vgc2026regi","rating":1457,"private":0,"password":null}