{"id":"gen9vgc2026regi-2587939569","format":"[Gen 9] VGC 2026 Reg I","players":["cubechobab","lyxxx"],"log":"|j|\u2606cubechobab\n|j|\u2606lyxxx\n|t:|1776582008\n|gametype|doubles\n|player|p1|cubechobab|benga|1487\n|player|p2|lyxxx|101|1731\n|gen|9\n|tier|[Gen 9] VGC 2026 Reg I\n|rated|\n|rule|Species Clause: Limit one of each Pok\u00e9mon\n|rule|Item Clause: Limit 1 of each item\n|clearpoke\n|poke|p1|Zacian-*, L50|\n|poke|p1|Kyogre, L50|\n|poke|p1|Whimsicott, L50, F|\n|poke|p1|Chien-Pao, L50|\n|poke|p1|Raging Bolt, L50|\n|poke|p1|Urshifu-*, L50, M|\n|poke|p2|Calyrex-Ice, L50|\n|poke|p2|Kyogre, L50|\n|poke|p2|Smeargle, L50, M|\n|poke|p2|Indeedee-F, L50, F|\n|poke|p2|Urshifu-*, L50, M|\n|poke|p2|Landorus, L50, M|\n|teampreview|4\n|inactive|Battle timer is ON: inactive players will automatically lose when time's up. (requested by lyxxx)\n|\n|t:|1776582024\n|teamsize|p1|4\n|teamsize|p2|4\n|start\n|switch|p1a: Kyogre|Kyogre, L50|100/100\n|switch|p1b: Whimsicott|Whimsicott, L50, F, shiny|100/100\n|switch|p2a: Calyrex|Calyrex-Ice, L50|100/100\n|switch|p2b: Smeargle|Smeargle, L50, M|100/100\n|-ability|p2a: Calyrex|As One\n|-ability|p2a: Calyrex|Unnerve\n|-weather|RainDance|[from] ability: Drizzle|[of] p1a: Kyogre\n|turn|1\n|\n|t:|1776582045\n|move|p2b: Smeargle|Wide Guard|p2b: Smeargle\n|-singleturn|p2b: Smeargle|Wide Guard\n|move|p1b: Whimsicott|Moonblast|p2b: Smeargle\n|-damage|p2b: Smeargle|24/100\n|-unboost|p2b: Smeargle|spa|1\n|move|p1a: Kyogre|Water Spout|p2a: Calyrex|[spread] \n|-activate|p2a: Calyrex|move: Wide Guard\n|-activate|p2b: Smeargle|move: Wide Guard\n|move|p2a: Calyrex|Glacial Lance|p1b: Whimsicott|[spread] p1a,p1b\n|-resisted|p1a: Kyogre\n|-supereffective|p1b: Whimsicott\n|-damage|p1a: Kyogre|69/100\n|-enditem|p1b: Whimsicott|Focus Sash\n|-damage|p1b: Whimsicott|1/100\n|\n|-weather|RainDance|[upkeep]\n|-ability|p2b: Smeargle|Moody|boost\n|-boost|p2b: Smeargle|def|2\n|-unboost|p2b: Smeargle|spd|1\n|upkeep\n|turn|2\n|inactive|cubechobab has 30 seconds left.\n|inactive|lyxxx has 30 seconds left.\n|inactive|cubechobab has 20 seconds left.\n|inactive|cubechobab has 15 seconds left.\n|\n|t:|1776582087\n|-terastallize|p2a: Calyrex|Grass\n|move|p2b: Smeargle|Wide Guard|p2b: Smeargle\n|-singleturn|p2b: Smeargle|Wide Guard\n|move|p1b: Whimsicott|Encore|p2b: Smeargle\n|-start|p2b: Smeargle|Encore\n|move|p1a: Kyogre|Thunder|p2a: Calyrex\n|-resisted|p2a: Calyrex\n|-crit|p2a: Calyrex\n|-damage|p2a: Calyrex|78/100\n|-status|p2a: Calyrex|par\n|move|p2a: Calyrex|Trick Room|p2a: Calyrex\n|-fieldstart|move: Trick Room|[of] p2a: Calyrex\n|\n|-weather|RainDance|[upkeep]\n|-ability|p2b: Smeargle|Moody|boost\n|-boost|p2b: Smeargle|spa|2\n|-unboost|p2b: Smeargle|spe|1\n|upkeep\n|turn|3\n|inactive|lyxxx has 30 seconds left.\n|\n|t:|1776582115\n|switch|p2a: Urshifu|Urshifu-Rapid-Strike, L50, M|100/100\n|move|p2b: Smeargle|Wide Guard|p2b: Smeargle\n|-singleturn|p2b: Smeargle|Wide Guard\n|move|p1b: Whimsicott|Encore||[still]\n|-fail|p1b: Whimsicott\n|move|p1a: Kyogre|Thunder|p2b: Smeargle\n|-damage|p2b: Smeargle|0 fnt\n|faint|p2b: Smeargle\n|\n|-weather|RainDance|[upkeep]\n|upkeep\n|\n|t:|1776582129\n|switch|p2b: Kyogre|Kyogre, L50|100/100\n|turn|4\n|inactive|cubechobab has 30 seconds left.\n|inactive|cubechobab has 20 seconds left.\n|inactive|cubechobab has 15 seconds left.\n|inactive|cubechobab has 10 seconds left.\n|inactive|cubechobab has 5 seconds left.\n|\n|t:|1776582180\n|move|p2b: Kyogre|Water Spout|p1a: Kyogre|[spread] p1a,p1b\n|-resisted|p1a: Kyogre\n|-crit|p1a: Kyogre\n|-resisted|p1b: Whimsicott\n|-damage|p1a: Kyogre|6/100\n|-damage|p1b: Whimsicott|0 fnt\n|faint|p1b: Whimsicott\n|move|p2a: Urshifu|Surging Strikes|p1a: Kyogre\n|-resisted|p1a: Kyogre\n|-crit|p1a: Kyogre\n|-damage|p1a: Kyogre|0 fnt\n|faint|p1a: Kyogre\n|-hitcount|p1: Kyogre|1\n|\n|-weather|RainDance|[upkeep]\n|upkeep\n|\n|t:|1776582187\n|switch|p1a: Chien-Pao|Chien-Pao, L50, shiny|100/100\n|switch|p1b: Zacian|Zacian-Crowned, L50, shiny|100/100\n|-ability|p1a: Chien-Pao|Sword of Ruin\n|-ability|p1b: Zacian|Intrepid Sword|boost\n|-boost|p1b: Zacian|atk|1\n|turn|5\n|-message|cubechobab forfeited.\n|\n|win|lyxxx\n|raw|cubechobab's rating: 1487 &rarr; <strong>1479</strong><br />(-8 for losing)\n|raw|lyxxx's rating: 1731 &rarr; <strong>1739</strong><br />(+8 for winning)\n|l|\u2606cubechobab\n|player|p1|\n|l|\u2606lyxxx\n|player|p2|\n","uploadtime":1776582417,"views":14,"formatid":"gen9vgc2026regi","rating":1479,"private":0,"password":null}