{"id":"gen9vgc2026regi-2524614575","format":"[Gen 9] VGC 2026 Reg I","players":["suc vat vk","1zha"],"log":"|j|\u2606suc vat vk\n|j|\u26061zha\n|t:|1769176216\n|gametype|doubles\n|player|p1|suc vat vk|kimonogirl|1242\n|player|p2|1zha|1|1336\n|gen|9\n|tier|[Gen 9] VGC 2026 Reg I\n|rated|\n|rule|Species Clause: Limit one of each Pok\u00e9mon\n|rule|Item Clause: Limit 1 of each item\n|clearpoke\n|poke|p1|Giratina-Origin, L50|\n|poke|p1|Incineroar, L50, M|\n|poke|p1|Urshifu-*, L50, F|\n|poke|p1|Pelipper, L50, F|\n|poke|p1|Zacian-*, L50|\n|poke|p1|Amoonguss, L50, F|\n|poke|p2|Miraidon, L50|\n|poke|p2|Incineroar, L50, F|\n|poke|p2|Thundurus, L50, M|\n|poke|p2|Ogerpon-Cornerstone, L50, F|\n|poke|p2|Oranguru, L50, M|\n|poke|p2|Calyrex-Shadow, L50|\n|teampreview|4\n|inactive|Battle timer is ON: inactive players will automatically lose when time's up. (requested by 1zha)\n|\n|t:|1769176259\n|teamsize|p1|4\n|teamsize|p2|4\n|start\n|switch|p1a: Incineroar|Incineroar, L50, M, shiny|100/100\n|switch|p1b: Giratina|Giratina-Origin, L50, shiny|100/100\n|switch|p2a: Miraidon|Miraidon, L50|100/100\n|switch|p2b: Oranguru|Oranguru, L50, M|100/100\n|-fieldstart|move: Electric Terrain|[from] ability: Hadron Engine|[of] p2a: Miraidon\n|-enditem|p2a: Miraidon|Electric Seed\n|-boost|p2a: Miraidon|def|1|[from] item: Electric Seed\n|-activate|p2b: Oranguru|ability: Symbiosis|Covert Cloak|[of] p2a: Miraidon\n|-ability|p1a: Incineroar|Intimidate|boost\n|-unboost|p2a: Miraidon|atk|1\n|-unboost|p2b: Oranguru|atk|1\n|turn|1\n|\n|t:|1769176275\n|-terastallize|p2a: Miraidon|Fairy\n|move|p2a: Miraidon|Calm Mind|p2a: Miraidon\n|-boost|p2a: Miraidon|spa|1\n|-boost|p2a: Miraidon|spd|1\n|move|p1b: Giratina|Shadow Force||[still]\n|-prepare|p1b: Giratina|Shadow Force\n|move|p2b: Oranguru|Instruct|p2a: Miraidon\n|-singleturn|p2a: Miraidon|move: Instruct|[of] p2b: Oranguru\n|move|p2a: Miraidon|Calm Mind|p2a: Miraidon\n|-boost|p2a: Miraidon|spa|1\n|-boost|p2a: Miraidon|spd|1\n|move|p1a: Incineroar|Knock Off|p2a: Miraidon\n|-resisted|p2a: Miraidon\n|-damage|p2a: Miraidon|89/100\n|-enditem|p2a: Miraidon|Covert Cloak|[from] move: Knock Off|[of] p1a: Incineroar\n|\n|upkeep\n|turn|2\n|\n|t:|1769176291\n|move|p2a: Miraidon|Calm Mind|p2a: Miraidon\n|-boost|p2a: Miraidon|spa|1\n|-boost|p2a: Miraidon|spd|1\n|move|p1b: Giratina|Shadow Force|p2a: Miraidon|[from] lockedmove\n|-damage|p2a: Miraidon|48/100\n|move|p2b: Oranguru|Instruct|p2a: Miraidon\n|-singleturn|p2a: Miraidon|move: Instruct|[of] p2b: Oranguru\n|move|p2a: Miraidon|Calm Mind|p2a: Miraidon\n|-boost|p2a: Miraidon|spa|1\n|-boost|p2a: Miraidon|spd|1\n|move|p1a: Incineroar|U-turn|p2b: Oranguru\n|-supereffective|p2b: Oranguru\n|-damage|p2b: Oranguru|54/100\n|\n|t:|1769176302\n|switch|p1a: Zacian|Zacian-Crowned, L50, shiny|100/100|[from] U-turn\n|-ability|p1a: Zacian|Intrepid Sword|boost\n|-boost|p1a: Zacian|atk|1\n|\n|upkeep\n|turn|3\n|\n|t:|1769176309\n|move|p2a: Miraidon|Protect|p2a: Miraidon\n|-singleturn|p2a: Miraidon|Protect\n|move|p1a: Zacian|Behemoth Blade|p2a: Miraidon\n|-activate|p2a: Miraidon|move: Protect\n|move|p2b: Oranguru|Bulldoze|p1b: Giratina|[spread] p1a\n|-activate|p2a: Miraidon|move: Protect\n|-immune|p1b: Giratina|[from] ability: Levitate\n|-supereffective|p1a: Zacian\n|-damage|p1a: Zacian|94/100\n|-unboost|p1a: Zacian|spe|1\n|move|p1b: Giratina|Dragon Claw|p2b: Oranguru\n|-damage|p2b: Oranguru|0 fnt\n|faint|p2b: Oranguru\n|\n|upkeep\n|\n|t:|1769176321\n|switch|p2b: Incineroar|Incineroar, L50, F|100/100\n|-ability|p2b: Incineroar|Intimidate|boost\n|-unboost|p1a: Zacian|atk|1\n|-unboost|p1b: Giratina|atk|1\n|turn|4\n|\n|t:|1769176329\n|switch|p1a: Incineroar|Incineroar, L50, M, shiny|100/100\n|-ability|p1a: Incineroar|Intimidate|boost\n|-unboost|p2a: Miraidon|atk|1\n|-unboost|p2b: Incineroar|atk|1\n|move|p1b: Giratina|Protect|p1b: Giratina\n|-singleturn|p1b: Giratina|Protect\n|move|p2b: Incineroar|Fake Out|p1a: Incineroar\n|-damage|p1a: Incineroar|94/100\n|move|p2a: Miraidon|Parabolic Charge|p1b: Giratina|[spread] p2b,p1a\n|-activate|p1b: Giratina|move: Protect\n|-damage|p2b: Incineroar|0 fnt\n|-heal|p2a: Miraidon|97/100|[from] drain|[of] p2b: Incineroar\n|-damage|p1a: Incineroar|24/100\n|-heal|p2a: Miraidon|100/100|[from] drain|[of] p1a: Incineroar\n|faint|p2b: Incineroar\n|\n|upkeep\n|\n|t:|1769176343\n|switch|p2b: Calyrex|Calyrex-Shadow, L50|100/100\n|-ability|p2b: Calyrex|As One\n|-ability|p2b: Calyrex|Unnerve\n|turn|5\n|\n|t:|1769176354\n|move|p1b: Giratina|Shadow Sneak|p2b: Calyrex\n|-supereffective|p2b: Calyrex\n|-damage|p2b: Calyrex|9/100\n|move|p2b: Calyrex|Astral Barrage|p1a: Incineroar|[spread] p1a,p1b\n|-resisted|p1a: Incineroar\n|-supereffective|p1b: Giratina\n|-damage|p1a: Incineroar|7/100\n|-damage|p1b: Giratina|21/100\n|move|p2a: Miraidon|Dragon Pulse|p1b: Giratina\n|-supereffective|p1b: Giratina\n|-damage|p1b: Giratina|0 fnt\n|faint|p1b: Giratina\n|move|p1a: Incineroar|U-turn|p2b: Calyrex\n|-damage|p2b: Calyrex|0 fnt\n|faint|p2b: Calyrex\n|\n|t:|1769176361\n|switch|p1a: Urshifu|Urshifu-Rapid-Strike, L50, F|100/100|[from] U-turn\n|\n|-fieldend|move: Electric Terrain\n|upkeep\n|\n|t:|1769176364\n|switch|p1b: Zacian|Zacian-Crowned, L50, shiny|94/100\n|turn|6\n|\n|t:|1769176369\n|-terastallize|p1a: Urshifu|Water\n|move|p1a: Urshifu|Surging Strikes|p2a: Miraidon\n|-crit|p2a: Miraidon\n|-damage|p2a: Miraidon|76/100\n|-crit|p2a: Miraidon\n|-damage|p2a: Miraidon|54/100\n|-crit|p2a: Miraidon\n|-damage|p2a: Miraidon|31/100\n|-hitcount|p2a: Miraidon|3\n|move|p1b: Zacian|Behemoth Blade|p2a: Miraidon\n|-supereffective|p2a: Miraidon\n|-damage|p2a: Miraidon|0 fnt\n|faint|p2a: Miraidon\n|\n|win|suc vat vk\n|raw|suc vat vk's rating: 1242 &rarr; <strong>1274</strong><br />(+32 for winning)\n|raw|1zha's rating: 1336 &rarr; <strong>1311</strong><br />(-25 for losing)\n|l|\u26061zha\n|player|p2|\n|l|\u2606suc vat vk\n|player|p1|\n","uploadtime":1769176600,"views":13,"formatid":"gen9vgc2026regi","rating":1274,"private":0,"password":null}