{"id":"gen9vgc2026regi-2541963876","format":"[Gen 9] VGC 2026 Reg I","players":["klanes1209","ryo8989"],"log":"|j|\u2606klanes1209\n|j|\u2606ryo8989\n|t:|1771391050\n|gametype|doubles\n|player|p1|klanes1209|102|1274\n|player|p2|ryo8989|erika|1438\n|gen|9\n|tier|[Gen 9] VGC 2026 Reg I\n|rated|\n|rule|Species Clause: Limit one of each Pok\u00e9mon\n|rule|Item Clause: Limit 1 of each item\n|clearpoke\n|poke|p1|Koraidon, L50|\n|poke|p1|Lunala, L50|\n|poke|p1|Flutter Mane, L50|\n|poke|p1|Chi-Yu, L50|\n|poke|p1|Raging Bolt, L50|\n|poke|p1|Ursaluna, L50, F|\n|poke|p2|Calyrex-Ice, L50|\n|poke|p2|Miraidon, L50|\n|poke|p2|Incineroar, L50, M|\n|poke|p2|Farigiraf, L50, F|\n|poke|p2|Urshifu-*, L50, M|\n|poke|p2|Whimsicott, L50, F|\n|teampreview|4\n|inactive|Battle timer is ON: inactive players will automatically lose when time's up. (requested by ryo8989)\n|\n|t:|1771391118\n|teamsize|p1|4\n|teamsize|p2|4\n|start\n|switch|p1a: Flutter Mane|Flutter Mane, L50|100/100\n|switch|p1b: Koraidon|Koraidon, L50|100/100\n|switch|p2a: Miraidon|Miraidon, L50|100/100\n|switch|p2b: Farigiraf|Farigiraf, L50, F|100/100\n|-weather|SunnyDay|[from] ability: Orichalcum Pulse|[of] p1b: Koraidon\n|-activate|p1a: Flutter Mane|ability: Protosynthesis\n|-start|p1a: Flutter Mane|protosynthesisspe\n|-activate|p1b: Koraidon|Orichalcum Pulse|[source]\n|-fieldstart|move: Electric Terrain|[from] ability: Hadron Engine|[of] p2a: Miraidon\n|-enditem|p2b: Farigiraf|Electric Seed\n|-boost|p2b: Farigiraf|def|1|[from] item: Electric Seed\n|turn|1\n|\n|t:|1771391136\n|-terastallize|p1b: Koraidon|Fire\n|move|p2a: Miraidon|Protect|p2a: Miraidon\n|-singleturn|p2a: Miraidon|Protect\n|move|p1a: Flutter Mane|Icy Wind|p2a: Miraidon|[spread] p2b\n|-activate|p2a: Miraidon|move: Protect\n|-damage|p2b: Farigiraf|87/100\n|-unboost|p2b: Farigiraf|spe|1\n|move|p1b: Koraidon|Flare Blitz|p2a: Miraidon\n|-activate|p2a: Miraidon|move: Protect\n|move|p2b: Farigiraf|Trick Room|p2b: Farigiraf\n|-fieldstart|move: Trick Room|[of] p2b: Farigiraf\n|\n|-weather|SunnyDay|[upkeep]\n|upkeep\n|turn|2\n|inactive|klanes1209 has 30 seconds left.\n|\n|t:|1771391161\n|switch|p1b: Ursaluna|Ursaluna, L50, F|100/100\n|move|p1a: Flutter Mane|Protect|p1a: Flutter Mane\n|-singleturn|p1a: Flutter Mane|Protect\n|move|p2b: Farigiraf|Psychic|p1a: Flutter Mane\n|-activate|p1a: Flutter Mane|move: Protect\n|move|p2a: Miraidon|Electro Drift|p1b: Ursaluna\n|-immune|p1b: Ursaluna\n|\n|-weather|SunnyDay|[upkeep]\n|-status|p1b: Ursaluna|brn|[from] item: Flame Orb\n|upkeep\n|turn|3\n|inactive|klanes1209 has 30 seconds left.\n|inactive|klanes1209 has 20 seconds left.\n|inactive|klanes1209 has 15 seconds left.\n|\n|t:|1771391206\n|move|p2a: Miraidon|Protect|p2a: Miraidon\n|-singleturn|p2a: Miraidon|Protect\n|move|p1b: Ursaluna|Facade|p2b: Farigiraf\n|-damage|p2b: Farigiraf|24/100\n|move|p1a: Flutter Mane|Moonblast|p2a: Miraidon\n|-activate|p2a: Miraidon|move: Protect\n|move|p2b: Farigiraf|Roar|p1b: Ursaluna\n|drag|p1b: Koraidon|Koraidon, L50, tera:Fire|100/100\n|-activate|p1b: Koraidon|ability: Orichalcum Pulse\n|\n|-weather|SunnyDay|[upkeep]\n|upkeep\n|turn|4\n|inactive|klanes1209 has 30 seconds left.\n|inactive|ryo8989 has 30 seconds left.\n|inactive|klanes1209 has 20 seconds left.\n|\n|t:|1771391244\n|move|p1a: Flutter Mane|Protect|p1a: Flutter Mane\n|-singleturn|p1a: Flutter Mane|Protect\n|move|p2b: Farigiraf|Psychic|p1a: Flutter Mane\n|-activate|p1a: Flutter Mane|move: Protect\n|move|p2a: Miraidon|Volt Switch|p1a: Flutter Mane\n|-activate|p1a: Flutter Mane|move: Protect\n|move|p1b: Koraidon|Flare Blitz|p2a: Miraidon\n|-resisted|p2a: Miraidon\n|-damage|p2a: Miraidon|10/100\n|-damage|p1b: Koraidon|69/100|[from] Recoil\n|\n|-weather|SunnyDay|[upkeep]\n|upkeep\n|turn|5\n|inactive|klanes1209 has 30 seconds left.\n|\n|t:|1771391279\n|-end|p1a: Flutter Mane|Protosynthesis|[silent]\n|switch|p1a: Ursaluna|Ursaluna, L50, F|100/100 brn\n|move|p2b: Farigiraf|Psychic|p1a: Ursaluna\n|-damage|p1a: Ursaluna|72/100 brn\n|move|p2a: Miraidon|Volt Switch|p1b: Koraidon\n|-damage|p1b: Koraidon|0 fnt\n|faint|p1b: Koraidon\n|\n|t:|1771391292\n|switch|p2a: Calyrex|Calyrex-Ice, L50|100/100|[from] Volt Switch\n|-ability|p2a: Calyrex|As One\n|-ability|p2a: Calyrex|Unnerve\n|\n|-weather|none\n|-damage|p1a: Ursaluna|66/100 brn|[from] brn\n|-fieldend|move: Trick Room\n|-fieldend|move: Electric Terrain\n|upkeep\n|\n|t:|1771391306\n|switch|p1b: Flutter Mane|Flutter Mane, L50|100/100\n|turn|6\n|inactive|klanes1209 has 30 seconds left.\n|\n|t:|1771391335\n|-terastallize|p2a: Calyrex|Fire\n|move|p1a: Ursaluna|Protect|p1a: Ursaluna\n|-singleturn|p1a: Ursaluna|Protect\n|move|p1b: Flutter Mane|Moonblast|p2b: Farigiraf\n|-damage|p2b: Farigiraf|0 fnt\n|faint|p2b: Farigiraf\n|move|p2a: Calyrex|Glacial Lance|p1b: Flutter Mane|[spread] p1b\n|-activate|p1a: Ursaluna|move: Protect\n|-enditem|p1b: Flutter Mane|Focus Sash\n|-damage|p1b: Flutter Mane|1/100\n|\n|-damage|p1a: Ursaluna|60/100 brn|[from] brn\n|upkeep\n|\n|t:|1771391350\n|switch|p2b: Incineroar|Incineroar, L50, M|100/100\n|-ability|p2b: Incineroar|Intimidate|boost\n|-unboost|p1a: Ursaluna|atk|1\n|-unboost|p1b: Flutter Mane|atk|1\n|turn|7\n|inactive|klanes1209 has 30 seconds left.\n|-message|klanes1209 forfeited.\n|\n|win|ryo8989\n|raw|klanes1209's rating: 1274 &rarr; <strong>1260</strong><br />(-14 for losing)\n|raw|ryo8989's rating: 1438 &rarr; <strong>1449</strong><br />(+11 for winning)\n|l|\u2606klanes1209\n|player|p1|\n|l|\u2606ryo8989\n|player|p2|\n","uploadtime":1771391632,"views":11,"formatid":"gen9vgc2026regi","rating":1260,"private":0,"password":null}