{"id":"gen9vgc2026regi-2539658086","format":"[Gen 9] VGC 2026 Reg I","players":["cccfff","SEITA"],"log":"|j|\u2606cccfff\n|j|\u2606SEITA\n|t:|1771093145\n|gametype|doubles\n|player|p1|cccfff|102|1233\n|player|p2|SEITA|lucas-gen4pt|1305\n|gen|9\n|tier|[Gen 9] VGC 2026 Reg I\n|rated|\n|rule|Species Clause: Limit one of each Pok\u00e9mon\n|rule|Item Clause: Limit 1 of each item\n|clearpoke\n|poke|p1|Terapagos, L50, M|\n|poke|p1|Zamazenta-*, L50|\n|poke|p1|Ogerpon-Hearthflame, L50, F|\n|poke|p1|Fezandipiti, L50, M|\n|poke|p1|Smeargle, L50, F|\n|poke|p1|Primarina, L50, M|\n|poke|p2|Zamazenta-*, L50|\n|poke|p2|Kyogre, L50|\n|poke|p2|Wo-Chien, L50|\n|poke|p2|Grimmsnarl, L50, M|\n|poke|p2|Landorus, L50, M|\n|poke|p2|Ditto, L50|\n|teampreview|4\n|inactive|Battle timer is ON: inactive players will automatically lose when time's up. (requested by cccfff)\n|\n|t:|1771093175\n|teamsize|p1|4\n|teamsize|p2|4\n|start\n|switch|p1a: Ogerpon|Ogerpon-Hearthflame, L50, F|100/100\n|switch|p1b: Primarina|Primarina, L50, M, shiny|100/100\n|switch|p2a: Grimmsnarl|Grimmsnarl, L50, M|100/100\n|switch|p2b: Landorus|Landorus, L50, M|100/100\n|-ability|p1a: Ogerpon|Mold Breaker\n|turn|1\n|inactive|SEITA has 30 seconds left.\n|inactive|SEITA has 20 seconds left.\n|\n|t:|1771093212\n|move|p1a: Ogerpon|Spiky Shield|p1a: Ogerpon\n|-singleturn|p1a: Ogerpon|move: Protect\n|move|p1b: Primarina|Protect|p1b: Primarina\n|-singleturn|p1b: Primarina|Protect\n|move|p2a: Grimmsnarl|Light Screen|p2a: Grimmsnarl\n|-sidestart|p2: SEITA|move: Light Screen\n|move|p2b: Landorus|Sandsear Storm|p1b: Primarina|[spread] \n|-activate|p1a: Ogerpon|move: Protect\n|-activate|p1b: Primarina|move: Protect\n|\n|upkeep\n|turn|2\n|inactive|cccfff has 30 seconds left.\n|\n|t:|1771093237\n|move|p2a: Grimmsnarl|Reflect|p2a: Grimmsnarl\n|-sidestart|p2: SEITA|Reflect\n|move|p2b: Landorus|Sandsear Storm|p1b: Primarina|[spread] p1a\n|-miss|p2b: Landorus|p1b: Primarina\n|-damage|p1a: Ogerpon|37/100\n|move|p1a: Ogerpon|Wood Hammer|p2b: Landorus\n|-damage|p2b: Landorus|36/100\n|-damage|p1a: Ogerpon|14/100|[from] Recoil\n|move|p1b: Primarina|Hyper Voice|p2b: Landorus|[spread] p2a,p2b\n|-supereffective|p2b: Landorus\n|-damage|p2a: Grimmsnarl|67/100\n|-damage|p2b: Landorus|0 fnt\n|faint|p2b: Landorus\n|-damage|p1b: Primarina|91/100|[from] item: Life Orb\n|\n|upkeep\n|\n|t:|1771093257\n|switch|p2b: Kyogre|Kyogre, L50|100/100\n|-weather|RainDance|[from] ability: Drizzle|[of] p2b: Kyogre\n|turn|3\n|\n|t:|1771093281\n|move|p2a: Grimmsnarl|Parting Shot|p1a: Ogerpon\n|-unboost|p1a: Ogerpon|atk|1\n|-unboost|p1a: Ogerpon|spa|1\n|\n|t:|1771093284\n|switch|p2a: Wo-Chien|Wo-Chien, L50|100/100|[from] Parting Shot\n|-ability|p2a: Wo-Chien|Tablets of Ruin\n|move|p1a: Ogerpon|Wood Hammer|p2b: Kyogre\n|-supereffective|p2b: Kyogre\n|-damage|p2b: Kyogre|58/100\n|-damage|p1a: Ogerpon|0 fnt|[from] Recoil\n|faint|p1a: Ogerpon\n|move|p2b: Kyogre|Thunder|p1b: Primarina\n|-supereffective|p1b: Primarina\n|-damage|p1b: Primarina|16/100\n|move|p1b: Primarina|Life Dew|p1b: Primarina\n|-heal|p1b: Primarina|41/100\n|\n|-weather|RainDance|[upkeep]\n|-heal|p2b: Kyogre|63/100|[from] item: Leftovers\n|upkeep\n|inactive|cccfff has 30 seconds left.\n|\n|t:|1771093310\n|switch|p1a: Zamazenta|Zamazenta-Crowned, L50, shiny|100/100\n|-ability|p1a: Zamazenta|Dauntless Shield|boost\n|-boost|p1a: Zamazenta|def|1\n|turn|4\n|\n|t:|1771093331\n|switch|p1b: Terapagos|Terapagos, L50, M|100/100\n|-activate|p1b: Terapagos|ability: Tera Shift\n|detailschange|p1b: Terapagos|Terapagos-Terastal, L50, M\n|-heal|p1b: Terapagos|100/100|[silent]\n|move|p1a: Zamazenta|Wide Guard|p1a: Zamazenta\n|-singleturn|p1a: Zamazenta|Wide Guard\n|move|p2a: Wo-Chien|Leech Seed|p1a: Zamazenta\n|-start|p1a: Zamazenta|move: Leech Seed\n|move|p2b: Kyogre|Thunder|p1b: Terapagos\n|-activate|p1b: Terapagos|ability: Tera Shell\n|-resisted|p1b: Terapagos\n|-damage|p1b: Terapagos|82/100\n|-status|p1b: Terapagos|par\n|\n|-weather|RainDance|[upkeep]\n|-heal|p2b: Kyogre|69/100|[from] item: Leftovers\n|-damage|p1a: Zamazenta|89/100|[from] Leech Seed|[of] p2a: Wo-Chien\n|upkeep\n|turn|5\n|inactive|cccfff has 30 seconds left.\n|inactive|SEITA has 30 seconds left.\n|inactive|cccfff has 20 seconds left.\n|inactive|cccfff has 15 seconds left.\n|inactive|cccfff has 10 seconds left.\n|\n|t:|1771093376\n|-terastallize|p1b: Terapagos|Stellar\n|detailschange|p1b: Terapagos|Terapagos-Stellar, L50, M, tera:Stellar\n|-heal|p1b: Terapagos|87/100 par|[silent]\n|-ability|p1b: Terapagos|Teraform Zero\n|-weather|none\n|move|p1a: Zamazenta|Body Press|p2b: Kyogre\n|-damage|p2b: Kyogre|43/100\n|move|p2a: Wo-Chien|Pollen Puff|p2b: Kyogre\n|-heal|p2b: Kyogre|92/100\n|move|p2b: Kyogre|Origin Pulse|p1b: Terapagos|[spread] p1a,p1b\n|-damage|p1a: Zamazenta|54/100\n|-damage|p1b: Terapagos|58/100 par\n|move|p1b: Terapagos|Tera Starstorm|p2a: Wo-Chien|[spread] p2a,p2b\n|-damage|p2a: Wo-Chien|73/100\n|-damage|p2b: Kyogre|66/100\n|\n|-heal|p2b: Kyogre|72/100|[from] item: Leftovers\n|-damage|p1a: Zamazenta|42/100|[from] Leech Seed|[of] p2a: Wo-Chien\n|-heal|p2a: Wo-Chien|86/100|[silent]\n|upkeep\n|turn|6\n|-message|cccfff forfeited.\n|\n|win|SEITA\n|raw|cccfff's rating: 1233 &rarr; <strong>1213</strong><br />(-20 for losing)\n|raw|SEITA's rating: 1305 &rarr; <strong>1321</strong><br />(+16 for winning)\n|l|\u2606cccfff\n|player|p1|\n|l|\u2606SEITA\n|player|p2|\n","uploadtime":1771093409,"views":28,"formatid":"gen9vgc2026regi","rating":1213,"private":0,"password":null}