{"id":"gen9vgc2026regi-2549415956","format":"[Gen 9] VGC 2026 Reg I","players":["Dux-El52","xiaoliyunVGC"],"log":"|j|\u2606Dux-El52\n|j|\u2606xiaoliyunVGC\n|t:|1772363216\n|gametype|doubles\n|player|p1|Dux-El52|2|1272\n|player|p2|xiaoliyunVGC|liko|1370\n|gen|9\n|tier|[Gen 9] VGC 2026 Reg I\n|rated|\n|rule|Species Clause: Limit one of each Pok\u00e9mon\n|rule|Item Clause: Limit 1 of each item\n|clearpoke\n|poke|p1|Miraidon, L50|\n|poke|p1|Incineroar, L50, M|\n|poke|p1|Urshifu-*, L50, F|\n|poke|p1|Ursaluna-Bloodmoon, L50, M|\n|poke|p1|Iron Hands, L50|\n|poke|p1|Farigiraf, L50, M|\n|poke|p2|Zamazenta-*, L50|\n|poke|p2|Kyogre, L50|\n|poke|p2|Raichu, L50, M|\n|poke|p2|Flutter Mane, L50|\n|poke|p2|Tornadus, L50, M|\n|poke|p2|Urshifu-*, L50, F|\n|teampreview|4\n|inactive|Battle timer is ON: inactive players will automatically lose when time's up. (requested by xiaoliyunVGC)\n|inactive|Dux-El52 has 60 seconds left.\n|\n|t:|1772363266\n|teamsize|p1|4\n|teamsize|p2|4\n|start\n|switch|p1a: Miraidon|Miraidon, L50, shiny|100/100\n|switch|p1b: Farigiraf|Farigiraf, L50, M, shiny|100/100\n|switch|p2a: Urshifu|Urshifu, L50, F|100/100\n|switch|p2b: Raichu|Raichu, L50, M|100/100\n|-fieldstart|move: Electric Terrain|[from] ability: Hadron Engine|[of] p1a: Miraidon\n|turn|1\n|\n|t:|1772363287\n|switch|p1b: Iron Hands|Iron Hands, L50, shiny|100/100\n|-activate|p1b: Iron Hands|ability: Quark Drive\n|-start|p1b: Iron Hands|quarkdriveatk\n|-terastallize|p2a: Urshifu|Steel\n|move|p2b: Raichu|Helping Hand|p2a: Urshifu\n|-singleturn|p2a: Urshifu|Helping Hand|[of] p2b: Raichu\n|move|p1a: Miraidon|Dazzling Gleam|p2b: Raichu|[spread] p2a,p2b\n|-resisted|p2a: Urshifu\n|-damage|p2a: Urshifu|70/100\n|-damage|p2b: Raichu|44/100\n|move|p2a: Urshifu|Wicked Blow|p1b: Iron Hands\n|-resisted|p1b: Iron Hands\n|-crit|p1b: Iron Hands\n|-damage|p1b: Iron Hands|54/100\n|\n|upkeep\n|turn|2\n|\n|t:|1772363312\n|move|p2b: Raichu|Helping Hand|p2a: Urshifu\n|-singleturn|p2a: Urshifu|Helping Hand|[of] p2b: Raichu\n|move|p1b: Iron Hands|Fake Out|p2b: Raichu\n|-damage|p2b: Raichu|14/100\n|move|p1a: Miraidon|Dazzling Gleam|p2b: Raichu|[spread] p2a,p2b\n|-resisted|p2a: Urshifu\n|-damage|p2a: Urshifu|38/100\n|-damage|p2b: Raichu|0 fnt\n|faint|p2b: Raichu\n|move|p2a: Urshifu|Wicked Blow|p1a: Miraidon\n|-crit|p1a: Miraidon\n|-damage|p1a: Miraidon|0 fnt\n|faint|p1a: Miraidon\n|\n|upkeep\n|\n|t:|1772363323\n|switch|p1a: Urshifu|Urshifu-Rapid-Strike, L50, F|100/100\n|switch|p2b: Kyogre|Kyogre, L50|100/100\n|-weather|RainDance|[from] ability: Drizzle|[of] p2b: Kyogre\n|turn|3\n|\n|t:|1772363338\n|move|p1a: Urshifu|Close Combat|p2b: Kyogre\n|-damage|p2b: Kyogre|32/100\n|-unboost|p1a: Urshifu|def|1\n|-unboost|p1a: Urshifu|spd|1\n|move|p2b: Kyogre|Water Spout|p1b: Iron Hands|[spread] p1a,p1b\n|-resisted|p1a: Urshifu\n|-damage|p1a: Urshifu|68/100\n|-damage|p1b: Iron Hands|38/100\n|move|p2a: Urshifu|Wicked Blow|p1a: Urshifu\n|-resisted|p1a: Urshifu\n|-crit|p1a: Urshifu\n|-damage|p1a: Urshifu|0 fnt\n|faint|p1a: Urshifu\n|move|p1b: Iron Hands|Drain Punch|p2a: Urshifu\n|-supereffective|p2a: Urshifu\n|-damage|p2a: Urshifu|0 fnt\n|-heal|p1b: Iron Hands|53/100|[from] drain|[of] p2a: Urshifu\n|faint|p2a: Urshifu\n|\n|-weather|RainDance|[upkeep]\n|upkeep\n|\n|t:|1772363351\n|switch|p1a: Farigiraf|Farigiraf, L50, M, shiny|100/100\n|switch|p2a: Zamazenta|Zamazenta-Crowned, L50, shiny|100/100\n|-ability|p2a: Zamazenta|Dauntless Shield|boost\n|-boost|p2a: Zamazenta|def|1\n|turn|4\n|\n|t:|1772363365\n|-terastallize|p1a: Farigiraf|Fairy\n|move|p2b: Kyogre|Water Spout|p1b: Iron Hands|[spread] p1a,p1b\n|-crit|p1a: Farigiraf\n|-damage|p1a: Farigiraf|57/100\n|-damage|p1b: Iron Hands|36/100\n|move|p2a: Zamazenta|Body Press|p1b: Iron Hands\n|-damage|p1b: Iron Hands|0 fnt\n|faint|p1b: Iron Hands\n|-end|p1b: Iron Hands|Quark Drive|[silent]\n|move|p1a: Farigiraf|Psychic|p2b: Kyogre\n|-damage|p2b: Kyogre|5/100\n|\n|-weather|RainDance|[upkeep]\n|upkeep\n|turn|5\n|-message|Dux-El52 forfeited.\n|\n|win|xiaoliyunVGC\n|raw|Dux-El52's rating: 1272 &rarr; <strong>1254</strong><br />(-18 for losing)\n|raw|xiaoliyunVGC's rating: 1370 &rarr; <strong>1385</strong><br />(+15 for winning)\n|l|\u2606Dux-El52\n|player|p1|\n|l|\u2606xiaoliyunVGC\n|player|p2|\n","uploadtime":1772363695,"views":12,"formatid":"gen9vgc2026regi","rating":1254,"private":0,"password":null}