{"id":"gen9vgc2026regi-2532302400","format":"[Gen 9] VGC 2026 Reg I","players":["tinman1025","ryo8989"],"log":"|j|\u2606tinman1025\n|j|\u2606ryo8989\n|t:|1770159564\n|gametype|doubles\n|player|p1|tinman1025|marlon|1238\n|player|p2|ryo8989|170|1318\n|gen|9\n|tier|[Gen 9] VGC 2026 Reg I\n|rated|\n|rule|Species Clause: Limit one of each Pok\u00e9mon\n|rule|Item Clause: Limit 1 of each item\n|clearpoke\n|poke|p1|Eternatus, L50|\n|poke|p1|Glimmora, L50, M|\n|poke|p1|Lunala, L50|\n|poke|p1|Amoonguss, L50, M|\n|poke|p1|Ting-Lu, L50|\n|poke|p1|Ogerpon-Wellspring, L50, F|\n|poke|p2|Calyrex-Ice, L50|\n|poke|p2|Miraidon, L50|\n|poke|p2|Incineroar, L50, M|\n|poke|p2|Farigiraf, L50, M|\n|poke|p2|Urshifu-*, L50, M|\n|poke|p2|Whimsicott, L50, F|\n|teampreview|4\n|\n|t:|1770159591\n|teamsize|p1|4\n|teamsize|p2|4\n|start\n|switch|p1a: Eternatus|Eternatus, L50|100/100\n|switch|p1b: Glimmora|Glimmora, L50, M|100/100\n|switch|p2a: Miraidon|Miraidon, L50|100/100\n|switch|p2b: Calyrex|Calyrex-Ice, L50|100/100\n|-ability|p2b: Calyrex|As One\n|-ability|p2b: Calyrex|Unnerve\n|-ability|p1a: Eternatus|Pressure\n|-fieldstart|move: Electric Terrain|[from] ability: Hadron Engine|[of] p2a: Miraidon\n|turn|1\n|\n|t:|1770159618\n|move|p1a: Eternatus|Protect|p1a: Eternatus\n|-singleturn|p1a: Eternatus|Protect\n|move|p2a: Miraidon|Protect|p2a: Miraidon\n|-singleturn|p2a: Miraidon|Protect\n|move|p1b: Glimmora|Mortal Spin|p2b: Calyrex|[spread] p2b\n|-activate|p2a: Miraidon|move: Protect\n|-damage|p2b: Calyrex|98/100\n|-status|p2b: Calyrex|psn\n|move|p2b: Calyrex|High Horsepower|p1b: Glimmora\n|-supereffective|p1b: Glimmora\n|-enditem|p1b: Glimmora|Focus Sash\n|-damage|p1b: Glimmora|1/100\n|-activate|p1b: Glimmora|ability: Toxic Debris\n|-sidestart|p2: ryo8989|move: Toxic Spikes\n|\n|-damage|p2b: Calyrex|86/100 psn|[from] psn\n|upkeep\n|turn|2\n|\n|t:|1770159660\n|-terastallize|p1a: Eternatus|Fairy\n|-terastallize|p2a: Miraidon|Electric\n|move|p1a: Eternatus|Cosmic Power|p1a: Eternatus\n|-boost|p1a: Eternatus|def|1\n|-boost|p1a: Eternatus|spd|1\n|move|p2a: Miraidon|Draco Meteor|p1a: Eternatus\n|-immune|p1a: Eternatus\n|move|p1b: Glimmora|Power Gem|p2b: Calyrex\n|-supereffective|p2b: Calyrex\n|-damage|p2b: Calyrex|39/100 psn\n|move|p2b: Calyrex|Glacial Lance|p1a: Eternatus|[spread] p1a,p1b\n|-damage|p1a: Eternatus|76/100\n|-damage|p1b: Glimmora|0 fnt\n|-activate|p1b: Glimmora|ability: Toxic Debris\n|-sidestart|p2: ryo8989|move: Toxic Spikes\n|faint|p1b: Glimmora\n|-ability|p2b: Calyrex|Chilling Neigh|boost\n|-boost|p2b: Calyrex|atk|1\n|\n|-damage|p2b: Calyrex|27/100 psn|[from] psn\n|upkeep\n|\n|t:|1770159676\n|switch|p1b: Lunala|Lunala, L50|100/100\n|turn|3\n|\n|t:|1770159694\n|move|p1a: Eternatus|Protect|p1a: Eternatus\n|-singleturn|p1a: Eternatus|Protect\n|move|p2a: Miraidon|Electro Drift|p1a: Eternatus\n|-activate|p1a: Eternatus|move: Protect\n|move|p1b: Lunala|Moongeist Beam|p2b: Calyrex\n|-supereffective|p2b: Calyrex\n|-damage|p2b: Calyrex|0 fnt\n|faint|p2b: Calyrex\n|\n|upkeep\n|\n|t:|1770159707\n|switch|p2b: Incineroar|Incineroar, L50, M|100/100\n|-status|p2b: Incineroar|tox\n|-ability|p2b: Incineroar|Intimidate|boost\n|-unboost|p1a: Eternatus|atk|1\n|-unboost|p1b: Lunala|atk|1\n|turn|4\n|\n|t:|1770159715\n|switch|p1b: Ting-Lu|Ting-Lu, L50|100/100\n|-ability|p1b: Ting-Lu|Vessel of Ruin\n|move|p2b: Incineroar|Fake Out|p1a: Eternatus\n|-damage|p1a: Eternatus|71/100\n|cant|p1a: Eternatus|flinch\n|move|p2a: Miraidon|Electro Drift|p1a: Eternatus\n|-damage|p1a: Eternatus|20/100\n|\n|-damage|p2b: Incineroar|95/100 tox|[from] psn\n|upkeep\n|turn|5\n|\n|t:|1770159735\n|move|p1a: Eternatus|Protect|p1a: Eternatus\n|-singleturn|p1a: Eternatus|Protect\n|move|p2a: Miraidon|Electro Drift|p1a: Eternatus\n|-activate|p1a: Eternatus|move: Protect\n|move|p2b: Incineroar|U-turn|p1b: Ting-Lu\n|-supereffective|p1b: Ting-Lu\n|-damage|p1b: Ting-Lu|81/100\n|\n|t:|1770159744\n|switch|p2b: Farigiraf|Farigiraf, L50, M|100/100|[from] U-turn\n|-status|p2b: Farigiraf|tox\n|-enditem|p2b: Farigiraf|Electric Seed\n|-boost|p2b: Farigiraf|def|1|[from] item: Electric Seed\n|move|p1b: Ting-Lu|Sand Tomb|p2a: Miraidon\n|-supereffective|p2a: Miraidon\n|-damage|p2a: Miraidon|70/100\n|-activate|p2a: Miraidon|move: Sand Tomb|[of] p1b: Ting-Lu\n|\n|-damage|p2b: Farigiraf|94/100 tox|[from] psn\n|-damage|p2a: Miraidon|57/100|[from] move: Sand Tomb|[partiallytrapped]\n|-fieldend|move: Electric Terrain\n|upkeep\n|turn|6\n|\n|t:|1770159770\n|move|p1a: Eternatus|Recover|p1a: Eternatus\n|-heal|p1a: Eternatus|70/100\n|move|p2a: Miraidon|Draco Meteor|p1b: Ting-Lu\n|-damage|p1b: Ting-Lu|51/100\n|-unboost|p2a: Miraidon|spa|2\n|move|p1b: Ting-Lu|Stomping Tantrum|p2a: Miraidon\n|-supereffective|p2a: Miraidon\n|-damage|p2a: Miraidon|0 fnt\n|faint|p2a: Miraidon\n|move|p2b: Farigiraf|Roar|p1a: Eternatus\n|drag|p1a: Lunala|Lunala, L50|100/100\n|\n|-damage|p2b: Farigiraf|82/100 tox|[from] psn\n|upkeep\n|\n|t:|1770159786\n|switch|p2a: Incineroar|Incineroar, L50, M|95/100 tox\n|-ability|p2a: Incineroar|Intimidate|boost\n|-unboost|p1a: Lunala|atk|1\n|-unboost|p1b: Ting-Lu|atk|1\n|turn|7\n|\n|t:|1770159796\n|move|p1a: Lunala|Moonblast|p2b: Farigiraf\n|-damage|p2b: Farigiraf|58/100 tox\n|move|p2a: Incineroar|Knock Off|p1a: Lunala\n|-supereffective|p1a: Lunala\n|-damage|p1a: Lunala|36/100\n|-enditem|p1a: Lunala|Leftovers|[from] move: Knock Off|[of] p2a: Incineroar\n|move|p2b: Farigiraf|Foul Play|p1a: Lunala\n|-supereffective|p1a: Lunala\n|-damage|p1a: Lunala|0 fnt\n|faint|p1a: Lunala\n|move|p1b: Ting-Lu|Stomping Tantrum|p2a: Incineroar\n|-supereffective|p2a: Incineroar\n|-damage|p2a: Incineroar|56/100 tox\n|\n|-damage|p2a: Incineroar|50/100 tox|[from] psn\n|-damage|p2b: Farigiraf|39/100 tox|[from] psn\n|upkeep\n|\n|t:|1770159809\n|switch|p1a: Eternatus|Eternatus, L50, tera:Fairy|70/100\n|-ability|p1a: Eternatus|Pressure\n|turn|8\n|\n|t:|1770159822\n|move|p1a: Eternatus|Cosmic Power|p1a: Eternatus\n|-boost|p1a: Eternatus|def|1\n|-boost|p1a: Eternatus|spd|1\n|move|p2a: Incineroar|Flare Blitz|p1b: Ting-Lu\n|-damage|p1b: Ting-Lu|22/100\n|-status|p1b: Ting-Lu|brn\n|-damage|p2a: Incineroar|38/100 tox|[from] Recoil\n|move|p2b: Farigiraf|Foul Play|p1b: Ting-Lu\n|-resisted|p1b: Ting-Lu\n|-damage|p1b: Ting-Lu|16/100 brn\n|move|p1b: Ting-Lu|Stomping Tantrum|p2a: Incineroar\n|-supereffective|p2a: Incineroar\n|-damage|p2a: Incineroar|21/100 tox\n|\n|-damage|p2a: Incineroar|9/100 tox|[from] psn\n|-damage|p2b: Farigiraf|15/100 tox|[from] psn\n|-damage|p1b: Ting-Lu|10/100 brn|[from] brn\n|upkeep\n|turn|9\n|\n|t:|1770159844\n|move|p1a: Eternatus|Protect|p1a: Eternatus\n|-singleturn|p1a: Eternatus|Protect\n|move|p2a: Incineroar|U-turn|p1b: Ting-Lu\n|-supereffective|p1b: Ting-Lu\n|-damage|p1b: Ting-Lu|0 fnt\n|faint|p1b: Ting-Lu\n|move|p2b: Farigiraf|Psychic|p1a: Eternatus\n|-activate|p1a: Eternatus|move: Protect\n|\n|-damage|p2a: Incineroar|0 fnt|[from] psn\n|faint|p2a: Incineroar\n|-damage|p2b: Farigiraf|0 fnt|[from] psn\n|faint|p2b: Farigiraf\n|\n|win|tinman1025\n|raw|tinman1025's rating: 1238 &rarr; <strong>1269</strong><br />(+31 for winning)\n|raw|ryo8989's rating: 1318 &rarr; <strong>1293</strong><br />(-25 for losing)\n|l|\u2606tinman1025\n|player|p1|\n|l|\u2606ryo8989\n|player|p2|\n","uploadtime":1770160011,"views":11,"formatid":"gen9vgc2026regi","rating":1269,"private":0,"password":null}