{"id":"gen9vgc2026regi-2565634042","format":"[Gen 9] VGC 2026 Reg I","players":["tbyong","Sunny_zong1"],"log":"|j|\u2606tbyong\n|j|\u2606Sunny_zong1\n|t:|1774291075\n|gametype|doubles\n|player|p1|tbyong|iris-gen5bw2|1174\n|player|p2|Sunny_zong1|169|1215\n|gen|9\n|tier|[Gen 9] VGC 2026 Reg I\n|rated|\n|rule|Species Clause: Limit one of each Pok\u00e9mon\n|rule|Item Clause: Limit 1 of each item\n|clearpoke\n|poke|p1|Amoonguss, L50, F|\n|poke|p1|Rillaboom, L50, F|\n|poke|p1|Incineroar, L50, M|\n|poke|p1|Calyrex-Shadow, L50|\n|poke|p1|Urshifu-*, L50, F|\n|poke|p1|Ho-Oh, L50|\n|poke|p2|Eternatus, L50|\n|poke|p2|Glimmora, L50, M|\n|poke|p2|Grimmsnarl, L50, M|\n|poke|p2|Calyrex-Ice, L50|\n|poke|p2|Garganacl, L50, F|\n|poke|p2|Raging Bolt, L50|\n|teampreview|4\n|inactive|Battle timer is ON: inactive players will automatically lose when time's up. (requested by Sunny_zong1)\n|inactive|Sunny_zong1 has 60 seconds left.\n|\n|t:|1774291112\n|teamsize|p1|4\n|teamsize|p2|4\n|start\n|switch|p1a: Calyrex|Calyrex-Shadow, L50|100/100\n|switch|p1b: Incineroar|Incineroar, L50, M|100/100\n|switch|p2a: Grimmsnarl|Grimmsnarl, L50, M|100/100\n|switch|p2b: Garganacl|Garganacl, L50, F|100/100\n|-ability|p1a: Calyrex|As One\n|-ability|p1a: Calyrex|Unnerve\n|-ability|p1b: Incineroar|Intimidate|boost\n|-unboost|p2a: Grimmsnarl|atk|1\n|-unboost|p2b: Garganacl|atk|1\n|turn|1\n|inactive|tbyong has 30 seconds left.\n|\n|t:|1774291139\n|move|p1b: Incineroar|Fake Out|p2a: Grimmsnarl\n|-damage|p2a: Grimmsnarl|87/100\n|cant|p2a: Grimmsnarl|flinch\n|move|p1a: Calyrex|Astral Barrage|p2b: Garganacl|[spread] p2a,p2b\n|-resisted|p2a: Grimmsnarl\n|-damage|p2a: Grimmsnarl|44/100\n|-damage|p2b: Garganacl|76/100\n|-damage|p1a: Calyrex|91/100|[from] item: Life Orb\n|move|p2b: Garganacl|Salt Cure|p1a: Calyrex\n|-damage|p1a: Calyrex|80/100\n|-start|p1a: Calyrex|Salt Cure\n|\n|-damage|p1a: Calyrex|68/100|[from] Salt Cure\n|upkeep\n|turn|2\n|inactive|tbyong has 30 seconds left.\n|\n|t:|1774291164\n|switch|p1a: Amoonguss|Amoonguss, L50, F|100/100\n|move|p2a: Grimmsnarl|Light Screen|p2a: Grimmsnarl\n|-sidestart|p2: Sunny_zong1|move: Light Screen\n|move|p1b: Incineroar|Knock Off|p2b: Garganacl\n|-damage|p2b: Garganacl|49/100\n|-enditem|p2b: Garganacl|Sitrus Berry|[from] move: Knock Off|[of] p1b: Incineroar\n|move|p2b: Garganacl|Salt Cure|p1b: Incineroar\n|-supereffective|p1b: Incineroar\n|-damage|p1b: Incineroar|84/100\n|-start|p1b: Incineroar|Salt Cure\n|\n|-damage|p1b: Incineroar|72/100|[from] Salt Cure\n|upkeep\n|turn|3\n|inactive|tbyong has 30 seconds left.\n|inactive|Sunny_zong1 has 30 seconds left.\n|inactive|tbyong has 20 seconds left.\n|inactive|tbyong has 15 seconds left.\n|\n|t:|1774291209\n|move|p2a: Grimmsnarl|Reflect|p2a: Grimmsnarl\n|-sidestart|p2: Sunny_zong1|Reflect\n|move|p1b: Incineroar|Knock Off|p2a: Grimmsnarl\n|-resisted|p2a: Grimmsnarl\n|-damage|p2a: Grimmsnarl|35/100\n|-enditem|p2a: Grimmsnarl|Light Clay|[from] move: Knock Off|[of] p1b: Incineroar\n|move|p2b: Garganacl|Salt Cure|p1a: Amoonguss\n|-damage|p1a: Amoonguss|92/100\n|-start|p1a: Amoonguss|Salt Cure\n|move|p1a: Amoonguss|Spore|p2a: Grimmsnarl\n|-status|p2a: Grimmsnarl|slp|[from] move: Spore\n|\n|-damage|p1b: Incineroar|59/100|[from] Salt Cure\n|-damage|p1a: Amoonguss|80/100|[from] Salt Cure\n|upkeep\n|turn|4\n|inactive|tbyong has 30 seconds left.\n|\n|t:|1774291239\n|switch|p1a: Rillaboom|Rillaboom, L50, F|100/100\n|-fieldstart|move: Grassy Terrain|[from] ability: Grassy Surge|[of] p1a: Rillaboom\n|move|p1b: Incineroar|Parting Shot|p2a: Grimmsnarl\n|-unboost|p2a: Grimmsnarl|atk|1\n|-unboost|p2a: Grimmsnarl|spa|1\n|\n|t:|1774291245\n|switch|p1b: Calyrex|Calyrex-Shadow, L50|68/100|[from] Parting Shot\n|-ability|p1b: Calyrex|As One\n|-ability|p1b: Calyrex|Unnerve\n|cant|p2a: Grimmsnarl|slp\n|move|p2b: Garganacl|Recover|p2b: Garganacl\n|-heal|p2b: Garganacl|99/100\n|\n|-heal|p1b: Calyrex|74/100|[from] Grassy Terrain\n|-heal|p2a: Grimmsnarl|41/100 slp|[from] Grassy Terrain\n|-heal|p2b: Garganacl|100/100|[from] Grassy Terrain\n|upkeep\n|turn|5\n|\n|t:|1774291267\n|switch|p2a: Eternatus|Eternatus, L50|100/100\n|-ability|p2a: Eternatus|Pressure\n|move|p1b: Calyrex|Astral Barrage|p2a: Eternatus|[spread] p2a,p2b\n|-damage|p2a: Eternatus|71/100\n|-damage|p2b: Garganacl|84/100\n|-damage|p1b: Calyrex|64/100|[from] item: Life Orb\n|move|p1a: Rillaboom|Wood Hammer|p2b: Garganacl\n|-supereffective|p2b: Garganacl\n|-damage|p2b: Garganacl|28/100\n|-damage|p1a: Rillaboom|82/100|[from] Recoil\n|move|p2b: Garganacl|Iron Defense|p2b: Garganacl\n|-boost|p2b: Garganacl|def|2\n|\n|-heal|p1b: Calyrex|70/100|[from] Grassy Terrain\n|-heal|p2a: Eternatus|77/100|[from] Grassy Terrain\n|-heal|p2a: Eternatus|83/100|[from] item: Leftovers\n|-heal|p1a: Rillaboom|87/100|[from] Grassy Terrain\n|-heal|p2b: Garganacl|33/100|[from] Grassy Terrain\n|upkeep\n|turn|6\n|inactive|tbyong has 30 seconds left.\n|inactive|tbyong has 20 seconds left.\n|inactive|tbyong has 15 seconds left.\n|inactive|tbyong has 10 seconds left.\n|\n|t:|1774291312\n|switch|p1b: Incineroar|Incineroar, L50, M|59/100\n|-ability|p1b: Incineroar|Intimidate|boost\n|-unboost|p2a: Eternatus|atk|1\n|-unboost|p2b: Garganacl|atk|1\n|switch|p1a: Amoonguss|Amoonguss, L50, F|100/100\n|move|p2b: Garganacl|Protect|p2b: Garganacl\n|-singleturn|p2b: Garganacl|Protect\n|move|p2a: Eternatus|Cosmic Power|p2a: Eternatus\n|-boost|p2a: Eternatus|def|1\n|-boost|p2a: Eternatus|spd|1\n|\n|-heal|p2a: Eternatus|89/100|[from] Grassy Terrain\n|-heal|p2a: Eternatus|95/100|[from] item: Leftovers\n|-heal|p1b: Incineroar|65/100|[from] Grassy Terrain\n|-heal|p2b: Garganacl|39/100|[from] Grassy Terrain\n|upkeep\n|turn|7\n|inactive|tbyong has 30 seconds left.\n|inactive|Sunny_zong1 has 30 seconds left.\n|\n|t:|1774291347\n|switch|p2a: Grimmsnarl|Grimmsnarl, L50, M|41/100 slp\n|move|p1b: Incineroar|Fake Out|p2b: Garganacl\n|-resisted|p2b: Garganacl\n|-damage|p2b: Garganacl|38/100\n|cant|p2b: Garganacl|flinch\n|move|p1a: Amoonguss|Spore|p2a: Grimmsnarl\n|-fail|p2a: Grimmsnarl|slp\n|\n|-heal|p1b: Incineroar|71/100|[from] Grassy Terrain\n|-heal|p2a: Grimmsnarl|47/100 slp|[from] Grassy Terrain\n|-heal|p2b: Garganacl|44/100|[from] Grassy Terrain\n|upkeep\n|turn|8\n|inactive|tbyong has 30 seconds left.\n|\n|t:|1774291376\n|move|p1b: Incineroar|Parting Shot|p2a: Grimmsnarl\n|-unboost|p2a: Grimmsnarl|atk|1\n|-unboost|p2a: Grimmsnarl|spa|1\n|\n|t:|1774291380\n|switch|p1b: Calyrex|Calyrex-Shadow, L50|70/100|[from] Parting Shot\n|-ability|p1b: Calyrex|As One\n|-ability|p1b: Calyrex|Unnerve\n|-curestatus|p2a: Grimmsnarl|slp|[msg]\n|move|p2a: Grimmsnarl|Spirit Break|p1b: Calyrex\n|-damage|p1b: Calyrex|36/100\n|-unboost|p1b: Calyrex|spa|1\n|move|p2b: Garganacl|Recover|p2b: Garganacl\n|-heal|p2b: Garganacl|94/100\n|move|p1a: Amoonguss|Sludge Bomb|p2b: Garganacl\n|-resisted|p2b: Garganacl\n|-damage|p2b: Garganacl|88/100\n|\n|-heal|p1b: Calyrex|42/100|[from] Grassy Terrain\n|-heal|p2a: Grimmsnarl|53/100|[from] Grassy Terrain\n|-heal|p2b: Garganacl|94/100|[from] Grassy Terrain\n|-fieldend|move: Grassy Terrain\n|upkeep\n|turn|9\n|inactive|tbyong has 30 seconds left.\n|inactive|Sunny_zong1 has 30 seconds left.\n|inactive|Sunny_zong1 has 20 seconds left.\n|inactive|tbyong has 20 seconds left.\n|inactive|Sunny_zong1 has 15 seconds left.\n|inactive|tbyong has 15 seconds left.\n|inactive|tbyong has 10 seconds left.\n|\n|t:|1774291430\n|-terastallize|p2a: Grimmsnarl|Grass\n|move|p1b: Calyrex|Protect|p1b: Calyrex\n|-singleturn|p1b: Calyrex|Protect\n|move|p2a: Grimmsnarl|Spirit Break|p1b: Calyrex\n|-activate|p1b: Calyrex|move: Protect\n|move|p2b: Garganacl|Salt Cure|p1b: Calyrex\n|-activate|p1b: Calyrex|move: Protect\n|move|p1a: Amoonguss|Sludge Bomb|p2b: Garganacl\n|-resisted|p2b: Garganacl\n|-damage|p2b: Garganacl|86/100\n|\n|-sideend|p2: Sunny_zong1|move: Light Screen\n|upkeep\n|turn|10\n|inactive|tbyong has 30 seconds left.\n|\n|t:|1774291462\n|switch|p1b: Rillaboom|Rillaboom, L50, F|87/100\n|-fieldstart|move: Grassy Terrain|[from] ability: Grassy Surge|[of] p1b: Rillaboom\n|move|p2a: Grimmsnarl|Light Screen|p2a: Grimmsnarl\n|-sidestart|p2: Sunny_zong1|move: Light Screen\n|move|p2b: Garganacl|Iron Defense|p2b: Garganacl\n|-boost|p2b: Garganacl|def|2\n|move|p1a: Amoonguss|Sludge Bomb|p2b: Garganacl\n|-resisted|p2b: Garganacl\n|-damage|p2b: Garganacl|80/100\n|\n|-heal|p1b: Rillaboom|93/100|[from] Grassy Terrain\n|-heal|p2a: Grimmsnarl|59/100|[from] Grassy Terrain\n|-heal|p2b: Garganacl|86/100|[from] Grassy Terrain\n|-sideend|p2: Sunny_zong1|Reflect\n|upkeep\n|turn|11\n|\n|t:|1774291482\n|move|p2a: Grimmsnarl|Reflect|p2a: Grimmsnarl\n|-sidestart|p2: Sunny_zong1|Reflect\n|move|p1b: Rillaboom|U-turn|p2a: Grimmsnarl\n|-supereffective|p2a: Grimmsnarl\n|-damage|p2a: Grimmsnarl|25/100\n|\n|t:|1774291485\n|switch|p1b: Incineroar|Incineroar, L50, M|71/100|[from] U-turn\n|-ability|p1b: Incineroar|Intimidate|boost\n|-unboost|p2a: Grimmsnarl|atk|1\n|-unboost|p2b: Garganacl|atk|1\n|move|p2b: Garganacl|Iron Defense|p2b: Garganacl\n|-boost|p2b: Garganacl|def|2\n|move|p1a: Amoonguss|Sludge Bomb|p2a: Grimmsnarl\n|-supereffective|p2a: Grimmsnarl\n|-damage|p2a: Grimmsnarl|0 fnt\n|faint|p2a: Grimmsnarl\n|\n|-heal|p1b: Incineroar|77/100|[from] Grassy Terrain\n|-heal|p2b: Garganacl|91/100|[from] Grassy Terrain\n|upkeep\n|\n|t:|1774291492\n|switch|p2a: Eternatus|Eternatus, L50|95/100\n|-ability|p2a: Eternatus|Pressure\n|turn|12\n|inactive|tbyong has 30 seconds left.\n|\n|t:|1774291519\n|move|p1b: Incineroar|Fake Out|p2b: Garganacl\n|-resisted|p2b: Garganacl\n|-damage|p2b: Garganacl|91/100\n|move|p2a: Eternatus|Cosmic Power|p2a: Eternatus\n|-boost|p2a: Eternatus|def|1\n|-boost|p2a: Eternatus|spd|1\n|cant|p2b: Garganacl|flinch\n|move|p1a: Amoonguss|Spore|p2a: Eternatus\n|-status|p2a: Eternatus|slp|[from] move: Spore\n|\n|-heal|p2a: Eternatus|100/100 slp|[from] Grassy Terrain\n|-heal|p1b: Incineroar|83/100|[from] Grassy Terrain\n|-heal|p2b: Garganacl|97/100|[from] Grassy Terrain\n|upkeep\n|turn|13\n|\n|t:|1774291547\n|switch|p1b: Calyrex|Calyrex-Shadow, L50|42/100\n|-ability|p1b: Calyrex|As One\n|-ability|p1b: Calyrex|Unnerve\n|cant|p2a: Eternatus|slp\n|move|p2b: Garganacl|Salt Cure|p1a: Amoonguss\n|-damage|p1a: Amoonguss|96/100\n|-start|p1a: Amoonguss|Salt Cure\n|move|p1a: Amoonguss|Sludge Bomb|p2b: Garganacl\n|-resisted|p2b: Garganacl\n|-damage|p2b: Garganacl|90/100\n|\n|-heal|p1b: Calyrex|48/100|[from] Grassy Terrain\n|-heal|p2b: Garganacl|96/100|[from] Grassy Terrain\n|-heal|p1a: Amoonguss|100/100|[from] Grassy Terrain\n|-damage|p1a: Amoonguss|88/100|[from] Salt Cure\n|upkeep\n|turn|14\n|\n|t:|1774291563\n|move|p1a: Amoonguss|Rage Powder|p1a: Amoonguss\n|-singleturn|p1a: Amoonguss|move: Rage Powder\n|move|p1b: Calyrex|Nasty Plot|p1b: Calyrex\n|-boost|p1b: Calyrex|spa|2\n|cant|p2a: Eternatus|slp\n|move|p2b: Garganacl|Salt Cure|p1a: Amoonguss\n|-damage|p1a: Amoonguss|83/100\n|\n|-heal|p1b: Calyrex|54/100|[from] Grassy Terrain\n|-heal|p2b: Garganacl|100/100|[from] Grassy Terrain\n|-heal|p1a: Amoonguss|89/100|[from] Grassy Terrain\n|-damage|p1a: Amoonguss|77/100|[from] Salt Cure\n|-sideend|p2: Sunny_zong1|move: Light Screen\n|-fieldend|move: Grassy Terrain\n|upkeep\n|turn|15\n|inactive|tbyong has 30 seconds left.\n|inactive|tbyong has 20 seconds left.\n|\n|t:|1774291586\n|move|p1a: Amoonguss|Rage Powder|p1a: Amoonguss\n|-singleturn|p1a: Amoonguss|move: Rage Powder\n|move|p1b: Calyrex|Psychic|p2a: Eternatus\n|-supereffective|p2a: Eternatus\n|-damage|p2a: Eternatus|0 fnt\n|faint|p2a: Eternatus\n|-ability|p1b: Calyrex|Grim Neigh|boost\n|-boost|p1b: Calyrex|spa|1\n|-damage|p1b: Calyrex|44/100|[from] item: Life Orb\n|move|p2b: Garganacl|Salt Cure|p1a: Amoonguss\n|-damage|p1a: Amoonguss|71/100\n|\n|-damage|p1a: Amoonguss|59/100|[from] Salt Cure\n|-sideend|p2: Sunny_zong1|Reflect\n|upkeep\n|\n|t:|1774291590\n|switch|p2a: Calyrex|Calyrex-Ice, L50|100/100\n|-ability|p2a: Calyrex|As One\n|-ability|p2a: Calyrex|Unnerve\n|turn|16\n|inactive|tbyong has 20 seconds left this turn.\n|inactive|tbyong has 15 seconds left.\n|inactive|tbyong has 10 seconds left.\n|\n|t:|1774291603\n|move|p1a: Amoonguss|Rage Powder|p1a: Amoonguss\n|-singleturn|p1a: Amoonguss|move: Rage Powder\n|move|p1b: Calyrex|Astral Barrage|p2b: Garganacl|[spread] p2a,p2b\n|-supereffective|p2a: Calyrex\n|-damage|p2a: Calyrex|0 fnt\n|-damage|p2b: Garganacl|36/100\n|faint|p2a: Calyrex\n|-ability|p1b: Calyrex|Grim Neigh|boost\n|-boost|p1b: Calyrex|spa|1\n|-damage|p1b: Calyrex|34/100|[from] item: Life Orb\n|move|p2b: Garganacl|Salt Cure|p1a: Amoonguss\n|-damage|p1a: Amoonguss|53/100\n|\n|-damage|p1a: Amoonguss|41/100|[from] Salt Cure\n|upkeep\n|turn|17\n|inactive|tbyong has 10 seconds left this turn.\n|-message|Sunny_zong1 forfeited.\n|\n|win|tbyong\n|raw|tbyong's rating: 1174 &rarr; <strong>1202</strong><br />(+28 for winning)\n|raw|Sunny_zong1's rating: 1215 &rarr; <strong>1187</strong><br />(-28 for losing)\n|l|\u2606Sunny_zong1\n|player|p2|\n|c|\u2606tbyong|hh\n|l|\u2606tbyong\n|player|p1|\n","uploadtime":1774291776,"views":10,"formatid":"gen9vgc2026regi","rating":1187,"private":0,"password":null}