{"id":"gen9vgc2026regi-2576803950","format":"[Gen 9] VGC 2026 Reg I","players":["itastelikeiron","Faahed"],"log":"|j|\u2606itastelikeiron\n|j|\u2606Faahed\n|t:|1775507024\n|gametype|doubles\n|player|p1|itastelikeiron|infielder|1488\n|player|p2|Faahed|1|1456\n|gen|9\n|tier|[Gen 9] VGC 2026 Reg I\n|rated|\n|rule|Species Clause: Limit one of each Pok\u00e9mon\n|rule|Item Clause: Limit 1 of each item\n|clearpoke\n|poke|p1|Poliwag, L50, M|\n|poke|p1|Kyogre, L50|\n|poke|p1|Tsareena, L50, F|\n|poke|p1|Zacian-*, L50|\n|poke|p1|Incineroar, L50, M|\n|poke|p1|Raichu, L50, F|\n|poke|p2|Shiftry, L50, M|\n|poke|p2|Blaziken, L50, F|\n|poke|p2|Iron Bundle, L50|\n|poke|p2|Lunala, L50|\n|poke|p2|Hatterene, L50, F|\n|poke|p2|Miraidon, L50|\n|teampreview|4\n|inactive|Battle timer is ON: inactive players will automatically lose when time's up. (requested by Faahed)\n|\n|t:|1775507086\n|teamsize|p1|4\n|teamsize|p2|4\n|start\n|switch|p1a: Incineroar|Incineroar, L50, M|100/100\n|switch|p1b: Zacian|Zacian-Crowned, L50|100/100\n|switch|p2a: Blaziken|Blaziken, L50, F|100/100\n|switch|p2b: Shiftry|Shiftry, L50, M|100/100\n|-ability|p1b: Zacian|Intrepid Sword|boost\n|-boost|p1b: Zacian|atk|1\n|-ability|p1a: Incineroar|Intimidate|boost\n|-fail|p2a: Blaziken|unboost|[from] item: Clear Amulet|[of] p2a: Blaziken\n|-unboost|p2b: Shiftry|atk|1\n|turn|1\n|\n|t:|1775507101\n|-terastallize|p1b: Zacian|Ground\n|move|p2a: Blaziken|Upper Hand|p1a: Incineroar\n|-supereffective|p1a: Incineroar\n|-damage|p1a: Incineroar|52/100\n|-damage|p2a: Blaziken|84/100|[from] item: Rocky Helmet|[of] p1a: Incineroar\n|cant|p1a: Incineroar|flinch\n|move|p1b: Zacian|Tera Blast|p2a: Blaziken|[anim] Tera Blast Ground\n|-supereffective|p2a: Blaziken\n|-damage|p2a: Blaziken|0 fnt\n|faint|p2a: Blaziken\n|move|p2b: Shiftry|Tailwind|p2b: Shiftry\n|-sidestart|p2: Faahed|move: Tailwind\n|-ability|p2b: Shiftry|Wind Rider|boost\n|-boost|p2b: Shiftry|atk|1\n|\n|upkeep\n|\n|t:|1775507117\n|switch|p2a: Iron Bundle|Iron Bundle, L50|100/100\n|turn|2\n|inactive|Faahed has 30 seconds left.\n|\n|t:|1775507147\n|-terastallize|p2a: Iron Bundle|Ghost\n|move|p1b: Zacian|Protect|p1b: Zacian\n|-singleturn|p1b: Zacian|Protect\n|move|p2a: Iron Bundle|Freeze-Dry|p1b: Zacian\n|-activate|p1b: Zacian|move: Protect\n|move|p2b: Shiftry|Petal Blizzard|p1b: Zacian|[spread] p2a,p1a\n|-activate|p1b: Zacian|move: Protect\n|-resisted|p1a: Incineroar\n|-damage|p2a: Iron Bundle|68/100\n|-damage|p1a: Incineroar|43/100\n|move|p1a: Incineroar|Parting Shot|p2a: Iron Bundle\n|-unboost|p2a: Iron Bundle|atk|1\n|-unboost|p2a: Iron Bundle|spa|1\n|\n|t:|1775507159\n|switch|p1a: Raichu|Raichu, L50, F|100/100|[from] Parting Shot\n|\n|upkeep\n|turn|3\n|inactive|Faahed has 30 seconds left.\n|\n|t:|1775507192\n|switch|p1b: Incineroar|Incineroar, L50, M|43/100\n|-ability|p1b: Incineroar|Intimidate|boost\n|-unboost|p2a: Iron Bundle|atk|1\n|-unboost|p2b: Shiftry|atk|1\n|move|p2b: Shiftry|Sucker Punch|p1a: Raichu\n|-damage|p1a: Raichu|70/100\n|move|p2a: Iron Bundle|Freeze-Dry|p1b: Incineroar\n|-resisted|p1b: Incineroar\n|-damage|p1b: Incineroar|28/100\n|move|p1a: Raichu|Nuzzle|p2a: Iron Bundle\n|-damage|p2a: Iron Bundle|60/100\n|-status|p2a: Iron Bundle|par\n|\n|upkeep\n|turn|4\n|inactive|Faahed has 30 seconds left.\n|\n|t:|1775507226\n|-end|p2a: Iron Bundle|Quark Drive|[silent]\n|switch|p2a: Miraidon|Miraidon, L50|100/100\n|-fieldstart|move: Electric Terrain|[from] ability: Hadron Engine|[of] p2a: Miraidon\n|move|p2b: Shiftry|Petal Blizzard|p1a: Raichu|[spread] p2a,p1a,p1b\n|-resisted|p2a: Miraidon\n|-resisted|p1b: Incineroar\n|-damage|p2a: Miraidon|90/100\n|-damage|p1a: Raichu|38/100\n|-damage|p1b: Incineroar|21/100\n|move|p1a: Raichu|Nuzzle|p2b: Shiftry\n|-resisted|p2b: Shiftry\n|-damage|p2b: Shiftry|94/100\n|-status|p2b: Shiftry|par\n|move|p1b: Incineroar|Knock Off|p2a: Miraidon\n|-damage|p2a: Miraidon|49/100\n|-enditem|p2a: Miraidon|Life Orb|[from] move: Knock Off|[of] p1b: Incineroar\n|\n|-sideend|p2: Faahed|move: Tailwind\n|upkeep\n|turn|5\n|\n|t:|1775507250\n|move|p2a: Miraidon|Dazzling Gleam|p1b: Incineroar|[spread] p1a,p1b\n|-crit|p1b: Incineroar\n|-damage|p1a: Raichu|13/100\n|-damage|p1b: Incineroar|0 fnt\n|faint|p1b: Incineroar\n|move|p1a: Raichu|Volt Switch|p2b: Shiftry\n|-resisted|p2b: Shiftry\n|-damage|p2b: Shiftry|70/100 par\n|\n|t:|1775507254\n|switch|p1a: Zacian|Zacian-Crowned, L50, tera:Ground|100/100|[from] Volt Switch\n|move|p2b: Shiftry|Tailwind|p2b: Shiftry\n|-sidestart|p2: Faahed|move: Tailwind\n|-ability|p2b: Shiftry|Wind Rider|boost\n|-boost|p2b: Shiftry|atk|1\n|\n|upkeep\n|\n|t:|1775507261\n|switch|p1b: Raichu|Raichu, L50, F|13/100\n|turn|6\n|\n|t:|1775507280\n|switch|p2b: Iron Bundle|Iron Bundle, L50, tera:Ghost|60/100 par\n|-activate|p2b: Iron Bundle|ability: Quark Drive\n|-start|p2b: Iron Bundle|quarkdrivespe\n|move|p1b: Raichu|Fake Out|p2a: Miraidon\n|-damage|p2a: Miraidon|41/100\n|cant|p2a: Miraidon|flinch\n|move|p1a: Zacian|Behemoth Blade|p2b: Iron Bundle\n|-damage|p2b: Iron Bundle|0 fnt\n|faint|p2b: Iron Bundle\n|-end|p2b: Iron Bundle|Quark Drive|[silent]\n|\n|upkeep\n|\n|t:|1775507293\n|switch|p2b: Shiftry|Shiftry, L50, M|70/100 par\n|-ability|p2b: Shiftry|Wind Rider|boost\n|-boost|p2b: Shiftry|atk|1\n|turn|7\n|\n|t:|1775507311\n|move|p2a: Miraidon|Draco Meteor|p1a: Zacian\n|-damage|p1a: Zacian|17/100\n|-unboost|p2a: Miraidon|spa|2\n|move|p1a: Zacian|Behemoth Blade|p2b: Shiftry\n|-crit|p2b: Shiftry\n|-damage|p2b: Shiftry|0 fnt\n|faint|p2b: Shiftry\n|move|p1b: Raichu|Volt Switch|p2a: Miraidon\n|-resisted|p2a: Miraidon\n|-damage|p2a: Miraidon|36/100\n|\n|t:|1775507320\n|switch|p1b: Kyogre|Kyogre, L50|100/100|[from] Volt Switch\n|-weather|RainDance|[from] ability: Drizzle|[of] p1b: Kyogre\n|\n|-weather|RainDance|[upkeep]\n|upkeep\n|turn|8\n|\n|t:|1775507331\n|move|p1a: Zacian|Protect|p1a: Zacian\n|-singleturn|p1a: Zacian|Protect\n|move|p2a: Miraidon|Electro Drift|p1b: Kyogre\n|-supereffective|p1b: Kyogre\n|-damage|p1b: Kyogre|2/100\n|move|p1b: Kyogre|Ice Beam|p2a: Miraidon\n|-supereffective|p2a: Miraidon\n|-damage|p2a: Miraidon|0 fnt\n|faint|p2a: Miraidon\n|\n|win|itastelikeiron\n|raw|itastelikeiron's rating: 1488 &rarr; <strong>1506</strong><br />(+18 for winning)\n|raw|Faahed's rating: 1456 &rarr; <strong>1438</strong><br />(-18 for losing)\n|l|\u2606Faahed\n|player|p2|\n","uploadtime":1775507546,"views":7,"formatid":"gen9vgc2026regi","rating":1438,"private":0,"password":null}