{"id":"gen9vgc2026regi-2520442566","format":"[Gen 9] VGC 2026 Reg I","players":["angrybook","yaochangzhe"],"log":"|j|\u2606angrybook\n|j|\u2606yaochangzhe\n|t:|1768631385\n|gametype|doubles\n|player|p1|angrybook|pokemaniac|1349\n|player|p2|yaochangzhe|265|1412\n|gen|9\n|tier|[Gen 9] VGC 2026 Reg I\n|rated|\n|rule|Species Clause: Limit one of each Pok\u00e9mon\n|rule|Item Clause: Limit 1 of each item\n|clearpoke\n|poke|p1|Calyrex-Shadow, L50|\n|poke|p1|Koraidon, L50|\n|poke|p1|Indeedee-F, L50, F|\n|poke|p1|Flutter Mane, L50|\n|poke|p1|Incineroar, L50, M|\n|poke|p1|Gallade, L50, M|\n|poke|p2|Miraidon, L50|\n|poke|p2|Calyrex-Ice, L50|\n|poke|p2|Ogerpon-Wellspring, L50, F|\n|poke|p2|Volcarona, L50, F|\n|poke|p2|Farigiraf, L50, M|\n|poke|p2|Ditto, L50|\n|teampreview|4\n|inactive|Battle timer is ON: inactive players will automatically lose when time's up. (requested by angrybook)\n|\n|t:|1768631407\n|teamsize|p1|4\n|teamsize|p2|4\n|start\n|switch|p1a: Indeedee|Indeedee-F, L50, F|100/100\n|switch|p1b: Calyrex|Calyrex-Shadow, L50|100/100\n|switch|p2a: Miraidon|Miraidon, L50|100/100\n|switch|p2b: Ditto|Ditto, L50|100/100\n|-ability|p1b: Calyrex|As One\n|-ability|p1b: Calyrex|Unnerve\n|-fieldstart|move: Electric Terrain|[from] ability: Hadron Engine|[of] p2a: Miraidon\n|-fieldstart|move: Psychic Terrain|[from] ability: Psychic Surge|[of] p1a: Indeedee\n|-enditem|p1a: Indeedee|Psychic Seed\n|-boost|p1a: Indeedee|spd|1|[from] item: Psychic Seed\n|-transform|p2b: Ditto|p1a: Indeedee|[from] ability: Imposter\n|turn|1\n|\n|t:|1768631425\n|move|p1b: Calyrex|Protect|p1b: Calyrex\n|-singleturn|p1b: Calyrex|Protect\n|move|p2a: Miraidon|Snarl|p1b: Calyrex|[spread] p1a\n|-activate|p1b: Calyrex|move: Protect\n|-supereffective|p1a: Indeedee\n|-damage|p1a: Indeedee|82/100\n|-unboost|p1a: Indeedee|spa|1\n|move|p2b: Ditto|Dazzling Gleam|p1b: Calyrex|[spread] p1a\n|-activate|p1b: Calyrex|move: Protect\n|-damage|p1a: Indeedee|75/100\n|move|p1a: Indeedee|Imprison|p1a: Indeedee\n|-start|p1a: Indeedee|move: Imprison\n|\n|upkeep\n|turn|2\n|\n|t:|1768631442\n|switch|p1b: Koraidon|Koraidon, L50|100/100\n|-weather|SunnyDay|[from] ability: Orichalcum Pulse|[of] p1b: Koraidon\n|-activate|p1b: Koraidon|Orichalcum Pulse|[source]\n|switch|p2b: Farigiraf|Farigiraf, L50, M|100/100\n|move|p2a: Miraidon|Snarl|p1b: Koraidon|[spread] p1a,p1b\n|-supereffective|p1a: Indeedee\n|-resisted|p1b: Koraidon\n|-damage|p1a: Indeedee|58/100\n|-damage|p1b: Koraidon|93/100\n|-unboost|p1a: Indeedee|spa|1\n|-unboost|p1b: Koraidon|spa|1\n|move|p1a: Indeedee|Dazzling Gleam|p2b: Farigiraf|[spread] p2a,p2b\n|-supereffective|p2a: Miraidon\n|-damage|p2a: Miraidon|90/100\n|-damage|p2b: Farigiraf|94/100\n|\n|-weather|SunnyDay|[upkeep]\n|upkeep\n|turn|3\n|inactive|yaochangzhe has 30 seconds left.\n|\n|t:|1768631473\n|switch|p2a: Ditto|Ditto, L50|100/100\n|-transform|p2a: Ditto|p1b: Koraidon|[from] ability: Imposter\n|-activate|p2a: Ditto|ability: Orichalcum Pulse\n|move|p1a: Indeedee|Follow Me|p1a: Indeedee\n|-singleturn|p1a: Indeedee|move: Follow Me\n|move|p1b: Koraidon|Close Combat|p2a: Ditto\n|-enditem|p2a: Ditto|Focus Sash\n|-damage|p2a: Ditto|1/100\n|-unboost|p1b: Koraidon|def|1\n|-unboost|p1b: Koraidon|spd|1\n|-damage|p1b: Koraidon|83/100|[from] item: Life Orb\n|move|p2b: Farigiraf|Foul Play|p1a: Indeedee\n|-supereffective|p1a: Indeedee\n|-damage|p1a: Indeedee|33/100\n|\n|-weather|SunnyDay|[upkeep]\n|upkeep\n|turn|4\n|\n|t:|1768631503\n|switch|p2b: Miraidon|Miraidon, L50|90/100\n|-fieldstart|move: Electric Terrain|[from] ability: Hadron Engine|[of] p2b: Miraidon\n|move|p2a: Ditto|Protect|p2a: Ditto\n|-singleturn|p2a: Ditto|Protect\n|move|p1b: Koraidon|Protect|p1b: Koraidon\n|-singleturn|p1b: Koraidon|Protect\n|move|p1a: Indeedee|Dazzling Gleam|p2a: Ditto|[spread] p2b\n|-activate|p2a: Ditto|move: Protect\n|-supereffective|p2b: Miraidon\n|-damage|p2b: Miraidon|80/100\n|\n|-weather|SunnyDay|[upkeep]\n|upkeep\n|turn|5\n|\n|t:|1768631524\n|switch|p1b: Calyrex|Calyrex-Shadow, L50|100/100\n|-ability|p1b: Calyrex|As One\n|-ability|p1b: Calyrex|Unnerve\n|move|p2b: Miraidon|Electro Drift|p1b: Calyrex\n|-damage|p1b: Calyrex|0 fnt\n|faint|p1b: Calyrex\n|move|p2a: Ditto|Close Combat|p1a: Indeedee\n|-damage|p1a: Indeedee|0 fnt\n|-unboost|p2a: Ditto|def|1\n|-unboost|p2a: Ditto|spd|1\n|faint|p1a: Indeedee\n|\n|-weather|SunnyDay|[upkeep]\n|upkeep\n|\n|t:|1768631532\n|switch|p1b: Incineroar|Incineroar, L50, M|100/100\n|switch|p1a: Koraidon|Koraidon, L50|83/100\n|-activate|p1a: Koraidon|ability: Orichalcum Pulse\n|-ability|p1b: Incineroar|Intimidate|boost\n|-unboost|p2a: Ditto|atk|1\n|-unboost|p2b: Miraidon|atk|1\n|turn|6\n|\n|t:|1768631539\n|switch|p2b: Farigiraf|Farigiraf, L50, M|94/100\n|-enditem|p2b: Farigiraf|Electric Seed\n|-boost|p2b: Farigiraf|def|1|[from] item: Electric Seed\n|move|p1b: Incineroar|Fake Out||[still]\n|cant|p2b: Farigiraf|ability: Armor Tail|Fake Out|[of] p1b: Incineroar\n|move|p2a: Ditto|Close Combat|p1b: Incineroar\n|-supereffective|p1b: Incineroar\n|-damage|p1b: Incineroar|0 fnt\n|-unboost|p2a: Ditto|def|1\n|-unboost|p2a: Ditto|spd|1\n|faint|p1b: Incineroar\n|move|p1a: Koraidon|Flame Charge|p2a: Ditto\n|-resisted|p2a: Ditto\n|-damage|p2a: Ditto|0 fnt\n|-boost|p1a: Koraidon|spe|1\n|faint|p2a: Ditto\n|-damage|p1a: Koraidon|73/100|[from] item: Life Orb\n|\n|-weather|none\n|upkeep\n|\n|t:|1768631555\n|switch|p2a: Calyrex|Calyrex-Ice, L50|100/100\n|-ability|p2a: Calyrex|As One\n|-ability|p2a: Calyrex|Unnerve\n|turn|7\n|\n|t:|1768631563\n|-terastallize|p2a: Calyrex|Water\n|move|p1a: Koraidon|Close Combat|p2b: Farigiraf\n|-damage|p2b: Farigiraf|49/100\n|-unboost|p1a: Koraidon|def|1\n|-unboost|p1a: Koraidon|spd|1\n|-damage|p1a: Koraidon|64/100|[from] item: Life Orb\n|move|p2a: Calyrex|Glacial Lance|p1a: Koraidon\n|-supereffective|p1a: Koraidon\n|-crit|p1a: Koraidon\n|-damage|p1a: Koraidon|0 fnt\n|faint|p1a: Koraidon\n|\n|win|yaochangzhe\n|raw|angrybook's rating: 1349 &rarr; <strong>1333</strong><br />(-16 for losing)\n|raw|yaochangzhe's rating: 1412 &rarr; <strong>1428</strong><br />(+16 for winning)\n|c|\u2606angrybook|gg\n|l|\u2606angrybook\n|player|p1|\n|l|\u2606yaochangzhe\n|player|p2|\n","uploadtime":1768631827,"views":12,"formatid":"gen9vgc2026regi","rating":1333,"private":0,"password":null}