{"id":"gen9vgc2026regi-2573373059","format":"[Gen 9] VGC 2026 Reg I","players":["benniovyalt","MinatoSeviser"],"log":"|j|\u2606benniovyalt\n|j|\u2606MinatoSeviser\n|t:|1775129537\n|gametype|doubles\n|player|p1|benniovyalt|102|\n|player|p2|MinatoSeviser|kukui|\n|gen|9\n|tier|[Gen 9] VGC 2026 Reg I\n|rated|Tournament battle\n|rule|Species Clause: Limit one of each Pok\u00e9mon\n|rule|Item Clause: Limit 1 of each item\n|raw|<div class=\"infobox\"><details class=\"readmore\" open><summary><strong>3 custom rules:</strong></summary> Open Team Sheets, Force Open Team Sheets, !Open Team Sheets</details></div>\n|clearpoke\n|poke|p1|Calyrex-Shadow, L50|\n|poke|p1|Zamazenta-*, L50|\n|poke|p1|Incineroar, L50, F|\n|poke|p1|Rillaboom, L50, M|\n|poke|p1|Ogerpon-Cornerstone, L50, F|\n|poke|p1|Tornadus, L50, M|\n|poke|p2|Koraidon, L50|\n|poke|p2|Calyrex-Shadow, L50|\n|poke|p2|Tornadus, L50, M|\n|poke|p2|Urshifu-*, L50, M|\n|poke|p2|Clefairy, L50, F|\n|poke|p2|Mamoswine, L50, F|\n|teampreview|4\n|showteam|p1|Calyrex-Shadow||FocusSash|AsOneSpectrier|AstralBarrage,Psychic,NastyPlot,Protect||||||50|,,,,,Ghost]Zamazenta-Crowned||RustedShield|DauntlessShield|BodyPress,HeavySlam,WideGuard,Protect||||||50|,,,,,Dragon]Incineroar||RockyHelmet|Intimidate|KnockOff,PartingShot,WillOWisp,FakeOut|||F|||50|,,,,,Bug]Rillaboom||AssaultVest|GrassySurge|WoodHammer,Uturn,GrassyGlide,FakeOut|||M|||50|,,,,,Fire]Ogerpon-Cornerstone||CornerstoneMask|Sturdy|IvyCudgel,Taunt,FollowMe,SpikyShield|||F|||50|,,,,,Rock]Tornadus||CovertCloak|Prankster|BleakwindStorm,Tailwind,RainDance,Taunt|||M|||50|,,,,,Dark\n|showteam|p2|Koraidon||ClearAmulet|OrichalcumPulse|FlareBlitz,CollisionCourse,FlameCharge,Protect||||||50|,,,,,Fire]Calyrex-Shadow||LifeOrb|AsOneSpectrier|AstralBarrage,Psychic,NastyPlot,Protect||||||50|,,,,,Dark]Tornadus||SharpBeak|Prankster|BleakwindStorm,Taunt,Tailwind,Protect|||M|||50|,,,,,Dark]Urshifu||ChoiceScarf|UnseenFist|WickedBlow,CloseCombat,SuckerPunch,Uturn|||M|||50|,,,,,Water]Clefairy||Eviolite|FriendGuard|FollowMe,HelpingHand,Encore,Protect|||F|||50|,,,,,Water]Mamoswine||QuickClaw|Oblivious|IceShard,Protect,KnockOff,Earthquake|||F|||50|,,,,,Dark\n|j| elychee267\n|c|\u2606MinatoSeviser|glhf!\n|c|\u2606benniovyalt|GLHF\n|c|\u2606benniovyalt|oop\n|c|\u2606benniovyalt|but what the heck is this match making man\n|c|\u2606benniovyalt|every time ive ran into some dog shit mu\n|j| Solarbloke\n|j| Jamstiffer\n|l| Solarbloke\n|c|\u2606MinatoSeviser|This is not a dog shit\n|j| missouri mott\n|c|\u2606MinatoSeviser|I guess clefairy is the closest to a poo\n|\n|t:|1775129611\n|teamsize|p1|4\n|teamsize|p2|4\n|start\n|switch|p1a: Zamazenta|Zamazenta-Crowned, L50|100/100\n|switch|p1b: Calyrex|Calyrex-Shadow, L50|100/100\n|switch|p2a: Kedluben|Calyrex-Shadow, L50|100/100\n|switch|p2b: D\u011bda Honza|Tornadus, L50, M|100/100\n|-ability|p1b: Calyrex|As One\n|-ability|p1b: Calyrex|Unnerve\n|-ability|p2a: Kedluben|As One\n|-ability|p2a: Kedluben|Unnerve\n|-ability|p1a: Zamazenta|Dauntless Shield|boost\n|-boost|p1a: Zamazenta|def|1\n|turn|1\n|\n|t:|1775129629\n|-terastallize|p1b: Calyrex|Ghost\n|move|p2a: Kedluben|Protect|p2a: Kedluben\n|-singleturn|p2a: Kedluben|Protect\n|move|p2b: D\u011bda Honza|Taunt|p1a: Zamazenta\n|-start|p1a: Zamazenta|move: Taunt\n|move|p1b: Calyrex|Astral Barrage|p2a: Kedluben|[spread] p2b\n|-activate|p2a: Kedluben|move: Protect\n|-damage|p2b: D\u011bda Honza|12/100\n|move|p1a: Zamazenta|Body Press|p2a: Kedluben\n|-activate|p2a: Kedluben|move: Protect\n|\n|upkeep\n|turn|2\n|\n|t:|1775129660\n|switch|p1b: Incineroar|Incineroar, L50, F|100/100\n|-ability|p1b: Incineroar|Intimidate|boost\n|-unboost|p2a: Kedluben|atk|1\n|-unboost|p2b: D\u011bda Honza|atk|1\n|move|p2b: D\u011bda Honza|Tailwind|p2b: D\u011bda Honza\n|-sidestart|p2: MinatoSeviser|move: Tailwind\n|move|p2a: Kedluben|Astral Barrage|p1a: Zamazenta|[spread] p1a,p1b\n|-resisted|p1b: Incineroar\n|-damage|p1a: Zamazenta|52/100\n|-damage|p1b: Incineroar|66/100\n|-damage|p2a: Kedluben|91/100|[from] item: Life Orb\n|move|p1a: Zamazenta|Heavy Slam|p2a: Kedluben\n|-damage|p2a: Kedluben|34/100\n|\n|upkeep\n|turn|3\n|c|\u2606benniovyalt|wait im a moron\n|c|\u2606benniovyalt|whyd i switch?\n|c|\u2606benniovyalt|i threw\n|c|\u2606benniovyalt|i think i win the game that turn lmao\n|c|\u2606MinatoSeviser|i predicted the switch\n|\n|t:|1775129692\n|move|p2b: D\u011bda Honza|Protect|p2b: D\u011bda Honza\n|-singleturn|p2b: D\u011bda Honza|Protect\n|move|p2a: Kedluben|Protect|p2a: Kedluben\n|-singleturn|p2a: Kedluben|Protect\n|move|p1b: Incineroar|Fake Out|p2b: D\u011bda Honza\n|-activate|p2b: D\u011bda Honza|move: Protect\n|move|p1a: Zamazenta|Heavy Slam|p2a: Kedluben\n|-activate|p2a: Kedluben|move: Protect\n|\n|-end|p1a: Zamazenta|move: Taunt\n|upkeep\n|turn|4\n|c|\u2606benniovyalt|nah switch or not\n|c|\u2606benniovyalt|i still win\n|c|\u2606benniovyalt|since i have sash\n|c|\u2606benniovyalt|prob outspeed and kill both\n|c|\u2606benniovyalt|and then i have the stuff in the back to keep me safe\n|\n|t:|1775129729\n|switch|p2b: Houska se sal\u00e1mem|Urshifu, L50, M|100/100\n|move|p2a: Kedluben|Psychic|p1a: Zamazenta\n|-damage|p1a: Zamazenta|5/100\n|-damage|p2a: Kedluben|24/100|[from] item: Life Orb\n|move|p1a: Zamazenta|Heavy Slam|p2a: Kedluben\n|-damage|p2a: Kedluben|0 fnt\n|faint|p2a: Kedluben\n|move|p1b: Incineroar|Knock Off|p2b: Houska se sal\u00e1mem\n|-resisted|p2b: Houska se sal\u00e1mem\n|-damage|p2b: Houska se sal\u00e1mem|90/100\n|-enditem|p2b: Houska se sal\u00e1mem|Choice Scarf|[from] move: Knock Off|[of] p1b: Incineroar\n|\n|upkeep\n|\n|t:|1775129743\n|switch|p2a: Jan\u017di\u017ekaZTrocnova|Koraidon, L50|100/100\n|-weather|SunnyDay|[from] ability: Orichalcum Pulse|[of] p2a: Jan\u017di\u017ekaZTrocnova\n|-activate|p2a: Jan\u017di\u017ekaZTrocnova|Orichalcum Pulse|[source]\n|turn|5\n|l| elychee267\n|\n|t:|1775129765\n|switch|p1a: Ogerpon|Ogerpon-Cornerstone, L50, F|100/100\n|switch|p1b: Calyrex|Calyrex-Shadow, L50, tera:Ghost|100/100\n|-ability|p1b: Calyrex|As One\n|-ability|p1b: Calyrex|Unnerve\n|move|p2a: Jan\u017di\u017ekaZTrocnova|Collision Course|p1b: Calyrex\n|-immune|p1b: Calyrex\n|move|p2b: Houska se sal\u00e1mem|Wicked Blow|p1a: Ogerpon\n|-crit|p1a: Ogerpon\n|-damage|p1a: Ogerpon|25/100\n|\n|-weather|SunnyDay|[upkeep]\n|-sideend|p2: MinatoSeviser|move: Tailwind\n|upkeep\n|turn|6\n|\n|t:|1775129794\n|move|p1b: Calyrex|Astral Barrage|p2b: Houska se sal\u00e1mem|[spread] p2a,p2b\n|-resisted|p2b: Houska se sal\u00e1mem\n|-damage|p2a: Jan\u017di\u017ekaZTrocnova|43/100\n|-damage|p2b: Houska se sal\u00e1mem|33/100\n|move|p1a: Ogerpon|Ivy Cudgel|p2b: Houska se sal\u00e1mem|[anim] Ivy Cudgel Rock\n|-resisted|p2b: Houska se sal\u00e1mem\n|-damage|p2b: Houska se sal\u00e1mem|9/100\n|move|p2a: Jan\u017di\u017ekaZTrocnova|Flare Blitz|p1b: Calyrex\n|-enditem|p1b: Calyrex|Focus Sash\n|-damage|p1b: Calyrex|1/100\n|-status|p1b: Calyrex|brn\n|-damage|p2a: Jan\u017di\u017ekaZTrocnova|15/100|[from] Recoil\n|move|p2b: Houska se sal\u00e1mem|Wicked Blow|p1b: Calyrex\n|-supereffective|p1b: Calyrex\n|-crit|p1b: Calyrex\n|-damage|p1b: Calyrex|0 fnt\n|faint|p1b: Calyrex\n|\n|-weather|SunnyDay|[upkeep]\n|upkeep\n|j| Cowkoi\n|\n|t:|1775129809\n|switch|p1b: Incineroar|Incineroar, L50, F|66/100\n|-ability|p1b: Incineroar|Intimidate|boost\n|-fail|p2a: Jan\u017di\u017ekaZTrocnova|unboost|[from] item: Clear Amulet|[of] p2a: Jan\u017di\u017ekaZTrocnova\n|-unboost|p2b: Houska se sal\u00e1mem|atk|1\n|turn|7\n|c|\u2606benniovyalt|yeh i think i woulda won if i didnt switch there lmao\n|c|\u2606benniovyalt|i just didnt have my brain turned on\n|c|\u2606MinatoSeviser|you can still win\n|l| Cowkoi\n|c|\u2606benniovyalt|yeh if you massivly mess up lmao\n|c|\u2606MinatoSeviser|I have like zero hp on everything\n|c|\u2606benniovyalt|yeh but you kill everything\n|c|\u2606benniovyalt|so what does it matter\n|c|\u2606benniovyalt|hmm\n|c|\u2606benniovyalt|maybe\n|c|\u2606benniovyalt|depends\n|c|\u2606benniovyalt|i think it comes down to a mind game\n|\n|t:|1775129892\n|move|p2a: Jan\u017di\u017ekaZTrocnova|Protect|p2a: Jan\u017di\u017ekaZTrocnova\n|-singleturn|p2a: Jan\u017di\u017ekaZTrocnova|Protect\n|move|p1b: Incineroar|Fake Out|p2b: Houska se sal\u00e1mem\n|-damage|p2b: Houska se sal\u00e1mem|0 fnt\n|faint|p2b: Houska se sal\u00e1mem\n|move|p1a: Ogerpon|Ivy Cudgel|p2a: Jan\u017di\u017ekaZTrocnova|[anim] Ivy Cudgel Rock\n|-activate|p2a: Jan\u017di\u017ekaZTrocnova|move: Protect\n|\n|-weather|SunnyDay|[upkeep]\n|upkeep\n|\n|t:|1775129897\n|switch|p2b: D\u011bda Honza|Tornadus, L50, M|12/100\n|turn|8\n|\n|t:|1775129936\n|-terastallize|p2a: Jan\u017di\u017ekaZTrocnova|Fire\n|move|p2b: D\u011bda Honza|Tailwind|p2b: D\u011bda Honza\n|-sidestart|p2: MinatoSeviser|move: Tailwind\n|move|p2a: Jan\u017di\u017ekaZTrocnova|Flame Charge|p1a: Ogerpon\n|-damage|p1a: Ogerpon|0 fnt\n|-boost|p2a: Jan\u017di\u017ekaZTrocnova|spe|1\n|faint|p1a: Ogerpon\n|move|p1b: Incineroar|Knock Off|p2a: Jan\u017di\u017ekaZTrocnova\n|-damage|p2a: Jan\u017di\u017ekaZTrocnova|0 fnt\n|-enditem|p2a: Jan\u017di\u017ekaZTrocnova|Clear Amulet|[from] move: Knock Off|[of] p1b: Incineroar\n|faint|p2a: Jan\u017di\u017ekaZTrocnova\n|\n|-weather|SunnyDay|[upkeep]\n|upkeep\n|\n|t:|1775129943\n|switch|p1a: Zamazenta|Zamazenta-Crowned, L50|5/100\n|turn|9\n|c|\u2606benniovyalt|phew\n|c|\u2606MinatoSeviser|see? gg\n|c|\u2606benniovyalt|thought it was over\n|c|\u2606benniovyalt|byt eh\n|c|\u2606benniovyalt|i was overeacting\n|c|\u2606benniovyalt|sorry boyt that\n|c|\u2606benniovyalt|ggs tho\n|\n|t:|1775129960\n|move|p1a: Zamazenta|Wide Guard|p1a: Zamazenta\n|-singleturn|p1a: Zamazenta|Wide Guard\n|move|p2b: D\u011bda Honza|Taunt|p1a: Zamazenta\n|-start|p1a: Zamazenta|move: Taunt\n|move|p1b: Incineroar|Knock Off|p2b: D\u011bda Honza\n|-damage|p2b: D\u011bda Honza|0 fnt\n|-enditem|p2b: D\u011bda Honza|Sharp Beak|[from] move: Knock Off|[of] p1b: Incineroar\n|faint|p2b: D\u011bda Honza\n|\n|win|benniovyalt\n|n|\u2606benniovyalt|benniovyalt\n|n|\u2606MinatoSeviser|minatoseviser\n|n| Jamstiffer|jamstiffer\n|n| missouri mott|missourimott\n","uploadtime":1775129960,"views":10,"formatid":"gen9vgc2026regi","rating":null,"private":0,"password":null}