{"id":"gen9vgc2026regi-2557935402","format":"[Gen 9] VGC 2026 Reg I","players":["ArisHazard","olivewood"],"log":"|j|\u2606ArisHazard\n|j|\u2606olivewood\n|t:|1773376181\n|gametype|doubles\n|player|p1|ArisHazard|169|1366\n|player|p2|olivewood|caitlin|1367\n|gen|9\n|tier|[Gen 9] VGC 2026 Reg I\n|rated|\n|rule|Species Clause: Limit one of each Pok\u00e9mon\n|rule|Item Clause: Limit 1 of each item\n|clearpoke\n|poke|p1|Calyrex-Ice, L50|\n|poke|p1|Hitmontop, L50, M|\n|poke|p1|Miraidon, L50|\n|poke|p1|Sableye, L50, F|\n|poke|p1|Ting-Lu, L50|\n|poke|p1|Iron Valiant, L50|\n|poke|p2|Incineroar, L50, M|\n|poke|p2|Iron Hands, L50|\n|poke|p2|Calyrex-Ice, L50|\n|poke|p2|Miraidon, L50|\n|poke|p2|Farigiraf, L50, F|\n|poke|p2|Whimsicott, L50, F|\n|teampreview|4\n|inactive|Battle timer is ON: inactive players will automatically lose when time's up. (requested by ArisHazard)\n|\n|t:|1773376218\n|teamsize|p1|4\n|teamsize|p2|4\n|start\n|switch|p1a: Calyrex|Calyrex-Ice, L50|100/100\n|switch|p1b: Iron Valiant|Iron Valiant, L50|100/100\n|switch|p2a: Whimsy|Whimsicott, L50, F, shiny|100/100\n|switch|p2b: Aegis|Miraidon, L50|100/100\n|-ability|p1a: Calyrex|As One\n|-ability|p1a: Calyrex|Unnerve\n|-fieldstart|move: Electric Terrain|[from] ability: Hadron Engine|[of] p2b: Aegis\n|-activate|p1b: Iron Valiant|ability: Quark Drive\n|-start|p1b: Iron Valiant|quarkdrivespe\n|turn|1\n|inactive|olivewood has 30 seconds left.\n|inactive|olivewood has 20 seconds left.\n|inactive|olivewood has 15 seconds left.\n|\n|t:|1773376258\n|-end|p1b: Iron Valiant|Quark Drive|[silent]\n|switch|p1b: Ting-Lu|Ting-Lu, L50|100/100\n|-ability|p1b: Ting-Lu|Vessel of Ruin\n|-terastallize|p2b: Aegis|Fairy\n|move|p2a: Whimsy|Tailwind|p2a: Whimsy\n|-sidestart|p2: olivewood|move: Tailwind\n|move|p2b: Aegis|Electro Drift|p1b: Ting-Lu\n|-immune|p1b: Ting-Lu\n|move|p1a: Calyrex|Glacial Lance|p2a: Whimsy|[spread] p2a,p2b\n|-supereffective|p2a: Whimsy\n|-damage|p2a: Whimsy|0 fnt\n|-damage|p2b: Aegis|42/100\n|faint|p2a: Whimsy\n|-ability|p1a: Calyrex|Chilling Neigh|boost\n|-boost|p1a: Calyrex|atk|1\n|\n|upkeep\n|\n|t:|1773376278\n|switch|p2a: Zelda|Calyrex-Ice, L50|100/100\n|-ability|p2a: Zelda|As One\n|-ability|p2a: Zelda|Unnerve\n|turn|2\n|\n|t:|1773376294\n|switch|p2b: Farigiraf|Farigiraf, L50, F|100/100\n|-enditem|p2b: Farigiraf|Electric Seed\n|-boost|p2b: Farigiraf|def|1|[from] item: Electric Seed\n|move|p1a: Calyrex|Protect|p1a: Calyrex\n|-singleturn|p1a: Calyrex|Protect\n|move|p2a: Zelda|Glacial Lance|p1a: Calyrex|[spread] p1b\n|-activate|p1a: Calyrex|move: Protect\n|-supereffective|p1b: Ting-Lu\n|-damage|p1b: Ting-Lu|36/100\n|move|p1b: Ting-Lu|Ruination|p2a: Zelda\n|-damage|p2a: Zelda|51/100\n|\n|upkeep\n|turn|3\n|\n|t:|1773376311\n|switch|p1b: Hitmontop|Hitmontop, L50, M|100/100\n|-ability|p1b: Hitmontop|Intimidate|boost\n|-fail|p2a: Zelda|unboost|[from] item: Clear Amulet|[of] p2a: Zelda\n|-unboost|p2b: Farigiraf|atk|1\n|-terastallize|p1a: Calyrex|Fire\n|move|p2b: Farigiraf|Foul Play|p1a: Calyrex\n|-damage|p1a: Calyrex|57/100\n|move|p2a: Zelda|Glacial Lance|p1b: Hitmontop|[spread] p1a,p1b\n|-resisted|p1a: Calyrex\n|-damage|p1a: Calyrex|39/100\n|-damage|p1b: Hitmontop|36/100\n|move|p1a: Calyrex|Glacial Lance|p2a: Zelda|[spread] p2a,p2b\n|-resisted|p2a: Zelda\n|-damage|p2a: Zelda|24/100\n|-damage|p2b: Farigiraf|52/100\n|\n|upkeep\n|turn|4\n|inactive|olivewood has 30 seconds left.\n|\n|t:|1773376344\n|switch|p2a: Aegis|Miraidon, L50, tera:Fairy|42/100\n|-activate|p2a: Aegis|ability: Hadron Engine\n|move|p1a: Calyrex|Protect|p1a: Calyrex\n|-singleturn|p1a: Calyrex|Protect\n|move|p2b: Farigiraf|Foul Play|p1a: Calyrex\n|-activate|p1a: Calyrex|move: Protect\n|move|p1b: Hitmontop|Coaching|p1a: Calyrex\n|-boost|p1a: Calyrex|atk|1\n|-boost|p1a: Calyrex|def|1\n|\n|-sideend|p2: olivewood|move: Tailwind\n|upkeep\n|turn|5\n|\n|t:|1773376366\n|move|p1b: Hitmontop|Wide Guard|p1b: Hitmontop\n|-singleturn|p1b: Hitmontop|Wide Guard\n|move|p2a: Aegis|Volt Switch|p1b: Hitmontop\n|-damage|p1b: Hitmontop|0 fnt\n|faint|p1b: Hitmontop\n|\n|t:|1773376373\n|switch|p2a: Zelda|Calyrex-Ice, L50|24/100|[from] Volt Switch\n|-ability|p2a: Zelda|As One\n|-ability|p2a: Zelda|Unnerve\n|move|p2b: Farigiraf|Foul Play|p1a: Calyrex\n|-damage|p1a: Calyrex|3/100\n|move|p1a: Calyrex|Glacial Lance|p2b: Farigiraf|[spread] p2a,p2b\n|-resisted|p2a: Zelda\n|-damage|p2a: Zelda|0 fnt\n|-damage|p2b: Farigiraf|0 fnt\n|faint|p2a: Zelda\n|faint|p2b: Farigiraf\n|-ability|p1a: Calyrex|Chilling Neigh|boost\n|-boost|p1a: Calyrex|atk|2\n|\n|-fieldend|move: Electric Terrain\n|upkeep\n|\n|t:|1773376391\n|switch|p1b: Iron Valiant|Iron Valiant, L50|100/100\n|switch|p2a: Aegis|Miraidon, L50, tera:Fairy|42/100\n|-fieldstart|move: Electric Terrain|[from] ability: Hadron Engine|[of] p2a: Aegis\n|-activate|p1b: Iron Valiant|ability: Quark Drive\n|-start|p1b: Iron Valiant|quarkdrivespe\n|turn|6\n|\n|t:|1773376402\n|move|p1b: Iron Valiant|Protect|p1b: Iron Valiant\n|-singleturn|p1b: Iron Valiant|Protect\n|move|p1a: Calyrex|Protect|p1a: Calyrex\n|-singleturn|p1a: Calyrex|Protect\n|move|p2a: Aegis|Dazzling Gleam|p1b: Iron Valiant|[spread] \n|-activate|p1a: Calyrex|move: Protect\n|-activate|p1b: Iron Valiant|move: Protect\n|\n|upkeep\n|turn|7\n|\n|t:|1773376413\n|move|p1b: Iron Valiant|Wide Guard|p1b: Iron Valiant\n|-singleturn|p1b: Iron Valiant|Wide Guard\n|move|p2a: Aegis|Dazzling Gleam|p1a: Calyrex|[spread] \n|-activate|p1a: Calyrex|move: Wide Guard\n|-activate|p1b: Iron Valiant|move: Wide Guard\n|move|p1a: Calyrex|Glacial Lance|p2a: Aegis\n|-damage|p2a: Aegis|0 fnt\n|faint|p2a: Aegis\n|\n|win|ArisHazard\n|raw|ArisHazard's rating: 1366 &rarr; <strong>1386</strong><br />(+20 for winning)\n|raw|olivewood's rating: 1367 &rarr; <strong>1347</strong><br />(-20 for losing)\n|l|\u2606olivewood\n|player|p2|\n|l|\u2606ArisHazard\n|player|p1|\n","uploadtime":1773376614,"views":15,"formatid":"gen9vgc2026regi","rating":1347,"private":0,"password":null}