{"id":"gen9vgc2026regi-2586879926","format":"[Gen 9] VGC 2026 Reg I","players":["bhusandi","firefalls"],"log":"|j|\u2606bhusandi\n|j|\u2606firefalls\n|t:|1776467959\n|gametype|doubles\n|player|p1|bhusandi|2|1280\n|player|p2|firefalls|n|1408\n|gen|9\n|tier|[Gen 9] VGC 2026 Reg I\n|rated|\n|rule|Species Clause: Limit one of each Pok\u00e9mon\n|rule|Item Clause: Limit 1 of each item\n|clearpoke\n|poke|p1|Groudon, L50|\n|poke|p1|Indeedee-F, L50, F|\n|poke|p1|Venusaur, L50, F|\n|poke|p1|Arcanine-Hisui, L50, M|\n|poke|p1|Flutter Mane, L50|\n|poke|p1|Torkoal, L50, F|\n|poke|p2|Walking Wake, L50|\n|poke|p2|Koraidon, L50|\n|poke|p2|Kingambit, L50, M|\n|poke|p2|Lunala, L50|\n|poke|p2|Brute Bonnet, L50|\n|poke|p2|Flutter Mane, L50|\n|teampreview|4\n|inactive|Battle timer is ON: inactive players will automatically lose when time's up. (requested by bhusandi)\n|inactive|firefalls has 60 seconds left.\n|\n|t:|1776468015\n|teamsize|p1|4\n|teamsize|p2|4\n|start\n|switch|p1a: Flutter Mane|Flutter Mane, L50|100/100\n|switch|p1b: Arcanine|Arcanine-Hisui, L50, M|100/100\n|switch|p2a: Flutter Mane|Flutter Mane, L50|100/100\n|switch|p2b: Koraidon|Koraidon, L50|100/100\n|-weather|SunnyDay|[from] ability: Orichalcum Pulse|[of] p2b: Koraidon\n|-activate|p2a: Flutter Mane|ability: Protosynthesis\n|-start|p2a: Flutter Mane|protosynthesisspe\n|-activate|p1a: Flutter Mane|ability: Protosynthesis\n|-start|p1a: Flutter Mane|protosynthesisspe\n|-activate|p2b: Koraidon|Orichalcum Pulse|[source]\n|-ability|p1b: Arcanine|Intimidate|boost\n|-unboost|p2a: Flutter Mane|atk|1\n|-unboost|p2b: Koraidon|atk|1\n|turn|1\n|inactive|bhusandi has 30 seconds left.\n|\n|t:|1776468047\n|-terastallize|p2b: Koraidon|Fire\n|move|p1a: Flutter Mane|Thunder Wave|p2b: Koraidon\n|-status|p2b: Koraidon|par\n|move|p2a: Flutter Mane|Icy Wind|p1b: Arcanine|[spread] p1a,p1b\n|-resisted|p1b: Arcanine\n|-damage|p1a: Flutter Mane|84/100\n|-damage|p1b: Arcanine|92/100\n|-unboost|p1a: Flutter Mane|spe|1\n|move|p1b: Arcanine|Flare Blitz|p2a: Flutter Mane\n|-enditem|p2a: Flutter Mane|Focus Sash\n|-damage|p2a: Flutter Mane|1/100\n|-damage|p1b: Arcanine|66/100|[from] Recoil\n|move|p2b: Koraidon|Flame Charge|p1a: Flutter Mane\n|-damage|p1a: Flutter Mane|0 fnt\n|-boost|p2b: Koraidon|spe|1\n|faint|p1a: Flutter Mane\n|-end|p1a: Flutter Mane|Protosynthesis|[silent]\n|-damage|p2b: Koraidon|91/100 par|[from] item: Life Orb\n|\n|-weather|SunnyDay|[upkeep]\n|upkeep\n|\n|t:|1776468069\n|switch|p1a: Venusaur|Venusaur, L50, F|100/100\n|turn|2\n|\n|t:|1776468092\n|move|p2a: Flutter Mane|Protect|p2a: Flutter Mane\n|-singleturn|p2a: Flutter Mane|Protect\n|move|p1a: Venusaur|Weather Ball|p2a: Flutter Mane\n|-activate|p2a: Flutter Mane|move: Protect\n|move|p1b: Arcanine|Rock Slide|p2b: Koraidon|[spread] p2b\n|-activate|p2a: Flutter Mane|move: Protect\n|-supereffective|p2b: Koraidon\n|-damage|p2b: Koraidon|47/100 par\n|cant|p2b: Koraidon|flinch\n|\n|-weather|SunnyDay|[upkeep]\n|upkeep\n|turn|3\n|\n|t:|1776468112\n|move|p2a: Flutter Mane|Icy Wind|p1a: Venusaur|[spread] p1a,p1b\n|-supereffective|p1a: Venusaur\n|-crit|p1a: Venusaur\n|-resisted|p1b: Arcanine\n|-damage|p1a: Venusaur|46/100\n|-damage|p1b: Arcanine|56/100\n|-unboost|p1a: Venusaur|spe|1\n|move|p1a: Venusaur|Weather Ball|p2a: Flutter Mane\n|-damage|p2a: Flutter Mane|0 fnt\n|faint|p2a: Flutter Mane\n|-end|p2a: Flutter Mane|Protosynthesis|[silent]\n|move|p1b: Arcanine|Rock Slide|p2b: Koraidon\n|-supereffective|p2b: Koraidon\n|-damage|p2b: Koraidon|0 fnt\n|faint|p2b: Koraidon\n|\n|-weather|SunnyDay|[upkeep]\n|-heal|p1a: Venusaur|52/100|[from] item: Leftovers\n|upkeep\n|\n|t:|1776468121\n|switch|p2b: Lunala|Lunala, L50|100/100\n|switch|p2a: Walking Wake|Walking Wake, L50|100/100\n|-activate|p2a: Walking Wake|ability: Protosynthesis\n|-start|p2a: Walking Wake|protosynthesisspe\n|turn|4\n|inactive|bhusandi has 30 seconds left.\n|\n|t:|1776468154\n|move|p2a: Walking Wake|Hydro Steam|p1b: Arcanine\n|-supereffective|p1b: Arcanine\n|-damage|p1b: Arcanine|0 fnt\n|faint|p1b: Arcanine\n|move|p1a: Venusaur|Sleep Powder|p2a: Walking Wake|[miss]\n|-miss|p1a: Venusaur|p2a: Walking Wake\n|move|p2b: Lunala|Meteor Beam||[still]\n|-prepare|p2b: Lunala|Meteor Beam\n|-boost|p2b: Lunala|spa|1\n|-enditem|p2b: Lunala|Power Herb\n|-anim|p2b: Lunala|Meteor Beam|p1a: Venusaur\n|-damage|p1a: Venusaur|0 fnt\n|faint|p1a: Venusaur\n|\n|-weather|SunnyDay|[upkeep]\n|upkeep\n|\n|t:|1776468164\n|switch|p1b: Groudon|Groudon, L50|100/100\n|turn|5\n|\n|t:|1776468177\n|-terastallize|p1b: Groudon|Ground\n|move|p2a: Walking Wake|Protect|p2a: Walking Wake\n|-singleturn|p2a: Walking Wake|Protect\n|move|p2b: Lunala|Moongeist Beam|p1b: Groudon\n|-damage|p1b: Groudon|21/100\n|move|p1b: Groudon|Precipice Blades|p2b: Lunala|[spread] p2b\n|-activate|p2a: Walking Wake|move: Protect\n|-damage|p2b: Lunala|71/100\n|\n|-weather|none\n|-end|p2a: Walking Wake|Protosynthesis\n|upkeep\n|turn|6\n|-message|bhusandi forfeited.\n|\n|win|firefalls\n|raw|bhusandi's rating: 1280 &rarr; <strong>1264</strong><br />(-16 for losing)\n|raw|firefalls's rating: 1408 &rarr; <strong>1421</strong><br />(+13 for winning)\n|l|\u2606bhusandi\n|player|p1|\n|l|\u2606firefalls\n|player|p2|\n","uploadtime":1776468435,"views":10,"formatid":"gen9vgc2026regi","rating":1264,"private":0,"password":null}