{"id":"gen9vgc2026regi-2542077421","format":"[Gen 9] VGC 2026 Reg I","players":["j0l0k0","avarussurava"],"log":"|j|\u2606j0l0k0\n|j|\u2606avarussurava\n|t:|1771410679\n|gametype|doubles\n|player|p1|j0l0k0|brycen|1376\n|player|p2|avarussurava|170|1450\n|gen|9\n|tier|[Gen 9] VGC 2026 Reg I\n|rated|\n|rule|Species Clause: Limit one of each Pok\u00e9mon\n|rule|Item Clause: Limit 1 of each item\n|clearpoke\n|poke|p1|Calyrex-Ice, L50|\n|poke|p1|Kyogre, L50|\n|poke|p1|Indeedee-F, L50, F|\n|poke|p1|Urshifu-*, L50, F|\n|poke|p1|Amoonguss, L50, F|\n|poke|p1|Landorus, L50, M|\n|poke|p2|Tyranitar, L50, F|\n|poke|p2|Kyogre, L50|\n|poke|p2|Zamazenta-*, L50|\n|poke|p2|Gastrodon, L50, F|\n|poke|p2|Sinistcha, L50|\n|poke|p2|Ceruledge, L50, F|\n|teampreview|4\n|inactive|Battle timer is ON: inactive players will automatically lose when time's up. (requested by j0l0k0)\n|inactive|avarussurava has 60 seconds left.\n|\n|t:|1771410713\n|teamsize|p1|4\n|teamsize|p2|4\n|start\n|switch|p1a: Indeedee|Indeedee-F, L50, F, shiny|100/100\n|switch|p1b: Calyrex|Calyrex-Ice, L50|100/100\n|switch|p2a: Zamazenta|Zamazenta-Crowned, L50|100/100\n|switch|p2b: Tyranitar|Tyranitar, L50, F|100/100\n|-ability|p1b: Calyrex|As One\n|-ability|p1b: Calyrex|Unnerve\n|-ability|p2a: Zamazenta|Dauntless Shield|boost\n|-boost|p2a: Zamazenta|def|1\n|-fieldstart|move: Psychic Terrain|[from] ability: Psychic Surge|[of] p1a: Indeedee\n|-weather|Sandstorm|[from] ability: Sand Stream|[of] p2b: Tyranitar\n|turn|1\n|\n|t:|1771410730\n|move|p1a: Indeedee|Follow Me|p1a: Indeedee\n|-singleturn|p1a: Indeedee|move: Follow Me\n|move|p2a: Zamazenta|Iron Defense|p2a: Zamazenta\n|-boost|p2a: Zamazenta|def|2\n|move|p2b: Tyranitar|Knock Off|p1a: Indeedee\n|-supereffective|p1a: Indeedee\n|-damage|p1a: Indeedee|0 fnt\n|-enditem|p1a: Indeedee|Safety Goggles|[from] move: Knock Off|[of] p2b: Tyranitar\n|faint|p1a: Indeedee\n|move|p1b: Calyrex|Trick Room|p1b: Calyrex\n|-fieldstart|move: Trick Room|[of] p1b: Calyrex\n|\n|-weather|Sandstorm|[upkeep]\n|-damage|p1b: Calyrex|95/100|[from] Sandstorm\n|upkeep\n|\n|t:|1771410738\n|switch|p1a: Amoonguss|Amoonguss, L50, F, shiny|100/100\n|turn|2\n|\n|t:|1771410754\n|-terastallize|p2b: Tyranitar|Flying\n|move|p1a: Amoonguss|Spore|p2a: Zamazenta\n|-status|p2a: Zamazenta|slp|[from] move: Spore\n|move|p1b: Calyrex|Close Combat|p2b: Tyranitar\n|-resisted|p2b: Tyranitar\n|-damage|p2b: Tyranitar|80/100\n|-unboost|p1b: Calyrex|def|1\n|-unboost|p1b: Calyrex|spd|1\n|move|p2b: Tyranitar|Tera Blast|p1a: Amoonguss|[anim] Tera Blast Flying\n|-supereffective|p1a: Amoonguss\n|-damage|p1a: Amoonguss|20/100\n|cant|p2a: Zamazenta|slp\n|\n|-weather|Sandstorm|[upkeep]\n|-damage|p1a: Amoonguss|14/100|[from] Sandstorm\n|-damage|p1b: Calyrex|89/100|[from] Sandstorm\n|-damage|p2b: Tyranitar|75/100|[from] Sandstorm\n|upkeep\n|turn|3\n|\n|t:|1771410772\n|move|p1a: Amoonguss|Spore|p2b: Tyranitar\n|-status|p2b: Tyranitar|slp|[from] move: Spore\n|move|p1b: Calyrex|Glacial Lance|p2b: Tyranitar|[spread] p2a,p2b\n|-resisted|p2a: Zamazenta\n|-supereffective|p2b: Tyranitar\n|-damage|p2a: Zamazenta|93/100 slp\n|-damage|p2b: Tyranitar|0 fnt\n|faint|p2b: Tyranitar\n|-ability|p1b: Calyrex|Chilling Neigh|boost\n|-boost|p1b: Calyrex|atk|1\n|-curestatus|p2a: Zamazenta|slp|[msg]\n|move|p2a: Zamazenta|Body Press|p1a: Amoonguss\n|-resisted|p1a: Amoonguss\n|-damage|p1a: Amoonguss|0 fnt\n|-damage|p2a: Zamazenta|76/100|[from] item: Rocky Helmet|[of] p1a: Amoonguss\n|faint|p1a: Amoonguss\n|\n|-weather|Sandstorm|[upkeep]\n|-damage|p1b: Calyrex|83/100|[from] Sandstorm\n|upkeep\n|\n|t:|1771410789\n|switch|p1a: Kyogre|Kyogre, L50, shiny|100/100\n|switch|p2b: Gastrodon|Gastrodon, L50, F|100/100\n|-weather|RainDance|[from] ability: Drizzle|[of] p1a: Kyogre\n|turn|4\n|\n|t:|1771410814\n|move|p2a: Zamazenta|Wide Guard|p2a: Zamazenta\n|-singleturn|p2a: Zamazenta|Wide Guard\n|move|p1b: Calyrex|Glacial Lance|p2b: Gastrodon|[spread] \n|-activate|p2a: Zamazenta|move: Wide Guard\n|-activate|p2b: Gastrodon|move: Wide Guard\n|move|p2b: Gastrodon|Earth Power|p1b: Calyrex\n|-damage|p1b: Calyrex|50/100\n|move|p1a: Kyogre|Ice Beam|p2b: Gastrodon\n|-damage|p2b: Gastrodon|71/100\n|\n|-weather|RainDance|[upkeep]\n|upkeep\n|turn|5\n|\n|t:|1771410837\n|move|p2b: Gastrodon|Protect|p2b: Gastrodon\n|-singleturn|p2b: Gastrodon|Protect\n|move|p1b: Calyrex|Close Combat|p2b: Gastrodon\n|-activate|p2b: Gastrodon|move: Protect\n|move|p1a: Kyogre|Ice Beam|p2b: Gastrodon\n|-activate|p2b: Gastrodon|move: Protect\n|move|p2a: Zamazenta|Body Press|p1a: Kyogre\n|-damage|p1a: Kyogre|0 fnt\n|faint|p1a: Kyogre\n|\n|-weather|RainDance|[upkeep]\n|-fieldend|move: Trick Room\n|-fieldend|move: Psychic Terrain\n|upkeep\n|turn|6\n|c|\u2606j0l0k0|ggwp\n|\n|t:|1771410853\n|move|p2a: Zamazenta|Body Press|p1b: Calyrex\n|-damage|p1b: Calyrex|0 fnt\n|faint|p1b: Calyrex\n|\n|win|avarussurava\n|raw|j0l0k0's rating: 1376 &rarr; <strong>1360</strong><br />(-16 for losing)\n|raw|avarussurava's rating: 1450 &rarr; <strong>1466</strong><br />(+16 for winning)\n|l|\u2606j0l0k0\n|player|p1|\n|c|\u2606avarussurava|thx\n","uploadtime":1771411154,"views":19,"formatid":"gen9vgc2026regi","rating":1360,"private":0,"password":null}