{"id":"gen9vgc2026regi-2523182867","format":"[Gen 9] VGC 2026 Reg I","players":["ido1234567890","21Kieran"],"log":"|j|\u2606ido1234567890\n|j|\u260621Kieran\n|t:|1769000244\n|gametype|doubles\n|player|p1|ido1234567890|calem|\n|player|p2|21Kieran|drayton|\n|gen|9\n|tier|[Gen 9] VGC 2026 Reg I\n|rated|Tournament battle\n|rule|Species Clause: Limit one of each Pok\u00e9mon\n|rule|Item Clause: Limit 1 of each item\n|raw|<div class=\"infobox\"><details class=\"readmore\" open><summary><strong>1 custom rule:</strong></summary> Open Team Sheets</details></div>\n|clearpoke\n|poke|p1|Calyrex-Ice, L50|\n|poke|p1|Groudon, L50|\n|poke|p1|Raging Bolt, L50|\n|poke|p1|Smeargle, L50, M|\n|poke|p1|Flutter Mane, L50|\n|poke|p1|Chi-Yu, L50|\n|poke|p2|Calyrex-Ice, L50|\n|poke|p2|Koraidon, L50|\n|poke|p2|Incineroar, L50, M|\n|poke|p2|Flutter Mane, L50|\n|poke|p2|Chi-Yu, L50|\n|poke|p2|Raging Bolt, L50|\n|teampreview|4\n|inactive|Battle timer is ON: inactive players will automatically lose when time's up. (requested by 21Kieran)\n21Kieran has agreed to open team sheets.\nido1234567890 has agreed to open team sheets.\n|showteam|p1|Calyrex-Ice||NeverMeltIce|AsOneGlastrier|GlacialLance,HighHorsepower,TrickRoom,Protect||||||50|,,,,,Water]Groudon||ClearAmulet|Drought|PrecipiceBlades,HighHorsepower,HeatCrash,Protect||||||50|,,,,,Fire]Raging Bolt||AssaultVest|Protosynthesis|Thunderclap,Thunderbolt,DracoMeteor,Snarl||||||50|,,,,,Fairy]Smeargle||FocusSash|Moody|Spore,FollowMe,FakeOut,Decorate|||M|||50|,,,,,Ghost]Flutter Mane||ChoiceSpecs|Protosynthesis|Moonblast,ShadowBall,DazzlingGleam,PowerGem||||||50|,,,,,Fairy]Chi-Yu||ChoiceScarf|BeadsofRuin|HeatWave,DarkPulse,Flamethrower,Snarl||||||50|,,,,,Ghost\n|showteam|p2|Calyrex-Ice||Leftovers|AsOneGlastrier|GlacialLance,LeechSeed,TrickRoom,Protect||||||50|,,,,,Water]Koraidon||ClearAmulet|OrichalcumPulse|Protect,CollisionCourse,FlameCharge,FlareBlitz||||||50|,,,,,Fire]Incineroar||AssaultVest|Intimidate|FlareBlitz,KnockOff,Uturn,FakeOut|||M|||50|,,,,,Bug]Flutter Mane||FocusSash|Protosynthesis|Protect,Moonblast,IcyWind,Taunt||||||50|,,,,,Fairy]Chi-Yu||ChoiceScarf|BeadsofRuin|HeatWave,Overheat,Snarl,DarkPulse||||||50|,,,,,Ghost]Raging Bolt||LifeOrb|Protosynthesis|Thunderbolt,Thunderclap,DragonPulse,Protect||||||50|,,,,,Electric\n|inactive|21Kieran has 60 seconds left.\n|\n|t:|1769000288\n|teamsize|p1|4\n|teamsize|p2|4\n|start\n|switch|p1a: Chi-Yu|Chi-Yu, L50|100/100\n|switch|p1b: Flutter Mane|Flutter Mane, L50|100/100\n|switch|p2a: Calyrex|Calyrex-Ice, L50|100/100\n|switch|p2b: Incineroar|Incineroar, L50, M|100/100\n|-ability|p2a: Calyrex|As One\n|-ability|p2a: Calyrex|Unnerve\n|-ability|p1a: Chi-Yu|Beads of Ruin\n|-ability|p2b: Incineroar|Intimidate|boost\n|-unboost|p1a: Chi-Yu|atk|1\n|-unboost|p1b: Flutter Mane|atk|1\n|turn|1\n|inactive|ido1234567890 has 30 seconds left.\n|inactive|ido1234567890 has 20 seconds left.\n|\n|t:|1769000325\n|-terastallize|p1b: Flutter Mane|Fairy\n|move|p2a: Calyrex|Protect|p2a: Calyrex\n|-singleturn|p2a: Calyrex|Protect\n|move|p1a: Chi-Yu|Dark Pulse|p2a: Calyrex\n|-activate|p2a: Calyrex|move: Protect\n|move|p1b: Flutter Mane|Moonblast|p2a: Calyrex\n|-activate|p2a: Calyrex|move: Protect\n|move|p2b: Incineroar|U-turn|p1a: Chi-Yu\n|-damage|p1a: Chi-Yu|72/100\n|\n|t:|1769000339\n|switch|p2b: Chi-Yu|Chi-Yu, L50|100/100|[from] U-turn\n|-ability|p2b: Chi-Yu|Beads of Ruin\n|\n|upkeep\n|turn|2\n|\n|t:|1769000348\n|-terastallize|p2a: Calyrex|Water\n|move|p1a: Chi-Yu|Dark Pulse|p2a: Calyrex\n|-damage|p2a: Calyrex|62/100\n|move|p2b: Chi-Yu|Snarl|p1a: Chi-Yu|[spread] p1a,p1b\n|-resisted|p1a: Chi-Yu\n|-resisted|p1b: Flutter Mane\n|-damage|p1a: Chi-Yu|60/100\n|-damage|p1b: Flutter Mane|83/100\n|-unboost|p1a: Chi-Yu|spa|1\n|-unboost|p1b: Flutter Mane|spa|1\n|move|p1b: Flutter Mane|Moonblast|p2a: Calyrex\n|-damage|p2a: Calyrex|8/100\n|move|p2a: Calyrex|Trick Room|p2a: Calyrex\n|-fieldstart|move: Trick Room|[of] p2a: Calyrex\n|\n|-heal|p2a: Calyrex|14/100|[from] item: Leftovers\n|upkeep\n|turn|3\n|\n|t:|1769000364\n|switch|p2b: Incineroar|Incineroar, L50, M|100/100\n|-ability|p2b: Incineroar|Intimidate|boost\n|-unboost|p1a: Chi-Yu|atk|1\n|-unboost|p1b: Flutter Mane|atk|1\n|move|p2a: Calyrex|Protect|p2a: Calyrex\n|-singleturn|p2a: Calyrex|Protect\n|move|p1b: Flutter Mane|Moonblast|p2b: Incineroar\n|-damage|p2b: Incineroar|49/100\n|move|p1a: Chi-Yu|Dark Pulse|p2a: Calyrex\n|-activate|p2a: Calyrex|move: Protect\n|\n|-heal|p2a: Calyrex|20/100|[from] item: Leftovers\n|upkeep\n|turn|4\n|\n|t:|1769000384\n|-end|p1b: Flutter Mane|Protosynthesis|[silent]\n|switch|p1b: Smeargle|Smeargle, L50, M|100/100\n|move|p2b: Incineroar|Fake Out|p1b: Smeargle\n|-damage|p1b: Smeargle|81/100\n|move|p2a: Calyrex|Leech Seed|p1b: Smeargle\n|-start|p1b: Smeargle|move: Leech Seed\n|move|p1a: Chi-Yu|Dark Pulse|p2b: Incineroar\n|-resisted|p2b: Incineroar\n|-damage|p2b: Incineroar|36/100\n|\n|-heal|p2a: Calyrex|26/100|[from] item: Leftovers\n|-damage|p1b: Smeargle|69/100|[from] Leech Seed|[of] p2a: Calyrex\n|-heal|p2a: Calyrex|33/100|[silent]\n|-ability|p1b: Smeargle|Moody|boost\n|-boost|p1b: Smeargle|spe|2\n|-unboost|p1b: Smeargle|def|1\n|upkeep\n|turn|5\n|\n|t:|1769000396\n|switch|p1a: Groudon|Groudon, L50|100/100\n|-weather|SunnyDay|[from] ability: Drought|[of] p1a: Groudon\n|move|p2a: Calyrex|Protect|p2a: Calyrex\n|-singleturn|p2a: Calyrex|Protect\n|move|p1b: Smeargle|Fake Out|p2a: Calyrex\n|-activate|p2a: Calyrex|move: Protect\n|move|p2b: Incineroar|U-turn|p1a: Groudon\n|-damage|p1a: Groudon|88/100\n|\n|t:|1769000399\n|switch|p2b: Koraidon|Koraidon, L50|100/100|[from] U-turn\n|-activate|p2b: Koraidon|ability: Orichalcum Pulse\n|\n|-weather|SunnyDay|[upkeep]\n|-heal|p2a: Calyrex|39/100|[from] item: Leftovers\n|-damage|p1b: Smeargle|57/100|[from] Leech Seed|[of] p2a: Calyrex\n|-heal|p2a: Calyrex|47/100|[silent]\n|-ability|p1b: Smeargle|Moody|boost\n|-boost|p1b: Smeargle|spa|2\n|-unboost|p1b: Smeargle|spd|1\n|upkeep\n|turn|6\n|j| TimetoAnnoyMARCH\n|l| TimetoAnnoyMARCH\n|inactive|ido1234567890 has 30 seconds left.\n|\n|t:|1769000427\n|move|p1a: Groudon|Protect|p1a: Groudon\n|-singleturn|p1a: Groudon|Protect\n|move|p2a: Calyrex|Glacial Lance|p1b: Smeargle|[spread] p1b\n|-activate|p1a: Groudon|move: Protect\n|-crit|p1b: Smeargle\n|-damage|p1b: Smeargle|0 fnt\n|faint|p1b: Smeargle\n|-ability|p2a: Calyrex|Chilling Neigh|boost\n|-boost|p2a: Calyrex|atk|1\n|move|p2b: Koraidon|Collision Course|p1a: Groudon\n|-activate|p1a: Groudon|move: Protect\n|\n|-weather|SunnyDay|[upkeep]\n|-heal|p2a: Calyrex|53/100|[from] item: Leftovers\n|-fieldend|move: Trick Room\n|upkeep\n|\n|t:|1769000433\n|switch|p1b: Flutter Mane|Flutter Mane, L50, tera:Fairy|83/100\n|-activate|p1b: Flutter Mane|ability: Protosynthesis\n|-start|p1b: Flutter Mane|protosynthesisspe\n|turn|7\n|\n|t:|1769000445\n|move|p1b: Flutter Mane|Dazzling Gleam|p2a: Calyrex|[spread] p2a,p2b\n|-supereffective|p2b: Koraidon\n|-damage|p2a: Calyrex|18/100\n|-damage|p2b: Koraidon|0 fnt\n|faint|p2b: Koraidon\n|move|p1a: Groudon|High Horsepower|p2a: Calyrex\n|-damage|p2a: Calyrex|0 fnt\n|faint|p2a: Calyrex\n|\n|-weather|SunnyDay|[upkeep]\n|upkeep\n|\n|t:|1769000449\n|switch|p2b: Chi-Yu|Chi-Yu, L50|100/100\n|switch|p2a: Incineroar|Incineroar, L50, M|36/100\n|-ability|p2b: Chi-Yu|Beads of Ruin\n|-ability|p2a: Incineroar|Intimidate|boost\n|-fail|p1a: Groudon|unboost|[from] item: Clear Amulet|[of] p1a: Groudon\n|-unboost|p1b: Flutter Mane|atk|1\n|turn|8\n|\n|t:|1769000462\n|move|p2a: Incineroar|Fake Out|p1b: Flutter Mane\n|-damage|p1b: Flutter Mane|60/100\n|cant|p1b: Flutter Mane|flinch\n|move|p2b: Chi-Yu|Heat Wave|p1b: Flutter Mane|[spread] p1a,p1b\n|-damage|p1a: Groudon|16/100\n|-damage|p1b: Flutter Mane|0 fnt\n|faint|p1b: Flutter Mane\n|-end|p1b: Flutter Mane|Protosynthesis|[silent]\n|move|p1a: Groudon|Precipice Blades|p2a: Incineroar|[spread] p2a,p2b\n|-supereffective|p2a: Incineroar\n|-supereffective|p2b: Chi-Yu\n|-damage|p2a: Incineroar|0 fnt\n|-damage|p2b: Chi-Yu|0 fnt\n|faint|p2a: Incineroar\n|faint|p2b: Chi-Yu\n|\n|win|ido1234567890\n|n|\u2606ido1234567890|ido1234567890\n|n|\u260621Kieran|21kieran\n","uploadtime":1769000462,"views":17,"formatid":"gen9vgc2026regi","rating":null,"private":0,"password":null}