{"id":"gen9vgc2026regi-2564580993","format":"[Gen 9] VGC 2026 Reg I","players":["kilothegreat","kojimuranishi"],"log":"|j|\u2606kilothegreat\n|j|\u2606kojimuranishi\n|t:|1774168319\n|gametype|doubles\n|player|p1|kilothegreat|102|1501\n|player|p2|kojimuranishi|265|1470\n|gen|9\n|tier|[Gen 9] VGC 2026 Reg I\n|rated|\n|rule|Species Clause: Limit one of each Pok\u00e9mon\n|rule|Item Clause: Limit 1 of each item\n|clearpoke\n|poke|p1|Miraidon, L50|\n|poke|p1|Calyrex-Ice, L50|\n|poke|p1|Incineroar, L50, F|\n|poke|p1|Amoonguss, L50, F|\n|poke|p1|Landorus, L50, M|\n|poke|p1|Urshifu-*, L50, F|\n|poke|p2|Whimsicott, L50, F|\n|poke|p2|Calyrex-Ice, L50|\n|poke|p2|Miraidon, L50|\n|poke|p2|Chi-Yu, L50|\n|poke|p2|Landorus, L50, M|\n|poke|p2|Iron Bundle, L50|\n|teampreview|4\n|inactive|Battle timer is ON: inactive players will automatically lose when time's up. (requested by kojimuranishi)\n|j| ido1234567890\n|\n|t:|1774168345\n|teamsize|p1|4\n|teamsize|p2|4\n|start\n|switch|p1a: Calyrex|Calyrex-Ice, L50|100/100\n|switch|p1b: Incineroar|Incineroar, L50, F|100/100\n|switch|p2a: Whimsicott|Whimsicott, L50, F|100/100\n|switch|p2b: Calyrex|Calyrex-Ice, L50|100/100\n|-ability|p2b: Calyrex|As One\n|-ability|p2b: Calyrex|Unnerve\n|-ability|p1a: Calyrex|As One\n|-ability|p1a: Calyrex|Unnerve\n|-ability|p1b: Incineroar|Intimidate|boost\n|-unboost|p2a: Whimsicott|atk|1\n|-unboost|p2b: Calyrex|atk|1\n|turn|1\n|\n|t:|1774168366\n|move|p1b: Incineroar|Fake Out|p2b: Calyrex\n|-crit|p2b: Calyrex\n|-damage|p2b: Calyrex|85/100\n|move|p2a: Whimsicott|Moonblast|p1b: Incineroar\n|-damage|p1b: Incineroar|79/100\n|-unboost|p1b: Incineroar|spa|1\n|cant|p2b: Calyrex|flinch\n|move|p1a: Calyrex|Trick Room|p1a: Calyrex\n|-fieldstart|move: Trick Room|[of] p1a: Calyrex\n|\n|upkeep\n|turn|2\n|inactive|kilothegreat has 30 seconds left.\n|\n|t:|1774168395\n|switch|p1a: Urshifu|Urshifu-Rapid-Strike, L50, F|100/100\n|move|p2a: Whimsicott|Encore||[still]\n|-fail|p2a: Whimsicott\n|move|p1b: Incineroar|Knock Off|p2b: Calyrex\n|-supereffective|p2b: Calyrex\n|-damage|p2b: Calyrex|14/100\n|-enditem|p2b: Calyrex|Choice Band|[from] move: Knock Off|[of] p1b: Incineroar\n|move|p2b: Calyrex|High Horsepower|p1b: Incineroar\n|-supereffective|p1b: Incineroar\n|-damage|p1b: Incineroar|32/100\n|\n|upkeep\n|turn|3\n|\n|t:|1774168423\n|move|p1a: Urshifu|Detect|p1a: Urshifu\n|-singleturn|p1a: Urshifu|Protect\n|move|p1b: Incineroar|U-turn|p2a: Whimsicott\n|-damage|p2a: Whimsicott|68/100\n|\n|t:|1774168427\n|switch|p1b: Calyrex|Calyrex-Ice, L50|100/100|[from] U-turn\n|-ability|p1b: Calyrex|As One\n|-ability|p1b: Calyrex|Unnerve\n|move|p2b: Calyrex|High Horsepower|p1b: Calyrex\n|-damage|p1b: Calyrex|85/100\n|move|p2a: Whimsicott|Trick Room|p2a: Whimsicott\n|-fieldend|move: Trick Room\n|\n|-heal|p1b: Calyrex|91/100|[from] item: Leftovers\n|upkeep\n|turn|4\n|\n|t:|1774168450\n|switch|p1a: Incineroar|Incineroar, L50, F|32/100\n|-ability|p1a: Incineroar|Intimidate|boost\n|-unboost|p2a: Whimsicott|atk|1\n|-unboost|p2b: Calyrex|atk|1\n|move|p2a: Whimsicott|Moonblast|p1a: Incineroar\n|-damage|p1a: Incineroar|10/100\n|move|p2b: Calyrex|Glacial Lance|p1b: Calyrex|[spread] p1a,p1b\n|-resisted|p1a: Incineroar\n|-resisted|p1b: Calyrex\n|-damage|p1a: Incineroar|0 fnt\n|-damage|p1b: Calyrex|83/100\n|faint|p1a: Incineroar\n|-ability|p2b: Calyrex|Chilling Neigh|boost\n|-boost|p2b: Calyrex|atk|1\n|move|p1b: Calyrex|Glacial Lance|p2b: Calyrex|[spread] p2a,p2b\n|-supereffective|p2a: Whimsicott\n|-resisted|p2b: Calyrex\n|-damage|p2a: Whimsicott|0 fnt\n|-damage|p2b: Calyrex|0 fnt\n|faint|p2a: Whimsicott\n|faint|p2b: Calyrex\n|-ability|p1b: Calyrex|Chilling Neigh|boost\n|-boost|p1b: Calyrex|atk|2\n|\n|-heal|p1b: Calyrex|88/100|[from] item: Leftovers\n|upkeep\n|\n|t:|1774168473\n|switch|p2a: Landorus|Landorus, L50, M|100/100\n|switch|p2b: Miraidon|Miraidon, L50|100/100\n|switch|p1a: Landorus|Landorus, L50, M|100/100\n|-fieldstart|move: Electric Terrain|[from] ability: Hadron Engine|[of] p2b: Miraidon\n|turn|5\n|\n|t:|1774168488\n|-terastallize|p2a: Landorus|Water\n|move|p1a: Landorus|Protect|p1a: Landorus\n|-singleturn|p1a: Landorus|Protect\n|move|p1b: Calyrex|Protect|p1b: Calyrex\n|-singleturn|p1b: Calyrex|Protect\n|move|p2b: Miraidon|Draco Meteor|p1a: Landorus\n|-activate|p1a: Landorus|move: Protect\n|move|p2a: Landorus|Earth Power|p1b: Calyrex\n|-activate|p1b: Calyrex|move: Protect\n|\n|-heal|p1b: Calyrex|94/100|[from] item: Leftovers\n|upkeep\n|turn|6\n|inactive|kilothegreat has 30 seconds left.\n|inactive|kilothegreat has 20 seconds left.\n|inactive|kilothegreat has 15 seconds left.\n|\n|t:|1774168533\n|move|p2b: Miraidon|Draco Meteor|p1b: Calyrex|[miss]\n|-miss|p2b: Miraidon|p1b: Calyrex\n|move|p1a: Landorus|Earth Power|p2b: Miraidon\n|-supereffective|p2b: Miraidon\n|-damage|p2b: Miraidon|0 fnt\n|faint|p2b: Miraidon\n|move|p2a: Landorus|Earth Power|p1b: Calyrex\n|-damage|p1b: Calyrex|44/100\n|move|p1b: Calyrex|Trick Room|p1b: Calyrex\n|-fieldstart|move: Trick Room|[of] p1b: Calyrex\n|\n|-heal|p1b: Calyrex|50/100|[from] item: Leftovers\n|upkeep\n|turn|7\n|-message|kojimuranishi forfeited.\n|\n|win|kilothegreat\n|raw|kilothegreat's rating: 1501 &rarr; <strong>1519</strong><br />(+18 for winning)\n|raw|kojimuranishi's rating: 1470 &rarr; <strong>1452</strong><br />(-18 for losing)\n|l|\u2606kojimuranishi\n|player|p2|\n|l|\u2606kilothegreat\n|player|p1|\n","uploadtime":1774168724,"views":13,"formatid":"gen9vgc2026regi","rating":1452,"private":0,"password":null}