{"id":"gen9vgc2026regi-2564917489","format":"[Gen 9] VGC 2026 Reg I","players":["finalbossbackwiper","sfyz"],"log":"|j|\u2606finalbossbackwiper\n|j|\u2606sfyz\n|t:|1774210301\n|gametype|doubles\n|player|p1|finalbossbackwiper|2|1198\n|player|p2|sfyz|red|1328\n|gen|9\n|tier|[Gen 9] VGC 2026 Reg I\n|rated|\n|rule|Species Clause: Limit one of each Pok\u00e9mon\n|rule|Item Clause: Limit 1 of each item\n|clearpoke\n|poke|p1|Zacian-*, L50|\n|poke|p1|Rillaboom, L50, M|\n|poke|p1|Farigiraf, L50, M|\n|poke|p1|Iron Moth, L50|\n|poke|p1|Urshifu-*, L50, M|\n|poke|p1|Groudon, L50|\n|poke|p2|Calyrex-Ice, L50|\n|poke|p2|Kyogre, L50|\n|poke|p2|Smeargle, L50, F|\n|poke|p2|Indeedee-F, L50, F|\n|poke|p2|Landorus, L50, M|\n|poke|p2|Amoonguss, L50, M|\n|teampreview|4\n|inactive|Battle timer is ON: inactive players will automatically lose when time's up. (requested by finalbossbackwiper)\nsfyz rejected open team sheets.\n|inactive|finalbossbackwiper has 60 seconds left.\n|inactive|finalbossbackwiper has 30 seconds left.\n|inactive|finalbossbackwiper has 20 seconds left.\n|inactive|finalbossbackwiper has 15 seconds left.\n|inactive|finalbossbackwiper has 10 seconds left.\n|\n|t:|1774210390\n|teamsize|p1|4\n|teamsize|p2|4\n|start\n|switch|p1a: Rillaboom|Rillaboom, L50, M|100/100\n|switch|p1b: Farigiraf|Farigiraf, L50, M|100/100\n|switch|p2a: Calyrex|Calyrex-Ice, L50|100/100\n|switch|p2b: Indeedee|Indeedee-F, L50, F|100/100\n|-ability|p2a: Calyrex|As One\n|-ability|p2a: Calyrex|Unnerve\n|-fieldstart|move: Grassy Terrain|[from] ability: Grassy Surge|[of] p1a: Rillaboom\n|-fieldstart|move: Psychic Terrain|[from] ability: Psychic Surge|[of] p2b: Indeedee\n|turn|1\n|\n|t:|1774210408\n|move|p2b: Indeedee|Follow Me|p2b: Indeedee\n|-singleturn|p2b: Indeedee|move: Follow Me\n|move|p1a: Rillaboom|U-turn|p2b: Indeedee\n|-supereffective|p2b: Indeedee\n|-damage|p2b: Indeedee|58/100\n|\n|t:|1774210415\n|switch|p1a: Urshifu|Urshifu, L50, M|100/100|[from] U-turn\n|move|p1b: Farigiraf|Hyper Voice|p2a: Calyrex|[spread] p2a,p2b\n|-damage|p2a: Calyrex|80/100\n|-damage|p2b: Indeedee|30/100\n|-enditem|p1b: Farigiraf|Throat Spray\n|-boost|p1b: Farigiraf|spa|1|[from] item: Throat Spray\n|move|p2a: Calyrex|Trick Room|p2a: Calyrex\n|-fieldstart|move: Trick Room|[of] p2a: Calyrex\n|\n|upkeep\n|turn|2\n|inactive|sfyz has 30 seconds left.\n|\n|t:|1774210441\n|move|p2b: Indeedee|Follow Me|p2b: Indeedee\n|-singleturn|p2b: Indeedee|move: Follow Me\n|move|p2a: Calyrex|Imprison|p2a: Calyrex\n|-start|p2a: Calyrex|move: Imprison\n|move|p1b: Farigiraf|Hyper Voice|p2a: Calyrex|[spread] p2a,p2b\n|-damage|p2a: Calyrex|51/100\n|-damage|p2b: Indeedee|0 fnt\n|faint|p2b: Indeedee\n|move|p1a: Urshifu|Wicked Blow|p2a: Calyrex\n|-supereffective|p2a: Calyrex\n|-crit|p2a: Calyrex\n|-damage|p2a: Calyrex|0 fnt\n|faint|p2a: Calyrex\n|\n|upkeep\n|\n|t:|1774210456\n|switch|p2a: Kyogre|Kyogre, L50|100/100\n|switch|p2b: Amoonguss|Amoonguss, L50, M|100/100\n|-weather|RainDance|[from] ability: Drizzle|[of] p2a: Kyogre\n|turn|3\n|\n|t:|1774210470\n|-terastallize|p2a: Kyogre|Water\n|move|p1b: Farigiraf|Protect|p1b: Farigiraf\n|-singleturn|p1b: Farigiraf|Protect\n|move|p1a: Urshifu|Detect|p1a: Urshifu\n|-singleturn|p1a: Urshifu|Protect\n|move|p2b: Amoonguss|Spore|p1b: Farigiraf\n|-activate|p1b: Farigiraf|move: Protect\n|move|p2a: Kyogre|Water Spout|p1b: Farigiraf|[spread] \n|-activate|p1a: Urshifu|move: Protect\n|-activate|p1b: Farigiraf|move: Protect\n|\n|-weather|RainDance|[upkeep]\n|upkeep\n|turn|4\n|\n|t:|1774210490\n|-terastallize|p1b: Farigiraf|Grass\n|move|p1a: Urshifu|Sucker Punch|p2a: Kyogre\n|-activate|p2a: Kyogre|move: Psychic Terrain\n|move|p2b: Amoonguss|Spore|p1a: Urshifu\n|-status|p1a: Urshifu|slp|[from] move: Spore\n|move|p2a: Kyogre|Water Spout|p1b: Farigiraf|[spread] p1a,p1b\n|-resisted|p1b: Farigiraf\n|-enditem|p1a: Urshifu|Focus Sash\n|-damage|p1a: Urshifu|1/100 slp\n|-damage|p1b: Farigiraf|38/100\n|move|p1b: Farigiraf|Psychic|p2a: Kyogre\n|-damage|p2a: Kyogre|48/100\n|\n|-weather|RainDance|[upkeep]\n|upkeep\n|turn|5\n|inactive|sfyz has 30 seconds left.\n|\n|t:|1774210516\n|move|p1b: Farigiraf|Protect|p1b: Farigiraf\n|-singleturn|p1b: Farigiraf|Protect\n|cant|p1a: Urshifu|slp\n|move|p2b: Amoonguss|Pollen Puff|p2a: Kyogre\n|-heal|p2a: Kyogre|98/100\n|move|p2a: Kyogre|Water Spout|p1a: Urshifu|[spread] p1a\n|-activate|p1b: Farigiraf|move: Protect\n|-damage|p1a: Urshifu|0 fnt\n|faint|p1a: Urshifu\n|\n|-weather|RainDance|[upkeep]\n|-fieldend|move: Trick Room\n|-fieldend|move: Psychic Terrain\n|upkeep\n|\n|t:|1774210519\n|switch|p1a: Rillaboom|Rillaboom, L50, M|100/100\n|-fieldstart|move: Grassy Terrain|[from] ability: Grassy Surge|[of] p1a: Rillaboom\n|turn|6\n|\n|t:|1774210544\n|move|p1a: Rillaboom|Wood Hammer|p2a: Kyogre\n|-supereffective|p2a: Kyogre\n|-damage|p2a: Kyogre|0 fnt\n|faint|p2a: Kyogre\n|-damage|p1a: Rillaboom|68/100|[from] Recoil\n|move|p1b: Farigiraf|Psychic|p2b: Amoonguss\n|-supereffective|p2b: Amoonguss\n|-damage|p2b: Amoonguss|2/100\n|move|p2b: Amoonguss|Pollen Puff|p1a: Rillaboom\n|-supereffective|p1a: Rillaboom\n|-damage|p1a: Rillaboom|41/100\n|\n|-weather|RainDance|[upkeep]\n|-heal|p1a: Rillaboom|47/100|[from] Grassy Terrain\n|-heal|p1b: Farigiraf|44/100|[from] Grassy Terrain\n|-heal|p2b: Amoonguss|8/100|[from] Grassy Terrain\n|upkeep\n|turn|7\n|-message|sfyz forfeited.\n|\n|win|finalbossbackwiper\n|raw|finalbossbackwiper's rating: 1198 &rarr; <strong>1232</strong><br />(+34 for winning)\n|raw|sfyz's rating: 1328 &rarr; <strong>1301</strong><br />(-27 for losing)\n|l|\u2606sfyz\n|player|p2|\n","uploadtime":1774210550,"views":24,"formatid":"gen9vgc2026regi","rating":1232,"private":0,"password":null}