{"id":"gen9vgc2026regi-2568805831","format":"[Gen 9] VGC 2026 Reg I","players":["BreakTheShadowWall","Dezmane"],"log":"|j|\u2606BreakTheShadowWall\n|j|\u2606Dezmane\n|t:|1774624438\n|gametype|doubles\n|player|p1|BreakTheShadowWall|elesa|1416\n|player|p2|Dezmane|169|1350\n|gen|9\n|tier|[Gen 9] VGC 2026 Reg I\n|rated|\n|rule|Species Clause: Limit one of each Pok\u00e9mon\n|rule|Item Clause: Limit 1 of each item\n|clearpoke\n|poke|p1|Miraidon, L50|\n|poke|p1|Iron Bundle, L50|\n|poke|p1|Lunala, L50|\n|poke|p1|Incineroar, L50, M|\n|poke|p1|Urshifu-*, L50, M|\n|poke|p1|Ursaluna, L50, F|\n|poke|p2|Kyogre, L50|\n|poke|p2|Miraidon, L50|\n|poke|p2|Kingambit, L50, M|\n|poke|p2|Ogerpon-Hearthflame, L50, F|\n|poke|p2|Iron Bundle, L50|\n|poke|p2|Archaludon, L50, F|\n|teampreview|4\n|inactive|Battle timer is ON: inactive players will automatically lose when time's up. (requested by Dezmane)\n|\n|t:|1774624462\n|teamsize|p1|4\n|teamsize|p2|4\n|start\n|switch|p1a: Iron Bundle|Iron Bundle, L50|100/100\n|switch|p1b: Miraidon|Miraidon, L50|100/100\n|switch|p2a: Kyogre|Kyogre, L50|100/100\n|switch|p2b: Ogerpon|Ogerpon-Hearthflame, L50, F|100/100\n|-fieldstart|move: Electric Terrain|[from] ability: Hadron Engine|[of] p1b: Miraidon\n|-activate|p1a: Iron Bundle|ability: Quark Drive\n|-start|p1a: Iron Bundle|quarkdrivespe\n|-ability|p2b: Ogerpon|Mold Breaker\n|-weather|RainDance|[from] ability: Drizzle|[of] p2a: Kyogre\n|turn|1\n|\n|t:|1774624480\n|move|p2b: Ogerpon|Follow Me|p2b: Ogerpon\n|-singleturn|p2b: Ogerpon|move: Follow Me\n|move|p1a: Iron Bundle|Icy Wind|p2b: Ogerpon|[spread] p2a,p2b\n|-resisted|p2a: Kyogre\n|-damage|p2a: Kyogre|97/100\n|-damage|p2b: Ogerpon|81/100\n|-unboost|p2a: Kyogre|spe|1\n|-unboost|p2b: Ogerpon|spe|1\n|move|p1b: Miraidon|Volt Switch|p2b: Ogerpon\n|-resisted|p2b: Ogerpon\n|-damage|p2b: Ogerpon|42/100\n|inactive|BreakTheShadowWall has 30 seconds left.\n|\n|t:|1774624510\n|switch|p1b: Urshifu|Urshifu-Rapid-Strike, L50, M|100/100|[from] Volt Switch\n|move|p2a: Kyogre|Water Spout|p1b: Urshifu|[spread] p1a,p1b\n|-resisted|p1a: Iron Bundle\n|-resisted|p1b: Urshifu\n|-damage|p1a: Iron Bundle|10/100\n|-damage|p1b: Urshifu|43/100\n|\n|-weather|RainDance|[upkeep]\n|upkeep\n|turn|2\n|\n|t:|1774624533\n|move|p2b: Ogerpon|Follow Me|p2b: Ogerpon\n|-singleturn|p2b: Ogerpon|move: Follow Me\n|move|p1a: Iron Bundle|Icy Wind|p2a: Kyogre|[spread] p2a,p2b\n|-resisted|p2a: Kyogre\n|-damage|p2a: Kyogre|94/100\n|-damage|p2b: Ogerpon|24/100\n|-unboost|p2a: Kyogre|spe|1\n|-unboost|p2b: Ogerpon|spe|1\n|move|p1b: Urshifu|U-turn|p2b: Ogerpon\n|-damage|p2b: Ogerpon|0 fnt\n|faint|p2b: Ogerpon\n|\n|t:|1774624543\n|switch|p1b: Miraidon|Miraidon, L50|100/100|[from] U-turn\n|-activate|p1b: Miraidon|ability: Hadron Engine\n|move|p2a: Kyogre|Water Spout|p1a: Iron Bundle|[spread] p1a,p1b\n|-resisted|p1a: Iron Bundle\n|-resisted|p1b: Miraidon\n|-damage|p1a: Iron Bundle|0 fnt\n|-damage|p1b: Miraidon|65/100\n|faint|p1a: Iron Bundle\n|-end|p1a: Iron Bundle|Quark Drive|[silent]\n|\n|-weather|RainDance|[upkeep]\n|upkeep\n|inactive|Dezmane has 30 seconds left.\n|inactive|Dezmane has 20 seconds left.\n|\n|t:|1774624580\n|switch|p1a: Lunala|Lunala, L50, shiny|100/100\n|switch|p2b: Kingambit|Kingambit, L50, M|100/100\n|-activate|p2b: Kingambit|ability: Supreme Overlord\n|-start|p2b: Kingambit|fallen1|[silent]\n|-enditem|p1a: Lunala|Electric Seed\n|-boost|p1a: Lunala|def|1|[from] item: Electric Seed\n|turn|3\n|inactive|BreakTheShadowWall has 30 seconds left.\n|inactive|Dezmane has 30 seconds left.\n|inactive|BreakTheShadowWall has 20 seconds left.\n|inactive|BreakTheShadowWall has 15 seconds left.\n|\n|t:|1774624623\n|-terastallize|p2a: Kyogre|Grass\n|move|p1a: Lunala|Wide Guard|p1a: Lunala\n|-singleturn|p1a: Lunala|Wide Guard\n|move|p2b: Kingambit|Sucker Punch|p1b: Miraidon\n|-damage|p1b: Miraidon|17/100\n|move|p1b: Miraidon|Electro Drift|p2b: Kingambit\n|-damage|p2b: Kingambit|0 fnt\n|faint|p2b: Kingambit\n|-end|p2b: Kingambit|fallen1|[silent]\n|move|p2a: Kyogre|Origin Pulse|p1b: Miraidon|[spread] \n|-activate|p1a: Lunala|move: Wide Guard\n|-activate|p1b: Miraidon|move: Wide Guard\n|\n|-weather|RainDance|[upkeep]\n|upkeep\n|\n|t:|1774624634\n|switch|p2b: Miraidon|Miraidon, L50|100/100\n|-activate|p2b: Miraidon|ability: Hadron Engine\n|turn|4\n|inactive|BreakTheShadowWall has 30 seconds left.\n|inactive|BreakTheShadowWall has 20 seconds left.\n|\n|t:|1774624669\n|switch|p1b: Urshifu|Urshifu-Rapid-Strike, L50, M|43/100\n|move|p2b: Miraidon|Snarl|p1b: Urshifu|[spread] p1a,p1b\n|-supereffective|p1a: Lunala\n|-resisted|p1b: Urshifu\n|-damage|p1a: Lunala|75/100\n|-damage|p1b: Urshifu|29/100\n|-unboost|p1a: Lunala|spa|1\n|-unboost|p1b: Urshifu|spa|1\n|move|p1a: Lunala|Moonblast|p2b: Miraidon\n|-supereffective|p2b: Miraidon\n|-damage|p2b: Miraidon|62/100\n|move|p2a: Kyogre|Ice Beam|p1b: Urshifu\n|-resisted|p1b: Urshifu\n|-damage|p1b: Urshifu|8/100\n|\n|-weather|RainDance|[upkeep]\n|upkeep\n|turn|5\n|inactive|BreakTheShadowWall has 30 seconds left.\n|inactive|Dezmane has 30 seconds left.\n|inactive|BreakTheShadowWall has 20 seconds left.\n|\n|t:|1774624706\n|-terastallize|p1a: Lunala|Fairy\n|move|p2b: Miraidon|Snarl|p1b: Urshifu|[spread] p1a,p1b\n|-resisted|p1a: Lunala\n|-resisted|p1b: Urshifu\n|-damage|p1a: Lunala|69/100\n|-damage|p1b: Urshifu|0 fnt\n|-unboost|p1a: Lunala|spa|1\n|faint|p1b: Urshifu\n|move|p1a: Lunala|Moonblast|p2b: Miraidon\n|-supereffective|p2b: Miraidon\n|-damage|p2b: Miraidon|16/100\n|move|p2a: Kyogre|Ice Beam|p1a: Lunala\n|-damage|p1a: Lunala|50/100\n|\n|-weather|none\n|-fieldend|move: Electric Terrain\n|upkeep\n|\n|t:|1774624718\n|switch|p1b: Miraidon|Miraidon, L50|17/100\n|-fieldstart|move: Electric Terrain|[from] ability: Hadron Engine|[of] p1b: Miraidon\n|turn|6\n|\n|t:|1774624735\n|move|p2b: Miraidon|Protect|p2b: Miraidon\n|-singleturn|p2b: Miraidon|Protect\n|move|p1b: Miraidon|Dazzling Gleam|p2b: Miraidon|[spread] p2a\n|-activate|p2b: Miraidon|move: Protect\n|-damage|p2a: Kyogre|79/100\n|move|p1a: Lunala|Moongeist Beam|p2a: Kyogre\n|-damage|p2a: Kyogre|69/100\n|move|p2a: Kyogre|Ice Beam|p1b: Miraidon\n|-supereffective|p1b: Miraidon\n|-damage|p1b: Miraidon|0 fnt\n|faint|p1b: Miraidon\n|\n|upkeep\n|turn|7\n|\n|t:|1774624753\n|move|p2b: Miraidon|Electro Drift|p1a: Lunala\n|-damage|p1a: Lunala|0 fnt\n|faint|p1a: Lunala\n|\n|win|Dezmane\n|raw|BreakTheShadowWall's rating: 1416 &rarr; <strong>1392</strong><br />(-24 for losing)\n|raw|Dezmane's rating: 1350 &rarr; <strong>1374</strong><br />(+24 for winning)\n|l|\u2606BreakTheShadowWall\n|player|p1|\n","uploadtime":1774624764,"views":65,"formatid":"gen9vgc2026regi","rating":1374,"private":0,"password":null}