{"id":"gen9vgc2026regi-2564346927","format":"[Gen 9] VGC 2026 Reg I","players":["It'sJustKen VGC","Erseo05"],"log":"|j|\u2606It'sJustKen VGC\n|j|\u2606Erseo05\n|t:|1774135123\n|gametype|doubles\n|player|p1|It'sJustKen VGC|2|1509\n|player|p2|Erseo05|265|1588\n|gen|9\n|tier|[Gen 9] VGC 2026 Reg I\n|rated|\n|rule|Species Clause: Limit one of each Pok\u00e9mon\n|rule|Item Clause: Limit 1 of each item\n|clearpoke\n|poke|p1|Iron Hands, L50|\n|poke|p1|Incineroar, L50, F|\n|poke|p1|Calyrex-Shadow, L50|\n|poke|p1|Whimsicott, L50, M|\n|poke|p1|Farigiraf, L50, M|\n|poke|p1|Miraidon, L50|\n|poke|p2|Lunala, L50|\n|poke|p2|Indeedee-F, L50, F|\n|poke|p2|Urshifu-*, L50, F|\n|poke|p2|Kyogre, L50|\n|poke|p2|Tornadus, L50, M|\n|poke|p2|Landorus, L50, M|\n|teampreview|4\n|inactive|Battle timer is ON: inactive players will automatically lose when time's up. (requested by It'sJustKen VGC)\n|j| TheCadKid\n|l| TheCadKid\n|inactive|Erseo05 has 60 seconds left.\n|\n|t:|1774135165\n|teamsize|p1|4\n|teamsize|p2|4\n|start\n|switch|p1a: Miraidon|Miraidon, L50, shiny|100/100\n|switch|p1b: Whimsicott|Whimsicott, L50, M|100/100\n|switch|p2a: Kyogre|Kyogre, L50|100/100\n|switch|p2b: Tornadus|Tornadus, L50, M|100/100\n|-fieldstart|move: Electric Terrain|[from] ability: Hadron Engine|[of] p1a: Miraidon\n|-weather|RainDance|[from] ability: Drizzle|[of] p2a: Kyogre\n|turn|1\n|\n|t:|1774135181\n|switch|p2b: Indeedee|Indeedee-F, L50, F|100/100\n|-fieldstart|move: Psychic Terrain|[from] ability: Psychic Surge|[of] p2b: Indeedee\n|-enditem|p2b: Indeedee|Psychic Seed\n|-boost|p2b: Indeedee|spd|1|[from] item: Psychic Seed\n|-terastallize|p2a: Kyogre|Grass\n|move|p1b: Whimsicott|Light Screen|p1b: Whimsicott\n|-sidestart|p1: It'sJustKen VGC|move: Light Screen\n|move|p1a: Miraidon|Volt Switch|p2b: Indeedee\n|-damage|p2b: Indeedee|62/100\n|\n|t:|1774135184\n|switch|p1a: Incineroar|Incineroar, L50, F|100/100|[from] Volt Switch\n|-ability|p1a: Incineroar|Intimidate|boost\n|-unboost|p2a: Kyogre|atk|1\n|-unboost|p2b: Indeedee|atk|1\n|move|p2a: Kyogre|Water Spout|p1a: Incineroar|[spread] p1a,p1b\n|-supereffective|p1a: Incineroar\n|-resisted|p1b: Whimsicott\n|-damage|p1a: Incineroar|0 fnt\n|-damage|p1b: Whimsicott|46/100\n|faint|p1a: Incineroar\n|\n|-weather|RainDance|[upkeep]\n|upkeep\n|\n|t:|1774135188\n|switch|p1a: Miraidon|Miraidon, L50, shiny|100/100\n|-fieldstart|move: Electric Terrain|[from] ability: Hadron Engine|[of] p1a: Miraidon\n|turn|2\n|\n|t:|1774135203\n|switch|p2b: Landorus|Landorus, L50, M|100/100\n|move|p2a: Kyogre|Protect|p2a: Kyogre\n|-singleturn|p2a: Kyogre|Protect\n|move|p1b: Whimsicott|Moonblast|p2a: Kyogre\n|-activate|p2a: Kyogre|move: Protect\n|move|p1a: Miraidon|Electro Drift|p2b: Landorus\n|-immune|p2b: Landorus\n|\n|-weather|RainDance|[upkeep]\n|upkeep\n|turn|3\n|\n|t:|1774135226\n|switch|p2a: Indeedee|Indeedee-F, L50, F|62/100\n|-fieldstart|move: Psychic Terrain|[from] ability: Psychic Surge|[of] p2a: Indeedee\n|move|p1b: Whimsicott|Moonblast|p2b: Landorus\n|-damage|p2b: Landorus|62/100\n|move|p1a: Miraidon|Electro Drift|p2a: Indeedee\n|-damage|p2a: Indeedee|0 fnt\n|faint|p2a: Indeedee\n|move|p2b: Landorus|Sludge Bomb|p1b: Whimsicott\n|-supereffective|p1b: Whimsicott\n|-damage|p1b: Whimsicott|0 fnt\n|faint|p1b: Whimsicott\n|\n|-weather|RainDance|[upkeep]\n|upkeep\n|\n|t:|1774135240\n|switch|p1b: Calyrex|Calyrex-Shadow, L50|100/100\n|switch|p2a: Tornadus|Tornadus, L50, M|100/100\n|-ability|p1b: Calyrex|As One\n|-ability|p1b: Calyrex|Unnerve\n|turn|4\n|\n|t:|1774135246\n|-terastallize|p1b: Calyrex|Ghost\n|move|p2a: Tornadus|Tailwind|p2a: Tornadus\n|-sidestart|p2: Erseo05|move: Tailwind\n|move|p2b: Landorus|Sandsear Storm|p1b: Calyrex|[spread] p1a,p1b\n|-supereffective|p1a: Miraidon\n|-damage|p1a: Miraidon|35/100\n|-damage|p1b: Calyrex|53/100\n|move|p1b: Calyrex|Astral Barrage|p2a: Tornadus|[spread] p2a,p2b\n|-damage|p2a: Tornadus|5/100\n|-damage|p2b: Landorus|0 fnt\n|faint|p2b: Landorus\n|-ability|p1b: Calyrex|Grim Neigh|boost\n|-boost|p1b: Calyrex|spa|1\n|move|p1a: Miraidon|Electro Drift|p2a: Tornadus\n|-supereffective|p2a: Tornadus\n|-damage|p2a: Tornadus|0 fnt\n|faint|p2a: Tornadus\n|\n|-weather|RainDance|[upkeep]\n|upkeep\n|\n|t:|1774135254\n|switch|p2b: Kyogre|Kyogre, L50, tera:Grass|100/100\n|turn|5\n|\n|t:|1774135269\n|move|p2b: Kyogre|Water Spout|p1a: Miraidon|[spread] p1a,p1b\n|-resisted|p1a: Miraidon\n|-damage|p1a: Miraidon|0 fnt\n|-damage|p1b: Calyrex|0 fnt\n|faint|p1a: Miraidon\n|faint|p1b: Calyrex\n|\n|win|Erseo05\n|raw|It&apos;sJustKen VGC's rating: 1509 &rarr; <strong>1493</strong><br />(-16 for losing)\n|raw|Erseo05's rating: 1588 &rarr; <strong>1604</strong><br />(+16 for winning)\n","uploadtime":1774135272,"views":15,"formatid":"gen9vgc2026regi","rating":1493,"private":0,"password":null}