{"id":"gen9vgc2026regi-2573557939","format":"[Gen 9] VGC 2026 Reg I","players":["capitan pablo","Luca8"],"log":"|j|\u2606capitan pablo\n|j|\u2606Luca8\n|t:|1775146596\n|gametype|doubles\n|player|p1|capitan pablo|steven|1340\n|player|p2|Luca8|flint|1420\n|gen|9\n|tier|[Gen 9] VGC 2026 Reg I\n|rated|\n|rule|Species Clause: Limit one of each Pok\u00e9mon\n|rule|Item Clause: Limit 1 of each item\n|clearpoke\n|poke|p1|Muk-Alola, L50, M|\n|poke|p1|Flamigo, L50, F|\n|poke|p1|Smeargle, L50, M|\n|poke|p1|Calyrex-Shadow, L50|\n|poke|p1|Miraidon, L50|\n|poke|p1|Urshifu-*, L50, M|\n|poke|p2|Urshifu-*, L50, M|\n|poke|p2|Kyogre, L50|\n|poke|p2|Farigiraf, L50, M|\n|poke|p2|Smeargle, L50, F|\n|poke|p2|Calyrex-Ice, L50|\n|poke|p2|Rhyperior, L50, M|\n|teampreview|4\n|inactive|Battle timer is ON: inactive players will automatically lose when time's up. (requested by capitan pablo)\n|\n|t:|1775146611\n|teamsize|p1|4\n|teamsize|p2|4\n|start\n|switch|p1a: Cumradioactive|Muk-Alola, L50, M|100/100\n|switch|p1b: Adolfito|Smeargle, L50, M|100/100\n|switch|p2a: Farigiraf|Farigiraf, L50, M|100/100\n|switch|p2b: Calyrex|Calyrex-Ice, L50|100/100\n|-ability|p2b: Calyrex|As One\n|-ability|p2b: Calyrex|Unnerve\n|turn|1\n|\n|t:|1775146631\n|move|p1b: Adolfito|Spore|p2b: Calyrex\n|-status|p2b: Calyrex|slp|[from] move: Spore\n|move|p1a: Cumradioactive|Minimize|p1a: Cumradioactive\n|-boost|p1a: Cumradioactive|evasion|2\n|cant|p2b: Calyrex|slp\n|move|p2a: Farigiraf|Trick Room|p2a: Farigiraf\n|-fieldstart|move: Trick Room|[of] p2a: Farigiraf\n|\n|-ability|p1b: Adolfito|Moody|boost\n|-boost|p1b: Adolfito|def|2\n|-unboost|p1b: Adolfito|spd|1\n|upkeep\n|turn|2\n|\n|t:|1775146648\n|cant|p2b: Calyrex|slp\n|move|p2a: Farigiraf|Hyper Voice|p1a: Cumradioactive|[spread] p1a,p1b\n|-damage|p1a: Cumradioactive|72/100\n|-enditem|p1b: Adolfito|Focus Sash\n|-damage|p1b: Adolfito|1/100\n|-enditem|p2a: Farigiraf|Throat Spray\n|-boost|p2a: Farigiraf|spa|1|[from] item: Throat Spray\n|move|p1a: Cumradioactive|Minimize|p1a: Cumradioactive\n|-boost|p1a: Cumradioactive|evasion|2\n|move|p1b: Adolfito|Decorate|p1a: Cumradioactive\n|-boost|p1a: Cumradioactive|atk|2\n|-boost|p1a: Cumradioactive|spa|2\n|\n|-heal|p1a: Cumradioactive|78/100|[from] item: Black Sludge\n|-ability|p1b: Adolfito|Moody|boost\n|-boost|p1b: Adolfito|spe|2\n|-unboost|p1b: Adolfito|def|1\n|upkeep\n|turn|3\n|\n|t:|1775146672\n|cant|p2b: Calyrex|slp\n|move|p2a: Farigiraf|Hyper Voice|p1a: Cumradioactive|[spread] p1b\n|-miss|p2a: Farigiraf|p1a: Cumradioactive\n|-damage|p1b: Adolfito|0 fnt\n|faint|p1b: Adolfito\n|-ability|p1a: Cumradioactive|Moody|Power of Alchemy|[from] ability: Power of Alchemy|[of] p1b: Adolfito\n|move|p1a: Cumradioactive|Minimize|p1a: Cumradioactive\n|-boost|p1a: Cumradioactive|evasion|2\n|\n|-heal|p1a: Cumradioactive|84/100|[from] item: Black Sludge\n|-ability|p1a: Cumradioactive|Moody|boost\n|-boost|p1a: Cumradioactive|spa|2\n|-unboost|p1a: Cumradioactive|spe|1\n|upkeep\n|\n|t:|1775146688\n|switch|p1b: Do Flamingo|Flamigo, L50, F|100/100\n|-copyboost|p1b: Do Flamingo|p1a: Cumradioactive|[from] ability: Costar\n|turn|4\n|\n|t:|1775146700\n|move|p1b: Do Flamingo|Protect|p1b: Do Flamingo\n|-singleturn|p1b: Do Flamingo|Protect\n|move|p1a: Cumradioactive|Crunch|p2b: Calyrex\n|-supereffective|p2b: Calyrex\n|-damage|p2b: Calyrex|18/100 slp\n|-curestatus|p2b: Calyrex|slp|[msg]\n|move|p2b: Calyrex|Glacial Lance|p1b: Do Flamingo|[spread] \n|-activate|p1b: Do Flamingo|move: Protect\n|-miss|p2b: Calyrex|p1a: Cumradioactive\n|move|p2a: Farigiraf|Psychic|p1b: Do Flamingo\n|-activate|p1b: Do Flamingo|move: Protect\n|\n|-heal|p1a: Cumradioactive|91/100|[from] item: Black Sludge\n|-ability|p1a: Cumradioactive|Moody|boost\n|-boost|p1a: Cumradioactive|spe|2\n|-unboost|p1a: Cumradioactive|def|1\n|upkeep\n|turn|5\n|\n|t:|1775146720\n|move|p1a: Cumradioactive|Protect|p1a: Cumradioactive\n|-singleturn|p1a: Cumradioactive|Protect\n|move|p2b: Calyrex|Glacial Lance|p1b: Do Flamingo|[spread] \n|-activate|p1a: Cumradioactive|move: Protect\n|-miss|p2b: Calyrex|p1b: Do Flamingo\n|move|p2a: Farigiraf|Psychic|p1b: Do Flamingo|[miss]\n|-miss|p2a: Farigiraf|p1b: Do Flamingo\n|move|p1b: Do Flamingo|Brave Bird|p2b: Calyrex\n|-damage|p2b: Calyrex|0 fnt\n|faint|p2b: Calyrex\n|-damage|p1b: Do Flamingo|93/100|[from] Recoil\n|\n|-heal|p1b: Do Flamingo|99/100|[from] item: Leftovers\n|-heal|p1a: Cumradioactive|97/100|[from] item: Black Sludge\n|-fieldend|move: Trick Room\n|-ability|p1a: Cumradioactive|Moody|boost\n|-boost|p1a: Cumradioactive|spa|2\n|-unboost|p1a: Cumradioactive|atk|1\n|upkeep\n|-message|Luca8 forfeited.\n|\n|win|capitan pablo\n|raw|capitan pablo's rating: 1340 &rarr; <strong>1365</strong><br />(+25 for winning)\n|raw|Luca8's rating: 1420 &rarr; <strong>1395</strong><br />(-25 for losing)\n|l|\u2606Luca8\n|player|p2|\n|l|\u2606capitan pablo\n|player|p1|\n","uploadtime":1775146990,"views":12,"formatid":"gen9vgc2026regi","rating":1365,"private":0,"password":null}