{"id":"gen9vgc2026regi-2587539939","format":"[Gen 9] VGC 2026 Reg I","players":["Periclinho","Zonavideovigilada"],"log":"|j|\u2606Periclinho\n|j|\u2606Zonavideovigilada\n|t:|1776540554\n|gametype|doubles\n|player|p1|Periclinho|101|1309\n|player|p2|Zonavideovigilada|169|1605\n|gen|9\n|tier|[Gen 9] VGC 2026 Reg I\n|rated|\n|rule|Species Clause: Limit one of each Pok\u00e9mon\n|rule|Item Clause: Limit 1 of each item\n|clearpoke\n|poke|p1|Calyrex-Ice, L50|\n|poke|p1|Rillaboom, L50, M|\n|poke|p1|Koraidon, L50|\n|poke|p1|Smeargle, L50, F|\n|poke|p1|Landorus, L50, M|\n|poke|p1|Incineroar, L50, M|\n|poke|p2|Miraidon, L50|\n|poke|p2|Calyrex-Ice, L50|\n|poke|p2|Urshifu-*, L50, M|\n|poke|p2|Ogerpon-Wellspring, L50, F|\n|poke|p2|Talonflame, L50, F|\n|poke|p2|Iron Crown, L50|\n|teampreview|4\nPericlinho has agreed to open team sheets.\n|inactive|Battle timer is ON: inactive players will automatically lose when time's up. (requested by Zonavideovigilada)\n|\n|t:|1776540624\n|teamsize|p1|4\n|teamsize|p2|4\n|start\n|switch|p1a: Koraidon|Koraidon, L50|100/100\n|switch|p1b: Incineroar|Incineroar, L50, M|100/100\n|switch|p2a: Talonflame|Talonflame, L50, F|100/100\n|switch|p2b: Urshifu|Urshifu, L50, M|100/100\n|-weather|SunnyDay|[from] ability: Orichalcum Pulse|[of] p1a: Koraidon\n|-activate|p1a: Koraidon|Orichalcum Pulse|[source]\n|-ability|p1b: Incineroar|Intimidate|boost\n|-unboost|p2a: Talonflame|atk|1\n|-unboost|p2b: Urshifu|atk|1\n|turn|1\n|\n|t:|1776540640\n|move|p1a: Koraidon|Protect|p1a: Koraidon\n|-singleturn|p1a: Koraidon|Protect\n|move|p1b: Incineroar|Fake Out|p2a: Talonflame\n|-damage|p2a: Talonflame|78/100\n|move|p2a: Talonflame|Will-O-Wisp|p1a: Koraidon\n|-activate|p1a: Koraidon|move: Protect\n|move|p2b: Urshifu|Close Combat|p1b: Incineroar\n|-supereffective|p1b: Incineroar\n|-damage|p1b: Incineroar|7/100\n|-unboost|p2b: Urshifu|def|1\n|-unboost|p2b: Urshifu|spd|1\n|\n|-weather|SunnyDay|[upkeep]\n|upkeep\n|turn|2\n|inactive|Periclinho has 30 seconds left.\n|inactive|Periclinho has 20 seconds left.\n|inactive|Periclinho has 15 seconds left.\n|inactive|Periclinho has 10 seconds left.\n|inactive|Periclinho has 5 seconds left.\n|\n|t:|1776540693\n|-terastallize|p1a: Koraidon|Fire\n|move|p1a: Koraidon|Collision Course|p2b: Urshifu\n|-supereffective|p2b: Urshifu\n|-enditem|p2b: Urshifu|Focus Sash\n|-damage|p2b: Urshifu|1/100\n|move|p2a: Talonflame|Tailwind|p2a: Talonflame\n|-sidestart|p2: Zonavideovigilada|move: Tailwind\n|move|p2b: Urshifu|Wicked Blow|p1b: Incineroar\n|-resisted|p1b: Incineroar\n|-crit|p1b: Incineroar\n|-damage|p1b: Incineroar|0 fnt\n|faint|p1b: Incineroar\n|\n|-weather|SunnyDay|[upkeep]\n|upkeep\n|\n|t:|1776540714\n|switch|p1b: Calyrex|Calyrex-Ice, L50|100/100\n|-ability|p1b: Calyrex|As One\n|-ability|p1b: Calyrex|Unnerve\n|turn|3\n|inactive|Zonavideovigilada has 30 seconds left.\n|\n|t:|1776540746\n|move|p1b: Calyrex|Protect|p1b: Calyrex\n|-singleturn|p1b: Calyrex|Protect\n|move|p2a: Talonflame|Flare Blitz|p1b: Calyrex\n|-activate|p1b: Calyrex|move: Protect\n|move|p2b: Urshifu|Wicked Blow|p1b: Calyrex\n|-supereffective|p1b: Calyrex\n|-crit|p1b: Calyrex\n|-damage|p1b: Calyrex|40/100\n|move|p1a: Koraidon|Flame Charge|p2b: Urshifu\n|-damage|p2b: Urshifu|0 fnt\n|-boost|p1a: Koraidon|spe|1\n|faint|p2b: Urshifu\n|\n|-weather|SunnyDay|[upkeep]\n|-heal|p1b: Calyrex|45/100|[from] item: Leftovers\n|upkeep\n|\n|t:|1776540763\n|switch|p2b: Miraidon|Miraidon, L50|100/100\n|-fieldstart|move: Electric Terrain|[from] ability: Hadron Engine|[of] p2b: Miraidon\n|turn|4\n|inactive|Periclinho has 30 seconds left.\n|inactive|Zonavideovigilada has 30 seconds left.\n|inactive|Zonavideovigilada has 20 seconds left.\n|inactive|Zonavideovigilada has 15 seconds left.\n|inactive|Zonavideovigilada has 10 seconds left.\n|\n|t:|1776540809\n|switch|p1b: Smeargle|Smeargle, L50, F|100/100\n|-terastallize|p2b: Miraidon|Electric\n|move|p1a: Koraidon|Protect|p1a: Koraidon\n|-singleturn|p1a: Koraidon|Protect\n|move|p2b: Miraidon|Draco Meteor|p1a: Koraidon\n|-activate|p1a: Koraidon|move: Protect\n|move|p2a: Talonflame|Brave Bird|p1a: Koraidon\n|-activate|p1a: Koraidon|move: Protect\n|\n|-weather|SunnyDay|[upkeep]\n|-ability|p1b: Smeargle|Moody|boost\n|-boost|p1b: Smeargle|spd|2\n|-unboost|p1b: Smeargle|spe|1\n|upkeep\n|turn|5\n|inactive|Periclinho has 30 seconds left.\n|\n|t:|1776540836\n|move|p1b: Smeargle|Follow Me|p1b: Smeargle\n|-singleturn|p1b: Smeargle|move: Follow Me\n|move|p2b: Miraidon|Draco Meteor|p1b: Smeargle\n|-damage|p1b: Smeargle|13/100\n|-unboost|p2b: Miraidon|spa|2\n|move|p2a: Talonflame|Brave Bird|p1b: Smeargle\n|-damage|p1b: Smeargle|0 fnt\n|faint|p1b: Smeargle\n|-damage|p2a: Talonflame|74/100|[from] Recoil\n|move|p1a: Koraidon|Flare Blitz|p2a: Talonflame\n|-resisted|p2a: Talonflame\n|-damage|p2a: Talonflame|0 fnt\n|faint|p2a: Talonflame\n|-damage|p1a: Koraidon|79/100|[from] Recoil\n|\n|-weather|none\n|-sideend|p2: Zonavideovigilada|move: Tailwind\n|upkeep\n|\n|t:|1776540849\n|switch|p2a: Calyrex|Calyrex-Ice, L50|100/100\n|switch|p1b: Calyrex|Calyrex-Ice, L50|45/100\n|-ability|p2a: Calyrex|As One\n|-ability|p2a: Calyrex|Unnerve\n|-ability|p1b: Calyrex|As One\n|-ability|p1b: Calyrex|Unnerve\n|turn|6\n|\n|t:|1776540861\n|move|p1b: Calyrex|Protect|p1b: Calyrex\n|-singleturn|p1b: Calyrex|Protect\n|move|p1a: Koraidon|Flare Blitz|p2a: Calyrex\n|-supereffective|p2a: Calyrex\n|-damage|p2a: Calyrex|27/100\n|-damage|p1a: Koraidon|51/100|[from] Recoil\n|move|p2b: Miraidon|Draco Meteor|p1a: Koraidon\n|-damage|p1a: Koraidon|2/100\n|-unboost|p2b: Miraidon|spa|2\n|move|p2a: Calyrex|Trick Room|p2a: Calyrex\n|-fieldstart|move: Trick Room|[of] p2a: Calyrex\n|\n|-heal|p1b: Calyrex|51/100|[from] item: Leftovers\n|upkeep\n|turn|7\n|\n|t:|1776540880\n|move|p1b: Calyrex|Glacial Lance|p2b: Miraidon|[spread] p2a,p2b\n|-resisted|p2a: Calyrex\n|-damage|p2a: Calyrex|14/100\n|-damage|p2b: Miraidon|60/100\n|move|p2a: Calyrex|Body Press|p1a: Koraidon\n|-damage|p1a: Koraidon|0 fnt\n|faint|p1a: Koraidon\n|-ability|p2a: Calyrex|Chilling Neigh|boost\n|-boost|p2a: Calyrex|atk|1\n|move|p2b: Miraidon|Draco Meteor|p1b: Calyrex\n|-damage|p1b: Calyrex|32/100\n|-unboost|p2b: Miraidon|spa|2\n|\n|-heal|p1b: Calyrex|38/100|[from] item: Leftovers\n|upkeep\n|turn|8\n|inactive|Periclinho has 30 seconds left.\n|\n|t:|1776540911\n|move|p1b: Calyrex|Protect|p1b: Calyrex\n|-singleturn|p1b: Calyrex|Protect\n|move|p2a: Calyrex|Imprison|p2a: Calyrex\n|-start|p2a: Calyrex|move: Imprison\n|move|p2b: Miraidon|Draco Meteor|p1b: Calyrex\n|-activate|p1b: Calyrex|move: Protect\n|\n|-heal|p1b: Calyrex|43/100|[from] item: Leftovers\n|-fieldend|move: Electric Terrain\n|upkeep\n|turn|9\n|\n|t:|1776540930\n|move|p1b: Calyrex|Leech Seed|p2a: Calyrex\n|-start|p2a: Calyrex|move: Leech Seed\n|move|p2a: Calyrex|Glacial Lance|p1b: Calyrex\n|-resisted|p1b: Calyrex\n|-damage|p1b: Calyrex|13/100\n|move|p2b: Miraidon|Draco Meteor|p1b: Calyrex\n|-damage|p1b: Calyrex|1/100\n|\n|-heal|p1b: Calyrex|7/100|[from] item: Leftovers\n|-damage|p2a: Calyrex|1/100|[from] Leech Seed|[of] p1b: Calyrex\n|-heal|p1b: Calyrex|19/100|[silent]\n|upkeep\n|turn|10\n|\n|t:|1776540944\n|move|p1b: Calyrex|Protect|p1b: Calyrex\n|-singleturn|p1b: Calyrex|Protect\n|move|p2a: Calyrex|Glacial Lance|p1b: Calyrex\n|-activate|p1b: Calyrex|move: Protect\n|move|p2b: Miraidon|Draco Meteor|p1b: Calyrex\n|-activate|p1b: Calyrex|move: Protect\n|\n|-heal|p1b: Calyrex|25/100|[from] item: Leftovers\n|-damage|p2a: Calyrex|0 fnt|[from] Leech Seed|[of] p1b: Calyrex\n|-heal|p1b: Calyrex|26/100|[silent]\n|faint|p2a: Calyrex\n|-fieldend|move: Trick Room\n|upkeep\n|turn|11\n|\n|t:|1776540955\n|move|p2b: Miraidon|Draco Meteor|p1b: Calyrex\n|-damage|p1b: Calyrex|14/100\n|move|p1b: Calyrex|Glacial Lance|p2b: Miraidon\n|-damage|p2b: Miraidon|8/100\n|\n|-heal|p1b: Calyrex|19/100|[from] item: Leftovers\n|upkeep\n|turn|12\n|\n|t:|1776540962\n|move|p1b: Calyrex|Protect|p1b: Calyrex\n|-singleturn|p1b: Calyrex|Protect\n|-activate|p2b: Miraidon|move: Struggle\n|move|p2b: Miraidon|Struggle|p1b: Calyrex\n|-activate|p1b: Calyrex|move: Protect\n|\n|-heal|p1b: Calyrex|25/100|[from] item: Leftovers\n|upkeep\n|turn|13\n|\n|t:|1776540964\n|-activate|p2b: Miraidon|move: Struggle\n|move|p2b: Miraidon|Struggle|p1b: Calyrex\n|-damage|p1b: Calyrex|20/100\n|-damage|p2b: Miraidon|0 fnt|[from] recoil\n|faint|p2b: Miraidon\n|\n|win|Periclinho\n|raw|Periclinho's rating: 1309 &rarr; <strong>1343</strong><br />(+34 for winning)\n|raw|Zonavideovigilada's rating: 1605 &rarr; <strong>1571</strong><br />(-34 for losing)\n|l|\u2606Zonavideovigilada\n|player|p2|\n|l|\u2606Periclinho\n|player|p1|\n","uploadtime":1776541220,"views":23,"formatid":"gen9vgc2026regi","rating":1343,"private":0,"password":null}