{"id":"gen9vgc2026regi-2565898356","format":"[Gen 9] VGC 2026 Reg I","players":["AstralFrottage","TheAndUrgeTheUrge"],"log":"|j|\u2606AstralFrottage\n|j|\u2606TheAndUrgeTheUrge\n|t:|1774315548\n|gametype|doubles\n|player|p1|AstralFrottage|265|1556\n|player|p2|TheAndUrgeTheUrge|265|1557\n|gen|9\n|tier|[Gen 9] VGC 2026 Reg I\n|rated|\n|rule|Species Clause: Limit one of each Pok\u00e9mon\n|rule|Item Clause: Limit 1 of each item\n|clearpoke\n|poke|p1|Sneasler, L50, M|\n|poke|p1|Tatsugiri, L50, M|\n|poke|p1|Dondozo, L50, M|\n|poke|p1|Miraidon, L50|\n|poke|p1|Whimsicott, L50, M|\n|poke|p1|Calyrex-Shadow, L50|\n|poke|p2|Zamazenta-*, L50|\n|poke|p2|Rillaboom, L50, F|\n|poke|p2|Incineroar, L50, F|\n|poke|p2|Chien-Pao, L50|\n|poke|p2|Kyogre, L50|\n|poke|p2|Flutter Mane, L50|\n|teampreview|4\n|inactive|Battle timer is ON: inactive players will automatically lose when time's up. (requested by AstralFrottage)\n|\n|t:|1774315575\n|teamsize|p1|4\n|teamsize|p2|4\n|start\n|switch|p1a: Hot Topic|Sneasler, L50, M|100/100\n|switch|p1b: The Porche|Miraidon, L50|100/100\n|switch|p2a: Zamazenta|Zamazenta-Crowned, L50, shiny|100/100\n|switch|p2b: Rillaboom|Rillaboom, L50, F, shiny|100/100\n|-fieldstart|move: Electric Terrain|[from] ability: Hadron Engine|[of] p1b: The Porche\n|-enditem|p1a: Hot Topic|Electric Seed\n|-boost|p1a: Hot Topic|def|1|[from] item: Electric Seed\n|-ability|p2a: Zamazenta|Dauntless Shield|boost\n|-boost|p2a: Zamazenta|def|1\n|-fieldstart|move: Grassy Terrain|[from] ability: Grassy Surge|[of] p2b: Rillaboom\n|turn|1\n|\n|t:|1774315594\n|move|p2b: Rillaboom|Fake Out|p1a: Hot Topic\n|-damage|p1a: Hot Topic|87/100\n|cant|p1a: Hot Topic|flinch\n|move|p1b: The Porche|Electro Drift|p2a: Zamazenta\n|-damage|p2a: Zamazenta|70/100\n|move|p2a: Zamazenta|Iron Defense|p2a: Zamazenta\n|-boost|p2a: Zamazenta|def|2\n|\n|-heal|p1a: Hot Topic|93/100|[from] Grassy Terrain\n|-heal|p2a: Zamazenta|76/100|[from] Grassy Terrain\n|upkeep\n|turn|2\n|\n|t:|1774315618\n|switch|p2b: Incineroar|Incineroar, L50, F, shiny|100/100\n|-ability|p2b: Incineroar|Intimidate|boost\n|-unboost|p1a: Hot Topic|atk|1\n|-unboost|p1b: The Porche|atk|1\n|move|p1a: Hot Topic|Toxic Spikes|p2a: Zamazenta\n|-sidestart|p2: TheAndUrgeTheUrge|move: Toxic Spikes\n|move|p1b: The Porche|Electro Drift|p2a: Zamazenta\n|-damage|p2a: Zamazenta|41/100\n|move|p2a: Zamazenta|Body Press|p1b: The Porche\n|-damage|p1b: The Porche|6/100\n|\n|-heal|p1a: Hot Topic|99/100|[from] Grassy Terrain\n|-heal|p1b: The Porche|12/100|[from] Grassy Terrain\n|-heal|p2a: Zamazenta|47/100|[from] Grassy Terrain\n|upkeep\n|turn|3\n|inactive|TheAndUrgeTheUrge has 30 seconds left.\n|\n|t:|1774315648\n|move|p2b: Incineroar|Fake Out|p1b: The Porche\n|-damage|p1b: The Porche|2/100\n|move|p1a: Hot Topic|Low Kick|p2b: Incineroar\n|-supereffective|p2b: Incineroar\n|-damage|p2b: Incineroar|53/100\n|cant|p1b: The Porche|flinch\n|move|p2a: Zamazenta|Heavy Slam|p1a: Hot Topic\n|-damage|p1a: Hot Topic|52/100\n|\n|-heal|p1a: Hot Topic|58/100|[from] Grassy Terrain\n|-heal|p1b: The Porche|8/100|[from] Grassy Terrain\n|-heal|p2a: Zamazenta|54/100|[from] Grassy Terrain\n|-heal|p2b: Incineroar|59/100|[from] Grassy Terrain\n|upkeep\n|turn|4\n|\n|t:|1774315669\n|move|p2a: Zamazenta|Protect|p2a: Zamazenta\n|-singleturn|p2a: Zamazenta|Protect\n|move|p1a: Hot Topic|Low Kick|p2b: Incineroar\n|-supereffective|p2b: Incineroar\n|-damage|p2b: Incineroar|11/100\n|move|p1b: The Porche|Electro Drift|p2b: Incineroar\n|-damage|p2b: Incineroar|0 fnt\n|faint|p2b: Incineroar\n|\n|-heal|p1a: Hot Topic|64/100|[from] Grassy Terrain\n|-heal|p1b: The Porche|14/100|[from] Grassy Terrain\n|-heal|p2a: Zamazenta|60/100|[from] Grassy Terrain\n|upkeep\n|\n|t:|1774315680\n|switch|p2b: Chien-Pao|Chien-Pao, L50, shiny|100/100\n|-status|p2b: Chien-Pao|psn\n|-ability|p2b: Chien-Pao|Sword of Ruin\n|turn|5\n|-message|TheAndUrgeTheUrge forfeited.\n|\n|win|AstralFrottage\n|raw|AstralFrottage's rating: 1556 &rarr; <strong>1576</strong><br />(+20 for winning)\n|raw|TheAndUrgeTheUrge's rating: 1557 &rarr; <strong>1537</strong><br />(-20 for losing)\n|l|\u2606TheAndUrgeTheUrge\n|player|p2|\n|l|\u2606AstralFrottage\n|player|p1|\n","uploadtime":1774315699,"views":48,"formatid":"gen9vgc2026regi","rating":1537,"private":0,"password":null}