{"id":"gen9vgc2026regi-2542443187","format":"[Gen 9] VGC 2026 Reg I","players":["that is a sled","EllenJoe2026"],"log":"|j|\u2606that is a sled\n|j|\u2606EllenJoe2026\n|t:|1771449191\n|gametype|doubles\n|player|p1|that is a sled|brycen|1399\n|player|p2|EllenJoe2026|iono|1485\n|gen|9\n|tier|[Gen 9] VGC 2026 Reg I\n|rated|\n|rule|Species Clause: Limit one of each Pok\u00e9mon\n|rule|Item Clause: Limit 1 of each item\n|clearpoke\n|poke|p1|Calyrex-Shadow, L50|\n|poke|p1|Weezing-Galar, L50, F|\n|poke|p1|Koraidon, L50|\n|poke|p1|Flutter Mane, L50|\n|poke|p1|Incineroar, L50, F|\n|poke|p1|Whimsicott, L50, M|\n|poke|p2|Calyrex-Ice, L50|\n|poke|p2|Miraidon, L50|\n|poke|p2|Tornadus, L50, M|\n|poke|p2|Urshifu-*, L50, F|\n|poke|p2|Grimmsnarl, L50, M|\n|poke|p2|Indeedee-F, L50, F|\n|teampreview|4\n|inactive|Battle timer is ON: inactive players will automatically lose when time's up. (requested by that is a sled)\n|inactive|EllenJoe2026 also wants the timer to be on.\n|inactive|EllenJoe2026 has 60 seconds left.\n|\n|t:|1771449240\n|teamsize|p1|4\n|teamsize|p2|4\n|start\n|switch|p1a: Raisins|Calyrex-Shadow, L50|100/100\n|switch|p1b: Doodoo fard|Weezing-Galar, L50, F|100/100\n|switch|p2a: Tornadus|Tornadus, L50, M, shiny|100/100\n|switch|p2b: Grimmsnarl|Grimmsnarl, L50, M, shiny|100/100\n|-ability|p1b: Doodoo fard|Neutralizing Gas\n|-ability|p1a: Raisins|As One\n|-ability|p1a: Raisins|Unnerve\n|turn|1\n|\n|t:|1771449255\n|switch|p1a: Wolfey|Incineroar, L50, F|100/100\n|-terastallize|p2a: Tornadus|Dark\n|move|p2a: Tornadus|Dark Pulse|p1a: Wolfey\n|-resisted|p1a: Wolfey\n|-damage|p1a: Wolfey|83/100\n|move|p1b: Doodoo fard|Taunt|p2b: Grimmsnarl\n|-start|p2b: Grimmsnarl|move: Taunt\n|move|p2b: Grimmsnarl|Foul Play|p1a: Wolfey\n|-resisted|p1a: Wolfey\n|-damage|p1a: Wolfey|69/100\n|\n|upkeep\n|turn|2\n|\n|t:|1771449273\n|switch|p2b: Miraidon|Miraidon, L50, shiny|100/100\n|move|p1a: Wolfey|Fake Out|p2b: Miraidon\n|-damage|p2b: Miraidon|91/100\n|move|p2a: Tornadus|Taunt|p1b: Doodoo fard\n|-start|p1b: Doodoo fard|move: Taunt\n|cant|p1b: Doodoo fard|move: Taunt|Taunt\n|\n|upkeep\n|turn|3\n|\n|t:|1771449292\n|move|p2b: Miraidon|Volt Switch|p1a: Wolfey\n|-damage|p1a: Wolfey|25/100\n|\n|t:|1771449297\n|switch|p2b: Grimmsnarl|Grimmsnarl, L50, M, shiny|100/100|[from] Volt Switch\n|move|p2a: Tornadus|Dark Pulse|p1a: Wolfey\n|-resisted|p1a: Wolfey\n|-damage|p1a: Wolfey|6/100\n|move|p1b: Doodoo fard|Strange Steam|p2a: Tornadus\n|-supereffective|p2a: Tornadus\n|-damage|p2a: Tornadus|18/100\n|move|p1a: Wolfey|Parting Shot|p2b: Grimmsnarl\n|-unboost|p2b: Grimmsnarl|atk|1\n|-unboost|p2b: Grimmsnarl|spa|1\n|j| Aimboted\n|\n|t:|1771449303\n|switch|p1a: Yaaaassss|Koraidon, L50|100/100|[from] Parting Shot\n|-weather|SunnyDay|[from] ability: Orichalcum Pulse|[of] p1a: Yaaaassss\n|-activate|p1a: Yaaaassss|Orichalcum Pulse|[source]\n|\n|-weather|SunnyDay|[upkeep]\n|upkeep\n|turn|4\n|\n|t:|1771449328\n|switch|p2a: Miraidon|Miraidon, L50, shiny|91/100\n|move|p1a: Yaaaassss|Flame Charge|p2a: Miraidon\n|-resisted|p2a: Miraidon\n|-damage|p2a: Miraidon|73/100\n|-boost|p1a: Yaaaassss|spe|1\n|move|p1b: Doodoo fard|Strange Steam|p2b: Grimmsnarl\n|-supereffective|p2b: Grimmsnarl\n|-damage|p2b: Grimmsnarl|46/100\n|move|p2b: Grimmsnarl|Reflect|p2b: Grimmsnarl\n|-sidestart|p2: EllenJoe2026|Reflect\n|\n|-weather|SunnyDay|[upkeep]\n|-end|p1b: Doodoo fard|move: Taunt\n|upkeep\n|turn|5\n|\n|t:|1771449350\n|move|p1a: Yaaaassss|Close Combat|p2a: Miraidon\n|-damage|p2a: Miraidon|16/100\n|-unboost|p1a: Yaaaassss|def|1\n|-unboost|p1a: Yaaaassss|spd|1\n|move|p2a: Miraidon|Dazzling Gleam|p1b: Doodoo fard|[spread] p1a,p1b\n|-supereffective|p1a: Yaaaassss\n|-resisted|p1b: Doodoo fard\n|-crit|p1b: Doodoo fard\n|-damage|p1a: Yaaaassss|0 fnt\n|-damage|p1b: Doodoo fard|78/100\n|faint|p1a: Yaaaassss\n|move|p1b: Doodoo fard|Taunt|p2b: Grimmsnarl\n|-start|p2b: Grimmsnarl|move: Taunt\n|cant|p2b: Grimmsnarl|move: Taunt|Light Screen\n|\n|-weather|SunnyDay|[upkeep]\n|upkeep\n|c| Aimboted|Yikes\n|\n|t:|1771449360\n|switch|p1a: Raisins|Calyrex-Shadow, L50|100/100\n|-ability|p1a: Raisins|As One\n|-ability|p1a: Raisins|Unnerve\n|turn|6\n|\n|t:|1771449368\n|-terastallize|p1a: Raisins|Fairy\n|move|p1a: Raisins|Astral Barrage|p2a: Miraidon|[spread] p2a,p2b\n|-resisted|p2b: Grimmsnarl\n|-damage|p2a: Miraidon|0 fnt\n|-damage|p2b: Grimmsnarl|18/100\n|faint|p2a: Miraidon\n|-ability|p1a: Raisins|Grim Neigh|boost\n|-boost|p1a: Raisins|spa|1\n|move|p1b: Doodoo fard|Strange Steam|p2b: Grimmsnarl\n|-supereffective|p2b: Grimmsnarl\n|-damage|p2b: Grimmsnarl|0 fnt\n|faint|p2b: Grimmsnarl\n|\n|-weather|SunnyDay|[upkeep]\n|upkeep\n|\n|t:|1771449371\n|switch|p2a: Tornadus|Tornadus, L50, M, shiny, tera:Dark|18/100\n|switch|p2b: Calyrex|Calyrex-Ice, L50|100/100\n|-ability|p2b: Calyrex|As One\n|-ability|p2b: Calyrex|Unnerve\n|turn|7\n|-message|EllenJoe2026 forfeited.\n|\n|win|that is a sled\n|raw|that is a sled's rating: 1399 &rarr; <strong>1424</strong><br />(+25 for winning)\n|raw|EllenJoe2026's rating: 1485 &rarr; <strong>1460</strong><br />(-25 for losing)\n|l|\u2606EllenJoe2026\n|player|p2|\n|l|\u2606that is a sled\n|player|p1|\n|l| Aimboted\n","uploadtime":1771449645,"views":14,"formatid":"gen9vgc2026regi","rating":1424,"private":0,"password":null}