{"id":"gen9vgc2026regi-2533800779","format":"[Gen 9] VGC 2026 Reg I","players":["alexit93","saya315"],"log":"|j|\u2606alexit93\n|j|\u2606saya315\n|t:|1770342586\n|gametype|doubles\n|player|p1|alexit93|lucas-gen4pt|1358\n|player|p2|saya315|veteranf|1452\n|gen|9\n|tier|[Gen 9] VGC 2026 Reg I\n|rated|\n|rule|Species Clause: Limit one of each Pok\u00e9mon\n|rule|Item Clause: Limit 1 of each item\n|clearpoke\n|poke|p1|Zamazenta-*, L50|\n|poke|p1|Riolu, L50, F|\n|poke|p1|Calyrex-Ice, L50|\n|poke|p1|Rillaboom, L50, M|\n|poke|p1|Incineroar, L50, F|\n|poke|p1|Urshifu-*, L50, F|\n|poke|p2|Kyogre, L50|\n|poke|p2|Calyrex-Ice, L50|\n|poke|p2|Iron Jugulis, L50|\n|poke|p2|Amoonguss, L50, F|\n|poke|p2|Indeedee-F, L50, F|\n|poke|p2|Urshifu-*, L50, F|\n|teampreview|4\n|\n|t:|1770342609\n|teamsize|p1|4\n|teamsize|p2|4\n|start\n|switch|p1a: Urshifu|Urshifu-Rapid-Strike, L50, F|100/100\n|switch|p1b: Rillaboom|Rillaboom, L50, M|100/100\n|switch|p2a: Indeedee|Indeedee-F, L50, F|100/100\n|switch|p2b: Kyogre|Kyogre, L50|100/100\n|-weather|RainDance|[from] ability: Drizzle|[of] p2b: Kyogre\n|-fieldstart|move: Grassy Terrain|[from] ability: Grassy Surge|[of] p1b: Rillaboom\n|-fieldstart|move: Psychic Terrain|[from] ability: Psychic Surge|[of] p2a: Indeedee\n|turn|1\n|\n|t:|1770342618\n|-terastallize|p1a: Urshifu|Water\n|-terastallize|p2b: Kyogre|Water\n|move|p2a: Indeedee|Follow Me|p2a: Indeedee\n|-singleturn|p2a: Indeedee|move: Follow Me\n|move|p1a: Urshifu|Surging Strikes|p2a: Indeedee\n|-crit|p2a: Indeedee\n|-damage|p2a: Indeedee|60/100\n|-crit|p2a: Indeedee\n|-damage|p2a: Indeedee|24/100\n|-crit|p2a: Indeedee\n|-damage|p2a: Indeedee|0 fnt\n|faint|p2a: Indeedee\n|-hitcount|p2: Indeedee|3\n|move|p2b: Kyogre|Water Spout|p1a: Urshifu|[spread] p1a,p1b\n|-resisted|p1a: Urshifu\n|-resisted|p1b: Rillaboom\n|-damage|p1a: Urshifu|0 fnt\n|-damage|p1b: Rillaboom|20/100\n|faint|p1a: Urshifu\n|move|p1b: Rillaboom|Wood Hammer|p2b: Kyogre\n|-supereffective|p2b: Kyogre\n|-damage|p2b: Kyogre|0 fnt\n|faint|p2b: Kyogre\n|-damage|p1b: Rillaboom|0 fnt|[from] Recoil\n|faint|p1b: Rillaboom\n|\n|-weather|RainDance|[upkeep]\n|upkeep\n|\n|t:|1770342639\n|switch|p1a: Zamazenta|Zamazenta-Crowned, L50, shiny|100/100\n|switch|p2b: Amoonguss|Amoonguss, L50, F, shiny|100/100\n|switch|p1b: Riolu|Riolu, L50, F|100/100\n|switch|p2a: Calyrex|Calyrex-Ice, L50|100/100\n|-ability|p2a: Calyrex|As One\n|-ability|p2a: Calyrex|Unnerve\n|-ability|p1a: Zamazenta|Dauntless Shield|boost\n|-boost|p1a: Zamazenta|def|1\n|turn|2\n|\n|t:|1770342657\n|move|p1b: Riolu|Coaching|p1a: Zamazenta\n|-boost|p1a: Zamazenta|atk|1\n|-boost|p1a: Zamazenta|def|1\n|move|p1a: Zamazenta|Behemoth Bash|p2b: Amoonguss\n|-damage|p2b: Amoonguss|51/100\n|-damage|p1a: Zamazenta|84/100|[from] item: Rocky Helmet|[of] p2b: Amoonguss\n|move|p2a: Calyrex|Glacial Lance|p1a: Zamazenta|[spread] p1a,p1b\n|-resisted|p1a: Zamazenta\n|-damage|p1a: Zamazenta|74/100\n|-damage|p1b: Riolu|29/100\n|move|p2b: Amoonguss|Spore|p1a: Zamazenta\n|-status|p1a: Zamazenta|slp|[from] move: Spore\n|\n|-weather|RainDance|[upkeep]\n|upkeep\n|turn|3\n|\n|t:|1770342678\n|move|p1b: Riolu|Coaching|p1a: Zamazenta\n|-boost|p1a: Zamazenta|atk|1\n|-boost|p1a: Zamazenta|def|1\n|cant|p1a: Zamazenta|slp\n|move|p2a: Calyrex|Glacial Lance|p1a: Zamazenta|[spread] p1a,p1b\n|-resisted|p1a: Zamazenta\n|-damage|p1a: Zamazenta|67/100 slp\n|-damage|p1b: Riolu|0 fnt\n|faint|p1b: Riolu\n|-ability|p2a: Calyrex|Chilling Neigh|boost\n|-boost|p2a: Calyrex|atk|1\n|move|p2b: Amoonguss|Pollen Puff|p1a: Zamazenta\n|-resisted|p1a: Zamazenta\n|-damage|p1a: Zamazenta|64/100 slp\n|\n|-weather|RainDance|[upkeep]\n|upkeep\n|turn|4\n|\n|t:|1770342705\n|-curestatus|p1a: Zamazenta|slp|[msg]\n|move|p1a: Zamazenta|Body Press|p2a: Calyrex\n|-damage|p2a: Calyrex|31/100\n|move|p2b: Amoonguss|Pollen Puff|p1a: Zamazenta\n|-resisted|p1a: Zamazenta\n|-damage|p1a: Zamazenta|60/100\n|move|p2a: Calyrex|Trick Room|p2a: Calyrex\n|-fieldstart|move: Trick Room|[of] p2a: Calyrex\n|\n|-weather|RainDance|[upkeep]\n|upkeep\n|turn|5\n|\n|t:|1770342717\n|move|p1a: Zamazenta|Protect|p1a: Zamazenta\n|-singleturn|p1a: Zamazenta|Protect\n|move|p2b: Amoonguss|Spore|p1a: Zamazenta\n|-activate|p1a: Zamazenta|move: Protect\n|move|p2a: Calyrex|Glacial Lance|p1a: Zamazenta\n|-activate|p1a: Zamazenta|move: Protect\n|\n|-weather|none\n|-fieldend|move: Psychic Terrain\n|upkeep\n|turn|6\n|\n|t:|1770342726\n|move|p1a: Zamazenta|Wide Guard|p1a: Zamazenta\n|-singleturn|p1a: Zamazenta|Wide Guard\n|move|p2b: Amoonguss|Spore|p1a: Zamazenta\n|-status|p1a: Zamazenta|slp|[from] move: Spore\n|move|p2a: Calyrex|Glacial Lance|p1a: Zamazenta\n|-activate|p1a: Zamazenta|move: Wide Guard\n|\n|upkeep\n|turn|7\n|\n|t:|1770342734\n|move|p2b: Amoonguss|Pollen Puff|p2a: Calyrex\n|-heal|p2a: Calyrex|81/100\n|move|p2a: Calyrex|Glacial Lance|p1a: Zamazenta\n|-resisted|p1a: Zamazenta\n|-damage|p1a: Zamazenta|46/100 slp\n|cant|p1a: Zamazenta|slp\n|\n|upkeep\n|turn|8\n|\n|t:|1770342751\n|cant|p1a: Zamazenta|slp\n|move|p2b: Amoonguss|Spore|p2a: Calyrex\n|-status|p2a: Calyrex|slp|[from] move: Spore\n|cant|p2a: Calyrex|slp\n|\n|-fieldend|move: Trick Room\n|upkeep\n|turn|9\n|\n|t:|1770342776\n|cant|p1a: Zamazenta|slp\n|cant|p2a: Calyrex|slp\n|move|p2b: Amoonguss|Spore|p1a: Zamazenta\n|-fail|p1a: Zamazenta|slp\n|\n|upkeep\n|turn|10\n|\n|t:|1770342783\n|move|p2b: Amoonguss|Protect|p2b: Amoonguss\n|-singleturn|p2b: Amoonguss|Protect\n|-curestatus|p1a: Zamazenta|slp|[msg]\n|move|p1a: Zamazenta|Behemoth Bash|p2b: Amoonguss\n|-activate|p2b: Amoonguss|move: Protect\n|-curestatus|p2a: Calyrex|slp|[msg]\n|move|p2a: Calyrex|Glacial Lance|p1a: Zamazenta\n|-resisted|p1a: Zamazenta\n|-damage|p1a: Zamazenta|31/100\n|\n|upkeep\n|turn|11\n|\n|t:|1770342809\n|move|p1a: Zamazenta|Behemoth Bash|p2b: Amoonguss\n|-damage|p2b: Amoonguss|0 fnt\n|-damage|p1a: Zamazenta|15/100|[from] item: Rocky Helmet|[of] p2b: Amoonguss\n|faint|p2b: Amoonguss\n|move|p2a: Calyrex|Trick Room|p2a: Calyrex\n|-fieldstart|move: Trick Room|[of] p2a: Calyrex\n|\n|upkeep\n|turn|12\n|\n|t:|1770342816\n|move|p1a: Zamazenta|Protect|p1a: Zamazenta\n|-singleturn|p1a: Zamazenta|Protect\n|move|p2a: Calyrex|Glacial Lance|p1a: Zamazenta\n|-activate|p1a: Zamazenta|move: Protect\n|\n|upkeep\n|turn|13\n|\n|t:|1770342823\n|move|p2a: Calyrex|Glacial Lance|p1a: Zamazenta\n|-resisted|p1a: Zamazenta\n|-damage|p1a: Zamazenta|0 fnt\n|faint|p1a: Zamazenta\n|\n|win|saya315\n|raw|alexit93's rating: 1358 &rarr; <strong>1343</strong><br />(-15 for losing)\n|raw|saya315's rating: 1452 &rarr; <strong>1467</strong><br />(+15 for winning)\n|l|\u2606alexit93\n|player|p1|\n","uploadtime":1770343052,"views":12,"formatid":"gen9vgc2026regi","rating":1343,"private":0,"password":null}