{"id":"gen9vgc2026regi-2519843967","format":"[Gen 9] VGC 2026 Reg I","players":["MarEQuinox","yaochangzhe"],"log":"|j|\u2606MarEQuinox\n|j|\u2606yaochangzhe\n|t:|1768559660\n|gametype|doubles\n|player|p1|MarEQuinox|cynthia-gen4|1345\n|player|p2|yaochangzhe|266|1289\n|gen|9\n|tier|[Gen 9] VGC 2026 Reg I\n|rated|\n|rule|Species Clause: Limit one of each Pok\u00e9mon\n|rule|Item Clause: Limit 1 of each item\n|clearpoke\n|poke|p1|Calyrex-Shadow, L50|\n|poke|p1|Zamazenta-*, L50|\n|poke|p1|Incineroar, L50, M|\n|poke|p1|Rillaboom, L50, F|\n|poke|p1|Ogerpon-Cornerstone, L50, F|\n|poke|p1|Tornadus, L50, M|\n|poke|p2|Miraidon, L50|\n|poke|p2|Calyrex-Ice, L50|\n|poke|p2|Ogerpon-Wellspring, L50, F|\n|poke|p2|Volcarona, L50, M|\n|poke|p2|Farigiraf, L50, M|\n|poke|p2|Ditto, L50|\n|teampreview|4\n|j| ShinksVGC\n|inactive|Battle timer is ON: inactive players will automatically lose when time's up. (requested by yaochangzhe)\n|\n|t:|1768559722\n|teamsize|p1|4\n|teamsize|p2|4\n|start\n|switch|p1a: Ogerpon|Ogerpon-Cornerstone, L50, F|100/100\n|switch|p1b: Calyrex|Calyrex-Shadow, L50|100/100\n|switch|p2a: Volcarona|Volcarona, L50, M|100/100\n|switch|p2b: Miraidon|Miraidon, L50|100/100\n|-ability|p1b: Calyrex|As One\n|-ability|p1b: Calyrex|Unnerve\n|-fieldstart|move: Electric Terrain|[from] ability: Hadron Engine|[of] p2b: Miraidon\n|turn|1\n|l| ShinksVGC\n|inactive|MarEQuinox has 30 seconds left.\n|inactive|yaochangzhe has 30 seconds left.\n|inactive|yaochangzhe has 20 seconds left.\n|inactive|yaochangzhe has 15 seconds left.\n|inactive|yaochangzhe has 10 seconds left.\n|inactive|yaochangzhe has 5 seconds left.\n|\n|t:|1768559777\n|move|p1b: Calyrex|Protect|p1b: Calyrex\n|-singleturn|p1b: Calyrex|Protect\n|move|p1a: Ogerpon|Spiky Shield|p1a: Ogerpon\n|-singleturn|p1a: Ogerpon|move: Protect\n|move|p2b: Miraidon|Electro Drift|p1b: Calyrex\n|-activate|p1b: Calyrex|move: Protect\n|move|p2a: Volcarona|Tailwind|p2a: Volcarona\n|-sidestart|p2: yaochangzhe|move: Tailwind\n|\n|upkeep\n|turn|2\n|inactive|yaochangzhe has 30 seconds left.\n|\n|t:|1768559810\n|switch|p1b: Rillaboom|Rillaboom, L50, F|100/100\n|-fieldstart|move: Grassy Terrain|[from] ability: Grassy Surge|[of] p1b: Rillaboom\n|move|p2b: Miraidon|Electro Drift|p1b: Rillaboom\n|-resisted|p1b: Rillaboom\n|-damage|p1b: Rillaboom|83/100\n|move|p2a: Volcarona|Fiery Dance|p1b: Rillaboom\n|-supereffective|p1b: Rillaboom\n|-damage|p1b: Rillaboom|38/100\n|-boost|p2a: Volcarona|spa|1\n|move|p1a: Ogerpon|Ivy Cudgel|p2a: Volcarona|[anim] Ivy Cudgel Rock\n|-supereffective|p2a: Volcarona\n|-damage|p2a: Volcarona|0 fnt\n|faint|p2a: Volcarona\n|\n|-heal|p1b: Rillaboom|44/100|[from] Grassy Terrain\n|upkeep\n|\n|t:|1768559824\n|switch|p2a: Calyrex|Calyrex-Ice, L50|100/100\n|-ability|p2a: Calyrex|As One\n|-ability|p2a: Calyrex|Unnerve\n|turn|3\n|\n|t:|1768559838\n|switch|p2b: Ditto|Ditto, L50|100/100\n|-transform|p2b: Ditto|p1a: Ogerpon|[from] ability: Imposter\n|move|p1b: Rillaboom|Fake Out|p2a: Calyrex\n|-damage|p2a: Calyrex|92/100\n|move|p1a: Ogerpon|Ivy Cudgel|p2a: Calyrex|[anim] Ivy Cudgel Rock\n|-supereffective|p2a: Calyrex\n|-damage|p2a: Calyrex|16/100\n|cant|p2a: Calyrex|flinch\n|\n|-heal|p2a: Calyrex|22/100|[from] Grassy Terrain\n|-heal|p1b: Rillaboom|50/100|[from] Grassy Terrain\n|upkeep\n|turn|4\n|\n|t:|1768559858\n|move|p2b: Ditto|Wood Hammer|p1a: Ogerpon\n|-ability|p1a: Ogerpon|Sturdy\n|-damage|p1a: Ogerpon|1/100\n|-damage|p2b: Ditto|68/100|[from] Recoil\n|move|p1a: Ogerpon|Ivy Cudgel|p2a: Calyrex|[anim] Ivy Cudgel Rock\n|-supereffective|p2a: Calyrex\n|-damage|p2a: Calyrex|0 fnt\n|faint|p2a: Calyrex\n|move|p1b: Rillaboom|U-turn|p2b: Ditto\n|-supereffective|p2b: Ditto\n|-damage|p2b: Ditto|8/100\n|\n|t:|1768559872\n|switch|p1b: Zamazenta|Zamazenta-Crowned, L50|100/100|[from] U-turn\n|-ability|p1b: Zamazenta|Dauntless Shield|boost\n|-boost|p1b: Zamazenta|def|1\n|\n|-heal|p2b: Ditto|14/100|[from] Grassy Terrain\n|-heal|p1a: Ogerpon|7/100|[from] Grassy Terrain\n|-sideend|p2: yaochangzhe|move: Tailwind\n|upkeep\n|\n|t:|1768559877\n|switch|p2a: Miraidon|Miraidon, L50|100/100\n|-fieldstart|move: Electric Terrain|[from] ability: Hadron Engine|[of] p2a: Miraidon\n|turn|5\n|\n|t:|1768559890\n|switch|p1a: Rillaboom|Rillaboom, L50, F|50/100\n|-fieldstart|move: Grassy Terrain|[from] ability: Grassy Surge|[of] p1a: Rillaboom\n|move|p2a: Miraidon|Electro Drift|p1b: Zamazenta\n|-damage|p1b: Zamazenta|64/100\n|move|p2b: Ditto|Ivy Cudgel|p1a: Rillaboom|[anim] Ivy Cudgel Rock\n|-crit|p1a: Rillaboom\n|-damage|p1a: Rillaboom|0 fnt\n|faint|p1a: Rillaboom\n|move|p1b: Zamazenta|Body Press|p2a: Miraidon\n|-damage|p2a: Miraidon|31/100\n|\n|-heal|p2a: Miraidon|37/100|[from] Grassy Terrain\n|-heal|p2b: Ditto|20/100|[from] Grassy Terrain\n|-heal|p1b: Zamazenta|70/100|[from] Grassy Terrain\n|upkeep\n|\n|t:|1768559907\n|switch|p1a: Ogerpon|Ogerpon-Cornerstone, L50, F|7/100\n|turn|6\n|inactive|yaochangzhe has 30 seconds left.\n|inactive|yaochangzhe has 20 seconds left.\n|inactive|yaochangzhe has 15 seconds left.\n|inactive|yaochangzhe has 10 seconds left.\n|\n|t:|1768559955\n|-terastallize|p2a: Miraidon|Electric\n|move|p2b: Ditto|Spiky Shield|p2b: Ditto\n|-singleturn|p2b: Ditto|move: Protect\n|move|p1a: Ogerpon|Follow Me|p1a: Ogerpon\n|-singleturn|p1a: Ogerpon|move: Follow Me\n|move|p2a: Miraidon|Electro Drift|p1a: Ogerpon\n|-resisted|p1a: Ogerpon\n|-damage|p1a: Ogerpon|0 fnt\n|faint|p1a: Ogerpon\n|move|p1b: Zamazenta|Body Press|p2a: Miraidon\n|-damage|p2a: Miraidon|0 fnt\n|faint|p2a: Miraidon\n|\n|-heal|p2b: Ditto|26/100|[from] Grassy Terrain\n|-heal|p1b: Zamazenta|76/100|[from] Grassy Terrain\n|upkeep\n|\n|t:|1768559973\n|switch|p1a: Calyrex|Calyrex-Shadow, L50|100/100\n|-ability|p1a: Calyrex|As One\n|-ability|p1a: Calyrex|Unnerve\n|turn|7\n|inactive|yaochangzhe has 30 seconds left.\n|inactive|yaochangzhe has 20 seconds left.\n|inactive|yaochangzhe has 15 seconds left.\n|inactive|yaochangzhe has 10 seconds left.\n|inactive|yaochangzhe has 5 seconds left.\n|\n|t:|1768560028\n|move|p2b: Ditto|Spiky Shield||[still]\n|-fail|p2b: Ditto\n|move|p1a: Calyrex|Astral Barrage|p2b: Ditto\n|-damage|p2b: Ditto|0 fnt\n|faint|p2b: Ditto\n|\n|win|MarEQuinox\n|raw|MarEQuinox's rating: 1345 &rarr; <strong>1362</strong><br />(+17 for winning)\n|raw|yaochangzhe's rating: 1289 &rarr; <strong>1268</strong><br />(-21 for losing)\n|l|\u2606MarEQuinox\n|player|p1|\n|l|\u2606yaochangzhe\n|player|p2|\n","uploadtime":1768560239,"views":13,"formatid":"gen9vgc2026regi","rating":1268,"private":0,"password":null}