{"id":"gen9vgc2026regi-2556642344","format":"[Gen 9] VGC 2026 Reg I","players":["ScapegoatSkunk","j0l0k0"],"log":"|j|\u2606ScapegoatSkunk\n|j|\u2606j0l0k0\n|t:|1773235849\n|gametype|doubles\n|player|p1|ScapegoatSkunk|2|1406\n|player|p2|j0l0k0|brycen|1541\n|gen|9\n|tier|[Gen 9] VGC 2026 Reg I\n|rated|\n|rule|Species Clause: Limit one of each Pok\u00e9mon\n|rule|Item Clause: Limit 1 of each item\n|clearpoke\n|poke|p1|Whimsicott, L50, M|\n|poke|p1|Regigigas, L50|\n|poke|p1|Weezing-Galar, L50, M|\n|poke|p1|Terapagos, L50, M|\n|poke|p1|Miraidon, L50|\n|poke|p1|Landorus-Therian, L50, M|\n|poke|p2|Calyrex-Ice, L50|\n|poke|p2|Kyogre, L50|\n|poke|p2|Indeedee-F, L50, F|\n|poke|p2|Urshifu-*, L50, F|\n|poke|p2|Amoonguss, L50, F|\n|poke|p2|Landorus, L50, M|\n|teampreview|4\n|inactive|Battle timer is ON: inactive players will automatically lose when time's up. (requested by j0l0k0)\n|\n|t:|1773235868\n|teamsize|p1|4\n|teamsize|p2|4\n|start\n|switch|p1a: Regigigas|Regigigas, L50|100/100\n|switch|p1b: Weezing|Weezing-Galar, L50, M|100/100\n|switch|p2a: Indeedee|Indeedee-F, L50, F, shiny|100/100\n|switch|p2b: Calyrex|Calyrex-Ice, L50|100/100\n|-ability|p1b: Weezing|Neutralizing Gas\n|-ability|p2b: Calyrex|As One\n|-ability|p2b: Calyrex|Unnerve\n|turn|1\n|\n|t:|1773235887\n|-terastallize|p2a: Indeedee|Water\n|move|p2a: Indeedee|Follow Me|p2a: Indeedee\n|-singleturn|p2a: Indeedee|move: Follow Me\n|move|p1a: Regigigas|Knock Off|p2a: Indeedee\n|-damage|p2a: Indeedee|33/100\n|-enditem|p2a: Indeedee|Safety Goggles|[from] move: Knock Off|[of] p1a: Regigigas\n|-damage|p1a: Regigigas|91/100|[from] item: Life Orb\n|move|p1b: Weezing|Taunt|p2a: Indeedee\n|-start|p2a: Indeedee|move: Taunt\n|move|p2b: Calyrex|Trick Room|p2b: Calyrex\n|-fieldstart|move: Trick Room|[of] p2b: Calyrex\n|\n|upkeep\n|turn|2\n|\n|t:|1773235901\n|move|p1a: Regigigas|Wide Guard|p1a: Regigigas\n|-singleturn|p1a: Regigigas|Wide Guard\n|move|p2b: Calyrex|Close Combat|p1a: Regigigas\n|-supereffective|p1a: Regigigas\n|-damage|p1a: Regigigas|0 fnt\n|-unboost|p2b: Calyrex|def|1\n|-unboost|p2b: Calyrex|spd|1\n|faint|p1a: Regigigas\n|-end|p1a: Regigigas|Slow Start|[silent]\n|-ability|p2b: Calyrex|Chilling Neigh|boost\n|-boost|p2b: Calyrex|atk|1\n|move|p1b: Weezing|Will-O-Wisp|p2b: Calyrex\n|-status|p2b: Calyrex|brn\n|move|p2a: Indeedee|Psychic|p1b: Weezing\n|-supereffective|p1b: Weezing\n|-damage|p1b: Weezing|47/100\n|\n|-damage|p2b: Calyrex|95/100 brn|[from] brn\n|upkeep\n|\n|t:|1773235906\n|switch|p1a: Terapagos|Terapagos, L50, M|100/100\n|-activate|p1a: Terapagos|ability: Tera Shift\n|detailschange|p1a: Terapagos|Terapagos-Terastal, L50, M\n|-heal|p1a: Terapagos|100/100|[silent]\n|turn|3\n|\n|t:|1773235920\n|-terastallize|p1a: Terapagos|Stellar\n|detailschange|p1a: Terapagos|Terapagos-Stellar, L50, M, tera:Stellar\n|-heal|p1a: Terapagos|100/100|[silent]\n|move|p2b: Calyrex|Glacial Lance|p1a: Terapagos|[spread] p1a,p1b\n|-damage|p1a: Terapagos|67/100\n|-damage|p1b: Weezing|3/100\n|move|p1b: Weezing|Strange Steam|p2b: Calyrex\n|-damage|p2b: Calyrex|64/100 brn\n|move|p2a: Indeedee|Psychic|p1b: Weezing\n|-supereffective|p1b: Weezing\n|-damage|p1b: Weezing|0 fnt\n|faint|p1b: Weezing\n|-end|p1b: Weezing|ability: Neutralizing Gas\n|-fieldstart|move: Psychic Terrain|[from] ability: Psychic Surge|[of] p2a: Indeedee\n|move|p1a: Terapagos|Tera Starstorm|p2b: Calyrex|[spread] p2a,p2b\n|-supereffective|p2a: Indeedee\n|-damage|p2a: Indeedee|0 fnt\n|-damage|p2b: Calyrex|1/100 brn\n|faint|p2a: Indeedee\n|\n|-damage|p2b: Calyrex|0 fnt|[from] brn\n|faint|p2b: Calyrex\n|upkeep\n|\n|t:|1773235929\n|switch|p2b: Urshifu|Urshifu, L50, F|100/100\n|switch|p1b: Miraidon|Miraidon, L50|100/100\n|switch|p2a: Kyogre|Kyogre, L50, shiny|100/100\n|-weather|RainDance|[from] ability: Drizzle|[of] p2a: Kyogre\n|-fieldstart|move: Electric Terrain|[from] ability: Hadron Engine|[of] p1b: Miraidon\n|turn|4\n|\n|t:|1773235937\n|move|p2a: Kyogre|Water Spout|p1b: Miraidon|[spread] p1a,p1b\n|-resisted|p1b: Miraidon\n|-damage|p1a: Terapagos|0 fnt\n|-damage|p1b: Miraidon|58/100\n|faint|p1a: Terapagos\n|detailschange|p1: Terapagos|Terapagos, L50, M|[silent]\n|move|p2b: Urshifu|Wicked Blow|p1b: Miraidon\n|-crit|p1b: Miraidon\n|-damage|p1b: Miraidon|7/100\n|move|p1b: Miraidon|Calm Mind|p1b: Miraidon\n|-boost|p1b: Miraidon|spa|1\n|-boost|p1b: Miraidon|spd|1\n|\n|-weather|RainDance|[upkeep]\n|-heal|p1b: Miraidon|13/100|[from] item: Leftovers\n|upkeep\n|turn|5\n|\n|t:|1773235950\n|move|p2a: Kyogre|Water Spout|p1b: Miraidon\n|-resisted|p1b: Miraidon\n|-damage|p1b: Miraidon|0 fnt\n|faint|p1b: Miraidon\n|\n|win|j0l0k0\n|raw|ScapegoatSkunk's rating: 1406 &rarr; <strong>1393</strong><br />(-13 for losing)\n|raw|j0l0k0's rating: 1541 &rarr; <strong>1554</strong><br />(+13 for winning)\n|l|\u2606ScapegoatSkunk\n|player|p1|\n|l|\u2606j0l0k0\n|player|p2|\n","uploadtime":1773236183,"views":10,"formatid":"gen9vgc2026regi","rating":1393,"private":0,"password":null}