{"id":"gen9vgc2026regi-2552725849","format":"[Gen 9] VGC 2026 Reg I","players":["lalo's pollos","jd8erh"],"log":"|j|\u2606lalo's pollos\n|j|\u2606jd8erh\n|t:|1772747191\n|gametype|doubles\n|player|p1|lalo's pollos|266|1433\n|player|p2|jd8erh|1|1363\n|gen|9\n|tier|[Gen 9] VGC 2026 Reg I\n|rated|\n|rule|Species Clause: Limit one of each Pok\u00e9mon\n|rule|Item Clause: Limit 1 of each item\n|clearpoke\n|poke|p1|Calyrex-Shadow, L50|\n|poke|p1|Koraidon, L50|\n|poke|p1|Gothitelle, L50, F|\n|poke|p1|Scream Tail, L50|\n|poke|p1|Incineroar, L50, M|\n|poke|p1|Amoonguss, L50, F|\n|poke|p2|Lunala, L50|\n|poke|p2|Rillaboom, L50, F|\n|poke|p2|Calyrex-Ice, L50|\n|poke|p2|Raging Bolt, L50|\n|poke|p2|Incineroar, L50, F|\n|poke|p2|Amoonguss, L50, M|\n|teampreview|4\n|inactive|Battle timer is ON: inactive players will automatically lose when time's up. (requested by jd8erh)\n|\n|t:|1772747221\n|teamsize|p1|4\n|teamsize|p2|4\n|start\n|switch|p1a: Koraidon|Koraidon, L50|100/100\n|switch|p1b: Gothitelle|Gothitelle, L50, F|100/100\n|switch|p2a: Lunala|Lunala, L50|100/100\n|switch|p2b: Incineroar|Incineroar, L50, F|100/100\n|-weather|SunnyDay|[from] ability: Orichalcum Pulse|[of] p1a: Koraidon\n|-activate|p1a: Koraidon|Orichalcum Pulse|[source]\n|-ability|p2b: Incineroar|Intimidate|boost\n|-unboost|p1a: Koraidon|atk|1\n|-unboost|p1b: Gothitelle|atk|1\n|turn|1\n|inactive|jd8erh has 30 seconds left.\n|\n|t:|1772747247\n|switch|p1a: Incineroar|Incineroar, L50, M|100/100\n|-ability|p1a: Incineroar|Intimidate|boost\n|-unboost|p2a: Lunala|atk|1\n|-unboost|p2b: Incineroar|atk|1\n|move|p2b: Incineroar|Fake Out|p1a: Incineroar\n|-damage|p1a: Incineroar|95/100\n|move|p2a: Lunala|Moongeist Beam|p1b: Gothitelle\n|-supereffective|p1b: Gothitelle\n|-damage|p1b: Gothitelle|21/100\n|move|p1b: Gothitelle|Taunt|p2a: Lunala\n|-start|p2a: Lunala|move: Taunt\n|\n|-weather|SunnyDay|[upkeep]\n|-heal|p1b: Gothitelle|28/100|[from] item: Leftovers\n|upkeep\n|turn|2\n|\n|t:|1772747261\n|-terastallize|p2a: Lunala|Fairy\n|move|p1b: Gothitelle|Protect|p1b: Gothitelle\n|-singleturn|p1b: Gothitelle|Protect\n|move|p2a: Lunala|Moonblast|p1b: Gothitelle\n|-activate|p1b: Gothitelle|move: Protect\n|move|p2b: Incineroar|Knock Off|p1b: Gothitelle\n|-activate|p1b: Gothitelle|move: Protect\n|move|p1a: Incineroar|U-turn|p2a: Lunala\n|-resisted|p2a: Lunala\n|-damage|p2a: Lunala|97/100\n|\n|t:|1772747270\n|switch|p1a: Koraidon|Koraidon, L50|100/100|[from] U-turn\n|-activate|p1a: Koraidon|ability: Orichalcum Pulse\n|\n|-weather|SunnyDay|[upkeep]\n|-heal|p2a: Lunala|100/100|[from] item: Leftovers\n|-heal|p1b: Gothitelle|34/100|[from] item: Leftovers\n|upkeep\n|turn|3\n|\n|t:|1772747281\n|-terastallize|p1a: Koraidon|Fire\n|move|p1a: Koraidon|Close Combat|p2b: Incineroar\n|-supereffective|p2b: Incineroar\n|-damage|p2b: Incineroar|0 fnt\n|-unboost|p1a: Koraidon|def|1\n|-unboost|p1a: Koraidon|spd|1\n|faint|p2b: Incineroar\n|-damage|p1a: Koraidon|91/100|[from] item: Life Orb\n|move|p2a: Lunala|Moongeist Beam|p1a: Koraidon\n|-damage|p1a: Koraidon|1/100\n|move|p1b: Gothitelle|Psychic|p2a: Lunala\n|-damage|p2a: Lunala|90/100\n|-unboost|p2a: Lunala|spd|1\n|\n|-weather|SunnyDay|[upkeep]\n|-heal|p2a: Lunala|96/100|[from] item: Leftovers\n|-heal|p1b: Gothitelle|40/100|[from] item: Leftovers\n|upkeep\n|\n|t:|1772747284\n|switch|p2b: Rillaboom|Rillaboom, L50, F|100/100\n|-fieldstart|move: Grassy Terrain|[from] ability: Grassy Surge|[of] p2b: Rillaboom\n|turn|4\n|\n|t:|1772747294\n|switch|p1b: Incineroar|Incineroar, L50, M|95/100\n|-ability|p1b: Incineroar|Intimidate|boost\n|-unboost|p2a: Lunala|atk|1\n|-unboost|p2b: Rillaboom|atk|1\n|move|p1a: Koraidon|Protect|p1a: Koraidon\n|-singleturn|p1a: Koraidon|Protect\n|move|p2b: Rillaboom|Grassy Glide|p1a: Koraidon\n|-activate|p1a: Koraidon|move: Protect\n|move|p2a: Lunala|Moongeist Beam|p1b: Incineroar\n|-resisted|p1b: Incineroar\n|-damage|p1b: Incineroar|76/100\n|\n|-weather|SunnyDay|[upkeep]\n|-heal|p1a: Koraidon|7/100|[from] Grassy Terrain\n|-heal|p2a: Lunala|100/100|[from] Grassy Terrain\n|-heal|p1b: Incineroar|82/100|[from] Grassy Terrain\n|-end|p2a: Lunala|move: Taunt\n|upkeep\n|turn|5\n|\n|t:|1772747315\n|switch|p1a: Gothitelle|Gothitelle, L50, F|40/100\n|move|p2b: Rillaboom|Grassy Glide|p1a: Gothitelle\n|-damage|p1a: Gothitelle|15/100\n|move|p2a: Lunala|Moonblast|p1a: Gothitelle\n|-damage|p1a: Gothitelle|0 fnt\n|faint|p1a: Gothitelle\n|move|p1b: Incineroar|Flare Blitz|p2b: Rillaboom\n|-supereffective|p2b: Rillaboom\n|-damage|p2b: Rillaboom|0 fnt\n|faint|p2b: Rillaboom\n|-damage|p1b: Incineroar|48/100|[from] Recoil\n|\n|-weather|none\n|-heal|p1b: Incineroar|54/100|[from] Grassy Terrain\n|upkeep\n|\n|t:|1772747324\n|switch|p2b: Calyrex|Calyrex-Ice, L50|100/100\n|switch|p1a: Calyrex|Calyrex-Shadow, L50|100/100\n|-ability|p1a: Calyrex|As One\n|-ability|p1a: Calyrex|Unnerve\n|-ability|p2b: Calyrex|As One\n|-ability|p2b: Calyrex|Unnerve\n|turn|6\n|\n|t:|1772747337\n|move|p1a: Calyrex|Astral Barrage|p2a: Lunala|[spread] p2a,p2b\n|-crit|p2a: Lunala\n|-supereffective|p2b: Calyrex\n|-damage|p2a: Lunala|60/100\n|-damage|p2b: Calyrex|28/100\n|move|p2a: Lunala|Moongeist Beam|p1a: Calyrex\n|-supereffective|p1a: Calyrex\n|-enditem|p1a: Calyrex|Focus Sash\n|-damage|p1a: Calyrex|1/100\n|move|p1b: Incineroar|Flare Blitz|p2b: Calyrex\n|-supereffective|p2b: Calyrex\n|-damage|p2b: Calyrex|0 fnt\n|faint|p2b: Calyrex\n|-damage|p1b: Incineroar|45/100|[from] Recoil\n|\n|-heal|p1a: Calyrex|7/100|[from] Grassy Terrain\n|-heal|p2a: Lunala|66/100|[from] Grassy Terrain\n|-heal|p2a: Lunala|73/100|[from] item: Leftovers\n|-heal|p1b: Incineroar|50/100|[from] Grassy Terrain\n|upkeep\n|turn|7\n|-message|jd8erh forfeited.\n|\n|win|lalo's pollos\n|raw|lalo&apos;s pollos's rating: 1433 &rarr; <strong>1449</strong><br />(+16 for winning)\n|raw|jd8erh's rating: 1363 &rarr; <strong>1347</strong><br />(-16 for losing)\n|l|\u2606jd8erh\n|player|p2|\n","uploadtime":1772747594,"views":12,"formatid":"gen9vgc2026regi","rating":1347,"private":0,"password":null}