{"id":"gen9vgc2026regi-2575390596","format":"[Gen 9] VGC 2026 Reg I","players":["testhan92","yukiwang"],"log":"|j|\u2606testhan92\n|j|\u2606yukiwang\n|t:|1775347045\n|gametype|doubles\n|player|p1|testhan92|1|1372\n|player|p2|yukiwang|1|1285\n|gen|9\n|tier|[Gen 9] VGC 2026 Reg I\n|rated|\n|rule|Species Clause: Limit one of each Pok\u00e9mon\n|rule|Item Clause: Limit 1 of each item\n|clearpoke\n|poke|p1|Koraidon, L50|\n|poke|p1|Calyrex-Ice, L50|\n|poke|p1|Rillaboom, L50, F|\n|poke|p1|Incineroar, L50, M|\n|poke|p1|Smeargle, L50, F|\n|poke|p1|Landorus, L50, M|\n|poke|p2|Koraidon, L50|\n|poke|p2|Calyrex-Shadow, L50|\n|poke|p2|Raging Bolt, L50|\n|poke|p2|Incineroar, L50, F|\n|poke|p2|Ogerpon-Cornerstone, L50, F|\n|poke|p2|Brute Bonnet, L50|\n|teampreview|4\n|\n|t:|1775347101\n|teamsize|p1|4\n|teamsize|p2|4\n|start\n|switch|p1a: Calyrex|Calyrex-Ice, L50|100/100\n|switch|p1b: Incineroar|Incineroar, L50, M|100/100\n|switch|p2a: Barney|Incineroar, L50, F|100/100\n|switch|p2b: Wilma|Calyrex-Shadow, L50|100/100\n|-ability|p2b: Wilma|As One\n|-ability|p2b: Wilma|Unnerve\n|-ability|p1a: Calyrex|As One\n|-ability|p1a: Calyrex|Unnerve\n|-ability|p2a: Barney|Intimidate|boost\n|-unboost|p1a: Calyrex|atk|1\n|-unboost|p1b: Incineroar|atk|1\n|-ability|p1b: Incineroar|Intimidate|boost\n|-unboost|p2a: Barney|atk|1\n|-unboost|p2b: Wilma|atk|1\n|turn|1\n|\n|t:|1775347125\n|switch|p2b: Bamm Bamm|Brute Bonnet, L50|100/100\n|move|p1a: Calyrex|Protect|p1a: Calyrex\n|-singleturn|p1a: Calyrex|Protect\n|move|p2a: Barney|Fake Out|p1a: Calyrex\n|-activate|p1a: Calyrex|move: Protect\n|move|p1b: Incineroar|Knock Off|p2b: Bamm Bamm\n|-resisted|p2b: Bamm Bamm\n|-damage|p2b: Bamm Bamm|92/100\n|-enditem|p2b: Bamm Bamm|Covert Cloak|[from] move: Knock Off|[of] p1b: Incineroar\n|\n|upkeep\n|turn|2\n|\n|t:|1775347171\n|switch|p1a: Rillaboom|Rillaboom, L50, F|100/100\n|-fieldstart|move: Grassy Terrain|[from] ability: Grassy Surge|[of] p1a: Rillaboom\n|move|p2a: Barney|Parting Shot|p1b: Incineroar\n|-unboost|p1b: Incineroar|atk|1\n|-unboost|p1b: Incineroar|spa|1\n|\n|t:|1775347179\n|switch|p2a: Fred|Koraidon, L50|100/100|[from] Parting Shot\n|-weather|SunnyDay|[from] ability: Orichalcum Pulse|[of] p2a: Fred\n|-activate|p2b: Bamm Bamm|ability: Protosynthesis\n|-start|p2b: Bamm Bamm|protosynthesisdef\n|-activate|p2a: Fred|Orichalcum Pulse|[source]\n|move|p2b: Bamm Bamm|Spore|p1a: Rillaboom\n|-immune|p1a: Rillaboom\n|move|p1b: Incineroar|Flare Blitz|p2b: Bamm Bamm\n|-supereffective|p2b: Bamm Bamm\n|-damage|p2b: Bamm Bamm|58/100\n|-damage|p1b: Incineroar|89/100|[from] Recoil\n|\n|-weather|SunnyDay|[upkeep]\n|-heal|p2b: Bamm Bamm|64/100|[from] Grassy Terrain\n|-heal|p1b: Incineroar|95/100|[from] Grassy Terrain\n|upkeep\n|turn|3\n|\n|t:|1775347219\n|move|p1a: Rillaboom|Fake Out|p2a: Fred\n|-damage|p2a: Fred|91/100\n|move|p2b: Bamm Bamm|Sucker Punch||[still]\n|-fail|p2b: Bamm Bamm\n|cant|p2a: Fred|flinch\n|move|p1b: Incineroar|Parting Shot|p2b: Bamm Bamm\n|-unboost|p2b: Bamm Bamm|atk|1\n|-unboost|p2b: Bamm Bamm|spa|1\n|\n|t:|1775347239\n|switch|p1b: Calyrex|Calyrex-Ice, L50|100/100|[from] Parting Shot\n|-ability|p1b: Calyrex|As One\n|-ability|p1b: Calyrex|Unnerve\n|\n|-weather|SunnyDay|[upkeep]\n|-heal|p2a: Fred|97/100|[from] Grassy Terrain\n|-heal|p2b: Bamm Bamm|71/100|[from] Grassy Terrain\n|upkeep\n|turn|4\n|\n|t:|1775347277\n|-terastallize|p1a: Rillaboom|Water\n|move|p1b: Calyrex|Protect|p1b: Calyrex\n|-singleturn|p1b: Calyrex|Protect\n|move|p2a: Fred|Flare Blitz|p1a: Rillaboom\n|-resisted|p1a: Rillaboom\n|-damage|p1a: Rillaboom|54/100\n|-damage|p2a: Fred|80/100|[from] Recoil\n|move|p1a: Rillaboom|U-turn|p2b: Bamm Bamm\n|-supereffective|p2b: Bamm Bamm\n|-damage|p2b: Bamm Bamm|25/100\n|\n|t:|1775347288\n|switch|p1a: Incineroar|Incineroar, L50, M|95/100|[from] U-turn\n|-ability|p1a: Incineroar|Intimidate|boost\n|-fail|p2a: Fred|unboost|[from] item: Clear Amulet|[of] p2a: Fred\n|-unboost|p2b: Bamm Bamm|atk|1\n|move|p2b: Bamm Bamm|Spore|p1b: Calyrex\n|-activate|p1b: Calyrex|move: Protect\n|\n|-weather|SunnyDay|[upkeep]\n|-heal|p2a: Fred|86/100|[from] Grassy Terrain\n|-heal|p2b: Bamm Bamm|31/100|[from] Grassy Terrain\n|-heal|p1a: Incineroar|100/100|[from] Grassy Terrain\n|upkeep\n|turn|5\n|\n|t:|1775347327\n|-terastallize|p2b: Bamm Bamm|Fairy\n|move|p2a: Fred|Protect|p2a: Fred\n|-singleturn|p2a: Fred|Protect\n|move|p1a: Incineroar|Fake Out|p2b: Bamm Bamm\n|-damage|p2b: Bamm Bamm|26/100\n|cant|p2b: Bamm Bamm|flinch\n|move|p1b: Calyrex|Trick Room|p1b: Calyrex\n|-fieldstart|move: Trick Room|[of] p1b: Calyrex\n|\n|-weather|SunnyDay|[upkeep]\n|-heal|p2b: Bamm Bamm|32/100|[from] Grassy Terrain\n|-heal|p2a: Fred|92/100|[from] Grassy Terrain\n|upkeep\n|turn|6\n|\n|t:|1775347365\n|move|p1a: Incineroar|Flare Blitz|p2b: Bamm Bamm\n|-damage|p2b: Bamm Bamm|0 fnt\n|faint|p2b: Bamm Bamm\n|-end|p2b: Bamm Bamm|Protosynthesis|[silent]\n|-damage|p1a: Incineroar|90/100|[from] Recoil\n|move|p1b: Calyrex|Glacial Lance|p2a: Fred\n|-supereffective|p2a: Fred\n|-damage|p2a: Fred|0 fnt\n|faint|p2a: Fred\n|-ability|p1b: Calyrex|Chilling Neigh|boost\n|-boost|p1b: Calyrex|atk|1\n|\n|-weather|none\n|-heal|p1a: Incineroar|96/100|[from] Grassy Terrain\n|-fieldend|move: Grassy Terrain\n|upkeep\n|\n|t:|1775347373\n|switch|p2b: Barney|Incineroar, L50, F|100/100\n|switch|p2a: Wilma|Calyrex-Shadow, L50|100/100\n|-ability|p2a: Wilma|As One\n|-ability|p2a: Wilma|Unnerve\n|-ability|p2b: Barney|Intimidate|boost\n|-unboost|p1a: Incineroar|atk|1\n|-unboost|p1b: Calyrex|atk|1\n|turn|7\n|\n|t:|1775347386\n|move|p2b: Barney|Fake Out|p1a: Incineroar\n|-damage|p1a: Incineroar|87/100\n|cant|p1a: Incineroar|flinch\n|move|p1b: Calyrex|Leech Seed|p2b: Barney\n|-start|p2b: Barney|move: Leech Seed\n|move|p2a: Wilma|Astral Barrage|p1a: Incineroar|[spread] p1a,p1b\n|-resisted|p1a: Incineroar\n|-supereffective|p1b: Calyrex\n|-damage|p1a: Incineroar|66/100\n|-damage|p1b: Calyrex|41/100\n|\n|-heal|p1b: Calyrex|47/100|[from] item: Leftovers\n|-damage|p2b: Barney|88/100|[from] Leech Seed|[of] p1b: Calyrex\n|-heal|p1b: Calyrex|59/100|[silent]\n|upkeep\n|turn|8\n|\n|t:|1775347416\n|move|p1a: Incineroar|Knock Off|p2a: Wilma\n|-supereffective|p2a: Wilma\n|-enditem|p2a: Wilma|Focus Sash\n|-damage|p2a: Wilma|1/100\n|move|p1b: Calyrex|Glacial Lance|p2a: Wilma|[spread] p2a,p2b\n|-resisted|p2b: Barney\n|-damage|p2a: Wilma|0 fnt\n|-damage|p2b: Barney|66/100\n|faint|p2a: Wilma\n|-ability|p1b: Calyrex|Chilling Neigh|boost\n|-boost|p1b: Calyrex|atk|1\n|move|p2b: Barney|Knock Off|p1b: Calyrex\n|-supereffective|p1b: Calyrex\n|-damage|p1b: Calyrex|12/100\n|-enditem|p1b: Calyrex|Leftovers|[from] move: Knock Off|[of] p2b: Barney\n|\n|-damage|p2b: Barney|53/100|[from] Leech Seed|[of] p1b: Calyrex\n|-heal|p1b: Calyrex|24/100|[silent]\n|upkeep\n|turn|9\n|-message|yukiwang forfeited.\n|\n|win|testhan92\n|raw|testhan92's rating: 1372 &rarr; <strong>1387</strong><br />(+15 for winning)\n|raw|yukiwang's rating: 1285 &rarr; <strong>1266</strong><br />(-19 for losing)\n|l|\u2606yukiwang\n|player|p2|\n","uploadtime":1775347446,"views":10,"formatid":"gen9vgc2026regi","rating":1266,"private":0,"password":null}