{"id":"gen9vgc2026regi-2555800473","format":"[Gen 9] VGC 2026 Reg I","players":["drive stone","granite blast"],"log":"|j|\u2606drive stone\n|j|\u2606granite blast\n|t:|1773138347\n|gametype|doubles\n|player|p1|drive stone|cilan|1559\n|player|p2|granite blast|102|1459\n|gen|9\n|tier|[Gen 9] VGC 2026 Reg I\n|rated|\n|rule|Species Clause: Limit one of each Pok\u00e9mon\n|rule|Item Clause: Limit 1 of each item\n|clearpoke\n|poke|p1|Calyrex-Ice, L50|\n|poke|p1|Ho-Oh, L50|\n|poke|p1|Overqwil, L50, F|\n|poke|p1|Rillaboom, L50, M|\n|poke|p1|Ting-Lu, L50|\n|poke|p1|Ogerpon-Wellspring, L50, F|\n|poke|p2|Zamazenta-*, L50|\n|poke|p2|Calyrex-Shadow, L50|\n|poke|p2|Pelipper, L50, M|\n|poke|p2|Clefairy, L50, M|\n|poke|p2|Urshifu-*, L50, F|\n|poke|p2|Rillaboom, L50, M|\n|teampreview|4\n|inactive|Battle timer is ON: inactive players will automatically lose when time's up. (requested by granite blast)\n|inactive|drive stone has 60 seconds left.\n|inactive|granite blast has 60 seconds left.\n|inactive|granite blast has 30 seconds left.\n|inactive|granite blast has 20 seconds left.\n|\n|t:|1773138419\n|teamsize|p1|4\n|teamsize|p2|4\n|start\n|switch|p1a: Calyrex|Calyrex-Ice, L50|100/100\n|switch|p1b: Overqwil|Overqwil, L50, F|100/100\n|switch|p2a: Pelipper|Pelipper, L50, M|100/100\n|switch|p2b: Zamazenta|Zamazenta-Crowned, L50|100/100\n|-ability|p1a: Calyrex|As One\n|-ability|p1a: Calyrex|Unnerve\n|-ability|p2b: Zamazenta|Dauntless Shield|boost\n|-boost|p2b: Zamazenta|def|1\n|-weather|RainDance|[from] ability: Drizzle|[of] p2a: Pelipper\n|-ability|p1b: Overqwil|Intimidate|boost\n|-unboost|p2a: Pelipper|atk|1\n|-unboost|p2b: Zamazenta|atk|1\n|turn|1\n|\n|t:|1773138438\n|-terastallize|p1a: Calyrex|Water\n|move|p1b: Overqwil|Protect|p1b: Overqwil\n|-singleturn|p1b: Overqwil|Protect\n|move|p2b: Zamazenta|Body Press|p1b: Overqwil\n|-activate|p1b: Overqwil|move: Protect\n|move|p2a: Pelipper|Weather Ball|p1b: Overqwil\n|-activate|p1b: Overqwil|move: Protect\n|move|p1a: Calyrex|Trick Room|p1a: Calyrex\n|-fieldstart|move: Trick Room|[of] p1a: Calyrex\n|\n|-weather|RainDance|[upkeep]\n|upkeep\n|turn|2\n|\n|t:|1773138456\n|move|p2a: Pelipper|Wide Guard|p2a: Pelipper\n|-singleturn|p2a: Pelipper|Wide Guard\n|move|p1a: Calyrex|Leech Seed|p2b: Zamazenta\n|-start|p2b: Zamazenta|move: Leech Seed\n|move|p1b: Overqwil|Toxic Spikes|p2b: Zamazenta\n|-sidestart|p2: granite blast|move: Toxic Spikes\n|move|p2b: Zamazenta|Body Press|p1b: Overqwil\n|-damage|p1b: Overqwil|31/100\n|\n|-weather|RainDance|[upkeep]\n|-heal|p1b: Overqwil|37/100|[from] item: Black Sludge\n|-damage|p2b: Zamazenta|88/100|[from] Leech Seed|[of] p1a: Calyrex\n|upkeep\n|turn|3\n|\n|t:|1773138472\n|move|p1a: Calyrex|Leech Seed|p2a: Pelipper\n|-start|p2a: Pelipper|move: Leech Seed\n|move|p1b: Overqwil|Toxic Spikes|p2b: Zamazenta\n|-sidestart|p2: granite blast|move: Toxic Spikes\n|move|p2a: Pelipper|Hurricane|p1a: Calyrex\n|-damage|p1a: Calyrex|75/100\n|move|p2b: Zamazenta|Body Press|p1a: Calyrex\n|-crit|p1a: Calyrex\n|-damage|p1a: Calyrex|17/100\n|\n|-weather|RainDance|[upkeep]\n|-heal|p1a: Calyrex|23/100|[from] item: Leftovers\n|-heal|p1b: Overqwil|44/100|[from] item: Black Sludge\n|-damage|p2a: Pelipper|88/100|[from] Leech Seed|[of] p1a: Calyrex\n|-heal|p1a: Calyrex|32/100|[silent]\n|-damage|p2b: Zamazenta|75/100|[from] Leech Seed|[of] p1a: Calyrex\n|-heal|p1a: Calyrex|43/100|[silent]\n|upkeep\n|turn|4\n|inactive|granite blast has 30 seconds left.\n|inactive|granite blast has 20 seconds left.\n|\n|t:|1773138509\n|switch|p2a: Urshifu|Urshifu-Rapid-Strike, L50, F|100/100\n|-status|p2a: Urshifu|tox\n|move|p1a: Calyrex|Protect|p1a: Calyrex\n|-singleturn|p1a: Calyrex|Protect\n|move|p1b: Overqwil|Barb Barrage|p2a: Urshifu\n|-damage|p2a: Urshifu|50/100 tox\n|move|p2b: Zamazenta|Body Press|p1b: Overqwil\n|-damage|p1b: Overqwil|0 fnt\n|faint|p1b: Overqwil\n|\n|-weather|RainDance|[upkeep]\n|-heal|p1a: Calyrex|49/100|[from] item: Leftovers\n|-damage|p2b: Zamazenta|63/100|[from] Leech Seed|[of] p1a: Calyrex\n|-heal|p1a: Calyrex|61/100|[silent]\n|-damage|p2a: Urshifu|44/100 tox|[from] psn\n|upkeep\n|j| globalfish39\n|\n|t:|1773138529\n|switch|p1b: Ting-Lu|Ting-Lu, L50|100/100\n|-ability|p1b: Ting-Lu|Vessel of Ruin\n|turn|5\n|\n|t:|1773138540\n|switch|p1a: Ho-Oh|Ho-Oh, L50|100/100\n|move|p1b: Ting-Lu|Earthquake|p2b: Zamazenta|[spread] p2a,p2b\n|-immune|p1a: Ho-Oh\n|-supereffective|p2b: Zamazenta\n|-damage|p2a: Urshifu|0 fnt\n|-damage|p2b: Zamazenta|25/100\n|faint|p2a: Urshifu\n|move|p2b: Zamazenta|Body Press|p1a: Ho-Oh\n|-resisted|p1a: Ho-Oh\n|-damage|p1a: Ho-Oh|75/100\n|-damage|p2b: Zamazenta|9/100|[from] item: Rocky Helmet|[of] p1a: Ho-Oh\n|\n|-weather|none\n|-damage|p2b: Zamazenta|0 fnt|[from] Leech Seed|[of] p1a: Ho-Oh\n|-heal|p1a: Ho-Oh|83/100|[silent]\n|faint|p2b: Zamazenta\n|-fieldend|move: Trick Room\n|upkeep\n|\n|t:|1773138543\n|switch|p2b: Calyrex|Calyrex-Shadow, L50|100/100\n|switch|p2a: Pelipper|Pelipper, L50, M|88/100\n|-ability|p2b: Calyrex|As One\n|-ability|p2b: Calyrex|Unnerve\n|-status|p2b: Calyrex|tox\n|-weather|RainDance|[from] ability: Drizzle|[of] p2a: Pelipper\n|turn|6\n|inactive|drive stone has 30 seconds left.\n|\n|t:|1773138575\n|switch|p1b: Calyrex|Calyrex-Ice, L50, tera:Water|61/100\n|-ability|p1b: Calyrex|As One\n|-ability|p1b: Calyrex|Unnerve\n|move|p1a: Ho-Oh|Protect|p1a: Ho-Oh\n|-singleturn|p1a: Ho-Oh|Protect\n|move|p2b: Calyrex|Astral Barrage|p1a: Ho-Oh|[spread] p1b\n|-activate|p1a: Ho-Oh|move: Protect\n|-damage|p1b: Calyrex|17/100\n|-damage|p2b: Calyrex|91/100 tox|[from] item: Life Orb\n|move|p2a: Pelipper|Weather Ball|p1b: Calyrex\n|-resisted|p1b: Calyrex\n|-damage|p1b: Calyrex|0 fnt\n|faint|p1b: Calyrex\n|\n|-weather|RainDance|[upkeep]\n|-damage|p2b: Calyrex|85/100 tox|[from] psn\n|upkeep\n|\n|t:|1773138596\n|switch|p1b: Ting-Lu|Ting-Lu, L50|100/100\n|-ability|p1b: Ting-Lu|Vessel of Ruin\n|turn|7\n|\n|t:|1773138620\n|-terastallize|p2b: Calyrex|Water\n|move|p2b: Calyrex|Astral Barrage|p1a: Ho-Oh|[spread] p1a,p1b\n|-resisted|p1b: Ting-Lu\n|-damage|p1a: Ho-Oh|54/100\n|-damage|p1b: Ting-Lu|77/100\n|-damage|p2b: Calyrex|75/100 tox|[from] item: Life Orb\n|move|p1a: Ho-Oh|Life Dew|p1a: Ho-Oh|[spread] p1a,p1b\n|-heal|p1a: Ho-Oh|79/100\n|-heal|p1b: Ting-Lu|100/100\n|move|p2a: Pelipper|Weather Ball|p1b: Ting-Lu\n|-supereffective|p1b: Ting-Lu\n|-damage|p1b: Ting-Lu|31/100\n|move|p1b: Ting-Lu|Throat Chop|p2b: Calyrex\n|-damage|p2b: Calyrex|3/100 tox\n|-start|p2b: Calyrex|Throat Chop|[silent]\n|\n|-weather|RainDance|[upkeep]\n|-damage|p2b: Calyrex|0 fnt|[from] psn\n|faint|p2b: Calyrex\n|upkeep\n|turn|8\n|\n|t:|1773138644\n|move|p1a: Ho-Oh|Sacred Fire|p2a: Pelipper\n|-resisted|p2a: Pelipper\n|-damage|p2a: Pelipper|78/100\n|-status|p2a: Pelipper|brn\n|move|p2a: Pelipper|Weather Ball|p1b: Ting-Lu\n|-supereffective|p1b: Ting-Lu\n|-damage|p1b: Ting-Lu|0 fnt\n|faint|p1b: Ting-Lu\n|\n|-weather|RainDance|[upkeep]\n|-damage|p2a: Pelipper|72/100 brn|[from] brn\n|upkeep\n|turn|9\n|\n|t:|1773138657\n|move|p1a: Ho-Oh|Protect|p1a: Ho-Oh\n|-singleturn|p1a: Ho-Oh|Protect\n|move|p2a: Pelipper|Weather Ball|p1a: Ho-Oh\n|-activate|p1a: Ho-Oh|move: Protect\n|\n|-weather|RainDance|[upkeep]\n|-damage|p2a: Pelipper|66/100 brn|[from] brn\n|upkeep\n|turn|10\n|\n|t:|1773138665\n|move|p1a: Ho-Oh|Life Dew|p1a: Ho-Oh\n|-heal|p1a: Ho-Oh|100/100\n|move|p2a: Pelipper|Weather Ball|p1a: Ho-Oh\n|-supereffective|p1a: Ho-Oh\n|-damage|p1a: Ho-Oh|33/100\n|\n|-weather|none\n|-damage|p2a: Pelipper|60/100 brn|[from] brn\n|upkeep\n|turn|11\n|inactive|drive stone has 30 seconds left.\n|\n|t:|1773138694\n|move|p1a: Ho-Oh|Life Dew|p1a: Ho-Oh\n|-heal|p1a: Ho-Oh|58/100\n|move|p2a: Pelipper|Hurricane|p1a: Ho-Oh\n|-damage|p1a: Ho-Oh|31/100\n|-start|p1a: Ho-Oh|confusion\n|\n|-damage|p2a: Pelipper|55/100 brn|[from] brn\n|upkeep\n|turn|12\n|inactive|granite blast has 30 seconds left.\n|inactive|granite blast has 20 seconds left.\n|inactive|granite blast has 15 seconds left.\n|\n|t:|1773138737\n|-activate|p1a: Ho-Oh|confusion\n|move|p1a: Ho-Oh|Sacred Fire|p2a: Pelipper\n|-resisted|p2a: Pelipper\n|-damage|p2a: Pelipper|32/100 brn\n|move|p2a: Pelipper|Hurricane|p1a: Ho-Oh\n|-damage|p1a: Ho-Oh|6/100\n|\n|-damage|p2a: Pelipper|27/100 brn|[from] brn\n|upkeep\n|turn|13\n|\n|t:|1773138747\n|-activate|p1a: Ho-Oh|confusion\n|move|p1a: Ho-Oh|Protect|p1a: Ho-Oh\n|-singleturn|p1a: Ho-Oh|Protect\n|move|p2a: Pelipper|Hurricane|p1a: Ho-Oh\n|-activate|p1a: Ho-Oh|move: Protect\n|\n|-damage|p2a: Pelipper|21/100 brn|[from] brn\n|upkeep\n|turn|14\n|\n|t:|1773138756\n|-activate|p1a: Ho-Oh|confusion\n|-damage|p1a: Ho-Oh|0 fnt|[from] confusion\n|faint|p1a: Ho-Oh\n|\n|win|granite blast\n|raw|drive stone's rating: 1559 &rarr; <strong>1533</strong><br />(-26 for losing)\n|raw|granite blast's rating: 1459 &rarr; <strong>1485</strong><br />(+26 for winning)\n|l|\u2606granite blast\n|player|p2|\n|l|\u2606drive stone\n|player|p1|\n","uploadtime":1773138966,"views":19,"formatid":"gen9vgc2026regi","rating":1485,"private":0,"password":null}