{"id":"gen9vgc2026regi-2586542874","format":"[Gen 9] VGC 2026 Reg I","players":["BleachyBoi_426","StephaneYT"],"log":"|j|\u2606BleachyBoi_426\n|j|\u2606StephaneYT\n|t:|1776441875\n|gametype|doubles\n|player|p1|BleachyBoi_426|n|1525\n|player|p2|StephaneYT|169|1429\n|gen|9\n|tier|[Gen 9] VGC 2026 Reg I\n|rated|\n|rule|Species Clause: Limit one of each Pok\u00e9mon\n|rule|Item Clause: Limit 1 of each item\n|clearpoke\n|poke|p1|Tornadus, L50, M|\n|poke|p1|Kyogre, L50|\n|poke|p1|Zacian-*, L50|\n|poke|p1|Grimmsnarl, L50, M|\n|poke|p1|Urshifu-*, L50, M|\n|poke|p1|Brute Bonnet, L50|\n|poke|p2|Zacian-*, L50|\n|poke|p2|Urshifu-*, L50, M|\n|poke|p2|Roaring Moon, L50|\n|poke|p2|Amoonguss, L50, F|\n|poke|p2|Chien-Pao, L50|\n|poke|p2|Kyogre, L50|\n|teampreview|4\n|\n|t:|1776441891\n|teamsize|p1|4\n|teamsize|p2|4\n|start\n|switch|p1a: Ceasar|Tornadus, L50, M|100/100\n|switch|p1b: Sawyer|Zacian-Crowned, L50|100/100\n|switch|p2a: Zacian|Zacian-Crowned, L50|100/100\n|switch|p2b: Roaring Moon|Roaring Moon, L50|100/100\n|-ability|p2a: Zacian|Intrepid Sword|boost\n|-boost|p2a: Zacian|atk|1\n|-ability|p1b: Sawyer|Intrepid Sword|boost\n|-boost|p1b: Sawyer|atk|1\n|-enditem|p2b: Roaring Moon|Booster Energy\n|-activate|p2b: Roaring Moon|ability: Protosynthesis|[fromitem]\n|-start|p2b: Roaring Moon|protosynthesisatk\n|turn|1\n|\n|t:|1776441909\n|move|p1a: Ceasar|Tailwind|p1a: Ceasar\n|-sidestart|p1: BleachyBoi_426|move: Tailwind\n|move|p1b: Sawyer|Play Rough|p2b: Roaring Moon|[miss]\n|-miss|p1b: Sawyer|p2b: Roaring Moon\n|move|p2a: Zacian|Behemoth Blade|p1a: Ceasar\n|-damage|p1a: Ceasar|2/100\n|move|p2b: Roaring Moon|Tailwind|p2b: Roaring Moon\n|-sidestart|p2: StephaneYT|move: Tailwind\n|\n|upkeep\n|turn|2\n|\n|t:|1776441920\n|move|p2b: Roaring Moon|Protect|p2b: Roaring Moon\n|-singleturn|p2b: Roaring Moon|Protect\n|move|p1a: Ceasar|Scary Face|p2a: Zacian\n|-unboost|p2a: Zacian|spe|2\n|move|p1b: Sawyer|Play Rough|p2b: Roaring Moon\n|-activate|p2b: Roaring Moon|move: Protect\n|move|p2a: Zacian|Behemoth Blade|p1a: Ceasar\n|-damage|p1a: Ceasar|0 fnt\n|faint|p1a: Ceasar\n|\n|upkeep\n|\n|t:|1776441930\n|switch|p1a: Honey Kiss|Urshifu-Rapid-Strike, L50, M|100/100\n|turn|3\n|\n|t:|1776441951\n|-end|p2b: Roaring Moon|Protosynthesis|[silent]\n|switch|p2b: Amoonguss|Amoonguss, L50, F|100/100\n|-terastallize|p1a: Honey Kiss|Ghost\n|move|p2a: Zacian|Protect|p2a: Zacian\n|-singleturn|p2a: Zacian|Protect\n|move|p1a: Honey Kiss|Surging Strikes|p2a: Zacian\n|-crit|p2a: Zacian\n|-damage|p2a: Zacian|78/100\n|-crit|p2a: Zacian\n|-damage|p2a: Zacian|59/100\n|-crit|p2a: Zacian\n|-damage|p2a: Zacian|36/100\n|-hitcount|p2a: Zacian|3\n|move|p1b: Sawyer|Behemoth Blade|p2a: Zacian\n|-activate|p2a: Zacian|move: Protect\n|\n|upkeep\n|turn|4\n|\n|t:|1776441968\n|switch|p2a: Roaring Moon|Roaring Moon, L50|100/100\n|move|p1a: Honey Kiss|Surging Strikes|p2a: Roaring Moon\n|-resisted|p2a: Roaring Moon\n|-crit|p2a: Roaring Moon\n|-damage|p2a: Roaring Moon|87/100\n|-resisted|p2a: Roaring Moon\n|-crit|p2a: Roaring Moon\n|-damage|p2a: Roaring Moon|73/100\n|-resisted|p2a: Roaring Moon\n|-crit|p2a: Roaring Moon\n|-damage|p2a: Roaring Moon|57/100\n|-hitcount|p2a: Roaring Moon|3\n|move|p1b: Sawyer|Behemoth Blade|p2b: Amoonguss\n|-damage|p2b: Amoonguss|25/100\n|-damage|p1b: Sawyer|84/100|[from] item: Rocky Helmet|[of] p2b: Amoonguss\n|move|p2b: Amoonguss|Spore|p1b: Sawyer\n|-status|p1b: Sawyer|slp|[from] move: Spore\n|\n|-sideend|p1: BleachyBoi_426|move: Tailwind\n|-sideend|p2: StephaneYT|move: Tailwind\n|upkeep\n|turn|5\n|inactive|Battle timer is ON: inactive players will automatically lose when time's up. (requested by StephaneYT)\n|\n|t:|1776441985\n|switch|p1b: Royal|Kyogre, L50|100/100\n|-weather|RainDance|[from] ability: Drizzle|[of] p1b: Royal\n|move|p2b: Amoonguss|Rage Powder|p2b: Amoonguss\n|-singleturn|p2b: Amoonguss|move: Rage Powder\n|move|p1a: Honey Kiss|Surging Strikes|p2b: Amoonguss\n|-resisted|p2b: Amoonguss\n|-crit|p2b: Amoonguss\n|-damage|p2b: Amoonguss|11/100\n|-damage|p1a: Honey Kiss|84/100|[from] item: Rocky Helmet|[of] p2b: Amoonguss\n|-resisted|p2b: Amoonguss\n|-crit|p2b: Amoonguss\n|-damage|p2b: Amoonguss|0 fnt\n|-damage|p1a: Honey Kiss|68/100|[from] item: Rocky Helmet|[of] p2b: Amoonguss\n|faint|p2b: Amoonguss\n|-hitcount|p2: Amoonguss|2\n|move|p2a: Roaring Moon|Knock Off|p1a: Honey Kiss\n|-supereffective|p1a: Honey Kiss\n|-damage|p1a: Honey Kiss|0 fnt\n|-enditem|p1a: Honey Kiss|Choice Scarf|[from] move: Knock Off|[of] p2a: Roaring Moon\n|faint|p1a: Honey Kiss\n|\n|-weather|RainDance|[upkeep]\n|upkeep\n|\n|t:|1776441999\n|switch|p1a: Sawyer|Zacian-Crowned, L50|84/100 slp\n|switch|p2b: Zacian|Zacian-Crowned, L50|36/100\n|turn|6\n|\n|t:|1776442005\n|move|p2b: Zacian|Play Rough|p1b: Royal\n|-damage|p1b: Royal|56/100\n|cant|p1a: Sawyer|slp\n|move|p2a: Roaring Moon|Tailwind|p2a: Roaring Moon\n|-sidestart|p2: StephaneYT|move: Tailwind\n|move|p1b: Royal|Origin Pulse|p2a: Roaring Moon|[spread] p2a,p2b\n|-resisted|p2a: Roaring Moon\n|-damage|p2a: Roaring Moon|18/100\n|-damage|p2b: Zacian|0 fnt\n|faint|p2b: Zacian\n|\n|-weather|RainDance|[upkeep]\n|upkeep\n|\n|t:|1776442013\n|switch|p2b: Kyogre|Kyogre, L50|100/100\n|turn|7\n|\n|t:|1776442020\n|move|p2a: Roaring Moon|Knock Off|p1b: Royal\n|-damage|p1b: Royal|9/100\n|-enditem|p1b: Royal|Assault Vest|[from] move: Knock Off|[of] p2a: Roaring Moon\n|move|p2b: Kyogre|Water Spout|p1a: Sawyer|[spread] p1a,p1b\n|-resisted|p1b: Royal\n|-damage|p1a: Sawyer|0 fnt\n|-damage|p1b: Royal|0 fnt\n|faint|p1a: Sawyer\n|faint|p1b: Royal\n|\n|win|StephaneYT\n|raw|BleachyBoi_426's rating: 1525 &rarr; <strong>1500</strong><br />(-25 for losing)\n|raw|StephaneYT's rating: 1429 &rarr; <strong>1454</strong><br />(+25 for winning)\n|c|\u2606StephaneYT|gg\n|c|\u2606BleachyBoi_426|that play rough miss fucked me\n|c|\u2606BleachyBoi_426|gg\n|c|\u2606StephaneYT|yh\n|c|\u2606StephaneYT|i defo woudve lost\n|c|\u2606StephaneYT|if that hit\n|c|\u2606BleachyBoi_426|game said no\n|c|\u2606StephaneYT|ggs\n|l|\u2606BleachyBoi_426\n|player|p1|\n|l|\u2606StephaneYT\n|player|p2|\n","uploadtime":1776442168,"views":9,"formatid":"gen9vgc2026regi","rating":1454,"private":0,"password":null}