{"id":"gen9vgc2026regi-2544408171","format":"[Gen 9] VGC 2026 Reg I","players":["Tepig_nNz_498","EllenJoe2026"],"log":"|j|\u2606Tepig_nNz_498\n|j|\u203dEllenJoe2026\n|t:|1771703421\n|gametype|doubles\n|player|p1|Tepig_nNz_498|102|1384\n|player|p2|EllenJoe2026|iono|1480\n|gen|9\n|tier|[Gen 9] VGC 2026 Reg I\n|rated|\n|rule|Species Clause: Limit one of each Pok\u00e9mon\n|rule|Item Clause: Limit 1 of each item\n|clearpoke\n|poke|p1|Whimsicott, L50, F|\n|poke|p1|Reshiram, L50|\n|poke|p1|Incineroar, L50, M|\n|poke|p1|Lilligant-Hisui, L50, F|\n|poke|p1|Brute Bonnet, L50|\n|poke|p1|Koraidon, L50|\n|poke|p2|Calyrex-Shadow, L50|\n|poke|p2|Zamazenta-*, L50|\n|poke|p2|Chien-Pao, L50|\n|poke|p2|Dragonite, L50, F|\n|poke|p2|Amoonguss, L50, F|\n|poke|p2|Ogerpon-Cornerstone, L50, F|\n|teampreview|4\n|inactive|Battle timer is ON: inactive players will automatically lose when time's up. (requested by EllenJoe2026)\n|inactive|EllenJoe2026 has 60 seconds left.\n|\n|t:|1771703452\n|teamsize|p1|4\n|teamsize|p2|4\n|start\n|switch|p1a: Lilligant|Lilligant-Hisui, L50, F|100/100\n|switch|p1b: Koraidon|Koraidon, L50|100/100\n|switch|p2a: Dragonite|Dragonite, L50, F|100/100\n|switch|p2b: Chien-Pao|Chien-Pao, L50|100/100\n|-ability|p2b: Chien-Pao|Sword of Ruin\n|-weather|SunnyDay|[from] ability: Orichalcum Pulse|[of] p1b: Koraidon\n|-activate|p1b: Koraidon|Orichalcum Pulse|[source]\n|turn|1\n|\n|t:|1771703474\n|-terastallize|p1a: Lilligant|Ghost\n|move|p2b: Chien-Pao|Protect|p2b: Chien-Pao\n|-singleturn|p2b: Chien-Pao|Protect\n|move|p2a: Dragonite|Extreme Speed|p1a: Lilligant\n|-immune|p1a: Lilligant\n|move|p1a: Lilligant|Sleep Powder|p2a: Dragonite|[miss]\n|-miss|p1a: Lilligant|p2a: Dragonite\n|move|p1b: Koraidon|Flare Blitz|p2b: Chien-Pao\n|-activate|p2b: Chien-Pao|move: Protect\n|\n|-weather|SunnyDay|[upkeep]\n|upkeep\n|turn|2\n|\n|t:|1771703499\n|move|p2a: Dragonite|Extreme Speed|p1b: Koraidon\n|-damage|p1b: Koraidon|45/100\n|move|p2b: Chien-Pao|Sucker Punch|p1b: Koraidon\n|-resisted|p1b: Koraidon\n|-damage|p1b: Koraidon|18/100\n|-damage|p2b: Chien-Pao|91/100|[from] item: Life Orb\n|move|p1a: Lilligant|Sleep Powder|p2b: Chien-Pao\n|-status|p2b: Chien-Pao|slp|[from] move: Sleep Powder\n|move|p1b: Koraidon|Dragon Claw|p2a: Dragonite\n|-supereffective|p2a: Dragonite\n|-damage|p2a: Dragonite|0 fnt\n|faint|p2a: Dragonite\n|\n|-weather|SunnyDay|[upkeep]\n|upkeep\n|\n|t:|1771703508\n|switch|p2a: Calyrex|Calyrex-Shadow, L50|100/100\n|-ability|p2a: Calyrex|As One\n|-ability|p2a: Calyrex|Unnerve\n|turn|3\n|\n|t:|1771703524\n|move|p1a: Lilligant|Sleep Powder|p2a: Calyrex|[miss]\n|-miss|p1a: Lilligant|p2a: Calyrex\n|move|p2a: Calyrex|Astral Barrage|p1a: Lilligant|[spread] p1a,p1b\n|-supereffective|p1a: Lilligant\n|-enditem|p1a: Lilligant|Focus Sash\n|-damage|p1a: Lilligant|1/100\n|-damage|p1b: Koraidon|0 fnt\n|faint|p1b: Koraidon\n|-ability|p2a: Calyrex|Grim Neigh|boost\n|-boost|p2a: Calyrex|spa|1\n|cant|p2b: Chien-Pao|slp\n|\n|-weather|SunnyDay|[upkeep]\n|upkeep\n|\n|t:|1771703527\n|switch|p1b: Reshiram|Reshiram, L50|100/100\n|-ability|p1b: Reshiram|Turboblaze\n|turn|4\n|inactive|EllenJoe2026 has 30 seconds left.\n|\n|t:|1771703556\n|move|p2a: Calyrex|Protect|p2a: Calyrex\n|-singleturn|p2a: Calyrex|Protect\n|move|p1a: Lilligant|Sleep Powder|p2a: Calyrex\n|-activate|p2a: Calyrex|move: Protect\n|-curestatus|p2b: Chien-Pao|slp|[msg]\n|move|p2b: Chien-Pao|Ice Spinner|p1a: Lilligant\n|-damage|p1a: Lilligant|0 fnt\n|faint|p1a: Lilligant\n|-damage|p2b: Chien-Pao|81/100|[from] item: Life Orb\n|move|p1b: Reshiram|Heat Wave|p2a: Calyrex|[spread] p2b\n|-activate|p2a: Calyrex|move: Protect\n|-supereffective|p2b: Chien-Pao\n|-damage|p2b: Chien-Pao|0 fnt\n|faint|p2b: Chien-Pao\n|-damage|p1b: Reshiram|91/100|[from] item: Life Orb\n|\n|-weather|SunnyDay|[upkeep]\n|upkeep\n|\n|t:|1771703569\n|switch|p2b: Zamazenta|Zamazenta-Crowned, L50|100/100\n|switch|p1a: Incineroar|Incineroar, L50, M|100/100\n|-ability|p2b: Zamazenta|Dauntless Shield|boost\n|-boost|p2b: Zamazenta|def|1\n|-ability|p1a: Incineroar|Intimidate|boost\n|-unboost|p2a: Calyrex|atk|1\n|-unboost|p2b: Zamazenta|atk|1\n|turn|5\n|\n|t:|1771703583\n|-terastallize|p2a: Calyrex|Ghost\n|move|p1a: Incineroar|Fake Out|p2b: Zamazenta\n|-resisted|p2b: Zamazenta\n|-damage|p2b: Zamazenta|98/100\n|move|p2a: Calyrex|Astral Barrage|p1a: Incineroar|[spread] p1a,p1b\n|-resisted|p1a: Incineroar\n|-damage|p1a: Incineroar|55/100\n|-damage|p1b: Reshiram|7/100\n|cant|p2b: Zamazenta|flinch\n|move|p1b: Reshiram|Heat Wave|p2b: Zamazenta|[spread] p2a,p2b\n|-supereffective|p2b: Zamazenta\n|-damage|p2a: Calyrex|11/100\n|-damage|p2b: Zamazenta|0 fnt\n|-status|p2a: Calyrex|brn\n|faint|p2b: Zamazenta\n|-damage|p1b: Reshiram|0 fnt|[from] item: Life Orb\n|faint|p1b: Reshiram\n|\n|-weather|none\n|-damage|p2a: Calyrex|5/100 brn|[from] brn\n|upkeep\n|turn|6\n|\n|t:|1771703596\n|move|p2a: Calyrex|Astral Barrage|p1a: Incineroar\n|-resisted|p1a: Incineroar\n|-damage|p1a: Incineroar|0 fnt\n|faint|p1a: Incineroar\n|\n|win|EllenJoe2026\n|raw|Tepig_nNz_498's rating: 1384 &rarr; <strong>1369</strong><br />(-15 for losing)\n|raw|EllenJoe2026's rating: 1480 &rarr; <strong>1495</strong><br />(+15 for winning)\n|l|\u2606Tepig_nNz_498\n|player|p1|\n|l|\u203dEllenJoe2026\n|player|p2|\n","uploadtime":1771703758,"views":12,"formatid":"gen9vgc2026regi","rating":1369,"private":0,"password":null}