{"id":"gen9vgc2026regi-2565197634","format":"[Gen 9] VGC 2026 Reg I","players":["rewqrqewrqwre","wasaad5"],"log":"|j|\u2606rewqrqewrqwre\n|j|\u2606wasaad5\n|t:|1774242052\n|gametype|doubles\n|player|p1|rewqrqewrqwre|lucas|1173\n|player|p2|wasaad5|blue|1246\n|gen|9\n|tier|[Gen 9] VGC 2026 Reg I\n|rated|\n|rule|Species Clause: Limit one of each Pok\u00e9mon\n|rule|Item Clause: Limit 1 of each item\n|clearpoke\n|poke|p1|Palkia, L50|\n|poke|p1|Kyogre, L50|\n|poke|p1|Iron Jugulis, L50|\n|poke|p1|Landorus, L50, M|\n|poke|p1|Incineroar, L50, F|\n|poke|p1|Farigiraf, L50, F|\n|poke|p2|Kyurem-White, L50|\n|poke|p2|Zacian-*, L50|\n|poke|p2|Sableye, L50, F|\n|poke|p2|Urshifu-*, L50, M|\n|poke|p2|Amoonguss, L50, M|\n|poke|p2|Incineroar, L50, F|\n|teampreview|4\n|inactive|Battle timer is ON: inactive players will automatically lose when time's up. (requested by rewqrqewrqwre)\n|\n|t:|1774242080\n|teamsize|p1|4\n|teamsize|p2|4\n|start\n|switch|p1a: Palkia|Palkia, L50|100/100\n|switch|p1b: Iron Jugulis|Iron Jugulis, L50|100/100\n|switch|p2a: Kyurem|Kyurem-White, L50, shiny|100/100\n|switch|p2b: Sableye|Sableye, L50, F|100/100\n|-ability|p2a: Kyurem|Turboblaze\n|-ability|p1a: Palkia|Pressure\n|-enditem|p1b: Iron Jugulis|Booster Energy\n|-activate|p1b: Iron Jugulis|ability: Quark Drive|[fromitem]\n|-start|p1b: Iron Jugulis|quarkdrivespe\n|turn|1\n|\n|t:|1774242095\n|move|p1a: Palkia|Protect|p1a: Palkia\n|-singleturn|p1a: Palkia|Protect\n|move|p2b: Sableye|Quash|p1a: Palkia\n|-activate|p1a: Palkia|move: Protect\n|move|p1b: Iron Jugulis|Tailwind|p1b: Iron Jugulis\n|-sidestart|p1: rewqrqewrqwre|move: Tailwind\n|move|p2a: Kyurem|Freeze-Dry|p1a: Palkia\n|-activate|p1a: Palkia|move: Protect\n|\n|upkeep\n|turn|2\n|inactive|rewqrqewrqwre has 30 seconds left.\n|\n|t:|1774242120\n|-terastallize|p1a: Palkia|Steel\n|move|p2b: Sableye|Encore|p1a: Palkia\n|-start|p1a: Palkia|Encore\n|move|p1b: Iron Jugulis|Snarl|p2a: Kyurem|[spread] p2a,p2b\n|-damage|p2a: Kyurem|92/100\n|-damage|p2b: Sableye|74/100\n|-unboost|p2a: Kyurem|spa|1\n|-unboost|p2b: Sableye|spa|1\n|move|p1a: Palkia|Protect|p1a: Palkia\n|-singleturn|p1a: Palkia|Protect\n|move|p2a: Kyurem|Freeze-Dry|p1b: Iron Jugulis\n|-supereffective|p1b: Iron Jugulis\n|-damage|p1b: Iron Jugulis|47/100\n|\n|upkeep\n|turn|3\n|\n|t:|1774242135\n|switch|p1a: Landorus|Landorus, L50, M|100/100\n|move|p2b: Sableye|Quash|p1b: Iron Jugulis\n|-hint|Since gen 7, Dark is immune to Prankster moves.\n|-immune|p1b: Iron Jugulis\n|move|p1b: Iron Jugulis|Snarl|p2b: Sableye|[spread] p2a,p2b\n|-damage|p2a: Kyurem|83/100\n|-damage|p2b: Sableye|46/100\n|-unboost|p2a: Kyurem|spa|1\n|-unboost|p2b: Sableye|spa|1\n|move|p2a: Kyurem|Freeze-Dry|p1b: Iron Jugulis\n|-supereffective|p1b: Iron Jugulis\n|-damage|p1b: Iron Jugulis|5/100\n|\n|upkeep\n|turn|4\n|inactive|rewqrqewrqwre has 30 seconds left.\n|\n|t:|1774242164\n|move|p2b: Sableye|Quash|p1a: Landorus\n|-activate|p1a: Landorus|move: Quash\n|move|p1b: Iron Jugulis|Dragon Cheer|p1a: Landorus\n|-start|p1a: Landorus|move: Dragon Cheer\n|move|p2a: Kyurem|Freeze-Dry|p1a: Landorus\n|-supereffective|p1a: Landorus\n|-damage|p1a: Landorus|0 fnt\n|faint|p1a: Landorus\n|\n|-sideend|p1: rewqrqewrqwre|move: Tailwind\n|upkeep\n|\n|t:|1774242173\n|switch|p1a: Kyogre|Kyogre, L50|100/100\n|-weather|RainDance|[from] ability: Drizzle|[of] p1a: Kyogre\n|turn|5\n|\n|t:|1774242188\n|switch|p2b: Urshifu|Urshifu-Rapid-Strike, L50, M|100/100\n|move|p1b: Iron Jugulis|Snarl|p2a: Kyurem|[spread] p2a,p2b\n|-resisted|p2b: Urshifu\n|-damage|p2a: Kyurem|73/100\n|-damage|p2b: Urshifu|89/100\n|-unboost|p2a: Kyurem|spa|1\n|-unboost|p2b: Urshifu|spa|1\n|move|p2a: Kyurem|Freeze-Dry|p1a: Kyogre\n|-supereffective|p1a: Kyogre\n|-damage|p1a: Kyogre|79/100\n|move|p1a: Kyogre|Water Spout|p2a: Kyurem|[spread] p2a,p2b\n|-resisted|p2a: Kyurem\n|-resisted|p2b: Urshifu\n|-damage|p2a: Kyurem|48/100\n|-damage|p2b: Urshifu|10/100\n|\n|-weather|RainDance|[upkeep]\n|upkeep\n|turn|6\n|inactive|rewqrqewrqwre has 30 seconds left.\n|\n|t:|1774242221\n|move|p2b: Urshifu|Aqua Jet|p1b: Iron Jugulis\n|-damage|p1b: Iron Jugulis|0 fnt\n|faint|p1b: Iron Jugulis\n|-end|p1b: Iron Jugulis|Quark Drive|[silent]\n|move|p2a: Kyurem|Freeze-Dry|p1a: Kyogre\n|-supereffective|p1a: Kyogre\n|-damage|p1a: Kyogre|55/100\n|move|p1a: Kyogre|Origin Pulse|p2b: Urshifu|[spread] p2a\n|-miss|p1a: Kyogre|p2b: Urshifu\n|-resisted|p2a: Kyurem\n|-damage|p2a: Kyurem|26/100\n|\n|-weather|RainDance|[upkeep]\n|upkeep\n|\n|t:|1774242223\n|switch|p1b: Palkia|Palkia, L50, tera:Steel|100/100\n|-ability|p1b: Palkia|Pressure\n|turn|7\n|inactive|wasaad5 has 30 seconds left.\n|\n|t:|1774242256\n|move|p2b: Urshifu|Aqua Jet|p1a: Kyogre\n|-resisted|p1a: Kyogre\n|-damage|p1a: Kyogre|39/100\n|move|p2a: Kyurem|Freeze-Dry|p1a: Kyogre\n|-supereffective|p1a: Kyogre\n|-damage|p1a: Kyogre|16/100\n|move|p1a: Kyogre|Origin Pulse|p2a: Kyurem|[spread] p2a,p2b\n|-resisted|p2a: Kyurem\n|-resisted|p2b: Urshifu\n|-damage|p2a: Kyurem|1/100\n|-damage|p2b: Urshifu|0 fnt\n|faint|p2b: Urshifu\n|move|p1b: Palkia|Trick Room|p1b: Palkia\n|-fieldstart|move: Trick Room|[of] p1b: Palkia\n|\n|-weather|RainDance|[upkeep]\n|upkeep\n|\n|t:|1774242272\n|switch|p2b: Sableye|Sableye, L50, F|46/100\n|turn|8\n|\n|t:|1774242279\n|move|p2b: Sableye|Quash|p1a: Kyogre\n|-activate|p1a: Kyogre|move: Quash\n|move|p1b: Palkia|Spacial Rend|p2b: Sableye\n|-damage|p2b: Sableye|0 fnt\n|faint|p2b: Sableye\n|move|p2a: Kyurem|Freeze-Dry|p1a: Kyogre\n|-supereffective|p1a: Kyogre\n|-damage|p1a: Kyogre|0 fnt\n|faint|p1a: Kyogre\n|\n|-weather|RainDance|[upkeep]\n|upkeep\n|\n|t:|1774242285\n|switch|p2b: Zacian|Zacian-Crowned, L50|100/100\n|-ability|p2b: Zacian|Intrepid Sword|boost\n|-boost|p2b: Zacian|atk|1\n|turn|9\n|\n|t:|1774242297\n|-terastallize|p2b: Zacian|Ground\n|move|p1b: Palkia|Spacial Rend|p2a: Kyurem\n|-supereffective|p2a: Kyurem\n|-damage|p2a: Kyurem|0 fnt\n|faint|p2a: Kyurem\n|move|p2b: Zacian|Tera Blast|p1b: Palkia|[anim] Tera Blast Ground\n|-supereffective|p1b: Palkia\n|-damage|p1b: Palkia|0 fnt\n|faint|p1b: Palkia\n|\n|win|wasaad5\n|raw|rewqrqewrqwre's rating: 1173 &rarr; <strong>1153</strong><br />(-20 for losing)\n|raw|wasaad5's rating: 1246 &rarr; <strong>1266</strong><br />(+20 for winning)\n|l|\u2606rewqrqewrqwre\n|player|p1|\n|l|\u2606wasaad5\n|player|p2|\n","uploadtime":1774242489,"views":12,"formatid":"gen9vgc2026regi","rating":1153,"private":0,"password":null}