{"id":"gen9vgc2026regi-2535864451","format":"[Gen 9] VGC 2026 Reg I","players":["fogdocker","Indeedee Follow"],"log":"|j|\u2606fogdocker\n|j|\u2606Indeedee Follow\n|t:|1770622852\n|gametype|doubles\n|player|p1|fogdocker|101|1449\n|player|p2|Indeedee Follow|265|1598\n|gen|9\n|tier|[Gen 9] VGC 2026 Reg I\n|rated|\n|rule|Species Clause: Limit one of each Pok\u00e9mon\n|rule|Item Clause: Limit 1 of each item\n|clearpoke\n|poke|p1|Calyrex-Ice, L50|\n|poke|p1|Koraidon, L50|\n|poke|p1|Flutter Mane, L50|\n|poke|p1|Incineroar, L50, M|\n|poke|p1|Rillaboom, L50, M|\n|poke|p1|Volcarona, L50, M|\n|poke|p2|Calyrex-Shadow, L50|\n|poke|p2|Zamazenta-*, L50|\n|poke|p2|Rillaboom, L50, F|\n|poke|p2|Clefairy, L50, F|\n|poke|p2|Tornadus, L50, M|\n|poke|p2|Smeargle, L50, M|\n|teampreview|4\n|inactive|Battle timer is ON: inactive players will automatically lose when time's up. (requested by Indeedee Follow)\n|\n|t:|1770622876\n|teamsize|p1|4\n|teamsize|p2|4\n|start\n|switch|p1a: Koraidon|Koraidon, L50|100/100\n|switch|p1b: Flutter Mane|Flutter Mane, L50|100/100\n|switch|p2a: Smeargle|Smeargle, L50, M, shiny|100/100\n|switch|p2b: Calyrex|Calyrex-Shadow, L50|100/100\n|-ability|p2b: Calyrex|As One\n|-ability|p2b: Calyrex|Unnerve\n|-weather|SunnyDay|[from] ability: Orichalcum Pulse|[of] p1a: Koraidon\n|-activate|p1b: Flutter Mane|ability: Protosynthesis\n|-start|p1b: Flutter Mane|protosynthesisspe\n|-activate|p1a: Koraidon|Orichalcum Pulse|[source]\n|turn|1\n|inactive|Indeedee Follow has 30 seconds left.\n|\n|t:|1770622908\n|switch|p1a: Volcarona|Volcarona, L50, M|100/100\n|-terastallize|p1b: Flutter Mane|Normal\n|move|p2b: Calyrex|Protect|p2b: Calyrex\n|-singleturn|p2b: Calyrex|Protect\n|move|p1b: Flutter Mane|Moonblast|p2a: Smeargle\n|-damage|p2a: Smeargle|1/100\n|-unboost|p2a: Smeargle|spa|1\n|move|p2a: Smeargle|Spore|p1b: Flutter Mane\n|-status|p1b: Flutter Mane|slp|[from] move: Spore\n|\n|-weather|SunnyDay|[upkeep]\n|-ability|p2a: Smeargle|Moody|boost\n|-boost|p2a: Smeargle|spa|2\n|-unboost|p2a: Smeargle|spd|1\n|upkeep\n|turn|2\n|\n|t:|1770622931\n|switch|p2a: Tornadus|Tornadus, L50, M, shiny|100/100\n|switch|p1a: Incineroar|Incineroar, L50, M|100/100\n|-ability|p1a: Incineroar|Intimidate|boost\n|-unboost|p2a: Tornadus|atk|1\n|-unboost|p2b: Calyrex|atk|1\n|cant|p1b: Flutter Mane|slp\n|move|p2b: Calyrex|Psychic|p1b: Flutter Mane\n|-damage|p1b: Flutter Mane|10/100 slp\n|-unboost|p1b: Flutter Mane|spd|1\n|-damage|p2b: Calyrex|91/100|[from] item: Life Orb\n|\n|-weather|SunnyDay|[upkeep]\n|upkeep\n|turn|3\n|inactive|fogdocker has 30 seconds left.\n|inactive|fogdocker has 20 seconds left.\n|\n|t:|1770622968\n|cant|p1b: Flutter Mane|slp\n|move|p2b: Calyrex|Protect|p2b: Calyrex\n|-singleturn|p2b: Calyrex|Protect\n|move|p2a: Tornadus|Bleakwind Storm|p1a: Incineroar|[spread] p1a,p1b\n|-damage|p1a: Incineroar|69/100\n|-damage|p1b: Flutter Mane|0 fnt\n|-unboost|p1a: Incineroar|spe|1\n|faint|p1b: Flutter Mane\n|-end|p1b: Flutter Mane|Protosynthesis|[silent]\n|move|p1a: Incineroar|Flare Blitz|p2b: Calyrex\n|-activate|p2b: Calyrex|move: Protect\n|\n|-weather|SunnyDay|[upkeep]\n|upkeep\n|\n|t:|1770622984\n|switch|p1b: Volcarona|Volcarona, L50, M|100/100\n|turn|4\n|\n|t:|1770622993\n|-terastallize|p2b: Calyrex|Dark\n|move|p2a: Tornadus|Rain Dance|p2a: Tornadus\n|-weather|RainDance\n|move|p2b: Calyrex|Astral Barrage|p1a: Incineroar|[spread] p1a,p1b\n|-resisted|p1a: Incineroar\n|-damage|p1a: Incineroar|34/100\n|-damage|p1b: Volcarona|33/100\n|-damage|p2b: Calyrex|81/100|[from] item: Life Orb\n|move|p1b: Volcarona|Heat Wave|p2a: Tornadus|[spread] p2a,p2b\n|-damage|p2a: Tornadus|82/100\n|-damage|p2b: Calyrex|67/100\n|move|p1a: Incineroar|Flare Blitz|p2b: Calyrex\n|-damage|p2b: Calyrex|40/100\n|-damage|p1a: Incineroar|26/100|[from] Recoil\n|\n|-weather|RainDance|[upkeep]\n|upkeep\n|turn|5\n|-message|fogdocker forfeited.\n|\n|win|Indeedee Follow\n|raw|fogdocker's rating: 1449 &rarr; <strong>1437</strong><br />(-12 for losing)\n|raw|Indeedee Follow's rating: 1598 &rarr; <strong>1610</strong><br />(+12 for winning)\n","uploadtime":1770623240,"views":24,"formatid":"gen9vgc2026regi","rating":1437,"private":0,"password":null}