{"id":"gen9vgc2026regi-2539640073","format":"[Gen 9] VGC 2026 Reg I","players":["SEITA","Konnikoni"],"log":"|j|\u2606SEITA\n|j|\u2606Konnikoni\n|t:|1771091006\n|gametype|doubles\n|player|p1|SEITA|lucas-gen4pt|1306\n|player|p2|Konnikoni|102|1217\n|gen|9\n|tier|[Gen 9] VGC 2026 Reg I\n|rated|\n|rule|Species Clause: Limit one of each Pok\u00e9mon\n|rule|Item Clause: Limit 1 of each item\n|clearpoke\n|poke|p1|Zamazenta-*, L50|\n|poke|p1|Kyogre, L50|\n|poke|p1|Wo-Chien, L50|\n|poke|p1|Grimmsnarl, L50, M|\n|poke|p1|Landorus, L50, M|\n|poke|p1|Ditto, L50|\n|poke|p2|Incineroar, L50, M|\n|poke|p2|Urshifu-*, L50, M|\n|poke|p2|Calyrex-Shadow, L50|\n|poke|p2|Indeedee-F, L50, F|\n|poke|p2|Lunala, L50|\n|poke|p2|Ditto, L50|\n|teampreview|4\n|\n|t:|1771091045\n|teamsize|p1|4\n|teamsize|p2|4\n|start\n|switch|p1a: Grimmsnarl|Grimmsnarl, L50, M|100/100\n|switch|p1b: Kyogre|Kyogre, L50|100/100\n|switch|p2a: Incineroar|Incineroar, L50, M, shiny|100/100\n|switch|p2b: Urshifu|Urshifu-Rapid-Strike, L50, M|100/100\n|-weather|RainDance|[from] ability: Drizzle|[of] p1b: Kyogre\n|-ability|p2a: Incineroar|Intimidate|boost\n|-unboost|p1a: Grimmsnarl|atk|1\n|-unboost|p1b: Kyogre|atk|1\n|turn|1\n|\n|t:|1771091106\n|switch|p1a: Wo-Chien|Wo-Chien, L50|100/100\n|-ability|p1a: Wo-Chien|Tablets of Ruin\n|-terastallize|p2a: Incineroar|Grass\n|move|p2a: Incineroar|Fake Out|p1a: Wo-Chien\n|-damage|p1a: Wo-Chien|94/100\n|move|p2b: Urshifu|Surging Strikes|p1a: Wo-Chien\n|-resisted|p1a: Wo-Chien\n|-crit|p1a: Wo-Chien\n|-damage|p1a: Wo-Chien|85/100\n|-resisted|p1a: Wo-Chien\n|-crit|p1a: Wo-Chien\n|-damage|p1a: Wo-Chien|75/100\n|-resisted|p1a: Wo-Chien\n|-crit|p1a: Wo-Chien\n|-damage|p1a: Wo-Chien|65/100\n|-hitcount|p1a: Wo-Chien|3\n|move|p1b: Kyogre|Thunder|p2b: Urshifu\n|-supereffective|p2b: Urshifu\n|-enditem|p2b: Urshifu|Focus Sash\n|-damage|p2b: Urshifu|1/100\n|\n|-weather|RainDance|[upkeep]\n|upkeep\n|turn|2\n|\n|t:|1771091151\n|switch|p1a: Grimmsnarl|Grimmsnarl, L50, M|100/100\n|move|p2b: Urshifu|Protect|p2b: Urshifu\n|-singleturn|p2b: Urshifu|Protect\n|move|p1b: Kyogre|Origin Pulse|p2a: Incineroar|[spread] p2a\n|-activate|p2b: Urshifu|move: Protect\n|-resisted|p2a: Incineroar\n|-damage|p2a: Incineroar|71/100\n|move|p2a: Incineroar|Parting Shot|p1a: Grimmsnarl\n|-unboost|p1a: Grimmsnarl|atk|1\n|-unboost|p1a: Grimmsnarl|spa|1\n|\n|t:|1771091166\n|switch|p2a: Lunala|Lunala, L50|100/100|[from] Parting Shot\n|\n|-weather|RainDance|[upkeep]\n|upkeep\n|turn|3\n|\n|t:|1771091182\n|move|p2a: Lunala|Wide Guard|p2a: Lunala\n|-singleturn|p2a: Lunala|Wide Guard\n|move|p1a: Grimmsnarl|Light Screen|p1a: Grimmsnarl\n|-sidestart|p1: SEITA|move: Light Screen\n|move|p2b: Urshifu|Surging Strikes|p1a: Grimmsnarl\n|-crit|p1a: Grimmsnarl\n|-damage|p1a: Grimmsnarl|73/100\n|-crit|p1a: Grimmsnarl\n|-damage|p1a: Grimmsnarl|45/100\n|-crit|p1a: Grimmsnarl\n|-damage|p1a: Grimmsnarl|18/100\n|-hitcount|p1a: Grimmsnarl|3\n|move|p1b: Kyogre|Ice Beam|p2b: Urshifu\n|-resisted|p2b: Urshifu\n|-damage|p2b: Urshifu|0 fnt\n|faint|p2b: Urshifu\n|\n|-weather|RainDance|[upkeep]\n|upkeep\n|\n|t:|1771091197\n|switch|p2b: Incineroar|Incineroar, L50, M, shiny, tera:Grass|71/100\n|-ability|p2b: Incineroar|Intimidate|boost\n|-unboost|p1a: Grimmsnarl|atk|1\n|-unboost|p1b: Kyogre|atk|1\n|turn|4\n|\n|t:|1771091218\n|switch|p2a: Ditto|Ditto, L50, shiny|100/100\n|-transform|p2a: Ditto|p1b: Kyogre|[from] ability: Imposter\n|switch|p1a: Zamazenta|Zamazenta-Crowned, L50|100/100\n|-ability|p1a: Zamazenta|Dauntless Shield|boost\n|-boost|p1a: Zamazenta|def|1\n|move|p1b: Kyogre|Ice Beam|p2b: Incineroar\n|-supereffective|p2b: Incineroar\n|-damage|p2b: Incineroar|10/100\n|-enditem|p2b: Incineroar|Sitrus Berry|[eat]\n|-heal|p2b: Incineroar|35/100|[from] item: Sitrus Berry\n|move|p2b: Incineroar|Knock Off|p1b: Kyogre\n|-damage|p1b: Kyogre|67/100\n|-enditem|p1b: Kyogre|Leftovers|[from] move: Knock Off|[of] p2b: Incineroar\n|\n|-weather|RainDance|[upkeep]\n|upkeep\n|turn|5\n|\n|t:|1771091251\n|switch|p2b: Lunala|Lunala, L50|100/100\n|-terastallize|p1a: Zamazenta|Grass\n|move|p1a: Zamazenta|Body Press|p2a: Ditto\n|-damage|p2a: Ditto|35/100\n|move|p2a: Ditto|Thunder|p1b: Kyogre\n|-supereffective|p1b: Kyogre\n|-damage|p1b: Kyogre|30/100\n|-status|p1b: Kyogre|par\n|move|p1b: Kyogre|Ice Beam|p2b: Lunala\n|-damage|p2b: Lunala|87/100\n|\n|-weather|none\n|upkeep\n|turn|6\n|\n|t:|1771091280\n|switch|p2a: Incineroar|Incineroar, L50, M, shiny, tera:Grass|35/100\n|-ability|p2a: Incineroar|Intimidate|boost\n|-unboost|p1a: Zamazenta|atk|1\n|-unboost|p1b: Kyogre|atk|1\n|move|p1a: Zamazenta|Body Press|p2a: Incineroar\n|-damage|p2a: Incineroar|0 fnt\n|faint|p2a: Incineroar\n|move|p2b: Lunala|Moongeist Beam|p1b: Kyogre\n|-damage|p1b: Kyogre|6/100 par\n|cant|p1b: Kyogre|par\n|\n|upkeep\n|\n|t:|1771091292\n|switch|p2a: Ditto|Ditto, L50, shiny|35/100\n|-transform|p2a: Ditto|p1b: Kyogre|[from] ability: Imposter\n|-weather|RainDance|[from] ability: Drizzle|[of] p2a: Ditto\n|turn|7\n|\n|t:|1771091309\n|move|p1a: Zamazenta|Body Press|p2a: Ditto\n|-damage|p2a: Ditto|0 fnt\n|faint|p2a: Ditto\n|move|p2b: Lunala|Expanding Force|p1b: Kyogre\n|-damage|p1b: Kyogre|0 fnt\n|faint|p1b: Kyogre\n|\n|-weather|RainDance|[upkeep]\n|upkeep\n|-message|Konnikoni forfeited.\n|\n|win|SEITA\n|raw|SEITA's rating: 1306 &rarr; <strong>1321</strong><br />(+15 for winning)\n|raw|Konnikoni's rating: 1217 &rarr; <strong>1198</strong><br />(-19 for losing)\n|l|\u2606Konnikoni\n|player|p2|\n","uploadtime":1771091522,"views":27,"formatid":"gen9vgc2026regi","rating":1198,"private":0,"password":null}