{"id":"gen9vgc2026regi-2573447236","format":"[Gen 9] VGC 2026 Reg I","players":["Dan1eLG","mlbd1"],"log":"|j|\u2606Dan1eLG\n|j|\u2606mlbd1\n|t:|1775137508\n|gametype|doubles\n|player|p1|Dan1eLG|crasherwake|1413\n|player|p2|mlbd1|101|1544\n|gen|9\n|tier|[Gen 9] VGC 2026 Reg I\n|rated|\n|rule|Species Clause: Limit one of each Pok\u00e9mon\n|rule|Item Clause: Limit 1 of each item\n|clearpoke\n|poke|p1|Calyrex-Shadow, L50|\n|poke|p1|Zamazenta-*, L50|\n|poke|p1|Incineroar, L50, F|\n|poke|p1|Indeedee-F, L50, F|\n|poke|p1|Rillaboom, L50, M|\n|poke|p1|Whimsicott, L50, M|\n|poke|p2|Miraidon, L50|\n|poke|p2|Farigiraf, L50, F|\n|poke|p2|Calyrex-Ice, L50|\n|poke|p2|Urshifu-*, L50, M|\n|poke|p2|Ogerpon-Cornerstone, L50, F|\n|poke|p2|Volcarona, L50, F|\n|teampreview|4\n|inactive|Battle timer is ON: inactive players will automatically lose when time's up. (requested by mlbd1)\n|inactive|mlbd1 has 60 seconds left.\n|\n|t:|1775137539\n|teamsize|p1|4\n|teamsize|p2|4\n|start\n|switch|p1a: Indeedee|Indeedee-F, L50, F|100/100\n|switch|p1b: Calyrex|Calyrex-Shadow, L50|100/100\n|switch|p2a: Calyrex|Calyrex-Ice, L50|100/100\n|switch|p2b: Farigiraf|Farigiraf, L50, F|100/100\n|-ability|p1b: Calyrex|As One\n|-ability|p1b: Calyrex|Unnerve\n|-ability|p2a: Calyrex|As One\n|-ability|p2a: Calyrex|Unnerve\n|-fieldstart|move: Psychic Terrain|[from] ability: Psychic Surge|[of] p1a: Indeedee\n|-enditem|p1a: Indeedee|Psychic Seed\n|-boost|p1a: Indeedee|spd|1|[from] item: Psychic Seed\n|turn|1\n|inactive|Dan1eLG has 30 seconds left.\n|inactive|Dan1eLG has 20 seconds left.\n|inactive|Dan1eLG has 15 seconds left.\n|\n|t:|1775137582\n|-terastallize|p2a: Calyrex|Fire\n|move|p2b: Farigiraf|Helping Hand|p2a: Calyrex\n|-singleturn|p2a: Calyrex|Helping Hand|[of] p2b: Farigiraf\n|move|p1a: Indeedee|Follow Me|p1a: Indeedee\n|-singleturn|p1a: Indeedee|move: Follow Me\n|move|p1b: Calyrex|Nasty Plot|p1b: Calyrex\n|-boost|p1b: Calyrex|spa|2\n|move|p2a: Calyrex|Glacial Lance|p1b: Calyrex|[spread] p1a,p1b\n|-damage|p1a: Indeedee|17/100\n|-enditem|p1b: Calyrex|Focus Sash\n|-damage|p1b: Calyrex|1/100\n|\n|upkeep\n|turn|2\n|inactive|Dan1eLG has 30 seconds left.\n|\n|t:|1775137613\n|move|p1a: Indeedee|Helping Hand|p1b: Calyrex\n|-singleturn|p1b: Calyrex|Helping Hand|[of] p1a: Indeedee\n|move|p2a: Calyrex|Protect|p2a: Calyrex\n|-singleturn|p2a: Calyrex|Protect\n|move|p1b: Calyrex|Psychic|p2b: Farigiraf\n|-resisted|p2b: Farigiraf\n|-damage|p2b: Farigiraf|2/100\n|move|p2b: Farigiraf|Trick Room|p2b: Farigiraf\n|-fieldstart|move: Trick Room|[of] p2b: Farigiraf\n|\n|upkeep\n|turn|3\n|inactive|Dan1eLG has 30 seconds left.\n|inactive|Dan1eLG has 20 seconds left.\n|inactive|Dan1eLG has 15 seconds left.\n|\n|t:|1775137656\n|switch|p2b: Volcarona|Volcarona, L50, F|100/100\n|move|p1a: Indeedee|Protect|p1a: Indeedee\n|-singleturn|p1a: Indeedee|Protect\n|move|p1b: Calyrex|Protect|p1b: Calyrex\n|-singleturn|p1b: Calyrex|Protect\n|move|p2a: Calyrex|Glacial Lance|p1b: Calyrex|[spread] \n|-activate|p1a: Indeedee|move: Protect\n|-activate|p1b: Calyrex|move: Protect\n|\n|upkeep\n|turn|4\n|\n|t:|1775137675\n|switch|p1a: Incineroar|Incineroar, L50, F|100/100\n|-ability|p1a: Incineroar|Intimidate|boost\n|-fail|p2a: Calyrex|unboost|[from] item: Clear Amulet|[of] p2a: Calyrex\n|-unboost|p2b: Volcarona|atk|1\n|move|p1b: Calyrex|Protect|p1b: Calyrex\n|-singleturn|p1b: Calyrex|Protect\n|move|p2a: Calyrex|Glacial Lance|p1a: Incineroar|[spread] p1a\n|-activate|p1b: Calyrex|move: Protect\n|-resisted|p1a: Incineroar\n|-damage|p1a: Incineroar|76/100\n|move|p2b: Volcarona|Fiery Dance|p1b: Calyrex\n|-activate|p1b: Calyrex|move: Protect\n|\n|upkeep\n|turn|5\n|-message|Dan1eLG forfeited.\n|\n|win|mlbd1\n|raw|Dan1eLG's rating: 1413 &rarr; <strong>1400</strong><br />(-13 for losing)\n|raw|mlbd1's rating: 1544 &rarr; <strong>1557</strong><br />(+13 for winning)\n|l|\u2606Dan1eLG\n|player|p1|\n|l|\u2606mlbd1\n|player|p2|\n","uploadtime":1775137852,"views":15,"formatid":"gen9vgc2026regi","rating":1400,"private":0,"password":null}