{"id":"gen9vgc2026regi-2542726194","format":"[Gen 9] VGC 2026 Reg I","players":["johnkharkiv","fogdocker"],"log":"|j|\u203djohnkharkiv\n|j|\u2606fogdocker\n|t:|1771486532\n|gametype|doubles\n|player|p1|johnkharkiv|swimmerf-gen4dp|1271\n|player|p2|fogdocker|1|1500\n|gen|9\n|tier|[Gen 9] VGC 2026 Reg I\n|rated|\n|rule|Species Clause: Limit one of each Pok\u00e9mon\n|rule|Item Clause: Limit 1 of each item\n|clearpoke\n|poke|p1|Miraidon, L50|\n|poke|p1|Groudon, L50|\n|poke|p1|Tornadus, L50, M|\n|poke|p1|Charizard, L50, M|\n|poke|p1|Oranguru, L50, F|\n|poke|p1|Iron Valiant, L50|\n|poke|p2|Calyrex-Ice, L50|\n|poke|p2|Koraidon, L50|\n|poke|p2|Flutter Mane, L50|\n|poke|p2|Incineroar, L50, F|\n|poke|p2|Rillaboom, L50, M|\n|poke|p2|Volcarona, L50, F|\n|teampreview|4\n|inactive|Battle timer is ON: inactive players will automatically lose when time's up. (requested by johnkharkiv)\n|\n|t:|1771486599\n|teamsize|p1|4\n|teamsize|p2|4\n|start\n|switch|p1a: Iron Valiant|Iron Valiant, L50|100/100\n|switch|p1b: Groudon|Groudon, L50|100/100\n|switch|p2a: Calyrex|Calyrex-Ice, L50|100/100\n|switch|p2b: Rillaboom|Rillaboom, L50, M|100/100\n|-ability|p2a: Calyrex|As One\n|-ability|p2a: Calyrex|Unnerve\n|-weather|SunnyDay|[from] ability: Drought|[of] p1b: Groudon\n|-fieldstart|move: Grassy Terrain|[from] ability: Grassy Surge|[of] p2b: Rillaboom\n|turn|1\n|inactive|johnkharkiv has 30 seconds left.\n|\n|t:|1771486632\n|move|p1b: Groudon|Protect|p1b: Groudon\n|-singleturn|p1b: Groudon|Protect\n|move|p2b: Rillaboom|Fake Out|p1b: Groudon\n|-activate|p1b: Groudon|move: Protect\n|move|p1a: Iron Valiant|Encore|p2b: Rillaboom\n|-start|p2b: Rillaboom|Encore\n|move|p2a: Calyrex|Leech Seed|p1a: Iron Valiant\n|-start|p1a: Iron Valiant|move: Leech Seed\n|\n|-weather|SunnyDay|[upkeep]\n|-damage|p1a: Iron Valiant|88/100|[from] Leech Seed|[of] p2a: Calyrex\n|upkeep\n|turn|2\n|\n|t:|1771486650\n|switch|p2b: Volcarona|Volcarona, L50, F|100/100\n|move|p1a: Iron Valiant|Encore|p2a: Calyrex\n|-start|p2a: Calyrex|Encore\n|move|p1b: Groudon|Precipice Blades|p2a: Calyrex|[spread] p2a,p2b\n|-damage|p2a: Calyrex|74/100\n|-damage|p2b: Volcarona|58/100\n|move|p2a: Calyrex|Leech Seed|p1b: Groudon\n|-start|p1b: Groudon|move: Leech Seed\n|\n|-weather|SunnyDay|[upkeep]\n|-heal|p1a: Iron Valiant|94/100|[from] Grassy Terrain\n|-heal|p2b: Volcarona|64/100|[from] Grassy Terrain\n|-heal|p2a: Calyrex|80/100|[from] Grassy Terrain\n|-heal|p2a: Calyrex|86/100|[from] item: Leftovers\n|-damage|p1a: Iron Valiant|82/100|[from] Leech Seed|[of] p2a: Calyrex\n|-heal|p2a: Calyrex|95/100|[silent]\n|-damage|p1b: Groudon|88/100|[from] Leech Seed|[of] p2a: Calyrex\n|-heal|p2a: Calyrex|100/100|[silent]\n|upkeep\n|turn|3\n|\n|t:|1771486674\n|switch|p1b: Oranguru|Oranguru, L50, F, shiny|100/100\n|switch|p2a: Rillaboom|Rillaboom, L50, M|100/100\n|move|p1a: Iron Valiant|Spirit Break|p2b: Volcarona\n|-resisted|p2b: Volcarona\n|-damage|p2b: Volcarona|48/100\n|-unboost|p2b: Volcarona|spa|1\n|-damage|p1a: Iron Valiant|66/100|[from] item: Rocky Helmet|[of] p2b: Volcarona\n|move|p2b: Volcarona|Morning Sun|p2b: Volcarona\n|-heal|p2b: Volcarona|100/100\n|\n|-weather|SunnyDay|[upkeep]\n|-heal|p1a: Iron Valiant|72/100|[from] Grassy Terrain\n|-damage|p1a: Iron Valiant|60/100|[from] Leech Seed|[of] p2a: Rillaboom\n|upkeep\n|turn|4\n|inactive|johnkharkiv has 30 seconds left.\n|\n|t:|1771486702\n|switch|p2b: Calyrex|Calyrex-Ice, L50|100/100\n|-ability|p2b: Calyrex|As One\n|-ability|p2b: Calyrex|Unnerve\n|move|p1a: Iron Valiant|Encore||[still]\n|-fail|p1a: Iron Valiant\n|move|p2a: Rillaboom|U-turn|p1b: Oranguru\n|-supereffective|p1b: Oranguru\n|-damage|p1b: Oranguru|67/100\n|\n|t:|1771486721\n|switch|p2a: Volcarona|Volcarona, L50, F|100/100|[from] U-turn\n|move|p1b: Oranguru|Encore||[still]\n|-fail|p1b: Oranguru\n|\n|-weather|SunnyDay|[upkeep]\n|-heal|p1a: Iron Valiant|66/100|[from] Grassy Terrain\n|-heal|p1b: Oranguru|73/100|[from] Grassy Terrain\n|-damage|p1a: Iron Valiant|54/100|[from] Leech Seed|[of] p2a: Volcarona\n|upkeep\n|turn|5\n|\n|t:|1771486730\n|move|p1a: Iron Valiant|Spirit Break|p2a: Volcarona\n|-resisted|p2a: Volcarona\n|-damage|p2a: Volcarona|86/100\n|-unboost|p2a: Volcarona|spa|1\n|-damage|p1a: Iron Valiant|37/100|[from] item: Rocky Helmet|[of] p2a: Volcarona\n|move|p2a: Volcarona|Fiery Dance|p1a: Iron Valiant\n|-damage|p1a: Iron Valiant|0 fnt\n|-boost|p2a: Volcarona|spa|1\n|faint|p1a: Iron Valiant\n|-end|p1a: Iron Valiant|Quark Drive|[silent]\n|move|p1b: Oranguru|Foul Play|p2b: Calyrex\n|-supereffective|p2b: Calyrex\n|-damage|p2b: Calyrex|65/100\n|move|p2b: Calyrex|Glacial Lance|p1b: Oranguru\n|-damage|p1b: Oranguru|24/100\n|\n|-weather|none\n|-heal|p2a: Volcarona|93/100|[from] Grassy Terrain\n|-heal|p1b: Oranguru|30/100|[from] Grassy Terrain\n|-heal|p2b: Calyrex|71/100|[from] Grassy Terrain\n|-heal|p2b: Calyrex|76/100|[from] item: Leftovers\n|-fieldend|move: Grassy Terrain\n|upkeep\n|inactive|johnkharkiv has 30 seconds left.\n|inactive|johnkharkiv has 20 seconds left.\n|inactive|johnkharkiv has 15 seconds left.\n|\n|t:|1771486771\n|switch|p1a: Charizard|Charizard, L50, M, shiny|100/100\n|turn|6\n|\n|t:|1771486787\n|switch|p1b: Groudon|Groudon, L50|88/100\n|-weather|SunnyDay|[from] ability: Drought|[of] p1b: Groudon\n|-terastallize|p2b: Calyrex|Water\n|move|p1a: Charizard|Heat Wave|p2a: Volcarona|[spread] p2a,p2b\n|-resisted|p2b: Calyrex\n|-damage|p2a: Volcarona|32/100\n|-damage|p2b: Calyrex|55/100\n|move|p2a: Volcarona|Struggle Bug|p1a: Charizard|[spread] p1a,p1b\n|-resisted|p1a: Charizard\n|-damage|p1a: Charizard|95/100\n|-damage|p1b: Groudon|74/100\n|-unboost|p1a: Charizard|spa|1\n|move|p2b: Calyrex|Glacial Lance|p1b: Groudon|[spread] p1a,p1b\n|-supereffective|p1b: Groudon\n|-damage|p1a: Charizard|28/100\n|-damage|p1b: Groudon|3/100\n|\n|-weather|SunnyDay|[upkeep]\n|-damage|p1a: Charizard|16/100|[from] ability: Solar Power|[of] p1a: Charizard\n|-heal|p2b: Calyrex|60/100|[from] item: Leftovers\n|upkeep\n|turn|7\n|\n|t:|1771486807\n|switch|p1b: Oranguru|Oranguru, L50, F, shiny|30/100\n|move|p1a: Charizard|Solar Beam||[still]\n|-prepare|p1a: Charizard|Solar Beam\n|-anim|p1a: Charizard|Solar Beam|p2b: Calyrex\n|-supereffective|p2b: Calyrex\n|-damage|p2b: Calyrex|13/100\n|move|p2a: Volcarona|Struggle Bug|p1a: Charizard|[spread] p1a,p1b\n|-resisted|p1a: Charizard\n|-supereffective|p1b: Oranguru\n|-damage|p1a: Charizard|10/100\n|-damage|p1b: Oranguru|2/100\n|-unboost|p1a: Charizard|spa|1\n|-unboost|p1b: Oranguru|spa|1\n|move|p2b: Calyrex|Glacial Lance|p1a: Charizard|[spread] p1a,p1b\n|-damage|p1a: Charizard|0 fnt\n|-damage|p1b: Oranguru|0 fnt\n|faint|p1a: Charizard\n|faint|p1b: Oranguru\n|-ability|p2b: Calyrex|Chilling Neigh|boost\n|-boost|p2b: Calyrex|atk|2\n|\n|-weather|SunnyDay|[upkeep]\n|-heal|p2b: Calyrex|19/100|[from] item: Leftovers\n|upkeep\n|\n|t:|1771486815\n|switch|p1b: Groudon|Groudon, L50|3/100\n|turn|8\n|\n|t:|1771486822\n|move|p2a: Volcarona|Fiery Dance|p1b: Groudon\n|-damage|p1b: Groudon|0 fnt\n|-boost|p2a: Volcarona|spa|1\n|faint|p1b: Groudon\n|\n|win|fogdocker\n|raw|johnkharkiv's rating: 1271 &rarr; <strong>1260</strong><br />(-11 for losing)\n|raw|fogdocker's rating: 1500 &rarr; <strong>1508</strong><br />(+8 for winning)\n|l|\u203djohnkharkiv\n|player|p1|\n|l|\u2606fogdocker\n|player|p2|\n","uploadtime":1771487044,"views":18,"formatid":"gen9vgc2026regi","rating":1260,"private":0,"password":null}