{"id":"gen9vgc2026regi-2549198755","format":"[Gen 9] VGC 2026 Reg I","players":["MAV101X","b3testing"],"log":"|j|\u2606MAV101X\n|j|\u2606b3testing\n|t:|1772326893\n|gametype|doubles\n|player|p1|MAV101X|265|1259\n|player|p2|b3testing|170|1254\n|gen|9\n|tier|[Gen 9] VGC 2026 Reg I\n|rated|\n|rule|Species Clause: Limit one of each Pok\u00e9mon\n|rule|Item Clause: Limit 1 of each item\n|clearpoke\n|poke|p1|Tyranitar, L50, M|\n|poke|p1|Gastrodon, L50, F|\n|poke|p1|Sandaconda, L50, F|\n|poke|p1|Necrozma-Dusk-Mane, L50|\n|poke|p1|Eternatus, L50|\n|poke|p1|Bisharp, L50, F|\n|poke|p2|Terapagos, L50, M|\n|poke|p2|Calyrex-Shadow, L50|\n|poke|p2|Incineroar, L50, F|\n|poke|p2|Amoonguss, L50, F|\n|poke|p2|Tornadus, L50, M|\n|poke|p2|Smeargle, L50, M|\n|teampreview|4\n|inactive|Battle timer is ON: inactive players will automatically lose when time's up. (requested by b3testing)\n|\n|t:|1772326921\n|teamsize|p1|4\n|teamsize|p2|4\n|start\n|switch|p1a: Eternatus|Eternatus, L50|100/100\n|switch|p1b: Necrozma|Necrozma-Dusk-Mane, L50|100/100\n|switch|p2a: Smeargle|Smeargle, L50, M|100/100\n|switch|p2b: Terapagos|Terapagos, L50, M|100/100\n|-activate|p2b: Terapagos|ability: Tera Shift\n|detailschange|p2b: Terapagos|Terapagos-Terastal, L50, M\n|-heal|p2b: Terapagos|100/100|[silent]\n|-ability|p1a: Eternatus|Pressure\n|turn|1\n|inactive|MAV101X has 30 seconds left.\n|inactive|b3testing has 30 seconds left.\n|\n|t:|1772326953\n|-terastallize|p1a: Eternatus|Poison\n|-terastallize|p2b: Terapagos|Stellar\n|detailschange|p2b: Terapagos|Terapagos-Stellar, L50, M, tera:Stellar\n|-heal|p2b: Terapagos|100/100|[silent]\n|move|p1a: Eternatus|Sludge Wave|p2a: Smeargle|[spread] p2a,p2b\n|-immune|p1b: Necrozma\n|-enditem|p2a: Smeargle|Focus Sash\n|-damage|p2a: Smeargle|1/100\n|-damage|p2b: Terapagos|49/100\n|move|p2a: Smeargle|Decorate|p2b: Terapagos\n|-boost|p2b: Terapagos|atk|2\n|-boost|p2b: Terapagos|spa|2\n|move|p2b: Terapagos|Earth Power|p1a: Eternatus\n|-supereffective|p1a: Eternatus\n|-damage|p1a: Eternatus|0 fnt\n|faint|p1a: Eternatus\n|move|p1b: Necrozma|Sunsteel Strike|p2a: Smeargle\n|-damage|p2a: Smeargle|0 fnt\n|faint|p2a: Smeargle\n|\n|upkeep\n|\n|t:|1772326977\n|switch|p1a: Bisharp|Bisharp, L50, F|100/100\n|switch|p2a: Incineroar|Incineroar, L50, F|100/100\n|-ability|p2a: Incineroar|Intimidate|boost\n|-unboost|p1a: Bisharp|atk|1\n|-ability|p1a: Bisharp|Defiant|boost\n|-boost|p1a: Bisharp|atk|2\n|-fail|p1b: Necrozma|unboost|[from] item: Clear Amulet|[of] p1b: Necrozma\n|turn|2\n|\n|t:|1772326996\n|move|p2a: Incineroar|Fake Out|p1a: Bisharp\n|-resisted|p1a: Bisharp\n|-damage|p1a: Bisharp|95/100\n|cant|p1a: Bisharp|flinch\n|move|p2b: Terapagos|Tera Starstorm|p1b: Necrozma|[spread] p1a,p1b\n|-crit|p1b: Necrozma\n|-damage|p1a: Bisharp|19/100\n|-damage|p1b: Necrozma|14/100\n|move|p1b: Necrozma|Trick Room|p1b: Necrozma\n|-fieldstart|move: Trick Room|[of] p1b: Necrozma\n|\n|upkeep\n|turn|3\n|inactive|MAV101X has 30 seconds left.\n|inactive|MAV101X has 20 seconds left.\n|inactive|MAV101X has 15 seconds left.\n|inactive|MAV101X has 10 seconds left.\n|inactive|MAV101X has 5 seconds left.\n|\n|t:|1772327048\n|move|p2b: Terapagos|Protect|p2b: Terapagos\n|-singleturn|p2b: Terapagos|Protect\n|move|p1b: Necrozma|Sunsteel Strike|p2b: Terapagos\n|-activate|p2b: Terapagos|move: Protect\n|move|p2a: Incineroar|Flare Blitz|p1a: Bisharp\n|-supereffective|p1a: Bisharp\n|-damage|p1a: Bisharp|0 fnt\n|faint|p1a: Bisharp\n|-damage|p2a: Incineroar|96/100|[from] Recoil\n|\n|upkeep\n|\n|t:|1772327050\n|switch|p1a: Tyranitar|Tyranitar, L50, M|100/100\n|-weather|Sandstorm|[from] ability: Sand Stream|[of] p1a: Tyranitar\n|turn|4\n|inactive|b3testing has 30 seconds left.\n|\n|t:|1772327081\n|move|p1a: Tyranitar|Rock Slide|p2b: Terapagos|[spread] p2b\n|-miss|p1a: Tyranitar|p2a: Incineroar\n|-damage|p2b: Terapagos|17/100\n|move|p1b: Necrozma|Sunsteel Strike|p2b: Terapagos\n|-crit|p2b: Terapagos\n|-damage|p2b: Terapagos|0 fnt\n|faint|p2b: Terapagos\n|detailschange|p2: Terapagos|Terapagos, L50, M|[silent]\n|move|p2a: Incineroar|U-turn|p1a: Tyranitar\n|-supereffective|p1a: Tyranitar\n|-damage|p1a: Tyranitar|65/100\n|\n|t:|1772327087\n|switch|p2a: Calyrex|Calyrex-Shadow, L50|100/100|[from] U-turn\n|-ability|p2a: Calyrex|As One\n|-ability|p2a: Calyrex|Unnerve\n|\n|-weather|Sandstorm|[upkeep]\n|-damage|p2a: Calyrex|94/100|[from] Sandstorm\n|upkeep\n|\n|t:|1772327094\n|switch|p2b: Incineroar|Incineroar, L50, F|96/100\n|-ability|p2b: Incineroar|Intimidate|boost\n|-unboost|p1a: Tyranitar|atk|1\n|-fail|p1b: Necrozma|unboost|[from] item: Clear Amulet|[of] p1b: Necrozma\n|turn|5\n|\n|t:|1772327112\n|move|p2b: Incineroar|Fake Out|p1a: Tyranitar\n|-resisted|p1a: Tyranitar\n|-damage|p1a: Tyranitar|59/100\n|cant|p1a: Tyranitar|flinch\n|move|p1b: Necrozma|Sunsteel Strike|p2a: Calyrex\n|-damage|p2a: Calyrex|22/100\n|move|p2a: Calyrex|Astral Barrage|p1b: Necrozma|[spread] p1a,p1b\n|-resisted|p1a: Tyranitar\n|-supereffective|p1b: Necrozma\n|-damage|p1a: Tyranitar|35/100\n|-damage|p1b: Necrozma|0 fnt\n|faint|p1b: Necrozma\n|-ability|p2a: Calyrex|Grim Neigh|boost\n|-boost|p2a: Calyrex|spa|1\n|-damage|p2a: Calyrex|12/100|[from] item: Life Orb\n|\n|-weather|Sandstorm|[upkeep]\n|-damage|p2b: Incineroar|90/100|[from] Sandstorm\n|-damage|p2a: Calyrex|6/100|[from] Sandstorm\n|upkeep\n|turn|6\n|\n|t:|1772327136\n|move|p1a: Tyranitar|Rock Slide|p2b: Incineroar|[spread] p2a,p2b\n|-supereffective|p2b: Incineroar\n|-damage|p2a: Calyrex|0 fnt\n|-damage|p2b: Incineroar|36/100\n|faint|p2a: Calyrex\n|move|p2b: Incineroar|Knock Off|p1a: Tyranitar\n|-resisted|p1a: Tyranitar\n|-damage|p1a: Tyranitar|16/100\n|-enditem|p1a: Tyranitar|Choice Band|[from] move: Knock Off|[of] p2b: Incineroar\n|\n|-weather|Sandstorm|[upkeep]\n|-damage|p2b: Incineroar|30/100|[from] Sandstorm\n|-fieldend|move: Trick Room\n|upkeep\n|turn|7\n|\n|t:|1772327152\n|move|p2b: Incineroar|U-turn|p1a: Tyranitar\n|-supereffective|p1a: Tyranitar\n|-damage|p1a: Tyranitar|0 fnt\n|faint|p1a: Tyranitar\n|\n|win|b3testing\n|raw|MAV101X's rating: 1259 &rarr; <strong>1234</strong><br />(-25 for losing)\n|raw|b3testing's rating: 1254 &rarr; <strong>1279</strong><br />(+25 for winning)\n|l|\u2606b3testing\n|player|p2|\n|l|\u2606MAV101X\n|player|p1|\n","uploadtime":1772327356,"views":10,"formatid":"gen9vgc2026regi","rating":1234,"private":0,"password":null}