{"id":"gen9vgc2026regi-2561251829","format":"[Gen 9] VGC 2026 Reg I","players":["Mirthinion","MorrisPXG456"],"log":"|j|\u2606Mirthinion\n|j|\u2606MorrisPXG456\n|t:|1773777388\n|gametype|doubles\n|player|p1|Mirthinion|janitor|1439\n|player|p2|MorrisPXG456|colress|1408\n|gen|9\n|tier|[Gen 9] VGC 2026 Reg I\n|rated|\n|rule|Species Clause: Limit one of each Pok\u00e9mon\n|rule|Item Clause: Limit 1 of each item\n|clearpoke\n|poke|p1|Calyrex-Shadow, L50|\n|poke|p1|Zamazenta-*, L50|\n|poke|p1|Urshifu-*, L50, M|\n|poke|p1|Incineroar, L50, M|\n|poke|p1|Rillaboom, L50, M|\n|poke|p1|Tornadus, L50, M|\n|poke|p2|Terapagos, L50, M|\n|poke|p2|Zacian-*, L50|\n|poke|p2|Chi-Yu, L50|\n|poke|p2|Amoonguss, L50, F|\n|poke|p2|Whimsicott, L50, M|\n|poke|p2|Urshifu-*, L50, F|\n|teampreview|4\n|inactive|Battle timer is ON: inactive players will automatically lose when time's up. (requested by Mirthinion)\n|\n|t:|1773777402\n|teamsize|p1|4\n|teamsize|p2|4\n|start\n|switch|p1a: Vangwe|Tornadus, L50, M|100/100\n|switch|p1b: Beowulf|Urshifu-Rapid-Strike, L50, M|100/100\n|switch|p2a: Urshifu|Urshifu-Rapid-Strike, L50, F|100/100\n|switch|p2b: Whimsicott|Whimsicott, L50, M|100/100\n|turn|1\n|\n|t:|1773777422\n|-terastallize|p2a: Urshifu|Water\n|move|p2b: Whimsicott|Helping Hand|p2a: Urshifu\n|-singleturn|p2a: Urshifu|Helping Hand|[of] p2b: Whimsicott\n|move|p2a: Urshifu|Surging Strikes|p1a: Vangwe\n|-crit|p1a: Vangwe\n|-damage|p1a: Vangwe|41/100\n|-crit|p1a: Vangwe\n|-damage|p1a: Vangwe|0 fnt\n|faint|p1a: Vangwe\n|-hitcount|p1: Vangwe|2\n|move|p1b: Beowulf|U-turn|p2b: Whimsicott\n|-damage|p2b: Whimsicott|48/100\n|\n|t:|1773777436\n|switch|p1b: Drambor|Zamazenta-Crowned, L50|100/100|[from] U-turn\n|-ability|p1b: Drambor|Dauntless Shield|boost\n|-boost|p1b: Drambor|def|1\n|\n|upkeep\n|\n|t:|1773777453\n|switch|p1a: Wolfgang|Incineroar, L50, M|100/100\n|-ability|p1a: Wolfgang|Intimidate|boost\n|-unboost|p2a: Urshifu|atk|1\n|-unboost|p2b: Whimsicott|atk|1\n|turn|2\n|\n|t:|1773777469\n|switch|p2a: Zacian|Zacian-Crowned, L50|100/100\n|-ability|p2a: Zacian|Intrepid Sword|boost\n|-boost|p2a: Zacian|atk|1\n|move|p1a: Wolfgang|Fake Out|p2a: Zacian\n|-resisted|p2a: Zacian\n|-damage|p2a: Zacian|96/100\n|move|p2b: Whimsicott|Tailwind|p2b: Whimsicott\n|-sidestart|p2: MorrisPXG456|move: Tailwind\n|move|p1b: Drambor|Behemoth Bash|p2b: Whimsicott\n|-supereffective|p2b: Whimsicott\n|-damage|p2b: Whimsicott|0 fnt\n|faint|p2b: Whimsicott\n|\n|upkeep\n|j| sleemo2\n|\n|t:|1773777485\n|switch|p2b: Urshifu|Urshifu-Rapid-Strike, L50, F, tera:Water|100/100\n|turn|3\n|\n|t:|1773777497\n|switch|p1a: Beowulf|Urshifu-Rapid-Strike, L50, M|100/100\n|-terastallize|p1b: Drambor|Grass\n|move|p2b: Urshifu|Surging Strikes|p1a: Beowulf\n|-resisted|p1a: Beowulf\n|-crit|p1a: Beowulf\n|-damage|p1a: Beowulf|85/100\n|-resisted|p1a: Beowulf\n|-crit|p1a: Beowulf\n|-damage|p1a: Beowulf|69/100\n|-resisted|p1a: Beowulf\n|-crit|p1a: Beowulf\n|-damage|p1a: Beowulf|52/100\n|-hitcount|p1a: Beowulf|3\n|move|p2a: Zacian|Sacred Sword|p1b: Drambor\n|-damage|p1b: Drambor|68/100\n|move|p1b: Drambor|Body Press|p2a: Zacian\n|-damage|p2a: Zacian|44/100\n|\n|upkeep\n|turn|4\n|\n|t:|1773777520\n|switch|p2b: Chi-Yu|Chi-Yu, L50|100/100\n|-ability|p2b: Chi-Yu|Beads of Ruin\n|move|p2a: Zacian|Play Rough|p1a: Beowulf\n|-supereffective|p1a: Beowulf\n|-damage|p1a: Beowulf|0 fnt\n|faint|p1a: Beowulf\n|move|p1b: Drambor|Body Press|p2b: Chi-Yu\n|-supereffective|p2b: Chi-Yu\n|-damage|p2b: Chi-Yu|0 fnt\n|faint|p2b: Chi-Yu\n|\n|upkeep\n|\n|t:|1773777531\n|switch|p1a: Wolfgang|Incineroar, L50, M|100/100\n|switch|p2b: Urshifu|Urshifu-Rapid-Strike, L50, F, tera:Water|100/100\n|-ability|p1a: Wolfgang|Intimidate|boost\n|-unboost|p2a: Zacian|atk|1\n|-unboost|p2b: Urshifu|atk|1\n|turn|5\n|\n|t:|1773777549\n|move|p2a: Zacian|Protect|p2a: Zacian\n|-singleturn|p2a: Zacian|Protect\n|move|p1a: Wolfgang|Fake Out|p2b: Urshifu\n|-damage|p2b: Urshifu|91/100\n|cant|p2b: Urshifu|flinch\n|move|p1b: Drambor|Body Press|p2a: Zacian\n|-activate|p2a: Zacian|move: Protect\n|\n|-sideend|p2: MorrisPXG456|move: Tailwind\n|upkeep\n|turn|6\n|\n|t:|1773777572\n|move|p2b: Urshifu|Surging Strikes|p1a: Wolfgang\n|-supereffective|p1a: Wolfgang\n|-crit|p1a: Wolfgang\n|-damage|p1a: Wolfgang|45/100\n|-supereffective|p1a: Wolfgang\n|-crit|p1a: Wolfgang\n|-damage|p1a: Wolfgang|0 fnt\n|faint|p1a: Wolfgang\n|-hitcount|p1: Wolfgang|2\n|move|p2a: Zacian|Sacred Sword|p1b: Drambor\n|-damage|p1b: Drambor|46/100\n|move|p1b: Drambor|Body Press|p2a: Zacian\n|-damage|p2a: Zacian|0 fnt\n|faint|p2a: Zacian\n|\n|upkeep\n|turn|7\n|\n|t:|1773777586\n|move|p2b: Urshifu|Surging Strikes|p1b: Drambor\n|-resisted|p1b: Drambor\n|-crit|p1b: Drambor\n|-damage|p1b: Drambor|37/100\n|-resisted|p1b: Drambor\n|-crit|p1b: Drambor\n|-damage|p1b: Drambor|26/100\n|-resisted|p1b: Drambor\n|-crit|p1b: Drambor\n|-damage|p1b: Drambor|16/100\n|-hitcount|p1b: Drambor|3\n|move|p1b: Drambor|Body Press|p2b: Urshifu\n|-damage|p2b: Urshifu|26/100\n|\n|upkeep\n|turn|8\n|\n|t:|1773777598\n|move|p2b: Urshifu|Surging Strikes|p1b: Drambor\n|-resisted|p1b: Drambor\n|-crit|p1b: Drambor\n|-damage|p1b: Drambor|6/100\n|-resisted|p1b: Drambor\n|-crit|p1b: Drambor\n|-damage|p1b: Drambor|0 fnt\n|faint|p1b: Drambor\n|-hitcount|p1: Drambor|2\n|\n|win|MorrisPXG456\n|raw|Mirthinion's rating: 1439 &rarr; <strong>1417</strong><br />(-22 for losing)\n|raw|MorrisPXG456's rating: 1408 &rarr; <strong>1430</strong><br />(+22 for winning)\n","uploadtime":1773777614,"views":86,"formatid":"gen9vgc2026regi","rating":1417,"private":0,"password":null}