{"id":"gen9vgc2026regi-2566574815","format":"[Gen 9] VGC 2026 Reg I","players":["ArisHazard","disciple of blahaj"],"log":"|j|\u2606ArisHazard\n|j|\u2606disciple of blahaj\n|t:|1774387534\n|gametype|doubles\n|player|p1|ArisHazard|169|1402\n|player|p2|disciple of blahaj|mina-lgpe|1303\n|gen|9\n|tier|[Gen 9] VGC 2026 Reg I\n|rated|\n|rule|Species Clause: Limit one of each Pok\u00e9mon\n|rule|Item Clause: Limit 1 of each item\n|clearpoke\n|poke|p1|Calyrex-Ice, L50|\n|poke|p1|Hitmontop, L50, M|\n|poke|p1|Miraidon, L50|\n|poke|p1|Sableye, L50, F|\n|poke|p1|Ting-Lu, L50|\n|poke|p1|Volcarona, L50, M|\n|poke|p2|Terapagos, L50, M|\n|poke|p2|Rillaboom, L50, F|\n|poke|p2|Lunala, L50|\n|poke|p2|Raging Bolt, L50|\n|poke|p2|Chi-Yu, L50|\n|poke|p2|Grimmsnarl, L50, M|\n|teampreview|4\n|inactive|Battle timer is ON: inactive players will automatically lose when time's up. (requested by ArisHazard)\n|\n|t:|1774387560\n|teamsize|p1|4\n|teamsize|p2|4\n|start\n|switch|p1a: Calyrex|Calyrex-Ice, L50|100/100\n|switch|p1b: Miraidon|Miraidon, L50|100/100\n|switch|p2a: Stellar|Terapagos, L50, M|100/100\n|switch|p2b: Rillaboom|Rillaboom, L50, F|100/100\n|-activate|p2a: Stellar|ability: Tera Shift\n|detailschange|p2a: Stellar|Terapagos-Terastal, L50, M\n|-heal|p2a: Stellar|100/100|[silent]\n|-ability|p1a: Calyrex|As One\n|-ability|p1a: Calyrex|Unnerve\n|-fieldstart|move: Electric Terrain|[from] ability: Hadron Engine|[of] p1b: Miraidon\n|-fieldstart|move: Grassy Terrain|[from] ability: Grassy Surge|[of] p2b: Rillaboom\n|turn|1\n|\n|t:|1774387579\n|switch|p1a: Sableye|Sableye, L50, F|100/100\n|move|p2b: Rillaboom|Fake Out|p1a: Sableye\n|-immune|p1a: Sableye\n|move|p1b: Miraidon|Snarl|p2a: Stellar|[spread] p2a,p2b\n|-activate|p2a: Stellar|ability: Tera Shell\n|-resisted|p2a: Stellar\n|-damage|p2a: Stellar|94/100\n|-damage|p2b: Rillaboom|85/100\n|-unboost|p2a: Stellar|spa|1\n|-unboost|p2b: Rillaboom|spa|1\n|move|p2a: Stellar|Calm Mind|p2a: Stellar\n|-boost|p2a: Stellar|spa|1\n|-boost|p2a: Stellar|spd|1\n|\n|-heal|p2b: Rillaboom|91/100|[from] Grassy Terrain\n|-heal|p2a: Stellar|99/100|[from] Grassy Terrain\n|-heal|p2a: Stellar|100/100|[from] item: Leftovers\n|upkeep\n|turn|2\n|\n|t:|1774387599\n|move|p1a: Sableye|Encore|p2a: Stellar\n|-start|p2a: Stellar|Encore\n|move|p1b: Miraidon|Volt Switch|p2b: Rillaboom\n|-resisted|p2b: Rillaboom\n|-damage|p2b: Rillaboom|73/100\n|\n|t:|1774387605\n|switch|p1b: Calyrex|Calyrex-Ice, L50|100/100|[from] Volt Switch\n|-ability|p1b: Calyrex|As One\n|-ability|p1b: Calyrex|Unnerve\n|move|p2b: Rillaboom|Wood Hammer|p1a: Sableye\n|-damage|p1a: Sableye|0 fnt\n|faint|p1a: Sableye\n|-damage|p2b: Rillaboom|47/100|[from] Recoil\n|move|p2a: Stellar|Calm Mind|p2a: Stellar\n|-boost|p2a: Stellar|spa|1\n|-boost|p2a: Stellar|spd|1\n|\n|-heal|p2b: Rillaboom|53/100|[from] Grassy Terrain\n|upkeep\n|\n|t:|1774387622\n|switch|p1a: Miraidon|Miraidon, L50|100/100\n|-fieldstart|move: Electric Terrain|[from] ability: Hadron Engine|[of] p1a: Miraidon\n|turn|3\n|\n|t:|1774387637\n|switch|p2b: Lunala|Lunala, L50|100/100\n|move|p1a: Miraidon|Snarl|p2a: Stellar|[spread] p2a,p2b\n|-activate|p2a: Stellar|ability: Tera Shell\n|-resisted|p2a: Stellar\n|-supereffective|p2b: Lunala\n|-damage|p2a: Stellar|96/100\n|-damage|p2b: Lunala|73/100\n|-unboost|p2a: Stellar|spa|1\n|-unboost|p2b: Lunala|spa|1\n|move|p2a: Stellar|Calm Mind|p2a: Stellar\n|-boost|p2a: Stellar|spa|1\n|-boost|p2a: Stellar|spd|1\n|move|p1b: Calyrex|Glacial Lance|p2a: Stellar|[spread] p2a,p2b\n|-damage|p2a: Stellar|46/100\n|-damage|p2b: Lunala|22/100\n|\n|-heal|p2a: Stellar|52/100|[from] item: Leftovers\n|upkeep\n|turn|4\n|\n|t:|1774387656\n|-terastallize|p2a: Stellar|Stellar\n|detailschange|p2a: Stellar|Terapagos-Stellar, L50, M, tera:Stellar\n|-heal|p2a: Stellar|64/100|[silent]\n|-ability|p2a: Stellar|Teraform Zero\n|-fieldend|move: Electric Terrain\n|move|p2b: Lunala|Wide Guard|p2b: Lunala\n|-singleturn|p2b: Lunala|Wide Guard\n|move|p1a: Miraidon|Electro Drift|p2a: Stellar\n|-damage|p2a: Stellar|49/100\n|move|p2a: Stellar|Calm Mind|p2a: Stellar\n|-boost|p2a: Stellar|spa|1\n|-boost|p2a: Stellar|spd|1\n|move|p1b: Calyrex|Stomping Tantrum|p2a: Stellar\n|-damage|p2a: Stellar|29/100\n|\n|-heal|p2a: Stellar|35/100|[from] item: Leftovers\n|-end|p2a: Stellar|Encore\n|upkeep\n|turn|5\n|\n|t:|1774387679\n|switch|p2b: Rillaboom|Rillaboom, L50, F|53/100\n|-fieldstart|move: Grassy Terrain|[from] ability: Grassy Surge|[of] p2b: Rillaboom\n|move|p2a: Stellar|Protect|p2a: Stellar\n|-singleturn|p2a: Stellar|Protect\n|move|p1a: Miraidon|Volt Switch|p2a: Stellar\n|-activate|p2a: Stellar|move: Protect\n|move|p1b: Calyrex|Trick Room|p1b: Calyrex\n|-fieldstart|move: Trick Room|[of] p1b: Calyrex\n|\n|-heal|p2a: Stellar|41/100|[from] Grassy Terrain\n|-heal|p2a: Stellar|47/100|[from] item: Leftovers\n|-heal|p2b: Rillaboom|59/100|[from] Grassy Terrain\n|upkeep\n|turn|6\n|\n|t:|1774387697\n|move|p1b: Calyrex|Protect|p1b: Calyrex\n|-singleturn|p1b: Calyrex|Protect\n|move|p2b: Rillaboom|Fake Out|p1b: Calyrex\n|-activate|p1b: Calyrex|move: Protect\n|move|p2a: Stellar|Tera Starstorm|p1b: Calyrex|[spread] p1a\n|-activate|p1b: Calyrex|move: Protect\n|-damage|p1a: Miraidon|52/100\n|move|p1a: Miraidon|Snarl|p2b: Rillaboom|[spread] p2b\n|-miss|p1a: Miraidon|p2a: Stellar\n|-damage|p2b: Rillaboom|42/100\n|-unboost|p2b: Rillaboom|spa|1\n|\n|-heal|p2a: Stellar|53/100|[from] Grassy Terrain\n|-heal|p2a: Stellar|60/100|[from] item: Leftovers\n|-heal|p2b: Rillaboom|48/100|[from] Grassy Terrain\n|-heal|p1a: Miraidon|58/100|[from] Grassy Terrain\n|upkeep\n|turn|7\n|\n|t:|1774387717\n|switch|p2b: Chi-Yu|Chi-Yu, L50|100/100\n|-ability|p2b: Chi-Yu|Beads of Ruin\n|switch|p1a: Ting-Lu|Ting-Lu, L50|100/100\n|-ability|p1a: Ting-Lu|Vessel of Ruin\n|move|p2a: Stellar|Protect|p2a: Stellar\n|-singleturn|p2a: Stellar|Protect\n|move|p1b: Calyrex|Glacial Lance|p2b: Chi-Yu|[spread] p2b\n|-activate|p2a: Stellar|move: Protect\n|-resisted|p2b: Chi-Yu\n|-damage|p2b: Chi-Yu|54/100\n|\n|-heal|p2a: Stellar|66/100|[from] Grassy Terrain\n|-heal|p2a: Stellar|72/100|[from] item: Leftovers\n|-heal|p2b: Chi-Yu|60/100|[from] Grassy Terrain\n|upkeep\n|turn|8\n|\n|t:|1774387742\n|move|p1b: Calyrex|Glacial Lance|p2a: Stellar|[spread] p2a,p2b\n|-crit|p2a: Stellar\n|-resisted|p2b: Chi-Yu\n|-damage|p2a: Stellar|20/100\n|-damage|p2b: Chi-Yu|14/100\n|move|p1a: Ting-Lu|Ruination|p2a: Stellar\n|-damage|p2a: Stellar|10/100\n|move|p2a: Stellar|Tera Starstorm|p1b: Calyrex|[spread] p1a,p1b\n|-damage|p1a: Ting-Lu|48/100\n|-damage|p1b: Calyrex|51/100\n|move|p2b: Chi-Yu|Snarl|p1a: Ting-Lu|[spread] p1a,p1b\n|-resisted|p1a: Ting-Lu\n|-supereffective|p1b: Calyrex\n|-damage|p1a: Ting-Lu|40/100\n|-damage|p1b: Calyrex|17/100\n|-unboost|p1a: Ting-Lu|spa|1\n|\n|-heal|p1b: Calyrex|23/100|[from] Grassy Terrain\n|-heal|p1a: Ting-Lu|46/100|[from] Grassy Terrain\n|-heal|p2a: Stellar|16/100|[from] Grassy Terrain\n|-heal|p2a: Stellar|23/100|[from] item: Leftovers\n|-heal|p2b: Chi-Yu|20/100|[from] Grassy Terrain\n|upkeep\n|turn|9\n|\n|t:|1774387765\n|switch|p1a: Miraidon|Miraidon, L50|58/100\n|-fieldstart|move: Electric Terrain|[from] ability: Hadron Engine|[of] p1a: Miraidon\n|move|p2a: Stellar|Protect|p2a: Stellar\n|-singleturn|p2a: Stellar|Protect\n|move|p1b: Calyrex|Glacial Lance|p2b: Chi-Yu|[spread] p2b\n|-activate|p2a: Stellar|move: Protect\n|-resisted|p2b: Chi-Yu\n|-damage|p2b: Chi-Yu|0 fnt\n|faint|p2b: Chi-Yu\n|-ability|p1b: Calyrex|Chilling Neigh|boost\n|-boost|p1b: Calyrex|atk|1\n|\n|-heal|p2a: Stellar|29/100|[from] item: Leftovers\n|-fieldend|move: Trick Room\n|upkeep\n|\n|t:|1774387769\n|switch|p2b: Rillaboom|Rillaboom, L50, F|48/100\n|-fieldstart|move: Grassy Terrain|[from] ability: Grassy Surge|[of] p2b: Rillaboom\n|turn|10\n|\n|t:|1774387784\n|move|p1b: Calyrex|Protect|p1b: Calyrex\n|-singleturn|p1b: Calyrex|Protect\n|move|p2b: Rillaboom|Fake Out|p1a: Miraidon\n|-damage|p1a: Miraidon|47/100\n|cant|p1a: Miraidon|flinch\n|move|p2a: Stellar|Tera Starstorm|p1a: Miraidon|[spread] p1a\n|-activate|p1b: Calyrex|move: Protect\n|-damage|p1a: Miraidon|3/100\n|\n|-heal|p1a: Miraidon|9/100|[from] Grassy Terrain\n|-heal|p2b: Rillaboom|54/100|[from] Grassy Terrain\n|-heal|p2a: Stellar|35/100|[from] Grassy Terrain\n|-heal|p2a: Stellar|41/100|[from] item: Leftovers\n|-heal|p1b: Calyrex|29/100|[from] Grassy Terrain\n|upkeep\n|turn|11\n|\n|t:|1774387802\n|switch|p2b: Lunala|Lunala, L50|22/100\n|-enditem|p2b: Lunala|Grassy Seed\n|-boost|p2b: Lunala|def|1|[from] item: Grassy Seed\n|move|p1a: Miraidon|Snarl|p2b: Lunala|[spread] p2a,p2b\n|-crit|p2a: Stellar\n|-supereffective|p2b: Lunala\n|-damage|p2a: Stellar|25/100\n|-damage|p2b: Lunala|0 fnt\n|-unboost|p2a: Stellar|spa|1\n|faint|p2b: Lunala\n|move|p2a: Stellar|Tera Starstorm|p1a: Miraidon|[spread] p1a,p1b\n|-damage|p1a: Miraidon|0 fnt\n|-damage|p1b: Calyrex|0 fnt\n|faint|p1a: Miraidon\n|faint|p1b: Calyrex\n|\n|-heal|p2a: Stellar|32/100|[from] Grassy Terrain\n|-heal|p2a: Stellar|38/100|[from] item: Leftovers\n|upkeep\n|-message|ArisHazard forfeited.\n|\n|win|disciple of blahaj\n|raw|ArisHazard's rating: 1402 &rarr; <strong>1376</strong><br />(-26 for losing)\n|raw|disciple of blahaj's rating: 1303 &rarr; <strong>1329</strong><br />(+26 for winning)\n|l|\u2606ArisHazard\n|player|p1|\n","uploadtime":1774387828,"views":14,"formatid":"gen9vgc2026regi","rating":1329,"private":0,"password":null}