{"id":"gen9vgc2026regi-2526785080","format":"[Gen 9] VGC 2026 Reg I","players":["pzyxhic","Johten"],"log":"|j|\u2606pzyxhic\n|j|\u2606Johten\n|t:|1769457225\n|gametype|doubles\n|player|p1|pzyxhic|2|1206\n|player|p2|Johten|veteran|1221\n|gen|9\n|tier|[Gen 9] VGC 2026 Reg I\n|rated|\n|rule|Species Clause: Limit one of each Pok\u00e9mon\n|rule|Item Clause: Limit 1 of each item\n|clearpoke\n|poke|p1|Calyrex-Shadow, L50|\n|poke|p1|Incineroar, L50, F|\n|poke|p1|Whimsicott, L50, F|\n|poke|p1|Urshifu-*, L50, F|\n|poke|p1|Farigiraf, L50, F|\n|poke|p1|Dialga-Origin, L50|\n|poke|p2|Rayquaza, L50|\n|poke|p2|Terapagos, L50, M|\n|poke|p2|Gouging Fire, L50|\n|poke|p2|Scraggy, L50, M|\n|poke|p2|Rillaboom, L50, F|\n|poke|p2|Volcarona, L50, F|\n|teampreview|4\n|inactive|Battle timer is ON: inactive players will automatically lose when time's up. (requested by Johten)\n|inactive|Johten has 60 seconds left.\n|\n|t:|1769457270\n|teamsize|p1|4\n|teamsize|p2|4\n|start\n|switch|p1a: Calyrex|Calyrex-Shadow, L50|100/100\n|switch|p1b: Incineroar|Incineroar, L50, F|100/100\n|switch|p2a: Terapagos|Terapagos, L50, M|100/100\n|switch|p2b: Rillaboom|Rillaboom, L50, F|100/100\n|-activate|p2a: Terapagos|ability: Tera Shift\n|detailschange|p2a: Terapagos|Terapagos-Terastal, L50, M\n|-heal|p2a: Terapagos|100/100|[silent]\n|-ability|p1a: Calyrex|As One\n|-ability|p1a: Calyrex|Unnerve\n|-fieldstart|move: Grassy Terrain|[from] ability: Grassy Surge|[of] p2b: Rillaboom\n|-ability|p1b: Incineroar|Intimidate|boost\n|-unboost|p2a: Terapagos|atk|1\n|-unboost|p2b: Rillaboom|atk|1\n|turn|1\n|inactive|pzyxhic has 30 seconds left.\n|\n|t:|1769457295\n|move|p2a: Terapagos|Protect|p2a: Terapagos\n|-singleturn|p2a: Terapagos|Protect\n|move|p1b: Incineroar|Fake Out|p2a: Terapagos\n|-activate|p2a: Terapagos|move: Protect\n|move|p1a: Calyrex|Trick|p2a: Terapagos\n|-activate|p2a: Terapagos|move: Protect\n|move|p2b: Rillaboom|U-turn|p1a: Calyrex\n|-damage|p1a: Calyrex|84/100\n|\n|t:|1769457309\n|switch|p2b: Volcarona|Volcarona, L50, F|100/100|[from] U-turn\n|-enditem|p2b: Volcarona|Grassy Seed\n|-boost|p2b: Volcarona|def|1|[from] item: Grassy Seed\n|\n|-heal|p1a: Calyrex|90/100|[from] Grassy Terrain\n|upkeep\n|turn|2\n|\n|t:|1769457323\n|switch|p1a: Whimsicott|Whimsicott, L50, F|100/100\n|switch|p2a: Rillaboom|Rillaboom, L50, F|100/100\n|move|p2b: Volcarona|Quiver Dance|p2b: Volcarona\n|-boost|p2b: Volcarona|spa|1\n|-boost|p2b: Volcarona|spd|1\n|-boost|p2b: Volcarona|spe|1\n|move|p1b: Incineroar|U-turn|p2a: Rillaboom\n|-supereffective|p2a: Rillaboom\n|-damage|p2a: Rillaboom|62/100\n|\n|t:|1769457336\n|switch|p1b: Calyrex|Calyrex-Shadow, L50|90/100|[from] U-turn\n|-ability|p1b: Calyrex|As One\n|-ability|p1b: Calyrex|Unnerve\n|\n|-heal|p1b: Calyrex|96/100|[from] Grassy Terrain\n|-heal|p2a: Rillaboom|68/100|[from] Grassy Terrain\n|upkeep\n|turn|3\n|inactive|pzyxhic has 30 seconds left.\n|\n|t:|1769457363\n|move|p2b: Volcarona|Protect|p2b: Volcarona\n|-singleturn|p2b: Volcarona|Protect\n|move|p1a: Whimsicott|Encore|p2b: Volcarona\n|-activate|p2b: Volcarona|move: Protect\n|move|p1b: Calyrex|Astral Barrage|p2b: Volcarona|[spread] p2a\n|-activate|p2b: Volcarona|move: Protect\n|-damage|p2a: Rillaboom|33/100\n|move|p2a: Rillaboom|U-turn|p1a: Whimsicott\n|-damage|p1a: Whimsicott|77/100\n|\n|t:|1769457374\n|switch|p2a: Scraggy|Scraggy, L50, M|100/100|[from] U-turn\n|-ability|p2a: Scraggy|Intimidate|boost\n|-unboost|p1a: Whimsicott|atk|1\n|-unboost|p1b: Calyrex|atk|1\n|\n|-heal|p1b: Calyrex|100/100|[from] Grassy Terrain\n|-heal|p1a: Whimsicott|83/100|[from] Grassy Terrain\n|upkeep\n|turn|4\n|\n|t:|1769457396\n|switch|p1b: Incineroar|Incineroar, L50, F|100/100\n|-ability|p1b: Incineroar|Intimidate|boost\n|-unboost|p2a: Scraggy|atk|1\n|-unboost|p2b: Volcarona|atk|1\n|move|p2a: Scraggy|Quick Guard|p2a: Scraggy\n|-singleturn|p2a: Scraggy|Quick Guard\n|move|p1a: Whimsicott|Encore|p2b: Volcarona\n|-activate|p2b: Volcarona|move: Quick Guard\n|move|p2b: Volcarona|Heat Wave|p1a: Whimsicott|[spread] p1a,p1b\n|-supereffective|p1a: Whimsicott\n|-resisted|p1b: Incineroar\n|-damage|p1a: Whimsicott|0 fnt\n|-damage|p1b: Incineroar|87/100\n|faint|p1a: Whimsicott\n|\n|-heal|p1b: Incineroar|93/100|[from] Grassy Terrain\n|upkeep\n|\n|t:|1769457413\n|switch|p1a: Calyrex|Calyrex-Shadow, L50|100/100\n|-ability|p1a: Calyrex|As One\n|-ability|p1a: Calyrex|Unnerve\n|turn|5\n|\n|t:|1769457436\n|move|p2b: Volcarona|Protect|p2b: Volcarona\n|-singleturn|p2b: Volcarona|Protect\n|move|p1a: Calyrex|Pollen Puff|p2a: Scraggy\n|-damage|p2a: Scraggy|62/100\n|move|p1b: Incineroar|Knock Off|p2b: Volcarona\n|-activate|p2b: Volcarona|move: Protect\n|move|p2a: Scraggy|Foul Play|p1a: Calyrex\n|-supereffective|p1a: Calyrex\n|-damage|p1a: Calyrex|4/100\n|\n|-heal|p1a: Calyrex|10/100|[from] Grassy Terrain\n|-heal|p1b: Incineroar|99/100|[from] Grassy Terrain\n|-heal|p2a: Scraggy|68/100|[from] Grassy Terrain\n|-fieldend|move: Grassy Terrain\n|upkeep\n|turn|6\n|inactive|pzyxhic has 30 seconds left.\n|inactive|Johten has 30 seconds left.\n|\n|t:|1769457468\n|switch|p1a: Dialga|Dialga-Origin, L50|100/100\n|-ability|p1a: Dialga|Pressure\n|switch|p2a: Rillaboom|Rillaboom, L50, F|33/100\n|-fieldstart|move: Grassy Terrain|[from] ability: Grassy Surge|[of] p2a: Rillaboom\n|move|p2b: Volcarona|Heat Wave|p1a: Dialga|[spread] p1a,p1b\n|-resisted|p1b: Incineroar\n|-damage|p1a: Dialga|64/100\n|-damage|p1b: Incineroar|84/100\n|move|p1b: Incineroar|Knock Off|p2b: Volcarona\n|-damage|p2b: Volcarona|77/100\n|\n|-heal|p2b: Volcarona|83/100|[from] Grassy Terrain\n|-heal|p1a: Dialga|70/100|[from] Grassy Terrain\n|-heal|p2a: Rillaboom|39/100|[from] Grassy Terrain\n|-heal|p1b: Incineroar|90/100|[from] Grassy Terrain\n|upkeep\n|turn|7\n|inactive|pzyxhic has 30 seconds left.\n|\n|t:|1769457499\n|move|p1a: Dialga|Protect|p1a: Dialga\n|-singleturn|p1a: Dialga|Protect\n|move|p2a: Rillaboom|Fake Out|p1a: Dialga\n|-activate|p1a: Dialga|move: Protect\n|move|p2b: Volcarona|Quiver Dance|p2b: Volcarona\n|-boost|p2b: Volcarona|spa|1\n|-boost|p2b: Volcarona|spd|1\n|-boost|p2b: Volcarona|spe|1\n|move|p1b: Incineroar|Knock Off|p2a: Rillaboom\n|-damage|p2a: Rillaboom|0 fnt\n|-enditem|p2a: Rillaboom|Assault Vest|[from] move: Knock Off|[of] p1b: Incineroar\n|faint|p2a: Rillaboom\n|\n|-heal|p2b: Volcarona|90/100|[from] Grassy Terrain\n|-heal|p1a: Dialga|75/100|[from] Grassy Terrain\n|-heal|p1b: Incineroar|96/100|[from] Grassy Terrain\n|upkeep\n|\n|t:|1769457513\n|switch|p2a: Scraggy|Scraggy, L50, M|68/100\n|-ability|p2a: Scraggy|Intimidate|boost\n|-unboost|p1a: Dialga|atk|1\n|-unboost|p1b: Incineroar|atk|1\n|turn|8\n|\n|t:|1769457537\n|move|p2b: Volcarona|Heat Wave|p1b: Incineroar|[spread] p1a,p1b\n|-resisted|p1b: Incineroar\n|-crit|p1b: Incineroar\n|-damage|p1a: Dialga|25/100\n|-damage|p1b: Incineroar|69/100\n|move|p1a: Dialga|Draco Meteor|p2a: Scraggy\n|-damage|p2a: Scraggy|0 fnt\n|-unboost|p1a: Dialga|spa|2\n|faint|p2a: Scraggy\n|move|p1b: Incineroar|Flare Blitz|p2b: Volcarona\n|-crit|p2b: Volcarona\n|-damage|p2b: Volcarona|0 fnt\n|faint|p2b: Volcarona\n|-damage|p1b: Incineroar|41/100|[from] Recoil\n|\n|-heal|p1a: Dialga|30/100|[from] Grassy Terrain\n|-heal|p1b: Incineroar|47/100|[from] Grassy Terrain\n|upkeep\n|\n|t:|1769457552\n|switch|p2a: Terapagos|Terapagos-Terastal, L50, M|100/100\n|turn|9\n|\n|t:|1769457569\n|move|p1a: Dialga|Flash Cannon|p2a: Terapagos\n|-activate|p2a: Terapagos|ability: Tera Shell\n|-resisted|p2a: Terapagos\n|-damage|p2a: Terapagos|87/100\n|move|p2a: Terapagos|Calm Mind|p2a: Terapagos\n|-boost|p2a: Terapagos|spa|1\n|-boost|p2a: Terapagos|spd|1\n|move|p1b: Incineroar|U-turn|p2a: Terapagos\n|-damage|p2a: Terapagos|78/100\n|\n|t:|1769457578\n|switch|p1b: Calyrex|Calyrex-Shadow, L50|10/100|[from] U-turn\n|-ability|p1b: Calyrex|As One\n|-ability|p1b: Calyrex|Unnerve\n|\n|-heal|p1b: Calyrex|16/100|[from] Grassy Terrain\n|-heal|p1a: Dialga|36/100|[from] Grassy Terrain\n|-heal|p2a: Terapagos|84/100|[from] Grassy Terrain\n|-heal|p2a: Terapagos|90/100|[from] item: Leftovers\n|upkeep\n|turn|10\n|\n|t:|1769457600\n|switch|p1a: Incineroar|Incineroar, L50, F|47/100\n|-ability|p1a: Incineroar|Intimidate|boost\n|-unboost|p2a: Terapagos|atk|1\n|-terastallize|p2a: Terapagos|Stellar\n|detailschange|p2a: Terapagos|Terapagos-Stellar, L50, M, tera:Stellar\n|-heal|p2a: Terapagos|93/100|[silent]\n|-ability|p2a: Terapagos|Teraform Zero\n|-fieldend|move: Grassy Terrain\n|move|p1b: Calyrex|Pollen Puff|p1a: Incineroar\n|-heal|p1a: Incineroar|97/100\n|move|p2a: Terapagos|Tera Starstorm|p1a: Incineroar|[spread] p1a,p1b\n|-damage|p1a: Incineroar|66/100\n|-damage|p1b: Calyrex|0 fnt\n|faint|p1b: Calyrex\n|\n|-heal|p2a: Terapagos|99/100|[from] item: Leftovers\n|upkeep\n|\n|t:|1769457620\n|switch|p1b: Dialga|Dialga-Origin, L50|36/100\n|-ability|p1b: Dialga|Pressure\n|turn|11\n|\n|t:|1769457633\n|move|p2a: Terapagos|Protect|p2a: Terapagos\n|-singleturn|p2a: Terapagos|Protect\n|move|p1a: Incineroar|Fake Out|p2a: Terapagos\n|-activate|p2a: Terapagos|move: Protect\n|move|p1b: Dialga|Flash Cannon|p2a: Terapagos\n|-activate|p2a: Terapagos|move: Protect\n|\n|-heal|p2a: Terapagos|100/100|[from] item: Leftovers\n|upkeep\n|turn|12\n|\n|t:|1769457653\n|move|p1b: Dialga|Draco Meteor|p2a: Terapagos\n|-damage|p2a: Terapagos|61/100\n|-unboost|p1b: Dialga|spa|2\n|move|p2a: Terapagos|Tera Starstorm|p1a: Incineroar|[spread] p1a,p1b\n|-damage|p1a: Incineroar|33/100\n|-damage|p1b: Dialga|0 fnt\n|faint|p1b: Dialga\n|move|p1a: Incineroar|Knock Off|p2a: Terapagos\n|-damage|p2a: Terapagos|41/100\n|-enditem|p2a: Terapagos|Leftovers|[from] move: Knock Off|[of] p1a: Incineroar\n|\n|upkeep\n|turn|13\n|\n|t:|1769457668\n|move|p2a: Terapagos|Tera Starstorm|p1a: Incineroar\n|-damage|p1a: Incineroar|0 fnt\n|faint|p1a: Incineroar\n|\n|win|Johten\n|raw|pzyxhic's rating: 1206 &rarr; <strong>1182</strong><br />(-24 for losing)\n|raw|Johten's rating: 1221 &rarr; <strong>1245</strong><br />(+24 for winning)\n|l|\u2606pzyxhic\n|player|p1|\n|l|\u2606Johten\n|player|p2|\n","uploadtime":1769457679,"views":13,"formatid":"gen9vgc2026regi","rating":1182,"private":0,"password":null}