{"id":"gen9vgc2026regi-2564630977","format":"[Gen 9] VGC 2026 Reg I","players":["dasabe\u76d6\u6b27\u5361\u4fa0","randomcatFFR"],"log":"|j|\u2606dasabe\u76d6\u6b27\u5361\u4fa0\n|j|\u2606randomcatFFR\n|t:|1774177876\n|gametype|doubles\n|player|p1|dasabe\u76d6\u6b27\u5361\u4fa0|may-masters4|1459\n|player|p2|randomcatFFR|bugcatcher-gen4dp|1437\n|gen|9\n|tier|[Gen 9] VGC 2026 Reg I\n|rated|\n|rule|Species Clause: Limit one of each Pok\u00e9mon\n|rule|Item Clause: Limit 1 of each item\n|clearpoke\n|poke|p1|Calyrex-Shadow, L50|\n|poke|p1|Koraidon, L50|\n|poke|p1|Chi-Yu, L50|\n|poke|p1|Tornadus, L50, M|\n|poke|p1|Indeedee-F, L50, F|\n|poke|p1|Smeargle, L50, F|\n|poke|p2|Terapagos, L50, M|\n|poke|p2|Koraidon, L50|\n|poke|p2|Flutter Mane, L50|\n|poke|p2|Incineroar, L50, F|\n|poke|p2|Rillaboom, L50, F|\n|poke|p2|Ogerpon-Wellspring, L50, F|\n|teampreview|4\n|\n|t:|1774177956\n|teamsize|p1|4\n|teamsize|p2|4\n|start\n|switch|p1a: \u9a6c\u6b7b\u4e86|Calyrex-Shadow, L50|100/100\n|switch|p1b: \u5c0f\u7b14\u7ea2\u80bf|Smeargle, L50, F, shiny|100/100\n|switch|p2a: Flutter Mane|Flutter Mane, L50|100/100\n|switch|p2b: Rillaboom|Rillaboom, L50, F|100/100\n|-ability|p1a: \u9a6c\u6b7b\u4e86|As One\n|-ability|p1a: \u9a6c\u6b7b\u4e86|Unnerve\n|-fieldstart|move: Grassy Terrain|[from] ability: Grassy Surge|[of] p2b: Rillaboom\n|turn|1\n|\n|t:|1774177991\n|-terastallize|p1b: \u5c0f\u7b14\u7ea2\u80bf|Ghost\n|move|p2b: Rillaboom|Fake Out|p1b: \u5c0f\u7b14\u7ea2\u80bf\n|-immune|p1b: \u5c0f\u7b14\u7ea2\u80bf\n|move|p1b: \u5c0f\u7b14\u7ea2\u80bf|Follow Me|p1b: \u5c0f\u7b14\u7ea2\u80bf\n|-singleturn|p1b: \u5c0f\u7b14\u7ea2\u80bf|move: Follow Me\n|move|p1a: \u9a6c\u6b7b\u4e86|Astral Barrage|p2b: Rillaboom|[spread] p2a,p2b\n|-supereffective|p2a: Flutter Mane\n|-enditem|p2a: Flutter Mane|Focus Sash\n|-damage|p2a: Flutter Mane|1/100\n|-damage|p2b: Rillaboom|48/100\n|move|p2a: Flutter Mane|Shadow Ball|p1b: \u5c0f\u7b14\u7ea2\u80bf\n|-supereffective|p1b: \u5c0f\u7b14\u7ea2\u80bf\n|-enditem|p1b: \u5c0f\u7b14\u7ea2\u80bf|Focus Sash\n|-damage|p1b: \u5c0f\u7b14\u7ea2\u80bf|1/100\n|\n|-heal|p2a: Flutter Mane|7/100|[from] Grassy Terrain\n|-heal|p1b: \u5c0f\u7b14\u7ea2\u80bf|7/100|[from] Grassy Terrain\n|-heal|p2b: Rillaboom|54/100|[from] Grassy Terrain\n|-ability|p1b: \u5c0f\u7b14\u7ea2\u80bf|Moody|boost\n|-boost|p1b: \u5c0f\u7b14\u7ea2\u80bf|spa|2\n|-unboost|p1b: \u5c0f\u7b14\u7ea2\u80bf|atk|1\n|upkeep\n|turn|2\n|\n|t:|1774178009\n|switch|p1b: \u4f8d\u7684\u6211\u7231\u5bfc\u7ba1|Indeedee-F, L50, F, shiny|100/100\n|-fieldstart|move: Psychic Terrain|[from] ability: Psychic Surge|[of] p1b: \u4f8d\u7684\u6211\u7231\u5bfc\u7ba1\n|move|p2a: Flutter Mane|Protect|p2a: Flutter Mane\n|-singleturn|p2a: Flutter Mane|Protect\n|move|p1a: \u9a6c\u6b7b\u4e86|Astral Barrage|p2b: Rillaboom|[spread] p2b\n|-activate|p2a: Flutter Mane|move: Protect\n|-damage|p2b: Rillaboom|1/100\n|move|p2b: Rillaboom|U-turn|p1b: \u4f8d\u7684\u6211\u7231\u5bfc\u7ba1\n|-supereffective|p1b: \u4f8d\u7684\u6211\u7231\u5bfc\u7ba1\n|-crit|p1b: \u4f8d\u7684\u6211\u7231\u5bfc\u7ba1\n|-damage|p1b: \u4f8d\u7684\u6211\u7231\u5bfc\u7ba1|37/100\n|-enditem|p1b: \u4f8d\u7684\u6211\u7231\u5bfc\u7ba1|Eject Button\n|\n|t:|1774178017\n|switch|p1b: \u5c0f\u7b14\u7ea2\u80bf|Smeargle, L50, F, shiny, tera:Ghost|7/100\n|\n|-ability|p1b: \u5c0f\u7b14\u7ea2\u80bf|Moody|boost\n|-boost|p1b: \u5c0f\u7b14\u7ea2\u80bf|spd|2\n|-unboost|p1b: \u5c0f\u7b14\u7ea2\u80bf|spa|1\n|upkeep\n|turn|3\n|\n|t:|1774178028\n|switch|p2b: Incineroar|Incineroar, L50, F|100/100\n|-ability|p2b: Incineroar|Intimidate|boost\n|-unboost|p1a: \u9a6c\u6b7b\u4e86|atk|1\n|-unboost|p1b: \u5c0f\u7b14\u7ea2\u80bf|atk|1\n|move|p1b: \u5c0f\u7b14\u7ea2\u80bf|Wide Guard|p1b: \u5c0f\u7b14\u7ea2\u80bf\n|-singleturn|p1b: \u5c0f\u7b14\u7ea2\u80bf|Wide Guard\n|move|p1a: \u9a6c\u6b7b\u4e86|Astral Barrage|p2a: Flutter Mane|[spread] p2a,p2b\n|-supereffective|p2a: Flutter Mane\n|-resisted|p2b: Incineroar\n|-damage|p2a: Flutter Mane|0 fnt\n|-damage|p2b: Incineroar|71/100\n|faint|p2a: Flutter Mane\n|-end|p2a: Flutter Mane|Protosynthesis|[silent]\n|-ability|p1a: \u9a6c\u6b7b\u4e86|Grim Neigh|boost\n|-boost|p1a: \u9a6c\u6b7b\u4e86|spa|1\n|\n|-ability|p1b: \u5c0f\u7b14\u7ea2\u80bf|Moody|boost\n|-boost|p1b: \u5c0f\u7b14\u7ea2\u80bf|atk|2\n|-unboost|p1b: \u5c0f\u7b14\u7ea2\u80bf|spa|1\n|upkeep\n|\n|t:|1774178049\n|switch|p2a: Rillaboom|Rillaboom, L50, F|1/100\n|-fieldstart|move: Grassy Terrain|[from] ability: Grassy Surge|[of] p2a: Rillaboom\n|turn|4\n|\n|t:|1774178058\n|switch|p1b: \u4f8d\u7684\u6211\u7231\u5bfc\u7ba1|Indeedee-F, L50, F, shiny|37/100\n|-fieldstart|move: Psychic Terrain|[from] ability: Psychic Surge|[of] p1b: \u4f8d\u7684\u6211\u7231\u5bfc\u7ba1\n|move|p1a: \u9a6c\u6b7b\u4e86|Astral Barrage|p2b: Incineroar|[spread] p2a,p2b\n|-resisted|p2b: Incineroar\n|-damage|p2a: Rillaboom|0 fnt\n|-damage|p2b: Incineroar|29/100\n|faint|p2a: Rillaboom\n|-ability|p1a: \u9a6c\u6b7b\u4e86|Grim Neigh|boost\n|-boost|p1a: \u9a6c\u6b7b\u4e86|spa|1\n|move|p2b: Incineroar|Knock Off|p1a: \u9a6c\u6b7b\u4e86\n|-supereffective|p1a: \u9a6c\u6b7b\u4e86\n|-damage|p1a: \u9a6c\u6b7b\u4e86|0 fnt\n|-enditem|p1a: \u9a6c\u6b7b\u4e86|Choice Specs|[from] move: Knock Off|[of] p2b: Incineroar\n|faint|p1a: \u9a6c\u6b7b\u4e86\n|\n|upkeep\n|\n|t:|1774178066\n|switch|p1a: \u6545\u5927\u5305\u52d2|Koraidon, L50, shiny|100/100\n|switch|p2a: Koraidon|Koraidon, L50|100/100\n|-weather|SunnyDay|[from] ability: Orichalcum Pulse|[of] p2a: Koraidon\n|-activate|p2a: Koraidon|Orichalcum Pulse|[source]\n|-activate|p1a: \u6545\u5927\u5305\u52d2|ability: Orichalcum Pulse\n|turn|5\n|\n|t:|1774178086\n|-terastallize|p2b: Incineroar|Ghost\n|move|p1b: \u4f8d\u7684\u6211\u7231\u5bfc\u7ba1|Follow Me|p1b: \u4f8d\u7684\u6211\u7231\u5bfc\u7ba1\n|-singleturn|p1b: \u4f8d\u7684\u6211\u7231\u5bfc\u7ba1|move: Follow Me\n|move|p1a: \u6545\u5927\u5305\u52d2|Close Combat|p2a: Koraidon\n|-crit|p2a: Koraidon\n|-damage|p2a: Koraidon|0 fnt\n|-unboost|p1a: \u6545\u5927\u5305\u52d2|def|1\n|-unboost|p1a: \u6545\u5927\u5305\u52d2|spd|1\n|faint|p2a: Koraidon\n|-damage|p1a: \u6545\u5927\u5305\u52d2|91/100|[from] item: Life Orb\n|move|p2b: Incineroar|Knock Off|p1b: \u4f8d\u7684\u6211\u7231\u5bfc\u7ba1\n|-supereffective|p1b: \u4f8d\u7684\u6211\u7231\u5bfc\u7ba1\n|-damage|p1b: \u4f8d\u7684\u6211\u7231\u5bfc\u7ba1|0 fnt\n|faint|p1b: \u4f8d\u7684\u6211\u7231\u5bfc\u7ba1\n|\n|-weather|SunnyDay|[upkeep]\n|upkeep\n|\n|t:|1774178093\n|switch|p1b: \u5c0f\u7b14\u7ea2\u80bf|Smeargle, L50, F, shiny, tera:Ghost|7/100\n|turn|6\n|-message|randomcatFFR forfeited.\n|\n|win|dasabe\u76d6\u6b27\u5361\u4fa0\n|raw|dasabe\u76d6\u6b27\u5361\u4fa0's rating: 1459 &rarr; <strong>1478</strong><br />(+19 for winning)\n|raw|randomcatFFR's rating: 1437 &rarr; <strong>1418</strong><br />(-19 for losing)\n|l|\u2606randomcatFFR\n|player|p2|\n|l|\u2606dasabe\u76d6\u6b27\u5361\u4fa0\n|player|p1|\n","uploadtime":1774178254,"views":12,"formatid":"gen9vgc2026regi","rating":1418,"private":0,"password":null}