{"id":"gen9vgc2026regi-2568884166","format":"[Gen 9] VGC 2026 Reg I","players":["ArisHazard","isthis6thgood"],"log":"|j|\u2606ArisHazard\n|j|\u2606isthis6thgood\n|t:|1774630535\n|gametype|doubles\n|player|p1|ArisHazard|170|1514\n|player|p2|isthis6thgood|102|1556\n|gen|9\n|tier|[Gen 9] VGC 2026 Reg I\n|rated|\n|rule|Species Clause: Limit one of each Pok\u00e9mon\n|rule|Item Clause: Limit 1 of each item\n|clearpoke\n|poke|p1|Calyrex-Ice, L50|\n|poke|p1|Hitmontop, L50, M|\n|poke|p1|Miraidon, L50|\n|poke|p1|Sableye, L50, F|\n|poke|p1|Ting-Lu, L50|\n|poke|p1|Volcarona, L50, F|\n|poke|p2|Miraidon, L50|\n|poke|p2|Lunala, L50|\n|poke|p2|Whimsicott, L50, F|\n|poke|p2|Urshifu-*, L50, M|\n|poke|p2|Incineroar, L50, F|\n|poke|p2|Ursaluna, L50, F|\n|teampreview|4\n|inactive|Battle timer is ON: inactive players will automatically lose when time's up. (requested by isthis6thgood)\n|\n|t:|1774630571\n|teamsize|p1|4\n|teamsize|p2|4\n|start\n|switch|p1a: Miraidon|Miraidon, L50|100/100\n|switch|p1b: Sableye|Sableye, L50, F|100/100\n|switch|p2a: Lunala|Lunala, L50|100/100\n|switch|p2b: Urshifu|Urshifu-Rapid-Strike, L50, M|100/100\n|-fieldstart|move: Electric Terrain|[from] ability: Hadron Engine|[of] p1a: Miraidon\n|-enditem|p2a: Lunala|Electric Seed\n|-boost|p2a: Lunala|def|1|[from] item: Electric Seed\n|turn|1\n|\n|t:|1774630595\n|switch|p2b: Whimsicott|Whimsicott, L50, F|100/100\n|move|p1b: Sableye|Protect|p1b: Sableye\n|-singleturn|p1b: Sableye|Protect\n|move|p1a: Miraidon|Volt Switch|p2b: Whimsicott\n|-resisted|p2b: Whimsicott\n|-damage|p2b: Whimsicott|70/100\n|\n|t:|1774630606\n|switch|p1a: Calyrex|Calyrex-Ice, L50|100/100|[from] Volt Switch\n|-ability|p1a: Calyrex|As One\n|-ability|p1a: Calyrex|Unnerve\n|move|p2a: Lunala|Moonblast|p1a: Calyrex\n|-crit|p1a: Calyrex\n|-damage|p1a: Calyrex|64/100\n|\n|upkeep\n|turn|2\n|inactive|isthis6thgood has 30 seconds left.\n|\n|t:|1774630638\n|switch|p2b: Urshifu|Urshifu-Rapid-Strike, L50, M|100/100\n|move|p1b: Sableye|Encore|p2a: Lunala\n|-start|p2a: Lunala|Encore\n|move|p2a: Lunala|Moonblast|p1b: Sableye\n|-supereffective|p1b: Sableye\n|-crit|p1b: Sableye\n|-damage|p1b: Sableye|0 fnt\n|faint|p1b: Sableye\n|move|p1a: Calyrex|Glacial Lance|p2b: Urshifu|[spread] p2a,p2b\n|-resisted|p2b: Urshifu\n|-damage|p2a: Lunala|85/100\n|-damage|p2b: Urshifu|71/100\n|\n|upkeep\n|\n|t:|1774630652\n|switch|p1b: Miraidon|Miraidon, L50|100/100\n|-activate|p1b: Miraidon|ability: Hadron Engine\n|turn|3\n|\n|t:|1774630665\n|move|p1b: Miraidon|Electro Drift|p2b: Urshifu\n|-supereffective|p2b: Urshifu\n|-damage|p2b: Urshifu|0 fnt\n|faint|p2b: Urshifu\n|move|p2a: Lunala|Moonblast|p1a: Calyrex\n|-damage|p1a: Calyrex|40/100\n|move|p1a: Calyrex|Glacial Lance|p2a: Lunala\n|-damage|p2a: Lunala|45/100\n|\n|upkeep\n|\n|t:|1774630679\n|switch|p2b: Miraidon|Miraidon, L50|100/100\n|-activate|p2b: Miraidon|ability: Hadron Engine\n|turn|4\n|inactive|isthis6thgood has 30 seconds left.\n|inactive|isthis6thgood has 20 seconds left.\n|inactive|isthis6thgood has 15 seconds left.\n|\n|t:|1774630721\n|-terastallize|p1b: Miraidon|Electric\n|-terastallize|p2a: Lunala|Fairy\n|move|p1a: Calyrex|Protect|p1a: Calyrex\n|-singleturn|p1a: Calyrex|Protect\n|move|p2b: Miraidon|Draco Meteor|p1b: Miraidon\n|-crit|p1b: Miraidon\n|-damage|p1b: Miraidon|0 fnt\n|-unboost|p2b: Miraidon|spa|2\n|faint|p1b: Miraidon\n|-damage|p2b: Miraidon|91/100|[from] item: Life Orb\n|move|p2a: Lunala|Moonblast|p1a: Calyrex\n|-activate|p1a: Calyrex|move: Protect\n|\n|-end|p2a: Lunala|Encore\n|upkeep\n|\n|t:|1774630738\n|switch|p1b: Hitmontop|Hitmontop, L50, M|100/100\n|-ability|p1b: Hitmontop|Intimidate|boost\n|-unboost|p2a: Lunala|atk|1\n|-unboost|p2b: Miraidon|atk|1\n|turn|5\n|\n|t:|1774630759\n|move|p2a: Lunala|Wide Guard|p2a: Lunala\n|-singleturn|p2a: Lunala|Wide Guard\n|move|p1b: Hitmontop|Fake Out|p2a: Lunala\n|-damage|p2a: Lunala|40/100\n|move|p2b: Miraidon|Volt Switch|p1a: Calyrex\n|-damage|p1a: Calyrex|12/100\n|-damage|p2b: Miraidon|82/100|[from] item: Life Orb\n|\n|t:|1774630768\n|switch|p2b: Whimsicott|Whimsicott, L50, F|70/100|[from] Volt Switch\n|move|p1a: Calyrex|Trick Room|p1a: Calyrex\n|-fieldstart|move: Trick Room|[of] p1a: Calyrex\n|\n|-fieldend|move: Electric Terrain\n|upkeep\n|turn|6\n|-message|ArisHazard forfeited.\n|\n|win|isthis6thgood\n|raw|ArisHazard's rating: 1514 &rarr; <strong>1496</strong><br />(-18 for losing)\n|raw|isthis6thgood's rating: 1556 &rarr; <strong>1574</strong><br />(+18 for winning)\n|l|\u2606ArisHazard\n|player|p1|\n|l|\u2606isthis6thgood\n|player|p2|\n","uploadtime":1774630922,"views":16,"formatid":"gen9vgc2026regi","rating":1496,"private":0,"password":null}