{"id":"gen9vgc2026regi-2562932851","format":"[Gen 9] VGC 2026 Reg I","players":["ArisHazard","Wakandius_PMSD"],"log":"|badge|p2|bronze|gen9randombattle|100-8\n|uhtml|medal-msg|<div class=\"broadcast-blue\">Curious what those medals under the avatar are? PS now has Ladder Seasons! For more information, check out the <a href=\"https://www.smogon.com/forums/threads/3740067/\">thread on Smogon.</a></div>\n|j|\u2606ArisHazard\n|j|\u2606Wakandius_PMSD\n|t:|1773964070\n|gametype|doubles\n|player|p1|ArisHazard|265|1499\n|player|p2|Wakandius_PMSD|266|1390\n|gen|9\n|tier|[Gen 9] VGC 2026 Reg I\n|rated|\n|rule|Species Clause: Limit one of each Pok\u00e9mon\n|rule|Item Clause: Limit 1 of each item\n|clearpoke\n|poke|p1|Calyrex-Ice, L50|\n|poke|p1|Hitmontop, L50, M|\n|poke|p1|Miraidon, L50|\n|poke|p1|Sableye, L50, F|\n|poke|p1|Ting-Lu, L50|\n|poke|p1|Iron Valiant, L50|\n|poke|p2|Calyrex-Ice, L50|\n|poke|p2|Miraidon, L50|\n|poke|p2|Ursaluna, L50, F|\n|poke|p2|Volcarona, L50, F|\n|poke|p2|Grimmsnarl, L50, M|\n|poke|p2|Iron Hands, L50|\n|teampreview|4\n|inactive|Battle timer is ON: inactive players will automatically lose when time's up. (requested by ArisHazard)\n|\n|t:|1773964103\n|teamsize|p1|4\n|teamsize|p2|4\n|start\n|switch|p1a: Calyrex|Calyrex-Ice, L50|100/100\n|switch|p1b: Hitmontop|Hitmontop, L50, M|100/100\n|switch|p2a: Volcarona|Volcarona, L50, F|100/100\n|switch|p2b: Calyrex|Calyrex-Ice, L50|100/100\n|-ability|p2b: Calyrex|As One\n|-ability|p2b: Calyrex|Unnerve\n|-ability|p1a: Calyrex|As One\n|-ability|p1a: Calyrex|Unnerve\n|-ability|p1b: Hitmontop|Intimidate|boost\n|-unboost|p2a: Volcarona|atk|1\n|-unboost|p2b: Calyrex|atk|1\n|turn|1\n|\n|t:|1773964126\n|move|p1a: Calyrex|Protect|p1a: Calyrex\n|-singleturn|p1a: Calyrex|Protect\n|move|p2a: Volcarona|Overheat|p1a: Calyrex\n|-activate|p1a: Calyrex|move: Protect\n|move|p1b: Hitmontop|Coaching|p1a: Calyrex\n|-boost|p1a: Calyrex|atk|1\n|-boost|p1a: Calyrex|def|1\n|move|p2b: Calyrex|Leech Seed|p1a: Calyrex\n|-activate|p1a: Calyrex|move: Protect\n|\n|upkeep\n|turn|2\n|\n|t:|1773964141\n|-terastallize|p1a: Calyrex|Fire\n|move|p2a: Volcarona|Overheat|p1a: Calyrex\n|-resisted|p1a: Calyrex\n|-damage|p1a: Calyrex|80/100\n|-unboost|p2a: Volcarona|spa|2\n|move|p1b: Hitmontop|Coaching|p1a: Calyrex\n|-boost|p1a: Calyrex|atk|1\n|-boost|p1a: Calyrex|def|1\n|move|p2b: Calyrex|Leech Seed|p1a: Calyrex\n|-start|p1a: Calyrex|move: Leech Seed\n|move|p1a: Calyrex|Glacial Lance|p2b: Calyrex|[spread] p2a,p2b\n|-resisted|p2a: Volcarona\n|-resisted|p2b: Calyrex\n|-damage|p2a: Volcarona|43/100\n|-damage|p2b: Calyrex|66/100\n|\n|-heal|p2b: Calyrex|72/100|[from] item: Leftovers\n|-damage|p1a: Calyrex|67/100|[from] Leech Seed|[of] p2b: Calyrex\n|-heal|p2b: Calyrex|83/100|[silent]\n|upkeep\n|turn|3\n|inactive|Wakandius_PMSD has 30 seconds left.\n|\n|t:|1773964172\n|move|p2a: Volcarona|Rage Powder|p2a: Volcarona\n|-singleturn|p2a: Volcarona|move: Rage Powder\n|move|p1b: Hitmontop|Coaching|p1a: Calyrex\n|-boost|p1a: Calyrex|atk|1\n|-boost|p1a: Calyrex|def|1\n|move|p2b: Calyrex|Leech Seed|p1b: Hitmontop|[miss]\n|-miss|p2b: Calyrex|p1b: Hitmontop\n|move|p1a: Calyrex|Glacial Lance|p2b: Calyrex|[spread] p2a,p2b\n|-resisted|p2a: Volcarona\n|-resisted|p2b: Calyrex\n|-damage|p2a: Volcarona|0 fnt\n|-damage|p2b: Calyrex|37/100\n|faint|p2a: Volcarona\n|-ability|p1a: Calyrex|Chilling Neigh|boost\n|-boost|p1a: Calyrex|atk|1\n|\n|-heal|p2b: Calyrex|42/100|[from] item: Leftovers\n|-damage|p1a: Calyrex|55/100|[from] Leech Seed|[of] p2b: Calyrex\n|-heal|p2b: Calyrex|54/100|[silent]\n|upkeep\n|\n|t:|1773964188\n|switch|p2a: Miraidon|Miraidon, L50|100/100\n|-fieldstart|move: Electric Terrain|[from] ability: Hadron Engine|[of] p2a: Miraidon\n|turn|4\n|\n|t:|1773964203\n|switch|p1b: Sableye|Sableye, L50, F|100/100\n|move|p1a: Calyrex|Protect|p1a: Calyrex\n|-singleturn|p1a: Calyrex|Protect\n|move|p2a: Miraidon|Electro Drift|p1b: Sableye\n|-damage|p1b: Sableye|0 fnt\n|faint|p1b: Sableye\n|move|p2b: Calyrex|Glacial Lance|p1a: Calyrex\n|-activate|p1a: Calyrex|move: Protect\n|\n|-heal|p2b: Calyrex|60/100|[from] item: Leftovers\n|-damage|p1a: Calyrex|42/100|[from] Leech Seed|[of] p2b: Calyrex\n|-heal|p2b: Calyrex|72/100|[silent]\n|upkeep\n|\n|t:|1773964219\n|switch|p1b: Hitmontop|Hitmontop, L50, M|100/100\n|-ability|p1b: Hitmontop|Intimidate|boost\n|-unboost|p2a: Miraidon|atk|1\n|-unboost|p2b: Calyrex|atk|1\n|turn|5\n|\n|t:|1773964230\n|switch|p2a: Iron Hands|Iron Hands, L50|100/100\n|-activate|p2a: Iron Hands|ability: Quark Drive\n|-start|p2a: Iron Hands|quarkdriveatk\n|move|p2b: Calyrex|Protect|p2b: Calyrex\n|-singleturn|p2b: Calyrex|Protect\n|move|p1b: Hitmontop|Fake Out|p2a: Iron Hands\n|-damage|p2a: Iron Hands|94/100\n|move|p1a: Calyrex|Glacial Lance|p2a: Iron Hands|[spread] p2a\n|-activate|p2b: Calyrex|move: Protect\n|-damage|p2a: Iron Hands|0 fnt\n|faint|p2a: Iron Hands\n|-end|p2a: Iron Hands|Quark Drive|[silent]\n|-ability|p1a: Calyrex|Chilling Neigh|boost\n|-boost|p1a: Calyrex|atk|1\n|\n|-heal|p2b: Calyrex|78/100|[from] item: Leftovers\n|-damage|p1a: Calyrex|30/100|[from] Leech Seed|[of] p2b: Calyrex\n|-heal|p2b: Calyrex|89/100|[silent]\n|upkeep\n|\n|t:|1773964247\n|switch|p2a: Miraidon|Miraidon, L50|100/100\n|-activate|p2a: Miraidon|ability: Hadron Engine\n|turn|6\n|\n|t:|1773964260\n|switch|p1b: Miraidon|Miraidon, L50|100/100\n|-activate|p1b: Miraidon|ability: Hadron Engine\n|-terastallize|p2a: Miraidon|Fairy\n|move|p1a: Calyrex|Protect|p1a: Calyrex\n|-singleturn|p1a: Calyrex|Protect\n|move|p2a: Miraidon|Dazzling Gleam|p1b: Miraidon|[spread] p1b\n|-activate|p1a: Calyrex|move: Protect\n|-supereffective|p1b: Miraidon\n|-damage|p1b: Miraidon|31/100\n|move|p2b: Calyrex|Glacial Lance|p1b: Miraidon|[spread] p1b\n|-activate|p1a: Calyrex|move: Protect\n|-supereffective|p1b: Miraidon\n|-damage|p1b: Miraidon|0 fnt\n|faint|p1b: Miraidon\n|-ability|p2b: Calyrex|Chilling Neigh|boost\n|-boost|p2b: Calyrex|atk|1\n|\n|-heal|p2b: Calyrex|95/100|[from] item: Leftovers\n|-damage|p1a: Calyrex|18/100|[from] Leech Seed|[of] p2b: Calyrex\n|-heal|p2b: Calyrex|100/100|[silent]\n|upkeep\n|j| Knightdozo\n|\n|t:|1773964283\n|switch|p1b: Hitmontop|Hitmontop, L50, M|100/100\n|-ability|p1b: Hitmontop|Intimidate|boost\n|-unboost|p2a: Miraidon|atk|1\n|-unboost|p2b: Calyrex|atk|1\n|turn|7\n|l| Knightdozo\n|\n|t:|1773964303\n|move|p1b: Hitmontop|Fake Out|p2a: Miraidon\n|-damage|p2a: Miraidon|93/100\n|cant|p2a: Miraidon|flinch\n|move|p2b: Calyrex|Leech Seed|p1b: Hitmontop\n|-start|p1b: Hitmontop|move: Leech Seed\n|move|p1a: Calyrex|Glacial Lance|p2a: Miraidon|[spread] p2a,p2b\n|-resisted|p2b: Calyrex\n|-damage|p2a: Miraidon|0 fnt\n|-damage|p2b: Calyrex|41/100\n|faint|p2a: Miraidon\n|-ability|p1a: Calyrex|Chilling Neigh|boost\n|-boost|p1a: Calyrex|atk|1\n|\n|-heal|p2b: Calyrex|47/100|[from] item: Leftovers\n|-damage|p1b: Hitmontop|88/100|[from] Leech Seed|[of] p2b: Calyrex\n|-heal|p2b: Calyrex|57/100|[silent]\n|-damage|p1a: Calyrex|5/100|[from] Leech Seed|[of] p2b: Calyrex\n|-heal|p2b: Calyrex|68/100|[silent]\n|upkeep\n|turn|8\n|\n|t:|1773964323\n|move|p2b: Calyrex|Protect|p2b: Calyrex\n|-singleturn|p2b: Calyrex|Protect\n|move|p1b: Hitmontop|Close Combat|p2b: Calyrex\n|-activate|p2b: Calyrex|move: Protect\n|move|p1a: Calyrex|Glacial Lance|p2b: Calyrex\n|-activate|p2b: Calyrex|move: Protect\n|\n|-heal|p2b: Calyrex|74/100|[from] item: Leftovers\n|-damage|p1b: Hitmontop|76/100|[from] Leech Seed|[of] p2b: Calyrex\n|-heal|p2b: Calyrex|83/100|[silent]\n|-damage|p1a: Calyrex|0 fnt|[from] Leech Seed|[of] p2b: Calyrex\n|-heal|p2b: Calyrex|88/100|[silent]\n|faint|p1a: Calyrex\n|-fieldend|move: Electric Terrain\n|upkeep\n|turn|9\n|-message|ArisHazard forfeited.\n|\n|win|Wakandius_PMSD\n|raw|ArisHazard's rating: 1499 &rarr; <strong>1473</strong><br />(-26 for losing)\n|raw|Wakandius_PMSD's rating: 1390 &rarr; <strong>1416</strong><br />(+26 for winning)\n|l|\u2606ArisHazard\n|player|p1|\n","uploadtime":1773964341,"views":31,"formatid":"gen9vgc2026regi","rating":1416,"private":0,"password":null}