{"id":"gen9vgc2026regi-2568542541","format":"[Gen 9] VGC 2026 Reg I","players":["jerry rivera","Quaza15"],"log":"|j|\u2606jerry rivera\n|j|\u2606Quaza15\n|t:|1774593258\n|gametype|doubles\n|player|p1|jerry rivera|silver|1352\n|player|p2|Quaza15|miku-ghost|1453\n|gen|9\n|tier|[Gen 9] VGC 2026 Reg I\n|rated|\n|rule|Species Clause: Limit one of each Pok\u00e9mon\n|rule|Item Clause: Limit 1 of each item\n|clearpoke\n|poke|p1|Kyogre, L50|\n|poke|p1|Zacian-*, L50|\n|poke|p1|Roaring Moon, L50|\n|poke|p1|Amoonguss, L50, M|\n|poke|p1|Chien-Pao, L50|\n|poke|p1|Urshifu-*, L50, F|\n|poke|p2|Miraidon, L50|\n|poke|p2|Lunala, L50|\n|poke|p2|Whimsicott, L50, M|\n|poke|p2|Urshifu-*, L50, M|\n|poke|p2|Incineroar, L50, M|\n|poke|p2|Ursaluna, L50, M|\n|teampreview|4\n|\n|t:|1774593301\n|teamsize|p1|4\n|teamsize|p2|4\n|start\n|switch|p1a: Amoonguss|Amoonguss, L50, M|100/100\n|switch|p1b: Kyogre|Kyogre, L50|100/100\n|switch|p2a: Whimsycott|Whimsicott, L50, M|100/100\n|switch|p2b: BZZZT|Miraidon, L50|100/100\n|-fieldstart|move: Electric Terrain|[from] ability: Hadron Engine|[of] p2b: BZZZT\n|-weather|RainDance|[from] ability: Drizzle|[of] p1b: Kyogre\n|turn|1\n|\n|t:|1774593313\n|move|p2b: BZZZT|Protect|p2b: BZZZT\n|-singleturn|p2b: BZZZT|Protect\n|move|p1a: Amoonguss|Rage Powder|p1a: Amoonguss\n|-singleturn|p1a: Amoonguss|move: Rage Powder\n|move|p2a: Whimsycott|Light Screen|p2a: Whimsycott\n|-sidestart|p2: Quaza15|move: Light Screen\n|move|p1b: Kyogre|Water Spout|p2a: Whimsycott|[spread] p2a\n|-activate|p2b: BZZZT|move: Protect\n|-resisted|p2a: Whimsycott\n|-damage|p2a: Whimsycott|60/100\n|\n|-weather|RainDance|[upkeep]\n|upkeep\n|turn|2\n|\n|t:|1774593337\n|move|p1a: Amoonguss|Rage Powder|p1a: Amoonguss\n|-singleturn|p1a: Amoonguss|move: Rage Powder\n|move|p2b: BZZZT|Draco Meteor|p1a: Amoonguss\n|-damage|p1a: Amoonguss|0 fnt\n|-unboost|p2b: BZZZT|spa|2\n|faint|p1a: Amoonguss\n|-damage|p2b: BZZZT|91/100|[from] item: Life Orb\n|move|p1b: Kyogre|Ice Beam|p2b: BZZZT\n|-supereffective|p2b: BZZZT\n|-damage|p2b: BZZZT|52/100\n|move|p2a: Whimsycott|Moonblast|p1b: Kyogre\n|-damage|p1b: Kyogre|79/100\n|-unboost|p1b: Kyogre|spa|1\n|\n|-weather|RainDance|[upkeep]\n|upkeep\n|\n|t:|1774593348\n|switch|p1a: Chien-Pao|Chien-Pao, L50|100/100\n|-ability|p1a: Chien-Pao|Sword of Ruin\n|turn|3\n|\n|t:|1774593360\n|-terastallize|p1b: Kyogre|Grass\n|move|p2a: Whimsycott|Encore|p1b: Kyogre\n|-start|p1b: Kyogre|Encore\n|move|p1a: Chien-Pao|Icicle Crash|p2a: Whimsycott\n|-supereffective|p2a: Whimsycott\n|-damage|p2a: Whimsycott|0 fnt\n|faint|p2a: Whimsycott\n|move|p2b: BZZZT|Volt Switch|p1b: Kyogre\n|-resisted|p1b: Kyogre\n|-damage|p1b: Kyogre|64/100\n|-damage|p2b: BZZZT|43/100|[from] item: Life Orb\n|\n|t:|1774593366\n|switch|p2b: Him|Incineroar, L50, M|100/100|[from] Volt Switch\n|-ability|p2b: Him|Intimidate|boost\n|-unboost|p1a: Chien-Pao|atk|1\n|-unboost|p1b: Kyogre|atk|1\n|move|p1b: Kyogre|Ice Beam|p2b: Him\n|-resisted|p2b: Him\n|-damage|p2b: Him|96/100\n|-status|p2b: Him|frz\n|\n|-weather|RainDance|[upkeep]\n|upkeep\n|\n|t:|1774593371\n|switch|p2a: BZZZT|Miraidon, L50|43/100\n|-activate|p2a: BZZZT|ability: Hadron Engine\n|turn|4\n|\n|t:|1774593382\n|switch|p1b: Zacian|Zacian-Crowned, L50|100/100\n|-ability|p1b: Zacian|Intrepid Sword|boost\n|-boost|p1b: Zacian|atk|1\n|move|p2a: BZZZT|Protect|p2a: BZZZT\n|-singleturn|p2a: BZZZT|Protect\n|move|p1a: Chien-Pao|Icicle Crash|p2a: BZZZT\n|-activate|p2a: BZZZT|move: Protect\n|-curestatus|p2b: Him|frz|[msg]\n|move|p2b: Him|Knock Off|p1a: Chien-Pao\n|-resisted|p1a: Chien-Pao\n|-damage|p1a: Chien-Pao|74/100\n|-enditem|p1a: Chien-Pao|Focus Sash|[from] move: Knock Off|[of] p2b: Him\n|\n|-weather|RainDance|[upkeep]\n|upkeep\n|turn|5\n|\n|t:|1774593391\n|switch|p2b: Crimson moon|Lunala, L50, shiny|100/100\n|-enditem|p2b: Crimson moon|Electric Seed\n|-boost|p2b: Crimson moon|def|1|[from] item: Electric Seed\n|-terastallize|p2a: BZZZT|Electric\n|move|p1b: Zacian|Swords Dance|p1b: Zacian\n|-boost|p1b: Zacian|atk|2\n|move|p1a: Chien-Pao|Icicle Crash|p2a: BZZZT\n|-damage|p2a: BZZZT|6/100\n|move|p2a: BZZZT|Electro Drift|p1a: Chien-Pao\n|-damage|p1a: Chien-Pao|0 fnt\n|faint|p1a: Chien-Pao\n|-damage|p2a: BZZZT|0 fnt|[from] item: Life Orb\n|faint|p2a: BZZZT\n|\n|-weather|none\n|-sideend|p2: Quaza15|move: Light Screen\n|-fieldend|move: Electric Terrain\n|upkeep\n|\n|t:|1774593400\n|switch|p1a: Kyogre|Kyogre, L50, tera:Grass|64/100\n|switch|p2a: Him|Incineroar, L50, M|96/100\n|-weather|RainDance|[from] ability: Drizzle|[of] p1a: Kyogre\n|-ability|p2a: Him|Intimidate|boost\n|-unboost|p1a: Kyogre|atk|1\n|-unboost|p1b: Zacian|atk|1\n|turn|6\n|\n|t:|1774593416\n|move|p2a: Him|Fake Out|p1b: Zacian\n|-resisted|p1b: Zacian\n|-damage|p1b: Zacian|96/100\n|cant|p1b: Zacian|flinch\n|move|p1a: Kyogre|Water Spout|p2b: Crimson moon|[spread] p2a,p2b\n|-supereffective|p2a: Him\n|-damage|p2a: Him|6/100\n|-damage|p2b: Crimson moon|74/100\n|move|p2b: Crimson moon|Trick Room|p2b: Crimson moon\n|-fieldstart|move: Trick Room|[of] p2b: Crimson moon\n|\n|-weather|RainDance|[upkeep]\n|upkeep\n|turn|7\n|\n|t:|1774593431\n|move|p2a: Him|U-turn|p1a: Kyogre\n|-supereffective|p1a: Kyogre\n|-damage|p1a: Kyogre|14/100\n|move|p2b: Crimson moon|Moongeist Beam|p1a: Kyogre\n|-damage|p1a: Kyogre|0 fnt\n|faint|p1a: Kyogre\n|move|p1b: Zacian|Behemoth Blade|p2b: Crimson moon\n|-damage|p2b: Crimson moon|20/100\n|\n|-weather|RainDance|[upkeep]\n|upkeep\n|turn|8\n|\n|t:|1774593442\n|move|p1b: Zacian|Protect|p1b: Zacian\n|-singleturn|p1b: Zacian|Protect\n|move|p2a: Him|Knock Off|p1b: Zacian\n|-activate|p1b: Zacian|move: Protect\n|move|p2b: Crimson moon|Moongeist Beam|p1b: Zacian\n|-activate|p1b: Zacian|move: Protect\n|\n|-weather|RainDance|[upkeep]\n|upkeep\n|turn|9\n|\n|t:|1774593453\n|move|p2a: Him|Flare Blitz|p1b: Zacian\n|-supereffective|p1b: Zacian\n|-damage|p1b: Zacian|52/100\n|-damage|p2a: Him|0 fnt|[from] Recoil\n|faint|p2a: Him\n|move|p2b: Crimson moon|Moongeist Beam|p1b: Zacian\n|-damage|p1b: Zacian|4/100\n|move|p1b: Zacian|Behemoth Blade|p2b: Crimson moon\n|-damage|p2b: Crimson moon|0 fnt\n|faint|p2b: Crimson moon\n|\n|win|jerry rivera\n|raw|jerry rivera's rating: 1352 &rarr; <strong>1378</strong><br />(+26 for winning)\n|raw|Quaza15's rating: 1467 &rarr; <strong>1441</strong><br />(-26 for losing)\n","uploadtime":1774593454,"views":10,"formatid":"gen9vgc2026regi","rating":1378,"private":0,"password":null}