{"id":"gen9vgc2026regi-2565685513","format":"[Gen 9] VGC 2026 Reg I","players":["4Test4","ray_on_1248_"],"log":"|j|\u26064Test4\n|j|\u2606ray_on_1248_\n|t:|1774295276\n|gametype|doubles\n|player|p1|4Test4|blue|1373\n|player|p2|ray_on_1248_|hilda|1434\n|gen|9\n|tier|[Gen 9] VGC 2026 Reg I\n|rated|\n|rule|Species Clause: Limit one of each Pok\u00e9mon\n|rule|Item Clause: Limit 1 of each item\n|clearpoke\n|poke|p1|Koraidon, L50|\n|poke|p1|Calyrex-Shadow, L50|\n|poke|p1|Brute Bonnet, L50|\n|poke|p1|Weezing-Galar, L50, F|\n|poke|p1|Talonflame, L50, F|\n|poke|p1|Hitmontop, L50, M|\n|poke|p2|Miraidon, L50|\n|poke|p2|Calyrex-Ice, L50|\n|poke|p2|Iron Hands, L50|\n|poke|p2|Farigiraf, L50, F|\n|poke|p2|Landorus, L50, M|\n|poke|p2|Whimsicott, L50, F|\n|teampreview|4\n|c|\u2606ray_on_1248_|opa, dae 4test4\n|c|\u2606ray_on_1248_|pareamos bem na vez q eu to sem o wo-chien...\n|c|\u2606ray_on_1248_|boa sorte e bom jogo\n|\n|t:|1774295369\n|teamsize|p1|4\n|teamsize|p2|4\n|start\n|switch|p1a: Fuma\u00e7a!|Weezing-Galar, L50, F|100/100\n|switch|p1b: Grau!|Koraidon, L50|100/100\n|switch|p2a: Iron Hands|Iron Hands, L50, shiny|100/100\n|switch|p2b: Farigiraf|Farigiraf, L50, F, shiny|100/100\n|-ability|p1a: Fuma\u00e7a!|Neutralizing Gas\n|-block|p1b: Grau!|item: Ability Shield\n|-weather|SunnyDay|[from] ability: Orichalcum Pulse|[of] p1b: Grau!\n|-activate|p1b: Grau!|Orichalcum Pulse|[source]\n|turn|1\n|\n|t:|1774295395\n|-terastallize|p1b: Grau!|Fire\n|-terastallize|p2b: Farigiraf|Water\n|move|p2a: Iron Hands|Fake Out|p1a: Fuma\u00e7a!\n|-damage|p1a: Fuma\u00e7a!|88/100\n|move|p1b: Grau!|Flare Blitz|p2b: Farigiraf\n|-resisted|p2b: Farigiraf\n|-damage|p2b: Farigiraf|54/100\n|-damage|p1b: Grau!|81/100|[from] Recoil\n|cant|p1a: Fuma\u00e7a!|flinch\n|move|p2b: Farigiraf|Trick Room|p2b: Farigiraf\n|-fieldstart|move: Trick Room|[of] p2b: Farigiraf\n|\n|-weather|SunnyDay|[upkeep]\n|-heal|p1a: Fuma\u00e7a!|94/100|[from] item: Leftovers\n|upkeep\n|turn|2\n|\n|t:|1774295428\n|move|p1b: Grau!|Protect|p1b: Grau!\n|-singleturn|p1b: Grau!|Protect\n|move|p2a: Iron Hands|Low Kick|p1b: Grau!\n|-activate|p1b: Grau!|move: Protect\n|move|p1a: Fuma\u00e7a!|Poison Gas|p2b: Farigiraf|[spread] p2a,p2b\n|-status|p2a: Iron Hands|psn\n|-status|p2b: Farigiraf|psn\n|move|p2b: Farigiraf|Psychic Noise|p1a: Fuma\u00e7a!\n|-supereffective|p1a: Fuma\u00e7a!\n|-damage|p1a: Fuma\u00e7a!|38/100\n|-start|p1a: Fuma\u00e7a!|move: Heal Block\n|\n|-weather|SunnyDay|[upkeep]\n|-damage|p2a: Iron Hands|88/100 psn|[from] psn\n|-damage|p2b: Farigiraf|41/100 psn|[from] psn\n|upkeep\n|turn|3\n|c|\u26064Test4|Oi mano\n|\n|t:|1774295463\n|switch|p1b: Pocot\u00f3!|Calyrex-Shadow, L50|100/100\n|-ability|p1b: Pocot\u00f3!|As One\n|-ability|p1b: Pocot\u00f3!|Unnerve\n|move|p1a: Fuma\u00e7a!|Protect|p1a: Fuma\u00e7a!\n|-singleturn|p1a: Fuma\u00e7a!|Protect\n|move|p2a: Iron Hands|Wild Charge|p1a: Fuma\u00e7a!\n|-activate|p1a: Fuma\u00e7a!|move: Protect\n|move|p2b: Farigiraf|Foul Play|p1b: Pocot\u00f3!\n|-supereffective|p1b: Pocot\u00f3!\n|-damage|p1b: Pocot\u00f3!|25/100\n|\n|-weather|SunnyDay|[upkeep]\n|-damage|p2a: Iron Hands|76/100 psn|[from] psn\n|-damage|p2b: Farigiraf|29/100 psn|[from] psn\n|-end|p1a: Fuma\u00e7a!|move: Heal Block\n|upkeep\n|turn|4\n|\n|t:|1774295488\n|-end|p1a: Fuma\u00e7a!|ability: Neutralizing Gas\n|switch|p1a: Grau!|Koraidon, L50, tera:Fire|81/100\n|-activate|p1a: Grau!|ability: Orichalcum Pulse\n|move|p1b: Pocot\u00f3!|Protect|p1b: Pocot\u00f3!\n|-singleturn|p1b: Pocot\u00f3!|Protect\n|move|p2a: Iron Hands|Wild Charge|p1b: Pocot\u00f3!\n|-activate|p1b: Pocot\u00f3!|move: Protect\n|move|p2b: Farigiraf|Psychic Noise|p1a: Grau!\n|-damage|p1a: Grau!|52/100\n|-start|p1a: Grau!|move: Heal Block\n|\n|-weather|SunnyDay|[upkeep]\n|-damage|p2a: Iron Hands|63/100 psn|[from] psn\n|-damage|p2b: Farigiraf|16/100 psn|[from] psn\n|upkeep\n|turn|5\n|\n|t:|1774295506\n|switch|p1b: Fuma\u00e7a!|Weezing-Galar, L50, F|38/100\n|-ability|p1b: Fuma\u00e7a!|Neutralizing Gas\n|-block|p1a: Grau!|item: Ability Shield\n|move|p1a: Grau!|Protect|p1a: Grau!\n|-singleturn|p1a: Grau!|Protect\n|move|p2a: Iron Hands|Low Kick|p1a: Grau!\n|-activate|p1a: Grau!|move: Protect\n|move|p2b: Farigiraf|Psychic Noise|p1b: Fuma\u00e7a!\n|-supereffective|p1b: Fuma\u00e7a!\n|-damage|p1b: Fuma\u00e7a!|0 fnt\n|faint|p1b: Fuma\u00e7a!\n|-end|p1b: Fuma\u00e7a!|ability: Neutralizing Gas\n|\n|-weather|none\n|-damage|p2a: Iron Hands|51/100 psn|[from] psn\n|-damage|p2b: Farigiraf|4/100 psn|[from] psn\n|-end|p1a: Grau!|move: Heal Block\n|-fieldend|move: Trick Room\n|upkeep\n|\n|t:|1774295527\n|switch|p1b: Pocot\u00f3!|Calyrex-Shadow, L50|25/100\n|-ability|p1b: Pocot\u00f3!|As One\n|-ability|p1b: Pocot\u00f3!|Unnerve\n|turn|6\n|\n|t:|1774295539\n|move|p2b: Farigiraf|Helping Hand|p2a: Iron Hands\n|-singleturn|p2a: Iron Hands|Helping Hand|[of] p2b: Farigiraf\n|move|p1b: Pocot\u00f3!|Psychic|p2a: Iron Hands\n|-supereffective|p2a: Iron Hands\n|-damage|p2a: Iron Hands|0 fnt\n|faint|p2a: Iron Hands\n|-end|p2a: Iron Hands|Quark Drive|[silent]\n|-ability|p1b: Pocot\u00f3!|Grim Neigh|boost\n|-boost|p1b: Pocot\u00f3!|spa|1\n|move|p1a: Grau!|Flame Charge|p2b: Farigiraf\n|-resisted|p2b: Farigiraf\n|-damage|p2b: Farigiraf|0 fnt\n|-boost|p1a: Grau!|spe|1\n|faint|p2b: Farigiraf\n|\n|upkeep\n|\n|t:|1774295542\n|switch|p2b: Calyrex|Calyrex-Ice, L50|100/100\n|switch|p2a: Miraidon|Miraidon, L50, shiny|100/100\n|-ability|p2b: Calyrex|As One\n|-ability|p2b: Calyrex|Unnerve\n|-fieldstart|move: Electric Terrain|[from] ability: Hadron Engine|[of] p2a: Miraidon\n|turn|7\n|\n|t:|1774295569\n|move|p1a: Grau!|Protect|p1a: Grau!\n|-singleturn|p1a: Grau!|Protect\n|move|p1b: Pocot\u00f3!|Astral Barrage|p2b: Calyrex|[spread] p2a,p2b\n|-supereffective|p2b: Calyrex\n|-damage|p2a: Miraidon|30/100\n|-damage|p2b: Calyrex|5/100\n|move|p2a: Miraidon|Electro Drift|p1a: Grau!\n|-activate|p1a: Grau!|move: Protect\n|move|p2b: Calyrex|Trick Room|p2b: Calyrex\n|-fieldstart|move: Trick Room|[of] p2b: Calyrex\n|\n|upkeep\n|turn|8\n|inactive|Battle timer is ON: inactive players will automatically lose when time's up. (requested by ray_on_1248_)\n|c|\u26064Test4|Queria ter levado hitmontop agora\n|c|\u2606ray_on_1248_|ele ajudaria kkkkkkk\n|\n|t:|1774295696\n|switch|p1a: Gavi\u00e3o!|Talonflame, L50, F|100/100\n|move|p1b: Pocot\u00f3!|Protect|p1b: Pocot\u00f3!\n|-singleturn|p1b: Pocot\u00f3!|Protect\n|move|p2b: Calyrex|Glacial Lance|p1a: Gavi\u00e3o!|[spread] p1a\n|-activate|p1b: Pocot\u00f3!|move: Protect\n|-damage|p1a: Gavi\u00e3o!|22/100\n|move|p2a: Miraidon|Electro Drift|p1a: Gavi\u00e3o!\n|-supereffective|p1a: Gavi\u00e3o!\n|-damage|p1a: Gavi\u00e3o!|0 fnt\n|faint|p1a: Gavi\u00e3o!\n|\n|upkeep\n|c|\u2606ray_on_1248_|\u00e9...\n|\n|t:|1774295712\n|switch|p1a: Grau!|Koraidon, L50, tera:Fire|52/100\n|-weather|SunnyDay|[from] ability: Orichalcum Pulse|[of] p1a: Grau!\n|-activate|p1a: Grau!|Orichalcum Pulse|[source]\n|turn|9\n|\n|t:|1774295728\n|move|p2b: Calyrex|Glacial Lance|p1a: Grau!|[spread] p1a,p1b\n|-resisted|p1a: Grau!\n|-damage|p1a: Grau!|26/100\n|-damage|p1b: Pocot\u00f3!|0 fnt\n|faint|p1b: Pocot\u00f3!\n|-ability|p2b: Calyrex|Chilling Neigh|boost\n|-boost|p2b: Calyrex|atk|1\n|move|p2a: Miraidon|Electro Drift|p1a: Grau!\n|-damage|p1a: Grau!|0 fnt\n|faint|p1a: Grau!\n|\n|win|ray_on_1248_\n|raw|4Test4's rating: 1373 &rarr; <strong>1356</strong><br />(-17 for losing)\n|raw|ray_on_1248_'s rating: 1434 &rarr; <strong>1451</strong><br />(+17 for winning)\n|c|\u2606ray_on_1248_|ggwp\n|c|\u2606ray_on_1248_|bom jogo\n","uploadtime":1774295749,"views":11,"formatid":"gen9vgc2026regi","rating":1356,"private":0,"password":null}