{"id":"gen9vgc2026regi-2565748734","format":"[Gen 9] VGC 2026 Reg I","players":["Like Texas","BlackBookVGC"],"log":"|j|\u2606Like Texas\n|j|\u2606BlackBookVGC\n|t:|1774300723\n|gametype|doubles\n|player|p1|Like Texas|silver-gen2|1386\n|player|p2|BlackBookVGC|lyra|1441\n|gen|9\n|tier|[Gen 9] VGC 2026 Reg I\n|rated|\n|rule|Species Clause: Limit one of each Pok\u00e9mon\n|rule|Item Clause: Limit 1 of each item\n|clearpoke\n|poke|p1|Brute Bonnet, L50|\n|poke|p1|Lunala, L50|\n|poke|p1|Ursaluna, L50, M|\n|poke|p1|Chi-Yu, L50|\n|poke|p1|Koraidon, L50|\n|poke|p1|Flutter Mane, L50|\n|poke|p2|Lunala, L50|\n|poke|p2|Incineroar, L50, M|\n|poke|p2|Whimsicott, L50, F|\n|poke|p2|Urshifu-*, L50, F|\n|poke|p2|Miraidon, L50|\n|poke|p2|Ursaluna, L50, F|\n|teampreview|4\n|\n|t:|1774300766\n|teamsize|p1|4\n|teamsize|p2|4\n|start\n|switch|p1a: Chi-Yu|Chi-Yu, L50|100/100\n|switch|p1b: Flutter Mane|Flutter Mane, L50|100/100\n|switch|p2a: Whimsicott|Whimsicott, L50, F, shiny|100/100\n|switch|p2b: Miraidon|Miraidon, L50, shiny|100/100\n|-ability|p1a: Chi-Yu|Beads of Ruin\n|-fieldstart|move: Electric Terrain|[from] ability: Hadron Engine|[of] p2b: Miraidon\n|turn|1\n|inactive|Battle timer is ON: inactive players will automatically lose when time's up. (requested by Like Texas)\n|\n|t:|1774300796\n|move|p2a: Whimsicott|Tailwind|p2a: Whimsicott\n|-sidestart|p2: BlackBookVGC|move: Tailwind\n|move|p2b: Miraidon|Volt Switch|p1a: Chi-Yu\n|-damage|p1a: Chi-Yu|0 fnt\n|faint|p1a: Chi-Yu\n|\n|t:|1774300801\n|switch|p2b: Incineroar|Incineroar, L50, M, shiny|100/100|[from] Volt Switch\n|-ability|p2b: Incineroar|Intimidate|boost\n|-unboost|p1b: Flutter Mane|atk|1\n|move|p1b: Flutter Mane|Icy Wind|p2a: Whimsicott|[spread] p2a,p2b\n|-supereffective|p2a: Whimsicott\n|-resisted|p2b: Incineroar\n|-damage|p2a: Whimsicott|62/100\n|-damage|p2b: Incineroar|97/100\n|-unboost|p2b: Incineroar|spe|1\n|\n|upkeep\n|\n|t:|1774300814\n|switch|p1a: Ursaluna|Ursaluna, L50, M|100/100\n|turn|2\n|inactive|Like Texas has 30 seconds left.\n|\n|t:|1774300842\n|move|p1b: Flutter Mane|Protect|p1b: Flutter Mane\n|-singleturn|p1b: Flutter Mane|Protect\n|move|p1a: Ursaluna|Protect|p1a: Ursaluna\n|-singleturn|p1a: Ursaluna|Protect\n|move|p2a: Whimsicott|Moonblast|p1b: Flutter Mane\n|-activate|p1b: Flutter Mane|move: Protect\n|move|p2b: Incineroar|Flare Blitz|p1b: Flutter Mane\n|-activate|p1b: Flutter Mane|move: Protect\n|\n|-status|p1a: Ursaluna|brn|[from] item: Flame Orb\n|upkeep\n|turn|3\n|inactive|Like Texas has 30 seconds left.\n|\n|t:|1774300872\n|-end|p1b: Flutter Mane|Protosynthesis|[silent]\n|switch|p1b: Koraidon|Koraidon, L50|100/100\n|-weather|SunnyDay|[from] ability: Orichalcum Pulse|[of] p1b: Koraidon\n|-activate|p1b: Koraidon|Orichalcum Pulse|[source]\n|move|p2a: Whimsicott|Encore|p1a: Ursaluna\n|-start|p1a: Ursaluna|Encore\n|move|p2b: Incineroar|Flare Blitz|p1b: Koraidon\n|-resisted|p1b: Koraidon\n|-damage|p1b: Koraidon|68/100\n|-damage|p2b: Incineroar|88/100|[from] Recoil\n|move|p1a: Ursaluna|Protect||[still]\n|-fail|p1a: Ursaluna\n|\n|-weather|SunnyDay|[upkeep]\n|-damage|p1a: Ursaluna|95/100 brn|[from] brn\n|upkeep\n|turn|4\n|inactive|Like Texas has 30 seconds left.\n|inactive|BlackBookVGC has 30 seconds left.\n|inactive|BlackBookVGC has 20 seconds left.\n|\n|t:|1774300910\n|-terastallize|p1b: Koraidon|Fire\n|move|p1a: Ursaluna|Protect|p1a: Ursaluna\n|-singleturn|p1a: Ursaluna|Protect\n|move|p2a: Whimsicott|Moonblast|p1b: Koraidon\n|-resisted|p1b: Koraidon\n|-damage|p1b: Koraidon|53/100\n|-unboost|p1b: Koraidon|spa|1\n|move|p1b: Koraidon|Flame Charge|p2a: Whimsicott\n|-supereffective|p2a: Whimsicott\n|-damage|p2a: Whimsicott|0 fnt\n|-boost|p1b: Koraidon|spe|1\n|faint|p2a: Whimsicott\n|-damage|p1b: Koraidon|44/100|[from] item: Life Orb\n|move|p2b: Incineroar|U-turn|p1b: Koraidon\n|-resisted|p1b: Koraidon\n|-damage|p1b: Koraidon|36/100\n|inactive|BlackBookVGC has 30 seconds left.\n|\n|t:|1774300937\n|switch|p2b: Lunala|Lunala, L50, shiny|100/100|[from] U-turn\n|-enditem|p2b: Lunala|Electric Seed\n|-boost|p2b: Lunala|def|1|[from] item: Electric Seed\n|\n|-weather|SunnyDay|[upkeep]\n|-damage|p1a: Ursaluna|89/100 brn|[from] brn\n|-sideend|p2: BlackBookVGC|move: Tailwind\n|upkeep\n|\n|t:|1774300949\n|switch|p2a: Miraidon|Miraidon, L50, shiny|100/100\n|-activate|p2a: Miraidon|ability: Hadron Engine\n|turn|5\n|inactive|BlackBookVGC has 30 seconds left.\n|inactive|BlackBookVGC has 20 seconds left.\n|inactive|BlackBookVGC has 15 seconds left.\n|\n|t:|1774300994\n|move|p1a: Ursaluna|Protect||[still]\n|-fail|p1a: Ursaluna\n|move|p1b: Koraidon|Close Combat|p2a: Miraidon\n|-damage|p2a: Miraidon|3/100\n|-unboost|p1b: Koraidon|def|1\n|-unboost|p1b: Koraidon|spd|1\n|-damage|p1b: Koraidon|26/100|[from] item: Life Orb\n|move|p2a: Miraidon|Volt Switch|p1b: Koraidon\n|-damage|p1b: Koraidon|0 fnt\n|faint|p1b: Koraidon\n|\n|t:|1774301005\n|switch|p2a: Incineroar|Incineroar, L50, M, shiny|88/100|[from] Volt Switch\n|-ability|p2a: Incineroar|Intimidate|boost\n|-unboost|p1a: Ursaluna|atk|1\n|move|p2b: Lunala|Moongeist Beam|p1a: Ursaluna\n|-immune|p1a: Ursaluna\n|\n|-weather|SunnyDay|[upkeep]\n|-damage|p1a: Ursaluna|83/100 brn|[from] brn\n|-end|p1a: Ursaluna|Encore\n|-fieldend|move: Electric Terrain\n|upkeep\n|\n|t:|1774301018\n|switch|p1b: Flutter Mane|Flutter Mane, L50|100/100\n|-activate|p1b: Flutter Mane|ability: Protosynthesis\n|-start|p1b: Flutter Mane|protosynthesisspe\n|turn|6\n|\n|t:|1774301030\n|-terastallize|p2b: Lunala|Fairy\n|move|p1b: Flutter Mane|Protect|p1b: Flutter Mane\n|-singleturn|p1b: Flutter Mane|Protect\n|move|p1a: Ursaluna|Protect|p1a: Ursaluna\n|-singleturn|p1a: Ursaluna|Protect\n|move|p2b: Lunala|Moongeist Beam|p1b: Flutter Mane\n|-activate|p1b: Flutter Mane|move: Protect\n|move|p2a: Incineroar|Flare Blitz|p1a: Ursaluna\n|-activate|p1a: Ursaluna|move: Protect\n|\n|-weather|SunnyDay|[upkeep]\n|-damage|p1a: Ursaluna|77/100 brn|[from] brn\n|upkeep\n|turn|7\n|\n|t:|1774301050\n|move|p1b: Flutter Mane|Shadow Ball|p2b: Lunala\n|-damage|p2b: Lunala|87/100\n|move|p2b: Lunala|Moonblast|p1a: Ursaluna\n|-damage|p1a: Ursaluna|28/100 brn\n|-unboost|p1a: Ursaluna|spa|1\n|move|p2a: Incineroar|Flare Blitz|p1a: Ursaluna\n|-damage|p1a: Ursaluna|0 fnt\n|faint|p1a: Ursaluna\n|-damage|p2a: Incineroar|77/100|[from] Recoil\n|\n|-weather|none\n|-end|p1b: Flutter Mane|Protosynthesis\n|upkeep\n|turn|8\n|\n|t:|1774301071\n|move|p1b: Flutter Mane|Moonblast|p2a: Incineroar\n|-damage|p2a: Incineroar|53/100\n|move|p2b: Lunala|Moongeist Beam|p1b: Flutter Mane\n|-supereffective|p1b: Flutter Mane\n|-enditem|p1b: Flutter Mane|Focus Sash\n|-damage|p1b: Flutter Mane|1/100\n|move|p2a: Incineroar|Flare Blitz|p1b: Flutter Mane\n|-damage|p1b: Flutter Mane|0 fnt\n|faint|p1b: Flutter Mane\n|-end|p1b: Flutter Mane|Protosynthesis|[silent]\n|-damage|p2a: Incineroar|53/100|[from] Recoil\n|\n|win|BlackBookVGC\n|raw|Like Texas's rating: 1386 &rarr; <strong>1369</strong><br />(-17 for losing)\n|raw|BlackBookVGC's rating: 1441 &rarr; <strong>1458</strong><br />(+17 for winning)\n|c|\u2606Like Texas|gg\n|l|\u2606BlackBookVGC\n|player|p2|\n","uploadtime":1774301089,"views":13,"formatid":"gen9vgc2026regi","rating":1369,"private":0,"password":null}