{"id":"gen9vgc2026regi-2561975956","format":"[Gen 9] VGC 2026 Reg I","players":["alkdfe","CHR1SPHX"],"log":"|j|\u2606alkdfe\n|j|\u2606CHR1SPHX\n|t:|1773859664\n|gametype|doubles\n|player|p1|alkdfe|hilda-wonderlauncher|1262\n|player|p2|CHR1SPHX|hilbert|1172\n|gen|9\n|tier|[Gen 9] VGC 2026 Reg I\n|rated|\n|rule|Species Clause: Limit one of each Pok\u00e9mon\n|rule|Item Clause: Limit 1 of each item\n|clearpoke\n|poke|p1|Incineroar, L50, M|\n|poke|p1|Landorus, L50, M|\n|poke|p1|Calyrex-Shadow, L50|\n|poke|p1|Koraidon, L50|\n|poke|p1|Brute Bonnet, L50|\n|poke|p1|Raging Bolt, L50|\n|poke|p2|Flutter Mane, L50|\n|poke|p2|Incineroar, L50, M|\n|poke|p2|Ursaluna-Bloodmoon, L50, M|\n|poke|p2|Amoonguss, L50, M|\n|poke|p2|Koraidon, L50|\n|poke|p2|Lunala, L50|\n|teampreview|4\n|inactive|Battle timer is ON: inactive players will automatically lose when time's up. (requested by CHR1SPHX)\n|inactive|alkdfe has 60 seconds left.\n|\n|t:|1773859701\n|teamsize|p1|4\n|teamsize|p2|4\n|start\n|switch|p1a: Matthias|Koraidon, L50|100/100\n|switch|p1b: Mao & Agati|Calyrex-Shadow, L50|100/100\n|switch|p2a: Flutter Mane|Flutter Mane, L50|100/100\n|switch|p2b: Lunala|Lunala, L50, shiny|100/100\n|-ability|p1b: Mao & Agati|As One\n|-ability|p1b: Mao & Agati|Unnerve\n|-weather|SunnyDay|[from] ability: Orichalcum Pulse|[of] p1a: Matthias\n|-activate|p2a: Flutter Mane|ability: Protosynthesis\n|-start|p2a: Flutter Mane|protosynthesisspe\n|-activate|p1a: Matthias|Orichalcum Pulse|[source]\n|turn|1\n|\n|t:|1773859722\n|-end|p2a: Flutter Mane|Protosynthesis|[silent]\n|switch|p2a: Ursaluna|Ursaluna-Bloodmoon, L50, M|100/100\n|-terastallize|p1a: Matthias|Fire\n|-terastallize|p2b: Lunala|Fairy\n|move|p1b: Mao & Agati|Protect|p1b: Mao & Agati\n|-singleturn|p1b: Mao & Agati|Protect\n|move|p1a: Matthias|Flare Blitz|p2a: Ursaluna\n|-damage|p2a: Ursaluna|14/100\n|-damage|p1a: Matthias|68/100|[from] Recoil\n|move|p2b: Lunala|Trick Room|p2b: Lunala\n|-fieldstart|move: Trick Room|[of] p2b: Lunala\n|\n|-weather|SunnyDay|[upkeep]\n|upkeep\n|turn|2\n|\n|t:|1773859745\n|switch|p1b: Wacka|Brute Bonnet, L50|100/100\n|-activate|p1b: Wacka|ability: Protosynthesis\n|-start|p1b: Wacka|protosynthesisdef\n|move|p1a: Matthias|Protect|p1a: Matthias\n|-singleturn|p1a: Matthias|Protect\n|move|p2a: Ursaluna|Earth Power|p1a: Matthias\n|-activate|p1a: Matthias|move: Protect\n|move|p2b: Lunala|Moongeist Beam|p1b: Wacka\n|-resisted|p1b: Wacka\n|-damage|p1b: Wacka|76/100\n|\n|-weather|SunnyDay|[upkeep]\n|upkeep\n|turn|3\n|inactive|alkdfe has 30 seconds left.\n|\n|t:|1773859770\n|move|p1b: Wacka|Rage Powder|p1b: Wacka\n|-singleturn|p1b: Wacka|move: Rage Powder\n|move|p2a: Ursaluna|Earth Power|p1b: Wacka\n|-resisted|p1b: Wacka\n|-damage|p1b: Wacka|49/100\n|-damage|p2a: Ursaluna|5/100|[from] item: Life Orb\n|move|p2b: Lunala|Moonblast|p1b: Wacka\n|-supereffective|p1b: Wacka\n|-damage|p1b: Wacka|0 fnt\n|faint|p1b: Wacka\n|-end|p1b: Wacka|Protosynthesis|[silent]\n|move|p1a: Matthias|Flare Blitz|p2b: Lunala\n|-damage|p2b: Lunala|57/100\n|-damage|p1a: Matthias|51/100|[from] Recoil\n|\n|-weather|SunnyDay|[upkeep]\n|upkeep\n|\n|t:|1773859786\n|switch|p1b: Aaron|Raging Bolt, L50|100/100\n|-activate|p1b: Aaron|ability: Protosynthesis\n|-start|p1b: Aaron|protosynthesisspa\n|turn|4\n|\n|t:|1773859805\n|switch|p2b: Flutter Mane|Flutter Mane, L50|100/100\n|-activate|p2b: Flutter Mane|ability: Protosynthesis\n|-start|p2b: Flutter Mane|protosynthesisspe\n|move|p2a: Ursaluna|Earth Power|p1a: Matthias\n|-supereffective|p1a: Matthias\n|-damage|p1a: Matthias|0 fnt\n|faint|p1a: Matthias\n|-damage|p2a: Ursaluna|0 fnt|[from] item: Life Orb\n|faint|p2a: Ursaluna\n|move|p1b: Aaron|Dragon Pulse|p2b: Flutter Mane\n|-immune|p2b: Flutter Mane\n|\n|-weather|SunnyDay|[upkeep]\n|upkeep\n|\n|t:|1773859825\n|switch|p2a: Lunala|Lunala, L50, shiny, tera:Fairy|57/100\n|switch|p1a: Mao & Agati|Calyrex-Shadow, L50|100/100\n|-ability|p1a: Mao & Agati|As One\n|-ability|p1a: Mao & Agati|Unnerve\n|turn|5\n|\n|t:|1773859840\n|move|p2a: Lunala|Wide Guard|p2a: Lunala\n|-singleturn|p2a: Lunala|Wide Guard\n|move|p1b: Aaron|Thunderbolt|p2b: Flutter Mane\n|-damage|p2b: Flutter Mane|24/100\n|move|p1a: Mao & Agati|Astral Barrage|p2a: Lunala|[spread] \n|-activate|p2a: Lunala|move: Wide Guard\n|-activate|p2b: Flutter Mane|move: Wide Guard\n|move|p2b: Flutter Mane|Dazzling Gleam|p1a: Mao & Agati|[spread] p1a,p1b\n|-supereffective|p1b: Aaron\n|-damage|p1a: Mao & Agati|70/100\n|-damage|p1b: Aaron|59/100\n|\n|-weather|none\n|-end|p1b: Aaron|Protosynthesis\n|-end|p2b: Flutter Mane|Protosynthesis\n|-fieldend|move: Trick Room\n|upkeep\n|turn|6\n|inactive|CHR1SPHX has 30 seconds left.\n|\n|t:|1773859874\n|move|p2b: Flutter Mane|Protect|p2b: Flutter Mane\n|-singleturn|p2b: Flutter Mane|Protect\n|move|p1b: Aaron|Thunderclap||[still]\n|-fail|p1b: Aaron\n|move|p1a: Mao & Agati|Astral Barrage|p2a: Lunala|[spread] p2a\n|-activate|p2b: Flutter Mane|move: Protect\n|-damage|p2a: Lunala|16/100\n|move|p2a: Lunala|Moongeist Beam|p1a: Mao & Agati\n|-supereffective|p1a: Mao & Agati\n|-damage|p1a: Mao & Agati|0 fnt\n|faint|p1a: Mao & Agati\n|\n|upkeep\n|turn|7\n|\n|t:|1773859890\n|move|p1b: Aaron|Thunderclap|p2b: Flutter Mane\n|-damage|p2b: Flutter Mane|0 fnt\n|faint|p2b: Flutter Mane\n|-end|p2b: Flutter Mane|Protosynthesis|[silent]\n|move|p2a: Lunala|Moonblast|p1b: Aaron\n|-supereffective|p1b: Aaron\n|-damage|p1b: Aaron|0 fnt\n|faint|p1b: Aaron\n|-end|p1b: Aaron|Protosynthesis|[silent]\n|\n|win|CHR1SPHX\n|raw|alkdfe's rating: 1262 &rarr; <strong>1231</strong><br />(-31 for losing)\n|raw|CHR1SPHX's rating: 1172 &rarr; <strong>1203</strong><br />(+31 for winning)\n","uploadtime":1773859897,"views":27,"formatid":"gen9vgc2026regi","rating":1203,"private":0,"password":null}