{"id":"gen9vgc2026regi-2574252612","format":"[Gen 9] VGC 2026 Reg I","players":["Jkspaceferret","navinsachump"],"log":"|j|\u2606Jkspaceferret\n|j|\u2606navinsachump\n|t:|1775223826\n|gametype|doubles\n|player|p1|Jkspaceferret|265|1417\n|player|p2|navinsachump|169|1539\n|gen|9\n|tier|[Gen 9] VGC 2026 Reg I\n|rated|\n|rule|Species Clause: Limit one of each Pok\u00e9mon\n|rule|Item Clause: Limit 1 of each item\n|clearpoke\n|poke|p1|Calyrex-Shadow, L50|\n|poke|p1|Zamazenta-*, L50|\n|poke|p1|Incineroar, L50, F|\n|poke|p1|Rillaboom, L50, F|\n|poke|p1|Amoonguss, L50, F|\n|poke|p1|Urshifu-*, L50, F|\n|poke|p2|Calyrex-Shadow, L50|\n|poke|p2|Koraidon, L50|\n|poke|p2|Raging Bolt, L50|\n|poke|p2|Brute Bonnet, L50|\n|poke|p2|Landorus, L50, M|\n|poke|p2|Incineroar, L50, F|\n|teampreview|4\n|j| salamstudu\n|inactive|Battle timer is ON: inactive players will automatically lose when time's up. (requested by navinsachump)\n|\n|t:|1775223880\n|teamsize|p1|4\n|teamsize|p2|4\n|start\n|switch|p1a: Amoonguss|Amoonguss, L50, F|100/100\n|switch|p1b: Zamazenta|Zamazenta-Crowned, L50|100/100\n|switch|p2a: Calyrex|Calyrex-Shadow, L50|100/100\n|switch|p2b: Brute Bonnet|Brute Bonnet, L50|100/100\n|-ability|p2a: Calyrex|As One\n|-ability|p2a: Calyrex|Unnerve\n|-ability|p1b: Zamazenta|Dauntless Shield|boost\n|-boost|p1b: Zamazenta|def|1\n|turn|1\n|inactive|Jkspaceferret has 30 seconds left.\n|inactive|navinsachump has 30 seconds left.\n|inactive|Jkspaceferret has 20 seconds left.\n|inactive|navinsachump has 20 seconds left.\n|inactive|Jkspaceferret has 15 seconds left.\n|inactive|navinsachump has 15 seconds left.\n|\n|t:|1775223923\n|-terastallize|p1a: Amoonguss|Fire\n|move|p1b: Zamazenta|Protect|p1b: Zamazenta\n|-singleturn|p1b: Zamazenta|Protect\n|move|p2a: Calyrex|Astral Barrage|p1a: Amoonguss|[spread] p1a\n|-activate|p1b: Zamazenta|move: Protect\n|-damage|p1a: Amoonguss|61/100\n|move|p2b: Brute Bonnet|Spore|p1b: Zamazenta\n|-activate|p1b: Zamazenta|move: Protect\n|move|p1a: Amoonguss|Pollen Puff|p2b: Brute Bonnet\n|-supereffective|p2b: Brute Bonnet\n|-damage|p2b: Brute Bonnet|38/100\n|\n|upkeep\n|turn|2\n|inactive|Jkspaceferret has 30 seconds left.\n|\n|t:|1775223951\n|move|p2a: Calyrex|Astral Barrage|p1a: Amoonguss|[spread] p1a,p1b\n|-damage|p1a: Amoonguss|17/100\n|-damage|p1b: Zamazenta|64/100\n|move|p1b: Zamazenta|Body Press|p2b: Brute Bonnet\n|-supereffective|p2b: Brute Bonnet\n|-damage|p2b: Brute Bonnet|0 fnt\n|faint|p2b: Brute Bonnet\n|-end|p2b: Brute Bonnet|Protosynthesis|[silent]\n|move|p1a: Amoonguss|Spore|p2a: Calyrex\n|-status|p2a: Calyrex|slp|[from] move: Spore\n|\n|upkeep\n|\n|t:|1775223961\n|switch|p2b: Koraidon|Koraidon, L50|100/100\n|-weather|SunnyDay|[from] ability: Orichalcum Pulse|[of] p2b: Koraidon\n|-activate|p2b: Koraidon|Orichalcum Pulse|[source]\n|turn|3\n|j| darkmaikshark\n|inactive|Jkspaceferret has 30 seconds left.\n|\n|t:|1775223995\n|switch|p1a: Rillaboom|Rillaboom, L50, F|100/100\n|-fieldstart|move: Grassy Terrain|[from] ability: Grassy Surge|[of] p1a: Rillaboom\n|cant|p2a: Calyrex|slp\n|move|p2b: Koraidon|Collision Course|p1b: Zamazenta\n|-supereffective|p1b: Zamazenta\n|-damage|p1b: Zamazenta|0 fnt\n|faint|p1b: Zamazenta\n|\n|-weather|SunnyDay|[upkeep]\n|upkeep\n|\n|t:|1775224018\n|switch|p1b: Calyrex|Calyrex-Shadow, L50|100/100\n|-ability|p1b: Calyrex|As One\n|-ability|p1b: Calyrex|Unnerve\n|turn|4\n|\n|t:|1775224034\n|switch|p2a: Incineroar|Incineroar, L50, F|100/100\n|-ability|p2a: Incineroar|Intimidate|boost\n|-unboost|p1a: Rillaboom|atk|1\n|-unboost|p1b: Calyrex|atk|1\n|-terastallize|p2b: Koraidon|Fire\n|move|p1a: Rillaboom|Fake Out|p2b: Koraidon\n|-damage|p2b: Koraidon|94/100\n|move|p1b: Calyrex|Astral Barrage|p2a: Incineroar|[spread] p2a,p2b\n|-resisted|p2a: Incineroar\n|-damage|p2a: Incineroar|78/100\n|-damage|p2b: Koraidon|44/100\n|cant|p2b: Koraidon|flinch\n|\n|-weather|SunnyDay|[upkeep]\n|-heal|p2b: Koraidon|50/100|[from] Grassy Terrain\n|-heal|p2a: Incineroar|84/100|[from] Grassy Terrain\n|upkeep\n|turn|5\n|inactive|Jkspaceferret has 30 seconds left.\n|inactive|Jkspaceferret has 20 seconds left.\n|\n|t:|1775224072\n|switch|p1a: Amoonguss|Amoonguss, L50, F, tera:Fire|50/100\n|move|p1b: Calyrex|Astral Barrage|p2b: Koraidon|[spread] p2a,p2b\n|-resisted|p2a: Incineroar\n|-damage|p2a: Incineroar|63/100\n|-damage|p2b: Koraidon|0 fnt\n|faint|p2b: Koraidon\n|-ability|p1b: Calyrex|Grim Neigh|boost\n|-boost|p1b: Calyrex|spa|1\n|move|p2a: Incineroar|Knock Off|p1b: Calyrex\n|-supereffective|p1b: Calyrex\n|-enditem|p1b: Calyrex|Focus Sash\n|-damage|p1b: Calyrex|1/100\n|\n|-weather|SunnyDay|[upkeep]\n|-heal|p1b: Calyrex|7/100|[from] Grassy Terrain\n|-heal|p2a: Incineroar|69/100|[from] Grassy Terrain\n|-heal|p1a: Amoonguss|56/100|[from] Grassy Terrain\n|upkeep\n|\n|t:|1775224080\n|switch|p2b: Calyrex|Calyrex-Shadow, L50|100/100 slp\n|-ability|p2b: Calyrex|As One\n|-ability|p2b: Calyrex|Unnerve\n|turn|6\n|\n|t:|1775224092\n|move|p1a: Amoonguss|Rage Powder|p1a: Amoonguss\n|-singleturn|p1a: Amoonguss|move: Rage Powder\n|cant|p2b: Calyrex|slp\n|move|p1b: Calyrex|Astral Barrage|p2b: Calyrex|[spread] p2a,p2b\n|-resisted|p2a: Incineroar\n|-supereffective|p2b: Calyrex\n|-damage|p2a: Incineroar|37/100\n|-enditem|p2b: Calyrex|Focus Sash\n|-damage|p2b: Calyrex|1/100 slp\n|move|p2a: Incineroar|Knock Off|p1a: Amoonguss\n|-damage|p1a: Amoonguss|22/100\n|-enditem|p1a: Amoonguss|Mental Herb|[from] move: Knock Off|[of] p2a: Incineroar\n|\n|-weather|SunnyDay|[upkeep]\n|-heal|p2b: Calyrex|7/100 slp|[from] Grassy Terrain\n|-heal|p1b: Calyrex|14/100|[from] Grassy Terrain\n|-heal|p2a: Incineroar|43/100|[from] Grassy Terrain\n|-heal|p1a: Amoonguss|28/100|[from] Grassy Terrain\n|upkeep\n|turn|7\n|inactive|Jkspaceferret has 30 seconds left.\n|inactive|Jkspaceferret has 20 seconds left.\n|\n|t:|1775224128\n|move|p1a: Amoonguss|Protect|p1a: Amoonguss\n|-singleturn|p1a: Amoonguss|Protect\n|move|p1b: Calyrex|Astral Barrage|p2a: Incineroar|[spread] p2a,p2b\n|-resisted|p2a: Incineroar\n|-supereffective|p2b: Calyrex\n|-damage|p2a: Incineroar|8/100\n|-damage|p2b: Calyrex|0 fnt\n|faint|p2b: Calyrex\n|-ability|p1b: Calyrex|Grim Neigh|boost\n|-boost|p1b: Calyrex|spa|1\n|move|p2a: Incineroar|Knock Off|p1b: Calyrex\n|-supereffective|p1b: Calyrex\n|-damage|p1b: Calyrex|0 fnt\n|faint|p1b: Calyrex\n|\n|-weather|none\n|-heal|p2a: Incineroar|14/100|[from] Grassy Terrain\n|-heal|p1a: Amoonguss|34/100|[from] Grassy Terrain\n|-fieldend|move: Grassy Terrain\n|upkeep\n|\n|t:|1775224137\n|switch|p1b: Rillaboom|Rillaboom, L50, F|100/100\n|-fieldstart|move: Grassy Terrain|[from] ability: Grassy Surge|[of] p1b: Rillaboom\n|turn|8\n|-message|navinsachump forfeited.\n|\n|win|Jkspaceferret\n|raw|Jkspaceferret's rating: 1417 &rarr; <strong>1444</strong><br />(+27 for winning)\n|raw|navinsachump's rating: 1539 &rarr; <strong>1512</strong><br />(-27 for losing)\n|l|\u2606navinsachump\n|player|p2|\n","uploadtime":1775224149,"views":13,"formatid":"gen9vgc2026regi","rating":1444,"private":0,"password":null}