{"id":"gen9vgc2026regi-2558848333","format":"[Gen 9] VGC 2026 Reg I","players":["4Test4","tavinn_n"],"log":"|j|\u26064Test4\n|j|\u2606tavinn_n\n|t:|1773492912\n|gametype|doubles\n|player|p1|4Test4|lucas|1142\n|player|p2|tavinn_n|ghetsis|1286\n|gen|9\n|tier|[Gen 9] VGC 2026 Reg I\n|rated|\n|rule|Species Clause: Limit one of each Pok\u00e9mon\n|rule|Item Clause: Limit 1 of each item\n|clearpoke\n|poke|p1|Calyrex-Shadow, L50|\n|poke|p1|Indeedee-F, L50, F|\n|poke|p1|Flamigo, L50, M|\n|poke|p1|Dialga-Origin, L50|\n|poke|p1|Ursaluna, L50, M|\n|poke|p1|Whimsicott, L50, M|\n|poke|p2|Calyrex-Shadow, L50|\n|poke|p2|Zamazenta-*, L50|\n|poke|p2|Chi-Yu, L50|\n|poke|p2|Rillaboom, L50, F|\n|poke|p2|Tornadus, L50, M|\n|poke|p2|Smeargle, L50, F|\n|teampreview|4\n|inactive|Battle timer is ON: inactive players will automatically lose when time's up. (requested by tavinn_n)\n|\n|t:|1773492940\n|teamsize|p1|4\n|teamsize|p2|4\n|start\n|switch|p1a: Flamigo|Flamigo, L50, M|100/100\n|switch|p1b: Calyrex|Calyrex-Shadow, L50|100/100\n|switch|p2a: Calyrex|Calyrex-Shadow, L50|100/100\n|switch|p2b: Smeargle|Smeargle, L50, F, shiny|100/100\n|-ability|p1b: Calyrex|As One\n|-ability|p1b: Calyrex|Unnerve\n|-ability|p2a: Calyrex|As One\n|-ability|p2a: Calyrex|Unnerve\n|turn|1\n|\n|t:|1773492962\n|-terastallize|p1b: Calyrex|Normal\n|move|p2a: Calyrex|Protect|p2a: Calyrex\n|-singleturn|p2a: Calyrex|Protect\n|move|p1a: Flamigo|Feint|p2a: Calyrex\n|-activate|p2a: Calyrex|move: Feint\n|-damage|p2a: Calyrex|91/100\n|move|p1b: Calyrex|Astral Barrage|p2b: Smeargle|[spread] p2a\n|-immune|p2b: Smeargle\n|-supereffective|p2a: Calyrex\n|-damage|p2a: Calyrex|0 fnt\n|faint|p2a: Calyrex\n|-ability|p1b: Calyrex|Grim Neigh|boost\n|-boost|p1b: Calyrex|spa|1\n|move|p2b: Smeargle|Decorate|p2: Calyrex|[notarget]\n|-fail|p2b: Smeargle\n|\n|-ability|p2b: Smeargle|Moody|boost\n|-boost|p2b: Smeargle|spd|2\n|-unboost|p2b: Smeargle|spe|1\n|upkeep\n|\n|t:|1773492976\n|switch|p2a: Zamazenta|Zamazenta-Crowned, L50|100/100\n|-ability|p2a: Zamazenta|Dauntless Shield|boost\n|-boost|p2a: Zamazenta|def|1\n|turn|2\n|inactive|4Test4 has 30 seconds left.\n|\n|t:|1773493006\n|switch|p1b: Indeedee|Indeedee-F, L50, F|100/100\n|-fieldstart|move: Psychic Terrain|[from] ability: Psychic Surge|[of] p1b: Indeedee\n|-terastallize|p2a: Zamazenta|Grass\n|move|p2a: Zamazenta|Body Press|p1b: Indeedee\n|-damage|p1b: Indeedee|39/100\n|-damage|p2a: Zamazenta|84/100|[from] item: Rocky Helmet|[of] p1b: Indeedee\n|move|p1a: Flamigo|Close Combat|p2b: Smeargle\n|-supereffective|p2b: Smeargle\n|-enditem|p2b: Smeargle|Focus Sash\n|-damage|p2b: Smeargle|1/100\n|-unboost|p1a: Flamigo|def|1\n|-unboost|p1a: Flamigo|spd|1\n|move|p2b: Smeargle|Spore|p1a: Flamigo\n|-status|p1a: Flamigo|slp|[from] move: Spore\n|\n|-ability|p2b: Smeargle|Moody|boost\n|-boost|p2b: Smeargle|def|2\n|-unboost|p2b: Smeargle|spd|1\n|upkeep\n|turn|3\n|inactive|4Test4 has 30 seconds left.\n|\n|t:|1773493032\n|switch|p2b: Rillaboom|Rillaboom, L50, F|100/100\n|-fieldstart|move: Grassy Terrain|[from] ability: Grassy Surge|[of] p2b: Rillaboom\n|move|p2a: Zamazenta|Body Press|p1a: Flamigo\n|-resisted|p1a: Flamigo\n|-damage|p1a: Flamigo|25/100 slp\n|cant|p1a: Flamigo|slp\n|move|p1b: Indeedee|Psychic|p2b: Rillaboom\n|-damage|p2b: Rillaboom|82/100\n|\n|-heal|p2a: Zamazenta|90/100|[from] Grassy Terrain\n|-heal|p2b: Rillaboom|87/100|[from] Grassy Terrain\n|-heal|p1b: Indeedee|45/100|[from] Grassy Terrain\n|upkeep\n|turn|4\n|inactive|4Test4 has 30 seconds left.\n|\n|t:|1773493061\n|switch|p1b: Ursaluna|Ursaluna, L50, M|100/100\n|move|p2a: Zamazenta|Body Press|p1a: Flamigo\n|-resisted|p1a: Flamigo\n|-damage|p1a: Flamigo|0 fnt\n|faint|p1a: Flamigo\n|move|p2b: Rillaboom|U-turn|p1b: Ursaluna\n|-damage|p1b: Ursaluna|86/100\n|\n|t:|1773493068\n|switch|p2b: Smeargle|Smeargle, L50, F, shiny|1/100|[from] U-turn\n|\n|-heal|p2a: Zamazenta|96/100|[from] Grassy Terrain\n|-heal|p2b: Smeargle|7/100|[from] Grassy Terrain\n|-heal|p1b: Ursaluna|92/100|[from] Grassy Terrain\n|-ability|p2b: Smeargle|Moody|boost\n|-boost|p2b: Smeargle|spa|2\n|-unboost|p2b: Smeargle|spe|1\n|-status|p1b: Ursaluna|brn|[from] item: Flame Orb\n|upkeep\n|\n|t:|1773493082\n|switch|p1a: Calyrex|Calyrex-Shadow, L50, tera:Normal|100/100\n|-ability|p1a: Calyrex|As One\n|-ability|p1a: Calyrex|Unnerve\n|turn|5\n|\n|t:|1773493095\n|move|p2b: Smeargle|Fake Out|p1a: Calyrex\n|-damage|p1a: Calyrex|94/100\n|cant|p1a: Calyrex|flinch\n|move|p2a: Zamazenta|Body Press|p1a: Calyrex\n|-supereffective|p1a: Calyrex\n|-damage|p1a: Calyrex|0 fnt\n|faint|p1a: Calyrex\n|move|p1b: Ursaluna|Facade|p2a: Zamazenta\n|-damage|p2a: Zamazenta|50/100\n|\n|-heal|p2a: Zamazenta|56/100|[from] Grassy Terrain\n|-heal|p2b: Smeargle|13/100|[from] Grassy Terrain\n|-heal|p1b: Ursaluna|98/100 brn|[from] Grassy Terrain\n|-damage|p1b: Ursaluna|92/100 brn|[from] brn\n|-ability|p2b: Smeargle|Moody|boost\n|-boost|p2b: Smeargle|spd|2\n|-unboost|p2b: Smeargle|atk|1\n|upkeep\n|\n|t:|1773493114\n|switch|p1a: Indeedee|Indeedee-F, L50, F|45/100\n|-fieldstart|move: Psychic Terrain|[from] ability: Psychic Surge|[of] p1a: Indeedee\n|turn|6\n|-message|4Test4 forfeited.\n|\n|win|tavinn_n\n|raw|4Test4's rating: 1142 &rarr; <strong>1127</strong><br />(-15 for losing)\n|raw|tavinn_n's rating: 1286 &rarr; <strong>1301</strong><br />(+15 for winning)\n|l|\u26064Test4\n|player|p1|\n|l|\u2606tavinn_n\n|player|p2|\n","uploadtime":1773493490,"views":14,"formatid":"gen9vgc2026regi","rating":1127,"private":0,"password":null}