{"id":"gen9vgc2026regi-2538727151","format":"[Gen 9] VGC 2026 Reg I","players":["TheManOfSausage","VJ2511"],"log":"|j|\u2606TheManOfSausage\n|j|\u2606VJ2511\n|t:|1770963723\n|gametype|doubles\n|player|p1|TheManOfSausage|miku-water|1568\n|player|p2|VJ2511|red-masters3|1520\n|gen|9\n|tier|[Gen 9] VGC 2026 Reg I\n|rated|\n|rule|Species Clause: Limit one of each Pok\u00e9mon\n|rule|Item Clause: Limit 1 of each item\n|clearpoke\n|poke|p1|Calyrex-Shadow, L50|\n|poke|p1|Koraidon, L50|\n|poke|p1|Brute Bonnet, L50|\n|poke|p1|Incineroar, L50, M|\n|poke|p1|Landorus, L50, M|\n|poke|p1|Raging Bolt, L50|\n|poke|p2|Calyrex-Shadow, L50|\n|poke|p2|Zamazenta-*, L50|\n|poke|p2|Smeargle, L50, F|\n|poke|p2|Incineroar, L50, F|\n|poke|p2|Rillaboom, L50, M|\n|poke|p2|Raging Bolt, L50|\n|teampreview|4\n|inactive|Battle timer is ON: inactive players will automatically lose when time's up. (requested by VJ2511)\n|c|\u2606VJ2511|lets go james evans lets go\n|c|\u2606VJ2511|lets go james evans lets go\n|c|\u2606TheManOfSausage|haha i wish\n|c|\u2606VJ2511|lol im jk\n|c|\u2606VJ2511|glhf boss\n|inactive|TheManOfSausage has 60 seconds left.\n|inactive|VJ2511 has 60 seconds left.\n|c|\u2606TheManOfSausage|u2\n|\n|t:|1770963775\n|teamsize|p1|4\n|teamsize|p2|4\n|start\n|switch|p1a: Koraidon|Koraidon, L50|100/100\n|switch|p1b: Brute Bonnet|Brute Bonnet, L50|100/100\n|switch|p2a: Zamazenta|Zamazenta-Crowned, L50|100/100\n|switch|p2b: Raging Bolt|Raging Bolt, L50|100/100\n|-weather|SunnyDay|[from] ability: Orichalcum Pulse|[of] p1a: Koraidon\n|-activate|p2b: Raging Bolt|ability: Protosynthesis\n|-start|p2b: Raging Bolt|protosynthesisspa\n|-activate|p1b: Brute Bonnet|ability: Protosynthesis\n|-start|p1b: Brute Bonnet|protosynthesisdef\n|-activate|p1a: Koraidon|Orichalcum Pulse|[source]\n|-ability|p2a: Zamazenta|Dauntless Shield|boost\n|-boost|p2a: Zamazenta|def|1\n|turn|1\n|\n|t:|1770963785\n|-terastallize|p2a: Zamazenta|Water\n|move|p1a: Koraidon|Flame Charge|p2a: Zamazenta\n|-resisted|p2a: Zamazenta\n|-damage|p2a: Zamazenta|93/100\n|-boost|p1a: Koraidon|spe|1\n|move|p2a: Zamazenta|Body Press|p1b: Brute Bonnet\n|-supereffective|p1b: Brute Bonnet\n|-damage|p1b: Brute Bonnet|34/100\n|move|p2b: Raging Bolt|Dragon Pulse|p1b: Brute Bonnet\n|-damage|p1b: Brute Bonnet|0 fnt\n|faint|p1b: Brute Bonnet\n|-end|p1b: Brute Bonnet|Protosynthesis|[silent]\n|\n|-weather|SunnyDay|[upkeep]\n|upkeep\n|\n|t:|1770963796\n|switch|p1b: Calyrex|Calyrex-Shadow, L50|100/100\n|-ability|p1b: Calyrex|As One\n|-ability|p1b: Calyrex|Unnerve\n|turn|2\n|\n|t:|1770963805\n|move|p2b: Raging Bolt|Protect|p2b: Raging Bolt\n|-singleturn|p2b: Raging Bolt|Protect\n|move|p1a: Koraidon|Collision Course|p2b: Raging Bolt\n|-activate|p2b: Raging Bolt|move: Protect\n|move|p1b: Calyrex|Astral Barrage|p2a: Zamazenta|[spread] p2a\n|-activate|p2b: Raging Bolt|move: Protect\n|-damage|p2a: Zamazenta|52/100\n|move|p2a: Zamazenta|Heavy Slam|p1b: Calyrex\n|-damage|p1b: Calyrex|44/100\n|\n|-weather|SunnyDay|[upkeep]\n|upkeep\n|turn|3\n|\n|t:|1770963819\n|move|p1a: Koraidon|Collision Course|p2a: Zamazenta\n|-damage|p2a: Zamazenta|23/100\n|move|p1b: Calyrex|Encore|p2b: Raging Bolt\n|-start|p2b: Raging Bolt|Encore\n|move|p2a: Zamazenta|Body Press|p1a: Koraidon\n|-damage|p1a: Koraidon|41/100\n|move|p2b: Raging Bolt|Protect||[still]\n|-fail|p2b: Raging Bolt\n|\n|-weather|SunnyDay|[upkeep]\n|upkeep\n|turn|4\n|\n|t:|1770963836\n|-end|p2b: Raging Bolt|Protosynthesis|[silent]\n|switch|p2b: Smeargle|Smeargle, L50, F|100/100\n|move|p2a: Zamazenta|Protect|p2a: Zamazenta\n|-singleturn|p2a: Zamazenta|Protect\n|move|p1a: Koraidon|Flame Charge|p2a: Zamazenta\n|-activate|p2a: Zamazenta|move: Protect\n|move|p1b: Calyrex|Astral Barrage|p2b: Smeargle|[spread] \n|-activate|p2a: Zamazenta|move: Protect\n|-immune|p2b: Smeargle\n|\n|-weather|SunnyDay|[upkeep]\n|-ability|p2b: Smeargle|Moody|boost\n|-boost|p2b: Smeargle|spd|2\n|-unboost|p2b: Smeargle|spa|1\n|upkeep\n|turn|5\n|\n|t:|1770963850\n|move|p2b: Smeargle|Follow Me|p2b: Smeargle\n|-singleturn|p2b: Smeargle|move: Follow Me\n|move|p1a: Koraidon|Flame Charge|p2b: Smeargle\n|-damage|p2b: Smeargle|7/100\n|-boost|p1a: Koraidon|spe|1\n|move|p1b: Calyrex|Astral Barrage|p2a: Zamazenta|[spread] p2a\n|-immune|p2b: Smeargle\n|-damage|p2a: Zamazenta|0 fnt\n|faint|p2a: Zamazenta\n|-ability|p1b: Calyrex|Grim Neigh|boost\n|-boost|p1b: Calyrex|spa|1\n|\n|-weather|none\n|-ability|p2b: Smeargle|Moody|boost\n|-boost|p2b: Smeargle|spe|2\n|-unboost|p2b: Smeargle|spa|1\n|upkeep\n|\n|t:|1770963861\n|switch|p2a: Calyrex|Calyrex-Shadow, L50|100/100\n|-ability|p2a: Calyrex|As One\n|-ability|p2a: Calyrex|Unnerve\n|turn|6\n|j| ConnerTEP\n|l| ConnerTEP\n|\n|t:|1770963873\n|-terastallize|p1b: Calyrex|Dark\n|move|p1a: Koraidon|Flame Charge|p2b: Smeargle\n|-damage|p2b: Smeargle|0 fnt\n|-boost|p1a: Koraidon|spe|1\n|faint|p2b: Smeargle\n|move|p1b: Calyrex|Astral Barrage|p2a: Calyrex\n|-supereffective|p2a: Calyrex\n|-damage|p2a: Calyrex|0 fnt\n|faint|p2a: Calyrex\n|-ability|p1b: Calyrex|Grim Neigh|boost\n|-boost|p1b: Calyrex|spa|1\n|\n|upkeep\n|c|\u2606VJ2511|welp ggs wp\n|\n|t:|1770963884\n|switch|p2a: Raging Bolt|Raging Bolt, L50|100/100\n|-enditem|p2a: Raging Bolt|Booster Energy\n|-activate|p2a: Raging Bolt|ability: Protosynthesis|[fromitem]\n|-start|p2a: Raging Bolt|protosynthesisspa\n|turn|7\n|c|\u2606TheManOfSausage|ggwp\n|\n|t:|1770963890\n|move|p1a: Koraidon|Protect|p1a: Koraidon\n|-singleturn|p1a: Koraidon|Protect\n|move|p1b: Calyrex|Protect|p1b: Calyrex\n|-singleturn|p1b: Calyrex|Protect\n|move|p2a: Raging Bolt|Thunderclap||[still]\n|-fail|p2a: Raging Bolt\n|\n|upkeep\n|turn|8\n|\n|t:|1770963895\n|move|p1a: Koraidon|Protect|p1a: Koraidon\n|-singleturn|p1a: Koraidon|Protect\n|move|p2a: Raging Bolt|Protect|p2a: Raging Bolt\n|-singleturn|p2a: Raging Bolt|Protect\n|move|p1b: Calyrex|Encore|p2a: Raging Bolt\n|-activate|p2a: Raging Bolt|move: Protect\n|\n|upkeep\n|turn|9\n|\n|t:|1770963904\n|move|p1a: Koraidon|Protect||[still]\n|-fail|p1a: Koraidon\n|move|p2a: Raging Bolt|Thunderclap||[still]\n|-fail|p2a: Raging Bolt\n|move|p1b: Calyrex|Encore|p2a: Raging Bolt\n|-start|p2a: Raging Bolt|Encore\n|\n|upkeep\n|turn|10\n|c|\u2606TheManOfSausage|sorry this is technically 100% win\n|c|\u2606TheManOfSausage|with encor\n|\n|t:|1770963924\n|move|p1a: Koraidon|Protect|p1a: Koraidon\n|-singleturn|p1a: Koraidon|Protect\n|move|p1b: Calyrex|Protect|p1b: Calyrex\n|-singleturn|p1b: Calyrex|Protect\n|move|p2a: Raging Bolt|Thunderclap||[still]\n|-fail|p2a: Raging Bolt\n|\n|upkeep\n|turn|11\n|c|\u2606VJ2511|yea yea ik\n|c|\u2606VJ2511|im j playing it out for fun lol\n|\n|t:|1770963933\n|move|p1a: Koraidon|Protect|p1a: Koraidon\n|-singleturn|p1a: Koraidon|Protect\n|move|p1b: Calyrex|Protect||[still]\n|-fail|p1b: Calyrex\n|move|p2a: Raging Bolt|Thunderclap||[still]\n|-fail|p2a: Raging Bolt\n|\n|upkeep\n|turn|12\n|c|\u2606TheManOfSausage|fair enough lol\n|\n|t:|1770963942\n|move|p1a: Koraidon|Protect||[still]\n|-fail|p1a: Koraidon\n|move|p1b: Calyrex|Protect|p1b: Calyrex\n|-singleturn|p1b: Calyrex|Protect\n|move|p2a: Raging Bolt|Thunderclap||[still]\n|-fail|p2a: Raging Bolt\n|\n|-end|p2a: Raging Bolt|Encore\n|upkeep\n|turn|13\n|\n|t:|1770963945\n|move|p1a: Koraidon|Protect|p1a: Koraidon\n|-singleturn|p1a: Koraidon|Protect\n|move|p2a: Raging Bolt|Protect|p2a: Raging Bolt\n|-singleturn|p2a: Raging Bolt|Protect\n|move|p1b: Calyrex|Encore|p2a: Raging Bolt\n|-activate|p2a: Raging Bolt|move: Protect\n|\n|upkeep\n|turn|14\n|\n|t:|1770963954\n|move|p1a: Koraidon|Protect|p1a: Koraidon\n|-singleturn|p1a: Koraidon|Protect\n|move|p2a: Raging Bolt|Thunderclap||[still]\n|-fail|p2a: Raging Bolt\n|move|p1b: Calyrex|Encore|p2a: Raging Bolt\n|-start|p2a: Raging Bolt|Encore\n|\n|upkeep\n|turn|15\n|\n|t:|1770963957\n|move|p1a: Koraidon|Protect||[still]\n|-fail|p1a: Koraidon\n|move|p1b: Calyrex|Protect|p1b: Calyrex\n|-singleturn|p1b: Calyrex|Protect\n|move|p2a: Raging Bolt|Thunderclap||[still]\n|-fail|p2a: Raging Bolt\n|\n|upkeep\n|turn|16\n|\n|t:|1770963960\n|move|p1a: Koraidon|Protect|p1a: Koraidon\n|-singleturn|p1a: Koraidon|Protect\n|move|p1b: Calyrex|Protect||[still]\n|-fail|p1b: Calyrex\n|move|p2a: Raging Bolt|Thunderclap||[still]\n|-fail|p2a: Raging Bolt\n|\n|-end|p2a: Raging Bolt|Encore\n|upkeep\n|turn|17\n|\n|t:|1770963966\n|move|p2a: Raging Bolt|Protect|p2a: Raging Bolt\n|-singleturn|p2a: Raging Bolt|Protect\n|move|p1a: Koraidon|Collision Course|p2a: Raging Bolt\n|-activate|p2a: Raging Bolt|move: Protect\n|move|p1b: Calyrex|Astral Barrage|p2a: Raging Bolt\n|-activate|p2a: Raging Bolt|move: Protect\n|\n|upkeep\n|turn|18\n|\n|t:|1770963969\n|move|p1a: Koraidon|Collision Course|p2a: Raging Bolt\n|-damage|p2a: Raging Bolt|53/100\n|move|p1b: Calyrex|Astral Barrage|p2a: Raging Bolt\n|-damage|p2a: Raging Bolt|0 fnt\n|faint|p2a: Raging Bolt\n|-end|p2a: Raging Bolt|Protosynthesis|[silent]\n|\n|win|TheManOfSausage\n|raw|TheManOfSausage's rating: 1568 &rarr; <strong>1585</strong><br />(+17 for winning)\n|raw|VJ2511's rating: 1520 &rarr; <strong>1503</strong><br />(-17 for losing)\n|c|\u2606TheManOfSausage|ggwp\n|c|\u2606VJ2511|ggs wp boss\n|l|\u2606VJ2511\n|player|p2|\n|l|\u2606TheManOfSausage\n|player|p1|\n","uploadtime":1770964119,"views":56,"formatid":"gen9vgc2026regi","rating":1503,"private":0,"password":null}