{"id":"gen9vgc2026regi-2571760765","format":"[Gen 9] VGC 2026 Reg I","players":["JaVinciVGC","24kpure"],"log":"|j|\u2606JaVinciVGC\n|j|\u260624kpure\n|t:|1774961278\n|gametype|doubles\n|player|p1|JaVinciVGC|palmer|1238\n|player|p2|24kpure|2|1239\n|gen|9\n|tier|[Gen 9] VGC 2026 Reg I\n|rated|\n|rule|Species Clause: Limit one of each Pok\u00e9mon\n|rule|Item Clause: Limit 1 of each item\n|clearpoke\n|poke|p1|Calyrex-Shadow, L50|\n|poke|p1|Kyogre, L50|\n|poke|p1|Urshifu-*, L50, M|\n|poke|p1|Whimsicott, L50, F|\n|poke|p1|Tsareena, L50, F|\n|poke|p1|Electabuzz, L50, F|\n|poke|p2|Muk-Alola, L50, F|\n|poke|p2|Smeargle, L50, M|\n|poke|p2|Rillaboom, L50, M|\n|poke|p2|Flamigo, L50, F|\n|poke|p2|Amoonguss, L50, M|\n|poke|p2|Koraidon, L50|\n|teampreview|4\n|inactive|Battle timer is ON: inactive players will automatically lose when time's up. (requested by 24kpure)\n|\n|t:|1774961317\n|teamsize|p1|4\n|teamsize|p2|4\n|start\n|switch|p1a: Urshifu|Urshifu-Rapid-Strike, L50, M|100/100\n|switch|p1b: Whimsicott|Whimsicott, L50, F|100/100\n|switch|p2a: Muk|Muk-Alola, L50, F|100/100\n|switch|p2b: Smeargle|Smeargle, L50, M|100/100\n|turn|1\n|inactive|24kpure has 30 seconds left.\n|\n|t:|1774961349\n|move|p2b: Smeargle|Follow Me|p2b: Smeargle\n|-singleturn|p2b: Smeargle|move: Follow Me\n|move|p1b: Whimsicott|Moonblast|p2b: Smeargle\n|-damage|p2b: Smeargle|45/100\n|move|p1a: Urshifu|Surging Strikes|p2b: Smeargle\n|-crit|p2b: Smeargle\n|-damage|p2b: Smeargle|0 fnt\n|faint|p2b: Smeargle\n|-ability|p2a: Muk|Moody|Power of Alchemy|[from] ability: Power of Alchemy|[of] p2b: Smeargle\n|-hitcount|p2: Smeargle|1\n|move|p2a: Muk|Minimize|p2a: Muk\n|-boost|p2a: Muk|evasion|2\n|\n|-ability|p2a: Muk|Moody|boost\n|-boost|p2a: Muk|atk|2\n|-unboost|p2a: Muk|spa|1\n|upkeep\n|\n|t:|1774961366\n|switch|p2b: Flamigo|Flamigo, L50, F|100/100\n|-copyboost|p2b: Flamigo|p2a: Muk|[from] ability: Costar\n|turn|2\n|inactive|JaVinciVGC has 30 seconds left.\n|\n|t:|1774961392\n|-terastallize|p1a: Urshifu|Ghost\n|move|p2b: Flamigo|Protect|p2b: Flamigo\n|-singleturn|p2b: Flamigo|Protect\n|move|p1b: Whimsicott|Tailwind|p1b: Whimsicott\n|-sidestart|p1: JaVinciVGC|move: Tailwind\n|move|p1a: Urshifu|Surging Strikes|p2a: Muk|[miss]\n|-miss|p1a: Urshifu|p2a: Muk\n|move|p2a: Muk|Minimize|p2a: Muk\n|-boost|p2a: Muk|evasion|2\n|\n|-ability|p2a: Muk|Moody|boost\n|-boost|p2a: Muk|atk|2\n|-unboost|p2a: Muk|spe|1\n|upkeep\n|turn|3\n|\n|t:|1774961406\n|switch|p2b: Koraidon|Koraidon, L50|100/100\n|-weather|SunnyDay|[from] ability: Orichalcum Pulse|[of] p2b: Koraidon\n|-activate|p2b: Koraidon|Orichalcum Pulse|[source]\n|move|p1b: Whimsicott|Encore||[still]\n|-fail|p1b: Whimsicott\n|move|p1a: Urshifu|Surging Strikes|p2a: Muk|[miss]\n|-miss|p1a: Urshifu|p2a: Muk\n|move|p2a: Muk|Knock Off|p1a: Urshifu\n|-supereffective|p1a: Urshifu\n|-damage|p1a: Urshifu|0 fnt\n|-enditem|p1a: Urshifu|Choice Band|[from] move: Knock Off|[of] p2a: Muk\n|faint|p1a: Urshifu\n|\n|-weather|SunnyDay|[upkeep]\n|-ability|p2a: Muk|Moody|boost\n|-boost|p2a: Muk|atk|2\n|-unboost|p2a: Muk|def|1\n|upkeep\n|\n|t:|1774961410\n|switch|p1a: Kyogre|Kyogre, L50|100/100\n|-weather|RainDance|[from] ability: Drizzle|[of] p1a: Kyogre\n|turn|4\n|c|\u260624kpure|get it\n|\n|t:|1774961425\n|switch|p2b: Flamigo|Flamigo, L50, F|100/100\n|-copyboost|p2b: Flamigo|p2a: Muk|[from] ability: Costar\n|move|p2a: Muk|Protect|p2a: Muk\n|-singleturn|p2a: Muk|Protect\n|move|p1a: Kyogre|Water Spout|p2a: Muk|[spread] \n|-activate|p2a: Muk|move: Protect\n|-miss|p1a: Kyogre|p2b: Flamigo\n|move|p1b: Whimsicott|Moonblast|p2a: Muk\n|-activate|p2a: Muk|move: Protect\n|\n|-weather|RainDance|[upkeep]\n|-ability|p2a: Muk|Moody|boost\n|-boost|p2a: Muk|def|2\n|-unboost|p2a: Muk|spd|1\n|upkeep\n|turn|5\n|\n|t:|1774961444\n|move|p2b: Flamigo|Protect|p2b: Flamigo\n|-singleturn|p2b: Flamigo|Protect\n|move|p1a: Kyogre|Water Spout|p2a: Muk|[spread] p2a\n|-activate|p2b: Flamigo|move: Protect\n|-damage|p2a: Muk|0 fnt\n|faint|p2a: Muk\n|move|p1b: Whimsicott|Moonblast|p2b: Flamigo\n|-activate|p2b: Flamigo|move: Protect\n|\n|-weather|RainDance|[upkeep]\n|-sideend|p1: JaVinciVGC|move: Tailwind\n|upkeep\n|\n|t:|1774961454\n|switch|p2a: Koraidon|Koraidon, L50|100/100\n|-weather|SunnyDay|[from] ability: Orichalcum Pulse|[of] p2a: Koraidon\n|-activate|p2a: Koraidon|Orichalcum Pulse|[source]\n|turn|6\n|inactive|24kpure has 30 seconds left.\n|\n|t:|1774961487\n|switch|p1a: Calyrex|Calyrex-Shadow, L50|100/100\n|-ability|p1a: Calyrex|As One\n|-ability|p1a: Calyrex|Unnerve\n|-terastallize|p2a: Koraidon|Fire\n|move|p1b: Whimsicott|Tailwind|p1b: Whimsicott\n|-sidestart|p1: JaVinciVGC|move: Tailwind\n|move|p2a: Koraidon|Flare Blitz|p1b: Whimsicott\n|-supereffective|p1b: Whimsicott\n|-damage|p1b: Whimsicott|0 fnt\n|faint|p1b: Whimsicott\n|-damage|p2a: Koraidon|70/100|[from] Recoil\n|move|p2b: Flamigo|Brave Bird|p1a: Calyrex\n|-enditem|p1a: Calyrex|Focus Sash\n|-damage|p1a: Calyrex|1/100\n|-damage|p2b: Flamigo|64/100|[from] Recoil\n|\n|-weather|SunnyDay|[upkeep]\n|upkeep\n|\n|t:|1774961490\n|switch|p1b: Kyogre|Kyogre, L50|100/100\n|-weather|RainDance|[from] ability: Drizzle|[of] p1b: Kyogre\n|turn|7\n|\n|t:|1774961504\n|move|p1b: Kyogre|Hydro Pump|p2a: Koraidon\n|-supereffective|p2a: Koraidon\n|-damage|p2a: Koraidon|0 fnt\n|faint|p2a: Koraidon\n|move|p1a: Calyrex|Psychic|p2b: Flamigo|[miss]\n|-miss|p1a: Calyrex|p2b: Flamigo\n|move|p2b: Flamigo|Brave Bird|p1b: Kyogre\n|-damage|p1b: Kyogre|0 fnt\n|faint|p1b: Kyogre\n|-damage|p2b: Flamigo|28/100|[from] Recoil\n|\n|-weather|RainDance|[upkeep]\n|upkeep\n|turn|8\n|\n|t:|1774961517\n|move|p1a: Calyrex|Psychic|p2b: Flamigo\n|-supereffective|p2b: Flamigo\n|-crit|p2b: Flamigo\n|-damage|p2b: Flamigo|0 fnt\n|faint|p2b: Flamigo\n|\n|win|JaVinciVGC\n|raw|JaVinciVGC's rating: 1238 &rarr; <strong>1263</strong><br />(+25 for winning)\n|raw|24kpure's rating: 1239 &rarr; <strong>1214</strong><br />(-25 for losing)\n|l|\u260624kpure\n|player|p2|\n|c|\u2606JaVinciVGC|Nice try\n","uploadtime":1774961531,"views":21,"formatid":"gen9vgc2026regi","rating":1214,"private":0,"password":null}