{"id":"gen9vgc2026regi-2536685224","format":"[Gen 9] VGC 2026 Reg I","players":["noturdad2","VJ2511"],"log":"|j|\u203dnoturdad2\n|j|\u2606VJ2511\n|t:|1770725800\n|gametype|doubles\n|player|p1|noturdad2|byron|1345\n|player|p2|VJ2511|red-masters3|1439\n|gen|9\n|tier|[Gen 9] VGC 2026 Reg I\n|rated|\n|rule|Species Clause: Limit one of each Pok\u00e9mon\n|rule|Item Clause: Limit 1 of each item\n|clearpoke\n|poke|p1|Raichu, L50, F|\n|poke|p1|Incineroar, L50, F|\n|poke|p1|Chien-Pao, L50|\n|poke|p1|Zamazenta-*, L50|\n|poke|p1|Pelipper, L50, F|\n|poke|p1|Calyrex-Shadow, L50|\n|poke|p2|Calyrex-Shadow, L50|\n|poke|p2|Koraidon, L50|\n|poke|p2|Incineroar, L50, F|\n|poke|p2|Landorus, L50, M|\n|poke|p2|Brute Bonnet, L50|\n|poke|p2|Raging Bolt, L50|\n|teampreview|4\n|inactive|Battle timer is ON: inactive players will automatically lose when time's up. (requested by noturdad2)\n|inactive|noturdad2 has 60 seconds left.\n|inactive|VJ2511 has 60 seconds left.\n|\n|t:|1770725852\n|teamsize|p1|4\n|teamsize|p2|4\n|start\n|switch|p1a: Raichu|Raichu, L50, F, shiny|100/100\n|switch|p1b: Chien-Pao|Chien-Pao, L50|100/100\n|switch|p2a: Koraidon|Koraidon, L50|100/100\n|switch|p2b: Raging Bolt|Raging Bolt, L50|100/100\n|-ability|p1b: Chien-Pao|Sword of Ruin\n|-weather|SunnyDay|[from] ability: Orichalcum Pulse|[of] p2a: Koraidon\n|-activate|p2b: Raging Bolt|ability: Protosynthesis\n|-start|p2b: Raging Bolt|protosynthesisspa\n|-activate|p2a: Koraidon|Orichalcum Pulse|[source]\n|turn|1\n|\n|t:|1770725874\n|-end|p2b: Raging Bolt|Protosynthesis|[silent]\n|switch|p2b: Brute Bonnet|Brute Bonnet, L50|100/100\n|-activate|p2b: Brute Bonnet|ability: Protosynthesis\n|-start|p2b: Brute Bonnet|protosynthesisdef\n|-terastallize|p2a: Koraidon|Fire\n|move|p1a: Raichu|Fake Out|p2a: Koraidon\n|-damage|p2a: Koraidon|92/100\n|move|p1b: Chien-Pao|Icicle Crash|p2a: Koraidon\n|-resisted|p2a: Koraidon\n|-damage|p2a: Koraidon|67/100\n|cant|p2a: Koraidon|flinch\n|\n|-weather|SunnyDay|[upkeep]\n|upkeep\n|turn|2\n|\n|t:|1770725895\n|switch|p1b: Pelipper|Pelipper, L50, F|100/100\n|-weather|RainDance|[from] ability: Drizzle|[of] p1b: Pelipper\n|-end|p2b: Brute Bonnet|Protosynthesis\n|move|p2a: Koraidon|Flame Charge|p1b: Pelipper\n|-resisted|p1b: Pelipper\n|-damage|p1b: Pelipper|92/100\n|-boost|p2a: Koraidon|spe|1\n|move|p1a: Raichu|Nuzzle|p2a: Koraidon\n|-damage|p2a: Koraidon|61/100\n|-status|p2a: Koraidon|par\n|move|p2b: Brute Bonnet|Spore|p1a: Raichu\n|-status|p1a: Raichu|slp|[from] move: Spore\n|\n|-weather|RainDance|[upkeep]\n|upkeep\n|turn|3\n|\n|t:|1770725917\n|switch|p1a: Chien-Pao|Chien-Pao, L50|100/100\n|-ability|p1a: Chien-Pao|Sword of Ruin\n|switch|p2a: Raging Bolt|Raging Bolt, L50|100/100\n|move|p1b: Pelipper|Hurricane|p2b: Brute Bonnet\n|-supereffective|p2b: Brute Bonnet\n|-damage|p2b: Brute Bonnet|18/100\n|move|p2b: Brute Bonnet|Spore|p1b: Pelipper\n|-status|p1b: Pelipper|slp|[from] move: Spore\n|\n|-weather|RainDance|[upkeep]\n|upkeep\n|turn|4\n|\n|t:|1770725932\n|switch|p1b: Raichu|Raichu, L50, F, shiny|100/100 slp\n|move|p1a: Chien-Pao|Icicle Crash|p2a: Raging Bolt\n|-supereffective|p2a: Raging Bolt\n|-damage|p2a: Raging Bolt|18/100\n|cant|p2a: Raging Bolt|flinch\n|move|p2b: Brute Bonnet|Spore|p1a: Chien-Pao\n|-status|p1a: Chien-Pao|slp|[from] move: Spore\n|\n|-weather|RainDance|[upkeep]\n|upkeep\n|turn|5\n|\n|t:|1770725952\n|cant|p1b: Raichu|slp\n|cant|p1a: Chien-Pao|slp\n|move|p2a: Raging Bolt|Dragon Pulse|p1a: Chien-Pao\n|-damage|p1a: Chien-Pao|21/100 slp\n|move|p2b: Brute Bonnet|Seed Bomb|p1a: Chien-Pao\n|-damage|p1a: Chien-Pao|0 fnt\n|faint|p1a: Chien-Pao\n|\n|-weather|RainDance|[upkeep]\n|upkeep\n|\n|t:|1770725961\n|switch|p1a: Calyrex|Calyrex-Shadow, L50|100/100\n|-ability|p1a: Calyrex|As One\n|-ability|p1a: Calyrex|Unnerve\n|turn|6\n|\n|t:|1770725970\n|move|p2b: Brute Bonnet|Sucker Punch|p1a: Calyrex\n|-supereffective|p1a: Calyrex\n|-damage|p1a: Calyrex|0 fnt\n|faint|p1a: Calyrex\n|cant|p1b: Raichu|slp\n|move|p2a: Raging Bolt|Dragon Pulse|p1b: Raichu\n|-damage|p1b: Raichu|59/100 slp\n|\n|-weather|none\n|upkeep\n|\n|t:|1770725979\n|switch|p1a: Pelipper|Pelipper, L50, F|92/100 slp\n|-weather|RainDance|[from] ability: Drizzle|[of] p1a: Pelipper\n|turn|7\n|\n|t:|1770725993\n|move|p2b: Brute Bonnet|Sucker Punch|p1b: Raichu\n|-damage|p1b: Raichu|14/100 slp\n|cant|p1b: Raichu|slp\n|cant|p1a: Pelipper|slp\n|move|p2a: Raging Bolt|Dragon Pulse|p1b: Raichu\n|-crit|p1b: Raichu\n|-damage|p1b: Raichu|0 fnt\n|faint|p1b: Raichu\n|\n|-weather|RainDance|[upkeep]\n|upkeep\n|turn|8\n|-message|noturdad2 forfeited.\n|\n|win|VJ2511\n|raw|noturdad2's rating: 1345 &rarr; <strong>1330</strong><br />(-15 for losing)\n|raw|VJ2511's rating: 1439 &rarr; <strong>1454</strong><br />(+15 for winning)\n|l|\u203dnoturdad2\n|player|p1|\n|c|\u2606VJ2511|gg\n|j|\u203dnoturdad2\n|player|p1|noturdad2|byron|\n|l|\u2606VJ2511\n|player|p2|\n","uploadtime":1770726045,"views":19,"formatid":"gen9vgc2026regi","rating":1330,"private":0,"password":null}