{"id":"gen9vgc2026regi-2564406191","format":"[Gen 9] VGC 2026 Reg I","players":["JDizzle98","editaccount"],"log":"|j|\u2606JDizzle98\n|j|\u2606editaccount\n|t:|1774141884\n|gametype|doubles\n|player|p1|JDizzle98|colress|\n|player|p2|editaccount|101|\n|gen|9\n|tier|[Gen 9] VGC 2026 Reg I\n|rated|Tournament battle\n|rule|Species Clause: Limit one of each Pok\u00e9mon\n|rule|Item Clause: Limit 1 of each item\n|raw|<div class=\"infobox\"><details class=\"readmore\" open><summary><strong>3 custom rules:</strong></summary> Open Team Sheets, Force Open Team Sheets, !Open Team Sheets</details></div>\n|clearpoke\n|poke|p1|Brute Bonnet, L50|\n|poke|p1|Lunala, L50|\n|poke|p1|Ursaluna, L50, M|\n|poke|p1|Chi-Yu, L50|\n|poke|p1|Koraidon, L50|\n|poke|p1|Flutter Mane, L50|\n|poke|p2|Sinistcha, L50|\n|poke|p2|Urshifu-*, L50, M|\n|poke|p2|Terapagos, L50, M|\n|poke|p2|Miraidon, L50|\n|poke|p2|Incineroar, L50, F|\n|poke|p2|Iron Treads, L50|\n|teampreview|4\n|showteam|p1|Brute Bonnet||SitrusBerry|Protosynthesis|SuckerPunch,Spore,RagePowder,SeedBomb||||||50|,,,,,Water]Lunala||PowerHerb|ShadowShield|MoongeistBeam,MeteorBeam,WideGuard,TrickRoom||||||50|,,,,,Water]Ursaluna||FlameOrb|Guts|Protect,Facade,HeadlongRush,Earthquake|||M|||50|,,,,,Ghost]Chi-Yu||ChoiceScarf|BeadsofRuin|DarkPulse,HeatWave,Overheat,Snarl||||||50|,,,,,Ghost]Koraidon||LifeOrb|OrichalcumPulse|Protect,FlareBlitz,FlameCharge,CloseCombat||||||50|,,,,,Fire]Flutter Mane||FocusSash|Protosynthesis|ShadowBall,Moonblast,IcyWind,Protect||||||50|,,,,,Stellar\n|showteam|p2|Sinistcha||EjectButton|Hospitality|MatchaGotcha,RagePowder,LifeDew,Protect||||||50|,,,,,Dark]Urshifu-Rapid-Strike||FocusSash|UnseenFist|SurgingStrikes,CloseCombat,Detect,AquaJet|||M|||50|,,,,,Ghost]Terapagos||ElectricSeed|TeraShift|TeraStarstorm,EarthPower,Protect,CalmMind|||M|||50|,,,,,Stellar]Miraidon||ChoiceScarf|HadronEngine|ElectroDrift,VoltSwitch,DracoMeteor,Snarl||||||50|,,,,,Electric]Incineroar||AssaultVest|Intimidate|KnockOff,FakeOut,FlareBlitz,Uturn|||F|||50|,,,,,Bug]Iron Treads||LifeOrb|QuarkDrive|HighHorsepower,SteelRoller,RockSlide,Protect||||||50|,,,,,Ground\n|inactive|Battle timer is ON: inactive players will automatically lose when time's up. (requested by editaccount)\n|j| missouri mott\n|inactive|JDizzle98 has 60 seconds left.\n|\n|t:|1774141944\n|teamsize|p1|4\n|teamsize|p2|4\n|start\n|switch|p1a: Koraidon|Koraidon, L50|100/100\n|switch|p1b: Flutter Mane|Flutter Mane, L50|100/100\n|switch|p2a: Miraidon|Miraidon, L50, shiny|100/100\n|switch|p2b: Terapagos|Terapagos, L50, M|100/100\n|-activate|p2b: Terapagos|ability: Tera Shift\n|detailschange|p2b: Terapagos|Terapagos-Terastal, L50, M\n|-heal|p2b: Terapagos|100/100|[silent]\n|-fieldstart|move: Electric Terrain|[from] ability: Hadron Engine|[of] p2a: Miraidon\n|-enditem|p2b: Terapagos|Electric Seed\n|-boost|p2b: Terapagos|def|1|[from] item: Electric Seed\n|-weather|SunnyDay|[from] ability: Orichalcum Pulse|[of] p1a: Koraidon\n|-activate|p1b: Flutter Mane|ability: Protosynthesis\n|-start|p1b: Flutter Mane|protosynthesisspe\n|-activate|p1a: Koraidon|Orichalcum Pulse|[source]\n|turn|1\n|j| shadowtree87\n|inactive|JDizzle98 has 30 seconds left.\n|inactive|JDizzle98 has 20 seconds left.\n|\n|t:|1774141983\n|switch|p2a: Incineroar|Incineroar, L50, F|100/100\n|-ability|p2a: Incineroar|Intimidate|boost\n|-unboost|p1a: Koraidon|atk|1\n|-unboost|p1b: Flutter Mane|atk|1\n|-terastallize|p1b: Flutter Mane|Stellar\n|move|p2b: Terapagos|Protect|p2b: Terapagos\n|-singleturn|p2b: Terapagos|Protect\n|move|p1b: Flutter Mane|Moonblast|p2a: Incineroar\n|-damage|p2a: Incineroar|62/100\n|move|p1a: Koraidon|Flame Charge|p2b: Terapagos\n|-activate|p2b: Terapagos|move: Protect\n|\n|-weather|SunnyDay|[upkeep]\n|upkeep\n|turn|2\n|\n|t:|1774142003\n|switch|p1a: Lunala|Lunala, L50, shiny|100/100\n|move|p2a: Incineroar|Fake Out|p1a: Lunala\n|-immune|p1a: Lunala\n|move|p1b: Flutter Mane|Moonblast|p2b: Terapagos\n|-activate|p2b: Terapagos|ability: Tera Shell\n|-resisted|p2b: Terapagos\n|-damage|p2b: Terapagos|77/100\n|move|p2b: Terapagos|Calm Mind|p2b: Terapagos\n|-boost|p2b: Terapagos|spa|1\n|-boost|p2b: Terapagos|spd|1\n|\n|-weather|SunnyDay|[upkeep]\n|upkeep\n|turn|3\n|inactive|editaccount has 30 seconds left.\n|\n|t:|1774142029\n|switch|p2a: Sinistcha|Sinistcha, L50|100/100\n|-heal|p2b: Terapagos|100/100|[from] ability: Hospitality|[of] p2a: Sinistcha\n|move|p1b: Flutter Mane|Moonblast|p2b: Terapagos\n|-activate|p2b: Terapagos|ability: Tera Shell\n|-resisted|p2b: Terapagos\n|-damage|p2b: Terapagos|87/100\n|move|p1a: Lunala|Meteor Beam||[still]\n|-prepare|p1a: Lunala|Meteor Beam\n|-boost|p1a: Lunala|spa|1\n|-enditem|p1a: Lunala|Power Herb\n|-anim|p1a: Lunala|Meteor Beam|p2a: Sinistcha|[miss]\n|-miss|p1a: Lunala|p2a: Sinistcha\n|move|p2b: Terapagos|Earth Power|p1b: Flutter Mane\n|-damage|p1b: Flutter Mane|62/100\n|\n|-weather|SunnyDay|[upkeep]\n|upkeep\n|turn|4\n|j| Midladder Crisis\n|inactive|editaccount has 30 seconds left.\n|\n|t:|1774142057\n|switch|p2a: Incineroar|Incineroar, L50, F|62/100\n|-ability|p2a: Incineroar|Intimidate|boost\n|-unboost|p1a: Lunala|atk|1\n|-unboost|p1b: Flutter Mane|atk|1\n|move|p2b: Terapagos|Protect|p2b: Terapagos\n|-singleturn|p2b: Terapagos|Protect\n|move|p1b: Flutter Mane|Icy Wind|p2a: Incineroar|[spread] p2a\n|-activate|p2b: Terapagos|move: Protect\n|-resisted|p2a: Incineroar\n|-damage|p2a: Incineroar|57/100\n|-unboost|p2a: Incineroar|spe|1\n|move|p1a: Lunala|Moongeist Beam|p2a: Incineroar\n|-resisted|p2a: Incineroar\n|-damage|p2a: Incineroar|36/100\n|\n|-weather|SunnyDay|[upkeep]\n|upkeep\n|turn|5\n|\n|t:|1774142080\n|move|p1b: Flutter Mane|Icy Wind|p2b: Terapagos|[spread] p2a,p2b\n|-resisted|p2a: Incineroar\n|-damage|p2a: Incineroar|32/100\n|-damage|p2b: Terapagos|79/100\n|-unboost|p2a: Incineroar|spe|1\n|-unboost|p2b: Terapagos|spe|1\n|move|p1a: Lunala|Moongeist Beam|p2a: Incineroar\n|-resisted|p2a: Incineroar\n|-damage|p2a: Incineroar|11/100\n|move|p2b: Terapagos|Earth Power|p1a: Lunala\n|-damage|p1a: Lunala|89/100\n|move|p2a: Incineroar|Flare Blitz|p1b: Flutter Mane\n|-damage|p1b: Flutter Mane|0 fnt\n|faint|p1b: Flutter Mane\n|-end|p1b: Flutter Mane|Protosynthesis|[silent]\n|-damage|p2a: Incineroar|0 fnt|[from] Recoil\n|faint|p2a: Incineroar\n|\n|-weather|none\n|-fieldend|move: Electric Terrain\n|upkeep\n|inactive|editaccount has 30 seconds left.\n|\n|t:|1774142106\n|switch|p1b: Koraidon|Koraidon, L50|100/100\n|switch|p2a: Miraidon|Miraidon, L50, shiny|100/100\n|-fieldstart|move: Electric Terrain|[from] ability: Hadron Engine|[of] p2a: Miraidon\n|-weather|SunnyDay|[from] ability: Orichalcum Pulse|[of] p1b: Koraidon\n|-activate|p1b: Koraidon|Orichalcum Pulse|[source]\n|turn|6\n|\n|t:|1774142125\n|-terastallize|p2b: Terapagos|Stellar\n|detailschange|p2b: Terapagos|Terapagos-Stellar, L50, M, tera:Stellar\n|-heal|p2b: Terapagos|84/100|[silent]\n|-ability|p2b: Terapagos|Teraform Zero\n|-weather|none\n|-fieldend|move: Electric Terrain\n|move|p1b: Koraidon|Protect|p1b: Koraidon\n|-singleturn|p1b: Koraidon|Protect\n|move|p2a: Miraidon|Volt Switch|p1a: Lunala\n|-damage|p1a: Lunala|64/100\n|j| rio1stplace\n|\n|t:|1774142135\n|switch|p2a: Sinistcha|Sinistcha, L50|100/100|[from] Volt Switch\n|-heal|p2b: Terapagos|100/100|[from] ability: Hospitality|[of] p2a: Sinistcha\n|move|p1a: Lunala|Moongeist Beam|p2a: Sinistcha\n|-supereffective|p2a: Sinistcha\n|-damage|p2a: Sinistcha|0 fnt\n|faint|p2a: Sinistcha\n|move|p2b: Terapagos|Tera Starstorm|p1a: Lunala|[spread] p1a\n|-activate|p1b: Koraidon|move: Protect\n|-damage|p1a: Lunala|34/100\n|\n|upkeep\n|\n|t:|1774142138\n|switch|p2a: Miraidon|Miraidon, L50, shiny|100/100\n|-fieldstart|move: Electric Terrain|[from] ability: Hadron Engine|[of] p2a: Miraidon\n|turn|7\n|inactive|JDizzle98 has 30 seconds left.\n|inactive|JDizzle98 has 20 seconds left.\n|\n|t:|1774142174\n|switch|p1b: Brute Bonnet|Brute Bonnet, L50, shiny|100/100\n|move|p1a: Lunala|Wide Guard|p1a: Lunala\n|-singleturn|p1a: Lunala|Wide Guard\n|move|p2a: Miraidon|Draco Meteor|p1b: Brute Bonnet|[miss]\n|-miss|p2a: Miraidon|p1b: Brute Bonnet\n|move|p2b: Terapagos|Tera Starstorm|p1b: Brute Bonnet|[spread] \n|-activate|p1a: Lunala|move: Wide Guard\n|-activate|p1b: Brute Bonnet|move: Wide Guard\n|\n|upkeep\n|turn|8\n|l| rio1stplace\n|j| b3testing\n|l| shadowtree87\n|\n|t:|1774142197\n|move|p1b: Brute Bonnet|Rage Powder|p1b: Brute Bonnet\n|-singleturn|p1b: Brute Bonnet|move: Rage Powder\n|move|p2a: Miraidon|Draco Meteor|p1b: Brute Bonnet\n|-damage|p1b: Brute Bonnet|29/100\n|-unboost|p2a: Miraidon|spa|2\n|-enditem|p1b: Brute Bonnet|Sitrus Berry|[eat]\n|-heal|p1b: Brute Bonnet|54/100|[from] item: Sitrus Berry\n|move|p1a: Lunala|Moongeist Beam|p2a: Miraidon\n|-damage|p2a: Miraidon|31/100\n|move|p2b: Terapagos|Tera Starstorm|p1b: Brute Bonnet|[spread] p1a,p1b\n|-damage|p1a: Lunala|3/100\n|-damage|p1b: Brute Bonnet|18/100\n|\n|upkeep\n|turn|9\n|j| TimeforCHILLI\n|\n|t:|1774142221\n|move|p1a: Lunala|Wide Guard|p1a: Lunala\n|-singleturn|p1a: Lunala|Wide Guard\n|move|p1b: Brute Bonnet|Sucker Punch|p2a: Miraidon\n|-damage|p2a: Miraidon|2/100\n|move|p2a: Miraidon|Draco Meteor|p1a: Lunala|[miss]\n|-miss|p2a: Miraidon|p1a: Lunala\n|move|p2b: Terapagos|Calm Mind|p2b: Terapagos\n|-boost|p2b: Terapagos|spa|1\n|-boost|p2b: Terapagos|spd|1\n|\n|upkeep\n|turn|10\n|\n|t:|1774142244\n|move|p1a: Lunala|Wide Guard|p1a: Lunala\n|-singleturn|p1a: Lunala|Wide Guard\n|move|p1b: Brute Bonnet|Sucker Punch|p2a: Miraidon\n|-damage|p2a: Miraidon|0 fnt\n|faint|p2a: Miraidon\n|move|p2b: Terapagos|Earth Power|p1a: Lunala\n|-damage|p1a: Lunala|0 fnt\n|faint|p1a: Lunala\n|\n|upkeep\n|j| snowpoffers\n|\n|t:|1774142253\n|switch|p1a: Koraidon|Koraidon, L50|100/100\n|-weather|SunnyDay|[from] ability: Orichalcum Pulse|[of] p1a: Koraidon\n|-activate|p1b: Brute Bonnet|ability: Protosynthesis\n|-start|p1b: Brute Bonnet|protosynthesisdef\n|-activate|p1a: Koraidon|Orichalcum Pulse|[source]\n|turn|11\n|j| ZaVGC\n|l| ZaVGC\n|inactive|JDizzle98 has 30 seconds left.\n|\n|t:|1774142279\n|move|p1b: Brute Bonnet|Sucker Punch|p2b: Terapagos\n|-damage|p2b: Terapagos|91/100\n|move|p1a: Koraidon|Close Combat|p2b: Terapagos\n|-supereffective|p2b: Terapagos\n|-damage|p2b: Terapagos|9/100\n|-unboost|p1a: Koraidon|def|1\n|-unboost|p1a: Koraidon|spd|1\n|-damage|p1a: Koraidon|91/100|[from] item: Life Orb\n|move|p2b: Terapagos|Tera Starstorm|p1a: Koraidon|[spread] p1a,p1b\n|-damage|p1a: Koraidon|0 fnt\n|-damage|p1b: Brute Bonnet|0 fnt\n|faint|p1a: Koraidon\n|faint|p1b: Brute Bonnet\n|-end|p1b: Brute Bonnet|Protosynthesis|[silent]\n|\n|win|editaccount\n|n|\u2606JDizzle98|jdizzle98\n|n|\u2606editaccount|editaccount\n|n| missouri mott|missourimott\n|n| Midladder Crisis|midladdercrisis\n|n| b3testing|b3testing\n|n| TimeforCHILLI|timeforchilli\n|n| snowpoffers|snowpoffers\n|c|\u2606JDizzle98|gg\n","uploadtime":1774142287,"views":24,"formatid":"gen9vgc2026regi","rating":null,"private":0,"password":null}