{"id":"gen9vgc2026regi-2516547525","format":"[Gen 9] VGC 2026 Reg I","players":["bernard31/reis","j0l0k0"],"log":"|j|\u2606bernard31/reis\n|j|\u2606j0l0k0\n|t:|1768154435\n|gametype|doubles\n|player|p1|bernard31/reis|wallace|1210\n|player|p2|j0l0k0|brycen|1232\n|gen|9\n|tier|[Gen 9] VGC 2026 Reg I\n|rated|\n|rule|Species Clause: Limit one of each Pok\u00e9mon\n|rule|Item Clause: Limit 1 of each item\n|clearpoke\n|poke|p1|Calyrex-Ice, L50|\n|poke|p1|Miraidon, L50|\n|poke|p1|Iron Valiant, L50|\n|poke|p1|Landorus, L50, M|\n|poke|p1|Pelipper, L50, M|\n|poke|p1|Farigiraf, L50, F|\n|poke|p2|Calyrex-Ice, L50|\n|poke|p2|Kyogre, L50|\n|poke|p2|Indeedee-F, L50, F|\n|poke|p2|Urshifu-*, L50, F|\n|poke|p2|Amoonguss, L50, F|\n|poke|p2|Landorus, L50, M|\n|teampreview|4\n|inactive|Battle timer is ON: inactive players will automatically lose when time's up. (requested by j0l0k0)\n|\n|t:|1768154461\n|teamsize|p1|4\n|teamsize|p2|4\n|start\n|switch|p1a: Calyrex|Calyrex-Ice, L50|100/100\n|switch|p1b: Miraidon|Miraidon, L50|100/100\n|switch|p2a: Indeedee|Indeedee-F, L50, F, shiny|100/100\n|switch|p2b: Calyrex|Calyrex-Ice, L50|100/100\n|-ability|p1a: Calyrex|As One\n|-ability|p1a: Calyrex|Unnerve\n|-ability|p2b: Calyrex|As One\n|-ability|p2b: Calyrex|Unnerve\n|-fieldstart|move: Electric Terrain|[from] ability: Hadron Engine|[of] p1b: Miraidon\n|-fieldstart|move: Psychic Terrain|[from] ability: Psychic Surge|[of] p2a: Indeedee\n|turn|1\n|inactive|j0l0k0 has 30 seconds left.\n|inactive|j0l0k0 has 20 seconds left.\n|inactive|j0l0k0 has 15 seconds left.\n|inactive|j0l0k0 has 10 seconds left.\n|\n|t:|1768154508\n|-terastallize|p1b: Miraidon|Electric\n|move|p2a: Indeedee|Follow Me|p2a: Indeedee\n|-singleturn|p2a: Indeedee|move: Follow Me\n|move|p1b: Miraidon|Volt Switch|p2a: Indeedee\n|-damage|p2a: Indeedee|36/100\n|\n|t:|1768154518\n|switch|p1b: Iron Valiant|Iron Valiant, L50, shiny|100/100|[from] Volt Switch\n|-enditem|p1b: Iron Valiant|Booster Energy\n|-activate|p1b: Iron Valiant|ability: Quark Drive|[fromitem]\n|-start|p1b: Iron Valiant|quarkdrivespe\n|move|p2b: Calyrex|Glacial Lance|p1b: Iron Valiant|[spread] p1a,p1b\n|-resisted|p1a: Calyrex\n|-damage|p1a: Calyrex|84/100\n|-damage|p1b: Iron Valiant|34/100\n|move|p1a: Calyrex|Leech Seed|p2a: Indeedee\n|-start|p2a: Indeedee|move: Leech Seed\n|\n|-heal|p1a: Calyrex|90/100|[from] item: Leftovers\n|-damage|p2a: Indeedee|24/100|[from] Leech Seed|[of] p1a: Calyrex\n|-heal|p1a: Calyrex|100/100|[silent]\n|upkeep\n|turn|2\n|\n|t:|1768154532\n|move|p2a: Indeedee|Follow Me|p2a: Indeedee\n|-singleturn|p2a: Indeedee|move: Follow Me\n|move|p1b: Iron Valiant|Coaching|p1a: Calyrex\n|-boost|p1a: Calyrex|atk|1\n|-boost|p1a: Calyrex|def|1\n|move|p1a: Calyrex|Glacial Lance|p2b: Calyrex|[spread] p2a,p2b\n|-resisted|p2b: Calyrex\n|-damage|p2a: Indeedee|0 fnt\n|-damage|p2b: Calyrex|78/100\n|faint|p2a: Indeedee\n|-ability|p1a: Calyrex|Chilling Neigh|boost\n|-boost|p1a: Calyrex|atk|1\n|move|p2b: Calyrex|Trick Room|p2b: Calyrex\n|-fieldstart|move: Trick Room|[of] p2b: Calyrex\n|\n|upkeep\n|\n|t:|1768154555\n|switch|p2a: Urshifu|Urshifu, L50, F|100/100\n|turn|3\n|\n|t:|1768154566\n|move|p1b: Iron Valiant|Wide Guard|p1b: Iron Valiant\n|-singleturn|p1b: Iron Valiant|Wide Guard\n|move|p1a: Calyrex|Glacial Lance|p2a: Urshifu|[spread] p2a,p2b\n|-resisted|p2b: Calyrex\n|-damage|p2a: Urshifu|9/100\n|-damage|p2b: Calyrex|48/100\n|move|p2b: Calyrex|Glacial Lance|p1a: Calyrex|[spread] \n|-activate|p1a: Calyrex|move: Wide Guard\n|-activate|p1b: Iron Valiant|move: Wide Guard\n|move|p2a: Urshifu|Wicked Blow|p1a: Calyrex\n|-supereffective|p1a: Calyrex\n|-crit|p1a: Calyrex\n|-damage|p1a: Calyrex|28/100\n|\n|-heal|p1a: Calyrex|34/100|[from] item: Leftovers\n|upkeep\n|turn|4\n|inactive|bernard31/reis has 30 seconds left.\n|inactive|j0l0k0 has 30 seconds left.\n|\n|t:|1768154599\n|move|p2a: Urshifu|Protect|p2a: Urshifu\n|-singleturn|p2a: Urshifu|Protect\n|move|p1b: Iron Valiant|Wide Guard|p1b: Iron Valiant\n|-singleturn|p1b: Iron Valiant|Wide Guard\n|move|p2b: Calyrex|Crunch|p1a: Calyrex\n|-supereffective|p1a: Calyrex\n|-damage|p1a: Calyrex|3/100\n|move|p1a: Calyrex|Glacial Lance|p2a: Urshifu|[spread] p2b\n|-activate|p2a: Urshifu|move: Protect\n|-resisted|p2b: Calyrex\n|-damage|p2b: Calyrex|18/100\n|\n|-heal|p1a: Calyrex|9/100|[from] item: Leftovers\n|upkeep\n|turn|5\n|\n|t:|1768154623\n|move|p1b: Iron Valiant|Wide Guard|p1b: Iron Valiant\n|-singleturn|p1b: Iron Valiant|Wide Guard\n|move|p2b: Calyrex|Crunch|p1a: Calyrex\n|-supereffective|p1a: Calyrex\n|-damage|p1a: Calyrex|0 fnt\n|faint|p1a: Calyrex\n|-ability|p2b: Calyrex|Chilling Neigh|boost\n|-boost|p2b: Calyrex|atk|1\n|move|p2a: Urshifu|Poison Jab|p1b: Iron Valiant\n|-supereffective|p1b: Iron Valiant\n|-damage|p1b: Iron Valiant|0 fnt\n|faint|p1b: Iron Valiant\n|-end|p1b: Iron Valiant|Quark Drive|[silent]\n|\n|-fieldend|move: Psychic Terrain\n|upkeep\n|\n|t:|1768154626\n|switch|p1a: Pelipper|Pelipper, L50, M|100/100\n|switch|p1b: Miraidon|Miraidon, L50, tera:Electric|100/100\n|-weather|RainDance|[from] ability: Drizzle|[of] p1a: Pelipper\n|-fieldstart|move: Electric Terrain|[from] ability: Hadron Engine|[of] p1b: Miraidon\n|turn|6\n|inactive|j0l0k0 has 30 seconds left.\n|\n|t:|1768154656\n|move|p1a: Pelipper|Wide Guard|p1a: Pelipper\n|-singleturn|p1a: Pelipper|Wide Guard\n|move|p2b: Calyrex|Glacial Lance|p1b: Miraidon|[spread] \n|-activate|p1a: Pelipper|move: Wide Guard\n|-activate|p1b: Miraidon|move: Wide Guard\n|move|p2a: Urshifu|Wicked Blow|p1b: Miraidon\n|-crit|p1b: Miraidon\n|-damage|p1b: Miraidon|30/100\n|move|p1b: Miraidon|Discharge|p2a: Urshifu|[spread] p2a,p2b\n|-activate|p1a: Pelipper|move: Wide Guard\n|-damage|p2a: Urshifu|0 fnt\n|-damage|p2b: Calyrex|0 fnt\n|faint|p2a: Urshifu\n|faint|p2b: Calyrex\n|\n|-weather|RainDance|[upkeep]\n|-fieldend|move: Trick Room\n|upkeep\n|\n|t:|1768154674\n|switch|p2b: Kyogre|Kyogre, L50, shiny|100/100\n|turn|7\n|\n|t:|1768154682\n|-terastallize|p2b: Kyogre|Grass\n|move|p1a: Pelipper|Wide Guard|p1a: Pelipper\n|-singleturn|p1a: Pelipper|Wide Guard\n|move|p1b: Miraidon|Discharge|p2b: Kyogre|[spread] p2b\n|-activate|p1a: Pelipper|move: Wide Guard\n|-resisted|p2b: Kyogre\n|-damage|p2b: Kyogre|75/100\n|move|p2b: Kyogre|Thunder|p1a: Pelipper\n|-supereffective|p1a: Pelipper\n|-enditem|p1a: Pelipper|Focus Sash\n|-damage|p1a: Pelipper|1/100\n|\n|-weather|RainDance|[upkeep]\n|upkeep\n|turn|8\n|inactive|j0l0k0 has 30 seconds left.\n|inactive|j0l0k0 has 20 seconds left.\n|\n|t:|1768154721\n|move|p1a: Pelipper|Wide Guard|p1a: Pelipper\n|-singleturn|p1a: Pelipper|Wide Guard\n|move|p1b: Miraidon|Discharge|p2b: Kyogre|[spread] p2b\n|-activate|p1a: Pelipper|move: Wide Guard\n|-resisted|p2b: Kyogre\n|-damage|p2b: Kyogre|47/100\n|move|p2b: Kyogre|Ice Beam|p1a: Pelipper\n|-damage|p1a: Pelipper|0 fnt\n|faint|p1a: Pelipper\n|\n|-weather|RainDance|[upkeep]\n|upkeep\n|turn|9\n|\n|t:|1768154732\n|move|p1b: Miraidon|Discharge|p2b: Kyogre\n|-resisted|p2b: Kyogre\n|-damage|p2b: Kyogre|15/100\n|move|p2b: Kyogre|Ice Beam|p1b: Miraidon\n|-damage|p1b: Miraidon|0 fnt\n|faint|p1b: Miraidon\n|\n|win|j0l0k0\n|raw|bernard31&#x2f;reis's rating: 1210 &rarr; <strong>1187</strong><br />(-23 for losing)\n|raw|j0l0k0's rating: 1232 &rarr; <strong>1255</strong><br />(+23 for winning)\n|l|\u2606j0l0k0\n|player|p2|\n|l|\u2606bernard31/reis\n|player|p1|\n","uploadtime":1768154986,"views":12,"formatid":"gen9vgc2026regi","rating":1187,"private":0,"password":null}