{"id":"gen9vgc2026regi-2544819723","format":"[Gen 9] VGC 2026 Reg I","players":["VJ2511","Schimmli"],"log":"|j|\u2606VJ2511\n|j|\u2606Schimmli\n|t:|1771765576\n|gametype|doubles\n|player|p1|VJ2511|red-masters3|1592\n|player|p2|Schimmli|266|1634\n|gen|9\n|tier|[Gen 9] VGC 2026 Reg I\n|rated|\n|rule|Species Clause: Limit one of each Pok\u00e9mon\n|rule|Item Clause: Limit 1 of each item\n|clearpoke\n|poke|p1|Calyrex-Shadow, L50|\n|poke|p1|Zamazenta-*, L50|\n|poke|p1|Chien-Pao, L50|\n|poke|p1|Dragonite, L50, M|\n|poke|p1|Raging Bolt, L50|\n|poke|p1|Amoonguss, L50, F|\n|poke|p2|Terapagos, L50, M|\n|poke|p2|Calyrex-Shadow, L50|\n|poke|p2|Flutter Mane, L50|\n|poke|p2|Ogerpon-Cornerstone, L50, F|\n|poke|p2|Incineroar, L50, M|\n|poke|p2|Rillaboom, L50, F|\n|teampreview|4\n|inactive|Battle timer is ON: inactive players will automatically lose when time's up. (requested by VJ2511)\n|\n|t:|1771765607\n|teamsize|p1|4\n|teamsize|p2|4\n|start\n|switch|p1a: Zamazenta|Zamazenta-Crowned, L50|100/100\n|switch|p1b: Chien-Pao|Chien-Pao, L50|100/100\n|switch|p2a: Terapagos|Terapagos, L50, M|100/100\n|switch|p2b: Calyrex|Calyrex-Shadow, L50|100/100\n|-activate|p2a: Terapagos|ability: Tera Shift\n|detailschange|p2a: Terapagos|Terapagos-Terastal, L50, M\n|-heal|p2a: Terapagos|100/100|[silent]\n|-ability|p2b: Calyrex|As One\n|-ability|p2b: Calyrex|Unnerve\n|-ability|p1b: Chien-Pao|Sword of Ruin\n|-ability|p1a: Zamazenta|Dauntless Shield|boost\n|-boost|p1a: Zamazenta|def|1\n|turn|1\n|\n|t:|1771765625\n|move|p2a: Terapagos|Protect|p2a: Terapagos\n|-singleturn|p2a: Terapagos|Protect\n|move|p2b: Calyrex|Will-O-Wisp|p1a: Zamazenta\n|-status|p1a: Zamazenta|brn\n|move|p1b: Chien-Pao|Icy Wind|p2b: Calyrex|[spread] p2b\n|-activate|p2a: Terapagos|move: Protect\n|-damage|p2b: Calyrex|88/100\n|-unboost|p2b: Calyrex|spe|1\n|move|p1a: Zamazenta|Heavy Slam|p2b: Calyrex\n|-damage|p2b: Calyrex|47/100\n|\n|-damage|p1a: Zamazenta|94/100 brn|[from] brn\n|upkeep\n|turn|2\n|\n|t:|1771765646\n|switch|p2b: Incineroar|Incineroar, L50, M, shiny|100/100\n|-ability|p2b: Incineroar|Intimidate|boost\n|-unboost|p1a: Zamazenta|atk|1\n|-unboost|p1b: Chien-Pao|atk|1\n|move|p1b: Chien-Pao|Ruination|p2a: Terapagos\n|-damage|p2a: Terapagos|50/100\n|move|p1a: Zamazenta|Body Press|p2a: Terapagos\n|-supereffective|p2a: Terapagos\n|-damage|p2a: Terapagos|0 fnt\n|faint|p2a: Terapagos\n|\n|-damage|p1a: Zamazenta|88/100 brn|[from] brn\n|upkeep\n|\n|t:|1771765657\n|switch|p2a: Calyrex|Calyrex-Shadow, L50|47/100\n|-ability|p2a: Calyrex|As One\n|-ability|p2a: Calyrex|Unnerve\n|turn|3\n|\n|t:|1771765665\n|move|p2b: Incineroar|Fake Out|p1b: Chien-Pao\n|-damage|p1b: Chien-Pao|86/100\n|move|p2a: Calyrex|Will-O-Wisp|p1b: Chien-Pao\n|-status|p1b: Chien-Pao|brn\n|cant|p1b: Chien-Pao|flinch\n|move|p1a: Zamazenta|Body Press|p2b: Incineroar\n|-supereffective|p2b: Incineroar\n|-damage|p2b: Incineroar|40/100\n|-damage|p1a: Zamazenta|72/100 brn|[from] item: Rocky Helmet|[of] p2b: Incineroar\n|\n|-damage|p1b: Chien-Pao|80/100 brn|[from] brn\n|-damage|p1a: Zamazenta|66/100 brn|[from] brn\n|upkeep\n|turn|4\n|\n|t:|1771765687\n|move|p2a: Calyrex|Protect|p2a: Calyrex\n|-singleturn|p2a: Calyrex|Protect\n|move|p1b: Chien-Pao|Icy Wind|p2b: Incineroar|[spread] p2b\n|-activate|p2a: Calyrex|move: Protect\n|-resisted|p2b: Incineroar\n|-damage|p2b: Incineroar|35/100\n|-unboost|p2b: Incineroar|spe|1\n|move|p1a: Zamazenta|Body Press|p2b: Incineroar\n|-supereffective|p2b: Incineroar\n|-damage|p2b: Incineroar|0 fnt\n|-damage|p1a: Zamazenta|50/100 brn|[from] item: Rocky Helmet|[of] p2b: Incineroar\n|faint|p2b: Incineroar\n|\n|-damage|p1b: Chien-Pao|74/100 brn|[from] brn\n|-damage|p1a: Zamazenta|44/100 brn|[from] brn\n|upkeep\n|\n|t:|1771765699\n|switch|p2b: Flutter Mane|Flutter Mane, L50|100/100\n|-enditem|p2b: Flutter Mane|Booster Energy\n|-activate|p2b: Flutter Mane|ability: Protosynthesis|[fromitem]\n|-start|p2b: Flutter Mane|protosynthesisspe\n|turn|5\n|\n|t:|1771765713\n|-terastallize|p2b: Flutter Mane|Fairy\n|move|p1b: Chien-Pao|Sucker Punch|p2a: Calyrex\n|-supereffective|p2a: Calyrex\n|-damage|p2a: Calyrex|0 fnt\n|faint|p2a: Calyrex\n|move|p2b: Flutter Mane|Moonblast|p1b: Chien-Pao\n|-supereffective|p1b: Chien-Pao\n|-damage|p1b: Chien-Pao|0 fnt\n|faint|p1b: Chien-Pao\n|move|p1a: Zamazenta|Heavy Slam|p2b: Flutter Mane\n|-supereffective|p2b: Flutter Mane\n|-damage|p2b: Flutter Mane|50/100\n|\n|-damage|p1a: Zamazenta|38/100 brn|[from] brn\n|upkeep\n|c|\u2606VJ2511|gg\n|c|\u2606Schimmli|gg\n|\n|t:|1771765724\n|switch|p1b: Calyrex|Calyrex-Shadow, L50|100/100\n|-ability|p1b: Calyrex|As One\n|-ability|p1b: Calyrex|Unnerve\n|turn|6\n|\n|t:|1771765729\n|-terastallize|p1b: Calyrex|Ghost\n|move|p2b: Flutter Mane|Moonblast|p1b: Calyrex\n|-damage|p1b: Calyrex|45/100\n|-unboost|p1b: Calyrex|spa|1\n|move|p1b: Calyrex|Astral Barrage|p2b: Flutter Mane\n|-damage|p2b: Flutter Mane|0 fnt\n|faint|p2b: Flutter Mane\n|-end|p2b: Flutter Mane|Protosynthesis|[silent]\n|\n|win|VJ2511\n|raw|VJ2511's rating: 1592 &rarr; <strong>1614</strong><br />(+22 for winning)\n|raw|Schimmli's rating: 1634 &rarr; <strong>1612</strong><br />(-22 for losing)\n|l|\u2606Schimmli\n|player|p2|\n|l|\u2606VJ2511\n|player|p1|\n","uploadtime":1771765738,"views":184,"formatid":"gen9vgc2026regi","rating":1612,"private":0,"password":null}