{"id":"gen9vgc2026regi-2535879622","format":"[Gen 9] VGC 2026 Reg I","players":["Schubart","blackred123"],"log":"|j|\u2606Schubart\n|j|\u2606blackred123\n|t:|1770625710\n|gametype|doubles\n|player|p1|Schubart|102|1245\n|player|p2|blackred123|iono-masters|1253\n|gen|9\n|tier|[Gen 9] VGC 2026 Reg I\n|rated|\n|rule|Species Clause: Limit one of each Pok\u00e9mon\n|rule|Item Clause: Limit 1 of each item\n|clearpoke\n|poke|p1|Muk-Alola, L50, F|\n|poke|p1|Smeargle, L50, M|\n|poke|p1|Lugia, L50|\n|poke|p1|Miraidon, L50|\n|poke|p1|Sinistcha-Masterpiece, L50|\n|poke|p1|Urshifu-*, L50, M|\n|poke|p2|Mewtwo, L50|\n|poke|p2|Indeedee-F, L50, F|\n|poke|p2|Zamazenta-*, L50|\n|poke|p2|Tornadus, L50, M|\n|poke|p2|Chi-Yu, L50|\n|poke|p2|Amoonguss, L50, F|\n|teampreview|4\n|inactive|Battle timer is ON: inactive players will automatically lose when time's up. (requested by blackred123)\n|\n|t:|1770625722\n|teamsize|p1|4\n|teamsize|p2|4\n|start\n|switch|p1a: Muk|Muk-Alola, L50, F|100/100\n|switch|p1b: Smeargle|Smeargle, L50, M|100/100\n|switch|p2a: Zamazenta|Zamazenta-Crowned, L50|100/100\n|switch|p2b: Amoonguss|Amoonguss, L50, F|100/100\n|-ability|p2a: Zamazenta|Dauntless Shield|boost\n|-boost|p2a: Zamazenta|def|1\n|turn|1\n|\n|t:|1770625738\n|move|p1b: Smeargle|Fake Out|p2a: Zamazenta\n|-resisted|p2a: Zamazenta\n|-damage|p2a: Zamazenta|99/100\n|cant|p2a: Zamazenta|flinch\n|move|p1a: Muk|Minimize|p1a: Muk\n|-boost|p1a: Muk|evasion|2\n|move|p2b: Amoonguss|Spore|p1a: Muk|[miss]\n|-miss|p2b: Amoonguss|p1a: Muk\n|\n|-ability|p1b: Smeargle|Moody|boost\n|-boost|p1b: Smeargle|def|2\n|-unboost|p1b: Smeargle|spd|1\n|upkeep\n|turn|2\n|inactive|blackred123 has 30 seconds left.\n|\n|t:|1770625765\n|move|p2b: Amoonguss|Rage Powder|p2b: Amoonguss\n|-singleturn|p2b: Amoonguss|move: Rage Powder\n|move|p2a: Zamazenta|Body Press|p1b: Smeargle\n|-supereffective|p1b: Smeargle\n|-enditem|p1b: Smeargle|Focus Sash\n|-damage|p1b: Smeargle|1/100\n|move|p1b: Smeargle|Spore|p2b: Amoonguss\n|-immune|p2b: Amoonguss\n|move|p1a: Muk|Substitute|p1a: Muk\n|-start|p1a: Muk|Substitute\n|-damage|p1a: Muk|75/100\n|\n|-heal|p1a: Muk|82/100|[from] item: Leftovers\n|-ability|p1b: Smeargle|Moody|boost\n|-boost|p1b: Smeargle|spa|2\n|-unboost|p1b: Smeargle|def|1\n|upkeep\n|turn|3\n|j| Yancy0721\u56fe\u56fe\u72ac\u4fa0\n|\n|t:|1770625786\n|move|p2a: Zamazenta|Body Press|p1b: Smeargle\n|-supereffective|p1b: Smeargle\n|-damage|p1b: Smeargle|0 fnt\n|faint|p1b: Smeargle\n|-ability|p1a: Muk|Moody|Power of Alchemy|[from] ability: Power of Alchemy|[of] p1b: Smeargle\n|move|p1a: Muk|Minimize|p1a: Muk\n|-boost|p1a: Muk|evasion|2\n|move|p2b: Amoonguss|Pollen Puff|p1a: Muk|[miss]\n|-miss|p2b: Amoonguss|p1a: Muk\n|\n|-heal|p1a: Muk|88/100|[from] item: Leftovers\n|-ability|p1a: Muk|Moody|boost\n|-boost|p1a: Muk|def|2\n|-unboost|p1a: Muk|spe|1\n|upkeep\n|\n|t:|1770625805\n|switch|p1b: Miraidon|Miraidon, L50|100/100\n|-fieldstart|move: Electric Terrain|[from] ability: Hadron Engine|[of] p1b: Miraidon\n|turn|4\n|\n|t:|1770625812\n|move|p2b: Amoonguss|Rage Powder|p2b: Amoonguss\n|-singleturn|p2b: Amoonguss|move: Rage Powder\n|move|p1b: Miraidon|Electro Drift|p2b: Amoonguss\n|-resisted|p2b: Amoonguss\n|-damage|p2b: Amoonguss|39/100\n|-damage|p1b: Miraidon|84/100|[from] item: Rocky Helmet|[of] p2b: Amoonguss\n|move|p2a: Zamazenta|Heavy Slam|p1a: Muk\n|-end|p1a: Muk|Substitute\n|move|p1a: Muk|Minimize|p1a: Muk\n|-boost|p1a: Muk|evasion|2\n|\n|-heal|p1a: Muk|94/100|[from] item: Leftovers\n|-ability|p1a: Muk|Moody|boost\n|-boost|p1a: Muk|def|2\n|-unboost|p1a: Muk|spd|1\n|upkeep\n|turn|5\n|\n|t:|1770625837\n|move|p2b: Amoonguss|Rage Powder|p2b: Amoonguss\n|-singleturn|p2b: Amoonguss|move: Rage Powder\n|move|p1b: Miraidon|Electro Drift|p2b: Amoonguss\n|-resisted|p2b: Amoonguss\n|-damage|p2b: Amoonguss|0 fnt\n|-damage|p1b: Miraidon|68/100|[from] item: Rocky Helmet|[of] p2b: Amoonguss\n|faint|p2b: Amoonguss\n|move|p2a: Zamazenta|Heavy Slam|p1a: Muk\n|-damage|p1a: Muk|65/100\n|move|p1a: Muk|Substitute|p1a: Muk\n|-start|p1a: Muk|Substitute\n|-damage|p1a: Muk|40/100\n|\n|-heal|p1a: Muk|46/100|[from] item: Leftovers\n|-ability|p1a: Muk|Moody|boost\n|-boost|p1a: Muk|spe|2\n|-unboost|p1a: Muk|atk|1\n|upkeep\n|\n|t:|1770625850\n|switch|p2b: Indeedee|Indeedee-F, L50, F|100/100\n|-fieldstart|move: Psychic Terrain|[from] ability: Psychic Surge|[of] p2b: Indeedee\n|turn|6\n|\n|t:|1770625863\n|-terastallize|p2a: Zamazenta|Dragon\n|move|p2b: Indeedee|Helping Hand|p2a: Zamazenta\n|-singleturn|p2a: Zamazenta|Helping Hand|[of] p2b: Indeedee\n|move|p1b: Miraidon|Electro Drift|p2a: Zamazenta\n|-resisted|p2a: Zamazenta\n|-damage|p2a: Zamazenta|68/100\n|move|p2a: Zamazenta|Body Press|p1b: Miraidon\n|-damage|p1b: Miraidon|0 fnt\n|faint|p1b: Miraidon\n|move|p1a: Muk|Toxic|p2b: Indeedee\n|-status|p2b: Indeedee|tox\n|\n|-heal|p1a: Muk|52/100|[from] item: Leftovers\n|-damage|p2b: Indeedee|94/100 tox|[from] psn\n|-ability|p1a: Muk|Moody|boost\n|-boost|p1a: Muk|spd|2\n|-unboost|p1a: Muk|def|1\n|upkeep\n|\n|t:|1770625883\n|switch|p1b: Lugia|Lugia, L50|100/100\n|turn|7\n|\n|t:|1770625895\n|move|p2a: Zamazenta|Heavy Slam|p1a: Muk\n|-end|p1a: Muk|Substitute\n|move|p1b: Lugia|Psych Up|p1a: Muk\n|-copyboost|p1b: Lugia|p1a: Muk|[from] move: Psych Up\n|move|p1a: Muk|Knock Off|p2b: Indeedee\n|-supereffective|p2b: Indeedee\n|-damage|p2b: Indeedee|40/100 tox\n|-enditem|p2b: Indeedee|Safety Goggles|[from] move: Knock Off|[of] p1a: Muk\n|move|p2b: Indeedee|Alluring Voice|p1b: Lugia\n|-damage|p1b: Lugia|97/100\n|\n|-heal|p1a: Muk|58/100|[from] item: Leftovers\n|-damage|p2b: Indeedee|28/100 tox|[from] psn\n|-ability|p1a: Muk|Moody|boost\n|-boost|p1a: Muk|def|2\n|-unboost|p1a: Muk|spe|1\n|upkeep\n|turn|8\n|\n|t:|1770625919\n|move|p2b: Indeedee|Helping Hand|p2a: Zamazenta\n|-singleturn|p2a: Zamazenta|Helping Hand|[of] p2b: Indeedee\n|move|p1b: Lugia|Psychic|p2a: Zamazenta\n|-damage|p2a: Zamazenta|48/100\n|move|p2a: Zamazenta|Heavy Slam|p1a: Muk\n|-damage|p1a: Muk|17/100\n|move|p1a: Muk|Substitute|p1a: Muk\n|-fail|p1a: Muk|move: Substitute|[weak]\n|\n|-heal|p1a: Muk|24/100|[from] item: Leftovers\n|-damage|p2b: Indeedee|9/100 tox|[from] psn\n|-ability|p1a: Muk|Moody|boost\n|-boost|p1a: Muk|def|1\n|-unboost|p1a: Muk|spa|1\n|upkeep\n|turn|9\n|\n|t:|1770625939\n|move|p2b: Indeedee|Follow Me|p2b: Indeedee\n|-singleturn|p2b: Indeedee|move: Follow Me\n|move|p1b: Lugia|Psychic|p2b: Indeedee\n|-resisted|p2b: Indeedee\n|-damage|p2b: Indeedee|0 fnt\n|faint|p2b: Indeedee\n|move|p2a: Zamazenta|Heavy Slam|p1a: Muk\n|-damage|p1a: Muk|3/100\n|move|p1a: Muk|Knock Off|p2a: Zamazenta\n|-damage|p2a: Zamazenta|41/100\n|\n|-heal|p1a: Muk|9/100|[from] item: Leftovers\n|-ability|p1a: Muk|Moody|boost\n|-boost|p1a: Muk|spd|2\n|-unboost|p1a: Muk|atk|1\n|upkeep\n|\n|t:|1770625950\n|switch|p2b: \u9006\u88ad|Mewtwo, L50|100/100\n|-ability|p2b: \u9006\u88ad|Pressure\n|turn|10\n|\n|t:|1770625964\n|move|p1b: Lugia|Aeroblast|p2b: \u9006\u88ad\n|-damage|p2b: \u9006\u88ad|69/100\n|move|p2b: \u9006\u88ad|Dark Pulse|p1b: Lugia|[miss]\n|-miss|p2b: \u9006\u88ad|p1b: Lugia\n|move|p2a: Zamazenta|Heavy Slam|p1a: Muk\n|-damage|p1a: Muk|0 fnt\n|faint|p1a: Muk\n|\n|-fieldend|move: Psychic Terrain\n|upkeep\n|turn|11\n|\n|t:|1770625984\n|move|p1b: Lugia|Aeroblast|p2a: Zamazenta\n|-damage|p2a: Zamazenta|18/100\n|move|p2b: \u9006\u88ad|Dark Pulse|p1b: Lugia|[miss]\n|-miss|p2b: \u9006\u88ad|p1b: Lugia\n|move|p2a: Zamazenta|Heavy Slam|p1b: Lugia|[miss]\n|-miss|p2a: Zamazenta|p1b: Lugia\n|\n|upkeep\n|turn|12\n|inactive|blackred123 has 30 seconds left.\n|\n|t:|1770626016\n|move|p1b: Lugia|Aeroblast|p2a: Zamazenta\n|-damage|p2a: Zamazenta|0 fnt\n|faint|p2a: Zamazenta\n|move|p2b: \u9006\u88ad|Dark Pulse|p1b: Lugia|[miss]\n|-miss|p2b: \u9006\u88ad|p1b: Lugia\n|\n|upkeep\n|turn|13\n|\n|t:|1770626026\n|-terastallize|p1b: Lugia|Steel\n|move|p1b: Lugia|Aeroblast|p2b: \u9006\u88ad\n|-damage|p2b: \u9006\u88ad|38/100\n|move|p2b: \u9006\u88ad|Dark Pulse|p1b: Lugia\n|-damage|p1b: Lugia|78/100\n|\n|upkeep\n|turn|14\n|-message|blackred123 forfeited.\n|\n|win|Schubart\n|raw|Schubart's rating: 1245 &rarr; <strong>1271</strong><br />(+26 for winning)\n|raw|blackred123's rating: 1253 &rarr; <strong>1227</strong><br />(-26 for losing)\n|l|\u2606blackred123\n|player|p2|\n|l|\u2606Schubart\n|player|p1|\n|l| Yancy0721\u56fe\u56fe\u72ac\u4fa0\n","uploadtime":1770626265,"views":17,"formatid":"gen9vgc2026regi","rating":1227,"private":0,"password":null}