{"id":"gen9vgc2026regi-2528402825","format":"[Gen 9] VGC 2026 Reg I","players":["mnmnmnmnm6","GAPDHC"],"log":"|j|\u2606mnmnmnmnm6\n|j|\u2606GAPDHC\n|t:|1769651733\n|gametype|doubles\n|player|p1|mnmnmnmnm6|169|1507\n|player|p2|GAPDHC|ruinmaniac|1433\n|gen|9\n|tier|[Gen 9] VGC 2026 Reg I\n|rated|\n|rule|Species Clause: Limit one of each Pok\u00e9mon\n|rule|Item Clause: Limit 1 of each item\n|clearpoke\n|poke|p1|Miraidon, L50|\n|poke|p1|Landorus-Therian, L50, M|\n|poke|p1|Farigiraf, L50, M|\n|poke|p1|Chi-Yu, L50|\n|poke|p1|Rillaboom, L50, F|\n|poke|p1|Zamazenta-*, L50|\n|poke|p2|Calyrex-Shadow, L50|\n|poke|p2|Eternatus, L50|\n|poke|p2|Grimmsnarl, L50, M|\n|poke|p2|Rillaboom, L50, F|\n|poke|p2|Dondozo, L50, F|\n|poke|p2|Tatsugiri-Droopy, L50, F|\n|teampreview|4\n|inactive|Battle timer is ON: inactive players will automatically lose when time's up. (requested by mnmnmnmnm6)\n|inactive|mnmnmnmnm6 has 60 seconds left.\n|\n|t:|1769651764\n|teamsize|p1|4\n|teamsize|p2|4\n|start\n|switch|p1a: Zamazenta|Zamazenta-Crowned, L50|100/100\n|switch|p1b: Landorus|Landorus-Therian, L50, M|100/100\n|switch|p2a: Grimmsnarl|Grimmsnarl, L50, M|100/100\n|switch|p2b: Eternatus|Eternatus, L50|100/100\n|-ability|p2b: Eternatus|Pressure\n|-ability|p1a: Zamazenta|Dauntless Shield|boost\n|-boost|p1a: Zamazenta|def|1\n|-ability|p1b: Landorus|Intimidate|boost\n|-unboost|p2a: Grimmsnarl|atk|1\n|-unboost|p2b: Eternatus|atk|1\n|turn|1\n|\n|t:|1769651779\n|move|p2a: Grimmsnarl|Reflect|p2a: Grimmsnarl\n|-sidestart|p2: GAPDHC|Reflect\n|move|p2b: Eternatus|Toxic Spikes|p1a: Zamazenta\n|-sidestart|p1: mnmnmnmnm6|move: Toxic Spikes\n|move|p1a: Zamazenta|Heavy Slam|p2a: Grimmsnarl\n|-supereffective|p2a: Grimmsnarl\n|-damage|p2a: Grimmsnarl|30/100\n|move|p1b: Landorus|Stomping Tantrum|p2b: Eternatus\n|-supereffective|p2b: Eternatus\n|-crit|p2b: Eternatus\n|-damage|p2b: Eternatus|6/100\n|\n|upkeep\n|turn|2\n|\n|t:|1769651791\n|move|p1a: Zamazenta|Wide Guard|p1a: Zamazenta\n|-singleturn|p1a: Zamazenta|Wide Guard\n|move|p2a: Grimmsnarl|Light Screen|p2a: Grimmsnarl\n|-sidestart|p2: GAPDHC|move: Light Screen\n|move|p2b: Eternatus|Toxic Spikes|p1b: Landorus\n|-sidestart|p1: mnmnmnmnm6|move: Toxic Spikes\n|move|p1b: Landorus|Bulldoze|p2b: Eternatus|[spread] p2a,p2b\n|-activate|p1a: Zamazenta|move: Wide Guard\n|-supereffective|p2b: Eternatus\n|-damage|p2a: Grimmsnarl|13/100\n|-damage|p2b: Eternatus|0 fnt\n|-unboost|p2a: Grimmsnarl|spe|1\n|faint|p2b: Eternatus\n|\n|upkeep\n|\n|t:|1769651798\n|switch|p2b: Dondozo|Dondozo, L50, F|100/100\n|turn|3\n|\n|t:|1769651810\n|switch|p2a: Tatsugiri|Tatsugiri-Droopy, L50, F|100/100\n|-activate|p2a: Tatsugiri|ability: Commander|[of] p2b: Dondozo\n|-boost|p2b: Dondozo|atk|2\n|-boost|p2b: Dondozo|spa|2\n|-boost|p2b: Dondozo|spe|2\n|-boost|p2b: Dondozo|def|2\n|-boost|p2b: Dondozo|spd|2\n|move|p1a: Zamazenta|Body Press|p2b: Dondozo\n|-damage|p2b: Dondozo|90/100\n|move|p2b: Dondozo|Order Up|p1b: Landorus\n|-damage|p1b: Landorus|57/100\n|-boost|p2b: Dondozo|def|1\n|move|p1b: Landorus|U-turn|p2b: Dondozo\n|-damage|p2b: Dondozo|86/100\n|\n|t:|1769651824\n|switch|p1b: Rillaboom|Rillaboom, L50, F|100/100|[from] U-turn\n|-status|p1b: Rillaboom|tox\n|-fieldstart|move: Grassy Terrain|[from] ability: Grassy Surge|[of] p1b: Rillaboom\n|\n|-heal|p2b: Dondozo|92/100|[from] Grassy Terrain\n|-heal|p2b: Dondozo|98/100|[from] item: Leftovers\n|-damage|p1b: Rillaboom|94/100 tox|[from] psn\n|upkeep\n|turn|4\n|\n|t:|1769651834\n|switch|p1b: Landorus|Landorus-Therian, L50, M|57/100\n|-ability|p1b: Landorus|Intimidate|boost\n|-unboost|p2a: Tatsugiri|atk|1\n|-unboost|p2b: Dondozo|atk|1\n|move|p1a: Zamazenta|Body Press|p2b: Dondozo\n|-damage|p2b: Dondozo|88/100\n|move|p2b: Dondozo|Order Up|p1b: Landorus\n|-damage|p1b: Landorus|25/100\n|-boost|p2b: Dondozo|def|1\n|\n|-heal|p2b: Dondozo|94/100|[from] Grassy Terrain\n|-heal|p2b: Dondozo|99/100|[from] item: Leftovers\n|upkeep\n|turn|5\n|\n|t:|1769651848\n|switch|p1b: Rillaboom|Rillaboom, L50, F|94/100 tox\n|move|p1a: Zamazenta|Body Press|p2b: Dondozo\n|-damage|p2b: Dondozo|92/100\n|move|p2b: Dondozo|Order Up|p1b: Rillaboom\n|-damage|p1b: Rillaboom|56/100 tox\n|-boost|p2b: Dondozo|def|1\n|\n|-heal|p2b: Dondozo|98/100|[from] Grassy Terrain\n|-heal|p2b: Dondozo|100/100|[from] item: Leftovers\n|-heal|p1b: Rillaboom|62/100 tox|[from] Grassy Terrain\n|-damage|p1b: Rillaboom|56/100 tox|[from] psn\n|upkeep\n|turn|6\n|\n|t:|1769651862\n|move|p1b: Rillaboom|Fake Out|p2b: Dondozo\n|-damage|p2b: Dondozo|98/100\n|move|p1a: Zamazenta|Body Press|p2b: Dondozo\n|-damage|p2b: Dondozo|92/100\n|cant|p2b: Dondozo|flinch\n|\n|-heal|p2b: Dondozo|98/100|[from] Grassy Terrain\n|-heal|p2b: Dondozo|100/100|[from] item: Leftovers\n|-heal|p1b: Rillaboom|62/100 tox|[from] Grassy Terrain\n|-damage|p1b: Rillaboom|50/100 tox|[from] psn\n|upkeep\n|turn|7\n|\n|t:|1769651878\n|move|p1a: Zamazenta|Body Press|p2b: Dondozo\n|-damage|p2b: Dondozo|94/100\n|move|p2b: Dondozo|Body Press|p1b: Rillaboom\n|-damage|p1b: Rillaboom|0 fnt\n|faint|p1b: Rillaboom\n|\n|-heal|p2b: Dondozo|99/100|[from] Grassy Terrain\n|-heal|p2b: Dondozo|100/100|[from] item: Leftovers\n|-fieldend|move: Grassy Terrain\n|upkeep\n|\n|t:|1769651888\n|switch|p1b: Landorus|Landorus-Therian, L50, M|25/100\n|-ability|p1b: Landorus|Intimidate|boost\n|-unboost|p2a: Tatsugiri|atk|1\n|-unboost|p2b: Dondozo|atk|1\n|turn|8\n|\n|t:|1769651900\n|-terastallize|p1a: Zamazenta|Water\n|move|p1a: Zamazenta|Body Press|p2b: Dondozo\n|-damage|p2b: Dondozo|93/100\n|move|p2b: Dondozo|Body Press|p1b: Landorus\n|-resisted|p1b: Landorus\n|-damage|p1b: Landorus|0 fnt\n|faint|p1b: Landorus\n|\n|-heal|p2b: Dondozo|99/100|[from] item: Leftovers\n|-sideend|p2: GAPDHC|Reflect\n|upkeep\n|\n|t:|1769651910\n|switch|p1b: Miraidon|Miraidon, L50|100/100\n|-status|p1b: Miraidon|tox\n|-fieldstart|move: Electric Terrain|[from] ability: Hadron Engine|[of] p1b: Miraidon\n|turn|9\n|\n|t:|1769651918\n|-terastallize|p2b: Dondozo|Electric\n|move|p1b: Miraidon|Electro Drift|p2b: Dondozo\n|-resisted|p2b: Dondozo\n|-damage|p2b: Dondozo|79/100\n|-damage|p1b: Miraidon|91/100 tox|[from] item: Life Orb\n|move|p1a: Zamazenta|Body Press|p2b: Dondozo\n|-damage|p2b: Dondozo|70/100\n|move|p2b: Dondozo|Body Press|p1b: Miraidon\n|-damage|p1b: Miraidon|24/100 tox\n|\n|-heal|p2b: Dondozo|76/100|[from] item: Leftovers\n|-damage|p1b: Miraidon|18/100 tox|[from] psn\n|-sideend|p2: GAPDHC|move: Light Screen\n|upkeep\n|turn|10\n|-message|mnmnmnmnm6 forfeited.\n|\n|win|GAPDHC\n|raw|mnmnmnmnm6's rating: 1507 &rarr; <strong>1483</strong><br />(-24 for losing)\n|raw|GAPDHC's rating: 1433 &rarr; <strong>1457</strong><br />(+24 for winning)\n|l|\u2606mnmnmnmnm6\n|player|p1|\n|l|\u2606GAPDHC\n|player|p2|\n","uploadtime":1769652112,"views":24,"formatid":"gen9vgc2026regi","rating":1457,"private":0,"password":null}