{"id":"gen9vgc2026regi-2559185011","format":"[Gen 9] VGC 2026 Reg I","players":["uhh daneooo","lokithered"],"log":"|j|\u2606uhh daneooo\n|j|\u2606lokithered\n|t:|1773530058\n|gametype|doubles\n|player|p1|uhh daneooo|riley|1313\n|player|p2|lokithered|iono|1303\n|gen|9\n|tier|[Gen 9] VGC 2026 Reg I\n|rated|\n|rule|Species Clause: Limit one of each Pok\u00e9mon\n|rule|Item Clause: Limit 1 of each item\n|clearpoke\n|poke|p1|Flutter Mane, L50|\n|poke|p1|Chi-Yu, L50|\n|poke|p1|Terapagos, L50, M|\n|poke|p1|Eternatus, L50|\n|poke|p1|Iron Hands, L50|\n|poke|p1|Grimmsnarl, L50, M|\n|poke|p2|Calyrex-Ice, L50|\n|poke|p2|Terapagos, L50, M|\n|poke|p2|Farigiraf, L50, M|\n|poke|p2|Torkoal, L50, F|\n|poke|p2|Iron Hands, L50|\n|poke|p2|Urshifu-*, L50, F|\n|teampreview|4\n|l|\u2606uhh daneooo\n|player|p1|\n|j|\u2606uhh daneooo\n|player|p1|uhh daneooo|riley|\n|inactive|Battle timer is ON: inactive players will automatically lose when time's up. (requested by lokithered)\n|inactive|uhh daneooo has 60 seconds left.\n|\n|t:|1773530116\n|teamsize|p1|4\n|teamsize|p2|4\n|start\n|switch|p1a: Chi-Yu|Chi-Yu, L50|100/100\n|switch|p1b: Flutter Mane|Flutter Mane, L50|100/100\n|switch|p2a: Calyrex|Calyrex-Ice, L50|100/100\n|switch|p2b: Farigiraf|Farigiraf, L50, M|100/100\n|-ability|p2a: Calyrex|As One\n|-ability|p2a: Calyrex|Unnerve\n|-ability|p1a: Chi-Yu|Beads of Ruin\n|-enditem|p1b: Flutter Mane|Booster Energy\n|-activate|p1b: Flutter Mane|ability: Protosynthesis|[fromitem]\n|-start|p1b: Flutter Mane|protosynthesisspe\n|turn|1\n|\n|t:|1773530133\n|-terastallize|p2a: Calyrex|Water\n|move|p2b: Farigiraf|Protect|p2b: Farigiraf\n|-singleturn|p2b: Farigiraf|Protect\n|move|p1b: Flutter Mane|Moonblast|p2a: Calyrex\n|-damage|p2a: Calyrex|63/100\n|move|p1a: Chi-Yu|Overheat|p2a: Calyrex|[miss]\n|-miss|p1a: Chi-Yu|p2a: Calyrex\n|move|p2a: Calyrex|Glacial Lance|p1b: Flutter Mane|[spread] p1a,p1b\n|-resisted|p1a: Chi-Yu\n|-damage|p1a: Chi-Yu|48/100\n|-damage|p1b: Flutter Mane|2/100\n|\n|upkeep\n|turn|2\n|\n|t:|1773530152\n|move|p1b: Flutter Mane|Moonblast|p2b: Farigiraf\n|-damage|p2b: Farigiraf|61/100\n|move|p1a: Chi-Yu|Dark Pulse|p2b: Farigiraf\n|-supereffective|p2b: Farigiraf\n|-damage|p2b: Farigiraf|0 fnt\n|faint|p2b: Farigiraf\n|move|p2a: Calyrex|Glacial Lance|p1b: Flutter Mane|[spread] p1a,p1b\n|-resisted|p1a: Chi-Yu\n|-damage|p1a: Chi-Yu|0 fnt\n|-damage|p1b: Flutter Mane|0 fnt\n|faint|p1a: Chi-Yu\n|faint|p1b: Flutter Mane\n|-end|p1b: Flutter Mane|Protosynthesis|[silent]\n|-ability|p2a: Calyrex|Chilling Neigh|boost\n|-boost|p2a: Calyrex|atk|2\n|\n|upkeep\n|\n|t:|1773530162\n|switch|p1b: Eternatus|Eternatus, L50|100/100\n|switch|p1a: Terapagos|Terapagos, L50, M|100/100\n|switch|p2b: Iron Hands|Iron Hands, L50|100/100\n|-activate|p1a: Terapagos|ability: Tera Shift\n|detailschange|p1a: Terapagos|Terapagos-Terastal, L50, M\n|-heal|p1a: Terapagos|100/100|[silent]\n|-ability|p1b: Eternatus|Pressure\n|turn|3\n|l|\u2606uhh daneooo\n|inactive|uhh daneooo disconnected and has a minute to reconnect!\n|player|p1|\n|j|\u2606uhh daneooo\n|inactive|uhh daneooo reconnected and has 50 seconds left.\n|player|p1|uhh daneooo|riley|\n|\n|t:|1773530184\n|-terastallize|p1a: Terapagos|Stellar\n|detailschange|p1a: Terapagos|Terapagos-Stellar, L50, M, tera:Stellar\n|-heal|p1a: Terapagos|100/100|[silent]\n|move|p1b: Eternatus|Protect|p1b: Eternatus\n|-singleturn|p1b: Eternatus|Protect\n|move|p2b: Iron Hands|Fake Out|p1a: Terapagos\n|-damage|p1a: Terapagos|88/100\n|cant|p1a: Terapagos|flinch\n|move|p2a: Calyrex|Glacial Lance|p1b: Eternatus|[spread] p1a\n|-activate|p1b: Eternatus|move: Protect\n|-damage|p1a: Terapagos|13/100\n|\n|upkeep\n|turn|4\n|\n|t:|1773530207\n|move|p2a: Calyrex|Protect|p2a: Calyrex\n|-singleturn|p2a: Calyrex|Protect\n|move|p1b: Eternatus|Dynamax Cannon|p2b: Iron Hands\n|-damage|p2b: Iron Hands|54/100\n|-damage|p1b: Eternatus|91/100|[from] item: Life Orb\n|move|p1a: Terapagos|Tera Starstorm|p2b: Iron Hands|[spread] p2b\n|-activate|p2a: Calyrex|move: Protect\n|-damage|p2b: Iron Hands|17/100\n|move|p2b: Iron Hands|Drain Punch|p1a: Terapagos\n|-supereffective|p1a: Terapagos\n|-damage|p1a: Terapagos|0 fnt\n|-heal|p2b: Iron Hands|22/100|[from] drain|[of] p1a: Terapagos\n|faint|p1a: Terapagos\n|detailschange|p1: Terapagos|Terapagos, L50, M|[silent]\n|\n|upkeep\n|turn|5\n|c|\u2606uhh daneooo|love it!\n|c|\u2606uhh daneooo|suck a fat one!\n|-message|uhh daneooo forfeited.\n|\n|win|lokithered\n|raw|uhh daneooo's rating: 1313 &rarr; <strong>1292</strong><br />(-21 for losing)\n|raw|lokithered's rating: 1303 &rarr; <strong>1324</strong><br />(+21 for winning)\n|l|\u2606uhh daneooo\n|player|p1|\n","uploadtime":1773530279,"views":16,"formatid":"gen9vgc2026regi","rating":1292,"private":0,"password":null}