{"id":"gen9vgc2026regi-2548102243","format":"[Gen 9] VGC 2026 Reg I","players":["Shuriky","plantscience"],"log":"|j|\u2606Shuriky\n|j|\u2606plantscience\n|t:|1772168710\n|gametype|doubles\n|player|p1|Shuriky|2|1342\n|player|p2|plantscience|265|1382\n|gen|9\n|tier|[Gen 9] VGC 2026 Reg I\n|rated|\n|rule|Species Clause: Limit one of each Pok\u00e9mon\n|rule|Item Clause: Limit 1 of each item\n|clearpoke\n|poke|p1|Miraidon, L50|\n|poke|p1|Kyogre, L50|\n|poke|p1|Whimsicott, L50, F|\n|poke|p1|Clefairy, L50, F|\n|poke|p1|Iron Treads, L50|\n|poke|p1|Chi-Yu, L50|\n|poke|p2|Chien-Pao, L50|\n|poke|p2|Calyrex-Shadow, L50|\n|poke|p2|Urshifu-*, L50, M|\n|poke|p2|Zamazenta-*, L50|\n|poke|p2|Weezing-Galar, L50, M|\n|poke|p2|Dragonite, L50, M|\n|teampreview|4\n|inactive|Battle timer is ON: inactive players will automatically lose when time's up. (requested by plantscience)\n|\n|t:|1772168756\n|teamsize|p1|4\n|teamsize|p2|4\n|start\n|switch|p1a: Chi-Yu|Chi-Yu, L50|100/100\n|switch|p1b: Trollsicott|Whimsicott, L50, F, shiny|100/100\n|switch|p2a: Calyrex|Calyrex-Shadow, L50|100/100\n|switch|p2b: Weezing|Weezing-Galar, L50, M|100/100\n|-ability|p2b: Weezing|Neutralizing Gas\n|-ability|p2a: Calyrex|As One\n|-ability|p2a: Calyrex|Unnerve\n|turn|1\n|inactive|plantscience has 30 seconds left.\n|\n|t:|1772168786\n|move|p1a: Chi-Yu|Snarl|p2b: Weezing|[spread] p2a,p2b\n|-supereffective|p2a: Calyrex\n|-resisted|p2b: Weezing\n|-crit|p2b: Weezing\n|-damage|p2a: Calyrex|4/100\n|-damage|p2b: Weezing|83/100\n|-unboost|p2a: Calyrex|spa|1\n|-unboost|p2b: Weezing|spa|1\n|move|p2a: Calyrex|Astral Barrage|p1a: Chi-Yu|[spread] p1a,p1b\n|-resisted|p1a: Chi-Yu\n|-damage|p1a: Chi-Yu|81/100\n|-damage|p1b: Trollsicott|25/100\n|move|p1b: Trollsicott|Tailwind|p1b: Trollsicott\n|-sidestart|p1: Shuriky|move: Tailwind\n|move|p2b: Weezing|Poison Gas|p1a: Chi-Yu|[spread] p1a,p1b\n|-status|p1a: Chi-Yu|psn\n|-status|p1b: Trollsicott|psn\n|\n|-damage|p1a: Chi-Yu|69/100 psn|[from] psn\n|-damage|p1b: Trollsicott|13/100 psn|[from] psn\n|upkeep\n|turn|2\n|inactive|Shuriky has 30 seconds left.\n|j| globalfish39\n|inactive|Shuriky has 20 seconds left.\n|inactive|Shuriky has 15 seconds left.\n|inactive|Shuriky has 10 seconds left.\n|inactive|Shuriky has 5 seconds left.\n|\n|t:|1772168838\n|move|p2a: Calyrex|Protect|p2a: Calyrex\n|-singleturn|p2a: Calyrex|Protect\n|move|p1a: Chi-Yu|Snarl|p2b: Weezing|[spread] p2b\n|-activate|p2a: Calyrex|move: Protect\n|-resisted|p2b: Weezing\n|-damage|p2b: Weezing|71/100\n|-unboost|p2b: Weezing|spa|1\n|move|p1b: Trollsicott|Endeavor|p2b: Weezing\n|-damage|p2b: Weezing|9/100\n|-damage|p1b: Trollsicott|0 fnt|[from] item: Rocky Helmet|[of] p2b: Weezing\n|faint|p1b: Trollsicott\n|move|p2b: Weezing|Dazzling Gleam|p1a: Chi-Yu\n|-damage|p1a: Chi-Yu|55/100 psn\n|\n|-damage|p1a: Chi-Yu|43/100 psn|[from] psn\n|upkeep\n|\n|t:|1772168857\n|switch|p1b: Larry|Miraidon, L50|100/100\n|turn|3\n|\n|t:|1772168867\n|move|p2a: Calyrex|Protect|p2a: Calyrex\n|-singleturn|p2a: Calyrex|Protect\n|move|p2b: Weezing|Protect|p2b: Weezing\n|-singleturn|p2b: Weezing|Protect\n|move|p1a: Chi-Yu|Snarl|p2a: Calyrex|[spread] \n|-activate|p2a: Calyrex|move: Protect\n|-activate|p2b: Weezing|move: Protect\n|move|p1b: Larry|Electro Drift|p2a: Calyrex\n|-activate|p2a: Calyrex|move: Protect\n|\n|-damage|p1a: Chi-Yu|31/100 psn|[from] psn\n|upkeep\n|turn|4\n|inactive|plantscience has 30 seconds left.\n|\n|t:|1772168897\n|move|p2a: Calyrex|Protect||[still]\n|-fail|p2a: Calyrex\n|move|p2b: Weezing|Protect|p2b: Weezing\n|-singleturn|p2b: Weezing|Protect\n|move|p1a: Chi-Yu|Snarl|p2b: Weezing|[spread] p2a\n|-activate|p2b: Weezing|move: Protect\n|-supereffective|p2a: Calyrex\n|-damage|p2a: Calyrex|0 fnt\n|faint|p2a: Calyrex\n|move|p1b: Larry|Electro Drift|p2b: Weezing\n|-activate|p2b: Weezing|move: Protect\n|\n|-damage|p1a: Chi-Yu|18/100 psn|[from] psn\n|-sideend|p1: Shuriky|move: Tailwind\n|upkeep\n|\n|t:|1772168920\n|switch|p2a: Dragonite|Dragonite, L50, M|100/100\n|turn|5\n|\n|t:|1772168931\n|-terastallize|p1b: Larry|Fairy\n|-terastallize|p2a: Dragonite|Normal\n|move|p2a: Dragonite|Extreme Speed|p1b: Larry\n|-damage|p1b: Larry|37/100\n|move|p1a: Chi-Yu|Snarl|p2b: Weezing|[spread] p2a,p2b\n|-resisted|p2b: Weezing\n|-crit|p2b: Weezing\n|-damage|p2a: Dragonite|82/100\n|-damage|p2b: Weezing|0 fnt\n|-unboost|p2a: Dragonite|spa|1\n|faint|p2b: Weezing\n|-end|p2b: Weezing|ability: Neutralizing Gas\n|-ability|p1a: Chi-Yu|Beads of Ruin\n|-fieldstart|move: Electric Terrain|[from] ability: Hadron Engine|[of] p1b: Larry\n|move|p1b: Larry|Dazzling Gleam|p2a: Dragonite\n|-damage|p2a: Dragonite|0 fnt\n|faint|p2a: Dragonite\n|-damage|p1b: Larry|27/100|[from] item: Life Orb\n|\n|-damage|p1a: Chi-Yu|6/100 psn|[from] psn\n|upkeep\n|\n|t:|1772168941\n|switch|p2a: Chien-Pao|Chien-Pao, L50|100/100\n|-ability|p2a: Chien-Pao|Sword of Ruin\n|turn|6\n|\n|t:|1772168950\n|move|p1a: Chi-Yu|Snarl|p2a: Chien-Pao\n|-resisted|p2a: Chien-Pao\n|-damage|p2a: Chien-Pao|84/100\n|-unboost|p2a: Chien-Pao|spa|1\n|move|p2a: Chien-Pao|Ice Spinner|p1b: Larry\n|-damage|p1b: Larry|0 fnt\n|-fieldend|move: Electric Terrain\n|faint|p1b: Larry\n|\n|-damage|p1a: Chi-Yu|0 fnt|[from] psn\n|faint|p1a: Chi-Yu\n|upkeep\n|\n|t:|1772168954\n|switch|p1b: Fih|Kyogre, L50, shiny|100/100\n|-weather|RainDance|[from] ability: Drizzle|[of] p1b: Fih\n|turn|7\n|\n|t:|1772168961\n|move|p2a: Chien-Pao|Ruination|p1b: Fih\n|-damage|p1b: Fih|51/100\n|move|p1b: Fih|Origin Pulse|p2a: Chien-Pao|[miss]\n|-miss|p1b: Fih|p2a: Chien-Pao\n|\n|-weather|RainDance|[upkeep]\n|upkeep\n|turn|8\n|\n|t:|1772168979\n|move|p2a: Chien-Pao|Sucker Punch|p1b: Fih\n|-damage|p1b: Fih|15/100\n|move|p1b: Fih|Origin Pulse|p2a: Chien-Pao\n|-damage|p2a: Chien-Pao|0 fnt\n|faint|p2a: Chien-Pao\n|\n|win|Shuriky\n|raw|Shuriky's rating: 1342 &rarr; <strong>1364</strong><br />(+22 for winning)\n|raw|plantscience's rating: 1382 &rarr; <strong>1360</strong><br />(-22 for losing)\n|l|\u2606Shuriky\n|player|p1|\n|l| globalfish39\n","uploadtime":1772169224,"views":13,"formatid":"gen9vgc2026regi","rating":1360,"private":0,"password":null}