{"id":"gen9vgc2026regi-2556692434","format":"[Gen 9] VGC 2026 Reg I","players":["SycrasisEU","cheeringdipplin"],"log":"|j|\u2606SycrasisEU\n|j|\u2606cheeringdipplin\n|t:|1773240545\n|gametype|doubles\n|player|p1|SycrasisEU|pryce|1325\n|player|p2|cheeringdipplin|striker|1346\n|gen|9\n|tier|[Gen 9] VGC 2026 Reg I\n|rated|\n|rule|Species Clause: Limit one of each Pok\u00e9mon\n|rule|Item Clause: Limit 1 of each item\n|clearpoke\n|poke|p1|Incineroar, L50, M|\n|poke|p1|Koraidon, L50|\n|poke|p1|Flutter Mane, L50|\n|poke|p1|Whimsicott, L50, F|\n|poke|p1|Tinkaton, L50, F|\n|poke|p1|Solgaleo, L50|\n|poke|p2|Quaquaval, L50, F|\n|poke|p2|Farigiraf, L50, M|\n|poke|p2|Miraidon, L50|\n|poke|p2|Ogerpon-Hearthflame, L50, F|\n|poke|p2|Incineroar, L50, F|\n|poke|p2|Terapagos, L50, M|\n|teampreview|4\n|inactive|Battle timer is ON: inactive players will automatically lose when time's up. (requested by cheeringdipplin)\n|\n|t:|1773240576\n|teamsize|p1|4\n|teamsize|p2|4\n|start\n|switch|p1a: Whimsicott|Whimsicott, L50, F|100/100\n|switch|p1b: Solgaleo|Solgaleo, L50|100/100\n|switch|p2a: Miraidon|Miraidon, L50|100/100\n|switch|p2b: Incineroar|Incineroar, L50, F|100/100\n|-fieldstart|move: Electric Terrain|[from] ability: Hadron Engine|[of] p2a: Miraidon\n|-ability|p2b: Incineroar|Intimidate|boost\n|-unboost|p1a: Whimsicott|atk|1\n|-fail|p1b: Solgaleo|unboost|[from] ability: Full Metal Body|[of] p1b: Solgaleo\n|turn|1\n|inactive|SycrasisEU has 30 seconds left.\n|inactive|SycrasisEU has 20 seconds left.\n|inactive|SycrasisEU has 15 seconds left.\n|inactive|SycrasisEU has 10 seconds left.\n|\n|t:|1773240622\n|switch|p1b: Koraidon|Koraidon, L50, shiny|100/100\n|-weather|SunnyDay|[from] ability: Orichalcum Pulse|[of] p1b: Koraidon\n|-activate|p1b: Koraidon|Orichalcum Pulse|[source]\n|move|p2b: Incineroar|Fake Out|p1a: Whimsicott\n|-damage|p1a: Whimsicott|92/100\n|move|p1a: Whimsicott|Tailwind|p1a: Whimsicott\n|-sidestart|p1: SycrasisEU|move: Tailwind\n|move|p2a: Miraidon|Electro Drift|p1b: Koraidon\n|-resisted|p1b: Koraidon\n|-damage|p1b: Koraidon|33/100\n|\n|-weather|SunnyDay|[upkeep]\n|upkeep\n|turn|2\n|inactive|cheeringdipplin has 30 seconds left.\n|inactive|cheeringdipplin has 20 seconds left.\n|inactive|cheeringdipplin has 15 seconds left.\n|inactive|cheeringdipplin has 10 seconds left.\n|inactive|cheeringdipplin has 5 seconds left.\n|\n|t:|1773240674\n|switch|p2a: Terapagos|Terapagos, L50, M|100/100\n|-activate|p2a: Terapagos|ability: Tera Shift\n|detailschange|p2a: Terapagos|Terapagos-Terastal, L50, M\n|-heal|p2a: Terapagos|100/100|[silent]\n|move|p1b: Koraidon|Collision Course|p2b: Incineroar\n|-supereffective|p2b: Incineroar\n|-damage|p2b: Incineroar|0 fnt\n|faint|p2b: Incineroar\n|move|p1a: Whimsicott|Moonblast|p2a: Terapagos\n|-activate|p2a: Terapagos|ability: Tera Shell\n|-resisted|p2a: Terapagos\n|-damage|p2a: Terapagos|90/100\n|-unboost|p2a: Terapagos|spa|1\n|\n|-weather|SunnyDay|[upkeep]\n|-heal|p2a: Terapagos|96/100|[from] item: Leftovers\n|upkeep\n|\n|t:|1773240691\n|switch|p2b: Miraidon|Miraidon, L50|100/100\n|-activate|p2b: Miraidon|ability: Hadron Engine\n|turn|3\n|\n|t:|1773240703\n|move|p2a: Terapagos|Protect|p2a: Terapagos\n|-singleturn|p2a: Terapagos|Protect\n|move|p1b: Koraidon|Collision Course|p2a: Terapagos\n|-activate|p2a: Terapagos|move: Protect\n|move|p1a: Whimsicott|Moonblast|p2b: Miraidon\n|-supereffective|p2b: Miraidon\n|-damage|p2b: Miraidon|52/100\n|-unboost|p2b: Miraidon|spa|1\n|move|p2b: Miraidon|Electro Drift|p1b: Koraidon\n|-resisted|p1b: Koraidon\n|-damage|p1b: Koraidon|0 fnt\n|faint|p1b: Koraidon\n|\n|-weather|SunnyDay|[upkeep]\n|-heal|p2a: Terapagos|100/100|[from] item: Leftovers\n|upkeep\n|\n|t:|1773240711\n|switch|p1b: Solgaleo|Solgaleo, L50|100/100\n|turn|4\n|\n|t:|1773240724\n|switch|p2b: Farigiraf|Farigiraf, L50, M|100/100\n|-terastallize|p1b: Solgaleo|Steel\n|move|p1a: Whimsicott|Encore||[still]\n|cant|p2b: Farigiraf|ability: Armor Tail|Encore|[of] p1a: Whimsicott\n|move|p1b: Solgaleo|Sunsteel Strike|p2b: Farigiraf\n|-damage|p2b: Farigiraf|0 fnt\n|faint|p2b: Farigiraf\n|move|p2a: Terapagos|Calm Mind|p2a: Terapagos\n|-boost|p2a: Terapagos|spa|1\n|-boost|p2a: Terapagos|spd|1\n|\n|-weather|SunnyDay|[upkeep]\n|-sideend|p1: SycrasisEU|move: Tailwind\n|upkeep\n|\n|t:|1773240736\n|switch|p2b: Miraidon|Miraidon, L50|52/100\n|-activate|p2b: Miraidon|ability: Hadron Engine\n|turn|5\n|\n|t:|1773240748\n|-terastallize|p2a: Terapagos|Stellar\n|detailschange|p2a: Terapagos|Terapagos-Stellar, L50, M, tera:Stellar\n|-heal|p2a: Terapagos|100/100|[silent]\n|-ability|p2a: Terapagos|Teraform Zero\n|-weather|none\n|-fieldend|move: Electric Terrain\n|move|p1a: Whimsicott|Tailwind|p1a: Whimsicott\n|-sidestart|p1: SycrasisEU|move: Tailwind\n|move|p1b: Solgaleo|Sunsteel Strike|p2a: Terapagos\n|-damage|p2a: Terapagos|25/100\n|move|p2b: Miraidon|Electro Drift|p1b: Solgaleo\n|-damage|p1b: Solgaleo|21/100\n|move|p2a: Terapagos|Tera Starstorm|p1b: Solgaleo|[spread] p1a,p1b\n|-supereffective|p1b: Solgaleo\n|-crit|p1b: Solgaleo\n|-damage|p1a: Whimsicott|33/100\n|-damage|p1b: Solgaleo|0 fnt\n|faint|p1b: Solgaleo\n|\n|-heal|p2a: Terapagos|31/100|[from] item: Leftovers\n|upkeep\n|\n|t:|1773240763\n|switch|p1b: Flutter Mane|Flutter Mane, L50|100/100\n|turn|6\n|\n|t:|1773240786\n|move|p1a: Whimsicott|Sunny Day|p1a: Whimsicott\n|-weather|SunnyDay\n|-activate|p1b: Flutter Mane|ability: Protosynthesis\n|-start|p1b: Flutter Mane|protosynthesisspe\n|move|p1b: Flutter Mane|Dazzling Gleam|p2a: Terapagos|[spread] p2a,p2b\n|-supereffective|p2b: Miraidon\n|-damage|p2a: Terapagos|9/100\n|-damage|p2b: Miraidon|0 fnt\n|faint|p2b: Miraidon\n|move|p2a: Terapagos|Tera Starstorm|p1b: Flutter Mane|[spread] p1a,p1b\n|-damage|p1a: Whimsicott|0 fnt\n|-damage|p1b: Flutter Mane|55/100\n|faint|p1a: Whimsicott\n|\n|-weather|SunnyDay|[upkeep]\n|-heal|p2a: Terapagos|15/100|[from] item: Leftovers\n|upkeep\n|turn|7\n|\n|t:|1773240800\n|move|p2a: Terapagos|Protect|p2a: Terapagos\n|-singleturn|p2a: Terapagos|Protect\n|move|p1b: Flutter Mane|Dazzling Gleam|p2a: Terapagos\n|-activate|p2a: Terapagos|move: Protect\n|\n|-weather|SunnyDay|[upkeep]\n|-heal|p2a: Terapagos|21/100|[from] item: Leftovers\n|upkeep\n|turn|8\n|\n|t:|1773240808\n|move|p1b: Flutter Mane|Dazzling Gleam|p2a: Terapagos\n|-damage|p2a: Terapagos|0 fnt\n|faint|p2a: Terapagos\n|detailschange|p2: Terapagos|Terapagos, L50, M|[silent]\n|\n|win|SycrasisEU\n|raw|SycrasisEU's rating: 1325 &rarr; <strong>1346</strong><br />(+21 for winning)\n|raw|cheeringdipplin's rating: 1346 &rarr; <strong>1325</strong><br />(-21 for losing)\n|l|\u2606SycrasisEU\n|player|p1|\n|l|\u2606cheeringdipplin\n|player|p2|\n","uploadtime":1773240993,"views":18,"formatid":"gen9vgc2026regi","rating":1325,"private":0,"password":null}