{"id":"gen9vgc2026regi-2579014371","format":"[Gen 9] VGC 2026 Reg I","players":["Sublamb","migcthi"],"log":"|j|\u2606Sublamb\n|j|\u2606migcthi\n|t:|1775745279\n|gametype|doubles\n|player|p1|Sublamb|2|1418\n|player|p2|migcthi|2|1504\n|gen|9\n|tier|[Gen 9] VGC 2026 Reg I\n|rated|\n|rule|Species Clause: Limit one of each Pok\u00e9mon\n|rule|Item Clause: Limit 1 of each item\n|clearpoke\n|poke|p1|Calyrex-Shadow, L50|\n|poke|p1|Indeedee-F, L50, F|\n|poke|p1|Tsareena, L50, F|\n|poke|p1|Necrozma-Dawn-Wings, L50|\n|poke|p1|Iron Hands, L50|\n|poke|p1|Ting-Lu, L50|\n|poke|p2|Calyrex-Ice, L50|\n|poke|p2|Miraidon, L50|\n|poke|p2|Ursaluna, L50, M|\n|poke|p2|Volcarona, L50, M|\n|poke|p2|Grimmsnarl, L50, M|\n|poke|p2|Iron Hands, L50|\n|teampreview|4\n|inactive|Battle timer is ON: inactive players will automatically lose when time's up. (requested by Sublamb)\n|inactive|migcthi has 60 seconds left.\n|\n|t:|1775745336\n|teamsize|p1|4\n|teamsize|p2|4\n|start\n|switch|p1a: Calyrex|Calyrex-Shadow, L50|100/100\n|switch|p1b: Indeedee|Indeedee-F, L50, F|100/100\n|switch|p2a: Miraidon|Miraidon, L50|100/100\n|switch|p2b: Grimmsnarl|Grimmsnarl, L50, M|100/100\n|-ability|p1a: Calyrex|As One\n|-ability|p1a: Calyrex|Unnerve\n|-fieldstart|move: Electric Terrain|[from] ability: Hadron Engine|[of] p2a: Miraidon\n|-fieldstart|move: Psychic Terrain|[from] ability: Psychic Surge|[of] p1b: Indeedee\n|turn|1\n|\n|t:|1775745356\n|move|p1a: Calyrex|Protect|p1a: Calyrex\n|-singleturn|p1a: Calyrex|Protect\n|move|p2b: Grimmsnarl|Light Screen|p2b: Grimmsnarl\n|-sidestart|p2: migcthi|move: Light Screen\n|move|p2a: Miraidon|Volt Switch|p1a: Calyrex\n|-activate|p1a: Calyrex|move: Protect\n|move|p1b: Indeedee|Trick Room|p1b: Indeedee\n|-fieldstart|move: Trick Room|[of] p1b: Indeedee\n|\n|upkeep\n|turn|2\n|\n|t:|1775745370\n|move|p2b: Grimmsnarl|Spirit Break|p1a: Calyrex\n|-damage|p1a: Calyrex|70/100\n|-unboost|p1a: Calyrex|spa|1\n|move|p1b: Indeedee|Light Screen|p1b: Indeedee\n|-sidestart|p1: Sublamb|move: Light Screen\n|move|p2a: Miraidon|Volt Switch|p1a: Calyrex\n|-damage|p1a: Calyrex|33/100\n|\n|t:|1775745380\n|switch|p2a: Ursaluna|Ursaluna, L50, M|100/100|[from] Volt Switch\n|move|p1a: Calyrex|Astral Barrage|p2b: Grimmsnarl|[spread] p2b\n|-immune|p2a: Ursaluna\n|-resisted|p2b: Grimmsnarl\n|-damage|p2b: Grimmsnarl|89/100\n|\n|-status|p2a: Ursaluna|brn|[from] item: Flame Orb\n|upkeep\n|turn|3\n|\n|t:|1775745395\n|move|p2b: Grimmsnarl|Spirit Break|p1a: Calyrex\n|-damage|p1a: Calyrex|4/100\n|-unboost|p1a: Calyrex|spa|1\n|move|p2a: Ursaluna|Crunch|p1b: Indeedee\n|-supereffective|p1b: Indeedee\n|-enditem|p1b: Indeedee|Focus Sash\n|-damage|p1b: Indeedee|1/100\n|move|p1b: Indeedee|Psychic|p2a: Ursaluna\n|-damage|p2a: Ursaluna|74/100 brn\n|move|p1a: Calyrex|Expanding Force|p2b: Grimmsnarl|[spread] p2a\n|-immune|p2b: Grimmsnarl\n|-damage|p2a: Ursaluna|52/100 brn\n|\n|-damage|p2a: Ursaluna|46/100 brn|[from] brn\n|upkeep\n|turn|4\n|inactive|Sublamb has 30 seconds left.\n|inactive|migcthi has 30 seconds left.\n|\n|t:|1775745423\n|move|p2b: Grimmsnarl|Spirit Break|p1a: Calyrex|[miss]\n|-miss|p2b: Grimmsnarl|p1a: Calyrex\n|move|p2a: Ursaluna|Facade|p1b: Indeedee\n|-damage|p1b: Indeedee|0 fnt\n|faint|p1b: Indeedee\n|move|p1a: Calyrex|Expanding Force|p2a: Ursaluna|[spread] p2a\n|-immune|p2b: Grimmsnarl\n|-damage|p2a: Ursaluna|22/100 brn\n|\n|-damage|p2a: Ursaluna|16/100 brn|[from] brn\n|upkeep\n|\n|t:|1775745437\n|switch|p1b: Necrozma|Necrozma-Dawn-Wings, L50|100/100\n|turn|5\n|\n|t:|1775745448\n|move|p1b: Necrozma|Meteor Beam||[still]\n|-prepare|p1b: Necrozma|Meteor Beam\n|-boost|p1b: Necrozma|spa|1\n|-enditem|p1b: Necrozma|Power Herb\n|-anim|p1b: Necrozma|Meteor Beam|p2a: Ursaluna\n|-resisted|p2a: Ursaluna\n|-damage|p2a: Ursaluna|0 fnt\n|faint|p2a: Ursaluna\n|move|p2b: Grimmsnarl|Spirit Break|p1a: Calyrex\n|-damage|p1a: Calyrex|0 fnt\n|faint|p1a: Calyrex\n|\n|-fieldend|move: Trick Room\n|-fieldend|move: Psychic Terrain\n|upkeep\n|\n|t:|1775745462\n|switch|p1a: Iron Hands|Iron Hands, L50|100/100\n|switch|p2a: Miraidon|Miraidon, L50|100/100\n|-fieldstart|move: Electric Terrain|[from] ability: Hadron Engine|[of] p2a: Miraidon\n|-activate|p1a: Iron Hands|ability: Quark Drive\n|-start|p1a: Iron Hands|quarkdrivedef\n|turn|6\n|inactive|Sublamb has 30 seconds left.\n|\n|t:|1775745488\n|-terastallize|p2a: Miraidon|Fairy\n|move|p1a: Iron Hands|Fake Out|p2a: Miraidon\n|-damage|p2a: Miraidon|90/100\n|cant|p2a: Miraidon|flinch\n|move|p2b: Grimmsnarl|Spirit Break|p1b: Necrozma\n|-damage|p1b: Necrozma|76/100\n|-unboost|p1b: Necrozma|spa|1\n|move|p1b: Necrozma|Moongeist Beam|p2a: Miraidon\n|-damage|p2a: Miraidon|59/100\n|\n|-sideend|p1: Sublamb|move: Light Screen\n|upkeep\n|turn|7\n|\n|t:|1775745507\n|move|p2a: Miraidon|Dazzling Gleam|p1b: Necrozma|[spread] p1a,p1b\n|-supereffective|p1a: Iron Hands\n|-damage|p1a: Iron Hands|0 fnt\n|-damage|p1b: Necrozma|25/100\n|faint|p1a: Iron Hands\n|-end|p1a: Iron Hands|Quark Drive|[silent]\n|move|p2b: Grimmsnarl|Spirit Break|p1b: Necrozma\n|-damage|p1b: Necrozma|2/100\n|-unboost|p1b: Necrozma|spa|1\n|move|p1b: Necrozma|Trick Room|p1b: Necrozma\n|-fieldstart|move: Trick Room|[of] p1b: Necrozma\n|\n|upkeep\n|turn|8\n|-message|Sublamb forfeited.\n|\n|win|migcthi\n|raw|Sublamb's rating: 1418 &rarr; <strong>1403</strong><br />(-15 for losing)\n|raw|migcthi's rating: 1504 &rarr; <strong>1519</strong><br />(+15 for winning)\n|l|\u2606Sublamb\n|player|p1|\n","uploadtime":1775745659,"views":11,"formatid":"gen9vgc2026regi","rating":1403,"private":0,"password":null}