{"id":"gen9vgc2026regi-2529432605","format":"[Gen 9] VGC 2026 Reg I","players":["figobello","kojimuranishi"],"log":"|j|\u2606figobello\n|j|\u2606kojimuranishi\n|t:|1769786799\n|gametype|doubles\n|player|p1|figobello|marnie-masters3|1379\n|player|p2|kojimuranishi|1|1490\n|gen|9\n|tier|[Gen 9] VGC 2026 Reg I\n|rated|\n|rule|Species Clause: Limit one of each Pok\u00e9mon\n|rule|Item Clause: Limit 1 of each item\n|clearpoke\n|poke|p1|Farigiraf, L50, M|\n|poke|p1|Hitmontop, L50, M|\n|poke|p1|Kyogre, L50|\n|poke|p1|Iron Bundle, L50|\n|poke|p1|Calyrex-Ice, L50|\n|poke|p1|Amoonguss, L50, F|\n|poke|p2|Whimsicott, L50, F|\n|poke|p2|Calyrex-Ice, L50|\n|poke|p2|Miraidon, L50|\n|poke|p2|Chi-Yu, L50|\n|poke|p2|Landorus, L50, M|\n|poke|p2|Iron Hands, L50|\n|teampreview|4\n|inactive|Battle timer is ON: inactive players will automatically lose when time's up. (requested by kojimuranishi)\n|\n|t:|1769786830\n|teamsize|p1|4\n|teamsize|p2|4\n|start\n|switch|p1a: Farigiraf|Farigiraf, L50, M|100/100\n|switch|p1b: Hitmontop|Hitmontop, L50, M|100/100\n|switch|p2a: Calyrex|Calyrex-Ice, L50|100/100\n|switch|p2b: Iron Hands|Iron Hands, L50|100/100\n|-ability|p2a: Calyrex|As One\n|-ability|p2a: Calyrex|Unnerve\n|-ability|p1b: Hitmontop|Intimidate|boost\n|-unboost|p2a: Calyrex|atk|1\n|-unboost|p2b: Iron Hands|atk|1\n|turn|1\n|inactive|figobello has 30 seconds left.\n|\n|t:|1769786860\n|move|p1b: Hitmontop|Fake Out|p2a: Calyrex\n|-damage|p2a: Calyrex|93/100\n|cant|p2a: Calyrex|flinch\n|move|p2b: Iron Hands|Volt Switch|p1b: Hitmontop\n|-damage|p1b: Hitmontop|85/100\n|-enditem|p1b: Hitmontop|Eject Button\n|\n|t:|1769786874\n|switch|p1b: Calyrex|Calyrex-Ice, L50|100/100\n|-ability|p1b: Calyrex|As One\n|-ability|p1b: Calyrex|Unnerve\n|move|p1a: Farigiraf|Trick Room|p1a: Farigiraf\n|-fieldstart|move: Trick Room|[of] p1a: Farigiraf\n|\n|upkeep\n|turn|2\n|\n|t:|1769786893\n|-terastallize|p2a: Calyrex|Ice\n|move|p2b: Iron Hands|Low Kick|p1b: Calyrex\n|-damage|p1b: Calyrex|70/100\n|move|p1b: Calyrex|High Horsepower|p2b: Iron Hands\n|-supereffective|p2b: Iron Hands\n|-damage|p2b: Iron Hands|34/100\n|move|p1a: Farigiraf|Psychic|p2b: Iron Hands\n|-supereffective|p2b: Iron Hands\n|-damage|p2b: Iron Hands|2/100\n|-unboost|p2b: Iron Hands|spd|1\n|move|p2a: Calyrex|Glacial Lance|p1b: Calyrex|[spread] p1a,p1b\n|-resisted|p1b: Calyrex\n|-damage|p1a: Farigiraf|44/100\n|-damage|p1b: Calyrex|48/100\n|\n|upkeep\n|turn|3\n|inactive|figobello has 30 seconds left.\n|inactive|figobello has 20 seconds left.\n|inactive|figobello has 15 seconds left.\n|inactive|figobello has 10 seconds left.\n|inactive|figobello has 5 seconds left.\n|\n|t:|1769786945\n|switch|p1a: Hitmontop|Hitmontop, L50, M|85/100\n|-ability|p1a: Hitmontop|Intimidate|boost\n|-unboost|p2a: Calyrex|atk|1\n|-unboost|p2b: Iron Hands|atk|1\n|move|p2b: Iron Hands|Low Kick|p1b: Calyrex\n|-damage|p1b: Calyrex|28/100\n|move|p1b: Calyrex|Glacial Lance|p2a: Calyrex|[spread] p2a,p2b\n|-resisted|p2a: Calyrex\n|-damage|p2a: Calyrex|71/100\n|-damage|p2b: Iron Hands|0 fnt\n|faint|p2b: Iron Hands\n|-end|p2b: Iron Hands|Quark Drive|[silent]\n|-ability|p1b: Calyrex|Chilling Neigh|boost\n|-boost|p1b: Calyrex|atk|1\n|move|p2a: Calyrex|Glacial Lance|p1b: Calyrex|[spread] p1a,p1b\n|-resisted|p1b: Calyrex\n|-damage|p1a: Hitmontop|29/100\n|-damage|p1b: Calyrex|9/100\n|\n|upkeep\n|\n|t:|1769786963\n|switch|p2b: Whimsicott|Whimsicott, L50, F|100/100\n|turn|4\n|\n|t:|1769786971\n|move|p1a: Hitmontop|Fake Out|p2a: Calyrex\n|-damage|p2a: Calyrex|64/100\n|move|p1b: Calyrex|Glacial Lance|p2b: Whimsicott|[spread] p2a,p2b\n|-resisted|p2a: Calyrex\n|-supereffective|p2b: Whimsicott\n|-damage|p2a: Calyrex|32/100\n|-enditem|p2b: Whimsicott|Focus Sash\n|-damage|p2b: Whimsicott|1/100\n|cant|p2a: Calyrex|flinch\n|move|p2b: Whimsicott|Trick Room|p2b: Whimsicott\n|-fieldend|move: Trick Room\n|\n|upkeep\n|turn|5\n|inactive|figobello has 30 seconds left.\n|inactive|figobello has 20 seconds left.\n|inactive|figobello has 15 seconds left.\n|inactive|figobello has 10 seconds left.\n|inactive|figobello has 5 seconds left.\n|\n|t:|1769787021\n|switch|p1a: Farigiraf|Farigiraf, L50, M|44/100\n|switch|p1b: Amoonguss|Amoonguss, L50, F|100/100\n|move|p2b: Whimsicott|Moonblast|p1b: Amoonguss\n|-resisted|p1b: Amoonguss\n|-crit|p1b: Amoonguss\n|-damage|p1b: Amoonguss|78/100\n|move|p2a: Calyrex|Glacial Lance|p1b: Amoonguss|[spread] p1a,p1b\n|-supereffective|p1b: Amoonguss\n|-damage|p1a: Farigiraf|0 fnt\n|-damage|p1b: Amoonguss|0 fnt\n|faint|p1a: Farigiraf\n|faint|p1b: Amoonguss\n|-ability|p2a: Calyrex|Chilling Neigh|boost\n|-boost|p2a: Calyrex|atk|2\n|\n|upkeep\n|\n|t:|1769787031\n|switch|p1a: Hitmontop|Hitmontop, L50, M|29/100\n|switch|p1b: Calyrex|Calyrex-Ice, L50|9/100\n|-ability|p1b: Calyrex|As One\n|-ability|p1b: Calyrex|Unnerve\n|-ability|p1a: Hitmontop|Intimidate|boost\n|-unboost|p2a: Calyrex|atk|1\n|-unboost|p2b: Whimsicott|atk|1\n|turn|6\n|\n|t:|1769787046\n|move|p1a: Hitmontop|Fake Out|p2a: Calyrex\n|-damage|p2a: Calyrex|25/100\n|move|p2b: Whimsicott|Moonblast|p1b: Calyrex\n|-crit|p1b: Calyrex\n|-damage|p1b: Calyrex|0 fnt\n|faint|p1b: Calyrex\n|cant|p2a: Calyrex|flinch\n|\n|upkeep\n|turn|7\n|-message|figobello forfeited.\n|\n|win|kojimuranishi\n|raw|figobello's rating: 1379 &rarr; <strong>1365</strong><br />(-14 for losing)\n|raw|kojimuranishi's rating: 1490 &rarr; <strong>1504</strong><br />(+14 for winning)\n|l|\u2606figobello\n|player|p1|\n","uploadtime":1769787224,"views":14,"formatid":"gen9vgc2026regi","rating":1365,"private":0,"password":null}