{"id":"gen9vgc2026regi-2577715544","format":"[Gen 9] VGC 2026 Reg I","players":["fennel_strawborzoi","KaiMVGC"],"log":"|j|\u2606fennel_strawborzoi\n|j|\u2606KaiMVGC\n|t:|1775598818\n|gametype|doubles\n|player|p1|fennel_strawborzoi|cynthia-gen4|1416\n|player|p2|KaiMVGC|boarder|1565\n|gen|9\n|tier|[Gen 9] VGC 2026 Reg I\n|rated|\n|rule|Species Clause: Limit one of each Pok\u00e9mon\n|rule|Item Clause: Limit 1 of each item\n|clearpoke\n|poke|p1|Calyrex-Shadow, L50|\n|poke|p1|Koraidon, L50|\n|poke|p1|Rillaboom, L50, M|\n|poke|p1|Incineroar, L50, M|\n|poke|p1|Volcarona, L50, F|\n|poke|p1|Regieleki, L50|\n|poke|p2|Calyrex-Shadow, L50|\n|poke|p2|Zamazenta-*, L50|\n|poke|p2|Rillaboom, L50, F|\n|poke|p2|Raging Bolt, L50|\n|poke|p2|Smeargle, L50, M|\n|poke|p2|Tornadus, L50, M|\n|teampreview|4\n|\n|t:|1775598851\n|teamsize|p1|4\n|teamsize|p2|4\n|start\n|switch|p1a: Regieleki|Regieleki, L50|100/100\n|switch|p1b: Koraidon|Koraidon, L50|100/100\n|switch|p2a: T-Wind|Tornadus, L50, M|100/100\n|switch|p2b: Dark Void X|Smeargle, L50, M|100/100\n|-weather|SunnyDay|[from] ability: Orichalcum Pulse|[of] p1b: Koraidon\n|-activate|p1b: Koraidon|Orichalcum Pulse|[source]\n|turn|1\n|\n|t:|1775598869\n|move|p2b: Dark Void X|Fake Out|p1a: Regieleki\n|-damage|p1a: Regieleki|92/100\n|cant|p1a: Regieleki|flinch\n|move|p1b: Koraidon|Flame Charge|p2b: Dark Void X\n|-damage|p2b: Dark Void X|31/100\n|-boost|p1b: Koraidon|spe|1\n|move|p2a: T-Wind|Bleakwind Storm|p1b: Koraidon|[spread] p1a,p1b\n|-resisted|p1a: Regieleki\n|-supereffective|p1b: Koraidon\n|-damage|p1a: Regieleki|50/100\n|-damage|p1b: Koraidon|25/100\n|-unboost|p1a: Regieleki|spe|1\n|\n|-weather|SunnyDay|[upkeep]\n|-ability|p2b: Dark Void X|Moody|boost\n|-boost|p2b: Dark Void X|atk|2\n|-unboost|p2b: Dark Void X|spe|1\n|upkeep\n|turn|2\n|\n|t:|1775598902\n|switch|p1a: Calyrex|Calyrex-Shadow, L50|100/100\n|-ability|p1a: Calyrex|As One\n|-ability|p1a: Calyrex|Unnerve\n|move|p2b: Dark Void X|Follow Me|p2b: Dark Void X\n|-singleturn|p2b: Dark Void X|move: Follow Me\n|move|p2a: T-Wind|Tailwind|p2a: T-Wind\n|-sidestart|p2: KaiMVGC|move: Tailwind\n|move|p1b: Koraidon|Flame Charge|p2b: Dark Void X\n|-damage|p2b: Dark Void X|0 fnt\n|-boost|p1b: Koraidon|spe|1\n|faint|p2b: Dark Void X\n|\n|-weather|SunnyDay|[upkeep]\n|upkeep\n|\n|t:|1775598905\n|switch|p2b: Notorious CSR|Calyrex-Shadow, L50|100/100\n|-ability|p2b: Notorious CSR|As One\n|-ability|p2b: Notorious CSR|Unnerve\n|turn|3\n|\n|t:|1775598923\n|-terastallize|p1a: Calyrex|Dark\n|move|p2b: Notorious CSR|Protect|p2b: Notorious CSR\n|-singleturn|p2b: Notorious CSR|Protect\n|move|p1b: Koraidon|Protect|p1b: Koraidon\n|-singleturn|p1b: Koraidon|Protect\n|move|p2a: T-Wind|Bleakwind Storm|p1a: Calyrex|[spread] p1a\n|-activate|p1b: Koraidon|move: Protect\n|-damage|p1a: Calyrex|60/100\n|-unboost|p1a: Calyrex|spe|1\n|move|p1a: Calyrex|Astral Barrage|p2a: T-Wind|[spread] p2a\n|-activate|p2b: Notorious CSR|move: Protect\n|-damage|p2a: T-Wind|22/100\n|-damage|p1a: Calyrex|51/100|[from] item: Life Orb\n|\n|-weather|SunnyDay|[upkeep]\n|upkeep\n|turn|4\n|\n|t:|1775598934\n|move|p2b: Notorious CSR|Astral Barrage|p1a: Calyrex|[spread] p1a,p1b\n|-resisted|p1a: Calyrex\n|-damage|p1a: Calyrex|13/100\n|-damage|p1b: Koraidon|0 fnt\n|faint|p1b: Koraidon\n|-ability|p2b: Notorious CSR|Grim Neigh|boost\n|-boost|p2b: Notorious CSR|spa|1\n|-damage|p2b: Notorious CSR|91/100|[from] item: Life Orb\n|move|p2a: T-Wind|Bleakwind Storm|p1a: Calyrex\n|-damage|p1a: Calyrex|0 fnt\n|faint|p1a: Calyrex\n|\n|-weather|SunnyDay|[upkeep]\n|upkeep\n|\n|t:|1775598937\n|switch|p1a: Regieleki|Regieleki, L50|50/100\n|switch|p1b: Volcarona|Volcarona, L50, F|100/100\n|turn|5\n|\n|t:|1775598949\n|move|p2b: Notorious CSR|Astral Barrage|p1a: Regieleki|[spread] p1a,p1b\n|-damage|p1a: Regieleki|0 fnt\n|-damage|p1b: Volcarona|0 fnt\n|faint|p1a: Regieleki\n|faint|p1b: Volcarona\n|-damage|p2b: Notorious CSR|81/100|[from] item: Life Orb\n|\n|win|KaiMVGC\n|raw|fennel_strawborzoi's rating: 1416 &rarr; <strong>1404</strong><br />(-12 for losing)\n|raw|KaiMVGC's rating: 1565 &rarr; <strong>1577</strong><br />(+12 for winning)\n|l|\u2606fennel_strawborzoi\n|player|p1|\n|l|\u2606KaiMVGC\n|player|p2|\n","uploadtime":1775599183,"views":7,"formatid":"gen9vgc2026regi","rating":1404,"private":0,"password":null}