{"id":"gen9vgc2026regi-2520773657","format":"[Gen 9] VGC 2026 Reg I","players":["Kao Liang","j0l0k0"],"log":"|j|\u2606Kao Liang\n|j|\u2606j0l0k0\n|t:|1768681100\n|gametype|doubles\n|player|p1|Kao Liang|kieran-champion|1325\n|player|p2|j0l0k0|brycen|1417\n|gen|9\n|tier|[Gen 9] VGC 2026 Reg I\n|rated|\n|rule|Species Clause: Limit one of each Pok\u00e9mon\n|rule|Item Clause: Limit 1 of each item\n|clearpoke\n|poke|p1|Groudon, L50|\n|poke|p1|Flutter Mane, L50|\n|poke|p1|Incineroar, L50, F|\n|poke|p1|Lunala, L50|\n|poke|p1|Raging Bolt, L50|\n|poke|p1|Tornadus, L50, M|\n|poke|p2|Calyrex-Ice, L50|\n|poke|p2|Kyogre, L50|\n|poke|p2|Indeedee-F, L50, F|\n|poke|p2|Urshifu-*, L50, F|\n|poke|p2|Amoonguss, L50, F|\n|poke|p2|Landorus, L50, M|\n|teampreview|4\n|inactive|Battle timer is ON: inactive players will automatically lose when time's up. (requested by j0l0k0)\n|inactive|Kao Liang also wants the timer to be on.\n|\n|t:|1768681119\n|teamsize|p1|4\n|teamsize|p2|4\n|start\n|switch|p1a: Raging Bolt|Raging Bolt, L50|100/100\n|switch|p1b: Lunala|Lunala, L50|100/100\n|switch|p2a: Kyogre|Kyogre, L50, shiny|100/100\n|switch|p2b: Indeedee|Indeedee-F, L50, F, shiny|100/100\n|-fieldstart|move: Psychic Terrain|[from] ability: Psychic Surge|[of] p2b: Indeedee\n|-weather|RainDance|[from] ability: Drizzle|[of] p2a: Kyogre\n|-enditem|p1a: Raging Bolt|Booster Energy\n|-activate|p1a: Raging Bolt|ability: Protosynthesis|[fromitem]\n|-start|p1a: Raging Bolt|protosynthesisspa\n|turn|1\n|inactive|Kao Liang has 30 seconds left.\n|inactive|j0l0k0 has 30 seconds left.\n|inactive|j0l0k0 has 20 seconds left.\n|inactive|j0l0k0 has 15 seconds left.\n|\n|t:|1768681162\n|-terastallize|p2a: Kyogre|Grass\n|move|p1b: Lunala|Wide Guard|p1b: Lunala\n|-singleturn|p1b: Lunala|Wide Guard\n|move|p1a: Raging Bolt|Snarl|p2b: Indeedee|[spread] p2a,p2b\n|-supereffective|p2b: Indeedee\n|-damage|p2a: Kyogre|91/100\n|-damage|p2b: Indeedee|69/100\n|-unboost|p2a: Kyogre|spa|1\n|-unboost|p2b: Indeedee|spa|1\n|move|p2a: Kyogre|Water Spout|p1a: Raging Bolt|[spread] \n|-activate|p1a: Raging Bolt|move: Wide Guard\n|-activate|p1b: Lunala|move: Wide Guard\n|move|p2b: Indeedee|Trick Room|p2b: Indeedee\n|-fieldstart|move: Trick Room|[of] p2b: Indeedee\n|\n|-weather|RainDance|[upkeep]\n|upkeep\n|turn|2\n|inactive|j0l0k0 has 30 seconds left.\n|\n|t:|1768681192\n|move|p2b: Indeedee|Helping Hand|p2a: Kyogre\n|-singleturn|p2a: Kyogre|Helping Hand|[of] p2b: Indeedee\n|move|p2a: Kyogre|Ice Beam|p1a: Raging Bolt\n|-supereffective|p1a: Raging Bolt\n|-damage|p1a: Raging Bolt|36/100\n|move|p1a: Raging Bolt|Snarl|p2a: Kyogre|[spread] p2a,p2b\n|-supereffective|p2b: Indeedee\n|-crit|p2b: Indeedee\n|-damage|p2a: Kyogre|83/100\n|-damage|p2b: Indeedee|16/100\n|-unboost|p2a: Kyogre|spa|1\n|-unboost|p2b: Indeedee|spa|1\n|move|p1b: Lunala|Trick Room|p1b: Lunala\n|-fieldend|move: Trick Room\n|\n|-weather|RainDance|[upkeep]\n|upkeep\n|turn|3\n|\n|t:|1768681211\n|move|p1b: Lunala|Moongeist Beam|p2a: Kyogre\n|-damage|p2a: Kyogre|60/100\n|move|p1a: Raging Bolt|Dragon Pulse|p2a: Kyogre\n|-damage|p2a: Kyogre|33/100\n|move|p2a: Kyogre|Ice Beam|p1a: Raging Bolt\n|-supereffective|p1a: Raging Bolt\n|-damage|p1a: Raging Bolt|2/100\n|move|p2b: Indeedee|Trick Room|p2b: Indeedee\n|-fieldstart|move: Trick Room|[of] p2b: Indeedee\n|\n|-weather|RainDance|[upkeep]\n|upkeep\n|turn|4\n|\n|t:|1768681235\n|-end|p1a: Raging Bolt|Protosynthesis|[silent]\n|switch|p1a: Groudon|Groudon, L50|100/100\n|-weather|SunnyDay|[from] ability: Drought|[of] p1a: Groudon\n|move|p2a: Kyogre|Hydro Pump|p1b: Lunala\n|-crit|p1b: Lunala\n|-damage|p1b: Lunala|83/100\n|move|p2b: Indeedee|Psychic|p1a: Groudon\n|-damage|p1a: Groudon|81/100\n|move|p1b: Lunala|Moongeist Beam|p2a: Kyogre\n|-crit|p2a: Kyogre\n|-damage|p2a: Kyogre|0 fnt\n|faint|p2a: Kyogre\n|\n|-weather|SunnyDay|[upkeep]\n|upkeep\n|\n|t:|1768681250\n|switch|p2a: Calyrex|Calyrex-Ice, L50|100/100\n|-ability|p2a: Calyrex|As One\n|-ability|p2a: Calyrex|Unnerve\n|turn|5\n|\n|t:|1768681261\n|move|p2b: Indeedee|Helping Hand|p2a: Calyrex\n|-singleturn|p2a: Calyrex|Helping Hand|[of] p2b: Indeedee\n|move|p1b: Lunala|Wide Guard|p1b: Lunala\n|-singleturn|p1b: Lunala|Wide Guard\n|move|p2a: Calyrex|Crunch|p1b: Lunala\n|-supereffective|p1b: Lunala\n|-damage|p1b: Lunala|0 fnt\n|faint|p1b: Lunala\n|-ability|p2a: Calyrex|Chilling Neigh|boost\n|-boost|p2a: Calyrex|atk|1\n|move|p1a: Groudon|Heat Crash|p2a: Calyrex\n|-supereffective|p2a: Calyrex\n|-damage|p2a: Calyrex|69/100\n|\n|-weather|SunnyDay|[upkeep]\n|-fieldend|move: Psychic Terrain\n|upkeep\n|\n|t:|1768681275\n|switch|p1b: Incineroar|Incineroar, L50, F|100/100\n|-ability|p1b: Incineroar|Intimidate|boost\n|-fail|p2a: Calyrex|unboost|[from] item: Clear Amulet|[of] p2a: Calyrex\n|-unboost|p2b: Indeedee|atk|1\n|turn|6\n|\n|t:|1768681282\n|move|p1b: Incineroar|Fake Out|p2a: Calyrex\n|-damage|p2a: Calyrex|62/100\n|move|p2b: Indeedee|Follow Me|p2b: Indeedee\n|-singleturn|p2b: Indeedee|move: Follow Me\n|cant|p2a: Calyrex|flinch\n|move|p1a: Groudon|Precipice Blades|p2a: Calyrex|[spread] p2a\n|-miss|p1a: Groudon|p2b: Indeedee\n|-damage|p2a: Calyrex|27/100\n|\n|-weather|SunnyDay|[upkeep]\n|upkeep\n|turn|7\n|\n|t:|1768681298\n|move|p1a: Groudon|Protect|p1a: Groudon\n|-singleturn|p1a: Groudon|Protect\n|move|p2b: Indeedee|Follow Me|p2b: Indeedee\n|-singleturn|p2b: Indeedee|move: Follow Me\n|move|p2a: Calyrex|Glacial Lance|p1a: Groudon|[spread] p1b\n|-activate|p1a: Groudon|move: Protect\n|-resisted|p1b: Incineroar\n|-damage|p1b: Incineroar|63/100\n|move|p1b: Incineroar|Knock Off|p2b: Indeedee\n|-supereffective|p2b: Indeedee\n|-damage|p2b: Indeedee|0 fnt\n|-enditem|p2b: Indeedee|Safety Goggles|[from] move: Knock Off|[of] p1b: Incineroar\n|faint|p2b: Indeedee\n|\n|-weather|SunnyDay|[upkeep]\n|-fieldend|move: Trick Room\n|upkeep\n|\n|t:|1768681311\n|switch|p2b: Urshifu|Urshifu, L50, F|100/100\n|turn|8\n|\n|t:|1768681320\n|-terastallize|p1b: Incineroar|Grass\n|move|p2b: Urshifu|Close Combat|p1b: Incineroar\n|-damage|p1b: Incineroar|5/100\n|-unboost|p2b: Urshifu|def|1\n|-unboost|p2b: Urshifu|spd|1\n|move|p1a: Groudon|Precipice Blades|p2a: Calyrex|[spread] p2a,p2b\n|-damage|p2a: Calyrex|0 fnt\n|-damage|p2b: Urshifu|11/100\n|faint|p2a: Calyrex\n|move|p1b: Incineroar|Flare Blitz|p2b: Urshifu\n|-damage|p2b: Urshifu|0 fnt\n|faint|p2b: Urshifu\n|-damage|p1b: Incineroar|2/100|[from] Recoil\n|\n|win|Kao Liang\n|raw|Kao Liang's rating: 1325 &rarr; <strong>1350</strong><br />(+25 for winning)\n|raw|j0l0k0's rating: 1417 &rarr; <strong>1392</strong><br />(-25 for losing)\n|l|\u2606j0l0k0\n|player|p2|\n|l|\u2606Kao Liang\n|player|p1|\n","uploadtime":1768681514,"views":15,"formatid":"gen9vgc2026regi","rating":1350,"private":0,"password":null}