{"id":"gen9vgc2026regi-2527501631","format":"[Gen 9] VGC 2026 Reg I","players":["renan.tony","ArisHazard"],"log":"|j|\u2606renan.tony\n|j|\u2606ArisHazard\n|t:|1769544070\n|gametype|doubles\n|player|p1|renan.tony|lance|1234\n|player|p2|ArisHazard|266|1339\n|gen|9\n|tier|[Gen 9] VGC 2026 Reg I\n|rated|\n|rule|Species Clause: Limit one of each Pok\u00e9mon\n|rule|Item Clause: Limit 1 of each item\n|clearpoke\n|poke|p1|Whimsicott, L50, M|\n|poke|p1|Miraidon, L50|\n|poke|p1|Ho-Oh, L50|\n|poke|p1|Chien-Pao, L50|\n|poke|p1|Incineroar, L50, F|\n|poke|p1|Farigiraf, L50, F|\n|poke|p2|Smeargle, L50, M|\n|poke|p2|Muk-Alola, L50, M|\n|poke|p2|Raging Bolt, L50|\n|poke|p2|Terapagos, L50, M|\n|poke|p2|Ho-Oh, L50|\n|poke|p2|Sableye, L50, M|\n|teampreview|4\n|\n|t:|1769544086\n|teamsize|p1|4\n|teamsize|p2|4\n|start\n|switch|p1a: Incineroar|Incineroar, L50, F|100/100\n|switch|p1b: Miraidon|Miraidon, L50|100/100\n|switch|p2a: Smeargle|Smeargle, L50, M|100/100\n|switch|p2b: Muk|Muk-Alola, L50, M|100/100\n|-fieldstart|move: Electric Terrain|[from] ability: Hadron Engine|[of] p1b: Miraidon\n|-ability|p1a: Incineroar|Intimidate|boost\n|-unboost|p2a: Smeargle|atk|1\n|-unboost|p2b: Muk|atk|1\n|turn|1\n|inactive|Battle timer is ON: inactive players will automatically lose when time's up. (requested by ArisHazard)\n|\n|t:|1769544101\n|move|p2a: Smeargle|Follow Me|p2a: Smeargle\n|-singleturn|p2a: Smeargle|move: Follow Me\n|move|p1b: Miraidon|Electro Drift|p2a: Smeargle\n|-enditem|p2a: Smeargle|Focus Sash\n|-damage|p2a: Smeargle|1/100\n|move|p1a: Incineroar|Knock Off|p2a: Smeargle\n|-damage|p2a: Smeargle|0 fnt\n|faint|p2a: Smeargle\n|-ability|p2b: Muk|Moody|Power of Alchemy|[from] ability: Power of Alchemy|[of] p2a: Smeargle\n|move|p2b: Muk|Minimize|p2b: Muk\n|-boost|p2b: Muk|evasion|2\n|\n|-ability|p2b: Muk|Moody|boost\n|-boost|p2b: Muk|atk|2\n|-unboost|p2b: Muk|spa|1\n|upkeep\n|\n|t:|1769544120\n|switch|p2a: Sableye|Sableye, L50, M|100/100\n|turn|2\n|\n|t:|1769544124\n|move|p2a: Sableye|Disable|p1b: Miraidon\n|-start|p1b: Miraidon|Disable|Electro Drift\n|cant|p1b: Miraidon|Disable|Electro Drift\n|move|p1a: Incineroar|Knock Off|p2a: Sableye\n|-damage|p2a: Sableye|55/100\n|-enditem|p2a: Sableye|Sitrus Berry|[from] move: Knock Off|[of] p1a: Incineroar\n|move|p2b: Muk|Toxic|p1a: Incineroar\n|-status|p1a: Incineroar|tox\n|\n|-damage|p1a: Incineroar|95/100 tox|[from] psn\n|-ability|p2b: Muk|Moody|boost\n|-boost|p2b: Muk|def|2\n|-unboost|p2b: Muk|atk|1\n|upkeep\n|turn|3\n|\n|t:|1769544145\n|move|p1b: Miraidon|Parabolic Charge|p2a: Sableye|[spread] p1a,p2a\n|-miss|p1b: Miraidon|p2b: Muk\n|-damage|p1a: Incineroar|64/100 tox\n|-damage|p2a: Sableye|0 fnt\n|faint|p2a: Sableye\n|move|p1a: Incineroar|U-turn|p2b: Muk\n|-damage|p2b: Muk|93/100\n|\n|t:|1769544155\n|switch|p1a: Farigiraf|Farigiraf, L50, F|100/100|[from] U-turn\n|move|p2b: Muk|Minimize|p2b: Muk\n|-boost|p2b: Muk|evasion|2\n|\n|-heal|p2b: Muk|99/100|[from] item: Leftovers\n|-ability|p2b: Muk|Moody|boost\n|-boost|p2b: Muk|spa|2\n|-unboost|p2b: Muk|def|1\n|upkeep\n|\n|t:|1769544166\n|switch|p2a: Terapagos|Terapagos, L50, M|100/100\n|-activate|p2a: Terapagos|ability: Tera Shift\n|detailschange|p2a: Terapagos|Terapagos-Terastal, L50, M\n|-heal|p2a: Terapagos|100/100|[silent]\n|turn|4\n|\n|t:|1769544175\n|move|p1b: Miraidon|Draco Meteor|p2a: Terapagos\n|-activate|p2a: Terapagos|ability: Tera Shell\n|-resisted|p2a: Terapagos\n|-damage|p2a: Terapagos|63/100\n|-unboost|p1b: Miraidon|spa|2\n|move|p2a: Terapagos|Tera Starstorm|p1b: Miraidon\n|-damage|p1b: Miraidon|16/100\n|move|p1a: Farigiraf|Imprison|p1a: Farigiraf\n|-start|p1a: Farigiraf|move: Imprison\n|move|p2b: Muk|Toxic|p1b: Miraidon\n|-status|p1b: Miraidon|tox\n|\n|-heal|p2b: Muk|100/100|[from] item: Leftovers\n|-damage|p1b: Miraidon|10/100 tox|[from] psn\n|-ability|p2b: Muk|Moody|boost\n|-boost|p2b: Muk|spe|2\n|-unboost|p2b: Muk|spd|1\n|upkeep\n|turn|5\n|inactive|ArisHazard has 30 seconds left.\n|\n|t:|1769544203\n|switch|p1b: Incineroar|Incineroar, L50, F|64/100 tox\n|-ability|p1b: Incineroar|Intimidate|boost\n|-unboost|p2a: Terapagos|atk|1\n|-unboost|p2b: Muk|atk|1\n|move|p2b: Muk|Toxic|p1a: Farigiraf\n|-status|p1a: Farigiraf|tox\n|move|p2a: Terapagos|Tera Starstorm|p1a: Farigiraf\n|-damage|p1a: Farigiraf|18/100 tox\n|move|p1a: Farigiraf|Psychic|p2a: Terapagos\n|-damage|p2a: Terapagos|35/100\n|\n|-heal|p1a: Farigiraf|24/100 tox|[from] item: Leftovers\n|-damage|p1b: Incineroar|58/100 tox|[from] psn\n|-damage|p1a: Farigiraf|18/100 tox|[from] psn\n|-fieldend|move: Electric Terrain\n|-ability|p2b: Muk|Moody|boost\n|-boost|p2b: Muk|def|2\n|-unboost|p2b: Muk|spd|1\n|upkeep\n|turn|6\n|\n|t:|1769544225\n|move|p1b: Incineroar|Fake Out|p2a: Terapagos\n|-damage|p2a: Terapagos|26/100\n|move|p2b: Muk|Minimize|p2b: Muk\n|-boost|p2b: Muk|evasion|2\n|cant|p2a: Terapagos|flinch\n|move|p1a: Farigiraf|Psychic|p2a: Terapagos\n|-damage|p2a: Terapagos|0 fnt\n|faint|p2a: Terapagos\n|\n|-heal|p1a: Farigiraf|24/100 tox|[from] item: Leftovers\n|-damage|p1b: Incineroar|46/100 tox|[from] psn\n|-damage|p1a: Farigiraf|12/100 tox|[from] psn\n|-ability|p2b: Muk|Moody|boost\n|-boost|p2b: Muk|spa|2\n|-unboost|p2b: Muk|def|1\n|upkeep\n|turn|7\n|inactive|renan.tony has 30 seconds left.\n|\n|t:|1769544252\n|move|p2b: Muk|Knock Off|p1b: Incineroar\n|-resisted|p1b: Incineroar\n|-damage|p1b: Incineroar|36/100 tox\n|-enditem|p1b: Incineroar|Assault Vest|[from] move: Knock Off|[of] p2b: Muk\n|move|p1b: Incineroar|Knock Off|p2b: Muk|[miss]\n|-miss|p1b: Incineroar|p2b: Muk\n|move|p1a: Farigiraf|Psychic|p2b: Muk\n|-immune|p2b: Muk\n|\n|-heal|p1a: Farigiraf|18/100 tox|[from] item: Leftovers\n|-damage|p1b: Incineroar|18/100 tox|[from] psn\n|-damage|p1a: Farigiraf|0 fnt|[from] psn\n|faint|p1a: Farigiraf\n|-ability|p2b: Muk|Moody|boost\n|-boost|p2b: Muk|def|2\n|-unboost|p2b: Muk|spa|1\n|upkeep\n|\n|t:|1769544273\n|switch|p1a: Chien-Pao|Chien-Pao, L50|100/100\n|-ability|p1a: Chien-Pao|Sword of Ruin\n|turn|8\n|\n|t:|1769544283\n|move|p1a: Chien-Pao|Haze|p1a: Chien-Pao\n|-clearallboost\n|move|p1b: Incineroar|Knock Off|p2b: Muk\n|-resisted|p2b: Muk\n|-damage|p2b: Muk|81/100\n|-enditem|p2b: Muk|Leftovers|[from] move: Knock Off|[of] p1b: Incineroar\n|move|p2b: Muk|Toxic|p1a: Chien-Pao\n|-status|p1a: Chien-Pao|tox\n|\n|-damage|p1a: Chien-Pao|95/100 tox|[from] psn\n|-damage|p1b: Incineroar|0 fnt|[from] psn\n|faint|p1b: Incineroar\n|-ability|p2b: Muk|Moody|boost\n|-boost|p2b: Muk|spd|2\n|-unboost|p2b: Muk|def|1\n|upkeep\n|\n|t:|1769544297\n|switch|p1b: Miraidon|Miraidon, L50|10/100 tox\n|-fieldstart|move: Electric Terrain|[from] ability: Hadron Engine|[of] p1b: Miraidon\n|turn|9\n|\n|t:|1769544316\n|move|p2b: Muk|Protect|p2b: Muk\n|-singleturn|p2b: Muk|Protect\n|move|p1a: Chien-Pao|Ice Spinner|p2b: Muk\n|-activate|p2b: Muk|move: Protect\n|move|p1b: Miraidon|Electro Drift|p2b: Muk\n|-activate|p2b: Muk|move: Protect\n|\n|-damage|p1a: Chien-Pao|83/100 tox|[from] psn\n|-damage|p1b: Miraidon|4/100 tox|[from] psn\n|-ability|p2b: Muk|Moody|boost\n|-boost|p2b: Muk|spd|2\n|-unboost|p2b: Muk|def|1\n|upkeep\n|turn|10\n|\n|t:|1769544330\n|-terastallize|p1b: Miraidon|Electric\n|move|p2b: Muk|Protect|p2b: Muk\n|-singleturn|p2b: Muk|Protect\n|move|p1a: Chien-Pao|Ice Spinner|p2b: Muk\n|-activate|p2b: Muk|move: Protect\n|move|p1b: Miraidon|Electro Drift|p2b: Muk\n|-activate|p2b: Muk|move: Protect\n|\n|-damage|p1b: Miraidon|0 fnt|[from] psn\n|faint|p1b: Miraidon\n|-damage|p1a: Chien-Pao|66/100 tox|[from] psn\n|-ability|p2b: Muk|Moody|boost\n|-boost|p2b: Muk|def|2\n|-unboost|p2b: Muk|spe|1\n|upkeep\n|turn|11\n|\n|t:|1769544348\n|move|p1a: Chien-Pao|Ice Spinner|p2b: Muk\n|-damage|p2b: Muk|40/100\n|-fieldend|move: Electric Terrain\n|move|p2b: Muk|Minimize|p2b: Muk\n|-boost|p2b: Muk|evasion|2\n|\n|-damage|p1a: Chien-Pao|42/100 tox|[from] psn\n|-ability|p2b: Muk|Moody|boost\n|-boost|p2b: Muk|atk|2\n|-unboost|p2b: Muk|spe|1\n|upkeep\n|turn|12\n|\n|t:|1769544362\n|move|p1a: Chien-Pao|Haze|p1a: Chien-Pao\n|-clearallboost\n|move|p2b: Muk|Knock Off|p1a: Chien-Pao\n|-resisted|p1a: Chien-Pao\n|-damage|p1a: Chien-Pao|17/100 tox\n|-enditem|p1a: Chien-Pao|Focus Sash|[from] move: Knock Off|[of] p2b: Muk\n|\n|-damage|p1a: Chien-Pao|0 fnt|[from] psn\n|faint|p1a: Chien-Pao\n|\n|win|ArisHazard\n|raw|renan.tony's rating: 1234 &rarr; <strong>1216</strong><br />(-18 for losing)\n|raw|ArisHazard's rating: 1339 &rarr; <strong>1353</strong><br />(+14 for winning)\n|l|\u2606renan.tony\n|player|p1|\n|c|\u2606ArisHazard|Gg\n|l|\u2606ArisHazard\n|player|p2|\n","uploadtime":1769544621,"views":5,"formatid":"gen9vgc2026regi","rating":1216,"private":0,"password":null}