{"id":"gen9vgc2026regi-2546820665","format":"[Gen 9] VGC 2026 Reg I","players":["lin25","marcxhenry"],"log":"|j|\u2606lin25\n|j|\u2606marcxhenry\n|t:|1772016839\n|gametype|doubles\n|player|p1|lin25|ash-kalos|1389\n|player|p2|marcxhenry|hilbert-wonderlauncher|1612\n|gen|9\n|tier|[Gen 9] VGC 2026 Reg I\n|rated|\n|rule|Species Clause: Limit one of each Pok\u00e9mon\n|rule|Item Clause: Limit 1 of each item\n|clearpoke\n|poke|p1|Calyrex-Shadow, L50|\n|poke|p1|Zamazenta-*, L50|\n|poke|p1|Chien-Pao, L50|\n|poke|p1|Dragonite, L50, M|\n|poke|p1|Raging Bolt, L50|\n|poke|p1|Amoonguss, L50, M|\n|poke|p2|Calyrex-Shadow, L50|\n|poke|p2|Urshifu-*, L50, M|\n|poke|p2|Roaring Moon, L50|\n|poke|p2|Kyogre, L50|\n|poke|p2|Tsareena, L50, F|\n|poke|p2|Kingambit, L50, M|\n|teampreview|4\n|\n|t:|1772016865\n|teamsize|p1|4\n|teamsize|p2|4\n|start\n|switch|p1a: Chien-Pao|Chien-Pao, L50|100/100\n|switch|p1b: Zamazenta|Zamazenta-Crowned, L50|100/100\n|switch|p2a: Ludwig|Calyrex-Shadow, L50|100/100\n|switch|p2b: Roter Baron|Roaring Moon, L50, shiny|100/100\n|-ability|p2a: Ludwig|As One\n|-ability|p2a: Ludwig|Unnerve\n|-ability|p1a: Chien-Pao|Sword of Ruin\n|-ability|p1b: Zamazenta|Dauntless Shield|boost\n|-boost|p1b: Zamazenta|def|1\n|-enditem|p2b: Roter Baron|Booster Energy\n|-activate|p2b: Roter Baron|ability: Protosynthesis|[fromitem]\n|-start|p2b: Roter Baron|protosynthesisspe\n|turn|1\n|\n|t:|1772016889\n|-terastallize|p2b: Roter Baron|Flying\n|move|p1a: Chien-Pao|Sucker Punch|p2a: Ludwig\n|-supereffective|p2a: Ludwig\n|-enditem|p2a: Ludwig|Focus Sash\n|-damage|p2a: Ludwig|1/100\n|move|p2b: Roter Baron|Acrobatics|p1a: Chien-Pao\n|-damage|p1a: Chien-Pao|25/100\n|move|p2a: Ludwig|Astral Barrage|p1a: Chien-Pao|[spread] p1a,p1b\n|-resisted|p1a: Chien-Pao\n|-damage|p1a: Chien-Pao|1/100\n|-damage|p1b: Zamazenta|64/100\n|move|p1b: Zamazenta|Body Press|p2b: Roter Baron\n|-resisted|p2b: Roter Baron\n|-damage|p2b: Roter Baron|42/100\n|\n|upkeep\n|turn|2\n|\n|t:|1772016925\n|move|p2a: Ludwig|Protect|p2a: Ludwig\n|-singleturn|p2a: Ludwig|Protect\n|move|p1a: Chien-Pao|Sucker Punch||[still]\n|-fail|p1a: Chien-Pao\n|move|p2b: Roter Baron|Tailwind|p2b: Roter Baron\n|-sidestart|p2: marcxhenry|move: Tailwind\n|move|p1b: Zamazenta|Heavy Slam|p2a: Ludwig\n|-activate|p2a: Ludwig|move: Protect\n|\n|upkeep\n|turn|3\n|\n|t:|1772016944\n|switch|p2a: Hitmonshe|Tsareena, L50, F, shiny|100/100\n|move|p1a: Chien-Pao|Sucker Punch||[still]\n|cant|p2a: Hitmonshe|ability: Queenly Majesty|Sucker Punch|[of] p1a: Chien-Pao\n|move|p2b: Roter Baron|Knock Off|p1a: Chien-Pao\n|-resisted|p1a: Chien-Pao\n|-damage|p1a: Chien-Pao|0 fnt\n|-enditem|p1a: Chien-Pao|Assault Vest|[from] move: Knock Off|[of] p2b: Roter Baron\n|faint|p1a: Chien-Pao\n|move|p1b: Zamazenta|Heavy Slam|p2a: Hitmonshe\n|-damage|p2a: Hitmonshe|41/100\n|\n|upkeep\n|\n|t:|1772016963\n|switch|p1a: Calyrex|Calyrex-Shadow, L50|100/100\n|-ability|p1a: Calyrex|As One\n|-ability|p1a: Calyrex|Unnerve\n|turn|4\n|\n|t:|1772016986\n|-terastallize|p1a: Calyrex|Ghost\n|move|p2b: Roter Baron|Protect|p2b: Roter Baron\n|-singleturn|p2b: Roter Baron|Protect\n|move|p2a: Hitmonshe|Taunt|p1b: Zamazenta\n|-start|p1b: Zamazenta|move: Taunt\n|move|p1a: Calyrex|Astral Barrage|p2b: Roter Baron|[spread] p2a\n|-activate|p2b: Roter Baron|move: Protect\n|-crit|p2a: Hitmonshe\n|-damage|p2a: Hitmonshe|0 fnt\n|faint|p2a: Hitmonshe\n|-ability|p1a: Calyrex|Grim Neigh|boost\n|-boost|p1a: Calyrex|spa|1\n|move|p1b: Zamazenta|Body Press|p2b: Roter Baron\n|-activate|p2b: Roter Baron|move: Protect\n|\n|upkeep\n|\n|t:|1772017002\n|switch|p2a: Tripitz|Kyogre, L50, shiny|100/100\n|-weather|RainDance|[from] ability: Drizzle|[of] p2a: Tripitz\n|turn|5\n|\n|t:|1772017030\n|move|p1a: Calyrex|Protect|p1a: Calyrex\n|-singleturn|p1a: Calyrex|Protect\n|move|p2b: Roter Baron|Knock Off|p1b: Zamazenta\n|-resisted|p1b: Zamazenta\n|-damage|p1b: Zamazenta|58/100\n|move|p2a: Tripitz|Water Spout|p1a: Calyrex|[spread] p1b\n|-activate|p1a: Calyrex|move: Protect\n|-damage|p1b: Zamazenta|0 fnt\n|faint|p1b: Zamazenta\n|\n|-weather|RainDance|[upkeep]\n|-sideend|p2: marcxhenry|move: Tailwind\n|upkeep\n|\n|t:|1772017039\n|switch|p1b: Raging Bolt|Raging Bolt, L50|100/100\n|-enditem|p1b: Raging Bolt|Booster Energy\n|-activate|p1b: Raging Bolt|ability: Protosynthesis|[fromitem]\n|-start|p1b: Raging Bolt|protosynthesisspa\n|turn|6\n|\n|t:|1772017060\n|move|p1b: Raging Bolt|Thunderclap|p2a: Tripitz\n|-supereffective|p2a: Tripitz\n|-damage|p2a: Tripitz|19/100\n|move|p2b: Roter Baron|Tailwind|p2b: Roter Baron\n|-sidestart|p2: marcxhenry|move: Tailwind\n|move|p2a: Tripitz|Origin Pulse|p1b: Raging Bolt|[spread] p1a,p1b\n|-resisted|p1b: Raging Bolt\n|-crit|p1b: Raging Bolt\n|-enditem|p1a: Calyrex|Focus Sash\n|-damage|p1a: Calyrex|1/100\n|-damage|p1b: Raging Bolt|42/100\n|move|p1a: Calyrex|Astral Barrage|p2a: Tripitz|[spread] p2a,p2b\n|-damage|p2a: Tripitz|0 fnt\n|-damage|p2b: Roter Baron|0 fnt\n|faint|p2a: Tripitz\n|faint|p2b: Roter Baron\n|-end|p2b: Roter Baron|Protosynthesis|[silent]\n|-ability|p1a: Calyrex|Grim Neigh|boost\n|-boost|p1a: Calyrex|spa|2\n|\n|-weather|RainDance|[upkeep]\n|upkeep\n|\n|t:|1772017077\n|switch|p2b: Ludwig|Calyrex-Shadow, L50|1/100\n|-ability|p2b: Ludwig|As One\n|-ability|p2b: Ludwig|Unnerve\n|turn|7\n|\n|t:|1772017092\n|move|p1b: Raging Bolt|Thunderclap|p2b: Ludwig\n|-damage|p2b: Ludwig|0 fnt\n|faint|p2b: Ludwig\n|\n|win|lin25\n|raw|lin25's rating: 1389 &rarr; <strong>1420</strong><br />(+31 for winning)\n|raw|marcxhenry's rating: 1612 &rarr; <strong>1581</strong><br />(-31 for losing)\n|l|\u2606marcxhenry\n|player|p2|\n","uploadtime":1772017103,"views":13,"formatid":"gen9vgc2026regi","rating":1420,"private":0,"password":null}