{"id":"gen9vgc2026regi-2516364398","format":"[Gen 9] VGC 2026 Reg I","players":["suc vat vk","fogdocker"],"log":"|j|\u2606suc vat vk\n|j|\u2606fogdocker\n|t:|1768129020\n|gametype|doubles\n|player|p1|suc vat vk|kimonogirl|1365\n|player|p2|fogdocker|102|1352\n|gen|9\n|tier|[Gen 9] VGC 2026 Reg I\n|rated|\n|rule|Species Clause: Limit one of each Pok\u00e9mon\n|rule|Item Clause: Limit 1 of each item\n|clearpoke\n|poke|p1|Calyrex-Shadow, L50|\n|poke|p1|Incineroar, L50, F|\n|poke|p1|Koraidon, L50|\n|poke|p1|Chi-Yu, L50|\n|poke|p1|Smeargle, L50, M|\n|poke|p1|Whimsicott, L50, F|\n|poke|p2|Koraidon, L50|\n|poke|p2|Flutter Mane, L50|\n|poke|p2|Calyrex-Ice, L50|\n|poke|p2|Incineroar, L50, M|\n|poke|p2|Rillaboom, L50, F|\n|poke|p2|Amoonguss, L50, F|\n|teampreview|4\n|\n|t:|1768129090\n|teamsize|p1|4\n|teamsize|p2|4\n|start\n|switch|p1a: Smeargle|Smeargle, L50, M|100/100\n|switch|p1b: Calyrex|Calyrex-Shadow, L50|100/100\n|switch|p2a: Flutter Mane|Flutter Mane, L50|100/100\n|switch|p2b: Calyrex|Calyrex-Ice, L50|100/100\n|-ability|p1b: Calyrex|As One\n|-ability|p1b: Calyrex|Unnerve\n|-ability|p2b: Calyrex|As One\n|-ability|p2b: Calyrex|Unnerve\n|turn|1\n|\n|t:|1768129108\n|switch|p2b: Incineroar|Incineroar, L50, M|100/100\n|-ability|p2b: Incineroar|Intimidate|boost\n|-unboost|p1a: Smeargle|atk|1\n|-unboost|p1b: Calyrex|atk|1\n|-terastallize|p2a: Flutter Mane|Normal\n|-terastallize|p1b: Calyrex|Ghost\n|move|p1a: Smeargle|Follow Me|p1a: Smeargle\n|-singleturn|p1a: Smeargle|move: Follow Me\n|move|p2a: Flutter Mane|Icy Wind|p1b: Calyrex|[spread] p1a,p1b\n|-damage|p1a: Smeargle|70/100\n|-damage|p1b: Calyrex|86/100\n|-unboost|p1a: Smeargle|spe|1\n|-unboost|p1b: Calyrex|spe|1\n|move|p1b: Calyrex|Astral Barrage|p2a: Flutter Mane|[spread] p2b\n|-immune|p2a: Flutter Mane\n|-resisted|p2b: Incineroar\n|-damage|p2b: Incineroar|45/100\n|\n|-ability|p1a: Smeargle|Moody|boost\n|-boost|p1a: Smeargle|def|2\n|-unboost|p1a: Smeargle|spa|1\n|upkeep\n|turn|2\n|\n|t:|1768129124\n|switch|p1b: Koraidon|Koraidon, L50, shiny|100/100\n|-weather|SunnyDay|[from] ability: Orichalcum Pulse|[of] p1b: Koraidon\n|-activate|p2a: Flutter Mane|ability: Protosynthesis\n|-start|p2a: Flutter Mane|protosynthesisspe\n|-activate|p1b: Koraidon|Orichalcum Pulse|[source]\n|move|p1a: Smeargle|Wide Guard|p1a: Smeargle\n|-singleturn|p1a: Smeargle|Wide Guard\n|move|p2b: Incineroar|Fake Out|p1a: Smeargle\n|-damage|p1a: Smeargle|57/100\n|move|p2a: Flutter Mane|Shadow Ball|p1b: Koraidon\n|-damage|p1b: Koraidon|54/100\n|\n|-weather|SunnyDay|[upkeep]\n|-ability|p1a: Smeargle|Moody|boost\n|-boost|p1a: Smeargle|def|2\n|-unboost|p1a: Smeargle|atk|1\n|upkeep\n|turn|3\n|\n|t:|1768129202\n|move|p1a: Smeargle|Follow Me|p1a: Smeargle\n|-singleturn|p1a: Smeargle|move: Follow Me\n|move|p2a: Flutter Mane|Moonblast|p1a: Smeargle\n|-damage|p1a: Smeargle|0 fnt\n|faint|p1a: Smeargle\n|move|p1b: Koraidon|Flame Charge|p2a: Flutter Mane\n|-enditem|p2a: Flutter Mane|Focus Sash\n|-damage|p2a: Flutter Mane|1/100\n|-boost|p1b: Koraidon|spe|1\n|-damage|p1b: Koraidon|44/100|[from] item: Life Orb\n|move|p2b: Incineroar|Parting Shot|p1b: Koraidon\n|-unboost|p1b: Koraidon|atk|1\n|-unboost|p1b: Koraidon|spa|1\n|\n|t:|1768129210\n|switch|p2b: Koraidon|Koraidon, L50|100/100|[from] Parting Shot\n|-activate|p2b: Koraidon|ability: Orichalcum Pulse\n|\n|-weather|SunnyDay|[upkeep]\n|upkeep\n|l|\u2606suc vat vk\n|player|p1|\n|j|\u2606suc vat vk\n|player|p1|suc vat vk|kimonogirl|\n|\n|t:|1768129256\n|switch|p1a: Chi-Yu|Chi-Yu, L50, shiny|100/100\n|-ability|p1a: Chi-Yu|Beads of Ruin\n|turn|4\n|\n|t:|1768129263\n|move|p1b: Koraidon|Protect|p1b: Koraidon\n|-singleturn|p1b: Koraidon|Protect\n|move|p2a: Flutter Mane|Moonblast|p1b: Koraidon\n|-activate|p1b: Koraidon|move: Protect\n|move|p1a: Chi-Yu|Heat Wave|p2a: Flutter Mane|[spread] p2a,p2b\n|-resisted|p2b: Koraidon\n|-damage|p2a: Flutter Mane|0 fnt\n|-damage|p2b: Koraidon|56/100\n|faint|p2a: Flutter Mane\n|-end|p2a: Flutter Mane|Protosynthesis|[silent]\n|move|p2b: Koraidon|Close Combat|p1a: Chi-Yu\n|-supereffective|p1a: Chi-Yu\n|-damage|p1a: Chi-Yu|0 fnt\n|-unboost|p2b: Koraidon|def|1\n|-unboost|p2b: Koraidon|spd|1\n|faint|p1a: Chi-Yu\n|-damage|p2b: Koraidon|46/100|[from] item: Life Orb\n|\n|-weather|SunnyDay|[upkeep]\n|upkeep\n|inactive|Battle timer is ON: inactive players will automatically lose when time's up. (requested by suc vat vk)\n|\n|t:|1768129272\n|switch|p2a: Incineroar|Incineroar, L50, M|45/100\n|switch|p1a: Calyrex|Calyrex-Shadow, L50, tera:Ghost|86/100\n|-ability|p1a: Calyrex|As One\n|-ability|p1a: Calyrex|Unnerve\n|-ability|p2a: Incineroar|Intimidate|boost\n|-unboost|p1a: Calyrex|atk|1\n|-unboost|p1b: Koraidon|atk|1\n|turn|5\n|\n|t:|1768129289\n|move|p1b: Koraidon|Close Combat|p2a: Incineroar\n|-supereffective|p2a: Incineroar\n|-damage|p2a: Incineroar|0 fnt\n|-unboost|p1b: Koraidon|def|1\n|-unboost|p1b: Koraidon|spd|1\n|faint|p2a: Incineroar\n|-damage|p1b: Koraidon|34/100|[from] item: Life Orb\n|move|p2b: Koraidon|Flame Charge|p1a: Calyrex\n|-damage|p1a: Calyrex|28/100\n|-boost|p2b: Koraidon|spe|1\n|-damage|p2b: Koraidon|36/100|[from] item: Life Orb\n|move|p1a: Calyrex|Astral Barrage|p2b: Koraidon\n|-damage|p2b: Koraidon|0 fnt\n|faint|p2b: Koraidon\n|-ability|p1a: Calyrex|Grim Neigh|boost\n|-boost|p1a: Calyrex|spa|1\n|\n|-weather|SunnyDay|[upkeep]\n|upkeep\n|\n|t:|1768129294\n|switch|p2b: Calyrex|Calyrex-Ice, L50|100/100\n|-ability|p2b: Calyrex|As One\n|-ability|p2b: Calyrex|Unnerve\n|turn|6\n|\n|t:|1768129304\n|move|p1b: Koraidon|Close Combat|p2b: Calyrex\n|-damage|p2b: Calyrex|70/100\n|-unboost|p1b: Koraidon|def|1\n|-unboost|p1b: Koraidon|spd|1\n|-damage|p1b: Koraidon|24/100|[from] item: Life Orb\n|move|p1a: Calyrex|Astral Barrage|p2b: Calyrex\n|-supereffective|p2b: Calyrex\n|-damage|p2b: Calyrex|0 fnt\n|faint|p2b: Calyrex\n|\n|win|suc vat vk\n|raw|suc vat vk's rating: 1365 &rarr; <strong>1384</strong><br />(+19 for winning)\n|raw|fogdocker's rating: 1352 &rarr; <strong>1333</strong><br />(-19 for losing)\n|l|\u2606suc vat vk\n|player|p1|\n|l|\u2606fogdocker\n|player|p2|\n","uploadtime":1768129554,"views":14,"formatid":"gen9vgc2026regi","rating":1333,"private":0,"password":null}