{"id":"gen9vgc2026regi-2587413891","format":"[Gen 9] VGC 2026 Reg I","players":["wasaad5","Junebey"],"log":"|j|\u2606wasaad5\n|j|\u2606Junebey\n|t:|1776529791\n|gametype|doubles\n|player|p1|wasaad5|blue|1334\n|player|p2|Junebey|102|1301\n|gen|9\n|tier|[Gen 9] VGC 2026 Reg I\n|rated|\n|rule|Species Clause: Limit one of each Pok\u00e9mon\n|rule|Item Clause: Limit 1 of each item\n|clearpoke\n|poke|p1|Kyurem-White, L50|\n|poke|p1|Zacian-*, L50|\n|poke|p1|Sableye, L50, F|\n|poke|p1|Urshifu-*, L50, M|\n|poke|p1|Amoonguss, L50, F|\n|poke|p1|Incineroar, L50, F|\n|poke|p2|Whimsicott, L50, M|\n|poke|p2|Calyrex-Shadow, L50|\n|poke|p2|Miraidon, L50|\n|poke|p2|Iron Hands, L50|\n|poke|p2|Chi-Yu, L50|\n|poke|p2|Farigiraf, L50, F|\n|teampreview|4\n|inactive|Battle timer is ON: inactive players will automatically lose when time's up. (requested by Junebey)\n|\n|t:|1776529834\n|teamsize|p1|4\n|teamsize|p2|4\n|start\n|switch|p1a: Amoonguss|Amoonguss, L50, F|100/100\n|switch|p1b: Zacian|Zacian-Crowned, L50|100/100\n|switch|p2a: Whimsicott|Whimsicott, L50, M|100/100\n|switch|p2b: Calyrex|Calyrex-Shadow, L50|100/100\n|-ability|p2b: Calyrex|As One\n|-ability|p2b: Calyrex|Unnerve\n|-ability|p1b: Zacian|Intrepid Sword|boost\n|-boost|p1b: Zacian|atk|1\n|turn|1\n|inactive|Junebey has 30 seconds left.\n|\n|t:|1776529861\n|-terastallize|p1a: Amoonguss|Dark\n|move|p2b: Calyrex|Protect|p2b: Calyrex\n|-singleturn|p2b: Calyrex|Protect\n|move|p2a: Whimsicott|Fake Tears|p1b: Zacian\n|-unboost|p1b: Zacian|spd|2\n|move|p1b: Zacian|Behemoth Blade|p2b: Calyrex\n|-activate|p2b: Calyrex|move: Protect\n|move|p1a: Amoonguss|Sludge Bomb|p2a: Whimsicott\n|-supereffective|p2a: Whimsicott\n|-damage|p2a: Whimsicott|0 fnt\n|faint|p2a: Whimsicott\n|\n|upkeep\n|\n|t:|1776529882\n|switch|p2a: Miraidon|Miraidon, L50|100/100\n|-fieldstart|move: Electric Terrain|[from] ability: Hadron Engine|[of] p2a: Miraidon\n|turn|2\n|\n|t:|1776529893\n|move|p1b: Zacian|Protect|p1b: Zacian\n|-singleturn|p1b: Zacian|Protect\n|move|p1a: Amoonguss|Protect|p1a: Amoonguss\n|-singleturn|p1a: Amoonguss|Protect\n|move|p2b: Calyrex|Astral Barrage|p1b: Zacian|[spread] \n|-activate|p1a: Amoonguss|move: Protect\n|-activate|p1b: Zacian|move: Protect\n|move|p2a: Miraidon|Electro Drift|p1a: Amoonguss\n|-activate|p1a: Amoonguss|move: Protect\n|\n|upkeep\n|turn|3\n|\n|t:|1776529910\n|switch|p1b: Incineroar|Incineroar, L50, F|100/100\n|-ability|p1b: Incineroar|Intimidate|boost\n|-unboost|p2a: Miraidon|atk|1\n|-unboost|p2b: Calyrex|atk|1\n|move|p2b: Calyrex|Astral Barrage|p1a: Amoonguss|[spread] p1a,p1b\n|-resisted|p1a: Amoonguss\n|-resisted|p1b: Incineroar\n|-damage|p1a: Amoonguss|81/100\n|-damage|p1b: Incineroar|87/100\n|move|p2a: Miraidon|Electro Drift|p1b: Incineroar\n|-damage|p1b: Incineroar|15/100\n|move|p1a: Amoonguss|Sludge Bomb|p2b: Calyrex\n|-resisted|p2b: Calyrex\n|-damage|p2b: Calyrex|88/100\n|\n|upkeep\n|turn|4\n|inactive|Junebey has 30 seconds left.\n|inactive|wasaad5 has 30 seconds left.\n|\n|t:|1776529944\n|move|p1a: Amoonguss|Protect|p1a: Amoonguss\n|-singleturn|p1a: Amoonguss|Protect\n|move|p1b: Incineroar|Fake Out|p2a: Miraidon\n|-damage|p2a: Miraidon|91/100\n|move|p2b: Calyrex|Astral Barrage|p1a: Amoonguss|[spread] p1b\n|-activate|p1a: Amoonguss|move: Protect\n|-resisted|p1b: Incineroar\n|-damage|p1b: Incineroar|1/100\n|cant|p2a: Miraidon|flinch\n|\n|upkeep\n|turn|5\n|\n|t:|1776529958\n|switch|p1b: Zacian|Zacian-Crowned, L50|100/100\n|switch|p1a: Kyurem|Kyurem-White, L50, shiny|100/100\n|-ability|p1a: Kyurem|Turboblaze\n|move|p2b: Calyrex|Astral Barrage|p1a: Kyurem|[spread] p1a,p1b\n|-damage|p1a: Kyurem|54/100\n|-damage|p1b: Zacian|44/100\n|move|p2a: Miraidon|Electro Drift|p1a: Kyurem\n|-resisted|p1a: Kyurem\n|-damage|p1a: Kyurem|0 fnt\n|faint|p1a: Kyurem\n|\n|upkeep\n|\n|t:|1776529964\n|switch|p1a: Amoonguss|Amoonguss, L50, F, tera:Dark|100/100\n|turn|6\n|\n|t:|1776529983\n|switch|p2a: Chi-Yu|Chi-Yu, L50|100/100\n|-ability|p2a: Chi-Yu|Beads of Ruin\n|move|p1b: Zacian|Protect|p1b: Zacian\n|-singleturn|p1b: Zacian|Protect\n|move|p1a: Amoonguss|Protect|p1a: Amoonguss\n|-singleturn|p1a: Amoonguss|Protect\n|move|p2b: Calyrex|Astral Barrage|p1b: Zacian|[spread] \n|-activate|p1a: Amoonguss|move: Protect\n|-activate|p1b: Zacian|move: Protect\n|\n|-fieldend|move: Electric Terrain\n|upkeep\n|turn|7\n|\n|t:|1776529996\n|switch|p1a: Incineroar|Incineroar, L50, F|1/100\n|-ability|p1a: Incineroar|Intimidate|boost\n|-unboost|p2a: Chi-Yu|atk|1\n|-unboost|p2b: Calyrex|atk|1\n|move|p2a: Chi-Yu|Overheat|p1a: Incineroar\n|-resisted|p1a: Incineroar\n|-damage|p1a: Incineroar|0 fnt\n|-unboost|p2a: Chi-Yu|spa|2\n|faint|p1a: Incineroar\n|move|p2b: Calyrex|Astral Barrage|p1b: Zacian\n|-damage|p1b: Zacian|0 fnt\n|faint|p1b: Zacian\n|-ability|p2b: Calyrex|Grim Neigh|boost\n|-boost|p2b: Calyrex|spa|1\n|\n|upkeep\n|-message|wasaad5 forfeited.\n|\n|win|Junebey\n|raw|wasaad5's rating: 1334 &rarr; <strong>1314</strong><br />(-20 for losing)\n|raw|Junebey's rating: 1326 &rarr; <strong>1346</strong><br />(+20 for winning)\n|l|\u2606wasaad5\n|player|p1|\n|l|\u2606Junebey\n|player|p2|\n","uploadtime":1776530212,"views":9,"formatid":"gen9vgc2026regi","rating":1314,"private":0,"password":null}