{"id":"gen9vgc2026regi-2546423013","format":"[Gen 9] VGC 2026 Reg I","players":["DAVITABYBYBY","Simon0123"],"log":"|j|\u2606DAVITABYBYBY\n|j|\u2606Simon0123\n|t:|1771963353\n|gametype|doubles\n|player|p1|DAVITABYBYBY|266|1000\n|player|p2|Simon0123|benga|1094\n|gen|9\n|tier|[Gen 9] VGC 2026 Reg I\n|rated|\n|rule|Species Clause: Limit one of each Pok\u00e9mon\n|rule|Item Clause: Limit 1 of each item\n|clearpoke\n|poke|p1|Politoed, L50, M|\n|poke|p1|Gothitelle, L50, F|\n|poke|p1|Torkoal, L50, F|\n|poke|p1|Arcanine-Hisui, L50, F|\n|poke|p1|Maushold, L50|\n|poke|p1|Cresselia, L50, F|\n|poke|p2|Miraidon, L50|\n|poke|p2|Flutter Mane, L50|\n|poke|p2|Incineroar, L50, F|\n|poke|p2|Urshifu-*, L50, M|\n|poke|p2|Tornadus, L50, M|\n|poke|p2|Amoonguss, L50, F|\n|teampreview|4\n|inactive|Battle timer is ON: inactive players will automatically lose when time's up. (requested by Simon0123)\n|\n|t:|1771963382\n|teamsize|p1|4\n|teamsize|p2|4\n|start\n|switch|p1a: Maushold|Maushold, L50|100/100\n|switch|p1b: Arcanine|Arcanine-Hisui, L50, F|100/100\n|switch|p2a: Miraidon|Miraidon, L50|100/100\n|switch|p2b: Incineroar|Incineroar, L50, F|100/100\n|-fieldstart|move: Electric Terrain|[from] ability: Hadron Engine|[of] p2a: Miraidon\n|-ability|p2b: Incineroar|Intimidate|boost\n|-unboost|p1a: Maushold|atk|1\n|-unboost|p1b: Arcanine|atk|1\n|turn|1\n|inactive|DAVITABYBYBY has 30 seconds left.\n|inactive|DAVITABYBYBY has 20 seconds left.\n|inactive|DAVITABYBYBY has 15 seconds left.\n|inactive|DAVITABYBYBY has 10 seconds left.\n|\n|t:|1771963433\n|-terastallize|p2a: Miraidon|Electric\n|move|p2b: Incineroar|Fake Out|p1a: Maushold\n|-damage|p1a: Maushold|86/100\n|move|p2a: Miraidon|Volt Switch|p1b: Arcanine\n|-damage|p1b: Arcanine|5/100\n|\n|t:|1771963445\n|switch|p2a: Urshifu|Urshifu-Rapid-Strike, L50, M|100/100|[from] Volt Switch\n|cant|p1a: Maushold|flinch\n|move|p1b: Arcanine|Head Smash|p2b: Incineroar\n|-supereffective|p2b: Incineroar\n|-damage|p2b: Incineroar|0 fnt\n|faint|p2b: Incineroar\n|\n|upkeep\n|\n|t:|1771963458\n|switch|p2b: Miraidon|Miraidon, L50, tera:Electric|100/100\n|-activate|p2b: Miraidon|ability: Hadron Engine\n|turn|2\n|inactive|Simon0123 has 30 seconds left.\n|\n|t:|1771963486\n|move|p1a: Maushold|Follow Me|p1a: Maushold\n|-singleturn|p1a: Maushold|move: Follow Me\n|move|p1b: Arcanine|Extreme Speed|p2a: Urshifu\n|-damage|p2a: Urshifu|82/100\n|move|p2b: Miraidon|Volt Switch|p1a: Maushold\n|-damage|p1a: Maushold|0 fnt\n|faint|p1a: Maushold\n|\n|t:|1771963494\n|switch|p2b: Amoonguss|Amoonguss, L50, F|100/100|[from] Volt Switch\n|move|p2a: Urshifu|Surging Strikes|p1b: Arcanine\n|-supereffective|p1b: Arcanine\n|-crit|p1b: Arcanine\n|-damage|p1b: Arcanine|0 fnt\n|faint|p1b: Arcanine\n|-hitcount|p1: Arcanine|1\n|\n|upkeep\n|\n|t:|1771963503\n|switch|p1a: Gothitelle|Gothitelle, L50, F|100/100\n|switch|p1b: Torkoal|Torkoal, L50, F|100/100\n|-weather|SunnyDay|[from] ability: Drought|[of] p1b: Torkoal\n|turn|3\n|\n|t:|1771963528\n|move|p2a: Urshifu|Surging Strikes|p1b: Torkoal\n|-supereffective|p1b: Torkoal\n|-crit|p1b: Torkoal\n|-damage|p1b: Torkoal|82/100\n|-supereffective|p1b: Torkoal\n|-crit|p1b: Torkoal\n|-damage|p1b: Torkoal|64/100\n|-supereffective|p1b: Torkoal\n|-crit|p1b: Torkoal\n|-damage|p1b: Torkoal|44/100\n|-hitcount|p1b: Torkoal|3\n|move|p2b: Amoonguss|Pollen Puff|p1a: Gothitelle\n|-supereffective|p1a: Gothitelle\n|-damage|p1a: Gothitelle|73/100\n|move|p1b: Torkoal|Eruption|p2b: Amoonguss|[spread] p2a,p2b\n|-resisted|p2a: Urshifu\n|-supereffective|p2b: Amoonguss\n|-crit|p2b: Amoonguss\n|-damage|p2a: Urshifu|54/100\n|-damage|p2b: Amoonguss|18/100\n|move|p1a: Gothitelle|Trick Room|p1a: Gothitelle\n|-fieldstart|move: Trick Room|[of] p1a: Gothitelle\n|\n|-weather|SunnyDay|[upkeep]\n|upkeep\n|turn|4\n|\n|t:|1771963552\n|move|p2a: Urshifu|Aqua Jet|p1b: Torkoal\n|-supereffective|p1b: Torkoal\n|-damage|p1b: Torkoal|26/100\n|move|p1b: Torkoal|Eruption|p2a: Urshifu|[spread] p2a,p2b\n|-resisted|p2a: Urshifu\n|-supereffective|p2b: Amoonguss\n|-damage|p2a: Urshifu|38/100\n|-damage|p2b: Amoonguss|0 fnt\n|faint|p2b: Amoonguss\n|move|p1a: Gothitelle|Heal Pulse|p1b: Torkoal\n|-heal|p1b: Torkoal|76/100\n|\n|-weather|SunnyDay|[upkeep]\n|upkeep\n|\n|t:|1771963561\n|switch|p2b: Miraidon|Miraidon, L50, tera:Electric|100/100\n|-activate|p2b: Miraidon|ability: Hadron Engine\n|turn|5\n|\n|t:|1771963581\n|move|p1a: Gothitelle|Fake Out||[still]\n|-hint|Fake Out only works on your first turn out.\n|-fail|p1a: Gothitelle\n|move|p2a: Urshifu|Aqua Jet|p1b: Torkoal\n|-supereffective|p1b: Torkoal\n|-damage|p1b: Torkoal|58/100\n|move|p1b: Torkoal|Eruption|p2a: Urshifu|[spread] p2a,p2b\n|-resisted|p2a: Urshifu\n|-damage|p2a: Urshifu|0 fnt\n|-damage|p2b: Miraidon|56/100\n|faint|p2a: Urshifu\n|move|p2b: Miraidon|Electro Drift|p1b: Torkoal\n|-damage|p1b: Torkoal|0 fnt\n|faint|p1b: Torkoal\n|\n|-weather|SunnyDay|[upkeep]\n|-fieldend|move: Electric Terrain\n|upkeep\n|turn|6\n|c|\u2606Simon0123|U r really bad\n|inactive|DAVITABYBYBY has 30 seconds left.\n|\n|t:|1771963612\n|move|p1a: Gothitelle|Fake Out||[still]\n|-hint|Fake Out only works on your first turn out.\n|-fail|p1a: Gothitelle\n|move|p2b: Miraidon|Electro Drift|p1a: Gothitelle\n|-damage|p1a: Gothitelle|0 fnt\n|faint|p1a: Gothitelle\n|\n|win|Simon0123\n|raw|DAVITABYBYBY's rating: 1000 &rarr; <strong>1000</strong><br />(+0 for losing)\n|raw|Simon0123's rating: 1094 &rarr; <strong>1113</strong><br />(+19 for winning)\n","uploadtime":1771963624,"views":12,"formatid":"gen9vgc2026regi","rating":1000,"private":0,"password":null}