{"id":"gen9vgc2026regi-2564182288","format":"[Gen 9] VGC 2026 Reg I","players":["tryashy","Galact7adi"],"log":"|j|\u2606tryashy\n|j|\u2606Galact7adi\n|t:|1774118052\n|gametype|doubles\n|player|p1|tryashy|dawn|1439\n|player|p2|Galact7adi|2|1569\n|gen|9\n|tier|[Gen 9] VGC 2026 Reg I\n|rated|\n|rule|Species Clause: Limit one of each Pok\u00e9mon\n|rule|Item Clause: Limit 1 of each item\n|clearpoke\n|poke|p1|Solgaleo, L50|\n|poke|p1|Kyogre, L50|\n|poke|p1|Indeedee-F, L50, F|\n|poke|p1|Urshifu-*, L50, M|\n|poke|p1|Wo-Chien, L50|\n|poke|p1|Ursaluna, L50, M|\n|poke|p2|Miraidon, L50|\n|poke|p2|Incineroar, L50, F|\n|poke|p2|Whimsicott, L50, M|\n|poke|p2|Urshifu-*, L50, F|\n|poke|p2|Lunala, L50|\n|poke|p2|Ursaluna, L50, F|\n|teampreview|4\n|inactive|Battle timer is ON: inactive players will automatically lose when time's up. (requested by Galact7adi)\n|inactive|Galact7adi has 60 seconds left.\n|\n|t:|1774118099\n|teamsize|p1|4\n|teamsize|p2|4\n|start\n|switch|p1a: Solgaleo|Solgaleo, L50|100/100\n|switch|p1b: Urshifu|Urshifu-Rapid-Strike, L50, M|100/100\n|switch|p2a: Miraidon|Miraidon, L50|100/100\n|switch|p2b: Lunala|Lunala, L50|100/100\n|-fieldstart|move: Electric Terrain|[from] ability: Hadron Engine|[of] p2a: Miraidon\n|-enditem|p2b: Lunala|Electric Seed\n|-boost|p2b: Lunala|def|1|[from] item: Electric Seed\n|turn|1\n|\n|t:|1774118111\n|move|p2a: Miraidon|Volt Switch|p1b: Urshifu\n|-supereffective|p1b: Urshifu\n|-damage|p1b: Urshifu|0 fnt\n|faint|p1b: Urshifu\n|\n|t:|1774118114\n|switch|p2a: Incineroar|Incineroar, L50, F|100/100|[from] Volt Switch\n|-ability|p2a: Incineroar|Intimidate|boost\n|-fail|p1a: Solgaleo|unboost|[from] ability: Full Metal Body|[of] p1a: Solgaleo\n|move|p2b: Lunala|Moongeist Beam|p1a: Solgaleo\n|-supereffective|p1a: Solgaleo\n|-damage|p1a: Solgaleo|19/100\n|move|p1a: Solgaleo|Expanding Force|p2a: Incineroar\n|-immune|p2a: Incineroar\n|\n|upkeep\n|\n|t:|1774118130\n|switch|p1b: Kyogre|Kyogre, L50|100/100\n|-weather|RainDance|[from] ability: Drizzle|[of] p1b: Kyogre\n|turn|2\n|\n|t:|1774118147\n|switch|p1a: Indeedee|Indeedee-F, L50, F|100/100\n|-fieldstart|move: Psychic Terrain|[from] ability: Psychic Surge|[of] p1a: Indeedee\n|move|p2a: Incineroar|Fake Out|p1b: Kyogre\n|-activate|p1b: Kyogre|move: Psychic Terrain\n|move|p2b: Lunala|Moongeist Beam|p1a: Indeedee\n|-immune|p1a: Indeedee\n|move|p1b: Kyogre|Water Spout|p2a: Incineroar|[spread] p2a,p2b\n|-supereffective|p2a: Incineroar\n|-damage|p2a: Incineroar|0 fnt\n|-damage|p2b: Lunala|68/100\n|faint|p2a: Incineroar\n|\n|-weather|RainDance|[upkeep]\n|upkeep\n|\n|t:|1774118151\n|switch|p2a: Miraidon|Miraidon, L50|100/100\n|-fieldstart|move: Electric Terrain|[from] ability: Hadron Engine|[of] p2a: Miraidon\n|turn|3\n|inactive|tryashy has 30 seconds left.\n|\n|t:|1774118178\n|switch|p1b: Solgaleo|Solgaleo, L50|19/100\n|-terastallize|p2a: Miraidon|Electric\n|-terastallize|p1a: Indeedee|Dragon\n|move|p2b: Lunala|Wide Guard|p2b: Lunala\n|-singleturn|p2b: Lunala|Wide Guard\n|move|p2a: Miraidon|Electro Drift|p1a: Indeedee\n|-resisted|p1a: Indeedee\n|-damage|p1a: Indeedee|37/100\n|move|p1a: Indeedee|Trick Room|p1a: Indeedee\n|-fieldstart|move: Trick Room|[of] p1a: Indeedee\n|\n|-weather|RainDance|[upkeep]\n|upkeep\n|turn|4\n|inactive|tryashy has 30 seconds left.\n|inactive|tryashy has 20 seconds left.\n|inactive|tryashy has 15 seconds left.\n|\n|t:|1774118220\n|switch|p2a: Ursaluna|Ursaluna, L50, F|100/100\n|move|p1a: Indeedee|Helping Hand|p1b: Solgaleo\n|-singleturn|p1b: Solgaleo|Helping Hand|[of] p1a: Indeedee\n|move|p1b: Solgaleo|Flash Cannon|p2b: Lunala\n|-damage|p2b: Lunala|27/100\n|move|p2b: Lunala|Moongeist Beam|p1a: Indeedee\n|-damage|p1a: Indeedee|0 fnt\n|faint|p1a: Indeedee\n|\n|-weather|RainDance|[upkeep]\n|-status|p2a: Ursaluna|brn|[from] item: Flame Orb\n|upkeep\n|\n|t:|1774118229\n|switch|p1a: Kyogre|Kyogre, L50|100/100\n|turn|5\n|\n|t:|1774118237\n|move|p1b: Solgaleo|Wide Guard|p1b: Solgaleo\n|-singleturn|p1b: Solgaleo|Wide Guard\n|move|p2b: Lunala|Wide Guard|p2b: Lunala\n|-singleturn|p2b: Lunala|Wide Guard\n|move|p2a: Ursaluna|Earthquake|p1a: Kyogre|[spread] \n|-activate|p2b: Lunala|move: Wide Guard\n|-activate|p1a: Kyogre|move: Wide Guard\n|-activate|p1b: Solgaleo|move: Wide Guard\n|move|p1a: Kyogre|Hydro Pump|p2a: Ursaluna\n|-supereffective|p2a: Ursaluna\n|-damage|p2a: Ursaluna|0 fnt\n|faint|p2a: Ursaluna\n|\n|-weather|RainDance|[upkeep]\n|upkeep\n|\n|t:|1774118242\n|switch|p2a: Miraidon|Miraidon, L50, tera:Electric|100/100\n|-activate|p2a: Miraidon|ability: Hadron Engine\n|turn|6\n|\n|t:|1774118253\n|move|p2b: Lunala|Wide Guard|p2b: Lunala\n|-singleturn|p2b: Lunala|Wide Guard\n|move|p1a: Kyogre|Hydro Pump|p2a: Miraidon\n|-damage|p2a: Miraidon|26/100\n|move|p1b: Solgaleo|Expanding Force|p2a: Miraidon\n|-damage|p2a: Miraidon|0 fnt\n|faint|p2a: Miraidon\n|\n|-weather|none\n|upkeep\n|turn|7\n|l|\u2606Galact7adi\n|inactive|Galact7adi disconnected and has a minute to reconnect!\n|player|p2|\n|inactive|Galact7adi has 30 seconds left.\n|j|\u2606Galact7adi\n|inactive|Galact7adi reconnected and has 25 seconds left.\n|player|p2|Galact7adi|2|\n|inactive|Galact7adi has 20 seconds left.\n|-message|Galact7adi forfeited.\n|\n|win|tryashy\n|raw|tryashy's rating: 1439 &rarr; <strong>1466</strong><br />(+27 for winning)\n|raw|Galact7adi's rating: 1569 &rarr; <strong>1542</strong><br />(-27 for losing)\n|l|\u2606Galact7adi\n|player|p2|\n|l|\u2606tryashy\n|player|p1|\n","uploadtime":1774118549,"views":14,"formatid":"gen9vgc2026regi","rating":1466,"private":0,"password":null}