{"id":"gen9vgc2026regi-2564906215","format":"[Gen 9] VGC 2026 Reg I","players":["Jonen","j0l0k0"],"log":"|j|\u2606Jonen\n|j|\u2606j0l0k0\n|t:|1774209224\n|gametype|doubles\n|player|p1|Jonen|hiker-gen4|1422\n|player|p2|j0l0k0|brycen|1528\n|gen|9\n|tier|[Gen 9] VGC 2026 Reg I\n|rated|\n|rule|Species Clause: Limit one of each Pok\u00e9mon\n|rule|Item Clause: Limit 1 of each item\n|clearpoke\n|poke|p1|Groudon, L50|\n|poke|p1|Lunala, L50|\n|poke|p1|Sableye, L50, M|\n|poke|p1|Chi-Yu, L50|\n|poke|p1|Rillaboom, L50, F|\n|poke|p1|Jumpluff, L50, M|\n|poke|p2|Calyrex-Ice, L50|\n|poke|p2|Kyogre, L50|\n|poke|p2|Indeedee-F, L50, F|\n|poke|p2|Urshifu-*, L50, F|\n|poke|p2|Amoonguss, L50, F|\n|poke|p2|Landorus, L50, M|\n|teampreview|4\n|inactive|Battle timer is ON: inactive players will automatically lose when time's up. (requested by j0l0k0)\n|\n|t:|1774209249\n|teamsize|p1|4\n|teamsize|p2|4\n|start\n|switch|p1a: Lunala|Lunala, L50|100/100\n|switch|p1b: Sableye|Sableye, L50, M|100/100\n|switch|p2a: Indeedee|Indeedee-F, L50, F, shiny|100/100\n|switch|p2b: Calyrex|Calyrex-Ice, L50|100/100\n|-ability|p2b: Calyrex|As One\n|-ability|p2b: Calyrex|Unnerve\n|-fieldstart|move: Psychic Terrain|[from] ability: Psychic Surge|[of] p2a: Indeedee\n|turn|1\n|\n|t:|1774209261\n|-terastallize|p2b: Calyrex|Normal\n|move|p2a: Indeedee|Helping Hand|p2b: Calyrex\n|-singleturn|p2b: Calyrex|Helping Hand|[of] p2a: Indeedee\n|move|p1b: Sableye|Gravity|p1b: Sableye\n|-fieldstart|move: Gravity\n|move|p1a: Lunala|Hypnosis|p2a: Indeedee\n|-status|p2a: Indeedee|slp|[from] move: Hypnosis\n|move|p2b: Calyrex|Glacial Lance|p1a: Lunala|[spread] p1a,p1b\n|-damage|p1a: Lunala|62/100\n|-damage|p1b: Sableye|4/100\n|\n|upkeep\n|turn|2\n|\n|t:|1774209279\n|cant|p2a: Indeedee|slp\n|move|p1a: Lunala|Hypnosis|p2b: Calyrex\n|-status|p2b: Calyrex|slp|[from] move: Hypnosis\n|move|p1b: Sableye|Foul Play|p2b: Calyrex\n|-damage|p2b: Calyrex|61/100 slp\n|cant|p2b: Calyrex|slp\n|\n|upkeep\n|turn|3\n|\n|t:|1774209294\n|move|p1a: Lunala|Meteor Beam||[still]\n|-prepare|p1a: Lunala|Meteor Beam\n|-boost|p1a: Lunala|spa|1\n|-enditem|p1a: Lunala|Power Herb\n|-anim|p1a: Lunala|Meteor Beam|p2b: Calyrex\n|-damage|p2b: Calyrex|15/100 slp\n|move|p1b: Sableye|Foul Play|p2b: Calyrex\n|-damage|p2b: Calyrex|0 fnt\n|faint|p2b: Calyrex\n|cant|p2a: Indeedee|slp\n|\n|upkeep\n|\n|t:|1774209307\n|switch|p2b: Urshifu|Urshifu, L50, F|100/100\n|turn|4\n|\n|t:|1774209321\n|switch|p1b: Groudon|Groudon, L50|100/100\n|-weather|SunnyDay|[from] ability: Drought|[of] p1b: Groudon\n|-terastallize|p1a: Lunala|Fairy\n|-curestatus|p2a: Indeedee|slp|[msg]\n|move|p2a: Indeedee|Follow Me|p2a: Indeedee\n|-singleturn|p2a: Indeedee|move: Follow Me\n|move|p1a: Lunala|Hypnosis|p2a: Indeedee\n|-status|p2a: Indeedee|slp|[from] move: Hypnosis\n|move|p2b: Urshifu|Wicked Blow|p1a: Lunala\n|-resisted|p1a: Lunala\n|-crit|p1a: Lunala\n|-damage|p1a: Lunala|31/100\n|\n|-weather|SunnyDay|[upkeep]\n|upkeep\n|turn|5\n|\n|t:|1774209343\n|move|p1a: Lunala|Hypnosis|p2b: Urshifu\n|-status|p2b: Urshifu|slp|[from] move: Hypnosis\n|cant|p2b: Urshifu|slp\n|move|p1b: Groudon|Substitute|p1b: Groudon\n|-start|p1b: Groudon|Substitute\n|-damage|p1b: Groudon|76/100\n|cant|p2a: Indeedee|slp\n|\n|-weather|SunnyDay|[upkeep]\n|-fieldend|move: Gravity\n|-fieldend|move: Psychic Terrain\n|upkeep\n|turn|6\n|\n|t:|1774209357\n|move|p1a: Lunala|Moongeist Beam|p2b: Urshifu\n|-resisted|p2b: Urshifu\n|-damage|p2b: Urshifu|42/100 slp\n|-curestatus|p2b: Urshifu|slp|[msg]\n|move|p2b: Urshifu|Poison Jab|p1a: Lunala\n|-supereffective|p1a: Lunala\n|-damage|p1a: Lunala|0 fnt\n|faint|p1a: Lunala\n|move|p1b: Groudon|Precipice Blades|p2a: Indeedee|[spread] p2a,p2b\n|-damage|p2a: Indeedee|25/100 slp\n|-damage|p2b: Urshifu|0 fnt\n|faint|p2b: Urshifu\n|-damage|p1b: Groudon|66/100|[from] item: Life Orb\n|-curestatus|p2a: Indeedee|slp|[msg]\n|move|p2a: Indeedee|Trick Room|p2a: Indeedee\n|-fieldstart|move: Trick Room|[of] p2a: Indeedee\n|\n|-weather|SunnyDay|[upkeep]\n|upkeep\n|\n|t:|1774209367\n|switch|p2b: Kyogre|Kyogre, L50, shiny|100/100\n|switch|p1a: Sableye|Sableye, L50, M|4/100\n|-weather|RainDance|[from] ability: Drizzle|[of] p2b: Kyogre\n|turn|7\n|\n|t:|1774209386\n|move|p1b: Groudon|Protect|p1b: Groudon\n|-singleturn|p1b: Groudon|Protect\n|move|p1a: Sableye|Gravity|p1a: Sableye\n|-fieldstart|move: Gravity\n|move|p2b: Kyogre|Water Spout|p1b: Groudon|[spread] p1a\n|-activate|p1b: Groudon|move: Protect\n|-damage|p1a: Sableye|0 fnt\n|faint|p1a: Sableye\n|move|p2a: Indeedee|Psychic|p1b: Groudon\n|-activate|p1b: Groudon|move: Protect\n|\n|-weather|RainDance|[upkeep]\n|upkeep\n|\n|t:|1774209392\n|switch|p1a: Rillaboom|Rillaboom, L50, F|100/100\n|-fieldstart|move: Grassy Terrain|[from] ability: Grassy Surge|[of] p1a: Rillaboom\n|turn|8\n|\n|t:|1774209405\n|move|p1a: Rillaboom|Fake Out|p2b: Kyogre\n|-damage|p2b: Kyogre|87/100\n|move|p2a: Indeedee|Follow Me|p2a: Indeedee\n|-singleturn|p2a: Indeedee|move: Follow Me\n|cant|p2b: Kyogre|flinch\n|move|p1b: Groudon|Precipice Blades|p2b: Kyogre|[spread] p2a,p2b\n|-damage|p2a: Indeedee|0 fnt\n|-damage|p2b: Kyogre|20/100\n|faint|p2a: Indeedee\n|-damage|p1b: Groudon|56/100|[from] item: Life Orb\n|\n|-weather|RainDance|[upkeep]\n|-heal|p2b: Kyogre|26/100|[from] Grassy Terrain\n|-heal|p1b: Groudon|62/100|[from] Grassy Terrain\n|upkeep\n|turn|9\n|\n|t:|1774209413\n|move|p1a: Rillaboom|Grassy Glide|p2b: Kyogre\n|-supereffective|p2b: Kyogre\n|-damage|p2b: Kyogre|0 fnt\n|faint|p2b: Kyogre\n|\n|win|Jonen\n|raw|Jonen's rating: 1422 &rarr; <strong>1448</strong><br />(+26 for winning)\n|raw|j0l0k0's rating: 1528 &rarr; <strong>1502</strong><br />(-26 for losing)\n","uploadtime":1774209414,"views":8,"formatid":"gen9vgc2026regi","rating":1448,"private":0,"password":null}