{"id":"gen9vgc2026regi-2548209335","format":"[Gen 9] VGC 2026 Reg I","players":["VJ2511","Gosmerko24"],"log":"|j|\u2606VJ2511\n|j|\u2606Gosmerko24\n|t:|1772187606\n|gametype|doubles\n|player|p1|VJ2511|red-masters3|1548\n|player|p2|Gosmerko24|liko|1361\n|gen|9\n|tier|[Gen 9] VGC 2026 Reg I\n|rated|\n|rule|Species Clause: Limit one of each Pok\u00e9mon\n|rule|Item Clause: Limit 1 of each item\n|clearpoke\n|poke|p1|Calyrex-Shadow, L50|\n|poke|p1|Zamazenta-*, L50|\n|poke|p1|Chien-Pao, L50|\n|poke|p1|Dragonite, L50, M|\n|poke|p1|Raging Bolt, L50|\n|poke|p1|Amoonguss, L50, F|\n|poke|p2|Calyrex-Ice, L50|\n|poke|p2|Indeedee-F, L50, F|\n|poke|p2|Giratina-Origin, L50|\n|poke|p2|Landorus-Therian, L50, M|\n|poke|p2|Alcremie-Rainbow-Swirl, L50, F|\n|poke|p2|Primarina, L50, F|\n|teampreview|4\n|inactive|Battle timer is ON: inactive players will automatically lose when time's up. (requested by Gosmerko24)\n|\n|t:|1772187625\n|teamsize|p1|4\n|teamsize|p2|4\n|start\n|switch|p1a: Calyrex|Calyrex-Shadow, L50|100/100\n|switch|p1b: Chien-Pao|Chien-Pao, L50|100/100\n|switch|p2a: Calyrex|Calyrex-Ice, L50|100/100\n|switch|p2b: Indeedee|Indeedee-F, L50, F|100/100\n|-ability|p1a: Calyrex|As One\n|-ability|p1a: Calyrex|Unnerve\n|-ability|p2a: Calyrex|As One\n|-ability|p2a: Calyrex|Unnerve\n|-ability|p1b: Chien-Pao|Sword of Ruin\n|-fieldstart|move: Psychic Terrain|[from] ability: Psychic Surge|[of] p2b: Indeedee\n|turn|1\n|\n|t:|1772187636\n|-terastallize|p1a: Calyrex|Ghost\n|-terastallize|p2a: Calyrex|Normal\n|move|p1a: Calyrex|Astral Barrage|p2b: Indeedee|[spread] \n|-immune|p2a: Calyrex\n|-immune|p2b: Indeedee\n|move|p1b: Chien-Pao|Ice Spinner|p2b: Indeedee\n|-damage|p2b: Indeedee|53/100\n|-fieldend|move: Psychic Terrain\n|move|p2a: Calyrex|Glacial Lance|p1a: Calyrex|[spread] p1a,p1b\n|-resisted|p1b: Chien-Pao\n|-damage|p1a: Calyrex|2/100\n|-damage|p1b: Chien-Pao|60/100\n|move|p2b: Indeedee|Trick Room|p2b: Indeedee\n|-fieldstart|move: Trick Room|[of] p2b: Indeedee\n|\n|upkeep\n|turn|2\n|\n|t:|1772187658\n|switch|p1a: Zamazenta|Zamazenta-Crowned, L50|100/100\n|-ability|p1a: Zamazenta|Dauntless Shield|boost\n|-boost|p1a: Zamazenta|def|1\n|move|p2a: Calyrex|Glacial Lance|p1a: Zamazenta|[spread] p1a,p1b\n|-resisted|p1a: Zamazenta\n|-resisted|p1b: Chien-Pao\n|-damage|p1a: Zamazenta|85/100\n|-damage|p1b: Chien-Pao|19/100\n|move|p2b: Indeedee|Skill Swap|p1b: Chien-Pao\n|-activate|p2b: Indeedee|Skill Swap|p1b: Chien-Pao|[ability] Sword of Ruin|[ability2] Psychic Surge\n|-fieldstart|move: Psychic Terrain|[from] ability: Psychic Surge|[of] p1b: Chien-Pao\n|-ability|p2b: Indeedee|Sword of Ruin\n|move|p1b: Chien-Pao|Ice Spinner|p2b: Indeedee\n|-damage|p2b: Indeedee|17/100\n|-fieldend|move: Psychic Terrain\n|\n|upkeep\n|turn|3\n|inactive|Gosmerko24 has 30 seconds left.\n|\n|t:|1772187688\n|move|p2b: Indeedee|Follow Me|p2b: Indeedee\n|-singleturn|p2b: Indeedee|move: Follow Me\n|move|p2a: Calyrex|Glacial Lance|p1a: Zamazenta|[spread] p1a,p1b\n|-resisted|p1a: Zamazenta\n|-resisted|p1b: Chien-Pao\n|-damage|p1a: Zamazenta|72/100\n|-damage|p1b: Chien-Pao|0 fnt\n|faint|p1b: Chien-Pao\n|-ability|p2a: Calyrex|Chilling Neigh|boost\n|-boost|p2a: Calyrex|atk|1\n|move|p1a: Zamazenta|Body Press|p2b: Indeedee\n|-damage|p2b: Indeedee|0 fnt\n|faint|p2b: Indeedee\n|\n|upkeep\n|\n|t:|1772187698\n|switch|p2b: Alcremie|Alcremie-Rainbow-Swirl, L50, F|100/100\n|switch|p1b: Amoonguss|Amoonguss, L50, F|100/100\n|turn|4\n|\n|t:|1772187714\n|move|p1b: Amoonguss|Protect|p1b: Amoonguss\n|-singleturn|p1b: Amoonguss|Protect\n|move|p2b: Alcremie|Decorate|p2a: Calyrex\n|-boost|p2a: Calyrex|atk|2\n|-boost|p2a: Calyrex|spa|2\n|move|p2a: Calyrex|Zen Headbutt|p1b: Amoonguss\n|-activate|p1b: Amoonguss|move: Protect\n|move|p1a: Zamazenta|Heavy Slam|p2b: Alcremie\n|-supereffective|p2b: Alcremie\n|-damage|p2b: Alcremie|12/100\n|\n|upkeep\n|turn|5\n|\n|t:|1772187728\n|move|p2b: Alcremie|Encore|p1a: Zamazenta\n|-start|p1a: Zamazenta|Encore\n|move|p1b: Amoonguss|Sludge Bomb|p2b: Alcremie\n|-supereffective|p2b: Alcremie\n|-crit|p2b: Alcremie\n|-damage|p2b: Alcremie|0 fnt\n|faint|p2b: Alcremie\n|move|p2a: Calyrex|Zen Headbutt|p1b: Amoonguss\n|-supereffective|p1b: Amoonguss\n|-damage|p1b: Amoonguss|0 fnt\n|-damage|p2a: Calyrex|84/100|[from] item: Rocky Helmet|[of] p1b: Amoonguss\n|faint|p1b: Amoonguss\n|-ability|p2a: Calyrex|Chilling Neigh|boost\n|-boost|p2a: Calyrex|atk|1\n|move|p1a: Zamazenta|Heavy Slam|p2a: Calyrex\n|-damage|p2a: Calyrex|75/100\n|\n|-fieldend|move: Trick Room\n|upkeep\n|\n|t:|1772187737\n|switch|p2b: Giratina|Giratina-Origin, L50|100/100\n|switch|p1b: Calyrex|Calyrex-Shadow, L50, tera:Ghost|2/100\n|-ability|p1b: Calyrex|As One\n|-ability|p1b: Calyrex|Unnerve\n|turn|6\n|c|\u2606Gosmerko24|Gg\n|c|\u2606VJ2511|ur team is a full hard counter\n|c|\u2606VJ2511|how do u handle other matchups\n|inactive|VJ2511 has 30 seconds left.\n|\n|t:|1772187762\n|move|p2b: Giratina|Shadow Sneak|p1b: Calyrex\n|-supereffective|p1b: Calyrex\n|-damage|p1b: Calyrex|0 fnt\n|faint|p1b: Calyrex\n|move|p1a: Zamazenta|Heavy Slam|p2a: Calyrex\n|-crit|p2a: Calyrex\n|-damage|p2a: Calyrex|60/100\n|move|p2a: Calyrex|High Horsepower|p1a: Zamazenta\n|-supereffective|p1a: Zamazenta\n|-damage|p1a: Zamazenta|0 fnt\n|faint|p1a: Zamazenta\n|\n|win|Gosmerko24\n|raw|VJ2511's rating: 1548 &rarr; <strong>1518</strong><br />(-30 for losing)\n|raw|Gosmerko24's rating: 1361 &rarr; <strong>1391</strong><br />(+30 for winning)\n|c|\u2606Gosmerko24|I have my methods\n|c|\u2606VJ2511|ggs wp\n|c|\u2606Gosmerko24|I almost have no loses\n|c|\u2606Gosmerko24|Gg\n|c|\u2606VJ2511|good for u boss\n|c|\u2606VJ2511|ggs\n|l|\u2606VJ2511\n|player|p1|\n|l|\u2606Gosmerko24\n|player|p2|\n","uploadtime":1772188016,"views":13,"formatid":"gen9vgc2026regi","rating":1391,"private":0,"password":null}