{"id":"gen9vgc2026regi-2555338740","format":"[Gen 9] VGC 2026 Reg I","players":["ArisHazard","fulgrim2024"],"log":"|j|\u2606ArisHazard\n|j|\u2606fulgrim2024\n|t:|1773080410\n|gametype|doubles\n|player|p1|ArisHazard|102|1353\n|player|p2|fulgrim2024|hilbert-wonderlauncher|1345\n|gen|9\n|tier|[Gen 9] VGC 2026 Reg I\n|rated|\n|rule|Species Clause: Limit one of each Pok\u00e9mon\n|rule|Item Clause: Limit 1 of each item\n|clearpoke\n|poke|p1|Calyrex-Ice, L50|\n|poke|p1|Urshifu-*, L50, M|\n|poke|p1|Miraidon, L50|\n|poke|p1|Tornadus, L50, M|\n|poke|p1|Sableye, L50, M|\n|poke|p1|Ursaluna-Bloodmoon, L50, M|\n|poke|p2|Miraidon, L50|\n|poke|p2|Necrozma-Dusk-Mane, L50|\n|poke|p2|Grimmsnarl, L50, M|\n|poke|p2|Iron Hands, L50|\n|poke|p2|Ogerpon-Hearthflame, L50, F|\n|poke|p2|Chien-Pao, L50|\n|teampreview|4\n|inactive|Battle timer is ON: inactive players will automatically lose when time's up. (requested by ArisHazard)\n|inactive|fulgrim2024 has 60 seconds left.\n|\n|t:|1773080472\n|teamsize|p1|4\n|teamsize|p2|4\n|start\n|switch|p1a: Calyrex|Calyrex-Ice, L50|100/100\n|switch|p1b: Sableye|Sableye, L50, M|100/100\n|switch|p2a: Necrozma|Necrozma-Dusk-Mane, L50|100/100\n|switch|p2b: Grimmsnarl|Grimmsnarl, L50, M|100/100\n|-ability|p1a: Calyrex|As One\n|-ability|p1a: Calyrex|Unnerve\n|turn|1\n|\n|t:|1773080488\n|switch|p1a: Miraidon|Miraidon, L50|100/100\n|-fieldstart|move: Electric Terrain|[from] ability: Hadron Engine|[of] p1a: Miraidon\n|move|p1b: Sableye|Protect|p1b: Sableye\n|-singleturn|p1b: Sableye|Protect\n|move|p2b: Grimmsnarl|Reflect|p2b: Grimmsnarl\n|-sidestart|p2: fulgrim2024|Reflect\n|move|p2a: Necrozma|Sunsteel Strike|p1a: Miraidon\n|-resisted|p1a: Miraidon\n|-damage|p1a: Miraidon|75/100\n|\n|upkeep\n|turn|2\n|\n|t:|1773080509\n|-terastallize|p1a: Miraidon|Electric\n|move|p2b: Grimmsnarl|Light Screen|p2b: Grimmsnarl\n|-sidestart|p2: fulgrim2024|move: Light Screen\n|move|p1b: Sableye|Disable|p2a: Necrozma\n|-start|p2a: Necrozma|Disable|Sunsteel Strike\n|move|p1a: Miraidon|Electro Drift|p2b: Grimmsnarl\n|-damage|p2b: Grimmsnarl|1/100\n|move|p2a: Necrozma|Photon Geyser|p1a: Miraidon\n|-damage|p1a: Miraidon|21/100\n|\n|upkeep\n|turn|3\n|inactive|fulgrim2024 has 30 seconds left.\n|\n|t:|1773080536\n|switch|p2b: Iron Hands|Iron Hands, L50|100/100\n|-activate|p2b: Iron Hands|ability: Quark Drive\n|-start|p2b: Iron Hands|quarkdriveatk\n|move|p1a: Miraidon|Snarl|p2b: Iron Hands|[spread] p2a,p2b\n|-supereffective|p2a: Necrozma\n|-resisted|p2b: Iron Hands\n|-damage|p2a: Necrozma|84/100\n|-damage|p2b: Iron Hands|97/100\n|-unboost|p2b: Iron Hands|spa|1\n|move|p2a: Necrozma|Photon Geyser|p1a: Miraidon\n|-damage|p1a: Miraidon|0 fnt\n|faint|p1a: Miraidon\n|move|p1b: Sableye|Foul Play|p2a: Necrozma\n|-supereffective|p2a: Necrozma\n|-damage|p2a: Necrozma|45/100\n|\n|upkeep\n|\n|t:|1773080558\n|switch|p1a: Urshifu|Urshifu-Rapid-Strike, L50, M|100/100\n|turn|4\n|\n|t:|1773080573\n|move|p1a: Urshifu|Detect|p1a: Urshifu\n|-singleturn|p1a: Urshifu|Protect\n|move|p2a: Necrozma|Photon Geyser|p1a: Urshifu\n|-activate|p1a: Urshifu|move: Protect\n|move|p1b: Sableye|Foul Play|p2a: Necrozma\n|-supereffective|p2a: Necrozma\n|-damage|p2a: Necrozma|5/100\n|move|p2b: Iron Hands|Wild Charge|p1a: Urshifu\n|-activate|p1a: Urshifu|move: Protect\n|\n|upkeep\n|turn|5\n|j| tygag3\n|\n|t:|1773080592\n|move|p1b: Sableye|Disable|p2b: Iron Hands\n|-start|p2b: Iron Hands|Disable|Wild Charge\n|move|p1a: Urshifu|Surging Strikes|p2a: Necrozma\n|-crit|p2a: Necrozma\n|-damage|p2a: Necrozma|0 fnt\n|faint|p2a: Necrozma\n|-hitcount|p2: Necrozma|1\n|cant|p2b: Iron Hands|Disable|Wild Charge\n|\n|-fieldend|move: Electric Terrain\n|-end|p2b: Iron Hands|Quark Drive\n|upkeep\n|\n|t:|1773080599\n|switch|p2a: Miraidon|Miraidon, L50|100/100\n|-fieldstart|move: Electric Terrain|[from] ability: Hadron Engine|[of] p2a: Miraidon\n|-activate|p2b: Iron Hands|ability: Quark Drive\n|-start|p2b: Iron Hands|quarkdriveatk\n|turn|6\n|\n|t:|1773080624\n|-end|p2b: Iron Hands|Quark Drive|[silent]\n|switch|p2b: Grimmsnarl|Grimmsnarl, L50, M|1/100\n|move|p1b: Sableye|Encore|p2b: Grimmsnarl\n|-hint|Since gen 7, Dark is immune to Prankster moves.\n|-immune|p2b: Grimmsnarl\n|move|p2a: Miraidon|Electro Drift|p1a: Urshifu\n|-supereffective|p1a: Urshifu\n|-crit|p1a: Urshifu\n|-enditem|p1a: Urshifu|Focus Sash\n|-damage|p1a: Urshifu|1/100\n|move|p1a: Urshifu|Close Combat|p2a: Miraidon\n|-crit|p2a: Miraidon\n|-damage|p2a: Miraidon|6/100\n|-unboost|p1a: Urshifu|def|1\n|-unboost|p1a: Urshifu|spd|1\n|\n|upkeep\n|turn|7\n|\n|t:|1773080648\n|move|p1b: Sableye|Disable|p2a: Miraidon\n|-start|p2a: Miraidon|Disable|Electro Drift\n|cant|p2a: Miraidon|Disable|Electro Drift\n|move|p1a: Urshifu|Surging Strikes|p2b: Grimmsnarl\n|-crit|p2b: Grimmsnarl\n|-damage|p2b: Grimmsnarl|0 fnt\n|faint|p2b: Grimmsnarl\n|-hitcount|p2: Grimmsnarl|1\n|\n|upkeep\n|\n|t:|1773080651\n|switch|p2b: Iron Hands|Iron Hands, L50|97/100\n|-activate|p2b: Iron Hands|ability: Quark Drive\n|-start|p2b: Iron Hands|quarkdriveatk\n|turn|8\n|inactive|fulgrim2024 has 30 seconds left.\n|inactive|fulgrim2024 has 20 seconds left.\n|inactive|fulgrim2024 has 15 seconds left.\n|\n|t:|1773080694\n|-activate|p2a: Miraidon|move: Struggle\n|move|p2a: Miraidon|Struggle|p1a: Urshifu\n|-damage|p1a: Urshifu|0 fnt\n|faint|p1a: Urshifu\n|-damage|p2a: Miraidon|0 fnt|[from] recoil\n|faint|p2a: Miraidon\n|move|p1b: Sableye|Foul Play|p2b: Iron Hands\n|-resisted|p2b: Iron Hands\n|-damage|p2b: Iron Hands|84/100\n|move|p2b: Iron Hands|Drain Punch|p1b: Sableye\n|-immune|p1b: Sableye\n|\n|-sideend|p2: fulgrim2024|Reflect\n|upkeep\n|\n|t:|1773080709\n|switch|p1a: Calyrex|Calyrex-Ice, L50|100/100\n|-ability|p1a: Calyrex|As One\n|-ability|p1a: Calyrex|Unnerve\n|turn|9\n|\n|t:|1773080719\n|move|p1a: Calyrex|Protect|p1a: Calyrex\n|-singleturn|p1a: Calyrex|Protect\n|move|p1b: Sableye|Encore|p2b: Iron Hands\n|-start|p2b: Iron Hands|Encore\n|move|p2b: Iron Hands|Drain Punch|p1b: Sableye\n|-immune|p1b: Sableye\n|\n|-sideend|p2: fulgrim2024|move: Light Screen\n|upkeep\n|turn|10\n|l| tygag3\n|\n|t:|1773080730\n|-terastallize|p2b: Iron Hands|Bug\n|move|p1b: Sableye|Disable|p2b: Iron Hands\n|-start|p2b: Iron Hands|Disable|Drain Punch\n|move|p1a: Calyrex|Stomping Tantrum|p2b: Iron Hands\n|-resisted|p2b: Iron Hands\n|-damage|p2b: Iron Hands|74/100\n|cant|p2b: Iron Hands|Disable|Drain Punch\n|\n|-fieldend|move: Electric Terrain\n|-end|p2b: Iron Hands|Quark Drive\n|upkeep\n|turn|11\n|-message|fulgrim2024 forfeited.\n|\n|win|ArisHazard\n|raw|ArisHazard's rating: 1353 &rarr; <strong>1373</strong><br />(+20 for winning)\n|raw|fulgrim2024's rating: 1345 &rarr; <strong>1325</strong><br />(-20 for losing)\n|l|\u2606fulgrim2024\n|player|p2|\n|l|\u2606ArisHazard\n|player|p1|\n","uploadtime":1773080963,"views":18,"formatid":"gen9vgc2026regi","rating":1325,"private":0,"password":null}