{"id":"gen9vgc2026regi-2549458823","format":"[Gen 9] VGC 2026 Reg I","players":["smartyff","BonnieSSR"],"log":"|j|\u2606smartyff\n|j|\u2606BonnieSSR\n|t:|1772370848\n|gametype|doubles\n|player|p1|smartyff|266|\n|player|p2|BonnieSSR|miku-ground|\n|gen|9\n|tier|[Gen 9] VGC 2026 Reg I\n|rated|Tournament battle\n|rule|Species Clause: Limit one of each Pok\u00e9mon\n|rule|Item Clause: Limit 1 of each item\n|clearpoke\n|poke|p1|Amoonguss, L50, F|\n|poke|p1|Calyrex-Ice, L50|\n|poke|p1|Kyogre, L50|\n|poke|p1|Grimmsnarl, L50, M|\n|poke|p1|Flutter Mane, L50|\n|poke|p1|Basculegion, L50, M|\n|poke|p2|Lunala, L50|\n|poke|p2|Ho-Oh, L50|\n|poke|p2|Tyranitar, L50, M|\n|poke|p2|Excadrill, L50, F|\n|poke|p2|Amoonguss, L50, F|\n|poke|p2|Kommo-o, L50, F|\n|teampreview|4\n|inactive|Battle timer is ON: inactive players will automatically lose when time's up. (requested by BonnieSSR)\n|j| ido1234567890\n|inactive|smartyff has 60 seconds left.\n|l| ido1234567890\n|\n|t:|1772370893\n|teamsize|p1|4\n|teamsize|p2|4\n|start\n|switch|p1a: Amoonguss|Amoonguss, L50, F|100/100\n|switch|p1b: Calyrex|Calyrex-Ice, L50|100/100\n|switch|p2a: CHIcken|Ho-Oh, L50|100/100\n|switch|p2b: Arturia|Kommo-o, L50, F, shiny|100/100\n|-ability|p1b: Calyrex|As One\n|-ability|p1b: Calyrex|Unnerve\n|turn|1\n|\n|t:|1772370912\n|switch|p2a: Kaguya|Lunala, L50|100/100\n|switch|p1b: Kyogre|Kyogre, L50|100/100\n|-weather|RainDance|[from] ability: Drizzle|[of] p1b: Kyogre\n|move|p2b: Arturia|Iron Defense|p2b: Arturia\n|-boost|p2b: Arturia|def|2\n|move|p1a: Amoonguss|Spore|p2b: Arturia\n|-immune|p2b: Arturia|[from] ability: Overcoat\n|\n|-weather|RainDance|[upkeep]\n|upkeep\n|turn|2\n|inactive|smartyff has 30 seconds left.\n|inactive|BonnieSSR has 30 seconds left.\n|\n|t:|1772370938\n|move|p2b: Arturia|Protect|p2b: Arturia\n|-singleturn|p2b: Arturia|Protect\n|move|p1b: Kyogre|Water Spout|p2a: Kaguya|[spread] p2a\n|-activate|p2b: Arturia|move: Protect\n|-damage|p2a: Kaguya|57/100\n|move|p1a: Amoonguss|Spore|p2a: Kaguya\n|-activate|p2a: Kaguya|item: Safety Goggles|Spore\n|move|p2a: Kaguya|Trick Room|p2a: Kaguya\n|-fieldstart|move: Trick Room|[of] p2a: Kaguya\n|\n|-weather|RainDance|[upkeep]\n|upkeep\n|turn|3\n|\n|t:|1772370953\n|switch|p1a: Basculegion|Basculegion, L50, M|100/100\n|move|p1b: Kyogre|Protect|p1b: Kyogre\n|-singleturn|p1b: Kyogre|Protect\n|move|p2b: Arturia|Body Press|p1b: Kyogre\n|-activate|p1b: Kyogre|move: Protect\n|move|p2a: Kaguya|Moongeist Beam|p1b: Kyogre\n|-activate|p1b: Kyogre|move: Protect\n|\n|-weather|RainDance|[upkeep]\n|upkeep\n|turn|4\n|inactive|smartyff has 30 seconds left.\n|\n|t:|1772370982\n|switch|p1b: Calyrex|Calyrex-Ice, L50|100/100\n|-ability|p1b: Calyrex|As One\n|-ability|p1b: Calyrex|Unnerve\n|move|p1a: Basculegion|Protect|p1a: Basculegion\n|-singleturn|p1a: Basculegion|Protect\n|move|p2b: Arturia|Body Press|p1b: Calyrex\n|-damage|p1b: Calyrex|58/100\n|move|p2a: Kaguya|Moongeist Beam|p1a: Basculegion\n|-activate|p1a: Basculegion|move: Protect\n|\n|-weather|RainDance|[upkeep]\n|-heal|p1b: Calyrex|64/100|[from] item: Leftovers\n|upkeep\n|turn|5\n|j| Eroexterminator12\n|\n|t:|1772370998\n|switch|p1a: Amoonguss|Amoonguss, L50, F|100/100\n|-terastallize|p1b: Calyrex|Fairy\n|move|p1b: Calyrex|Leech Seed|p2a: Kaguya\n|-start|p2a: Kaguya|move: Leech Seed\n|move|p2b: Arturia|Iron Defense|p2b: Arturia\n|-boost|p2b: Arturia|def|2\n|move|p2a: Kaguya|Moongeist Beam|p1a: Amoonguss\n|-damage|p1a: Amoonguss|54/100\n|\n|-weather|none\n|-heal|p1b: Calyrex|70/100|[from] item: Leftovers\n|-damage|p2a: Kaguya|44/100|[from] Leech Seed|[of] p1b: Calyrex\n|-heal|p1b: Calyrex|84/100|[silent]\n|upkeep\n|turn|6\n|\n|t:|1772371022\n|switch|p2a: Ouroboros|Tyranitar, L50, M, shiny|100/100\n|-weather|Sandstorm|[from] ability: Sand Stream|[of] p2a: Ouroboros\n|move|p1a: Amoonguss|Pollen Puff|p2a: Ouroboros\n|-supereffective|p2a: Ouroboros\n|-damage|p2a: Ouroboros|86/100\n|move|p1b: Calyrex|Glacial Lance|p2a: Ouroboros|[spread] p2a,p2b\n|-supereffective|p2b: Arturia\n|-damage|p2a: Ouroboros|44/100\n|-damage|p2b: Arturia|77/100\n|move|p2b: Arturia|Body Press|p1a: Amoonguss\n|-resisted|p1a: Amoonguss\n|-damage|p1a: Amoonguss|0 fnt\n|-damage|p2b: Arturia|61/100|[from] item: Rocky Helmet|[of] p1a: Amoonguss\n|faint|p1a: Amoonguss\n|\n|-weather|Sandstorm|[upkeep]\n|-damage|p1b: Calyrex|78/100|[from] Sandstorm\n|-heal|p1b: Calyrex|84/100|[from] item: Leftovers\n|-heal|p2b: Arturia|67/100|[from] item: Leftovers\n|-fieldend|move: Trick Room\n|upkeep\n|\n|t:|1772371028\n|switch|p1a: Kyogre|Kyogre, L50|100/100\n|-weather|RainDance|[from] ability: Drizzle|[of] p1a: Kyogre\n|turn|7\n|\n|t:|1772371042\n|switch|p2a: Kaguya|Lunala, L50|44/100\n|move|p2b: Arturia|Protect|p2b: Arturia\n|-singleturn|p2b: Arturia|Protect\n|move|p1a: Kyogre|Water Spout|p2b: Arturia|[spread] p2a\n|-activate|p2b: Arturia|move: Protect\n|-damage|p2a: Kaguya|0 fnt\n|faint|p2a: Kaguya\n|move|p1b: Calyrex|Leech Seed|p2b: Arturia\n|-activate|p2b: Arturia|move: Protect\n|\n|-weather|RainDance|[upkeep]\n|-heal|p2b: Arturia|73/100|[from] item: Leftovers\n|-heal|p1b: Calyrex|89/100|[from] item: Leftovers\n|upkeep\n|j| daviduv\n|\n|t:|1772371049\n|switch|p2a: Ouroboros|Tyranitar, L50, M, shiny|44/100\n|-weather|Sandstorm|[from] ability: Sand Stream|[of] p2a: Ouroboros\n|turn|8\n|l| daviduv\n|\n|t:|1772371062\n|move|p1a: Kyogre|Water Spout|p2b: Arturia|[spread] p2a,p2b\n|-supereffective|p2a: Ouroboros\n|-resisted|p2b: Arturia\n|-damage|p2a: Ouroboros|0 fnt\n|-damage|p2b: Arturia|37/100\n|faint|p2a: Ouroboros\n|move|p2b: Arturia|Body Press|p1a: Kyogre\n|-damage|p1a: Kyogre|0 fnt\n|faint|p1a: Kyogre\n|move|p1b: Calyrex|Leech Seed|p2b: Arturia\n|-start|p2b: Arturia|move: Leech Seed\n|\n|-weather|Sandstorm|[upkeep]\n|-damage|p1b: Calyrex|84/100|[from] Sandstorm\n|-heal|p2b: Arturia|43/100|[from] item: Leftovers\n|-heal|p1b: Calyrex|89/100|[from] item: Leftovers\n|-damage|p2b: Arturia|31/100|[from] Leech Seed|[of] p1b: Calyrex\n|-heal|p1b: Calyrex|99/100|[silent]\n|upkeep\n|l| Eroexterminator12\n|j| 5236PP\n|\n|t:|1772371069\n|switch|p1a: Basculegion|Basculegion, L50, M|100/100\n|switch|p2a: CHIcken|Ho-Oh, L50|100/100\n|turn|9\n|\n|t:|1772371088\n|move|p2a: CHIcken|Protect|p2a: CHIcken\n|-singleturn|p2a: CHIcken|Protect\n|move|p2b: Arturia|Throat Chop|p1a: Basculegion\n|-supereffective|p1a: Basculegion\n|-damage|p1a: Basculegion|50/100\n|-start|p1a: Basculegion|Throat Chop|[silent]\n|move|p1a: Basculegion|Wave Crash|p2a: CHIcken\n|-activate|p2a: CHIcken|move: Protect\n|move|p1b: Calyrex|Glacial Lance|p2b: Arturia|[spread] p2b\n|-activate|p2a: CHIcken|move: Protect\n|-supereffective|p2b: Arturia\n|-damage|p2b: Arturia|10/100\n|\n|-weather|Sandstorm|[upkeep]\n|-damage|p2a: CHIcken|94/100|[from] Sandstorm\n|-damage|p1a: Basculegion|43/100|[from] Sandstorm\n|-damage|p1b: Calyrex|94/100|[from] Sandstorm\n|-heal|p2b: Arturia|16/100|[from] item: Leftovers\n|-heal|p1b: Calyrex|99/100|[from] item: Leftovers\n|-damage|p2b: Arturia|4/100|[from] Leech Seed|[of] p1b: Calyrex\n|-heal|p1b: Calyrex|100/100|[silent]\n|upkeep\n|turn|10\n|\n|t:|1772371107\n|move|p1a: Basculegion|Protect|p1a: Basculegion\n|-singleturn|p1a: Basculegion|Protect\n|move|p2b: Arturia|Throat Chop|p1a: Basculegion\n|-activate|p1a: Basculegion|move: Protect\n|move|p2a: CHIcken|Sacred Fire|p1b: Calyrex\n|-damage|p1b: Calyrex|71/100\n|-status|p1b: Calyrex|brn\n|move|p1b: Calyrex|Trick Room|p1b: Calyrex\n|-fieldstart|move: Trick Room|[of] p1b: Calyrex\n|\n|-weather|Sandstorm|[upkeep]\n|-damage|p1b: Calyrex|65/100 brn|[from] Sandstorm\n|-damage|p1a: Basculegion|37/100|[from] Sandstorm\n|-damage|p2a: CHIcken|88/100|[from] Sandstorm\n|-heal|p1b: Calyrex|71/100 brn|[from] item: Leftovers\n|-heal|p2b: Arturia|10/100|[from] item: Leftovers\n|-damage|p2b: Arturia|0 fnt|[from] Leech Seed|[of] p1b: Calyrex\n|-heal|p1b: Calyrex|79/100 brn|[silent]\n|faint|p2b: Arturia\n|-damage|p1b: Calyrex|73/100 brn|[from] brn\n|-end|p1a: Basculegion|Throat Chop|[silent]\n|upkeep\n|turn|11\n|j| ido1234567890\n|\n|t:|1772371121\n|move|p2a: CHIcken|Protect|p2a: CHIcken\n|-singleturn|p2a: CHIcken|Protect\n|move|p1b: Calyrex|Leech Seed|p2a: CHIcken\n|-activate|p2a: CHIcken|move: Protect\n|move|p1a: Basculegion|Wave Crash|p2a: CHIcken\n|-activate|p2a: CHIcken|move: Protect\n|\n|-weather|Sandstorm|[upkeep]\n|-damage|p1b: Calyrex|68/100 brn|[from] Sandstorm\n|-damage|p1a: Basculegion|31/100|[from] Sandstorm\n|-damage|p2a: CHIcken|82/100|[from] Sandstorm\n|-heal|p1b: Calyrex|73/100 brn|[from] item: Leftovers\n|-damage|p1b: Calyrex|68/100 brn|[from] brn\n|upkeep\n|turn|12\n|\n|t:|1772371130\n|-terastallize|p2a: CHIcken|Grass\n|move|p1b: Calyrex|Leech Seed|p2a: CHIcken\n|-immune|p2a: CHIcken\n|move|p1a: Basculegion|Wave Crash|p2a: CHIcken\n|-resisted|p2a: CHIcken\n|-damage|p2a: CHIcken|47/100\n|-damage|p1a: Basculegion|19/100|[from] Recoil\n|-damage|p1a: Basculegion|9/100|[from] item: Life Orb\n|move|p2a: CHIcken|Sacred Fire|p1b: Calyrex\n|-damage|p1b: Calyrex|38/100 brn\n|\n|-weather|none\n|-heal|p1b: Calyrex|44/100 brn|[from] item: Leftovers\n|-damage|p1b: Calyrex|38/100 brn|[from] brn\n|upkeep\n|turn|13\n|\n|t:|1772371142\n|move|p2a: CHIcken|Protect|p2a: CHIcken\n|-singleturn|p2a: CHIcken|Protect\n|move|p1b: Calyrex|Glacial Lance|p2a: CHIcken\n|-activate|p2a: CHIcken|move: Protect\n|move|p1a: Basculegion|Last Respects|p2a: CHIcken\n|-activate|p2a: CHIcken|move: Protect\n|\n|-heal|p1b: Calyrex|44/100 brn|[from] item: Leftovers\n|-damage|p1b: Calyrex|38/100 brn|[from] brn\n|upkeep\n|turn|14\n|\n|t:|1772371147\n|move|p2a: CHIcken|Protect||[still]\n|-fail|p2a: CHIcken\n|move|p1b: Calyrex|Glacial Lance|p2a: CHIcken\n|-supereffective|p2a: CHIcken\n|-damage|p2a: CHIcken|0 fnt\n|faint|p2a: CHIcken\n|\n|win|smartyff\n|n|\u2606smartyff|smartyff\n|n|\u2606BonnieSSR|bonniessr\n|n| 5236PP|5236pp\n|n| ido1234567890|ido1234567890\n","uploadtime":1772371147,"views":13,"formatid":"gen9vgc2026regi","rating":null,"private":0,"password":null}