{"id":"gen9vgc2026regi-2577923787","format":"[Gen 9] VGC 2026 Reg I","players":["EllenJoe2026","phalap"],"log":"|j|\u2606EllenJoe2026\n|j|\u2606phalap\n|t:|1775621198\n|gametype|doubles\n|player|p1|EllenJoe2026|elesa|1635\n|player|p2|phalap|lucas-gen4pt|1553\n|gen|9\n|tier|[Gen 9] VGC 2026 Reg I\n|rated|\n|rule|Species Clause: Limit one of each Pok\u00e9mon\n|rule|Item Clause: Limit 1 of each item\n|clearpoke\n|poke|p1|Calyrex-Ice, L50|\n|poke|p1|Miraidon, L50|\n|poke|p1|Tornadus, L50, M|\n|poke|p1|Urshifu-*, L50, F|\n|poke|p1|Volcarona, L50, F|\n|poke|p1|Indeedee-F, L50, F|\n|poke|p2|Iron Hands, L50|\n|poke|p2|Miraidon, L50|\n|poke|p2|Calyrex-Ice, L50|\n|poke|p2|Urshifu-*, L50, M|\n|poke|p2|Incineroar, L50, F|\n|poke|p2|Farigiraf, L50, M|\n|teampreview|4\n|inactive|Battle timer is ON: inactive players will automatically lose when time's up. (requested by phalap)\n|inactive|EllenJoe2026 also wants the timer to be on.\n|inactive|EllenJoe2026 has 60 seconds left.\n|inactive|phalap has 60 seconds left.\n|\n|t:|1775621242\n|teamsize|p1|4\n|teamsize|p2|4\n|start\n|switch|p1a: Calyrex|Calyrex-Ice, L50|100/100\n|switch|p1b: Indeedee|Indeedee-F, L50, F, shiny|100/100\n|switch|p2a: Calyrex|Calyrex-Ice, L50|100/100\n|switch|p2b: Incineroar|Incineroar, L50, F|100/100\n|-ability|p1a: Calyrex|As One\n|-ability|p1a: Calyrex|Unnerve\n|-ability|p2a: Calyrex|As One\n|-ability|p2a: Calyrex|Unnerve\n|-fieldstart|move: Psychic Terrain|[from] ability: Psychic Surge|[of] p1b: Indeedee\n|-ability|p2b: Incineroar|Intimidate|boost\n|-unboost|p1a: Calyrex|atk|1\n|-unboost|p1b: Indeedee|atk|1\n|turn|1\n|\n|t:|1775621262\n|move|p1b: Indeedee|Follow Me|p1b: Indeedee\n|-singleturn|p1b: Indeedee|move: Follow Me\n|move|p1a: Calyrex|Imprison|p1a: Calyrex\n|-start|p1a: Calyrex|move: Imprison\n|move|p2b: Incineroar|Will-O-Wisp|p1b: Indeedee\n|-status|p1b: Indeedee|brn\n|cant|p2a: Calyrex|move: Imprison|Glacial Lance\n|\n|-damage|p1b: Indeedee|94/100 brn|[from] brn\n|upkeep\n|turn|2\n|\n|t:|1775621285\n|switch|p1b: Urshifu|Urshifu-Rapid-Strike, L50, F|100/100\n|switch|p2a: Farigiraf|Farigiraf, L50, M|100/100\n|move|p1a: Calyrex|Protect|p1a: Calyrex\n|-singleturn|p1a: Calyrex|Protect\n|move|p2b: Incineroar|Parting Shot|p1a: Calyrex\n|-activate|p1a: Calyrex|move: Protect\n|\n|upkeep\n|turn|3\n|\n|t:|1775621306\n|-terastallize|p2b: Incineroar|Water\n|move|p1b: Urshifu|Surging Strikes|p2b: Incineroar\n|-resisted|p2b: Incineroar\n|-crit|p2b: Incineroar\n|-damage|p2b: Incineroar|93/100\n|-damage|p1b: Urshifu|84/100|[from] item: Rocky Helmet|[of] p2b: Incineroar\n|-resisted|p2b: Incineroar\n|-crit|p2b: Incineroar\n|-damage|p2b: Incineroar|85/100\n|-damage|p1b: Urshifu|68/100|[from] item: Rocky Helmet|[of] p2b: Incineroar\n|-resisted|p2b: Incineroar\n|-crit|p2b: Incineroar\n|-damage|p2b: Incineroar|76/100\n|-damage|p1b: Urshifu|51/100|[from] item: Rocky Helmet|[of] p2b: Incineroar\n|-hitcount|p2b: Incineroar|3\n|move|p1a: Calyrex|Glacial Lance|p2a: Farigiraf|[spread] p2a,p2b\n|-resisted|p2b: Incineroar\n|-damage|p2a: Farigiraf|65/100\n|-damage|p2b: Incineroar|61/100\n|move|p2a: Farigiraf|Psychic|p1b: Urshifu\n|-supereffective|p1b: Urshifu\n|-damage|p1b: Urshifu|0 fnt\n|faint|p1b: Urshifu\n|move|p2b: Incineroar|Will-O-Wisp|p1a: Calyrex\n|-status|p1a: Calyrex|brn\n|\n|-damage|p1a: Calyrex|94/100 brn|[from] brn\n|upkeep\n|\n|t:|1775621313\n|switch|p1b: Miraidon|Miraidon, L50, shiny|100/100\n|-fieldstart|move: Electric Terrain|[from] ability: Hadron Engine|[of] p1b: Miraidon\n|-enditem|p2a: Farigiraf|Electric Seed\n|-boost|p2a: Farigiraf|def|1|[from] item: Electric Seed\n|turn|4\n|inactive|phalap has 30 seconds left.\n|\n|t:|1775621342\n|move|p1b: Miraidon|Volt Switch|p2b: Incineroar\n|-supereffective|p2b: Incineroar\n|-damage|p2b: Incineroar|0 fnt\n|faint|p2b: Incineroar\n|\n|t:|1775621347\n|switch|p1b: Indeedee|Indeedee-F, L50, F, shiny|94/100 brn|[from] Volt Switch\n|-fieldstart|move: Psychic Terrain|[from] ability: Psychic Surge|[of] p1b: Indeedee\n|move|p1a: Calyrex|Glacial Lance|p2a: Farigiraf\n|-damage|p2a: Farigiraf|52/100\n|move|p2a: Farigiraf|Foul Play|p1a: Calyrex\n|-supereffective|p1a: Calyrex\n|-damage|p1a: Calyrex|64/100 brn\n|\n|-damage|p1a: Calyrex|58/100 brn|[from] brn\n|-damage|p1b: Indeedee|88/100 brn|[from] brn\n|upkeep\n|\n|t:|1775621363\n|switch|p2b: Miraidon|Miraidon, L50|100/100\n|-fieldstart|move: Electric Terrain|[from] ability: Hadron Engine|[of] p2b: Miraidon\n|turn|5\n|\n|t:|1775621369\n|move|p1b: Indeedee|Follow Me|p1b: Indeedee\n|-singleturn|p1b: Indeedee|move: Follow Me\n|move|p2b: Miraidon|Volt Switch|p1b: Indeedee\n|-damage|p1b: Indeedee|21/100 brn\n|-enditem|p1b: Indeedee|Eject Button\n|\n|t:|1775621375\n|switch|p1b: Miraidon|Miraidon, L50, shiny|100/100\n|-activate|p1b: Miraidon|ability: Hadron Engine\n|move|p1a: Calyrex|Glacial Lance|p2b: Miraidon|[spread] p2a,p2b\n|-supereffective|p2b: Miraidon\n|-damage|p2a: Farigiraf|41/100\n|-damage|p2b: Miraidon|67/100\n|move|p2a: Farigiraf|Foul Play|p1a: Calyrex\n|-supereffective|p1a: Calyrex\n|-damage|p1a: Calyrex|28/100 brn\n|\n|-damage|p1a: Calyrex|22/100 brn|[from] brn\n|upkeep\n|turn|6\n|\n|t:|1775621390\n|move|p1a: Calyrex|Protect|p1a: Calyrex\n|-singleturn|p1a: Calyrex|Protect\n|move|p2b: Miraidon|Volt Switch|p1a: Calyrex\n|-activate|p1a: Calyrex|move: Protect\n|move|p1b: Miraidon|Draco Meteor|p2b: Miraidon\n|-supereffective|p2b: Miraidon\n|-damage|p2b: Miraidon|0 fnt\n|-unboost|p1b: Miraidon|spa|2\n|faint|p2b: Miraidon\n|move|p2a: Farigiraf|Psychic|p1b: Miraidon\n|-damage|p1b: Miraidon|72/100\n|\n|-damage|p1a: Calyrex|16/100 brn|[from] brn\n|upkeep\n|\n|t:|1775621393\n|switch|p2b: Calyrex|Calyrex-Ice, L50|100/100\n|-ability|p2b: Calyrex|As One\n|-ability|p2b: Calyrex|Unnerve\n|turn|7\n|\n|t:|1775621410\n|move|p1a: Calyrex|Protect|p1a: Calyrex\n|-singleturn|p1a: Calyrex|Protect\n|move|p1b: Miraidon|Draco Meteor|p2a: Farigiraf\n|-damage|p2a: Farigiraf|0 fnt\n|-unboost|p1b: Miraidon|spa|2\n|faint|p2a: Farigiraf\n|move|p2b: Calyrex|High Horsepower|p1b: Miraidon\n|-supereffective|p1b: Miraidon\n|-crit|p1b: Miraidon\n|-damage|p1b: Miraidon|0 fnt\n|faint|p1b: Miraidon\n|-ability|p2b: Calyrex|Chilling Neigh|boost\n|-boost|p2b: Calyrex|atk|1\n|\n|-damage|p1a: Calyrex|9/100 brn|[from] brn\n|upkeep\n|-message|EllenJoe2026 forfeited.\n|\n|win|phalap\n|raw|EllenJoe2026's rating: 1635 &rarr; <strong>1610</strong><br />(-25 for losing)\n|raw|phalap's rating: 1553 &rarr; <strong>1578</strong><br />(+25 for winning)\n|l|\u2606EllenJoe2026\n|player|p1|\n|l|\u2606phalap\n|player|p2|\n","uploadtime":1775621636,"views":9,"formatid":"gen9vgc2026regi","rating":1578,"private":0,"password":null}