{"id":"gen9vgc2026regi-2513056814","format":"[Gen 9] VGC 2026 Reg I","players":["yaochangzhe","battlefront2remake"],"log":"|j|\u2606yaochangzhe\n|j|\u2606battlefront2remake\n|t:|1767685237\n|gametype|doubles\n|player|p1|yaochangzhe|101|1093\n|player|p2|battlefront2remake|2|1040\n|gen|9\n|tier|[Gen 9] VGC 2026 Reg I\n|rated|\n|rule|Species Clause: Limit one of each Pok\u00e9mon\n|rule|Item Clause: Limit 1 of each item\n|clearpoke\n|poke|p1|Charizard, L50, M|\n|poke|p1|Miraidon, L50|\n|poke|p1|Groudon, L50|\n|poke|p1|Chien-Pao, L50|\n|poke|p1|Incineroar, L50, F|\n|poke|p1|Grimmsnarl, L50, M|\n|poke|p2|Kyogre, L50|\n|poke|p2|Rillaboom, L50, F|\n|poke|p2|Urshifu-*, L50, F|\n|poke|p2|Flutter Mane, L50|\n|poke|p2|Amoonguss, L50, F|\n|poke|p2|Calyrex-Ice, L50|\n|teampreview|4\n|j| mr bunnelby\n|\n|t:|1767685281\n|teamsize|p1|4\n|teamsize|p2|4\n|start\n|switch|p1a: Grimmsnarl|Grimmsnarl, L50, M|100/100\n|switch|p1b: Miraidon|Miraidon, L50|100/100\n|switch|p2a: Calyrex|Calyrex-Ice, L50|100/100\n|switch|p2b: Amoonguss|Amoonguss, L50, F|100/100\n|-ability|p2a: Calyrex|As One\n|-ability|p2a: Calyrex|Unnerve\n|-fieldstart|move: Electric Terrain|[from] ability: Hadron Engine|[of] p1b: Miraidon\n|turn|1\n|\n|t:|1767685307\n|move|p1a: Grimmsnarl|Fake Out|p2b: Amoonguss\n|-damage|p2b: Amoonguss|90/100\n|cant|p2b: Amoonguss|flinch\n|move|p1b: Miraidon|Volt Switch|p2a: Calyrex\n|-damage|p2a: Calyrex|62/100\n|\n|t:|1767685314\n|switch|p1b: Chien-Pao|Chien-Pao, L50|100/100|[from] Volt Switch\n|-ability|p1b: Chien-Pao|Sword of Ruin\n|move|p2a: Calyrex|Glacial Lance|p1b: Chien-Pao|[spread] p1a,p1b\n|-resisted|p1b: Chien-Pao\n|-damage|p1a: Grimmsnarl|28/100\n|-damage|p1b: Chien-Pao|63/100\n|\n|-heal|p2a: Calyrex|68/100|[from] item: Leftovers\n|upkeep\n|turn|2\n|inactive|Battle timer is ON: inactive players will automatically lose when time's up. (requested by yaochangzhe)\n|\n|t:|1767685363\n|-terastallize|p2b: Amoonguss|Water\n|move|p2b: Amoonguss|Rage Powder|p2b: Amoonguss\n|-singleturn|p2b: Amoonguss|move: Rage Powder\n|move|p1b: Chien-Pao|Icicle Crash|p2b: Amoonguss\n|-resisted|p2b: Amoonguss\n|-damage|p2b: Amoonguss|64/100\n|move|p1a: Grimmsnarl|Foul Play|p2b: Amoonguss\n|-crit|p2b: Amoonguss\n|-damage|p2b: Amoonguss|14/100\n|move|p2a: Calyrex|Trick Room|p2a: Calyrex\n|-fieldstart|move: Trick Room|[of] p2a: Calyrex\n|\n|-heal|p2a: Calyrex|74/100|[from] item: Leftovers\n|upkeep\n|turn|3\n|inactive|yaochangzhe has 30 seconds left.\n|inactive|yaochangzhe has 20 seconds left.\n|inactive|yaochangzhe has 15 seconds left.\n|\n|t:|1767685405\n|switch|p2b: Rillaboom|Rillaboom, L50, F|100/100\n|-fieldstart|move: Grassy Terrain|[from] ability: Grassy Surge|[of] p2b: Rillaboom\n|move|p1b: Chien-Pao|Protect|p1b: Chien-Pao\n|-singleturn|p1b: Chien-Pao|Protect\n|move|p1a: Grimmsnarl|Taunt|p2b: Rillaboom\n|-start|p2b: Rillaboom|move: Taunt\n|move|p2a: Calyrex|Glacial Lance|p1a: Grimmsnarl|[spread] p1a\n|-activate|p1b: Chien-Pao|move: Protect\n|-damage|p1a: Grimmsnarl|0 fnt\n|faint|p1a: Grimmsnarl\n|-ability|p2a: Calyrex|Chilling Neigh|boost\n|-boost|p2a: Calyrex|atk|1\n|\n|-heal|p2a: Calyrex|80/100|[from] Grassy Terrain\n|-heal|p2a: Calyrex|86/100|[from] item: Leftovers\n|-heal|p1b: Chien-Pao|69/100|[from] Grassy Terrain\n|upkeep\n|\n|t:|1767685414\n|switch|p1a: Groudon|Groudon, L50|100/100\n|-weather|SunnyDay|[from] ability: Drought|[of] p1a: Groudon\n|turn|4\n|inactive|battlefront2remake has 30 seconds left.\n|\n|t:|1767685448\n|switch|p2b: Kyogre|Kyogre, L50|100/100\n|-weather|RainDance|[from] ability: Drizzle|[of] p2b: Kyogre\n|-terastallize|p1a: Groudon|Fire\n|move|p2a: Calyrex|Protect|p2a: Calyrex\n|-singleturn|p2a: Calyrex|Protect\n|move|p1b: Chien-Pao|Sucker Punch||[still]\n|-fail|p1b: Chien-Pao\n|move|p1a: Groudon|Heat Crash|p2b: Kyogre\n|-resisted|p2b: Kyogre\n|-damage|p2b: Kyogre|91/100\n|\n|-weather|RainDance|[upkeep]\n|-heal|p2a: Calyrex|91/100|[from] Grassy Terrain\n|-heal|p2a: Calyrex|97/100|[from] item: Leftovers\n|-heal|p2b: Kyogre|97/100|[from] Grassy Terrain\n|-heal|p1b: Chien-Pao|75/100|[from] Grassy Terrain\n|upkeep\n|turn|5\n|inactive|yaochangzhe has 30 seconds left.\n|inactive|battlefront2remake has 30 seconds left.\n|inactive|yaochangzhe has 20 seconds left.\n|inactive|battlefront2remake has 20 seconds left.\n|inactive|yaochangzhe has 15 seconds left.\n|inactive|battlefront2remake has 15 seconds left.\n|inactive|yaochangzhe has 10 seconds left.\n|inactive|battlefront2remake has 10 seconds left.\n|inactive|battlefront2remake has 5 seconds left.\n|\n|t:|1767685501\n|move|p1b: Chien-Pao|Sucker Punch|p2a: Calyrex\n|-supereffective|p2a: Calyrex\n|-damage|p2a: Calyrex|38/100\n|move|p2a: Calyrex|Glacial Lance|p1a: Groudon|[spread] p1a,p1b\n|-resisted|p1a: Groudon\n|-crit|p1a: Groudon\n|-resisted|p1b: Chien-Pao\n|-damage|p1a: Groudon|45/100\n|-damage|p1b: Chien-Pao|22/100\n|move|p1a: Groudon|Precipice Blades|p2b: Kyogre|[spread] p2a,p2b\n|-damage|p2a: Calyrex|0 fnt\n|-damage|p2b: Kyogre|38/100\n|faint|p2a: Calyrex\n|move|p2b: Kyogre|Water Spout|p1a: Groudon|[spread] p1a,p1b\n|-supereffective|p1a: Groudon\n|-damage|p1a: Groudon|0 fnt\n|-damage|p1b: Chien-Pao|0 fnt\n|faint|p1a: Groudon\n|faint|p1b: Chien-Pao\n|\n|-weather|RainDance|[upkeep]\n|-heal|p2b: Kyogre|43/100|[from] Grassy Terrain\n|upkeep\n|inactive|yaochangzhe has 30 seconds left.\n|inactive|yaochangzhe has 20 seconds left.\n|inactive|yaochangzhe has 15 seconds left.\n|inactive|yaochangzhe has 10 seconds left.\n|inactive|yaochangzhe has 5 seconds left.\n|\n|t:|1767685556\n|switch|p2a: Amoonguss|Amoonguss, L50, F, tera:Water|47/100\n|switch|p1a: Miraidon|Miraidon, L50|100/100\n|-fieldstart|move: Electric Terrain|[from] ability: Hadron Engine|[of] p1a: Miraidon\n|turn|6\n|inactive|yaochangzhe has 30 seconds left.\n|inactive|yaochangzhe has 20 seconds left.\n|inactive|yaochangzhe has 15 seconds left.\n|inactive|yaochangzhe has 10 seconds left.\n|\n|t:|1767685604\n|switch|p2a: Rillaboom|Rillaboom, L50, F|100/100\n|-fieldstart|move: Grassy Terrain|[from] ability: Grassy Surge|[of] p2a: Rillaboom\n|move|p2b: Kyogre|Protect|p2b: Kyogre\n|-singleturn|p2b: Kyogre|Protect\n|move|p1a: Miraidon|Electro Drift|p2b: Kyogre\n|-activate|p2b: Kyogre|move: Protect\n|\n|-weather|RainDance|[upkeep]\n|-heal|p2b: Kyogre|49/100|[from] Grassy Terrain\n|-fieldend|move: Trick Room\n|upkeep\n|turn|7\n|inactive|battlefront2remake has 30 seconds left.\n|\n|t:|1767685629\n|move|p2a: Rillaboom|Fake Out|p1a: Miraidon\n|-damage|p1a: Miraidon|87/100\n|cant|p1a: Miraidon|flinch\n|move|p2b: Kyogre|Hydro Pump|p1a: Miraidon\n|-resisted|p1a: Miraidon\n|-damage|p1a: Miraidon|58/100\n|\n|-weather|RainDance|[upkeep]\n|-heal|p1a: Miraidon|64/100|[from] Grassy Terrain\n|-heal|p2b: Kyogre|55/100|[from] Grassy Terrain\n|upkeep\n|turn|8\n|\n|t:|1767685649\n|move|p2b: Kyogre|Protect|p2b: Kyogre\n|-singleturn|p2b: Kyogre|Protect\n|move|p1a: Miraidon|Electro Drift|p2a: Rillaboom\n|-resisted|p2a: Rillaboom\n|-crit|p2a: Rillaboom\n|-damage|p2a: Rillaboom|66/100\n|move|p2a: Rillaboom|Wood Hammer|p1a: Miraidon\n|-resisted|p1a: Miraidon\n|-damage|p1a: Miraidon|26/100\n|-damage|p2a: Rillaboom|55/100|[from] Recoil\n|\n|-weather|none\n|-heal|p1a: Miraidon|32/100|[from] Grassy Terrain\n|-heal|p2b: Kyogre|61/100|[from] Grassy Terrain\n|-heal|p2a: Rillaboom|60/100|[from] Grassy Terrain\n|upkeep\n|turn|9\n|-message|yaochangzhe forfeited.\n|\n|win|battlefront2remake\n|raw|yaochangzhe's rating: 1112 &rarr; <strong>1082</strong><br />(-30 for losing)\n|raw|battlefront2remake's rating: 1040 &rarr; <strong>1081</strong><br />(+41 for winning)\n|l|\u2606yaochangzhe\n|player|p1|\n","uploadtime":1767685663,"views":12,"formatid":"gen9vgc2026regi","rating":1081,"private":0,"password":null}