{"id":"gen9vgc2026regi-2525780601","format":"[Gen 9] VGC 2026 Reg I","players":["dasabo\u5bc6\u52d2\u987f\u4fa0","Fogdocker"],"log":"|j|\u2606dasabo\u5bc6\u52d2\u987f\u4fa0\n|j|\u2606Fogdocker\n|t:|1769324946\n|gametype|doubles\n|player|p1|dasabo\u5bc6\u52d2\u987f\u4fa0|may-masters4|1431\n|player|p2|Fogdocker|169|1437\n|gen|9\n|tier|[Gen 9] VGC 2026 Reg I\n|rated|\n|rule|Species Clause: Limit one of each Pok\u00e9mon\n|rule|Item Clause: Limit 1 of each item\n|clearpoke\n|poke|p1|Eternatus, L50|\n|poke|p1|Incineroar, L50, M|\n|poke|p1|Landorus, L50, M|\n|poke|p1|Zamazenta-*, L50|\n|poke|p1|Chien-Pao, L50|\n|poke|p1|Tornadus, L50, M|\n|poke|p2|Koraidon, L50|\n|poke|p2|Flutter Mane, L50|\n|poke|p2|Calyrex-Ice, L50|\n|poke|p2|Incineroar, L50, M|\n|poke|p2|Rillaboom, L50, F|\n|poke|p2|Amoonguss, L50, M|\n|teampreview|4\n|inactive|Battle timer is ON: inactive players will automatically lose when time's up. (requested by dasabo\u5bc6\u52d2\u987f\u4fa0)\n|\n|t:|1769325046\n|teamsize|p1|4\n|teamsize|p2|4\n|start\n|switch|p1a: \u556a\u53fd\u556a\uff08\u6251\u51fb\u58f0\uff09|Zamazenta-Crowned, L50|100/100\n|switch|p1b: \u629b\u5f00\u864e\u54e5\u54ee\u7a74|Incineroar, L50, M, shiny|100/100\n|switch|p2a: Koraidon|Koraidon, L50|100/100\n|switch|p2b: Incineroar|Incineroar, L50, M|100/100\n|-weather|SunnyDay|[from] ability: Orichalcum Pulse|[of] p2a: Koraidon\n|-activate|p2a: Koraidon|Orichalcum Pulse|[source]\n|-ability|p1a: \u556a\u53fd\u556a\uff08\u6251\u51fb\u58f0\uff09|Dauntless Shield|boost\n|-boost|p1a: \u556a\u53fd\u556a\uff08\u6251\u51fb\u58f0\uff09|def|1\n|-ability|p1b: \u629b\u5f00\u864e\u54e5\u54ee\u7a74|Intimidate|boost\n|-unboost|p2a: Koraidon|atk|1\n|-unboost|p2b: Incineroar|atk|1\n|-ability|p2b: Incineroar|Intimidate|boost\n|-unboost|p1a: \u556a\u53fd\u556a\uff08\u6251\u51fb\u58f0\uff09|atk|1\n|-unboost|p1b: \u629b\u5f00\u864e\u54e5\u54ee\u7a74|atk|1\n|turn|1\n|\n|t:|1769325060\n|switch|p2b: Amoonguss|Amoonguss, L50, M|100/100\n|-terastallize|p1a: \u556a\u53fd\u556a\uff08\u6251\u51fb\u58f0\uff09|Ghost\n|move|p2a: Koraidon|Protect|p2a: Koraidon\n|-singleturn|p2a: Koraidon|Protect\n|move|p1b: \u629b\u5f00\u864e\u54e5\u54ee\u7a74|Fake Out|p2a: Koraidon\n|-activate|p2a: Koraidon|move: Protect\n|move|p1a: \u556a\u53fd\u556a\uff08\u6251\u51fb\u58f0\uff09|Iron Defense|p1a: \u556a\u53fd\u556a\uff08\u6251\u51fb\u58f0\uff09\n|-boost|p1a: \u556a\u53fd\u556a\uff08\u6251\u51fb\u58f0\uff09|def|2\n|\n|-weather|SunnyDay|[upkeep]\n|upkeep\n|turn|2\n|inactive|Fogdocker has 30 seconds left.\n|inactive|dasabo\u5bc6\u52d2\u987f\u4fa0 has 30 seconds left.\n|inactive|Fogdocker has 20 seconds left.\n|\n|t:|1769325098\n|switch|p1b: \u5f3a\u5251\u5927\u738b|Chien-Pao, L50, shiny|100/100\n|-ability|p1b: \u5f3a\u5251\u5927\u738b|Sword of Ruin\n|move|p2b: Amoonguss|Rage Powder|p2b: Amoonguss\n|-singleturn|p2b: Amoonguss|move: Rage Powder\n|move|p2a: Koraidon|Close Combat|p1b: \u5f3a\u5251\u5927\u738b\n|-supereffective|p1b: \u5f3a\u5251\u5927\u738b\n|-enditem|p1b: \u5f3a\u5251\u5927\u738b|Focus Sash\n|-damage|p1b: \u5f3a\u5251\u5927\u738b|1/100\n|-unboost|p2a: Koraidon|def|1\n|-unboost|p2a: Koraidon|spd|1\n|-damage|p2a: Koraidon|91/100|[from] item: Life Orb\n|move|p1a: \u556a\u53fd\u556a\uff08\u6251\u51fb\u58f0\uff09|Body Press|p2b: Amoonguss\n|-resisted|p2b: Amoonguss\n|-damage|p2b: Amoonguss|42/100\n|-damage|p1a: \u556a\u53fd\u556a\uff08\u6251\u51fb\u58f0\uff09|84/100|[from] item: Rocky Helmet|[of] p2b: Amoonguss\n|\n|-weather|SunnyDay|[upkeep]\n|upkeep\n|turn|3\n|inactive|Fogdocker has 30 seconds left.\n|inactive|Fogdocker has 20 seconds left.\n|inactive|Fogdocker has 15 seconds left.\n|inactive|Fogdocker has 10 seconds left.\n|inactive|Fogdocker has 5 seconds left.\n|\n|t:|1769325151\n|-terastallize|p2b: Amoonguss|Water\n|move|p1b: \u5f3a\u5251\u5927\u738b|Icicle Crash|p2b: Amoonguss\n|-resisted|p2b: Amoonguss\n|-damage|p2b: Amoonguss|22/100\n|move|p2a: Koraidon|Flame Charge|p1b: \u5f3a\u5251\u5927\u738b\n|-supereffective|p1b: \u5f3a\u5251\u5927\u738b\n|-damage|p1b: \u5f3a\u5251\u5927\u738b|0 fnt\n|-boost|p2a: Koraidon|spe|1\n|faint|p1b: \u5f3a\u5251\u5927\u738b\n|-damage|p2a: Koraidon|81/100|[from] item: Life Orb\n|move|p1a: \u556a\u53fd\u556a\uff08\u6251\u51fb\u58f0\uff09|Body Press|p2a: Koraidon\n|-damage|p2a: Koraidon|0 fnt\n|faint|p2a: Koraidon\n|move|p2b: Amoonguss|Spore|p1a: \u556a\u53fd\u556a\uff08\u6251\u51fb\u58f0\uff09\n|-status|p1a: \u556a\u53fd\u556a\uff08\u6251\u51fb\u58f0\uff09|slp|[from] move: Spore\n|\n|-weather|SunnyDay|[upkeep]\n|upkeep\n|\n|t:|1769325165\n|switch|p2a: Calyrex|Calyrex-Ice, L50|100/100\n|switch|p1b: \u641e\u7ea7\u6c70\u723d|Eternatus, L50|100/100\n|-ability|p2a: Calyrex|As One\n|-ability|p2a: Calyrex|Unnerve\n|-ability|p1b: \u641e\u7ea7\u6c70\u723d|Pressure\n|turn|4\n|\n|t:|1769325173\n|switch|p2b: Incineroar|Incineroar, L50, M|100/100\n|-ability|p2b: Incineroar|Intimidate|boost\n|-unboost|p1a: \u556a\u53fd\u556a\uff08\u6251\u51fb\u58f0\uff09|atk|1\n|-unboost|p1b: \u641e\u7ea7\u6c70\u723d|atk|1\n|cant|p1a: \u556a\u53fd\u556a\uff08\u6251\u51fb\u58f0\uff09|slp\n|move|p1b: \u641e\u7ea7\u6c70\u723d|Meteor Beam||[still]\n|-prepare|p1b: \u641e\u7ea7\u6c70\u723d|Meteor Beam\n|-boost|p1b: \u641e\u7ea7\u6c70\u723d|spa|1\n|-enditem|p1b: \u641e\u7ea7\u6c70\u723d|Power Herb\n|-anim|p1b: \u641e\u7ea7\u6c70\u723d|Meteor Beam|p2b: Incineroar\n|-supereffective|p2b: Incineroar\n|-crit|p2b: Incineroar\n|-damage|p2b: Incineroar|0 fnt\n|faint|p2b: Incineroar\n|move|p2a: Calyrex|Leech Seed|p1a: \u556a\u53fd\u556a\uff08\u6251\u51fb\u58f0\uff09\n|-start|p1a: \u556a\u53fd\u556a\uff08\u6251\u51fb\u58f0\uff09|move: Leech Seed\n|\n|-weather|SunnyDay|[upkeep]\n|-damage|p1a: \u556a\u53fd\u556a\uff08\u6251\u51fb\u58f0\uff09|71/100 slp|[from] Leech Seed|[of] p2a: Calyrex\n|upkeep\n|\n|t:|1769325184\n|switch|p2b: Amoonguss|Amoonguss, L50, M, tera:Water|56/100\n|turn|5\n|\n|t:|1769325194\n|move|p2b: Amoonguss|Protect|p2b: Amoonguss\n|-singleturn|p2b: Amoonguss|Protect\n|move|p1b: \u641e\u7ea7\u6c70\u723d|Dynamax Cannon|p2b: Amoonguss\n|-activate|p2b: Amoonguss|move: Protect\n|cant|p1a: \u556a\u53fd\u556a\uff08\u6251\u51fb\u58f0\uff09|slp\n|move|p2a: Calyrex|Trick Room|p2a: Calyrex\n|-fieldstart|move: Trick Room|[of] p2a: Calyrex\n|\n|-weather|none\n|-damage|p1a: \u556a\u53fd\u556a\uff08\u6251\u51fb\u58f0\uff09|59/100 slp|[from] Leech Seed|[of] p2a: Calyrex\n|upkeep\n|turn|6\n|\n|t:|1769325210\n|move|p1b: \u641e\u7ea7\u6c70\u723d|Protect|p1b: \u641e\u7ea7\u6c70\u723d\n|-singleturn|p1b: \u641e\u7ea7\u6c70\u723d|Protect\n|move|p2b: Amoonguss|Spore|p1b: \u641e\u7ea7\u6c70\u723d\n|-activate|p1b: \u641e\u7ea7\u6c70\u723d|move: Protect\n|move|p2a: Calyrex|Leech Seed|p1b: \u641e\u7ea7\u6c70\u723d\n|-activate|p1b: \u641e\u7ea7\u6c70\u723d|move: Protect\n|-curestatus|p1a: \u556a\u53fd\u556a\uff08\u6251\u51fb\u58f0\uff09|slp|[msg]\n|move|p1a: \u556a\u53fd\u556a\uff08\u6251\u51fb\u58f0\uff09|Body Press|p2b: Amoonguss\n|-damage|p2b: Amoonguss|0 fnt\n|-damage|p1a: \u556a\u53fd\u556a\uff08\u6251\u51fb\u58f0\uff09|42/100|[from] item: Rocky Helmet|[of] p2b: Amoonguss\n|faint|p2b: Amoonguss\n|\n|-damage|p1a: \u556a\u53fd\u556a\uff08\u6251\u51fb\u58f0\uff09|30/100|[from] Leech Seed|[of] p2a: Calyrex\n|upkeep\n|turn|7\n|\n|t:|1769325225\n|switch|p1b: \u629b\u5f00\u864e\u54e5\u54ee\u7a74|Incineroar, L50, M, shiny|100/100\n|-ability|p1b: \u629b\u5f00\u864e\u54e5\u54ee\u7a74|Intimidate|boost\n|-unboost|p2a: Calyrex|atk|1\n|move|p2a: Calyrex|Leech Seed|p1b: \u629b\u5f00\u864e\u54e5\u54ee\u7a74\n|-start|p1b: \u629b\u5f00\u864e\u54e5\u54ee\u7a74|move: Leech Seed\n|move|p1a: \u556a\u53fd\u556a\uff08\u6251\u51fb\u58f0\uff09|Body Press|p2a: Calyrex\n|-damage|p2a: Calyrex|29/100\n|\n|-heal|p2a: Calyrex|35/100|[from] item: Leftovers\n|-damage|p1b: \u629b\u5f00\u864e\u54e5\u54ee\u7a74|88/100|[from] Leech Seed|[of] p2a: Calyrex\n|-heal|p2a: Calyrex|46/100|[silent]\n|-damage|p1a: \u556a\u53fd\u556a\uff08\u6251\u51fb\u58f0\uff09|18/100|[from] Leech Seed|[of] p2a: Calyrex\n|-heal|p2a: Calyrex|58/100|[silent]\n|upkeep\n|turn|8\n|\n|t:|1769325239\n|switch|p1a: \u641e\u7ea7\u6c70\u723d|Eternatus, L50|100/100\n|-ability|p1a: \u641e\u7ea7\u6c70\u723d|Pressure\n|move|p2a: Calyrex|Protect|p2a: Calyrex\n|-singleturn|p2a: Calyrex|Protect\n|move|p1b: \u629b\u5f00\u864e\u54e5\u54ee\u7a74|Knock Off|p2a: Calyrex\n|-activate|p2a: Calyrex|move: Protect\n|\n|-heal|p2a: Calyrex|64/100|[from] item: Leftovers\n|-damage|p1b: \u629b\u5f00\u864e\u54e5\u54ee\u7a74|76/100|[from] Leech Seed|[of] p2a: Calyrex\n|-heal|p2a: Calyrex|75/100|[silent]\n|upkeep\n|turn|9\n|\n|t:|1769325252\n|move|p1a: \u641e\u7ea7\u6c70\u723d|Protect|p1a: \u641e\u7ea7\u6c70\u723d\n|-singleturn|p1a: \u641e\u7ea7\u6c70\u723d|Protect\n|move|p2a: Calyrex|Leech Seed|p1a: \u641e\u7ea7\u6c70\u723d\n|-activate|p1a: \u641e\u7ea7\u6c70\u723d|move: Protect\n|move|p1b: \u629b\u5f00\u864e\u54e5\u54ee\u7a74|Knock Off|p2a: Calyrex\n|-supereffective|p2a: Calyrex\n|-damage|p2a: Calyrex|28/100\n|-enditem|p2a: Calyrex|Leftovers|[from] move: Knock Off|[of] p1b: \u629b\u5f00\u864e\u54e5\u54ee\u7a74\n|\n|-damage|p1b: \u629b\u5f00\u864e\u54e5\u54ee\u7a74|63/100|[from] Leech Seed|[of] p2a: Calyrex\n|-heal|p2a: Calyrex|40/100|[silent]\n|-fieldend|move: Trick Room\n|upkeep\n|turn|10\n|\n|t:|1769325263\n|move|p1a: \u641e\u7ea7\u6c70\u723d|Dynamax Cannon|p2a: Calyrex\n|-damage|p2a: Calyrex|3/100\n|move|p1b: \u629b\u5f00\u864e\u54e5\u54ee\u7a74|Parting Shot|p2a: Calyrex\n|-unboost|p2a: Calyrex|atk|1\n|-unboost|p2a: Calyrex|spa|1\n|j| want eggs\n|\n|t:|1769325266\n|switch|p1b: \u556a\u53fd\u556a\uff08\u6251\u51fb\u58f0\uff09|Zamazenta-Crowned, L50, tera:Ghost|18/100|[from] Parting Shot\n|move|p2a: Calyrex|Leech Seed|p1a: \u641e\u7ea7\u6c70\u723d|[miss]\n|-miss|p2a: Calyrex|p1a: \u641e\u7ea7\u6c70\u723d\n|\n|upkeep\n|turn|11\n|-message|Fogdocker forfeited.\n|\n|win|dasabo\u5bc6\u52d2\u987f\u4fa0\n|raw|dasabo\u5bc6\u52d2\u987f\u4fa0's rating: 1431 &rarr; <strong>1451</strong><br />(+20 for winning)\n|raw|Fogdocker's rating: 1437 &rarr; <strong>1417</strong><br />(-20 for losing)\n|c| want eggs|\ud83d\udc40\n|l|\u2606dasabo\u5bc6\u52d2\u987f\u4fa0\n|player|p1|\n|l| want eggs\n","uploadtime":1769325448,"views":14,"formatid":"gen9vgc2026regi","rating":1417,"private":0,"password":null}