{"id":"gen9vgc2026regi-2564704686","format":"[Gen 9] VGC 2026 Reg I","players":["bandedflutter","nerd159"],"log":"|j|\u2606bandedflutter\n|j|\u2606nerd159\n|t:|1774188613\n|gametype|doubles\n|player|p1|bandedflutter|steven|1407\n|player|p2|nerd159|170|1578\n|gen|9\n|tier|[Gen 9] VGC 2026 Reg I\n|rated|\n|rule|Species Clause: Limit one of each Pok\u00e9mon\n|rule|Item Clause: Limit 1 of each item\n|clearpoke\n|poke|p1|Miraidon, L50|\n|poke|p1|Whimsicott, L50, M|\n|poke|p1|Chi-Yu, L50|\n|poke|p1|Calyrex-Shadow, L50|\n|poke|p1|Iron Bundle, L50|\n|poke|p1|Farigiraf, L50, F|\n|poke|p2|Zamazenta-*, L50|\n|poke|p2|Calyrex-Shadow, L50|\n|poke|p2|Excadrill, L50, F|\n|poke|p2|Tyranitar, L50, F|\n|poke|p2|Ogerpon-Wellspring, L50, F|\n|poke|p2|Farigiraf, L50, F|\n|teampreview|4\n|inactive|Battle timer is ON: inactive players will automatically lose when time's up. (requested by nerd159)\n|\n|t:|1774188642\n|teamsize|p1|4\n|teamsize|p2|4\n|start\n|switch|p1a: Whimsicott|Whimsicott, L50, M|100/100\n|switch|p1b: Calyrex|Calyrex-Shadow, L50|100/100\n|switch|p2a: Tyranitar|Tyranitar, L50, F|100/100\n|switch|p2b: Excadrill|Excadrill, L50, F|100/100\n|-ability|p1b: Calyrex|As One\n|-ability|p1b: Calyrex|Unnerve\n|-weather|Sandstorm|[from] ability: Sand Stream|[of] p2a: Tyranitar\n|turn|1\n|\n|t:|1774188647\n|-terastallize|p1b: Calyrex|Ground\n|move|p1a: Whimsicott|Sunny Day|p1a: Whimsicott\n|-weather|SunnyDay\n|move|p1b: Calyrex|Tera Blast|p2a: Tyranitar|[anim] Tera Blast Ground\n|-supereffective|p2a: Tyranitar\n|-damage|p2a: Tyranitar|32/100\n|-damage|p1b: Calyrex|91/100|[from] item: Life Orb\n|move|p2b: Excadrill|Iron Head|p1a: Whimsicott\n|-supereffective|p1a: Whimsicott\n|-damage|p1a: Whimsicott|0 fnt\n|faint|p1a: Whimsicott\n|move|p2a: Tyranitar|Knock Off|p1b: Calyrex\n|-damage|p1b: Calyrex|35/100\n|-enditem|p1b: Calyrex|Life Orb|[from] move: Knock Off|[of] p2a: Tyranitar\n|\n|-weather|SunnyDay|[upkeep]\n|upkeep\n|\n|t:|1774188665\n|switch|p1a: Chi-Yu|Chi-Yu, L50|100/100\n|-ability|p1a: Chi-Yu|Beads of Ruin\n|turn|2\n|j| Neekz0\n|\n|t:|1774188685\n|switch|p2a: Calyrex|Calyrex-Shadow, L50|100/100\n|-ability|p2a: Calyrex|As One\n|-ability|p2a: Calyrex|Unnerve\n|move|p2b: Excadrill|Protect|p2b: Excadrill\n|-singleturn|p2b: Excadrill|Protect\n|move|p1a: Chi-Yu|Heat Wave|p2b: Excadrill|[spread] \n|-activate|p2b: Excadrill|move: Protect\n|-miss|p1a: Chi-Yu|p2a: Calyrex\n|move|p1b: Calyrex|Astral Barrage|p2b: Excadrill|[spread] p2a\n|-activate|p2b: Excadrill|move: Protect\n|-supereffective|p2a: Calyrex\n|-damage|p2a: Calyrex|0 fnt\n|faint|p2a: Calyrex\n|-ability|p1b: Calyrex|Grim Neigh|boost\n|-boost|p1b: Calyrex|spa|1\n|\n|-weather|SunnyDay|[upkeep]\n|upkeep\n|\n|t:|1774188686\n|switch|p2a: Tyranitar|Tyranitar, L50, F|32/100\n|-weather|Sandstorm|[from] ability: Sand Stream|[of] p2a: Tyranitar\n|turn|3\n|\n|t:|1774188708\n|move|p2b: Excadrill|High Horsepower|p1b: Calyrex\n|-damage|p1b: Calyrex|0 fnt\n|faint|p1b: Calyrex\n|move|p1a: Chi-Yu|Heat Wave|p2b: Excadrill|[spread] p2a,p2b\n|-resisted|p2a: Tyranitar\n|-supereffective|p2b: Excadrill\n|-damage|p2a: Tyranitar|22/100\n|-enditem|p2b: Excadrill|Focus Sash\n|-damage|p2b: Excadrill|1/100\n|move|p2a: Tyranitar|Rock Slide|p1a: Chi-Yu\n|-supereffective|p1a: Chi-Yu\n|-damage|p1a: Chi-Yu|0 fnt\n|faint|p1a: Chi-Yu\n|\n|-weather|Sandstorm|[upkeep]\n|upkeep\n|\n|t:|1774188712\n|switch|p1b: Miraidon|Miraidon, L50|100/100\n|-fieldstart|move: Electric Terrain|[from] ability: Hadron Engine|[of] p1b: Miraidon\n|turn|4\n|\n|t:|1774188716\n|move|p1b: Miraidon|Protect|p1b: Miraidon\n|-singleturn|p1b: Miraidon|Protect\n|move|p2b: Excadrill|High Horsepower|p1b: Miraidon\n|-activate|p1b: Miraidon|move: Protect\n|move|p2a: Tyranitar|Knock Off|p1b: Miraidon\n|-activate|p1b: Miraidon|move: Protect\n|\n|-weather|Sandstorm|[upkeep]\n|-damage|p1b: Miraidon|94/100|[from] Sandstorm\n|upkeep\n|turn|5\n|\n|t:|1774188728\n|move|p2b: Excadrill|High Horsepower|p1b: Miraidon\n|-supereffective|p1b: Miraidon\n|-damage|p1b: Miraidon|0 fnt\n|faint|p1b: Miraidon\n|\n|win|nerd159\n|raw|bandedflutter's rating: 1407 &rarr; <strong>1396</strong><br />(-11 for losing)\n|raw|nerd159's rating: 1578 &rarr; <strong>1589</strong><br />(+11 for winning)\n|l|\u2606bandedflutter\n|player|p1|\n|l|\u2606nerd159\n|player|p2|\n|l| Neekz0\n","uploadtime":1774188907,"views":25,"formatid":"gen9vgc2026regi","rating":1396,"private":0,"password":null}