{"id":"gen9vgc2026regi-2565709356","format":"[Gen 9] VGC 2026 Reg I","players":["Dbzone9001","ScribbleScribble"],"log":"|j|\u2606Dbzone9001\n|j|\u2606ScribbleScribble\n|t:|1774297272\n|gametype|doubles\n|player|p1|Dbzone9001|2|1484\n|player|p2|ScribbleScribble|mina-lgpe|1658\n|gen|9\n|tier|[Gen 9] VGC 2026 Reg I\n|rated|\n|rule|Species Clause: Limit one of each Pok\u00e9mon\n|rule|Item Clause: Limit 1 of each item\n|clearpoke\n|poke|p1|Dondozo, L50, M|\n|poke|p1|Tatsugiri, L50, F|\n|poke|p1|Miraidon, L50|\n|poke|p1|Calyrex-Shadow, L50|\n|poke|p1|Okidogi, L50, M|\n|poke|p1|Grimmsnarl, L50, M|\n|poke|p2|Calyrex-Ice, L50|\n|poke|p2|Kyogre, L50|\n|poke|p2|Tornadus, L50, M|\n|poke|p2|Indeedee-F, L50, F|\n|poke|p2|Urshifu-*, L50, F|\n|poke|p2|Landorus, L50, M|\n|teampreview|4\n|inactive|Battle timer is ON: inactive players will automatically lose when time's up. (requested by ScribbleScribble)\n|j| Ascitiesdrown\n|inactive|ScribbleScribble has 60 seconds left.\n|\n|t:|1774297306\n|teamsize|p1|4\n|teamsize|p2|4\n|start\n|switch|p1a: Dondozo|Dondozo, L50, M|100/100\n|switch|p1b: Miraidon|Miraidon, L50|100/100\n|switch|p2a: Tornadus|Tornadus, L50, M|100/100\n|switch|p2b: Urshifu|Urshifu-Rapid-Strike, L50, F|100/100\n|-fieldstart|move: Electric Terrain|[from] ability: Hadron Engine|[of] p1b: Miraidon\n|turn|1\n|inactive|Dbzone9001 has 30 seconds left.\n|\n|t:|1774297341\n|switch|p1b: Tatsugiri|Tatsugiri, L50, F|100/100\n|-activate|p1b: Tatsugiri|ability: Commander|[of] p1a: Dondozo\n|-boost|p1a: Dondozo|atk|2\n|-boost|p1a: Dondozo|spa|2\n|-boost|p1a: Dondozo|spe|2\n|-boost|p1a: Dondozo|def|2\n|-boost|p1a: Dondozo|spd|2\n|move|p2a: Tornadus|Tailwind|p2a: Tornadus\n|-sidestart|p2: ScribbleScribble|move: Tailwind\n|move|p2b: Urshifu|Close Combat|p1b: Tatsugiri|[miss]\n|-miss|p2b: Urshifu|p1b: Tatsugiri\n|move|p1a: Dondozo|Order Up|p2b: Urshifu\n|-damage|p2b: Urshifu|52/100\n|-boost|p1a: Dondozo|atk|1\n|\n|upkeep\n|turn|2\n|\n|t:|1774297361\n|move|p2a: Tornadus|Taunt|p1a: Dondozo\n|-start|p1a: Dondozo|move: Taunt\n|move|p2b: Urshifu|Close Combat|p1a: Dondozo\n|-damage|p1a: Dondozo|69/100\n|-unboost|p2b: Urshifu|def|1\n|-unboost|p2b: Urshifu|spd|1\n|move|p1a: Dondozo|Order Up|p2a: Tornadus\n|-damage|p2a: Tornadus|9/100\n|-boost|p1a: Dondozo|atk|1\n|\n|-heal|p1a: Dondozo|75/100|[from] item: Leftovers\n|upkeep\n|turn|3\n|inactive|ScribbleScribble has 30 seconds left.\n|inactive|ScribbleScribble has 20 seconds left.\n|\n|t:|1774297398\n|switch|p2a: Landorus|Landorus, L50, M|100/100\n|move|p2b: Urshifu|Close Combat|p1a: Dondozo\n|-crit|p1a: Dondozo\n|-damage|p1a: Dondozo|0 fnt\n|-unboost|p2b: Urshifu|def|1\n|-unboost|p2b: Urshifu|spd|1\n|faint|p1a: Dondozo\n|\n|upkeep\n|\n|t:|1774297416\n|switch|p1a: Calyrex|Calyrex-Shadow, L50|100/100\n|-ability|p1a: Calyrex|As One\n|-ability|p1a: Calyrex|Unnerve\n|turn|4\n|inactive|ScribbleScribble has 30 seconds left.\n|inactive|Dbzone9001 has 30 seconds left.\n|inactive|ScribbleScribble has 20 seconds left.\n|\n|t:|1774297454\n|move|p1a: Calyrex|Protect|p1a: Calyrex\n|-singleturn|p1a: Calyrex|Protect\n|move|p2b: Urshifu|Close Combat|p1b: Tatsugiri\n|-damage|p1b: Tatsugiri|0 fnt\n|-unboost|p2b: Urshifu|def|1\n|-unboost|p2b: Urshifu|spd|1\n|faint|p1b: Tatsugiri\n|move|p2a: Landorus|Sandsear Storm|p1a: Calyrex\n|-activate|p1a: Calyrex|move: Protect\n|\n|-sideend|p2: ScribbleScribble|move: Tailwind\n|upkeep\n|\n|t:|1774297459\n|switch|p1b: Miraidon|Miraidon, L50|100/100\n|-activate|p1b: Miraidon|ability: Hadron Engine\n|turn|5\n|\n|t:|1774297473\n|move|p2a: Landorus|Protect|p2a: Landorus\n|-singleturn|p2a: Landorus|Protect\n|move|p1b: Miraidon|Electro Drift|p2b: Urshifu\n|-supereffective|p2b: Urshifu\n|-damage|p2b: Urshifu|0 fnt\n|faint|p2b: Urshifu\n|move|p1a: Calyrex|Astral Barrage|p2a: Landorus\n|-activate|p2a: Landorus|move: Protect\n|\n|-fieldend|move: Electric Terrain\n|upkeep\n|\n|t:|1774297487\n|switch|p2b: Tornadus|Tornadus, L50, M|9/100\n|turn|6\n|\n|t:|1774297495\n|-terastallize|p1b: Miraidon|Ghost\n|move|p2b: Tornadus|Tailwind|p2b: Tornadus\n|-sidestart|p2: ScribbleScribble|move: Tailwind\n|move|p2a: Landorus|Earth Power|p1b: Miraidon\n|-damage|p1b: Miraidon|45/100\n|move|p1b: Miraidon|Electro Drift|p2b: Tornadus\n|-supereffective|p2b: Tornadus\n|-damage|p2b: Tornadus|0 fnt\n|faint|p2b: Tornadus\n|move|p1a: Calyrex|Astral Barrage|p2a: Landorus\n|-damage|p2a: Landorus|18/100\n|\n|upkeep\n|\n|t:|1774297497\n|switch|p2b: Kyogre|Kyogre, L50|100/100\n|-weather|RainDance|[from] ability: Drizzle|[of] p2b: Kyogre\n|turn|7\n|inactive|Dbzone9001 has 30 seconds left.\n|inactive|Dbzone9001 has 20 seconds left.\n|inactive|Dbzone9001 has 15 seconds left.\n|inactive|Dbzone9001 has 10 seconds left.\n|inactive|Dbzone9001 has 5 seconds left.\n|\n|t:|1774297552\n|move|p2b: Kyogre|Water Spout|p1a: Calyrex|[spread] p1a,p1b\n|-enditem|p1a: Calyrex|Focus Sash\n|-damage|p1a: Calyrex|1/100\n|-damage|p1b: Miraidon|0 fnt\n|faint|p1b: Miraidon\n|move|p2a: Landorus|Earth Power|p1a: Calyrex\n|-damage|p1a: Calyrex|0 fnt\n|faint|p1a: Calyrex\n|\n|win|ScribbleScribble\n|raw|Dbzone9001's rating: 1484 &rarr; <strong>1473</strong><br />(-11 for losing)\n|raw|ScribbleScribble's rating: 1642 &rarr; <strong>1653</strong><br />(+11 for winning)\n|l|\u2606ScribbleScribble\n|player|p2|\n|l|\u2606Dbzone9001\n|player|p1|\n","uploadtime":1774297824,"views":14,"formatid":"gen9vgc2026regi","rating":1473,"private":0,"password":null}