{"id":"gen9vgc2026regi-2564505461","format":"[Gen 9] VGC 2026 Reg I","players":["4Test4","Dioxide8"],"log":"|j|\u26064Test4\n|j|\u2606Dioxide8\n|t:|1774154382\n|gametype|doubles\n|player|p1|4Test4|blue|1340\n|player|p2|Dioxide8|169|1261\n|gen|9\n|tier|[Gen 9] VGC 2026 Reg I\n|rated|\n|rule|Species Clause: Limit one of each Pok\u00e9mon\n|rule|Item Clause: Limit 1 of each item\n|clearpoke\n|poke|p1|Koraidon, L50|\n|poke|p1|Calyrex-Shadow, L50|\n|poke|p1|Incineroar, L50, M|\n|poke|p1|Brute Bonnet, L50|\n|poke|p1|Weezing-Galar, L50, F|\n|poke|p1|Talonflame, L50, F|\n|poke|p2|Miraidon, L50|\n|poke|p2|Lunala, L50|\n|poke|p2|Whimsicott, L50, F|\n|poke|p2|Urshifu-*, L50, F|\n|poke|p2|Incineroar, L50, M|\n|poke|p2|Ursaluna, L50, F|\n|teampreview|4\n|inactive|Battle timer is ON: inactive players will automatically lose when time's up. (requested by Dioxide8)\n|inactive|4Test4 has 60 seconds left.\n|inactive|Dioxide8 has 60 seconds left.\n|inactive|Dioxide8 has 30 seconds left.\n|\n|t:|1774154453\n|teamsize|p1|4\n|teamsize|p2|4\n|start\n|switch|p1a: Grau!|Koraidon, L50|100/100\n|switch|p1b: Fuma\u00e7a!|Weezing-Galar, L50, F|100/100\n|switch|p2a: Lunala|Lunala, L50|100/100\n|switch|p2b: Whimsicott|Whimsicott, L50, F|100/100\n|-ability|p1b: Fuma\u00e7a!|Neutralizing Gas\n|-block|p1a: Grau!|item: Ability Shield\n|-weather|SunnyDay|[from] ability: Orichalcum Pulse|[of] p1a: Grau!\n|-activate|p1a: Grau!|Orichalcum Pulse|[source]\n|turn|1\n|inactive|4Test4 has 30 seconds left.\n|inactive|Dioxide8 has 30 seconds left.\n|inactive|Dioxide8 has 20 seconds left.\n|\n|t:|1774154493\n|-terastallize|p1a: Grau!|Fire\n|-terastallize|p2b: Whimsicott|Water\n|move|p1a: Grau!|Flare Blitz|p2a: Lunala\n|-damage|p2a: Lunala|8/100\n|-damage|p1a: Grau!|60/100|[from] Recoil\n|move|p2b: Whimsicott|Moonblast|p1a: Grau!\n|-resisted|p1a: Grau!\n|-damage|p1a: Grau!|46/100\n|move|p1b: Fuma\u00e7a!|Poison Gas|p2a: Lunala|[spread] p2a,p2b\n|-status|p2a: Lunala|psn\n|-status|p2b: Whimsicott|psn\n|move|p2a: Lunala|Trick Room|p2a: Lunala\n|-fieldstart|move: Trick Room|[of] p2a: Lunala\n|\n|-weather|SunnyDay|[upkeep]\n|-damage|p2a: Lunala|0 fnt|[from] psn\n|faint|p2a: Lunala\n|-damage|p2b: Whimsicott|89/100 psn|[from] psn\n|upkeep\n|\n|t:|1774154515\n|switch|p2a: Incineroar|Incineroar, L50, M|100/100\n|turn|2\n|\n|t:|1774154530\n|move|p1a: Grau!|Protect|p1a: Grau!\n|-singleturn|p1a: Grau!|Protect\n|move|p1b: Fuma\u00e7a!|Destiny Bond|p1b: Fuma\u00e7a!\n|-singlemove|p1b: Fuma\u00e7a!|Destiny Bond\n|move|p2a: Incineroar|Flare Blitz|p1b: Fuma\u00e7a!\n|-damage|p1b: Fuma\u00e7a!|31/100\n|-damage|p2a: Incineroar|81/100|[from] Recoil\n|move|p2b: Whimsicott|Light Screen|p2b: Whimsicott\n|-sidestart|p2: Dioxide8|move: Light Screen\n|\n|-weather|SunnyDay|[upkeep]\n|-heal|p1b: Fuma\u00e7a!|37/100|[from] item: Leftovers\n|-damage|p2b: Whimsicott|77/100 psn|[from] psn\n|upkeep\n|turn|3\n|inactive|Dioxide8 has 30 seconds left.\n|inactive|4Test4 has 30 seconds left.\n|inactive|Dioxide8 has 20 seconds left.\n|\n|t:|1774154568\n|move|p1b: Fuma\u00e7a!|Protect|p1b: Fuma\u00e7a!\n|-singleturn|p1b: Fuma\u00e7a!|Protect\n|move|p2a: Incineroar|Flare Blitz|p1b: Fuma\u00e7a!\n|-activate|p1b: Fuma\u00e7a!|move: Protect\n|move|p2b: Whimsicott|Encore|p1a: Grau!\n|-start|p1a: Grau!|Encore\n|move|p1a: Grau!|Protect||[still]\n|-fail|p1a: Grau!\n|\n|-weather|SunnyDay|[upkeep]\n|-heal|p1b: Fuma\u00e7a!|42/100|[from] item: Leftovers\n|-damage|p2b: Whimsicott|65/100 psn|[from] psn\n|upkeep\n|turn|4\n|\n|t:|1774154589\n|switch|p1a: Gavi\u00e3o!|Talonflame, L50, F|100/100\n|move|p1b: Fuma\u00e7a!|Destiny Bond|p1b: Fuma\u00e7a!\n|-singlemove|p1b: Fuma\u00e7a!|Destiny Bond\n|move|p2a: Incineroar|Flare Blitz|p1b: Fuma\u00e7a!\n|-damage|p1b: Fuma\u00e7a!|0 fnt\n|faint|p1b: Fuma\u00e7a!\n|-activate|p1b: Fuma\u00e7a!|move: Destiny Bond\n|-end|p1b: Fuma\u00e7a!|ability: Neutralizing Gas\n|-ability|p2a: Incineroar|Intimidate|boost\n|-unboost|p1a: Gavi\u00e3o!|atk|1\n|faint|p2a: Incineroar\n|move|p2b: Whimsicott|Moonblast|p1a: Gavi\u00e3o!\n|-resisted|p1a: Gavi\u00e3o!\n|-crit|p1a: Gavi\u00e3o!\n|-damage|p1a: Gavi\u00e3o!|67/100\n|\n|-weather|SunnyDay|[upkeep]\n|-damage|p2b: Whimsicott|53/100 psn|[from] psn\n|upkeep\n|\n|t:|1774154613\n|switch|p1b: Grau!|Koraidon, L50, tera:Fire|46/100\n|switch|p2a: Miraidon|Miraidon, L50|100/100\n|-fieldstart|move: Electric Terrain|[from] ability: Hadron Engine|[of] p2a: Miraidon\n|-activate|p1b: Grau!|ability: Orichalcum Pulse\n|turn|5\n|inactive|4Test4 has 30 seconds left.\n|inactive|4Test4 has 20 seconds left.\n|inactive|4Test4 has 15 seconds left.\n|inactive|4Test4 has 10 seconds left.\n|\n|t:|1774154660\n|move|p2b: Whimsicott|Tailwind|p2b: Whimsicott\n|-sidestart|p2: Dioxide8|move: Tailwind\n|move|p1a: Gavi\u00e3o!|Dual Wingbeat|p2b: Whimsicott\n|-damage|p2b: Whimsicott|40/100 psn\n|-damage|p2b: Whimsicott|29/100 psn\n|-hitcount|p2b: Whimsicott|2\n|move|p1b: Grau!|Collision Course|p2a: Miraidon\n|-damage|p2a: Miraidon|33/100\n|move|p2a: Miraidon|Electro Drift|p1b: Grau!\n|-damage|p1b: Grau!|0 fnt\n|faint|p1b: Grau!\n|-damage|p2a: Miraidon|23/100|[from] item: Life Orb\n|\n|-weather|none\n|-damage|p2b: Whimsicott|17/100 psn|[from] psn\n|-fieldend|move: Trick Room\n|upkeep\n|\n|t:|1774154681\n|switch|p1b: Pocot\u00f3!|Calyrex-Shadow, L50|100/100\n|-ability|p1b: Pocot\u00f3!|As One\n|-ability|p1b: Pocot\u00f3!|Unnerve\n|turn|6\n|inactive|4Test4 has 30 seconds left.\n|inactive|Dioxide8 has 30 seconds left.\n|\n|t:|1774154713\n|move|p1b: Pocot\u00f3!|Protect|p1b: Pocot\u00f3!\n|-singleturn|p1b: Pocot\u00f3!|Protect\n|move|p2a: Miraidon|Electro Drift|p1b: Pocot\u00f3!\n|-activate|p1b: Pocot\u00f3!|move: Protect\n|move|p2b: Whimsicott|Moonblast|p1b: Pocot\u00f3!\n|-activate|p1b: Pocot\u00f3!|move: Protect\n|move|p1a: Gavi\u00e3o!|Dual Wingbeat|p2a: Miraidon\n|-resisted|p2a: Miraidon\n|-damage|p2a: Miraidon|18/100\n|-resisted|p2a: Miraidon\n|-damage|p2a: Miraidon|13/100\n|-hitcount|p2a: Miraidon|2\n|\n|-damage|p2b: Whimsicott|5/100 psn|[from] psn\n|-sideend|p2: Dioxide8|move: Light Screen\n|upkeep\n|turn|7\n|\n|t:|1774154737\n|move|p2a: Miraidon|Electro Drift|p1b: Pocot\u00f3!\n|-enditem|p1b: Pocot\u00f3!|Focus Sash\n|-damage|p1b: Pocot\u00f3!|1/100\n|-damage|p2a: Miraidon|3/100|[from] item: Life Orb\n|move|p2b: Whimsicott|Moonblast|p1b: Pocot\u00f3!\n|-damage|p1b: Pocot\u00f3!|0 fnt\n|faint|p1b: Pocot\u00f3!\n|move|p1a: Gavi\u00e3o!|Dual Wingbeat|p2a: Miraidon\n|-resisted|p2a: Miraidon\n|-damage|p2a: Miraidon|0 fnt\n|faint|p2a: Miraidon\n|-hitcount|p2: Miraidon|1\n|\n|-damage|p2b: Whimsicott|0 fnt|[from] psn\n|faint|p2b: Whimsicott\n|\n|win|4Test4\n|raw|4Test4's rating: 1340 &rarr; <strong>1356</strong><br />(+16 for winning)\n|raw|Dioxide8's rating: 1261 &rarr; <strong>1242</strong><br />(-19 for losing)\n|l|\u2606Dioxide8\n|player|p2|\n|c|\u26064Test4|Gg\n|l|\u26064Test4\n|player|p1|\n","uploadtime":1774154945,"views":10,"formatid":"gen9vgc2026regi","rating":1242,"private":0,"password":null}