{"id":"gen9vgc2026regi-2564307842","format":"[Gen 9] VGC 2026 Reg I","players":["fudii","conniecut"],"log":"|j|\u2606fudii\n|j|\u2606conniecut\n|t:|1774130911\n|gametype|doubles\n|player|p1|fudii|sabrina|1154\n|player|p2|conniecut|lady|1199\n|gen|9\n|tier|[Gen 9] VGC 2026 Reg I\n|rated|\n|rule|Species Clause: Limit one of each Pok\u00e9mon\n|rule|Item Clause: Limit 1 of each item\n|clearpoke\n|poke|p1|Koraidon, L50|\n|poke|p1|Calyrex-Shadow, L50|\n|poke|p1|Flutter Mane, L50|\n|poke|p1|Incineroar, L50, F|\n|poke|p1|Clefairy, L50, F|\n|poke|p1|Rillaboom, L50, F|\n|poke|p2|Calyrex-Ice, L50|\n|poke|p2|Sentret, L50, M|\n|poke|p2|Ho-Oh, L50|\n|poke|p2|Ursaluna-Bloodmoon, L50, M|\n|poke|p2|Amoonguss, L50, F|\n|poke|p2|Urshifu-*, L50, F|\n|teampreview|4\n|\n|t:|1774130945\n|teamsize|p1|4\n|teamsize|p2|4\n|start\n|switch|p1a: Koraidon|Koraidon, L50|100/100\n|switch|p1b: Incineroar|Incineroar, L50, F|100/100\n|switch|p2a: Calyrex|Calyrex-Ice, L50|100/100\n|switch|p2b: Sentret|Sentret, L50, M|100/100\n|-ability|p2a: Calyrex|As One\n|-ability|p2a: Calyrex|Unnerve\n|-weather|SunnyDay|[from] ability: Orichalcum Pulse|[of] p1a: Koraidon\n|-activate|p1a: Koraidon|Orichalcum Pulse|[source]\n|-ability|p1b: Incineroar|Intimidate|boost\n|-unboost|p2a: Calyrex|atk|1\n|-unboost|p2b: Sentret|atk|1\n|-item|p1a: Koraidon|Clear Amulet|[from] ability: Frisk|[of] p2b: Sentret\n|-item|p1b: Incineroar|Safety Goggles|[from] ability: Frisk|[of] p2b: Sentret\n|turn|1\n|inactive|Battle timer is ON: inactive players will automatically lose when time's up. (requested by conniecut)\n|\n|t:|1774131014\n|-terastallize|p1a: Koraidon|Fire\n|move|p2a: Calyrex|Protect|p2a: Calyrex\n|-singleturn|p2a: Calyrex|Protect\n|move|p1a: Koraidon|Flame Charge|p2b: Sentret\n|-enditem|p2b: Sentret|Focus Sash\n|-damage|p2b: Sentret|1/100\n|-boost|p1a: Koraidon|spe|1\n|move|p1b: Incineroar|U-turn|p2b: Sentret\n|-damage|p2b: Sentret|0 fnt\n|faint|p2b: Sentret\n|\n|t:|1774131026\n|switch|p1b: Calyrex|Calyrex-Shadow, L50|100/100|[from] U-turn\n|-ability|p1b: Calyrex|As One\n|-ability|p1b: Calyrex|Unnerve\n|\n|-weather|SunnyDay|[upkeep]\n|upkeep\n|\n|t:|1774131035\n|switch|p2b: Urshifu|Urshifu, L50, F|100/100\n|turn|2\n|\n|t:|1774131049\n|-terastallize|p2a: Calyrex|Fire\n|move|p2b: Urshifu|Sucker Punch|p1b: Calyrex\n|-supereffective|p1b: Calyrex\n|-damage|p1b: Calyrex|0 fnt\n|faint|p1b: Calyrex\n|move|p1a: Koraidon|Low Kick|p2a: Calyrex\n|-damage|p2a: Calyrex|46/100\n|move|p2a: Calyrex|Trick Room|p2a: Calyrex\n|-fieldstart|move: Trick Room|[of] p2a: Calyrex\n|\n|-weather|SunnyDay|[upkeep]\n|upkeep\n|\n|t:|1774131064\n|switch|p1b: Clefairy|Clefairy, L50, F|100/100\n|turn|3\n|\n|t:|1774131093\n|move|p2a: Calyrex|Protect|p2a: Calyrex\n|-singleturn|p2a: Calyrex|Protect\n|move|p2b: Urshifu|Sucker Punch|p1a: Koraidon\n|-damage|p1a: Koraidon|65/100\n|move|p1b: Clefairy|Encore|p2a: Calyrex\n|-activate|p2a: Calyrex|move: Protect\n|move|p1a: Koraidon|Low Kick|p2b: Urshifu\n|-supereffective|p2b: Urshifu\n|-damage|p2b: Urshifu|0 fnt\n|faint|p2b: Urshifu\n|\n|-weather|SunnyDay|[upkeep]\n|upkeep\n|\n|t:|1774131101\n|switch|p2b: Ursaluna|Ursaluna-Bloodmoon, L50, M|100/100\n|turn|4\n|\n|t:|1774131107\n|move|p1a: Koraidon|Protect|p1a: Koraidon\n|-singleturn|p1a: Koraidon|Protect\n|move|p1b: Clefairy|Encore|p2a: Calyrex\n|-start|p2a: Calyrex|Encore\n|move|p2b: Ursaluna|Hyper Voice|p1b: Clefairy|[spread] p1b\n|-activate|p1a: Koraidon|move: Protect\n|-damage|p1b: Clefairy|66/100\n|move|p2a: Calyrex|Protect||[still]\n|-fail|p2a: Calyrex\n|\n|-weather|SunnyDay|[upkeep]\n|upkeep\n|turn|5\n|\n|t:|1774131122\n|move|p2a: Calyrex|Protect|p2a: Calyrex\n|-singleturn|p2a: Calyrex|Protect\n|move|p1b: Clefairy|Follow Me|p1b: Clefairy\n|-singleturn|p1b: Clefairy|move: Follow Me\n|move|p2b: Ursaluna|Blood Moon|p1b: Clefairy\n|-damage|p1b: Clefairy|0 fnt\n|faint|p1b: Clefairy\n|move|p1a: Koraidon|Low Kick|p2a: Calyrex\n|-activate|p2a: Calyrex|move: Protect\n|\n|-weather|none\n|upkeep\n|\n|t:|1774131133\n|switch|p1b: Incineroar|Incineroar, L50, F|100/100\n|-ability|p1b: Incineroar|Intimidate|boost\n|-unboost|p2a: Calyrex|atk|1\n|-unboost|p2b: Ursaluna|atk|1\n|turn|6\n|\n|t:|1774131155\n|move|p2a: Calyrex|Protect||[still]\n|-fail|p2a: Calyrex\n|move|p1b: Incineroar|Fake Out|p2b: Ursaluna\n|-damage|p2b: Ursaluna|92/100\n|cant|p2b: Ursaluna|flinch\n|move|p1a: Koraidon|Low Kick|p2a: Calyrex\n|-damage|p2a: Calyrex|6/100\n|\n|-end|p2a: Calyrex|Encore\n|-fieldend|move: Trick Room\n|upkeep\n|turn|7\n|\n|t:|1774131177\n|move|p1a: Koraidon|Low Kick|p2b: Ursaluna\n|-supereffective|p2b: Ursaluna\n|-damage|p2b: Ursaluna|0 fnt\n|faint|p2b: Ursaluna\n|move|p1b: Incineroar|U-turn|p2a: Calyrex\n|-resisted|p2a: Calyrex\n|-damage|p2a: Calyrex|0 fnt\n|faint|p2a: Calyrex\n|\n|win|fudii\n|raw|fudii's rating: 1154 &rarr; <strong>1182</strong><br />(+28 for winning)\n|raw|conniecut's rating: 1199 &rarr; <strong>1171</strong><br />(-28 for losing)\n|l|\u2606conniecut\n|player|p2|\n|l|\u2606fudii\n|player|p1|\n","uploadtime":1774131331,"views":14,"formatid":"gen9vgc2026regi","rating":1171,"private":0,"password":null}