{"id":"gen9vgc2026regi-2588945597","format":"[Gen 9] VGC 2026 Reg I","players":["tomrider","SycrasisEU"],"log":"|j|\u2606tomrider\n|j|\u2606SycrasisEU\n|t:|1776688361\n|gametype|doubles\n|player|p1|tomrider|lance|1321\n|player|p2|SycrasisEU|byron|1340\n|gen|9\n|tier|[Gen 9] VGC 2026 Reg I\n|rated|\n|rule|Species Clause: Limit one of each Pok\u00e9mon\n|rule|Item Clause: Limit 1 of each item\n|clearpoke\n|poke|p1|Azumarill, L50, M|\n|poke|p1|Sinistcha, L50|\n|poke|p1|Incineroar, L50, F|\n|poke|p1|Calyrex-Shadow, L50|\n|poke|p1|Sneasler, L50, F|\n|poke|p1|Urshifu-*, L50, F|\n|poke|p2|Koraidon, L50|\n|poke|p2|Chien-Pao, L50|\n|poke|p2|Amoonguss, L50, F|\n|poke|p2|Incineroar, L50, F|\n|poke|p2|Walking Wake, L50|\n|poke|p2|Lunala, L50|\n|teampreview|4\n|inactive|Battle timer is ON: inactive players will automatically lose when time's up. (requested by tomrider)\nSycrasisEU has agreed to open team sheets.\n|\n|t:|1776688397\n|teamsize|p1|4\n|teamsize|p2|4\n|start\n|switch|p1a: maldito huevo|Azumarill, L50, M, shiny|100/100\n|switch|p1b: tigre to\u00f1o|Incineroar, L50, F|100/100\n|switch|p2a: Lunala|Lunala, L50|100/100\n|switch|p2b: Incineroar|Incineroar, L50, F, shiny|100/100\n|-ability|p2b: Incineroar|Intimidate|boost\n|-unboost|p1a: maldito huevo|atk|1\n|-unboost|p1b: tigre to\u00f1o|atk|1\n|-ability|p1b: tigre to\u00f1o|Intimidate|boost\n|-unboost|p2a: Lunala|atk|1\n|-unboost|p2b: Incineroar|atk|1\n|turn|1\n|\n|t:|1776688415\n|move|p1b: tigre to\u00f1o|Fake Out|p2b: Incineroar\n|-damage|p2b: Incineroar|94/100\n|cant|p2b: Incineroar|flinch\n|move|p2a: Lunala|Meteor Beam||[still]\n|-prepare|p2a: Lunala|Meteor Beam\n|-boost|p2a: Lunala|spa|1\n|-enditem|p2a: Lunala|Power Herb\n|-anim|p2a: Lunala|Meteor Beam|p1b: tigre to\u00f1o\n|-supereffective|p1b: tigre to\u00f1o\n|-damage|p1b: tigre to\u00f1o|0 fnt\n|faint|p1b: tigre to\u00f1o\n|move|p1a: maldito huevo|Belly Drum|p1a: maldito huevo\n|-damage|p1a: maldito huevo|51/100\n|-setboost|p1a: maldito huevo|atk|6|[from] move: Belly Drum\n|\n|upkeep\n|\n|t:|1776688430\n|switch|p1b: matecocido|Sinistcha, L50|100/100\n|-heal|p1a: maldito huevo|75/100|[from] ability: Hospitality|[of] p1b: matecocido\n|turn|2\n|\n|t:|1776688444\n|switch|p2b: Walking Wake|Walking Wake, L50|100/100\n|move|p1b: matecocido|Rage Powder|p1b: matecocido\n|-singleturn|p1b: matecocido|move: Rage Powder\n|move|p2a: Lunala|Moongeist Beam|p1b: matecocido\n|-supereffective|p1b: matecocido\n|-damage|p1b: matecocido|0 fnt\n|faint|p1b: matecocido\n|move|p1a: maldito huevo|Play Rough|p2a: Lunala\n|-damage|p2a: Lunala|0 fnt\n|faint|p2a: Lunala\n|\n|upkeep\n|\n|t:|1776688457\n|switch|p2a: Incineroar|Incineroar, L50, F, shiny|94/100\n|switch|p1b: kun fu panda|Urshifu, L50, F|100/100\n|-ability|p2a: Incineroar|Intimidate|boost\n|-unboost|p1a: maldito huevo|atk|1\n|-unboost|p1b: kun fu panda|atk|1\n|turn|3\n|inactive|SycrasisEU has 30 seconds left.\n|\n|t:|1776688488\n|move|p2a: Incineroar|Fake Out|p1a: maldito huevo\n|-damage|p1a: maldito huevo|63/100\n|move|p1b: kun fu panda|Close Combat|p2a: Incineroar\n|-supereffective|p2a: Incineroar\n|-damage|p2a: Incineroar|19/100\n|-unboost|p1b: kun fu panda|def|1\n|-unboost|p1b: kun fu panda|spd|1\n|move|p2b: Walking Wake|Hydro Steam|p1b: kun fu panda\n|-damage|p1b: kun fu panda|10/100\n|cant|p1a: maldito huevo|flinch\n|\n|upkeep\n|turn|4\n|inactive|SycrasisEU has 30 seconds left.\n|\n|t:|1776688517\n|-terastallize|p2b: Walking Wake|Fire\n|move|p1b: kun fu panda|Close Combat|p2a: Incineroar\n|-supereffective|p2a: Incineroar\n|-damage|p2a: Incineroar|0 fnt\n|-unboost|p1b: kun fu panda|def|1\n|-unboost|p1b: kun fu panda|spd|1\n|faint|p2a: Incineroar\n|move|p2b: Walking Wake|Hydro Steam|p1b: kun fu panda\n|-damage|p1b: kun fu panda|0 fnt\n|faint|p1b: kun fu panda\n|move|p1a: maldito huevo|Play Rough|p2b: Walking Wake\n|-resisted|p2b: Walking Wake\n|-damage|p2b: Walking Wake|0 fnt\n|faint|p2b: Walking Wake\n|-end|p2b: Walking Wake|Protosynthesis|[silent]\n|\n|upkeep\n|c|\u2606SycrasisEU|damn\n|c|\u2606SycrasisEU|okay\n|\n|t:|1776688533\n|switch|p2b: Koraidon|Koraidon, L50, shiny|100/100\n|-weather|SunnyDay|[from] ability: Orichalcum Pulse|[of] p2b: Koraidon\n|-activate|p2b: Koraidon|Orichalcum Pulse|[source]\n|turn|5\n|\n|t:|1776688548\n|-terastallize|p1a: maldito huevo|Water\n|move|p2b: Koraidon|Protect|p2b: Koraidon\n|-singleturn|p2b: Koraidon|Protect\n|move|p1a: maldito huevo|Aqua Jet|p2b: Koraidon\n|-activate|p2b: Koraidon|move: Protect\n|\n|-weather|SunnyDay|[upkeep]\n|upkeep\n|turn|6\n|\n|t:|1776688559\n|move|p1a: maldito huevo|Protect|p1a: maldito huevo\n|-singleturn|p1a: maldito huevo|Protect\n|move|p2b: Koraidon|Collision Course|p1a: maldito huevo\n|-activate|p1a: maldito huevo|move: Protect\n|\n|-weather|SunnyDay|[upkeep]\n|upkeep\n|turn|7\n|\n|t:|1776688571\n|move|p1a: maldito huevo|Aqua Jet|p2b: Koraidon\n|-resisted|p2b: Koraidon\n|-damage|p2b: Koraidon|75/100\n|move|p2b: Koraidon|Collision Course|p1a: maldito huevo\n|-damage|p1a: maldito huevo|0 fnt\n|faint|p1a: maldito huevo\n|\n|win|SycrasisEU\n|raw|tomrider's rating: 1321 &rarr; <strong>1302</strong><br />(-19 for losing)\n|raw|SycrasisEU's rating: 1340 &rarr; <strong>1359</strong><br />(+19 for winning)\n|l|\u2606SycrasisEU\n|player|p2|\n|l|\u2606tomrider\n|player|p1|\n","uploadtime":1776688744,"views":12,"formatid":"gen9vgc2026regi","rating":1302,"private":0,"password":null}