{"id":"gen9vgc2026regi-2544176244","format":"[Gen 9] VGC 2026 Reg I","players":["fogdocker","crabominable 740"],"log":"|j|\u2606fogdocker\n|j|\u2606crabominable 740\n|t:|1771672376\n|gametype|doubles\n|player|p1|fogdocker|101|1365\n|player|p2|crabominable 740|hiker-gen4|1341\n|gen|9\n|tier|[Gen 9] VGC 2026 Reg I\n|rated|\n|rule|Species Clause: Limit one of each Pok\u00e9mon\n|rule|Item Clause: Limit 1 of each item\n|clearpoke\n|poke|p1|Calyrex-Ice, L50|\n|poke|p1|Koraidon, L50|\n|poke|p1|Flutter Mane, L50|\n|poke|p1|Incineroar, L50, F|\n|poke|p1|Rillaboom, L50, M|\n|poke|p1|Volcarona, L50, M|\n|poke|p2|Calyrex-Ice, L50|\n|poke|p2|Ursaluna-Bloodmoon, L50, M|\n|poke|p2|Primarina, L50, M|\n|poke|p2|Grimmsnarl, L50, M|\n|poke|p2|Farigiraf, L50, M|\n|poke|p2|Koraidon, L50|\n|teampreview|4\n|inactive|Battle timer is ON: inactive players will automatically lose when time's up. (requested by crabominable 740)\n|inactive|fogdocker has 60 seconds left.\n|\n|t:|1771672456\n|teamsize|p1|4\n|teamsize|p2|4\n|start\n|switch|p1a: Calyrex|Calyrex-Ice, L50|100/100\n|switch|p1b: Koraidon|Koraidon, L50|100/100\n|switch|p2a: \uc218\ub839\ub2d8|Calyrex-Ice, L50|100/100\n|switch|p2b: \uc624\uac10\uc790|Grimmsnarl, L50, M|100/100\n|-ability|p2a: \uc218\ub839\ub2d8|As One\n|-ability|p2a: \uc218\ub839\ub2d8|Unnerve\n|-ability|p1a: Calyrex|As One\n|-ability|p1a: Calyrex|Unnerve\n|-weather|SunnyDay|[from] ability: Orichalcum Pulse|[of] p1b: Koraidon\n|-activate|p1b: Koraidon|Orichalcum Pulse|[source]\n|turn|1\n|inactive|crabominable 740 has 30 seconds left.\n|\n|t:|1771672483\n|switch|p1b: Incineroar|Incineroar, L50, F|100/100\n|-ability|p1b: Incineroar|Intimidate|boost\n|-fail|p2a: \uc218\ub839\ub2d8|unboost|[from] item: Clear Amulet|[of] p2a: \uc218\ub839\ub2d8\n|-unboost|p2b: \uc624\uac10\uc790|atk|1\n|move|p2b: \uc624\uac10\uc790|Fake Out|p1b: Incineroar\n|-damage|p1b: Incineroar|96/100\n|move|p1a: Calyrex|Leech Seed|p2b: \uc624\uac10\uc790\n|-start|p2b: \uc624\uac10\uc790|move: Leech Seed\n|move|p2a: \uc218\ub839\ub2d8|Trick Room|p2a: \uc218\ub839\ub2d8\n|-fieldstart|move: Trick Room|[of] p2a: \uc218\ub839\ub2d8\n|\n|-weather|SunnyDay|[upkeep]\n|-damage|p2b: \uc624\uac10\uc790|88/100|[from] Leech Seed|[of] p1a: Calyrex\n|upkeep\n|turn|2\n|\n|t:|1771672496\n|move|p2a: \uc218\ub839\ub2d8|Protect|p2a: \uc218\ub839\ub2d8\n|-singleturn|p2a: \uc218\ub839\ub2d8|Protect\n|move|p1b: Incineroar|Fake Out|p2a: \uc218\ub839\ub2d8\n|-activate|p2a: \uc218\ub839\ub2d8|move: Protect\n|move|p1a: Calyrex|Glacial Lance|p2a: \uc218\ub839\ub2d8|[spread] p2b\n|-activate|p2a: \uc218\ub839\ub2d8|move: Protect\n|-damage|p2b: \uc624\uac10\uc790|46/100\n|move|p2b: \uc624\uac10\uc790|Foul Play|p1a: Calyrex\n|-supereffective|p1a: Calyrex\n|-damage|p1a: Calyrex|45/100\n|\n|-weather|SunnyDay|[upkeep]\n|-heal|p1a: Calyrex|51/100|[from] item: Leftovers\n|-damage|p2b: \uc624\uac10\uc790|34/100|[from] Leech Seed|[of] p1a: Calyrex\n|-heal|p1a: Calyrex|63/100|[silent]\n|upkeep\n|turn|3\n|\n|t:|1771672513\n|move|p2b: \uc624\uac10\uc790|Misty Terrain|p2b: \uc624\uac10\uc790\n|-fieldstart|move: Misty Terrain\n|move|p2a: \uc218\ub839\ub2d8|Throat Chop|p1a: Calyrex\n|-supereffective|p1a: Calyrex\n|-crit|p1a: Calyrex\n|-damage|p1a: Calyrex|9/100\n|-start|p1a: Calyrex|Throat Chop|[silent]\n|move|p1a: Calyrex|Glacial Lance|p2b: \uc624\uac10\uc790|[spread] p2a,p2b\n|-resisted|p2a: \uc218\ub839\ub2d8\n|-damage|p2a: \uc218\ub839\ub2d8|86/100\n|-damage|p2b: \uc624\uac10\uc790|0 fnt\n|faint|p2b: \uc624\uac10\uc790\n|-ability|p1a: Calyrex|Chilling Neigh|boost\n|-boost|p1a: Calyrex|atk|1\n|move|p1b: Incineroar|Knock Off|p2a: \uc218\ub839\ub2d8\n|-supereffective|p2a: \uc218\ub839\ub2d8\n|-crit|p2a: \uc218\ub839\ub2d8\n|-damage|p2a: \uc218\ub839\ub2d8|22/100\n|-enditem|p2a: \uc218\ub839\ub2d8|Clear Amulet|[from] move: Knock Off|[of] p1b: Incineroar\n|\n|-weather|SunnyDay|[upkeep]\n|-heal|p1a: Calyrex|15/100|[from] item: Leftovers\n|upkeep\n|\n|t:|1771672519\n|switch|p2b: \uc6b0\ub8e8\ub098|Ursaluna-Bloodmoon, L50, M|100/100\n|turn|4\n|\n|t:|1771672530\n|move|p1a: Calyrex|Protect|p1a: Calyrex\n|-singleturn|p1a: Calyrex|Protect\n|move|p2a: \uc218\ub839\ub2d8|Glacial Lance|p1a: Calyrex|[spread] p1b\n|-activate|p1a: Calyrex|move: Protect\n|-resisted|p1b: Incineroar\n|-damage|p1b: Incineroar|73/100\n|move|p2b: \uc6b0\ub8e8\ub098|Blood Moon|p1b: Incineroar\n|-damage|p1b: Incineroar|0 fnt\n|faint|p1b: Incineroar\n|-damage|p2b: \uc6b0\ub8e8\ub098|91/100|[from] item: Life Orb\n|\n|-weather|SunnyDay|[upkeep]\n|-heal|p1a: Calyrex|21/100|[from] item: Leftovers\n|-end|p1a: Calyrex|Throat Chop|[silent]\n|upkeep\n|\n|t:|1771672543\n|switch|p1b: Rillaboom|Rillaboom, L50, M|100/100\n|-fieldstart|move: Grassy Terrain|[from] ability: Grassy Surge|[of] p1b: Rillaboom\n|turn|5\n|\n|t:|1771672550\n|move|p1b: Rillaboom|Fake Out|p2a: \uc218\ub839\ub2d8\n|-damage|p2a: \uc218\ub839\ub2d8|14/100\n|move|p1a: Calyrex|Glacial Lance|p2a: \uc218\ub839\ub2d8|[spread] p2a,p2b\n|-resisted|p2a: \uc218\ub839\ub2d8\n|-supereffective|p2b: \uc6b0\ub8e8\ub098\n|-damage|p2a: \uc218\ub839\ub2d8|0 fnt\n|-damage|p2b: \uc6b0\ub8e8\ub098|0 fnt\n|faint|p2a: \uc218\ub839\ub2d8\n|faint|p2b: \uc6b0\ub8e8\ub098\n|-ability|p1a: Calyrex|Chilling Neigh|boost\n|-boost|p1a: Calyrex|atk|2\n|\n|-weather|none\n|-heal|p1a: Calyrex|27/100|[from] Grassy Terrain\n|-heal|p1a: Calyrex|32/100|[from] item: Leftovers\n|-fieldend|move: Trick Room\n|upkeep\n|\n|t:|1771672556\n|switch|p2a: \ud06c\ub77c\uc789\ub3c8|Koraidon, L50|100/100\n|-weather|SunnyDay|[from] ability: Orichalcum Pulse|[of] p2a: \ud06c\ub77c\uc789\ub3c8\n|-activate|p2a: \ud06c\ub77c\uc789\ub3c8|Orichalcum Pulse|[source]\n|turn|6\n|inactive|crabominable 740 has 30 seconds left.\n|inactive|crabominable 740 has 20 seconds left.\n|\n|t:|1771672595\n|move|p1a: Calyrex|Protect|p1a: Calyrex\n|-singleturn|p1a: Calyrex|Protect\n|move|p2a: \ud06c\ub77c\uc789\ub3c8|Wild Charge|p1a: Calyrex\n|-activate|p1a: Calyrex|move: Protect\n|move|p1b: Rillaboom|U-turn|p2a: \ud06c\ub77c\uc789\ub3c8\n|-resisted|p2a: \ud06c\ub77c\uc789\ub3c8\n|-damage|p2a: \ud06c\ub77c\uc789\ub3c8|91/100\n|\n|t:|1771672603\n|switch|p1b: Koraidon|Koraidon, L50|100/100|[from] U-turn\n|-activate|p1b: Koraidon|ability: Orichalcum Pulse\n|\n|-weather|SunnyDay|[upkeep]\n|-heal|p2a: \ud06c\ub77c\uc789\ub3c8|97/100|[from] Grassy Terrain\n|-heal|p1a: Calyrex|38/100|[from] Grassy Terrain\n|-heal|p1a: Calyrex|44/100|[from] item: Leftovers\n|upkeep\n|turn|7\n|\n|t:|1771672610\n|-terastallize|p2a: \ud06c\ub77c\uc789\ub3c8|Fire\n|-terastallize|p1a: Calyrex|Water\n|move|p1b: Koraidon|Close Combat|p2a: \ud06c\ub77c\uc789\ub3c8\n|-damage|p2a: \ud06c\ub77c\uc789\ub3c8|13/100\n|-unboost|p1b: Koraidon|def|1\n|-unboost|p1b: Koraidon|spd|1\n|-damage|p1b: Koraidon|91/100|[from] item: Life Orb\n|move|p2a: \ud06c\ub77c\uc789\ub3c8|Flare Blitz|p1a: Calyrex\n|-resisted|p1a: Calyrex\n|-damage|p1a: Calyrex|10/100\n|-damage|p2a: \ud06c\ub77c\uc789\ub3c8|1/100|[from] Recoil\n|move|p1a: Calyrex|Glacial Lance|p2a: \ud06c\ub77c\uc789\ub3c8\n|-resisted|p2a: \ud06c\ub77c\uc789\ub3c8\n|-damage|p2a: \ud06c\ub77c\uc789\ub3c8|0 fnt\n|faint|p2a: \ud06c\ub77c\uc789\ub3c8\n|\n|win|fogdocker\n|raw|fogdocker's rating: 1365 &rarr; <strong>1384</strong><br />(+19 for winning)\n|raw|crabominable 740's rating: 1341 &rarr; <strong>1322</strong><br />(-19 for losing)\n|l|\u2606crabominable 740\n|player|p2|\n|l|\u2606fogdocker\n|player|p1|\n","uploadtime":1771672809,"views":14,"formatid":"gen9vgc2026regi","rating":1322,"private":0,"password":null}