{"id":"gen9vgc2026regi-2547737457","format":"[Gen 9] VGC 2026 Reg I","players":["epicpokegamer123","jepeg"],"log":"|j|\u2606epicpokegamer123\n|j|\u2606jepeg\n|t:|1772127263\n|gametype|doubles\n|player|p1|epicpokegamer123|265|1257\n|player|p2|jepeg|beauty-gen4dp|1370\n|gen|9\n|tier|[Gen 9] VGC 2026 Reg I\n|rated|\n|rule|Species Clause: Limit one of each Pok\u00e9mon\n|rule|Item Clause: Limit 1 of each item\n|clearpoke\n|poke|p1|Torterra, L50, F|\n|poke|p1|Zamazenta-*, L50|\n|poke|p1|Ting-Lu, L50|\n|poke|p1|Entei, L50|\n|poke|p1|Tyranitar, L50, M|\n|poke|p1|Giratina, L50|\n|poke|p2|Calyrex-Ice, L50|\n|poke|p2|Annihilape, L50, F|\n|poke|p2|Oranguru, L50, F|\n|poke|p2|Miraidon, L50|\n|poke|p2|Ogerpon-Hearthflame, L50, F|\n|poke|p2|Bruxish, L50, F|\n|teampreview|4\n|inactive|Battle timer is ON: inactive players will automatically lose when time's up. (requested by epicpokegamer123)\n|inactive|epicpokegamer123 has 60 seconds left.\n|\n|t:|1772127310\n|teamsize|p1|4\n|teamsize|p2|4\n|start\n|switch|p1a: Ting-Lu|Ting-Lu, L50|100/100\n|switch|p1b: Tyranitar|Tyranitar, L50, M|100/100\n|switch|p2a: Miraidon|Miraidon, L50|100/100\n|switch|p2b: Oranguru|Oranguru, L50, F, shiny|100/100\n|-fieldstart|move: Electric Terrain|[from] ability: Hadron Engine|[of] p2a: Miraidon\n|-weather|Sandstorm|[from] ability: Sand Stream|[of] p1b: Tyranitar\n|-ability|p1a: Ting-Lu|Vessel of Ruin\n|turn|1\n|\n|t:|1772127328\n|-terastallize|p2a: Miraidon|Fairy\n|move|p1b: Tyranitar|Protect|p1b: Tyranitar\n|-singleturn|p1b: Tyranitar|Protect\n|move|p2a: Miraidon|Dazzling Gleam|p1a: Ting-Lu|[spread] p1a\n|-activate|p1b: Tyranitar|move: Protect\n|-supereffective|p1a: Ting-Lu\n|-damage|p1a: Ting-Lu|30/100\n|move|p1a: Ting-Lu|Sand Tomb|p2a: Miraidon\n|-damage|p2a: Miraidon|87/100\n|-activate|p2a: Miraidon|move: Sand Tomb|[of] p1a: Ting-Lu\n|move|p2b: Oranguru|Trick Room|p2b: Oranguru\n|-fieldstart|move: Trick Room|[of] p2b: Oranguru\n|\n|-weather|Sandstorm|[upkeep]\n|-damage|p2b: Oranguru|94/100|[from] Sandstorm\n|-damage|p2a: Miraidon|81/100|[from] Sandstorm\n|-damage|p2a: Miraidon|69/100|[from] move: Sand Tomb|[partiallytrapped]\n|upkeep\n|turn|2\n|\n|t:|1772127351\n|move|p1a: Ting-Lu|Ruination|p2a: Miraidon\n|-damage|p2a: Miraidon|35/100\n|move|p2b: Oranguru|Instruct|p2a: Miraidon\n|-singleturn|p2a: Miraidon|move: Instruct|[of] p2b: Oranguru\n|move|p2a: Miraidon|Dazzling Gleam|p1a: Ting-Lu|[spread] p1a,p1b\n|-supereffective|p1a: Ting-Lu\n|-supereffective|p1b: Tyranitar\n|-damage|p1a: Ting-Lu|0 fnt\n|-damage|p1b: Tyranitar|34/100\n|-enditem|p1b: Tyranitar|Weakness Policy\n|-boost|p1b: Tyranitar|atk|2|[from] item: Weakness Policy\n|-boost|p1b: Tyranitar|spa|2|[from] item: Weakness Policy\n|faint|p1a: Ting-Lu\n|move|p1b: Tyranitar|Rock Slide|p2b: Oranguru|[spread] p2a,p2b\n|-damage|p2a: Miraidon|0 fnt\n|-damage|p2b: Oranguru|48/100\n|faint|p2a: Miraidon\n|\n|-weather|Sandstorm|[upkeep]\n|-damage|p2b: Oranguru|41/100|[from] Sandstorm\n|upkeep\n|\n|t:|1772127371\n|switch|p1a: Torterra|Torterra, L50, F|100/100\n|switch|p2a: Calyrex|Calyrex-Ice, L50|100/100\n|-ability|p2a: Calyrex|As One\n|-ability|p2a: Calyrex|Unnerve\n|turn|3\n|\n|t:|1772127384\n|move|p1a: Torterra|Wide Guard|p1a: Torterra\n|-singleturn|p1a: Torterra|Wide Guard\n|move|p2a: Calyrex|Glacial Lance|p1a: Torterra|[spread] \n|-activate|p1a: Torterra|move: Wide Guard\n|-activate|p1b: Tyranitar|move: Wide Guard\n|move|p2b: Oranguru|Instruct|p2a: Calyrex\n|-singleturn|p2a: Calyrex|move: Instruct|[of] p2b: Oranguru\n|move|p2a: Calyrex|Glacial Lance|p1b: Tyranitar|[spread] \n|-activate|p1a: Torterra|move: Wide Guard\n|-activate|p1b: Tyranitar|move: Wide Guard\n|move|p1b: Tyranitar|Knock Off|p2a: Calyrex\n|-supereffective|p2a: Calyrex\n|-damage|p2a: Calyrex|0 fnt\n|-enditem|p2a: Calyrex|Clear Amulet|[from] move: Knock Off|[of] p1b: Tyranitar\n|faint|p2a: Calyrex\n|\n|-weather|Sandstorm|[upkeep]\n|-damage|p2b: Oranguru|35/100|[from] Sandstorm\n|upkeep\n|\n|t:|1772127387\n|switch|p2a: Annihilape|Annihilape, L50, F|100/100\n|turn|4\n|\n|t:|1772127412\n|move|p2b: Oranguru|Encore|p1a: Torterra\n|-start|p1a: Torterra|Encore\n|move|p1a: Torterra|Wide Guard|p1a: Torterra\n|-singleturn|p1a: Torterra|Wide Guard\n|move|p1b: Tyranitar|Rock Slide|p2a: Annihilape|[spread] p2a,p2b\n|-resisted|p2a: Annihilape\n|-damage|p2a: Annihilape|66/100\n|-damage|p2b: Oranguru|0 fnt\n|faint|p2b: Oranguru\n|move|p2a: Annihilape|Close Combat|p1b: Tyranitar\n|-supereffective|p1b: Tyranitar\n|-damage|p1b: Tyranitar|0 fnt\n|-unboost|p2a: Annihilape|def|1\n|-unboost|p2a: Annihilape|spd|1\n|faint|p1b: Tyranitar\n|\n|-weather|Sandstorm|[upkeep]\n|-damage|p2a: Annihilape|60/100|[from] Sandstorm\n|upkeep\n|\n|t:|1772127429\n|switch|p1b: Giratina|Giratina, L50|100/100\n|turn|5\n|l|\u2606jepeg\n|inactive|jepeg disconnected and has a minute to reconnect!\n|player|p2|\n|inactive|jepeg has 30 seconds left.\n|inactive|jepeg has 20 seconds left.\n|inactive|jepeg has 15 seconds left.\n|inactive|jepeg has 10 seconds left.\n|inactive|jepeg has 5 seconds left.\n|-message|jepeg lost due to inactivity.\n|\n|win|epicpokegamer123\n|raw|epicpokegamer123's rating: 1257 &rarr; <strong>1290</strong><br />(+33 for winning)\n|raw|jepeg's rating: 1370 &rarr; <strong>1344</strong><br />(-26 for losing)\n|l|\u2606epicpokegamer123\n|player|p1|\n","uploadtime":1772127743,"views":19,"formatid":"gen9vgc2026regi","rating":1290,"private":0,"password":null}