{"id":"gen9vgc2026regi-2548124692","format":"[Gen 9] VGC 2026 Reg I","players":["blackred123","no89"],"log":"|j|\u2606blackred123\n|j|\u2606no89\n|t:|1772172603\n|gametype|doubles\n|player|p1|blackred123|iono-masters|1466\n|player|p2|no89|pokemonbreeder-gen4|1475\n|gen|9\n|tier|[Gen 9] VGC 2026 Reg I\n|rated|\n|rule|Species Clause: Limit one of each Pok\u00e9mon\n|rule|Item Clause: Limit 1 of each item\n|clearpoke\n|poke|p1|Calyrex-Shadow, L50|\n|poke|p1|Zamazenta-*, L50|\n|poke|p1|Incineroar, L50, M|\n|poke|p1|Rillaboom, L50, F|\n|poke|p1|Ogerpon-Cornerstone, L50, F|\n|poke|p1|Tornadus, L50, M|\n|poke|p2|Ho-Oh, L50|\n|poke|p2|Zamazenta-*, L50|\n|poke|p2|Rillaboom, L50, F|\n|poke|p2|Ogerpon-Cornerstone, L50, F|\n|poke|p2|Flutter Mane, L50|\n|poke|p2|Chi-Yu, L50|\n|teampreview|4\n|inactive|Battle timer is ON: inactive players will automatically lose when time's up. (requested by blackred123)\n|\n|t:|1772172629\n|teamsize|p1|4\n|teamsize|p2|4\n|start\n|switch|p1a: \u54c7\u8884\uff08\u72d7\u53eb\u58f0\uff09|Zamazenta-Crowned, L50|100/100\n|switch|p1b: \u5e05otto\u5e05|Incineroar, L50, M|100/100\n|switch|p2a: Ogerpon|Ogerpon-Cornerstone, L50, F|100/100\n|switch|p2b: Chi-Yu|Chi-Yu, L50|100/100\n|-ability|p2b: Chi-Yu|Beads of Ruin\n|-ability|p1a: \u54c7\u8884\uff08\u72d7\u53eb\u58f0\uff09|Dauntless Shield|boost\n|-boost|p1a: \u54c7\u8884\uff08\u72d7\u53eb\u58f0\uff09|def|1\n|-ability|p1b: \u5e05otto\u5e05|Intimidate|boost\n|-unboost|p2a: Ogerpon|atk|1\n|-unboost|p2b: Chi-Yu|atk|1\n|turn|1\n|\n|t:|1772172647\n|-terastallize|p1a: \u54c7\u8884\uff08\u72d7\u53eb\u58f0\uff09|Dragon\n|move|p2a: Ogerpon|Spiky Shield|p2a: Ogerpon\n|-singleturn|p2a: Ogerpon|move: Protect\n|move|p2b: Chi-Yu|Protect|p2b: Chi-Yu\n|-singleturn|p2b: Chi-Yu|Protect\n|move|p1b: \u5e05otto\u5e05|Fake Out|p2a: Ogerpon\n|-activate|p2a: Ogerpon|move: Protect\n|-damage|p1b: \u5e05otto\u5e05|88/100|[from] Spiky Shield|[of] p2a: Ogerpon\n|move|p1a: \u54c7\u8884\uff08\u72d7\u53eb\u58f0\uff09|Body Press|p2b: Chi-Yu\n|-activate|p2b: Chi-Yu|move: Protect\n|\n|upkeep\n|turn|2\n|\n|t:|1772172660\n|switch|p1b: \u6211\u559c\u6b22\u4f60|Ogerpon-Cornerstone, L50, F|100/100\n|move|p2a: Ogerpon|Follow Me|p2a: Ogerpon\n|-singleturn|p2a: Ogerpon|move: Follow Me\n|move|p2b: Chi-Yu|Snarl|p1a: \u54c7\u8884\uff08\u72d7\u53eb\u58f0\uff09|[spread] p1a,p1b\n|-crit|p1b: \u6211\u559c\u6b22\u4f60\n|-damage|p1a: \u54c7\u8884\uff08\u72d7\u53eb\u58f0\uff09|82/100\n|-damage|p1b: \u6211\u559c\u6b22\u4f60|46/100\n|-unboost|p1a: \u54c7\u8884\uff08\u72d7\u53eb\u58f0\uff09|spa|1\n|-unboost|p1b: \u6211\u559c\u6b22\u4f60|spa|1\n|move|p1a: \u54c7\u8884\uff08\u72d7\u53eb\u58f0\uff09|Body Press|p2a: Ogerpon\n|-supereffective|p2a: Ogerpon\n|-ability|p2a: Ogerpon|Sturdy\n|-damage|p2a: Ogerpon|1/100\n|\n|upkeep\n|turn|3\n|\n|t:|1772172683\n|switch|p1b: \u5e05otto\u5e05|Incineroar, L50, M|88/100\n|-ability|p1b: \u5e05otto\u5e05|Intimidate|boost\n|-unboost|p2a: Ogerpon|atk|1\n|-unboost|p2b: Chi-Yu|atk|1\n|move|p2b: Chi-Yu|Protect|p2b: Chi-Yu\n|-singleturn|p2b: Chi-Yu|Protect\n|move|p2a: Ogerpon|Ivy Cudgel|p1b: \u5e05otto\u5e05|[anim] Ivy Cudgel Rock\n|-supereffective|p1b: \u5e05otto\u5e05\n|-damage|p1b: \u5e05otto\u5e05|43/100\n|move|p1a: \u54c7\u8884\uff08\u72d7\u53eb\u58f0\uff09|Body Press|p2a: Ogerpon\n|-supereffective|p2a: Ogerpon\n|-damage|p2a: Ogerpon|0 fnt\n|faint|p2a: Ogerpon\n|\n|upkeep\n|\n|t:|1772172694\n|switch|p2a: Flutter Mane|Flutter Mane, L50|100/100\n|-enditem|p2a: Flutter Mane|Booster Energy\n|-activate|p2a: Flutter Mane|ability: Protosynthesis|[fromitem]\n|-start|p2a: Flutter Mane|protosynthesisspe\n|turn|4\n|\n|t:|1772172702\n|move|p2a: Flutter Mane|Protect|p2a: Flutter Mane\n|-singleturn|p2a: Flutter Mane|Protect\n|move|p2b: Chi-Yu|Snarl|p1b: \u5e05otto\u5e05|[spread] p1a,p1b\n|-resisted|p1b: \u5e05otto\u5e05\n|-damage|p1a: \u54c7\u8884\uff08\u72d7\u53eb\u58f0\uff09|61/100\n|-damage|p1b: \u5e05otto\u5e05|29/100\n|-unboost|p1a: \u54c7\u8884\uff08\u72d7\u53eb\u58f0\uff09|spa|1\n|-unboost|p1b: \u5e05otto\u5e05|spa|1\n|move|p1a: \u54c7\u8884\uff08\u72d7\u53eb\u58f0\uff09|Body Press|p2b: Chi-Yu\n|-supereffective|p2b: Chi-Yu\n|-crit|p2b: Chi-Yu\n|-damage|p2b: Chi-Yu|0 fnt\n|faint|p2b: Chi-Yu\n|move|p1b: \u5e05otto\u5e05|Knock Off|p2a: Flutter Mane\n|-activate|p2a: Flutter Mane|move: Protect\n|\n|upkeep\n|\n|t:|1772172707\n|switch|p2b: Ho-Oh|Ho-Oh, L50|100/100\n|turn|5\n|\n|t:|1772172724\n|move|p2a: Flutter Mane|Moonblast|p1a: \u54c7\u8884\uff08\u72d7\u53eb\u58f0\uff09\n|-supereffective|p1a: \u54c7\u8884\uff08\u72d7\u53eb\u58f0\uff09\n|-damage|p1a: \u54c7\u8884\uff08\u72d7\u53eb\u58f0\uff09|0 fnt\n|faint|p1a: \u54c7\u8884\uff08\u72d7\u53eb\u58f0\uff09\n|move|p2b: Ho-Oh|Brave Bird|p1b: \u5e05otto\u5e05\n|-damage|p1b: \u5e05otto\u5e05|0 fnt\n|-damage|p2b: Ho-Oh|84/100|[from] item: Rocky Helmet|[of] p1b: \u5e05otto\u5e05\n|faint|p1b: \u5e05otto\u5e05\n|-damage|p2b: Ho-Oh|75/100|[from] Recoil\n|\n|upkeep\n|\n|t:|1772172728\n|switch|p1a: \u5636\u9a6c\u51a0\u54e5|Calyrex-Shadow, L50|100/100\n|switch|p1b: \u6211\u559c\u6b22\u4f60|Ogerpon-Cornerstone, L50, F|46/100\n|-ability|p1a: \u5636\u9a6c\u51a0\u54e5|As One\n|-ability|p1a: \u5636\u9a6c\u51a0\u54e5|Unnerve\n|turn|6\n|\n|t:|1772172740\n|-terastallize|p2a: Flutter Mane|Normal\n|move|p1a: \u5636\u9a6c\u51a0\u54e5|Protect|p1a: \u5636\u9a6c\u51a0\u54e5\n|-singleturn|p1a: \u5636\u9a6c\u51a0\u54e5|Protect\n|move|p2a: Flutter Mane|Moonblast|p1b: \u6211\u559c\u6b22\u4f60\n|-damage|p1b: \u6211\u559c\u6b22\u4f60|0 fnt\n|faint|p1b: \u6211\u559c\u6b22\u4f60\n|move|p2b: Ho-Oh|Tailwind|p2b: Ho-Oh\n|-sidestart|p2: no89|move: Tailwind\n|\n|upkeep\n|turn|7\n|\n|t:|1772172754\n|move|p2a: Flutter Mane|Moonblast|p1a: \u5636\u9a6c\u51a0\u54e5\n|-damage|p1a: \u5636\u9a6c\u51a0\u54e5|53/100\n|move|p2b: Ho-Oh|Brave Bird|p1a: \u5636\u9a6c\u51a0\u54e5\n|-damage|p1a: \u5636\u9a6c\u51a0\u54e5|0 fnt\n|faint|p1a: \u5636\u9a6c\u51a0\u54e5\n|-damage|p2b: Ho-Oh|59/100|[from] Recoil\n|\n|win|no89\n|raw|blackred123's rating: 1466 &rarr; <strong>1447</strong><br />(-19 for losing)\n|raw|no89's rating: 1475 &rarr; <strong>1494</strong><br />(+19 for winning)\n|l|\u2606blackred123\n|player|p1|\n|l|\u2606no89\n|player|p2|\n","uploadtime":1772173022,"views":15,"formatid":"gen9vgc2026regi","rating":1447,"private":0,"password":null}