{"id":"gen9vgc2026regi-2586904803","format":"[Gen 9] VGC 2026 Reg I","players":["TstingMorals","Luca8"],"log":"|j|\u2606TstingMorals\n|j|\u2606Luca8\n|t:|1776470386\n|gametype|doubles\n|player|p1|TstingMorals|1|1323\n|player|p2|Luca8|flint|1456\n|gen|9\n|tier|[Gen 9] VGC 2026 Reg I\n|rated|\n|rule|Species Clause: Limit one of each Pok\u00e9mon\n|rule|Item Clause: Limit 1 of each item\n|clearpoke\n|poke|p1|Pikachu, L50, F|\n|poke|p1|Koraidon, L50|\n|poke|p1|Flutter Mane, L50|\n|poke|p1|Amoonguss, L50, F|\n|poke|p1|Torkoal, L50, M|\n|poke|p1|Solgaleo, L50|\n|poke|p2|Zamazenta-*, L50|\n|poke|p2|Indeedee-F, L50, F|\n|poke|p2|Torkoal, L50, M|\n|poke|p2|Calyrex-Shadow, L50|\n|poke|p2|Pelipper, L50, M|\n|poke|p2|Tornadus, L50, M|\n|teampreview|4\n|\n|t:|1776470419\n|teamsize|p1|4\n|teamsize|p2|4\n|start\n|switch|p1a: Koraidon|Koraidon, L50|100/100\n|switch|p1b: Solgaleo|Solgaleo, L50|100/100\n|switch|p2a: Pelipper|Pelipper, L50, M|100/100\n|switch|p2b: Calyrex|Calyrex-Shadow, L50|100/100\n|-ability|p2b: Calyrex|As One\n|-ability|p2b: Calyrex|Unnerve\n|-weather|SunnyDay|[from] ability: Orichalcum Pulse|[of] p1a: Koraidon\n|-activate|p1a: Koraidon|Orichalcum Pulse|[source]\n|-weather|RainDance|[from] ability: Drizzle|[of] p2a: Pelipper\n|turn|1\n|\n|t:|1776470448\n|move|p1b: Solgaleo|Wide Guard|p1b: Solgaleo\n|-singleturn|p1b: Solgaleo|Wide Guard\n|move|p2b: Calyrex|Astral Barrage|p1a: Koraidon|[spread] \n|-activate|p1a: Koraidon|move: Wide Guard\n|-activate|p1b: Solgaleo|move: Wide Guard\n|move|p1a: Koraidon|Crunch|p2b: Calyrex\n|-supereffective|p2b: Calyrex\n|-enditem|p2b: Calyrex|Focus Sash\n|-damage|p2b: Calyrex|1/100\n|-unboost|p2b: Calyrex|def|1\n|move|p2a: Pelipper|Muddy Water|p1b: Solgaleo|[spread] \n|-activate|p1a: Koraidon|move: Wide Guard\n|-activate|p1b: Solgaleo|move: Wide Guard\n|\n|-weather|RainDance|[upkeep]\n|upkeep\n|turn|2\n|l|\u2606TstingMorals\n|player|p1|\n|j|\u2606TstingMorals\n|player|p1|TstingMorals|1|\n|\n|t:|1776470508\n|move|p2b: Calyrex|Protect|p2b: Calyrex\n|-singleturn|p2b: Calyrex|Protect\n|move|p1b: Solgaleo|Wide Guard|p1b: Solgaleo\n|-singleturn|p1b: Solgaleo|Wide Guard\n|move|p1a: Koraidon|Flame Charge|p2b: Calyrex\n|-activate|p2b: Calyrex|move: Protect\n|move|p2a: Pelipper|Hurricane|p1a: Koraidon\n|-supereffective|p1a: Koraidon\n|-damage|p1a: Koraidon|0 fnt\n|faint|p1a: Koraidon\n|\n|-weather|RainDance|[upkeep]\n|upkeep\n|\n|t:|1776470512\n|switch|p1a: Torkoal|Torkoal, L50, M|100/100\n|-weather|SunnyDay|[from] ability: Drought|[of] p1a: Torkoal\n|turn|3\n|\n|t:|1776470547\n|move|p1b: Solgaleo|Wide Guard|p1b: Solgaleo\n|-singleturn|p1b: Solgaleo|Wide Guard\n|move|p2b: Calyrex|Shadow Ball|p1b: Solgaleo\n|-supereffective|p1b: Solgaleo\n|-damage|p1b: Solgaleo|33/100\n|move|p2a: Pelipper|Muddy Water|p1b: Solgaleo|[spread] \n|-activate|p1a: Torkoal|move: Wide Guard\n|-activate|p1b: Solgaleo|move: Wide Guard\n|move|p1a: Torkoal|Clear Smog|p2b: Calyrex\n|-resisted|p2b: Calyrex\n|-damage|p2b: Calyrex|0 fnt\n|-clearboost|p2b: Calyrex\n|faint|p2b: Calyrex\n|\n|-weather|SunnyDay|[upkeep]\n|upkeep\n|l|\u2606TstingMorals\n|player|p1|\n|j|\u2606TstingMorals\n|player|p1|TstingMorals|1|\n|\n|t:|1776470565\n|switch|p2b: Zamazenta|Zamazenta-Crowned, L50|100/100\n|-ability|p2b: Zamazenta|Dauntless Shield|boost\n|-boost|p2b: Zamazenta|def|1\n|turn|4\n|\n|t:|1776470577\n|switch|p2a: Torkoal|Torkoal, L50, M|100/100\n|-terastallize|p2b: Zamazenta|Fighting\n|move|p2b: Zamazenta|Body Press|p1b: Solgaleo\n|-damage|p1b: Solgaleo|0 fnt\n|faint|p1b: Solgaleo\n|move|p1a: Torkoal|Flamethrower|p2b: Zamazenta\n|-damage|p2b: Zamazenta|73/100\n|\n|-weather|SunnyDay|[upkeep]\n|upkeep\n|\n|t:|1776470584\n|switch|p1b: Flutter Mane|Flutter Mane, L50|100/100\n|-activate|p1b: Flutter Mane|ability: Protosynthesis\n|-start|p1b: Flutter Mane|protosynthesisspe\n|turn|5\n|\n|t:|1776470599\n|move|p1b: Flutter Mane|Dazzling Gleam|p2a: Torkoal|[spread] p2a,p2b\n|-resisted|p2a: Torkoal\n|-supereffective|p2b: Zamazenta\n|-damage|p2a: Torkoal|78/100\n|-damage|p2b: Zamazenta|33/100\n|move|p2b: Zamazenta|Body Press|p1a: Torkoal\n|-damage|p1a: Torkoal|44/100\n|move|p2a: Torkoal|Eruption|p1a: Torkoal|[spread] p1a,p1b\n|-resisted|p1a: Torkoal\n|-damage|p1a: Torkoal|10/100\n|-damage|p1b: Flutter Mane|32/100\n|move|p1a: Torkoal|Earth Power|p2a: Torkoal\n|-supereffective|p2a: Torkoal\n|-damage|p2a: Torkoal|29/100\n|\n|-weather|SunnyDay|[upkeep]\n|upkeep\n|turn|6\n|\n|t:|1776470630\n|move|p2b: Zamazenta|Protect|p2b: Zamazenta\n|-singleturn|p2b: Zamazenta|Protect\n|move|p1a: Torkoal|Protect|p1a: Torkoal\n|-singleturn|p1a: Torkoal|Protect\n|move|p1b: Flutter Mane|Dazzling Gleam|p2b: Zamazenta|[spread] p2a\n|-activate|p2b: Zamazenta|move: Protect\n|-resisted|p2a: Torkoal\n|-damage|p2a: Torkoal|8/100\n|move|p2a: Torkoal|Earth Power|p1a: Torkoal\n|-activate|p1a: Torkoal|move: Protect\n|\n|-weather|SunnyDay|[upkeep]\n|upkeep\n|turn|7\n|\n|t:|1776470653\n|move|p1b: Flutter Mane|Dazzling Gleam|p2a: Torkoal|[spread] p2a,p2b\n|-resisted|p2a: Torkoal\n|-supereffective|p2b: Zamazenta\n|-damage|p2a: Torkoal|0 fnt\n|-damage|p2b: Zamazenta|0 fnt\n|faint|p2a: Torkoal\n|faint|p2b: Zamazenta\n|move|p1a: Torkoal|Clear Smog|p2: Torkoal|[notarget]\n|-fail|p1a: Torkoal\n|\n|-weather|none\n|-end|p1b: Flutter Mane|Protosynthesis\n|upkeep\n|\n|t:|1776470663\n|switch|p2a: Pelipper|Pelipper, L50, M|100/100\n|-weather|RainDance|[from] ability: Drizzle|[of] p2a: Pelipper\n|turn|8\n|\n|t:|1776470675\n|move|p1a: Torkoal|Protect|p1a: Torkoal\n|-singleturn|p1a: Torkoal|Protect\n|move|p1b: Flutter Mane|Dazzling Gleam|p2a: Pelipper\n|-damage|p2a: Pelipper|45/100\n|move|p2a: Pelipper|Hurricane|p1b: Flutter Mane\n|-damage|p1b: Flutter Mane|0 fnt\n|faint|p1b: Flutter Mane\n|-end|p1b: Flutter Mane|Protosynthesis|[silent]\n|\n|-weather|RainDance|[upkeep]\n|upkeep\n|turn|9\n|-message|TstingMorals forfeited.\n|\n|win|Luca8\n|raw|TstingMorals's rating: 1323 &rarr; <strong>1310</strong><br />(-13 for losing)\n|raw|Luca8's rating: 1456 &rarr; <strong>1469</strong><br />(+13 for winning)\n|l|\u2606TstingMorals\n|player|p1|\n|l|\u2606Luca8\n|player|p2|\n","uploadtime":1776470959,"views":12,"formatid":"gen9vgc2026regi","rating":1310,"private":0,"password":null}