{"id":"gen9vgc2026regi-2565800441","format":"[Gen 9] VGC 2026 Reg I","players":["blackred123","ToranVGC"],"log":"|j|\u2606blackred123\n|j|\u2606ToranVGC\n|t:|1774305515\n|gametype|doubles\n|player|p1|blackred123|iono-masters|1396\n|player|p2|ToranVGC|supernerd|1337\n|gen|9\n|tier|[Gen 9] VGC 2026 Reg I\n|rated|\n|rule|Species Clause: Limit one of each Pok\u00e9mon\n|rule|Item Clause: Limit 1 of each item\n|clearpoke\n|poke|p1|Grimmsnarl, L50, M|\n|poke|p1|Iron Hands, L50|\n|poke|p1|Miraidon, L50|\n|poke|p1|Ho-Oh, L50|\n|poke|p1|Farigiraf, L50, F|\n|poke|p1|Ursaluna, L50, M|\n|poke|p2|Lunala, L50|\n|poke|p2|Zoroark-Hisui, L50, M|\n|poke|p2|Indeedee-F, L50, F|\n|poke|p2|Ursaluna, L50, F|\n|poke|p2|Armarouge, L50, F|\n|poke|p2|Palkia, L50|\n|teampreview|4\n|inactive|Battle timer is ON: inactive players will automatically lose when time's up. (requested by blackred123)\n|inactive|ToranVGC has 60 seconds left.\n|inactive|blackred123 has 60 seconds left.\n|inactive|ToranVGC has 30 seconds left.\n|inactive|ToranVGC has 20 seconds left.\n|inactive|ToranVGC has 15 seconds left.\n|inactive|ToranVGC has 10 seconds left.\n|inactive|ToranVGC has 5 seconds left.\n|\n|t:|1774305601\n|teamsize|p1|4\n|teamsize|p2|4\n|start\n|switch|p1a: Miraidon|Miraidon, L50|100/100\n|switch|p1b: Iron Hands|Iron Hands, L50|100/100\n|switch|p2a: Lunala|Lunala, L50, shiny|100/100\n|switch|p2b: Palkia|Palkia, L50|100/100\n|-fieldstart|move: Electric Terrain|[from] ability: Hadron Engine|[of] p1a: Miraidon\n|-activate|p1b: Iron Hands|ability: Quark Drive\n|-start|p1b: Iron Hands|quarkdriveatk\n|turn|1\n|inactive|ToranVGC has 30 seconds left.\n|inactive|ToranVGC has 20 seconds left.\n|inactive|ToranVGC has 15 seconds left.\n|inactive|ToranVGC has 10 seconds left.\n|\n|t:|1774305651\n|-terastallize|p2b: Palkia|Fairy\n|move|p2a: Lunala|Fake Tears|p1b: Iron Hands\n|-unboost|p1b: Iron Hands|spd|2\n|move|p1a: Miraidon|Volt Switch|p2a: Lunala\n|-enditem|p2a: Lunala|Focus Sash\n|-damage|p2a: Lunala|1/100\n|replace|p2a: Zoroark|Zoroark-Hisui, L50, M\n|-end|p2a: Zoroark|Illusion\n|\n|t:|1774305663\n|switch|p1a: Ho-Oh|Ho-Oh, L50|100/100|[from] Volt Switch\n|move|p2b: Palkia|Tera Blast|p1b: Iron Hands|[anim] Tera Blast Fairy\n|-supereffective|p1b: Iron Hands\n|-damage|p1b: Iron Hands|0 fnt\n|faint|p1b: Iron Hands\n|-end|p1b: Iron Hands|Quark Drive|[silent]\n|\n|upkeep\n|\n|t:|1774305674\n|switch|p1b: Miraidon|Miraidon, L50|100/100\n|-activate|p1b: Miraidon|ability: Hadron Engine\n|turn|2\n|\n|t:|1774305697\n|switch|p2a: Indeedee|Indeedee-F, L50, F|100/100\n|-fieldstart|move: Psychic Terrain|[from] ability: Psychic Surge|[of] p2a: Indeedee\n|-terastallize|p1b: Miraidon|Fairy\n|move|p1b: Miraidon|Electro Drift|p2b: Palkia\n|-damage|p2b: Palkia|59/100\n|move|p2b: Palkia|Spacial Rend|p1b: Miraidon\n|-immune|p1b: Miraidon\n|move|p1a: Ho-Oh|Sacred Fire|p2a: Indeedee\n|-damage|p2a: Indeedee|50/100\n|-status|p2a: Indeedee|brn\n|\n|-damage|p2a: Indeedee|43/100 brn|[from] brn\n|upkeep\n|turn|3\n|\n|t:|1774305717\n|switch|p1b: Ursaluna|Ursaluna, L50, M|100/100\n|move|p2a: Indeedee|Helping Hand|p2b: Palkia\n|-singleturn|p2b: Palkia|Helping Hand|[of] p2a: Indeedee\n|move|p2b: Palkia|Hydro Pump|p1a: Ho-Oh|[miss]\n|-miss|p2b: Palkia|p1a: Ho-Oh\n|move|p1a: Ho-Oh|Sacred Fire|p2a: Indeedee\n|-damage|p2a: Indeedee|0 fnt\n|faint|p2a: Indeedee\n|\n|-status|p1b: Ursaluna|brn|[from] item: Flame Orb\n|upkeep\n|\n|t:|1774305732\n|switch|p2a: Lunala|Lunala, L50, shiny|100/100\n|turn|4\n|\n|t:|1774305744\n|move|p1b: Ursaluna|Protect|p1b: Ursaluna\n|-singleturn|p1b: Ursaluna|Protect\n|move|p2b: Palkia|Hydro Pump|p1b: Ursaluna\n|-activate|p1b: Ursaluna|move: Protect\n|move|p2a: Lunala|Meteor Beam||[still]\n|-prepare|p2a: Lunala|Meteor Beam\n|-boost|p2a: Lunala|spa|1\n|-enditem|p2a: Lunala|Power Herb\n|-anim|p2a: Lunala|Meteor Beam|p1a: Ho-Oh\n|-supereffective|p1a: Ho-Oh\n|-damage|p1a: Ho-Oh|0 fnt\n|faint|p1a: Ho-Oh\n|\n|-damage|p1b: Ursaluna|94/100 brn|[from] brn\n|upkeep\n|\n|t:|1774305752\n|switch|p1a: Miraidon|Miraidon, L50, tera:Fairy|100/100\n|-fieldstart|move: Electric Terrain|[from] ability: Hadron Engine|[of] p1a: Miraidon\n|turn|5\n|\n|t:|1774305767\n|move|p1a: Miraidon|Electro Drift|p2b: Palkia\n|-crit|p2b: Palkia\n|-damage|p2b: Palkia|0 fnt\n|faint|p2b: Palkia\n|move|p2a: Lunala|Moongeist Beam|p1a: Miraidon\n|-damage|p1a: Miraidon|43/100\n|move|p1b: Ursaluna|Headlong Rush|p2a: Lunala\n|-damage|p2a: Lunala|58/100\n|-unboost|p1b: Ursaluna|def|1\n|-unboost|p1b: Ursaluna|spd|1\n|\n|-damage|p1b: Ursaluna|88/100 brn|[from] brn\n|upkeep\n|\n|t:|1774305772\n|switch|p2b: Zoroark|Zoroark-Hisui, L50, M|1/100\n|turn|6\n|inactive|ToranVGC has 30 seconds left.\n|inactive|ToranVGC has 20 seconds left.\n|\n|t:|1774305811\n|move|p2b: Zoroark|Shadow Ball|p1a: Miraidon\n|-damage|p1a: Miraidon|17/100\n|move|p1a: Miraidon|Electro Drift|p2a: Lunala\n|-crit|p2a: Lunala\n|-damage|p2a: Lunala|0 fnt\n|faint|p2a: Lunala\n|move|p1b: Ursaluna|Earthquake|p2b: Zoroark|[spread] p1a,p2b\n|-damage|p1a: Miraidon|0 fnt\n|-damage|p2b: Zoroark|0 fnt\n|faint|p1a: Miraidon\n|faint|p2b: Zoroark\n|\n|win|blackred123\n|raw|blackred123's rating: 1396 &rarr; <strong>1413</strong><br />(+17 for winning)\n|raw|ToranVGC's rating: 1337 &rarr; <strong>1320</strong><br />(-17 for losing)\n|l|\u2606ToranVGC\n|player|p2|\n|l|\u2606blackred123\n|player|p1|\n","uploadtime":1774305958,"views":11,"formatid":"gen9vgc2026regi","rating":1320,"private":0,"password":null}