{"id":"gen9vgc2026regi-2568973999","format":"[Gen 9] VGC 2026 Reg I","players":["tinkatonbeliever","dwsdws"],"log":"|j|\u2606tinkatonbeliever\n|j|\u2606dwsdws\n|t:|1774637652\n|gametype|doubles\n|player|p1|tinkatonbeliever|170|1378\n|player|p2|dwsdws|hilbert|1429\n|gen|9\n|tier|[Gen 9] VGC 2026 Reg I\n|rated|\n|rule|Species Clause: Limit one of each Pok\u00e9mon\n|rule|Item Clause: Limit 1 of each item\n|clearpoke\n|poke|p1|Kyogre, L50|\n|poke|p1|Tornadus, L50, M|\n|poke|p1|Incineroar, L50, M|\n|poke|p1|Tinkaton, L50, F|\n|poke|p1|Calyrex-Ice, L50|\n|poke|p1|Landorus, L50, M|\n|poke|p2|Lunala, L50|\n|poke|p2|Koraidon, L50|\n|poke|p2|Chi-Yu, L50|\n|poke|p2|Flutter Mane, L50|\n|poke|p2|Brute Bonnet, L50|\n|poke|p2|Ursaluna, L50, F|\n|teampreview|4\n|inactive|Battle timer is ON: inactive players will automatically lose when time's up. (requested by tinkatonbeliever)\n|inactive|tinkatonbeliever has 60 seconds left.\n|inactive|dwsdws has 60 seconds left.\n|\n|t:|1774637705\n|teamsize|p1|4\n|teamsize|p2|4\n|start\n|switch|p1a: Kyogre|Kyogre, L50|100/100\n|switch|p1b: Tinkaton|Tinkaton, L50, F|100/100\n|switch|p2a: Lunala|Lunala, L50, shiny|100/100\n|switch|p2b: Brute Bonnet|Brute Bonnet, L50, shiny|100/100\n|-ability|p1b: Tinkaton|Mold Breaker\n|-weather|RainDance|[from] ability: Drizzle|[of] p1a: Kyogre\n|turn|1\n|inactive|tinkatonbeliever has 30 seconds left.\n|inactive|dwsdws has 30 seconds left.\n|\n|t:|1774637737\n|move|p2a: Lunala|Wide Guard|p2a: Lunala\n|-singleturn|p2a: Lunala|Wide Guard\n|move|p1b: Tinkaton|Feint|p2b: Brute Bonnet\n|-activate|p2b: Brute Bonnet|move: Feint\n|-damage|p2b: Brute Bonnet|97/100\n|move|p1a: Kyogre|Water Spout|p2b: Brute Bonnet|[spread] p2a,p2b\n|-resisted|p2b: Brute Bonnet\n|-damage|p2a: Lunala|47/100\n|-damage|p2b: Brute Bonnet|32/100\n|-enditem|p2b: Brute Bonnet|Sitrus Berry|[eat]\n|-heal|p2b: Brute Bonnet|57/100|[from] item: Sitrus Berry\n|move|p2b: Brute Bonnet|Spore|p1a: Kyogre\n|-status|p1a: Kyogre|slp|[from] move: Spore\n|\n|-weather|RainDance|[upkeep]\n|upkeep\n|turn|2\n|inactive|dwsdws has 30 seconds left.\n|\n|t:|1774637766\n|move|p1b: Tinkaton|Play Rough|p2b: Brute Bonnet\n|-supereffective|p2b: Brute Bonnet\n|-damage|p2b: Brute Bonnet|24/100\n|-unboost|p2b: Brute Bonnet|atk|1\n|move|p2a: Lunala|Meteor Beam||[still]\n|-prepare|p2a: Lunala|Meteor Beam\n|-boost|p2a: Lunala|spa|1\n|-enditem|p2a: Lunala|Power Herb\n|-anim|p2a: Lunala|Meteor Beam|p1a: Kyogre\n|-crit|p1a: Kyogre\n|-damage|p1a: Kyogre|25/100 slp\n|cant|p1a: Kyogre|slp\n|move|p2b: Brute Bonnet|Seed Bomb|p1a: Kyogre\n|-supereffective|p1a: Kyogre\n|-damage|p1a: Kyogre|0 fnt\n|faint|p1a: Kyogre\n|\n|-weather|RainDance|[upkeep]\n|upkeep\n|\n|t:|1774637785\n|switch|p1a: Incineroar|Incineroar, L50, M|100/100\n|-ability|p1a: Incineroar|Intimidate|boost\n|-unboost|p2a: Lunala|atk|1\n|-unboost|p2b: Brute Bonnet|atk|1\n|turn|3\n|inactive|dwsdws has 30 seconds left.\n|inactive|dwsdws has 20 seconds left.\n|inactive|dwsdws has 15 seconds left.\n|\n|t:|1774637826\n|move|p1b: Tinkaton|Gigaton Hammer|p2a: Lunala\n|-damage|p2a: Lunala|10/100\n|move|p2a: Lunala|Moongeist Beam|p1b: Tinkaton\n|-damage|p1b: Tinkaton|47/100\n|move|p1a: Incineroar|Flare Blitz|p2b: Brute Bonnet\n|-supereffective|p2b: Brute Bonnet\n|-damage|p2b: Brute Bonnet|0 fnt\n|faint|p2b: Brute Bonnet\n|-end|p2b: Brute Bonnet|Protosynthesis|[silent]\n|-damage|p1a: Incineroar|92/100|[from] Recoil\n|\n|-weather|RainDance|[upkeep]\n|upkeep\n|\n|t:|1774637842\n|switch|p2b: Chi-Yu|Chi-Yu, L50|100/100\n|-ability|p2b: Chi-Yu|Beads of Ruin\n|turn|4\n|\n|t:|1774637856\n|switch|p2a: Koraidon|Koraidon, L50|100/100\n|-weather|SunnyDay|[from] ability: Orichalcum Pulse|[of] p2a: Koraidon\n|-activate|p2a: Koraidon|Orichalcum Pulse|[source]\n|move|p2b: Chi-Yu|Heat Wave|p1b: Tinkaton|[spread] p1a,p1b\n|-resisted|p1a: Incineroar\n|-supereffective|p1b: Tinkaton\n|-damage|p1a: Incineroar|61/100\n|-damage|p1b: Tinkaton|0 fnt\n|faint|p1b: Tinkaton\n|move|p1a: Incineroar|Parting Shot|p2b: Chi-Yu\n|-unboost|p2b: Chi-Yu|atk|1\n|-unboost|p2b: Chi-Yu|spa|1\n|\n|t:|1774637862\n|switch|p1a: Calyrex|Calyrex-Ice, L50|100/100|[from] Parting Shot\n|-ability|p1a: Calyrex|As One\n|-ability|p1a: Calyrex|Unnerve\n|\n|-weather|SunnyDay|[upkeep]\n|upkeep\n|\n|t:|1774637864\n|switch|p1b: Incineroar|Incineroar, L50, M|61/100\n|-ability|p1b: Incineroar|Intimidate|boost\n|-unboost|p2a: Koraidon|atk|1\n|-unboost|p2b: Chi-Yu|atk|1\n|turn|5\n|inactive|tinkatonbeliever has 30 seconds left.\n|inactive|dwsdws has 30 seconds left.\n|inactive|tinkatonbeliever has 20 seconds left.\n|inactive|tinkatonbeliever has 15 seconds left.\n|\n|t:|1774637904\n|switch|p2b: Lunala|Lunala, L50, shiny|10/100\n|move|p1b: Incineroar|Fake Out|p2b: Lunala\n|-immune|p2b: Lunala\n|move|p2a: Koraidon|Flare Blitz|p1a: Calyrex\n|-supereffective|p1a: Calyrex\n|-damage|p1a: Calyrex|9/100\n|-damage|p2a: Koraidon|65/100|[from] Recoil\n|-damage|p2a: Koraidon|55/100|[from] item: Life Orb\n|move|p1a: Calyrex|Trick Room|p1a: Calyrex\n|-fieldstart|move: Trick Room|[of] p1a: Calyrex\n|\n|-weather|SunnyDay|[upkeep]\n|upkeep\n|turn|6\n|inactive|dwsdws has 30 seconds left.\n|inactive|dwsdws has 20 seconds left.\n|\n|t:|1774637940\n|-terastallize|p1a: Calyrex|Grass\n|move|p2b: Lunala|Wide Guard|p2b: Lunala\n|-singleturn|p2b: Lunala|Wide Guard\n|move|p1a: Calyrex|Bullet Seed|p2a: Koraidon\n|-resisted|p2a: Koraidon\n|-damage|p2a: Koraidon|48/100\n|-resisted|p2a: Koraidon\n|-damage|p2a: Koraidon|41/100\n|-resisted|p2a: Koraidon\n|-damage|p2a: Koraidon|33/100\n|-resisted|p2a: Koraidon\n|-damage|p2a: Koraidon|26/100\n|-hitcount|p2a: Koraidon|4\n|move|p1b: Incineroar|Flare Blitz|p2a: Koraidon\n|-resisted|p2a: Koraidon\n|-damage|p2a: Koraidon|0 fnt\n|faint|p2a: Koraidon\n|-damage|p1b: Incineroar|53/100|[from] Recoil\n|\n|-weather|SunnyDay|[upkeep]\n|upkeep\n|\n|t:|1774637951\n|switch|p2a: Chi-Yu|Chi-Yu, L50|100/100\n|-ability|p2a: Chi-Yu|Beads of Ruin\n|turn|7\n|l|\u2606dwsdws\n|inactive|dwsdws disconnected and has a minute to reconnect!\n|player|p2|\n|inactive|tinkatonbeliever has 30 seconds left.\n|j|\u2606dwsdws\n|inactive|dwsdws reconnected.\n|player|p2|dwsdws|hilbert|\n|inactive|tinkatonbeliever has 20 seconds left.\n|inactive|tinkatonbeliever has 15 seconds left.\n|\n|t:|1774637992\n|move|p2b: Lunala|Wide Guard|p2b: Lunala\n|-singleturn|p2b: Lunala|Wide Guard\n|move|p1a: Calyrex|Glacial Lance|p2b: Lunala|[spread] \n|-activate|p2a: Chi-Yu|move: Wide Guard\n|-activate|p2b: Lunala|move: Wide Guard\n|move|p1b: Incineroar|Knock Off|p2a: Chi-Yu\n|-resisted|p2a: Chi-Yu\n|-damage|p2a: Chi-Yu|70/100\n|-enditem|p2a: Chi-Yu|Choice Scarf|[from] move: Knock Off|[of] p1b: Incineroar\n|move|p2a: Chi-Yu|Heat Wave|p1b: Incineroar|[spread] p1a,p1b\n|-supereffective|p1a: Calyrex\n|-resisted|p1b: Incineroar\n|-damage|p1a: Calyrex|0 fnt\n|-damage|p1b: Incineroar|20/100\n|faint|p1a: Calyrex\n|\n|-weather|SunnyDay|[upkeep]\n|upkeep\n|turn|8\n|inactive|dwsdws has 30 seconds left.\n|\n|t:|1774638018\n|move|p1b: Incineroar|Knock Off|p2b: Lunala\n|-supereffective|p2b: Lunala\n|-damage|p2b: Lunala|0 fnt\n|faint|p2b: Lunala\n|move|p2a: Chi-Yu|Overheat|p1b: Incineroar\n|-resisted|p1b: Incineroar\n|-crit|p1b: Incineroar\n|-damage|p1b: Incineroar|0 fnt\n|-unboost|p2a: Chi-Yu|spa|2\n|faint|p1b: Incineroar\n|\n|win|dwsdws\n|raw|tinkatonbeliever's rating: 1378 &rarr; <strong>1361</strong><br />(-17 for losing)\n|raw|dwsdws's rating: 1429 &rarr; <strong>1446</strong><br />(+17 for winning)\n|c|\u2606tinkatonbeliever|gg\n|l|\u2606tinkatonbeliever\n|player|p1|\n|l|\u2606dwsdws\n|player|p2|\n","uploadtime":1774638217,"views":13,"formatid":"gen9vgc2026regi","rating":1361,"private":0,"password":null}