{"id":"gen9vgc2026regi-2561528536","format":"[Gen 9] VGC 2026 Reg I","players":["BruskVGC","It'sJustKen VGC"],"log":"|j|\u2606BruskVGC\n|j|\u2606It'sJustKen VGC\n|t:|1773807373\n|gametype|doubles\n|player|p1|BruskVGC|pokemonranger-gen4|1282\n|player|p2|It'sJustKen VGC|1|1358\n|gen|9\n|tier|[Gen 9] VGC 2026 Reg I\n|rated|\n|rule|Species Clause: Limit one of each Pok\u00e9mon\n|rule|Item Clause: Limit 1 of each item\n|clearpoke\n|poke|p1|Miraidon, L50|\n|poke|p1|Palkia, L50|\n|poke|p1|Incineroar, L50, M|\n|poke|p1|Ursaluna, L50, M|\n|poke|p1|Whimsicott, L50, M|\n|poke|p1|Farigiraf, L50, M|\n|poke|p2|Iron Hands, L50|\n|poke|p2|Incineroar, L50, M|\n|poke|p2|Calyrex-Shadow, L50|\n|poke|p2|Whimsicott, L50, F|\n|poke|p2|Farigiraf, L50, M|\n|poke|p2|Miraidon, L50|\n|teampreview|4\n|inactive|Battle timer is ON: inactive players will automatically lose when time's up. (requested by It'sJustKen VGC)\nBruskVGC rejected open team sheets.\n|inactive|It'sJustKen VGC has 60 seconds left.\n|\n|t:|1773807408\n|teamsize|p1|4\n|teamsize|p2|4\n|start\n|switch|p1a: Incineroar|Incineroar, L50, M, shiny|100/100\n|switch|p1b: Palkia|Palkia, L50, shiny|100/100\n|switch|p2a: Farigiraf|Farigiraf, L50, M|100/100\n|switch|p2b: Miraidon|Miraidon, L50, shiny|100/100\n|-fieldstart|move: Electric Terrain|[from] ability: Hadron Engine|[of] p2b: Miraidon\n|-enditem|p2a: Farigiraf|Electric Seed\n|-boost|p2a: Farigiraf|def|1|[from] item: Electric Seed\n|-ability|p1a: Incineroar|Intimidate|boost\n|-unboost|p2a: Farigiraf|atk|1\n|-unboost|p2b: Miraidon|atk|1\n|turn|1\n|inactive|BruskVGC has 30 seconds left.\n|\n|t:|1773807435\n|-terastallize|p2b: Miraidon|Fairy\n|-terastallize|p1b: Palkia|Fairy\n|move|p2a: Farigiraf|Helping Hand|p2b: Miraidon\n|-singleturn|p2b: Miraidon|Helping Hand|[of] p2a: Farigiraf\n|move|p2b: Miraidon|Dazzling Gleam|p1b: Palkia|[spread] p1a,p1b\n|-damage|p1a: Incineroar|38/100\n|-damage|p1b: Palkia|22/100\n|move|p1a: Incineroar|U-turn|p2b: Miraidon\n|-resisted|p2b: Miraidon\n|-damage|p2b: Miraidon|91/100\n|\n|t:|1773807446\n|switch|p1a: Ursaluna|Ursaluna, L50, M, shiny|100/100|[from] U-turn\n|move|p1b: Palkia|Trick Room|p1b: Palkia\n|-fieldstart|move: Trick Room|[of] p1b: Palkia\n|\n|-status|p1a: Ursaluna|brn|[from] item: Flame Orb\n|upkeep\n|turn|2\n|\n|t:|1773807463\n|switch|p2b: Incineroar|Incineroar, L50, M|100/100\n|-ability|p2b: Incineroar|Intimidate|boost\n|-unboost|p1a: Ursaluna|atk|1\n|-unboost|p1b: Palkia|atk|1\n|move|p1b: Palkia|Protect|p1b: Palkia\n|-singleturn|p1b: Palkia|Protect\n|move|p1a: Ursaluna|Earthquake|p2b: Incineroar|[spread] p2a,p2b\n|-activate|p1b: Palkia|move: Protect\n|-supereffective|p2b: Incineroar\n|-damage|p2a: Farigiraf|78/100\n|-damage|p2b: Incineroar|22/100\n|move|p2a: Farigiraf|Psychic|p1b: Palkia\n|-activate|p1b: Palkia|move: Protect\n|\n|-damage|p1a: Ursaluna|95/100 brn|[from] brn\n|upkeep\n|turn|3\n|\n|t:|1773807485\n|switch|p1b: Incineroar|Incineroar, L50, M, shiny|38/100\n|-ability|p1b: Incineroar|Intimidate|boost\n|-unboost|p2a: Farigiraf|atk|1\n|-unboost|p2b: Incineroar|atk|1\n|move|p1a: Ursaluna|Protect|p1a: Ursaluna\n|-singleturn|p1a: Ursaluna|Protect\n|move|p2b: Incineroar|Fake Out|p1a: Ursaluna\n|-activate|p1a: Ursaluna|move: Protect\n|move|p2a: Farigiraf|Psychic|p1a: Ursaluna\n|-activate|p1a: Ursaluna|move: Protect\n|\n|-damage|p1a: Ursaluna|89/100 brn|[from] brn\n|upkeep\n|turn|4\n|inactive|It'sJustKen VGC has 30 seconds left.\n|\n|t:|1773807511\n|move|p2b: Incineroar|U-turn|p1b: Incineroar\n|-damage|p1b: Incineroar|25/100\n|\n|t:|1773807513\n|switch|p2b: Iron Hands|Iron Hands, L50|100/100|[from] U-turn\n|-activate|p2b: Iron Hands|ability: Quark Drive\n|-start|p2b: Iron Hands|quarkdriveatk\n|move|p1a: Ursaluna|Facade|p2b: Iron Hands\n|-damage|p2b: Iron Hands|44/100\n|move|p1b: Incineroar|U-turn|p2a: Farigiraf\n|-supereffective|p2a: Farigiraf\n|-damage|p2a: Farigiraf|56/100\n|\n|t:|1773807524\n|switch|p1b: Palkia|Palkia, L50, shiny, tera:Fairy|22/100|[from] U-turn\n|move|p2a: Farigiraf|Psychic|p1a: Ursaluna\n|-damage|p1a: Ursaluna|62/100 brn\n|\n|-damage|p1a: Ursaluna|56/100 brn|[from] brn\n|upkeep\n|turn|5\n|\n|t:|1773807544\n|switch|p1a: Miraidon|Miraidon, L50, shiny|100/100\n|-activate|p1a: Miraidon|ability: Hadron Engine\n|switch|p2a: Incineroar|Incineroar, L50, M|22/100\n|-ability|p2a: Incineroar|Intimidate|boost\n|-unboost|p1a: Miraidon|atk|1\n|-unboost|p1b: Palkia|atk|1\n|move|p1b: Palkia|Protect|p1b: Palkia\n|-singleturn|p1b: Palkia|Protect\n|move|p2b: Iron Hands|Drain Punch|p1b: Palkia\n|-activate|p1b: Palkia|move: Protect\n|\n|-fieldend|move: Trick Room\n|-fieldend|move: Electric Terrain\n|-end|p2b: Iron Hands|Quark Drive\n|upkeep\n|turn|6\n|inactive|BruskVGC has 30 seconds left.\n|\n|t:|1773807570\n|move|p2a: Incineroar|Fake Out|p1a: Miraidon\n|-damage|p1a: Miraidon|91/100\n|cant|p1a: Miraidon|flinch\n|move|p1b: Palkia|Hydro Pump|p2b: Iron Hands\n|-damage|p2b: Iron Hands|3/100\n|move|p2b: Iron Hands|Drain Punch|p1a: Miraidon\n|-damage|p1a: Miraidon|57/100\n|-heal|p2b: Iron Hands|17/100|[from] drain|[of] p1a: Miraidon\n|\n|upkeep\n|turn|7\n|inactive|BruskVGC has 30 seconds left.\n|\n|t:|1773807597\n|move|p1a: Miraidon|Volt Switch|p2a: Incineroar\n|-damage|p2a: Incineroar|0 fnt\n|faint|p2a: Incineroar\n|\n|t:|1773807603\n|switch|p1a: Incineroar|Incineroar, L50, M, shiny|25/100|[from] Volt Switch\n|-ability|p1a: Incineroar|Intimidate|boost\n|-unboost|p2b: Iron Hands|atk|1\n|move|p1b: Palkia|Spacial Rend|p2b: Iron Hands\n|-damage|p2b: Iron Hands|0 fnt\n|faint|p2b: Iron Hands\n|-end|p2b: Iron Hands|Quark Drive|[silent]\n|\n|upkeep\n|\n|t:|1773807608\n|switch|p2a: Miraidon|Miraidon, L50, shiny, tera:Fairy|91/100\n|switch|p2b: Farigiraf|Farigiraf, L50, M|56/100\n|-fieldstart|move: Electric Terrain|[from] ability: Hadron Engine|[of] p2a: Miraidon\n|turn|8\n|inactive|BruskVGC has 30 seconds left.\n|\n|t:|1773807634\n|move|p2b: Farigiraf|Helping Hand|p2a: Miraidon\n|-singleturn|p2a: Miraidon|Helping Hand|[of] p2b: Farigiraf\n|move|p2a: Miraidon|Dazzling Gleam|p1b: Palkia|[spread] p1a,p1b\n|-damage|p1a: Incineroar|0 fnt\n|-damage|p1b: Palkia|0 fnt\n|faint|p1a: Incineroar\n|faint|p1b: Palkia\n|\n|upkeep\n|\n|t:|1773807643\n|switch|p1b: Ursaluna|Ursaluna, L50, M, shiny|56/100 brn\n|switch|p1a: Miraidon|Miraidon, L50, shiny|57/100\n|-activate|p1a: Miraidon|ability: Hadron Engine\n|turn|9\n|\n|t:|1773807663\n|move|p2b: Farigiraf|Helping Hand|p2a: Miraidon\n|-singleturn|p2a: Miraidon|Helping Hand|[of] p2b: Farigiraf\n|move|p1a: Miraidon|Electro Drift|p2a: Miraidon\n|-damage|p2a: Miraidon|13/100\n|move|p2a: Miraidon|Dazzling Gleam|p1b: Ursaluna|[spread] p1a,p1b\n|-supereffective|p1a: Miraidon\n|-damage|p1a: Miraidon|0 fnt\n|-damage|p1b: Ursaluna|0 fnt\n|faint|p1a: Miraidon\n|faint|p1b: Ursaluna\n|\n|win|It'sJustKen VGC\n|raw|BruskVGC's rating: 1282 &rarr; <strong>1262</strong><br />(-20 for losing)\n|raw|It&apos;sJustKen VGC's rating: 1347 &rarr; <strong>1363</strong><br />(+16 for winning)\n|l|\u2606BruskVGC\n|player|p1|\n|l|\u2606It'sJustKen VGC\n|player|p2|\n","uploadtime":1773807673,"views":10,"formatid":"gen9vgc2026regi","rating":1262,"private":0,"password":null}