{"id":"gen9vgc2026regi-2561642792","format":"[Gen 9] VGC 2026 Reg I","players":["TheManOfSausage","freegr"],"log":"|j|\u2606TheManOfSausage\n|j|\u2606freegr\n|t:|1773826790\n|gametype|doubles\n|player|p1|TheManOfSausage|miku-water|1463\n|player|p2|freegr|dawn|1416\n|gen|9\n|tier|[Gen 9] VGC 2026 Reg I\n|rated|\n|rule|Species Clause: Limit one of each Pok\u00e9mon\n|rule|Item Clause: Limit 1 of each item\n|clearpoke\n|poke|p1|Calyrex-Shadow, L50|\n|poke|p1|Miraidon, L50|\n|poke|p1|Clefairy, L50, M|\n|poke|p1|Rillaboom, L50, M|\n|poke|p1|Incineroar, L50, M|\n|poke|p1|Iron Bundle, L50|\n|poke|p2|Calyrex-Shadow, L50|\n|poke|p2|Zamazenta-*, L50|\n|poke|p2|Chien-Pao, L50|\n|poke|p2|Raging Bolt, L50|\n|poke|p2|Whimsicott, L50, F|\n|poke|p2|Ogerpon-Cornerstone, L50, F|\n|teampreview|4\nTheManOfSausage has agreed to open team sheets.\n|j| KittyPON2\n|\n|t:|1773826816\n|teamsize|p1|4\n|teamsize|p2|4\n|start\n|switch|p1a: Magical Mirai|Miraidon, L50|100/100\n|switch|p1b: Rice Shower|Calyrex-Shadow, L50|100/100\n|switch|p2a: Zamazenta|Zamazenta-Crowned, L50, shiny|100/100\n|switch|p2b: Chien-Pao|Chien-Pao, L50, shiny|100/100\n|-ability|p1b: Rice Shower|As One\n|-ability|p1b: Rice Shower|Unnerve\n|-fieldstart|move: Electric Terrain|[from] ability: Hadron Engine|[of] p1a: Magical Mirai\n|-ability|p2b: Chien-Pao|Sword of Ruin\n|-ability|p2a: Zamazenta|Dauntless Shield|boost\n|-boost|p2a: Zamazenta|def|1\n|turn|1\n|inactive|Battle timer is ON: inactive players will automatically lose when time's up. (requested by freegr)\n|\n|t:|1773826827\n|-terastallize|p1b: Rice Shower|Fairy\n|-terastallize|p2a: Zamazenta|Dragon\n|move|p1a: Magical Mirai|Volt Switch|p2a: Zamazenta\n|-resisted|p2a: Zamazenta\n|-damage|p2a: Zamazenta|76/100\n|\n|t:|1773826832\n|switch|p1a: Rillaboom|Rillaboom, L50, M|100/100|[from] Volt Switch\n|-fieldstart|move: Grassy Terrain|[from] ability: Grassy Surge|[of] p1a: Rillaboom\n|move|p1b: Rice Shower|Astral Barrage|p2b: Chien-Pao|[spread] p2a,p2b\n|-resisted|p2b: Chien-Pao\n|-damage|p2a: Zamazenta|40/100\n|-damage|p2b: Chien-Pao|66/100\n|move|p2b: Chien-Pao|Ruination|p1b: Rice Shower\n|-damage|p1b: Rice Shower|50/100\n|move|p2a: Zamazenta|Heavy Slam|p1b: Rice Shower\n|-supereffective|p1b: Rice Shower\n|-damage|p1b: Rice Shower|0 fnt\n|faint|p1b: Rice Shower\n|\n|-heal|p2b: Chien-Pao|72/100|[from] Grassy Terrain\n|-heal|p2a: Zamazenta|46/100|[from] Grassy Terrain\n|upkeep\n|\n|t:|1773826836\n|switch|p1b: Magical Mirai|Miraidon, L50|100/100\n|-fieldstart|move: Electric Terrain|[from] ability: Hadron Engine|[of] p1b: Magical Mirai\n|turn|2\n|\n|t:|1773826851\n|switch|p1a: Clefairy|Clefairy, L50, M|100/100\n|move|p2a: Zamazenta|Protect|p2a: Zamazenta\n|-singleturn|p2a: Zamazenta|Protect\n|move|p1b: Magical Mirai|Volt Switch|p2b: Chien-Pao\n|-damage|p2b: Chien-Pao|0 fnt\n|faint|p2b: Chien-Pao\n|\n|t:|1773826855\n|switch|p1b: Rillaboom|Rillaboom, L50, M|100/100|[from] Volt Switch\n|-fieldstart|move: Grassy Terrain|[from] ability: Grassy Surge|[of] p1b: Rillaboom\n|\n|-heal|p2a: Zamazenta|52/100|[from] Grassy Terrain\n|upkeep\n|\n|t:|1773826860\n|switch|p2b: Whimsicott|Whimsicott, L50, F, shiny|100/100\n|turn|3\n|\n|t:|1773826870\n|move|p1a: Clefairy|Protect|p1a: Clefairy\n|-singleturn|p1a: Clefairy|Protect\n|move|p2b: Whimsicott|Tailwind|p2b: Whimsicott\n|-sidestart|p2: freegr|move: Tailwind\n|move|p2a: Zamazenta|Heavy Slam|p1a: Clefairy\n|-activate|p1a: Clefairy|move: Protect\n|move|p1b: Rillaboom|U-turn|p2b: Whimsicott\n|-damage|p2b: Whimsicott|74/100\n|-damage|p1b: Rillaboom|84/100|[from] item: Rocky Helmet|[of] p2b: Whimsicott\n|\n|t:|1773826875\n|switch|p1b: Magical Mirai|Miraidon, L50|100/100|[from] U-turn\n|-fieldstart|move: Electric Terrain|[from] ability: Hadron Engine|[of] p1b: Magical Mirai\n|\n|upkeep\n|turn|4\n|\n|t:|1773826884\n|switch|p1a: Rillaboom|Rillaboom, L50, M|84/100\n|-fieldstart|move: Grassy Terrain|[from] ability: Grassy Surge|[of] p1a: Rillaboom\n|move|p2b: Whimsicott|Helping Hand|p2a: Zamazenta\n|-singleturn|p2a: Zamazenta|Helping Hand|[of] p2b: Whimsicott\n|move|p2a: Zamazenta|Heavy Slam|p1a: Rillaboom\n|-damage|p1a: Rillaboom|18/100\n|move|p1b: Magical Mirai|Draco Meteor|p2a: Zamazenta\n|-supereffective|p2a: Zamazenta\n|-damage|p2a: Zamazenta|0 fnt\n|-unboost|p1b: Magical Mirai|spa|2\n|faint|p2a: Zamazenta\n|\n|-heal|p2b: Whimsicott|80/100|[from] Grassy Terrain\n|-heal|p1a: Rillaboom|24/100|[from] Grassy Terrain\n|upkeep\n|\n|t:|1773826887\n|switch|p2a: Calyrex|Calyrex-Shadow, L50|100/100\n|-ability|p2a: Calyrex|As One\n|-ability|p2a: Calyrex|Unnerve\n|turn|5\n|\n|t:|1773826897\n|switch|p1b: Clefairy|Clefairy, L50, M|100/100\n|move|p2a: Calyrex|Astral Barrage|p1a: Rillaboom|[spread] p1a,p1b\n|-crit|p1a: Rillaboom\n|-damage|p1a: Rillaboom|0 fnt\n|-damage|p1b: Clefairy|59/100\n|faint|p1a: Rillaboom\n|-ability|p2a: Calyrex|Grim Neigh|boost\n|-boost|p2a: Calyrex|spa|1\n|move|p2b: Whimsicott|Moonblast|p1b: Clefairy\n|-damage|p1b: Clefairy|38/100\n|\n|-heal|p2b: Whimsicott|86/100|[from] Grassy Terrain\n|-heal|p1b: Clefairy|44/100|[from] Grassy Terrain\n|upkeep\n|\n|t:|1773826899\n|switch|p1a: Magical Mirai|Miraidon, L50|100/100\n|-fieldstart|move: Electric Terrain|[from] ability: Hadron Engine|[of] p1a: Magical Mirai\n|turn|6\n|\n|t:|1773826917\n|move|p2a: Calyrex|Protect|p2a: Calyrex\n|-singleturn|p2a: Calyrex|Protect\n|move|p1b: Clefairy|Protect|p1b: Clefairy\n|-singleturn|p1b: Clefairy|Protect\n|move|p2b: Whimsicott|Moonblast|p1a: Magical Mirai\n|-supereffective|p1a: Magical Mirai\n|-damage|p1a: Magical Mirai|70/100\n|-unboost|p1a: Magical Mirai|spa|1\n|move|p1a: Magical Mirai|Electro Drift|p2a: Calyrex\n|-activate|p2a: Calyrex|move: Protect\n|\n|-sideend|p2: freegr|move: Tailwind\n|upkeep\n|turn|7\n|\n|t:|1773826933\n|move|p2b: Whimsicott|Helping Hand|p2a: Calyrex\n|-singleturn|p2a: Calyrex|Helping Hand|[of] p2b: Whimsicott\n|move|p1b: Clefairy|Helping Hand|p1a: Magical Mirai\n|-singleturn|p1a: Magical Mirai|Helping Hand|[of] p1b: Clefairy\n|move|p1a: Magical Mirai|Electro Drift|p2a: Calyrex\n|-enditem|p2a: Calyrex|Focus Sash\n|-damage|p2a: Calyrex|1/100\n|move|p2a: Calyrex|Astral Barrage|p1b: Clefairy|[spread] p1a,p1b\n|-damage|p1a: Magical Mirai|0 fnt\n|-damage|p1b: Clefairy|0 fnt\n|faint|p1a: Magical Mirai\n|faint|p1b: Clefairy\n|\n|win|freegr\n|raw|TheManOfSausage's rating: 1463 &rarr; <strong>1440</strong><br />(-23 for losing)\n|raw|freegr's rating: 1416 &rarr; <strong>1439</strong><br />(+23 for winning)\n|c|\u2606TheManOfSausage|gg\n|l|\u2606TheManOfSausage\n|player|p1|\n|l|\u2606freegr\n|player|p2|\n","uploadtime":1773827103,"views":12,"formatid":"gen9vgc2026regi","rating":1439,"private":0,"password":null}