{"id":"gen9vgc2026regi-2580715106","format":"[Gen 9] VGC 2026 Reg I","players":["Azuael","ItsLeviosaStpItRon"],"log":"|j|\u2606Azuael\n|j|\u2606ItsLeviosaStpItRon\n|t:|1775926570\n|gametype|doubles\n|player|p1|Azuael|102|1324\n|player|p2|ItsLeviosaStpItRon|dragontamer|1364\n|gen|9\n|tier|[Gen 9] VGC 2026 Reg I\n|rated|\n|rule|Species Clause: Limit one of each Pok\u00e9mon\n|rule|Item Clause: Limit 1 of each item\n|clearpoke\n|poke|p1|Zacian-*, L50|\n|poke|p1|Kyogre, L50|\n|poke|p1|Pikachu, L50, M|\n|poke|p1|Moltres-Galar, L50|\n|poke|p1|Amoonguss, L50, M|\n|poke|p1|Grimmsnarl, L50, M|\n|poke|p2|Koraidon, L50|\n|poke|p2|Lunala, L50|\n|poke|p2|Brute Bonnet, L50|\n|poke|p2|Ursaluna, L50, F|\n|poke|p2|Chi-Yu, L50|\n|poke|p2|Flutter Mane, L50|\n|teampreview|4\n|\n|t:|1775926588\n|teamsize|p1|4\n|teamsize|p2|4\n|start\n|switch|p1a: Pikachu|Pikachu, L50, M|100/100\n|switch|p1b: Moltres|Moltres-Galar, L50|100/100\n|switch|p2a: Leviooosa|Chi-Yu, L50|100/100\n|switch|p2b: Wingardium|Flutter Mane, L50|100/100\n|-ability|p2a: Leviooosa|Beads of Ruin\n|turn|1\n|\n|t:|1775926618\n|switch|p2a: It's|Koraidon, L50|100/100\n|-weather|SunnyDay|[from] ability: Orichalcum Pulse|[of] p2a: It's\n|-activate|p2b: Wingardium|ability: Protosynthesis\n|-start|p2b: Wingardium|protosynthesisspe\n|-activate|p2a: It's|Orichalcum Pulse|[source]\n|move|p1a: Pikachu|Fake Out|p2a: It's\n|-damage|p2a: It's|93/100\n|move|p2b: Wingardium|Moonblast|p1b: Moltres\n|-supereffective|p1b: Moltres\n|-damage|p1b: Moltres|24/100\n|-ability|p1b: Moltres|Berserk|boost\n|-boost|p1b: Moltres|spa|1\n|move|p1b: Moltres|Tailwind|p1b: Moltres\n|-sidestart|p1: Azuael|move: Tailwind\n|\n|-weather|SunnyDay|[upkeep]\n|upkeep\n|turn|2\n|\n|t:|1775926651\n|switch|p2a: Not Leviosaaaa|Lunala, L50|100/100\n|move|p1b: Moltres|Protect|p1b: Moltres\n|-singleturn|p1b: Moltres|Protect\n|move|p1a: Pikachu|Nuzzle|p2a: Not Leviosaaaa\n|-damage|p2a: Not Leviosaaaa|98/100\n|-status|p2a: Not Leviosaaaa|par\n|move|p2b: Wingardium|Moonblast|p1b: Moltres\n|-activate|p1b: Moltres|move: Protect\n|\n|-weather|SunnyDay|[upkeep]\n|upkeep\n|turn|3\n|\n|t:|1775926669\n|-terastallize|p2a: Not Leviosaaaa|Water\n|move|p1a: Pikachu|Nuzzle|p2b: Wingardium\n|-damage|p2b: Wingardium|84/100\n|-status|p2b: Wingardium|par\n|move|p1b: Moltres|Fiery Wrath|p2a: Not Leviosaaaa|[spread] p2a,p2b\n|-damage|p2a: Not Leviosaaaa|68/100 par\n|-damage|p2b: Wingardium|40/100 par\n|cant|p2b: Wingardium|par\n|move|p2a: Not Leviosaaaa|Trick Room|p2a: Not Leviosaaaa\n|-fieldstart|move: Trick Room|[of] p2a: Not Leviosaaaa\n|\n|-weather|SunnyDay|[upkeep]\n|upkeep\n|turn|4\n|\n|t:|1775926703\n|switch|p1a: Kyogre|Kyogre, L50|100/100\n|-weather|RainDance|[from] ability: Drizzle|[of] p1a: Kyogre\n|-end|p2b: Wingardium|Protosynthesis\n|move|p2a: Not Leviosaaaa|Meteor Beam||[still]\n|-prepare|p2a: Not Leviosaaaa|Meteor Beam\n|-boost|p2a: Not Leviosaaaa|spa|1\n|-enditem|p2a: Not Leviosaaaa|Power Herb\n|-anim|p2a: Not Leviosaaaa|Meteor Beam|p1a: Kyogre\n|-damage|p1a: Kyogre|69/100\n|cant|p2b: Wingardium|par\n|move|p1b: Moltres|Fiery Wrath|p2b: Wingardium|[spread] p2a,p2b\n|-damage|p2a: Not Leviosaaaa|36/100 par\n|-damage|p2b: Wingardium|0 fnt\n|faint|p2b: Wingardium\n|-end|p2b: Wingardium|Protosynthesis|[silent]\n|\n|-weather|RainDance|[upkeep]\n|-sideend|p1: Azuael|move: Tailwind\n|upkeep\n|\n|t:|1775926720\n|switch|p2b: It's|Koraidon, L50|93/100\n|-weather|SunnyDay|[from] ability: Orichalcum Pulse|[of] p2b: It's\n|-activate|p2b: It's|Orichalcum Pulse|[source]\n|turn|5\n|\n|t:|1775926747\n|move|p1b: Moltres|Protect|p1b: Moltres\n|-singleturn|p1b: Moltres|Protect\n|move|p2b: It's|Protect|p2b: It's\n|-singleturn|p2b: It's|Protect\n|move|p2a: Not Leviosaaaa|Moongeist Beam|p1a: Kyogre\n|-damage|p1a: Kyogre|28/100\n|move|p1a: Kyogre|Ice Beam|p2b: It's\n|-activate|p2b: It's|move: Protect\n|\n|-weather|SunnyDay|[upkeep]\n|upkeep\n|turn|6\n|\n|t:|1775926777\n|switch|p1a: Pikachu|Pikachu, L50, M|100/100\n|move|p2a: Not Leviosaaaa|Moongeist Beam|p1a: Pikachu\n|-enditem|p1a: Pikachu|Focus Sash\n|-damage|p1a: Pikachu|2/100\n|move|p1b: Moltres|Fiery Wrath|p2a: Not Leviosaaaa|[spread] p2a,p2b\n|-resisted|p2b: It's\n|-damage|p2a: Not Leviosaaaa|8/100 par\n|-damage|p2b: It's|72/100\n|cant|p2b: It's|flinch\n|\n|-weather|SunnyDay|[upkeep]\n|upkeep\n|turn|7\n|c|\u2606ItsLeviosaStpItRon|Dang\n|\n|t:|1775926808\n|switch|p2b: Leviooosa|Chi-Yu, L50|100/100\n|-ability|p2b: Leviooosa|Beads of Ruin\n|move|p1a: Pikachu|Fake Out|p2b: Leviooosa\n|-damage|p2b: Leviooosa|87/100\n|move|p2a: Not Leviosaaaa|Moongeist Beam|p1a: Pikachu\n|-damage|p1a: Pikachu|0 fnt\n|faint|p1a: Pikachu\n|move|p1b: Moltres|Tailwind|p1b: Moltres\n|-sidestart|p1: Azuael|move: Tailwind\n|\n|-weather|SunnyDay|[upkeep]\n|-fieldend|move: Trick Room\n|upkeep\n|\n|t:|1775926824\n|switch|p1a: Zacian|Zacian-Crowned, L50|100/100\n|-ability|p1a: Zacian|Intrepid Sword|boost\n|-boost|p1a: Zacian|atk|1\n|turn|8\n|\n|t:|1775926844\n|move|p2a: Not Leviosaaaa|Wide Guard|p2a: Not Leviosaaaa\n|-singleturn|p2a: Not Leviosaaaa|Wide Guard\n|move|p1a: Zacian|Sacred Sword|p2b: Leviooosa\n|-supereffective|p2b: Leviooosa\n|-damage|p2b: Leviooosa|0 fnt\n|faint|p2b: Leviooosa\n|move|p1b: Moltres|Fiery Wrath|p2a: Not Leviosaaaa\n|-activate|p2a: Not Leviosaaaa|move: Wide Guard\n|\n|-weather|SunnyDay|[upkeep]\n|upkeep\n|\n|t:|1775926846\n|switch|p2b: It's|Koraidon, L50|72/100\n|-activate|p2b: It's|ability: Orichalcum Pulse\n|turn|9\n|\n|t:|1775926862\n|move|p2a: Not Leviosaaaa|Wide Guard|p2a: Not Leviosaaaa\n|-singleturn|p2a: Not Leviosaaaa|Wide Guard\n|move|p1a: Zacian|Play Rough|p2b: It's\n|-supereffective|p2b: It's\n|-damage|p2b: It's|0 fnt\n|faint|p2b: It's\n|move|p1b: Moltres|Fiery Wrath|p2a: Not Leviosaaaa\n|-activate|p2a: Not Leviosaaaa|move: Wide Guard\n|\n|-weather|none\n|upkeep\n|turn|10\n|\n|t:|1775926878\n|switch|p1b: Kyogre|Kyogre, L50|28/100\n|-weather|RainDance|[from] ability: Drizzle|[of] p1b: Kyogre\n|move|p2a: Not Leviosaaaa|Wide Guard|p2a: Not Leviosaaaa\n|-singleturn|p2a: Not Leviosaaaa|Wide Guard\n|move|p1a: Zacian|Behemoth Blade|p2a: Not Leviosaaaa\n|-resisted|p2a: Not Leviosaaaa\n|-damage|p2a: Not Leviosaaaa|0 fnt\n|faint|p2a: Not Leviosaaaa\n|\n|win|Azuael\n|raw|Azuael's rating: 1324 &rarr; <strong>1346</strong><br />(+22 for winning)\n|raw|ItsLeviosaStpItRon's rating: 1364 &rarr; <strong>1342</strong><br />(-22 for losing)\n|l|\u2606ItsLeviosaStpItRon\n|player|p2|\n|l|\u2606Azuael\n|player|p1|\n","uploadtime":1775927029,"views":18,"formatid":"gen9vgc2026regi","rating":1342,"private":0,"password":null}