{"id":"gen9vgc2026regi-2578756429","format":"[Gen 9] VGC 2026 Reg I","players":["Avocanoodle","TheNamesBetty"],"log":"|j|\u2606Avocanoodle\n|j|\u2606TheNamesBetty\n|t:|1775713302\n|gametype|doubles\n|player|p1|Avocanoodle|sonia-professor|1447\n|player|p2|TheNamesBetty|koga|1403\n|gen|9\n|tier|[Gen 9] VGC 2026 Reg I\n|rated|\n|rule|Species Clause: Limit one of each Pok\u00e9mon\n|rule|Item Clause: Limit 1 of each item\n|clearpoke\n|poke|p1|Kyogre, L50|\n|poke|p1|Lunala, L50|\n|poke|p1|Overqwil, L50, M|\n|poke|p1|Ursaluna, L50, F|\n|poke|p1|Slither Wing, L50|\n|poke|p1|Ogerpon-Wellspring, L50, F|\n|poke|p2|Koraidon, L50|\n|poke|p2|Calyrex-Shadow, L50|\n|poke|p2|Tornadus, L50, M|\n|poke|p2|Urshifu-*, L50, F|\n|poke|p2|Jumpluff, L50, M|\n|poke|p2|Dewgong, L50, M|\n|teampreview|4\n|inactive|Battle timer is ON: inactive players will automatically lose when time's up. (requested by Avocanoodle)\n|inactive|Avocanoodle has 60 seconds left.\n|inactive|TheNamesBetty has 60 seconds left.\nTheNamesBetty has agreed to open team sheets.\n|inactive|Avocanoodle has 30 seconds left.\n|inactive|Avocanoodle has 20 seconds left.\n|inactive|Avocanoodle has 15 seconds left.\n|\n|t:|1775713379\n|teamsize|p1|4\n|teamsize|p2|4\n|start\n|switch|p1a: SpireHeart|Lunala, L50|100/100\n|switch|p1b: Architect|Kyogre, L50|100/100\n|switch|p2a: Houska se sal\u00e1mem|Urshifu, L50, F|100/100\n|switch|p2b: Kedluben|Calyrex-Shadow, L50|100/100\n|-ability|p2b: Kedluben|As One\n|-ability|p2b: Kedluben|Unnerve\n|-weather|RainDance|[from] ability: Drizzle|[of] p1b: Architect\n|turn|1\n|\n|t:|1775713396\n|-terastallize|p1a: SpireHeart|Fairy\n|move|p2a: Houska se sal\u00e1mem|Wicked Blow|p1b: Architect\n|-crit|p1b: Architect\n|-damage|p1b: Architect|33/100\n|move|p2b: Kedluben|Astral Barrage|p1b: Architect|[spread] p1a,p1b\n|-damage|p1a: SpireHeart|76/100\n|-damage|p1b: Architect|0 fnt\n|faint|p1b: Architect\n|-ability|p2b: Kedluben|Grim Neigh|boost\n|-boost|p2b: Kedluben|spa|1\n|-damage|p2b: Kedluben|91/100|[from] item: Life Orb\n|move|p1a: SpireHeart|Trick Room|p1a: SpireHeart\n|-fieldstart|move: Trick Room|[of] p1a: SpireHeart\n|\n|-weather|RainDance|[upkeep]\n|upkeep\n|\n|t:|1775713409\n|switch|p1b: Proll|Ursaluna, L50, F|100/100\n|turn|2\n|inactive|Avocanoodle has 30 seconds left.\n|\n|t:|1775713438\n|switch|p2a: DDDMaxVerstappen|Dewgong, L50, M|100/100\n|move|p2b: Kedluben|Protect|p2b: Kedluben\n|-singleturn|p2b: Kedluben|Protect\n|move|p1b: Proll|Facade|p2a: DDDMaxVerstappen\n|-damage|p2a: DDDMaxVerstappen|53/100\n|move|p1a: SpireHeart|Moonblast|p2a: DDDMaxVerstappen\n|-damage|p2a: DDDMaxVerstappen|17/100\n|\n|-weather|RainDance|[upkeep]\n|-status|p1b: Proll|brn|[from] item: Flame Orb\n|upkeep\n|turn|3\n|inactive|Avocanoodle has 30 seconds left.\n|inactive|TheNamesBetty has 30 seconds left.\n|inactive|Avocanoodle has 20 seconds left.\n|inactive|TheNamesBetty has 20 seconds left.\n|inactive|Avocanoodle has 15 seconds left.\n|inactive|TheNamesBetty has 15 seconds left.\n|\n|t:|1775713480\n|-terastallize|p2b: Kedluben|Dark\n|move|p2a: DDDMaxVerstappen|Fake Out|p1b: Proll\n|-damage|p1b: Proll|95/100 brn\n|cant|p1b: Proll|flinch\n|move|p1a: SpireHeart|Moongeist Beam|p2b: Kedluben\n|-resisted|p2b: Kedluben\n|-damage|p2b: Kedluben|63/100\n|move|p2b: Kedluben|Psychic|p1b: Proll\n|-damage|p1b: Proll|0 fnt\n|faint|p1b: Proll\n|-ability|p2b: Kedluben|Grim Neigh|boost\n|-boost|p2b: Kedluben|spa|1\n|-damage|p2b: Kedluben|54/100|[from] item: Life Orb\n|\n|-weather|RainDance|[upkeep]\n|upkeep\n|\n|t:|1775713484\n|switch|p1b: FRIENDSHAPED|Slither Wing, L50, shiny|100/100\n|turn|4\n|c|\u2606TheNamesBetty|Indeed very friend-shaped!\n|inactive|TheNamesBetty has 30 seconds left.\n|c|\u2606Avocanoodle|ty\n|inactive|TheNamesBetty has 20 seconds left.\n|\n|t:|1775713521\n|move|p2b: Kedluben|Protect|p2b: Kedluben\n|-singleturn|p2b: Kedluben|Protect\n|move|p1b: FRIENDSHAPED|First Impression|p2a: DDDMaxVerstappen\n|-damage|p2a: DDDMaxVerstappen|0 fnt\n|faint|p2a: DDDMaxVerstappen\n|-damage|p1b: FRIENDSHAPED|91/100|[from] item: Life Orb\n|move|p1a: SpireHeart|Moonblast|p2b: Kedluben\n|-activate|p2b: Kedluben|move: Protect\n|\n|-weather|RainDance|[upkeep]\n|upkeep\n|\n|t:|1775713534\n|switch|p2a: Jan\u017di\u017ekaZTrocnova|Koraidon, L50|100/100\n|-weather|SunnyDay|[from] ability: Orichalcum Pulse|[of] p2a: Jan\u017di\u017ekaZTrocnova\n|-activate|p1b: FRIENDSHAPED|ability: Protosynthesis\n|-start|p1b: FRIENDSHAPED|protosynthesisatk\n|-activate|p2a: Jan\u017di\u017ekaZTrocnova|Orichalcum Pulse|[source]\n|turn|5\n|\n|t:|1775713553\n|switch|p2b: Houska se sal\u00e1mem|Urshifu, L50, F|100/100\n|move|p2a: Jan\u017di\u017ekaZTrocnova|Protect|p2a: Jan\u017di\u017ekaZTrocnova\n|-singleturn|p2a: Jan\u017di\u017ekaZTrocnova|Protect\n|move|p1b: FRIENDSHAPED|Substitute|p1b: FRIENDSHAPED\n|-start|p1b: FRIENDSHAPED|Substitute\n|-damage|p1b: FRIENDSHAPED|66/100\n|move|p1a: SpireHeart|Moonblast|p2b: Houska se sal\u00e1mem\n|-supereffective|p2b: Houska se sal\u00e1mem\n|-damage|p2b: Houska se sal\u00e1mem|0 fnt\n|faint|p2b: Houska se sal\u00e1mem\n|\n|-weather|SunnyDay|[upkeep]\n|-fieldend|move: Trick Room\n|upkeep\n|\n|t:|1775713557\n|switch|p2b: Kedluben|Calyrex-Shadow, L50, tera:Dark|54/100\n|-ability|p2b: Kedluben|As One\n|-ability|p2b: Kedluben|Unnerve\n|turn|6\n|inactive|Avocanoodle has 30 seconds left.\n|inactive|TheNamesBetty has 30 seconds left.\n|inactive|Avocanoodle has 20 seconds left.\n|inactive|Avocanoodle has 15 seconds left.\n|inactive|Avocanoodle has 10 seconds left.\n|\n|t:|1775713603\n|move|p2b: Kedluben|Psychic|p1b: FRIENDSHAPED\n|-supereffective|p1b: FRIENDSHAPED\n|-end|p1b: FRIENDSHAPED|Substitute\n|-damage|p2b: Kedluben|44/100|[from] item: Life Orb\n|move|p2a: Jan\u017di\u017ekaZTrocnova|Flare Blitz|p1a: SpireHeart\n|-damage|p1a: SpireHeart|17/100\n|-damage|p2a: Jan\u017di\u017ekaZTrocnova|84/100|[from] item: Rocky Helmet|[of] p1a: SpireHeart\n|-damage|p2a: Jan\u017di\u017ekaZTrocnova|61/100|[from] Recoil\n|move|p1b: FRIENDSHAPED|Leech Life|p2b: Kedluben\n|-supereffective|p2b: Kedluben\n|-damage|p2b: Kedluben|0 fnt\n|-heal|p1b: FRIENDSHAPED|87/100|[from] drain|[of] p2b: Kedluben\n|faint|p2b: Kedluben\n|-damage|p1b: FRIENDSHAPED|77/100|[from] item: Life Orb\n|move|p1a: SpireHeart|Trick Room|p1a: SpireHeart\n|-fieldstart|move: Trick Room|[of] p1a: SpireHeart\n|\n|-weather|SunnyDay|[upkeep]\n|upkeep\n|turn|7\n|c|\u2606TheNamesBetty|Hoped that would be enough\n|c|\u2606TheNamesBetty|Ggs\n|c|\u2606Avocanoodle|gg\n|c|\u2606Avocanoodle|thought same\n|inactive|Avocanoodle has 30 seconds left.\n|\n|t:|1775713629\n|move|p2a: Jan\u017di\u017ekaZTrocnova|Protect|p2a: Jan\u017di\u017ekaZTrocnova\n|-singleturn|p2a: Jan\u017di\u017ekaZTrocnova|Protect\n|move|p1b: FRIENDSHAPED|Will-O-Wisp|p2a: Jan\u017di\u017ekaZTrocnova\n|-activate|p2a: Jan\u017di\u017ekaZTrocnova|move: Protect\n|move|p1a: SpireHeart|Moonblast|p2a: Jan\u017di\u017ekaZTrocnova\n|-activate|p2a: Jan\u017di\u017ekaZTrocnova|move: Protect\n|\n|-weather|SunnyDay|[upkeep]\n|upkeep\n|turn|8\n|\n|t:|1775713647\n|move|p2a: Jan\u017di\u017ekaZTrocnova|Protect||[still]\n|-fail|p2a: Jan\u017di\u017ekaZTrocnova\n|move|p1b: FRIENDSHAPED|Substitute|p1b: FRIENDSHAPED\n|-start|p1b: FRIENDSHAPED|Substitute\n|-damage|p1b: FRIENDSHAPED|52/100\n|move|p1a: SpireHeart|Moonblast|p2a: Jan\u017di\u017ekaZTrocnova\n|-supereffective|p2a: Jan\u017di\u017ekaZTrocnova\n|-damage|p2a: Jan\u017di\u017ekaZTrocnova|0 fnt\n|faint|p2a: Jan\u017di\u017ekaZTrocnova\n|\n|win|Avocanoodle\n|raw|Avocanoodle's rating: 1447 &rarr; <strong>1464</strong><br />(+17 for winning)\n|raw|TheNamesBetty's rating: 1403 &rarr; <strong>1386</strong><br />(-17 for losing)\n|l|\u2606TheNamesBetty\n|player|p2|\n|l|\u2606Avocanoodle\n|player|p1|\n","uploadtime":1775713808,"views":7,"formatid":"gen9vgc2026regi","rating":1386,"private":0,"password":null}