{"id":"gen9vgc2026regi-2568583938","format":"[Gen 9] VGC 2026 Reg I","players":["Ice124567890","testhan92"],"log":"|j|\u2606Ice124567890\n|j|\u2606testhan92\n|t:|1774600447\n|gametype|doubles\n|player|p1|Ice124567890|169|1403\n|player|p2|testhan92|2|1514\n|gen|9\n|tier|[Gen 9] VGC 2026 Reg I\n|rated|\n|rule|Species Clause: Limit one of each Pok\u00e9mon\n|rule|Item Clause: Limit 1 of each item\n|clearpoke\n|poke|p1|Chien-Pao, L50|\n|poke|p1|Zacian-*, L50|\n|poke|p1|Kyogre, L50|\n|poke|p1|Urshifu-*, L50, M|\n|poke|p1|Roaring Moon, L50|\n|poke|p1|Amoonguss, L50, M|\n|poke|p2|Lunala, L50|\n|poke|p2|Incineroar, L50, F|\n|poke|p2|Amoonguss, L50, M|\n|poke|p2|Ursaluna, L50, F|\n|poke|p2|Flutter Mane, L50|\n|poke|p2|Koraidon, L50|\n|teampreview|4\n|inactive|Battle timer is ON: inactive players will automatically lose when time's up. (requested by Ice124567890)\n|inactive|testhan92 has 60 seconds left.\n|\n|t:|1774600495\n|teamsize|p1|4\n|teamsize|p2|4\n|start\n|switch|p1a: Prince|Zacian-Crowned, L50, shiny|100/100\n|switch|p1b: Frostbite|Chien-Pao, L50|100/100\n|switch|p2a: Incineroar|Incineroar, L50, F|100/100\n|switch|p2b: Amoonguss|Amoonguss, L50, M, shiny|100/100\n|-ability|p1a: Prince|Intrepid Sword|boost\n|-boost|p1a: Prince|atk|1\n|-ability|p1b: Frostbite|Sword of Ruin\n|-ability|p2a: Incineroar|Intimidate|boost\n|-unboost|p1a: Prince|atk|1\n|-unboost|p1b: Frostbite|atk|1\n|turn|1\n|\n|t:|1774600507\n|switch|p1b: Vulcan|Urshifu-Rapid-Strike, L50, M|100/100\n|move|p1a: Prince|Protect|p1a: Prince\n|-singleturn|p1a: Prince|Protect\n|move|p2a: Incineroar|Fake Out|p1b: Vulcan\n|-damage|p1b: Vulcan|90/100\n|move|p2b: Amoonguss|Spore|p1a: Prince\n|-activate|p1a: Prince|move: Protect\n|\n|upkeep\n|turn|2\n|\n|t:|1774600528\n|move|p2b: Amoonguss|Rage Powder|p2b: Amoonguss\n|-singleturn|p2b: Amoonguss|move: Rage Powder\n|move|p1a: Prince|Swords Dance|p1a: Prince\n|-boost|p1a: Prince|atk|2\n|move|p1b: Vulcan|Taunt|p2b: Amoonguss\n|-start|p2b: Amoonguss|move: Taunt\n|move|p2a: Incineroar|Parting Shot|p1a: Prince\n|-unboost|p1a: Prince|atk|1\n|-unboost|p1a: Prince|spa|1\n|\n|t:|1774600540\n|switch|p2a: Koraidon|Koraidon, L50|100/100|[from] Parting Shot\n|-weather|SunnyDay|[from] ability: Orichalcum Pulse|[of] p2a: Koraidon\n|-activate|p2a: Koraidon|Orichalcum Pulse|[source]\n|\n|-weather|SunnyDay|[upkeep]\n|upkeep\n|turn|3\n|\n|t:|1774600553\n|switch|p1a: Runaway|Kyogre, L50, shiny|100/100\n|-weather|RainDance|[from] ability: Drizzle|[of] p1a: Runaway\n|switch|p2b: Incineroar|Incineroar, L50, F|100/100\n|-ability|p2b: Incineroar|Intimidate|boost\n|-unboost|p1a: Runaway|atk|1\n|-unboost|p1b: Vulcan|atk|1\n|move|p2a: Koraidon|Protect|p2a: Koraidon\n|-singleturn|p2a: Koraidon|Protect\n|move|p1b: Vulcan|Surging Strikes|p2a: Koraidon\n|-resisted|p2a: Koraidon\n|-crit|p2a: Koraidon\n|-damage|p2a: Koraidon|83/100\n|-resisted|p2a: Koraidon\n|-crit|p2a: Koraidon\n|-damage|p2a: Koraidon|68/100\n|-resisted|p2a: Koraidon\n|-crit|p2a: Koraidon\n|-damage|p2a: Koraidon|52/100\n|-hitcount|p2a: Koraidon|3\n|\n|-weather|RainDance|[upkeep]\n|upkeep\n|turn|4\n|inactive|Ice124567890 has 30 seconds left.\n|inactive|testhan92 has 30 seconds left.\n|inactive|Ice124567890 has 20 seconds left.\n|\n|t:|1774600590\n|switch|p1a: Prince|Zacian-Crowned, L50, shiny|100/100\n|-terastallize|p2b: Incineroar|Ghost\n|move|p1b: Vulcan|Detect|p1b: Vulcan\n|-singleturn|p1b: Vulcan|Protect\n|move|p2b: Incineroar|Fake Out|p1b: Vulcan\n|-activate|p1b: Vulcan|move: Protect\n|move|p2a: Koraidon|Close Combat|p1a: Prince\n|-damage|p1a: Prince|23/100\n|-unboost|p2a: Koraidon|def|1\n|-unboost|p2a: Koraidon|spd|1\n|-damage|p2a: Koraidon|43/100|[from] item: Life Orb\n|\n|-weather|RainDance|[upkeep]\n|upkeep\n|turn|5\n|inactive|testhan92 has 30 seconds left.\n|\n|t:|1774600618\n|switch|p2a: Amoonguss|Amoonguss, L50, M, shiny|100/100\n|move|p1a: Prince|Behemoth Blade|p2b: Incineroar\n|-damage|p2b: Incineroar|50/100\n|move|p1b: Vulcan|Surging Strikes|p2a: Amoonguss\n|-resisted|p2a: Amoonguss\n|-crit|p2a: Amoonguss\n|-damage|p2a: Amoonguss|87/100\n|-damage|p1b: Vulcan|74/100|[from] item: Rocky Helmet|[of] p2a: Amoonguss\n|-resisted|p2a: Amoonguss\n|-crit|p2a: Amoonguss\n|-damage|p2a: Amoonguss|73/100\n|-damage|p1b: Vulcan|58/100|[from] item: Rocky Helmet|[of] p2a: Amoonguss\n|-resisted|p2a: Amoonguss\n|-crit|p2a: Amoonguss\n|-damage|p2a: Amoonguss|58/100\n|-damage|p1b: Vulcan|42/100|[from] item: Rocky Helmet|[of] p2a: Amoonguss\n|-hitcount|p2a: Amoonguss|3\n|move|p2b: Incineroar|Will-O-Wisp|p1b: Vulcan|[miss]\n|-miss|p2b: Incineroar|p1b: Vulcan\n|\n|-weather|RainDance|[upkeep]\n|upkeep\n|turn|6\n|inactive|testhan92 has 30 seconds left.\n|\n|t:|1774600650\n|switch|p2b: Koraidon|Koraidon, L50|43/100\n|-weather|SunnyDay|[from] ability: Orichalcum Pulse|[of] p2b: Koraidon\n|-activate|p2b: Koraidon|Orichalcum Pulse|[source]\n|move|p1a: Prince|Behemoth Blade|p2b: Koraidon\n|-damage|p2b: Koraidon|0 fnt\n|faint|p2b: Koraidon\n|move|p1b: Vulcan|Taunt|p2a: Amoonguss\n|-start|p2a: Amoonguss|move: Taunt\n|move|p2a: Amoonguss|Pollen Puff|p2: Koraidon|[notarget]\n|-fail|p2a: Amoonguss\n|\n|-weather|SunnyDay|[upkeep]\n|upkeep\n|\n|t:|1774600659\n|switch|p2b: Incineroar|Incineroar, L50, F, tera:Ghost|50/100\n|-ability|p2b: Incineroar|Intimidate|boost\n|-unboost|p1a: Prince|atk|1\n|-unboost|p1b: Vulcan|atk|1\n|turn|7\n|\n|t:|1774600679\n|switch|p1a: Runaway|Kyogre, L50, shiny|100/100\n|-weather|RainDance|[from] ability: Drizzle|[of] p1a: Runaway\n|switch|p2b: Lunala|Lunala, L50|100/100\n|move|p1b: Vulcan|Detect|p1b: Vulcan\n|-singleturn|p1b: Vulcan|Protect\n|move|p2a: Amoonguss|Pollen Puff|p1b: Vulcan\n|-activate|p1b: Vulcan|move: Protect\n|\n|-weather|RainDance|[upkeep]\n|upkeep\n|turn|8\n|\n|t:|1774600701\n|move|p1b: Vulcan|Surging Strikes|p2b: Lunala\n|-crit|p2b: Lunala\n|-damage|p2b: Lunala|85/100\n|-crit|p2b: Lunala\n|-damage|p2b: Lunala|55/100\n|-crit|p2b: Lunala\n|-damage|p2b: Lunala|23/100\n|-hitcount|p2b: Lunala|3\n|move|p1a: Runaway|Origin Pulse|p2b: Lunala|[spread] p2a,p2b\n|-resisted|p2a: Amoonguss\n|-damage|p2a: Amoonguss|16/100\n|-damage|p2b: Lunala|0 fnt\n|faint|p2b: Lunala\n|move|p2a: Amoonguss|Pollen Puff|p2: Lunala|[notarget]\n|-fail|p2a: Amoonguss\n|\n|-weather|RainDance|[upkeep]\n|-end|p2a: Amoonguss|move: Taunt\n|upkeep\n|\n|t:|1774600705\n|switch|p2b: Incineroar|Incineroar, L50, F, tera:Ghost|50/100\n|-ability|p2b: Incineroar|Intimidate|boost\n|-unboost|p1a: Runaway|atk|1\n|-unboost|p1b: Vulcan|atk|1\n|turn|9\n|c|\u2606testhan92|gg\n|c|\u2606Ice124567890|Gg\n|-message|testhan92 forfeited.\n|\n|win|Ice124567890\n|raw|Ice124567890's rating: 1419 &rarr; <strong>1444</strong><br />(+25 for winning)\n|raw|testhan92's rating: 1514 &rarr; <strong>1489</strong><br />(-25 for losing)\n|l|\u2606testhan92\n|player|p2|\n|l|\u2606Ice124567890\n|player|p1|\n","uploadtime":1774600898,"views":11,"formatid":"gen9vgc2026regi","rating":1444,"private":0,"password":null}