{"id":"gen9vgc2026regi-2559605317","format":"[Gen 9] VGC 2026 Reg I","players":["jonen","minkeyman"],"log":"|j|\u2606jonen\n|j|\u2606minkeyman\n|t:|1773591384\n|gametype|doubles\n|player|p1|jonen|medium|1154\n|player|p2|minkeyman|marshal|1050\n|gen|9\n|tier|[Gen 9] VGC 2026 Reg I\n|rated|\n|rule|Species Clause: Limit one of each Pok\u00e9mon\n|rule|Item Clause: Limit 1 of each item\n|clearpoke\n|poke|p1|Sneasler, L50, M|\n|poke|p1|Ditto, L50|\n|poke|p1|Calyrex-Ice, L50|\n|poke|p1|Miraidon, L50|\n|poke|p1|Urshifu-*, L50, M|\n|poke|p1|Incineroar, L50, M|\n|poke|p2|Grimmsnarl, L50, M|\n|poke|p2|Calyrex-Ice, L50|\n|poke|p2|Ursaluna, L50, F|\n|poke|p2|Miraidon, L50|\n|poke|p2|Torkoal, L50, F|\n|poke|p2|Incineroar, L50, M|\n|teampreview|4\n|inactive|Battle timer is ON: inactive players will automatically lose when time's up. (requested by minkeyman)\n|inactive|jonen has 60 seconds left.\n|inactive|minkeyman has 60 seconds left.\n|\n|t:|1773591424\n|teamsize|p1|4\n|teamsize|p2|4\n|start\n|switch|p1a: Miraidon|Miraidon, L50|100/100\n|switch|p1b: Incineroar|Incineroar, L50, M|100/100\n|switch|p2a: Calyrex|Calyrex-Ice, L50|100/100\n|switch|p2b: Grimmsnarl|Grimmsnarl, L50, M|100/100\n|-ability|p2a: Calyrex|As One\n|-ability|p2a: Calyrex|Unnerve\n|-fieldstart|move: Electric Terrain|[from] ability: Hadron Engine|[of] p1a: Miraidon\n|-ability|p1b: Incineroar|Intimidate|boost\n|-unboost|p2a: Calyrex|atk|1\n|-unboost|p2b: Grimmsnarl|atk|1\n|turn|1\n|inactive|minkeyman has 30 seconds left.\n|inactive|minkeyman has 20 seconds left.\n|inactive|minkeyman has 15 seconds left.\n|inactive|minkeyman has 10 seconds left.\n|inactive|minkeyman has 5 seconds left.\n|\n|t:|1773591476\n|-terastallize|p2b: Grimmsnarl|Ghost\n|move|p1b: Incineroar|Fake Out|p2a: Calyrex\n|-damage|p2a: Calyrex|93/100\n|move|p2b: Grimmsnarl|Light Screen|p2b: Grimmsnarl\n|-sidestart|p2: minkeyman|move: Light Screen\n|move|p1a: Miraidon|Electro Drift|p2b: Grimmsnarl\n|-damage|p2b: Grimmsnarl|29/100\n|-damage|p1a: Miraidon|91/100|[from] item: Life Orb\n|cant|p2a: Calyrex|flinch\n|\n|-heal|p2a: Calyrex|99/100|[from] item: Leftovers\n|upkeep\n|turn|2\n|inactive|minkeyman has 30 seconds left.\n|\n|t:|1773591508\n|-terastallize|p1a: Miraidon|Electric\n|move|p2b: Grimmsnarl|Reflect|p2b: Grimmsnarl\n|-sidestart|p2: minkeyman|Reflect\n|move|p1a: Miraidon|Volt Switch|p2a: Calyrex\n|-crit|p2a: Calyrex\n|-damage|p2a: Calyrex|0 fnt\n|faint|p2a: Calyrex\n|-damage|p1a: Miraidon|81/100|[from] item: Life Orb\n|\n|t:|1773591516\n|switch|p1a: Sneasler|Sneasler, L50, M|100/100|[from] Volt Switch\n|-enditem|p1a: Sneasler|Electric Seed\n|-boost|p1a: Sneasler|def|1|[from] item: Electric Seed\n|move|p1b: Incineroar|Knock Off|p2b: Grimmsnarl\n|-supereffective|p2b: Grimmsnarl\n|-damage|p2b: Grimmsnarl|0 fnt\n|-enditem|p2b: Grimmsnarl|Light Clay|[from] move: Knock Off|[of] p1b: Incineroar\n|faint|p2b: Grimmsnarl\n|\n|upkeep\n|\n|t:|1773591527\n|switch|p2b: Razul|Incineroar, L50, M|100/100\n|switch|p2a: Miraidon|Miraidon, L50|100/100\n|-activate|p2a: Miraidon|ability: Hadron Engine\n|-ability|p2b: Razul|Intimidate|boost\n|-unboost|p1a: Sneasler|atk|1\n|-unboost|p1b: Incineroar|atk|1\n|turn|3\n|\n|t:|1773591536\n|move|p1a: Sneasler|Protect|p1a: Sneasler\n|-singleturn|p1a: Sneasler|Protect\n|move|p2b: Razul|Fake Out|p1b: Incineroar\n|-damage|p1b: Incineroar|91/100\n|move|p2a: Miraidon|Electro Drift|p1a: Sneasler\n|-activate|p1a: Sneasler|move: Protect\n|cant|p1b: Incineroar|flinch\n|\n|upkeep\n|turn|4\n|\n|t:|1773591559\n|move|p1a: Sneasler|Low Kick|p2a: Miraidon\n|-damage|p2a: Miraidon|69/100\n|move|p2a: Miraidon|Electro Drift|p1a: Sneasler\n|-crit|p1a: Sneasler\n|-damage|p1a: Sneasler|0 fnt\n|faint|p1a: Sneasler\n|move|p2b: Razul|Knock Off|p1b: Incineroar\n|-resisted|p1b: Incineroar\n|-damage|p1b: Incineroar|74/100\n|-enditem|p1b: Incineroar|Assault Vest|[from] move: Knock Off|[of] p2b: Razul\n|move|p1b: Incineroar|Knock Off|p2a: Miraidon\n|-damage|p2a: Miraidon|51/100\n|-enditem|p2a: Miraidon|Choice Specs|[from] move: Knock Off|[of] p1b: Incineroar\n|\n|upkeep\n|\n|t:|1773591569\n|switch|p1a: Calyrex|Calyrex-Ice, L50|100/100\n|-ability|p1a: Calyrex|As One\n|-ability|p1a: Calyrex|Unnerve\n|turn|5\n|\n|t:|1773591584\n|move|p2a: Miraidon|Electro Drift|p1a: Calyrex\n|-damage|p1a: Calyrex|45/100\n|move|p2b: Razul|Flare Blitz|p1a: Calyrex\n|-supereffective|p1a: Calyrex\n|-damage|p1a: Calyrex|0 fnt\n|faint|p1a: Calyrex\n|-damage|p2b: Razul|85/100|[from] Recoil\n|move|p1b: Incineroar|U-turn|p2b: Razul\n|-damage|p2b: Razul|77/100\n|\n|t:|1773591590\n|switch|p1b: Miraidon|Miraidon, L50, tera:Electric|81/100|[from] U-turn\n|-activate|p1b: Miraidon|ability: Hadron Engine\n|\n|-fieldend|move: Electric Terrain\n|upkeep\n|\n|t:|1773591592\n|switch|p1a: Incineroar|Incineroar, L50, M|74/100\n|-ability|p1a: Incineroar|Intimidate|boost\n|-unboost|p2a: Miraidon|atk|1\n|-unboost|p2b: Razul|atk|1\n|turn|6\n|\n|t:|1773591612\n|move|p1a: Incineroar|Fake Out|p2b: Razul\n|-damage|p2b: Razul|70/100\n|move|p2a: Miraidon|Draco Meteor|p1b: Miraidon\n|-damage|p1b: Miraidon|24/100\n|-unboost|p2a: Miraidon|spa|2\n|move|p1b: Miraidon|Draco Meteor|p2a: Miraidon\n|-supereffective|p2a: Miraidon\n|-damage|p2a: Miraidon|0 fnt\n|-unboost|p1b: Miraidon|spa|2\n|faint|p2a: Miraidon\n|-damage|p1b: Miraidon|14/100|[from] item: Life Orb\n|cant|p2b: Razul|flinch\n|\n|upkeep\n|turn|7\n|inactive|minkeyman has 30 seconds left.\n|inactive|minkeyman has 20 seconds left.\n|inactive|minkeyman has 15 seconds left.\n|\n|t:|1773591657\n|move|p1b: Miraidon|Protect|p1b: Miraidon\n|-singleturn|p1b: Miraidon|Protect\n|move|p2b: Razul|Flare Blitz|p1a: Incineroar\n|-resisted|p1a: Incineroar\n|-damage|p1a: Incineroar|60/100\n|-damage|p2b: Razul|65/100|[from] Recoil\n|move|p1a: Incineroar|Knock Off|p2b: Razul\n|-resisted|p2b: Razul\n|-damage|p2b: Razul|54/100\n|-enditem|p2b: Razul|Assault Vest|[from] move: Knock Off|[of] p1a: Incineroar\n|\n|upkeep\n|turn|8\n|\n|t:|1773591673\n|move|p1b: Miraidon|Electro Drift|p2b: Razul\n|-damage|p2b: Razul|26/100\n|-damage|p1b: Miraidon|4/100|[from] item: Life Orb\n|move|p2b: Razul|Flare Blitz|p1a: Incineroar\n|-resisted|p1a: Incineroar\n|-damage|p1a: Incineroar|46/100\n|-damage|p2b: Razul|21/100|[from] Recoil\n|move|p1a: Incineroar|U-turn|p2b: Razul\n|-damage|p2b: Razul|8/100\n|\n|-sideend|p2: minkeyman|move: Light Screen\n|upkeep\n|turn|9\n|-message|minkeyman forfeited.\n|\n|win|jonen\n|raw|jonen's rating: 1154 &rarr; <strong>1172</strong><br />(+18 for winning)\n|raw|minkeyman's rating: 1050 &rarr; <strong>1038</strong><br />(-12 for losing)\n","uploadtime":1773591677,"views":10,"formatid":"gen9vgc2026regi","rating":1038,"private":0,"password":null}