{"id":"gen9vgc2026regi-2554320497","format":"[Gen 9] VGC 2026 Reg I","players":["xiaoliyunVGC","blackred123"],"log":"|j|\u2606xiaoliyunVGC\n|j|\u2606blackred123\n|t:|1772946739\n|gametype|doubles\n|player|p1|xiaoliyunVGC|liko|1547\n|player|p2|blackred123|iono-masters|1516\n|gen|9\n|tier|[Gen 9] VGC 2026 Reg I\n|rated|\n|rule|Species Clause: Limit one of each Pok\u00e9mon\n|rule|Item Clause: Limit 1 of each item\n|clearpoke\n|poke|p1|Zamazenta-*, L50|\n|poke|p1|Kyogre, L50|\n|poke|p1|Raichu, L50, M|\n|poke|p1|Flutter Mane, L50|\n|poke|p1|Tornadus, L50, M|\n|poke|p1|Urshifu-*, L50, M|\n|poke|p2|Calyrex-Shadow, L50|\n|poke|p2|Zamazenta-*, L50|\n|poke|p2|Chien-Pao, L50|\n|poke|p2|Raging Bolt, L50|\n|poke|p2|Whimsicott, L50, F|\n|poke|p2|Ogerpon-Cornerstone, L50, F|\n|teampreview|4\n|inactive|Battle timer is ON: inactive players will automatically lose when time's up. (requested by blackred123)\n|inactive|xiaoliyunVGC also wants the timer to be on.\n|\n|t:|1772946769\n|teamsize|p1|4\n|teamsize|p2|4\n|start\n|switch|p1a: Zamazenta|Zamazenta-Crowned, L50, shiny|100/100\n|switch|p1b: Raichu|Raichu, L50, M, shiny|100/100\n|switch|p2a: \u55f7\u55f7\u55f7\u55f7|Zamazenta-Crowned, L50|100/100\n|switch|p2b: \u829d\u58eb\u96ea\u8c79|Chien-Pao, L50|100/100\n|-ability|p2b: \u829d\u58eb\u96ea\u8c79|Sword of Ruin\n|-ability|p2a: \u55f7\u55f7\u55f7\u55f7|Dauntless Shield|boost\n|-boost|p2a: \u55f7\u55f7\u55f7\u55f7|def|1\n|-ability|p1a: Zamazenta|Dauntless Shield|boost\n|-boost|p1a: Zamazenta|def|1\n|turn|1\n|\n|t:|1772946784\n|-terastallize|p2a: \u55f7\u55f7\u55f7\u55f7|Dragon\n|move|p1b: Raichu|Feint|p2b: \u829d\u58eb\u96ea\u8c79\n|-damage|p2b: \u829d\u58eb\u96ea\u8c79|93/100\n|move|p2b: \u829d\u58eb\u96ea\u8c79|Icy Wind|p1a: Zamazenta|[spread] p1a,p1b\n|-resisted|p1a: Zamazenta\n|-damage|p1a: Zamazenta|97/100\n|-damage|p1b: Raichu|84/100\n|-unboost|p1a: Zamazenta|spe|1\n|-unboost|p1b: Raichu|spe|1\n|move|p2a: \u55f7\u55f7\u55f7\u55f7|Body Press|p1b: Raichu\n|-damage|p1b: Raichu|0 fnt\n|faint|p1b: Raichu\n|move|p1a: Zamazenta|Behemoth Bash|p2b: \u829d\u58eb\u96ea\u8c79\n|-supereffective|p2b: \u829d\u58eb\u96ea\u8c79\n|-damage|p2b: \u829d\u58eb\u96ea\u8c79|14/100\n|\n|upkeep\n|\n|t:|1772946797\n|switch|p1b: Kyogre|Kyogre, L50, shiny|100/100\n|-weather|RainDance|[from] ability: Drizzle|[of] p1b: Kyogre\n|turn|2\n|inactive|xiaoliyunVGC has 30 seconds left.\n|\n|t:|1772946827\n|move|p1a: Zamazenta|Protect|p1a: Zamazenta\n|-singleturn|p1a: Zamazenta|Protect\n|move|p1b: Kyogre|Ice Beam|p2b: \u829d\u58eb\u96ea\u8c79\n|-resisted|p2b: \u829d\u58eb\u96ea\u8c79\n|-damage|p2b: \u829d\u58eb\u96ea\u8c79|0 fnt\n|faint|p2b: \u829d\u58eb\u96ea\u8c79\n|move|p2a: \u55f7\u55f7\u55f7\u55f7|Body Press|p1b: Kyogre\n|-damage|p1b: Kyogre|22/100\n|\n|-weather|RainDance|[upkeep]\n|upkeep\n|\n|t:|1772946838\n|switch|p2b: \u6211\u5f88\u5feb\u7684|Raging Bolt, L50|100/100\n|-enditem|p2b: \u6211\u5f88\u5feb\u7684|Booster Energy\n|-activate|p2b: \u6211\u5f88\u5feb\u7684|ability: Protosynthesis|[fromitem]\n|-start|p2b: \u6211\u5f88\u5feb\u7684|protosynthesisspa\n|turn|3\n|\n|t:|1772946850\n|switch|p1b: Tornadus|Tornadus, L50, M, shiny|100/100\n|-terastallize|p1a: Zamazenta|Fighting\n|move|p2b: \u6211\u5f88\u5feb\u7684|Thunderclap||[still]\n|-fail|p2b: \u6211\u5f88\u5feb\u7684\n|move|p2a: \u55f7\u55f7\u55f7\u55f7|Body Press|p1a: Zamazenta\n|-damage|p1a: Zamazenta|73/100\n|move|p1a: Zamazenta|Body Press|p2b: \u6211\u5f88\u5feb\u7684\n|-damage|p2b: \u6211\u5f88\u5feb\u7684|25/100\n|\n|-weather|RainDance|[upkeep]\n|upkeep\n|turn|4\n|inactive|xiaoliyunVGC has 30 seconds left.\n|\n|t:|1772946878\n|move|p1a: Zamazenta|Protect|p1a: Zamazenta\n|-singleturn|p1a: Zamazenta|Protect\n|move|p1b: Tornadus|Tailwind|p1b: Tornadus\n|-sidestart|p1: xiaoliyunVGC|move: Tailwind\n|move|p2a: \u55f7\u55f7\u55f7\u55f7|Body Press|p1a: Zamazenta\n|-activate|p1a: Zamazenta|move: Protect\n|move|p2b: \u6211\u5f88\u5feb\u7684|Thunderbolt|p1b: Tornadus\n|-supereffective|p1b: Tornadus\n|-damage|p1b: Tornadus|0 fnt\n|faint|p1b: Tornadus\n|\n|-weather|RainDance|[upkeep]\n|upkeep\n|\n|t:|1772946887\n|switch|p1b: Kyogre|Kyogre, L50, shiny|22/100\n|turn|5\n|\n|t:|1772946892\n|move|p2b: \u6211\u5f88\u5feb\u7684|Thunderclap|p1b: Kyogre\n|-supereffective|p1b: Kyogre\n|-damage|p1b: Kyogre|0 fnt\n|faint|p1b: Kyogre\n|move|p1a: Zamazenta|Body Press|p2b: \u6211\u5f88\u5feb\u7684\n|-damage|p2b: \u6211\u5f88\u5feb\u7684|0 fnt\n|faint|p2b: \u6211\u5f88\u5feb\u7684\n|-end|p2b: \u6211\u5f88\u5feb\u7684|Protosynthesis|[silent]\n|move|p2a: \u55f7\u55f7\u55f7\u55f7|Body Press|p1a: Zamazenta\n|-damage|p1a: Zamazenta|50/100\n|\n|-weather|RainDance|[upkeep]\n|upkeep\n|\n|t:|1772946898\n|switch|p2b: \u53f8\u9a6c|Calyrex-Shadow, L50|100/100\n|-ability|p2b: \u53f8\u9a6c|As One\n|-ability|p2b: \u53f8\u9a6c|Unnerve\n|turn|6\n|-message|xiaoliyunVGC forfeited.\n|\n|win|blackred123\n|raw|xiaoliyunVGC's rating: 1547 &rarr; <strong>1525</strong><br />(-22 for losing)\n|raw|blackred123's rating: 1516 &rarr; <strong>1538</strong><br />(+22 for winning)\n|l|\u2606xiaoliyunVGC\n|player|p1|\n","uploadtime":1772947050,"views":26,"formatid":"gen9vgc2026regi","rating":1525,"private":0,"password":null}