{"id":"gen9vgc2026regi-2553380801","format":"[Gen 9] VGC 2026 Reg I","players":["KogaAF1219","I\u2764\ufe0f\u5a1c\u7984forever"],"log":"|j|\u2606KogaAF1219\n|j|\u2606I\u2764\ufe0f\u5a1c\u7984forever\n|t:|1772825583\n|gametype|doubles\n|player|p1|KogaAF1219|102|1300\n|player|p2|I\u2764\ufe0f\u5a1c\u7984forever|youngcouple-gen4dp|1349\n|gen|9\n|tier|[Gen 9] VGC 2026 Reg I\n|rated|\n|rule|Species Clause: Limit one of each Pok\u00e9mon\n|rule|Item Clause: Limit 1 of each item\n|clearpoke\n|poke|p1|Calyrex-Shadow, L50|\n|poke|p1|Indeedee, L50, M|\n|poke|p1|Illumise, L50, F|\n|poke|p1|Venusaur, L50, F|\n|poke|p1|Torkoal, L50, F|\n|poke|p1|Koraidon, L50|\n|poke|p2|Groudon, L50|\n|poke|p2|Kyurem-White, L50|\n|poke|p2|Heatran, L50, M|\n|poke|p2|Whimsicott, L50, F|\n|poke|p2|Roaring Moon, L50|\n|poke|p2|Ditto, L50|\n|teampreview|4\n|\n|t:|1772825604\n|teamsize|p1|4\n|teamsize|p2|4\n|start\n|switch|p1a: Calyrex|Calyrex-Shadow, L50|100/100\n|switch|p1b: Indeedee|Indeedee, L50, M|100/100\n|switch|p2a: Whimsicott|Whimsicott, L50, F|100/100\n|switch|p2b: Kyurem|Kyurem-White, L50|100/100\n|-ability|p1a: Calyrex|As One\n|-ability|p1a: Calyrex|Unnerve\n|-fieldstart|move: Psychic Terrain|[from] ability: Psychic Surge|[of] p1b: Indeedee\n|-ability|p2b: Kyurem|Turboblaze\n|turn|1\n|\n|t:|1772825611\n|move|p2a: Whimsicott|Tailwind|p2a: Whimsicott\n|-sidestart|p2: I\u2764\ufe0f\u5a1c\u7984forever|move: Tailwind\n|move|p2b: Kyurem|Blizzard|p1a: Calyrex|[spread] p1a,p1b\n|-damage|p1a: Calyrex|42/100\n|-damage|p1b: Indeedee|26/100\n|move|p1a: Calyrex|Astral Barrage|p2a: Whimsicott|[spread] p2a,p2b\n|-enditem|p2a: Whimsicott|Focus Sash\n|-damage|p2a: Whimsicott|1/100\n|-damage|p2b: Kyurem|44/100\n|-damage|p1a: Calyrex|32/100|[from] item: Life Orb\n|move|p1b: Indeedee|Trick Room|p1b: Indeedee\n|-fieldstart|move: Trick Room|[of] p1b: Indeedee\n|\n|upkeep\n|turn|2\n|\n|t:|1772825634\n|move|p1b: Indeedee|Dazzling Gleam|p2b: Kyurem|[spread] p2a,p2b\n|-supereffective|p2b: Kyurem\n|-damage|p2a: Whimsicott|0 fnt\n|-damage|p2b: Kyurem|15/100\n|faint|p2a: Whimsicott\n|move|p1a: Calyrex|Astral Barrage|p2b: Kyurem\n|-damage|p2b: Kyurem|0 fnt\n|faint|p2b: Kyurem\n|-ability|p1a: Calyrex|Grim Neigh|boost\n|-boost|p1a: Calyrex|spa|1\n|-damage|p1a: Calyrex|22/100|[from] item: Life Orb\n|\n|upkeep\n|j| DudeGaming 25\n|\n|t:|1772825641\n|switch|p2b: Heatran|Heatran, L50, M|100/100\n|switch|p2a: Groudon|Groudon, L50|100/100\n|-weather|SunnyDay|[from] ability: Drought|[of] p2a: Groudon\n|turn|3\n|\n|t:|1772825655\n|move|p1a: Calyrex|Protect|p1a: Calyrex\n|-singleturn|p1a: Calyrex|Protect\n|move|p1b: Indeedee|Expanding Force|p2b: Heatran|[spread] p2a,p2b\n|-resisted|p2b: Heatran\n|-damage|p2a: Groudon|72/100\n|-damage|p2b: Heatran|82/100\n|move|p2b: Heatran|Heat Wave|p1b: Indeedee|[spread] p1b\n|-activate|p1a: Calyrex|move: Protect\n|-damage|p1b: Indeedee|0 fnt\n|faint|p1b: Indeedee\n|move|p2a: Groudon|Precipice Blades|p1a: Calyrex\n|-activate|p1a: Calyrex|move: Protect\n|\n|-weather|SunnyDay|[upkeep]\n|-heal|p2b: Heatran|88/100|[from] item: Leftovers\n|upkeep\n|\n|t:|1772825661\n|switch|p1b: Torkoal|Torkoal, L50, F|100/100\n|turn|4\n|\n|t:|1772825672\n|-terastallize|p1a: Calyrex|Ground\n|-terastallize|p2a: Groudon|Water\n|move|p2b: Heatran|Protect|p2b: Heatran\n|-singleturn|p2b: Heatran|Protect\n|move|p1b: Torkoal|Eruption|p2b: Heatran|[spread] p2a\n|-activate|p2b: Heatran|move: Protect\n|-resisted|p2a: Groudon\n|-crit|p2a: Groudon\n|-damage|p2a: Groudon|28/100\n|move|p1a: Calyrex|Tera Blast|p2b: Heatran|[anim] Tera Blast Ground\n|-activate|p2b: Heatran|move: Protect\n|move|p2a: Groudon|Precipice Blades|p1a: Calyrex|[spread] p1a,p1b\n|-supereffective|p1b: Torkoal\n|-damage|p1a: Calyrex|0 fnt\n|-damage|p1b: Torkoal|12/100\n|faint|p1a: Calyrex\n|\n|-weather|SunnyDay|[upkeep]\n|-heal|p2b: Heatran|94/100|[from] item: Leftovers\n|-sideend|p2: I\u2764\ufe0f\u5a1c\u7984forever|move: Tailwind\n|upkeep\n|j| g0dGun\n|\n|t:|1772825682\n|switch|p1a: Koraidon|Koraidon, L50|100/100\n|-activate|p1a: Koraidon|ability: Orichalcum Pulse\n|turn|5\n|\n|t:|1772825697\n|move|p1a: Koraidon|Protect|p1a: Koraidon\n|-singleturn|p1a: Koraidon|Protect\n|move|p1b: Torkoal|Eruption|p2b: Heatran|[spread] p2a,p2b\n|-resisted|p2a: Groudon\n|-damage|p2a: Groudon|24/100\n|-damage|p2b: Heatran|85/100\n|move|p2b: Heatran|Substitute|p2b: Heatran\n|-start|p2b: Heatran|Substitute\n|-damage|p2b: Heatran|60/100\n|move|p2a: Groudon|Precipice Blades|p1a: Koraidon|[spread] p1b\n|-activate|p1a: Koraidon|move: Protect\n|-supereffective|p1b: Torkoal\n|-damage|p1b: Torkoal|0 fnt\n|faint|p1b: Torkoal\n|\n|-weather|SunnyDay|[upkeep]\n|-heal|p2b: Heatran|66/100|[from] item: Leftovers\n|-fieldend|move: Trick Room\n|-fieldend|move: Psychic Terrain\n|upkeep\n|turn|6\n|inactive|Battle timer is ON: inactive players will automatically lose when time's up. (requested by KogaAF1219)\n|\n|t:|1772825719\n|move|p1a: Koraidon|Wild Charge|p2a: Groudon\n|-supereffective|p2a: Groudon\n|-damage|p2a: Groudon|0 fnt\n|faint|p2a: Groudon\n|-damage|p1a: Koraidon|94/100|[from] Recoil\n|move|p2b: Heatran|Heat Wave|p1a: Koraidon\n|-resisted|p1a: Koraidon\n|-damage|p1a: Koraidon|56/100\n|\n|-weather|SunnyDay|[upkeep]\n|-heal|p2b: Heatran|72/100|[from] item: Leftovers\n|upkeep\n|turn|7\n|\n|t:|1772825731\n|move|p2b: Heatran|Protect|p2b: Heatran\n|-singleturn|p2b: Heatran|Protect\n|move|p1a: Koraidon|Brick Break|p2b: Heatran\n|-activate|p2b: Heatran|move: Protect\n|\n|-weather|none\n|-heal|p2b: Heatran|78/100|[from] item: Leftovers\n|upkeep\n|turn|8\n|\n|t:|1772825740\n|move|p1a: Koraidon|Brick Break|p2b: Heatran\n|-supereffective|p2b: Heatran\n|-end|p2b: Heatran|Substitute\n|move|p2b: Heatran|Earth Power|p1a: Koraidon\n|-damage|p1a: Koraidon|27/100\n|\n|-heal|p2b: Heatran|84/100|[from] item: Leftovers\n|upkeep\n|turn|9\n|\n|t:|1772825747\n|move|p2b: Heatran|Protect|p2b: Heatran\n|-singleturn|p2b: Heatran|Protect\n|move|p1a: Koraidon|Brick Break|p2b: Heatran\n|-activate|p2b: Heatran|move: Protect\n|\n|-heal|p2b: Heatran|90/100|[from] item: Leftovers\n|upkeep\n|turn|10\n|\n|t:|1772825750\n|move|p1a: Koraidon|Brick Break|p2b: Heatran\n|-supereffective|p2b: Heatran\n|-damage|p2b: Heatran|23/100\n|move|p2b: Heatran|Earth Power|p1a: Koraidon\n|-damage|p1a: Koraidon|0 fnt\n|faint|p1a: Koraidon\n|\n|win|I\u2764\ufe0f\u5a1c\u7984forever\n|raw|KogaAF1219's rating: 1300 &rarr; <strong>1279</strong><br />(-21 for losing)\n|raw|I\u2764\ufe0f\u5a1c\u7984forever's rating: 1349 &rarr; <strong>1366</strong><br />(+17 for winning)\n|l|\u2606KogaAF1219\n|player|p1|\n|l|\u2606I\u2764\ufe0f\u5a1c\u7984forever\n|player|p2|\n|l| DudeGaming 25\n","uploadtime":1772825897,"views":12,"formatid":"gen9vgc2026regi","rating":1279,"private":0,"password":null}