{"id":"gen9vgc2026regi-2558040879","format":"[Gen 9] VGC 2026 Reg I","players":["Shuriky","alexit93"],"log":"|j|\u2606Shuriky\n|j|\u2606alexit93\n|t:|1773394673\n|gametype|doubles\n|player|p1|Shuriky|1|1483\n|player|p2|alexit93|lucas-gen4pt|1426\n|gen|9\n|tier|[Gen 9] VGC 2026 Reg I\n|rated|\n|rule|Species Clause: Limit one of each Pok\u00e9mon\n|rule|Item Clause: Limit 1 of each item\n|clearpoke\n|poke|p1|Miraidon, L50|\n|poke|p1|Kyogre, L50|\n|poke|p1|Whimsicott, L50, M|\n|poke|p1|Clefairy, L50, M|\n|poke|p1|Iron Treads, L50|\n|poke|p1|Urshifu-*, L50, F|\n|poke|p2|Zamazenta-*, L50|\n|poke|p2|Chien-Pao, L50|\n|poke|p2|Miraidon, L50|\n|poke|p2|Whimsicott, L50, M|\n|poke|p2|Farigiraf, L50, F|\n|poke|p2|Landorus, L50, M|\n|teampreview|4\n|\n|t:|1773394703\n|teamsize|p1|4\n|teamsize|p2|4\n|start\n|switch|p1a: Larry|Miraidon, L50|100/100\n|switch|p1b: Trollsicott|Whimsicott, L50, M, shiny|100/100\n|switch|p2a: Miraidon|Miraidon, L50, shiny|100/100\n|switch|p2b: Whimsicott|Whimsicott, L50, M|100/100\n|-fieldstart|move: Electric Terrain|[from] ability: Hadron Engine|[of] p2a: Miraidon\n|-activate|p1a: Larry|ability: Hadron Engine\n|turn|1\n|\n|t:|1773394712\n|-terastallize|p2a: Miraidon|Fairy\n|-terastallize|p1a: Larry|Fairy\n|move|p1b: Trollsicott|Tailwind|p1b: Trollsicott\n|-sidestart|p1: Shuriky|move: Tailwind\n|move|p2b: Whimsicott|Tailwind|p2b: Whimsicott\n|-sidestart|p2: alexit93|move: Tailwind\n|move|p2a: Miraidon|Dazzling Gleam|p1a: Larry|[spread] p1a,p1b\n|-damage|p1a: Larry|41/100\n|-enditem|p1b: Trollsicott|Focus Sash\n|-damage|p1b: Trollsicott|1/100\n|move|p1a: Larry|Dazzling Gleam|p2a: Miraidon|[spread] p2a,p2b\n|-damage|p2a: Miraidon|49/100\n|-damage|p2b: Whimsicott|2/100\n|-damage|p1a: Larry|32/100|[from] item: Life Orb\n|\n|upkeep\n|turn|2\n|\n|t:|1773394762\n|switch|p1a: Address me|Iron Treads, L50|100/100\n|-activate|p1a: Address me|ability: Quark Drive\n|-start|p1a: Address me|quarkdrivespe\n|move|p2b: Whimsicott|Protect|p2b: Whimsicott\n|-singleturn|p2b: Whimsicott|Protect\n|move|p2a: Miraidon|Dazzling Gleam|p1b: Trollsicott|[spread] p1a,p1b\n|-resisted|p1a: Address me\n|-damage|p1a: Address me|51/100\n|-damage|p1b: Trollsicott|0 fnt\n|faint|p1b: Trollsicott\n|\n|upkeep\n|\n|t:|1773394775\n|switch|p1b: Fih|Kyogre, L50, shiny|100/100\n|-weather|RainDance|[from] ability: Drizzle|[of] p1b: Fih\n|turn|3\n|\n|t:|1773394796\n|switch|p2a: Chien-Pao|Chien-Pao, L50|100/100\n|-ability|p2a: Chien-Pao|Sword of Ruin\n|move|p2b: Whimsicott|Protect||[still]\n|-fail|p2b: Whimsicott\n|move|p1a: Address me|Iron Head|p2a: Chien-Pao\n|-supereffective|p2a: Chien-Pao\n|-damage|p2a: Chien-Pao|0 fnt\n|faint|p2a: Chien-Pao\n|move|p1b: Fih|Origin Pulse|p2b: Whimsicott\n|-resisted|p2b: Whimsicott\n|-damage|p2b: Whimsicott|0 fnt\n|faint|p2b: Whimsicott\n|\n|-weather|RainDance|[upkeep]\n|upkeep\n|\n|t:|1773394799\n|switch|p2a: Zamazenta|Zamazenta-Crowned, L50, shiny|100/100\n|switch|p2b: Miraidon|Miraidon, L50, shiny, tera:Fairy|49/100\n|-activate|p2b: Miraidon|ability: Hadron Engine\n|-ability|p2a: Zamazenta|Dauntless Shield|boost\n|-boost|p2a: Zamazenta|def|1\n|turn|4\n|\n|t:|1773394837\n|switch|p1b: Larry|Miraidon, L50, tera:Fairy|32/100\n|-activate|p1b: Larry|ability: Hadron Engine\n|move|p1a: Address me|Iron Head|p2b: Miraidon\n|-supereffective|p2b: Miraidon\n|-damage|p2b: Miraidon|0 fnt\n|faint|p2b: Miraidon\n|move|p2a: Zamazenta|Body Press|p1b: Larry\n|-resisted|p1b: Larry\n|-damage|p1b: Larry|0 fnt\n|faint|p1b: Larry\n|\n|-weather|RainDance|[upkeep]\n|-sideend|p2: alexit93|move: Tailwind\n|-sideend|p1: Shuriky|move: Tailwind\n|upkeep\n|\n|t:|1773394845\n|switch|p1b: Fih|Kyogre, L50, shiny|100/100\n|turn|5\n|\n|t:|1773394853\n|move|p2a: Zamazenta|Protect|p2a: Zamazenta\n|-singleturn|p2a: Zamazenta|Protect\n|move|p1a: Address me|Iron Head|p2a: Zamazenta\n|-activate|p2a: Zamazenta|move: Protect\n|move|p1b: Fih|Origin Pulse|p2a: Zamazenta\n|-activate|p2a: Zamazenta|move: Protect\n|\n|-weather|RainDance|[upkeep]\n|-fieldend|move: Electric Terrain\n|-end|p1a: Address me|Quark Drive\n|upkeep\n|turn|6\n|\n|t:|1773394858\n|move|p2a: Zamazenta|Body Press|p1b: Fih\n|-damage|p1b: Fih|37/100\n|move|p1a: Address me|Iron Head|p2a: Zamazenta\n|-resisted|p2a: Zamazenta\n|-damage|p2a: Zamazenta|90/100\n|move|p1b: Fih|Origin Pulse|p2a: Zamazenta\n|-damage|p2a: Zamazenta|0 fnt\n|faint|p2a: Zamazenta\n|\n|win|Shuriky\n|raw|Shuriky's rating: 1483 &rarr; <strong>1500</strong><br />(+17 for winning)\n|raw|alexit93's rating: 1426 &rarr; <strong>1409</strong><br />(-17 for losing)\n|l|\u2606alexit93\n|player|p2|\n","uploadtime":1773394996,"views":18,"formatid":"gen9vgc2026regi","rating":1409,"private":0,"password":null}