{"id":"gen9vgc2026regi-2539757160","format":"[Gen 9] VGC 2026 Reg I","players":["j0l0k0","kapu reki"],"log":"|j|\u2606j0l0k0\n|j|\u2606kapu reki\n|t:|1771105109\n|gametype|doubles\n|player|p1|j0l0k0|brycen|1457\n|player|p2|kapu reki|caitlin|1408\n|gen|9\n|tier|[Gen 9] VGC 2026 Reg I\n|rated|\n|rule|Species Clause: Limit one of each Pok\u00e9mon\n|rule|Item Clause: Limit 1 of each item\n|clearpoke\n|poke|p1|Calyrex-Ice, L50|\n|poke|p1|Kyogre, L50|\n|poke|p1|Indeedee-F, L50, F|\n|poke|p1|Urshifu-*, L50, F|\n|poke|p1|Amoonguss, L50, F|\n|poke|p1|Landorus, L50, M|\n|poke|p2|Miraidon, L50|\n|poke|p2|Calyrex-Ice, L50|\n|poke|p2|Mienshao, L50, F|\n|poke|p2|Sinistcha, L50|\n|poke|p2|Incineroar, L50, F|\n|poke|p2|Ursaluna-Bloodmoon, L50, M|\n|teampreview|4\n|inactive|Battle timer is ON: inactive players will automatically lose when time's up. (requested by j0l0k0)\n|inactive|kapu reki has 60 seconds left.\n|\n|t:|1771105141\n|teamsize|p1|4\n|teamsize|p2|4\n|start\n|switch|p1a: Kyogre|Kyogre, L50, shiny|100/100\n|switch|p1b: Landorus|Landorus, L50, M, shiny|100/100\n|switch|p2a: Calyrex|Calyrex-Ice, L50|100/100\n|switch|p2b: Mienshao|Mienshao, L50, F|100/100\n|-ability|p2a: Calyrex|As One\n|-ability|p2a: Calyrex|Unnerve\n|-weather|RainDance|[from] ability: Drizzle|[of] p1a: Kyogre\n|turn|1\n|\n|t:|1771105154\n|switch|p1a: Calyrex|Calyrex-Ice, L50|100/100\n|-ability|p1a: Calyrex|As One\n|-ability|p1a: Calyrex|Unnerve\n|move|p2b: Mienshao|Wide Guard|p2b: Mienshao\n|-singleturn|p2b: Mienshao|Wide Guard\n|move|p1b: Landorus|Sandsear Storm|p2b: Mienshao|[spread] \n|-activate|p2a: Calyrex|move: Wide Guard\n|-activate|p2b: Mienshao|move: Wide Guard\n|move|p2a: Calyrex|Trick Room|p2a: Calyrex\n|-fieldstart|move: Trick Room|[of] p2a: Calyrex\n|\n|-weather|RainDance|[upkeep]\n|upkeep\n|turn|2\n|\n|t:|1771105172\n|move|p1b: Landorus|Protect|p1b: Landorus\n|-singleturn|p1b: Landorus|Protect\n|move|p1a: Calyrex|Crunch|p2a: Calyrex\n|-supereffective|p2a: Calyrex\n|-damage|p2a: Calyrex|57/100\n|move|p2a: Calyrex|Imprison|p2a: Calyrex\n|-start|p2a: Calyrex|move: Imprison\n|move|p2b: Mienshao|Knock Off|p1a: Calyrex\n|-supereffective|p1a: Calyrex\n|-damage|p1a: Calyrex|57/100\n|-enditem|p1a: Calyrex|Clear Amulet|[from] move: Knock Off|[of] p2b: Mienshao\n|\n|-weather|RainDance|[upkeep]\n|upkeep\n|turn|3\n|\n|t:|1771105193\n|switch|p1b: Urshifu|Urshifu, L50, F|100/100\n|-terastallize|p2a: Calyrex|Fire\n|move|p1a: Calyrex|Crunch|p2a: Calyrex\n|-damage|p2a: Calyrex|34/100\n|move|p2a: Calyrex|Glacial Lance|p1b: Urshifu|[spread] p1a,p1b\n|-resisted|p1a: Calyrex\n|-damage|p1a: Calyrex|37/100\n|-damage|p1b: Urshifu|42/100\n|move|p2b: Mienshao|Close Combat|p1a: Calyrex\n|-damage|p1a: Calyrex|0 fnt\n|-unboost|p2b: Mienshao|def|1\n|-unboost|p2b: Mienshao|spd|1\n|faint|p1a: Calyrex\n|\n|-weather|RainDance|[upkeep]\n|upkeep\n|\n|t:|1771105202\n|switch|p1a: Landorus|Landorus, L50, M, shiny|100/100\n|turn|4\n|\n|t:|1771105211\n|switch|p2b: Sinistcha|Sinistcha, L50|100/100\n|-heal|p2a: Calyrex|58/100|[from] ability: Hospitality|[of] p2b: Sinistcha\n|move|p1a: Landorus|Protect|p1a: Landorus\n|-singleturn|p1a: Landorus|Protect\n|move|p1b: Urshifu|Protect|p1b: Urshifu\n|-singleturn|p1b: Urshifu|Protect\n|move|p2a: Calyrex|Glacial Lance|p1a: Landorus|[spread] \n|-activate|p1a: Landorus|move: Protect\n|-activate|p1b: Urshifu|move: Protect\n|\n|-weather|RainDance|[upkeep]\n|upkeep\n|turn|5\n|\n|t:|1771105223\n|-terastallize|p1a: Landorus|Steel\n|move|p1b: Urshifu|Protect|p1b: Urshifu\n|-singleturn|p1b: Urshifu|Protect\n|move|p2b: Sinistcha|Rage Powder|p2b: Sinistcha\n|-singleturn|p2b: Sinistcha|move: Rage Powder\n|move|p2a: Calyrex|Glacial Lance|p1b: Urshifu|[spread] p1a\n|-activate|p1b: Urshifu|move: Protect\n|-resisted|p1a: Landorus\n|-damage|p1a: Landorus|70/100\n|move|p1a: Landorus|Earth Power|p2b: Sinistcha\n|-resisted|p2b: Sinistcha\n|-damage|p2b: Sinistcha|57/100\n|\n|-weather|none\n|-fieldend|move: Trick Room\n|upkeep\n|turn|6\n|\n|t:|1771105245\n|move|p2b: Sinistcha|Rage Powder|p2b: Sinistcha\n|-singleturn|p2b: Sinistcha|move: Rage Powder\n|move|p1b: Urshifu|Wicked Blow|p2b: Sinistcha\n|-supereffective|p2b: Sinistcha\n|-crit|p2b: Sinistcha\n|-damage|p2b: Sinistcha|0 fnt\n|faint|p2b: Sinistcha\n|move|p1a: Landorus|Earth Power|p2a: Calyrex\n|-supereffective|p2a: Calyrex\n|-damage|p2a: Calyrex|0 fnt\n|faint|p2a: Calyrex\n|\n|upkeep\n|\n|t:|1771105250\n|switch|p2b: Miraidon|Miraidon, L50|100/100\n|switch|p2a: Mienshao|Mienshao, L50, F|100/100\n|-fieldstart|move: Electric Terrain|[from] ability: Hadron Engine|[of] p2b: Miraidon\n|-enditem|p2b: Miraidon|Electric Seed\n|-boost|p2b: Miraidon|def|1|[from] item: Electric Seed\n|turn|7\n|\n|t:|1771105273\n|move|p1b: Urshifu|Protect|p1b: Urshifu\n|-singleturn|p1b: Urshifu|Protect\n|move|p1a: Landorus|Protect|p1a: Landorus\n|-singleturn|p1a: Landorus|Protect\n|move|p2a: Mienshao|Fake Out|p1a: Landorus\n|-activate|p1a: Landorus|move: Protect\n|move|p2b: Miraidon|Calm Mind|p2b: Miraidon\n|-boost|p2b: Miraidon|spa|1\n|-boost|p2b: Miraidon|spd|1\n|\n|upkeep\n|turn|8\n|\n|t:|1771105288\n|move|p2a: Mienshao|Close Combat|p1a: Landorus\n|-supereffective|p1a: Landorus\n|-crit|p1a: Landorus\n|-damage|p1a: Landorus|0 fnt\n|-unboost|p2a: Mienshao|def|1\n|-unboost|p2a: Mienshao|spd|1\n|faint|p1a: Landorus\n|move|p2b: Miraidon|Parabolic Charge|p1b: Urshifu|[spread] p2a,p1b\n|-enditem|p2a: Mienshao|Focus Sash\n|-damage|p2a: Mienshao|1/100\n|-damage|p1b: Urshifu|0 fnt\n|faint|p1b: Urshifu\n|\n|upkeep\n|\n|t:|1771105298\n|switch|p1b: Kyogre|Kyogre, L50, shiny|100/100\n|-weather|RainDance|[from] ability: Drizzle|[of] p1b: Kyogre\n|turn|9\n|c|\u2606j0l0k0|ggwp\n|\n|t:|1771105305\n|move|p2a: Mienshao|Close Combat|p1b: Kyogre\n|-damage|p1b: Kyogre|44/100\n|-unboost|p2a: Mienshao|def|1\n|-unboost|p2a: Mienshao|spd|1\n|move|p2b: Miraidon|Parabolic Charge|p1b: Kyogre|[spread] p2a,p1b\n|-supereffective|p1b: Kyogre\n|-damage|p2a: Mienshao|0 fnt\n|-damage|p1b: Kyogre|0 fnt\n|faint|p2a: Mienshao\n|faint|p1b: Kyogre\n|\n|win|kapu reki\n|raw|j0l0k0's rating: 1457 &rarr; <strong>1434</strong><br />(-23 for losing)\n|raw|kapu reki's rating: 1408 &rarr; <strong>1431</strong><br />(+23 for winning)\n|l|\u2606j0l0k0\n|player|p1|\n|l|\u2606kapu reki\n|player|p2|\n","uploadtime":1771105575,"views":33,"formatid":"gen9vgc2026regi","rating":1431,"private":0,"password":null}