{"id":"gen9vgc2026regi-2556595568","format":"[Gen 9] VGC 2026 Reg I","players":["SycrasisEU","Exotic_Mario"],"log":"|j|\u2606SycrasisEU\n|j|\u203dExotic_Mario\n|t:|1773230762\n|gametype|doubles\n|player|p1|SycrasisEU|pryce|1302\n|player|p2|Exotic_Mario|101|1207\n|gen|9\n|tier|[Gen 9] VGC 2026 Reg I\n|rated|\n|rule|Species Clause: Limit one of each Pok\u00e9mon\n|rule|Item Clause: Limit 1 of each item\n|clearpoke\n|poke|p1|Incineroar, L50, F|\n|poke|p1|Koraidon, L50|\n|poke|p1|Flutter Mane, L50|\n|poke|p1|Whimsicott, L50, M|\n|poke|p1|Gurdurr, L50, F|\n|poke|p1|Brute Bonnet, L50|\n|poke|p2|Miraidon, L50|\n|poke|p2|Calyrex-Ice, L50|\n|poke|p2|Gastrodon, L50, F|\n|poke|p2|Oranguru, L50, F|\n|poke|p2|Dusclops, L50, F|\n|poke|p2|Golem-Alola, L50, F|\n|teampreview|4\n|inactive|Battle timer is ON: inactive players will automatically lose when time's up. (requested by Exotic_Mario)\n|inactive|SycrasisEU has 60 seconds left.\n|\n|t:|1773230825\n|teamsize|p1|4\n|teamsize|p2|4\n|start\n|switch|p1a: Koraidon|Koraidon, L50, shiny|100/100\n|switch|p1b: Gurdurr|Gurdurr, L50, F|100/100\n|switch|p2a: Calyrex|Calyrex-Ice, L50|100/100\n|switch|p2b: Oranguru|Oranguru, L50, F|100/100\n|-ability|p2a: Calyrex|As One\n|-ability|p2a: Calyrex|Unnerve\n|-weather|SunnyDay|[from] ability: Orichalcum Pulse|[of] p1a: Koraidon\n|-activate|p1a: Koraidon|Orichalcum Pulse|[source]\n|turn|1\n|\n|t:|1773230842\n|-terastallize|p1a: Koraidon|Fire\n|-terastallize|p2a: Calyrex|Ground\n|move|p1a: Koraidon|Flare Blitz|p2b: Oranguru\n|-damage|p2b: Oranguru|0 fnt\n|faint|p2b: Oranguru\n|-damage|p1a: Koraidon|64/100|[from] Recoil\n|move|p2a: Calyrex|Swords Dance|p2a: Calyrex\n|-boost|p2a: Calyrex|atk|2\n|move|p1b: Gurdurr|Coaching|p1a: Koraidon\n|-boost|p1a: Koraidon|atk|1\n|-boost|p1a: Koraidon|def|1\n|\n|-weather|SunnyDay|[upkeep]\n|upkeep\n|\n|t:|1773230855\n|switch|p2b: Dusclops|Dusclops, L50, F, shiny|100/100\n|-item|p1a: Koraidon|Clear Amulet|[from] ability: Frisk|[of] p2b: Dusclops\n|-item|p1b: Gurdurr|Eviolite|[from] ability: Frisk|[of] p2b: Dusclops\n|turn|2\n|\n|t:|1773230870\n|move|p1a: Koraidon|Flare Blitz|p2a: Calyrex\n|-damage|p2a: Calyrex|0 fnt\n|faint|p2a: Calyrex\n|-damage|p1a: Koraidon|30/100|[from] Recoil\n|move|p1b: Gurdurr|Coaching|p1a: Koraidon\n|-boost|p1a: Koraidon|atk|1\n|-boost|p1a: Koraidon|def|1\n|move|p2b: Dusclops|Trick Room|p2b: Dusclops\n|-fieldstart|move: Trick Room|[of] p2b: Dusclops\n|\n|-weather|SunnyDay|[upkeep]\n|upkeep\n|\n|t:|1773230880\n|switch|p2a: Miraidon|Miraidon, L50, shiny|100/100\n|-fieldstart|move: Electric Terrain|[from] ability: Hadron Engine|[of] p2a: Miraidon\n|turn|3\n|\n|t:|1773230896\n|move|p2b: Dusclops|Helping Hand|p2a: Miraidon\n|-singleturn|p2a: Miraidon|Helping Hand|[of] p2b: Dusclops\n|move|p1a: Koraidon|Protect|p1a: Koraidon\n|-singleturn|p1a: Koraidon|Protect\n|move|p1b: Gurdurr|Drain Punch|p2a: Miraidon\n|-damage|p2a: Miraidon|62/100\n|move|p2a: Miraidon|Electro Drift|p1a: Koraidon\n|-activate|p1a: Koraidon|move: Protect\n|\n|-weather|SunnyDay|[upkeep]\n|upkeep\n|turn|4\n|\n|t:|1773230916\n|move|p2b: Dusclops|Pain Split|p2a: Miraidon\n|-sethp|p2a: Miraidon|71/100|[from] move: Pain Split|[silent]\n|-sethp|p2b: Dusclops|90/100|[from] move: Pain Split\n|move|p1b: Gurdurr|Drain Punch|p2a: Miraidon\n|-damage|p2a: Miraidon|38/100\n|move|p1a: Koraidon|Flare Blitz|p2b: Dusclops\n|-damage|p2b: Dusclops|0 fnt\n|faint|p2b: Dusclops\n|-damage|p1a: Koraidon|6/100|[from] Recoil\n|move|p2a: Miraidon|Electro Drift|p1a: Koraidon\n|-damage|p1a: Koraidon|0 fnt\n|faint|p1a: Koraidon\n|\n|-weather|SunnyDay|[upkeep]\n|upkeep\n|\n|t:|1773230928\n|switch|p1a: Incineroar|Incineroar, L50, F, shiny|100/100\n|-ability|p1a: Incineroar|Intimidate|boost\n|-unboost|p2a: Miraidon|atk|1\n|turn|5\n|-message|Exotic_Mario forfeited.\n|\n|win|SycrasisEU\n|raw|SycrasisEU's rating: 1302 &rarr; <strong>1317</strong><br />(+15 for winning)\n|raw|Exotic_Mario's rating: 1207 &rarr; <strong>1189</strong><br />(-18 for losing)\n|l|\u203dExotic_Mario\n|player|p2|\n|l|\u2606SycrasisEU\n|player|p1|\n","uploadtime":1773231098,"views":18,"formatid":"gen9vgc2026regi","rating":1189,"private":0,"password":null}