{"id":"gen9vgc2026regi-2565418386","format":"[Gen 9] VGC 2026 Reg I","players":["klay30","Sheevp"],"log":"|j|\u2606klay30\n|j|\u2606Sheevp\n|t:|1774273599\n|gametype|doubles\n|player|p1|klay30|1|1410\n|player|p2|Sheevp|170|1417\n|gen|9\n|tier|[Gen 9] VGC 2026 Reg I\n|rated|\n|rule|Species Clause: Limit one of each Pok\u00e9mon\n|rule|Item Clause: Limit 1 of each item\n|clearpoke\n|poke|p1|Koraidon, L50|\n|poke|p1|Ho-Oh, L50|\n|poke|p1|Dondozo, L50, F|\n|poke|p1|Tatsugiri-Droopy, L50, M|\n|poke|p1|Scream Tail, L50|\n|poke|p1|Glimmora, L50, M|\n|poke|p2|Koraidon, L50|\n|poke|p2|Calyrex-Ice, L50|\n|poke|p2|Regieleki, L50|\n|poke|p2|Chi-Yu, L50|\n|teampreview|4\n|inactive|Battle timer is ON: inactive players will automatically lose when time's up. (requested by klay30)\n|inactive|klay30 has 60 seconds left.\n|\n|t:|1774273639\n|teamsize|p1|4\n|teamsize|p2|4\n|start\n|switch|p1a: Glimmora|Glimmora, L50, M|100/100\n|switch|p1b: Ho-Oh|Ho-Oh, L50|100/100\n|switch|p2a: Regieleki|Regieleki, L50|100/100\n|switch|p2b: Chi-Yu|Chi-Yu, L50|100/100\n|-ability|p2b: Chi-Yu|Beads of Ruin\n|turn|1\n|\n|t:|1774273654\n|move|p1b: Ho-Oh|Protect|p1b: Ho-Oh\n|-singleturn|p1b: Ho-Oh|Protect\n|move|p2a: Regieleki|Volt Switch|p1b: Ho-Oh\n|-activate|p1b: Ho-Oh|move: Protect\n|move|p2b: Chi-Yu|Snarl|p1a: Glimmora|[spread] p1a\n|-activate|p1b: Ho-Oh|move: Protect\n|-damage|p1a: Glimmora|74/100\n|-unboost|p1a: Glimmora|spa|1\n|move|p1a: Glimmora|Earth Power|p2a: Regieleki\n|-supereffective|p2a: Regieleki\n|-damage|p2a: Regieleki|0 fnt\n|faint|p2a: Regieleki\n|\n|upkeep\n|\n|t:|1774273663\n|switch|p2a: Koraidon|Koraidon, L50|100/100\n|-weather|SunnyDay|[from] ability: Orichalcum Pulse|[of] p2a: Koraidon\n|-activate|p2a: Koraidon|Orichalcum Pulse|[source]\n|turn|2\n|\n|t:|1774273674\n|-terastallize|p2a: Koraidon|Fire\n|move|p2b: Chi-Yu|Snarl|p1a: Glimmora|[spread] p1a,p1b\n|-damage|p1a: Glimmora|52/100\n|-damage|p1b: Ho-Oh|84/100\n|-unboost|p1a: Glimmora|spa|1\n|-unboost|p1b: Ho-Oh|spa|1\n|move|p2a: Koraidon|Flare Blitz|p1b: Ho-Oh\n|-resisted|p1b: Ho-Oh\n|-damage|p1b: Ho-Oh|8/100\n|-damage|p2a: Koraidon|70/100|[from] Recoil\n|-damage|p2a: Koraidon|61/100|[from] item: Life Orb\n|move|p1a: Glimmora|Mortal Spin|p2b: Chi-Yu|[spread] p2a,p2b\n|-damage|p2a: Koraidon|56/100\n|-damage|p2b: Chi-Yu|94/100\n|-status|p2a: Koraidon|psn\n|-status|p2b: Chi-Yu|psn\n|move|p1b: Ho-Oh|Sacred Fire|p2a: Koraidon\n|-resisted|p2a: Koraidon\n|-damage|p2a: Koraidon|22/100 psn\n|\n|-weather|SunnyDay|[upkeep]\n|-heal|p1b: Ho-Oh|15/100|[from] item: Leftovers\n|-damage|p2b: Chi-Yu|82/100 psn|[from] psn\n|-damage|p2a: Koraidon|9/100 psn|[from] psn\n|upkeep\n|turn|3\n|\n|t:|1774273687\n|switch|p2a: Calyrex|Calyrex-Ice, L50|100/100\n|-ability|p2a: Calyrex|As One\n|-ability|p2a: Calyrex|Unnerve\n|move|p1b: Ho-Oh|Protect|p1b: Ho-Oh\n|-singleturn|p1b: Ho-Oh|Protect\n|move|p2b: Chi-Yu|Snarl|p1b: Ho-Oh|[spread] p1a\n|-activate|p1b: Ho-Oh|move: Protect\n|-damage|p1a: Glimmora|27/100\n|-unboost|p1a: Glimmora|spa|1\n|move|p1a: Glimmora|Power Gem|p2b: Chi-Yu\n|-supereffective|p2b: Chi-Yu\n|-damage|p2b: Chi-Yu|46/100 psn\n|\n|-weather|SunnyDay|[upkeep]\n|-heal|p1b: Ho-Oh|21/100|[from] item: Leftovers\n|-damage|p2b: Chi-Yu|34/100 psn|[from] psn\n|upkeep\n|turn|4\n|inactive|Sheevp has 30 seconds left.\n|inactive|klay30 has 30 seconds left.\n|\n|t:|1774273719\n|switch|p1b: Dondozo|Dondozo, L50, F|100/100\n|move|p2b: Chi-Yu|Snarl|p1b: Dondozo|[spread] p1a,p1b\n|-damage|p1a: Glimmora|4/100\n|-damage|p1b: Dondozo|72/100\n|-unboost|p1a: Glimmora|spa|1\n|-unboost|p1b: Dondozo|spa|1\n|move|p1a: Glimmora|Mortal Spin|p2b: Chi-Yu|[spread] p2a,p2b\n|-damage|p2a: Calyrex|98/100\n|-damage|p2b: Chi-Yu|28/100 psn\n|-status|p2a: Calyrex|psn\n|move|p2a: Calyrex|Leech Seed|p1a: Glimmora\n|-start|p1a: Glimmora|move: Leech Seed\n|\n|-weather|SunnyDay|[upkeep]\n|-heal|p2a: Calyrex|100/100 psn|[from] item: Leftovers\n|-damage|p1a: Glimmora|0 fnt|[from] Leech Seed|[of] p2a: Calyrex\n|faint|p1a: Glimmora\n|-damage|p2b: Chi-Yu|15/100 psn|[from] psn\n|-damage|p2a: Calyrex|88/100 psn|[from] psn\n|upkeep\n|\n|t:|1774273728\n|switch|p1a: Ho-Oh|Ho-Oh, L50|54/100\n|turn|5\n|\n|t:|1774273738\n|switch|p1a: Tatsugiri|Tatsugiri-Droopy, L50, M, shiny|100/100\n|-activate|p1a: Tatsugiri|ability: Commander|[of] p1b: Dondozo\n|-boost|p1b: Dondozo|atk|2\n|-boost|p1b: Dondozo|spa|2\n|-boost|p1b: Dondozo|spe|2\n|-boost|p1b: Dondozo|def|2\n|-boost|p1b: Dondozo|spd|2\n|move|p2a: Calyrex|Protect|p2a: Calyrex\n|-singleturn|p2a: Calyrex|Protect\n|move|p2b: Chi-Yu|Snarl|p1a: Tatsugiri|[spread] p1b\n|-miss|p2b: Chi-Yu|p1a: Tatsugiri\n|-damage|p1b: Dondozo|59/100\n|-unboost|p1b: Dondozo|spa|1\n|move|p1b: Dondozo|Order Up|p2a: Calyrex\n|-activate|p2a: Calyrex|move: Protect\n|\n|-weather|SunnyDay|[upkeep]\n|-heal|p2a: Calyrex|94/100 psn|[from] item: Leftovers\n|-damage|p2b: Chi-Yu|3/100 psn|[from] psn\n|-damage|p2a: Calyrex|82/100 psn|[from] psn\n|upkeep\n|turn|6\n|\n|t:|1774273755\n|move|p2b: Chi-Yu|Snarl|p1a: Tatsugiri|[spread] p1b\n|-miss|p2b: Chi-Yu|p1a: Tatsugiri\n|-damage|p1b: Dondozo|46/100\n|-unboost|p1b: Dondozo|spa|1\n|move|p1b: Dondozo|Order Up|p2a: Calyrex\n|-damage|p2a: Calyrex|58/100 psn\n|-boost|p1b: Dondozo|def|1\n|move|p2a: Calyrex|Leech Seed|p1b: Dondozo\n|-start|p1b: Dondozo|move: Leech Seed\n|\n|-weather|none\n|-heal|p2a: Calyrex|63/100 psn|[from] item: Leftovers\n|-damage|p1b: Dondozo|33/100|[from] Leech Seed|[of] p2a: Calyrex\n|-heal|p2a: Calyrex|78/100 psn|[silent]\n|-damage|p2b: Chi-Yu|0 fnt|[from] psn\n|faint|p2b: Chi-Yu\n|-damage|p2a: Calyrex|66/100 psn|[from] psn\n|upkeep\n|\n|t:|1774273771\n|switch|p2b: Koraidon|Koraidon, L50, tera:Fire|9/100 psn\n|-weather|SunnyDay|[from] ability: Orichalcum Pulse|[of] p2b: Koraidon\n|-activate|p2b: Koraidon|Orichalcum Pulse|[source]\n|turn|7\n|\n|t:|1774273784\n|move|p2a: Calyrex|Protect|p2a: Calyrex\n|-singleturn|p2a: Calyrex|Protect\n|move|p2b: Koraidon|Close Combat|p1b: Dondozo\n|-damage|p1b: Dondozo|5/100\n|-unboost|p2b: Koraidon|def|1\n|-unboost|p2b: Koraidon|spd|1\n|-damage|p2b: Koraidon|0 fnt|[from] item: Rocky Helmet|[of] p1b: Dondozo\n|faint|p2b: Koraidon\n|move|p1b: Dondozo|Body Press|p2a: Calyrex\n|-activate|p2a: Calyrex|move: Protect\n|\n|-weather|SunnyDay|[upkeep]\n|-heal|p2a: Calyrex|72/100 psn|[from] item: Leftovers\n|-damage|p1b: Dondozo|0 fnt|[from] Leech Seed|[of] p2a: Calyrex\n|-heal|p2a: Calyrex|77/100 psn|[silent]\n|faint|p1b: Dondozo\n|-damage|p2a: Calyrex|65/100 psn|[from] psn\n|upkeep\n|\n|t:|1774273793\n|switch|p1b: Ho-Oh|Ho-Oh, L50|87/100\n|turn|8\n|\n|t:|1774273802\n|move|p1a: Tatsugiri|Muddy Water|p2a: Calyrex\n|-damage|p2a: Calyrex|53/100 psn\n|move|p1b: Ho-Oh|Sacred Fire|p2a: Calyrex\n|-supereffective|p2a: Calyrex\n|-damage|p2a: Calyrex|0 fnt\n|faint|p2a: Calyrex\n|\n|win|klay30\n|raw|klay30's rating: 1410 &rarr; <strong>1430</strong><br />(+20 for winning)\n|raw|Sheevp's rating: 1417 &rarr; <strong>1397</strong><br />(-20 for losing)\n|l|\u2606Sheevp\n|player|p2|\n|l|\u2606klay30\n|player|p1|\n","uploadtime":1774274061,"views":11,"formatid":"gen9vgc2026regi","rating":1397,"private":0,"password":null}