{"id":"gen9vgc2026regi-2567221244","format":"[Gen 9] VGC 2026 Reg I","players":["lattewave","curfy324"],"log":"|j|\u2606lattewave\n|j|\u2606curfy324\n|t:|1774458377\n|gametype|doubles\n|player|p1|lattewave|sisandbro|1466\n|player|p2|curfy324|265|1564\n|gen|9\n|tier|[Gen 9] VGC 2026 Reg I\n|rated|\n|rule|Species Clause: Limit one of each Pok\u00e9mon\n|rule|Item Clause: Limit 1 of each item\n|clearpoke\n|poke|p1|Terapagos, L50, M|\n|poke|p1|Ogerpon-Wellspring, L50, F|\n|poke|p1|Toxapex, L50, M|\n|poke|p1|Ditto, L50|\n|poke|p1|Gouging Fire, L50|\n|poke|p1|Zacian-*, L50|\n|poke|p2|Zacian-*, L50|\n|poke|p2|Kyogre, L50|\n|poke|p2|Urshifu-*, L50, M|\n|poke|p2|Roaring Moon, L50|\n|poke|p2|Rillaboom, L50, M|\n|poke|p2|Volcarona, L50, F|\n|teampreview|4\n|inactive|Battle timer is ON: inactive players will automatically lose when time's up. (requested by curfy324)\n|inactive|curfy324 has 60 seconds left.\n|\n|t:|1774458427\n|teamsize|p1|4\n|teamsize|p2|4\n|start\n|switch|p1a: Terapagos|Terapagos, L50, M|100/100\n|switch|p1b: Toxapex|Toxapex, L50, M|100/100\n|switch|p2a: Roaring Moon|Roaring Moon, L50, shiny|100/100\n|switch|p2b: Zacian|Zacian-Crowned, L50, shiny|100/100\n|-activate|p1a: Terapagos|ability: Tera Shift\n|detailschange|p1a: Terapagos|Terapagos-Terastal, L50, M\n|-heal|p1a: Terapagos|100/100|[silent]\n|-ability|p2b: Zacian|Intrepid Sword|boost\n|-boost|p2b: Zacian|atk|1\n|-enditem|p2a: Roaring Moon|Booster Energy\n|-activate|p2a: Roaring Moon|ability: Protosynthesis|[fromitem]\n|-start|p2a: Roaring Moon|protosynthesisspe\n|turn|1\n|inactive|lattewave has 30 seconds left.\n|inactive|curfy324 has 30 seconds left.\n|inactive|lattewave has 20 seconds left.\n|inactive|lattewave has 15 seconds left.\n|inactive|curfy324 has 20 seconds left.\n|inactive|lattewave has 10 seconds left.\n|inactive|curfy324 has 15 seconds left.\n|inactive|lattewave has 5 seconds left.\n|\n|t:|1774458482\n|move|p1b: Toxapex|Baneful Bunker|p1b: Toxapex\n|-singleturn|p1b: Toxapex|move: Protect\n|move|p2a: Roaring Moon|Knock Off|p1b: Toxapex\n|-activate|p1b: Toxapex|move: Protect\n|-status|p2a: Roaring Moon|psn\n|move|p2b: Zacian|Behemoth Blade|p1b: Toxapex\n|-activate|p1b: Toxapex|move: Protect\n|move|p1a: Terapagos|Earth Power|p2a: Roaring Moon\n|-damage|p2a: Roaring Moon|57/100 psn\n|\n|-damage|p2a: Roaring Moon|45/100 psn|[from] psn\n|upkeep\n|turn|2\n|\n|t:|1774458506\n|-terastallize|p2b: Zacian|Fairy\n|move|p2a: Roaring Moon|Knock Off|p1b: Toxapex\n|-damage|p1b: Toxapex|66/100\n|-enditem|p1b: Toxapex|Binding Band|[from] move: Knock Off|[of] p2a: Roaring Moon\n|move|p2b: Zacian|Play Rough|p1b: Toxapex\n|-resisted|p1b: Toxapex\n|-damage|p1b: Toxapex|30/100\n|move|p1a: Terapagos|Earth Power|p2b: Zacian\n|-damage|p2b: Zacian|65/100\n|move|p1b: Toxapex|Infestation|p2b: Zacian\n|-resisted|p2b: Zacian\n|-damage|p2b: Zacian|64/100\n|-activate|p2b: Zacian|move: Infestation|[of] p1b: Toxapex\n|\n|-damage|p2a: Roaring Moon|33/100 psn|[from] psn\n|-damage|p2b: Zacian|52/100|[from] move: Infestation|[partiallytrapped]\n|upkeep\n|turn|3\n|\n|t:|1774458527\n|move|p2a: Roaring Moon|Knock Off|p1a: Terapagos\n|-activate|p1a: Terapagos|ability: Tera Shell\n|-resisted|p1a: Terapagos\n|-damage|p1a: Terapagos|81/100\n|-enditem|p1a: Terapagos|Choice Specs|[from] move: Knock Off|[of] p2a: Roaring Moon\n|move|p2b: Zacian|Swords Dance|p2b: Zacian\n|-boost|p2b: Zacian|atk|2\n|move|p1a: Terapagos|Earth Power|p2b: Zacian\n|-damage|p2b: Zacian|26/100\n|move|p1b: Toxapex|Recover|p1b: Toxapex\n|-heal|p1b: Toxapex|81/100\n|\n|-damage|p2a: Roaring Moon|21/100 psn|[from] psn\n|-damage|p2b: Zacian|14/100|[from] move: Infestation|[partiallytrapped]\n|upkeep\n|turn|4\n|inactive|lattewave has 30 seconds left.\n|inactive|curfy324 has 30 seconds left.\n|\n|t:|1774458558\n|-end|p2a: Roaring Moon|Protosynthesis|[silent]\n|switch|p2a: Rillaboom|Rillaboom, L50, M, shiny|100/100\n|-fieldstart|move: Grassy Terrain|[from] ability: Grassy Surge|[of] p2a: Rillaboom\n|move|p2b: Zacian|Behemoth Blade|p1a: Terapagos\n|-damage|p1a: Terapagos|0 fnt\n|faint|p1a: Terapagos\n|move|p1b: Toxapex|Chilling Water|p2b: Zacian\n|-damage|p2b: Zacian|4/100\n|-unboost|p2b: Zacian|atk|1\n|\n|-heal|p2b: Zacian|10/100|[from] Grassy Terrain\n|-heal|p1b: Toxapex|86/100|[from] Grassy Terrain\n|-damage|p2b: Zacian|0 fnt|[from] move: Infestation|[partiallytrapped]\n|faint|p2b: Zacian\n|upkeep\n|\n|t:|1774458574\n|switch|p2b: Kyogre|Kyogre, L50|100/100\n|switch|p1a: Zacian|Zacian-Crowned, L50|100/100\n|-ability|p1a: Zacian|Intrepid Sword|boost\n|-boost|p1a: Zacian|atk|1\n|-weather|RainDance|[from] ability: Drizzle|[of] p2b: Kyogre\n|turn|5\n|\n|t:|1774458598\n|move|p1a: Zacian|Protect|p1a: Zacian\n|-singleturn|p1a: Zacian|Protect\n|move|p1b: Toxapex|Baneful Bunker|p1b: Toxapex\n|-singleturn|p1b: Toxapex|move: Protect\n|move|p2a: Rillaboom|Fake Out|p1a: Zacian\n|-activate|p1a: Zacian|move: Protect\n|move|p2b: Kyogre|Water Spout|p1a: Zacian|[spread] \n|-activate|p1a: Zacian|move: Protect\n|-activate|p1b: Toxapex|move: Protect\n|\n|-weather|RainDance|[upkeep]\n|-heal|p1b: Toxapex|92/100|[from] Grassy Terrain\n|upkeep\n|turn|6\n|\n|t:|1774458616\n|move|p1a: Zacian|Play Rough|p2b: Kyogre\n|-damage|p2b: Kyogre|28/100\n|move|p2a: Rillaboom|U-turn|p1a: Zacian\n|-resisted|p1a: Zacian\n|-damage|p1a: Zacian|96/100\n|\n|t:|1774458622\n|switch|p2a: Roaring Moon|Roaring Moon, L50, shiny|21/100 psn|[from] U-turn\n|move|p2b: Kyogre|Hydro Pump|p1a: Zacian|[miss]\n|-miss|p2b: Kyogre|p1a: Zacian\n|move|p1b: Toxapex|Infestation|p2b: Kyogre\n|-damage|p2b: Kyogre|26/100\n|-activate|p2b: Kyogre|move: Infestation|[of] p1b: Toxapex\n|\n|-weather|RainDance|[upkeep]\n|-heal|p1a: Zacian|100/100|[from] Grassy Terrain\n|-heal|p2a: Roaring Moon|27/100 psn|[from] Grassy Terrain\n|-heal|p2b: Kyogre|33/100|[from] Grassy Terrain\n|-heal|p1b: Toxapex|98/100|[from] Grassy Terrain\n|-damage|p2a: Roaring Moon|15/100 psn|[from] psn\n|-damage|p2b: Kyogre|20/100|[from] move: Infestation|[partiallytrapped]\n|upkeep\n|turn|7\n|-message|curfy324 forfeited.\n|\n|win|lattewave\n|raw|lattewave's rating: 1466 &rarr; <strong>1491</strong><br />(+25 for winning)\n|raw|curfy324's rating: 1564 &rarr; <strong>1539</strong><br />(-25 for losing)\n|l|\u2606curfy324\n|player|p2|\n|l|\u2606lattewave\n|player|p1|\n","uploadtime":1774458826,"views":17,"formatid":"gen9vgc2026regi","rating":1491,"private":0,"password":null}