{"id":"gen9vgc2026regi-2541911273","format":"[Gen 9] VGC 2026 Reg I","players":["panbread10","lalo's pollos"],"log":"|j|\u2606panbread10\n|j|\u2606lalo's pollos\n|t:|1771383781\n|gametype|doubles\n|player|p1|panbread10|dancer|1355\n|player|p2|lalo's pollos|265|1502\n|gen|9\n|tier|[Gen 9] VGC 2026 Reg I\n|rated|\n|rule|Species Clause: Limit one of each Pok\u00e9mon\n|rule|Item Clause: Limit 1 of each item\n|clearpoke\n|poke|p1|Wooper, L50, M|\n|poke|p1|Calyrex-Shadow, L50|\n|poke|p1|Rillaboom, L50, M|\n|poke|p1|Kyogre, L50|\n|poke|p1|Tornadus, L50, M|\n|poke|p1|Kingdra, L50, F|\n|poke|p2|Zamazenta-*, L50|\n|poke|p2|Lunala, L50|\n|poke|p2|Rillaboom, L50, F|\n|poke|p2|Incineroar, L50, M|\n|poke|p2|Urshifu-*, L50, M|\n|poke|p2|Tornadus, L50, M|\n|teampreview|4\n|\n|t:|1771383809\n|teamsize|p1|4\n|teamsize|p2|4\n|start\n|switch|p1a: Kyogre|Kyogre, L50|100/100\n|switch|p1b: Kingdra|Kingdra, L50, F|100/100\n|switch|p2a: Lunala|Lunala, L50|100/100\n|switch|p2b: Rillaboom|Rillaboom, L50, F|100/100\n|-weather|RainDance|[from] ability: Drizzle|[of] p1a: Kyogre\n|-fieldstart|move: Grassy Terrain|[from] ability: Grassy Surge|[of] p2b: Rillaboom\n|turn|1\n|\n|t:|1771383833\n|move|p1b: Kingdra|Protect|p1b: Kingdra\n|-singleturn|p1b: Kingdra|Protect\n|move|p1a: Kyogre|Protect|p1a: Kyogre\n|-singleturn|p1a: Kyogre|Protect\n|move|p2b: Rillaboom|Fake Out|p1b: Kingdra\n|-activate|p1b: Kingdra|move: Protect\n|move|p2a: Lunala|Calm Mind|p2a: Lunala\n|-boost|p2a: Lunala|spa|1\n|-boost|p2a: Lunala|spd|1\n|\n|-weather|RainDance|[upkeep]\n|upkeep\n|turn|2\n|\n|t:|1771383879\n|move|p2a: Lunala|Protect|p2a: Lunala\n|-singleturn|p2a: Lunala|Protect\n|move|p1b: Kingdra|Draco Meteor|p2b: Rillaboom\n|-damage|p2b: Rillaboom|40/100\n|-unboost|p1b: Kingdra|spa|2\n|-damage|p1b: Kingdra|90/100|[from] item: Life Orb\n|move|p1a: Kyogre|Ice Beam|p2b: Rillaboom\n|-supereffective|p2b: Rillaboom\n|-damage|p2b: Rillaboom|0 fnt\n|faint|p2b: Rillaboom\n|\n|-weather|RainDance|[upkeep]\n|-heal|p1b: Kingdra|96/100|[from] Grassy Terrain\n|upkeep\n|\n|t:|1771383891\n|switch|p2b: Zamazenta|Zamazenta-Crowned, L50|100/100\n|-ability|p2b: Zamazenta|Dauntless Shield|boost\n|-boost|p2b: Zamazenta|def|1\n|turn|3\n|\n|t:|1771383911\n|switch|p1b: Tornadus|Tornadus, L50, M|100/100\n|move|p2b: Zamazenta|Body Press|p1a: Kyogre\n|-damage|p1a: Kyogre|21/100\n|move|p1a: Kyogre|Hydro Pump|p2b: Zamazenta\n|-damage|p2b: Zamazenta|15/100\n|move|p2a: Lunala|Moonblast|p1b: Tornadus\n|-damage|p1b: Tornadus|50/100\n|-enditem|p1b: Tornadus|Eject Button\n|\n|t:|1771383922\n|switch|p1b: Kingdra|Kingdra, L50, F|96/100\n|\n|-weather|RainDance|[upkeep]\n|-heal|p1b: Kingdra|100/100|[from] Grassy Terrain\n|-heal|p2b: Zamazenta|21/100|[from] Grassy Terrain\n|-heal|p1a: Kyogre|27/100|[from] Grassy Terrain\n|upkeep\n|turn|4\n|\n|t:|1771383941\n|move|p2b: Zamazenta|Protect|p2b: Zamazenta\n|-singleturn|p2b: Zamazenta|Protect\n|move|p1b: Kingdra|Weather Ball|p2b: Zamazenta\n|-activate|p2b: Zamazenta|move: Protect\n|move|p1a: Kyogre|Hydro Pump|p2a: Lunala\n|-damage|p2a: Lunala|72/100\n|move|p2a: Lunala|Moonblast|p1b: Kingdra\n|-supereffective|p1b: Kingdra\n|-damage|p1b: Kingdra|0 fnt\n|faint|p1b: Kingdra\n|\n|-weather|RainDance|[upkeep]\n|-heal|p2b: Zamazenta|28/100|[from] Grassy Terrain\n|-heal|p1a: Kyogre|32/100|[from] Grassy Terrain\n|-heal|p2a: Lunala|78/100|[from] Grassy Terrain\n|-heal|p2a: Lunala|84/100|[from] item: Leftovers\n|upkeep\n|\n|t:|1771383944\n|switch|p1b: Calyrex|Calyrex-Shadow, L50|100/100\n|-ability|p1b: Calyrex|As One\n|-ability|p1b: Calyrex|Unnerve\n|turn|5\n|\n|t:|1771383958\n|switch|p1a: Tornadus|Tornadus, L50, M|50/100\n|-terastallize|p1b: Calyrex|Fairy\n|-terastallize|p2a: Lunala|Fairy\n|move|p2b: Zamazenta|Wide Guard|p2b: Zamazenta\n|-singleturn|p2b: Zamazenta|Wide Guard\n|move|p1b: Calyrex|Astral Barrage|p2a: Lunala|[spread] \n|-activate|p2a: Lunala|move: Wide Guard\n|-activate|p2b: Zamazenta|move: Wide Guard\n|move|p2a: Lunala|Moongeist Beam|p1a: Tornadus\n|-damage|p1a: Tornadus|0 fnt\n|faint|p1a: Tornadus\n|\n|-weather|none\n|-heal|p2b: Zamazenta|34/100|[from] Grassy Terrain\n|-heal|p2a: Lunala|90/100|[from] Grassy Terrain\n|-heal|p2a: Lunala|96/100|[from] item: Leftovers\n|-fieldend|move: Grassy Terrain\n|upkeep\n|\n|t:|1771383964\n|switch|p1a: Kyogre|Kyogre, L50|32/100\n|-weather|RainDance|[from] ability: Drizzle|[of] p1a: Kyogre\n|turn|6\n|\n|t:|1771383986\n|move|p2b: Zamazenta|Wide Guard|p2b: Zamazenta\n|-singleturn|p2b: Zamazenta|Wide Guard\n|move|p1b: Calyrex|Astral Barrage|p2b: Zamazenta|[spread] \n|-activate|p2a: Lunala|move: Wide Guard\n|-activate|p2b: Zamazenta|move: Wide Guard\n|move|p1a: Kyogre|Hydro Pump|p2a: Lunala\n|-damage|p2a: Lunala|42/100\n|move|p2a: Lunala|Moongeist Beam|p1a: Kyogre\n|-damage|p1a: Kyogre|0 fnt\n|faint|p1a: Kyogre\n|\n|-weather|RainDance|[upkeep]\n|-heal|p2a: Lunala|48/100|[from] item: Leftovers\n|upkeep\n|turn|7\n|c|\u2606panbread10|bro\n|c|\u2606panbread10|ayo chill\n|\n|t:|1771384008\n|switch|p2b: Tornadus|Tornadus, L50, M|100/100\n|move|p2a: Lunala|Protect|p2a: Lunala\n|-singleturn|p2a: Lunala|Protect\n|move|p1b: Calyrex|Nasty Plot|p1b: Calyrex\n|-boost|p1b: Calyrex|spa|2\n|\n|-weather|RainDance|[upkeep]\n|-heal|p2a: Lunala|54/100|[from] item: Leftovers\n|upkeep\n|turn|8\n|\n|t:|1771384019\n|move|p2b: Tornadus|Tailwind|p2b: Tornadus\n|-sidestart|p2: lalo's pollos|move: Tailwind\n|move|p2a: Lunala|Moongeist Beam|p1b: Calyrex\n|-crit|p1b: Calyrex\n|-damage|p1b: Calyrex|0 fnt\n|faint|p1b: Calyrex\n|\n|win|lalo's pollos\n|raw|panbread10's rating: 1355 &rarr; <strong>1343</strong><br />(-12 for losing)\n|raw|lalo&apos;s pollos's rating: 1502 &rarr; <strong>1514</strong><br />(+12 for winning)\n|l|\u2606panbread10\n|player|p1|\n","uploadtime":1771384261,"views":27,"formatid":"gen9vgc2026regi","rating":1343,"private":0,"password":null}