{"id":"gen9vgc2026regi-2546017784","format":"[Gen 9] VGC 2026 Reg I","players":["Mechromatt","lalo's pollos"],"log":"|j|\u2606Mechromatt\n|j|\u2606lalo's pollos\n|t:|1771914743\n|gametype|doubles\n|player|p1|Mechromatt|102|1321\n|player|p2|lalo's pollos|2|1434\n|gen|9\n|tier|[Gen 9] VGC 2026 Reg I\n|rated|\n|rule|Species Clause: Limit one of each Pok\u00e9mon\n|rule|Item Clause: Limit 1 of each item\n|clearpoke\n|poke|p1|Lunala, L50|\n|poke|p1|Calyrex-Ice, L50|\n|poke|p1|Sableye, L50, F|\n|poke|p1|Vivillon-Fancy, L50, F|\n|poke|p1|Indeedee-F, L50, F|\n|poke|p1|Annihilape, L50, M|\n|poke|p2|Miraidon, L50|\n|poke|p2|Landorus, L50, M|\n|poke|p2|Incineroar, L50, F|\n|poke|p2|Iron Bundle, L50|\n|poke|p2|Farigiraf, L50, M|\n|poke|p2|Calyrex-Ice, L50|\n|teampreview|4\n|inactive|Battle timer is ON: inactive players will automatically lose when time's up. (requested by Mechromatt)\n|inactive|lalo's pollos has 60 seconds left.\n|\n|t:|1771914878\n|teamsize|p1|4\n|teamsize|p2|4\n|start\n|switch|p1a: Sableye|Sableye, L50, F|100/100\n|switch|p1b: Lunala|Lunala, L50|100/100\n|switch|p2a: Calyrex|Calyrex-Ice, L50|100/100\n|switch|p2b: Co-Star|Miraidon, L50|100/100\n|-ability|p2a: Calyrex|As One\n|-ability|p2a: Calyrex|Unnerve\n|-fieldstart|move: Electric Terrain|[from] ability: Hadron Engine|[of] p2b: Co-Star\n|turn|1\n|inactive|Mechromatt has 30 seconds left.\n|inactive|Mechromatt has 20 seconds left.\n|\n|t:|1771914915\n|move|p2a: Calyrex|Protect|p2a: Calyrex\n|-singleturn|p2a: Calyrex|Protect\n|move|p1a: Sableye|Gravity|p1a: Sableye\n|-fieldstart|move: Gravity\n|move|p2b: Co-Star|Volt Switch|p1b: Lunala\n|-damage|p1b: Lunala|70/100\n|\n|t:|1771914921\n|switch|p2b: Incineroar|Incineroar, L50, F|100/100|[from] Volt Switch\n|-ability|p2b: Incineroar|Intimidate|boost\n|-unboost|p1a: Sableye|atk|1\n|-unboost|p1b: Lunala|atk|1\n|move|p1b: Lunala|Hypnosis|p2b: Incineroar\n|-activate|p2b: Incineroar|move: Electric Terrain\n|\n|upkeep\n|turn|2\n|c|\u2606lalo's pollos|rly?\n|inactive|Mechromatt has 30 seconds left.\n|inactive|Mechromatt has 20 seconds left.\n|\n|t:|1771914960\n|switch|p1a: Indeedee|Indeedee-F, L50, F, shiny|100/100\n|-fieldstart|move: Psychic Terrain|[from] ability: Psychic Surge|[of] p1a: Indeedee\n|-enditem|p1a: Indeedee|Psychic Seed\n|-boost|p1a: Indeedee|spd|1|[from] item: Psychic Seed\n|-terastallize|p2a: Calyrex|Water\n|move|p1b: Lunala|Hypnosis|p2a: Calyrex\n|-status|p2a: Calyrex|slp|[from] move: Hypnosis\n|move|p2b: Incineroar|Flare Blitz|p1a: Indeedee\n|-damage|p1a: Indeedee|53/100\n|-status|p1a: Indeedee|brn\n|-damage|p2b: Incineroar|87/100|[from] Recoil\n|cant|p2a: Calyrex|slp\n|\n|-damage|p1a: Indeedee|47/100 brn|[from] brn\n|upkeep\n|turn|3\n|inactive|Mechromatt has 30 seconds left.\n|\n|t:|1771914989\n|-terastallize|p1b: Lunala|Normal\n|move|p1b: Lunala|Dream Eater|p2a: Calyrex\n|-damage|p2a: Calyrex|61/100 slp\n|-heal|p1b: Lunala|86/100|[from] drain|[of] p2a: Calyrex\n|move|p1a: Indeedee|Drain Punch|p1b: Lunala\n|-supereffective|p1b: Lunala\n|-damage|p1b: Lunala|80/100\n|-heal|p1a: Indeedee|51/100 brn|[from] drain|[of] p1b: Lunala\n|-enditem|p1b: Lunala|Weakness Policy\n|-boost|p1b: Lunala|atk|2|[from] item: Weakness Policy\n|-boost|p1b: Lunala|spa|2|[from] item: Weakness Policy\n|move|p2b: Incineroar|U-turn|p1a: Indeedee\n|-supereffective|p1a: Indeedee\n|-damage|p1a: Indeedee|14/100 brn\n|\n|t:|1771915002\n|switch|p2b: Co-Star|Miraidon, L50|100/100|[from] U-turn\n|-fieldstart|move: Electric Terrain|[from] ability: Hadron Engine|[of] p2b: Co-Star\n|-curestatus|p2a: Calyrex|slp|[msg]\n|move|p2a: Calyrex|Glacial Lance|p1b: Lunala|[spread] p1a,p1b\n|-damage|p1a: Indeedee|0 fnt\n|-damage|p1b: Lunala|38/100\n|faint|p1a: Indeedee\n|-ability|p2a: Calyrex|Chilling Neigh|boost\n|-boost|p2a: Calyrex|atk|1\n|\n|upkeep\n|\n|t:|1771915011\n|switch|p1a: Sableye|Sableye, L50, F|100/100\n|turn|4\n|\n|t:|1771915021\n|move|p1a: Sableye|Fake Out|p2b: Co-Star\n|-damage|p2b: Co-Star|93/100\n|cant|p2b: Co-Star|flinch\n|move|p1b: Lunala|Moongeist Beam|p2a: Calyrex\n|-damage|p2a: Calyrex|0 fnt\n|faint|p2a: Calyrex\n|\n|upkeep\n|\n|t:|1771915029\n|switch|p2a: Incineroar|Incineroar, L50, F|87/100\n|-ability|p2a: Incineroar|Intimidate|boost\n|-unboost|p1a: Sableye|atk|1\n|-unboost|p1b: Lunala|atk|1\n|turn|5\n|\n|t:|1771915053\n|move|p2a: Incineroar|Fake Out|p1b: Lunala\n|-damage|p1b: Lunala|31/100\n|move|p1a: Sableye|Trick|p2b: Co-Star\n|-activate|p1a: Sableye|move: Trick|[of] p2b: Co-Star\n|-item|p2b: Co-Star|Lagging Tail|[from] move: Trick\n|-item|p1a: Sableye|Choice Specs|[from] move: Trick\n|move|p2b: Co-Star|Volt Switch|p1b: Lunala\n|-damage|p1b: Lunala|0 fnt\n|faint|p1b: Lunala\n|\n|t:|1771915062\n|switch|p2b: Landorus|Landorus, L50, M|100/100|[from] Volt Switch\n|\n|-fieldend|move: Gravity\n|upkeep\n|\n|t:|1771915067\n|switch|p1b: Calyrex|Calyrex-Ice, L50|100/100\n|-ability|p1b: Calyrex|As One\n|-ability|p1b: Calyrex|Unnerve\n|turn|6\n|\n|t:|1771915090\n|move|p1a: Sableye|Trick|p2b: Landorus\n|-activate|p1a: Sableye|move: Trick|[of] p2b: Landorus\n|-item|p2b: Landorus|Choice Specs|[from] move: Trick\n|-item|p1a: Sableye|Life Orb|[from] move: Trick\n|move|p2b: Landorus|Earth Power|p1b: Calyrex\n|-damage|p1b: Calyrex|49/100\n|move|p1b: Calyrex|Glacial Lance|p2b: Landorus|[spread] p2a,p2b\n|-resisted|p2a: Incineroar\n|-supereffective|p2b: Landorus\n|-damage|p2a: Incineroar|69/100\n|-damage|p2b: Landorus|0 fnt\n|faint|p2b: Landorus\n|-ability|p1b: Calyrex|Chilling Neigh|boost\n|-boost|p1b: Calyrex|atk|1\n|move|p2a: Incineroar|Flare Blitz|p1b: Calyrex\n|-supereffective|p1b: Calyrex\n|-damage|p1b: Calyrex|2/100\n|-damage|p2a: Incineroar|53/100|[from] Recoil\n|\n|-heal|p1b: Calyrex|8/100|[from] item: Leftovers\n|upkeep\n|\n|t:|1771915099\n|switch|p2b: Co-Star|Miraidon, L50|93/100\n|-activate|p2b: Co-Star|ability: Hadron Engine\n|turn|7\n|inactive|Mechromatt has 30 seconds left.\n|inactive|Mechromatt has 20 seconds left.\n|\n|t:|1771915136\n|move|p1a: Sableye|Trick|p1b: Calyrex\n|-activate|p1a: Sableye|move: Trick|[of] p1b: Calyrex\n|-item|p1b: Calyrex|Life Orb|[from] move: Trick\n|-item|p1a: Sableye|Leftovers|[from] move: Trick\n|move|p1b: Calyrex|Glacial Lance|p2b: Co-Star|[spread] p2a,p2b\n|-resisted|p2a: Incineroar\n|-supereffective|p2b: Co-Star\n|-damage|p2a: Incineroar|19/100\n|-damage|p2b: Co-Star|0 fnt\n|faint|p2b: Co-Star\n|-ability|p1b: Calyrex|Chilling Neigh|boost\n|-boost|p1b: Calyrex|atk|1\n|-damage|p1b: Calyrex|0 fnt|[from] item: Life Orb\n|faint|p1b: Calyrex\n|move|p2a: Incineroar|Knock Off|p1a: Sableye\n|-damage|p1a: Sableye|51/100\n|-enditem|p1a: Sableye|Leftovers|[from] move: Knock Off|[of] p2a: Incineroar\n|\n|-fieldend|move: Electric Terrain\n|upkeep\n|turn|8\n|\n|t:|1771915152\n|move|p1a: Sableye|Shadow Sneak|p2a: Incineroar\n|-resisted|p2a: Incineroar\n|-damage|p2a: Incineroar|17/100\n|move|p2a: Incineroar|Knock Off|p1a: Sableye\n|-damage|p1a: Sableye|16/100\n|\n|upkeep\n|turn|9\n|c|\u2606Mechromatt|Gg\n|\n|t:|1771915163\n|move|p1a: Sableye|Trick|p2a: Incineroar\n|-hint|Since gen 7, Dark is immune to Prankster moves.\n|-immune|p2a: Incineroar\n|move|p2a: Incineroar|Knock Off|p1a: Sableye\n|-damage|p1a: Sableye|0 fnt\n|faint|p1a: Sableye\n|\n|win|lalo's pollos\n|raw|Mechromatt's rating: 1321 &rarr; <strong>1307</strong><br />(-14 for losing)\n|raw|lalo&apos;s pollos's rating: 1434 &rarr; <strong>1448</strong><br />(+14 for winning)\n|l|\u2606Mechromatt\n|player|p1|\n|c|\u2606lalo's pollos|fun team\n","uploadtime":1771915383,"views":11,"formatid":"gen9vgc2026regi","rating":1307,"private":0,"password":null}