{"id":"gen9vgc2026regi-2537282662","format":"[Gen 9] VGC 2026 Reg I","players":["blackred123","Like a Fish"],"log":"|j|\u2606blackred123\n|j|\u2606Like a Fish\n|t:|1770790294\n|gametype|doubles\n|player|p1|blackred123|iono-masters|1417\n|player|p2|Like a Fish|n|1468\n|gen|9\n|tier|[Gen 9] VGC 2026 Reg I\n|rated|\n|rule|Species Clause: Limit one of each Pok\u00e9mon\n|rule|Item Clause: Limit 1 of each item\n|clearpoke\n|poke|p1|Calyrex-Shadow, L50|\n|poke|p1|Zamazenta-*, L50|\n|poke|p1|Incineroar, L50, M|\n|poke|p1|Rillaboom, L50, M|\n|poke|p1|Ogerpon-Cornerstone, L50, F|\n|poke|p1|Tornadus, L50, M|\n|poke|p2|Calyrex-Shadow, L50|\n|poke|p2|Zamazenta-*, L50|\n|poke|p2|Chien-Pao, L50|\n|poke|p2|Chi-Yu, L50|\n|poke|p2|Amoonguss, L50, F|\n|poke|p2|Ogerpon-Cornerstone, L50, F|\n|teampreview|4\n|inactive|Battle timer is ON: inactive players will automatically lose when time's up. (requested by Like a Fish)\n|inactive|blackred123 also wants the timer to be on.\n|\n|t:|1770790320\n|teamsize|p1|4\n|teamsize|p2|4\n|start\n|switch|p1a: \u54c7\u8884\uff08\u72d7\u53eb\u58f0\uff09|Zamazenta-Crowned, L50|100/100\n|switch|p1b: \u5e05otto\u5e05|Incineroar, L50, M|100/100\n|switch|p2a: Calyrex|Calyrex-Shadow, L50|100/100\n|switch|p2b: Chi-Yu|Chi-Yu, L50|100/100\n|-ability|p2a: Calyrex|As One\n|-ability|p2a: Calyrex|Unnerve\n|-ability|p2b: Chi-Yu|Beads of Ruin\n|-ability|p1a: \u54c7\u8884\uff08\u72d7\u53eb\u58f0\uff09|Dauntless Shield|boost\n|-boost|p1a: \u54c7\u8884\uff08\u72d7\u53eb\u58f0\uff09|def|1\n|-ability|p1b: \u5e05otto\u5e05|Intimidate|boost\n|-unboost|p2a: Calyrex|atk|1\n|-unboost|p2b: Chi-Yu|atk|1\n|turn|1\n|\n|t:|1770790339\n|-terastallize|p2b: Chi-Yu|Ghost\n|-terastallize|p1a: \u54c7\u8884\uff08\u72d7\u53eb\u58f0\uff09|Dragon\n|move|p2b: Chi-Yu|Ruination|p1a: \u54c7\u8884\uff08\u72d7\u53eb\u58f0\uff09\n|-damage|p1a: \u54c7\u8884\uff08\u72d7\u53eb\u58f0\uff09|51/100\n|move|p2a: Calyrex|Psychic|p1a: \u54c7\u8884\uff08\u72d7\u53eb\u58f0\uff09\n|-damage|p1a: \u54c7\u8884\uff08\u72d7\u53eb\u58f0\uff09|4/100\n|move|p1a: \u54c7\u8884\uff08\u72d7\u53eb\u58f0\uff09|Body Press|p2b: Chi-Yu\n|-immune|p2b: Chi-Yu\n|move|p1b: \u5e05otto\u5e05|Knock Off|p2a: Calyrex\n|-supereffective|p2a: Calyrex\n|-enditem|p2a: Calyrex|Focus Sash\n|-damage|p2a: Calyrex|1/100\n|\n|upkeep\n|turn|2\n|l|\u2606Like a Fish\n|inactive|Like a Fish disconnected and has a minute to reconnect!\n|player|p2|\n|inactive|Like a Fish has 30 seconds left.\n|j|\u2606Like a Fish\n|inactive|Like a Fish reconnected and has 25 seconds left.\n|player|p2|Like a Fish|n|\n|inactive|Like a Fish has 20 seconds left.\n|inactive|Like a Fish has 15 seconds left.\n|inactive|Like a Fish has 10 seconds left.\n|\n|t:|1770790389\n|move|p1a: \u54c7\u8884\uff08\u72d7\u53eb\u58f0\uff09|Protect|p1a: \u54c7\u8884\uff08\u72d7\u53eb\u58f0\uff09\n|-singleturn|p1a: \u54c7\u8884\uff08\u72d7\u53eb\u58f0\uff09|Protect\n|move|p2b: Chi-Yu|Ruination|p1b: \u5e05otto\u5e05\n|-damage|p1b: \u5e05otto\u5e05|50/100\n|move|p2a: Calyrex|Astral Barrage|p1b: \u5e05otto\u5e05|[spread] p1b\n|-activate|p1a: \u54c7\u8884\uff08\u72d7\u53eb\u58f0\uff09|move: Protect\n|-resisted|p1b: \u5e05otto\u5e05\n|-damage|p1b: \u5e05otto\u5e05|18/100\n|move|p1b: \u5e05otto\u5e05|Parting Shot|p2b: Chi-Yu\n|-unboost|p2b: Chi-Yu|atk|1\n|-unboost|p2b: Chi-Yu|spa|1\n|\n|t:|1770790403\n|switch|p1b: \u5636\u9a6c\u51a0\u54e5|Calyrex-Shadow, L50|100/100|[from] Parting Shot\n|-ability|p1b: \u5636\u9a6c\u51a0\u54e5|As One\n|-ability|p1b: \u5636\u9a6c\u51a0\u54e5|Unnerve\n|\n|upkeep\n|turn|3\n|inactive|Like a Fish has 30 seconds left.\n|\n|t:|1770790432\n|switch|p2b: Chien-Pao|Chien-Pao, L50|100/100\n|-ability|p2b: Chien-Pao|Sword of Ruin\n|switch|p2a: Zamazenta|Zamazenta-Crowned, L50|100/100\n|-ability|p2a: Zamazenta|Dauntless Shield|boost\n|-boost|p2a: Zamazenta|def|1\n|move|p1a: \u54c7\u8884\uff08\u72d7\u53eb\u58f0\uff09|Wide Guard|p1a: \u54c7\u8884\uff08\u72d7\u53eb\u58f0\uff09\n|-singleturn|p1a: \u54c7\u8884\uff08\u72d7\u53eb\u58f0\uff09|Wide Guard\n|move|p1b: \u5636\u9a6c\u51a0\u54e5|Astral Barrage|p2a: Zamazenta|[spread] p2a,p2b\n|-resisted|p2b: Chien-Pao\n|-crit|p2b: Chien-Pao\n|-damage|p2a: Zamazenta|60/100\n|-damage|p2b: Chien-Pao|59/100\n|\n|upkeep\n|turn|4\n|inactive|Like a Fish has 30 seconds left.\n|inactive|Like a Fish has 20 seconds left.\n|\n|t:|1770790468\n|switch|p1b: \u5e05otto\u5e05|Incineroar, L50, M|18/100\n|-ability|p1b: \u5e05otto\u5e05|Intimidate|boost\n|-unboost|p2a: Zamazenta|atk|1\n|-unboost|p2b: Chien-Pao|atk|1\n|move|p1a: \u54c7\u8884\uff08\u72d7\u53eb\u58f0\uff09|Protect||[still]\n|-fail|p1a: \u54c7\u8884\uff08\u72d7\u53eb\u58f0\uff09\n|move|p2b: Chien-Pao|Icy Wind|p1a: \u54c7\u8884\uff08\u72d7\u53eb\u58f0\uff09|[spread] p1a,p1b\n|-supereffective|p1a: \u54c7\u8884\uff08\u72d7\u53eb\u58f0\uff09\n|-resisted|p1b: \u5e05otto\u5e05\n|-damage|p1a: \u54c7\u8884\uff08\u72d7\u53eb\u58f0\uff09|0 fnt\n|-damage|p1b: \u5e05otto\u5e05|13/100\n|-unboost|p1b: \u5e05otto\u5e05|spe|1\n|faint|p1a: \u54c7\u8884\uff08\u72d7\u53eb\u58f0\uff09\n|move|p2a: Zamazenta|Behemoth Bash|p1b: \u5e05otto\u5e05\n|-resisted|p1b: \u5e05otto\u5e05\n|-damage|p1b: \u5e05otto\u5e05|0 fnt\n|-damage|p2a: Zamazenta|43/100|[from] item: Rocky Helmet|[of] p1b: \u5e05otto\u5e05\n|faint|p1b: \u5e05otto\u5e05\n|\n|upkeep\n|\n|t:|1770790479\n|switch|p1a: \u5636\u9a6c\u51a0\u54e5|Calyrex-Shadow, L50|100/100\n|switch|p1b: \u68cd\u7236|Tornadus, L50, M|100/100\n|-ability|p1a: \u5636\u9a6c\u51a0\u54e5|As One\n|-ability|p1a: \u5636\u9a6c\u51a0\u54e5|Unnerve\n|turn|5\n|inactive|Like a Fish has 30 seconds left.\n|\n|t:|1770790508\n|move|p2a: Zamazenta|Wide Guard|p2a: Zamazenta\n|-singleturn|p2a: Zamazenta|Wide Guard\n|move|p2b: Chien-Pao|Sucker Punch|p1a: \u5636\u9a6c\u51a0\u54e5\n|-supereffective|p1a: \u5636\u9a6c\u51a0\u54e5\n|-damage|p1a: \u5636\u9a6c\u51a0\u54e5|0 fnt\n|faint|p1a: \u5636\u9a6c\u51a0\u54e5\n|move|p1b: \u68cd\u7236|Bleakwind Storm|p2a: Zamazenta|[spread] \n|-activate|p2a: Zamazenta|move: Wide Guard\n|-activate|p2b: Chien-Pao|move: Wide Guard\n|\n|upkeep\n|turn|6\n|-message|blackred123 forfeited.\n|\n|win|Like a Fish\n|raw|blackred123's rating: 1417 &rarr; <strong>1400</strong><br />(-17 for losing)\n|raw|Like a Fish's rating: 1468 &rarr; <strong>1485</strong><br />(+17 for winning)\n|l|\u2606blackred123\n|player|p1|\n|l|\u2606Like a Fish\n|player|p2|\n","uploadtime":1770790676,"views":13,"formatid":"gen9vgc2026regi","rating":1400,"private":0,"password":null}