{"id":"gen9vgc2026regi-2576469666","format":"[Gen 9] VGC 2026 Reg I","players":["TheNamesBetty","Ice1234567890"],"log":"|j|\u2606TheNamesBetty\n|j|\u2606Ice1234567890\n|t:|1775478670\n|gametype|doubles\n|player|p1|TheNamesBetty|koga|1486\n|player|p2|Ice1234567890|266|1440\n|gen|9\n|tier|[Gen 9] VGC 2026 Reg I\n|rated|\n|rule|Species Clause: Limit one of each Pok\u00e9mon\n|rule|Item Clause: Limit 1 of each item\n|clearpoke\n|poke|p1|Koraidon, L50|\n|poke|p1|Calyrex-Shadow, L50|\n|poke|p1|Tornadus, L50, M|\n|poke|p1|Chi-Yu, L50|\n|poke|p1|Clefairy, L50, M|\n|poke|p1|Dewgong, L50, F|\n|poke|p2|Zacian-*, L50|\n|poke|p2|Kyogre, L50|\n|poke|p2|Urshifu-*, L50, M|\n|poke|p2|Roaring Moon, L50|\n|poke|p2|Amoonguss, L50, M|\n|poke|p2|Chien-Pao, L50|\n|teampreview|4\n|j| DeepRuminator\nTheNamesBetty has agreed to open team sheets.\n|\n|t:|1775478692\n|teamsize|p1|4\n|teamsize|p2|4\n|start\n|switch|p1a: Chi-Yu|Chi-Yu, L50, shiny|100/100\n|switch|p1b: D\u011bda Honza|Tornadus, L50, M|100/100\n|switch|p2a: Stars|Roaring Moon, L50|100/100\n|switch|p2b: Prince|Zacian-Crowned, L50, shiny|100/100\n|-ability|p1a: Chi-Yu|Beads of Ruin\n|-ability|p2b: Prince|Intrepid Sword|boost\n|-boost|p2b: Prince|atk|1\n|-enditem|p2a: Stars|Booster Energy\n|-activate|p2a: Stars|ability: Protosynthesis|[fromitem]\n|-start|p2a: Stars|protosynthesisspe\n|turn|1\n|\n|t:|1775478709\n|-terastallize|p2b: Prince|Fairy\n|move|p1b: D\u011bda Honza|Tailwind|p1b: D\u011bda Honza\n|-sidestart|p1: TheNamesBetty|move: Tailwind\n|move|p1a: Chi-Yu|Overheat|p2b: Prince\n|-damage|p2b: Prince|12/100\n|-unboost|p1a: Chi-Yu|spa|2\n|move|p2a: Stars|Tailwind|p2a: Stars\n|-sidestart|p2: Ice1234567890|move: Tailwind\n|move|p2b: Prince|Play Rough|p1a: Chi-Yu\n|-damage|p1a: Chi-Yu|0 fnt\n|faint|p1a: Chi-Yu\n|\n|upkeep\n|\n|t:|1775478719\n|switch|p1a: Jan\u017di\u017ekaZTrocnova|Koraidon, L50|100/100\n|-weather|SunnyDay|[from] ability: Orichalcum Pulse|[of] p1a: Jan\u017di\u017ekaZTrocnova\n|-activate|p1a: Jan\u017di\u017ekaZTrocnova|Orichalcum Pulse|[source]\n|turn|2\n|\n|t:|1775478761\n|move|p1a: Jan\u017di\u017ekaZTrocnova|Protect|p1a: Jan\u017di\u017ekaZTrocnova\n|-singleturn|p1a: Jan\u017di\u017ekaZTrocnova|Protect\n|move|p2a: Stars|Knock Off|p1a: Jan\u017di\u017ekaZTrocnova\n|-activate|p1a: Jan\u017di\u017ekaZTrocnova|move: Protect\n|move|p2b: Prince|Behemoth Blade|p1b: D\u011bda Honza\n|-damage|p1b: D\u011bda Honza|0 fnt\n|faint|p1b: D\u011bda Honza\n|\n|-weather|SunnyDay|[upkeep]\n|upkeep\n|\n|t:|1775478769\n|switch|p1b: Kedluben|Calyrex-Shadow, L50|100/100\n|-ability|p1b: Kedluben|As One\n|-ability|p1b: Kedluben|Unnerve\n|turn|3\n|\n|t:|1775478790\n|switch|p2b: Chien-Pao|Chien-Pao, L50|100/100\n|-ability|p2b: Chien-Pao|Sword of Ruin\n|move|p2a: Stars|Protect|p2a: Stars\n|-singleturn|p2a: Stars|Protect\n|move|p1b: Kedluben|Protect|p1b: Kedluben\n|-singleturn|p1b: Kedluben|Protect\n|move|p1a: Jan\u017di\u017ekaZTrocnova|Flame Charge|p2b: Chien-Pao\n|-supereffective|p2b: Chien-Pao\n|-enditem|p2b: Chien-Pao|Focus Sash\n|-damage|p2b: Chien-Pao|1/100\n|-boost|p1a: Jan\u017di\u017ekaZTrocnova|spe|1\n|\n|-weather|SunnyDay|[upkeep]\n|upkeep\n|turn|4\n|\n|t:|1775478815\n|-terastallize|p1a: Jan\u017di\u017ekaZTrocnova|Fire\n|move|p2b: Chien-Pao|Sucker Punch||[still]\n|-fail|p2b: Chien-Pao\n|move|p2a: Stars|Acrobatics|p1a: Jan\u017di\u017ekaZTrocnova\n|-damage|p1a: Jan\u017di\u017ekaZTrocnova|64/100\n|move|p1a: Jan\u017di\u017ekaZTrocnova|Collision Course|p2a: Stars\n|-supereffective|p2a: Stars\n|-damage|p2a: Stars|0 fnt\n|faint|p2a: Stars\n|-end|p2a: Stars|Protosynthesis|[silent]\n|move|p1b: Kedluben|Nasty Plot|p1b: Kedluben\n|-boost|p1b: Kedluben|spa|2\n|\n|-weather|SunnyDay|[upkeep]\n|-sideend|p2: Ice1234567890|move: Tailwind\n|-sideend|p1: TheNamesBetty|move: Tailwind\n|upkeep\n|\n|t:|1775478824\n|switch|p2a: Runaway|Kyogre, L50, shiny|100/100\n|-weather|RainDance|[from] ability: Drizzle|[of] p2a: Runaway\n|turn|5\n|\n|t:|1775478851\n|move|p1a: Jan\u017di\u017ekaZTrocnova|Protect|p1a: Jan\u017di\u017ekaZTrocnova\n|-singleturn|p1a: Jan\u017di\u017ekaZTrocnova|Protect\n|move|p2b: Chien-Pao|Protect|p2b: Chien-Pao\n|-singleturn|p2b: Chien-Pao|Protect\n|move|p1b: Kedluben|Astral Barrage|p2b: Chien-Pao|[spread] p2a\n|-activate|p2b: Chien-Pao|move: Protect\n|-damage|p2a: Runaway|12/100\n|-damage|p1b: Kedluben|91/100|[from] item: Life Orb\n|move|p2a: Runaway|Water Spout|p1b: Kedluben|[spread] p1b\n|-activate|p1a: Jan\u017di\u017ekaZTrocnova|move: Protect\n|-damage|p1b: Kedluben|76/100\n|\n|-weather|RainDance|[upkeep]\n|upkeep\n|turn|6\n|\n|t:|1775478868\n|move|p1b: Kedluben|Protect|p1b: Kedluben\n|-singleturn|p1b: Kedluben|Protect\n|move|p2a: Runaway|Protect|p2a: Runaway\n|-singleturn|p2a: Runaway|Protect\n|move|p2b: Chien-Pao|Sucker Punch|p1a: Jan\u017di\u017ekaZTrocnova\n|-damage|p1a: Jan\u017di\u017ekaZTrocnova|23/100\n|move|p1a: Jan\u017di\u017ekaZTrocnova|Flame Charge|p2b: Chien-Pao\n|-supereffective|p2b: Chien-Pao\n|-crit|p2b: Chien-Pao\n|-damage|p2b: Chien-Pao|0 fnt\n|-boost|p1a: Jan\u017di\u017ekaZTrocnova|spe|1\n|faint|p2b: Chien-Pao\n|\n|-weather|RainDance|[upkeep]\n|upkeep\n|\n|t:|1775478877\n|switch|p2b: Prince|Zacian-Crowned, L50, shiny, tera:Fairy|12/100\n|turn|7\n|\n|t:|1775478893\n|move|p1a: Jan\u017di\u017ekaZTrocnova|Collision Course|p2a: Runaway\n|-damage|p2a: Runaway|0 fnt\n|faint|p2a: Runaway\n|move|p1b: Kedluben|Astral Barrage|p2b: Prince\n|-damage|p2b: Prince|0 fnt\n|faint|p2b: Prince\n|-damage|p1b: Kedluben|67/100|[from] item: Life Orb\n|\n|win|TheNamesBetty\n|raw|TheNamesBetty's rating: 1486 &rarr; <strong>1505</strong><br />(+19 for winning)\n|raw|Ice1234567890's rating: 1460 &rarr; <strong>1441</strong><br />(-19 for losing)\n|l|\u2606Ice1234567890\n|player|p2|\n","uploadtime":1775478903,"views":7,"formatid":"gen9vgc2026regi","rating":1441,"private":0,"password":null}