{"id":"gen9vgc2026regi-2553408604","format":"[Gen 9] VGC 2026 Reg I","players":["drive stone","jason986"],"log":"|j|\u2606drive stone\n|j|\u2606jason986\n|t:|1772828202\n|gametype|doubles\n|player|p1|drive stone|cilan|1471\n|player|p2|jason986|psychicf-gen4|1423\n|gen|9\n|tier|[Gen 9] VGC 2026 Reg I\n|rated|\n|rule|Species Clause: Limit one of each Pok\u00e9mon\n|rule|Item Clause: Limit 1 of each item\n|clearpoke\n|poke|p1|Regieleki, L50|\n|poke|p1|Calyrex-Shadow, L50|\n|poke|p1|Koraidon, L50|\n|poke|p1|Incineroar, L50, M|\n|poke|p1|Rillaboom, L50, M|\n|poke|p1|Volcarona, L50, F|\n|poke|p2|Tornadus, L50, M|\n|poke|p2|Kyogre, L50|\n|poke|p2|Urshifu-*, L50, M|\n|poke|p2|Calyrex-Ice, L50|\n|poke|p2|Archaludon, L50, M|\n|poke|p2|Amoonguss, L50, M|\n|teampreview|4\n|inactive|Battle timer is ON: inactive players will automatically lose when time's up. (requested by jason986)\n|inactive|drive stone has 60 seconds left.\n|\n|t:|1772828272\n|teamsize|p1|4\n|teamsize|p2|4\n|start\n|switch|p1a: Volcarona|Volcarona, L50, F|100/100\n|switch|p1b: Regieleki|Regieleki, L50|100/100\n|switch|p2a: Calyrex|Calyrex-Ice, L50|100/100\n|switch|p2b: Urshifu|Urshifu-Rapid-Strike, L50, M|100/100\n|-ability|p2a: Calyrex|As One\n|-ability|p2a: Calyrex|Unnerve\n|turn|1\n|inactive|drive stone has 30 seconds left.\n|inactive|jason986 has 30 seconds left.\n|inactive|jason986 has 20 seconds left.\n|inactive|drive stone has 20 seconds left.\n|inactive|jason986 has 15 seconds left.\n|inactive|jason986 has 10 seconds left.\n|\n|t:|1772828317\n|move|p1b: Regieleki|Volt Switch|p2b: Urshifu\n|-supereffective|p2b: Urshifu\n|-enditem|p2b: Urshifu|Focus Sash\n|-damage|p2b: Urshifu|1/100\n|\n|t:|1772828322\n|switch|p1b: Koraidon|Koraidon, L50|100/100|[from] Volt Switch\n|-weather|SunnyDay|[from] ability: Orichalcum Pulse|[of] p1b: Koraidon\n|-activate|p1b: Koraidon|Orichalcum Pulse|[source]\n|move|p2b: Urshifu|Surging Strikes|p1a: Volcarona\n|-supereffective|p1a: Volcarona\n|-crit|p1a: Volcarona\n|-damage|p1a: Volcarona|78/100\n|-supereffective|p1a: Volcarona\n|-crit|p1a: Volcarona\n|-damage|p1a: Volcarona|56/100\n|-supereffective|p1a: Volcarona\n|-crit|p1a: Volcarona\n|-damage|p1a: Volcarona|36/100\n|-hitcount|p1a: Volcarona|3\n|move|p1a: Volcarona|Fiery Dance|p2a: Calyrex\n|-supereffective|p2a: Calyrex\n|-damage|p2a: Calyrex|19/100\n|move|p2a: Calyrex|Trick Room|p2a: Calyrex\n|-fieldstart|move: Trick Room|[of] p2a: Calyrex\n|\n|-weather|SunnyDay|[upkeep]\n|-heal|p1a: Volcarona|42/100|[from] item: Leftovers\n|upkeep\n|turn|2\n|inactive|drive stone has 30 seconds left.\n|\n|t:|1772828355\n|switch|p2b: Kyogre|Kyogre, L50|100/100\n|-weather|RainDance|[from] ability: Drizzle|[of] p2b: Kyogre\n|-terastallize|p1b: Koraidon|Fire\n|move|p2a: Calyrex|Protect|p2a: Calyrex\n|-singleturn|p2a: Calyrex|Protect\n|move|p1a: Volcarona|Giga Drain|p2b: Kyogre\n|-supereffective|p2b: Kyogre\n|-damage|p2b: Kyogre|69/100\n|-heal|p1a: Volcarona|59/100|[from] drain|[of] p2b: Kyogre\n|move|p1b: Koraidon|Flame Charge|p2a: Calyrex\n|-activate|p2a: Calyrex|move: Protect\n|\n|-weather|RainDance|[upkeep]\n|-heal|p1a: Volcarona|66/100|[from] item: Leftovers\n|upkeep\n|turn|3\n|inactive|drive stone has 30 seconds left.\n|\n|t:|1772828382\n|switch|p1b: Rillaboom|Rillaboom, L50, M|100/100\n|-fieldstart|move: Grassy Terrain|[from] ability: Grassy Surge|[of] p1b: Rillaboom\n|move|p1a: Volcarona|Protect|p1a: Volcarona\n|-singleturn|p1a: Volcarona|Protect\n|move|p2a: Calyrex|Glacial Lance|p1b: Rillaboom|[spread] p1b\n|-activate|p1a: Volcarona|move: Protect\n|-supereffective|p1b: Rillaboom\n|-damage|p1b: Rillaboom|0 fnt\n|faint|p1b: Rillaboom\n|-ability|p2a: Calyrex|Chilling Neigh|boost\n|-boost|p2a: Calyrex|atk|1\n|move|p2b: Kyogre|Water Spout|p1a: Volcarona\n|-activate|p1a: Volcarona|move: Protect\n|\n|-weather|RainDance|[upkeep]\n|-heal|p2a: Calyrex|25/100|[from] Grassy Terrain\n|-heal|p2b: Kyogre|74/100|[from] Grassy Terrain\n|-heal|p1a: Volcarona|72/100|[from] Grassy Terrain\n|-heal|p1a: Volcarona|78/100|[from] item: Leftovers\n|upkeep\n|\n|t:|1772828402\n|switch|p1b: Koraidon|Koraidon, L50, tera:Fire|100/100\n|-weather|SunnyDay|[from] ability: Orichalcum Pulse|[of] p1b: Koraidon\n|-activate|p1b: Koraidon|Orichalcum Pulse|[source]\n|turn|4\n|\n|t:|1772828415\n|move|p2a: Calyrex|Glacial Lance|p1b: Koraidon|[spread] p1a,p1b\n|-resisted|p1a: Volcarona\n|-resisted|p1b: Koraidon\n|-damage|p1a: Volcarona|33/100\n|-damage|p1b: Koraidon|65/100\n|move|p2b: Kyogre|Water Spout|p1b: Koraidon|[spread] p1a,p1b\n|-supereffective|p1a: Volcarona\n|-supereffective|p1b: Koraidon\n|-damage|p1a: Volcarona|0 fnt\n|-damage|p1b: Koraidon|13/100\n|faint|p1a: Volcarona\n|move|p1b: Koraidon|Flame Charge|p2a: Calyrex\n|-supereffective|p2a: Calyrex\n|-damage|p2a: Calyrex|0 fnt\n|-boost|p1b: Koraidon|spe|1\n|faint|p2a: Calyrex\n|\n|-weather|SunnyDay|[upkeep]\n|-heal|p2b: Kyogre|80/100|[from] Grassy Terrain\n|-heal|p1b: Koraidon|18/100|[from] Grassy Terrain\n|upkeep\n|\n|t:|1772828433\n|switch|p2a: Urshifu|Urshifu-Rapid-Strike, L50, M|1/100\n|switch|p1a: Regieleki|Regieleki, L50|100/100\n|turn|5\n|\n|t:|1772828444\n|move|p1b: Koraidon|Protect|p1b: Koraidon\n|-singleturn|p1b: Koraidon|Protect\n|move|p2b: Kyogre|Water Spout|p1b: Koraidon|[spread] p1a\n|-activate|p1b: Koraidon|move: Protect\n|-damage|p1a: Regieleki|32/100\n|move|p2a: Urshifu|Surging Strikes|p1b: Koraidon\n|-supereffective|p1b: Koraidon\n|-crit|p1b: Koraidon\n|-damage|p1b: Koraidon|4/100\n|-supereffective|p1b: Koraidon\n|-crit|p1b: Koraidon\n|-damage|p1b: Koraidon|0 fnt\n|faint|p1b: Koraidon\n|-hitcount|p1: Koraidon|2\n|move|p1a: Regieleki|Electroweb|p2a: Urshifu|[spread] p2a,p2b\n|-supereffective|p2a: Urshifu\n|-supereffective|p2b: Kyogre\n|-damage|p2a: Urshifu|0 fnt\n|-damage|p2b: Kyogre|48/100\n|-unboost|p2b: Kyogre|spe|1\n|faint|p2a: Urshifu\n|\n|-weather|SunnyDay|[upkeep]\n|-heal|p2b: Kyogre|54/100|[from] Grassy Terrain\n|-heal|p1a: Regieleki|38/100|[from] Grassy Terrain\n|-fieldend|move: Trick Room\n|upkeep\n|\n|t:|1772828461\n|switch|p2a: Archaludon|Archaludon, L50, M|100/100\n|turn|6\n|\n|t:|1772828473\n|-terastallize|p2b: Kyogre|Grass\n|move|p1a: Regieleki|Thunderbolt|p2b: Kyogre\n|-resisted|p2b: Kyogre\n|-damage|p2b: Kyogre|38/100\n|move|p2a: Archaludon|Draco Meteor|p1a: Regieleki\n|-damage|p1a: Regieleki|0 fnt\n|-unboost|p2a: Archaludon|spa|2\n|faint|p1a: Regieleki\n|\n|win|jason986\n|raw|drive stone's rating: 1471 &rarr; <strong>1448</strong><br />(-23 for losing)\n|raw|jason986's rating: 1423 &rarr; <strong>1446</strong><br />(+23 for winning)\n|l|\u2606drive stone\n|player|p1|\n|l|\u2606jason986\n|player|p2|\n","uploadtime":1772828651,"views":29,"formatid":"gen9vgc2026regi","rating":1446,"private":0,"password":null}