{"id":"gen9vgc2026regi-2586780785","format":"[Gen 9] VGC 2026 Reg I","players":["chue3","Lil Tic"],"log":"|j|\u2606chue3\n|j|\u2606Lil Tic\n|t:|1776459362\n|gametype|doubles\n|player|p1|chue3|102|1371\n|player|p2|Lil Tic|101|1423\n|gen|9\n|tier|[Gen 9] VGC 2026 Reg I\n|rated|\n|rule|Species Clause: Limit one of each Pok\u00e9mon\n|rule|Item Clause: Limit 1 of each item\n|clearpoke\n|poke|p1|Muk-Alola, L50, F|\n|poke|p1|Smeargle, L50, F|\n|poke|p1|Calyrex-Shadow, L50|\n|poke|p1|Flamigo, L50, F|\n|poke|p1|Miraidon, L50|\n|poke|p1|Volcarona, L50, F|\n|poke|p2|Koraidon, L50|\n|poke|p2|Flutter Mane, L50|\n|poke|p2|Ho-Oh, L50|\n|poke|p2|Incineroar, L50, M|\n|poke|p2|Amoonguss, L50, M|\n|poke|p2|Ting-Lu, L50|\n|teampreview|4\n|inactive|Battle timer is ON: inactive players will automatically lose when time's up. (requested by chue3)\n|inactive|Lil Tic has 60 seconds left.\n|\n|t:|1776459416\n|teamsize|p1|4\n|teamsize|p2|4\n|start\n|switch|p1a: Calyrex|Calyrex-Shadow, L50|100/100\n|switch|p1b: Miraidon|Miraidon, L50|100/100\n|switch|p2a: Incineroar|Incineroar, L50, M|100/100\n|switch|p2b: Ting-Lu|Ting-Lu, L50|100/100\n|-ability|p1a: Calyrex|As One\n|-ability|p1a: Calyrex|Unnerve\n|-fieldstart|move: Electric Terrain|[from] ability: Hadron Engine|[of] p1b: Miraidon\n|-ability|p2a: Incineroar|Intimidate|boost\n|-unboost|p1a: Calyrex|atk|1\n|-unboost|p1b: Miraidon|atk|1\n|-ability|p2b: Ting-Lu|Vessel of Ruin\n|turn|1\n|inactive|chue3 has 30 seconds left.\n|\n|t:|1776459443\n|switch|p1b: Volcarona|Volcarona, L50, F|100/100\n|-enditem|p1b: Volcarona|Electric Seed\n|-boost|p1b: Volcarona|def|1|[from] item: Electric Seed\n|move|p2a: Incineroar|Fake Out|p1b: Volcarona\n|-damage|p1b: Volcarona|91/100\n|move|p1a: Calyrex|Giga Drain|p2b: Ting-Lu\n|-supereffective|p2b: Ting-Lu\n|-damage|p2b: Ting-Lu|69/100\n|move|p2b: Ting-Lu|Stomping Tantrum|p1b: Volcarona\n|-damage|p1b: Volcarona|67/100\n|-status|p2b: Ting-Lu|brn|[from] ability: Flame Body|[of] p1b: Volcarona\n|\n|-heal|p2b: Ting-Lu|75/100 brn|[from] item: Leftovers\n|-damage|p2b: Ting-Lu|69/100 brn|[from] brn\n|upkeep\n|turn|2\n|inactive|chue3 has 30 seconds left.\n|\n|t:|1776459474\n|move|p1a: Calyrex|Protect|p1a: Calyrex\n|-singleturn|p1a: Calyrex|Protect\n|move|p1b: Volcarona|Quiver Dance|p1b: Volcarona\n|-boost|p1b: Volcarona|spa|1\n|-boost|p1b: Volcarona|spd|1\n|-boost|p1b: Volcarona|spe|1\n|move|p2a: Incineroar|Knock Off|p1a: Calyrex\n|-activate|p1a: Calyrex|move: Protect\n|move|p2b: Ting-Lu|Stealth Rock|p1b: Volcarona\n|-sidestart|p1: chue3|move: Stealth Rock\n|\n|-heal|p2b: Ting-Lu|75/100 brn|[from] item: Leftovers\n|-damage|p2b: Ting-Lu|69/100 brn|[from] brn\n|upkeep\n|turn|3\n|inactive|chue3 has 30 seconds left.\n|inactive|Lil Tic has 30 seconds left.\n|\n|t:|1776459505\n|switch|p2b: Ho-Oh|Ho-Oh, L50|100/100\n|move|p1b: Volcarona|Struggle Bug|p2b: Ho-Oh|[spread] p2a,p2b\n|-resisted|p2b: Ho-Oh\n|-damage|p2a: Incineroar|75/100\n|-damage|p2b: Ho-Oh|97/100\n|-unboost|p2a: Incineroar|spa|1\n|move|p1a: Calyrex|Giga Drain|p2b: Ho-Oh\n|-resisted|p2b: Ho-Oh\n|-damage|p2b: Ho-Oh|92/100\n|move|p2a: Incineroar|Knock Off|p1a: Calyrex\n|-supereffective|p1a: Calyrex\n|-damage|p1a: Calyrex|0 fnt\n|-enditem|p1a: Calyrex|Spell Tag|[from] move: Knock Off|[of] p2a: Incineroar\n|faint|p1a: Calyrex\n|\n|upkeep\n|\n|t:|1776459521\n|switch|p1a: Miraidon|Miraidon, L50|100/100\n|-damage|p1a: Miraidon|88/100|[from] Stealth Rock\n|-activate|p1a: Miraidon|ability: Hadron Engine\n|turn|4\n|inactive|Lil Tic has 30 seconds left.\n|\n|t:|1776459555\n|-terastallize|p1a: Miraidon|Electric\n|-terastallize|p2b: Ho-Oh|Grass\n|move|p1a: Miraidon|Electro Drift|p2b: Ho-Oh\n|-resisted|p2b: Ho-Oh\n|-damage|p2b: Ho-Oh|55/100\n|move|p1b: Volcarona|Fiery Dance|p2a: Incineroar\n|-resisted|p2a: Incineroar\n|-damage|p2a: Incineroar|51/100\n|-boost|p1b: Volcarona|spa|1\n|move|p2b: Ho-Oh|Tailwind|p2b: Ho-Oh\n|-sidestart|p2: Lil Tic|move: Tailwind\n|move|p2a: Incineroar|Flare Blitz|p1b: Volcarona\n|-damage|p1b: Volcarona|26/100\n|-damage|p2a: Incineroar|38/100|[from] Recoil\n|\n|upkeep\n|turn|5\n|inactive|chue3 has 30 seconds left.\n|inactive|Lil Tic has 30 seconds left.\n|\n|t:|1776459585\n|move|p1a: Miraidon|Electro Drift|p2a: Incineroar\n|-damage|p2a: Incineroar|0 fnt\n|faint|p2a: Incineroar\n|move|p2b: Ho-Oh|Brave Bird|p1b: Volcarona\n|-supereffective|p1b: Volcarona\n|-damage|p1b: Volcarona|0 fnt\n|faint|p1b: Volcarona\n|-damage|p2b: Ho-Oh|47/100|[from] Recoil\n|\n|-fieldend|move: Electric Terrain\n|upkeep\n|\n|t:|1776459597\n|switch|p1b: Smeargle|Smeargle, L50, F|100/100\n|switch|p2a: Koraidon|Koraidon, L50|100/100\n|-weather|SunnyDay|[from] ability: Orichalcum Pulse|[of] p2a: Koraidon\n|-activate|p2a: Koraidon|Orichalcum Pulse|[source]\n|-damage|p1b: Smeargle|88/100|[from] Stealth Rock\n|turn|6\n|\n|t:|1776459611\n|move|p1b: Smeargle|Fake Out|p2a: Koraidon\n|-damage|p2a: Koraidon|95/100\n|cant|p2a: Koraidon|flinch\n|move|p1a: Miraidon|Electro Drift|p2b: Ho-Oh\n|-resisted|p2b: Ho-Oh\n|-damage|p2b: Ho-Oh|23/100\n|move|p2b: Ho-Oh|Sacred Fire|p1a: Miraidon\n|-damage|p1a: Miraidon|6/100\n|\n|-weather|SunnyDay|[upkeep]\n|-ability|p1b: Smeargle|Moody|boost\n|-boost|p1b: Smeargle|spa|2\n|-unboost|p1b: Smeargle|atk|1\n|upkeep\n|turn|7\n|\n|t:|1776459631\n|move|p1b: Smeargle|Follow Me|p1b: Smeargle\n|-singleturn|p1b: Smeargle|move: Follow Me\n|move|p2a: Koraidon|Collision Course|p1b: Smeargle\n|-supereffective|p1b: Smeargle\n|-damage|p1b: Smeargle|0 fnt\n|faint|p1b: Smeargle\n|-damage|p2a: Koraidon|86/100|[from] item: Life Orb\n|move|p1a: Miraidon|Electro Drift|p2b: Ho-Oh\n|-resisted|p2b: Ho-Oh\n|-damage|p2b: Ho-Oh|0 fnt\n|faint|p2b: Ho-Oh\n|\n|-weather|SunnyDay|[upkeep]\n|-sideend|p2: Lil Tic|move: Tailwind\n|upkeep\n|\n|t:|1776459636\n|switch|p2b: Ting-Lu|Ting-Lu, L50|69/100 brn\n|-ability|p2b: Ting-Lu|Vessel of Ruin\n|turn|8\n|-message|chue3 forfeited.\n|\n|win|Lil Tic\n|raw|chue3's rating: 1371 &rarr; <strong>1354</strong><br />(-17 for losing)\n|raw|Lil Tic's rating: 1423 &rarr; <strong>1440</strong><br />(+17 for winning)\n|l|\u2606chue3\n|player|p1|\n|l|\u2606Lil Tic\n|player|p2|\n","uploadtime":1776459886,"views":14,"formatid":"gen9vgc2026regi","rating":1354,"private":0,"password":null}