{"id":"gen9vgc2026regi-2548349436","format":"[Gen 9] VGC 2026 Reg I","players":["buggybrain","elromanola"],"log":"|j|\u2606buggybrain\n|j|\u2606elromanola\n|t:|1772206190\n|gametype|doubles\n|player|p1|buggybrain|hiker-gen4|1166\n|player|p2|elromanola|swimmer-gen4|1083\n|gen|9\n|tier|[Gen 9] VGC 2026 Reg I\n|rated|\n|rule|Species Clause: Limit one of each Pok\u00e9mon\n|rule|Item Clause: Limit 1 of each item\n|clearpoke\n|poke|p1|Rillaboom, L50, M|\n|poke|p1|Incineroar, L50, M|\n|poke|p1|Calyrex-Ice, L50|\n|poke|p1|Landorus, L50, M|\n|poke|p1|Koraidon, L50|\n|poke|p1|Smeargle, L50, M|\n|poke|p2|Gyarados, L50, F|\n|poke|p2|Iron Hands, L50|\n|poke|p2|Glimmora, L50, F|\n|poke|p2|Zamazenta-*, L50|\n|poke|p2|Moltres, L50|\n|poke|p2|Cresselia, L50, F|\n|teampreview|4\n|\n|t:|1772206258\n|teamsize|p1|4\n|teamsize|p2|4\n|start\n|switch|p1a: Koraidon|Koraidon, L50|100/100\n|switch|p1b: Smeargle|Smeargle, L50, M|100/100\n|switch|p2a: Gyarados|Gyarados, L50, F|100/100\n|switch|p2b: Glimmora|Glimmora, L50, F|100/100\n|-weather|SunnyDay|[from] ability: Orichalcum Pulse|[of] p1a: Koraidon\n|-activate|p1a: Koraidon|Orichalcum Pulse|[source]\n|-ability|p2a: Gyarados|Intimidate|boost\n|-fail|p1a: Koraidon|unboost|[from] item: Clear Amulet|[of] p1a: Koraidon\n|-unboost|p1b: Smeargle|atk|1\n|turn|1\n|c|\u2606buggybrain|gimme a sec\n|c|\u2606elromanola|alr\n|l|\u2606buggybrain\n|player|p1|\n|c|\u2606elromanola|?\n|inactive|Battle timer is ON: inactive players will automatically lose when time's up. (requested by elromanola)\n|c|\u2606elromanola|u left?\n|inactive|buggybrain has 30 seconds to reconnect!\n|j|\u2606buggybrain\n|inactive|buggybrain reconnected and has 60 seconds left.\n|player|p1|buggybrain|hiker-gen4|\n|c|\u2606buggybrain|sey\n|c|\u2606buggybrain|sry\n|c|\u2606elromanola|ahhh\n|c|\u2606elromanola|my fault\n|c|\u2606elromanola|i think u left\n|\n|t:|1772206423\n|move|p1a: Koraidon|Low Kick|p2b: Glimmora\n|-damage|p2b: Glimmora|43/100\n|-activate|p2b: Glimmora|ability: Toxic Debris\n|-sidestart|p1: buggybrain|move: Toxic Spikes\n|move|p2b: Glimmora|Sludge Bomb|p1b: Smeargle\n|-enditem|p1b: Smeargle|Focus Sash\n|-damage|p1b: Smeargle|1/100\n|move|p1b: Smeargle|Spore|p2a: Gyarados\n|-status|p2a: Gyarados|slp|[from] move: Spore\n|cant|p2a: Gyarados|slp\n|\n|-weather|SunnyDay|[upkeep]\n|-ability|p1b: Smeargle|Moody|boost\n|-boost|p1b: Smeargle|def|2\n|-unboost|p1b: Smeargle|spd|1\n|upkeep\n|turn|2\n|inactive|elromanola has 30 seconds left.\n|inactive|elromanola has 20 seconds left.\n|inactive|elromanola has 15 seconds left.\n|inactive|elromanola has 10 seconds left.\n|\n|t:|1772206471\n|move|p1a: Koraidon|Low Kick|p2b: Glimmora\n|-damage|p2b: Glimmora|0 fnt\n|-activate|p2b: Glimmora|ability: Toxic Debris\n|-sidestart|p1: buggybrain|move: Toxic Spikes\n|faint|p2b: Glimmora\n|move|p1b: Smeargle|Ruination|p2a: Gyarados\n|-damage|p2a: Gyarados|50/100 slp\n|-enditem|p2a: Gyarados|Sitrus Berry|[eat]\n|-heal|p2a: Gyarados|75/100 slp|[from] item: Sitrus Berry\n|cant|p2a: Gyarados|slp\n|\n|-weather|SunnyDay|[upkeep]\n|-ability|p1b: Smeargle|Moody|boost\n|-boost|p1b: Smeargle|atk|2\n|-unboost|p1b: Smeargle|spe|1\n|upkeep\n|\n|t:|1772206485\n|switch|p2b: Cresselia|Cresselia, L50, F|100/100\n|turn|3\n|inactive|buggybrain has 30 seconds left.\n|\n|t:|1772206517\n|-terastallize|p1a: Koraidon|Fire\n|move|p1a: Koraidon|Flare Blitz|p2b: Cresselia\n|-damage|p2b: Cresselia|30/100\n|-damage|p1a: Koraidon|71/100|[from] Recoil\n|move|p2b: Cresselia|Icy Wind|p1a: Koraidon|[spread] p1a,p1b\n|-resisted|p1a: Koraidon\n|-damage|p1a: Koraidon|68/100\n|-damage|p1b: Smeargle|0 fnt\n|faint|p1b: Smeargle\n|-curestatus|p2a: Gyarados|slp|[msg]\n|move|p2a: Gyarados|Thunder Wave|p1a: Koraidon\n|-status|p1a: Koraidon|par\n|\n|-weather|SunnyDay|[upkeep]\n|upkeep\n|\n|t:|1772206531\n|switch|p1b: Calyrex|Calyrex-Ice, L50|100/100\n|-ability|p1b: Calyrex|As One\n|-ability|p1b: Calyrex|Unnerve\n|-status|p1b: Calyrex|tox\n|turn|4\n|\n|t:|1772206543\n|move|p2b: Cresselia|Lunar Blessing|p2b: Cresselia|[spread] p2a,p2b\n|-heal|p2a: Gyarados|99/100\n|-heal|p2b: Cresselia|55/100\n|move|p2a: Gyarados|Thunder Wave||[still]\n|-fail|p2a: Gyarados\n|move|p1a: Koraidon|Flame Charge|p2a: Gyarados\n|-resisted|p2a: Gyarados\n|-damage|p2a: Gyarados|70/100\n|-boost|p1a: Koraidon|spe|1\n|move|p1b: Calyrex|Glacial Lance|p2b: Cresselia|[spread] p2a,p2b\n|-damage|p2a: Gyarados|21/100\n|-damage|p2b: Cresselia|27/100\n|\n|-weather|SunnyDay|[upkeep]\n|-damage|p1b: Calyrex|95/100 tox|[from] psn\n|upkeep\n|turn|5\n|inactive|buggybrain has 30 seconds left.\n|inactive|elromanola has 30 seconds left.\n|\n|t:|1772206571\n|move|p1a: Koraidon|Flame Charge|p2b: Cresselia\n|-damage|p2b: Cresselia|0 fnt\n|-boost|p1a: Koraidon|spe|1\n|faint|p2b: Cresselia\n|move|p2a: Gyarados|Thunder Wave||[still]\n|-fail|p2a: Gyarados\n|move|p1b: Calyrex|Glacial Lance|p2a: Gyarados\n|-damage|p2a: Gyarados|0 fnt\n|faint|p2a: Gyarados\n|-ability|p1b: Calyrex|Chilling Neigh|boost\n|-boost|p1b: Calyrex|atk|1\n|\n|-weather|none\n|-heal|p1b: Calyrex|100/100 tox|[from] item: Leftovers\n|-damage|p1b: Calyrex|89/100 tox|[from] psn\n|upkeep\n|\n|t:|1772206586\n|switch|p2b: Zamazenta|Zamazenta-Crowned, L50|100/100\n|-ability|p2b: Zamazenta|Dauntless Shield|boost\n|-boost|p2b: Zamazenta|def|1\n|turn|6\n|inactive|buggybrain has 30 seconds left.\n|\n|t:|1772206619\n|move|p2b: Zamazenta|Protect|p2b: Zamazenta\n|-singleturn|p2b: Zamazenta|Protect\n|cant|p1a: Koraidon|par\n|move|p1b: Calyrex|Leech Seed|p2b: Zamazenta\n|-activate|p2b: Zamazenta|move: Protect\n|\n|-heal|p1b: Calyrex|95/100 tox|[from] item: Leftovers\n|-damage|p1b: Calyrex|77/100 tox|[from] psn\n|upkeep\n|turn|7\n|\n|t:|1772206640\n|switch|p1b: Incineroar|Incineroar, L50, M|100/100\n|-status|p1b: Incineroar|tox\n|-ability|p1b: Incineroar|Intimidate|boost\n|-unboost|p2b: Zamazenta|atk|1\n|cant|p1a: Koraidon|par\n|move|p2b: Zamazenta|Iron Defense|p2b: Zamazenta\n|-boost|p2b: Zamazenta|def|2\n|\n|-damage|p1b: Incineroar|95/100 tox|[from] psn\n|upkeep\n|turn|8\n|inactive|buggybrain has 30 seconds left.\n|inactive|buggybrain has 20 seconds left.\n|\n|t:|1772206677\n|switch|p1b: Calyrex|Calyrex-Ice, L50|77/100 tox\n|-ability|p1b: Calyrex|As One\n|-ability|p1b: Calyrex|Unnerve\n|move|p1a: Koraidon|Flare Blitz|p2b: Zamazenta\n|-supereffective|p2b: Zamazenta\n|-damage|p2b: Zamazenta|67/100\n|-damage|p1a: Koraidon|55/100 par|[from] Recoil\n|move|p2b: Zamazenta|Body Press|p1b: Calyrex\n|-damage|p1b: Calyrex|9/100 tox\n|\n|-heal|p1b: Calyrex|15/100 tox|[from] item: Leftovers\n|-damage|p1b: Calyrex|9/100 tox|[from] psn\n|upkeep\n|turn|9\n|inactive|buggybrain has 30 seconds left.\n|\n|t:|1772206706\n|move|p2b: Zamazenta|Protect|p2b: Zamazenta\n|-singleturn|p2b: Zamazenta|Protect\n|cant|p1a: Koraidon|par\n|move|p1b: Calyrex|Leech Seed|p2b: Zamazenta\n|-activate|p2b: Zamazenta|move: Protect\n|\n|-heal|p1b: Calyrex|15/100 tox|[from] item: Leftovers\n|-damage|p1b: Calyrex|3/100 tox|[from] psn\n|upkeep\n|turn|10\n|inactive|elromanola has 30 seconds left.\n|\n|t:|1772206738\n|switch|p1b: Incineroar|Incineroar, L50, M|95/100 tox\n|-ability|p1b: Incineroar|Intimidate|boost\n|-unboost|p2b: Zamazenta|atk|1\n|move|p1a: Koraidon|Protect|p1a: Koraidon\n|-singleturn|p1a: Koraidon|Protect\n|move|p2b: Zamazenta|Body Press|p1a: Koraidon\n|-activate|p1a: Koraidon|move: Protect\n|\n|-damage|p1b: Incineroar|89/100 tox|[from] psn\n|upkeep\n|turn|11\n|inactive|buggybrain has 30 seconds left.\n|inactive|buggybrain has 20 seconds left.\n|inactive|buggybrain has 15 seconds left.\n|inactive|buggybrain has 10 seconds left.\n|inactive|buggybrain has 5 seconds left.\n|\n|t:|1772206790\n|move|p2b: Zamazenta|Protect|p2b: Zamazenta\n|-singleturn|p2b: Zamazenta|Protect\n|move|p1b: Incineroar|Fake Out|p2b: Zamazenta\n|-activate|p2b: Zamazenta|move: Protect\n|move|p1a: Koraidon|Flare Blitz|p2b: Zamazenta\n|-activate|p2b: Zamazenta|move: Protect\n|\n|-damage|p1b: Incineroar|77/100 tox|[from] psn\n|upkeep\n|turn|12\n|\n|t:|1772206805\n|cant|p1a: Koraidon|par\n|move|p2b: Zamazenta|Body Press|p1b: Incineroar\n|-supereffective|p1b: Incineroar\n|-damage|p1b: Incineroar|0 fnt\n|faint|p1b: Incineroar\n|\n|upkeep\n|\n|t:|1772206812\n|switch|p1b: Calyrex|Calyrex-Ice, L50|3/100 tox\n|-ability|p1b: Calyrex|As One\n|-ability|p1b: Calyrex|Unnerve\n|turn|13\n|\n|t:|1772206820\n|move|p2b: Zamazenta|Protect|p2b: Zamazenta\n|-singleturn|p2b: Zamazenta|Protect\n|move|p1a: Koraidon|Flare Blitz|p2b: Zamazenta\n|-activate|p2b: Zamazenta|move: Protect\n|move|p1b: Calyrex|Leech Seed|p2b: Zamazenta\n|-activate|p2b: Zamazenta|move: Protect\n|\n|-heal|p1b: Calyrex|9/100 tox|[from] item: Leftovers\n|-damage|p1b: Calyrex|3/100 tox|[from] psn\n|upkeep\n|turn|14\n|\n|t:|1772206842\n|move|p1a: Koraidon|Protect|p1a: Koraidon\n|-singleturn|p1a: Koraidon|Protect\n|move|p2b: Zamazenta|Protect||[still]\n|-fail|p2b: Zamazenta\n|move|p1b: Calyrex|Leech Seed|p2b: Zamazenta\n|-start|p2b: Zamazenta|move: Leech Seed\n|\n|-heal|p1b: Calyrex|9/100 tox|[from] item: Leftovers\n|-damage|p2b: Zamazenta|55/100|[from] Leech Seed|[of] p1b: Calyrex\n|-heal|p1b: Calyrex|21/100 tox|[silent]\n|-damage|p1b: Calyrex|9/100 tox|[from] psn\n|upkeep\n|turn|15\n|\n|t:|1772206859\n|move|p1a: Koraidon|Flare Blitz|p2b: Zamazenta\n|-supereffective|p2b: Zamazenta\n|-damage|p2b: Zamazenta|25/100\n|-damage|p1a: Koraidon|44/100 par|[from] Recoil\n|move|p2b: Zamazenta|Body Press|p1a: Koraidon\n|-damage|p1a: Koraidon|0 fnt\n|faint|p1a: Koraidon\n|move|p1b: Calyrex|Glacial Lance|p2b: Zamazenta\n|-resisted|p2b: Zamazenta\n|-damage|p2b: Zamazenta|17/100\n|\n|-heal|p1b: Calyrex|15/100 tox|[from] item: Leftovers\n|-damage|p2b: Zamazenta|5/100|[from] Leech Seed|[of] p1b: Calyrex\n|-heal|p1b: Calyrex|27/100 tox|[silent]\n|-damage|p1b: Calyrex|9/100 tox|[from] psn\n|upkeep\n|turn|16\n|\n|t:|1772206875\n|move|p1b: Calyrex|Protect|p1b: Calyrex\n|-singleturn|p1b: Calyrex|Protect\n|move|p2b: Zamazenta|Body Press|p1b: Calyrex\n|-activate|p1b: Calyrex|move: Protect\n|\n|-heal|p1b: Calyrex|15/100 tox|[from] item: Leftovers\n|-damage|p2b: Zamazenta|0 fnt|[from] Leech Seed|[of] p1b: Calyrex\n|-heal|p1b: Calyrex|19/100 tox|[silent]\n|faint|p2b: Zamazenta\n|\n|win|buggybrain\n|raw|buggybrain's rating: 1166 &rarr; <strong>1185</strong><br />(+19 for winning)\n|raw|elromanola's rating: 1083 &rarr; <strong>1066</strong><br />(-17 for losing)\n|c|\u2606elromanola|ggggg\n|c|\u2606elromanola|almost+\n|c|\u2606buggybrain|gg\n|c|\u2606buggybrain|yeahh\n|c|\u2606buggybrain|thanks for waiting\n|l|\u2606buggybrain\n|player|p1|\n|c|\u2606elromanola|no worry\n|l|\u2606elromanola\n|player|p2|\n","uploadtime":1772207228,"views":13,"formatid":"gen9vgc2026regi","rating":1066,"private":0,"password":null}