{"id":"gen9vgc2026regi-2562445437","format":"[Gen 9] VGC 2026 Reg I","players":["nerd159","flutermaneenjoyer$"],"log":"|j|\u2606nerd159\n|j|\u2606flutermaneenjoyer$\n|t:|1773918040\n|gametype|doubles\n|player|p1|nerd159|265|1318\n|player|p2|flutermaneenjoyer$|cynthia-gen4|1266\n|gen|9\n|tier|[Gen 9] VGC 2026 Reg I\n|rated|\n|rule|Species Clause: Limit one of each Pok\u00e9mon\n|rule|Item Clause: Limit 1 of each item\n|clearpoke\n|poke|p1|Zamazenta-*, L50|\n|poke|p1|Calyrex-Shadow, L50|\n|poke|p1|Excadrill, L50, M|\n|poke|p1|Tyranitar, L50, F|\n|poke|p1|Ogerpon-Wellspring, L50, F|\n|poke|p1|Farigiraf, L50, M|\n|poke|p2|Kyurem-White, L50|\n|poke|p2|Zamazenta-*, L50|\n|poke|p2|Urshifu-*, L50, M|\n|poke|p2|Chien-Pao, L50|\n|poke|p2|Whimsicott, L50, M|\n|poke|p2|Arcanine-Hisui, L50, M|\n|teampreview|4\n|inactive|Battle timer is ON: inactive players will automatically lose when time's up. (requested by flutermaneenjoyer$)\n|inactive|flutermaneenjoyer$ has 60 seconds left.\n|\n|t:|1773918078\n|teamsize|p1|4\n|teamsize|p2|4\n|start\n|switch|p1a: Zamazenta|Zamazenta-Crowned, L50|100/100\n|switch|p1b: Ogerpon|Ogerpon-Wellspring, L50, F|100/100\n|switch|p2a: Chien-Pao|Chien-Pao, L50|100/100\n|switch|p2b: Whimsicott|Whimsicott, L50, M|100/100\n|-ability|p2a: Chien-Pao|Sword of Ruin\n|-ability|p1a: Zamazenta|Dauntless Shield|boost\n|-boost|p1a: Zamazenta|def|1\n|turn|1\n|\n|t:|1773918088\n|move|p2b: Whimsicott|Tailwind|p2b: Whimsicott\n|-sidestart|p2: flutermaneenjoyer$|move: Tailwind\n|move|p2a: Chien-Pao|Sacred Sword|p1a: Zamazenta\n|-supereffective|p1a: Zamazenta\n|-damage|p1a: Zamazenta|49/100\n|move|p1a: Zamazenta|Heavy Slam|p2b: Whimsicott\n|-supereffective|p2b: Whimsicott\n|-damage|p2b: Whimsicott|0 fnt\n|-damage|p1a: Zamazenta|33/100|[from] item: Rocky Helmet|[of] p2b: Whimsicott\n|faint|p2b: Whimsicott\n|move|p1b: Ogerpon|Ivy Cudgel|p2a: Chien-Pao|[anim] Ivy Cudgel Water\n|-damage|p2a: Chien-Pao|25/100\n|\n|upkeep\n|\n|t:|1773918099\n|switch|p2b: Zamazenta|Zamazenta-Crowned, L50|100/100\n|-ability|p2b: Zamazenta|Dauntless Shield|boost\n|-boost|p2b: Zamazenta|def|1\n|turn|2\n|\n|t:|1773918108\n|-terastallize|p2b: Zamazenta|Fighting\n|move|p1a: Zamazenta|Protect|p1a: Zamazenta\n|-singleturn|p1a: Zamazenta|Protect\n|move|p1b: Ogerpon|Spiky Shield|p1b: Ogerpon\n|-singleturn|p1b: Ogerpon|move: Protect\n|move|p2a: Chien-Pao|Sacred Sword|p1a: Zamazenta\n|-activate|p1a: Zamazenta|move: Protect\n|move|p2b: Zamazenta|Body Press|p1b: Ogerpon\n|-activate|p1b: Ogerpon|move: Protect\n|-damage|p2b: Zamazenta|89/100|[from] Spiky Shield|[of] p1b: Ogerpon\n|\n|upkeep\n|turn|3\n|\n|t:|1773918124\n|switch|p1a: Farigiraf|Farigiraf, L50, M|100/100\n|switch|p1b: Calyrex|Calyrex-Shadow, L50|100/100\n|-ability|p1b: Calyrex|As One\n|-ability|p1b: Calyrex|Unnerve\n|move|p2a: Chien-Pao|Sacred Sword|p1a: Farigiraf\n|-damage|p1a: Farigiraf|67/100\n|-damage|p2a: Chien-Pao|9/100|[from] item: Rocky Helmet|[of] p1a: Farigiraf\n|move|p2b: Zamazenta|Body Press|p1b: Calyrex\n|-immune|p1b: Calyrex\n|\n|upkeep\n|turn|4\n|\n|t:|1773918138\n|move|p1b: Calyrex|Protect|p1b: Calyrex\n|-singleturn|p1b: Calyrex|Protect\n|move|p2a: Chien-Pao|Crunch|p1a: Farigiraf\n|-supereffective|p1a: Farigiraf\n|-damage|p1a: Farigiraf|0 fnt\n|-damage|p2a: Chien-Pao|0 fnt|[from] item: Rocky Helmet|[of] p1a: Farigiraf\n|faint|p1a: Farigiraf\n|faint|p2a: Chien-Pao\n|move|p2b: Zamazenta|Behemoth Bash|p1b: Calyrex\n|-activate|p1b: Calyrex|move: Protect\n|\n|-sideend|p2: flutermaneenjoyer$|move: Tailwind\n|upkeep\n|\n|t:|1773918143\n|switch|p2a: Arcanine|Arcanine-Hisui, L50, M|100/100\n|switch|p1a: Zamazenta|Zamazenta-Crowned, L50|33/100\n|-ability|p2a: Arcanine|Intimidate|boost\n|-unboost|p1a: Zamazenta|atk|1\n|-unboost|p1b: Calyrex|atk|1\n|turn|5\n|inactive|flutermaneenjoyer$ has 30 seconds left.\n|\n|t:|1773918172\n|move|p1b: Calyrex|Psychic|p2a: Arcanine\n|-damage|p2a: Arcanine|30/100\n|-unboost|p2a: Arcanine|spd|1\n|move|p2b: Zamazenta|Behemoth Bash|p1b: Calyrex\n|-damage|p1b: Calyrex|45/100\n|move|p1a: Zamazenta|Body Press|p2a: Arcanine\n|-supereffective|p2a: Arcanine\n|-damage|p2a: Arcanine|0 fnt\n|faint|p2a: Arcanine\n|\n|upkeep\n|turn|6\n|c|\u2606nerd159|Gg\n|\n|t:|1773918183\n|move|p1b: Calyrex|Psychic|p2b: Zamazenta\n|-supereffective|p2b: Zamazenta\n|-damage|p2b: Zamazenta|2/100\n|move|p1a: Zamazenta|Body Press|p2b: Zamazenta\n|-damage|p2b: Zamazenta|0 fnt\n|faint|p2b: Zamazenta\n|\n|win|nerd159\n|raw|nerd159's rating: 1318 &rarr; <strong>1335</strong><br />(+17 for winning)\n|raw|flutermaneenjoyer$'s rating: 1266 &rarr; <strong>1245</strong><br />(-21 for losing)\n|l|\u2606flutermaneenjoyer$\n|player|p2|\n|l|\u2606nerd159\n|player|p1|\n","uploadtime":1773918439,"views":11,"formatid":"gen9vgc2026regi","rating":1245,"private":0,"password":null}