{"id":"gen9vgc2026regi-2555282543","format":"[Gen 9] VGC 2026 Reg I","players":["ArisHazard","Feenir"],"log":"|j|\u2606ArisHazard\n|j|\u2606Feenir\n|t:|1773075483\n|gametype|doubles\n|player|p1|ArisHazard|170|1371\n|player|p2|Feenir|266|1358\n|gen|9\n|tier|[Gen 9] VGC 2026 Reg I\n|rated|\n|rule|Species Clause: Limit one of each Pok\u00e9mon\n|rule|Item Clause: Limit 1 of each item\n|clearpoke\n|poke|p1|Calyrex-Ice, L50|\n|poke|p1|Urshifu-*, L50, M|\n|poke|p1|Miraidon, L50|\n|poke|p1|Ogerpon-Wellspring, L50, F|\n|poke|p1|Tornadus, L50, M|\n|poke|p1|Sableye, L50, M|\n|poke|p2|Miraidon, L50|\n|poke|p2|Landorus, L50, M|\n|poke|p2|Ursaluna, L50, F|\n|poke|p2|Calyrex-Ice, L50|\n|poke|p2|Whimsicott, L50, M|\n|poke|p2|Farigiraf, L50, M|\n|teampreview|4\n|inactive|Battle timer is ON: inactive players will automatically lose when time's up. (requested by ArisHazard)\n|\n|t:|1773075518\n|teamsize|p1|4\n|teamsize|p2|4\n|start\n|switch|p1a: Calyrex|Calyrex-Ice, L50|100/100\n|switch|p1b: Sableye|Sableye, L50, M|100/100\n|switch|p2a: Calyrex|Calyrex-Ice, L50|100/100\n|switch|p2b: Ursaluna|Ursaluna, L50, F|100/100\n|-ability|p1a: Calyrex|As One\n|-ability|p1a: Calyrex|Unnerve\n|-ability|p2a: Calyrex|As One\n|-ability|p2a: Calyrex|Unnerve\n|turn|1\n|\n|t:|1773075533\n|move|p2b: Ursaluna|Protect|p2b: Ursaluna\n|-singleturn|p2b: Ursaluna|Protect\n|move|p1b: Sableye|Foul Play|p2a: Calyrex\n|-supereffective|p2a: Calyrex\n|-damage|p2a: Calyrex|28/100\n|move|p1a: Calyrex|Glacial Lance|p2b: Ursaluna|[spread] p2a\n|-activate|p2b: Ursaluna|move: Protect\n|-resisted|p2a: Calyrex\n|-damage|p2a: Calyrex|11/100\n|move|p2a: Calyrex|Glacial Lance|p1a: Calyrex|[spread] p1a,p1b\n|-resisted|p1a: Calyrex\n|-damage|p1a: Calyrex|83/100\n|-damage|p1b: Sableye|35/100\n|\n|-status|p2b: Ursaluna|brn|[from] item: Flame Orb\n|upkeep\n|turn|2\n|\n|t:|1773075550\n|switch|p2a: Whimsicott|Whimsicott, L50, M|100/100\n|-enditem|p1b: Sableye|Sitrus Berry|[eat]\n|-heal|p1b: Sableye|60/100|[from] item: Sitrus Berry\n|-terastallize|p2b: Ursaluna|Ghost\n|move|p1b: Sableye|Encore|p2b: Ursaluna\n|-start|p2b: Ursaluna|Encore\n|move|p1a: Calyrex|Glacial Lance|p2a: Whimsicott|[spread] p2a,p2b\n|-supereffective|p2a: Whimsicott\n|-enditem|p2a: Whimsicott|Focus Sash\n|-damage|p2a: Whimsicott|1/100\n|-damage|p2b: Ursaluna|52/100 brn\n|move|p2b: Ursaluna|Protect||[still]\n|-fail|p2b: Ursaluna\n|\n|-damage|p2b: Ursaluna|46/100 brn|[from] brn\n|upkeep\n|turn|3\n|\n|t:|1773075569\n|move|p1a: Calyrex|Protect|p1a: Calyrex\n|-singleturn|p1a: Calyrex|Protect\n|move|p2b: Ursaluna|Protect|p2b: Ursaluna\n|-singleturn|p2b: Ursaluna|Protect\n|move|p2a: Whimsicott|Endeavor|p1a: Calyrex\n|-activate|p1a: Calyrex|move: Protect\n|move|p1b: Sableye|Foul Play|p2b: Ursaluna\n|-activate|p2b: Ursaluna|move: Protect\n|\n|-damage|p2b: Ursaluna|40/100 brn|[from] brn\n|upkeep\n|turn|4\n|\n|t:|1773075584\n|move|p2b: Ursaluna|Protect||[still]\n|-fail|p2b: Ursaluna\n|move|p1b: Sableye|Disable|p2a: Whimsicott\n|-start|p2a: Whimsicott|Disable|Endeavor\n|cant|p2a: Whimsicott|Disable|Endeavor\n|move|p1a: Calyrex|Glacial Lance|p2b: Ursaluna|[spread] p2a,p2b\n|-supereffective|p2a: Whimsicott\n|-crit|p2b: Ursaluna\n|-damage|p2a: Whimsicott|0 fnt\n|-damage|p2b: Ursaluna|0 fnt\n|faint|p2a: Whimsicott\n|faint|p2b: Ursaluna\n|-ability|p1a: Calyrex|Chilling Neigh|boost\n|-boost|p1a: Calyrex|atk|2\n|\n|upkeep\n|c|\u2606Feenir|gg\n|\n|t:|1773075596\n|switch|p2a: Miraidon|Miraidon, L50|100/100\n|switch|p2b: Calyrex|Calyrex-Ice, L50|11/100\n|-ability|p2b: Calyrex|As One\n|-ability|p2b: Calyrex|Unnerve\n|-fieldstart|move: Electric Terrain|[from] ability: Hadron Engine|[of] p2a: Miraidon\n|turn|5\n|c|\u2606Feenir|gg\n|\n|t:|1773075607\n|move|p1b: Sableye|Protect|p1b: Sableye\n|-singleturn|p1b: Sableye|Protect\n|move|p1a: Calyrex|Protect|p1a: Calyrex\n|-singleturn|p1a: Calyrex|Protect\n|move|p2a: Miraidon|Electro Drift|p1b: Sableye\n|-activate|p1b: Sableye|move: Protect\n|move|p2b: Calyrex|Close Combat|p1a: Calyrex\n|-activate|p1a: Calyrex|move: Protect\n|\n|upkeep\n|turn|6\n|\n|t:|1773075621\n|move|p1b: Sableye|Disable|p2a: Miraidon\n|-start|p2a: Miraidon|Disable|Electro Drift\n|cant|p2a: Miraidon|Disable|Electro Drift\n|move|p1a: Calyrex|Glacial Lance|p2a: Miraidon|[spread] p2a,p2b\n|-supereffective|p2a: Miraidon\n|-resisted|p2b: Calyrex\n|-damage|p2a: Miraidon|0 fnt\n|-damage|p2b: Calyrex|0 fnt\n|faint|p2a: Miraidon\n|faint|p2b: Calyrex\n|\n|win|ArisHazard\n|raw|ArisHazard's rating: 1371 &rarr; <strong>1390</strong><br />(+19 for winning)\n|raw|Feenir's rating: 1358 &rarr; <strong>1339</strong><br />(-19 for losing)\n|l|\u2606ArisHazard\n|player|p1|\n|l|\u2606Feenir\n|player|p2|\n","uploadtime":1773075870,"views":19,"formatid":"gen9vgc2026regi","rating":1339,"private":0,"password":null}