{"id":"gen9vgc2026regi-2513780054","format":"[Gen 9] VGC 2026 Reg I","players":["dasabe\u76d6\u6b27\u5361\u4fa0","Tymonyus"],"log":"|j|\u2606dasabe\u76d6\u6b27\u5361\u4fa0\n|j|\u2606Tymonyus\n|t:|1767781431\n|gametype|doubles\n|player|p1|dasabe\u76d6\u6b27\u5361\u4fa0|may-masters4|1167\n|player|p2|Tymonyus|cynthia-gen4|1067\n|gen|9\n|tier|[Gen 9] VGC 2026 Reg I\n|rated|\n|rule|Species Clause: Limit one of each Pok\u00e9mon\n|rule|Item Clause: Limit 1 of each item\n|clearpoke\n|poke|p1|Kyogre, L50|\n|poke|p1|Miraidon, L50|\n|poke|p1|Whimsicott, L50, F|\n|poke|p1|Iron Hands, L50|\n|poke|p1|Farigiraf, L50, F|\n|poke|p1|Urshifu-*, L50, M|\n|poke|p2|Malamar, L50, M|\n|poke|p2|Serperior, L50, M|\n|poke|p2|Indeedee-F, L50, F|\n|poke|p2|Brute Bonnet, L50|\n|poke|p2|Dunsparce, L50, F|\n|poke|p2|Armarouge, L50, M|\n|teampreview|4\n|inactive|Battle timer is ON: inactive players will automatically lose when time's up. (requested by Tymonyus)\n|c|\u2606Tymonyus|Good luck\n|\n|t:|1767781449\n|teamsize|p1|4\n|teamsize|p2|4\n|start\n|switch|p1a: \u5996\u820d\u7cbe\u62c9|Whimsicott, L50, F, shiny|100/100\n|switch|p1b: \u6210\u90fd\u8001\u76d6|Kyogre, L50, shiny|100/100\n|switch|p2a: Serperior|Serperior, L50, M|100/100\n|switch|p2b: Brute Bonnet|Brute Bonnet, L50|100/100\n|-weather|RainDance|[from] ability: Drizzle|[of] p1b: \u6210\u90fd\u8001\u76d6\n|-enditem|p2b: Brute Bonnet|Booster Energy\n|-activate|p2b: Brute Bonnet|ability: Protosynthesis|[fromitem]\n|-start|p2b: Brute Bonnet|protosynthesisspd\n|turn|1\n|c|\u2606dasabe\u76d6\u6b27\u5361\u4fa0|hf\n|inactive|Tymonyus has 30 seconds left.\n|\n|t:|1767781480\n|switch|p1a: \u94f6\u91d1\u5996\u86c7|Miraidon, L50, shiny|100/100\n|-fieldstart|move: Electric Terrain|[from] ability: Hadron Engine|[of] p1a: \u94f6\u91d1\u5996\u86c7\n|move|p2b: Brute Bonnet|Rage Powder|p2b: Brute Bonnet\n|-singleturn|p2b: Brute Bonnet|move: Rage Powder\n|move|p2a: Serperior|Leaf Storm|p1b: \u6210\u90fd\u8001\u76d6\n|-supereffective|p1b: \u6210\u90fd\u8001\u76d6\n|-damage|p1b: \u6210\u90fd\u8001\u76d6|42/100\n|-boost|p2a: Serperior|spa|2\n|move|p1b: \u6210\u90fd\u8001\u76d6|Origin Pulse|p2b: Brute Bonnet|[spread] p2b\n|-miss|p1b: \u6210\u90fd\u8001\u76d6|p2a: Serperior\n|-resisted|p2b: Brute Bonnet\n|-crit|p2b: Brute Bonnet\n|-damage|p2b: Brute Bonnet|62/100\n|\n|-weather|RainDance|[upkeep]\n|upkeep\n|turn|2\n|inactive|Tymonyus has 30 seconds left.\n|\n|t:|1767781515\n|switch|p1b: \u5996\u820d\u7cbe\u62c9|Whimsicott, L50, F, shiny|100/100\n|-terastallize|p2a: Serperior|Stellar\n|-terastallize|p1a: \u94f6\u91d1\u5996\u86c7|Fairy\n|move|p2b: Brute Bonnet|Rage Powder|p2b: Brute Bonnet\n|-singleturn|p2b: Brute Bonnet|move: Rage Powder\n|move|p2a: Serperior|Tera Blast|p1a: \u94f6\u91d1\u5996\u86c7|[anim] Tera Blast Stellar\n|-supereffective|p1a: \u94f6\u91d1\u5996\u86c7\n|-damage|p1a: \u94f6\u91d1\u5996\u86c7|20/100\n|-boost|p2a: Serperior|atk|1\n|-boost|p2a: Serperior|spa|1\n|move|p1a: \u94f6\u91d1\u5996\u86c7|Dazzling Gleam|p2a: Serperior|[spread] p2a,p2b\n|-supereffective|p2b: Brute Bonnet\n|-damage|p2a: Serperior|41/100\n|-damage|p2b: Brute Bonnet|3/100\n|-damage|p1a: \u94f6\u91d1\u5996\u86c7|10/100|[from] item: Life Orb\n|\n|-weather|RainDance|[upkeep]\n|upkeep\n|turn|3\n|j| abab123456\n|\n|t:|1767781536\n|move|p1a: \u94f6\u91d1\u5996\u86c7|Protect|p1a: \u94f6\u91d1\u5996\u86c7\n|-singleturn|p1a: \u94f6\u91d1\u5996\u86c7|Protect\n|move|p1b: \u5996\u820d\u7cbe\u62c9|Moonblast|p2b: Brute Bonnet\n|-supereffective|p2b: Brute Bonnet\n|-damage|p2b: Brute Bonnet|0 fnt\n|faint|p2b: Brute Bonnet\n|-end|p2b: Brute Bonnet|Protosynthesis|[silent]\n|move|p2a: Serperior|Leaf Storm|p1a: \u94f6\u91d1\u5996\u86c7\n|-activate|p1a: \u94f6\u91d1\u5996\u86c7|move: Protect\n|\n|-weather|RainDance|[upkeep]\n|upkeep\n|j| SunrakuGaming\n|\n|t:|1767781546\n|switch|p2b: Malamar|Malamar, L50, M|100/100\n|turn|4\n|\n|t:|1767781552\n|move|p2a: Serperior|Protect|p2a: Serperior\n|-singleturn|p2a: Serperior|Protect\n|move|p1b: \u5996\u820d\u7cbe\u62c9|Tailwind|p1b: \u5996\u820d\u7cbe\u62c9\n|-sidestart|p1: dasabe\u76d6\u6b27\u5361\u4fa0|move: Tailwind\n|move|p1a: \u94f6\u91d1\u5996\u86c7|Dazzling Gleam|p2b: Malamar|[spread] p2b\n|-activate|p2a: Serperior|move: Protect\n|-supereffective|p2b: Malamar\n|-crit|p2b: Malamar\n|-damage|p2b: Malamar|0 fnt\n|faint|p2b: Malamar\n|-damage|p1a: \u94f6\u91d1\u5996\u86c7|0 fnt|[from] item: Life Orb\n|faint|p1a: \u94f6\u91d1\u5996\u86c7\n|\n|-weather|RainDance|[upkeep]\n|upkeep\n|\n|t:|1767781564\n|switch|p1a: \u4e94\u5bfc\u718a\u6e7f|Urshifu, L50, M|100/100\n|switch|p2b: Dunsparce|Dunsparce, L50, F|100/100\n|turn|5\n|inactive|Tymonyus has 30 seconds left.\n|\n|t:|1767781592\n|move|p1b: \u5996\u820d\u7cbe\u62c9|Encore|p2a: Serperior\n|-start|p2a: Serperior|Encore\n|move|p1a: \u4e94\u5bfc\u718a\u6e7f|Wicked Blow|p2b: Dunsparce\n|-crit|p2b: Dunsparce\n|-damage|p2b: Dunsparce|23/100\n|move|p2a: Serperior|Protect||[still]\n|-fail|p2a: Serperior\n|move|p2b: Dunsparce|Coil|p2b: Dunsparce\n|-boost|p2b: Dunsparce|atk|1\n|-boost|p2b: Dunsparce|def|1\n|-boost|p2b: Dunsparce|accuracy|1\n|\n|-weather|none\n|-fieldend|move: Electric Terrain\n|upkeep\n|turn|6\n|\n|t:|1767781606\n|move|p2a: Serperior|Protect|p2a: Serperior\n|-singleturn|p2a: Serperior|Protect\n|move|p1b: \u5996\u820d\u7cbe\u62c9|Moonblast|p2a: Serperior\n|-activate|p2a: Serperior|move: Protect\n|move|p1a: \u4e94\u5bfc\u718a\u6e7f|Wicked Blow|p2b: Dunsparce\n|-crit|p2b: Dunsparce\n|-damage|p2b: Dunsparce|0 fnt\n|faint|p2b: Dunsparce\n|\n|upkeep\n|turn|7\n|\n|t:|1767781614\n|move|p2a: Serperior|Protect|p2a: Serperior\n|-singleturn|p2a: Serperior|Protect\n|move|p1b: \u5996\u820d\u7cbe\u62c9|Moonblast|p2a: Serperior\n|-activate|p2a: Serperior|move: Protect\n|move|p1a: \u4e94\u5bfc\u718a\u6e7f|Wicked Blow|p2a: Serperior\n|-crit|p2a: Serperior\n|-damage|p2a: Serperior|0 fnt\n|faint|p2a: Serperior\n|\n|win|dasabe\u76d6\u6b27\u5361\u4fa0\n|raw|dasabe\u76d6\u6b27\u5361\u4fa0's rating: 1167 &rarr; <strong>1185</strong><br />(+18 for winning)\n|raw|Tymonyus's rating: 1067 &rarr; <strong>1053</strong><br />(-14 for losing)\n|l|\u2606dasabe\u76d6\u6b27\u5361\u4fa0\n|player|p1|\n|l|\u2606Tymonyus\n|player|p2|\n|l| SunrakuGaming\n|l| abab123456\n","uploadtime":1767782012,"views":34,"formatid":"gen9vgc2026regi","rating":1053,"private":0,"password":null}