{"id":"gen9vgc2026regi-2589963133","format":"[Gen 9] VGC 2026 Reg I","players":["testhan92","liam.2025"],"log":"|j|\u2606testhan92\n|j|\u2606liam.2025\n|t:|1776777670\n|gametype|doubles\n|player|p1|testhan92|102|1450\n|player|p2|liam.2025|policeman|1513\n|gen|9\n|tier|[Gen 9] VGC 2026 Reg I\n|rated|\n|rule|Species Clause: Limit one of each Pok\u00e9mon\n|rule|Item Clause: Limit 1 of each item\n|clearpoke\n|poke|p1|Koraidon, L50|\n|poke|p1|Calyrex-Ice, L50|\n|poke|p1|Rillaboom, L50, M|\n|poke|p1|Incineroar, L50, M|\n|poke|p1|Smeargle, L50, F|\n|poke|p1|Landorus, L50, M|\n|poke|p2|Murkrow, L50, F|\n|poke|p2|Weezing-Galar, L50, M|\n|poke|p2|Terapagos, L50, M|\n|poke|p2|Smeargle, L50, F|\n|poke|p2|Calyrex-Ice, L50|\n|poke|p2|Ursaluna, L50, F|\n|teampreview|4\n|inactive|Battle timer is ON: inactive players will automatically lose when time's up. (requested by liam.2025)\n|\n|t:|1776777707\n|teamsize|p1|4\n|teamsize|p2|4\n|start\n|switch|p1a: Koraidon|Koraidon, L50|100/100\n|switch|p1b: Smeargle|Smeargle, L50, F|100/100\n|switch|p2a: Murkrow|Murkrow, L50, F|100/100\n|switch|p2b: Weezing|Weezing-Galar, L50, M|100/100\n|-ability|p2b: Weezing|Neutralizing Gas\n|-block|p2a: Murkrow|item: Ability Shield\n|turn|1\n|\n|t:|1776777720\n|-terastallize|p1a: Koraidon|Fire\n|move|p2a: Murkrow|Protect|p2a: Murkrow\n|-singleturn|p2a: Murkrow|Protect\n|move|p2b: Weezing|Protect|p2b: Weezing\n|-singleturn|p2b: Weezing|Protect\n|move|p1a: Koraidon|Flare Blitz|p2a: Murkrow\n|-activate|p2a: Murkrow|move: Protect\n|move|p1b: Smeargle|Spore|p2b: Weezing\n|-activate|p2b: Weezing|move: Protect\n|\n|upkeep\n|turn|2\n|\n|t:|1776777744\n|move|p2a: Murkrow|Tailwind|p2a: Murkrow\n|-sidestart|p2: liam.2025|move: Tailwind\n|move|p2b: Weezing|Misty Explosion|p1b: Smeargle|[spread] p2a,p1a,p1b\n|-supereffective|p2a: Murkrow\n|-resisted|p1a: Koraidon\n|-damage|p2a: Murkrow|0 fnt\n|-damage|p1a: Koraidon|83/100\n|-damage|p1b: Smeargle|4/100\n|faint|p2b: Weezing\n|-end|p2b: Weezing|ability: Neutralizing Gas\n|-weather|SunnyDay|[from] ability: Orichalcum Pulse|[of] p1a: Koraidon\n|-activate|p1a: Koraidon|Orichalcum Pulse|[source]\n|faint|p2a: Murkrow\n|move|p1a: Koraidon|Flare Blitz|p2: Murkrow|[notarget]\n|-fail|p1a: Koraidon\n|move|p1b: Smeargle|Spore|p2: Murkrow|[notarget]\n|-fail|p1b: Smeargle\n|\n|-weather|SunnyDay|[upkeep]\n|-ability|p1b: Smeargle|Moody|boost\n|-boost|p1b: Smeargle|spd|2\n|-unboost|p1b: Smeargle|spa|1\n|upkeep\n|\n|t:|1776777761\n|switch|p2b: Smeargle|Smeargle, L50, F|100/100\n|switch|p2a: Terapagos|Terapagos, L50, M|100/100\n|-activate|p2a: Terapagos|ability: Tera Shift\n|detailschange|p2a: Terapagos|Terapagos-Terastal, L50, M\n|-heal|p2a: Terapagos|100/100|[silent]\n|turn|3\n|\n|t:|1776777778\n|switch|p1a: Incineroar|Incineroar, L50, M|100/100\n|-ability|p1a: Incineroar|Intimidate|boost\n|-unboost|p2a: Terapagos|atk|1\n|-fail|p2b: Smeargle|unboost|Attack|[from] ability: Own Tempo|[of] p2b: Smeargle\n|-terastallize|p2a: Terapagos|Stellar\n|detailschange|p2a: Terapagos|Terapagos-Stellar, L50, M, tera:Stellar\n|-heal|p2a: Terapagos|100/100|[silent]\n|-ability|p2a: Terapagos|Teraform Zero\n|-weather|none\n|move|p1b: Smeargle|Spiky Shield|p1b: Smeargle\n|-singleturn|p1b: Smeargle|move: Protect\n|move|p2b: Smeargle|Feint|p1a: Incineroar\n|-damage|p1a: Incineroar|96/100\n|move|p2a: Terapagos|Tera Starstorm|p1b: Smeargle|[spread] p1a\n|-activate|p1b: Smeargle|move: Protect\n|-damage|p1a: Incineroar|48/100\n|\n|-ability|p1b: Smeargle|Moody|boost\n|-boost|p1b: Smeargle|spa|2\n|-unboost|p1b: Smeargle|spe|1\n|upkeep\n|turn|4\n|inactive|testhan92 has 30 seconds left.\n|\n|t:|1776777805\n|move|p2b: Smeargle|Quick Guard|p2b: Smeargle\n|-singleturn|p2b: Smeargle|Quick Guard\n|move|p1a: Incineroar|Fake Out|p2a: Terapagos\n|-activate|p2a: Terapagos|move: Quick Guard\n|move|p2a: Terapagos|Tera Starstorm|p1b: Smeargle|[spread] p1a,p1b\n|-damage|p1a: Incineroar|0 fnt\n|-damage|p1b: Smeargle|0 fnt\n|faint|p1a: Incineroar\n|faint|p1b: Smeargle\n|\n|upkeep\n|\n|t:|1776777815\n|switch|p1b: Calyrex|Calyrex-Ice, L50|100/100\n|switch|p1a: Koraidon|Koraidon, L50, tera:Fire|83/100\n|-ability|p1b: Calyrex|As One\n|-ability|p1b: Calyrex|Unnerve\n|-weather|SunnyDay|[from] ability: Orichalcum Pulse|[of] p1a: Koraidon\n|-activate|p1a: Koraidon|Orichalcum Pulse|[source]\n|turn|5\n|\n|t:|1776777837\n|move|p2b: Smeargle|Feint|p1a: Koraidon\n|-damage|p1a: Koraidon|78/100\n|move|p2a: Terapagos|Tera Starstorm|p1b: Calyrex|[spread] p1a,p1b\n|-supereffective|p1a: Koraidon\n|-damage|p1a: Koraidon|0 fnt\n|-damage|p1b: Calyrex|64/100\n|faint|p1a: Koraidon\n|move|p1b: Calyrex|Leech Seed|p2a: Terapagos|[miss]\n|-miss|p1b: Calyrex|p2a: Terapagos\n|\n|-weather|SunnyDay|[upkeep]\n|-heal|p1b: Calyrex|70/100|[from] item: Leftovers\n|-sideend|p2: liam.2025|move: Tailwind\n|upkeep\n|turn|6\n|c|\u2606liam.2025|gg\n|\n|t:|1776777849\n|move|p2b: Smeargle|Decorate|p2a: Terapagos\n|-boost|p2a: Terapagos|atk|2\n|-boost|p2a: Terapagos|spa|2\n|move|p2a: Terapagos|Tera Starstorm|p1b: Calyrex\n|-crit|p1b: Calyrex\n|-damage|p1b: Calyrex|0 fnt\n|faint|p1b: Calyrex\n|\n|win|liam.2025\n|raw|testhan92's rating: 1450 &rarr; <strong>1434</strong><br />(-16 for losing)\n|raw|liam.2025's rating: 1513 &rarr; <strong>1529</strong><br />(+16 for winning)\n|l|\u2606testhan92\n|player|p1|\n","uploadtime":1776778027,"views":11,"formatid":"gen9vgc2026regi","rating":1434,"private":0,"password":null}