{"id":"gen9vgc2026regi-2559255133","format":"[Gen 9] VGC 2026 Reg I","players":["pigs2fly","soten soten"],"log":"|j|\u2606pigs2fly\n|j|\u2606soten soten\n|t:|1773538262\n|gametype|doubles\n|player|p1|pigs2fly|dexio|1406\n|player|p2|soten soten|hilbert|1561\n|gen|9\n|tier|[Gen 9] VGC 2026 Reg I\n|rated|\n|rule|Species Clause: Limit one of each Pok\u00e9mon\n|rule|Item Clause: Limit 1 of each item\n|clearpoke\n|poke|p1|Annihilape, L50, M|\n|poke|p1|Tornadus, L50, M|\n|poke|p1|Dondozo, L50, M|\n|poke|p1|Tatsugiri, L50, M|\n|poke|p1|Zacian-*, L50|\n|poke|p1|Kyogre, L50|\n|poke|p2|Ho-Oh, L50|\n|poke|p2|Eternatus, L50|\n|poke|p2|Incineroar, L50, F|\n|poke|p2|Rillaboom, L50, M|\n|poke|p2|Toxapex, L50, F|\n|poke|p2|Ting-Lu, L50|\n|teampreview|4\n|inactive|Battle timer is ON: inactive players will automatically lose when time's up. (requested by soten soten)\n|\n|t:|1773538273\n|teamsize|p1|4\n|teamsize|p2|4\n|start\n|switch|p1a: Kyogre|Kyogre, L50|100/100\n|switch|p1b: Zacian|Zacian-Crowned, L50, shiny|100/100\n|switch|p2a: Eternatus|Eternatus, L50|100/100\n|switch|p2b: Ting-Lu|Ting-Lu, L50|100/100\n|-ability|p1b: Zacian|Intrepid Sword|boost\n|-boost|p1b: Zacian|atk|1\n|-ability|p2a: Eternatus|Pressure\n|-weather|RainDance|[from] ability: Drizzle|[of] p1a: Kyogre\n|-ability|p2b: Ting-Lu|Vessel of Ruin\n|turn|1\n|inactive|pigs2fly has 30 seconds left.\n|\n|t:|1773538301\n|-terastallize|p2b: Ting-Lu|Water\n|move|p1b: Zacian|Behemoth Blade|p2a: Eternatus\n|-damage|p2a: Eternatus|46/100\n|move|p2a: Eternatus|Toxic|p1a: Kyogre\n|-status|p1a: Kyogre|tox\n|move|p1a: Kyogre|Origin Pulse|p2a: Eternatus|[spread] p2a,p2b\n|-resisted|p2a: Eternatus\n|-resisted|p2b: Ting-Lu\n|-damage|p2a: Eternatus|19/100\n|-damage|p2b: Ting-Lu|76/100\n|move|p2b: Ting-Lu|Sand Tomb|p1a: Kyogre\n|-damage|p1a: Kyogre|85/100 tox\n|-activate|p1a: Kyogre|move: Sand Tomb|[of] p2b: Ting-Lu\n|\n|-weather|RainDance|[upkeep]\n|-heal|p2a: Eternatus|25/100|[from] item: Black Sludge\n|-heal|p2b: Ting-Lu|82/100|[from] item: Leftovers\n|-damage|p1a: Kyogre|79/100 tox|[from] psn\n|-damage|p1a: Kyogre|67/100 tox|[from] move: Sand Tomb|[partiallytrapped]\n|upkeep\n|turn|2\n|\n|t:|1773538316\n|move|p2a: Eternatus|Protect|p2a: Eternatus\n|-singleturn|p2a: Eternatus|Protect\n|move|p2b: Ting-Lu|Protect|p2b: Ting-Lu\n|-singleturn|p2b: Ting-Lu|Protect\n|move|p1b: Zacian|Play Rough|p2b: Ting-Lu\n|-activate|p2b: Ting-Lu|move: Protect\n|move|p1a: Kyogre|Origin Pulse|p2a: Eternatus|[spread] \n|-activate|p2a: Eternatus|move: Protect\n|-activate|p2b: Ting-Lu|move: Protect\n|\n|-weather|RainDance|[upkeep]\n|-heal|p2a: Eternatus|31/100|[from] item: Black Sludge\n|-heal|p2b: Ting-Lu|88/100|[from] item: Leftovers\n|-damage|p1a: Kyogre|55/100 tox|[from] psn\n|-damage|p1a: Kyogre|42/100 tox|[from] move: Sand Tomb|[partiallytrapped]\n|upkeep\n|turn|3\n|\n|t:|1773538324\n|switch|p2a: Toxapex|Toxapex, L50, F|100/100\n|move|p1b: Zacian|Play Rough|p2b: Ting-Lu\n|-damage|p2b: Ting-Lu|43/100\n|move|p1a: Kyogre|Origin Pulse|p2b: Ting-Lu|[spread] p2a,p2b\n|-resisted|p2a: Toxapex\n|-resisted|p2b: Ting-Lu\n|-damage|p2a: Toxapex|68/100\n|-damage|p2b: Ting-Lu|21/100\n|move|p2b: Ting-Lu|Sand Tomb|p1b: Zacian\n|-supereffective|p1b: Zacian\n|-damage|p1b: Zacian|78/100\n|-activate|p1b: Zacian|move: Sand Tomb|[of] p2b: Ting-Lu\n|\n|-weather|RainDance|[upkeep]\n|-heal|p2b: Ting-Lu|28/100|[from] item: Leftovers\n|-damage|p1a: Kyogre|24/100 tox|[from] psn\n|-damage|p1b: Zacian|66/100|[from] move: Sand Tomb|[partiallytrapped]\n|-damage|p1a: Kyogre|12/100 tox|[from] move: Sand Tomb|[partiallytrapped]\n|upkeep\n|turn|4\n|inactive|pigs2fly has 30 seconds left.\n|\n|t:|1773538350\n|move|p2b: Ting-Lu|Protect|p2b: Ting-Lu\n|-singleturn|p2b: Ting-Lu|Protect\n|move|p2a: Toxapex|Baneful Bunker|p2a: Toxapex\n|-singleturn|p2a: Toxapex|move: Protect\n|move|p1b: Zacian|Behemoth Blade|p2a: Toxapex\n|-activate|p2a: Toxapex|move: Protect\n|move|p1a: Kyogre|Origin Pulse|p2a: Toxapex|[spread] \n|-activate|p2a: Toxapex|move: Protect\n|-activate|p2b: Ting-Lu|move: Protect\n|\n|-weather|RainDance|[upkeep]\n|-heal|p2b: Ting-Lu|34/100|[from] item: Leftovers\n|-damage|p1a: Kyogre|0 fnt|[from] psn\n|faint|p1a: Kyogre\n|-damage|p1b: Zacian|54/100|[from] move: Sand Tomb|[partiallytrapped]\n|upkeep\n|\n|t:|1773538353\n|switch|p1a: Dondozo|Dondozo, L50, M|100/100\n|turn|5\n|\n|t:|1773538361\n|switch|p2b: Incineroar|Incineroar, L50, F|100/100\n|-ability|p2b: Incineroar|Intimidate|boost\n|-unboost|p1a: Dondozo|atk|1\n|-unboost|p1b: Zacian|atk|1\n|move|p1a: Dondozo|Protect|p1a: Dondozo\n|-singleturn|p1a: Dondozo|Protect\n|move|p1b: Zacian|Play Rough|p2b: Incineroar\n|-damage|p2b: Incineroar|55/100\n|move|p2a: Toxapex|Toxic|p1a: Dondozo\n|-activate|p1a: Dondozo|move: Protect\n|\n|-weather|none\n|-end|p1b: Zacian|Sand Tomb|[partiallytrapped]|[silent]\n|upkeep\n|turn|6\n|\n|t:|1773538370\n|switch|p1b: Tatsugiri|Tatsugiri, L50, M|100/100\n|-activate|p1b: Tatsugiri|ability: Commander|[of] p1a: Dondozo\n|-boost|p1a: Dondozo|atk|2\n|-boost|p1a: Dondozo|spa|2\n|-boost|p1a: Dondozo|spe|2\n|-boost|p1a: Dondozo|def|2\n|-boost|p1a: Dondozo|spd|2\n|move|p2b: Incineroar|Fake Out|p1a: Dondozo\n|-damage|p1a: Dondozo|97/100\n|cant|p1a: Dondozo|flinch\n|move|p2a: Toxapex|Toxic|p1a: Dondozo\n|-status|p1a: Dondozo|tox\n|\n|-heal|p1a: Dondozo|100/100 tox|[from] item: Leftovers\n|-damage|p1a: Dondozo|94/100 tox|[from] psn\n|upkeep\n|turn|7\n|\n|t:|1773538387\n|switch|p2b: Ting-Lu|Ting-Lu, L50, tera:Water|34/100\n|-ability|p2b: Ting-Lu|Vessel of Ruin\n|move|p2a: Toxapex|Baneful Bunker|p2a: Toxapex\n|-singleturn|p2a: Toxapex|move: Protect\n|move|p1a: Dondozo|Earthquake|p2b: Ting-Lu|[spread] p2b\n|-miss|p1a: Dondozo|p1b: Tatsugiri\n|-activate|p2a: Toxapex|move: Protect\n|-damage|p2b: Ting-Lu|16/100\n|\n|-heal|p1a: Dondozo|100/100 tox|[from] item: Leftovers\n|-heal|p2b: Ting-Lu|22/100|[from] item: Leftovers\n|-damage|p1a: Dondozo|88/100 tox|[from] psn\n|upkeep\n|turn|8\n|inactive|pigs2fly has 30 seconds left.\n|inactive|pigs2fly has 20 seconds left.\n|inactive|pigs2fly has 15 seconds left.\n|\n|t:|1773538432\n|switch|p2b: Incineroar|Incineroar, L50, F|55/100\n|-ability|p2b: Incineroar|Intimidate|boost\n|-unboost|p1a: Dondozo|atk|1\n|-unboost|p1b: Tatsugiri|atk|1\n|move|p2a: Toxapex|Wide Guard|p2a: Toxapex\n|-singleturn|p2a: Toxapex|Wide Guard\n|move|p1a: Dondozo|Earthquake|p2a: Toxapex|[spread] \n|-miss|p1a: Dondozo|p1b: Tatsugiri\n|-activate|p2a: Toxapex|move: Wide Guard\n|-activate|p2b: Incineroar|move: Wide Guard\n|\n|-heal|p1a: Dondozo|94/100 tox|[from] item: Leftovers\n|-damage|p1a: Dondozo|76/100 tox|[from] psn\n|upkeep\n|turn|9\n|\n|t:|1773538438\n|move|p2b: Incineroar|Fake Out|p1a: Dondozo\n|-damage|p1a: Dondozo|72/100 tox\n|cant|p1a: Dondozo|flinch\n|move|p2a: Toxapex|Haze|p2a: Toxapex\n|-clearallboost\n|\n|-heal|p1a: Dondozo|78/100 tox|[from] item: Leftovers\n|-damage|p1a: Dondozo|54/100 tox|[from] psn\n|upkeep\n|turn|10\n|\n|t:|1773538450\n|move|p2a: Toxapex|Wide Guard|p2a: Toxapex\n|-singleturn|p2a: Toxapex|Wide Guard\n|move|p1a: Dondozo|Wave Crash|p2b: Incineroar\n|-supereffective|p2b: Incineroar\n|-damage|p2b: Incineroar|0 fnt\n|faint|p2b: Incineroar\n|-damage|p1a: Dondozo|38/100 tox|[from] Recoil\n|\n|-heal|p1a: Dondozo|44/100 tox|[from] item: Leftovers\n|-damage|p1a: Dondozo|13/100 tox|[from] psn\n|upkeep\n|\n|t:|1773538454\n|switch|p2b: Eternatus|Eternatus, L50|31/100\n|-ability|p2b: Eternatus|Pressure\n|turn|11\n|\n|t:|1773538464\n|move|p2b: Eternatus|Dynamax Cannon|p1a: Dondozo\n|-damage|p1a: Dondozo|0 fnt\n|faint|p1a: Dondozo\n|move|p2a: Toxapex|Toxic|p1b: Tatsugiri\n|-status|p1b: Tatsugiri|tox\n|\n|-heal|p2b: Eternatus|37/100|[from] item: Black Sludge\n|-damage|p1b: Tatsugiri|94/100 tox|[from] psn\n|upkeep\n|\n|t:|1773538466\n|switch|p1a: Zacian|Zacian-Crowned, L50, shiny|54/100\n|turn|12\n|\n|t:|1773538474\n|switch|p2a: Ting-Lu|Ting-Lu, L50, tera:Water|22/100\n|-ability|p2a: Ting-Lu|Vessel of Ruin\n|-terastallize|p1a: Zacian|Fairy\n|move|p2b: Eternatus|Protect|p2b: Eternatus\n|-singleturn|p2b: Eternatus|Protect\n|move|p1a: Zacian|Play Rough|p2b: Eternatus\n|-activate|p2b: Eternatus|move: Protect\n|move|p1b: Tatsugiri|Taunt|p2a: Ting-Lu\n|-start|p2a: Ting-Lu|move: Taunt\n|\n|-heal|p2b: Eternatus|44/100|[from] item: Black Sludge\n|-heal|p2a: Ting-Lu|28/100|[from] item: Leftovers\n|-damage|p1b: Tatsugiri|82/100 tox|[from] psn\n|upkeep\n|turn|13\n|\n|t:|1773538489\n|switch|p2b: Toxapex|Toxapex, L50, F|100/100\n|move|p1a: Zacian|Play Rough|p2b: Toxapex\n|-resisted|p2b: Toxapex\n|-damage|p2b: Toxapex|81/100\n|move|p1b: Tatsugiri|Dragon Pulse|p2a: Ting-Lu\n|-crit|p2a: Ting-Lu\n|-damage|p2a: Ting-Lu|3/100\n|move|p2a: Ting-Lu|Sand Tomb|p1a: Zacian\n|-damage|p1a: Zacian|44/100\n|-activate|p1a: Zacian|move: Sand Tomb|[of] p2a: Ting-Lu\n|\n|-heal|p2a: Ting-Lu|9/100|[from] item: Leftovers\n|-damage|p1b: Tatsugiri|63/100 tox|[from] psn\n|-damage|p1a: Zacian|32/100|[from] move: Sand Tomb|[partiallytrapped]\n|upkeep\n|turn|14\n|\n|t:|1773538502\n|move|p1a: Zacian|Play Rough|p2a: Ting-Lu\n|-damage|p2a: Ting-Lu|0 fnt\n|faint|p2a: Ting-Lu\n|move|p1b: Tatsugiri|Dragon Pulse|p2b: Toxapex\n|-damage|p2b: Toxapex|48/100\n|move|p2b: Toxapex|Toxic|p1a: Zacian\n|-status|p1a: Zacian|tox\n|\n|-damage|p1a: Zacian|26/100 tox|[from] psn\n|-damage|p1b: Tatsugiri|38/100 tox|[from] psn\n|-end|p1a: Zacian|Sand Tomb|[partiallytrapped]|[silent]\n|upkeep\n|\n|t:|1773538505\n|switch|p2a: Eternatus|Eternatus, L50|44/100\n|-ability|p2a: Eternatus|Pressure\n|turn|15\n|\n|t:|1773538512\n|move|p2a: Eternatus|Protect|p2a: Eternatus\n|-singleturn|p2a: Eternatus|Protect\n|move|p2b: Toxapex|Baneful Bunker|p2b: Toxapex\n|-singleturn|p2b: Toxapex|move: Protect\n|move|p1a: Zacian|Behemoth Blade|p2a: Eternatus\n|-activate|p2a: Eternatus|move: Protect\n|move|p1b: Tatsugiri|Dragon Pulse|p2b: Toxapex\n|-activate|p2b: Toxapex|move: Protect\n|\n|-heal|p2a: Eternatus|50/100|[from] item: Black Sludge\n|-damage|p1a: Zacian|14/100 tox|[from] psn\n|-damage|p1b: Tatsugiri|7/100 tox|[from] psn\n|upkeep\n|turn|16\n|\n|t:|1773538517\n|move|p2a: Eternatus|Protect|p2a: Eternatus\n|-singleturn|p2a: Eternatus|Protect\n|move|p2b: Toxapex|Baneful Bunker||[still]\n|-fail|p2b: Toxapex\n|move|p1a: Zacian|Play Rough|p2a: Eternatus\n|-activate|p2a: Eternatus|move: Protect\n|move|p1b: Tatsugiri|Dragon Pulse|p2b: Toxapex\n|-damage|p2b: Toxapex|11/100\n|\n|-heal|p2a: Eternatus|56/100|[from] item: Black Sludge\n|-damage|p1a: Zacian|0 fnt|[from] psn\n|faint|p1a: Zacian\n|-damage|p1b: Tatsugiri|0 fnt|[from] psn\n|faint|p1b: Tatsugiri\n|\n|win|soten soten\n|raw|pigs2fly's rating: 1406 &rarr; <strong>1394</strong><br />(-12 for losing)\n|raw|soten soten's rating: 1561 &rarr; <strong>1573</strong><br />(+12 for winning)\n|l|\u2606soten soten\n|player|p2|\n|l|\u2606pigs2fly\n|player|p1|\n","uploadtime":1773538666,"views":11,"formatid":"gen9vgc2026regi","rating":1394,"private":0,"password":null}