{"id":"gen9vgc2026regi-2568621535","format":"[Gen 9] VGC 2026 Reg I","players":["kilothegreat","dasabe\u76d6\u6b27\u5361\u4fa0"],"log":"|j|\u2606kilothegreat\n|j|\u2606dasabe\u76d6\u6b27\u5361\u4fa0\n|t:|1774606048\n|gametype|doubles\n|player|p1|kilothegreat|265|1501\n|player|p2|dasabe\u76d6\u6b27\u5361\u4fa0|may-masters4|1602\n|gen|9\n|tier|[Gen 9] VGC 2026 Reg I\n|rated|\n|rule|Species Clause: Limit one of each Pok\u00e9mon\n|rule|Item Clause: Limit 1 of each item\n|clearpoke\n|poke|p1|Miraidon, L50|\n|poke|p1|Calyrex-Ice, L50|\n|poke|p1|Incineroar, L50, F|\n|poke|p1|Amoonguss, L50, M|\n|poke|p1|Landorus, L50, M|\n|poke|p1|Urshifu-*, L50, F|\n|poke|p2|Miraidon, L50|\n|poke|p2|Groudon, L50|\n|poke|p2|Walking Wake, L50|\n|poke|p2|Grimmsnarl, L50, M|\n|poke|p2|Incineroar, L50, M|\n|poke|p2|Ditto, L50|\n|teampreview|4\n|\n|t:|1774606096\n|teamsize|p1|4\n|teamsize|p2|4\n|start\n|switch|p1a: Calyrex|Calyrex-Ice, L50|100/100\n|switch|p1b: Incineroar|Incineroar, L50, F|100/100\n|switch|p2a: \u94f6\u6bdb\u6ee1\u8eab|Grimmsnarl, L50, M, shiny|100/100\n|switch|p2b: \u629b\u5f00\u864e\u54e5\u54ee\u7a74|Incineroar, L50, M|100/100\n|-ability|p1a: Calyrex|As One\n|-ability|p1a: Calyrex|Unnerve\n|-ability|p2b: \u629b\u5f00\u864e\u54e5\u54ee\u7a74|Intimidate|boost\n|-unboost|p1a: Calyrex|atk|1\n|-unboost|p1b: Incineroar|atk|1\n|-ability|p1b: Incineroar|Intimidate|boost\n|-unboost|p2a: \u94f6\u6bdb\u6ee1\u8eab|atk|1\n|-unboost|p2b: \u629b\u5f00\u864e\u54e5\u54ee\u7a74|atk|1\n|turn|1\n|\n|t:|1774606108\n|move|p1a: Calyrex|Protect|p1a: Calyrex\n|-singleturn|p1a: Calyrex|Protect\n|move|p2a: \u94f6\u6bdb\u6ee1\u8eab|Reflect|p2a: \u94f6\u6bdb\u6ee1\u8eab\n|-sidestart|p2: dasabe\u76d6\u6b27\u5361\u4fa0|Reflect\n|move|p2b: \u629b\u5f00\u864e\u54e5\u54ee\u7a74|Knock Off|p1a: Calyrex\n|-activate|p1a: Calyrex|move: Protect\n|move|p1b: Incineroar|Knock Off|p2a: \u94f6\u6bdb\u6ee1\u8eab\n|-resisted|p2a: \u94f6\u6bdb\u6ee1\u8eab\n|-damage|p2a: \u94f6\u6bdb\u6ee1\u8eab|96/100\n|-enditem|p2a: \u94f6\u6bdb\u6ee1\u8eab|Light Clay|[from] move: Knock Off|[of] p1b: Incineroar\n|\n|upkeep\n|turn|2\n|\n|t:|1774606128\n|-terastallize|p1a: Calyrex|Fairy\n|move|p2a: \u94f6\u6bdb\u6ee1\u8eab|Thunder Wave|p1a: Calyrex\n|-status|p1a: Calyrex|par\n|move|p2b: \u629b\u5f00\u864e\u54e5\u54ee\u7a74|Knock Off|p1a: Calyrex\n|-resisted|p1a: Calyrex\n|-damage|p1a: Calyrex|92/100 par\n|-enditem|p1a: Calyrex|Leftovers|[from] move: Knock Off|[of] p2b: \u629b\u5f00\u864e\u54e5\u54ee\u7a74\n|move|p1b: Incineroar|Knock Off|p2b: \u629b\u5f00\u864e\u54e5\u54ee\u7a74\n|-resisted|p2b: \u629b\u5f00\u864e\u54e5\u54ee\u7a74\n|-damage|p2b: \u629b\u5f00\u864e\u54e5\u54ee\u7a74|93/100\n|-enditem|p2b: \u629b\u5f00\u864e\u54e5\u54ee\u7a74|Assault Vest|[from] move: Knock Off|[of] p1b: Incineroar\n|move|p1a: Calyrex|Trick Room|p1a: Calyrex\n|-fieldstart|move: Trick Room|[of] p1a: Calyrex\n|\n|upkeep\n|turn|3\n|\n|t:|1774606145\n|move|p2a: \u94f6\u6bdb\u6ee1\u8eab|Light Screen|p2a: \u94f6\u6bdb\u6ee1\u8eab\n|-sidestart|p2: dasabe\u76d6\u6b27\u5361\u4fa0|move: Light Screen\n|move|p1a: Calyrex|Leech Seed|p2a: \u94f6\u6bdb\u6ee1\u8eab\n|-start|p2a: \u94f6\u6bdb\u6ee1\u8eab|move: Leech Seed\n|move|p1b: Incineroar|Knock Off|p2a: \u94f6\u6bdb\u6ee1\u8eab\n|-resisted|p2a: \u94f6\u6bdb\u6ee1\u8eab\n|-damage|p2a: \u94f6\u6bdb\u6ee1\u8eab|92/100\n|move|p2b: \u629b\u5f00\u864e\u54e5\u54ee\u7a74|U-turn|p1b: Incineroar\n|-damage|p1b: Incineroar|87/100\n|\n|t:|1774606151\n|switch|p2b: P\u56fa\u771f\u5927|Groudon, L50, shiny|100/100|[from] U-turn\n|-weather|SunnyDay|[from] ability: Drought|[of] p2b: P\u56fa\u771f\u5927\n|\n|-weather|SunnyDay|[upkeep]\n|-damage|p2a: \u94f6\u6bdb\u6ee1\u8eab|80/100|[from] Leech Seed|[of] p1a: Calyrex\n|-heal|p1a: Calyrex|100/100 par|[silent]\n|upkeep\n|turn|4\n|\n|t:|1774606163\n|switch|p1b: Landorus|Landorus, L50, M|100/100\n|switch|p2a: \u629b\u5f00\u864e\u54e5\u54ee\u7a74|Incineroar, L50, M|93/100\n|-ability|p2a: \u629b\u5f00\u864e\u54e5\u54ee\u7a74|Intimidate|boost\n|-unboost|p1a: Calyrex|atk|1\n|-unboost|p1b: Landorus|atk|1\n|move|p1a: Calyrex|Leech Seed|p2b: P\u56fa\u771f\u5927|[miss]\n|-miss|p1a: Calyrex|p2b: P\u56fa\u771f\u5927\n|move|p2b: P\u56fa\u771f\u5927|Precipice Blades|p1b: Landorus|[spread] p1a\n|-immune|p1b: Landorus\n|-damage|p1a: Calyrex|64/100 par\n|\n|-weather|SunnyDay|[upkeep]\n|upkeep\n|turn|5\n|\n|t:|1774606184\n|-terastallize|p2b: P\u56fa\u771f\u5927|Fire\n|move|p1b: Landorus|Protect|p1b: Landorus\n|-singleturn|p1b: Landorus|Protect\n|move|p2a: \u629b\u5f00\u864e\u54e5\u54ee\u7a74|Fake Out|p1a: Calyrex\n|-damage|p1a: Calyrex|58/100 par\n|cant|p1a: Calyrex|flinch\n|move|p2b: P\u56fa\u771f\u5927|Heat Crash|p1b: Landorus\n|-activate|p1b: Landorus|move: Protect\n|\n|-weather|SunnyDay|[upkeep]\n|upkeep\n|turn|6\n|\n|t:|1774606196\n|switch|p1b: Incineroar|Incineroar, L50, F|87/100\n|-ability|p1b: Incineroar|Intimidate|boost\n|-unboost|p2a: \u629b\u5f00\u864e\u54e5\u54ee\u7a74|atk|1\n|-fail|p2b: P\u56fa\u771f\u5927|unboost|[from] item: Clear Amulet|[of] p2b: P\u56fa\u771f\u5927\n|move|p1a: Calyrex|Leech Seed|p2b: P\u56fa\u771f\u5927\n|-start|p2b: P\u56fa\u771f\u5927|move: Leech Seed\n|move|p2a: \u629b\u5f00\u864e\u54e5\u54ee\u7a74|Flare Blitz|p1a: Calyrex\n|-damage|p1a: Calyrex|32/100 par\n|-damage|p2a: \u629b\u5f00\u864e\u54e5\u54ee\u7a74|84/100|[from] Recoil\n|move|p2b: P\u56fa\u771f\u5927|Precipice Blades|p1a: Calyrex|[spread] p1a,p1b\n|-supereffective|p1b: Incineroar\n|-damage|p1a: Calyrex|0 fnt\n|-damage|p1b: Incineroar|0 fnt\n|faint|p1a: Calyrex\n|faint|p1b: Incineroar\n|\n|-weather|SunnyDay|[upkeep]\n|-fieldend|move: Trick Room\n|upkeep\n|\n|t:|1774606208\n|switch|p1b: Landorus|Landorus, L50, M|100/100\n|switch|p1a: Amoonguss|Amoonguss, L50, M|100/100\n|turn|7\n|\n|t:|1774606219\n|move|p2b: P\u56fa\u771f\u5927|Protect|p2b: P\u56fa\u771f\u5927\n|-singleturn|p2b: P\u56fa\u771f\u5927|Protect\n|move|p1b: Landorus|Earth Power|p2b: P\u56fa\u771f\u5927\n|-activate|p2b: P\u56fa\u771f\u5927|move: Protect\n|move|p2a: \u629b\u5f00\u864e\u54e5\u54ee\u7a74|Flare Blitz|p1a: Amoonguss\n|-supereffective|p1a: Amoonguss\n|-damage|p1a: Amoonguss|28/100\n|-damage|p2a: \u629b\u5f00\u864e\u54e5\u54ee\u7a74|68/100|[from] item: Rocky Helmet|[of] p1a: Amoonguss\n|-damage|p2a: \u629b\u5f00\u864e\u54e5\u54ee\u7a74|42/100|[from] Recoil\n|move|p1a: Amoonguss|Spore|p2a: \u629b\u5f00\u864e\u54e5\u54ee\u7a74\n|-status|p2a: \u629b\u5f00\u864e\u54e5\u54ee\u7a74|slp|[from] move: Spore\n|\n|-weather|none\n|-damage|p2b: P\u56fa\u771f\u5927|88/100|[from] Leech Seed|[of] p1a: Amoonguss\n|-heal|p1a: Amoonguss|39/100|[silent]\n|-sideend|p2: dasabe\u76d6\u6b27\u5361\u4fa0|move: Light Screen\n|upkeep\n|turn|8\n|\n|t:|1774606232\n|switch|p2a: \u94f6\u91d1\u5996\u86c7|Miraidon, L50, shiny|100/100\n|-fieldstart|move: Electric Terrain|[from] ability: Hadron Engine|[of] p2a: \u94f6\u91d1\u5996\u86c7\n|move|p1b: Landorus|Earth Power|p2b: P\u56fa\u771f\u5927\n|-supereffective|p2b: P\u56fa\u771f\u5927\n|-damage|p2b: P\u56fa\u771f\u5927|0 fnt\n|faint|p2b: P\u56fa\u771f\u5927\n|move|p1a: Amoonguss|Spore|p2a: \u94f6\u91d1\u5996\u86c7\n|-activate|p2a: \u94f6\u91d1\u5996\u86c7|move: Electric Terrain\n|\n|-sideend|p2: dasabe\u76d6\u6b27\u5361\u4fa0|Reflect\n|upkeep\n|\n|t:|1774606235\n|switch|p2b: \u94f6\u6bdb\u6ee1\u8eab|Grimmsnarl, L50, M, shiny|80/100\n|turn|9\n|\n|t:|1774606244\n|switch|p2a: \u629b\u5f00\u864e\u54e5\u54ee\u7a74|Incineroar, L50, M|42/100 slp\n|-ability|p2a: \u629b\u5f00\u864e\u54e5\u54ee\u7a74|Intimidate|boost\n|-unboost|p1a: Amoonguss|atk|1\n|-unboost|p1b: Landorus|atk|1\n|move|p1a: Amoonguss|Protect|p1a: Amoonguss\n|-singleturn|p1a: Amoonguss|Protect\n|move|p1b: Landorus|Earth Power|p2a: \u629b\u5f00\u864e\u54e5\u54ee\u7a74\n|-supereffective|p2a: \u629b\u5f00\u864e\u54e5\u54ee\u7a74\n|-damage|p2a: \u629b\u5f00\u864e\u54e5\u54ee\u7a74|0 fnt\n|faint|p2a: \u629b\u5f00\u864e\u54e5\u54ee\u7a74\n|move|p2b: \u94f6\u6bdb\u6ee1\u8eab|Spirit Break|p1b: Landorus\n|-damage|p1b: Landorus|64/100\n|-unboost|p1b: Landorus|spa|1\n|\n|upkeep\n|\n|t:|1774606251\n|switch|p2a: \u94f6\u91d1\u5996\u86c7|Miraidon, L50, shiny|100/100\n|-activate|p2a: \u94f6\u91d1\u5996\u86c7|ability: Hadron Engine\n|turn|10\n|\n|t:|1774606260\n|move|p1a: Amoonguss|Rage Powder|p1a: Amoonguss\n|-singleturn|p1a: Amoonguss|move: Rage Powder\n|move|p2b: \u94f6\u6bdb\u6ee1\u8eab|Light Screen|p2b: \u94f6\u6bdb\u6ee1\u8eab\n|-sidestart|p2: dasabe\u76d6\u6b27\u5361\u4fa0|move: Light Screen\n|move|p2a: \u94f6\u91d1\u5996\u86c7|Calm Mind|p2a: \u94f6\u91d1\u5996\u86c7\n|-boost|p2a: \u94f6\u91d1\u5996\u86c7|spa|1\n|-boost|p2a: \u94f6\u91d1\u5996\u86c7|spd|1\n|move|p1b: Landorus|Earth Power|p2a: \u94f6\u91d1\u5996\u86c7\n|-supereffective|p2a: \u94f6\u91d1\u5996\u86c7\n|-damage|p2a: \u94f6\u91d1\u5996\u86c7|68/100\n|\n|upkeep\n|turn|11\n|\n|t:|1774606272\n|move|p1a: Amoonguss|Rage Powder|p1a: Amoonguss\n|-singleturn|p1a: Amoonguss|move: Rage Powder\n|move|p2a: \u94f6\u91d1\u5996\u86c7|Dazzling Gleam|p1a: Amoonguss|[spread] p1a,p1b\n|-resisted|p1a: Amoonguss\n|-damage|p1a: Amoonguss|22/100\n|-damage|p1b: Landorus|15/100\n|move|p1b: Landorus|Earth Power|p2a: \u94f6\u91d1\u5996\u86c7\n|-supereffective|p2a: \u94f6\u91d1\u5996\u86c7\n|-damage|p2a: \u94f6\u91d1\u5996\u86c7|34/100\n|move|p2b: \u94f6\u6bdb\u6ee1\u8eab|Spirit Break|p1a: Amoonguss\n|-resisted|p1a: Amoonguss\n|-damage|p1a: Amoonguss|9/100\n|-unboost|p1a: Amoonguss|spa|1\n|-damage|p2b: \u94f6\u6bdb\u6ee1\u8eab|64/100|[from] item: Rocky Helmet|[of] p1a: Amoonguss\n|\n|upkeep\n|turn|12\n|-message|kilothegreat forfeited.\n|\n|win|dasabe\u76d6\u6b27\u5361\u4fa0\n|raw|kilothegreat's rating: 1501 &rarr; <strong>1487</strong><br />(-14 for losing)\n|raw|dasabe\u76d6\u6b27\u5361\u4fa0's rating: 1602 &rarr; <strong>1616</strong><br />(+14 for winning)\n|l|\u2606kilothegreat\n|player|p1|\n|l|\u2606dasabe\u76d6\u6b27\u5361\u4fa0\n|player|p2|\n","uploadtime":1774606440,"views":11,"formatid":"gen9vgc2026regi","rating":1487,"private":0,"password":null}