{"id":"gen9vgc2026regi-2529432378","format":"[Gen 9] VGC 2026 Reg I","players":["girrugameshu","ky123456"],"log":"|j|\u2606girrugameshu\n|j|\u2606ky123456\n|t:|1769786776\n|gametype|doubles\n|player|p1|girrugameshu|steven|1430\n|player|p2|ky123456|cynthia-gen4|1492\n|gen|9\n|tier|[Gen 9] VGC 2026 Reg I\n|rated|\n|rule|Species Clause: Limit one of each Pok\u00e9mon\n|rule|Item Clause: Limit 1 of each item\n|clearpoke\n|poke|p1|Urshifu-*, L50, F|\n|poke|p1|Kyogre, L50|\n|poke|p1|Zacian-*, L50|\n|poke|p1|Roaring Moon, L50|\n|poke|p1|Chien-Pao, L50|\n|poke|p1|Volcarona, L50, F|\n|poke|p2|Kyogre, L50|\n|poke|p2|Calyrex-Ice, L50|\n|poke|p2|Grimmsnarl, L50, M|\n|poke|p2|Rillaboom, L50, M|\n|poke|p2|Landorus, L50, M|\n|poke|p2|Urshifu-*, L50, M|\n|teampreview|4\n|inactive|Battle timer is ON: inactive players will automatically lose when time's up. (requested by girrugameshu)\n|inactive|girrugameshu has 60 seconds left.\n|\n|t:|1769786845\n|teamsize|p1|4\n|teamsize|p2|4\n|start\n|switch|p1a: Zacian|Zacian-Crowned, L50|100/100\n|switch|p1b: Chien-Pao|Chien-Pao, L50|100/100\n|switch|p2a: Kyogre|Kyogre, L50|100/100\n|switch|p2b: Rillaboom|Rillaboom, L50, M|100/100\n|-ability|p1a: Zacian|Intrepid Sword|boost\n|-boost|p1a: Zacian|atk|1\n|-ability|p1b: Chien-Pao|Sword of Ruin\n|-weather|RainDance|[from] ability: Drizzle|[of] p2a: Kyogre\n|-fieldstart|move: Grassy Terrain|[from] ability: Grassy Surge|[of] p2b: Rillaboom\n|turn|1\n|inactive|ky123456 has 30 seconds left.\n|\n|t:|1769786878\n|move|p1a: Zacian|Protect|p1a: Zacian\n|-singleturn|p1a: Zacian|Protect\n|move|p1b: Chien-Pao|Protect|p1b: Chien-Pao\n|-singleturn|p1b: Chien-Pao|Protect\n|move|p2b: Rillaboom|Fake Out|p1b: Chien-Pao\n|-activate|p1b: Chien-Pao|move: Protect\n|move|p2a: Kyogre|Origin Pulse|p1b: Chien-Pao|[spread] \n|-activate|p1a: Zacian|move: Protect\n|-activate|p1b: Chien-Pao|move: Protect\n|\n|-weather|RainDance|[upkeep]\n|upkeep\n|turn|2\n|inactive|girrugameshu has 30 seconds left.\n|inactive|girrugameshu has 20 seconds left.\n|\n|t:|1769786913\n|move|p1a: Zacian|Play Rough|p2a: Kyogre\n|-damage|p2a: Kyogre|10/100\n|move|p1b: Chien-Pao|Sacred Sword|p2a: Kyogre\n|-damage|p2a: Kyogre|0 fnt\n|faint|p2a: Kyogre\n|move|p2b: Rillaboom|U-turn|p1b: Chien-Pao\n|-supereffective|p1b: Chien-Pao\n|-damage|p1b: Chien-Pao|35/100\n|\n|t:|1769786924\n|switch|p2b: Urshifu|Urshifu-Rapid-Strike, L50, M|100/100|[from] U-turn\n|\n|-weather|RainDance|[upkeep]\n|-heal|p1b: Chien-Pao|40/100|[from] Grassy Terrain\n|upkeep\n|\n|t:|1769786927\n|switch|p2a: Rillaboom|Rillaboom, L50, M|100/100\n|turn|3\n|\n|t:|1769786943\n|switch|p1a: Urshifu|Urshifu-Rapid-Strike, L50, F|100/100\n|move|p2a: Rillaboom|Fake Out|p1a: Urshifu\n|-damage|p1a: Urshifu|82/100\n|move|p2b: Urshifu|Surging Strikes|p1b: Chien-Pao\n|-crit|p1b: Chien-Pao\n|-damage|p1b: Chien-Pao|0 fnt\n|faint|p1b: Chien-Pao\n|-hitcount|p1: Chien-Pao|1\n|\n|-weather|RainDance|[upkeep]\n|-heal|p1a: Urshifu|88/100|[from] Grassy Terrain\n|upkeep\n|\n|t:|1769786957\n|switch|p1b: Roaring Moon|Roaring Moon, L50|100/100\n|-enditem|p1b: Roaring Moon|Booster Energy\n|-activate|p1b: Roaring Moon|ability: Protosynthesis|[fromitem]\n|-start|p1b: Roaring Moon|protosynthesisspe\n|turn|4\n|\n|t:|1769786970\n|switch|p2b: Grimmsnarl|Grimmsnarl, L50, M|100/100\n|-terastallize|p1b: Roaring Moon|Flying\n|move|p2a: Rillaboom|Grassy Glide|p1a: Urshifu\n|-supereffective|p1a: Urshifu\n|-crit|p1a: Urshifu\n|-damage|p1a: Urshifu|0 fnt\n|faint|p1a: Urshifu\n|move|p1b: Roaring Moon|Acrobatics|p2b: Grimmsnarl\n|-damage|p2b: Grimmsnarl|58/100\n|\n|-weather|RainDance|[upkeep]\n|-heal|p2b: Grimmsnarl|64/100|[from] Grassy Terrain\n|upkeep\n|\n|t:|1769786982\n|switch|p1a: Zacian|Zacian-Crowned, L50|100/100\n|turn|5\n|inactive|ky123456 has 30 seconds left.\n|\n|t:|1769787011\n|move|p2b: Grimmsnarl|Thunder Wave|p1a: Zacian|[miss]\n|-miss|p2b: Grimmsnarl|p1a: Zacian\n|move|p1b: Roaring Moon|Acrobatics|p2a: Rillaboom\n|-supereffective|p2a: Rillaboom\n|-damage|p2a: Rillaboom|13/100\n|move|p1a: Zacian|Behemoth Blade|p2b: Grimmsnarl\n|-supereffective|p2b: Grimmsnarl\n|-damage|p2b: Grimmsnarl|0 fnt\n|faint|p2b: Grimmsnarl\n|move|p2a: Rillaboom|Wood Hammer|p1b: Roaring Moon\n|-resisted|p1b: Roaring Moon\n|-damage|p1b: Roaring Moon|48/100\n|-damage|p2a: Rillaboom|0 fnt|[from] Recoil\n|faint|p2a: Rillaboom\n|\n|-weather|none\n|-fieldend|move: Grassy Terrain\n|upkeep\n|\n|t:|1769787014\n|switch|p2b: Urshifu|Urshifu-Rapid-Strike, L50, M|100/100\n|turn|6\n|\n|t:|1769787029\n|-terastallize|p2b: Urshifu|Ghost\n|move|p1b: Roaring Moon|Acrobatics|p2b: Urshifu\n|-damage|p2b: Urshifu|52/100\n|move|p2b: Urshifu|Surging Strikes|p1b: Roaring Moon\n|-crit|p1b: Roaring Moon\n|-damage|p1b: Roaring Moon|26/100\n|-crit|p1b: Roaring Moon\n|-damage|p1b: Roaring Moon|2/100\n|-crit|p1b: Roaring Moon\n|-damage|p1b: Roaring Moon|0 fnt\n|faint|p1b: Roaring Moon\n|-end|p1b: Roaring Moon|Protosynthesis|[silent]\n|-hitcount|p1: Roaring Moon|3\n|move|p1a: Zacian|Play Rough|p2b: Urshifu\n|-damage|p2b: Urshifu|0 fnt\n|faint|p2b: Urshifu\n|\n|win|girrugameshu\n|raw|girrugameshu's rating: 1430 &rarr; <strong>1454</strong><br />(+24 for winning)\n|raw|ky123456's rating: 1492 &rarr; <strong>1468</strong><br />(-24 for losing)\n|l|\u2606ky123456\n|player|p2|\n|l|\u2606girrugameshu\n|player|p1|\n","uploadtime":1769787224,"views":15,"formatid":"gen9vgc2026regi","rating":1454,"private":0,"password":null}