{"id":"gen9vgc2026regi-2573864188","format":"[Gen 9] VGC 2026 Reg I","players":["nicksabanfanboy","navinsachump"],"log":"|j|\u2606nicksabanfanboy\n|j|\u2606navinsachump\n|t:|1775172439\n|gametype|doubles\n|player|p1|nicksabanfanboy|unknown|1405\n|player|p2|navinsachump|102|1599\n|gen|9\n|tier|[Gen 9] VGC 2026 Reg I\n|rated|\n|rule|Species Clause: Limit one of each Pok\u00e9mon\n|rule|Item Clause: Limit 1 of each item\n|clearpoke\n|poke|p1|Groudon, L50|\n|poke|p1|Jumpluff, L50, M|\n|poke|p1|Entei, L50|\n|poke|p1|Walking Wake, L50|\n|poke|p1|Raging Bolt, L50|\n|poke|p1|Lunala, L50|\n|poke|p2|Calyrex-Shadow, L50|\n|poke|p2|Koraidon, L50|\n|poke|p2|Raging Bolt, L50|\n|poke|p2|Brute Bonnet, L50|\n|poke|p2|Landorus, L50, M|\n|poke|p2|Incineroar, L50, M|\n|teampreview|4\n|inactive|Battle timer is ON: inactive players will automatically lose when time's up. (requested by nicksabanfanboy)\n|\n|t:|1775172469\n|teamsize|p1|4\n|teamsize|p2|4\n|start\n|switch|p1a: Groudon|Groudon, L50|100/100\n|switch|p1b: Jumpluff|Jumpluff, L50, M|100/100\n|switch|p2a: Calyrex|Calyrex-Shadow, L50|100/100\n|switch|p2b: Brute Bonnet|Brute Bonnet, L50|100/100\n|-ability|p2a: Calyrex|As One\n|-ability|p2a: Calyrex|Unnerve\n|-weather|SunnyDay|[from] ability: Drought|[of] p1a: Groudon\n|-activate|p2b: Brute Bonnet|ability: Protosynthesis\n|-start|p2b: Brute Bonnet|protosynthesisdef\n|turn|1\n|inactive|nicksabanfanboy has 30 seconds left.\n|inactive|nicksabanfanboy has 20 seconds left.\n|\n|t:|1775172506\n|move|p2a: Calyrex|Protect|p2a: Calyrex\n|-singleturn|p2a: Calyrex|Protect\n|move|p1b: Jumpluff|Sleep Powder|p2a: Calyrex\n|-activate|p2a: Calyrex|move: Protect\n|move|p1a: Groudon|Fire Punch|p2b: Brute Bonnet\n|-supereffective|p2b: Brute Bonnet\n|-damage|p2b: Brute Bonnet|60/100\n|move|p2b: Brute Bonnet|Spore|p1a: Groudon\n|-status|p1a: Groudon|slp|[from] move: Spore\n|\n|-weather|SunnyDay|[upkeep]\n|upkeep\n|turn|2\n|inactive|nicksabanfanboy has 30 seconds left.\n|\n|t:|1775172535\n|move|p1b: Jumpluff|Encore|p2a: Calyrex\n|-start|p2a: Calyrex|Encore\n|move|p2a: Calyrex|Protect||[still]\n|-fail|p2a: Calyrex\n|cant|p1a: Groudon|slp\n|move|p2b: Brute Bonnet|Seed Bomb|p1a: Groudon\n|-supereffective|p1a: Groudon\n|-damage|p1a: Groudon|50/100 slp\n|\n|-weather|SunnyDay|[upkeep]\n|upkeep\n|turn|3\n|inactive|nicksabanfanboy has 30 seconds left.\n|\n|t:|1775172561\n|switch|p2a: Incineroar|Incineroar, L50, M|100/100\n|-ability|p2a: Incineroar|Intimidate|boost\n|-unboost|p1a: Groudon|atk|1\n|-unboost|p1b: Jumpluff|atk|1\n|switch|p1a: Lunala|Lunala, L50|100/100\n|move|p1b: Jumpluff|Tailwind|p1b: Jumpluff\n|-sidestart|p1: nicksabanfanboy|move: Tailwind\n|move|p2b: Brute Bonnet|Seed Bomb|p1a: Lunala\n|-damage|p1a: Lunala|88/100\n|\n|-weather|SunnyDay|[upkeep]\n|upkeep\n|turn|4\n|inactive|navinsachump has 30 seconds left.\n|\n|t:|1775172593\n|-terastallize|p2a: Incineroar|Water\n|move|p1b: Jumpluff|Sleep Powder|p2a: Incineroar\n|-status|p2a: Incineroar|slp|[from] move: Sleep Powder\n|move|p1a: Lunala|Meteor Beam||[still]\n|-prepare|p1a: Lunala|Meteor Beam\n|-boost|p1a: Lunala|spa|1\n|-enditem|p1a: Lunala|Power Herb\n|-anim|p1a: Lunala|Meteor Beam|p2a: Incineroar\n|-damage|p2a: Incineroar|43/100 slp\n|move|p2b: Brute Bonnet|Spore|p1a: Lunala\n|-status|p1a: Lunala|slp|[from] move: Spore\n|cant|p2a: Incineroar|slp\n|\n|-weather|SunnyDay|[upkeep]\n|upkeep\n|turn|5\n|inactive|nicksabanfanboy has 30 seconds left.\n|\n|t:|1775172628\n|move|p1b: Jumpluff|Encore|p2b: Brute Bonnet\n|-start|p2b: Brute Bonnet|Encore\n|cant|p1a: Lunala|slp\n|move|p2b: Brute Bonnet|Spore|p1a: Lunala\n|-fail|p1a: Lunala|slp\n|cant|p2a: Incineroar|slp\n|\n|-weather|none\n|-end|p2b: Brute Bonnet|Protosynthesis\n|upkeep\n|turn|6\n|\n|t:|1775172653\n|move|p1b: Jumpluff|Sleep Powder|p2b: Brute Bonnet\n|-immune|p2b: Brute Bonnet\n|cant|p1a: Lunala|slp\n|move|p2b: Brute Bonnet|Spore|p1a: Lunala\n|-fail|p1a: Lunala|slp\n|cant|p2a: Incineroar|slp\n|\n|-sideend|p1: nicksabanfanboy|move: Tailwind\n|upkeep\n|turn|7\n|inactive|nicksabanfanboy has 30 seconds left.\n|\n|t:|1775172680\n|switch|p1b: Groudon|Groudon, L50|50/100 slp\n|-weather|SunnyDay|[from] ability: Drought|[of] p1b: Groudon\n|-activate|p2b: Brute Bonnet|ability: Protosynthesis\n|-start|p2b: Brute Bonnet|protosynthesisdef\n|-curestatus|p1a: Lunala|slp|[msg]\n|move|p1a: Lunala|Moongeist Beam|p2b: Brute Bonnet\n|-resisted|p2b: Brute Bonnet\n|-damage|p2b: Brute Bonnet|23/100\n|move|p2b: Brute Bonnet|Spore|p1a: Lunala\n|-status|p1a: Lunala|slp|[from] move: Spore\n|-curestatus|p2a: Incineroar|slp|[msg]\n|move|p2a: Incineroar|Knock Off|p1b: Groudon\n|-damage|p1b: Groudon|21/100 slp\n|-enditem|p1b: Groudon|Assault Vest|[from] move: Knock Off|[of] p2a: Incineroar\n|\n|-weather|SunnyDay|[upkeep]\n|-end|p2b: Brute Bonnet|Encore\n|upkeep\n|turn|8\n|inactive|nicksabanfanboy has 30 seconds left.\n|inactive|navinsachump has 30 seconds left.\n|\n|t:|1775172714\n|switch|p1a: Walking Wake|Walking Wake, L50|100/100\n|-activate|p1a: Walking Wake|ability: Protosynthesis\n|-start|p1a: Walking Wake|protosynthesisspe\n|cant|p1b: Groudon|slp\n|move|p2b: Brute Bonnet|Seed Bomb|p1b: Groudon\n|-supereffective|p1b: Groudon\n|-damage|p1b: Groudon|0 fnt\n|faint|p1b: Groudon\n|move|p2a: Incineroar|Knock Off|p1a: Walking Wake\n|-damage|p1a: Walking Wake|63/100\n|-enditem|p1a: Walking Wake|Leftovers|[from] move: Knock Off|[of] p2a: Incineroar\n|\n|-weather|SunnyDay|[upkeep]\n|upkeep\n|\n|t:|1775172731\n|switch|p1b: Jumpluff|Jumpluff, L50, M|100/100\n|turn|9\n|\n|t:|1775172745\n|move|p2b: Brute Bonnet|Sucker Punch|p1a: Walking Wake\n|-damage|p1a: Walking Wake|35/100\n|move|p1b: Jumpluff|Sleep Powder|p2a: Incineroar|[miss]\n|-miss|p1b: Jumpluff|p2a: Incineroar\n|move|p1a: Walking Wake|Weather Ball|p2b: Brute Bonnet\n|-supereffective|p2b: Brute Bonnet\n|-damage|p2b: Brute Bonnet|0 fnt\n|faint|p2b: Brute Bonnet\n|-end|p2b: Brute Bonnet|Protosynthesis|[silent]\n|move|p2a: Incineroar|Knock Off|p1b: Jumpluff\n|-damage|p1b: Jumpluff|49/100\n|-enditem|p1b: Jumpluff|Covert Cloak|[from] move: Knock Off|[of] p2a: Incineroar\n|\n|-weather|SunnyDay|[upkeep]\n|upkeep\n|\n|t:|1775172762\n|switch|p2b: Calyrex|Calyrex-Shadow, L50|100/100\n|-ability|p2b: Calyrex|As One\n|-ability|p2b: Calyrex|Unnerve\n|turn|10\n|inactive|nicksabanfanboy has 30 seconds left.\n|\n|t:|1775172792\n|-terastallize|p1a: Walking Wake|Fairy\n|move|p2b: Calyrex|Protect|p2b: Calyrex\n|-singleturn|p2b: Calyrex|Protect\n|move|p1b: Jumpluff|Sleep Powder|p2b: Calyrex\n|-activate|p2b: Calyrex|move: Protect\n|move|p1a: Walking Wake|Tera Blast|p2a: Incineroar|[anim] Tera Blast Fairy\n|-damage|p2a: Incineroar|11/100\n|move|p2a: Incineroar|Parting Shot|p1a: Walking Wake\n|-unboost|p1a: Walking Wake|atk|1\n|-unboost|p1a: Walking Wake|spa|1\n|\n|t:|1775172800\n|switch|p2a: Koraidon|Koraidon, L50|100/100|[from] Parting Shot\n|-activate|p2a: Koraidon|ability: Orichalcum Pulse\n|\n|-weather|SunnyDay|[upkeep]\n|upkeep\n|turn|11\n|inactive|navinsachump has 30 seconds left.\n|\n|t:|1775172831\n|switch|p2b: Incineroar|Incineroar, L50, M, tera:Water|11/100\n|-ability|p2b: Incineroar|Intimidate|boost\n|-unboost|p1a: Walking Wake|atk|1\n|-unboost|p1b: Jumpluff|atk|1\n|move|p2a: Koraidon|Protect|p2a: Koraidon\n|-singleturn|p2a: Koraidon|Protect\n|move|p1b: Jumpluff|Encore||[still]\n|-fail|p1b: Jumpluff\n|move|p1a: Walking Wake|Tera Blast|p2a: Koraidon|[anim] Tera Blast Fairy\n|-activate|p2a: Koraidon|move: Protect\n|\n|-weather|none\n|-end|p1a: Walking Wake|Protosynthesis\n|upkeep\n|turn|12\n|inactive|nicksabanfanboy has 30 seconds left.\n|\n|t:|1775172857\n|move|p1a: Walking Wake|Protect|p1a: Walking Wake\n|-singleturn|p1a: Walking Wake|Protect\n|move|p2b: Incineroar|Fake Out|p1a: Walking Wake\n|-activate|p1a: Walking Wake|move: Protect\n|move|p2a: Koraidon|Flame Charge|p1b: Jumpluff\n|-supereffective|p1b: Jumpluff\n|-damage|p1b: Jumpluff|3/100\n|-boost|p2a: Koraidon|spe|1\n|move|p1b: Jumpluff|Sunny Day|p1b: Jumpluff\n|-weather|SunnyDay\n|-activate|p1a: Walking Wake|ability: Protosynthesis\n|-start|p1a: Walking Wake|protosynthesisspe\n|\n|-weather|SunnyDay|[upkeep]\n|upkeep\n|turn|13\n|inactive|nicksabanfanboy has 30 seconds left.\n|\n|t:|1775172885\n|move|p2a: Koraidon|Protect|p2a: Koraidon\n|-singleturn|p2a: Koraidon|Protect\n|move|p1b: Jumpluff|Sleep Powder|p2a: Koraidon\n|-activate|p2a: Koraidon|move: Protect\n|move|p1a: Walking Wake|Hydro Steam|p2b: Incineroar\n|-resisted|p2b: Incineroar\n|-damage|p2b: Incineroar|0 fnt\n|faint|p2b: Incineroar\n|\n|-weather|SunnyDay|[upkeep]\n|upkeep\n|\n|t:|1775172892\n|switch|p2b: Calyrex|Calyrex-Shadow, L50|100/100\n|-ability|p2b: Calyrex|As One\n|-ability|p2b: Calyrex|Unnerve\n|turn|14\n|\n|t:|1775172910\n|move|p1b: Jumpluff|Sleep Powder|p2b: Calyrex\n|-status|p2b: Calyrex|slp|[from] move: Sleep Powder\n|move|p2a: Koraidon|Flare Blitz|p1a: Walking Wake\n|-damage|p1a: Walking Wake|0 fnt\n|faint|p1a: Walking Wake\n|-end|p1a: Walking Wake|Protosynthesis|[silent]\n|-damage|p2a: Koraidon|90/100|[from] Recoil\n|cant|p2b: Calyrex|slp\n|\n|-weather|SunnyDay|[upkeep]\n|upkeep\n|\n|t:|1775172919\n|switch|p1a: Lunala|Lunala, L50|88/100 slp\n|turn|15\n|\n|t:|1775172941\n|move|p1b: Jumpluff|Sleep Powder|p2a: Koraidon|[miss]\n|-miss|p1b: Jumpluff|p2a: Koraidon\n|move|p2a: Koraidon|Flare Blitz|p1b: Jumpluff\n|-supereffective|p1b: Jumpluff\n|-damage|p1b: Jumpluff|0 fnt\n|faint|p1b: Jumpluff\n|-damage|p2a: Koraidon|89/100|[from] Recoil\n|-curestatus|p2b: Calyrex|slp|[msg]\n|move|p2b: Calyrex|Astral Barrage|p1a: Lunala\n|-supereffective|p1a: Lunala\n|-damage|p1a: Lunala|0 fnt\n|faint|p1a: Lunala\n|\n|win|navinsachump\n|raw|nicksabanfanboy's rating: 1405 &rarr; <strong>1395</strong><br />(-10 for losing)\n|raw|navinsachump's rating: 1599 &rarr; <strong>1609</strong><br />(+10 for winning)\n|c|\u2606nicksabanfanboy|gg\n|c|\u2606navinsachump|gg\n|l|\u2606navinsachump\n|player|p2|\n|l|\u2606nicksabanfanboy\n|player|p1|\n","uploadtime":1775173210,"views":8,"formatid":"gen9vgc2026regi","rating":1395,"private":0,"password":null}