{"id":"gen9vgc2026regi-2563567406","format":"[Gen 9] VGC 2026 Reg I","players":["Jamstiffer","ppyyy"],"log":"|j|\u2606Jamstiffer\n|j|\u2606ppyyy\n|t:|1774037890\n|gametype|doubles\n|player|p1|Jamstiffer|aaron|\n|player|p2|ppyyy|elesa-gen5bw2|\n|gen|9\n|tier|[Gen 9] VGC 2026 Reg I\n|rated|Tournament battle\n|rule|Species Clause: Limit one of each Pok\u00e9mon\n|rule|Item Clause: Limit 1 of each item\n|raw|<div class=\"infobox\"><details class=\"readmore\" open><summary><strong>3 custom rules:</strong></summary> Open Team Sheets, Force Open Team Sheets, !Open Team Sheets</details></div>\n|clearpoke\n|poke|p1|Koraidon, L50|\n|poke|p1|Miraidon, L50|\n|poke|p1|Whimsicott, L50, F|\n|poke|p1|Chi-Yu, L50|\n|poke|p1|Flutter Mane, L50|\n|poke|p1|Iron Hands, L50|\n|poke|p2|Whimsicott, L50, F|\n|poke|p2|Calyrex-Shadow, L50|\n|poke|p2|Incineroar, L50, F|\n|poke|p2|Miraidon, L50|\n|poke|p2|Clefairy, L50, F|\n|poke|p2|Sneasler, L50, F|\n|teampreview|4\n|showteam|p1|Koraidon||LifeOrb|OrichalcumPulse|CloseCombat,FlareBlitz,FlameCharge,Protect||||||50|,,,,,Fire]Miraidon||ChoiceSpecs|HadronEngine|ElectroDrift,VoltSwitch,DazzlingGleam,DracoMeteor||||||50|,,,,,Fairy]Whimsicott||CovertCloak|Prankster|Tailwind,Taunt,Encore,Moonblast|||F|||50|,,,,,Dark]Chi-Yu||ChoiceScarf|BeadsofRuin|HeatWave,Overheat,DarkPulse,Snarl||||||50|,,,,,Ghost]Flutter Mane||FocusSash|Protosynthesis|IcyWind,Moonblast,ShadowBall,Protect||||||50|,,,,,Normal]Iron Hands||AssaultVest|QuarkDrive|FakeOut,WildCharge,LowKick,DrainPunch||||||50|,,,,,Bug\n|showteam|p2|Whimsicott||CovertCloak|Prankster|Moonblast,Tailwind,FakeTears,Encore|||F|||50|,,,,,Water]Calyrex-Shadow||FocusSash|AsOneSpectrier|AstralBarrage,Psychic,Disable,Protect||||||50|,,,,,Ghost]Incineroar||AssaultVest|Intimidate|KnockOff,Uturn,FlareBlitz,FakeOut|||F|||50|,,,,,Bug]Miraidon||ChoiceSpecs|HadronEngine|ElectroDrift,DracoMeteor,DazzlingGleam,VoltSwitch||||||50|,,,,,Fairy]Clefairy||Eviolite|FriendGuard|AfterYou,HelpingHand,FollowMe,Protect|||F|||50|,,,,,Grass]Sneasler||ElectricSeed|Unburden|GunkShot,CloseCombat,FakeOut,ThroatChop|||F|||50|,,,,,Dark\n|inactive|Battle timer is ON: inactive players will automatically lose when time's up. (requested by Jamstiffer)\n|j| personathemc\n|j| ProssettiVGC\n|j| Solarbloke\n|j| Rillabossman\n|inactive|Jamstiffer has 60 seconds left.\n|inactive|ppyyy has 60 seconds left.\n|inactive|ppyyy has 30 seconds left.\n|\n|t:|1774037960\n|teamsize|p1|4\n|teamsize|p2|4\n|start\n|switch|p1a: Chi-Yu|Chi-Yu, L50|100/100\n|switch|p1b: Whimsicott|Whimsicott, L50, F|100/100\n|switch|p2a: Roar!|Incineroar, L50, F|100/100\n|switch|p2b: Miraidon|Miraidon, L50|100/100\n|-ability|p1a: Chi-Yu|Beads of Ruin\n|-fieldstart|move: Electric Terrain|[from] ability: Hadron Engine|[of] p2b: Miraidon\n|-ability|p2a: Roar!|Intimidate|boost\n|-unboost|p1a: Chi-Yu|atk|1\n|-unboost|p1b: Whimsicott|atk|1\n|turn|1\n|inactive|Jamstiffer has 30 seconds left.\n|inactive|ppyyy has 30 seconds left.\n|\n|t:|1774037990\n|-terastallize|p2b: Miraidon|Fairy\n|move|p1a: Chi-Yu|Snarl|p2a: Roar!|[spread] p2a,p2b\n|-resisted|p2a: Roar!\n|-resisted|p2b: Miraidon\n|-crit|p2b: Miraidon\n|-damage|p2a: Roar!|92/100\n|-damage|p2b: Miraidon|83/100\n|-unboost|p2a: Roar!|spa|1\n|-unboost|p2b: Miraidon|spa|1\n|move|p1b: Whimsicott|Moonblast|p2b: Miraidon\n|-damage|p2b: Miraidon|49/100\n|move|p2b: Miraidon|Dazzling Gleam|p1b: Whimsicott|[spread] p1a,p1b\n|-damage|p1a: Chi-Yu|54/100\n|-damage|p1b: Whimsicott|12/100\n|move|p2a: Roar!|U-turn|p1b: Whimsicott\n|-damage|p1b: Whimsicott|0 fnt\n|faint|p1b: Whimsicott\n|\n|t:|1774038003\n|switch|p2a: EDM|Sneasler, L50, F|100/100|[from] U-turn\n|-enditem|p2a: EDM|Electric Seed\n|-boost|p2a: EDM|def|1|[from] item: Electric Seed\n|\n|upkeep\n|\n|t:|1774038015\n|switch|p1b: Koraidon|Koraidon, L50|100/100\n|-weather|SunnyDay|[from] ability: Orichalcum Pulse|[of] p1b: Koraidon\n|-activate|p1b: Koraidon|Orichalcum Pulse|[source]\n|turn|2\n|\n|t:|1774038026\n|switch|p2b: Roar!|Incineroar, L50, F|92/100\n|-ability|p2b: Roar!|Intimidate|boost\n|-unboost|p1a: Chi-Yu|atk|1\n|-unboost|p1b: Koraidon|atk|1\n|-terastallize|p1a: Chi-Yu|Ghost\n|move|p1b: Koraidon|Protect|p1b: Koraidon\n|-singleturn|p1b: Koraidon|Protect\n|move|p2a: EDM|Close Combat|p1a: Chi-Yu\n|-immune|p1a: Chi-Yu\n|move|p1a: Chi-Yu|Snarl|p2b: Roar!|[spread] p2a,p2b\n|-resisted|p2a: EDM\n|-resisted|p2b: Roar!\n|-damage|p2a: EDM|82/100\n|-damage|p2b: Roar!|85/100\n|-unboost|p2a: EDM|spa|1\n|-unboost|p2b: Roar!|spa|1\n|\n|-weather|SunnyDay|[upkeep]\n|upkeep\n|turn|3\n|inactive|ppyyy has 30 seconds left.\n|\n|t:|1774038053\n|switch|p1a: Miraidon|Miraidon, L50|100/100\n|-activate|p1a: Miraidon|ability: Hadron Engine\n|move|p2b: Roar!|Fake Out|p1b: Koraidon\n|-damage|p1b: Koraidon|91/100\n|move|p2a: EDM|Close Combat|p1b: Koraidon\n|-damage|p1b: Koraidon|26/100\n|-unboost|p2a: EDM|def|1\n|-unboost|p2a: EDM|spd|1\n|cant|p1b: Koraidon|flinch\n|\n|-weather|SunnyDay|[upkeep]\n|upkeep\n|turn|4\n|l| Solarbloke\n|inactive|ppyyy has 30 seconds left.\n|\n|t:|1774038079\n|move|p2a: EDM|Close Combat|p1b: Koraidon\n|-damage|p1b: Koraidon|0 fnt\n|-unboost|p2a: EDM|def|1\n|-unboost|p2a: EDM|spd|1\n|faint|p1b: Koraidon\n|move|p1a: Miraidon|Volt Switch|p2a: EDM\n|-crit|p2a: EDM\n|-damage|p2a: EDM|0 fnt\n|faint|p2a: EDM\n|\n|t:|1774038082\n|switch|p1a: Chi-Yu|Chi-Yu, L50, tera:Ghost|54/100|[from] Volt Switch\n|-ability|p1a: Chi-Yu|Beads of Ruin\n|move|p2b: Roar!|U-turn|p1a: Chi-Yu\n|-resisted|p1a: Chi-Yu\n|-damage|p1a: Chi-Yu|40/100\n|\n|t:|1774038089\n|switch|p2b: Hinder Me|Calyrex-Shadow, L50|100/100|[from] U-turn\n|-ability|p2b: Hinder Me|As One\n|-ability|p2b: Hinder Me|Unnerve\n|\n|-weather|SunnyDay|[upkeep]\n|upkeep\n|\n|t:|1774038091\n|switch|p1b: Miraidon|Miraidon, L50|100/100\n|switch|p2a: Roar!|Incineroar, L50, F|85/100\n|-activate|p1b: Miraidon|ability: Hadron Engine\n|-ability|p2a: Roar!|Intimidate|boost\n|-unboost|p1a: Chi-Yu|atk|1\n|-unboost|p1b: Miraidon|atk|1\n|turn|5\n|\n|t:|1774038096\n|move|p2a: Roar!|Fake Out|p1b: Miraidon\n|-damage|p1b: Miraidon|90/100\n|move|p1a: Chi-Yu|Snarl|p2a: Roar!|[spread] p2a,p2b\n|-resisted|p2a: Roar!\n|-supereffective|p2b: Hinder Me\n|-damage|p2a: Roar!|77/100\n|-enditem|p2b: Hinder Me|Focus Sash\n|-damage|p2b: Hinder Me|1/100\n|-unboost|p2a: Roar!|spa|1\n|-unboost|p2b: Hinder Me|spa|1\n|move|p2b: Hinder Me|Astral Barrage|p1a: Chi-Yu|[spread] p1a,p1b\n|-supereffective|p1a: Chi-Yu\n|-crit|p1b: Miraidon\n|-damage|p1a: Chi-Yu|0 fnt\n|-damage|p1b: Miraidon|0 fnt\n|faint|p1a: Chi-Yu\n|faint|p1b: Miraidon\n|\n|win|ppyyy\n|n|\u2606Jamstiffer|jamstiffer\n|n|\u2606ppyyy|ppyyy\n|n| personathemc|personathemc\n|n| ProssettiVGC|prossettivgc\n|n| Rillabossman|rillabossman\n|c|\u2606Jamstiffer|arg\n|c|\u2606Jamstiffer|gg\n","uploadtime":1774038099,"views":7,"formatid":"gen9vgc2026regi","rating":null,"private":0,"password":null}