{"id":"gen9vgc2026regi-2562405925","format":"[Gen 9] VGC 2026 Reg I","players":["slimeslatt252","crazyshit14"],"log":"|j|\u2606slimeslatt252\n|j|\u2606crazyshit14\n|t:|1773912214\n|gametype|doubles\n|player|p1|slimeslatt252|169|1430\n|player|p2|crazyshit14|266|1414\n|gen|9\n|tier|[Gen 9] VGC 2026 Reg I\n|rated|\n|rule|Species Clause: Limit one of each Pok\u00e9mon\n|rule|Item Clause: Limit 1 of each item\n|clearpoke\n|poke|p1|Calyrex-Shadow, L50|\n|poke|p1|Koraidon, L50|\n|poke|p1|Incineroar, L50, M|\n|poke|p1|Raging Bolt, L50|\n|poke|p1|Brute Bonnet, L50|\n|poke|p1|Landorus, L50, M|\n|poke|p2|Koraidon, L50|\n|poke|p2|Zacian-*, L50|\n|poke|p2|Gouging Fire, L50|\n|poke|p2|Flutter Mane, L50|\n|poke|p2|Tornadus, L50, M|\n|poke|p2|Riolu, L50, M|\n|teampreview|4\n|inactive|Battle timer is ON: inactive players will automatically lose when time's up. (requested by slimeslatt252)\n|\n|t:|1773912243\n|teamsize|p1|4\n|teamsize|p2|4\n|start\n|switch|p1a: Brute Bonnet|Brute Bonnet, L50|100/100\n|switch|p1b: Calyrex|Calyrex-Shadow, L50|100/100\n|switch|p2a: Koraidon|Koraidon, L50|100/100\n|switch|p2b: Riolu|Riolu, L50, M|100/100\n|-ability|p1b: Calyrex|As One\n|-ability|p1b: Calyrex|Unnerve\n|-weather|SunnyDay|[from] ability: Orichalcum Pulse|[of] p2a: Koraidon\n|-activate|p1a: Brute Bonnet|ability: Protosynthesis\n|-start|p1a: Brute Bonnet|protosynthesisdef\n|-activate|p2a: Koraidon|Orichalcum Pulse|[source]\n|turn|1\n|\n|t:|1773912260\n|-terastallize|p1a: Brute Bonnet|Water\n|move|p2b: Riolu|Coaching|p2a: Koraidon\n|-boost|p2a: Koraidon|atk|1\n|-boost|p2a: Koraidon|def|1\n|move|p2a: Koraidon|Flare Blitz|p1b: Calyrex\n|-enditem|p1b: Calyrex|Focus Sash\n|-damage|p1b: Calyrex|1/100\n|-damage|p2a: Koraidon|68/100|[from] Recoil\n|move|p1b: Calyrex|Psychic|p2b: Riolu\n|-supereffective|p2b: Riolu\n|-crit|p2b: Riolu\n|-enditem|p2b: Riolu|Focus Sash\n|-damage|p2b: Riolu|1/100\n|move|p1a: Brute Bonnet|Spore|p2a: Koraidon\n|-status|p2a: Koraidon|slp|[from] move: Spore\n|\n|-weather|SunnyDay|[upkeep]\n|upkeep\n|turn|2\n|\n|t:|1773912283\n|move|p2b: Riolu|Detect|p2b: Riolu\n|-singleturn|p2b: Riolu|Protect\n|move|p1a: Brute Bonnet|Rage Powder|p1a: Brute Bonnet\n|-singleturn|p1a: Brute Bonnet|move: Rage Powder\n|cant|p2a: Koraidon|slp\n|move|p1b: Calyrex|Astral Barrage|p2a: Koraidon|[spread] p2a\n|-activate|p2b: Riolu|move: Protect\n|-damage|p2a: Koraidon|14/100 slp\n|\n|-weather|SunnyDay|[upkeep]\n|upkeep\n|turn|3\n|inactive|crazyshit14 has 30 seconds left.\n|\n|t:|1773912318\n|switch|p2b: Gouging Fire|Gouging Fire, L50|100/100\n|-activate|p2b: Gouging Fire|ability: Protosynthesis\n|-start|p2b: Gouging Fire|protosynthesisspe\n|move|p1a: Brute Bonnet|Rage Powder|p1a: Brute Bonnet\n|-singleturn|p1a: Brute Bonnet|move: Rage Powder\n|-curestatus|p2a: Koraidon|slp|[msg]\n|move|p2a: Koraidon|Flare Blitz|p1a: Brute Bonnet\n|-resisted|p1a: Brute Bonnet\n|-damage|p1a: Brute Bonnet|66/100\n|-damage|p2a: Koraidon|2/100|[from] Recoil\n|move|p1b: Calyrex|Astral Barrage|p2b: Gouging Fire|[spread] p2a,p2b\n|-damage|p2a: Koraidon|0 fnt\n|-damage|p2b: Gouging Fire|54/100\n|faint|p2a: Koraidon\n|-ability|p1b: Calyrex|Grim Neigh|boost\n|-boost|p1b: Calyrex|spa|1\n|\n|-weather|SunnyDay|[upkeep]\n|upkeep\n|inactive|crazyshit14 has 30 seconds left.\n|\n|t:|1773912347\n|switch|p2a: Riolu|Riolu, L50, M|1/100\n|turn|4\n|\n|t:|1773912371\n|move|p1b: Calyrex|Protect|p1b: Calyrex\n|-singleturn|p1b: Calyrex|Protect\n|move|p2a: Riolu|Coaching|p2b: Gouging Fire\n|-boost|p2b: Gouging Fire|atk|1\n|-boost|p2b: Gouging Fire|def|1\n|move|p2b: Gouging Fire|Dragon Rush|p1b: Calyrex\n|-activate|p1b: Calyrex|move: Protect\n|move|p1a: Brute Bonnet|Spore|p2b: Gouging Fire\n|-status|p2b: Gouging Fire|slp|[from] move: Spore\n|\n|-weather|SunnyDay|[upkeep]\n|upkeep\n|turn|5\n|-message|crazyshit14 forfeited.\n|\n|win|slimeslatt252\n|raw|slimeslatt252's rating: 1430 &rarr; <strong>1449</strong><br />(+19 for winning)\n|raw|crazyshit14's rating: 1414 &rarr; <strong>1395</strong><br />(-19 for losing)\n|l|\u2606crazyshit14\n|player|p2|\n","uploadtime":1773912537,"views":10,"formatid":"gen9vgc2026regi","rating":1395,"private":0,"password":null}