{"id":"gen9vgc2026regi-2551650819","format":"[Gen 9] VGC 2026 Reg I","players":["Zorse Mentality","Unskilled99"],"log":"|j|\u2606Zorse Mentality\n|j|\u2606Unskilled99\n|t:|1772632758\n|gametype|doubles\n|player|p1|Zorse Mentality|266|1383\n|player|p2|Unskilled99|unknown|1520\n|gen|9\n|tier|[Gen 9] VGC 2026 Reg I\n|rated|\n|rule|Species Clause: Limit one of each Pok\u00e9mon\n|rule|Item Clause: Limit 1 of each item\n|clearpoke\n|poke|p1|Miraidon, L50|\n|poke|p1|Tatsugiri, L50, M|\n|poke|p1|Raichu-Alola, L50, M|\n|poke|p1|Dondozo, L50, F|\n|poke|p1|Calyrex-Shadow, L50|\n|poke|p1|Weezing-Galar, L50, M|\n|poke|p2|Calyrex-Ice, L50|\n|poke|p2|Miraidon, L50|\n|poke|p2|Incineroar, L50, M|\n|poke|p2|Urshifu-*, L50, F|\n|poke|p2|Landorus, L50, M|\n|poke|p2|Amoonguss, L50, M|\n|teampreview|4\n|\n|t:|1772632808\n|teamsize|p1|4\n|teamsize|p2|4\n|start\n|switch|p1a: Calyrex|Calyrex-Shadow, L50|100/100\n|switch|p1b: Weezing|Weezing-Galar, L50, M|100/100\n|switch|p2a: Miraidon|Miraidon, L50|100/100\n|switch|p2b: Calyrex|Calyrex-Ice, L50|100/100\n|-ability|p1b: Weezing|Neutralizing Gas\n|-ability|p1a: Calyrex|As One\n|-ability|p1a: Calyrex|Unnerve\n|-ability|p2b: Calyrex|As One\n|-ability|p2b: Calyrex|Unnerve\n|turn|1\n|inactive|Battle timer is ON: inactive players will automatically lose when time's up. (requested by Zorse Mentality)\n|inactive|Zorse Mentality has 60 seconds left.\n|inactive|Zorse Mentality has 30 seconds left.\n|\n|t:|1772632874\n|-terastallize|p1a: Calyrex|Ground\n|move|p2b: Calyrex|Protect|p2b: Calyrex\n|-singleturn|p2b: Calyrex|Protect\n|move|p2a: Miraidon|Snarl|p1a: Calyrex|[spread] p1a,p1b\n|-resisted|p1b: Weezing\n|-damage|p1a: Calyrex|85/100\n|-damage|p1b: Weezing|92/100\n|-unboost|p1a: Calyrex|spa|1\n|-unboost|p1b: Weezing|spa|1\n|move|p1a: Calyrex|Tera Blast|p2a: Miraidon|[anim] Tera Blast Ground\n|-supereffective|p2a: Miraidon\n|-damage|p2a: Miraidon|33/100\n|-damage|p1a: Calyrex|75/100|[from] item: Life Orb\n|move|p1b: Weezing|Poison Gas|p2b: Calyrex|[spread] \n|-activate|p2b: Calyrex|move: Protect\n|-miss|p1b: Weezing|p2a: Miraidon\n|\n|-heal|p1b: Weezing|98/100|[from] item: Leftovers\n|upkeep\n|turn|2\n|inactive|Zorse Mentality has 30 seconds left.\n|\n|t:|1772632904\n|switch|p2a: Landorus|Landorus, L50, M|100/100\n|switch|p1a: Dondozo|Dondozo, L50, F|100/100\n|-terastallize|p2b: Calyrex|Fire\n|move|p1b: Weezing|Poison Gas|p2b: Calyrex|[spread] p2a,p2b\n|-status|p2a: Landorus|psn\n|-status|p2b: Calyrex|psn\n|move|p2b: Calyrex|Glacial Lance|p1b: Weezing|[spread] p1a,p1b\n|-resisted|p1a: Dondozo\n|-damage|p1a: Dondozo|83/100\n|-damage|p1b: Weezing|54/100\n|\n|-heal|p1b: Weezing|60/100|[from] item: Leftovers\n|-damage|p2a: Landorus|88/100 psn|[from] psn\n|-damage|p2b: Calyrex|88/100 psn|[from] psn\n|upkeep\n|turn|3\n|inactive|Zorse Mentality has 30 seconds left.\n|inactive|Unskilled99 has 30 seconds left.\n|inactive|Zorse Mentality has 20 seconds left.\n|inactive|Zorse Mentality has 15 seconds left.\n|\n|t:|1772632947\n|-end|p1b: Weezing|ability: Neutralizing Gas\n|switch|p1b: Tatsugiri|Tatsugiri, L50, M|100/100\n|-activate|p1b: Tatsugiri|ability: Commander|[of] p1a: Dondozo\n|-boost|p1a: Dondozo|atk|2\n|-boost|p1a: Dondozo|spa|2\n|-boost|p1a: Dondozo|spe|2\n|-boost|p1a: Dondozo|def|2\n|-boost|p1a: Dondozo|spd|2\n|switch|p2b: Incineroar|Incineroar, L50, M|100/100\n|-ability|p2b: Incineroar|Intimidate|boost\n|-unboost|p1a: Dondozo|atk|1\n|-unboost|p1b: Tatsugiri|atk|1\n|move|p2a: Landorus|Earth Power|p1a: Dondozo\n|-damage|p1a: Dondozo|60/100\n|move|p1a: Dondozo|Order Up|p2b: Incineroar\n|-damage|p2b: Incineroar|82/100\n|-boost|p1a: Dondozo|atk|1\n|\n|-damage|p2a: Landorus|76/100 psn|[from] psn\n|upkeep\n|turn|4\n|inactive|Zorse Mentality has 30 seconds left.\n|\n|t:|1772632972\n|move|p2b: Incineroar|Fake Out|p1a: Dondozo\n|-damage|p1a: Dondozo|57/100\n|-damage|p2b: Incineroar|66/100|[from] item: Rocky Helmet|[of] p1a: Dondozo\n|move|p2a: Landorus|Substitute|p2a: Landorus\n|-start|p2a: Landorus|Substitute\n|-damage|p2a: Landorus|51/100 psn\n|cant|p1a: Dondozo|flinch\n|\n|-damage|p2a: Landorus|39/100 psn|[from] psn\n|upkeep\n|turn|5\n|\n|t:|1772632985\n|move|p2a: Landorus|Earth Power|p1a: Dondozo\n|-damage|p1a: Dondozo|32/100\n|move|p1a: Dondozo|Rest|p1a: Dondozo\n|-status|p1a: Dondozo|slp|[from] move: Rest\n|-heal|p1a: Dondozo|100/100 slp|[silent]\n|move|p2b: Incineroar|U-turn|p1a: Dondozo\n|-damage|p1a: Dondozo|95/100 slp\n|-damage|p2b: Incineroar|50/100|[from] item: Rocky Helmet|[of] p1a: Dondozo\n|\n|t:|1772632994\n|switch|p2b: Miraidon|Miraidon, L50|33/100|[from] U-turn\n|-fieldstart|move: Electric Terrain|[from] ability: Hadron Engine|[of] p2b: Miraidon\n|\n|-damage|p2a: Landorus|27/100 psn|[from] psn\n|upkeep\n|turn|6\n|\n|t:|1772633004\n|move|p2b: Miraidon|Electro Drift|p1a: Dondozo\n|-supereffective|p1a: Dondozo\n|-damage|p1a: Dondozo|12/100 slp\n|-damage|p2b: Miraidon|17/100|[from] item: Rocky Helmet|[of] p1a: Dondozo\n|move|p2a: Landorus|Earth Power|p1a: Dondozo\n|-damage|p1a: Dondozo|0 fnt\n|faint|p1a: Dondozo\n|\n|-damage|p2a: Landorus|14/100 psn|[from] psn\n|upkeep\n|\n|t:|1772633019\n|switch|p1a: Calyrex|Calyrex-Shadow, L50, tera:Ground|75/100\n|-ability|p1a: Calyrex|As One\n|-ability|p1a: Calyrex|Unnerve\n|turn|7\n|\n|t:|1772633035\n|move|p1a: Calyrex|Protect|p1a: Calyrex\n|-singleturn|p1a: Calyrex|Protect\n|move|p1b: Tatsugiri|Protect|p1b: Tatsugiri\n|-singleturn|p1b: Tatsugiri|Protect\n|move|p2b: Miraidon|Electro Drift|p1b: Tatsugiri\n|-activate|p1b: Tatsugiri|move: Protect\n|move|p2a: Landorus|Earth Power|p1a: Calyrex\n|-activate|p1a: Calyrex|move: Protect\n|\n|-damage|p2a: Landorus|2/100 psn|[from] psn\n|upkeep\n|turn|8\n|inactive|Zorse Mentality has 30 seconds left.\n|inactive|Zorse Mentality has 20 seconds left.\n|\n|t:|1772633071\n|switch|p1b: Weezing|Weezing-Galar, L50, M|60/100\n|-ability|p1b: Weezing|Neutralizing Gas\n|move|p2b: Miraidon|Electro Drift|p1b: Weezing\n|-damage|p1b: Weezing|0 fnt\n|faint|p1b: Weezing\n|-end|p1b: Weezing|ability: Neutralizing Gas\n|-activate|p2b: Miraidon|ability: Hadron Engine\n|move|p1a: Calyrex|Astral Barrage|p2a: Landorus|[spread] p2a,p2b\n|-end|p2a: Landorus|Substitute\n|-damage|p2b: Miraidon|0 fnt\n|faint|p2b: Miraidon\n|-ability|p1a: Calyrex|Grim Neigh|boost\n|-boost|p1a: Calyrex|spa|1\n|-damage|p1a: Calyrex|65/100|[from] item: Life Orb\n|move|p2a: Landorus|Earth Power|p1a: Calyrex\n|-damage|p1a: Calyrex|0 fnt\n|faint|p1a: Calyrex\n|\n|-damage|p2a: Landorus|0 fnt|[from] psn\n|faint|p2a: Landorus\n|upkeep\n|inactive|Zorse Mentality has 30 seconds left.\n|\n|t:|1772633098\n|switch|p2b: Incineroar|Incineroar, L50, M|50/100\n|switch|p2a: Calyrex|Calyrex-Ice, L50, tera:Fire|88/100 psn\n|switch|p1b: Tatsugiri|Tatsugiri, L50, M|100/100\n|-ability|p2a: Calyrex|As One\n|-ability|p2a: Calyrex|Unnerve\n|-ability|p2b: Incineroar|Intimidate|boost\n|-unboost|p1b: Tatsugiri|atk|1\n|turn|9\n|-message|Zorse Mentality forfeited.\n|\n|win|Unskilled99\n|raw|Zorse Mentality's rating: 1383 &rarr; <strong>1371</strong><br />(-12 for losing)\n|raw|Unskilled99's rating: 1520 &rarr; <strong>1532</strong><br />(+12 for winning)\n|l|\u2606Zorse Mentality\n|player|p1|\n|l|\u2606Unskilled99\n|player|p2|\n","uploadtime":1772633322,"views":7,"formatid":"gen9vgc2026regi","rating":1371,"private":0,"password":null}