{"id":"gen9vgc2026regi-2568312565","format":"[Gen 9] VGC 2026 Reg I","players":["ExtremeManner","Cellpab1"],"log":"|j|\u2606ExtremeManner\n|j|\u2606Cellpab1\n|t:|1774565362\n|gametype|doubles\n|player|p1|ExtremeManner|candice|1530\n|player|p2|Cellpab1|170|1634\n|gen|9\n|tier|[Gen 9] VGC 2026 Reg I\n|rated|\n|rule|Species Clause: Limit one of each Pok\u00e9mon\n|rule|Item Clause: Limit 1 of each item\n|clearpoke\n|poke|p1|Calyrex-Shadow, L50|\n|poke|p1|Zamazenta-*, L50|\n|poke|p1|Chien-Pao, L50|\n|poke|p1|Raging Bolt, L50|\n|poke|p1|Ogerpon-Cornerstone, L50, F|\n|poke|p1|Amoonguss, L50, F|\n|poke|p2|Calyrex-Ice, L50|\n|poke|p2|Miraidon, L50|\n|poke|p2|Iron Hands, L50|\n|poke|p2|Landorus, L50, M|\n|poke|p2|Farigiraf, L50, F|\n|poke|p2|Incineroar, L50, F|\n|teampreview|4\n|inactive|Battle timer is ON: inactive players will automatically lose when time's up. (requested by Cellpab1)\n|inactive|Cellpab1 has 60 seconds left.\n|inactive|Cellpab1 has 30 seconds left.\n|\n|t:|1774565427\n|teamsize|p1|4\n|teamsize|p2|4\n|start\n|switch|p1a: Zamazenta|Zamazenta-Crowned, L50|100/100\n|switch|p1b: Sean|Chien-Pao, L50|100/100\n|switch|p2a: Calyrex|Calyrex-Ice, L50|100/100\n|switch|p2b: Miraidon|Miraidon, L50|100/100\n|-ability|p2a: Calyrex|As One\n|-ability|p2a: Calyrex|Unnerve\n|-fieldstart|move: Electric Terrain|[from] ability: Hadron Engine|[of] p2b: Miraidon\n|-ability|p1b: Sean|Sword of Ruin\n|-ability|p1a: Zamazenta|Dauntless Shield|boost\n|-boost|p1a: Zamazenta|def|1\n|turn|1\n|inactive|Cellpab1 has 30 seconds left.\n|inactive|Cellpab1 has 20 seconds left.\n|inactive|Cellpab1 has 15 seconds left.\n|inactive|Cellpab1 has 10 seconds left.\n|\n|t:|1774565476\n|-terastallize|p2a: Calyrex|Water\n|move|p2b: Miraidon|Volt Switch|p1b: Sean\n|-damage|p1b: Sean|32/100\n|-damage|p2b: Miraidon|91/100|[from] item: Life Orb\n|\n|t:|1774565500\n|switch|p2b: Iron Hands|Iron Hands, L50|100/100|[from] Volt Switch\n|-activate|p2b: Iron Hands|ability: Quark Drive\n|-start|p2b: Iron Hands|quarkdriveatk\n|move|p1b: Sean|Ice Spinner|p2b: Iron Hands\n|-damage|p2b: Iron Hands|70/100\n|-fieldend|move: Electric Terrain\n|-end|p2b: Iron Hands|Quark Drive\n|move|p1a: Zamazenta|Body Press|p2b: Iron Hands\n|-crit|p2b: Iron Hands\n|-damage|p2b: Iron Hands|0 fnt\n|faint|p2b: Iron Hands\n|-end|p2b: Iron Hands|Quark Drive|[silent]\n|move|p2a: Calyrex|Trick Room|p2a: Calyrex\n|-fieldstart|move: Trick Room|[of] p2a: Calyrex\n|\n|upkeep\n|inactive|Cellpab1 has 30 seconds left.\n|inactive|Cellpab1 has 20 seconds left.\n|inactive|Cellpab1 has 15 seconds left.\n|inactive|Cellpab1 has 10 seconds left.\n|inactive|Cellpab1 has 5 seconds left.\n|\n|t:|1774565551\n|switch|p2b: Incineroar|Incineroar, L50, F|100/100\n|-ability|p2b: Incineroar|Intimidate|boost\n|-unboost|p1a: Zamazenta|atk|1\n|-unboost|p1b: Sean|atk|1\n|turn|2\n|\n|t:|1774565573\n|move|p1a: Zamazenta|Protect|p1a: Zamazenta\n|-singleturn|p1a: Zamazenta|Protect\n|move|p2a: Calyrex|Leech Seed|p1b: Sean\n|-start|p1b: Sean|move: Leech Seed\n|move|p2b: Incineroar|Will-O-Wisp|p1a: Zamazenta\n|-activate|p1a: Zamazenta|move: Protect\n|move|p1b: Sean|Ruination|p2a: Calyrex\n|-damage|p2a: Calyrex|51/100\n|\n|-heal|p2a: Calyrex|57/100|[from] item: Leftovers\n|-damage|p1b: Sean|20/100|[from] Leech Seed|[of] p2a: Calyrex\n|-heal|p2a: Calyrex|67/100|[silent]\n|upkeep\n|turn|3\n|inactive|Cellpab1 has 30 seconds left.\n|\n|t:|1774565598\n|switch|p1b: Amoonguss|Amoonguss, L50, F|100/100\n|move|p2a: Calyrex|Glacial Lance|p1b: Amoonguss|[spread] p1a,p1b\n|-resisted|p1a: Zamazenta\n|-supereffective|p1b: Amoonguss\n|-damage|p1a: Zamazenta|90/100\n|-damage|p1b: Amoonguss|19/100\n|move|p2b: Incineroar|Will-O-Wisp|p1a: Zamazenta\n|-status|p1a: Zamazenta|brn\n|move|p1a: Zamazenta|Body Press|p2b: Incineroar\n|-supereffective|p2b: Incineroar\n|-damage|p2b: Incineroar|52/100\n|-damage|p1a: Zamazenta|74/100 brn|[from] item: Rocky Helmet|[of] p2b: Incineroar\n|\n|-heal|p2a: Calyrex|73/100|[from] item: Leftovers\n|-damage|p1a: Zamazenta|68/100 brn|[from] brn\n|upkeep\n|turn|4\n|inactive|Cellpab1 has 30 seconds left.\n|inactive|Cellpab1 has 20 seconds left.\n|inactive|Cellpab1 has 15 seconds left.\n|inactive|Cellpab1 has 10 seconds left.\n|inactive|Cellpab1 has 5 seconds left.\n|\n|t:|1774565652\n|switch|p1b: Sean|Chien-Pao, L50|20/100\n|-ability|p1b: Sean|Sword of Ruin\n|switch|p2a: Miraidon|Miraidon, L50|91/100\n|-fieldstart|move: Electric Terrain|[from] ability: Hadron Engine|[of] p2a: Miraidon\n|move|p2b: Incineroar|U-turn|p1b: Sean\n|-supereffective|p1b: Sean\n|-damage|p1b: Sean|0 fnt\n|faint|p1b: Sean\n|\n|t:|1774565663\n|switch|p2b: Calyrex|Calyrex-Ice, L50, tera:Water|73/100|[from] U-turn\n|-ability|p2b: Calyrex|As One\n|-ability|p2b: Calyrex|Unnerve\n|move|p1a: Zamazenta|Body Press|p2b: Calyrex\n|-damage|p2b: Calyrex|54/100\n|\n|-heal|p2b: Calyrex|60/100|[from] item: Leftovers\n|-damage|p1a: Zamazenta|62/100 brn|[from] brn\n|upkeep\n|\n|t:|1774565674\n|switch|p1b: Calyrex|Calyrex-Shadow, L50|100/100\n|-ability|p1b: Calyrex|As One\n|-ability|p1b: Calyrex|Unnerve\n|turn|5\n|inactive|Cellpab1 has 30 seconds left.\n|inactive|Cellpab1 has 20 seconds left.\n|inactive|Cellpab1 has 15 seconds left.\n|inactive|Cellpab1 has 10 seconds left.\n|inactive|Cellpab1 has 5 seconds left.\n|\n|t:|1774565725\n|-terastallize|p1b: Calyrex|Ghost\n|move|p1a: Zamazenta|Wide Guard|p1a: Zamazenta\n|-singleturn|p1a: Zamazenta|Wide Guard\n|move|p2b: Calyrex|Leech Seed|p1a: Zamazenta\n|-start|p1a: Zamazenta|move: Leech Seed\n|move|p2a: Miraidon|Electro Drift|p1b: Calyrex\n|-enditem|p1b: Calyrex|Focus Sash\n|-damage|p1b: Calyrex|1/100\n|-damage|p2a: Miraidon|81/100|[from] item: Life Orb\n|move|p1b: Calyrex|Astral Barrage|p2b: Calyrex|[spread] p2a,p2b\n|-damage|p2a: Miraidon|10/100\n|-damage|p2b: Calyrex|16/100\n|\n|-heal|p2b: Calyrex|22/100|[from] item: Leftovers\n|-damage|p1a: Zamazenta|50/100 brn|[from] Leech Seed|[of] p2b: Calyrex\n|-heal|p2b: Calyrex|33/100|[silent]\n|-damage|p1a: Zamazenta|44/100 brn|[from] brn\n|-fieldend|move: Trick Room\n|upkeep\n|turn|6\n|inactive|ExtremeManner has 30 seconds left.\n|inactive|Cellpab1 has 30 seconds left.\n|inactive|ExtremeManner has 20 seconds left.\n|inactive|Cellpab1 has 20 seconds left.\n|inactive|Cellpab1 has 15 seconds left.\n|inactive|Cellpab1 has 10 seconds left.\n|inactive|Cellpab1 has 5 seconds left.\n|\n|t:|1774565777\n|switch|p1a: Amoonguss|Amoonguss, L50, F|52/100\n|move|p2b: Calyrex|Protect|p2b: Calyrex\n|-singleturn|p2b: Calyrex|Protect\n|move|p1b: Calyrex|Astral Barrage|p2b: Calyrex|[spread] p2a\n|-activate|p2b: Calyrex|move: Protect\n|-damage|p2a: Miraidon|0 fnt\n|faint|p2a: Miraidon\n|-ability|p1b: Calyrex|Grim Neigh|boost\n|-boost|p1b: Calyrex|spa|1\n|\n|-heal|p2b: Calyrex|39/100|[from] item: Leftovers\n|upkeep\n|inactive|Cellpab1 has 30 seconds left.\n|inactive|Cellpab1 has 20 seconds left.\n|inactive|Cellpab1 has 15 seconds left.\n|inactive|Cellpab1 has 10 seconds left.\n|inactive|Cellpab1 has 5 seconds left.\n|\n|t:|1774565832\n|switch|p2a: Incineroar|Incineroar, L50, F|52/100\n|-ability|p2a: Incineroar|Intimidate|boost\n|-unboost|p1a: Amoonguss|atk|1\n|-unboost|p1b: Calyrex|atk|1\n|turn|7\n|inactive|Cellpab1 has 30 seconds left.\n|inactive|Cellpab1 has 20 seconds left.\n|inactive|Cellpab1 has 15 seconds left.\n|inactive|Cellpab1 has 10 seconds left.\n|inactive|Cellpab1 has 5 seconds left.\n|\n|t:|1774565887\n|switch|p1a: Zamazenta|Zamazenta-Crowned, L50|44/100 brn\n|move|p1b: Calyrex|Astral Barrage|p2a: Incineroar|[spread] p2a,p2b\n|-resisted|p2a: Incineroar\n|-damage|p2a: Incineroar|0 fnt\n|-damage|p2b: Calyrex|0 fnt\n|faint|p2a: Incineroar\n|faint|p2b: Calyrex\n|\n|win|ExtremeManner\n|raw|ExtremeManner's rating: 1530 &rarr; <strong>1554</strong><br />(+24 for winning)\n|raw|Cellpab1's rating: 1608 &rarr; <strong>1584</strong><br />(-24 for losing)\n|l|\u2606ExtremeManner\n|player|p1|\n|l|\u2606Cellpab1\n|player|p2|\n","uploadtime":1774566086,"views":19,"formatid":"gen9vgc2026regi","rating":1554,"private":0,"password":null}