{"id":"gen9vgc2026regi-2564515425","format":"[Gen 9] VGC 2026 Reg I","players":["useless0o0","chenxiangruxie"],"log":"|j|\u2606useless0o0\n|j|\u2606chenxiangruxie\n|t:|1774155890\n|gametype|doubles\n|player|p1|useless0o0|drayden|1485\n|player|p2|chenxiangruxie|dawn-gen4pt|1536\n|gen|9\n|tier|[Gen 9] VGC 2026 Reg I\n|rated|\n|rule|Species Clause: Limit one of each Pok\u00e9mon\n|rule|Item Clause: Limit 1 of each item\n|clearpoke\n|poke|p1|Incineroar, L50, M|\n|poke|p1|Rillaboom, L50, M|\n|poke|p1|Landorus, L50, M|\n|poke|p1|Smeargle, L50, F|\n|poke|p1|Koraidon, L50|\n|poke|p1|Calyrex-Ice, L50|\n|poke|p2|Tornadus, L50, M|\n|poke|p2|Miraidon, L50|\n|poke|p2|Grimmsnarl, L50, M|\n|poke|p2|Urshifu-*, L50, M|\n|poke|p2|Calyrex-Ice, L50|\n|poke|p2|Landorus-Therian, L50, M|\n|teampreview|4\n|inactive|Battle timer is ON: inactive players will automatically lose when time's up. (requested by useless0o0)\n|inactive|useless0o0 has 60 seconds left.\n|inactive|chenxiangruxie has 60 seconds left.\n|\n|t:|1774155931\n|teamsize|p1|4\n|teamsize|p2|4\n|start\n|switch|p1a: Koraidon|Koraidon, L50|100/100\n|switch|p1b: Landorus|Landorus, L50, M|100/100\n|switch|p2a: Grimmsnarl|Grimmsnarl, L50, M|100/100\n|switch|p2b: Calyrex|Calyrex-Ice, L50|100/100\n|-ability|p2b: Calyrex|As One\n|-ability|p2b: Calyrex|Unnerve\n|-weather|SunnyDay|[from] ability: Orichalcum Pulse|[of] p1a: Koraidon\n|-activate|p1a: Koraidon|Orichalcum Pulse|[source]\n|turn|1\n|\n|t:|1774155949\n|move|p2a: Grimmsnarl|Fake Out|p1a: Koraidon\n|-damage|p1a: Koraidon|89/100\n|cant|p1a: Koraidon|flinch\n|move|p1b: Landorus|Earth Power|p2b: Calyrex\n|-damage|p2b: Calyrex|42/100\n|move|p2b: Calyrex|Glacial Lance|p1a: Koraidon|[spread] p1a,p1b\n|-supereffective|p1a: Koraidon\n|-supereffective|p1b: Landorus\n|-damage|p1a: Koraidon|0 fnt\n|-damage|p1b: Landorus|0 fnt\n|faint|p1a: Koraidon\n|faint|p1b: Landorus\n|-ability|p2b: Calyrex|Chilling Neigh|boost\n|-boost|p2b: Calyrex|atk|2\n|\n|-weather|SunnyDay|[upkeep]\n|-heal|p2b: Calyrex|48/100|[from] item: Leftovers\n|upkeep\n|\n|t:|1774155955\n|switch|p1a: Incineroar|Incineroar, L50, M|100/100\n|switch|p1b: Calyrex|Calyrex-Ice, L50|100/100\n|-ability|p1b: Calyrex|As One\n|-ability|p1b: Calyrex|Unnerve\n|-ability|p1a: Incineroar|Intimidate|boost\n|-unboost|p2a: Grimmsnarl|atk|1\n|-unboost|p2b: Calyrex|atk|1\n|turn|2\n|\n|t:|1774155978\n|move|p2b: Calyrex|Protect|p2b: Calyrex\n|-singleturn|p2b: Calyrex|Protect\n|move|p2a: Grimmsnarl|Parting Shot|p1b: Calyrex\n|-unboost|p1b: Calyrex|atk|1\n|-unboost|p1b: Calyrex|spa|1\n|\n|t:|1774155988\n|switch|p2a: Landorus|Landorus-Therian, L50, M|100/100|[from] Parting Shot\n|-ability|p2a: Landorus|Intimidate|boost\n|-unboost|p1a: Incineroar|atk|1\n|-unboost|p1b: Calyrex|atk|1\n|move|p1a: Incineroar|Flare Blitz|p2b: Calyrex\n|-activate|p2b: Calyrex|move: Protect\n|move|p1b: Calyrex|Glacial Lance|p2a: Landorus|[spread] p2a\n|-activate|p2b: Calyrex|move: Protect\n|-supereffective|p2a: Landorus\n|-damage|p2a: Landorus|0 fnt\n|faint|p2a: Landorus\n|-ability|p1b: Calyrex|Chilling Neigh|boost\n|-boost|p1b: Calyrex|atk|1\n|\n|-weather|SunnyDay|[upkeep]\n|-heal|p2b: Calyrex|54/100|[from] item: Leftovers\n|upkeep\n|\n|t:|1774156004\n|switch|p2a: Grimmsnarl|Grimmsnarl, L50, M|100/100\n|turn|3\n|\n|t:|1774156012\n|move|p2a: Grimmsnarl|Fake Out|p1a: Incineroar\n|-damage|p1a: Incineroar|89/100\n|move|p2b: Calyrex|Iron Defense|p2b: Calyrex\n|-boost|p2b: Calyrex|def|2\n|cant|p1a: Incineroar|flinch\n|move|p1b: Calyrex|Leech Seed|p2b: Calyrex\n|-start|p2b: Calyrex|move: Leech Seed\n|\n|-weather|SunnyDay|[upkeep]\n|-heal|p2b: Calyrex|60/100|[from] item: Leftovers\n|-damage|p2b: Calyrex|48/100|[from] Leech Seed|[of] p1b: Calyrex\n|upkeep\n|turn|4\n|\n|t:|1774156033\n|move|p2a: Grimmsnarl|False Surrender|p1b: Calyrex\n|-supereffective|p1b: Calyrex\n|-damage|p1b: Calyrex|48/100\n|move|p2b: Calyrex|Body Press|p1a: Incineroar\n|-supereffective|p1a: Incineroar\n|-damage|p1a: Incineroar|5/100\n|move|p1a: Incineroar|Flare Blitz|p2b: Calyrex\n|-supereffective|p2b: Calyrex\n|-damage|p2b: Calyrex|17/100\n|-damage|p1a: Incineroar|0 fnt|[from] Recoil\n|faint|p1a: Incineroar\n|move|p1b: Calyrex|Glacial Lance|p2b: Calyrex|[spread] p2a,p2b\n|-resisted|p2b: Calyrex\n|-damage|p2a: Grimmsnarl|46/100\n|-damage|p2b: Calyrex|10/100\n|\n|-weather|SunnyDay|[upkeep]\n|-heal|p2b: Calyrex|16/100|[from] item: Leftovers\n|-heal|p1b: Calyrex|54/100|[from] item: Leftovers\n|-damage|p2b: Calyrex|4/100|[from] Leech Seed|[of] p1b: Calyrex\n|-heal|p1b: Calyrex|65/100|[silent]\n|upkeep\n|turn|5\n|\n|t:|1774156053\n|-terastallize|p2a: Grimmsnarl|Steel\n|-terastallize|p1b: Calyrex|Fairy\n|move|p2b: Calyrex|Protect|p2b: Calyrex\n|-singleturn|p2b: Calyrex|Protect\n|move|p2a: Grimmsnarl|False Surrender|p1b: Calyrex\n|-resisted|p1b: Calyrex\n|-damage|p1b: Calyrex|52/100\n|move|p1b: Calyrex|Trick Room|p1b: Calyrex\n|-fieldstart|move: Trick Room|[of] p1b: Calyrex\n|\n|-weather|none\n|-heal|p1b: Calyrex|58/100|[from] item: Leftovers\n|-heal|p2b: Calyrex|10/100|[from] item: Leftovers\n|-damage|p2b: Calyrex|0 fnt|[from] Leech Seed|[of] p1b: Calyrex\n|-heal|p1b: Calyrex|67/100|[silent]\n|faint|p2b: Calyrex\n|upkeep\n|-message|chenxiangruxie forfeited.\n|\n|win|useless0o0\n|raw|useless0o0's rating: 1485 &rarr; <strong>1508</strong><br />(+23 for winning)\n|raw|chenxiangruxie's rating: 1536 &rarr; <strong>1513</strong><br />(-23 for losing)\n|l|\u2606chenxiangruxie\n|player|p2|\n","uploadtime":1774156206,"views":13,"formatid":"gen9vgc2026regi","rating":1508,"private":0,"password":null}