{"id":"gen9vgc2026regi-2556427835","format":"[Gen 9] VGC 2026 Reg I","players":["EllenJoe2026","501JFW"],"log":"|j|\u2606EllenJoe2026\n|j|\u2606501JFW\n|t:|1773203425\n|gametype|doubles\n|player|p1|EllenJoe2026|265|1647\n|player|p2|501JFW|266|1546\n|gen|9\n|tier|[Gen 9] VGC 2026 Reg I\n|rated|\n|rule|Species Clause: Limit one of each Pok\u00e9mon\n|rule|Item Clause: Limit 1 of each item\n|clearpoke\n|poke|p1|Calyrex-Shadow, L50|\n|poke|p1|Zamazenta-*, L50|\n|poke|p1|Chien-Pao, L50|\n|poke|p1|Dragonite, L50, F|\n|poke|p1|Tornadus, L50, M|\n|poke|p1|Urshifu-*, L50, F|\n|poke|p2|Lunala, L50|\n|poke|p2|Koraidon, L50|\n|poke|p2|Jumpluff, L50, F|\n|poke|p2|Ogerpon-Cornerstone, L50, F|\n|poke|p2|Raging Bolt, L50|\n|poke|p2|Ursaluna, L50, F|\n|teampreview|4\n|inactive|Battle timer is ON: inactive players will automatically lose when time's up. (requested by EllenJoe2026)\n|inactive|EllenJoe2026 has 60 seconds left.\n|inactive|501JFW has 60 seconds left.\n|\n|t:|1773203465\n|teamsize|p1|4\n|teamsize|p2|4\n|start\n|switch|p1a: Tornadus|Tornadus, L50, M, shiny|100/100\n|switch|p1b: Urshifu|Urshifu-Rapid-Strike, L50, F|100/100\n|switch|p2a: Lunala|Lunala, L50, shiny|100/100\n|switch|p2b: Ogerpon|Ogerpon-Cornerstone, L50, F|100/100\n|turn|1\n|inactive|EllenJoe2026 has 30 seconds left.\n|\n|t:|1773203496\n|move|p1b: Urshifu|Surging Strikes|p2a: Lunala\n|-crit|p2a: Lunala\n|-damage|p2a: Lunala|90/100\n|-crit|p2a: Lunala\n|-damage|p2a: Lunala|69/100\n|-crit|p2a: Lunala\n|-damage|p2a: Lunala|49/100\n|-hitcount|p2a: Lunala|3\n|move|p1a: Tornadus|Dark Pulse|p2a: Lunala\n|-supereffective|p2a: Lunala\n|-damage|p2a: Lunala|0 fnt\n|faint|p2a: Lunala\n|move|p2b: Ogerpon|Power Whip|p1b: Urshifu\n|-supereffective|p1b: Urshifu\n|-damage|p1b: Urshifu|0 fnt\n|faint|p1b: Urshifu\n|\n|upkeep\n|l|\u2606501JFW\n|inactive|501JFW disconnected and has a minute to reconnect!\n|player|p2|\n|j|\u2606501JFW\n|inactive|501JFW reconnected and has 35 seconds left.\n|player|p2|501JFW|266|\n|inactive|501JFW has 30 seconds left.\n|\n|t:|1773203524\n|switch|p2a: Koraidon|Koraidon, L50, shiny|100/100\n|switch|p1b: Calyrex|Calyrex-Shadow, L50|100/100\n|-ability|p1b: Calyrex|As One\n|-ability|p1b: Calyrex|Unnerve\n|-weather|SunnyDay|[from] ability: Orichalcum Pulse|[of] p2a: Koraidon\n|-activate|p2a: Koraidon|Orichalcum Pulse|[source]\n|turn|2\n|\n|t:|1773203542\n|move|p1b: Calyrex|Protect|p1b: Calyrex\n|-singleturn|p1b: Calyrex|Protect\n|move|p1a: Tornadus|Rain Dance|p1a: Tornadus\n|-weather|RainDance\n|move|p2a: Koraidon|Shadow Claw|p1b: Calyrex\n|-activate|p1b: Calyrex|move: Protect\n|move|p2b: Ogerpon|Ivy Cudgel|p1a: Tornadus|[anim] Ivy Cudgel Rock\n|-supereffective|p1a: Tornadus\n|-damage|p1a: Tornadus|0 fnt\n|faint|p1a: Tornadus\n|\n|-weather|RainDance|[upkeep]\n|upkeep\n|\n|t:|1773203551\n|switch|p1a: Zamazenta|Zamazenta-Crowned, L50, shiny|100/100\n|-ability|p1a: Zamazenta|Dauntless Shield|boost\n|-boost|p1a: Zamazenta|def|1\n|turn|3\n|inactive|501JFW has 30 seconds left.\n|inactive|501JFW has 20 seconds left.\n|inactive|501JFW has 15 seconds left.\n|inactive|501JFW has 10 seconds left.\n|\n|t:|1773203598\n|-terastallize|p1b: Calyrex|Dark\n|move|p2b: Ogerpon|Spiky Shield|p2b: Ogerpon\n|-singleturn|p2b: Ogerpon|move: Protect\n|move|p1b: Calyrex|Astral Barrage|p2a: Koraidon|[spread] p2a\n|-activate|p2b: Ogerpon|move: Protect\n|-damage|p2a: Koraidon|23/100\n|-damage|p1b: Calyrex|91/100|[from] item: Life Orb\n|move|p2a: Koraidon|Shadow Claw|p1b: Calyrex\n|-resisted|p1b: Calyrex\n|-crit|p1b: Calyrex\n|-damage|p1b: Calyrex|67/100\n|move|p1a: Zamazenta|Body Press|p2a: Koraidon\n|-damage|p2a: Koraidon|0 fnt\n|faint|p2a: Koraidon\n|\n|-weather|RainDance|[upkeep]\n|upkeep\n|\n|t:|1773203601\n|switch|p2a: Ursaluna|Ursaluna, L50, F, shiny|100/100\n|turn|4\n|inactive|EllenJoe2026 has 30 seconds left.\n|inactive|501JFW has 30 seconds left.\n|\n|t:|1773203634\n|move|p1b: Calyrex|Protect|p1b: Calyrex\n|-singleturn|p1b: Calyrex|Protect\n|move|p2a: Ursaluna|Protect|p2a: Ursaluna\n|-singleturn|p2a: Ursaluna|Protect\n|move|p1a: Zamazenta|Body Press|p2b: Ogerpon\n|-supereffective|p2b: Ogerpon\n|-ability|p2b: Ogerpon|Sturdy\n|-damage|p2b: Ogerpon|1/100\n|move|p2b: Ogerpon|Power Whip|p1b: Calyrex\n|-activate|p1b: Calyrex|move: Protect\n|\n|-weather|RainDance|[upkeep]\n|-status|p2a: Ursaluna|brn|[from] item: Flame Orb\n|upkeep\n|turn|5\n|-message|501JFW forfeited.\n|\n|win|EllenJoe2026\n|raw|EllenJoe2026's rating: 1647 &rarr; <strong>1661</strong><br />(+14 for winning)\n|raw|501JFW's rating: 1546 &rarr; <strong>1532</strong><br />(-14 for losing)\n|l|\u2606501JFW\n|player|p2|\n|l|\u2606EllenJoe2026\n|player|p1|\n","uploadtime":1773203812,"views":20,"formatid":"gen9vgc2026regi","rating":1532,"private":0,"password":null}