{"id":"gen9vgc2026regi-2561883834","format":"[Gen 9] VGC 2026 Reg I","players":["GAPDHD","MinatoSeviser"],"log":"|j|\u2606GAPDHD\n|j|\u2606MinatoSeviser\n|t:|1773851793\n|gametype|doubles\n|player|p1|GAPDHD|ruinmaniac|1377\n|player|p2|MinatoSeviser|kukui|1262\n|gen|9\n|tier|[Gen 9] VGC 2026 Reg I\n|rated|\n|rule|Species Clause: Limit one of each Pok\u00e9mon\n|rule|Item Clause: Limit 1 of each item\n|clearpoke\n|poke|p1|Lunala, L50|\n|poke|p1|Groudon, L50|\n|poke|p1|Indeedee-F, L50, F|\n|poke|p1|Incineroar, L50, M|\n|poke|p1|Brute Bonnet, L50|\n|poke|p1|Flutter Mane, L50|\n|poke|p2|Muk-Alola, L50, F|\n|poke|p2|Calyrex-Shadow, L50|\n|poke|p2|Indeedee-F, L50, F|\n|poke|p2|Smeargle, L50, F|\n|poke|p2|Ho-Oh, L50|\n|poke|p2|Cramorant, L50, M|\n|teampreview|4\nGAPDHD has agreed to open team sheets.\nMinatoSeviser has agreed to open team sheets.\n|showteam|p1|Lunala||PowerHerb|ShadowShield|MeteorBeam,MoongeistBeam,WideGuard,TrickRoom||||||50|,,,,,Dark]Groudon||ChoiceBand|Drought|PrecipiceBlades,HeatCrash,RockSlide,HighHorsepower||||||50|,,,,,Fairy]Indeedee-F||RockyHelmet|PsychicSurge|FollowMe,HelpingHand,TrickRoom,DazzlingGleam|||F|||50|,,,,,Water]Incineroar||SafetyGoggles|Intimidate|FakeOut,KnockOff,Taunt,FlareBlitz|||M|||50|,,,,,Water]Brute Bonnet||BoosterEnergy|Protosynthesis|RagePowder,Spore,SuckerPunch,SeedBomb||||||50|,,,,,Fire]Flutter Mane||FocusSash|Protosynthesis|ShadowBall,DazzlingGleam,IcyWind,Protect||||||50|,,,,,Fairy\n|showteam|p2|Muk-Alola||Leftovers|PowerofAlchemy|Substitute,Minimize,KnockOff,DrainPunch|||F|||50|,,,,,Fire]Calyrex-Shadow||LifeOrb|AsOneSpectrier|AstralBarrage,Psychic,Encore,PsychUp||||||50|,,,,,Dark]Indeedee-F||SafetyGoggles|PsychicSurge|Psychic,HelpingHand,FollowMe,FakeOut|||F|||50|,,,,,Fairy]Smeargle||FocusSash|Moody|FakeOut,FollowMe,Endeavor,Spore|||F|||50|,,,,,Ghost]Ho-Oh||CovertCloak|Pressure|PsychUp,Recover,SacredFire,BraveBird||||||50|,,,,,Water]Cramorant||ChoiceScarf|GulpMissile|Surf,FeatherDance,Hurricane,ThroatChop|||M|||50|,,,,,Dark\n|\n|t:|1773851824\n|teamsize|p1|4\n|teamsize|p2|4\n|start\n|switch|p1a: Incineroar|Incineroar, L50, M|100/100\n|switch|p1b: Brute Bonnet|Brute Bonnet, L50|100/100\n|switch|p2a: Kokozaj|Smeargle, L50, F|100/100\n|switch|p2b: Barevn\u00e9 Bl\u00e1to|Muk-Alola, L50, F|100/100\n|-ability|p1a: Incineroar|Intimidate|boost\n|-unboost|p2a: Kokozaj|atk|1\n|-unboost|p2b: Barevn\u00e9 Bl\u00e1to|atk|1\n|-enditem|p1b: Brute Bonnet|Booster Energy\n|-activate|p1b: Brute Bonnet|ability: Protosynthesis|[fromitem]\n|-start|p1b: Brute Bonnet|protosynthesisdef\n|turn|1\n|\n|t:|1773851848\n|move|p2a: Kokozaj|Fake Out|p1b: Brute Bonnet\n|-damage|p1b: Brute Bonnet|99/100\n|move|p1a: Incineroar|Taunt|p2b: Barevn\u00e9 Bl\u00e1to\n|-start|p2b: Barevn\u00e9 Bl\u00e1to|move: Taunt\n|cant|p2b: Barevn\u00e9 Bl\u00e1to|move: Taunt|Substitute\n|cant|p1b: Brute Bonnet|flinch\n|\n|-ability|p2a: Kokozaj|Moody|boost\n|-boost|p2a: Kokozaj|spd|2\n|-unboost|p2a: Kokozaj|def|1\n|upkeep\n|turn|2\n|\n|t:|1773851865\n|switch|p2b: Luigi|Ho-Oh, L50|100/100\n|-ability|p2b: Luigi|Pressure\n|move|p2a: Kokozaj|Follow Me|p2a: Kokozaj\n|-singleturn|p2a: Kokozaj|move: Follow Me\n|move|p1a: Incineroar|Taunt|p2a: Kokozaj\n|-start|p2a: Kokozaj|move: Taunt\n|move|p1b: Brute Bonnet|Spore|p2a: Kokozaj\n|-status|p2a: Kokozaj|slp|[from] move: Spore\n|\n|-ability|p2a: Kokozaj|Moody|boost\n|-boost|p2a: Kokozaj|atk|2\n|-unboost|p2a: Kokozaj|spe|1\n|upkeep\n|turn|3\n|\n|t:|1773851883\n|move|p2b: Luigi|Sacred Fire|p1b: Brute Bonnet\n|-supereffective|p1b: Brute Bonnet\n|-damage|p1b: Brute Bonnet|48/100\n|cant|p2a: Kokozaj|slp\n|move|p1a: Incineroar|Knock Off|p2b: Luigi\n|-damage|p2b: Luigi|47/100\n|-enditem|p2b: Luigi|Covert Cloak|[from] move: Knock Off|[of] p1a: Incineroar\n|move|p1b: Brute Bonnet|Spore|p2b: Luigi\n|-status|p2b: Luigi|slp|[from] move: Spore\n|\n|-ability|p2a: Kokozaj|Moody|boost\n|-boost|p2a: Kokozaj|spd|2\n|-unboost|p2a: Kokozaj|spe|1\n|upkeep\n|turn|4\n|\n|t:|1773851908\n|cant|p2b: Luigi|slp\n|move|p1a: Incineroar|Knock Off|p2a: Kokozaj\n|-enditem|p2a: Kokozaj|Focus Sash\n|-damage|p2a: Kokozaj|1/100 slp\n|-curestatus|p2a: Kokozaj|slp|[msg]\n|move|p2a: Kokozaj|Endeavor|p1a: Incineroar\n|-damage|p1a: Incineroar|1/100\n|move|p1b: Brute Bonnet|Seed Bomb|p2a: Kokozaj\n|-damage|p2a: Kokozaj|0 fnt\n|faint|p2a: Kokozaj\n|\n|upkeep\n|\n|t:|1773851919\n|switch|p2a: Kedluben Na Koni|Calyrex-Shadow, L50|100/100\n|-ability|p2a: Kedluben Na Koni|As One\n|-ability|p2a: Kedluben Na Koni|Unnerve\n|turn|5\n|\n|t:|1773851935\n|-terastallize|p2a: Kedluben Na Koni|Dark\n|move|p1b: Brute Bonnet|Sucker Punch|p2a: Kedluben Na Koni\n|-resisted|p2a: Kedluben Na Koni\n|-damage|p2a: Kedluben Na Koni|80/100\n|move|p2a: Kedluben Na Koni|Astral Barrage|p1b: Brute Bonnet|[spread] p1a,p1b\n|-resisted|p1a: Incineroar\n|-resisted|p1b: Brute Bonnet\n|-damage|p1a: Incineroar|0 fnt\n|-damage|p1b: Brute Bonnet|18/100\n|faint|p1a: Incineroar\n|-ability|p2a: Kedluben Na Koni|Grim Neigh|boost\n|-boost|p2a: Kedluben Na Koni|spa|1\n|-damage|p2a: Kedluben Na Koni|70/100|[from] item: Life Orb\n|cant|p2b: Luigi|slp\n|\n|upkeep\n|\n|t:|1773851945\n|switch|p1a: Lunala|Lunala, L50|100/100\n|turn|6\n|\n|t:|1773851960\n|-terastallize|p1a: Lunala|Dark\n|move|p2a: Kedluben Na Koni|Astral Barrage|p1b: Brute Bonnet|[spread] p1a,p1b\n|-resisted|p1a: Lunala\n|-resisted|p1b: Brute Bonnet\n|-damage|p1a: Lunala|83/100\n|-damage|p1b: Brute Bonnet|0 fnt\n|faint|p1b: Brute Bonnet\n|-end|p1b: Brute Bonnet|Protosynthesis|[silent]\n|-ability|p2a: Kedluben Na Koni|Grim Neigh|boost\n|-boost|p2a: Kedluben Na Koni|spa|1\n|-damage|p2a: Kedluben Na Koni|60/100|[from] item: Life Orb\n|-curestatus|p2b: Luigi|slp|[msg]\n|move|p2b: Luigi|Brave Bird|p1a: Lunala\n|-damage|p1a: Lunala|32/100\n|-damage|p2b: Luigi|25/100|[from] Recoil\n|move|p1a: Lunala|Trick Room|p1a: Lunala\n|-fieldstart|move: Trick Room|[of] p1a: Lunala\n|\n|upkeep\n|\n|t:|1773851965\n|switch|p1b: Groudon|Groudon, L50|100/100\n|-weather|SunnyDay|[from] ability: Drought|[of] p1b: Groudon\n|turn|7\n|\n|t:|1773851996\n|switch|p2b: Barevn\u00e9 Bl\u00e1to|Muk-Alola, L50, F|100/100\n|move|p1b: Groudon|Heat Crash|p2a: Kedluben Na Koni\n|-damage|p2a: Kedluben Na Koni|0 fnt\n|faint|p2a: Kedluben Na Koni\n|move|p1a: Lunala|Meteor Beam||[still]\n|-prepare|p1a: Lunala|Meteor Beam\n|-boost|p1a: Lunala|spa|1\n|-enditem|p1a: Lunala|Power Herb\n|-anim|p1a: Lunala|Meteor Beam|p2b: Barevn\u00e9 Bl\u00e1to|[miss]\n|-miss|p1a: Lunala|p2b: Barevn\u00e9 Bl\u00e1to\n|\n|-weather|SunnyDay|[upkeep]\n|upkeep\n|\n|t:|1773852006\n|switch|p2a: Luigi|Ho-Oh, L50|25/100\n|-ability|p2a: Luigi|Pressure\n|turn|8\n|\n|t:|1773852014\n|move|p2b: Barevn\u00e9 Bl\u00e1to|Knock Off|p1a: Lunala\n|-resisted|p1a: Lunala\n|-damage|p1a: Lunala|24/100\n|move|p1b: Groudon|Heat Crash|p2a: Luigi\n|-resisted|p2a: Luigi\n|-damage|p2a: Luigi|0 fnt\n|faint|p2a: Luigi\n|-ability|p2b: Barevn\u00e9 Bl\u00e1to|Pressure|Power of Alchemy|[from] ability: Power of Alchemy|[of] p2a: Luigi\n|-ability|p2b: Barevn\u00e9 Bl\u00e1to|Pressure\n|move|p1a: Lunala|Moongeist Beam|p2b: Barevn\u00e9 Bl\u00e1to\n|-resisted|p2b: Barevn\u00e9 Bl\u00e1to\n|-damage|p2b: Barevn\u00e9 Bl\u00e1to|64/100\n|\n|-weather|SunnyDay|[upkeep]\n|-heal|p2b: Barevn\u00e9 Bl\u00e1to|70/100|[from] item: Leftovers\n|upkeep\n|turn|9\n|\n|t:|1773852021\n|move|p2b: Barevn\u00e9 Bl\u00e1to|Drain Punch|p1a: Lunala\n|-supereffective|p1a: Lunala\n|-damage|p1a: Lunala|0 fnt\n|-heal|p2b: Barevn\u00e9 Bl\u00e1to|84/100|[from] drain|[of] p1a: Lunala\n|faint|p1a: Lunala\n|move|p1b: Groudon|Heat Crash|p2b: Barevn\u00e9 Bl\u00e1to\n|-crit|p2b: Barevn\u00e9 Bl\u00e1to\n|-damage|p2b: Barevn\u00e9 Bl\u00e1to|0 fnt\n|faint|p2b: Barevn\u00e9 Bl\u00e1to\n|\n|win|GAPDHD\n|raw|GAPDHD's rating: 1377 &rarr; <strong>1391</strong><br />(+14 for winning)\n|raw|MinatoSeviser's rating: 1262 &rarr; <strong>1245</strong><br />(-17 for losing)\n|l|\u2606GAPDHD\n|player|p1|\n|c|\u2606MinatoSeviser|gg\n|l|\u2606MinatoSeviser\n|player|p2|\n","uploadtime":1773852266,"views":10,"formatid":"gen9vgc2026regi","rating":1245,"private":0,"password":null}