{"id":"gen9vgc2026regi-2577931630","format":"[Gen 9] VGC 2026 Reg I","players":["eltutonach","dailong"],"log":"|j|\u2606eltutonach\n|j|\u2606dailong\n|t:|1775622350\n|gametype|doubles\n|player|p1|eltutonach|102|1118\n|player|p2|dailong|169|1227\n|gen|9\n|tier|[Gen 9] VGC 2026 Reg I\n|rated|\n|rule|Species Clause: Limit one of each Pok\u00e9mon\n|rule|Item Clause: Limit 1 of each item\n|clearpoke\n|poke|p1|Cobalion, L50|\n|poke|p1|Whimsicott, L50, F|\n|poke|p1|Kyogre, L50|\n|poke|p1|Calyrex-Ice, L50|\n|poke|p1|Grimmsnarl, L50, M|\n|poke|p1|Indeedee-F, L50, F|\n|poke|p2|Calyrex-Ice, L50|\n|poke|p2|Lunala, L50|\n|poke|p2|Volbeat, L50, M|\n|poke|p2|Urshifu-*, L50, F|\n|poke|p2|Incineroar, L50, F|\n|poke|p2|Rillaboom, L50, F|\n|teampreview|4\n|inactive|Battle timer is ON: inactive players will automatically lose when time's up. (requested by eltutonach)\n|inactive|dailong has 60 seconds left.\n|\n|t:|1775622386\n|teamsize|p1|4\n|teamsize|p2|4\n|start\n|switch|p1a: Cobalion|Cobalion, L50|100/100\n|switch|p1b: Whimsicott|Whimsicott, L50, F|100/100\n|switch|p2a: Volbeat|Volbeat, L50, M|100/100\n|switch|p2b: Urshifu|Urshifu-Rapid-Strike, L50, F|100/100\n|turn|1\n|\n|t:|1775622401\n|-terastallize|p1a: Cobalion|Water\n|move|p2a: Volbeat|Tailwind|p2a: Volbeat\n|-sidestart|p2: dailong|move: Tailwind\n|move|p2b: Urshifu|Surging Strikes|p1a: Cobalion\n|-resisted|p1a: Cobalion\n|-crit|p1a: Cobalion\n|-damage|p1a: Cobalion|90/100\n|-resisted|p1a: Cobalion\n|-crit|p1a: Cobalion\n|-damage|p1a: Cobalion|80/100\n|-resisted|p1a: Cobalion\n|-crit|p1a: Cobalion\n|-damage|p1a: Cobalion|71/100\n|-hitcount|p1a: Cobalion|3\n|move|p1b: Whimsicott|Beat Up|p1a: Cobalion\n|-crit|p1a: Cobalion\n|-damage|p1a: Cobalion|68/100\n|-ability|p1a: Cobalion|Justified|boost\n|-boost|p1a: Cobalion|atk|1\n|-damage|p1a: Cobalion|66/100\n|-ability|p1a: Cobalion|Justified|boost\n|-boost|p1a: Cobalion|atk|1\n|-damage|p1a: Cobalion|63/100\n|-ability|p1a: Cobalion|Justified|boost\n|-boost|p1a: Cobalion|atk|1\n|-damage|p1a: Cobalion|61/100\n|-ability|p1a: Cobalion|Justified|boost\n|-boost|p1a: Cobalion|atk|1\n|-hitcount|p1a: Cobalion|4\n|move|p1a: Cobalion|Stone Edge|p2a: Volbeat|[miss]\n|-miss|p1a: Cobalion|p2a: Volbeat\n|\n|upkeep\n|turn|2\n|inactive|dailong has 30 seconds left.\n|inactive|dailong has 20 seconds left.\n|inactive|dailong has 15 seconds left.\n|\n|t:|1775622443\n|move|p2a: Volbeat|Encore|p1b: Whimsicott\n|-start|p1b: Whimsicott|Encore\n|move|p1b: Whimsicott|Beat Up|p2b: Urshifu\n|-resisted|p2b: Urshifu\n|-damage|p2b: Urshifu|99/100\n|-resisted|p2b: Urshifu\n|-damage|p2b: Urshifu|98/100\n|-resisted|p2b: Urshifu\n|-damage|p2b: Urshifu|97/100\n|-resisted|p2b: Urshifu\n|-damage|p2b: Urshifu|96/100\n|-hitcount|p2b: Urshifu|4\n|move|p2b: Urshifu|Surging Strikes|p1a: Cobalion\n|-resisted|p1a: Cobalion\n|-crit|p1a: Cobalion\n|-damage|p1a: Cobalion|50/100\n|-resisted|p1a: Cobalion\n|-crit|p1a: Cobalion\n|-damage|p1a: Cobalion|39/100\n|-resisted|p1a: Cobalion\n|-crit|p1a: Cobalion\n|-damage|p1a: Cobalion|29/100\n|-hitcount|p1a: Cobalion|3\n|move|p1a: Cobalion|Sacred Sword|p2b: Urshifu\n|-damage|p2b: Urshifu|0 fnt\n|faint|p2b: Urshifu\n|-damage|p1a: Cobalion|19/100|[from] item: Life Orb\n|\n|upkeep\n|inactive|dailong has 30 seconds left.\n|\n|t:|1775622469\n|switch|p2b: Calyrex|Calyrex-Ice, L50|100/100\n|-ability|p2b: Calyrex|As One\n|-ability|p2b: Calyrex|Unnerve\n|turn|3\n|\n|t:|1775622484\n|switch|p1b: Indeedee|Indeedee-F, L50, F|100/100\n|move|p2a: Volbeat|Helping Hand|p2b: Calyrex\n|-singleturn|p2b: Calyrex|Helping Hand|[of] p2a: Volbeat\n|move|p1a: Cobalion|Protect|p1a: Cobalion\n|-singleturn|p1a: Cobalion|Protect\n|move|p2b: Calyrex|Glacial Lance|p1a: Cobalion|[spread] p1b\n|-activate|p1a: Cobalion|move: Protect\n|-enditem|p1b: Indeedee|Focus Sash\n|-damage|p1b: Indeedee|1/100\n|\n|upkeep\n|turn|4\n|\n|t:|1775622503\n|move|p1b: Indeedee|Fake Out|p2b: Calyrex\n|-damage|p2b: Calyrex|94/100\n|move|p2a: Volbeat|Encore|p1a: Cobalion\n|-start|p1a: Cobalion|Encore\n|cant|p2b: Calyrex|flinch\n|move|p1a: Cobalion|Protect||[still]\n|-fail|p1a: Cobalion\n|\n|-sideend|p2: dailong|move: Tailwind\n|upkeep\n|turn|5\n|-message|eltutonach forfeited.\n|\n|win|dailong\n|raw|eltutonach's rating: 1118 &rarr; <strong>1101</strong><br />(-17 for losing)\n|raw|dailong's rating: 1227 &rarr; <strong>1244</strong><br />(+17 for winning)\n|l|\u2606eltutonach\n|player|p1|\n|l|\u2606dailong\n|player|p2|\n","uploadtime":1775622886,"views":4,"formatid":"gen9vgc2026regi","rating":1101,"private":0,"password":null}