{"id":"gen9vgc2026regi-2521972806","format":"[Gen 9] VGC 2026 Reg I","players":["lolzbruh","Schimmli"],"log":"|j|\u2606lolzbruh\n|j|\u2606Schimmli\n|t:|1768846746\n|gametype|doubles\n|player|p1|lolzbruh|1|1271\n|player|p2|Schimmli|265|1525\n|gen|9\n|tier|[Gen 9] VGC 2026 Reg I\n|rated|\n|rule|Species Clause: Limit one of each Pok\u00e9mon\n|rule|Item Clause: Limit 1 of each item\n|clearpoke\n|poke|p1|Calyrex-Shadow, L50|\n|poke|p1|Tropius, L50, M|\n|poke|p1|Raging Bolt, L50|\n|poke|p1|Groudon, L50|\n|poke|p1|Incineroar, L50, M|\n|poke|p1|Tornadus, L50, M|\n|poke|p2|Terapagos, L50, M|\n|poke|p2|Calyrex-Shadow, L50|\n|poke|p2|Flutter Mane, L50|\n|poke|p2|Ogerpon-Cornerstone, L50, F|\n|poke|p2|Incineroar, L50, F|\n|poke|p2|Rillaboom, L50, M|\n|teampreview|4\n|inactive|Battle timer is ON: inactive players will automatically lose when time's up. (requested by lolzbruh)\n|inactive|Schimmli has 60 seconds left.\n|\n|t:|1768846795\n|teamsize|p1|4\n|teamsize|p2|4\n|start\n|switch|p1a: Groudon|Groudon, L50|100/100\n|switch|p1b: Tropius|Tropius, L50, M|100/100\n|switch|p2a: Terapagos|Terapagos, L50, M|100/100\n|switch|p2b: Incineroar|Incineroar, L50, F, shiny|100/100\n|-activate|p2a: Terapagos|ability: Tera Shift\n|detailschange|p2a: Terapagos|Terapagos-Terastal, L50, M\n|-heal|p2a: Terapagos|100/100|[silent]\n|-weather|SunnyDay|[from] ability: Drought|[of] p1a: Groudon\n|-ability|p2b: Incineroar|Intimidate|boost\n|-unboost|p1a: Groudon|atk|1\n|-unboost|p1b: Tropius|atk|1\n|turn|1\n|inactive|lolzbruh has 30 seconds left.\n|\n|t:|1768846820\n|move|p2a: Terapagos|Calm Mind|p2a: Terapagos\n|-boost|p2a: Terapagos|spa|1\n|-boost|p2a: Terapagos|spd|1\n|move|p1a: Groudon|Earthquake|p2a: Terapagos|[spread] p2a,p2b\n|-immune|p1b: Tropius\n|-activate|p2a: Terapagos|ability: Tera Shell\n|-resisted|p2a: Terapagos\n|-supereffective|p2b: Incineroar\n|-damage|p2a: Terapagos|85/100\n|-damage|p2b: Incineroar|35/100\n|move|p2b: Incineroar|Knock Off|p1b: Tropius\n|-damage|p1b: Tropius|66/100\n|-enditem|p1b: Tropius|Sitrus Berry|[from] move: Knock Off|[of] p2b: Incineroar\n|move|p1b: Tropius|Whirlwind|p2a: Terapagos\n|drag|p2a: Calyrex|Calyrex-Shadow, L50|100/100\n|-ability|p2a: Calyrex|As One\n|-ability|p2a: Calyrex|Unnerve\n|\n|-weather|SunnyDay|[upkeep]\n|upkeep\n|turn|2\n|\n|t:|1768846843\n|move|p1b: Tropius|Wide Guard|p1b: Tropius\n|-singleturn|p1b: Tropius|Wide Guard\n|move|p2a: Calyrex|Will-O-Wisp|p1a: Groudon\n|-status|p1a: Groudon|brn\n|move|p1a: Groudon|Earthquake|p2b: Incineroar|[spread] p2a,p2b\n|-activate|p1b: Tropius|move: Wide Guard\n|-supereffective|p2b: Incineroar\n|-crit|p2b: Incineroar\n|-damage|p2a: Calyrex|70/100\n|-damage|p2b: Incineroar|0 fnt\n|faint|p2b: Incineroar\n|\n|-weather|SunnyDay|[upkeep]\n|-damage|p1a: Groudon|95/100 brn|[from] brn\n|upkeep\n|\n|t:|1768846857\n|switch|p2b: Flutter Mane|Flutter Mane, L50|100/100\n|-activate|p2b: Flutter Mane|ability: Protosynthesis\n|-start|p2b: Flutter Mane|protosynthesisspe\n|turn|3\n|\n|t:|1768846868\n|move|p1b: Tropius|Wide Guard|p1b: Tropius\n|-singleturn|p1b: Tropius|Wide Guard\n|move|p2b: Flutter Mane|Moonblast|p1a: Groudon\n|-damage|p1a: Groudon|50/100 brn\n|-unboost|p1a: Groudon|spa|1\n|move|p2a: Calyrex|Disable|p1b: Tropius\n|-start|p1b: Tropius|Disable|Wide Guard\n|move|p1a: Groudon|Earthquake|p2b: Flutter Mane|[spread] p2a,p2b\n|-activate|p1b: Tropius|move: Wide Guard\n|-damage|p2a: Calyrex|39/100\n|-damage|p2b: Flutter Mane|67/100\n|\n|-weather|SunnyDay|[upkeep]\n|-damage|p1a: Groudon|44/100 brn|[from] brn\n|upkeep\n|turn|4\n|inactive|lolzbruh has 30 seconds left.\n|\n|t:|1768846898\n|switch|p1a: Raging Bolt|Raging Bolt, L50|100/100\n|-activate|p1a: Raging Bolt|ability: Protosynthesis\n|-start|p1a: Raging Bolt|protosynthesisspa\n|move|p2b: Flutter Mane|Moonblast|p1a: Raging Bolt\n|-supereffective|p1a: Raging Bolt\n|-damage|p1a: Raging Bolt|49/100\n|-unboost|p1a: Raging Bolt|spa|1\n|move|p2a: Calyrex|Astral Barrage|p1a: Raging Bolt|[spread] p1a,p1b\n|-damage|p1a: Raging Bolt|15/100\n|-damage|p1b: Tropius|23/100\n|move|p1b: Tropius|Leech Seed|p2a: Calyrex|[miss]\n|-miss|p1b: Tropius|p2a: Calyrex\n|\n|-weather|SunnyDay|[upkeep]\n|upkeep\n|turn|5\n|c|\u2606lolzbruh|lucky turn for me\n|inactive|lolzbruh has 30 seconds left.\n|inactive|Schimmli has 30 seconds left.\n|\n|t:|1768846933\n|switch|p1b: Groudon|Groudon, L50|44/100 brn\n|move|p2b: Flutter Mane|Moonblast|p1b: Groudon\n|-damage|p1b: Groudon|6/100 brn\n|-unboost|p1b: Groudon|spa|1\n|move|p2a: Calyrex|Disable||[still]\n|-fail|p2a: Calyrex\n|move|p1a: Raging Bolt|Snarl|p2b: Flutter Mane|[spread] p2a\n|-miss|p1a: Raging Bolt|p2b: Flutter Mane\n|-supereffective|p2a: Calyrex\n|-damage|p2a: Calyrex|0 fnt\n|faint|p2a: Calyrex\n|\n|-weather|none\n|-end|p2b: Flutter Mane|Protosynthesis\n|-end|p1a: Raging Bolt|Protosynthesis\n|-damage|p1b: Groudon|0 fnt|[from] brn\n|faint|p1b: Groudon\n|upkeep\n|-enditem|p2b: Flutter Mane|Booster Energy\n|-activate|p2b: Flutter Mane|ability: Protosynthesis|[fromitem]\n|-start|p2b: Flutter Mane|protosynthesisspe\n|\n|t:|1768846946\n|switch|p2a: Terapagos|Terapagos-Terastal, L50, M|85/100\n|switch|p1b: Calyrex|Calyrex-Shadow, L50|100/100\n|-ability|p1b: Calyrex|As One\n|-ability|p1b: Calyrex|Unnerve\n|turn|6\n|\n|t:|1768846967\n|-terastallize|p1b: Calyrex|Ghost\n|move|p2b: Flutter Mane|Moonblast|p1a: Raging Bolt\n|-supereffective|p1a: Raging Bolt\n|-damage|p1a: Raging Bolt|0 fnt\n|faint|p1a: Raging Bolt\n|-end|p1a: Raging Bolt|Protosynthesis|[silent]\n|move|p1b: Calyrex|Astral Barrage|p2b: Flutter Mane|[spread] p2b\n|-immune|p2a: Terapagos\n|-supereffective|p2b: Flutter Mane\n|-damage|p2b: Flutter Mane|0 fnt\n|faint|p2b: Flutter Mane\n|-end|p2b: Flutter Mane|Protosynthesis|[silent]\n|-ability|p1b: Calyrex|Grim Neigh|boost\n|-boost|p1b: Calyrex|spa|1\n|move|p2a: Terapagos|Calm Mind|p2a: Terapagos\n|-boost|p2a: Terapagos|spa|1\n|-boost|p2a: Terapagos|spd|1\n|\n|-heal|p2a: Terapagos|92/100|[from] item: Leftovers\n|upkeep\n|\n|t:|1768846971\n|switch|p1a: Tropius|Tropius, L50, M|23/100\n|turn|7\n|\n|t:|1768846982\n|move|p1b: Calyrex|Nasty Plot|p1b: Calyrex\n|-boost|p1b: Calyrex|spa|2\n|move|p2a: Terapagos|Tera Starstorm|p1a: Tropius\n|-damage|p1a: Tropius|0 fnt\n|faint|p1a: Tropius\n|\n|-heal|p2a: Terapagos|98/100|[from] item: Leftovers\n|upkeep\n|turn|8\n|\n|t:|1768846988\n|move|p2a: Terapagos|Protect|p2a: Terapagos\n|-singleturn|p2a: Terapagos|Protect\n|move|p1b: Calyrex|Nasty Plot|p1b: Calyrex\n|-boost|p1b: Calyrex|spa|2\n|\n|-heal|p2a: Terapagos|100/100|[from] item: Leftovers\n|upkeep\n|turn|9\n|\n|t:|1768847000\n|-terastallize|p2a: Terapagos|Stellar\n|detailschange|p2a: Terapagos|Terapagos-Stellar, L50, M, tera:Stellar\n|-heal|p2a: Terapagos|100/100|[silent]\n|move|p1b: Calyrex|Solar Beam||[still]\n|-prepare|p1b: Calyrex|Solar Beam\n|move|p2a: Terapagos|Tera Starstorm|p1b: Calyrex\n|-supereffective|p1b: Calyrex\n|-enditem|p1b: Calyrex|Focus Sash\n|-damage|p1b: Calyrex|1/100\n|\n|upkeep\n|turn|10\n|\n|t:|1768847010\n|move|p2a: Terapagos|Protect|p2a: Terapagos\n|-singleturn|p2a: Terapagos|Protect\n|move|p1b: Calyrex|Solar Beam|p2a: Terapagos|[from] lockedmove\n|-activate|p2a: Terapagos|move: Protect\n|\n|upkeep\n|turn|11\n|\n|t:|1768847019\n|move|p1b: Calyrex|Protect|p1b: Calyrex\n|-singleturn|p1b: Calyrex|Protect\n|move|p2a: Terapagos|Tera Starstorm|p1b: Calyrex\n|-activate|p1b: Calyrex|move: Protect\n|\n|upkeep\n|turn|12\n|-message|lolzbruh forfeited.\n|\n|win|Schimmli\n|raw|lolzbruh's rating: 1271 &rarr; <strong>1262</strong><br />(-9 for losing)\n|raw|Schimmli's rating: 1525 &rarr; <strong>1533</strong><br />(+8 for winning)\n|l|\u2606lolzbruh\n|player|p1|\n|l|\u2606Schimmli\n|player|p2|\n","uploadtime":1768847234,"views":20,"formatid":"gen9vgc2026regi","rating":1262,"private":0,"password":null}