{"id":"gen9vgc2026regi-2579481506","format":"[Gen 9] VGC 2026 Reg I","players":["snively3","Crookedseahawk"],"log":"|j|\u2606snively3\n|j|\u2606Crookedseahawk\n|html|<table width=\"100%\"><tr><td align=\"left\">snively3</td><td align=\"right\">Crookedseahawk</tr><tr><td align=\"left\"><i class=\"fa fa-circle-o\"></i> <i class=\"fa fa-circle-o\"></i> </td><td align=\"right\"><i class=\"fa fa-circle-o\"></i> <i class=\"fa fa-circle-o\"></i> </tr></table>\n|uhtml|bestof|<h2><strong>Game 1</strong> of <a href=\"/game-bestof3-gen9vgc2026regi-2579481505\">a best-of-3</a></h2>\n|t:|1775787432\n|gametype|doubles\n|player|p1|snively3|veteran|\n|player|p2|Crookedseahawk|265|\n|gen|9\n|tier|[Gen 9] VGC 2026 Reg I\n|rated|Tournament battle\n|rule|Species Clause: Limit one of each Pok\u00e9mon\n|rule|Item Clause: Limit 1 of each item\n|raw|<div class=\"infobox\"><details class=\"readmore\" open><summary><strong>4 custom rules:</strong></summary> Open Team Sheets, Force Open Team Sheets, !Open Team Sheets, Best of = 3</details></div>\n|clearpoke\n|poke|p1|Miraidon, L50|\n|poke|p1|Koraidon, L50|\n|poke|p1|Flutter Mane, L50|\n|poke|p1|Chi-Yu, L50|\n|poke|p1|Araquanid, L50, F|\n|poke|p1|Ogerpon-Cornerstone, L50, F|\n|poke|p2|Lunala, L50|\n|poke|p2|Ursaluna, L50, M|\n|poke|p2|Urshifu-*, L50, F|\n|poke|p2|Miraidon, L50|\n|poke|p2|Grimmsnarl, L50, M|\n|poke|p2|Incineroar, L50, F|\n|teampreview|4\n|showteam|p1|Miraidon||AssaultVest|HadronEngine|ElectroDrift,VoltSwitch,DracoMeteor,Overheat||||||50|,,,,,Electric]Koraidon||ClearAmulet|OrichalcumPulse|Protect,CollisionCourse,FlareBlitz,FlameCharge||||||50|,,,,,Fire]Flutter Mane||FocusSash|Protosynthesis|Protect,Moonblast,ShadowBall,IcyWind||||||50|,,,,,Stellar]Chi-Yu||ChoiceScarf|BeadsofRuin|HeatWave,DarkPulse,Snarl,Overheat||||||50|,,,,,Ghost]Araquanid||Leftovers|WaterBubble|WideGuard,Infestation,Protect,Liquidation|||F|||50|,,,,,Grass]Ogerpon-Cornerstone||CornerstoneMask|Sturdy|SpikyShield,IvyCudgel,FollowMe,PowerWhip|||F|||50|,,,,,Rock\n|showteam|p2|Lunala||ElectricSeed|ShadowShield|MoongeistBeam,Moonblast,TrickRoom,WideGuard||||||50|,,,,,Fairy]Ursaluna||FlameOrb|Guts|HeadlongRush,Facade,Earthquake,Protect|||M|||50|,,,,,Ghost]Urshifu-Rapid-Strike||ChoiceBand|UnseenFist|SurgingStrikes,Uturn,AquaJet,CloseCombat|||F|||50|,,,,,Ghost]Miraidon||AssaultVest|HadronEngine|ElectroDrift,VoltSwitch,DracoMeteor,Snarl||||||50|,,,,,Electric]Grimmsnarl||LightClay|Prankster|Reflect,SpiritBreak,LightScreen,ThunderWave|||M|||50|,,,,,Ghost]Incineroar||RockyHelmet|Intimidate|FakeOut,PartingShot,WillOWisp,KnockOff|||F|||50|,,,,,Bug\n|inactive|Battle timer is ON: inactive players will automatically lose when time's up. (requested by Crookedseahawk)\n|inactive|snively3 also wants the timer to be on.\n|c|\u2606snively3|glhf\n|c|\u2606Crookedseahawk|u2\n|inactive|snively3 has 60 seconds left.\n|inactive|Crookedseahawk has 60 seconds left.\n|\n|t:|1775787482\n|teamsize|p1|4\n|teamsize|p2|4\n|start\n|switch|p1a: Koraidon|Koraidon, L50, shiny|100/100\n|switch|p1b: Ms. Dreavus|Flutter Mane, L50|100/100\n|switch|p2a: Incineroar|Incineroar, L50, F|100/100\n|switch|p2b: Lunala|Lunala, L50|100/100\n|-weather|SunnyDay|[from] ability: Orichalcum Pulse|[of] p1a: Koraidon\n|-activate|p1b: Ms. Dreavus|ability: Protosynthesis\n|-start|p1b: Ms. Dreavus|protosynthesisspe\n|-activate|p1a: Koraidon|Orichalcum Pulse|[source]\n|-ability|p2a: Incineroar|Intimidate|boost\n|-fail|p1a: Koraidon|unboost|[from] item: Clear Amulet|[of] p1a: Koraidon\n|-unboost|p1b: Ms. Dreavus|atk|1\n|turn|1\n|inactive|snively3 has 30 seconds left.\n|\n|t:|1775787508\n|switch|p1a: Ogerpon-Arsenal|Ogerpon-Cornerstone, L50, F|100/100\n|-terastallize|p2b: Lunala|Fairy\n|move|p2a: Incineroar|Fake Out|p1a: Ogerpon-Arsenal\n|-resisted|p1a: Ogerpon-Arsenal\n|-damage|p1a: Ogerpon-Arsenal|93/100\n|move|p1b: Ms. Dreavus|Shadow Ball|p2b: Lunala\n|-damage|p2b: Lunala|86/100\n|move|p2b: Lunala|Trick Room|p2b: Lunala\n|-fieldstart|move: Trick Room|[of] p2b: Lunala\n|\n|-weather|SunnyDay|[upkeep]\n|upkeep\n|turn|2\n|inactive|snively3 has 30 seconds left.\n|\n|t:|1775787542\n|move|p1b: Ms. Dreavus|Protect|p1b: Ms. Dreavus\n|-singleturn|p1b: Ms. Dreavus|Protect\n|move|p2a: Incineroar|Parting Shot|p1a: Ogerpon-Arsenal\n|-unboost|p1a: Ogerpon-Arsenal|atk|1\n|-unboost|p1a: Ogerpon-Arsenal|spa|1\n|\n|t:|1775787548\n|switch|p2a: Ursaluna|Ursaluna, L50, M|100/100|[from] Parting Shot\n|move|p2b: Lunala|Moongeist Beam|p1b: Ms. Dreavus\n|-activate|p1b: Ms. Dreavus|move: Protect\n|move|p1a: Ogerpon-Arsenal|Power Whip|p2a: Ursaluna\n|-supereffective|p2a: Ursaluna\n|-damage|p2a: Ursaluna|28/100\n|\n|-weather|SunnyDay|[upkeep]\n|-status|p2a: Ursaluna|brn|[from] item: Flame Orb\n|upkeep\n|turn|3\n|\n|t:|1775787568\n|move|p2b: Lunala|Wide Guard|p2b: Lunala\n|-singleturn|p2b: Lunala|Wide Guard\n|move|p1a: Ogerpon-Arsenal|Follow Me|p1a: Ogerpon-Arsenal\n|-singleturn|p1a: Ogerpon-Arsenal|move: Follow Me\n|move|p2a: Ursaluna|Earthquake|p1a: Ogerpon-Arsenal|[spread] p1a,p1b\n|-activate|p2b: Lunala|move: Wide Guard\n|-crit|p1a: Ogerpon-Arsenal\n|-damage|p1a: Ogerpon-Arsenal|0 fnt\n|-enditem|p1b: Ms. Dreavus|Focus Sash\n|-damage|p1b: Ms. Dreavus|1/100\n|faint|p1a: Ogerpon-Arsenal\n|move|p1b: Ms. Dreavus|Moonblast|p2a: Ursaluna\n|-damage|p2a: Ursaluna|0 fnt\n|faint|p2a: Ursaluna\n|\n|-weather|SunnyDay|[upkeep]\n|upkeep\n|\n|t:|1775787584\n|switch|p2a: Incineroar|Incineroar, L50, F|100/100\n|switch|p1a: Miraidon|Miraidon, L50, shiny|100/100\n|-ability|p2a: Incineroar|Intimidate|boost\n|-unboost|p1a: Miraidon|atk|1\n|-unboost|p1b: Ms. Dreavus|atk|1\n|-fieldstart|move: Electric Terrain|[from] ability: Hadron Engine|[of] p1a: Miraidon\n|-enditem|p2b: Lunala|Electric Seed\n|-boost|p2b: Lunala|def|1|[from] item: Electric Seed\n|turn|4\n|\n|t:|1775787604\n|-terastallize|p1a: Miraidon|Electric\n|move|p2a: Incineroar|Fake Out|p1a: Miraidon\n|-damage|p1a: Miraidon|92/100\n|move|p2b: Lunala|Moongeist Beam|p1b: Ms. Dreavus\n|-supereffective|p1b: Ms. Dreavus\n|-damage|p1b: Ms. Dreavus|0 fnt\n|faint|p1b: Ms. Dreavus\n|-end|p1b: Ms. Dreavus|Protosynthesis|[silent]\n|cant|p1a: Miraidon|flinch\n|\n|-weather|SunnyDay|[upkeep]\n|upkeep\n|\n|t:|1775787609\n|switch|p1b: Koraidon|Koraidon, L50, shiny|100/100\n|-activate|p1b: Koraidon|ability: Orichalcum Pulse\n|turn|5\n|inactive|Crookedseahawk has 30 seconds left.\n|\n|t:|1775787640\n|move|p2a: Incineroar|Knock Off|p1a: Miraidon\n|-damage|p1a: Miraidon|62/100\n|-enditem|p1a: Miraidon|Assault Vest|[from] move: Knock Off|[of] p2a: Incineroar\n|move|p2b: Lunala|Moonblast|p1b: Koraidon\n|-supereffective|p1b: Koraidon\n|-damage|p1b: Koraidon|0 fnt\n|faint|p1b: Koraidon\n|move|p1a: Miraidon|Electro Drift|p2b: Lunala\n|-damage|p2b: Lunala|0 fnt\n|faint|p2b: Lunala\n|\n|-weather|none\n|-fieldend|move: Trick Room\n|upkeep\n|\n|t:|1775787655\n|switch|p2b: Miraidon|Miraidon, L50|100/100\n|-activate|p2b: Miraidon|ability: Hadron Engine\n|turn|6\n|\n|t:|1775787666\n|move|p1a: Miraidon|Electro Drift|p2a: Incineroar\n|-crit|p2a: Incineroar\n|-damage|p2a: Incineroar|0 fnt\n|-damage|p1a: Miraidon|45/100|[from] item: Rocky Helmet|[of] p2a: Incineroar\n|faint|p2a: Incineroar\n|move|p2b: Miraidon|Draco Meteor|p1a: Miraidon\n|-damage|p1a: Miraidon|0 fnt\n|-unboost|p2b: Miraidon|spa|2\n|faint|p1a: Miraidon\n|\n|win|Crookedseahawk\n||snively3 is ready for game 2.\n|l|\u2606snively3\n|player|p1|\n|inactive|Crookedseahawk has 30 seconds to confirm battle start!\n||Crookedseahawk is ready for game 2.\n|uhtml|next|Next: <a href=\"/battle-gen9vgc2026regi-2579483684\"><strong>Game 2 of 3</strong></a>\n|j| aurora ltd\n","uploadtime":1775787914,"views":7,"formatid":"gen9vgc2026regi","rating":null,"private":0,"password":null}