{"id":"gen9vgc2026regi-2590016089","format":"[Gen 9] VGC 2026 Reg I","players":["JD Pope","buggybrain"],"log":"|j|\u2606JD Pope\n|j|\u2606buggybrain\n|t:|1776781466\n|gametype|doubles\n|player|p1|JD Pope|101|1504\n|player|p2|buggybrain|hiker-gen4|1543\n|gen|9\n|tier|[Gen 9] VGC 2026 Reg I\n|rated|\n|rule|Species Clause: Limit one of each Pok\u00e9mon\n|rule|Item Clause: Limit 1 of each item\n|clearpoke\n|poke|p1|Iron Bundle, L50|\n|poke|p1|Miraidon, L50|\n|poke|p1|Lunala, L50|\n|poke|p1|Iron Hands, L50|\n|poke|p1|Ogerpon-Hearthflame, L50, F|\n|poke|p1|Landorus, L50, M|\n|poke|p2|Zacian-*, L50|\n|poke|p2|Regidrago, L50|\n|poke|p2|Smeargle, L50, M|\n|poke|p2|Tornadus, L50, M|\n|poke|p2|Groudon, L50|\n|poke|p2|Ditto, L50|\n|teampreview|4\n|\n|t:|1776781494\n|teamsize|p1|4\n|teamsize|p2|4\n|start\n|switch|p1a: Iron Bundle|Iron Bundle, L50|100/100\n|switch|p1b: Miraidon|Miraidon, L50|100/100\n|switch|p2a: Tornadus|Tornadus, L50, M|100/100\n|switch|p2b: Zacian|Zacian-Crowned, L50|100/100\n|-ability|p2b: Zacian|Intrepid Sword|boost\n|-boost|p2b: Zacian|atk|1\n|-fieldstart|move: Electric Terrain|[from] ability: Hadron Engine|[of] p1b: Miraidon\n|-activate|p1a: Iron Bundle|ability: Quark Drive\n|-start|p1a: Iron Bundle|quarkdrivespe\n|turn|1\n|\n|t:|1776781513\n|switch|p1b: Ogerpon|Ogerpon-Hearthflame, L50, F|100/100\n|-ability|p1b: Ogerpon|Mold Breaker\n|move|p2a: Tornadus|Protect|p2a: Tornadus\n|-singleturn|p2a: Tornadus|Protect\n|move|p2b: Zacian|Protect|p2b: Zacian\n|-singleturn|p2b: Zacian|Protect\n|move|p1a: Iron Bundle|Icy Wind|p2a: Tornadus|[spread] \n|-activate|p2a: Tornadus|move: Protect\n|-activate|p2b: Zacian|move: Protect\n|\n|upkeep\n|turn|2\n|\n|t:|1776781538\n|-terastallize|p1b: Ogerpon|Fire\n|detailschange|p1b: Ogerpon|Ogerpon-Hearthflame-Tera, L50, F, tera:Fire\n|-ability|p1b: Ogerpon|Embody Aspect (Hearthflame)|boost\n|-boost|p1b: Ogerpon|atk|1\n|move|p2a: Tornadus|Tailwind|p2a: Tornadus\n|-sidestart|p2: buggybrain|move: Tailwind\n|move|p2b: Zacian|Behemoth Blade|p1a: Iron Bundle\n|-enditem|p1a: Iron Bundle|Focus Sash\n|-damage|p1a: Iron Bundle|1/100\n|move|p1a: Iron Bundle|Icy Wind|p2b: Zacian|[spread] p2a,p2b\n|-supereffective|p2a: Tornadus\n|-resisted|p2b: Zacian\n|-damage|p2a: Tornadus|51/100\n|-damage|p2b: Zacian|90/100\n|-unboost|p2a: Tornadus|spe|1\n|-unboost|p2b: Zacian|spe|1\n|move|p1b: Ogerpon|Ivy Cudgel|p2b: Zacian|[anim] Ivy Cudgel Fire\n|-supereffective|p2b: Zacian\n|-damage|p2b: Zacian|0 fnt\n|faint|p2b: Zacian\n|\n|upkeep\n|\n|t:|1776781555\n|switch|p2b: Groudon|Groudon, L50|100/100\n|-weather|SunnyDay|[from] ability: Drought|[of] p2b: Groudon\n|turn|3\n|\n|t:|1776781562\n|-terastallize|p2b: Groudon|Fire\n|move|p2a: Tornadus|Protect|p2a: Tornadus\n|-singleturn|p2a: Tornadus|Protect\n|move|p1b: Ogerpon|Spiky Shield|p1b: Ogerpon\n|-singleturn|p1b: Ogerpon|move: Protect\n|move|p1a: Iron Bundle|Icy Wind|p2a: Tornadus|[spread] p2b\n|-activate|p2a: Tornadus|move: Protect\n|-resisted|p2b: Groudon\n|-damage|p2b: Groudon|94/100\n|-unboost|p2b: Groudon|spe|1\n|move|p2b: Groudon|Precipice Blades|p1a: Iron Bundle|[spread] \n|-activate|p1b: Ogerpon|move: Protect\n|-miss|p2b: Groudon|p1a: Iron Bundle\n|\n|-weather|SunnyDay|[upkeep]\n|upkeep\n|turn|4\n|\n|t:|1776781582\n|move|p1a: Iron Bundle|Icy Wind|p2a: Tornadus|[spread] p2b\n|-miss|p1a: Iron Bundle|p2a: Tornadus\n|-resisted|p2b: Groudon\n|-damage|p2b: Groudon|87/100\n|-unboost|p2b: Groudon|spe|1\n|move|p2a: Tornadus|Bleakwind Storm|p1b: Ogerpon|[spread] p1a\n|-miss|p2a: Tornadus|p1b: Ogerpon\n|-damage|p1a: Iron Bundle|0 fnt\n|faint|p1a: Iron Bundle\n|-end|p1a: Iron Bundle|Quark Drive|[silent]\n|move|p1b: Ogerpon|Ivy Cudgel|p2b: Groudon|[anim] Ivy Cudgel Fire\n|-resisted|p2b: Groudon\n|-damage|p2b: Groudon|28/100\n|move|p2b: Groudon|Precipice Blades|p1b: Ogerpon\n|-supereffective|p1b: Ogerpon\n|-damage|p1b: Ogerpon|0 fnt\n|faint|p1b: Ogerpon\n|detailschange|p1: Ogerpon|Ogerpon-Hearthflame, L50, F|[silent]\n|\n|-weather|SunnyDay|[upkeep]\n|upkeep\n|\n|t:|1776781597\n|switch|p1a: Miraidon|Miraidon, L50|100/100\n|switch|p1b: Lunala|Lunala, L50|100/100\n|-activate|p1a: Miraidon|ability: Hadron Engine\n|-enditem|p1b: Lunala|Electric Seed\n|-boost|p1b: Lunala|def|1|[from] item: Electric Seed\n|turn|5\n|\n|t:|1776781614\n|switch|p2b: Smeargle|Smeargle, L50, M|100/100\n|move|p2a: Tornadus|Protect|p2a: Tornadus\n|-singleturn|p2a: Tornadus|Protect\n|move|p1a: Miraidon|Electro Drift|p2b: Smeargle\n|-enditem|p2b: Smeargle|Focus Sash\n|-damage|p2b: Smeargle|1/100\n|move|p1b: Lunala|Moongeist Beam|p2a: Tornadus\n|-activate|p2a: Tornadus|move: Protect\n|\n|-weather|SunnyDay|[upkeep]\n|-sideend|p2: buggybrain|move: Tailwind\n|-fieldend|move: Electric Terrain\n|-ability|p2b: Smeargle|Moody|boost\n|-boost|p2b: Smeargle|spd|2\n|-unboost|p2b: Smeargle|def|1\n|upkeep\n|turn|6\n|\n|t:|1776781641\n|move|p2a: Tornadus|Tailwind|p2a: Tornadus\n|-sidestart|p2: buggybrain|move: Tailwind\n|move|p2b: Smeargle|Spore|p1b: Lunala\n|-status|p1b: Lunala|slp|[from] move: Spore\n|move|p1a: Miraidon|Electro Drift|p2a: Tornadus\n|-supereffective|p2a: Tornadus\n|-damage|p2a: Tornadus|0 fnt\n|faint|p2a: Tornadus\n|cant|p1b: Lunala|slp\n|\n|-weather|SunnyDay|[upkeep]\n|-ability|p2b: Smeargle|Moody|boost\n|-boost|p2b: Smeargle|spe|2\n|-unboost|p2b: Smeargle|def|1\n|upkeep\n|\n|t:|1776781652\n|switch|p2a: Groudon|Groudon, L50, tera:Fire|28/100\n|turn|7\n|\n|t:|1776781670\n|cant|p1b: Lunala|slp\n|move|p2b: Smeargle|Decorate|p2a: Groudon\n|-boost|p2a: Groudon|atk|2\n|-boost|p2a: Groudon|spa|2\n|move|p2a: Groudon|Precipice Blades|p1a: Miraidon|[spread] p1a,p1b\n|-supereffective|p1a: Miraidon\n|-damage|p1a: Miraidon|0 fnt\n|-damage|p1b: Lunala|70/100 slp\n|faint|p1a: Miraidon\n|\n|-weather|none\n|-ability|p2b: Smeargle|Moody|boost\n|-boost|p2b: Smeargle|spa|2\n|-unboost|p2b: Smeargle|atk|1\n|upkeep\n|turn|8\n|\n|t:|1776781702\n|move|p2b: Smeargle|Decorate|p2a: Groudon\n|-boost|p2a: Groudon|atk|2\n|-boost|p2a: Groudon|spa|2\n|move|p2a: Groudon|High Horsepower|p1b: Lunala\n|-damage|p1b: Lunala|0 fnt\n|faint|p1b: Lunala\n|\n|win|buggybrain\n|raw|JD Pope's rating: 1504 &rarr; <strong>1486</strong><br />(-18 for losing)\n|raw|buggybrain's rating: 1543 &rarr; <strong>1561</strong><br />(+18 for winning)\n|l|\u2606JD Pope\n|player|p1|\n|l|\u2606buggybrain\n|player|p2|\n","uploadtime":1776781864,"views":13,"formatid":"gen9vgc2026regi","rating":1486,"private":0,"password":null}