{"id":"gen9vgc2026regi-2564100255","format":"[Gen 9] VGC 2026 Reg I","players":["LeanMac","I\u2764\ufe0f\u5a1c\u7984Forever"],"log":"|j|\u2606LeanMac\n|j|\u2606I\u2764\ufe0f\u5a1c\u7984Forever\n|t:|1774109802\n|gametype|doubles\n|player|p1|LeanMac|zinnia-masters|1292\n|player|p2|I\u2764\ufe0f\u5a1c\u7984Forever|youngcouple-gen4dp|1401\n|gen|9\n|tier|[Gen 9] VGC 2026 Reg I\n|rated|\n|rule|Species Clause: Limit one of each Pok\u00e9mon\n|rule|Item Clause: Limit 1 of each item\n|clearpoke\n|poke|p1|Sableye, L50, M|\n|poke|p1|Lugia, L50|\n|poke|p1|Comfey, L50, F|\n|poke|p1|Kyogre, L50|\n|poke|p1|Thundurus, L50, M|\n|poke|p1|Gallade, L50, M|\n|poke|p2|Groudon, L50|\n|poke|p2|Kyurem-White, L50|\n|poke|p2|Heatran, L50, F|\n|poke|p2|Whimsicott, L50, M|\n|poke|p2|Ditto, L50|\n|poke|p2|Flutter Mane, L50|\n|teampreview|4\n|inactive|Battle timer is ON: inactive players will automatically lose when time's up. (requested by LeanMac)\n|\n|t:|1774109831\n|teamsize|p1|4\n|teamsize|p2|4\n|start\n|switch|p1a: Sableye|Sableye, L50, M, shiny|100/100\n|switch|p1b: Lugia|Lugia, L50, shiny|100/100\n|switch|p2a: Kyurem|Kyurem-White, L50|100/100\n|switch|p2b: Flutter Mane|Flutter Mane, L50|100/100\n|-ability|p2a: Kyurem|Turboblaze\n|turn|1\n|inactive|LeanMac has 30 seconds left.\n|\n|t:|1774109859\n|-terastallize|p1b: Lugia|Fairy\n|move|p1a: Sableye|Light Screen|p1a: Sableye\n|-sidestart|p1: LeanMac|move: Light Screen\n|move|p2b: Flutter Mane|Dazzling Gleam|p1a: Sableye|[spread] p1a,p1b\n|-supereffective|p1a: Sableye\n|-damage|p1a: Sableye|29/100\n|-damage|p1b: Lugia|92/100\n|move|p1b: Lugia|Calm Mind|p1b: Lugia\n|-boost|p1b: Lugia|spa|1\n|-boost|p1b: Lugia|spd|1\n|move|p2a: Kyurem|Blizzard|p1b: Lugia|[spread] p1a,p1b\n|-crit|p1b: Lugia\n|-damage|p1a: Sableye|0 fnt\n|-damage|p1b: Lugia|54/100\n|-status|p1b: Lugia|frz\n|faint|p1a: Sableye\n|\n|upkeep\n|\n|t:|1774109873\n|switch|p1a: Comfey|Comfey, L50, F, shiny|100/100\n|turn|2\n|\n|t:|1774109885\n|move|p1a: Comfey|Floral Healing|p1b: Lugia\n|-heal|p1b: Lugia|100/100 frz\n|move|p2b: Flutter Mane|Dazzling Gleam|p1a: Comfey|[spread] p1a,p1b\n|-damage|p1a: Comfey|74/100\n|-damage|p1b: Lugia|95/100 frz\n|cant|p1b: Lugia|frz\n|move|p2a: Kyurem|Blizzard|p1a: Comfey|[spread] p1a,p1b\n|-damage|p1a: Comfey|38/100\n|-damage|p1b: Lugia|84/100 frz\n|-enditem|p1a: Comfey|Sitrus Berry|[eat]\n|-heal|p1a: Comfey|63/100|[from] item: Sitrus Berry\n|\n|upkeep\n|turn|3\n|\n|t:|1774109901\n|move|p1a: Comfey|Draining Kiss|p2a: Kyurem\n|-supereffective|p2a: Kyurem\n|-damage|p2a: Kyurem|76/100\n|-heal|p1a: Comfey|89/100|[from] drain|[of] p2a: Kyurem\n|move|p2b: Flutter Mane|Dazzling Gleam|p1b: Lugia|[spread] p1a,p1b\n|-damage|p1a: Comfey|64/100\n|-damage|p1b: Lugia|73/100 frz\n|-curestatus|p1b: Lugia|frz|[msg]\n|move|p1b: Lugia|Aeroblast|p2a: Kyurem\n|-damage|p2a: Kyurem|41/100\n|move|p2a: Kyurem|Blizzard|p1b: Lugia|[spread] p1b\n|-miss|p2a: Kyurem|p1a: Comfey\n|-enditem|p2a: Kyurem|Blunder Policy\n|-boost|p2a: Kyurem|spe|2\n|-damage|p1b: Lugia|60/100\n|\n|upkeep\n|turn|4\n|inactive|LeanMac has 30 seconds left.\n|inactive|I\u2764\ufe0f\u5a1c\u7984Forever has 30 seconds left.\n|\n|t:|1774109927\n|switch|p2a: Groudon|Groudon, L50|100/100\n|-weather|SunnyDay|[from] ability: Drought|[of] p2a: Groudon\n|-activate|p2b: Flutter Mane|ability: Protosynthesis\n|-start|p2b: Flutter Mane|protosynthesisspa\n|move|p1b: Lugia|Protect|p1b: Lugia\n|-singleturn|p1b: Lugia|Protect\n|move|p1a: Comfey|Draining Kiss|p2a: Groudon\n|-damage|p2a: Groudon|91/100\n|-heal|p1a: Comfey|73/100|[from] drain|[of] p2a: Groudon\n|move|p2b: Flutter Mane|Dazzling Gleam|p1b: Lugia|[spread] p1a\n|-activate|p1b: Lugia|move: Protect\n|-damage|p1a: Comfey|40/100\n|\n|-weather|SunnyDay|[upkeep]\n|upkeep\n|turn|5\n|inactive|LeanMac has 30 seconds left.\n|inactive|LeanMac has 20 seconds left.\n|\n|t:|1774109966\n|move|p1a: Comfey|Floral Healing|p1b: Lugia\n|-heal|p1b: Lugia|100/100\n|move|p2b: Flutter Mane|Dazzling Gleam|p1b: Lugia|[spread] p1a,p1b\n|-damage|p1a: Comfey|7/100\n|-damage|p1b: Lugia|94/100\n|move|p1b: Lugia|Aeroblast|p2a: Groudon|[miss]\n|-miss|p1b: Lugia|p2a: Groudon\n|move|p2a: Groudon|Iron Head|p1a: Comfey\n|-supereffective|p1a: Comfey\n|-damage|p1a: Comfey|0 fnt\n|faint|p1a: Comfey\n|\n|-weather|SunnyDay|[upkeep]\n|upkeep\n|\n|t:|1774109974\n|switch|p1a: Kyogre|Kyogre, L50, shiny|100/100\n|-weather|RainDance|[from] ability: Drizzle|[of] p1a: Kyogre\n|-end|p2b: Flutter Mane|Protosynthesis\n|turn|6\n|inactive|LeanMac has 30 seconds left.\n|inactive|I\u2764\ufe0f\u5a1c\u7984Forever has 30 seconds left.\n|inactive|I\u2764\ufe0f\u5a1c\u7984Forever has 20 seconds left.\n|inactive|I\u2764\ufe0f\u5a1c\u7984Forever has 15 seconds left.\n|inactive|I\u2764\ufe0f\u5a1c\u7984Forever has 10 seconds left.\n|\n|t:|1774110024\n|switch|p2a: Kyurem|Kyurem-White, L50|41/100\n|-ability|p2a: Kyurem|Turboblaze\n|move|p1a: Kyogre|Water Spout|p2a: Kyurem|[spread] p2a,p2b\n|-resisted|p2a: Kyurem\n|-damage|p2a: Kyurem|4/100\n|-damage|p2b: Flutter Mane|22/100\n|move|p2b: Flutter Mane|Dazzling Gleam|p1b: Lugia|[spread] p1a,p1b\n|-damage|p1a: Kyogre|77/100\n|-damage|p1b: Lugia|84/100\n|move|p1b: Lugia|Calm Mind|p1b: Lugia\n|-boost|p1b: Lugia|spa|1\n|-boost|p1b: Lugia|spd|1\n|\n|-weather|RainDance|[upkeep]\n|upkeep\n|turn|7\n|\n|t:|1774110047\n|switch|p2a: Groudon|Groudon, L50|91/100\n|-weather|SunnyDay|[from] ability: Drought|[of] p2a: Groudon\n|-activate|p2b: Flutter Mane|ability: Protosynthesis\n|-start|p2b: Flutter Mane|protosynthesisspa\n|move|p1a: Kyogre|Water Spout|p2a: Groudon|[spread] p2a,p2b\n|-supereffective|p2a: Groudon\n|-damage|p2a: Groudon|65/100\n|-damage|p2b: Flutter Mane|0 fnt\n|faint|p2b: Flutter Mane\n|-end|p2b: Flutter Mane|Protosynthesis|[silent]\n|move|p1b: Lugia|Calm Mind|p1b: Lugia\n|-boost|p1b: Lugia|spa|1\n|-boost|p1b: Lugia|spd|1\n|\n|-weather|SunnyDay|[upkeep]\n|upkeep\n|\n|t:|1774110063\n|switch|p2b: Kyurem|Kyurem-White, L50|4/100\n|-ability|p2b: Kyurem|Turboblaze\n|turn|8\n|\n|t:|1774110073\n|switch|p2a: Ditto|Ditto, L50|100/100\n|-transform|p2a: Ditto|p1b: Lugia|[from] ability: Imposter\n|move|p1a: Kyogre|Water Spout|p2b: Kyurem|[spread] p2a,p2b\n|-resisted|p2b: Kyurem\n|-damage|p2a: Ditto|97/100\n|-damage|p2b: Kyurem|0 fnt\n|faint|p2b: Kyurem\n|move|p1b: Lugia|Aeroblast|p2a: Ditto\n|-damage|p2a: Ditto|75/100\n|\n|-weather|SunnyDay|[upkeep]\n|-sideend|p1: LeanMac|move: Light Screen\n|upkeep\n|\n|t:|1774110085\n|switch|p2b: Groudon|Groudon, L50|65/100\n|-start|p2a: Ditto|typechange|Psychic/Flying|[silent]\n|turn|9\n|\n|t:|1774110104\n|-terastallize|p2b: Groudon|Water\n|move|p1a: Kyogre|Water Spout|p2b: Groudon|[spread] p2a,p2b\n|-resisted|p2b: Groudon\n|-damage|p2a: Ditto|68/100\n|-damage|p2b: Groudon|59/100\n|move|p2a: Ditto|Calm Mind|p2a: Ditto\n|-boost|p2a: Ditto|spa|1\n|-boost|p2a: Ditto|spd|1\n|move|p1b: Lugia|Aeroblast|p2b: Groudon\n|-damage|p2b: Groudon|16/100\n|move|p2b: Groudon|Precipice Blades|p1a: Kyogre|[spread] p1a,p1b\n|-damage|p1a: Kyogre|20/100\n|-damage|p1b: Lugia|53/100\n|\n|-weather|SunnyDay|[upkeep]\n|upkeep\n|turn|10\n|inactive|I\u2764\ufe0f\u5a1c\u7984Forever has 30 seconds left.\n|\n|t:|1774110131\n|move|p1a: Kyogre|Water Spout|p2a: Ditto|[spread] p2a,p2b\n|-resisted|p2b: Groudon\n|-damage|p2a: Ditto|68/100\n|-damage|p2b: Groudon|15/100\n|move|p2a: Ditto|Aeroblast|p1b: Lugia\n|-damage|p1b: Lugia|34/100\n|move|p1b: Lugia|Aeroblast|p2a: Ditto\n|-damage|p2a: Ditto|50/100\n|move|p2b: Groudon|Precipice Blades|p1b: Lugia|[spread] p1b\n|-miss|p2b: Groudon|p1a: Kyogre\n|-damage|p1b: Lugia|3/100\n|\n|-weather|SunnyDay|[upkeep]\n|upkeep\n|turn|11\n|\n|t:|1774110151\n|move|p1a: Kyogre|Water Spout|p2b: Groudon|[spread] p2b\n|-miss|p1a: Kyogre|p2a: Ditto\n|-resisted|p2b: Groudon\n|-damage|p2b: Groudon|14/100\n|move|p2a: Ditto|Aeroblast|p1b: Lugia\n|-damage|p1b: Lugia|0 fnt\n|faint|p1b: Lugia\n|move|p2b: Groudon|Precipice Blades|p1a: Kyogre\n|-damage|p1a: Kyogre|0 fnt\n|faint|p1a: Kyogre\n|\n|win|I\u2764\ufe0f\u5a1c\u7984Forever\n|raw|LeanMac's rating: 1292 &rarr; <strong>1275</strong><br />(-17 for losing)\n|raw|I\u2764\ufe0f\u5a1c\u7984Forever's rating: 1401 &rarr; <strong>1415</strong><br />(+14 for winning)\n|l|\u2606I\u2764\ufe0f\u5a1c\u7984Forever\n|player|p2|\n|c|\u2606LeanMac|ditto gimmick goob tech fairs brah\n","uploadtime":1774110171,"views":78,"formatid":"gen9vgc2026regi","rating":1275,"private":0,"password":null}