{"id":"gen9vgc2026regi-2570189416","format":"[Gen 9] VGC 2026 Reg I","players":["chenxiangruxie","slimeslatt252"],"log":"|j|\u2606chenxiangruxie\n|j|\u2606slimeslatt252\n|t:|1774786119\n|gametype|doubles\n|player|p1|chenxiangruxie|dawn-gen4pt|1549\n|player|p2|slimeslatt252|102|1493\n|gen|9\n|tier|[Gen 9] VGC 2026 Reg I\n|rated|\n|rule|Species Clause: Limit one of each Pok\u00e9mon\n|rule|Item Clause: Limit 1 of each item\n|clearpoke\n|poke|p1|Zacian-*, L50|\n|poke|p1|Raging Bolt, L50|\n|poke|p1|Tornadus, L50, M|\n|poke|p1|Chien-Pao, L50|\n|poke|p1|Kyogre, L50|\n|poke|p1|Grimmsnarl, L50, M|\n|poke|p2|Calyrex-Shadow, L50|\n|poke|p2|Koraidon, L50|\n|poke|p2|Incineroar, L50, M|\n|poke|p2|Raging Bolt, L50|\n|poke|p2|Brute Bonnet, L50|\n|poke|p2|Landorus, L50, M|\n|teampreview|4\n|inactive|Battle timer is ON: inactive players will automatically lose when time's up. (requested by slimeslatt252)\n|j| AndyWen\n|\n|t:|1774786149\n|teamsize|p1|4\n|teamsize|p2|4\n|start\n|switch|p1a: Tornadus|Tornadus, L50, M|100/100\n|switch|p1b: Grimmsnarl|Grimmsnarl, L50, M|100/100\n|switch|p2a: Brute Bonnet|Brute Bonnet, L50|100/100\n|switch|p2b: raging dingus|Raging Bolt, L50|100/100\n|turn|1\n|\n|t:|1774786169\n|-terastallize|p2a: Brute Bonnet|Water\n|move|p1b: Grimmsnarl|Fake Out|p2b: raging dingus\n|-damage|p2b: raging dingus|90/100\n|move|p1a: Tornadus|Bleakwind Storm|p2a: Brute Bonnet|[spread] p2a,p2b\n|-resisted|p2b: raging dingus\n|-damage|p2a: Brute Bonnet|69/100\n|-damage|p2b: raging dingus|79/100\n|-unboost|p2b: raging dingus|spe|1\n|move|p2a: Brute Bonnet|Spore|p1a: Tornadus\n|-status|p1a: Tornadus|slp|[from] move: Spore\n|cant|p2b: raging dingus|flinch\n|\n|upkeep\n|turn|2\n|\n|t:|1774786190\n|cant|p1a: Tornadus|slp\n|move|p1b: Grimmsnarl|False Surrender|p2b: raging dingus\n|-damage|p2b: raging dingus|44/100\n|move|p2a: Brute Bonnet|Spore|p1b: Grimmsnarl\n|-status|p1b: Grimmsnarl|slp|[from] move: Spore\n|move|p2b: raging dingus|Volt Switch|p1a: Tornadus\n|-supereffective|p1a: Tornadus\n|-enditem|p1a: Tornadus|Focus Sash\n|-damage|p1a: Tornadus|1/100 slp\n|\n|t:|1774786201\n|-end|p2b: raging dingus|Protosynthesis|[silent]\n|switch|p2b: Calyrex|Calyrex-Shadow, L50|100/100|[from] Volt Switch\n|-ability|p2b: Calyrex|As One\n|-ability|p2b: Calyrex|Unnerve\n|\n|upkeep\n|turn|3\n|\n|t:|1774786216\n|-terastallize|p1a: Tornadus|Normal\n|move|p2b: Calyrex|Astral Barrage|p1a: Tornadus|[spread] p1b\n|-immune|p1a: Tornadus\n|-resisted|p1b: Grimmsnarl\n|-crit|p1b: Grimmsnarl\n|-damage|p1b: Grimmsnarl|52/100 slp\n|cant|p1a: Tornadus|slp\n|cant|p1b: Grimmsnarl|slp\n|move|p2a: Brute Bonnet|Seed Bomb|p1b: Grimmsnarl\n|-damage|p1b: Grimmsnarl|8/100 slp\n|\n|upkeep\n|turn|4\n|\n|t:|1774786237\n|-curestatus|p1a: Tornadus|slp|[msg]\n|move|p1a: Tornadus|Tailwind|p1a: Tornadus\n|-sidestart|p1: chenxiangruxie|move: Tailwind\n|-curestatus|p1b: Grimmsnarl|slp|[msg]\n|move|p1b: Grimmsnarl|Sucker Punch|p2b: Calyrex\n|-supereffective|p2b: Calyrex\n|-enditem|p2b: Calyrex|Focus Sash\n|-damage|p2b: Calyrex|1/100\n|move|p2a: Brute Bonnet|Sucker Punch||[still]\n|-fail|p2a: Brute Bonnet\n|move|p2b: Calyrex|Psychic|p1a: Tornadus\n|-damage|p1a: Tornadus|0 fnt\n|faint|p1a: Tornadus\n|-ability|p2b: Calyrex|Grim Neigh|boost\n|-boost|p2b: Calyrex|spa|1\n|\n|upkeep\n|\n|t:|1774786253\n|switch|p1a: Kyogre|Kyogre, L50|100/100\n|-weather|RainDance|[from] ability: Drizzle|[of] p1a: Kyogre\n|turn|5\n|inactive|chenxiangruxie has 30 seconds left.\n|\n|t:|1774786278\n|switch|p2b: Koraidon|Koraidon, L50|100/100\n|-weather|SunnyDay|[from] ability: Orichalcum Pulse|[of] p2b: Koraidon\n|-activate|p2a: Brute Bonnet|ability: Protosynthesis\n|-start|p2a: Brute Bonnet|protosynthesisdef\n|-activate|p2b: Koraidon|Orichalcum Pulse|[source]\n|switch|p1b: Zacian|Zacian-Crowned, L50|100/100\n|-ability|p1b: Zacian|Intrepid Sword|boost\n|-boost|p1b: Zacian|atk|1\n|move|p1a: Kyogre|Water Spout|p2a: Brute Bonnet|[spread] p2a,p2b\n|-resisted|p2a: Brute Bonnet\n|-resisted|p2b: Koraidon\n|-damage|p2a: Brute Bonnet|50/100\n|-damage|p2b: Koraidon|80/100\n|move|p2a: Brute Bonnet|Spore|p1a: Kyogre\n|-status|p1a: Kyogre|slp|[from] move: Spore\n|\n|-weather|SunnyDay|[upkeep]\n|upkeep\n|turn|6\n|\n|t:|1774786302\n|switch|p1a: Grimmsnarl|Grimmsnarl, L50, M|8/100\n|move|p1b: Zacian|Protect|p1b: Zacian\n|-singleturn|p1b: Zacian|Protect\n|move|p2b: Koraidon|Protect|p2b: Koraidon\n|-singleturn|p2b: Koraidon|Protect\n|move|p2a: Brute Bonnet|Spore|p1b: Zacian\n|-activate|p1b: Zacian|move: Protect\n|\n|-weather|SunnyDay|[upkeep]\n|upkeep\n|turn|7\n|\n|t:|1774786318\n|switch|p2b: Calyrex|Calyrex-Shadow, L50|1/100\n|-ability|p2b: Calyrex|As One\n|-ability|p2b: Calyrex|Unnerve\n|move|p1a: Grimmsnarl|Fake Out|p2a: Brute Bonnet\n|-damage|p2a: Brute Bonnet|42/100\n|move|p1b: Zacian|Play Rough|p2b: Calyrex\n|-damage|p2b: Calyrex|0 fnt\n|faint|p2b: Calyrex\n|move|p2a: Brute Bonnet|Spore|p1b: Zacian\n|-status|p1b: Zacian|slp|[from] move: Spore\n|\n|-weather|SunnyDay|[upkeep]\n|-sideend|p1: chenxiangruxie|move: Tailwind\n|upkeep\n|\n|t:|1774786339\n|switch|p2b: Koraidon|Koraidon, L50|80/100\n|-activate|p2b: Koraidon|ability: Orichalcum Pulse\n|turn|8\n|\n|t:|1774786351\n|switch|p1b: Kyogre|Kyogre, L50|100/100 slp\n|-weather|RainDance|[from] ability: Drizzle|[of] p1b: Kyogre\n|-end|p2a: Brute Bonnet|Protosynthesis\n|move|p1a: Grimmsnarl|Sucker Punch|p2a: Brute Bonnet\n|-crit|p2a: Brute Bonnet\n|-damage|p2a: Brute Bonnet|4/100\n|move|p2b: Koraidon|Flame Charge|p1b: Kyogre\n|-resisted|p1b: Kyogre\n|-crit|p1b: Kyogre\n|-damage|p1b: Kyogre|93/100 slp\n|-boost|p2b: Koraidon|spe|1\n|move|p2a: Brute Bonnet|Seed Bomb|p1a: Grimmsnarl\n|-damage|p1a: Grimmsnarl|0 fnt\n|faint|p1a: Grimmsnarl\n|\n|-weather|RainDance|[upkeep]\n|upkeep\n|\n|t:|1774786367\n|switch|p1a: Zacian|Zacian-Crowned, L50|100/100 slp\n|turn|9\n|\n|t:|1774786378\n|move|p2b: Koraidon|Collision Course|p1b: Kyogre\n|-damage|p1b: Kyogre|33/100 slp\n|cant|p1a: Zacian|slp\n|cant|p1b: Kyogre|slp\n|move|p2a: Brute Bonnet|Seed Bomb|p1b: Kyogre\n|-supereffective|p1b: Kyogre\n|-damage|p1b: Kyogre|0 fnt\n|faint|p1b: Kyogre\n|\n|-weather|RainDance|[upkeep]\n|upkeep\n|turn|10\n|\n|t:|1774786400\n|move|p2a: Brute Bonnet|Rage Powder|p2a: Brute Bonnet\n|-singleturn|p2a: Brute Bonnet|move: Rage Powder\n|move|p2b: Koraidon|Collision Course|p1a: Zacian\n|-damage|p1a: Zacian|51/100 slp\n|cant|p1a: Zacian|slp\n|\n|-weather|RainDance|[upkeep]\n|upkeep\n|turn|11\n|-message|chenxiangruxie forfeited.\n|\n|win|slimeslatt252\n|raw|chenxiangruxie's rating: 1549 &rarr; <strong>1526</strong><br />(-23 for losing)\n|raw|slimeslatt252's rating: 1493 &rarr; <strong>1516</strong><br />(+23 for winning)\n|l|\u2606chenxiangruxie\n|player|p1|\n|c|\u2606slimeslatt252|gg\n|l| AndyWen\n","uploadtime":1774786569,"views":26,"formatid":"gen9vgc2026regi","rating":1516,"private":0,"password":null}