{"id":"gen9vgc2026regi-2553092091","format":"[Gen 9] VGC 2026 Reg I","players":["bigevilbananan","jd8erh"],"log":"|j|\u2606bigevilbananan\n|j|\u2606jd8erh\n|t:|1772797326\n|gametype|doubles\n|player|p1|bigevilbananan|hilbert-wonderlauncher|1422\n|player|p2|jd8erh|2|1399\n|gen|9\n|tier|[Gen 9] VGC 2026 Reg I\n|rated|\n|rule|Species Clause: Limit one of each Pok\u00e9mon\n|rule|Item Clause: Limit 1 of each item\n|clearpoke\n|poke|p1|Calyrex-Shadow, L50|\n|poke|p1|Zamazenta-*, L50|\n|poke|p1|Chien-Pao, L50|\n|poke|p1|Urshifu-*, L50, M|\n|poke|p1|Tornadus, L50, M|\n|poke|p1|Rillaboom, L50, M|\n|poke|p2|Calyrex-Ice, L50|\n|poke|p2|Miraidon, L50|\n|poke|p2|Incineroar, L50, M|\n|poke|p2|Ogerpon-Hearthflame, L50, F|\n|poke|p2|Urshifu-*, L50, F|\n|poke|p2|Farigiraf, L50, F|\n|teampreview|4\n|inactive|Battle timer is ON: inactive players will automatically lose when time's up. (requested by jd8erh)\n|\n|t:|1772797354\n|teamsize|p1|4\n|teamsize|p2|4\n|start\n|switch|p1a: Zamazenta|Zamazenta-Crowned, L50|100/100\n|switch|p1b: Chien-Pao|Chien-Pao, L50|100/100\n|switch|p2a: Incineroar|Incineroar, L50, M|100/100\n|switch|p2b: Miraidon|Miraidon, L50|100/100\n|-fieldstart|move: Electric Terrain|[from] ability: Hadron Engine|[of] p2b: Miraidon\n|-ability|p1b: Chien-Pao|Sword of Ruin\n|-ability|p1a: Zamazenta|Dauntless Shield|boost\n|-boost|p1a: Zamazenta|def|1\n|-ability|p2a: Incineroar|Intimidate|boost\n|-unboost|p1a: Zamazenta|atk|1\n|-unboost|p1b: Chien-Pao|atk|1\n|turn|1\n|\n|t:|1772797361\n|switch|p1b: Rillaboom|Rillaboom, L50, M|100/100\n|-fieldstart|move: Grassy Terrain|[from] ability: Grassy Surge|[of] p1b: Rillaboom\n|move|p2a: Incineroar|Fake Out|p1a: Zamazenta\n|-resisted|p1a: Zamazenta\n|-damage|p1a: Zamazenta|98/100\n|move|p2b: Miraidon|Volt Switch|p1b: Rillaboom\n|-resisted|p1b: Rillaboom\n|-damage|p1b: Rillaboom|87/100\n|\n|t:|1772797365\n|switch|p2b: Ogerpon|Ogerpon-Hearthflame, L50, F|100/100|[from] Volt Switch\n|-ability|p2b: Ogerpon|Mold Breaker\n|cant|p1a: Zamazenta|flinch\n|\n|-heal|p1a: Zamazenta|100/100|[from] Grassy Terrain\n|-heal|p1b: Rillaboom|93/100|[from] Grassy Terrain\n|upkeep\n|turn|2\n|\n|t:|1772797372\n|switch|p2a: Farigiraf|Farigiraf, L50, F|100/100\n|-terastallize|p2b: Ogerpon|Fire\n|detailschange|p2b: Ogerpon|Ogerpon-Hearthflame-Tera, L50, F, tera:Fire\n|-ability|p2b: Ogerpon|Embody Aspect (Hearthflame)|boost\n|-boost|p2b: Ogerpon|atk|1\n|move|p1b: Rillaboom|Fake Out||[still]\n|cant|p2a: Farigiraf|ability: Armor Tail|Fake Out|[of] p1b: Rillaboom\n|move|p2b: Ogerpon|Ivy Cudgel|p1a: Zamazenta|[anim] Ivy Cudgel Fire\n|-supereffective|p1a: Zamazenta\n|-damage|p1a: Zamazenta|18/100\n|move|p1a: Zamazenta|Body Press|p2a: Farigiraf\n|-damage|p2a: Farigiraf|49/100\n|\n|-heal|p1a: Zamazenta|24/100|[from] Grassy Terrain\n|-heal|p1b: Rillaboom|99/100|[from] Grassy Terrain\n|-heal|p2a: Farigiraf|55/100|[from] Grassy Terrain\n|upkeep\n|turn|3\n|\n|t:|1772797390\n|switch|p2a: Incineroar|Incineroar, L50, M|100/100\n|-ability|p2a: Incineroar|Intimidate|boost\n|-unboost|p1a: Zamazenta|atk|1\n|-unboost|p1b: Rillaboom|atk|1\n|move|p1a: Zamazenta|Protect|p1a: Zamazenta\n|-singleturn|p1a: Zamazenta|Protect\n|move|p2b: Ogerpon|Ivy Cudgel|p1a: Zamazenta|[anim] Ivy Cudgel Fire\n|-activate|p1a: Zamazenta|move: Protect\n|move|p1b: Rillaboom|Wood Hammer|p2a: Incineroar\n|-resisted|p2a: Incineroar\n|-damage|p2a: Incineroar|75/100\n|-damage|p1b: Rillaboom|91/100|[from] Recoil\n|\n|-heal|p1a: Zamazenta|30/100|[from] Grassy Terrain\n|-heal|p1b: Rillaboom|97/100|[from] Grassy Terrain\n|-heal|p2a: Incineroar|81/100|[from] Grassy Terrain\n|upkeep\n|turn|4\n|\n|t:|1772797403\n|switch|p1a: Chien-Pao|Chien-Pao, L50|100/100\n|-ability|p1a: Chien-Pao|Sword of Ruin\n|move|p2b: Ogerpon|Ivy Cudgel|p1a: Chien-Pao|[anim] Ivy Cudgel Fire\n|-supereffective|p1a: Chien-Pao\n|-enditem|p1a: Chien-Pao|Focus Sash\n|-damage|p1a: Chien-Pao|1/100\n|move|p1b: Rillaboom|U-turn|p2b: Ogerpon\n|-resisted|p2b: Ogerpon\n|-damage|p2b: Ogerpon|89/100\n|\n|t:|1772797415\n|switch|p1b: Calyrex|Calyrex-Shadow, L50|100/100|[from] U-turn\n|-ability|p1b: Calyrex|As One\n|-ability|p1b: Calyrex|Unnerve\n|move|p2a: Incineroar|U-turn|p1b: Calyrex\n|-damage|p1b: Calyrex|69/100\n|\n|t:|1772797417\n|switch|p2a: Miraidon|Miraidon, L50|100/100|[from] U-turn\n|-fieldstart|move: Electric Terrain|[from] ability: Hadron Engine|[of] p2a: Miraidon\n|\n|upkeep\n|turn|5\n|\n|t:|1772797426\n|switch|p1a: Rillaboom|Rillaboom, L50, M|97/100\n|-fieldstart|move: Grassy Terrain|[from] ability: Grassy Surge|[of] p1a: Rillaboom\n|switch|p2b: Farigiraf|Farigiraf, L50, F|55/100\n|-terastallize|p1b: Calyrex|Ghost\n|move|p2a: Miraidon|Snarl|p1a: Rillaboom|[spread] p1a,p1b\n|-crit|p1a: Rillaboom\n|-supereffective|p1b: Calyrex\n|-damage|p1a: Rillaboom|82/100\n|-damage|p1b: Calyrex|42/100\n|-unboost|p1a: Rillaboom|spa|1\n|-unboost|p1b: Calyrex|spa|1\n|move|p1b: Calyrex|Astral Barrage|p2b: Farigiraf|[spread] p2a\n|-immune|p2b: Farigiraf\n|-damage|p2a: Miraidon|45/100\n|-damage|p1b: Calyrex|32/100|[from] item: Life Orb\n|\n|-heal|p2a: Miraidon|51/100|[from] Grassy Terrain\n|-heal|p1b: Calyrex|39/100|[from] Grassy Terrain\n|-heal|p1a: Rillaboom|88/100|[from] Grassy Terrain\n|-heal|p2b: Farigiraf|61/100|[from] Grassy Terrain\n|upkeep\n|turn|6\n|\n|t:|1772797446\n|switch|p2a: Incineroar|Incineroar, L50, M|81/100\n|-ability|p2a: Incineroar|Intimidate|boost\n|-unboost|p1a: Rillaboom|atk|1\n|-unboost|p1b: Calyrex|atk|1\n|move|p1b: Calyrex|Protect|p1b: Calyrex\n|-singleturn|p1b: Calyrex|Protect\n|move|p1a: Rillaboom|U-turn|p2b: Farigiraf\n|-supereffective|p2b: Farigiraf\n|-damage|p2b: Farigiraf|34/100\n|\n|t:|1772797456\n|switch|p1a: Zamazenta|Zamazenta-Crowned, L50|30/100|[from] U-turn\n|move|p2b: Farigiraf|Foul Play|p1b: Calyrex\n|-activate|p1b: Calyrex|move: Protect\n|\n|-heal|p1b: Calyrex|45/100|[from] Grassy Terrain\n|-heal|p1a: Zamazenta|36/100|[from] Grassy Terrain\n|-heal|p2a: Incineroar|87/100|[from] Grassy Terrain\n|-heal|p2b: Farigiraf|41/100|[from] Grassy Terrain\n|upkeep\n|turn|7\n|\n|t:|1772797466\n|switch|p1b: Rillaboom|Rillaboom, L50, M|88/100\n|move|p2a: Incineroar|Fake Out|p1a: Zamazenta\n|-resisted|p1a: Zamazenta\n|-damage|p1a: Zamazenta|33/100\n|cant|p1a: Zamazenta|flinch\n|move|p2b: Farigiraf|Foul Play|p1b: Rillaboom\n|-damage|p1b: Rillaboom|58/100\n|\n|-heal|p1a: Zamazenta|38/100|[from] Grassy Terrain\n|-heal|p1b: Rillaboom|64/100|[from] Grassy Terrain\n|-heal|p2a: Incineroar|93/100|[from] Grassy Terrain\n|-heal|p2b: Farigiraf|47/100|[from] Grassy Terrain\n|upkeep\n|turn|8\n|\n|t:|1772797477\n|switch|p2a: Ogerpon|Ogerpon-Hearthflame-Tera, L50, F, tera:Fire|89/100\n|-ability|p2a: Ogerpon|Embody Aspect (Hearthflame)|boost\n|-boost|p2a: Ogerpon|atk|1\n|move|p1a: Zamazenta|Body Press|p2a: Ogerpon\n|-damage|p2a: Ogerpon|41/100\n|move|p1b: Rillaboom|Wood Hammer|p2b: Farigiraf\n|-damage|p2b: Farigiraf|0 fnt\n|faint|p2b: Farigiraf\n|-damage|p1b: Rillaboom|47/100|[from] Recoil\n|\n|-heal|p2a: Ogerpon|47/100|[from] Grassy Terrain\n|-heal|p1a: Zamazenta|44/100|[from] Grassy Terrain\n|-heal|p1b: Rillaboom|53/100|[from] Grassy Terrain\n|upkeep\n|\n|t:|1772797480\n|switch|p2b: Miraidon|Miraidon, L50|51/100\n|-fieldstart|move: Electric Terrain|[from] ability: Hadron Engine|[of] p2b: Miraidon\n|turn|9\n|\n|t:|1772797495\n|switch|p1b: Chien-Pao|Chien-Pao, L50|1/100\n|-ability|p1b: Chien-Pao|Sword of Ruin\n|move|p1a: Zamazenta|Protect|p1a: Zamazenta\n|-singleturn|p1a: Zamazenta|Protect\n|move|p2b: Miraidon|Volt Switch|p1b: Chien-Pao\n|-damage|p1b: Chien-Pao|0 fnt\n|faint|p1b: Chien-Pao\n|\n|t:|1772797498\n|switch|p2b: Incineroar|Incineroar, L50, M|93/100|[from] Volt Switch\n|-ability|p2b: Incineroar|Intimidate|boost\n|-unboost|p1a: Zamazenta|atk|1\n|move|p2a: Ogerpon|Ivy Cudgel|p1a: Zamazenta|[anim] Ivy Cudgel Fire\n|-activate|p1a: Zamazenta|move: Protect\n|\n|upkeep\n|\n|t:|1772797517\n|switch|p1b: Rillaboom|Rillaboom, L50, M|53/100\n|-fieldstart|move: Grassy Terrain|[from] ability: Grassy Surge|[of] p1b: Rillaboom\n|turn|10\n|\n|t:|1772797528\n|move|p1b: Rillaboom|Fake Out|p2a: Ogerpon\n|-damage|p2a: Ogerpon|32/100\n|cant|p2a: Ogerpon|flinch\n|move|p1a: Zamazenta|Body Press|p2b: Incineroar\n|-supereffective|p2b: Incineroar\n|-damage|p2b: Incineroar|2/100\n|move|p2b: Incineroar|Flare Blitz|p1a: Zamazenta\n|-supereffective|p1a: Zamazenta\n|-damage|p1a: Zamazenta|0 fnt\n|faint|p1a: Zamazenta\n|-damage|p2b: Incineroar|0 fnt|[from] Recoil\n|faint|p2b: Incineroar\n|\n|-heal|p2a: Ogerpon|38/100|[from] Grassy Terrain\n|-heal|p1b: Rillaboom|59/100|[from] Grassy Terrain\n|upkeep\n|\n|t:|1772797539\n|switch|p1a: Calyrex|Calyrex-Shadow, L50, tera:Ghost|45/100\n|switch|p2b: Miraidon|Miraidon, L50|51/100\n|-ability|p1a: Calyrex|As One\n|-ability|p1a: Calyrex|Unnerve\n|-fieldstart|move: Electric Terrain|[from] ability: Hadron Engine|[of] p2b: Miraidon\n|turn|11\n|c|\u2606jd8erh|Gg\n|\n|t:|1772797552\n|move|p2b: Miraidon|Electro Drift|p1a: Calyrex\n|-damage|p1a: Calyrex|0 fnt\n|faint|p1a: Calyrex\n|move|p2a: Ogerpon|Ivy Cudgel|p1b: Rillaboom|[anim] Ivy Cudgel Fire\n|-supereffective|p1b: Rillaboom\n|-damage|p1b: Rillaboom|0 fnt\n|faint|p1b: Rillaboom\n|\n|win|jd8erh\n|raw|bigevilbananan's rating: 1422 &rarr; <strong>1401</strong><br />(-21 for losing)\n|raw|jd8erh's rating: 1399 &rarr; <strong>1420</strong><br />(+21 for winning)\n|l|\u2606jd8erh\n|player|p2|\n|c|\u2606bigevilbananan|Choice s?\n|l|\u2606bigevilbananan\n|player|p1|\n","uploadtime":1772797725,"views":16,"formatid":"gen9vgc2026regi","rating":1401,"private":0,"password":null}