{"id":"gen9vgc2026regi-2570069340","format":"[Gen 9] VGC 2026 Reg I","players":["Monkeydes","wasaad5"],"log":"|j|\u2606Monkeydes\n|j|\u2606wasaad5\n|t:|1774764733\n|gametype|doubles\n|player|p1|Monkeydes|1|1230\n|player|p2|wasaad5|blue|1292\n|gen|9\n|tier|[Gen 9] VGC 2026 Reg I\n|rated|\n|rule|Species Clause: Limit one of each Pok\u00e9mon\n|rule|Item Clause: Limit 1 of each item\n|clearpoke\n|poke|p1|Miraidon, L50|\n|poke|p1|Groudon, L50|\n|poke|p1|Volcarona, L50, M|\n|poke|p1|Chien-Pao, L50|\n|poke|p1|Grimmsnarl, L50, M|\n|poke|p1|Incineroar, L50, M|\n|poke|p2|Kyurem-White, L50|\n|poke|p2|Zacian-*, L50|\n|poke|p2|Sableye, L50, F|\n|poke|p2|Urshifu-*, L50, F|\n|poke|p2|Amoonguss, L50, M|\n|poke|p2|Incineroar, L50, F|\n|teampreview|4\n|\n|t:|1774764766\n|teamsize|p1|4\n|teamsize|p2|4\n|start\n|switch|p1a: Miraidon|Miraidon, L50|100/100\n|switch|p1b: Grimmsnarl|Grimmsnarl, L50, M|100/100\n|switch|p2a: Sableye|Sableye, L50, F|100/100\n|switch|p2b: Urshifu|Urshifu-Rapid-Strike, L50, F|100/100\n|-fieldstart|move: Electric Terrain|[from] ability: Hadron Engine|[of] p1a: Miraidon\n|turn|1\n|\n|t:|1774764791\n|move|p1b: Grimmsnarl|Fake Out|p2b: Urshifu\n|-damage|p2b: Urshifu|89/100\n|move|p2a: Sableye|Quash|p1a: Miraidon\n|-activate|p1a: Miraidon|move: Quash\n|cant|p2b: Urshifu|flinch\n|move|p1a: Miraidon|Calm Mind|p1a: Miraidon\n|-boost|p1a: Miraidon|spa|1\n|-boost|p1a: Miraidon|spd|1\n|\n|upkeep\n|turn|2\n|\n|t:|1774764849\n|-terastallize|p2b: Urshifu|Water\n|move|p1b: Grimmsnarl|Reflect|p1b: Grimmsnarl\n|-sidestart|p1: Monkeydes|Reflect\n|move|p2a: Sableye|Encore|p1a: Miraidon\n|-start|p1a: Miraidon|Encore\n|move|p2b: Urshifu|Surging Strikes|p1b: Grimmsnarl\n|-crit|p1b: Grimmsnarl\n|-damage|p1b: Grimmsnarl|71/100\n|-crit|p1b: Grimmsnarl\n|-damage|p1b: Grimmsnarl|39/100\n|-crit|p1b: Grimmsnarl\n|-damage|p1b: Grimmsnarl|7/100\n|-hitcount|p1b: Grimmsnarl|3\n|move|p1a: Miraidon|Calm Mind|p1a: Miraidon\n|-boost|p1a: Miraidon|spa|1\n|-boost|p1a: Miraidon|spd|1\n|\n|upkeep\n|turn|3\n|\n|t:|1774764870\n|move|p1b: Grimmsnarl|Light Screen|p1b: Grimmsnarl\n|-sidestart|p1: Monkeydes|move: Light Screen\n|move|p2a: Sableye|Disable|p1a: Miraidon\n|-start|p1a: Miraidon|Disable|Calm Mind\n|move|p2b: Urshifu|Surging Strikes|p1b: Grimmsnarl\n|-crit|p1b: Grimmsnarl\n|-damage|p1b: Grimmsnarl|0 fnt\n|faint|p1b: Grimmsnarl\n|-hitcount|p1: Grimmsnarl|1\n|cant|p1a: Miraidon|Disable|Calm Mind\n|\n|upkeep\n|\n|t:|1774764881\n|switch|p1b: Groudon|Groudon, L50|100/100\n|-weather|SunnyDay|[from] ability: Drought|[of] p1b: Groudon\n|turn|4\n|\n|t:|1774764887\n|move|p2a: Sableye|Rain Dance|p2a: Sableye\n|-weather|RainDance\n|move|p2b: Urshifu|Surging Strikes|p1b: Groudon\n|-supereffective|p1b: Groudon\n|-crit|p1b: Groudon\n|-damage|p1b: Groudon|46/100\n|-supereffective|p1b: Groudon\n|-crit|p1b: Groudon\n|-damage|p1b: Groudon|0 fnt\n|faint|p1b: Groudon\n|-hitcount|p1: Groudon|2\n|-activate|p1a: Miraidon|move: Struggle\n|move|p1a: Miraidon|Struggle|p2a: Sableye\n|-damage|p2a: Sableye|92/100\n|-damage|p1a: Miraidon|75/100|[from] recoil\n|\n|-weather|RainDance|[upkeep]\n|-end|p1a: Miraidon|Encore\n|upkeep\n|\n|t:|1774764892\n|switch|p1b: Chien-Pao|Chien-Pao, L50|100/100\n|-ability|p1b: Chien-Pao|Sword of Ruin\n|turn|5\n|\n|t:|1774764911\n|move|p2a: Sableye|Encore||[still]\n|-fail|p2a: Sableye\n|move|p2b: Urshifu|Surging Strikes|p1b: Chien-Pao\n|-crit|p1b: Chien-Pao\n|-damage|p1b: Chien-Pao|41/100\n|-crit|p1b: Chien-Pao\n|-damage|p1b: Chien-Pao|0 fnt\n|faint|p1b: Chien-Pao\n|-hitcount|p1: Chien-Pao|2\n|move|p1a: Miraidon|Parabolic Charge|p2b: Urshifu|[spread] p2a,p2b\n|-supereffective|p2b: Urshifu\n|-damage|p2a: Sableye|0 fnt\n|-heal|p1a: Miraidon|100/100|[from] drain|[of] p2a: Sableye\n|-damage|p2b: Urshifu|0 fnt\n|faint|p2a: Sableye\n|faint|p2b: Urshifu\n|\n|-weather|RainDance|[upkeep]\n|-fieldend|move: Electric Terrain\n|upkeep\n|\n|t:|1774764916\n|switch|p2b: Kyurem|Kyurem-White, L50, shiny|100/100\n|switch|p2a: Zacian|Zacian-Crowned, L50|100/100\n|-ability|p2a: Zacian|Intrepid Sword|boost\n|-boost|p2a: Zacian|atk|1\n|-ability|p2b: Kyurem|Turboblaze\n|turn|6\n|\n|t:|1774764955\n|-terastallize|p1a: Miraidon|Electric\n|move|p2a: Zacian|Protect|p2a: Zacian\n|-singleturn|p2a: Zacian|Protect\n|move|p1a: Miraidon|Parabolic Charge|p2b: Kyurem|[spread] p2b\n|-activate|p2a: Zacian|move: Protect\n|-resisted|p2b: Kyurem\n|-damage|p2b: Kyurem|84/100\n|move|p2b: Kyurem|Freeze-Dry|p1a: Miraidon\n|-damage|p1a: Miraidon|89/100\n|\n|-weather|RainDance|[upkeep]\n|-end|p1a: Miraidon|Disable\n|upkeep\n|turn|7\n|\n|t:|1774764973\n|move|p2a: Zacian|Behemoth Blade|p1a: Miraidon\n|-resisted|p1a: Miraidon\n|-damage|p1a: Miraidon|65/100\n|move|p1a: Miraidon|Electro Drift|p2a: Zacian\n|-damage|p2a: Zacian|0 fnt\n|faint|p2a: Zacian\n|move|p2b: Kyurem|Earth Power|p1a: Miraidon\n|-supereffective|p1a: Miraidon\n|-damage|p1a: Miraidon|44/100\n|\n|-weather|RainDance|[upkeep]\n|upkeep\n|turn|8\n|\n|t:|1774764985\n|move|p1a: Miraidon|Dragon Pulse|p2b: Kyurem\n|-supereffective|p2b: Kyurem\n|-damage|p2b: Kyurem|0 fnt\n|faint|p2b: Kyurem\n|\n|win|Monkeydes\n|raw|Monkeydes's rating: 1230 &rarr; <strong>1261</strong><br />(+31 for winning)\n|raw|wasaad5's rating: 1317 &rarr; <strong>1292</strong><br />(-25 for losing)\n|l|\u2606wasaad5\n|player|p2|\n|l|\u2606Monkeydes\n|player|p1|\n","uploadtime":1774765207,"views":10,"formatid":"gen9vgc2026regi","rating":1261,"private":0,"password":null}