{"id":"gen9vgc2026regi-2580015271","format":"[Gen 9] VGC 2026 Reg I","players":["Padhijesp","N Jordan"],"log":"|j|\u2606Padhijesp\n|j|\u2606N Jordan\n|t:|1775846631\n|gametype|doubles\n|player|p1|Padhijesp|170|1501\n|player|p2|N Jordan|n|1421\n|gen|9\n|tier|[Gen 9] VGC 2026 Reg I\n|rated|\n|rule|Species Clause: Limit one of each Pok\u00e9mon\n|rule|Item Clause: Limit 1 of each item\n|clearpoke\n|poke|p1|Tyranitar, L50, F|\n|poke|p1|Rillaboom, L50, M|\n|poke|p1|Talonflame, L50, M|\n|poke|p1|Urshifu-*, L50, M|\n|poke|p1|Miraidon, L50|\n|poke|p1|Lunala, L50|\n|poke|p2|Zacian-*, L50|\n|poke|p2|Kyogre, L50|\n|poke|p2|Grimmsnarl, L50, M|\n|poke|p2|Ursaluna-Bloodmoon, L50, M|\n|poke|p2|Iron Hands, L50|\n|poke|p2|Urshifu-*, L50, F|\n|teampreview|4\n|j| Kyawster\n|\n|t:|1775846659\n|teamsize|p1|4\n|teamsize|p2|4\n|start\n|switch|p1a: Miraidon|Miraidon, L50|100/100\n|switch|p1b: Talonflame|Talonflame, L50, M, shiny|100/100\n|switch|p2a: Grimmsnarl|Grimmsnarl, L50, M|100/100\n|switch|p2b: Zacian|Zacian-Crowned, L50|100/100\n|-fieldstart|move: Electric Terrain|[from] ability: Hadron Engine|[of] p1a: Miraidon\n|-ability|p2b: Zacian|Intrepid Sword|boost\n|-boost|p2b: Zacian|atk|1\n|turn|1\n|inactive|Battle timer is ON: inactive players will automatically lose when time's up. (requested by Padhijesp)\n|inactive|N Jordan has 60 seconds left.\n|\n|t:|1775846697\n|move|p1b: Talonflame|Acrobatics|p2a: Grimmsnarl\n|-crit|p2a: Grimmsnarl\n|-damage|p2a: Grimmsnarl|13/100\n|move|p2a: Grimmsnarl|Light Screen|p2a: Grimmsnarl\n|-sidestart|p2: N Jordan|move: Light Screen\n|move|p1a: Miraidon|Volt Switch|p2a: Grimmsnarl\n|-damage|p2a: Grimmsnarl|0 fnt\n|faint|p2a: Grimmsnarl\n|inactive|Padhijesp has 30 seconds left.\n|l| Kyawster\n|inactive|Padhijesp has 20 seconds left.\n|inactive|Padhijesp has 15 seconds left.\n|inactive|Padhijesp has 10 seconds left.\n|inactive|Padhijesp has 5 seconds left.\n|\n|t:|1775846753\n|switch|p1a: Urshifu|Urshifu-Rapid-Strike, L50, M|100/100|[from] Volt Switch\n|move|p2b: Zacian|Behemoth Blade|p1b: Talonflame\n|-resisted|p1b: Talonflame\n|-damage|p1b: Talonflame|25/100\n|\n|upkeep\n|\n|t:|1775846761\n|switch|p2a: Iron Hands|Iron Hands, L50|100/100\n|-activate|p2a: Iron Hands|ability: Quark Drive\n|-start|p2a: Iron Hands|quarkdriveatk\n|turn|2\n|inactive|Padhijesp has 30 seconds left.\n|inactive|Padhijesp has 20 seconds left.\n|\n|t:|1775846796\n|-terastallize|p1a: Urshifu|Water\n|move|p1b: Talonflame|Quick Guard|p1b: Talonflame\n|-singleturn|p1b: Talonflame|Quick Guard\n|move|p1a: Urshifu|Surging Strikes|p2b: Zacian\n|-crit|p2b: Zacian\n|-damage|p2b: Zacian|80/100\n|-crit|p2b: Zacian\n|-damage|p2b: Zacian|58/100\n|-crit|p2b: Zacian\n|-damage|p2b: Zacian|36/100\n|-hitcount|p2b: Zacian|3\n|move|p2b: Zacian|Behemoth Blade|p1b: Talonflame\n|-resisted|p1b: Talonflame\n|-damage|p1b: Talonflame|0 fnt\n|faint|p1b: Talonflame\n|move|p2a: Iron Hands|Thunder Punch|p1a: Urshifu\n|-supereffective|p1a: Urshifu\n|-damage|p1a: Urshifu|0 fnt\n|faint|p1a: Urshifu\n|\n|upkeep\n|\n|t:|1775846804\n|switch|p1b: Lunala|Lunala, L50|100/100\n|switch|p1a: Miraidon|Miraidon, L50|100/100\n|-activate|p1a: Miraidon|ability: Hadron Engine\n|turn|3\n|\n|t:|1775846829\n|move|p1a: Miraidon|Electro Drift|p2b: Zacian\n|-damage|p2b: Zacian|0 fnt\n|faint|p2b: Zacian\n|move|p1b: Lunala|Meteor Beam||[still]\n|-prepare|p1b: Lunala|Meteor Beam\n|-boost|p1b: Lunala|spa|1\n|-enditem|p1b: Lunala|Power Herb\n|-anim|p1b: Lunala|Meteor Beam|p2a: Iron Hands\n|-resisted|p2a: Iron Hands\n|-damage|p2a: Iron Hands|79/100\n|move|p2a: Iron Hands|Stomping Tantrum|p1a: Miraidon\n|-supereffective|p1a: Miraidon\n|-damage|p1a: Miraidon|12/100\n|\n|upkeep\n|\n|t:|1775846841\n|switch|p2b: Kyogre|Kyogre, L50|100/100\n|-weather|RainDance|[from] ability: Drizzle|[of] p2b: Kyogre\n|turn|4\n|\n|t:|1775846850\n|-terastallize|p2b: Kyogre|Grass\n|move|p1a: Miraidon|Electro Drift|p2a: Iron Hands\n|-resisted|p2a: Iron Hands\n|-damage|p2a: Iron Hands|38/100\n|move|p1b: Lunala|Dazzling Gleam|p2a: Iron Hands|[spread] p2a,p2b\n|-supereffective|p2a: Iron Hands\n|-damage|p2a: Iron Hands|0 fnt\n|-damage|p2b: Kyogre|90/100\n|faint|p2a: Iron Hands\n|-end|p2a: Iron Hands|Quark Drive|[silent]\n|move|p2b: Kyogre|Origin Pulse|p1b: Lunala|[spread] p1a,p1b\n|-resisted|p1a: Miraidon\n|-damage|p1a: Miraidon|0 fnt\n|-damage|p1b: Lunala|76/100\n|faint|p1a: Miraidon\n|\n|-weather|RainDance|[upkeep]\n|upkeep\n|turn|5\n|\n|t:|1775846869\n|move|p1b: Lunala|Moongeist Beam|p2b: Kyogre\n|-damage|p2b: Kyogre|64/100\n|move|p2b: Kyogre|Thunder|p1b: Lunala\n|-damage|p1b: Lunala|36/100\n|\n|-weather|RainDance|[upkeep]\n|-fieldend|move: Electric Terrain\n|upkeep\n|turn|6\n|\n|t:|1775846880\n|move|p1b: Lunala|Moongeist Beam|p2b: Kyogre\n|-damage|p2b: Kyogre|40/100\n|move|p2b: Kyogre|Thunder|p1b: Lunala\n|-damage|p1b: Lunala|9/100\n|-status|p1b: Lunala|par\n|\n|-weather|RainDance|[upkeep]\n|upkeep\n|turn|7\n|\n|t:|1775846888\n|move|p2b: Kyogre|Thunder|p1b: Lunala\n|-damage|p1b: Lunala|0 fnt\n|faint|p1b: Lunala\n|\n|win|N Jordan\n|raw|Padhijesp's rating: 1501 &rarr; <strong>1476</strong><br />(-25 for losing)\n|raw|N Jordan's rating: 1421 &rarr; <strong>1446</strong><br />(+25 for winning)\n|l|\u2606Padhijesp\n|player|p1|\n|l|\u2606N Jordan\n|player|p2|\n","uploadtime":1775847060,"views":13,"formatid":"gen9vgc2026regi","rating":1446,"private":0,"password":null}