{"id":"gen9vgc2026regi-2564587465","format":"[Gen 9] VGC 2026 Reg I","players":["I\u2764\ufe0f\u5a1c\u7984Forever","xmen2104"],"log":"|j|\u2606I\u2764\ufe0f\u5a1c\u7984Forever\n|j|\u2606xmen2104\n|t:|1774169665\n|gametype|doubles\n|player|p1|I\u2764\ufe0f\u5a1c\u7984Forever|youngcouple-gen4dp|1339\n|player|p2|xmen2104|lucas-gen4pt|1391\n|gen|9\n|tier|[Gen 9] VGC 2026 Reg I\n|rated|\n|rule|Species Clause: Limit one of each Pok\u00e9mon\n|rule|Item Clause: Limit 1 of each item\n|clearpoke\n|poke|p1|Groudon, L50|\n|poke|p1|Kyurem-White, L50|\n|poke|p1|Heatran, L50, F|\n|poke|p1|Whimsicott, L50, M|\n|poke|p1|Ditto, L50|\n|poke|p1|Flutter Mane, L50|\n|poke|p2|Koraidon, L50|\n|poke|p2|Calyrex-Shadow, L50|\n|poke|p2|Weezing-Galar, L50, F|\n|poke|p2|Incineroar, L50, F|\n|poke|p2|Grimmsnarl, L50, M|\n|poke|p2|Raging Bolt, L50|\n|teampreview|4\n|inactive|Battle timer is ON: inactive players will automatically lose when time's up. (requested by xmen2104)\n|\n|t:|1774169688\n|teamsize|p1|4\n|teamsize|p2|4\n|start\n|switch|p1a: Whimsicott|Whimsicott, L50, M|100/100\n|switch|p1b: Kyurem|Kyurem-White, L50|100/100\n|switch|p2a: Koraidon|Koraidon, L50|100/100\n|switch|p2b: Weezing|Weezing-Galar, L50, F|100/100\n|-ability|p2b: Weezing|Neutralizing Gas\n|-block|p2a: Koraidon|item: Ability Shield\n|-weather|SunnyDay|[from] ability: Orichalcum Pulse|[of] p2a: Koraidon\n|-activate|p2a: Koraidon|Orichalcum Pulse|[source]\n|turn|1\n|\n|t:|1774169696\n|-terastallize|p2a: Koraidon|Fire\n|move|p1a: Whimsicott|Tailwind|p1a: Whimsicott\n|-sidestart|p1: I\u2764\ufe0f\u5a1c\u7984Forever|move: Tailwind\n|move|p1b: Kyurem|Blizzard|p2b: Weezing|[spread] p2b\n|-miss|p1b: Kyurem|p2a: Koraidon\n|-enditem|p1b: Kyurem|Blunder Policy\n|-boost|p1b: Kyurem|spe|2\n|-damage|p2b: Weezing|46/100\n|move|p2a: Koraidon|Flame Charge|p1a: Whimsicott\n|-supereffective|p1a: Whimsicott\n|-enditem|p1a: Whimsicott|Focus Sash\n|-damage|p1a: Whimsicott|1/100\n|-boost|p2a: Koraidon|spe|1\n|move|p2b: Weezing|Strange Steam|p1b: Kyurem\n|-supereffective|p1b: Kyurem\n|-damage|p1b: Kyurem|57/100\n|-start|p1b: Kyurem|confusion\n|\n|-weather|SunnyDay|[upkeep]\n|-heal|p2b: Weezing|52/100|[from] item: Leftovers\n|upkeep\n|turn|2\n|\n|t:|1774169721\n|move|p2a: Koraidon|Protect|p2a: Koraidon\n|-singleturn|p2a: Koraidon|Protect\n|-activate|p1b: Kyurem|confusion\n|move|p1b: Kyurem|Blizzard|p2a: Koraidon|[spread] p2b\n|-activate|p2a: Koraidon|move: Protect\n|-damage|p2b: Weezing|0 fnt\n|faint|p2b: Weezing\n|-end|p2b: Weezing|ability: Neutralizing Gas\n|-ability|p1b: Kyurem|Turboblaze\n|move|p1a: Whimsicott|Endeavor|p2a: Koraidon\n|-activate|p2a: Koraidon|move: Protect\n|\n|-weather|SunnyDay|[upkeep]\n|upkeep\n|\n|t:|1774169731\n|switch|p2b: Grimmsnarl|Grimmsnarl, L50, M|100/100\n|turn|3\n|\n|t:|1774169740\n|move|p2b: Grimmsnarl|Thunder Wave|p1a: Whimsicott|[miss]\n|-miss|p2b: Grimmsnarl|p1a: Whimsicott\n|-activate|p1b: Kyurem|confusion\n|move|p1b: Kyurem|Shadow Ball|p2a: Koraidon\n|-damage|p2a: Koraidon|69/100\n|move|p1a: Whimsicott|Endeavor|p2a: Koraidon\n|-damage|p2a: Koraidon|1/100\n|move|p2a: Koraidon|Collision Course|p1b: Kyurem\n|-supereffective|p1b: Kyurem\n|-damage|p1b: Kyurem|0 fnt\n|faint|p1b: Kyurem\n|\n|-weather|SunnyDay|[upkeep]\n|upkeep\n|\n|t:|1774169754\n|switch|p1b: Ditto|Ditto, L50|100/100\n|-transform|p1b: Ditto|p2a: Koraidon|[from] ability: Imposter\n|-activate|p1b: Ditto|ability: Orichalcum Pulse\n|-start|p1b: Ditto|typechange|Fighting/Dragon|[silent]\n|turn|4\n|\n|t:|1774169766\n|move|p2b: Grimmsnarl|Thunder Wave|p1a: Whimsicott\n|-status|p1a: Whimsicott|par\n|move|p1b: Ditto|Flame Charge|p2b: Grimmsnarl\n|-damage|p2b: Grimmsnarl|68/100\n|-boost|p1b: Ditto|spe|1\n|move|p2a: Koraidon|Flame Charge|p1a: Whimsicott\n|-supereffective|p1a: Whimsicott\n|-damage|p1a: Whimsicott|0 fnt\n|-boost|p2a: Koraidon|spe|1\n|faint|p1a: Whimsicott\n|\n|-weather|SunnyDay|[upkeep]\n|-sideend|p1: I\u2764\ufe0f\u5a1c\u7984Forever|move: Tailwind\n|upkeep\n|\n|t:|1774169775\n|switch|p1a: Groudon|Groudon, L50|100/100\n|turn|5\n|\n|t:|1774169793\n|-terastallize|p1a: Groudon|Water\n|move|p2b: Grimmsnarl|Thunder Wave|p1b: Ditto\n|-status|p1b: Ditto|par\n|move|p2a: Koraidon|Collision Course|p1b: Ditto|[miss]\n|-miss|p2a: Koraidon|p1b: Ditto\n|move|p1b: Ditto|Flame Charge|p2a: Koraidon\n|-resisted|p2a: Koraidon\n|-damage|p2a: Koraidon|0 fnt\n|-boost|p1b: Ditto|spe|1\n|faint|p2a: Koraidon\n|move|p1a: Groudon|Iron Head|p2b: Grimmsnarl\n|-supereffective|p2b: Grimmsnarl\n|-damage|p2b: Grimmsnarl|12/100\n|\n|-weather|none\n|upkeep\n|\n|t:|1774169800\n|switch|p2a: Calyrex|Calyrex-Shadow, L50|100/100\n|-ability|p2a: Calyrex|As One\n|-ability|p2a: Calyrex|Unnerve\n|turn|6\n|\n|t:|1774169817\n|move|p2b: Grimmsnarl|Reflect|p2b: Grimmsnarl\n|-sidestart|p2: xmen2104|Reflect\n|move|p2a: Calyrex|Astral Barrage|p1b: Ditto|[spread] p1a,p1b\n|-damage|p1a: Groudon|72/100\n|-damage|p1b: Ditto|44/100 par\n|move|p1b: Ditto|Flare Blitz|p2a: Calyrex\n|-damage|p2a: Calyrex|68/100\n|-damage|p1b: Ditto|30/100 par|[from] Recoil\n|move|p1a: Groudon|Precipice Blades|p2a: Calyrex|[spread] p2a,p2b\n|-damage|p2a: Calyrex|26/100\n|-damage|p2b: Grimmsnarl|0 fnt\n|faint|p2b: Grimmsnarl\n|\n|upkeep\n|turn|7\n|\n|t:|1774169832\n|move|p1b: Ditto|Protect|p1b: Ditto\n|-singleturn|p1b: Ditto|Protect\n|move|p2a: Calyrex|Astral Barrage|p1a: Groudon|[spread] p1a\n|-activate|p1b: Ditto|move: Protect\n|-damage|p1a: Groudon|41/100\n|move|p1a: Groudon|Crunch|p2a: Calyrex\n|-supereffective|p2a: Calyrex\n|-damage|p2a: Calyrex|0 fnt\n|faint|p2a: Calyrex\n|\n|win|I\u2764\ufe0f\u5a1c\u7984Forever\n|raw|I\u2764\ufe0f\u5a1c\u7984Forever's rating: 1339 &rarr; <strong>1362</strong><br />(+23 for winning)\n|raw|xmen2104's rating: 1391 &rarr; <strong>1368</strong><br />(-23 for losing)\n|l|\u2606xmen2104\n|player|p2|\n|l|\u2606I\u2764\ufe0f\u5a1c\u7984Forever\n|player|p1|\n","uploadtime":1774170087,"views":7,"formatid":"gen9vgc2026regi","rating":1362,"private":0,"password":null}