{"id":"gen9vgc2026regi-2574268513","format":"[Gen 9] VGC 2026 Reg I","players":["asouleoe","DRANZER5366263"],"log":"|j|\u2606asouleoe\n|j|\u2606DRANZER5366263\n|t:|1775225415\n|gametype|doubles\n|player|p1|asouleoe|blue|1231\n|player|p2|DRANZER5366263|2|1176\n|gen|9\n|tier|[Gen 9] VGC 2026 Reg I\n|rated|\n|rule|Species Clause: Limit one of each Pok\u00e9mon\n|rule|Item Clause: Limit 1 of each item\n|clearpoke\n|poke|p1|Hitmontop, L50, M|\n|poke|p1|Terapagos, L50, M|\n|poke|p1|Calyrex-Shadow, L50|\n|poke|p1|Ogerpon-Cornerstone, L50, F|\n|poke|p1|Whimsicott, L50, F|\n|poke|p1|Indeedee-F, L50, F|\n|poke|p2|Calyrex-Shadow, L50|\n|poke|p2|Kyogre, L50|\n|poke|p2|Whimsicott, L50, F|\n|poke|p2|Raichu, L50, M|\n|poke|p2|Roaring Moon, L50|\n|poke|p2|Incineroar, L50, F|\n|teampreview|4\n|inactive|Battle timer is ON: inactive players will automatically lose when time's up. (requested by asouleoe)\n|inactive|DRANZER5366263 has 60 seconds left.\n|\n|t:|1775225449\n|teamsize|p1|4\n|teamsize|p2|4\n|start\n|switch|p1a: Hitmontop|Hitmontop, L50, M|100/100\n|switch|p1b: Terapagos|Terapagos, L50, M|100/100\n|switch|p2a: Roaring Moon|Roaring Moon, L50|100/100\n|switch|p2b: Whimsicott|Whimsicott, L50, F|100/100\n|-activate|p1b: Terapagos|ability: Tera Shift\n|detailschange|p1b: Terapagos|Terapagos-Terastal, L50, M\n|-heal|p1b: Terapagos|100/100|[silent]\n|-ability|p1a: Hitmontop|Intimidate|boost\n|-unboost|p2a: Roaring Moon|atk|1\n|-unboost|p2b: Whimsicott|atk|1\n|-enditem|p2a: Roaring Moon|Booster Energy\n|-activate|p2a: Roaring Moon|ability: Protosynthesis|[fromitem]\n|-start|p2a: Roaring Moon|protosynthesisspe\n|turn|1\n|inactive|DRANZER5366263 has 30 seconds left.\n|\n|t:|1775225481\n|-terastallize|p1b: Terapagos|Stellar\n|detailschange|p1b: Terapagos|Terapagos-Stellar, L50, M, tera:Stellar\n|-heal|p1b: Terapagos|100/100|[silent]\n|move|p2b: Whimsicott|Tailwind|p2b: Whimsicott\n|-sidestart|p2: DRANZER5366263|move: Tailwind\n|move|p1a: Hitmontop|Vacuum Wave|p1b: Terapagos\n|-supereffective|p1b: Terapagos\n|-damage|p1b: Terapagos|95/100\n|-enditem|p1b: Terapagos|Weakness Policy\n|-boost|p1b: Terapagos|atk|2|[from] item: Weakness Policy\n|-boost|p1b: Terapagos|spa|2|[from] item: Weakness Policy\n|move|p2a: Roaring Moon|Knock Off|p1b: Terapagos\n|-damage|p1b: Terapagos|80/100\n|move|p1b: Terapagos|Tera Starstorm|p2b: Whimsicott|[spread] p2a,p2b\n|-damage|p2a: Roaring Moon|17/100\n|-damage|p2b: Whimsicott|0 fnt\n|faint|p2b: Whimsicott\n|\n|upkeep\n|\n|t:|1775225503\n|switch|p2b: Kyogre|Kyogre, L50|100/100\n|-weather|RainDance|[from] ability: Drizzle|[of] p2b: Kyogre\n|turn|2\n|\n|t:|1775225524\n|move|p1a: Hitmontop|Wide Guard|p1a: Hitmontop\n|-singleturn|p1a: Hitmontop|Wide Guard\n|move|p2a: Roaring Moon|Acrobatics|p1b: Terapagos\n|-damage|p1b: Terapagos|62/100\n|move|p2b: Kyogre|Water Spout|p1b: Terapagos|[spread] \n|-activate|p1a: Hitmontop|move: Wide Guard\n|-activate|p1b: Terapagos|move: Wide Guard\n|move|p1b: Terapagos|Rock Polish|p1b: Terapagos\n|-boost|p1b: Terapagos|spe|2\n|\n|-weather|RainDance|[upkeep]\n|upkeep\n|turn|3\n|\n|t:|1775225545\n|move|p2b: Kyogre|Protect|p2b: Kyogre\n|-singleturn|p2b: Kyogre|Protect\n|move|p1b: Terapagos|Protect|p1b: Terapagos\n|-singleturn|p1b: Terapagos|Protect\n|move|p1a: Hitmontop|Wide Guard|p1a: Hitmontop\n|-singleturn|p1a: Hitmontop|Wide Guard\n|move|p2a: Roaring Moon|Taunt|p1a: Hitmontop\n|-start|p1a: Hitmontop|move: Taunt\n|\n|-weather|RainDance|[upkeep]\n|upkeep\n|turn|4\n|\n|t:|1775225567\n|move|p1b: Terapagos|Protect||[still]\n|-fail|p1b: Terapagos\n|move|p2a: Roaring Moon|Acrobatics|p1b: Terapagos\n|-damage|p1b: Terapagos|45/100\n|move|p2b: Kyogre|Water Spout|p1a: Hitmontop|[spread] p1a,p1b\n|-damage|p1a: Hitmontop|0 fnt\n|-damage|p1b: Terapagos|0 fnt\n|faint|p1a: Hitmontop\n|faint|p1b: Terapagos\n|detailschange|p1: Terapagos|Terapagos, L50, M|[silent]\n|\n|-weather|RainDance|[upkeep]\n|-sideend|p2: DRANZER5366263|move: Tailwind\n|upkeep\n|\n|t:|1775225580\n|switch|p1a: Whimsicott|Whimsicott, L50, F|100/100\n|switch|p1b: Calyrex|Calyrex-Shadow, L50|100/100\n|-ability|p1b: Calyrex|As One\n|-ability|p1b: Calyrex|Unnerve\n|turn|5\n|\n|t:|1775225600\n|move|p2b: Kyogre|Protect|p2b: Kyogre\n|-singleturn|p2b: Kyogre|Protect\n|move|p1a: Whimsicott|Tailwind|p1a: Whimsicott\n|-sidestart|p1: asouleoe|move: Tailwind\n|move|p1b: Calyrex|Astral Barrage|p2a: Roaring Moon|[spread] p2a\n|-activate|p2b: Kyogre|move: Protect\n|-resisted|p2a: Roaring Moon\n|-damage|p2a: Roaring Moon|0 fnt\n|faint|p2a: Roaring Moon\n|-end|p2a: Roaring Moon|Protosynthesis|[silent]\n|-ability|p1b: Calyrex|Grim Neigh|boost\n|-boost|p1b: Calyrex|spa|1\n|\n|-weather|RainDance|[upkeep]\n|upkeep\n|\n|t:|1775225610\n|switch|p2a: Caballo negro pe|Calyrex-Shadow, L50|100/100\n|-ability|p2a: Caballo negro pe|As One\n|-ability|p2a: Caballo negro pe|Unnerve\n|turn|6\n|\n|t:|1775225628\n|move|p1b: Calyrex|Protect|p1b: Calyrex\n|-singleturn|p1b: Calyrex|Protect\n|move|p1a: Whimsicott|Encore|p2b: Kyogre\n|-start|p2b: Kyogre|Encore\n|move|p2a: Caballo negro pe|Astral Barrage|p1a: Whimsicott|[spread] p1a\n|-activate|p1b: Calyrex|move: Protect\n|-damage|p1a: Whimsicott|30/100\n|move|p2b: Kyogre|Protect||[still]\n|-fail|p2b: Kyogre\n|\n|-weather|none\n|upkeep\n|turn|7\n|\n|t:|1775225648\n|move|p2b: Kyogre|Protect|p2b: Kyogre\n|-singleturn|p2b: Kyogre|Protect\n|move|p1b: Calyrex|Astral Barrage|p2b: Kyogre|[spread] p2a\n|-activate|p2b: Kyogre|move: Protect\n|-supereffective|p2a: Caballo negro pe\n|-enditem|p2a: Caballo negro pe|Focus Sash\n|-damage|p2a: Caballo negro pe|1/100\n|move|p1a: Whimsicott|Moonblast|p2a: Caballo negro pe\n|-damage|p2a: Caballo negro pe|0 fnt\n|faint|p2a: Caballo negro pe\n|\n|upkeep\n|turn|8\n|-message|DRANZER5366263 forfeited.\n|\n|win|asouleoe\n|raw|asouleoe's rating: 1231 &rarr; <strong>1252</strong><br />(+21 for winning)\n|raw|DRANZER5366263's rating: 1176 &rarr; <strong>1155</strong><br />(-21 for losing)\n|l|\u2606DRANZER5366263\n|player|p2|\n","uploadtime":1775225671,"views":11,"formatid":"gen9vgc2026regi","rating":1155,"private":0,"password":null}