{"id":"gen9vgc2026regi-2536553685","format":"[Gen 9] VGC 2026 Reg I","players":["yubanmeiqin","xianbutinghua"],"log":"|j|\u2606yubanmeiqin\n|j|\u2606xianbutinghua\n|t:|1770704359\n|gametype|doubles\n|player|p1|yubanmeiqin|iono-masters|1439\n|player|p2|xianbutinghua|winona|1388\n|gen|9\n|tier|[Gen 9] VGC 2026 Reg I\n|rated|\n|rule|Species Clause: Limit one of each Pok\u00e9mon\n|rule|Item Clause: Limit 1 of each item\n|clearpoke\n|poke|p1|Koraidon, L50|\n|poke|p1|Lunala, L50|\n|poke|p1|Tornadus, L50, M|\n|poke|p1|Raging Bolt, L50|\n|poke|p1|Rillaboom, L50, M|\n|poke|p1|Incineroar, L50, M|\n|poke|p2|Kyogre, L50|\n|poke|p2|Calyrex-Ice, L50|\n|poke|p2|Whimsicott, L50, F|\n|poke|p2|Regieleki, L50|\n|poke|p2|Flamigo, L50, F|\n|poke|p2|Bruxish, L50, M|\n|teampreview|4\n|inactive|Battle timer is ON: inactive players will automatically lose when time's up. (requested by xianbutinghua)\n|inactive|yubanmeiqin has 60 seconds left.\n|inactive|xianbutinghua has 60 seconds left.\n|\n|t:|1770704406\n|teamsize|p1|4\n|teamsize|p2|4\n|start\n|switch|p1a: Tornadus|Tornadus, L50, M|100/100\n|switch|p1b: Lunala|Lunala, L50|100/100\n|switch|p2a: Calyrex|Calyrex-Ice, L50|100/100\n|switch|p2b: Whimsicott|Whimsicott, L50, F|100/100\n|-ability|p2a: Calyrex|As One\n|-ability|p2a: Calyrex|Unnerve\n|turn|1\n|\n|t:|1770704427\n|switch|p1a: Incineroar|Incineroar, L50, M|100/100\n|-ability|p1a: Incineroar|Intimidate|boost\n|-unboost|p2a: Calyrex|atk|1\n|-unboost|p2b: Whimsicott|atk|1\n|move|p2b: Whimsicott|Taunt|p1b: Lunala\n|-start|p1b: Lunala|move: Taunt\n|move|p1b: Lunala|Meteor Beam||[still]\n|-prepare|p1b: Lunala|Meteor Beam\n|-boost|p1b: Lunala|spa|1\n|-enditem|p1b: Lunala|Power Herb\n|-anim|p1b: Lunala|Meteor Beam|p2a: Calyrex\n|-supereffective|p2a: Calyrex\n|-damage|p2a: Calyrex|37/100\n|move|p2a: Calyrex|Glacial Lance|p1b: Lunala|[spread] p1a,p1b\n|-resisted|p1a: Incineroar\n|-damage|p1a: Incineroar|85/100\n|-damage|p1b: Lunala|83/100\n|\n|upkeep\n|turn|2\n|inactive|xianbutinghua has 30 seconds left.\n|inactive|yubanmeiqin has 30 seconds left.\n|inactive|xianbutinghua has 20 seconds left.\n|\n|t:|1770704464\n|move|p1a: Incineroar|Fake Out|p2a: Calyrex\n|-damage|p2a: Calyrex|31/100\n|move|p2b: Whimsicott|Tailwind|p2b: Whimsicott\n|-sidestart|p2: xianbutinghua|move: Tailwind\n|move|p1b: Lunala|Moongeist Beam|p2a: Calyrex\n|-supereffective|p2a: Calyrex\n|-damage|p2a: Calyrex|0 fnt\n|faint|p2a: Calyrex\n|\n|upkeep\n|\n|t:|1770704488\n|switch|p2a: Regieleki|Regieleki, L50|100/100\n|turn|3\n|\n|t:|1770704502\n|-terastallize|p2a: Regieleki|Electric\n|move|p2a: Regieleki|Thunder|p1b: Lunala\n|-damage|p1b: Lunala|0 fnt\n|faint|p1b: Lunala\n|move|p2b: Whimsicott|Moonblast|p1a: Incineroar\n|-damage|p1a: Incineroar|67/100\n|-unboost|p1a: Incineroar|spa|1\n|move|p1a: Incineroar|U-turn|p2b: Whimsicott\n|-damage|p2b: Whimsicott|77/100\n|\n|t:|1770704513\n|switch|p1a: Koraidon|Koraidon, L50|100/100|[from] U-turn\n|-weather|SunnyDay|[from] ability: Orichalcum Pulse|[of] p1a: Koraidon\n|-activate|p1a: Koraidon|Orichalcum Pulse|[source]\n|\n|-weather|SunnyDay|[upkeep]\n|upkeep\n|\n|t:|1770704519\n|switch|p1b: Incineroar|Incineroar, L50, M|67/100\n|-ability|p1b: Incineroar|Intimidate|boost\n|-unboost|p2a: Regieleki|atk|1\n|-unboost|p2b: Whimsicott|atk|1\n|turn|4\n|\n|t:|1770704533\n|-terastallize|p1a: Koraidon|Fire\n|move|p1b: Incineroar|Fake Out|p2a: Regieleki\n|-damage|p2a: Regieleki|79/100\n|cant|p2a: Regieleki|flinch\n|move|p2b: Whimsicott|Moonblast|p1a: Koraidon\n|-resisted|p1a: Koraidon\n|-damage|p1a: Koraidon|87/100\n|move|p1a: Koraidon|Flare Blitz|p2a: Regieleki\n|-damage|p2a: Regieleki|0 fnt\n|faint|p2a: Regieleki\n|-damage|p1a: Koraidon|66/100|[from] Recoil\n|\n|-weather|SunnyDay|[upkeep]\n|upkeep\n|\n|t:|1770704536\n|switch|p2a: Kyogre|Kyogre, L50|100/100\n|-weather|RainDance|[from] ability: Drizzle|[of] p2a: Kyogre\n|turn|5\n|inactive|yubanmeiqin has 30 seconds left.\n|inactive|xianbutinghua has 30 seconds left.\n|\n|t:|1770704562\n|switch|p1a: Tornadus|Tornadus, L50, M|100/100\n|move|p2b: Whimsicott|Moonblast|p1b: Incineroar\n|-damage|p1b: Incineroar|46/100\n|move|p2a: Kyogre|Water Spout|p1b: Incineroar|[spread] p1a,p1b\n|-supereffective|p1b: Incineroar\n|-enditem|p1a: Tornadus|Focus Sash\n|-damage|p1a: Tornadus|1/100\n|-damage|p1b: Incineroar|0 fnt\n|faint|p1b: Incineroar\n|\n|-weather|RainDance|[upkeep]\n|-sideend|p2: xianbutinghua|move: Tailwind\n|upkeep\n|\n|t:|1770704574\n|switch|p1b: Koraidon|Koraidon, L50, tera:Fire|66/100\n|-weather|SunnyDay|[from] ability: Orichalcum Pulse|[of] p1b: Koraidon\n|-activate|p1b: Koraidon|Orichalcum Pulse|[source]\n|turn|6\n|\n|t:|1770704586\n|move|p2b: Whimsicott|Tailwind|p2b: Whimsicott\n|-sidestart|p2: xianbutinghua|move: Tailwind\n|move|p1a: Tornadus|Tailwind|p1a: Tornadus\n|-sidestart|p1: yubanmeiqin|move: Tailwind\n|move|p1b: Koraidon|Collision Course|p2a: Kyogre\n|-damage|p2a: Kyogre|24/100\n|move|p2a: Kyogre|Origin Pulse|p1a: Tornadus|[spread] p1a,p1b\n|-supereffective|p1b: Koraidon\n|-damage|p1a: Tornadus|0 fnt\n|-damage|p1b: Koraidon|11/100\n|faint|p1a: Tornadus\n|\n|-weather|SunnyDay|[upkeep]\n|upkeep\n|turn|7\n|\n|t:|1770704597\n|move|p1b: Koraidon|Collision Course|p2a: Kyogre\n|-damage|p2a: Kyogre|0 fnt\n|faint|p2a: Kyogre\n|move|p2b: Whimsicott|Moonblast|p1b: Koraidon\n|-resisted|p1b: Koraidon\n|-damage|p1b: Koraidon|0 fnt\n|faint|p1b: Koraidon\n|\n|win|xianbutinghua\n|raw|yubanmeiqin's rating: 1439 &rarr; <strong>1416</strong><br />(-23 for losing)\n|raw|xianbutinghua's rating: 1388 &rarr; <strong>1411</strong><br />(+23 for winning)\n|l|\u2606yubanmeiqin\n|player|p1|\n|l|\u2606xianbutinghua\n|player|p2|\n","uploadtime":1770704826,"views":27,"formatid":"gen9vgc2026regi","rating":1411,"private":0,"password":null}