{"id":"gen9vgc2026regi-2531809076","format":"[Gen 9] VGC 2026 Reg I","players":["darkest_contender","yamato-tak"],"log":"|j|\u2606darkest_contender\n|j|\u2606yamato-tak\n|t:|1770102665\n|gametype|doubles\n|player|p1|darkest_contender|cynthia-masters|1316\n|player|p2|yamato-tak|170|1554\n|gen|9\n|tier|[Gen 9] VGC 2026 Reg I\n|rated|\n|rule|Species Clause: Limit one of each Pok\u00e9mon\n|rule|Item Clause: Limit 1 of each item\n|clearpoke\n|poke|p1|Calyrex-Shadow, L50|\n|poke|p1|Zamazenta-*, L50|\n|poke|p1|Ogerpon-Cornerstone, L50, F|\n|poke|p1|Flutter Mane, L50|\n|poke|p1|Whimsicott, L50, F|\n|poke|p1|Torkoal, L50, M|\n|poke|p2|Calyrex-Shadow, L50|\n|poke|p2|Terapagos, L50, M|\n|poke|p2|Volcarona, L50, F|\n|poke|p2|Sinistcha-Masterpiece, L50|\n|poke|p2|Incineroar, L50, F|\n|poke|p2|Grimmsnarl, L50, M|\n|teampreview|4\n|inactive|Battle timer is ON: inactive players will automatically lose when time's up. (requested by yamato-tak)\n|\n|t:|1770102693\n|teamsize|p1|4\n|teamsize|p2|4\n|start\n|switch|p1a: Zamazenta|Zamazenta-Crowned, L50|100/100\n|switch|p1b: Flutter Mane|Flutter Mane, L50|100/100\n|switch|p2a: Grimmsnarl|Grimmsnarl, L50, M, shiny|100/100\n|switch|p2b: Calyrex|Calyrex-Shadow, L50|100/100\n|-ability|p2b: Calyrex|As One\n|-ability|p2b: Calyrex|Unnerve\n|-ability|p1a: Zamazenta|Dauntless Shield|boost\n|-boost|p1a: Zamazenta|def|1\n|-enditem|p1b: Flutter Mane|Booster Energy\n|-activate|p1b: Flutter Mane|ability: Protosynthesis|[fromitem]\n|-start|p1b: Flutter Mane|protosynthesisspe\n|turn|1\n|\n|t:|1770102706\n|move|p2b: Calyrex|Protect|p2b: Calyrex\n|-singleturn|p2b: Calyrex|Protect\n|move|p2a: Grimmsnarl|Light Screen|p2a: Grimmsnarl\n|-sidestart|p2: yamato-tak|move: Light Screen\n|move|p1b: Flutter Mane|Moonblast|p2b: Calyrex\n|-activate|p2b: Calyrex|move: Protect\n|move|p1a: Zamazenta|Behemoth Bash|p2a: Grimmsnarl\n|-supereffective|p2a: Grimmsnarl\n|-damage|p2a: Grimmsnarl|17/100\n|\n|upkeep\n|turn|2\n|inactive|yamato-tak has 30 seconds left.\n|\n|t:|1770102733\n|move|p2a: Grimmsnarl|Reflect|p2a: Grimmsnarl\n|-sidestart|p2: yamato-tak|Reflect\n|move|p1b: Flutter Mane|Moonblast|p2b: Calyrex\n|-damage|p2b: Calyrex|66/100\n|move|p2b: Calyrex|Will-O-Wisp|p1a: Zamazenta\n|-status|p1a: Zamazenta|brn\n|move|p1a: Zamazenta|Behemoth Bash|p2b: Calyrex\n|-damage|p2b: Calyrex|49/100\n|\n|-damage|p1a: Zamazenta|94/100 brn|[from] brn\n|upkeep\n|turn|3\n|\n|t:|1770102747\n|move|p2a: Grimmsnarl|Parting Shot|p1b: Flutter Mane\n|-unboost|p1b: Flutter Mane|atk|1\n|-unboost|p1b: Flutter Mane|spa|1\n|\n|t:|1770102750\n|switch|p2a: Volcarona|Volcarona, L50, F, shiny|100/100|[from] Parting Shot\n|move|p1b: Flutter Mane|Shadow Ball|p2b: Calyrex\n|-supereffective|p2b: Calyrex\n|-damage|p2b: Calyrex|0 fnt\n|faint|p2b: Calyrex\n|move|p1a: Zamazenta|Body Press|p2a: Volcarona\n|-resisted|p2a: Volcarona\n|-damage|p2a: Volcarona|87/100\n|\n|-heal|p2a: Volcarona|93/100|[from] item: Leftovers\n|-damage|p1a: Zamazenta|88/100 brn|[from] brn\n|upkeep\n|\n|t:|1770102760\n|switch|p2b: Grimmsnarl|Grimmsnarl, L50, M, shiny|17/100\n|turn|4\n|\n|t:|1770102770\n|move|p2b: Grimmsnarl|Fake Out|p1a: Zamazenta\n|-resisted|p1a: Zamazenta\n|-damage|p1a: Zamazenta|86/100 brn\n|move|p1b: Flutter Mane|Taunt|p2a: Volcarona\n|-start|p2a: Volcarona|move: Taunt\n|cant|p1a: Zamazenta|flinch\n|cant|p2a: Volcarona|move: Taunt|Quiver Dance\n|\n|-heal|p2a: Volcarona|99/100|[from] item: Leftovers\n|-damage|p1a: Zamazenta|80/100 brn|[from] brn\n|upkeep\n|turn|5\n|\n|t:|1770102786\n|switch|p2a: Terapagos|Terapagos, L50, M|100/100\n|-activate|p2a: Terapagos|ability: Tera Shift\n|detailschange|p2a: Terapagos|Terapagos-Terastal, L50, M\n|-heal|p2a: Terapagos|100/100|[silent]\n|move|p2b: Grimmsnarl|Parting Shot|p1b: Flutter Mane\n|-unboost|p1b: Flutter Mane|atk|1\n|-unboost|p1b: Flutter Mane|spa|1\n|\n|t:|1770102788\n|switch|p2b: Volcarona|Volcarona, L50, F, shiny|99/100|[from] Parting Shot\n|move|p1b: Flutter Mane|Shadow Ball|p2a: Terapagos\n|-immune|p2a: Terapagos\n|move|p1a: Zamazenta|Body Press|p2b: Volcarona\n|-resisted|p2b: Volcarona\n|-damage|p2b: Volcarona|86/100\n|\n|-heal|p2b: Volcarona|93/100|[from] item: Leftovers\n|-damage|p1a: Zamazenta|74/100 brn|[from] brn\n|upkeep\n|turn|6\n|j| shane999999\n|l| shane999999\n|\n|t:|1770102805\n|move|p1b: Flutter Mane|Taunt|p2b: Volcarona\n|-start|p2b: Volcarona|move: Taunt\n|move|p1a: Zamazenta|Iron Defense|p1a: Zamazenta\n|-boost|p1a: Zamazenta|def|2\n|cant|p2b: Volcarona|move: Taunt|Quiver Dance\n|move|p2a: Terapagos|Calm Mind|p2a: Terapagos\n|-boost|p2a: Terapagos|spa|1\n|-boost|p2a: Terapagos|spd|1\n|\n|-heal|p2b: Volcarona|99/100|[from] item: Leftovers\n|-damage|p1a: Zamazenta|68/100 brn|[from] brn\n|upkeep\n|turn|7\n|\n|t:|1770102823\n|move|p1b: Flutter Mane|Icy Wind|p2a: Terapagos|[spread] p2a,p2b\n|-activate|p2a: Terapagos|ability: Tera Shell\n|-resisted|p2a: Terapagos\n|-resisted|p2b: Volcarona\n|-damage|p2a: Terapagos|99/100\n|-damage|p2b: Volcarona|97/100\n|-unboost|p2b: Volcarona|spe|1\n|move|p1a: Zamazenta|Body Press|p2a: Terapagos\n|-supereffective|p2a: Terapagos\n|-damage|p2a: Terapagos|42/100\n|move|p2a: Terapagos|Tera Starstorm|p1b: Flutter Mane\n|-immune|p1b: Flutter Mane\n|move|p2b: Volcarona|Fiery Dance|p1b: Flutter Mane\n|-damage|p1b: Flutter Mane|65/100\n|-boost|p2b: Volcarona|spa|1\n|\n|-heal|p2b: Volcarona|100/100|[from] item: Leftovers\n|-damage|p1a: Zamazenta|62/100 brn|[from] brn\n|upkeep\n|turn|8\n|\n|t:|1770102841\n|move|p2a: Terapagos|Protect|p2a: Terapagos\n|-singleturn|p2a: Terapagos|Protect\n|move|p1b: Flutter Mane|Shadow Ball|p2b: Volcarona\n|-damage|p2b: Volcarona|88/100\n|-unboost|p2b: Volcarona|spd|1\n|move|p1a: Zamazenta|Body Press|p2a: Terapagos\n|-activate|p2a: Terapagos|move: Protect\n|move|p2b: Volcarona|Fiery Dance|p1b: Flutter Mane\n|-damage|p1b: Flutter Mane|5/100\n|\n|-heal|p2b: Volcarona|94/100|[from] item: Leftovers\n|-damage|p1a: Zamazenta|55/100 brn|[from] brn\n|-end|p2b: Volcarona|move: Taunt\n|-sideend|p2: yamato-tak|move: Light Screen\n|upkeep\n|turn|9\n|inactive|yamato-tak has 30 seconds left.\n|inactive|yamato-tak has 20 seconds left.\n|\n|t:|1770102877\n|switch|p2b: Grimmsnarl|Grimmsnarl, L50, M, shiny|17/100\n|move|p1b: Flutter Mane|Taunt|p2b: Grimmsnarl\n|-start|p2b: Grimmsnarl|move: Taunt\n|move|p1a: Zamazenta|Body Press|p2a: Terapagos\n|-supereffective|p2a: Terapagos\n|-damage|p2a: Terapagos|0 fnt\n|faint|p2a: Terapagos\n|\n|-damage|p1a: Zamazenta|49/100 brn|[from] brn\n|-sideend|p2: yamato-tak|Reflect\n|upkeep\n|\n|t:|1770102880\n|switch|p2a: Volcarona|Volcarona, L50, F, shiny|94/100\n|turn|10\n|-message|yamato-tak forfeited.\n|\n|win|darkest_contender\n|raw|darkest_contender's rating: 1316 &rarr; <strong>1348</strong><br />(+32 for winning)\n|raw|yamato-tak's rating: 1554 &rarr; <strong>1522</strong><br />(-32 for losing)\n|l|\u2606darkest_contender\n|player|p1|\n|l|\u2606yamato-tak\n|player|p2|\n","uploadtime":1770103026,"views":14,"formatid":"gen9vgc2026regi","rating":1348,"private":0,"password":null}