{"id":"gen9vgc2026regi-2565034345","format":"[Gen 9] VGC 2026 Reg I","players":["slicertheabsol","Rillabossman"],"log":"|j|\u2606slicertheabsol\n|j|\u2606Rillabossman\n|t:|1774221990\n|gametype|doubles\n|player|p1|slicertheabsol|beauty-gen6xy|1390\n|player|p2|Rillabossman|burglar|1412\n|gen|9\n|tier|[Gen 9] VGC 2026 Reg I\n|rated|\n|rule|Species Clause: Limit one of each Pok\u00e9mon\n|rule|Item Clause: Limit 1 of each item\n|clearpoke\n|poke|p1|Giratina-Origin, L50|\n|poke|p1|Chien-Pao, L50|\n|poke|p1|Kingambit, L50, M|\n|poke|p1|Ho-Oh, L50|\n|poke|p1|Landorus-Therian, L50, M|\n|poke|p1|Sinistcha, L50|\n|poke|p2|Kyogre, L50|\n|poke|p2|Calyrex-Ice, L50|\n|poke|p2|Amoonguss, L50, M|\n|poke|p2|Gothitelle, L50, M|\n|poke|p2|Landorus, L50, M|\n|poke|p2|Incineroar, L50, M|\n|teampreview|4\n|c|\u2606Rillabossman|glhf\n|c|\u2606slicertheabsol|you too\n|\n|t:|1774222026\n|teamsize|p1|4\n|teamsize|p2|4\n|start\n|switch|p1a: Ho-Oh|Ho-Oh, L50|100/100\n|switch|p1b: Landorus|Landorus-Therian, L50, M|100/100\n|switch|p2a: Calyrex|Calyrex-Ice, L50|100/100\n|switch|p2b: Gothitelle|Gothitelle, L50, M|100/100\n|-ability|p2a: Calyrex|As One\n|-ability|p2a: Calyrex|Unnerve\n|-ability|p1b: Landorus|Intimidate|boost\n|-unboost|p2a: Calyrex|atk|1\n|-unboost|p2b: Gothitelle|atk|1\n|turn|1\n|\n|t:|1774222053\n|move|p2b: Gothitelle|Fake Out|p1a: Ho-Oh\n|-damage|p1a: Ho-Oh|97/100\n|move|p1b: Landorus|U-turn|p2b: Gothitelle\n|-supereffective|p2b: Gothitelle\n|-damage|p2b: Gothitelle|60/100\n|\n|t:|1774222058\n|switch|p1b: Kingambit|Kingambit, L50, M|100/100|[from] U-turn\n|cant|p1a: Ho-Oh|flinch\n|move|p2a: Calyrex|Trick Room|p2a: Calyrex\n|-fieldstart|move: Trick Room|[of] p2a: Calyrex\n|\n|-heal|p2b: Gothitelle|66/100|[from] item: Leftovers\n|upkeep\n|turn|2\n|\n|t:|1774222094\n|switch|p2b: Amoonguss|Amoonguss, L50, M|100/100\n|-terastallize|p2a: Calyrex|Fairy\n|move|p1b: Kingambit|Iron Head|p2a: Calyrex\n|-supereffective|p2a: Calyrex\n|-damage|p2a: Calyrex|50/100\n|-enditem|p2a: Calyrex|Sitrus Berry|[eat]\n|-heal|p2a: Calyrex|75/100|[from] item: Sitrus Berry\n|move|p2a: Calyrex|Leech Seed|p1b: Kingambit\n|-start|p1b: Kingambit|move: Leech Seed\n|move|p1a: Ho-Oh|Sacred Fire|p2b: Amoonguss\n|-supereffective|p2b: Amoonguss\n|-damage|p2b: Amoonguss|18/100\n|-status|p2b: Amoonguss|brn\n|\n|-damage|p1b: Kingambit|88/100|[from] Leech Seed|[of] p2a: Calyrex\n|-heal|p2a: Calyrex|87/100|[silent]\n|-damage|p2b: Amoonguss|12/100 brn|[from] brn\n|upkeep\n|turn|3\n|\n|t:|1774222138\n|switch|p1a: Landorus|Landorus-Therian, L50, M|100/100\n|-ability|p1a: Landorus|Intimidate|boost\n|-unboost|p2a: Calyrex|atk|1\n|-unboost|p2b: Amoonguss|atk|1\n|move|p2b: Amoonguss|Spore|p1b: Kingambit\n|-status|p1b: Kingambit|slp|[from] move: Spore\n|cant|p1b: Kingambit|slp\n|move|p2a: Calyrex|Leech Seed|p1a: Landorus|[miss]\n|-miss|p2a: Calyrex|p1a: Landorus\n|\n|-damage|p1b: Kingambit|76/100 slp|[from] Leech Seed|[of] p2a: Calyrex\n|-heal|p2a: Calyrex|99/100|[silent]\n|-damage|p2b: Amoonguss|6/100 brn|[from] brn\n|upkeep\n|turn|4\n|\n|t:|1774222174\n|move|p2b: Amoonguss|Spore|p1a: Landorus\n|-status|p1a: Landorus|slp|[from] move: Spore\n|cant|p1b: Kingambit|slp\n|move|p2a: Calyrex|Glacial Lance|p1b: Kingambit|[spread] p1a,p1b\n|-supereffective|p1a: Landorus\n|-resisted|p1b: Kingambit\n|-damage|p1a: Landorus|0 fnt\n|-damage|p1b: Kingambit|67/100 slp\n|faint|p1a: Landorus\n|-ability|p2a: Calyrex|Chilling Neigh|boost\n|-boost|p2a: Calyrex|atk|1\n|\n|-damage|p1b: Kingambit|55/100 slp|[from] Leech Seed|[of] p2a: Calyrex\n|-heal|p2a: Calyrex|100/100|[silent]\n|-damage|p2b: Amoonguss|0 fnt|[from] brn\n|faint|p2b: Amoonguss\n|upkeep\n|\n|t:|1774222189\n|switch|p2b: Kyogre|Kyogre, L50|100/100\n|switch|p1a: Ho-Oh|Ho-Oh, L50|100/100\n|-weather|RainDance|[from] ability: Drizzle|[of] p2b: Kyogre\n|turn|5\n|\n|t:|1774222238\n|move|p1a: Ho-Oh|Protect|p1a: Ho-Oh\n|-singleturn|p1a: Ho-Oh|Protect\n|-curestatus|p1b: Kingambit|slp|[msg]\n|move|p1b: Kingambit|Iron Head|p2a: Calyrex\n|-supereffective|p2a: Calyrex\n|-damage|p2a: Calyrex|47/100\n|move|p2a: Calyrex|Glacial Lance|p1a: Ho-Oh|[spread] p1b\n|-activate|p1a: Ho-Oh|move: Protect\n|-resisted|p1b: Kingambit\n|-damage|p1b: Kingambit|42/100\n|move|p2b: Kyogre|Water Spout|p1a: Ho-Oh|[spread] p1b\n|-activate|p1a: Ho-Oh|move: Protect\n|-damage|p1b: Kingambit|0 fnt\n|faint|p1b: Kingambit\n|\n|-weather|RainDance|[upkeep]\n|-fieldend|move: Trick Room\n|upkeep\n|\n|t:|1774222254\n|switch|p1b: Giratina|Giratina-Origin, L50|100/100\n|turn|6\n|\n|t:|1774222283\n|-terastallize|p1a: Ho-Oh|Grass\n|move|p1a: Ho-Oh|Brave Bird|p2b: Kyogre\n|-damage|p2b: Kyogre|50/100\n|-damage|p1a: Ho-Oh|84/100|[from] Recoil\n|move|p1b: Giratina|Poltergeist|p2b: Kyogre\n|-activate|p2b: Kyogre|move: Poltergeist|Assault Vest\n|-damage|p2b: Kyogre|1/100\n|move|p2b: Kyogre|Water Spout|p1a: Ho-Oh|[spread] p1a,p1b\n|-resisted|p1a: Ho-Oh\n|-resisted|p1b: Giratina\n|-damage|p1a: Ho-Oh|83/100\n|-damage|p1b: Giratina|99/100\n|move|p2a: Calyrex|Trick Room|p2a: Calyrex\n|-fieldstart|move: Trick Room|[of] p2a: Calyrex\n|\n|-weather|RainDance|[upkeep]\n|upkeep\n|turn|7\n|\n|t:|1774222307\n|switch|p2a: Gothitelle|Gothitelle, L50, M|66/100\n|move|p1a: Ho-Oh|Protect|p1a: Ho-Oh\n|-singleturn|p1a: Ho-Oh|Protect\n|move|p1b: Giratina|Shadow Sneak|p2b: Kyogre\n|-damage|p2b: Kyogre|0 fnt\n|faint|p2b: Kyogre\n|\n|-weather|RainDance|[upkeep]\n|-heal|p2a: Gothitelle|72/100|[from] item: Leftovers\n|upkeep\n|\n|t:|1774222312\n|switch|p2b: Calyrex|Calyrex-Ice, L50, tera:Fairy|47/100\n|-ability|p2b: Calyrex|As One\n|-ability|p2b: Calyrex|Unnerve\n|turn|8\n|\n|t:|1774222334\n|move|p1a: Ho-Oh|Protect|p1a: Ho-Oh\n|-singleturn|p1a: Ho-Oh|Protect\n|move|p2b: Calyrex|Glacial Lance|p1a: Ho-Oh|[spread] p1b\n|-activate|p1a: Ho-Oh|move: Protect\n|-supereffective|p1b: Giratina\n|-damage|p1b: Giratina|30/100\n|move|p2a: Gothitelle|Foul Play|p1a: Ho-Oh\n|-activate|p1a: Ho-Oh|move: Protect\n|move|p1b: Giratina|Poltergeist||[still]\n|-fail|p1b: Giratina\n|\n|-weather|RainDance|[upkeep]\n|-heal|p2a: Gothitelle|78/100|[from] item: Leftovers\n|upkeep\n|turn|9\n|\n|t:|1774222351\n|move|p1b: Giratina|Shadow Sneak|p2a: Gothitelle\n|-supereffective|p2a: Gothitelle\n|-damage|p2a: Gothitelle|38/100\n|move|p2b: Calyrex|Glacial Lance|p1b: Giratina|[spread] p1a,p1b\n|-supereffective|p1a: Ho-Oh\n|-supereffective|p1b: Giratina\n|-damage|p1a: Ho-Oh|0 fnt\n|-damage|p1b: Giratina|0 fnt\n|faint|p1a: Ho-Oh\n|faint|p1b: Giratina\n|\n|win|Rillabossman\n|raw|slicertheabsol's rating: 1390 &rarr; <strong>1371</strong><br />(-19 for losing)\n|raw|Rillabossman's rating: 1412 &rarr; <strong>1431</strong><br />(+19 for winning)\n|c|\u2606slicertheabsol|gg\n|l|\u2606slicertheabsol\n|player|p1|\n|c|\u2606Rillabossman|gg\n|j| KingNoahC17\n|j| Carrielis\n|l| Carrielis\n|l|\u2606Rillabossman\n|player|p2|\n|j|\u2606Rillabossman\n|player|p2|Rillabossman|burglar|\n|l| KingNoahC17\n","uploadtime":1774222595,"views":12,"formatid":"gen9vgc2026regi","rating":1371,"private":0,"password":null}