{"id":"gen9vgc2026regi-2579593116","format":"[Gen 9] VGC 2026 Reg I","players":["Edvinpasta07","TheManOfSausage"],"log":"|j|\u2606Edvinpasta07\n|j|\u2606TheManOfSausage\n|t:|1775802754\n|gametype|doubles\n|player|p1|Edvinpasta07|miku-fire|1632\n|player|p2|TheManOfSausage|miku-water|1647\n|gen|9\n|tier|[Gen 9] VGC 2026 Reg I\n|rated|\n|rule|Species Clause: Limit one of each Pok\u00e9mon\n|rule|Item Clause: Limit 1 of each item\n|clearpoke\n|poke|p1|Miraidon, L50|\n|poke|p1|Necrozma-Dawn-Wings, L50|\n|poke|p1|Ditto, L50|\n|poke|p1|Comfey, L50, F|\n|poke|p1|Incineroar, L50, F|\n|poke|p1|Smeargle, L50, F|\n|poke|p2|Calyrex-Ice, L50|\n|poke|p2|Miraidon, L50|\n|poke|p2|Farigiraf, L50, F|\n|poke|p2|Urshifu-*, L50, M|\n|poke|p2|Volcarona, L50, M|\n|poke|p2|Iron Hands, L50|\n|teampreview|4\n|inactive|Battle timer is ON: inactive players will automatically lose when time's up. (requested by Edvinpasta07)\n|j| shelllmeet\nTheManOfSausage has agreed to open team sheets.\n|l| shelllmeet\n|inactive|TheManOfSausage has 60 seconds left.\n|\n|t:|1775802788\n|teamsize|p1|4\n|teamsize|p2|4\n|start\n|switch|p1a: Necrozma|Necrozma-Dawn-Wings, L50|100/100\n|switch|p1b: Incineroar|Incineroar, L50, F|100/100\n|switch|p2a: Magical Mirai|Miraidon, L50|100/100\n|switch|p2b: Farigiraf|Farigiraf, L50, F|100/100\n|-fieldstart|move: Electric Terrain|[from] ability: Hadron Engine|[of] p2a: Magical Mirai\n|-enditem|p2b: Farigiraf|Electric Seed\n|-boost|p2b: Farigiraf|def|1|[from] item: Electric Seed\n|-ability|p1b: Incineroar|Intimidate|boost\n|-unboost|p2a: Magical Mirai|atk|1\n|-unboost|p2b: Farigiraf|atk|1\n|turn|1\n|\n|t:|1775802808\n|-terastallize|p1a: Necrozma|Dark\n|move|p2a: Magical Mirai|Volt Switch|p1a: Necrozma\n|-damage|p1a: Necrozma|48/100\n|\n|t:|1775802811\n|switch|p2a: Brian|Iron Hands, L50, shiny|100/100|[from] Volt Switch\n|-activate|p2a: Brian|ability: Quark Drive\n|-start|p2a: Brian|quarkdriveatk\n|move|p1b: Incineroar|U-turn|p1a: Necrozma\n|-supereffective|p1a: Necrozma\n|-damage|p1a: Necrozma|27/100\n|-enditem|p1a: Necrozma|Weakness Policy\n|-boost|p1a: Necrozma|atk|2|[from] item: Weakness Policy\n|-boost|p1a: Necrozma|spa|2|[from] item: Weakness Policy\n|\n|t:|1775802821\n|switch|p1b: Comfey|Comfey, L50, F|100/100|[from] U-turn\n|move|p2b: Farigiraf|Foul Play|p1a: Necrozma\n|-resisted|p1a: Necrozma\n|-damage|p1a: Necrozma|10/100\n|move|p1a: Necrozma|Moongeist Beam|p2a: Brian\n|-damage|p2a: Brian|22/100\n|\n|upkeep\n|turn|2\n|\n|t:|1775802836\n|move|p1a: Necrozma|Protect|p1a: Necrozma\n|-singleturn|p1a: Necrozma|Protect\n|move|p2a: Brian|Fake Out|p1a: Necrozma\n|-activate|p1a: Necrozma|move: Protect\n|move|p1b: Comfey|Trick Room|p1b: Comfey\n|-fieldstart|move: Trick Room|[of] p1b: Comfey\n|move|p2b: Farigiraf|Trick Room|p2b: Farigiraf\n|-fieldend|move: Trick Room\n|\n|upkeep\n|turn|3\n|\n|t:|1775802854\n|-end|p2a: Brian|Quark Drive|[silent]\n|switch|p2a: Magical Mirai|Miraidon, L50|100/100\n|-activate|p2a: Magical Mirai|ability: Hadron Engine\n|move|p2b: Farigiraf|Psychic|p1b: Comfey\n|-damage|p1b: Comfey|66/100\n|move|p1a: Necrozma|Moongeist Beam|p2a: Magical Mirai\n|-damage|p2a: Magical Mirai|0 fnt\n|faint|p2a: Magical Mirai\n|move|p1b: Comfey|Trick Room|p1b: Comfey\n|-fieldstart|move: Trick Room|[of] p1b: Comfey\n|\n|upkeep\n|\n|t:|1775802859\n|switch|p2a: Ogurin|Calyrex-Ice, L50|100/100\n|-ability|p2a: Ogurin|As One\n|-ability|p2a: Ogurin|Unnerve\n|turn|4\n|\n|t:|1775802868\n|-terastallize|p2a: Ogurin|Water\n|move|p2b: Farigiraf|Helping Hand|p2a: Ogurin\n|-singleturn|p2a: Ogurin|Helping Hand|[of] p2b: Farigiraf\n|move|p1b: Comfey|Floral Healing|p1a: Necrozma\n|-heal|p1a: Necrozma|60/100\n|move|p2a: Ogurin|Glacial Lance|p1a: Necrozma|[spread] p1a,p1b\n|-damage|p1a: Necrozma|0 fnt\n|-damage|p1b: Comfey|0 fnt\n|faint|p1a: Necrozma\n|faint|p1b: Comfey\n|-ability|p2a: Ogurin|Chilling Neigh|boost\n|-boost|p2a: Ogurin|atk|2\n|\n|upkeep\n|\n|t:|1775802875\n|switch|p1a: Miraidon|Miraidon, L50|100/100\n|switch|p1b: Incineroar|Incineroar, L50, F|100/100\n|-ability|p1b: Incineroar|Intimidate|boost\n|-fail|p2a: Ogurin|unboost|[from] item: Clear Amulet|[of] p2a: Ogurin\n|-unboost|p2b: Farigiraf|atk|1\n|-activate|p1a: Miraidon|ability: Hadron Engine\n|turn|5\n|\n|t:|1775802880\n|move|p1a: Miraidon|Protect|p1a: Miraidon\n|-singleturn|p1a: Miraidon|Protect\n|move|p2a: Ogurin|Glacial Lance|p1a: Miraidon|[spread] p1b\n|-activate|p1a: Miraidon|move: Protect\n|-resisted|p1b: Incineroar\n|-damage|p1b: Incineroar|48/100\n|move|p2b: Farigiraf|Foul Play|p1b: Incineroar\n|-resisted|p1b: Incineroar\n|-damage|p1b: Incineroar|37/100\n|move|p1b: Incineroar|Knock Off|p2a: Ogurin\n|-damage|p2a: Ogurin|78/100\n|-enditem|p2a: Ogurin|Clear Amulet|[from] move: Knock Off|[of] p1b: Incineroar\n|\n|-fieldend|move: Electric Terrain\n|upkeep\n|turn|6\n|\n|t:|1775802884\n|move|p2b: Farigiraf|Helping Hand|p2a: Ogurin\n|-singleturn|p2a: Ogurin|Helping Hand|[of] p2b: Farigiraf\n|move|p1a: Miraidon|Protect|p1a: Miraidon\n|-singleturn|p1a: Miraidon|Protect\n|move|p2a: Ogurin|Glacial Lance|p1a: Miraidon|[spread] p1b\n|-activate|p1a: Miraidon|move: Protect\n|-resisted|p1b: Incineroar\n|-damage|p1b: Incineroar|0 fnt\n|faint|p1b: Incineroar\n|-ability|p2a: Ogurin|Chilling Neigh|boost\n|-boost|p2a: Ogurin|atk|1\n|\n|upkeep\n|turn|7\n|c|\u2606TheManOfSausage|gg\n|\n|t:|1775802890\n|switch|p2b: Brian|Iron Hands, L50, shiny|22/100\n|move|p1a: Miraidon|Protect|p1a: Miraidon\n|-singleturn|p1a: Miraidon|Protect\n|move|p2a: Ogurin|Glacial Lance|p1a: Miraidon\n|-activate|p1a: Miraidon|move: Protect\n|\n|-fieldend|move: Trick Room\n|upkeep\n|turn|8\n|\n|t:|1775802897\n|move|p1a: Miraidon|Protect||[still]\n|-fail|p1a: Miraidon\n|move|p2b: Brian|Fake Out|p1a: Miraidon\n|-damage|p1a: Miraidon|85/100\n|move|p2a: Ogurin|Trick Room|p2a: Ogurin\n|-fieldstart|move: Trick Room|[of] p2a: Ogurin\n|\n|upkeep\n|turn|9\n|\n|t:|1775802902\n|-end|p2b: Brian|Quark Drive|[silent]\n|switch|p2b: Farigiraf|Farigiraf, L50, F|100/100\n|move|p1a: Miraidon|Protect|p1a: Miraidon\n|-singleturn|p1a: Miraidon|Protect\n|move|p2a: Ogurin|Glacial Lance|p1a: Miraidon\n|-activate|p1a: Miraidon|move: Protect\n|\n|upkeep\n|turn|10\n|\n|t:|1775802907\n|move|p2b: Farigiraf|Helping Hand|p2a: Ogurin\n|-singleturn|p2a: Ogurin|Helping Hand|[of] p2b: Farigiraf\n|move|p1a: Miraidon|Protect||[still]\n|-fail|p1a: Miraidon\n|move|p2a: Ogurin|Glacial Lance|p1a: Miraidon\n|-supereffective|p1a: Miraidon\n|-damage|p1a: Miraidon|0 fnt\n|faint|p1a: Miraidon\n|\n|win|TheManOfSausage\n|raw|Edvinpasta07's rating: 1632 &rarr; <strong>1613</strong><br />(-19 for losing)\n|raw|TheManOfSausage's rating: 1647 &rarr; <strong>1666</strong><br />(+19 for winning)\n|l|\u2606Edvinpasta07\n|player|p1|\n","uploadtime":1775803111,"views":29,"formatid":"gen9vgc2026regi","rating":1613,"private":0,"password":null}