{"id":"gen9vgc2026regi-2562141295","format":"[Gen 9] VGC 2026 Reg I","players":["CHR1SPHX","OptimalOpponent"],"log":"|j|\u2606CHR1SPHX\n|j|\u2606OptimalOpponent\n|t:|1773875236\n|gametype|doubles\n|player|p1|CHR1SPHX|hilbert|1253\n|player|p2|OptimalOpponent|1|1286\n|gen|9\n|tier|[Gen 9] VGC 2026 Reg I\n|rated|\n|rule|Species Clause: Limit one of each Pok\u00e9mon\n|rule|Item Clause: Limit 1 of each item\n|clearpoke\n|poke|p1|Flutter Mane, L50|\n|poke|p1|Incineroar, L50, M|\n|poke|p1|Ursaluna-Bloodmoon, L50, M|\n|poke|p1|Amoonguss, L50, M|\n|poke|p1|Koraidon, L50|\n|poke|p1|Lunala, L50|\n|poke|p2|Chien-Pao, L50|\n|poke|p2|Zacian-*, L50|\n|poke|p2|Kyogre, L50|\n|poke|p2|Urshifu-*, L50, M|\n|poke|p2|Roaring Moon, L50|\n|poke|p2|Amoonguss, L50, M|\n|teampreview|4\n|inactive|Battle timer is ON: inactive players will automatically lose when time's up. (requested by OptimalOpponent)\n|inactive|CHR1SPHX also wants the timer to be on.\n|inactive|OptimalOpponent has 60 seconds left.\n|inactive|OptimalOpponent has 30 seconds left.\n|inactive|OptimalOpponent has 20 seconds left.\n|inactive|OptimalOpponent has 15 seconds left.\n|\n|t:|1773875311\n|teamsize|p1|4\n|teamsize|p2|4\n|start\n|switch|p1a: Incineroar|Incineroar, L50, M|100/100\n|switch|p1b: Lunala|Lunala, L50, shiny|100/100\n|switch|p2a: Stars|Roaring Moon, L50|100/100\n|switch|p2b: Prince|Zacian-Crowned, L50, shiny|100/100\n|-ability|p2b: Prince|Intrepid Sword|boost\n|-boost|p2b: Prince|atk|1\n|-ability|p1a: Incineroar|Intimidate|boost\n|-unboost|p2a: Stars|atk|1\n|-unboost|p2b: Prince|atk|1\n|-enditem|p2a: Stars|Booster Energy\n|-activate|p2a: Stars|ability: Protosynthesis|[fromitem]\n|-start|p2a: Stars|protosynthesisspe\n|turn|1\n|\n|t:|1773875330\n|switch|p2b: Runaway|Kyogre, L50, shiny|100/100\n|-weather|RainDance|[from] ability: Drizzle|[of] p2b: Runaway\n|-terastallize|p1b: Lunala|Fairy\n|move|p1a: Incineroar|Fake Out|p2b: Runaway\n|-damage|p2b: Runaway|89/100\n|move|p2a: Stars|Knock Off|p1b: Lunala\n|-resisted|p1b: Lunala\n|-damage|p1b: Lunala|95/100\n|-enditem|p1b: Lunala|Mental Herb|[from] move: Knock Off|[of] p2a: Stars\n|move|p1b: Lunala|Trick Room|p1b: Lunala\n|-fieldstart|move: Trick Room|[of] p1b: Lunala\n|\n|-weather|RainDance|[upkeep]\n|upkeep\n|turn|2\n|\n|t:|1773875354\n|-end|p2a: Stars|Protosynthesis|[silent]\n|switch|p2a: METAVISION|Amoonguss, L50, M, shiny|100/100\n|move|p2b: Runaway|Protect|p2b: Runaway\n|-singleturn|p2b: Runaway|Protect\n|move|p1a: Incineroar|Parting Shot|p2b: Runaway\n|-activate|p2b: Runaway|move: Protect\n|move|p1b: Lunala|Moonblast|p2a: METAVISION\n|-resisted|p2a: METAVISION\n|-damage|p2a: METAVISION|78/100\n|\n|-weather|RainDance|[upkeep]\n|upkeep\n|turn|3\n|\n|t:|1773875374\n|switch|p1b: Amoonguss|Amoonguss, L50, M, shiny|100/100\n|move|p2a: METAVISION|Spore|p1b: Amoonguss\n|-immune|p1b: Amoonguss\n|move|p1a: Incineroar|Parting Shot|p2b: Runaway\n|-unboost|p2b: Runaway|atk|1\n|-unboost|p2b: Runaway|spa|1\n|\n|t:|1773875381\n|switch|p1a: Koraidon|Koraidon, L50|100/100|[from] Parting Shot\n|-weather|SunnyDay|[from] ability: Orichalcum Pulse|[of] p1a: Koraidon\n|-activate|p1a: Koraidon|Orichalcum Pulse|[source]\n|move|p2b: Runaway|Water Spout|p1b: Amoonguss|[spread] p1a,p1b\n|-resisted|p1a: Koraidon\n|-resisted|p1b: Amoonguss\n|-damage|p1a: Koraidon|91/100\n|-damage|p1b: Amoonguss|92/100\n|\n|-weather|SunnyDay|[upkeep]\n|upkeep\n|turn|4\n|\n|t:|1773875394\n|switch|p2b: Stars|Roaring Moon, L50|100/100\n|-activate|p2b: Stars|ability: Protosynthesis\n|-start|p2b: Stars|protosynthesisspe\n|switch|p1a: Incineroar|Incineroar, L50, M|100/100\n|-ability|p1a: Incineroar|Intimidate|boost\n|-unboost|p2a: METAVISION|atk|1\n|-unboost|p2b: Stars|atk|1\n|move|p2a: METAVISION|Protect|p2a: METAVISION\n|-singleturn|p2a: METAVISION|Protect\n|move|p1b: Amoonguss|Spore|p2b: Stars\n|-status|p2b: Stars|slp|[from] move: Spore\n|\n|-weather|SunnyDay|[upkeep]\n|upkeep\n|turn|5\n|inactive|OptimalOpponent has 30 seconds left.\n|\n|t:|1773875425\n|move|p2a: METAVISION|Protect||[still]\n|-fail|p2a: METAVISION\n|move|p1b: Amoonguss|Pollen Puff|p2b: Stars\n|-supereffective|p2b: Stars\n|-damage|p2b: Stars|66/100 slp\n|move|p1a: Incineroar|Taunt|p2a: METAVISION\n|-start|p2a: METAVISION|move: Taunt\n|cant|p2b: Stars|slp\n|\n|-weather|SunnyDay|[upkeep]\n|-fieldend|move: Trick Room\n|upkeep\n|turn|6\n|\n|t:|1773875447\n|cant|p2b: Stars|slp\n|move|p1a: Incineroar|Parting Shot|p2b: Stars\n|-unboost|p2b: Stars|atk|1\n|-unboost|p2b: Stars|spa|1\n|\n|t:|1773875450\n|switch|p1a: Lunala|Lunala, L50, shiny, tera:Fairy|95/100|[from] Parting Shot\n|move|p2a: METAVISION|Pollen Puff|p2b: Stars\n|-heal|p2b: Stars|100/100 slp\n|move|p1b: Amoonguss|Spore|p2a: METAVISION\n|-immune|p2a: METAVISION\n|\n|-weather|SunnyDay|[upkeep]\n|upkeep\n|turn|7\n|inactive|OptimalOpponent has 30 seconds left.\n|\n|t:|1773875476\n|-curestatus|p2b: Stars|slp|[msg]\n|move|p2b: Stars|Acrobatics|p1b: Amoonguss\n|-supereffective|p1b: Amoonguss\n|-damage|p1b: Amoonguss|58/100\n|-damage|p2b: Stars|84/100|[from] item: Rocky Helmet|[of] p1b: Amoonguss\n|move|p1a: Lunala|Moonblast|p2b: Stars\n|-supereffective|p2b: Stars\n|-damage|p2b: Stars|0 fnt\n|faint|p2b: Stars\n|-end|p2b: Stars|Protosynthesis|[silent]\n|move|p2a: METAVISION|Pollen Puff|p1a: Lunala\n|-resisted|p1a: Lunala\n|-damage|p1a: Lunala|88/100\n|move|p1b: Amoonguss|Spore|p2a: METAVISION\n|-immune|p2a: METAVISION\n|\n|-weather|none\n|upkeep\n|\n|t:|1773875485\n|switch|p2b: Prince|Zacian-Crowned, L50, shiny|100/100\n|turn|8\n|\n|t:|1773875497\n|switch|p1a: Incineroar|Incineroar, L50, M|100/100\n|-ability|p1a: Incineroar|Intimidate|boost\n|-unboost|p2a: METAVISION|atk|1\n|-unboost|p2b: Prince|atk|1\n|move|p2b: Prince|Behemoth Blade|p1b: Amoonguss\n|-damage|p1b: Amoonguss|24/100\n|-damage|p2b: Prince|84/100|[from] item: Rocky Helmet|[of] p1b: Amoonguss\n|move|p2a: METAVISION|Pollen Puff|p1b: Amoonguss\n|-damage|p1b: Amoonguss|9/100\n|move|p1b: Amoonguss|Spore|p2b: Prince\n|-status|p2b: Prince|slp|[from] move: Spore\n|\n|-end|p2a: METAVISION|move: Taunt\n|upkeep\n|turn|9\n|inactive|CHR1SPHX has 30 seconds left.\n|\n|t:|1773875531\n|switch|p2b: Runaway|Kyogre, L50, shiny|89/100\n|-weather|RainDance|[from] ability: Drizzle|[of] p2b: Runaway\n|switch|p1b: Koraidon|Koraidon, L50|91/100\n|-weather|SunnyDay|[from] ability: Orichalcum Pulse|[of] p1b: Koraidon\n|-activate|p1b: Koraidon|Orichalcum Pulse|[source]\n|move|p1a: Incineroar|Taunt|p2a: METAVISION\n|-start|p2a: METAVISION|move: Taunt\n|move|p2a: METAVISION|Pollen Puff|p1b: Koraidon\n|-resisted|p1b: Koraidon\n|-damage|p1b: Koraidon|83/100\n|\n|-weather|SunnyDay|[upkeep]\n|upkeep\n|turn|10\n|inactive|OptimalOpponent has 30 seconds left.\n|\n|t:|1773875559\n|move|p2b: Runaway|Protect|p2b: Runaway\n|-singleturn|p2b: Runaway|Protect\n|move|p1b: Koraidon|Flame Charge|p2a: METAVISION\n|-supereffective|p2a: METAVISION\n|-damage|p2a: METAVISION|24/100\n|-boost|p1b: Koraidon|spe|1\n|-damage|p1b: Koraidon|66/100|[from] item: Rocky Helmet|[of] p2a: METAVISION\n|move|p1a: Incineroar|Parting Shot|p2b: Runaway\n|-activate|p2b: Runaway|move: Protect\n|move|p2a: METAVISION|Pollen Puff|p2b: Runaway\n|-activate|p2b: Runaway|move: Protect\n|\n|-weather|SunnyDay|[upkeep]\n|upkeep\n|turn|11\n|\n|t:|1773875581\n|switch|p2b: Prince|Zacian-Crowned, L50, shiny|84/100 slp\n|move|p1b: Koraidon|Collision Course|p2b: Prince\n|-damage|p2b: Prince|24/100 slp\n|move|p1a: Incineroar|Parting Shot|p2a: METAVISION\n|-unboost|p2a: METAVISION|atk|1\n|-unboost|p2a: METAVISION|spa|1\n|\n|t:|1773875589\n|switch|p1a: Amoonguss|Amoonguss, L50, M, shiny|42/100|[from] Parting Shot\n|move|p2a: METAVISION|Pollen Puff|p2b: Prince\n|-heal|p2b: Prince|73/100 slp\n|\n|-weather|SunnyDay|[upkeep]\n|-end|p2a: METAVISION|move: Taunt\n|upkeep\n|turn|12\n|\n|t:|1773875603\n|switch|p1b: Incineroar|Incineroar, L50, M|100/100\n|-ability|p1b: Incineroar|Intimidate|boost\n|-unboost|p2a: METAVISION|atk|1\n|-unboost|p2b: Prince|atk|1\n|-terastallize|p2b: Prince|Fairy\n|move|p2a: METAVISION|Rage Powder|p2a: METAVISION\n|-singleturn|p2a: METAVISION|move: Rage Powder\n|cant|p2b: Prince|slp\n|move|p1a: Amoonguss|Spore|p2a: METAVISION\n|-immune|p2a: METAVISION\n|\n|-weather|SunnyDay|[upkeep]\n|upkeep\n|turn|13\n|inactive|OptimalOpponent has 30 seconds left.\n|\n|t:|1773875629\n|cant|p2b: Prince|slp\n|move|p1b: Incineroar|Parting Shot|p2b: Prince\n|-unboost|p2b: Prince|atk|1\n|-unboost|p2b: Prince|spa|1\n|\n|t:|1773875637\n|switch|p1b: Lunala|Lunala, L50, shiny, tera:Fairy|88/100|[from] Parting Shot\n|move|p2a: METAVISION|Pollen Puff|p2b: Prince\n|-heal|p2b: Prince|100/100 slp\n|move|p1a: Amoonguss|Spore|p2a: METAVISION\n|-immune|p2a: METAVISION\n|\n|-weather|none\n|upkeep\n|turn|14\n|\n|t:|1773875659\n|switch|p1a: Incineroar|Incineroar, L50, M|100/100\n|-ability|p1a: Incineroar|Intimidate|boost\n|-unboost|p2a: METAVISION|atk|1\n|-unboost|p2b: Prince|atk|1\n|cant|p2b: Prince|slp\n|move|p1b: Lunala|Moongeist Beam|p2a: METAVISION\n|-damage|p2a: METAVISION|0 fnt\n|faint|p2a: METAVISION\n|\n|upkeep\n|\n|t:|1773875668\n|switch|p2a: Runaway|Kyogre, L50, shiny|89/100\n|-weather|RainDance|[from] ability: Drizzle|[of] p2a: Runaway\n|turn|15\n|\n|t:|1773875681\n|switch|p1b: Koraidon|Koraidon, L50|66/100\n|-weather|SunnyDay|[from] ability: Orichalcum Pulse|[of] p1b: Koraidon\n|-activate|p1b: Koraidon|Orichalcum Pulse|[source]\n|move|p1a: Incineroar|Fake Out|p2a: Runaway\n|-damage|p2a: Runaway|79/100\n|-curestatus|p2b: Prince|slp|[msg]\n|move|p2b: Prince|Play Rough|p1a: Incineroar|[miss]\n|-miss|p2b: Prince|p1a: Incineroar\n|cant|p2a: Runaway|flinch\n|\n|-weather|SunnyDay|[upkeep]\n|upkeep\n|turn|16\n|\n|t:|1773875701\n|move|p1b: Koraidon|Protect|p1b: Koraidon\n|-singleturn|p1b: Koraidon|Protect\n|move|p2a: Runaway|Protect|p2a: Runaway\n|-singleturn|p2a: Runaway|Protect\n|move|p2b: Prince|Play Rough|p1b: Koraidon\n|-activate|p1b: Koraidon|move: Protect\n|move|p1a: Incineroar|Parting Shot|p2b: Prince\n|-unboost|p2b: Prince|atk|1\n|-unboost|p2b: Prince|spa|1\n|\n|t:|1773875710\n|switch|p1a: Amoonguss|Amoonguss, L50, M, shiny|75/100|[from] Parting Shot\n|\n|-weather|SunnyDay|[upkeep]\n|upkeep\n|turn|17\n|\n|t:|1773875721\n|move|p1a: Amoonguss|Rage Powder|p1a: Amoonguss\n|-singleturn|p1a: Amoonguss|move: Rage Powder\n|move|p2b: Prince|Play Rough|p1a: Amoonguss\n|-resisted|p1a: Amoonguss\n|-damage|p1a: Amoonguss|65/100\n|-unboost|p1a: Amoonguss|atk|1\n|-damage|p2b: Prince|84/100|[from] item: Rocky Helmet|[of] p1a: Amoonguss\n|move|p1b: Koraidon|Collision Course|p2a: Runaway\n|-damage|p2a: Runaway|21/100\n|move|p2a: Runaway|Origin Pulse|p1a: Amoonguss|[spread] p1a\n|-miss|p2a: Runaway|p1b: Koraidon\n|-resisted|p1a: Amoonguss\n|-damage|p1a: Amoonguss|52/100\n|\n|-weather|SunnyDay|[upkeep]\n|upkeep\n|turn|18\n|-message|OptimalOpponent forfeited.\n|\n|win|CHR1SPHX\n|raw|CHR1SPHX's rating: 1253 &rarr; <strong>1280</strong><br />(+27 for winning)\n|raw|OptimalOpponent's rating: 1286 &rarr; <strong>1259</strong><br />(-27 for losing)\n|l|\u2606OptimalOpponent\n|player|p2|\n","uploadtime":1773875744,"views":12,"formatid":"gen9vgc2026regi","rating":1259,"private":0,"password":null}