{"id":"gen9vgc2026regi-2524119080","format":"[Gen 9] VGC 2026 Reg I","players":["boooo18","bullgod4ever"],"log":"|j|\u2606boooo18\n|j|\u2606bullgod4ever\n|t:|1769109662\n|gametype|doubles\n|player|p1|boooo18|265|1246\n|player|p2|bullgod4ever|2|1429\n|gen|9\n|tier|[Gen 9] VGC 2026 Reg I\n|rated|\n|rule|Species Clause: Limit one of each Pok\u00e9mon\n|rule|Item Clause: Limit 1 of each item\n|clearpoke\n|poke|p1|Terapagos, L50, M|\n|poke|p1|Incineroar, L50, M|\n|poke|p1|Sinistcha, L50|\n|poke|p1|Miraidon, L50|\n|poke|p1|Iron Treads, L50|\n|poke|p1|Urshifu-*, L50, F|\n|poke|p2|Calyrex-Shadow, L50|\n|poke|p2|Zamazenta-*, L50|\n|poke|p2|Chien-Pao, L50|\n|poke|p2|Dragonite, L50, M|\n|poke|p2|Amoonguss, L50, M|\n|poke|p2|Ogerpon-Cornerstone, L50, F|\n|teampreview|4\n|\n|t:|1769109700\n|teamsize|p1|4\n|teamsize|p2|4\n|start\n|switch|p1a: Terapagos|Terapagos, L50, M|100/100\n|switch|p1b: Incineroar|Incineroar, L50, M|100/100\n|switch|p2a: Zamazenta|Zamazenta-Crowned, L50|100/100\n|switch|p2b: Chien-Pao|Chien-Pao, L50|100/100\n|-activate|p1a: Terapagos|ability: Tera Shift\n|detailschange|p1a: Terapagos|Terapagos-Terastal, L50, M\n|-heal|p1a: Terapagos|100/100|[silent]\n|-ability|p2b: Chien-Pao|Sword of Ruin\n|-ability|p2a: Zamazenta|Dauntless Shield|boost\n|-boost|p2a: Zamazenta|def|1\n|-ability|p1b: Incineroar|Intimidate|boost\n|-unboost|p2a: Zamazenta|atk|1\n|-unboost|p2b: Chien-Pao|atk|1\n|turn|1\n|\n|t:|1769109719\n|move|p1b: Incineroar|Fake Out|p2a: Zamazenta\n|-resisted|p2a: Zamazenta\n|-crit|p2a: Zamazenta\n|-damage|p2a: Zamazenta|93/100\n|move|p2b: Chien-Pao|Ruination|p1a: Terapagos|[miss]\n|-miss|p2b: Chien-Pao|p1a: Terapagos\n|cant|p2a: Zamazenta|flinch\n|move|p1a: Terapagos|Calm Mind|p1a: Terapagos\n|-boost|p1a: Terapagos|spa|1\n|-boost|p1a: Terapagos|spd|1\n|\n|upkeep\n|turn|2\n|\n|t:|1769109737\n|move|p2b: Chien-Pao|Ruination|p1a: Terapagos\n|-damage|p1a: Terapagos|50/100\n|move|p2a: Zamazenta|Body Press|p1b: Incineroar\n|-supereffective|p1b: Incineroar\n|-damage|p1b: Incineroar|0 fnt\n|-damage|p2a: Zamazenta|77/100|[from] item: Rocky Helmet|[of] p1b: Incineroar\n|faint|p1b: Incineroar\n|move|p1a: Terapagos|Calm Mind|p1a: Terapagos\n|-boost|p1a: Terapagos|spa|1\n|-boost|p1a: Terapagos|spd|1\n|\n|upkeep\n|\n|t:|1769109759\n|switch|p1b: Miraidon|Miraidon, L50|100/100\n|-fieldstart|move: Electric Terrain|[from] ability: Hadron Engine|[of] p1b: Miraidon\n|turn|3\n|\n|t:|1769109783\n|move|p1a: Terapagos|Protect|p1a: Terapagos\n|-singleturn|p1a: Terapagos|Protect\n|move|p2b: Chien-Pao|Ice Spinner|p1b: Miraidon\n|-supereffective|p1b: Miraidon\n|-damage|p1b: Miraidon|47/100\n|-fieldend|move: Electric Terrain\n|move|p1b: Miraidon|Volt Switch|p2b: Chien-Pao\n|-damage|p2b: Chien-Pao|65/100\n|\n|t:|1769109791\n|switch|p1b: Iron Treads|Iron Treads, L50|100/100|[from] Volt Switch\n|move|p2a: Zamazenta|Body Press|p1a: Terapagos\n|-activate|p1a: Terapagos|move: Protect\n|\n|upkeep\n|turn|4\n|\n|t:|1769109808\n|-terastallize|p1a: Terapagos|Stellar\n|detailschange|p1a: Terapagos|Terapagos-Stellar, L50, M, tera:Stellar\n|-heal|p1a: Terapagos|63/100|[silent]\n|move|p2b: Chien-Pao|Ruination|p1b: Iron Treads|[miss]\n|-miss|p2b: Chien-Pao|p1b: Iron Treads\n|move|p2a: Zamazenta|Body Press|p1a: Terapagos\n|-supereffective|p1a: Terapagos\n|-damage|p1a: Terapagos|0 fnt\n|faint|p1a: Terapagos\n|detailschange|p1: Terapagos|Terapagos, L50, M|[silent]\n|move|p1b: Iron Treads|High Horsepower|p2a: Zamazenta\n|-supereffective|p2a: Zamazenta\n|-damage|p2a: Zamazenta|4/100\n|\n|upkeep\n|\n|t:|1769109820\n|switch|p1a: Miraidon|Miraidon, L50|47/100\n|-fieldstart|move: Electric Terrain|[from] ability: Hadron Engine|[of] p1a: Miraidon\n|-activate|p1b: Iron Treads|ability: Quark Drive\n|-start|p1b: Iron Treads|quarkdriveatk\n|turn|5\n|\n|t:|1769109832\n|move|p2b: Chien-Pao|Ice Spinner|p1a: Miraidon\n|-supereffective|p1a: Miraidon\n|-damage|p1a: Miraidon|0 fnt\n|-fieldend|move: Electric Terrain\n|-end|p1b: Iron Treads|Quark Drive\n|faint|p1a: Miraidon\n|move|p2a: Zamazenta|Body Press|p1b: Iron Treads\n|-supereffective|p1b: Iron Treads\n|-damage|p1b: Iron Treads|0 fnt\n|faint|p1b: Iron Treads\n|-end|p1b: Iron Treads|Quark Drive|[silent]\n|\n|win|bullgod4ever\n|raw|boooo18's rating: 1246 &rarr; <strong>1233</strong><br />(-13 for losing)\n|raw|bullgod4ever's rating: 1429 &rarr; <strong>1439</strong><br />(+10 for winning)\n|l|\u2606boooo18\n|player|p1|\n|l|\u2606bullgod4ever\n|player|p2|\n","uploadtime":1769110024,"views":15,"formatid":"gen9vgc2026regi","rating":1233,"private":0,"password":null}