{"id":"gen9vgc2026regi-2566714300","format":"[Gen 9] VGC 2026 Reg I","players":["yuri1910","LowPass"],"log":"|j|\u2606yuri1910\n|j|\u2606LowPass\n|t:|1774401110\n|gametype|doubles\n|player|p1|yuri1910|linebacker|1465\n|player|p2|LowPass|lance|1396\n|gen|9\n|tier|[Gen 9] VGC 2026 Reg I\n|rated|\n|rule|Species Clause: Limit one of each Pok\u00e9mon\n|rule|Item Clause: Limit 1 of each item\n|clearpoke\n|poke|p1|Calyrex-Ice, L50|\n|poke|p1|Kyogre, L50|\n|poke|p1|Grimmsnarl, L50, M|\n|poke|p1|Rillaboom, L50, M|\n|poke|p1|Urshifu-*, L50, M|\n|poke|p1|Landorus, L50, M|\n|poke|p2|Lugia, L50|\n|poke|p2|Groudon, L50|\n|poke|p2|Iron Valiant, L50|\n|poke|p2|Incineroar, L50, M|\n|poke|p2|Jumpluff, L50, F|\n|poke|p2|Walking Wake, L50|\n|teampreview|4\n|inactive|Battle timer is ON: inactive players will automatically lose when time's up. (requested by LowPass)\n|\n|t:|1774401139\n|teamsize|p1|4\n|teamsize|p2|4\n|start\n|switch|p1a: Grimmsnarl|Grimmsnarl, L50, M|100/100\n|switch|p1b: Calyrex|Calyrex-Ice, L50|100/100\n|switch|p2a: Iron Valiant|Iron Valiant, L50|100/100\n|switch|p2b: Incineroar|Incineroar, L50, M|100/100\n|-ability|p1b: Calyrex|As One\n|-ability|p1b: Calyrex|Unnerve\n|-ability|p2b: Incineroar|Intimidate|boost\n|-unboost|p1a: Grimmsnarl|atk|1\n|-unboost|p1b: Calyrex|atk|1\n|-enditem|p2a: Iron Valiant|Booster Energy\n|-activate|p2a: Iron Valiant|ability: Quark Drive|[fromitem]\n|-start|p2a: Iron Valiant|quarkdrivespe\n|turn|1\n|\n|t:|1774401163\n|move|p1b: Calyrex|Protect|p1b: Calyrex\n|-singleturn|p1b: Calyrex|Protect\n|move|p2b: Incineroar|Fake Out|p1a: Grimmsnarl\n|-damage|p1a: Grimmsnarl|91/100\n|cant|p1a: Grimmsnarl|flinch\n|move|p2a: Iron Valiant|Taunt|p1b: Calyrex\n|-activate|p1b: Calyrex|move: Protect\n|\n|upkeep\n|turn|2\n|\n|t:|1774401185\n|move|p1a: Grimmsnarl|Reflect|p1a: Grimmsnarl\n|-sidestart|p1: yuri1910|Reflect\n|move|p2a: Iron Valiant|Coaching|p2b: Incineroar\n|-boost|p2b: Incineroar|atk|1\n|-boost|p2b: Incineroar|def|1\n|move|p2b: Incineroar|Flare Blitz|p1b: Calyrex\n|-supereffective|p1b: Calyrex\n|-damage|p1b: Calyrex|43/100\n|-damage|p2b: Incineroar|81/100|[from] Recoil\n|move|p1b: Calyrex|Leech Seed|p2a: Iron Valiant\n|-start|p2a: Iron Valiant|move: Leech Seed\n|\n|-heal|p1b: Calyrex|48/100|[from] item: Leftovers\n|-damage|p2a: Iron Valiant|88/100|[from] Leech Seed|[of] p1b: Calyrex\n|-heal|p1b: Calyrex|59/100|[silent]\n|upkeep\n|turn|3\n|\n|t:|1774401206\n|switch|p1a: Kyogre|Kyogre, L50|100/100\n|-weather|RainDance|[from] ability: Drizzle|[of] p1a: Kyogre\n|move|p2a: Iron Valiant|Coaching|p2b: Incineroar\n|-boost|p2b: Incineroar|atk|1\n|-boost|p2b: Incineroar|def|1\n|move|p2b: Incineroar|Knock Off|p1b: Calyrex\n|-supereffective|p1b: Calyrex\n|-damage|p1b: Calyrex|2/100\n|-enditem|p1b: Calyrex|Leftovers|[from] move: Knock Off|[of] p2b: Incineroar\n|move|p1b: Calyrex|Glacial Lance|p2b: Incineroar|[spread] p2a,p2b\n|-resisted|p2b: Incineroar\n|-damage|p2a: Iron Valiant|56/100\n|-damage|p2b: Incineroar|74/100\n|\n|-weather|RainDance|[upkeep]\n|-damage|p2a: Iron Valiant|44/100|[from] Leech Seed|[of] p1b: Calyrex\n|-heal|p1b: Calyrex|13/100|[silent]\n|upkeep\n|turn|4\n|\n|t:|1774401226\n|move|p1b: Calyrex|Protect|p1b: Calyrex\n|-singleturn|p1b: Calyrex|Protect\n|move|p2a: Iron Valiant|Wide Guard|p2a: Iron Valiant\n|-singleturn|p2a: Iron Valiant|Wide Guard\n|move|p1a: Kyogre|Hydro Pump|p2b: Incineroar\n|-supereffective|p2b: Incineroar\n|-damage|p2b: Incineroar|0 fnt\n|faint|p2b: Incineroar\n|\n|-weather|RainDance|[upkeep]\n|-damage|p2a: Iron Valiant|32/100|[from] Leech Seed|[of] p1b: Calyrex\n|-heal|p1b: Calyrex|24/100|[silent]\n|upkeep\n|\n|t:|1774401233\n|switch|p2b: Groudon|Groudon, L50, shiny|100/100\n|-weather|SunnyDay|[from] ability: Drought|[of] p2b: Groudon\n|turn|5\n|inactive|yuri1910 has 30 seconds left.\n|\n|t:|1774401259\n|switch|p1b: Rillaboom|Rillaboom, L50, M|100/100\n|-fieldstart|move: Grassy Terrain|[from] ability: Grassy Surge|[of] p1b: Rillaboom\n|move|p2a: Iron Valiant|Coaching|p2b: Groudon\n|-boost|p2b: Groudon|atk|1\n|-boost|p2b: Groudon|def|1\n|move|p2b: Groudon|Precipice Blades|p1a: Kyogre|[spread] p1a,p1b\n|-crit|p1a: Kyogre\n|-resisted|p1b: Rillaboom\n|-damage|p1a: Kyogre|0 fnt\n|-damage|p1b: Rillaboom|77/100\n|faint|p1a: Kyogre\n|\n|-weather|SunnyDay|[upkeep]\n|-heal|p2a: Iron Valiant|38/100|[from] Grassy Terrain\n|-heal|p1b: Rillaboom|83/100|[from] Grassy Terrain\n|-damage|p2a: Iron Valiant|25/100|[from] Leech Seed|[of] p1b: Rillaboom\n|-heal|p1b: Rillaboom|93/100|[silent]\n|upkeep\n|\n|t:|1774401278\n|switch|p1a: Calyrex|Calyrex-Ice, L50|24/100\n|-ability|p1a: Calyrex|As One\n|-ability|p1a: Calyrex|Unnerve\n|turn|6\n|\n|t:|1774401290\n|-terastallize|p2b: Groudon|Fire\n|move|p1a: Calyrex|Protect|p1a: Calyrex\n|-singleturn|p1a: Calyrex|Protect\n|move|p2a: Iron Valiant|Taunt|p1a: Calyrex\n|-activate|p1a: Calyrex|move: Protect\n|move|p2b: Groudon|Heat Crash|p1b: Rillaboom\n|-supereffective|p1b: Rillaboom\n|-damage|p1b: Rillaboom|0 fnt\n|faint|p1b: Rillaboom\n|\n|-weather|SunnyDay|[upkeep]\n|-heal|p2a: Iron Valiant|32/100|[from] Grassy Terrain\n|-heal|p1a: Calyrex|29/100|[from] Grassy Terrain\n|upkeep\n|\n|t:|1774401293\n|switch|p1b: Grimmsnarl|Grimmsnarl, L50, M|91/100\n|turn|7\n|\n|t:|1774401306\n|move|p1b: Grimmsnarl|Thunder Wave|p2b: Groudon\n|-status|p2b: Groudon|par\n|move|p2a: Iron Valiant|Taunt|p1a: Calyrex\n|-start|p1a: Calyrex|move: Taunt\n|cant|p1a: Calyrex|move: Taunt|Leech Seed\n|move|p2b: Groudon|High Horsepower|p1a: Calyrex\n|-damage|p1a: Calyrex|0 fnt\n|faint|p1a: Calyrex\n|\n|-weather|SunnyDay|[upkeep]\n|-heal|p2a: Iron Valiant|38/100|[from] Grassy Terrain\n|-heal|p1b: Grimmsnarl|97/100|[from] Grassy Terrain\n|-damage|p2a: Iron Valiant|25/100|[from] Leech Seed|[of] p1b: Grimmsnarl\n|-heal|p1b: Grimmsnarl|100/100|[silent]\n|upkeep\n|turn|8\n|\n|t:|1774401318\n|-end|p2a: Iron Valiant|Quark Drive|[silent]\n|switch|p2a: Lugia|Lugia, L50|100/100\n|move|p1b: Grimmsnarl|Spirit Break|p2b: Groudon\n|-resisted|p2b: Groudon\n|-damage|p2b: Groudon|94/100 par\n|-unboost|p2b: Groudon|spa|1\n|move|p2b: Groudon|Heat Crash|p1b: Grimmsnarl\n|-damage|p1b: Grimmsnarl|0 fnt\n|faint|p1b: Grimmsnarl\n|\n|win|LowPass\n|raw|yuri1910's rating: 1465 &rarr; <strong>1441</strong><br />(-24 for losing)\n|raw|LowPass's rating: 1396 &rarr; <strong>1420</strong><br />(+24 for winning)\n|l|\u2606yuri1910\n|player|p1|\n|l|\u2606LowPass\n|player|p2|\n","uploadtime":1774401487,"views":11,"formatid":"gen9vgc2026regi","rating":1420,"private":0,"password":null}