{"id":"gen9vgc2026regi-2577816031","format":"[Gen 9] VGC 2026 Reg I","players":["bwarsmnkpwa","Cellpab1"],"log":"|j|\u2606bwarsmnkpwa\n|j|\u2606Cellpab1\n|t:|1775608847\n|gametype|doubles\n|player|p1|bwarsmnkpwa|bruno|1449\n|player|p2|Cellpab1|101|1546\n|gen|9\n|tier|[Gen 9] VGC 2026 Reg I\n|rated|\n|rule|Species Clause: Limit one of each Pok\u00e9mon\n|rule|Item Clause: Limit 1 of each item\n|clearpoke\n|poke|p1|Lunala, L50|\n|poke|p1|Miraidon, L50|\n|poke|p1|Urshifu-*, L50, F|\n|poke|p1|Whimsicott, L50, M|\n|poke|p1|Ursaluna, L50, F|\n|poke|p1|Incineroar, L50, M|\n|poke|p2|Calyrex-Ice, L50|\n|poke|p2|Miraidon, L50|\n|poke|p2|Landorus, L50, M|\n|poke|p2|Farigiraf, L50, F|\n|poke|p2|Urshifu-*, L50, M|\n|poke|p2|Incineroar, L50, M|\n|teampreview|4\n|inactive|Battle timer is ON: inactive players will automatically lose when time's up. (requested by Cellpab1)\n|inactive|Cellpab1 has 60 seconds left.\n|inactive|Cellpab1 has 30 seconds left.\n|inactive|Cellpab1 has 20 seconds left.\n|inactive|Cellpab1 has 15 seconds left.\n|\n|t:|1775608939\n|teamsize|p1|4\n|teamsize|p2|4\n|start\n|switch|p1a: Lunala|Lunala, L50|100/100\n|switch|p1b: Incineroar|Incineroar, L50, M|100/100\n|switch|p2a: Miraidon|Miraidon, L50|100/100\n|switch|p2b: Urshifu|Urshifu-Rapid-Strike, L50, M|100/100\n|-fieldstart|move: Electric Terrain|[from] ability: Hadron Engine|[of] p2a: Miraidon\n|-enditem|p1a: Lunala|Electric Seed\n|-boost|p1a: Lunala|def|1|[from] item: Electric Seed\n|-ability|p1b: Incineroar|Intimidate|boost\n|-unboost|p2a: Miraidon|atk|1\n|-unboost|p2b: Urshifu|atk|1\n|turn|1\n|\n|t:|1775608958\n|move|p1b: Incineroar|Fake Out|p2a: Miraidon\n|-damage|p2a: Miraidon|92/100\n|cant|p2a: Miraidon|flinch\n|move|p2b: Urshifu|Surging Strikes|p1a: Lunala\n|-crit|p1a: Lunala\n|-damage|p1a: Lunala|93/100\n|-crit|p1a: Lunala\n|-damage|p1a: Lunala|77/100\n|-crit|p1a: Lunala\n|-damage|p1a: Lunala|61/100\n|-hitcount|p1a: Lunala|3\n|move|p1a: Lunala|Moonblast|p2b: Urshifu\n|-supereffective|p2b: Urshifu\n|-enditem|p2b: Urshifu|Focus Sash\n|-damage|p2b: Urshifu|1/100\n|\n|upkeep\n|turn|2\n|inactive|bwarsmnkpwa has 30 seconds left.\n|inactive|Cellpab1 has 30 seconds left.\n|inactive|Cellpab1 has 20 seconds left.\n|inactive|Cellpab1 has 15 seconds left.\n|inactive|bwarsmnkpwa has 20 seconds left.\n|inactive|Cellpab1 has 10 seconds left.\n|inactive|bwarsmnkpwa has 15 seconds left.\n|\n|t:|1775609011\n|switch|p1a: Miraidon|Miraidon, L50|100/100\n|-activate|p1a: Miraidon|ability: Hadron Engine\n|move|p2a: Miraidon|Snarl|p1b: Incineroar|[spread] p1a,p1b\n|-resisted|p1b: Incineroar\n|-damage|p1a: Miraidon|90/100\n|-damage|p1b: Incineroar|92/100\n|-unboost|p1a: Miraidon|spa|1\n|-unboost|p1b: Incineroar|spa|1\n|move|p2b: Urshifu|Surging Strikes|p1a: Miraidon\n|-resisted|p1a: Miraidon\n|-crit|p1a: Miraidon\n|-damage|p1a: Miraidon|81/100\n|-resisted|p1a: Miraidon\n|-crit|p1a: Miraidon\n|-damage|p1a: Miraidon|71/100\n|-resisted|p1a: Miraidon\n|-crit|p1a: Miraidon\n|-damage|p1a: Miraidon|62/100\n|-hitcount|p1a: Miraidon|3\n|move|p1b: Incineroar|Knock Off|p2b: Urshifu\n|-resisted|p2b: Urshifu\n|-damage|p2b: Urshifu|0 fnt\n|faint|p2b: Urshifu\n|\n|upkeep\n|inactive|Cellpab1 has 30 seconds left.\n|\n|t:|1775609037\n|switch|p2b: Calyrex|Calyrex-Ice, L50|100/100\n|-ability|p2b: Calyrex|As One\n|-ability|p2b: Calyrex|Unnerve\n|turn|3\n|\n|t:|1775609066\n|switch|p2a: Incineroar|Incineroar, L50, M|100/100\n|-ability|p2a: Incineroar|Intimidate|boost\n|-unboost|p1a: Miraidon|atk|1\n|-unboost|p1b: Incineroar|atk|1\n|-terastallize|p2b: Calyrex|Fairy\n|move|p1a: Miraidon|Volt Switch|p2b: Calyrex\n|-damage|p2b: Calyrex|71/100\n|\n|t:|1775609078\n|switch|p1a: Lunala|Lunala, L50|61/100|[from] Volt Switch\n|move|p1b: Incineroar|Knock Off|p2a: Incineroar\n|-resisted|p2a: Incineroar\n|-damage|p2a: Incineroar|92/100\n|-enditem|p2a: Incineroar|Assault Vest|[from] move: Knock Off|[of] p1b: Incineroar\n|move|p2b: Calyrex|Glacial Lance|p1b: Incineroar|[spread] p1a,p1b\n|-resisted|p1b: Incineroar\n|-damage|p1a: Lunala|22/100\n|-damage|p1b: Incineroar|73/100\n|\n|-heal|p2b: Calyrex|77/100|[from] item: Leftovers\n|upkeep\n|turn|4\n|inactive|bwarsmnkpwa has 30 seconds left.\n|inactive|bwarsmnkpwa has 20 seconds left.\n|inactive|bwarsmnkpwa has 15 seconds left.\n|inactive|bwarsmnkpwa has 10 seconds left.\n|\n|t:|1775609127\n|-terastallize|p1a: Lunala|Fairy\n|move|p1a: Lunala|Moongeist Beam|p2b: Calyrex\n|-damage|p2b: Calyrex|46/100\n|move|p1b: Incineroar|Parting Shot|p2a: Incineroar\n|-unboost|p2a: Incineroar|atk|1\n|-unboost|p2a: Incineroar|spa|1\n|\n|t:|1775609136\n|switch|p1b: Urshifu|Urshifu-Rapid-Strike, L50, F|100/100|[from] Parting Shot\n|move|p2a: Incineroar|U-turn|p1b: Urshifu\n|-resisted|p1b: Urshifu\n|-damage|p1b: Urshifu|94/100\n|\n|t:|1775609142\n|switch|p2a: Miraidon|Miraidon, L50|92/100|[from] U-turn\n|-activate|p2a: Miraidon|ability: Hadron Engine\n|move|p2b: Calyrex|Glacial Lance|p1b: Urshifu|[spread] p1a,p1b\n|-resisted|p1b: Urshifu\n|-damage|p1a: Lunala|0 fnt\n|-damage|p1b: Urshifu|69/100\n|faint|p1a: Lunala\n|-ability|p2b: Calyrex|Chilling Neigh|boost\n|-boost|p2b: Calyrex|atk|1\n|\n|-heal|p2b: Calyrex|52/100|[from] item: Leftovers\n|upkeep\n|\n|t:|1775609154\n|switch|p1a: Miraidon|Miraidon, L50|62/100\n|-activate|p1a: Miraidon|ability: Hadron Engine\n|turn|5\n|inactive|Cellpab1 has 30 seconds left.\n|inactive|bwarsmnkpwa has 30 seconds left.\n|inactive|Cellpab1 has 20 seconds left.\n|inactive|Cellpab1 has 15 seconds left.\n|inactive|Cellpab1 has 10 seconds left.\n|\n|t:|1775609202\n|move|p2a: Miraidon|Draco Meteor|p1a: Miraidon\n|-supereffective|p1a: Miraidon\n|-damage|p1a: Miraidon|0 fnt\n|-unboost|p2a: Miraidon|spa|2\n|faint|p1a: Miraidon\n|move|p1b: Urshifu|Surging Strikes|p2b: Calyrex\n|-crit|p2b: Calyrex\n|-damage|p2b: Calyrex|33/100\n|-crit|p2b: Calyrex\n|-damage|p2b: Calyrex|13/100\n|-crit|p2b: Calyrex\n|-damage|p2b: Calyrex|0 fnt\n|faint|p2b: Calyrex\n|-hitcount|p2: Calyrex|3\n|\n|-fieldend|move: Electric Terrain\n|upkeep\n|\n|t:|1775609214\n|switch|p1a: Incineroar|Incineroar, L50, M|73/100\n|switch|p2b: Incineroar|Incineroar, L50, M|92/100\n|-ability|p1a: Incineroar|Intimidate|boost\n|-unboost|p2a: Miraidon|atk|1\n|-unboost|p2b: Incineroar|atk|1\n|-ability|p2b: Incineroar|Intimidate|boost\n|-unboost|p1a: Incineroar|atk|1\n|-unboost|p1b: Urshifu|atk|1\n|turn|6\n|inactive|bwarsmnkpwa has 30 seconds left.\n|inactive|Cellpab1 has 30 seconds left.\n|\n|t:|1775609250\n|move|p1a: Incineroar|Fake Out|p2a: Miraidon\n|-damage|p2a: Miraidon|86/100\n|move|p2b: Incineroar|Fake Out|p1b: Urshifu\n|-damage|p1b: Urshifu|61/100\n|cant|p2a: Miraidon|flinch\n|cant|p1b: Urshifu|flinch\n|\n|upkeep\n|turn|7\n|\n|t:|1775609265\n|move|p2a: Miraidon|Draco Meteor|p1b: Urshifu\n|-damage|p1b: Urshifu|3/100\n|-unboost|p2a: Miraidon|spa|2\n|move|p1b: Urshifu|Surging Strikes|p2b: Incineroar\n|-supereffective|p2b: Incineroar\n|-crit|p2b: Incineroar\n|-damage|p2b: Incineroar|42/100\n|-supereffective|p2b: Incineroar\n|-crit|p2b: Incineroar\n|-damage|p2b: Incineroar|0 fnt\n|faint|p2b: Incineroar\n|-hitcount|p2: Incineroar|2\n|move|p1a: Incineroar|Parting Shot|p2a: Miraidon\n|-unboost|p2a: Miraidon|atk|1\n|-unboost|p2a: Miraidon|spa|1\n|\n|upkeep\n|turn|8\n|\n|t:|1775609288\n|move|p2a: Miraidon|Draco Meteor|p1b: Urshifu\n|-damage|p1b: Urshifu|0 fnt\n|-unboost|p2a: Miraidon|spa|1\n|faint|p1b: Urshifu\n|move|p1a: Incineroar|Knock Off|p2a: Miraidon\n|-damage|p2a: Miraidon|64/100\n|-enditem|p2a: Miraidon|Choice Scarf|[from] move: Knock Off|[of] p1a: Incineroar\n|\n|upkeep\n|turn|9\n|\n|t:|1775609302\n|move|p2a: Miraidon|Electro Drift|p1a: Incineroar\n|-damage|p1a: Incineroar|60/100\n|move|p1a: Incineroar|Will-O-Wisp|p2a: Miraidon\n|-status|p2a: Miraidon|brn\n|\n|-damage|p2a: Miraidon|58/100 brn|[from] brn\n|upkeep\n|turn|10\n|inactive|Cellpab1 has 30 seconds left.\n|\n|t:|1775609332\n|move|p2a: Miraidon|Electro Drift|p1a: Incineroar\n|-damage|p1a: Incineroar|48/100\n|move|p1a: Incineroar|Knock Off|p2a: Miraidon\n|-damage|p2a: Miraidon|43/100 brn\n|\n|-damage|p2a: Miraidon|38/100 brn|[from] brn\n|upkeep\n|turn|11\n|\n|t:|1775609347\n|move|p2a: Miraidon|Electro Drift|p1a: Incineroar\n|-damage|p1a: Incineroar|34/100\n|move|p1a: Incineroar|Knock Off|p2a: Miraidon\n|-damage|p2a: Miraidon|23/100 brn\n|\n|-damage|p2a: Miraidon|17/100 brn|[from] brn\n|upkeep\n|turn|12\n|\n|t:|1775609355\n|move|p2a: Miraidon|Draco Meteor|p1a: Incineroar\n|-damage|p1a: Incineroar|17/100\n|move|p1a: Incineroar|Knock Off|p2a: Miraidon\n|-damage|p2a: Miraidon|2/100 brn\n|\n|-damage|p2a: Miraidon|0 fnt|[from] brn\n|faint|p2a: Miraidon\n|\n|win|bwarsmnkpwa\n|raw|bwarsmnkpwa's rating: 1449 &rarr; <strong>1474</strong><br />(+25 for winning)\n|raw|Cellpab1's rating: 1546 &rarr; <strong>1521</strong><br />(-25 for losing)\n|l|\u2606Cellpab1\n|player|p2|\n","uploadtime":1775609365,"views":22,"formatid":"gen9vgc2026regi","rating":1474,"private":0,"password":null}