{"id":"gen9vgc2026regi-2565440463","format":"[Gen 9] VGC 2026 Reg I","players":["marcxhenry","pokebiduselecao"],"log":"|j|\u2606marcxhenry\n|j|\u2606pokebiduselecao\n|t:|1774275599\n|gametype|doubles\n|player|p1|marcxhenry|hilbert-wonderlauncher|1355\n|player|p2|pokebiduselecao|linebacker|1351\n|gen|9\n|tier|[Gen 9] VGC 2026 Reg I\n|rated|\n|rule|Species Clause: Limit one of each Pok\u00e9mon\n|rule|Item Clause: Limit 1 of each item\n|clearpoke\n|poke|p1|Calyrex-Shadow, L50|\n|poke|p1|Urshifu-*, L50, M|\n|poke|p1|Roaring Moon, L50|\n|poke|p1|Kyogre, L50|\n|poke|p1|Tsareena, L50, F|\n|poke|p1|Kingambit, L50, M|\n|poke|p2|Calyrex-Shadow, L50|\n|poke|p2|Dondozo, L50, M|\n|poke|p2|Sneasler, L50, M|\n|poke|p2|Tatsugiri-Droopy, L50, F|\n|poke|p2|Miraidon, L50|\n|poke|p2|Chi-Yu, L50|\n|teampreview|4\n|\n|t:|1774275629\n|teamsize|p1|4\n|teamsize|p2|4\n|start\n|switch|p1a: Roter Baron|Roaring Moon, L50, shiny|100/100\n|switch|p1b: Tripitz|Kyogre, L50, shiny|100/100\n|switch|p2a: Miraidon|Miraidon, L50|100/100\n|switch|p2b: Sneasler|Sneasler, L50, M|100/100\n|-fieldstart|move: Electric Terrain|[from] ability: Hadron Engine|[of] p2a: Miraidon\n|-enditem|p2b: Sneasler|Electric Seed\n|-boost|p2b: Sneasler|def|1|[from] item: Electric Seed\n|-weather|RainDance|[from] ability: Drizzle|[of] p1b: Tripitz\n|-enditem|p1a: Roter Baron|Booster Energy\n|-activate|p1a: Roter Baron|ability: Protosynthesis|[fromitem]\n|-start|p1a: Roter Baron|protosynthesisspe\n|turn|1\n|\n|t:|1774275648\n|-terastallize|p1b: Tripitz|Ground\n|move|p2b: Sneasler|Dire Claw|p1b: Tripitz\n|-resisted|p1b: Tripitz\n|-damage|p1b: Tripitz|78/100\n|move|p1a: Roter Baron|Tailwind|p1a: Roter Baron\n|-sidestart|p1: marcxhenry|move: Tailwind\n|move|p1b: Tripitz|Origin Pulse|p2b: Sneasler|[spread] p2a,p2b\n|-resisted|p2a: Miraidon\n|-damage|p2a: Miraidon|74/100\n|-damage|p2b: Sneasler|0 fnt\n|faint|p2b: Sneasler\n|move|p2a: Miraidon|Dazzling Gleam|p1a: Roter Baron|[spread] p1a,p1b\n|-supereffective|p1a: Roter Baron\n|-damage|p1a: Roter Baron|0 fnt\n|-damage|p1b: Tripitz|57/100\n|faint|p1a: Roter Baron\n|-end|p1a: Roter Baron|Protosynthesis|[silent]\n|\n|-weather|RainDance|[upkeep]\n|upkeep\n|\n|t:|1774275669\n|switch|p1a: Hitmonshe|Tsareena, L50, F, shiny|100/100\n|switch|p2b: Calyrex|Calyrex-Shadow, L50|100/100\n|-ability|p2b: Calyrex|As One\n|-ability|p2b: Calyrex|Unnerve\n|turn|2\n|\n|t:|1774275681\n|move|p1b: Tripitz|Protect|p1b: Tripitz\n|-singleturn|p1b: Tripitz|Protect\n|move|p2b: Calyrex|Protect|p2b: Calyrex\n|-singleturn|p2b: Calyrex|Protect\n|move|p1a: Hitmonshe|Triple Axel|p2a: Miraidon\n|-supereffective|p2a: Miraidon\n|-damage|p2a: Miraidon|59/100\n|-supereffective|p2a: Miraidon\n|-damage|p2a: Miraidon|33/100\n|-supereffective|p2a: Miraidon\n|-damage|p2a: Miraidon|0 fnt\n|faint|p2a: Miraidon\n|-hitcount|p2: Miraidon|3\n|\n|-weather|RainDance|[upkeep]\n|upkeep\n|\n|t:|1774275683\n|switch|p2a: Chi-Yu|Chi-Yu, L50|100/100\n|-ability|p2a: Chi-Yu|Beads of Ruin\n|turn|3\n|\n|t:|1774275698\n|move|p1b: Tripitz|Origin Pulse|p2b: Calyrex|[spread] p2a\n|-miss|p1b: Tripitz|p2b: Calyrex\n|-supereffective|p2a: Chi-Yu\n|-damage|p2a: Chi-Yu|0 fnt\n|faint|p2a: Chi-Yu\n|move|p1a: Hitmonshe|Triple Axel|p2b: Calyrex\n|-damage|p2b: Calyrex|92/100\n|-damage|p2b: Calyrex|74/100\n|-damage|p2b: Calyrex|47/100\n|-hitcount|p2b: Calyrex|3\n|move|p2b: Calyrex|Astral Barrage|p1b: Tripitz|[spread] p1a,p1b\n|-damage|p1a: Hitmonshe|10/100\n|-damage|p1b: Tripitz|2/100\n|-damage|p2b: Calyrex|37/100|[from] item: Life Orb\n|\n|-weather|RainDance|[upkeep]\n|upkeep\n|turn|4\n|\n|t:|1774275717\n|move|p2b: Calyrex|Protect|p2b: Calyrex\n|-singleturn|p2b: Calyrex|Protect\n|move|p1b: Tripitz|Origin Pulse|p2b: Calyrex\n|-activate|p2b: Calyrex|move: Protect\n|move|p1a: Hitmonshe|Triple Axel|p2b: Calyrex\n|-activate|p2b: Calyrex|move: Protect\n|\n|-weather|RainDance|[upkeep]\n|-sideend|p1: marcxhenry|move: Tailwind\n|upkeep\n|turn|5\n|\n|t:|1774275728\n|move|p1b: Tripitz|Protect|p1b: Tripitz\n|-singleturn|p1b: Tripitz|Protect\n|move|p1a: Hitmonshe|Protect|p1a: Hitmonshe\n|-singleturn|p1a: Hitmonshe|Protect\n|move|p2b: Calyrex|Astral Barrage|p1a: Hitmonshe|[spread] \n|-activate|p1a: Hitmonshe|move: Protect\n|-activate|p1b: Tripitz|move: Protect\n|\n|-weather|none\n|-fieldend|move: Electric Terrain\n|upkeep\n|turn|6\n|\n|t:|1774275739\n|move|p2b: Calyrex|Astral Barrage|p1b: Tripitz|[spread] p1a,p1b\n|-damage|p1a: Hitmonshe|0 fnt\n|-damage|p1b: Tripitz|0 fnt\n|faint|p1a: Hitmonshe\n|faint|p1b: Tripitz\n|-ability|p2b: Calyrex|Grim Neigh|boost\n|-boost|p2b: Calyrex|spa|2\n|-damage|p2b: Calyrex|27/100|[from] item: Life Orb\n|\n|upkeep\n|\n|t:|1774275748\n|switch|p1b: Ludwig|Calyrex-Shadow, L50|100/100\n|-ability|p1b: Ludwig|As One\n|-ability|p1b: Ludwig|Unnerve\n|turn|7\n|\n|t:|1774275754\n|-terastallize|p2b: Calyrex|Dark\n|move|p1b: Ludwig|Protect|p1b: Ludwig\n|-singleturn|p1b: Ludwig|Protect\n|move|p2b: Calyrex|Astral Barrage|p1b: Ludwig\n|-activate|p1b: Ludwig|move: Protect\n|\n|upkeep\n|turn|8\n|\n|t:|1774275761\n|move|p2b: Calyrex|Astral Barrage|p1b: Ludwig\n|-supereffective|p1b: Ludwig\n|-enditem|p1b: Ludwig|Focus Sash\n|-damage|p1b: Ludwig|1/100\n|-damage|p2b: Calyrex|18/100|[from] item: Life Orb\n|move|p1b: Ludwig|Astral Barrage|p2b: Calyrex\n|-resisted|p2b: Calyrex\n|-damage|p2b: Calyrex|0 fnt\n|faint|p2b: Calyrex\n|\n|win|marcxhenry\n|raw|marcxhenry's rating: 1355 &rarr; <strong>1375</strong><br />(+20 for winning)\n|raw|pokebiduselecao's rating: 1351 &rarr; <strong>1331</strong><br />(-20 for losing)\n|l|\u2606marcxhenry\n|player|p1|\n|l|\u2606pokebiduselecao\n|player|p2|\n","uploadtime":1774275980,"views":10,"formatid":"gen9vgc2026regi","rating":1331,"private":0,"password":null}