{"id":"gen9vgc2026regi-2522725883","format":"[Gen 9] VGC 2026 Reg I","players":["SnorlaxPikachu1","porygon-epilepz"],"log":"|j|\u2606SnorlaxPikachu1\n|j|\u2606porygon-epilepz\n|html|<table width=\"100%\"><tr><td align=\"left\">SnorlaxPikachu1</td><td align=\"right\">porygon-epilepz</tr><tr><td align=\"left\"><i class=\"fa fa-circle\"></i> <i class=\"fa fa-circle-o\"></i> </td><td align=\"right\"><i class=\"fa fa-circle-o\"></i> <i class=\"fa fa-circle\"></i> </tr></table>\n|uhtml|bestof|<h2><strong>Game 3</strong> of <a href=\"/game-bestof3-gen9vgc2026regi-2522722058\">a best-of-3</a></h2>\n|t:|1768938253\n|gametype|doubles\n|player|p1|SnorlaxPikachu1|palmer|\n|player|p2|porygon-epilepz|ghetsis-gen5bw|\n|gen|9\n|tier|[Gen 9] VGC 2026 Reg I\n|rated|Tournament battle\n|rule|Species Clause: Limit one of each Pok\u00e9mon\n|rule|Item Clause: Limit 1 of each item\n|raw|<div class=\"infobox\"><details class=\"readmore\" open><summary><strong>4 custom rules:</strong></summary> Open Team Sheets, Force Open Team Sheets, !Open Team Sheets, Best of = 3</details></div>\n|clearpoke\n|poke|p1|Terapagos, L50, M|\n|poke|p1|Calyrex-Shadow, L50|\n|poke|p1|Incineroar, L50, F|\n|poke|p1|Flutter Mane, L50|\n|poke|p1|Ogerpon-Cornerstone, L50, F|\n|poke|p1|Rillaboom, L50, M|\n|poke|p2|Koraidon, L50|\n|poke|p2|Lunala, L50|\n|poke|p2|Ursaluna, L50, F|\n|poke|p2|Brute Bonnet, L50|\n|poke|p2|Flutter Mane, L50|\n|poke|p2|Chi-Yu, L50|\n|teampreview|4\n|showteam|p1|Terapagos||Leftovers|TeraShift|TeraStarstorm,Protect,CalmMind,EarthPower|||M|||50|,,,,,Stellar]Calyrex-Shadow||FocusSash|AsOneSpectrier|AstralBarrage,PollenPuff,WillOWisp,Protect||||||50|,,,,,Ghost]Incineroar||RockyHelmet|Intimidate|FakeOut,KnockOff,PartingShot,WillOWisp|||F|||50|,,,,,Bug]Flutter Mane||BoosterEnergy|Protosynthesis|Moonblast,ThunderWave,Taunt,IcyWind||||||50|,,,,,Dark]Ogerpon-Cornerstone||CornerstoneMask|Sturdy|IvyCudgel,FollowMe,SpikyShield,KnockOff|||F|||50|,,,,,Rock]Rillaboom||AssaultVest|GrassySurge|FakeOut,GrassyGlide,Uturn,WoodHammer|||M|||50|,,,,,Fire\n|showteam|p2|Koraidon||LifeOrb|OrichalcumPulse|FlameCharge,FlareBlitz,CloseCombat,Protect||||||50|,,,,,Fire]Lunala||PowerHerb|ShadowShield|MoongeistBeam,MeteorBeam,WideGuard,TrickRoom||||||50|,,,,,Water]Ursaluna||FlameOrb|Guts|Facade,HeadlongRush,Earthquake,Protect|||F|||50|,,,,,Ghost]Brute Bonnet||SitrusBerry|Protosynthesis|SeedBomb,SuckerPunch,Spore,RagePowder||||||50|,,,,,Water]Flutter Mane||FocusSash|Protosynthesis|IcyWind,ShadowBall,Moonblast,Protect||||||50|,,,,,Stellar]Chi-Yu||ChoiceScarf|BeadsofRuin|DarkPulse,HeatWave,Overheat,Snarl||||||50|,,,,,Ghost\n|j|%Tb0lt\n|j| The Yegorushhka\n|\n|t:|1768938278\n|teamsize|p1|4\n|teamsize|p2|4\n|start\n|switch|p1a: Ogerpon|Ogerpon-Cornerstone, L50, F|100/100\n|switch|p1b: Flutter Mane|Flutter Mane, L50|100/100\n|switch|p2a: Chi-Yu|Chi-Yu, L50|100/100\n|switch|p2b: Lunala|Lunala, L50|100/100\n|-ability|p2a: Chi-Yu|Beads of Ruin\n|-enditem|p1b: Flutter Mane|Booster Energy\n|-activate|p1b: Flutter Mane|ability: Protosynthesis|[fromitem]\n|-start|p1b: Flutter Mane|protosynthesisspe\n|turn|1\n|j| ido1234567890\n|\n|t:|1768938296\n|move|p1b: Flutter Mane|Taunt|p2b: Lunala\n|-start|p2b: Lunala|move: Taunt\n|move|p2a: Chi-Yu|Heat Wave|p1a: Ogerpon|[spread] p1a,p1b\n|-damage|p1a: Ogerpon|44/100\n|-damage|p1b: Flutter Mane|51/100\n|move|p1a: Ogerpon|Ivy Cudgel|p2a: Chi-Yu|[anim] Ivy Cudgel Rock\n|-supereffective|p2a: Chi-Yu\n|-damage|p2a: Chi-Yu|0 fnt\n|faint|p2a: Chi-Yu\n|cant|p2b: Lunala|move: Taunt|Trick Room\n|\n|upkeep\n|l| ido1234567890\n|\n|t:|1768938305\n|switch|p2a: Koraidon|Koraidon, L50|100/100\n|-weather|SunnyDay|[from] ability: Orichalcum Pulse|[of] p2a: Koraidon\n|-activate|p2a: Koraidon|Orichalcum Pulse|[source]\n|turn|2\n|\n|t:|1768938326\n|move|p2a: Koraidon|Protect|p2a: Koraidon\n|-singleturn|p2a: Koraidon|Protect\n|move|p1b: Flutter Mane|Icy Wind|p2b: Lunala|[spread] p2b\n|-activate|p2a: Koraidon|move: Protect\n|-damage|p2b: Lunala|96/100\n|-unboost|p2b: Lunala|spe|1\n|move|p1a: Ogerpon|Knock Off|p2b: Lunala\n|-supereffective|p2b: Lunala\n|-crit|p2b: Lunala\n|-damage|p2b: Lunala|0 fnt\n|-enditem|p2b: Lunala|Power Herb|[from] move: Knock Off|[of] p1a: Ogerpon\n|faint|p2b: Lunala\n|\n|-weather|SunnyDay|[upkeep]\n|upkeep\n|\n|t:|1768938338\n|switch|p2b: Ursaluna|Ursaluna, L50, F|100/100\n|turn|3\n|\n|t:|1768938352\n|-terastallize|p2a: Koraidon|Fire\n|move|p2b: Ursaluna|Protect|p2b: Ursaluna\n|-singleturn|p2b: Ursaluna|Protect\n|move|p1b: Flutter Mane|Icy Wind|p2b: Ursaluna|[spread] p2a\n|-activate|p2b: Ursaluna|move: Protect\n|-resisted|p2a: Koraidon\n|-damage|p2a: Koraidon|95/100\n|-unboost|p2a: Koraidon|spe|1\n|move|p1a: Ogerpon|Ivy Cudgel|p2a: Koraidon|[anim] Ivy Cudgel Rock\n|-supereffective|p2a: Koraidon\n|-damage|p2a: Koraidon|0 fnt\n|faint|p2a: Koraidon\n|\n|-weather|SunnyDay|[upkeep]\n|-status|p2b: Ursaluna|brn|[from] item: Flame Orb\n|upkeep\n|turn|4\n|\n|t:|1768938366\n|move|p1b: Flutter Mane|Moonblast|p2b: Ursaluna\n|-damage|p2b: Ursaluna|65/100 brn\n|-unboost|p2b: Ursaluna|spa|1\n|move|p1a: Ogerpon|Knock Off|p2b: Ursaluna\n|-damage|p2b: Ursaluna|35/100 brn\n|-enditem|p2b: Ursaluna|Flame Orb|[from] move: Knock Off|[of] p1a: Ogerpon\n|move|p2b: Ursaluna|Earthquake|p1a: Ogerpon|[spread] p1a,p1b\n|-damage|p1a: Ogerpon|0 fnt\n|-damage|p1b: Flutter Mane|0 fnt\n|faint|p1a: Ogerpon\n|faint|p1b: Flutter Mane\n|-end|p1b: Flutter Mane|Protosynthesis|[silent]\n|\n|-weather|SunnyDay|[upkeep]\n|-damage|p2b: Ursaluna|29/100 brn|[from] brn\n|upkeep\n|\n|t:|1768938375\n|switch|p1b: Incineroar|Incineroar, L50, F|100/100\n|switch|p1a: Calyrex|Calyrex-Shadow, L50|100/100\n|-ability|p1a: Calyrex|As One\n|-ability|p1a: Calyrex|Unnerve\n|-ability|p1b: Incineroar|Intimidate|boost\n|-unboost|p2b: Ursaluna|atk|1\n|turn|5\n|\n|t:|1768938379\n|move|p2b: Ursaluna|Protect|p2b: Ursaluna\n|-singleturn|p2b: Ursaluna|Protect\n|move|p1b: Incineroar|Fake Out|p2b: Ursaluna\n|-activate|p2b: Ursaluna|move: Protect\n|move|p1a: Calyrex|Pollen Puff|p2b: Ursaluna\n|-activate|p2b: Ursaluna|move: Protect\n|\n|-weather|SunnyDay|[upkeep]\n|-damage|p2b: Ursaluna|23/100 brn|[from] brn\n|upkeep\n|turn|6\n|\n|t:|1768938384\n|-terastallize|p1b: Incineroar|Bug\n|move|p1a: Calyrex|Pollen Puff|p2b: Ursaluna\n|-damage|p2b: Ursaluna|0 fnt\n|faint|p2b: Ursaluna\n|\n|win|SnorlaxPikachu1\n","uploadtime":1768938384,"views":11,"formatid":"gen9vgc2026regi","rating":null,"private":0,"password":null}