{"id":"gen9vgc2026regi-2574253663","format":"[Gen 9] VGC 2026 Reg I","players":["PrimeHowi","asouleoe"],"log":"|j|\u2606PrimeHowi\n|j|\u2606asouleoe\n|t:|1775223934\n|gametype|doubles\n|player|p1|PrimeHowi|1|1153\n|player|p2|asouleoe|blue|1124\n|gen|9\n|tier|[Gen 9] VGC 2026 Reg I\n|rated|\n|rule|Species Clause: Limit one of each Pok\u00e9mon\n|rule|Item Clause: Limit 1 of each item\n|clearpoke\n|poke|p1|Calyrex-Ice, L50|\n|poke|p1|Scraggy, L50, M|\n|poke|p1|Miraidon, L50|\n|poke|p1|Farigiraf, L50, F|\n|poke|p1|Iron Treads, L50|\n|poke|p1|Iron Hands, L50|\n|poke|p2|Hitmontop, L50, M|\n|poke|p2|Terapagos, L50, M|\n|poke|p2|Calyrex-Shadow, L50|\n|poke|p2|Ogerpon-Cornerstone, L50, F|\n|poke|p2|Whimsicott, L50, M|\n|poke|p2|Indeedee-F, L50, F|\n|teampreview|4\n|inactive|Battle timer is ON: inactive players will automatically lose when time's up. (requested by asouleoe)\n|\n|t:|1775223950\n|teamsize|p1|4\n|teamsize|p2|4\n|start\n|switch|p1a: Miraidon|Miraidon, L50|100/100\n|switch|p1b: Scraggy|Scraggy, L50, M|100/100\n|switch|p2a: Hitmontop|Hitmontop, L50, M|100/100\n|switch|p2b: Terapagos|Terapagos, L50, M|100/100\n|-activate|p2b: Terapagos|ability: Tera Shift\n|detailschange|p2b: Terapagos|Terapagos-Terastal, L50, M\n|-heal|p2b: Terapagos|100/100|[silent]\n|-fieldstart|move: Electric Terrain|[from] ability: Hadron Engine|[of] p1a: Miraidon\n|-ability|p2a: Hitmontop|Intimidate|boost\n|-unboost|p1a: Miraidon|atk|1\n|-unboost|p1b: Scraggy|atk|1\n|-ability|p1b: Scraggy|Intimidate|boost\n|-unboost|p2a: Hitmontop|atk|1\n|-unboost|p2b: Terapagos|atk|1\n|turn|1\n|inactive|PrimeHowi has 30 seconds left.\n|inactive|PrimeHowi has 20 seconds left.\n|\n|t:|1775223986\n|move|p2a: Hitmontop|Fake Out|p1a: Miraidon\n|-damage|p1a: Miraidon|95/100\n|move|p1b: Scraggy|Fake Out|p2b: Terapagos\n|-activate|p2b: Terapagos|ability: Tera Shell\n|-resisted|p2b: Terapagos\n|-damage|p2b: Terapagos|98/100\n|cant|p1a: Miraidon|flinch\n|cant|p2b: Terapagos|flinch\n|\n|upkeep\n|turn|2\n|\n|t:|1775224006\n|-terastallize|p2b: Terapagos|Stellar\n|detailschange|p2b: Terapagos|Terapagos-Stellar, L50, M, tera:Stellar\n|-heal|p2b: Terapagos|99/100|[silent]\n|-ability|p2b: Terapagos|Teraform Zero\n|-fieldend|move: Electric Terrain\n|move|p2a: Hitmontop|Vacuum Wave|p2b: Terapagos\n|-supereffective|p2b: Terapagos\n|-damage|p2b: Terapagos|94/100\n|-enditem|p2b: Terapagos|Weakness Policy\n|-boost|p2b: Terapagos|atk|2|[from] item: Weakness Policy\n|-boost|p2b: Terapagos|spa|2|[from] item: Weakness Policy\n|move|p1a: Miraidon|Dazzling Gleam|p2b: Terapagos|[spread] p2a,p2b\n|-supereffective|p2a: Hitmontop\n|-damage|p2a: Hitmontop|50/100\n|-damage|p2b: Terapagos|72/100\n|-enditem|p2a: Hitmontop|Eject Button\n|\n|t:|1775224019\n|switch|p2a: Indeedee|Indeedee-F, L50, F|100/100\n|-fieldstart|move: Psychic Terrain|[from] ability: Psychic Surge|[of] p2a: Indeedee\n|move|p2b: Terapagos|Tera Starstorm|p1a: Miraidon|[spread] p1a,p1b\n|-damage|p1a: Miraidon|30/100\n|-damage|p1b: Scraggy|33/100\n|move|p1b: Scraggy|Coaching|p1a: Miraidon\n|-boost|p1a: Miraidon|atk|1\n|-boost|p1a: Miraidon|def|1\n|\n|upkeep\n|turn|3\n|inactive|asouleoe has 30 seconds left.\n|\n|t:|1775224048\n|switch|p1b: Farigiraf|Farigiraf, L50, F|100/100\n|move|p2a: Indeedee|Follow Me|p2a: Indeedee\n|-singleturn|p2a: Indeedee|move: Follow Me\n|move|p1a: Miraidon|Dazzling Gleam|p2b: Terapagos|[spread] p2a,p2b\n|-damage|p2a: Indeedee|67/100\n|-damage|p2b: Terapagos|48/100\n|move|p2b: Terapagos|Tera Starstorm|p1a: Miraidon|[spread] p1a,p1b\n|-damage|p1a: Miraidon|0 fnt\n|-damage|p1b: Farigiraf|30/100\n|faint|p1a: Miraidon\n|\n|upkeep\n|\n|t:|1775224059\n|switch|p1a: Calyrex|Calyrex-Ice, L50|100/100\n|-ability|p1a: Calyrex|As One\n|-ability|p1a: Calyrex|Unnerve\n|turn|4\n|inactive|PrimeHowi has 30 seconds left.\n|\n|t:|1775224092\n|move|p2b: Terapagos|Tera Starstorm|p1a: Calyrex|[spread] p1a,p1b\n|-crit|p1a: Calyrex\n|-damage|p1a: Calyrex|23/100\n|-damage|p1b: Farigiraf|0 fnt\n|faint|p1b: Farigiraf\n|move|p2a: Indeedee|Trick Room|p2a: Indeedee\n|-fieldstart|move: Trick Room|[of] p2a: Indeedee\n|move|p1a: Calyrex|Trick Room|p1a: Calyrex\n|-fieldend|move: Trick Room\n|\n|upkeep\n|\n|t:|1775224095\n|switch|p1b: Scraggy|Scraggy, L50, M|33/100\n|-ability|p1b: Scraggy|Intimidate|boost\n|-unboost|p2a: Indeedee|atk|1\n|-unboost|p2b: Terapagos|atk|1\n|turn|5\n|-message|PrimeHowi forfeited.\n|\n|win|asouleoe\n|raw|PrimeHowi's rating: 1153 &rarr; <strong>1126</strong><br />(-27 for losing)\n|raw|asouleoe's rating: 1124 &rarr; <strong>1151</strong><br />(+27 for winning)\n|l|\u2606PrimeHowi\n|player|p1|\n","uploadtime":1775224119,"views":17,"formatid":"gen9vgc2026regi","rating":1126,"private":0,"password":null}