{"id":"gen9vgc2026regi-2573481178","format":"[Gen 9] VGC 2026 Reg I","players":["chrisjhall12","Mirthinion"],"log":"|j|\u2606chrisjhall12\n|j|\u2606Mirthinion\n|t:|1775140446\n|gametype|doubles\n|player|p1|chrisjhall12|dawn|1510\n|player|p2|Mirthinion|janitor|1517\n|gen|9\n|tier|[Gen 9] VGC 2026 Reg I\n|rated|\n|rule|Species Clause: Limit one of each Pok\u00e9mon\n|rule|Item Clause: Limit 1 of each item\n|clearpoke\n|poke|p1|Zamazenta-*, L50|\n|poke|p1|Miraidon, L50|\n|poke|p1|Chien-Pao, L50|\n|poke|p1|Whimsicott, L50, M|\n|poke|p1|Ogerpon-Hearthflame, L50, F|\n|poke|p1|Dragonite, L50, F|\n|poke|p2|Calyrex-Shadow, L50|\n|poke|p2|Zamazenta-*, L50|\n|poke|p2|Urshifu-*, L50, M|\n|poke|p2|Incineroar, L50, M|\n|poke|p2|Rillaboom, L50, M|\n|poke|p2|Tornadus, L50, M|\n|teampreview|4\n|inactive|Battle timer is ON: inactive players will automatically lose when time's up. (requested by Mirthinion)\nMirthinion rejected open team sheets.\n|inactive|Mirthinion has 60 seconds left.\n|\n|t:|1775140483\n|teamsize|p1|4\n|teamsize|p2|4\n|start\n|switch|p1a: Zamazenta|Zamazenta-Crowned, L50|100/100\n|switch|p1b: Chien-Pao|Chien-Pao, L50|100/100\n|switch|p2a: Vangwe|Tornadus, L50, M|100/100\n|switch|p2b: Drambor|Zamazenta-Crowned, L50|100/100\n|-ability|p1b: Chien-Pao|Sword of Ruin\n|-ability|p2b: Drambor|Dauntless Shield|boost\n|-boost|p2b: Drambor|def|1\n|-ability|p1a: Zamazenta|Dauntless Shield|boost\n|-boost|p1a: Zamazenta|def|1\n|turn|1\n|inactive|Mirthinion has 30 seconds left.\n|\n|t:|1775140516\n|-terastallize|p2b: Drambor|Grass\n|-terastallize|p1a: Zamazenta|Dragon\n|move|p2a: Vangwe|Tailwind|p2a: Vangwe\n|-sidestart|p2: Mirthinion|move: Tailwind\n|move|p2b: Drambor|Body Press|p1b: Chien-Pao\n|-supereffective|p1b: Chien-Pao\n|-enditem|p1b: Chien-Pao|Focus Sash\n|-damage|p1b: Chien-Pao|1/100\n|move|p1b: Chien-Pao|Icicle Crash|p2a: Vangwe\n|-supereffective|p2a: Vangwe\n|-damage|p2a: Vangwe|0 fnt\n|faint|p2a: Vangwe\n|move|p1a: Zamazenta|Body Press|p2b: Drambor\n|-damage|p2b: Drambor|61/100\n|\n|upkeep\n|\n|t:|1775140533\n|switch|p2a: Mithrandir|Calyrex-Shadow, L50|100/100\n|-ability|p2a: Mithrandir|As One\n|-ability|p2a: Mithrandir|Unnerve\n|turn|2\n|\n|t:|1775140555\n|move|p1b: Chien-Pao|Sucker Punch|p2a: Mithrandir\n|-supereffective|p2a: Mithrandir\n|-crit|p2a: Mithrandir\n|-enditem|p2a: Mithrandir|Focus Sash\n|-damage|p2a: Mithrandir|1/100\n|move|p2a: Mithrandir|Pollen Puff|p1b: Chien-Pao\n|-supereffective|p1b: Chien-Pao\n|-damage|p1b: Chien-Pao|0 fnt\n|faint|p1b: Chien-Pao\n|-ability|p2a: Mithrandir|Grim Neigh|boost\n|-boost|p2a: Mithrandir|spa|1\n|move|p2b: Drambor|Body Press|p1a: Zamazenta\n|-damage|p1a: Zamazenta|77/100\n|move|p1a: Zamazenta|Body Press|p2b: Drambor\n|-damage|p2b: Drambor|32/100\n|\n|upkeep\n|\n|t:|1775140572\n|switch|p1b: Whimsicott|Whimsicott, L50, M|100/100\n|turn|3\n|\n|t:|1775140591\n|move|p1b: Whimsicott|Light Screen|p1b: Whimsicott\n|-sidestart|p1: chrisjhall12|move: Light Screen\n|move|p2a: Mithrandir|Astral Barrage|p1b: Whimsicott|[spread] p1a,p1b\n|-damage|p1a: Zamazenta|43/100\n|-damage|p1b: Whimsicott|42/100\n|move|p2b: Drambor|Behemoth Bash|p1b: Whimsicott\n|-supereffective|p1b: Whimsicott\n|-damage|p1b: Whimsicott|0 fnt\n|faint|p1b: Whimsicott\n|move|p1a: Zamazenta|Behemoth Bash|p2a: Mithrandir\n|-damage|p2a: Mithrandir|0 fnt\n|faint|p2a: Mithrandir\n|\n|upkeep\n|\n|t:|1775140606\n|switch|p2a: Hoplite|Rillaboom, L50, M|100/100\n|switch|p1b: Miraidon|Miraidon, L50|100/100\n|-fieldstart|move: Grassy Terrain|[from] ability: Grassy Surge|[of] p2a: Hoplite\n|-fieldstart|move: Electric Terrain|[from] ability: Hadron Engine|[of] p1b: Miraidon\n|turn|4\n|\n|t:|1775140624\n|move|p1a: Zamazenta|Protect|p1a: Zamazenta\n|-singleturn|p1a: Zamazenta|Protect\n|move|p2b: Drambor|Body Press|p1a: Zamazenta\n|-activate|p1a: Zamazenta|move: Protect\n|move|p2a: Hoplite|High Horsepower|p1b: Miraidon\n|-supereffective|p1b: Miraidon\n|-damage|p1b: Miraidon|50/100\n|move|p1b: Miraidon|Draco Meteor|p2b: Drambor\n|-damage|p2b: Drambor|0 fnt\n|-unboost|p1b: Miraidon|spa|2\n|faint|p2b: Drambor\n|\n|-sideend|p2: Mirthinion|move: Tailwind\n|upkeep\n|turn|5\n|\n|t:|1775140639\n|move|p1a: Zamazenta|Body Press|p2a: Hoplite\n|-damage|p2a: Hoplite|32/100\n|move|p1b: Miraidon|Draco Meteor|p2a: Hoplite|[miss]\n|-miss|p1b: Miraidon|p2a: Hoplite\n|move|p2a: Hoplite|High Horsepower|p1a: Zamazenta\n|-damage|p1a: Zamazenta|31/100\n|\n|upkeep\n|turn|6\n|\n|t:|1775140650\n|move|p1a: Zamazenta|Body Press|p2a: Hoplite\n|-damage|p2a: Hoplite|0 fnt\n|faint|p2a: Hoplite\n|\n|win|chrisjhall12\n|raw|chrisjhall12's rating: 1510 &rarr; <strong>1530</strong><br />(+20 for winning)\n|raw|Mirthinion's rating: 1517 &rarr; <strong>1497</strong><br />(-20 for losing)\n|c|\u2606Mirthinion|gg\n|l|\u2606Mirthinion\n|player|p2|\n|l|\u2606chrisjhall12\n|player|p1|\n","uploadtime":1775140655,"views":47,"formatid":"gen9vgc2026regi","rating":1497,"private":0,"password":null}