{"id":"gen9vgc2026regi-2576791063","format":"[Gen 9] VGC 2026 Reg I","players":["Patticakesz","SalmonintheGanges"],"log":"|j|\u2606Patticakesz\n|j|\u2606SalmonintheGanges\n|t:|1775505984\n|gametype|doubles\n|player|p1|Patticakesz|266|1171\n|player|p2|SalmonintheGanges|fisherman|1281\n|gen|9\n|tier|[Gen 9] VGC 2026 Reg I\n|rated|\n|rule|Species Clause: Limit one of each Pok\u00e9mon\n|rule|Item Clause: Limit 1 of each item\n|clearpoke\n|poke|p1|Miraidon, L50|\n|poke|p1|Farigiraf, L50, M|\n|poke|p1|Iron Hands, L50|\n|poke|p1|Calyrex-Shadow, L50|\n|poke|p1|Iron Jugulis, L50|\n|poke|p1|Iron Bundle, L50|\n|poke|p2|Muk-Alola, L50, M|\n|poke|p2|Calyrex-Shadow, L50|\n|poke|p2|Ho-Oh, L50|\n|poke|p2|Smeargle, L50, M|\n|poke|p2|Flamigo, L50, M|\n|poke|p2|Zoroark-Hisui, L50, M|\n|teampreview|4\n|inactive|Battle timer is ON: inactive players will automatically lose when time's up. (requested by SalmonintheGanges)\n|inactive|Patticakesz has 60 seconds left.\n|\n|t:|1775506020\n|teamsize|p1|4\n|teamsize|p2|4\n|start\n|switch|p1a: Iron Jugulis|Iron Jugulis, L50|100/100\n|switch|p1b: Miraidon|Miraidon, L50|100/100\n|switch|p2a: Smeargle|Smeargle, L50, M|100/100\n|switch|p2b: Muk|Muk-Alola, L50, M|100/100\n|-fieldstart|move: Electric Terrain|[from] ability: Hadron Engine|[of] p1b: Miraidon\n|-activate|p1a: Iron Jugulis|ability: Quark Drive\n|-start|p1a: Iron Jugulis|quarkdrivespe\n|turn|1\n|\n|t:|1775506028\n|move|p2a: Smeargle|Follow Me|p2a: Smeargle\n|-singleturn|p2a: Smeargle|move: Follow Me\n|move|p1a: Iron Jugulis|Taunt|p2a: Smeargle\n|-start|p2a: Smeargle|move: Taunt\n|move|p1b: Miraidon|Volt Switch|p2a: Smeargle\n|-enditem|p2a: Smeargle|Focus Sash\n|-damage|p2a: Smeargle|1/100\n|\n|t:|1775506039\n|switch|p1b: Calyrex|Calyrex-Shadow, L50|100/100|[from] Volt Switch\n|-ability|p1b: Calyrex|As One\n|-ability|p1b: Calyrex|Unnerve\n|move|p2b: Muk|Minimize|p2b: Muk\n|-boost|p2b: Muk|evasion|2\n|\n|-ability|p2a: Smeargle|Moody|boost\n|-boost|p2a: Smeargle|spe|2\n|-unboost|p2a: Smeargle|spa|1\n|upkeep\n|turn|2\n|\n|t:|1775506050\n|move|p2a: Smeargle|Salt Cure|p1b: Calyrex\n|-damage|p1b: Calyrex|96/100\n|-start|p1b: Calyrex|Salt Cure\n|move|p1a: Iron Jugulis|Taunt|p2b: Muk|[miss]\n|-miss|p1a: Iron Jugulis|p2b: Muk\n|move|p1b: Calyrex|Encore|p2b: Muk\n|-start|p2b: Muk|Encore\n|move|p2b: Muk|Minimize|p2b: Muk\n|-boost|p2b: Muk|evasion|2\n|\n|-damage|p1b: Calyrex|84/100|[from] Salt Cure\n|-ability|p2a: Smeargle|Moody|boost\n|-boost|p2a: Smeargle|def|2\n|-unboost|p2a: Smeargle|atk|1\n|upkeep\n|turn|3\n|\n|t:|1775506063\n|move|p2a: Smeargle|Salt Cure|p1a: Iron Jugulis\n|-supereffective|p1a: Iron Jugulis\n|-damage|p1a: Iron Jugulis|95/100\n|-start|p1a: Iron Jugulis|Salt Cure\n|move|p1a: Iron Jugulis|Taunt|p2b: Muk|[miss]\n|-miss|p1a: Iron Jugulis|p2b: Muk\n|move|p1b: Calyrex|Pollen Puff|p2a: Smeargle\n|-damage|p2a: Smeargle|0 fnt\n|faint|p2a: Smeargle\n|-ability|p2b: Muk|Moody|Power of Alchemy|[from] ability: Power of Alchemy|[of] p2a: Smeargle\n|-ability|p1b: Calyrex|Grim Neigh|boost\n|-boost|p1b: Calyrex|spa|1\n|move|p2b: Muk|Minimize|p2b: Muk\n|-boost|p2b: Muk|evasion|2\n|\n|-damage|p1a: Iron Jugulis|83/100|[from] Salt Cure\n|-damage|p1b: Calyrex|72/100|[from] Salt Cure\n|-ability|p2b: Muk|Moody|boost\n|-boost|p2b: Muk|spa|2\n|-unboost|p2b: Muk|spe|1\n|upkeep\n|\n|t:|1775506074\n|switch|p2a: Ho-Oh|Ho-Oh, L50|100/100\n|-ability|p2a: Ho-Oh|Pressure\n|turn|4\n|\n|t:|1775506084\n|move|p1a: Iron Jugulis|Metal Sound|p2a: Ho-Oh|[miss]\n|-miss|p1a: Iron Jugulis|p2a: Ho-Oh\n|move|p1b: Calyrex|Astral Barrage|p2a: Ho-Oh|[spread] p2a\n|-miss|p1b: Calyrex|p2b: Muk\n|-damage|p2a: Ho-Oh|53/100\n|move|p2a: Ho-Oh|Psych Up|p2b: Muk\n|-copyboost|p2a: Ho-Oh|p2b: Muk|[from] move: Psych Up\n|move|p2b: Muk|Minimize|p2b: Muk\n|-boost|p2b: Muk|evasion|0\n|\n|-damage|p1a: Iron Jugulis|71/100|[from] Salt Cure\n|-damage|p1b: Calyrex|60/100|[from] Salt Cure\n|-end|p2b: Muk|Encore\n|-ability|p2b: Muk|Moody|boost\n|-boost|p2b: Muk|def|2\n|-unboost|p2b: Muk|spd|1\n|upkeep\n|turn|5\n|\n|t:|1775506100\n|move|p1a: Iron Jugulis|Metal Sound|p2a: Ho-Oh\n|-unboost|p2a: Ho-Oh|spd|2\n|move|p1b: Calyrex|Astral Barrage|p2b: Muk|[spread] \n|-miss|p1b: Calyrex|p2a: Ho-Oh\n|-miss|p1b: Calyrex|p2b: Muk\n|move|p2a: Ho-Oh|Recover|p2a: Ho-Oh\n|-heal|p2a: Ho-Oh|100/100\n|move|p2b: Muk|Substitute|p2b: Muk\n|-start|p2b: Muk|Substitute\n|-damage|p2b: Muk|76/100\n|\n|-heal|p2b: Muk|82/100|[from] item: Leftovers\n|-damage|p1a: Iron Jugulis|59/100|[from] Salt Cure\n|-damage|p1b: Calyrex|48/100|[from] Salt Cure\n|-fieldend|move: Electric Terrain\n|-end|p1a: Iron Jugulis|Quark Drive\n|-ability|p2b: Muk|Moody|boost\n|-boost|p2b: Muk|def|2\n|-unboost|p2b: Muk|atk|1\n|upkeep\n|turn|6\n|-message|Patticakesz forfeited.\n|\n|win|SalmonintheGanges\n|raw|Patticakesz's rating: 1171 &rarr; <strong>1154</strong><br />(-17 for losing)\n|raw|SalmonintheGanges's rating: 1281 &rarr; <strong>1298</strong><br />(+17 for winning)\n|l|\u2606Patticakesz\n|player|p1|\n|l|\u2606SalmonintheGanges\n|player|p2|\n","uploadtime":1775506300,"views":9,"formatid":"gen9vgc2026regi","rating":1154,"private":0,"password":null}