{"id":"gen9vgc2026regi-2559443368","format":"[Gen 9] VGC 2026 Reg I","players":["cornhell778","Jonen"],"log":"|j|\u2606cornhell778\n|j|\u2606Jonen\n|t:|1773568280\n|gametype|doubles\n|player|p1|cornhell778|lady-gen4|1114\n|player|p2|Jonen|hiker-gen4|1233\n|gen|9\n|tier|[Gen 9] VGC 2026 Reg I\n|rated|\n|rule|Species Clause: Limit one of each Pok\u00e9mon\n|rule|Item Clause: Limit 1 of each item\n|clearpoke\n|poke|p1|Lunala, L50|\n|poke|p1|Indeedee-F, L50, F|\n|poke|p1|Koraidon, L50|\n|poke|p1|Flutter Mane, L50|\n|poke|p1|Brute Bonnet, L50|\n|poke|p1|Typhlosion-Hisui, L50, M|\n|poke|p2|Groudon, L50|\n|poke|p2|Lunala, L50|\n|poke|p2|Sableye, L50, M|\n|poke|p2|Chi-Yu, L50|\n|poke|p2|Rillaboom, L50, F|\n|poke|p2|Jumpluff, L50, M|\n|teampreview|4\n|\n|t:|1773568311\n|teamsize|p1|4\n|teamsize|p2|4\n|start\n|switch|p1a: Lunala|Lunala, L50, shiny|100/100\n|switch|p1b: Indeedee|Indeedee-F, L50, F|100/100\n|switch|p2a: Lunala|Lunala, L50|100/100\n|switch|p2b: Sableye|Sableye, L50, M|100/100\n|-fieldstart|move: Psychic Terrain|[from] ability: Psychic Surge|[of] p1b: Indeedee\n|turn|1\n|\n|t:|1773568336\n|move|p1b: Indeedee|Helping Hand|p1a: Lunala\n|-singleturn|p1a: Lunala|Helping Hand|[of] p1b: Indeedee\n|move|p2b: Sableye|Gravity|p2b: Sableye\n|-fieldstart|move: Gravity\n|move|p1a: Lunala|Meteor Beam||[still]\n|-prepare|p1a: Lunala|Meteor Beam\n|-boost|p1a: Lunala|spa|1\n|-enditem|p1a: Lunala|Power Herb\n|-anim|p1a: Lunala|Meteor Beam|p2a: Lunala\n|-damage|p2a: Lunala|59/100\n|move|p2a: Lunala|Hypnosis|p1b: Indeedee\n|-status|p1b: Indeedee|slp|[from] move: Hypnosis\n|\n|upkeep\n|turn|2\n|\n|t:|1773568359\n|switch|p1b: Koraidon|Koraidon, L50, shiny|100/100\n|-weather|SunnyDay|[from] ability: Orichalcum Pulse|[of] p1b: Koraidon\n|-activate|p1b: Koraidon|Orichalcum Pulse|[source]\n|-terastallize|p1a: Lunala|Water\n|move|p1a: Lunala|Expanding Force|p2b: Sableye|[spread] p2a\n|-immune|p2b: Sableye\n|-resisted|p2a: Lunala\n|-damage|p2a: Lunala|21/100\n|move|p2a: Lunala|Hypnosis|p1a: Lunala\n|-status|p1a: Lunala|slp|[from] move: Hypnosis\n|move|p2b: Sableye|Foul Play|p1a: Lunala\n|-damage|p1a: Lunala|88/100 slp\n|\n|-weather|SunnyDay|[upkeep]\n|upkeep\n|turn|3\n|\n|t:|1773568394\n|switch|p1a: Flutter Mane|Flutter Mane, L50|100/100\n|-activate|p1a: Flutter Mane|ability: Protosynthesis\n|-start|p1a: Flutter Mane|protosynthesisspe\n|switch|p2b: Groudon|Groudon, L50|100/100\n|move|p2a: Lunala|Protect|p2a: Lunala\n|-singleturn|p2a: Lunala|Protect\n|move|p1b: Koraidon|Flame Charge|p2a: Lunala\n|-activate|p2a: Lunala|move: Protect\n|\n|-weather|SunnyDay|[upkeep]\n|upkeep\n|turn|4\n|\n|t:|1773568415\n|-terastallize|p2b: Groudon|Fire\n|move|p1a: Flutter Mane|Moonblast|p2b: Groudon\n|-resisted|p2b: Groudon\n|-damage|p2b: Groudon|74/100\n|-unboost|p2b: Groudon|spa|1\n|move|p1b: Koraidon|Flame Charge|p2a: Lunala\n|-damage|p2a: Lunala|0 fnt\n|-boost|p1b: Koraidon|spe|1\n|faint|p2a: Lunala\n|-damage|p1b: Koraidon|91/100|[from] item: Life Orb\n|move|p2b: Groudon|Precipice Blades|p1b: Koraidon|[spread] p1a,p1b\n|-enditem|p1a: Flutter Mane|Focus Sash\n|-damage|p1a: Flutter Mane|1/100\n|-damage|p1b: Koraidon|13/100\n|\n|-weather|SunnyDay|[upkeep]\n|upkeep\n|\n|t:|1773568433\n|switch|p2a: Chi-Yu|Chi-Yu, L50|100/100\n|-ability|p2a: Chi-Yu|Beads of Ruin\n|turn|5\n|\n|t:|1773568458\n|move|p1a: Flutter Mane|Shadow Ball|p2b: Groudon\n|-damage|p2b: Groudon|6/100\n|move|p1b: Koraidon|Close Combat|p2b: Groudon\n|-damage|p2b: Groudon|0 fnt\n|-unboost|p1b: Koraidon|def|1\n|-unboost|p1b: Koraidon|spd|1\n|faint|p2b: Groudon\n|-damage|p1b: Koraidon|4/100|[from] item: Life Orb\n|move|p2a: Chi-Yu|Snarl|p1a: Flutter Mane|[spread] p1a,p1b\n|-resisted|p1b: Koraidon\n|-damage|p1a: Flutter Mane|0 fnt\n|-damage|p1b: Koraidon|0 fnt\n|faint|p1a: Flutter Mane\n|-end|p1a: Flutter Mane|Protosynthesis|[silent]\n|faint|p1b: Koraidon\n|\n|-weather|SunnyDay|[upkeep]\n|-fieldend|move: Gravity\n|-fieldend|move: Psychic Terrain\n|upkeep\n|\n|t:|1773568477\n|switch|p1a: Indeedee|Indeedee-F, L50, F|100/100 slp\n|switch|p1b: Lunala|Lunala, L50, shiny, tera:Water|88/100 slp\n|switch|p2b: Sableye|Sableye, L50, M|100/100\n|-fieldstart|move: Psychic Terrain|[from] ability: Psychic Surge|[of] p1a: Indeedee\n|turn|6\n|\n|t:|1773568496\n|cant|p1a: Indeedee|slp\n|move|p2b: Sableye|Gravity|p2b: Sableye\n|-fieldstart|move: Gravity\n|move|p2a: Chi-Yu|Snarl|p1b: Lunala|[spread] p1a,p1b\n|-supereffective|p1a: Indeedee\n|-damage|p1a: Indeedee|42/100 slp\n|-damage|p1b: Lunala|64/100 slp\n|-unboost|p1a: Indeedee|spa|1\n|-unboost|p1b: Lunala|spa|1\n|cant|p1b: Lunala|slp\n|\n|-weather|none\n|upkeep\n|turn|7\n|\n|t:|1773568513\n|cant|p1a: Indeedee|slp\n|move|p2a: Chi-Yu|Snarl|p1b: Lunala|[spread] p1a,p1b\n|-supereffective|p1a: Indeedee\n|-damage|p1a: Indeedee|0 fnt\n|-damage|p1b: Lunala|38/100 slp\n|-unboost|p1b: Lunala|spa|1\n|faint|p1a: Indeedee\n|cant|p1b: Lunala|slp\n|move|p2b: Sableye|Foul Play|p1b: Lunala\n|-damage|p1b: Lunala|11/100 slp\n|\n|upkeep\n|turn|8\n|c|\u2606Jonen|gg\n|-message|cornhell778 forfeited.\n|\n|win|Jonen\n|raw|cornhell778's rating: 1114 &rarr; <strong>1097</strong><br />(-17 for losing)\n|raw|Jonen's rating: 1233 &rarr; <strong>1250</strong><br />(+17 for winning)\n","uploadtime":1773568525,"views":12,"formatid":"gen9vgc2026regi","rating":1097,"private":0,"password":null}