{"id":"gen9vgc2026regi-2530590655","format":"[Gen 9] VGC 2026 Reg I","players":["godfocker","jpto5"],"log":"|j|\u2606godfocker\n|j|\u2606jpto5\n|t:|1769945492\n|gametype|doubles\n|player|p1|godfocker|169|1236\n|player|p2|jpto5|1|1251\n|gen|9\n|tier|[Gen 9] VGC 2026 Reg I\n|rated|\n|rule|Species Clause: Limit one of each Pok\u00e9mon\n|rule|Item Clause: Limit 1 of each item\n|clearpoke\n|poke|p1|Calyrex-Ice, L50|\n|poke|p1|Koraidon, L50|\n|poke|p1|Flutter Mane, L50|\n|poke|p1|Incineroar, L50, F|\n|poke|p1|Rillaboom, L50, M|\n|poke|p1|Amoonguss, L50, M|\n|poke|p2|Tornadus, L50, M|\n|poke|p2|Kyogre, L50|\n|poke|p2|Zacian-*, L50|\n|poke|p2|Archaludon, L50, F|\n|poke|p2|Basculegion, L50, M|\n|poke|p2|Chien-Pao, L50|\n|teampreview|4\n|inactive|Battle timer is ON: inactive players will automatically lose when time's up. (requested by jpto5)\n|inactive|godfocker has 60 seconds left.\n|inactive|jpto5 has 60 seconds left.\n|inactive|godfocker has 30 seconds left.\n|\n|t:|1769945558\n|teamsize|p1|4\n|teamsize|p2|4\n|start\n|switch|p1a: Calyrex|Calyrex-Ice, L50|100/100\n|switch|p1b: Rillaboom|Rillaboom, L50, M|100/100\n|switch|p2a: Tornadus|Tornadus, L50, M|100/100\n|switch|p2b: Kyogre|Kyogre, L50|100/100\n|-ability|p1a: Calyrex|As One\n|-ability|p1a: Calyrex|Unnerve\n|-weather|RainDance|[from] ability: Drizzle|[of] p2b: Kyogre\n|-fieldstart|move: Grassy Terrain|[from] ability: Grassy Surge|[of] p1b: Rillaboom\n|turn|1\n|j| riyuezi\n|inactive|godfocker has 30 seconds left.\n|inactive|jpto5 has 30 seconds left.\n|inactive|jpto5 has 20 seconds left.\n|\n|t:|1769945595\n|-terastallize|p1a: Calyrex|Water\n|move|p2a: Tornadus|Taunt|p1a: Calyrex\n|-start|p1a: Calyrex|move: Taunt\n|move|p2b: Kyogre|Water Spout|p1a: Calyrex|[spread] p1a,p1b\n|-resisted|p1a: Calyrex\n|-resisted|p1b: Rillaboom\n|-damage|p1a: Calyrex|68/100\n|-damage|p1b: Rillaboom|68/100\n|move|p1b: Rillaboom|U-turn|p2a: Tornadus\n|-resisted|p2a: Tornadus\n|-damage|p2a: Tornadus|82/100\n|\n|t:|1769945608\n|switch|p1b: Koraidon|Koraidon, L50|100/100|[from] U-turn\n|-weather|SunnyDay|[from] ability: Orichalcum Pulse|[of] p1b: Koraidon\n|-activate|p1b: Koraidon|Orichalcum Pulse|[source]\n|move|p1a: Calyrex|Glacial Lance|p2b: Kyogre|[spread] p2a,p2b\n|-supereffective|p2a: Tornadus\n|-resisted|p2b: Kyogre\n|-damage|p2a: Tornadus|0 fnt\n|-damage|p2b: Kyogre|73/100\n|faint|p2a: Tornadus\n|-ability|p1a: Calyrex|Chilling Neigh|boost\n|-boost|p1a: Calyrex|atk|1\n|\n|-weather|SunnyDay|[upkeep]\n|-heal|p2b: Kyogre|79/100|[from] Grassy Terrain\n|-heal|p1a: Calyrex|74/100|[from] Grassy Terrain\n|-heal|p1a: Calyrex|80/100|[from] item: Leftovers\n|upkeep\n|\n|t:|1769945622\n|switch|p2a: Zacian|Zacian-Crowned, L50|100/100\n|-ability|p2a: Zacian|Intrepid Sword|boost\n|-boost|p2a: Zacian|atk|1\n|turn|2\n|\n|t:|1769945635\n|switch|p1b: Amoonguss|Amoonguss, L50, M|100/100\n|switch|p2b: Basculegion|Basculegion, L50, M|100/100\n|move|p2a: Zacian|Play Rough|p1b: Amoonguss\n|-resisted|p1b: Amoonguss\n|-damage|p1b: Amoonguss|68/100\n|-damage|p2a: Zacian|84/100|[from] item: Rocky Helmet|[of] p1b: Amoonguss\n|move|p1a: Calyrex|Glacial Lance|p2a: Zacian|[spread] p2a,p2b\n|-resisted|p2a: Zacian\n|-resisted|p2b: Basculegion\n|-crit|p2b: Basculegion\n|-damage|p2a: Zacian|50/100\n|-damage|p2b: Basculegion|33/100\n|\n|-weather|SunnyDay|[upkeep]\n|-heal|p2a: Zacian|56/100|[from] Grassy Terrain\n|-heal|p2b: Basculegion|39/100|[from] Grassy Terrain\n|-heal|p1a: Calyrex|86/100|[from] Grassy Terrain\n|-heal|p1a: Calyrex|91/100|[from] item: Leftovers\n|-heal|p1b: Amoonguss|74/100|[from] Grassy Terrain\n|upkeep\n|turn|3\n|inactive|jpto5 has 30 seconds left.\n|inactive|jpto5 has 20 seconds left.\n|inactive|jpto5 has 15 seconds left.\n|\n|t:|1769945680\n|move|p2a: Zacian|Play Rough|p1a: Calyrex|[miss]\n|-miss|p2a: Zacian|p1a: Calyrex\n|move|p2b: Basculegion|Psychic Fangs|p1b: Amoonguss\n|-supereffective|p1b: Amoonguss\n|-crit|p1b: Amoonguss\n|-damage|p1b: Amoonguss|13/100\n|-damage|p2b: Basculegion|23/100|[from] item: Rocky Helmet|[of] p1b: Amoonguss\n|move|p1a: Calyrex|Glacial Lance|p2b: Basculegion|[spread] p2a,p2b\n|-resisted|p2a: Zacian\n|-resisted|p2b: Basculegion\n|-damage|p2a: Zacian|20/100\n|-damage|p2b: Basculegion|0 fnt\n|faint|p2b: Basculegion\n|-ability|p1a: Calyrex|Chilling Neigh|boost\n|-boost|p1a: Calyrex|atk|1\n|move|p1b: Amoonguss|Spore|p2a: Zacian\n|-status|p2a: Zacian|slp|[from] move: Spore\n|\n|-weather|SunnyDay|[upkeep]\n|-heal|p2a: Zacian|26/100 slp|[from] Grassy Terrain\n|-heal|p1a: Calyrex|97/100|[from] Grassy Terrain\n|-heal|p1a: Calyrex|100/100|[from] item: Leftovers\n|-heal|p1b: Amoonguss|19/100|[from] Grassy Terrain\n|-end|p1a: Calyrex|move: Taunt\n|upkeep\n|\n|t:|1769945684\n|switch|p2b: Kyogre|Kyogre, L50|79/100\n|-weather|RainDance|[from] ability: Drizzle|[of] p2b: Kyogre\n|turn|4\n|\n|t:|1769945706\n|move|p1b: Amoonguss|Rage Powder|p1b: Amoonguss\n|-singleturn|p1b: Amoonguss|move: Rage Powder\n|cant|p2a: Zacian|slp\n|move|p2b: Kyogre|Thunder|p1b: Amoonguss\n|-resisted|p1b: Amoonguss\n|-damage|p1b: Amoonguss|0 fnt\n|faint|p1b: Amoonguss\n|move|p1a: Calyrex|Glacial Lance|p2b: Kyogre|[spread] p2a,p2b\n|-resisted|p2a: Zacian\n|-resisted|p2b: Kyogre\n|-damage|p2a: Zacian|0 fnt\n|-damage|p2b: Kyogre|22/100\n|faint|p2a: Zacian\n|-ability|p1a: Calyrex|Chilling Neigh|boost\n|-boost|p1a: Calyrex|atk|1\n|\n|-weather|RainDance|[upkeep]\n|-heal|p2b: Kyogre|27/100|[from] Grassy Terrain\n|upkeep\n|\n|t:|1769945715\n|switch|p1b: Koraidon|Koraidon, L50|100/100\n|-weather|SunnyDay|[from] ability: Orichalcum Pulse|[of] p1b: Koraidon\n|-activate|p1b: Koraidon|Orichalcum Pulse|[source]\n|turn|5\n|\n|t:|1769945721\n|-terastallize|p2b: Kyogre|Ground\n|move|p1b: Koraidon|Flame Charge|p2b: Kyogre\n|-damage|p2b: Kyogre|0 fnt\n|-boost|p1b: Koraidon|spe|1\n|faint|p2b: Kyogre\n|-damage|p1b: Koraidon|91/100|[from] item: Life Orb\n|\n|win|godfocker\n|raw|godfocker's rating: 1236 &rarr; <strong>1262</strong><br />(+26 for winning)\n|raw|jpto5's rating: 1251 &rarr; <strong>1225</strong><br />(-26 for losing)\n|l| riyuezi\n|l|\u2606jpto5\n|player|p2|\n|l|\u2606godfocker\n|player|p1|\n","uploadtime":1769946034,"views":14,"formatid":"gen9vgc2026regi","rating":1225,"private":0,"password":null}