{"id":"gen9vgc2026regi-2559435676","format":"[Gen 9] VGC 2026 Reg I","players":["QVQ\u6c34\u83b2Lana","TheManOfSausage"],"log":"|j|\u2606QVQ\u6c34\u83b2Lana\n|j|\u2606TheManOfSausage\n|t:|1773566745\n|gametype|doubles\n|player|p1|QVQ\u6c34\u83b2Lana|lana|1413\n|player|p2|TheManOfSausage|miku-water|1450\n|gen|9\n|tier|[Gen 9] VGC 2026 Reg I\n|rated|\n|rule|Species Clause: Limit one of each Pok\u00e9mon\n|rule|Item Clause: Limit 1 of each item\n|clearpoke\n|poke|p1|Kyogre, L50|\n|poke|p1|Zamazenta-*, L50|\n|poke|p1|Chien-Pao, L50|\n|poke|p1|Amoonguss, L50, M|\n|poke|p1|Dragonite, L50, F|\n|poke|p1|Rillaboom, L50, F|\n|poke|p2|Zamazenta-*, L50|\n|poke|p2|Miraidon, L50|\n|poke|p2|Ogerpon-Cornerstone, L50, F|\n|poke|p2|Incineroar, L50, M|\n|poke|p2|Volcarona, L50, M|\n|poke|p2|Iron Bundle, L50|\n|teampreview|4\n|inactive|Battle timer is ON: inactive players will automatically lose when time's up. (requested by QVQ\u6c34\u83b2Lana)\nTheManOfSausage has agreed to open team sheets.\nQVQ\u6c34\u83b2Lana rejected open team sheets.\n|\n|t:|1773566767\n|teamsize|p1|4\n|teamsize|p2|4\n|start\n|switch|p1a: \u7262\u88c2\u5076\u50cf|Dragonite, L50, F|100/100\n|switch|p1b: \u6c34\u83b2\u8ff7\u5f1f|Kyogre, L50|100/100\n|switch|p2a: Magical Mirai|Miraidon, L50|100/100\n|switch|p2b: Volcarona|Volcarona, L50, M|100/100\n|-fieldstart|move: Electric Terrain|[from] ability: Hadron Engine|[of] p2a: Magical Mirai\n|-enditem|p2b: Volcarona|Electric Seed\n|-boost|p2b: Volcarona|def|1|[from] item: Electric Seed\n|-weather|RainDance|[from] ability: Drizzle|[of] p1b: \u6c34\u83b2\u8ff7\u5f1f\n|turn|1\n|\n|t:|1773566789\n|-terastallize|p2b: Volcarona|Grass\n|move|p1a: \u7262\u88c2\u5076\u50cf|Aqua Jet|p2b: Volcarona\n|-resisted|p2b: Volcarona\n|-damage|p2b: Volcarona|83/100\n|-status|p1a: \u7262\u88c2\u5076\u50cf|brn|[from] ability: Flame Body|[of] p2b: Volcarona\n|move|p2a: Magical Mirai|Volt Switch|p1a: \u7262\u88c2\u5076\u50cf\n|-damage|p1a: \u7262\u88c2\u5076\u50cf|36/100 brn\n|\n|t:|1773566795\n|switch|p2a: Iron Bundle|Iron Bundle, L50|100/100|[from] Volt Switch\n|-activate|p2a: Iron Bundle|ability: Quark Drive\n|-start|p2a: Iron Bundle|quarkdrivespe\n|move|p1b: \u6c34\u83b2\u8ff7\u5f1f|Ice Beam|p2a: Iron Bundle\n|-resisted|p2a: Iron Bundle\n|-damage|p2a: Iron Bundle|84/100\n|move|p2b: Volcarona|Quiver Dance|p2b: Volcarona\n|-boost|p2b: Volcarona|spa|1\n|-boost|p2b: Volcarona|spd|1\n|-boost|p2b: Volcarona|spe|1\n|\n|-weather|RainDance|[upkeep]\n|-damage|p1a: \u7262\u88c2\u5076\u50cf|31/100 brn|[from] brn\n|upkeep\n|turn|2\n|\n|t:|1773566804\n|move|p1a: \u7262\u88c2\u5076\u50cf|Aqua Jet|p2a: Iron Bundle\n|-resisted|p2a: Iron Bundle\n|-damage|p2a: Iron Bundle|73/100\n|move|p2a: Iron Bundle|Icy Wind|p1a: \u7262\u88c2\u5076\u50cf|[spread] p1a,p1b\n|-supereffective|p1a: \u7262\u88c2\u5076\u50cf\n|-resisted|p1b: \u6c34\u83b2\u8ff7\u5f1f\n|-damage|p1a: \u7262\u88c2\u5076\u50cf|0 fnt\n|-damage|p1b: \u6c34\u83b2\u8ff7\u5f1f|93/100\n|-unboost|p1b: \u6c34\u83b2\u8ff7\u5f1f|spe|1\n|faint|p1a: \u7262\u88c2\u5076\u50cf\n|move|p2b: Volcarona|Quiver Dance|p2b: Volcarona\n|-boost|p2b: Volcarona|spa|1\n|-boost|p2b: Volcarona|spd|1\n|-boost|p2b: Volcarona|spe|1\n|move|p1b: \u6c34\u83b2\u8ff7\u5f1f|Ice Beam|p2b: Volcarona\n|-supereffective|p2b: Volcarona\n|-crit|p2b: Volcarona\n|-damage|p2b: Volcarona|0 fnt\n|faint|p2b: Volcarona\n|\n|-weather|RainDance|[upkeep]\n|upkeep\n|\n|t:|1773566824\n|switch|p2b: Zamazenta|Zamazenta-Crowned, L50|100/100\n|switch|p1a: \u82cd\u54cd\u8ff7\u5f1f|Zamazenta-Crowned, L50|100/100\n|-ability|p2b: Zamazenta|Dauntless Shield|boost\n|-boost|p2b: Zamazenta|def|1\n|-ability|p1a: \u82cd\u54cd\u8ff7\u5f1f|Dauntless Shield|boost\n|-boost|p1a: \u82cd\u54cd\u8ff7\u5f1f|def|1\n|turn|3\n|\n|t:|1773566836\n|switch|p1b: \u9b54\u53e4\u8c79\u5b50|Chien-Pao, L50|100/100\n|-ability|p1b: \u9b54\u53e4\u8c79\u5b50|Sword of Ruin\n|-terastallize|p1a: \u82cd\u54cd\u8ff7\u5f1f|Grass\n|move|p2a: Iron Bundle|Freeze-Dry|p1b: \u9b54\u53e4\u8c79\u5b50\n|-resisted|p1b: \u9b54\u53e4\u8c79\u5b50\n|-damage|p1b: \u9b54\u53e4\u8c79\u5b50|68/100\n|move|p2b: Zamazenta|Body Press|p1a: \u82cd\u54cd\u8ff7\u5f1f\n|-damage|p1a: \u82cd\u54cd\u8ff7\u5f1f|64/100\n|move|p1a: \u82cd\u54cd\u8ff7\u5f1f|Body Press|p2b: Zamazenta\n|-supereffective|p2b: Zamazenta\n|-damage|p2b: Zamazenta|40/100\n|\n|-weather|RainDance|[upkeep]\n|upkeep\n|turn|4\n|\n|t:|1773566854\n|move|p2b: Zamazenta|Protect|p2b: Zamazenta\n|-singleturn|p2b: Zamazenta|Protect\n|move|p1b: \u9b54\u53e4\u8c79\u5b50|Sucker Punch|p2a: Iron Bundle\n|-damage|p2a: Iron Bundle|18/100\n|move|p2a: Iron Bundle|Icy Wind|p1b: \u9b54\u53e4\u8c79\u5b50|[spread] p1a,p1b\n|-supereffective|p1a: \u82cd\u54cd\u8ff7\u5f1f\n|-resisted|p1b: \u9b54\u53e4\u8c79\u5b50\n|-damage|p1a: \u82cd\u54cd\u8ff7\u5f1f|38/100\n|-damage|p1b: \u9b54\u53e4\u8c79\u5b50|50/100\n|-unboost|p1a: \u82cd\u54cd\u8ff7\u5f1f|spe|1\n|-unboost|p1b: \u9b54\u53e4\u8c79\u5b50|spe|1\n|move|p1a: \u82cd\u54cd\u8ff7\u5f1f|Body Press|p2b: Zamazenta\n|-activate|p2b: Zamazenta|move: Protect\n|\n|-weather|RainDance|[upkeep]\n|upkeep\n|turn|5\n|inactive|TheManOfSausage has 30 seconds left.\n|inactive|QVQ\u6c34\u83b2Lana has 30 seconds left.\n|inactive|QVQ\u6c34\u83b2Lana has 20 seconds left.\n|inactive|QVQ\u6c34\u83b2Lana has 15 seconds left.\n|\n|t:|1773566901\n|move|p2a: Iron Bundle|Protect|p2a: Iron Bundle\n|-singleturn|p2a: Iron Bundle|Protect\n|move|p1b: \u9b54\u53e4\u8c79\u5b50|Sucker Punch||[still]\n|-fail|p1b: \u9b54\u53e4\u8c79\u5b50\n|move|p2b: Zamazenta|Body Press|p1b: \u9b54\u53e4\u8c79\u5b50\n|-supereffective|p1b: \u9b54\u53e4\u8c79\u5b50\n|-damage|p1b: \u9b54\u53e4\u8c79\u5b50|0 fnt\n|faint|p1b: \u9b54\u53e4\u8c79\u5b50\n|move|p1a: \u82cd\u54cd\u8ff7\u5f1f|Body Press|p2b: Zamazenta\n|-supereffective|p2b: Zamazenta\n|-damage|p2b: Zamazenta|0 fnt\n|faint|p2b: Zamazenta\n|\n|-weather|none\n|-fieldend|move: Electric Terrain\n|-end|p2a: Iron Bundle|Quark Drive\n|upkeep\n|\n|t:|1773566914\n|switch|p1b: \u6c34\u83b2\u8ff7\u5f1f|Kyogre, L50|93/100\n|switch|p2b: Magical Mirai|Miraidon, L50|100/100\n|-fieldstart|move: Electric Terrain|[from] ability: Hadron Engine|[of] p2b: Magical Mirai\n|-activate|p2a: Iron Bundle|ability: Quark Drive\n|-start|p2a: Iron Bundle|quarkdrivespe\n|-weather|RainDance|[from] ability: Drizzle|[of] p1b: \u6c34\u83b2\u8ff7\u5f1f\n|turn|6\n|\n|t:|1773566928\n|move|p1a: \u82cd\u54cd\u8ff7\u5f1f|Wide Guard|p1a: \u82cd\u54cd\u8ff7\u5f1f\n|-singleturn|p1a: \u82cd\u54cd\u8ff7\u5f1f|Wide Guard\n|move|p2a: Iron Bundle|Freeze-Dry|p1a: \u82cd\u54cd\u8ff7\u5f1f\n|-supereffective|p1a: \u82cd\u54cd\u8ff7\u5f1f\n|-damage|p1a: \u82cd\u54cd\u8ff7\u5f1f|0 fnt\n|faint|p1a: \u82cd\u54cd\u8ff7\u5f1f\n|move|p2b: Magical Mirai|Electro Drift|p1b: \u6c34\u83b2\u8ff7\u5f1f\n|-supereffective|p1b: \u6c34\u83b2\u8ff7\u5f1f\n|-damage|p1b: \u6c34\u83b2\u8ff7\u5f1f|0 fnt\n|faint|p1b: \u6c34\u83b2\u8ff7\u5f1f\n|\n|win|TheManOfSausage\n|raw|QVQ\u6c34\u83b2Lana's rating: 1413 &rarr; <strong>1395</strong><br />(-18 for losing)\n|raw|TheManOfSausage's rating: 1450 &rarr; <strong>1468</strong><br />(+18 for winning)\n|c|\u2606TheManOfSausage|gg\n|l|\u2606TheManOfSausage\n|player|p2|\n|l|\u2606QVQ\u6c34\u83b2Lana\n|player|p1|\n","uploadtime":1773567068,"views":15,"formatid":"gen9vgc2026regi","rating":1395,"private":0,"password":null}