{"id":"gen9vgc2026regi-2544903116","format":"[Gen 9] VGC 2026 Reg I","players":["Zorse Mentality","dukeker2"],"log":"|j|\u2606Zorse Mentality\n|j|\u203ddukeker2\n|t:|1771777408\n|gametype|doubles\n|player|p1|Zorse Mentality|1|1408\n|player|p2|dukeker2|psychicf-gen4|1413\n|gen|9\n|tier|[Gen 9] VGC 2026 Reg I\n|rated|\n|rule|Species Clause: Limit one of each Pok\u00e9mon\n|rule|Item Clause: Limit 1 of each item\n|clearpoke\n|poke|p1|Calyrex-Ice, L50|\n|poke|p1|Kyogre, L50|\n|poke|p1|Tornadus, L50, M|\n|poke|p1|Ursaluna, L50, M|\n|poke|p1|Urshifu-*, L50, F|\n|poke|p1|Smeargle, L50, M|\n|poke|p2|Muk-Alola, L50, F|\n|poke|p2|Smeargle, L50, F|\n|poke|p2|Calyrex-Shadow, L50|\n|poke|p2|Flamigo, L50, F|\n|poke|p2|Miraidon, L50|\n|poke|p2|Volcarona, L50, F|\n|teampreview|4\n|inactive|Battle timer is ON: inactive players will automatically lose when time's up. (requested by Zorse Mentality)\n|\n|t:|1771777431\n|teamsize|p1|4\n|teamsize|p2|4\n|start\n|switch|p1a: Tornadus|Tornadus, L50, M|100/100\n|switch|p1b: Kyogre|Kyogre, L50|100/100\n|switch|p2a: Smeargle|Smeargle, L50, F|100/100\n|switch|p2b: Muk|Muk-Alola, L50, F|100/100\n|-weather|RainDance|[from] ability: Drizzle|[of] p1b: Kyogre\n|turn|1\n|\n|t:|1771777451\n|move|p2a: Smeargle|Fake Out|p1b: Kyogre\n|-damage|p1b: Kyogre|95/100\n|move|p1a: Tornadus|Bleakwind Storm|p2a: Smeargle|[spread] p2a,p2b\n|-damage|p2a: Smeargle|9/100\n|-damage|p2b: Muk|69/100\n|-unboost|p2a: Smeargle|spe|1\n|cant|p1b: Kyogre|flinch\n|move|p2b: Muk|Minimize|p2b: Muk\n|-boost|p2b: Muk|evasion|2\n|\n|-weather|RainDance|[upkeep]\n|-heal|p2b: Muk|75/100|[from] item: Leftovers\n|-ability|p2a: Smeargle|Moody|boost\n|-boost|p2a: Smeargle|spe|2\n|-unboost|p2a: Smeargle|spa|1\n|upkeep\n|turn|2\n|inactive|Zorse Mentality has 30 seconds left.\n|\n|t:|1771777481\n|move|p1a: Tornadus|Tailwind|p1a: Tornadus\n|-sidestart|p1: Zorse Mentality|move: Tailwind\n|move|p1b: Kyogre|Water Spout|p2b: Muk|[spread] p2a\n|-miss|p1b: Kyogre|p2b: Muk\n|-damage|p2a: Smeargle|0 fnt\n|faint|p2a: Smeargle\n|-ability|p2b: Muk|Moody|Power of Alchemy|[from] ability: Power of Alchemy|[of] p2a: Smeargle\n|move|p2b: Muk|Minimize|p2b: Muk\n|-boost|p2b: Muk|evasion|2\n|\n|-weather|RainDance|[upkeep]\n|-heal|p2b: Muk|82/100|[from] item: Leftovers\n|-ability|p2b: Muk|Moody|boost\n|-boost|p2b: Muk|spd|2\n|-unboost|p2b: Muk|spe|1\n|upkeep\n|\n|t:|1771777501\n|switch|p2a: Flamigo|Flamigo, L50, F|100/100\n|-copyboost|p2a: Flamigo|p2b: Muk|[from] ability: Costar\n|-enditem|p2a: Flamigo|White Herb\n|-clearnegativeboost|p2a: Flamigo|[silent]\n|turn|3\n|\n|t:|1771777522\n|move|p1b: Kyogre|Protect|p1b: Kyogre\n|-singleturn|p1b: Kyogre|Protect\n|move|p2a: Flamigo|Wide Guard|p2a: Flamigo\n|-singleturn|p2a: Flamigo|Wide Guard\n|move|p1a: Tornadus|Bleakwind Storm|p2a: Flamigo|[spread] \n|-activate|p2a: Flamigo|move: Wide Guard\n|-activate|p2b: Muk|move: Wide Guard\n|move|p2b: Muk|Minimize|p2b: Muk\n|-boost|p2b: Muk|evasion|2\n|\n|-weather|RainDance|[upkeep]\n|-heal|p2b: Muk|88/100|[from] item: Leftovers\n|-ability|p2b: Muk|Moody|boost\n|-boost|p2b: Muk|spe|2\n|-unboost|p2b: Muk|spa|1\n|upkeep\n|turn|4\n|\n|t:|1771777545\n|move|p1a: Tornadus|Bleakwind Storm|p2b: Muk|[spread] p2a,p2b\n|-supereffective|p2a: Flamigo\n|-damage|p2a: Flamigo|44/100\n|-damage|p2b: Muk|72/100\n|-unboost|p2b: Muk|spe|1\n|move|p1b: Kyogre|Thunder|p2a: Flamigo\n|-supereffective|p2a: Flamigo\n|-damage|p2a: Flamigo|0 fnt\n|faint|p2a: Flamigo\n|move|p2b: Muk|Poison Gas|p1b: Kyogre|[spread] p1b\n|-miss|p2b: Muk|p1a: Tornadus\n|-status|p1b: Kyogre|psn\n|\n|-weather|RainDance|[upkeep]\n|-heal|p2b: Muk|78/100|[from] item: Leftovers\n|-damage|p1b: Kyogre|82/100 psn|[from] psn\n|-ability|p2b: Muk|Moody|boost\n|-boost|p2b: Muk|atk|2\n|-unboost|p2b: Muk|spd|1\n|upkeep\n|\n|t:|1771777564\n|switch|p2a: Calyrex|Calyrex-Shadow, L50|100/100\n|-ability|p2a: Calyrex|As One\n|-ability|p2a: Calyrex|Unnerve\n|turn|5\n|\n|t:|1771777572\n|move|p2a: Calyrex|Protect|p2a: Calyrex\n|-singleturn|p2a: Calyrex|Protect\n|move|p1a: Tornadus|Bleakwind Storm|p2a: Calyrex|[spread] p2b\n|-activate|p2a: Calyrex|move: Protect\n|-damage|p2b: Muk|56/100\n|move|p1b: Kyogre|Water Spout|p2a: Calyrex|[spread] \n|-activate|p2a: Calyrex|move: Protect\n|-miss|p1b: Kyogre|p2b: Muk\n|move|p2b: Muk|Poison Gas|p1b: Kyogre|[spread] p1a,p1b\n|-status|p1a: Tornadus|psn\n|-fail|p1b: Kyogre|psn\n|\n|-weather|none\n|-heal|p2b: Muk|62/100|[from] item: Leftovers\n|-damage|p1a: Tornadus|88/100 psn|[from] psn\n|-damage|p1b: Kyogre|70/100 psn|[from] psn\n|-sideend|p1: Zorse Mentality|move: Tailwind\n|-ability|p2b: Muk|Moody|boost\n|-boost|p2b: Muk|spd|2\n|-unboost|p2b: Muk|atk|1\n|upkeep\n|turn|6\n|inactive|Zorse Mentality has 30 seconds left.\n|inactive|dukeker2 has 30 seconds left.\n|\n|t:|1771777605\n|-terastallize|p2a: Calyrex|Grass\n|move|p2b: Muk|Protect|p2b: Muk\n|-singleturn|p2b: Muk|Protect\n|move|p1a: Tornadus|Tailwind|p1a: Tornadus\n|-sidestart|p1: Zorse Mentality|move: Tailwind\n|move|p1b: Kyogre|Water Spout|p2a: Calyrex|[spread] p2a\n|-activate|p2b: Muk|move: Protect\n|-resisted|p2a: Calyrex\n|-damage|p2a: Calyrex|75/100\n|move|p2a: Calyrex|Astral Barrage|p1a: Tornadus|[spread] p1a,p1b\n|-damage|p1a: Tornadus|2/100 psn\n|-damage|p1b: Kyogre|19/100 psn\n|\n|-heal|p2b: Muk|68/100|[from] item: Leftovers\n|-damage|p1a: Tornadus|0 fnt|[from] psn\n|faint|p1a: Tornadus\n|-damage|p1b: Kyogre|6/100 psn|[from] psn\n|-ability|p2b: Muk|Moody|boost\n|-boost|p2b: Muk|spa|2\n|-unboost|p2b: Muk|def|1\n|upkeep\n|inactive|Zorse Mentality has 30 seconds left.\n|inactive|Zorse Mentality has 20 seconds left.\n|\n|t:|1771777645\n|switch|p1a: Urshifu|Urshifu-Rapid-Strike, L50, F|100/100\n|turn|7\n|\n|t:|1771777661\n|switch|p1b: Calyrex|Calyrex-Ice, L50|100/100\n|-ability|p1b: Calyrex|As One\n|-ability|p1b: Calyrex|Unnerve\n|move|p1a: Urshifu|Close Combat|p2a: Calyrex\n|-damage|p2a: Calyrex|0 fnt\n|-unboost|p1a: Urshifu|def|1\n|-unboost|p1a: Urshifu|spd|1\n|faint|p2a: Calyrex\n|move|p2b: Muk|Poison Gas|p1b: Calyrex|[spread] p1a,p1b\n|-status|p1a: Urshifu|psn\n|-status|p1b: Calyrex|psn\n|\n|-heal|p2b: Muk|75/100|[from] item: Leftovers\n|-damage|p1a: Urshifu|88/100 psn|[from] psn\n|-damage|p1b: Calyrex|88/100 psn|[from] psn\n|-ability|p2b: Muk|Moody|boost\n|-boost|p2b: Muk|spa|2\n|-unboost|p2b: Muk|spe|1\n|upkeep\n|turn|8\n|inactive|Zorse Mentality has 30 seconds left.\n|\n|t:|1771777692\n|move|p1a: Urshifu|Close Combat|p2b: Muk\n|-damage|p2b: Muk|0 fnt\n|-unboost|p1a: Urshifu|def|1\n|-unboost|p1a: Urshifu|spd|1\n|faint|p2b: Muk\n|\n|win|Zorse Mentality\n|raw|Zorse Mentality's rating: 1408 &rarr; <strong>1428</strong><br />(+20 for winning)\n|raw|dukeker2's rating: 1413 &rarr; <strong>1393</strong><br />(-20 for losing)\n|l|\u203ddukeker2\n|player|p2|\n|l|\u2606Zorse Mentality\n|player|p1|\n","uploadtime":1771777940,"views":19,"formatid":"gen9vgc2026regi","rating":1393,"private":0,"password":null}