{"id":"gen9vgc2026regi-2519886138","format":"[Gen 9] VGC 2026 Reg I","players":["yubanmeiqin","dthk1216"],"log":"|j|\u2606yubanmeiqin\n|j|\u2606dthk1216\n|t:|1768566096\n|gametype|doubles\n|player|p1|yubanmeiqin|iono-masters|1302\n|player|p2|dthk1216|dawn|1513\n|gen|9\n|tier|[Gen 9] VGC 2026 Reg I\n|rated|\n|rule|Species Clause: Limit one of each Pok\u00e9mon\n|rule|Item Clause: Limit 1 of each item\n|clearpoke\n|poke|p1|Zacian-*, L50|\n|poke|p1|Lunala, L50|\n|poke|p1|Raging Bolt, L50|\n|poke|p1|Pelipper, L50, M|\n|poke|p1|Urshifu-*, L50, F|\n|poke|p1|Landorus, L50, M|\n|poke|p2|Calyrex-Ice, L50|\n|poke|p2|Kyogre, L50|\n|poke|p2|Urshifu-*, L50, F|\n|poke|p2|Rillaboom, L50, F|\n|poke|p2|Grimmsnarl, L50, M|\n|poke|p2|Amoonguss, L50, M|\n|teampreview|4\n|inactive|Battle timer is ON: inactive players will automatically lose when time's up. (requested by dthk1216)\n|inactive|yubanmeiqin has 60 seconds left.\n|inactive|dthk1216 has 60 seconds left.\n|inactive|dthk1216 has 30 seconds left.\n|inactive|yubanmeiqin has 30 seconds left.\n|\n|t:|1768566174\n|teamsize|p1|4\n|teamsize|p2|4\n|start\n|switch|p1a: \u6700\u6709\u64cd\u4f5c\u7684\u4e00\u96c6|Landorus, L50, M|100/100\n|switch|p1b: \u963f\u5c14\u6258\u8389\u96c5|Zacian-Crowned, L50, shiny|100/100\n|switch|p2a: Grimmsnarl|Grimmsnarl, L50, M|100/100\n|switch|p2b: Amoonguss|Amoonguss, L50, M|100/100\n|-ability|p1b: \u963f\u5c14\u6258\u8389\u96c5|Intrepid Sword|boost\n|-boost|p1b: \u963f\u5c14\u6258\u8389\u96c5|atk|1\n|turn|1\n|\n|t:|1768566190\n|move|p2b: Amoonguss|Protect|p2b: Amoonguss\n|-singleturn|p2b: Amoonguss|Protect\n|move|p2a: Grimmsnarl|Reflect|p2a: Grimmsnarl\n|-sidestart|p2: dthk1216|Reflect\n|move|p1b: \u963f\u5c14\u6258\u8389\u96c5|Behemoth Blade|p2b: Amoonguss\n|-activate|p2b: Amoonguss|move: Protect\n|move|p1a: \u6700\u6709\u64cd\u4f5c\u7684\u4e00\u96c6|Earth Power|p2b: Amoonguss\n|-activate|p2b: Amoonguss|move: Protect\n|\n|upkeep\n|turn|2\n|\n|t:|1768566207\n|-terastallize|p1b: \u963f\u5c14\u6258\u8389\u96c5|Dark\n|move|p2a: Grimmsnarl|Light Screen|p2a: Grimmsnarl\n|-sidestart|p2: dthk1216|move: Light Screen\n|move|p1b: \u963f\u5c14\u6258\u8389\u96c5|Behemoth Blade|p2a: Grimmsnarl\n|-supereffective|p2a: Grimmsnarl\n|-damage|p2a: Grimmsnarl|0 fnt\n|faint|p2a: Grimmsnarl\n|move|p1a: \u6700\u6709\u64cd\u4f5c\u7684\u4e00\u96c6|Taunt|p2b: Amoonguss\n|-start|p2b: Amoonguss|move: Taunt\n|cant|p2b: Amoonguss|move: Taunt|Spore\n|\n|upkeep\n|\n|t:|1768566219\n|switch|p2a: Kyogre|Kyogre, L50|100/100\n|-weather|RainDance|[from] ability: Drizzle|[of] p2a: Kyogre\n|turn|3\n|\n|t:|1768566224\n|move|p1b: \u963f\u5c14\u6258\u8389\u96c5|Play Rough|p2a: Kyogre\n|-damage|p2a: Kyogre|47/100\n|move|p1a: \u6700\u6709\u64cd\u4f5c\u7684\u4e00\u96c6|Sandsear Storm|p2b: Amoonguss|[spread] p2a,p2b\n|-damage|p2a: Kyogre|22/100\n|-damage|p2b: Amoonguss|66/100\n|move|p2a: Kyogre|Origin Pulse|p1a: \u6700\u6709\u64cd\u4f5c\u7684\u4e00\u96c6|[spread] p1a,p1b\n|-supereffective|p1a: \u6700\u6709\u64cd\u4f5c\u7684\u4e00\u96c6\n|-damage|p1a: \u6700\u6709\u64cd\u4f5c\u7684\u4e00\u96c6|0 fnt\n|-damage|p1b: \u963f\u5c14\u6258\u8389\u96c5|0 fnt\n|faint|p1a: \u6700\u6709\u64cd\u4f5c\u7684\u4e00\u96c6\n|faint|p1b: \u963f\u5c14\u6258\u8389\u96c5\n|move|p2b: Amoonguss|Pollen Puff|p2a: Kyogre\n|-heal|p2a: Kyogre|72/100\n|\n|-weather|RainDance|[upkeep]\n|upkeep\n|\n|t:|1768566232\n|switch|p1b: \u4e95\u82b9\u4ec1\u83dc|Urshifu-Rapid-Strike, L50, F|100/100\n|switch|p1a: \u8389\u8389\u827e|Lunala, L50, shiny|100/100\n|turn|4\n|\n|t:|1768566248\n|switch|p2b: Calyrex|Calyrex-Ice, L50|100/100\n|-ability|p2b: Calyrex|As One\n|-ability|p2b: Calyrex|Unnerve\n|move|p1b: \u4e95\u82b9\u4ec1\u83dc|Close Combat|p2a: Kyogre\n|-damage|p2a: Kyogre|32/100\n|-unboost|p1b: \u4e95\u82b9\u4ec1\u83dc|def|1\n|-unboost|p1b: \u4e95\u82b9\u4ec1\u83dc|spd|1\n|move|p1a: \u8389\u8389\u827e|Meteor Beam||[still]\n|-prepare|p1a: \u8389\u8389\u827e|Meteor Beam\n|-boost|p1a: \u8389\u8389\u827e|spa|1\n|-enditem|p1a: \u8389\u8389\u827e|Power Herb\n|-anim|p1a: \u8389\u8389\u827e|Meteor Beam|p2a: Kyogre\n|-damage|p2a: Kyogre|3/100\n|move|p2a: Kyogre|Origin Pulse|p1a: \u8389\u8389\u827e|[spread] p1a,p1b\n|-resisted|p1b: \u4e95\u82b9\u4ec1\u83dc\n|-damage|p1a: \u8389\u8389\u827e|57/100\n|-enditem|p1b: \u4e95\u82b9\u4ec1\u83dc|Focus Sash\n|-damage|p1b: \u4e95\u82b9\u4ec1\u83dc|1/100\n|\n|-weather|RainDance|[upkeep]\n|upkeep\n|turn|5\n|\n|t:|1768566271\n|-terastallize|p2b: Calyrex|Grass\n|move|p1b: \u4e95\u82b9\u4ec1\u83dc|Surging Strikes|p2b: Calyrex\n|-resisted|p2b: Calyrex\n|-crit|p2b: Calyrex\n|-damage|p2b: Calyrex|91/100\n|-resisted|p2b: Calyrex\n|-crit|p2b: Calyrex\n|-damage|p2b: Calyrex|82/100\n|-resisted|p2b: Calyrex\n|-crit|p2b: Calyrex\n|-damage|p2b: Calyrex|73/100\n|-hitcount|p2b: Calyrex|3\n|move|p1a: \u8389\u8389\u827e|Dazzling Gleam|p2b: Calyrex|[spread] p2a,p2b\n|-damage|p2a: Kyogre|0 fnt\n|-damage|p2b: Calyrex|60/100\n|faint|p2a: Kyogre\n|move|p2b: Calyrex|Trick Room|p2b: Calyrex\n|-fieldstart|move: Trick Room|[of] p2b: Calyrex\n|\n|-weather|RainDance|[upkeep]\n|-heal|p2b: Calyrex|66/100|[from] item: Leftovers\n|upkeep\n|-message|yubanmeiqin forfeited.\n|\n|win|dthk1216\n|raw|yubanmeiqin's rating: 1302 &rarr; <strong>1293</strong><br />(-9 for losing)\n|raw|dthk1216's rating: 1513 &rarr; <strong>1522</strong><br />(+9 for winning)\n|l|\u2606yubanmeiqin\n|player|p1|\n|l|\u2606dthk1216\n|player|p2|\n","uploadtime":1768566469,"views":16,"formatid":"gen9vgc2026regi","rating":1293,"private":0,"password":null}