{"id":"gen9vgc2026regi-2567695862","format":"[Gen 9] VGC 2026 Reg I","players":["clefci","series team"],"log":"|j|\u2606clefci\n|j|\u2606series team\n|t:|1774505477\n|gametype|doubles\n|player|p1|clefci|102|1354\n|player|p2|series team|266|1262\n|gen|9\n|tier|[Gen 9] VGC 2026 Reg I\n|rated|\n|rule|Species Clause: Limit one of each Pok\u00e9mon\n|rule|Item Clause: Limit 1 of each item\n|clearpoke\n|poke|p1|Groudon, L50|\n|poke|p1|Lunala, L50|\n|poke|p1|Flutter Mane, L50|\n|poke|p1|Gouging Fire, L50|\n|poke|p1|Jumpluff, L50, M|\n|poke|p1|Raging Bolt, L50|\n|poke|p2|Lunala, L50|\n|poke|p2|Incineroar, L50, M|\n|poke|p2|Rillaboom, L50, M|\n|poke|p2|Meowstic, L50, M|\n|poke|p2|Urshifu-*, L50, M|\n|poke|p2|Calyrex-Shadow, L50|\n|teampreview|4\n|inactive|Battle timer is ON: inactive players will automatically lose when time's up. (requested by clefci)\n|\n|t:|1774505508\n|teamsize|p1|4\n|teamsize|p2|4\n|start\n|switch|p1a: Groudon|Groudon, L50|100/100\n|switch|p1b: Jumpluff|Jumpluff, L50, M|100/100\n|switch|p2a: Urshifu|Urshifu-Rapid-Strike, L50, M|100/100\n|switch|p2b: Meowstic|Meowstic, L50, M|100/100\n|-weather|SunnyDay|[from] ability: Drought|[of] p1a: Groudon\n|turn|1\n|\n|t:|1774505516\n|move|p2b: Meowstic|Rain Dance|p2b: Meowstic\n|-weather|RainDance\n|move|p2a: Urshifu|Ice Spinner|p1b: Jumpluff\n|-supereffective|p1b: Jumpluff\n|-enditem|p1b: Jumpluff|Focus Sash\n|-damage|p1b: Jumpluff|1/100\n|move|p1b: Jumpluff|Sleep Powder|p2a: Urshifu\n|-status|p2a: Urshifu|slp|[from] move: Sleep Powder\n|move|p1a: Groudon|Precipice Blades|p2b: Meowstic|[spread] p2a,p2b\n|-damage|p2a: Urshifu|54/100 slp\n|-damage|p2b: Meowstic|39/100\n|\n|-weather|RainDance|[upkeep]\n|upkeep\n|turn|2\n|\n|t:|1774505531\n|switch|p2a: Lunala|Lunala, L50|100/100\n|move|p2b: Meowstic|Reflect|p2b: Meowstic\n|-sidestart|p2: series team|Reflect\n|move|p1b: Jumpluff|Tailwind|p1b: Jumpluff\n|-sidestart|p1: clefci|move: Tailwind\n|move|p1a: Groudon|Precipice Blades|p2a: Lunala|[spread] p2a,p2b\n|-damage|p2a: Lunala|88/100\n|-damage|p2b: Meowstic|0 fnt\n|faint|p2b: Meowstic\n|\n|-weather|RainDance|[upkeep]\n|-heal|p2a: Lunala|94/100|[from] item: Leftovers\n|upkeep\n|\n|t:|1774505538\n|switch|p2b: Incineroar|Incineroar, L50, M|100/100\n|-ability|p2b: Incineroar|Intimidate|boost\n|-unboost|p1a: Groudon|atk|1\n|-unboost|p1b: Jumpluff|atk|1\n|turn|3\n|\n|t:|1774505562\n|switch|p1b: Gouging Fire|Gouging Fire, L50|100/100\n|move|p2b: Incineroar|Fake Out|p1b: Gouging Fire\n|-damage|p1b: Gouging Fire|91/100\n|move|p1a: Groudon|Precipice Blades|p2b: Incineroar|[spread] p2a,p2b\n|-supereffective|p2b: Incineroar\n|-damage|p2a: Lunala|78/100\n|-damage|p2b: Incineroar|70/100\n|move|p2a: Lunala|Calm Mind|p2a: Lunala\n|-boost|p2a: Lunala|spa|1\n|-boost|p2a: Lunala|spd|1\n|\n|-weather|RainDance|[upkeep]\n|-heal|p2a: Lunala|85/100|[from] item: Leftovers\n|upkeep\n|turn|4\n|inactive|clefci has 30 seconds left.\n|\n|t:|1774505593\n|switch|p1a: Lunala|Lunala, L50|100/100\n|move|p1b: Gouging Fire|Snarl|p2b: Incineroar|[spread] p2a,p2b\n|-supereffective|p2a: Lunala\n|-resisted|p2b: Incineroar\n|-damage|p2a: Lunala|73/100\n|-damage|p2b: Incineroar|67/100\n|-unboost|p2a: Lunala|spa|1\n|-unboost|p2b: Incineroar|spa|1\n|move|p2a: Lunala|Moongeist Beam|p1b: Gouging Fire\n|-damage|p1b: Gouging Fire|39/100\n|move|p2b: Incineroar|Will-O-Wisp|p1a: Lunala\n|-status|p1a: Lunala|brn\n|\n|-weather|RainDance|[upkeep]\n|-heal|p2a: Lunala|79/100|[from] item: Leftovers\n|-damage|p1a: Lunala|94/100 brn|[from] brn\n|upkeep\n|turn|5\n|inactive|clefci has 30 seconds left.\n|\n|t:|1774505623\n|-terastallize|p1a: Lunala|Fairy\n|-terastallize|p2a: Lunala|Fairy\n|move|p1b: Gouging Fire|Snarl|p2b: Incineroar|[spread] p2a,p2b\n|-resisted|p2a: Lunala\n|-resisted|p2b: Incineroar\n|-damage|p2a: Lunala|78/100\n|-damage|p2b: Incineroar|65/100\n|-unboost|p2a: Lunala|spa|1\n|-unboost|p2b: Incineroar|spa|1\n|move|p1a: Lunala|Dazzling Gleam|p2a: Lunala|[spread] p2a,p2b\n|-damage|p2a: Lunala|52/100\n|-damage|p2b: Incineroar|14/100\n|move|p2a: Lunala|Calm Mind|p2a: Lunala\n|-boost|p2a: Lunala|spa|1\n|-boost|p2a: Lunala|spd|1\n|move|p2b: Incineroar|Parting Shot|p1a: Lunala\n|-unboost|p1a: Lunala|atk|1\n|-unboost|p1a: Lunala|spa|1\n|\n|t:|1774505634\n|switch|p2b: Urshifu|Urshifu-Rapid-Strike, L50, M|54/100 slp|[from] Parting Shot\n|\n|-weather|none\n|-heal|p2a: Lunala|58/100|[from] item: Leftovers\n|-damage|p1a: Lunala|88/100 brn|[from] brn\n|-sideend|p1: clefci|move: Tailwind\n|upkeep\n|turn|6\n|\n|t:|1774505649\n|cant|p2b: Urshifu|slp\n|move|p1b: Gouging Fire|Snarl|p2a: Lunala|[spread] p2b\n|-miss|p1b: Gouging Fire|p2a: Lunala\n|-resisted|p2b: Urshifu\n|-damage|p2b: Urshifu|49/100 slp\n|-unboost|p2b: Urshifu|spa|1\n|move|p2a: Lunala|Dazzling Gleam|p1b: Gouging Fire|[spread] p1a,p1b\n|-damage|p1a: Lunala|67/100 brn\n|-damage|p1b: Gouging Fire|7/100\n|move|p1a: Lunala|Dazzling Gleam|p2a: Lunala|[spread] p2a,p2b\n|-supereffective|p2b: Urshifu\n|-damage|p2a: Lunala|45/100\n|-damage|p2b: Urshifu|0 fnt\n|faint|p2b: Urshifu\n|\n|-heal|p2a: Lunala|51/100|[from] item: Leftovers\n|-damage|p1a: Lunala|61/100 brn|[from] brn\n|upkeep\n|\n|t:|1774505661\n|switch|p2b: Incineroar|Incineroar, L50, M|14/100\n|-ability|p2b: Incineroar|Intimidate|boost\n|-unboost|p1a: Lunala|atk|1\n|-unboost|p1b: Gouging Fire|atk|1\n|turn|7\n|\n|t:|1774505666\n|move|p2b: Incineroar|Fake Out|p1b: Gouging Fire\n|-damage|p1b: Gouging Fire|0 fnt\n|faint|p1b: Gouging Fire\n|-end|p1b: Gouging Fire|Protosynthesis|[silent]\n|move|p2a: Lunala|Moongeist Beam|p1a: Lunala\n|-damage|p1a: Lunala|26/100 brn\n|move|p1a: Lunala|Dazzling Gleam|p2a: Lunala|[spread] p2a,p2b\n|-damage|p2a: Lunala|38/100\n|-damage|p2b: Incineroar|0 fnt\n|faint|p2b: Incineroar\n|\n|-heal|p2a: Lunala|44/100|[from] item: Leftovers\n|-damage|p1a: Lunala|20/100 brn|[from] brn\n|upkeep\n|\n|t:|1774505674\n|switch|p1b: Jumpluff|Jumpluff, L50, M|1/100\n|turn|8\n|\n|t:|1774505677\n|switch|p1a: Groudon|Groudon, L50|100/100\n|-weather|SunnyDay|[from] ability: Drought|[of] p1a: Groudon\n|move|p1b: Jumpluff|Sleep Powder|p2a: Lunala|[miss]\n|-miss|p1b: Jumpluff|p2a: Lunala\n|move|p2a: Lunala|Dazzling Gleam|p1b: Jumpluff|[spread] p1a,p1b\n|-damage|p1a: Groudon|74/100\n|-damage|p1b: Jumpluff|0 fnt\n|faint|p1b: Jumpluff\n|\n|-weather|SunnyDay|[upkeep]\n|-heal|p2a: Lunala|50/100|[from] item: Leftovers\n|upkeep\n|\n|t:|1774505680\n|switch|p1b: Lunala|Lunala, L50, tera:Fairy|20/100 brn\n|turn|9\n|\n|t:|1774505688\n|move|p2a: Lunala|Protect|p2a: Lunala\n|-singleturn|p2a: Lunala|Protect\n|move|p1a: Groudon|Precipice Blades|p2a: Lunala\n|-activate|p2a: Lunala|move: Protect\n|move|p1b: Lunala|Moongeist Beam|p2a: Lunala\n|-activate|p2a: Lunala|move: Protect\n|\n|-weather|SunnyDay|[upkeep]\n|-heal|p2a: Lunala|56/100|[from] item: Leftovers\n|-damage|p1b: Lunala|13/100 brn|[from] brn\n|-sideend|p2: series team|Reflect\n|upkeep\n|turn|10\n|\n|t:|1774505698\n|move|p1a: Groudon|Heat Crash|p2a: Lunala\n|-damage|p2a: Lunala|11/100\n|move|p2a: Lunala|Dazzling Gleam|p1b: Lunala|[spread] p1a,p1b\n|-crit|p1b: Lunala\n|-damage|p1a: Groudon|45/100\n|-damage|p1b: Lunala|0 fnt\n|faint|p1b: Lunala\n|\n|-weather|SunnyDay|[upkeep]\n|-heal|p2a: Lunala|17/100|[from] item: Leftovers\n|upkeep\n|turn|11\n|-message|series team forfeited.\n|\n|win|clefci\n|raw|clefci's rating: 1354 &rarr; <strong>1369</strong><br />(+15 for winning)\n|raw|series team's rating: 1262 &rarr; <strong>1243</strong><br />(-19 for losing)\n|l|\u2606series team\n|player|p2|\n|l|\u2606clefci\n|player|p1|\n","uploadtime":1774505878,"views":27,"formatid":"gen9vgc2026regi","rating":1243,"private":0,"password":null}