{"id":"gen9vgc2026regi-2568812388","format":"[Gen 9] VGC 2026 Reg I","players":["Sakuraa2004","itastelikeiron"],"log":"|j|\u2606Sakuraa2004\n|j|\u2606itastelikeiron\n|t:|1774624945\n|gametype|doubles\n|player|p1|Sakuraa2004|norman|1510\n|player|p2|itastelikeiron|infielder|1470\n|gen|9\n|tier|[Gen 9] VGC 2026 Reg I\n|rated|\n|rule|Species Clause: Limit one of each Pok\u00e9mon\n|rule|Item Clause: Limit 1 of each item\n|clearpoke\n|poke|p1|Necrozma-Dawn-Wings, L50|\n|poke|p1|Calyrex-Ice, L50|\n|poke|p1|Indeedee-F, L50, F|\n|poke|p1|Torkoal, L50, F|\n|poke|p1|Smeargle, L50, M|\n|poke|p1|Urshifu-*, L50, M|\n|poke|p2|Zamazenta-*, L50|\n|poke|p2|Maushold, L50|\n|poke|p2|Roaring Moon, L50|\n|poke|p2|Kyogre, L50|\n|poke|p2|Chien-Pao, L50|\n|poke|p2|Farigiraf, L50, F|\n|teampreview|4\n|\n|t:|1774624992\n|teamsize|p1|4\n|teamsize|p2|4\n|start\n|switch|p1a: Necrozma|Necrozma-Dawn-Wings, L50|100/100\n|switch|p1b: Indeedee|Indeedee-F, L50, F|100/100\n|switch|p2a: Maushold|Maushold, L50|100/100\n|switch|p2b: Zamazenta|Zamazenta-Crowned, L50|100/100\n|-ability|p2b: Zamazenta|Dauntless Shield|boost\n|-boost|p2b: Zamazenta|def|1\n|-fieldstart|move: Psychic Terrain|[from] ability: Psychic Surge|[of] p1b: Indeedee\n|-enditem|p1b: Indeedee|Psychic Seed\n|-boost|p1b: Indeedee|spd|1|[from] item: Psychic Seed\n|turn|1\n|\n|t:|1774625004\n|switch|p2b: Chien-Pao|Chien-Pao, L50|100/100\n|-ability|p2b: Chien-Pao|Sword of Ruin\n|move|p2a: Maushold|Taunt|p1a: Necrozma\n|-start|p1a: Necrozma|move: Taunt\n|move|p1a: Necrozma|Meteor Beam||[still]\n|-prepare|p1a: Necrozma|Meteor Beam\n|-boost|p1a: Necrozma|spa|1\n|-enditem|p1a: Necrozma|Power Herb\n|-anim|p1a: Necrozma|Meteor Beam|p2a: Maushold|[miss]\n|-miss|p1a: Necrozma|p2a: Maushold\n|move|p1b: Indeedee|Trick Room|p1b: Indeedee\n|-fieldstart|move: Trick Room|[of] p1b: Indeedee\n|\n|upkeep\n|turn|2\n|\n|t:|1774625022\n|move|p2a: Maushold|Helping Hand|p2b: Chien-Pao\n|-singleturn|p2b: Chien-Pao|Helping Hand|[of] p2a: Maushold\n|move|p1b: Indeedee|Follow Me|p1b: Indeedee\n|-singleturn|p1b: Indeedee|move: Follow Me\n|move|p1a: Necrozma|Expanding Force|p2a: Maushold|[spread] p2a\n|-immune|p2b: Chien-Pao\n|-enditem|p2a: Maushold|Focus Sash\n|-damage|p2a: Maushold|1/100\n|move|p2b: Chien-Pao|Ice Spinner|p1b: Indeedee\n|-damage|p1b: Indeedee|36/100\n|-fieldend|move: Psychic Terrain\n|\n|upkeep\n|turn|3\n|\n|t:|1774625042\n|move|p1b: Indeedee|Follow Me|p1b: Indeedee\n|-singleturn|p1b: Indeedee|move: Follow Me\n|move|p1a: Necrozma|Moongeist Beam|p2b: Chien-Pao\n|-resisted|p2b: Chien-Pao\n|-damage|p2b: Chien-Pao|60/100\n|move|p2a: Maushold|Taunt|p1b: Indeedee\n|-start|p1b: Indeedee|move: Taunt\n|move|p2b: Chien-Pao|Ice Spinner|p1b: Indeedee\n|-damage|p1b: Indeedee|0 fnt\n|faint|p1b: Indeedee\n|\n|-end|p1a: Necrozma|move: Taunt\n|upkeep\n|\n|t:|1774625054\n|switch|p1b: Calyrex|Calyrex-Ice, L50|100/100\n|-ability|p1b: Calyrex|As One\n|-ability|p1b: Calyrex|Unnerve\n|turn|4\n|\n|t:|1774625061\n|move|p2a: Maushold|Follow Me|p2a: Maushold\n|-singleturn|p2a: Maushold|move: Follow Me\n|move|p2b: Chien-Pao|Sucker Punch|p1a: Necrozma\n|-supereffective|p1a: Necrozma\n|-damage|p1a: Necrozma|12/100\n|move|p1b: Calyrex|Glacial Lance|p2a: Maushold|[spread] p2a,p2b\n|-resisted|p2b: Chien-Pao\n|-damage|p2a: Maushold|0 fnt\n|-damage|p2b: Chien-Pao|34/100\n|faint|p2a: Maushold\n|-ability|p1b: Calyrex|Chilling Neigh|boost\n|-boost|p1b: Calyrex|atk|1\n|move|p1a: Necrozma|Moongeist Beam|p2b: Chien-Pao\n|-resisted|p2b: Chien-Pao\n|-damage|p2b: Chien-Pao|0 fnt\n|faint|p2b: Chien-Pao\n|\n|upkeep\n|inactive|Battle timer is ON: inactive players will automatically lose when time's up. (requested by Sakuraa2004)\n|\n|t:|1774625067\n|switch|p2a: Kyogre|Kyogre, L50|100/100\n|switch|p2b: Zamazenta|Zamazenta-Crowned, L50|100/100\n|-weather|RainDance|[from] ability: Drizzle|[of] p2a: Kyogre\n|turn|5\n|\n|t:|1774625077\n|-terastallize|p2a: Kyogre|Water\n|move|p2b: Zamazenta|Wide Guard|p2b: Zamazenta\n|-singleturn|p2b: Zamazenta|Wide Guard\n|move|p2a: Kyogre|Origin Pulse|p1a: Necrozma|[spread] p1a\n|-miss|p2a: Kyogre|p1b: Calyrex\n|-crit|p1a: Necrozma\n|-damage|p1a: Necrozma|0 fnt\n|faint|p1a: Necrozma\n|move|p1b: Calyrex|Trick Room|p1b: Calyrex\n|-fieldend|move: Trick Room\n|\n|-weather|RainDance|[upkeep]\n|upkeep\n|\n|t:|1774625085\n|switch|p1a: Urshifu|Urshifu, L50, M|100/100\n|turn|6\n|\n|t:|1774625096\n|-terastallize|p1a: Urshifu|Dark\n|move|p1a: Urshifu|Sucker Punch|p2a: Kyogre\n|-damage|p2a: Kyogre|12/100\n|move|p2a: Kyogre|Origin Pulse|p1b: Calyrex|[spread] p1a,p1b\n|-damage|p1a: Urshifu|0 fnt\n|-damage|p1b: Calyrex|31/100\n|faint|p1a: Urshifu\n|move|p2b: Zamazenta|Body Press|p1b: Calyrex\n|-damage|p1b: Calyrex|2/100\n|move|p1b: Calyrex|High Horsepower|p2b: Zamazenta\n|-supereffective|p2b: Zamazenta\n|-damage|p2b: Zamazenta|10/100\n|\n|-weather|RainDance|[upkeep]\n|upkeep\n|turn|7\n|j| Machinationz\n|l| Machinationz\n|\n|t:|1774625110\n|move|p2a: Kyogre|Origin Pulse|p1b: Calyrex\n|-damage|p1b: Calyrex|0 fnt\n|faint|p1b: Calyrex\n|\n|win|itastelikeiron\n|raw|Sakuraa2004's rating: 1510 &rarr; <strong>1488</strong><br />(-22 for losing)\n|raw|itastelikeiron's rating: 1470 &rarr; <strong>1492</strong><br />(+22 for winning)\n|l|\u2606itastelikeiron\n|player|p2|\n|l|\u2606Sakuraa2004\n|player|p1|\n","uploadtime":1774625281,"views":12,"formatid":"gen9vgc2026regi","rating":1488,"private":0,"password":null}