{"id":"gen9vgc2026regi-2562515171","format":"[Gen 9] VGC 2026 Reg I","players":["Mirthinion","Gene10"],"log":"|j|\u2606Mirthinion\n|j|\u2606Gene10\n|t:|1773926106\n|gametype|doubles\n|player|p1|Mirthinion|janitor|1397\n|player|p2|Gene10|266|1412\n|gen|9\n|tier|[Gen 9] VGC 2026 Reg I\n|rated|\n|rule|Species Clause: Limit one of each Pok\u00e9mon\n|rule|Item Clause: Limit 1 of each item\n|clearpoke\n|poke|p1|Calyrex-Shadow, L50|\n|poke|p1|Zamazenta-*, L50|\n|poke|p1|Urshifu-*, L50, M|\n|poke|p1|Incineroar, L50, M|\n|poke|p1|Rillaboom, L50, M|\n|poke|p1|Tornadus, L50, M|\n|poke|p2|Calyrex-Shadow, L50|\n|poke|p2|Zamazenta-*, L50|\n|poke|p2|Rillaboom, L50, M|\n|poke|p2|Incineroar, L50, F|\n|poke|p2|Whimsicott, L50, M|\n|poke|p2|Chi-Yu, L50|\n|teampreview|4\n|inactive|Battle timer is ON: inactive players will automatically lose when time's up. (requested by Gene10)\n|inactive|Mirthinion also wants the timer to be on.\nMirthinion rejected open team sheets.\n|\n|t:|1773926133\n|teamsize|p1|4\n|teamsize|p2|4\n|start\n|switch|p1a: Vangwe|Tornadus, L50, M|100/100\n|switch|p1b: Beowulf|Urshifu-Rapid-Strike, L50, M|100/100\n|switch|p2a: Whimsicott|Whimsicott, L50, M|100/100\n|switch|p2b: Chi-Yu|Chi-Yu, L50|100/100\n|-ability|p2b: Chi-Yu|Beads of Ruin\n|turn|1\n|\n|t:|1773926154\n|move|p2a: Whimsicott|Tailwind|p2a: Whimsicott\n|-sidestart|p2: Gene10|move: Tailwind\n|move|p1b: Beowulf|Aqua Jet|p2b: Chi-Yu\n|-supereffective|p2b: Chi-Yu\n|-damage|p2b: Chi-Yu|2/100\n|move|p2b: Chi-Yu|Dark Pulse|p1a: Vangwe\n|-damage|p1a: Vangwe|9/100\n|move|p1a: Vangwe|Bleakwind Storm|p2a: Whimsicott|[spread] p2a,p2b\n|-supereffective|p2a: Whimsicott\n|-damage|p2a: Whimsicott|0 fnt\n|-damage|p2b: Chi-Yu|0 fnt\n|faint|p2a: Whimsicott\n|faint|p2b: Chi-Yu\n|\n|upkeep\n|\n|t:|1773926166\n|switch|p2a: Zamazenta|Zamazenta-Crowned, L50|100/100\n|switch|p2b: Calyrex|Calyrex-Shadow, L50|100/100\n|-ability|p2b: Calyrex|As One\n|-ability|p2b: Calyrex|Unnerve\n|-ability|p2a: Zamazenta|Dauntless Shield|boost\n|-boost|p2a: Zamazenta|def|1\n|turn|2\n|\n|t:|1773926188\n|move|p1b: Beowulf|Aqua Jet|p2b: Calyrex\n|-damage|p2b: Calyrex|63/100\n|move|p1a: Vangwe|Tailwind|p1a: Vangwe\n|-sidestart|p1: Mirthinion|move: Tailwind\n|move|p2b: Calyrex|Astral Barrage|p1b: Beowulf|[spread] p1a,p1b\n|-damage|p1a: Vangwe|0 fnt\n|-damage|p1b: Beowulf|15/100\n|faint|p1a: Vangwe\n|-ability|p2b: Calyrex|Grim Neigh|boost\n|-boost|p2b: Calyrex|spa|1\n|move|p2a: Zamazenta|Body Press|p1b: Beowulf\n|-damage|p1b: Beowulf|0 fnt\n|faint|p1b: Beowulf\n|\n|upkeep\n|\n|t:|1773926202\n|switch|p1b: Drambor|Zamazenta-Crowned, L50|100/100\n|switch|p1a: Mithrandir|Calyrex-Shadow, L50|100/100\n|-ability|p1a: Mithrandir|As One\n|-ability|p1a: Mithrandir|Unnerve\n|-ability|p1b: Drambor|Dauntless Shield|boost\n|-boost|p1b: Drambor|def|1\n|turn|3\n|inactive|Gene10 has 30 seconds left.\n|\n|t:|1773926234\n|-terastallize|p1a: Mithrandir|Bug\n|move|p1a: Mithrandir|Pollen Puff|p2b: Calyrex\n|-damage|p2b: Calyrex|13/100\n|move|p2b: Calyrex|Psychic|p1a: Mithrandir\n|-damage|p1a: Mithrandir|20/100\n|move|p1b: Drambor|Behemoth Bash|p2b: Calyrex\n|-damage|p2b: Calyrex|0 fnt\n|faint|p2b: Calyrex\n|move|p2a: Zamazenta|Heavy Slam|p1a: Mithrandir\n|-damage|p1a: Mithrandir|0 fnt\n|faint|p1a: Mithrandir\n|\n|upkeep\n|turn|4\n|\n|t:|1773926254\n|-terastallize|p2a: Zamazenta|Water\n|move|p1b: Drambor|Body Press|p2a: Zamazenta\n|-damage|p2a: Zamazenta|75/100\n|move|p2a: Zamazenta|Body Press|p1b: Drambor\n|-supereffective|p1b: Drambor\n|-damage|p1b: Drambor|43/100\n|\n|-sideend|p2: Gene10|move: Tailwind\n|upkeep\n|turn|5\n|\n|t:|1773926264\n|move|p2a: Zamazenta|Protect|p2a: Zamazenta\n|-singleturn|p2a: Zamazenta|Protect\n|move|p1b: Drambor|Body Press|p2a: Zamazenta\n|-activate|p2a: Zamazenta|move: Protect\n|\n|-sideend|p1: Mirthinion|move: Tailwind\n|upkeep\n|turn|6\n|\n|t:|1773926271\n|move|p1b: Drambor|Body Press|p2a: Zamazenta\n|-damage|p2a: Zamazenta|48/100\n|move|p2a: Zamazenta|Body Press|p1b: Drambor\n|-supereffective|p1b: Drambor\n|-damage|p1b: Drambor|0 fnt\n|faint|p1b: Drambor\n|\n|win|Gene10\n|raw|Mirthinion's rating: 1397 &rarr; <strong>1378</strong><br />(-19 for losing)\n|raw|Gene10's rating: 1412 &rarr; <strong>1431</strong><br />(+19 for winning)\n|l|\u2606Gene10\n|player|p2|\n","uploadtime":1773926299,"views":79,"formatid":"gen9vgc2026regi","rating":1378,"private":0,"password":null}