{"id":"gen9vgc2026regi-2547121943","format":"[Gen 9] VGC 2026 Reg I","players":["wasaad5","alzombie"],"log":"|j|\u2606wasaad5\n|j|\u2606alzombie\n|t:|1772048602\n|gametype|doubles\n|player|p1|wasaad5|blue|1247\n|player|p2|alzombie|170|1384\n|gen|9\n|tier|[Gen 9] VGC 2026 Reg I\n|rated|\n|rule|Species Clause: Limit one of each Pok\u00e9mon\n|rule|Item Clause: Limit 1 of each item\n|clearpoke\n|poke|p1|Kyurem-White, L50|\n|poke|p1|Zacian-*, L50|\n|poke|p1|Sableye, L50, M|\n|poke|p1|Urshifu-*, L50, M|\n|poke|p1|Amoonguss, L50, M|\n|poke|p1|Incineroar, L50, F|\n|poke|p2|Lunala, L50|\n|poke|p2|Ursaluna, L50, F|\n|poke|p2|Urshifu-*, L50, M|\n|poke|p2|Miraidon, L50|\n|poke|p2|Grimmsnarl, L50, M|\n|poke|p2|Incineroar, L50, M|\n|teampreview|4\n|inactive|Battle timer is ON: inactive players will automatically lose when time's up. (requested by alzombie)\n|\n|t:|1772048641\n|teamsize|p1|4\n|teamsize|p2|4\n|start\n|switch|p1a: Zacian|Zacian-Crowned, L50|100/100\n|switch|p1b: Sableye|Sableye, L50, M|100/100\n|switch|p2a: Lunala|Lunala, L50|100/100\n|switch|p2b: Grimmsnarl|Grimmsnarl, L50, M|100/100\n|-ability|p1a: Zacian|Intrepid Sword|boost\n|-boost|p1a: Zacian|atk|1\n|turn|1\n|\n|t:|1772048661\n|switch|p2a: Incineroar|Incineroar, L50, M|100/100\n|-ability|p2a: Incineroar|Intimidate|boost\n|-unboost|p1a: Zacian|atk|1\n|-unboost|p1b: Sableye|atk|1\n|move|p2b: Grimmsnarl|Reflect|p2b: Grimmsnarl\n|-sidestart|p2: alzombie|Reflect\n|move|p1b: Sableye|Rain Dance|p1b: Sableye\n|-weather|RainDance\n|move|p1a: Zacian|Behemoth Blade|p2b: Grimmsnarl\n|-supereffective|p2b: Grimmsnarl\n|-damage|p2b: Grimmsnarl|24/100\n|\n|-weather|RainDance|[upkeep]\n|upkeep\n|turn|2\n|\n|t:|1772048679\n|switch|p1b: Urshifu|Urshifu-Rapid-Strike, L50, M|100/100\n|move|p1a: Zacian|Protect|p1a: Zacian\n|-singleturn|p1a: Zacian|Protect\n|move|p2b: Grimmsnarl|Light Screen|p2b: Grimmsnarl\n|-sidestart|p2: alzombie|move: Light Screen\n|move|p2a: Incineroar|Will-O-Wisp|p1a: Zacian\n|-activate|p1a: Zacian|move: Protect\n|\n|-weather|RainDance|[upkeep]\n|upkeep\n|turn|3\n|\n|t:|1772048701\n|-terastallize|p1b: Urshifu|Water\n|-terastallize|p2a: Incineroar|Bug\n|move|p2b: Grimmsnarl|Taunt|p1a: Zacian\n|-start|p1a: Zacian|move: Taunt\n|move|p1b: Urshifu|Surging Strikes|p2a: Incineroar\n|-crit|p2a: Incineroar\n|-damage|p2a: Incineroar|69/100\n|-damage|p1b: Urshifu|84/100|[from] item: Rocky Helmet|[of] p2a: Incineroar\n|-crit|p2a: Incineroar\n|-damage|p2a: Incineroar|34/100\n|-damage|p1b: Urshifu|68/100|[from] item: Rocky Helmet|[of] p2a: Incineroar\n|-crit|p2a: Incineroar\n|-damage|p2a: Incineroar|3/100\n|-damage|p1b: Urshifu|51/100|[from] item: Rocky Helmet|[of] p2a: Incineroar\n|-hitcount|p2a: Incineroar|3\n|move|p1a: Zacian|Play Rough|p2b: Grimmsnarl\n|-supereffective|p2b: Grimmsnarl\n|-damage|p2b: Grimmsnarl|0 fnt\n|faint|p2b: Grimmsnarl\n|move|p2a: Incineroar|Will-O-Wisp|p1b: Urshifu\n|-status|p1b: Urshifu|brn\n|\n|-weather|RainDance|[upkeep]\n|-damage|p1b: Urshifu|45/100 brn|[from] brn\n|upkeep\n|inactive|alzombie has 30 seconds left.\n|\n|t:|1772048727\n|switch|p2b: Lunala|Lunala, L50|100/100\n|turn|4\n|\n|t:|1772048743\n|switch|p2a: Miraidon|Miraidon, L50|100/100\n|-fieldstart|move: Electric Terrain|[from] ability: Hadron Engine|[of] p2a: Miraidon\n|-enditem|p2b: Lunala|Electric Seed\n|-boost|p2b: Lunala|def|1|[from] item: Electric Seed\n|move|p1b: Urshifu|Surging Strikes|p2b: Lunala\n|-crit|p2b: Lunala\n|-damage|p2b: Lunala|92/100\n|-crit|p2b: Lunala\n|-damage|p2b: Lunala|76/100\n|-crit|p2b: Lunala\n|-damage|p2b: Lunala|62/100\n|-hitcount|p2b: Lunala|3\n|move|p1a: Zacian|Play Rough|p2a: Miraidon\n|-supereffective|p2a: Miraidon\n|-damage|p2a: Miraidon|44/100\n|-unboost|p2a: Miraidon|atk|1\n|move|p2b: Lunala|Moongeist Beam|p1a: Zacian\n|-damage|p1a: Zacian|47/100\n|\n|-weather|RainDance|[upkeep]\n|-damage|p1b: Urshifu|39/100 brn|[from] brn\n|upkeep\n|turn|5\n|inactive|wasaad5 has 30 seconds left.\n|inactive|alzombie has 30 seconds left.\n|\n|t:|1772048775\n|switch|p2a: Incineroar|Incineroar, L50, M, tera:Bug|3/100\n|-ability|p2a: Incineroar|Intimidate|boost\n|-unboost|p1a: Zacian|atk|1\n|-unboost|p1b: Urshifu|atk|1\n|move|p1b: Urshifu|Surging Strikes|p2a: Incineroar\n|-crit|p2a: Incineroar\n|-damage|p2a: Incineroar|0 fnt\n|-damage|p1b: Urshifu|22/100 brn|[from] item: Rocky Helmet|[of] p2a: Incineroar\n|faint|p2a: Incineroar\n|-hitcount|p2: Incineroar|1\n|move|p1a: Zacian|Play Rough|p2b: Lunala\n|-damage|p2b: Lunala|50/100\n|move|p2b: Lunala|Trick Room|p2b: Lunala\n|-fieldstart|move: Trick Room|[of] p2b: Lunala\n|\n|-weather|none\n|-damage|p1b: Urshifu|16/100 brn|[from] brn\n|-end|p1a: Zacian|move: Taunt\n|upkeep\n|\n|t:|1772048794\n|switch|p2a: Miraidon|Miraidon, L50|44/100\n|-activate|p2a: Miraidon|ability: Hadron Engine\n|turn|6\n|\n|t:|1772048803\n|move|p1a: Zacian|Protect|p1a: Zacian\n|-singleturn|p1a: Zacian|Protect\n|move|p2b: Lunala|Moonblast|p1b: Urshifu\n|-damage|p1b: Urshifu|0 fnt\n|faint|p1b: Urshifu\n|move|p2a: Miraidon|Electro Drift|p1a: Zacian\n|-activate|p1a: Zacian|move: Protect\n|\n|upkeep\n|\n|t:|1772048815\n|switch|p1b: Sableye|Sableye, L50, M|100/100\n|turn|7\n|\n|t:|1772048825\n|switch|p1a: Kyurem|Kyurem-White, L50, shiny|100/100\n|-ability|p1a: Kyurem|Turboblaze\n|move|p1b: Sableye|Disable|p2a: Miraidon\n|-start|p2a: Miraidon|Disable|Electro Drift\n|move|p2b: Lunala|Moonblast|p1b: Sableye\n|-supereffective|p1b: Sableye\n|-enditem|p1b: Sableye|Focus Sash\n|-damage|p1b: Sableye|1/100\n|-unboost|p1b: Sableye|spa|1\n|cant|p2a: Miraidon|Disable|Electro Drift\n|\n|upkeep\n|turn|8\n|\n|t:|1772048843\n|move|p1b: Sableye|Disable|p2b: Lunala\n|-start|p2b: Lunala|Disable|Moonblast\n|move|p2b: Lunala|Moongeist Beam|p1b: Sableye\n|-damage|p1b: Sableye|0 fnt\n|faint|p1b: Sableye\n|move|p1a: Kyurem|Blizzard|p2a: Miraidon|[spread] p2a\n|-miss|p1a: Kyurem|p2b: Lunala\n|-supereffective|p2a: Miraidon\n|-damage|p2a: Miraidon|9/100\n|move|p2a: Miraidon|Snarl|p1a: Kyurem\n|-damage|p1a: Kyurem|85/100\n|-unboost|p1a: Kyurem|spa|1\n|\n|-sideend|p2: alzombie|Reflect\n|-fieldend|move: Electric Terrain\n|upkeep\n|\n|t:|1772048855\n|switch|p1b: Zacian|Zacian-Crowned, L50|47/100\n|turn|9\n|\n|t:|1772048873\n|move|p1b: Zacian|Protect|p1b: Zacian\n|-singleturn|p1b: Zacian|Protect\n|move|p2b: Lunala|Moongeist Beam|p1b: Zacian\n|-activate|p1b: Zacian|move: Protect\n|move|p1a: Kyurem|Freeze-Dry|p2a: Miraidon\n|-supereffective|p2a: Miraidon\n|-damage|p2a: Miraidon|0 fnt\n|faint|p2a: Miraidon\n|\n|-sideend|p2: alzombie|move: Light Screen\n|-fieldend|move: Trick Room\n|upkeep\n|turn|10\n|-message|alzombie forfeited.\n|\n|win|wasaad5\n|raw|wasaad5's rating: 1247 &rarr; <strong>1281</strong><br />(+34 for winning)\n|raw|alzombie's rating: 1384 &rarr; <strong>1356</strong><br />(-28 for losing)\n|l|\u2606alzombie\n|player|p2|\n|l|\u2606wasaad5\n|player|p1|\n","uploadtime":1772049029,"views":11,"formatid":"gen9vgc2026regi","rating":1281,"private":0,"password":null}