{"id":"gen9vgc2026regi-2528640850","format":"[Gen 9] VGC 2026 Reg I","players":["blackred123","dasabe\u76d6\u6b27\u5361\u4fa0"],"log":"|j|\u2606blackred123\n|j|\u2606dasabe\u76d6\u6b27\u5361\u4fa0\n|t:|1769690015\n|gametype|doubles\n|player|p1|blackred123|iono-masters|\n|player|p2|dasabe\u76d6\u6b27\u5361\u4fa0|may-masters4|\n|gen|9\n|tier|[Gen 9] VGC 2026 Reg I\n|rule|Species Clause: Limit one of each Pok\u00e9mon\n|rule|Item Clause: Limit 1 of each item\n|clearpoke\n|poke|p1|Zacian-*, L50|\n|poke|p1|Kyogre, L50|\n|poke|p1|Amoonguss, L50, M|\n|poke|p1|Incineroar, L50, M|\n|poke|p1|Urshifu-*, L50, M|\n|poke|p1|Iron Jugulis, L50|\n|poke|p2|Calyrex-Shadow, L50|\n|poke|p2|Koraidon, L50|\n|poke|p2|Chi-Yu, L50|\n|poke|p2|Tornadus, L50, M|\n|poke|p2|Indeedee-F, L50, F|\n|poke|p2|Smeargle, L50, M|\n|teampreview|4\n|inactive|Battle timer is ON: inactive players will automatically lose when time's up. (requested by blackred123)\n|inactive|blackred123 has 60 seconds left.\n|j| qyp123\n|\n|t:|1769690052\n|teamsize|p1|4\n|teamsize|p2|4\n|start\n|switch|p1a: \u963f\u5c14\u6258\u8389\u96c5|Zacian-Crowned, L50, shiny|100/100\n|switch|p1b: \u53eb\u6211\u4e3b\u4eba\ud83d\ude21|Urshifu-Rapid-Strike, L50, M|100/100\n|switch|p2a: \u6545\u5927\u5305\u52d2|Koraidon, L50, shiny|100/100\n|switch|p2b: \u5c0f\u7b14\u7ea2\u80bf|Smeargle, L50, M, shiny|100/100\n|-ability|p1a: \u963f\u5c14\u6258\u8389\u96c5|Intrepid Sword|boost\n|-boost|p1a: \u963f\u5c14\u6258\u8389\u96c5|atk|1\n|-weather|SunnyDay|[from] ability: Orichalcum Pulse|[of] p2a: \u6545\u5927\u5305\u52d2\n|-activate|p2a: \u6545\u5927\u5305\u52d2|Orichalcum Pulse|[source]\n|turn|1\n|l| qyp123\n|inactive|blackred123 has 30 seconds left.\n|\n|t:|1769690082\n|move|p2b: \u5c0f\u7b14\u7ea2\u80bf|Fake Out|p1b: \u53eb\u6211\u4e3b\u4eba\ud83d\ude21\n|-crit|p1b: \u53eb\u6211\u4e3b\u4eba\ud83d\ude21\n|-damage|p1b: \u53eb\u6211\u4e3b\u4eba\ud83d\ude21|94/100\n|cant|p1b: \u53eb\u6211\u4e3b\u4eba\ud83d\ude21|flinch\n|move|p1a: \u963f\u5c14\u6258\u8389\u96c5|Behemoth Blade|p2b: \u5c0f\u7b14\u7ea2\u80bf\n|-enditem|p2b: \u5c0f\u7b14\u7ea2\u80bf|Focus Sash\n|-damage|p2b: \u5c0f\u7b14\u7ea2\u80bf|1/100\n|move|p2a: \u6545\u5927\u5305\u52d2|Close Combat|p1b: \u53eb\u6211\u4e3b\u4eba\ud83d\ude21\n|-damage|p1b: \u53eb\u6211\u4e3b\u4eba\ud83d\ude21|0 fnt\n|-unboost|p2a: \u6545\u5927\u5305\u52d2|def|1\n|-unboost|p2a: \u6545\u5927\u5305\u52d2|spd|1\n|faint|p1b: \u53eb\u6211\u4e3b\u4eba\ud83d\ude21\n|-damage|p2a: \u6545\u5927\u5305\u52d2|91/100|[from] item: Life Orb\n|\n|-weather|SunnyDay|[upkeep]\n|-ability|p2b: \u5c0f\u7b14\u7ea2\u80bf|Moody|boost\n|-boost|p2b: \u5c0f\u7b14\u7ea2\u80bf|spd|2\n|-unboost|p2b: \u5c0f\u7b14\u7ea2\u80bf|def|1\n|upkeep\n|\n|t:|1769690088\n|switch|p1b: \u4e3b\u4eba\ud83d\ude2d\ud83e\udd75|Incineroar, L50, M|100/100\n|-ability|p1b: \u4e3b\u4eba\ud83d\ude2d\ud83e\udd75|Intimidate|boost\n|-unboost|p2a: \u6545\u5927\u5305\u52d2|atk|1\n|-unboost|p2b: \u5c0f\u7b14\u7ea2\u80bf|atk|1\n|turn|2\n|\n|t:|1769690102\n|switch|p2a: \u7d2b\u5c3e\u723d\u98de|Tornadus, L50, M, shiny|100/100\n|switch|p1b: \u9a6c\u5243\u5929\u7231\u661f|Kyogre, L50, shiny|100/100\n|-weather|RainDance|[from] ability: Drizzle|[of] p1b: \u9a6c\u5243\u5929\u7231\u661f\n|-terastallize|p2b: \u5c0f\u7b14\u7ea2\u80bf|Ghost\n|move|p1a: \u963f\u5c14\u6258\u8389\u96c5|Behemoth Blade|p2b: \u5c0f\u7b14\u7ea2\u80bf\n|-damage|p2b: \u5c0f\u7b14\u7ea2\u80bf|0 fnt\n|faint|p2b: \u5c0f\u7b14\u7ea2\u80bf\n|\n|-weather|RainDance|[upkeep]\n|upkeep\n|\n|t:|1769690107\n|switch|p2b: \u6545\u5927\u5305\u52d2|Koraidon, L50, shiny|91/100\n|-weather|SunnyDay|[from] ability: Orichalcum Pulse|[of] p2b: \u6545\u5927\u5305\u52d2\n|-activate|p2b: \u6545\u5927\u5305\u52d2|Orichalcum Pulse|[source]\n|turn|3\n|\n|t:|1769690123\n|switch|p1b: \u4e3b\u4eba\ud83d\ude2d\ud83e\udd75|Incineroar, L50, M|100/100\n|-ability|p1b: \u4e3b\u4eba\ud83d\ude2d\ud83e\udd75|Intimidate|boost\n|-unboost|p2a: \u7d2b\u5c3e\u723d\u98de|atk|1\n|-unboost|p2b: \u6545\u5927\u5305\u52d2|atk|1\n|move|p1a: \u963f\u5c14\u6258\u8389\u96c5|Protect|p1a: \u963f\u5c14\u6258\u8389\u96c5\n|-singleturn|p1a: \u963f\u5c14\u6258\u8389\u96c5|Protect\n|move|p2b: \u6545\u5927\u5305\u52d2|Close Combat|p1a: \u963f\u5c14\u6258\u8389\u96c5\n|-activate|p1a: \u963f\u5c14\u6258\u8389\u96c5|move: Protect\n|move|p2a: \u7d2b\u5c3e\u723d\u98de|Bleakwind Storm|p1b: \u4e3b\u4eba\ud83d\ude2d\ud83e\udd75|[spread] \n|-activate|p1a: \u963f\u5c14\u6258\u8389\u96c5|move: Protect\n|-miss|p2a: \u7d2b\u5c3e\u723d\u98de|p1b: \u4e3b\u4eba\ud83d\ude2d\ud83e\udd75\n|\n|-weather|SunnyDay|[upkeep]\n|upkeep\n|turn|4\n|j| EA_Il\n|\n|t:|1769690143\n|move|p2b: \u6545\u5927\u5305\u52d2|Protect|p2b: \u6545\u5927\u5305\u52d2\n|-singleturn|p2b: \u6545\u5927\u5305\u52d2|Protect\n|move|p1b: \u4e3b\u4eba\ud83d\ude2d\ud83e\udd75|Fake Out|p2b: \u6545\u5927\u5305\u52d2\n|-activate|p2b: \u6545\u5927\u5305\u52d2|move: Protect\n|move|p2a: \u7d2b\u5c3e\u723d\u98de|Tailwind|p2a: \u7d2b\u5c3e\u723d\u98de\n|-sidestart|p2: dasabe\u76d6\u6b27\u5361\u4fa0|move: Tailwind\n|move|p1a: \u963f\u5c14\u6258\u8389\u96c5|Play Rough|p2b: \u6545\u5927\u5305\u52d2\n|-activate|p2b: \u6545\u5927\u5305\u52d2|move: Protect\n|\n|-weather|SunnyDay|[upkeep]\n|upkeep\n|turn|5\n|\n|t:|1769690162\n|switch|p1b: \u9a6c\u5243\u5929\u7231\u661f|Kyogre, L50, shiny|100/100\n|-weather|RainDance|[from] ability: Drizzle|[of] p1b: \u9a6c\u5243\u5929\u7231\u661f\n|move|p2b: \u6545\u5927\u5305\u52d2|Close Combat|p1b: \u9a6c\u5243\u5929\u7231\u661f\n|-damage|p1b: \u9a6c\u5243\u5929\u7231\u661f|53/100\n|-unboost|p2b: \u6545\u5927\u5305\u52d2|def|1\n|-unboost|p2b: \u6545\u5927\u5305\u52d2|spd|1\n|-damage|p2b: \u6545\u5927\u5305\u52d2|81/100|[from] item: Life Orb\n|move|p2a: \u7d2b\u5c3e\u723d\u98de|Bleakwind Storm|p1a: \u963f\u5c14\u6258\u8389\u96c5|[spread] p1a,p1b\n|-resisted|p1a: \u963f\u5c14\u6258\u8389\u96c5\n|-damage|p1a: \u963f\u5c14\u6258\u8389\u96c5|87/100\n|-damage|p1b: \u9a6c\u5243\u5929\u7231\u661f|39/100\n|-unboost|p1a: \u963f\u5c14\u6258\u8389\u96c5|spe|1\n|move|p1a: \u963f\u5c14\u6258\u8389\u96c5|Behemoth Blade|p2a: \u7d2b\u5c3e\u723d\u98de\n|-damage|p2a: \u7d2b\u5c3e\u723d\u98de|5/100\n|\n|-weather|RainDance|[upkeep]\n|upkeep\n|turn|6\n|inactive|blackred123 has 30 seconds left.\n|\n|t:|1769690189\n|switch|p1a: \u4e3b\u4eba\ud83d\ude2d\ud83e\udd75|Incineroar, L50, M|100/100\n|-ability|p1a: \u4e3b\u4eba\ud83d\ude2d\ud83e\udd75|Intimidate|boost\n|-unboost|p2a: \u7d2b\u5c3e\u723d\u98de|atk|1\n|-unboost|p2b: \u6545\u5927\u5305\u52d2|atk|1\n|move|p2a: \u7d2b\u5c3e\u723d\u98de|Sunny Day|p2a: \u7d2b\u5c3e\u723d\u98de\n|-weather|SunnyDay\n|move|p2b: \u6545\u5927\u5305\u52d2|Flare Blitz|p1a: \u4e3b\u4eba\ud83d\ude2d\ud83e\udd75\n|-resisted|p1a: \u4e3b\u4eba\ud83d\ude2d\ud83e\udd75\n|-damage|p1a: \u4e3b\u4eba\ud83d\ude2d\ud83e\udd75|74/100\n|-damage|p2b: \u6545\u5927\u5305\u52d2|72/100|[from] Recoil\n|-damage|p2b: \u6545\u5927\u5305\u52d2|62/100|[from] item: Life Orb\n|move|p1b: \u9a6c\u5243\u5929\u7231\u661f|Ice Beam|p2b: \u6545\u5927\u5305\u52d2\n|-supereffective|p2b: \u6545\u5927\u5305\u52d2\n|-damage|p2b: \u6545\u5927\u5305\u52d2|0 fnt\n|faint|p2b: \u6545\u5927\u5305\u52d2\n|\n|-weather|SunnyDay|[upkeep]\n|upkeep\n|\n|t:|1769690201\n|switch|p2b: \u9a6c\u6b7b\u4e86|Calyrex-Shadow, L50|100/100\n|-ability|p2b: \u9a6c\u6b7b\u4e86|As One\n|-ability|p2b: \u9a6c\u6b7b\u4e86|Unnerve\n|turn|7\n|inactive|blackred123 has 30 seconds left.\n|\n|t:|1769690226\n|move|p1a: \u4e3b\u4eba\ud83d\ude2d\ud83e\udd75|Fake Out|p2a: \u7d2b\u5c3e\u723d\u98de\n|-damage|p2a: \u7d2b\u5c3e\u723d\u98de|0 fnt\n|faint|p2a: \u7d2b\u5c3e\u723d\u98de\n|move|p2b: \u9a6c\u6b7b\u4e86|Astral Barrage|p1b: \u9a6c\u5243\u5929\u7231\u661f|[spread] p1a,p1b\n|-resisted|p1a: \u4e3b\u4eba\ud83d\ude2d\ud83e\udd75\n|-damage|p1a: \u4e3b\u4eba\ud83d\ude2d\ud83e\udd75|37/100\n|-damage|p1b: \u9a6c\u5243\u5929\u7231\u661f|2/100\n|move|p1b: \u9a6c\u5243\u5929\u7231\u661f|Ice Beam|p2b: \u9a6c\u6b7b\u4e86\n|-damage|p2b: \u9a6c\u6b7b\u4e86|64/100\n|\n|-weather|SunnyDay|[upkeep]\n|-sideend|p2: dasabe\u76d6\u6b27\u5361\u4fa0|move: Tailwind\n|upkeep\n|turn|8\n|\n|t:|1769690243\n|move|p2b: \u9a6c\u6b7b\u4e86|Astral Barrage|p1a: \u4e3b\u4eba\ud83d\ude2d\ud83e\udd75|[spread] p1a,p1b\n|-resisted|p1a: \u4e3b\u4eba\ud83d\ude2d\ud83e\udd75\n|-crit|p1b: \u9a6c\u5243\u5929\u7231\u661f\n|-damage|p1a: \u4e3b\u4eba\ud83d\ude2d\ud83e\udd75|0 fnt\n|-damage|p1b: \u9a6c\u5243\u5929\u7231\u661f|0 fnt\n|faint|p1a: \u4e3b\u4eba\ud83d\ude2d\ud83e\udd75\n|faint|p1b: \u9a6c\u5243\u5929\u7231\u661f\n|-ability|p2b: \u9a6c\u6b7b\u4e86|Grim Neigh|boost\n|-boost|p2b: \u9a6c\u6b7b\u4e86|spa|2\n|\n|-weather|SunnyDay|[upkeep]\n|upkeep\n|\n|t:|1769690248\n|switch|p1b: \u963f\u5c14\u6258\u8389\u96c5|Zacian-Crowned, L50, shiny|87/100\n|turn|9\n|\n|t:|1769690256\n|-terastallize|p1b: \u963f\u5c14\u6258\u8389\u96c5|Normal\n|move|p2b: \u9a6c\u6b7b\u4e86|Astral Barrage|p1b: \u963f\u5c14\u6258\u8389\u96c5\n|-immune|p1b: \u963f\u5c14\u6258\u8389\u96c5\n|move|p1b: \u963f\u5c14\u6258\u8389\u96c5|Behemoth Blade|p2b: \u9a6c\u6b7b\u4e86\n|-damage|p2b: \u9a6c\u6b7b\u4e86|0 fnt\n|faint|p2b: \u9a6c\u6b7b\u4e86\n|\n|win|blackred123\n|l|\u2606dasabe\u76d6\u6b27\u5361\u4fa0\n|player|p2|\n","uploadtime":1769690265,"views":31,"formatid":"gen9vgc2026regi","rating":null,"private":0,"password":null}