{"id":"gen9vgc2026regi-2525814328","format":"[Gen 9] VGC 2026 Reg I","players":["Omgitsblacpanda","Fogdocker"],"log":"|j|\u2606Omgitsblacpanda\n|j|\u2606Fogdocker\n|t:|1769332043\n|gametype|doubles\n|player|p1|Omgitsblacpanda|102|1133\n|player|p2|Fogdocker|169|1385\n|gen|9\n|tier|[Gen 9] VGC 2026 Reg I\n|rated|\n|rule|Species Clause: Limit one of each Pok\u00e9mon\n|rule|Item Clause: Limit 1 of each item\n|clearpoke\n|poke|p1|Kyogre, L50|\n|poke|p1|Indeedee-F, L50, F|\n|poke|p1|Thundurus, L50, M|\n|poke|p1|Beartic, L50, M|\n|poke|p1|Annihilape, L50, M|\n|poke|p1|Miraidon, L50|\n|poke|p2|Koraidon, L50|\n|poke|p2|Flutter Mane, L50|\n|poke|p2|Calyrex-Ice, L50|\n|poke|p2|Incineroar, L50, F|\n|poke|p2|Rillaboom, L50, F|\n|poke|p2|Amoonguss, L50, M|\n|teampreview|4\n|\n|t:|1769332074\n|teamsize|p1|4\n|teamsize|p2|4\n|start\n|switch|p1a: Miraidon|Miraidon, L50, shiny|100/100\n|switch|p1b: Thundurus|Thundurus, L50, M|100/100\n|switch|p2a: Flutter Mane|Flutter Mane, L50|100/100\n|switch|p2b: Calyrex|Calyrex-Ice, L50|100/100\n|-ability|p2b: Calyrex|As One\n|-ability|p2b: Calyrex|Unnerve\n|-fieldstart|move: Electric Terrain|[from] ability: Hadron Engine|[of] p1a: Miraidon\n|turn|1\n|\n|t:|1769332116\n|-end|p2a: Flutter Mane|Protosynthesis|[silent]\n|switch|p2a: Rillaboom|Rillaboom, L50, F|100/100\n|-fieldstart|move: Grassy Terrain|[from] ability: Grassy Surge|[of] p2a: Rillaboom\n|-terastallize|p1a: Miraidon|Electric\n|move|p1b: Thundurus|Thunder Wave|p2a: Rillaboom\n|-status|p2a: Rillaboom|par\n|move|p1a: Miraidon|Volt Switch|p2b: Calyrex\n|-damage|p2b: Calyrex|55/100\n|\n|t:|1769332130\n|switch|p1a: Annihilape|Annihilape, L50, M|100/100|[from] Volt Switch\n|move|p2b: Calyrex|Glacial Lance|p1b: Thundurus|[spread] p1a,p1b\n|-supereffective|p1b: Thundurus\n|-damage|p1a: Annihilape|55/100\n|-enditem|p1b: Thundurus|Focus Sash\n|-damage|p1b: Thundurus|1/100\n|\n|-heal|p1a: Annihilape|61/100|[from] Grassy Terrain\n|-heal|p2b: Calyrex|61/100|[from] Grassy Terrain\n|-heal|p2b: Calyrex|67/100|[from] item: Leftovers\n|upkeep\n|turn|2\n|\n|t:|1769332149\n|switch|p1b: Miraidon|Miraidon, L50, shiny, tera:Electric|100/100\n|-fieldstart|move: Electric Terrain|[from] ability: Hadron Engine|[of] p1b: Miraidon\n|move|p2b: Calyrex|Protect|p2b: Calyrex\n|-singleturn|p2b: Calyrex|Protect\n|move|p1a: Annihilape|Rage Fist|p2b: Calyrex\n|-activate|p2b: Calyrex|move: Protect\n|cant|p2a: Rillaboom|par\n|\n|-heal|p2b: Calyrex|72/100|[from] item: Leftovers\n|upkeep\n|turn|3\n|\n|t:|1769332171\n|move|p1b: Miraidon|Electro Drift|p2b: Calyrex\n|-damage|p2b: Calyrex|0 fnt\n|faint|p2b: Calyrex\n|move|p1a: Annihilape|Drain Punch|p2a: Rillaboom\n|-damage|p2a: Rillaboom|59/100 par\n|-heal|p1a: Annihilape|82/100|[from] drain|[of] p2a: Rillaboom\n|-damage|p1a: Annihilape|73/100|[from] item: Life Orb\n|move|p2a: Rillaboom|U-turn|p1b: Miraidon\n|-crit|p1b: Miraidon\n|-damage|p1b: Miraidon|66/100\n|\n|t:|1769332183\n|switch|p2a: Flutter Mane|Flutter Mane, L50|100/100|[from] U-turn\n|\n|upkeep\n|\n|t:|1769332185\n|switch|p2b: Koraidon|Koraidon, L50|100/100\n|-weather|SunnyDay|[from] ability: Orichalcum Pulse|[of] p2b: Koraidon\n|-activate|p2a: Flutter Mane|ability: Protosynthesis\n|-start|p2a: Flutter Mane|protosynthesisspe\n|-activate|p2b: Koraidon|Orichalcum Pulse|[source]\n|turn|4\n|\n|t:|1769332200\n|switch|p1b: Kyogre|Kyogre, L50, shiny|100/100\n|-weather|RainDance|[from] ability: Drizzle|[of] p1b: Kyogre\n|-end|p2a: Flutter Mane|Protosynthesis\n|move|p1a: Annihilape|Protect|p1a: Annihilape\n|-singleturn|p1a: Annihilape|Protect\n|move|p2b: Koraidon|Close Combat|p1b: Kyogre\n|-damage|p1b: Kyogre|28/100\n|-unboost|p2b: Koraidon|def|1\n|-unboost|p2b: Koraidon|spd|1\n|-damage|p2b: Koraidon|91/100|[from] item: Life Orb\n|move|p2a: Flutter Mane|Moonblast|p1a: Annihilape\n|-activate|p1a: Annihilape|move: Protect\n|\n|-weather|RainDance|[upkeep]\n|upkeep\n|turn|5\n|\n|t:|1769332243\n|move|p2a: Flutter Mane|Moonblast|p1a: Annihilape\n|-supereffective|p1a: Annihilape\n|-damage|p1a: Annihilape|0 fnt\n|faint|p1a: Annihilape\n|move|p2b: Koraidon|Close Combat|p1b: Kyogre\n|-damage|p1b: Kyogre|0 fnt\n|-unboost|p2b: Koraidon|def|1\n|-unboost|p2b: Koraidon|spd|1\n|faint|p1b: Kyogre\n|-damage|p2b: Koraidon|81/100|[from] item: Life Orb\n|\n|-weather|RainDance|[upkeep]\n|upkeep\n|\n|t:|1769332254\n|switch|p1a: Miraidon|Miraidon, L50, shiny, tera:Electric|66/100\n|switch|p1b: Thundurus|Thundurus, L50, M|1/100\n|-activate|p1a: Miraidon|ability: Hadron Engine\n|turn|6\n|\n|t:|1769332286\n|switch|p2b: Rillaboom|Rillaboom, L50, F|59/100 par\n|-fieldstart|move: Grassy Terrain|[from] ability: Grassy Surge|[of] p2b: Rillaboom\n|move|p1b: Thundurus|Thunder Wave|p2b: Rillaboom\n|-fail|p2b: Rillaboom|par\n|move|p2a: Flutter Mane|Moonblast|p1b: Thundurus\n|-damage|p1b: Thundurus|0 fnt\n|faint|p1b: Thundurus\n|move|p1a: Miraidon|Dazzling Gleam|p2a: Flutter Mane|[spread] p2a,p2b\n|-damage|p2a: Flutter Mane|65/100\n|-damage|p2b: Rillaboom|35/100 par\n|\n|-weather|RainDance|[upkeep]\n|-heal|p2a: Flutter Mane|71/100|[from] Grassy Terrain\n|-heal|p1a: Miraidon|72/100|[from] Grassy Terrain\n|-heal|p2b: Rillaboom|41/100 par|[from] Grassy Terrain\n|upkeep\n|turn|7\n|\n|t:|1769332302\n|move|p2b: Rillaboom|Fake Out|p1a: Miraidon\n|-damage|p1a: Miraidon|60/100\n|move|p2a: Flutter Mane|Moonblast|p1a: Miraidon\n|-damage|p1a: Miraidon|15/100\n|cant|p1a: Miraidon|flinch\n|\n|-weather|RainDance|[upkeep]\n|-heal|p2a: Flutter Mane|78/100|[from] Grassy Terrain\n|-heal|p1a: Miraidon|21/100|[from] Grassy Terrain\n|-heal|p2b: Rillaboom|46/100 par|[from] Grassy Terrain\n|upkeep\n|turn|8\n|\n|t:|1769332309\n|move|p2b: Rillaboom|Grassy Glide|p1a: Miraidon\n|-damage|p1a: Miraidon|0 fnt\n|faint|p1a: Miraidon\n|\n|win|Fogdocker\n|raw|Omgitsblacpanda's rating: 1133 &rarr; <strong>1124</strong><br />(-9 for losing)\n|raw|Fogdocker's rating: 1385 &rarr; <strong>1393</strong><br />(+8 for winning)\n|l|\u2606Omgitsblacpanda\n|player|p1|\n|l|\u2606Fogdocker\n|player|p2|\n","uploadtime":1769332312,"views":15,"formatid":"gen9vgc2026regi","rating":1124,"private":0,"password":null}