{"id":"gen9vgc2026regi-2535852746","format":"[Gen 9] VGC 2026 Reg I","players":["Kwiper","fogdocker"],"log":"|j|\u2606Kwiper\n|j|\u2606fogdocker\n|t:|1770620550\n|gametype|doubles\n|player|p1|Kwiper|sycamore|1412\n|player|p2|fogdocker|101|1523\n|gen|9\n|tier|[Gen 9] VGC 2026 Reg I\n|rated|\n|rule|Species Clause: Limit one of each Pok\u00e9mon\n|rule|Item Clause: Limit 1 of each item\n|clearpoke\n|poke|p1|Koraidon, L50|\n|poke|p1|Lunala, L50|\n|poke|p1|Indeedee-F, L50, F|\n|poke|p1|Flutter Mane, L50|\n|poke|p1|Volcarona, L50, M|\n|poke|p1|Ursaluna, L50, F|\n|poke|p2|Calyrex-Ice, L50|\n|poke|p2|Koraidon, L50|\n|poke|p2|Flutter Mane, L50|\n|poke|p2|Incineroar, L50, M|\n|poke|p2|Rillaboom, L50, F|\n|poke|p2|Volcarona, L50, M|\n|teampreview|4\n|inactive|Battle timer is ON: inactive players will automatically lose when time's up. (requested by Kwiper)\n|inactive|fogdocker has 60 seconds left.\n|\n|t:|1770620588\n|teamsize|p1|4\n|teamsize|p2|4\n|start\n|switch|p1a: Lunala|Lunala, L50, shiny|100/100\n|switch|p1b: Indeedee|Indeedee-F, L50, F|100/100\n|switch|p2a: Calyrex|Calyrex-Ice, L50|100/100\n|switch|p2b: Incineroar|Incineroar, L50, M|100/100\n|-ability|p2a: Calyrex|As One\n|-ability|p2a: Calyrex|Unnerve\n|-fieldstart|move: Psychic Terrain|[from] ability: Psychic Surge|[of] p1b: Indeedee\n|-ability|p2b: Incineroar|Intimidate|boost\n|-unboost|p1a: Lunala|atk|1\n|-unboost|p1b: Indeedee|atk|1\n|turn|1\n|\n|t:|1770620603\n|switch|p2b: Flutter Mane|Flutter Mane, L50|100/100\n|move|p1b: Indeedee|Helping Hand|p1a: Lunala\n|-singleturn|p1a: Lunala|Helping Hand|[of] p1b: Indeedee\n|move|p1a: Lunala|Meteor Beam||[still]\n|-prepare|p1a: Lunala|Meteor Beam\n|-boost|p1a: Lunala|spa|1\n|-enditem|p1a: Lunala|Power Herb\n|-anim|p1a: Lunala|Meteor Beam|p2b: Flutter Mane\n|-enditem|p2b: Flutter Mane|Focus Sash\n|-damage|p2b: Flutter Mane|1/100\n|move|p2a: Calyrex|Glacial Lance|p1a: Lunala|[spread] p1a,p1b\n|-damage|p1a: Lunala|82/100\n|-damage|p1b: Indeedee|55/100\n|\n|upkeep\n|turn|2\n|\n|t:|1770620627\n|-end|p2b: Flutter Mane|Protosynthesis|[silent]\n|switch|p2b: Incineroar|Incineroar, L50, M|100/100\n|-ability|p2b: Incineroar|Intimidate|boost\n|-unboost|p1a: Lunala|atk|1\n|-unboost|p1b: Indeedee|atk|1\n|switch|p1b: Volcarona|Volcarona, L50, M|100/100\n|-terastallize|p1a: Lunala|Water\n|move|p2a: Calyrex|Protect|p2a: Calyrex\n|-singleturn|p2a: Calyrex|Protect\n|move|p1a: Lunala|Expanding Force|p2b: Incineroar|[spread] \n|-activate|p2a: Calyrex|move: Protect\n|-immune|p2b: Incineroar\n|\n|upkeep\n|turn|3\n|inactive|fogdocker has 30 seconds left.\n|inactive|fogdocker has 20 seconds left.\n|\n|t:|1770620664\n|-terastallize|p2a: Calyrex|Water\n|move|p1a: Lunala|Moongeist Beam|p2a: Calyrex\n|-damage|p2a: Calyrex|48/100\n|move|p1b: Volcarona|Will-O-Wisp|p2a: Calyrex\n|-status|p2a: Calyrex|brn\n|move|p2b: Incineroar|Parting Shot|p1b: Volcarona\n|-unboost|p1b: Volcarona|atk|1\n|-unboost|p1b: Volcarona|spa|1\n|\n|t:|1770620675\n|switch|p2b: Koraidon|Koraidon, L50|100/100|[from] Parting Shot\n|-weather|SunnyDay|[from] ability: Orichalcum Pulse|[of] p2b: Koraidon\n|-activate|p2b: Koraidon|Orichalcum Pulse|[source]\n|move|p2a: Calyrex|Leech Seed|p1a: Lunala\n|-start|p1a: Lunala|move: Leech Seed\n|\n|-weather|SunnyDay|[upkeep]\n|-heal|p2a: Calyrex|54/100 brn|[from] item: Leftovers\n|-damage|p1a: Lunala|69/100|[from] Leech Seed|[of] p2a: Calyrex\n|-heal|p2a: Calyrex|68/100 brn|[silent]\n|-damage|p2a: Calyrex|62/100 brn|[from] brn\n|upkeep\n|turn|4\n|\n|t:|1770620690\n|switch|p2b: Incineroar|Incineroar, L50, M|100/100\n|-ability|p2b: Incineroar|Intimidate|boost\n|-unboost|p1a: Lunala|atk|1\n|-unboost|p1b: Volcarona|atk|1\n|move|p1a: Lunala|Expanding Force|p2a: Calyrex|[spread] p2a\n|-immune|p2b: Incineroar\n|-damage|p2a: Calyrex|4/100 brn\n|move|p1b: Volcarona|Tailwind|p1b: Volcarona\n|-sidestart|p1: Kwiper|move: Tailwind\n|move|p2a: Calyrex|Leech Seed|p1b: Volcarona\n|-start|p1b: Volcarona|move: Leech Seed\n|\n|-weather|SunnyDay|[upkeep]\n|-heal|p2a: Calyrex|10/100 brn|[from] item: Leftovers\n|-damage|p1a: Lunala|57/100|[from] Leech Seed|[of] p2a: Calyrex\n|-heal|p2a: Calyrex|24/100 brn|[silent]\n|-damage|p1b: Volcarona|88/100|[from] Leech Seed|[of] p2a: Calyrex\n|-heal|p2a: Calyrex|35/100 brn|[silent]\n|-damage|p2a: Calyrex|29/100 brn|[from] brn\n|upkeep\n|turn|5\n|inactive|fogdocker has 30 seconds left.\n|\n|t:|1770620719\n|switch|p1b: Koraidon|Koraidon, L50, shiny|100/100\n|-activate|p1b: Koraidon|ability: Orichalcum Pulse\n|move|p2a: Calyrex|Protect|p2a: Calyrex\n|-singleturn|p2a: Calyrex|Protect\n|move|p1a: Lunala|Expanding Force|p2a: Calyrex|[spread] \n|-activate|p2a: Calyrex|move: Protect\n|-immune|p2b: Incineroar\n|move|p2b: Incineroar|Parting Shot|p1b: Koraidon\n|-unboost|p1b: Koraidon|atk|1\n|-unboost|p1b: Koraidon|spa|1\n|\n|t:|1770620734\n|switch|p2b: Flutter Mane|Flutter Mane, L50|1/100|[from] Parting Shot\n|-activate|p2b: Flutter Mane|ability: Protosynthesis\n|-start|p2b: Flutter Mane|protosynthesisspe\n|\n|-weather|SunnyDay|[upkeep]\n|-heal|p2a: Calyrex|35/100 brn|[from] item: Leftovers\n|-damage|p1a: Lunala|45/100|[from] Leech Seed|[of] p2a: Calyrex\n|-heal|p2a: Calyrex|49/100 brn|[silent]\n|-damage|p2a: Calyrex|43/100 brn|[from] brn\n|-fieldend|move: Psychic Terrain\n|upkeep\n|turn|6\n|inactive|fogdocker has 30 seconds left.\n|\n|t:|1770620762\n|switch|p2a: Incineroar|Incineroar, L50, M|100/100\n|-ability|p2a: Incineroar|Intimidate|boost\n|-unboost|p1a: Lunala|atk|1\n|-unboost|p1b: Koraidon|atk|1\n|move|p2b: Flutter Mane|Protect|p2b: Flutter Mane\n|-singleturn|p2b: Flutter Mane|Protect\n|move|p1b: Koraidon|Flare Blitz|p2b: Flutter Mane\n|-activate|p2b: Flutter Mane|move: Protect\n|move|p1a: Lunala|Moongeist Beam|p2a: Incineroar\n|-resisted|p2a: Incineroar\n|-damage|p2a: Incineroar|62/100\n|\n|-weather|SunnyDay|[upkeep]\n|-damage|p1a: Lunala|33/100|[from] Leech Seed|[of] p2a: Incineroar\n|-heal|p2a: Incineroar|77/100|[silent]\n|upkeep\n|turn|7\n|\n|t:|1770620782\n|switch|p1a: Indeedee|Indeedee-F, L50, F|55/100\n|-fieldstart|move: Psychic Terrain|[from] ability: Psychic Surge|[of] p1a: Indeedee\n|move|p2a: Incineroar|Fake Out|p1b: Koraidon\n|-activate|p1b: Koraidon|move: Psychic Terrain\n|move|p1b: Koraidon|Close Combat|p2a: Incineroar\n|-supereffective|p2a: Incineroar\n|-damage|p2a: Incineroar|0 fnt\n|-unboost|p1b: Koraidon|def|1\n|-unboost|p1b: Koraidon|spd|1\n|faint|p2a: Incineroar\n|-damage|p1b: Koraidon|91/100|[from] item: Life Orb\n|move|p2b: Flutter Mane|Moonblast|p1a: Indeedee\n|-damage|p1a: Indeedee|6/100\n|-unboost|p1a: Indeedee|spa|1\n|\n|-weather|none\n|-end|p2b: Flutter Mane|Protosynthesis\n|-sideend|p1: Kwiper|move: Tailwind\n|upkeep\n|\n|t:|1770620797\n|switch|p2a: Koraidon|Koraidon, L50|100/100\n|-weather|SunnyDay|[from] ability: Orichalcum Pulse|[of] p2a: Koraidon\n|-activate|p2b: Flutter Mane|ability: Protosynthesis\n|-start|p2b: Flutter Mane|protosynthesisspe\n|-activate|p2a: Koraidon|Orichalcum Pulse|[source]\n|turn|8\n|\n|t:|1770620801\n|move|p1a: Indeedee|Follow Me|p1a: Indeedee\n|-singleturn|p1a: Indeedee|move: Follow Me\n|move|p2b: Flutter Mane|Icy Wind|p1b: Koraidon|[spread] p1a,p1b\n|-supereffective|p1b: Koraidon\n|-damage|p1a: Indeedee|0 fnt\n|-damage|p1b: Koraidon|47/100\n|-unboost|p1b: Koraidon|spe|1\n|faint|p1a: Indeedee\n|move|p2a: Koraidon|Close Combat|p1b: Koraidon\n|-damage|p1b: Koraidon|0 fnt\n|-unboost|p2a: Koraidon|def|1\n|-unboost|p2a: Koraidon|spd|1\n|faint|p1b: Koraidon\n|-damage|p2a: Koraidon|91/100|[from] item: Life Orb\n|\n|-weather|SunnyDay|[upkeep]\n|upkeep\n|\n|t:|1770620804\n|switch|p1b: Volcarona|Volcarona, L50, M|88/100\n|switch|p1a: Lunala|Lunala, L50, shiny, tera:Water|33/100\n|turn|9\n|\n|t:|1770620822\n|move|p1b: Volcarona|Rage Powder|p1b: Volcarona\n|-singleturn|p1b: Volcarona|move: Rage Powder\n|move|p2b: Flutter Mane|Shadow Ball|p1b: Volcarona\n|-damage|p1b: Volcarona|55/100\n|-unboost|p1b: Volcarona|spd|1\n|move|p2a: Koraidon|Flare Blitz|p1b: Volcarona\n|-damage|p1b: Volcarona|0 fnt\n|-damage|p2a: Koraidon|74/100|[from] item: Rocky Helmet|[of] p1b: Volcarona\n|faint|p1b: Volcarona\n|-damage|p2a: Koraidon|54/100|[from] Recoil\n|-damage|p2a: Koraidon|44/100|[from] item: Life Orb\n|move|p1a: Lunala|Expanding Force|p2b: Flutter Mane|[spread] p2a,p2b\n|-supereffective|p2a: Koraidon\n|-crit|p2b: Flutter Mane\n|-damage|p2a: Koraidon|0 fnt\n|-damage|p2b: Flutter Mane|0 fnt\n|faint|p2a: Koraidon\n|faint|p2b: Flutter Mane\n|-end|p2b: Flutter Mane|Protosynthesis|[silent]\n|\n|-weather|SunnyDay|[upkeep]\n|upkeep\n|\n|t:|1770620829\n|switch|p2b: Calyrex|Calyrex-Ice, L50, tera:Water|43/100 brn\n|-ability|p2b: Calyrex|As One\n|-ability|p2b: Calyrex|Unnerve\n|turn|10\n|\n|t:|1770620837\n|move|p2b: Calyrex|Protect|p2b: Calyrex\n|-singleturn|p2b: Calyrex|Protect\n|move|p1a: Lunala|Expanding Force|p2b: Calyrex\n|-activate|p2b: Calyrex|move: Protect\n|\n|-weather|SunnyDay|[upkeep]\n|-heal|p2b: Calyrex|49/100 brn|[from] item: Leftovers\n|-damage|p2b: Calyrex|43/100 brn|[from] brn\n|upkeep\n|turn|11\n|\n|t:|1770620843\n|move|p1a: Lunala|Expanding Force|p2b: Calyrex\n|-crit|p2b: Calyrex\n|-damage|p2b: Calyrex|0 fnt\n|faint|p2b: Calyrex\n|\n|win|Kwiper\n|raw|Kwiper's rating: 1412 &rarr; <strong>1438</strong><br />(+26 for winning)\n|raw|fogdocker's rating: 1523 &rarr; <strong>1497</strong><br />(-26 for losing)\n|l|\u2606Kwiper\n|player|p1|\n|l|\u2606fogdocker\n|player|p2|\n","uploadtime":1770620844,"views":16,"formatid":"gen9vgc2026regi","rating":1438,"private":0,"password":null}