{"id":"gen9vgc2026regi-2581822234","format":"[Gen 9] VGC 2026 Reg I","players":["Manifust","FRESHmustard"],"log":"|j|\u2606Manifust\n|j|\u2606FRESHmustard\n|t:|1776031216\n|gametype|doubles\n|player|p1|Manifust|1|1334\n|player|p2|FRESHmustard|2|1399\n|gen|9\n|tier|[Gen 9] VGC 2026 Reg I\n|rated|\n|rule|Species Clause: Limit one of each Pok\u00e9mon\n|rule|Item Clause: Limit 1 of each item\n|clearpoke\n|poke|p1|Zamazenta-*, L50|\n|poke|p1|Urshifu-*, L50, M|\n|poke|p1|Farigiraf, L50, F|\n|poke|p1|Gholdengo, L50|\n|poke|p1|Calyrex-Ice, L50|\n|poke|p1|Rillaboom, L50, M|\n|poke|p2|Lunala, L50|\n|poke|p2|Ursaluna, L50, M|\n|poke|p2|Urshifu-*, L50, M|\n|poke|p2|Miraidon, L50|\n|poke|p2|Grimmsnarl, L50, M|\n|poke|p2|Incineroar, L50, F|\n|teampreview|4\nManifust has agreed to open team sheets.\n|inactive|Battle timer is ON: inactive players will automatically lose when time's up. (requested by Manifust)\n|\n|t:|1776031254\n|teamsize|p1|4\n|teamsize|p2|4\n|start\n|switch|p1a: Zamazenta|Zamazenta-Crowned, L50|100/100\n|switch|p1b: Farigiraf|Farigiraf, L50, F|100/100\n|switch|p2a: Incineroar|Incineroar, L50, F|100/100\n|switch|p2b: Lunala|Lunala, L50|100/100\n|-ability|p1a: Zamazenta|Dauntless Shield|boost\n|-boost|p1a: Zamazenta|def|1\n|-ability|p2a: Incineroar|Intimidate|boost\n|-unboost|p1a: Zamazenta|atk|1\n|-unboost|p1b: Farigiraf|atk|1\n|turn|1\n|inactive|FRESHmustard has 30 seconds left.\n|\n|t:|1776031282\n|move|p2b: Lunala|Moongeist Beam|p1a: Zamazenta\n|-damage|p1a: Zamazenta|60/100\n|move|p1a: Zamazenta|Body Press|p2a: Incineroar\n|-supereffective|p2a: Incineroar\n|-damage|p2a: Incineroar|13/100\n|-damage|p1a: Zamazenta|43/100|[from] item: Rocky Helmet|[of] p2a: Incineroar\n|move|p2a: Incineroar|Knock Off|p1b: Farigiraf\n|-supereffective|p1b: Farigiraf\n|-damage|p1b: Farigiraf|42/100\n|-enditem|p1b: Farigiraf|Safety Goggles|[from] move: Knock Off|[of] p2a: Incineroar\n|move|p1b: Farigiraf|Trick Room|p1b: Farigiraf\n|-fieldstart|move: Trick Room|[of] p1b: Farigiraf\n|\n|upkeep\n|turn|2\n|inactive|FRESHmustard has 30 seconds left.\n|\n|t:|1776031312\n|move|p1b: Farigiraf|Psychic|p2b: Lunala\n|-resisted|p2b: Lunala\n|-damage|p2b: Lunala|95/100\n|move|p2a: Incineroar|Parting Shot|p1a: Zamazenta\n|-unboost|p1a: Zamazenta|atk|1\n|-unboost|p1a: Zamazenta|spa|1\n|\n|t:|1776031318\n|switch|p2a: Miraidon|Miraidon, L50|100/100|[from] Parting Shot\n|-fieldstart|move: Electric Terrain|[from] ability: Hadron Engine|[of] p2a: Miraidon\n|-enditem|p2b: Lunala|Electric Seed\n|-boost|p2b: Lunala|def|1|[from] item: Electric Seed\n|move|p1a: Zamazenta|Body Press|p2a: Miraidon\n|-damage|p2a: Miraidon|48/100\n|move|p2b: Lunala|Moongeist Beam|p1a: Zamazenta\n|-damage|p1a: Zamazenta|2/100\n|\n|upkeep\n|turn|3\n|inactive|FRESHmustard has 30 seconds left.\n|inactive|FRESHmustard has 20 seconds left.\n|\n|t:|1776031354\n|switch|p2a: Incineroar|Incineroar, L50, F|13/100\n|-ability|p2a: Incineroar|Intimidate|boost\n|-unboost|p1a: Zamazenta|atk|1\n|-unboost|p1b: Farigiraf|atk|1\n|move|p1b: Farigiraf|Hyper Voice|p2b: Lunala|[spread] p2a\n|-immune|p2b: Lunala\n|-damage|p2a: Incineroar|0 fnt\n|faint|p2a: Incineroar\n|move|p1a: Zamazenta|Behemoth Bash|p2b: Lunala\n|-damage|p2b: Lunala|86/100\n|move|p2b: Lunala|Moongeist Beam|p1a: Zamazenta\n|-damage|p1a: Zamazenta|0 fnt\n|faint|p1a: Zamazenta\n|\n|upkeep\n|\n|t:|1776031374\n|switch|p2a: Urshifu|Urshifu-Rapid-Strike, L50, M|100/100\n|switch|p1a: Gholdengo|Gholdengo, L50|100/100\n|turn|4\n|inactive|FRESHmustard has 30 seconds left.\n|\n|t:|1776031408\n|-terastallize|p2a: Urshifu|Ghost\n|move|p2b: Lunala|Wide Guard|p2b: Lunala\n|-singleturn|p2b: Lunala|Wide Guard\n|move|p1b: Farigiraf|Psychic|p2a: Urshifu\n|-damage|p2a: Urshifu|52/100\n|move|p1a: Gholdengo|Make It Rain|p2b: Lunala|[spread] \n|-activate|p2a: Urshifu|move: Wide Guard\n|-activate|p2b: Lunala|move: Wide Guard\n|move|p2a: Urshifu|U-turn|p1b: Farigiraf\n|-supereffective|p1b: Farigiraf\n|-damage|p1b: Farigiraf|0 fnt\n|faint|p1b: Farigiraf\n|\n|t:|1776031423\n|switch|p2a: Miraidon|Miraidon, L50|48/100|[from] U-turn\n|-activate|p2a: Miraidon|ability: Hadron Engine\n|\n|upkeep\n|\n|t:|1776031425\n|switch|p1b: Calyrex|Calyrex-Ice, L50|100/100\n|-ability|p1b: Calyrex|As One\n|-ability|p1b: Calyrex|Unnerve\n|turn|5\n|\n|t:|1776031442\n|move|p1b: Calyrex|Stomping Tantrum|p2a: Miraidon\n|-supereffective|p2a: Miraidon\n|-damage|p2a: Miraidon|0 fnt\n|faint|p2a: Miraidon\n|-ability|p1b: Calyrex|Chilling Neigh|boost\n|-boost|p1b: Calyrex|atk|1\n|move|p1a: Gholdengo|Shadow Ball|p2b: Lunala\n|-supereffective|p2b: Lunala\n|-damage|p2b: Lunala|0 fnt\n|faint|p2b: Lunala\n|\n|-fieldend|move: Trick Room\n|upkeep\n|\n|t:|1776031451\n|switch|p2b: Urshifu|Urshifu-Rapid-Strike, L50, M, tera:Ghost|52/100\n|turn|6\n|\n|t:|1776031457\n|move|p2b: Urshifu|Surging Strikes|p1b: Calyrex\n|-crit|p1b: Calyrex\n|-damage|p1b: Calyrex|80/100\n|-crit|p1b: Calyrex\n|-damage|p1b: Calyrex|62/100\n|-crit|p1b: Calyrex\n|-damage|p1b: Calyrex|43/100\n|-hitcount|p1b: Calyrex|3\n|move|p1a: Gholdengo|Shadow Ball|p2b: Urshifu\n|-supereffective|p2b: Urshifu\n|-damage|p2b: Urshifu|0 fnt\n|faint|p2b: Urshifu\n|\n|win|Manifust\n|raw|Manifust's rating: 1334 &rarr; <strong>1358</strong><br />(+24 for winning)\n|raw|FRESHmustard's rating: 1399 &rarr; <strong>1375</strong><br />(-24 for losing)\n|l|\u2606Manifust\n|player|p1|\n","uploadtime":1776031622,"views":9,"formatid":"gen9vgc2026regi","rating":1358,"private":0,"password":null}