{"id":"gen9vgc2026regi-2541431936","format":"[Gen 9] VGC 2026 Reg I","players":["SEITA","Vivi0v0"],"log":"|j|\u2606SEITA\n|j|\u2606Vivi0v0\n|t:|1771334372\n|gametype|doubles\n|player|p1|SEITA|lucas-gen4pt|1562\n|player|p2|Vivi0v0|lillie-masters3|1461\n|gen|9\n|tier|[Gen 9] VGC 2026 Reg I\n|rated|\n|rule|Species Clause: Limit one of each Pok\u00e9mon\n|rule|Item Clause: Limit 1 of each item\n|clearpoke\n|poke|p1|Zacian-*, L50|\n|poke|p1|Kyogre, L50|\n|poke|p1|Tornadus, L50, M|\n|poke|p1|Raging Bolt, L50|\n|poke|p1|Landorus, L50, M|\n|poke|p1|Chien-Pao, L50|\n|poke|p2|Calyrex-Ice, L50|\n|poke|p2|Kyogre, L50|\n|poke|p2|Urshifu-*, L50, M|\n|poke|p2|Archaludon, L50, M|\n|poke|p2|Indeedee-F, L50, F|\n|poke|p2|Grimmsnarl, L50, M|\n|teampreview|4\n|inactive|Battle timer is ON: inactive players will automatically lose when time's up. (requested by Vivi0v0)\n|inactive|Vivi0v0 has 60 seconds left.\n|\n|t:|1771334421\n|teamsize|p1|4\n|teamsize|p2|4\n|start\n|switch|p1a: Zacian|Zacian-Crowned, L50|100/100\n|switch|p1b: Chien-Pao|Chien-Pao, L50|100/100\n|switch|p2a: Calyrex|Calyrex-Ice, L50|100/100\n|switch|p2b: Grimmsnarl|Grimmsnarl, L50, M|100/100\n|-ability|p2a: Calyrex|As One\n|-ability|p2a: Calyrex|Unnerve\n|-ability|p1a: Zacian|Intrepid Sword|boost\n|-boost|p1a: Zacian|atk|1\n|-ability|p1b: Chien-Pao|Sword of Ruin\n|turn|1\n|\n|t:|1771334438\n|move|p2b: Grimmsnarl|Fake Out|p1a: Zacian\n|-resisted|p1a: Zacian\n|-damage|p1a: Zacian|94/100\n|cant|p1a: Zacian|flinch\n|move|p1b: Chien-Pao|Ice Spinner|p2a: Calyrex\n|-resisted|p2a: Calyrex\n|-damage|p2a: Calyrex|81/100\n|move|p2a: Calyrex|Trick Room|p2a: Calyrex\n|-fieldstart|move: Trick Room|[of] p2a: Calyrex\n|\n|upkeep\n|turn|2\n|inactive|SEITA has 30 seconds left.\n|inactive|Vivi0v0 has 30 seconds left.\n|\n|t:|1771334469\n|move|p2a: Calyrex|Protect|p2a: Calyrex\n|-singleturn|p2a: Calyrex|Protect\n|move|p2b: Grimmsnarl|Parting Shot|p1a: Zacian\n|-unboost|p1a: Zacian|atk|1\n|-unboost|p1a: Zacian|spa|1\n|\n|t:|1771334474\n|switch|p2b: Kyogre|Kyogre, L50, shiny|100/100|[from] Parting Shot\n|-weather|RainDance|[from] ability: Drizzle|[of] p2b: Kyogre\n|move|p1b: Chien-Pao|Ice Spinner|p2a: Calyrex\n|-activate|p2a: Calyrex|move: Protect\n|move|p1a: Zacian|Behemoth Blade|p2a: Calyrex\n|-activate|p2a: Calyrex|move: Protect\n|\n|-weather|RainDance|[upkeep]\n|upkeep\n|turn|3\n|inactive|SEITA has 30 seconds left.\n|\n|t:|1771334504\n|-terastallize|p2b: Kyogre|Water\n|move|p1a: Zacian|Protect|p1a: Zacian\n|-singleturn|p1a: Zacian|Protect\n|move|p1b: Chien-Pao|Sucker Punch|p2b: Kyogre\n|-damage|p2b: Kyogre|53/100\n|move|p2a: Calyrex|Glacial Lance|p1a: Zacian|[spread] p1b\n|-activate|p1a: Zacian|move: Protect\n|-resisted|p1b: Chien-Pao\n|-damage|p1b: Chien-Pao|58/100\n|move|p2b: Kyogre|Water Spout|p1b: Chien-Pao|[spread] p1b\n|-activate|p1a: Zacian|move: Protect\n|-damage|p1b: Chien-Pao|0 fnt\n|faint|p1b: Chien-Pao\n|\n|-weather|RainDance|[upkeep]\n|upkeep\n|\n|t:|1771334522\n|switch|p1b: Raging Bolt|Raging Bolt, L50|100/100\n|turn|4\n|inactive|Vivi0v0 has 30 seconds left.\n|\n|t:|1771334548\n|switch|p2b: Grimmsnarl|Grimmsnarl, L50, M|100/100\n|-terastallize|p1b: Raging Bolt|Electric\n|move|p1b: Raging Bolt|Thunderclap||[still]\n|-fail|p1b: Raging Bolt\n|move|p2a: Calyrex|Glacial Lance|p1a: Zacian|[spread] p1a,p1b\n|-resisted|p1a: Zacian\n|-damage|p1a: Zacian|67/100\n|-damage|p1b: Raging Bolt|40/100\n|move|p1a: Zacian|Behemoth Blade|p2a: Calyrex\n|-supereffective|p2a: Calyrex\n|-damage|p2a: Calyrex|9/100\n|\n|-weather|RainDance|[upkeep]\n|upkeep\n|turn|5\n|\n|t:|1771334571\n|move|p1b: Raging Bolt|Protect|p1b: Raging Bolt\n|-singleturn|p1b: Raging Bolt|Protect\n|move|p1a: Zacian|Protect|p1a: Zacian\n|-singleturn|p1a: Zacian|Protect\n|move|p2b: Grimmsnarl|Fake Out|p1b: Raging Bolt\n|-activate|p1b: Raging Bolt|move: Protect\n|move|p2a: Calyrex|Glacial Lance|p1b: Raging Bolt|[spread] \n|-activate|p1a: Zacian|move: Protect\n|-activate|p1b: Raging Bolt|move: Protect\n|\n|-weather|RainDance|[upkeep]\n|-fieldend|move: Trick Room\n|upkeep\n|turn|6\n|\n|t:|1771334591\n|move|p2a: Calyrex|Protect|p2a: Calyrex\n|-singleturn|p2a: Calyrex|Protect\n|move|p2b: Grimmsnarl|Reflect|p2b: Grimmsnarl\n|-sidestart|p2: Vivi0v0|Reflect\n|move|p1a: Zacian|Play Rough|p2b: Grimmsnarl\n|-supereffective|p2b: Grimmsnarl\n|-damage|p2b: Grimmsnarl|37/100\n|move|p1b: Raging Bolt|Thunderbolt|p2a: Calyrex\n|-activate|p2a: Calyrex|move: Protect\n|\n|-weather|none\n|upkeep\n|turn|7\n|\n|t:|1771334607\n|move|p2b: Grimmsnarl|Light Screen|p2b: Grimmsnarl\n|-sidestart|p2: Vivi0v0|move: Light Screen\n|move|p1a: Zacian|Play Rough|p2b: Grimmsnarl\n|-supereffective|p2b: Grimmsnarl\n|-damage|p2b: Grimmsnarl|0 fnt\n|faint|p2b: Grimmsnarl\n|move|p1b: Raging Bolt|Thunderbolt|p2a: Calyrex\n|-damage|p2a: Calyrex|0 fnt\n|faint|p2a: Calyrex\n|\n|upkeep\n|\n|t:|1771334614\n|switch|p2b: Archaludon|Archaludon, L50, M|100/100\n|switch|p2a: Kyogre|Kyogre, L50, shiny, tera:Water|53/100\n|-weather|RainDance|[from] ability: Drizzle|[of] p2a: Kyogre\n|turn|8\n|\n|t:|1771334628\n|move|p1b: Raging Bolt|Thunderclap|p2a: Kyogre\n|-supereffective|p2a: Kyogre\n|-damage|p2a: Kyogre|0 fnt\n|faint|p2a: Kyogre\n|move|p1a: Zacian|Sacred Sword|p2b: Archaludon\n|-supereffective|p2b: Archaludon\n|-damage|p2b: Archaludon|60/100\n|-ability|p2b: Archaludon|Stamina|boost\n|-boost|p2b: Archaludon|def|1\n|move|p2b: Archaludon|Electro Shot||[still]\n|-prepare|p2b: Archaludon|Electro Shot\n|-boost|p2b: Archaludon|spa|1\n|-anim|p2b: Archaludon|Electro Shot|p1a: Zacian\n|-damage|p1a: Zacian|1/100\n|\n|-weather|RainDance|[upkeep]\n|upkeep\n|turn|9\n|\n|t:|1771334646\n|move|p1a: Zacian|Sacred Sword|p2b: Archaludon\n|-supereffective|p2b: Archaludon\n|-damage|p2b: Archaludon|22/100\n|-ability|p2b: Archaludon|Stamina|boost\n|-boost|p2b: Archaludon|def|1\n|move|p1b: Raging Bolt|Draco Meteor|p2b: Archaludon\n|-damage|p2b: Archaludon|0 fnt\n|-unboost|p1b: Raging Bolt|spa|2\n|faint|p2b: Archaludon\n|\n|win|SEITA\n|raw|SEITA's rating: 1562 &rarr; <strong>1576</strong><br />(+14 for winning)\n|raw|Vivi0v0's rating: 1461 &rarr; <strong>1447</strong><br />(-14 for losing)\n|l|\u2606Vivi0v0\n|player|p2|\n|l|\u2606SEITA\n|player|p1|\n","uploadtime":1771334858,"views":31,"formatid":"gen9vgc2026regi","rating":1447,"private":0,"password":null}