{"id":"gen9vgc2026regi-2555652387","format":"[Gen 9] VGC 2026 Reg I","players":["Kwiper","granite blast"],"log":"|j|\u2606Kwiper\n|j|\u2606granite blast\n|t:|1773113597\n|gametype|doubles\n|player|p1|Kwiper|sycamore|1547\n|player|p2|granite blast|2|1407\n|gen|9\n|tier|[Gen 9] VGC 2026 Reg I\n|rated|\n|rule|Species Clause: Limit one of each Pok\u00e9mon\n|rule|Item Clause: Limit 1 of each item\n|clearpoke\n|poke|p1|Koraidon, L50|\n|poke|p1|Lunala, L50|\n|poke|p1|Indeedee-F, L50, F|\n|poke|p1|Flutter Mane, L50|\n|poke|p1|Volcarona, L50, M|\n|poke|p1|Ursaluna, L50, M|\n|poke|p2|Miraidon, L50|\n|poke|p2|Ho-Oh, L50|\n|poke|p2|Farigiraf, L50, F|\n|poke|p2|Iron Hands, L50|\n|poke|p2|Landorus, L50, M|\n|poke|p2|Iron Bundle, L50|\n|teampreview|4\n|inactive|Battle timer is ON: inactive players will automatically lose when time's up. (requested by Kwiper)\n|inactive|granite blast also wants the timer to be on.\n|inactive|granite blast has 60 seconds left.\n|\n|t:|1773113641\n|teamsize|p1|4\n|teamsize|p2|4\n|start\n|switch|p1a: Lunala|Lunala, L50, shiny|100/100\n|switch|p1b: Indeedee|Indeedee-F, L50, F|100/100\n|switch|p2a: Ho-Oh|Ho-Oh, L50|100/100\n|switch|p2b: Miraidon|Miraidon, L50|100/100\n|-fieldstart|move: Electric Terrain|[from] ability: Hadron Engine|[of] p2b: Miraidon\n|-fieldstart|move: Psychic Terrain|[from] ability: Psychic Surge|[of] p1b: Indeedee\n|turn|1\n|\n|t:|1773113651\n|move|p2a: Ho-Oh|Protect|p2a: Ho-Oh\n|-singleturn|p2a: Ho-Oh|Protect\n|move|p2b: Miraidon|Volt Switch|p1a: Lunala\n|-damage|p1a: Lunala|82/100\n|\n|t:|1773113657\n|switch|p2b: Farigiraf|Farigiraf, L50, F|100/100|[from] Volt Switch\n|move|p1a: Lunala|Expanding Force|p2b: Farigiraf|[spread] p2b\n|-activate|p2a: Ho-Oh|move: Protect\n|-resisted|p2b: Farigiraf\n|-damage|p2b: Farigiraf|67/100\n|move|p1b: Indeedee|Trick Room|p1b: Indeedee\n|-fieldstart|move: Trick Room|[of] p1b: Indeedee\n|\n|upkeep\n|turn|2\n|inactive|granite blast has 30 seconds left.\n|inactive|granite blast has 20 seconds left.\n|inactive|granite blast has 15 seconds left.\n|inactive|granite blast has 10 seconds left.\n|\n|t:|1773113704\n|switch|p1b: Ursaluna|Ursaluna, L50, M|100/100\n|switch|p2a: Miraidon|Miraidon, L50|100/100\n|-fieldstart|move: Electric Terrain|[from] ability: Hadron Engine|[of] p2a: Miraidon\n|-enditem|p2b: Farigiraf|Electric Seed\n|-boost|p2b: Farigiraf|def|1|[from] item: Electric Seed\n|-terastallize|p1a: Lunala|Water\n|move|p1a: Lunala|Meteor Beam||[still]\n|-prepare|p1a: Lunala|Meteor Beam\n|-boost|p1a: Lunala|spa|1\n|-enditem|p1a: Lunala|Power Herb\n|-anim|p1a: Lunala|Meteor Beam|p2a: Miraidon\n|-damage|p2a: Miraidon|51/100\n|move|p2b: Farigiraf|Trick Room|p2b: Farigiraf\n|-fieldend|move: Trick Room\n|\n|-status|p1b: Ursaluna|brn|[from] item: Flame Orb\n|upkeep\n|turn|3\n|\n|t:|1773113710\n|move|p1a: Lunala|Wide Guard|p1a: Lunala\n|-singleturn|p1a: Lunala|Wide Guard\n|move|p2a: Miraidon|Volt Switch|p1a: Lunala\n|-supereffective|p1a: Lunala\n|-damage|p1a: Lunala|0 fnt\n|faint|p1a: Lunala\n|\n|t:|1773113715\n|switch|p2a: Ho-Oh|Ho-Oh, L50|100/100|[from] Volt Switch\n|move|p2b: Farigiraf|Foul Play|p1b: Ursaluna\n|-damage|p1b: Ursaluna|76/100 brn\n|move|p1b: Ursaluna|Earthquake|p2b: Farigiraf|[spread] p2b\n|-immune|p2a: Ho-Oh\n|-damage|p2b: Farigiraf|36/100\n|\n|-damage|p1b: Ursaluna|71/100 brn|[from] brn\n|upkeep\n|\n|t:|1773113719\n|switch|p1a: Koraidon|Koraidon, L50, shiny|100/100\n|-weather|SunnyDay|[from] ability: Orichalcum Pulse|[of] p1a: Koraidon\n|-activate|p1a: Koraidon|Orichalcum Pulse|[source]\n|turn|4\n|\n|t:|1773113737\n|move|p1a: Koraidon|Breaking Swipe|p2a: Ho-Oh|[spread] p2a,p2b\n|-damage|p2a: Ho-Oh|63/100\n|-damage|p2b: Farigiraf|15/100\n|-unboost|p2b: Farigiraf|atk|1\n|-damage|p1a: Koraidon|91/100|[from] item: Life Orb\n|move|p2a: Ho-Oh|Tailwind|p2a: Ho-Oh\n|-sidestart|p2: granite blast|move: Tailwind\n|move|p2b: Farigiraf|Psychic|p1a: Koraidon\n|-supereffective|p1a: Koraidon\n|-damage|p1a: Koraidon|28/100\n|move|p1b: Ursaluna|Facade|p2a: Ho-Oh\n|-damage|p2a: Ho-Oh|0 fnt\n|faint|p2a: Ho-Oh\n|\n|-weather|SunnyDay|[upkeep]\n|-damage|p1b: Ursaluna|65/100 brn|[from] brn\n|upkeep\n|\n|t:|1773113750\n|switch|p2a: Miraidon|Miraidon, L50|51/100\n|-activate|p2a: Miraidon|ability: Hadron Engine\n|turn|5\n|\n|t:|1773113768\n|switch|p1b: Indeedee|Indeedee-F, L50, F|100/100\n|-fieldstart|move: Psychic Terrain|[from] ability: Psychic Surge|[of] p1b: Indeedee\n|-terastallize|p2a: Miraidon|Fairy\n|move|p2b: Farigiraf|Helping Hand|p2a: Miraidon\n|-singleturn|p2a: Miraidon|Helping Hand|[of] p2b: Farigiraf\n|move|p1a: Koraidon|Protect|p1a: Koraidon\n|-singleturn|p1a: Koraidon|Protect\n|move|p2a: Miraidon|Dazzling Gleam|p1b: Indeedee|[spread] p1b\n|-activate|p1a: Koraidon|move: Protect\n|-damage|p1b: Indeedee|32/100\n|\n|-weather|SunnyDay|[upkeep]\n|upkeep\n|turn|6\n|-message|Kwiper forfeited.\n|\n|win|granite blast\n|raw|Kwiper's rating: 1547 &rarr; <strong>1519</strong><br />(-28 for losing)\n|raw|granite blast's rating: 1407 &rarr; <strong>1435</strong><br />(+28 for winning)\n","uploadtime":1773113777,"views":13,"formatid":"gen9vgc2026regi","rating":1435,"private":0,"password":null}