{"id":"gen9vgc2026regi-2560783675","format":"[Gen 9] VGC 2026 Reg I","players":["iifwm","terafireflareblitz"],"log":"|j|\u2606iifwm\n|j|\u2606terafireflareblitz\n|t:|1773725653\n|gametype|doubles\n|player|p1|iifwm|candice|1333\n|player|p2|terafireflareblitz|sycamore|1491\n|gen|9\n|tier|[Gen 9] VGC 2026 Reg I\n|rated|\n|rule|Species Clause: Limit one of each Pok\u00e9mon\n|rule|Item Clause: Limit 1 of each item\n|clearpoke\n|poke|p1|Kyogre, L50|\n|poke|p1|Calyrex-Ice, L50|\n|poke|p1|Urshifu-*, L50, F|\n|poke|p1|Tornadus, L50, M|\n|poke|p1|Amoonguss, L50, F|\n|poke|p1|Chien-Pao, L50|\n|poke|p2|Koraidon, L50|\n|poke|p2|Lunala, L50|\n|poke|p2|Indeedee-F, L50, F|\n|poke|p2|Flutter Mane, L50|\n|poke|p2|Chi-Yu, L50|\n|poke|p2|Ursaluna, L50, F|\n|teampreview|4\n|inactive|Battle timer is ON: inactive players will automatically lose when time's up. (requested by terafireflareblitz)\n|inactive|iifwm has 60 seconds left.\n|\n|t:|1773725697\n|teamsize|p1|4\n|teamsize|p2|4\n|start\n|switch|p1a: Calyrex|Calyrex-Ice, L50|100/100\n|switch|p1b: Amoonguss|Amoonguss, L50, F|100/100\n|switch|p2a: Lunala|Lunala, L50, shiny|100/100\n|switch|p2b: Indeedee|Indeedee-F, L50, F, shiny|100/100\n|-ability|p1a: Calyrex|As One\n|-ability|p1a: Calyrex|Unnerve\n|-fieldstart|move: Psychic Terrain|[from] ability: Psychic Surge|[of] p2b: Indeedee\n|turn|1\n|\n|t:|1773725707\n|-terastallize|p1a: Calyrex|Fairy\n|move|p2b: Indeedee|Follow Me|p2b: Indeedee\n|-singleturn|p2b: Indeedee|move: Follow Me\n|move|p2a: Lunala|Meteor Beam||[still]\n|-prepare|p2a: Lunala|Meteor Beam\n|-boost|p2a: Lunala|spa|1\n|-enditem|p2a: Lunala|Power Herb\n|-anim|p2a: Lunala|Meteor Beam|p1a: Calyrex\n|-damage|p1a: Calyrex|56/100\n|move|p1a: Calyrex|Leech Seed|p2b: Indeedee\n|-start|p2b: Indeedee|move: Leech Seed\n|move|p1b: Amoonguss|Spore|p2b: Indeedee\n|-activate|p2b: Indeedee|item: Safety Goggles|Spore\n|\n|-damage|p2b: Indeedee|88/100|[from] Leech Seed|[of] p1a: Calyrex\n|-heal|p1a: Calyrex|66/100|[silent]\n|upkeep\n|turn|2\n|\n|t:|1773725730\n|move|p2b: Indeedee|Helping Hand|p2a: Lunala\n|-singleturn|p2a: Lunala|Helping Hand|[of] p2b: Indeedee\n|move|p1a: Calyrex|Protect|p1a: Calyrex\n|-singleturn|p1a: Calyrex|Protect\n|move|p1b: Amoonguss|Protect|p1b: Amoonguss\n|-singleturn|p1b: Amoonguss|Protect\n|move|p2a: Lunala|Expanding Force|p1b: Amoonguss|[spread] \n|-activate|p1a: Calyrex|move: Protect\n|-activate|p1b: Amoonguss|move: Protect\n|\n|-damage|p2b: Indeedee|76/100|[from] Leech Seed|[of] p1a: Calyrex\n|-heal|p1a: Calyrex|77/100|[silent]\n|upkeep\n|turn|3\n|\n|t:|1773725752\n|switch|p1b: Chien-Pao|Chien-Pao, L50|100/100\n|-ability|p1b: Chien-Pao|Sword of Ruin\n|move|p2b: Indeedee|Helping Hand|p2a: Lunala\n|-singleturn|p2a: Lunala|Helping Hand|[of] p2b: Indeedee\n|move|p1a: Calyrex|Protect||[still]\n|-fail|p1a: Calyrex\n|move|p2a: Lunala|Expanding Force|p1b: Chien-Pao|[spread] p1a\n|-immune|p1b: Chien-Pao\n|-damage|p1a: Calyrex|0 fnt\n|faint|p1a: Calyrex\n|\n|upkeep\n|\n|t:|1773725768\n|switch|p1a: Kyogre|Kyogre, L50, shiny|100/100\n|-weather|RainDance|[from] ability: Drizzle|[of] p1a: Kyogre\n|turn|4\n|\n|t:|1773725778\n|switch|p2b: Chi-Yu|Chi-Yu, L50, shiny|100/100\n|-ability|p2b: Chi-Yu|Beads of Ruin\n|-terastallize|p2a: Lunala|Water\n|move|p1b: Chien-Pao|Ice Spinner|p2a: Lunala\n|-resisted|p2a: Lunala\n|-damage|p2a: Lunala|90/100\n|-fieldend|move: Psychic Terrain\n|move|p1a: Kyogre|Water Spout|p2b: Chi-Yu|[spread] p2a,p2b\n|-resisted|p2a: Lunala\n|-supereffective|p2b: Chi-Yu\n|-crit|p2b: Chi-Yu\n|-damage|p2a: Lunala|33/100\n|-damage|p2b: Chi-Yu|0 fnt\n|faint|p2b: Chi-Yu\n|move|p2a: Lunala|Expanding Force|p1a: Kyogre\n|-damage|p1a: Kyogre|48/100\n|\n|-weather|RainDance|[upkeep]\n|upkeep\n|\n|t:|1773725782\n|switch|p2b: Koraidon|Koraidon, L50, shiny|100/100\n|-weather|SunnyDay|[from] ability: Orichalcum Pulse|[of] p2b: Koraidon\n|-activate|p2b: Koraidon|Orichalcum Pulse|[source]\n|turn|5\n|\n|t:|1773725797\n|switch|p1a: Amoonguss|Amoonguss, L50, F|100/100\n|move|p2b: Koraidon|Breaking Swipe|p1b: Chien-Pao|[spread] p1a,p1b\n|-damage|p1a: Amoonguss|63/100\n|-damage|p1b: Chien-Pao|44/100\n|-unboost|p1a: Amoonguss|atk|1\n|-unboost|p1b: Chien-Pao|atk|1\n|-damage|p2b: Koraidon|91/100|[from] item: Life Orb\n|move|p1b: Chien-Pao|Ice Spinner|p2b: Koraidon\n|-supereffective|p2b: Koraidon\n|-damage|p2b: Koraidon|28/100\n|move|p2a: Lunala|Moongeist Beam|p1b: Chien-Pao\n|-resisted|p1b: Chien-Pao\n|-damage|p1b: Chien-Pao|0 fnt\n|faint|p1b: Chien-Pao\n|\n|-weather|SunnyDay|[upkeep]\n|upkeep\n|\n|t:|1773725812\n|switch|p1b: Kyogre|Kyogre, L50, shiny|48/100\n|-weather|RainDance|[from] ability: Drizzle|[of] p1b: Kyogre\n|turn|6\n|\n|t:|1773725820\n|switch|p2b: Indeedee|Indeedee-F, L50, F, shiny|76/100\n|-fieldstart|move: Psychic Terrain|[from] ability: Psychic Surge|[of] p2b: Indeedee\n|move|p2a: Lunala|Wide Guard|p2a: Lunala\n|-singleturn|p2a: Lunala|Wide Guard\n|move|p1a: Amoonguss|Rage Powder|p1a: Amoonguss\n|-singleturn|p1a: Amoonguss|move: Rage Powder\n|move|p1b: Kyogre|Thunder|p2a: Lunala\n|-supereffective|p2a: Lunala\n|-damage|p2a: Lunala|0 fnt\n|faint|p2a: Lunala\n|\n|-weather|RainDance|[upkeep]\n|upkeep\n|\n|t:|1773725827\n|switch|p2a: Koraidon|Koraidon, L50, shiny|28/100\n|-weather|SunnyDay|[from] ability: Orichalcum Pulse|[of] p2a: Koraidon\n|-activate|p2a: Koraidon|Orichalcum Pulse|[source]\n|turn|7\n|\n|t:|1773725844\n|move|p2b: Indeedee|Helping Hand|p2a: Koraidon\n|-singleturn|p2a: Koraidon|Helping Hand|[of] p2b: Indeedee\n|move|p2a: Koraidon|Breaking Swipe|p1a: Amoonguss|[spread] p1a,p1b\n|-damage|p1a: Amoonguss|14/100\n|-damage|p1b: Kyogre|0 fnt\n|-unboost|p1a: Amoonguss|atk|1\n|faint|p1b: Kyogre\n|-damage|p2a: Koraidon|18/100|[from] item: Life Orb\n|move|p1a: Amoonguss|Pollen Puff|p1: Kyogre|[notarget]\n|-fail|p1a: Amoonguss\n|\n|-weather|SunnyDay|[upkeep]\n|upkeep\n|turn|8\n|-message|iifwm forfeited.\n|\n|win|terafireflareblitz\n|raw|iifwm's rating: 1333 &rarr; <strong>1322</strong><br />(-11 for losing)\n|raw|terafireflareblitz's rating: 1491 &rarr; <strong>1502</strong><br />(+11 for winning)\n","uploadtime":1773725849,"views":10,"formatid":"gen9vgc2026regi","rating":1322,"private":0,"password":null}