{"id":"gen9vgc2026regi-2562325035","format":"[Gen 9] VGC 2026 Reg I","players":["pigs2fly","nicouser"],"log":"|j|\u2606pigs2fly\n|j|\u2606nicouser\n|t:|1773897760\n|gametype|doubles\n|player|p1|pigs2fly|dexio|1553\n|player|p2|nicouser|1|1479\n|gen|9\n|tier|[Gen 9] VGC 2026 Reg I\n|rated|\n|rule|Species Clause: Limit one of each Pok\u00e9mon\n|rule|Item Clause: Limit 1 of each item\n|clearpoke\n|poke|p1|Annihilape, L50, M|\n|poke|p1|Tornadus, L50, M|\n|poke|p1|Dondozo, L50, M|\n|poke|p1|Tatsugiri-Droopy, L50, F|\n|poke|p1|Zacian-*, L50|\n|poke|p1|Kyogre, L50|\n|poke|p2|Groudon, L50|\n|poke|p2|Calyrex-Ice, L50|\n|poke|p2|Chi-Yu, L50|\n|poke|p2|Flutter Mane, L50|\n|poke|p2|Jumpluff, L50, F|\n|poke|p2|Raging Bolt, L50|\n|teampreview|4\n|\n|t:|1773897890\n|teamsize|p1|4\n|teamsize|p2|4\n|start\n|switch|p1a: Dondozo|Dondozo, L50, M|100/100\n|switch|p1b: Annihilape|Annihilape, L50, M|100/100\n|switch|p2a: Calyrex|Calyrex-Ice, L50|100/100\n|switch|p2b: Raging Bolt|Raging Bolt, L50|100/100\n|-ability|p2a: Calyrex|As One\n|-ability|p2a: Calyrex|Unnerve\n|turn|1\n|inactive|Battle timer is ON: inactive players will automatically lose when time's up. (requested by nicouser)\n|\n|t:|1773897910\n|switch|p1b: Tatsugiri|Tatsugiri-Droopy, L50, F|100/100\n|-activate|p1b: Tatsugiri|ability: Commander|[of] p1a: Dondozo\n|-boost|p1a: Dondozo|atk|2\n|-boost|p1a: Dondozo|spa|2\n|-boost|p1a: Dondozo|spe|2\n|-boost|p1a: Dondozo|def|2\n|-boost|p1a: Dondozo|spd|2\n|-terastallize|p1a: Dondozo|Grass\n|move|p2b: Raging Bolt|Protect|p2b: Raging Bolt\n|-singleturn|p2b: Raging Bolt|Protect\n|move|p2a: Calyrex|Protect|p2a: Calyrex\n|-singleturn|p2a: Calyrex|Protect\n|move|p1a: Dondozo|Order Up|p2b: Raging Bolt\n|-activate|p2b: Raging Bolt|move: Protect\n|\n|upkeep\n|turn|2\n|\n|t:|1773897924\n|-end|p2b: Raging Bolt|Protosynthesis|[silent]\n|switch|p2b: Flutter Mane|Flutter Mane, L50|100/100\n|move|p1a: Dondozo|Order Up|p2b: Flutter Mane\n|-immune|p2b: Flutter Mane\n|move|p2a: Calyrex|Glacial Lance|p1a: Dondozo|[spread] p1a\n|-miss|p2a: Calyrex|p1b: Tatsugiri\n|-supereffective|p1a: Dondozo\n|-damage|p1a: Dondozo|64/100\n|\n|-heal|p1a: Dondozo|70/100|[from] item: Leftovers\n|upkeep\n|turn|3\n|\n|t:|1773897945\n|move|p1a: Dondozo|Protect|p1a: Dondozo\n|-singleturn|p1a: Dondozo|Protect\n|move|p2b: Flutter Mane|Moonblast|p1a: Dondozo\n|-activate|p1a: Dondozo|move: Protect\n|move|p2a: Calyrex|Glacial Lance|p1a: Dondozo|[spread] \n|-miss|p2a: Calyrex|p1b: Tatsugiri\n|-activate|p1a: Dondozo|move: Protect\n|\n|-heal|p1a: Dondozo|76/100|[from] item: Leftovers\n|upkeep\n|turn|4\n|\n|t:|1773897951\n|move|p2b: Flutter Mane|Moonblast|p1a: Dondozo\n|-damage|p1a: Dondozo|53/100\n|move|p1a: Dondozo|Earthquake|p2a: Calyrex|[spread] p2a,p2b\n|-miss|p1a: Dondozo|p1b: Tatsugiri\n|-damage|p2a: Calyrex|79/100\n|-damage|p2b: Flutter Mane|21/100\n|move|p2a: Calyrex|Glacial Lance|p1a: Dondozo|[spread] p1a\n|-miss|p2a: Calyrex|p1b: Tatsugiri\n|-supereffective|p1a: Dondozo\n|-damage|p1a: Dondozo|17/100\n|\n|-heal|p1a: Dondozo|23/100|[from] item: Leftovers\n|upkeep\n|turn|5\n|inactive|nicouser has 30 seconds left.\n|inactive|nicouser has 20 seconds left.\n|\n|t:|1773897991\n|move|p2b: Flutter Mane|Protect|p2b: Flutter Mane\n|-singleturn|p2b: Flutter Mane|Protect\n|move|p1a: Dondozo|Earthquake|p2b: Flutter Mane|[spread] p2a\n|-miss|p1a: Dondozo|p1b: Tatsugiri\n|-activate|p2b: Flutter Mane|move: Protect\n|-damage|p2a: Calyrex|58/100\n|move|p2a: Calyrex|Glacial Lance|p1a: Dondozo|[spread] p1a\n|-miss|p2a: Calyrex|p1b: Tatsugiri\n|-supereffective|p1a: Dondozo\n|-damage|p1a: Dondozo|0 fnt\n|faint|p1a: Dondozo\n|-ability|p2a: Calyrex|Chilling Neigh|boost\n|-boost|p2a: Calyrex|atk|1\n|\n|upkeep\n|\n|t:|1773897998\n|switch|p1a: Kyogre|Kyogre, L50|100/100\n|-weather|RainDance|[from] ability: Drizzle|[of] p1a: Kyogre\n|turn|6\n|inactive|nicouser has 30 seconds left.\n|inactive|nicouser has 20 seconds left.\n|inactive|nicouser has 15 seconds left.\n|inactive|nicouser has 10 seconds left.\n|inactive|nicouser has 5 seconds left.\n|\n|t:|1773898052\n|move|p2b: Flutter Mane|Moonblast|p1a: Kyogre\n|-damage|p1a: Kyogre|77/100\n|move|p1b: Tatsugiri|Dragon Pulse|p2a: Calyrex\n|-damage|p2a: Calyrex|30/100\n|move|p1a: Kyogre|Water Spout|p2a: Calyrex|[spread] p2a,p2b\n|-damage|p2a: Calyrex|0 fnt\n|-damage|p2b: Flutter Mane|0 fnt\n|faint|p2a: Calyrex\n|faint|p2b: Flutter Mane\n|-end|p2b: Flutter Mane|Protosynthesis|[silent]\n|\n|-weather|RainDance|[upkeep]\n|upkeep\n|\n|t:|1773898058\n|switch|p2b: Groudon|Groudon, L50|100/100\n|switch|p2a: Raging Bolt|Raging Bolt, L50|100/100\n|-weather|SunnyDay|[from] ability: Drought|[of] p2b: Groudon\n|-activate|p2a: Raging Bolt|ability: Protosynthesis\n|-start|p2a: Raging Bolt|protosynthesisspa\n|turn|7\n|\n|t:|1773898070\n|switch|p1a: Annihilape|Annihilape, L50, M|100/100\n|-terastallize|p2a: Raging Bolt|Electric\n|move|p1b: Tatsugiri|Protect|p1b: Tatsugiri\n|-singleturn|p1b: Tatsugiri|Protect\n|move|p2a: Raging Bolt|Thunderclap||[still]\n|-fail|p2a: Raging Bolt\n|move|p2b: Groudon|Precipice Blades|p1a: Annihilape|[spread] \n|-activate|p1b: Tatsugiri|move: Protect\n|-miss|p2b: Groudon|p1a: Annihilape\n|\n|-weather|SunnyDay|[upkeep]\n|upkeep\n|turn|8\n|inactive|pigs2fly has 30 seconds left.\n|\n|t:|1773898096\n|move|p2a: Raging Bolt|Thunderclap|p1a: Annihilape\n|-damage|p1a: Annihilape|15/100\n|-damage|p2a: Raging Bolt|91/100|[from] item: Life Orb\n|move|p1a: Annihilape|Final Gambit|p2b: Groudon\n|-damage|p2b: Groudon|85/100\n|faint|p1a: Annihilape\n|move|p1b: Tatsugiri|Dragon Pulse|p2b: Groudon\n|-damage|p2b: Groudon|59/100\n|move|p2b: Groudon|Precipice Blades|p1b: Tatsugiri\n|-enditem|p1b: Tatsugiri|Focus Sash\n|-damage|p1b: Tatsugiri|1/100\n|\n|-weather|SunnyDay|[upkeep]\n|upkeep\n|\n|t:|1773898102\n|switch|p1a: Kyogre|Kyogre, L50|77/100\n|-weather|RainDance|[from] ability: Drizzle|[of] p1a: Kyogre\n|-end|p2a: Raging Bolt|Protosynthesis\n|turn|9\n|\n|t:|1773898112\n|move|p1b: Tatsugiri|Helping Hand|p1a: Kyogre\n|-singleturn|p1a: Kyogre|Helping Hand|[of] p1b: Tatsugiri\n|move|p2a: Raging Bolt|Thunderclap|p1a: Kyogre\n|-supereffective|p1a: Kyogre\n|-damage|p1a: Kyogre|10/100\n|-damage|p2a: Raging Bolt|81/100|[from] item: Life Orb\n|move|p2b: Groudon|Stomping Tantrum|p1b: Tatsugiri\n|-damage|p1b: Tatsugiri|0 fnt\n|faint|p1b: Tatsugiri\n|move|p1a: Kyogre|Origin Pulse|p2a: Raging Bolt|[spread] p2a,p2b\n|-supereffective|p2b: Groudon\n|-damage|p2a: Raging Bolt|0 fnt\n|-damage|p2b: Groudon|0 fnt\n|faint|p2a: Raging Bolt\n|-end|p2a: Raging Bolt|Protosynthesis|[silent]\n|faint|p2b: Groudon\n|\n|win|pigs2fly\n|raw|pigs2fly's rating: 1553 &rarr; <strong>1569</strong><br />(+16 for winning)\n|raw|nicouser's rating: 1479 &rarr; <strong>1463</strong><br />(-16 for losing)\n|l|\u2606pigs2fly\n|player|p1|\n","uploadtime":1773898268,"views":12,"formatid":"gen9vgc2026regi","rating":1463,"private":0,"password":null}