{"id":"gen9vgc2026regi-2522706413","format":"[Gen 9] VGC 2026 Reg I","players":["ArisHazard","TechnoMadsB"],"log":"|j|\u2606ArisHazard\n|j|\u2606TechnoMadsB\n|t:|1768936504\n|gametype|doubles\n|player|p1|ArisHazard|102|1159\n|player|p2|TechnoMadsB|266|1071\n|gen|9\n|tier|[Gen 9] VGC 2026 Reg I\n|rated|\n|rule|Species Clause: Limit one of each Pok\u00e9mon\n|rule|Item Clause: Limit 1 of each item\n|clearpoke\n|poke|p1|Smeargle, L50, F|\n|poke|p1|Muk-Alola, L50, F|\n|poke|p1|Raging Bolt, L50|\n|poke|p1|Terapagos, L50, M|\n|poke|p1|Ho-Oh, L50|\n|poke|p1|Sableye, L50, M|\n|poke|p2|Pikachu, L50, M|\n|poke|p2|Kyogre, L50|\n|poke|p2|Flutter Mane, L50|\n|poke|p2|Amoonguss, L50, M|\n|poke|p2|Clefairy, L50, M|\n|poke|p2|Groudon, L50|\n|teampreview|4\n|\n|t:|1768936537\n|teamsize|p1|4\n|teamsize|p2|4\n|start\n|switch|p1a: Smeargle|Smeargle, L50, F|100/100\n|switch|p1b: Muk|Muk-Alola, L50, F|100/100\n|switch|p2a: Groudon|Groudon, L50|100/100\n|switch|p2b: Flutter Mane|Flutter Mane, L50|100/100\n|-weather|SunnyDay|[from] ability: Drought|[of] p2a: Groudon\n|-activate|p2b: Flutter Mane|ability: Protosynthesis\n|-start|p2b: Flutter Mane|protosynthesisspe\n|turn|1\n|inactive|Battle timer is ON: inactive players will automatically lose when time's up. (requested by ArisHazard)\n|\n|t:|1768936566\n|-terastallize|p2a: Groudon|Ground\n|move|p1a: Smeargle|Fake Out|p2a: Groudon\n|-damage|p2a: Groudon|98/100\n|move|p2b: Flutter Mane|Dazzling Gleam|p1b: Muk|[spread] p1a,p1b\n|-damage|p1a: Smeargle|32/100\n|-damage|p1b: Muk|73/100\n|cant|p2a: Groudon|flinch\n|move|p1b: Muk|Minimize|p1b: Muk\n|-boost|p1b: Muk|evasion|2\n|\n|-weather|SunnyDay|[upkeep]\n|-heal|p1b: Muk|79/100|[from] item: Leftovers\n|-ability|p1a: Smeargle|Moody|boost\n|-boost|p1a: Smeargle|spa|2\n|-unboost|p1a: Smeargle|spe|1\n|upkeep\n|turn|2\n|inactive|TechnoMadsB has 30 seconds left.\n|\n|t:|1768936597\n|move|p1a: Smeargle|Wide Guard|p1a: Smeargle\n|-singleturn|p1a: Smeargle|Wide Guard\n|move|p2b: Flutter Mane|Shadow Ball|p1b: Muk\n|-resisted|p1b: Muk\n|-damage|p1b: Muk|62/100\n|move|p2a: Groudon|Fire Punch|p1a: Smeargle\n|-damage|p1a: Smeargle|0 fnt\n|faint|p1a: Smeargle\n|-ability|p1b: Muk|Moody|Power of Alchemy|[from] ability: Power of Alchemy|[of] p1a: Smeargle\n|-damage|p2a: Groudon|88/100|[from] item: Life Orb\n|move|p1b: Muk|Minimize|p1b: Muk\n|-boost|p1b: Muk|evasion|2\n|\n|-weather|SunnyDay|[upkeep]\n|-heal|p1b: Muk|68/100|[from] item: Leftovers\n|-ability|p1b: Muk|Moody|boost\n|-boost|p1b: Muk|spd|2\n|-unboost|p1b: Muk|spe|1\n|upkeep\n|\n|t:|1768936618\n|switch|p1a: Terapagos|Terapagos, L50, M|100/100\n|-activate|p1a: Terapagos|ability: Tera Shift\n|detailschange|p1a: Terapagos|Terapagos-Terastal, L50, M\n|-heal|p1a: Terapagos|100/100|[silent]\n|turn|3\n|\n|t:|1768936633\n|-terastallize|p1a: Terapagos|Stellar\n|detailschange|p1a: Terapagos|Terapagos-Stellar, L50, M, tera:Stellar\n|-heal|p1a: Terapagos|100/100|[silent]\n|-ability|p1a: Terapagos|Teraform Zero\n|-weather|none\n|-end|p2b: Flutter Mane|Protosynthesis\n|move|p1b: Muk|Protect|p1b: Muk\n|-singleturn|p1b: Muk|Protect\n|move|p2b: Flutter Mane|Dark Pulse|p1a: Terapagos\n|-damage|p1a: Terapagos|83/100\n|move|p1a: Terapagos|Tera Starstorm|p2a: Groudon|[spread] p2a,p2b\n|-supereffective|p2a: Groudon\n|-damage|p2a: Groudon|0 fnt\n|-damage|p2b: Flutter Mane|33/100\n|faint|p2a: Groudon\n|\n|-heal|p1b: Muk|75/100|[from] item: Leftovers\n|-ability|p1b: Muk|Moody|boost\n|-boost|p1b: Muk|spe|2\n|-unboost|p1b: Muk|def|1\n|upkeep\n|\n|t:|1768936656\n|switch|p2a: Pikachu|Pikachu, L50, M|100/100\n|turn|4\n|\n|t:|1768936671\n|move|p2b: Flutter Mane|Protect|p2b: Flutter Mane\n|-singleturn|p2b: Flutter Mane|Protect\n|move|p2a: Pikachu|Volt Tackle|p1a: Terapagos\n|-damage|p1a: Terapagos|39/100\n|-damage|p2a: Pikachu|65/100|[from] Recoil\n|move|p1a: Terapagos|Tera Starstorm|p2b: Flutter Mane|[spread] p2a\n|-activate|p2b: Flutter Mane|move: Protect\n|-damage|p2a: Pikachu|0 fnt\n|faint|p2a: Pikachu\n|move|p1b: Muk|Toxic|p2b: Flutter Mane\n|-activate|p2b: Flutter Mane|move: Protect\n|\n|-heal|p1b: Muk|81/100|[from] item: Leftovers\n|-ability|p1b: Muk|Moody|boost\n|-boost|p1b: Muk|spd|2\n|-unboost|p1b: Muk|def|1\n|upkeep\n|\n|t:|1768936689\n|switch|p2a: Kyogre|Kyogre, L50|100/100\n|-weather|RainDance|[from] ability: Drizzle|[of] p2a: Kyogre\n|turn|5\n|\n|t:|1768936704\n|move|p2b: Flutter Mane|Dazzling Gleam|p1a: Terapagos|[spread] p1a,p1b\n|-damage|p1a: Terapagos|20/100\n|-damage|p1b: Muk|72/100\n|move|p2a: Kyogre|Origin Pulse|p1a: Terapagos|[spread] p1a\n|-miss|p2a: Kyogre|p1b: Muk\n|-damage|p1a: Terapagos|0 fnt\n|faint|p1a: Terapagos\n|detailschange|p1: Terapagos|Terapagos, L50, M|[silent]\n|move|p1b: Muk|Knock Off|p2b: Flutter Mane\n|-damage|p2b: Flutter Mane|0 fnt\n|-enditem|p2b: Flutter Mane|Focus Sash|[from] move: Knock Off|[of] p1b: Muk\n|faint|p2b: Flutter Mane\n|-end|p2b: Flutter Mane|Protosynthesis|[silent]\n|\n|-weather|RainDance|[upkeep]\n|-heal|p1b: Muk|78/100|[from] item: Leftovers\n|-ability|p1b: Muk|Moody|boost\n|-boost|p1b: Muk|spd|2\n|-unboost|p1b: Muk|def|1\n|upkeep\n|\n|t:|1768936721\n|switch|p1a: Sableye|Sableye, L50, M|100/100\n|turn|6\n|\n|t:|1768936735\n|move|p1a: Sableye|Protect|p1a: Sableye\n|-singleturn|p1a: Sableye|Protect\n|move|p2a: Kyogre|Blizzard|p1b: Muk|[spread] p1b\n|-activate|p1a: Sableye|move: Protect\n|-damage|p1b: Muk|70/100\n|move|p1b: Muk|Toxic|p2a: Kyogre\n|-status|p2a: Kyogre|tox\n|\n|-weather|RainDance|[upkeep]\n|-heal|p1b: Muk|76/100|[from] item: Leftovers\n|-damage|p2a: Kyogre|94/100 tox|[from] psn\n|-ability|p1b: Muk|Moody|boost\n|-boost|p1b: Muk|spa|2\n|-unboost|p1b: Muk|spe|1\n|upkeep\n|turn|7\n|\n|t:|1768936753\n|move|p1a: Sableye|Encore|p2a: Kyogre\n|-start|p2a: Kyogre|Encore\n|move|p2a: Kyogre|Blizzard|p1b: Muk|[spread] p1a\n|-miss|p2a: Kyogre|p1b: Muk\n|-damage|p1a: Sableye|58/100\n|move|p1b: Muk|Knock Off|p2a: Kyogre\n|-damage|p2a: Kyogre|60/100 tox\n|-enditem|p2a: Kyogre|Zoom Lens|[from] move: Knock Off|[of] p1b: Muk\n|\n|-weather|RainDance|[upkeep]\n|-heal|p1b: Muk|83/100|[from] item: Leftovers\n|-damage|p2a: Kyogre|48/100 tox|[from] psn\n|-ability|p1b: Muk|Moody|boost\n|-boost|p1b: Muk|atk|2\n|-unboost|p1b: Muk|spe|1\n|upkeep\n|turn|8\n|\n|t:|1768936769\n|move|p1a: Sableye|Disable|p2a: Kyogre\n|-start|p2a: Kyogre|Disable|Blizzard\n|cant|p2a: Kyogre|Disable|Blizzard\n|move|p1b: Muk|Minimize|p1b: Muk\n|-boost|p1b: Muk|evasion|2\n|\n|-weather|RainDance|[upkeep]\n|-heal|p1b: Muk|89/100|[from] item: Leftovers\n|-damage|p2a: Kyogre|30/100 tox|[from] psn\n|-ability|p1b: Muk|Moody|boost\n|-boost|p1b: Muk|spa|2\n|-unboost|p1b: Muk|spe|1\n|upkeep\n|turn|9\n|-message|TechnoMadsB forfeited.\n|\n|win|ArisHazard\n|raw|ArisHazard's rating: 1159 &rarr; <strong>1178</strong><br />(+19 for winning)\n|raw|TechnoMadsB's rating: 1071 &rarr; <strong>1055</strong><br />(-16 for losing)\n|l|\u2606TechnoMadsB\n|player|p2|\n|l|\u2606ArisHazard\n|player|p1|\n","uploadtime":1768937005,"views":11,"formatid":"gen9vgc2026regi","rating":1055,"private":0,"password":null}