{"id":"gen9vgc2026regi-2587729987","format":"[Gen 9] VGC 2026 Reg I","players":["PainInTheS","castiel123"],"log":"|j|\u2606PainInTheS\n|j|\u2606castiel123\n|t:|1776558192\n|gametype|doubles\n|player|p1|PainInTheS|170|1343\n|player|p2|castiel123|169|1458\n|gen|9\n|tier|[Gen 9] VGC 2026 Reg I\n|rated|\n|rule|Species Clause: Limit one of each Pok\u00e9mon\n|rule|Item Clause: Limit 1 of each item\n|clearpoke\n|poke|p1|Calyrex-Ice, L50|\n|poke|p1|Miraidon, L50|\n|poke|p1|Farigiraf, L50, M|\n|poke|p1|Incineroar, L50, F|\n|poke|p1|Ditto, L50|\n|poke|p1|Iron Valiant, L50|\n|poke|p2|Zamazenta-*, L50|\n|poke|p2|Annihilape, L50, M|\n|poke|p2|Amoonguss, L50, F|\n|poke|p2|Terapagos, L50, M|\n|poke|p2|Chi-Yu, L50|\n|poke|p2|Whimsicott, L50, F|\n|teampreview|4\n|\n|t:|1776558233\n|teamsize|p1|4\n|teamsize|p2|4\n|start\n|switch|p1a: Calyrex|Calyrex-Ice, L50|100/100\n|switch|p1b: Miraidon|Miraidon, L50|100/100\n|switch|p2a: Annihilape|Annihilape, L50, M|100/100\n|switch|p2b: Whimsicott|Whimsicott, L50, F|100/100\n|-ability|p1a: Calyrex|As One\n|-ability|p1a: Calyrex|Unnerve\n|-fieldstart|move: Electric Terrain|[from] ability: Hadron Engine|[of] p1b: Miraidon\n|turn|1\n|\n|t:|1776558261\n|move|p1b: Miraidon|Protect|p1b: Miraidon\n|-singleturn|p1b: Miraidon|Protect\n|move|p1a: Calyrex|Protect|p1a: Calyrex\n|-singleturn|p1a: Calyrex|Protect\n|move|p2b: Whimsicott|Tailwind|p2b: Whimsicott\n|-sidestart|p2: castiel123|move: Tailwind\n|move|p2a: Annihilape|Final Gambit|p1a: Calyrex\n|-activate|p1a: Calyrex|move: Protect\n|\n|upkeep\n|turn|2\n|inactive|Battle timer is ON: inactive players will automatically lose when time's up. (requested by PainInTheS)\n|\n|t:|1776558291\n|switch|p1a: Ditto|Ditto, L50|100/100\n|-transform|p1a: Ditto|p2b: Whimsicott|[from] ability: Imposter\n|move|p2b: Whimsicott|Encore||[still]\n|-fail|p2b: Whimsicott\n|move|p2a: Annihilape|Final Gambit|p1b: Miraidon\n|-damage|p1b: Miraidon|0 fnt\n|faint|p2a: Annihilape\n|faint|p1b: Miraidon\n|\n|upkeep\n|\n|t:|1776558302\n|switch|p1b: Calyrex|Calyrex-Ice, L50|100/100\n|switch|p2a: Zamazenta|Zamazenta-Crowned, L50|100/100\n|-ability|p1b: Calyrex|As One\n|-ability|p1b: Calyrex|Unnerve\n|-ability|p2a: Zamazenta|Dauntless Shield|boost\n|-boost|p2a: Zamazenta|def|1\n|turn|3\n|\n|t:|1776558318\n|switch|p2b: Terapagos|Terapagos, L50, M|100/100\n|-activate|p2b: Terapagos|ability: Tera Shift\n|detailschange|p2b: Terapagos|Terapagos-Terastal, L50, M\n|-heal|p2b: Terapagos|100/100|[silent]\n|switch|p1a: Iron Valiant|Iron Valiant, L50|100/100\n|-activate|p1a: Iron Valiant|ability: Quark Drive\n|-start|p1a: Iron Valiant|quarkdrivespe\n|move|p2a: Zamazenta|Body Press|p1b: Calyrex\n|-crit|p1b: Calyrex\n|-damage|p1b: Calyrex|44/100\n|move|p1b: Calyrex|Trick Room|p1b: Calyrex\n|-fieldstart|move: Trick Room|[of] p1b: Calyrex\n|\n|upkeep\n|turn|4\n|inactive|PainInTheS has 30 seconds left.\n|\n|t:|1776558348\n|-end|p1a: Iron Valiant|Quark Drive|[silent]\n|switch|p1a: Ditto|Ditto, L50|100/100\n|-transform|p1a: Ditto|p2b: Terapagos|[from] ability: Imposter\n|move|p1b: Calyrex|Glacial Lance|p2b: Terapagos|[spread] p2a,p2b\n|-resisted|p2a: Zamazenta\n|-activate|p2b: Terapagos|ability: Tera Shell\n|-resisted|p2b: Terapagos\n|-damage|p2a: Zamazenta|90/100\n|-damage|p2b: Terapagos|76/100\n|move|p2b: Terapagos|Tera Starstorm|p1b: Calyrex\n|-damage|p1b: Calyrex|0 fnt\n|faint|p1b: Calyrex\n|-damage|p2b: Terapagos|66/100|[from] item: Life Orb\n|move|p2a: Zamazenta|Behemoth Bash|p1a: Ditto\n|-activate|p1a: Ditto|ability: Tera Shell\n|-resisted|p1a: Ditto\n|-damage|p1a: Ditto|79/100\n|\n|-sideend|p2: castiel123|move: Tailwind\n|upkeep\n|\n|t:|1776558365\n|switch|p1b: Iron Valiant|Iron Valiant, L50|100/100\n|-activate|p1b: Iron Valiant|ability: Quark Drive\n|-start|p1b: Iron Valiant|quarkdrivespe\n|turn|5\n|inactive|PainInTheS has 30 seconds left.\n|\n|t:|1776558391\n|move|p1a: Ditto|Tera Starstorm|p2b: Terapagos\n|-crit|p2b: Terapagos\n|-damage|p2b: Terapagos|0 fnt\n|faint|p2b: Terapagos\n|move|p2a: Zamazenta|Body Press|p1b: Iron Valiant\n|-resisted|p1b: Iron Valiant\n|-damage|p1b: Iron Valiant|65/100\n|move|p1b: Iron Valiant|Close Combat|p2a: Zamazenta\n|-supereffective|p2a: Zamazenta\n|-damage|p2a: Zamazenta|44/100\n|-unboost|p1b: Iron Valiant|def|1\n|-unboost|p1b: Iron Valiant|spd|1\n|\n|-fieldend|move: Electric Terrain\n|-end|p1b: Iron Valiant|Quark Drive\n|upkeep\n|-enditem|p1b: Iron Valiant|Booster Energy\n|-activate|p1b: Iron Valiant|ability: Quark Drive|[fromitem]\n|-start|p1b: Iron Valiant|quarkdrivespe\n|\n|t:|1776558395\n|switch|p2b: Whimsicott|Whimsicott, L50, F|100/100\n|turn|6\n|inactive|PainInTheS has 30 seconds left.\n|inactive|PainInTheS has 20 seconds left.\n|inactive|PainInTheS has 15 seconds left.\n|\n|t:|1776558436\n|-terastallize|p1b: Iron Valiant|Steel\n|move|p1a: Ditto|Tera Starstorm|p2a: Zamazenta\n|-resisted|p2a: Zamazenta\n|-crit|p2a: Zamazenta\n|-damage|p2a: Zamazenta|19/100\n|move|p2b: Whimsicott|Moonblast|p1b: Iron Valiant\n|-resisted|p1b: Iron Valiant\n|-damage|p1b: Iron Valiant|35/100\n|-unboost|p1b: Iron Valiant|spa|1\n|move|p2a: Zamazenta|Behemoth Bash|p1b: Iron Valiant\n|-resisted|p1b: Iron Valiant\n|-damage|p1b: Iron Valiant|3/100\n|move|p1b: Iron Valiant|Close Combat|p2a: Zamazenta\n|-supereffective|p2a: Zamazenta\n|-damage|p2a: Zamazenta|0 fnt\n|-unboost|p1b: Iron Valiant|def|1\n|-unboost|p1b: Iron Valiant|spd|1\n|faint|p2a: Zamazenta\n|\n|upkeep\n|turn|7\n|\n|t:|1776558461\n|move|p1a: Ditto|Tera Starstorm|p2b: Whimsicott\n|-crit|p2b: Whimsicott\n|-damage|p2b: Whimsicott|0 fnt\n|faint|p2b: Whimsicott\n|\n|win|PainInTheS\n|raw|PainInTheS's rating: 1343 &rarr; <strong>1369</strong><br />(+26 for winning)\n|raw|castiel123's rating: 1458 &rarr; <strong>1432</strong><br />(-26 for losing)\n|c|\u2606castiel123|....\n|c|\u2606PainInTheS|lol\n|c|\u2606PainInTheS|hahaha\n|l|\u2606PainInTheS\n|player|p1|\n|l|\u2606castiel123\n|player|p2|\n","uploadtime":1776558726,"views":6,"formatid":"gen9vgc2026regi","rating":1369,"private":0,"password":null}