{"id":"gen9vgc2026regi-2573700927","format":"[Gen 9] VGC 2026 Reg I","players":["Lord Bartlett","ScribbleScribble"],"log":"|j|\u2606Lord Bartlett\n|j|\u2606ScribbleScribble\n|t:|1775157704\n|gametype|doubles\n|player|p1|Lord Bartlett|2|1508\n|player|p2|ScribbleScribble|mina-lgpe|1626\n|gen|9\n|tier|[Gen 9] VGC 2026 Reg I\n|rated|\n|rule|Species Clause: Limit one of each Pok\u00e9mon\n|rule|Item Clause: Limit 1 of each item\n|clearpoke\n|poke|p1|Dondozo, L50, M|\n|poke|p1|Tatsugiri, L50, F|\n|poke|p1|Glimmora, L50, M|\n|poke|p1|Eternatus, L50|\n|poke|p1|Ogerpon-Wellspring, L50, F|\n|poke|p1|Grimmsnarl, L50, M|\n|poke|p2|Calyrex-Ice, L50|\n|poke|p2|Kyogre, L50|\n|poke|p2|Tornadus, L50, M|\n|poke|p2|Indeedee-F, L50, F|\n|poke|p2|Landorus, L50, M|\n|poke|p2|Urshifu-*, L50, M|\n|teampreview|4\n|inactive|Battle timer is ON: inactive players will automatically lose when time's up. (requested by ScribbleScribble)\n|inactive|Lord Bartlett has 60 seconds left.\n|\n|t:|1775157751\n|teamsize|p1|4\n|teamsize|p2|4\n|start\n|switch|p1a: Glimmora|Glimmora, L50, M|100/100\n|switch|p1b: Grimmsnarl|Grimmsnarl, L50, M|100/100\n|switch|p2a: Tornadus|Tornadus, L50, M|100/100\n|switch|p2b: Calyrex|Calyrex-Ice, L50|100/100\n|-ability|p2b: Calyrex|As One\n|-ability|p2b: Calyrex|Unnerve\n|turn|1\n|\n|t:|1775157757\n|move|p1b: Grimmsnarl|Reflect|p1b: Grimmsnarl\n|-sidestart|p1: Lord Bartlett|Reflect\n|move|p2a: Tornadus|Bleakwind Storm|p1b: Grimmsnarl|[spread] p1a\n|-miss|p2a: Tornadus|p1b: Grimmsnarl\n|-resisted|p1a: Glimmora\n|-damage|p1a: Glimmora|87/100\n|-unboost|p1a: Glimmora|spe|1\n|move|p2b: Calyrex|Glacial Lance|p1a: Glimmora|[spread] p1a,p1b\n|-damage|p1a: Glimmora|59/100\n|-damage|p1b: Grimmsnarl|67/100\n|-activate|p1a: Glimmora|ability: Toxic Debris\n|-sidestart|p2: ScribbleScribble|move: Toxic Spikes\n|move|p1a: Glimmora|Mortal Spin|p2b: Calyrex|[spread] p2a,p2b\n|-crit|p2b: Calyrex\n|-damage|p2a: Tornadus|94/100\n|-damage|p2b: Calyrex|96/100\n|-status|p2a: Tornadus|psn\n|-status|p2b: Calyrex|psn\n|\n|-damage|p2a: Tornadus|82/100 psn|[from] psn\n|-damage|p2b: Calyrex|83/100 psn|[from] psn\n|upkeep\n|turn|2\n|\n|t:|1775157779\n|move|p2a: Tornadus|Tailwind|p2a: Tornadus\n|-sidestart|p2: ScribbleScribble|move: Tailwind\n|move|p1b: Grimmsnarl|Light Screen|p1b: Grimmsnarl\n|-sidestart|p1: Lord Bartlett|move: Light Screen\n|move|p2b: Calyrex|Glacial Lance|p1b: Grimmsnarl|[spread] p1a,p1b\n|-damage|p1a: Glimmora|31/100\n|-damage|p1b: Grimmsnarl|30/100\n|-activate|p1a: Glimmora|ability: Toxic Debris\n|-sidestart|p2: ScribbleScribble|move: Toxic Spikes\n|move|p1a: Glimmora|Power Gem|p2b: Calyrex\n|-supereffective|p2b: Calyrex\n|-damage|p2b: Calyrex|32/100 psn\n|\n|-damage|p2a: Tornadus|70/100 psn|[from] psn\n|-damage|p2b: Calyrex|20/100 psn|[from] psn\n|upkeep\n|turn|3\n|\n|t:|1775157794\n|move|p2a: Tornadus|Bleakwind Storm|p1a: Glimmora|[spread] p1a,p1b\n|-resisted|p1a: Glimmora\n|-damage|p1a: Glimmora|22/100\n|-damage|p1b: Grimmsnarl|3/100\n|move|p2b: Calyrex|Glacial Lance|p1b: Grimmsnarl|[spread] p1a,p1b\n|-damage|p1a: Glimmora|0 fnt\n|-damage|p1b: Grimmsnarl|0 fnt\n|faint|p1a: Glimmora\n|faint|p1b: Grimmsnarl\n|-ability|p2b: Calyrex|Chilling Neigh|boost\n|-boost|p2b: Calyrex|atk|2\n|\n|-damage|p2a: Tornadus|57/100 psn|[from] psn\n|-damage|p2b: Calyrex|7/100 psn|[from] psn\n|upkeep\n|\n|t:|1775157798\n|switch|p1a: Dondozo|Dondozo, L50, M|100/100\n|switch|p1b: Tatsugiri|Tatsugiri, L50, F|100/100\n|-activate|p1b: Tatsugiri|ability: Commander|[of] p1a: Dondozo\n|-boost|p1a: Dondozo|atk|2\n|-boost|p1a: Dondozo|spa|2\n|-boost|p1a: Dondozo|spe|2\n|-boost|p1a: Dondozo|def|2\n|-boost|p1a: Dondozo|spd|2\n|turn|4\n|\n|t:|1775157808\n|-terastallize|p2b: Calyrex|Grass\n|move|p1a: Dondozo|Protect|p1a: Dondozo\n|-singleturn|p1a: Dondozo|Protect\n|move|p2a: Tornadus|Taunt|p1a: Dondozo\n|-activate|p1a: Dondozo|move: Protect\n|move|p2b: Calyrex|Seed Bomb|p1a: Dondozo\n|-activate|p1a: Dondozo|move: Protect\n|\n|-damage|p2a: Tornadus|45/100 psn|[from] psn\n|-damage|p2b: Calyrex|0 fnt|[from] psn\n|faint|p2b: Calyrex\n|upkeep\n|\n|t:|1775157813\n|switch|p2b: Urshifu|Urshifu-Rapid-Strike, L50, M|100/100\n|-status|p2b: Urshifu|tox\n|turn|5\n|\n|t:|1775157818\n|-terastallize|p1a: Dondozo|Grass\n|move|p2a: Tornadus|Bleakwind Storm|p1a: Dondozo|[spread] p1a\n|-miss|p2a: Tornadus|p1b: Tatsugiri\n|-supereffective|p1a: Dondozo\n|-damage|p1a: Dondozo|82/100\n|move|p2b: Urshifu|Close Combat|p1a: Dondozo\n|-damage|p1a: Dondozo|63/100\n|-unboost|p2b: Urshifu|def|1\n|-unboost|p2b: Urshifu|spd|1\n|move|p1a: Dondozo|Order Up|p2a: Tornadus\n|-damage|p2a: Tornadus|0 fnt\n|faint|p2a: Tornadus\n|-boost|p1a: Dondozo|atk|1\n|\n|-heal|p1a: Dondozo|70/100|[from] item: Leftovers\n|-damage|p2b: Urshifu|95/100 tox|[from] psn\n|-sideend|p2: ScribbleScribble|move: Tailwind\n|upkeep\n|\n|t:|1775157837\n|switch|p2a: Kyogre|Kyogre, L50|100/100\n|-status|p2a: Kyogre|tox\n|-weather|RainDance|[from] ability: Drizzle|[of] p2a: Kyogre\n|turn|6\n|\n|t:|1775157840\n|move|p2a: Kyogre|Water Spout|p1b: Tatsugiri|[spread] p1a\n|-miss|p2a: Kyogre|p1b: Tatsugiri\n|-resisted|p1a: Dondozo\n|-damage|p1a: Dondozo|56/100\n|move|p2b: Urshifu|Close Combat|p1a: Dondozo\n|-damage|p1a: Dondozo|38/100\n|-unboost|p2b: Urshifu|def|1\n|-unboost|p2b: Urshifu|spd|1\n|move|p1a: Dondozo|Earthquake|p2a: Kyogre|[spread] p2a,p2b\n|-miss|p1a: Dondozo|p1b: Tatsugiri\n|-damage|p2a: Kyogre|56/100 tox\n|-damage|p2b: Urshifu|51/100 tox\n|\n|-weather|RainDance|[upkeep]\n|-heal|p1a: Dondozo|44/100|[from] item: Leftovers\n|-damage|p2a: Kyogre|50/100 tox|[from] psn\n|-damage|p2b: Urshifu|39/100 tox|[from] psn\n|upkeep\n|turn|7\n|\n|t:|1775157846\n|move|p2a: Kyogre|Hydro Pump|p1a: Dondozo|[miss]\n|-miss|p2a: Kyogre|p1a: Dondozo\n|move|p2b: Urshifu|Close Combat|p1a: Dondozo\n|-damage|p1a: Dondozo|25/100\n|-unboost|p2b: Urshifu|def|1\n|-unboost|p2b: Urshifu|spd|1\n|move|p1a: Dondozo|Earthquake|p2a: Kyogre|[spread] p2a,p2b\n|-miss|p1a: Dondozo|p1b: Tatsugiri\n|-damage|p2a: Kyogre|2/100 tox\n|-damage|p2b: Urshifu|0 fnt\n|faint|p2b: Urshifu\n|\n|-weather|RainDance|[upkeep]\n|-heal|p1a: Dondozo|31/100|[from] item: Leftovers\n|-damage|p2a: Kyogre|0 fnt|[from] psn\n|faint|p2a: Kyogre\n|\n|win|Lord Bartlett\n|raw|Lord Bartlett's rating: 1508 &rarr; <strong>1533</strong><br />(+25 for winning)\n|raw|ScribbleScribble's rating: 1596 &rarr; <strong>1571</strong><br />(-25 for losing)\n|l|\u2606ScribbleScribble\n|player|p2|\n|c|\u2606Lord Bartlett|gg\n","uploadtime":1775158024,"views":21,"formatid":"gen9vgc2026regi","rating":1533,"private":0,"password":null}