{"id":"gen9vgc2026regi-2540582675","format":"[Gen 9] VGC 2026 Reg I","players":["blackred123","Moosewii7"],"log":"|j|\u2606blackred123\n|j|\u2606Moosewii7\n|t:|1771221713\n|gametype|doubles\n|player|p1|blackred123|iono-masters|1351\n|player|p2|Moosewii7|265|1299\n|gen|9\n|tier|[Gen 9] VGC 2026 Reg I\n|rated|\n|rule|Species Clause: Limit one of each Pok\u00e9mon\n|rule|Item Clause: Limit 1 of each item\n|clearpoke\n|poke|p1|Lunala, L50|\n|poke|p1|Koraidon, L50|\n|poke|p1|Chi-Yu, L50|\n|poke|p1|Flutter Mane, L50|\n|poke|p1|Brute Bonnet, L50|\n|poke|p1|Ursaluna, L50, F|\n|poke|p2|Calyrex-Shadow, L50|\n|poke|p2|Indeedee-F, L50, F|\n|poke|p2|Kyogre, L50|\n|poke|p2|Amoonguss, L50, M|\n|poke|p2|Rillaboom, L50, M|\n|poke|p2|Clefairy, L50, M|\n|teampreview|4\n|inactive|Battle timer is ON: inactive players will automatically lose when time's up. (requested by blackred123)\n|inactive|blackred123 has 60 seconds left.\n|\n|t:|1771221745\n|teamsize|p1|4\n|teamsize|p2|4\n|start\n|switch|p1a: Lunala|Lunala, L50, shiny|100/100\n|switch|p1b: Chi-Yu|Chi-Yu, L50|100/100\n|switch|p2a: Indeedee|Indeedee-F, L50, F|100/100\n|switch|p2b: Kyogre|Kyogre, L50|100/100\n|-ability|p1b: Chi-Yu|Beads of Ruin\n|-weather|RainDance|[from] ability: Drizzle|[of] p2b: Kyogre\n|-fieldstart|move: Psychic Terrain|[from] ability: Psychic Surge|[of] p2a: Indeedee\n|turn|1\n|\n|t:|1771221756\n|switch|p1a: Koraidon|Koraidon, L50|100/100\n|-weather|SunnyDay|[from] ability: Orichalcum Pulse|[of] p1a: Koraidon\n|-activate|p1a: Koraidon|Orichalcum Pulse|[source]\n|move|p2b: Kyogre|Protect|p2b: Kyogre\n|-singleturn|p2b: Kyogre|Protect\n|move|p1b: Chi-Yu|Dark Pulse|p2b: Kyogre\n|-activate|p2b: Kyogre|move: Protect\n|move|p2a: Indeedee|Trick Room|p2a: Indeedee\n|-fieldstart|move: Trick Room|[of] p2a: Indeedee\n|\n|-weather|SunnyDay|[upkeep]\n|upkeep\n|turn|2\n|\n|t:|1771221775\n|switch|p2b: Amoonguss|Amoonguss, L50, M|100/100\n|switch|p1a: Ursaluna|Ursaluna, L50, F, shiny|100/100\n|switch|p1b: Lunala|Lunala, L50, shiny|100/100\n|move|p2a: Indeedee|Psychic|p1a: Ursaluna\n|-damage|p1a: Ursaluna|66/100\n|\n|-weather|SunnyDay|[upkeep]\n|-status|p1a: Ursaluna|brn|[from] item: Flame Orb\n|upkeep\n|turn|3\n|j| Yancy0721\u56fe\u56fe\u72ac\u4fa0\n|inactive|blackred123 has 30 seconds left.\n|\n|t:|1771221808\n|switch|p2a: Kyogre|Kyogre, L50|100/100\n|-weather|RainDance|[from] ability: Drizzle|[of] p2a: Kyogre\n|move|p1a: Ursaluna|Headlong Rush|p2a: Kyogre\n|-damage|p2a: Kyogre|0 fnt\n|-unboost|p1a: Ursaluna|def|1\n|-unboost|p1a: Ursaluna|spd|1\n|faint|p2a: Kyogre\n|move|p2b: Amoonguss|Spore|p1b: Lunala\n|-status|p1b: Lunala|slp|[from] move: Spore\n|cant|p1b: Lunala|slp\n|\n|-weather|RainDance|[upkeep]\n|-damage|p1a: Ursaluna|60/100 brn|[from] brn\n|upkeep\n|\n|t:|1771221826\n|switch|p2a: Calyrex|Calyrex-Shadow, L50|100/100\n|-ability|p2a: Calyrex|As One\n|-ability|p2a: Calyrex|Unnerve\n|turn|4\n|\n|t:|1771221841\n|-terastallize|p1b: Lunala|Water\n|move|p2b: Amoonguss|Rage Powder|p2b: Amoonguss\n|-singleturn|p2b: Amoonguss|move: Rage Powder\n|move|p1a: Ursaluna|Headlong Rush|p2b: Amoonguss\n|-damage|p2b: Amoonguss|20/100\n|-unboost|p1a: Ursaluna|def|1\n|-unboost|p1a: Ursaluna|spd|1\n|-enditem|p2b: Amoonguss|Sitrus Berry|[eat]\n|-heal|p2b: Amoonguss|45/100|[from] item: Sitrus Berry\n|cant|p1b: Lunala|slp\n|move|p2a: Calyrex|Psychic|p1a: Ursaluna\n|-damage|p1a: Ursaluna|0 fnt\n|faint|p1a: Ursaluna\n|-ability|p2a: Calyrex|Grim Neigh|boost\n|-boost|p2a: Calyrex|spa|1\n|\n|-weather|RainDance|[upkeep]\n|upkeep\n|\n|t:|1771221853\n|switch|p1a: Koraidon|Koraidon, L50|100/100\n|-weather|SunnyDay|[from] ability: Orichalcum Pulse|[of] p1a: Koraidon\n|-activate|p1a: Koraidon|Orichalcum Pulse|[source]\n|turn|5\n|\n|t:|1771221870\n|move|p1a: Koraidon|Protect|p1a: Koraidon\n|-singleturn|p1a: Koraidon|Protect\n|move|p2b: Amoonguss|Spore|p1a: Koraidon\n|-activate|p1a: Koraidon|move: Protect\n|cant|p1b: Lunala|slp\n|move|p2a: Calyrex|Nasty Plot|p2a: Calyrex\n|-boost|p2a: Calyrex|spa|2\n|\n|-weather|SunnyDay|[upkeep]\n|-fieldend|move: Trick Room\n|-fieldend|move: Psychic Terrain\n|upkeep\n|turn|6\n|inactive|Moosewii7 has 30 seconds left.\n|\n|t:|1771221903\n|switch|p2b: Indeedee|Indeedee-F, L50, F|100/100\n|-fieldstart|move: Psychic Terrain|[from] ability: Psychic Surge|[of] p2b: Indeedee\n|-terastallize|p2a: Calyrex|Normal\n|-curestatus|p1b: Lunala|slp|[msg]\n|move|p1b: Lunala|Wide Guard|p1b: Lunala\n|-singleturn|p1b: Lunala|Wide Guard\n|move|p2a: Calyrex|Psychic|p1a: Koraidon\n|-supereffective|p1a: Koraidon\n|-damage|p1a: Koraidon|0 fnt\n|faint|p1a: Koraidon\n|-ability|p2a: Calyrex|Grim Neigh|boost\n|-boost|p2a: Calyrex|spa|1\n|\n|-weather|SunnyDay|[upkeep]\n|upkeep\n|\n|t:|1771221906\n|switch|p1a: Chi-Yu|Chi-Yu, L50|100/100\n|-ability|p1a: Chi-Yu|Beads of Ruin\n|turn|7\n|inactive|Moosewii7 has 30 seconds left.\n|inactive|Moosewii7 has 20 seconds left.\n|inactive|Moosewii7 has 15 seconds left.\n|\n|t:|1771221947\n|move|p1b: Lunala|Wide Guard|p1b: Lunala\n|-singleturn|p1b: Lunala|Wide Guard\n|move|p2b: Indeedee|Follow Me|p2b: Indeedee\n|-singleturn|p2b: Indeedee|move: Follow Me\n|move|p1a: Chi-Yu|Heat Wave|p2a: Calyrex|[spread] p2b\n|-miss|p1a: Chi-Yu|p2a: Calyrex\n|-crit|p2b: Indeedee\n|-damage|p2b: Indeedee|0 fnt\n|faint|p2b: Indeedee\n|move|p2a: Calyrex|Psychic|p1b: Lunala\n|-damage|p1b: Lunala|0 fnt\n|faint|p1b: Lunala\n|-ability|p2a: Calyrex|Grim Neigh|boost\n|-boost|p2a: Calyrex|spa|1\n|\n|-weather|SunnyDay|[upkeep]\n|upkeep\n|\n|t:|1771221963\n|switch|p2b: Amoonguss|Amoonguss, L50, M|78/100\n|turn|8\n|\n|t:|1771221973\n|move|p2a: Calyrex|Protect|p2a: Calyrex\n|-singleturn|p2a: Calyrex|Protect\n|move|p1a: Chi-Yu|Heat Wave|p2b: Amoonguss|[spread] p2b\n|-activate|p2a: Calyrex|move: Protect\n|-supereffective|p2b: Amoonguss\n|-damage|p2b: Amoonguss|0 fnt\n|faint|p2b: Amoonguss\n|\n|-weather|SunnyDay|[upkeep]\n|upkeep\n|turn|9\n|\n|t:|1771221987\n|move|p1a: Chi-Yu|Heat Wave|p2a: Calyrex\n|-enditem|p2a: Calyrex|Focus Sash\n|-damage|p2a: Calyrex|1/100\n|move|p2a: Calyrex|Astral Barrage|p1a: Chi-Yu\n|-resisted|p1a: Chi-Yu\n|-damage|p1a: Chi-Yu|0 fnt\n|faint|p1a: Chi-Yu\n|\n|win|Moosewii7\n|raw|blackred123's rating: 1351 &rarr; <strong>1328</strong><br />(-23 for losing)\n|raw|Moosewii7's rating: 1299 &rarr; <strong>1328</strong><br />(+29 for winning)\n|l| Yancy0721\u56fe\u56fe\u72ac\u4fa0\n|l|\u2606Moosewii7\n|player|p2|\n|j| Yancy0721\u56fe\u56fe\u72ac\u4fa0\n|l| Yancy0721\u56fe\u56fe\u72ac\u4fa0\n","uploadtime":1771222285,"views":26,"formatid":"gen9vgc2026regi","rating":1328,"private":0,"password":null}