{"id":"gen9vgc2026regi-2560850928","format":"[Gen 9] VGC 2026 Reg I","players":["cramorantn","swordsdanceurshifu"],"log":"|j|\u2606cramorantn\n|j|\u2606swordsdanceurshifu\n|t:|1773737544\n|gametype|doubles\n|player|p1|cramorantn|1|1257\n|player|p2|swordsdanceurshifu|170|1245\n|gen|9\n|tier|[Gen 9] VGC 2026 Reg I\n|rated|\n|rule|Species Clause: Limit one of each Pok\u00e9mon\n|rule|Item Clause: Limit 1 of each item\n|clearpoke\n|poke|p1|Calyrex-Shadow, L50|\n|poke|p1|Kyogre, L50|\n|poke|p1|Smeargle, L50, F|\n|poke|p1|Indeedee-F, L50, F|\n|poke|p1|Tornadus, L50, M|\n|poke|p1|Urshifu-*, L50, F|\n|poke|p2|Miraidon, L50|\n|poke|p2|Koraidon, L50|\n|poke|p2|Flutter Mane, L50|\n|poke|p2|Landorus, L50, M|\n|poke|p2|Toxapex, L50, M|\n|poke|p2|Incineroar, L50, F|\n|teampreview|4\n|inactive|Battle timer is ON: inactive players will automatically lose when time's up. (requested by swordsdanceurshifu)\n|inactive|cramorantn also wants the timer to be on.\n|inactive|swordsdanceurshifu has 60 seconds left.\n|\n|t:|1773737593\n|teamsize|p1|4\n|teamsize|p2|4\n|start\n|switch|p1a: Kyogre|Kyogre, L50|100/100\n|switch|p1b: Urshifu|Urshifu-Rapid-Strike, L50, F|100/100\n|switch|p2a: Toxapex|Toxapex, L50, M|100/100\n|switch|p2b: Miraidon|Miraidon, L50|100/100\n|-fieldstart|move: Electric Terrain|[from] ability: Hadron Engine|[of] p2b: Miraidon\n|-weather|RainDance|[from] ability: Drizzle|[of] p1a: Kyogre\n|turn|1\n|inactive|cramorantn has 30 seconds left.\n|inactive|swordsdanceurshifu has 30 seconds left.\n|inactive|cramorantn has 20 seconds left.\n|inactive|cramorantn has 15 seconds left.\n|inactive|cramorantn has 10 seconds left.\n|inactive|cramorantn has 5 seconds left.\n|\n|t:|1773737645\n|move|p2b: Miraidon|Volt Switch|p1b: Urshifu\n|-supereffective|p1b: Urshifu\n|-damage|p1b: Urshifu|0 fnt\n|faint|p1b: Urshifu\n|\n|t:|1773737650\n|switch|p2b: Koraidon|Koraidon, L50|100/100|[from] Volt Switch\n|-weather|SunnyDay|[from] ability: Orichalcum Pulse|[of] p2b: Koraidon\n|-activate|p2b: Koraidon|Orichalcum Pulse|[source]\n|-enditem|p2b: Koraidon|Electric Seed\n|-boost|p2b: Koraidon|def|1|[from] item: Electric Seed\n|move|p1a: Kyogre|Thunder|p2a: Toxapex\n|-supereffective|p2a: Toxapex\n|-damage|p2a: Toxapex|28/100\n|move|p2a: Toxapex|Toxic|p1a: Kyogre\n|-status|p1a: Kyogre|tox\n|\n|-weather|SunnyDay|[upkeep]\n|-damage|p1a: Kyogre|95/100 tox|[from] psn\n|upkeep\n|\n|t:|1773737659\n|switch|p1b: Calyrex|Calyrex-Shadow, L50|100/100\n|-ability|p1b: Calyrex|As One\n|-ability|p1b: Calyrex|Unnerve\n|turn|2\n|inactive|swordsdanceurshifu has 30 seconds left.\n|\n|t:|1773737684\n|switch|p1a: Smeargle|Smeargle, L50, F|100/100\n|switch|p2a: Incineroar|Incineroar, L50, F|100/100\n|-ability|p2a: Incineroar|Intimidate|boost\n|-unboost|p1a: Smeargle|atk|1\n|-unboost|p1b: Calyrex|atk|1\n|-terastallize|p2b: Koraidon|Fire\n|move|p1b: Calyrex|Expanding Force|p2b: Koraidon\n|-damage|p2b: Koraidon|40/100\n|move|p2b: Koraidon|Flame Charge|p1b: Calyrex\n|-damage|p1b: Calyrex|38/100\n|-boost|p2b: Koraidon|spe|1\n|\n|-weather|SunnyDay|[upkeep]\n|upkeep\n|turn|3\n|\n|t:|1773737704\n|switch|p1b: Kyogre|Kyogre, L50|95/100 tox\n|-weather|RainDance|[from] ability: Drizzle|[of] p1b: Kyogre\n|move|p2b: Koraidon|Protect|p2b: Koraidon\n|-singleturn|p2b: Koraidon|Protect\n|move|p1a: Smeargle|Follow Me|p1a: Smeargle\n|-singleturn|p1a: Smeargle|move: Follow Me\n|move|p2a: Incineroar|Knock Off|p1a: Smeargle\n|-enditem|p1a: Smeargle|Focus Sash\n|-damage|p1a: Smeargle|1/100\n|\n|-weather|RainDance|[upkeep]\n|-damage|p1b: Kyogre|89/100 tox|[from] psn\n|upkeep\n|turn|4\n|inactive|swordsdanceurshifu has 30 seconds left.\n|\n|t:|1773737735\n|switch|p2a: Toxapex|Toxapex, L50, M|61/100\n|move|p1a: Smeargle|Fake Out||[still]\n|-hint|Fake Out only works on your first turn out.\n|-fail|p1a: Smeargle\n|move|p2b: Koraidon|Body Press|p1b: Kyogre\n|-damage|p1b: Kyogre|36/100 tox\n|move|p1b: Kyogre|Water Spout|p2a: Toxapex|[spread] p2a,p2b\n|-resisted|p2a: Toxapex\n|-supereffective|p2b: Koraidon\n|-damage|p2a: Toxapex|50/100\n|-damage|p2b: Koraidon|0 fnt\n|faint|p2b: Koraidon\n|\n|-weather|RainDance|[upkeep]\n|-damage|p1b: Kyogre|25/100 tox|[from] psn\n|upkeep\n|\n|t:|1773737758\n|switch|p2b: Miraidon|Miraidon, L50|100/100\n|-activate|p2b: Miraidon|ability: Hadron Engine\n|turn|5\n|\n|t:|1773737771\n|switch|p2a: Incineroar|Incineroar, L50, F|100/100\n|-ability|p2a: Incineroar|Intimidate|boost\n|-unboost|p1a: Smeargle|atk|1\n|-unboost|p1b: Kyogre|atk|1\n|move|p1a: Smeargle|Feint|p2b: Miraidon\n|-damage|p2b: Miraidon|96/100\n|move|p2b: Miraidon|Volt Switch|p1b: Kyogre\n|-supereffective|p1b: Kyogre\n|-damage|p1b: Kyogre|0 fnt\n|faint|p1b: Kyogre\n|\n|t:|1773737780\n|switch|p2b: Toxapex|Toxapex, L50, M|83/100|[from] Volt Switch\n|\n|-weather|RainDance|[upkeep]\n|-fieldend|move: Electric Terrain\n|upkeep\n|\n|t:|1773737783\n|switch|p1b: Calyrex|Calyrex-Shadow, L50|38/100\n|-ability|p1b: Calyrex|As One\n|-ability|p1b: Calyrex|Unnerve\n|turn|6\n|\n|t:|1773737802\n|-terastallize|p1b: Calyrex|Ghost\n|move|p2a: Incineroar|Fake Out|p1a: Smeargle\n|-damage|p1a: Smeargle|0 fnt\n|faint|p1a: Smeargle\n|move|p1b: Calyrex|Astral Barrage|p2a: Incineroar|[spread] p2a,p2b\n|-resisted|p2a: Incineroar\n|-damage|p2a: Incineroar|65/100\n|-damage|p2b: Toxapex|7/100\n|move|p2b: Toxapex|Toxic|p1b: Calyrex\n|-status|p1b: Calyrex|tox\n|\n|-weather|RainDance|[upkeep]\n|-damage|p1b: Calyrex|32/100 tox|[from] psn\n|upkeep\n|turn|7\n|-message|cramorantn forfeited.\n|\n|win|swordsdanceurshifu\n|raw|cramorantn's rating: 1257 &rarr; <strong>1231</strong><br />(-26 for losing)\n|raw|swordsdanceurshifu's rating: 1245 &rarr; <strong>1271</strong><br />(+26 for winning)\n|l|\u2606cramorantn\n|player|p1|\n|l|\u2606swordsdanceurshifu\n|player|p2|\n","uploadtime":1773737977,"views":14,"formatid":"gen9vgc2026regi","rating":1231,"private":0,"password":null}