{"id":"gen9vgc2026regi-2547053871","format":"[Gen 9] VGC 2026 Reg I","players":["jepeg","U lost da game"],"log":"|j|\u2606jepeg\n|j|\u2606U lost da game\n|t:|1772042388\n|gametype|doubles\n|player|p1|jepeg|beauty-gen4dp|1312\n|player|p2|U lost da game|169|1214\n|gen|9\n|tier|[Gen 9] VGC 2026 Reg I\n|rated|\n|rule|Species Clause: Limit one of each Pok\u00e9mon\n|rule|Item Clause: Limit 1 of each item\n|clearpoke\n|poke|p1|Calyrex-Shadow, L50|\n|poke|p1|Oranguru, L50, F|\n|poke|p1|Miraidon, L50|\n|poke|p1|Ogerpon-Hearthflame, L50, F|\n|poke|p1|Bruxish, L50, F|\n|poke|p1|Torkoal, L50, F|\n|poke|p2|Miraidon, L50|\n|poke|p2|Ursaluna, L50, M|\n|poke|p2|Ho-Oh, L50|\n|poke|p2|Incineroar, L50, M|\n|poke|p2|Flutter Mane, L50|\n|poke|p2|Cresselia, L50, F|\n|teampreview|4\n|\n|t:|1772042411\n|teamsize|p1|4\n|teamsize|p2|4\n|start\n|switch|p1a: Calyrex|Calyrex-Shadow, L50|100/100\n|switch|p1b: Bruxish|Bruxish, L50, F, shiny|100/100\n|switch|p2a: Incineroar|Incineroar, L50, M|100/100\n|switch|p2b: Cresselia|Cresselia, L50, F|100/100\n|-ability|p1a: Calyrex|As One\n|-ability|p1a: Calyrex|Unnerve\n|-ability|p2a: Incineroar|Intimidate|boost\n|-unboost|p1a: Calyrex|atk|1\n|-unboost|p1b: Bruxish|atk|1\n|turn|1\n|\n|t:|1772042423\n|-terastallize|p1a: Calyrex|Fire\n|-terastallize|p2b: Cresselia|Water\n|move|p1b: Bruxish|Flip Turn|p1a: Calyrex\n|-supereffective|p1a: Calyrex\n|-damage|p1a: Calyrex|72/100\n|-enditem|p1a: Calyrex|Weakness Policy\n|-boost|p1a: Calyrex|atk|2|[from] item: Weakness Policy\n|-boost|p1a: Calyrex|spa|2|[from] item: Weakness Policy\n|\n|t:|1772042432\n|switch|p1b: Oranguru|Oranguru, L50, F, shiny|100/100|[from] Flip Turn\n|move|p1a: Calyrex|Astral Barrage|p2b: Cresselia|[spread] p2a,p2b\n|-resisted|p2a: Incineroar\n|-damage|p2a: Incineroar|70/100\n|-damage|p2b: Cresselia|41/100\n|move|p2a: Incineroar|Knock Off|p1a: Calyrex\n|-damage|p1a: Calyrex|34/100\n|move|p2b: Cresselia|Trick Room|p2b: Cresselia\n|-fieldstart|move: Trick Room|[of] p2b: Cresselia\n|\n|upkeep\n|turn|2\n|\n|t:|1772042456\n|move|p2b: Cresselia|Helping Hand|p2a: Incineroar\n|-singleturn|p2a: Incineroar|Helping Hand|[of] p2b: Cresselia\n|move|p1b: Oranguru|Instruct|p1a: Calyrex\n|-singleturn|p1a: Calyrex|move: Instruct|[of] p1b: Oranguru\n|move|p1a: Calyrex|Astral Barrage|p2a: Incineroar|[spread] p2a,p2b\n|-resisted|p2a: Incineroar\n|-damage|p2a: Incineroar|35/100\n|-damage|p2b: Cresselia|0 fnt\n|faint|p2b: Cresselia\n|-ability|p1a: Calyrex|Grim Neigh|boost\n|-boost|p1a: Calyrex|spa|1\n|move|p2a: Incineroar|Knock Off|p1b: Oranguru\n|-supereffective|p1b: Oranguru\n|-damage|p1b: Oranguru|0 fnt\n|-enditem|p1b: Oranguru|Mental Herb|[from] move: Knock Off|[of] p2a: Incineroar\n|faint|p1b: Oranguru\n|move|p1a: Calyrex|Astral Barrage|p2a: Incineroar\n|-resisted|p2a: Incineroar\n|-damage|p2a: Incineroar|0 fnt\n|faint|p2a: Incineroar\n|-ability|p1a: Calyrex|Grim Neigh|boost\n|-boost|p1a: Calyrex|spa|1\n|\n|upkeep\n|\n|t:|1772042480\n|switch|p1b: Torkoal|Torkoal, L50, F|100/100\n|switch|p2a: Ursaluna|Ursaluna, L50, M|100/100\n|switch|p2b: Ho-Oh|Ho-Oh, L50|100/100\n|-weather|SunnyDay|[from] ability: Drought|[of] p1b: Torkoal\n|turn|3\n|\n|t:|1772042489\n|move|p2a: Ursaluna|Protect|p2a: Ursaluna\n|-singleturn|p2a: Ursaluna|Protect\n|move|p1a: Calyrex|Protect|p1a: Calyrex\n|-singleturn|p1a: Calyrex|Protect\n|move|p1b: Torkoal|Eruption|p2b: Ho-Oh|[spread] p2b\n|-activate|p2a: Ursaluna|move: Protect\n|-resisted|p2b: Ho-Oh\n|-crit|p2b: Ho-Oh\n|-damage|p2b: Ho-Oh|50/100\n|move|p2b: Ho-Oh|Brave Bird|p1b: Torkoal\n|-damage|p1b: Torkoal|51/100\n|-damage|p2b: Ho-Oh|37/100|[from] Recoil\n|\n|-weather|SunnyDay|[upkeep]\n|-status|p2a: Ursaluna|brn|[from] item: Flame Orb\n|upkeep\n|turn|4\n|\n|t:|1772042515\n|switch|p1b: Bruxish|Bruxish, L50, F, shiny|100/100\n|move|p2b: Ho-Oh|Protect|p2b: Ho-Oh\n|-singleturn|p2b: Ho-Oh|Protect\n|move|p1a: Calyrex|Protect||[still]\n|-fail|p1a: Calyrex\n|move|p2a: Ursaluna|Earthquake|p1b: Bruxish|[spread] p1a,p1b\n|-activate|p2b: Ho-Oh|move: Protect\n|-supereffective|p1a: Calyrex\n|-damage|p1a: Calyrex|0 fnt\n|-damage|p1b: Bruxish|19/100\n|faint|p1a: Calyrex\n|\n|-weather|SunnyDay|[upkeep]\n|-damage|p2a: Ursaluna|95/100 brn|[from] brn\n|upkeep\n|\n|t:|1772042526\n|switch|p1a: Torkoal|Torkoal, L50, F|51/100\n|turn|5\n|\n|t:|1772042542\n|move|p2a: Ursaluna|Protect|p2a: Ursaluna\n|-singleturn|p2a: Ursaluna|Protect\n|move|p1a: Torkoal|Weather Ball|p2a: Ursaluna\n|-activate|p2a: Ursaluna|move: Protect\n|move|p2b: Ho-Oh|Tailwind|p2b: Ho-Oh\n|-sidestart|p2: U lost da game|move: Tailwind\n|move|p1b: Bruxish|Flip Turn|p2b: Ho-Oh\n|-supereffective|p2b: Ho-Oh\n|-damage|p2b: Ho-Oh|23/100\n|\n|-weather|SunnyDay|[upkeep]\n|-damage|p2a: Ursaluna|89/100 brn|[from] brn\n|-fieldend|move: Trick Room\n|upkeep\n|turn|6\n|\n|t:|1772042555\n|move|p1b: Bruxish|Flip Turn|p2a: Ursaluna\n|-supereffective|p2a: Ursaluna\n|-damage|p2a: Ursaluna|78/100 brn\n|move|p2b: Ho-Oh|Brave Bird|p1b: Bruxish\n|-damage|p1b: Bruxish|0 fnt\n|faint|p1b: Bruxish\n|-damage|p2b: Ho-Oh|17/100|[from] Recoil\n|move|p2a: Ursaluna|Earthquake|p1a: Torkoal|[spread] p1a\n|-immune|p2b: Ho-Oh\n|-supereffective|p1a: Torkoal\n|-damage|p1a: Torkoal|0 fnt\n|faint|p1a: Torkoal\n|\n|win|U lost da game\n|raw|jepeg's rating: 1312 &rarr; <strong>1287</strong><br />(-25 for losing)\n|raw|U lost da game's rating: 1214 &rarr; <strong>1246</strong><br />(+32 for winning)\n|l|\u2606jepeg\n|player|p1|\n","uploadtime":1772042562,"views":12,"formatid":"gen9vgc2026regi","rating":1246,"private":0,"password":null}