{"id":"gen9vgc2026regi-2568991153","format":"[Gen 9] VGC 2026 Reg I","players":["pigs2fly","soahmed"],"log":"|j|\u2606pigs2fly\n|j|\u2606soahmed\n|t:|1774639071\n|gametype|doubles\n|player|p1|pigs2fly|dexio|1586\n|player|p2|soahmed|backersf|1605\n|gen|9\n|tier|[Gen 9] VGC 2026 Reg I\n|rated|\n|rule|Species Clause: Limit one of each Pok\u00e9mon\n|rule|Item Clause: Limit 1 of each item\n|clearpoke\n|poke|p1|Annihilape, L50, M|\n|poke|p1|Tornadus, L50, M|\n|poke|p1|Dondozo, L50, M|\n|poke|p1|Tatsugiri, L50, M|\n|poke|p1|Zacian-*, L50|\n|poke|p1|Kyogre, L50|\n|poke|p2|Calyrex-Shadow, L50|\n|poke|p2|Zamazenta-*, L50|\n|poke|p2|Chien-Pao, L50|\n|poke|p2|Dragonite, L50, M|\n|poke|p2|Amoonguss, L50, M|\n|poke|p2|Ogerpon-Cornerstone, L50, F|\n|teampreview|4\n|\n|t:|1774639126\n|teamsize|p1|4\n|teamsize|p2|4\n|start\n|switch|p1a: Dondozo|Dondozo, L50, M|100/100\n|switch|p1b: Annihilape|Annihilape, L50, M|100/100\n|switch|p2a: Calyrex|Calyrex-Shadow, L50|100/100\n|switch|p2b: Amoonguss|Amoonguss, L50, M|100/100\n|-ability|p2a: Calyrex|As One\n|-ability|p2a: Calyrex|Unnerve\n|turn|1\n|inactive|Battle timer is ON: inactive players will automatically lose when time's up. (requested by soahmed)\n|\n|t:|1774639135\n|switch|p1b: Tatsugiri|Tatsugiri, L50, M|100/100\n|-activate|p1b: Tatsugiri|ability: Commander|[of] p1a: Dondozo\n|-boost|p1a: Dondozo|atk|2\n|-boost|p1a: Dondozo|spa|2\n|-boost|p1a: Dondozo|spe|2\n|-boost|p1a: Dondozo|def|2\n|-boost|p1a: Dondozo|spd|2\n|-terastallize|p1a: Dondozo|Grass\n|move|p2a: Calyrex|Protect|p2a: Calyrex\n|-singleturn|p2a: Calyrex|Protect\n|move|p1a: Dondozo|Earthquake|p2a: Calyrex|[spread] p2b\n|-miss|p1a: Dondozo|p1b: Tatsugiri\n|-activate|p2a: Calyrex|move: Protect\n|-crit|p2b: Amoonguss\n|-damage|p2b: Amoonguss|54/100\n|move|p2b: Amoonguss|Spore|p1a: Dondozo\n|-immune|p1a: Dondozo\n|\n|upkeep\n|turn|2\n|inactive|soahmed has 30 seconds left.\n|inactive|soahmed has 20 seconds left.\n|inactive|soahmed has 15 seconds left.\n|\n|t:|1774639177\n|move|p2a: Calyrex|Encore|p1a: Dondozo\n|-start|p1a: Dondozo|Encore\n|move|p1a: Dondozo|Earthquake|p2a: Calyrex|[spread] p2a,p2b\n|-miss|p1a: Dondozo|p1b: Tatsugiri\n|-damage|p2a: Calyrex|49/100\n|-damage|p2b: Amoonguss|19/100\n|move|p2b: Amoonguss|Sludge Bomb|p1a: Dondozo\n|-supereffective|p1a: Dondozo\n|-damage|p1a: Dondozo|80/100\n|\n|-heal|p1a: Dondozo|86/100|[from] item: Leftovers\n|upkeep\n|turn|3\n|\n|t:|1774639187\n|switch|p2b: Dragonite|Dragonite, L50, M|100/100\n|move|p2a: Calyrex|Protect|p2a: Calyrex\n|-singleturn|p2a: Calyrex|Protect\n|move|p1a: Dondozo|Earthquake|p2b: Dragonite|[spread] \n|-miss|p1a: Dondozo|p1b: Tatsugiri\n|-activate|p2a: Calyrex|move: Protect\n|-immune|p2b: Dragonite\n|\n|-heal|p1a: Dondozo|92/100|[from] item: Leftovers\n|upkeep\n|turn|4\n|inactive|soahmed has 30 seconds left.\n|inactive|soahmed has 20 seconds left.\n|inactive|soahmed has 15 seconds left.\n|\n|t:|1774639231\n|switch|p2b: Zamazenta|Zamazenta-Crowned, L50|100/100\n|-ability|p2b: Zamazenta|Dauntless Shield|boost\n|-boost|p2b: Zamazenta|def|1\n|move|p2a: Calyrex|Protect|p2a: Calyrex\n|-singleturn|p2a: Calyrex|Protect\n|move|p1a: Dondozo|Earthquake|p2a: Calyrex|[spread] p2b\n|-miss|p1a: Dondozo|p1b: Tatsugiri\n|-activate|p2a: Calyrex|move: Protect\n|-supereffective|p2b: Zamazenta\n|-damage|p2b: Zamazenta|53/100\n|\n|-heal|p1a: Dondozo|98/100|[from] item: Leftovers\n|-end|p1a: Dondozo|Encore\n|upkeep\n|turn|5\n|\n|t:|1774639243\n|move|p2b: Zamazenta|Wide Guard|p2b: Zamazenta\n|-singleturn|p2b: Zamazenta|Wide Guard\n|move|p2a: Calyrex|Encore|p1a: Dondozo\n|-start|p1a: Dondozo|Encore\n|move|p1a: Dondozo|Earthquake|p2a: Calyrex|[spread] \n|-miss|p1a: Dondozo|p1b: Tatsugiri\n|-activate|p2a: Calyrex|move: Wide Guard\n|-activate|p2b: Zamazenta|move: Wide Guard\n|\n|-heal|p1a: Dondozo|100/100|[from] item: Leftovers\n|upkeep\n|turn|6\n|\n|t:|1774639260\n|move|p2b: Zamazenta|Wide Guard|p2b: Zamazenta\n|-singleturn|p2b: Zamazenta|Wide Guard\n|move|p2a: Calyrex|Psychic|p1a: Dondozo\n|-damage|p1a: Dondozo|78/100\n|move|p1a: Dondozo|Earthquake|p2b: Zamazenta|[spread] \n|-miss|p1a: Dondozo|p1b: Tatsugiri\n|-activate|p2a: Calyrex|move: Wide Guard\n|-activate|p2b: Zamazenta|move: Wide Guard\n|\n|-heal|p1a: Dondozo|84/100|[from] item: Leftovers\n|upkeep\n|turn|7\n|\n|t:|1774639267\n|move|p2b: Zamazenta|Wide Guard|p2b: Zamazenta\n|-singleturn|p2b: Zamazenta|Wide Guard\n|move|p2a: Calyrex|Psychic|p1a: Dondozo\n|-damage|p1a: Dondozo|61/100\n|move|p1a: Dondozo|Earthquake|p2a: Calyrex|[spread] \n|-miss|p1a: Dondozo|p1b: Tatsugiri\n|-activate|p2a: Calyrex|move: Wide Guard\n|-activate|p2b: Zamazenta|move: Wide Guard\n|\n|-heal|p1a: Dondozo|67/100|[from] item: Leftovers\n|-end|p1a: Dondozo|Encore\n|upkeep\n|turn|8\n|\n|t:|1774639270\n|move|p2b: Zamazenta|Wide Guard|p2b: Zamazenta\n|-singleturn|p2b: Zamazenta|Wide Guard\n|move|p2a: Calyrex|Encore|p1a: Dondozo\n|-start|p1a: Dondozo|Encore\n|move|p1a: Dondozo|Earthquake|p2b: Zamazenta|[spread] \n|-miss|p1a: Dondozo|p1b: Tatsugiri\n|-activate|p2a: Calyrex|move: Wide Guard\n|-activate|p2b: Zamazenta|move: Wide Guard\n|\n|-heal|p1a: Dondozo|73/100|[from] item: Leftovers\n|upkeep\n|turn|9\n|\n|t:|1774639274\n|move|p2b: Zamazenta|Wide Guard|p2b: Zamazenta\n|-singleturn|p2b: Zamazenta|Wide Guard\n|move|p2a: Calyrex|Psychic|p1a: Dondozo\n|-damage|p1a: Dondozo|50/100\n|move|p1a: Dondozo|Earthquake|p2a: Calyrex|[spread] \n|-miss|p1a: Dondozo|p1b: Tatsugiri\n|-activate|p2a: Calyrex|move: Wide Guard\n|-activate|p2b: Zamazenta|move: Wide Guard\n|\n|-heal|p1a: Dondozo|57/100|[from] item: Leftovers\n|upkeep\n|turn|10\n|\n|t:|1774639277\n|move|p2b: Zamazenta|Wide Guard|p2b: Zamazenta\n|-singleturn|p2b: Zamazenta|Wide Guard\n|move|p2a: Calyrex|Psychic|p1a: Dondozo\n|-damage|p1a: Dondozo|33/100\n|move|p1a: Dondozo|Earthquake|p2a: Calyrex|[spread] \n|-miss|p1a: Dondozo|p1b: Tatsugiri\n|-activate|p2a: Calyrex|move: Wide Guard\n|-activate|p2b: Zamazenta|move: Wide Guard\n|\n|-heal|p1a: Dondozo|39/100|[from] item: Leftovers\n|-end|p1a: Dondozo|Encore\n|upkeep\n|turn|11\n|\n|t:|1774639283\n|move|p2b: Zamazenta|Wide Guard|p2b: Zamazenta\n|-singleturn|p2b: Zamazenta|Wide Guard\n|move|p2a: Calyrex|Encore|p1a: Dondozo\n|-start|p1a: Dondozo|Encore\n|move|p1a: Dondozo|Earthquake|p2a: Calyrex|[spread] \n|-miss|p1a: Dondozo|p1b: Tatsugiri\n|-activate|p2a: Calyrex|move: Wide Guard\n|-activate|p2b: Zamazenta|move: Wide Guard\n|\n|-heal|p1a: Dondozo|45/100|[from] item: Leftovers\n|upkeep\n|turn|12\n|\n|t:|1774639290\n|move|p2b: Zamazenta|Wide Guard|p2b: Zamazenta\n|-singleturn|p2b: Zamazenta|Wide Guard\n|move|p2a: Calyrex|Psychic|p1a: Dondozo\n|-damage|p1a: Dondozo|21/100\n|move|p1a: Dondozo|Earthquake|p2a: Calyrex|[spread] \n|-miss|p1a: Dondozo|p1b: Tatsugiri\n|-activate|p2a: Calyrex|move: Wide Guard\n|-activate|p2b: Zamazenta|move: Wide Guard\n|\n|-heal|p1a: Dondozo|28/100|[from] item: Leftovers\n|upkeep\n|turn|13\n|\n|t:|1774639301\n|move|p2b: Zamazenta|Wide Guard|p2b: Zamazenta\n|-singleturn|p2b: Zamazenta|Wide Guard\n|move|p2a: Calyrex|Psychic|p1a: Dondozo\n|-damage|p1a: Dondozo|6/100\n|move|p1a: Dondozo|Earthquake|p2b: Zamazenta|[spread] \n|-miss|p1a: Dondozo|p1b: Tatsugiri\n|-activate|p2a: Calyrex|move: Wide Guard\n|-activate|p2b: Zamazenta|move: Wide Guard\n|\n|-heal|p1a: Dondozo|13/100|[from] item: Leftovers\n|-end|p1a: Dondozo|Encore\n|upkeep\n|turn|14\n|\n|t:|1774639311\n|move|p2a: Calyrex|Psychic|p1a: Dondozo\n|-damage|p1a: Dondozo|0 fnt\n|faint|p1a: Dondozo\n|-ability|p2a: Calyrex|Grim Neigh|boost\n|-boost|p2a: Calyrex|spa|1\n|move|p2b: Zamazenta|Body Press|p1b: Tatsugiri\n|-enditem|p1b: Tatsugiri|Focus Sash\n|-damage|p1b: Tatsugiri|1/100\n|\n|upkeep\n|\n|t:|1774639314\n|switch|p1a: Annihilape|Annihilape, L50, M|100/100\n|turn|15\n|\n|t:|1774639320\n|switch|p2b: Amoonguss|Amoonguss, L50, M|53/100\n|move|p2a: Calyrex|Protect|p2a: Calyrex\n|-singleturn|p2a: Calyrex|Protect\n|move|p1a: Annihilape|Shadow Claw|p2a: Calyrex\n|-activate|p2a: Calyrex|move: Protect\n|move|p1b: Tatsugiri|Muddy Water|p2a: Calyrex|[spread] p2b\n|-activate|p2a: Calyrex|move: Protect\n|-resisted|p2b: Amoonguss\n|-damage|p2b: Amoonguss|37/100\n|-unboost|p2b: Amoonguss|accuracy|1\n|\n|upkeep\n|turn|16\n|\n|t:|1774639332\n|move|p2b: Amoonguss|Rage Powder|p2b: Amoonguss\n|-singleturn|p2b: Amoonguss|move: Rage Powder\n|move|p1a: Annihilape|Shadow Claw|p2b: Amoonguss\n|-damage|p2b: Amoonguss|16/100\n|-damage|p1a: Annihilape|84/100|[from] item: Rocky Helmet|[of] p2b: Amoonguss\n|move|p2a: Calyrex|Astral Barrage|p1a: Annihilape|[spread] p1a,p1b\n|-supereffective|p1a: Annihilape\n|-damage|p1a: Annihilape|0 fnt\n|-damage|p1b: Tatsugiri|0 fnt\n|faint|p1a: Annihilape\n|faint|p1b: Tatsugiri\n|-ability|p2a: Calyrex|Grim Neigh|boost\n|-boost|p2a: Calyrex|spa|2\n|\n|upkeep\n|\n|t:|1774639335\n|switch|p1b: Zacian|Zacian-Crowned, L50, shiny|100/100\n|-ability|p1b: Zacian|Intrepid Sword|boost\n|-boost|p1b: Zacian|atk|1\n|turn|17\n|-message|pigs2fly forfeited.\n|\n|win|soahmed\n|raw|pigs2fly's rating: 1586 &rarr; <strong>1567</strong><br />(-19 for losing)\n|raw|soahmed's rating: 1605 &rarr; <strong>1624</strong><br />(+19 for winning)\n|j| sauxce\n|l|\u2606pigs2fly\n|player|p1|\n|l| sauxce\n|l|\u2606soahmed\n|player|p2|\n","uploadtime":1774639591,"views":21,"formatid":"gen9vgc2026regi","rating":1567,"private":0,"password":null}