{"id":"gen9vgc2026regi-2556531823","format":"[Gen 9] VGC 2026 Reg I","players":["RandomcatFFR","saya315"],"log":"|j|\u2606RandomcatFFR\n|j|\u2606saya315\n|t:|1773221881\n|gametype|doubles\n|player|p1|RandomcatFFR|bugcatcher-gen4dp|1372\n|player|p2|saya315|101|1457\n|gen|9\n|tier|[Gen 9] VGC 2026 Reg I\n|rated|\n|rule|Species Clause: Limit one of each Pok\u00e9mon\n|rule|Item Clause: Limit 1 of each item\n|clearpoke\n|poke|p1|Lunala, L50|\n|poke|p1|Brute Bonnet, L50|\n|poke|p1|Ursaluna, L50, F|\n|poke|p1|Flutter Mane, L50|\n|poke|p1|Koraidon, L50|\n|poke|p1|Incineroar, L50, M|\n|poke|p2|Calyrex-Shadow, L50|\n|poke|p2|Zamazenta-*, L50|\n|poke|p2|Tornadus, L50, M|\n|poke|p2|Raging Bolt, L50|\n|poke|p2|Ogerpon-Hearthflame, L50, F|\n|poke|p2|Rillaboom, L50, F|\n|teampreview|4\n|\n|t:|1773221918\n|teamsize|p1|4\n|teamsize|p2|4\n|start\n|switch|p1a: Lunala|Lunala, L50|100/100\n|switch|p1b: Incineroar|Incineroar, L50, M|100/100\n|switch|p2a: Calyrex|Calyrex-Shadow, L50|100/100\n|switch|p2b: Tornadus|Tornadus, L50, M|100/100\n|-ability|p2a: Calyrex|As One\n|-ability|p2a: Calyrex|Unnerve\n|-ability|p1b: Incineroar|Intimidate|boost\n|-unboost|p2a: Calyrex|atk|1\n|-unboost|p2b: Tornadus|atk|1\n|turn|1\n|\n|t:|1773221952\n|switch|p2a: Zamazenta|Zamazenta-Crowned, L50|100/100\n|-ability|p2a: Zamazenta|Dauntless Shield|boost\n|-boost|p2a: Zamazenta|def|1\n|-terastallize|p1a: Lunala|Water\n|move|p2b: Tornadus|Taunt|p1a: Lunala\n|-start|p1a: Lunala|move: Taunt\n|move|p1a: Lunala|Meteor Beam||[still]\n|-prepare|p1a: Lunala|Meteor Beam\n|-boost|p1a: Lunala|spa|1\n|-enditem|p1a: Lunala|Power Herb\n|-anim|p1a: Lunala|Meteor Beam|p2b: Tornadus\n|-supereffective|p2b: Tornadus\n|-damage|p2b: Tornadus|0 fnt\n|faint|p2b: Tornadus\n|move|p1b: Incineroar|U-turn|p2a: Zamazenta\n|-resisted|p2a: Zamazenta\n|-damage|p2a: Zamazenta|99/100\n|\n|t:|1773221981\n|switch|p1b: Ursaluna|Ursaluna, L50, F|100/100|[from] U-turn\n|\n|-status|p1b: Ursaluna|brn|[from] item: Flame Orb\n|upkeep\n|\n|t:|1773221985\n|switch|p2b: Calyrex|Calyrex-Shadow, L50|100/100\n|-ability|p2b: Calyrex|As One\n|-ability|p2b: Calyrex|Unnerve\n|turn|2\n|\n|t:|1773222021\n|-terastallize|p2b: Calyrex|Ghost\n|move|p2b: Calyrex|Astral Barrage|p1a: Lunala|[spread] p1a\n|-immune|p1b: Ursaluna\n|-damage|p1a: Lunala|69/100\n|move|p2a: Zamazenta|Body Press|p1b: Ursaluna\n|-supereffective|p1b: Ursaluna\n|-damage|p1b: Ursaluna|5/100 brn\n|move|p1a: Lunala|Moongeist Beam|p2b: Calyrex\n|-supereffective|p2b: Calyrex\n|-enditem|p2b: Calyrex|Focus Sash\n|-damage|p2b: Calyrex|1/100\n|move|p1b: Ursaluna|Headlong Rush|p2a: Zamazenta\n|-supereffective|p2a: Zamazenta\n|-damage|p2a: Zamazenta|21/100\n|-unboost|p1b: Ursaluna|def|1\n|-unboost|p1b: Ursaluna|spd|1\n|\n|-damage|p1b: Ursaluna|0 fnt|[from] brn\n|faint|p1b: Ursaluna\n|upkeep\n|\n|t:|1773222033\n|switch|p1b: Brute Bonnet|Brute Bonnet, L50|100/100\n|turn|3\n|\n|t:|1773222049\n|switch|p2b: Rillaboom|Rillaboom, L50, F|100/100\n|-fieldstart|move: Grassy Terrain|[from] ability: Grassy Surge|[of] p2b: Rillaboom\n|move|p1b: Brute Bonnet|Sucker Punch||[still]\n|-fail|p1b: Brute Bonnet\n|move|p2a: Zamazenta|Body Press|p1b: Brute Bonnet\n|-supereffective|p1b: Brute Bonnet\n|-damage|p1b: Brute Bonnet|0 fnt\n|faint|p1b: Brute Bonnet\n|-end|p1b: Brute Bonnet|Protosynthesis|[silent]\n|move|p1a: Lunala|Moongeist Beam|p2a: Zamazenta\n|-damage|p2a: Zamazenta|0 fnt\n|faint|p2a: Zamazenta\n|\n|-heal|p1a: Lunala|75/100|[from] Grassy Terrain\n|-end|p1a: Lunala|move: Taunt\n|upkeep\n|\n|t:|1773222065\n|switch|p2a: Calyrex|Calyrex-Shadow, L50, tera:Ghost|1/100\n|switch|p1b: Incineroar|Incineroar, L50, M|100/100\n|-ability|p2a: Calyrex|As One\n|-ability|p2a: Calyrex|Unnerve\n|-ability|p1b: Incineroar|Intimidate|boost\n|-unboost|p2a: Calyrex|atk|1\n|-unboost|p2b: Rillaboom|atk|1\n|turn|4\n|\n|t:|1773222085\n|move|p2b: Rillaboom|Fake Out|p1b: Incineroar\n|-damage|p1b: Incineroar|92/100\n|cant|p1b: Incineroar|flinch\n|move|p2a: Calyrex|Astral Barrage|p1a: Lunala|[spread] p1a,p1b\n|-resisted|p1b: Incineroar\n|-damage|p1a: Lunala|11/100\n|-damage|p1b: Incineroar|75/100\n|move|p1a: Lunala|Trick Room|p1a: Lunala\n|-fieldstart|move: Trick Room|[of] p1a: Lunala\n|\n|-heal|p1b: Incineroar|81/100|[from] Grassy Terrain\n|-heal|p1a: Lunala|17/100|[from] Grassy Terrain\n|-heal|p2a: Calyrex|7/100|[from] Grassy Terrain\n|upkeep\n|turn|5\n|\n|t:|1773222104\n|move|p2a: Calyrex|Protect|p2a: Calyrex\n|-singleturn|p2a: Calyrex|Protect\n|move|p2b: Rillaboom|Grassy Glide|p1a: Lunala\n|-supereffective|p1a: Lunala\n|-damage|p1a: Lunala|0 fnt\n|faint|p1a: Lunala\n|move|p1b: Incineroar|Flare Blitz|p2b: Rillaboom\n|-supereffective|p2b: Rillaboom\n|-damage|p2b: Rillaboom|21/100\n|-damage|p1b: Incineroar|54/100|[from] Recoil\n|\n|-heal|p1b: Incineroar|60/100|[from] Grassy Terrain\n|-heal|p2b: Rillaboom|27/100|[from] Grassy Terrain\n|-heal|p2a: Calyrex|14/100|[from] Grassy Terrain\n|upkeep\n|turn|6\n|\n|t:|1773222127\n|move|p2a: Calyrex|Protect||[still]\n|-fail|p2a: Calyrex\n|move|p1b: Incineroar|Knock Off|p2a: Calyrex\n|-supereffective|p2a: Calyrex\n|-damage|p2a: Calyrex|0 fnt\n|faint|p2a: Calyrex\n|move|p2b: Rillaboom|Wood Hammer|p1b: Incineroar\n|-resisted|p1b: Incineroar\n|-damage|p1b: Incineroar|38/100\n|-damage|p2b: Rillaboom|20/100|[from] Recoil\n|\n|-heal|p1b: Incineroar|44/100|[from] Grassy Terrain\n|-heal|p2b: Rillaboom|26/100|[from] Grassy Terrain\n|upkeep\n|turn|7\n|\n|t:|1773222135\n|move|p1b: Incineroar|Flare Blitz|p2b: Rillaboom\n|-supereffective|p2b: Rillaboom\n|-damage|p2b: Rillaboom|0 fnt\n|faint|p2b: Rillaboom\n|-damage|p1b: Incineroar|36/100|[from] Recoil\n|\n|win|RandomcatFFR\n|raw|RandomcatFFR's rating: 1372 &rarr; <strong>1397</strong><br />(+25 for winning)\n|raw|saya315's rating: 1457 &rarr; <strong>1432</strong><br />(-25 for losing)\n|c|\u2606RandomcatFFR|gg\n|l|\u2606saya315\n|player|p2|\n|l|\u2606RandomcatFFR\n|player|p1|\n","uploadtime":1773222307,"views":10,"formatid":"gen9vgc2026regi","rating":1397,"private":0,"password":null}