{"id":"gen9vgc2026regi-2588160677","format":"[Gen 9] VGC 2026 Reg I","players":["srpada","randy.zhang2023"],"log":"|j|\u2606srpada\n|j|\u2606randy.zhang2023\n|t:|1776610296\n|gametype|doubles\n|player|p1|srpada|169|1457\n|player|p2|randy.zhang2023|102|1503\n|gen|9\n|tier|[Gen 9] VGC 2026 Reg I\n|rated|\n|rule|Species Clause: Limit one of each Pok\u00e9mon\n|rule|Item Clause: Limit 1 of each item\n|clearpoke\n|poke|p1|Terapagos, L50, M|\n|poke|p1|Calyrex-Shadow, L50|\n|poke|p1|Iron Hands, L50|\n|poke|p1|Chi-Yu, L50|\n|poke|p1|Whimsicott, L50, F|\n|poke|p1|Sneasler, L50, M|\n|poke|p2|Koraidon, L50|\n|poke|p2|Flutter Mane, L50|\n|poke|p2|Ogerpon-Cornerstone, L50, F|\n|poke|p2|Whimsicott, L50, M|\n|poke|p2|Calyrex-Shadow, L50|\n|poke|p2|Chi-Yu, L50|\n|teampreview|4\n|\n|t:|1776610327\n|teamsize|p1|4\n|teamsize|p2|4\n|start\n|switch|p1a: Whimsicott|Whimsicott, L50, F, shiny|100/100\n|switch|p1b: Terapagos|Terapagos, L50, M|100/100\n|switch|p2a: Whimsicott|Whimsicott, L50, M|100/100\n|switch|p2b: Calyrex|Calyrex-Shadow, L50|100/100\n|-activate|p1b: Terapagos|ability: Tera Shift\n|detailschange|p1b: Terapagos|Terapagos-Terastal, L50, M\n|-heal|p1b: Terapagos|100/100|[silent]\n|-ability|p2b: Calyrex|As One\n|-ability|p2b: Calyrex|Unnerve\n|turn|1\n|inactive|Battle timer is ON: inactive players will automatically lose when time's up. (requested by randy.zhang2023)\n|inactive|randy.zhang2023 has 60 seconds left.\n|inactive|randy.zhang2023 has 30 seconds left.\n|\n|t:|1776610396\n|-terastallize|p2b: Calyrex|Fighting\n|move|p1a: Whimsicott|Tailwind|p1a: Whimsicott\n|-sidestart|p1: srpada|move: Tailwind\n|move|p1b: Terapagos|Calm Mind|p1b: Terapagos\n|-boost|p1b: Terapagos|spa|1\n|-boost|p1b: Terapagos|spd|1\n|move|p2b: Calyrex|Tera Blast|p1b: Terapagos|[anim] Tera Blast Fighting\n|-activate|p1b: Terapagos|ability: Tera Shell\n|-resisted|p1b: Terapagos\n|-damage|p1b: Terapagos|84/100\n|move|p2a: Whimsicott|Moonblast|p1b: Terapagos\n|-damage|p1b: Terapagos|66/100\n|-unboost|p1b: Terapagos|spa|1\n|\n|-heal|p1b: Terapagos|72/100|[from] item: Leftovers\n|upkeep\n|turn|2\n|inactive|srpada has 30 seconds left.\n|\n|t:|1776610430\n|switch|p1b: Calyrex|Calyrex-Shadow, L50|100/100\n|-ability|p1b: Calyrex|As One\n|-ability|p1b: Calyrex|Unnerve\n|move|p1a: Whimsicott|Encore|p2b: Calyrex\n|-start|p2b: Calyrex|Encore\n|move|p2a: Whimsicott|Tailwind|p2a: Whimsicott\n|-sidestart|p2: randy.zhang2023|move: Tailwind\n|move|p2b: Calyrex|Tera Blast|p1b: Calyrex|[anim] Tera Blast Fighting\n|-immune|p1b: Calyrex\n|\n|upkeep\n|turn|3\n|\n|t:|1776610451\n|switch|p2b: Chi-Yu|Chi-Yu, L50|100/100\n|-ability|p2b: Chi-Yu|Beads of Ruin\n|move|p2a: Whimsicott|Taunt|p1a: Whimsicott\n|-start|p1a: Whimsicott|move: Taunt\n|move|p1b: Calyrex|Imprison|p1b: Calyrex\n|-start|p1b: Calyrex|move: Imprison\n|move|p1a: Whimsicott|Moonblast|p2b: Chi-Yu\n|-damage|p2b: Chi-Yu|70/100\n|\n|upkeep\n|turn|4\n|\n|t:|1776610471\n|move|p2b: Chi-Yu|Heat Wave|p1a: Whimsicott|[spread] p1a,p1b\n|-supereffective|p1a: Whimsicott\n|-damage|p1a: Whimsicott|0 fnt\n|-damage|p1b: Calyrex|57/100\n|faint|p1a: Whimsicott\n|move|p1b: Calyrex|Astral Barrage|p2b: Chi-Yu|[spread] p2a,p2b\n|-resisted|p2b: Chi-Yu\n|-damage|p2a: Whimsicott|7/100\n|-damage|p2b: Chi-Yu|40/100\n|move|p2a: Whimsicott|Moonblast|p1b: Calyrex\n|-damage|p1b: Calyrex|22/100\n|\n|-sideend|p1: srpada|move: Tailwind\n|upkeep\n|\n|t:|1776610478\n|switch|p1a: Terapagos|Terapagos-Terastal, L50, M|72/100\n|turn|5\n|\n|t:|1776610488\n|-terastallize|p1a: Terapagos|Stellar\n|detailschange|p1a: Terapagos|Terapagos-Stellar, L50, M, tera:Stellar\n|-heal|p1a: Terapagos|80/100|[silent]\n|move|p1b: Calyrex|Protect|p1b: Calyrex\n|-singleturn|p1b: Calyrex|Protect\n|move|p2a: Whimsicott|Taunt|p1a: Terapagos\n|-start|p1a: Terapagos|move: Taunt\n|move|p2b: Chi-Yu|Heat Wave|p1a: Terapagos|[spread] \n|-activate|p1b: Calyrex|move: Protect\n|-miss|p2b: Chi-Yu|p1a: Terapagos\n|move|p1a: Terapagos|Tera Starstorm|p2b: Chi-Yu|[spread] p2a,p2b\n|-damage|p2a: Whimsicott|0 fnt\n|-damage|p2b: Chi-Yu|0 fnt\n|faint|p2a: Whimsicott\n|faint|p2b: Chi-Yu\n|\n|-heal|p1a: Terapagos|86/100|[from] item: Leftovers\n|-sideend|p2: randy.zhang2023|move: Tailwind\n|upkeep\n|\n|t:|1776610506\n|switch|p2a: Koraidon|Koraidon, L50|100/100\n|switch|p2b: Calyrex|Calyrex-Shadow, L50, tera:Fighting|100/100\n|-ability|p2b: Calyrex|As One\n|-ability|p2b: Calyrex|Unnerve\n|-weather|SunnyDay|[from] ability: Orichalcum Pulse|[of] p2a: Koraidon\n|-activate|p2a: Koraidon|Orichalcum Pulse|[source]\n|turn|6\n|inactive|randy.zhang2023 has 30 seconds left.\n|\n|t:|1776610533\n|move|p2b: Calyrex|Tera Blast|p1a: Terapagos|[anim] Tera Blast Fighting\n|-supereffective|p1a: Terapagos\n|-damage|p1a: Terapagos|17/100\n|move|p1b: Calyrex|Psychic|p2a: Koraidon\n|-supereffective|p2a: Koraidon\n|-damage|p2a: Koraidon|2/100\n|move|p2a: Koraidon|Dragon Claw|p1b: Calyrex\n|-damage|p1b: Calyrex|0 fnt\n|faint|p1b: Calyrex\n|move|p1a: Terapagos|Tera Starstorm|p2b: Calyrex|[spread] p2a,p2b\n|-supereffective|p2b: Calyrex\n|-damage|p2a: Koraidon|0 fnt\n|-damage|p2b: Calyrex|12/100\n|faint|p2a: Koraidon\n|\n|-weather|SunnyDay|[upkeep]\n|-heal|p1a: Terapagos|22/100|[from] item: Leftovers\n|upkeep\n|\n|t:|1776610543\n|switch|p1b: Chi-Yu|Chi-Yu, L50|100/100\n|-ability|p1b: Chi-Yu|Beads of Ruin\n|turn|7\n|-message|randy.zhang2023 forfeited.\n|\n|win|srpada\n|raw|srpada's rating: 1457 &rarr; <strong>1480</strong><br />(+23 for winning)\n|raw|randy.zhang2023's rating: 1503 &rarr; <strong>1480</strong><br />(-23 for losing)\n|l|\u2606randy.zhang2023\n|player|p2|\n|l|\u2606srpada\n|player|p1|\n","uploadtime":1776610720,"views":10,"formatid":"gen9vgc2026regi","rating":1480,"private":0,"password":null}