{"id":"gen9vgc2026regi-2559473750","format":"[Gen 9] VGC 2026 Reg I","players":["DerMarka","slimeslatt252"],"log":"|j|\u2606DerMarka\n|j|\u2606slimeslatt252\n|t:|1773573928\n|gametype|doubles\n|player|p1|DerMarka|dragontamer|1222\n|player|p2|slimeslatt252|101|1363\n|gen|9\n|tier|[Gen 9] VGC 2026 Reg I\n|rated|\n|rule|Species Clause: Limit one of each Pok\u00e9mon\n|rule|Item Clause: Limit 1 of each item\n|clearpoke\n|poke|p1|Dialga, L50|\n|poke|p1|Incineroar, L50, M|\n|poke|p1|Ursaluna, L50, M|\n|poke|p1|Ogerpon-Cornerstone, L50, F|\n|poke|p1|Calyrex-Ice, L50|\n|poke|p1|Amoonguss, L50, F|\n|poke|p2|Miraidon, L50|\n|poke|p2|Calyrex-Ice, L50|\n|poke|p2|Amoonguss, L50, M|\n|poke|p2|Incineroar, L50, M|\n|poke|p2|Urshifu-*, L50, F|\n|poke|p2|Landorus, L50, M|\n|teampreview|4\n|inactive|Battle timer is ON: inactive players will automatically lose when time's up. (requested by slimeslatt252)\n|\n|t:|1773573957\n|teamsize|p1|4\n|teamsize|p2|4\n|start\n|switch|p1a: Dialga|Dialga, L50|100/100\n|switch|p1b: Incineroar|Incineroar, L50, M|100/100\n|switch|p2a: Incineroar|Incineroar, L50, M|100/100\n|switch|p2b: Urshifu|Urshifu-Rapid-Strike, L50, F|100/100\n|-ability|p2a: Incineroar|Intimidate|boost\n|-unboost|p1a: Dialga|atk|1\n|-unboost|p1b: Incineroar|atk|1\n|-ability|p1b: Incineroar|Intimidate|boost\n|-unboost|p2a: Incineroar|atk|1\n|-unboost|p2b: Urshifu|atk|1\n|turn|1\n|\n|t:|1773573974\n|move|p2a: Incineroar|Fake Out|p1b: Incineroar\n|-damage|p1b: Incineroar|94/100\n|cant|p1b: Incineroar|flinch\n|move|p2b: Urshifu|Surging Strikes|p1b: Incineroar\n|-supereffective|p1b: Incineroar\n|-crit|p1b: Incineroar\n|-damage|p1b: Incineroar|48/100\n|-enditem|p1b: Incineroar|Sitrus Berry|[eat]\n|-heal|p1b: Incineroar|73/100|[from] item: Sitrus Berry\n|-supereffective|p1b: Incineroar\n|-crit|p1b: Incineroar\n|-damage|p1b: Incineroar|30/100\n|-supereffective|p1b: Incineroar\n|-crit|p1b: Incineroar\n|-damage|p1b: Incineroar|0 fnt\n|faint|p1b: Incineroar\n|-hitcount|p1: Incineroar|3\n|move|p1a: Dialga|Trick Room|p1a: Dialga\n|-fieldstart|move: Trick Room|[of] p1a: Dialga\n|\n|upkeep\n|\n|t:|1773573992\n|switch|p1b: Ogerpon|Ogerpon-Cornerstone, L50, F|100/100\n|turn|2\n|inactive|DerMarka has 30 seconds left.\n|inactive|slimeslatt252 has 30 seconds left.\n|inactive|DerMarka has 20 seconds left.\n|inactive|slimeslatt252 has 20 seconds left.\n|\n|t:|1773574030\n|move|p2a: Incineroar|Flare Blitz|p1a: Dialga\n|-damage|p1a: Dialga|81/100\n|-damage|p2a: Incineroar|94/100|[from] Recoil\n|move|p1a: Dialga|Dragon Pulse|p2b: Urshifu\n|-damage|p2b: Urshifu|24/100\n|move|p1b: Ogerpon|Horn Leech|p2b: Urshifu\n|-supereffective|p2b: Urshifu\n|-damage|p2b: Urshifu|0 fnt\n|faint|p2b: Urshifu\n|\n|upkeep\n|\n|t:|1773574042\n|switch|p2b: Calyrex|Calyrex-Ice, L50|100/100\n|-ability|p2b: Calyrex|As One\n|-ability|p2b: Calyrex|Unnerve\n|turn|3\n|\n|t:|1773574058\n|move|p2b: Calyrex|Glacial Lance|p1b: Ogerpon|[spread] p1a,p1b\n|-supereffective|p1b: Ogerpon\n|-damage|p1a: Dialga|42/100\n|-ability|p1b: Ogerpon|Sturdy\n|-damage|p1b: Ogerpon|1/100\n|move|p2a: Incineroar|Flare Blitz|p1b: Ogerpon\n|-crit|p1b: Ogerpon\n|-damage|p1b: Ogerpon|0 fnt\n|faint|p1b: Ogerpon\n|-damage|p2a: Incineroar|93/100|[from] Recoil\n|move|p1a: Dialga|Flash Cannon|p2b: Calyrex\n|-supereffective|p2b: Calyrex\n|-damage|p2b: Calyrex|43/100\n|\n|upkeep\n|\n|t:|1773574073\n|switch|p1b: Ursaluna|Ursaluna, L50, M|100/100\n|turn|4\n|\n|t:|1773574083\n|move|p1b: Ursaluna|Protect|p1b: Ursaluna\n|-singleturn|p1b: Ursaluna|Protect\n|move|p1a: Dialga|Protect|p1a: Dialga\n|-singleturn|p1a: Dialga|Protect\n|move|p2b: Calyrex|Glacial Lance|p1b: Ursaluna|[spread] \n|-activate|p1a: Dialga|move: Protect\n|-activate|p1b: Ursaluna|move: Protect\n|move|p2a: Incineroar|Knock Off|p1b: Ursaluna\n|-activate|p1b: Ursaluna|move: Protect\n|\n|-status|p1b: Ursaluna|brn|[from] item: Flame Orb\n|upkeep\n|turn|5\n|inactive|DerMarka has 30 seconds left.\n|\n|t:|1773574111\n|move|p2b: Calyrex|Glacial Lance|p1a: Dialga|[spread] p1a,p1b\n|-supereffective|p1b: Ursaluna\n|-damage|p1a: Dialga|4/100\n|-damage|p1b: Ursaluna|7/100 brn\n|move|p1b: Ursaluna|Earthquake|p2b: Calyrex|[spread] p2a,p2b\n|-activate|p1a: Dialga|ability: Telepathy\n|-supereffective|p2a: Incineroar\n|-damage|p2a: Incineroar|0 fnt\n|-damage|p2b: Calyrex|0 fnt\n|faint|p2a: Incineroar\n|faint|p2b: Calyrex\n|move|p1a: Dialga|Flash Cannon|p2: Incineroar|[notarget]\n|-fail|p1a: Dialga\n|\n|-damage|p1b: Ursaluna|1/100 brn|[from] brn\n|-fieldend|move: Trick Room\n|upkeep\n|\n|t:|1773574115\n|switch|p2b: Miraidon|Miraidon, L50|100/100\n|-fieldstart|move: Electric Terrain|[from] ability: Hadron Engine|[of] p2b: Miraidon\n|turn|6\n|\n|t:|1773574131\n|-terastallize|p2b: Miraidon|Electric\n|-terastallize|p1b: Ursaluna|Ground\n|move|p2b: Miraidon|Snarl|p1b: Ursaluna|[spread] p1a,p1b\n|-damage|p1a: Dialga|0 fnt\n|-damage|p1b: Ursaluna|0 fnt\n|faint|p1a: Dialga\n|faint|p1b: Ursaluna\n|\n|win|slimeslatt252\n|raw|DerMarka's rating: 1222 &rarr; <strong>1207</strong><br />(-15 for losing)\n|raw|slimeslatt252's rating: 1363 &rarr; <strong>1375</strong><br />(+12 for winning)\n|c|\u2606DerMarka|gg\n|c|\u2606slimeslatt252|gg\n|l|\u2606slimeslatt252\n|player|p2|\n|c|\u2606DerMarka|Forgot to switch ursa tera\n|l|\u2606DerMarka\n|player|p1|\n","uploadtime":1773574351,"views":12,"formatid":"gen9vgc2026regi","rating":1207,"private":0,"password":null}