{"id":"gen9vgc2026regi-2554728203","format":"[Gen 9] VGC 2026 Reg I","players":["jlz50y","Cello L."],"log":"|j|\u2606jlz50y\n|j|\u2606Cello L.\n|t:|1773005087\n|gametype|doubles\n|player|p1|jlz50y|lucas|1329\n|player|p2|Cello L.|psychic-gen4|1503\n|gen|9\n|tier|[Gen 9] VGC 2026 Reg I\n|rated|\n|rule|Species Clause: Limit one of each Pok\u00e9mon\n|rule|Item Clause: Limit 1 of each item\n|clearpoke\n|poke|p1|Grimmsnarl, L50, M|\n|poke|p1|Miraidon, L50|\n|poke|p1|Lunala, L50|\n|poke|p1|Ursaluna, L50, F|\n|poke|p1|Urshifu-*, L50, F|\n|poke|p1|Incineroar, L50, F|\n|poke|p2|Calyrex-Shadow, L50|\n|poke|p2|Koraidon, L50|\n|poke|p2|Regieleki, L50|\n|poke|p2|Volcarona, L50, M|\n|poke|p2|Rillaboom, L50, M|\n|poke|p2|Incineroar, L50, M|\n|teampreview|4\n|\n|t:|1773005110\n|teamsize|p1|4\n|teamsize|p2|4\n|start\n|switch|p1a: Miraidon|Miraidon, L50|100/100\n|switch|p1b: Grimmsnarl|Grimmsnarl, L50, M|100/100\n|switch|p2a: Calyrex|Calyrex-Shadow, L50|100/100\n|switch|p2b: Koraidon|Koraidon, L50|100/100\n|-ability|p2a: Calyrex|As One\n|-ability|p2a: Calyrex|Unnerve\n|-weather|SunnyDay|[from] ability: Orichalcum Pulse|[of] p2b: Koraidon\n|-activate|p2b: Koraidon|Orichalcum Pulse|[source]\n|-fieldstart|move: Electric Terrain|[from] ability: Hadron Engine|[of] p1a: Miraidon\n|turn|1\n|\n|t:|1773005148\n|switch|p2b: Rillaboom|Rillaboom, L50, M|100/100\n|-fieldstart|move: Grassy Terrain|[from] ability: Grassy Surge|[of] p2b: Rillaboom\n|-terastallize|p2a: Calyrex|Dark\n|move|p1b: Grimmsnarl|Reflect|p1b: Grimmsnarl\n|-sidestart|p1: jlz50y|Reflect\n|move|p2a: Calyrex|Nasty Plot|p2a: Calyrex\n|-boost|p2a: Calyrex|spa|2\n|move|p1a: Miraidon|Electro Drift|p2a: Calyrex\n|-damage|p2a: Calyrex|53/100\n|\n|-weather|SunnyDay|[upkeep]\n|-heal|p2a: Calyrex|59/100|[from] Grassy Terrain\n|upkeep\n|turn|2\n|\n|t:|1773005164\n|move|p2b: Rillaboom|Fake Out|p1b: Grimmsnarl\n|-damage|p1b: Grimmsnarl|92/100\n|move|p2a: Calyrex|Nasty Plot|p2a: Calyrex\n|-boost|p2a: Calyrex|spa|2\n|move|p1a: Miraidon|Draco Meteor|p2a: Calyrex\n|-damage|p2a: Calyrex|1/100\n|-unboost|p1a: Miraidon|spa|2\n|cant|p1b: Grimmsnarl|flinch\n|\n|-weather|SunnyDay|[upkeep]\n|-heal|p2a: Calyrex|7/100|[from] Grassy Terrain\n|-heal|p1b: Grimmsnarl|98/100|[from] Grassy Terrain\n|upkeep\n|turn|3\n|\n|t:|1773005183\n|move|p2a: Calyrex|Protect|p2a: Calyrex\n|-singleturn|p2a: Calyrex|Protect\n|move|p1b: Grimmsnarl|Light Screen|p1b: Grimmsnarl\n|-sidestart|p1: jlz50y|move: Light Screen\n|move|p1a: Miraidon|Volt Switch|p2b: Rillaboom\n|-resisted|p2b: Rillaboom\n|-damage|p2b: Rillaboom|95/100\n|\n|t:|1773005191\n|switch|p1a: Lunala|Lunala, L50|100/100|[from] Volt Switch\n|move|p2b: Rillaboom|Wood Hammer|p1b: Grimmsnarl\n|-damage|p1b: Grimmsnarl|45/100\n|-damage|p2b: Rillaboom|78/100|[from] Recoil\n|\n|-weather|SunnyDay|[upkeep]\n|-heal|p2a: Calyrex|13/100|[from] Grassy Terrain\n|-heal|p2b: Rillaboom|84/100|[from] Grassy Terrain\n|-heal|p1b: Grimmsnarl|51/100|[from] Grassy Terrain\n|upkeep\n|turn|4\n|\n|t:|1773005205\n|move|p1a: Lunala|Wide Guard|p1a: Lunala\n|-singleturn|p1a: Lunala|Wide Guard\n|move|p2a: Calyrex|Astral Barrage|p1a: Lunala|[spread] \n|-activate|p1a: Lunala|move: Wide Guard\n|-activate|p1b: Grimmsnarl|move: Wide Guard\n|move|p2b: Rillaboom|Wood Hammer|p1b: Grimmsnarl\n|-damage|p1b: Grimmsnarl|1/100\n|-damage|p2b: Rillaboom|67/100|[from] Recoil\n|move|p1b: Grimmsnarl|Spirit Break|p2a: Calyrex\n|-supereffective|p2a: Calyrex\n|-damage|p2a: Calyrex|0 fnt\n|faint|p2a: Calyrex\n|\n|-weather|SunnyDay|[upkeep]\n|-heal|p2b: Rillaboom|73/100|[from] Grassy Terrain\n|-heal|p1b: Grimmsnarl|7/100|[from] Grassy Terrain\n|upkeep\n|\n|t:|1773005221\n|switch|p2a: Koraidon|Koraidon, L50|100/100\n|-activate|p2a: Koraidon|ability: Orichalcum Pulse\n|turn|5\n|\n|t:|1773005232\n|move|p2b: Rillaboom|Grassy Glide|p1a: Lunala\n|-damage|p1a: Lunala|92/100\n|move|p1b: Grimmsnarl|Taunt|p2a: Koraidon\n|-start|p2a: Koraidon|move: Taunt\n|move|p2a: Koraidon|Flare Blitz|p1a: Lunala\n|-damage|p1a: Lunala|54/100\n|-damage|p2a: Koraidon|86/100|[from] Recoil\n|move|p1a: Lunala|Trick Room|p1a: Lunala\n|-fieldstart|move: Trick Room|[of] p1a: Lunala\n|\n|-weather|none\n|-heal|p1b: Grimmsnarl|13/100|[from] Grassy Terrain\n|-heal|p2b: Rillaboom|79/100|[from] Grassy Terrain\n|-heal|p1a: Lunala|60/100|[from] Grassy Terrain\n|-heal|p2a: Koraidon|92/100|[from] Grassy Terrain\n|-fieldend|move: Grassy Terrain\n|upkeep\n|turn|6\n|\n|t:|1773005250\n|switch|p2a: Incineroar|Incineroar, L50, M|100/100\n|-ability|p2a: Incineroar|Intimidate|boost\n|-unboost|p1a: Lunala|atk|1\n|-unboost|p1b: Grimmsnarl|atk|1\n|move|p1b: Grimmsnarl|Spirit Break|p2a: Incineroar\n|-damage|p2a: Incineroar|85/100\n|-unboost|p2a: Incineroar|spa|1\n|move|p2b: Rillaboom|U-turn|p1b: Grimmsnarl\n|-damage|p1b: Grimmsnarl|0 fnt\n|faint|p1b: Grimmsnarl\n|\n|t:|1773005260\n|switch|p2b: Koraidon|Koraidon, L50|92/100|[from] U-turn\n|-weather|SunnyDay|[from] ability: Orichalcum Pulse|[of] p2b: Koraidon\n|-activate|p2b: Koraidon|Orichalcum Pulse|[source]\n|move|p1a: Lunala|Moongeist Beam|p2a: Incineroar\n|-resisted|p2a: Incineroar\n|-damage|p2a: Incineroar|61/100\n|\n|-weather|SunnyDay|[upkeep]\n|upkeep\n|\n|t:|1773005263\n|switch|p1b: Ursaluna|Ursaluna, L50, F|100/100\n|turn|7\n|\n|t:|1773005289\n|switch|p2a: Rillaboom|Rillaboom, L50, M|79/100\n|-fieldstart|move: Grassy Terrain|[from] ability: Grassy Surge|[of] p2a: Rillaboom\n|-terastallize|p1b: Ursaluna|Ghost\n|move|p2b: Koraidon|Protect|p2b: Koraidon\n|-singleturn|p2b: Koraidon|Protect\n|move|p1b: Ursaluna|Headlong Rush|p2a: Rillaboom\n|-resisted|p2a: Rillaboom\n|-damage|p2a: Rillaboom|44/100\n|-unboost|p1b: Ursaluna|def|1\n|-unboost|p1b: Ursaluna|spd|1\n|move|p1a: Lunala|Moonblast|p2b: Koraidon\n|-activate|p2b: Koraidon|move: Protect\n|\n|-weather|SunnyDay|[upkeep]\n|-heal|p2a: Rillaboom|50/100|[from] Grassy Terrain\n|-heal|p1a: Lunala|66/100|[from] Grassy Terrain\n|-heal|p2b: Koraidon|98/100|[from] Grassy Terrain\n|-status|p1b: Ursaluna|brn|[from] item: Flame Orb\n|upkeep\n|turn|8\n|\n|t:|1773005315\n|switch|p2b: Incineroar|Incineroar, L50, M|61/100\n|-ability|p2b: Incineroar|Intimidate|boost\n|-unboost|p1a: Lunala|atk|1\n|-unboost|p1b: Ursaluna|atk|1\n|move|p1b: Ursaluna|Facade|p2a: Rillaboom\n|-damage|p2a: Rillaboom|0 fnt\n|faint|p2a: Rillaboom\n|move|p1a: Lunala|Moonblast|p2b: Incineroar\n|-damage|p2b: Incineroar|29/100\n|\n|-weather|SunnyDay|[upkeep]\n|-heal|p2b: Incineroar|35/100|[from] Grassy Terrain\n|-heal|p1a: Lunala|72/100|[from] Grassy Terrain\n|-damage|p1b: Ursaluna|94/100 brn|[from] brn\n|-sideend|p1: jlz50y|Reflect\n|upkeep\n|\n|t:|1773005328\n|switch|p2a: Koraidon|Koraidon, L50|98/100\n|-activate|p2a: Koraidon|ability: Orichalcum Pulse\n|turn|9\n|\n|t:|1773005337\n|move|p2a: Koraidon|Protect|p2a: Koraidon\n|-singleturn|p2a: Koraidon|Protect\n|move|p1b: Ursaluna|Headlong Rush|p2b: Incineroar\n|-supereffective|p2b: Incineroar\n|-damage|p2b: Incineroar|0 fnt\n|-unboost|p1b: Ursaluna|def|1\n|-unboost|p1b: Ursaluna|spd|1\n|faint|p2b: Incineroar\n|move|p1a: Lunala|Moonblast|p2a: Koraidon\n|-activate|p2a: Koraidon|move: Protect\n|\n|-weather|SunnyDay|[upkeep]\n|-heal|p1b: Ursaluna|100/100 brn|[from] Grassy Terrain\n|-heal|p1a: Lunala|78/100|[from] Grassy Terrain\n|-heal|p2a: Koraidon|100/100|[from] Grassy Terrain\n|-damage|p1b: Ursaluna|94/100 brn|[from] brn\n|-fieldend|move: Trick Room\n|upkeep\n|turn|10\n|\n|t:|1773005343\n|switch|p1b: Miraidon|Miraidon, L50|100/100\n|-fieldstart|move: Electric Terrain|[from] ability: Hadron Engine|[of] p1b: Miraidon\n|-enditem|p1a: Lunala|Electric Seed\n|-boost|p1a: Lunala|def|1|[from] item: Electric Seed\n|move|p2a: Koraidon|Protect|p2a: Koraidon\n|-singleturn|p2a: Koraidon|Protect\n|move|p1a: Lunala|Trick Room|p1a: Lunala\n|-fieldstart|move: Trick Room|[of] p1a: Lunala\n|\n|-weather|none\n|-sideend|p1: jlz50y|move: Light Screen\n|upkeep\n|turn|11\n|-message|Cello L. forfeited.\n|\n|win|jlz50y\n|raw|jlz50y's rating: 1329 &rarr; <strong>1358</strong><br />(+29 for winning)\n|raw|Cello L.'s rating: 1503 &rarr; <strong>1474</strong><br />(-29 for losing)\n","uploadtime":1773005351,"views":12,"formatid":"gen9vgc2026regi","rating":1358,"private":0,"password":null}