{"id":"gen9vgc2026regi-2518779833","format":"[Gen 9] VGC 2026 Reg I","players":["j0l0k0","hanenwang"],"log":"|j|\u2606j0l0k0\n|j|\u2606hanenwang\n|t:|1768425013\n|gametype|doubles\n|player|p1|j0l0k0|brycen|1442\n|player|p2|hanenwang|twins-gen4dp|1424\n|gen|9\n|tier|[Gen 9] VGC 2026 Reg I\n|rated|\n|rule|Species Clause: Limit one of each Pok\u00e9mon\n|rule|Item Clause: Limit 1 of each item\n|clearpoke\n|poke|p1|Calyrex-Ice, L50|\n|poke|p1|Kyogre, L50|\n|poke|p1|Indeedee-F, L50, F|\n|poke|p1|Urshifu-*, L50, F|\n|poke|p1|Amoonguss, L50, F|\n|poke|p1|Landorus, L50, M|\n|poke|p2|Calyrex-Ice, L50|\n|poke|p2|Miraidon, L50|\n|poke|p2|Farigiraf, L50, F|\n|poke|p2|Iron Hands, L50|\n|poke|p2|Alcremie-Mint-Cream, L50, F|\n|poke|p2|Rhydon, L50, M|\n|teampreview|4\n|inactive|Battle timer is ON: inactive players will automatically lose when time's up. (requested by j0l0k0)\n|\n|t:|1768425036\n|teamsize|p1|4\n|teamsize|p2|4\n|start\n|switch|p1a: Kyogre|Kyogre, L50, shiny|100/100\n|switch|p1b: Landorus|Landorus, L50, M, shiny|100/100\n|switch|p2a: Miraidon|Miraidon, L50|100/100\n|switch|p2b: Calyrex|Calyrex-Ice, L50|100/100\n|-ability|p2b: Calyrex|As One\n|-ability|p2b: Calyrex|Unnerve\n|-fieldstart|move: Electric Terrain|[from] ability: Hadron Engine|[of] p2a: Miraidon\n|-weather|RainDance|[from] ability: Drizzle|[of] p1a: Kyogre\n|turn|1\n|\n|t:|1768425050\n|-terastallize|p1a: Kyogre|Grass\n|move|p2b: Calyrex|Protect|p2b: Calyrex\n|-singleturn|p2b: Calyrex|Protect\n|move|p2a: Miraidon|Volt Switch|p1a: Kyogre\n|-resisted|p1a: Kyogre\n|-damage|p1a: Kyogre|75/100\n|\n|t:|1768425066\n|switch|p2a: Iron Hands|Iron Hands, L50|100/100|[from] Volt Switch\n|-activate|p2a: Iron Hands|ability: Quark Drive\n|-start|p2a: Iron Hands|quarkdriveatk\n|move|p1b: Landorus|Sandsear Storm|p2a: Iron Hands|[spread] p2a\n|-activate|p2b: Calyrex|move: Protect\n|-supereffective|p2a: Iron Hands\n|-damage|p2a: Iron Hands|31/100\n|move|p1a: Kyogre|Water Spout|p2b: Calyrex|[spread] p2a\n|-activate|p2b: Calyrex|move: Protect\n|-damage|p2a: Iron Hands|0 fnt\n|faint|p2a: Iron Hands\n|-end|p2a: Iron Hands|Quark Drive|[silent]\n|\n|-weather|RainDance|[upkeep]\n|upkeep\n|\n|t:|1768425084\n|switch|p2a: Miraidon|Miraidon, L50|100/100\n|-activate|p2a: Miraidon|ability: Hadron Engine\n|turn|2\n|\n|t:|1768425091\n|move|p2a: Miraidon|Volt Switch|p1a: Kyogre\n|-resisted|p1a: Kyogre\n|-damage|p1a: Kyogre|50/100\n|\n|t:|1768425093\n|switch|p2a: Alcremie|Alcremie-Mint-Cream, L50, F|100/100|[from] Volt Switch\n|move|p1a: Kyogre|Hydro Pump|p2b: Calyrex\n|-damage|p2b: Calyrex|29/100\n|move|p1b: Landorus|Sandsear Storm|p2b: Calyrex|[spread] p2a,p2b\n|-damage|p2a: Alcremie|39/100\n|-damage|p2b: Calyrex|0 fnt\n|faint|p2b: Calyrex\n|\n|-weather|RainDance|[upkeep]\n|upkeep\n|\n|t:|1768425102\n|switch|p2b: Miraidon|Miraidon, L50|100/100\n|-activate|p2b: Miraidon|ability: Hadron Engine\n|turn|3\n|\n|t:|1768425109\n|-terastallize|p2b: Miraidon|Fairy\n|move|p2b: Miraidon|Dazzling Gleam|p1a: Kyogre|[spread] p1a,p1b\n|-damage|p1a: Kyogre|21/100\n|-damage|p1b: Landorus|19/100\n|move|p1b: Landorus|Sandsear Storm|p2a: Alcremie|[spread] p2a,p2b\n|-damage|p2a: Alcremie|0 fnt\n|-damage|p2b: Miraidon|50/100\n|faint|p2a: Alcremie\n|move|p1a: Kyogre|Ice Beam|p2b: Miraidon\n|-damage|p2b: Miraidon|23/100\n|-status|p2b: Miraidon|frz\n|\n|-weather|RainDance|[upkeep]\n|upkeep\n|turn|4\n|\n|t:|1768425124\n|-curestatus|p2b: Miraidon|frz|[msg]\n|move|p2b: Miraidon|Dazzling Gleam|p1b: Landorus|[spread] p1a,p1b\n|-damage|p1a: Kyogre|0 fnt\n|-damage|p1b: Landorus|0 fnt\n|faint|p1a: Kyogre\n|faint|p1b: Landorus\n|\n|-weather|RainDance|[upkeep]\n|upkeep\n|\n|t:|1768425131\n|switch|p1b: Urshifu|Urshifu, L50, F|100/100\n|switch|p1a: Calyrex|Calyrex-Ice, L50|100/100\n|-ability|p1a: Calyrex|As One\n|-ability|p1a: Calyrex|Unnerve\n|turn|5\n|\n|t:|1768425139\n|move|p2b: Miraidon|Dazzling Gleam|p1a: Calyrex|[spread] p1a,p1b\n|-supereffective|p1b: Urshifu\n|-damage|p1a: Calyrex|55/100\n|-enditem|p1b: Urshifu|Focus Sash\n|-damage|p1b: Urshifu|1/100\n|move|p1b: Urshifu|Poison Jab|p2b: Miraidon\n|-supereffective|p2b: Miraidon\n|-damage|p2b: Miraidon|0 fnt\n|faint|p2b: Miraidon\n|\n|win|j0l0k0\n|raw|j0l0k0's rating: 1442 &rarr; <strong>1461</strong><br />(+19 for winning)\n|raw|hanenwang's rating: 1424 &rarr; <strong>1405</strong><br />(-19 for losing)\n|l|\u2606hanenwang\n|player|p2|\n|l|\u2606j0l0k0\n|player|p1|\n","uploadtime":1768425381,"views":40,"formatid":"gen9vgc2026regi","rating":1405,"private":0,"password":null}