{"id":"gen9vgc2026regi-2559615027","format":"[Gen 9] VGC 2026 Reg I","players":["Simon0123","nature_with_08"],"log":"|j|\u2606Simon0123\n|j|\u2606nature_with_08\n|t:|1773592379\n|gametype|doubles\n|player|p1|Simon0123|benga|1203\n|player|p2|nature_with_08|170|1130\n|gen|9\n|tier|[Gen 9] VGC 2026 Reg I\n|rated|\n|rule|Species Clause: Limit one of each Pok\u00e9mon\n|rule|Item Clause: Limit 1 of each item\n|clearpoke\n|poke|p1|Calyrex-Shadow, L50|\n|poke|p1|Koraidon, L50|\n|poke|p1|Flutter Mane, L50|\n|poke|p1|Raging Bolt, L50|\n|poke|p1|Whimsicott, L50, M|\n|poke|p1|Chi-Yu, L50|\n|poke|p2|Miraidon, L50|\n|poke|p2|Iron Treads, L50|\n|poke|p2|Ho-Oh, L50|\n|poke|p2|Annihilape, L50, F|\n|poke|p2|Ogerpon-Hearthflame, L50, F|\n|poke|p2|Bastiodon, L50, F|\n|teampreview|4\n|inactive|Battle timer is ON: inactive players will automatically lose when time's up. (requested by Simon0123)\n|\n|t:|1773592403\n|teamsize|p1|4\n|teamsize|p2|4\n|start\n|switch|p1a: Whimsicott|Whimsicott, L50, M|100/100\n|switch|p1b: Calyrex|Calyrex-Shadow, L50|100/100\n|switch|p2a: Miraidon|Miraidon, L50|100/100\n|switch|p2b: Bastiodon|Bastiodon, L50, F|100/100\n|-ability|p1b: Calyrex|As One\n|-ability|p1b: Calyrex|Unnerve\n|-fieldstart|move: Electric Terrain|[from] ability: Hadron Engine|[of] p2a: Miraidon\n|-item|p2b: Bastiodon|Air Balloon\n|turn|1\n|\n|t:|1773592417\n|move|p2b: Bastiodon|Wide Guard|p2b: Bastiodon\n|-singleturn|p2b: Bastiodon|Wide Guard\n|move|p1a: Whimsicott|Tailwind|p1a: Whimsicott\n|-sidestart|p1: Simon0123|move: Tailwind\n|move|p1b: Calyrex|Astral Barrage|p2b: Bastiodon|[spread] \n|-activate|p2a: Miraidon|move: Wide Guard\n|-activate|p2b: Bastiodon|move: Wide Guard\n|move|p2a: Miraidon|Volt Switch|p1a: Whimsicott\n|-resisted|p1a: Whimsicott\n|-damage|p1a: Whimsicott|30/100\n|-enditem|p1a: Whimsicott|Eject Button\n|\n|t:|1773592425\n|switch|p1a: Koraidon|Koraidon, L50|100/100\n|-weather|SunnyDay|[from] ability: Orichalcum Pulse|[of] p1a: Koraidon\n|-activate|p1a: Koraidon|Orichalcum Pulse|[source]\n|\n|-weather|SunnyDay|[upkeep]\n|upkeep\n|turn|2\n|\n|t:|1773592440\n|move|p1b: Calyrex|Nasty Plot|p1b: Calyrex\n|-boost|p1b: Calyrex|spa|2\n|move|p1a: Koraidon|Collision Course|p2b: Bastiodon\n|-supereffective|p2b: Bastiodon\n|-ability|p2b: Bastiodon|Sturdy\n|-damage|p2b: Bastiodon|1/100\n|-enditem|p2b: Bastiodon|Air Balloon\n|-damage|p1a: Koraidon|91/100|[from] item: Life Orb\n|move|p2a: Miraidon|Volt Switch|p1b: Calyrex\n|-enditem|p1b: Calyrex|Focus Sash\n|-damage|p1b: Calyrex|1/100\n|\n|t:|1773592455\n|switch|p2a: Ho-Oh|Ho-Oh, L50|100/100|[from] Volt Switch\n|move|p2b: Bastiodon|Foul Play|p1b: Calyrex\n|-supereffective|p1b: Calyrex\n|-damage|p1b: Calyrex|0 fnt\n|faint|p1b: Calyrex\n|\n|-weather|SunnyDay|[upkeep]\n|upkeep\n|\n|t:|1773592469\n|switch|p1b: Chi-Yu|Chi-Yu, L50|100/100\n|-ability|p1b: Chi-Yu|Beads of Ruin\n|turn|3\n|\n|t:|1773592480\n|move|p2b: Bastiodon|Wide Guard|p2b: Bastiodon\n|-singleturn|p2b: Bastiodon|Wide Guard\n|move|p1b: Chi-Yu|Dark Pulse|p2a: Ho-Oh\n|-damage|p2a: Ho-Oh|65/100\n|move|p1a: Koraidon|Flare Blitz|p2a: Ho-Oh\n|-resisted|p2a: Ho-Oh\n|-damage|p2a: Ho-Oh|15/100\n|-damage|p1a: Koraidon|70/100|[from] Recoil\n|-damage|p1a: Koraidon|61/100|[from] item: Life Orb\n|move|p2a: Ho-Oh|Tailwind|p2a: Ho-Oh\n|-sidestart|p2: nature_with_08|move: Tailwind\n|\n|-weather|SunnyDay|[upkeep]\n|upkeep\n|turn|4\n|\n|t:|1773592494\n|move|p1b: Chi-Yu|Dark Pulse|p2a: Ho-Oh\n|-damage|p2a: Ho-Oh|0 fnt\n|faint|p2a: Ho-Oh\n|move|p1a: Koraidon|Collision Course|p2b: Bastiodon\n|-supereffective|p2b: Bastiodon\n|-damage|p2b: Bastiodon|0 fnt\n|faint|p2b: Bastiodon\n|-damage|p1a: Koraidon|51/100|[from] item: Life Orb\n|\n|-weather|SunnyDay|[upkeep]\n|-sideend|p1: Simon0123|move: Tailwind\n|upkeep\n|\n|t:|1773592501\n|switch|p2a: Miraidon|Miraidon, L50|100/100\n|switch|p2b: Ogerpon|Ogerpon-Hearthflame, L50, F|100/100\n|-activate|p2a: Miraidon|ability: Hadron Engine\n|-ability|p2b: Ogerpon|Mold Breaker\n|turn|5\n|inactive|Simon0123 has 30 seconds left.\n|\n|t:|1773592527\n|-terastallize|p2a: Miraidon|Electric\n|move|p1a: Koraidon|Protect|p1a: Koraidon\n|-singleturn|p1a: Koraidon|Protect\n|move|p2a: Miraidon|Electro Drift|p1b: Chi-Yu\n|-damage|p1b: Chi-Yu|0 fnt\n|faint|p1b: Chi-Yu\n|move|p2b: Ogerpon|Ivy Cudgel|p1a: Koraidon|[anim] Ivy Cudgel Fire\n|-activate|p1a: Koraidon|move: Protect\n|\n|-weather|none\n|-fieldend|move: Electric Terrain\n|upkeep\n|\n|t:|1773592538\n|switch|p1b: Whimsicott|Whimsicott, L50, M|30/100\n|turn|6\n|inactive|Simon0123 has 30 seconds left.\n|\n|t:|1773592567\n|move|p2b: Ogerpon|Follow Me|p2b: Ogerpon\n|-singleturn|p2b: Ogerpon|move: Follow Me\n|move|p1b: Whimsicott|Tailwind|p1b: Whimsicott\n|-sidestart|p1: Simon0123|move: Tailwind\n|move|p1a: Koraidon|Collision Course|p2b: Ogerpon\n|-damage|p2b: Ogerpon|5/100\n|-damage|p1a: Koraidon|41/100|[from] item: Life Orb\n|move|p2a: Miraidon|Electro Drift|p1a: Koraidon\n|-resisted|p1a: Koraidon\n|-damage|p1a: Koraidon|0 fnt\n|faint|p1a: Koraidon\n|\n|-sideend|p2: nature_with_08|move: Tailwind\n|upkeep\n|turn|7\n|\n|t:|1773592583\n|move|p1b: Whimsicott|Moonblast|p2a: Miraidon\n|-damage|p2a: Miraidon|76/100\n|-unboost|p2a: Miraidon|spa|1\n|move|p2a: Miraidon|Electro Drift|p1b: Whimsicott\n|-resisted|p1b: Whimsicott\n|-damage|p1b: Whimsicott|0 fnt\n|faint|p1b: Whimsicott\n|\n|win|nature_with_08\n|raw|Simon0123's rating: 1203 &rarr; <strong>1173</strong><br />(-30 for losing)\n|raw|nature_with_08's rating: 1130 &rarr; <strong>1160</strong><br />(+30 for winning)\n|l|\u2606Simon0123\n|player|p1|\n|l|\u2606nature_with_08\n|player|p2|\n","uploadtime":1773592819,"views":10,"formatid":"gen9vgc2026regi","rating":1160,"private":0,"password":null}