{"id":"gen9vgc2026regi-2572482083","format":"[Gen 9] VGC 2026 Reg I","players":["shecallmedada","Zorse Mentality"],"log":"|j|\u2606shecallmedada\n|j|\u2606Zorse Mentality\n|t:|1775031256\n|gametype|doubles\n|player|p1|shecallmedada|burglar-gen1rb|1489\n|player|p2|Zorse Mentality|2|1481\n|gen|9\n|tier|[Gen 9] VGC 2026 Reg I\n|rated|\n|rule|Species Clause: Limit one of each Pok\u00e9mon\n|rule|Item Clause: Limit 1 of each item\n|clearpoke\n|poke|p1|Amoonguss, L50, M|\n|poke|p1|Urshifu-*, L50, F|\n|poke|p1|Flutter Mane, L50|\n|poke|p1|Eternatus, L50|\n|poke|p1|Incineroar, L50, F|\n|poke|p1|Terapagos, L50, M|\n|poke|p2|Calyrex-Shadow, L50|\n|poke|p2|Smeargle, L50, F|\n|poke|p2|Clefairy, L50, M|\n|poke|p2|Indeedee-F, L50, F|\n|poke|p2|Terapagos, L50, M|\n|poke|p2|Whimsicott, L50, F|\n|teampreview|4\n|inactive|Battle timer is ON: inactive players will automatically lose when time's up. (requested by shecallmedada)\n|inactive|Zorse Mentality has 60 seconds left.\n|\n|t:|1775031340\n|teamsize|p1|4\n|teamsize|p2|4\n|start\n|switch|p1a: Terapagos|Terapagos, L50, M|100/100\n|switch|p1b: Incineroar|Incineroar, L50, F|100/100\n|switch|p2a: Indeedee|Indeedee-F, L50, F|100/100\n|switch|p2b: Terapagos|Terapagos, L50, M|100/100\n|-activate|p2b: Terapagos|ability: Tera Shift\n|detailschange|p2b: Terapagos|Terapagos-Terastal, L50, M\n|-heal|p2b: Terapagos|100/100|[silent]\n|-activate|p1a: Terapagos|ability: Tera Shift\n|detailschange|p1a: Terapagos|Terapagos-Terastal, L50, M\n|-heal|p1a: Terapagos|100/100|[silent]\n|-fieldstart|move: Psychic Terrain|[from] ability: Psychic Surge|[of] p2a: Indeedee\n|-ability|p1b: Incineroar|Intimidate|boost\n|-unboost|p2a: Indeedee|atk|1\n|-unboost|p2b: Terapagos|atk|1\n|turn|1\n|\n|t:|1775031365\n|-terastallize|p2b: Terapagos|Stellar\n|detailschange|p2b: Terapagos|Terapagos-Stellar, L50, M, tera:Stellar\n|-heal|p2b: Terapagos|100/100|[silent]\n|-ability|p2b: Terapagos|Teraform Zero\n|-fieldend|move: Psychic Terrain\n|move|p2a: Indeedee|Fake Out|p1b: Incineroar\n|-damage|p1b: Incineroar|96/100\n|move|p2b: Terapagos|Tera Starstorm|p1a: Terapagos|[spread] p1a,p1b\n|-activate|p1a: Terapagos|ability: Tera Shell\n|-resisted|p1a: Terapagos\n|-damage|p1a: Terapagos|73/100\n|-damage|p1b: Incineroar|58/100\n|move|p1a: Terapagos|Calm Mind|p1a: Terapagos\n|-boost|p1a: Terapagos|spa|1\n|-boost|p1a: Terapagos|spd|1\n|cant|p1b: Incineroar|flinch\n|\n|-heal|p1a: Terapagos|79/100|[from] item: Leftovers\n|upkeep\n|turn|2\n|inactive|shecallmedada has 30 seconds left.\n|\n|t:|1775031392\n|move|p2a: Indeedee|Helping Hand|p2b: Terapagos\n|-singleturn|p2b: Terapagos|Helping Hand|[of] p2a: Indeedee\n|move|p2b: Terapagos|Tera Starstorm|p1a: Terapagos|[spread] p1a,p1b\n|-damage|p1a: Terapagos|31/100\n|-damage|p1b: Incineroar|7/100\n|move|p1a: Terapagos|Calm Mind|p1a: Terapagos\n|-boost|p1a: Terapagos|spa|1\n|-boost|p1a: Terapagos|spd|1\n|move|p1b: Incineroar|Knock Off|p2b: Terapagos\n|-damage|p2b: Terapagos|75/100\n|-enditem|p2b: Terapagos|Choice Specs|[from] move: Knock Off|[of] p1b: Incineroar\n|\n|-heal|p1a: Terapagos|37/100|[from] item: Leftovers\n|upkeep\n|turn|3\n|inactive|Zorse Mentality has 30 seconds left.\n|inactive|Zorse Mentality has 20 seconds left.\n|inactive|Zorse Mentality has 15 seconds left.\n|\n|t:|1775031434\n|switch|p2a: Smeargle|Smeargle, L50, F|100/100\n|move|p1a: Terapagos|Protect|p1a: Terapagos\n|-singleturn|p1a: Terapagos|Protect\n|move|p2b: Terapagos|Tera Starstorm|p1b: Incineroar|[spread] p1b\n|-activate|p1a: Terapagos|move: Protect\n|-damage|p1b: Incineroar|0 fnt\n|faint|p1b: Incineroar\n|\n|-heal|p1a: Terapagos|44/100|[from] item: Leftovers\n|-ability|p2a: Smeargle|Moody|boost\n|-boost|p2a: Smeargle|spd|2\n|-unboost|p2a: Smeargle|def|1\n|upkeep\n|inactive|shecallmedada has 30 seconds left.\n|\n|t:|1775031467\n|switch|p1b: Urshifu|Urshifu-Rapid-Strike, L50, F|100/100\n|turn|4\n|inactive|Zorse Mentality has 30 seconds left.\n|\n|t:|1775031496\n|move|p1b: Urshifu|Surging Strikes|p2a: Smeargle\n|-crit|p2a: Smeargle\n|-damage|p2a: Smeargle|23/100\n|-crit|p2a: Smeargle\n|-damage|p2a: Smeargle|0 fnt\n|faint|p2a: Smeargle\n|-hitcount|p2: Smeargle|2\n|move|p2b: Terapagos|Tera Starstorm|p1b: Urshifu|[spread] p1a,p1b\n|-damage|p1a: Terapagos|25/100\n|-damage|p1b: Urshifu|39/100\n|move|p1a: Terapagos|Tera Starstorm|p2b: Terapagos\n|-damage|p2b: Terapagos|0 fnt\n|faint|p2b: Terapagos\n|detailschange|p2: Terapagos|Terapagos, L50, M|[silent]\n|\n|-heal|p1a: Terapagos|32/100|[from] item: Leftovers\n|upkeep\n|\n|t:|1775031513\n|switch|p2a: Indeedee|Indeedee-F, L50, F|100/100\n|switch|p2b: Calyrex|Calyrex-Shadow, L50|100/100\n|-ability|p2b: Calyrex|As One\n|-ability|p2b: Calyrex|Unnerve\n|-fieldstart|move: Psychic Terrain|[from] ability: Psychic Surge|[of] p2a: Indeedee\n|turn|5\n|inactive|Zorse Mentality has 30 seconds left.\n|\n|t:|1775031546\n|move|p1b: Urshifu|Protect|p1b: Urshifu\n|-singleturn|p1b: Urshifu|Protect\n|move|p1a: Terapagos|Protect|p1a: Terapagos\n|-singleturn|p1a: Terapagos|Protect\n|move|p2a: Indeedee|Follow Me|p2a: Indeedee\n|-singleturn|p2a: Indeedee|move: Follow Me\n|move|p2b: Calyrex|Expanding Force|p1a: Terapagos|[spread] \n|-activate|p1a: Terapagos|move: Protect\n|-activate|p1b: Urshifu|move: Protect\n|\n|-heal|p1a: Terapagos|38/100|[from] item: Leftovers\n|upkeep\n|turn|6\n|\n|t:|1775031568\n|-terastallize|p1a: Terapagos|Stellar\n|detailschange|p1a: Terapagos|Terapagos-Stellar, L50, M, tera:Stellar\n|-heal|p1a: Terapagos|54/100|[silent]\n|-ability|p1a: Terapagos|Teraform Zero\n|-fieldend|move: Psychic Terrain\n|move|p2a: Indeedee|Helping Hand|p2b: Calyrex\n|-singleturn|p2b: Calyrex|Helping Hand|[of] p2a: Indeedee\n|move|p1b: Urshifu|Aqua Jet|p2b: Calyrex\n|-damage|p2b: Calyrex|74/100\n|move|p2b: Calyrex|Expanding Force|p1a: Terapagos\n|-damage|p1a: Terapagos|23/100\n|-damage|p2b: Calyrex|64/100|[from] item: Life Orb\n|move|p1a: Terapagos|Tera Starstorm|p2b: Calyrex|[spread] p2a,p2b\n|-crit|p2a: Indeedee\n|-damage|p2a: Indeedee|0 fnt\n|-damage|p2b: Calyrex|0 fnt\n|faint|p2a: Indeedee\n|faint|p2b: Calyrex\n|\n|win|shecallmedada\n|raw|shecallmedada's rating: 1489 &rarr; <strong>1509</strong><br />(+20 for winning)\n|raw|Zorse Mentality's rating: 1481 &rarr; <strong>1461</strong><br />(-20 for losing)\n","uploadtime":1775031582,"views":19,"formatid":"gen9vgc2026regi","rating":1461,"private":0,"password":null}