{"id":"gen9vgc2026regi-2561478113","format":"[Gen 9] VGC 2026 Reg I","players":["sheeshshane925","Mentalsyndrome"],"log":"|j|\u2606sheeshshane925\n|j|\u2606Mentalsyndrome\n|t:|1773800758\n|gametype|doubles\n|player|p1|sheeshshane925|chuck|1474\n|player|p2|Mentalsyndrome|2|1370\n|gen|9\n|tier|[Gen 9] VGC 2026 Reg I\n|rated|\n|rule|Species Clause: Limit one of each Pok\u00e9mon\n|rule|Item Clause: Limit 1 of each item\n|clearpoke\n|poke|p1|Calyrex-Ice, L50|\n|poke|p1|Miraidon, L50|\n|poke|p1|Farigiraf, L50, M|\n|poke|p1|Scraggy, L50, M|\n|poke|p1|Iron Bundle, L50|\n|poke|p1|Iron Treads, L50|\n|poke|p2|Bastiodon, L50, F|\n|poke|p2|Miraidon, L50|\n|poke|p2|Calyrex-Shadow, L50|\n|poke|p2|Incineroar, L50, F|\n|poke|p2|Whimsicott, L50, M|\n|poke|p2|Chi-Yu, L50|\n|teampreview|4\n|inactive|Battle timer is ON: inactive players will automatically lose when time's up. (requested by Mentalsyndrome)\n|inactive|sheeshshane925 has 60 seconds left.\n|\n|t:|1773800801\n|teamsize|p1|4\n|teamsize|p2|4\n|start\n|switch|p1a: Miraidon|Miraidon, L50, shiny|100/100\n|switch|p1b: Iron Treads|Iron Treads, L50|100/100\n|switch|p2a: Don Arrogance|Calyrex-Shadow, L50|100/100\n|switch|p2b: Don Blind|Chi-Yu, L50|100/100\n|-ability|p2a: Don Arrogance|As One\n|-ability|p2a: Don Arrogance|Unnerve\n|-ability|p2b: Don Blind|Beads of Ruin\n|-fieldstart|move: Electric Terrain|[from] ability: Hadron Engine|[of] p1a: Miraidon\n|-activate|p1b: Iron Treads|ability: Quark Drive\n|-start|p1b: Iron Treads|quarkdrivespe\n|turn|1\n|inactive|sheeshshane925 has 30 seconds left.\n|\n|t:|1773800828\n|-terastallize|p2b: Don Blind|Ghost\n|move|p2a: Don Arrogance|Protect|p2a: Don Arrogance\n|-singleturn|p2a: Don Arrogance|Protect\n|move|p1b: Iron Treads|High Horsepower|p2b: Don Blind\n|-damage|p2b: Don Blind|0 fnt\n|faint|p2b: Don Blind\n|move|p1a: Miraidon|Electro Drift|p2a: Don Arrogance\n|-activate|p2a: Don Arrogance|move: Protect\n|\n|upkeep\n|\n|t:|1773800840\n|switch|p2b: Don Buttons|Miraidon, L50|100/100\n|-activate|p2b: Don Buttons|ability: Hadron Engine\n|turn|2\n|\n|t:|1773800853\n|switch|p1a: Farigiraf|Farigiraf, L50, M, shiny|100/100\n|-enditem|p1a: Farigiraf|Electric Seed\n|-boost|p1a: Farigiraf|def|1|[from] item: Electric Seed\n|move|p1b: Iron Treads|High Horsepower|p2b: Don Buttons\n|-supereffective|p2b: Don Buttons\n|-damage|p2b: Don Buttons|0 fnt\n|faint|p2b: Don Buttons\n|move|p2a: Don Arrogance|Astral Barrage|p1a: Farigiraf|[spread] p1b\n|-immune|p1a: Farigiraf\n|-damage|p1b: Iron Treads|10/100\n|-damage|p2a: Don Arrogance|91/100|[from] item: Life Orb\n|\n|upkeep\n|\n|t:|1773800859\n|switch|p2b: Don Bastio|Bastiodon, L50, F|100/100\n|-enditem|p2b: Don Bastio|Electric Seed\n|-boost|p2b: Don Bastio|def|1|[from] item: Electric Seed\n|turn|3\n|\n|t:|1773800877\n|move|p2a: Don Arrogance|Protect|p2a: Don Arrogance\n|-singleturn|p2a: Don Arrogance|Protect\n|move|p1b: Iron Treads|High Horsepower|p2b: Don Bastio\n|-supereffective|p2b: Don Bastio\n|-ability|p2b: Don Bastio|Sturdy\n|-damage|p2b: Don Bastio|1/100\n|move|p2b: Don Bastio|Fissure|p1a: Farigiraf|[miss]\n|-miss|p2b: Don Bastio|p1a: Farigiraf\n|move|p1a: Farigiraf|Trick Room|p1a: Farigiraf\n|-fieldstart|move: Trick Room|[of] p1a: Farigiraf\n|\n|upkeep\n|turn|4\n|\n|t:|1773800893\n|-end|p1b: Iron Treads|Quark Drive|[silent]\n|switch|p1b: Miraidon|Miraidon, L50, shiny|100/100\n|-activate|p1b: Miraidon|ability: Hadron Engine\n|move|p2b: Don Bastio|Fissure|p1a: Farigiraf|[miss]\n|-miss|p2b: Don Bastio|p1a: Farigiraf\n|move|p1a: Farigiraf|Foul Play|p2a: Don Arrogance\n|-supereffective|p2a: Don Arrogance\n|-damage|p2a: Don Arrogance|15/100\n|move|p2a: Don Arrogance|Astral Barrage|p1b: Miraidon|[spread] p1b\n|-immune|p1a: Farigiraf\n|-damage|p1b: Miraidon|46/100\n|-damage|p2a: Don Arrogance|6/100|[from] item: Life Orb\n|\n|upkeep\n|turn|5\n|\n|t:|1773800906\n|move|p1b: Miraidon|Protect|p1b: Miraidon\n|-singleturn|p1b: Miraidon|Protect\n|move|p2b: Don Bastio|Fissure|p1a: Farigiraf\n|-damage|p1a: Farigiraf|0 fnt\n|faint|p1a: Farigiraf\n|-ohko\n|move|p2a: Don Arrogance|Astral Barrage|p1b: Miraidon\n|-activate|p1b: Miraidon|move: Protect\n|\n|-fieldend|move: Electric Terrain\n|upkeep\n|\n|t:|1773800913\n|switch|p1a: Calyrex|Calyrex-Ice, L50|100/100\n|-ability|p1a: Calyrex|As One\n|-ability|p1a: Calyrex|Unnerve\n|turn|6\n|\n|t:|1773800924\n|move|p2a: Don Arrogance|Protect|p2a: Don Arrogance\n|-singleturn|p2a: Don Arrogance|Protect\n|move|p2b: Don Bastio|Fissure|p1a: Calyrex|[miss]\n|-miss|p2b: Don Bastio|p1a: Calyrex\n|move|p1a: Calyrex|High Horsepower|p2b: Don Bastio\n|-supereffective|p2b: Don Bastio\n|-crit|p2b: Don Bastio\n|-damage|p2b: Don Bastio|0 fnt\n|faint|p2b: Don Bastio\n|-ability|p1a: Calyrex|Chilling Neigh|boost\n|-boost|p1a: Calyrex|atk|1\n|move|p1b: Miraidon|Electro Drift|p2a: Don Arrogance\n|-activate|p2a: Don Arrogance|move: Protect\n|\n|upkeep\n|turn|7\n|-message|Mentalsyndrome forfeited.\n|\n|win|sheeshshane925\n|raw|sheeshshane925's rating: 1474 &rarr; <strong>1488</strong><br />(+14 for winning)\n|raw|Mentalsyndrome's rating: 1370 &rarr; <strong>1356</strong><br />(-14 for losing)\n|l|\u2606sheeshshane925\n|player|p1|\n","uploadtime":1773801066,"views":11,"formatid":"gen9vgc2026regi","rating":1356,"private":0,"password":null}