{"id":"gen9vgc2026regi-2546510012","format":"[Gen 9] VGC 2026 Reg I","players":["is_katabo","Schimmli"],"log":"|j|\u2606is_katabo\n|j|\u2606Schimmli\n|t:|1771972135\n|gametype|doubles\n|player|p1|is_katabo|elesa|1204\n|player|p2|Schimmli|265|1439\n|gen|9\n|tier|[Gen 9] VGC 2026 Reg I\n|rated|\n|rule|Species Clause: Limit one of each Pok\u00e9mon\n|rule|Item Clause: Limit 1 of each item\n|clearpoke\n|poke|p1|Terapagos, L50, M|\n|poke|p1|Calyrex-Shadow, L50|\n|poke|p1|Incineroar, L50, M|\n|poke|p1|Rillaboom, L50, M|\n|poke|p1|Ogerpon-Wellspring, L50, F|\n|poke|p1|Flutter Mane, L50|\n|poke|p2|Terapagos, L50, M|\n|poke|p2|Calyrex-Shadow, L50|\n|poke|p2|Flutter Mane, L50|\n|poke|p2|Ogerpon-Cornerstone, L50, F|\n|poke|p2|Incineroar, L50, F|\n|poke|p2|Rillaboom, L50, M|\n|teampreview|4\n|\n|t:|1771972200\n|teamsize|p1|4\n|teamsize|p2|4\n|start\n|switch|p1a: Flutter Mane|Flutter Mane, L50|100/100\n|switch|p1b: Incineroar|Incineroar, L50, M|100/100\n|switch|p2a: Terapagos|Terapagos, L50, M|100/100\n|switch|p2b: Incineroar|Incineroar, L50, F, shiny|100/100\n|-activate|p2a: Terapagos|ability: Tera Shift\n|detailschange|p2a: Terapagos|Terapagos-Terastal, L50, M\n|-heal|p2a: Terapagos|100/100|[silent]\n|-ability|p2b: Incineroar|Intimidate|boost\n|-unboost|p1a: Flutter Mane|atk|1\n|-unboost|p1b: Incineroar|atk|1\n|-ability|p1b: Incineroar|Intimidate|boost\n|-unboost|p2a: Terapagos|atk|1\n|-unboost|p2b: Incineroar|atk|1\n|-enditem|p1a: Flutter Mane|Booster Energy\n|-activate|p1a: Flutter Mane|ability: Protosynthesis|[fromitem]\n|-start|p1a: Flutter Mane|protosynthesisspe\n|turn|1\n|\n|t:|1771972229\n|move|p2b: Incineroar|Fake Out|p1b: Incineroar\n|-damage|p1b: Incineroar|95/100\n|move|p1a: Flutter Mane|Taunt|p2a: Terapagos\n|-start|p2a: Terapagos|move: Taunt\n|move|p2a: Terapagos|Earth Power|p1b: Incineroar\n|-supereffective|p1b: Incineroar\n|-damage|p1b: Incineroar|48/100\n|cant|p1b: Incineroar|flinch\n|\n|upkeep\n|turn|2\n|\n|t:|1771972241\n|move|p1a: Flutter Mane|Moonblast|p2a: Terapagos\n|-activate|p2a: Terapagos|ability: Tera Shell\n|-resisted|p2a: Terapagos\n|-damage|p2a: Terapagos|81/100\n|-unboost|p2a: Terapagos|spa|1\n|move|p2a: Terapagos|Earth Power|p1b: Incineroar\n|-supereffective|p1b: Incineroar\n|-damage|p1b: Incineroar|18/100\n|move|p1b: Incineroar|Knock Off|p2a: Terapagos\n|-damage|p2a: Terapagos|65/100\n|-enditem|p2a: Terapagos|Leftovers|[from] move: Knock Off|[of] p1b: Incineroar\n|move|p2b: Incineroar|Knock Off|p1b: Incineroar\n|-resisted|p1b: Incineroar\n|-damage|p1b: Incineroar|7/100\n|-enditem|p1b: Incineroar|Safety Goggles|[from] move: Knock Off|[of] p2b: Incineroar\n|\n|upkeep\n|turn|3\n|\n|t:|1771972264\n|switch|p2a: Rillaboom|Rillaboom, L50, M|100/100\n|-fieldstart|move: Grassy Terrain|[from] ability: Grassy Surge|[of] p2a: Rillaboom\n|move|p1a: Flutter Mane|Moonblast|p2b: Incineroar\n|-damage|p2b: Incineroar|63/100\n|-unboost|p2b: Incineroar|spa|1\n|move|p1b: Incineroar|Will-O-Wisp|p2a: Rillaboom\n|-status|p2a: Rillaboom|brn\n|move|p2b: Incineroar|Parting Shot|p1a: Flutter Mane\n|-unboost|p1a: Flutter Mane|atk|1\n|-unboost|p1a: Flutter Mane|spa|1\n|\n|t:|1771972276\n|switch|p2b: Terapagos|Terapagos-Terastal, L50, M|65/100|[from] Parting Shot\n|\n|-heal|p2b: Terapagos|71/100|[from] Grassy Terrain\n|-heal|p1b: Incineroar|13/100|[from] Grassy Terrain\n|-damage|p2a: Rillaboom|95/100 brn|[from] brn\n|upkeep\n|turn|4\n|\n|t:|1771972287\n|move|p1a: Flutter Mane|Icy Wind|p2a: Rillaboom|[spread] p2a,p2b\n|-supereffective|p2a: Rillaboom\n|-damage|p2a: Rillaboom|85/100 brn\n|-damage|p2b: Terapagos|64/100\n|-unboost|p2a: Rillaboom|spe|1\n|-unboost|p2b: Terapagos|spe|1\n|move|p1b: Incineroar|Knock Off|p2a: Rillaboom\n|-damage|p2a: Rillaboom|62/100 brn\n|-enditem|p2a: Rillaboom|Assault Vest|[from] move: Knock Off|[of] p1b: Incineroar\n|move|p2b: Terapagos|Tera Starstorm|p1b: Incineroar\n|-damage|p1b: Incineroar|0 fnt\n|faint|p1b: Incineroar\n|move|p2a: Rillaboom|Wood Hammer|p1a: Flutter Mane\n|-damage|p1a: Flutter Mane|44/100\n|-damage|p2a: Rillaboom|48/100 brn|[from] Recoil\n|\n|-heal|p1a: Flutter Mane|50/100|[from] Grassy Terrain\n|-heal|p2b: Terapagos|70/100|[from] Grassy Terrain\n|-heal|p2a: Rillaboom|54/100 brn|[from] Grassy Terrain\n|-damage|p2a: Rillaboom|48/100 brn|[from] brn\n|upkeep\n|\n|t:|1771972312\n|switch|p1b: Calyrex|Calyrex-Shadow, L50|100/100\n|-ability|p1b: Calyrex|As One\n|-ability|p1b: Calyrex|Unnerve\n|turn|5\n|\n|t:|1771972328\n|switch|p2a: Incineroar|Incineroar, L50, F, shiny|63/100\n|-ability|p2a: Incineroar|Intimidate|boost\n|-unboost|p1a: Flutter Mane|atk|1\n|-unboost|p1b: Calyrex|atk|1\n|move|p1a: Flutter Mane|Moonblast|p2a: Incineroar\n|-damage|p2a: Incineroar|39/100\n|-unboost|p2a: Incineroar|spa|1\n|move|p1b: Calyrex|Psychic|p2a: Incineroar\n|-immune|p2a: Incineroar\n|move|p2b: Terapagos|Calm Mind|p2b: Terapagos\n|-boost|p2b: Terapagos|spa|1\n|-boost|p2b: Terapagos|spd|1\n|\n|-heal|p1a: Flutter Mane|56/100|[from] Grassy Terrain\n|-heal|p2a: Incineroar|45/100|[from] Grassy Terrain\n|-heal|p2b: Terapagos|77/100|[from] Grassy Terrain\n|upkeep\n|turn|6\n|\n|t:|1771972350\n|move|p2b: Terapagos|Protect|p2b: Terapagos\n|-singleturn|p2b: Terapagos|Protect\n|move|p1a: Flutter Mane|Moonblast|p2a: Incineroar\n|-crit|p2a: Incineroar\n|-damage|p2a: Incineroar|0 fnt\n|faint|p2a: Incineroar\n|move|p1b: Calyrex|Encore|p2b: Terapagos\n|-activate|p2b: Terapagos|move: Protect\n|\n|-heal|p1a: Flutter Mane|62/100|[from] Grassy Terrain\n|-heal|p2b: Terapagos|83/100|[from] Grassy Terrain\n|upkeep\n|\n|t:|1771972360\n|switch|p2a: Calyrex|Calyrex-Shadow, L50|100/100\n|-ability|p2a: Calyrex|As One\n|-ability|p2a: Calyrex|Unnerve\n|turn|7\n|\n|t:|1771972371\n|move|p1a: Flutter Mane|Icy Wind|p2b: Terapagos|[spread] p2a,p2b\n|-damage|p2a: Calyrex|92/100\n|-damage|p2b: Terapagos|78/100\n|-unboost|p2a: Calyrex|spe|1\n|-unboost|p2b: Terapagos|spe|1\n|move|p1b: Calyrex|Astral Barrage|p2b: Terapagos|[spread] p2a\n|-immune|p2b: Terapagos\n|-supereffective|p2a: Calyrex\n|-damage|p2a: Calyrex|0 fnt\n|faint|p2a: Calyrex\n|-ability|p1b: Calyrex|Grim Neigh|boost\n|-boost|p1b: Calyrex|spa|1\n|move|p2b: Terapagos|Earth Power|p1b: Calyrex\n|-damage|p1b: Calyrex|63/100\n|\n|-heal|p1a: Flutter Mane|68/100|[from] Grassy Terrain\n|-heal|p1b: Calyrex|68/100|[from] Grassy Terrain\n|-heal|p2b: Terapagos|84/100|[from] Grassy Terrain\n|-fieldend|move: Grassy Terrain\n|upkeep\n|\n|t:|1771972388\n|switch|p2a: Rillaboom|Rillaboom, L50, M|48/100 brn\n|-fieldstart|move: Grassy Terrain|[from] ability: Grassy Surge|[of] p2a: Rillaboom\n|turn|8\n|\n|t:|1771972400\n|-terastallize|p2b: Terapagos|Stellar\n|detailschange|p2b: Terapagos|Terapagos-Stellar, L50, M, tera:Stellar\n|-heal|p2b: Terapagos|88/100|[silent]\n|-ability|p2b: Terapagos|Teraform Zero\n|-fieldend|move: Grassy Terrain\n|move|p1a: Flutter Mane|Moonblast|p2a: Rillaboom\n|-damage|p2a: Rillaboom|22/100 brn\n|move|p1b: Calyrex|Astral Barrage|p2b: Terapagos|[spread] p2a\n|-immune|p2b: Terapagos\n|-damage|p2a: Rillaboom|0 fnt\n|faint|p2a: Rillaboom\n|-ability|p1b: Calyrex|Grim Neigh|boost\n|-boost|p1b: Calyrex|spa|1\n|move|p2b: Terapagos|Tera Starstorm|p1a: Flutter Mane|[spread] p1a,p1b\n|-damage|p1a: Flutter Mane|23/100\n|-damage|p1b: Calyrex|17/100\n|\n|upkeep\n|turn|9\n|\n|t:|1771972424\n|move|p1a: Flutter Mane|Moonblast|p2b: Terapagos\n|-damage|p2b: Terapagos|76/100\n|move|p1b: Calyrex|Psychic|p2b: Terapagos\n|-damage|p2b: Terapagos|32/100\n|move|p2b: Terapagos|Tera Starstorm|p1a: Flutter Mane|[spread] p1a,p1b\n|-damage|p1a: Flutter Mane|0 fnt\n|-damage|p1b: Calyrex|0 fnt\n|faint|p1a: Flutter Mane\n|-end|p1a: Flutter Mane|Protosynthesis|[silent]\n|faint|p1b: Calyrex\n|\n|upkeep\n|\n|t:|1771972431\n|switch|p1b: Terapagos|Terapagos, L50, M|100/100\n|-activate|p1b: Terapagos|ability: Tera Shift\n|detailschange|p1b: Terapagos|Terapagos-Terastal, L50, M\n|-heal|p1b: Terapagos|100/100|[silent]\n|turn|10\n|\n|t:|1771972440\n|move|p1b: Terapagos|Tera Starstorm|p2b: Terapagos\n|-damage|p2b: Terapagos|8/100\n|move|p2b: Terapagos|Tera Starstorm|p1b: Terapagos\n|-activate|p1b: Terapagos|ability: Tera Shell\n|-resisted|p1b: Terapagos\n|-damage|p1b: Terapagos|71/100\n|\n|-heal|p1b: Terapagos|78/100|[from] item: Leftovers\n|upkeep\n|turn|11\n|\n|t:|1771972450\n|move|p2b: Terapagos|Protect|p2b: Terapagos\n|-singleturn|p2b: Terapagos|Protect\n|move|p1b: Terapagos|Tera Starstorm|p2b: Terapagos\n|-activate|p2b: Terapagos|move: Protect\n|\n|-heal|p1b: Terapagos|84/100|[from] item: Leftovers\n|upkeep\n|turn|12\n|\n|t:|1771972454\n|move|p1b: Terapagos|Tera Starstorm|p2b: Terapagos\n|-damage|p2b: Terapagos|0 fnt\n|faint|p2b: Terapagos\n|detailschange|p2: Terapagos|Terapagos, L50, M|[silent]\n|\n|win|is_katabo\n|raw|is_katabo's rating: 1204 &rarr; <strong>1244</strong><br />(+40 for winning)\n|raw|Schimmli's rating: 1439 &rarr; <strong>1407</strong><br />(-32 for losing)\n|c|\u2606Schimmli|g\n|c|\u2606Schimmli|g\n|c|\u2606is_katabo|gg\n|l|\u2606Schimmli\n|player|p2|\n","uploadtime":1771972454,"views":19,"formatid":"gen9vgc2026regi","rating":1244,"private":0,"password":null}