{"id":"gen9vgc2026regi-2587686415","format":"[Gen 9] VGC 2026 Reg I","players":["vitu_0713","BenSon_A27_Zong"],"log":"|j|\u2606vitu_0713\n|j|\u2606BenSon_A27_Zong\n|t:|1776553856\n|gametype|doubles\n|player|p1|vitu_0713|265|1250\n|player|p2|BenSon_A27_Zong|bugsy|1221\n|gen|9\n|tier|[Gen 9] VGC 2026 Reg I\n|rated|\n|rule|Species Clause: Limit one of each Pok\u00e9mon\n|rule|Item Clause: Limit 1 of each item\n|clearpoke\n|poke|p1|Lunala, L50|\n|poke|p1|Ursaluna, L50, M|\n|poke|p1|Urshifu-*, L50, F|\n|poke|p1|Miraidon, L50|\n|poke|p1|Grimmsnarl, L50, M|\n|poke|p1|Incineroar, L50, M|\n|poke|p2|Muk-Alola, L50, M|\n|poke|p2|Grimmsnarl, L50, M|\n|poke|p2|Incineroar, L50, F|\n|poke|p2|Smeargle, L50, F|\n|poke|p2|Calyrex-Shadow, L50|\n|poke|p2|Miraidon, L50|\n|teampreview|4\n|inactive|Battle timer is ON: inactive players will automatically lose when time's up. (requested by BenSon_A27_Zong)\n|inactive|vitu_0713 has 60 seconds left.\n|\n|t:|1776553909\n|teamsize|p1|4\n|teamsize|p2|4\n|start\n|switch|p1a: Lunala|Lunala, L50|100/100\n|switch|p1b: Ursaluna|Ursaluna, L50, M|100/100\n|switch|p2a: Grimmsnarl|Grimmsnarl, L50, M|100/100\n|switch|p2b: Incineroar|Incineroar, L50, F|100/100\n|-ability|p2b: Incineroar|Intimidate|boost\n|-unboost|p1a: Lunala|atk|1\n|-unboost|p1b: Ursaluna|atk|1\n|turn|1\n|\n|t:|1776553920\n|move|p1b: Ursaluna|Protect|p1b: Ursaluna\n|-singleturn|p1b: Ursaluna|Protect\n|move|p2a: Grimmsnarl|Reflect|p2a: Grimmsnarl\n|-sidestart|p2: BenSon_A27_Zong|Reflect\n|move|p2b: Incineroar|Knock Off|p1a: Lunala\n|-supereffective|p1a: Lunala\n|-damage|p1a: Lunala|21/100\n|-enditem|p1a: Lunala|Electric Seed|[from] move: Knock Off|[of] p2b: Incineroar\n|move|p1a: Lunala|Trick Room|p1a: Lunala\n|-fieldstart|move: Trick Room|[of] p1a: Lunala\n|\n|-status|p1b: Ursaluna|brn|[from] item: Flame Orb\n|upkeep\n|turn|2\n|inactive|vitu_0713 has 30 seconds left.\n|\n|t:|1776553946\n|switch|p1a: Incineroar|Incineroar, L50, M|100/100\n|-ability|p1a: Incineroar|Intimidate|boost\n|-unboost|p2a: Grimmsnarl|atk|1\n|-unboost|p2b: Incineroar|atk|1\n|move|p2a: Grimmsnarl|Parting Shot|p1b: Ursaluna\n|-unboost|p1b: Ursaluna|atk|1\n|-unboost|p1b: Ursaluna|spa|1\n|\n|t:|1776553954\n|switch|p2a: Muk|Muk-Alola, L50, M|100/100|[from] Parting Shot\n|move|p1b: Ursaluna|Headlong Rush|p2b: Incineroar\n|-supereffective|p2b: Incineroar\n|-crit|p2b: Incineroar\n|-damage|p2b: Incineroar|0 fnt\n|-unboost|p1b: Ursaluna|def|1\n|-unboost|p1b: Ursaluna|spd|1\n|faint|p2b: Incineroar\n|-ability|p2a: Muk|Intimidate|Power of Alchemy|[from] ability: Power of Alchemy|[of] p2b: Incineroar\n|-ability|p2a: Muk|Intimidate|boost\n|-unboost|p1a: Incineroar|atk|1\n|-unboost|p1b: Ursaluna|atk|1\n|\n|-damage|p1b: Ursaluna|95/100 brn|[from] brn\n|upkeep\n|\n|t:|1776553967\n|switch|p2b: Smeargle|Smeargle, L50, F|100/100\n|turn|3\n|\n|t:|1776553991\n|switch|p1b: Urshifu|Urshifu-Rapid-Strike, L50, F|100/100\n|move|p2a: Muk|Minimize|p2a: Muk\n|-boost|p2a: Muk|evasion|2\n|move|p1a: Incineroar|Will-O-Wisp|p2a: Muk|[miss]\n|-miss|p1a: Incineroar|p2a: Muk\n|move|p2b: Smeargle|Spore|p1a: Incineroar\n|-status|p1a: Incineroar|slp|[from] move: Spore\n|\n|-ability|p2b: Smeargle|Moody|boost\n|-boost|p2b: Smeargle|spd|2\n|-unboost|p2b: Smeargle|atk|1\n|upkeep\n|turn|4\n|\n|t:|1776554011\n|switch|p1a: Ursaluna|Ursaluna, L50, M|95/100 brn\n|move|p2a: Muk|Minimize|p2a: Muk\n|-boost|p2a: Muk|evasion|2\n|move|p2b: Smeargle|Spore|p1b: Urshifu\n|-status|p1b: Urshifu|slp|[from] move: Spore\n|cant|p1b: Urshifu|slp\n|\n|-damage|p1a: Ursaluna|89/100 brn|[from] brn\n|-ability|p2b: Smeargle|Moody|boost\n|-boost|p2b: Smeargle|def|2\n|-unboost|p2b: Smeargle|atk|1\n|upkeep\n|turn|5\n|inactive|vitu_0713 has 30 seconds left.\n|inactive|BenSon_A27_Zong has 30 seconds left.\n|\n|t:|1776554041\n|switch|p2b: Grimmsnarl|Grimmsnarl, L50, M|100/100\n|-terastallize|p2a: Muk|Water\n|move|p1a: Ursaluna|Headlong Rush|p2a: Muk|[miss]\n|-miss|p1a: Ursaluna|p2a: Muk\n|move|p2a: Muk|Minimize|p2a: Muk\n|-boost|p2a: Muk|evasion|2\n|-curestatus|p1b: Urshifu|slp|[msg]\n|move|p1b: Urshifu|Surging Strikes|p2b: Grimmsnarl\n|-crit|p2b: Grimmsnarl\n|-damage|p2b: Grimmsnarl|61/100\n|-crit|p2b: Grimmsnarl\n|-damage|p2b: Grimmsnarl|24/100\n|-crit|p2b: Grimmsnarl\n|-damage|p2b: Grimmsnarl|0 fnt\n|faint|p2b: Grimmsnarl\n|-hitcount|p2: Grimmsnarl|3\n|\n|-damage|p1a: Ursaluna|83/100 brn|[from] brn\n|-fieldend|move: Trick Room\n|upkeep\n|\n|t:|1776554046\n|switch|p2b: Smeargle|Smeargle, L50, F|100/100\n|turn|6\n|\n|t:|1776554069\n|move|p1b: Urshifu|Surging Strikes|p2b: Smeargle\n|-crit|p2b: Smeargle\n|-damage|p2b: Smeargle|20/100\n|-crit|p2b: Smeargle\n|-damage|p2b: Smeargle|0 fnt\n|faint|p2b: Smeargle\n|-hitcount|p2: Smeargle|2\n|move|p2a: Muk|Poison Jab|p1a: Ursaluna\n|-resisted|p1a: Ursaluna\n|-damage|p1a: Ursaluna|72/100 brn\n|move|p1a: Ursaluna|Facade|p2a: Muk\n|-damage|p2a: Muk|39/100\n|\n|-heal|p2a: Muk|45/100|[from] item: Leftovers\n|-damage|p1a: Ursaluna|66/100 brn|[from] brn\n|upkeep\n|turn|7\n|\n|t:|1776554086\n|switch|p1b: Incineroar|Incineroar, L50, M|100/100 slp\n|-ability|p1b: Incineroar|Intimidate|boost\n|-unboost|p2a: Muk|atk|1\n|move|p2a: Muk|Protect|p2a: Muk\n|-singleturn|p2a: Muk|Protect\n|move|p1a: Ursaluna|Facade|p2a: Muk\n|-activate|p2a: Muk|move: Protect\n|\n|-heal|p2a: Muk|51/100|[from] item: Leftovers\n|-damage|p1a: Ursaluna|60/100 brn|[from] brn\n|upkeep\n|turn|8\n|\n|t:|1776554097\n|cant|p1b: Incineroar|slp\n|move|p2a: Muk|Poison Jab|p1a: Ursaluna\n|-resisted|p1a: Ursaluna\n|-damage|p1a: Ursaluna|52/100 brn\n|move|p1a: Ursaluna|Facade|p2a: Muk\n|-damage|p2a: Muk|0 fnt\n|faint|p2a: Muk\n|\n|win|vitu_0713\n|raw|vitu_0713's rating: 1250 &rarr; <strong>1273</strong><br />(+23 for winning)\n|raw|BenSon_A27_Zong's rating: 1221 &rarr; <strong>1198</strong><br />(-23 for losing)\n|l|\u2606BenSon_A27_Zong\n|player|p2|\n|l|\u2606vitu_0713\n|player|p1|\n","uploadtime":1776554264,"views":7,"formatid":"gen9vgc2026regi","rating":1198,"private":0,"password":null}