{"id":"gen9vgc2026regi-2563185059","format":"[Gen 9] VGC 2026 Reg I","players":["virusggg","jj11j1"],"log":"|j|\u2606virusggg\n|j|\u2606jj11j1\n|t:|1774000066\n|gametype|doubles\n|player|p1|virusggg|169|1296\n|player|p2|jj11j1|102|1359\n|gen|9\n|tier|[Gen 9] VGC 2026 Reg I\n|rated|\n|rule|Species Clause: Limit one of each Pok\u00e9mon\n|rule|Item Clause: Limit 1 of each item\n|clearpoke\n|poke|p1|Miraidon, L50|\n|poke|p1|Grimmsnarl, L50, M|\n|poke|p1|Volcarona, L50, F|\n|poke|p1|Zamazenta-*, L50|\n|poke|p1|Ditto, L50|\n|poke|p1|Iron Hands, L50|\n|poke|p2|Kyogre, L50|\n|poke|p2|Calyrex-Ice, L50|\n|poke|p2|Landorus, L50, M|\n|poke|p2|Urshifu-*, L50, M|\n|poke|p2|Smeargle, L50, F|\n|poke|p2|Flutter Mane, L50|\n|teampreview|4\n|inactive|Battle timer is ON: inactive players will automatically lose when time's up. (requested by jj11j1)\n|\n|t:|1774000098\n|teamsize|p1|4\n|teamsize|p2|4\n|start\n|switch|p1a: Zamazenta|Zamazenta-Crowned, L50|100/100\n|switch|p1b: Miraidon|Miraidon, L50|100/100\n|switch|p2a: Smeargle|Smeargle, L50, F|100/100\n|switch|p2b: Calyrex|Calyrex-Ice, L50|100/100\n|-ability|p2b: Calyrex|As One\n|-ability|p2b: Calyrex|Unnerve\n|-fieldstart|move: Electric Terrain|[from] ability: Hadron Engine|[of] p1b: Miraidon\n|-ability|p1a: Zamazenta|Dauntless Shield|boost\n|-boost|p1a: Zamazenta|def|1\n|turn|1\n|\n|t:|1774000122\n|-terastallize|p2b: Calyrex|Grass\n|move|p2a: Smeargle|Fake Out|p1b: Miraidon\n|-damage|p1b: Miraidon|95/100\n|cant|p1b: Miraidon|flinch\n|move|p1a: Zamazenta|Behemoth Bash|p2b: Calyrex\n|-damage|p2b: Calyrex|76/100\n|move|p2b: Calyrex|Trick Room|p2b: Calyrex\n|-fieldstart|move: Trick Room|[of] p2b: Calyrex\n|\n|-ability|p2a: Smeargle|Moody|boost\n|-boost|p2a: Smeargle|atk|2\n|-unboost|p2a: Smeargle|spe|1\n|-enditem|p2a: Smeargle|Eject Pack\n|upkeep\n|\n|t:|1774000138\n|switch|p2a: Landorus|Landorus, L50, M|100/100\n|turn|2\n|inactive|virusggg has 30 seconds left.\n|inactive|virusggg has 20 seconds left.\n|inactive|virusggg has 15 seconds left.\n|\n|t:|1774000179\n|-terastallize|p1b: Miraidon|Fairy\n|move|p1a: Zamazenta|Protect|p1a: Zamazenta\n|-singleturn|p1a: Zamazenta|Protect\n|move|p2b: Calyrex|Seed Bomb|p1b: Miraidon\n|-damage|p1b: Miraidon|44/100\n|move|p2a: Landorus|Earth Power|p1a: Zamazenta\n|-activate|p1a: Zamazenta|move: Protect\n|move|p1b: Miraidon|Dazzling Gleam|p2b: Calyrex|[spread] p2a,p2b\n|-damage|p2a: Landorus|20/100\n|-damage|p2b: Calyrex|34/100\n|\n|upkeep\n|turn|3\n|inactive|jj11j1 has 30 seconds left.\n|\n|t:|1774000206\n|move|p2b: Calyrex|Seed Bomb|p1b: Miraidon\n|-damage|p1b: Miraidon|0 fnt\n|faint|p1b: Miraidon\n|-ability|p2b: Calyrex|Chilling Neigh|boost\n|-boost|p2b: Calyrex|atk|1\n|move|p2a: Landorus|Earth Power|p1a: Zamazenta\n|-supereffective|p1a: Zamazenta\n|-damage|p1a: Zamazenta|0 fnt\n|faint|p1a: Zamazenta\n|\n|upkeep\n|\n|t:|1774000209\n|switch|p1a: Iron Hands|Iron Hands, L50|100/100\n|switch|p1b: Ditto|Ditto, L50|100/100\n|-transform|p1b: Ditto|p2a: Landorus|[from] ability: Imposter\n|-activate|p1a: Iron Hands|ability: Quark Drive\n|-start|p1a: Iron Hands|quarkdriveatk\n|turn|4\n|\n|t:|1774000235\n|move|p1a: Iron Hands|Fake Out|p2b: Calyrex\n|-damage|p2b: Calyrex|21/100\n|cant|p2b: Calyrex|flinch\n|move|p2a: Landorus|Sludge Bomb|p1b: Ditto\n|-resisted|p1b: Ditto\n|-damage|p1b: Ditto|71/100\n|move|p1b: Ditto|Earth Power|p2b: Calyrex\n|-resisted|p2b: Calyrex\n|-damage|p2b: Calyrex|3/100\n|\n|upkeep\n|turn|5\n|-message|virusggg forfeited.\n|\n|win|jj11j1\n|raw|virusggg's rating: 1296 &rarr; <strong>1275</strong><br />(-21 for losing)\n|raw|jj11j1's rating: 1359 &rarr; <strong>1375</strong><br />(+16 for winning)\n|l|\u2606virusggg\n|player|p1|\n|l|\u2606jj11j1\n|player|p2|\n","uploadtime":1774000470,"views":10,"formatid":"gen9vgc2026regi","rating":1275,"private":0,"password":null}