{"id":"gen9vgc2026regi-2565754354","format":"[Gen 9] VGC 2026 Reg I","players":["caZISA","itastelikeiron"],"log":"|j|\u2606caZISA\n|j|\u2606itastelikeiron\n|t:|1774301223\n|gametype|doubles\n|player|p1|caZISA|red|1575\n|player|p2|itastelikeiron|infielder|1451\n|gen|9\n|tier|[Gen 9] VGC 2026 Reg I\n|rated|\n|rule|Species Clause: Limit one of each Pok\u00e9mon\n|rule|Item Clause: Limit 1 of each item\n|clearpoke\n|poke|p1|Calyrex-Shadow, L50|\n|poke|p1|Zamazenta-*, L50|\n|poke|p1|Ogerpon-Cornerstone, L50, F|\n|poke|p1|Rillaboom, L50, M|\n|poke|p1|Incineroar, L50, F|\n|poke|p1|Clefairy, L50, F|\n|poke|p2|Tornadus, L50, M|\n|poke|p2|Kyogre, L50|\n|poke|p2|Miraidon, L50|\n|poke|p2|Tsareena, L50, F|\n|poke|p2|Incineroar, L50, F|\n|poke|p2|Basculegion, L50, M|\n|teampreview|4\n|\n|t:|1774301255\n|teamsize|p1|4\n|teamsize|p2|4\n|start\n|switch|p1a: Calyrex|Calyrex-Shadow, L50|100/100\n|switch|p1b: super saiyan 4|Rillaboom, L50, M|100/100\n|switch|p2a: Kyogre|Kyogre, L50|100/100\n|switch|p2b: Tornadus|Tornadus, L50, M|100/100\n|-ability|p1a: Calyrex|As One\n|-ability|p1a: Calyrex|Unnerve\n|-weather|RainDance|[from] ability: Drizzle|[of] p2a: Kyogre\n|-fieldstart|move: Grassy Terrain|[from] ability: Grassy Surge|[of] p1b: super saiyan 4\n|turn|1\n|inactive|Battle timer is ON: inactive players will automatically lose when time's up. (requested by caZISA)\n|\n|t:|1774301267\n|switch|p2b: Tsareena|Tsareena, L50, F|100/100\n|-terastallize|p2a: Kyogre|Water\n|move|p1a: Calyrex|Protect|p1a: Calyrex\n|-singleturn|p1a: Calyrex|Protect\n|move|p2a: Kyogre|Water Spout|p1b: super saiyan 4|[spread] p1b\n|-activate|p1a: Calyrex|move: Protect\n|-resisted|p1b: super saiyan 4\n|-damage|p1b: super saiyan 4|63/100\n|move|p1b: super saiyan 4|Drum Beating|p2a: Kyogre\n|-supereffective|p2a: Kyogre\n|-damage|p2a: Kyogre|0 fnt\n|faint|p2a: Kyogre\n|\n|-weather|RainDance|[upkeep]\n|-heal|p1b: super saiyan 4|69/100|[from] Grassy Terrain\n|upkeep\n|\n|t:|1774301279\n|switch|p2a: Miraidon|Miraidon, L50|100/100\n|-fieldstart|move: Electric Terrain|[from] ability: Hadron Engine|[of] p2a: Miraidon\n|turn|2\n|inactive|caZISA has 30 seconds left.\n|\n|t:|1774301307\n|switch|p1a: Clefairy|Clefairy, L50, F|100/100\n|move|p2a: Miraidon|Volt Switch|p1a: Clefairy\n|-damage|p1a: Clefairy|19/100\n|-damage|p2a: Miraidon|91/100|[from] item: Life Orb\n|\n|t:|1774301312\n|switch|p2a: Tornadus|Tornadus, L50, M|100/100|[from] Volt Switch\n|move|p2b: Tsareena|Triple Axel|p1a: Clefairy\n|-damage|p1a: Clefairy|13/100\n|-damage|p1a: Clefairy|2/100\n|-damage|p1a: Clefairy|0 fnt\n|faint|p1a: Clefairy\n|-hitcount|p1: Clefairy|3\n|move|p1b: super saiyan 4|U-turn|p2b: Tsareena\n|-supereffective|p2b: Tsareena\n|-damage|p2b: Tsareena|43/100\n|\n|t:|1774301318\n|switch|p1b: Calyrex|Calyrex-Shadow, L50|100/100|[from] U-turn\n|-ability|p1b: Calyrex|As One\n|-ability|p1b: Calyrex|Unnerve\n|\n|-weather|RainDance|[upkeep]\n|upkeep\n|\n|t:|1774301322\n|switch|p1a: Zamazenta|Zamazenta-Crowned, L50, shiny|100/100\n|-ability|p1a: Zamazenta|Dauntless Shield|boost\n|-boost|p1a: Zamazenta|def|1\n|turn|3\n|\n|t:|1774301335\n|move|p2a: Tornadus|Tailwind|p2a: Tornadus\n|-sidestart|p2: itastelikeiron|move: Tailwind\n|move|p2b: Tsareena|Power Whip|p1b: Calyrex\n|-damage|p1b: Calyrex|39/100\n|move|p1b: Calyrex|Astral Barrage|p2a: Tornadus|[spread] p2a,p2b\n|-damage|p2a: Tornadus|24/100\n|-damage|p2b: Tsareena|0 fnt\n|faint|p2b: Tsareena\n|-ability|p1b: Calyrex|Grim Neigh|boost\n|-boost|p1b: Calyrex|spa|1\n|-damage|p1b: Calyrex|29/100|[from] item: Life Orb\n|move|p1a: Zamazenta|Behemoth Bash|p2a: Tornadus\n|-damage|p2a: Tornadus|0 fnt\n|faint|p2a: Tornadus\n|\n|-weather|RainDance|[upkeep]\n|upkeep\n|\n|t:|1774301339\n|switch|p2b: Miraidon|Miraidon, L50|91/100\n|-activate|p2b: Miraidon|ability: Hadron Engine\n|turn|4\n|\n|t:|1774301354\n|switch|p1b: super saiyan 4|Rillaboom, L50, M|69/100\n|-fieldstart|move: Grassy Terrain|[from] ability: Grassy Surge|[of] p1b: super saiyan 4\n|move|p2b: Miraidon|Thunder|p1a: Zamazenta\n|-damage|p1a: Zamazenta|48/100\n|-damage|p2b: Miraidon|81/100|[from] item: Life Orb\n|move|p1a: Zamazenta|Body Press|p2b: Miraidon\n|-damage|p2b: Miraidon|8/100\n|\n|-weather|RainDance|[upkeep]\n|-heal|p2b: Miraidon|15/100|[from] Grassy Terrain\n|-heal|p1a: Zamazenta|55/100|[from] Grassy Terrain\n|-heal|p1b: super saiyan 4|75/100|[from] Grassy Terrain\n|upkeep\n|turn|5\n|-message|itastelikeiron forfeited.\n|\n|win|caZISA\n|raw|caZISA's rating: 1575 &rarr; <strong>1587</strong><br />(+12 for winning)\n|raw|itastelikeiron's rating: 1429 &rarr; <strong>1417</strong><br />(-12 for losing)\n|l|\u2606itastelikeiron\n|player|p2|\n|l|\u2606caZISA\n|player|p1|\n","uploadtime":1774301611,"views":11,"formatid":"gen9vgc2026regi","rating":1417,"private":0,"password":null}