{"id":"gen9vgc2026regi-2556752165","format":"[Gen 9] VGC 2026 Reg I","players":["airline198","S0UPO1"],"log":"|j|\u2606airline198\n|j|\u2606S0UPO1\n|t:|1773245807\n|gametype|doubles\n|player|p1|airline198|winona-gen6|1093\n|player|p2|S0UPO1|2|1106\n|gen|9\n|tier|[Gen 9] VGC 2026 Reg I\n|rated|\n|rule|Species Clause: Limit one of each Pok\u00e9mon\n|rule|Item Clause: Limit 1 of each item\n|clearpoke\n|poke|p1|Calyrex-Ice, L50|\n|poke|p1|Scraggy, L50, F|\n|poke|p1|Miraidon, L50|\n|poke|p1|Farigiraf, L50, M|\n|poke|p1|Iron Treads, L50|\n|poke|p1|Iron Hands, L50|\n|poke|p2|Kyogre, L50|\n|poke|p2|Roaring Moon, L50|\n|poke|p2|Landorus, L50, M|\n|poke|p2|Bruxish, L50, F|\n|poke|p2|Indeedee-F, L50, F|\n|poke|p2|Scizor, L50, M|\n|teampreview|4\n|inactive|Battle timer is ON: inactive players will automatically lose when time's up. (requested by airline198)\n|c|\u2606S0UPO1|W scraggy I used to use this team\n|inactive|S0UPO1 has 60 seconds left.\n|\n|t:|1773245843\n|teamsize|p1|4\n|teamsize|p2|4\n|start\n|switch|p1a: Miraidon|Miraidon, L50|100/100\n|switch|p1b: Calyrex|Calyrex-Ice, L50|100/100\n|switch|p2a: Roaring Moon|Roaring Moon, L50|100/100\n|switch|p2b: Scizor|Scizor, L50, M|100/100\n|-ability|p1b: Calyrex|As One\n|-ability|p1b: Calyrex|Unnerve\n|-fieldstart|move: Electric Terrain|[from] ability: Hadron Engine|[of] p1a: Miraidon\n|-enditem|p2a: Roaring Moon|Booster Energy\n|-activate|p2a: Roaring Moon|ability: Protosynthesis|[fromitem]\n|-start|p2a: Roaring Moon|protosynthesisspe\n|turn|1\n|c|\u2606airline198|yeah its a fun team i pushed to top 1000 in scarlet\n|inactive|airline198 has 30 seconds left.\n|inactive|airline198 has 20 seconds left.\n|inactive|airline198 has 15 seconds left.\n|\n|t:|1773245886\n|move|p1b: Calyrex|Protect|p1b: Calyrex\n|-singleturn|p1b: Calyrex|Protect\n|move|p2a: Roaring Moon|Tailwind|p2a: Roaring Moon\n|-sidestart|p2: S0UPO1|move: Tailwind\n|move|p2b: Scizor|Bug Bite|p1b: Calyrex\n|-activate|p1b: Calyrex|move: Protect\n|move|p1a: Miraidon|Dazzling Gleam|p2a: Roaring Moon|[spread] p2a,p2b\n|-supereffective|p2a: Roaring Moon\n|-resisted|p2b: Scizor\n|-damage|p2a: Roaring Moon|0 fnt\n|-damage|p2b: Scizor|71/100\n|faint|p2a: Roaring Moon\n|-end|p2a: Roaring Moon|Protosynthesis|[silent]\n|\n|upkeep\n|\n|t:|1773245899\n|switch|p2a: Bruxish|Bruxish, L50, F, shiny|100/100\n|turn|2\n|\n|t:|1773245907\n|switch|p1a: Farigiraf|Farigiraf, L50, M|100/100\n|-enditem|p1a: Farigiraf|Electric Seed\n|-boost|p1a: Farigiraf|def|1|[from] item: Electric Seed\n|switch|p1b: Iron Hands|Iron Hands, L50|100/100\n|-activate|p1b: Iron Hands|ability: Quark Drive\n|-start|p1b: Iron Hands|quarkdriveatk\n|move|p2a: Bruxish|Super Fang|p1a: Farigiraf\n|-damage|p1a: Farigiraf|50/100\n|move|p2b: Scizor|Bug Bite|p1b: Iron Hands\n|-resisted|p1b: Iron Hands\n|-damage|p1b: Iron Hands|73/100\n|\n|upkeep\n|turn|3\n|inactive|S0UPO1 has 30 seconds left.\n|inactive|S0UPO1 has 20 seconds left.\n|inactive|S0UPO1 has 15 seconds left.\n|inactive|S0UPO1 has 10 seconds left.\n|\n|t:|1773245957\n|move|p1b: Iron Hands|Fake Out||[still]\n|cant|p2a: Bruxish|ability: Dazzling|Fake Out|[of] p1b: Iron Hands\n|move|p2a: Bruxish|Super Fang|p1b: Iron Hands\n|-damage|p1b: Iron Hands|37/100\n|move|p2b: Scizor|Bug Bite|p1a: Farigiraf\n|-supereffective|p1a: Farigiraf\n|-damage|p1a: Farigiraf|0 fnt\n|faint|p1a: Farigiraf\n|\n|upkeep\n|\n|t:|1773245965\n|switch|p1a: Calyrex|Calyrex-Ice, L50|100/100\n|-ability|p1a: Calyrex|As One\n|-ability|p1a: Calyrex|Unnerve\n|turn|4\n|inactive|S0UPO1 has 30 seconds left.\n|\n|t:|1773245995\n|-terastallize|p1a: Calyrex|Fire\n|move|p2a: Bruxish|Psychic Fangs|p1b: Iron Hands\n|-supereffective|p1b: Iron Hands\n|-damage|p1b: Iron Hands|0 fnt\n|faint|p1b: Iron Hands\n|-end|p1b: Iron Hands|Quark Drive|[silent]\n|move|p2b: Scizor|Bug Bite|p1a: Calyrex\n|-resisted|p1a: Calyrex\n|-damage|p1a: Calyrex|75/100\n|move|p1a: Calyrex|Trick Room|p1a: Calyrex\n|-fieldstart|move: Trick Room|[of] p1a: Calyrex\n|\n|-sideend|p2: S0UPO1|move: Tailwind\n|upkeep\n|\n|t:|1773245999\n|switch|p1b: Miraidon|Miraidon, L50|100/100\n|-activate|p1b: Miraidon|ability: Hadron Engine\n|turn|5\n|\n|t:|1773246018\n|move|p2a: Bruxish|Aqua Jet|p1a: Calyrex\n|-supereffective|p1a: Calyrex\n|-damage|p1a: Calyrex|52/100\n|move|p1a: Calyrex|High Horsepower|p2b: Scizor\n|-damage|p2b: Scizor|29/100\n|move|p2b: Scizor|Bug Bite|p1b: Miraidon\n|-damage|p1b: Miraidon|33/100\n|move|p1b: Miraidon|Electro Drift|p2a: Bruxish\n|-supereffective|p2a: Bruxish\n|-enditem|p2a: Bruxish|Focus Sash\n|-damage|p2a: Bruxish|1/100\n|\n|-fieldend|move: Electric Terrain\n|upkeep\n|turn|6\n|\n|t:|1773246034\n|move|p2a: Bruxish|Aqua Jet|p1a: Calyrex\n|-supereffective|p1a: Calyrex\n|-damage|p1a: Calyrex|26/100\n|move|p1a: Calyrex|Glacial Lance|p2b: Scizor|[spread] p2a,p2b\n|-resisted|p2a: Bruxish\n|-resisted|p2b: Scizor\n|-damage|p2a: Bruxish|0 fnt\n|-damage|p2b: Scizor|1/100\n|faint|p2a: Bruxish\n|-ability|p1a: Calyrex|Chilling Neigh|boost\n|-boost|p1a: Calyrex|atk|1\n|move|p2b: Scizor|Bug Bite|p1b: Miraidon\n|-damage|p1b: Miraidon|0 fnt\n|faint|p1b: Miraidon\n|\n|upkeep\n|\n|t:|1773246049\n|switch|p2a: Kyogre|Kyogre, L50|100/100\n|-weather|RainDance|[from] ability: Drizzle|[of] p2a: Kyogre\n|turn|7\n|inactive|airline198 has 30 seconds left.\n|inactive|airline198 has 20 seconds left.\n|inactive|airline198 has 15 seconds left.\n|inactive|airline198 has 10 seconds left.\n|inactive|airline198 has 5 seconds left.\n|\n|t:|1773246104\n|-terastallize|p2a: Kyogre|Water\n|move|p1a: Calyrex|Glacial Lance|p2a: Kyogre|[spread] p2a,p2b\n|-resisted|p2a: Kyogre\n|-resisted|p2b: Scizor\n|-damage|p2a: Kyogre|49/100\n|-damage|p2b: Scizor|0 fnt\n|faint|p2b: Scizor\n|-ability|p1a: Calyrex|Chilling Neigh|boost\n|-boost|p1a: Calyrex|atk|1\n|move|p2a: Kyogre|Water Spout|p1a: Calyrex\n|-supereffective|p1a: Calyrex\n|-damage|p1a: Calyrex|0 fnt\n|faint|p1a: Calyrex\n|\n|win|S0UPO1\n|raw|airline198's rating: 1093 &rarr; <strong>1070</strong><br />(-23 for losing)\n|raw|S0UPO1's rating: 1106 &rarr; <strong>1130</strong><br />(+24 for winning)\n|l|\u2606airline198\n|player|p1|\n","uploadtime":1773246347,"views":12,"formatid":"gen9vgc2026regi","rating":1070,"private":0,"password":null}