{"id":"gen9vgc2026regi-2535953350","format":"[Gen 9] VGC 2026 Reg I","players":["smartyff","Sneaselpink"],"log":"|j|\u2606smartyff\n|j|\u2606Sneaselpink\n|t:|1770637734\n|gametype|doubles\n|player|p1|smartyff|170|\n|player|p2|Sneaselpink|silver|\n|gen|9\n|tier|[Gen 9] VGC 2026 Reg I\n|rated|Tournament battle\n|rule|Species Clause: Limit one of each Pok\u00e9mon\n|rule|Item Clause: Limit 1 of each item\n|raw|<div class=\"infobox\"><details class=\"readmore\" open><summary><strong>3 custom rules:</strong></summary> Open Team Sheets, Force Open Team Sheets, !Open Team Sheets</details></div>\n|clearpoke\n|poke|p1|Zacian-*, L50|\n|poke|p1|Urshifu-*, L50, M|\n|poke|p1|Rillaboom, L50, F|\n|poke|p1|Reshiram, L50|\n|poke|p1|Roaring Moon, L50|\n|poke|p1|Ogerpon-Cornerstone, L50, F|\n|poke|p2|Incineroar, L50, M|\n|poke|p2|Rillaboom, L50, M|\n|poke|p2|Amoonguss, L50, M|\n|poke|p2|Miraidon, L50|\n|poke|p2|Kyogre, L50|\n|poke|p2|Tornadus, L50, M|\n|teampreview|4\n|showteam|p1|Zacian-Crowned||RustedSword|IntrepidSword|SwordsDance,behemothblade,Protect,PlayRough||||||50|,,,,,Water]Urshifu-Rapid-Strike||FocusSash|UnseenFist|SurgingStrikes,CloseCombat,AquaJet,Detect|||M|||50|,,,,,Stellar]Rillaboom||AssaultVest|GrassySurge|FakeOut,WoodHammer,HighHorsepower,GrassyGlide|||F|||50|,,,,,Water]Reshiram||LifeOrb|Turboblaze|BlueFlare,HeatWave,DracoMeteor,Protect||||||50|,,,,,Fire]Roaring Moon||BoosterEnergy|Protosynthesis|Tailwind,KnockOff,Protect,BreakingSwipe||||||50|,,,,,Poison]Ogerpon-Cornerstone||CornerstoneMask|Sturdy|IvyCudgel,FollowMe,SpikyShield,PowerWhip|||F|||50|,,,,,Rock\n|showteam|p2|Incineroar||RockyHelmet|Intimidate|FakeOut,FlareBlitz,KnockOff,PartingShot|||M|||50|,,,,,Water]Rillaboom||AssaultVest|GrassySurge|FakeOut,WoodHammer,GrassyGlide,HighHorsepower|||M|||50|,,,,,Ground]Amoonguss||SitrusBerry|Regenerator|SludgeBomb,Spore,RagePowder,Protect|||M|||50|,,,,,Water]Miraidon||ChoiceSpecs|HadronEngine|DazzlingGleam,ElectroDrift,DracoMeteor,VoltSwitch||||||50|,,,,,Fairy]Kyogre||MysticWater|Drizzle|WaterSpout,Thunder,OriginPulse,Protect||||||50|,,,,,Electric]Tornadus||CovertCloak|Prankster|Tailwind,BleakwindStorm,Taunt,RainDance|||M|||50|,,,,,Ghost\n|inactive|Battle timer is ON: inactive players will automatically lose when time's up. (requested by smartyff)\n|j| JustAnAlpaca<3\n|l| JustAnAlpaca<3\n|inactive|smartyff has 60 seconds left.\n|inactive|Sneaselpink has 60 seconds left.\n|j| Gamertag1001\n|l| Gamertag1001\n|\n|t:|1770637780\n|teamsize|p1|4\n|teamsize|p2|4\n|start\n|switch|p1a: Rillaboom|Rillaboom, L50, F, shiny|100/100\n|switch|p1b: Nerfed dog|Zacian-Crowned, L50, shiny|100/100\n|switch|p2a: Kyogre|Kyogre, L50|100/100\n|switch|p2b: Tornadus|Tornadus, L50, M|100/100\n|-ability|p1b: Nerfed dog|Intrepid Sword|boost\n|-boost|p1b: Nerfed dog|atk|1\n|-weather|RainDance|[from] ability: Drizzle|[of] p2a: Kyogre\n|-fieldstart|move: Grassy Terrain|[from] ability: Grassy Surge|[of] p1a: Rillaboom\n|turn|1\n|\n|t:|1770637800\n|move|p2a: Kyogre|Protect|p2a: Kyogre\n|-singleturn|p2a: Kyogre|Protect\n|move|p1a: Rillaboom|Fake Out|p2a: Kyogre\n|-activate|p2a: Kyogre|move: Protect\n|move|p2b: Tornadus|Tailwind|p2b: Tornadus\n|-sidestart|p2: Sneaselpink|move: Tailwind\n|move|p1b: Nerfed dog|Behemoth Blade|p2b: Tornadus\n|-damage|p2b: Tornadus|0 fnt\n|faint|p2b: Tornadus\n|\n|-weather|RainDance|[upkeep]\n|upkeep\n|\n|t:|1770637825\n|switch|p2b: Miraidon|Miraidon, L50|100/100\n|-fieldstart|move: Electric Terrain|[from] ability: Hadron Engine|[of] p2b: Miraidon\n|turn|2\n|\n|t:|1770637849\n|-terastallize|p2a: Kyogre|Electric\n|move|p1b: Nerfed dog|Protect|p1b: Nerfed dog\n|-singleturn|p1b: Nerfed dog|Protect\n|move|p2b: Miraidon|Volt Switch|p1a: Rillaboom\n|-resisted|p1a: Rillaboom\n|-damage|p1a: Rillaboom|71/100\n|\n|t:|1770637856\n|switch|p2b: Amoonguss|Amoonguss, L50, M|100/100|[from] Volt Switch\n|move|p2a: Kyogre|Water Spout|p1a: Rillaboom|[spread] p1a\n|-activate|p1b: Nerfed dog|move: Protect\n|-resisted|p1a: Rillaboom\n|-damage|p1a: Rillaboom|33/100\n|move|p1a: Rillaboom|Wood Hammer|p2a: Kyogre\n|-damage|p2a: Kyogre|37/100\n|-damage|p1a: Rillaboom|14/100|[from] Recoil\n|\n|-weather|RainDance|[upkeep]\n|upkeep\n|turn|3\n|j| Aggli II\n|inactive|smartyff has 30 seconds left.\n|\n|t:|1770637888\n|move|p2b: Amoonguss|Rage Powder|p2b: Amoonguss\n|-singleturn|p2b: Amoonguss|move: Rage Powder\n|move|p2a: Kyogre|Origin Pulse|p1b: Nerfed dog|[spread] p1a,p1b\n|-resisted|p1a: Rillaboom\n|-damage|p1a: Rillaboom|0 fnt\n|-damage|p1b: Nerfed dog|10/100\n|faint|p1a: Rillaboom\n|move|p1b: Nerfed dog|Behemoth Blade|p2b: Amoonguss\n|-damage|p2b: Amoonguss|16/100\n|-enditem|p2b: Amoonguss|Sitrus Berry|[eat]\n|-heal|p2b: Amoonguss|41/100|[from] item: Sitrus Berry\n|\n|-weather|RainDance|[upkeep]\n|upkeep\n|\n|t:|1770637902\n|switch|p1a: Ogerpon|Ogerpon-Cornerstone, L50, F|100/100\n|turn|4\n|\n|t:|1770637918\n|switch|p2b: Miraidon|Miraidon, L50|100/100\n|-activate|p2b: Miraidon|ability: Hadron Engine\n|move|p1b: Nerfed dog|Protect|p1b: Nerfed dog\n|-singleturn|p1b: Nerfed dog|Protect\n|move|p2a: Kyogre|Origin Pulse|p1a: Ogerpon|[spread] \n|-activate|p1b: Nerfed dog|move: Protect\n|-miss|p2a: Kyogre|p1a: Ogerpon\n|move|p1a: Ogerpon|Ivy Cudgel|p2b: Miraidon|[anim] Ivy Cudgel Rock\n|-damage|p2b: Miraidon|43/100\n|\n|-weather|RainDance|[upkeep]\n|-sideend|p2: Sneaselpink|move: Tailwind\n|upkeep\n|turn|5\n|\n|t:|1770637942\n|move|p1b: Nerfed dog|Play Rough|p2b: Miraidon\n|-supereffective|p2b: Miraidon\n|-damage|p2b: Miraidon|0 fnt\n|faint|p2b: Miraidon\n|move|p1a: Ogerpon|Ivy Cudgel|p2a: Kyogre|[anim] Ivy Cudgel Rock\n|-damage|p2a: Kyogre|0 fnt\n|faint|p2a: Kyogre\n|\n|-weather|none\n|upkeep\n|\n|t:|1770637952\n|switch|p2b: Amoonguss|Amoonguss, L50, M|74/100\n|turn|6\n|-message|Sneaselpink forfeited.\n|\n|win|smartyff\n|n|\u2606smartyff|smartyff\n|n|\u2606Sneaselpink|sneaselpink\n|n| Aggli II|aggliii\n","uploadtime":1770637954,"views":11,"formatid":"gen9vgc2026regi","rating":null,"private":0,"password":null}