{"id":"gen9vgc2026regi-2534533541","format":"[Gen 9] VGC 2026 Reg I","players":["yamato-tak","none0279"],"log":"|j|\u2606yamato-tak\n|j|\u2606none0279\n|t:|1770433392\n|gametype|doubles\n|player|p1|yamato-tak|101|1503\n|player|p2|none0279|cynthia|1462\n|gen|9\n|tier|[Gen 9] VGC 2026 Reg I\n|rated|\n|rule|Species Clause: Limit one of each Pok\u00e9mon\n|rule|Item Clause: Limit 1 of each item\n|clearpoke\n|poke|p1|Miraidon, L50|\n|poke|p1|Calyrex-Ice, L50|\n|poke|p1|Volcarona, L50, M|\n|poke|p1|Araquanid, L50, M|\n|poke|p1|Grimmsnarl, L50, M|\n|poke|p1|Rillaboom, L50, M|\n|poke|p2|Indeedee-F, L50, F|\n|poke|p2|Urshifu-*, L50, M|\n|poke|p2|Raging Bolt, L50|\n|poke|p2|Calyrex-Ice, L50|\n|poke|p2|Necrozma-Dawn-Wings, L50|\n|poke|p2|Amoonguss, L50, F|\n|teampreview|4\n|inactive|Battle timer is ON: inactive players will automatically lose when time's up. (requested by none0279)\n|inactive|yamato-tak also wants the timer to be on.\n|inactive|yamato-tak has 60 seconds left.\n|\n|t:|1770433423\n|teamsize|p1|4\n|teamsize|p2|4\n|start\n|switch|p1a: Calyrex|Calyrex-Ice, L50|100/100\n|switch|p1b: Grimmsnarl|Grimmsnarl, L50, M, shiny|100/100\n|switch|p2a: Necrozma|Necrozma-Dawn-Wings, L50|100/100\n|switch|p2b: Amoonguss|Amoonguss, L50, F|100/100\n|-ability|p1a: Calyrex|As One\n|-ability|p1a: Calyrex|Unnerve\n|turn|1\n|\n|t:|1770433436\n|move|p1a: Calyrex|Protect|p1a: Calyrex\n|-singleturn|p1a: Calyrex|Protect\n|move|p1b: Grimmsnarl|Light Screen|p1b: Grimmsnarl\n|-sidestart|p1: yamato-tak|move: Light Screen\n|move|p2a: Necrozma|Meteor Beam||[still]\n|-prepare|p2a: Necrozma|Meteor Beam\n|-boost|p2a: Necrozma|spa|1\n|-enditem|p2a: Necrozma|Power Herb\n|-anim|p2a: Necrozma|Meteor Beam|p1a: Calyrex\n|-activate|p1a: Calyrex|move: Protect\n|move|p2b: Amoonguss|Spore|p1b: Grimmsnarl\n|-status|p1b: Grimmsnarl|slp|[from] move: Spore\n|\n|upkeep\n|turn|2\n|\n|t:|1770433459\n|switch|p1b: Miraidon|Miraidon, L50, shiny|100/100\n|-fieldstart|move: Electric Terrain|[from] ability: Hadron Engine|[of] p1b: Miraidon\n|move|p2a: Necrozma|Moongeist Beam|p1a: Calyrex\n|-supereffective|p1a: Calyrex\n|-damage|p1a: Calyrex|29/100\n|move|p1a: Calyrex|Glacial Lance|p2a: Necrozma|[spread] p2a,p2b\n|-supereffective|p2b: Amoonguss\n|-damage|p2a: Necrozma|59/100\n|-enditem|p2b: Amoonguss|Focus Sash\n|-damage|p2b: Amoonguss|1/100\n|move|p2b: Amoonguss|Grass Knot|p1a: Calyrex\n|-damage|p1a: Calyrex|6/100\n|\n|upkeep\n|turn|3\n|inactive|none0279 has 30 seconds left.\n|\n|t:|1770433485\n|switch|p2b: Indeedee|Indeedee-F, L50, F|100/100\n|-fieldstart|move: Psychic Terrain|[from] ability: Psychic Surge|[of] p2b: Indeedee\n|-terastallize|p2a: Necrozma|Grass\n|move|p1b: Miraidon|Calm Mind|p1b: Miraidon\n|-boost|p1b: Miraidon|spa|1\n|-boost|p1b: Miraidon|spd|1\n|move|p2a: Necrozma|Expanding Force|p1b: Miraidon|[spread] p1a,p1b\n|-resisted|p1a: Calyrex\n|-damage|p1a: Calyrex|0 fnt\n|-damage|p1b: Miraidon|62/100\n|faint|p1a: Calyrex\n|\n|upkeep\n|\n|t:|1770433497\n|switch|p1a: Araquanid|Araquanid, L50, M, shiny|100/100\n|turn|4\n|\n|t:|1770433509\n|move|p2b: Indeedee|Follow Me|p2b: Indeedee\n|-singleturn|p2b: Indeedee|move: Follow Me\n|move|p1b: Miraidon|Calm Mind|p1b: Miraidon\n|-boost|p1b: Miraidon|spa|1\n|-boost|p1b: Miraidon|spd|1\n|move|p1a: Araquanid|Leech Life|p2b: Indeedee\n|-supereffective|p2b: Indeedee\n|-damage|p2b: Indeedee|43/100\n|move|p2a: Necrozma|Trick Room|p2a: Necrozma\n|-fieldstart|move: Trick Room|[of] p2a: Necrozma\n|\n|upkeep\n|turn|5\n|\n|t:|1770433525\n|move|p2b: Indeedee|Helping Hand|p2a: Necrozma\n|-singleturn|p2a: Necrozma|Helping Hand|[of] p2b: Indeedee\n|move|p1a: Araquanid|Wide Guard|p1a: Araquanid\n|-singleturn|p1a: Araquanid|Wide Guard\n|move|p2a: Necrozma|Moongeist Beam|p1a: Araquanid\n|-damage|p1a: Araquanid|17/100\n|move|p1b: Miraidon|Parabolic Charge|p2a: Necrozma|[spread] p2a,p2b\n|-activate|p1a: Araquanid|move: Wide Guard\n|-resisted|p2a: Necrozma\n|-damage|p2a: Necrozma|43/100\n|-heal|p1b: Miraidon|70/100|[from] drain|[of] p2a: Necrozma\n|-damage|p2b: Indeedee|2/100\n|-heal|p1b: Miraidon|88/100|[from] drain|[of] p2b: Indeedee\n|\n|upkeep\n|turn|6\n|\n|t:|1770433546\n|move|p1a: Araquanid|Wide Guard|p1a: Araquanid\n|-singleturn|p1a: Araquanid|Wide Guard\n|move|p2a: Necrozma|Moongeist Beam|p1a: Araquanid\n|-damage|p1a: Araquanid|0 fnt\n|faint|p1a: Araquanid\n|move|p2b: Indeedee|Alluring Voice|p1b: Miraidon\n|-supereffective|p1b: Miraidon\n|-damage|p1b: Miraidon|78/100\n|move|p1b: Miraidon|Calm Mind|p1b: Miraidon\n|-boost|p1b: Miraidon|spa|1\n|-boost|p1b: Miraidon|spd|1\n|\n|upkeep\n|\n|t:|1770433553\n|switch|p1a: Grimmsnarl|Grimmsnarl, L50, M, shiny|100/100 slp\n|turn|7\n|\n|t:|1770433561\n|move|p2b: Indeedee|Helping Hand|p2a: Necrozma\n|-singleturn|p2a: Necrozma|Helping Hand|[of] p2b: Indeedee\n|cant|p1a: Grimmsnarl|slp\n|move|p2a: Necrozma|Moongeist Beam|p1b: Miraidon\n|-damage|p1b: Miraidon|48/100\n|move|p1b: Miraidon|Calm Mind|p1b: Miraidon\n|-boost|p1b: Miraidon|spa|1\n|-boost|p1b: Miraidon|spd|1\n|\n|-fieldend|move: Psychic Terrain\n|upkeep\n|turn|8\n|\n|t:|1770433576\n|move|p2b: Indeedee|Follow Me|p2b: Indeedee\n|-singleturn|p2b: Indeedee|move: Follow Me\n|cant|p1a: Grimmsnarl|slp\n|move|p2a: Necrozma|Moongeist Beam|p1b: Miraidon\n|-damage|p1b: Miraidon|30/100\n|move|p1b: Miraidon|Calm Mind|p1b: Miraidon\n|-boost|p1b: Miraidon|spa|1\n|-boost|p1b: Miraidon|spd|1\n|\n|-sideend|p1: yamato-tak|move: Light Screen\n|-fieldend|move: Trick Room\n|upkeep\n|turn|9\n|\n|t:|1770433592\n|move|p2b: Indeedee|Follow Me|p2b: Indeedee\n|-singleturn|p2b: Indeedee|move: Follow Me\n|cant|p1a: Grimmsnarl|slp\n|move|p1b: Miraidon|Parabolic Charge|p2a: Necrozma|[spread] p1a,p2a,p2b\n|-resisted|p2a: Necrozma\n|-damage|p1a: Grimmsnarl|30/100 slp\n|-heal|p1b: Miraidon|65/100|[from] drain|[of] p1a: Grimmsnarl\n|-damage|p2a: Necrozma|14/100\n|-heal|p1b: Miraidon|79/100|[from] drain|[of] p2a: Necrozma\n|-damage|p2b: Indeedee|0 fnt\n|-heal|p1b: Miraidon|80/100|[from] drain|[of] p2b: Indeedee\n|faint|p2b: Indeedee\n|move|p2a: Necrozma|Trick Room|p2a: Necrozma\n|-fieldstart|move: Trick Room|[of] p2a: Necrozma\n|\n|upkeep\n|\n|t:|1770433604\n|switch|p2b: Urshifu|Urshifu-Rapid-Strike, L50, M|100/100\n|turn|10\n|\n|t:|1770433616\n|-curestatus|p1a: Grimmsnarl|slp|[msg]\n|move|p1a: Grimmsnarl|Reflect|p1a: Grimmsnarl\n|-sidestart|p1: yamato-tak|Reflect\n|move|p2a: Necrozma|Moongeist Beam|p1b: Miraidon\n|-damage|p1b: Miraidon|59/100\n|move|p2b: Urshifu|Close Combat|p1b: Miraidon\n|-damage|p1b: Miraidon|7/100\n|-unboost|p2b: Urshifu|def|1\n|-unboost|p2b: Urshifu|spd|1\n|move|p1b: Miraidon|Calm Mind|p1b: Miraidon\n|-boost|p1b: Miraidon|spa|1\n|-boost|p1b: Miraidon|spd|1\n|\n|upkeep\n|turn|11\n|-message|yamato-tak forfeited.\n|\n|win|none0279\n|raw|yamato-tak's rating: 1503 &rarr; <strong>1481</strong><br />(-22 for losing)\n|raw|none0279's rating: 1462 &rarr; <strong>1484</strong><br />(+22 for winning)\n|l|\u2606none0279\n|player|p2|\n|l|\u2606yamato-tak\n|player|p1|\n","uploadtime":1770433829,"views":18,"formatid":"gen9vgc2026regi","rating":1481,"private":0,"password":null}