{"id":"gen9vgc2026regi-2564199738","format":"[Gen 9] VGC 2026 Reg I","players":["renlovgc","pigs2fly"],"log":"|j|\u2606renlovgc\n|j|\u2606pigs2fly\n|t:|1774119810\n|gametype|doubles\n|player|p1|renlovgc|266|1421\n|player|p2|pigs2fly|dexio|1497\n|gen|9\n|tier|[Gen 9] VGC 2026 Reg I\n|rated|\n|rule|Species Clause: Limit one of each Pok\u00e9mon\n|rule|Item Clause: Limit 1 of each item\n|clearpoke\n|poke|p1|Miraidon, L50|\n|poke|p1|Lunala, L50|\n|poke|p1|Incineroar, L50, M|\n|poke|p1|Ursaluna, L50, F|\n|poke|p1|Urshifu-*, L50, M|\n|poke|p1|Whimsicott, L50, M|\n|poke|p2|Annihilape, L50, M|\n|poke|p2|Tornadus, L50, M|\n|poke|p2|Dondozo, L50, M|\n|poke|p2|Tatsugiri, L50, M|\n|poke|p2|Zacian-*, L50|\n|poke|p2|Kyogre, L50|\n|teampreview|4\n|inactive|Battle timer is ON: inactive players will automatically lose when time's up. (requested by renlovgc)\n|l|\u2606pigs2fly\n|inactive|pigs2fly disconnected and has a minute to reconnect!\n|player|p2|\n|j|\u2606pigs2fly\n|inactive|pigs2fly reconnected.\n|player|p2|pigs2fly|dexio|\n|inactive|renlovgc has 60 seconds left.\n|\n|t:|1774119842\n|teamsize|p1|4\n|teamsize|p2|4\n|start\n|switch|p1a: Miraidon|Miraidon, L50|100/100\n|switch|p1b: Whimsicott|Whimsicott, L50, M|100/100\n|switch|p2a: Dondozo|Dondozo, L50, M|100/100\n|switch|p2b: Annihilape|Annihilape, L50, M|100/100\n|-fieldstart|move: Electric Terrain|[from] ability: Hadron Engine|[of] p1a: Miraidon\n|turn|1\n|\n|t:|1774119858\n|switch|p2b: Tatsugiri|Tatsugiri, L50, M|100/100\n|-activate|p2b: Tatsugiri|ability: Commander|[of] p2a: Dondozo\n|-boost|p2a: Dondozo|atk|2\n|-boost|p2a: Dondozo|spa|2\n|-boost|p2a: Dondozo|spe|2\n|-boost|p2a: Dondozo|def|2\n|-boost|p2a: Dondozo|spd|2\n|-terastallize|p2a: Dondozo|Grass\n|move|p1a: Miraidon|Protect|p1a: Miraidon\n|-singleturn|p1a: Miraidon|Protect\n|move|p1b: Whimsicott|Moonblast|p2b: Tatsugiri|[miss]\n|-miss|p1b: Whimsicott|p2b: Tatsugiri\n|move|p2a: Dondozo|Heavy Slam|p1b: Whimsicott\n|-supereffective|p1b: Whimsicott\n|-damage|p1b: Whimsicott|0 fnt\n|faint|p1b: Whimsicott\n|\n|upkeep\n|\n|t:|1774119874\n|switch|p1b: Incineroar|Incineroar, L50, M|100/100\n|-ability|p1b: Incineroar|Intimidate|boost\n|-unboost|p2a: Dondozo|atk|1\n|-unboost|p2b: Tatsugiri|atk|1\n|turn|2\n|\n|t:|1774119889\n|move|p2a: Dondozo|Protect|p2a: Dondozo\n|-singleturn|p2a: Dondozo|Protect\n|move|p1a: Miraidon|Volt Switch|p2a: Dondozo\n|-activate|p2a: Dondozo|move: Protect\n|move|p1b: Incineroar|U-turn|p2a: Dondozo\n|-activate|p2a: Dondozo|move: Protect\n|\n|upkeep\n|turn|3\n|\n|t:|1774119907\n|move|p1a: Miraidon|Protect|p1a: Miraidon\n|-singleturn|p1a: Miraidon|Protect\n|move|p2a: Dondozo|Earthquake|p1a: Miraidon|[spread] p1b\n|-miss|p2a: Dondozo|p2b: Tatsugiri\n|-activate|p1a: Miraidon|move: Protect\n|-supereffective|p1b: Incineroar\n|-damage|p1b: Incineroar|54/100\n|move|p1b: Incineroar|U-turn|p2a: Dondozo\n|-supereffective|p2a: Dondozo\n|-damage|p2a: Dondozo|87/100\n|\n|t:|1774119915\n|switch|p1b: Lunala|Lunala, L50|100/100|[from] U-turn\n|-enditem|p1b: Lunala|Electric Seed\n|-boost|p1b: Lunala|def|1|[from] item: Electric Seed\n|\n|-heal|p2a: Dondozo|93/100|[from] item: Leftovers\n|upkeep\n|turn|4\n|\n|t:|1774119926\n|move|p1a: Miraidon|Volt Switch|p2a: Dondozo\n|-resisted|p2a: Dondozo\n|-damage|p2a: Dondozo|76/100\n|-damage|p1a: Miraidon|90/100|[from] item: Life Orb\n|\n|t:|1774119928\n|switch|p1a: Incineroar|Incineroar, L50, M|54/100|[from] Volt Switch\n|-ability|p1a: Incineroar|Intimidate|boost\n|-unboost|p2a: Dondozo|atk|1\n|-unboost|p2b: Tatsugiri|atk|1\n|move|p2a: Dondozo|Order Up|p1a: Incineroar\n|-damage|p1a: Incineroar|38/100\n|-boost|p2a: Dondozo|atk|1\n|move|p1b: Lunala|Moongeist Beam|p2a: Dondozo\n|-damage|p2a: Dondozo|52/100\n|\n|-heal|p2a: Dondozo|58/100|[from] item: Leftovers\n|upkeep\n|turn|5\n|\n|t:|1774119952\n|move|p1a: Incineroar|Fake Out|p2a: Dondozo\n|-damage|p2a: Dondozo|54/100\n|cant|p2a: Dondozo|flinch\n|move|p1b: Lunala|Moongeist Beam|p2a: Dondozo\n|-damage|p2a: Dondozo|31/100\n|\n|-heal|p2a: Dondozo|38/100|[from] item: Leftovers\n|-fieldend|move: Electric Terrain\n|upkeep\n|turn|6\n|\n|t:|1774119974\n|move|p2a: Dondozo|Earthquake|p1b: Lunala|[spread] p1a,p1b\n|-miss|p2a: Dondozo|p2b: Tatsugiri\n|-supereffective|p1a: Incineroar\n|-damage|p1a: Incineroar|0 fnt\n|-damage|p1b: Lunala|88/100\n|faint|p1a: Incineroar\n|move|p1b: Lunala|Moongeist Beam|p2a: Dondozo\n|-damage|p2a: Dondozo|16/100\n|\n|-heal|p2a: Dondozo|23/100|[from] item: Leftovers\n|upkeep\n|\n|t:|1774119984\n|switch|p1a: Miraidon|Miraidon, L50|90/100\n|-fieldstart|move: Electric Terrain|[from] ability: Hadron Engine|[of] p1a: Miraidon\n|turn|7\n|\n|t:|1774119992\n|move|p2a: Dondozo|Protect|p2a: Dondozo\n|-singleturn|p2a: Dondozo|Protect\n|move|p1b: Lunala|Wide Guard|p1b: Lunala\n|-singleturn|p1b: Lunala|Wide Guard\n|move|p1a: Miraidon|Electro Drift|p2a: Dondozo\n|-activate|p2a: Dondozo|move: Protect\n|\n|-heal|p2a: Dondozo|29/100|[from] item: Leftovers\n|upkeep\n|turn|8\n|\n|t:|1774120000\n|move|p1a: Miraidon|Protect|p1a: Miraidon\n|-singleturn|p1a: Miraidon|Protect\n|move|p2a: Dondozo|Order Up|p1a: Miraidon\n|-activate|p1a: Miraidon|move: Protect\n|move|p1b: Lunala|Moongeist Beam|p2a: Dondozo\n|-damage|p2a: Dondozo|8/100\n|\n|-heal|p2a: Dondozo|14/100|[from] item: Leftovers\n|upkeep\n|turn|9\n|\n|t:|1774120014\n|move|p2a: Dondozo|Protect|p2a: Dondozo\n|-singleturn|p2a: Dondozo|Protect\n|move|p1a: Miraidon|Electro Drift|p2a: Dondozo\n|-activate|p2a: Dondozo|move: Protect\n|move|p1b: Lunala|Trick Room|p1b: Lunala\n|-fieldstart|move: Trick Room|[of] p1b: Lunala\n|\n|-heal|p2a: Dondozo|20/100|[from] item: Leftovers\n|upkeep\n|turn|10\n|\n|t:|1774120023\n|move|p1a: Miraidon|Protect|p1a: Miraidon\n|-singleturn|p1a: Miraidon|Protect\n|move|p1b: Lunala|Moongeist Beam|p2a: Dondozo\n|-damage|p2a: Dondozo|0 fnt\n|faint|p2a: Dondozo\n|\n|upkeep\n|\n|t:|1774120032\n|switch|p2a: Zacian|Zacian-Crowned, L50, shiny|100/100\n|-ability|p2a: Zacian|Intrepid Sword|boost\n|-boost|p2a: Zacian|atk|1\n|turn|11\n|\n|t:|1774120051\n|-terastallize|p1a: Miraidon|Electric\n|move|p2b: Tatsugiri|Protect|p2b: Tatsugiri\n|-singleturn|p2b: Tatsugiri|Protect\n|move|p2a: Zacian|Protect|p2a: Zacian\n|-singleturn|p2a: Zacian|Protect\n|move|p1b: Lunala|Moonblast|p2b: Tatsugiri\n|-activate|p2b: Tatsugiri|move: Protect\n|move|p1a: Miraidon|Electro Drift|p2a: Zacian\n|-activate|p2a: Zacian|move: Protect\n|\n|-fieldend|move: Electric Terrain\n|upkeep\n|turn|12\n|\n|t:|1774120068\n|move|p2b: Tatsugiri|Helping Hand|p2a: Zacian\n|-singleturn|p2a: Zacian|Helping Hand|[of] p2b: Tatsugiri\n|move|p1b: Lunala|Moonblast|p2b: Tatsugiri\n|-supereffective|p2b: Tatsugiri\n|-damage|p2b: Tatsugiri|3/100\n|move|p1a: Miraidon|Electro Drift|p2a: Zacian\n|-damage|p2a: Zacian|20/100\n|-damage|p1a: Miraidon|80/100|[from] item: Life Orb\n|move|p2a: Zacian|Crunch|p1b: Lunala\n|-supereffective|p1b: Lunala\n|-damage|p1b: Lunala|0 fnt\n|faint|p1b: Lunala\n|\n|upkeep\n|turn|13\n|\n|t:|1774120088\n|move|p2b: Tatsugiri|Protect|p2b: Tatsugiri\n|-singleturn|p2b: Tatsugiri|Protect\n|move|p2a: Zacian|Protect|p2a: Zacian\n|-singleturn|p2a: Zacian|Protect\n|move|p1a: Miraidon|Electro Drift|p2a: Zacian\n|-activate|p2a: Zacian|move: Protect\n|\n|-fieldend|move: Trick Room\n|upkeep\n|turn|14\n|j| Knightdozo\n|\n|t:|1774120095\n|move|p2b: Tatsugiri|Helping Hand|p2a: Zacian\n|-singleturn|p2a: Zacian|Helping Hand|[of] p2b: Tatsugiri\n|move|p2a: Zacian|Play Rough|p1a: Miraidon\n|-damage|p1a: Miraidon|0 fnt\n|faint|p1a: Miraidon\n|\n|win|pigs2fly\n|raw|renlovgc's rating: 1421 &rarr; <strong>1405</strong><br />(-16 for losing)\n|raw|pigs2fly's rating: 1497 &rarr; <strong>1513</strong><br />(+16 for winning)\n|l|\u2606pigs2fly\n|player|p2|\n|l|\u2606renlovgc\n|player|p1|\n|l| Knightdozo\n|j|\u2606renlovgc\n|player|p1|renlovgc|266|\n","uploadtime":1774120333,"views":13,"formatid":"gen9vgc2026regi","rating":1405,"private":0,"password":null}