{"id":"gen9vgc2026regi-2528636346","format":"[Gen 9] VGC 2026 Reg I","players":["ky123456","zonavideovigilada"],"log":"|j|\u2606ky123456\n|j|\u2606zonavideovigilada\n|t:|1769689388\n|gametype|doubles\n|player|p1|ky123456|cynthia-gen4|1459\n|player|p2|zonavideovigilada|2|1544\n|gen|9\n|tier|[Gen 9] VGC 2026 Reg I\n|rated|\n|rule|Species Clause: Limit one of each Pok\u00e9mon\n|rule|Item Clause: Limit 1 of each item\n|clearpoke\n|poke|p1|Calyrex-Shadow, L50|\n|poke|p1|Zamazenta-*, L50|\n|poke|p1|Roaring Moon, L50|\n|poke|p1|Maushold, L50|\n|poke|p1|Weezing, L50, F|\n|poke|p1|Amoonguss, L50, M|\n|poke|p2|Calyrex-Shadow, L50|\n|poke|p2|Zamazenta-*, L50|\n|poke|p2|Amoonguss, L50, M|\n|poke|p2|Chi-Yu, L50|\n|poke|p2|Rillaboom, L50, F|\n|poke|p2|Chien-Pao, L50|\n|teampreview|4\n|\n|t:|1769689421\n|teamsize|p1|4\n|teamsize|p2|4\n|start\n|switch|p1a: Zamazenta|Zamazenta-Crowned, L50|100/100\n|switch|p1b: Roaring Moon|Roaring Moon, L50|100/100\n|switch|p2a: Chi-Yu|Chi-Yu, L50|100/100\n|switch|p2b: Zamazenta|Zamazenta-Crowned, L50|100/100\n|-ability|p2a: Chi-Yu|Beads of Ruin\n|-ability|p2b: Zamazenta|Dauntless Shield|boost\n|-boost|p2b: Zamazenta|def|1\n|-ability|p1a: Zamazenta|Dauntless Shield|boost\n|-boost|p1a: Zamazenta|def|1\n|-enditem|p1b: Roaring Moon|Booster Energy\n|-activate|p1b: Roaring Moon|ability: Protosynthesis|[fromitem]\n|-start|p1b: Roaring Moon|protosynthesisspe\n|turn|1\n|\n|t:|1769689452\n|-terastallize|p2a: Chi-Yu|Ghost\n|-terastallize|p1a: Zamazenta|Dragon\n|move|p1b: Roaring Moon|Tailwind|p1b: Roaring Moon\n|-sidestart|p1: ky123456|move: Tailwind\n|move|p1a: Zamazenta|Imprison|p1a: Zamazenta\n|-start|p1a: Zamazenta|move: Imprison\n|move|p2a: Chi-Yu|Overheat|p1a: Zamazenta|[miss]\n|-miss|p2a: Chi-Yu|p1a: Zamazenta\n|cant|p2b: Zamazenta|move: Imprison|Body Press\n|\n|upkeep\n|turn|2\n|\n|t:|1769689472\n|switch|p2a: Amoonguss|Amoonguss, L50, M|100/100\n|move|p2b: Zamazenta|Protect|p2b: Zamazenta\n|-singleturn|p2b: Zamazenta|Protect\n|move|p1b: Roaring Moon|Knock Off|p2a: Amoonguss\n|-damage|p2a: Amoonguss|62/100\n|-damage|p1b: Roaring Moon|84/100|[from] item: Rocky Helmet|[of] p2a: Amoonguss\n|-enditem|p2a: Amoonguss|Rocky Helmet|[from] move: Knock Off|[of] p1b: Roaring Moon\n|move|p1a: Zamazenta|Body Press|p2b: Zamazenta\n|-activate|p2b: Zamazenta|move: Protect\n|\n|upkeep\n|turn|3\n|\n|t:|1769689490\n|switch|p2b: Calyrex|Calyrex-Shadow, L50|100/100\n|-ability|p2b: Calyrex|As One\n|-ability|p2b: Calyrex|Unnerve\n|move|p2a: Amoonguss|Protect|p2a: Amoonguss\n|-singleturn|p2a: Amoonguss|Protect\n|move|p1b: Roaring Moon|Acrobatics|p2a: Amoonguss\n|-activate|p2a: Amoonguss|move: Protect\n|move|p1a: Zamazenta|Body Press|p2b: Calyrex\n|-immune|p2b: Calyrex\n|\n|upkeep\n|turn|4\n|\n|t:|1769689525\n|move|p1b: Roaring Moon|Acrobatics|p2a: Amoonguss\n|-supereffective|p2a: Amoonguss\n|-crit|p2a: Amoonguss\n|-damage|p2a: Amoonguss|0 fnt\n|faint|p2a: Amoonguss\n|move|p1a: Zamazenta|Heavy Slam|p2b: Calyrex\n|-damage|p2b: Calyrex|36/100\n|move|p2b: Calyrex|Encore|p1b: Roaring Moon\n|-start|p1b: Roaring Moon|Encore\n|\n|-sideend|p1: ky123456|move: Tailwind\n|upkeep\n|\n|t:|1769689535\n|switch|p2a: Chi-Yu|Chi-Yu, L50, tera:Ghost|100/100\n|-ability|p2a: Chi-Yu|Beads of Ruin\n|turn|5\n|\n|t:|1769689544\n|move|p2b: Calyrex|Protect|p2b: Calyrex\n|-singleturn|p2b: Calyrex|Protect\n|move|p1b: Roaring Moon|Acrobatics|p2b: Calyrex\n|-activate|p2b: Calyrex|move: Protect\n|move|p2a: Chi-Yu|Dark Pulse|p1a: Zamazenta\n|-damage|p1a: Zamazenta|56/100\n|move|p1a: Zamazenta|Heavy Slam|p2a: Chi-Yu\n|-damage|p2a: Chi-Yu|27/100\n|\n|upkeep\n|turn|6\n|\n|t:|1769689565\n|switch|p2b: Zamazenta|Zamazenta-Crowned, L50|100/100\n|move|p1b: Roaring Moon|Acrobatics|p2a: Chi-Yu\n|-damage|p2a: Chi-Yu|0 fnt\n|faint|p2a: Chi-Yu\n|move|p1a: Zamazenta|Heavy Slam|p2b: Zamazenta\n|-resisted|p2b: Zamazenta\n|-damage|p2b: Zamazenta|96/100\n|\n|upkeep\n|-message|zonavideovigilada forfeited.\n|\n|win|ky123456\n|raw|ky123456's rating: 1459 &rarr; <strong>1484</strong><br />(+25 for winning)\n|raw|zonavideovigilada's rating: 1544 &rarr; <strong>1519</strong><br />(-25 for losing)\n|l|\u2606zonavideovigilada\n|player|p2|\n|l|\u2606ky123456\n|player|p1|\n","uploadtime":1769689827,"views":19,"formatid":"gen9vgc2026regi","rating":1484,"private":0,"password":null}