{"id":"gen9vgc2026regi-2559206264","format":"[Gen 9] VGC 2026 Reg I","players":["commander frogg","itastelikeiron"],"log":"|j|\u2606commander frogg\n|j|\u2606itastelikeiron\n|t:|1773532487\n|gametype|doubles\n|player|p1|commander frogg|169|1144\n|player|p2|itastelikeiron|266|1084\n|gen|9\n|tier|[Gen 9] VGC 2026 Reg I\n|rated|\n|rule|Species Clause: Limit one of each Pok\u00e9mon\n|rule|Item Clause: Limit 1 of each item\n|clearpoke\n|poke|p1|Ursaluna, L50, M|\n|poke|p1|Urshifu-*, L50, F|\n|poke|p1|Miraidon, L50|\n|poke|p1|Incineroar, L50, F|\n|poke|p1|Lunala, L50|\n|poke|p1|Grimmsnarl, L50, M|\n|poke|p2|Tsareena, L50, F|\n|poke|p2|Kyogre, L50|\n|poke|p2|Grimmsnarl, L50, M|\n|poke|p2|Tornadus, L50, M|\n|poke|p2|Incineroar, L50, M|\n|poke|p2|Zacian-*, L50|\n|teampreview|4\n|\n|t:|1773532519\n|teamsize|p1|4\n|teamsize|p2|4\n|start\n|switch|p1a: Miraidon|Miraidon, L50|100/100\n|switch|p1b: Grimmsnarl|Grimmsnarl, L50, M|100/100\n|switch|p2a: Incineroar|Incineroar, L50, M|100/100\n|switch|p2b: Kyogre|Kyogre, L50|100/100\n|-weather|RainDance|[from] ability: Drizzle|[of] p2b: Kyogre\n|-fieldstart|move: Electric Terrain|[from] ability: Hadron Engine|[of] p1a: Miraidon\n|-ability|p2a: Incineroar|Intimidate|boost\n|-unboost|p1a: Miraidon|atk|1\n|-unboost|p1b: Grimmsnarl|atk|1\n|turn|1\n|\n|t:|1773532540\n|move|p2a: Incineroar|Fake Out|p1a: Miraidon\n|-damage|p1a: Miraidon|88/100\n|move|p1b: Grimmsnarl|Light Screen|p1b: Grimmsnarl\n|-sidestart|p1: commander frogg|move: Light Screen\n|move|p2b: Kyogre|Water Spout|p1a: Miraidon|[spread] p1a,p1b\n|-resisted|p1a: Miraidon\n|-damage|p1a: Miraidon|68/100\n|-damage|p1b: Grimmsnarl|31/100\n|cant|p1a: Miraidon|flinch\n|\n|-weather|RainDance|[upkeep]\n|upkeep\n|turn|2\n|\n|t:|1773532557\n|switch|p2a: Tsareena|Tsareena, L50, F|100/100\n|move|p1b: Grimmsnarl|Thunder Wave||[still]\n|cant|p2a: Tsareena|ability: Queenly Majesty|Thunder Wave|[of] p1b: Grimmsnarl\n|move|p2b: Kyogre|Water Spout|p1b: Grimmsnarl|[spread] p1a,p1b\n|-resisted|p1a: Miraidon\n|-damage|p1a: Miraidon|47/100\n|-damage|p1b: Grimmsnarl|0 fnt\n|faint|p1b: Grimmsnarl\n|move|p1a: Miraidon|Electro Drift|p2b: Kyogre\n|-supereffective|p2b: Kyogre\n|-damage|p2b: Kyogre|0 fnt\n|faint|p2b: Kyogre\n|\n|-weather|RainDance|[upkeep]\n|upkeep\n|\n|t:|1773532571\n|switch|p2b: Zacian|Zacian-Crowned, L50|100/100\n|switch|p1b: Lunala|Lunala, L50|100/100\n|-ability|p2b: Zacian|Intrepid Sword|boost\n|-boost|p2b: Zacian|atk|1\n|-enditem|p1b: Lunala|Electric Seed\n|-boost|p1b: Lunala|def|1|[from] item: Electric Seed\n|turn|3\n|\n|t:|1773532584\n|move|p2b: Zacian|Behemoth Blade|p1b: Lunala\n|-damage|p1b: Lunala|79/100\n|move|p1a: Miraidon|Electro Drift|p2b: Zacian\n|-damage|p2b: Zacian|28/100\n|move|p2a: Tsareena|Triple Axel|p1a: Miraidon\n|-supereffective|p1a: Miraidon\n|-damage|p1a: Miraidon|32/100\n|-supereffective|p1a: Miraidon\n|-damage|p1a: Miraidon|0 fnt\n|faint|p1a: Miraidon\n|-hitcount|p1: Miraidon|2\n|move|p1b: Lunala|Trick Room|p1b: Lunala\n|-fieldstart|move: Trick Room|[of] p1b: Lunala\n|\n|-weather|RainDance|[upkeep]\n|upkeep\n|\n|t:|1773532595\n|switch|p1a: Ursaluna|Ursaluna, L50, M|100/100\n|turn|4\n|\n|t:|1773532611\n|switch|p2b: Incineroar|Incineroar, L50, M|100/100\n|-ability|p2b: Incineroar|Intimidate|boost\n|-unboost|p1a: Ursaluna|atk|1\n|-unboost|p1b: Lunala|atk|1\n|-terastallize|p1a: Ursaluna|Ghost\n|move|p1a: Ursaluna|Earthquake|p2a: Tsareena|[spread] p1b,p2a,p2b\n|-resisted|p2a: Tsareena\n|-supereffective|p2b: Incineroar\n|-damage|p1b: Lunala|64/100\n|-damage|p2a: Tsareena|81/100\n|-damage|p2b: Incineroar|44/100\n|move|p1b: Lunala|Moongeist Beam|p2a: Tsareena\n|-damage|p2a: Tsareena|3/100\n|move|p2a: Tsareena|Power Whip|p1a: Ursaluna\n|-damage|p1a: Ursaluna|51/100\n|\n|-weather|RainDance|[upkeep]\n|-status|p1a: Ursaluna|brn|[from] item: Flame Orb\n|upkeep\n|turn|5\n|\n|t:|1773532634\n|-terastallize|p2b: Incineroar|Bug\n|move|p2a: Tsareena|Protect|p2a: Tsareena\n|-singleturn|p2a: Tsareena|Protect\n|move|p1b: Lunala|Wide Guard|p1b: Lunala\n|-singleturn|p1b: Lunala|Wide Guard\n|move|p2b: Incineroar|Knock Off|p1a: Ursaluna\n|-supereffective|p1a: Ursaluna\n|-damage|p1a: Ursaluna|0 fnt\n|-enditem|p1a: Ursaluna|Flame Orb|[from] move: Knock Off|[of] p2b: Incineroar\n|faint|p1a: Ursaluna\n|\n|-weather|none\n|-fieldend|move: Electric Terrain\n|upkeep\n|turn|6\n|\n|t:|1773532649\n|move|p2a: Tsareena|Helping Hand|p2b: Incineroar\n|-singleturn|p2b: Incineroar|Helping Hand|[of] p2a: Tsareena\n|move|p2b: Incineroar|Knock Off|p1b: Lunala\n|-supereffective|p1b: Lunala\n|-damage|p1b: Lunala|0 fnt\n|faint|p1b: Lunala\n|\n|win|itastelikeiron\n|raw|commander frogg's rating: 1144 &rarr; <strong>1115</strong><br />(-29 for losing)\n|raw|itastelikeiron's rating: 1084 &rarr; <strong>1116</strong><br />(+32 for winning)\n","uploadtime":1773532651,"views":96,"formatid":"gen9vgc2026regi","rating":1115,"private":0,"password":null}