{"id":"gen9vgc2026regi-2546736360","format":"[Gen 9] VGC 2026 Reg I","players":["blackred123","Tepig_nNz_498"],"log":"|j|\u2606blackred123\n|j|\u2606Tepig_nNz_498\n|t:|1772002486\n|gametype|doubles\n|player|p1|blackred123|iono-masters|1379\n|player|p2|Tepig_nNz_498|1|1397\n|gen|9\n|tier|[Gen 9] VGC 2026 Reg I\n|rated|\n|rule|Species Clause: Limit one of each Pok\u00e9mon\n|rule|Item Clause: Limit 1 of each item\n|clearpoke\n|poke|p1|Miraidon, L50|\n|poke|p1|Calyrex-Ice, L50|\n|poke|p1|Incineroar, L50, M|\n|poke|p1|Grimmsnarl, L50, M|\n|poke|p1|Urshifu-*, L50, F|\n|poke|p1|Ursaluna-Bloodmoon, L50, M|\n|poke|p2|Miraidon, L50|\n|poke|p2|Iron Bundle, L50|\n|poke|p2|Iron Hands, L50|\n|poke|p2|Farigiraf, L50, F|\n|poke|p2|Dialga-Origin, L50|\n|poke|p2|Ursaluna, L50, M|\n|teampreview|4\n|inactive|Battle timer is ON: inactive players will automatically lose when time's up. (requested by blackred123)\n|\n|t:|1772002516\n|teamsize|p1|4\n|teamsize|p2|4\n|start\n|switch|p1a: \u94f6\u91d1\u7535\u86c7|Miraidon, L50, shiny|100/100\n|switch|p1b: \u629b\u4e0b\u864e\u54e5\u5578\u7a74|Incineroar, L50, M|100/100\n|switch|p2a: Miraidon|Miraidon, L50|100/100\n|switch|p2b: Iron Hands|Iron Hands, L50|100/100\n|-fieldstart|move: Electric Terrain|[from] ability: Hadron Engine|[of] p1a: \u94f6\u91d1\u7535\u86c7\n|-activate|p2b: Iron Hands|ability: Quark Drive\n|-start|p2b: Iron Hands|quarkdriveatk\n|-activate|p2a: Miraidon|ability: Hadron Engine\n|-ability|p1b: \u629b\u4e0b\u864e\u54e5\u5578\u7a74|Intimidate|boost\n|-unboost|p2a: Miraidon|atk|1\n|-unboost|p2b: Iron Hands|atk|1\n|turn|1\n|inactive|Tepig_nNz_498 has 30 seconds left.\n|inactive|blackred123 has 30 seconds left.\n|\n|t:|1772002547\n|-end|p2b: Iron Hands|Quark Drive|[silent]\n|switch|p2b: Farigiraf|Farigiraf, L50, F|100/100\n|-enditem|p2b: Farigiraf|Electric Seed\n|-boost|p2b: Farigiraf|def|1|[from] item: Electric Seed\n|-terastallize|p2a: Miraidon|Electric\n|move|p1b: \u629b\u4e0b\u864e\u54e5\u5578\u7a74|Fake Out||[still]\n|cant|p2b: Farigiraf|ability: Armor Tail|Fake Out|[of] p1b: \u629b\u4e0b\u864e\u54e5\u5578\u7a74\n|move|p1a: \u94f6\u91d1\u7535\u86c7|Volt Switch|p2b: Farigiraf\n|-damage|p2b: Farigiraf|55/100\n|\n|t:|1772002554\n|switch|p1a: \u6708\u629b\u5417\uff1f|Ursaluna-Bloodmoon, L50, M|100/100|[from] Volt Switch\n|move|p2a: Miraidon|Volt Switch|p1b: \u629b\u4e0b\u864e\u54e5\u5578\u7a74\n|-damage|p1b: \u629b\u4e0b\u864e\u54e5\u5578\u7a74|15/100\n|-damage|p2a: Miraidon|91/100|[from] item: Life Orb\n|\n|t:|1772002564\n|switch|p2a: Dialga|Dialga-Origin, L50|100/100|[from] Volt Switch\n|\n|upkeep\n|turn|2\n|inactive|Tepig_nNz_498 has 30 seconds left.\n|inactive|blackred123 has 30 seconds left.\n|\n|t:|1772002597\n|switch|p1b: \u94f6\u91d1\u7535\u86c7|Miraidon, L50, shiny|100/100\n|-activate|p1b: \u94f6\u91d1\u7535\u86c7|ability: Hadron Engine\n|-terastallize|p1a: \u6708\u629b\u5417\uff1f|Water\n|move|p2b: Farigiraf|Ally Switch|p2b: Farigiraf\n|swap|p2b: Farigiraf|0|[from] move: Ally Switch\n|move|p2b: Dialga|Flash Cannon|p1b: \u94f6\u91d1\u7535\u86c7\n|-resisted|p1b: \u94f6\u91d1\u7535\u86c7\n|-damage|p1b: \u94f6\u91d1\u7535\u86c7|77/100\n|move|p1a: \u6708\u629b\u5417\uff1f|Blood Moon|p2b: Dialga\n|-resisted|p2b: Dialga\n|-damage|p2b: Dialga|71/100\n|\n|upkeep\n|turn|3\n|inactive|Tepig_nNz_498 has 30 seconds left.\n|\n|t:|1772002628\n|move|p1b: \u94f6\u91d1\u7535\u86c7|Volt Switch|p2a: Farigiraf\n|-damage|p2a: Farigiraf|14/100\n|\n|t:|1772002631\n|switch|p1b: \u629b\u4e0b\u864e\u54e5\u5578\u7a74|Incineroar, L50, M|15/100|[from] Volt Switch\n|-ability|p1b: \u629b\u4e0b\u864e\u54e5\u5578\u7a74|Intimidate|boost\n|-unboost|p2a: Farigiraf|atk|1\n|-unboost|p2b: Dialga|atk|1\n|move|p2b: Dialga|Earth Power|p1b: \u629b\u4e0b\u864e\u54e5\u5578\u7a74\n|-supereffective|p1b: \u629b\u4e0b\u864e\u54e5\u5578\u7a74\n|-crit|p1b: \u629b\u4e0b\u864e\u54e5\u5578\u7a74\n|-damage|p1b: \u629b\u4e0b\u864e\u54e5\u5578\u7a74|0 fnt\n|faint|p1b: \u629b\u4e0b\u864e\u54e5\u5578\u7a74\n|move|p2a: Farigiraf|Psychic Noise|p1a: \u6708\u629b\u5417\uff1f\n|-damage|p1a: \u6708\u629b\u5417\uff1f|81/100\n|-start|p1a: \u6708\u629b\u5417\uff1f|move: Heal Block\n|move|p1a: \u6708\u629b\u5417\uff1f|Earth Power|p2b: Dialga\n|-supereffective|p2b: Dialga\n|-damage|p2b: Dialga|1/100\n|\n|upkeep\n|\n|t:|1772002654\n|switch|p1b: \u94f6\u91d1\u7535\u86c7|Miraidon, L50, shiny|77/100\n|-activate|p1b: \u94f6\u91d1\u7535\u86c7|ability: Hadron Engine\n|turn|4\n|\n|t:|1772002663\n|move|p2a: Farigiraf|Ally Switch|p2a: Farigiraf\n|swap|p2a: Farigiraf|1|[from] move: Ally Switch\n|move|p1b: \u94f6\u91d1\u7535\u86c7|Snarl|p2a: Dialga|[spread] p2a,p2b\n|-supereffective|p2b: Farigiraf\n|-damage|p2a: Dialga|0 fnt\n|-damage|p2b: Farigiraf|0 fnt\n|faint|p2a: Dialga\n|faint|p2b: Farigiraf\n|move|p1a: \u6708\u629b\u5417\uff1f|Hyper Voice|p2: Dialga|[notarget]\n|-fail|p1a: \u6708\u629b\u5417\uff1f\n|\n|-end|p1a: \u6708\u629b\u5417\uff1f|move: Heal Block\n|upkeep\n|\n|t:|1772002667\n|switch|p2a: Miraidon|Miraidon, L50, tera:Electric|91/100\n|switch|p2b: Iron Hands|Iron Hands, L50|100/100\n|-activate|p2a: Miraidon|ability: Hadron Engine\n|-activate|p2b: Iron Hands|ability: Quark Drive\n|-start|p2b: Iron Hands|quarkdriveatk\n|turn|5\n|\n|t:|1772002685\n|switch|p1a: \u5996\u64b8\u51a0\u4e86|Calyrex-Ice, L50|100/100\n|-ability|p1a: \u5996\u64b8\u51a0\u4e86|As One\n|-ability|p1a: \u5996\u64b8\u51a0\u4e86|Unnerve\n|move|p2b: Iron Hands|Fake Out|p1b: \u94f6\u91d1\u7535\u86c7\n|-damage|p1b: \u94f6\u91d1\u7535\u86c7|56/100\n|cant|p1b: \u94f6\u91d1\u7535\u86c7|flinch\n|move|p2a: Miraidon|Discharge|p1a: \u5996\u64b8\u51a0\u4e86|[spread] p2b,p1a,p1b\n|-resisted|p2b: Iron Hands\n|-resisted|p1b: \u94f6\u91d1\u7535\u86c7\n|-damage|p2b: Iron Hands|72/100\n|-damage|p1a: \u5996\u64b8\u51a0\u4e86|46/100\n|-damage|p1b: \u94f6\u91d1\u7535\u86c7|36/100\n|-status|p1a: \u5996\u64b8\u51a0\u4e86|par\n|-damage|p2a: Miraidon|81/100|[from] item: Life Orb\n|\n|-heal|p1a: \u5996\u64b8\u51a0\u4e86|52/100 par|[from] item: Leftovers\n|-fieldend|move: Electric Terrain\n|-end|p2b: Iron Hands|Quark Drive\n|upkeep\n|turn|6\n|inactive|Tepig_nNz_498 has 30 seconds left.\n|\n|t:|1772002714\n|switch|p1b: \u6708\u629b\u5417\uff1f|Ursaluna-Bloodmoon, L50, M, tera:Water|81/100\n|move|p2a: Miraidon|Draco Meteor|p1b: \u6708\u629b\u5417\uff1f\n|-damage|p1b: \u6708\u629b\u5417\uff1f|17/100\n|-unboost|p2a: Miraidon|spa|2\n|-damage|p2a: Miraidon|72/100|[from] item: Life Orb\n|move|p2b: Iron Hands|Low Kick|p1a: \u5996\u64b8\u51a0\u4e86\n|-damage|p1a: \u5996\u64b8\u51a0\u4e86|13/100 par\n|cant|p1a: \u5996\u64b8\u51a0\u4e86|par\n|\n|-heal|p1a: \u5996\u64b8\u51a0\u4e86|18/100 par|[from] item: Leftovers\n|upkeep\n|turn|7\n|inactive|blackred123 has 30 seconds left.\n|\n|t:|1772002743\n|move|p1a: \u5996\u64b8\u51a0\u4e86|Protect|p1a: \u5996\u64b8\u51a0\u4e86\n|-singleturn|p1a: \u5996\u64b8\u51a0\u4e86|Protect\n|move|p2a: Miraidon|Discharge|p1a: \u5996\u64b8\u51a0\u4e86|[spread] p2b,p1b\n|-activate|p1a: \u5996\u64b8\u51a0\u4e86|move: Protect\n|-resisted|p2b: Iron Hands\n|-supereffective|p1b: \u6708\u629b\u5417\uff1f\n|-damage|p2b: Iron Hands|63/100\n|-damage|p1b: \u6708\u629b\u5417\uff1f|0 fnt\n|faint|p1b: \u6708\u629b\u5417\uff1f\n|-damage|p2a: Miraidon|62/100|[from] item: Life Orb\n|move|p2b: Iron Hands|Low Kick|p1a: \u5996\u64b8\u51a0\u4e86\n|-activate|p1a: \u5996\u64b8\u51a0\u4e86|move: Protect\n|\n|-heal|p1a: \u5996\u64b8\u51a0\u4e86|24/100 par|[from] item: Leftovers\n|upkeep\n|\n|t:|1772002750\n|switch|p1b: \u94f6\u91d1\u7535\u86c7|Miraidon, L50, shiny|36/100\n|-fieldstart|move: Electric Terrain|[from] ability: Hadron Engine|[of] p1b: \u94f6\u91d1\u7535\u86c7\n|-activate|p2b: Iron Hands|ability: Quark Drive\n|-start|p2b: Iron Hands|quarkdriveatk\n|turn|8\n|\n|t:|1772002764\n|move|p1b: \u94f6\u91d1\u7535\u86c7|Draco Meteor|p2a: Miraidon\n|-damage|p2a: Miraidon|0 fnt\n|-unboost|p1b: \u94f6\u91d1\u7535\u86c7|spa|2\n|faint|p2a: Miraidon\n|move|p2b: Iron Hands|Low Kick|p1b: \u94f6\u91d1\u7535\u86c7\n|-damage|p1b: \u94f6\u91d1\u7535\u86c7|0 fnt\n|faint|p1b: \u94f6\u91d1\u7535\u86c7\n|cant|p1a: \u5996\u64b8\u51a0\u4e86|par\n|\n|-heal|p1a: \u5996\u64b8\u51a0\u4e86|30/100 par|[from] item: Leftovers\n|upkeep\n|turn|9\n|\n|t:|1772002778\n|move|p1a: \u5996\u64b8\u51a0\u4e86|Protect|p1a: \u5996\u64b8\u51a0\u4e86\n|-singleturn|p1a: \u5996\u64b8\u51a0\u4e86|Protect\n|move|p2b: Iron Hands|Low Kick|p1a: \u5996\u64b8\u51a0\u4e86\n|-activate|p1a: \u5996\u64b8\u51a0\u4e86|move: Protect\n|\n|-heal|p1a: \u5996\u64b8\u51a0\u4e86|36/100 par|[from] item: Leftovers\n|upkeep\n|turn|10\n|\n|t:|1772002791\n|move|p2b: Iron Hands|Low Kick|p1a: \u5996\u64b8\u51a0\u4e86\n|-damage|p1a: \u5996\u64b8\u51a0\u4e86|0 fnt\n|faint|p1a: \u5996\u64b8\u51a0\u4e86\n|\n|win|Tepig_nNz_498\n|raw|blackred123's rating: 1379 &rarr; <strong>1362</strong><br />(-17 for losing)\n|raw|Tepig_nNz_498's rating: 1424 &rarr; <strong>1441</strong><br />(+17 for winning)\n|l|\u2606blackred123\n|player|p1|\n|l|\u2606Tepig_nNz_498\n|player|p2|\n","uploadtime":1772003026,"views":22,"formatid":"gen9vgc2026regi","rating":1362,"private":0,"password":null}