{"id":"gen9vgc2026regi-2578865394","format":"[Gen 9] VGC 2026 Reg I","players":["kritath","I\u2764\ufe0f\u5a1c\u7984Forever"],"log":"|j|\u2606kritath\n|j|\u2606I\u2764\ufe0f\u5a1c\u7984Forever\n|t:|1775729553\n|gametype|doubles\n|player|p1|kritath|policeman-gen4|\n|player|p2|I\u2764\ufe0f\u5a1c\u7984Forever|youngcouple-gen4dp|\n|gen|9\n|tier|[Gen 9] VGC 2026 Reg I\n|rated|Tournament battle\n|rule|Species Clause: Limit one of each Pok\u00e9mon\n|rule|Item Clause: Limit 1 of each item\n|raw|<div class=\"infobox\"><details class=\"readmore\" open><summary><strong>3 custom rules:</strong></summary> Open Team Sheets, Force Open Team Sheets, !Open Team Sheets</details></div>\n|clearpoke\n|poke|p1|Calyrex-Ice, L50|\n|poke|p1|Grimmsnarl, L50, M|\n|poke|p1|Miraidon, L50|\n|poke|p1|Landorus, L50, M|\n|poke|p1|Urshifu-*, L50, F|\n|poke|p1|Incineroar, L50, F|\n|poke|p2|Groudon, L50|\n|poke|p2|Kyurem-White, L50|\n|poke|p2|Heatran, L50, M|\n|poke|p2|Whimsicott, L50, F|\n|poke|p2|Ditto, L50|\n|poke|p2|Flutter Mane, L50|\n|teampreview|4\n|showteam|p1|Calyrex-Ice||ClearAmulet|AsOneGlastrier|Protect,GlacialLance,LeechSeed,TrickRoom||||||50|,,,,,Water]Grimmsnarl||LightClay|Prankster|Reflect,LightScreen,ThunderWave,SpiritBreak|||M|||50|,,,,,Ghost]Miraidon||ChoiceSpecs|HadronEngine|ElectroDrift,VoltSwitch,DracoMeteor,DazzlingGleam||||||50|,,,,,Fairy]Landorus||LifeOrb|SheerForce|Protect,EarthPower,SludgeBomb,SandsearStorm|||M|||50|,,,,,Steel]Urshifu-Rapid-Strike||ChoiceBand|UnseenFist|SurgingStrikes,AquaJet,CloseCombat,Uturn|||F|||50|,,,,,Ghost]Incineroar||AssaultVest|Intimidate|FakeOut,FlareBlitz,KnockOff,Uturn|||F|||50|,,,,,Fairy\n|showteam|p2|Groudon||AssaultVest|Drought|PrecipiceBlades,HeatCrash,IronHead,Crunch||||||50|,,,,,Water]Kyurem-White||BlunderPolicy|Turboblaze|Blizzard,ShadowBall,FusionFlare,FreezeDry||||||50|,,,,,Ghost]Heatran||Leftovers|FlameBody|HeatWave,Substitute,Protect,EarthPower|||M|||50|,,,,,Fire]Whimsicott||FocusSash|Prankster|Tailwind,TrickRoom,EnergyBall,Endeavor|||F|||50|,,,,,Ghost]Ditto||BrightPowder|Imposter|Transform||||||50|,,,,,Dark]Flutter Mane||ChoiceSpecs|Protosynthesis|DazzlingGleam,PowerGem,ShadowBall,EnergyBall||||||50|,,,,,Water\n|inactive|Battle timer is ON: inactive players will automatically lose when time's up. (requested by kritath)\n|j| TheNewBrends11@!\n|c|\u2606kritath|Glhf\n|\n|t:|1775729581\n|teamsize|p1|4\n|teamsize|p2|4\n|start\n|switch|p1a: No fun|Grimmsnarl, L50, M|100/100\n|switch|p1b: Life sucker|Calyrex-Ice, L50|100/100\n|switch|p2a: Whimsicott|Whimsicott, L50, F|100/100\n|switch|p2b: Kyurem|Kyurem-White, L50|100/100\n|-ability|p1b: Life sucker|As One\n|-ability|p1b: Life sucker|Unnerve\n|-ability|p2b: Kyurem|Turboblaze\n|turn|1\n|c|\u2606I\u2764\ufe0f\u5a1c\u7984Forever|glhf\n|\n|t:|1775729595\n|-terastallize|p1b: Life sucker|Water\n|move|p2a: Whimsicott|Endeavor|p1b: Life sucker\n|-damage|p1b: Life sucker|58/100\n|move|p2b: Kyurem|Shadow Ball|p1b: Life sucker\n|-damage|p1b: Life sucker|36/100\n|move|p1a: No fun|Spirit Break|p2a: Whimsicott\n|-damage|p2a: Whimsicott|52/100\n|-unboost|p2a: Whimsicott|spa|1\n|move|p1b: Life sucker|Glacial Lance|p2b: Kyurem|[spread] p2a,p2b\n|-supereffective|p2a: Whimsicott\n|-damage|p2a: Whimsicott|0 fnt\n|-damage|p2b: Kyurem|57/100\n|faint|p2a: Whimsicott\n|-ability|p1b: Life sucker|Chilling Neigh|boost\n|-boost|p1b: Life sucker|atk|1\n|\n|upkeep\n|\n|t:|1775729610\n|switch|p2a: Ditto|Ditto, L50|100/100\n|-transform|p2a: Ditto|p1b: Life sucker|[from] ability: Imposter\n|-ability|p2a: Ditto|As One\n|-ability|p2a: Ditto|Unnerve\n|-start|p2a: Ditto|typechange|Psychic/Ice|[silent]\n|turn|2\n|j| VoltAttack\n|\n|t:|1775729630\n|switch|p1b: Rash driving|Incineroar, L50, F|100/100\n|-ability|p1b: Rash driving|Intimidate|boost\n|-unboost|p2a: Ditto|atk|1\n|-unboost|p2b: Kyurem|atk|1\n|-terastallize|p2a: Ditto|Dark\n|move|p1a: No fun|Reflect|p1a: No fun\n|-sidestart|p1: kritath|Reflect\n|move|p2b: Kyurem|Freeze-Dry|p1b: Rash driving\n|-resisted|p1b: Rash driving\n|-damage|p1b: Rash driving|84/100\n|move|p2a: Ditto|Glacial Lance|p1a: No fun|[spread] p1a,p1b\n|-resisted|p1b: Rash driving\n|-damage|p1a: No fun|62/100\n|-damage|p1b: Rash driving|71/100\n|\n|upkeep\n|turn|3\n|\n|t:|1775729654\n|switch|p2a: Groudon|Groudon, L50|100/100\n|-weather|SunnyDay|[from] ability: Drought|[of] p2a: Groudon\n|move|p1a: No fun|Light Screen|p1a: No fun\n|-sidestart|p1: kritath|move: Light Screen\n|move|p2b: Kyurem|Blizzard|p1a: No fun|[spread] p1a,p1b\n|-resisted|p1b: Rash driving\n|-damage|p1a: No fun|25/100\n|-damage|p1b: Rash driving|59/100\n|move|p1b: Rash driving|Knock Off|p2a: Groudon\n|-damage|p2a: Groudon|74/100\n|-enditem|p2a: Groudon|Assault Vest|[from] move: Knock Off|[of] p1b: Rash driving\n|\n|-weather|SunnyDay|[upkeep]\n|upkeep\n|turn|4\n|j| mysticmarshtomp\n|\n|t:|1775729668\n|switch|p1b: I use ball|Landorus, L50, M|100/100\n|move|p2b: Kyurem|Blizzard|p1b: I use ball|[spread] p1a\n|-miss|p2b: Kyurem|p1b: I use ball\n|-enditem|p2b: Kyurem|Blunder Policy\n|-boost|p2b: Kyurem|spe|2\n|-damage|p1a: No fun|0 fnt\n|faint|p1a: No fun\n|move|p2a: Groudon|Precipice Blades|p1b: I use ball\n|-immune|p1b: I use ball\n|\n|-weather|SunnyDay|[upkeep]\n|upkeep\n|\n|t:|1775729675\n|switch|p1a: Life sucker|Calyrex-Ice, L50, tera:Water|36/100\n|-ability|p1a: Life sucker|As One\n|-ability|p1a: Life sucker|Unnerve\n|turn|5\n|\n|t:|1775729683\n|switch|p1b: Rash driving|Incineroar, L50, F|59/100\n|-ability|p1b: Rash driving|Intimidate|boost\n|-unboost|p2a: Groudon|atk|1\n|-unboost|p2b: Kyurem|atk|1\n|move|p2b: Kyurem|Freeze-Dry|p1b: Rash driving\n|-resisted|p1b: Rash driving\n|-damage|p1b: Rash driving|49/100\n|move|p2a: Groudon|Precipice Blades|p1b: Rash driving|[spread] p1a\n|-miss|p2a: Groudon|p1b: Rash driving\n|-damage|p1a: Life sucker|20/100\n|move|p1a: Life sucker|Glacial Lance|p2b: Kyurem|[spread] p2a,p2b\n|-supereffective|p2a: Groudon\n|-damage|p2a: Groudon|10/100\n|-damage|p2b: Kyurem|14/100\n|\n|-weather|SunnyDay|[upkeep]\n|upkeep\n|turn|6\n|\n|t:|1775729706\n|switch|p2a: Ditto|Ditto, L50, tera:Dark|100/100\n|-transform|p2a: Ditto|p1b: Rash driving|[from] ability: Imposter\n|-ability|p2a: Ditto|Intimidate|boost\n|-fail|p1a: Life sucker|unboost|[from] item: Clear Amulet|[of] p1a: Life sucker\n|-unboost|p1b: Rash driving|atk|1\n|move|p1b: Rash driving|Fake Out|p2b: Kyurem\n|-damage|p2b: Kyurem|7/100\n|cant|p2b: Kyurem|flinch\n|move|p1a: Life sucker|Glacial Lance|p2b: Kyurem|[spread] p2a,p2b\n|-damage|p2a: Ditto|46/100\n|-damage|p2b: Kyurem|0 fnt\n|faint|p2b: Kyurem\n|-ability|p1a: Life sucker|Chilling Neigh|boost\n|-boost|p1a: Life sucker|atk|1\n|\n|-weather|SunnyDay|[upkeep]\n|upkeep\n|\n|t:|1775729721\n|switch|p2b: Groudon|Groudon, L50|10/100\n|turn|7\n|\n|t:|1775729727\n|move|p1a: Life sucker|Protect|p1a: Life sucker\n|-singleturn|p1a: Life sucker|Protect\n|move|p2a: Ditto|Fake Out|p1a: Life sucker\n|-activate|p1a: Life sucker|move: Protect\n|move|p2b: Groudon|Precipice Blades|p1b: Rash driving|[spread] p1b\n|-activate|p1a: Life sucker|move: Protect\n|-supereffective|p1b: Rash driving\n|-damage|p1b: Rash driving|0 fnt\n|faint|p1b: Rash driving\n|\n|-weather|none\n|upkeep\n|\n|t:|1775729732\n|switch|p1b: I use ball|Landorus, L50, M|100/100\n|turn|8\n|\n|t:|1775729740\n|move|p1b: I use ball|Earth Power|p2b: Groudon\n|-damage|p2b: Groudon|0 fnt\n|faint|p2b: Groudon\n|move|p2a: Ditto|Knock Off|p1a: Life sucker\n|-damage|p1a: Life sucker|1/100\n|-enditem|p1a: Life sucker|Clear Amulet|[from] move: Knock Off|[of] p2a: Ditto\n|move|p1a: Life sucker|Glacial Lance|p2a: Ditto\n|-damage|p2a: Ditto|0 fnt\n|faint|p2a: Ditto\n|\n|win|kritath\n|n|\u2606kritath|kritath\n|n|\u2606I\u2764\ufe0f\u5a1c\u7984Forever|iforever\n|n| TheNewBrends11@!|thenewbrends11\n|n| VoltAttack|voltattack\n|n| mysticmarshtomp|mysticmarshtomp\n|c|\u2606kritath|Gg\n|l|\u2606kritath\n|player|p1|\n|c|\u2606I\u2764\ufe0f\u5a1c\u7984Forever|ggqp\n|c|\u2606I\u2764\ufe0f\u5a1c\u7984Forever|wp\n|l|\u2606I\u2764\ufe0f\u5a1c\u7984Forever\n|player|p2|\n","uploadtime":1775729740,"views":7,"formatid":"gen9vgc2026regi","rating":null,"private":0,"password":null}