{"id":"gen9vgc2026regi-2579599346","format":"[Gen 9] VGC 2026 Reg I","players":["LinkXSwords","happidoodledoo"],"log":"|j|\u2606LinkXSwords\n|j|\u2606happidoodledoo\n|t:|1775803734\n|gametype|doubles\n|player|p1|LinkXSwords|zinnia|1527\n|player|p2|happidoodledoo|ghetsis|1559\n|gen|9\n|tier|[Gen 9] VGC 2026 Reg I\n|rated|\n|rule|Species Clause: Limit one of each Pok\u00e9mon\n|rule|Item Clause: Limit 1 of each item\n|clearpoke\n|poke|p1|Calyrex-Ice, L50|\n|poke|p1|Miraidon, L50|\n|poke|p1|Iron Hands, L50|\n|poke|p1|Farigiraf, L50, F|\n|poke|p1|Ogerpon-Hearthflame, L50, F|\n|poke|p1|Urshifu-*, L50, M|\n|poke|p2|Grimmsnarl, L50, M|\n|poke|p2|Ho-Oh, L50|\n|poke|p2|Sinistcha, L50|\n|poke|p2|Urshifu-*, L50, M|\n|poke|p2|Lunala, L50|\n|poke|p2|Rillaboom, L50, M|\n|teampreview|4\nLinkXSwords rejected open team sheets.\n|inactive|Battle timer is ON: inactive players will automatically lose when time's up. (requested by LinkXSwords)\n|j| PQPP215\n|l| PQPP215\n|\n|t:|1775803767\n|teamsize|p1|4\n|teamsize|p2|4\n|start\n|switch|p1a: Belmonda|Miraidon, L50|100/100\n|switch|p1b: Rafa|Farigiraf, L50, F, shiny|100/100\n|switch|p2a: federico-oh|Ho-Oh, L50|100/100\n|switch|p2b: rillambappe|Rillaboom, L50, M|100/100\n|-fieldstart|move: Electric Terrain|[from] ability: Hadron Engine|[of] p1a: Belmonda\n|-ability|p2a: federico-oh|Pressure\n|-fieldstart|move: Grassy Terrain|[from] ability: Grassy Surge|[of] p2b: rillambappe\n|turn|1\n|\n|t:|1775803786\n|-terastallize|p1a: Belmonda|Fairy\n|move|p2a: federico-oh|Protect|p2a: federico-oh\n|-singleturn|p2a: federico-oh|Protect\n|move|p1a: Belmonda|Dazzling Gleam|p2a: federico-oh|[spread] p2b\n|-activate|p2a: federico-oh|move: Protect\n|-damage|p2b: rillambappe|59/100\n|move|p2b: rillambappe|U-turn|p1b: Rafa\n|-supereffective|p1b: Rafa\n|-damage|p1b: Rafa|60/100\n|\n|t:|1775803797\n|switch|p2b: carvajalunala|Lunala, L50|100/100|[from] U-turn\n|move|p1b: Rafa|Hyper Voice|p2a: federico-oh|[spread] \n|-activate|p2a: federico-oh|move: Protect\n|-immune|p2b: carvajalunala\n|\n|-heal|p1b: Rafa|66/100|[from] Grassy Terrain\n|upkeep\n|turn|2\n|\n|t:|1775803811\n|move|p1a: Belmonda|Dazzling Gleam|p2b: carvajalunala|[spread] p2a,p2b\n|-resisted|p2a: federico-oh\n|-damage|p2a: federico-oh|85/100\n|-damage|p2b: carvajalunala|82/100\n|move|p2b: carvajalunala|Dazzling Gleam|p1a: Belmonda|[spread] p1a,p1b\n|-damage|p1a: Belmonda|80/100\n|-damage|p1b: Rafa|43/100\n|move|p2a: federico-oh|Sacred Fire|p1a: Belmonda\n|-damage|p1a: Belmonda|22/100\n|-status|p1a: Belmonda|brn\n|move|p1b: Rafa|Foul Play|p2b: carvajalunala\n|-supereffective|p2b: carvajalunala\n|-damage|p2b: carvajalunala|21/100\n|\n|-heal|p1a: Belmonda|28/100 brn|[from] Grassy Terrain\n|-heal|p2b: carvajalunala|27/100|[from] Grassy Terrain\n|-heal|p1b: Rafa|49/100|[from] Grassy Terrain\n|-damage|p1a: Belmonda|22/100 brn|[from] brn\n|upkeep\n|turn|3\n|\n|t:|1775803833\n|switch|p2a: sinistchouameni|Sinistcha, L50|100/100\n|-heal|p2b: carvajalunala|52/100|[from] ability: Hospitality|[of] p2a: sinistchouameni\n|-terastallize|p2b: carvajalunala|Fairy\n|move|p1a: Belmonda|Dazzling Gleam|p2a: sinistchouameni|[spread] p2a,p2b\n|-damage|p2a: sinistchouameni|45/100\n|-damage|p2b: carvajalunala|16/100\n|-enditem|p2a: sinistchouameni|Eject Button\n|\n|t:|1775803845\n|switch|p2a: federico-oh|Ho-Oh, L50|85/100\n|-ability|p2a: federico-oh|Pressure\n|move|p2b: carvajalunala|Calm Mind|p2b: carvajalunala\n|-boost|p2b: carvajalunala|spa|1\n|-boost|p2b: carvajalunala|spd|1\n|move|p1b: Rafa|Foul Play|p2b: carvajalunala\n|-resisted|p2b: carvajalunala\n|-damage|p2b: carvajalunala|9/100\n|\n|-heal|p1a: Belmonda|28/100 brn|[from] Grassy Terrain\n|-heal|p2b: carvajalunala|15/100|[from] Grassy Terrain\n|-heal|p1b: Rafa|55/100|[from] Grassy Terrain\n|-damage|p1a: Belmonda|22/100 brn|[from] brn\n|upkeep\n|turn|4\n|\n|t:|1775803867\n|switch|p2a: sinistchouameni|Sinistcha, L50|45/100\n|-heal|p2b: carvajalunala|40/100|[from] ability: Hospitality|[of] p2a: sinistchouameni\n|move|p1a: Belmonda|Dazzling Gleam|p2b: carvajalunala|[spread] p2a,p2b\n|-damage|p2a: sinistchouameni|0 fnt\n|-damage|p2b: carvajalunala|14/100\n|faint|p2a: sinistchouameni\n|move|p2b: carvajalunala|Dazzling Gleam|p1a: Belmonda|[spread] p1a,p1b\n|-crit|p1a: Belmonda\n|-damage|p1a: Belmonda|0 fnt\n|-damage|p1b: Rafa|3/100\n|faint|p1a: Belmonda\n|move|p1b: Rafa|Hyper Voice|p2b: carvajalunala\n|-damage|p2b: carvajalunala|0 fnt\n|faint|p2b: carvajalunala\n|-enditem|p1b: Rafa|Throat Spray\n|-boost|p1b: Rafa|spa|1|[from] item: Throat Spray\n|\n|-heal|p1b: Rafa|9/100|[from] Grassy Terrain\n|upkeep\n|\n|t:|1775803882\n|switch|p1a: Cabez\u00f3n|Calyrex-Ice, L50|100/100\n|switch|p2b: rillambappe|Rillaboom, L50, M|59/100\n|switch|p2a: federico-oh|Ho-Oh, L50|85/100\n|-ability|p1a: Cabez\u00f3n|As One\n|-ability|p1a: Cabez\u00f3n|Unnerve\n|-ability|p2a: federico-oh|Pressure\n|turn|5\n|\n|t:|1775803893\n|move|p1a: Cabez\u00f3n|Protect|p1a: Cabez\u00f3n\n|-singleturn|p1a: Cabez\u00f3n|Protect\n|move|p2a: federico-oh|Sacred Fire|p1a: Cabez\u00f3n\n|-activate|p1a: Cabez\u00f3n|move: Protect\n|move|p2b: rillambappe|U-turn|p1b: Rafa\n|-supereffective|p1b: Rafa\n|-damage|p1b: Rafa|0 fnt\n|faint|p1b: Rafa\n|\n|-heal|p2b: rillambappe|65/100|[from] Grassy Terrain\n|-fieldend|move: Grassy Terrain\n|upkeep\n|\n|t:|1775803897\n|switch|p1b: Ibai|Iron Hands, L50|100/100\n|turn|6\n|\n|t:|1775803905\n|move|p1b: Ibai|Fake Out|p2a: federico-oh\n|-damage|p2a: federico-oh|70/100\n|cant|p2a: federico-oh|flinch\n|move|p2b: rillambappe|Wood Hammer|p1a: Cabez\u00f3n\n|-damage|p1a: Cabez\u00f3n|57/100\n|-damage|p2b: rillambappe|50/100|[from] Recoil\n|move|p1a: Cabez\u00f3n|Glacial Lance|p2b: rillambappe|[spread] p2a,p2b\n|-supereffective|p2b: rillambappe\n|-damage|p2a: federico-oh|14/100\n|-damage|p2b: rillambappe|0 fnt\n|faint|p2b: rillambappe\n|-ability|p1a: Cabez\u00f3n|Chilling Neigh|boost\n|-boost|p1a: Cabez\u00f3n|atk|1\n|\n|upkeep\n|turn|7\n|-message|happidoodledoo forfeited.\n|\n|win|LinkXSwords\n|raw|LinkXSwords's rating: 1527 &rarr; <strong>1549</strong><br />(+22 for winning)\n|raw|happidoodledoo's rating: 1559 &rarr; <strong>1537</strong><br />(-22 for losing)\n|l|\u2606happidoodledoo\n|player|p2|\n|l|\u2606LinkXSwords\n|player|p1|\n","uploadtime":1775804060,"views":19,"formatid":"gen9vgc2026regi","rating":1537,"private":0,"password":null}