{"id":"gen9vgc2026regi-2547083409","format":"[Gen 9] VGC 2026 Reg I","players":["pitty boi","pzyxhic"],"log":"|j|\u2606pitty boi\n|j|\u2606pzyxhic\n|t:|1772045047\n|gametype|doubles\n|player|p1|pitty boi|1|1385\n|player|p2|pzyxhic|266|1343\n|gen|9\n|tier|[Gen 9] VGC 2026 Reg I\n|rated|\n|rule|Species Clause: Limit one of each Pok\u00e9mon\n|rule|Item Clause: Limit 1 of each item\n|clearpoke\n|poke|p1|Calyrex-Shadow, L50|\n|poke|p1|Zamazenta-*, L50|\n|poke|p1|Weezing-Galar, L50, F|\n|poke|p1|Urshifu-*, L50, F|\n|poke|p1|Rillaboom, L50, F|\n|poke|p1|Volcarona, L50, F|\n|poke|p2|Calyrex-Shadow, L50|\n|poke|p2|Chi-Yu, L50|\n|poke|p2|Whimsicott, L50, F|\n|poke|p2|Urshifu-*, L50, F|\n|poke|p2|Farigiraf, L50, F|\n|poke|p2|Kyurem-White, L50|\n|teampreview|4\n|inactive|Battle timer is ON: inactive players will automatically lose when time's up. (requested by pitty boi)\n|inactive|pzyxhic has 60 seconds left.\n|\n|t:|1772045086\n|teamsize|p1|4\n|teamsize|p2|4\n|start\n|switch|p1a: Weezing|Weezing-Galar, L50, F|100/100\n|switch|p1b: Volcarona|Volcarona, L50, F|100/100\n|switch|p2a: Whimsicott|Whimsicott, L50, F|100/100\n|switch|p2b: Kyurem|Kyurem-White, L50|100/100\n|-ability|p1a: Weezing|Neutralizing Gas\n|turn|1\n|\n|t:|1772045103\n|move|p2b: Kyurem|Fusion Flare|p1b: Volcarona\n|-damage|p1b: Volcarona|55/100\n|-damage|p2b: Kyurem|91/100|[from] item: Life Orb\n|move|p2a: Whimsicott|Tailwind|p2a: Whimsicott\n|-sidestart|p2: pzyxhic|move: Tailwind\n|move|p1b: Volcarona|Tailwind|p1b: Volcarona\n|-sidestart|p1: pitty boi|move: Tailwind\n|move|p1a: Weezing|Taunt|p2a: Whimsicott\n|-start|p2a: Whimsicott|move: Taunt\n|\n|upkeep\n|turn|2\n|inactive|pzyxhic has 30 seconds left.\n|\n|t:|1772045132\n|switch|p1b: Zamazenta|Zamazenta-Crowned, L50|100/100\n|move|p2b: Kyurem|Fusion Flare|p1b: Zamazenta\n|-supereffective|p1b: Zamazenta\n|-damage|p1b: Zamazenta|24/100\n|-damage|p2b: Kyurem|81/100|[from] item: Life Orb\n|move|p2a: Whimsicott|Moonblast|p1b: Zamazenta\n|-damage|p1b: Zamazenta|5/100\n|move|p1a: Weezing|Will-O-Wisp|p2b: Kyurem\n|-status|p2b: Kyurem|brn\n|\n|-damage|p2b: Kyurem|75/100 brn|[from] brn\n|upkeep\n|turn|3\n|\n|t:|1772045156\n|switch|p2b: Calyrex|Calyrex-Shadow, L50|100/100\n|-ability|p2b: Calyrex|As One\n|-ability|p2b: Calyrex|Unnerve\n|move|p1b: Zamazenta|Body Press|p2b: Calyrex\n|-immune|p2b: Calyrex\n|move|p2a: Whimsicott|Moonblast|p1b: Zamazenta\n|-crit|p1b: Zamazenta\n|-damage|p1b: Zamazenta|0 fnt\n|faint|p1b: Zamazenta\n|move|p1a: Weezing|Strange Steam|p2b: Calyrex\n|-damage|p2b: Calyrex|73/100\n|\n|upkeep\n|\n|t:|1772045164\n|switch|p1b: Calyrex|Calyrex-Shadow, L50|100/100\n|-ability|p1b: Calyrex|As One\n|-ability|p1b: Calyrex|Unnerve\n|turn|4\n|\n|t:|1772045184\n|-terastallize|p2b: Calyrex|Ghost\n|-terastallize|p1b: Calyrex|Normal\n|move|p1a: Weezing|Protect|p1a: Weezing\n|-singleturn|p1a: Weezing|Protect\n|move|p2b: Calyrex|Astral Barrage|p1a: Weezing|[spread] \n|-activate|p1a: Weezing|move: Protect\n|-immune|p1b: Calyrex\n|move|p1b: Calyrex|Astral Barrage|p2b: Calyrex|[spread] p2a,p2b\n|-supereffective|p2b: Calyrex\n|-damage|p2a: Whimsicott|19/100\n|-damage|p2b: Calyrex|0 fnt\n|faint|p2b: Calyrex\n|-ability|p1b: Calyrex|Grim Neigh|boost\n|-boost|p1b: Calyrex|spa|1\n|-damage|p1b: Calyrex|91/100|[from] item: Life Orb\n|move|p2a: Whimsicott|Moonblast|p1b: Calyrex\n|-damage|p1b: Calyrex|63/100\n|\n|-end|p2a: Whimsicott|move: Taunt\n|-sideend|p2: pzyxhic|move: Tailwind\n|-sideend|p1: pitty boi|move: Tailwind\n|upkeep\n|inactive|pzyxhic has 30 seconds left.\n|\n|t:|1772045210\n|switch|p2b: Urshifu|Urshifu-Rapid-Strike, L50, F|100/100\n|turn|5\n|\n|t:|1772045219\n|move|p1b: Calyrex|Protect|p1b: Calyrex\n|-singleturn|p1b: Calyrex|Protect\n|move|p2b: Urshifu|Close Combat|p1b: Calyrex\n|-activate|p1b: Calyrex|move: Protect\n|move|p2a: Whimsicott|Encore|p1a: Weezing\n|-start|p1a: Weezing|Encore\n|move|p1a: Weezing|Protect||[still]\n|-fail|p1a: Weezing\n|\n|upkeep\n|turn|6\n|inactive|pzyxhic has 30 seconds left.\n|\n|t:|1772045245\n|switch|p1b: Volcarona|Volcarona, L50, F|55/100\n|move|p1a: Weezing|Protect|p1a: Weezing\n|-singleturn|p1a: Weezing|Protect\n|move|p2b: Urshifu|Surging Strikes|p1b: Volcarona\n|-supereffective|p1b: Volcarona\n|-crit|p1b: Volcarona\n|-damage|p1b: Volcarona|11/100\n|-supereffective|p1b: Volcarona\n|-crit|p1b: Volcarona\n|-damage|p1b: Volcarona|0 fnt\n|faint|p1b: Volcarona\n|-hitcount|p1: Volcarona|2\n|move|p2a: Whimsicott|Tailwind|p2a: Whimsicott\n|-sidestart|p2: pzyxhic|move: Tailwind\n|\n|upkeep\n|\n|t:|1772045257\n|switch|p1b: Calyrex|Calyrex-Shadow, L50, tera:Normal|63/100\n|-ability|p1b: Calyrex|As One\n|-ability|p1b: Calyrex|Unnerve\n|turn|7\n|\n|t:|1772045270\n|move|p1a: Weezing|Protect||[still]\n|-fail|p1a: Weezing\n|move|p2b: Urshifu|Close Combat|p1b: Calyrex\n|-supereffective|p1b: Calyrex\n|-damage|p1b: Calyrex|0 fnt\n|-unboost|p2b: Urshifu|def|1\n|-unboost|p2b: Urshifu|spd|1\n|faint|p1b: Calyrex\n|move|p2a: Whimsicott|Fake Tears|p1a: Weezing\n|-unboost|p1a: Weezing|spd|2\n|\n|-end|p1a: Weezing|Encore\n|upkeep\n|turn|8\n|-message|pitty boi forfeited.\n|\n|win|pzyxhic\n|raw|pitty boi's rating: 1385 &rarr; <strong>1363</strong><br />(-22 for losing)\n|raw|pzyxhic's rating: 1343 &rarr; <strong>1365</strong><br />(+22 for winning)\n|l|\u2606pitty boi\n|player|p1|\n|l|\u2606pzyxhic\n|player|p2|\n","uploadtime":1772045430,"views":13,"formatid":"gen9vgc2026regi","rating":1363,"private":0,"password":null}