{"id":"gen9vgc2026regi-2519537950","format":"[Gen 9] VGC 2026 Reg I","players":["handsomebabyboy","marcxhenry"],"log":"|j|\u2606handsomebabyboy\n|j|\u2606marcxhenry\n|t:|1768515486\n|gametype|doubles\n|player|p1|handsomebabyboy|102|1293\n|player|p2|marcxhenry|hilbert-wonderlauncher|1370\n|gen|9\n|tier|[Gen 9] VGC 2026 Reg I\n|rated|\n|rule|Species Clause: Limit one of each Pok\u00e9mon\n|rule|Item Clause: Limit 1 of each item\n|clearpoke\n|poke|p1|Rayquaza, L50|\n|poke|p1|Zacian-*, L50|\n|poke|p1|Urshifu-*, L50, F|\n|poke|p1|Electabuzz, L50, F|\n|poke|p1|Iron Bundle, L50|\n|poke|p1|Entei, L50|\n|poke|p2|Calyrex-Shadow, L50|\n|poke|p2|Urshifu-*, L50, M|\n|poke|p2|Roaring Moon, L50|\n|poke|p2|Kyogre, L50|\n|poke|p2|Tsareena, L50, F|\n|poke|p2|Kingambit, L50, M|\n|teampreview|4\n|inactive|Battle timer is ON: inactive players will automatically lose when time's up. (requested by handsomebabyboy)\n|inactive|handsomebabyboy has 60 seconds left.\n|\n|t:|1768515542\n|teamsize|p1|4\n|teamsize|p2|4\n|start\n|switch|p1a: Iron Bundle|Iron Bundle, L50|100/100\n|switch|p1b: Zacian|Zacian-Crowned, L50|100/100\n|switch|p2a: Ludwig|Calyrex-Shadow, L50|100/100\n|switch|p2b: Tripitz|Kyogre, L50, shiny|100/100\n|-ability|p2a: Ludwig|As One\n|-ability|p2a: Ludwig|Unnerve\n|-ability|p1b: Zacian|Intrepid Sword|boost\n|-boost|p1b: Zacian|atk|1\n|-weather|RainDance|[from] ability: Drizzle|[of] p2b: Tripitz\n|-enditem|p1a: Iron Bundle|Booster Energy\n|-activate|p1a: Iron Bundle|ability: Quark Drive|[fromitem]\n|-start|p1a: Iron Bundle|quarkdrivespe\n|turn|1\n|inactive|handsomebabyboy has 30 seconds left.\n|inactive|handsomebabyboy has 20 seconds left.\n|inactive|handsomebabyboy has 15 seconds left.\n|\n|t:|1768515584\n|switch|p2b: Hermann|Kingambit, L50, M, shiny|100/100\n|move|p1a: Iron Bundle|Icy Wind|p2b: Hermann|[spread] p2a,p2b\n|-resisted|p2b: Hermann\n|-damage|p2a: Ludwig|80/100\n|-damage|p2b: Hermann|95/100\n|-unboost|p2a: Ludwig|spe|1\n|-unboost|p2b: Hermann|spe|1\n|-ability|p2b: Hermann|Defiant|boost\n|-boost|p2b: Hermann|atk|2\n|move|p1b: Zacian|Sacred Sword|p2b: Hermann\n|-supereffective|p2b: Hermann\n|-damage|p2b: Hermann|0 fnt\n|faint|p2b: Hermann\n|move|p2a: Ludwig|Trick Room|p2a: Ludwig\n|-fieldstart|move: Trick Room|[of] p2a: Ludwig\n|\n|-weather|RainDance|[upkeep]\n|upkeep\n|\n|t:|1768515597\n|switch|p2b: Tripitz|Kyogre, L50, shiny|100/100\n|turn|2\n|\n|t:|1768515622\n|move|p1b: Zacian|Protect|p1b: Zacian\n|-singleturn|p1b: Zacian|Protect\n|move|p2b: Tripitz|Water Spout|p1a: Iron Bundle|[spread] p1a\n|-activate|p1b: Zacian|move: Protect\n|-resisted|p1a: Iron Bundle\n|-damage|p1a: Iron Bundle|0 fnt\n|faint|p1a: Iron Bundle\n|-end|p1a: Iron Bundle|Quark Drive|[silent]\n|move|p2a: Ludwig|Astral Barrage|p1b: Zacian\n|-activate|p1b: Zacian|move: Protect\n|\n|-weather|RainDance|[upkeep]\n|upkeep\n|inactive|handsomebabyboy has 30 seconds left.\n|\n|t:|1768515650\n|switch|p1a: Rayquaza|Rayquaza, L50, shiny|100/100\n|-ability|p1a: Rayquaza|Air Lock\n|turn|3\n|\n|t:|1768515671\n|switch|p2a: Eva|Tsareena, L50, F, shiny|100/100\n|-terastallize|p1a: Rayquaza|Normal\n|move|p1a: Rayquaza|Extreme Speed||[still]\n|cant|p2a: Eva|ability: Queenly Majesty|Extreme Speed|[of] p1a: Rayquaza\n|move|p2b: Tripitz|Water Spout|p1b: Zacian|[spread] p1a,p1b\n|-damage|p1a: Rayquaza|17/100\n|-damage|p1b: Zacian|13/100\n|move|p1b: Zacian|Behemoth Blade|p2a: Eva\n|-damage|p2a: Eva|8/100\n|\n|-weather|RainDance|[upkeep]\n|upkeep\n|turn|4\n|inactive|handsomebabyboy has 30 seconds left.\n|inactive|handsomebabyboy has 20 seconds left.\n|\n|t:|1768515709\n|move|p1b: Zacian|Protect|p1b: Zacian\n|-singleturn|p1b: Zacian|Protect\n|move|p2a: Eva|Power Whip|p1a: Rayquaza\n|-damage|p1a: Rayquaza|0 fnt\n|faint|p1a: Rayquaza\n|move|p2b: Tripitz|Water Spout|p1b: Zacian\n|-activate|p1b: Zacian|move: Protect\n|\n|-weather|RainDance|[upkeep]\n|upkeep\n|\n|t:|1768515714\n|switch|p1a: Urshifu|Urshifu, L50, F|100/100\n|turn|5\n|-message|handsomebabyboy forfeited.\n|\n|win|marcxhenry\n|raw|handsomebabyboy's rating: 1293 &rarr; <strong>1273</strong><br />(-20 for losing)\n|raw|marcxhenry's rating: 1370 &rarr; <strong>1386</strong><br />(+16 for winning)\n|l|\u2606handsomebabyboy\n|player|p1|\n|l|\u2606marcxhenry\n|player|p2|\n","uploadtime":1768515911,"views":12,"formatid":"gen9vgc2026regi","rating":1273,"private":0,"password":null}