{"id":"gen9vgc2026regi-2576222302","format":"[Gen 9] VGC 2026 Reg I","players":["yubanmeiqin","Kwiper"],"log":"|j|\u2606yubanmeiqin\n|j|\u2606Kwiper\n|t:|1775442165\n|gametype|doubles\n|player|p1|yubanmeiqin|lillie-masters2|1540\n|player|p2|Kwiper|sycamore|1598\n|gen|9\n|tier|[Gen 9] VGC 2026 Reg I\n|rated|\n|rule|Species Clause: Limit one of each Pok\u00e9mon\n|rule|Item Clause: Limit 1 of each item\n|clearpoke\n|poke|p1|Zamazenta-*, L50|\n|poke|p1|Kyogre, L50|\n|poke|p1|Rillaboom, L50, F|\n|poke|p1|Iron Jugulis, L50|\n|poke|p1|Kingambit, L50, F|\n|poke|p1|Chien-Pao, L50|\n|poke|p2|Koraidon, L50|\n|poke|p2|Lunala, L50|\n|poke|p2|Indeedee-F, L50, F|\n|poke|p2|Flutter Mane, L50|\n|poke|p2|Volcarona, L50, M|\n|poke|p2|Ursaluna, L50, M|\n|teampreview|4\n|inactive|Battle timer is ON: inactive players will automatically lose when time's up. (requested by Kwiper)\n|\n|t:|1775442180\n|teamsize|p1|4\n|teamsize|p2|4\n|start\n|switch|p1a: Kingambit|Kingambit, L50, F|100/100\n|switch|p1b: Zamazenta|Zamazenta-Crowned, L50|100/100\n|switch|p2a: Lunala|Lunala, L50, shiny|100/100\n|switch|p2b: Indeedee|Indeedee-F, L50, F|100/100\n|-ability|p1b: Zamazenta|Dauntless Shield|boost\n|-boost|p1b: Zamazenta|def|1\n|-fieldstart|move: Psychic Terrain|[from] ability: Psychic Surge|[of] p2b: Indeedee\n|turn|1\n|\n|t:|1775442191\n|switch|p2a: Volcarona|Volcarona, L50, M|100/100\n|move|p1b: Zamazenta|Iron Defense|p1b: Zamazenta\n|-boost|p1b: Zamazenta|def|2\n|move|p2b: Indeedee|Alluring Voice|p1b: Zamazenta\n|-damage|p1b: Zamazenta|88/100\n|-start|p1b: Zamazenta|confusion\n|move|p1a: Kingambit|Kowtow Cleave|p2b: Indeedee\n|-supereffective|p2b: Indeedee\n|-damage|p2b: Indeedee|0 fnt\n|faint|p2b: Indeedee\n|-damage|p1a: Kingambit|91/100|[from] item: Life Orb\n|\n|upkeep\n|j| gamer478\n|\n|t:|1775442197\n|switch|p2b: Lunala|Lunala, L50, shiny|100/100\n|turn|2\n|l| gamer478\n|\n|t:|1775442206\n|-terastallize|p2b: Lunala|Water\n|-activate|p1b: Zamazenta|confusion\n|move|p1b: Zamazenta|Body Press|p2a: Volcarona\n|-resisted|p2a: Volcarona\n|-damage|p2a: Volcarona|47/100\n|-damage|p1b: Zamazenta|71/100|[from] item: Rocky Helmet|[of] p2a: Volcarona\n|-status|p1b: Zamazenta|brn|[from] ability: Flame Body|[of] p2a: Volcarona\n|move|p2b: Lunala|Expanding Force|p1b: Zamazenta|[spread] p1b\n|-immune|p1a: Kingambit\n|-crit|p1b: Zamazenta\n|-damage|p1b: Zamazenta|0 fnt\n|faint|p1b: Zamazenta\n|move|p2a: Volcarona|Will-O-Wisp|p1a: Kingambit\n|-status|p1a: Kingambit|brn\n|move|p1a: Kingambit|Kowtow Cleave|p2b: Lunala\n|-damage|p2b: Lunala|87/100\n|-damage|p1a: Kingambit|81/100 brn|[from] item: Life Orb\n|\n|-damage|p1a: Kingambit|75/100 brn|[from] brn\n|upkeep\n|\n|t:|1775442216\n|switch|p1b: Kyogre|Kyogre, L50|100/100\n|-weather|RainDance|[from] ability: Drizzle|[of] p1b: Kyogre\n|turn|3\n|\n|t:|1775442223\n|switch|p2a: Koraidon|Koraidon, L50, shiny|100/100\n|-weather|SunnyDay|[from] ability: Orichalcum Pulse|[of] p2a: Koraidon\n|-activate|p2a: Koraidon|Orichalcum Pulse|[source]\n|switch|p1a: Rillaboom|Rillaboom, L50, F|100/100\n|-fieldstart|move: Grassy Terrain|[from] ability: Grassy Surge|[of] p1a: Rillaboom\n|move|p2b: Lunala|Meteor Beam||[still]\n|-prepare|p2b: Lunala|Meteor Beam\n|-boost|p2b: Lunala|spa|1\n|-enditem|p2b: Lunala|Power Herb\n|-anim|p2b: Lunala|Meteor Beam|p1b: Kyogre\n|-damage|p1b: Kyogre|65/100\n|move|p1b: Kyogre|Water Spout|p2b: Lunala|[spread] p2a,p2b\n|-resisted|p2a: Koraidon\n|-resisted|p2b: Lunala\n|-damage|p2a: Koraidon|90/100\n|-damage|p2b: Lunala|80/100\n|\n|-weather|SunnyDay|[upkeep]\n|-heal|p2a: Koraidon|95/100|[from] Grassy Terrain\n|-heal|p2b: Lunala|86/100|[from] Grassy Terrain\n|-heal|p1b: Kyogre|72/100|[from] Grassy Terrain\n|upkeep\n|turn|4\n|\n|t:|1775442239\n|switch|p2a: Volcarona|Volcarona, L50, M|47/100\n|-terastallize|p1b: Kyogre|Bug\n|move|p2b: Lunala|Moongeist Beam|p1b: Kyogre\n|-damage|p1b: Kyogre|34/100\n|move|p1a: Rillaboom|U-turn|p2a: Volcarona\n|-resisted|p2a: Volcarona\n|-damage|p2a: Volcarona|35/100\n|-damage|p1a: Rillaboom|84/100|[from] item: Rocky Helmet|[of] p2a: Volcarona\n|\n|t:|1775442247\n|switch|p1a: Kingambit|Kingambit, L50, F|75/100 brn|[from] U-turn\n|move|p1b: Kyogre|Water Spout|p2b: Lunala|[spread] p2a,p2b\n|-supereffective|p2a: Volcarona\n|-resisted|p2b: Lunala\n|-damage|p2a: Volcarona|19/100\n|-damage|p2b: Lunala|82/100\n|\n|-weather|SunnyDay|[upkeep]\n|-heal|p2b: Lunala|87/100|[from] Grassy Terrain\n|-heal|p2a: Volcarona|25/100|[from] Grassy Terrain\n|-heal|p1b: Kyogre|40/100|[from] Grassy Terrain\n|-heal|p1a: Kingambit|81/100 brn|[from] Grassy Terrain\n|-damage|p1a: Kingambit|75/100 brn|[from] brn\n|upkeep\n|turn|5\n|\n|t:|1775442261\n|move|p1a: Kingambit|Sucker Punch||[still]\n|-fail|p1a: Kingambit\n|move|p2b: Lunala|Moongeist Beam|p1b: Kyogre\n|-damage|p1b: Kyogre|1/100\n|move|p2a: Volcarona|Will-O-Wisp|p1b: Kyogre\n|-status|p1b: Kyogre|brn\n|move|p1b: Kyogre|Origin Pulse|p2a: Volcarona|[spread] p2a\n|-miss|p1b: Kyogre|p2b: Lunala\n|-supereffective|p2a: Volcarona\n|-damage|p2a: Volcarona|0 fnt\n|faint|p2a: Volcarona\n|\n|-weather|SunnyDay|[upkeep]\n|-heal|p2b: Lunala|93/100|[from] Grassy Terrain\n|-heal|p1b: Kyogre|7/100 brn|[from] Grassy Terrain\n|-heal|p1a: Kingambit|81/100 brn|[from] Grassy Terrain\n|-damage|p1b: Kyogre|1/100 brn|[from] brn\n|-damage|p1a: Kingambit|75/100 brn|[from] brn\n|upkeep\n|\n|t:|1775442265\n|switch|p2a: Koraidon|Koraidon, L50, shiny|95/100\n|-activate|p2a: Koraidon|ability: Orichalcum Pulse\n|turn|6\n|\n|t:|1775442275\n|switch|p1a: Rillaboom|Rillaboom, L50, F|84/100\n|move|p2a: Koraidon|Close Combat|p1a: Rillaboom\n|-damage|p1a: Rillaboom|0 fnt\n|-unboost|p2a: Koraidon|def|1\n|-unboost|p2a: Koraidon|spd|1\n|faint|p1a: Rillaboom\n|-damage|p2a: Koraidon|86/100|[from] item: Life Orb\n|move|p2b: Lunala|Moongeist Beam|p1b: Kyogre\n|-damage|p1b: Kyogre|0 fnt\n|faint|p1b: Kyogre\n|\n|-weather|SunnyDay|[upkeep]\n|-heal|p2a: Koraidon|91/100|[from] Grassy Terrain\n|-heal|p2b: Lunala|99/100|[from] Grassy Terrain\n|upkeep\n|-message|yubanmeiqin forfeited.\n|\n|win|Kwiper\n|raw|yubanmeiqin's rating: 1540 &rarr; <strong>1523</strong><br />(-17 for losing)\n|raw|Kwiper's rating: 1598 &rarr; <strong>1615</strong><br />(+17 for winning)\n","uploadtime":1775442281,"views":9,"formatid":"gen9vgc2026regi","rating":1523,"private":0,"password":null}