{"id":"gen9vgc2026regi-2573077509","format":"[Gen 9] VGC 2026 Reg I","players":["GalvanicAcorn","Dqstrqyed"],"log":"|j|\u203dGalvanicAcorn\n|j|\u2606Dqstrqyed\n|t:|1775088353\n|gametype|doubles\n|player|p1|GalvanicAcorn|1|1330\n|player|p2|Dqstrqyed|1|1429\n|gen|9\n|tier|[Gen 9] VGC 2026 Reg I\n|rated|\n|rule|Species Clause: Limit one of each Pok\u00e9mon\n|rule|Item Clause: Limit 1 of each item\n|clearpoke\n|poke|p1|Calyrex-Shadow, L50|\n|poke|p1|Zamazenta-*, L50|\n|poke|p1|Chien-Pao, L50|\n|poke|p1|Raging Bolt, L50|\n|poke|p1|Dragonite, L50, F|\n|poke|p1|Amoonguss, L50, M|\n|poke|p2|Volcarona, L50, F|\n|poke|p2|Ursaluna, L50, M|\n|poke|p2|Miraidon, L50|\n|poke|p2|Calyrex-Ice, L50|\n|poke|p2|Grimmsnarl, L50, M|\n|poke|p2|Sneasler, L50, F|\n|teampreview|4\n|inactive|Battle timer is ON: inactive players will automatically lose when time's up. (requested by GalvanicAcorn)\n|\n|t:|1775088396\n|teamsize|p1|4\n|teamsize|p2|4\n|start\n|switch|p1a: Zamazenta|Zamazenta-Crowned, L50, shiny|100/100\n|switch|p1b: Calyrex|Calyrex-Shadow, L50|100/100\n|switch|p2a: Miraidon|Miraidon, L50|100/100\n|switch|p2b: Grimmsnarl|Grimmsnarl, L50, M, shiny|100/100\n|-ability|p1b: Calyrex|As One\n|-ability|p1b: Calyrex|Unnerve\n|-fieldstart|move: Electric Terrain|[from] ability: Hadron Engine|[of] p2a: Miraidon\n|-ability|p1a: Zamazenta|Dauntless Shield|boost\n|-boost|p1a: Zamazenta|def|1\n|turn|1\n|inactive|GalvanicAcorn has 30 seconds left.\n|\n|t:|1775088421\n|move|p2b: Grimmsnarl|Reflect|p2b: Grimmsnarl\n|-sidestart|p2: Dqstrqyed|Reflect\n|move|p1b: Calyrex|Encore|p2b: Grimmsnarl\n|-start|p2b: Grimmsnarl|Encore\n|move|p2a: Miraidon|Snarl|p1a: Zamazenta|[spread] p1a,p1b\n|-resisted|p1a: Zamazenta\n|-supereffective|p1b: Calyrex\n|-damage|p1a: Zamazenta|93/100\n|-damage|p1b: Calyrex|12/100\n|-unboost|p1a: Zamazenta|spa|1\n|-unboost|p1b: Calyrex|spa|1\n|move|p1a: Zamazenta|Body Press|p2a: Miraidon\n|-damage|p2a: Miraidon|62/100\n|\n|upkeep\n|turn|2\n|inactive|GalvanicAcorn has 30 seconds left.\n|\n|t:|1775088454\n|switch|p2b: It\u2019s Go Time|Volcarona, L50, F, shiny|100/100\n|-enditem|p2b: It\u2019s Go Time|Electric Seed\n|-boost|p2b: It\u2019s Go Time|def|1|[from] item: Electric Seed\n|move|p1b: Calyrex|Psychic|p2a: Miraidon\n|-damage|p2a: Miraidon|42/100\n|move|p2a: Miraidon|Volt Switch|p1a: Zamazenta\n|-damage|p1a: Zamazenta|50/100\n|\n|t:|1775088463\n|switch|p2a: Calyrex|Calyrex-Ice, L50|100/100|[from] Volt Switch\n|-ability|p2a: Calyrex|As One\n|-ability|p2a: Calyrex|Unnerve\n|move|p1a: Zamazenta|Body Press|p2a: Calyrex\n|-damage|p2a: Calyrex|74/100\n|\n|upkeep\n|turn|3\n|inactive|GalvanicAcorn has 30 seconds left.\n|inactive|GalvanicAcorn has 20 seconds left.\n|\n|t:|1775088501\n|switch|p2a: Grimmsnarl|Grimmsnarl, L50, M, shiny|100/100\n|move|p1a: Zamazenta|Wide Guard|p1a: Zamazenta\n|-singleturn|p1a: Zamazenta|Wide Guard\n|move|p1b: Calyrex|Astral Barrage|p2b: It\u2019s Go Time|[spread] p2a,p2b\n|-resisted|p2a: Grimmsnarl\n|-damage|p2a: Grimmsnarl|85/100\n|-damage|p2b: It\u2019s Go Time|67/100\n|move|p2b: It\u2019s Go Time|Quiver Dance|p2b: It\u2019s Go Time\n|-boost|p2b: It\u2019s Go Time|spa|1\n|-boost|p2b: It\u2019s Go Time|spd|1\n|-boost|p2b: It\u2019s Go Time|spe|1\n|\n|upkeep\n|turn|4\n|inactive|GalvanicAcorn has 30 seconds left.\n|\n|t:|1775088529\n|move|p2b: It\u2019s Go Time|Fiery Dance|p1a: Zamazenta\n|-supereffective|p1a: Zamazenta\n|-damage|p1a: Zamazenta|0 fnt\n|-boost|p2b: It\u2019s Go Time|spa|1\n|faint|p1a: Zamazenta\n|move|p1b: Calyrex|Encore|p2b: It\u2019s Go Time\n|-start|p2b: It\u2019s Go Time|Encore\n|move|p2a: Grimmsnarl|Spirit Break|p1b: Calyrex\n|-damage|p1b: Calyrex|0 fnt\n|faint|p1b: Calyrex\n|\n|upkeep\n|\n|t:|1775088541\n|switch|p1b: Amoonguss|Amoonguss, L50, M|100/100\n|switch|p1a: Dragonite|Dragonite, L50, F|100/100\n|turn|5\n|\n|t:|1775088559\n|-terastallize|p1a: Dragonite|Normal\n|move|p1a: Dragonite|Extreme Speed|p2b: It\u2019s Go Time\n|-damage|p2b: It\u2019s Go Time|34/100\n|move|p1b: Amoonguss|Rage Powder|p1b: Amoonguss\n|-singleturn|p1b: Amoonguss|move: Rage Powder\n|move|p2b: It\u2019s Go Time|Fiery Dance|p1b: Amoonguss\n|-supereffective|p1b: Amoonguss\n|-damage|p1b: Amoonguss|0 fnt\n|faint|p1b: Amoonguss\n|move|p2a: Grimmsnarl|Spirit Break|p1a: Dragonite\n|-damage|p1a: Dragonite|70/100\n|-unboost|p1a: Dragonite|spa|1\n|\n|-fieldend|move: Electric Terrain\n|upkeep\n|turn|6\n|-message|GalvanicAcorn forfeited.\n|\n|win|Dqstrqyed\n|raw|GalvanicAcorn's rating: 1330 &rarr; <strong>1316</strong><br />(-14 for losing)\n|raw|Dqstrqyed's rating: 1429 &rarr; <strong>1443</strong><br />(+14 for winning)\n|l|\u203dGalvanicAcorn\n|player|p1|\n|l|\u2606Dqstrqyed\n|player|p2|\n","uploadtime":1775088712,"views":13,"formatid":"gen9vgc2026regi","rating":1316,"private":0,"password":null}