{"id":"gen9vgc2026regi-2576496872","format":"[Gen 9] VGC 2026 Reg I","players":["Padhijesp","Mirthinion"],"log":"|j|\u2606Padhijesp\n|j|\u2606Mirthinion\n|t:|1775481708\n|gametype|doubles\n|player|p1|Padhijesp|169|1514\n|player|p2|Mirthinion|janitor|1568\n|gen|9\n|tier|[Gen 9] VGC 2026 Reg I\n|rated|\n|rule|Species Clause: Limit one of each Pok\u00e9mon\n|rule|Item Clause: Limit 1 of each item\n|clearpoke\n|poke|p1|Lunala, L50|\n|poke|p1|Rillaboom, L50, M|\n|poke|p1|Tyranitar, L50, F|\n|poke|p1|Chien-Pao, L50|\n|poke|p1|Talonflame, L50, F|\n|poke|p1|Zacian-*, L50|\n|poke|p2|Calyrex-Shadow, L50|\n|poke|p2|Zamazenta-*, L50|\n|poke|p2|Urshifu-*, L50, M|\n|poke|p2|Incineroar, L50, M|\n|poke|p2|Rillaboom, L50, M|\n|poke|p2|Tornadus, L50, M|\n|teampreview|4\n|inactive|Battle timer is ON: inactive players will automatically lose when time's up. (requested by Mirthinion)\nMirthinion rejected open team sheets.\n|\n|t:|1775481725\n|teamsize|p1|4\n|teamsize|p2|4\n|start\n|switch|p1a: Lunala|Lunala, L50|100/100\n|switch|p1b: Rillaboom|Rillaboom, L50, M|100/100\n|switch|p2a: Vangwe|Tornadus, L50, M|100/100\n|switch|p2b: Beowulf|Urshifu-Rapid-Strike, L50, M|100/100\n|-fieldstart|move: Grassy Terrain|[from] ability: Grassy Surge|[of] p1b: Rillaboom\n|turn|1\n|\n|t:|1775481741\n|-terastallize|p2b: Beowulf|Ghost\n|move|p2a: Vangwe|Rain Dance|p2a: Vangwe\n|-weather|RainDance\n|move|p2b: Beowulf|Surging Strikes|p1a: Lunala\n|-crit|p1a: Lunala\n|-damage|p1a: Lunala|84/100\n|-crit|p1a: Lunala\n|-damage|p1a: Lunala|50/100\n|-crit|p1a: Lunala\n|-damage|p1a: Lunala|15/100\n|-hitcount|p1a: Lunala|3\n|move|p1a: Lunala|Meteor Beam||[still]\n|-prepare|p1a: Lunala|Meteor Beam\n|-boost|p1a: Lunala|spa|1\n|-enditem|p1a: Lunala|Power Herb\n|-anim|p1a: Lunala|Meteor Beam|p2a: Vangwe\n|-supereffective|p2a: Vangwe\n|-damage|p2a: Vangwe|0 fnt\n|faint|p2a: Vangwe\n|move|p1b: Rillaboom|U-turn|p2b: Beowulf\n|-resisted|p2b: Beowulf\n|-damage|p2b: Beowulf|86/100\n|\n|t:|1775481751\n|switch|p1b: Chien-Pao|Chien-Pao, L50, shiny|100/100|[from] U-turn\n|-ability|p1b: Chien-Pao|Sword of Ruin\n|\n|-weather|RainDance|[upkeep]\n|-heal|p2b: Beowulf|93/100|[from] Grassy Terrain\n|-heal|p1a: Lunala|21/100|[from] Grassy Terrain\n|upkeep\n|\n|t:|1775481763\n|switch|p2a: Drambor|Zamazenta-Crowned, L50|100/100\n|-ability|p2a: Drambor|Dauntless Shield|boost\n|-boost|p2a: Drambor|def|1\n|turn|2\n|\n|t:|1775481777\n|switch|p2b: Mithrandir|Calyrex-Shadow, L50|100/100\n|-ability|p2b: Mithrandir|As One\n|-ability|p2b: Mithrandir|Unnerve\n|-terastallize|p1b: Chien-Pao|Poison\n|move|p1b: Chien-Pao|Sucker Punch||[still]\n|-fail|p1b: Chien-Pao\n|move|p2a: Drambor|Behemoth Bash|p1a: Lunala\n|-damage|p1a: Lunala|0 fnt\n|faint|p1a: Lunala\n|\n|-weather|RainDance|[upkeep]\n|upkeep\n|\n|t:|1775481786\n|switch|p1a: Zacian|Zacian-Crowned, L50, shiny|100/100\n|-ability|p1a: Zacian|Intrepid Sword|boost\n|-boost|p1a: Zacian|atk|1\n|turn|3\n|\n|t:|1775481804\n|move|p2b: Mithrandir|Nasty Plot|p2b: Mithrandir\n|-boost|p2b: Mithrandir|spa|2\n|move|p1a: Zacian|Behemoth Blade|p2b: Mithrandir\n|-crit|p2b: Mithrandir\n|-enditem|p2b: Mithrandir|Focus Sash\n|-damage|p2b: Mithrandir|1/100\n|move|p1b: Chien-Pao|Icy Wind|p2b: Mithrandir|[spread] p2a,p2b\n|-resisted|p2a: Drambor\n|-damage|p2a: Drambor|96/100\n|-damage|p2b: Mithrandir|0 fnt\n|-unboost|p2a: Drambor|spe|1\n|faint|p2b: Mithrandir\n|move|p2a: Drambor|Behemoth Bash|p1b: Chien-Pao\n|-damage|p1b: Chien-Pao|42/100\n|\n|-weather|RainDance|[upkeep]\n|-heal|p1b: Chien-Pao|48/100|[from] Grassy Terrain\n|-heal|p2a: Drambor|100/100|[from] Grassy Terrain\n|upkeep\n|\n|t:|1775481820\n|switch|p2b: Beowulf|Urshifu-Rapid-Strike, L50, M, tera:Ghost|93/100\n|turn|4\n|\n|t:|1775481826\n|move|p1b: Chien-Pao|Sucker Punch|p2b: Beowulf\n|-supereffective|p2b: Beowulf\n|-crit|p2b: Beowulf\n|-damage|p2b: Beowulf|0 fnt\n|faint|p2b: Beowulf\n|move|p1a: Zacian|Sacred Sword|p2a: Drambor\n|-supereffective|p2a: Drambor\n|-damage|p2a: Drambor|4/100\n|move|p2a: Drambor|Body Press|p1a: Zacian\n|-damage|p1a: Zacian|14/100\n|\n|-weather|RainDance|[upkeep]\n|-heal|p1a: Zacian|20/100|[from] Grassy Terrain\n|-heal|p1b: Chien-Pao|53/100|[from] Grassy Terrain\n|-heal|p2a: Drambor|11/100|[from] Grassy Terrain\n|upkeep\n|turn|5\n|\n|t:|1775481839\n|move|p1a: Zacian|Sacred Sword|p2a: Drambor\n|-supereffective|p2a: Drambor\n|-damage|p2a: Drambor|0 fnt\n|faint|p2a: Drambor\n|\n|win|Padhijesp\n|raw|Padhijesp's rating: 1514 &rarr; <strong>1537</strong><br />(+23 for winning)\n|raw|Mirthinion's rating: 1568 &rarr; <strong>1545</strong><br />(-23 for losing)\n","uploadtime":1775481845,"views":33,"formatid":"gen9vgc2026regi","rating":1537,"private":0,"password":null}