{"id":"gen9vgc2026regi-2564475335","format":"[Gen 9] VGC 2026 Reg I","players":["something123","ky123456"],"log":"|j|\u2606something123\n|j|\u2606ky123456\n|t:|1774150323\n|gametype|doubles\n|player|p1|something123|1|1492\n|player|p2|ky123456|cynthia-gen4|1548\n|gen|9\n|tier|[Gen 9] VGC 2026 Reg I\n|rated|\n|rule|Species Clause: Limit one of each Pok\u00e9mon\n|rule|Item Clause: Limit 1 of each item\n|clearpoke\n|poke|p1|Calyrex-Shadow, L50|\n|poke|p1|Koraidon, L50|\n|poke|p1|Rillaboom, L50, F|\n|poke|p1|Incineroar, L50, F|\n|poke|p1|Volcarona, L50, M|\n|poke|p1|Regieleki, L50|\n|poke|p2|Calyrex-Ice, L50|\n|poke|p2|Miraidon, L50|\n|poke|p2|Incineroar, L50, M|\n|poke|p2|Landorus, L50, M|\n|poke|p2|Urshifu-*, L50, F|\n|poke|p2|Amoonguss, L50, F|\n|teampreview|4\n|\n|t:|1774150433\n|teamsize|p1|4\n|teamsize|p2|4\n|start\n|switch|p1a: Rillaboom|Rillaboom, L50, F|100/100\n|switch|p1b: Volcarona|Volcarona, L50, M|100/100\n|switch|p2a: Calyrex|Calyrex-Ice, L50|100/100\n|switch|p2b: Miraidon|Miraidon, L50|100/100\n|-ability|p2a: Calyrex|As One\n|-ability|p2a: Calyrex|Unnerve\n|-fieldstart|move: Electric Terrain|[from] ability: Hadron Engine|[of] p2b: Miraidon\n|-fieldstart|move: Grassy Terrain|[from] ability: Grassy Surge|[of] p1a: Rillaboom\n|turn|1\n|j| AxonAries\n|\n|t:|1774150446\n|switch|p2b: Incineroar|Incineroar, L50, M|100/100\n|-ability|p2b: Incineroar|Intimidate|boost\n|-unboost|p1a: Rillaboom|atk|1\n|-unboost|p1b: Volcarona|atk|1\n|-terastallize|p2a: Calyrex|Fire\n|move|p1b: Volcarona|Quiver Dance|p1b: Volcarona\n|-boost|p1b: Volcarona|spa|1\n|-boost|p1b: Volcarona|spd|1\n|-boost|p1b: Volcarona|spe|1\n|move|p1a: Rillaboom|U-turn|p2a: Calyrex\n|-resisted|p2a: Calyrex\n|-damage|p2a: Calyrex|96/100\n|\n|t:|1774150455\n|switch|p1a: Incineroar|Incineroar, L50, F|100/100|[from] U-turn\n|-ability|p1a: Incineroar|Intimidate|boost\n|-fail|p2a: Calyrex|unboost|[from] item: Clear Amulet|[of] p2a: Calyrex\n|-unboost|p2b: Incineroar|atk|1\n|move|p2a: Calyrex|Glacial Lance|p1a: Incineroar|[spread] p1a,p1b\n|-resisted|p1a: Incineroar\n|-resisted|p1b: Volcarona\n|-damage|p1a: Incineroar|79/100\n|-damage|p1b: Volcarona|69/100\n|\n|-heal|p1b: Volcarona|75/100|[from] Grassy Terrain\n|-heal|p1b: Volcarona|82/100|[from] item: Leftovers\n|-heal|p1a: Incineroar|85/100|[from] Grassy Terrain\n|-heal|p2a: Calyrex|100/100|[from] Grassy Terrain\n|upkeep\n|turn|2\n|\n|t:|1774150479\n|move|p1b: Volcarona|Quiver Dance|p1b: Volcarona\n|-boost|p1b: Volcarona|spa|1\n|-boost|p1b: Volcarona|spd|1\n|-boost|p1b: Volcarona|spe|1\n|move|p2b: Incineroar|Flare Blitz|p1b: Volcarona\n|-damage|p1b: Volcarona|45/100\n|-damage|p2b: Incineroar|89/100|[from] Recoil\n|move|p2a: Calyrex|High Horsepower|p1a: Incineroar\n|-supereffective|p1a: Incineroar\n|-damage|p1a: Incineroar|22/100\n|move|p1a: Incineroar|Roar|p2a: Calyrex\n|drag|p2a: Landorus|Landorus, L50, M|100/100\n|\n|-heal|p1b: Volcarona|52/100|[from] Grassy Terrain\n|-heal|p1b: Volcarona|58/100|[from] item: Leftovers\n|-heal|p2b: Incineroar|95/100|[from] Grassy Terrain\n|-heal|p1a: Incineroar|28/100|[from] Grassy Terrain\n|upkeep\n|turn|3\n|\n|t:|1774150500\n|move|p1b: Volcarona|Protect|p1b: Volcarona\n|-singleturn|p1b: Volcarona|Protect\n|move|p2a: Landorus|Earth Power|p1a: Incineroar\n|-supereffective|p1a: Incineroar\n|-damage|p1a: Incineroar|0 fnt\n|faint|p1a: Incineroar\n|move|p2b: Incineroar|Flare Blitz|p1b: Volcarona\n|-activate|p1b: Volcarona|move: Protect\n|\n|-heal|p1b: Volcarona|64/100|[from] Grassy Terrain\n|-heal|p1b: Volcarona|70/100|[from] item: Leftovers\n|-heal|p2b: Incineroar|100/100|[from] Grassy Terrain\n|upkeep\n|\n|t:|1774150513\n|switch|p1a: Calyrex|Calyrex-Shadow, L50|100/100\n|-ability|p1a: Calyrex|As One\n|-ability|p1a: Calyrex|Unnerve\n|turn|4\n|\n|t:|1774150520\n|-terastallize|p1a: Calyrex|Dark\n|move|p1b: Volcarona|Fiery Dance|p2b: Incineroar\n|-resisted|p2b: Incineroar\n|-damage|p2b: Incineroar|77/100\n|-boost|p1b: Volcarona|spa|1\n|move|p1a: Calyrex|Nasty Plot|p1a: Calyrex\n|-boost|p1a: Calyrex|spa|2\n|move|p2a: Landorus|Earth Power|p1b: Volcarona\n|-damage|p1b: Volcarona|40/100\n|move|p2b: Incineroar|U-turn|p1a: Calyrex\n|-supereffective|p1a: Calyrex\n|-damage|p1a: Calyrex|73/100\n|\n|t:|1774150535\n|switch|p2b: Miraidon|Miraidon, L50|100/100|[from] U-turn\n|-fieldstart|move: Electric Terrain|[from] ability: Hadron Engine|[of] p2b: Miraidon\n|\n|-heal|p1b: Volcarona|46/100|[from] item: Leftovers\n|upkeep\n|turn|5\n|\n|t:|1774150550\n|move|p2b: Miraidon|Draco Meteor|p1b: Volcarona\n|-damage|p1b: Volcarona|0 fnt\n|-unboost|p2b: Miraidon|spa|2\n|faint|p1b: Volcarona\n|move|p1a: Calyrex|Astral Barrage|p2b: Miraidon|[spread] p2a,p2b\n|-damage|p2a: Landorus|0 fnt\n|-damage|p2b: Miraidon|0 fnt\n|faint|p2a: Landorus\n|faint|p2b: Miraidon\n|-ability|p1a: Calyrex|Grim Neigh|boost\n|-boost|p1a: Calyrex|spa|2\n|-damage|p1a: Calyrex|63/100|[from] item: Life Orb\n|\n|upkeep\n|\n|t:|1774150559\n|switch|p2b: Calyrex|Calyrex-Ice, L50, tera:Fire|100/100\n|switch|p2a: Incineroar|Incineroar, L50, M|77/100\n|switch|p1b: Rillaboom|Rillaboom, L50, F|100/100\n|-ability|p2b: Calyrex|As One\n|-ability|p2b: Calyrex|Unnerve\n|-fieldstart|move: Grassy Terrain|[from] ability: Grassy Surge|[of] p1b: Rillaboom\n|-ability|p2a: Incineroar|Intimidate|boost\n|-unboost|p1a: Calyrex|atk|1\n|-unboost|p1b: Rillaboom|atk|1\n|turn|6\n|\n|t:|1774150570\n|move|p1b: Rillaboom|Fake Out|p2a: Incineroar\n|-damage|p2a: Incineroar|70/100\n|cant|p2a: Incineroar|flinch\n|move|p1a: Calyrex|Astral Barrage|p2a: Incineroar|[spread] p2a,p2b\n|-resisted|p2a: Incineroar\n|-damage|p2a: Incineroar|9/100\n|-damage|p2b: Calyrex|0 fnt\n|faint|p2b: Calyrex\n|-ability|p1a: Calyrex|Grim Neigh|boost\n|-boost|p1a: Calyrex|spa|1\n|-damage|p1a: Calyrex|54/100|[from] item: Life Orb\n|\n|-heal|p1a: Calyrex|60/100|[from] Grassy Terrain\n|-heal|p2a: Incineroar|15/100|[from] Grassy Terrain\n|upkeep\n|turn|7\n|\n|t:|1774150580\n|move|p1a: Calyrex|Astral Barrage|p2a: Incineroar\n|-resisted|p2a: Incineroar\n|-damage|p2a: Incineroar|0 fnt\n|faint|p2a: Incineroar\n|-damage|p1a: Calyrex|50/100|[from] item: Life Orb\n|\n|win|something123\n|raw|something123's rating: 1492 &rarr; <strong>1515</strong><br />(+23 for winning)\n|raw|ky123456's rating: 1548 &rarr; <strong>1525</strong><br />(-23 for losing)\n|l|\u2606something123\n|player|p1|\n|l|\u2606ky123456\n|player|p2|\n","uploadtime":1774150795,"views":28,"formatid":"gen9vgc2026regi","rating":1515,"private":0,"password":null}