{"id":"gen9vgc2026regi-2544268110","format":"[Gen 9] VGC 2026 Reg I","players":["xmen2104","Bef6"],"log":"|j|\u2606xmen2104\n|j|\u2606Bef6\n|t:|1771686917\n|gametype|doubles\n|player|p1|xmen2104|lucas-gen4pt|1467\n|player|p2|Bef6|170|1495\n|gen|9\n|tier|[Gen 9] VGC 2026 Reg I\n|rated|\n|rule|Species Clause: Limit one of each Pok\u00e9mon\n|rule|Item Clause: Limit 1 of each item\n|clearpoke\n|poke|p1|Terapagos, L50, M|\n|poke|p1|Koraidon, L50|\n|poke|p1|Incineroar, L50, F|\n|poke|p1|Rillaboom, L50, M|\n|poke|p1|Amoonguss, L50, M|\n|poke|p1|Flutter Mane, L50|\n|poke|p2|Ho-Oh, L50|\n|poke|p2|Koraidon, L50|\n|poke|p2|Flutter Mane, L50|\n|poke|p2|Incineroar, L50, M|\n|poke|p2|Raging Bolt, L50|\n|poke|p2|Rhydon, L50, F|\n|teampreview|4\n|inactive|Battle timer is ON: inactive players will automatically lose when time's up. (requested by xmen2104)\n|\n|t:|1771686933\n|teamsize|p1|4\n|teamsize|p2|4\n|start\n|switch|p1a: Terapagos|Terapagos, L50, M|100/100\n|switch|p1b: Incineroar|Incineroar, L50, F|100/100\n|switch|p2a: Ho-Oh|Ho-Oh, L50|100/100\n|switch|p2b: Incineroar|Incineroar, L50, M|100/100\n|-activate|p1a: Terapagos|ability: Tera Shift\n|detailschange|p1a: Terapagos|Terapagos-Terastal, L50, M\n|-heal|p1a: Terapagos|100/100|[silent]\n|-ability|p2b: Incineroar|Intimidate|boost\n|-unboost|p1a: Terapagos|atk|1\n|-unboost|p1b: Incineroar|atk|1\n|-ability|p1b: Incineroar|Intimidate|boost\n|-fail|p2a: Ho-Oh|unboost|[from] item: Clear Amulet|[of] p2a: Ho-Oh\n|-unboost|p2b: Incineroar|atk|1\n|turn|1\n|\n|t:|1771686945\n|move|p1a: Terapagos|Protect|p1a: Terapagos\n|-singleturn|p1a: Terapagos|Protect\n|move|p2b: Incineroar|Fake Out|p1b: Incineroar\n|-damage|p1b: Incineroar|95/100\n|move|p2a: Ho-Oh|Sacred Fire|p1a: Terapagos\n|-activate|p1a: Terapagos|move: Protect\n|cant|p1b: Incineroar|flinch\n|\n|upkeep\n|turn|2\n|\n|t:|1771686951\n|move|p2a: Ho-Oh|Sacred Fire|p1a: Terapagos\n|-activate|p1a: Terapagos|ability: Tera Shell\n|-resisted|p1a: Terapagos\n|-damage|p1a: Terapagos|82/100\n|-status|p1a: Terapagos|brn\n|move|p1a: Terapagos|Calm Mind|p1a: Terapagos\n|-boost|p1a: Terapagos|spa|1\n|-boost|p1a: Terapagos|spd|1\n|move|p2b: Incineroar|Knock Off|p1a: Terapagos\n|-damage|p1a: Terapagos|63/100 brn\n|-enditem|p1a: Terapagos|Leftovers|[from] move: Knock Off|[of] p2b: Incineroar\n|move|p1b: Incineroar|Knock Off|p2a: Ho-Oh\n|-damage|p2a: Ho-Oh|79/100\n|-enditem|p2a: Ho-Oh|Clear Amulet|[from] move: Knock Off|[of] p1b: Incineroar\n|\n|-damage|p1a: Terapagos|58/100 brn|[from] brn\n|upkeep\n|turn|3\n|\n|t:|1771686966\n|move|p1a: Terapagos|Protect|p1a: Terapagos\n|-singleturn|p1a: Terapagos|Protect\n|move|p2a: Ho-Oh|Brave Bird|p1b: Incineroar\n|-damage|p1b: Incineroar|47/100\n|-damage|p2a: Ho-Oh|63/100|[from] Recoil\n|move|p2b: Incineroar|Parting Shot|p1a: Terapagos\n|-activate|p1a: Terapagos|move: Protect\n|move|p1b: Incineroar|Parting Shot|p2a: Ho-Oh\n|-unboost|p2a: Ho-Oh|atk|1\n|-unboost|p2a: Ho-Oh|spa|1\n|\n|t:|1771686969\n|switch|p1b: Flutter Mane|Flutter Mane, L50|100/100|[from] Parting Shot\n|\n|-damage|p1a: Terapagos|52/100 brn|[from] brn\n|upkeep\n|turn|4\n|\n|t:|1771686979\n|-terastallize|p1a: Terapagos|Stellar\n|detailschange|p1a: Terapagos|Terapagos-Stellar, L50, M, tera:Stellar\n|-heal|p1a: Terapagos|65/100 brn|[silent]\n|move|p1b: Flutter Mane|Icy Wind|p2b: Incineroar|[spread] p2a,p2b\n|-crit|p2a: Ho-Oh\n|-resisted|p2b: Incineroar\n|-damage|p2a: Ho-Oh|49/100\n|-damage|p2b: Incineroar|95/100\n|-unboost|p2a: Ho-Oh|spe|1\n|-unboost|p2b: Incineroar|spe|1\n|move|p1a: Terapagos|Tera Starstorm|p2a: Ho-Oh|[spread] p2a,p2b\n|-damage|p2a: Ho-Oh|11/100\n|-damage|p2b: Incineroar|49/100\n|move|p2a: Ho-Oh|Tailwind|p2a: Ho-Oh\n|-sidestart|p2: Bef6|move: Tailwind\n|move|p2b: Incineroar|Parting Shot|p1a: Terapagos\n|-unboost|p1a: Terapagos|atk|1\n|-unboost|p1a: Terapagos|spa|1\n|\n|t:|1771686996\n|switch|p2b: Koraidon|Koraidon, L50|100/100|[from] Parting Shot\n|-weather|SunnyDay|[from] ability: Orichalcum Pulse|[of] p2b: Koraidon\n|-activate|p1b: Flutter Mane|ability: Protosynthesis\n|-start|p1b: Flutter Mane|protosynthesisspe\n|-activate|p2b: Koraidon|Orichalcum Pulse|[source]\n|\n|-weather|SunnyDay|[upkeep]\n|-damage|p1a: Terapagos|59/100 brn|[from] brn\n|upkeep\n|turn|5\n|\n|t:|1771687010\n|switch|p2a: Raging Bolt|Raging Bolt, L50|100/100\n|-activate|p2a: Raging Bolt|ability: Protosynthesis\n|-start|p2a: Raging Bolt|protosynthesisspa\n|-terastallize|p2b: Koraidon|Fire\n|move|p1a: Terapagos|Protect|p1a: Terapagos\n|-singleturn|p1a: Terapagos|Protect\n|move|p2b: Koraidon|Close Combat|p1a: Terapagos\n|-activate|p1a: Terapagos|move: Protect\n|move|p1b: Flutter Mane|Icy Wind|p2b: Koraidon|[spread] p2a,p2b\n|-supereffective|p2a: Raging Bolt\n|-resisted|p2b: Koraidon\n|-damage|p2a: Raging Bolt|85/100\n|-damage|p2b: Koraidon|93/100\n|-unboost|p2a: Raging Bolt|spe|1\n|-unboost|p2b: Koraidon|spe|1\n|\n|-weather|SunnyDay|[upkeep]\n|-damage|p1a: Terapagos|53/100 brn|[from] brn\n|upkeep\n|turn|6\n|\n|t:|1771687025\n|move|p1b: Flutter Mane|Icy Wind|p2b: Koraidon|[spread] p2a,p2b\n|-supereffective|p2a: Raging Bolt\n|-resisted|p2b: Koraidon\n|-damage|p2a: Raging Bolt|68/100\n|-damage|p2b: Koraidon|86/100\n|-unboost|p2a: Raging Bolt|spe|1\n|-unboost|p2b: Koraidon|spe|1\n|move|p2b: Koraidon|Close Combat|p1a: Terapagos\n|-supereffective|p1a: Terapagos\n|-damage|p1a: Terapagos|0 fnt\n|-unboost|p2b: Koraidon|def|1\n|-unboost|p2b: Koraidon|spd|1\n|faint|p1a: Terapagos\n|detailschange|p1: Terapagos|Terapagos, L50, M|[silent]\n|-damage|p2b: Koraidon|76/100|[from] item: Life Orb\n|move|p2a: Raging Bolt|Thunderbolt|p1b: Flutter Mane\n|-damage|p1b: Flutter Mane|40/100\n|\n|-weather|SunnyDay|[upkeep]\n|upkeep\n|\n|t:|1771687034\n|switch|p1a: Koraidon|Koraidon, L50|100/100\n|-activate|p1a: Koraidon|ability: Orichalcum Pulse\n|turn|7\n|\n|t:|1771687046\n|switch|p2b: Incineroar|Incineroar, L50, M|49/100\n|-ability|p2b: Incineroar|Intimidate|boost\n|-unboost|p1a: Koraidon|atk|1\n|-unboost|p1b: Flutter Mane|atk|1\n|move|p2a: Raging Bolt|Thunderclap|p1b: Flutter Mane\n|-damage|p1b: Flutter Mane|0 fnt\n|faint|p1b: Flutter Mane\n|-end|p1b: Flutter Mane|Protosynthesis|[silent]\n|move|p1a: Koraidon|Close Combat|p2b: Incineroar\n|-supereffective|p2b: Incineroar\n|-damage|p2b: Incineroar|0 fnt\n|-unboost|p1a: Koraidon|def|1\n|-unboost|p1a: Koraidon|spd|1\n|faint|p2b: Incineroar\n|-damage|p1a: Koraidon|91/100|[from] item: Life Orb\n|\n|-weather|SunnyDay|[upkeep]\n|-sideend|p2: Bef6|move: Tailwind\n|upkeep\n|\n|t:|1771687055\n|switch|p1b: Incineroar|Incineroar, L50, F|47/100\n|switch|p2b: Koraidon|Koraidon, L50, tera:Fire|76/100\n|-activate|p2b: Koraidon|ability: Orichalcum Pulse\n|-ability|p1b: Incineroar|Intimidate|boost\n|-unboost|p2a: Raging Bolt|atk|1\n|-unboost|p2b: Koraidon|atk|1\n|turn|8\n|\n|t:|1771687060\n|-end|p2a: Raging Bolt|Protosynthesis|[silent]\n|switch|p2a: Ho-Oh|Ho-Oh, L50|44/100\n|move|p2b: Koraidon|Protect|p2b: Koraidon\n|-singleturn|p2b: Koraidon|Protect\n|move|p1b: Incineroar|Fake Out|p2a: Ho-Oh\n|-damage|p2a: Ho-Oh|36/100\n|move|p1a: Koraidon|Close Combat|p2b: Koraidon\n|-activate|p2b: Koraidon|move: Protect\n|\n|-weather|none\n|upkeep\n|turn|9\n|\n|t:|1771687066\n|switch|p2a: Raging Bolt|Raging Bolt, L50|68/100\n|move|p1a: Koraidon|Close Combat|p2b: Koraidon\n|-damage|p2b: Koraidon|24/100\n|-unboost|p1a: Koraidon|def|1\n|-unboost|p1a: Koraidon|spd|1\n|-damage|p1a: Koraidon|81/100|[from] item: Life Orb\n|move|p2b: Koraidon|Close Combat|p1b: Incineroar\n|-supereffective|p1b: Incineroar\n|-damage|p1b: Incineroar|0 fnt\n|-unboost|p2b: Koraidon|def|1\n|-unboost|p2b: Koraidon|spd|1\n|faint|p1b: Incineroar\n|-damage|p2b: Koraidon|15/100|[from] item: Life Orb\n|\n|upkeep\n|turn|10\n|-message|xmen2104 forfeited.\n|\n|win|Bef6\n|raw|xmen2104's rating: 1467 &rarr; <strong>1449</strong><br />(-18 for losing)\n|raw|Bef6's rating: 1495 &rarr; <strong>1513</strong><br />(+18 for winning)\n|l|\u2606xmen2104\n|player|p1|\n|l|\u2606Bef6\n|player|p2|\n","uploadtime":1771687330,"views":24,"formatid":"gen9vgc2026regi","rating":1449,"private":0,"password":null}