{"id":"gen9vgc2026regi-2573958488","format":"[Gen 9] VGC 2026 Reg I","players":["bblhootiegang","dialgasucksnow"],"log":"|j|\u2606bblhootiegang\n|j|\u2606dialgasucksnow\n|html|<table width=\"100%\"><tr><td align=\"left\">bblhootiegang</td><td align=\"right\">dialgasucksnow</tr><tr><td align=\"left\"><i class=\"fa fa-circle-o\"></i> <i class=\"fa fa-circle-o\"></i> </td><td align=\"right\"><i class=\"fa fa-circle-o\"></i> <i class=\"fa fa-circle-o\"></i> </tr></table>\n|uhtml|bestof|<h2><strong>Game 1</strong> of <a href=\"/game-bestof3-gen9vgc2026regi-2573958486\">a best-of-3</a></h2>\n|t:|1775182454\n|gametype|doubles\n|player|p1|bblhootiegang|1|\n|player|p2|dialgasucksnow|yancy|\n|gen|9\n|tier|[Gen 9] VGC 2026 Reg I\n|rated|Tournament battle\n|rule|Species Clause: Limit one of each Pok\u00e9mon\n|rule|Item Clause: Limit 1 of each item\n|raw|<div class=\"infobox\"><details class=\"readmore\" open><summary><strong>4 custom rules:</strong></summary> Open Team Sheets, Force Open Team Sheets, !Open Team Sheets, Best of = 3</details></div>\n|clearpoke\n|poke|p1|Koraidon, L50|\n|poke|p1|Lunala, L50|\n|poke|p1|Brute Bonnet, L50|\n|poke|p1|Ursaluna, L50, M|\n|poke|p1|Chi-Yu, L50|\n|poke|p1|Flutter Mane, L50|\n|poke|p2|Miraidon, L50|\n|poke|p2|Lunala, L50|\n|poke|p2|Whimsicott, L50, F|\n|poke|p2|Urshifu-*, L50, M|\n|poke|p2|Incineroar, L50, F|\n|poke|p2|Ursaluna, L50, F|\n|teampreview|4\n|showteam|p1|Koraidon||LifeOrb|OrichalcumPulse|CloseCombat,FlareBlitz,FlameCharge,Protect||||||50|,,,,,Fire]Lunala||PowerHerb|ShadowShield|MoongeistBeam,MeteorBeam,WideGuard,TrickRoom||||||50|,,,,,Water]Brute Bonnet||SitrusBerry|Protosynthesis|SeedBomb,SuckerPunch,Spore,RagePowder||||||50|,,,,,Water]Ursaluna||FlameOrb|Guts|HeadlongRush,Facade,Earthquake,Protect|||M|||50|,,,,,Ghost]Chi-Yu||ChoiceScarf|BeadsofRuin|DarkPulse,HeatWave,Overheat,Snarl||||||50|,,,,,Ghost]Flutter Mane||FocusSash|Protosynthesis|ShadowBall,Moonblast,IcyWind,Protect||||||50|,,,,,Stellar\n|showteam|p2|Miraidon||LifeOrb|HadronEngine|ElectroDrift,DracoMeteor,VoltSwitch,Protect||||||50|,,,,,Electric]Lunala||ElectricSeed|ShadowShield|MoongeistBeam,Moonblast,WideGuard,TrickRoom||||||50|,,,,,Fairy]Whimsicott||CovertCloak|Prankster|Moonblast,Encore,LightScreen,Tailwind|||F|||50|,,,,,Water]Urshifu-Rapid-Strike||ChoiceBand|UnseenFist|SurgingStrikes,CloseCombat,AquaJet,Uturn|||M|||50|,,,,,Ghost]Incineroar||AssaultVest|Intimidate|FlareBlitz,KnockOff,Uturn,FakeOut|||F|||50|,,,,,Bug]Ursaluna||FlameOrb|Guts|Facade,HeadlongRush,Earthquake,Protect|||F|||50|,,,,,Ghost\n|j| toadsamongmen\n|j| LALastplace\n|c| LALastplace|hello dialgasucksnow..\n|c|\u2606dialgasucksnow|who are you\n|c| LALastplace|idk\n|c| LALastplace|i am me\n|j|+chromate\n|c|\u2606dialgasucksnow|are you kiki\n|c|\u2606dialgasucksnow|you have the same avatat\n|\n|t:|1775182532\n|teamsize|p1|4\n|teamsize|p2|4\n|start\n|switch|p1a: Brute Bonnet|Brute Bonnet, L50, shiny|100/100\n|switch|p1b: Koraidon|Koraidon, L50, shiny|100/100\n|switch|p2a: Miraidon|Miraidon, L50|100/100\n|switch|p2b: Lunala|Lunala, L50|100/100\n|-weather|SunnyDay|[from] ability: Orichalcum Pulse|[of] p1b: Koraidon\n|-activate|p1a: Brute Bonnet|ability: Protosynthesis\n|-start|p1a: Brute Bonnet|protosynthesisdef\n|-activate|p1b: Koraidon|Orichalcum Pulse|[source]\n|-fieldstart|move: Electric Terrain|[from] ability: Hadron Engine|[of] p2a: Miraidon\n|-enditem|p2b: Lunala|Electric Seed\n|-boost|p2b: Lunala|def|1|[from] item: Electric Seed\n|turn|1\n|c| LALastplace|naw\n|c| LALastplace|who are u\n|\n|t:|1775182593\n|-end|p1a: Brute Bonnet|Protosynthesis|[silent]\n|switch|p1a: Ursaluna|Ursaluna, L50, M, shiny|100/100\n|-terastallize|p1b: Koraidon|Fire\n|move|p2a: Miraidon|Protect|p2a: Miraidon\n|-singleturn|p2a: Miraidon|Protect\n|move|p1b: Koraidon|Close Combat|p2a: Miraidon\n|-activate|p2a: Miraidon|move: Protect\n|move|p2b: Lunala|Trick Room|p2b: Lunala\n|-fieldstart|move: Trick Room|[of] p2b: Lunala\n|\n|-weather|SunnyDay|[upkeep]\n|-status|p1a: Ursaluna|brn|[from] item: Flame Orb\n|upkeep\n|turn|2\n|c|\u2606dialgasucksnow|ff garbage mu \ud83d\ude2d\n|j| Graffiti Boy\n|\n|t:|1775182631\n|switch|p2a: Whimsicott|Whimsicott, L50, F|100/100\n|move|p1a: Ursaluna|Facade|p2a: Whimsicott\n|-damage|p2a: Whimsicott|0 fnt\n|faint|p2a: Whimsicott\n|move|p2b: Lunala|Moongeist Beam|p1b: Koraidon\n|-damage|p1b: Koraidon|39/100\n|move|p1b: Koraidon|Flare Blitz|p2b: Lunala\n|-damage|p2b: Lunala|58/100\n|-damage|p1b: Koraidon|19/100|[from] Recoil\n|-damage|p1b: Koraidon|10/100|[from] item: Life Orb\n|\n|-weather|SunnyDay|[upkeep]\n|-damage|p1a: Ursaluna|95/100 brn|[from] brn\n|upkeep\n|\n|t:|1775182634\n|switch|p2a: Incineroar|Incineroar, L50, F|100/100\n|-ability|p2a: Incineroar|Intimidate|boost\n|-unboost|p1a: Ursaluna|atk|1\n|-unboost|p1b: Koraidon|atk|1\n|turn|3\n|\n|t:|1775182665\n|switch|p1b: Brute Bonnet|Brute Bonnet, L50, shiny|100/100\n|-activate|p1b: Brute Bonnet|ability: Protosynthesis\n|-start|p1b: Brute Bonnet|protosynthesisdef\n|-terastallize|p2a: Incineroar|Bug\n|move|p1a: Ursaluna|Protect|p1a: Ursaluna\n|-singleturn|p1a: Ursaluna|Protect\n|move|p2a: Incineroar|Fake Out|p1b: Brute Bonnet\n|-damage|p1b: Brute Bonnet|95/100\n|move|p2b: Lunala|Moongeist Beam|p1a: Ursaluna\n|-activate|p1a: Ursaluna|move: Protect\n|\n|-weather|SunnyDay|[upkeep]\n|-damage|p1a: Ursaluna|89/100 brn|[from] brn\n|upkeep\n|turn|4\n|\n|t:|1775182689\n|move|p1b: Brute Bonnet|Sucker Punch|p2b: Lunala\n|-supereffective|p2b: Lunala\n|-damage|p2b: Lunala|0 fnt\n|faint|p2b: Lunala\n|move|p1a: Ursaluna|Earthquake|p2a: Incineroar|[spread] p1b,p2a\n|-resisted|p1b: Brute Bonnet\n|-resisted|p2a: Incineroar\n|-damage|p1b: Brute Bonnet|84/100\n|-damage|p2a: Incineroar|80/100\n|move|p2a: Incineroar|U-turn|p1b: Brute Bonnet\n|-supereffective|p1b: Brute Bonnet\n|-damage|p1b: Brute Bonnet|21/100\n|-enditem|p1b: Brute Bonnet|Sitrus Berry|[eat]\n|-heal|p1b: Brute Bonnet|46/100|[from] item: Sitrus Berry\n|\n|t:|1775182691\n|switch|p2a: Miraidon|Miraidon, L50|100/100|[from] U-turn\n|-activate|p2a: Miraidon|ability: Hadron Engine\n|\n|-weather|SunnyDay|[upkeep]\n|-damage|p1a: Ursaluna|83/100 brn|[from] brn\n|upkeep\n|\n|t:|1775182692\n|switch|p2b: Incineroar|Incineroar, L50, F, tera:Bug|80/100\n|-ability|p2b: Incineroar|Intimidate|boost\n|-unboost|p1a: Ursaluna|atk|1\n|-unboost|p1b: Brute Bonnet|atk|1\n|turn|5\n|\n|t:|1775182748\n|move|p2b: Incineroar|Fake Out|p1a: Ursaluna\n|-damage|p1a: Ursaluna|74/100 brn\n|move|p1b: Brute Bonnet|Rage Powder|p1b: Brute Bonnet\n|-singleturn|p1b: Brute Bonnet|move: Rage Powder\n|cant|p1a: Ursaluna|flinch\n|move|p2a: Miraidon|Draco Meteor|p1b: Brute Bonnet\n|-damage|p1b: Brute Bonnet|0 fnt\n|-unboost|p2a: Miraidon|spa|2\n|faint|p1b: Brute Bonnet\n|-end|p1b: Brute Bonnet|Protosynthesis|[silent]\n|-damage|p2a: Miraidon|91/100|[from] item: Life Orb\n|\n|-weather|none\n|-damage|p1a: Ursaluna|68/100 brn|[from] brn\n|-fieldend|move: Trick Room\n|-fieldend|move: Electric Terrain\n|upkeep\n|\n|t:|1775182761\n|switch|p1b: Koraidon|Koraidon, L50, shiny, tera:Fire|10/100\n|-weather|SunnyDay|[from] ability: Orichalcum Pulse|[of] p1b: Koraidon\n|-activate|p1b: Koraidon|Orichalcum Pulse|[source]\n|turn|6\n|c|\u2606dialgasucksnow|i forgot korai teared which is why i clicked moongeist btw\n|\n|t:|1775182781\n|move|p1b: Koraidon|Flame Charge|p2b: Incineroar\n|-supereffective|p2b: Incineroar\n|-damage|p2b: Incineroar|0 fnt\n|-boost|p1b: Koraidon|spe|1\n|faint|p2b: Incineroar\n|-damage|p1b: Koraidon|0 fnt|[from] item: Life Orb\n|faint|p1b: Koraidon\n|move|p2a: Miraidon|Draco Meteor|p1a: Ursaluna\n|-damage|p1a: Ursaluna|27/100 brn\n|-unboost|p2a: Miraidon|spa|2\n|-damage|p2a: Miraidon|82/100|[from] item: Life Orb\n|move|p1a: Ursaluna|Headlong Rush|p2a: Miraidon\n|-supereffective|p2a: Miraidon\n|-damage|p2a: Miraidon|0 fnt\n|-unboost|p1a: Ursaluna|def|1\n|-unboost|p1a: Ursaluna|spd|1\n|faint|p2a: Miraidon\n|\n|win|bblhootiegang\n||dialgasucksnow is ready for game 2.\n|c| toadsamongmen|you were supposed to win with specs mirai\n||bblhootiegang is ready for game 2.\n|uhtml|next|Next: <a href=\"/battle-gen9vgc2026regi-2573961535\"><strong>Game 2 of 3</strong></a>\n|c| toadsamongmen|now I'm sad\n|l|+chromate\n|j| aurora ltd\n|l| aurora ltd\n|j| aurora ltd\n|l| LALastplace\n|l| Graffiti Boy\n|l|\u2606bblhootiegang\n|player|p1|\n","uploadtime":1775183207,"views":12,"formatid":"gen9vgc2026regi","rating":null,"private":0,"password":null}