{"id":"gen9vgc2026regi-2529927765","format":"[Gen 9] VGC 2026 Reg I","players":["yamato-tak","Janniknoa"],"log":"|j|\u2606yamato-tak\n|j|\u2606Janniknoa\n|t:|1769846986\n|gametype|doubles\n|player|p1|yamato-tak|101|1533\n|player|p2|Janniknoa|palmer|1381\n|gen|9\n|tier|[Gen 9] VGC 2026 Reg I\n|rated|\n|rule|Species Clause: Limit one of each Pok\u00e9mon\n|rule|Item Clause: Limit 1 of each item\n|clearpoke\n|poke|p1|Miraidon, L50|\n|poke|p1|Calyrex-Ice, L50|\n|poke|p1|Volcarona, L50, F|\n|poke|p1|Araquanid, L50, F|\n|poke|p1|Grimmsnarl, L50, M|\n|poke|p1|Entei, L50|\n|poke|p2|Tornadus, L50, M|\n|poke|p2|Lunala, L50|\n|poke|p2|Rillaboom, L50, F|\n|poke|p2|Kyogre, L50|\n|poke|p2|Ursaluna, L50, F|\n|poke|p2|Zoroark-Hisui, L50, F|\n|teampreview|4\n|inactive|Battle timer is ON: inactive players will automatically lose when time's up. (requested by Janniknoa)\n|inactive|yamato-tak also wants the timer to be on.\n|\n|t:|1769847011\n|teamsize|p1|4\n|teamsize|p2|4\n|start\n|switch|p1a: Calyrex|Calyrex-Ice, L50|100/100\n|switch|p1b: Grimmsnarl|Grimmsnarl, L50, M, shiny|100/100\n|switch|p2a: Tornadus|Tornadus, L50, M, shiny|100/100\n|switch|p2b: Ursaluna|Ursaluna, L50, F|100/100\n|-ability|p1a: Calyrex|As One\n|-ability|p1a: Calyrex|Unnerve\n|turn|1\n|inactive|Janniknoa has 30 seconds left.\n|inactive|Janniknoa has 20 seconds left.\n|inactive|Janniknoa has 15 seconds left.\n|inactive|Janniknoa has 10 seconds left.\n|inactive|Janniknoa has 5 seconds left.\n|\n|t:|1769847064\n|-terastallize|p2b: Ursaluna|Ghost\n|move|p1a: Calyrex|Protect|p1a: Calyrex\n|-singleturn|p1a: Calyrex|Protect\n|move|p1b: Grimmsnarl|Reflect|p1b: Grimmsnarl\n|-sidestart|p1: yamato-tak|Reflect\n|move|p2a: Tornadus|Bleakwind Storm|p1a: Calyrex|[spread] p1b\n|-activate|p1a: Calyrex|move: Protect\n|-damage|p1b: Grimmsnarl|66/100\n|-unboost|p1b: Grimmsnarl|spe|1\n|move|p2b: Ursaluna|Earthquake|p1b: Grimmsnarl|[spread] p1b\n|-activate|p1a: Calyrex|move: Protect\n|-immune|p2a: Tornadus\n|-damage|p1b: Grimmsnarl|38/100\n|\n|-status|p2b: Ursaluna|brn|[from] item: Flame Orb\n|upkeep\n|turn|2\n|inactive|Janniknoa has 30 seconds left.\n|\n|t:|1769847094\n|move|p2a: Tornadus|Protect|p2a: Tornadus\n|-singleturn|p2a: Tornadus|Protect\n|move|p1b: Grimmsnarl|Light Screen|p1b: Grimmsnarl\n|-sidestart|p1: yamato-tak|move: Light Screen\n|move|p2b: Ursaluna|Earthquake|p1a: Calyrex|[spread] p1a,p1b\n|-activate|p2a: Tornadus|move: Protect\n|-damage|p1a: Calyrex|74/100\n|-damage|p1b: Grimmsnarl|0 fnt\n|faint|p1b: Grimmsnarl\n|move|p1a: Calyrex|Glacial Lance|p2b: Ursaluna|[spread] p2b\n|-activate|p2a: Tornadus|move: Protect\n|-damage|p2b: Ursaluna|60/100 brn\n|\n|-damage|p2b: Ursaluna|54/100 brn|[from] brn\n|upkeep\n|\n|t:|1769847102\n|switch|p1b: Araquanid|Araquanid, L50, F, shiny|100/100\n|turn|3\n|\n|t:|1769847119\n|move|p1b: Araquanid|Wide Guard|p1b: Araquanid\n|-singleturn|p1b: Araquanid|Wide Guard\n|move|p2a: Tornadus|Taunt|p1b: Araquanid\n|-start|p1b: Araquanid|move: Taunt\n|move|p2b: Ursaluna|Facade|p1a: Calyrex\n|-damage|p1a: Calyrex|25/100\n|move|p1a: Calyrex|Glacial Lance|p2b: Ursaluna|[spread] p2a,p2b\n|-supereffective|p2a: Tornadus\n|-damage|p2a: Tornadus|0 fnt\n|-damage|p2b: Ursaluna|11/100 brn\n|faint|p2a: Tornadus\n|-ability|p1a: Calyrex|Chilling Neigh|boost\n|-boost|p1a: Calyrex|atk|1\n|\n|-damage|p2b: Ursaluna|5/100 brn|[from] brn\n|upkeep\n|\n|t:|1769847134\n|switch|p2a: Kyogre|Kyogre, L50|100/100\n|-weather|RainDance|[from] ability: Drizzle|[of] p2a: Kyogre\n|turn|4\n|\n|t:|1769847152\n|switch|p2b: Lunala|Lunala, L50, shiny|100/100\n|-terastallize|p1b: Araquanid|Grass\n|move|p1a: Calyrex|Protect|p1a: Calyrex\n|-singleturn|p1a: Calyrex|Protect\n|move|p2a: Kyogre|Water Spout|p1b: Araquanid|[spread] p1b\n|-activate|p1a: Calyrex|move: Protect\n|-resisted|p1b: Araquanid\n|-damage|p1b: Araquanid|68/100\n|move|p1b: Araquanid|Leech Life|p2a: Kyogre\n|-damage|p2a: Kyogre|73/100\n|-heal|p1b: Araquanid|84/100|[from] drain|[of] p2a: Kyogre\n|\n|-weather|RainDance|[upkeep]\n|upkeep\n|turn|5\n|inactive|yamato-tak has 30 seconds left.\n|inactive|Janniknoa has 30 seconds left.\n|\n|t:|1769847185\n|move|p2b: Lunala|Tailwind|p2b: Lunala\n|-sidestart|p2: Janniknoa|move: Tailwind\n|move|p2a: Kyogre|Water Spout|p1a: Calyrex|[spread] p1a,p1b\n|-resisted|p1b: Araquanid\n|-damage|p1a: Calyrex|0 fnt\n|-damage|p1b: Araquanid|59/100\n|faint|p1a: Calyrex\n|move|p1b: Araquanid|Leech Life|p2b: Lunala\n|-damage|p2b: Lunala|89/100\n|-heal|p1b: Araquanid|67/100|[from] drain|[of] p2b: Lunala\n|\n|-weather|RainDance|[upkeep]\n|-heal|p2b: Lunala|95/100|[from] item: Leftovers\n|upkeep\n|\n|t:|1769847189\n|switch|p1a: Miraidon|Miraidon, L50, shiny|100/100\n|-fieldstart|move: Electric Terrain|[from] ability: Hadron Engine|[of] p1a: Miraidon\n|turn|6\n|\n|t:|1769847207\n|move|p2b: Lunala|Moonblast|p1a: Miraidon\n|-supereffective|p1a: Miraidon\n|-damage|p1a: Miraidon|61/100\n|move|p2a: Kyogre|Water Spout|p1b: Araquanid|[spread] p1a,p1b\n|-resisted|p1a: Miraidon\n|-resisted|p1b: Araquanid\n|-damage|p1a: Miraidon|39/100\n|-damage|p1b: Araquanid|43/100\n|move|p1a: Miraidon|Calm Mind|p1a: Miraidon\n|-boost|p1a: Miraidon|spa|1\n|-boost|p1a: Miraidon|spd|1\n|move|p1b: Araquanid|Liquidation|p2b: Lunala\n|-damage|p2b: Lunala|19/100\n|\n|-weather|RainDance|[upkeep]\n|-heal|p2b: Lunala|25/100|[from] item: Leftovers\n|-end|p1b: Araquanid|move: Taunt\n|upkeep\n|turn|7\n|\n|t:|1769847229\n|move|p1b: Araquanid|Wide Guard|p1b: Araquanid\n|-singleturn|p1b: Araquanid|Wide Guard\n|move|p2b: Lunala|Moonblast|p1a: Miraidon\n|-supereffective|p1a: Miraidon\n|-damage|p1a: Miraidon|14/100\n|move|p2a: Kyogre|Ice Beam|p1a: Miraidon\n|-supereffective|p1a: Miraidon\n|-damage|p1a: Miraidon|0 fnt\n|faint|p1a: Miraidon\n|\n|-weather|RainDance|[upkeep]\n|-heal|p2b: Lunala|31/100|[from] item: Leftovers\n|upkeep\n|turn|8\n|-message|yamato-tak forfeited.\n|\n|win|Janniknoa\n|raw|yamato-tak's rating: 1533 &rarr; <strong>1505</strong><br />(-28 for losing)\n|raw|Janniknoa's rating: 1381 &rarr; <strong>1409</strong><br />(+28 for winning)\n|l|\u2606Janniknoa\n|player|p2|\n|l|\u2606yamato-tak\n|player|p1|\n","uploadtime":1769847446,"views":26,"formatid":"gen9vgc2026regi","rating":1409,"private":0,"password":null}