{"id":"gen9vgc2026regi-2519282179","format":"[Gen 9] VGC 2026 Reg I","players":["Kenobi_1","VJ2511"],"log":"|j|\u2606Kenobi_1\n|j|\u2606VJ2511\n|t:|1768491872\n|gametype|doubles\n|player|p1|Kenobi_1|ash-alola|\n|player|p2|VJ2511|red-masters3|\n|gen|9\n|tier|[Gen 9] VGC 2026 Reg I\n|rule|Species Clause: Limit one of each Pok\u00e9mon\n|rule|Item Clause: Limit 1 of each item\n|clearpoke\n|poke|p1|Calyrex-Shadow, L50|\n|poke|p1|Zamazenta-*, L50|\n|poke|p1|Smeargle, L50, M|\n|poke|p1|Raging Bolt, L50|\n|poke|p1|Rillaboom, L50, F|\n|poke|p1|Tornadus, L50, M|\n|poke|p2|Kyogre, L50|\n|poke|p2|Calyrex-Ice, L50|\n|poke|p2|Urshifu-*, L50, F|\n|poke|p2|Flutter Mane, L50|\n|poke|p2|Amoonguss, L50, F|\n|poke|p2|Rillaboom, L50, F|\n|teampreview|4\n|inactive|Battle timer is ON: inactive players will automatically lose when time's up. (requested by Kenobi_1)\n|c|\u2606Kenobi_1|why\n|c|\u2606Kenobi_1|why\n|c|\u2606VJ2511|anyways\n|c|\u2606Kenobi_1|why\n|c|\u2606VJ2511|meet kyogre ice rider\n|c|\u2606VJ2511|a new team i made\n|inactive|VJ2511 has 60 seconds left.\n|\n|t:|1768491909\n|teamsize|p1|4\n|teamsize|p2|4\n|start\n|switch|p1a: Zamazenta|Zamazenta-Crowned, L50, shiny|100/100\n|switch|p1b: Smeargle|Smeargle, L50, M, shiny|100/100\n|switch|p2a: Kyogre|Kyogre, L50|100/100\n|switch|p2b: Urshifu|Urshifu-Rapid-Strike, L50, F|100/100\n|-ability|p1a: Zamazenta|Dauntless Shield|boost\n|-boost|p1a: Zamazenta|def|1\n|-weather|RainDance|[from] ability: Drizzle|[of] p2a: Kyogre\n|turn|1\n|\n|t:|1768491922\n|-terastallize|p2b: Urshifu|Ghost\n|move|p1a: Zamazenta|Wide Guard|p1a: Zamazenta\n|-singleturn|p1a: Zamazenta|Wide Guard\n|move|p2b: Urshifu|Surging Strikes|p1b: Smeargle\n|-crit|p1b: Smeargle\n|-damage|p1b: Smeargle|36/100\n|-crit|p1b: Smeargle\n|-damage|p1b: Smeargle|0 fnt\n|faint|p1b: Smeargle\n|-hitcount|p1: Smeargle|2\n|move|p2a: Kyogre|Origin Pulse|p1a: Zamazenta\n|-activate|p1a: Zamazenta|move: Wide Guard\n|\n|-weather|RainDance|[upkeep]\n|upkeep\n|c|\u2606Kenobi_1|o wow\n|c|\u2606VJ2511|did bro\n|c|\u2606VJ2511|jesus\n|\n|t:|1768491937\n|switch|p1b: Raging Bolt|Raging Bolt, L50|100/100\n|-enditem|p1b: Raging Bolt|Booster Energy\n|-activate|p1b: Raging Bolt|ability: Protosynthesis|[fromitem]\n|-start|p1b: Raging Bolt|protosynthesisspa\n|turn|2\n|c|\u2606VJ2511|actual nincompoop\n|inactive|Kenobi_1 has 30 seconds left.\n|\n|t:|1768491964\n|switch|p2b: Calyrex|Calyrex-Ice, L50|100/100\n|-ability|p2b: Calyrex|As One\n|-ability|p2b: Calyrex|Unnerve\n|switch|p2a: Amoonguss|Amoonguss, L50, F|100/100\n|-terastallize|p1b: Raging Bolt|Electric\n|move|p1b: Raging Bolt|Thunderclap||[still]\n|-fail|p1b: Raging Bolt\n|move|p1a: Zamazenta|Heavy Slam|p2b: Calyrex\n|-supereffective|p2b: Calyrex\n|-damage|p2b: Calyrex|83/100\n|\n|-weather|RainDance|[upkeep]\n|-heal|p2b: Calyrex|89/100|[from] item: Leftovers\n|upkeep\n|turn|3\n|\n|t:|1768491984\n|move|p2a: Amoonguss|Rage Powder|p2a: Amoonguss\n|-singleturn|p2a: Amoonguss|move: Rage Powder\n|move|p1a: Zamazenta|Body Press|p2a: Amoonguss\n|-resisted|p2a: Amoonguss\n|-damage|p2a: Amoonguss|68/100\n|-damage|p1a: Zamazenta|84/100|[from] item: Rocky Helmet|[of] p2a: Amoonguss\n|move|p1b: Raging Bolt|Thunderbolt|p2a: Amoonguss\n|-resisted|p2a: Amoonguss\n|-damage|p2a: Amoonguss|32/100\n|move|p2b: Calyrex|Leech Seed|p1a: Zamazenta\n|-start|p1a: Zamazenta|move: Leech Seed\n|\n|-weather|RainDance|[upkeep]\n|-heal|p2b: Calyrex|95/100|[from] item: Leftovers\n|-damage|p1a: Zamazenta|72/100|[from] Leech Seed|[of] p2b: Calyrex\n|-heal|p2b: Calyrex|100/100|[silent]\n|upkeep\n|turn|4\n|\n|t:|1768492002\n|move|p2a: Amoonguss|Protect|p2a: Amoonguss\n|-singleturn|p2a: Amoonguss|Protect\n|move|p1a: Zamazenta|Body Press|p2b: Calyrex\n|-damage|p2b: Calyrex|64/100\n|move|p1b: Raging Bolt|Draco Meteor|p2b: Calyrex\n|-damage|p2b: Calyrex|8/100\n|-unboost|p1b: Raging Bolt|spa|2\n|move|p2b: Calyrex|Leech Seed|p1b: Raging Bolt\n|-start|p1b: Raging Bolt|move: Leech Seed\n|\n|-weather|RainDance|[upkeep]\n|-heal|p2b: Calyrex|14/100|[from] item: Leftovers\n|-damage|p1a: Zamazenta|59/100|[from] Leech Seed|[of] p2b: Calyrex\n|-heal|p2b: Calyrex|24/100|[silent]\n|-damage|p1b: Raging Bolt|88/100|[from] Leech Seed|[of] p2b: Calyrex\n|-heal|p2b: Calyrex|38/100|[silent]\n|upkeep\n|turn|5\n|c|\u2606Kenobi_1|I SHOULDNT HAVE TERRAD\n|c|\u2606Kenobi_1|UGH\n|c|\u2606VJ2511|no ure good\n|c|\u2606VJ2511|chill\n|\n|t:|1768492025\n|move|p2b: Calyrex|Protect|p2b: Calyrex\n|-singleturn|p2b: Calyrex|Protect\n|move|p1a: Zamazenta|Body Press|p2b: Calyrex\n|-activate|p2b: Calyrex|move: Protect\n|move|p1b: Raging Bolt|Thunderbolt|p2b: Calyrex\n|-activate|p2b: Calyrex|move: Protect\n|move|p2a: Amoonguss|Spore|p1b: Raging Bolt\n|-status|p1b: Raging Bolt|slp|[from] move: Spore\n|\n|-weather|none\n|-heal|p2b: Calyrex|43/100|[from] item: Leftovers\n|-damage|p1a: Zamazenta|47/100|[from] Leech Seed|[of] p2b: Calyrex\n|-heal|p2b: Calyrex|54/100|[silent]\n|-damage|p1b: Raging Bolt|75/100 slp|[from] Leech Seed|[of] p2b: Calyrex\n|-heal|p2b: Calyrex|68/100|[silent]\n|upkeep\n|turn|6\n|c|\u2606VJ2511|UR TERA DOESNT REMOVE STAB\n|c|\u2606VJ2511|U STILL HAVE DRAGON STAB\n|c|\u2606Kenobi_1|no what\n|c|\u2606VJ2511|YES\n|c|\u2606Kenobi_1|acc?\n|c|\u2606VJ2511|THATS HOW STAB WORKS\n|c|\u2606VJ2511|ALL TERA ELECTRIC DOES IS TURN UR ELECTRIC STAB FROM 1.5X TO 2X\n|inactive|Kenobi_1 has 30 seconds left.\n|inactive|VJ2511 has 30 seconds left.\n|c|\u2606VJ2511|WHILE DRAGON STAYS 1.5X\n|\n|t:|1768492060\n|move|p2a: Amoonguss|Rage Powder|p2a: Amoonguss\n|-singleturn|p2a: Amoonguss|move: Rage Powder\n|move|p1a: Zamazenta|Body Press|p2a: Amoonguss\n|-resisted|p2a: Amoonguss\n|-damage|p2a: Amoonguss|0 fnt\n|-damage|p1a: Zamazenta|30/100|[from] item: Rocky Helmet|[of] p2a: Amoonguss\n|faint|p2a: Amoonguss\n|cant|p1b: Raging Bolt|slp\n|move|p2b: Calyrex|Glacial Lance|p1b: Raging Bolt|[spread] p1a,p1b\n|-resisted|p1a: Zamazenta\n|-damage|p1a: Zamazenta|20/100\n|-damage|p1b: Raging Bolt|40/100 slp\n|\n|-heal|p2b: Calyrex|73/100|[from] item: Leftovers\n|-damage|p1a: Zamazenta|7/100|[from] Leech Seed|[of] p2b: Calyrex\n|-heal|p2b: Calyrex|84/100|[silent]\n|-damage|p1b: Raging Bolt|28/100 slp|[from] Leech Seed|[of] p2b: Calyrex\n|-heal|p2b: Calyrex|98/100|[silent]\n|upkeep\n|c|\u2606Kenobi_1|damn\n|c|\u2606Kenobi_1|i did not know this\n|c|\u2606VJ2511|beautiful\n|\n|t:|1768492077\n|switch|p2a: Kyogre|Kyogre, L50|100/100\n|-weather|RainDance|[from] ability: Drizzle|[of] p2a: Kyogre\n|turn|7\n|c|\u2606Kenobi_1|i L this one\n|\n|t:|1768492084\n|move|p2a: Kyogre|Protect|p2a: Kyogre\n|-singleturn|p2a: Kyogre|Protect\n|-curestatus|p1b: Raging Bolt|slp|[msg]\n|move|p1b: Raging Bolt|Thunderclap||[still]\n|-fail|p1b: Raging Bolt\n|move|p1a: Zamazenta|Body Press|p2b: Calyrex\n|-damage|p2b: Calyrex|57/100\n|move|p2b: Calyrex|Glacial Lance|p1b: Raging Bolt|[spread] p1a,p1b\n|-resisted|p1a: Zamazenta\n|-damage|p1a: Zamazenta|0 fnt\n|-damage|p1b: Raging Bolt|0 fnt\n|faint|p1a: Zamazenta\n|faint|p1b: Raging Bolt\n|-end|p1b: Raging Bolt|Protosynthesis|[silent]\n|-ability|p2b: Calyrex|Chilling Neigh|boost\n|-boost|p2b: Calyrex|atk|2\n|\n|-weather|RainDance|[upkeep]\n|-heal|p2b: Calyrex|63/100|[from] item: Leftovers\n|upkeep\n|\n|t:|1768492094\n|switch|p1b: Calyrex|Calyrex-Shadow, L50|100/100\n|-ability|p1b: Calyrex|As One\n|-ability|p1b: Calyrex|Unnerve\n|turn|8\n|\n|t:|1768492098\n|move|p1b: Calyrex|Astral Barrage|p2a: Kyogre|[spread] p2a,p2b\n|-supereffective|p2b: Calyrex\n|-damage|p2a: Kyogre|48/100\n|-damage|p2b: Calyrex|0 fnt\n|faint|p2b: Calyrex\n|-ability|p1b: Calyrex|Grim Neigh|boost\n|-boost|p1b: Calyrex|spa|1\n|-damage|p1b: Calyrex|91/100|[from] item: Life Orb\n|move|p2a: Kyogre|Origin Pulse|p1b: Calyrex|[miss]\n|-miss|p2a: Kyogre|p1b: Calyrex\n|\n|-weather|RainDance|[upkeep]\n|upkeep\n|c|\u2606VJ2511|beautiful\n|c|\u2606VJ2511|WHIFF\n|c|\u2606VJ2511|I LOSE\n|c|\u2606VJ2511|SHIT\n|\n|t:|1768492111\n|switch|p2b: Urshifu|Urshifu-Rapid-Strike, L50, F, tera:Ghost|100/100\n|turn|9\n|c|\u2606Kenobi_1|no u don't\n|c|\u2606VJ2511|tell me how i win\n|c|\u2606VJ2511|does aqua jet KO\n|c|\u2606Kenobi_1|knock off\n|c|\u2606Kenobi_1|sash\n|c|\u2606VJ2511|no sash on the ursh\n|inactive|VJ2511 has 30 seconds left.\n|c|\u2606VJ2511|its mystic water\n|inactive|VJ2511 has 20 seconds left.\n|\n|t:|1768492147\n|move|p2b: Urshifu|Surging Strikes|p1b: Calyrex\n|-crit|p1b: Calyrex\n|-damage|p1b: Calyrex|52/100\n|-crit|p1b: Calyrex\n|-damage|p1b: Calyrex|11/100\n|-crit|p1b: Calyrex\n|-damage|p1b: Calyrex|0 fnt\n|faint|p1b: Calyrex\n|-hitcount|p1: Calyrex|3\n|\n|win|VJ2511\n|c|\u2606Kenobi_1|o what\n|c|\u2606VJ2511|sike its scarf\n","uploadtime":1768492158,"views":12,"formatid":"gen9vgc2026regi","rating":null,"private":0,"password":null}