{"id":"gen9vgc2026regi-2589297020","format":"[Gen 9] VGC 2026 Reg I","players":["reecemachine","Harry Koekenpan"],"log":"|j|\u2606reecemachine\n|j|\u2606Harry Koekenpan\n|t:|1776712479\n|gametype|doubles\n|player|p1|reecemachine|brock|1341\n|player|p2|Harry Koekenpan|101|1473\n|gen|9\n|tier|[Gen 9] VGC 2026 Reg I\n|rated|\n|rule|Species Clause: Limit one of each Pok\u00e9mon\n|rule|Item Clause: Limit 1 of each item\n|clearpoke\n|poke|p1|Kyogre, L50|\n|poke|p1|Grimmsnarl, L50, M|\n|poke|p1|Incineroar, L50, M|\n|poke|p1|Calyrex-Ice, L50|\n|poke|p1|Ursaluna-Bloodmoon, L50, M|\n|poke|p1|Sinistcha-Masterpiece, L50|\n|poke|p2|Weezing-Galar, L50, F|\n|poke|p2|Calyrex-Shadow, L50|\n|poke|p2|Regigigas, L50|\n|poke|p2|Koraidon, L50|\n|poke|p2|Chi-Yu, L50|\n|poke|p2|Brute Bonnet, L50|\n|teampreview|4\n|inactive|Battle timer is ON: inactive players will automatically lose when time's up. (requested by Harry Koekenpan)\n|inactive|reecemachine has 60 seconds left.\n|\n|t:|1776712538\n|teamsize|p1|4\n|teamsize|p2|4\n|start\n|switch|p1a: Kyogre|Kyogre, L50|100/100\n|switch|p1b: Grimmsnarl|Grimmsnarl, L50, M|100/100\n|switch|p2a: Weezing|Weezing-Galar, L50, F|100/100\n|switch|p2b: Regigigas|Regigigas, L50|100/100\n|-ability|p2a: Weezing|Neutralizing Gas\n|turn|1\n|inactive|reecemachine has 30 seconds left.\n|inactive|reecemachine has 20 seconds left.\n|\n|t:|1776712574\n|move|p2b: Regigigas|Knock Off|p1a: Kyogre\n|-damage|p1a: Kyogre|69/100\n|-enditem|p1a: Kyogre|Leftovers|[from] move: Knock Off|[of] p2b: Regigigas\n|move|p1a: Kyogre|Calm Mind|p1a: Kyogre\n|-boost|p1a: Kyogre|spa|1\n|-boost|p1a: Kyogre|spd|1\n|move|p2a: Weezing|Toxic Spikes|p1b: Grimmsnarl\n|-sidestart|p1: reecemachine|move: Toxic Spikes\n|move|p1b: Grimmsnarl|Reflect|p1b: Grimmsnarl\n|-sidestart|p1: reecemachine|Reflect\n|\n|upkeep\n|turn|2\n|\n|t:|1776712589\n|move|p2b: Regigigas|Knock Off|p1b: Grimmsnarl\n|-resisted|p1b: Grimmsnarl\n|-damage|p1b: Grimmsnarl|93/100\n|-enditem|p1b: Grimmsnarl|Light Clay|[from] move: Knock Off|[of] p2b: Regigigas\n|move|p1a: Kyogre|Calm Mind|p1a: Kyogre\n|-boost|p1a: Kyogre|spa|1\n|-boost|p1a: Kyogre|spd|1\n|move|p2a: Weezing|Poison Gas|p1b: Grimmsnarl|[spread] p1a\n|-miss|p2a: Weezing|p1b: Grimmsnarl\n|-status|p1a: Kyogre|psn\n|move|p1b: Grimmsnarl|Light Screen|p1b: Grimmsnarl\n|-sidestart|p1: reecemachine|move: Light Screen\n|\n|-damage|p1a: Kyogre|57/100 psn|[from] psn\n|upkeep\n|turn|3\n|\n|t:|1776712611\n|move|p2b: Regigigas|Knock Off|p1a: Kyogre\n|-damage|p1a: Kyogre|43/100 psn\n|move|p1a: Kyogre|Origin Pulse|p2b: Regigigas|[spread] p2a,p2b\n|-damage|p2a: Weezing|17/100\n|-damage|p2b: Regigigas|29/100\n|-enditem|p2a: Weezing|Sitrus Berry|[eat]\n|-heal|p2a: Weezing|42/100|[from] item: Sitrus Berry\n|move|p2a: Weezing|Sludge Bomb|p1b: Grimmsnarl\n|-supereffective|p1b: Grimmsnarl\n|-damage|p1b: Grimmsnarl|61/100\n|-status|p1b: Grimmsnarl|psn\n|move|p1b: Grimmsnarl|Parting Shot|p2b: Regigigas\n|-unboost|p2b: Regigigas|atk|1\n|-unboost|p2b: Regigigas|spa|1\n|\n|t:|1776712628\n|switch|p1b: Incineroar|Incineroar, L50, M|100/100|[from] Parting Shot\n|-status|p1b: Incineroar|psn\n|\n|-damage|p1a: Kyogre|30/100 psn|[from] psn\n|-damage|p1b: Incineroar|88/100 psn|[from] psn\n|upkeep\n|turn|4\n|\n|t:|1776712639\n|move|p1b: Incineroar|Fake Out|p2b: Regigigas\n|-damage|p2b: Regigigas|20/100\n|cant|p2b: Regigigas|flinch\n|move|p1a: Kyogre|Origin Pulse|p2b: Regigigas|[spread] p2a,p2b\n|-damage|p2a: Weezing|0 fnt\n|-damage|p2b: Regigigas|0 fnt\n|faint|p2a: Weezing\n|-end|p2a: Weezing|ability: Neutralizing Gas\n|-start|p2b: Regigigas|ability: Slow Start\n|-weather|RainDance|[from] ability: Drizzle|[of] p1a: Kyogre\n|faint|p2b: Regigigas\n|-end|p2b: Regigigas|Slow Start|[silent]\n|\n|-weather|RainDance|[upkeep]\n|-damage|p1a: Kyogre|18/100 psn|[from] psn\n|-damage|p1b: Incineroar|76/100 psn|[from] psn\n|upkeep\n|\n|t:|1776712650\n|switch|p2b: Chi-Yu|Chi-Yu, L50|100/100\n|switch|p2a: Koraidon|Koraidon, L50|100/100\n|-weather|SunnyDay|[from] ability: Orichalcum Pulse|[of] p2a: Koraidon\n|-activate|p2a: Koraidon|Orichalcum Pulse|[source]\n|-ability|p2b: Chi-Yu|Beads of Ruin\n|turn|5\n|inactive|reecemachine has 30 seconds left.\n|inactive|reecemachine has 20 seconds left.\n|\n|t:|1776712687\n|switch|p1a: Grimmsnarl|Grimmsnarl, L50, M|61/100 psn\n|move|p2a: Koraidon|Collision Course|p1b: Incineroar\n|-supereffective|p1b: Incineroar\n|-damage|p1b: Incineroar|0 fnt\n|faint|p1b: Incineroar\n|move|p2b: Chi-Yu|Heat Wave|p1a: Grimmsnarl\n|-damage|p1a: Grimmsnarl|0 fnt\n|faint|p1a: Grimmsnarl\n|\n|-weather|SunnyDay|[upkeep]\n|upkeep\n|\n|t:|1776712698\n|switch|p1b: Calyrex|Calyrex-Ice, L50|100/100\n|switch|p1a: Kyogre|Kyogre, L50|18/100 psn\n|-ability|p1b: Calyrex|As One\n|-ability|p1b: Calyrex|Unnerve\n|-weather|RainDance|[from] ability: Drizzle|[of] p1a: Kyogre\n|-status|p1b: Calyrex|psn\n|turn|6\n|inactive|reecemachine has 30 seconds left.\n|\n|t:|1776712728\n|-terastallize|p2a: Koraidon|Fire\n|move|p2a: Koraidon|Flare Blitz|p1b: Calyrex\n|-supereffective|p1b: Calyrex\n|-damage|p1b: Calyrex|75/100 psn\n|-damage|p2a: Koraidon|91/100|[from] Recoil\n|move|p2b: Chi-Yu|Heat Wave|p1b: Calyrex|[spread] p1a,p1b\n|-resisted|p1a: Kyogre\n|-supereffective|p1b: Calyrex\n|-damage|p1a: Kyogre|13/100 psn\n|-damage|p1b: Calyrex|56/100 psn\n|move|p1a: Kyogre|Origin Pulse|p2b: Chi-Yu|[spread] p2a,p2b\n|-supereffective|p2a: Koraidon\n|-supereffective|p2b: Chi-Yu\n|-damage|p2a: Koraidon|0 fnt\n|-enditem|p2b: Chi-Yu|Focus Sash\n|-damage|p2b: Chi-Yu|1/100\n|faint|p2a: Koraidon\n|move|p1b: Calyrex|Glacial Lance|p2b: Chi-Yu\n|-resisted|p2b: Chi-Yu\n|-damage|p2b: Chi-Yu|0 fnt\n|faint|p2b: Chi-Yu\n|\n|win|reecemachine\n|raw|reecemachine's rating: 1341 &rarr; <strong>1368</strong><br />(+27 for winning)\n|raw|Harry Koekenpan's rating: 1473 &rarr; <strong>1446</strong><br />(-27 for losing)\n|c|\u2606reecemachine|gg\n|l|\u2606reecemachine\n|player|p1|\n|l|\u2606Harry Koekenpan\n|player|p2|\n","uploadtime":1776712977,"views":9,"formatid":"gen9vgc2026regi","rating":1368,"private":0,"password":null}