{"id":"gen9vgc2026regi-2565316322","format":"[Gen 9] VGC 2026 Reg I","players":["ScribbleScribble","granite blast"],"log":"|j|\u2606ScribbleScribble\n|j|\u2606granite blast\n|t:|1774262086\n|gametype|doubles\n|player|p1|ScribbleScribble|mina-lgpe|1570\n|player|p2|granite blast|102|1578\n|gen|9\n|tier|[Gen 9] VGC 2026 Reg I\n|rated|\n|rule|Species Clause: Limit one of each Pok\u00e9mon\n|rule|Item Clause: Limit 1 of each item\n|clearpoke\n|poke|p1|Calyrex-Ice, L50|\n|poke|p1|Kyogre, L50|\n|poke|p1|Tornadus, L50, M|\n|poke|p1|Indeedee-F, L50, F|\n|poke|p1|Urshifu-*, L50, F|\n|poke|p1|Landorus, L50, M|\n|poke|p2|Groudon, L50|\n|poke|p2|Calyrex-Shadow, L50|\n|poke|p2|Chi-Yu, L50|\n|poke|p2|Brute Bonnet, L50|\n|poke|p2|Raging Bolt, L50|\n|poke|p2|Rillaboom, L50, M|\n|teampreview|4\n|inactive|Battle timer is ON: inactive players will automatically lose when time's up. (requested by granite blast)\n|inactive|ScribbleScribble also wants the timer to be on.\n|inactive|granite blast has 60 seconds left.\n|inactive|granite blast has 30 seconds left.\n|inactive|granite blast has 20 seconds left.\n|inactive|granite blast has 15 seconds left.\n|inactive|granite blast has 10 seconds left.\n|inactive|granite blast has 5 seconds left.\n|\n|t:|1774262176\n|teamsize|p1|4\n|teamsize|p2|4\n|start\n|switch|p1a: Tornadus|Tornadus, L50, M|100/100\n|switch|p1b: Calyrex|Calyrex-Ice, L50|100/100\n|switch|p2a: Calyrex|Calyrex-Shadow, L50|100/100\n|switch|p2b: Rillaboom|Rillaboom, L50, M|100/100\n|-ability|p2a: Calyrex|As One\n|-ability|p2a: Calyrex|Unnerve\n|-ability|p1b: Calyrex|As One\n|-ability|p1b: Calyrex|Unnerve\n|-fieldstart|move: Grassy Terrain|[from] ability: Grassy Surge|[of] p2b: Rillaboom\n|turn|1\n|\n|t:|1774262190\n|-terastallize|p1b: Calyrex|Grass\n|move|p2b: Rillaboom|Fake Out|p1b: Calyrex\n|-damage|p1b: Calyrex|92/100\n|move|p1a: Tornadus|Tailwind|p1a: Tornadus\n|-sidestart|p1: ScribbleScribble|move: Tailwind\n|cant|p1b: Calyrex|flinch\n|move|p2a: Calyrex|Astral Barrage|p1b: Calyrex|[spread] p1a,p1b\n|-damage|p1a: Tornadus|30/100\n|-damage|p1b: Calyrex|50/100\n|\n|-heal|p1b: Calyrex|56/100|[from] Grassy Terrain\n|upkeep\n|turn|2\n|inactive|granite blast has 30 seconds left.\n|\n|t:|1774262216\n|-terastallize|p2b: Rillaboom|Fire\n|move|p2a: Calyrex|Protect|p2a: Calyrex\n|-singleturn|p2a: Calyrex|Protect\n|move|p1a: Tornadus|Bleakwind Storm|p2b: Rillaboom|[spread] p2b\n|-activate|p2a: Calyrex|move: Protect\n|-damage|p2b: Rillaboom|78/100\n|move|p1b: Calyrex|Glacial Lance|p2a: Calyrex|[spread] p2b\n|-activate|p2a: Calyrex|move: Protect\n|-resisted|p2b: Rillaboom\n|-damage|p2b: Rillaboom|51/100\n|move|p2b: Rillaboom|U-turn|p1b: Calyrex\n|-supereffective|p1b: Calyrex\n|-damage|p1b: Calyrex|25/100\n|\n|t:|1774262228\n|switch|p2b: Brute Bonnet|Brute Bonnet, L50|100/100|[from] U-turn\n|\n|-heal|p1b: Calyrex|31/100|[from] Grassy Terrain\n|upkeep\n|turn|3\n|\n|t:|1774262236\n|switch|p1a: Indeedee|Indeedee-F, L50, F, shiny|100/100\n|-fieldstart|move: Psychic Terrain|[from] ability: Psychic Surge|[of] p1a: Indeedee\n|-enditem|p1a: Indeedee|Psychic Seed\n|-boost|p1a: Indeedee|spd|1|[from] item: Psychic Seed\n|move|p2b: Brute Bonnet|Sucker Punch||[still]\n|-fail|p2b: Brute Bonnet\n|move|p1b: Calyrex|Glacial Lance|p2a: Calyrex|[spread] p2a,p2b\n|-supereffective|p2b: Brute Bonnet\n|-damage|p2a: Calyrex|36/100\n|-damage|p2b: Brute Bonnet|32/100\n|move|p2a: Calyrex|Astral Barrage|p1a: Indeedee|[spread] p1b\n|-immune|p1a: Indeedee\n|-damage|p1b: Calyrex|0 fnt\n|faint|p1b: Calyrex\n|-ability|p2a: Calyrex|Grim Neigh|boost\n|-boost|p2a: Calyrex|spa|1\n|\n|upkeep\n|\n|t:|1774262244\n|switch|p1b: Kyogre|Kyogre, L50|100/100\n|-weather|RainDance|[from] ability: Drizzle|[of] p1b: Kyogre\n|turn|4\n|\n|t:|1774262252\n|move|p2a: Calyrex|Protect|p2a: Calyrex\n|-singleturn|p2a: Calyrex|Protect\n|move|p1b: Kyogre|Water Spout|p2b: Brute Bonnet|[spread] p2b\n|-activate|p2a: Calyrex|move: Protect\n|-resisted|p2b: Brute Bonnet\n|-damage|p2b: Brute Bonnet|0 fnt\n|faint|p2b: Brute Bonnet\n|-end|p2b: Brute Bonnet|Protosynthesis|[silent]\n|move|p1a: Indeedee|Trick Room|p1a: Indeedee\n|-fieldstart|move: Trick Room|[of] p1a: Indeedee\n|\n|-weather|RainDance|[upkeep]\n|-sideend|p1: ScribbleScribble|move: Tailwind\n|upkeep\n|\n|t:|1774262258\n|switch|p2b: Rillaboom|Rillaboom, L50, M, tera:Fire|51/100\n|-fieldstart|move: Grassy Terrain|[from] ability: Grassy Surge|[of] p2b: Rillaboom\n|turn|5\n|\n|t:|1774262277\n|switch|p2a: Groudon|Groudon, L50|100/100\n|-weather|SunnyDay|[from] ability: Drought|[of] p2a: Groudon\n|move|p1b: Kyogre|Protect|p1b: Kyogre\n|-singleturn|p1b: Kyogre|Protect\n|move|p2b: Rillaboom|Fake Out|p1b: Kyogre\n|-activate|p1b: Kyogre|move: Protect\n|move|p1a: Indeedee|Psychic|p2a: Groudon\n|-damage|p2a: Groudon|68/100\n|\n|-weather|SunnyDay|[upkeep]\n|-heal|p2b: Rillaboom|57/100|[from] Grassy Terrain\n|-heal|p2a: Groudon|74/100|[from] Grassy Terrain\n|upkeep\n|turn|6\n|\n|t:|1774262298\n|move|p1a: Indeedee|Follow Me|p1a: Indeedee\n|-singleturn|p1a: Indeedee|move: Follow Me\n|move|p2b: Rillaboom|Wood Hammer|p1a: Indeedee\n|-damage|p1a: Indeedee|34/100\n|-damage|p2b: Rillaboom|38/100|[from] Recoil\n|move|p2a: Groudon|Precipice Blades|p1b: Kyogre|[spread] p1a,p1b\n|-damage|p1a: Indeedee|0 fnt\n|-damage|p1b: Kyogre|37/100\n|faint|p1a: Indeedee\n|move|p1b: Kyogre|Water Spout|p2a: Groudon|[spread] p2a,p2b\n|-supereffective|p2a: Groudon\n|-supereffective|p2b: Rillaboom\n|-damage|p2a: Groudon|46/100\n|-damage|p2b: Rillaboom|22/100\n|\n|-weather|SunnyDay|[upkeep]\n|-heal|p2b: Rillaboom|28/100|[from] Grassy Terrain\n|-heal|p2a: Groudon|52/100|[from] Grassy Terrain\n|-heal|p1b: Kyogre|43/100|[from] Grassy Terrain\n|upkeep\n|\n|t:|1774262300\n|switch|p1a: Tornadus|Tornadus, L50, M|30/100\n|turn|7\n|\n|t:|1774262312\n|move|p1b: Kyogre|Protect|p1b: Kyogre\n|-singleturn|p1b: Kyogre|Protect\n|move|p2b: Rillaboom|Grassy Glide|p1b: Kyogre\n|-activate|p1b: Kyogre|move: Protect\n|move|p1a: Tornadus|Rain Dance|p1a: Tornadus\n|-weather|RainDance\n|move|p2a: Groudon|Heat Crash|p1a: Tornadus\n|-damage|p1a: Tornadus|0 fnt\n|faint|p1a: Tornadus\n|\n|-weather|RainDance|[upkeep]\n|-heal|p2b: Rillaboom|34/100|[from] Grassy Terrain\n|-heal|p2a: Groudon|57/100|[from] Grassy Terrain\n|-heal|p1b: Kyogre|49/100|[from] Grassy Terrain\n|upkeep\n|turn|8\n|inactive|ScribbleScribble has 30 seconds left.\n|\n|t:|1774262339\n|move|p1b: Kyogre|Protect||[still]\n|-fail|p1b: Kyogre\n|move|p2b: Rillaboom|Wood Hammer|p1b: Kyogre\n|-supereffective|p1b: Kyogre\n|-damage|p1b: Kyogre|0 fnt\n|faint|p1b: Kyogre\n|-damage|p2b: Rillaboom|19/100|[from] Recoil\n|\n|win|granite blast\n|raw|ScribbleScribble's rating: 1546 &rarr; <strong>1528</strong><br />(-18 for losing)\n|raw|granite blast's rating: 1578 &rarr; <strong>1596</strong><br />(+18 for winning)\n|l|\u2606ScribbleScribble\n|player|p1|\n|l|\u2606granite blast\n|player|p2|\n","uploadtime":1774262545,"views":22,"formatid":"gen9vgc2026regi","rating":1528,"private":0,"password":null}