{"id":"gen9vgc2026regi-2544861554","format":"[Gen 9] VGC 2026 Reg I","players":["Bef6","schisch"],"log":"|j|\u2606Bef6\n|j|\u2606schisch\n|t:|1771771989\n|gametype|doubles\n|player|p1|Bef6|102|1628\n|player|p2|schisch|170|1525\n|gen|9\n|tier|[Gen 9] VGC 2026 Reg I\n|rated|\n|rule|Species Clause: Limit one of each Pok\u00e9mon\n|rule|Item Clause: Limit 1 of each item\n|clearpoke\n|poke|p1|Ho-Oh, L50|\n|poke|p1|Koraidon, L50|\n|poke|p1|Flutter Mane, L50|\n|poke|p1|Incineroar, L50, M|\n|poke|p1|Raging Bolt, L50|\n|poke|p1|Rhydon, L50, F|\n|poke|p2|Tyranitar, L50, M|\n|poke|p2|Ho-Oh, L50|\n|poke|p2|Miraidon, L50|\n|poke|p2|Whimsicott, L50, F|\n|poke|p2|Ogerpon-Wellspring, L50, F|\n|teampreview|4\n|inactive|Battle timer is ON: inactive players will automatically lose when time's up. (requested by schisch)\n|inactive|Bef6 has 60 seconds left.\n|\n|t:|1771772040\n|teamsize|p1|4\n|teamsize|p2|4\n|start\n|switch|p1a: Rhydon|Rhydon, L50, F|100/100\n|switch|p1b: Ho-Oh|Ho-Oh, L50|100/100\n|switch|p2a: Whimsicott|Whimsicott, L50, F|100/100\n|switch|p2b: Ho-Oh|Ho-Oh, L50|100/100\n|turn|1\n|\n|t:|1771772057\n|move|p2a: Whimsicott|Tailwind|p2a: Whimsicott\n|-sidestart|p2: schisch|move: Tailwind\n|move|p2b: Ho-Oh|Sacred Fire|p1a: Rhydon\n|-resisted|p1a: Rhydon\n|-damage|p1a: Rhydon|87/100\n|-status|p1a: Rhydon|brn\n|move|p1b: Ho-Oh|Sacred Fire|p2a: Whimsicott\n|-supereffective|p2a: Whimsicott\n|-damage|p2a: Whimsicott|0 fnt\n|faint|p2a: Whimsicott\n|move|p1a: Rhydon|Rock Slide|p2b: Ho-Oh|[miss]\n|-miss|p1a: Rhydon|p2b: Ho-Oh\n|\n|-damage|p1a: Rhydon|81/100 brn|[from] brn\n|upkeep\n|\n|t:|1771772073\n|switch|p2a: Miraidon|Miraidon, L50|100/100\n|-fieldstart|move: Electric Terrain|[from] ability: Hadron Engine|[of] p2a: Miraidon\n|turn|2\n|inactive|schisch has 30 seconds left.\n|inactive|schisch has 20 seconds left.\n|\n|t:|1771772108\n|-terastallize|p2a: Miraidon|Fairy\n|move|p1b: Ho-Oh|Protect|p1b: Ho-Oh\n|-singleturn|p1b: Ho-Oh|Protect\n|move|p2a: Miraidon|Dazzling Gleam|p1b: Ho-Oh|[spread] p1a\n|-activate|p1b: Ho-Oh|move: Protect\n|-damage|p1a: Rhydon|31/100 brn\n|move|p2b: Ho-Oh|Brave Bird|p1b: Ho-Oh\n|-activate|p1b: Ho-Oh|move: Protect\n|move|p1a: Rhydon|Rock Slide|p2a: Miraidon|[spread] p2a,p2b\n|-supereffective|p2b: Ho-Oh\n|-damage|p2a: Miraidon|87/100\n|-damage|p2b: Ho-Oh|49/100\n|\n|-damage|p1a: Rhydon|25/100 brn|[from] brn\n|upkeep\n|turn|3\n|inactive|Bef6 has 30 seconds left.\n|inactive|Bef6 has 20 seconds left.\n|\n|t:|1771772145\n|move|p2a: Miraidon|Dazzling Gleam|p1b: Ho-Oh|[spread] p1a,p1b\n|-resisted|p1b: Ho-Oh\n|-crit|p1b: Ho-Oh\n|-damage|p1a: Rhydon|0 fnt\n|-damage|p1b: Ho-Oh|67/100\n|faint|p1a: Rhydon\n|move|p2b: Ho-Oh|Brave Bird|p1b: Ho-Oh\n|-damage|p1b: Ho-Oh|11/100\n|-damage|p2b: Ho-Oh|30/100|[from] Recoil\n|move|p1b: Ho-Oh|Brave Bird|p2b: Ho-Oh\n|-damage|p2b: Ho-Oh|0 fnt\n|faint|p2b: Ho-Oh\n|-damage|p1b: Ho-Oh|2/100|[from] Recoil\n|\n|upkeep\n|\n|t:|1771772161\n|switch|p2b: Tyranitar|Tyranitar, L50, M|100/100\n|switch|p1a: Incineroar|Incineroar, L50, M|100/100\n|-weather|Sandstorm|[from] ability: Sand Stream|[of] p2b: Tyranitar\n|-ability|p1a: Incineroar|Intimidate|boost\n|-unboost|p2a: Miraidon|atk|1\n|-unboost|p2b: Tyranitar|atk|1\n|turn|4\n|\n|t:|1771772169\n|switch|p1b: Koraidon|Koraidon, L50|100/100\n|-weather|SunnyDay|[from] ability: Orichalcum Pulse|[of] p1b: Koraidon\n|-activate|p1b: Koraidon|Orichalcum Pulse|[source]\n|move|p1a: Incineroar|Fake Out|p2a: Miraidon\n|-damage|p2a: Miraidon|75/100\n|cant|p2a: Miraidon|flinch\n|move|p2b: Tyranitar|Rock Slide|p1b: Koraidon|[spread] p1a,p1b\n|-supereffective|p1a: Incineroar\n|-resisted|p1b: Koraidon\n|-damage|p1a: Incineroar|71/100\n|-damage|p1b: Koraidon|91/100\n|\n|-weather|SunnyDay|[upkeep]\n|-sideend|p2: schisch|move: Tailwind\n|upkeep\n|turn|5\n|inactive|Bef6 has 30 seconds left.\n|inactive|Bef6 has 20 seconds left.\n|inactive|Bef6 has 15 seconds left.\n|inactive|Bef6 has 10 seconds left.\n|inactive|Bef6 has 5 seconds left.\n|\n|t:|1771772219\n|-terastallize|p1b: Koraidon|Fire\n|move|p1b: Koraidon|Flare Blitz|p2a: Miraidon\n|-damage|p2a: Miraidon|0 fnt\n|faint|p2a: Miraidon\n|-damage|p1b: Koraidon|66/100|[from] Recoil\n|-damage|p1b: Koraidon|56/100|[from] item: Life Orb\n|move|p1a: Incineroar|Parting Shot|p2b: Tyranitar\n|-unboost|p2b: Tyranitar|atk|1\n|-unboost|p2b: Tyranitar|spa|1\n|\n|t:|1771772225\n|switch|p1a: Ho-Oh|Ho-Oh, L50|35/100|[from] Parting Shot\n|move|p2b: Tyranitar|Rock Slide|p1b: Koraidon|[spread] p1a,p1b\n|-supereffective|p1a: Ho-Oh\n|-supereffective|p1b: Koraidon\n|-damage|p1a: Ho-Oh|0 fnt\n|-damage|p1b: Koraidon|29/100\n|faint|p1a: Ho-Oh\n|\n|-weather|SunnyDay|[upkeep]\n|upkeep\n|\n|t:|1771772227\n|switch|p1a: Incineroar|Incineroar, L50, M|71/100\n|-ability|p1a: Incineroar|Intimidate|boost\n|-unboost|p2b: Tyranitar|atk|1\n|turn|6\n|-message|schisch forfeited.\n|\n|win|Bef6\n|raw|Bef6's rating: 1628 &rarr; <strong>1642</strong><br />(+14 for winning)\n|raw|schisch's rating: 1525 &rarr; <strong>1511</strong><br />(-14 for losing)\n|l|\u2606schisch\n|player|p2|\n|l|\u2606Bef6\n|player|p1|\n","uploadtime":1771772470,"views":51,"formatid":"gen9vgc2026regi","rating":1511,"private":0,"password":null}