{"id":"gen9vgc2026regi-2549462222","format":"[Gen 9] VGC 2026 Reg I","players":["smartyff","porygon-epilepz"],"log":"|j|\u2606smartyff\n|j|\u2606porygon-epilepz\n|t:|1772371378\n|gametype|doubles\n|player|p1|smartyff|266|\n|player|p2|porygon-epilepz|ghetsis-gen5bw|\n|gen|9\n|tier|[Gen 9] VGC 2026 Reg I\n|rated|Tournament battle\n|rule|Species Clause: Limit one of each Pok\u00e9mon\n|rule|Item Clause: Limit 1 of each item\n|clearpoke\n|poke|p1|Amoonguss, L50, F|\n|poke|p1|Calyrex-Ice, L50|\n|poke|p1|Kyogre, L50|\n|poke|p1|Grimmsnarl, L50, M|\n|poke|p1|Flutter Mane, L50|\n|poke|p1|Basculegion, L50, M|\n|poke|p2|Incineroar, L50, M|\n|poke|p2|Calyrex-Ice, L50|\n|poke|p2|Rillaboom, L50, F|\n|poke|p2|Smeargle, L50, M|\n|poke|p2|Landorus, L50, M|\n|poke|p2|Koraidon, L50|\n|teampreview|4\n|inactive|Battle timer is ON: inactive players will automatically lose when time's up. (requested by smartyff)\n|j| ido1234567890\n|l| ido1234567890\n|inactive|smartyff has 60 seconds left.\n|\n|t:|1772371425\n|teamsize|p1|4\n|teamsize|p2|4\n|start\n|switch|p1a: Flutter Mane|Flutter Mane, L50|100/100\n|switch|p1b: Calyrex|Calyrex-Ice, L50|100/100\n|switch|p2a: Rillaboom|Rillaboom, L50, F|100/100\n|switch|p2b: Smeargle|Smeargle, L50, M|100/100\n|-ability|p1b: Calyrex|As One\n|-ability|p1b: Calyrex|Unnerve\n|-fieldstart|move: Grassy Terrain|[from] ability: Grassy Surge|[of] p2a: Rillaboom\n|turn|1\n|j| ido1234567890\n|\n|t:|1772371440\n|move|p2a: Rillaboom|Fake Out|p1b: Calyrex\n|-damage|p1b: Calyrex|94/100\n|move|p1a: Flutter Mane|Taunt|p2b: Smeargle\n|-start|p2b: Smeargle|move: Taunt\n|cant|p2b: Smeargle|move: Taunt|Spore\n|cant|p1b: Calyrex|flinch\n|\n|-heal|p1b: Calyrex|99/100|[from] Grassy Terrain\n|-heal|p1b: Calyrex|100/100|[from] item: Leftovers\n|-ability|p2b: Smeargle|Moody|boost\n|-boost|p2b: Smeargle|spa|2\n|-unboost|p2b: Smeargle|spd|1\n|upkeep\n|turn|2\n|\n|t:|1772371450\n|move|p1a: Flutter Mane|Icy Wind|p2a: Rillaboom|[spread] p2a,p2b\n|-supereffective|p2a: Rillaboom\n|-damage|p2a: Rillaboom|84/100\n|-damage|p2b: Smeargle|58/100\n|-unboost|p2a: Rillaboom|spe|1\n|-unboost|p2b: Smeargle|spe|1\n|move|p2b: Smeargle|Ruination|p1b: Calyrex\n|-damage|p1b: Calyrex|51/100\n|move|p2a: Rillaboom|Wood Hammer|p1a: Flutter Mane\n|-enditem|p1a: Flutter Mane|Focus Sash\n|-damage|p1a: Flutter Mane|1/100\n|-damage|p2a: Rillaboom|63/100|[from] Recoil\n|move|p1b: Calyrex|Glacial Lance|p2b: Smeargle|[spread] p2a,p2b\n|-supereffective|p2a: Rillaboom\n|-damage|p2a: Rillaboom|0 fnt\n|-damage|p2b: Smeargle|0 fnt\n|faint|p2a: Rillaboom\n|faint|p2b: Smeargle\n|-ability|p1b: Calyrex|Chilling Neigh|boost\n|-boost|p1b: Calyrex|atk|2\n|\n|-heal|p1a: Flutter Mane|7/100|[from] Grassy Terrain\n|-heal|p1b: Calyrex|57/100|[from] Grassy Terrain\n|-heal|p1b: Calyrex|62/100|[from] item: Leftovers\n|upkeep\n|\n|t:|1772371454\n|switch|p2b: Koraidon|Koraidon, L50|100/100\n|switch|p2a: Calyrex|Calyrex-Ice, L50|100/100\n|-ability|p2a: Calyrex|As One\n|-ability|p2a: Calyrex|Unnerve\n|-weather|SunnyDay|[from] ability: Orichalcum Pulse|[of] p2b: Koraidon\n|-activate|p1a: Flutter Mane|ability: Protosynthesis\n|-start|p1a: Flutter Mane|protosynthesisspe\n|-activate|p2b: Koraidon|Orichalcum Pulse|[source]\n|turn|3\n|\n|t:|1772371469\n|-terastallize|p2b: Koraidon|Fire\n|move|p1b: Calyrex|Protect|p1b: Calyrex\n|-singleturn|p1b: Calyrex|Protect\n|move|p1a: Flutter Mane|Taunt|p2a: Calyrex\n|-start|p2a: Calyrex|move: Taunt\n|move|p2b: Koraidon|Flame Charge|p1b: Calyrex\n|-activate|p1b: Calyrex|move: Protect\n|move|p2a: Calyrex|Glacial Lance|p1b: Calyrex|[spread] p1a\n|-activate|p1b: Calyrex|move: Protect\n|-damage|p1a: Flutter Mane|0 fnt\n|faint|p1a: Flutter Mane\n|-end|p1a: Flutter Mane|Protosynthesis|[silent]\n|-ability|p2a: Calyrex|Chilling Neigh|boost\n|-boost|p2a: Calyrex|atk|1\n|\n|-weather|SunnyDay|[upkeep]\n|-heal|p1b: Calyrex|68/100|[from] Grassy Terrain\n|-heal|p1b: Calyrex|74/100|[from] item: Leftovers\n|upkeep\n|j| 5236PP\n|\n|t:|1772371477\n|switch|p1a: Kyogre|Kyogre, L50|100/100\n|-weather|RainDance|[from] ability: Drizzle|[of] p1a: Kyogre\n|turn|4\n|\n|t:|1772371490\n|-terastallize|p1b: Calyrex|Fairy\n|move|p2b: Koraidon|Flare Blitz|p1b: Calyrex\n|-damage|p1b: Calyrex|56/100\n|-damage|p2b: Koraidon|94/100|[from] Recoil\n|move|p1a: Kyogre|Hydro Pump|p2a: Calyrex\n|-damage|p2a: Calyrex|30/100\n|move|p2a: Calyrex|Glacial Lance|p1a: Kyogre|[spread] p1a,p1b\n|-resisted|p1a: Kyogre\n|-damage|p1a: Kyogre|57/100\n|-damage|p1b: Calyrex|14/100\n|move|p1b: Calyrex|Glacial Lance|p2a: Calyrex|[spread] p2a,p2b\n|-resisted|p2a: Calyrex\n|-resisted|p2b: Koraidon\n|-damage|p2a: Calyrex|3/100\n|-damage|p2b: Koraidon|57/100\n|\n|-weather|RainDance|[upkeep]\n|-heal|p2b: Koraidon|63/100|[from] Grassy Terrain\n|-heal|p1a: Kyogre|63/100|[from] Grassy Terrain\n|-heal|p2a: Calyrex|9/100|[from] Grassy Terrain\n|-heal|p2a: Calyrex|15/100|[from] item: Leftovers\n|-heal|p1b: Calyrex|19/100|[from] Grassy Terrain\n|-heal|p1b: Calyrex|25/100|[from] item: Leftovers\n|upkeep\n|turn|5\n|\n|t:|1772371513\n|move|p1a: Kyogre|Protect|p1a: Kyogre\n|-singleturn|p1a: Kyogre|Protect\n|move|p2b: Koraidon|Collision Course|p1a: Kyogre\n|-activate|p1a: Kyogre|move: Protect\n|move|p2a: Calyrex|Glacial Lance|p1a: Kyogre|[spread] p1b\n|-activate|p1a: Kyogre|move: Protect\n|-damage|p1b: Calyrex|0 fnt\n|faint|p1b: Calyrex\n|-ability|p2a: Calyrex|Chilling Neigh|boost\n|-boost|p2a: Calyrex|atk|1\n|\n|-weather|RainDance|[upkeep]\n|-heal|p2b: Koraidon|70/100|[from] Grassy Terrain\n|-heal|p1a: Kyogre|69/100|[from] Grassy Terrain\n|-heal|p2a: Calyrex|20/100|[from] Grassy Terrain\n|-heal|p2a: Calyrex|26/100|[from] item: Leftovers\n|-end|p2a: Calyrex|move: Taunt\n|-fieldend|move: Grassy Terrain\n|upkeep\n|\n|t:|1772371514\n|switch|p1b: Basculegion|Basculegion, L50, M|100/100\n|turn|6\n|\n|t:|1772371524\n|move|p1b: Basculegion|Last Respects|p2a: Calyrex\n|-supereffective|p2a: Calyrex\n|-damage|p2a: Calyrex|0 fnt\n|faint|p2a: Calyrex\n|-damage|p1b: Basculegion|91/100|[from] item: Life Orb\n|move|p2b: Koraidon|Collision Course|p1a: Kyogre\n|-damage|p1a: Kyogre|11/100\n|move|p1a: Kyogre|Hydro Pump|p2b: Koraidon\n|-supereffective|p2b: Koraidon\n|-damage|p2b: Koraidon|0 fnt\n|faint|p2b: Koraidon\n|\n|win|smartyff\n|n|\u2606smartyff|smartyff\n|n|\u2606porygon-epilepz|porygonepilepz\n|n| ido1234567890|ido1234567890\n|n| 5236PP|5236pp\n","uploadtime":1772371525,"views":11,"formatid":"gen9vgc2026regi","rating":null,"private":0,"password":null}