{"id":"gen9vgc2026regi-2553855893","format":"[Gen 9] VGC 2026 Reg I","players":["shangenb5","g0dGun"],"log":"|j|\u2606shangenb5\n|j|\u2606g0dGun\n|t:|1772891790\n|gametype|doubles\n|player|p1|shangenb5|sisandbro|1355\n|player|p2|g0dGun|blue|1438\n|gen|9\n|tier|[Gen 9] VGC 2026 Reg I\n|rated|\n|rule|Species Clause: Limit one of each Pok\u00e9mon\n|rule|Item Clause: Limit 1 of each item\n|clearpoke\n|poke|p1|Miraidon, L50|\n|poke|p1|Groudon, L50|\n|poke|p1|Walking Wake, L50|\n|poke|p1|Grimmsnarl, L50, M|\n|poke|p1|Incineroar, L50, M|\n|poke|p1|Volcarona, L50, F|\n|poke|p2|Hitmontop, L50, M|\n|poke|p2|Terapagos, L50, M|\n|poke|p2|Calyrex-Shadow, L50|\n|poke|p2|Ogerpon-Cornerstone, L50, F|\n|poke|p2|Urshifu-*, L50, F|\n|poke|p2|Whimsicott, L50, M|\n|teampreview|4\n|inactive|Battle timer is ON: inactive players will automatically lose when time's up. (requested by g0dGun)\n|inactive|shangenb5 has 60 seconds left.\n|inactive|shangenb5 has 30 seconds left.\n|\n|t:|1772891857\n|teamsize|p1|4\n|teamsize|p2|4\n|start\n|switch|p1a: Walking Wake|Walking Wake, L50|100/100\n|switch|p1b: Groudon|Groudon, L50|100/100\n|switch|p2a: Hitmontop|Hitmontop, L50, M|100/100\n|switch|p2b: Terapagos|Terapagos, L50, M|100/100\n|-activate|p2b: Terapagos|ability: Tera Shift\n|detailschange|p2b: Terapagos|Terapagos-Terastal, L50, M\n|-heal|p2b: Terapagos|100/100|[silent]\n|-weather|SunnyDay|[from] ability: Drought|[of] p1b: Groudon\n|-activate|p1a: Walking Wake|ability: Protosynthesis\n|-start|p1a: Walking Wake|protosynthesisspe\n|-ability|p2a: Hitmontop|Intimidate|boost\n|-unboost|p1a: Walking Wake|atk|1\n|-fail|p1b: Groudon|unboost|[from] item: Clear Amulet|[of] p1b: Groudon\n|turn|1\n|inactive|shangenb5 has 30 seconds left.\n|\n|t:|1772891886\n|switch|p1b: Incineroar|Incineroar, L50, M|100/100\n|-ability|p1b: Incineroar|Intimidate|boost\n|-unboost|p2a: Hitmontop|atk|1\n|-unboost|p2b: Terapagos|atk|1\n|move|p2a: Hitmontop|Wide Guard|p2a: Hitmontop\n|-singleturn|p2a: Hitmontop|Wide Guard\n|move|p1a: Walking Wake|Snarl|p2b: Terapagos|[spread] \n|-activate|p2a: Hitmontop|move: Wide Guard\n|-activate|p2b: Terapagos|move: Wide Guard\n|move|p2b: Terapagos|Rock Polish|p2b: Terapagos\n|-boost|p2b: Terapagos|spe|2\n|\n|-weather|SunnyDay|[upkeep]\n|upkeep\n|turn|2\n|\n|t:|1772891910\n|move|p2a: Hitmontop|Wide Guard|p2a: Hitmontop\n|-singleturn|p2a: Hitmontop|Wide Guard\n|move|p1a: Walking Wake|Hydro Steam|p2a: Hitmontop\n|-damage|p2a: Hitmontop|52/100\n|-enditem|p2a: Hitmontop|Eject Button\n|\n|t:|1772891917\n|switch|p2a: Ogerpon|Ogerpon-Cornerstone, L50, F|100/100\n|move|p2b: Terapagos|Tera Starstorm|p1a: Walking Wake\n|-damage|p1a: Walking Wake|32/100\n|move|p1b: Incineroar|Flare Blitz|p2a: Ogerpon\n|-damage|p2a: Ogerpon|7/100\n|-damage|p1b: Incineroar|76/100|[from] Recoil\n|\n|-weather|SunnyDay|[upkeep]\n|upkeep\n|turn|3\n|inactive|shangenb5 has 30 seconds left.\n|inactive|shangenb5 has 20 seconds left.\n|inactive|shangenb5 has 15 seconds left.\n|inactive|g0dGun has 30 seconds left.\n|\n|t:|1772891959\n|switch|p2a: Hitmontop|Hitmontop, L50, M|52/100\n|-ability|p2a: Hitmontop|Intimidate|boost\n|-unboost|p1a: Walking Wake|atk|1\n|-unboost|p1b: Incineroar|atk|1\n|-terastallize|p2b: Terapagos|Stellar\n|detailschange|p2b: Terapagos|Terapagos-Stellar, L50, M, tera:Stellar\n|-heal|p2b: Terapagos|100/100|[silent]\n|-ability|p2b: Terapagos|Teraform Zero\n|-weather|none\n|-end|p1a: Walking Wake|Protosynthesis\n|move|p1a: Walking Wake|Protect|p1a: Walking Wake\n|-singleturn|p1a: Walking Wake|Protect\n|move|p2b: Terapagos|Tera Starstorm|p1a: Walking Wake|[spread] p1b\n|-activate|p1a: Walking Wake|move: Protect\n|-damage|p1b: Incineroar|53/100\n|move|p1b: Incineroar|U-turn|p2b: Terapagos\n|-damage|p2b: Terapagos|92/100\n|inactive|shangenb5 has 30 seconds left.\n|\n|t:|1772891990\n|switch|p1b: Miraidon|Miraidon, L50, shiny|100/100|[from] U-turn\n|-fieldstart|move: Electric Terrain|[from] ability: Hadron Engine|[of] p1b: Miraidon\n|\n|upkeep\n|turn|4\n|\n|t:|1772892000\n|-end|p1a: Walking Wake|Protosynthesis|[silent]\n|switch|p1a: Incineroar|Incineroar, L50, M|53/100\n|-ability|p1a: Incineroar|Intimidate|boost\n|-unboost|p2a: Hitmontop|atk|1\n|-unboost|p2b: Terapagos|atk|1\n|move|p2a: Hitmontop|Vacuum Wave|p2b: Terapagos\n|-supereffective|p2b: Terapagos\n|-damage|p2b: Terapagos|86/100\n|-enditem|p2b: Terapagos|Weakness Policy\n|-boost|p2b: Terapagos|atk|2|[from] item: Weakness Policy\n|-boost|p2b: Terapagos|spa|2|[from] item: Weakness Policy\n|move|p2b: Terapagos|Tera Starstorm|p1a: Incineroar|[spread] p1a,p1b\n|-damage|p1a: Incineroar|8/100\n|-damage|p1b: Miraidon|32/100\n|move|p1b: Miraidon|Volt Switch|p2a: Hitmontop\n|-damage|p2a: Hitmontop|0 fnt\n|faint|p2a: Hitmontop\n|-damage|p1b: Miraidon|23/100|[from] item: Life Orb\n|\n|t:|1772892018\n|switch|p1b: Walking Wake|Walking Wake, L50|32/100|[from] Volt Switch\n|\n|upkeep\n|\n|t:|1772892026\n|switch|p2a: Ogerpon|Ogerpon-Cornerstone, L50, F|7/100\n|turn|5\n|\n|t:|1772892036\n|switch|p1a: Groudon|Groudon, L50|100/100\n|-weather|SunnyDay|[from] ability: Drought|[of] p1a: Groudon\n|-activate|p1b: Walking Wake|ability: Protosynthesis\n|-start|p1b: Walking Wake|protosynthesisspe\n|move|p1b: Walking Wake|Snarl|p2a: Ogerpon|[spread] p2a,p2b\n|-damage|p2a: Ogerpon|0 fnt\n|-damage|p2b: Terapagos|77/100\n|-unboost|p2b: Terapagos|spa|1\n|faint|p2a: Ogerpon\n|move|p2b: Terapagos|Tera Starstorm|p1a: Groudon|[spread] p1a,p1b\n|-damage|p1a: Groudon|48/100\n|-damage|p1b: Walking Wake|0 fnt\n|faint|p1b: Walking Wake\n|-end|p1b: Walking Wake|Protosynthesis|[silent]\n|\n|-weather|SunnyDay|[upkeep]\n|upkeep\n|\n|t:|1772892053\n|switch|p2a: Calyrex|Calyrex-Shadow, L50|100/100\n|switch|p1b: Incineroar|Incineroar, L50, M|8/100\n|-ability|p2a: Calyrex|As One\n|-ability|p2a: Calyrex|Unnerve\n|-ability|p1b: Incineroar|Intimidate|boost\n|-unboost|p2a: Calyrex|atk|1\n|-unboost|p2b: Terapagos|atk|1\n|turn|6\n|\n|t:|1772892070\n|-terastallize|p1a: Groudon|Fire\n|move|p2b: Terapagos|Protect|p2b: Terapagos\n|-singleturn|p2b: Terapagos|Protect\n|move|p2a: Calyrex|Protect|p2a: Calyrex\n|-singleturn|p2a: Calyrex|Protect\n|move|p1b: Incineroar|Fake Out|p2b: Terapagos\n|-activate|p2b: Terapagos|move: Protect\n|move|p1a: Groudon|Heat Crash|p2a: Calyrex\n|-activate|p2a: Calyrex|move: Protect\n|\n|-weather|SunnyDay|[upkeep]\n|upkeep\n|turn|7\n|-message|shangenb5 forfeited.\n|\n|win|g0dGun\n|raw|shangenb5's rating: 1355 &rarr; <strong>1340</strong><br />(-15 for losing)\n|raw|g0dGun's rating: 1438 &rarr; <strong>1453</strong><br />(+15 for winning)\n|l|\u2606shangenb5\n|player|p1|\n|l|\u2606g0dGun\n|player|p2|\n","uploadtime":1772892327,"views":18,"formatid":"gen9vgc2026regi","rating":1340,"private":0,"password":null}