{"id":"gen9vgc2026regi-2550581892","format":"[Gen 9] VGC 2026 Reg I","players":["NWD R9-0","blackred123"],"log":"|j|\u2606NWD R9-0\n|j|\u2606blackred123\n|t:|1772502961\n|gametype|doubles\n|player|p1|NWD R9-0|roxie|1454\n|player|p2|blackred123|iono-masters|1431\n|gen|9\n|tier|[Gen 9] VGC 2026 Reg I\n|rated|\n|rule|Species Clause: Limit one of each Pok\u00e9mon\n|rule|Item Clause: Limit 1 of each item\n|clearpoke\n|poke|p1|Miraidon, L50|\n|poke|p1|Calyrex-Ice, L50|\n|poke|p1|Grimmsnarl, L50, M|\n|poke|p1|Pelipper, L50, F|\n|poke|p1|Clefairy, L50, M|\n|poke|p1|Archaludon, L50, M|\n|poke|p2|Kyogre, L50|\n|poke|p2|Zamazenta-*, L50|\n|poke|p2|Chien-Pao, L50|\n|poke|p2|Amoonguss, L50, F|\n|poke|p2|Dragonite, L50, M|\n|poke|p2|Rillaboom, L50, M|\n|teampreview|4\n|inactive|Battle timer is ON: inactive players will automatically lose when time's up. (requested by blackred123)\n|\n|t:|1772502980\n|teamsize|p1|4\n|teamsize|p2|4\n|start\n|switch|p1a: Miraidon|Miraidon, L50|100/100\n|switch|p1b: Pelipper|Pelipper, L50, F|100/100\n|switch|p2a: Zamazenta|Zamazenta-Crowned, L50|100/100\n|switch|p2b: Chien-Pao|Chien-Pao, L50|100/100\n|-ability|p2b: Chien-Pao|Sword of Ruin\n|-fieldstart|move: Electric Terrain|[from] ability: Hadron Engine|[of] p1a: Miraidon\n|-ability|p2a: Zamazenta|Dauntless Shield|boost\n|-boost|p2a: Zamazenta|def|1\n|-weather|RainDance|[from] ability: Drizzle|[of] p1b: Pelipper\n|turn|1\n|\n|t:|1772503005\n|move|p1a: Miraidon|Protect|p1a: Miraidon\n|-singleturn|p1a: Miraidon|Protect\n|move|p2b: Chien-Pao|Ice Spinner|p1a: Miraidon\n|-activate|p1a: Miraidon|move: Protect\n|move|p2a: Zamazenta|Heavy Slam|p1b: Pelipper\n|-resisted|p1b: Pelipper\n|-damage|p1b: Pelipper|57/100\n|move|p1b: Pelipper|Tailwind|p1b: Pelipper\n|-sidestart|p1: NWD R9-0|move: Tailwind\n|\n|-weather|RainDance|[upkeep]\n|upkeep\n|turn|2\n|\n|t:|1772503028\n|move|p1a: Miraidon|Volt Switch|p2a: Zamazenta\n|-damage|p2a: Zamazenta|37/100\n|-damage|p1a: Miraidon|91/100|[from] item: Life Orb\n|\n|t:|1772503033\n|switch|p1a: Archaludon|Archaludon, L50, M, shiny|100/100|[from] Volt Switch\n|move|p1b: Pelipper|Weather Ball|p2a: Zamazenta\n|-damage|p2a: Zamazenta|0 fnt\n|faint|p2a: Zamazenta\n|move|p2b: Chien-Pao|Ice Spinner|p1a: Archaludon\n|-damage|p1a: Archaludon|65/100\n|-ability|p1a: Archaludon|Stamina|boost\n|-boost|p1a: Archaludon|def|1\n|-fieldend|move: Electric Terrain\n|\n|-weather|RainDance|[upkeep]\n|upkeep\n|\n|t:|1772503042\n|switch|p2a: Dragonite|Dragonite, L50, M|100/100\n|turn|3\n|\n|t:|1772503061\n|move|p2b: Chien-Pao|Sucker Punch|p1b: Pelipper\n|-damage|p1b: Pelipper|0 fnt\n|faint|p1b: Pelipper\n|move|p1a: Archaludon|Body Press|p2b: Chien-Pao\n|-supereffective|p2b: Chien-Pao\n|-enditem|p2b: Chien-Pao|Focus Sash\n|-damage|p2b: Chien-Pao|1/100\n|move|p2a: Dragonite|Low Kick|p1a: Archaludon\n|-supereffective|p1a: Archaludon\n|-damage|p1a: Archaludon|12/100\n|-ability|p1a: Archaludon|Stamina|boost\n|-boost|p1a: Archaludon|def|1\n|\n|-weather|RainDance|[upkeep]\n|upkeep\n|\n|t:|1772503076\n|switch|p1b: Calyrex|Calyrex-Ice, L50|100/100\n|-ability|p1b: Calyrex|As One\n|-ability|p1b: Calyrex|Unnerve\n|turn|4\n|\n|t:|1772503087\n|switch|p1a: Miraidon|Miraidon, L50|91/100\n|-fieldstart|move: Electric Terrain|[from] ability: Hadron Engine|[of] p1a: Miraidon\n|-terastallize|p1b: Calyrex|Ice\n|-terastallize|p2a: Dragonite|Normal\n|move|p2b: Chien-Pao|Sucker Punch||[still]\n|-fail|p2b: Chien-Pao\n|move|p1b: Calyrex|Glacial Lance|p2b: Chien-Pao|[spread] p2a,p2b\n|-resisted|p2b: Chien-Pao\n|-damage|p2a: Dragonite|0 fnt\n|-damage|p2b: Chien-Pao|0 fnt\n|faint|p2a: Dragonite\n|faint|p2b: Chien-Pao\n|-ability|p1b: Calyrex|Chilling Neigh|boost\n|-boost|p1b: Calyrex|atk|2\n|\n|-weather|RainDance|[upkeep]\n|-sideend|p1: NWD R9-0|move: Tailwind\n|upkeep\n|\n|t:|1772503093\n|switch|p2b: Kyogre|Kyogre, L50|100/100\n|turn|5\n|\n|t:|1772503111\n|move|p2b: Kyogre|Water Spout|p1b: Calyrex|[spread] p1a,p1b\n|-resisted|p1a: Miraidon\n|-crit|p1a: Miraidon\n|-damage|p1a: Miraidon|26/100\n|-damage|p1b: Calyrex|28/100\n|move|p1a: Miraidon|Dragon Pulse|p2b: Kyogre\n|-damage|p2b: Kyogre|36/100\n|-damage|p1a: Miraidon|17/100|[from] item: Life Orb\n|move|p1b: Calyrex|Glacial Lance|p2b: Kyogre\n|-resisted|p2b: Kyogre\n|-damage|p2b: Kyogre|0 fnt\n|faint|p2b: Kyogre\n|\n|win|NWD R9-0\n|raw|NWD R9-0's rating: 1454 &rarr; <strong>1473</strong><br />(+19 for winning)\n|raw|blackred123's rating: 1431 &rarr; <strong>1412</strong><br />(-19 for losing)\n|l|\u2606blackred123\n|player|p2|\n|l|\u2606NWD R9-0\n|player|p1|\n","uploadtime":1772503292,"views":14,"formatid":"gen9vgc2026regi","rating":1412,"private":0,"password":null}