{"id":"gen9vgc2026regi-2519891468","format":"[Gen 9] VGC 2026 Reg I","players":["Crawsomeness","dthk1216"],"log":"|j|\u2606Crawsomeness\n|j|\u2606dthk1216\n|t:|1768566843\n|gametype|doubles\n|player|p1|Crawsomeness|hiker-gen4|1371\n|player|p2|dthk1216|dawn|1522\n|gen|9\n|tier|[Gen 9] VGC 2026 Reg I\n|rated|\n|rule|Species Clause: Limit one of each Pok\u00e9mon\n|rule|Item Clause: Limit 1 of each item\n|clearpoke\n|poke|p1|Zacian-*, L50|\n|poke|p1|Calyrex-Shadow, L50|\n|poke|p1|Whimsicott, L50, F|\n|poke|p1|Farigiraf, L50, M|\n|poke|p1|Ursaluna-Bloodmoon, L50, M|\n|poke|p1|Empoleon, L50, F|\n|poke|p2|Calyrex-Ice, L50|\n|poke|p2|Kyogre, L50|\n|poke|p2|Urshifu-*, L50, F|\n|poke|p2|Rillaboom, L50, M|\n|poke|p2|Grimmsnarl, L50, M|\n|poke|p2|Amoonguss, L50, F|\n|teampreview|4\n|inactive|Battle timer is ON: inactive players will automatically lose when time's up. (requested by dthk1216)\n|\n|t:|1768566873\n|teamsize|p1|4\n|teamsize|p2|4\n|start\n|switch|p1a: Calyrex|Calyrex-Shadow, L50|100/100\n|switch|p1b: Whimsicott|Whimsicott, L50, F|100/100\n|switch|p2a: Calyrex|Calyrex-Ice, L50|100/100\n|switch|p2b: Urshifu|Urshifu-Rapid-Strike, L50, F|100/100\n|-ability|p1a: Calyrex|As One\n|-ability|p1a: Calyrex|Unnerve\n|-ability|p2a: Calyrex|As One\n|-ability|p2a: Calyrex|Unnerve\n|turn|1\n|\n|t:|1768566886\n|switch|p2a: Kyogre|Kyogre, L50|100/100\n|-weather|RainDance|[from] ability: Drizzle|[of] p2a: Kyogre\n|move|p2b: Urshifu|Surging Strikes|p1a: Calyrex\n|-crit|p1a: Calyrex\n|-damage|p1a: Calyrex|59/100\n|-crit|p1a: Calyrex\n|-damage|p1a: Calyrex|20/100\n|-crit|p1a: Calyrex\n|-damage|p1a: Calyrex|0 fnt\n|faint|p1a: Calyrex\n|-hitcount|p1: Calyrex|3\n|move|p1b: Whimsicott|Moonblast|p2b: Urshifu\n|-supereffective|p2b: Urshifu\n|-damage|p2b: Urshifu|21/100\n|-unboost|p2b: Urshifu|spa|1\n|\n|-weather|RainDance|[upkeep]\n|upkeep\n|\n|t:|1768566896\n|switch|p1a: Ursaluna|Ursaluna-Bloodmoon, L50, M|100/100\n|turn|2\n|\n|t:|1768566905\n|-terastallize|p1a: Ursaluna|Normal\n|move|p1b: Whimsicott|Tailwind|p1b: Whimsicott\n|-sidestart|p1: Crawsomeness|move: Tailwind\n|move|p1a: Ursaluna|Hyper Voice|p2a: Kyogre|[spread] p2a,p2b\n|-damage|p2a: Kyogre|62/100\n|-damage|p2b: Urshifu|0 fnt\n|faint|p2b: Urshifu\n|-damage|p1a: Ursaluna|91/100|[from] item: Life Orb\n|move|p2a: Kyogre|Water Spout|p1b: Whimsicott|[spread] p1a,p1b\n|-resisted|p1b: Whimsicott\n|-damage|p1a: Ursaluna|0 fnt\n|-damage|p1b: Whimsicott|45/100\n|faint|p1a: Ursaluna\n|\n|-weather|RainDance|[upkeep]\n|upkeep\n|\n|t:|1768566920\n|switch|p2b: Calyrex|Calyrex-Ice, L50|100/100\n|switch|p1a: Zacian|Zacian-Crowned, L50|100/100\n|-ability|p2b: Calyrex|As One\n|-ability|p2b: Calyrex|Unnerve\n|-ability|p1a: Zacian|Intrepid Sword|boost\n|-boost|p1a: Zacian|atk|1\n|turn|3\n|\n|t:|1768566933\n|switch|p2a: Amoonguss|Amoonguss, L50, F|100/100\n|-terastallize|p2b: Calyrex|Grass\n|move|p1b: Whimsicott|Light Screen|p1b: Whimsicott\n|-sidestart|p1: Crawsomeness|move: Light Screen\n|move|p1a: Zacian|Behemoth Blade|p2b: Calyrex\n|-damage|p2b: Calyrex|52/100\n|move|p2b: Calyrex|Trick Room|p2b: Calyrex\n|-fieldstart|move: Trick Room|[of] p2b: Calyrex\n|\n|-weather|RainDance|[upkeep]\n|-heal|p2b: Calyrex|58/100|[from] item: Leftovers\n|upkeep\n|turn|4\n|\n|t:|1768566944\n|move|p1a: Zacian|Protect|p1a: Zacian\n|-singleturn|p1a: Zacian|Protect\n|move|p1b: Whimsicott|Encore|p2b: Calyrex\n|-start|p2b: Calyrex|Encore\n|move|p2a: Amoonguss|Spore|p1a: Zacian\n|-activate|p1a: Zacian|move: Protect\n|move|p2b: Calyrex|Trick Room|p2b: Calyrex\n|-fieldend|move: Trick Room\n|\n|-weather|RainDance|[upkeep]\n|-heal|p2b: Calyrex|64/100|[from] item: Leftovers\n|upkeep\n|turn|5\n|\n|t:|1768566957\n|move|p2a: Amoonguss|Rage Powder|p2a: Amoonguss\n|-singleturn|p2a: Amoonguss|move: Rage Powder\n|move|p1a: Zacian|Behemoth Blade|p2a: Amoonguss\n|-damage|p2a: Amoonguss|40/100\n|-damage|p1a: Zacian|84/100|[from] item: Rocky Helmet|[of] p2a: Amoonguss\n|move|p1b: Whimsicott|Moonblast|p2a: Amoonguss\n|-resisted|p2a: Amoonguss\n|-damage|p2a: Amoonguss|27/100\n|move|p2b: Calyrex|Trick Room|p2b: Calyrex\n|-fieldstart|move: Trick Room|[of] p2b: Calyrex\n|\n|-weather|none\n|-heal|p2b: Calyrex|70/100|[from] item: Leftovers\n|-sideend|p1: Crawsomeness|move: Tailwind\n|upkeep\n|turn|6\n|\n|t:|1768566969\n|switch|p2b: Kyogre|Kyogre, L50|62/100\n|-weather|RainDance|[from] ability: Drizzle|[of] p2b: Kyogre\n|move|p1b: Whimsicott|Encore|p2a: Amoonguss\n|-start|p2a: Amoonguss|Encore\n|move|p2a: Amoonguss|Rage Powder|p2a: Amoonguss\n|-singleturn|p2a: Amoonguss|move: Rage Powder\n|move|p1a: Zacian|Behemoth Blade|p2a: Amoonguss\n|-damage|p2a: Amoonguss|0 fnt\n|-damage|p1a: Zacian|68/100|[from] item: Rocky Helmet|[of] p2a: Amoonguss\n|faint|p2a: Amoonguss\n|\n|-weather|RainDance|[upkeep]\n|upkeep\n|\n|t:|1768566978\n|switch|p2a: Calyrex|Calyrex-Ice, L50, tera:Grass|70/100\n|-ability|p2a: Calyrex|As One\n|-ability|p2a: Calyrex|Unnerve\n|turn|7\n|\n|t:|1768566986\n|move|p2a: Calyrex|Glacial Lance|p1a: Zacian|[spread] p1a,p1b\n|-resisted|p1a: Zacian\n|-supereffective|p1b: Whimsicott\n|-damage|p1a: Zacian|45/100\n|-damage|p1b: Whimsicott|0 fnt\n|faint|p1b: Whimsicott\n|-ability|p2a: Calyrex|Chilling Neigh|boost\n|-boost|p2a: Calyrex|atk|1\n|move|p2b: Kyogre|Origin Pulse|p1a: Zacian\n|-damage|p1a: Zacian|0 fnt\n|faint|p1a: Zacian\n|\n|win|dthk1216\n|raw|Crawsomeness's rating: 1371 &rarr; <strong>1359</strong><br />(-12 for losing)\n|raw|dthk1216's rating: 1522 &rarr; <strong>1534</strong><br />(+12 for winning)\n|l|\u2606Crawsomeness\n|player|p1|\n|l|\u2606dthk1216\n|player|p2|\n","uploadtime":1768567146,"views":15,"formatid":"gen9vgc2026regi","rating":1359,"private":0,"password":null}