{"id":"gen9vgc2026regi-2568628484","format":"[Gen 9] VGC 2026 Reg I","players":["dasabe\u76d6\u6b27\u5361\u4fa0","Highkage2"],"log":"|j|\u2606dasabe\u76d6\u6b27\u5361\u4fa0\n|j|\u203dHighkage2\n|t:|1774607003\n|gametype|doubles\n|player|p1|dasabe\u76d6\u6b27\u5361\u4fa0|may-masters4|1634\n|player|p2|Highkage2|doubleteam|1530\n|gen|9\n|tier|[Gen 9] VGC 2026 Reg I\n|rated|\n|rule|Species Clause: Limit one of each Pok\u00e9mon\n|rule|Item Clause: Limit 1 of each item\n|clearpoke\n|poke|p1|Miraidon, L50|\n|poke|p1|Groudon, L50|\n|poke|p1|Walking Wake, L50|\n|poke|p1|Grimmsnarl, L50, M|\n|poke|p1|Incineroar, L50, F|\n|poke|p1|Ditto, L50|\n|poke|p2|Incineroar, L50, M|\n|poke|p2|Calyrex-Ice, L50|\n|poke|p2|Miraidon, L50|\n|poke|p2|Iron Treads, L50|\n|poke|p2|Volcarona, L50, F|\n|poke|p2|Farigiraf, L50, F|\n|teampreview|4\n|inactive|Battle timer is ON: inactive players will automatically lose when time's up. (requested by Highkage2)\n|inactive|Highkage2 has 60 seconds left.\n|\n|t:|1774607060\n|teamsize|p1|4\n|teamsize|p2|4\n|start\n|switch|p1a: \u94f6\u6bdb\u6ee1\u8eab|Grimmsnarl, L50, M, shiny|100/100\n|switch|p1b: P\u56fa\u771f\u5927|Groudon, L50, shiny|100/100\n|switch|p2a: Incineroar|Incineroar, L50, M|100/100\n|switch|p2b: Miraidon|Miraidon, L50|100/100\n|-fieldstart|move: Electric Terrain|[from] ability: Hadron Engine|[of] p2b: Miraidon\n|-weather|SunnyDay|[from] ability: Drought|[of] p1b: P\u56fa\u771f\u5927\n|-ability|p2a: Incineroar|Intimidate|boost\n|-unboost|p1a: \u94f6\u6bdb\u6ee1\u8eab|atk|1\n|-fail|p1b: P\u56fa\u771f\u5927|unboost|[from] item: Clear Amulet|[of] p1b: P\u56fa\u771f\u5927\n|turn|1\n|\n|t:|1774607077\n|move|p1b: P\u56fa\u771f\u5927|Protect|p1b: P\u56fa\u771f\u5927\n|-singleturn|p1b: P\u56fa\u771f\u5927|Protect\n|move|p2a: Incineroar|Fake Out|p1b: P\u56fa\u771f\u5927\n|-activate|p1b: P\u56fa\u771f\u5927|move: Protect\n|move|p1a: \u94f6\u6bdb\u6ee1\u8eab|Light Screen|p1a: \u94f6\u6bdb\u6ee1\u8eab\n|-sidestart|p1: dasabe\u76d6\u6b27\u5361\u4fa0|move: Light Screen\n|move|p2b: Miraidon|Volt Switch|p1a: \u94f6\u6bdb\u6ee1\u8eab\n|-damage|p1a: \u94f6\u6bdb\u6ee1\u8eab|44/100\n|\n|t:|1774607089\n|switch|p2b: Calyrex|Calyrex-Ice, L50|100/100|[from] Volt Switch\n|-ability|p2b: Calyrex|As One\n|-ability|p2b: Calyrex|Unnerve\n|\n|-weather|SunnyDay|[upkeep]\n|upkeep\n|turn|2\n|inactive|Highkage2 has 30 seconds left.\n|\n|t:|1774607115\n|-terastallize|p2a: Incineroar|Bug\n|move|p1a: \u94f6\u6bdb\u6ee1\u8eab|Reflect|p1a: \u94f6\u6bdb\u6ee1\u8eab\n|-sidestart|p1: dasabe\u76d6\u6b27\u5361\u4fa0|Reflect\n|move|p1b: P\u56fa\u771f\u5927|Will-O-Wisp|p2b: Calyrex\n|-status|p2b: Calyrex|brn\n|move|p2a: Incineroar|Knock Off|p1b: P\u56fa\u771f\u5927\n|-damage|p1b: P\u56fa\u771f\u5927|82/100\n|-enditem|p1b: P\u56fa\u771f\u5927|Clear Amulet|[from] move: Knock Off|[of] p2a: Incineroar\n|move|p2b: Calyrex|Leech Seed|p1b: P\u56fa\u771f\u5927\n|-start|p1b: P\u56fa\u771f\u5927|move: Leech Seed\n|\n|-weather|SunnyDay|[upkeep]\n|-damage|p1b: P\u56fa\u771f\u5927|70/100|[from] Leech Seed|[of] p2b: Calyrex\n|-damage|p2b: Calyrex|95/100 brn|[from] brn\n|upkeep\n|turn|3\n|inactive|Highkage2 has 30 seconds left.\n|\n|t:|1774607141\n|switch|p2a: Miraidon|Miraidon, L50|100/100\n|-activate|p2a: Miraidon|ability: Hadron Engine\n|move|p1a: \u94f6\u6bdb\u6ee1\u8eab|Thunder Wave|p2a: Miraidon|[miss]\n|-miss|p1a: \u94f6\u6bdb\u6ee1\u8eab|p2a: Miraidon\n|move|p1b: P\u56fa\u771f\u5927|Precipice Blades|p2a: Miraidon|[spread] p2a,p2b\n|-supereffective|p2a: Miraidon\n|-damage|p2a: Miraidon|0 fnt\n|-damage|p2b: Calyrex|61/100 brn\n|faint|p2a: Miraidon\n|move|p2b: Calyrex|Leech Seed|p1a: \u94f6\u6bdb\u6ee1\u8eab\n|-start|p1a: \u94f6\u6bdb\u6ee1\u8eab|move: Leech Seed\n|\n|-weather|SunnyDay|[upkeep]\n|-heal|p2b: Calyrex|67/100 brn|[from] item: Leftovers\n|-damage|p1b: P\u56fa\u771f\u5927|57/100|[from] Leech Seed|[of] p2b: Calyrex\n|-heal|p2b: Calyrex|78/100 brn|[silent]\n|-damage|p1a: \u94f6\u6bdb\u6ee1\u8eab|32/100|[from] Leech Seed|[of] p2b: Calyrex\n|-heal|p2b: Calyrex|90/100 brn|[silent]\n|-damage|p2b: Calyrex|84/100 brn|[from] brn\n|upkeep\n|\n|t:|1774607158\n|switch|p2a: Incineroar|Incineroar, L50, M, tera:Bug|100/100\n|-ability|p2a: Incineroar|Intimidate|boost\n|-unboost|p1a: \u94f6\u6bdb\u6ee1\u8eab|atk|1\n|-unboost|p1b: P\u56fa\u771f\u5927|atk|1\n|turn|4\n|\n|t:|1774607175\n|switch|p1b: \u629b\u5f00\u864e\u54e5\u54ee\u7a74|Incineroar, L50, F|100/100\n|-ability|p1b: \u629b\u5f00\u864e\u54e5\u54ee\u7a74|Intimidate|boost\n|-unboost|p2a: Incineroar|atk|1\n|-unboost|p2b: Calyrex|atk|1\n|move|p1a: \u94f6\u6bdb\u6ee1\u8eab|Thunder Wave|p2a: Incineroar\n|-status|p2a: Incineroar|par\n|move|p2b: Calyrex|Glacial Lance|p1b: \u629b\u5f00\u864e\u54e5\u54ee\u7a74|[spread] p1a,p1b\n|-resisted|p1b: \u629b\u5f00\u864e\u54e5\u54ee\u7a74\n|-damage|p1a: \u94f6\u6bdb\u6ee1\u8eab|20/100\n|-damage|p1b: \u629b\u5f00\u864e\u54e5\u54ee\u7a74|97/100\n|move|p2a: Incineroar|U-turn|p1a: \u94f6\u6bdb\u6ee1\u8eab\n|-damage|p1a: \u94f6\u6bdb\u6ee1\u8eab|7/100\n|\n|t:|1774607188\n|switch|p2a: Iron Treads|Iron Treads, L50|100/100|[from] U-turn\n|-activate|p2a: Iron Treads|ability: Quark Drive\n|-start|p2a: Iron Treads|quarkdrivespe\n|\n|-weather|SunnyDay|[upkeep]\n|-heal|p2b: Calyrex|90/100 brn|[from] item: Leftovers\n|-damage|p1a: \u94f6\u6bdb\u6ee1\u8eab|0 fnt|[from] Leech Seed|[of] p2b: Calyrex\n|-heal|p2b: Calyrex|96/100 brn|[silent]\n|faint|p1a: \u94f6\u6bdb\u6ee1\u8eab\n|-damage|p2b: Calyrex|90/100 brn|[from] brn\n|upkeep\n|\n|t:|1774607196\n|switch|p1a: P\u56fa\u771f\u5927|Groudon, L50, shiny|57/100\n|turn|5\n|\n|t:|1774607210\n|-end|p2a: Iron Treads|Quark Drive|[silent]\n|switch|p2a: Incineroar|Incineroar, L50, M, tera:Bug|100/100 par\n|-ability|p2a: Incineroar|Intimidate|boost\n|-unboost|p1a: P\u56fa\u771f\u5927|atk|1\n|-unboost|p1b: \u629b\u5f00\u864e\u54e5\u54ee\u7a74|atk|1\n|switch|p1a: \u5927\u6ce2\u597d\u8d62\u8361|Walking Wake, L50|100/100\n|-activate|p1a: \u5927\u6ce2\u597d\u8d62\u8361|ability: Protosynthesis\n|-start|p1a: \u5927\u6ce2\u597d\u8d62\u8361|protosynthesisspe\n|move|p1b: \u629b\u5f00\u864e\u54e5\u54ee\u7a74|Flare Blitz|p2a: Incineroar\n|-supereffective|p2a: Incineroar\n|-damage|p2a: Incineroar|28/100 par\n|-damage|p1b: \u629b\u5f00\u864e\u54e5\u54ee\u7a74|73/100|[from] Recoil\n|move|p2b: Calyrex|Leech Seed|p1a: \u5927\u6ce2\u597d\u8d62\u8361|[miss]\n|-miss|p2b: Calyrex|p1a: \u5927\u6ce2\u597d\u8d62\u8361\n|\n|-weather|none\n|-end|p1a: \u5927\u6ce2\u597d\u8d62\u8361|Protosynthesis\n|-heal|p2b: Calyrex|96/100 brn|[from] item: Leftovers\n|-damage|p2b: Calyrex|90/100 brn|[from] brn\n|-fieldend|move: Electric Terrain\n|upkeep\n|turn|6\n|inactive|Highkage2 has 30 seconds left.\n|inactive|Highkage2 has 20 seconds left.\n|inactive|Highkage2 has 15 seconds left.\n|inactive|Highkage2 has 10 seconds left.\n|\n|t:|1774607255\n|move|p1a: \u5927\u6ce2\u597d\u8d62\u8361|Protect|p1a: \u5927\u6ce2\u597d\u8d62\u8361\n|-singleturn|p1a: \u5927\u6ce2\u597d\u8d62\u8361|Protect\n|move|p1b: \u629b\u5f00\u864e\u54e5\u54ee\u7a74|Knock Off|p2b: Calyrex\n|-supereffective|p2b: Calyrex\n|-damage|p2b: Calyrex|60/100 brn\n|-enditem|p2b: Calyrex|Leftovers|[from] move: Knock Off|[of] p1b: \u629b\u5f00\u864e\u54e5\u54ee\u7a74\n|move|p2b: Calyrex|Leech Seed|p1a: \u5927\u6ce2\u597d\u8d62\u8361\n|-activate|p1a: \u5927\u6ce2\u597d\u8d62\u8361|move: Protect\n|move|p2a: Incineroar|Knock Off|p1a: \u5927\u6ce2\u597d\u8d62\u8361\n|-activate|p1a: \u5927\u6ce2\u597d\u8d62\u8361|move: Protect\n|\n|-damage|p2b: Calyrex|54/100 brn|[from] brn\n|upkeep\n|turn|7\n|-message|Highkage2 forfeited.\n|\n|win|dasabe\u76d6\u6b27\u5361\u4fa0\n|raw|dasabe\u76d6\u6b27\u5361\u4fa0's rating: 1634 &rarr; <strong>1648</strong><br />(+14 for winning)\n|raw|Highkage2's rating: 1530 &rarr; <strong>1516</strong><br />(-14 for losing)\n|l|\u203dHighkage2\n|player|p2|\n|j| yandoubuyanle\u5e7d\u5c3e\u7384\u9c7c\u4fa0\n|j| QUQeeee\n|l|\u2606dasabe\u76d6\u6b27\u5361\u4fa0\n|player|p1|\n|j| Meng Yan come\n|l| Meng Yan come\n|j|\u2606dasabe\u76d6\u6b27\u5361\u4fa0\n|player|p1|dasabe\u76d6\u6b27\u5361\u4fa0|may-masters4|\n","uploadtime":1774607409,"views":17,"formatid":"gen9vgc2026regi","rating":1516,"private":0,"password":null}