{"id":"gen9vgc2026regi-2541009101","format":"[Gen 9] VGC 2026 Reg I","players":["ImEnigmaa_","j0l0k0"],"log":"|j|\u2606ImEnigmaa_\n|j|\u2606j0l0k0\n|t:|1771275817\n|gametype|doubles\n|player|p1|ImEnigmaa_|benga|1490\n|player|p2|j0l0k0|brycen|1459\n|gen|9\n|tier|[Gen 9] VGC 2026 Reg I\n|rated|\n|rule|Species Clause: Limit one of each Pok\u00e9mon\n|rule|Item Clause: Limit 1 of each item\n|clearpoke\n|poke|p1|Calyrex-Ice, L50|\n|poke|p1|Groudon, L50|\n|poke|p1|Flutter Mane, L50|\n|poke|p1|Raging Bolt, L50|\n|poke|p1|Brute Bonnet, L50|\n|poke|p1|Incineroar, L50, F|\n|poke|p2|Calyrex-Ice, L50|\n|poke|p2|Kyogre, L50|\n|poke|p2|Indeedee-F, L50, F|\n|poke|p2|Urshifu-*, L50, F|\n|poke|p2|Amoonguss, L50, F|\n|poke|p2|Landorus, L50, M|\n|teampreview|4\n|inactive|Battle timer is ON: inactive players will automatically lose when time's up. (requested by ImEnigmaa_)\n|inactive|j0l0k0 also wants the timer to be on.\n|\n|t:|1771275834\n|teamsize|p1|4\n|teamsize|p2|4\n|start\n|switch|p1a: Chicken Jockey|Calyrex-Ice, L50|100/100\n|switch|p1b: Inceliroar|Incineroar, L50, F, shiny|100/100\n|switch|p2a: Indeedee|Indeedee-F, L50, F, shiny|100/100\n|switch|p2b: Calyrex|Calyrex-Ice, L50|100/100\n|-ability|p1a: Chicken Jockey|As One\n|-ability|p1a: Chicken Jockey|Unnerve\n|-ability|p2b: Calyrex|As One\n|-ability|p2b: Calyrex|Unnerve\n|-fieldstart|move: Psychic Terrain|[from] ability: Psychic Surge|[of] p2a: Indeedee\n|-ability|p1b: Inceliroar|Intimidate|boost\n|-unboost|p2a: Indeedee|atk|1\n|-fail|p2b: Calyrex|unboost|[from] item: Clear Amulet|[of] p2b: Calyrex\n|turn|1\n|\n|t:|1771275856\n|move|p2a: Indeedee|Follow Me|p2a: Indeedee\n|-singleturn|p2a: Indeedee|move: Follow Me\n|move|p1a: Chicken Jockey|Imprison|p1a: Chicken Jockey\n|-start|p1a: Chicken Jockey|move: Imprison\n|move|p1b: Inceliroar|Knock Off|p2a: Indeedee\n|-supereffective|p2a: Indeedee\n|-damage|p2a: Indeedee|11/100\n|-enditem|p2a: Indeedee|Safety Goggles|[from] move: Knock Off|[of] p1b: Inceliroar\n|cant|p2b: Calyrex|move: Imprison|Trick Room\n|\n|upkeep\n|turn|2\n|\n|t:|1771275876\n|move|p2a: Indeedee|Follow Me|p2a: Indeedee\n|-singleturn|p2a: Indeedee|move: Follow Me\n|move|p1a: Chicken Jockey|Glacial Lance|p2a: Indeedee|[spread] p2a,p2b\n|-resisted|p2b: Calyrex\n|-damage|p2a: Indeedee|0 fnt\n|-damage|p2b: Calyrex|83/100\n|faint|p2a: Indeedee\n|-ability|p1a: Chicken Jockey|Chilling Neigh|boost\n|-boost|p1a: Chicken Jockey|atk|1\n|move|p1b: Inceliroar|Knock Off|p2b: Calyrex\n|-supereffective|p2b: Calyrex\n|-damage|p2b: Calyrex|37/100\n|-enditem|p2b: Calyrex|Clear Amulet|[from] move: Knock Off|[of] p1b: Inceliroar\n|move|p2b: Calyrex|Close Combat|p1b: Inceliroar\n|-supereffective|p1b: Inceliroar\n|-damage|p1b: Inceliroar|26/100\n|-unboost|p2b: Calyrex|def|1\n|-unboost|p2b: Calyrex|spd|1\n|-damage|p2b: Calyrex|20/100|[from] item: Rocky Helmet|[of] p1b: Inceliroar\n|\n|upkeep\n|\n|t:|1771275893\n|switch|p2a: Kyogre|Kyogre, L50, shiny|100/100\n|-weather|RainDance|[from] ability: Drizzle|[of] p2a: Kyogre\n|turn|3\n|\n|t:|1771275908\n|switch|p1b: Biggest Sucker|Brute Bonnet, L50, shiny|100/100\n|-terastallize|p1a: Chicken Jockey|Water\n|move|p2a: Kyogre|Water Spout|p1a: Chicken Jockey|[spread] p1a,p1b\n|-resisted|p1a: Chicken Jockey\n|-resisted|p1b: Biggest Sucker\n|-damage|p1a: Chicken Jockey|65/100\n|-damage|p1b: Biggest Sucker|64/100\n|move|p1a: Chicken Jockey|Glacial Lance|p2a: Kyogre|[spread] p2a,p2b\n|-resisted|p2a: Kyogre\n|-resisted|p2b: Calyrex\n|-damage|p2a: Kyogre|62/100\n|-damage|p2b: Calyrex|0 fnt\n|faint|p2b: Calyrex\n|-ability|p1a: Chicken Jockey|Chilling Neigh|boost\n|-boost|p1a: Chicken Jockey|atk|1\n|\n|-weather|RainDance|[upkeep]\n|upkeep\n|\n|t:|1771275922\n|switch|p2b: Landorus|Landorus, L50, M, shiny|100/100\n|turn|4\n|\n|t:|1771275940\n|-terastallize|p2a: Kyogre|Grass\n|move|p1a: Chicken Jockey|Protect|p1a: Chicken Jockey\n|-singleturn|p1a: Chicken Jockey|Protect\n|move|p2a: Kyogre|Thunder|p1a: Chicken Jockey\n|-activate|p1a: Chicken Jockey|move: Protect\n|move|p2b: Landorus|Sludge Bomb|p1b: Biggest Sucker\n|-supereffective|p1b: Biggest Sucker\n|-damage|p1b: Biggest Sucker|0 fnt\n|faint|p1b: Biggest Sucker\n|-end|p1b: Biggest Sucker|Protosynthesis|[silent]\n|\n|-weather|RainDance|[upkeep]\n|upkeep\n|\n|t:|1771275950\n|switch|p1b: Gordon|Groudon, L50, shiny|100/100\n|-weather|SunnyDay|[from] ability: Drought|[of] p1b: Gordon\n|turn|5\n|\n|t:|1771275959\n|move|p1b: Gordon|Heat Crash|p2a: Kyogre\n|-supereffective|p2a: Kyogre\n|-damage|p2a: Kyogre|1/100\n|move|p2a: Kyogre|Thunder|p1a: Chicken Jockey\n|-supereffective|p1a: Chicken Jockey\n|-damage|p1a: Chicken Jockey|2/100\n|-status|p1a: Chicken Jockey|par\n|move|p2b: Landorus|Sandsear Storm|p1b: Gordon|[spread] p1a\n|-miss|p2b: Landorus|p1b: Gordon\n|-damage|p1a: Chicken Jockey|0 fnt\n|faint|p1a: Chicken Jockey\n|\n|-weather|SunnyDay|[upkeep]\n|-fieldend|move: Psychic Terrain\n|upkeep\n|j| riyuezi\n|\n|t:|1771275972\n|switch|p1a: Inceliroar|Incineroar, L50, F, shiny|26/100\n|-ability|p1a: Inceliroar|Intimidate|boost\n|-unboost|p2a: Kyogre|atk|1\n|-unboost|p2b: Landorus|atk|1\n|turn|6\n|\n|t:|1771275981\n|move|p1a: Inceliroar|Fake Out|p2a: Kyogre\n|-damage|p2a: Kyogre|0 fnt\n|faint|p2a: Kyogre\n|move|p1b: Gordon|Stone Edge|p2b: Landorus\n|-damage|p2b: Landorus|60/100\n|move|p2b: Landorus|Sandsear Storm|p1a: Inceliroar|[spread] p1a,p1b\n|-supereffective|p1a: Inceliroar\n|-damage|p1a: Inceliroar|0 fnt\n|-damage|p1b: Gordon|36/100\n|faint|p1a: Inceliroar\n|\n|-weather|SunnyDay|[upkeep]\n|upkeep\n|turn|7\n|\n|t:|1771275991\n|move|p1b: Gordon|Heat Crash|p2b: Landorus\n|-damage|p2b: Landorus|0 fnt\n|faint|p2b: Landorus\n|\n|win|ImEnigmaa_\n|raw|ImEnigmaa_'s rating: 1490 &rarr; <strong>1508</strong><br />(+18 for winning)\n|raw|j0l0k0's rating: 1459 &rarr; <strong>1441</strong><br />(-18 for losing)\n|l|\u2606j0l0k0\n|player|p2|\n|l|\u2606ImEnigmaa_\n|player|p1|\n|l| riyuezi\n|j| riyuezi\n|l| riyuezi\n","uploadtime":1771276161,"views":36,"formatid":"gen9vgc2026regi","rating":1441,"private":0,"password":null}