{"id":"gen9vgc2026regi-2535293977","format":"[Gen 9] VGC 2026 Reg I","players":["j0l0k0","lilcardscammer"],"log":"|j|\u2606j0l0k0\n|j|\u2606lilcardscammer\n|t:|1770546299\n|gametype|doubles\n|player|p1|j0l0k0|brycen|1463\n|player|p2|lilcardscammer|waitress-gen4|1339\n|gen|9\n|tier|[Gen 9] VGC 2026 Reg I\n|rated|\n|rule|Species Clause: Limit one of each Pok\u00e9mon\n|rule|Item Clause: Limit 1 of each item\n|clearpoke\n|poke|p1|Calyrex-Ice, L50|\n|poke|p1|Kyogre, L50|\n|poke|p1|Indeedee-F, L50, F|\n|poke|p1|Urshifu-*, L50, F|\n|poke|p1|Amoonguss, L50, F|\n|poke|p1|Landorus, L50, M|\n|poke|p2|Lunala, L50|\n|poke|p2|Koraidon, L50|\n|poke|p2|Chi-Yu, L50|\n|poke|p2|Flutter Mane, L50|\n|poke|p2|Brute Bonnet, L50|\n|poke|p2|Ursaluna, L50, F|\n|teampreview|4\n|inactive|Battle timer is ON: inactive players will automatically lose when time's up. (requested by lilcardscammer)\n|inactive|j0l0k0 also wants the timer to be on.\n|\n|t:|1770546317\n|teamsize|p1|4\n|teamsize|p2|4\n|start\n|switch|p1a: Indeedee|Indeedee-F, L50, F, shiny|100/100\n|switch|p1b: Calyrex|Calyrex-Ice, L50|100/100\n|switch|p2a: glasya|Lunala, L50, shiny|100/100\n|switch|p2b: 2k2d tyrant barrel|Chi-Yu, L50, shiny|100/100\n|-ability|p1b: Calyrex|As One\n|-ability|p1b: Calyrex|Unnerve\n|-ability|p2b: 2k2d tyrant barrel|Beads of Ruin\n|-fieldstart|move: Psychic Terrain|[from] ability: Psychic Surge|[of] p1a: Indeedee\n|turn|1\n|\n|t:|1770546332\n|-terastallize|p1b: Calyrex|Normal\n|move|p2b: 2k2d tyrant barrel|Snarl|p1b: Calyrex|[spread] p1a,p1b\n|-supereffective|p1a: Indeedee\n|-damage|p1a: Indeedee|42/100\n|-damage|p1b: Calyrex|77/100\n|-unboost|p1a: Indeedee|spa|1\n|move|p2a: glasya|Meteor Beam||[still]\n|-prepare|p2a: glasya|Meteor Beam\n|-boost|p2a: glasya|spa|1\n|-enditem|p2a: glasya|Power Herb\n|-anim|p2a: glasya|Meteor Beam|p1b: Calyrex\n|-damage|p1b: Calyrex|20/100\n|move|p1b: Calyrex|Glacial Lance|p2a: glasya|[spread] p2a,p2b\n|-crit|p2a: glasya\n|-resisted|p2b: 2k2d tyrant barrel\n|-damage|p2a: glasya|65/100\n|-damage|p2b: 2k2d tyrant barrel|55/100\n|move|p1a: Indeedee|Trick Room|p1a: Indeedee\n|-fieldstart|move: Trick Room|[of] p1a: Indeedee\n|\n|upkeep\n|turn|2\n|\n|t:|1770546350\n|switch|p2b: lemon glow|Brute Bonnet, L50, shiny|100/100\n|move|p2a: glasya|Wide Guard|p2a: glasya\n|-singleturn|p2a: glasya|Wide Guard\n|move|p1a: Indeedee|Follow Me|p1a: Indeedee\n|-singleturn|p1a: Indeedee|move: Follow Me\n|move|p1b: Calyrex|Crunch|p2a: glasya\n|-supereffective|p2a: glasya\n|-damage|p2a: glasya|0 fnt\n|faint|p2a: glasya\n|-ability|p1b: Calyrex|Chilling Neigh|boost\n|-boost|p1b: Calyrex|atk|1\n|\n|upkeep\n|\n|t:|1770546357\n|switch|p2a: LOCKHEED|Koraidon, L50, shiny|100/100\n|-weather|SunnyDay|[from] ability: Orichalcum Pulse|[of] p2a: LOCKHEED\n|-activate|p2b: lemon glow|ability: Protosynthesis\n|-start|p2b: lemon glow|protosynthesisdef\n|-activate|p2a: LOCKHEED|Orichalcum Pulse|[source]\n|turn|3\n|\n|t:|1770546377\n|-terastallize|p2b: lemon glow|Water\n|move|p2a: LOCKHEED|Protect|p2a: LOCKHEED\n|-singleturn|p2a: LOCKHEED|Protect\n|move|p1a: Indeedee|Follow Me|p1a: Indeedee\n|-singleturn|p1a: Indeedee|move: Follow Me\n|move|p1b: Calyrex|Glacial Lance|p2a: LOCKHEED|[spread] p2b\n|-activate|p2a: LOCKHEED|move: Protect\n|-resisted|p2b: lemon glow\n|-damage|p2b: lemon glow|76/100\n|move|p2b: lemon glow|Pollen Puff|p1a: Indeedee\n|-supereffective|p1a: Indeedee\n|-damage|p1a: Indeedee|15/100\n|\n|-weather|SunnyDay|[upkeep]\n|upkeep\n|turn|4\n|\n|t:|1770546396\n|switch|p2a: 2k2d tyrant barrel|Chi-Yu, L50, shiny|55/100\n|-ability|p2a: 2k2d tyrant barrel|Beads of Ruin\n|move|p1a: Indeedee|Follow Me|p1a: Indeedee\n|-singleturn|p1a: Indeedee|move: Follow Me\n|move|p1b: Calyrex|Glacial Lance|p2b: lemon glow|[spread] p2a,p2b\n|-resisted|p2a: 2k2d tyrant barrel\n|-resisted|p2b: lemon glow\n|-damage|p2a: 2k2d tyrant barrel|0 fnt\n|-damage|p2b: lemon glow|53/100\n|faint|p2a: 2k2d tyrant barrel\n|-ability|p1b: Calyrex|Chilling Neigh|boost\n|-boost|p1b: Calyrex|atk|1\n|move|p2b: lemon glow|Pollen Puff|p1a: Indeedee\n|-supereffective|p1a: Indeedee\n|-damage|p1a: Indeedee|0 fnt\n|faint|p1a: Indeedee\n|\n|-weather|SunnyDay|[upkeep]\n|upkeep\n|\n|t:|1770546408\n|switch|p1a: Kyogre|Kyogre, L50, shiny|100/100\n|switch|p2a: LOCKHEED|Koraidon, L50, shiny|100/100\n|-weather|RainDance|[from] ability: Drizzle|[of] p1a: Kyogre\n|-end|p2b: lemon glow|Protosynthesis\n|-weather|SunnyDay|[from] ability: Orichalcum Pulse|[of] p2a: LOCKHEED\n|-activate|p2b: lemon glow|ability: Protosynthesis\n|-start|p2b: lemon glow|protosynthesisdef\n|-activate|p2a: LOCKHEED|Orichalcum Pulse|[source]\n|turn|5\n|\n|t:|1770546430\n|move|p2a: LOCKHEED|Protect|p2a: LOCKHEED\n|-singleturn|p2a: LOCKHEED|Protect\n|move|p1b: Calyrex|Close Combat|p2b: lemon glow\n|-damage|p2b: lemon glow|3/100\n|-unboost|p1b: Calyrex|def|1\n|-unboost|p1b: Calyrex|spd|1\n|-damage|p1b: Calyrex|3/100|[from] item: Rocky Helmet|[of] p2b: lemon glow\n|move|p2b: lemon glow|Pollen Puff|p1b: Calyrex\n|-damage|p1b: Calyrex|0 fnt\n|faint|p1b: Calyrex\n|move|p1a: Kyogre|Ice Beam|p2a: LOCKHEED\n|-activate|p2a: LOCKHEED|move: Protect\n|\n|-weather|SunnyDay|[upkeep]\n|-fieldend|move: Trick Room\n|-fieldend|move: Psychic Terrain\n|upkeep\n|\n|t:|1770546433\n|switch|p1b: Urshifu|Urshifu, L50, F|100/100\n|turn|6\n|\n|t:|1770546448\n|move|p2b: lemon glow|Rage Powder|p2b: lemon glow\n|-singleturn|p2b: lemon glow|move: Rage Powder\n|move|p2a: LOCKHEED|Close Combat|p1a: Kyogre\n|-damage|p1a: Kyogre|0 fnt\n|-unboost|p2a: LOCKHEED|def|1\n|-unboost|p2a: LOCKHEED|spd|1\n|faint|p1a: Kyogre\n|-damage|p2a: LOCKHEED|91/100|[from] item: Life Orb\n|move|p1b: Urshifu|Wicked Blow|p2b: lemon glow\n|-crit|p2b: lemon glow\n|-damage|p2b: lemon glow|0 fnt\n|-damage|p1b: Urshifu|84/100|[from] item: Rocky Helmet|[of] p2b: lemon glow\n|faint|p2b: lemon glow\n|-end|p2b: lemon glow|Protosynthesis|[silent]\n|\n|-weather|SunnyDay|[upkeep]\n|upkeep\n|turn|7\n|\n|t:|1770546458\n|move|p2a: LOCKHEED|Close Combat|p1b: Urshifu\n|-supereffective|p1b: Urshifu\n|-damage|p1b: Urshifu|0 fnt\n|-unboost|p2a: LOCKHEED|def|1\n|-unboost|p2a: LOCKHEED|spd|1\n|faint|p1b: Urshifu\n|-damage|p2a: LOCKHEED|81/100|[from] item: Life Orb\n|\n|win|lilcardscammer\n|raw|j0l0k0's rating: 1463 &rarr; <strong>1436</strong><br />(-27 for losing)\n|raw|lilcardscammer's rating: 1339 &rarr; <strong>1366</strong><br />(+27 for winning)\n|l|\u2606j0l0k0\n|player|p1|\n","uploadtime":1770546641,"views":19,"formatid":"gen9vgc2026regi","rating":1366,"private":0,"password":null}