{"id":"gen9vgc2026regi-2519953932","format":"[Gen 9] VGC 2026 Reg I","players":["ninjafrog666","kojimuranishi"],"log":"|j|\u2606ninjafrog666\n|j|\u2606kojimuranishi\n|t:|1768574262\n|gametype|doubles\n|player|p1|ninjafrog666|169|1374\n|player|p2|kojimuranishi|102|1544\n|gen|9\n|tier|[Gen 9] VGC 2026 Reg I\n|rated|\n|rule|Species Clause: Limit one of each Pok\u00e9mon\n|rule|Item Clause: Limit 1 of each item\n|clearpoke\n|poke|p1|Lunala, L50|\n|poke|p1|Raging Bolt, L50|\n|poke|p1|Incineroar, L50, F|\n|poke|p1|Whimsicott, L50, M|\n|poke|p1|Kingambit, L50, M|\n|poke|p1|Koraidon, L50|\n|poke|p2|Miraidon, L50|\n|poke|p2|Lunala, L50|\n|poke|p2|Chien-Pao, L50|\n|poke|p2|Dragonite, L50, F|\n|poke|p2|Ursaluna, L50, F|\n|poke|p2|Urshifu-*, L50, F|\n|teampreview|4\n|inactive|Battle timer is ON: inactive players will automatically lose when time's up. (requested by kojimuranishi)\n|\n|t:|1768574285\n|teamsize|p1|4\n|teamsize|p2|4\n|start\n|switch|p1a: Kingambit|Kingambit, L50, M|100/100\n|switch|p1b: Incineroar|Incineroar, L50, F|100/100\n|switch|p2a: Lunala|Lunala, L50|100/100\n|switch|p2b: Chien-Pao|Chien-Pao, L50|100/100\n|-ability|p2b: Chien-Pao|Sword of Ruin\n|-ability|p1b: Incineroar|Intimidate|boost\n|-unboost|p2a: Lunala|atk|1\n|-unboost|p2b: Chien-Pao|atk|1\n|turn|1\n|inactive|kojimuranishi has 30 seconds left.\n|\n|t:|1768574317\n|switch|p2b: Ursaluna|Ursaluna, L50, F|100/100\n|move|p1a: Kingambit|Protect|p1a: Kingambit\n|-singleturn|p1a: Kingambit|Protect\n|move|p2a: Lunala|Meteor Beam||[still]\n|-prepare|p2a: Lunala|Meteor Beam\n|-boost|p2a: Lunala|spa|1\n|-enditem|p2a: Lunala|Power Herb\n|-anim|p2a: Lunala|Meteor Beam|p1b: Incineroar\n|-supereffective|p1b: Incineroar\n|-damage|p1b: Incineroar|0 fnt\n|faint|p1b: Incineroar\n|\n|-status|p2b: Ursaluna|brn|[from] item: Flame Orb\n|upkeep\n|\n|t:|1768574328\n|switch|p1b: Koraidon|Koraidon, L50|100/100\n|-weather|SunnyDay|[from] ability: Orichalcum Pulse|[of] p1b: Koraidon\n|-activate|p1b: Koraidon|Orichalcum Pulse|[source]\n|turn|2\n|\n|t:|1768574345\n|move|p1b: Koraidon|Collision Course|p2b: Ursaluna\n|-supereffective|p2b: Ursaluna\n|-damage|p2b: Ursaluna|0 fnt\n|faint|p2b: Ursaluna\n|move|p2a: Lunala|Moongeist Beam|p1b: Koraidon\n|-damage|p1b: Koraidon|19/100\n|move|p1a: Kingambit|Kowtow Cleave|p2a: Lunala\n|-supereffective|p2a: Lunala\n|-damage|p2a: Lunala|7/100\n|\n|-weather|SunnyDay|[upkeep]\n|upkeep\n|\n|t:|1768574359\n|switch|p2b: Miraidon|Miraidon, L50|100/100\n|-fieldstart|move: Electric Terrain|[from] ability: Hadron Engine|[of] p2b: Miraidon\n|turn|3\n|\n|t:|1768574372\n|switch|p2a: Chien-Pao|Chien-Pao, L50|100/100\n|-ability|p2a: Chien-Pao|Sword of Ruin\n|move|p1a: Kingambit|Sucker Punch||[still]\n|-fail|p1a: Kingambit\n|move|p2b: Miraidon|Volt Switch|p1b: Koraidon\n|-resisted|p1b: Koraidon\n|-damage|p1b: Koraidon|0 fnt\n|faint|p1b: Koraidon\n|\n|t:|1768574382\n|switch|p2b: Lunala|Lunala, L50|7/100|[from] Volt Switch\n|\n|-weather|SunnyDay|[upkeep]\n|upkeep\n|\n|t:|1768574386\n|switch|p1b: Lunala|Lunala, L50|100/100\n|turn|4\n|inactive|kojimuranishi has 30 seconds left.\n|\n|t:|1768574413\n|-terastallize|p1b: Lunala|Fairy\n|move|p2a: Chien-Pao|Crunch|p1b: Lunala\n|-resisted|p1b: Lunala\n|-damage|p1b: Lunala|87/100\n|-damage|p2a: Chien-Pao|91/100|[from] item: Life Orb\n|move|p1b: Lunala|Icy Wind|p2b: Lunala|[spread] p2a,p2b\n|-resisted|p2a: Chien-Pao\n|-damage|p2a: Chien-Pao|78/100\n|-damage|p2b: Lunala|0 fnt\n|-unboost|p2a: Chien-Pao|spe|1\n|faint|p2b: Lunala\n|move|p1a: Kingambit|Iron Head|p2a: Chien-Pao\n|-supereffective|p2a: Chien-Pao\n|-damage|p2a: Chien-Pao|0 fnt\n|faint|p2a: Chien-Pao\n|\n|-weather|SunnyDay|[upkeep]\n|upkeep\n|\n|t:|1768574431\n|switch|p2b: Miraidon|Miraidon, L50|100/100\n|-activate|p2b: Miraidon|ability: Hadron Engine\n|turn|5\n|\n|t:|1768574442\n|-terastallize|p2b: Miraidon|Electric\n|move|p2b: Miraidon|Electro Drift|p1b: Lunala\n|-damage|p1b: Lunala|0 fnt\n|faint|p1b: Lunala\n|move|p1a: Kingambit|Kowtow Cleave|p2b: Miraidon\n|-damage|p2b: Miraidon|42/100\n|\n|-weather|SunnyDay|[upkeep]\n|upkeep\n|turn|6\n|\n|t:|1768574454\n|move|p1a: Kingambit|Sucker Punch|p2b: Miraidon\n|-damage|p2b: Miraidon|0 fnt\n|faint|p2b: Miraidon\n|\n|win|ninjafrog666\n|raw|ninjafrog666's rating: 1374 &rarr; <strong>1403</strong><br />(+29 for winning)\n|raw|kojimuranishi's rating: 1544 &rarr; <strong>1515</strong><br />(-29 for losing)\n|l|\u2606kojimuranishi\n|player|p2|\n|l|\u2606ninjafrog666\n|player|p1|\n","uploadtime":1768574614,"views":18,"formatid":"gen9vgc2026regi","rating":1403,"private":0,"password":null}