{"id":"gen9vgc2026regi-2563505784","format":"[Gen 9] VGC 2026 Reg I","players":["kfjtdhynd","pigs2fly"],"log":"|j|\u2606kfjtdhynd\n|j|\u2606pigs2fly\n|t:|1774032153\n|gametype|doubles\n|player|p1|kfjtdhynd|101|1592\n|player|p2|pigs2fly|dexio|1495\n|gen|9\n|tier|[Gen 9] VGC 2026 Reg I\n|rated|\n|rule|Species Clause: Limit one of each Pok\u00e9mon\n|rule|Item Clause: Limit 1 of each item\n|clearpoke\n|poke|p1|Lunala, L50|\n|poke|p1|Zacian-*, L50|\n|poke|p1|Urshifu-*, L50, M|\n|poke|p1|Rillaboom, L50, F|\n|poke|p1|Pelipper, L50, F|\n|poke|p1|Raging Bolt, L50|\n|poke|p2|Annihilape, L50, M|\n|poke|p2|Tornadus, L50, M|\n|poke|p2|Dondozo, L50, M|\n|poke|p2|Tatsugiri, L50, M|\n|poke|p2|Zacian-*, L50|\n|poke|p2|Kyogre, L50|\n|teampreview|4\nkfjtdhynd rejected open team sheets.\n|inactive|Battle timer is ON: inactive players will automatically lose when time's up. (requested by kfjtdhynd)\n|inactive|kfjtdhynd has 60 seconds left.\n|\n|t:|1774032190\n|teamsize|p1|4\n|teamsize|p2|4\n|start\n|switch|p1a: Pelipper|Pelipper, L50, F|100/100\n|switch|p1b: Lunala|Lunala, L50|100/100\n|switch|p2a: Zacian|Zacian-Crowned, L50, shiny|100/100\n|switch|p2b: Kyogre|Kyogre, L50|100/100\n|-ability|p2a: Zacian|Intrepid Sword|boost\n|-boost|p2a: Zacian|atk|1\n|-weather|RainDance|[from] ability: Drizzle|[of] p1a: Pelipper\n|turn|1\n|\n|t:|1774032213\n|move|p1b: Lunala|Protect|p1b: Lunala\n|-singleturn|p1b: Lunala|Protect\n|move|p2a: Zacian|Crunch|p1b: Lunala\n|-activate|p1b: Lunala|move: Protect\n|move|p1a: Pelipper|Tailwind|p1a: Pelipper\n|-sidestart|p1: kfjtdhynd|move: Tailwind\n|move|p2b: Kyogre|Ice Beam|p1b: Lunala\n|-activate|p1b: Lunala|move: Protect\n|\n|-weather|RainDance|[upkeep]\n|upkeep\n|turn|2\n|\n|t:|1774032231\n|-terastallize|p1b: Lunala|Fairy\n|move|p2a: Zacian|Protect|p2a: Zacian\n|-singleturn|p2a: Zacian|Protect\n|move|p1a: Pelipper|Hurricane|p2b: Kyogre\n|-damage|p2b: Kyogre|79/100\n|move|p1b: Lunala|Moongeist Beam|p2a: Zacian\n|-activate|p2a: Zacian|move: Protect\n|move|p2b: Kyogre|Origin Pulse|p1b: Lunala|[spread] p1a,p1b\n|-resisted|p1a: Pelipper\n|-damage|p1a: Pelipper|29/100\n|-damage|p1b: Lunala|76/100\n|\n|-weather|RainDance|[upkeep]\n|-heal|p1b: Lunala|82/100|[from] item: Leftovers\n|upkeep\n|turn|3\n|\n|t:|1774032248\n|move|p1b: Lunala|Protect|p1b: Lunala\n|-singleturn|p1b: Lunala|Protect\n|move|p1a: Pelipper|Weather Ball|p2a: Zacian\n|-damage|p2a: Zacian|53/100\n|move|p2a: Zacian|Behemoth Blade|p1b: Lunala\n|-activate|p1b: Lunala|move: Protect\n|move|p2b: Kyogre|Water Spout|p1a: Pelipper|[spread] p1a\n|-activate|p1b: Lunala|move: Protect\n|-resisted|p1a: Pelipper\n|-damage|p1a: Pelipper|0 fnt\n|faint|p1a: Pelipper\n|\n|-weather|RainDance|[upkeep]\n|-heal|p1b: Lunala|88/100|[from] item: Leftovers\n|upkeep\n|\n|t:|1774032253\n|switch|p1a: Urshifu|Urshifu-Rapid-Strike, L50, M|100/100\n|turn|4\n|\n|t:|1774032268\n|switch|p2a: Tatsugiri|Tatsugiri, L50, M|100/100\n|switch|p2b: Dondozo|Dondozo, L50, M|100/100\n|-activate|p2a: Tatsugiri|ability: Commander|[of] p2b: Dondozo\n|-boost|p2b: Dondozo|atk|2\n|-boost|p2b: Dondozo|spa|2\n|-boost|p2b: Dondozo|spe|2\n|-boost|p2b: Dondozo|def|2\n|-boost|p2b: Dondozo|spd|2\n|move|p1a: Urshifu|Surging Strikes|p2a: Tatsugiri|[miss]\n|-miss|p1a: Urshifu|p2a: Tatsugiri\n|move|p1b: Lunala|Moonblast|p2b: Dondozo\n|-damage|p2b: Dondozo|79/100\n|-unboost|p2b: Dondozo|spa|1\n|\n|-weather|RainDance|[upkeep]\n|-heal|p1b: Lunala|94/100|[from] item: Leftovers\n|-heal|p2b: Dondozo|85/100|[from] item: Leftovers\n|-sideend|p1: kfjtdhynd|move: Tailwind\n|upkeep\n|turn|5\n|\n|t:|1774032287\n|move|p1a: Urshifu|Surging Strikes|p2b: Dondozo\n|-resisted|p2b: Dondozo\n|-crit|p2b: Dondozo\n|-damage|p2b: Dondozo|73/100\n|-resisted|p2b: Dondozo\n|-crit|p2b: Dondozo\n|-damage|p2b: Dondozo|62/100\n|-resisted|p2b: Dondozo\n|-crit|p2b: Dondozo\n|-damage|p2b: Dondozo|50/100\n|-hitcount|p2b: Dondozo|3\n|move|p2b: Dondozo|Order Up|p1a: Urshifu\n|-damage|p1a: Urshifu|53/100\n|-boost|p2b: Dondozo|atk|1\n|move|p1b: Lunala|Moongeist Beam|p2b: Dondozo\n|-damage|p2b: Dondozo|27/100\n|\n|-weather|none\n|-heal|p2b: Dondozo|33/100|[from] item: Leftovers\n|-heal|p1b: Lunala|99/100|[from] item: Leftovers\n|upkeep\n|turn|6\n|\n|t:|1774032301\n|switch|p1a: Zacian|Zacian-Crowned, L50|100/100\n|-ability|p1a: Zacian|Intrepid Sword|boost\n|-boost|p1a: Zacian|atk|1\n|move|p2b: Dondozo|Earthquake|p1a: Zacian|[spread] p1a,p1b\n|-miss|p2b: Dondozo|p2a: Tatsugiri\n|-supereffective|p1a: Zacian\n|-damage|p1a: Zacian|16/100\n|-damage|p1b: Lunala|60/100\n|move|p1b: Lunala|Calm Mind|p1b: Lunala\n|-boost|p1b: Lunala|spa|1\n|-boost|p1b: Lunala|spd|1\n|\n|-heal|p2b: Dondozo|40/100|[from] item: Leftovers\n|-heal|p1b: Lunala|66/100|[from] item: Leftovers\n|upkeep\n|turn|7\n|\n|t:|1774032317\n|move|p1a: Zacian|Protect|p1a: Zacian\n|-singleturn|p1a: Zacian|Protect\n|move|p2b: Dondozo|Earthquake|p1b: Lunala|[spread] p1b\n|-miss|p2b: Dondozo|p2a: Tatsugiri\n|-activate|p1a: Zacian|move: Protect\n|-damage|p1b: Lunala|27/100\n|move|p1b: Lunala|Moongeist Beam|p2b: Dondozo\n|-damage|p2b: Dondozo|5/100\n|\n|-heal|p2b: Dondozo|11/100|[from] item: Leftovers\n|-heal|p1b: Lunala|33/100|[from] item: Leftovers\n|upkeep\n|turn|8\n|\n|t:|1774032331\n|move|p2b: Dondozo|Protect|p2b: Dondozo\n|-singleturn|p2b: Dondozo|Protect\n|move|p1a: Zacian|Sacred Sword|p2b: Dondozo\n|-activate|p2b: Dondozo|move: Protect\n|move|p1b: Lunala|Moonblast|p2b: Dondozo\n|-activate|p2b: Dondozo|move: Protect\n|\n|-heal|p2b: Dondozo|17/100|[from] item: Leftovers\n|-heal|p1b: Lunala|39/100|[from] item: Leftovers\n|upkeep\n|turn|9\n|\n|t:|1774032334\n|move|p1a: Zacian|Sacred Sword|p2b: Dondozo\n|-damage|p2b: Dondozo|0 fnt\n|faint|p2b: Dondozo\n|move|p1b: Lunala|Moonblast|p2a: Tatsugiri\n|-supereffective|p2a: Tatsugiri\n|-enditem|p2a: Tatsugiri|Focus Sash\n|-damage|p2a: Tatsugiri|1/100\n|-unboost|p2a: Tatsugiri|spa|1\n|\n|-heal|p1b: Lunala|45/100|[from] item: Leftovers\n|upkeep\n|\n|t:|1774032341\n|switch|p2b: Kyogre|Kyogre, L50|79/100\n|-weather|RainDance|[from] ability: Drizzle|[of] p2b: Kyogre\n|turn|10\n|\n|t:|1774032356\n|move|p2a: Tatsugiri|Helping Hand|p2b: Kyogre\n|-singleturn|p2b: Kyogre|Helping Hand|[of] p2a: Tatsugiri\n|move|p1a: Zacian|Behemoth Blade|p2a: Tatsugiri\n|-resisted|p2a: Tatsugiri\n|-crit|p2a: Tatsugiri\n|-damage|p2a: Tatsugiri|0 fnt\n|faint|p2a: Tatsugiri\n|move|p1b: Lunala|Moonblast|p2b: Kyogre\n|-damage|p2b: Kyogre|39/100\n|move|p2b: Kyogre|Origin Pulse|p1a: Zacian|[spread] p1b\n|-miss|p2b: Kyogre|p1a: Zacian\n|-damage|p1b: Lunala|0 fnt\n|faint|p1b: Lunala\n|\n|-weather|RainDance|[upkeep]\n|upkeep\n|\n|t:|1774032360\n|switch|p2a: Zacian|Zacian-Crowned, L50, shiny|53/100\n|switch|p1b: Urshifu|Urshifu-Rapid-Strike, L50, M|53/100\n|turn|11\n|\n|t:|1774032366\n|move|p1b: Urshifu|Surging Strikes|p2a: Zacian\n|-crit|p2a: Zacian\n|-damage|p2a: Zacian|27/100\n|-crit|p2a: Zacian\n|-damage|p2a: Zacian|0 fnt\n|faint|p2a: Zacian\n|-hitcount|p2: Zacian|2\n|move|p1a: Zacian|Play Rough|p2b: Kyogre\n|-damage|p2b: Kyogre|0 fnt\n|faint|p2b: Kyogre\n|\n|win|kfjtdhynd\n|raw|kfjtdhynd's rating: 1592 &rarr; <strong>1607</strong><br />(+15 for winning)\n|raw|pigs2fly's rating: 1495 &rarr; <strong>1480</strong><br />(-15 for losing)\n|l|\u2606kfjtdhynd\n|player|p1|\n|l|\u2606pigs2fly\n|player|p2|\n","uploadtime":1774032545,"views":11,"formatid":"gen9vgc2026regi","rating":1480,"private":0,"password":null}