{"id":"gen9vgc2026regi-2574811450","format":"[Gen 9] VGC 2026 Reg I","players":["Thetysonbear","blackred123"],"log":"|j|\u2606Thetysonbear\n|j|\u2606blackred123\n|t:|1775278003\n|gametype|doubles\n|player|p1|Thetysonbear|265|1231\n|player|p2|blackred123|iono-masters|1383\n|gen|9\n|tier|[Gen 9] VGC 2026 Reg I\n|rated|\n|rule|Species Clause: Limit one of each Pok\u00e9mon\n|rule|Item Clause: Limit 1 of each item\n|clearpoke\n|poke|p1|Calyrex-Ice, L50|\n|poke|p1|Lunala, L50|\n|poke|p1|Tornadus, L50, M|\n|poke|p1|Ursaluna-Bloodmoon, L50, M|\n|poke|p1|Ogerpon-Wellspring, L50, F|\n|poke|p1|Chi-Yu, L50|\n|poke|p2|Incineroar, L50, F|\n|poke|p2|Rillaboom, L50, M|\n|poke|p2|Landorus, L50, M|\n|poke|p2|Smeargle, L50, M|\n|poke|p2|Koraidon, L50|\n|poke|p2|Calyrex-Ice, L50|\n|teampreview|4\n|inactive|Battle timer is ON: inactive players will automatically lose when time's up. (requested by blackred123)\n|\n|t:|1775278029\n|teamsize|p1|4\n|teamsize|p2|4\n|start\n|switch|p1a: Lunala|Lunala, L50|100/100\n|switch|p1b: Ogerpon|Ogerpon-Wellspring, L50, F|100/100\n|switch|p2a: Calyrex|Calyrex-Ice, L50|100/100\n|switch|p2b: Smeargle|Smeargle, L50, M|100/100\n|-ability|p2a: Calyrex|As One\n|-ability|p2a: Calyrex|Unnerve\n|turn|1\n|\n|t:|1775278050\n|-terastallize|p2a: Calyrex|Fairy\n|move|p1a: Lunala|Wide Guard|p1a: Lunala\n|-singleturn|p1a: Lunala|Wide Guard\n|move|p2b: Smeargle|Ruination|p1a: Lunala|[miss]\n|-miss|p2b: Smeargle|p1a: Lunala\n|move|p1b: Ogerpon|U-turn|p2a: Calyrex\n|-resisted|p2a: Calyrex\n|-damage|p2a: Calyrex|90/100\n|\n|t:|1775278061\n|switch|p1b: Ursaluna|Ursaluna-Bloodmoon, L50, M|100/100|[from] U-turn\n|move|p2a: Calyrex|Glacial Lance|p1a: Lunala|[spread] \n|-activate|p1a: Lunala|move: Wide Guard\n|-activate|p1b: Ursaluna|move: Wide Guard\n|\n|-heal|p2a: Calyrex|96/100|[from] item: Leftovers\n|-ability|p2b: Smeargle|Moody|boost\n|-boost|p2b: Smeargle|def|2\n|-unboost|p2b: Smeargle|spd|1\n|upkeep\n|turn|2\n|\n|t:|1775278079\n|move|p2b: Smeargle|Spore|p1b: Ursaluna\n|-status|p1b: Ursaluna|slp|[from] move: Spore\n|move|p1a: Lunala|Tailwind|p1a: Lunala\n|-sidestart|p1: Thetysonbear|move: Tailwind\n|cant|p1b: Ursaluna|slp\n|move|p2a: Calyrex|Leech Seed|p1a: Lunala\n|-start|p1a: Lunala|move: Leech Seed\n|\n|-heal|p2a: Calyrex|100/100|[from] item: Leftovers\n|-damage|p1a: Lunala|88/100|[from] Leech Seed|[of] p2a: Calyrex\n|-ability|p2b: Smeargle|Moody|boost\n|-boost|p2b: Smeargle|spa|2\n|-unboost|p2b: Smeargle|atk|1\n|upkeep\n|turn|3\n|\n|t:|1775278104\n|switch|p1a: Ogerpon|Ogerpon-Wellspring, L50, F|100/100\n|cant|p1b: Ursaluna|slp\n|move|p2b: Smeargle|Spore|p1a: Ogerpon\n|-immune|p1a: Ogerpon\n|move|p2a: Calyrex|Trick Room|p2a: Calyrex\n|-fieldstart|move: Trick Room|[of] p2a: Calyrex\n|\n|-ability|p2b: Smeargle|Moody|boost\n|-boost|p2b: Smeargle|spd|2\n|-unboost|p2b: Smeargle|atk|1\n|upkeep\n|turn|4\n|\n|t:|1775278126\n|switch|p1b: Lunala|Lunala, L50|88/100\n|move|p1a: Ogerpon|Spiky Shield|p1a: Ogerpon\n|-singleturn|p1a: Ogerpon|move: Protect\n|move|p2a: Calyrex|Glacial Lance|p1a: Ogerpon|[spread] p1b\n|-activate|p1a: Ogerpon|move: Protect\n|-crit|p1b: Lunala\n|-damage|p1b: Lunala|28/100\n|move|p2b: Smeargle|Ruination|p1b: Lunala\n|-damage|p1b: Lunala|14/100\n|\n|-ability|p2b: Smeargle|Moody|boost\n|-boost|p2b: Smeargle|spd|2\n|-unboost|p2b: Smeargle|spa|1\n|upkeep\n|turn|5\n|\n|t:|1775278151\n|move|p2a: Calyrex|Leech Seed|p1b: Lunala\n|-start|p1b: Lunala|move: Leech Seed\n|move|p2b: Smeargle|Ruination|p1a: Ogerpon\n|-damage|p1a: Ogerpon|51/100\n|move|p1a: Ogerpon|Horn Leech|p2a: Calyrex\n|-damage|p2a: Calyrex|70/100\n|-heal|p1a: Ogerpon|68/100|[from] drain|[of] p2a: Calyrex\n|move|p1b: Lunala|Trick Room|p1b: Lunala\n|-fieldend|move: Trick Room\n|\n|-heal|p2a: Calyrex|76/100|[from] item: Leftovers\n|-damage|p1b: Lunala|2/100|[from] Leech Seed|[of] p2a: Calyrex\n|-heal|p2a: Calyrex|90/100|[silent]\n|-sideend|p1: Thetysonbear|move: Tailwind\n|-ability|p2b: Smeargle|Moody|boost\n|-boost|p2b: Smeargle|spd|2\n|-unboost|p2b: Smeargle|def|1\n|upkeep\n|turn|6\n|inactive|blackred123 has 30 seconds left.\n|\n|t:|1775278176\n|move|p2b: Smeargle|Spiky Shield|p2b: Smeargle\n|-singleturn|p2b: Smeargle|move: Protect\n|move|p1a: Ogerpon|Ivy Cudgel|p2b: Smeargle|[anim] Ivy Cudgel Water\n|-activate|p2b: Smeargle|move: Protect\n|move|p1b: Lunala|Moongeist Beam|p2a: Calyrex\n|-damage|p2a: Calyrex|64/100\n|move|p2a: Calyrex|Glacial Lance|p1b: Lunala|[spread] p1a,p1b\n|-damage|p1a: Ogerpon|8/100\n|-damage|p1b: Lunala|0 fnt\n|faint|p1b: Lunala\n|-ability|p2a: Calyrex|Chilling Neigh|boost\n|-boost|p2a: Calyrex|atk|1\n|\n|-heal|p2a: Calyrex|70/100|[from] item: Leftovers\n|-ability|p2b: Smeargle|Moody|boost\n|-boost|p2b: Smeargle|atk|2\n|-unboost|p2b: Smeargle|spa|1\n|upkeep\n|\n|t:|1775278199\n|switch|p1b: Calyrex|Calyrex-Ice, L50|100/100\n|-ability|p1b: Calyrex|As One\n|-ability|p1b: Calyrex|Unnerve\n|turn|7\n|\n|t:|1775278217\n|move|p2b: Smeargle|Spore|p1b: Calyrex\n|-status|p1b: Calyrex|slp|[from] move: Spore\n|move|p1a: Ogerpon|Horn Leech|p2a: Calyrex\n|-damage|p2a: Calyrex|38/100\n|-heal|p1a: Ogerpon|26/100|[from] drain|[of] p2a: Calyrex\n|move|p2a: Calyrex|Glacial Lance|p1a: Ogerpon|[spread] p1a,p1b\n|-resisted|p1b: Calyrex\n|-crit|p1b: Calyrex\n|-damage|p1a: Ogerpon|0 fnt\n|-damage|p1b: Calyrex|62/100 slp\n|faint|p1a: Ogerpon\n|-ability|p2a: Calyrex|Chilling Neigh|boost\n|-boost|p2a: Calyrex|atk|1\n|cant|p1b: Calyrex|slp\n|\n|-heal|p2a: Calyrex|43/100|[from] item: Leftovers\n|-ability|p2b: Smeargle|Moody|boost\n|-boost|p2b: Smeargle|atk|2\n|-unboost|p2b: Smeargle|spd|1\n|upkeep\n|\n|t:|1775278239\n|switch|p1a: Ursaluna|Ursaluna-Bloodmoon, L50, M|100/100 slp\n|turn|8\n|\n|t:|1775278244\n|-curestatus|p1a: Ursaluna|slp|[msg]\n|move|p1a: Ursaluna|Protect|p1a: Ursaluna\n|-singleturn|p1a: Ursaluna|Protect\n|cant|p1b: Calyrex|slp\n|move|p2b: Smeargle|Ruination|p1a: Ursaluna\n|-activate|p1a: Ursaluna|move: Protect\n|move|p2a: Calyrex|Glacial Lance|p1a: Ursaluna|[spread] p1b\n|-activate|p1a: Ursaluna|move: Protect\n|-resisted|p1b: Calyrex\n|-damage|p1b: Calyrex|29/100 slp\n|\n|-heal|p2a: Calyrex|49/100|[from] item: Leftovers\n|-ability|p2b: Smeargle|Moody|boost\n|-boost|p2b: Smeargle|spe|2\n|-unboost|p2b: Smeargle|spa|1\n|upkeep\n|turn|9\n|\n|t:|1775278265\n|move|p2b: Smeargle|Spore|p1a: Ursaluna\n|-status|p1a: Ursaluna|slp|[from] move: Spore\n|move|p2a: Calyrex|Glacial Lance|p1a: Ursaluna|[spread] p1a,p1b\n|-supereffective|p1a: Ursaluna\n|-resisted|p1b: Calyrex\n|-damage|p1a: Ursaluna|0 fnt\n|-damage|p1b: Calyrex|0 fnt\n|faint|p1a: Ursaluna\n|faint|p1b: Calyrex\n|\n|win|blackred123\n|raw|Thetysonbear's rating: 1231 &rarr; <strong>1216</strong><br />(-15 for losing)\n|raw|blackred123's rating: 1383 &rarr; <strong>1395</strong><br />(+12 for winning)\n|l|\u2606Thetysonbear\n|player|p1|\n","uploadtime":1775278278,"views":7,"formatid":"gen9vgc2026regi","rating":1216,"private":0,"password":null}