{"id":"gen9vgc2026regi-2558609437","format":"[Gen 9] VGC 2026 Reg I","players":["Cello L.","korean noob"],"log":"|j|\u2606Cello L.\n|j|\u2606korean noob\n|t:|1773453462\n|gametype|doubles\n|player|p1|Cello L.|cynthia-gen4|1386\n|player|p2|korean noob|2|1422\n|gen|9\n|tier|[Gen 9] VGC 2026 Reg I\n|rated|\n|rule|Species Clause: Limit one of each Pok\u00e9mon\n|rule|Item Clause: Limit 1 of each item\n|clearpoke\n|poke|p1|Terapagos, L50, M|\n|poke|p1|Calyrex-Shadow, L50|\n|poke|p1|Ogerpon-Cornerstone, L50, F|\n|poke|p1|Rillaboom, L50, M|\n|poke|p1|Incineroar, L50, F|\n|poke|p1|Amoonguss, L50, F|\n|poke|p2|Calyrex-Shadow, L50|\n|poke|p2|Smeargle, L50, F|\n|poke|p2|Muk-Alola, L50, F|\n|poke|p2|Flamigo, L50, M|\n|poke|p2|Carbink, L50|\n|poke|p2|Kyogre, L50|\n|teampreview|4\n|inactive|Battle timer is ON: inactive players will automatically lose when time's up. (requested by korean noob)\n|\n|t:|1773453489\n|teamsize|p1|4\n|teamsize|p2|4\n|start\n|switch|p1a: Terapagos|Terapagos, L50, M|100/100\n|switch|p1b: Amoonguss|Amoonguss, L50, F|100/100\n|switch|p2a: Calyrex|Calyrex-Shadow, L50|100/100\n|switch|p2b: Smeargle|Smeargle, L50, F, shiny|100/100\n|-activate|p1a: Terapagos|ability: Tera Shift\n|detailschange|p1a: Terapagos|Terapagos-Terastal, L50, M\n|-heal|p1a: Terapagos|100/100|[silent]\n|-ability|p2a: Calyrex|As One\n|-ability|p2a: Calyrex|Unnerve\n|turn|1\n|\n|t:|1773453511\n|-terastallize|p2a: Calyrex|Grass\n|move|p2b: Smeargle|Fake Out|p1a: Terapagos\n|-activate|p1a: Terapagos|ability: Tera Shell\n|-resisted|p1a: Terapagos\n|-damage|p1a: Terapagos|97/100\n|cant|p1a: Terapagos|flinch\n|move|p1b: Amoonguss|Spore|p2a: Calyrex\n|-immune|p2a: Calyrex\n|move|p2a: Calyrex|Trick Room|p2a: Calyrex\n|-fieldstart|move: Trick Room|[of] p2a: Calyrex\n|\n|-heal|p1a: Terapagos|100/100|[from] item: Leftovers\n|upkeep\n|turn|2\n|\n|t:|1773453527\n|move|p1b: Amoonguss|Spore|p2b: Smeargle\n|-status|p2b: Smeargle|slp|[from] move: Spore\n|move|p2a: Calyrex|Astral Barrage|p1b: Amoonguss|[spread] p1b\n|-immune|p1a: Terapagos\n|-damage|p1b: Amoonguss|47/100\n|cant|p2b: Smeargle|slp\n|move|p1a: Terapagos|Calm Mind|p1a: Terapagos\n|-boost|p1a: Terapagos|spa|1\n|-boost|p1a: Terapagos|spd|1\n|\n|upkeep\n|turn|3\n|\n|t:|1773453540\n|move|p1b: Amoonguss|Protect|p1b: Amoonguss\n|-singleturn|p1b: Amoonguss|Protect\n|move|p2a: Calyrex|Astral Barrage|p1b: Amoonguss|[spread] \n|-activate|p1b: Amoonguss|move: Protect\n|-immune|p1a: Terapagos\n|cant|p2b: Smeargle|slp\n|move|p1a: Terapagos|Calm Mind|p1a: Terapagos\n|-boost|p1a: Terapagos|spa|1\n|-boost|p1a: Terapagos|spd|1\n|\n|upkeep\n|turn|4\n|\n|t:|1773453561\n|-terastallize|p1a: Terapagos|Stellar\n|detailschange|p1a: Terapagos|Terapagos-Stellar, L50, M, tera:Stellar\n|-heal|p1a: Terapagos|100/100|[silent]\n|move|p1b: Amoonguss|Pollen Puff|p2a: Calyrex\n|-supereffective|p2a: Calyrex\n|-damage|p2a: Calyrex|60/100\n|move|p2a: Calyrex|Astral Barrage|p1b: Amoonguss|[spread] p1b\n|-immune|p1a: Terapagos\n|-damage|p1b: Amoonguss|1/100\n|cant|p2b: Smeargle|slp\n|move|p1a: Terapagos|Tera Starstorm|p2a: Calyrex|[spread] p2a,p2b\n|-supereffective|p2a: Calyrex\n|-damage|p2a: Calyrex|0 fnt\n|-damage|p2b: Smeargle|0 fnt\n|faint|p2a: Calyrex\n|faint|p2b: Smeargle\n|\n|upkeep\n|\n|t:|1773453577\n|switch|p2b: Carbink|Carbink, L50, shiny|100/100\n|switch|p2a: Kyogre|Kyogre, L50, shiny|100/100\n|-weather|RainDance|[from] ability: Drizzle|[of] p2a: Kyogre\n|turn|5\n|\n|t:|1773453584\n|move|p2b: Carbink|Moonblast|p1a: Terapagos\n|-damage|p1a: Terapagos|90/100\n|move|p2a: Kyogre|Water Spout|p1b: Amoonguss|[spread] p1a,p1b\n|-resisted|p1b: Amoonguss\n|-damage|p1a: Terapagos|53/100\n|-damage|p1b: Amoonguss|0 fnt\n|faint|p1b: Amoonguss\n|move|p1a: Terapagos|Tera Starstorm|p2b: Carbink|[spread] p2a,p2b\n|-crit|p2b: Carbink\n|-damage|p2a: Kyogre|51/100\n|-damage|p2b: Carbink|10/100\n|\n|-weather|RainDance|[upkeep]\n|-heal|p1a: Terapagos|60/100|[from] item: Leftovers\n|-fieldend|move: Trick Room\n|upkeep\n|\n|t:|1773453596\n|switch|p1b: Calyrex|Calyrex-Shadow, L50|100/100\n|-ability|p1b: Calyrex|As One\n|-ability|p1b: Calyrex|Unnerve\n|turn|6\n|-message|korean noob forfeited.\n|\n|win|Cello L.\n|raw|Cello L.'s rating: 1386 &rarr; <strong>1408</strong><br />(+22 for winning)\n|raw|korean noob's rating: 1422 &rarr; <strong>1400</strong><br />(-22 for losing)\n|l|\u2606korean noob\n|player|p2|\n|l|\u2606Cello L.\n|player|p1|\n","uploadtime":1773453836,"views":14,"formatid":"gen9vgc2026regi","rating":1400,"private":0,"password":null}