{"id":"gen9vgc2026regi-2570056095","format":"[Gen 9] VGC 2026 Reg I","players":["dasabe\u76d6\u6b27\u5361\u4fa0","1VLTSQ Joker"],"log":"|raw|<div class=\"broadcast-blue\"><strong>This battle is required to be public due to a player having a name starting with '1vltsq'.</div>\n|j|\u2606dasabe\u76d6\u6b27\u5361\u4fa0\n|j|\u26061VLTSQ Joker\n|t:|1774762609\n|gametype|doubles\n|player|p1|dasabe\u76d6\u6b27\u5361\u4fa0|may-masters4|1632\n|player|p2|1VLTSQ Joker|blue|1529\n|gen|9\n|tier|[Gen 9] VGC 2026 Reg I\n|rated|\n|rule|Species Clause: Limit one of each Pok\u00e9mon\n|rule|Item Clause: Limit 1 of each item\n|clearpoke\n|poke|p1|Kyogre, L50|\n|poke|p1|Miraidon, L50|\n|poke|p1|Whimsicott, L50, F|\n|poke|p1|Iron Hands, L50|\n|poke|p1|Farigiraf, L50, F|\n|poke|p1|Urshifu-*, L50, M|\n|poke|p2|Calyrex-Ice, L50|\n|poke|p2|Smeargle, L50, F|\n|poke|p2|Kyogre, L50|\n|poke|p2|Maushold, L50|\n|poke|p2|Volcarona, L50, F|\n|poke|p2|Flamigo, L50, F|\n|teampreview|4\n|\n|t:|1774762638\n|teamsize|p1|4\n|teamsize|p2|4\n|start\n|switch|p1a: \u6210\u90fd\u8001\u76d6|Kyogre, L50, shiny|100/100\n|switch|p1b: \u94f6\u91d1\u5996\u86c7|Miraidon, L50, shiny|100/100\n|switch|p2a: Calyrex|Calyrex-Ice, L50|100/100\n|switch|p2b: Smeargle|Smeargle, L50, F|100/100\n|-ability|p2a: Calyrex|As One\n|-ability|p2a: Calyrex|Unnerve\n|-fieldstart|move: Electric Terrain|[from] ability: Hadron Engine|[of] p1b: \u94f6\u91d1\u5996\u86c7\n|-weather|RainDance|[from] ability: Drizzle|[of] p1a: \u6210\u90fd\u8001\u76d6\n|turn|1\n|\n|t:|1774762668\n|switch|p1b: \u5c0f\u5934\u63a7\u5927\u5934|Farigiraf, L50, F, shiny|100/100\n|-enditem|p1b: \u5c0f\u5934\u63a7\u5927\u5934|Electric Seed\n|-boost|p1b: \u5c0f\u5934\u63a7\u5927\u5934|def|1|[from] item: Electric Seed\n|-terastallize|p1a: \u6210\u90fd\u8001\u76d6|Water\n|-terastallize|p2a: Calyrex|Grass\n|move|p2b: Smeargle|Fake Out||[still]\n|cant|p1b: \u5c0f\u5934\u63a7\u5927\u5934|ability: Armor Tail|Fake Out|[of] p2b: Smeargle\n|move|p1a: \u6210\u90fd\u8001\u76d6|Hydro Pump|p2a: Calyrex\n|-resisted|p2a: Calyrex\n|-damage|p2a: Calyrex|52/100\n|move|p2a: Calyrex|Glacial Lance|p1b: \u5c0f\u5934\u63a7\u5927\u5934|[spread] p1a,p1b\n|-resisted|p1a: \u6210\u90fd\u8001\u76d6\n|-damage|p1a: \u6210\u90fd\u8001\u76d6|70/100\n|-damage|p1b: \u5c0f\u5934\u63a7\u5927\u5934|67/100\n|\n|-weather|RainDance|[upkeep]\n|-ability|p2b: Smeargle|Moody|boost\n|-boost|p2b: Smeargle|spd|2\n|-unboost|p2b: Smeargle|def|1\n|upkeep\n|turn|2\n|\n|t:|1774762688\n|switch|p1a: \u624b\u94f6|Iron Hands, L50, shiny|100/100\n|-activate|p1a: \u624b\u94f6|ability: Quark Drive\n|-start|p1a: \u624b\u94f6|quarkdriveatk\n|move|p2b: Smeargle|Follow Me|p2b: Smeargle\n|-singleturn|p2b: Smeargle|move: Follow Me\n|move|p2a: Calyrex|Seed Bomb|p1a: \u624b\u94f6\n|-damage|p1a: \u624b\u94f6|69/100\n|move|p1b: \u5c0f\u5934\u63a7\u5927\u5934|Psychic|p2b: Smeargle\n|-damage|p2b: Smeargle|63/100\n|\n|-weather|RainDance|[upkeep]\n|-ability|p2b: Smeargle|Moody|boost\n|-boost|p2b: Smeargle|def|2\n|-unboost|p2b: Smeargle|spa|1\n|upkeep\n|turn|3\n|\n|t:|1774762707\n|switch|p2a: Maushold|Maushold, L50|100/100\n|switch|p1b: \u6210\u90fd\u8001\u76d6|Kyogre, L50, shiny, tera:Water|70/100\n|move|p1a: \u624b\u94f6|Fake Out|p2a: Maushold\n|-crit|p2a: Maushold\n|-damage|p2a: Maushold|53/100\n|move|p2b: Smeargle|Decorate|p2a: Maushold\n|-boost|p2a: Maushold|atk|2\n|-boost|p2a: Maushold|spa|2\n|\n|-weather|RainDance|[upkeep]\n|-ability|p2b: Smeargle|Moody|boost\n|-boost|p2b: Smeargle|spd|2\n|-unboost|p2b: Smeargle|spa|1\n|upkeep\n|turn|4\n|\n|t:|1774762720\n|move|p2b: Smeargle|Follow Me|p2b: Smeargle\n|-singleturn|p2b: Smeargle|move: Follow Me\n|move|p2a: Maushold|Population Bomb|p1b: \u6210\u90fd\u8001\u76d6\n|-damage|p1b: \u6210\u90fd\u8001\u76d6|45/100\n|-damage|p1b: \u6210\u90fd\u8001\u76d6|20/100\n|-damage|p1b: \u6210\u90fd\u8001\u76d6|0 fnt\n|faint|p1b: \u6210\u90fd\u8001\u76d6\n|-hitcount|p1: \u6210\u90fd\u8001\u76d6|3\n|move|p1a: \u624b\u94f6|Drain Punch|p2b: Smeargle\n|-supereffective|p2b: Smeargle\n|-damage|p2b: Smeargle|0 fnt\n|-heal|p1a: \u624b\u94f6|90/100|[from] drain|[of] p2b: Smeargle\n|faint|p2b: Smeargle\n|\n|-weather|RainDance|[upkeep]\n|upkeep\n|\n|t:|1774762728\n|switch|p1b: \u94f6\u91d1\u5996\u86c7|Miraidon, L50, shiny|100/100\n|switch|p2b: Calyrex|Calyrex-Ice, L50, tera:Grass|52/100\n|-ability|p2b: Calyrex|As One\n|-ability|p2b: Calyrex|Unnerve\n|-activate|p1b: \u94f6\u91d1\u5996\u86c7|ability: Hadron Engine\n|turn|5\n|\n|t:|1774762739\n|move|p1b: \u94f6\u91d1\u5996\u86c7|Protect|p1b: \u94f6\u91d1\u5996\u86c7\n|-singleturn|p1b: \u94f6\u91d1\u5996\u86c7|Protect\n|move|p2a: Maushold|Population Bomb|p1b: \u94f6\u91d1\u5996\u86c7\n|-activate|p1b: \u94f6\u91d1\u5996\u86c7|move: Protect\n|move|p2b: Calyrex|Glacial Lance|p1b: \u94f6\u91d1\u5996\u86c7|[spread] p1a\n|-activate|p1b: \u94f6\u91d1\u5996\u86c7|move: Protect\n|-damage|p1a: \u624b\u94f6|52/100\n|move|p1a: \u624b\u94f6|Drain Punch|p2a: Maushold\n|-supereffective|p2a: Maushold\n|-damage|p2a: Maushold|0 fnt\n|-heal|p1a: \u624b\u94f6|69/100|[from] drain|[of] p2a: Maushold\n|faint|p2a: Maushold\n|\n|-weather|none\n|-fieldend|move: Electric Terrain\n|-end|p1a: \u624b\u94f6|Quark Drive\n|upkeep\n|\n|t:|1774762742\n|switch|p2a: Kyogre|Kyogre, L50|100/100\n|-weather|RainDance|[from] ability: Drizzle|[of] p2a: Kyogre\n|turn|6\n|\n|t:|1774762752\n|move|p2a: Kyogre|Water Spout|p1a: \u624b\u94f6|[spread] p1a,p1b\n|-resisted|p1b: \u94f6\u91d1\u5996\u86c7\n|-damage|p1a: \u624b\u94f6|17/100\n|-damage|p1b: \u94f6\u91d1\u5996\u86c7|63/100\n|move|p1b: \u94f6\u91d1\u5996\u86c7|Dazzling Gleam|p2b: Calyrex|[spread] p2a,p2b\n|-damage|p2a: Kyogre|76/100\n|-damage|p2b: Calyrex|37/100\n|-damage|p1b: \u94f6\u91d1\u5996\u86c7|53/100|[from] item: Life Orb\n|move|p2b: Calyrex|Glacial Lance|p1a: \u624b\u94f6|[spread] p1a,p1b\n|-supereffective|p1b: \u94f6\u91d1\u5996\u86c7\n|-damage|p1a: \u624b\u94f6|0 fnt\n|-damage|p1b: \u94f6\u91d1\u5996\u86c7|0 fnt\n|faint|p1a: \u624b\u94f6\n|-end|p1a: \u624b\u94f6|Quark Drive|[silent]\n|faint|p1b: \u94f6\u91d1\u5996\u86c7\n|-ability|p2b: Calyrex|Chilling Neigh|boost\n|-boost|p2b: Calyrex|atk|2\n|\n|-weather|RainDance|[upkeep]\n|upkeep\n|-message|dasabe\u76d6\u6b27\u5361\u4fa0 forfeited.\n|\n|win|1VLTSQ Joker\n|raw|dasabe\u76d6\u6b27\u5361\u4fa0's rating: 1632 &rarr; <strong>1606</strong><br />(-26 for losing)\n|raw|1VLTSQ Joker's rating: 1529 &rarr; <strong>1555</strong><br />(+26 for winning)\n|l|\u2606dasabe\u76d6\u6b27\u5361\u4fa0\n|player|p1|\n|l|\u26061VLTSQ Joker\n|player|p2|\n","uploadtime":1774763006,"views":22,"formatid":"gen9vgc2026regi","rating":1555,"private":0,"password":null}