{"id":"gen9vgc2026regi-2547448040","format":"[Gen 9] VGC 2026 Reg I","players":["lalo's pollos","ConnerTEP"],"log":"|j|\u2606lalo's pollos\n|j|\u2606ConnerTEP\n|t:|1772090230\n|gametype|doubles\n|player|p1|lalo's pollos|265|1512\n|player|p2|ConnerTEP|acerola-masters2|1539\n|gen|9\n|tier|[Gen 9] VGC 2026 Reg I\n|rated|\n|rule|Species Clause: Limit one of each Pok\u00e9mon\n|rule|Item Clause: Limit 1 of each item\n|clearpoke\n|poke|p1|Zamazenta-*, L50|\n|poke|p1|Lunala, L50|\n|poke|p1|Rillaboom, L50, M|\n|poke|p1|Incineroar, L50, M|\n|poke|p1|Urshifu-*, L50, M|\n|poke|p1|Tornadus, L50, M|\n|poke|p2|Groudon, L50|\n|poke|p2|Miraidon, L50|\n|poke|p2|Farigiraf, L50, M|\n|poke|p2|Gouging Fire, L50|\n|poke|p2|Iron Hands, L50|\n|poke|p2|Iron Bundle, L50|\n|teampreview|4\n|inactive|Battle timer is ON: inactive players will automatically lose when time's up. (requested by ConnerTEP)\n|\n|t:|1772090254\n|teamsize|p1|4\n|teamsize|p2|4\n|start\n|switch|p1a: Lunala|Lunala, L50|100/100\n|switch|p1b: Rillaboom|Rillaboom, L50, M|100/100\n|switch|p2a: Groudon|Groudon, L50|100/100\n|switch|p2b: Gouging Fire|Gouging Fire, L50|100/100\n|-fieldstart|move: Grassy Terrain|[from] ability: Grassy Surge|[of] p1b: Rillaboom\n|-weather|SunnyDay|[from] ability: Drought|[of] p2a: Groudon\n|-activate|p2b: Gouging Fire|ability: Protosynthesis\n|-start|p2b: Gouging Fire|protosynthesisspe\n|turn|1\n|\n|t:|1772090266\n|move|p2b: Gouging Fire|Burning Bulwark|p2b: Gouging Fire\n|-singleturn|p2b: Gouging Fire|move: Protect\n|move|p2a: Groudon|Protect|p2a: Groudon\n|-singleturn|p2a: Groudon|Protect\n|move|p1b: Rillaboom|Fake Out|p2b: Gouging Fire\n|-activate|p2b: Gouging Fire|move: Protect\n|-status|p1b: Rillaboom|brn\n|move|p1a: Lunala|Calm Mind|p1a: Lunala\n|-boost|p1a: Lunala|spa|1\n|-boost|p1a: Lunala|spd|1\n|\n|-weather|SunnyDay|[upkeep]\n|-damage|p1b: Rillaboom|95/100 brn|[from] brn\n|upkeep\n|turn|2\n|\n|t:|1772090275\n|-terastallize|p2a: Groudon|Fire\n|move|p1a: Lunala|Protect|p1a: Lunala\n|-singleturn|p1a: Lunala|Protect\n|move|p2b: Gouging Fire|Snarl|p1b: Rillaboom|[spread] p1b\n|-activate|p1a: Lunala|move: Protect\n|-damage|p1b: Rillaboom|90/100 brn\n|-unboost|p1b: Rillaboom|spa|1\n|move|p1b: Rillaboom|U-turn|p2a: Groudon\n|-resisted|p2a: Groudon\n|-damage|p2a: Groudon|97/100\n|\n|t:|1772090286\n|switch|p1b: Tornadus|Tornadus, L50, M|100/100|[from] U-turn\n|move|p2a: Groudon|Heat Crash|p1a: Lunala\n|-activate|p1a: Lunala|move: Protect\n|\n|-weather|SunnyDay|[upkeep]\n|-heal|p2a: Groudon|100/100|[from] Grassy Terrain\n|upkeep\n|turn|3\n|\n|t:|1772090306\n|switch|p2a: Miraidon|Miraidon, L50|100/100\n|-fieldstart|move: Electric Terrain|[from] ability: Hadron Engine|[of] p2a: Miraidon\n|-terastallize|p1a: Lunala|Fairy\n|move|p1b: Tornadus|Rain Dance|p1b: Tornadus\n|-weather|RainDance\n|-end|p2b: Gouging Fire|Protosynthesis\n|move|p2b: Gouging Fire|Snarl|p1b: Tornadus|[spread] p1a,p1b\n|-resisted|p1a: Lunala\n|-crit|p1b: Tornadus\n|-damage|p1a: Lunala|99/100\n|-damage|p1b: Tornadus|88/100\n|-unboost|p1a: Lunala|spa|1\n|-unboost|p1b: Tornadus|spa|1\n|move|p1a: Lunala|Moongeist Beam|p2b: Gouging Fire\n|-damage|p2b: Gouging Fire|47/100\n|\n|-weather|RainDance|[upkeep]\n|-heal|p1a: Lunala|100/100|[from] item: Leftovers\n|upkeep\n|turn|4\n|\n|t:|1772090322\n|move|p2a: Miraidon|Volt Switch|p1b: Tornadus\n|-supereffective|p1b: Tornadus\n|-damage|p1b: Tornadus|0 fnt\n|faint|p1b: Tornadus\n|\n|t:|1772090324\n|switch|p2a: Groudon|Groudon, L50, tera:Fire|100/100|[from] Volt Switch\n|-weather|SunnyDay|[from] ability: Drought|[of] p2a: Groudon\n|-activate|p2b: Gouging Fire|ability: Protosynthesis\n|-start|p2b: Gouging Fire|protosynthesisspe\n|move|p2b: Gouging Fire|Flare Blitz|p1a: Lunala\n|-damage|p1a: Lunala|69/100\n|-damage|p2b: Gouging Fire|34/100|[from] Recoil\n|move|p1a: Lunala|Moonblast|p2a: Groudon\n|-resisted|p2a: Groudon\n|-damage|p2a: Groudon|80/100\n|\n|-weather|SunnyDay|[upkeep]\n|-heal|p1a: Lunala|75/100|[from] item: Leftovers\n|upkeep\n|\n|t:|1772090330\n|switch|p1b: Zamazenta|Zamazenta-Crowned, L50|100/100\n|-ability|p1b: Zamazenta|Dauntless Shield|boost\n|-boost|p1b: Zamazenta|def|1\n|turn|5\n|\n|t:|1772090348\n|move|p2b: Gouging Fire|Burning Bulwark|p2b: Gouging Fire\n|-singleturn|p2b: Gouging Fire|move: Protect\n|move|p1b: Zamazenta|Protect|p1b: Zamazenta\n|-singleturn|p1b: Zamazenta|Protect\n|move|p2a: Groudon|Protect|p2a: Groudon\n|-singleturn|p2a: Groudon|Protect\n|move|p1a: Lunala|Moongeist Beam|p2a: Groudon\n|-activate|p2a: Groudon|move: Protect\n|\n|-weather|SunnyDay|[upkeep]\n|-heal|p1a: Lunala|82/100|[from] item: Leftovers\n|upkeep\n|turn|6\n|\n|t:|1772090360\n|move|p2b: Gouging Fire|Flare Blitz|p1a: Lunala\n|-damage|p1a: Lunala|15/100\n|-damage|p2b: Gouging Fire|5/100|[from] Recoil\n|move|p1b: Zamazenta|Body Press|p2a: Groudon\n|-damage|p2a: Groudon|30/100\n|move|p1a: Lunala|Moongeist Beam|p2b: Gouging Fire\n|-damage|p2b: Gouging Fire|0 fnt\n|faint|p2b: Gouging Fire\n|-end|p2b: Gouging Fire|Protosynthesis|[silent]\n|move|p2a: Groudon|Heat Crash|p1a: Lunala\n|-damage|p1a: Lunala|0 fnt\n|faint|p1a: Lunala\n|\n|-weather|SunnyDay|[upkeep]\n|upkeep\n|\n|t:|1772090370\n|switch|p2b: Iron Hands|Iron Hands, L50|100/100\n|switch|p1a: Rillaboom|Rillaboom, L50, M|90/100 brn\n|-fieldstart|move: Grassy Terrain|[from] ability: Grassy Surge|[of] p1a: Rillaboom\n|turn|7\n|\n|t:|1772090390\n|move|p1a: Rillaboom|Fake Out|p2b: Iron Hands\n|-damage|p2b: Iron Hands|97/100\n|cant|p2b: Iron Hands|flinch\n|move|p1b: Zamazenta|Body Press|p2b: Iron Hands\n|-damage|p2b: Iron Hands|52/100\n|move|p2a: Groudon|Heat Crash|p1a: Rillaboom\n|-supereffective|p1a: Rillaboom\n|-damage|p1a: Rillaboom|0 fnt\n|faint|p1a: Rillaboom\n|\n|-weather|SunnyDay|[upkeep]\n|-heal|p2a: Groudon|36/100|[from] Grassy Terrain\n|-heal|p2b: Iron Hands|58/100|[from] Grassy Terrain\n|upkeep\n|turn|8\n|-message|lalo's pollos forfeited.\n|\n|win|ConnerTEP\n|raw|lalo&apos;s pollos's rating: 1512 &rarr; <strong>1494</strong><br />(-18 for losing)\n|raw|ConnerTEP's rating: 1539 &rarr; <strong>1557</strong><br />(+18 for winning)\n|l|\u2606lalo's pollos\n|player|p1|\n|l|\u2606ConnerTEP\n|player|p2|\n","uploadtime":1772090533,"views":27,"formatid":"gen9vgc2026regi","rating":1494,"private":0,"password":null}