{"id":"gen9vgc2026regi-2526469984","format":"[Gen 9] VGC 2026 Reg I","players":["i\u2764\u5a1c\u7984forever","conn dumb"],"log":"|j|\u2606i\u2764\u5a1c\u7984forever\n|j|\u2606conn dumb\n|t:|1769420638\n|gametype|doubles\n|player|p1|i\u2764\u5a1c\u7984forever|youngcouple-gen4dp|1337\n|player|p2|conn dumb|265|1239\n|gen|9\n|tier|[Gen 9] VGC 2026 Reg I\n|rated|\n|rule|Species Clause: Limit one of each Pok\u00e9mon\n|rule|Item Clause: Limit 1 of each item\n|clearpoke\n|poke|p1|Groudon, L50|\n|poke|p1|Kyurem-White, L50|\n|poke|p1|Sableye, L50, F|\n|poke|p1|Brute Bonnet, L50|\n|poke|p1|Heatran, L50, M|\n|poke|p1|Whimsicott, L50, M|\n|poke|p2|Raging Bolt, L50|\n|poke|p2|Chien-Pao, L50|\n|poke|p2|Calyrex-Shadow, L50|\n|poke|p2|Rillaboom, L50, M|\n|poke|p2|Amoonguss, L50, M|\n|poke|p2|Zamazenta-*, L50|\n|teampreview|4\n|inactive|Battle timer is ON: inactive players will automatically lose when time's up. (requested by conn dumb)\n|inactive|i\u2764\u5a1c\u7984forever has 60 seconds left.\n|\n|t:|1769420689\n|teamsize|p1|4\n|teamsize|p2|4\n|start\n|switch|p1a: Kyurem|Kyurem-White, L50|100/100\n|switch|p1b: Sableye|Sableye, L50, F|100/100\n|switch|p2a: Amoonguss|Amoonguss, L50, M|100/100\n|switch|p2b: Chien-Pao|Chien-Pao, L50|100/100\n|-ability|p2b: Chien-Pao|Sword of Ruin\n|-ability|p1a: Kyurem|Turboblaze\n|turn|1\n|\n|t:|1769420709\n|-terastallize|p2a: Amoonguss|Water\n|move|p2b: Chien-Pao|Protect|p2b: Chien-Pao\n|-singleturn|p2b: Chien-Pao|Protect\n|move|p1b: Sableye|Fake Out|p2b: Chien-Pao\n|-activate|p2b: Chien-Pao|move: Protect\n|move|p1a: Kyurem|Blizzard|p2a: Amoonguss|[spread] p2a\n|-activate|p2b: Chien-Pao|move: Protect\n|-resisted|p2a: Amoonguss\n|-damage|p2a: Amoonguss|74/100\n|move|p2a: Amoonguss|Spore|p1a: Kyurem\n|-status|p1a: Kyurem|slp|[from] move: Spore\n|\n|upkeep\n|turn|2\n|\n|t:|1769420728\n|move|p1b: Sableye|Will-O-Wisp|p2b: Chien-Pao\n|-hint|Since gen 7, Dark is immune to Prankster moves.\n|-immune|p2b: Chien-Pao\n|move|p2b: Chien-Pao|Ice Spinner|p1a: Kyurem\n|-damage|p1a: Kyurem|55/100 slp\n|cant|p1a: Kyurem|slp\n|move|p2a: Amoonguss|Spore|p1b: Sableye\n|-status|p1b: Sableye|slp|[from] move: Spore\n|\n|upkeep\n|turn|3\n|\n|t:|1769420744\n|cant|p1b: Sableye|slp\n|move|p2b: Chien-Pao|Ice Spinner|p1a: Kyurem\n|-damage|p1a: Kyurem|10/100 slp\n|cant|p1a: Kyurem|slp\n|move|p2a: Amoonguss|Pollen Puff|p1b: Sableye\n|-damage|p1b: Sableye|81/100 slp\n|\n|upkeep\n|turn|4\n|\n|t:|1769420762\n|move|p2a: Amoonguss|Rage Powder|p2a: Amoonguss\n|-singleturn|p2a: Amoonguss|move: Rage Powder\n|move|p2b: Chien-Pao|Ice Spinner|p1a: Kyurem\n|-crit|p1a: Kyurem\n|-damage|p1a: Kyurem|0 fnt\n|faint|p1a: Kyurem\n|cant|p1b: Sableye|slp\n|\n|upkeep\n|\n|t:|1769420767\n|switch|p1a: Heatran|Heatran, L50, M|100/100\n|turn|5\n|\n|t:|1769420776\n|move|p2b: Chien-Pao|Protect|p2b: Chien-Pao\n|-singleturn|p2b: Chien-Pao|Protect\n|move|p1a: Heatran|Substitute|p1a: Heatran\n|-start|p1a: Heatran|Substitute\n|-damage|p1a: Heatran|76/100\n|-curestatus|p1b: Sableye|slp|[msg]\n|move|p1b: Sableye|Foul Play|p2b: Chien-Pao\n|-activate|p2b: Chien-Pao|move: Protect\n|move|p2a: Amoonguss|Spore||[still]\n|-fail|p2a: Amoonguss\n|\n|-heal|p1a: Heatran|82/100|[from] item: Leftovers\n|upkeep\n|turn|6\n|\n|t:|1769420797\n|move|p2a: Amoonguss|Rage Powder|p2a: Amoonguss\n|-singleturn|p2a: Amoonguss|move: Rage Powder\n|move|p2b: Chien-Pao|Sacred Sword|p1a: Heatran\n|-supereffective|p1a: Heatran\n|-end|p1a: Heatran|Substitute\n|move|p1a: Heatran|Heat Wave|p2b: Chien-Pao|[spread] p2a,p2b\n|-resisted|p2a: Amoonguss\n|-supereffective|p2b: Chien-Pao\n|-damage|p2a: Amoonguss|58/100\n|-enditem|p2b: Chien-Pao|Focus Sash\n|-damage|p2b: Chien-Pao|1/100\n|move|p1b: Sableye|Foul Play|p2a: Amoonguss\n|-damage|p2a: Amoonguss|33/100\n|-damage|p1b: Sableye|64/100|[from] item: Rocky Helmet|[of] p2a: Amoonguss\n|\n|-heal|p1a: Heatran|88/100|[from] item: Leftovers\n|upkeep\n|turn|7\n|\n|t:|1769420817\n|-terastallize|p1a: Heatran|Fire\n|move|p2b: Chien-Pao|Sacred Sword|p1a: Heatran\n|-damage|p1a: Heatran|55/100\n|move|p1a: Heatran|Heat Wave|p2a: Amoonguss|[spread] p2a,p2b\n|-resisted|p2a: Amoonguss\n|-supereffective|p2b: Chien-Pao\n|-damage|p2a: Amoonguss|13/100\n|-damage|p2b: Chien-Pao|0 fnt\n|faint|p2b: Chien-Pao\n|move|p1b: Sableye|Foul Play|p2a: Amoonguss\n|-damage|p2a: Amoonguss|0 fnt\n|-damage|p1b: Sableye|47/100|[from] item: Rocky Helmet|[of] p2a: Amoonguss\n|faint|p2a: Amoonguss\n|\n|-heal|p1a: Heatran|61/100|[from] item: Leftovers\n|upkeep\n|\n|t:|1769420835\n|switch|p2b: Zamazenta|Zamazenta-Crowned, L50|100/100\n|switch|p2a: Calyrex|Calyrex-Shadow, L50|100/100\n|-ability|p2a: Calyrex|As One\n|-ability|p2a: Calyrex|Unnerve\n|-ability|p2b: Zamazenta|Dauntless Shield|boost\n|-boost|p2b: Zamazenta|def|1\n|turn|8\n|\n|t:|1769420848\n|move|p2a: Calyrex|Protect|p2a: Calyrex\n|-singleturn|p2a: Calyrex|Protect\n|move|p1a: Heatran|Protect|p1a: Heatran\n|-singleturn|p1a: Heatran|Protect\n|move|p1b: Sableye|Will-O-Wisp|p2b: Zamazenta\n|-status|p2b: Zamazenta|brn\n|move|p2b: Zamazenta|Body Press|p1a: Heatran\n|-activate|p1a: Heatran|move: Protect\n|\n|-heal|p1a: Heatran|67/100|[from] item: Leftovers\n|-damage|p2b: Zamazenta|95/100 brn|[from] brn\n|upkeep\n|turn|9\n|inactive|conn dumb has 30 seconds left.\n|inactive|conn dumb has 20 seconds left.\n|\n|t:|1769420884\n|move|p2a: Calyrex|Encore|p1a: Heatran\n|-start|p1a: Heatran|Encore\n|move|p2b: Zamazenta|Behemoth Bash|p1b: Sableye\n|-damage|p1b: Sableye|18/100\n|move|p1a: Heatran|Protect||[still]\n|-fail|p1a: Heatran\n|move|p1b: Sableye|Foul Play|p2a: Calyrex\n|-supereffective|p2a: Calyrex\n|-damage|p2a: Calyrex|0 fnt\n|faint|p2a: Calyrex\n|\n|-heal|p1a: Heatran|73/100|[from] item: Leftovers\n|-damage|p2b: Zamazenta|89/100 brn|[from] brn\n|upkeep\n|turn|10\n|\n|t:|1769420900\n|switch|p1b: Groudon|Groudon, L50|100/100\n|-weather|SunnyDay|[from] ability: Drought|[of] p1b: Groudon\n|move|p1a: Heatran|Protect|p1a: Heatran\n|-singleturn|p1a: Heatran|Protect\n|move|p2b: Zamazenta|Behemoth Bash|p1b: Groudon\n|-damage|p1b: Groudon|87/100\n|\n|-weather|SunnyDay|[upkeep]\n|-heal|p1a: Heatran|79/100|[from] item: Leftovers\n|-damage|p2b: Zamazenta|83/100 brn|[from] brn\n|upkeep\n|turn|11\n|-message|conn dumb forfeited.\n|\n|win|i\u2764\u5a1c\u7984forever\n|raw|i\u2764\u5a1c\u7984forever's rating: 1337 &rarr; <strong>1352</strong><br />(+15 for winning)\n|raw|conn dumb's rating: 1239 &rarr; <strong>1221</strong><br />(-18 for losing)\n|l|\u2606conn dumb\n|player|p2|\n|l|\u2606i\u2764\u5a1c\u7984forever\n|player|p1|\n","uploadtime":1769421304,"views":13,"formatid":"gen9vgc2026regi","rating":1221,"private":0,"password":null}