{"id":"gen9vgc2026regi-2536045139","format":"[Gen 9] VGC 2026 Reg I","players":["nanouqj","pzyxhic"],"log":"|j|\u2606nanouqj\n|j|\u2606pzyxhic\n|t:|1770648968\n|gametype|doubles\n|player|p1|nanouqj|169|1260\n|player|p2|pzyxhic|266|1354\n|gen|9\n|tier|[Gen 9] VGC 2026 Reg I\n|rated|\n|rule|Species Clause: Limit one of each Pok\u00e9mon\n|rule|Item Clause: Limit 1 of each item\n|clearpoke\n|poke|p1|Whimsicott, L50, F|\n|poke|p1|Reshiram, L50|\n|poke|p1|Tornadus, L50, M|\n|poke|p1|Groudon, L50|\n|poke|p1|Grimmsnarl, L50, M|\n|poke|p1|Amoonguss, L50, M|\n|poke|p2|Giratina-Origin, L50|\n|poke|p2|Zamazenta-*, L50|\n|poke|p2|Incineroar, L50, F|\n|poke|p2|Amoonguss, L50, F|\n|poke|p2|Urshifu-*, L50, F|\n|poke|p2|Grimmsnarl, L50, M|\n|teampreview|4\n|inactive|Battle timer is ON: inactive players will automatically lose when time's up. (requested by nanouqj)\n|inactive|nanouqj has 60 seconds left.\n|inactive|pzyxhic has 60 seconds left.\n|\n|t:|1770649031\n|teamsize|p1|4\n|teamsize|p2|4\n|start\n|switch|p1a: Tornadus|Tornadus, L50, M|100/100\n|switch|p1b: Reshiram|Reshiram, L50|100/100\n|switch|p2a: Giratina|Giratina-Origin, L50|100/100\n|switch|p2b: Urshifu|Urshifu-Rapid-Strike, L50, F|100/100\n|-ability|p1b: Reshiram|Turboblaze\n|turn|1\n|\n|t:|1770649049\n|switch|p2a: Grimmsnarl|Grimmsnarl, L50, M|100/100\n|move|p1a: Tornadus|Tailwind|p1a: Tornadus\n|-sidestart|p1: nanouqj|move: Tailwind\n|move|p1b: Reshiram|Dragon Pulse|p2a: Grimmsnarl\n|-immune|p2a: Grimmsnarl\n|move|p2b: Urshifu|Surging Strikes|p1b: Reshiram\n|-crit|p1b: Reshiram\n|-damage|p1b: Reshiram|80/100\n|-crit|p1b: Reshiram\n|-damage|p1b: Reshiram|58/100\n|-crit|p1b: Reshiram\n|-damage|p1b: Reshiram|38/100\n|-hitcount|p1b: Reshiram|3\n|\n|upkeep\n|turn|2\n|inactive|pzyxhic has 30 seconds left.\n|inactive|nanouqj has 30 seconds left.\n|\n|t:|1770649096\n|switch|p1b: Grimmsnarl|Grimmsnarl, L50, M|100/100\n|-terastallize|p2b: Urshifu|Water\n|move|p1a: Tornadus|Scary Face|p2b: Urshifu\n|-unboost|p2b: Urshifu|spe|2\n|move|p2a: Grimmsnarl|Light Screen|p2a: Grimmsnarl\n|-sidestart|p2: pzyxhic|move: Light Screen\n|move|p2b: Urshifu|Surging Strikes|p1a: Tornadus\n|-crit|p1a: Tornadus\n|-damage|p1a: Tornadus|63/100\n|-crit|p1a: Tornadus\n|-damage|p1a: Tornadus|28/100\n|-crit|p1a: Tornadus\n|-damage|p1a: Tornadus|0 fnt\n|faint|p1a: Tornadus\n|-hitcount|p1: Tornadus|3\n|\n|upkeep\n|\n|t:|1770649115\n|switch|p1a: Groudon|Groudon, L50|100/100\n|-weather|SunnyDay|[from] ability: Drought|[of] p1a: Groudon\n|turn|3\n|\n|t:|1770649135\n|move|p1b: Grimmsnarl|Thunder Wave|p2b: Urshifu\n|-status|p2b: Urshifu|par\n|move|p2a: Grimmsnarl|Reflect|p2a: Grimmsnarl\n|-sidestart|p2: pzyxhic|Reflect\n|move|p1a: Groudon|Precipice Blades|p2b: Urshifu|[spread] p2a,p2b\n|-damage|p2a: Grimmsnarl|63/100\n|-damage|p2b: Urshifu|67/100 par\n|move|p2b: Urshifu|Surging Strikes|p1a: Groudon\n|-supereffective|p1a: Groudon\n|-crit|p1a: Groudon\n|-damage|p1a: Groudon|87/100\n|-supereffective|p1a: Groudon\n|-crit|p1a: Groudon\n|-damage|p1a: Groudon|71/100\n|-supereffective|p1a: Groudon\n|-crit|p1a: Groudon\n|-damage|p1a: Groudon|56/100\n|-hitcount|p1a: Groudon|3\n|\n|-weather|SunnyDay|[upkeep]\n|upkeep\n|turn|4\n|\n|t:|1770649160\n|move|p1b: Grimmsnarl|Parting Shot|p2b: Urshifu\n|-unboost|p2b: Urshifu|atk|1\n|-unboost|p2b: Urshifu|spa|1\n|\n|t:|1770649164\n|switch|p1b: Reshiram|Reshiram, L50|38/100|[from] Parting Shot\n|-ability|p1b: Reshiram|Turboblaze\n|move|p2a: Grimmsnarl|Thunder Wave|p1a: Groudon\n|-immune|p1a: Groudon\n|move|p1a: Groudon|Brick Break|p2b: Urshifu\n|-sideend|p2: pzyxhic|Reflect\n|-sideend|p2: pzyxhic|move: Light Screen\n|-damage|p2b: Urshifu|36/100 par\n|cant|p2b: Urshifu|par\n|\n|-weather|SunnyDay|[upkeep]\n|-sideend|p1: nanouqj|move: Tailwind\n|upkeep\n|turn|5\n|inactive|pzyxhic has 30 seconds left.\n|inactive|pzyxhic has 20 seconds left.\n|\n|t:|1770649200\n|switch|p1a: Grimmsnarl|Grimmsnarl, L50, M|100/100\n|-terastallize|p1b: Reshiram|Fire\n|move|p2a: Grimmsnarl|Reflect|p2a: Grimmsnarl\n|-sidestart|p2: pzyxhic|Reflect\n|move|p1b: Reshiram|Heat Wave|p2a: Grimmsnarl|[spread] p2a,p2b\n|-resisted|p2b: Urshifu\n|-damage|p2a: Grimmsnarl|0 fnt\n|-damage|p2b: Urshifu|0 fnt\n|faint|p2a: Grimmsnarl\n|faint|p2b: Urshifu\n|\n|-weather|SunnyDay|[upkeep]\n|upkeep\n|\n|t:|1770649213\n|switch|p2b: Giratina|Giratina-Origin, L50|100/100\n|switch|p2a: Zamazenta|Zamazenta-Crowned, L50|100/100\n|-ability|p2a: Zamazenta|Dauntless Shield|boost\n|-boost|p2a: Zamazenta|def|1\n|turn|6\n|inactive|pzyxhic has 30 seconds left.\n|inactive|pzyxhic has 20 seconds left.\n|\n|t:|1770649252\n|move|p2b: Giratina|Shadow Sneak|p1b: Reshiram\n|-damage|p1b: Reshiram|11/100\n|move|p1a: Grimmsnarl|Thunder Wave|p2b: Giratina\n|-status|p2b: Giratina|par\n|move|p1b: Reshiram|Heat Wave|p2a: Zamazenta|[spread] p2a,p2b\n|-supereffective|p2a: Zamazenta\n|-resisted|p2b: Giratina\n|-damage|p2a: Zamazenta|0 fnt\n|-damage|p2b: Giratina|63/100 par\n|faint|p2a: Zamazenta\n|\n|-weather|SunnyDay|[upkeep]\n|upkeep\n|turn|7\n|-message|pzyxhic forfeited.\n|\n|win|nanouqj\n|raw|nanouqj's rating: 1260 &rarr; <strong>1292</strong><br />(+32 for winning)\n|raw|pzyxhic's rating: 1354 &rarr; <strong>1329</strong><br />(-25 for losing)\n|l|\u2606pzyxhic\n|player|p2|\n|l|\u2606nanouqj\n|player|p1|\n","uploadtime":1770649413,"views":15,"formatid":"gen9vgc2026regi","rating":1292,"private":0,"password":null}