{"id":"gen9vgc2026regi-2513158794","format":"[Gen 9] VGC 2026 Reg I","players":["Rancapino","blackred123\u6c38\u96cf\u5854\u83f2\u4fa0"],"log":"|j|\u203dRancapino\n|j|\u2606blackred123\u6c38\u96cf\u5854\u83f2\u4fa0\n|t:|1767704404\n|gametype|doubles\n|player|p1|Rancapino|hiker-gen4|1041\n|player|p2|blackred123\u6c38\u96cf\u5854\u83f2\u4fa0|iono-masters|1044\n|gen|9\n|tier|[Gen 9] VGC 2026 Reg I\n|rated|\n|rule|Species Clause: Limit one of each Pok\u00e9mon\n|rule|Item Clause: Limit 1 of each item\n|clearpoke\n|poke|p1|Charjabug, L50, M|\n|poke|p1|Persian-Alola, L50, M|\n|poke|p1|Sinistcha, L50|\n|poke|p1|Vaporeon, L50, F|\n|poke|p1|Iron Moth, L50|\n|poke|p1|Azelf, L50|\n|poke|p2|Miraidon, L50|\n|poke|p2|Calyrex-Ice, L50|\n|poke|p2|Whimsicott, L50, M|\n|poke|p2|Volcarona, L50, F|\n|poke|p2|Incineroar, L50, M|\n|poke|p2|Urshifu-*, L50, M|\n|teampreview|4\n|inactive|Battle timer is ON: inactive players will automatically lose when time's up. (requested by blackred123\u6c38\u96cf\u5854\u83f2\u4fa0)\n|inactive|blackred123\u6c38\u96cf\u5854\u83f2\u4fa0 has 60 seconds left.\n|\n|t:|1767704445\n|teamsize|p1|4\n|teamsize|p2|4\n|start\n|switch|p1a: Sinistcha|Sinistcha, L50|100/100\n|switch|p1b: Persian|Persian-Alola, L50, M|100/100\n|switch|p2a: Miraidon|Miraidon, L50, shiny|100/100\n|switch|p2b: Whimsicott|Whimsicott, L50, M|100/100\n|-fieldstart|move: Electric Terrain|[from] ability: Hadron Engine|[of] p2a: Miraidon\n|turn|1\n|inactive|blackred123\u6c38\u96cf\u5854\u83f2\u4fa0 has 30 seconds left.\n|\n|t:|1767704472\n|move|p1b: Persian|Icy Wind|p2a: Miraidon|[spread] p2b\n|-miss|p1b: Persian|p2a: Miraidon\n|-supereffective|p2b: Whimsicott\n|-damage|p2b: Whimsicott|62/100\n|-unboost|p2b: Whimsicott|spe|1\n|move|p2a: Miraidon|Draco Meteor|p1a: Sinistcha\n|-damage|p1a: Sinistcha|0 fnt\n|-unboost|p2a: Miraidon|spa|2\n|faint|p1a: Sinistcha\n|move|p2b: Whimsicott|Endeavor|p1b: Persian\n|-damage|p1b: Persian|60/100\n|\n|upkeep\n|\n|t:|1767704487\n|switch|p1a: Charjabug|Charjabug, L50, M|100/100\n|turn|2\n|j| dasabe\u76d6\u6b27\u5361\u4fa0\n|\n|t:|1767704494\n|move|p2b: Whimsicott|Tailwind|p2b: Whimsicott\n|-sidestart|p2: blackred123\u6c38\u96cf\u5854\u83f2\u4fa0|move: Tailwind\n|move|p2a: Miraidon|Volt Switch|p1b: Persian\n|-damage|p1b: Persian|1/100\n|\n|t:|1767704502\n|switch|p2a: Urshifu|Urshifu-Rapid-Strike, L50, M|100/100|[from] Volt Switch\n|move|p1b: Persian|Icy Wind|p2b: Whimsicott|[spread] p2b\n|-miss|p1b: Persian|p2a: Urshifu\n|-supereffective|p2b: Whimsicott\n|-damage|p2b: Whimsicott|10/100\n|-unboost|p2b: Whimsicott|spe|1\n|move|p1a: Charjabug|Light Screen|p1a: Charjabug\n|-sidestart|p1: Rancapino|move: Light Screen\n|\n|upkeep\n|turn|3\n|\n|t:|1767704527\n|switch|p1b: Vaporeon|Vaporeon, L50, F|100/100\n|-terastallize|p2a: Urshifu|Grass\n|move|p2a: Urshifu|Surging Strikes|p1b: Vaporeon\n|-immune|p1b: Vaporeon|[from] ability: Water Absorb\n|move|p2b: Whimsicott|Endeavor|p1a: Charjabug\n|-damage|p1a: Charjabug|8/100\n|move|p1a: Charjabug|Electroweb|p2b: Whimsicott|[spread] p2a,p2b\n|-resisted|p2a: Urshifu\n|-resisted|p2b: Whimsicott\n|-damage|p2a: Urshifu|93/100\n|-damage|p2b: Whimsicott|3/100\n|-unboost|p2a: Urshifu|spe|1\n|-unboost|p2b: Whimsicott|spe|1\n|\n|upkeep\n|turn|4\n|\n|t:|1767704550\n|switch|p1a: Persian|Persian-Alola, L50, M|1/100\n|move|p2a: Urshifu|Surging Strikes|p1a: Persian\n|-crit|p1a: Persian\n|-damage|p1a: Persian|0 fnt\n|faint|p1a: Persian\n|-hitcount|p1: Persian|1\n|move|p2b: Whimsicott|Endeavor|p1b: Vaporeon\n|-damage|p1b: Vaporeon|2/100\n|move|p1b: Vaporeon|Ice Beam|p2a: Urshifu\n|-supereffective|p2a: Urshifu\n|-damage|p2a: Urshifu|23/100\n|\n|upkeep\n|\n|t:|1767704565\n|switch|p1a: Charjabug|Charjabug, L50, M|8/100\n|turn|5\n|-message|Rancapino forfeited.\n|\n|win|blackred123\u6c38\u96cf\u5854\u83f2\u4fa0\n|raw|Rancapino's rating: 1041 &rarr; <strong>1025</strong><br />(-16 for losing)\n|raw|blackred123\u6c38\u96cf\u5854\u83f2\u4fa0's rating: 1044 &rarr; <strong>1077</strong><br />(+33 for winning)\n|l|\u203dRancapino\n|player|p1|\n|l| dasabe\u76d6\u6b27\u5361\u4fa0\n","uploadtime":1767704583,"views":13,"formatid":"gen9vgc2026regi","rating":1025,"private":0,"password":null}