{"id":"gen9vgc2026regi-2590056765","format":"[Gen 9] VGC 2026 Reg I","players":["wasaad5","Delljo"],"log":"|j|\u2606wasaad5\n|j|\u2606Delljo\n|t:|1776784173\n|gametype|doubles\n|player|p1|wasaad5|blue|1271\n|player|p2|Delljo|iris-gen5bw2|1376\n|gen|9\n|tier|[Gen 9] VGC 2026 Reg I\n|rated|\n|rule|Species Clause: Limit one of each Pok\u00e9mon\n|rule|Item Clause: Limit 1 of each item\n|clearpoke\n|poke|p1|Kyurem-White, L50|\n|poke|p1|Zacian-*, L50|\n|poke|p1|Rillaboom, L50, F|\n|poke|p1|Urshifu-*, L50, F|\n|poke|p1|Amoonguss, L50, M|\n|poke|p1|Incineroar, L50, F|\n|poke|p2|Lunala, L50|\n|poke|p2|Koraidon, L50|\n|poke|p2|Incineroar, L50, F|\n|poke|p2|Ursaluna, L50, M|\n|poke|p2|Ogerpon-Wellspring, L50, F|\n|poke|p2|Glimmora, L50, F|\n|teampreview|4\n|\n|t:|1776784211\n|teamsize|p1|4\n|teamsize|p2|4\n|start\n|switch|p1a: Kyurem|Kyurem-White, L50, shiny|100/100\n|switch|p1b: Incineroar|Incineroar, L50, F|100/100\n|switch|p2a: Lunala|Lunala, L50|100/100\n|switch|p2b: Incineroar|Incineroar, L50, F|100/100\n|-ability|p1a: Kyurem|Turboblaze\n|-ability|p1b: Incineroar|Intimidate|boost\n|-unboost|p2a: Lunala|atk|1\n|-unboost|p2b: Incineroar|atk|1\n|-ability|p2b: Incineroar|Intimidate|boost\n|-unboost|p1a: Kyurem|atk|1\n|-unboost|p1b: Incineroar|atk|1\n|turn|1\n|inactive|Battle timer is ON: inactive players will automatically lose when time's up. (requested by Delljo)\n|\n|t:|1776784228\n|move|p2b: Incineroar|Fake Out|p1a: Kyurem\n|-damage|p1a: Kyurem|94/100\n|cant|p1a: Kyurem|flinch\n|move|p1b: Incineroar|Knock Off|p2a: Lunala\n|-supereffective|p2a: Lunala\n|-damage|p2a: Lunala|63/100\n|-enditem|p2a: Lunala|Leftovers|[from] move: Knock Off|[of] p1b: Incineroar\n|move|p2a: Lunala|Trick Room|p2a: Lunala\n|-fieldstart|move: Trick Room|[of] p2a: Lunala\n|\n|upkeep\n|turn|2\n|inactive|Delljo has 30 seconds left.\n|inactive|Delljo has 20 seconds left.\n|inactive|Delljo has 15 seconds left.\n|\n|t:|1776784269\n|switch|p1a: Rillaboom|Rillaboom, L50, F|100/100\n|-fieldstart|move: Grassy Terrain|[from] ability: Grassy Surge|[of] p1a: Rillaboom\n|move|p2b: Incineroar|Parting Shot|p1b: Incineroar\n|-unboost|p1b: Incineroar|atk|1\n|-unboost|p1b: Incineroar|spa|1\n|\n|t:|1776784275\n|switch|p2b: Ursaluna|Ursaluna, L50, M|100/100|[from] Parting Shot\n|move|p1b: Incineroar|Knock Off|p2a: Lunala\n|-supereffective|p2a: Lunala\n|-damage|p2a: Lunala|20/100\n|move|p2a: Lunala|Moonblast|p1a: Rillaboom\n|-damage|p1a: Rillaboom|74/100\n|\n|-heal|p1a: Rillaboom|80/100|[from] Grassy Terrain\n|-heal|p2a: Lunala|26/100|[from] Grassy Terrain\n|-status|p2b: Ursaluna|brn|[from] item: Flame Orb\n|upkeep\n|turn|3\n|\n|t:|1776784296\n|-terastallize|p1b: Incineroar|Bug\n|move|p2b: Ursaluna|Protect|p2b: Ursaluna\n|-singleturn|p2b: Ursaluna|Protect\n|move|p1a: Rillaboom|Grassy Glide|p2b: Ursaluna\n|-activate|p2b: Ursaluna|move: Protect\n|move|p1b: Incineroar|Knock Off|p2a: Lunala\n|-supereffective|p2a: Lunala\n|-damage|p2a: Lunala|0 fnt\n|faint|p2a: Lunala\n|\n|-heal|p1a: Rillaboom|86/100|[from] Grassy Terrain\n|-damage|p2b: Ursaluna|95/100 brn|[from] brn\n|upkeep\n|\n|t:|1776784306\n|switch|p2a: Incineroar|Incineroar, L50, F|100/100\n|-ability|p2a: Incineroar|Intimidate|boost\n|-unboost|p1a: Rillaboom|atk|1\n|-unboost|p1b: Incineroar|atk|1\n|turn|4\n|\n|t:|1776784312\n|switch|p1a: Zacian|Zacian-Crowned, L50|100/100\n|-ability|p1a: Zacian|Intrepid Sword|boost\n|-boost|p1a: Zacian|atk|1\n|move|p2a: Incineroar|Fake Out|p1a: Zacian\n|-resisted|p1a: Zacian\n|-damage|p1a: Zacian|95/100\n|move|p2b: Ursaluna|Facade|p1b: Incineroar\n|-damage|p1b: Incineroar|0 fnt\n|faint|p1b: Incineroar\n|\n|-heal|p2b: Ursaluna|100/100 brn|[from] Grassy Terrain\n|-heal|p1a: Zacian|100/100|[from] Grassy Terrain\n|-damage|p2b: Ursaluna|95/100 brn|[from] brn\n|upkeep\n|\n|t:|1776784325\n|switch|p1b: Rillaboom|Rillaboom, L50, F|86/100\n|turn|5\n|inactive|wasaad5 has 30 seconds left.\n|\n|t:|1776784351\n|move|p1a: Zacian|Protect|p1a: Zacian\n|-singleturn|p1a: Zacian|Protect\n|move|p1b: Rillaboom|Fake Out|p2a: Incineroar\n|-damage|p2a: Incineroar|90/100\n|move|p2b: Ursaluna|Headlong Rush|p1a: Zacian\n|-activate|p1a: Zacian|move: Protect\n|cant|p2a: Incineroar|flinch\n|\n|-heal|p2b: Ursaluna|100/100 brn|[from] Grassy Terrain\n|-heal|p2a: Incineroar|96/100|[from] Grassy Terrain\n|-heal|p1b: Rillaboom|91/100|[from] Grassy Terrain\n|-damage|p2b: Ursaluna|95/100 brn|[from] brn\n|-fieldend|move: Trick Room\n|upkeep\n|turn|6\n|\n|t:|1776784369\n|switch|p1a: Kyurem|Kyurem-White, L50, shiny|94/100\n|-ability|p1a: Kyurem|Turboblaze\n|move|p1b: Rillaboom|Wood Hammer|p2b: Ursaluna\n|-supereffective|p2b: Ursaluna\n|-damage|p2b: Ursaluna|0 fnt\n|faint|p2b: Ursaluna\n|-damage|p1b: Rillaboom|58/100|[from] Recoil\n|move|p2a: Incineroar|Parting Shot|p1a: Kyurem\n|-unboost|p1a: Kyurem|atk|1\n|-unboost|p1a: Kyurem|spa|1\n|\n|t:|1776784380\n|switch|p2a: Glimmora|Glimmora, L50, F|100/100|[from] Parting Shot\n|\n|-heal|p1a: Kyurem|99/100|[from] Grassy Terrain\n|-heal|p1b: Rillaboom|64/100|[from] Grassy Terrain\n|-fieldend|move: Grassy Terrain\n|upkeep\n|\n|t:|1776784381\n|switch|p2b: Incineroar|Incineroar, L50, F|96/100\n|-ability|p2b: Incineroar|Intimidate|boost\n|-unboost|p1a: Kyurem|atk|1\n|-unboost|p1b: Rillaboom|atk|1\n|turn|7\n|\n|t:|1776784390\n|move|p1a: Kyurem|Protect|p1a: Kyurem\n|-singleturn|p1a: Kyurem|Protect\n|move|p2b: Incineroar|Fake Out|p1a: Kyurem\n|-activate|p1a: Kyurem|move: Protect\n|move|p2a: Glimmora|Sludge Bomb|p1b: Rillaboom\n|-supereffective|p1b: Rillaboom\n|-crit|p1b: Rillaboom\n|-damage|p1b: Rillaboom|0 fnt\n|faint|p1b: Rillaboom\n|\n|upkeep\n|\n|t:|1776784411\n|switch|p1b: Zacian|Zacian-Crowned, L50|100/100\n|turn|8\n|inactive|Delljo has 30 seconds left.\n|\n|t:|1776784442\n|move|p1b: Zacian|Behemoth Blade|p2a: Glimmora\n|-supereffective|p2a: Glimmora\n|-enditem|p2a: Glimmora|Focus Sash\n|-damage|p2a: Glimmora|1/100\n|-activate|p2a: Glimmora|ability: Toxic Debris\n|-sidestart|p1: wasaad5|move: Toxic Spikes\n|move|p1a: Kyurem|Earth Power|p2b: Incineroar\n|-supereffective|p2b: Incineroar\n|-damage|p2b: Incineroar|38/100\n|-damage|p1a: Kyurem|90/100|[from] item: Life Orb\n|move|p2a: Glimmora|Power Gem|p1a: Kyurem\n|-supereffective|p1a: Kyurem\n|-damage|p1a: Kyurem|17/100\n|move|p2b: Incineroar|Flare Blitz|p1b: Zacian\n|-supereffective|p1b: Zacian\n|-damage|p1b: Zacian|11/100\n|-damage|p2b: Incineroar|13/100|[from] Recoil\n|\n|upkeep\n|turn|9\n|\n|t:|1776784464\n|move|p2a: Glimmora|Spiky Shield|p2a: Glimmora\n|-singleturn|p2a: Glimmora|move: Protect\n|move|p1b: Zacian|Behemoth Blade|p2a: Glimmora\n|-activate|p2a: Glimmora|move: Protect\n|-damage|p1b: Zacian|0 fnt|[from] Spiky Shield|[of] p2a: Glimmora\n|faint|p1b: Zacian\n|move|p1a: Kyurem|Earth Power|p2b: Incineroar\n|-supereffective|p2b: Incineroar\n|-damage|p2b: Incineroar|0 fnt\n|faint|p2b: Incineroar\n|-damage|p1a: Kyurem|7/100|[from] item: Life Orb\n|\n|upkeep\n|turn|10\n|\n|t:|1776784481\n|move|p2a: Glimmora|Spiky Shield||[still]\n|-fail|p2a: Glimmora\n|move|p1a: Kyurem|Earth Power|p2a: Glimmora\n|-supereffective|p2a: Glimmora\n|-damage|p2a: Glimmora|0 fnt\n|faint|p2a: Glimmora\n|-damage|p1a: Kyurem|0 fnt|[from] item: Life Orb\n|faint|p1a: Kyurem\n|\n|win|wasaad5\n|raw|wasaad5's rating: 1271 &rarr; <strong>1303</strong><br />(+32 for winning)\n|raw|Delljo's rating: 1376 &rarr; <strong>1350</strong><br />(-26 for losing)\n|l|\u2606Delljo\n|player|p2|\n|l|\u2606wasaad5\n|player|p1|\n","uploadtime":1776784741,"views":9,"formatid":"gen9vgc2026regi","rating":1303,"private":0,"password":null}