{"id":"gen9vgc2026regi-2519607115","format":"[Gen 9] VGC 2026 Reg I","players":["Pe13121","photon sheister"],"log":"|j|\u2606Pe13121\n|j|\u2606photon sheister\n|t:|1768523426\n|gametype|doubles\n|player|p1|Pe13121|170|1233\n|player|p2|photon sheister|169|1355\n|gen|9\n|tier|[Gen 9] VGC 2026 Reg I\n|rated|\n|rule|Species Clause: Limit one of each Pok\u00e9mon\n|rule|Item Clause: Limit 1 of each item\n|clearpoke\n|poke|p1|Calyrex-Ice, L50|\n|poke|p1|Lunala, L50|\n|poke|p1|Smeargle, L50, M|\n|poke|p1|Urshifu-*, L50, M|\n|poke|p1|Torkoal, L50, M|\n|poke|p1|Indeedee-F, L50, F|\n|poke|p2|Eternatus, L50|\n|poke|p2|Ho-Oh, L50|\n|poke|p2|Rillaboom, L50, F|\n|poke|p2|Incineroar, L50, M|\n|poke|p2|Ting-Lu, L50|\n|poke|p2|Vaporeon, L50, M|\n|teampreview|4\n|\n|t:|1768523459\n|teamsize|p1|4\n|teamsize|p2|4\n|start\n|switch|p1a: Lunala|Lunala, L50|100/100\n|switch|p1b: Indeedee|Indeedee-F, L50, F, shiny|100/100\n|switch|p2a: Eternatus|Eternatus, L50|100/100\n|switch|p2b: Vaporeon|Vaporeon, L50, M|100/100\n|-ability|p2a: Eternatus|Pressure\n|-fieldstart|move: Psychic Terrain|[from] ability: Psychic Surge|[of] p1b: Indeedee\n|turn|1\n|\n|t:|1768523496\n|-terastallize|p2a: Eternatus|Fairy\n|move|p2a: Eternatus|Toxic Spikes|p1a: Lunala\n|-sidestart|p1: Pe13121|move: Toxic Spikes\n|move|p1a: Lunala|Expanding Force|p2a: Eternatus|[spread] p2a,p2b\n|-damage|p2a: Eternatus|57/100\n|-damage|p2b: Vaporeon|46/100\n|move|p2b: Vaporeon|Yawn|p1a: Lunala\n|-start|p1a: Lunala|move: Yawn|[of] p2b: Vaporeon\n|move|p1b: Indeedee|Trick Room|p1b: Indeedee\n|-fieldstart|move: Trick Room|[of] p1b: Indeedee\n|\n|upkeep\n|turn|2\n|\n|t:|1768523523\n|switch|p2a: Ho-Oh|Ho-Oh, L50|100/100\n|move|p1b: Indeedee|Helping Hand|p1a: Lunala\n|-singleturn|p1a: Lunala|Helping Hand|[of] p1b: Indeedee\n|move|p2b: Vaporeon|Yawn|p1b: Indeedee\n|-start|p1b: Indeedee|move: Yawn|[of] p2b: Vaporeon\n|move|p1a: Lunala|Expanding Force|p2a: Ho-Oh|[spread] p2a,p2b\n|-damage|p2a: Ho-Oh|44/100\n|-damage|p2b: Vaporeon|0 fnt\n|faint|p2b: Vaporeon\n|-enditem|p2a: Ho-Oh|Red Card|[of] p1a: Lunala\n|drag|p1a: Smeargle|Smeargle, L50, M, shiny|100/100\n|-status|p1a: Smeargle|psn\n|\n|-damage|p1a: Smeargle|88/100 psn|[from] psn\n|upkeep\n|\n|t:|1768523531\n|switch|p2b: Incineroar|Incineroar, L50, M|100/100\n|-ability|p2b: Incineroar|Intimidate|boost\n|-unboost|p1a: Smeargle|atk|1\n|-unboost|p1b: Indeedee|atk|1\n|turn|3\n|\n|t:|1768523574\n|switch|p1b: Calyrex|Calyrex-Ice, L50|100/100\n|-ability|p1b: Calyrex|As One\n|-ability|p1b: Calyrex|Unnerve\n|-status|p1b: Calyrex|psn\n|move|p2b: Incineroar|Knock Off|p1b: Calyrex\n|-supereffective|p1b: Calyrex\n|-damage|p1b: Calyrex|53/100 psn\n|-enditem|p1b: Calyrex|Clear Amulet|[from] move: Knock Off|[of] p2b: Incineroar\n|move|p2a: Ho-Oh|Sacred Fire|p1a: Smeargle\n|-damage|p1a: Smeargle|8/100 psn\n|move|p1a: Smeargle|Spore|p2a: Ho-Oh\n|-status|p2a: Ho-Oh|slp|[from] move: Spore\n|\n|-damage|p1b: Calyrex|41/100 psn|[from] psn\n|-damage|p1a: Smeargle|0 fnt|[from] psn\n|faint|p1a: Smeargle\n|upkeep\n|\n|t:|1768523593\n|switch|p1a: Lunala|Lunala, L50|100/100\n|-status|p1a: Lunala|psn\n|turn|4\n|\n|t:|1768523606\n|switch|p2a: Eternatus|Eternatus, L50, tera:Fairy|57/100\n|-ability|p2a: Eternatus|Pressure\n|-terastallize|p1b: Calyrex|Fire\n|move|p1b: Calyrex|Glacial Lance|p2a: Eternatus|[spread] p2a,p2b\n|-resisted|p2b: Incineroar\n|-damage|p2a: Eternatus|11/100\n|-damage|p2b: Incineroar|74/100\n|move|p2b: Incineroar|Parting Shot|p1a: Lunala\n|-unboost|p1a: Lunala|atk|1\n|-unboost|p1a: Lunala|spa|1\n|\n|t:|1768523615\n|switch|p2b: Ho-Oh|Ho-Oh, L50|77/100 slp|[from] Parting Shot\n|move|p1a: Lunala|Meteor Beam||[still]\n|-prepare|p1a: Lunala|Meteor Beam\n|-boost|p1a: Lunala|spa|1\n|-enditem|p1a: Lunala|Power Herb\n|-anim|p1a: Lunala|Meteor Beam|p2a: Eternatus|[miss]\n|-miss|p1a: Lunala|p2a: Eternatus\n|\n|-damage|p1b: Calyrex|29/100 psn|[from] psn\n|-damage|p1a: Lunala|88/100 psn|[from] psn\n|upkeep\n|turn|5\n|\n|t:|1768523630\n|switch|p2b: Incineroar|Incineroar, L50, M|74/100\n|-ability|p2b: Incineroar|Intimidate|boost\n|-unboost|p1a: Lunala|atk|1\n|-unboost|p1b: Calyrex|atk|1\n|move|p2a: Eternatus|Protect|p2a: Eternatus\n|-singleturn|p2a: Eternatus|Protect\n|move|p1b: Calyrex|Glacial Lance|p2a: Eternatus|[spread] p2b\n|-activate|p2a: Eternatus|move: Protect\n|-resisted|p2b: Incineroar\n|-crit|p2b: Incineroar\n|-damage|p2b: Incineroar|39/100\n|move|p1a: Lunala|Expanding Force|p2a: Eternatus|[spread] \n|-activate|p2a: Eternatus|move: Protect\n|-immune|p2b: Incineroar\n|\n|-damage|p1b: Calyrex|17/100 psn|[from] psn\n|-damage|p1a: Lunala|75/100 psn|[from] psn\n|-fieldend|move: Trick Room\n|-fieldend|move: Psychic Terrain\n|upkeep\n|turn|6\n|\n|t:|1768523666\n|switch|p1b: Indeedee|Indeedee-F, L50, F, shiny|100/100\n|-status|p1b: Indeedee|psn\n|-fieldstart|move: Psychic Terrain|[from] ability: Psychic Surge|[of] p1b: Indeedee\n|move|p2a: Eternatus|Recover|p2a: Eternatus\n|-heal|p2a: Eternatus|61/100\n|move|p1a: Lunala|Moongeist Beam|p2b: Incineroar\n|-resisted|p2b: Incineroar\n|-damage|p2b: Incineroar|17/100\n|move|p2b: Incineroar|Parting Shot|p1a: Lunala\n|-unboost|p1a: Lunala|atk|1\n|-unboost|p1a: Lunala|spa|1\n|\n|t:|1768523670\n|switch|p2b: Ho-Oh|Ho-Oh, L50|100/100 slp|[from] Parting Shot\n|\n|-damage|p1a: Lunala|63/100 psn|[from] psn\n|-damage|p1b: Indeedee|88/100 psn|[from] psn\n|upkeep\n|turn|7\n|\n|t:|1768523699\n|switch|p1a: Calyrex|Calyrex-Ice, L50, tera:Fire|17/100 psn\n|-ability|p1a: Calyrex|As One\n|-ability|p1a: Calyrex|Unnerve\n|move|p1b: Indeedee|Follow Me|p1b: Indeedee\n|-singleturn|p1b: Indeedee|move: Follow Me\n|move|p2a: Eternatus|Recover|p2a: Eternatus\n|-heal|p2a: Eternatus|100/100\n|cant|p2b: Ho-Oh|slp\n|\n|-damage|p1b: Indeedee|76/100 psn|[from] psn\n|-damage|p1a: Calyrex|5/100 psn|[from] psn\n|upkeep\n|turn|8\n|\n|t:|1768523720\n|move|p2a: Eternatus|Dynamax Cannon|p1b: Indeedee\n|-damage|p1b: Indeedee|28/100 psn\n|cant|p2b: Ho-Oh|slp\n|move|p1a: Calyrex|Glacial Lance|p2b: Ho-Oh|[spread] p2a,p2b\n|-damage|p2a: Eternatus|49/100\n|-damage|p2b: Ho-Oh|58/100 slp\n|move|p1b: Indeedee|Trick Room|p1b: Indeedee\n|-fieldstart|move: Trick Room|[of] p1b: Indeedee\n|\n|-damage|p1a: Calyrex|0 fnt|[from] psn\n|faint|p1a: Calyrex\n|-damage|p1b: Indeedee|15/100 psn|[from] psn\n|upkeep\n|\n|t:|1768523731\n|switch|p1a: Lunala|Lunala, L50|63/100 psn\n|turn|9\n|\n|t:|1768523739\n|switch|p2b: Incineroar|Incineroar, L50, M|17/100\n|-ability|p2b: Incineroar|Intimidate|boost\n|-unboost|p1a: Lunala|atk|1\n|-unboost|p1b: Indeedee|atk|1\n|move|p1b: Indeedee|Helping Hand|p1a: Lunala\n|-singleturn|p1a: Lunala|Helping Hand|[of] p1b: Indeedee\n|move|p2a: Eternatus|Protect|p2a: Eternatus\n|-singleturn|p2a: Eternatus|Protect\n|move|p1a: Lunala|Expanding Force|p2a: Eternatus|[spread] \n|-activate|p2a: Eternatus|move: Protect\n|-immune|p2b: Incineroar\n|\n|-damage|p1b: Indeedee|3/100 psn|[from] psn\n|-damage|p1a: Lunala|50/100 psn|[from] psn\n|upkeep\n|turn|10\n|\n|t:|1768523779\n|switch|p2a: Ho-Oh|Ho-Oh, L50|92/100 slp\n|move|p2b: Incineroar|Protect|p2b: Incineroar\n|-singleturn|p2b: Incineroar|Protect\n|move|p1b: Indeedee|Alluring Voice|p2b: Incineroar\n|-activate|p2b: Incineroar|move: Protect\n|move|p1a: Lunala|Expanding Force|p2a: Ho-Oh|[spread] p2a\n|-activate|p2b: Incineroar|move: Protect\n|-damage|p2a: Ho-Oh|56/100 slp\n|\n|-damage|p1b: Indeedee|0 fnt|[from] psn\n|faint|p1b: Indeedee\n|-damage|p1a: Lunala|38/100 psn|[from] psn\n|-fieldend|move: Psychic Terrain\n|upkeep\n|turn|11\n|\n|t:|1768523800\n|move|p2b: Incineroar|Parting Shot|p1a: Lunala\n|-unboost|p1a: Lunala|atk|1\n|-unboost|p1a: Lunala|spa|1\n|\n|t:|1768523802\n|switch|p2b: Eternatus|Eternatus, L50, tera:Fairy|49/100|[from] Parting Shot\n|-ability|p2b: Eternatus|Pressure\n|cant|p2a: Ho-Oh|slp\n|move|p1a: Lunala|Moongeist Beam|p2b: Eternatus\n|-damage|p2b: Eternatus|27/100\n|\n|-damage|p1a: Lunala|25/100 psn|[from] psn\n|upkeep\n|turn|12\n|\n|t:|1768523824\n|move|p2b: Eternatus|Protect|p2b: Eternatus\n|-singleturn|p2b: Eternatus|Protect\n|-curestatus|p2a: Ho-Oh|slp|[msg]\n|move|p2a: Ho-Oh|Life Dew|p2a: Ho-Oh|[spread] p2a,p2b\n|-heal|p2a: Ho-Oh|81/100\n|-heal|p2b: Eternatus|52/100\n|move|p1a: Lunala|Moongeist Beam|p2b: Eternatus\n|-activate|p2b: Eternatus|move: Protect\n|\n|-damage|p1a: Lunala|13/100 psn|[from] psn\n|-fieldend|move: Trick Room\n|upkeep\n|turn|13\n|-message|Pe13121 forfeited.\n|\n|win|photon sheister\n|raw|Pe13121's rating: 1233 &rarr; <strong>1216</strong><br />(-17 for losing)\n|raw|photon sheister's rating: 1355 &rarr; <strong>1368</strong><br />(+13 for winning)\n|l|\u2606Pe13121\n|player|p1|\n|l|\u2606photon sheister\n|player|p2|\n","uploadtime":1768524016,"views":8,"formatid":"gen9vgc2026regi","rating":1216,"private":0,"password":null}