{"id":"gen9vgc2026regi-2586799524","format":"[Gen 9] VGC 2026 Reg I","players":["aqqqxin","Shagrathisbeast"],"log":"|j|\u2606aqqqxin\n|j|\u2606Shagrathisbeast\n|t:|1776460862\n|gametype|doubles\n|player|p1|aqqqxin|roxie|1526\n|player|p2|Shagrathisbeast|169|1625\n|gen|9\n|tier|[Gen 9] VGC 2026 Reg I\n|rated|\n|rule|Species Clause: Limit one of each Pok\u00e9mon\n|rule|Item Clause: Limit 1 of each item\n|clearpoke\n|poke|p1|Rillaboom, L50, M|\n|poke|p1|Incineroar, L50, F|\n|poke|p1|Zamazenta-*, L50|\n|poke|p1|Calyrex-Shadow, L50|\n|poke|p1|Ogerpon-Cornerstone, L50, F|\n|poke|p1|Tornadus, L50, M|\n|poke|p2|Terapagos, L50, M|\n|poke|p2|Clefairy, L50, M|\n|poke|p2|Ogerpon-Hearthflame, L50, F|\n|poke|p2|Calyrex-Shadow, L50|\n|poke|p2|Incineroar, L50, F|\n|poke|p2|Rillaboom, L50, F|\n|teampreview|4\n|\n|t:|1776460900\n|teamsize|p1|4\n|teamsize|p2|4\n|start\n|switch|p1a: Incineroar|Incineroar, L50, F|100/100\n|switch|p1b: Tornadus|Tornadus, L50, M|100/100\n|switch|p2a: Rillaboom|Rillaboom, L50, F, shiny|100/100\n|switch|p2b: Calyrex|Calyrex-Shadow, L50|100/100\n|-ability|p2b: Calyrex|As One\n|-ability|p2b: Calyrex|Unnerve\n|-fieldstart|move: Grassy Terrain|[from] ability: Grassy Surge|[of] p2a: Rillaboom\n|-ability|p1a: Incineroar|Intimidate|boost\n|-unboost|p2a: Rillaboom|atk|1\n|-unboost|p2b: Calyrex|atk|1\n|turn|1\n|\n|t:|1776460939\n|switch|p2b: Incineroar|Incineroar, L50, F|100/100\n|-ability|p2b: Incineroar|Intimidate|boost\n|-unboost|p1a: Incineroar|atk|1\n|-unboost|p1b: Tornadus|atk|1\n|move|p1b: Tornadus|Protect|p1b: Tornadus\n|-singleturn|p1b: Tornadus|Protect\n|move|p2a: Rillaboom|U-turn|p1a: Incineroar\n|-damage|p1a: Incineroar|89/100\n|-damage|p2a: Rillaboom|84/100|[from] item: Rocky Helmet|[of] p1a: Incineroar\n|\n|t:|1776460949\n|switch|p2a: Terapagos|Terapagos, L50, M|100/100|[from] U-turn\n|-activate|p2a: Terapagos|ability: Tera Shift\n|detailschange|p2a: Terapagos|Terapagos-Terastal, L50, M\n|-heal|p2a: Terapagos|100/100|[silent]\n|move|p1a: Incineroar|Knock Off|p2b: Incineroar\n|-resisted|p2b: Incineroar\n|-crit|p2b: Incineroar\n|-damage|p2b: Incineroar|82/100\n|-damage|p1a: Incineroar|72/100|[from] item: Rocky Helmet|[of] p2b: Incineroar\n|-enditem|p2b: Incineroar|Rocky Helmet|[from] move: Knock Off|[of] p1a: Incineroar\n|\n|-heal|p1a: Incineroar|78/100|[from] Grassy Terrain\n|-heal|p2b: Incineroar|88/100|[from] Grassy Terrain\n|upkeep\n|turn|2\n|\n|t:|1776460979\n|switch|p1a: Zamazenta|Zamazenta-Crowned, L50|100/100\n|-ability|p1a: Zamazenta|Dauntless Shield|boost\n|-boost|p1a: Zamazenta|def|1\n|move|p2a: Terapagos|Protect|p2a: Terapagos\n|-singleturn|p2a: Terapagos|Protect\n|move|p1b: Tornadus|Taunt|p2a: Terapagos\n|-activate|p2a: Terapagos|move: Protect\n|move|p2b: Incineroar|Taunt|p1b: Tornadus\n|-start|p1b: Tornadus|move: Taunt\n|-enditem|p1b: Tornadus|Mental Herb\n|-end|p1b: Tornadus|move: Taunt\n|\n|-heal|p2b: Incineroar|94/100|[from] Grassy Terrain\n|upkeep\n|turn|3\n|\n|t:|1776461005\n|switch|p2b: Calyrex|Calyrex-Shadow, L50|100/100\n|-ability|p2b: Calyrex|As One\n|-ability|p2b: Calyrex|Unnerve\n|move|p1b: Tornadus|Bleakwind Storm|p2b: Calyrex|[spread] p2a,p2b\n|-activate|p2a: Terapagos|ability: Tera Shell\n|-resisted|p2a: Terapagos\n|-damage|p2a: Terapagos|87/100\n|-damage|p2b: Calyrex|68/100\n|-unboost|p2b: Calyrex|spe|1\n|move|p1a: Zamazenta|Body Press|p2b: Calyrex\n|-immune|p2b: Calyrex\n|move|p2a: Terapagos|Earth Power|p1a: Zamazenta\n|-supereffective|p1a: Zamazenta\n|-damage|p1a: Zamazenta|59/100\n|\n|-heal|p1a: Zamazenta|65/100|[from] Grassy Terrain\n|-heal|p2b: Calyrex|74/100|[from] Grassy Terrain\n|-heal|p2a: Terapagos|93/100|[from] Grassy Terrain\n|-heal|p2a: Terapagos|99/100|[from] item: Leftovers\n|upkeep\n|turn|4\n|\n|t:|1776461057\n|switch|p1b: Incineroar|Incineroar, L50, F|78/100\n|-ability|p1b: Incineroar|Intimidate|boost\n|-unboost|p2a: Terapagos|atk|1\n|-unboost|p2b: Calyrex|atk|1\n|switch|p2b: Incineroar|Incineroar, L50, F|94/100\n|-ability|p2b: Incineroar|Intimidate|boost\n|-unboost|p1a: Zamazenta|atk|1\n|-unboost|p1b: Incineroar|atk|1\n|move|p1a: Zamazenta|Protect|p1a: Zamazenta\n|-singleturn|p1a: Zamazenta|Protect\n|move|p2a: Terapagos|Protect||[still]\n|-fail|p2a: Terapagos\n|\n|-heal|p1a: Zamazenta|71/100|[from] Grassy Terrain\n|-heal|p2a: Terapagos|100/100|[from] Grassy Terrain\n|-heal|p1b: Incineroar|84/100|[from] Grassy Terrain\n|-heal|p2b: Incineroar|99/100|[from] Grassy Terrain\n|upkeep\n|turn|5\n|\n|t:|1776461095\n|move|p2b: Incineroar|Fake Out|p1a: Zamazenta\n|-resisted|p1a: Zamazenta\n|-damage|p1a: Zamazenta|69/100\n|cant|p1a: Zamazenta|flinch\n|move|p2a: Terapagos|Calm Mind|p2a: Terapagos\n|-boost|p2a: Terapagos|spa|1\n|-boost|p2a: Terapagos|spd|1\n|move|p1b: Incineroar|Taunt|p2a: Terapagos\n|-start|p2a: Terapagos|move: Taunt\n|\n|-heal|p1a: Zamazenta|75/100|[from] Grassy Terrain\n|-heal|p1b: Incineroar|90/100|[from] Grassy Terrain\n|-heal|p2b: Incineroar|100/100|[from] Grassy Terrain\n|-fieldend|move: Grassy Terrain\n|upkeep\n|turn|6\n|j| sjknjhlhf\n|\n|t:|1776461128\n|switch|p2b: Rillaboom|Rillaboom, L50, F, shiny|84/100\n|-fieldstart|move: Grassy Terrain|[from] ability: Grassy Surge|[of] p2b: Rillaboom\n|move|p1a: Zamazenta|Body Press|p2b: Rillaboom\n|-damage|p2b: Rillaboom|12/100\n|move|p2a: Terapagos|Tera Starstorm|p1b: Incineroar\n|-damage|p1b: Incineroar|14/100\n|move|p1b: Incineroar|Knock Off|p2a: Terapagos\n|-activate|p2a: Terapagos|ability: Tera Shell\n|-resisted|p2a: Terapagos\n|-damage|p2a: Terapagos|91/100\n|-enditem|p2a: Terapagos|Leftovers|[from] move: Knock Off|[of] p1b: Incineroar\n|\n|-heal|p1a: Zamazenta|81/100|[from] Grassy Terrain\n|-heal|p2b: Rillaboom|18/100|[from] Grassy Terrain\n|-heal|p2a: Terapagos|97/100|[from] Grassy Terrain\n|-heal|p1b: Incineroar|20/100|[from] Grassy Terrain\n|upkeep\n|turn|7\n|l| sjknjhlhf\n|\n|t:|1776461216\n|switch|p1b: Tornadus|Tornadus, L50, M|100/100\n|move|p1a: Zamazenta|Protect|p1a: Zamazenta\n|-singleturn|p1a: Zamazenta|Protect\n|move|p2b: Rillaboom|Fake Out|p1a: Zamazenta\n|-activate|p1a: Zamazenta|move: Protect\n|move|p2a: Terapagos|Earth Power|p1b: Tornadus\n|-immune|p1b: Tornadus\n|\n|-heal|p1a: Zamazenta|87/100|[from] Grassy Terrain\n|-heal|p2b: Rillaboom|24/100|[from] Grassy Terrain\n|-heal|p2a: Terapagos|100/100|[from] Grassy Terrain\n|upkeep\n|turn|8\n|\n|t:|1776461239\n|switch|p2b: Incineroar|Incineroar, L50, F|100/100\n|-ability|p2b: Incineroar|Intimidate|boost\n|-unboost|p1a: Zamazenta|atk|1\n|-unboost|p1b: Tornadus|atk|1\n|move|p1b: Tornadus|Bleakwind Storm|p2a: Terapagos|[spread] p2a,p2b\n|-activate|p2a: Terapagos|ability: Tera Shell\n|-resisted|p2a: Terapagos\n|-damage|p2a: Terapagos|91/100\n|-damage|p2b: Incineroar|70/100\n|move|p1a: Zamazenta|Body Press|p2a: Terapagos\n|-supereffective|p2a: Terapagos\n|-damage|p2a: Terapagos|0 fnt\n|faint|p2a: Terapagos\n|\n|-heal|p1a: Zamazenta|93/100|[from] Grassy Terrain\n|-heal|p2b: Incineroar|76/100|[from] Grassy Terrain\n|upkeep\n|\n|t:|1776461254\n|switch|p2a: Calyrex|Calyrex-Shadow, L50|74/100\n|-ability|p2a: Calyrex|As One\n|-ability|p2a: Calyrex|Unnerve\n|turn|9\n|\n|t:|1776461271\n|move|p1a: Zamazenta|Protect|p1a: Zamazenta\n|-singleturn|p1a: Zamazenta|Protect\n|move|p1b: Tornadus|Tailwind|p1b: Tornadus\n|-sidestart|p1: aqqqxin|move: Tailwind\n|move|p2a: Calyrex|Will-O-Wisp|p1a: Zamazenta\n|-activate|p1a: Zamazenta|move: Protect\n|move|p2b: Incineroar|Parting Shot|p1b: Tornadus\n|-unboost|p1b: Tornadus|atk|1\n|-unboost|p1b: Tornadus|spa|1\n|\n|t:|1776461276\n|switch|p2b: Rillaboom|Rillaboom, L50, F, shiny|24/100|[from] Parting Shot\n|\n|-heal|p1a: Zamazenta|99/100|[from] Grassy Terrain\n|-heal|p2a: Calyrex|79/100|[from] Grassy Terrain\n|-heal|p2b: Rillaboom|31/100|[from] Grassy Terrain\n|upkeep\n|turn|10\n|\n|t:|1776461304\n|move|p2b: Rillaboom|Fake Out|p1a: Zamazenta\n|-resisted|p1a: Zamazenta\n|-damage|p1a: Zamazenta|97/100\n|move|p1b: Tornadus|Bleakwind Storm|p2a: Calyrex|[spread] p2b\n|-miss|p1b: Tornadus|p2a: Calyrex\n|-supereffective|p2b: Rillaboom\n|-damage|p2b: Rillaboom|3/100\n|-unboost|p2b: Rillaboom|spe|1\n|cant|p1a: Zamazenta|flinch\n|move|p2a: Calyrex|Psychic|p1b: Tornadus\n|-damage|p1b: Tornadus|41/100\n|-unboost|p1b: Tornadus|spd|1\n|\n|-heal|p1a: Zamazenta|100/100|[from] Grassy Terrain\n|-heal|p2a: Calyrex|85/100|[from] Grassy Terrain\n|-heal|p2b: Rillaboom|9/100|[from] Grassy Terrain\n|-fieldend|move: Grassy Terrain\n|upkeep\n|turn|11\n|\n|t:|1776461338\n|-terastallize|p2a: Calyrex|Ghost\n|move|p1b: Tornadus|Bleakwind Storm|p2b: Rillaboom|[spread] p2a,p2b\n|-supereffective|p2b: Rillaboom\n|-damage|p2a: Calyrex|64/100\n|-damage|p2b: Rillaboom|0 fnt\n|faint|p2b: Rillaboom\n|move|p1a: Zamazenta|Heavy Slam|p2a: Calyrex\n|-damage|p2a: Calyrex|34/100\n|move|p2a: Calyrex|Astral Barrage|p1b: Tornadus|[spread] p1a,p1b\n|-damage|p1a: Zamazenta|55/100\n|-damage|p1b: Tornadus|0 fnt\n|faint|p1b: Tornadus\n|-ability|p2a: Calyrex|Grim Neigh|boost\n|-boost|p2a: Calyrex|spa|1\n|\n|upkeep\n|\n|t:|1776461356\n|switch|p1b: Calyrex|Calyrex-Shadow, L50|100/100\n|switch|p2b: Incineroar|Incineroar, L50, F|76/100\n|-ability|p1b: Calyrex|As One\n|-ability|p1b: Calyrex|Unnerve\n|-ability|p2b: Incineroar|Intimidate|boost\n|-unboost|p1a: Zamazenta|atk|1\n|-unboost|p1b: Calyrex|atk|1\n|turn|12\n|\n|t:|1776461371\n|move|p2a: Calyrex|Protect|p2a: Calyrex\n|-singleturn|p2a: Calyrex|Protect\n|move|p2b: Incineroar|Fake Out|p1a: Zamazenta\n|-resisted|p1a: Zamazenta\n|-damage|p1a: Zamazenta|53/100\n|move|p1b: Calyrex|Astral Barrage|p2b: Incineroar|[spread] p2b\n|-activate|p2a: Calyrex|move: Protect\n|-resisted|p2b: Incineroar\n|-damage|p2b: Incineroar|43/100\n|-damage|p1b: Calyrex|91/100|[from] item: Life Orb\n|cant|p1a: Zamazenta|flinch\n|\n|-sideend|p1: aqqqxin|move: Tailwind\n|upkeep\n|turn|13\n|\n|t:|1776461400\n|-terastallize|p1b: Calyrex|Dark\n|move|p1b: Calyrex|Astral Barrage|p2b: Incineroar|[spread] p2a,p2b\n|-supereffective|p2a: Calyrex\n|-crit|p2a: Calyrex\n|-resisted|p2b: Incineroar\n|-damage|p2a: Calyrex|0 fnt\n|-damage|p2b: Incineroar|9/100\n|faint|p2a: Calyrex\n|-ability|p1b: Calyrex|Grim Neigh|boost\n|-boost|p1b: Calyrex|spa|1\n|-damage|p1b: Calyrex|81/100|[from] item: Life Orb\n|move|p1a: Zamazenta|Body Press|p2b: Incineroar\n|-supereffective|p2b: Incineroar\n|-damage|p2b: Incineroar|0 fnt\n|faint|p2b: Incineroar\n|\n|win|aqqqxin\n|raw|aqqqxin's rating: 1526 &rarr; <strong>1552</strong><br />(+26 for winning)\n|raw|Shagrathisbeast's rating: 1625 &rarr; <strong>1599</strong><br />(-26 for losing)\n|l|\u2606Shagrathisbeast\n|player|p2|\n|l|\u2606aqqqxin\n|player|p1|\n","uploadtime":1776461541,"views":11,"formatid":"gen9vgc2026regi","rating":1552,"private":0,"password":null}