{"id":"gen9vgc2026regi-2565237511","format":"[Gen 9] VGC 2026 Reg I","players":["Gene10","ScribbleScribble"],"log":"|j|\u203dGene10\n|j|\u2606ScribbleScribble\n|t:|1774249350\n|gametype|doubles\n|player|p1|Gene10|170|1361\n|player|p2|ScribbleScribble|mina-lgpe|1562\n|gen|9\n|tier|[Gen 9] VGC 2026 Reg I\n|rated|\n|rule|Species Clause: Limit one of each Pok\u00e9mon\n|rule|Item Clause: Limit 1 of each item\n|clearpoke\n|poke|p1|Calyrex-Shadow, L50|\n|poke|p1|Zamazenta-*, L50|\n|poke|p1|Rillaboom, L50, M|\n|poke|p1|Incineroar, L50, F|\n|poke|p1|Whimsicott, L50, M|\n|poke|p1|Flutter Mane, L50|\n|poke|p2|Calyrex-Ice, L50|\n|poke|p2|Kyogre, L50|\n|poke|p2|Tornadus, L50, M|\n|poke|p2|Indeedee-F, L50, F|\n|poke|p2|Urshifu-*, L50, F|\n|poke|p2|Landorus, L50, M|\n|teampreview|4\n|inactive|Battle timer is ON: inactive players will automatically lose when time's up. (requested by ScribbleScribble)\n|inactive|Gene10 also wants the timer to be on.\n|j| slimeslatt252\n|inactive|Gene10 has 60 seconds left.\n|\n|t:|1774249392\n|teamsize|p1|4\n|teamsize|p2|4\n|start\n|switch|p1a: Zamazenta|Zamazenta-Crowned, L50|100/100\n|switch|p1b: Whimsicott|Whimsicott, L50, M|100/100\n|switch|p2a: Calyrex|Calyrex-Ice, L50|100/100\n|switch|p2b: Indeedee|Indeedee-F, L50, F, shiny|100/100\n|-ability|p2a: Calyrex|As One\n|-ability|p2a: Calyrex|Unnerve\n|-ability|p1a: Zamazenta|Dauntless Shield|boost\n|-boost|p1a: Zamazenta|def|1\n|-fieldstart|move: Psychic Terrain|[from] ability: Psychic Surge|[of] p2b: Indeedee\n|-enditem|p2b: Indeedee|Psychic Seed\n|-boost|p2b: Indeedee|spd|1|[from] item: Psychic Seed\n|turn|1\n|\n|t:|1774249414\n|switch|p1b: Rillaboom|Rillaboom, L50, M|100/100\n|-fieldstart|move: Grassy Terrain|[from] ability: Grassy Surge|[of] p1b: Rillaboom\n|switch|p2b: Landorus|Landorus, L50, M|100/100\n|move|p1a: Zamazenta|Body Press|p2b: Landorus\n|-resisted|p2b: Landorus\n|-damage|p2b: Landorus|66/100\n|move|p2a: Calyrex|Trick Room|p2a: Calyrex\n|-fieldstart|move: Trick Room|[of] p2a: Calyrex\n|\n|upkeep\n|turn|2\n|l| slimeslatt252\n|inactive|Gene10 has 30 seconds left.\n|\n|t:|1774249442\n|switch|p2a: Indeedee|Indeedee-F, L50, F, shiny|100/100\n|-fieldstart|move: Psychic Terrain|[from] ability: Psychic Surge|[of] p2a: Indeedee\n|-terastallize|p2b: Landorus|Poison\n|move|p1b: Rillaboom|Fake Out|p2a: Indeedee\n|-activate|p2a: Indeedee|move: Psychic Terrain\n|move|p2b: Landorus|Sludge Bomb|p1b: Rillaboom\n|-supereffective|p1b: Rillaboom\n|-damage|p1b: Rillaboom|4/100\n|move|p1a: Zamazenta|Heavy Slam|p2b: Landorus\n|-damage|p2b: Landorus|19/100\n|\n|upkeep\n|turn|3\n|j| slimeslatt252\n|inactive|Gene10 has 30 seconds left.\n|\n|t:|1774249471\n|move|p2a: Indeedee|Psychic|p1b: Rillaboom\n|-damage|p1b: Rillaboom|0 fnt\n|faint|p1b: Rillaboom\n|move|p2b: Landorus|Earth Power|p1a: Zamazenta\n|-supereffective|p1a: Zamazenta\n|-damage|p1a: Zamazenta|6/100\n|move|p1a: Zamazenta|Body Press|p2b: Landorus\n|-resisted|p2b: Landorus\n|-damage|p2b: Landorus|0 fnt\n|faint|p2b: Landorus\n|\n|upkeep\n|\n|t:|1774249488\n|switch|p1b: Calyrex|Calyrex-Shadow, L50|100/100\n|switch|p2b: Kyogre|Kyogre, L50|100/100\n|-ability|p1b: Calyrex|As One\n|-ability|p1b: Calyrex|Unnerve\n|-weather|RainDance|[from] ability: Drizzle|[of] p2b: Kyogre\n|turn|4\n|inactive|Gene10 has 30 seconds left.\n|\n|t:|1774249516\n|move|p1a: Zamazenta|Protect|p1a: Zamazenta\n|-singleturn|p1a: Zamazenta|Protect\n|move|p1b: Calyrex|Protect|p1b: Calyrex\n|-singleturn|p1b: Calyrex|Protect\n|move|p2a: Indeedee|Psychic|p1a: Zamazenta\n|-activate|p1a: Zamazenta|move: Protect\n|move|p2b: Kyogre|Hydro Pump|p1b: Calyrex\n|-activate|p1b: Calyrex|move: Protect\n|\n|-weather|RainDance|[upkeep]\n|upkeep\n|turn|5\n|inactive|Gene10 has 30 seconds left.\n|inactive|ScribbleScribble has 30 seconds left.\n|inactive|ScribbleScribble has 20 seconds left.\n|inactive|ScribbleScribble has 15 seconds left.\n|inactive|ScribbleScribble has 10 seconds left.\n|inactive|ScribbleScribble has 5 seconds left.\n|c| slimeslatt252|spout spout spout\n|\n|t:|1774249571\n|move|p1a: Zamazenta|Wide Guard|p1a: Zamazenta\n|-singleturn|p1a: Zamazenta|Wide Guard\n|move|p2a: Indeedee|Psychic|p1a: Zamazenta\n|-damage|p1a: Zamazenta|0 fnt\n|faint|p1a: Zamazenta\n|move|p2b: Kyogre|Water Spout|p1b: Calyrex\n|-activate|p1b: Calyrex|move: Wide Guard\n|move|p1b: Calyrex|Nasty Plot|p1b: Calyrex\n|-boost|p1b: Calyrex|spa|2\n|\n|-weather|RainDance|[upkeep]\n|-fieldend|move: Trick Room\n|upkeep\n|\n|t:|1774249581\n|switch|p1a: Whimsicott|Whimsicott, L50, M|100/100\n|turn|6\n|c| slimeslatt252|noooo\n|\n|t:|1774249601\n|-terastallize|p1b: Calyrex|Ghost\n|move|p2b: Kyogre|Protect|p2b: Kyogre\n|-singleturn|p2b: Kyogre|Protect\n|move|p1b: Calyrex|Astral Barrage|p2b: Kyogre|[spread] \n|-activate|p2b: Kyogre|move: Protect\n|-immune|p2a: Indeedee\n|move|p1a: Whimsicott|Moonblast|p2a: Indeedee\n|-damage|p2a: Indeedee|73/100\n|move|p2a: Indeedee|Trick Room|p2a: Indeedee\n|-fieldstart|move: Trick Room|[of] p2a: Indeedee\n|\n|-weather|RainDance|[upkeep]\n|-fieldend|move: Psychic Terrain\n|upkeep\n|turn|7\n|c| slimeslatt252|interesting\n|inactive|ScribbleScribble has 30 seconds left.\n|inactive|ScribbleScribble has 20 seconds left.\n|inactive|ScribbleScribble has 15 seconds left.\n|inactive|ScribbleScribble has 10 seconds left.\n|\n|t:|1774249649\n|move|p1a: Whimsicott|Encore|p2a: Indeedee\n|-start|p2a: Indeedee|Encore\n|move|p2a: Indeedee|Trick Room|p2a: Indeedee\n|-fieldend|move: Trick Room\n|move|p1b: Calyrex|Astral Barrage|p2b: Kyogre|[spread] p2b\n|-immune|p2a: Indeedee\n|-damage|p2b: Kyogre|0 fnt\n|faint|p2b: Kyogre\n|-ability|p1b: Calyrex|Grim Neigh|boost\n|-boost|p1b: Calyrex|spa|1\n|\n|-weather|RainDance|[upkeep]\n|upkeep\n|c| slimeslatt252|follow me spout\n|\n|t:|1774249651\n|switch|p2b: Calyrex|Calyrex-Ice, L50|100/100\n|-ability|p2b: Calyrex|As One\n|-ability|p2b: Calyrex|Unnerve\n|turn|8\n|c| slimeslatt252|lmaoooo\n|inactive|Gene10 has 30 seconds left.\n|c| slimeslatt252|that encore was so obvious man \u2639\ufe0f\n|inactive|Gene10 has 20 seconds left.\n|\n|t:|1774249687\n|move|p1a: Whimsicott|Fake Tears|p2b: Calyrex\n|-fail|p2b: Calyrex|unboost|[from] item: Clear Amulet|[of] p2b: Calyrex\n|move|p1b: Calyrex|Astral Barrage|p2a: Indeedee|[spread] p2b\n|-immune|p2a: Indeedee\n|-supereffective|p2b: Calyrex\n|-damage|p2b: Calyrex|0 fnt\n|faint|p2b: Calyrex\n|-ability|p1b: Calyrex|Grim Neigh|boost\n|-boost|p1b: Calyrex|spa|1\n|move|p2a: Indeedee|Trick Room|p2a: Indeedee\n|-fieldstart|move: Trick Room|[of] p2a: Indeedee\n|\n|-weather|none\n|upkeep\n|turn|9\n|c|\u2606ScribbleScribble|Sorry I was distracted\n|\n|t:|1774249703\n|move|p1a: Whimsicott|Fake Tears|p2a: Indeedee\n|-unboost|p2a: Indeedee|spd|2\n|move|p1b: Calyrex|Psychic|p2a: Indeedee\n|-resisted|p2a: Indeedee\n|-damage|p2a: Indeedee|0 fnt\n|faint|p2a: Indeedee\n|\n|win|Gene10\n|raw|Gene10's rating: 1361 &rarr; <strong>1392</strong><br />(+31 for winning)\n|raw|ScribbleScribble's rating: 1585 &rarr; <strong>1554</strong><br />(-31 for losing)\n|c|\u2606ScribbleScribble|Didn't think Abt it\n|l| slimeslatt252\n|l|\u2606ScribbleScribble\n|player|p2|\n|j| slimeslatt252\n|l|\u203dGene10\n|player|p1|\n","uploadtime":1774249940,"views":12,"formatid":"gen9vgc2026regi","rating":1392,"private":0,"password":null}