{"id":"gen9vgc2026regi-2561801009","format":"[Gen 9] VGC 2026 Reg I","players":["pzyxhic","ArisHazard"],"log":"|j|\u2606pzyxhic\n|j|\u2606ArisHazard\n|t:|1773844805\n|gametype|doubles\n|player|p1|pzyxhic|101|1422\n|player|p2|ArisHazard|266|1354\n|gen|9\n|tier|[Gen 9] VGC 2026 Reg I\n|rated|\n|rule|Species Clause: Limit one of each Pok\u00e9mon\n|rule|Item Clause: Limit 1 of each item\n|clearpoke\n|poke|p1|Giratina-Origin, L50|\n|poke|p1|Zamazenta-*, L50|\n|poke|p1|Incineroar, L50, F|\n|poke|p1|Amoonguss, L50, F|\n|poke|p1|Urshifu-*, L50, F|\n|poke|p1|Grimmsnarl, L50, M|\n|poke|p2|Calyrex-Ice, L50|\n|poke|p2|Hitmontop, L50, M|\n|poke|p2|Miraidon, L50|\n|poke|p2|Sableye, L50, F|\n|poke|p2|Ting-Lu, L50|\n|poke|p2|Iron Valiant, L50|\n|teampreview|4\n|inactive|Battle timer is ON: inactive players will automatically lose when time's up. (requested by ArisHazard)\n|inactive|pzyxhic has 60 seconds left.\n|\n|t:|1773844856\n|teamsize|p1|4\n|teamsize|p2|4\n|start\n|switch|p1a: Urshifu|Urshifu-Rapid-Strike, L50, F|100/100\n|switch|p1b: Grimmsnarl|Grimmsnarl, L50, M|100/100\n|switch|p2a: Calyrex|Calyrex-Ice, L50|100/100\n|switch|p2b: Hitmontop|Hitmontop, L50, M|100/100\n|-ability|p2a: Calyrex|As One\n|-ability|p2a: Calyrex|Unnerve\n|-ability|p2b: Hitmontop|Intimidate|boost\n|-unboost|p1a: Urshifu|atk|1\n|-unboost|p1b: Grimmsnarl|atk|1\n|turn|1\n|\n|t:|1773844877\n|switch|p1a: Incineroar|Incineroar, L50, F|100/100\n|-ability|p1a: Incineroar|Intimidate|boost\n|-fail|p2a: Calyrex|unboost|[from] item: Clear Amulet|[of] p2a: Calyrex\n|-unboost|p2b: Hitmontop|atk|1\n|move|p2b: Hitmontop|Fake Out|p1a: Incineroar\n|-damage|p1a: Incineroar|95/100\n|move|p1b: Grimmsnarl|Thunder Wave|p2a: Calyrex\n|-status|p2a: Calyrex|par\n|move|p2a: Calyrex|Glacial Lance|p1a: Incineroar|[spread] p1a,p1b\n|-resisted|p1a: Incineroar\n|-crit|p1b: Grimmsnarl\n|-damage|p1a: Incineroar|69/100\n|-damage|p1b: Grimmsnarl|4/100\n|\n|upkeep\n|turn|2\n|inactive|pzyxhic has 30 seconds left.\n|\n|t:|1773844905\n|switch|p1b: Zamazenta|Zamazenta-Crowned, L50|100/100\n|-ability|p1b: Zamazenta|Dauntless Shield|boost\n|-boost|p1b: Zamazenta|def|1\n|cant|p2a: Calyrex|par\n|move|p2b: Hitmontop|Coaching|p2a: Calyrex\n|-boost|p2a: Calyrex|atk|1\n|-boost|p2a: Calyrex|def|1\n|move|p1a: Incineroar|Knock Off|p2a: Calyrex\n|-supereffective|p2a: Calyrex\n|-damage|p2a: Calyrex|69/100 par\n|-enditem|p2a: Calyrex|Clear Amulet|[from] move: Knock Off|[of] p1a: Incineroar\n|\n|upkeep\n|turn|3\n|inactive|pzyxhic has 30 seconds left.\n|\n|t:|1773844933\n|switch|p1a: Urshifu|Urshifu-Rapid-Strike, L50, F|100/100\n|move|p1b: Zamazenta|Coaching|p1a: Urshifu\n|-boost|p1a: Urshifu|atk|1\n|-boost|p1a: Urshifu|def|1\n|move|p2b: Hitmontop|Coaching|p2a: Calyrex\n|-boost|p2a: Calyrex|atk|1\n|-boost|p2a: Calyrex|def|1\n|cant|p2a: Calyrex|par\n|\n|upkeep\n|turn|4\n|inactive|pzyxhic has 30 seconds left.\n|\n|t:|1773844962\n|switch|p2b: Miraidon|Miraidon, L50|100/100\n|-fieldstart|move: Electric Terrain|[from] ability: Hadron Engine|[of] p2b: Miraidon\n|move|p1a: Urshifu|Surging Strikes|p2a: Calyrex\n|-crit|p2a: Calyrex\n|-damage|p2a: Calyrex|49/100 par\n|-crit|p2a: Calyrex\n|-damage|p2a: Calyrex|28/100 par\n|-crit|p2a: Calyrex\n|-damage|p2a: Calyrex|9/100 par\n|-hitcount|p2a: Calyrex|3\n|move|p1b: Zamazenta|Coaching|p1a: Urshifu\n|-boost|p1a: Urshifu|atk|1\n|-boost|p1a: Urshifu|def|1\n|move|p2a: Calyrex|Trick Room|p2a: Calyrex\n|-fieldstart|move: Trick Room|[of] p2a: Calyrex\n|\n|upkeep\n|turn|5\n|inactive|pzyxhic has 30 seconds left.\n|inactive|ArisHazard has 30 seconds left.\n|\n|t:|1773844995\n|move|p2a: Calyrex|Stomping Tantrum|p1b: Zamazenta\n|-supereffective|p1b: Zamazenta\n|-damage|p1b: Zamazenta|54/100\n|move|p1b: Zamazenta|Body Press|p2b: Miraidon\n|-crit|p2b: Miraidon\n|-damage|p2b: Miraidon|12/100\n|move|p2b: Miraidon|Electro Drift|p1a: Urshifu\n|-supereffective|p1a: Urshifu\n|-damage|p1a: Urshifu|0 fnt\n|faint|p1a: Urshifu\n|\n|upkeep\n|\n|t:|1773845008\n|switch|p1a: Incineroar|Incineroar, L50, F|69/100\n|-ability|p1a: Incineroar|Intimidate|boost\n|-unboost|p2a: Calyrex|atk|1\n|-unboost|p2b: Miraidon|atk|1\n|turn|6\n|\n|t:|1773845017\n|switch|p2b: Sableye|Sableye, L50, F|100/100\n|move|p2a: Calyrex|Protect|p2a: Calyrex\n|-singleturn|p2a: Calyrex|Protect\n|move|p1a: Incineroar|Fake Out|p2a: Calyrex\n|-activate|p2a: Calyrex|move: Protect\n|move|p1b: Zamazenta|Body Press|p2b: Sableye\n|-immune|p2b: Sableye\n|\n|upkeep\n|turn|7\n|\n|t:|1773845039\n|switch|p2a: Hitmontop|Hitmontop, L50, M|100/100\n|-ability|p2a: Hitmontop|Intimidate|boost\n|-unboost|p1a: Incineroar|atk|1\n|-unboost|p1b: Zamazenta|atk|1\n|move|p2b: Sableye|Encore|p1b: Zamazenta\n|-start|p1b: Zamazenta|Encore\n|move|p1a: Incineroar|U-turn|p2a: Hitmontop\n|-resisted|p2a: Hitmontop\n|-damage|p2a: Hitmontop|94/100\n|\n|t:|1773845048\n|switch|p1a: Grimmsnarl|Grimmsnarl, L50, M|4/100|[from] U-turn\n|move|p1b: Zamazenta|Body Press|p2a: Hitmontop\n|-damage|p2a: Hitmontop|15/100\n|\n|upkeep\n|turn|8\n|\n|t:|1773845058\n|switch|p1a: Incineroar|Incineroar, L50, F|69/100\n|-ability|p1a: Incineroar|Intimidate|boost\n|-unboost|p2a: Hitmontop|atk|1\n|-unboost|p2b: Sableye|atk|1\n|move|p2a: Hitmontop|Fake Out|p1a: Incineroar\n|-damage|p1a: Incineroar|64/100\n|move|p2b: Sableye|Disable|p1b: Zamazenta\n|-start|p1b: Zamazenta|Disable|Body Press\n|cant|p1b: Zamazenta|Disable|Body Press\n|\n|-fieldend|move: Trick Room\n|-fieldend|move: Electric Terrain\n|upkeep\n|turn|9\n|\n|t:|1773845078\n|switch|p1b: Grimmsnarl|Grimmsnarl, L50, M|4/100\n|move|p2a: Hitmontop|Close Combat|p1b: Grimmsnarl\n|-damage|p1b: Grimmsnarl|0 fnt\n|-unboost|p2a: Hitmontop|def|1\n|-unboost|p2a: Hitmontop|spd|1\n|faint|p1b: Grimmsnarl\n|move|p1a: Incineroar|U-turn|p2a: Hitmontop\n|-resisted|p2a: Hitmontop\n|-damage|p2a: Hitmontop|0 fnt\n|faint|p2a: Hitmontop\n|\n|t:|1773845089\n|switch|p1a: Zamazenta|Zamazenta-Crowned, L50|54/100|[from] U-turn\n|move|p2b: Sableye|Foul Play|p1a: Zamazenta\n|-resisted|p1a: Zamazenta\n|-damage|p1a: Zamazenta|44/100\n|\n|upkeep\n|\n|t:|1773845098\n|switch|p2a: Calyrex|Calyrex-Ice, L50|9/100 par\n|switch|p1b: Incineroar|Incineroar, L50, F|64/100\n|-ability|p2a: Calyrex|As One\n|-ability|p2a: Calyrex|Unnerve\n|-ability|p1b: Incineroar|Intimidate|boost\n|-unboost|p2a: Calyrex|atk|1\n|-unboost|p2b: Sableye|atk|1\n|turn|10\n|\n|t:|1773845117\n|move|p2b: Sableye|Protect|p2b: Sableye\n|-singleturn|p2b: Sableye|Protect\n|move|p2a: Calyrex|Protect|p2a: Calyrex\n|-singleturn|p2a: Calyrex|Protect\n|move|p1a: Zamazenta|Coaching|p1b: Incineroar\n|-boost|p1b: Incineroar|atk|1\n|-boost|p1b: Incineroar|def|1\n|move|p1b: Incineroar|Knock Off|p2a: Calyrex\n|-activate|p2a: Calyrex|move: Protect\n|\n|upkeep\n|turn|11\n|\n|t:|1773845135\n|move|p2b: Sableye|Encore|p1a: Zamazenta\n|-start|p1a: Zamazenta|Encore\n|move|p1a: Zamazenta|Coaching|p1b: Incineroar\n|-boost|p1b: Incineroar|atk|1\n|-boost|p1b: Incineroar|def|1\n|move|p1b: Incineroar|Knock Off|p2a: Calyrex\n|-supereffective|p2a: Calyrex\n|-damage|p2a: Calyrex|0 fnt\n|faint|p2a: Calyrex\n|\n|upkeep\n|\n|t:|1773845146\n|switch|p2a: Miraidon|Miraidon, L50|12/100\n|-fieldstart|move: Electric Terrain|[from] ability: Hadron Engine|[of] p2a: Miraidon\n|turn|12\n|\n|t:|1773845153\n|-terastallize|p2a: Miraidon|Electric\n|move|p2b: Sableye|Disable|p1b: Incineroar\n|-hint|Since gen 7, Dark is immune to Prankster moves.\n|-immune|p1b: Incineroar\n|move|p2a: Miraidon|Electro Drift|p1b: Incineroar\n|-damage|p1b: Incineroar|0 fnt\n|faint|p1b: Incineroar\n|move|p1a: Zamazenta|Coaching|p1: Incineroar|[notarget]\n|-fail|p1a: Zamazenta\n|\n|upkeep\n|turn|13\n|-message|pzyxhic forfeited.\n|\n|win|ArisHazard\n|raw|pzyxhic's rating: 1422 &rarr; <strong>1398</strong><br />(-24 for losing)\n|raw|ArisHazard's rating: 1354 &rarr; <strong>1378</strong><br />(+24 for winning)\n|l|\u2606pzyxhic\n|player|p1|\n|l|\u2606ArisHazard\n|player|p2|\n","uploadtime":1773845386,"views":11,"formatid":"gen9vgc2026regi","rating":1378,"private":0,"password":null}