{"id":"gen9vgc2026regi-2559505701","format":"[Gen 9] VGC 2026 Reg I","players":["Casper427","NorthGDH"],"log":"|j|\u2606Casper427\n|j|\u2606NorthGDH\n|t:|1773579115\n|gametype|doubles\n|player|p1|Casper427|rye|1124\n|player|p2|NorthGDH|pokemonranger-gen4|1226\n|gen|9\n|tier|[Gen 9] VGC 2026 Reg I\n|rated|\n|rule|Species Clause: Limit one of each Pok\u00e9mon\n|rule|Item Clause: Limit 1 of each item\n|clearpoke\n|poke|p1|Zamazenta-*, L50|\n|poke|p1|Lunala, L50|\n|poke|p1|Rillaboom, L50, M|\n|poke|p1|Incineroar, L50, M|\n|poke|p1|Chien-Pao, L50|\n|poke|p1|Volcarona, L50, F|\n|poke|p2|Groudon, L50|\n|poke|p2|Yanmega, L50, F|\n|poke|p2|Sandy Shocks, L50|\n|poke|p2|Ho-Oh, L50|\n|poke|p2|Flutter Mane, L50|\n|poke|p2|Rillaboom, L50, M|\n|teampreview|4\n|inactive|Battle timer is ON: inactive players will automatically lose when time's up. (requested by NorthGDH)\n|\n|t:|1773579143\n|teamsize|p1|4\n|teamsize|p2|4\n|start\n|switch|p1a: Lunala|Lunala, L50|100/100\n|switch|p1b: Rillaboom|Rillaboom, L50, M|100/100\n|switch|p2a: Sandy Shocks|Sandy Shocks, L50, shiny|100/100\n|switch|p2b: Yanmega|Yanmega, L50, F, shiny|100/100\n|-fieldstart|move: Grassy Terrain|[from] ability: Grassy Surge|[of] p1b: Rillaboom\n|-enditem|p2a: Sandy Shocks|Booster Energy\n|-activate|p2a: Sandy Shocks|ability: Protosynthesis|[fromitem]\n|-start|p2a: Sandy Shocks|protosynthesisspe\n|turn|1\n|\n|t:|1773579159\n|move|p1b: Rillaboom|Fake Out|p2a: Sandy Shocks\n|-damage|p2a: Sandy Shocks|86/100\n|cant|p2a: Sandy Shocks|flinch\n|move|p2b: Yanmega|Hypnosis|p1a: Lunala\n|-status|p1a: Lunala|slp|[from] move: Hypnosis\n|cant|p1a: Lunala|slp\n|\n|-heal|p2a: Sandy Shocks|92/100|[from] Grassy Terrain\n|-ability|p2b: Yanmega|Speed Boost|boost\n|-boost|p2b: Yanmega|spe|1\n|upkeep\n|turn|2\n|c|\u2606Casper427|you being fr\n|\n|t:|1773579179\n|move|p2a: Sandy Shocks|Gravity|p2a: Sandy Shocks\n|-fieldstart|move: Gravity\n|move|p2b: Yanmega|Air Slash|p1b: Rillaboom\n|-supereffective|p1b: Rillaboom\n|-damage|p1b: Rillaboom|54/100\n|-curestatus|p1a: Lunala|slp|[msg]\n|move|p1a: Lunala|Calm Mind|p1a: Lunala\n|-boost|p1a: Lunala|spa|1\n|-boost|p1a: Lunala|spd|1\n|move|p1b: Rillaboom|Wood Hammer|p2a: Sandy Shocks\n|-supereffective|p2a: Sandy Shocks\n|-damage|p2a: Sandy Shocks|0 fnt\n|faint|p2a: Sandy Shocks\n|-end|p2a: Sandy Shocks|Protosynthesis|[silent]\n|-damage|p1b: Rillaboom|30/100|[from] Recoil\n|\n|-heal|p1b: Rillaboom|36/100|[from] Grassy Terrain\n|-ability|p2b: Yanmega|Speed Boost|boost\n|-boost|p2b: Yanmega|spe|1\n|upkeep\n|\n|t:|1773579190\n|switch|p2a: Groudon|Groudon, L50|100/100\n|-weather|SunnyDay|[from] ability: Drought|[of] p2a: Groudon\n|turn|3\n|\n|t:|1773579202\n|-terastallize|p2a: Groudon|Fire\n|move|p1a: Lunala|Protect|p1a: Lunala\n|-singleturn|p1a: Lunala|Protect\n|move|p2b: Yanmega|Hypnosis|p1a: Lunala\n|-activate|p1a: Lunala|move: Protect\n|move|p2a: Groudon|Swords Dance|p2a: Groudon\n|-boost|p2a: Groudon|atk|2\n|move|p1b: Rillaboom|Wood Hammer|p2a: Groudon\n|-resisted|p2a: Groudon\n|-damage|p2a: Groudon|75/100\n|-damage|p1b: Rillaboom|28/100|[from] Recoil\n|\n|-weather|SunnyDay|[upkeep]\n|-heal|p2a: Groudon|81/100|[from] Grassy Terrain\n|-heal|p1b: Rillaboom|34/100|[from] Grassy Terrain\n|-ability|p2b: Yanmega|Speed Boost|boost\n|-boost|p2b: Yanmega|spe|1\n|upkeep\n|turn|4\n|\n|t:|1773579212\n|switch|p1b: Incineroar|Incineroar, L50, M|100/100\n|-ability|p1b: Incineroar|Intimidate|boost\n|-fail|p2a: Groudon|unboost|[from] item: Clear Amulet|[of] p2a: Groudon\n|-unboost|p2b: Yanmega|atk|1\n|move|p2b: Yanmega|Air Slash|p1a: Lunala\n|-damage|p1a: Lunala|91/100\n|move|p1a: Lunala|Moongeist Beam|p2a: Groudon\n|-damage|p2a: Groudon|8/100\n|move|p2a: Groudon|Precipice Blades|p1b: Incineroar|[spread] p1a,p1b\n|-supereffective|p1b: Incineroar\n|-damage|p1a: Lunala|5/100\n|-damage|p1b: Incineroar|0 fnt\n|faint|p1b: Incineroar\n|\n|-weather|SunnyDay|[upkeep]\n|-heal|p1a: Lunala|12/100|[from] Grassy Terrain\n|-heal|p1a: Lunala|18/100|[from] item: Leftovers\n|-heal|p2a: Groudon|14/100|[from] Grassy Terrain\n|-ability|p2b: Yanmega|Speed Boost|boost\n|-boost|p2b: Yanmega|spe|1\n|upkeep\n|\n|t:|1773579223\n|switch|p1b: Zamazenta|Zamazenta-Crowned, L50|100/100\n|-ability|p1b: Zamazenta|Dauntless Shield|boost\n|-boost|p1b: Zamazenta|def|1\n|turn|5\n|\n|t:|1773579233\n|move|p2b: Yanmega|Protect|p2b: Yanmega\n|-singleturn|p2b: Yanmega|Protect\n|move|p1b: Zamazenta|Wide Guard|p1b: Zamazenta\n|-singleturn|p1b: Zamazenta|Wide Guard\n|move|p1a: Lunala|Moongeist Beam|p2b: Yanmega\n|-activate|p2b: Yanmega|move: Protect\n|move|p2a: Groudon|Heat Crash|p1a: Lunala\n|-damage|p1a: Lunala|0 fnt\n|faint|p1a: Lunala\n|\n|-weather|SunnyDay|[upkeep]\n|-heal|p2a: Groudon|20/100|[from] Grassy Terrain\n|-fieldend|move: Grassy Terrain\n|-ability|p2b: Yanmega|Speed Boost|boost\n|-boost|p2b: Yanmega|spe|1\n|upkeep\n|c|\u2606NorthGDH|Nooooo\n|c|\u2606NorthGDH|misclick\n|c|\u2606NorthGDH|oh huge\n|c|\u2606NorthGDH|lol\n|c|\u2606NorthGDH|nvm\n|c|\u2606Casper427|the fuck you mean missclick\n|n|!Casper427|casper427\n|\n|t:|1773579254\n|switch|p1a: Rillaboom|Rillaboom, L50, M|34/100\n|-fieldstart|move: Grassy Terrain|[from] ability: Grassy Surge|[of] p1a: Rillaboom\n|turn|6\n|c|\u2606NorthGDH|that was supposed to be protect hypnosis\n|c|\u2606NorthGDH|free precipice next turn\n|-message|Casper427 forfeited.\n|\n|win|NorthGDH\n|raw|Casper427's rating: 1124 &rarr; <strong>1106</strong><br />(-18 for losing)\n|raw|NorthGDH's rating: 1226 &rarr; <strong>1244</strong><br />(+18 for winning)\n|l|!Casper427\n|player|p1|\n|l|\u2606NorthGDH\n|player|p2|\n","uploadtime":1773579252,"views":11,"formatid":"gen9vgc2026regi","rating":1106,"private":0,"password":null}