{"id":"gen9vgc2026regi-2540586634","format":"[Gen 9] VGC 2026 Reg I","players":["scpSeptember\u9b3c\u706f","SEITA"],"log":"|j|\u2606scpSeptember\u9b3c\u706f\n|j|\u2606SEITA\n|t:|1771222405\n|gametype|doubles\n|player|p1|scpSeptember\u9b3c\u706f|caitlin|1348\n|player|p2|SEITA|lucas-gen4pt|1513\n|gen|9\n|tier|[Gen 9] VGC 2026 Reg I\n|rated|\n|rule|Species Clause: Limit one of each Pok\u00e9mon\n|rule|Item Clause: Limit 1 of each item\n|clearpoke\n|poke|p1|Groudon, L50|\n|poke|p1|Miraidon, L50|\n|poke|p1|Volcarona, L50, M|\n|poke|p1|Grimmsnarl, L50, M|\n|poke|p1|Walking Wake, L50|\n|poke|p1|Flutter Mane, L50|\n|poke|p2|Zamazenta-*, L50|\n|poke|p2|Kyogre, L50|\n|poke|p2|Wo-Chien, L50|\n|poke|p2|Grimmsnarl, L50, M|\n|poke|p2|Rhyperior, L50, F|\n|poke|p2|Ditto, L50|\n|teampreview|4\n|\n|t:|1771222435\n|teamsize|p1|4\n|teamsize|p2|4\n|start\n|switch|p1a: Walking Wake|Walking Wake, L50|100/100\n|switch|p1b: Grimmsnarl|Grimmsnarl, L50, M, shiny|100/100\n|switch|p2a: Grimmsnarl|Grimmsnarl, L50, M|100/100\n|switch|p2b: Zamazenta|Zamazenta-Crowned, L50|100/100\n|-ability|p2b: Zamazenta|Dauntless Shield|boost\n|-boost|p2b: Zamazenta|def|1\n|turn|1\n|\n|t:|1771222448\n|switch|p1b: Groudon|Groudon, L50, shiny|100/100\n|-weather|SunnyDay|[from] ability: Drought|[of] p1b: Groudon\n|-activate|p1a: Walking Wake|ability: Protosynthesis\n|-start|p1a: Walking Wake|protosynthesisspe\n|move|p2a: Grimmsnarl|Light Screen|p2a: Grimmsnarl\n|-sidestart|p2: SEITA|move: Light Screen\n|move|p1a: Walking Wake|Flamethrower|p2b: Zamazenta\n|-supereffective|p2b: Zamazenta\n|-damage|p2b: Zamazenta|51/100\n|-damage|p1a: Walking Wake|91/100|[from] item: Life Orb\n|move|p2b: Zamazenta|Iron Defense|p2b: Zamazenta\n|-boost|p2b: Zamazenta|def|2\n|\n|-weather|SunnyDay|[upkeep]\n|upkeep\n|turn|2\n|\n|t:|1771222469\n|switch|p1b: Grimmsnarl|Grimmsnarl, L50, M, shiny|100/100\n|-terastallize|p1a: Walking Wake|Water\n|move|p2a: Grimmsnarl|Parting Shot|p1a: Walking Wake\n|-unboost|p1a: Walking Wake|atk|1\n|-unboost|p1a: Walking Wake|spa|1\n|\n|t:|1771222485\n|switch|p2a: Rhyperior|Rhyperior, L50, F|100/100|[from] Parting Shot\n|move|p1a: Walking Wake|Hydro Steam|p2b: Zamazenta\n|-damage|p2b: Zamazenta|23/100\n|-damage|p1a: Walking Wake|81/100|[from] item: Life Orb\n|move|p2b: Zamazenta|Body Press|p1a: Walking Wake\n|-damage|p1a: Walking Wake|0 fnt\n|faint|p1a: Walking Wake\n|-end|p1a: Walking Wake|Protosynthesis|[silent]\n|\n|-weather|SunnyDay|[upkeep]\n|upkeep\n|\n|t:|1771222495\n|switch|p1a: Groudon|Groudon, L50, shiny|100/100\n|turn|3\n|\n|t:|1771222522\n|move|p1b: Grimmsnarl|Reflect|p1b: Grimmsnarl\n|-sidestart|p1: scpSeptember\u9b3c\u706f|Reflect\n|move|p2b: Zamazenta|Body Press|p1a: Groudon\n|-damage|p1a: Groudon|53/100\n|move|p1a: Groudon|Precipice Blades|p2b: Zamazenta|[spread] p2a,p2b\n|-supereffective|p2a: Rhyperior\n|-supereffective|p2b: Zamazenta\n|-damage|p2a: Rhyperior|32/100\n|-damage|p2b: Zamazenta|0 fnt\n|faint|p2b: Zamazenta\n|move|p2a: Rhyperior|High Horsepower|p1a: Groudon\n|-damage|p1a: Groudon|26/100\n|\n|-weather|SunnyDay|[upkeep]\n|upkeep\n|\n|t:|1771222538\n|switch|p2b: Kyogre|Kyogre, L50|100/100\n|-weather|RainDance|[from] ability: Drizzle|[of] p2b: Kyogre\n|turn|4\n|\n|t:|1771222548\n|switch|p1a: Miraidon|Miraidon, L50, shiny|100/100\n|-fieldstart|move: Electric Terrain|[from] ability: Hadron Engine|[of] p1a: Miraidon\n|switch|p2a: Grimmsnarl|Grimmsnarl, L50, M|100/100\n|move|p1b: Grimmsnarl|Light Screen|p1b: Grimmsnarl\n|-sidestart|p1: scpSeptember\u9b3c\u706f|move: Light Screen\n|move|p2b: Kyogre|Origin Pulse|p1a: Miraidon|[spread] p1a,p1b\n|-resisted|p1a: Miraidon\n|-damage|p1a: Miraidon|87/100\n|-damage|p1b: Grimmsnarl|58/100\n|\n|-weather|RainDance|[upkeep]\n|upkeep\n|turn|5\n|\n|t:|1771222571\n|move|p2b: Kyogre|Protect|p2b: Kyogre\n|-singleturn|p2b: Kyogre|Protect\n|move|p2a: Grimmsnarl|Parting Shot|p1a: Miraidon\n|-unboost|p1a: Miraidon|atk|1\n|-unboost|p1a: Miraidon|spa|1\n|\n|t:|1771222577\n|switch|p2a: Rhyperior|Rhyperior, L50, F|32/100|[from] Parting Shot\n|move|p1a: Miraidon|Snarl|p2a: Rhyperior|[spread] p2a\n|-activate|p2b: Kyogre|move: Protect\n|-damage|p2a: Rhyperior|25/100\n|-unboost|p2a: Rhyperior|spa|1\n|move|p1b: Grimmsnarl|Spirit Break|p2a: Rhyperior\n|-damage|p2a: Rhyperior|5/100\n|-unboost|p2a: Rhyperior|spa|1\n|\n|-weather|RainDance|[upkeep]\n|upkeep\n|turn|6\n|\n|t:|1771222603\n|switch|p1a: Groudon|Groudon, L50, shiny|26/100\n|-weather|SunnyDay|[from] ability: Drought|[of] p1a: Groudon\n|switch|p2a: Grimmsnarl|Grimmsnarl, L50, M|100/100\n|move|p2b: Kyogre|Origin Pulse|p1a: Groudon|[spread] p1a,p1b\n|-supereffective|p1a: Groudon\n|-damage|p1a: Groudon|0 fnt\n|-damage|p1b: Grimmsnarl|45/100\n|faint|p1a: Groudon\n|move|p1b: Grimmsnarl|Spirit Break|p2a: Grimmsnarl\n|-supereffective|p2a: Grimmsnarl\n|-damage|p2a: Grimmsnarl|52/100\n|-unboost|p2a: Grimmsnarl|spa|1\n|\n|-weather|SunnyDay|[upkeep]\n|upkeep\n|\n|t:|1771222615\n|switch|p1a: Miraidon|Miraidon, L50, shiny|87/100\n|-activate|p1a: Miraidon|ability: Hadron Engine\n|turn|7\n|\n|t:|1771222649\n|-terastallize|p2b: Kyogre|Bug\n|move|p2a: Grimmsnarl|Parting Shot|p1a: Miraidon\n|-unboost|p1a: Miraidon|atk|1\n|-unboost|p1a: Miraidon|spa|1\n|\n|t:|1771222654\n|switch|p2a: Rhyperior|Rhyperior, L50, F|5/100|[from] Parting Shot\n|move|p1a: Miraidon|Snarl|p2a: Rhyperior|[spread] p2a,p2b\n|-damage|p2a: Rhyperior|0 fnt\n|-damage|p2b: Kyogre|94/100\n|-unboost|p2b: Kyogre|spa|1\n|faint|p2a: Rhyperior\n|move|p2b: Kyogre|Origin Pulse|p1b: Grimmsnarl|[spread] p1a,p1b\n|-resisted|p1a: Miraidon\n|-crit|p1a: Miraidon\n|-damage|p1a: Miraidon|78/100\n|-damage|p1b: Grimmsnarl|35/100\n|move|p1b: Grimmsnarl|Spirit Break|p2b: Kyogre\n|-damage|p2b: Kyogre|70/100\n|-unboost|p2b: Kyogre|spa|1\n|\n|-weather|SunnyDay|[upkeep]\n|-heal|p2b: Kyogre|75/100|[from] item: Leftovers\n|upkeep\n|\n|t:|1771222673\n|switch|p2a: Grimmsnarl|Grimmsnarl, L50, M|52/100\n|turn|8\n|\n|t:|1771222685\n|move|p1a: Miraidon|Electro Drift|p2b: Kyogre\n|-damage|p2b: Kyogre|49/100\n|move|p2b: Kyogre|Ice Beam|p1a: Miraidon\n|-supereffective|p1a: Miraidon\n|-damage|p1a: Miraidon|66/100\n|move|p1b: Grimmsnarl|Spirit Break|p2a: Grimmsnarl\n|-supereffective|p2a: Grimmsnarl\n|-damage|p2a: Grimmsnarl|1/100\n|-unboost|p2a: Grimmsnarl|spa|1\n|move|p2a: Grimmsnarl|Spirit Break|p1b: Grimmsnarl\n|-supereffective|p1b: Grimmsnarl\n|-damage|p1b: Grimmsnarl|0 fnt\n|faint|p1b: Grimmsnarl\n|\n|-weather|SunnyDay|[upkeep]\n|-heal|p2b: Kyogre|55/100|[from] item: Leftovers\n|-sideend|p2: SEITA|move: Light Screen\n|-fieldend|move: Electric Terrain\n|upkeep\n|turn|9\n|\n|t:|1771222708\n|move|p2a: Grimmsnarl|Parting Shot|p1a: Miraidon\n|-unboost|p1a: Miraidon|atk|1\n|-unboost|p1a: Miraidon|spa|1\n|move|p1a: Miraidon|Snarl|p2b: Kyogre|[spread] p2a,p2b\n|-resisted|p2a: Grimmsnarl\n|-damage|p2a: Grimmsnarl|0 fnt\n|-damage|p2b: Kyogre|50/100\n|-unboost|p2b: Kyogre|spa|1\n|faint|p2a: Grimmsnarl\n|move|p2b: Kyogre|Ice Beam|p1a: Miraidon\n|-supereffective|p1a: Miraidon\n|-damage|p1a: Miraidon|55/100\n|\n|-weather|SunnyDay|[upkeep]\n|-heal|p2b: Kyogre|56/100|[from] item: Leftovers\n|upkeep\n|turn|10\n|\n|t:|1771222727\n|move|p1a: Miraidon|Electro Drift|p2b: Kyogre\n|-damage|p2b: Kyogre|38/100\n|move|p2b: Kyogre|Ice Beam|p1a: Miraidon\n|-supereffective|p1a: Miraidon\n|-damage|p1a: Miraidon|46/100\n|\n|-weather|none\n|-heal|p2b: Kyogre|43/100|[from] item: Leftovers\n|-sideend|p1: scpSeptember\u9b3c\u706f|Reflect\n|upkeep\n|turn|11\n|\n|t:|1771222743\n|move|p2b: Kyogre|Protect|p2b: Kyogre\n|-singleturn|p2b: Kyogre|Protect\n|move|p1a: Miraidon|Electro Drift|p2b: Kyogre\n|-activate|p2b: Kyogre|move: Protect\n|\n|-heal|p2b: Kyogre|49/100|[from] item: Leftovers\n|-sideend|p1: scpSeptember\u9b3c\u706f|move: Light Screen\n|upkeep\n|turn|12\n|\n|t:|1771222752\n|move|p1a: Miraidon|Electro Drift|p2b: Kyogre\n|-damage|p2b: Kyogre|30/100\n|move|p2b: Kyogre|Ice Beam|p1a: Miraidon\n|-supereffective|p1a: Miraidon\n|-damage|p1a: Miraidon|30/100\n|\n|-heal|p2b: Kyogre|36/100|[from] item: Leftovers\n|upkeep\n|turn|13\n|\n|t:|1771222762\n|move|p2b: Kyogre|Protect|p2b: Kyogre\n|-singleturn|p2b: Kyogre|Protect\n|move|p1a: Miraidon|Snarl|p2b: Kyogre\n|-activate|p2b: Kyogre|move: Protect\n|\n|-heal|p2b: Kyogre|42/100|[from] item: Leftovers\n|upkeep\n|turn|14\n|\n|t:|1771222771\n|move|p1a: Miraidon|Electro Drift|p2b: Kyogre\n|-damage|p2b: Kyogre|23/100\n|move|p2b: Kyogre|Ice Beam|p1a: Miraidon\n|-supereffective|p1a: Miraidon\n|-damage|p1a: Miraidon|14/100\n|\n|-heal|p2b: Kyogre|29/100|[from] item: Leftovers\n|upkeep\n|turn|15\n|\n|t:|1771222782\n|move|p2b: Kyogre|Protect|p2b: Kyogre\n|-singleturn|p2b: Kyogre|Protect\n|move|p1a: Miraidon|Electro Drift|p2b: Kyogre\n|-activate|p2b: Kyogre|move: Protect\n|\n|-heal|p2b: Kyogre|34/100|[from] item: Leftovers\n|upkeep\n|turn|16\n|\n|t:|1771222792\n|move|p1a: Miraidon|Electro Drift|p2b: Kyogre\n|-damage|p2b: Kyogre|15/100\n|move|p2b: Kyogre|Ice Beam|p1a: Miraidon\n|-supereffective|p1a: Miraidon\n|-damage|p1a: Miraidon|0 fnt\n|faint|p1a: Miraidon\n|\n|win|SEITA\n|raw|scpSeptember\u9b3c\u706f's rating: 1348 &rarr; <strong>1337</strong><br />(-11 for losing)\n|raw|SEITA's rating: 1513 &rarr; <strong>1524</strong><br />(+11 for winning)\n|l|\u2606scpSeptember\u9b3c\u706f\n|player|p1|\n","uploadtime":1771222962,"views":37,"formatid":"gen9vgc2026regi","rating":1337,"private":0,"password":null}