{"id":"gen9vgc2026regi-2515661537","format":"[Gen 9] VGC 2026 Reg I","players":["It'sJustKen VGC","Kapu lelelelele"],"log":"|j|\u2606It'sJustKen VGC\n|j|\u2606Kapu lelelelele\n|t:|1768017078\n|gametype|doubles\n|player|p1|It'sJustKen VGC|2|1084\n|player|p2|Kapu lelelelele|winona|1040\n|gen|9\n|tier|[Gen 9] VGC 2026 Reg I\n|rated|\n|rule|Species Clause: Limit one of each Pok\u00e9mon\n|rule|Item Clause: Limit 1 of each item\n|clearpoke\n|poke|p1|Urshifu-*, L50, F|\n|poke|p1|Incineroar, L50, M|\n|poke|p1|Calyrex-Shadow, L50|\n|poke|p1|Amoonguss, L50, F|\n|poke|p1|Tornadus, L50, M|\n|poke|p1|Chien-Pao, L50|\n|poke|p2|Calyrex-Shadow, L50|\n|poke|p2|Miraidon, L50|\n|poke|p2|Rillaboom, L50, F|\n|poke|p2|Grimmsnarl, L50, M|\n|poke|p2|Clefairy, L50, M|\n|poke|p2|Volcarona, L50, M|\n|teampreview|4\n|inactive|Battle timer is ON: inactive players will automatically lose when time's up. (requested by It'sJustKen VGC)\n|inactive|Kapu lelelelele has 60 seconds left.\n|\n|t:|1768017134\n|teamsize|p1|4\n|teamsize|p2|4\n|start\n|switch|p1a: Calyrex|Calyrex-Shadow, L50|100/100\n|switch|p1b: Incineroar|Incineroar, L50, M|100/100\n|switch|p2a: Calyrex|Calyrex-Shadow, L50|100/100\n|switch|p2b: Miraidon|Miraidon, L50|100/100\n|-ability|p2a: Calyrex|As One\n|-ability|p2a: Calyrex|Unnerve\n|-ability|p1a: Calyrex|As One\n|-ability|p1a: Calyrex|Unnerve\n|-fieldstart|move: Electric Terrain|[from] ability: Hadron Engine|[of] p2b: Miraidon\n|-enditem|p2a: Calyrex|Electric Seed\n|-boost|p2a: Calyrex|def|1|[from] item: Electric Seed\n|-ability|p1b: Incineroar|Intimidate|boost\n|-unboost|p2a: Calyrex|atk|1\n|-unboost|p2b: Miraidon|atk|1\n|turn|1\n|\n|t:|1768017144\n|-terastallize|p2a: Calyrex|Fairy\n|-terastallize|p1a: Calyrex|Ghost\n|move|p1b: Incineroar|Fake Out|p2a: Calyrex\n|-damage|p2a: Calyrex|93/100\n|move|p2b: Miraidon|Snarl|p1b: Incineroar|[spread] p1a,p1b\n|-supereffective|p1a: Calyrex\n|-resisted|p1b: Incineroar\n|-damage|p1a: Calyrex|59/100\n|-damage|p1b: Incineroar|94/100\n|-unboost|p1a: Calyrex|spa|1\n|-unboost|p1b: Incineroar|spa|1\n|cant|p2a: Calyrex|flinch\n|move|p1a: Calyrex|Astral Barrage|p2b: Miraidon|[spread] p2a,p2b\n|-damage|p2a: Calyrex|32/100\n|-damage|p2b: Miraidon|44/100\n|-damage|p1a: Calyrex|50/100|[from] item: Life Orb\n|\n|upkeep\n|turn|2\n|\n|t:|1768017166\n|switch|p1a: Amoonguss|Amoonguss, L50, F|100/100\n|move|p2b: Miraidon|Snarl|p1b: Incineroar|[spread] p1a,p1b\n|-resisted|p1b: Incineroar\n|-damage|p1a: Amoonguss|79/100\n|-damage|p1b: Incineroar|87/100\n|-unboost|p1a: Amoonguss|spa|1\n|-unboost|p1b: Incineroar|spa|1\n|move|p2a: Calyrex|Astral Barrage|p1b: Incineroar|[spread] p1a,p1b\n|-resisted|p1b: Incineroar\n|-damage|p1a: Amoonguss|34/100\n|-damage|p1b: Incineroar|71/100\n|move|p1b: Incineroar|U-turn|p2b: Miraidon\n|-damage|p2b: Miraidon|24/100\n|\n|t:|1768017169\n|switch|p1b: Urshifu|Urshifu-Rapid-Strike, L50, F|100/100|[from] U-turn\n|\n|upkeep\n|turn|3\n|\n|t:|1768017191\n|switch|p2a: Grimmsnarl|Grimmsnarl, L50, M|100/100\n|-enditem|p1a: Amoonguss|Sitrus Berry|[eat]\n|-heal|p1a: Amoonguss|59/100|[from] item: Sitrus Berry\n|switch|p1a: Incineroar|Incineroar, L50, M|71/100\n|-ability|p1a: Incineroar|Intimidate|boost\n|-unboost|p2a: Grimmsnarl|atk|1\n|-unboost|p2b: Miraidon|atk|1\n|move|p2b: Miraidon|Snarl|p1b: Urshifu|[spread] p1a,p1b\n|-resisted|p1a: Incineroar\n|-resisted|p1b: Urshifu\n|-damage|p1a: Incineroar|64/100\n|-damage|p1b: Urshifu|84/100\n|-unboost|p1a: Incineroar|spa|1\n|-unboost|p1b: Urshifu|spa|1\n|move|p1b: Urshifu|Surging Strikes|p2a: Grimmsnarl\n|-crit|p2a: Grimmsnarl\n|-damage|p2a: Grimmsnarl|81/100\n|-crit|p2a: Grimmsnarl\n|-damage|p2a: Grimmsnarl|61/100\n|-crit|p2a: Grimmsnarl\n|-damage|p2a: Grimmsnarl|42/100\n|-hitcount|p2a: Grimmsnarl|3\n|\n|upkeep\n|turn|4\n|inactive|Kapu lelelelele has 30 seconds left.\n|\n|t:|1768017221\n|switch|p2b: Calyrex|Calyrex-Shadow, L50, tera:Fairy|32/100\n|-ability|p2b: Calyrex|As One\n|-ability|p2b: Calyrex|Unnerve\n|move|p1a: Incineroar|Fake Out|p2a: Grimmsnarl\n|-damage|p2a: Grimmsnarl|28/100\n|cant|p2a: Grimmsnarl|flinch\n|move|p1b: Urshifu|Surging Strikes|p2a: Grimmsnarl\n|-crit|p2a: Grimmsnarl\n|-damage|p2a: Grimmsnarl|8/100\n|-crit|p2a: Grimmsnarl\n|-damage|p2a: Grimmsnarl|0 fnt\n|faint|p2a: Grimmsnarl\n|-hitcount|p2: Grimmsnarl|2\n|\n|upkeep\n|\n|t:|1768017233\n|switch|p2a: Miraidon|Miraidon, L50|24/100\n|-activate|p2a: Miraidon|ability: Hadron Engine\n|turn|5\n|\n|t:|1768017245\n|switch|p1b: Amoonguss|Amoonguss, L50, F|92/100\n|move|p2a: Miraidon|Draco Meteor|p1b: Amoonguss\n|-crit|p1b: Amoonguss\n|-damage|p1b: Amoonguss|0 fnt\n|-unboost|p2a: Miraidon|spa|2\n|faint|p1b: Amoonguss\n|move|p2b: Calyrex|Nasty Plot|p2b: Calyrex\n|-boost|p2b: Calyrex|spa|2\n|move|p1a: Incineroar|U-turn|p2a: Miraidon\n|-damage|p2a: Miraidon|5/100\n|\n|t:|1768017248\n|switch|p1a: Urshifu|Urshifu-Rapid-Strike, L50, F|84/100|[from] U-turn\n|\n|-fieldend|move: Electric Terrain\n|upkeep\n|\n|t:|1768017257\n|switch|p1b: Calyrex|Calyrex-Shadow, L50, tera:Ghost|50/100\n|-ability|p1b: Calyrex|As One\n|-ability|p1b: Calyrex|Unnerve\n|turn|6\n|\n|t:|1768017273\n|move|p2a: Miraidon|Draco Meteor|p1b: Calyrex\n|-damage|p1b: Calyrex|12/100\n|-unboost|p2a: Miraidon|spa|2\n|move|p1a: Urshifu|Surging Strikes|p2b: Calyrex\n|-crit|p2b: Calyrex\n|-damage|p2b: Calyrex|11/100\n|-crit|p2b: Calyrex\n|-damage|p2b: Calyrex|0 fnt\n|faint|p2b: Calyrex\n|-hitcount|p2: Calyrex|2\n|move|p1b: Calyrex|Astral Barrage|p2a: Miraidon\n|-damage|p2a: Miraidon|0 fnt\n|faint|p2a: Miraidon\n|-ability|p1b: Calyrex|Grim Neigh|boost\n|-boost|p1b: Calyrex|spa|1\n|-damage|p1b: Calyrex|2/100|[from] item: Life Orb\n|\n|upkeep\n|\n|t:|1768017284\n|switch|p2b: Clefairy|Clefairy, L50, M|100/100\n|turn|7\n|-message|Kapu lelelelele forfeited.\n|\n|win|It'sJustKen VGC\n|raw|It&apos;sJustKen VGC's rating: 1084 &rarr; <strong>1108</strong><br />(+24 for winning)\n|raw|Kapu lelelelele's rating: 1040 &rarr; <strong>1026</strong><br />(-14 for losing)\n|l|\u2606Kapu lelelelele\n|player|p2|\n","uploadtime":1768017289,"views":12,"formatid":"gen9vgc2026regi","rating":1026,"private":0,"password":null}