{"id":"gen9vgc2026regi-2564869484","format":"[Gen 9] VGC 2026 Reg I","players":["Jonen","4alo"],"log":"|j|\u2606Jonen\n|j|\u26064alo\n|t:|1774205682\n|gametype|doubles\n|player|p1|Jonen|hiker-gen4|1326\n|player|p2|4alo|265|1413\n|gen|9\n|tier|[Gen 9] VGC 2026 Reg I\n|rated|\n|rule|Species Clause: Limit one of each Pok\u00e9mon\n|rule|Item Clause: Limit 1 of each item\n|clearpoke\n|poke|p1|Zacian-*, L50|\n|poke|p1|Kyogre, L50|\n|poke|p1|Iron Hands, L50|\n|poke|p1|Amoonguss, L50, F|\n|poke|p1|Whimsicott, L50, M|\n|poke|p1|Ditto, L50|\n|poke|p2|Lunala, L50|\n|poke|p2|Zacian-*, L50|\n|poke|p2|Urshifu-*, L50, F|\n|poke|p2|Rillaboom, L50, F|\n|poke|p2|Pelipper, L50, M|\n|poke|p2|Raging Bolt, L50|\n|teampreview|4\n4alo rejected open team sheets.\n|inactive|Battle timer is ON: inactive players will automatically lose when time's up. (requested by 4alo)\n|\n|t:|1774205713\n|teamsize|p1|4\n|teamsize|p2|4\n|start\n|switch|p1a: Iron Hands|Iron Hands, L50|100/100\n|switch|p1b: Amoonguss|Amoonguss, L50, F|100/100\n|switch|p2a: Raging Bolt|Raging Bolt, L50|100/100\n|switch|p2b: Lunala|Lunala, L50|100/100\n|-enditem|p2a: Raging Bolt|Booster Energy\n|-activate|p2a: Raging Bolt|ability: Protosynthesis|[fromitem]\n|-start|p2a: Raging Bolt|protosynthesisspa\n|turn|1\n|\n|t:|1774205720\n|move|p2b: Lunala|Protect|p2b: Lunala\n|-singleturn|p2b: Lunala|Protect\n|move|p1a: Iron Hands|Fake Out|p2a: Raging Bolt\n|-damage|p2a: Raging Bolt|86/100\n|cant|p2a: Raging Bolt|flinch\n|move|p1b: Amoonguss|Spore|p2b: Lunala\n|-activate|p2b: Lunala|move: Protect\n|\n|upkeep\n|turn|2\n|\n|t:|1774205732\n|move|p2b: Lunala|Calm Mind|p2b: Lunala\n|-boost|p2b: Lunala|spa|1\n|-boost|p2b: Lunala|spd|1\n|move|p2a: Raging Bolt|Taunt|p1b: Amoonguss\n|-start|p1b: Amoonguss|move: Taunt\n|move|p1a: Iron Hands|Volt Switch|p2b: Lunala\n|-damage|p2b: Lunala|98/100\n|\n|t:|1774205739\n|-end|p1a: Iron Hands|Quark Drive|[silent]\n|switch|p1a: Whimsicott|Whimsicott, L50, M|100/100|[from] Volt Switch\n|cant|p1b: Amoonguss|move: Taunt|Spore\n|\n|-heal|p2b: Lunala|100/100|[from] item: Leftovers\n|upkeep\n|turn|3\n|\n|t:|1774205751\n|switch|p1b: Zacian|Zacian-Crowned, L50|100/100\n|-ability|p1b: Zacian|Intrepid Sword|boost\n|-boost|p1b: Zacian|atk|1\n|move|p2b: Lunala|Protect|p2b: Lunala\n|-singleturn|p2b: Lunala|Protect\n|move|p1a: Whimsicott|Encore|p2b: Lunala\n|-activate|p2b: Lunala|move: Protect\n|move|p2a: Raging Bolt|Taunt|p1a: Whimsicott\n|-start|p1a: Whimsicott|move: Taunt\n|\n|upkeep\n|turn|4\n|\n|t:|1774205767\n|switch|p1a: Amoonguss|Amoonguss, L50, F|100/100\n|move|p2a: Raging Bolt|Thunderclap|p1b: Zacian\n|-damage|p1b: Zacian|56/100\n|move|p1b: Zacian|Behemoth Blade|p2b: Lunala\n|-damage|p2b: Lunala|62/100\n|move|p2b: Lunala|Moongeist Beam|p1b: Zacian\n|-damage|p1b: Zacian|0 fnt\n|faint|p1b: Zacian\n|\n|-heal|p2b: Lunala|68/100|[from] item: Leftovers\n|upkeep\n|\n|t:|1774205780\n|switch|p1b: Whimsicott|Whimsicott, L50, M|100/100\n|turn|5\n|\n|t:|1774205790\n|move|p1b: Whimsicott|Encore|p2a: Raging Bolt\n|-start|p2a: Raging Bolt|Encore\n|move|p2a: Raging Bolt|Thunderclap||[still]\n|-fail|p2a: Raging Bolt\n|move|p2b: Lunala|Moongeist Beam|p1a: Amoonguss\n|-damage|p1a: Amoonguss|29/100\n|move|p1a: Amoonguss|Spore|p2b: Lunala\n|-status|p2b: Lunala|slp|[from] move: Spore\n|\n|-heal|p2b: Lunala|74/100 slp|[from] item: Leftovers\n|upkeep\n|turn|6\n|\n|t:|1774205803\n|-end|p2a: Raging Bolt|Protosynthesis|[silent]\n|switch|p2a: Rillaboom|Rillaboom, L50, F|100/100\n|-fieldstart|move: Grassy Terrain|[from] ability: Grassy Surge|[of] p2a: Rillaboom\n|switch|p1a: Iron Hands|Iron Hands, L50|100/100\n|move|p1b: Whimsicott|Moonblast|p2b: Lunala\n|-damage|p2b: Lunala|62/100 slp\n|-unboost|p2b: Lunala|spa|1\n|cant|p2b: Lunala|slp\n|\n|-heal|p2b: Lunala|67/100 slp|[from] Grassy Terrain\n|-heal|p2b: Lunala|73/100 slp|[from] item: Leftovers\n|upkeep\n|turn|7\n|\n|t:|1774205820\n|move|p2a: Rillaboom|Fake Out|p1a: Iron Hands\n|-damage|p1a: Iron Hands|92/100\n|move|p1b: Whimsicott|Light Screen|p1b: Whimsicott\n|-sidestart|p1: Jonen|move: Light Screen\n|cant|p2b: Lunala|slp\n|cant|p1a: Iron Hands|flinch\n|\n|-heal|p2b: Lunala|79/100 slp|[from] Grassy Terrain\n|-heal|p2b: Lunala|85/100 slp|[from] item: Leftovers\n|-heal|p1a: Iron Hands|98/100|[from] Grassy Terrain\n|upkeep\n|turn|8\n|\n|t:|1774205836\n|move|p1b: Whimsicott|Encore|p2a: Rillaboom\n|-start|p2a: Rillaboom|Encore\n|cant|p2b: Lunala|slp\n|move|p2a: Rillaboom|Fake Out||[still]\n|-hint|Fake Out only works on your first turn out.\n|-fail|p2a: Rillaboom\n|move|p1a: Iron Hands|Wild Charge|p2b: Lunala\n|-damage|p2b: Lunala|41/100 slp\n|-damage|p1a: Iron Hands|88/100|[from] Recoil\n|\n|-heal|p2b: Lunala|47/100 slp|[from] Grassy Terrain\n|-heal|p2b: Lunala|53/100 slp|[from] item: Leftovers\n|-heal|p1a: Iron Hands|93/100|[from] Grassy Terrain\n|upkeep\n|turn|9\n|inactive|Jonen has 30 seconds left.\n|\n|t:|1774205871\n|switch|p2a: Raging Bolt|Raging Bolt, L50|86/100\n|move|p1b: Whimsicott|Moonblast|p2a: Raging Bolt\n|-supereffective|p2a: Raging Bolt\n|-damage|p2a: Raging Bolt|34/100\n|-curestatus|p2b: Lunala|slp|[msg]\n|move|p2b: Lunala|Moongeist Beam|p1b: Whimsicott\n|-crit|p1b: Whimsicott\n|-damage|p1b: Whimsicott|0 fnt\n|faint|p1b: Whimsicott\n|move|p1a: Iron Hands|Low Kick|p2a: Raging Bolt\n|-damage|p2a: Raging Bolt|0 fnt\n|faint|p2a: Raging Bolt\n|-end|p2a: Raging Bolt|Protosynthesis|[silent]\n|\n|-heal|p2b: Lunala|59/100|[from] Grassy Terrain\n|-heal|p2b: Lunala|65/100|[from] item: Leftovers\n|-heal|p1a: Iron Hands|99/100|[from] Grassy Terrain\n|upkeep\n|c|\u26064alo|sorry\n|\n|t:|1774205886\n|switch|p1b: Amoonguss|Amoonguss, L50, F|62/100\n|switch|p2a: Rillaboom|Rillaboom, L50, F|100/100\n|turn|10\n|c|\u2606Jonen|Lol that's they way of mons\n|\n|t:|1774205906\n|-terastallize|p1a: Iron Hands|Bug\n|move|p1b: Amoonguss|Protect|p1b: Amoonguss\n|-singleturn|p1b: Amoonguss|Protect\n|move|p2a: Rillaboom|Fake Out|p1b: Amoonguss\n|-activate|p1b: Amoonguss|move: Protect\n|move|p2b: Lunala|Moongeist Beam|p1b: Amoonguss\n|-activate|p1b: Amoonguss|move: Protect\n|move|p1a: Iron Hands|Wild Charge|p2b: Lunala\n|-damage|p2b: Lunala|21/100\n|-damage|p1a: Iron Hands|89/100|[from] Recoil\n|\n|-heal|p2b: Lunala|27/100|[from] Grassy Terrain\n|-heal|p2b: Lunala|33/100|[from] item: Leftovers\n|-heal|p1a: Iron Hands|95/100|[from] Grassy Terrain\n|-heal|p1b: Amoonguss|68/100|[from] Grassy Terrain\n|-fieldend|move: Grassy Terrain\n|upkeep\n|turn|11\n|\n|t:|1774205926\n|move|p2b: Lunala|Moongeist Beam|p1b: Amoonguss\n|-damage|p1b: Amoonguss|38/100\n|move|p2a: Rillaboom|Wood Hammer|p1b: Amoonguss\n|-resisted|p1b: Amoonguss\n|-damage|p1b: Amoonguss|27/100\n|-damage|p2a: Rillaboom|84/100|[from] item: Rocky Helmet|[of] p1b: Amoonguss\n|-damage|p2a: Rillaboom|80/100|[from] Recoil\n|move|p1a: Iron Hands|Low Kick|p2a: Rillaboom\n|-damage|p2a: Rillaboom|42/100\n|move|p1b: Amoonguss|Spore|p2b: Lunala\n|-status|p2b: Lunala|slp|[from] move: Spore\n|\n|-heal|p2b: Lunala|39/100 slp|[from] item: Leftovers\n|-sideend|p1: Jonen|move: Light Screen\n|upkeep\n|turn|12\n|\n|t:|1774205946\n|cant|p2b: Lunala|slp\n|move|p2a: Rillaboom|Wood Hammer|p1a: Iron Hands\n|-resisted|p1a: Iron Hands\n|-damage|p1a: Iron Hands|77/100\n|-damage|p2a: Rillaboom|34/100|[from] Recoil\n|move|p1a: Iron Hands|Wild Charge|p2b: Lunala\n|-damage|p2b: Lunala|0 fnt\n|faint|p2b: Lunala\n|-damage|p1a: Iron Hands|68/100|[from] Recoil\n|move|p1b: Amoonguss|Spore|p2a: Rillaboom\n|-immune|p2a: Rillaboom\n|\n|upkeep\n|\n|t:|1774205950\n|switch|p2b: Zacian|Zacian-Crowned, L50|100/100\n|-ability|p2b: Zacian|Intrepid Sword|boost\n|-boost|p2b: Zacian|atk|1\n|turn|13\n|\n|t:|1774205962\n|-terastallize|p2b: Zacian|Fairy\n|move|p1b: Amoonguss|Protect|p1b: Amoonguss\n|-singleturn|p1b: Amoonguss|Protect\n|move|p2b: Zacian|Play Rough|p1a: Iron Hands\n|-damage|p1a: Iron Hands|0 fnt\n|faint|p1a: Iron Hands\n|-end|p1a: Iron Hands|Quark Drive|[silent]\n|move|p2a: Rillaboom|Wood Hammer|p1b: Amoonguss\n|-activate|p1b: Amoonguss|move: Protect\n|\n|upkeep\n|turn|14\n|c|\u26064alo|gg\n|\n|t:|1774205971\n|move|p2b: Zacian|Behemoth Blade|p1b: Amoonguss\n|-damage|p1b: Amoonguss|0 fnt\n|-damage|p2b: Zacian|84/100|[from] item: Rocky Helmet|[of] p1b: Amoonguss\n|faint|p1b: Amoonguss\n|\n|win|4alo\n|raw|Jonen's rating: 1326 &rarr; <strong>1311</strong><br />(-15 for losing)\n|raw|4alo's rating: 1413 &rarr; <strong>1428</strong><br />(+15 for winning)\n","uploadtime":1774205972,"views":10,"formatid":"gen9vgc2026regi","rating":1311,"private":0,"password":null}