{"id":"gen9vgc2026regi-2558816907","format":"[Gen 9] VGC 2026 Reg I","players":["blackred123","palHunter"],"log":"|j|\u2606blackred123\n|j|\u2606palHunter\n|t:|1773487993\n|gametype|doubles\n|player|p1|blackred123|iono-masters|1372\n|player|p2|palHunter|dawn|1566\n|gen|9\n|tier|[Gen 9] VGC 2026 Reg I\n|rated|\n|rule|Species Clause: Limit one of each Pok\u00e9mon\n|rule|Item Clause: Limit 1 of each item\n|clearpoke\n|poke|p1|Groudon, L50|\n|poke|p1|Scovillain, L50, M|\n|poke|p1|Lunala, L50|\n|poke|p1|Whimsicott, L50, F|\n|poke|p1|Ogerpon-Cornerstone, L50, F|\n|poke|p1|Rillaboom, L50, M|\n|poke|p2|Miraidon, L50|\n|poke|p2|Farigiraf, L50, M|\n|poke|p2|Calyrex-Ice, L50|\n|poke|p2|Urshifu-*, L50, M|\n|poke|p2|Incineroar, L50, F|\n|poke|p2|Landorus, L50, M|\n|teampreview|4\n|inactive|Battle timer is ON: inactive players will automatically lose when time's up. (requested by blackred123)\n|inactive|palHunter has 60 seconds left.\n|inactive|palHunter has 30 seconds left.\n|\n|t:|1773488058\n|teamsize|p1|4\n|teamsize|p2|4\n|start\n|switch|p1a: Groudon|Groudon, L50|100/100\n|switch|p1b: Scovillain|Scovillain, L50, M|100/100\n|switch|p2a: Incineroar|Incineroar, L50, F, shiny|100/100\n|switch|p2b: Calyrex|Calyrex-Ice, L50|100/100\n|-ability|p2b: Calyrex|As One\n|-ability|p2b: Calyrex|Unnerve\n|-weather|SunnyDay|[from] ability: Drought|[of] p1a: Groudon\n|-ability|p2a: Incineroar|Intimidate|boost\n|-fail|p1a: Groudon|unboost|[from] item: Clear Amulet|[of] p1a: Groudon\n|-unboost|p1b: Scovillain|atk|1\n|turn|1\n|\n|t:|1773488076\n|-terastallize|p1a: Groudon|Fire\n|-terastallize|p2b: Calyrex|Fire\n|move|p2a: Incineroar|Fake Out|p1a: Groudon\n|-damage|p1a: Groudon|91/100\n|move|p1b: Scovillain|Spicy Extract|p1a: Groudon\n|-fail|p1a: Groudon|unboost|[from] item: Clear Amulet|[of] p1a: Groudon\n|-boost|p1a: Groudon|atk|2\n|cant|p1a: Groudon|flinch\n|move|p2b: Calyrex|Trick Room|p2b: Calyrex\n|-fieldstart|move: Trick Room|[of] p2b: Calyrex\n|\n|-weather|SunnyDay|[upkeep]\n|upkeep\n|turn|2\n|inactive|palHunter has 30 seconds left.\n|inactive|palHunter has 20 seconds left.\n|\n|t:|1773488115\n|move|p2b: Calyrex|Protect|p2b: Calyrex\n|-singleturn|p2b: Calyrex|Protect\n|move|p1b: Scovillain|Protect|p1b: Scovillain\n|-singleturn|p1b: Scovillain|Protect\n|move|p2a: Incineroar|U-turn|p1b: Scovillain\n|-activate|p1b: Scovillain|move: Protect\n|move|p1a: Groudon|Precipice Blades|p2b: Calyrex|[spread] p2a\n|-activate|p2b: Calyrex|move: Protect\n|-supereffective|p2a: Incineroar\n|-damage|p2a: Incineroar|0 fnt\n|faint|p2a: Incineroar\n|\n|-weather|SunnyDay|[upkeep]\n|upkeep\n|\n|t:|1773488130\n|switch|p2a: Landorus|Landorus, L50, M, shiny|100/100\n|turn|3\n|\n|t:|1773488154\n|move|p1a: Groudon|Protect|p1a: Groudon\n|-singleturn|p1a: Groudon|Protect\n|move|p2b: Calyrex|Glacial Lance|p1a: Groudon|[spread] p1b\n|-activate|p1a: Groudon|move: Protect\n|-damage|p1b: Scovillain|23/100\n|move|p2a: Landorus|Sandsear Storm|p1b: Scovillain|[spread] p1b\n|-activate|p1a: Groudon|move: Protect\n|-damage|p1b: Scovillain|0 fnt\n|faint|p1b: Scovillain\n|\n|-weather|SunnyDay|[upkeep]\n|upkeep\n|\n|t:|1773488166\n|switch|p1b: Rillaboom|Rillaboom, L50, M|100/100\n|-fieldstart|move: Grassy Terrain|[from] ability: Grassy Surge|[of] p1b: Rillaboom\n|turn|4\n|\n|t:|1773488174\n|move|p2b: Calyrex|Protect|p2b: Calyrex\n|-singleturn|p2b: Calyrex|Protect\n|move|p2a: Landorus|Protect|p2a: Landorus\n|-singleturn|p2a: Landorus|Protect\n|move|p1b: Rillaboom|Fake Out|p2a: Landorus\n|-activate|p2a: Landorus|move: Protect\n|move|p1a: Groudon|Precipice Blades|p2b: Calyrex|[spread] \n|-activate|p2a: Landorus|move: Protect\n|-activate|p2b: Calyrex|move: Protect\n|\n|-weather|SunnyDay|[upkeep]\n|-heal|p1a: Groudon|97/100|[from] Grassy Terrain\n|upkeep\n|turn|5\n|\n|t:|1773488190\n|switch|p1b: Lunala|Lunala, L50|100/100\n|switch|p2a: Miraidon|Miraidon, L50, shiny|100/100\n|-fieldstart|move: Electric Terrain|[from] ability: Hadron Engine|[of] p2a: Miraidon\n|move|p1a: Groudon|Protect|p1a: Groudon\n|-singleturn|p1a: Groudon|Protect\n|move|p2b: Calyrex|Glacial Lance|p1a: Groudon|[spread] p1b\n|-activate|p1a: Groudon|move: Protect\n|-damage|p1b: Lunala|78/100\n|\n|-weather|none\n|-fieldend|move: Trick Room\n|upkeep\n|turn|6\n|\n|t:|1773488211\n|switch|p1b: Rillaboom|Rillaboom, L50, M|100/100\n|-fieldstart|move: Grassy Terrain|[from] ability: Grassy Surge|[of] p1b: Rillaboom\n|move|p2b: Calyrex|Protect|p2b: Calyrex\n|-singleturn|p2b: Calyrex|Protect\n|move|p2a: Miraidon|Volt Switch|p1a: Groudon\n|-crit|p1a: Groudon\n|-damage|p1a: Groudon|43/100\n|\n|t:|1773488222\n|switch|p2a: Landorus|Landorus, L50, M, shiny|100/100|[from] Volt Switch\n|move|p1a: Groudon|Precipice Blades|p2b: Calyrex|[spread] \n|-activate|p2b: Calyrex|move: Protect\n|-immune|p2a: Landorus\n|\n|-heal|p1a: Groudon|49/100|[from] Grassy Terrain\n|upkeep\n|turn|7\n|\n|t:|1773488236\n|move|p1b: Rillaboom|Fake Out|p2a: Landorus\n|-damage|p2a: Landorus|86/100\n|cant|p2a: Landorus|flinch\n|move|p1a: Groudon|Precipice Blades|p2b: Calyrex|[spread] p2b\n|-immune|p2a: Landorus\n|-supereffective|p2b: Calyrex\n|-damage|p2b: Calyrex|0 fnt\n|faint|p2b: Calyrex\n|\n|-heal|p1a: Groudon|55/100|[from] Grassy Terrain\n|upkeep\n|\n|t:|1773488249\n|switch|p2b: Miraidon|Miraidon, L50, shiny|100/100\n|-fieldstart|move: Electric Terrain|[from] ability: Hadron Engine|[of] p2b: Miraidon\n|turn|8\n|\n|t:|1773488257\n|switch|p1b: Lunala|Lunala, L50|78/100\n|move|p1a: Groudon|Protect|p1a: Groudon\n|-singleturn|p1a: Groudon|Protect\n|move|p2b: Miraidon|Electro Drift|p1b: Lunala\n|-damage|p1b: Lunala|15/100\n|move|p2a: Landorus|Sludge Bomb|p1b: Lunala\n|-resisted|p1b: Lunala\n|-damage|p1b: Lunala|0 fnt\n|faint|p1b: Lunala\n|\n|upkeep\n|\n|t:|1773488268\n|switch|p1b: Rillaboom|Rillaboom, L50, M|100/100\n|-fieldstart|move: Grassy Terrain|[from] ability: Grassy Surge|[of] p1b: Rillaboom\n|turn|9\n|\n|t:|1773488285\n|move|p2a: Landorus|Protect|p2a: Landorus\n|-singleturn|p2a: Landorus|Protect\n|move|p1b: Rillaboom|Fake Out|p2a: Landorus\n|-activate|p2a: Landorus|move: Protect\n|move|p2b: Miraidon|Electro Drift|p1a: Groudon\n|-damage|p1a: Groudon|0 fnt\n|faint|p1a: Groudon\n|\n|upkeep\n|turn|10\n|-message|blackred123 forfeited.\n|\n|win|palHunter\n|raw|blackred123's rating: 1372 &rarr; <strong>1362</strong><br />(-10 for losing)\n|raw|palHunter's rating: 1566 &rarr; <strong>1576</strong><br />(+10 for winning)\n|l|\u2606blackred123\n|player|p1|\n|l|\u2606palHunter\n|player|p2|\n","uploadtime":1773488512,"views":18,"formatid":"gen9vgc2026regi","rating":1362,"private":0,"password":null}