{"id":"gen9vgc2026regi-2567042865","format":"[Gen 9] VGC 2026 Reg I","players":["Realfrytki","AnTree4"],"log":"|j|\u2606Realfrytki\n|j|\u2606AnTree4\n|t:|1774444263\n|gametype|doubles\n|player|p1|Realfrytki|veteranf|1545\n|player|p2|AnTree4|brock|1438\n|gen|9\n|tier|[Gen 9] VGC 2026 Reg I\n|rated|\n|rule|Species Clause: Limit one of each Pok\u00e9mon\n|rule|Item Clause: Limit 1 of each item\n|clearpoke\n|poke|p1|Terapagos, L50, M|\n|poke|p1|Grimmsnarl, L50, M|\n|poke|p1|Volcarona, L50, F|\n|poke|p1|Miraidon, L50|\n|poke|p1|Iron Hands, L50|\n|poke|p1|Amoonguss, L50, F|\n|poke|p2|Calyrex-Ice, L50|\n|poke|p2|Miraidon, L50|\n|poke|p2|Incineroar, L50, F|\n|poke|p2|Sinistcha, L50|\n|poke|p2|Ursaluna-Bloodmoon, L50, M|\n|poke|p2|Urshifu-*, L50, M|\n|teampreview|4\n|\n|t:|1774444301\n|teamsize|p1|4\n|teamsize|p2|4\n|start\n|switch|p1a: Grimmsnarl|Grimmsnarl, L50, M|100/100\n|switch|p1b: Terapagos|Terapagos, L50, M|100/100\n|switch|p2a: Miraidon|Miraidon, L50|100/100\n|switch|p2b: Incineroar|Incineroar, L50, F|100/100\n|-activate|p1b: Terapagos|ability: Tera Shift\n|detailschange|p1b: Terapagos|Terapagos-Terastal, L50, M\n|-heal|p1b: Terapagos|100/100|[silent]\n|-fieldstart|move: Electric Terrain|[from] ability: Hadron Engine|[of] p2a: Miraidon\n|-ability|p2b: Incineroar|Intimidate|boost\n|-unboost|p1a: Grimmsnarl|atk|1\n|-unboost|p1b: Terapagos|atk|1\n|turn|1\n|\n|t:|1774444317\n|-terastallize|p2a: Miraidon|Electric\n|move|p1a: Grimmsnarl|Fake Out|p2a: Miraidon\n|-damage|p2a: Miraidon|94/100\n|move|p2b: Incineroar|Fake Out|p1a: Grimmsnarl\n|-damage|p1a: Grimmsnarl|89/100\n|cant|p2a: Miraidon|flinch\n|move|p1b: Terapagos|Tera Starstorm|p2a: Miraidon\n|-damage|p2a: Miraidon|14/100\n|\n|upkeep\n|turn|2\n|\n|t:|1774444335\n|switch|p1a: Iron Hands|Iron Hands, L50|100/100\n|-activate|p1a: Iron Hands|ability: Quark Drive\n|-start|p1a: Iron Hands|quarkdriveatk\n|switch|p2b: Sinistcha|Sinistcha, L50|100/100\n|-heal|p2a: Miraidon|39/100|[from] ability: Hospitality|[of] p2b: Sinistcha\n|move|p2a: Miraidon|Volt Switch|p1a: Iron Hands\n|-resisted|p1a: Iron Hands\n|-damage|p1a: Iron Hands|65/100\n|-damage|p2a: Miraidon|30/100|[from] item: Life Orb\n|\n|t:|1774444344\n|switch|p2a: Incineroar|Incineroar, L50, F|100/100|[from] Volt Switch\n|-ability|p2a: Incineroar|Intimidate|boost\n|-unboost|p1a: Iron Hands|atk|1\n|-unboost|p1b: Terapagos|atk|1\n|move|p1b: Terapagos|Tera Starstorm|p2b: Sinistcha\n|-immune|p2b: Sinistcha\n|\n|upkeep\n|turn|3\n|\n|t:|1774444371\n|-end|p1a: Iron Hands|Quark Drive|[silent]\n|switch|p1a: Grimmsnarl|Grimmsnarl, L50, M|89/100\n|-terastallize|p1b: Terapagos|Stellar\n|detailschange|p1b: Terapagos|Terapagos-Stellar, L50, M, tera:Stellar\n|-heal|p1b: Terapagos|100/100|[silent]\n|-ability|p1b: Terapagos|Teraform Zero\n|-fieldend|move: Electric Terrain\n|move|p1b: Terapagos|Tera Starstorm|p2b: Sinistcha|[spread] p2a,p2b\n|-damage|p2a: Incineroar|61/100\n|-damage|p2b: Sinistcha|52/100\n|move|p2b: Sinistcha|Matcha Gotcha|p1b: Terapagos|[spread] p1a,p1b\n|-damage|p1a: Grimmsnarl|67/100\n|-heal|p2b: Sinistcha|65/100|[from] drain|[of] p1a: Grimmsnarl\n|-damage|p1b: Terapagos|85/100\n|-heal|p2b: Sinistcha|76/100|[from] drain|[of] p1b: Terapagos\n|move|p2a: Incineroar|Knock Off|p1b: Terapagos\n|-damage|p1b: Terapagos|58/100\n|-enditem|p1b: Terapagos|Choice Specs|[from] move: Knock Off|[of] p2a: Incineroar\n|\n|upkeep\n|turn|4\n|\n|t:|1774444397\n|move|p1a: Grimmsnarl|Fake Tears|p2b: Sinistcha\n|-unboost|p2b: Sinistcha|spd|2\n|move|p1b: Terapagos|Dark Pulse|p2b: Sinistcha\n|-supereffective|p2b: Sinistcha\n|-damage|p2b: Sinistcha|0 fnt\n|faint|p2b: Sinistcha\n|move|p2a: Incineroar|Parting Shot|p1b: Terapagos\n|-unboost|p1b: Terapagos|atk|1\n|-unboost|p1b: Terapagos|spa|1\n|\n|t:|1774444416\n|switch|p2a: Miraidon|Miraidon, L50, tera:Electric|30/100|[from] Parting Shot\n|-fieldstart|move: Electric Terrain|[from] ability: Hadron Engine|[of] p2a: Miraidon\n|\n|upkeep\n|\n|t:|1774444418\n|switch|p2b: Incineroar|Incineroar, L50, F|61/100\n|-ability|p2b: Incineroar|Intimidate|boost\n|-unboost|p1a: Grimmsnarl|atk|1\n|-unboost|p1b: Terapagos|atk|1\n|turn|5\n|\n|t:|1774444435\n|switch|p1b: Iron Hands|Iron Hands, L50|65/100\n|-activate|p1b: Iron Hands|ability: Quark Drive\n|-start|p1b: Iron Hands|quarkdriveatk\n|move|p2b: Incineroar|Fake Out|p1b: Iron Hands\n|-damage|p1b: Iron Hands|58/100\n|move|p2a: Miraidon|Volt Switch|p1a: Grimmsnarl\n|-damage|p1a: Grimmsnarl|0 fnt\n|faint|p1a: Grimmsnarl\n|-damage|p2a: Miraidon|20/100|[from] item: Life Orb\n|\n|t:|1774444443\n|switch|p2a: Calyrex|Calyrex-Ice, L50|100/100|[from] Volt Switch\n|-ability|p2a: Calyrex|As One\n|-ability|p2a: Calyrex|Unnerve\n|\n|upkeep\n|\n|t:|1774444451\n|switch|p1a: Miraidon|Miraidon, L50|100/100\n|-activate|p1a: Miraidon|ability: Hadron Engine\n|turn|6\n|\n|t:|1774444466\n|switch|p2b: Miraidon|Miraidon, L50, tera:Electric|20/100\n|-activate|p2b: Miraidon|ability: Hadron Engine\n|move|p1b: Iron Hands|Fake Out|p2a: Calyrex\n|-damage|p2a: Calyrex|88/100\n|move|p1a: Miraidon|Electro Drift|p2b: Miraidon\n|-resisted|p2b: Miraidon\n|-damage|p2b: Miraidon|0 fnt\n|faint|p2b: Miraidon\n|-damage|p1a: Miraidon|90/100|[from] item: Life Orb\n|cant|p2a: Calyrex|flinch\n|\n|upkeep\n|\n|t:|1774444474\n|switch|p2b: Incineroar|Incineroar, L50, F|61/100\n|-ability|p2b: Incineroar|Intimidate|boost\n|-unboost|p1a: Miraidon|atk|1\n|-unboost|p1b: Iron Hands|atk|1\n|turn|7\n|\n|t:|1774444490\n|switch|p1a: Terapagos|Terapagos-Stellar, L50, M, tera:Stellar|58/100\n|move|p2b: Incineroar|Fake Out|p1a: Terapagos\n|-damage|p1a: Terapagos|50/100\n|move|p1b: Iron Hands|Low Kick|p2a: Calyrex\n|-damage|p2a: Calyrex|48/100\n|move|p2a: Calyrex|Trick Room|p2a: Calyrex\n|-fieldstart|move: Trick Room|[of] p2a: Calyrex\n|\n|upkeep\n|turn|8\n|\n|t:|1774444511\n|move|p2a: Calyrex|Protect|p2a: Calyrex\n|-singleturn|p2a: Calyrex|Protect\n|move|p2b: Incineroar|Will-O-Wisp|p1b: Iron Hands\n|-status|p1b: Iron Hands|brn\n|move|p1b: Iron Hands|Low Kick|p2b: Incineroar\n|-supereffective|p2b: Incineroar\n|-damage|p2b: Incineroar|22/100\n|-enditem|p2b: Incineroar|Sitrus Berry|[eat]\n|-heal|p2b: Incineroar|47/100|[from] item: Sitrus Berry\n|move|p1a: Terapagos|Tera Starstorm|p2b: Incineroar|[spread] p2b\n|-activate|p2a: Calyrex|move: Protect\n|-damage|p2b: Incineroar|20/100\n|\n|-damage|p1b: Iron Hands|52/100 brn|[from] brn\n|-fieldend|move: Electric Terrain\n|-end|p1b: Iron Hands|Quark Drive\n|upkeep\n|turn|9\n|\n|t:|1774444537\n|move|p2a: Calyrex|Glacial Lance|p1a: Terapagos|[spread] p1a,p1b\n|-damage|p1a: Terapagos|9/100\n|-damage|p1b: Iron Hands|7/100 brn\n|move|p2b: Incineroar|Knock Off|p1a: Terapagos\n|-damage|p1a: Terapagos|0 fnt\n|faint|p1a: Terapagos\n|detailschange|p1: Terapagos|Terapagos, L50, M|[silent]\n|move|p1b: Iron Hands|Low Kick|p2a: Calyrex\n|-damage|p2a: Calyrex|33/100\n|\n|-damage|p1b: Iron Hands|1/100 brn|[from] brn\n|upkeep\n|\n|t:|1774444547\n|switch|p1a: Miraidon|Miraidon, L50|90/100\n|-fieldstart|move: Electric Terrain|[from] ability: Hadron Engine|[of] p1a: Miraidon\n|-activate|p1b: Iron Hands|ability: Quark Drive\n|-start|p1b: Iron Hands|quarkdriveatk\n|turn|10\n|\n|t:|1774444554\n|move|p1a: Miraidon|Protect|p1a: Miraidon\n|-singleturn|p1a: Miraidon|Protect\n|move|p2a: Calyrex|Glacial Lance|p1a: Miraidon|[spread] p1b\n|-activate|p1a: Miraidon|move: Protect\n|-damage|p1b: Iron Hands|0 fnt\n|faint|p1b: Iron Hands\n|-end|p1b: Iron Hands|Quark Drive|[silent]\n|-ability|p2a: Calyrex|Chilling Neigh|boost\n|-boost|p2a: Calyrex|atk|1\n|move|p2b: Incineroar|Knock Off|p1a: Miraidon\n|-activate|p1a: Miraidon|move: Protect\n|\n|upkeep\n|turn|11\n|\n|t:|1774444565\n|move|p1a: Miraidon|Protect||[still]\n|-fail|p1a: Miraidon\n|move|p2a: Calyrex|Glacial Lance|p1a: Miraidon\n|-supereffective|p1a: Miraidon\n|-damage|p1a: Miraidon|0 fnt\n|faint|p1a: Miraidon\n|\n|win|AnTree4\n|raw|Realfrytki's rating: 1545 &rarr; <strong>1519</strong><br />(-26 for losing)\n|raw|AnTree4's rating: 1438 &rarr; <strong>1464</strong><br />(+26 for winning)\n|l|\u2606Realfrytki\n|player|p1|\n|l|\u2606AnTree4\n|player|p2|\n","uploadtime":1774444773,"views":13,"formatid":"gen9vgc2026regi","rating":1464,"private":0,"password":null}