{"id":"gen9vgc2026regi-2549274737","format":"[Gen 9] VGC 2026 Reg I","players":["yubanmeiqin","yh10086"],"log":"|j|\u2606yubanmeiqin\n|j|\u2606yh10086\n|t:|1772336703\n|gametype|doubles\n|player|p1|yubanmeiqin|lillie-masters2|1332\n|player|p2|yh10086|102|1189\n|gen|9\n|tier|[Gen 9] VGC 2026 Reg I\n|rated|\n|rule|Species Clause: Limit one of each Pok\u00e9mon\n|rule|Item Clause: Limit 1 of each item\n|clearpoke\n|poke|p1|Kyogre, L50|\n|poke|p1|Zamazenta-*, L50|\n|poke|p1|Dragonite, L50, M|\n|poke|p1|Rillaboom, L50, M|\n|poke|p1|Amoonguss, L50, M|\n|poke|p1|Chien-Pao, L50|\n|poke|p2|Landorus, L50, M|\n|poke|p2|Tornadus, L50, M|\n|poke|p2|Incineroar, L50, M|\n|poke|p2|Kyogre, L50|\n|poke|p2|Miraidon, L50|\n|poke|p2|Urshifu-*, L50, M|\n|teampreview|4\n|\n|t:|1772336747\n|teamsize|p1|4\n|teamsize|p2|4\n|start\n|switch|p1a: Kyogre|Kyogre, L50, shiny|100/100\n|switch|p1b: Rillaboom|Rillaboom, L50, M|100/100\n|switch|p2a: Miraidon|Miraidon, L50|100/100\n|switch|p2b: Incineroar|Incineroar, L50, M|100/100\n|-weather|RainDance|[from] ability: Drizzle|[of] p1a: Kyogre\n|-fieldstart|move: Electric Terrain|[from] ability: Hadron Engine|[of] p2a: Miraidon\n|-fieldstart|move: Grassy Terrain|[from] ability: Grassy Surge|[of] p1b: Rillaboom\n|-ability|p2b: Incineroar|Intimidate|boost\n|-unboost|p1a: Kyogre|atk|1\n|-unboost|p1b: Rillaboom|atk|1\n|turn|1\n|\n|t:|1772336779\n|-terastallize|p1a: Kyogre|Ghost\n|move|p1b: Rillaboom|Fake Out|p2a: Miraidon\n|-damage|p2a: Miraidon|91/100\n|move|p2b: Incineroar|Fake Out|p1a: Kyogre\n|-immune|p1a: Kyogre\n|move|p1a: Kyogre|Water Spout|p2b: Incineroar|[spread] p2a,p2b\n|-resisted|p2a: Miraidon\n|-supereffective|p2b: Incineroar\n|-damage|p2a: Miraidon|52/100\n|-damage|p2b: Incineroar|0 fnt\n|faint|p2b: Incineroar\n|move|p2a: Miraidon|Volt Switch|p1a: Kyogre\n|-damage|p1a: Kyogre|74/100\n|\n|t:|1772336794\n|switch|p2a: Tornadus|Tornadus, L50, M|100/100|[from] Volt Switch\n|\n|-weather|RainDance|[upkeep]\n|-heal|p1a: Kyogre|81/100|[from] Grassy Terrain\n|upkeep\n|\n|t:|1772336801\n|switch|p2b: Miraidon|Miraidon, L50|52/100\n|-fieldstart|move: Electric Terrain|[from] ability: Hadron Engine|[of] p2b: Miraidon\n|turn|2\n|\n|t:|1772336850\n|switch|p1a: Chien-Pao|Chien-Pao, L50|100/100\n|-ability|p1a: Chien-Pao|Sword of Ruin\n|move|p2b: Miraidon|Electro Drift|p1a: Chien-Pao\n|-enditem|p1a: Chien-Pao|Focus Sash\n|-damage|p1a: Chien-Pao|1/100\n|move|p2a: Tornadus|Bleakwind Storm|p1a: Chien-Pao|[spread] p1a,p1b\n|-supereffective|p1b: Rillaboom\n|-damage|p1a: Chien-Pao|0 fnt\n|-damage|p1b: Rillaboom|54/100\n|-unboost|p1b: Rillaboom|spe|1\n|faint|p1a: Chien-Pao\n|move|p1b: Rillaboom|U-turn|p2b: Miraidon\n|-crit|p2b: Miraidon\n|-damage|p2b: Miraidon|16/100\n|\n|t:|1772336867\n|switch|p1b: Dragonite|Dragonite, L50, M|100/100|[from] U-turn\n|\n|-weather|RainDance|[upkeep]\n|upkeep\n|\n|t:|1772336869\n|switch|p1a: Rillaboom|Rillaboom, L50, M|54/100\n|-fieldstart|move: Grassy Terrain|[from] ability: Grassy Surge|[of] p1a: Rillaboom\n|turn|3\n|\n|t:|1772336885\n|move|p1a: Rillaboom|Fake Out|p2a: Tornadus\n|-damage|p2a: Tornadus|80/100\n|move|p1b: Dragonite|Extreme Speed|p2a: Tornadus\n|-damage|p2a: Tornadus|8/100\n|cant|p2a: Tornadus|flinch\n|move|p2b: Miraidon|Draco Meteor|p1b: Dragonite\n|-supereffective|p1b: Dragonite\n|-damage|p1b: Dragonite|0 fnt\n|-unboost|p2b: Miraidon|spa|2\n|faint|p1b: Dragonite\n|\n|-weather|RainDance|[upkeep]\n|-heal|p2b: Miraidon|22/100|[from] Grassy Terrain\n|-heal|p1a: Rillaboom|60/100|[from] Grassy Terrain\n|upkeep\n|\n|t:|1772336896\n|switch|p1b: Kyogre|Kyogre, L50, shiny, tera:Ghost|81/100\n|turn|4\n|\n|t:|1772336913\n|move|p2a: Tornadus|Protect|p2a: Tornadus\n|-singleturn|p2a: Tornadus|Protect\n|move|p1a: Rillaboom|Grassy Glide|p2a: Tornadus\n|-activate|p2a: Tornadus|move: Protect\n|move|p1b: Kyogre|Water Spout|p2b: Miraidon|[spread] p2b\n|-activate|p2a: Tornadus|move: Protect\n|-resisted|p2b: Miraidon\n|-damage|p2b: Miraidon|0 fnt\n|faint|p2b: Miraidon\n|\n|-weather|RainDance|[upkeep]\n|-heal|p1b: Kyogre|87/100|[from] Grassy Terrain\n|-heal|p1a: Rillaboom|66/100|[from] Grassy Terrain\n|upkeep\n|\n|t:|1772336926\n|switch|p2b: Kyogre|Kyogre, L50|100/100\n|turn|5\n|\n|t:|1772336943\n|-terastallize|p2b: Kyogre|Ghost\n|move|p2a: Tornadus|Tailwind|p2a: Tornadus\n|-sidestart|p2: yh10086|move: Tailwind\n|move|p2b: Kyogre|Origin Pulse|p1b: Kyogre|[spread] p1b\n|-miss|p2b: Kyogre|p1a: Rillaboom\n|-damage|p1b: Kyogre|5/100\n|move|p1b: Kyogre|Water Spout|p2a: Tornadus|[spread] p2a,p2b\n|-damage|p2a: Tornadus|2/100\n|-damage|p2b: Kyogre|97/100\n|move|p1a: Rillaboom|U-turn|p2b: Kyogre\n|-resisted|p2b: Kyogre\n|-damage|p2b: Kyogre|85/100\n|\n|-weather|none\n|-heal|p2b: Kyogre|91/100|[from] Grassy Terrain\n|-heal|p1b: Kyogre|11/100|[from] Grassy Terrain\n|-heal|p1a: Rillaboom|71/100|[from] Grassy Terrain\n|upkeep\n|turn|6\n|\n|t:|1772336961\n|move|p1a: Rillaboom|Grassy Glide|p2a: Tornadus\n|-resisted|p2a: Tornadus\n|-damage|p2a: Tornadus|0 fnt\n|faint|p2a: Tornadus\n|move|p2b: Kyogre|Origin Pulse|p1b: Kyogre|[spread] p1a\n|-miss|p2b: Kyogre|p1b: Kyogre\n|-resisted|p1a: Rillaboom\n|-damage|p1a: Rillaboom|47/100\n|move|p1b: Kyogre|Water Spout|p2b: Kyogre\n|-damage|p2b: Kyogre|83/100\n|\n|-heal|p2b: Kyogre|90/100|[from] Grassy Terrain\n|-heal|p1b: Kyogre|18/100|[from] Grassy Terrain\n|-heal|p1a: Rillaboom|53/100|[from] Grassy Terrain\n|upkeep\n|turn|7\n|j| sakiko move\n|\n|t:|1772336977\n|move|p2b: Kyogre|Origin Pulse|p1a: Rillaboom|[spread] p1a,p1b\n|-resisted|p1a: Rillaboom\n|-damage|p1a: Rillaboom|28/100\n|-damage|p1b: Kyogre|0 fnt\n|faint|p1b: Kyogre\n|move|p1a: Rillaboom|Wood Hammer|p2b: Kyogre\n|-damage|p2b: Kyogre|0 fnt\n|faint|p2b: Kyogre\n|-damage|p1a: Rillaboom|3/100|[from] Recoil\n|\n|win|yubanmeiqin\n|raw|yubanmeiqin's rating: 1347 &rarr; <strong>1358</strong><br />(+11 for winning)\n|raw|yh10086's rating: 1189 &rarr; <strong>1175</strong><br />(-14 for losing)\n|l|\u2606yh10086\n|player|p2|\n|l|\u2606yubanmeiqin\n|player|p1|\n|l| sakiko move\n","uploadtime":1772336985,"views":17,"formatid":"gen9vgc2026regi","rating":1175,"private":0,"password":null}