{"id":"gen9vgc2026regi-2554860584","format":"[Gen 9] VGC 2026 Reg I","players":["lalo's pollos","kingofru99"],"log":"|j|\u2606lalo's pollos\n|j|\u2606kingofru99\n|t:|1773020246\n|gametype|doubles\n|player|p1|lalo's pollos|169|1465\n|player|p2|kingofru99|265|1296\n|gen|9\n|tier|[Gen 9] VGC 2026 Reg I\n|rated|\n|rule|Species Clause: Limit one of each Pok\u00e9mon\n|rule|Item Clause: Limit 1 of each item\n|clearpoke\n|poke|p1|Miraidon, L50|\n|poke|p1|Landorus, L50, M|\n|poke|p1|Incineroar, L50, M|\n|poke|p1|Iron Bundle, L50|\n|poke|p1|Farigiraf, L50, F|\n|poke|p1|Calyrex-Ice, L50|\n|poke|p2|Kyogre, L50|\n|poke|p2|Tornadus, L50, M|\n|poke|p2|Koraidon, L50|\n|poke|p2|Exeggutor, L50, M|\n|poke|p2|Raging Bolt, L50|\n|poke|p2|Typhlosion-Hisui, L50, F|\n|teampreview|4\n|\n|t:|1773020292\n|teamsize|p1|4\n|teamsize|p2|4\n|start\n|switch|p1a: Co-Star|Miraidon, L50|100/100\n|switch|p1b: the Star|Iron Bundle, L50|100/100\n|switch|p2a: Kyogre|Kyogre, L50|100/100\n|switch|p2b: Tornadus|Tornadus, L50, M|100/100\n|-fieldstart|move: Electric Terrain|[from] ability: Hadron Engine|[of] p1a: Co-Star\n|-activate|p1b: the Star|ability: Quark Drive\n|-start|p1b: the Star|quarkdrivespe\n|-weather|RainDance|[from] ability: Drizzle|[of] p2a: Kyogre\n|turn|1\n|inactive|Battle timer is ON: inactive players will automatically lose when time's up. (requested by kingofru99)\n|\n|t:|1773020312\n|move|p2a: Kyogre|Protect|p2a: Kyogre\n|-singleturn|p2a: Kyogre|Protect\n|move|p2b: Tornadus|Tailwind|p2b: Tornadus\n|-sidestart|p2: kingofru99|move: Tailwind\n|move|p1b: the Star|Freeze-Dry|p2a: Kyogre\n|-activate|p2a: Kyogre|move: Protect\n|move|p1a: Co-Star|Volt Switch|p2b: Tornadus\n|-supereffective|p2b: Tornadus\n|-enditem|p2b: Tornadus|Focus Sash\n|-damage|p2b: Tornadus|1/100\n|\n|t:|1773020318\n|switch|p1a: Calyrex|Calyrex-Ice, L50|100/100|[from] Volt Switch\n|-ability|p1a: Calyrex|As One\n|-ability|p1a: Calyrex|Unnerve\n|\n|-weather|RainDance|[upkeep]\n|upkeep\n|turn|2\n|\n|t:|1773020331\n|-terastallize|p2a: Kyogre|Dark\n|-terastallize|p1a: Calyrex|Water\n|move|p2b: Tornadus|Taunt|p1a: Calyrex\n|-start|p1a: Calyrex|move: Taunt\n|move|p1b: the Star|Freeze-Dry|p2a: Kyogre\n|-damage|p2a: Kyogre|79/100\n|move|p2a: Kyogre|Tera Blast|p1a: Calyrex|[anim] Tera Blast Dark\n|-damage|p1a: Calyrex|67/100\n|cant|p1a: Calyrex|move: Taunt|Trick Room\n|\n|-weather|RainDance|[upkeep]\n|upkeep\n|turn|3\n|inactive|kingofru99 has 30 seconds left.\n|\n|t:|1773020360\n|move|p1b: the Star|Protect|p1b: the Star\n|-singleturn|p1b: the Star|Protect\n|move|p2b: Tornadus|Bleakwind Storm|p1b: the Star|[spread] p1a\n|-activate|p1b: the Star|move: Protect\n|-damage|p1a: Calyrex|43/100\n|move|p2a: Kyogre|Water Spout|p1b: the Star|[spread] p1a\n|-activate|p1b: the Star|move: Protect\n|-resisted|p1a: Calyrex\n|-damage|p1a: Calyrex|17/100\n|move|p1a: Calyrex|Glacial Lance|p2a: Kyogre|[spread] p2a,p2b\n|-supereffective|p2b: Tornadus\n|-damage|p2a: Kyogre|18/100\n|-damage|p2b: Tornadus|0 fnt\n|faint|p2b: Tornadus\n|-ability|p1a: Calyrex|Chilling Neigh|boost\n|-boost|p1a: Calyrex|atk|1\n|\n|-weather|RainDance|[upkeep]\n|upkeep\n|\n|t:|1773020372\n|switch|p2b: Koraidon|Koraidon, L50|100/100\n|-weather|SunnyDay|[from] ability: Orichalcum Pulse|[of] p2b: Koraidon\n|-activate|p2b: Koraidon|Orichalcum Pulse|[source]\n|turn|4\n|\n|t:|1773020381\n|move|p2b: Koraidon|Flare Blitz|p1b: the Star\n|-enditem|p1b: the Star|Focus Sash\n|-damage|p1b: the Star|1/100\n|-damage|p2b: Koraidon|80/100|[from] Recoil\n|-damage|p2b: Koraidon|70/100|[from] item: Life Orb\n|move|p1b: the Star|Icy Wind|p2a: Kyogre|[spread] p2a,p2b\n|-supereffective|p2b: Koraidon\n|-damage|p2a: Kyogre|6/100\n|-damage|p2b: Koraidon|31/100\n|-unboost|p2b: Koraidon|spe|1\n|move|p2a: Kyogre|Tera Blast|p1a: Calyrex|[anim] Tera Blast Dark\n|-damage|p1a: Calyrex|0 fnt\n|faint|p1a: Calyrex\n|\n|-weather|SunnyDay|[upkeep]\n|-sideend|p2: kingofru99|move: Tailwind\n|upkeep\n|\n|t:|1773020393\n|switch|p1a: Co-Star|Miraidon, L50|100/100\n|-activate|p1a: Co-Star|ability: Hadron Engine\n|turn|5\n|\n|t:|1773020415\n|-end|p1b: the Star|Quark Drive|[silent]\n|switch|p1b: Incineroar|Incineroar, L50, M|100/100\n|-ability|p1b: Incineroar|Intimidate|boost\n|-unboost|p2a: Kyogre|atk|1\n|-unboost|p2b: Koraidon|atk|1\n|switch|p2b: Typhlosion|Typhlosion-Hisui, L50, F|100/100\n|-item|p1a: Co-Star|Choice Specs|[from] ability: Frisk|[of] p2b: Typhlosion\n|-item|p1b: Incineroar|Assault Vest|[from] ability: Frisk|[of] p2b: Typhlosion\n|move|p2a: Kyogre|Protect|p2a: Kyogre\n|-singleturn|p2a: Kyogre|Protect\n|move|p1a: Co-Star|Dazzling Gleam|p2a: Kyogre|[spread] p2b\n|-activate|p2a: Kyogre|move: Protect\n|-resisted|p2b: Typhlosion\n|-damage|p2b: Typhlosion|72/100\n|\n|-weather|SunnyDay|[upkeep]\n|-fieldend|move: Electric Terrain\n|upkeep\n|turn|6\n|\n|t:|1773020427\n|move|p1a: Co-Star|Dazzling Gleam|p2a: Kyogre|[spread] p2a,p2b\n|-supereffective|p2a: Kyogre\n|-resisted|p2b: Typhlosion\n|-damage|p2a: Kyogre|0 fnt\n|-damage|p2b: Typhlosion|49/100\n|faint|p2a: Kyogre\n|move|p2b: Typhlosion|Eruption|p1b: Incineroar|[spread] p1a,p1b\n|-resisted|p1a: Co-Star\n|-resisted|p1b: Incineroar\n|-damage|p1a: Co-Star|72/100\n|-damage|p1b: Incineroar|80/100\n|move|p1b: Incineroar|Knock Off|p2b: Typhlosion\n|-supereffective|p2b: Typhlosion\n|-damage|p2b: Typhlosion|0 fnt\n|-enditem|p2b: Typhlosion|Choice Specs|[from] move: Knock Off|[of] p1b: Incineroar\n|faint|p2b: Typhlosion\n|\n|-weather|SunnyDay|[upkeep]\n|upkeep\n|\n|t:|1773020433\n|switch|p2b: Koraidon|Koraidon, L50|31/100\n|-activate|p2b: Koraidon|ability: Orichalcum Pulse\n|turn|7\n|\n|t:|1773020437\n|move|p1a: Co-Star|Dazzling Gleam|p2b: Koraidon\n|-supereffective|p2b: Koraidon\n|-damage|p2b: Koraidon|0 fnt\n|faint|p2b: Koraidon\n|\n|win|lalo's pollos\n|raw|lalo&apos;s pollos's rating: 1465 &rarr; <strong>1476</strong><br />(+11 for winning)\n|raw|kingofru99's rating: 1296 &rarr; <strong>1282</strong><br />(-14 for losing)\n|l|\u2606kingofru99\n|player|p2|\n","uploadtime":1773020597,"views":13,"formatid":"gen9vgc2026regi","rating":1282,"private":0,"password":null}