{"id":"gen9vgc2026regi-2588521044","format":"[Gen 9] VGC 2026 Reg I","players":["Lil Tic","Kakashisthirdleg"],"log":"|j|\u2606Lil Tic\n|j|\u2606Kakashisthirdleg\n|t:|1776641196\n|gametype|doubles\n|player|p1|Lil Tic|170|1414\n|player|p2|Kakashisthirdleg|steven|1392\n|gen|9\n|tier|[Gen 9] VGC 2026 Reg I\n|rated|\n|rule|Species Clause: Limit one of each Pok\u00e9mon\n|rule|Item Clause: Limit 1 of each item\n|clearpoke\n|poke|p1|Koraidon, L50|\n|poke|p1|Flutter Mane, L50|\n|poke|p1|Ho-Oh, L50|\n|poke|p1|Incineroar, L50, F|\n|poke|p1|Amoonguss, L50, F|\n|poke|p1|Ting-Lu, L50|\n|poke|p2|Calyrex-Ice, L50|\n|poke|p2|Incineroar, L50, F|\n|poke|p2|Lunala, L50|\n|poke|p2|Ogerpon-Wellspring, L50, F|\n|poke|p2|Rillaboom, L50, F|\n|poke|p2|Gholdengo, L50|\n|teampreview|4\n|\n|t:|1776641225\n|teamsize|p1|4\n|teamsize|p2|4\n|start\n|switch|p1a: Incineroar|Incineroar, L50, F|100/100\n|switch|p1b: Ting-Lu|Ting-Lu, L50|100/100\n|switch|p2a: Calyrex|Calyrex-Ice, L50|100/100\n|switch|p2b: Incineroar|Incineroar, L50, F|100/100\n|-ability|p2a: Calyrex|As One\n|-ability|p2a: Calyrex|Unnerve\n|-ability|p1a: Incineroar|Intimidate|boost\n|-fail|p2a: Calyrex|unboost|[from] item: Clear Amulet|[of] p2a: Calyrex\n|-unboost|p2b: Incineroar|atk|1\n|-ability|p2b: Incineroar|Intimidate|boost\n|-unboost|p1a: Incineroar|atk|1\n|-unboost|p1b: Ting-Lu|atk|1\n|-ability|p1b: Ting-Lu|Vessel of Ruin\n|turn|1\n|\n|t:|1776641241\n|move|p2a: Calyrex|Protect|p2a: Calyrex\n|-singleturn|p2a: Calyrex|Protect\n|move|p1a: Incineroar|Knock Off|p2a: Calyrex\n|-activate|p2a: Calyrex|move: Protect\n|move|p2b: Incineroar|Will-O-Wisp|p1b: Ting-Lu\n|-status|p1b: Ting-Lu|brn\n|move|p1b: Ting-Lu|Stealth Rock|p2b: Incineroar\n|-sidestart|p2: Kakashisthirdleg|move: Stealth Rock\n|\n|-damage|p1b: Ting-Lu|94/100 brn|[from] brn\n|upkeep\n|turn|2\n|\n|t:|1776641267\n|switch|p1b: Ho-Oh|Ho-Oh, L50|100/100\n|-terastallize|p2a: Calyrex|Fire\n|move|p1a: Incineroar|Knock Off|p2a: Calyrex\n|-crit|p2a: Calyrex\n|-damage|p2a: Calyrex|60/100\n|-enditem|p2a: Calyrex|Clear Amulet|[from] move: Knock Off|[of] p1a: Incineroar\n|move|p2b: Incineroar|Parting Shot|p1a: Incineroar\n|-unboost|p1a: Incineroar|atk|1\n|-unboost|p1a: Incineroar|spa|1\n|\n|t:|1776641271\n|switch|p2b: Ogerpon|Ogerpon-Wellspring, L50, F|100/100|[from] Parting Shot\n|-damage|p2b: Ogerpon|88/100|[from] Stealth Rock\n|move|p2a: Calyrex|Leech Seed|p1b: Ho-Oh\n|-start|p1b: Ho-Oh|move: Leech Seed\n|\n|-damage|p1b: Ho-Oh|88/100|[from] Leech Seed|[of] p2a: Calyrex\n|-heal|p2a: Calyrex|72/100|[silent]\n|upkeep\n|turn|3\n|\n|t:|1776641293\n|move|p2a: Calyrex|Protect|p2a: Calyrex\n|-singleturn|p2a: Calyrex|Protect\n|move|p2b: Ogerpon|Ivy Cudgel|p1a: Incineroar|[anim] Ivy Cudgel Water\n|-supereffective|p1a: Incineroar\n|-damage|p1a: Incineroar|0 fnt\n|faint|p1a: Incineroar\n|move|p1b: Ho-Oh|Brave Bird|p2b: Ogerpon\n|-supereffective|p2b: Ogerpon\n|-damage|p2b: Ogerpon|0 fnt\n|faint|p2b: Ogerpon\n|-damage|p1b: Ho-Oh|62/100|[from] Recoil\n|\n|-damage|p1b: Ho-Oh|50/100|[from] Leech Seed|[of] p2a: Calyrex\n|-heal|p2a: Calyrex|84/100|[silent]\n|upkeep\n|\n|t:|1776641303\n|switch|p2b: Rillaboom|Rillaboom, L50, F|100/100\n|switch|p1a: Koraidon|Koraidon, L50|100/100\n|-weather|SunnyDay|[from] ability: Orichalcum Pulse|[of] p1a: Koraidon\n|-activate|p1a: Koraidon|Orichalcum Pulse|[source]\n|-damage|p2b: Rillaboom|88/100|[from] Stealth Rock\n|-fieldstart|move: Grassy Terrain|[from] ability: Grassy Surge|[of] p2b: Rillaboom\n|turn|4\n|\n|t:|1776641314\n|switch|p1b: Ting-Lu|Ting-Lu, L50|94/100 brn\n|-ability|p1b: Ting-Lu|Vessel of Ruin\n|switch|p2b: Incineroar|Incineroar, L50, F|100/100\n|-damage|p2b: Incineroar|76/100|[from] Stealth Rock\n|-ability|p2b: Incineroar|Intimidate|boost\n|-unboost|p1a: Koraidon|atk|1\n|-unboost|p1b: Ting-Lu|atk|1\n|move|p1a: Koraidon|Protect|p1a: Koraidon\n|-singleturn|p1a: Koraidon|Protect\n|move|p2a: Calyrex|Glacial Lance|p1a: Koraidon|[spread] p1b\n|-activate|p1a: Koraidon|move: Protect\n|-supereffective|p1b: Ting-Lu\n|-damage|p1b: Ting-Lu|44/100 brn\n|\n|-weather|SunnyDay|[upkeep]\n|-heal|p2b: Incineroar|82/100|[from] Grassy Terrain\n|-heal|p2a: Calyrex|90/100|[from] Grassy Terrain\n|-heal|p1b: Ting-Lu|50/100 brn|[from] Grassy Terrain\n|-heal|p1b: Ting-Lu|57/100 brn|[from] item: Leftovers\n|-damage|p1b: Ting-Lu|50/100 brn|[from] brn\n|upkeep\n|turn|5\n|\n|t:|1776641341\n|switch|p1a: Ho-Oh|Ho-Oh, L50|83/100\n|move|p2b: Incineroar|Fake Out|p1a: Ho-Oh\n|-damage|p1a: Ho-Oh|73/100\n|move|p2a: Calyrex|Glacial Lance|p1a: Ho-Oh|[spread] p1a,p1b\n|-supereffective|p1b: Ting-Lu\n|-damage|p1a: Ho-Oh|23/100\n|-damage|p1b: Ting-Lu|0 fnt\n|faint|p1b: Ting-Lu\n|-ability|p2a: Calyrex|Chilling Neigh|boost\n|-boost|p2a: Calyrex|atk|1\n|\n|-weather|SunnyDay|[upkeep]\n|-heal|p2b: Incineroar|88/100|[from] Grassy Terrain\n|-heal|p2a: Calyrex|96/100|[from] Grassy Terrain\n|upkeep\n|\n|t:|1776641346\n|switch|p1b: Koraidon|Koraidon, L50|100/100\n|-activate|p1b: Koraidon|ability: Orichalcum Pulse\n|turn|6\n|\n|t:|1776641355\n|switch|p2b: Rillaboom|Rillaboom, L50, F|88/100\n|-damage|p2b: Rillaboom|75/100|[from] Stealth Rock\n|move|p1b: Koraidon|Collision Course|p2a: Calyrex\n|-damage|p2a: Calyrex|35/100\n|-damage|p1b: Koraidon|91/100|[from] item: Life Orb\n|move|p1a: Ho-Oh|Brave Bird|p2a: Calyrex\n|-damage|p2a: Calyrex|0 fnt\n|faint|p2a: Calyrex\n|-damage|p1a: Ho-Oh|12/100|[from] Recoil\n|\n|-weather|SunnyDay|[upkeep]\n|-heal|p1b: Koraidon|96/100|[from] Grassy Terrain\n|-heal|p2b: Rillaboom|81/100|[from] Grassy Terrain\n|upkeep\n|\n|t:|1776641357\n|switch|p2a: Incineroar|Incineroar, L50, F|88/100\n|-damage|p2a: Incineroar|63/100|[from] Stealth Rock\n|-ability|p2a: Incineroar|Intimidate|boost\n|-fail|p1a: Ho-Oh|unboost|[from] item: Clear Amulet|[of] p1a: Ho-Oh\n|-unboost|p1b: Koraidon|atk|1\n|turn|7\n|\n|t:|1776641374\n|move|p1b: Koraidon|Protect|p1b: Koraidon\n|-singleturn|p1b: Koraidon|Protect\n|move|p1a: Ho-Oh|Protect|p1a: Ho-Oh\n|-singleturn|p1a: Ho-Oh|Protect\n|move|p2b: Rillaboom|Fake Out|p1b: Koraidon\n|-activate|p1b: Koraidon|move: Protect\n|move|p2a: Incineroar|Knock Off|p1a: Ho-Oh\n|-activate|p1a: Ho-Oh|move: Protect\n|\n|-weather|SunnyDay|[upkeep]\n|-heal|p1b: Koraidon|100/100|[from] Grassy Terrain\n|-heal|p2b: Rillaboom|87/100|[from] Grassy Terrain\n|-heal|p2a: Incineroar|69/100|[from] Grassy Terrain\n|upkeep\n|turn|8\n|\n|t:|1776641384\n|move|p2b: Rillaboom|Grassy Glide|p1a: Ho-Oh\n|-resisted|p1a: Ho-Oh\n|-damage|p1a: Ho-Oh|4/100\n|move|p1b: Koraidon|Collision Course|p2a: Incineroar\n|-supereffective|p2a: Incineroar\n|-damage|p2a: Incineroar|0 fnt\n|faint|p2a: Incineroar\n|-damage|p1b: Koraidon|91/100|[from] item: Life Orb\n|move|p1a: Ho-Oh|Brave Bird|p2b: Rillaboom\n|-supereffective|p2b: Rillaboom\n|-damage|p2b: Rillaboom|0 fnt\n|faint|p2b: Rillaboom\n|-damage|p1a: Ho-Oh|0 fnt|[from] Recoil\n|faint|p1a: Ho-Oh\n|\n|win|Lil Tic\n|raw|Lil Tic's rating: 1414 &rarr; <strong>1433</strong><br />(+19 for winning)\n|raw|Kakashisthirdleg's rating: 1392 &rarr; <strong>1373</strong><br />(-19 for losing)\n|l|\u2606Kakashisthirdleg\n|player|p2|\n|l|\u2606Lil Tic\n|player|p1|\n","uploadtime":1776641647,"views":6,"formatid":"gen9vgc2026regi","rating":1373,"private":0,"password":null}