{"id":"gen9vgc2026regi-2561359650","format":"[Gen 9] VGC 2026 Reg I","players":["LowPass","b3testing"],"log":"|j|\u2606LowPass\n|j|\u2606b3testing\n|t:|1773787698\n|gametype|doubles\n|player|p1|LowPass|lance|1481\n|player|p2|b3testing|170|1529\n|gen|9\n|tier|[Gen 9] VGC 2026 Reg I\n|rated|\n|rule|Species Clause: Limit one of each Pok\u00e9mon\n|rule|Item Clause: Limit 1 of each item\n|clearpoke\n|poke|p1|Lugia, L50|\n|poke|p1|Groudon, L50|\n|poke|p1|Iron Valiant, L50|\n|poke|p1|Incineroar, L50, F|\n|poke|p1|Jumpluff, L50, M|\n|poke|p1|Walking Wake, L50|\n|poke|p2|Terapagos, L50, M|\n|poke|p2|Calyrex-Shadow, L50|\n|poke|p2|Incineroar, L50, M|\n|poke|p2|Amoonguss, L50, M|\n|poke|p2|Tornadus, L50, M|\n|poke|p2|Smeargle, L50, F|\n|teampreview|4\n|inactive|Battle timer is ON: inactive players will automatically lose when time's up. (requested by b3testing)\n|inactive|LowPass also wants the timer to be on.\n|\n|t:|1773787721\n|teamsize|p1|4\n|teamsize|p2|4\n|start\n|switch|p1a: Iron Valiant|Iron Valiant, L50|100/100\n|switch|p1b: Groudon|Groudon, L50, shiny|100/100\n|switch|p2a: Tornadus|Tornadus, L50, M|100/100\n|switch|p2b: Smeargle|Smeargle, L50, F|100/100\n|-weather|SunnyDay|[from] ability: Drought|[of] p1b: Groudon\n|-enditem|p1a: Iron Valiant|Booster Energy\n|-activate|p1a: Iron Valiant|ability: Quark Drive|[fromitem]\n|-start|p1a: Iron Valiant|quarkdrivespe\n|turn|1\n|\n|t:|1773787732\n|move|p2b: Smeargle|Fake Out|p1b: Groudon\n|-damage|p1b: Groudon|97/100\n|move|p2a: Tornadus|Taunt|p1a: Iron Valiant\n|-start|p1a: Iron Valiant|move: Taunt\n|cant|p1a: Iron Valiant|move: Taunt|Taunt\n|cant|p1b: Groudon|flinch\n|\n|-weather|SunnyDay|[upkeep]\n|-ability|p2b: Smeargle|Moody|boost\n|-boost|p2b: Smeargle|spe|2\n|-unboost|p2b: Smeargle|spd|1\n|upkeep\n|turn|2\n|\n|t:|1773787750\n|move|p2a: Tornadus|Tailwind|p2a: Tornadus\n|-sidestart|p2: b3testing|move: Tailwind\n|move|p2b: Smeargle|Spore|p1b: Groudon\n|-status|p1b: Groudon|slp|[from] move: Spore\n|move|p1a: Iron Valiant|Spirit Break|p2b: Smeargle\n|-damage|p2b: Smeargle|30/100\n|-unboost|p2b: Smeargle|spa|1\n|cant|p1b: Groudon|slp\n|\n|-weather|SunnyDay|[upkeep]\n|-ability|p2b: Smeargle|Moody|boost\n|-boost|p2b: Smeargle|spd|2\n|-unboost|p2b: Smeargle|spa|1\n|upkeep\n|turn|3\n|\n|t:|1773787773\n|-end|p1a: Iron Valiant|Quark Drive|[silent]\n|switch|p1a: Jumpluff|Jumpluff, L50, M|100/100\n|move|p2b: Smeargle|Decorate|p2a: Tornadus\n|-boost|p2a: Tornadus|atk|2\n|-boost|p2a: Tornadus|spa|2\n|move|p2a: Tornadus|Bleakwind Storm|p1a: Jumpluff|[spread] p1a,p1b\n|-supereffective|p1a: Jumpluff\n|-enditem|p1a: Jumpluff|Focus Sash\n|-damage|p1a: Jumpluff|1/100\n|-damage|p1b: Groudon|48/100 slp\n|cant|p1b: Groudon|slp\n|\n|-weather|SunnyDay|[upkeep]\n|-ability|p2b: Smeargle|Moody|boost\n|-boost|p2b: Smeargle|def|2\n|-unboost|p2b: Smeargle|atk|1\n|upkeep\n|turn|4\n|\n|t:|1773787795\n|move|p2a: Tornadus|Taunt|p1a: Jumpluff\n|-start|p1a: Jumpluff|move: Taunt\n|move|p2b: Smeargle|Decorate|p2a: Tornadus\n|-boost|p2a: Tornadus|atk|2\n|-boost|p2a: Tornadus|spa|2\n|cant|p1a: Jumpluff|move: Taunt|Tailwind\n|-curestatus|p1b: Groudon|slp|[msg]\n|move|p1b: Groudon|Thunder Punch|p2a: Tornadus\n|-supereffective|p2a: Tornadus\n|-damage|p2a: Tornadus|40/100\n|\n|-weather|SunnyDay|[upkeep]\n|-ability|p2b: Smeargle|Moody|boost\n|-boost|p2b: Smeargle|spa|2\n|-unboost|p2b: Smeargle|atk|1\n|upkeep\n|turn|5\n|\n|t:|1773787815\n|move|p2b: Smeargle|Spore|p1b: Groudon\n|-status|p1b: Groudon|slp|[from] move: Spore\n|move|p1a: Jumpluff|Pollen Puff|p1b: Groudon\n|-heal|p1b: Groudon|98/100 slp\n|move|p2a: Tornadus|Bleakwind Storm|p1a: Jumpluff|[spread] p1a,p1b\n|-supereffective|p1a: Jumpluff\n|-damage|p1a: Jumpluff|0 fnt\n|-damage|p1b: Groudon|28/100 slp\n|faint|p1a: Jumpluff\n|cant|p1b: Groudon|slp\n|\n|-weather|none\n|-sideend|p2: b3testing|move: Tailwind\n|-ability|p2b: Smeargle|Moody|boost\n|-boost|p2b: Smeargle|spd|2\n|-unboost|p2b: Smeargle|def|1\n|upkeep\n|-message|LowPass forfeited.\n|\n|win|b3testing\n|raw|LowPass's rating: 1481 &rarr; <strong>1464</strong><br />(-17 for losing)\n|raw|b3testing's rating: 1529 &rarr; <strong>1546</strong><br />(+17 for winning)\n|l|\u2606LowPass\n|player|p1|\n|l|\u2606b3testing\n|player|p2|\n","uploadtime":1773787985,"views":13,"formatid":"gen9vgc2026regi","rating":1464,"private":0,"password":null}