{"id":"gen9vgc2026regi-2547402625","format":"[Gen 9] VGC 2026 Reg I","players":["EllenJoe2026","Hi jump kicker"],"log":"|j|\u2606EllenJoe2026\n|j|\u2606Hi jump kicker\n|t:|1772082082\n|gametype|doubles\n|player|p1|EllenJoe2026|iono|1481\n|player|p2|Hi jump kicker|blackbelt-gen4dp|1330\n|gen|9\n|tier|[Gen 9] VGC 2026 Reg I\n|rated|\n|rule|Species Clause: Limit one of each Pok\u00e9mon\n|rule|Item Clause: Limit 1 of each item\n|clearpoke\n|poke|p1|Calyrex-Shadow, L50|\n|poke|p1|Zamazenta-*, L50|\n|poke|p1|Incineroar, L50, F|\n|poke|p1|Rillaboom, L50, F|\n|poke|p1|Ogerpon-Cornerstone, L50, F|\n|poke|p1|Tornadus, L50, M|\n|poke|p2|Reshiram, L50|\n|poke|p2|Zekrom, L50|\n|poke|p2|Murkrow, L50, F|\n|poke|p2|Grimmsnarl, L50, M|\n|poke|p2|Flutter Mane, L50|\n|poke|p2|Landorus, L50, M|\n|teampreview|4\n|inactive|Battle timer is ON: inactive players will automatically lose when time's up. (requested by EllenJoe2026)\n|inactive|EllenJoe2026 has 60 seconds left.\n|inactive|Hi jump kicker has 60 seconds left.\n|inactive|Hi jump kicker has 30 seconds left.\n|inactive|Hi jump kicker has 20 seconds left.\n|\n|t:|1772082154\n|teamsize|p1|4\n|teamsize|p2|4\n|start\n|switch|p1a: Zamazenta|Zamazenta-Crowned, L50, shiny|100/100\n|switch|p1b: Rillaboom|Rillaboom, L50, F, shiny|100/100\n|switch|p2a: Reshiram|Reshiram, L50|100/100\n|switch|p2b: Murkrow|Murkrow, L50, F|100/100\n|-ability|p1a: Zamazenta|Dauntless Shield|boost\n|-boost|p1a: Zamazenta|def|1\n|-ability|p2a: Reshiram|Turboblaze\n|-fieldstart|move: Grassy Terrain|[from] ability: Grassy Surge|[of] p1b: Rillaboom\n|turn|1\n|inactive|EllenJoe2026 has 30 seconds left.\n|inactive|Hi jump kicker has 30 seconds left.\n|inactive|EllenJoe2026 has 20 seconds left.\n|\n|t:|1772082190\n|move|p1b: Rillaboom|Fake Out|p2a: Reshiram\n|-damage|p2a: Reshiram|88/100\n|move|p2b: Murkrow|Sunny Day|p2b: Murkrow\n|-weather|SunnyDay\n|move|p1a: Zamazenta|Body Press|p2a: Reshiram\n|-damage|p2a: Reshiram|26/100\n|cant|p2a: Reshiram|flinch\n|\n|-weather|SunnyDay|[upkeep]\n|-heal|p2a: Reshiram|31/100|[from] Grassy Terrain\n|upkeep\n|turn|2\n|\n|t:|1772082212\n|-terastallize|p1b: Rillaboom|Fire\n|move|p1a: Zamazenta|Protect|p1a: Zamazenta\n|-singleturn|p1a: Zamazenta|Protect\n|move|p2b: Murkrow|Tailwind|p2b: Murkrow\n|-sidestart|p2: Hi jump kicker|move: Tailwind\n|move|p2a: Reshiram|Heat Wave|p1b: Rillaboom|[spread] p1b\n|-activate|p1a: Zamazenta|move: Protect\n|-resisted|p1b: Rillaboom\n|-damage|p1b: Rillaboom|71/100\n|-damage|p2a: Reshiram|22/100|[from] item: Life Orb\n|move|p1b: Rillaboom|Wood Hammer|p2a: Reshiram\n|-resisted|p2a: Reshiram\n|-damage|p2a: Reshiram|5/100\n|-damage|p1b: Rillaboom|66/100|[from] Recoil\n|\n|-weather|SunnyDay|[upkeep]\n|-heal|p2a: Reshiram|11/100|[from] Grassy Terrain\n|-heal|p1b: Rillaboom|71/100|[from] Grassy Terrain\n|upkeep\n|turn|3\n|\n|t:|1772082237\n|switch|p2b: Zekrom|Zekrom, L50|100/100\n|-ability|p2b: Zekrom|Teravolt\n|move|p2a: Reshiram|Protect|p2a: Reshiram\n|-singleturn|p2a: Reshiram|Protect\n|move|p1b: Rillaboom|Grassy Glide|p2a: Reshiram\n|-activate|p2a: Reshiram|move: Protect\n|move|p1a: Zamazenta|Body Press|p2b: Zekrom\n|-damage|p2b: Zekrom|42/100\n|\n|-weather|SunnyDay|[upkeep]\n|-heal|p2a: Reshiram|16/100|[from] Grassy Terrain\n|-heal|p2b: Zekrom|48/100|[from] Grassy Terrain\n|-heal|p1b: Rillaboom|77/100|[from] Grassy Terrain\n|upkeep\n|turn|4\n|inactive|EllenJoe2026 has 30 seconds left.\n|inactive|EllenJoe2026 has 20 seconds left.\n|\n|t:|1772082276\n|move|p1a: Zamazenta|Wide Guard|p1a: Zamazenta\n|-singleturn|p1a: Zamazenta|Wide Guard\n|move|p2a: Reshiram|Fusion Flare|p1a: Zamazenta\n|-supereffective|p1a: Zamazenta\n|-damage|p1a: Zamazenta|0 fnt\n|faint|p1a: Zamazenta\n|-damage|p2a: Reshiram|7/100|[from] item: Life Orb\n|move|p2b: Zekrom|Fusion Bolt|p1b: Rillaboom\n|-damage|p1b: Rillaboom|0 fnt\n|faint|p1b: Rillaboom\n|\n|-weather|SunnyDay|[upkeep]\n|-heal|p2a: Reshiram|13/100|[from] Grassy Terrain\n|-heal|p2b: Zekrom|54/100|[from] Grassy Terrain\n|upkeep\n|\n|t:|1772082288\n|switch|p1a: Calyrex|Calyrex-Shadow, L50|100/100\n|switch|p1b: Ogerpon|Ogerpon-Cornerstone, L50, F|100/100\n|-ability|p1a: Calyrex|As One\n|-ability|p1a: Calyrex|Unnerve\n|turn|5\n|inactive|Hi jump kicker has 30 seconds left.\n|\n|t:|1772082314\n|move|p1a: Calyrex|Protect|p1a: Calyrex\n|-singleturn|p1a: Calyrex|Protect\n|move|p1b: Ogerpon|Spiky Shield|p1b: Ogerpon\n|-singleturn|p1b: Ogerpon|move: Protect\n|move|p2a: Reshiram|Fusion Flare|p1b: Ogerpon\n|-activate|p1b: Ogerpon|move: Protect\n|move|p2b: Zekrom|Fusion Bolt|p1a: Calyrex\n|-activate|p1a: Calyrex|move: Protect\n|\n|-weather|none\n|-heal|p2a: Reshiram|18/100|[from] Grassy Terrain\n|-heal|p2b: Zekrom|60/100|[from] Grassy Terrain\n|-sideend|p2: Hi jump kicker|move: Tailwind\n|-fieldend|move: Grassy Terrain\n|upkeep\n|turn|6\n|inactive|Hi jump kicker has 30 seconds left.\n|\n|t:|1772082344\n|move|p2a: Reshiram|Protect|p2a: Reshiram\n|-singleturn|p2a: Reshiram|Protect\n|move|p1a: Calyrex|Astral Barrage|p2a: Reshiram|[spread] p2b\n|-activate|p2a: Reshiram|move: Protect\n|-crit|p2b: Zekrom\n|-damage|p2b: Zekrom|0 fnt\n|faint|p2b: Zekrom\n|-ability|p1a: Calyrex|Grim Neigh|boost\n|-boost|p1a: Calyrex|spa|1\n|move|p1b: Ogerpon|Ivy Cudgel|p2a: Reshiram|[anim] Ivy Cudgel Rock\n|-activate|p2a: Reshiram|move: Protect\n|\n|upkeep\n|\n|t:|1772082358\n|switch|p2b: Murkrow|Murkrow, L50, F|100/100\n|turn|7\n|\n|t:|1772082381\n|-terastallize|p2a: Reshiram|Fire\n|move|p2b: Murkrow|Tailwind|p2b: Murkrow\n|-sidestart|p2: Hi jump kicker|move: Tailwind\n|move|p2a: Reshiram|Heat Wave|p1a: Calyrex|[spread] p1a,p1b\n|-crit|p1a: Calyrex\n|-damage|p1a: Calyrex|0 fnt\n|-damage|p1b: Ogerpon|9/100\n|faint|p1a: Calyrex\n|-damage|p2a: Reshiram|9/100|[from] item: Life Orb\n|move|p1b: Ogerpon|Ivy Cudgel|p2b: Murkrow|[anim] Ivy Cudgel Rock\n|-supereffective|p2b: Murkrow\n|-crit|p2b: Murkrow\n|-damage|p2b: Murkrow|0 fnt\n|faint|p2b: Murkrow\n|\n|upkeep\n|-message|EllenJoe2026 forfeited.\n|\n|win|Hi jump kicker\n|raw|EllenJoe2026's rating: 1481 &rarr; <strong>1453</strong><br />(-28 for losing)\n|raw|Hi jump kicker's rating: 1330 &rarr; <strong>1358</strong><br />(+28 for winning)\n|l|\u2606EllenJoe2026\n|player|p1|\n|l|\u2606Hi jump kicker\n|player|p2|\n","uploadtime":1772082559,"views":14,"formatid":"gen9vgc2026regi","rating":1358,"private":0,"password":null}