{"id":"gen9vgc2026regi-2551559363","format":"[Gen 9] VGC 2026 Reg I","players":["123456ag","drive stone"],"log":"|j|\u2606123456ag\n|j|\u2606drive stone\n|t:|1772621288\n|gametype|doubles\n|player|p1|123456ag|swimmerf-gen4dp|1334\n|player|p2|drive stone|cilan|1534\n|gen|9\n|tier|[Gen 9] VGC 2026 Reg I\n|rated|\n|rule|Species Clause: Limit one of each Pok\u00e9mon\n|rule|Item Clause: Limit 1 of each item\n|clearpoke\n|poke|p1|Incineroar, L50, M|\n|poke|p1|Koraidon, L50|\n|poke|p1|Rillaboom, L50, F|\n|poke|p1|Calyrex-Shadow, L50|\n|poke|p1|Clefairy, L50, M|\n|poke|p1|Whimsicott, L50, M|\n|poke|p2|Calyrex-Ice, L50|\n|poke|p2|Ho-Oh, L50|\n|poke|p2|Overqwil, L50, M|\n|poke|p2|Rillaboom, L50, F|\n|poke|p2|Ting-Lu, L50|\n|poke|p2|Ogerpon-Wellspring, L50, F|\n|teampreview|4\n|\n|t:|1772621360\n|teamsize|p1|4\n|teamsize|p2|4\n|start\n|switch|p1a: siuuu|Calyrex-Shadow, L50|100/100\n|switch|p1b: Clefairy|Clefairy, L50, M|100/100\n|switch|p2a: Calyrex|Calyrex-Ice, L50|100/100\n|switch|p2b: Overqwil|Overqwil, L50, M|100/100\n|-ability|p1a: siuuu|As One\n|-ability|p1a: siuuu|Unnerve\n|-ability|p2a: Calyrex|As One\n|-ability|p2a: Calyrex|Unnerve\n|-ability|p2b: Overqwil|Intimidate|boost\n|-unboost|p1a: siuuu|atk|1\n|-unboost|p1b: Clefairy|atk|1\n|turn|1\n|\n|t:|1772621381\n|-terastallize|p2a: Calyrex|Water\n|move|p1b: Clefairy|Follow Me|p1b: Clefairy\n|-singleturn|p1b: Clefairy|move: Follow Me\n|move|p1a: siuuu|Nasty Plot|p1a: siuuu\n|-boost|p1a: siuuu|spa|2\n|move|p2b: Overqwil|Toxic Spikes|p1b: Clefairy\n|-sidestart|p1: 123456ag|move: Toxic Spikes\n|move|p2a: Calyrex|Leech Seed|p1b: Clefairy\n|-start|p1b: Clefairy|move: Leech Seed\n|\n|-damage|p1b: Clefairy|88/100|[from] Leech Seed|[of] p2a: Calyrex\n|upkeep\n|turn|2\n|\n|t:|1772621401\n|move|p1b: Clefairy|Follow Me|p1b: Clefairy\n|-singleturn|p1b: Clefairy|move: Follow Me\n|move|p1a: siuuu|Nasty Plot|p1a: siuuu\n|-boost|p1a: siuuu|spa|2\n|move|p2b: Overqwil|Barb Barrage|p1b: Clefairy\n|-supereffective|p1b: Clefairy\n|-damage|p1b: Clefairy|53/100\n|move|p2a: Calyrex|Glacial Lance|p1a: siuuu|[spread] p1a,p1b\n|-damage|p1a: siuuu|64/100\n|-damage|p1b: Clefairy|19/100\n|\n|-damage|p1b: Clefairy|7/100|[from] Leech Seed|[of] p2a: Calyrex\n|upkeep\n|turn|3\n|\n|t:|1772621420\n|switch|p2b: Ting-Lu|Ting-Lu, L50|100/100\n|-ability|p2b: Ting-Lu|Vessel of Ruin\n|move|p1b: Clefairy|Follow Me|p1b: Clefairy\n|-singleturn|p1b: Clefairy|move: Follow Me\n|move|p1a: siuuu|Nasty Plot|p1a: siuuu\n|-boost|p1a: siuuu|spa|2\n|move|p2a: Calyrex|Trick Room|p2a: Calyrex\n|-fieldstart|move: Trick Room|[of] p2a: Calyrex\n|\n|-damage|p1b: Clefairy|0 fnt|[from] Leech Seed|[of] p2a: Calyrex\n|faint|p1b: Clefairy\n|upkeep\n|\n|t:|1772621427\n|switch|p1b: Incineroar|Incineroar, L50, M|100/100\n|-status|p1b: Incineroar|psn\n|-ability|p1b: Incineroar|Intimidate|boost\n|-unboost|p2a: Calyrex|atk|1\n|-unboost|p2b: Ting-Lu|atk|1\n|turn|4\n|\n|t:|1772621449\n|move|p1b: Incineroar|Fake Out|p2b: Ting-Lu\n|-damage|p2b: Ting-Lu|94/100\n|cant|p2b: Ting-Lu|flinch\n|move|p2a: Calyrex|Glacial Lance|p1a: siuuu|[spread] p1a,p1b\n|-resisted|p1b: Incineroar\n|-damage|p1a: siuuu|32/100\n|-damage|p1b: Incineroar|89/100 psn\n|move|p1a: siuuu|Astral Barrage|p2b: Ting-Lu|[spread] p2a,p2b\n|-resisted|p2b: Ting-Lu\n|-damage|p2a: Calyrex|0 fnt\n|-damage|p2b: Ting-Lu|14/100\n|faint|p2a: Calyrex\n|-damage|p1a: siuuu|22/100|[from] item: Life Orb\n|\n|-damage|p1b: Incineroar|77/100 psn|[from] psn\n|upkeep\n|\n|t:|1772621467\n|switch|p2a: Ho-Oh|Ho-Oh, L50|100/100\n|turn|5\n|\n|t:|1772621480\n|move|p1a: siuuu|Protect|p1a: siuuu\n|-singleturn|p1a: siuuu|Protect\n|move|p2b: Ting-Lu|Earthquake|p1a: siuuu|[spread] p1b\n|-activate|p1a: siuuu|move: Protect\n|-immune|p2a: Ho-Oh\n|-supereffective|p1b: Incineroar\n|-damage|p1b: Incineroar|26/100 psn\n|move|p1b: Incineroar|Knock Off|p2a: Ho-Oh\n|-damage|p2a: Ho-Oh|77/100\n|-damage|p1b: Incineroar|10/100 psn|[from] item: Rocky Helmet|[of] p2a: Ho-Oh\n|-enditem|p2a: Ho-Oh|Rocky Helmet|[from] move: Knock Off|[of] p1b: Incineroar\n|move|p2a: Ho-Oh|Life Dew|p2a: Ho-Oh|[spread] p2a,p2b\n|-heal|p2a: Ho-Oh|100/100\n|-heal|p2b: Ting-Lu|39/100\n|\n|-damage|p1b: Incineroar|0 fnt|[from] psn\n|faint|p1b: Incineroar\n|upkeep\n|\n|t:|1772621495\n|switch|p1b: Koraidon|Koraidon, L50|100/100\n|-status|p1b: Koraidon|psn\n|-weather|SunnyDay|[from] ability: Orichalcum Pulse|[of] p1b: Koraidon\n|-activate|p1b: Koraidon|Orichalcum Pulse|[source]\n|turn|6\n|-message|123456ag forfeited.\n|\n|win|drive stone\n|raw|123456ag's rating: 1334 &rarr; <strong>1324</strong><br />(-10 for losing)\n|raw|drive stone's rating: 1534 &rarr; <strong>1544</strong><br />(+10 for winning)\n|l|\u2606123456ag\n|player|p1|\n|l|\u2606drive stone\n|player|p2|\n","uploadtime":1772621668,"views":16,"formatid":"gen9vgc2026regi","rating":1324,"private":0,"password":null}