{"id":"gen9vgc2026regi-2540302494","format":"[Gen 9] VGC 2026 Reg I","players":["Tritonfrostbane","marcxhenry"],"log":"|j|\u2606Tritonfrostbane\n|j|\u2606marcxhenry\n|t:|1771186462\n|gametype|doubles\n|player|p1|Tritonfrostbane|101|1444\n|player|p2|marcxhenry|hilbert-wonderlauncher|1494\n|gen|9\n|tier|[Gen 9] VGC 2026 Reg I\n|rated|\n|rule|Species Clause: Limit one of each Pok\u00e9mon\n|rule|Item Clause: Limit 1 of each item\n|clearpoke\n|poke|p1|Calyrex-Ice, L50|\n|poke|p1|Indeedee-F, L50, F|\n|poke|p1|Lunala, L50|\n|poke|p1|Torkoal, L50, F|\n|poke|p1|Smeargle, L50, M|\n|poke|p1|Urshifu-*, L50, F|\n|poke|p2|Calyrex-Shadow, L50|\n|poke|p2|Urshifu-*, L50, M|\n|poke|p2|Roaring Moon, L50|\n|poke|p2|Kyogre, L50|\n|poke|p2|Tsareena, L50, F|\n|poke|p2|Kingambit, L50, M|\n|teampreview|4\n|j| riyuezi\n|\n|t:|1771186481\n|teamsize|p1|4\n|teamsize|p2|4\n|start\n|switch|p1a: Smeargle|Smeargle, L50, M|100/100\n|switch|p1b: Calyrex|Calyrex-Ice, L50|100/100\n|switch|p2a: Rhein\u00fcbung|Urshifu-Rapid-Strike, L50, M|100/100\n|switch|p2b: Hitmonshe|Tsareena, L50, F, shiny|100/100\n|-ability|p1b: Calyrex|As One\n|-ability|p1b: Calyrex|Unnerve\n|turn|1\n|\n|t:|1771186497\n|-terastallize|p2b: Hitmonshe|Water\n|move|p1a: Smeargle|Follow Me|p1a: Smeargle\n|-singleturn|p1a: Smeargle|move: Follow Me\n|move|p2a: Rhein\u00fcbung|Surging Strikes|p1a: Smeargle\n|-crit|p1a: Smeargle\n|-damage|p1a: Smeargle|55/100\n|-crit|p1a: Smeargle\n|-damage|p1a: Smeargle|6/100\n|-crit|p1a: Smeargle\n|-damage|p1a: Smeargle|0 fnt\n|faint|p1a: Smeargle\n|-hitcount|p1: Smeargle|3\n|move|p2b: Hitmonshe|Taunt|p1b: Calyrex\n|-start|p1b: Calyrex|move: Taunt\n|move|p1b: Calyrex|Glacial Lance|p2b: Hitmonshe|[spread] p2a,p2b\n|-resisted|p2a: Rhein\u00fcbung\n|-resisted|p2b: Hitmonshe\n|-damage|p2a: Rhein\u00fcbung|69/100\n|-damage|p2b: Hitmonshe|66/100\n|\n|upkeep\n|\n|t:|1771186516\n|switch|p1a: Torkoal|Torkoal, L50, F|100/100\n|-weather|SunnyDay|[from] ability: Drought|[of] p1a: Torkoal\n|turn|2\n|\n|t:|1771186524\n|switch|p2b: Tripitz|Kyogre, L50, shiny|100/100\n|-weather|RainDance|[from] ability: Drizzle|[of] p2b: Tripitz\n|-terastallize|p1a: Torkoal|Fire\n|move|p2a: Rhein\u00fcbung|Surging Strikes|p1a: Torkoal\n|-supereffective|p1a: Torkoal\n|-crit|p1a: Torkoal\n|-damage|p1a: Torkoal|52/100\n|-supereffective|p1a: Torkoal\n|-crit|p1a: Torkoal\n|-damage|p1a: Torkoal|0 fnt\n|faint|p1a: Torkoal\n|-hitcount|p1: Torkoal|2\n|move|p1b: Calyrex|Glacial Lance|p2b: Tripitz|[spread] p2a,p2b\n|-resisted|p2a: Rhein\u00fcbung\n|-resisted|p2b: Tripitz\n|-damage|p2a: Rhein\u00fcbung|40/100\n|-damage|p2b: Tripitz|69/100\n|\n|-weather|RainDance|[upkeep]\n|upkeep\n|\n|t:|1771186542\n|switch|p1a: Urshifu|Urshifu, L50, F|100/100\n|turn|3\n|\n|t:|1771186553\n|switch|p2b: Hitmonshe|Tsareena, L50, F, shiny, tera:Water|66/100\n|move|p2a: Rhein\u00fcbung|Surging Strikes|p1a: Urshifu\n|-crit|p1a: Urshifu\n|-damage|p1a: Urshifu|69/100\n|-crit|p1a: Urshifu\n|-damage|p1a: Urshifu|40/100\n|-crit|p1a: Urshifu\n|-damage|p1a: Urshifu|11/100\n|-hitcount|p1a: Urshifu|3\n|move|p1a: Urshifu|Wicked Blow|p2b: Hitmonshe\n|-crit|p2b: Hitmonshe\n|-damage|p2b: Hitmonshe|0 fnt\n|faint|p2b: Hitmonshe\n|move|p1b: Calyrex|Glacial Lance|p2a: Rhein\u00fcbung\n|-resisted|p2a: Rhein\u00fcbung\n|-damage|p2a: Rhein\u00fcbung|2/100\n|\n|-weather|RainDance|[upkeep]\n|-end|p1b: Calyrex|move: Taunt\n|upkeep\n|\n|t:|1771186573\n|switch|p2b: Hermann|Kingambit, L50, M, shiny|100/100\n|turn|4\n|\n|t:|1771186588\n|move|p2a: Rhein\u00fcbung|Surging Strikes|p1a: Urshifu\n|-crit|p1a: Urshifu\n|-damage|p1a: Urshifu|0 fnt\n|faint|p1a: Urshifu\n|-hitcount|p1: Urshifu|1\n|move|p2b: Hermann|Kowtow Cleave|p1b: Calyrex\n|-supereffective|p1b: Calyrex\n|-crit|p1b: Calyrex\n|-damage|p1b: Calyrex|14/100\n|move|p1b: Calyrex|High Horsepower|p2b: Hermann\n|-supereffective|p2b: Hermann\n|-damage|p2b: Hermann|35/100\n|\n|-weather|RainDance|[upkeep]\n|upkeep\n|turn|5\n|\n|t:|1771186602\n|switch|p2b: Tripitz|Kyogre, L50, shiny|69/100\n|move|p2a: Rhein\u00fcbung|Surging Strikes|p1b: Calyrex\n|-crit|p1b: Calyrex\n|-damage|p1b: Calyrex|0 fnt\n|faint|p1b: Calyrex\n|-hitcount|p1: Calyrex|1\n|\n|win|marcxhenry\n|raw|Tritonfrostbane's rating: 1444 &rarr; <strong>1427</strong><br />(-17 for losing)\n|raw|marcxhenry's rating: 1494 &rarr; <strong>1511</strong><br />(+17 for winning)\n|l|\u2606Tritonfrostbane\n|player|p1|\n|l| riyuezi\n|l|\u2606marcxhenry\n|player|p2|\n","uploadtime":1771186815,"views":38,"formatid":"gen9vgc2026regi","rating":1427,"private":0,"password":null}