{"id":"gen9vgc2026regi-2532534021","format":"[Gen 9] VGC 2026 Reg I","players":["fogdocker","Stinky57"],"log":"|j|\u2606fogdocker\n|j|\u2606Stinky57\n|t:|1770192670\n|gametype|doubles\n|player|p1|fogdocker|169|1478\n|player|p2|Stinky57|170|1562\n|gen|9\n|tier|[Gen 9] VGC 2026 Reg I\n|rated|\n|rule|Species Clause: Limit one of each Pok\u00e9mon\n|rule|Item Clause: Limit 1 of each item\n|clearpoke\n|poke|p1|Koraidon, L50|\n|poke|p1|Flutter Mane, L50|\n|poke|p1|Calyrex-Ice, L50|\n|poke|p1|Incineroar, L50, F|\n|poke|p1|Rillaboom, L50, M|\n|poke|p1|Amoonguss, L50, F|\n|poke|p2|Miraidon, L50|\n|poke|p2|Necrozma-Dusk-Mane, L50|\n|poke|p2|Pelipper, L50, M|\n|poke|p2|Iron Hands, L50|\n|poke|p2|Whimsicott, L50, F|\n|poke|p2|Urshifu-*, L50, F|\n|teampreview|4\n|inactive|Battle timer is ON: inactive players will automatically lose when time's up. (requested by fogdocker)\n|inactive|Stinky57 has 60 seconds left.\n|\n|t:|1770192731\n|teamsize|p1|4\n|teamsize|p2|4\n|start\n|switch|p1a: Rillaboom|Rillaboom, L50, M|100/100\n|switch|p1b: Calyrex|Calyrex-Ice, L50|100/100\n|switch|p2a: Necrozma|Necrozma-Dusk-Mane, L50|100/100\n|switch|p2b: Iron Hands|Iron Hands, L50, shiny|100/100\n|-ability|p1b: Calyrex|As One\n|-ability|p1b: Calyrex|Unnerve\n|-fieldstart|move: Grassy Terrain|[from] ability: Grassy Surge|[of] p1a: Rillaboom\n|turn|1\n|\n|t:|1770192751\n|move|p1a: Rillaboom|Fake Out|p2b: Iron Hands\n|-damage|p2b: Iron Hands|91/100\n|cant|p2b: Iron Hands|flinch\n|move|p2a: Necrozma|Photon Geyser|p1a: Rillaboom\n|-damage|p1a: Rillaboom|46/100\n|move|p1b: Calyrex|Leech Seed|p2a: Necrozma\n|-start|p2a: Necrozma|move: Leech Seed\n|\n|-heal|p1a: Rillaboom|52/100|[from] Grassy Terrain\n|-heal|p2b: Iron Hands|97/100|[from] Grassy Terrain\n|-damage|p2a: Necrozma|88/100|[from] Leech Seed|[of] p1b: Calyrex\n|upkeep\n|turn|2\n|inactive|Stinky57 has 30 seconds left.\n|\n|t:|1770192779\n|-end|p2b: Iron Hands|Quark Drive|[silent]\n|switch|p2b: Miraidon|Miraidon, L50, shiny|100/100\n|-fieldstart|move: Electric Terrain|[from] ability: Hadron Engine|[of] p2b: Miraidon\n|move|p1b: Calyrex|Protect|p1b: Calyrex\n|-singleturn|p1b: Calyrex|Protect\n|move|p2a: Necrozma|Sunsteel Strike|p1a: Rillaboom\n|-damage|p1a: Rillaboom|0 fnt\n|faint|p1a: Rillaboom\n|\n|-damage|p2a: Necrozma|76/100|[from] Leech Seed|[of] p1b: Calyrex\n|upkeep\n|\n|t:|1770192794\n|switch|p1a: Koraidon|Koraidon, L50|100/100\n|-weather|SunnyDay|[from] ability: Orichalcum Pulse|[of] p1a: Koraidon\n|-activate|p1a: Koraidon|Orichalcum Pulse|[source]\n|turn|3\n|\n|t:|1770192811\n|switch|p2a: Pelipper|Pelipper, L50, M|100/100\n|-weather|RainDance|[from] ability: Drizzle|[of] p2a: Pelipper\n|-terastallize|p2b: Miraidon|Electric\n|move|p1a: Koraidon|Close Combat|p2b: Miraidon\n|-damage|p2b: Miraidon|16/100\n|-unboost|p1a: Koraidon|def|1\n|-unboost|p1a: Koraidon|spd|1\n|-damage|p1a: Koraidon|91/100|[from] item: Life Orb\n|move|p2b: Miraidon|Electro Drift|p1b: Calyrex\n|-damage|p1b: Calyrex|1/100\n|-damage|p2b: Miraidon|7/100|[from] item: Life Orb\n|move|p1b: Calyrex|Glacial Lance|p2b: Miraidon|[spread] p2a,p2b\n|-damage|p2a: Pelipper|36/100\n|-damage|p2b: Miraidon|0 fnt\n|faint|p2b: Miraidon\n|-ability|p1b: Calyrex|Chilling Neigh|boost\n|-boost|p1b: Calyrex|atk|1\n|\n|-weather|RainDance|[upkeep]\n|-heal|p1b: Calyrex|7/100|[from] item: Leftovers\n|upkeep\n|\n|t:|1770192830\n|switch|p2b: Necrozma|Necrozma-Dusk-Mane, L50|76/100\n|turn|4\n|\n|t:|1770192843\n|switch|p1a: Flutter Mane|Flutter Mane, L50|100/100\n|move|p1b: Calyrex|Protect|p1b: Calyrex\n|-singleturn|p1b: Calyrex|Protect\n|move|p2a: Pelipper|Weather Ball|p1b: Calyrex\n|-activate|p1b: Calyrex|move: Protect\n|move|p2b: Necrozma|Trick Room|p2b: Necrozma\n|-fieldstart|move: Trick Room|[of] p2b: Necrozma\n|\n|-weather|RainDance|[upkeep]\n|-heal|p1b: Calyrex|13/100|[from] item: Leftovers\n|upkeep\n|turn|5\n|\n|t:|1770192867\n|-terastallize|p1b: Calyrex|Water\n|move|p1b: Calyrex|Leech Seed|p2b: Necrozma\n|-start|p2b: Necrozma|move: Leech Seed\n|move|p2b: Necrozma|Sunsteel Strike|p1b: Calyrex\n|-resisted|p1b: Calyrex\n|-damage|p1b: Calyrex|0 fnt\n|faint|p1b: Calyrex\n|move|p2a: Pelipper|Weather Ball|p1a: Flutter Mane\n|-damage|p1a: Flutter Mane|30/100\n|move|p1a: Flutter Mane|Moonblast|p2a: Pelipper\n|-crit|p2a: Pelipper\n|-damage|p2a: Pelipper|0 fnt\n|faint|p2a: Pelipper\n|\n|-weather|RainDance|[upkeep]\n|upkeep\n|\n|t:|1770192874\n|switch|p1b: Koraidon|Koraidon, L50|91/100\n|switch|p2a: Iron Hands|Iron Hands, L50, shiny|97/100\n|-weather|SunnyDay|[from] ability: Orichalcum Pulse|[of] p1b: Koraidon\n|-activate|p1a: Flutter Mane|ability: Protosynthesis\n|-start|p1a: Flutter Mane|protosynthesisspe\n|-activate|p1b: Koraidon|Orichalcum Pulse|[source]\n|-activate|p2a: Iron Hands|ability: Quark Drive\n|-start|p2a: Iron Hands|quarkdriveatk\n|turn|6\n|\n|t:|1770192892\n|move|p1b: Koraidon|Protect|p1b: Koraidon\n|-singleturn|p1b: Koraidon|Protect\n|move|p1a: Flutter Mane|Protect|p1a: Flutter Mane\n|-singleturn|p1a: Flutter Mane|Protect\n|move|p2a: Iron Hands|Wild Charge|p1a: Flutter Mane\n|-activate|p1a: Flutter Mane|move: Protect\n|move|p2b: Necrozma|Photon Geyser|p1b: Koraidon\n|-activate|p1b: Koraidon|move: Protect\n|\n|-weather|SunnyDay|[upkeep]\n|-damage|p2b: Necrozma|64/100|[from] Leech Seed|[of] p1b: Koraidon\n|-heal|p1b: Koraidon|100/100|[silent]\n|-fieldend|move: Electric Terrain\n|-end|p2a: Iron Hands|Quark Drive\n|upkeep\n|turn|7\n|\n|t:|1770192910\n|move|p2a: Iron Hands|Wild Charge|p1a: Flutter Mane\n|-damage|p1a: Flutter Mane|0 fnt\n|faint|p1a: Flutter Mane\n|-end|p1a: Flutter Mane|Protosynthesis|[silent]\n|-damage|p2a: Iron Hands|93/100|[from] Recoil\n|move|p2b: Necrozma|Photon Geyser|p1b: Koraidon\n|-supereffective|p1b: Koraidon\n|-damage|p1b: Koraidon|0 fnt\n|faint|p1b: Koraidon\n|\n|win|Stinky57\n|raw|fogdocker's rating: 1478 &rarr; <strong>1463</strong><br />(-15 for losing)\n|raw|Stinky57's rating: 1562 &rarr; <strong>1577</strong><br />(+15 for winning)\n|l|\u2606fogdocker\n|player|p1|\n|l|\u2606Stinky57\n|player|p2|\n","uploadtime":1770193131,"views":17,"formatid":"gen9vgc2026regi","rating":1463,"private":0,"password":null}