{"id":"gen9vgc2026regi-2550090048","format":"[Gen 9] VGC 2026 Reg I","players":["Tepig_nNz_498","CHR1SPHX"],"log":"|j|\u2606Tepig_nNz_498\n|j|\u2606CHR1SPHX\n|t:|1772453619\n|gametype|doubles\n|player|p1|Tepig_nNz_498|1|1293\n|player|p2|CHR1SPHX|hilbert-wonderlauncher|1410\n|gen|9\n|tier|[Gen 9] VGC 2026 Reg I\n|rated|\n|rule|Species Clause: Limit one of each Pok\u00e9mon\n|rule|Item Clause: Limit 1 of each item\n|clearpoke\n|poke|p1|Whimsicott, L50, F|\n|poke|p1|Reshiram, L50|\n|poke|p1|Incineroar, L50, M|\n|poke|p1|Lilligant-Hisui, L50, F|\n|poke|p1|Brute Bonnet, L50|\n|poke|p1|Koraidon, L50|\n|poke|p2|Incineroar, L50, M|\n|poke|p2|Koraidon, L50|\n|poke|p2|Flutter Mane, L50|\n|poke|p2|Brute Bonnet, L50|\n|poke|p2|Indeedee-F, L50, F|\n|poke|p2|Calyrex-Ice, L50|\n|teampreview|4\n|inactive|Battle timer is ON: inactive players will automatically lose when time's up. (requested by CHR1SPHX)\n|inactive|CHR1SPHX has 60 seconds left.\n|\n|t:|1772453653\n|teamsize|p1|4\n|teamsize|p2|4\n|start\n|switch|p1a: Lilligant|Lilligant-Hisui, L50, F|100/100\n|switch|p1b: Koraidon|Koraidon, L50|100/100\n|switch|p2a: Incineroar|Incineroar, L50, M|100/100\n|switch|p2b: Calyrex|Calyrex-Ice, L50|100/100\n|-ability|p2b: Calyrex|As One\n|-ability|p2b: Calyrex|Unnerve\n|-weather|SunnyDay|[from] ability: Orichalcum Pulse|[of] p1b: Koraidon\n|-activate|p1b: Koraidon|Orichalcum Pulse|[source]\n|-ability|p2a: Incineroar|Intimidate|boost\n|-unboost|p1a: Lilligant|atk|1\n|-unboost|p1b: Koraidon|atk|1\n|-enditem|p1b: Koraidon|Eject Pack\n|\n|t:|1772453660\n|switch|p1b: Incineroar|Incineroar, L50, M|100/100\n|-ability|p1b: Incineroar|Intimidate|boost\n|-unboost|p2a: Incineroar|atk|1\n|-fail|p2b: Calyrex|unboost|[from] item: Clear Amulet|[of] p2b: Calyrex\n|turn|1\n|\n|t:|1772453675\n|switch|p1a: Reshiram|Reshiram, L50|100/100\n|-ability|p1a: Reshiram|Turboblaze\n|move|p2b: Calyrex|Protect|p2b: Calyrex\n|-singleturn|p2b: Calyrex|Protect\n|move|p1b: Incineroar|Fake Out|p2b: Calyrex\n|-activate|p2b: Calyrex|move: Protect\n|move|p2a: Incineroar|Taunt|p1a: Reshiram\n|-start|p1a: Reshiram|move: Taunt\n|\n|-weather|SunnyDay|[upkeep]\n|upkeep\n|turn|2\n|\n|t:|1772453691\n|-terastallize|p2b: Calyrex|Ground\n|move|p1a: Reshiram|Earth Power|p2a: Incineroar\n|-supereffective|p2a: Incineroar\n|-damage|p2a: Incineroar|15/100\n|-enditem|p2a: Incineroar|Aguav Berry|[eat]\n|-heal|p2a: Incineroar|49/100|[from] item: Aguav Berry\n|-damage|p1a: Reshiram|91/100|[from] item: Life Orb\n|move|p1b: Incineroar|Knock Off|p2b: Calyrex\n|-damage|p2b: Calyrex|77/100\n|-enditem|p2b: Calyrex|Clear Amulet|[from] move: Knock Off|[of] p1b: Incineroar\n|move|p2a: Incineroar|Parting Shot|p1a: Reshiram\n|-unboost|p1a: Reshiram|atk|1\n|-unboost|p1a: Reshiram|spa|1\n|\n|t:|1772453705\n|switch|p2a: Flutter Mane|Flutter Mane, L50|100/100|[from] Parting Shot\n|-activate|p2a: Flutter Mane|ability: Protosynthesis\n|-start|p2a: Flutter Mane|protosynthesisspe\n|move|p2b: Calyrex|High Horsepower|p1a: Reshiram\n|-supereffective|p1a: Reshiram\n|-damage|p1a: Reshiram|0 fnt\n|faint|p1a: Reshiram\n|-ability|p2b: Calyrex|Chilling Neigh|boost\n|-boost|p2b: Calyrex|atk|1\n|\n|-weather|SunnyDay|[upkeep]\n|upkeep\n|\n|t:|1772453717\n|switch|p1a: Lilligant|Lilligant-Hisui, L50, F|100/100\n|turn|3\n|\n|t:|1772453729\n|move|p1a: Lilligant|Sleep Powder|p2a: Flutter Mane\n|-status|p2a: Flutter Mane|slp|[from] move: Sleep Powder\n|cant|p2a: Flutter Mane|slp\n|move|p1b: Incineroar|Will-O-Wisp|p2b: Calyrex\n|-status|p2b: Calyrex|brn\n|move|p2b: Calyrex|High Horsepower|p1b: Incineroar|[miss]\n|-miss|p2b: Calyrex|p1b: Incineroar\n|\n|-weather|SunnyDay|[upkeep]\n|-damage|p2b: Calyrex|72/100 brn|[from] brn\n|upkeep\n|turn|4\n|inactive|Tepig_nNz_498 has 30 seconds left.\n|\n|t:|1772453764\n|move|p2b: Calyrex|Protect|p2b: Calyrex\n|-singleturn|p2b: Calyrex|Protect\n|move|p1a: Lilligant|Solar Blade||[still]\n|-prepare|p1a: Lilligant|Solar Blade\n|-anim|p1a: Lilligant|Solar Blade|p2a: Flutter Mane\n|-crit|p2a: Flutter Mane\n|-enditem|p2a: Flutter Mane|Focus Sash\n|-damage|p2a: Flutter Mane|1/100 slp\n|cant|p2a: Flutter Mane|slp\n|move|p1b: Incineroar|Parting Shot|p2b: Calyrex\n|-activate|p2b: Calyrex|move: Protect\n|\n|-weather|SunnyDay|[upkeep]\n|-damage|p2b: Calyrex|66/100 brn|[from] brn\n|upkeep\n|turn|5\n|\n|t:|1772453782\n|switch|p2b: Incineroar|Incineroar, L50, M|49/100\n|-ability|p2b: Incineroar|Intimidate|boost\n|-unboost|p1a: Lilligant|atk|1\n|-unboost|p1b: Incineroar|atk|1\n|move|p1a: Lilligant|Solar Blade||[still]\n|-prepare|p1a: Lilligant|Solar Blade\n|-anim|p1a: Lilligant|Solar Blade|p2b: Incineroar\n|-resisted|p2b: Incineroar\n|-damage|p2b: Incineroar|32/100\n|cant|p2a: Flutter Mane|slp\n|move|p1b: Incineroar|Knock Off|p2a: Flutter Mane\n|-damage|p2a: Flutter Mane|0 fnt\n|faint|p2a: Flutter Mane\n|-end|p2a: Flutter Mane|Protosynthesis|[silent]\n|\n|-weather|none\n|upkeep\n|\n|t:|1772453799\n|switch|p2a: Calyrex|Calyrex-Ice, L50, tera:Ground|66/100 brn\n|-ability|p2a: Calyrex|As One\n|-ability|p2a: Calyrex|Unnerve\n|turn|6\n|\n|t:|1772453819\n|-terastallize|p1a: Lilligant|Ghost\n|move|p2b: Incineroar|Fake Out|p1a: Lilligant\n|-immune|p1a: Lilligant\n|move|p1a: Lilligant|Close Combat|p2b: Incineroar\n|-supereffective|p2b: Incineroar\n|-damage|p2b: Incineroar|0 fnt\n|-unboost|p1a: Lilligant|def|1\n|-unboost|p1a: Lilligant|spd|1\n|faint|p2b: Incineroar\n|move|p1b: Incineroar|Parting Shot|p2a: Calyrex\n|-unboost|p2a: Calyrex|atk|1\n|-unboost|p2a: Calyrex|spa|1\n|\n|t:|1772453831\n|switch|p1b: Koraidon|Koraidon, L50|100/100|[from] Parting Shot\n|-weather|SunnyDay|[from] ability: Orichalcum Pulse|[of] p1b: Koraidon\n|-activate|p1b: Koraidon|Orichalcum Pulse|[source]\n|move|p2a: Calyrex|High Horsepower|p1b: Koraidon\n|-damage|p1b: Koraidon|83/100\n|\n|-weather|SunnyDay|[upkeep]\n|-damage|p2a: Calyrex|60/100 brn|[from] brn\n|upkeep\n|\n|t:|1772453834\n|switch|p2b: Indeedee|Indeedee-F, L50, F|100/100\n|-fieldstart|move: Psychic Terrain|[from] ability: Psychic Surge|[of] p2b: Indeedee\n|turn|7\n|\n|t:|1772453850\n|switch|p1a: Incineroar|Incineroar, L50, M|100/100\n|-ability|p1a: Incineroar|Intimidate|boost\n|-unboost|p2a: Calyrex|atk|1\n|-unboost|p2b: Indeedee|atk|1\n|move|p1b: Koraidon|Flare Blitz|p2b: Indeedee\n|-damage|p2b: Indeedee|23/100\n|-damage|p1b: Koraidon|58/100|[from] Recoil\n|move|p2a: Calyrex|Glacial Lance|p1a: Incineroar|[spread] p1a,p1b\n|-resisted|p1a: Incineroar\n|-supereffective|p1b: Koraidon\n|-damage|p1a: Incineroar|96/100\n|-damage|p1b: Koraidon|34/100\n|move|p2b: Indeedee|Trick Room|p2b: Indeedee\n|-fieldstart|move: Trick Room|[of] p2b: Indeedee\n|\n|-weather|SunnyDay|[upkeep]\n|-damage|p2a: Calyrex|54/100 brn|[from] brn\n|upkeep\n|turn|8\n|inactive|CHR1SPHX has 30 seconds left.\n|\n|t:|1772453876\n|move|p2b: Indeedee|Helping Hand|p2a: Calyrex\n|-singleturn|p2a: Calyrex|Helping Hand|[of] p2b: Indeedee\n|move|p1b: Koraidon|Protect|p1b: Koraidon\n|-singleturn|p1b: Koraidon|Protect\n|move|p2a: Calyrex|Glacial Lance|p1b: Koraidon|[spread] p1a\n|-activate|p1b: Koraidon|move: Protect\n|-resisted|p1a: Incineroar\n|-damage|p1a: Incineroar|88/100\n|move|p1a: Incineroar|Knock Off|p2b: Indeedee\n|-supereffective|p2b: Indeedee\n|-damage|p2b: Indeedee|0 fnt\n|-enditem|p2b: Indeedee|Mental Herb|[from] move: Knock Off|[of] p1a: Incineroar\n|faint|p2b: Indeedee\n|\n|-weather|SunnyDay|[upkeep]\n|-damage|p2a: Calyrex|48/100 brn|[from] brn\n|upkeep\n|turn|9\n|\n|t:|1772453884\n|switch|p1b: Lilligant|Lilligant-Hisui, L50, F, tera:Ghost|100/100\n|move|p2a: Calyrex|Glacial Lance|p1a: Incineroar|[spread] p1a,p1b\n|-resisted|p1a: Incineroar\n|-damage|p1a: Incineroar|82/100\n|-damage|p1b: Lilligant|78/100\n|move|p1a: Incineroar|Parting Shot|p2a: Calyrex\n|-unboost|p2a: Calyrex|atk|1\n|-unboost|p2a: Calyrex|spa|1\n|-message|CHR1SPHX forfeited.\n|\n|win|Tepig_nNz_498\n|raw|Tepig_nNz_498's rating: 1293 &rarr; <strong>1326</strong><br />(+33 for winning)\n|raw|CHR1SPHX's rating: 1410 &rarr; <strong>1384</strong><br />(-26 for losing)\n|l|\u2606CHR1SPHX\n|player|p2|\n|l|\u2606Tepig_nNz_498\n|player|p1|\n","uploadtime":1772454071,"views":15,"formatid":"gen9vgc2026regi","rating":1326,"private":0,"password":null}