{"id":"gen9vgc2026regi-2569478516","format":"[Gen 9] VGC 2026 Reg I","players":["BenniOVYalt","marcxhenry"],"log":"|j|\u2606BenniOVYalt\n|j|\u2606marcxhenry\n|t:|1774701383\n|gametype|doubles\n|player|p1|BenniOVYalt|psychic-gen4|1410\n|player|p2|marcxhenry|hilbert-wonderlauncher|1495\n|gen|9\n|tier|[Gen 9] VGC 2026 Reg I\n|rated|\n|rule|Species Clause: Limit one of each Pok\u00e9mon\n|rule|Item Clause: Limit 1 of each item\n|clearpoke\n|poke|p1|Zamazenta-*, L50|\n|poke|p1|Calyrex-Shadow, L50|\n|poke|p1|Rillaboom, L50, F|\n|poke|p1|Smeargle, L50, M|\n|poke|p1|Urshifu-*, L50, F|\n|poke|p1|Pelipper, L50, F|\n|poke|p2|Calyrex-Shadow, L50|\n|poke|p2|Urshifu-*, L50, M|\n|poke|p2|Roaring Moon, L50|\n|poke|p2|Kyogre, L50|\n|poke|p2|Tsareena, L50, F|\n|poke|p2|Kingambit, L50, M|\n|teampreview|4\n|\n|t:|1774701404\n|teamsize|p1|4\n|teamsize|p2|4\n|start\n|switch|p1a: Zamazenta|Zamazenta-Crowned, L50|100/100\n|switch|p1b: Rillaboom|Rillaboom, L50, F|100/100\n|switch|p2a: Ludwig|Calyrex-Shadow, L50|100/100\n|switch|p2b: Roter Baron|Roaring Moon, L50, shiny|100/100\n|-ability|p2a: Ludwig|As One\n|-ability|p2a: Ludwig|Unnerve\n|-ability|p1a: Zamazenta|Dauntless Shield|boost\n|-boost|p1a: Zamazenta|def|1\n|-fieldstart|move: Grassy Terrain|[from] ability: Grassy Surge|[of] p1b: Rillaboom\n|-enditem|p2b: Roter Baron|Booster Energy\n|-activate|p2b: Roter Baron|ability: Protosynthesis|[fromitem]\n|-start|p2b: Roter Baron|protosynthesisspe\n|turn|1\n|\n|t:|1774701421\n|switch|p2a: Hitmonshe|Tsareena, L50, F, shiny|100/100\n|-terastallize|p2b: Roter Baron|Flying\n|move|p1a: Zamazenta|Protect|p1a: Zamazenta\n|-singleturn|p1a: Zamazenta|Protect\n|move|p2b: Roter Baron|Acrobatics|p1b: Rillaboom\n|-supereffective|p1b: Rillaboom\n|-damage|p1b: Rillaboom|0 fnt\n|faint|p1b: Rillaboom\n|\n|upkeep\n|c|\u2606BenniOVYalt|this better not be sceps\n|c|\u2606BenniOVYalt|ffs\n|c|\u2606marcxhenry|D:\n|\n|t:|1774701433\n|switch|p1b: Calyrex|Calyrex-Shadow, L50|100/100\n|-ability|p1b: Calyrex|As One\n|-ability|p1b: Calyrex|Unnerve\n|turn|2\n|\n|t:|1774701440\n|move|p2b: Roter Baron|Tailwind|p2b: Roter Baron\n|-sidestart|p2: marcxhenry|move: Tailwind\n|move|p2a: Hitmonshe|Taunt|p1a: Zamazenta\n|-start|p1a: Zamazenta|move: Taunt\n|move|p1b: Calyrex|Astral Barrage|p2b: Roter Baron|[spread] p2a,p2b\n|-crit|p2b: Roter Baron\n|-damage|p2a: Hitmonshe|21/100\n|-damage|p2b: Roter Baron|0 fnt\n|faint|p2b: Roter Baron\n|-end|p2b: Roter Baron|Protosynthesis|[silent]\n|-ability|p1b: Calyrex|Grim Neigh|boost\n|-boost|p1b: Calyrex|spa|1\n|-damage|p1b: Calyrex|91/100|[from] item: Life Orb\n|move|p1a: Zamazenta|Body Press|p2a: Hitmonshe\n|-damage|p2a: Hitmonshe|0 fnt\n|faint|p2a: Hitmonshe\n|\n|-heal|p1b: Calyrex|97/100|[from] Grassy Terrain\n|upkeep\n|\n|t:|1774701457\n|switch|p2b: Tripitz|Kyogre, L50, shiny|100/100\n|switch|p2a: Ludwig|Calyrex-Shadow, L50|100/100\n|-ability|p2a: Ludwig|As One\n|-ability|p2a: Ludwig|Unnerve\n|-weather|RainDance|[from] ability: Drizzle|[of] p2b: Tripitz\n|turn|3\n|\n|t:|1774701467\n|switch|p1a: Smeargle|Smeargle, L50, M|100/100\n|move|p1b: Calyrex|Protect|p1b: Calyrex\n|-singleturn|p1b: Calyrex|Protect\n|move|p2a: Ludwig|Astral Barrage|p1a: Smeargle|[spread] \n|-activate|p1b: Calyrex|move: Protect\n|-immune|p1a: Smeargle\n|move|p2b: Tripitz|Water Spout|p1a: Smeargle|[spread] p1a\n|-activate|p1b: Calyrex|move: Protect\n|-enditem|p1a: Smeargle|Focus Sash\n|-damage|p1a: Smeargle|1/100\n|\n|-weather|RainDance|[upkeep]\n|-heal|p1b: Calyrex|100/100|[from] Grassy Terrain\n|-heal|p1a: Smeargle|7/100|[from] Grassy Terrain\n|-ability|p1a: Smeargle|Moody|boost\n|-boost|p1a: Smeargle|spa|2\n|-unboost|p1a: Smeargle|atk|1\n|upkeep\n|turn|4\n|\n|t:|1774701487\n|-terastallize|p1b: Calyrex|Dark\n|move|p1a: Smeargle|Fake Out|p2b: Tripitz\n|-damage|p2b: Tripitz|97/100\n|move|p2a: Ludwig|Psychic|p1a: Smeargle\n|-damage|p1a: Smeargle|0 fnt\n|faint|p1a: Smeargle\n|-ability|p2a: Ludwig|Grim Neigh|boost\n|-boost|p2a: Ludwig|spa|1\n|cant|p2b: Tripitz|flinch\n|move|p1b: Calyrex|Astral Barrage|p2b: Tripitz|[spread] p2a,p2b\n|-supereffective|p2a: Ludwig\n|-enditem|p2a: Ludwig|Focus Sash\n|-damage|p2a: Ludwig|1/100\n|-damage|p2b: Tripitz|16/100\n|-damage|p1b: Calyrex|91/100|[from] item: Life Orb\n|\n|-weather|RainDance|[upkeep]\n|-heal|p2a: Ludwig|7/100|[from] Grassy Terrain\n|-heal|p2b: Tripitz|22/100|[from] Grassy Terrain\n|-heal|p1b: Calyrex|97/100|[from] Grassy Terrain\n|upkeep\n|\n|t:|1774701501\n|switch|p1a: Zamazenta|Zamazenta-Crowned, L50|100/100\n|turn|5\n|c|\u2606BenniOVYalt|this should be gg\n|\n|t:|1774701509\n|move|p2b: Tripitz|Protect|p2b: Tripitz\n|-singleturn|p2b: Tripitz|Protect\n|move|p1b: Calyrex|Protect|p1b: Calyrex\n|-singleturn|p1b: Calyrex|Protect\n|move|p1a: Zamazenta|Protect|p1a: Zamazenta\n|-singleturn|p1a: Zamazenta|Protect\n|move|p2a: Ludwig|Trick Room|p2a: Ludwig\n|-fieldstart|move: Trick Room|[of] p2a: Ludwig\n|\n|-weather|RainDance|[upkeep]\n|-heal|p1b: Calyrex|100/100|[from] Grassy Terrain\n|-heal|p2b: Tripitz|28/100|[from] Grassy Terrain\n|-heal|p2a: Ludwig|12/100|[from] Grassy Terrain\n|-sideend|p2: marcxhenry|move: Tailwind\n|-fieldend|move: Grassy Terrain\n|upkeep\n|turn|6\n|c|\u2606BenniOVYalt|i hope\n|c|\u2606BenniOVYalt|wait\n|c|\u2606BenniOVYalt|no\n|c|\u2606BenniOVYalt|i threw\n|c|\u2606BenniOVYalt|what...\n|c|\u2606marcxhenry|im cooking\n|c|\u2606marcxhenry|but\n|c|\u2606BenniOVYalt|50/50s\n|\n|t:|1774701555\n|move|p1a: Zamazenta|Wide Guard|p1a: Zamazenta\n|-singleturn|p1a: Zamazenta|Wide Guard\n|move|p2b: Tripitz|Hydro Pump|p1b: Calyrex\n|-damage|p1b: Calyrex|0 fnt\n|faint|p1b: Calyrex\n|move|p2a: Ludwig|Psychic|p1a: Zamazenta\n|-damage|p1a: Zamazenta|38/100\n|\n|-weather|RainDance|[upkeep]\n|upkeep\n|turn|7\n|c|\u2606marcxhenry|i will miss\n|c|\u2606marcxhenry|OHHHHH\n|c|\u2606BenniOVYalt|ffs\n|\n|t:|1774701567\n|move|p1a: Zamazenta|Protect||[still]\n|-fail|p1a: Zamazenta\n|move|p2b: Tripitz|Origin Pulse|p1a: Zamazenta\n|-damage|p1a: Zamazenta|0 fnt\n|faint|p1a: Zamazenta\n|\n|win|marcxhenry\n|raw|BenniOVYalt's rating: 1410 &rarr; <strong>1395</strong><br />(-15 for losing)\n|raw|marcxhenry's rating: 1495 &rarr; <strong>1510</strong><br />(+15 for winning)\n|c|\u2606BenniOVYalt|sometimes i wonder why the hell i even play bo1\n|c|\u2606BenniOVYalt|just to get hit by this shit\n|c|\u2606marcxhenry|bo1 is love\n|c|\u2606BenniOVYalt|bo1 is aids\n|c|\u2606marcxhenry|imagine showing you opponent your cards\n|c|\u2606marcxhenry|thats bs\n","uploadtime":1774701598,"views":33,"formatid":"gen9vgc2026regi","rating":1395,"private":0,"password":null}