{"id":"gen9vgc2026regi-2578296976","format":"[Gen 9] VGC 2026 Reg I","players":["dpsicieu","gabolve"],"log":"|j|\u2606dpsicieu\n|j|\u2606gabolve\n|t:|1775666239\n|gametype|doubles\n|player|p1|dpsicieu|170|1429\n|player|p2|gabolve|maid|1333\n|gen|9\n|tier|[Gen 9] VGC 2026 Reg I\n|rated|\n|rule|Species Clause: Limit one of each Pok\u00e9mon\n|rule|Item Clause: Limit 1 of each item\n|clearpoke\n|poke|p1|Calyrex-Ice, L50|\n|poke|p1|Miraidon, L50|\n|poke|p1|Iron Hands, L50|\n|poke|p1|Farigiraf, L50, F|\n|poke|p1|Torkoal, L50, M|\n|poke|p1|Urshifu-*, L50, F|\n|poke|p2|Calyrex-Ice, L50|\n|poke|p2|Indeedee-F, L50, F|\n|poke|p2|Iron Hands, L50|\n|poke|p2|Kyogre, L50|\n|poke|p2|Ceruledge, L50, F|\n|poke|p2|Sinistcha-Masterpiece, L50|\n|teampreview|4\n|inactive|Battle timer is ON: inactive players will automatically lose when time's up. (requested by gabolve)\n|inactive|dpsicieu has 60 seconds left.\n|\n|t:|1775666291\n|teamsize|p1|4\n|teamsize|p2|4\n|start\n|switch|p1a: Calyrex|Calyrex-Ice, L50|100/100\n|switch|p1b: Miraidon|Miraidon, L50|100/100\n|switch|p2a: ecI-xerylaC|Calyrex-Ice, L50|100/100\n|switch|p2b: ahctsiniS|Sinistcha-Masterpiece, L50|100/100\n|-ability|p2a: ecI-xerylaC|As One\n|-ability|p2a: ecI-xerylaC|Unnerve\n|-ability|p1a: Calyrex|As One\n|-ability|p1a: Calyrex|Unnerve\n|-fieldstart|move: Electric Terrain|[from] ability: Hadron Engine|[of] p1b: Miraidon\n|turn|1\n|\n|t:|1775666303\n|move|p2b: ahctsiniS|Rage Powder|p2b: ahctsiniS\n|-singleturn|p2b: ahctsiniS|move: Rage Powder\n|move|p1b: Miraidon|Volt Switch|p2b: ahctsiniS\n|-resisted|p2b: ahctsiniS\n|-damage|p2b: ahctsiniS|56/100\n|\n|t:|1775666307\n|switch|p1b: Iron Hands|Iron Hands, L50|100/100|[from] Volt Switch\n|-activate|p1b: Iron Hands|ability: Quark Drive\n|-start|p1b: Iron Hands|quarkdriveatk\n|move|p1a: Calyrex|Glacial Lance|p2a: ecI-xerylaC|[spread] p2a,p2b\n|-resisted|p2a: ecI-xerylaC\n|-supereffective|p2b: ahctsiniS\n|-damage|p2a: ecI-xerylaC|83/100\n|-damage|p2b: ahctsiniS|0 fnt\n|faint|p2b: ahctsiniS\n|-ability|p1a: Calyrex|Chilling Neigh|boost\n|-boost|p1a: Calyrex|atk|1\n|move|p2a: ecI-xerylaC|Glacial Lance|p1b: Iron Hands|[spread] p1a,p1b\n|-resisted|p1a: Calyrex\n|-damage|p1a: Calyrex|81/100\n|-damage|p1b: Iron Hands|62/100\n|\n|upkeep\n|\n|t:|1775666323\n|switch|p2b: sdnaH norI|Iron Hands, L50, shiny|100/100\n|-activate|p2b: sdnaH norI|ability: Quark Drive\n|-start|p2b: sdnaH norI|quarkdriveatk\n|turn|2\n|\n|t:|1775666332\n|move|p2b: sdnaH norI|Fake Out|p1a: Calyrex\n|-damage|p1a: Calyrex|69/100\n|move|p1b: Iron Hands|Fake Out|p2a: ecI-xerylaC\n|-damage|p2a: ecI-xerylaC|70/100\n|cant|p1a: Calyrex|flinch\n|cant|p2a: ecI-xerylaC|flinch\n|\n|upkeep\n|turn|3\n|\n|t:|1775666356\n|-terastallize|p2b: sdnaH norI|Fighting\n|move|p2b: sdnaH norI|Close Combat|p1a: Calyrex\n|-damage|p1a: Calyrex|0 fnt\n|-unboost|p2b: sdnaH norI|def|1\n|-unboost|p2b: sdnaH norI|spd|1\n|faint|p1a: Calyrex\n|move|p2a: ecI-xerylaC|High Horsepower|p1b: Iron Hands\n|-supereffective|p1b: Iron Hands\n|-damage|p1b: Iron Hands|0 fnt\n|faint|p1b: Iron Hands\n|-end|p1b: Iron Hands|Quark Drive|[silent]\n|-ability|p2a: ecI-xerylaC|Chilling Neigh|boost\n|-boost|p2a: ecI-xerylaC|atk|1\n|\n|upkeep\n|\n|t:|1775666366\n|switch|p1a: Miraidon|Miraidon, L50|100/100\n|switch|p1b: Torkoal|Torkoal, L50, M|100/100\n|-activate|p1a: Miraidon|ability: Hadron Engine\n|-weather|SunnyDay|[from] ability: Drought|[of] p1b: Torkoal\n|turn|4\n|\n|t:|1775666381\n|-terastallize|p1a: Miraidon|Electric\n|move|p1a: Miraidon|Electro Drift|p2b: sdnaH norI\n|-damage|p2b: sdnaH norI|0 fnt\n|faint|p2b: sdnaH norI\n|-end|p2b: sdnaH norI|Quark Drive|[silent]\n|move|p2a: ecI-xerylaC|Glacial Lance|p1a: Miraidon|[spread] p1a,p1b\n|-resisted|p1b: Torkoal\n|-damage|p1a: Miraidon|11/100\n|-damage|p1b: Torkoal|67/100\n|move|p1b: Torkoal|Weather Ball|p2a: ecI-xerylaC\n|-supereffective|p2a: ecI-xerylaC\n|-damage|p2a: ecI-xerylaC|0 fnt\n|faint|p2a: ecI-xerylaC\n|\n|-weather|SunnyDay|[upkeep]\n|upkeep\n|\n|t:|1775666390\n|switch|p2b: ergoyK|Kyogre, L50|100/100\n|-weather|RainDance|[from] ability: Drizzle|[of] p2b: ergoyK\n|turn|5\n|\n|t:|1775666394\n|move|p1a: Miraidon|Electro Drift|p2b: ergoyK\n|-supereffective|p2b: ergoyK\n|-damage|p2b: ergoyK|0 fnt\n|faint|p2b: ergoyK\n|\n|win|dpsicieu\n|raw|dpsicieu's rating: 1429 &rarr; <strong>1444</strong><br />(+15 for winning)\n|raw|gabolve's rating: 1333 &rarr; <strong>1318</strong><br />(-15 for losing)\n|l|\u2606dpsicieu\n|player|p1|\n|l|\u2606gabolve\n|player|p2|\n","uploadtime":1775666623,"views":9,"formatid":"gen9vgc2026regi","rating":1318,"private":0,"password":null}