{"id":"gen9vgc2026regi-2560768793","format":"[Gen 9] VGC 2026 Reg I","players":["TheManOfSausage","mitosisbaby"],"log":"|j|\u2606TheManOfSausage\n|j|\u2606mitosisbaby\n|t:|1773723139\n|gametype|doubles\n|player|p1|TheManOfSausage|miku-water|1337\n|player|p2|mitosisbaby|n|1420\n|gen|9\n|tier|[Gen 9] VGC 2026 Reg I\n|rated|\n|rule|Species Clause: Limit one of each Pok\u00e9mon\n|rule|Item Clause: Limit 1 of each item\n|clearpoke\n|poke|p1|Calyrex-Shadow, L50|\n|poke|p1|Miraidon, L50|\n|poke|p1|Clefairy, L50, M|\n|poke|p1|Rillaboom, L50, M|\n|poke|p1|Incineroar, L50, M|\n|poke|p1|Iron Bundle, L50|\n|poke|p2|Calyrex-Ice, L50|\n|poke|p2|Miraidon, L50|\n|poke|p2|Chi-Yu, L50|\n|poke|p2|Flutter Mane, L50|\n|poke|p2|Incineroar, L50, M|\n|poke|p2|Urshifu-*, L50, M|\n|teampreview|4\nTheManOfSausage has agreed to open team sheets.\n|inactive|Battle timer is ON: inactive players will automatically lose when time's up. (requested by mitosisbaby)\nmitosisbaby has agreed to open team sheets.\n|showteam|p1|Calyrex-Shadow||CovertCloak|AsOneSpectrier|AstralBarrage,DrainingKiss,NastyPlot,Protect||||||50|,,,,,Fairy]Miraidon||ChoiceScarf|HadronEngine|ElectroDrift,VoltSwitch,DracoMeteor,Snarl||||||50|,,,,,Electric]Clefairy||Eviolite|FriendGuard|HelpingHand,FollowMe,AfterYou,Protect|||M|||50|,,,,,Grass]Rillaboom||AssaultVest|GrassySurge|WoodHammer,GrassyGlide,Uturn,FakeOut|||M|||50|,,,,,Fire]Incineroar||RockyHelmet|Intimidate|FlareBlitz,KnockOff,FakeOut,PartingShot|||M|||50|,,,,,Grass]Iron Bundle||FocusSash|QuarkDrive|FreezeDry,IcyWind,Encore,Protect||||||50|,,,,,Ghost\n|showteam|p2|Calyrex-Ice||AssaultVest|AsOneGlastrier|GlacialLance,HighHorsepower,Crunch,HeavySlam||||||50|,,,,,Fire]Miraidon||ChoiceScarf|HadronEngine|ElectroDrift,DracoMeteor,VoltSwitch,DazzlingGleam||||||50|,,,,,Ghost]Chi-Yu||FocusSash|BeadsofRuin|HeatWave,DarkPulse,Flamethrower,Protect||||||50|,,,,,Ghost]Flutter Mane||BoosterEnergy|Protosynthesis|DazzlingGleam,ShadowBall,IcyWind,Protect||||||50|,,,,,Dark]Incineroar||SitrusBerry|Intimidate|FlareBlitz,KnockOff,FakeOut,PartingShot|||M|||50|,,,,,Water]Urshifu-Rapid-Strike||ChoiceBand|UnseenFist|SurgingStrikes,CloseCombat,Uturn,AquaJet|||M|||50|,,,,,Ground\n|inactive|mitosisbaby has 60 seconds left.\n|\n|t:|1773723186\n|teamsize|p1|4\n|teamsize|p2|4\n|start\n|switch|p1a: Rice Shower|Calyrex-Shadow, L50|100/100\n|switch|p1b: Incineroar|Incineroar, L50, M, shiny|100/100\n|switch|p2a: Chi-Yu|Chi-Yu, L50, shiny|100/100\n|switch|p2b: Flutter Mane|Flutter Mane, L50|100/100\n|-ability|p1a: Rice Shower|As One\n|-ability|p1a: Rice Shower|Unnerve\n|-ability|p2a: Chi-Yu|Beads of Ruin\n|-ability|p1b: Incineroar|Intimidate|boost\n|-unboost|p2a: Chi-Yu|atk|1\n|-unboost|p2b: Flutter Mane|atk|1\n|-enditem|p2b: Flutter Mane|Booster Energy\n|-activate|p2b: Flutter Mane|ability: Protosynthesis|[fromitem]\n|-start|p2b: Flutter Mane|protosynthesisspe\n|turn|1\n|inactive|mitosisbaby has 30 seconds left.\n|inactive|mitosisbaby has 20 seconds left.\n|\n|t:|1773723223\n|move|p1a: Rice Shower|Protect|p1a: Rice Shower\n|-singleturn|p1a: Rice Shower|Protect\n|move|p2b: Flutter Mane|Dazzling Gleam|p1a: Rice Shower|[spread] p1b\n|-activate|p1a: Rice Shower|move: Protect\n|-damage|p1b: Incineroar|60/100\n|move|p2a: Chi-Yu|Heat Wave|p1a: Rice Shower|[spread] p1b\n|-activate|p1a: Rice Shower|move: Protect\n|-resisted|p1b: Incineroar\n|-damage|p1b: Incineroar|35/100\n|move|p1b: Incineroar|Parting Shot|p2b: Flutter Mane\n|-unboost|p2b: Flutter Mane|atk|1\n|-unboost|p2b: Flutter Mane|spa|1\n|\n|t:|1773723234\n|switch|p1b: Magical Mirai|Miraidon, L50|100/100|[from] Parting Shot\n|-fieldstart|move: Electric Terrain|[from] ability: Hadron Engine|[of] p1b: Magical Mirai\n|\n|upkeep\n|turn|2\n|\n|t:|1773723241\n|-terastallize|p1a: Rice Shower|Fairy\n|move|p2b: Flutter Mane|Dazzling Gleam|p1b: Magical Mirai|[spread] p1a,p1b\n|-supereffective|p1b: Magical Mirai\n|-damage|p1a: Rice Shower|72/100\n|-damage|p1b: Magical Mirai|53/100\n|move|p1b: Magical Mirai|Volt Switch|p2a: Chi-Yu\n|-damage|p2a: Chi-Yu|10/100\n|\n|t:|1773723249\n|switch|p1b: Incineroar|Incineroar, L50, M, shiny|35/100|[from] Volt Switch\n|-ability|p1b: Incineroar|Intimidate|boost\n|-unboost|p2a: Chi-Yu|atk|1\n|-unboost|p2b: Flutter Mane|atk|1\n|move|p1a: Rice Shower|Astral Barrage|p2b: Flutter Mane|[spread] p2a,p2b\n|-resisted|p2a: Chi-Yu\n|-supereffective|p2b: Flutter Mane\n|-damage|p2a: Chi-Yu|0 fnt\n|-damage|p2b: Flutter Mane|0 fnt\n|faint|p2a: Chi-Yu\n|faint|p2b: Flutter Mane\n|-end|p2b: Flutter Mane|Protosynthesis|[silent]\n|-ability|p1a: Rice Shower|Grim Neigh|boost\n|-boost|p1a: Rice Shower|spa|2\n|\n|upkeep\n|\n|t:|1773723260\n|switch|p2b: Miraidon|Miraidon, L50|100/100\n|switch|p2a: Calyrex|Calyrex-Ice, L50|100/100\n|-ability|p2a: Calyrex|As One\n|-ability|p2a: Calyrex|Unnerve\n|-activate|p2b: Miraidon|ability: Hadron Engine\n|turn|3\n|\n|t:|1773723278\n|-terastallize|p2a: Calyrex|Fire\n|move|p1a: Rice Shower|Protect|p1a: Rice Shower\n|-singleturn|p1a: Rice Shower|Protect\n|move|p2b: Miraidon|Electro Drift|p1a: Rice Shower\n|-activate|p1a: Rice Shower|move: Protect\n|move|p1b: Incineroar|Parting Shot|p2b: Miraidon\n|-unboost|p2b: Miraidon|atk|1\n|-unboost|p2b: Miraidon|spa|1\n|\n|t:|1773723283\n|switch|p1b: Iron Bundle|Iron Bundle, L50|100/100|[from] Parting Shot\n|-activate|p1b: Iron Bundle|ability: Quark Drive\n|-start|p1b: Iron Bundle|quarkdrivespe\n|move|p2a: Calyrex|Glacial Lance|p1a: Rice Shower|[spread] p1b\n|-activate|p1a: Rice Shower|move: Protect\n|-resisted|p1b: Iron Bundle\n|-damage|p1b: Iron Bundle|86/100\n|\n|upkeep\n|turn|4\n|\n|t:|1773723296\n|move|p1b: Iron Bundle|Icy Wind|p2a: Calyrex|[spread] p2a,p2b\n|-resisted|p2a: Calyrex\n|-supereffective|p2b: Miraidon\n|-damage|p2a: Calyrex|96/100\n|-damage|p2b: Miraidon|60/100\n|-unboost|p2a: Calyrex|spe|1\n|-unboost|p2b: Miraidon|spe|1\n|move|p1a: Rice Shower|Astral Barrage|p2b: Miraidon|[spread] p2a,p2b\n|-damage|p2a: Calyrex|52/100\n|-damage|p2b: Miraidon|0 fnt\n|faint|p2b: Miraidon\n|-ability|p1a: Rice Shower|Grim Neigh|boost\n|-boost|p1a: Rice Shower|spa|1\n|move|p2a: Calyrex|Glacial Lance|p1a: Rice Shower|[spread] p1a,p1b\n|-resisted|p1b: Iron Bundle\n|-damage|p1a: Rice Shower|10/100\n|-damage|p1b: Iron Bundle|71/100\n|\n|upkeep\n|turn|5\n|c|\u2606TheManOfSausage|gg\n|\n|t:|1773723311\n|move|p1b: Iron Bundle|Freeze-Dry|p2a: Calyrex\n|-resisted|p2a: Calyrex\n|-crit|p2a: Calyrex\n|-damage|p2a: Calyrex|41/100\n|move|p1a: Rice Shower|Astral Barrage|p2a: Calyrex\n|-damage|p2a: Calyrex|0 fnt\n|faint|p2a: Calyrex\n|\n|win|TheManOfSausage\n|raw|TheManOfSausage's rating: 1337 &rarr; <strong>1362</strong><br />(+25 for winning)\n|raw|mitosisbaby's rating: 1420 &rarr; <strong>1395</strong><br />(-25 for losing)\n|c|\u2606mitosisbaby|open team sheets is the worst thing to happen to vgc since 9/11\n|c|\u2606mitosisbaby|ggs\n|l|\u2606mitosisbaby\n|player|p2|\n","uploadtime":1773723581,"views":11,"formatid":"gen9vgc2026regi","rating":1362,"private":0,"password":null}