{"id":"gen9vgc2026regi-2553189388","format":"[Gen 9] VGC 2026 Reg I","players":["kaiSSTX","fogdocker"],"log":"|j|\u2606kaiSSTX\n|j|\u2606fogdocker\n|t:|1772808439\n|gametype|doubles\n|player|p1|kaiSSTX|cynthia|1430\n|player|p2|fogdocker|2|1567\n|gen|9\n|tier|[Gen 9] VGC 2026 Reg I\n|rated|\n|rule|Species Clause: Limit one of each Pok\u00e9mon\n|rule|Item Clause: Limit 1 of each item\n|clearpoke\n|poke|p1|Ho-Oh, L50|\n|poke|p1|Miraidon, L50|\n|poke|p1|Iron Treads, L50|\n|poke|p1|Iron Bundle, L50|\n|poke|p1|Urshifu-*, L50, M|\n|poke|p1|Farigiraf, L50, F|\n|poke|p2|Calyrex-Ice, L50|\n|poke|p2|Koraidon, L50|\n|poke|p2|Flutter Mane, L50|\n|poke|p2|Incineroar, L50, M|\n|poke|p2|Rillaboom, L50, F|\n|poke|p2|Annihilape, L50, F|\n|teampreview|4\n|\n|t:|1772808553\n|teamsize|p1|4\n|teamsize|p2|4\n|start\n|switch|p1a: Iron Bundle|Iron Bundle, L50|100/100\n|switch|p1b: Ho-Oh|Ho-Oh, L50|100/100\n|switch|p2a: Annihilape|Annihilape, L50, F|100/100\n|switch|p2b: Calyrex|Calyrex-Ice, L50|100/100\n|-ability|p2b: Calyrex|As One\n|-ability|p2b: Calyrex|Unnerve\n|turn|1\n|\n|t:|1772808606\n|move|p1b: Ho-Oh|Protect|p1b: Ho-Oh\n|-singleturn|p1b: Ho-Oh|Protect\n|move|p2a: Annihilape|Final Gambit|p1b: Ho-Oh\n|-activate|p1b: Ho-Oh|move: Protect\n|move|p1a: Iron Bundle|Hydro Pump|p2a: Annihilape|[miss]\n|-miss|p1a: Iron Bundle|p2a: Annihilape\n|move|p2b: Calyrex|Leech Seed|p1a: Iron Bundle\n|-start|p1a: Iron Bundle|move: Leech Seed\n|\n|-damage|p1a: Iron Bundle|88/100|[from] Leech Seed|[of] p2b: Calyrex\n|upkeep\n|turn|2\n|\n|t:|1772808643\n|switch|p2a: Rillaboom|Rillaboom, L50, F|100/100\n|-fieldstart|move: Grassy Terrain|[from] ability: Grassy Surge|[of] p2a: Rillaboom\n|switch|p1b: Farigiraf|Farigiraf, L50, F|100/100\n|move|p1a: Iron Bundle|Hydro Pump|p2a: Rillaboom\n|-resisted|p2a: Rillaboom\n|-damage|p2a: Rillaboom|84/100\n|move|p2b: Calyrex|Glacial Lance|p1a: Iron Bundle|[spread] p1a,p1b\n|-resisted|p1a: Iron Bundle\n|-damage|p1a: Iron Bundle|74/100\n|-damage|p1b: Farigiraf|54/100\n|\n|-heal|p1a: Iron Bundle|80/100|[from] Grassy Terrain\n|-heal|p2a: Rillaboom|90/100|[from] Grassy Terrain\n|-heal|p1b: Farigiraf|60/100|[from] Grassy Terrain\n|-damage|p1a: Iron Bundle|68/100|[from] Leech Seed|[of] p2b: Calyrex\n|upkeep\n|turn|3\n|\n|t:|1772808675\n|move|p1a: Iron Bundle|Freeze-Dry|p2a: Rillaboom\n|-supereffective|p2a: Rillaboom\n|-damage|p2a: Rillaboom|47/100\n|move|p2a: Rillaboom|U-turn|p1b: Farigiraf\n|-supereffective|p1b: Farigiraf\n|-damage|p1b: Farigiraf|17/100\n|\n|t:|1772808689\n|switch|p2a: Annihilape|Annihilape, L50, F|100/100|[from] U-turn\n|move|p1b: Farigiraf|Hyper Voice|p2b: Calyrex|[spread] p2b\n|-immune|p2a: Annihilape\n|-damage|p2b: Calyrex|81/100\n|move|p2b: Calyrex|Glacial Lance|p1a: Iron Bundle|[spread] p1a,p1b\n|-resisted|p1a: Iron Bundle\n|-damage|p1a: Iron Bundle|54/100\n|-damage|p1b: Farigiraf|0 fnt\n|faint|p1b: Farigiraf\n|-ability|p2b: Calyrex|Chilling Neigh|boost\n|-boost|p2b: Calyrex|atk|1\n|\n|-heal|p1a: Iron Bundle|60/100|[from] Grassy Terrain\n|-heal|p2b: Calyrex|87/100|[from] Grassy Terrain\n|-heal|p2b: Calyrex|93/100|[from] item: Leftovers\n|-damage|p1a: Iron Bundle|48/100|[from] Leech Seed|[of] p2b: Calyrex\n|-heal|p2b: Calyrex|100/100|[silent]\n|upkeep\n|\n|t:|1772808699\n|switch|p1b: Miraidon|Miraidon, L50|100/100\n|-fieldstart|move: Electric Terrain|[from] ability: Hadron Engine|[of] p1b: Miraidon\n|-activate|p1a: Iron Bundle|ability: Quark Drive\n|-start|p1a: Iron Bundle|quarkdrivespe\n|turn|4\n|\n|t:|1772808727\n|switch|p2a: Rillaboom|Rillaboom, L50, F|47/100\n|-fieldstart|move: Grassy Terrain|[from] ability: Grassy Surge|[of] p2a: Rillaboom\n|-end|p1a: Iron Bundle|Quark Drive\n|move|p1a: Iron Bundle|Icy Wind|p2a: Rillaboom|[spread] p2a,p2b\n|-supereffective|p2a: Rillaboom\n|-resisted|p2b: Calyrex\n|-damage|p2a: Rillaboom|22/100\n|-damage|p2b: Calyrex|95/100\n|-unboost|p2a: Rillaboom|spe|1\n|-unboost|p2b: Calyrex|spe|1\n|move|p1b: Miraidon|Volt Switch|p2a: Rillaboom\n|-resisted|p2a: Rillaboom\n|-damage|p2a: Rillaboom|4/100\n|\n|t:|1772808739\n|switch|p1b: Ho-Oh|Ho-Oh, L50|100/100|[from] Volt Switch\n|move|p2b: Calyrex|Glacial Lance|p1b: Ho-Oh|[spread] p1a,p1b\n|-resisted|p1a: Iron Bundle\n|-damage|p1a: Iron Bundle|25/100\n|-damage|p1b: Ho-Oh|34/100\n|\n|-heal|p1a: Iron Bundle|32/100|[from] Grassy Terrain\n|-heal|p2a: Rillaboom|10/100|[from] Grassy Terrain\n|-heal|p2b: Calyrex|100/100|[from] Grassy Terrain\n|-damage|p1a: Iron Bundle|19/100|[from] Leech Seed|[of] p2b: Calyrex\n|upkeep\n|turn|5\n|\n|t:|1772808774\n|move|p1a: Iron Bundle|Protect|p1a: Iron Bundle\n|-singleturn|p1a: Iron Bundle|Protect\n|move|p1b: Ho-Oh|Protect|p1b: Ho-Oh\n|-singleturn|p1b: Ho-Oh|Protect\n|move|p2a: Rillaboom|Fake Out|p1b: Ho-Oh\n|-activate|p1b: Ho-Oh|move: Protect\n|move|p2b: Calyrex|Trick Room|p2b: Calyrex\n|-fieldstart|move: Trick Room|[of] p2b: Calyrex\n|\n|-heal|p2a: Rillaboom|16/100|[from] Grassy Terrain\n|-heal|p1a: Iron Bundle|25/100|[from] Grassy Terrain\n|-damage|p1a: Iron Bundle|13/100|[from] Leech Seed|[of] p2b: Calyrex\n|upkeep\n|turn|6\n|-message|kaiSSTX forfeited.\n|\n|win|fogdocker\n|raw|kaiSSTX's rating: 1430 &rarr; <strong>1418</strong><br />(-12 for losing)\n|raw|fogdocker's rating: 1567 &rarr; <strong>1579</strong><br />(+12 for winning)\n|l|\u2606kaiSSTX\n|player|p1|\n","uploadtime":1772808791,"views":16,"formatid":"gen9vgc2026regi","rating":1418,"private":0,"password":null}