{"id":"gen9vgc2026regi-2536931538","format":"[Gen 9] VGC 2026 Reg I","players":["mikachu83983","Cello L."],"log":"|j|\u2606mikachu83983\n|j|\u2606Cello L.\n|t:|1770749508\n|gametype|doubles\n|player|p1|mikachu83983|brock|1516\n|player|p2|Cello L.|psychic-gen4|1584\n|gen|9\n|tier|[Gen 9] VGC 2026 Reg I\n|rated|\n|rule|Species Clause: Limit one of each Pok\u00e9mon\n|rule|Item Clause: Limit 1 of each item\n|clearpoke\n|poke|p1|Koraidon, L50|\n|poke|p1|Calyrex-Shadow, L50|\n|poke|p1|Scream Tail, L50|\n|poke|p1|Amoonguss, L50, M|\n|poke|p1|Flutter Mane, L50|\n|poke|p1|Incineroar, L50, M|\n|poke|p2|Kyogre, L50|\n|poke|p2|Calyrex-Ice, L50|\n|poke|p2|Flutter Mane, L50|\n|poke|p2|Basculegion, L50, M|\n|poke|p2|Amoonguss, L50, F|\n|poke|p2|Grimmsnarl, L50, M|\n|teampreview|4\n|\n|t:|1770749528\n|teamsize|p1|4\n|teamsize|p2|4\n|start\n|switch|p1a: Spectral Stallion|Calyrex-Shadow, L50|100/100\n|switch|p1b: Hypnotic Hyphae|Amoonguss, L50, M, shiny|100/100\n|switch|p2a: Calyrex|Calyrex-Ice, L50|100/100\n|switch|p2b: Flutter Mane|Flutter Mane, L50|100/100\n|-ability|p1a: Spectral Stallion|As One\n|-ability|p1a: Spectral Stallion|Unnerve\n|-ability|p2a: Calyrex|As One\n|-ability|p2a: Calyrex|Unnerve\n|turn|1\n|\n|t:|1770749565\n|-terastallize|p1a: Spectral Stallion|Water\n|-terastallize|p2a: Calyrex|Fairy\n|move|p1b: Hypnotic Hyphae|Protect|p1b: Hypnotic Hyphae\n|-singleturn|p1b: Hypnotic Hyphae|Protect\n|move|p1a: Spectral Stallion|Astral Barrage|p2b: Flutter Mane|[spread] p2a,p2b\n|-supereffective|p2b: Flutter Mane\n|-damage|p2a: Calyrex|64/100\n|-enditem|p2b: Flutter Mane|Focus Sash\n|-damage|p2b: Flutter Mane|1/100\n|move|p2b: Flutter Mane|Taunt|p1b: Hypnotic Hyphae\n|-activate|p1b: Hypnotic Hyphae|move: Protect\n|move|p2a: Calyrex|Trick Room|p2a: Calyrex\n|-fieldstart|move: Trick Room|[of] p2a: Calyrex\n|\n|-heal|p2a: Calyrex|70/100|[from] item: Leftovers\n|upkeep\n|turn|2\n|\n|t:|1770749605\n|move|p2a: Calyrex|Protect|p2a: Calyrex\n|-singleturn|p2a: Calyrex|Protect\n|move|p1b: Hypnotic Hyphae|Spore|p2a: Calyrex\n|-activate|p2a: Calyrex|move: Protect\n|move|p2b: Flutter Mane|Taunt|p1b: Hypnotic Hyphae\n|-start|p1b: Hypnotic Hyphae|move: Taunt\n|-enditem|p1b: Hypnotic Hyphae|Mental Herb\n|-end|p1b: Hypnotic Hyphae|move: Taunt\n|move|p1a: Spectral Stallion|Astral Barrage|p2a: Calyrex|[spread] p2b\n|-activate|p2a: Calyrex|move: Protect\n|-supereffective|p2b: Flutter Mane\n|-damage|p2b: Flutter Mane|0 fnt\n|faint|p2b: Flutter Mane\n|-end|p2b: Flutter Mane|Protosynthesis|[silent]\n|-ability|p1a: Spectral Stallion|Grim Neigh|boost\n|-boost|p1a: Spectral Stallion|spa|1\n|\n|-heal|p2a: Calyrex|75/100|[from] item: Leftovers\n|upkeep\n|\n|t:|1770749622\n|switch|p2b: Kyogre|Kyogre, L50|100/100\n|-weather|RainDance|[from] ability: Drizzle|[of] p2b: Kyogre\n|turn|3\n|\n|t:|1770749631\n|move|p1b: Hypnotic Hyphae|Spore|p2a: Calyrex\n|-status|p2a: Calyrex|slp|[from] move: Spore\n|cant|p2a: Calyrex|slp\n|move|p2b: Kyogre|Water Spout|p1a: Spectral Stallion|[spread] p1a,p1b\n|-resisted|p1a: Spectral Stallion\n|-resisted|p1b: Hypnotic Hyphae\n|-damage|p1a: Spectral Stallion|42/100\n|-damage|p1b: Hypnotic Hyphae|46/100\n|move|p1a: Spectral Stallion|Astral Barrage|p2b: Kyogre|[spread] p2a,p2b\n|-damage|p2a: Calyrex|23/100 slp\n|-damage|p2b: Kyogre|35/100\n|\n|-weather|RainDance|[upkeep]\n|-heal|p2a: Calyrex|29/100 slp|[from] item: Leftovers\n|upkeep\n|turn|4\n|\n|t:|1770749653\n|move|p1b: Hypnotic Hyphae|Pollen Puff|p1a: Spectral Stallion\n|-heal|p1a: Spectral Stallion|92/100\n|cant|p2a: Calyrex|slp\n|move|p2b: Kyogre|Origin Pulse|p1b: Hypnotic Hyphae|[spread] p1a,p1b\n|-resisted|p1a: Spectral Stallion\n|-resisted|p1b: Hypnotic Hyphae\n|-damage|p1a: Spectral Stallion|54/100\n|-damage|p1b: Hypnotic Hyphae|6/100\n|move|p1a: Spectral Stallion|Astral Barrage|p2a: Calyrex|[spread] p2a,p2b\n|-damage|p2a: Calyrex|0 fnt\n|-damage|p2b: Kyogre|0 fnt\n|faint|p2a: Calyrex\n|faint|p2b: Kyogre\n|-ability|p1a: Spectral Stallion|Grim Neigh|boost\n|-boost|p1a: Spectral Stallion|spa|2\n|\n|-weather|RainDance|[upkeep]\n|upkeep\n|\n|t:|1770749665\n|switch|p2a: Basculegion|Basculegion, L50, M|100/100\n|turn|5\n|\n|t:|1770749673\n|move|p2a: Basculegion|Protect|p2a: Basculegion\n|-singleturn|p2a: Basculegion|Protect\n|move|p1b: Hypnotic Hyphae|Rage Powder|p1b: Hypnotic Hyphae\n|-singleturn|p1b: Hypnotic Hyphae|move: Rage Powder\n|move|p1a: Spectral Stallion|Astral Barrage|p2a: Basculegion\n|-activate|p2a: Basculegion|move: Protect\n|\n|-weather|RainDance|[upkeep]\n|-fieldend|move: Trick Room\n|upkeep\n|turn|6\n|\n|t:|1770749682\n|move|p1b: Hypnotic Hyphae|Rage Powder|p1b: Hypnotic Hyphae\n|-singleturn|p1b: Hypnotic Hyphae|move: Rage Powder\n|move|p2a: Basculegion|Last Respects|p1b: Hypnotic Hyphae\n|-damage|p1b: Hypnotic Hyphae|0 fnt\n|faint|p1b: Hypnotic Hyphae\n|-damage|p2a: Basculegion|91/100|[from] item: Life Orb\n|move|p1a: Spectral Stallion|Astral Barrage|p2a: Basculegion\n|-supereffective|p2a: Basculegion\n|-damage|p2a: Basculegion|0 fnt\n|faint|p2a: Basculegion\n|\n|win|mikachu83983\n|raw|mikachu83983's rating: 1516 &rarr; <strong>1540</strong><br />(+24 for winning)\n|raw|Cello L.'s rating: 1584 &rarr; <strong>1560</strong><br />(-24 for losing)\n|l|\u2606Cello L.\n|player|p2|\n|l|\u2606mikachu83983\n|player|p1|\n","uploadtime":1770749868,"views":55,"formatid":"gen9vgc2026regi","rating":1540,"private":0,"password":null}