{"id":"gen9vgc2026regi-2549612900","format":"[Gen 9] VGC 2026 Reg I","players":["b3testing","DudeGaming 25"],"log":"|j|\u2606b3testing\n|j|\u2606DudeGaming 25\n|t:|1772389968\n|gametype|doubles\n|player|p1|b3testing|170|1409\n|player|p2|DudeGaming 25|hugh|1289\n|gen|9\n|tier|[Gen 9] VGC 2026 Reg I\n|rated|\n|rule|Species Clause: Limit one of each Pok\u00e9mon\n|rule|Item Clause: Limit 1 of each item\n|clearpoke\n|poke|p1|Terapagos, L50, M|\n|poke|p1|Calyrex-Shadow, L50|\n|poke|p1|Incineroar, L50, F|\n|poke|p1|Amoonguss, L50, M|\n|poke|p1|Tornadus, L50, M|\n|poke|p1|Smeargle, L50, M|\n|poke|p2|Lunala, L50|\n|poke|p2|Calyrex-Ice, L50|\n|poke|p2|Ursaluna-Bloodmoon, L50, M|\n|poke|p2|Raging Bolt, L50|\n|poke|p2|Grimmsnarl, L50, M|\n|poke|p2|Indeedee-F, L50, F|\n|teampreview|4\n|inactive|Battle timer is ON: inactive players will automatically lose when time's up. (requested by b3testing)\n|\n|t:|1772389991\n|teamsize|p1|4\n|teamsize|p2|4\n|start\n|switch|p1a: Smeargle|Smeargle, L50, M|100/100\n|switch|p1b: Terapagos|Terapagos, L50, M|100/100\n|switch|p2a: Calyrex|Calyrex-Ice, L50|100/100\n|switch|p2b: Indeedee|Indeedee-F, L50, F|100/100\n|-activate|p1b: Terapagos|ability: Tera Shift\n|detailschange|p1b: Terapagos|Terapagos-Terastal, L50, M\n|-heal|p1b: Terapagos|100/100|[silent]\n|-ability|p2a: Calyrex|As One\n|-ability|p2a: Calyrex|Unnerve\n|-fieldstart|move: Psychic Terrain|[from] ability: Psychic Surge|[of] p2b: Indeedee\n|turn|1\n|\n|t:|1772390015\n|move|p2b: Indeedee|Follow Me|p2b: Indeedee\n|-singleturn|p2b: Indeedee|move: Follow Me\n|move|p1a: Smeargle|Spore|p2b: Indeedee\n|-activate|p2b: Indeedee|item: Safety Goggles|Spore\n|move|p1b: Terapagos|Calm Mind|p1b: Terapagos\n|-boost|p1b: Terapagos|spa|1\n|-boost|p1b: Terapagos|spd|1\n|move|p2a: Calyrex|Trick Room|p2a: Calyrex\n|-fieldstart|move: Trick Room|[of] p2a: Calyrex\n|\n|-ability|p1a: Smeargle|Moody|boost\n|-boost|p1a: Smeargle|spd|2\n|-unboost|p1a: Smeargle|spa|1\n|upkeep\n|turn|2\n|\n|t:|1772390032\n|switch|p1a: Incineroar|Incineroar, L50, F|100/100\n|-ability|p1a: Incineroar|Intimidate|boost\n|-unboost|p2a: Calyrex|atk|1\n|-unboost|p2b: Indeedee|atk|1\n|move|p2b: Indeedee|Helping Hand|p2a: Calyrex\n|-singleturn|p2a: Calyrex|Helping Hand|[of] p2b: Indeedee\n|move|p1b: Terapagos|Protect|p1b: Terapagos\n|-singleturn|p1b: Terapagos|Protect\n|move|p2a: Calyrex|Glacial Lance|p1a: Incineroar|[spread] p1a\n|-activate|p1b: Terapagos|move: Protect\n|-resisted|p1a: Incineroar\n|-damage|p1a: Incineroar|74/100\n|\n|upkeep\n|turn|3\n|inactive|b3testing has 30 seconds left.\n|inactive|DudeGaming 25 has 30 seconds left.\n|inactive|b3testing has 20 seconds left.\n|inactive|DudeGaming 25 has 20 seconds left.\n|inactive|b3testing has 15 seconds left.\n|inactive|DudeGaming 25 has 15 seconds left.\n|inactive|DudeGaming 25 has 10 seconds left.\n|inactive|DudeGaming 25 has 5 seconds left.\n|\n|t:|1772390089\n|switch|p2a: Lunala|Lunala, L50, shiny|100/100\n|-terastallize|p1b: Terapagos|Stellar\n|detailschange|p1b: Terapagos|Terapagos-Stellar, L50, M, tera:Stellar\n|-heal|p1b: Terapagos|100/100|[silent]\n|-ability|p1b: Terapagos|Teraform Zero\n|-fieldend|move: Psychic Terrain\n|move|p1a: Incineroar|Fake Out|p2a: Lunala\n|-immune|p2a: Lunala\n|move|p2b: Indeedee|Follow Me|p2b: Indeedee\n|-singleturn|p2b: Indeedee|move: Follow Me\n|move|p1b: Terapagos|Tera Starstorm|p2a: Lunala|[spread] p2a,p2b\n|-damage|p2a: Lunala|78/100\n|-damage|p2b: Indeedee|43/100\n|\n|upkeep\n|turn|4\n|inactive|DudeGaming 25 has 30 seconds left.\n|\n|t:|1772390114\n|switch|p2b: Calyrex|Calyrex-Ice, L50|100/100\n|-ability|p2b: Calyrex|As One\n|-ability|p2b: Calyrex|Unnerve\n|-terastallize|p2a: Lunala|Grass\n|move|p2a: Lunala|Wide Guard|p2a: Lunala\n|-singleturn|p2a: Lunala|Wide Guard\n|move|p1a: Incineroar|Knock Off|p2a: Lunala\n|-damage|p2a: Lunala|44/100\n|-enditem|p2a: Lunala|Mental Herb|[from] move: Knock Off|[of] p1a: Incineroar\n|move|p1b: Terapagos|Tera Starstorm|p2a: Lunala|[spread] \n|-activate|p2a: Lunala|move: Wide Guard\n|-activate|p2b: Calyrex|move: Wide Guard\n|\n|upkeep\n|turn|5\n|inactive|b3testing has 30 seconds left.\n|inactive|DudeGaming 25 has 30 seconds left.\n|\n|t:|1772390148\n|switch|p2a: Indeedee|Indeedee-F, L50, F|43/100\n|-fieldstart|move: Psychic Terrain|[from] ability: Psychic Surge|[of] p2a: Indeedee\n|move|p2b: Calyrex|High Horsepower|p1a: Incineroar\n|-supereffective|p1a: Incineroar\n|-damage|p1a: Incineroar|0 fnt\n|faint|p1a: Incineroar\n|-ability|p2b: Calyrex|Chilling Neigh|boost\n|-boost|p2b: Calyrex|atk|1\n|move|p1b: Terapagos|Tera Starstorm|p2a: Indeedee|[spread] p2a,p2b\n|-damage|p2a: Indeedee|0 fnt\n|-damage|p2b: Calyrex|64/100\n|faint|p2a: Indeedee\n|\n|-fieldend|move: Trick Room\n|upkeep\n|\n|t:|1772390172\n|switch|p2a: Lunala|Lunala, L50, shiny, tera:Grass|44/100\n|switch|p1a: Calyrex|Calyrex-Shadow, L50|100/100\n|-ability|p1a: Calyrex|As One\n|-ability|p1a: Calyrex|Unnerve\n|turn|6\n|\n|t:|1772390187\n|move|p2a: Lunala|Wide Guard|p2a: Lunala\n|-singleturn|p2a: Lunala|Wide Guard\n|move|p1a: Calyrex|Encore|p2b: Calyrex\n|-start|p2b: Calyrex|Encore\n|move|p1b: Terapagos|Tera Starstorm|p2b: Calyrex|[spread] \n|-activate|p2a: Lunala|move: Wide Guard\n|-activate|p2b: Calyrex|move: Wide Guard\n|move|p2b: Calyrex|High Horsepower|p1b: Terapagos\n|-damage|p1b: Terapagos|63/100\n|\n|upkeep\n|turn|7\n|\n|t:|1772390207\n|move|p2a: Lunala|Wide Guard|p2a: Lunala\n|-singleturn|p2a: Lunala|Wide Guard\n|move|p1a: Calyrex|Disable|p2b: Calyrex\n|-start|p2b: Calyrex|Disable|High Horsepower\n|move|p1b: Terapagos|Tera Starstorm|p2a: Lunala|[spread] \n|-activate|p2a: Lunala|move: Wide Guard\n|-activate|p2b: Calyrex|move: Wide Guard\n|cant|p2b: Calyrex|Disable|High Horsepower\n|\n|upkeep\n|turn|8\n|j| globalfish39\n|\n|t:|1772390220\n|switch|p2b: Ursaluna|Ursaluna-Bloodmoon, L50, M|100/100\n|move|p2a: Lunala|Wide Guard|p2a: Lunala\n|-singleturn|p2a: Lunala|Wide Guard\n|move|p1a: Calyrex|Encore|p2a: Lunala\n|-start|p2a: Lunala|Encore\n|move|p1b: Terapagos|Earth Power|p2b: Ursaluna\n|-damage|p2b: Ursaluna|58/100\n|\n|upkeep\n|turn|9\n|\n|t:|1772390238\n|move|p1b: Terapagos|Protect|p1b: Terapagos\n|-singleturn|p1b: Terapagos|Protect\n|move|p2a: Lunala|Wide Guard|p2a: Lunala\n|-singleturn|p2a: Lunala|Wide Guard\n|move|p1a: Calyrex|Disable|p2a: Lunala\n|-start|p2a: Lunala|Disable|Wide Guard\n|move|p2b: Ursaluna|Hyper Voice|p1a: Calyrex|[spread] p1a\n|-activate|p1b: Terapagos|move: Protect\n|-damage|p1a: Calyrex|56/100\n|\n|-fieldend|move: Psychic Terrain\n|upkeep\n|turn|10\n|\n|t:|1772390257\n|switch|p2a: Calyrex|Calyrex-Ice, L50|64/100\n|-ability|p2a: Calyrex|As One\n|-ability|p2a: Calyrex|Unnerve\n|move|p1a: Calyrex|Encore|p2b: Ursaluna\n|-start|p2b: Ursaluna|Encore\n|move|p1b: Terapagos|Tera Starstorm|p2b: Ursaluna|[spread] p2a,p2b\n|-damage|p2a: Calyrex|24/100\n|-damage|p2b: Ursaluna|16/100\n|move|p2b: Ursaluna|Hyper Voice|p1a: Calyrex|[spread] p1a,p1b\n|-damage|p1a: Calyrex|18/100\n|-damage|p1b: Terapagos|48/100\n|\n|upkeep\n|turn|11\n|inactive|b3testing has 30 seconds left.\n|\n|t:|1772390283\n|switch|p1a: Smeargle|Smeargle, L50, M|100/100\n|switch|p2b: Lunala|Lunala, L50, shiny, tera:Grass|44/100\n|move|p2a: Calyrex|Protect|p2a: Calyrex\n|-singleturn|p2a: Calyrex|Protect\n|move|p1b: Terapagos|Tera Starstorm|p2b: Lunala|[spread] p2b\n|-activate|p2a: Calyrex|move: Protect\n|-supereffective|p2b: Lunala\n|-damage|p2b: Lunala|0 fnt\n|faint|p2b: Lunala\n|\n|-ability|p1a: Smeargle|Moody|boost\n|-boost|p1a: Smeargle|atk|2\n|-unboost|p1a: Smeargle|spe|1\n|upkeep\n|\n|t:|1772390300\n|switch|p2b: Ursaluna|Ursaluna-Bloodmoon, L50, M|16/100\n|turn|12\n|\n|t:|1772390308\n|move|p2a: Calyrex|Protect|p2a: Calyrex\n|-singleturn|p2a: Calyrex|Protect\n|move|p1b: Terapagos|Tera Starstorm|p2b: Ursaluna|[spread] p2b\n|-activate|p2a: Calyrex|move: Protect\n|-crit|p2b: Ursaluna\n|-damage|p2b: Ursaluna|0 fnt\n|faint|p2b: Ursaluna\n|move|p1a: Smeargle|Spore|p2a: Calyrex\n|-activate|p2a: Calyrex|move: Protect\n|\n|-ability|p1a: Smeargle|Moody|boost\n|-boost|p1a: Smeargle|spa|2\n|-unboost|p1a: Smeargle|spd|1\n|upkeep\n|turn|13\n|-message|DudeGaming 25 forfeited.\n|\n|win|b3testing\n|raw|b3testing's rating: 1409 &rarr; <strong>1422</strong><br />(+13 for winning)\n|raw|DudeGaming 25's rating: 1289 &rarr; <strong>1272</strong><br />(-17 for losing)\n|l|\u2606DudeGaming 25\n|player|p2|\n|l|\u2606b3testing\n|player|p1|\n","uploadtime":1772390592,"views":13,"formatid":"gen9vgc2026regi","rating":1272,"private":0,"password":null}