{"id":"gen9vgc2026regi-2561287299","format":"[Gen 9] VGC 2026 Reg I","players":["aox93","It'sJustKen VGC"],"log":"|j|\u2606aox93\n|j|\u2606It'sJustKen VGC\n|t:|1773780648\n|gametype|doubles\n|player|p1|aox93|blackbelt-gen4dp|1337\n|player|p2|It'sJustKen VGC|102|1366\n|gen|9\n|tier|[Gen 9] VGC 2026 Reg I\n|rated|\n|rule|Species Clause: Limit one of each Pok\u00e9mon\n|rule|Item Clause: Limit 1 of each item\n|clearpoke\n|poke|p1|Miraidon, L50|\n|poke|p1|Calyrex-Shadow, L50|\n|poke|p1|Incineroar, L50, M|\n|poke|p1|Urshifu-*, L50, F|\n|poke|p1|Iron Treads, L50|\n|poke|p1|Grimmsnarl, L50, M|\n|poke|p2|Iron Hands, L50|\n|poke|p2|Incineroar, L50, F|\n|poke|p2|Calyrex-Shadow, L50|\n|poke|p2|Whimsicott, L50, F|\n|poke|p2|Farigiraf, L50, F|\n|poke|p2|Miraidon, L50|\n|teampreview|4\n|inactive|Battle timer is ON: inactive players will automatically lose when time's up. (requested by It'sJustKen VGC)\n|\n|t:|1773780673\n|teamsize|p1|4\n|teamsize|p2|4\n|start\n|switch|p1a: Miraidon|Miraidon, L50, shiny|100/100\n|switch|p1b: Grimmsnarl|Grimmsnarl, L50, M, shiny|100/100\n|switch|p2a: Farigiraf|Farigiraf, L50, F|100/100\n|switch|p2b: Miraidon|Miraidon, L50, shiny|100/100\n|-fieldstart|move: Electric Terrain|[from] ability: Hadron Engine|[of] p1a: Miraidon\n|-enditem|p2a: Farigiraf|Electric Seed\n|-boost|p2a: Farigiraf|def|1|[from] item: Electric Seed\n|-activate|p2b: Miraidon|ability: Hadron Engine\n|turn|1\n|\n|t:|1773780692\n|-terastallize|p2b: Miraidon|Fairy\n|move|p2a: Farigiraf|Helping Hand|p2b: Miraidon\n|-singleturn|p2b: Miraidon|Helping Hand|[of] p2a: Farigiraf\n|move|p1a: Miraidon|Electro Drift|p2a: Farigiraf\n|-damage|p2a: Farigiraf|0 fnt\n|faint|p2a: Farigiraf\n|move|p2b: Miraidon|Volt Switch|p1b: Grimmsnarl\n|-damage|p1b: Grimmsnarl|0 fnt\n|faint|p1b: Grimmsnarl\n|\n|t:|1773780699\n|switch|p2b: Incineroar|Incineroar, L50, F|100/100|[from] Volt Switch\n|-ability|p2b: Incineroar|Intimidate|boost\n|-unboost|p1a: Miraidon|atk|1\n|\n|upkeep\n|\n|t:|1773780709\n|switch|p2a: Miraidon|Miraidon, L50, shiny, tera:Fairy|100/100\n|switch|p1b: Incineroar|Incineroar, L50, M, shiny|100/100\n|-activate|p2a: Miraidon|ability: Hadron Engine\n|-ability|p1b: Incineroar|Intimidate|boost\n|-unboost|p2a: Miraidon|atk|1\n|-unboost|p2b: Incineroar|atk|1\n|turn|2\n|\n|t:|1773780720\n|switch|p1a: Calyrex|Calyrex-Shadow, L50|100/100\n|-ability|p1a: Calyrex|As One\n|-ability|p1a: Calyrex|Unnerve\n|switch|p2a: Iron Hands|Iron Hands, L50|100/100\n|-activate|p2a: Iron Hands|ability: Quark Drive\n|-start|p2a: Iron Hands|quarkdriveatk\n|move|p1b: Incineroar|Fake Out|p2a: Iron Hands\n|-damage|p2a: Iron Hands|93/100\n|move|p2b: Incineroar|U-turn|p1a: Calyrex\n|-damage|p1a: Calyrex|85/100\n|\n|t:|1773780723\n|switch|p2b: Miraidon|Miraidon, L50, shiny, tera:Fairy|100/100|[from] U-turn\n|-activate|p2b: Miraidon|ability: Hadron Engine\n|\n|upkeep\n|turn|3\n|inactive|aox93 has 30 seconds left.\n|inactive|It'sJustKen VGC has 30 seconds left.\n|inactive|aox93 has 20 seconds left.\n|\n|t:|1773780761\n|switch|p1b: Miraidon|Miraidon, L50, shiny|100/100\n|-activate|p1b: Miraidon|ability: Hadron Engine\n|move|p1a: Calyrex|Protect|p1a: Calyrex\n|-singleturn|p1a: Calyrex|Protect\n|move|p2b: Miraidon|Electro Drift|p1a: Calyrex\n|-activate|p1a: Calyrex|move: Protect\n|move|p2a: Iron Hands|Low Kick|p1b: Miraidon\n|-damage|p1b: Miraidon|21/100\n|\n|upkeep\n|turn|4\n|\n|t:|1773780784\n|switch|p2b: Incineroar|Incineroar, L50, F|100/100\n|-ability|p2b: Incineroar|Intimidate|boost\n|-unboost|p1a: Calyrex|atk|1\n|-unboost|p1b: Miraidon|atk|1\n|-terastallize|p1a: Calyrex|Ghost\n|move|p1a: Calyrex|Astral Barrage|p2a: Iron Hands|[spread] p2a,p2b\n|-resisted|p2b: Incineroar\n|-damage|p2a: Iron Hands|48/100\n|-damage|p2b: Incineroar|64/100\n|move|p1b: Miraidon|Dazzling Gleam|p2b: Incineroar|[spread] p2a,p2b\n|-supereffective|p2a: Iron Hands\n|-damage|p2a: Iron Hands|1/100\n|-damage|p2b: Incineroar|30/100\n|move|p2a: Iron Hands|Wild Charge|p1a: Calyrex\n|-damage|p1a: Calyrex|0 fnt\n|faint|p1a: Calyrex\n|-damage|p2a: Iron Hands|0 fnt|[from] Recoil\n|faint|p2a: Iron Hands\n|-end|p2a: Iron Hands|Quark Drive|[silent]\n|\n|upkeep\n|\n|t:|1773780804\n|switch|p1a: Incineroar|Incineroar, L50, M, shiny|100/100\n|switch|p2a: Miraidon|Miraidon, L50, shiny, tera:Fairy|100/100\n|-activate|p2a: Miraidon|ability: Hadron Engine\n|-ability|p1a: Incineroar|Intimidate|boost\n|-unboost|p2a: Miraidon|atk|1\n|-unboost|p2b: Incineroar|atk|1\n|turn|5\n|\n|t:|1773780815\n|move|p1a: Incineroar|Fake Out|p2b: Incineroar\n|-damage|p2b: Incineroar|20/100\n|-damage|p1a: Incineroar|84/100|[from] item: Rocky Helmet|[of] p2b: Incineroar\n|cant|p2b: Incineroar|flinch\n|move|p1b: Miraidon|Dazzling Gleam|p2b: Incineroar|[spread] p2a,p2b\n|-damage|p2a: Miraidon|68/100\n|-damage|p2b: Incineroar|0 fnt\n|faint|p2b: Incineroar\n|move|p2a: Miraidon|Dazzling Gleam|p1a: Incineroar|[spread] p1a,p1b\n|-supereffective|p1b: Miraidon\n|-damage|p1a: Incineroar|40/100\n|-damage|p1b: Miraidon|0 fnt\n|faint|p1b: Miraidon\n|\n|-fieldend|move: Electric Terrain\n|upkeep\n|turn|6\n|\n|t:|1773780834\n|move|p2a: Miraidon|Dazzling Gleam|p1a: Incineroar\n|-damage|p1a: Incineroar|0 fnt\n|faint|p1a: Incineroar\n|\n|win|It'sJustKen VGC\n|raw|aox93's rating: 1337 &rarr; <strong>1319</strong><br />(-18 for losing)\n|raw|It&apos;sJustKen VGC's rating: 1366 &rarr; <strong>1384</strong><br />(+18 for winning)\n|l|\u2606aox93\n|player|p1|\n","uploadtime":1773780839,"views":10,"formatid":"gen9vgc2026regi","rating":1319,"private":0,"password":null}