{"id":"gen9vgc2026regi-2586916893","format":"[Gen 9] VGC 2026 Reg I","players":["miguelmnc2","SalmonintheGanges"],"log":"|j|\u2606miguelmnc2\n|j|\u2606SalmonintheGanges\n|t:|1776471567\n|gametype|doubles\n|player|p1|miguelmnc2|cynthia-gen4|1386\n|player|p2|SalmonintheGanges|fisherman|1525\n|gen|9\n|tier|[Gen 9] VGC 2026 Reg I\n|rated|\n|rule|Species Clause: Limit one of each Pok\u00e9mon\n|rule|Item Clause: Limit 1 of each item\n|clearpoke\n|poke|p1|Calyrex-Shadow, L50|\n|poke|p1|Dragonite, L50, M|\n|poke|p1|Zamazenta-*, L50|\n|poke|p1|Chien-Pao, L50|\n|poke|p1|Amoonguss, L50, F|\n|poke|p1|Incineroar, L50, M|\n|poke|p2|Muk-Alola, L50, M|\n|poke|p2|Calyrex-Shadow, L50|\n|poke|p2|Terapagos, L50, M|\n|poke|p2|Smeargle, L50, F|\n|poke|p2|Flamigo, L50, M|\n|poke|p2|Zoroark-Hisui, L50, M|\n|teampreview|4\n|inactive|Battle timer is ON: inactive players will automatically lose when time's up. (requested by SalmonintheGanges)\n|inactive|miguelmnc2 has 60 seconds left.\n|\n|t:|1776471618\n|teamsize|p1|4\n|teamsize|p2|4\n|start\n|switch|p1a: Amoonguss|Amoonguss, L50, F|100/100\n|switch|p1b: Incineroar|Incineroar, L50, M|100/100\n|switch|p2a: Smeargle|Smeargle, L50, F|100/100\n|switch|p2b: Muk|Muk-Alola, L50, M|100/100\n|-ability|p1b: Incineroar|Intimidate|boost\n|-unboost|p2a: Smeargle|atk|1\n|-unboost|p2b: Muk|atk|1\n|turn|1\n|l|\u2606SalmonintheGanges\n|inactive|SalmonintheGanges disconnected and has a minute to reconnect!\n|player|p2|\n|j|\u2606SalmonintheGanges\n|inactive|SalmonintheGanges reconnected and has 45 seconds left.\n|player|p2|SalmonintheGanges|fisherman|\n|inactive|SalmonintheGanges has 30 seconds left.\n|\n|t:|1776471650\n|move|p1b: Incineroar|Fake Out|p2b: Muk\n|-damage|p2b: Muk|87/100\n|move|p2a: Smeargle|Spore|p1b: Incineroar\n|-status|p1b: Incineroar|slp|[from] move: Spore\n|cant|p2b: Muk|flinch\n|move|p1a: Amoonguss|Spore|p2a: Smeargle\n|-status|p2a: Smeargle|slp|[from] move: Spore\n|\n|-heal|p2b: Muk|93/100|[from] item: Leftovers\n|-ability|p2a: Smeargle|Moody|boost\n|-boost|p2a: Smeargle|spe|2\n|-unboost|p2a: Smeargle|def|1\n|upkeep\n|turn|2\n|\n|t:|1776471667\n|switch|p1b: Zamazenta|Zamazenta-Crowned, L50|100/100\n|-ability|p1b: Zamazenta|Dauntless Shield|boost\n|-boost|p1b: Zamazenta|def|1\n|cant|p2a: Smeargle|slp\n|move|p2b: Muk|Substitute|p2b: Muk\n|-start|p2b: Muk|Substitute\n|-damage|p2b: Muk|68/100\n|move|p1a: Amoonguss|Spore||[still]\n|-fail|p1a: Amoonguss\n|\n|-heal|p2b: Muk|75/100|[from] item: Leftovers\n|-ability|p2a: Smeargle|Moody|boost\n|-boost|p2a: Smeargle|spe|2\n|-unboost|p2a: Smeargle|atk|1\n|upkeep\n|turn|3\n|inactive|miguelmnc2 has 30 seconds left.\n|\n|t:|1776471692\n|switch|p1a: Incineroar|Incineroar, L50, M|100/100 slp\n|-ability|p1a: Incineroar|Intimidate|boost\n|-unboost|p2a: Smeargle|atk|1\n|-immune|p2b: Muk\n|-curestatus|p2a: Smeargle|slp|[msg]\n|move|p2a: Smeargle|Salt Cure|p1b: Zamazenta\n|-resisted|p1b: Zamazenta\n|-damage|p1b: Zamazenta|99/100\n|-start|p1b: Zamazenta|Salt Cure\n|move|p1b: Zamazenta|Body Press|p2b: Muk\n|-end|p2b: Muk|Substitute\n|move|p2b: Muk|Minimize|p2b: Muk\n|-boost|p2b: Muk|evasion|2\n|\n|-heal|p2b: Muk|81/100|[from] item: Leftovers\n|-damage|p1b: Zamazenta|75/100|[from] Salt Cure\n|-ability|p2a: Smeargle|Moody|boost\n|-boost|p2a: Smeargle|spe|2\n|-unboost|p2a: Smeargle|spa|1\n|upkeep\n|turn|4\n|\n|t:|1776471712\n|cant|p1a: Incineroar|slp\n|move|p2a: Smeargle|Spore|p1b: Zamazenta\n|-status|p1b: Zamazenta|slp|[from] move: Spore\n|cant|p1b: Zamazenta|slp\n|move|p2b: Muk|Minimize|p2b: Muk\n|-boost|p2b: Muk|evasion|2\n|\n|-heal|p2b: Muk|87/100|[from] item: Leftovers\n|-damage|p1b: Zamazenta|50/100 slp|[from] Salt Cure\n|-ability|p2a: Smeargle|Moody|boost\n|-boost|p2a: Smeargle|spa|2\n|-unboost|p2a: Smeargle|def|1\n|upkeep\n|turn|5\n|\n|t:|1776471732\n|switch|p1b: Amoonguss|Amoonguss, L50, F|100/100\n|move|p2a: Smeargle|Salt Cure|p1a: Incineroar\n|-supereffective|p1a: Incineroar\n|-damage|p1a: Incineroar|98/100 slp\n|-start|p1a: Incineroar|Salt Cure\n|move|p2b: Muk|Substitute|p2b: Muk\n|-start|p2b: Muk|Substitute\n|-damage|p2b: Muk|62/100\n|-curestatus|p1a: Incineroar|slp|[msg]\n|move|p1a: Incineroar|Flare Blitz|p2b: Muk|[miss]\n|-miss|p1a: Incineroar|p2b: Muk\n|\n|-heal|p2b: Muk|68/100|[from] item: Leftovers\n|-damage|p1a: Incineroar|85/100|[from] Salt Cure\n|-ability|p2a: Smeargle|Moody|boost\n|-boost|p2a: Smeargle|spa|2\n|-unboost|p2a: Smeargle|atk|1\n|upkeep\n|turn|6\n|\n|t:|1776471744\n|move|p2a: Smeargle|Salt Cure|p1b: Amoonguss\n|-damage|p1b: Amoonguss|99/100\n|-start|p1b: Amoonguss|Salt Cure\n|move|p2b: Muk|Minimize|p2b: Muk\n|-boost|p2b: Muk|evasion|2\n|move|p1a: Incineroar|Flare Blitz|p2b: Muk\n|-end|p2b: Muk|Substitute\n|-damage|p1a: Incineroar|77/100|[from] Recoil|[of] p2b: Muk\n|move|p1b: Amoonguss|Spore|p2a: Smeargle\n|-status|p2a: Smeargle|slp|[from] move: Spore\n|\n|-heal|p2b: Muk|75/100|[from] item: Leftovers\n|-damage|p1a: Incineroar|64/100|[from] Salt Cure\n|-damage|p1b: Amoonguss|87/100|[from] Salt Cure\n|-ability|p2a: Smeargle|Moody|boost\n|-boost|p2a: Smeargle|spd|2\n|-unboost|p2a: Smeargle|spe|1\n|upkeep\n|turn|7\n|inactive|miguelmnc2 has 30 seconds left.\n|inactive|miguelmnc2 has 20 seconds left.\n|inactive|miguelmnc2 has 15 seconds left.\n|\n|t:|1776471787\n|cant|p2a: Smeargle|slp\n|move|p2b: Muk|Substitute|p2b: Muk\n|-start|p2b: Muk|Substitute\n|-damage|p2b: Muk|50/100\n|move|p1a: Incineroar|Flare Blitz|p2b: Muk\n|-end|p2b: Muk|Substitute\n|-damage|p1a: Incineroar|56/100|[from] Recoil|[of] p2b: Muk\n|move|p1b: Amoonguss|Pollen Puff|p1a: Incineroar\n|-heal|p1a: Incineroar|100/100\n|\n|-heal|p2b: Muk|56/100|[from] item: Leftovers\n|-damage|p1a: Incineroar|88/100|[from] Salt Cure\n|-damage|p1b: Amoonguss|75/100|[from] Salt Cure\n|-ability|p2a: Smeargle|Moody|boost\n|-boost|p2a: Smeargle|spa|2\n|-unboost|p2a: Smeargle|spd|1\n|upkeep\n|turn|8\n|\n|t:|1776471800\n|cant|p2a: Smeargle|slp\n|move|p2b: Muk|Substitute|p2b: Muk\n|-start|p2b: Muk|Substitute\n|-damage|p2b: Muk|31/100\n|move|p1a: Incineroar|Flare Blitz|p2b: Muk|[miss]\n|-miss|p1a: Incineroar|p2b: Muk\n|move|p1b: Amoonguss|Spore|p2b: Muk|[miss]\n|-miss|p1b: Amoonguss|p2b: Muk\n|\n|-heal|p2b: Muk|37/100|[from] item: Leftovers\n|-damage|p1a: Incineroar|76/100|[from] Salt Cure\n|-damage|p1b: Amoonguss|62/100|[from] Salt Cure\n|-ability|p2a: Smeargle|Moody|boost\n|-boost|p2a: Smeargle|spe|1\n|-unboost|p2a: Smeargle|atk|1\n|upkeep\n|turn|9\n|\n|t:|1776471810\n|cant|p2a: Smeargle|slp\n|move|p2b: Muk|Poison Fang|p1b: Amoonguss\n|-damage|p1b: Amoonguss|49/100\n|-damage|p2b: Muk|21/100|[from] item: Rocky Helmet|[of] p1b: Amoonguss\n|move|p1a: Incineroar|Flare Blitz|p2b: Muk\n|-end|p2b: Muk|Substitute\n|-damage|p1a: Incineroar|67/100|[from] Recoil|[of] p2b: Muk\n|move|p1b: Amoonguss|Spore|p2b: Muk\n|-status|p2b: Muk|slp|[from] move: Spore\n|\n|-heal|p2b: Muk|27/100 slp|[from] item: Leftovers\n|-damage|p1a: Incineroar|55/100|[from] Salt Cure\n|-damage|p1b: Amoonguss|37/100|[from] Salt Cure\n|-ability|p2a: Smeargle|Moody|boost\n|-boost|p2a: Smeargle|atk|2\n|-unboost|p2a: Smeargle|def|1\n|upkeep\n|turn|10\n|\n|t:|1776471826\n|-curestatus|p2a: Smeargle|slp|[msg]\n|move|p2a: Smeargle|Follow Me|p2a: Smeargle\n|-singleturn|p2a: Smeargle|move: Follow Me\n|move|p1b: Amoonguss|Rage Powder|p1b: Amoonguss\n|-singleturn|p1b: Amoonguss|move: Rage Powder\n|cant|p2b: Muk|slp\n|move|p1a: Incineroar|Flare Blitz|p2a: Smeargle\n|-enditem|p2a: Smeargle|Focus Sash\n|-damage|p2a: Smeargle|1/100\n|-damage|p1a: Incineroar|29/100|[from] Recoil\n|\n|-heal|p2b: Muk|34/100 slp|[from] item: Leftovers\n|-damage|p1a: Incineroar|16/100|[from] Salt Cure\n|-damage|p1b: Amoonguss|24/100|[from] Salt Cure\n|-ability|p2a: Smeargle|Moody|boost\n|-boost|p2a: Smeargle|atk|2\n|-unboost|p2a: Smeargle|spd|1\n|upkeep\n|turn|11\n|inactive|miguelmnc2 has 30 seconds left.\n|\n|t:|1776471851\n|move|p2a: Smeargle|Follow Me|p2a: Smeargle\n|-singleturn|p2a: Smeargle|move: Follow Me\n|move|p1b: Amoonguss|Rage Powder|p1b: Amoonguss\n|-singleturn|p1b: Amoonguss|move: Rage Powder\n|cant|p2b: Muk|slp\n|move|p1a: Incineroar|Knock Off|p2a: Smeargle\n|-damage|p2a: Smeargle|0 fnt\n|faint|p2a: Smeargle\n|-ability|p2b: Muk|Moody|Power of Alchemy|[from] ability: Power of Alchemy|[of] p2a: Smeargle\n|\n|-heal|p2b: Muk|40/100 slp|[from] item: Leftovers\n|-damage|p1a: Incineroar|4/100|[from] Salt Cure\n|-damage|p1b: Amoonguss|12/100|[from] Salt Cure\n|-ability|p2b: Muk|Moody|boost\n|-boost|p2b: Muk|atk|2\n|-unboost|p2b: Muk|def|1\n|upkeep\n|\n|t:|1776471856\n|switch|p2a: Flamigo|Flamigo, L50, M|100/100\n|-copyboost|p2a: Flamigo|p2b: Muk|[from] ability: Costar\n|-enditem|p2a: Flamigo|White Herb\n|-clearnegativeboost|p2a: Flamigo|[silent]\n|turn|12\n|\n|t:|1776471878\n|-curestatus|p2b: Muk|slp|[msg]\n|move|p2b: Muk|Protect|p2b: Muk\n|-singleturn|p2b: Muk|Protect\n|move|p2a: Flamigo|Substitute|p2a: Flamigo\n|-start|p2a: Flamigo|Substitute\n|-damage|p2a: Flamigo|76/100\n|move|p1a: Incineroar|Flare Blitz|p2b: Muk\n|-activate|p2b: Muk|move: Protect\n|move|p1b: Amoonguss|Spore||[still]\n|-fail|p1b: Amoonguss\n|\n|-heal|p2b: Muk|46/100|[from] item: Leftovers\n|-damage|p1a: Incineroar|0 fnt|[from] Salt Cure\n|faint|p1a: Incineroar\n|-damage|p1b: Amoonguss|0 fnt|[from] Salt Cure\n|faint|p1b: Amoonguss\n|-ability|p2b: Muk|Moody|boost\n|-boost|p2b: Muk|spa|2\n|-unboost|p2b: Muk|atk|1\n|upkeep\n|\n|t:|1776471884\n|switch|p1a: Zamazenta|Zamazenta-Crowned, L50|50/100 slp\n|switch|p1b: Calyrex|Calyrex-Shadow, L50|100/100\n|-ability|p1b: Calyrex|As One\n|-ability|p1b: Calyrex|Unnerve\n|turn|13\n|l|\u2606SalmonintheGanges\n|inactive|SalmonintheGanges disconnected and has a minute to reconnect!\n|player|p2|\n|j|\u2606SalmonintheGanges\n|inactive|SalmonintheGanges reconnected and has 45 seconds left.\n|player|p2|SalmonintheGanges|fisherman|\n|inactive|miguelmnc2 has 30 seconds left.\n|inactive|SalmonintheGanges has 30 seconds left.\n|\n|t:|1776471910\n|cant|p1a: Zamazenta|slp\n|move|p1b: Calyrex|Encore|p2b: Muk|[miss]\n|-miss|p1b: Calyrex|p2b: Muk\n|move|p2a: Flamigo|Close Combat|p1a: Zamazenta\n|-supereffective|p1a: Zamazenta\n|-damage|p1a: Zamazenta|0 fnt\n|-unboost|p2a: Flamigo|def|1\n|-unboost|p2a: Flamigo|spd|1\n|faint|p1a: Zamazenta\n|move|p2b: Muk|Substitute|p2b: Muk\n|-start|p2b: Muk|Substitute\n|-damage|p2b: Muk|21/100\n|\n|-heal|p2b: Muk|27/100|[from] item: Leftovers\n|-ability|p2b: Muk|Moody|boost\n|-boost|p2b: Muk|spd|2\n|-unboost|p2b: Muk|atk|1\n|upkeep\n|turn|14\n|-message|miguelmnc2 forfeited.\n|\n|win|SalmonintheGanges\n|raw|miguelmnc2's rating: 1386 &rarr; <strong>1374</strong><br />(-12 for losing)\n|raw|SalmonintheGanges's rating: 1525 &rarr; <strong>1537</strong><br />(+12 for winning)\n|l|\u2606miguelmnc2\n|player|p1|\n|l|\u2606SalmonintheGanges\n|player|p2|\n","uploadtime":1776472061,"views":12,"formatid":"gen9vgc2026regi","rating":1374,"private":0,"password":null}