{"id":"gen9vgc2026regi-2562474140","format":"[Gen 9] VGC 2026 Reg I","players":["swordsdanceurshifu","RIAMOO"],"log":"|j|\u2606swordsdanceurshifu\n|j|\u2606RIAMOO\n|t:|1773921678\n|gametype|doubles\n|player|p1|swordsdanceurshifu|169|1328\n|player|p2|RIAMOO|2|1351\n|gen|9\n|tier|[Gen 9] VGC 2026 Reg I\n|rated|\n|rule|Species Clause: Limit one of each Pok\u00e9mon\n|rule|Item Clause: Limit 1 of each item\n|clearpoke\n|poke|p1|Koraidon, L50|\n|poke|p1|Miraidon, L50|\n|poke|p1|Incineroar, L50, M|\n|poke|p1|Iron Bundle, L50|\n|poke|p1|Toxapex, L50, M|\n|poke|p1|Landorus, L50, M|\n|poke|p2|Calyrex-Ice, L50|\n|poke|p2|Miraidon, L50|\n|poke|p2|Grimmsnarl, L50, M|\n|poke|p2|Ursaluna, L50, F|\n|poke|p2|Incineroar, L50, M|\n|poke|p2|Landorus, L50, M|\n|teampreview|4\n|inactive|Battle timer is ON: inactive players will automatically lose when time's up. (requested by swordsdanceurshifu)\n|inactive|swordsdanceurshifu has 60 seconds left.\n|inactive|RIAMOO has 60 seconds left.\n|inactive|swordsdanceurshifu has 30 seconds left.\n|inactive|swordsdanceurshifu has 20 seconds left.\n|inactive|RIAMOO has 30 seconds left.\n|\n|t:|1773921755\n|teamsize|p1|4\n|teamsize|p2|4\n|start\n|switch|p1a: Miraidon|Miraidon, L50|100/100\n|switch|p1b: Incineroar|Incineroar, L50, M|100/100\n|switch|p2a: Grimmsnarl|Grimmsnarl, L50, M|100/100\n|switch|p2b: Miraidon|Miraidon, L50|100/100\n|-fieldstart|move: Electric Terrain|[from] ability: Hadron Engine|[of] p1a: Miraidon\n|-activate|p2b: Miraidon|ability: Hadron Engine\n|-ability|p1b: Incineroar|Intimidate|boost\n|-unboost|p2a: Grimmsnarl|atk|1\n|-unboost|p2b: Miraidon|atk|1\n|turn|1\n|\n|t:|1773921773\n|switch|p2b: Calyrex|Calyrex-Ice, L50|100/100\n|-ability|p2b: Calyrex|As One\n|-ability|p2b: Calyrex|Unnerve\n|move|p1b: Incineroar|Fake Out|p2a: Grimmsnarl\n|-damage|p2a: Grimmsnarl|88/100\n|cant|p2a: Grimmsnarl|flinch\n|move|p1a: Miraidon|Draco Meteor|p2b: Calyrex\n|-crit|p2b: Calyrex\n|-damage|p2b: Calyrex|0 fnt\n|-unboost|p1a: Miraidon|spa|2\n|faint|p2b: Calyrex\n|-damage|p1a: Miraidon|91/100|[from] item: Life Orb\n|\n|upkeep\n|\n|t:|1773921790\n|switch|p2b: Miraidon|Miraidon, L50|100/100\n|-activate|p2b: Miraidon|ability: Hadron Engine\n|turn|2\n|\n|t:|1773921800\n|-terastallize|p2b: Miraidon|Fairy\n|move|p2a: Grimmsnarl|Light Screen|p2a: Grimmsnarl\n|-sidestart|p2: RIAMOO|move: Light Screen\n|move|p1a: Miraidon|Volt Switch|p2a: Grimmsnarl\n|-damage|p2a: Grimmsnarl|65/100\n|-damage|p1a: Miraidon|81/100|[from] item: Life Orb\n|\n|t:|1773921806\n|switch|p1a: Toxapex|Toxapex, L50, M|100/100|[from] Volt Switch\n|move|p2b: Miraidon|Dazzling Gleam|p1a: Toxapex|[spread] p1a,p1b\n|-resisted|p1a: Toxapex\n|-damage|p1a: Toxapex|78/100\n|-damage|p1b: Incineroar|65/100\n|move|p1b: Incineroar|Knock Off|p2b: Miraidon\n|-resisted|p2b: Miraidon\n|-damage|p2b: Miraidon|82/100\n|-enditem|p2b: Miraidon|Choice Specs|[from] move: Knock Off|[of] p1b: Incineroar\n|\n|upkeep\n|turn|3\n|\n|t:|1773921827\n|switch|p2b: Ursaluna|Ursaluna, L50, F|100/100\n|move|p1a: Toxapex|Baneful Bunker|p1a: Toxapex\n|-singleturn|p1a: Toxapex|move: Protect\n|move|p2a: Grimmsnarl|Thunder Wave|p1a: Toxapex\n|-activate|p1a: Toxapex|move: Protect\n|move|p1b: Incineroar|Flare Blitz|p2b: Ursaluna\n|-damage|p2b: Ursaluna|68/100\n|-damage|p1b: Incineroar|52/100|[from] Recoil\n|\n|-status|p2b: Ursaluna|brn|[from] item: Flame Orb\n|upkeep\n|turn|4\n|inactive|swordsdanceurshifu has 30 seconds left.\n|inactive|RIAMOO has 30 seconds left.\n|\n|t:|1773921856\n|-terastallize|p1a: Toxapex|Grass\n|move|p2a: Grimmsnarl|Reflect|p2a: Grimmsnarl\n|-sidestart|p2: RIAMOO|Reflect\n|move|p2b: Ursaluna|Facade|p1a: Toxapex\n|-damage|p1a: Toxapex|10/100\n|-damage|p2b: Ursaluna|51/100 brn|[from] item: Rocky Helmet|[of] p1a: Toxapex\n|move|p1b: Incineroar|U-turn|p2b: Ursaluna\n|-damage|p2b: Ursaluna|43/100 brn\n|\n|t:|1773921864\n|switch|p1b: Koraidon|Koraidon, L50|100/100|[from] U-turn\n|-weather|SunnyDay|[from] ability: Orichalcum Pulse|[of] p1b: Koraidon\n|-activate|p1b: Koraidon|Orichalcum Pulse|[source]\n|-enditem|p1b: Koraidon|Electric Seed\n|-boost|p1b: Koraidon|def|1|[from] item: Electric Seed\n|move|p1a: Toxapex|Infestation|p2a: Grimmsnarl\n|-damage|p2a: Grimmsnarl|63/100\n|-activate|p2a: Grimmsnarl|move: Infestation|[of] p1a: Toxapex\n|\n|-weather|SunnyDay|[upkeep]\n|-damage|p2b: Ursaluna|37/100 brn|[from] brn\n|-damage|p2a: Grimmsnarl|50/100|[from] move: Infestation|[partiallytrapped]\n|upkeep\n|turn|5\n|inactive|RIAMOO has 30 seconds left.\n|\n|t:|1773921890\n|move|p1b: Koraidon|Protect|p1b: Koraidon\n|-singleturn|p1b: Koraidon|Protect\n|move|p2b: Ursaluna|Protect|p2b: Ursaluna\n|-singleturn|p2b: Ursaluna|Protect\n|move|p1a: Toxapex|Baneful Bunker|p1a: Toxapex\n|-singleturn|p1a: Toxapex|move: Protect\n|move|p2a: Grimmsnarl|Thunder Wave|p1b: Koraidon\n|-activate|p1b: Koraidon|move: Protect\n|\n|-weather|SunnyDay|[upkeep]\n|-damage|p2b: Ursaluna|31/100 brn|[from] brn\n|-damage|p2a: Grimmsnarl|38/100|[from] move: Infestation|[partiallytrapped]\n|-fieldend|move: Electric Terrain\n|upkeep\n|turn|6\n|\n|t:|1773921901\n|move|p2a: Grimmsnarl|Thunder Wave|p1b: Koraidon\n|-status|p1b: Koraidon|par\n|cant|p1b: Koraidon|par\n|move|p2b: Ursaluna|Facade|p1a: Toxapex\n|-damage|p1a: Toxapex|0 fnt\n|-damage|p2b: Ursaluna|15/100 brn|[from] item: Rocky Helmet|[of] p1a: Toxapex\n|faint|p1a: Toxapex\n|\n|-weather|SunnyDay|[upkeep]\n|-damage|p2b: Ursaluna|9/100 brn|[from] brn\n|-end|p2a: Grimmsnarl|Infestation|[partiallytrapped]|[silent]\n|upkeep\n|\n|t:|1773921922\n|switch|p1a: Miraidon|Miraidon, L50|81/100\n|-fieldstart|move: Electric Terrain|[from] ability: Hadron Engine|[of] p1a: Miraidon\n|turn|7\n|\n|t:|1773921930\n|move|p2b: Ursaluna|Protect|p2b: Ursaluna\n|-singleturn|p2b: Ursaluna|Protect\n|move|p1a: Miraidon|Volt Switch|p2a: Grimmsnarl\n|-damage|p2a: Grimmsnarl|0 fnt\n|faint|p2a: Grimmsnarl\n|-damage|p1a: Miraidon|72/100|[from] item: Life Orb\n|\n|t:|1773921933\n|switch|p1a: Incineroar|Incineroar, L50, M|52/100|[from] Volt Switch\n|-ability|p1a: Incineroar|Intimidate|boost\n|-unboost|p2b: Ursaluna|atk|1\n|move|p1b: Koraidon|Body Press|p2b: Ursaluna\n|-activate|p2b: Ursaluna|move: Protect\n|\n|-weather|SunnyDay|[upkeep]\n|-damage|p2b: Ursaluna|3/100 brn|[from] brn\n|upkeep\n|\n|t:|1773921942\n|switch|p2a: Miraidon|Miraidon, L50, tera:Fairy|82/100\n|-activate|p2a: Miraidon|ability: Hadron Engine\n|turn|8\n|\n|t:|1773921961\n|move|p1a: Incineroar|Fake Out|p2a: Miraidon\n|-damage|p2a: Miraidon|76/100\n|cant|p2a: Miraidon|flinch\n|move|p1b: Koraidon|Flare Blitz|p2a: Miraidon\n|-damage|p2a: Miraidon|32/100\n|-damage|p1b: Koraidon|86/100 par|[from] Recoil\n|move|p2b: Ursaluna|Facade|p1a: Incineroar\n|-damage|p1a: Incineroar|0 fnt\n|faint|p1a: Incineroar\n|\n|-weather|none\n|-damage|p2b: Ursaluna|0 fnt|[from] brn\n|faint|p2b: Ursaluna\n|upkeep\n|\n|t:|1773921970\n|switch|p1a: Miraidon|Miraidon, L50|72/100\n|-activate|p1a: Miraidon|ability: Hadron Engine\n|turn|9\n|\n|t:|1773921977\n|move|p1a: Miraidon|Electro Drift|p2a: Miraidon\n|-damage|p2a: Miraidon|0 fnt\n|faint|p2a: Miraidon\n|-damage|p1a: Miraidon|62/100|[from] item: Life Orb\n|\n|win|swordsdanceurshifu\n|raw|swordsdanceurshifu's rating: 1328 &rarr; <strong>1349</strong><br />(+21 for winning)\n|raw|RIAMOO's rating: 1351 &rarr; <strong>1330</strong><br />(-21 for losing)\n|l|\u2606swordsdanceurshifu\n|player|p1|\n|j|\u2606swordsdanceurshifu\n|player|p1|swordsdanceurshifu|169|\n|l|\u2606RIAMOO\n|player|p2|\n|l|\u2606swordsdanceurshifu\n|player|p1|\n","uploadtime":1773922155,"views":13,"formatid":"gen9vgc2026regi","rating":1330,"private":0,"password":null}