{"id":"gen9vgc2026regi-2582373192","format":"[Gen 9] VGC 2026 Reg I","players":["Sunny_zong3","4sudo"],"log":"|j|\u2606Sunny_zong3\n|j|\u26064sudo\n|t:|1776087277\n|gametype|doubles\n|player|p1|Sunny_zong3|102|1381\n|player|p2|4sudo|elesa-masters|1415\n|gen|9\n|tier|[Gen 9] VGC 2026 Reg I\n|rated|\n|rule|Species Clause: Limit one of each Pok\u00e9mon\n|rule|Item Clause: Limit 1 of each item\n|clearpoke\n|poke|p1|Muk-Alola, L50, F|\n|poke|p1|Flamigo, L50, F|\n|poke|p1|Miraidon, L50|\n|poke|p1|Calyrex-Shadow, L50|\n|poke|p1|Indeedee, L50, M|\n|poke|p1|Smeargle, L50, F|\n|poke|p2|Miraidon, L50|\n|poke|p2|Lunala, L50|\n|poke|p2|Whimsicott, L50, M|\n|poke|p2|Urshifu-*, L50, F|\n|poke|p2|Incineroar, L50, M|\n|poke|p2|Ursaluna, L50, M|\n|teampreview|4\n|inactive|Battle timer is ON: inactive players will automatically lose when time's up. (requested by Sunny_zong3)\n4sudo has agreed to open team sheets.\nSunny_zong3 has agreed to open team sheets.\n|showteam|p1|Muk-Alola||Leftovers|PowerofAlchemy|Minimize,Protect,Rest,PoisonJab|||F|||50|,,,,,Water]Flamigo||WhiteHerb|Costar|BraveBird,CloseCombat,Roost,Substitute|||F|||50|,,,,,Flying]Miraidon||LifeOrb|HadronEngine|DazzlingGleam,Snarl,ElectroDrift,Protect||||||50|,,,,,Fairy]Calyrex-Shadow||RazorClaw|AsOneSpectrier|AstralBarrage,ExpandingForce,Encore,Disable||||||50|,,,,,Normal]Indeedee||ChoiceSpecs|PsychicSurge|ExpandingForce,HyperVoice,Trick,DazzlingGleam|||M|||50|,,,,,Fairy]Smeargle||FocusSash|Moody|Minimize,Spore,WideGuard,FollowMe|||F|||50|,,,,,Grass\n|showteam|p2|Miraidon||LifeOrb|HadronEngine|ElectroDrift,DracoMeteor,VoltSwitch,Protect||||||50|,,,,,Electric]Lunala||ElectricSeed|ShadowShield|MoongeistBeam,Moonblast,WideGuard,TrickRoom||||||50|,,,,,Fairy]Whimsicott||CovertCloak|Prankster|Moonblast,Encore,LightScreen,Tailwind|||M|||50|,,,,,Water]Urshifu-Rapid-Strike||ChoiceBand|UnseenFist|SurgingStrikes,CloseCombat,AquaJet,Uturn|||F|||50|,,,,,Ghost]Incineroar||AssaultVest|Intimidate|FlareBlitz,KnockOff,Uturn,FakeOut|||M|||50|,,,,,Bug]Ursaluna||FlameOrb|Guts|Facade,HeadlongRush,Earthquake,Protect|||M|||50|,,,,,Ghost\n|inactive|4sudo has 60 seconds left.\n|inactive|4sudo has 30 seconds left.\n|\n|t:|1776087345\n|teamsize|p1|4\n|teamsize|p2|4\n|start\n|switch|p1a: Smeargle|Smeargle, L50, F|100/100\n|switch|p1b: Calyrex|Calyrex-Shadow, L50|100/100\n|switch|p2a: Whimsicott|Whimsicott, L50, M|100/100\n|switch|p2b: Urshifu|Urshifu-Rapid-Strike, L50, F|100/100\n|-ability|p1b: Calyrex|As One\n|-ability|p1b: Calyrex|Unnerve\n|turn|1\n|inactive|Sunny_zong3 has 30 seconds left.\n|inactive|4sudo has 30 seconds left.\n|\n|t:|1776087379\n|move|p2a: Whimsicott|Light Screen|p2a: Whimsicott\n|-sidestart|p2: 4sudo|move: Light Screen\n|move|p1b: Calyrex|Expanding Force|p2b: Urshifu\n|-supereffective|p2b: Urshifu\n|-crit|p2b: Urshifu\n|-damage|p2b: Urshifu|0 fnt\n|faint|p2b: Urshifu\n|-ability|p1b: Calyrex|Grim Neigh|boost\n|-boost|p1b: Calyrex|spa|1\n|move|p1a: Smeargle|Spore|p2a: Whimsicott\n|-immune|p2a: Whimsicott\n|\n|-ability|p1a: Smeargle|Moody|boost\n|-boost|p1a: Smeargle|atk|2\n|-unboost|p1a: Smeargle|spe|1\n|upkeep\n|\n|t:|1776087397\n|switch|p2b: Miraidon|Miraidon, L50|100/100\n|-fieldstart|move: Electric Terrain|[from] ability: Hadron Engine|[of] p2b: Miraidon\n|turn|2\n|inactive|Sunny_zong3 has 30 seconds left.\n|\n|t:|1776087430\n|move|p2a: Whimsicott|Tailwind|p2a: Whimsicott\n|-sidestart|p2: 4sudo|move: Tailwind\n|move|p2b: Miraidon|Electro Drift|p1b: Calyrex\n|-damage|p1b: Calyrex|0 fnt\n|faint|p1b: Calyrex\n|-damage|p2b: Miraidon|91/100|[from] item: Life Orb\n|move|p1a: Smeargle|Minimize|p1a: Smeargle\n|-boost|p1a: Smeargle|evasion|2\n|\n|-ability|p1a: Smeargle|Moody|boost\n|-boost|p1a: Smeargle|spd|2\n|-unboost|p1a: Smeargle|spa|1\n|upkeep\n|\n|t:|1776087438\n|switch|p1b: Muk|Muk-Alola, L50, F|100/100\n|turn|3\n|inactive|4sudo has 30 seconds left.\n|inactive|4sudo has 20 seconds left.\n|inactive|4sudo has 15 seconds left.\n|\n|t:|1776087480\n|move|p1a: Smeargle|Follow Me|p1a: Smeargle\n|-singleturn|p1a: Smeargle|move: Follow Me\n|move|p2b: Miraidon|Electro Drift|p1a: Smeargle|[miss]\n|-miss|p2b: Miraidon|p1a: Smeargle\n|move|p2a: Whimsicott|Moonblast|p1a: Smeargle\n|-damage|p1a: Smeargle|67/100\n|move|p1b: Muk|Minimize|p1b: Muk\n|-boost|p1b: Muk|evasion|2\n|\n|-ability|p1a: Smeargle|Moody|boost\n|-boost|p1a: Smeargle|spd|2\n|-unboost|p1a: Smeargle|spe|1\n|upkeep\n|turn|4\n|\n|t:|1776087503\n|switch|p2a: Lunala|Lunala, L50|100/100\n|-enditem|p2a: Lunala|Electric Seed\n|-boost|p2a: Lunala|def|1|[from] item: Electric Seed\n|move|p1b: Muk|Protect|p1b: Muk\n|-singleturn|p1b: Muk|Protect\n|move|p2b: Miraidon|Electro Drift|p1a: Smeargle\n|-damage|p1a: Smeargle|0 fnt\n|faint|p1a: Smeargle\n|-ability|p1b: Muk|Moody|Power of Alchemy|[from] ability: Power of Alchemy|[of] p1a: Smeargle\n|-damage|p2b: Miraidon|82/100|[from] item: Life Orb\n|\n|-ability|p1b: Muk|Moody|boost\n|-boost|p1b: Muk|spa|2\n|-unboost|p1b: Muk|spe|1\n|upkeep\n|\n|t:|1776087511\n|switch|p1a: Flamigo|Flamigo, L50, F|100/100\n|-copyboost|p1a: Flamigo|p1b: Muk|[from] ability: Costar\n|-enditem|p1a: Flamigo|White Herb\n|-clearnegativeboost|p1a: Flamigo|[silent]\n|turn|5\n|\n|t:|1776087531\n|move|p2b: Miraidon|Electro Drift|p1a: Flamigo|[miss]\n|-miss|p2b: Miraidon|p1a: Flamigo\n|move|p2a: Lunala|Moonblast|p1a: Flamigo|[miss]\n|-miss|p2a: Lunala|p1a: Flamigo\n|move|p1a: Flamigo|Substitute|p1a: Flamigo\n|-start|p1a: Flamigo|Substitute\n|-damage|p1a: Flamigo|76/100\n|move|p1b: Muk|Minimize|p1b: Muk\n|-boost|p1b: Muk|evasion|2\n|\n|-sideend|p2: 4sudo|move: Light Screen\n|-sideend|p2: 4sudo|move: Tailwind\n|-ability|p1b: Muk|Moody|boost\n|-boost|p1b: Muk|atk|2\n|-unboost|p1b: Muk|spe|1\n|upkeep\n|turn|6\n|inactive|4sudo has 30 seconds left.\n|\n|t:|1776087564\n|switch|p2a: Whimsicott|Whimsicott, L50, M|100/100\n|move|p2b: Miraidon|Electro Drift|p1a: Flamigo\n|-supereffective|p1a: Flamigo\n|-end|p1a: Flamigo|Substitute\n|-damage|p2b: Miraidon|72/100|[from] item: Life Orb\n|move|p1a: Flamigo|Close Combat|p2b: Miraidon\n|-damage|p2b: Miraidon|18/100\n|-unboost|p1a: Flamigo|def|1\n|-unboost|p1a: Flamigo|spd|1\n|move|p1b: Muk|Poison Jab|p2b: Miraidon\n|-damage|p2b: Miraidon|0 fnt\n|faint|p2b: Miraidon\n|\n|-fieldend|move: Electric Terrain\n|-ability|p1b: Muk|Moody|boost\n|-boost|p1b: Muk|spa|2\n|-unboost|p1b: Muk|def|1\n|upkeep\n|\n|t:|1776087578\n|switch|p2b: Lunala|Lunala, L50|100/100\n|turn|7\n|\n|t:|1776087596\n|-terastallize|p2a: Whimsicott|Water\n|move|p2a: Whimsicott|Tailwind|p2a: Whimsicott\n|-sidestart|p2: 4sudo|move: Tailwind\n|move|p2b: Lunala|Moonblast|p1a: Flamigo\n|-supereffective|p1a: Flamigo\n|-damage|p1a: Flamigo|0 fnt\n|faint|p1a: Flamigo\n|move|p1b: Muk|Poison Jab|p2a: Whimsicott\n|-damage|p2a: Whimsicott|35/100\n|\n|-ability|p1b: Muk|Moody|boost\n|-boost|p1b: Muk|spd|2\n|-unboost|p1b: Muk|atk|1\n|upkeep\n|turn|8\n|inactive|4sudo has 30 seconds left.\n|inactive|4sudo has 20 seconds left.\n|\n|t:|1776087635\n|move|p1b: Muk|Protect|p1b: Muk\n|-singleturn|p1b: Muk|Protect\n|move|p2a: Whimsicott|Moonblast|p1b: Muk\n|-activate|p1b: Muk|move: Protect\n|move|p2b: Lunala|Moonblast|p1b: Muk\n|-activate|p1b: Muk|move: Protect\n|\n|-ability|p1b: Muk|Moody|boost\n|-boost|p1b: Muk|spa|2\n|-unboost|p1b: Muk|def|1\n|upkeep\n|turn|9\n|\n|t:|1776087654\n|move|p2a: Whimsicott|Moonblast|p1b: Muk|[miss]\n|-miss|p2a: Whimsicott|p1b: Muk\n|move|p2b: Lunala|Moonblast|p1b: Muk|[miss]\n|-miss|p2b: Lunala|p1b: Muk\n|move|p1b: Muk|Poison Jab|p2a: Whimsicott\n|-damage|p2a: Whimsicott|0 fnt\n|faint|p2a: Whimsicott\n|\n|-ability|p1b: Muk|Moody|boost\n|-boost|p1b: Muk|atk|2\n|-unboost|p1b: Muk|def|1\n|upkeep\n|turn|10\n|\n|t:|1776087662\n|move|p2b: Lunala|Moonblast|p1b: Muk|[miss]\n|-miss|p2b: Lunala|p1b: Muk\n|move|p1b: Muk|Poison Jab|p2b: Lunala\n|-resisted|p2b: Lunala\n|-damage|p2b: Lunala|85/100\n|\n|-sideend|p2: 4sudo|move: Tailwind\n|-ability|p1b: Muk|Moody|boost\n|-boost|p1b: Muk|spe|2\n|-unboost|p1b: Muk|def|1\n|upkeep\n|turn|11\n|\n|t:|1776087668\n|move|p2b: Lunala|Moonblast|p1b: Muk|[miss]\n|-miss|p2b: Lunala|p1b: Muk\n|move|p1b: Muk|Minimize|p1b: Muk\n|-boost|p1b: Muk|evasion|2\n|\n|-ability|p1b: Muk|Moody|boost\n|-boost|p1b: Muk|atk|2\n|-unboost|p1b: Muk|spe|1\n|upkeep\n|turn|12\n|\n|t:|1776087673\n|move|p2b: Lunala|Moonblast|p1b: Muk|[miss]\n|-miss|p2b: Lunala|p1b: Muk\n|move|p1b: Muk|Poison Jab|p2b: Lunala\n|-resisted|p2b: Lunala\n|-damage|p2b: Lunala|49/100\n|\n|-ability|p1b: Muk|Moody|boost\n|-boost|p1b: Muk|spd|2\n|-unboost|p1b: Muk|spe|1\n|upkeep\n|turn|13\n|\n|t:|1776087677\n|move|p2b: Lunala|Moonblast|p1b: Muk|[miss]\n|-miss|p2b: Lunala|p1b: Muk\n|move|p1b: Muk|Poison Jab|p2b: Lunala\n|-resisted|p2b: Lunala\n|-damage|p2b: Lunala|8/100\n|\n|-ability|p1b: Muk|Moody|boost\n|-boost|p1b: Muk|spd|2\n|-unboost|p1b: Muk|def|1\n|upkeep\n|turn|14\n|\n|t:|1776087681\n|move|p2b: Lunala|Moonblast|p1b: Muk|[miss]\n|-miss|p2b: Lunala|p1b: Muk\n|move|p1b: Muk|Poison Jab|p2b: Lunala\n|-resisted|p2b: Lunala\n|-damage|p2b: Lunala|0 fnt\n|faint|p2b: Lunala\n|\n|win|Sunny_zong3\n|raw|Sunny_zong3's rating: 1381 &rarr; <strong>1403</strong><br />(+22 for winning)\n|raw|4sudo's rating: 1415 &rarr; <strong>1393</strong><br />(-22 for losing)\n|l|\u2606Sunny_zong3\n|player|p1|\n|l|\u26064sudo\n|player|p2|\n","uploadtime":1776087928,"views":9,"formatid":"gen9vgc2026regi","rating":1393,"private":0,"password":null}