{"id":"gen9vgc2026regi-2563178563","format":"[Gen 9] VGC 2026 Reg I","players":["ricepresident666","I\u2764\ufe0f\u5a1c\u7984forever"],"log":"|j|\u2606ricepresident666\n|j|\u2606I\u2764\ufe0f\u5a1c\u7984forever\n|t:|1773999105\n|gametype|doubles\n|player|p1|ricepresident666|giovanni|1373\n|player|p2|I\u2764\ufe0f\u5a1c\u7984forever|youngcouple-gen4dp|1377\n|gen|9\n|tier|[Gen 9] VGC 2026 Reg I\n|rated|\n|rule|Species Clause: Limit one of each Pok\u00e9mon\n|rule|Item Clause: Limit 1 of each item\n|clearpoke\n|poke|p1|Brute Bonnet, L50|\n|poke|p1|Lunala, L50|\n|poke|p1|Ursaluna, L50, M|\n|poke|p1|Chi-Yu, L50|\n|poke|p1|Koraidon, L50|\n|poke|p1|Flutter Mane, L50|\n|poke|p2|Groudon, L50|\n|poke|p2|Kyurem-White, L50|\n|poke|p2|Heatran, L50, F|\n|poke|p2|Whimsicott, L50, M|\n|poke|p2|Roaring Moon, L50|\n|poke|p2|Ditto, L50|\n|teampreview|4\n|inactive|Battle timer is ON: inactive players will automatically lose when time's up. (requested by ricepresident666)\n|\n|t:|1773999128\n|teamsize|p1|4\n|teamsize|p2|4\n|start\n|switch|p1a: Lunala|Lunala, L50|100/100\n|switch|p1b: Brute Bonnet|Brute Bonnet, L50|100/100\n|switch|p2a: Kyurem|Kyurem-White, L50|100/100\n|switch|p2b: Heatran|Heatran, L50, F|100/100\n|-ability|p2a: Kyurem|Turboblaze\n|turn|1\n|\n|t:|1773999145\n|move|p1a: Lunala|Meteor Beam||[still]\n|-prepare|p1a: Lunala|Meteor Beam\n|-boost|p1a: Lunala|spa|1\n|-enditem|p1a: Lunala|Power Herb\n|-anim|p1a: Lunala|Meteor Beam|p2a: Kyurem\n|-supereffective|p2a: Kyurem\n|-damage|p2a: Kyurem|0 fnt\n|faint|p2a: Kyurem\n|move|p2b: Heatran|Substitute|p2b: Heatran\n|-start|p2b: Heatran|Substitute\n|-damage|p2b: Heatran|76/100\n|move|p1b: Brute Bonnet|Spore||[still]\n|-fail|p1b: Brute Bonnet\n|\n|-heal|p2b: Heatran|82/100|[from] item: Leftovers\n|upkeep\n|\n|t:|1773999161\n|switch|p2a: Roaring Moon|Roaring Moon, L50|100/100\n|turn|2\n|inactive|ricepresident666 has 30 seconds left.\n|inactive|ricepresident666 has 20 seconds left.\n|\n|t:|1773999196\n|-terastallize|p1a: Lunala|Water\n|move|p1b: Brute Bonnet|Rage Powder|p1b: Brute Bonnet\n|-singleturn|p1b: Brute Bonnet|move: Rage Powder\n|move|p2a: Roaring Moon|Knock Off|p1b: Brute Bonnet\n|-resisted|p1b: Brute Bonnet\n|-damage|p1b: Brute Bonnet|86/100\n|-enditem|p1b: Brute Bonnet|Sitrus Berry|[from] move: Knock Off|[of] p2a: Roaring Moon\n|move|p1a: Lunala|Moongeist Beam|p2b: Heatran\n|-end|p2b: Heatran|Substitute\n|move|p2b: Heatran|Heat Wave|p1b: Brute Bonnet|[spread] p1a,p1b\n|-resisted|p1a: Lunala\n|-crit|p1a: Lunala\n|-supereffective|p1b: Brute Bonnet\n|-damage|p1a: Lunala|92/100\n|-damage|p1b: Brute Bonnet|21/100\n|-status|p1a: Lunala|brn\n|\n|-heal|p2b: Heatran|88/100|[from] item: Leftovers\n|-damage|p1a: Lunala|87/100 brn|[from] brn\n|upkeep\n|turn|3\n|\n|t:|1773999217\n|move|p1b: Brute Bonnet|Rage Powder|p1b: Brute Bonnet\n|-singleturn|p1b: Brute Bonnet|move: Rage Powder\n|move|p2a: Roaring Moon|Knock Off|p1b: Brute Bonnet\n|-resisted|p1b: Brute Bonnet\n|-damage|p1b: Brute Bonnet|10/100\n|move|p1a: Lunala|Moongeist Beam|p2b: Heatran\n|-damage|p2b: Heatran|17/100\n|move|p2b: Heatran|Substitute|p2b: Heatran\n|-fail|p2b: Heatran|move: Substitute|[weak]\n|\n|-heal|p2b: Heatran|23/100|[from] item: Leftovers\n|-damage|p1a: Lunala|81/100 brn|[from] brn\n|upkeep\n|turn|4\n|\n|t:|1773999237\n|-end|p2a: Roaring Moon|Protosynthesis|[silent]\n|switch|p2a: Groudon|Groudon, L50|100/100\n|-weather|SunnyDay|[from] ability: Drought|[of] p2a: Groudon\n|-activate|p1b: Brute Bonnet|ability: Protosynthesis\n|-start|p1b: Brute Bonnet|protosynthesisdef\n|move|p2b: Heatran|Protect|p2b: Heatran\n|-singleturn|p2b: Heatran|Protect\n|move|p1b: Brute Bonnet|Spore|p2a: Groudon\n|-status|p2a: Groudon|slp|[from] move: Spore\n|move|p1a: Lunala|Trick Room|p1a: Lunala\n|-fieldstart|move: Trick Room|[of] p1a: Lunala\n|\n|-weather|SunnyDay|[upkeep]\n|-heal|p2b: Heatran|29/100|[from] item: Leftovers\n|-damage|p1a: Lunala|75/100 brn|[from] brn\n|upkeep\n|turn|5\n|\n|t:|1773999254\n|move|p1b: Brute Bonnet|Spore|p2b: Heatran\n|-status|p2b: Heatran|slp|[from] move: Spore\n|cant|p2b: Heatran|slp\n|cant|p2a: Groudon|slp\n|move|p1a: Lunala|Moongeist Beam|p2a: Groudon\n|-damage|p2a: Groudon|47/100 slp\n|\n|-weather|SunnyDay|[upkeep]\n|-heal|p2b: Heatran|35/100 slp|[from] item: Leftovers\n|-damage|p1a: Lunala|69/100 brn|[from] brn\n|upkeep\n|turn|6\n|\n|t:|1773999266\n|move|p1b: Brute Bonnet|Seed Bomb|p2a: Groudon\n|-supereffective|p2a: Groudon\n|-damage|p2a: Groudon|6/100 slp\n|cant|p2b: Heatran|slp\n|-curestatus|p2a: Groudon|slp|[msg]\n|move|p2a: Groudon|Precipice Blades|p1a: Lunala|[spread] p1a,p1b\n|-resisted|p1b: Brute Bonnet\n|-damage|p1a: Lunala|23/100 brn\n|-damage|p1b: Brute Bonnet|0 fnt\n|faint|p1b: Brute Bonnet\n|-end|p1b: Brute Bonnet|Protosynthesis|[silent]\n|move|p1a: Lunala|Moongeist Beam|p2b: Heatran\n|-damage|p2b: Heatran|0 fnt\n|faint|p2b: Heatran\n|\n|-weather|SunnyDay|[upkeep]\n|-damage|p1a: Lunala|17/100 brn|[from] brn\n|upkeep\n|\n|t:|1773999281\n|switch|p1b: Koraidon|Koraidon, L50|100/100\n|switch|p2b: Roaring Moon|Roaring Moon, L50|100/100\n|-activate|p1b: Koraidon|ability: Orichalcum Pulse\n|-activate|p2b: Roaring Moon|ability: Protosynthesis\n|-start|p2b: Roaring Moon|protosynthesisatk\n|turn|7\n|inactive|I\u2764\ufe0f\u5a1c\u7984forever has 30 seconds left.\n|\n|t:|1773999314\n|move|p2a: Groudon|Precipice Blades|p1a: Lunala|[spread] p1a,p1b\n|-damage|p1a: Lunala|0 fnt\n|-damage|p1b: Koraidon|49/100\n|faint|p1a: Lunala\n|move|p1b: Koraidon|Close Combat|p2b: Roaring Moon\n|-supereffective|p2b: Roaring Moon\n|-damage|p2b: Roaring Moon|0 fnt\n|-unboost|p1b: Koraidon|def|1\n|-unboost|p1b: Koraidon|spd|1\n|faint|p2b: Roaring Moon\n|-end|p2b: Roaring Moon|Protosynthesis|[silent]\n|-damage|p1b: Koraidon|39/100|[from] item: Life Orb\n|\n|-weather|SunnyDay|[upkeep]\n|upkeep\n|\n|t:|1773999317\n|switch|p1a: Ursaluna|Ursaluna, L50, M|100/100\n|turn|8\n|\n|t:|1773999325\n|move|p1a: Ursaluna|Facade|p2a: Groudon\n|-damage|p2a: Groudon|0 fnt\n|faint|p2a: Groudon\n|\n|win|ricepresident666\n|raw|ricepresident666's rating: 1373 &rarr; <strong>1393</strong><br />(+20 for winning)\n|raw|I\u2764\ufe0f\u5a1c\u7984forever's rating: 1377 &rarr; <strong>1357</strong><br />(-20 for losing)\n|l|\u2606I\u2764\ufe0f\u5a1c\u7984forever\n|player|p2|\n|l|\u2606ricepresident666\n|player|p1|\n","uploadtime":1773999510,"views":10,"formatid":"gen9vgc2026regi","rating":1357,"private":0,"password":null}