{"id":"gen9vgc2026regi-2555863408","format":"[Gen 9] VGC 2026 Reg I","players":["lalo's pollos","fogdocker"],"log":"|j|\u2606lalo's pollos\n|j|\u2606fogdocker\n|t:|1773146381\n|gametype|doubles\n|player|p1|lalo's pollos|2|1541\n|player|p2|fogdocker|169|1523\n|gen|9\n|tier|[Gen 9] VGC 2026 Reg I\n|rated|\n|rule|Species Clause: Limit one of each Pok\u00e9mon\n|rule|Item Clause: Limit 1 of each item\n|clearpoke\n|poke|p1|Miraidon, L50|\n|poke|p1|Landorus, L50, M|\n|poke|p1|Incineroar, L50, F|\n|poke|p1|Iron Bundle, L50|\n|poke|p1|Farigiraf, L50, F|\n|poke|p1|Calyrex-Ice, L50|\n|poke|p2|Calyrex-Ice, L50|\n|poke|p2|Koraidon, L50|\n|poke|p2|Flutter Mane, L50|\n|poke|p2|Incineroar, L50, M|\n|poke|p2|Rillaboom, L50, M|\n|poke|p2|Annihilape, L50, M|\n|teampreview|4\n|\n|t:|1773146407\n|teamsize|p1|4\n|teamsize|p2|4\n|start\n|switch|p1a: Calyrex|Calyrex-Ice, L50|100/100\n|switch|p1b: Co-Star|Miraidon, L50|100/100\n|switch|p2a: Koraidon|Koraidon, L50|100/100\n|switch|p2b: Incineroar|Incineroar, L50, M|100/100\n|-ability|p1a: Calyrex|As One\n|-ability|p1a: Calyrex|Unnerve\n|-weather|SunnyDay|[from] ability: Orichalcum Pulse|[of] p2a: Koraidon\n|-activate|p2a: Koraidon|Orichalcum Pulse|[source]\n|-fieldstart|move: Electric Terrain|[from] ability: Hadron Engine|[of] p1b: Co-Star\n|-ability|p2b: Incineroar|Intimidate|boost\n|-fail|p1a: Calyrex|unboost|[from] item: Clear Amulet|[of] p1a: Calyrex\n|-unboost|p1b: Co-Star|atk|1\n|turn|1\n|\n|t:|1773146444\n|switch|p1a: the Manager|Farigiraf, L50, F|100/100\n|-terastallize|p2a: Koraidon|Fire\n|move|p1b: Co-Star|Draco Meteor|p2a: Koraidon\n|-damage|p2a: Koraidon|0 fnt\n|-unboost|p1b: Co-Star|spa|2\n|faint|p2a: Koraidon\n|move|p2b: Incineroar|Knock Off|p1a: the Manager\n|-supereffective|p1a: the Manager\n|-damage|p1a: the Manager|21/100\n|-enditem|p1a: the Manager|Mental Herb|[from] move: Knock Off|[of] p2b: Incineroar\n|\n|-weather|SunnyDay|[upkeep]\n|upkeep\n|\n|t:|1773146453\n|switch|p2a: Calyrex|Calyrex-Ice, L50|100/100\n|-ability|p2a: Calyrex|As One\n|-ability|p2a: Calyrex|Unnerve\n|turn|2\n|\n|t:|1773146469\n|switch|p1b: Incineroar|Incineroar, L50, F|100/100\n|-ability|p1b: Incineroar|Intimidate|boost\n|-unboost|p2a: Calyrex|atk|1\n|-unboost|p2b: Incineroar|atk|1\n|move|p1a: the Manager|Foul Play|p2a: Calyrex\n|-supereffective|p2a: Calyrex\n|-crit|p2a: Calyrex\n|-damage|p2a: Calyrex|42/100\n|move|p2b: Incineroar|Flare Blitz|p1b: Incineroar\n|-resisted|p1b: Incineroar\n|-damage|p1b: Incineroar|84/100\n|-damage|p2b: Incineroar|95/100|[from] Recoil\n|move|p2a: Calyrex|Glacial Lance|p1b: Incineroar|[spread] p1a,p1b\n|-resisted|p1b: Incineroar\n|-damage|p1a: the Manager|0 fnt\n|-damage|p1b: Incineroar|72/100\n|faint|p1a: the Manager\n|-ability|p2a: Calyrex|Chilling Neigh|boost\n|-boost|p2a: Calyrex|atk|1\n|\n|-weather|SunnyDay|[upkeep]\n|-heal|p2a: Calyrex|47/100|[from] item: Leftovers\n|upkeep\n|\n|t:|1773146482\n|switch|p1a: Co-Star|Miraidon, L50|100/100\n|-activate|p1a: Co-Star|ability: Hadron Engine\n|turn|3\n|\n|t:|1773146488\n|switch|p2b: Rillaboom|Rillaboom, L50, M|100/100\n|-fieldstart|move: Grassy Terrain|[from] ability: Grassy Surge|[of] p2b: Rillaboom\n|move|p2a: Calyrex|Protect|p2a: Calyrex\n|-singleturn|p2a: Calyrex|Protect\n|move|p1b: Incineroar|Fake Out|p2b: Rillaboom\n|-damage|p2b: Rillaboom|90/100\n|move|p1a: Co-Star|Electro Drift|p2a: Calyrex\n|-activate|p2a: Calyrex|move: Protect\n|\n|-weather|SunnyDay|[upkeep]\n|-heal|p2b: Rillaboom|96/100|[from] Grassy Terrain\n|-heal|p1b: Incineroar|78/100|[from] Grassy Terrain\n|-heal|p2a: Calyrex|53/100|[from] Grassy Terrain\n|-heal|p2a: Calyrex|59/100|[from] item: Leftovers\n|upkeep\n|turn|4\n|\n|t:|1773146502\n|switch|p1a: Calyrex|Calyrex-Ice, L50|100/100\n|-ability|p1a: Calyrex|As One\n|-ability|p1a: Calyrex|Unnerve\n|move|p2b: Rillaboom|Fake Out|p1b: Incineroar\n|-damage|p1b: Incineroar|70/100\n|cant|p1b: Incineroar|flinch\n|move|p2a: Calyrex|Leech Seed|p1b: Incineroar\n|-start|p1b: Incineroar|move: Leech Seed\n|\n|-weather|SunnyDay|[upkeep]\n|-heal|p2b: Rillaboom|100/100|[from] Grassy Terrain\n|-heal|p1b: Incineroar|76/100|[from] Grassy Terrain\n|-heal|p2a: Calyrex|65/100|[from] Grassy Terrain\n|-heal|p2a: Calyrex|71/100|[from] item: Leftovers\n|-damage|p1b: Incineroar|63/100|[from] Leech Seed|[of] p2a: Calyrex\n|-heal|p2a: Calyrex|83/100|[silent]\n|upkeep\n|turn|5\n|\n|t:|1773146524\n|move|p2b: Rillaboom|U-turn|p1b: Incineroar\n|-damage|p1b: Incineroar|49/100\n|\n|t:|1773146526\n|switch|p2b: Incineroar|Incineroar, L50, M|95/100|[from] U-turn\n|-ability|p2b: Incineroar|Intimidate|boost\n|-fail|p1a: Calyrex|unboost|[from] item: Clear Amulet|[of] p1a: Calyrex\n|-unboost|p1b: Incineroar|atk|1\n|move|p1b: Incineroar|U-turn|p2b: Incineroar\n|-damage|p2b: Incineroar|84/100\n|\n|t:|1773146533\n|switch|p1b: Co-Star|Miraidon, L50|100/100|[from] U-turn\n|-fieldstart|move: Electric Terrain|[from] ability: Hadron Engine|[of] p1b: Co-Star\n|move|p1a: Calyrex|Glacial Lance|p2a: Calyrex|[spread] p2a,p2b\n|-resisted|p2a: Calyrex\n|-resisted|p2b: Incineroar\n|-damage|p2a: Calyrex|69/100\n|-damage|p2b: Incineroar|63/100\n|move|p2a: Calyrex|Leech Seed|p1a: Calyrex\n|-start|p1a: Calyrex|move: Leech Seed\n|\n|-weather|none\n|-heal|p2a: Calyrex|74/100|[from] item: Leftovers\n|-damage|p1a: Calyrex|88/100|[from] Leech Seed|[of] p2a: Calyrex\n|-heal|p2a: Calyrex|86/100|[silent]\n|upkeep\n|turn|6\n|\n|t:|1773146561\n|switch|p1b: Incineroar|Incineroar, L50, F|49/100\n|-ability|p1b: Incineroar|Intimidate|boost\n|-unboost|p2a: Calyrex|atk|1\n|-unboost|p2b: Incineroar|atk|1\n|move|p2b: Incineroar|Fake Out|p1b: Incineroar\n|-damage|p1b: Incineroar|43/100\n|move|p2a: Calyrex|Glacial Lance|p1b: Incineroar|[spread] p1a,p1b\n|-resisted|p1a: Calyrex\n|-resisted|p1b: Incineroar\n|-damage|p1a: Calyrex|79/100\n|-damage|p1b: Incineroar|32/100\n|move|p1a: Calyrex|High Horsepower|p2b: Incineroar\n|-supereffective|p2b: Incineroar\n|-damage|p2b: Incineroar|0 fnt\n|faint|p2b: Incineroar\n|-ability|p1a: Calyrex|Chilling Neigh|boost\n|-boost|p1a: Calyrex|atk|1\n|\n|-heal|p2a: Calyrex|92/100|[from] item: Leftovers\n|-damage|p1a: Calyrex|66/100|[from] Leech Seed|[of] p2a: Calyrex\n|-heal|p2a: Calyrex|100/100|[silent]\n|upkeep\n|\n|t:|1773146565\n|switch|p2b: Rillaboom|Rillaboom, L50, M|100/100\n|-fieldstart|move: Grassy Terrain|[from] ability: Grassy Surge|[of] p2b: Rillaboom\n|turn|7\n|\n|t:|1773146580\n|move|p2b: Rillaboom|Fake Out|p1a: Calyrex\n|-damage|p1a: Calyrex|57/100\n|move|p1b: Incineroar|Knock Off|p2a: Calyrex\n|-supereffective|p2a: Calyrex\n|-damage|p2a: Calyrex|59/100\n|-enditem|p2a: Calyrex|Leftovers|[from] move: Knock Off|[of] p1b: Incineroar\n|cant|p1a: Calyrex|flinch\n|move|p2a: Calyrex|Glacial Lance|p1a: Calyrex|[spread] p1a,p1b\n|-resisted|p1a: Calyrex\n|-resisted|p1b: Incineroar\n|-damage|p1a: Calyrex|48/100\n|-damage|p1b: Incineroar|21/100\n|\n|-heal|p1b: Incineroar|27/100|[from] Grassy Terrain\n|-heal|p2a: Calyrex|65/100|[from] Grassy Terrain\n|-heal|p1a: Calyrex|54/100|[from] Grassy Terrain\n|-damage|p1a: Calyrex|41/100|[from] Leech Seed|[of] p2a: Calyrex\n|-heal|p2a: Calyrex|77/100|[silent]\n|upkeep\n|turn|8\n|\n|t:|1773146607\n|move|p2b: Rillaboom|Wood Hammer|p1a: Calyrex\n|-damage|p1a: Calyrex|0 fnt\n|faint|p1a: Calyrex\n|-damage|p2b: Rillaboom|87/100|[from] Recoil\n|move|p1b: Incineroar|Flare Blitz|p2a: Calyrex\n|-supereffective|p2a: Calyrex\n|-damage|p2a: Calyrex|27/100\n|-status|p2a: Calyrex|brn\n|-damage|p1b: Incineroar|10/100|[from] Recoil\n|move|p2a: Calyrex|Trick Room|p2a: Calyrex\n|-fieldstart|move: Trick Room|[of] p2a: Calyrex\n|\n|-heal|p2a: Calyrex|32/100 brn|[from] Grassy Terrain\n|-heal|p1b: Incineroar|16/100|[from] Grassy Terrain\n|-heal|p2b: Rillaboom|93/100|[from] Grassy Terrain\n|-damage|p2a: Calyrex|27/100 brn|[from] brn\n|upkeep\n|\n|t:|1773146615\n|switch|p1a: Co-Star|Miraidon, L50|100/100\n|-fieldstart|move: Electric Terrain|[from] ability: Hadron Engine|[of] p1a: Co-Star\n|turn|9\n|\n|t:|1773146626\n|-terastallize|p1a: Co-Star|Fairy\n|move|p2a: Calyrex|Glacial Lance|p1b: Incineroar|[spread] p1a,p1b\n|-resisted|p1b: Incineroar\n|-damage|p1a: Co-Star|84/100\n|-damage|p1b: Incineroar|10/100\n|move|p1b: Incineroar|Flare Blitz|p2b: Rillaboom\n|-supereffective|p2b: Rillaboom\n|-damage|p2b: Rillaboom|11/100\n|-status|p2b: Rillaboom|brn\n|-damage|p1b: Incineroar|0 fnt|[from] Recoil\n|faint|p1b: Incineroar\n|move|p2b: Rillaboom|Wood Hammer|p1a: Co-Star\n|-damage|p1a: Co-Star|57/100\n|-damage|p2b: Rillaboom|3/100 brn|[from] Recoil\n|move|p1a: Co-Star|Dazzling Gleam|p2b: Rillaboom|[spread] p2a,p2b\n|-damage|p2a: Calyrex|0 fnt\n|-damage|p2b: Rillaboom|0 fnt\n|faint|p2a: Calyrex\n|faint|p2b: Rillaboom\n|\n|win|lalo's pollos\n|raw|lalo&apos;s pollos's rating: 1541 &rarr; <strong>1560</strong><br />(+19 for winning)\n|raw|fogdocker's rating: 1523 &rarr; <strong>1504</strong><br />(-19 for losing)\n|l|\u2606fogdocker\n|player|p2|\n","uploadtime":1773146875,"views":26,"formatid":"gen9vgc2026regi","rating":1504,"private":0,"password":null}