{"id":"gen9vgc2026regi-2542100681","format":"[Gen 9] VGC 2026 Reg I","players":["avarussurava","j0l0k0"],"log":"|j|\u2606avarussurava\n|j|\u2606j0l0k0\n|t:|1771414357\n|gametype|doubles\n|player|p1|avarussurava|170|1438\n|player|p2|j0l0k0|brycen|1388\n|gen|9\n|tier|[Gen 9] VGC 2026 Reg I\n|rated|\n|rule|Species Clause: Limit one of each Pok\u00e9mon\n|rule|Item Clause: Limit 1 of each item\n|clearpoke\n|poke|p1|Tyranitar, L50, F|\n|poke|p1|Kyogre, L50|\n|poke|p1|Zamazenta-*, L50|\n|poke|p1|Gastrodon, L50, F|\n|poke|p1|Sinistcha, L50|\n|poke|p1|Ceruledge, L50, M|\n|poke|p2|Calyrex-Ice, L50|\n|poke|p2|Kyogre, L50|\n|poke|p2|Indeedee-F, L50, F|\n|poke|p2|Urshifu-*, L50, F|\n|poke|p2|Amoonguss, L50, F|\n|poke|p2|Landorus, L50, M|\n|teampreview|4\n|inactive|Battle timer is ON: inactive players will automatically lose when time's up. (requested by j0l0k0)\n|\n|t:|1771414383\n|teamsize|p1|4\n|teamsize|p2|4\n|start\n|switch|p1a: Zamazenta|Zamazenta-Crowned, L50|100/100\n|switch|p1b: Tyranitar|Tyranitar, L50, F|100/100\n|switch|p2a: Indeedee|Indeedee-F, L50, F, shiny|100/100\n|switch|p2b: Calyrex|Calyrex-Ice, L50|100/100\n|-ability|p2b: Calyrex|As One\n|-ability|p2b: Calyrex|Unnerve\n|-ability|p1a: Zamazenta|Dauntless Shield|boost\n|-boost|p1a: Zamazenta|def|1\n|-fieldstart|move: Psychic Terrain|[from] ability: Psychic Surge|[of] p2a: Indeedee\n|-weather|Sandstorm|[from] ability: Sand Stream|[of] p1b: Tyranitar\n|turn|1\n|\n|t:|1771414402\n|move|p2a: Indeedee|Follow Me|p2a: Indeedee\n|-singleturn|p2a: Indeedee|move: Follow Me\n|move|p1a: Zamazenta|Iron Defense|p1a: Zamazenta\n|-boost|p1a: Zamazenta|def|2\n|move|p1b: Tyranitar|Knock Off|p2a: Indeedee\n|-supereffective|p2a: Indeedee\n|-damage|p2a: Indeedee|0 fnt\n|-enditem|p2a: Indeedee|Safety Goggles|[from] move: Knock Off|[of] p1b: Tyranitar\n|faint|p2a: Indeedee\n|move|p2b: Calyrex|Trick Room|p2b: Calyrex\n|-fieldstart|move: Trick Room|[of] p2b: Calyrex\n|\n|-weather|Sandstorm|[upkeep]\n|-damage|p2b: Calyrex|95/100|[from] Sandstorm\n|upkeep\n|\n|t:|1771414419\n|switch|p2a: Amoonguss|Amoonguss, L50, F, shiny|100/100\n|turn|2\n|inactive|avarussurava has 30 seconds left.\n|\n|t:|1771414449\n|switch|p1b: Sinistcha|Sinistcha, L50|100/100\n|move|p2a: Amoonguss|Spore|p1a: Zamazenta\n|-status|p1a: Zamazenta|slp|[from] move: Spore\n|move|p2b: Calyrex|Glacial Lance|p1b: Sinistcha|[spread] p1a,p1b\n|-resisted|p1a: Zamazenta\n|-supereffective|p1b: Sinistcha\n|-damage|p1a: Zamazenta|93/100 slp\n|-damage|p1b: Sinistcha|0 fnt\n|faint|p1b: Sinistcha\n|-ability|p2b: Calyrex|Chilling Neigh|boost\n|-boost|p2b: Calyrex|atk|1\n|cant|p1a: Zamazenta|slp\n|\n|-weather|Sandstorm|[upkeep]\n|-damage|p2a: Amoonguss|94/100|[from] Sandstorm\n|-damage|p2b: Calyrex|89/100|[from] Sandstorm\n|upkeep\n|\n|t:|1771414466\n|switch|p1b: Gastrodon|Gastrodon, L50, F|100/100\n|turn|3\n|\n|t:|1771414476\n|move|p1b: Gastrodon|Protect|p1b: Gastrodon\n|-singleturn|p1b: Gastrodon|Protect\n|move|p2a: Amoonguss|Energy Ball|p1b: Gastrodon\n|-activate|p1b: Gastrodon|move: Protect\n|move|p2b: Calyrex|Glacial Lance|p1a: Zamazenta|[spread] p1a\n|-activate|p1b: Gastrodon|move: Protect\n|-resisted|p1a: Zamazenta\n|-damage|p1a: Zamazenta|81/100 slp\n|cant|p1a: Zamazenta|slp\n|\n|-weather|Sandstorm|[upkeep]\n|-damage|p2a: Amoonguss|88/100|[from] Sandstorm\n|-damage|p2b: Calyrex|83/100|[from] Sandstorm\n|upkeep\n|turn|4\n|j| TheSlicerChompZ\n|\n|t:|1771414495\n|switch|p2b: Kyogre|Kyogre, L50, shiny|100/100\n|-weather|RainDance|[from] ability: Drizzle|[of] p2b: Kyogre\n|move|p2a: Amoonguss|Energy Ball|p1b: Gastrodon\n|-supereffective|p1b: Gastrodon\n|-damage|p1b: Gastrodon|0 fnt\n|faint|p1b: Gastrodon\n|cant|p1a: Zamazenta|slp\n|\n|-weather|RainDance|[upkeep]\n|upkeep\n|\n|t:|1771414504\n|switch|p1b: Tyranitar|Tyranitar, L50, F|100/100\n|-weather|Sandstorm|[from] ability: Sand Stream|[of] p1b: Tyranitar\n|turn|5\n|\n|t:|1771414517\n|-terastallize|p1b: Tyranitar|Flying\n|-curestatus|p1a: Zamazenta|slp|[msg]\n|move|p1a: Zamazenta|Wide Guard|p1a: Zamazenta\n|-singleturn|p1a: Zamazenta|Wide Guard\n|move|p2a: Amoonguss|Rage Powder|p2a: Amoonguss\n|-singleturn|p2a: Amoonguss|move: Rage Powder\n|move|p1b: Tyranitar|Tera Blast|p2a: Amoonguss|[anim] Tera Blast Flying\n|-supereffective|p2a: Amoonguss\n|-damage|p2a: Amoonguss|1/100\n|move|p2b: Kyogre|Hydro Pump|p1b: Tyranitar\n|-damage|p1b: Tyranitar|52/100\n|\n|-weather|Sandstorm|[upkeep]\n|-damage|p2a: Amoonguss|0 fnt|[from] Sandstorm\n|-damage|p1b: Tyranitar|46/100|[from] Sandstorm\n|-damage|p2b: Kyogre|95/100|[from] Sandstorm\n|faint|p2a: Amoonguss\n|-fieldend|move: Trick Room\n|-fieldend|move: Psychic Terrain\n|upkeep\n|\n|t:|1771414528\n|switch|p2a: Calyrex|Calyrex-Ice, L50|83/100\n|-ability|p2a: Calyrex|As One\n|-ability|p2a: Calyrex|Unnerve\n|turn|6\n|\n|t:|1771414539\n|-terastallize|p2a: Calyrex|Normal\n|move|p1a: Zamazenta|Body Press|p2b: Kyogre\n|-damage|p2b: Kyogre|0 fnt\n|faint|p2b: Kyogre\n|move|p1b: Tyranitar|Knock Off|p2a: Calyrex\n|-damage|p2a: Calyrex|45/100\n|-enditem|p2a: Calyrex|Clear Amulet|[from] move: Knock Off|[of] p1b: Tyranitar\n|move|p2a: Calyrex|Trick Room|p2a: Calyrex\n|-fieldstart|move: Trick Room|[of] p2a: Calyrex\n|\n|-weather|Sandstorm|[upkeep]\n|-damage|p2a: Calyrex|39/100|[from] Sandstorm\n|-damage|p1b: Tyranitar|40/100|[from] Sandstorm\n|upkeep\n|turn|7\n|c|\u2606j0l0k0|ggwp\n|\n|t:|1771414552\n|move|p2a: Calyrex|Glacial Lance|p1b: Tyranitar|[spread] p1a,p1b\n|-resisted|p1a: Zamazenta\n|-supereffective|p1b: Tyranitar\n|-damage|p1a: Zamazenta|74/100\n|-damage|p1b: Tyranitar|0 fnt\n|faint|p1b: Tyranitar\n|-ability|p2a: Calyrex|Chilling Neigh|boost\n|-boost|p2a: Calyrex|atk|1\n|move|p1a: Zamazenta|Body Press|p2a: Calyrex\n|-supereffective|p2a: Calyrex\n|-damage|p2a: Calyrex|0 fnt\n|faint|p2a: Calyrex\n|\n|win|avarussurava\n|raw|avarussurava's rating: 1438 &rarr; <strong>1455</strong><br />(+17 for winning)\n|raw|j0l0k0's rating: 1388 &rarr; <strong>1371</strong><br />(-17 for losing)\n|c|\u2606avarussurava|gg\n|l|\u2606j0l0k0\n|player|p2|\n","uploadtime":1771414577,"views":12,"formatid":"gen9vgc2026regi","rating":1371,"private":0,"password":null}