{"id":"gen9vgc2026regi-2589973384","format":"[Gen 9] VGC 2026 Reg I","players":["Hornses","JakeNBake3D"],"log":"|j|\u2606Hornses\n|j|\u2606JakeNBake3D\n|t:|1776778439\n|gametype|doubles\n|player|p1|Hornses|fisherman-gen4|1368\n|player|p2|JakeNBake3D|2|1496\n|gen|9\n|tier|[Gen 9] VGC 2026 Reg I\n|rated|\n|rule|Species Clause: Limit one of each Pok\u00e9mon\n|rule|Item Clause: Limit 1 of each item\n|clearpoke\n|poke|p1|Calyrex-Ice, L50|\n|poke|p1|Necrozma-Dawn-Wings, L50|\n|poke|p1|Incineroar, L50, F|\n|poke|p1|Tyranitar, L50, F|\n|poke|p1|Dragalge, L50, F|\n|poke|p1|Amoonguss, L50, F|\n|poke|p2|Miraidon, L50|\n|poke|p2|Lunala, L50|\n|poke|p2|Incineroar, L50, F|\n|poke|p2|Urshifu-*, L50, F|\n|poke|p2|Grimmsnarl, L50, M|\n|poke|p2|Ursaluna, L50, M|\n|teampreview|4\n|\n|t:|1776778489\n|teamsize|p1|4\n|teamsize|p2|4\n|start\n|switch|p1a: my wrist|Calyrex-Ice, L50|100/100\n|switch|p1b: Necrozma|Necrozma-Dawn-Wings, L50|100/100\n|switch|p2a: Miraidon|Miraidon, L50|100/100\n|switch|p2b: Lunala|Lunala, L50, shiny|100/100\n|-ability|p1a: my wrist|As One\n|-ability|p1a: my wrist|Unnerve\n|-fieldstart|move: Electric Terrain|[from] ability: Hadron Engine|[of] p2a: Miraidon\n|-enditem|p2b: Lunala|Electric Seed\n|-boost|p2b: Lunala|def|1|[from] item: Electric Seed\n|turn|1\n|inactive|Battle timer is ON: inactive players will automatically lose when time's up. (requested by JakeNBake3D)\n|\n|t:|1776778511\n|-terastallize|p2a: Miraidon|Electric\n|move|p2a: Miraidon|Snarl|p1a: my wrist|[spread] p1a,p1b\n|-supereffective|p1a: my wrist\n|-supereffective|p1b: Necrozma\n|-damage|p1a: my wrist|73/100\n|-damage|p1b: Necrozma|58/100\n|-unboost|p1b: Necrozma|spa|1\n|move|p1b: Necrozma|Meteor Beam||[still]\n|-prepare|p1b: Necrozma|Meteor Beam\n|-boost|p1b: Necrozma|spa|1\n|-enditem|p1b: Necrozma|Power Herb\n|-anim|p1b: Necrozma|Meteor Beam|p2a: Miraidon\n|-damage|p2a: Miraidon|73/100\n|move|p2b: Lunala|Trick Room|p2b: Lunala\n|-fieldstart|move: Trick Room|[of] p2b: Lunala\n|move|p1a: my wrist|Trick Room|p1a: my wrist\n|-fieldend|move: Trick Room\n|\n|upkeep\n|turn|2\n|\n|t:|1776778535\n|move|p2a: Miraidon|Snarl|p1b: Necrozma|[spread] p1a,p1b\n|-supereffective|p1a: my wrist\n|-supereffective|p1b: Necrozma\n|-damage|p1a: my wrist|44/100\n|-damage|p1b: Necrozma|9/100\n|-unboost|p1b: Necrozma|spa|1\n|move|p2b: Lunala|Moongeist Beam|p1a: my wrist\n|-supereffective|p1a: my wrist\n|-damage|p1a: my wrist|0 fnt\n|faint|p1a: my wrist\n|move|p1b: Necrozma|Trick Room|p1b: Necrozma\n|-fieldstart|move: Trick Room|[of] p1b: Necrozma\n|\n|upkeep\n|\n|t:|1776778545\n|switch|p1a: Tyranitar|Tyranitar, L50, F|100/100\n|-weather|Sandstorm|[from] ability: Sand Stream|[of] p1a: Tyranitar\n|turn|3\n|\n|t:|1776778557\n|switch|p2a: Ursaluna|Ursaluna, L50, M, shiny|100/100\n|move|p2b: Lunala|Wide Guard|p2b: Lunala\n|-singleturn|p2b: Lunala|Wide Guard\n|move|p1a: Tyranitar|Knock Off|p2b: Lunala\n|-supereffective|p2b: Lunala\n|-damage|p2b: Lunala|63/100\n|move|p1b: Necrozma|Moongeist Beam|p2b: Lunala\n|-supereffective|p2b: Lunala\n|-damage|p2b: Lunala|0 fnt\n|faint|p2b: Lunala\n|\n|-weather|Sandstorm|[upkeep]\n|-damage|p1b: Necrozma|3/100|[from] Sandstorm\n|-status|p2a: Ursaluna|brn|[from] item: Flame Orb\n|upkeep\n|\n|t:|1776778575\n|switch|p2b: Urshifu|Urshifu-Rapid-Strike, L50, F|100/100\n|turn|4\n|\n|t:|1776778585\n|move|p2b: Urshifu|Aqua Jet|p1b: Necrozma\n|-damage|p1b: Necrozma|0 fnt\n|faint|p1b: Necrozma\n|move|p1a: Tyranitar|Low Kick|p2a: Ursaluna\n|-supereffective|p2a: Ursaluna\n|-damage|p2a: Ursaluna|33/100 brn\n|move|p2a: Ursaluna|Headlong Rush|p1a: Tyranitar\n|-supereffective|p1a: Tyranitar\n|-damage|p1a: Tyranitar|0 fnt\n|-unboost|p2a: Ursaluna|def|1\n|-unboost|p2a: Ursaluna|spd|1\n|faint|p1a: Tyranitar\n|\n|-weather|Sandstorm|[upkeep]\n|-damage|p2b: Urshifu|95/100|[from] Sandstorm\n|-damage|p2a: Ursaluna|27/100 brn|[from] brn\n|upkeep\n|\n|t:|1776778595\n|switch|p1a: Dragalge|Dragalge, L50, F|100/100\n|turn|5\n|\n|t:|1776778612\n|switch|p2b: Miraidon|Miraidon, L50, tera:Electric|73/100\n|-activate|p2b: Miraidon|ability: Hadron Engine\n|move|p1a: Dragalge|Sludge Bomb|p2b: Miraidon\n|-damage|p2b: Miraidon|33/100\n|-damage|p1a: Dragalge|91/100|[from] item: Life Orb\n|move|p2a: Ursaluna|Facade|p1a: Dragalge\n|-damage|p1a: Dragalge|0 fnt\n|faint|p1a: Dragalge\n|\n|win|JakeNBake3D\n|raw|Hornses's rating: 1368 &rarr; <strong>1355</strong><br />(-13 for losing)\n|raw|JakeNBake3D's rating: 1496 &rarr; <strong>1509</strong><br />(+13 for winning)\n|l|\u2606Hornses\n|player|p1|\n|l|\u2606JakeNBake3D\n|player|p2|\n","uploadtime":1776778849,"views":6,"formatid":"gen9vgc2026regi","rating":1355,"private":0,"password":null}