{"id":"gen9vgc2026regi-2519816845","format":"[Gen 9] VGC 2026 Reg I","players":["Unskilled99","kojimuranishi"],"log":"|j|\u2606Unskilled99\n|j|\u2606kojimuranishi\n|t:|1768555202\n|gametype|doubles\n|player|p1|Unskilled99|unknown|1346\n|player|p2|kojimuranishi|102|1567\n|gen|9\n|tier|[Gen 9] VGC 2026 Reg I\n|rated|\n|rule|Species Clause: Limit one of each Pok\u00e9mon\n|rule|Item Clause: Limit 1 of each item\n|clearpoke\n|poke|p1|Calyrex-Shadow, L50|\n|poke|p1|Zamazenta-*, L50|\n|poke|p1|Chien-Pao, L50|\n|poke|p1|Dragonite, L50, F|\n|poke|p1|Raging Bolt, L50|\n|poke|p1|Amoonguss, L50, M|\n|poke|p2|Whimsicott, L50, F|\n|poke|p2|Calyrex-Ice, L50|\n|poke|p2|Miraidon, L50|\n|poke|p2|Chi-Yu, L50|\n|poke|p2|Landorus, L50, M|\n|poke|p2|Ogerpon-Cornerstone, L50, F|\n|teampreview|4\n|inactive|Battle timer is ON: inactive players will automatically lose when time's up. (requested by kojimuranishi)\n|inactive|Unskilled99 has 60 seconds left.\n|\n|t:|1768555252\n|teamsize|p1|4\n|teamsize|p2|4\n|start\n|switch|p1a: Dragonite|Dragonite, L50, F|100/100\n|switch|p1b: Chien-Pao|Chien-Pao, L50|100/100\n|switch|p2a: Miraidon|Miraidon, L50|100/100\n|switch|p2b: Ogerpon|Ogerpon-Cornerstone, L50, F|100/100\n|-fieldstart|move: Electric Terrain|[from] ability: Hadron Engine|[of] p2a: Miraidon\n|-ability|p1b: Chien-Pao|Sword of Ruin\n|turn|1\n|\n|t:|1768555275\n|-terastallize|p2b: Ogerpon|Rock\n|detailschange|p2b: Ogerpon|Ogerpon-Cornerstone-Tera, L50, F, tera:Rock\n|-ability|p2b: Ogerpon|Embody Aspect (Cornerstone)|boost\n|-boost|p2b: Ogerpon|def|1\n|-terastallize|p1a: Dragonite|Normal\n|move|p2b: Ogerpon|Follow Me|p2b: Ogerpon\n|-singleturn|p2b: Ogerpon|move: Follow Me\n|move|p1a: Dragonite|Extreme Speed|p2b: Ogerpon\n|-resisted|p2b: Ogerpon\n|-damage|p2b: Ogerpon|62/100\n|move|p1b: Chien-Pao|Sucker Punch||[still]\n|-fail|p1b: Chien-Pao\n|move|p2a: Miraidon|Electro Drift|p1a: Dragonite\n|-damage|p1a: Dragonite|25/100\n|\n|upkeep\n|turn|2\n|\n|t:|1768555296\n|move|p2b: Ogerpon|Follow Me|p2b: Ogerpon\n|-singleturn|p2b: Ogerpon|move: Follow Me\n|move|p1a: Dragonite|Extreme Speed|p2b: Ogerpon\n|-resisted|p2b: Ogerpon\n|-damage|p2b: Ogerpon|18/100\n|move|p2a: Miraidon|Electro Drift|p1a: Dragonite\n|-damage|p1a: Dragonite|0 fnt\n|faint|p1a: Dragonite\n|move|p1b: Chien-Pao|Ice Spinner|p2b: Ogerpon\n|-damage|p2b: Ogerpon|0 fnt\n|-fieldend|move: Electric Terrain\n|faint|p2b: Ogerpon\n|detailschange|p2: Ogerpon|Ogerpon-Cornerstone, L50, F|[silent]\n|\n|upkeep\n|l|\u2606kojimuranishi\n|inactive|kojimuranishi disconnected and has a minute to reconnect!\n|player|p2|\n|inactive|kojimuranishi has 30 seconds left.\n|j|\u2606kojimuranishi\n|inactive|kojimuranishi reconnected and has 25 seconds left.\n|player|p2|kojimuranishi|102|\n|inactive|kojimuranishi has 20 seconds left.\n|\n|t:|1768555333\n|switch|p2b: Whimsicott|Whimsicott, L50, F|100/100\n|switch|p1a: Calyrex|Calyrex-Shadow, L50|100/100\n|-ability|p1a: Calyrex|As One\n|-ability|p1a: Calyrex|Unnerve\n|turn|3\n|inactive|Unskilled99 has 30 seconds left.\n|inactive|Unskilled99 has 20 seconds left.\n|\n|t:|1768555371\n|move|p2b: Whimsicott|Tailwind|p2b: Whimsicott\n|-sidestart|p2: kojimuranishi|move: Tailwind\n|move|p2a: Miraidon|Electro Drift|p1b: Chien-Pao\n|-damage|p1b: Chien-Pao|50/100\n|move|p1a: Calyrex|Encore|p2b: Whimsicott\n|-start|p2b: Whimsicott|Encore\n|move|p1b: Chien-Pao|Ice Spinner|p2a: Miraidon\n|-supereffective|p2a: Miraidon\n|-damage|p2a: Miraidon|0 fnt\n|faint|p2a: Miraidon\n|\n|upkeep\n|\n|t:|1768555384\n|switch|p2a: Calyrex|Calyrex-Ice, L50|100/100\n|-ability|p2a: Calyrex|As One\n|-ability|p2a: Calyrex|Unnerve\n|turn|4\n|\n|t:|1768555392\n|move|p2b: Whimsicott|Tailwind||[still]\n|-fail|p2b: Whimsicott\n|move|p1b: Chien-Pao|Sucker Punch|p2a: Calyrex\n|-supereffective|p2a: Calyrex\n|-damage|p2a: Calyrex|41/100\n|move|p2a: Calyrex|Glacial Lance|p1b: Chien-Pao|[spread] p1a,p1b\n|-resisted|p1b: Chien-Pao\n|-enditem|p1a: Calyrex|Focus Sash\n|-damage|p1a: Calyrex|1/100\n|-damage|p1b: Chien-Pao|0 fnt\n|faint|p1b: Chien-Pao\n|-ability|p2a: Calyrex|Chilling Neigh|boost\n|-boost|p2a: Calyrex|atk|1\n|move|p1a: Calyrex|Astral Barrage|p2b: Whimsicott|[spread] p2a,p2b\n|-supereffective|p2a: Calyrex\n|-damage|p2a: Calyrex|0 fnt\n|-damage|p2b: Whimsicott|14/100\n|faint|p2a: Calyrex\n|-ability|p1a: Calyrex|Grim Neigh|boost\n|-boost|p1a: Calyrex|spa|1\n|\n|upkeep\n|\n|t:|1768555413\n|switch|p1b: Zamazenta|Zamazenta-Crowned, L50|100/100\n|-ability|p1b: Zamazenta|Dauntless Shield|boost\n|-boost|p1b: Zamazenta|def|1\n|turn|5\n|\n|t:|1768555418\n|move|p2b: Whimsicott|Tailwind||[still]\n|-fail|p2b: Whimsicott\n|move|p1a: Calyrex|Astral Barrage|p2b: Whimsicott\n|-damage|p2b: Whimsicott|0 fnt\n|faint|p2b: Whimsicott\n|\n|win|Unskilled99\n|raw|Unskilled99's rating: 1346 &rarr; <strong>1377</strong><br />(+31 for winning)\n|raw|kojimuranishi's rating: 1567 &rarr; <strong>1536</strong><br />(-31 for losing)\n|l|\u2606kojimuranishi\n|player|p2|\n|l|\u2606Unskilled99\n|player|p1|\n|j|\u2606kojimuranishi\n|player|p2|kojimuranishi|102|\n|l|\u2606kojimuranishi\n|player|p2|\n","uploadtime":1768555634,"views":16,"formatid":"gen9vgc2026regi","rating":1377,"private":0,"password":null}