{"id":"gen9vgc2026regi-2574045425","format":"[Gen 9] VGC 2026 Reg I","players":["JakeNBake3D","XenoGX"],"log":"|j|\u2606JakeNBake3D\n|j|\u2606XenoGX\n|t:|1775193047\n|gametype|doubles\n|player|p1|JakeNBake3D|265|1282\n|player|p2|XenoGX|gardenia|1196\n|gen|9\n|tier|[Gen 9] VGC 2026 Reg I\n|rated|\n|rule|Species Clause: Limit one of each Pok\u00e9mon\n|rule|Item Clause: Limit 1 of each item\n|clearpoke\n|poke|p1|Calyrex-Ice, L50|\n|poke|p1|Miraidon, L50|\n|poke|p1|Ursaluna-Bloodmoon, L50, M|\n|poke|p1|Incineroar, L50, M|\n|poke|p1|Farigiraf, L50, F|\n|poke|p1|Iron Hands, L50|\n|poke|p2|Blaziken, L50, M|\n|poke|p2|Urshifu-*, L50, F|\n|poke|p2|Tornadus, L50, M|\n|poke|p2|Koraidon, L50|\n|poke|p2|Terapagos, L50, M|\n|poke|p2|Rillaboom, L50, M|\n|teampreview|4\n|\n|t:|1775193095\n|teamsize|p1|4\n|teamsize|p2|4\n|start\n|switch|p1a: Iron Hands|Iron Hands, L50|100/100\n|switch|p1b: Miraidon|Miraidon, L50|100/100\n|switch|p2a: Urshifu|Urshifu, L50, F|100/100\n|switch|p2b: Tornadus|Tornadus, L50, M|100/100\n|-fieldstart|move: Electric Terrain|[from] ability: Hadron Engine|[of] p1b: Miraidon\n|-activate|p1a: Iron Hands|ability: Quark Drive\n|-start|p1a: Iron Hands|quarkdriveatk\n|turn|1\n|inactive|Battle timer is ON: inactive players will automatically lose when time's up. (requested by XenoGX)\n|inactive|XenoGX has 60 seconds left.\n|\n|t:|1775193136\n|-terastallize|p1b: Miraidon|Fairy\n|-terastallize|p2b: Tornadus|Ground\n|move|p1a: Iron Hands|Fake Out|p2a: Urshifu\n|-damage|p2a: Urshifu|78/100\n|move|p2b: Tornadus|Tailwind|p2b: Tornadus\n|-sidestart|p2: XenoGX|move: Tailwind\n|cant|p2a: Urshifu|flinch\n|move|p1b: Miraidon|Dazzling Gleam|p2a: Urshifu|[spread] p2a,p2b\n|-supereffective|p2a: Urshifu\n|-damage|p2a: Urshifu|0 fnt\n|-damage|p2b: Tornadus|42/100\n|faint|p2a: Urshifu\n|\n|upkeep\n|\n|t:|1775193143\n|switch|p2a: Blaziken|Blaziken, L50, M|100/100\n|turn|2\n|inactive|JakeNBake3D has 30 seconds left.\n|inactive|JakeNBake3D has 20 seconds left.\n|inactive|JakeNBake3D has 15 seconds left.\n|\n|t:|1775193187\n|move|p2a: Blaziken|Detect|p2a: Blaziken\n|-singleturn|p2a: Blaziken|Protect\n|move|p2b: Tornadus|Bleakwind Storm|p1b: Miraidon|[spread] p1b\n|-miss|p2b: Tornadus|p1a: Iron Hands\n|-damage|p1b: Miraidon|72/100\n|-unboost|p1b: Miraidon|spe|1\n|move|p1b: Miraidon|Dazzling Gleam|p2a: Blaziken|[spread] p2b\n|-activate|p2a: Blaziken|move: Protect\n|-damage|p2b: Tornadus|0 fnt\n|faint|p2b: Tornadus\n|move|p1a: Iron Hands|Wild Charge|p2a: Blaziken\n|-activate|p2a: Blaziken|move: Protect\n|\n|-ability|p2a: Blaziken|Speed Boost|boost\n|-boost|p2a: Blaziken|spe|1\n|upkeep\n|\n|t:|1775193196\n|switch|p2b: Koraidon|Koraidon, L50, shiny|100/100\n|-weather|SunnyDay|[from] ability: Orichalcum Pulse|[of] p2b: Koraidon\n|-activate|p2b: Koraidon|Orichalcum Pulse|[source]\n|turn|3\n|inactive|JakeNBake3D has 30 seconds left.\n|\n|t:|1775193225\n|switch|p1b: Ursaluna|Ursaluna-Bloodmoon, L50, M|100/100\n|-end|p1a: Iron Hands|Quark Drive|[silent]\n|switch|p1a: Calyrex|Calyrex-Ice, L50|100/100\n|-ability|p1a: Calyrex|As One\n|-ability|p1a: Calyrex|Unnerve\n|move|p2b: Koraidon|Flare Blitz|p1b: Ursaluna\n|-damage|p1b: Ursaluna|38/100\n|-damage|p2b: Koraidon|75/100|[from] Recoil\n|move|p2a: Blaziken|Heat Wave|p1a: Calyrex|[spread] p1a,p1b\n|-supereffective|p1a: Calyrex\n|-damage|p1a: Calyrex|34/100\n|-damage|p1b: Ursaluna|0 fnt\n|faint|p1b: Ursaluna\n|\n|-weather|SunnyDay|[upkeep]\n|-ability|p2a: Blaziken|Speed Boost|boost\n|-boost|p2a: Blaziken|spe|1\n|upkeep\n|inactive|JakeNBake3D has 30 seconds left.\n|\n|t:|1775193254\n|switch|p1b: Iron Hands|Iron Hands, L50|100/100\n|-activate|p1b: Iron Hands|ability: Quark Drive\n|-start|p1b: Iron Hands|quarkdriveatk\n|turn|4\n|\n|t:|1775193276\n|move|p2b: Koraidon|Protect|p2b: Koraidon\n|-singleturn|p2b: Koraidon|Protect\n|move|p1b: Iron Hands|Fake Out|p2b: Koraidon\n|-activate|p2b: Koraidon|move: Protect\n|move|p2a: Blaziken|Heat Wave|p1a: Calyrex|[spread] p1a,p1b\n|-supereffective|p1a: Calyrex\n|-damage|p1a: Calyrex|0 fnt\n|-damage|p1b: Iron Hands|72/100\n|faint|p1a: Calyrex\n|\n|-weather|SunnyDay|[upkeep]\n|-sideend|p2: XenoGX|move: Tailwind\n|-ability|p2a: Blaziken|Speed Boost|boost\n|-boost|p2a: Blaziken|spe|1\n|upkeep\n|\n|t:|1775193290\n|switch|p1a: Miraidon|Miraidon, L50, tera:Fairy|72/100\n|-activate|p1a: Miraidon|ability: Hadron Engine\n|turn|5\n|\n|t:|1775193306\n|move|p2a: Blaziken|Heat Wave|p1b: Iron Hands|[spread] p1a,p1b\n|-crit|p1b: Iron Hands\n|-damage|p1a: Miraidon|20/100\n|-damage|p1b: Iron Hands|29/100\n|move|p2b: Koraidon|Flare Blitz|p1a: Miraidon\n|-damage|p1a: Miraidon|0 fnt\n|faint|p1a: Miraidon\n|-damage|p2b: Koraidon|68/100|[from] Recoil\n|move|p1b: Iron Hands|Wild Charge|p2a: Blaziken\n|-enditem|p2a: Blaziken|Focus Sash\n|-damage|p2a: Blaziken|1/100\n|-damage|p1b: Iron Hands|12/100|[from] Recoil\n|\n|-weather|SunnyDay|[upkeep]\n|-fieldend|move: Electric Terrain\n|-end|p1b: Iron Hands|Quark Drive\n|-ability|p2a: Blaziken|Speed Boost|boost\n|-boost|p2a: Blaziken|spe|1\n|upkeep\n|turn|6\n|-message|JakeNBake3D forfeited.\n|\n|win|XenoGX\n|raw|JakeNBake3D's rating: 1282 &rarr; <strong>1251</strong><br />(-31 for losing)\n|raw|XenoGX's rating: 1196 &rarr; <strong>1227</strong><br />(+31 for winning)\n|l|\u2606JakeNBake3D\n|player|p1|\n|l|\u2606XenoGX\n|player|p2|\n","uploadtime":1775193480,"views":9,"formatid":"gen9vgc2026regi","rating":1227,"private":0,"password":null}