{"id":"gen9vgc2026regi-2564887213","format":"[Gen 9] VGC 2026 Reg I","players":["Jonen","yutarotaku"],"log":"|j|\u2606Jonen\n|j|\u2606yutarotaku\n|t:|1774207416\n|gametype|doubles\n|player|p1|Jonen|hiker-gen4|1391\n|player|p2|yutarotaku|265|1377\n|gen|9\n|tier|[Gen 9] VGC 2026 Reg I\n|rated|\n|rule|Species Clause: Limit one of each Pok\u00e9mon\n|rule|Item Clause: Limit 1 of each item\n|clearpoke\n|poke|p1|Groudon, L50|\n|poke|p1|Lunala, L50|\n|poke|p1|Sableye, L50, F|\n|poke|p1|Chi-Yu, L50|\n|poke|p1|Rillaboom, L50, F|\n|poke|p1|Jumpluff, L50, M|\n|poke|p2|Calyrex-Shadow, L50|\n|poke|p2|Incineroar, L50, M|\n|poke|p2|Rillaboom, L50, M|\n|poke|p2|Kyogre, L50|\n|poke|p2|Tornadus, L50, M|\n|poke|p2|Brute Bonnet, L50|\n|teampreview|4\n|\n|t:|1774207454\n|teamsize|p1|4\n|teamsize|p2|4\n|start\n|switch|p1a: Lunala|Lunala, L50|100/100\n|switch|p1b: Sableye|Sableye, L50, F|100/100\n|switch|p2a: Tornadus|Tornadus, L50, M|100/100\n|switch|p2b: Kyogre|Kyogre, L50|100/100\n|-weather|RainDance|[from] ability: Drizzle|[of] p2b: Kyogre\n|turn|1\n|\n|t:|1774207507\n|move|p1b: Sableye|Gravity|p1b: Sableye\n|-fieldstart|move: Gravity\n|move|p1a: Lunala|Hypnosis|p2a: Tornadus\n|-status|p2a: Tornadus|slp|[from] move: Hypnosis\n|move|p2b: Kyogre|Origin Pulse|p1b: Sableye|[spread] p1a,p1b\n|-damage|p1a: Lunala|69/100\n|-enditem|p1b: Sableye|Focus Sash\n|-damage|p1b: Sableye|1/100\n|cant|p2a: Tornadus|slp\n|\n|-weather|RainDance|[upkeep]\n|upkeep\n|turn|2\n|\n|t:|1774207531\n|move|p1b: Sableye|Disable|p2b: Kyogre\n|-start|p2b: Kyogre|Disable|Origin Pulse\n|move|p1a: Lunala|Meteor Beam||[still]\n|-prepare|p1a: Lunala|Meteor Beam\n|-boost|p1a: Lunala|spa|1\n|-enditem|p1a: Lunala|Power Herb\n|-anim|p1a: Lunala|Meteor Beam|p2a: Tornadus\n|-supereffective|p2a: Tornadus\n|-damage|p2a: Tornadus|0 fnt\n|faint|p2a: Tornadus\n|move|p2b: Kyogre|Water Spout|p1a: Lunala|[spread] p1a,p1b\n|-damage|p1a: Lunala|0 fnt\n|-damage|p1b: Sableye|0 fnt\n|faint|p1a: Lunala\n|faint|p1b: Sableye\n|\n|-weather|RainDance|[upkeep]\n|upkeep\n|\n|t:|1774207549\n|switch|p1a: Groudon|Groudon, L50|100/100\n|switch|p2a: Incineroar|Incineroar, L50, M|100/100\n|switch|p1b: Rillaboom|Rillaboom, L50, F|100/100\n|-weather|SunnyDay|[from] ability: Drought|[of] p1a: Groudon\n|-fieldstart|move: Grassy Terrain|[from] ability: Grassy Surge|[of] p1b: Rillaboom\n|-ability|p2a: Incineroar|Intimidate|boost\n|-unboost|p1a: Groudon|atk|1\n|-unboost|p1b: Rillaboom|atk|1\n|turn|3\n|\n|t:|1774207569\n|move|p1b: Rillaboom|Fake Out|p2a: Incineroar\n|-damage|p2a: Incineroar|93/100\n|cant|p2a: Incineroar|flinch\n|move|p2b: Kyogre|Hydro Pump|p1a: Groudon\n|-supereffective|p1a: Groudon\n|-damage|p1a: Groudon|18/100\n|move|p1a: Groudon|Precipice Blades|p2a: Incineroar|[spread] p2a,p2b\n|-supereffective|p2a: Incineroar\n|-damage|p2a: Incineroar|23/100\n|-damage|p2b: Kyogre|49/100\n|-damage|p1a: Groudon|8/100|[from] item: Life Orb\n|\n|-weather|SunnyDay|[upkeep]\n|-heal|p2b: Kyogre|56/100|[from] Grassy Terrain\n|-heal|p1a: Groudon|14/100|[from] Grassy Terrain\n|-heal|p2a: Incineroar|29/100|[from] Grassy Terrain\n|upkeep\n|turn|4\n|\n|t:|1774207603\n|-terastallize|p1b: Rillaboom|Water\n|move|p2b: Kyogre|Protect|p2b: Kyogre\n|-singleturn|p2b: Kyogre|Protect\n|move|p1a: Groudon|Protect|p1a: Groudon\n|-singleturn|p1a: Groudon|Protect\n|move|p1b: Rillaboom|Wood Hammer|p2b: Kyogre\n|-activate|p2b: Kyogre|move: Protect\n|move|p2a: Incineroar|Knock Off|p1b: Rillaboom\n|-damage|p1b: Rillaboom|64/100\n|-enditem|p1b: Rillaboom|Assault Vest|[from] move: Knock Off|[of] p2a: Incineroar\n|\n|-weather|SunnyDay|[upkeep]\n|-heal|p2b: Kyogre|62/100|[from] Grassy Terrain\n|-heal|p1a: Groudon|20/100|[from] Grassy Terrain\n|-heal|p1b: Rillaboom|70/100|[from] Grassy Terrain\n|-heal|p2a: Incineroar|35/100|[from] Grassy Terrain\n|upkeep\n|turn|5\n|j| Knightdozo\n|l| Knightdozo\n|\n|t:|1774207645\n|-terastallize|p2a: Incineroar|Water\n|move|p1b: Rillaboom|Grassy Glide|p2b: Kyogre\n|-supereffective|p2b: Kyogre\n|-damage|p2b: Kyogre|7/100\n|move|p2b: Kyogre|Hydro Pump|p1a: Groudon\n|-supereffective|p1a: Groudon\n|-damage|p1a: Groudon|0 fnt\n|faint|p1a: Groudon\n|move|p2a: Incineroar|U-turn|p1b: Rillaboom\n|-damage|p1b: Rillaboom|52/100\n|c|\u2606Jonen|gg\n|\n|t:|1774207656\n|switch|p2a: Calyrex|Calyrex-Shadow, L50|100/100|[from] U-turn\n|-ability|p2a: Calyrex|As One\n|-ability|p2a: Calyrex|Unnerve\n|\n|-weather|SunnyDay|[upkeep]\n|-heal|p2b: Kyogre|14/100|[from] Grassy Terrain\n|-heal|p1b: Rillaboom|58/100|[from] Grassy Terrain\n|-end|p2b: Kyogre|Disable\n|-fieldend|move: Gravity\n|upkeep\n|turn|6\n|\n|t:|1774207672\n|switch|p2b: Incineroar|Incineroar, L50, M, tera:Water|35/100\n|-ability|p2b: Incineroar|Intimidate|boost\n|-unboost|p1b: Rillaboom|atk|1\n|move|p2a: Calyrex|Protect|p2a: Calyrex\n|-singleturn|p2a: Calyrex|Protect\n|move|p1b: Rillaboom|Grassy Glide|p2b: Incineroar\n|-supereffective|p2b: Incineroar\n|-damage|p2b: Incineroar|8/100\n|\n|-weather|SunnyDay|[upkeep]\n|-heal|p1b: Rillaboom|64/100|[from] Grassy Terrain\n|-heal|p2b: Incineroar|14/100|[from] Grassy Terrain\n|upkeep\n|turn|7\n|\n|t:|1774207684\n|move|p2b: Incineroar|Fake Out|p1b: Rillaboom\n|-damage|p1b: Rillaboom|53/100\n|cant|p1b: Rillaboom|flinch\n|move|p2a: Calyrex|Astral Barrage|p1b: Rillaboom\n|-damage|p1b: Rillaboom|0 fnt\n|faint|p1b: Rillaboom\n|-damage|p2a: Calyrex|91/100|[from] item: Life Orb\n|\n|win|yutarotaku\n|raw|Jonen's rating: 1391 &rarr; <strong>1370</strong><br />(-21 for losing)\n|raw|yutarotaku's rating: 1377 &rarr; <strong>1398</strong><br />(+21 for winning)\n","uploadtime":1774207684,"views":10,"formatid":"gen9vgc2026regi","rating":1370,"private":0,"password":null}