{"id":"gen9vgc2026regi-2587541979","format":"[Gen 9] VGC 2026 Reg I","players":["pumpkinflame","rnpoopin"],"log":"|j|\u2606pumpkinflame\n|j|\u2606rnpoopin\n|t:|1776540734\n|gametype|doubles\n|player|p1|pumpkinflame|adaman-masters|1382\n|player|p2|rnpoopin|1|1340\n|gen|9\n|tier|[Gen 9] VGC 2026 Reg I\n|rated|\n|rule|Species Clause: Limit one of each Pok\u00e9mon\n|rule|Item Clause: Limit 1 of each item\n|clearpoke\n|poke|p1|Kyogre, L50|\n|poke|p1|Archaludon, L50, F|\n|poke|p1|Rillaboom, L50, F|\n|poke|p1|Roaring Moon, L50|\n|poke|p1|Calyrex-Ice, L50|\n|poke|p1|Incineroar, L50, F|\n|poke|p2|Volcarona, L50, M|\n|poke|p2|Rillaboom, L50, F|\n|poke|p2|Koraidon, L50|\n|poke|p2|Walking Wake, L50|\n|poke|p2|Calyrex-Shadow, L50|\n|poke|p2|Electabuzz, L50, M|\n|teampreview|4\n|\n|t:|1776540821\n|teamsize|p1|4\n|teamsize|p2|4\n|start\n|switch|p1a: Salamence Megav2|Roaring Moon, L50|100/100\n|switch|p1b: K.O|Kyogre, L50|100/100\n|switch|p2a: Walking Wake|Walking Wake, L50|100/100\n|switch|p2b: Electabuzz|Electabuzz, L50, M|100/100\n|-weather|RainDance|[from] ability: Drizzle|[of] p1b: K.O\n|-enditem|p1a: Salamence Megav2|Booster Energy\n|-activate|p1a: Salamence Megav2|ability: Protosynthesis|[fromitem]\n|-start|p1a: Salamence Megav2|protosynthesisspe\n|turn|1\n|\n|t:|1776540838\n|-end|p2a: Walking Wake|Protosynthesis|[silent]\n|switch|p2a: Koraidon|Koraidon, L50|100/100\n|-weather|SunnyDay|[from] ability: Orichalcum Pulse|[of] p2a: Koraidon\n|-activate|p2a: Koraidon|Orichalcum Pulse|[source]\n|switch|p1b: Miraidon 2|Archaludon, L50, F|100/100\n|move|p1a: Salamence Megav2|Tailwind|p1a: Salamence Megav2\n|-sidestart|p1: pumpkinflame|move: Tailwind\n|move|p2b: Electabuzz|Electroweb|p1b: Miraidon 2|[spread] p1b\n|-miss|p2b: Electabuzz|p1a: Salamence Megav2\n|-resisted|p1b: Miraidon 2\n|-crit|p1b: Miraidon 2\n|-damage|p1b: Miraidon 2|93/100\n|-unboost|p1b: Miraidon 2|spe|1\n|-ability|p1b: Miraidon 2|Stamina|boost\n|-boost|p1b: Miraidon 2|def|1\n|\n|-weather|SunnyDay|[upkeep]\n|upkeep\n|turn|2\n|\n|t:|1776540871\n|-terastallize|p1a: Salamence Megav2|Flying\n|move|p2b: Electabuzz|Follow Me|p2b: Electabuzz\n|-singleturn|p2b: Electabuzz|move: Follow Me\n|move|p1a: Salamence Megav2|Acrobatics|p2b: Electabuzz\n|-resisted|p2b: Electabuzz\n|-damage|p2b: Electabuzz|74/100\n|-status|p1a: Salamence Megav2|par|[from] ability: Static|[of] p2b: Electabuzz\n|move|p2a: Koraidon|Close Combat|p1b: Miraidon 2\n|-supereffective|p1b: Miraidon 2\n|-damage|p1b: Miraidon 2|0 fnt\n|-unboost|p2a: Koraidon|def|1\n|-unboost|p2a: Koraidon|spd|1\n|faint|p1b: Miraidon 2\n|-damage|p2a: Koraidon|91/100|[from] item: Life Orb\n|\n|-weather|SunnyDay|[upkeep]\n|upkeep\n|\n|t:|1776540883\n|switch|p1b: Chilly and Willy|Calyrex-Ice, L50|100/100\n|-ability|p1b: Chilly and Willy|As One\n|-ability|p1b: Chilly and Willy|Unnerve\n|turn|3\n|\n|t:|1776540928\n|switch|p2b: Walking Wake|Walking Wake, L50|100/100\n|-activate|p2b: Walking Wake|ability: Protosynthesis\n|-start|p2b: Walking Wake|protosynthesisspa\n|move|p2a: Koraidon|Protect|p2a: Koraidon\n|-singleturn|p2a: Koraidon|Protect\n|move|p1a: Salamence Megav2|Knock Off|p2a: Koraidon\n|-activate|p2a: Koraidon|move: Protect\n|move|p1b: Chilly and Willy|Trick Room|p1b: Chilly and Willy\n|-fieldstart|move: Trick Room|[of] p1b: Chilly and Willy\n|\n|-weather|SunnyDay|[upkeep]\n|upkeep\n|turn|4\n|\n|t:|1776540954\n|switch|p2a: Electabuzz|Electabuzz, L50, M|74/100\n|-terastallize|p2b: Walking Wake|Fire\n|move|p1b: Chilly and Willy|Glacial Lance|p2b: Walking Wake|[spread] p2a,p2b\n|-resisted|p2b: Walking Wake\n|-damage|p2a: Electabuzz|27/100\n|-damage|p2b: Walking Wake|75/100\n|move|p2b: Walking Wake|Weather Ball|p1b: Chilly and Willy\n|-supereffective|p1b: Chilly and Willy\n|-damage|p1b: Chilly and Willy|0 fnt\n|faint|p1b: Chilly and Willy\n|move|p1a: Salamence Megav2|Acrobatics|p2a: Electabuzz\n|-resisted|p2a: Electabuzz\n|-damage|p2a: Electabuzz|0 fnt\n|faint|p2a: Electabuzz\n|\n|-weather|SunnyDay|[upkeep]\n|-sideend|p1: pumpkinflame|move: Tailwind\n|upkeep\n|\n|t:|1776540975\n|switch|p1b: K.O|Kyogre, L50|100/100\n|switch|p2a: Rillaboom|Rillaboom, L50, F|100/100\n|-fieldstart|move: Grassy Terrain|[from] ability: Grassy Surge|[of] p2a: Rillaboom\n|-weather|RainDance|[from] ability: Drizzle|[of] p1b: K.O\n|-end|p2b: Walking Wake|Protosynthesis\n|turn|5\n|\n|t:|1776540988\n|move|p1b: K.O|Protect|p1b: K.O\n|-singleturn|p1b: K.O|Protect\n|move|p2a: Rillaboom|Wood Hammer|p1b: K.O\n|-activate|p1b: K.O|move: Protect\n|move|p1a: Salamence Megav2|Acrobatics|p2a: Rillaboom\n|-supereffective|p2a: Rillaboom\n|-damage|p2a: Rillaboom|0 fnt\n|faint|p2a: Rillaboom\n|move|p2b: Walking Wake|Weather Ball|p1a: Salamence Megav2\n|-damage|p1a: Salamence Megav2|22/100 par\n|\n|-weather|RainDance|[upkeep]\n|-heal|p2b: Walking Wake|81/100|[from] Grassy Terrain\n|upkeep\n|\n|t:|1776540993\n|switch|p2a: Koraidon|Koraidon, L50|91/100\n|-weather|SunnyDay|[from] ability: Orichalcum Pulse|[of] p2a: Koraidon\n|-activate|p2b: Walking Wake|ability: Protosynthesis\n|-start|p2b: Walking Wake|protosynthesisspa\n|-activate|p2a: Koraidon|Orichalcum Pulse|[source]\n|turn|6\n|\n|t:|1776541014\n|move|p2a: Koraidon|Protect|p2a: Koraidon\n|-singleturn|p2a: Koraidon|Protect\n|move|p1b: K.O|Water Spout|p2b: Walking Wake|[spread] p2b\n|-activate|p2a: Koraidon|move: Protect\n|-supereffective|p2b: Walking Wake\n|-damage|p2b: Walking Wake|0 fnt\n|faint|p2b: Walking Wake\n|-end|p2b: Walking Wake|Protosynthesis|[silent]\n|move|p1a: Salamence Megav2|Acrobatics|p2a: Koraidon\n|-activate|p2a: Koraidon|move: Protect\n|\n|-weather|SunnyDay|[upkeep]\n|-heal|p2a: Koraidon|96/100|[from] Grassy Terrain\n|upkeep\n|turn|7\n|\n|t:|1776541028\n|move|p2a: Koraidon|Protect||[still]\n|-fail|p2a: Koraidon\n|move|p1b: K.O|Ice Beam|p2a: Koraidon\n|-supereffective|p2a: Koraidon\n|-damage|p2a: Koraidon|24/100\n|move|p1a: Salamence Megav2|Acrobatics|p2a: Koraidon\n|-supereffective|p2a: Koraidon\n|-damage|p2a: Koraidon|0 fnt\n|faint|p2a: Koraidon\n|\n|win|pumpkinflame\n|raw|pumpkinflame's rating: 1382 &rarr; <strong>1400</strong><br />(+18 for winning)\n|raw|rnpoopin's rating: 1340 &rarr; <strong>1322</strong><br />(-18 for losing)\n|l|\u2606rnpoopin\n|player|p2|\n|l|\u2606pumpkinflame\n|player|p1|\n","uploadtime":1776541220,"views":13,"formatid":"gen9vgc2026regi","rating":1322,"private":0,"password":null}