{"id":"gen9vgc2026regi-2538734212","format":"[Gen 9] VGC 2026 Reg I","players":["TheManOfSausage","Unskilled99"],"log":"|j|\u2606TheManOfSausage\n|j|\u2606Unskilled99\n|t:|1770965044\n|gametype|doubles\n|player|p1|TheManOfSausage|miku-water|1602\n|player|p2|Unskilled99|unknown|1512\n|gen|9\n|tier|[Gen 9] VGC 2026 Reg I\n|rated|\n|rule|Species Clause: Limit one of each Pok\u00e9mon\n|rule|Item Clause: Limit 1 of each item\n|clearpoke\n|poke|p1|Calyrex-Shadow, L50|\n|poke|p1|Koraidon, L50|\n|poke|p1|Brute Bonnet, L50|\n|poke|p1|Incineroar, L50, M|\n|poke|p1|Landorus, L50, M|\n|poke|p1|Raging Bolt, L50|\n|poke|p2|Calyrex-Shadow, L50|\n|poke|p2|Zamazenta-*, L50|\n|poke|p2|Chien-Pao, L50|\n|poke|p2|Dragonite, L50, M|\n|poke|p2|Raging Bolt, L50|\n|poke|p2|Amoonguss, L50, F|\n|teampreview|4\n|\n|t:|1770965069\n|teamsize|p1|4\n|teamsize|p2|4\n|start\n|switch|p1a: Koraidon|Koraidon, L50|100/100\n|switch|p1b: Brute Bonnet|Brute Bonnet, L50|100/100\n|switch|p2a: Zamazenta|Zamazenta-Crowned, L50|100/100\n|switch|p2b: Calyrex|Calyrex-Shadow, L50|100/100\n|-ability|p2b: Calyrex|As One\n|-ability|p2b: Calyrex|Unnerve\n|-weather|SunnyDay|[from] ability: Orichalcum Pulse|[of] p1a: Koraidon\n|-activate|p1b: Brute Bonnet|ability: Protosynthesis\n|-start|p1b: Brute Bonnet|protosynthesisdef\n|-activate|p1a: Koraidon|Orichalcum Pulse|[source]\n|-ability|p2a: Zamazenta|Dauntless Shield|boost\n|-boost|p2a: Zamazenta|def|1\n|turn|1\n|\n|t:|1770965093\n|-terastallize|p1a: Koraidon|Fire\n|-terastallize|p2a: Zamazenta|Dragon\n|move|p2b: Calyrex|Protect|p2b: Calyrex\n|-singleturn|p2b: Calyrex|Protect\n|move|p1a: Koraidon|Flame Charge|p2a: Zamazenta\n|-resisted|p2a: Zamazenta\n|-damage|p2a: Zamazenta|87/100\n|-boost|p1a: Koraidon|spe|1\n|move|p2a: Zamazenta|Body Press|p1b: Brute Bonnet\n|-supereffective|p1b: Brute Bonnet\n|-damage|p1b: Brute Bonnet|36/100\n|move|p1b: Brute Bonnet|Spore|p2b: Calyrex\n|-activate|p2b: Calyrex|move: Protect\n|\n|-weather|SunnyDay|[upkeep]\n|upkeep\n|turn|2\n|\n|t:|1770965105\n|move|p1b: Brute Bonnet|Sucker Punch|p2b: Calyrex\n|-supereffective|p2b: Calyrex\n|-enditem|p2b: Calyrex|Focus Sash\n|-damage|p2b: Calyrex|1/100\n|move|p1a: Koraidon|Flame Charge|p2b: Calyrex\n|-damage|p2b: Calyrex|0 fnt\n|-boost|p1a: Koraidon|spe|1\n|faint|p2b: Calyrex\n|move|p2a: Zamazenta|Body Press|p1b: Brute Bonnet\n|-supereffective|p1b: Brute Bonnet\n|-damage|p1b: Brute Bonnet|0 fnt\n|faint|p1b: Brute Bonnet\n|-end|p1b: Brute Bonnet|Protosynthesis|[silent]\n|\n|-weather|SunnyDay|[upkeep]\n|upkeep\n|\n|t:|1770965113\n|switch|p2b: Dragonite|Dragonite, L50, M|100/100\n|switch|p1b: Rice Shower|Calyrex-Shadow, L50|100/100\n|-ability|p1b: Rice Shower|As One\n|-ability|p1b: Rice Shower|Unnerve\n|turn|3\n|\n|t:|1770965130\n|move|p1a: Koraidon|Collision Course|p2a: Zamazenta\n|-damage|p2a: Zamazenta|57/100\n|move|p1b: Rice Shower|Astral Barrage|p2b: Dragonite|[spread] p2a,p2b\n|-damage|p2a: Zamazenta|19/100\n|-damage|p2b: Dragonite|46/100\n|move|p2a: Zamazenta|Heavy Slam|p1b: Rice Shower\n|-damage|p1b: Rice Shower|46/100\n|move|p2b: Dragonite|Outrage|p1a: Koraidon\n|-damage|p1a: Koraidon|10/100\n|\n|-weather|SunnyDay|[upkeep]\n|upkeep\n|turn|4\n|\n|t:|1770965146\n|move|p2a: Zamazenta|Wide Guard|p2a: Zamazenta\n|-singleturn|p2a: Zamazenta|Wide Guard\n|move|p1a: Koraidon|Collision Course|p2a: Zamazenta\n|-damage|p2a: Zamazenta|0 fnt\n|faint|p2a: Zamazenta\n|move|p1b: Rice Shower|Psychic|p2b: Dragonite\n|-damage|p2b: Dragonite|0 fnt\n|faint|p2b: Dragonite\n|-ability|p1b: Rice Shower|Grim Neigh|boost\n|-boost|p1b: Rice Shower|spa|1\n|\n|-weather|SunnyDay|[upkeep]\n|upkeep\n|\n|t:|1770965152\n|switch|p2a: Chien-Pao|Chien-Pao, L50|100/100\n|-ability|p2a: Chien-Pao|Sword of Ruin\n|turn|5\n|\n|t:|1770965159\n|move|p2a: Chien-Pao|Sucker Punch|p1a: Koraidon\n|-damage|p1a: Koraidon|0 fnt\n|faint|p1a: Koraidon\n|move|p1b: Rice Shower|Encore|p2a: Chien-Pao\n|-start|p2a: Chien-Pao|Encore\n|\n|-weather|none\n|upkeep\n|\n|t:|1770965161\n|switch|p1a: Triple T|Landorus, L50, M|100/100\n|turn|6\n|\n|t:|1770965167\n|move|p1b: Rice Shower|Protect|p1b: Rice Shower\n|-singleturn|p1b: Rice Shower|Protect\n|move|p2a: Chien-Pao|Sucker Punch||[still]\n|-fail|p2a: Chien-Pao\n|move|p1a: Triple T|Substitute|p1a: Triple T\n|-start|p1a: Triple T|Substitute\n|-damage|p1a: Triple T|76/100\n|\n|upkeep\n|turn|7\n|-message|Unskilled99 forfeited.\n|\n|win|TheManOfSausage\n|raw|TheManOfSausage's rating: 1602 &rarr; <strong>1617</strong><br />(+15 for winning)\n|raw|Unskilled99's rating: 1512 &rarr; <strong>1497</strong><br />(-15 for losing)\n|l|\u2606Unskilled99\n|player|p2|\n|l|\u2606TheManOfSausage\n|player|p1|\n","uploadtime":1770965345,"views":42,"formatid":"gen9vgc2026regi","rating":1497,"private":0,"password":null}