{"id":"gen9vgc2026regi-2560947473","format":"[Gen 9] VGC 2026 Reg I","players":["Jonen","LinkXswords"],"log":"|j|\u2606Jonen\n|j|\u2606LinkXswords\n|t:|1773750691\n|gametype|doubles\n|player|p1|Jonen|hiker-gen4|1309\n|player|p2|LinkXswords|zinnia|1375\n|gen|9\n|tier|[Gen 9] VGC 2026 Reg I\n|rated|\n|rule|Species Clause: Limit one of each Pok\u00e9mon\n|rule|Item Clause: Limit 1 of each item\n|clearpoke\n|poke|p1|Groudon, L50|\n|poke|p1|Lunala, L50|\n|poke|p1|Sableye, L50, F|\n|poke|p1|Chi-Yu, L50|\n|poke|p1|Rillaboom, L50, M|\n|poke|p1|Jumpluff, L50, F|\n|poke|p2|Calyrex-Ice, L50|\n|poke|p2|Miraidon, L50|\n|poke|p2|Iron Hands, L50|\n|poke|p2|Farigiraf, L50, M|\n|poke|p2|Ogerpon-Hearthflame, L50, F|\n|poke|p2|Urshifu-*, L50, M|\n|teampreview|4\nLinkXswords rejected open team sheets.\n|inactive|Battle timer is ON: inactive players will automatically lose when time's up. (requested by LinkXswords)\n|inactive|Jonen has 60 seconds left.\n|\n|t:|1773750750\n|teamsize|p1|4\n|teamsize|p2|4\n|start\n|switch|p1a: Lunala|Lunala, L50|100/100\n|switch|p1b: Sableye|Sableye, L50, F|100/100\n|switch|p2a: Belmonda|Miraidon, L50|100/100\n|switch|p2b: Rafa|Farigiraf, L50, M, shiny|100/100\n|-fieldstart|move: Electric Terrain|[from] ability: Hadron Engine|[of] p2a: Belmonda\n|turn|1\n|\n|t:|1773750763\n|switch|p1a: Groudon|Groudon, L50|100/100\n|-weather|SunnyDay|[from] ability: Drought|[of] p1a: Groudon\n|move|p1b: Sableye|Gravity|p1b: Sableye\n|-fieldstart|move: Gravity\n|move|p2a: Belmonda|Electro Drift|p1a: Groudon\n|-immune|p1a: Groudon\n|move|p2b: Rafa|Foul Play|p1a: Groudon\n|-damage|p1a: Groudon|70/100\n|\n|-weather|SunnyDay|[upkeep]\n|upkeep\n|turn|2\n|\n|t:|1773750782\n|switch|p2a: Ibai|Iron Hands, L50|100/100\n|-activate|p2a: Ibai|ability: Quark Drive\n|-start|p2a: Ibai|quarkdriveatk\n|move|p1a: Groudon|Precipice Blades|p2a: Ibai|[spread] p2a,p2b\n|-supereffective|p2a: Ibai\n|-damage|p2a: Ibai|0 fnt\n|-damage|p2b: Rafa|42/100\n|faint|p2a: Ibai\n|-end|p2a: Ibai|Quark Drive|[silent]\n|-damage|p1a: Groudon|60/100|[from] item: Life Orb\n|move|p1b: Sableye|Foul Play|p2b: Rafa\n|-supereffective|p2b: Rafa\n|-damage|p2b: Rafa|0 fnt\n|faint|p2b: Rafa\n|\n|-weather|SunnyDay|[upkeep]\n|upkeep\n|\n|t:|1773750792\n|switch|p2b: Belmonda|Miraidon, L50|100/100\n|switch|p2a: Cabez\u00f3n|Calyrex-Ice, L50|100/100\n|-ability|p2a: Cabez\u00f3n|As One\n|-ability|p2a: Cabez\u00f3n|Unnerve\n|-activate|p2b: Belmonda|ability: Hadron Engine\n|turn|3\n|\n|t:|1773750804\n|-terastallize|p2b: Belmonda|Fairy\n|-terastallize|p1a: Groudon|Fire\n|move|p1b: Sableye|Quash|p2b: Belmonda\n|-activate|p2b: Belmonda|move: Quash\n|move|p1a: Groudon|Precipice Blades|p2a: Cabez\u00f3n|[spread] p2a,p2b\n|-damage|p2a: Cabez\u00f3n|59/100\n|-damage|p2b: Belmonda|22/100\n|-damage|p1a: Groudon|51/100|[from] item: Life Orb\n|move|p2a: Cabez\u00f3n|Glacial Lance|p1a: Groudon|[spread] p1a,p1b\n|-resisted|p1a: Groudon\n|-damage|p1a: Groudon|29/100\n|-damage|p1b: Sableye|38/100\n|move|p2b: Belmonda|Dazzling Gleam|p1b: Sableye|[spread] p1a,p1b\n|-resisted|p1a: Groudon\n|-supereffective|p1b: Sableye\n|-damage|p1a: Groudon|0 fnt\n|-damage|p1b: Sableye|0 fnt\n|faint|p1a: Groudon\n|faint|p1b: Sableye\n|\n|-weather|SunnyDay|[upkeep]\n|upkeep\n|\n|t:|1773750815\n|switch|p1a: Lunala|Lunala, L50|100/100\n|switch|p1b: Jumpluff|Jumpluff, L50, F|100/100\n|turn|4\n|\n|t:|1773750824\n|move|p1b: Jumpluff|Tailwind|p1b: Jumpluff\n|-sidestart|p1: Jonen|move: Tailwind\n|move|p1a: Lunala|Moongeist Beam|p2a: Cabez\u00f3n\n|-supereffective|p2a: Cabez\u00f3n\n|-damage|p2a: Cabez\u00f3n|0 fnt\n|faint|p2a: Cabez\u00f3n\n|move|p2b: Belmonda|Dazzling Gleam|p1a: Lunala|[spread] p1a,p1b\n|-damage|p1a: Lunala|74/100\n|-damage|p1b: Jumpluff|31/100\n|\n|-weather|SunnyDay|[upkeep]\n|upkeep\n|turn|5\n|\n|t:|1773750835\n|move|p1b: Jumpluff|Encore|p2b: Belmonda\n|-start|p2b: Belmonda|Encore\n|move|p1a: Lunala|Moongeist Beam|p2b: Belmonda\n|-damage|p2b: Belmonda|0 fnt\n|faint|p2b: Belmonda\n|\n|win|Jonen\n|raw|Jonen's rating: 1309 &rarr; <strong>1333</strong><br />(+24 for winning)\n|raw|LinkXswords's rating: 1375 &rarr; <strong>1351</strong><br />(-24 for losing)\n","uploadtime":1773750836,"views":10,"formatid":"gen9vgc2026regi","rating":1333,"private":0,"password":null}