{"id":"gen9vgc2026regi-2519306938","format":"[Gen 9] VGC 2026 Reg I","players":["liviopocoyoco","1zha"],"log":"|j|\u2606liviopocoyoco\n|j|\u26061zha\n|t:|1768494191\n|gametype|doubles\n|player|p1|liviopocoyoco|lusamine-nihilego|1235\n|player|p2|1zha|battlegirl-gen4|1270\n|gen|9\n|tier|[Gen 9] VGC 2026 Reg I\n|rated|\n|rule|Species Clause: Limit one of each Pok\u00e9mon\n|rule|Item Clause: Limit 1 of each item\n|clearpoke\n|poke|p1|Zacian-*, L50|\n|poke|p1|Lunala, L50|\n|poke|p1|Indeedee-F, L50, F|\n|poke|p1|Zapdos-Galar, L50|\n|poke|p1|Pelipper, L50, F|\n|poke|p1|Ting-Lu, L50|\n|poke|p2|Grimmsnarl, L50, M|\n|poke|p2|Miraidon, L50|\n|poke|p2|Iron Hands, L50|\n|poke|p2|Ditto, L50|\n|poke|p2|Urshifu-*, L50, F|\n|poke|p2|Ho-Oh, L50|\n|teampreview|4\n|inactive|Battle timer is ON: inactive players will automatically lose when time's up. (requested by liviopocoyoco)\n|inactive|liviopocoyoco has 60 seconds left.\n|\n|t:|1768494237\n|teamsize|p1|4\n|teamsize|p2|4\n|start\n|switch|p1a: Indeedee|Indeedee-F, L50, F|100/100\n|switch|p1b: Zacian|Zacian-Crowned, L50, shiny|100/100\n|switch|p2a: Ho-Oh|Ho-Oh, L50|100/100\n|switch|p2b: Ditto|Ditto, L50|100/100\n|-ability|p1b: Zacian|Intrepid Sword|boost\n|-boost|p1b: Zacian|atk|1\n|-transform|p2b: Ditto|p1a: Indeedee|[from] ability: Imposter\n|-fieldstart|move: Psychic Terrain|[from] ability: Psychic Surge|[of] p2b: Ditto\n|-enditem|p1a: Indeedee|Psychic Seed\n|-boost|p1a: Indeedee|spd|1|[from] item: Psychic Seed\n|turn|1\n|c|\u2606liviopocoyoco|!weakness indeedee\n|c| liviopocoyoco|/raw <div class=\"infobox\">Indeedee (ignoring abilities):<br /><span class=\"message-effect-weak\">Weaknesses</span>: Bug, Dark<br /><span class=\"message-effect-resist\">Resistances</span>: Psychic<br /><span class=\"message-effect-immune\">Immunities</span>: Ghost</div>\n|inactive|1zha has 30 seconds left.\n|j| Rxu\n|inactive|liviopocoyoco has 30 seconds left.\n|inactive|1zha has 20 seconds left.\n|\n|t:|1768494273\n|switch|p2b: Urshifu|Urshifu-Rapid-Strike, L50, F|100/100\n|move|p1a: Indeedee|Follow Me|p1a: Indeedee\n|-singleturn|p1a: Indeedee|move: Follow Me\n|move|p1b: Zacian|Play Rough|p2b: Urshifu\n|-supereffective|p2b: Urshifu\n|-enditem|p2b: Urshifu|Focus Sash\n|-damage|p2b: Urshifu|1/100\n|-unboost|p2b: Urshifu|atk|1\n|move|p2a: Ho-Oh|Sacred Fire|p1a: Indeedee\n|-damage|p1a: Indeedee|56/100\n|\n|upkeep\n|turn|2\n|inactive|liviopocoyoco has 30 seconds left.\n|inactive|1zha has 30 seconds left.\n|inactive|liviopocoyoco has 20 seconds left.\n|\n|t:|1768494311\n|switch|p1b: Lunala|Lunala, L50|100/100\n|switch|p2a: Ditto|Ditto, L50|100/100\n|-transform|p2a: Ditto|p1b: Lunala|[from] ability: Imposter\n|move|p1a: Indeedee|Follow Me|p1a: Indeedee\n|-singleturn|p1a: Indeedee|move: Follow Me\n|move|p2b: Urshifu|U-turn|p1a: Indeedee\n|-supereffective|p1a: Indeedee\n|-damage|p1a: Indeedee|20/100\n|\n|t:|1768494323\n|switch|p2b: Miraidon|Miraidon, L50|100/100|[from] U-turn\n|-fieldstart|move: Electric Terrain|[from] ability: Hadron Engine|[of] p2b: Miraidon\n|\n|upkeep\n|turn|3\n|\n|t:|1768494339\n|switch|p1a: Zapdos|Zapdos-Galar, L50, shiny|100/100\n|-terastallize|p1b: Lunala|Fairy\n|move|p2a: Ditto|Moongeist Beam|p1b: Lunala\n|-damage|p1b: Lunala|83/100\n|move|p2b: Miraidon|Electro Drift|p1a: Zapdos\n|-supereffective|p1a: Zapdos\n|-damage|p1a: Zapdos|0 fnt\n|faint|p1a: Zapdos\n|-damage|p2b: Miraidon|91/100|[from] item: Life Orb\n|move|p1b: Lunala|Moongeist Beam|p2a: Ditto\n|-supereffective|p2a: Ditto\n|-damage|p2a: Ditto|0 fnt\n|faint|p2a: Ditto\n|\n|upkeep\n|\n|t:|1768494364\n|switch|p1a: Zacian|Zacian-Crowned, L50, shiny|100/100\n|switch|p2a: Ho-Oh|Ho-Oh, L50|100/100\n|turn|4\n|\n|t:|1768494373\n|-terastallize|p2a: Ho-Oh|Grass\n|move|p2b: Miraidon|Protect|p2b: Miraidon\n|-singleturn|p2b: Miraidon|Protect\n|move|p1a: Zacian|Play Rough|p2b: Miraidon\n|-activate|p2b: Miraidon|move: Protect\n|move|p1b: Lunala|Meteor Beam||[still]\n|-prepare|p1b: Lunala|Meteor Beam\n|-boost|p1b: Lunala|spa|1\n|-enditem|p1b: Lunala|Power Herb\n|-anim|p1b: Lunala|Meteor Beam|p2a: Ho-Oh\n|-damage|p2a: Ho-Oh|63/100\n|move|p2a: Ho-Oh|Tailwind|p2a: Ho-Oh\n|-sidestart|p2: 1zha|move: Tailwind\n|\n|upkeep\n|turn|5\n|\n|t:|1768494392\n|switch|p1a: Indeedee|Indeedee-F, L50, F|20/100\n|-fieldstart|move: Psychic Terrain|[from] ability: Psychic Surge|[of] p1a: Indeedee\n|move|p2b: Miraidon|Electro Drift|p1b: Lunala\n|-damage|p1b: Lunala|34/100\n|-damage|p2b: Miraidon|82/100|[from] item: Life Orb\n|move|p2a: Ho-Oh|Sacred Fire|p1a: Indeedee\n|-damage|p1a: Indeedee|0 fnt\n|faint|p1a: Indeedee\n|move|p1b: Lunala|Expanding Force|p2b: Miraidon|[spread] p2a,p2b\n|-damage|p2a: Ho-Oh|8/100\n|-damage|p2b: Miraidon|6/100\n|\n|upkeep\n|\n|t:|1768494404\n|switch|p1a: Zacian|Zacian-Crowned, L50, shiny|100/100\n|turn|6\n|\n|t:|1768494417\n|move|p2b: Miraidon|Electro Drift|p1b: Lunala\n|-damage|p1b: Lunala|0 fnt\n|faint|p1b: Lunala\n|-damage|p2b: Miraidon|0 fnt|[from] item: Life Orb\n|faint|p2b: Miraidon\n|move|p2a: Ho-Oh|Sacred Fire|p1a: Zacian\n|-supereffective|p1a: Zacian\n|-damage|p1a: Zacian|4/100\n|-status|p1a: Zacian|brn\n|move|p1a: Zacian|Behemoth Blade|p2a: Ho-Oh\n|-damage|p2a: Ho-Oh|0 fnt\n|-damage|p1a: Zacian|0 fnt|[from] item: Rocky Helmet|[of] p2a: Ho-Oh\n|faint|p2a: Ho-Oh\n|faint|p1a: Zacian\n|\n|win|1zha\n|raw|liviopocoyoco's rating: 1235 &rarr; <strong>1213</strong><br />(-22 for losing)\n|raw|1zha's rating: 1270 &rarr; <strong>1292</strong><br />(+22 for winning)\n|l|\u2606liviopocoyoco\n|player|p1|\n|l|\u26061zha\n|player|p2|\n|l| Rxu\n","uploadtime":1768494569,"views":11,"formatid":"gen9vgc2026regi","rating":1213,"private":0,"password":null}