{"id":"gen9vgc2026regi-2568958556","format":"[Gen 9] VGC 2026 Reg I","players":["Hikawari3","youngtester3"],"log":"|j|\u2606Hikawari3\n|j|\u2606youngtester3\n|t:|1774636387\n|gametype|doubles\n|player|p1|Hikawari3|n|1370\n|player|p2|youngtester3|shadowtriad|1327\n|gen|9\n|tier|[Gen 9] VGC 2026 Reg I\n|rated|\n|rule|Species Clause: Limit one of each Pok\u00e9mon\n|rule|Item Clause: Limit 1 of each item\n|clearpoke\n|poke|p1|Ogerpon-Cornerstone, L50, F|\n|poke|p1|Whimsicott, L50, M|\n|poke|p1|Calyrex-Shadow, L50|\n|poke|p1|Indeedee-F, L50, F|\n|poke|p1|Zamazenta-*, L50|\n|poke|p1|Urshifu-*, L50, F|\n|poke|p2|Terapagos, L50, M|\n|poke|p2|Comfey, L50, F|\n|poke|p2|Sableye, L50, M|\n|poke|p2|Lunala, L50|\n|poke|p2|Rillaboom, L50, M|\n|poke|p2|Volcarona, L50, F|\n|teampreview|4\n|inactive|Battle timer is ON: inactive players will automatically lose when time's up. (requested by Hikawari3)\n|\n|t:|1774636418\n|teamsize|p1|4\n|teamsize|p2|4\n|start\n|switch|p1a: Whimsicott|Whimsicott, L50, M|100/100\n|switch|p1b: Calyrex|Calyrex-Shadow, L50|100/100\n|switch|p2a: Terapagos|Terapagos, L50, M|100/100\n|switch|p2b: Sableye|Sableye, L50, M|100/100\n|-activate|p2a: Terapagos|ability: Tera Shift\n|detailschange|p2a: Terapagos|Terapagos-Terastal, L50, M\n|-heal|p2a: Terapagos|100/100|[silent]\n|-ability|p1b: Calyrex|As One\n|-ability|p1b: Calyrex|Unnerve\n|turn|1\n|\n|t:|1774636441\n|move|p1b: Calyrex|Protect|p1b: Calyrex\n|-singleturn|p1b: Calyrex|Protect\n|move|p2b: Sableye|Encore||[still]\n|-fail|p2b: Sableye\n|move|p1a: Whimsicott|Dazzling Gleam|p2a: Terapagos|[spread] p2a,p2b\n|-activate|p2a: Terapagos|ability: Tera Shell\n|-resisted|p2a: Terapagos\n|-supereffective|p2b: Sableye\n|-damage|p2a: Terapagos|93/100\n|-damage|p2b: Sableye|57/100\n|move|p2a: Terapagos|Calm Mind|p2a: Terapagos\n|-boost|p2a: Terapagos|spa|1\n|-boost|p2a: Terapagos|spd|1\n|\n|-heal|p2a: Terapagos|99/100|[from] item: Leftovers\n|upkeep\n|turn|2\n|\n|t:|1774636459\n|-terastallize|p1b: Calyrex|Dark\n|move|p2a: Terapagos|Protect|p2a: Terapagos\n|-singleturn|p2a: Terapagos|Protect\n|move|p1a: Whimsicott|Encore|p2a: Terapagos\n|-activate|p2a: Terapagos|move: Protect\n|move|p2b: Sableye|Encore||[still]\n|-fail|p2b: Sableye\n|move|p1b: Calyrex|Astral Barrage|p2a: Terapagos|[spread] p2b\n|-activate|p2a: Terapagos|move: Protect\n|-damage|p2b: Sableye|0 fnt\n|faint|p2b: Sableye\n|-ability|p1b: Calyrex|Grim Neigh|boost\n|-boost|p1b: Calyrex|spa|1\n|-damage|p1b: Calyrex|91/100|[from] item: Life Orb\n|\n|-heal|p2a: Terapagos|100/100|[from] item: Leftovers\n|upkeep\n|\n|t:|1774636470\n|switch|p2b: Lunala|Lunala, L50, shiny|100/100\n|turn|3\n|\n|t:|1774636493\n|switch|p2a: Comfey|Comfey, L50, F|100/100\n|-terastallize|p2b: Lunala|Water\n|move|p1a: Whimsicott|Encore||[still]\n|-fail|p1a: Whimsicott\n|move|p1b: Calyrex|Astral Barrage|p2b: Lunala|[spread] p2a,p2b\n|-damage|p2a: Comfey|0 fnt\n|-damage|p2b: Lunala|55/100\n|faint|p2a: Comfey\n|-ability|p1b: Calyrex|Grim Neigh|boost\n|-boost|p1b: Calyrex|spa|1\n|-damage|p1b: Calyrex|81/100|[from] item: Life Orb\n|move|p2b: Lunala|Meteor Beam||[still]\n|-prepare|p2b: Lunala|Meteor Beam\n|-boost|p2b: Lunala|spa|1\n|-enditem|p2b: Lunala|Power Herb\n|-anim|p2b: Lunala|Meteor Beam|p1b: Calyrex\n|-damage|p1b: Calyrex|19/100\n|\n|upkeep\n|\n|t:|1774636504\n|switch|p2a: Terapagos|Terapagos-Terastal, L50, M|100/100\n|turn|4\n|\n|t:|1774636518\n|move|p2b: Lunala|Wide Guard|p2b: Lunala\n|-singleturn|p2b: Lunala|Wide Guard\n|move|p1b: Calyrex|Psychic|p2b: Lunala\n|-damage|p2b: Lunala|0 fnt\n|faint|p2b: Lunala\n|-ability|p1b: Calyrex|Grim Neigh|boost\n|-boost|p1b: Calyrex|spa|1\n|-damage|p1b: Calyrex|9/100|[from] item: Life Orb\n|move|p1a: Whimsicott|Dazzling Gleam|p2a: Terapagos\n|-activate|p2a: Terapagos|move: Wide Guard\n|move|p2a: Terapagos|Tera Starstorm|p1b: Calyrex\n|-damage|p1b: Calyrex|0 fnt\n|faint|p1b: Calyrex\n|\n|upkeep\n|\n|t:|1774636534\n|switch|p1b: Zamazenta|Zamazenta-Crowned, L50|100/100\n|-ability|p1b: Zamazenta|Dauntless Shield|boost\n|-boost|p1b: Zamazenta|def|1\n|turn|5\n|-message|youngtester3 forfeited.\n|\n|win|Hikawari3\n|raw|Hikawari3's rating: 1370 &rarr; <strong>1388</strong><br />(+18 for winning)\n|raw|youngtester3's rating: 1327 &rarr; <strong>1309</strong><br />(-18 for losing)\n|l|\u2606youngtester3\n|player|p2|\n|l|\u2606Hikawari3\n|player|p1|\n","uploadtime":1774636704,"views":12,"formatid":"gen9vgc2026regi","rating":1309,"private":0,"password":null}