{"id":"gen9vgc2026regi-2520323748","format":"[Gen 9] VGC 2026 Reg I","players":["parramanmatt","yubanmeiqin"],"log":"|j|\u2606parramanmatt\n|j|\u2606yubanmeiqin\n|t:|1768613530\n|gametype|doubles\n|player|p1|parramanmatt|chuck|1269\n|player|p2|yubanmeiqin|iono-masters|1336\n|gen|9\n|tier|[Gen 9] VGC 2026 Reg I\n|rated|\n|rule|Species Clause: Limit one of each Pok\u00e9mon\n|rule|Item Clause: Limit 1 of each item\n|clearpoke\n|poke|p1|Miraidon, L50|\n|poke|p1|Lunala, L50|\n|poke|p1|Ursaluna, L50, F|\n|poke|p1|Incineroar, L50, M|\n|poke|p1|Ogerpon-Wellspring, L50, F|\n|poke|p1|Thundurus-Therian, L50, M|\n|poke|p2|Calyrex-Shadow, L50|\n|poke|p2|Zamazenta-*, L50|\n|poke|p2|Incineroar, L50, F|\n|poke|p2|Rillaboom, L50, M|\n|poke|p2|Ogerpon-Cornerstone, L50, F|\n|poke|p2|Tornadus, L50, M|\n|teampreview|4\n|inactive|Battle timer is ON: inactive players will automatically lose when time's up. (requested by parramanmatt)\n|inactive|yubanmeiqin has 60 seconds left.\n|\n|t:|1768613565\n|teamsize|p1|4\n|teamsize|p2|4\n|start\n|switch|p1a: Miraidon|Miraidon, L50|100/100\n|switch|p1b: Incineroar|Incineroar, L50, M|100/100\n|switch|p2a: Zamazenta|Zamazenta-Crowned, L50|100/100\n|switch|p2b: Rillaboom|Rillaboom, L50, M|100/100\n|-fieldstart|move: Electric Terrain|[from] ability: Hadron Engine|[of] p1a: Miraidon\n|-ability|p2a: Zamazenta|Dauntless Shield|boost\n|-boost|p2a: Zamazenta|def|1\n|-fieldstart|move: Grassy Terrain|[from] ability: Grassy Surge|[of] p2b: Rillaboom\n|-ability|p1b: Incineroar|Intimidate|boost\n|-unboost|p2a: Zamazenta|atk|1\n|-unboost|p2b: Rillaboom|atk|1\n|turn|1\n|inactive|yubanmeiqin has 30 seconds left.\n|\n|t:|1768613592\n|switch|p1b: Lunala|Lunala, L50|100/100\n|move|p1a: Miraidon|Protect|p1a: Miraidon\n|-singleturn|p1a: Miraidon|Protect\n|move|p2a: Zamazenta|Body Press|p1a: Miraidon\n|-activate|p1a: Miraidon|move: Protect\n|move|p2b: Rillaboom|U-turn|p1b: Lunala\n|-damage|p1b: Lunala|95/100\n|\n|t:|1768613602\n|switch|p2b: Calyrex|Calyrex-Shadow, L50|100/100|[from] U-turn\n|-ability|p2b: Calyrex|As One\n|-ability|p2b: Calyrex|Unnerve\n|\n|-heal|p1b: Lunala|100/100|[from] Grassy Terrain\n|upkeep\n|turn|2\n|\n|t:|1768613615\n|switch|p1a: Incineroar|Incineroar, L50, M|100/100\n|-ability|p1a: Incineroar|Intimidate|boost\n|-unboost|p2a: Zamazenta|atk|1\n|-unboost|p2b: Calyrex|atk|1\n|-terastallize|p2b: Calyrex|Dark\n|-terastallize|p1b: Lunala|Fairy\n|move|p2b: Calyrex|Astral Barrage|p1a: Incineroar|[spread] p1a,p1b\n|-resisted|p1a: Incineroar\n|-damage|p1a: Incineroar|83/100\n|-damage|p1b: Lunala|80/100\n|move|p2a: Zamazenta|Body Press|p1a: Incineroar\n|-supereffective|p1a: Incineroar\n|-damage|p1a: Incineroar|0 fnt\n|faint|p1a: Incineroar\n|move|p1b: Lunala|Trick Room|p1b: Lunala\n|-fieldstart|move: Trick Room|[of] p1b: Lunala\n|\n|-heal|p1b: Lunala|86/100|[from] Grassy Terrain\n|upkeep\n|\n|t:|1768613633\n|switch|p1a: Miraidon|Miraidon, L50|100/100\n|-fieldstart|move: Electric Terrain|[from] ability: Hadron Engine|[of] p1a: Miraidon\n|turn|3\n|\n|t:|1768613642\n|switch|p2b: Rillaboom|Rillaboom, L50, M|100/100\n|-fieldstart|move: Grassy Terrain|[from] ability: Grassy Surge|[of] p2b: Rillaboom\n|move|p1b: Lunala|Moonblast|p2b: Rillaboom\n|-damage|p2b: Rillaboom|64/100\n|move|p2a: Zamazenta|Body Press|p1a: Miraidon\n|-damage|p1a: Miraidon|35/100\n|move|p1a: Miraidon|Electro Drift|p2a: Zamazenta\n|-damage|p2a: Zamazenta|52/100\n|-damage|p1a: Miraidon|25/100|[from] item: Life Orb\n|\n|-heal|p2b: Rillaboom|70/100|[from] Grassy Terrain\n|-heal|p1b: Lunala|92/100|[from] Grassy Terrain\n|-heal|p2a: Zamazenta|58/100|[from] Grassy Terrain\n|-heal|p1a: Miraidon|31/100|[from] Grassy Terrain\n|upkeep\n|turn|4\n|\n|t:|1768613664\n|move|p1a: Miraidon|Protect|p1a: Miraidon\n|-singleturn|p1a: Miraidon|Protect\n|move|p2b: Rillaboom|Fake Out|p1b: Lunala\n|-damage|p1b: Lunala|83/100\n|move|p2a: Zamazenta|Body Press|p1a: Miraidon\n|-activate|p1a: Miraidon|move: Protect\n|cant|p1b: Lunala|flinch\n|\n|-heal|p2b: Rillaboom|76/100|[from] Grassy Terrain\n|-heal|p1b: Lunala|89/100|[from] Grassy Terrain\n|-heal|p2a: Zamazenta|64/100|[from] Grassy Terrain\n|-heal|p1a: Miraidon|37/100|[from] Grassy Terrain\n|upkeep\n|turn|5\n|\n|t:|1768613677\n|switch|p1a: Thundurus|Thundurus-Therian, L50, M|100/100\n|move|p2b: Rillaboom|Wood Hammer|p1b: Lunala\n|-damage|p1b: Lunala|27/100\n|-damage|p2b: Rillaboom|53/100|[from] Recoil\n|move|p2a: Zamazenta|Body Press|p1a: Thundurus\n|-resisted|p1a: Thundurus\n|-damage|p1a: Thundurus|48/100\n|move|p1b: Lunala|Trick Room|p1b: Lunala\n|-fieldend|move: Trick Room\n|\n|-heal|p2a: Zamazenta|71/100|[from] Grassy Terrain\n|-heal|p1b: Lunala|33/100|[from] Grassy Terrain\n|-heal|p2b: Rillaboom|59/100|[from] Grassy Terrain\n|upkeep\n|turn|6\n|\n|t:|1768613700\n|move|p2a: Zamazenta|Protect|p2a: Zamazenta\n|-singleturn|p2a: Zamazenta|Protect\n|move|p1a: Thundurus|Wildbolt Storm|p2b: Rillaboom|[spread] p2b\n|-activate|p2a: Zamazenta|move: Protect\n|-resisted|p2b: Rillaboom\n|-damage|p2b: Rillaboom|43/100\n|move|p1b: Lunala|Moongeist Beam|p2a: Zamazenta\n|-activate|p2a: Zamazenta|move: Protect\n|move|p2b: Rillaboom|U-turn|p1b: Lunala\n|-resisted|p1b: Lunala\n|-damage|p1b: Lunala|25/100\n|\n|t:|1768613705\n|switch|p2b: Calyrex|Calyrex-Shadow, L50, tera:Dark|100/100|[from] U-turn\n|-ability|p2b: Calyrex|As One\n|-ability|p2b: Calyrex|Unnerve\n|\n|-heal|p2a: Zamazenta|77/100|[from] Grassy Terrain\n|-heal|p1b: Lunala|32/100|[from] Grassy Terrain\n|upkeep\n|turn|7\n|\n|t:|1768613721\n|move|p2a: Zamazenta|Wide Guard|p2a: Zamazenta\n|-singleturn|p2a: Zamazenta|Wide Guard\n|move|p1a: Thundurus|Wildbolt Storm|p2b: Calyrex|[spread] \n|-activate|p2a: Zamazenta|move: Wide Guard\n|-activate|p2b: Calyrex|move: Wide Guard\n|move|p2b: Calyrex|Psychic|p1b: Lunala\n|-damage|p1b: Lunala|0 fnt\n|faint|p1b: Lunala\n|-ability|p2b: Calyrex|Grim Neigh|boost\n|-boost|p2b: Calyrex|spa|1\n|\n|-heal|p2a: Zamazenta|83/100|[from] Grassy Terrain\n|-fieldend|move: Grassy Terrain\n|upkeep\n|-message|parramanmatt forfeited.\n|\n|win|yubanmeiqin\n|raw|parramanmatt's rating: 1269 &rarr; <strong>1249</strong><br />(-20 for losing)\n|raw|yubanmeiqin's rating: 1336 &rarr; <strong>1352</strong><br />(+16 for winning)\n|l|\u2606parramanmatt\n|player|p1|\n|l|\u2606yubanmeiqin\n|player|p2|\n","uploadtime":1768613952,"views":12,"formatid":"gen9vgc2026regi","rating":1249,"private":0,"password":null}