{"id":"gen9vgc2026regi-2529416634","format":"[Gen 9] VGC 2026 Reg I","players":["ky123456","kojimuranishi"],"log":"|j|\u2606ky123456\n|j|\u2606kojimuranishi\n|t:|1769785199\n|gametype|doubles\n|player|p1|ky123456|cynthia-gen4|1533\n|player|p2|kojimuranishi|1|1479\n|gen|9\n|tier|[Gen 9] VGC 2026 Reg I\n|rated|\n|rule|Species Clause: Limit one of each Pok\u00e9mon\n|rule|Item Clause: Limit 1 of each item\n|clearpoke\n|poke|p1|Kyogre, L50|\n|poke|p1|Calyrex-Ice, L50|\n|poke|p1|Urshifu-*, L50, M|\n|poke|p1|Amoonguss, L50, M|\n|poke|p1|Iron Jugulis, L50|\n|poke|p1|Rillaboom, L50, M|\n|poke|p2|Whimsicott, L50, M|\n|poke|p2|Calyrex-Ice, L50|\n|poke|p2|Miraidon, L50|\n|poke|p2|Chi-Yu, L50|\n|poke|p2|Landorus, L50, M|\n|poke|p2|Iron Hands, L50|\n|teampreview|4\n|inactive|Battle timer is ON: inactive players will automatically lose when time's up. (requested by kojimuranishi)\n|\n|t:|1769785229\n|teamsize|p1|4\n|teamsize|p2|4\n|start\n|switch|p1a: Calyrex|Calyrex-Ice, L50|100/100\n|switch|p1b: Rillaboom|Rillaboom, L50, M|100/100\n|switch|p2a: Whimsicott|Whimsicott, L50, M|100/100\n|switch|p2b: Calyrex|Calyrex-Ice, L50|100/100\n|-ability|p2b: Calyrex|As One\n|-ability|p2b: Calyrex|Unnerve\n|-ability|p1a: Calyrex|As One\n|-ability|p1a: Calyrex|Unnerve\n|-fieldstart|move: Grassy Terrain|[from] ability: Grassy Surge|[of] p1b: Rillaboom\n|turn|1\n|\n|t:|1769785247\n|move|p1b: Rillaboom|Fake Out|p2b: Calyrex\n|-damage|p2b: Calyrex|90/100\n|move|p2a: Whimsicott|Moonblast|p1a: Calyrex\n|-damage|p1a: Calyrex|75/100\n|cant|p2b: Calyrex|flinch\n|move|p1a: Calyrex|Glacial Lance|p2a: Whimsicott|[spread] p2a,p2b\n|-supereffective|p2a: Whimsicott\n|-resisted|p2b: Calyrex\n|-enditem|p2a: Whimsicott|Focus Sash\n|-damage|p2a: Whimsicott|1/100\n|-damage|p2b: Calyrex|71/100\n|\n|-heal|p2a: Whimsicott|7/100|[from] Grassy Terrain\n|-heal|p2b: Calyrex|77/100|[from] Grassy Terrain\n|-heal|p1a: Calyrex|81/100|[from] Grassy Terrain\n|upkeep\n|turn|2\n|inactive|ky123456 has 30 seconds left.\n|inactive|kojimuranishi has 30 seconds left.\n|inactive|ky123456 has 20 seconds left.\n|inactive|kojimuranishi has 20 seconds left.\n|inactive|ky123456 has 15 seconds left.\n|inactive|ky123456 has 10 seconds left.\n|\n|t:|1769785297\n|switch|p2a: Iron Hands|Iron Hands, L50|100/100\n|-terastallize|p2b: Calyrex|Ice\n|move|p1a: Calyrex|Protect|p1a: Calyrex\n|-singleturn|p1a: Calyrex|Protect\n|move|p1b: Rillaboom|Grassy Glide|p2a: Iron Hands\n|-crit|p2a: Iron Hands\n|-damage|p2a: Iron Hands|64/100\n|move|p2b: Calyrex|Glacial Lance|p1a: Calyrex|[spread] p1b\n|-activate|p1a: Calyrex|move: Protect\n|-supereffective|p1b: Rillaboom\n|-damage|p1b: Rillaboom|0 fnt\n|faint|p1b: Rillaboom\n|-ability|p2b: Calyrex|Chilling Neigh|boost\n|-boost|p2b: Calyrex|atk|1\n|\n|-heal|p2b: Calyrex|83/100|[from] Grassy Terrain\n|-heal|p1a: Calyrex|87/100|[from] Grassy Terrain\n|-heal|p2a: Iron Hands|70/100|[from] Grassy Terrain\n|upkeep\n|\n|t:|1769785311\n|switch|p1b: Kyogre|Kyogre, L50|100/100\n|-weather|RainDance|[from] ability: Drizzle|[of] p1b: Kyogre\n|turn|3\n|inactive|kojimuranishi has 30 seconds left.\n|\n|t:|1769785338\n|move|p1b: Kyogre|Protect|p1b: Kyogre\n|-singleturn|p1b: Kyogre|Protect\n|move|p2b: Calyrex|Glacial Lance|p1b: Kyogre|[spread] p1a\n|-activate|p1b: Kyogre|move: Protect\n|-resisted|p1a: Calyrex\n|-damage|p1a: Calyrex|40/100\n|move|p1a: Calyrex|Glacial Lance|p2b: Calyrex|[spread] p2a,p2b\n|-resisted|p2b: Calyrex\n|-damage|p2a: Iron Hands|30/100\n|-damage|p2b: Calyrex|65/100\n|move|p2a: Iron Hands|Volt Switch|p1a: Calyrex\n|-damage|p1a: Calyrex|29/100\n|\n|t:|1769785351\n|-end|p2a: Iron Hands|Quark Drive|[silent]\n|switch|p2a: Whimsicott|Whimsicott, L50, M|7/100|[from] Volt Switch\n|\n|-weather|RainDance|[upkeep]\n|-heal|p2a: Whimsicott|13/100|[from] Grassy Terrain\n|-heal|p2b: Calyrex|71/100|[from] Grassy Terrain\n|-heal|p1a: Calyrex|35/100|[from] Grassy Terrain\n|upkeep\n|turn|4\n|inactive|ky123456 has 30 seconds left.\n|inactive|ky123456 has 20 seconds left.\n|inactive|ky123456 has 15 seconds left.\n|\n|t:|1769785394\n|switch|p1b: Urshifu|Urshifu-Rapid-Strike, L50, M|100/100\n|move|p2a: Whimsicott|Tailwind|p2a: Whimsicott\n|-sidestart|p2: kojimuranishi|move: Tailwind\n|move|p2b: Calyrex|Glacial Lance|p1b: Urshifu|[spread] p1a,p1b\n|-resisted|p1a: Calyrex\n|-resisted|p1b: Urshifu\n|-damage|p1a: Calyrex|0 fnt\n|-damage|p1b: Urshifu|25/100\n|faint|p1a: Calyrex\n|-ability|p2b: Calyrex|Chilling Neigh|boost\n|-boost|p2b: Calyrex|atk|1\n|\n|-weather|RainDance|[upkeep]\n|-heal|p2a: Whimsicott|19/100|[from] Grassy Terrain\n|-heal|p2b: Calyrex|77/100|[from] Grassy Terrain\n|-heal|p1b: Urshifu|31/100|[from] Grassy Terrain\n|upkeep\n|\n|t:|1769785402\n|switch|p1a: Kyogre|Kyogre, L50|100/100\n|turn|5\n|\n|t:|1769785412\n|move|p1b: Urshifu|Aqua Jet|p2a: Whimsicott\n|-resisted|p2a: Whimsicott\n|-crit|p2a: Whimsicott\n|-damage|p2a: Whimsicott|0 fnt\n|faint|p2a: Whimsicott\n|-damage|p1b: Urshifu|22/100|[from] item: Life Orb\n|move|p2b: Calyrex|Glacial Lance|p1b: Urshifu|[spread] p1a,p1b\n|-resisted|p1a: Kyogre\n|-resisted|p1b: Urshifu\n|-damage|p1a: Kyogre|0 fnt\n|-damage|p1b: Urshifu|0 fnt\n|faint|p1a: Kyogre\n|faint|p1b: Urshifu\n|\n|win|kojimuranishi\n|raw|ky123456's rating: 1533 &rarr; <strong>1510</strong><br />(-23 for losing)\n|raw|kojimuranishi's rating: 1479 &rarr; <strong>1502</strong><br />(+23 for winning)\n|l|\u2606ky123456\n|player|p1|\n|l|\u2606kojimuranishi\n|player|p2|\n","uploadtime":1769785576,"views":19,"formatid":"gen9vgc2026regi","rating":1502,"private":0,"password":null}