{"id":"gen9vgc2026regi-2582620856","format":"[Gen 9] VGC 2026 Reg I","players":["njr25","Jerry Rivera"],"log":"|j|\u2606njr25\n|j|\u2606Jerry Rivera\n|t:|1776103129\n|gametype|doubles\n|player|p1|njr25|fisherman-gen4|1564\n|player|p2|Jerry Rivera|silver|1724\n|gen|9\n|tier|[Gen 9] VGC 2026 Reg I\n|rated|\n|rule|Species Clause: Limit one of each Pok\u00e9mon\n|rule|Item Clause: Limit 1 of each item\n|clearpoke\n|poke|p1|Kyogre, L50|\n|poke|p1|Tornadus, L50, M|\n|poke|p1|Zacian-*, L50|\n|poke|p1|Chi-Yu, L50|\n|poke|p1|Indeedee-F, L50, F|\n|poke|p1|Chesnaught, L50, F|\n|poke|p2|Kyogre, L50|\n|poke|p2|Zacian-*, L50|\n|poke|p2|Tornadus, L50, M|\n|poke|p2|Amoonguss, L50, M|\n|poke|p2|Urshifu-*, L50, F|\n|poke|p2|Ditto, L50|\n|teampreview|4\nnjr25 rejected open team sheets.\n|inactive|Battle timer is ON: inactive players will automatically lose when time's up. (requested by njr25)\n|\n|t:|1776103159\n|teamsize|p1|4\n|teamsize|p2|4\n|start\n|switch|p1a: Fish|Kyogre, L50|100/100\n|switch|p1b: WOOSH|Tornadus, L50, M|100/100\n|switch|p2a: Bukele|Tornadus, L50, M|100/100\n|switch|p2b: F4b C4nch4|Zacian-Crowned, L50|100/100\n|-ability|p2b: F4b C4nch4|Intrepid Sword|boost\n|-boost|p2b: F4b C4nch4|atk|1\n|-weather|RainDance|[from] ability: Drizzle|[of] p1a: Fish\n|turn|1\n|\n|t:|1776103180\n|-terastallize|p2b: F4b C4nch4|Dragon\n|move|p1a: Fish|Protect|p1a: Fish\n|-singleturn|p1a: Fish|Protect\n|move|p2a: Bukele|Tailwind|p2a: Bukele\n|-sidestart|p2: Jerry Rivera|move: Tailwind\n|move|p1b: WOOSH|Taunt|p2a: Bukele\n|-start|p2a: Bukele|move: Taunt\n|move|p2b: F4b C4nch4|Play Rough|p1a: Fish\n|-activate|p1a: Fish|move: Protect\n|\n|-weather|RainDance|[upkeep]\n|upkeep\n|turn|2\n|\n|t:|1776103193\n|move|p1b: WOOSH|Tailwind|p1b: WOOSH\n|-sidestart|p1: njr25|move: Tailwind\n|move|p2b: F4b C4nch4|Play Rough|p1a: Fish\n|-damage|p1a: Fish|8/100\n|move|p2a: Bukele|Bleakwind Storm|p1a: Fish|[spread] p1a,p1b\n|-damage|p1a: Fish|0 fnt\n|-damage|p1b: WOOSH|69/100\n|-unboost|p1b: WOOSH|spe|1\n|faint|p1a: Fish\n|\n|-weather|RainDance|[upkeep]\n|upkeep\n|\n|t:|1776103204\n|switch|p1a: BIG swrod|Zacian-Crowned, L50|100/100\n|-ability|p1a: BIG swrod|Intrepid Sword|boost\n|-boost|p1a: BIG swrod|atk|1\n|turn|3\n|\n|t:|1776103214\n|move|p1a: BIG swrod|Play Rough|p2b: F4b C4nch4\n|-supereffective|p2b: F4b C4nch4\n|-damage|p2b: F4b C4nch4|0 fnt\n|faint|p2b: F4b C4nch4\n|move|p2a: Bukele|Bleakwind Storm|p1a: BIG swrod|[spread] p1a,p1b\n|-resisted|p1a: BIG swrod\n|-damage|p1a: BIG swrod|84/100\n|-damage|p1b: WOOSH|42/100\n|move|p1b: WOOSH|Bleakwind Storm|p2a: Bukele\n|-damage|p2a: Bukele|40/100\n|\n|-weather|RainDance|[upkeep]\n|upkeep\n|\n|t:|1776103224\n|switch|p2b: ItakiChan|Urshifu-Rapid-Strike, L50, F|100/100\n|turn|4\n|\n|t:|1776103229\n|move|p2b: ItakiChan|Surging Strikes|p1a: BIG swrod\n|-crit|p1a: BIG swrod\n|-damage|p1a: BIG swrod|53/100\n|-crit|p1a: BIG swrod\n|-damage|p1a: BIG swrod|23/100\n|-crit|p1a: BIG swrod\n|-damage|p1a: BIG swrod|0 fnt\n|faint|p1a: BIG swrod\n|-hitcount|p1: BIG swrod|3\n|move|p2a: Bukele|Bleakwind Storm|p1b: WOOSH\n|-damage|p1b: WOOSH|3/100\n|-unboost|p1b: WOOSH|spe|1\n|move|p1b: WOOSH|Bleakwind Storm|p2b: ItakiChan|[spread] p2a,p2b\n|-supereffective|p2b: ItakiChan\n|-damage|p2a: Bukele|0 fnt\n|-damage|p2b: ItakiChan|14/100\n|-unboost|p2b: ItakiChan|spe|1\n|faint|p2a: Bukele\n|\n|-weather|RainDance|[upkeep]\n|-sideend|p2: Jerry Rivera|move: Tailwind\n|upkeep\n|\n|t:|1776103246\n|switch|p1a: Chee-Wee|Chi-Yu, L50|100/100\n|switch|p2a: Jerry Rivera|Kyogre, L50|100/100\n|-ability|p1a: Chee-Wee|Beads of Ruin\n|turn|5\n|\n|t:|1776103255\n|-terastallize|p1a: Chee-Wee|Ghost\n|move|p1a: Chee-Wee|Dark Pulse|p2a: Jerry Rivera\n|-crit|p2a: Jerry Rivera\n|-damage|p2a: Jerry Rivera|35/100\n|move|p2a: Jerry Rivera|Origin Pulse|p1b: WOOSH|[spread] p1a,p1b\n|-damage|p1a: Chee-Wee|0 fnt\n|-damage|p1b: WOOSH|0 fnt\n|faint|p1a: Chee-Wee\n|faint|p1b: WOOSH\n|\n|win|Jerry Rivera\n|raw|njr25's rating: 1564 &rarr; <strong>1553</strong><br />(-11 for losing)\n|raw|Jerry Rivera's rating: 1724 &rarr; <strong>1735</strong><br />(+11 for winning)\n|l|\u2606njr25\n|player|p1|\n|l|\u2606Jerry Rivera\n|player|p2|\n","uploadtime":1776103477,"views":21,"formatid":"gen9vgc2026regi","rating":1553,"private":0,"password":null}