{"id":"gen9vgc2026regi-2572715279","format":"[Gen 9] VGC 2026 Reg I","players":["Mirthinion","cnnet"],"log":"|j|\u2606Mirthinion\n|j|\u2606cnnet\n|t:|1775057733\n|gametype|doubles\n|player|p1|Mirthinion|janitor|1477\n|player|p2|cnnet|1|1466\n|gen|9\n|tier|[Gen 9] VGC 2026 Reg I\n|rated|\n|rule|Species Clause: Limit one of each Pok\u00e9mon\n|rule|Item Clause: Limit 1 of each item\n|clearpoke\n|poke|p1|Calyrex-Shadow, L50|\n|poke|p1|Zamazenta-*, L50|\n|poke|p1|Urshifu-*, L50, M|\n|poke|p1|Incineroar, L50, M|\n|poke|p1|Rillaboom, L50, M|\n|poke|p1|Tornadus, L50, M|\n|poke|p2|Kyogre, L50|\n|poke|p2|Tsareena, L50, F|\n|poke|p2|Raichu, L50, M|\n|poke|p2|Luvdisc, L50, M|\n|poke|p2|Tornadus, L50, M|\n|poke|p2|Regidrago, L50|\n|teampreview|4\n|inactive|Battle timer is ON: inactive players will automatically lose when time's up. (requested by Mirthinion)\nMirthinion rejected open team sheets.\n|inactive|Mirthinion has 60 seconds left.\n|\n|t:|1775057787\n|teamsize|p1|4\n|teamsize|p2|4\n|start\n|switch|p1a: Vangwe|Tornadus, L50, M|100/100\n|switch|p1b: Beowulf|Urshifu-Rapid-Strike, L50, M|100/100\n|switch|p2a: Raichu|Raichu, L50, M|100/100\n|switch|p2b: Tornadus|Tornadus, L50, M|100/100\n|turn|1\n|\n|t:|1775057811\n|-terastallize|p1b: Beowulf|Ghost\n|move|p2a: Raichu|Fake Out|p1b: Beowulf\n|-immune|p1b: Beowulf\n|move|p2b: Tornadus|Taunt|p1a: Vangwe\n|-start|p1a: Vangwe|move: Taunt\n|cant|p1a: Vangwe|move: Taunt|Tailwind\n|move|p1b: Beowulf|Surging Strikes|p2a: Raichu\n|-crit|p2a: Raichu\n|-damage|p2a: Raichu|53/100\n|-crit|p2a: Raichu\n|-damage|p2a: Raichu|1/100\n|-crit|p2a: Raichu\n|-damage|p2a: Raichu|0 fnt\n|faint|p2a: Raichu\n|-hitcount|p2: Raichu|3\n|\n|upkeep\n|\n|t:|1775057823\n|switch|p2a: Kyogre|Kyogre, L50|100/100\n|-weather|RainDance|[from] ability: Drizzle|[of] p2a: Kyogre\n|turn|2\n|\n|t:|1775057848\n|-terastallize|p2a: Kyogre|Water\n|move|p2b: Tornadus|Tailwind|p2b: Tornadus\n|-sidestart|p2: cnnet|move: Tailwind\n|move|p2a: Kyogre|Water Spout|p1b: Beowulf|[spread] p1a,p1b\n|-damage|p1a: Vangwe|0 fnt\n|-damage|p1b: Beowulf|0 fnt\n|faint|p1a: Vangwe\n|faint|p1b: Beowulf\n|\n|-weather|RainDance|[upkeep]\n|upkeep\n|\n|t:|1775057856\n|switch|p1b: Mithrandir|Calyrex-Shadow, L50|100/100\n|switch|p1a: Drambor|Zamazenta-Crowned, L50|100/100\n|-ability|p1b: Mithrandir|As One\n|-ability|p1b: Mithrandir|Unnerve\n|-ability|p1a: Drambor|Dauntless Shield|boost\n|-boost|p1a: Drambor|def|1\n|turn|3\n|\n|t:|1775057877\n|switch|p2a: Tsareena|Tsareena, L50, F|100/100\n|move|p1b: Mithrandir|Protect|p1b: Mithrandir\n|-singleturn|p1b: Mithrandir|Protect\n|move|p1a: Drambor|Protect|p1a: Drambor\n|-singleturn|p1a: Drambor|Protect\n|move|p2b: Tornadus|Taunt|p1a: Drambor\n|-activate|p1a: Drambor|move: Protect\n|\n|-weather|RainDance|[upkeep]\n|upkeep\n|turn|4\n|\n|t:|1775057895\n|move|p2b: Tornadus|Taunt|p1a: Drambor\n|-start|p1a: Drambor|move: Taunt\n|move|p2a: Tsareena|Knock Off|p1b: Mithrandir\n|-supereffective|p1b: Mithrandir\n|-enditem|p1b: Mithrandir|Focus Sash\n|-damage|p1b: Mithrandir|1/100\n|move|p1b: Mithrandir|Astral Barrage|p2a: Tsareena|[spread] p2a,p2b\n|-crit|p2a: Tsareena\n|-damage|p2a: Tsareena|9/100\n|-damage|p2b: Tornadus|42/100\n|move|p1a: Drambor|Behemoth Bash|p2b: Tornadus\n|-damage|p2b: Tornadus|0 fnt\n|faint|p2b: Tornadus\n|\n|-weather|RainDance|[upkeep]\n|upkeep\n|\n|t:|1775057909\n|switch|p2b: Kyogre|Kyogre, L50, tera:Water|100/100\n|turn|5\n|\n|t:|1775057918\n|move|p1b: Mithrandir|Protect|p1b: Mithrandir\n|-singleturn|p1b: Mithrandir|Protect\n|move|p2b: Kyogre|Thunder|p1b: Mithrandir\n|-activate|p1b: Mithrandir|move: Protect\n|move|p2a: Tsareena|Knock Off|p1b: Mithrandir\n|-activate|p1b: Mithrandir|move: Protect\n|move|p1a: Drambor|Body Press|p2b: Kyogre\n|-damage|p2b: Kyogre|24/100\n|\n|-weather|RainDance|[upkeep]\n|-sideend|p2: cnnet|move: Tailwind\n|upkeep\n|turn|6\n|\n|t:|1775057937\n|move|p2a: Tsareena|Protect|p2a: Tsareena\n|-singleturn|p2a: Tsareena|Protect\n|move|p1b: Mithrandir|Astral Barrage|p2a: Tsareena|[spread] p2b\n|-activate|p2a: Tsareena|move: Protect\n|-damage|p2b: Kyogre|0 fnt\n|faint|p2b: Kyogre\n|-ability|p1b: Mithrandir|Grim Neigh|boost\n|-boost|p1b: Mithrandir|spa|1\n|move|p1a: Drambor|Body Press|p2a: Tsareena\n|-activate|p2a: Tsareena|move: Protect\n|\n|-weather|none\n|-end|p1a: Drambor|move: Taunt\n|upkeep\n|turn|7\n|\n|t:|1775057952\n|move|p1b: Mithrandir|Astral Barrage|p2a: Tsareena\n|-damage|p2a: Tsareena|0 fnt\n|faint|p2a: Tsareena\n|\n|win|Mirthinion\n|raw|Mirthinion's rating: 1477 &rarr; <strong>1496</strong><br />(+19 for winning)\n|raw|cnnet's rating: 1466 &rarr; <strong>1447</strong><br />(-19 for losing)\n|l|\u2606cnnet\n|player|p2|\n","uploadtime":1775057961,"views":57,"formatid":"gen9vgc2026regi","rating":1447,"private":0,"password":null}