{"id":"gen9vgc2026regi-2547282882","format":"[Gen 9] VGC 2026 Reg I","players":["tdea","SnarkyShane"],"log":"|j|\u2606tdea\n|j|\u2606SnarkyShane\n|t:|1772066054\n|gametype|doubles\n|player|p1|tdea|veteran|1483\n|player|p2|SnarkyShane|gambler|1482\n|gen|9\n|tier|[Gen 9] VGC 2026 Reg I\n|rated|\n|rule|Species Clause: Limit one of each Pok\u00e9mon\n|rule|Item Clause: Limit 1 of each item\n|clearpoke\n|poke|p1|Miraidon, L50|\n|poke|p1|Lunala, L50|\n|poke|p1|Whimsicott, L50, F|\n|poke|p1|Urshifu-*, L50, F|\n|poke|p1|Incineroar, L50, F|\n|poke|p1|Ursaluna, L50, F|\n|poke|p2|Rayquaza, L50|\n|poke|p2|Calyrex-Shadow, L50|\n|poke|p2|Chien-Pao, L50|\n|poke|p2|Ting-Lu, L50|\n|poke|p2|Amoonguss, L50, F|\n|poke|p2|Avalugg-Hisui, L50, M|\n|teampreview|4\n|inactive|Battle timer is ON: inactive players will automatically lose when time's up. (requested by tdea)\n|inactive|SnarkyShane also wants the timer to be on.\n|inactive|SnarkyShane has 60 seconds left.\n|\n|t:|1772066096\n|teamsize|p1|4\n|teamsize|p2|4\n|start\n|switch|p1a: Whimsicott|Whimsicott, L50, F|100/100\n|switch|p1b: Urshifu|Urshifu-Rapid-Strike, L50, F|100/100\n|switch|p2a: Noodle Del Muerte|Rayquaza, L50|100/100\n|switch|p2b: Breathe Deep|Amoonguss, L50, F|100/100\n|-ability|p2a: Noodle Del Muerte|Air Lock\n|turn|1\n|\n|t:|1772066112\n|switch|p1a: Miraidon|Miraidon, L50|100/100\n|-fieldstart|move: Electric Terrain|[from] ability: Hadron Engine|[of] p1a: Miraidon\n|move|p1b: Urshifu|U-turn|p2b: Breathe Deep\n|-damage|p2b: Breathe Deep|65/100\n|\n|t:|1772066120\n|switch|p1b: Lunala|Lunala, L50|100/100|[from] U-turn\n|-enditem|p1b: Lunala|Electric Seed\n|-boost|p1b: Lunala|def|1|[from] item: Electric Seed\n|move|p2a: Noodle Del Muerte|Swords Dance|p2a: Noodle Del Muerte\n|-boost|p2a: Noodle Del Muerte|atk|2\n|move|p2b: Breathe Deep|Pollen Puff|p2a: Noodle Del Muerte\n|\n|upkeep\n|turn|2\n|inactive|tdea has 30 seconds left.\n|\n|t:|1772066149\n|switch|p2b: Victor Creed|Chien-Pao, L50|100/100\n|-ability|p2b: Victor Creed|Sword of Ruin\n|-terastallize|p2a: Noodle Del Muerte|Normal\n|move|p2a: Noodle Del Muerte|Extreme Speed|p1a: Miraidon\n|-damage|p1a: Miraidon|0 fnt\n|faint|p1a: Miraidon\n|move|p1b: Lunala|Moongeist Beam|p2a: Noodle Del Muerte\n|-immune|p2a: Noodle Del Muerte\n|\n|upkeep\n|\n|t:|1772066157\n|switch|p1a: Urshifu|Urshifu-Rapid-Strike, L50, F|100/100\n|turn|3\n|\n|t:|1772066173\n|-terastallize|p1a: Urshifu|Ghost\n|move|p2a: Noodle Del Muerte|Extreme Speed|p1a: Urshifu\n|-immune|p1a: Urshifu\n|move|p2b: Victor Creed|Ice Spinner|p1b: Lunala\n|-damage|p1b: Lunala|85/100\n|-fieldend|move: Electric Terrain\n|move|p1a: Urshifu|Surging Strikes|p2a: Noodle Del Muerte\n|-crit|p2a: Noodle Del Muerte\n|-damage|p2a: Noodle Del Muerte|58/100\n|-crit|p2a: Noodle Del Muerte\n|-damage|p2a: Noodle Del Muerte|20/100\n|-crit|p2a: Noodle Del Muerte\n|-damage|p2a: Noodle Del Muerte|0 fnt\n|faint|p2a: Noodle Del Muerte\n|-hitcount|p2: Noodle Del Muerte|3\n|move|p1b: Lunala|Moonblast|p2b: Victor Creed\n|-supereffective|p2b: Victor Creed\n|-damage|p2b: Victor Creed|0 fnt\n|faint|p2b: Victor Creed\n|\n|upkeep\n|\n|t:|1772066184\n|switch|p2b: Big Gulp|Ting-Lu, L50|100/100\n|switch|p2a: Breathe Deep|Amoonguss, L50, F|98/100\n|-ability|p2b: Big Gulp|Vessel of Ruin\n|turn|4\n|\n|t:|1772066206\n|move|p2a: Breathe Deep|Rage Powder|p2a: Breathe Deep\n|-singleturn|p2a: Breathe Deep|move: Rage Powder\n|move|p1a: Urshifu|Surging Strikes|p2a: Breathe Deep\n|-resisted|p2a: Breathe Deep\n|-crit|p2a: Breathe Deep\n|-damage|p2a: Breathe Deep|84/100\n|-resisted|p2a: Breathe Deep\n|-crit|p2a: Breathe Deep\n|-damage|p2a: Breathe Deep|70/100\n|-resisted|p2a: Breathe Deep\n|-crit|p2a: Breathe Deep\n|-damage|p2a: Breathe Deep|57/100\n|-hitcount|p2a: Breathe Deep|3\n|move|p1b: Lunala|Moonblast|p2a: Breathe Deep\n|-resisted|p2a: Breathe Deep\n|-damage|p2a: Breathe Deep|45/100\n|-enditem|p2a: Breathe Deep|Sitrus Berry|[eat]\n|-heal|p2a: Breathe Deep|70/100|[from] item: Sitrus Berry\n|move|p2b: Big Gulp|Throat Chop|p1a: Urshifu\n|-supereffective|p1a: Urshifu\n|-damage|p1a: Urshifu|32/100\n|-start|p1a: Urshifu|Throat Chop|[silent]\n|\n|upkeep\n|turn|5\n|\n|t:|1772066229\n|switch|p1a: Whimsicott|Whimsicott, L50, F|100/100\n|move|p2a: Breathe Deep|Rage Powder|p2a: Breathe Deep\n|-singleturn|p2a: Breathe Deep|move: Rage Powder\n|move|p1b: Lunala|Moongeist Beam|p2a: Breathe Deep\n|-damage|p2a: Breathe Deep|33/100\n|move|p2b: Big Gulp|Heavy Slam|p1a: Whimsicott\n|-supereffective|p1a: Whimsicott\n|-damage|p1a: Whimsicott|3/100\n|\n|upkeep\n|turn|6\n|inactive|tdea has 30 seconds left.\n|inactive|tdea has 20 seconds left.\n|\n|t:|1772066268\n|move|p2a: Breathe Deep|Protect|p2a: Breathe Deep\n|-singleturn|p2a: Breathe Deep|Protect\n|move|p1a: Whimsicott|Encore|p2a: Breathe Deep\n|-activate|p2a: Breathe Deep|move: Protect\n|move|p1b: Lunala|Moongeist Beam|p2a: Breathe Deep\n|-activate|p2a: Breathe Deep|move: Protect\n|move|p2b: Big Gulp|Heavy Slam|p1a: Whimsicott\n|-supereffective|p1a: Whimsicott\n|-damage|p1a: Whimsicott|0 fnt\n|faint|p1a: Whimsicott\n|\n|upkeep\n|\n|t:|1772066270\n|switch|p1a: Urshifu|Urshifu-Rapid-Strike, L50, F, tera:Ghost|32/100\n|turn|7\n|\n|t:|1772066282\n|move|p2a: Breathe Deep|Rage Powder|p2a: Breathe Deep\n|-singleturn|p2a: Breathe Deep|move: Rage Powder\n|move|p1a: Urshifu|Surging Strikes|p2a: Breathe Deep\n|-resisted|p2a: Breathe Deep\n|-crit|p2a: Breathe Deep\n|-damage|p2a: Breathe Deep|20/100\n|-resisted|p2a: Breathe Deep\n|-crit|p2a: Breathe Deep\n|-damage|p2a: Breathe Deep|6/100\n|-resisted|p2a: Breathe Deep\n|-crit|p2a: Breathe Deep\n|-damage|p2a: Breathe Deep|0 fnt\n|faint|p2a: Breathe Deep\n|-hitcount|p2: Breathe Deep|3\n|move|p1b: Lunala|Moonblast|p2b: Big Gulp\n|-supereffective|p2b: Big Gulp\n|-damage|p2b: Big Gulp|74/100\n|move|p2b: Big Gulp|Throat Chop|p1a: Urshifu\n|-supereffective|p1a: Urshifu\n|-damage|p1a: Urshifu|0 fnt\n|faint|p1a: Urshifu\n|\n|upkeep\n|turn|8\n|\n|t:|1772066290\n|move|p1b: Lunala|Moonblast|p2b: Big Gulp\n|-supereffective|p2b: Big Gulp\n|-damage|p2b: Big Gulp|44/100\n|-unboost|p2b: Big Gulp|spa|1\n|move|p2b: Big Gulp|Throat Chop|p1b: Lunala\n|-supereffective|p1b: Lunala\n|-damage|p1b: Lunala|0 fnt\n|faint|p1b: Lunala\n|\n|win|SnarkyShane\n|raw|tdea's rating: 1483 &rarr; <strong>1463</strong><br />(-20 for losing)\n|raw|SnarkyShane's rating: 1482 &rarr; <strong>1502</strong><br />(+20 for winning)\n|l|\u2606tdea\n|player|p1|\n|l|\u2606SnarkyShane\n|player|p2|\n","uploadtime":1772066429,"views":19,"formatid":"gen9vgc2026regi","rating":1463,"private":0,"password":null}