{"id":"gen9vgc2026regi-2538894681","format":"[Gen 9] VGC 2026 Reg I","players":["Stinky59","xiaoliyunVGC"],"log":"|j|\u2606Stinky59\n|j|\u2606xiaoliyunVGC\n|t:|1770990729\n|gametype|doubles\n|player|p1|Stinky59|101|1275\n|player|p2|xiaoliyunVGC|liko|1402\n|gen|9\n|tier|[Gen 9] VGC 2026 Reg I\n|rated|\n|rule|Species Clause: Limit one of each Pok\u00e9mon\n|rule|Item Clause: Limit 1 of each item\n|clearpoke\n|poke|p1|Kyogre, L50|\n|poke|p1|Necrozma-Dusk-Mane, L50|\n|poke|p1|Amoonguss, L50, M|\n|poke|p1|Iron Jugulis, L50|\n|poke|p1|Rillaboom, L50, F|\n|poke|p1|Urshifu-*, L50, F|\n|poke|p2|Zamazenta-*, L50|\n|poke|p2|Kyogre, L50|\n|poke|p2|Raichu, L50, F|\n|poke|p2|Flutter Mane, L50|\n|poke|p2|Tornadus, L50, M|\n|poke|p2|Kingambit, L50, F|\n|teampreview|4\n|inactive|Battle timer is ON: inactive players will automatically lose when time's up. (requested by xiaoliyunVGC)\n|\n|t:|1770990760\n|teamsize|p1|4\n|teamsize|p2|4\n|start\n|switch|p1a: Iron Jugulis|Iron Jugulis, L50|100/100\n|switch|p1b: Kyogre|Kyogre, L50|100/100\n|switch|p2a: Flutter Mane|Flutter Mane, L50|100/100\n|switch|p2b: Zamazenta|Zamazenta-Crowned, L50, shiny|100/100\n|-ability|p2b: Zamazenta|Dauntless Shield|boost\n|-boost|p2b: Zamazenta|def|1\n|-weather|RainDance|[from] ability: Drizzle|[of] p1b: Kyogre\n|-enditem|p2a: Flutter Mane|Booster Energy\n|-activate|p2a: Flutter Mane|ability: Protosynthesis|[fromitem]\n|-start|p2a: Flutter Mane|protosynthesisspe\n|-enditem|p1a: Iron Jugulis|Booster Energy\n|-activate|p1a: Iron Jugulis|ability: Quark Drive|[fromitem]\n|-start|p1a: Iron Jugulis|quarkdrivespe\n|turn|1\n|\n|t:|1770990783\n|move|p1b: Kyogre|Protect|p1b: Kyogre\n|-singleturn|p1b: Kyogre|Protect\n|move|p2a: Flutter Mane|Taunt|p1a: Iron Jugulis\n|-start|p1a: Iron Jugulis|move: Taunt\n|cant|p1a: Iron Jugulis|move: Taunt|Tailwind\n|move|p2b: Zamazenta|Body Press|p1b: Kyogre\n|-activate|p1b: Kyogre|move: Protect\n|\n|-weather|RainDance|[upkeep]\n|upkeep\n|turn|2\n|\n|t:|1770990793\n|-terastallize|p2b: Zamazenta|Fighting\n|move|p2a: Flutter Mane|Moonblast|p1a: Iron Jugulis\n|-supereffective|p1a: Iron Jugulis\n|-damage|p1a: Iron Jugulis|15/100\n|move|p1a: Iron Jugulis|Hurricane|p2a: Flutter Mane\n|-damage|p2a: Flutter Mane|56/100\n|move|p2b: Zamazenta|Body Press|p1b: Kyogre\n|-damage|p1b: Kyogre|19/100\n|move|p1b: Kyogre|Hydro Pump|p2a: Flutter Mane\n|-damage|p2a: Flutter Mane|0 fnt\n|faint|p2a: Flutter Mane\n|-end|p2a: Flutter Mane|Protosynthesis|[silent]\n|\n|-weather|RainDance|[upkeep]\n|upkeep\n|\n|t:|1770990806\n|switch|p2a: Raichu|Raichu, L50, F|100/100\n|turn|3\n|\n|t:|1770990828\n|-terastallize|p1a: Iron Jugulis|Steel\n|move|p2a: Raichu|Fake Out|p1a: Iron Jugulis\n|-resisted|p1a: Iron Jugulis\n|-damage|p1a: Iron Jugulis|11/100\n|cant|p1a: Iron Jugulis|flinch\n|move|p2b: Zamazenta|Body Press|p1b: Kyogre\n|-damage|p1b: Kyogre|0 fnt\n|faint|p1b: Kyogre\n|\n|-weather|RainDance|[upkeep]\n|-end|p1a: Iron Jugulis|move: Taunt\n|upkeep\n|\n|t:|1770990838\n|switch|p1b: Urshifu|Urshifu-Rapid-Strike, L50, F|100/100\n|turn|4\n|\n|t:|1770990848\n|move|p1a: Iron Jugulis|Tailwind|p1a: Iron Jugulis\n|-sidestart|p1: Stinky59|move: Tailwind\n|move|p1b: Urshifu|Surging Strikes|p2a: Raichu\n|-crit|p2a: Raichu\n|-damage|p2a: Raichu|25/100\n|-crit|p2a: Raichu\n|-damage|p2a: Raichu|0 fnt\n|faint|p2a: Raichu\n|-hitcount|p2: Raichu|2\n|-damage|p1b: Urshifu|91/100|[from] item: Life Orb\n|move|p2b: Zamazenta|Body Press|p1b: Urshifu\n|-damage|p1b: Urshifu|0 fnt\n|faint|p1b: Urshifu\n|\n|-weather|RainDance|[upkeep]\n|upkeep\n|\n|t:|1770990860\n|switch|p2a: Kyogre|Kyogre, L50|100/100\n|switch|p1b: Necrozma|Necrozma-Dusk-Mane, L50|100/100\n|turn|5\n|\n|t:|1770990868\n|move|p2b: Zamazenta|Protect|p2b: Zamazenta\n|-singleturn|p2b: Zamazenta|Protect\n|move|p1a: Iron Jugulis|Hurricane|p2a: Kyogre\n|-damage|p2a: Kyogre|64/100\n|move|p2a: Kyogre|Origin Pulse|p1a: Iron Jugulis|[spread] p1a,p1b\n|-damage|p1a: Iron Jugulis|0 fnt\n|-damage|p1b: Necrozma|46/100\n|faint|p1a: Iron Jugulis\n|-end|p1a: Iron Jugulis|Quark Drive|[silent]\n|move|p1b: Necrozma|Photon Geyser|p2a: Kyogre\n|-damage|p2a: Kyogre|0 fnt\n|faint|p2a: Kyogre\n|\n|-weather|none\n|upkeep\n|turn|6\n|\n|t:|1770990883\n|move|p1b: Necrozma|Photon Geyser|p2b: Zamazenta\n|-supereffective|p2b: Zamazenta\n|-damage|p2b: Zamazenta|55/100\n|move|p2b: Zamazenta|Body Press|p1b: Necrozma\n|-damage|p1b: Necrozma|0 fnt\n|faint|p1b: Necrozma\n|\n|win|xiaoliyunVGC\n|raw|Stinky59's rating: 1275 &rarr; <strong>1259</strong><br />(-16 for losing)\n|raw|xiaoliyunVGC's rating: 1402 &rarr; <strong>1415</strong><br />(+13 for winning)\n|l|\u2606Stinky59\n|player|p1|\n|l|\u2606xiaoliyunVGC\n|player|p2|\n","uploadtime":1770991067,"views":38,"formatid":"gen9vgc2026regi","rating":1259,"private":0,"password":null}