{"id":"gen9vgc2026regi-2564862566","format":"[Gen 9] VGC 2026 Reg I","players":["sfyz","pigs2fly"],"log":"|j|\u2606sfyz\n|j|\u2606pigs2fly\n|t:|1774205023\n|gametype|doubles\n|player|p1|sfyz|red|1348\n|player|p2|pigs2fly|dexio|1485\n|gen|9\n|tier|[Gen 9] VGC 2026 Reg I\n|rated|\n|rule|Species Clause: Limit one of each Pok\u00e9mon\n|rule|Item Clause: Limit 1 of each item\n|clearpoke\n|poke|p1|Calyrex-Ice, L50|\n|poke|p1|Kyogre, L50|\n|poke|p1|Smeargle, L50, M|\n|poke|p1|Indeedee-F, L50, F|\n|poke|p1|Landorus, L50, M|\n|poke|p1|Amoonguss, L50, F|\n|poke|p2|Annihilape, L50, M|\n|poke|p2|Tornadus, L50, M|\n|poke|p2|Dondozo, L50, M|\n|poke|p2|Tatsugiri, L50, F|\n|poke|p2|Zacian-*, L50|\n|poke|p2|Kyogre, L50|\n|teampreview|4\n|\n|t:|1774205039\n|teamsize|p1|4\n|teamsize|p2|4\n|start\n|switch|p1a: Smeargle|Smeargle, L50, M|100/100\n|switch|p1b: Indeedee|Indeedee-F, L50, F|100/100\n|switch|p2a: Kyogre|Kyogre, L50|100/100\n|switch|p2b: Zacian|Zacian-Crowned, L50, shiny|100/100\n|-ability|p2b: Zacian|Intrepid Sword|boost\n|-boost|p2b: Zacian|atk|1\n|-weather|RainDance|[from] ability: Drizzle|[of] p2a: Kyogre\n|-fieldstart|move: Psychic Terrain|[from] ability: Psychic Surge|[of] p1b: Indeedee\n|turn|1\n|\n|t:|1774205063\n|move|p1a: Smeargle|Wide Guard|p1a: Smeargle\n|-singleturn|p1a: Smeargle|Wide Guard\n|move|p2b: Zacian|Behemoth Blade|p1a: Smeargle\n|-enditem|p1a: Smeargle|Focus Sash\n|-damage|p1a: Smeargle|1/100\n|move|p2a: Kyogre|Water Spout|p1a: Smeargle|[spread] \n|-activate|p1a: Smeargle|move: Wide Guard\n|-activate|p1b: Indeedee|move: Wide Guard\n|move|p1b: Indeedee|Trick Room|p1b: Indeedee\n|-fieldstart|move: Trick Room|[of] p1b: Indeedee\n|\n|-weather|RainDance|[upkeep]\n|upkeep\n|turn|2\n|\n|t:|1774205096\n|switch|p1b: Calyrex|Calyrex-Ice, L50|100/100\n|-ability|p1b: Calyrex|As One\n|-ability|p1b: Calyrex|Unnerve\n|move|p1a: Smeargle|Wide Guard|p1a: Smeargle\n|-singleturn|p1a: Smeargle|Wide Guard\n|move|p2a: Kyogre|Water Spout|p1a: Smeargle|[spread] \n|-activate|p1a: Smeargle|move: Wide Guard\n|-activate|p1b: Calyrex|move: Wide Guard\n|move|p2b: Zacian|Behemoth Blade|p1a: Smeargle\n|-damage|p1a: Smeargle|0 fnt\n|faint|p1a: Smeargle\n|\n|-weather|RainDance|[upkeep]\n|upkeep\n|\n|t:|1774205111\n|switch|p1a: Kyogre|Kyogre, L50|100/100\n|turn|3\n|\n|t:|1774205133\n|-terastallize|p1b: Calyrex|Grass\n|move|p2b: Zacian|Protect|p2b: Zacian\n|-singleturn|p2b: Zacian|Protect\n|move|p1a: Kyogre|Water Spout|p2a: Kyogre|[spread] p2a\n|-activate|p2b: Zacian|move: Protect\n|-resisted|p2a: Kyogre\n|-damage|p2a: Kyogre|79/100\n|move|p1b: Calyrex|Seed Bomb|p2a: Kyogre\n|-supereffective|p2a: Kyogre\n|-damage|p2a: Kyogre|0 fnt\n|faint|p2a: Kyogre\n|-ability|p1b: Calyrex|Chilling Neigh|boost\n|-boost|p1b: Calyrex|atk|1\n|\n|-weather|RainDance|[upkeep]\n|upkeep\n|\n|t:|1774205141\n|switch|p2a: Dondozo|Dondozo, L50, M|100/100\n|turn|4\n|\n|t:|1774205161\n|switch|p2b: Tatsugiri|Tatsugiri, L50, F|100/100\n|-activate|p2b: Tatsugiri|ability: Commander|[of] p2a: Dondozo\n|-boost|p2a: Dondozo|atk|2\n|-boost|p2a: Dondozo|spa|2\n|-boost|p2a: Dondozo|spe|2\n|-boost|p2a: Dondozo|def|2\n|-boost|p2a: Dondozo|spd|2\n|move|p2a: Dondozo|Protect|p2a: Dondozo\n|-singleturn|p2a: Dondozo|Protect\n|move|p1a: Kyogre|Thunder|p2a: Dondozo\n|-activate|p2a: Dondozo|move: Protect\n|move|p1b: Calyrex|Seed Bomb|p2a: Dondozo\n|-activate|p2a: Dondozo|move: Protect\n|\n|-weather|RainDance|[upkeep]\n|upkeep\n|turn|5\n|\n|t:|1774205187\n|-terastallize|p2a: Dondozo|Grass\n|move|p1a: Kyogre|Ice Beam|p2a: Dondozo\n|-supereffective|p2a: Dondozo\n|-crit|p2a: Dondozo\n|-damage|p2a: Dondozo|15/100\n|move|p1b: Calyrex|Glacial Lance|p2a: Dondozo|[spread] p2a\n|-miss|p1b: Calyrex|p2b: Tatsugiri\n|-supereffective|p2a: Dondozo\n|-damage|p2a: Dondozo|0 fnt\n|faint|p2a: Dondozo\n|-ability|p1b: Calyrex|Chilling Neigh|boost\n|-boost|p1b: Calyrex|atk|1\n|\n|-weather|none\n|-fieldend|move: Trick Room\n|-fieldend|move: Psychic Terrain\n|upkeep\n|\n|t:|1774205194\n|switch|p2a: Zacian|Zacian-Crowned, L50, shiny|100/100\n|turn|6\n|\n|t:|1774205236\n|switch|p1a: Indeedee|Indeedee-F, L50, F|100/100\n|-fieldstart|move: Psychic Terrain|[from] ability: Psychic Surge|[of] p1a: Indeedee\n|move|p2b: Tatsugiri|Helping Hand|p2a: Zacian\n|-singleturn|p2a: Zacian|Helping Hand|[of] p2b: Tatsugiri\n|move|p2a: Zacian|Behemoth Blade|p1b: Calyrex\n|-damage|p1b: Calyrex|47/100\n|move|p1b: Calyrex|Trick Room|p1b: Calyrex\n|-fieldstart|move: Trick Room|[of] p1b: Calyrex\n|\n|upkeep\n|turn|7\n|\n|t:|1774205261\n|move|p1a: Indeedee|Follow Me|p1a: Indeedee\n|-singleturn|p1a: Indeedee|move: Follow Me\n|move|p1b: Calyrex|Glacial Lance|p2b: Tatsugiri|[spread] p2a,p2b\n|-resisted|p2a: Zacian\n|-damage|p2a: Zacian|54/100\n|-enditem|p2b: Tatsugiri|Focus Sash\n|-damage|p2b: Tatsugiri|1/100\n|move|p2b: Tatsugiri|Muddy Water|p1b: Calyrex|[spread] p1a\n|-miss|p2b: Tatsugiri|p1b: Calyrex\n|-damage|p1a: Indeedee|70/100\n|move|p2a: Zacian|Behemoth Blade|p1a: Indeedee\n|-damage|p1a: Indeedee|15/100\n|\n|upkeep\n|turn|8\n|\n|t:|1774205279\n|move|p1a: Indeedee|Helping Hand|p1b: Calyrex\n|-singleturn|p1b: Calyrex|Helping Hand|[of] p1a: Indeedee\n|move|p2b: Tatsugiri|Protect|p2b: Tatsugiri\n|-singleturn|p2b: Tatsugiri|Protect\n|move|p2a: Zacian|Protect|p2a: Zacian\n|-singleturn|p2a: Zacian|Protect\n|move|p1b: Calyrex|Glacial Lance|p2b: Tatsugiri|[spread] \n|-activate|p2a: Zacian|move: Protect\n|-activate|p2b: Tatsugiri|move: Protect\n|\n|upkeep\n|turn|9\n|\n|t:|1774205291\n|move|p1a: Indeedee|Helping Hand|p1b: Calyrex\n|-singleturn|p1b: Calyrex|Helping Hand|[of] p1a: Indeedee\n|move|p2b: Tatsugiri|Protect||[still]\n|-fail|p2b: Tatsugiri\n|move|p2a: Zacian|Protect||[still]\n|-fail|p2a: Zacian\n|move|p1b: Calyrex|Glacial Lance|p2a: Zacian|[spread] p2a,p2b\n|-resisted|p2a: Zacian\n|-damage|p2a: Zacian|0 fnt\n|-damage|p2b: Tatsugiri|0 fnt\n|faint|p2a: Zacian\n|faint|p2b: Tatsugiri\n|\n|win|sfyz\n|raw|sfyz's rating: 1348 &rarr; <strong>1376</strong><br />(+28 for winning)\n|raw|pigs2fly's rating: 1485 &rarr; <strong>1457</strong><br />(-28 for losing)\n|l|\u2606pigs2fly\n|player|p2|\n|l|\u2606sfyz\n|player|p1|\n","uploadtime":1774205506,"views":13,"formatid":"gen9vgc2026regi","rating":1376,"private":0,"password":null}