{"id":"gen9vgc2026regi-2561219909","format":"[Gen 9] VGC 2026 Reg I","players":["CHR1SPHX","ultralooks"],"log":"|j|\u2606CHR1SPHX\n|j|\u2606ultralooks\n|t:|1773774638\n|gametype|doubles\n|player|p1|CHR1SPHX|hilbert|1393\n|player|p2|ultralooks|unknown|1353\n|gen|9\n|tier|[Gen 9] VGC 2026 Reg I\n|rated|\n|rule|Species Clause: Limit one of each Pok\u00e9mon\n|rule|Item Clause: Limit 1 of each item\n|clearpoke\n|poke|p1|Flutter Mane, L50|\n|poke|p1|Incineroar, L50, M|\n|poke|p1|Ursaluna-Bloodmoon, L50, M|\n|poke|p1|Amoonguss, L50, M|\n|poke|p1|Koraidon, L50|\n|poke|p1|Lunala, L50|\n|poke|p2|Miraidon, L50|\n|poke|p2|Iron Treads, L50|\n|poke|p2|Terapagos, L50, M|\n|poke|p2|Sinistcha-Masterpiece, L50|\n|poke|p2|Urshifu-*, L50, F|\n|poke|p2|Incineroar, L50, F|\n|teampreview|4\n|inactive|Battle timer is ON: inactive players will automatically lose when time's up. (requested by CHR1SPHX)\nCHR1SPHX rejected open team sheets.\n|inactive|ultralooks has 60 seconds left.\n|inactive|CHR1SPHX has 60 seconds left.\n|inactive|CHR1SPHX has 30 seconds left.\n|\n|t:|1773774705\n|teamsize|p1|4\n|teamsize|p2|4\n|start\n|switch|p1a: Amoonguss|Amoonguss, L50, M, shiny|100/100\n|switch|p1b: Koraidon|Koraidon, L50|100/100\n|switch|p2a: Terapagos|Terapagos, L50, M|100/100\n|switch|p2b: Incineroar|Incineroar, L50, F|100/100\n|-activate|p2a: Terapagos|ability: Tera Shift\n|detailschange|p2a: Terapagos|Terapagos-Terastal, L50, M\n|-heal|p2a: Terapagos|100/100|[silent]\n|-weather|SunnyDay|[from] ability: Orichalcum Pulse|[of] p1b: Koraidon\n|-activate|p1b: Koraidon|Orichalcum Pulse|[source]\n|-ability|p2b: Incineroar|Intimidate|boost\n|-unboost|p1a: Amoonguss|atk|1\n|-fail|p1b: Koraidon|unboost|[from] item: Clear Amulet|[of] p1b: Koraidon\n|turn|1\n|inactive|ultralooks has 30 seconds left.\n|\n|t:|1773774737\n|move|p1b: Koraidon|Protect|p1b: Koraidon\n|-singleturn|p1b: Koraidon|Protect\n|move|p2a: Terapagos|Protect|p2a: Terapagos\n|-singleturn|p2a: Terapagos|Protect\n|move|p2b: Incineroar|Parting Shot|p1b: Koraidon\n|-activate|p1b: Koraidon|move: Protect\n|move|p1a: Amoonguss|Spore|p2a: Terapagos\n|-activate|p2a: Terapagos|move: Protect\n|\n|-weather|SunnyDay|[upkeep]\n|upkeep\n|turn|2\n|\n|t:|1773774762\n|switch|p2b: Miraidon|Miraidon, L50|100/100\n|-fieldstart|move: Electric Terrain|[from] ability: Hadron Engine|[of] p2b: Miraidon\n|-enditem|p2a: Terapagos|Electric Seed\n|-boost|p2a: Terapagos|def|1|[from] item: Electric Seed\n|move|p1b: Koraidon|Collision Course|p2a: Terapagos\n|-activate|p2a: Terapagos|ability: Tera Shell\n|-resisted|p2a: Terapagos\n|-damage|p2a: Terapagos|86/100\n|move|p2a: Terapagos|Tera Starstorm|p1b: Koraidon\n|-damage|p1b: Koraidon|61/100\n|move|p1a: Amoonguss|Spore|p2a: Terapagos\n|-activate|p2a: Terapagos|move: Electric Terrain\n|\n|-weather|SunnyDay|[upkeep]\n|upkeep\n|turn|3\n|inactive|ultralooks has 30 seconds left.\n|\n|t:|1773774795\n|move|p1a: Amoonguss|Rage Powder|p1a: Amoonguss\n|-singleturn|p1a: Amoonguss|move: Rage Powder\n|move|p1b: Koraidon|Collision Course|p2a: Terapagos\n|-supereffective|p2a: Terapagos\n|-damage|p2a: Terapagos|17/100\n|move|p2b: Miraidon|Electro Drift|p1a: Amoonguss\n|-resisted|p1a: Amoonguss\n|-damage|p1a: Amoonguss|62/100\n|-damage|p2b: Miraidon|84/100|[from] item: Rocky Helmet|[of] p1a: Amoonguss\n|move|p2a: Terapagos|Calm Mind|p2a: Terapagos\n|-boost|p2a: Terapagos|spa|1\n|-boost|p2a: Terapagos|spd|1\n|\n|-weather|SunnyDay|[upkeep]\n|upkeep\n|turn|4\n|\n|t:|1773774819\n|move|p2a: Terapagos|Protect|p2a: Terapagos\n|-singleturn|p2a: Terapagos|Protect\n|move|p1a: Amoonguss|Rage Powder|p1a: Amoonguss\n|-singleturn|p1a: Amoonguss|move: Rage Powder\n|move|p1b: Koraidon|Collision Course|p2b: Miraidon\n|-damage|p2b: Miraidon|23/100\n|move|p2b: Miraidon|Volt Switch|p1a: Amoonguss\n|-resisted|p1a: Amoonguss\n|-damage|p1a: Amoonguss|37/100\n|\n|t:|1773774832\n|switch|p2b: Incineroar|Incineroar, L50, F|100/100|[from] Volt Switch\n|-ability|p2b: Incineroar|Intimidate|boost\n|-unboost|p1a: Amoonguss|atk|1\n|-fail|p1b: Koraidon|unboost|[from] item: Clear Amulet|[of] p1b: Koraidon\n|\n|-weather|SunnyDay|[upkeep]\n|upkeep\n|turn|5\n|\n|t:|1773774843\n|switch|p1a: Incineroar|Incineroar, L50, M|100/100\n|-ability|p1a: Incineroar|Intimidate|boost\n|-unboost|p2a: Terapagos|atk|1\n|-unboost|p2b: Incineroar|atk|1\n|-terastallize|p2a: Terapagos|Stellar\n|detailschange|p2a: Terapagos|Terapagos-Stellar, L50, M, tera:Stellar\n|-heal|p2a: Terapagos|38/100|[silent]\n|-ability|p2a: Terapagos|Teraform Zero\n|-weather|none\n|-fieldend|move: Electric Terrain\n|move|p1b: Koraidon|Protect|p1b: Koraidon\n|-singleturn|p1b: Koraidon|Protect\n|move|p2b: Incineroar|Fake Out|p1b: Koraidon\n|-activate|p1b: Koraidon|move: Protect\n|move|p2a: Terapagos|Tera Starstorm|p1a: Incineroar|[spread] p1a\n|-activate|p1b: Koraidon|move: Protect\n|-damage|p1a: Incineroar|67/100\n|\n|upkeep\n|turn|6\n|\n|t:|1773774863\n|switch|p2b: Urshifu|Urshifu-Rapid-Strike, L50, F|100/100\n|move|p2a: Terapagos|Protect|p2a: Terapagos\n|-singleturn|p2a: Terapagos|Protect\n|move|p1a: Incineroar|Fake Out|p2a: Terapagos\n|-activate|p2a: Terapagos|move: Protect\n|move|p1b: Koraidon|Collision Course|p2b: Urshifu\n|-damage|p2b: Urshifu|46/100\n|\n|upkeep\n|turn|7\n|\n|t:|1773774884\n|switch|p1a: Amoonguss|Amoonguss, L50, M, shiny|70/100\n|move|p2b: Urshifu|Surging Strikes|p1b: Koraidon\n|-resisted|p1b: Koraidon\n|-crit|p1b: Koraidon\n|-damage|p1b: Koraidon|52/100\n|-resisted|p1b: Koraidon\n|-crit|p1b: Koraidon\n|-damage|p1b: Koraidon|43/100\n|-resisted|p1b: Koraidon\n|-crit|p1b: Koraidon\n|-damage|p1b: Koraidon|33/100\n|-hitcount|p1b: Koraidon|3\n|move|p1b: Koraidon|Collision Course|p2a: Terapagos\n|-supereffective|p2a: Terapagos\n|-damage|p2a: Terapagos|0 fnt\n|faint|p2a: Terapagos\n|detailschange|p2: Terapagos|Terapagos, L50, M|[silent]\n|\n|upkeep\n|\n|t:|1773774897\n|switch|p2a: Miraidon|Miraidon, L50|23/100\n|-fieldstart|move: Electric Terrain|[from] ability: Hadron Engine|[of] p2a: Miraidon\n|turn|8\n|\n|t:|1773774916\n|move|p1a: Amoonguss|Rage Powder|p1a: Amoonguss\n|-singleturn|p1a: Amoonguss|move: Rage Powder\n|move|p2b: Urshifu|Surging Strikes|p1a: Amoonguss\n|-resisted|p1a: Amoonguss\n|-crit|p1a: Amoonguss\n|-damage|p1a: Amoonguss|61/100\n|-damage|p2b: Urshifu|29/100|[from] item: Rocky Helmet|[of] p1a: Amoonguss\n|-resisted|p1a: Amoonguss\n|-crit|p1a: Amoonguss\n|-damage|p1a: Amoonguss|51/100\n|-damage|p2b: Urshifu|13/100|[from] item: Rocky Helmet|[of] p1a: Amoonguss\n|-resisted|p1a: Amoonguss\n|-crit|p1a: Amoonguss\n|-damage|p1a: Amoonguss|42/100\n|-damage|p2b: Urshifu|0 fnt|[from] item: Rocky Helmet|[of] p1a: Amoonguss\n|faint|p2b: Urshifu\n|-hitcount|p1a: Amoonguss|3\n|move|p1b: Koraidon|Collision Course|p2a: Miraidon\n|-damage|p2a: Miraidon|0 fnt\n|faint|p2a: Miraidon\n|\n|upkeep\n|-message|ultralooks forfeited.\n|\n|win|CHR1SPHX\n|raw|CHR1SPHX's rating: 1393 &rarr; <strong>1411</strong><br />(+18 for winning)\n|raw|ultralooks's rating: 1353 &rarr; <strong>1335</strong><br />(-18 for losing)\n|l|\u2606ultralooks\n|player|p2|\n","uploadtime":1773774938,"views":11,"formatid":"gen9vgc2026regi","rating":1335,"private":0,"password":null}