{"id":"gen9vgc2026regi-2539684057","format":"[Gen 9] VGC 2026 Reg I","players":["thienhaha555","SEITA"],"log":"|j|\u2606thienhaha555\n|j|\u2606SEITA\n|t:|1771096259\n|gametype|doubles\n|player|p1|thienhaha555|beauty-gen4dp|1256\n|player|p2|SEITA|lucas-gen4pt|1220\n|gen|9\n|tier|[Gen 9] VGC 2026 Reg I\n|rated|\n|rule|Species Clause: Limit one of each Pok\u00e9mon\n|rule|Item Clause: Limit 1 of each item\n|clearpoke\n|poke|p1|Calyrex-Shadow, L50|\n|poke|p1|Solgaleo, L50|\n|poke|p1|Incineroar, L50, F|\n|poke|p1|Rillaboom, L50, F|\n|poke|p1|Tornadus, L50, M|\n|poke|p1|Urshifu-*, L50, F|\n|poke|p2|Zamazenta-*, L50|\n|poke|p2|Kyogre, L50|\n|poke|p2|Wo-Chien, L50|\n|poke|p2|Grimmsnarl, L50, M|\n|poke|p2|Landorus, L50, M|\n|poke|p2|Ditto, L50|\n|teampreview|4\n|inactive|Battle timer is ON: inactive players will automatically lose when time's up. (requested by thienhaha555)\n|\n|t:|1771096272\n|teamsize|p1|4\n|teamsize|p2|4\n|start\n|switch|p1a: Calyrex|Calyrex-Shadow, L50|100/100\n|switch|p1b: Solgaleo|Solgaleo, L50, shiny|100/100\n|switch|p2a: Grimmsnarl|Grimmsnarl, L50, M|100/100\n|switch|p2b: Zamazenta|Zamazenta-Crowned, L50|100/100\n|-ability|p1a: Calyrex|As One\n|-ability|p1a: Calyrex|Unnerve\n|-ability|p2b: Zamazenta|Dauntless Shield|boost\n|-boost|p2b: Zamazenta|def|1\n|turn|1\n|inactive|SEITA has 30 seconds left.\n|inactive|SEITA has 20 seconds left.\n|inactive|SEITA has 15 seconds left.\n|inactive|SEITA has 10 seconds left.\n|inactive|SEITA has 5 seconds left.\n|\n|t:|1771096326\n|move|p2a: Grimmsnarl|Reflect|p2a: Grimmsnarl\n|-sidestart|p2: SEITA|Reflect\n|move|p1a: Calyrex|Bulldoze|p2b: Zamazenta|[spread] p1b,p2a,p2b\n|-supereffective|p1b: Solgaleo\n|-supereffective|p2b: Zamazenta\n|-damage|p1b: Solgaleo|88/100\n|-damage|p2a: Grimmsnarl|96/100\n|-damage|p2b: Zamazenta|96/100\n|-unboost|p2a: Grimmsnarl|spe|1\n|-unboost|p2b: Zamazenta|spe|1\n|-enditem|p1b: Solgaleo|Weakness Policy\n|-boost|p1b: Solgaleo|atk|2|[from] item: Weakness Policy\n|-boost|p1b: Solgaleo|spa|2|[from] item: Weakness Policy\n|move|p1b: Solgaleo|Sunsteel Strike|p2a: Grimmsnarl\n|-supereffective|p2a: Grimmsnarl\n|-damage|p2a: Grimmsnarl|0 fnt\n|faint|p2a: Grimmsnarl\n|move|p2b: Zamazenta|Body Press|p1b: Solgaleo\n|-damage|p1b: Solgaleo|33/100\n|\n|upkeep\n|\n|t:|1771096344\n|switch|p2a: Kyogre|Kyogre, L50|100/100\n|-weather|RainDance|[from] ability: Drizzle|[of] p2a: Kyogre\n|turn|2\n|\n|t:|1771096356\n|move|p1a: Calyrex|Astral Barrage|p2b: Zamazenta|[spread] p2a,p2b\n|-damage|p2a: Kyogre|66/100\n|-damage|p2b: Zamazenta|57/100\n|move|p1b: Solgaleo|Sunsteel Strike|p2a: Kyogre\n|-resisted|p2a: Kyogre\n|-damage|p2a: Kyogre|34/100\n|move|p2b: Zamazenta|Behemoth Bash|p1a: Calyrex\n|-damage|p1a: Calyrex|54/100\n|move|p2a: Kyogre|Origin Pulse|p1b: Solgaleo|[spread] p1a,p1b\n|-damage|p1a: Calyrex|0 fnt\n|-damage|p1b: Solgaleo|0 fnt\n|faint|p1a: Calyrex\n|faint|p1b: Solgaleo\n|\n|-weather|RainDance|[upkeep]\n|-heal|p2a: Kyogre|40/100|[from] item: Leftovers\n|upkeep\n|\n|t:|1771096364\n|switch|p1a: Rillaboom|Rillaboom, L50, F|100/100\n|switch|p1b: Urshifu|Urshifu-Rapid-Strike, L50, F|100/100\n|-fieldstart|move: Grassy Terrain|[from] ability: Grassy Surge|[of] p1a: Rillaboom\n|turn|3\n|inactive|SEITA has 30 seconds left.\n|\n|t:|1771096390\n|switch|p2a: Wo-Chien|Wo-Chien, L50|100/100\n|-ability|p2a: Wo-Chien|Tablets of Ruin\n|-terastallize|p2b: Zamazenta|Grass\n|move|p1a: Rillaboom|Fake Out|p2a: Wo-Chien\n|-damage|p2a: Wo-Chien|95/100\n|move|p1b: Urshifu|Close Combat|p2b: Zamazenta\n|-damage|p2b: Zamazenta|44/100\n|-unboost|p1b: Urshifu|def|1\n|-unboost|p1b: Urshifu|spd|1\n|move|p2b: Zamazenta|Body Press|p1b: Urshifu\n|-damage|p1b: Urshifu|27/100\n|\n|-weather|RainDance|[upkeep]\n|-heal|p1b: Urshifu|33/100|[from] Grassy Terrain\n|-heal|p2b: Zamazenta|50/100|[from] Grassy Terrain\n|-heal|p2a: Wo-Chien|100/100|[from] Grassy Terrain\n|upkeep\n|turn|4\n|inactive|SEITA has 30 seconds left.\n|\n|t:|1771096417\n|move|p1b: Urshifu|Close Combat|p2b: Zamazenta\n|-damage|p2b: Zamazenta|38/100\n|-unboost|p1b: Urshifu|def|1\n|-unboost|p1b: Urshifu|spd|1\n|move|p2b: Zamazenta|Body Press|p1b: Urshifu\n|-damage|p1b: Urshifu|0 fnt\n|faint|p1b: Urshifu\n|move|p2a: Wo-Chien|Pollen Puff|p2b: Zamazenta\n|-heal|p2b: Zamazenta|87/100\n|move|p1a: Rillaboom|U-turn|p2a: Wo-Chien\n|-supereffective|p2a: Wo-Chien\n|-crit|p2a: Wo-Chien\n|-damage|p2a: Wo-Chien|13/100\n|\n|-weather|RainDance|[upkeep]\n|-heal|p2b: Zamazenta|93/100|[from] Grassy Terrain\n|-heal|p2a: Wo-Chien|19/100|[from] Grassy Terrain\n|upkeep\n|turn|5\n|-message|thienhaha555 forfeited.\n|\n|win|SEITA\n|raw|thienhaha555's rating: 1273 &rarr; <strong>1244</strong><br />(-29 for losing)\n|raw|SEITA's rating: 1220 &rarr; <strong>1249</strong><br />(+29 for winning)\n|l|\u2606thienhaha555\n|player|p1|\n|l|\u2606SEITA\n|player|p2|\n","uploadtime":1771096658,"views":24,"formatid":"gen9vgc2026regi","rating":1244,"private":0,"password":null}