{"id":"gen9vgc2026regi-2552606292","format":"[Gen 9] VGC 2026 Reg I","players":["Pokemonst3r","thegreatestgalar"],"log":"|j|\u2606Pokemonst3r\n|j|\u2606thegreatestgalar\n|t:|1772736419\n|gametype|doubles\n|player|p1|Pokemonst3r|266|1520\n|player|p2|thegreatestgalar|veteran|1447\n|gen|9\n|tier|[Gen 9] VGC 2026 Reg I\n|rated|\n|rule|Species Clause: Limit one of each Pok\u00e9mon\n|rule|Item Clause: Limit 1 of each item\n|clearpoke\n|poke|p1|Chien-Pao, L50|\n|poke|p1|Calyrex-Shadow, L50|\n|poke|p1|Dondozo, L50, M|\n|poke|p1|Zamazenta-*, L50|\n|poke|p1|Dragonite, L50, M|\n|poke|p1|Tatsugiri, L50, M|\n|poke|p2|Groudon, L50|\n|poke|p2|Rillaboom, L50, M|\n|poke|p2|Raging Bolt, L50|\n|poke|p2|Jumpluff, L50, F|\n|poke|p2|Lunala, L50|\n|poke|p2|Incineroar, L50, M|\n|teampreview|4\n|inactive|Battle timer is ON: inactive players will automatically lose when time's up. (requested by Pokemonst3r)\n|inactive|thegreatestgalar has 60 seconds left.\n|\n|t:|1772736473\n|teamsize|p1|4\n|teamsize|p2|4\n|start\n|switch|p1a: Calyrex|Calyrex-Shadow, L50|100/100\n|switch|p1b: Dragonite|Dragonite, L50, M|100/100\n|switch|p2a: Groudon|Groudon, L50|100/100\n|switch|p2b: Jumpluff|Jumpluff, L50, F|100/100\n|-ability|p1a: Calyrex|As One\n|-ability|p1a: Calyrex|Unnerve\n|-weather|SunnyDay|[from] ability: Drought|[of] p2a: Groudon\n|turn|1\n|\n|t:|1772736489\n|-terastallize|p1b: Dragonite|Normal\n|move|p1b: Dragonite|Extreme Speed|p2b: Jumpluff\n|-damage|p2b: Jumpluff|3/100\n|move|p2b: Jumpluff|Tailwind|p2b: Jumpluff\n|-sidestart|p2: thegreatestgalar|move: Tailwind\n|move|p1a: Calyrex|Astral Barrage|p2b: Jumpluff|[spread] p2a,p2b\n|-damage|p2a: Groudon|51/100\n|-damage|p2b: Jumpluff|0 fnt\n|faint|p2b: Jumpluff\n|-ability|p1a: Calyrex|Grim Neigh|boost\n|-boost|p1a: Calyrex|spa|1\n|move|p2a: Groudon|Precipice Blades|p1b: Dragonite|[spread] p1a,p1b\n|-damage|p1a: Calyrex|38/100\n|-damage|p1b: Dragonite|49/100\n|\n|-weather|SunnyDay|[upkeep]\n|upkeep\n|inactive|thegreatestgalar has 30 seconds left.\n|\n|t:|1772736518\n|switch|p2b: Raging Bolt|Raging Bolt, L50|100/100\n|-activate|p2b: Raging Bolt|ability: Protosynthesis\n|-start|p2b: Raging Bolt|protosynthesisspa\n|turn|2\n|inactive|thegreatestgalar has 30 seconds left.\n|inactive|thegreatestgalar has 20 seconds left.\n|\n|t:|1772736554\n|switch|p1a: Chien-Pao|Chien-Pao, L50|100/100\n|-ability|p1a: Chien-Pao|Sword of Ruin\n|-terastallize|p2b: Raging Bolt|Electric\n|move|p2a: Groudon|Protect|p2a: Groudon\n|-singleturn|p2a: Groudon|Protect\n|move|p1b: Dragonite|Extreme Speed|p2a: Groudon\n|-activate|p2a: Groudon|move: Protect\n|move|p2b: Raging Bolt|Thunderbolt|p1b: Dragonite\n|-damage|p1b: Dragonite|0 fnt\n|faint|p1b: Dragonite\n|-damage|p2b: Raging Bolt|91/100|[from] item: Life Orb\n|\n|-weather|SunnyDay|[upkeep]\n|upkeep\n|\n|t:|1772736569\n|switch|p1b: Zamazenta|Zamazenta-Crowned, L50|100/100\n|-ability|p1b: Zamazenta|Dauntless Shield|boost\n|-boost|p1b: Zamazenta|def|1\n|turn|3\n|\n|t:|1772736590\n|move|p2a: Groudon|Heat Crash|p1a: Chien-Pao\n|-supereffective|p1a: Chien-Pao\n|-enditem|p1a: Chien-Pao|Focus Sash\n|-damage|p1a: Chien-Pao|1/100\n|move|p1a: Chien-Pao|Ice Spinner|p2a: Groudon\n|-supereffective|p2a: Groudon\n|-damage|p2a: Groudon|0 fnt\n|faint|p2a: Groudon\n|move|p2b: Raging Bolt|Thunderbolt|p1a: Chien-Pao\n|-damage|p1a: Chien-Pao|0 fnt\n|faint|p1a: Chien-Pao\n|-damage|p2b: Raging Bolt|81/100|[from] item: Life Orb\n|move|p1b: Zamazenta|Body Press|p2b: Raging Bolt\n|-damage|p2b: Raging Bolt|21/100\n|\n|-weather|SunnyDay|[upkeep]\n|upkeep\n|\n|t:|1772736604\n|switch|p1a: Calyrex|Calyrex-Shadow, L50|38/100\n|switch|p2a: Incineroar|Incineroar, L50, M|100/100\n|-ability|p1a: Calyrex|As One\n|-ability|p1a: Calyrex|Unnerve\n|-ability|p2a: Incineroar|Intimidate|boost\n|-unboost|p1a: Calyrex|atk|1\n|-unboost|p1b: Zamazenta|atk|1\n|turn|4\n|\n|t:|1772736620\n|move|p2a: Incineroar|Fake Out|p1b: Zamazenta\n|-resisted|p1b: Zamazenta\n|-damage|p1b: Zamazenta|98/100\n|move|p1a: Calyrex|Trick|p2a: Incineroar\n|-activate|p1a: Calyrex|move: Trick|[of] p2a: Incineroar\n|-item|p2a: Incineroar|Choice Scarf|[from] move: Trick\n|-item|p1a: Calyrex|Sitrus Berry|[from] move: Trick\n|-enditem|p1a: Calyrex|Sitrus Berry|[eat]\n|-heal|p1a: Calyrex|63/100|[from] item: Sitrus Berry\n|move|p2b: Raging Bolt|Thunderbolt|p1b: Zamazenta\n|-damage|p1b: Zamazenta|13/100\n|-damage|p2b: Raging Bolt|11/100|[from] item: Life Orb\n|cant|p1b: Zamazenta|flinch\n|\n|-weather|SunnyDay|[upkeep]\n|-sideend|p2: thegreatestgalar|move: Tailwind\n|upkeep\n|turn|5\n|inactive|thegreatestgalar has 30 seconds left.\n|\n|t:|1772736646\n|move|p1b: Zamazenta|Protect|p1b: Zamazenta\n|-singleturn|p1b: Zamazenta|Protect\n|move|p2b: Raging Bolt|Thunderclap||[still]\n|-fail|p2b: Raging Bolt\n|move|p1a: Calyrex|Astral Barrage|p2b: Raging Bolt|[spread] p2a,p2b\n|-resisted|p2a: Incineroar\n|-damage|p2a: Incineroar|74/100\n|-damage|p2b: Raging Bolt|0 fnt\n|faint|p2b: Raging Bolt\n|-end|p2b: Raging Bolt|Protosynthesis|[silent]\n|-ability|p1a: Calyrex|Grim Neigh|boost\n|-boost|p1a: Calyrex|spa|1\n|move|p2a: Incineroar|Flare Blitz|p1a: Calyrex\n|-damage|p1a: Calyrex|0 fnt\n|faint|p1a: Calyrex\n|-damage|p2a: Incineroar|56/100|[from] Recoil\n|\n|-weather|none\n|upkeep\n|turn|6\n|c|\u2606thegreatestgalar|wp\n|c|\u2606thegreatestgalar|gg\n|\n|t:|1772736662\n|move|p1b: Zamazenta|Body Press|p2a: Incineroar\n|-supereffective|p2a: Incineroar\n|-damage|p2a: Incineroar|0 fnt\n|faint|p2a: Incineroar\n|\n|win|Pokemonst3r\n|raw|Pokemonst3r's rating: 1520 &rarr; <strong>1536</strong><br />(+16 for winning)\n|raw|thegreatestgalar's rating: 1447 &rarr; <strong>1431</strong><br />(-16 for losing)\n|l|\u2606Pokemonst3r\n|player|p1|\n|l|\u2606thegreatestgalar\n|player|p2|\n","uploadtime":1772736895,"views":14,"formatid":"gen9vgc2026regi","rating":1431,"private":0,"password":null}