{"id":"gen9vgc2026regi-2589243566","format":"[Gen 9] VGC 2026 Reg I","players":["Himmafridge","JoeBro8"],"log":"|j|\u2606Himmafridge\n|j|\u2606JoeBro8\n|t:|1776708931\n|gametype|doubles\n|player|p1|Himmafridge|hiker-gen4|1575\n|player|p2|JoeBro8|n|1620\n|gen|9\n|tier|[Gen 9] VGC 2026 Reg I\n|rated|\n|rule|Species Clause: Limit one of each Pok\u00e9mon\n|rule|Item Clause: Limit 1 of each item\n|clearpoke\n|poke|p1|Zacian-*, L50|\n|poke|p1|Regidrago, L50|\n|poke|p1|Smeargle, L50, F|\n|poke|p1|Tornadus, L50, M|\n|poke|p1|Groudon, L50|\n|poke|p1|Ditto, L50|\n|poke|p2|Miraidon, L50|\n|poke|p2|Whimsicott, L50, F|\n|poke|p2|Zamazenta-*, L50|\n|poke|p2|Chien-Pao, L50|\n|poke|p2|Volcarona, L50, F|\n|poke|p2|Iron Hands, L50|\n|teampreview|4\n|\n|t:|1776708960\n|teamsize|p1|4\n|teamsize|p2|4\n|start\n|switch|p1a: Groudon|Groudon, L50|100/100\n|switch|p1b: Smeargle|Smeargle, L50, F|100/100\n|switch|p2a: Queen of Hearts|Whimsicott, L50, F|100/100\n|switch|p2b: Ace of Spades|Miraidon, L50|100/100\n|-fieldstart|move: Electric Terrain|[from] ability: Hadron Engine|[of] p2b: Ace of Spades\n|-weather|SunnyDay|[from] ability: Drought|[of] p1a: Groudon\n|turn|1\n|\n|t:|1776709001\n|switch|p2b: King of Spades|Zamazenta-Crowned, L50|100/100\n|-ability|p2b: King of Spades|Dauntless Shield|boost\n|-boost|p2b: King of Spades|def|1\n|move|p1b: Smeargle|Fake Out|p2b: King of Spades\n|-resisted|p2b: King of Spades\n|-damage|p2b: King of Spades|99/100\n|move|p2a: Queen of Hearts|Moonblast|p1b: Smeargle\n|-damage|p1b: Smeargle|38/100\n|-unboost|p1b: Smeargle|spa|1\n|move|p1a: Groudon|Heat Crash|p2a: Queen of Hearts\n|-supereffective|p2a: Queen of Hearts\n|-damage|p2a: Queen of Hearts|0 fnt\n|faint|p2a: Queen of Hearts\n|\n|-weather|SunnyDay|[upkeep]\n|-ability|p1b: Smeargle|Moody|boost\n|-boost|p1b: Smeargle|spa|2\n|-unboost|p1b: Smeargle|def|1\n|upkeep\n|\n|t:|1776709012\n|switch|p2a: Ace of Spades|Miraidon, L50|100/100\n|-activate|p2a: Ace of Spades|ability: Hadron Engine\n|turn|2\n|\n|t:|1776709030\n|move|p1b: Smeargle|Follow Me|p1b: Smeargle\n|-singleturn|p1b: Smeargle|move: Follow Me\n|move|p2a: Ace of Spades|Volt Switch|p1b: Smeargle\n|-damage|p1b: Smeargle|0 fnt\n|faint|p1b: Smeargle\n|\n|t:|1776709034\n|switch|p2a: Jack of Diamonds|Chien-Pao, L50|100/100|[from] Volt Switch\n|-ability|p2a: Jack of Diamonds|Sword of Ruin\n|move|p2b: King of Spades|Body Press|p1a: Groudon\n|-damage|p1a: Groudon|34/100\n|move|p1a: Groudon|Precipice Blades|p2b: King of Spades|[spread] p2a,p2b\n|-supereffective|p2b: King of Spades\n|-damage|p2a: Jack of Diamonds|19/100\n|-damage|p2b: King of Spades|39/100\n|\n|-weather|SunnyDay|[upkeep]\n|upkeep\n|\n|t:|1776709051\n|switch|p1b: Zacian|Zacian-Crowned, L50|100/100\n|-ability|p1b: Zacian|Intrepid Sword|boost\n|-boost|p1b: Zacian|atk|1\n|turn|3\n|\n|t:|1776709069\n|move|p2b: King of Spades|Protect|p2b: King of Spades\n|-singleturn|p2b: King of Spades|Protect\n|move|p2a: Jack of Diamonds|Sucker Punch|p1a: Groudon\n|-damage|p1a: Groudon|3/100\n|move|p1b: Zacian|Sacred Sword|p2b: King of Spades\n|-activate|p2b: King of Spades|move: Protect\n|move|p1a: Groudon|Heat Crash|p2a: Jack of Diamonds\n|-supereffective|p2a: Jack of Diamonds\n|-damage|p2a: Jack of Diamonds|0 fnt\n|faint|p2a: Jack of Diamonds\n|\n|-weather|SunnyDay|[upkeep]\n|upkeep\n|\n|t:|1776709076\n|switch|p2a: Ace of Spades|Miraidon, L50|100/100\n|-activate|p2a: Ace of Spades|ability: Hadron Engine\n|turn|4\n|\n|t:|1776709092\n|move|p1b: Zacian|Protect|p1b: Zacian\n|-singleturn|p1b: Zacian|Protect\n|move|p2a: Ace of Spades|Dazzling Gleam|p1a: Groudon|[spread] p1a\n|-activate|p1b: Zacian|move: Protect\n|-damage|p1a: Groudon|0 fnt\n|faint|p1a: Groudon\n|move|p2b: King of Spades|Body Press|p1b: Zacian\n|-activate|p1b: Zacian|move: Protect\n|\n|-weather|SunnyDay|[upkeep]\n|upkeep\n|\n|t:|1776709096\n|switch|p1a: Ditto|Ditto, L50|100/100\n|turn|5\n|c|\u2606Himmafridge|i swearrrr i clicked imposter\n|\n|t:|1776709125\n|-terastallize|p2a: Ace of Spades|Fairy\n|move|p1b: Zacian|Behemoth Blade|p2a: Ace of Spades\n|-supereffective|p2a: Ace of Spades\n|-damage|p2a: Ace of Spades|0 fnt\n|faint|p2a: Ace of Spades\n|move|p2b: King of Spades|Body Press|p1b: Zacian\n|-damage|p1b: Zacian|41/100\n|move|p1a: Ditto|Transform|p2b: King of Spades\n|-transform|p1a: Ditto|p2b: King of Spades\n|-ability|p1a: Ditto|Dauntless Shield|boost\n|-boost|p1a: Ditto|def|1\n|\n|-weather|none\n|-fieldend|move: Electric Terrain\n|upkeep\n|turn|6\n|-message|JoeBro8 forfeited.\n|\n|win|Himmafridge\n|raw|Himmafridge's rating: 1575 &rarr; <strong>1598</strong><br />(+23 for winning)\n|raw|JoeBro8's rating: 1620 &rarr; <strong>1597</strong><br />(-23 for losing)\n|l|\u2606JoeBro8\n|player|p2|\n|l|\u2606Himmafridge\n|player|p1|\n","uploadtime":1776709330,"views":13,"formatid":"gen9vgc2026regi","rating":1597,"private":0,"password":null}