{"id":"gen9vgc2026regi-2521956978","format":"[Gen 9] VGC 2026 Reg I","players":["ArisHazard","SL1Dgaming"],"log":"|j|\u2606ArisHazard\n|j|\u2606SL1Dgaming\n|t:|1768845151\n|gametype|doubles\n|player|p1|ArisHazard|266|1214\n|player|p2|SL1Dgaming|giovanni|1326\n|gen|9\n|tier|[Gen 9] VGC 2026 Reg I\n|rated|\n|rule|Species Clause: Limit one of each Pok\u00e9mon\n|rule|Item Clause: Limit 1 of each item\n|clearpoke\n|poke|p1|Smeargle, L50, F|\n|poke|p1|Muk-Alola, L50, F|\n|poke|p1|Raging Bolt, L50|\n|poke|p1|Terapagos, L50, M|\n|poke|p1|Ho-Oh, L50|\n|poke|p1|Sableye, L50, M|\n|poke|p2|Drifblim, L50, M|\n|poke|p2|Indeedee-F, L50, F|\n|poke|p2|Tatsugiri, L50, F|\n|poke|p2|Dondozo, L50, M|\n|poke|p2|Mewtwo, L50|\n|poke|p2|Terapagos, L50, M|\n|teampreview|4\n|inactive|Battle timer is ON: inactive players will automatically lose when time's up. (requested by SL1Dgaming)\n|inactive|ArisHazard has 60 seconds left.\n|inactive|ArisHazard has 30 seconds left.\n|inactive|ArisHazard has 20 seconds left.\n|inactive|ArisHazard has 15 seconds left.\n|\n|t:|1768845232\n|teamsize|p1|4\n|teamsize|p2|4\n|start\n|switch|p1a: Smeargle|Smeargle, L50, F|100/100\n|switch|p1b: Muk|Muk-Alola, L50, F|100/100\n|switch|p2a: Drifblim|Drifblim, L50, M, shiny|100/100\n|switch|p2b: Indeedee|Indeedee-F, L50, F|100/100\n|-fieldstart|move: Psychic Terrain|[from] ability: Psychic Surge|[of] p2b: Indeedee\n|-enditem|p2a: Drifblim|Psychic Seed\n|-boost|p2a: Drifblim|spd|1|[from] item: Psychic Seed\n|turn|1\n|\n|t:|1768845246\n|move|p2b: Indeedee|Follow Me|p2b: Indeedee\n|-singleturn|p2b: Indeedee|move: Follow Me\n|move|p2a: Drifblim|Minimize|p2a: Drifblim\n|-boost|p2a: Drifblim|evasion|2\n|move|p1a: Smeargle|Spore|p2b: Indeedee\n|-status|p2b: Indeedee|slp|[from] move: Spore\n|move|p1b: Muk|Minimize|p1b: Muk\n|-boost|p1b: Muk|evasion|2\n|\n|-ability|p1a: Smeargle|Moody|boost\n|-boost|p1a: Smeargle|def|2\n|-unboost|p1a: Smeargle|spa|1\n|upkeep\n|turn|2\n|\n|t:|1768845262\n|cant|p2b: Indeedee|slp\n|move|p2a: Drifblim|Substitute|p2a: Drifblim\n|-start|p2a: Drifblim|Substitute\n|-damage|p2a: Drifblim|76/100\n|move|p1a: Smeargle|Spore|p2a: Drifblim|[miss]\n|-miss|p1a: Smeargle|p2a: Drifblim\n|move|p1b: Muk|Minimize|p1b: Muk\n|-boost|p1b: Muk|evasion|2\n|\n|-ability|p1a: Smeargle|Moody|boost\n|-boost|p1a: Smeargle|def|2\n|-unboost|p1a: Smeargle|spd|1\n|upkeep\n|turn|3\n|\n|t:|1768845278\n|move|p1a: Smeargle|Follow Me|p1a: Smeargle\n|-singleturn|p1a: Smeargle|move: Follow Me\n|move|p2a: Drifblim|Minimize|p2a: Drifblim\n|-boost|p2a: Drifblim|evasion|2\n|cant|p2b: Indeedee|slp\n|move|p1b: Muk|Minimize|p1b: Muk\n|-boost|p1b: Muk|evasion|2\n|\n|-ability|p1a: Smeargle|Moody|boost\n|-boost|p1a: Smeargle|def|2\n|-unboost|p1a: Smeargle|spd|1\n|upkeep\n|turn|4\n|\n|t:|1768845292\n|move|p1a: Smeargle|Follow Me|p1a: Smeargle\n|-singleturn|p1a: Smeargle|move: Follow Me\n|move|p2a: Drifblim|Minimize|p2a: Drifblim\n|-boost|p2a: Drifblim|evasion|2\n|-curestatus|p2b: Indeedee|slp|[msg]\n|move|p2b: Indeedee|Alluring Voice|p1a: Smeargle\n|-damage|p1a: Smeargle|21/100\n|move|p1b: Muk|Knock Off|p2a: Drifblim|[miss]\n|-miss|p1b: Muk|p2a: Drifblim\n|\n|-ability|p1a: Smeargle|Moody|boost\n|-boost|p1a: Smeargle|spa|2\n|-unboost|p1a: Smeargle|spd|1\n|upkeep\n|turn|5\n|\n|t:|1768845309\n|move|p1a: Smeargle|Follow Me|p1a: Smeargle\n|-singleturn|p1a: Smeargle|move: Follow Me\n|move|p2b: Indeedee|Follow Me|p2b: Indeedee\n|-singleturn|p2b: Indeedee|move: Follow Me\n|move|p2a: Drifblim|Calm Mind|p2a: Drifblim\n|-boost|p2a: Drifblim|spa|1\n|-boost|p2a: Drifblim|spd|1\n|move|p1b: Muk|Knock Off|p2b: Indeedee\n|-supereffective|p2b: Indeedee\n|-damage|p2b: Indeedee|28/100\n|-enditem|p2b: Indeedee|Mental Herb|[from] move: Knock Off|[of] p1b: Muk\n|\n|-fieldend|move: Psychic Terrain\n|-ability|p1a: Smeargle|Moody|boost\n|-boost|p1a: Smeargle|spe|2\n|-unboost|p1a: Smeargle|spa|1\n|upkeep\n|turn|6\n|\n|t:|1768845329\n|move|p1a: Smeargle|Spore|p2b: Indeedee\n|-status|p2b: Indeedee|slp|[from] move: Spore\n|move|p2a: Drifblim|Calm Mind|p2a: Drifblim\n|-boost|p2a: Drifblim|spa|1\n|-boost|p2a: Drifblim|spd|1\n|cant|p2b: Indeedee|slp\n|move|p1b: Muk|Minimize|p1b: Muk\n|-boost|p1b: Muk|evasion|0\n|\n|-ability|p1a: Smeargle|Moody|boost\n|-boost|p1a: Smeargle|spe|2\n|-unboost|p1a: Smeargle|def|1\n|upkeep\n|turn|7\n|\n|t:|1768845344\n|move|p1a: Smeargle|Follow Me|p1a: Smeargle\n|-singleturn|p1a: Smeargle|move: Follow Me\n|move|p2a: Drifblim|Calm Mind|p2a: Drifblim\n|-boost|p2a: Drifblim|spa|1\n|-boost|p2a: Drifblim|spd|1\n|cant|p2b: Indeedee|slp\n|move|p1b: Muk|Knock Off|p2a: Drifblim\n|-supereffective|p2a: Drifblim\n|-end|p2a: Drifblim|Substitute\n|\n|-ability|p1a: Smeargle|Moody|boost\n|-boost|p1a: Smeargle|spd|2\n|-unboost|p1a: Smeargle|atk|1\n|upkeep\n|turn|8\n|\n|t:|1768845369\n|move|p1a: Smeargle|Follow Me|p1a: Smeargle\n|-singleturn|p1a: Smeargle|move: Follow Me\n|move|p2a: Drifblim|Substitute|p2a: Drifblim\n|-start|p2a: Drifblim|Substitute\n|-damage|p2a: Drifblim|51/100\n|cant|p2b: Indeedee|slp\n|move|p1b: Muk|Knock Off|p2a: Drifblim|[miss]\n|-miss|p1b: Muk|p2a: Drifblim\n|\n|-ability|p1a: Smeargle|Moody|boost\n|-boost|p1a: Smeargle|spe|2\n|-unboost|p1a: Smeargle|spa|1\n|upkeep\n|turn|9\n|\n|t:|1768845386\n|move|p1a: Smeargle|Follow Me|p1a: Smeargle\n|-singleturn|p1a: Smeargle|move: Follow Me\n|move|p2a: Drifblim|Calm Mind|p2a: Drifblim\n|-boost|p2a: Drifblim|spa|1\n|-boost|p2a: Drifblim|spd|1\n|-curestatus|p2b: Indeedee|slp|[msg]\n|move|p2b: Indeedee|Alluring Voice|p1a: Smeargle\n|-damage|p1a: Smeargle|0 fnt\n|faint|p1a: Smeargle\n|-ability|p1b: Muk|Moody|Power of Alchemy|[from] ability: Power of Alchemy|[of] p1a: Smeargle\n|move|p1b: Muk|Knock Off|p2a: Drifblim|[miss]\n|-miss|p1b: Muk|p2a: Drifblim\n|\n|-ability|p1b: Muk|Moody|boost\n|-boost|p1b: Muk|def|2\n|-unboost|p1b: Muk|spa|1\n|upkeep\n|\n|t:|1768845404\n|switch|p1a: Sableye|Sableye, L50, M|100/100\n|turn|10\n|\n|t:|1768845413\n|move|p2b: Indeedee|Protect|p2b: Indeedee\n|-singleturn|p2b: Indeedee|Protect\n|move|p1a: Sableye|Disable|p2b: Indeedee\n|-activate|p2b: Indeedee|move: Protect\n|move|p2a: Drifblim|Baton Pass|p2a: Drifblim\n|\n|t:|1768845420\n|switch|p2a: Mewtwo|Mewtwo, L50|100/100|[from] Baton Pass\n|-ability|p2a: Mewtwo|Pressure\n|move|p1b: Muk|Minimize|p1b: Muk\n|-boost|p1b: Muk|evasion|0\n|\n|-ability|p1b: Muk|Moody|boost\n|-boost|p1b: Muk|spe|2\n|-unboost|p1b: Muk|spd|1\n|upkeep\n|turn|11\n|\n|t:|1768845433\n|switch|p2b: Drifblim|Drifblim, L50, M, shiny|51/100\n|move|p1a: Sableye|Protect|p1a: Sableye\n|-singleturn|p1a: Sableye|Protect\n|move|p2a: Mewtwo|Aura Sphere|p1b: Muk\n|-damage|p1b: Muk|2/100\n|move|p1b: Muk|Knock Off|p2a: Mewtwo\n|-supereffective|p2a: Mewtwo\n|-end|p2a: Mewtwo|Substitute\n|\n|-heal|p1b: Muk|8/100|[from] item: Leftovers\n|-ability|p1b: Muk|Moody|boost\n|-boost|p1b: Muk|spd|2\n|-unboost|p1b: Muk|spe|1\n|upkeep\n|turn|12\n|\n|t:|1768845452\n|move|p1a: Sableye|Disable|p2a: Mewtwo|[miss]\n|-miss|p1a: Sableye|p2a: Mewtwo\n|move|p2a: Mewtwo|Aura Sphere|p1b: Muk\n|-damage|p1b: Muk|0 fnt\n|faint|p1b: Muk\n|move|p2b: Drifblim|Minimize|p2b: Drifblim\n|-boost|p2b: Drifblim|evasion|2\n|\n|upkeep\n|-message|ArisHazard forfeited.\n|\n|win|SL1Dgaming\n|raw|ArisHazard's rating: 1214 &rarr; <strong>1197</strong><br />(-17 for losing)\n|raw|SL1Dgaming's rating: 1326 &rarr; <strong>1340</strong><br />(+14 for winning)\n|l|\u2606ArisHazard\n|player|p1|\n|l|\u2606SL1Dgaming\n|player|p2|\n","uploadtime":1768845719,"views":12,"formatid":"gen9vgc2026regi","rating":1197,"private":0,"password":null}