{"id":"gen9vgc2026regi-2521116301","format":"[Gen 9] VGC 2026 Reg I","players":["Yancy0902\u56fe\u56fe\u72ac\u4fa0","1zha"],"log":"|j|\u2606Yancy0902\u56fe\u56fe\u72ac\u4fa0\n|j|\u26061zha\n|t:|1768731907\n|gametype|doubles\n|player|p1|Yancy0902\u56fe\u56fe\u72ac\u4fa0|iono-masters2|1211\n|player|p2|1zha|battlegirl-gen4|1295\n|gen|9\n|tier|[Gen 9] VGC 2026 Reg I\n|rated|\n|rule|Species Clause: Limit one of each Pok\u00e9mon\n|rule|Item Clause: Limit 1 of each item\n|clearpoke\n|poke|p1|Calyrex-Shadow, L50|\n|poke|p1|Zamazenta-*, L50|\n|poke|p1|Raging Bolt, L50|\n|poke|p1|Rillaboom, L50, M|\n|poke|p1|Tornadus, L50, M|\n|poke|p1|Ogerpon-Cornerstone, L50, F|\n|poke|p2|Lunala, L50|\n|poke|p2|Ursaluna, L50, M|\n|poke|p2|Urshifu-*, L50, F|\n|poke|p2|Miraidon, L50|\n|poke|p2|Grimmsnarl, L50, M|\n|poke|p2|Incineroar, L50, F|\n|teampreview|4\n|inactive|Battle timer is ON: inactive players will automatically lose when time's up. (requested by 1zha)\n|\n|t:|1768731947\n|teamsize|p1|4\n|teamsize|p2|4\n|start\n|switch|p1a: Rillaboom|Rillaboom, L50, M|100/100\n|switch|p1b: Raging Bolt|Raging Bolt, L50|100/100\n|switch|p2a: Miraidon|Miraidon, L50|100/100\n|switch|p2b: Grimmsnarl|Grimmsnarl, L50, M|100/100\n|-fieldstart|move: Electric Terrain|[from] ability: Hadron Engine|[of] p2a: Miraidon\n|-fieldstart|move: Grassy Terrain|[from] ability: Grassy Surge|[of] p1a: Rillaboom\n|-enditem|p1b: Raging Bolt|Booster Energy\n|-activate|p1b: Raging Bolt|ability: Protosynthesis|[fromitem]\n|-start|p1b: Raging Bolt|protosynthesisspa\n|turn|1\n|\n|t:|1768731970\n|switch|p2a: Lunala|Lunala, L50|100/100\n|move|p1a: Rillaboom|Fake Out|p2a: Lunala\n|-immune|p2a: Lunala\n|move|p2b: Grimmsnarl|Light Screen|p2b: Grimmsnarl\n|-sidestart|p2: 1zha|move: Light Screen\n|move|p1b: Raging Bolt|Dragon Pulse|p2a: Lunala\n|-damage|p2a: Lunala|87/100\n|\n|-heal|p2a: Lunala|93/100|[from] Grassy Terrain\n|upkeep\n|turn|2\n|inactive|1zha has 30 seconds left.\n|\n|t:|1768732000\n|switch|p2b: Ursaluna|Ursaluna, L50, M|100/100\n|-terastallize|p1b: Raging Bolt|Electric\n|move|p1b: Raging Bolt|Thunderbolt|p2a: Lunala\n|-damage|p2a: Lunala|48/100\n|move|p1a: Rillaboom|Wood Hammer|p2a: Lunala\n|-damage|p2a: Lunala|0 fnt\n|faint|p2a: Lunala\n|-damage|p1a: Rillaboom|83/100|[from] Recoil\n|\n|-heal|p1a: Rillaboom|89/100|[from] Grassy Terrain\n|-status|p2b: Ursaluna|brn|[from] item: Flame Orb\n|upkeep\n|\n|t:|1768732014\n|switch|p2a: Grimmsnarl|Grimmsnarl, L50, M|100/100\n|turn|3\n|\n|t:|1768732026\n|-terastallize|p2b: Ursaluna|Ghost\n|move|p2a: Grimmsnarl|Reflect|p2a: Grimmsnarl\n|-sidestart|p2: 1zha|Reflect\n|move|p1b: Raging Bolt|Thunderbolt|p2b: Ursaluna\n|-damage|p2b: Ursaluna|48/100 brn\n|move|p1a: Rillaboom|Wood Hammer|p2b: Ursaluna\n|-damage|p2b: Ursaluna|13/100 brn\n|-damage|p1a: Rillaboom|76/100|[from] Recoil\n|move|p2b: Ursaluna|Facade|p1b: Raging Bolt\n|-damage|p1b: Raging Bolt|0 fnt\n|faint|p1b: Raging Bolt\n|-end|p1b: Raging Bolt|Protosynthesis|[silent]\n|\n|-heal|p1a: Rillaboom|82/100|[from] Grassy Terrain\n|-heal|p2b: Ursaluna|19/100 brn|[from] Grassy Terrain\n|-damage|p2b: Ursaluna|13/100 brn|[from] brn\n|upkeep\n|j| Rxu\n|\n|t:|1768732044\n|switch|p1b: Zamazenta|Zamazenta-Crowned, L50, shiny|100/100\n|-ability|p1b: Zamazenta|Dauntless Shield|boost\n|-boost|p1b: Zamazenta|def|1\n|turn|4\n|inactive|Yancy0902\u56fe\u56fe\u72ac\u4fa0 has 30 seconds left.\n|\n|t:|1768732071\n|move|p2b: Ursaluna|Protect|p2b: Ursaluna\n|-singleturn|p2b: Ursaluna|Protect\n|move|p1a: Rillaboom|Grassy Glide|p2b: Ursaluna\n|-activate|p2b: Ursaluna|move: Protect\n|move|p2a: Grimmsnarl|Thunder Wave|p1b: Zamazenta\n|-status|p1b: Zamazenta|par\n|cant|p1b: Zamazenta|par\n|\n|-heal|p1a: Rillaboom|88/100|[from] Grassy Terrain\n|-heal|p2b: Ursaluna|19/100 brn|[from] Grassy Terrain\n|-damage|p2b: Ursaluna|13/100 brn|[from] brn\n|upkeep\n|turn|5\n|\n|t:|1768732087\n|switch|p2b: Miraidon|Miraidon, L50|100/100\n|-fieldstart|move: Electric Terrain|[from] ability: Hadron Engine|[of] p2b: Miraidon\n|move|p2a: Grimmsnarl|Thunder Wave|p1a: Rillaboom\n|-status|p1a: Rillaboom|par\n|move|p1b: Zamazenta|Heavy Slam|p2a: Grimmsnarl\n|-supereffective|p2a: Grimmsnarl\n|-damage|p2a: Grimmsnarl|40/100\n|move|p1a: Rillaboom|Wood Hammer|p2b: Miraidon\n|-resisted|p2b: Miraidon\n|-damage|p2b: Miraidon|85/100\n|-damage|p1a: Rillaboom|83/100 par|[from] Recoil\n|\n|upkeep\n|turn|6\n|\n|t:|1768732106\n|move|p1b: Zamazenta|Protect|p1b: Zamazenta\n|-singleturn|p1b: Zamazenta|Protect\n|move|p2b: Miraidon|Electro Drift|p1a: Rillaboom\n|-resisted|p1a: Rillaboom\n|-damage|p1a: Rillaboom|53/100 par\n|move|p2a: Grimmsnarl|Spirit Break|p1a: Rillaboom\n|-damage|p1a: Rillaboom|27/100 par\n|-unboost|p1a: Rillaboom|spa|1\n|cant|p1a: Rillaboom|par\n|\n|upkeep\n|turn|7\n|inactive|Yancy0902\u56fe\u56fe\u72ac\u4fa0 has 30 seconds left.\n|inactive|Yancy0902\u56fe\u56fe\u72ac\u4fa0 has 20 seconds left.\n|inactive|Yancy0902\u56fe\u56fe\u72ac\u4fa0 has 15 seconds left.\n|inactive|Yancy0902\u56fe\u56fe\u72ac\u4fa0 has 10 seconds left.\n|\n|t:|1768732152\n|switch|p1a: Ogerpon|Ogerpon-Cornerstone, L50, F|100/100\n|move|p2b: Miraidon|Electro Drift|p1b: Zamazenta\n|-damage|p1b: Zamazenta|34/100 par\n|cant|p1b: Zamazenta|par\n|move|p2a: Grimmsnarl|Spirit Break|p1a: Ogerpon\n|-damage|p1a: Ogerpon|58/100\n|-unboost|p1a: Ogerpon|spa|1\n|\n|upkeep\n|turn|8\n|\n|t:|1768732174\n|move|p1a: Ogerpon|Follow Me|p1a: Ogerpon\n|-singleturn|p1a: Ogerpon|move: Follow Me\n|move|p2b: Miraidon|Electro Drift|p1a: Ogerpon\n|-resisted|p1a: Ogerpon\n|-damage|p1a: Ogerpon|4/100\n|move|p1b: Zamazenta|Body Press|p2b: Miraidon\n|-damage|p2b: Miraidon|46/100\n|move|p2a: Grimmsnarl|Spirit Break|p1a: Ogerpon\n|-damage|p1a: Ogerpon|0 fnt\n|faint|p1a: Ogerpon\n|\n|-sideend|p2: 1zha|move: Light Screen\n|upkeep\n|\n|t:|1768732185\n|switch|p1a: Rillaboom|Rillaboom, L50, M|27/100 par\n|-fieldstart|move: Grassy Terrain|[from] ability: Grassy Surge|[of] p1a: Rillaboom\n|turn|9\n|\n|t:|1768732197\n|switch|p2b: Ursaluna|Ursaluna, L50, M, tera:Ghost|13/100 brn\n|cant|p1a: Rillaboom|par\n|cant|p1b: Zamazenta|par\n|move|p2a: Grimmsnarl|Spirit Break|p1a: Rillaboom\n|-damage|p1a: Rillaboom|2/100 par\n|-unboost|p1a: Rillaboom|spa|1\n|\n|-heal|p1b: Zamazenta|41/100 par|[from] Grassy Terrain\n|-heal|p2a: Grimmsnarl|46/100|[from] Grassy Terrain\n|-heal|p1a: Rillaboom|8/100 par|[from] Grassy Terrain\n|-heal|p2b: Ursaluna|19/100 brn|[from] Grassy Terrain\n|-damage|p2b: Ursaluna|13/100 brn|[from] brn\n|upkeep\n|turn|10\n|\n|t:|1768732212\n|move|p2b: Ursaluna|Protect|p2b: Ursaluna\n|-singleturn|p2b: Ursaluna|Protect\n|move|p1a: Rillaboom|Grassy Glide|p2b: Ursaluna\n|-activate|p2b: Ursaluna|move: Protect\n|move|p1b: Zamazenta|Heavy Slam|p2a: Grimmsnarl\n|-supereffective|p2a: Grimmsnarl\n|-damage|p2a: Grimmsnarl|0 fnt\n|faint|p2a: Grimmsnarl\n|\n|-heal|p1b: Zamazenta|47/100 par|[from] Grassy Terrain\n|-heal|p1a: Rillaboom|14/100 par|[from] Grassy Terrain\n|-heal|p2b: Ursaluna|19/100 brn|[from] Grassy Terrain\n|-damage|p2b: Ursaluna|13/100 brn|[from] brn\n|-sideend|p2: 1zha|Reflect\n|upkeep\n|\n|t:|1768732221\n|switch|p2a: Miraidon|Miraidon, L50|46/100\n|-fieldstart|move: Electric Terrain|[from] ability: Hadron Engine|[of] p2a: Miraidon\n|turn|11\n|\n|t:|1768732234\n|move|p2a: Miraidon|Electro Drift|p1a: Rillaboom\n|-resisted|p1a: Rillaboom\n|-damage|p1a: Rillaboom|0 fnt\n|faint|p1a: Rillaboom\n|move|p1b: Zamazenta|Body Press|p2a: Miraidon\n|-damage|p2a: Miraidon|0 fnt\n|faint|p2a: Miraidon\n|move|p2b: Ursaluna|Headlong Rush|p1b: Zamazenta\n|-supereffective|p1b: Zamazenta\n|-damage|p1b: Zamazenta|0 fnt\n|-unboost|p2b: Ursaluna|def|1\n|-unboost|p2b: Ursaluna|spd|1\n|faint|p1b: Zamazenta\n|\n|win|1zha\n|raw|Yancy0902\u56fe\u56fe\u72ac\u4fa0's rating: 1211 &rarr; <strong>1192</strong><br />(-19 for losing)\n|raw|1zha's rating: 1295 &rarr; <strong>1314</strong><br />(+19 for winning)\n","uploadtime":1768732240,"views":26,"formatid":"gen9vgc2026regi","rating":1192,"private":0,"password":null}