{"id":"gen9vgc2026regi-2567663924","format":"[Gen 9] VGC 2026 Reg I","players":["soahmed","clefci"],"log":"|j|\u2606soahmed\n|j|\u2606clefci\n|t:|1774500273\n|gametype|doubles\n|player|p1|soahmed|backersf|1307\n|player|p2|clefci|102|1366\n|gen|9\n|tier|[Gen 9] VGC 2026 Reg I\n|rated|\n|rule|Species Clause: Limit one of each Pok\u00e9mon\n|rule|Item Clause: Limit 1 of each item\n|clearpoke\n|poke|p1|Calyrex-Shadow, L50|\n|poke|p1|Zamazenta-*, L50|\n|poke|p1|Chien-Pao, L50|\n|poke|p1|Dragonite, L50, M|\n|poke|p1|Amoonguss, L50, F|\n|poke|p1|Ogerpon-Cornerstone, L50, F|\n|poke|p2|Groudon, L50|\n|poke|p2|Lunala, L50|\n|poke|p2|Smeargle, L50, M|\n|poke|p2|Tornadus, L50, M|\n|poke|p2|Flutter Mane, L50|\n|poke|p2|Gouging Fire, L50|\n|teampreview|4\n|inactive|Battle timer is ON: inactive players will automatically lose when time's up. (requested by clefci)\n|inactive|soahmed has 60 seconds left.\n|\n|t:|1774500312\n|teamsize|p1|4\n|teamsize|p2|4\n|start\n|switch|p1a: Calyrex|Calyrex-Shadow, L50|100/100\n|switch|p1b: Chien-Pao|Chien-Pao, L50|100/100\n|switch|p2a: Tornadus|Tornadus, L50, M|100/100\n|switch|p2b: Smeargle|Smeargle, L50, M|100/100\n|-ability|p1a: Calyrex|As One\n|-ability|p1a: Calyrex|Unnerve\n|-ability|p1b: Chien-Pao|Sword of Ruin\n|turn|1\n|inactive|soahmed has 30 seconds left.\n|inactive|soahmed has 20 seconds left.\n|inactive|soahmed has 15 seconds left.\n|\n|t:|1774500355\n|move|p2a: Tornadus|Tailwind|p2a: Tornadus\n|-sidestart|p2: clefci|move: Tailwind\n|move|p2b: Smeargle|Spore|p1b: Chien-Pao\n|-status|p1b: Chien-Pao|slp|[from] move: Spore\n|move|p1a: Calyrex|Encore|p2a: Tornadus\n|-start|p2a: Tornadus|Encore\n|cant|p1b: Chien-Pao|slp\n|\n|-ability|p2b: Smeargle|Moody|boost\n|-boost|p2b: Smeargle|spa|2\n|-unboost|p2b: Smeargle|spe|1\n|upkeep\n|turn|2\n|\n|t:|1774500382\n|switch|p2a: Lunala|Lunala, L50|100/100\n|cant|p1b: Chien-Pao|slp\n|move|p1a: Calyrex|Psychic|p2b: Smeargle\n|-enditem|p2b: Smeargle|Focus Sash\n|-damage|p2b: Smeargle|1/100\n|move|p2b: Smeargle|Spore|p1a: Calyrex\n|-status|p1a: Calyrex|slp|[from] move: Spore\n|\n|-ability|p2b: Smeargle|Moody|boost\n|-boost|p2b: Smeargle|spd|2\n|-unboost|p2b: Smeargle|atk|1\n|upkeep\n|turn|3\n|inactive|soahmed has 30 seconds left.\n|\n|t:|1774500414\n|-terastallize|p2a: Lunala|Fairy\n|move|p2b: Smeargle|Follow Me|p2b: Smeargle\n|-singleturn|p2b: Smeargle|move: Follow Me\n|move|p2a: Lunala|Dazzling Gleam|p1a: Calyrex|[spread] p1a,p1b\n|-supereffective|p1b: Chien-Pao\n|-damage|p1a: Calyrex|47/100 slp\n|-damage|p1b: Chien-Pao|11/100 slp\n|cant|p1a: Calyrex|slp\n|cant|p1b: Chien-Pao|slp\n|\n|-ability|p2b: Smeargle|Moody|boost\n|-boost|p2b: Smeargle|spd|2\n|-unboost|p2b: Smeargle|def|1\n|upkeep\n|turn|4\n|\n|t:|1774500427\n|switch|p2b: Tornadus|Tornadus, L50, M|100/100\n|cant|p1a: Calyrex|slp\n|-curestatus|p1b: Chien-Pao|slp|[msg]\n|move|p1b: Chien-Pao|Ice Shard|p2b: Tornadus\n|-supereffective|p2b: Tornadus\n|-damage|p2b: Tornadus|41/100\n|move|p2a: Lunala|Dazzling Gleam|p1b: Chien-Pao|[spread] p1a,p1b\n|-supereffective|p1b: Chien-Pao\n|-damage|p1a: Calyrex|0 fnt\n|-damage|p1b: Chien-Pao|0 fnt\n|faint|p1a: Calyrex\n|faint|p1b: Chien-Pao\n|\n|-sideend|p2: clefci|move: Tailwind\n|upkeep\n|\n|t:|1774500433\n|switch|p1a: Zamazenta|Zamazenta-Crowned, L50|100/100\n|switch|p1b: Dragonite|Dragonite, L50, M|100/100\n|-ability|p1a: Zamazenta|Dauntless Shield|boost\n|-boost|p1a: Zamazenta|def|1\n|turn|5\n|inactive|soahmed has 30 seconds left.\n|inactive|soahmed has 20 seconds left.\n|\n|t:|1774500469\n|switch|p2a: Groudon|Groudon, L50|100/100\n|-weather|SunnyDay|[from] ability: Drought|[of] p2a: Groudon\n|-terastallize|p1b: Dragonite|Normal\n|move|p2b: Tornadus|Protect|p2b: Tornadus\n|-singleturn|p2b: Tornadus|Protect\n|move|p1b: Dragonite|Extreme Speed|p2a: Groudon\n|-damage|p2a: Groudon|55/100\n|move|p1a: Zamazenta|Behemoth Bash|p2a: Groudon\n|-damage|p2a: Groudon|30/100\n|\n|-weather|SunnyDay|[upkeep]\n|upkeep\n|turn|6\n|\n|t:|1774500494\n|move|p1b: Dragonite|Extreme Speed|p2a: Groudon\n|-damage|p2a: Groudon|0 fnt\n|faint|p2a: Groudon\n|move|p2b: Tornadus|Tailwind|p2b: Tornadus\n|-sidestart|p2: clefci|move: Tailwind\n|move|p1a: Zamazenta|Behemoth Bash|p2b: Tornadus\n|-damage|p2b: Tornadus|0 fnt\n|faint|p2b: Tornadus\n|\n|-weather|SunnyDay|[upkeep]\n|upkeep\n|\n|t:|1774500497\n|switch|p2b: Smeargle|Smeargle, L50, M|1/100\n|switch|p2a: Lunala|Lunala, L50, tera:Fairy|100/100\n|turn|7\n|inactive|clefci has 30 seconds left.\n|\n|t:|1774500532\n|move|p2b: Smeargle|Fake Out|p1a: Zamazenta\n|-resisted|p1a: Zamazenta\n|-damage|p1a: Zamazenta|99/100\n|move|p1b: Dragonite|Extreme Speed|p2b: Smeargle\n|-damage|p2b: Smeargle|0 fnt\n|faint|p2b: Smeargle\n|move|p2a: Lunala|Heat Wave|p1a: Zamazenta|[spread] p1b\n|-miss|p2a: Lunala|p1a: Zamazenta\n|-damage|p1b: Dragonite|43/100\n|cant|p1a: Zamazenta|flinch\n|\n|-weather|SunnyDay|[upkeep]\n|upkeep\n|turn|8\n|inactive|soahmed has 30 seconds left.\n|\n|t:|1774500566\n|move|p1a: Zamazenta|Wide Guard|p1a: Zamazenta\n|-singleturn|p1a: Zamazenta|Wide Guard\n|move|p1b: Dragonite|Extreme Speed|p2a: Lunala\n|-damage|p2a: Lunala|71/100\n|move|p2a: Lunala|Heat Wave|p1a: Zamazenta|[spread] \n|-activate|p1a: Zamazenta|move: Wide Guard\n|-activate|p1b: Dragonite|move: Wide Guard\n|\n|-weather|SunnyDay|[upkeep]\n|upkeep\n|turn|9\n|-message|clefci forfeited.\n|\n|win|soahmed\n|raw|soahmed's rating: 1307 &rarr; <strong>1330</strong><br />(+23 for winning)\n|raw|clefci's rating: 1366 &rarr; <strong>1343</strong><br />(-23 for losing)\n|l|\u2606clefci\n|player|p2|\n|l|\u2606soahmed\n|player|p1|\n","uploadtime":1774500834,"views":13,"formatid":"gen9vgc2026regi","rating":1330,"private":0,"password":null}