{"id":"gen9vgc2026regi-2529398379","format":"[Gen 9] VGC 2026 Reg I","players":["ky123456","Low Tier Goodra"],"log":"|j|\u2606ky123456\n|j|\u2606Low Tier Goodra\n|t:|1769783284\n|gametype|doubles\n|player|p1|ky123456|cynthia-gen4|1530\n|player|p2|Low Tier Goodra|jasmine|1497\n|gen|9\n|tier|[Gen 9] VGC 2026 Reg I\n|rated|\n|rule|Species Clause: Limit one of each Pok\u00e9mon\n|rule|Item Clause: Limit 1 of each item\n|clearpoke\n|poke|p1|Calyrex-Shadow, L50|\n|poke|p1|Zamazenta-*, L50|\n|poke|p1|Roaring Moon, L50|\n|poke|p1|Maushold, L50|\n|poke|p1|Weezing, L50, F|\n|poke|p1|Amoonguss, L50, M|\n|poke|p2|Calyrex-Ice, L50|\n|poke|p2|Kyogre, L50|\n|poke|p2|Sinistcha-Masterpiece, L50|\n|poke|p2|Rillaboom, L50, M|\n|poke|p2|Ursaluna, L50, M|\n|poke|p2|Incineroar, L50, M|\n|teampreview|4\n|j| Rege1\n|l| Rege1\n|\n|t:|1769783334\n|teamsize|p1|4\n|teamsize|p2|4\n|start\n|switch|p1a: Zamazenta|Zamazenta-Crowned, L50|100/100\n|switch|p1b: Roaring Moon|Roaring Moon, L50|100/100\n|switch|p2a: Rillaboom|Rillaboom, L50, M|100/100\n|switch|p2b: Calyrex|Calyrex-Ice, L50|100/100\n|-ability|p2b: Calyrex|As One\n|-ability|p2b: Calyrex|Unnerve\n|-ability|p1a: Zamazenta|Dauntless Shield|boost\n|-boost|p1a: Zamazenta|def|1\n|-fieldstart|move: Grassy Terrain|[from] ability: Grassy Surge|[of] p2a: Rillaboom\n|-enditem|p1b: Roaring Moon|Booster Energy\n|-activate|p1b: Roaring Moon|ability: Protosynthesis|[fromitem]\n|-start|p1b: Roaring Moon|protosynthesisspe\n|turn|1\n|\n|t:|1769783349\n|move|p1a: Zamazenta|Wide Guard|p1a: Zamazenta\n|-singleturn|p1a: Zamazenta|Wide Guard\n|move|p2a: Rillaboom|Fake Out|p1a: Zamazenta\n|-resisted|p1a: Zamazenta\n|-damage|p1a: Zamazenta|98/100\n|move|p1b: Roaring Moon|Taunt|p2b: Calyrex\n|-start|p2b: Calyrex|move: Taunt\n|-enditem|p2b: Calyrex|Mental Herb\n|-end|p2b: Calyrex|move: Taunt\n|move|p2b: Calyrex|Trick Room|p2b: Calyrex\n|-fieldstart|move: Trick Room|[of] p2b: Calyrex\n|\n|-heal|p1a: Zamazenta|100/100|[from] Grassy Terrain\n|upkeep\n|turn|2\n|\n|t:|1769783380\n|move|p1a: Zamazenta|Wide Guard|p1a: Zamazenta\n|-singleturn|p1a: Zamazenta|Wide Guard\n|move|p2b: Calyrex|Leech Seed|p1a: Zamazenta\n|-start|p1a: Zamazenta|move: Leech Seed\n|move|p2a: Rillaboom|Taunt|p1a: Zamazenta\n|-start|p1a: Zamazenta|move: Taunt\n|move|p1b: Roaring Moon|Acrobatics|p2a: Rillaboom\n|-supereffective|p2a: Rillaboom\n|-damage|p2a: Rillaboom|15/100\n|\n|-heal|p2a: Rillaboom|21/100|[from] Grassy Terrain\n|-damage|p1a: Zamazenta|88/100|[from] Leech Seed|[of] p2b: Calyrex\n|upkeep\n|turn|3\n|\n|t:|1769783411\n|move|p2b: Calyrex|Glacial Lance|p1b: Roaring Moon|[spread] p1a,p1b\n|-resisted|p1a: Zamazenta\n|-supereffective|p1b: Roaring Moon\n|-damage|p1a: Zamazenta|80/100\n|-damage|p1b: Roaring Moon|0 fnt\n|faint|p1b: Roaring Moon\n|-end|p1b: Roaring Moon|Protosynthesis|[silent]\n|-ability|p2b: Calyrex|Chilling Neigh|boost\n|-boost|p2b: Calyrex|atk|1\n|move|p2a: Rillaboom|U-turn|p1a: Zamazenta\n|-resisted|p1a: Zamazenta\n|-damage|p1a: Zamazenta|78/100\n|\n|t:|1769783420\n|switch|p2a: Ursaluna|Ursaluna, L50, M|100/100|[from] U-turn\n|move|p1a: Zamazenta|Body Press|p2b: Calyrex\n|-damage|p2b: Calyrex|52/100\n|\n|-heal|p2b: Calyrex|58/100|[from] Grassy Terrain\n|-heal|p1a: Zamazenta|84/100|[from] Grassy Terrain\n|-damage|p1a: Zamazenta|72/100|[from] Leech Seed|[of] p2b: Calyrex\n|-heal|p2b: Calyrex|70/100|[silent]\n|-status|p2a: Ursaluna|brn|[from] item: Flame Orb\n|upkeep\n|\n|t:|1769783427\n|switch|p1b: Amoonguss|Amoonguss, L50, M|100/100\n|turn|4\n|\n|t:|1769783457\n|-terastallize|p2a: Ursaluna|Ghost\n|move|p1b: Amoonguss|Protect|p1b: Amoonguss\n|-singleturn|p1b: Amoonguss|Protect\n|move|p2a: Ursaluna|Substitute|p2a: Ursaluna\n|-start|p2a: Ursaluna|Substitute\n|-damage|p2a: Ursaluna|76/100 brn\n|move|p2b: Calyrex|Glacial Lance|p1b: Amoonguss|[spread] p1a\n|-activate|p1b: Amoonguss|move: Protect\n|-resisted|p1a: Zamazenta\n|-damage|p1a: Zamazenta|59/100\n|move|p1a: Zamazenta|Body Press|p2b: Calyrex\n|-damage|p2b: Calyrex|25/100\n|\n|-heal|p2a: Ursaluna|82/100 brn|[from] Grassy Terrain\n|-heal|p2b: Calyrex|30/100|[from] Grassy Terrain\n|-heal|p1a: Zamazenta|65/100|[from] Grassy Terrain\n|-damage|p1a: Zamazenta|53/100|[from] Leech Seed|[of] p2b: Calyrex\n|-heal|p2b: Calyrex|42/100|[silent]\n|-damage|p2a: Ursaluna|76/100 brn|[from] brn\n|upkeep\n|turn|5\n|\n|t:|1769783486\n|move|p2b: Calyrex|Protect|p2b: Calyrex\n|-singleturn|p2b: Calyrex|Protect\n|move|p1b: Amoonguss|Spore|p2b: Calyrex\n|-activate|p2b: Calyrex|move: Protect\n|move|p2a: Ursaluna|Headlong Rush|p1a: Zamazenta\n|-supereffective|p1a: Zamazenta\n|-crit|p1a: Zamazenta\n|-damage|p1a: Zamazenta|0 fnt\n|-unboost|p2a: Ursaluna|def|1\n|-unboost|p2a: Ursaluna|spd|1\n|faint|p1a: Zamazenta\n|\n|-heal|p2a: Ursaluna|82/100 brn|[from] Grassy Terrain\n|-heal|p2b: Calyrex|48/100|[from] Grassy Terrain\n|-damage|p2a: Ursaluna|76/100 brn|[from] brn\n|-fieldend|move: Trick Room\n|-fieldend|move: Grassy Terrain\n|upkeep\n|\n|t:|1769783495\n|switch|p1a: Calyrex|Calyrex-Shadow, L50|100/100\n|-ability|p1a: Calyrex|As One\n|-ability|p1a: Calyrex|Unnerve\n|turn|6\n|\n|t:|1769783520\n|move|p1b: Amoonguss|Rage Powder|p1b: Amoonguss\n|-singleturn|p1b: Amoonguss|move: Rage Powder\n|move|p1a: Calyrex|Astral Barrage|p2a: Ursaluna|[spread] p2a,p2b\n|-supereffective|p2a: Ursaluna\n|-end|p2a: Ursaluna|Substitute\n|-supereffective|p2b: Calyrex\n|-damage|p2b: Calyrex|0 fnt\n|faint|p2b: Calyrex\n|-ability|p1a: Calyrex|Grim Neigh|boost\n|-boost|p1a: Calyrex|spa|1\n|move|p2a: Ursaluna|Headlong Rush|p1b: Amoonguss\n|-damage|p1b: Amoonguss|23/100\n|-unboost|p2a: Ursaluna|def|1\n|-unboost|p2a: Ursaluna|spd|1\n|\n|-damage|p2a: Ursaluna|70/100 brn|[from] brn\n|upkeep\n|\n|t:|1769783537\n|switch|p2b: Kyogre|Kyogre, L50|100/100\n|-weather|RainDance|[from] ability: Drizzle|[of] p2b: Kyogre\n|turn|7\n|\n|t:|1769783551\n|-terastallize|p1a: Calyrex|Ghost\n|move|p2a: Ursaluna|Protect|p2a: Ursaluna\n|-singleturn|p2a: Ursaluna|Protect\n|move|p1a: Calyrex|Astral Barrage|p2b: Kyogre|[spread] p2b\n|-activate|p2a: Ursaluna|move: Protect\n|-damage|p2b: Kyogre|0 fnt\n|faint|p2b: Kyogre\n|-ability|p1a: Calyrex|Grim Neigh|boost\n|-boost|p1a: Calyrex|spa|1\n|move|p1b: Amoonguss|Pollen Puff|p1a: Calyrex\n|\n|-weather|RainDance|[upkeep]\n|-damage|p2a: Ursaluna|64/100 brn|[from] brn\n|upkeep\n|-message|Low Tier Goodra forfeited.\n|\n|win|ky123456\n|raw|ky123456's rating: 1530 &rarr; <strong>1548</strong><br />(+18 for winning)\n|raw|Low Tier Goodra's rating: 1497 &rarr; <strong>1479</strong><br />(-18 for losing)\n|l|\u2606Low Tier Goodra\n|player|p2|\n|l|\u2606ky123456\n|player|p1|\n","uploadtime":1769783790,"views":20,"formatid":"gen9vgc2026regi","rating":1479,"private":0,"password":null}