{"id":"gen9vgc2026regi-2579188306","format":"[Gen 9] VGC 2026 Reg I","players":["labubumechanics","qmantra"],"log":"|j|\u2606labubumechanics\n|j|\u2606qmantra\n|t:|1775759033\n|gametype|doubles\n|player|p1|labubumechanics|265|1261\n|player|p2|qmantra|265|1243\n|gen|9\n|tier|[Gen 9] VGC 2026 Reg I\n|rated|\n|rule|Species Clause: Limit one of each Pok\u00e9mon\n|rule|Item Clause: Limit 1 of each item\n|clearpoke\n|poke|p1|Sinistcha, L50|\n|poke|p1|Urshifu-*, L50, M|\n|poke|p1|Terapagos, L50, M|\n|poke|p1|Miraidon, L50|\n|poke|p1|Incineroar, L50, M|\n|poke|p1|Iron Treads, L50|\n|poke|p2|Incineroar, L50, M|\n|poke|p2|Rillaboom, L50, F|\n|poke|p2|Urshifu-*, L50, M|\n|poke|p2|Miraidon, L50|\n|poke|p2|Kyogre, L50|\n|poke|p2|Tornadus, L50, M|\n|teampreview|4\n|inactive|Battle timer is ON: inactive players will automatically lose when time's up. (requested by qmantra)\n|inactive|labubumechanics has 60 seconds left.\nqmantra has agreed to open team sheets.\n|\n|t:|1775759079\n|teamsize|p1|4\n|teamsize|p2|4\n|start\n|switch|p1a: Terapagos|Terapagos, L50, M|100/100\n|switch|p1b: Miraidon|Miraidon, L50, shiny|100/100\n|switch|p2a: Tornadus|Tornadus, L50, M|100/100\n|switch|p2b: Miraidon|Miraidon, L50|100/100\n|-activate|p1a: Terapagos|ability: Tera Shift\n|detailschange|p1a: Terapagos|Terapagos-Terastal, L50, M\n|-heal|p1a: Terapagos|100/100|[silent]\n|-fieldstart|move: Electric Terrain|[from] ability: Hadron Engine|[of] p1b: Miraidon\n|-enditem|p1a: Terapagos|Electric Seed\n|-boost|p1a: Terapagos|def|1|[from] item: Electric Seed\n|-activate|p2b: Miraidon|ability: Hadron Engine\n|turn|1\n|\n|t:|1775759097\n|move|p2a: Tornadus|Tailwind|p2a: Tornadus\n|-sidestart|p2: qmantra|move: Tailwind\n|move|p2b: Miraidon|Volt Switch|p1a: Terapagos\n|-activate|p1a: Terapagos|ability: Tera Shell\n|-resisted|p1a: Terapagos\n|-damage|p1a: Terapagos|67/100\n|-damage|p2b: Miraidon|91/100|[from] item: Life Orb\n|\n|t:|1775759104\n|switch|p2b: Rillaboom|Rillaboom, L50, F|100/100|[from] Volt Switch\n|-fieldstart|move: Grassy Terrain|[from] ability: Grassy Surge|[of] p2b: Rillaboom\n|move|p1b: Miraidon|Volt Switch|p2a: Tornadus\n|-supereffective|p2a: Tornadus\n|-damage|p2a: Tornadus|12/100\n|\n|t:|1775759111\n|switch|p1b: Sinistcha|Sinistcha, L50|100/100|[from] Volt Switch\n|-heal|p1a: Terapagos|92/100|[from] ability: Hospitality|[of] p1b: Sinistcha\n|move|p1a: Terapagos|Calm Mind|p1a: Terapagos\n|-boost|p1a: Terapagos|spa|1\n|-boost|p1a: Terapagos|spd|1\n|\n|-heal|p1a: Terapagos|98/100|[from] Grassy Terrain\n|upkeep\n|turn|2\n|\n|t:|1775759123\n|move|p1a: Terapagos|Protect|p1a: Terapagos\n|-singleturn|p1a: Terapagos|Protect\n|move|p1b: Sinistcha|Protect|p1b: Sinistcha\n|-singleturn|p1b: Sinistcha|Protect\n|move|p2b: Rillaboom|Fake Out|p1a: Terapagos\n|-activate|p1a: Terapagos|move: Protect\n|move|p2a: Tornadus|Bleakwind Storm|p1b: Sinistcha|[spread] \n|-activate|p1a: Terapagos|move: Protect\n|-activate|p1b: Sinistcha|move: Protect\n|\n|-heal|p1a: Terapagos|100/100|[from] Grassy Terrain\n|upkeep\n|turn|3\n|\n|t:|1775759144\n|switch|p1b: Miraidon|Miraidon, L50, shiny|100/100\n|-fieldstart|move: Electric Terrain|[from] ability: Hadron Engine|[of] p1b: Miraidon\n|-terastallize|p1a: Terapagos|Stellar\n|detailschange|p1a: Terapagos|Terapagos-Stellar, L50, M, tera:Stellar\n|-heal|p1a: Terapagos|100/100|[silent]\n|-ability|p1a: Terapagos|Teraform Zero\n|-fieldend|move: Electric Terrain\n|move|p2a: Tornadus|Icy Wind|p1b: Miraidon|[spread] p1a,p1b\n|-supereffective|p1b: Miraidon\n|-damage|p1a: Terapagos|95/100\n|-damage|p1b: Miraidon|82/100\n|-unboost|p1a: Terapagos|spe|1\n|-unboost|p1b: Miraidon|spe|1\n|move|p2b: Rillaboom|U-turn|p1a: Terapagos\n|-damage|p1a: Terapagos|89/100\n|\n|t:|1775759165\n|switch|p2b: Miraidon|Miraidon, L50|91/100|[from] U-turn\n|-fieldstart|move: Electric Terrain|[from] ability: Hadron Engine|[of] p2b: Miraidon\n|move|p1a: Terapagos|Tera Starstorm|p2b: Miraidon|[spread] p2a,p2b\n|-damage|p2a: Tornadus|0 fnt\n|-damage|p2b: Miraidon|43/100\n|faint|p2a: Tornadus\n|\n|upkeep\n|\n|t:|1775759175\n|switch|p2a: Kyogre|Kyogre, L50|100/100\n|-weather|RainDance|[from] ability: Drizzle|[of] p2a: Kyogre\n|turn|4\n|\n|t:|1775759193\n|switch|p1b: Sinistcha|Sinistcha, L50|100/100\n|-heal|p1a: Terapagos|100/100|[from] ability: Hospitality|[of] p1b: Sinistcha\n|-terastallize|p2b: Miraidon|Electric\n|move|p1a: Terapagos|Protect|p1a: Terapagos\n|-singleturn|p1a: Terapagos|Protect\n|move|p2b: Miraidon|Electro Drift|p1a: Terapagos\n|-activate|p1a: Terapagos|move: Protect\n|move|p2a: Kyogre|Ice Beam|p1b: Sinistcha\n|-supereffective|p1b: Sinistcha\n|-damage|p1b: Sinistcha|29/100\n|-enditem|p1b: Sinistcha|Eject Button\n|\n|t:|1775759212\n|switch|p1b: Miraidon|Miraidon, L50, shiny|82/100\n|-activate|p1b: Miraidon|ability: Hadron Engine\n|\n|-weather|RainDance|[upkeep]\n|-sideend|p2: qmantra|move: Tailwind\n|upkeep\n|turn|5\n|\n|t:|1775759235\n|move|p1b: Miraidon|Volt Switch|p2a: Kyogre\n|-supereffective|p2a: Kyogre\n|-damage|p2a: Kyogre|11/100\n|\n|t:|1775759244\n|switch|p1b: Sinistcha|Sinistcha, L50|29/100|[from] Volt Switch\n|move|p2b: Miraidon|Volt Switch|p1a: Terapagos\n|-damage|p1a: Terapagos|55/100\n|-damage|p2b: Miraidon|33/100|[from] item: Life Orb\n|\n|t:|1775759249\n|switch|p2b: Rillaboom|Rillaboom, L50, F|100/100|[from] Volt Switch\n|-fieldstart|move: Grassy Terrain|[from] ability: Grassy Surge|[of] p2b: Rillaboom\n|move|p2a: Kyogre|Origin Pulse|p1a: Terapagos|[spread] p1a,p1b\n|-resisted|p1b: Sinistcha\n|-damage|p1a: Terapagos|29/100\n|-damage|p1b: Sinistcha|0 fnt\n|faint|p1b: Sinistcha\n|move|p1a: Terapagos|Tera Starstorm|p2a: Kyogre|[spread] p2a,p2b\n|-damage|p2a: Kyogre|0 fnt\n|-damage|p2b: Rillaboom|62/100\n|faint|p2a: Kyogre\n|\n|-weather|RainDance|[upkeep]\n|-heal|p2b: Rillaboom|68/100|[from] Grassy Terrain\n|-heal|p1a: Terapagos|35/100|[from] Grassy Terrain\n|upkeep\n|\n|t:|1775759267\n|switch|p2a: Miraidon|Miraidon, L50, tera:Electric|33/100\n|switch|p1b: Iron Treads|Iron Treads, L50|100/100\n|-fieldstart|move: Electric Terrain|[from] ability: Hadron Engine|[of] p2a: Miraidon\n|-activate|p1b: Iron Treads|ability: Quark Drive\n|-start|p1b: Iron Treads|quarkdrivespe\n|turn|6\n|\n|t:|1775759278\n|move|p1b: Iron Treads|Protect|p1b: Iron Treads\n|-singleturn|p1b: Iron Treads|Protect\n|move|p2b: Rillaboom|Fake Out|p1b: Iron Treads\n|-activate|p1b: Iron Treads|move: Protect\n|move|p2a: Miraidon|Draco Meteor|p1b: Iron Treads\n|-activate|p1b: Iron Treads|move: Protect\n|move|p1a: Terapagos|Tera Starstorm|p2b: Rillaboom|[spread] p2a,p2b\n|-supereffective|p2a: Miraidon\n|-damage|p2a: Miraidon|0 fnt\n|-damage|p2b: Rillaboom|33/100\n|faint|p2a: Miraidon\n|\n|-weather|RainDance|[upkeep]\n|upkeep\n|turn|7\n|-message|qmantra forfeited.\n|\n|win|labubumechanics\n|raw|labubumechanics's rating: 1261 &rarr; <strong>1285</strong><br />(+24 for winning)\n|raw|qmantra's rating: 1243 &rarr; <strong>1219</strong><br />(-24 for losing)\n|l|\u2606qmantra\n|player|p2|\n","uploadtime":1775759291,"views":8,"formatid":"gen9vgc2026regi","rating":1219,"private":0,"password":null}