{"id":"gen9vgc2026regi-2555046894","format":"[Gen 9] VGC 2026 Reg I","players":["501JFW","g0dGun"],"log":"|j|\u2606501JFW\n|j|\u2606g0dGun\n|t:|1773049978\n|gametype|doubles\n|player|p1|501JFW|101|1657\n|player|p2|g0dGun|blue|1480\n|gen|9\n|tier|[Gen 9] VGC 2026 Reg I\n|rated|\n|rule|Species Clause: Limit one of each Pok\u00e9mon\n|rule|Item Clause: Limit 1 of each item\n|clearpoke\n|poke|p1|Lunala, L50|\n|poke|p1|Koraidon, L50|\n|poke|p1|Jumpluff, L50, M|\n|poke|p1|Ogerpon-Cornerstone, L50, F|\n|poke|p1|Raging Bolt, L50|\n|poke|p1|Ursaluna, L50, F|\n|poke|p2|Hitmontop, L50, M|\n|poke|p2|Terapagos, L50, M|\n|poke|p2|Calyrex-Shadow, L50|\n|poke|p2|Ogerpon-Cornerstone, L50, F|\n|poke|p2|Urshifu-*, L50, F|\n|poke|p2|Whimsicott, L50, F|\n|teampreview|4\n|inactive|Battle timer is ON: inactive players will automatically lose when time's up. (requested by g0dGun)\n|\n|t:|1773049999\n|teamsize|p1|4\n|teamsize|p2|4\n|start\n|switch|p1a: Koraidon|Koraidon, L50, shiny|100/100\n|switch|p1b: Jumpluff|Jumpluff, L50, M, shiny|100/100\n|switch|p2a: Hitmontop|Hitmontop, L50, M|100/100\n|switch|p2b: Terapagos|Terapagos, L50, M|100/100\n|-activate|p2b: Terapagos|ability: Tera Shift\n|detailschange|p2b: Terapagos|Terapagos-Terastal, L50, M\n|-heal|p2b: Terapagos|100/100|[silent]\n|-weather|SunnyDay|[from] ability: Orichalcum Pulse|[of] p1a: Koraidon\n|-activate|p1a: Koraidon|Orichalcum Pulse|[source]\n|-ability|p2a: Hitmontop|Intimidate|boost\n|-unboost|p1a: Koraidon|atk|1\n|-unboost|p1b: Jumpluff|atk|1\n|turn|1\n|\n|t:|1773050017\n|switch|p2b: Whimsicott|Whimsicott, L50, F|100/100\n|move|p2a: Hitmontop|Fake Out|p1a: Koraidon\n|-damage|p1a: Koraidon|93/100\n|move|p1b: Jumpluff|Sleep Powder|p2b: Whimsicott\n|-immune|p2b: Whimsicott\n|cant|p1a: Koraidon|flinch\n|\n|-weather|SunnyDay|[upkeep]\n|upkeep\n|turn|2\n|inactive|g0dGun has 30 seconds left.\n|\n|t:|1773050049\n|move|p2b: Whimsicott|Protect|p2b: Whimsicott\n|-singleturn|p2b: Whimsicott|Protect\n|move|p1b: Jumpluff|Sleep Powder|p2a: Hitmontop\n|-status|p2a: Hitmontop|slp|[from] move: Sleep Powder\n|move|p1a: Koraidon|U-turn|p2b: Whimsicott\n|-activate|p2b: Whimsicott|move: Protect\n|cant|p2a: Hitmontop|slp\n|\n|-weather|SunnyDay|[upkeep]\n|upkeep\n|turn|3\n|\n|t:|1773050071\n|move|p2b: Whimsicott|Tailwind|p2b: Whimsicott\n|-sidestart|p2: g0dGun|move: Tailwind\n|move|p1b: Jumpluff|Pollen Puff|p1a: Koraidon\n|-heal|p1a: Koraidon|100/100\n|move|p1a: Koraidon|U-turn|p2b: Whimsicott\n|-damage|p2b: Whimsicott|73/100\n|\n|t:|1773050082\n|switch|p1a: Lunala|Lunala, L50, shiny|100/100|[from] U-turn\n|cant|p2a: Hitmontop|slp\n|\n|-weather|SunnyDay|[upkeep]\n|upkeep\n|turn|4\n|inactive|501JFW has 30 seconds left.\n|\n|t:|1773050107\n|switch|p2b: Terapagos|Terapagos-Terastal, L50, M|100/100\n|move|p1b: Jumpluff|Tailwind|p1b: Jumpluff\n|-sidestart|p1: 501JFW|move: Tailwind\n|move|p1a: Lunala|Meteor Beam||[still]\n|-prepare|p1a: Lunala|Meteor Beam\n|-boost|p1a: Lunala|spa|1\n|-enditem|p1a: Lunala|Power Herb\n|-anim|p1a: Lunala|Meteor Beam|p2b: Terapagos\n|-activate|p2b: Terapagos|ability: Tera Shell\n|-resisted|p2b: Terapagos\n|-damage|p2b: Terapagos|70/100\n|-curestatus|p2a: Hitmontop|slp|[msg]\n|move|p2a: Hitmontop|Brick Break|p1b: Jumpluff\n|-resisted|p1b: Jumpluff\n|-damage|p1b: Jumpluff|88/100\n|\n|-weather|SunnyDay|[upkeep]\n|upkeep\n|turn|5\n|\n|t:|1773050127\n|-terastallize|p2b: Terapagos|Stellar\n|detailschange|p2b: Terapagos|Terapagos-Stellar, L50, M, tera:Stellar\n|-heal|p2b: Terapagos|78/100|[silent]\n|-ability|p2b: Terapagos|Teraform Zero\n|-weather|none\n|move|p2a: Hitmontop|Vacuum Wave|p2b: Terapagos\n|-supereffective|p2b: Terapagos\n|-damage|p2b: Terapagos|73/100\n|-enditem|p2b: Terapagos|Weakness Policy\n|-boost|p2b: Terapagos|atk|2|[from] item: Weakness Policy\n|-boost|p2b: Terapagos|spa|2|[from] item: Weakness Policy\n|move|p1b: Jumpluff|Sleep Powder|p2b: Terapagos|[miss]\n|-miss|p1b: Jumpluff|p2b: Terapagos\n|move|p1a: Lunala|Heat Wave|p2b: Terapagos|[spread] p2a,p2b\n|-damage|p2a: Hitmontop|71/100\n|-damage|p2b: Terapagos|43/100\n|-enditem|p2a: Hitmontop|Eject Button\n|\n|t:|1773050145\n|switch|p2a: Calyrex|Calyrex-Shadow, L50|100/100\n|-ability|p2a: Calyrex|As One\n|-ability|p2a: Calyrex|Unnerve\n|move|p2b: Terapagos|Tera Starstorm|p1b: Jumpluff|[spread] p1a,p1b\n|-crit|p1b: Jumpluff\n|-damage|p1a: Lunala|69/100\n|-damage|p1b: Jumpluff|0 fnt\n|faint|p1b: Jumpluff\n|\n|upkeep\n|\n|t:|1773050160\n|switch|p1b: Koraidon|Koraidon, L50, shiny|100/100\n|-weather|SunnyDay|[from] ability: Orichalcum Pulse|[of] p1b: Koraidon\n|-activate|p1b: Koraidon|Orichalcum Pulse|[source]\n|turn|6\n|\n|t:|1773050167\n|move|p1a: Lunala|Wide Guard|p1a: Lunala\n|-singleturn|p1a: Lunala|Wide Guard\n|move|p2a: Calyrex|Psychic|p1b: Koraidon\n|-supereffective|p1b: Koraidon\n|-enditem|p1b: Koraidon|Focus Sash\n|-damage|p1b: Koraidon|1/100\n|move|p1b: Koraidon|Close Combat|p2b: Terapagos\n|-supereffective|p2b: Terapagos\n|-damage|p2b: Terapagos|0 fnt\n|-unboost|p1b: Koraidon|def|1\n|-unboost|p1b: Koraidon|spd|1\n|faint|p2b: Terapagos\n|detailschange|p2: Terapagos|Terapagos, L50, M|[silent]\n|\n|-weather|SunnyDay|[upkeep]\n|-sideend|p2: g0dGun|move: Tailwind\n|upkeep\n|\n|t:|1773050187\n|switch|p2b: Hitmontop|Hitmontop, L50, M|71/100\n|-ability|p2b: Hitmontop|Intimidate|boost\n|-unboost|p1a: Lunala|atk|1\n|-unboost|p1b: Koraidon|atk|1\n|turn|7\n|\n|t:|1773050208\n|-terastallize|p1b: Koraidon|Ghost\n|move|p2a: Calyrex|Protect|p2a: Calyrex\n|-singleturn|p2a: Calyrex|Protect\n|move|p2b: Hitmontop|Fake Out|p1b: Koraidon\n|-immune|p1b: Koraidon\n|move|p1b: Koraidon|Shadow Claw|p2a: Calyrex\n|-activate|p2a: Calyrex|move: Protect\n|move|p1a: Lunala|Heat Wave|p2b: Hitmontop|[spread] p2b\n|-activate|p2a: Calyrex|move: Protect\n|-damage|p2b: Hitmontop|23/100\n|\n|-weather|SunnyDay|[upkeep]\n|-sideend|p1: 501JFW|move: Tailwind\n|upkeep\n|turn|8\n|inactive|501JFW has 30 seconds left.\n|inactive|501JFW has 20 seconds left.\n|\n|t:|1773050244\n|move|p1b: Koraidon|Protect|p1b: Koraidon\n|-singleturn|p1b: Koraidon|Protect\n|move|p2b: Hitmontop|Wide Guard|p2b: Hitmontop\n|-singleturn|p2b: Hitmontop|Wide Guard\n|move|p2a: Calyrex|Psychic|p1b: Koraidon\n|-activate|p1b: Koraidon|move: Protect\n|move|p1a: Lunala|Heat Wave|p2a: Calyrex|[spread] \n|-activate|p2a: Calyrex|move: Wide Guard\n|-activate|p2b: Hitmontop|move: Wide Guard\n|\n|-weather|SunnyDay|[upkeep]\n|upkeep\n|turn|9\n|inactive|501JFW has 30 seconds left.\n|inactive|501JFW has 20 seconds left.\n|\n|t:|1773050282\n|switch|p2b: Whimsicott|Whimsicott, L50, F|73/100\n|move|p2a: Calyrex|Astral Barrage|p1a: Lunala|[spread] p1a,p1b\n|-supereffective|p1a: Lunala\n|-supereffective|p1b: Koraidon\n|-damage|p1a: Lunala|0 fnt\n|-damage|p1b: Koraidon|0 fnt\n|faint|p1a: Lunala\n|faint|p1b: Koraidon\n|-ability|p2a: Calyrex|Grim Neigh|boost\n|-boost|p2a: Calyrex|spa|2\n|\n|-weather|SunnyDay|[upkeep]\n|upkeep\n|-message|501JFW forfeited.\n|\n|win|g0dGun\n|raw|501JFW's rating: 1657 &rarr; <strong>1628</strong><br />(-29 for losing)\n|raw|g0dGun's rating: 1480 &rarr; <strong>1509</strong><br />(+29 for winning)\n|l|\u2606501JFW\n|player|p1|\n|l|\u2606g0dGun\n|player|p2|\n|j|\u2606g0dGun\n|player|p2|g0dGun|blue|\n","uploadtime":1773050300,"views":25,"formatid":"gen9vgc2026regi","rating":1509,"private":0,"password":null}