{"id":"gen9vgc2026regi-2553314479","format":"[Gen 9] VGC 2026 Reg I","players":["partigiano jonny","Loiradotchan16"],"log":"|j|\u2606partigiano jonny\n|j|\u2606Loiradotchan16\n|t:|1772819654\n|gametype|doubles\n|player|p1|partigiano jonny|volkner|1559\n|player|p2|Loiradotchan16|1|1426\n|gen|9\n|tier|[Gen 9] VGC 2026 Reg I\n|rated|\n|rule|Species Clause: Limit one of each Pok\u00e9mon\n|rule|Item Clause: Limit 1 of each item\n|clearpoke\n|poke|p1|Terapagos, L50, M|\n|poke|p1|Miraidon, L50|\n|poke|p1|Incineroar, L50, F|\n|poke|p1|Iron Treads, L50|\n|poke|p1|Sinistcha, L50|\n|poke|p1|Urshifu-*, L50, M|\n|poke|p2|Calyrex-Ice, L50|\n|poke|p2|Scraggy, L50, M|\n|poke|p2|Miraidon, L50|\n|poke|p2|Farigiraf, L50, F|\n|poke|p2|Iron Treads, L50|\n|poke|p2|Iron Hands, L50|\n|teampreview|4\n|inactive|Battle timer is ON: inactive players will automatically lose when time's up. (requested by Loiradotchan16)\n|inactive|partigiano jonny has 60 seconds left.\n|\n|t:|1772819686\n|teamsize|p1|4\n|teamsize|p2|4\n|start\n|switch|p1a: Miraidon|Miraidon, L50|100/100\n|switch|p1b: Iron Treads|Iron Treads, L50|100/100\n|switch|p2a: Calyrex|Calyrex-Ice, L50|100/100\n|switch|p2b: Scraggy|Scraggy, L50, M|100/100\n|-ability|p2a: Calyrex|As One\n|-ability|p2a: Calyrex|Unnerve\n|-fieldstart|move: Electric Terrain|[from] ability: Hadron Engine|[of] p1a: Miraidon\n|-activate|p1b: Iron Treads|ability: Quark Drive\n|-start|p1b: Iron Treads|quarkdrivespe\n|-ability|p2b: Scraggy|Intimidate|boost\n|-unboost|p1a: Miraidon|atk|1\n|-unboost|p1b: Iron Treads|atk|1\n|turn|1\n|inactive|Loiradotchan16 has 30 seconds left.\n|\n|t:|1772819711\n|switch|p1a: Incineroar|Incineroar, L50, F|100/100\n|-ability|p1a: Incineroar|Intimidate|boost\n|-fail|p2a: Calyrex|unboost|[from] item: Clear Amulet|[of] p2a: Calyrex\n|-unboost|p2b: Scraggy|atk|1\n|move|p2b: Scraggy|Fake Out|p1b: Iron Treads\n|-resisted|p1b: Iron Treads\n|-damage|p1b: Iron Treads|98/100\n|cant|p1b: Iron Treads|flinch\n|move|p2a: Calyrex|Trick Room|p2a: Calyrex\n|-fieldstart|move: Trick Room|[of] p2a: Calyrex\n|\n|upkeep\n|turn|2\n|\n|t:|1772819728\n|move|p2a: Calyrex|Protect|p2a: Calyrex\n|-singleturn|p2a: Calyrex|Protect\n|move|p1b: Iron Treads|Protect|p1b: Iron Treads\n|-singleturn|p1b: Iron Treads|Protect\n|move|p2b: Scraggy|Coaching|p2a: Calyrex\n|-boost|p2a: Calyrex|atk|1\n|-boost|p2a: Calyrex|def|1\n|move|p1a: Incineroar|Knock Off|p2a: Calyrex\n|-activate|p2a: Calyrex|move: Protect\n|\n|upkeep\n|turn|3\n|inactive|Loiradotchan16 has 30 seconds left.\n|\n|t:|1772819757\n|move|p2b: Scraggy|Coaching|p2a: Calyrex\n|-boost|p2a: Calyrex|atk|1\n|-boost|p2a: Calyrex|def|1\n|move|p2a: Calyrex|High Horsepower|p1a: Incineroar\n|-supereffective|p1a: Incineroar\n|-damage|p1a: Incineroar|0 fnt\n|-damage|p2a: Calyrex|84/100|[from] item: Rocky Helmet|[of] p1a: Incineroar\n|faint|p1a: Incineroar\n|-ability|p2a: Calyrex|Chilling Neigh|boost\n|-boost|p2a: Calyrex|atk|1\n|move|p1b: Iron Treads|Steel Roller|p2a: Calyrex\n|-supereffective|p2a: Calyrex\n|-damage|p2a: Calyrex|49/100\n|-fieldend|move: Electric Terrain\n|-end|p1b: Iron Treads|Quark Drive\n|-damage|p1b: Iron Treads|89/100|[from] item: Life Orb\n|\n|upkeep\n|\n|t:|1772819765\n|switch|p1a: Terapagos|Terapagos, L50, M|100/100\n|-activate|p1a: Terapagos|ability: Tera Shift\n|detailschange|p1a: Terapagos|Terapagos-Terastal, L50, M\n|-heal|p1a: Terapagos|100/100|[silent]\n|turn|4\n|\n|t:|1772819777\n|move|p1a: Terapagos|Protect|p1a: Terapagos\n|-singleturn|p1a: Terapagos|Protect\n|move|p1b: Iron Treads|Protect|p1b: Iron Treads\n|-singleturn|p1b: Iron Treads|Protect\n|move|p2b: Scraggy|Endeavor|p1a: Terapagos\n|-activate|p1a: Terapagos|move: Protect\n|move|p2a: Calyrex|Glacial Lance|p1a: Terapagos|[spread] \n|-activate|p1a: Terapagos|move: Protect\n|-activate|p1b: Iron Treads|move: Protect\n|\n|upkeep\n|turn|5\n|\n|t:|1772819786\n|move|p1a: Terapagos|Protect||[still]\n|-fail|p1a: Terapagos\n|move|p2b: Scraggy|Endeavor|p1a: Terapagos\n|-damage|p1a: Terapagos|63/100\n|move|p2a: Calyrex|Glacial Lance|p1a: Terapagos|[spread] p1a,p1b\n|-damage|p1a: Terapagos|0 fnt\n|-damage|p1b: Iron Treads|0 fnt\n|faint|p1a: Terapagos\n|faint|p1b: Iron Treads\n|-end|p1b: Iron Treads|Quark Drive|[silent]\n|-ability|p2a: Calyrex|Chilling Neigh|boost\n|-boost|p2a: Calyrex|atk|2\n|\n|-fieldend|move: Trick Room\n|upkeep\n|-message|partigiano jonny forfeited.\n|\n|win|Loiradotchan16\n|raw|partigiano jonny's rating: 1559 &rarr; <strong>1532</strong><br />(-27 for losing)\n|raw|Loiradotchan16's rating: 1426 &rarr; <strong>1453</strong><br />(+27 for winning)\n|l|\u2606partigiano jonny\n|player|p1|\n|l|\u2606Loiradotchan16\n|player|p2|\n","uploadtime":1772819791,"views":16,"formatid":"gen9vgc2026regi","rating":1453,"private":0,"password":null}