{"id":"gen9vgc2026regi-2564018064","format":"[Gen 9] VGC 2026 Reg I","players":["I\u2764\ufe0f\u5a1c\u7984Forever","tester81800"],"log":"|j|\u2606I\u2764\ufe0f\u5a1c\u7984Forever\n|j|\u2606tester81800\n|t:|1774100534\n|gametype|doubles\n|player|p1|I\u2764\ufe0f\u5a1c\u7984Forever|youngcouple-gen4dp|1431\n|player|p2|tester81800|youngcouple-gen4dp|1354\n|gen|9\n|tier|[Gen 9] VGC 2026 Reg I\n|rated|\n|rule|Species Clause: Limit one of each Pok\u00e9mon\n|rule|Item Clause: Limit 1 of each item\n|clearpoke\n|poke|p1|Groudon, L50|\n|poke|p1|Kyurem-White, L50|\n|poke|p1|Heatran, L50, M|\n|poke|p1|Whimsicott, L50, M|\n|poke|p1|Ditto, L50|\n|poke|p1|Flutter Mane, L50|\n|poke|p2|Calyrex-Ice, L50|\n|poke|p2|Miraidon, L50|\n|poke|p2|Indeedee-F, L50, F|\n|poke|p2|Torkoal, L50, M|\n|poke|p2|Ursaluna, L50, F|\n|poke|p2|Amoonguss, L50, F|\n|teampreview|4\n|inactive|Battle timer is ON: inactive players will automatically lose when time's up. (requested by tester81800)\n|\n|t:|1774100557\n|teamsize|p1|4\n|teamsize|p2|4\n|start\n|switch|p1a: Kyurem|Kyurem-White, L50|100/100\n|switch|p1b: Heatran|Heatran, L50, M|100/100\n|switch|p2a: Calyrex|Calyrex-Ice, L50|100/100\n|switch|p2b: Indeedee|Indeedee-F, L50, F|100/100\n|-ability|p2a: Calyrex|As One\n|-ability|p2a: Calyrex|Unnerve\n|-ability|p1a: Kyurem|Turboblaze\n|-fieldstart|move: Psychic Terrain|[from] ability: Psychic Surge|[of] p2b: Indeedee\n|turn|1\n|\n|t:|1774100574\n|-terastallize|p2a: Calyrex|Water\n|move|p2b: Indeedee|Follow Me|p2b: Indeedee\n|-singleturn|p2b: Indeedee|move: Follow Me\n|move|p1a: Kyurem|Blizzard|p2b: Indeedee|[spread] p2a,p2b\n|-resisted|p2a: Calyrex\n|-damage|p2a: Calyrex|80/100\n|-damage|p2b: Indeedee|43/100\n|-enditem|p2b: Indeedee|Eject Button\n|\n|t:|1774100584\n|switch|p2b: Ursaluna|Ursaluna, L50, F|100/100\n|move|p1b: Heatran|Substitute|p1b: Heatran\n|-start|p1b: Heatran|Substitute\n|-damage|p1b: Heatran|76/100\n|move|p2a: Calyrex|Trick Room|p2a: Calyrex\n|-fieldstart|move: Trick Room|[of] p2a: Calyrex\n|\n|-heal|p1b: Heatran|82/100|[from] item: Leftovers\n|-status|p2b: Ursaluna|brn|[from] item: Flame Orb\n|upkeep\n|turn|2\n|inactive|tester81800 has 30 seconds left.\n|\n|t:|1774100614\n|move|p2b: Ursaluna|Facade|p1a: Kyurem\n|-crit|p1a: Kyurem\n|-damage|p1a: Kyurem|0 fnt\n|faint|p1a: Kyurem\n|move|p2a: Calyrex|High Horsepower|p1b: Heatran\n|-supereffective|p1b: Heatran\n|-end|p1b: Heatran|Substitute\n|move|p1b: Heatran|Heat Wave|p2b: Ursaluna|[spread] p2a,p2b\n|-resisted|p2a: Calyrex\n|-damage|p2a: Calyrex|69/100\n|-damage|p2b: Ursaluna|68/100 brn\n|\n|-heal|p1b: Heatran|88/100|[from] item: Leftovers\n|-damage|p2b: Ursaluna|63/100 brn|[from] brn\n|upkeep\n|\n|t:|1774100627\n|switch|p1a: Groudon|Groudon, L50|100/100\n|-weather|SunnyDay|[from] ability: Drought|[of] p1a: Groudon\n|turn|3\n|\n|t:|1774100650\n|-terastallize|p1a: Groudon|Water\n|move|p1b: Heatran|Protect|p1b: Heatran\n|-singleturn|p1b: Heatran|Protect\n|move|p2b: Ursaluna|Facade|p1a: Groudon\n|-damage|p1a: Groudon|15/100\n|move|p2a: Calyrex|Glacial Lance|p1b: Heatran|[spread] p1a\n|-activate|p1b: Heatran|move: Protect\n|-resisted|p1a: Groudon\n|-damage|p1a: Groudon|0 fnt\n|faint|p1a: Groudon\n|-ability|p2a: Calyrex|Chilling Neigh|boost\n|-boost|p2a: Calyrex|atk|1\n|\n|-weather|SunnyDay|[upkeep]\n|-heal|p1b: Heatran|94/100|[from] item: Leftovers\n|-damage|p2b: Ursaluna|57/100 brn|[from] brn\n|upkeep\n|\n|t:|1774100670\n|switch|p1a: Ditto|Ditto, L50|100/100\n|-transform|p1a: Ditto|p2b: Ursaluna|[from] ability: Imposter\n|turn|4\n|\n|t:|1774100685\n|move|p1a: Ditto|Protect|p1a: Ditto\n|-singleturn|p1a: Ditto|Protect\n|move|p2b: Ursaluna|Headlong Rush|p1b: Heatran\n|-supereffective|p1b: Heatran\n|-damage|p1b: Heatran|0 fnt\n|-unboost|p2b: Ursaluna|def|1\n|-unboost|p2b: Ursaluna|spd|1\n|faint|p1b: Heatran\n|move|p2a: Calyrex|Glacial Lance|p1a: Ditto\n|-activate|p1a: Ditto|move: Protect\n|\n|-weather|SunnyDay|[upkeep]\n|-damage|p2b: Ursaluna|51/100 brn|[from] brn\n|upkeep\n|turn|5\n|\n|t:|1774100705\n|move|p1a: Ditto|Brick Break|p2b: Ursaluna\n|-supereffective|p2b: Ursaluna\n|-damage|p2b: Ursaluna|0 fnt\n|faint|p2b: Ursaluna\n|move|p2a: Calyrex|Glacial Lance|p1a: Ditto\n|-supereffective|p1a: Ditto\n|-crit|p1a: Ditto\n|-damage|p1a: Ditto|0 fnt\n|faint|p1a: Ditto\n|\n|win|tester81800\n|raw|I\u2764\ufe0f\u5a1c\u7984Forever's rating: 1431 &rarr; <strong>1407</strong><br />(-24 for losing)\n|raw|tester81800's rating: 1354 &rarr; <strong>1378</strong><br />(+24 for winning)\n|l|\u2606I\u2764\ufe0f\u5a1c\u7984Forever\n|player|p1|\n|l|\u2606tester81800\n|player|p2|\n","uploadtime":1774100975,"views":33,"formatid":"gen9vgc2026regi","rating":1378,"private":0,"password":null}