{"id":"gen9vgc2026regi-2563201721","format":"[Gen 9] VGC 2026 Reg I","players":["jj11j1","Ice124567890"],"log":"|j|\u2606jj11j1\n|j|\u2606Ice124567890\n|t:|1774002510\n|gametype|doubles\n|player|p1|jj11j1|102|1433\n|player|p2|Ice124567890|102|1526\n|gen|9\n|tier|[Gen 9] VGC 2026 Reg I\n|rated|\n|rule|Species Clause: Limit one of each Pok\u00e9mon\n|rule|Item Clause: Limit 1 of each item\n|clearpoke\n|poke|p1|Kyogre, L50|\n|poke|p1|Calyrex-Ice, L50|\n|poke|p1|Landorus, L50, M|\n|poke|p1|Urshifu-*, L50, M|\n|poke|p1|Smeargle, L50, M|\n|poke|p1|Flutter Mane, L50|\n|poke|p2|Zacian-*, L50|\n|poke|p2|Calyrex-Shadow, L50|\n|poke|p2|Tornadus, L50, M|\n|poke|p2|Landorus, L50, M|\n|poke|p2|Incineroar, L50, M|\n|poke|p2|Ogerpon-Wellspring, L50, F|\n|teampreview|4\n|inactive|Battle timer is ON: inactive players will automatically lose when time's up. (requested by Ice124567890)\n|\n|t:|1774002525\n|teamsize|p1|4\n|teamsize|p2|4\n|start\n|switch|p1a: Smeargle|Smeargle, L50, M|100/100\n|switch|p1b: Calyrex|Calyrex-Ice, L50|100/100\n|switch|p2a: Ogerpon|Ogerpon-Wellspring, L50, F|100/100\n|switch|p2b: Incineroar|Incineroar, L50, M|100/100\n|-ability|p1b: Calyrex|As One\n|-ability|p1b: Calyrex|Unnerve\n|-ability|p2b: Incineroar|Intimidate|boost\n|-unboost|p1a: Smeargle|atk|1\n|-fail|p1b: Calyrex|unboost|[from] item: Clear Amulet|[of] p1b: Calyrex\n|-enditem|p1a: Smeargle|Eject Pack\n|\n|t:|1774002540\n|switch|p1a: Flutter Mane|Flutter Mane, L50|100/100\n|turn|1\n|\n|t:|1774002554\n|move|p2a: Ogerpon|Ivy Cudgel|p1a: Flutter Mane|[anim] Ivy Cudgel Water\n|-enditem|p1a: Flutter Mane|Focus Sash\n|-damage|p1a: Flutter Mane|1/100\n|move|p2b: Incineroar|U-turn|p1a: Flutter Mane\n|-resisted|p1a: Flutter Mane\n|-damage|p1a: Flutter Mane|0 fnt\n|faint|p1a: Flutter Mane\n|-end|p1a: Flutter Mane|Protosynthesis|[silent]\n|\n|t:|1774002561\n|switch|p2b: Zacian|Zacian-Crowned, L50|100/100|[from] U-turn\n|-ability|p2b: Zacian|Intrepid Sword|boost\n|-boost|p2b: Zacian|atk|1\n|move|p1b: Calyrex|Glacial Lance|p2a: Ogerpon|[spread] p2a,p2b\n|-resisted|p2b: Zacian\n|-damage|p2a: Ogerpon|34/100\n|-damage|p2b: Zacian|76/100\n|\n|upkeep\n|\n|t:|1774002571\n|switch|p1a: Smeargle|Smeargle, L50, M|100/100\n|turn|2\n|\n|t:|1774002594\n|-terastallize|p1b: Calyrex|Grass\n|move|p1a: Smeargle|Fake Out|p2b: Zacian\n|-resisted|p2b: Zacian\n|-damage|p2b: Zacian|74/100\n|cant|p2b: Zacian|flinch\n|move|p2a: Ogerpon|Horn Leech|p1b: Calyrex\n|-resisted|p1b: Calyrex\n|-damage|p1b: Calyrex|88/100\n|-heal|p2a: Ogerpon|41/100|[from] drain|[of] p1b: Calyrex\n|move|p1b: Calyrex|Trick Room|p1b: Calyrex\n|-fieldstart|move: Trick Room|[of] p1b: Calyrex\n|\n|-ability|p1a: Smeargle|Moody|boost\n|-boost|p1a: Smeargle|spa|2\n|-unboost|p1a: Smeargle|spd|1\n|upkeep\n|turn|3\n|inactive|jj11j1 has 30 seconds left.\n|\n|t:|1774002619\n|move|p2a: Ogerpon|Spiky Shield|p2a: Ogerpon\n|-singleturn|p2a: Ogerpon|move: Protect\n|move|p2b: Zacian|Protect|p2b: Zacian\n|-singleturn|p2b: Zacian|Protect\n|move|p1b: Calyrex|Glacial Lance|p2b: Zacian|[spread] \n|-activate|p2a: Ogerpon|move: Protect\n|-activate|p2b: Zacian|move: Protect\n|move|p1a: Smeargle|Spore|p2b: Zacian\n|-activate|p2b: Zacian|move: Protect\n|\n|-ability|p1a: Smeargle|Moody|boost\n|-boost|p1a: Smeargle|spa|2\n|-unboost|p1a: Smeargle|spd|1\n|upkeep\n|turn|4\n|\n|t:|1774002635\n|-terastallize|p2a: Ogerpon|Water\n|detailschange|p2a: Ogerpon|Ogerpon-Wellspring-Tera, L50, F, tera:Water\n|-ability|p2a: Ogerpon|Embody Aspect (Wellspring)|boost\n|-boost|p2a: Ogerpon|spd|1\n|move|p2a: Ogerpon|Follow Me|p2a: Ogerpon\n|-singleturn|p2a: Ogerpon|move: Follow Me\n|move|p1b: Calyrex|Glacial Lance|p2a: Ogerpon|[spread] p2a,p2b\n|-resisted|p2a: Ogerpon\n|-resisted|p2b: Zacian\n|-damage|p2a: Ogerpon|7/100\n|-damage|p2b: Zacian|49/100\n|move|p1a: Smeargle|Spore|p2a: Ogerpon\n|-status|p2a: Ogerpon|slp|[from] move: Spore\n|move|p2b: Zacian|Behemoth Blade|p1a: Smeargle\n|-damage|p1a: Smeargle|0 fnt\n|faint|p1a: Smeargle\n|\n|upkeep\n|\n|t:|1774002653\n|switch|p1a: Kyogre|Kyogre, L50|100/100\n|-weather|RainDance|[from] ability: Drizzle|[of] p1a: Kyogre\n|turn|5\n|\n|t:|1774002667\n|cant|p2a: Ogerpon|slp\n|move|p2b: Zacian|Protect|p2b: Zacian\n|-singleturn|p2b: Zacian|Protect\n|move|p1a: Kyogre|Hydro Pump|p2b: Zacian\n|-activate|p2b: Zacian|move: Protect\n|move|p1b: Calyrex|Trick Room|p1b: Calyrex\n|-fieldend|move: Trick Room\n|\n|-weather|RainDance|[upkeep]\n|upkeep\n|turn|6\n|\n|t:|1774002685\n|move|p2b: Zacian|Behemoth Blade|p1b: Calyrex\n|-damage|p1b: Calyrex|39/100\n|cant|p2a: Ogerpon|slp\n|move|p1a: Kyogre|Thunder|p2b: Zacian\n|-damage|p2b: Zacian|10/100\n|move|p1b: Calyrex|Trick Room|p1b: Calyrex\n|-fieldstart|move: Trick Room|[of] p1b: Calyrex\n|\n|-weather|RainDance|[upkeep]\n|upkeep\n|turn|7\n|inactive|Ice124567890 has 30 seconds left.\n|\n|t:|1774002718\n|cant|p2a: Ogerpon|slp\n|move|p2b: Zacian|Protect|p2b: Zacian\n|-singleturn|p2b: Zacian|Protect\n|move|p1a: Kyogre|Hydro Pump|p2b: Zacian\n|-activate|p2b: Zacian|move: Protect\n|move|p1b: Calyrex|Glacial Lance|p2a: Ogerpon|[spread] p2a\n|-activate|p2b: Zacian|move: Protect\n|-resisted|p2a: Ogerpon\n|-damage|p2a: Ogerpon|0 fnt\n|faint|p2a: Ogerpon\n|detailschange|p2: Ogerpon|Ogerpon-Wellspring, L50, F|[silent]\n|-ability|p1b: Calyrex|Chilling Neigh|boost\n|-boost|p1b: Calyrex|atk|1\n|\n|-weather|RainDance|[upkeep]\n|upkeep\n|\n|t:|1774002719\n|switch|p2a: Incineroar|Incineroar, L50, M|100/100\n|-ability|p2a: Incineroar|Intimidate|boost\n|-unboost|p1a: Kyogre|atk|1\n|-fail|p1b: Calyrex|unboost|[from] item: Clear Amulet|[of] p1b: Calyrex\n|turn|8\n|\n|t:|1774002742\n|move|p2a: Incineroar|Fake Out|p1a: Kyogre\n|-damage|p1a: Kyogre|88/100\n|cant|p1a: Kyogre|flinch\n|move|p1b: Calyrex|Glacial Lance|p2b: Zacian|[spread] p2a,p2b\n|-resisted|p2a: Incineroar\n|-resisted|p2b: Zacian\n|-damage|p2a: Incineroar|63/100\n|-damage|p2b: Zacian|0 fnt\n|faint|p2b: Zacian\n|-ability|p1b: Calyrex|Chilling Neigh|boost\n|-boost|p1b: Calyrex|atk|1\n|\n|-weather|RainDance|[upkeep]\n|upkeep\n|\n|t:|1774002758\n|switch|p2b: Calyrex|Calyrex-Shadow, L50|100/100\n|-ability|p2b: Calyrex|As One\n|-ability|p2b: Calyrex|Unnerve\n|turn|9\n|\n|t:|1774002764\n|move|p2b: Calyrex|Protect|p2b: Calyrex\n|-singleturn|p2b: Calyrex|Protect\n|move|p1a: Kyogre|Water Spout|p2b: Calyrex|[spread] p2a\n|-activate|p2b: Calyrex|move: Protect\n|-supereffective|p2a: Incineroar\n|-damage|p2a: Incineroar|0 fnt\n|faint|p2a: Incineroar\n|move|p1b: Calyrex|Glacial Lance|p2b: Calyrex\n|-activate|p2b: Calyrex|move: Protect\n|\n|-weather|none\n|upkeep\n|turn|10\n|inactive|Ice124567890 has 30 seconds left.\n|\n|t:|1774002792\n|move|p2b: Calyrex|Protect|p2b: Calyrex\n|-singleturn|p2b: Calyrex|Protect\n|move|p1a: Kyogre|Water Spout|p2b: Calyrex\n|-activate|p2b: Calyrex|move: Protect\n|move|p1b: Calyrex|Glacial Lance|p2b: Calyrex\n|-activate|p2b: Calyrex|move: Protect\n|\n|-fieldend|move: Trick Room\n|upkeep\n|turn|11\n|\n|t:|1774002805\n|move|p2b: Calyrex|Astral Barrage|p1a: Kyogre|[spread] p1a,p1b\n|-damage|p1a: Kyogre|52/100\n|-damage|p1b: Calyrex|0 fnt\n|faint|p1b: Calyrex\n|-ability|p2b: Calyrex|Grim Neigh|boost\n|-boost|p2b: Calyrex|spa|1\n|move|p1a: Kyogre|Hydro Pump|p2b: Calyrex\n|-damage|p2b: Calyrex|35/100\n|\n|upkeep\n|turn|12\n|\n|t:|1774002820\n|move|p2b: Calyrex|Astral Barrage|p1a: Kyogre\n|-damage|p1a: Kyogre|0 fnt\n|faint|p1a: Kyogre\n|\n|win|Ice124567890\n|raw|jj11j1's rating: 1433 &rarr; <strong>1418</strong><br />(-15 for losing)\n|raw|Ice124567890's rating: 1526 &rarr; <strong>1541</strong><br />(+15 for winning)\n|l|\u2606Ice124567890\n|player|p2|\n|c|\u2606jj11j1|lol\n","uploadtime":1774003077,"views":13,"formatid":"gen9vgc2026regi","rating":1418,"private":0,"password":null}