{"id":"gen9vgc2026regi-2590723850","format":"[Gen 9] VGC 2026 Reg I","players":["stupid test8","Mars002"],"log":"|j|\u2606stupid test8\n|j|\u2606Mars002\n|t:|1776839544\n|gametype|doubles\n|player|p1|stupid test8|170|1417\n|player|p2|Mars002|1|1556\n|gen|9\n|tier|[Gen 9] VGC 2026 Reg I\n|rated|\n|rule|Species Clause: Limit one of each Pok\u00e9mon\n|rule|Item Clause: Limit 1 of each item\n|clearpoke\n|poke|p1|Lugia, L50|\n|poke|p1|Kyogre, L50|\n|poke|p1|Urshifu-*, L50, F|\n|poke|p1|Chien-Pao, L50|\n|poke|p1|Farigiraf, L50, M|\n|poke|p1|Rillaboom, L50, M|\n|poke|p2|Groudon, L50|\n|poke|p2|Calyrex-Ice, L50|\n|poke|p2|Rillaboom, L50, M|\n|poke|p2|Annihilape, L50, F|\n|poke|p2|Walking Wake, L50|\n|poke|p2|Comfey, L50, M|\n|teampreview|4\n|inactive|Battle timer is ON: inactive players will automatically lose when time's up. (requested by Mars002)\n|inactive|stupid test8 has 60 seconds left.\n|\n|t:|1776839586\n|teamsize|p1|4\n|teamsize|p2|4\n|start\n|switch|p1a: Farigiraf|Farigiraf, L50, M|100/100\n|switch|p1b: Rillaboom|Rillaboom, L50, M|100/100\n|switch|p2a: Calyrex|Calyrex-Ice, L50|100/100\n|switch|p2b: Rillaboom|Rillaboom, L50, M|100/100\n|-ability|p2a: Calyrex|As One\n|-ability|p2a: Calyrex|Unnerve\n|-fieldstart|move: Grassy Terrain|[from] ability: Grassy Surge|[of] p1b: Rillaboom\n|-enditem|p1a: Farigiraf|Grassy Seed\n|-boost|p1a: Farigiraf|def|1|[from] item: Grassy Seed\n|turn|1\n|\n|t:|1776839608\n|move|p1b: Rillaboom|Fake Out|p2a: Calyrex\n|-damage|p2a: Calyrex|92/100\n|move|p2b: Rillaboom|Wood Hammer|p1a: Farigiraf\n|-damage|p1a: Farigiraf|50/100\n|-damage|p2b: Rillaboom|82/100|[from] Recoil\n|move|p1a: Farigiraf|Baton Pass|p1a: Farigiraf\n|\n|t:|1776839615\n|switch|p1a: Lugia|Lugia, L50|100/100|[from] Baton Pass\n|cant|p2a: Calyrex|flinch\n|\n|-heal|p2b: Rillaboom|88/100|[from] Grassy Terrain\n|-heal|p2a: Calyrex|98/100|[from] Grassy Terrain\n|upkeep\n|turn|2\n|\n|t:|1776839627\n|move|p1a: Lugia|Aeroblast|p2b: Rillaboom\n|-supereffective|p2b: Rillaboom\n|-damage|p2b: Rillaboom|0 fnt\n|faint|p2b: Rillaboom\n|move|p1b: Rillaboom|U-turn|p2a: Calyrex\n|-supereffective|p2a: Calyrex\n|-damage|p2a: Calyrex|71/100\n|\n|t:|1776839632\n|switch|p1b: Farigiraf|Farigiraf, L50, M|50/100|[from] U-turn\n|move|p2a: Calyrex|Glacial Lance|p1a: Lugia|[spread] p1a,p1b\n|-supereffective|p1a: Lugia\n|-damage|p1a: Lugia|67/100\n|-damage|p1b: Farigiraf|0 fnt\n|-enditem|p1a: Lugia|Weakness Policy\n|-boost|p1a: Lugia|atk|2|[from] item: Weakness Policy\n|-boost|p1a: Lugia|spa|2|[from] item: Weakness Policy\n|faint|p1b: Farigiraf\n|-ability|p2a: Calyrex|Chilling Neigh|boost\n|-boost|p2a: Calyrex|atk|1\n|\n|-heal|p2a: Calyrex|77/100|[from] Grassy Terrain\n|upkeep\n|\n|t:|1776839647\n|switch|p2b: Comfey|Comfey, L50, M|100/100\n|switch|p1b: Rillaboom|Rillaboom, L50, M|100/100\n|turn|3\n|\n|t:|1776839656\n|-terastallize|p1a: Lugia|Grass\n|move|p2a: Calyrex|Protect|p2a: Calyrex\n|-singleturn|p2a: Calyrex|Protect\n|move|p1b: Rillaboom|Fake Out|p2a: Calyrex\n|-activate|p2a: Calyrex|move: Protect\n|move|p1a: Lugia|Giga Drain|p2b: Comfey\n|-damage|p2b: Comfey|9/100\n|-heal|p1a: Lugia|100/100|[from] drain|[of] p2b: Comfey\n|move|p2b: Comfey|Light Screen|p2b: Comfey\n|-sidestart|p2: Mars002|move: Light Screen\n|\n|-heal|p2b: Comfey|15/100|[from] Grassy Terrain\n|-heal|p2a: Calyrex|83/100|[from] Grassy Terrain\n|upkeep\n|turn|4\n|\n|t:|1776839678\n|move|p2b: Comfey|Protect|p2b: Comfey\n|-singleturn|p2b: Comfey|Protect\n|move|p1a: Lugia|Giga Drain|p2a: Calyrex\n|-damage|p2a: Calyrex|43/100\n|move|p1b: Rillaboom|Wood Hammer|p2b: Comfey\n|-activate|p2b: Comfey|move: Protect\n|move|p2a: Calyrex|Glacial Lance|p1b: Rillaboom|[spread] p1a,p1b\n|-supereffective|p1a: Lugia\n|-supereffective|p1b: Rillaboom\n|-damage|p1a: Lugia|51/100\n|-damage|p1b: Rillaboom|0 fnt\n|faint|p1b: Rillaboom\n|-ability|p2a: Calyrex|Chilling Neigh|boost\n|-boost|p2a: Calyrex|atk|1\n|\n|-heal|p1a: Lugia|57/100|[from] Grassy Terrain\n|-heal|p2b: Comfey|21/100|[from] Grassy Terrain\n|-heal|p2a: Calyrex|49/100|[from] Grassy Terrain\n|upkeep\n|\n|t:|1776839680\n|switch|p1b: Kyogre|Kyogre, L50|100/100\n|-weather|RainDance|[from] ability: Drizzle|[of] p1b: Kyogre\n|turn|5\n|inactive|stupid test8 has 30 seconds left.\n|\n|t:|1776839707\n|-terastallize|p2a: Calyrex|Grass\n|move|p2b: Comfey|Floral Healing|p2a: Calyrex\n|-heal|p2a: Calyrex|100/100\n|move|p1a: Lugia|Giga Drain|p2a: Calyrex\n|-resisted|p2a: Calyrex\n|-damage|p2a: Calyrex|81/100\n|-heal|p1a: Lugia|68/100|[from] drain|[of] p2a: Calyrex\n|move|p1b: Kyogre|Origin Pulse|p2a: Calyrex|[spread] p2a,p2b\n|-resisted|p2a: Calyrex\n|-crit|p2a: Calyrex\n|-damage|p2a: Calyrex|46/100\n|-damage|p2b: Comfey|0 fnt\n|faint|p2b: Comfey\n|move|p2a: Calyrex|Glacial Lance|p1b: Kyogre|[spread] p1a,p1b\n|-supereffective|p1a: Lugia\n|-resisted|p1b: Kyogre\n|-damage|p1a: Lugia|0 fnt\n|-damage|p1b: Kyogre|55/100\n|faint|p1a: Lugia\n|-ability|p2a: Calyrex|Chilling Neigh|boost\n|-boost|p2a: Calyrex|atk|1\n|\n|-weather|RainDance|[upkeep]\n|-heal|p1b: Kyogre|61/100|[from] Grassy Terrain\n|-heal|p2a: Calyrex|52/100|[from] Grassy Terrain\n|-fieldend|move: Grassy Terrain\n|upkeep\n|-message|stupid test8 forfeited.\n|\n|win|Mars002\n|raw|stupid test8's rating: 1417 &rarr; <strong>1405</strong><br />(-12 for losing)\n|raw|Mars002's rating: 1556 &rarr; <strong>1568</strong><br />(+12 for winning)\n|l|\u2606stupid test8\n|player|p1|\n|l|\u2606Mars002\n|player|p2|\n","uploadtime":1776839898,"views":11,"formatid":"gen9vgc2026regi","rating":1405,"private":0,"password":null}