{"id":"gen9vgc2026regi-2548446225","format":"[Gen 9] VGC 2026 Reg I","players":["meh is good","LechonkBro"],"log":"|j|\u2606meh is good\n|j|\u2606LechonkBro\n|t:|1772215695\n|gametype|doubles\n|player|p1|meh is good|flannery|1404\n|player|p2|LechonkBro|101|1468\n|gen|9\n|tier|[Gen 9] VGC 2026 Reg I\n|rated|\n|rule|Species Clause: Limit one of each Pok\u00e9mon\n|rule|Item Clause: Limit 1 of each item\n|clearpoke\n|poke|p1|Miraidon, L50|\n|poke|p1|Lunala, L50|\n|poke|p1|Ursaluna, L50, M|\n|poke|p1|Tsareena, L50, F|\n|poke|p1|Urshifu-*, L50, F|\n|poke|p1|Incineroar, L50, M|\n|poke|p2|Chien-Pao, L50|\n|poke|p2|Calyrex-Shadow, L50|\n|poke|p2|Dondozo, L50, M|\n|poke|p2|Zamazenta-*, L50|\n|poke|p2|Dragonite, L50, M|\n|poke|p2|Tatsugiri, L50, M|\n|teampreview|4\n|inactive|Battle timer is ON: inactive players will automatically lose when time's up. (requested by LechonkBro)\n|inactive|meh is good also wants the timer to be on.\n|inactive|meh is good has 60 seconds left.\n|\n|t:|1772215729\n|teamsize|p1|4\n|teamsize|p2|4\n|start\n|switch|p1a: Tsareena|Tsareena, L50, F, shiny|100/100\n|switch|p1b: Urshifu|Urshifu-Rapid-Strike, L50, F|100/100\n|switch|p2a: Chien-Pao|Chien-Pao, L50|100/100\n|switch|p2b: Zamazenta|Zamazenta-Crowned, L50|100/100\n|-ability|p2a: Chien-Pao|Sword of Ruin\n|-ability|p2b: Zamazenta|Dauntless Shield|boost\n|-boost|p2b: Zamazenta|def|1\n|turn|1\n|inactive|LechonkBro has 30 seconds left.\n|\n|t:|1772215762\n|switch|p2a: Dragonite|Dragonite, L50, M|100/100\n|-terastallize|p2b: Zamazenta|Dragon\n|move|p1a: Tsareena|Helping Hand|p1b: Urshifu\n|-singleturn|p1b: Urshifu|Helping Hand|[of] p1a: Tsareena\n|move|p1b: Urshifu|Surging Strikes|p2a: Dragonite\n|-resisted|p2a: Dragonite\n|-crit|p2a: Dragonite\n|-damage|p2a: Dragonite|85/100\n|-resisted|p2a: Dragonite\n|-crit|p2a: Dragonite\n|-damage|p2a: Dragonite|70/100\n|-resisted|p2a: Dragonite\n|-crit|p2a: Dragonite\n|-damage|p2a: Dragonite|54/100\n|-hitcount|p2a: Dragonite|3\n|move|p2b: Zamazenta|Body Press|p1b: Urshifu\n|-damage|p1b: Urshifu|32/100\n|\n|upkeep\n|turn|2\n|\n|t:|1772215786\n|switch|p1b: Lunala|Lunala, L50, shiny|100/100\n|move|p2b: Zamazenta|Body Press|p1a: Tsareena\n|-damage|p1a: Tsareena|20/100\n|move|p1a: Tsareena|Triple Axel|p2a: Dragonite\n|-supereffective|p2a: Dragonite\n|-damage|p2a: Dragonite|27/100\n|-hitcount|p2a: Dragonite|1\n|move|p2a: Dragonite|Outrage|p1a: Tsareena\n|-damage|p1a: Tsareena|0 fnt\n|faint|p1a: Tsareena\n|\n|upkeep\n|\n|t:|1772215808\n|switch|p1a: Urshifu|Urshifu-Rapid-Strike, L50, F|32/100\n|turn|3\n|\n|t:|1772215819\n|move|p1a: Urshifu|Surging Strikes|p2a: Dragonite\n|-resisted|p2a: Dragonite\n|-crit|p2a: Dragonite\n|-damage|p2a: Dragonite|17/100\n|-resisted|p2a: Dragonite\n|-crit|p2a: Dragonite\n|-damage|p2a: Dragonite|7/100\n|-resisted|p2a: Dragonite\n|-crit|p2a: Dragonite\n|-damage|p2a: Dragonite|0 fnt\n|faint|p2a: Dragonite\n|-hitcount|p2: Dragonite|3\n|move|p2b: Zamazenta|Body Press|p1a: Urshifu\n|-damage|p1a: Urshifu|0 fnt\n|faint|p1a: Urshifu\n|move|p1b: Lunala|Trick Room|p1b: Lunala\n|-fieldstart|move: Trick Room|[of] p1b: Lunala\n|\n|upkeep\n|\n|t:|1772215834\n|switch|p2a: Chien-Pao|Chien-Pao, L50|100/100\n|switch|p1a: Miraidon|Miraidon, L50|100/100\n|-fieldstart|move: Electric Terrain|[from] ability: Hadron Engine|[of] p1a: Miraidon\n|-enditem|p1b: Lunala|Electric Seed\n|-boost|p1b: Lunala|def|1|[from] item: Electric Seed\n|-ability|p2a: Chien-Pao|Sword of Ruin\n|turn|4\n|\n|t:|1772215854\n|-terastallize|p1b: Lunala|Fairy\n|move|p1b: Lunala|Moonblast|p2a: Chien-Pao\n|-supereffective|p2a: Chien-Pao\n|-enditem|p2a: Chien-Pao|Focus Sash\n|-damage|p2a: Chien-Pao|1/100\n|-unboost|p2a: Chien-Pao|spa|1\n|move|p1a: Miraidon|Draco Meteor|p2b: Zamazenta\n|-supereffective|p2b: Zamazenta\n|-damage|p2b: Zamazenta|0 fnt\n|-unboost|p1a: Miraidon|spa|2\n|faint|p2b: Zamazenta\n|move|p2a: Chien-Pao|Ice Spinner|p1a: Miraidon\n|-supereffective|p1a: Miraidon\n|-damage|p1a: Miraidon|8/100\n|-fieldend|move: Electric Terrain\n|\n|upkeep\n|\n|t:|1772215868\n|switch|p2b: Calyrex|Calyrex-Shadow, L50|100/100\n|-ability|p2b: Calyrex|As One\n|-ability|p2b: Calyrex|Unnerve\n|turn|5\n|\n|t:|1772215886\n|move|p2a: Chien-Pao|Sucker Punch|p1a: Miraidon\n|-damage|p1a: Miraidon|0 fnt\n|faint|p1a: Miraidon\n|move|p1b: Lunala|Moonblast|p2a: Chien-Pao\n|-supereffective|p2a: Chien-Pao\n|-damage|p2a: Chien-Pao|0 fnt\n|faint|p2a: Chien-Pao\n|move|p2b: Calyrex|Astral Barrage|p1b: Lunala\n|-damage|p1b: Lunala|77/100\n|\n|upkeep\n|turn|6\n|\n|t:|1772215897\n|move|p1b: Lunala|Moongeist Beam|p2b: Calyrex\n|-supereffective|p2b: Calyrex\n|-damage|p2b: Calyrex|0 fnt\n|faint|p2b: Calyrex\n|\n|win|meh is good\n|raw|meh is good's rating: 1404 &rarr; <strong>1428</strong><br />(+24 for winning)\n|raw|LechonkBro's rating: 1468 &rarr; <strong>1444</strong><br />(-24 for losing)\n|l|\u2606LechonkBro\n|player|p2|\n|l|\u2606meh is good\n|player|p1|\n","uploadtime":1772216146,"views":12,"formatid":"gen9vgc2026regi","rating":1428,"private":0,"password":null}