{"id":"gen9vgc2026regi-2561272122","format":"[Gen 9] VGC 2026 Reg I","players":["rabbittammer","It'sJustKen VGC"],"log":"|j|\u2606rabbittammer\n|j|\u2606It'sJustKen VGC\n|t:|1773779255\n|gametype|doubles\n|player|p1|rabbittammer|unknown|1265\n|player|p2|It'sJustKen VGC|102|1368\n|gen|9\n|tier|[Gen 9] VGC 2026 Reg I\n|rated|\n|rule|Species Clause: Limit one of each Pok\u00e9mon\n|rule|Item Clause: Limit 1 of each item\n|clearpoke\n|poke|p1|Indeedee-F, L50, F|\n|poke|p1|Koraidon, L50|\n|poke|p1|Delphox, L50, F|\n|poke|p1|Whimsicott, L50, F|\n|poke|p1|Amoonguss, L50, M|\n|poke|p1|Calyrex-Shadow, L50|\n|poke|p2|Iron Hands, L50|\n|poke|p2|Incineroar, L50, M|\n|poke|p2|Calyrex-Shadow, L50|\n|poke|p2|Whimsicott, L50, M|\n|poke|p2|Farigiraf, L50, F|\n|poke|p2|Miraidon, L50|\n|teampreview|4\n|inactive|Battle timer is ON: inactive players will automatically lose when time's up. (requested by rabbittammer)\n|inactive|It'sJustKen VGC also wants the timer to be on.\n|inactive|rabbittammer has 60 seconds left.\n|\n|t:|1773779299\n|teamsize|p1|4\n|teamsize|p2|4\n|start\n|switch|p1a: Whimsicott|Whimsicott, L50, F|100/100\n|switch|p1b: Delphox|Delphox, L50, F, shiny|100/100\n|switch|p2a: Miraidon|Miraidon, L50, shiny|100/100\n|switch|p2b: Whimsicott|Whimsicott, L50, M|100/100\n|-fieldstart|move: Electric Terrain|[from] ability: Hadron Engine|[of] p2a: Miraidon\n|turn|1\n|\n|t:|1773779318\n|move|p2b: Whimsicott|Tailwind|p2b: Whimsicott\n|-sidestart|p2: It'sJustKen VGC|move: Tailwind\n|move|p2a: Miraidon|Volt Switch|p1b: Delphox\n|-damage|p1b: Delphox|0 fnt\n|faint|p1b: Delphox\n|\n|t:|1773779324\n|switch|p2a: Calyrex|Calyrex-Shadow, L50|100/100|[from] Volt Switch\n|-ability|p2a: Calyrex|As One\n|-ability|p2a: Calyrex|Unnerve\n|move|p1a: Whimsicott|Moonblast|p2a: Calyrex\n|-damage|p2a: Calyrex|74/100\n|-unboost|p2a: Calyrex|spa|1\n|\n|upkeep\n|\n|t:|1773779335\n|switch|p1b: Calyrex|Calyrex-Shadow, L50|100/100\n|-ability|p1b: Calyrex|As One\n|-ability|p1b: Calyrex|Unnerve\n|turn|2\n|\n|t:|1773779342\n|-terastallize|p2a: Calyrex|Ghost\n|move|p2b: Whimsicott|Encore|p1a: Whimsicott\n|-start|p1a: Whimsicott|Encore\n|move|p1a: Whimsicott|Moonblast|p2b: Whimsicott\n|-damage|p2b: Whimsicott|66/100\n|move|p2a: Calyrex|Imprison|p2a: Calyrex\n|-start|p2a: Calyrex|move: Imprison\n|cant|p1b: Calyrex|move: Imprison|Astral Barrage\n|\n|upkeep\n|turn|3\n|\n|t:|1773779365\n|-terastallize|p1b: Calyrex|Normal\n|move|p2a: Calyrex|Astral Barrage|p1b: Calyrex|[spread] p1a\n|-immune|p1b: Calyrex\n|-damage|p1a: Whimsicott|18/100\n|move|p2b: Whimsicott|Moonblast|p1a: Whimsicott\n|-damage|p1a: Whimsicott|0 fnt\n|faint|p1a: Whimsicott\n|move|p1b: Calyrex|Shadow Ball|p2a: Calyrex\n|-supereffective|p2a: Calyrex\n|-damage|p2a: Calyrex|0 fnt\n|faint|p2a: Calyrex\n|-ability|p1b: Calyrex|Grim Neigh|boost\n|-boost|p1b: Calyrex|spa|1\n|\n|upkeep\n|\n|t:|1773779384\n|switch|p2a: Miraidon|Miraidon, L50, shiny|100/100\n|switch|p1a: Koraidon|Koraidon, L50|100/100\n|-activate|p2a: Miraidon|ability: Hadron Engine\n|-weather|SunnyDay|[from] ability: Orichalcum Pulse|[of] p1a: Koraidon\n|-activate|p1a: Koraidon|Orichalcum Pulse|[source]\n|turn|4\n|\n|t:|1773779398\n|move|p1a: Koraidon|Protect|p1a: Koraidon\n|-singleturn|p1a: Koraidon|Protect\n|move|p2b: Whimsicott|Encore|p1b: Calyrex\n|-start|p1b: Calyrex|Encore\n|move|p2a: Miraidon|Dazzling Gleam|p1b: Calyrex|[spread] p1b\n|-activate|p1a: Koraidon|move: Protect\n|-damage|p1b: Calyrex|49/100\n|move|p1b: Calyrex|Shadow Ball|p2a: Miraidon\n|-damage|p2a: Miraidon|46/100\n|\n|-weather|SunnyDay|[upkeep]\n|-sideend|p2: It'sJustKen VGC|move: Tailwind\n|upkeep\n|turn|5\n|\n|t:|1773779417\n|move|p2b: Whimsicott|Tailwind|p2b: Whimsicott\n|-sidestart|p2: It'sJustKen VGC|move: Tailwind\n|move|p2a: Miraidon|Dazzling Gleam|p1a: Koraidon|[spread] p1a,p1b\n|-supereffective|p1a: Koraidon\n|-damage|p1a: Koraidon|0 fnt\n|-damage|p1b: Calyrex|3/100\n|faint|p1a: Koraidon\n|move|p1b: Calyrex|Shadow Ball|p2a: Miraidon\n|-damage|p2a: Miraidon|0 fnt\n|faint|p2a: Miraidon\n|-ability|p1b: Calyrex|Grim Neigh|boost\n|-boost|p1b: Calyrex|spa|1\n|\n|-weather|SunnyDay|[upkeep]\n|-fieldend|move: Electric Terrain\n|upkeep\n|\n|t:|1773779427\n|switch|p2a: Incineroar|Incineroar, L50, M|100/100\n|-ability|p2a: Incineroar|Intimidate|boost\n|-unboost|p1b: Calyrex|atk|1\n|turn|6\n|-message|rabbittammer forfeited.\n|\n|win|It'sJustKen VGC\n|raw|rabbittammer's rating: 1265 &rarr; <strong>1247</strong><br />(-18 for losing)\n|raw|It&apos;sJustKen VGC's rating: 1368 &rarr; <strong>1382</strong><br />(+14 for winning)\n|l|\u2606It'sJustKen VGC\n|player|p2|\n|l|\u2606rabbittammer\n|player|p1|\n|j|\u2606It'sJustKen VGC\n|player|p2|It'sJustKen VGC|102|\n|l|\u2606It'sJustKen VGC\n|player|p2|\n","uploadtime":1773779442,"views":11,"formatid":"gen9vgc2026regi","rating":1247,"private":0,"password":null}