{"id":"gen9vgc2026regi-2586737440","format":"[Gen 9] VGC 2026 Reg I","players":["kylervgc","Lil Tic"],"log":"|j|\u2606kylervgc\n|j|\u2606Lil Tic\n|t:|1776455980\n|gametype|doubles\n|player|p1|kylervgc|101|1351\n|player|p2|Lil Tic|101|1409\n|gen|9\n|tier|[Gen 9] VGC 2026 Reg I\n|rated|\n|rule|Species Clause: Limit one of each Pok\u00e9mon\n|rule|Item Clause: Limit 1 of each item\n|clearpoke\n|poke|p1|Raging Bolt, L50|\n|poke|p1|Kyogre, L50|\n|poke|p1|Calyrex-Ice, L50|\n|poke|p1|Rillaboom, L50, M|\n|poke|p1|Incineroar, L50, M|\n|poke|p1|Urshifu-*, L50, M|\n|poke|p2|Koraidon, L50|\n|poke|p2|Flutter Mane, L50|\n|poke|p2|Ho-Oh, L50|\n|poke|p2|Incineroar, L50, M|\n|poke|p2|Amoonguss, L50, M|\n|poke|p2|Ting-Lu, L50|\n|teampreview|4\n|\n|t:|1776456012\n|teamsize|p1|4\n|teamsize|p2|4\n|start\n|switch|p1a: Calyrex|Calyrex-Ice, L50|100/100\n|switch|p1b: Incineroar|Incineroar, L50, M, shiny|100/100\n|switch|p2a: Incineroar|Incineroar, L50, M|100/100\n|switch|p2b: Amoonguss|Amoonguss, L50, M|100/100\n|-ability|p1a: Calyrex|As One\n|-ability|p1a: Calyrex|Unnerve\n|-ability|p2a: Incineroar|Intimidate|boost\n|-unboost|p1a: Calyrex|atk|1\n|-unboost|p1b: Incineroar|atk|1\n|-ability|p1b: Incineroar|Intimidate|boost\n|-unboost|p2a: Incineroar|atk|1\n|-unboost|p2b: Amoonguss|atk|1\n|turn|1\n|\n|t:|1776456035\n|move|p1a: Calyrex|Protect|p1a: Calyrex\n|-singleturn|p1a: Calyrex|Protect\n|move|p2a: Incineroar|Fake Out|p1a: Calyrex\n|-activate|p1a: Calyrex|move: Protect\n|move|p1b: Incineroar|Parting Shot|p2b: Amoonguss\n|-unboost|p2b: Amoonguss|atk|1\n|-unboost|p2b: Amoonguss|spa|1\n|\n|t:|1776456044\n|switch|p1b: Kyogre|Kyogre, L50|100/100|[from] Parting Shot\n|-weather|RainDance|[from] ability: Drizzle|[of] p1b: Kyogre\n|move|p2b: Amoonguss|Spore|p1a: Calyrex\n|-activate|p1a: Calyrex|move: Protect\n|\n|-weather|RainDance|[upkeep]\n|upkeep\n|turn|2\n|inactive|Battle timer is ON: inactive players will automatically lose when time's up. (requested by kylervgc)\n|\n|t:|1776456070\n|switch|p2a: Koraidon|Koraidon, L50|100/100\n|-weather|SunnyDay|[from] ability: Orichalcum Pulse|[of] p2a: Koraidon\n|-activate|p2a: Koraidon|Orichalcum Pulse|[source]\n|switch|p1a: Incineroar|Incineroar, L50, M, shiny|100/100\n|-ability|p1a: Incineroar|Intimidate|boost\n|-unboost|p2a: Koraidon|atk|1\n|-unboost|p2b: Amoonguss|atk|1\n|-terastallize|p1b: Kyogre|Grass\n|move|p1b: Kyogre|Water Spout|p2a: Koraidon|[spread] p2a,p2b\n|-resisted|p2a: Koraidon\n|-resisted|p2b: Amoonguss\n|-damage|p2a: Koraidon|78/100\n|-damage|p2b: Amoonguss|83/100\n|-damage|p1b: Kyogre|91/100|[from] item: Life Orb\n|move|p2b: Amoonguss|Spore|p1a: Incineroar\n|-activate|p1a: Incineroar|item: Safety Goggles|Spore\n|\n|-weather|SunnyDay|[upkeep]\n|upkeep\n|turn|3\n|inactive|kylervgc has 30 seconds left.\n|inactive|Lil Tic has 30 seconds left.\n|\n|t:|1776456107\n|switch|p2a: Ho-Oh|Ho-Oh, L50|100/100\n|switch|p1b: Calyrex|Calyrex-Ice, L50|100/100\n|-ability|p1b: Calyrex|As One\n|-ability|p1b: Calyrex|Unnerve\n|move|p1a: Incineroar|Fake Out|p2a: Ho-Oh\n|-damage|p2a: Ho-Oh|90/100\n|move|p2b: Amoonguss|Sludge Bomb|p1b: Calyrex\n|-damage|p1b: Calyrex|90/100\n|\n|-weather|SunnyDay|[upkeep]\n|-heal|p1b: Calyrex|96/100|[from] item: Leftovers\n|upkeep\n|turn|4\n|\n|t:|1776456130\n|switch|p2b: Incineroar|Incineroar, L50, M|100/100\n|-ability|p2b: Incineroar|Intimidate|boost\n|-unboost|p1a: Incineroar|atk|1\n|-unboost|p1b: Calyrex|atk|1\n|move|p2a: Ho-Oh|Sacred Fire|p1b: Calyrex|[miss]\n|-miss|p2a: Ho-Oh|p1b: Calyrex\n|move|p1a: Incineroar|Parting Shot|p2a: Ho-Oh\n|-fail|p2a: Ho-Oh|unboost|[from] item: Clear Amulet|[of] p2a: Ho-Oh\n|move|p1b: Calyrex|Glacial Lance|p2a: Ho-Oh|[spread] p2a,p2b\n|-resisted|p2b: Incineroar\n|-damage|p2a: Ho-Oh|57/100\n|-damage|p2b: Incineroar|87/100\n|\n|-weather|SunnyDay|[upkeep]\n|-heal|p1b: Calyrex|100/100|[from] item: Leftovers\n|upkeep\n|turn|5\n|c|\u2606Lil Tic|bruh i hate 95%\n|c|\u2606kylervgc|same\n|inactive|Lil Tic has 30 seconds left.\n|\n|t:|1776456159\n|switch|p2a: Amoonguss|Amoonguss, L50, M|100/100\n|move|p1b: Calyrex|Protect|p1b: Calyrex\n|-singleturn|p1b: Calyrex|Protect\n|move|p2b: Incineroar|Knock Off|p1a: Incineroar\n|-resisted|p1a: Incineroar\n|-damage|p1a: Incineroar|83/100\n|-enditem|p1a: Incineroar|Safety Goggles|[from] move: Knock Off|[of] p2b: Incineroar\n|move|p1a: Incineroar|Knock Off|p2a: Amoonguss\n|-damage|p2a: Amoonguss|80/100\n|-damage|p1a: Incineroar|66/100|[from] item: Rocky Helmet|[of] p2a: Amoonguss\n|-enditem|p2a: Amoonguss|Rocky Helmet|[from] move: Knock Off|[of] p1a: Incineroar\n|\n|-weather|SunnyDay|[upkeep]\n|upkeep\n|turn|6\n|\n|t:|1776456177\n|switch|p1b: Kyogre|Kyogre, L50, tera:Grass|91/100\n|-weather|RainDance|[from] ability: Drizzle|[of] p1b: Kyogre\n|move|p2b: Incineroar|Knock Off|p1b: Kyogre\n|-damage|p1b: Kyogre|39/100\n|-enditem|p1b: Kyogre|Life Orb|[from] move: Knock Off|[of] p2b: Incineroar\n|move|p1a: Incineroar|Parting Shot|p2b: Incineroar\n|-unboost|p2b: Incineroar|atk|1\n|-unboost|p2b: Incineroar|spa|1\n|\n|t:|1776456188\n|switch|p1a: Raging Bolt|Raging Bolt, L50|100/100|[from] Parting Shot\n|-enditem|p1a: Raging Bolt|Booster Energy\n|-activate|p1a: Raging Bolt|ability: Protosynthesis|[fromitem]\n|-start|p1a: Raging Bolt|protosynthesisspa\n|move|p2a: Amoonguss|Spore|p1a: Raging Bolt\n|-status|p1a: Raging Bolt|slp|[from] move: Spore\n|\n|-weather|RainDance|[upkeep]\n|upkeep\n|turn|7\n|inactive|kylervgc has 30 seconds left.\n|\n|t:|1776456223\n|switch|p1b: Incineroar|Incineroar, L50, M, shiny|66/100\n|-ability|p1b: Incineroar|Intimidate|boost\n|-unboost|p2a: Amoonguss|atk|1\n|-unboost|p2b: Incineroar|atk|1\n|switch|p2b: Koraidon|Koraidon, L50|78/100\n|-weather|SunnyDay|[from] ability: Orichalcum Pulse|[of] p2b: Koraidon\n|-activate|p2b: Koraidon|Orichalcum Pulse|[source]\n|cant|p1a: Raging Bolt|slp\n|move|p2a: Amoonguss|Sludge Bomb|p1b: Incineroar\n|-damage|p1b: Incineroar|42/100\n|\n|-weather|SunnyDay|[upkeep]\n|upkeep\n|turn|8\n|inactive|Lil Tic has 30 seconds left.\n|inactive|Lil Tic has 20 seconds left.\n|inactive|Lil Tic has 15 seconds left.\n|inactive|Lil Tic has 10 seconds left.\n|\n|t:|1776456270\n|move|p1b: Incineroar|Fake Out|p2b: Koraidon\n|-damage|p2b: Koraidon|68/100\n|cant|p2b: Koraidon|flinch\n|cant|p1a: Raging Bolt|slp\n|move|p2a: Amoonguss|Spore|p1b: Incineroar\n|-status|p1b: Incineroar|slp|[from] move: Spore\n|\n|-weather|SunnyDay|[upkeep]\n|upkeep\n|turn|9\n|\n|t:|1776456291\n|switch|p1b: Kyogre|Kyogre, L50, tera:Grass|39/100\n|-weather|RainDance|[from] ability: Drizzle|[of] p1b: Kyogre\n|move|p2a: Amoonguss|Rage Powder|p2a: Amoonguss\n|-singleturn|p2a: Amoonguss|move: Rage Powder\n|move|p2b: Koraidon|Dragon Claw|p1a: Raging Bolt\n|-supereffective|p1a: Raging Bolt\n|-damage|p1a: Raging Bolt|0 fnt\n|faint|p1a: Raging Bolt\n|-end|p1a: Raging Bolt|Protosynthesis|[silent]\n|-damage|p2b: Koraidon|59/100|[from] item: Life Orb\n|\n|-weather|RainDance|[upkeep]\n|upkeep\n|\n|t:|1776456304\n|switch|p1a: Calyrex|Calyrex-Ice, L50|100/100\n|-ability|p1a: Calyrex|As One\n|-ability|p1a: Calyrex|Unnerve\n|turn|10\n|inactive|kylervgc has 30 seconds left.\n|\n|t:|1776456332\n|switch|p1b: Incineroar|Incineroar, L50, M, shiny|42/100 slp\n|-ability|p1b: Incineroar|Intimidate|boost\n|-unboost|p2a: Amoonguss|atk|1\n|-unboost|p2b: Koraidon|atk|1\n|switch|p2a: Incineroar|Incineroar, L50, M|87/100\n|-ability|p2a: Incineroar|Intimidate|boost\n|-unboost|p1a: Calyrex|atk|1\n|-unboost|p1b: Incineroar|atk|1\n|-terastallize|p2b: Koraidon|Fire\n|move|p2b: Koraidon|Collision Course|p1b: Incineroar\n|-supereffective|p1b: Incineroar\n|-damage|p1b: Incineroar|0 fnt\n|faint|p1b: Incineroar\n|-damage|p2b: Koraidon|49/100|[from] item: Life Orb\n|move|p1a: Calyrex|Glacial Lance|p2b: Koraidon|[spread] p2a,p2b\n|-resisted|p2a: Incineroar\n|-resisted|p2b: Koraidon\n|-damage|p2a: Incineroar|72/100\n|-damage|p2b: Koraidon|34/100\n|\n|-weather|RainDance|[upkeep]\n|upkeep\n|\n|t:|1776456350\n|switch|p1b: Kyogre|Kyogre, L50, tera:Grass|39/100\n|turn|11\n|\n|t:|1776456368\n|move|p1b: Kyogre|Protect|p1b: Kyogre\n|-singleturn|p1b: Kyogre|Protect\n|move|p2a: Incineroar|Fake Out|p1a: Calyrex\n|-damage|p1a: Calyrex|93/100\n|move|p2b: Koraidon|Collision Course|p1b: Kyogre\n|-activate|p1b: Kyogre|move: Protect\n|cant|p1a: Calyrex|flinch\n|\n|-weather|RainDance|[upkeep]\n|-heal|p1a: Calyrex|99/100|[from] item: Leftovers\n|upkeep\n|turn|12\n|\n|t:|1776456388\n|move|p1b: Kyogre|Protect|p1b: Kyogre\n|-singleturn|p1b: Kyogre|Protect\n|move|p2b: Koraidon|Collision Course|p1b: Kyogre\n|-activate|p1b: Kyogre|move: Protect\n|move|p2a: Incineroar|Knock Off|p1a: Calyrex\n|-supereffective|p1a: Calyrex\n|-damage|p1a: Calyrex|45/100\n|-enditem|p1a: Calyrex|Leftovers|[from] move: Knock Off|[of] p2a: Incineroar\n|move|p1a: Calyrex|Leech Seed|p2b: Koraidon\n|-start|p2b: Koraidon|move: Leech Seed\n|\n|-weather|RainDance|[upkeep]\n|-damage|p2b: Koraidon|22/100|[from] Leech Seed|[of] p1a: Calyrex\n|-heal|p1a: Calyrex|56/100|[silent]\n|upkeep\n|turn|13\n|c|\u2606kylervgc|huge\n|c|\u2606kylervgc|but lucky\n|inactive|kylervgc has 30 seconds left.\n|\n|t:|1776456415\n|move|p1a: Calyrex|Protect|p1a: Calyrex\n|-singleturn|p1a: Calyrex|Protect\n|move|p2b: Koraidon|Collision Course|p1b: Kyogre\n|-damage|p1b: Kyogre|0 fnt\n|faint|p1b: Kyogre\n|-damage|p2b: Koraidon|12/100|[from] item: Life Orb\n|move|p2a: Incineroar|Parting Shot|p1a: Calyrex\n|-activate|p1a: Calyrex|move: Protect\n|\n|-weather|none\n|-damage|p2b: Koraidon|0 fnt|[from] Leech Seed|[of] p1a: Calyrex\n|-heal|p1a: Calyrex|65/100|[silent]\n|faint|p2b: Koraidon\n|upkeep\n|\n|t:|1776456424\n|switch|p2b: Ho-Oh|Ho-Oh, L50|90/100\n|turn|14\n|\n|t:|1776456435\n|move|p2b: Ho-Oh|Sacred Fire|p1a: Calyrex\n|-supereffective|p1a: Calyrex\n|-damage|p1a: Calyrex|0 fnt\n|faint|p1a: Calyrex\n|\n|win|Lil Tic\n|raw|kylervgc's rating: 1351 &rarr; <strong>1334</strong><br />(-17 for losing)\n|raw|Lil Tic's rating: 1409 &rarr; <strong>1426</strong><br />(+17 for winning)\n|c|\u2606kylervgc|gg\n|l|\u2606kylervgc\n|player|p1|\n|c|\u2606Lil Tic|ggs\n|l|\u2606Lil Tic\n|player|p2|\n","uploadtime":1776456700,"views":5,"formatid":"gen9vgc2026regi","rating":1334,"private":0,"password":null}