{"id":"gen9vgc2026regi-2548103945","format":"[Gen 9] VGC 2026 Reg I","players":["plantscience","jingscale"],"log":"|j|\u2606plantscience\n|j|\u2606jingscale\n|t:|1772168993\n|gametype|doubles\n|player|p1|plantscience|265|1360\n|player|p2|jingscale|preschoolerf|1563\n|gen|9\n|tier|[Gen 9] VGC 2026 Reg I\n|rated|\n|rule|Species Clause: Limit one of each Pok\u00e9mon\n|rule|Item Clause: Limit 1 of each item\n|clearpoke\n|poke|p1|Chien-Pao, L50|\n|poke|p1|Calyrex-Shadow, L50|\n|poke|p1|Urshifu-*, L50, F|\n|poke|p1|Zamazenta-*, L50|\n|poke|p1|Weezing-Galar, L50, F|\n|poke|p1|Dragonite, L50, M|\n|poke|p2|Calyrex-Shadow, L50|\n|poke|p2|Zamazenta-*, L50|\n|poke|p2|Incineroar, L50, M|\n|poke|p2|Ogerpon-Cornerstone, L50, F|\n|poke|p2|Rillaboom, L50, F|\n|poke|p2|Tornadus, L50, M|\n|teampreview|4\n|inactive|Battle timer is ON: inactive players will automatically lose when time's up. (requested by jingscale)\n|inactive|plantscience has 60 seconds left.\n|inactive|jingscale has 60 seconds left.\n|\n|t:|1772169051\n|teamsize|p1|4\n|teamsize|p2|4\n|start\n|switch|p1a: Calyrex|Calyrex-Shadow, L50|100/100\n|switch|p1b: Dragonite|Dragonite, L50, M|100/100\n|switch|p2a: Calyrex|Calyrex-Shadow, L50|100/100\n|switch|p2b: Tornadus|Tornadus, L50, M, shiny|100/100\n|-ability|p2a: Calyrex|As One\n|-ability|p2a: Calyrex|Unnerve\n|-ability|p1a: Calyrex|As One\n|-ability|p1a: Calyrex|Unnerve\n|turn|1\n|inactive|jingscale has 30 seconds left.\n|inactive|jingscale has 20 seconds left.\n|inactive|jingscale has 15 seconds left.\n|inactive|jingscale has 10 seconds left.\n|\n|t:|1772169096\n|switch|p1a: Chien-Pao|Chien-Pao, L50|100/100\n|-ability|p1a: Chien-Pao|Sword of Ruin\n|-terastallize|p2a: Calyrex|Dark\n|-terastallize|p1b: Dragonite|Normal\n|move|p1b: Dragonite|Extreme Speed|p2b: Tornadus\n|-damage|p2b: Tornadus|5/100\n|move|p2b: Tornadus|Tailwind|p2b: Tornadus\n|-sidestart|p2: jingscale|move: Tailwind\n|move|p2a: Calyrex|Astral Barrage|p1b: Dragonite|[spread] p1a\n|-immune|p1b: Dragonite\n|-resisted|p1a: Chien-Pao\n|-damage|p1a: Chien-Pao|76/100\n|\n|upkeep\n|turn|2\n|\n|t:|1772169119\n|switch|p2b: Incineroar|Incineroar, L50, M, shiny|100/100\n|-ability|p2b: Incineroar|Intimidate|boost\n|-unboost|p1a: Chien-Pao|atk|1\n|-fail|p1b: Dragonite|unboost|Attack|[from] ability: Inner Focus|[of] p1b: Dragonite\n|move|p2a: Calyrex|Protect|p2a: Calyrex\n|-singleturn|p2a: Calyrex|Protect\n|move|p1b: Dragonite|Extreme Speed|p2a: Calyrex\n|-activate|p2a: Calyrex|move: Protect\n|move|p1a: Chien-Pao|Ice Shard|p2b: Incineroar\n|-resisted|p2b: Incineroar\n|-damage|p2b: Incineroar|96/100\n|\n|upkeep\n|turn|3\n|\n|t:|1772169142\n|switch|p2a: Zamazenta|Zamazenta-Crowned, L50|100/100\n|-ability|p2a: Zamazenta|Dauntless Shield|boost\n|-boost|p2a: Zamazenta|def|1\n|move|p1b: Dragonite|Extreme Speed|p2a: Zamazenta\n|-resisted|p2a: Zamazenta\n|-damage|p2a: Zamazenta|83/100\n|move|p1a: Chien-Pao|Ruination|p2b: Incineroar\n|-damage|p2b: Incineroar|48/100\n|move|p2b: Incineroar|Parting Shot|p1b: Dragonite\n|-unboost|p1b: Dragonite|atk|1\n|-unboost|p1b: Dragonite|spa|1\n|\n|t:|1772169156\n|switch|p2b: Calyrex|Calyrex-Shadow, L50, tera:Dark|100/100|[from] Parting Shot\n|-ability|p2b: Calyrex|As One\n|-ability|p2b: Calyrex|Unnerve\n|\n|upkeep\n|turn|4\n|inactive|plantscience has 30 seconds left.\n|\n|t:|1772169181\n|switch|p2b: Incineroar|Incineroar, L50, M, shiny|48/100\n|-ability|p2b: Incineroar|Intimidate|boost\n|-unboost|p1a: Chien-Pao|atk|1\n|-fail|p1b: Dragonite|unboost|Attack|[from] ability: Inner Focus|[of] p1b: Dragonite\n|switch|p1b: Zamazenta|Zamazenta-Crowned, L50|100/100\n|-ability|p1b: Zamazenta|Dauntless Shield|boost\n|-boost|p1b: Zamazenta|def|1\n|move|p2a: Zamazenta|Body Press|p1b: Zamazenta\n|-supereffective|p1b: Zamazenta\n|-damage|p1b: Zamazenta|29/100\n|move|p1a: Chien-Pao|Ruination|p2a: Zamazenta\n|-damage|p2a: Zamazenta|42/100\n|\n|-sideend|p2: jingscale|move: Tailwind\n|upkeep\n|turn|5\n|inactive|plantscience has 30 seconds left.\n|\n|t:|1772169206\n|move|p1b: Zamazenta|Protect|p1b: Zamazenta\n|-singleturn|p1b: Zamazenta|Protect\n|move|p2b: Incineroar|Fake Out|p1b: Zamazenta\n|-activate|p1b: Zamazenta|move: Protect\n|move|p1a: Chien-Pao|Ruination|p2b: Incineroar\n|-damage|p2b: Incineroar|24/100\n|move|p2a: Zamazenta|Body Press|p1a: Chien-Pao\n|-supereffective|p1a: Chien-Pao\n|-damage|p1a: Chien-Pao|0 fnt\n|faint|p1a: Chien-Pao\n|\n|upkeep\n|\n|t:|1772169219\n|switch|p1a: Dragonite|Dragonite, L50, M, tera:Normal|100/100\n|turn|6\n|\n|t:|1772169232\n|move|p2a: Zamazenta|Protect|p2a: Zamazenta\n|-singleturn|p2a: Zamazenta|Protect\n|move|p1a: Dragonite|Extreme Speed|p2b: Incineroar\n|-damage|p2b: Incineroar|0 fnt\n|-damage|p1a: Dragonite|84/100|[from] item: Rocky Helmet|[of] p2b: Incineroar\n|faint|p2b: Incineroar\n|move|p1b: Zamazenta|Body Press|p2a: Zamazenta\n|-activate|p2a: Zamazenta|move: Protect\n|\n|upkeep\n|\n|t:|1772169241\n|switch|p2b: Tornadus|Tornadus, L50, M, shiny|5/100\n|turn|7\n|\n|t:|1772169252\n|move|p2b: Tornadus|Protect|p2b: Tornadus\n|-singleturn|p2b: Tornadus|Protect\n|move|p1a: Dragonite|Extreme Speed|p2b: Tornadus\n|-activate|p2b: Tornadus|move: Protect\n|move|p1b: Zamazenta|Body Press|p2a: Zamazenta\n|-supereffective|p2a: Zamazenta\n|-damage|p2a: Zamazenta|0 fnt\n|faint|p2a: Zamazenta\n|\n|upkeep\n|\n|t:|1772169261\n|switch|p2a: Calyrex|Calyrex-Shadow, L50, tera:Dark|100/100\n|-ability|p2a: Calyrex|As One\n|-ability|p2a: Calyrex|Unnerve\n|turn|8\n|\n|t:|1772169272\n|move|p1b: Zamazenta|Protect|p1b: Zamazenta\n|-singleturn|p1b: Zamazenta|Protect\n|move|p1a: Dragonite|Extreme Speed|p2b: Tornadus\n|-damage|p2b: Tornadus|0 fnt\n|faint|p2b: Tornadus\n|move|p2a: Calyrex|Psychic|p1a: Dragonite\n|-damage|p1a: Dragonite|36/100\n|\n|upkeep\n|turn|9\n|-message|jingscale forfeited.\n|\n|win|plantscience\n|raw|plantscience's rating: 1360 &rarr; <strong>1391</strong><br />(+31 for winning)\n|raw|jingscale's rating: 1563 &rarr; <strong>1532</strong><br />(-31 for losing)\n|l|\u2606jingscale\n|player|p2|\n|l|\u2606plantscience\n|player|p1|\n","uploadtime":1772169495,"views":12,"formatid":"gen9vgc2026regi","rating":1391,"private":0,"password":null}