{"id":"gen9vgc2026regi-2573469437","format":"[Gen 9] VGC 2026 Reg I","players":["speedyturtle87","ArisHazard"],"log":"|j|\u2606speedyturtle87\n|j|\u2606ArisHazard\n|t:|1775139465\n|gametype|doubles\n|player|p1|speedyturtle87|canari|1538\n|player|p2|ArisHazard|266|1441\n|gen|9\n|tier|[Gen 9] VGC 2026 Reg I\n|rated|\n|rule|Species Clause: Limit one of each Pok\u00e9mon\n|rule|Item Clause: Limit 1 of each item\n|clearpoke\n|poke|p1|Volbeat, L50, M|\n|poke|p1|Kyogre, L50|\n|poke|p1|Calyrex-Ice, L50|\n|poke|p1|Landorus, L50, M|\n|poke|p1|Urshifu-*, L50, M|\n|poke|p1|Rillaboom, L50, M|\n|poke|p2|Calyrex-Ice, L50|\n|poke|p2|Hitmontop, L50, M|\n|poke|p2|Miraidon, L50|\n|poke|p2|Sableye, L50, M|\n|poke|p2|Ting-Lu, L50|\n|poke|p2|Volcarona, L50, F|\n|teampreview|4\n|inactive|Battle timer is ON: inactive players will automatically lose when time's up. (requested by speedyturtle87)\n|\n|t:|1775139491\n|teamsize|p1|4\n|teamsize|p2|4\n|start\n|switch|p1a: Volbeat|Volbeat, L50, M|100/100\n|switch|p1b: Landorus|Landorus, L50, M|100/100\n|switch|p2a: Miraidon|Miraidon, L50|100/100\n|switch|p2b: Hitmontop|Hitmontop, L50, M|100/100\n|-fieldstart|move: Electric Terrain|[from] ability: Hadron Engine|[of] p2a: Miraidon\n|-ability|p2b: Hitmontop|Intimidate|boost\n|-unboost|p1a: Volbeat|atk|1\n|-unboost|p1b: Landorus|atk|1\n|turn|1\n|\n|t:|1775139507\n|move|p2b: Hitmontop|Fake Out|p1b: Landorus\n|-damage|p1b: Landorus|91/100\n|move|p1a: Volbeat|Tailwind|p1a: Volbeat\n|-sidestart|p1: speedyturtle87|move: Tailwind\n|cant|p1b: Landorus|flinch\n|move|p2a: Miraidon|Volt Switch|p1a: Volbeat\n|-damage|p1a: Volbeat|45/100\n|\n|t:|1775139517\n|switch|p2a: Calyrex|Calyrex-Ice, L50|100/100|[from] Volt Switch\n|-ability|p2a: Calyrex|As One\n|-ability|p2a: Calyrex|Unnerve\n|\n|upkeep\n|turn|2\n|\n|t:|1775139528\n|-terastallize|p1b: Landorus|Steel\n|move|p1a: Volbeat|Encore|p2b: Hitmontop\n|-start|p2b: Hitmontop|Encore\n|move|p1b: Landorus|Earth Power|p2a: Calyrex\n|-damage|p2a: Calyrex|55/100\n|move|p2b: Hitmontop|Fake Out||[still]\n|-hint|Fake Out only works on your first turn out.\n|-fail|p2b: Hitmontop\n|move|p2a: Calyrex|Glacial Lance|p1a: Volbeat|[spread] p1a,p1b\n|-resisted|p1b: Landorus\n|-damage|p1a: Volbeat|0 fnt\n|-damage|p1b: Landorus|61/100\n|faint|p1a: Volbeat\n|-ability|p2a: Calyrex|Chilling Neigh|boost\n|-boost|p2a: Calyrex|atk|1\n|\n|upkeep\n|\n|t:|1775139537\n|switch|p1a: Urshifu|Urshifu, L50, M|100/100\n|turn|3\n|\n|t:|1775139552\n|switch|p2b: Sableye|Sableye, L50, M|100/100\n|switch|p2a: Miraidon|Miraidon, L50|100/100\n|-activate|p2a: Miraidon|ability: Hadron Engine\n|move|p1b: Landorus|Sandsear Storm|p2b: Sableye|[spread] p2b\n|-miss|p1b: Landorus|p2a: Miraidon\n|-damage|p2b: Sableye|34/100\n|-enditem|p2b: Sableye|Sitrus Berry|[eat]\n|-heal|p2b: Sableye|58/100|[from] item: Sitrus Berry\n|move|p1a: Urshifu|Wicked Blow|p2a: Miraidon\n|-crit|p2a: Miraidon\n|-damage|p2a: Miraidon|50/100\n|\n|upkeep\n|turn|4\n|\n|t:|1775139574\n|switch|p2a: Hitmontop|Hitmontop, L50, M|100/100\n|-ability|p2a: Hitmontop|Intimidate|boost\n|-unboost|p1a: Urshifu|atk|1\n|-unboost|p1b: Landorus|atk|1\n|move|p2b: Sableye|Encore|p1b: Landorus\n|-start|p1b: Landorus|Encore\n|move|p1b: Landorus|Sandsear Storm|p2a: Hitmontop|[spread] p2a,p2b\n|-damage|p2a: Hitmontop|57/100\n|-damage|p2b: Sableye|0 fnt\n|faint|p2b: Sableye\n|move|p1a: Urshifu|Wicked Blow|p2a: Hitmontop\n|-resisted|p2a: Hitmontop\n|-crit|p2a: Hitmontop\n|-damage|p2a: Hitmontop|20/100\n|\n|-sideend|p1: speedyturtle87|move: Tailwind\n|upkeep\n|\n|t:|1775139590\n|switch|p2b: Calyrex|Calyrex-Ice, L50|55/100\n|-ability|p2b: Calyrex|As One\n|-ability|p2b: Calyrex|Unnerve\n|turn|5\n|\n|t:|1775139601\n|-terastallize|p2b: Calyrex|Fire\n|move|p2a: Hitmontop|Wide Guard|p2a: Hitmontop\n|-singleturn|p2a: Hitmontop|Wide Guard\n|move|p1b: Landorus|Sandsear Storm|p2a: Hitmontop|[spread] \n|-activate|p2a: Hitmontop|move: Wide Guard\n|-activate|p2b: Calyrex|move: Wide Guard\n|move|p1a: Urshifu|Wicked Blow|p2b: Calyrex\n|-crit|p2b: Calyrex\n|-damage|p2b: Calyrex|13/100\n|move|p2b: Calyrex|Glacial Lance|p1a: Urshifu|[spread] p1a,p1b\n|-resisted|p1b: Landorus\n|-damage|p1a: Urshifu|46/100\n|-damage|p1b: Landorus|30/100\n|\n|-fieldend|move: Electric Terrain\n|upkeep\n|turn|6\n|\n|t:|1775139619\n|move|p2a: Hitmontop|Wide Guard|p2a: Hitmontop\n|-singleturn|p2a: Hitmontop|Wide Guard\n|move|p1b: Landorus|Sandsear Storm|p2a: Hitmontop|[spread] \n|-activate|p2a: Hitmontop|move: Wide Guard\n|-activate|p2b: Calyrex|move: Wide Guard\n|move|p1a: Urshifu|Wicked Blow|p2b: Calyrex\n|-crit|p2b: Calyrex\n|-damage|p2b: Calyrex|0 fnt\n|faint|p2b: Calyrex\n|\n|-end|p1b: Landorus|Encore\n|upkeep\n|-message|ArisHazard forfeited.\n|\n|win|speedyturtle87\n|raw|speedyturtle87's rating: 1538 &rarr; <strong>1553</strong><br />(+15 for winning)\n|raw|ArisHazard's rating: 1441 &rarr; <strong>1426</strong><br />(-15 for losing)\n|l|\u2606ArisHazard\n|player|p2|\n|l|\u2606speedyturtle87\n|player|p1|\n","uploadtime":1775139887,"views":11,"formatid":"gen9vgc2026regi","rating":1426,"private":0,"password":null}