{"id":"gen9vgc2026regi-2534937981","format":"[Gen 9] VGC 2026 Reg I","players":["j0l0k0","feeltheice05"],"log":"|j|\u2606j0l0k0\n|j|\u2606feeltheice05\n|t:|1770494648\n|gametype|doubles\n|player|p1|j0l0k0|brycen|1468\n|player|p2|feeltheice05|265|1409\n|gen|9\n|tier|[Gen 9] VGC 2026 Reg I\n|rated|\n|rule|Species Clause: Limit one of each Pok\u00e9mon\n|rule|Item Clause: Limit 1 of each item\n|clearpoke\n|poke|p1|Calyrex-Ice, L50|\n|poke|p1|Kyogre, L50|\n|poke|p1|Indeedee-F, L50, F|\n|poke|p1|Urshifu-*, L50, F|\n|poke|p1|Amoonguss, L50, F|\n|poke|p1|Landorus, L50, M|\n|poke|p2|Dondozo, L50, M|\n|poke|p2|Tatsugiri-Droopy, L50, F|\n|poke|p2|Miraidon, L50|\n|poke|p2|Iron Valiant, L50|\n|poke|p2|Zacian-*, L50|\n|poke|p2|Tornadus, L50, M|\n|teampreview|4\n|inactive|Battle timer is ON: inactive players will automatically lose when time's up. (requested by j0l0k0)\n|\n|t:|1770494662\n|teamsize|p1|4\n|teamsize|p2|4\n|start\n|switch|p1a: Indeedee|Indeedee-F, L50, F, shiny|100/100\n|switch|p1b: Calyrex|Calyrex-Ice, L50|100/100\n|switch|p2a: Iron Valiant|Iron Valiant, L50|100/100\n|switch|p2b: Dondozo|Dondozo, L50, M, shiny|100/100\n|-ability|p1b: Calyrex|As One\n|-ability|p1b: Calyrex|Unnerve\n|-fieldstart|move: Psychic Terrain|[from] ability: Psychic Surge|[of] p1a: Indeedee\n|turn|1\n|\n|t:|1770494684\n|-end|p2a: Iron Valiant|Quark Drive|[silent]\n|switch|p2a: Tatsugiri|Tatsugiri-Droopy, L50, F, shiny|100/100\n|-activate|p2a: Tatsugiri|ability: Commander|[of] p2b: Dondozo\n|-boost|p2b: Dondozo|atk|2\n|-boost|p2b: Dondozo|spa|2\n|-boost|p2b: Dondozo|spe|2\n|-boost|p2b: Dondozo|def|2\n|-boost|p2b: Dondozo|spd|2\n|move|p2b: Dondozo|Order Up|p1a: Indeedee\n|-damage|p1a: Indeedee|58/100\n|-boost|p2b: Dondozo|def|1\n|move|p1b: Calyrex|Glacial Lance|p2a: Tatsugiri|[spread] p2b\n|-miss|p1b: Calyrex|p2a: Tatsugiri\n|-resisted|p2b: Dondozo\n|-damage|p2b: Dondozo|93/100\n|move|p1a: Indeedee|Trick Room|p1a: Indeedee\n|-fieldstart|move: Trick Room|[of] p1a: Indeedee\n|\n|-heal|p2b: Dondozo|99/100|[from] item: Leftovers\n|upkeep\n|turn|2\n|\n|t:|1770494707\n|switch|p1a: Amoonguss|Amoonguss, L50, F, shiny|100/100\n|move|p1b: Calyrex|Glacial Lance|p2a: Tatsugiri|[spread] p2b\n|-miss|p1b: Calyrex|p2a: Tatsugiri\n|-resisted|p2b: Dondozo\n|-crit|p2b: Dondozo\n|-damage|p2b: Dondozo|72/100\n|move|p2b: Dondozo|Order Up|p1a: Amoonguss\n|-damage|p1a: Amoonguss|69/100\n|-boost|p2b: Dondozo|def|1\n|\n|-heal|p2b: Dondozo|78/100|[from] item: Leftovers\n|upkeep\n|turn|3\n|\n|t:|1770494721\n|move|p2b: Dondozo|Protect|p2b: Dondozo\n|-singleturn|p2b: Dondozo|Protect\n|move|p1a: Amoonguss|Clear Smog|p2b: Dondozo\n|-activate|p2b: Dondozo|move: Protect\n|move|p1b: Calyrex|Close Combat|p2b: Dondozo\n|-activate|p2b: Dondozo|move: Protect\n|\n|-heal|p2b: Dondozo|84/100|[from] item: Leftovers\n|upkeep\n|turn|4\n|\n|t:|1770494733\n|move|p1a: Amoonguss|Clear Smog|p2b: Dondozo\n|-damage|p2b: Dondozo|77/100\n|-clearboost|p2b: Dondozo\n|move|p1b: Calyrex|Close Combat|p2b: Dondozo\n|-damage|p2b: Dondozo|45/100\n|-unboost|p1b: Calyrex|def|1\n|-unboost|p1b: Calyrex|spd|1\n|move|p2b: Dondozo|Body Press|p1b: Calyrex\n|-damage|p1b: Calyrex|87/100\n|\n|-heal|p2b: Dondozo|51/100|[from] item: Leftovers\n|upkeep\n|turn|5\n|\n|t:|1770494753\n|move|p1a: Amoonguss|Spore|p2b: Dondozo\n|-status|p2b: Dondozo|slp|[from] move: Spore\n|move|p1b: Calyrex|Glacial Lance|p2a: Tatsugiri|[spread] p2b\n|-miss|p1b: Calyrex|p2a: Tatsugiri\n|-resisted|p2b: Dondozo\n|-damage|p2b: Dondozo|34/100 slp\n|cant|p2b: Dondozo|slp\n|\n|-heal|p2b: Dondozo|41/100 slp|[from] item: Leftovers\n|-fieldend|move: Trick Room\n|-fieldend|move: Psychic Terrain\n|upkeep\n|turn|6\n|\n|t:|1770494767\n|cant|p2b: Dondozo|slp\n|move|p1a: Amoonguss|Energy Ball|p2b: Dondozo\n|-supereffective|p2b: Dondozo\n|-damage|p2b: Dondozo|0 fnt\n|faint|p2b: Dondozo\n|move|p1b: Calyrex|Trick Room|p1b: Calyrex\n|-fieldstart|move: Trick Room|[of] p1b: Calyrex\n|\n|upkeep\n|\n|t:|1770494773\n|switch|p2b: Miraidon|Miraidon, L50|100/100\n|-fieldstart|move: Electric Terrain|[from] ability: Hadron Engine|[of] p2b: Miraidon\n|turn|7\n|inactive|feeltheice05 has 30 seconds left.\n|\n|t:|1770494799\n|-terastallize|p2b: Miraidon|Electric\n|move|p1a: Amoonguss|Rage Powder|p1a: Amoonguss\n|-singleturn|p1a: Amoonguss|move: Rage Powder\n|move|p1b: Calyrex|Glacial Lance|p2a: Tatsugiri|[spread] p2a,p2b\n|-damage|p2a: Tatsugiri|0 fnt\n|-damage|p2b: Miraidon|45/100\n|faint|p2a: Tatsugiri\n|-ability|p1b: Calyrex|Chilling Neigh|boost\n|-boost|p1b: Calyrex|atk|1\n|move|p2b: Miraidon|Electro Drift|p1a: Amoonguss\n|-resisted|p1a: Amoonguss\n|-damage|p1a: Amoonguss|7/100\n|-damage|p2b: Miraidon|29/100|[from] item: Rocky Helmet|[of] p1a: Amoonguss\n|\n|upkeep\n|\n|t:|1770494806\n|switch|p2a: Iron Valiant|Iron Valiant, L50|100/100\n|-activate|p2a: Iron Valiant|ability: Quark Drive\n|-start|p2a: Iron Valiant|quarkdrivespe\n|turn|8\n|-message|feeltheice05 forfeited.\n|\n|win|j0l0k0\n|raw|j0l0k0's rating: 1468 &rarr; <strong>1485</strong><br />(+17 for winning)\n|raw|feeltheice05's rating: 1409 &rarr; <strong>1392</strong><br />(-17 for losing)\n|l|\u2606feeltheice05\n|player|p2|\n|l|\u2606j0l0k0\n|player|p1|\n","uploadtime":1770494960,"views":23,"formatid":"gen9vgc2026regi","rating":1392,"private":0,"password":null}