{"id":"gen9vgc2026regi-2558917972","format":"[Gen 9] VGC 2026 Reg I","players":["AntonDGK","ArisHazard"],"log":"|j|\u2606AntonDGK\n|j|\u2606ArisHazard\n|t:|1773501531\n|gametype|doubles\n|player|p1|AntonDGK|265|1221\n|player|p2|ArisHazard|265|1314\n|gen|9\n|tier|[Gen 9] VGC 2026 Reg I\n|rated|\n|rule|Species Clause: Limit one of each Pok\u00e9mon\n|rule|Item Clause: Limit 1 of each item\n|clearpoke\n|poke|p1|Koraidon, L50|\n|poke|p1|Flutter Mane, L50|\n|poke|p1|Incineroar, L50, M|\n|poke|p1|Dialga, L50|\n|poke|p1|Ursaluna, L50, M|\n|poke|p1|Raging Bolt, L50|\n|poke|p2|Calyrex-Ice, L50|\n|poke|p2|Hitmontop, L50, M|\n|poke|p2|Miraidon, L50|\n|poke|p2|Sableye, L50, F|\n|poke|p2|Ting-Lu, L50|\n|poke|p2|Iron Valiant, L50|\n|teampreview|4\n|inactive|Battle timer is ON: inactive players will automatically lose when time's up. (requested by AntonDGK)\n|\n|t:|1773501549\n|teamsize|p1|4\n|teamsize|p2|4\n|start\n|switch|p1a: Dialga|Dialga, L50|100/100\n|switch|p1b: Ursaluna|Ursaluna, L50, M|100/100\n|switch|p2a: Calyrex|Calyrex-Ice, L50|100/100\n|switch|p2b: Hitmontop|Hitmontop, L50, M|100/100\n|-ability|p2a: Calyrex|As One\n|-ability|p2a: Calyrex|Unnerve\n|-ability|p2b: Hitmontop|Intimidate|boost\n|-unboost|p1a: Dialga|atk|1\n|-unboost|p1b: Ursaluna|atk|1\n|turn|1\n|inactive|AntonDGK has 30 seconds left.\n|\n|t:|1773501577\n|move|p1a: Dialga|Flash Cannon|p2a: Calyrex\n|-supereffective|p2a: Calyrex\n|-damage|p2a: Calyrex|32/100\n|move|p2b: Hitmontop|Coaching|p2a: Calyrex\n|-boost|p2a: Calyrex|atk|1\n|-boost|p2a: Calyrex|def|1\n|move|p2a: Calyrex|Stomping Tantrum|p1a: Dialga\n|-supereffective|p1a: Dialga\n|-damage|p1a: Dialga|33/100\n|move|p1b: Ursaluna|Crunch|p2a: Calyrex\n|-supereffective|p2a: Calyrex\n|-damage|p2a: Calyrex|10/100\n|\n|-status|p1b: Ursaluna|brn|[from] item: Flame Orb\n|upkeep\n|turn|2\n|inactive|AntonDGK has 30 seconds left.\n|\n|t:|1773501610\n|move|p2a: Calyrex|Protect|p2a: Calyrex\n|-singleturn|p2a: Calyrex|Protect\n|move|p1a: Dialga|Flash Cannon|p2a: Calyrex\n|-activate|p2a: Calyrex|move: Protect\n|move|p2b: Hitmontop|Close Combat|p1a: Dialga\n|-supereffective|p1a: Dialga\n|-damage|p1a: Dialga|0 fnt\n|-unboost|p2b: Hitmontop|def|1\n|-unboost|p2b: Hitmontop|spd|1\n|faint|p1a: Dialga\n|move|p1b: Ursaluna|Earthquake|p2b: Hitmontop|[spread] p2b\n|-activate|p2a: Calyrex|move: Protect\n|-damage|p2b: Hitmontop|25/100\n|\n|-damage|p1b: Ursaluna|95/100 brn|[from] brn\n|upkeep\n|\n|t:|1773501620\n|switch|p1a: Restricted No.2|Incineroar, L50, M|100/100\n|-ability|p1a: Restricted No.2|Intimidate|boost\n|-fail|p2a: Calyrex|unboost|[from] item: Clear Amulet|[of] p2a: Calyrex\n|-unboost|p2b: Hitmontop|atk|1\n|turn|3\n|\n|t:|1773501641\n|switch|p2b: Sableye|Sableye, L50, F|100/100\n|move|p2a: Calyrex|Protect|p2a: Calyrex\n|-singleturn|p2a: Calyrex|Protect\n|move|p1a: Restricted No.2|Fake Out|p2a: Calyrex\n|-activate|p2a: Calyrex|move: Protect\n|move|p1b: Ursaluna|Earthquake|p2a: Calyrex|[spread] p1a,p2b\n|-activate|p2a: Calyrex|move: Protect\n|-supereffective|p1a: Restricted No.2\n|-damage|p1a: Restricted No.2|25/100\n|-damage|p2b: Sableye|51/100\n|\n|-damage|p1b: Ursaluna|89/100 brn|[from] brn\n|upkeep\n|turn|4\n|\n|t:|1773501662\n|move|p2b: Sableye|Encore|p1b: Ursaluna\n|-start|p1b: Ursaluna|Encore\n|move|p1a: Restricted No.2|Knock Off|p2b: Sableye\n|-damage|p2b: Sableye|0 fnt\n|-enditem|p2b: Sableye|Sitrus Berry|[from] move: Knock Off|[of] p1a: Restricted No.2\n|faint|p2b: Sableye\n|move|p2a: Calyrex|Glacial Lance|p1b: Ursaluna|[spread] p1a,p1b\n|-resisted|p1a: Restricted No.2\n|-supereffective|p1b: Ursaluna\n|-damage|p1a: Restricted No.2|0 fnt\n|-damage|p1b: Ursaluna|0 fnt\n|faint|p1a: Restricted No.2\n|faint|p1b: Ursaluna\n|-ability|p2a: Calyrex|Chilling Neigh|boost\n|-boost|p2a: Calyrex|atk|2\n|\n|upkeep\n|\n|t:|1773501679\n|switch|p1a: Koraidon|Koraidon, L50|100/100\n|switch|p2b: Hitmontop|Hitmontop, L50, M|25/100\n|-weather|SunnyDay|[from] ability: Orichalcum Pulse|[of] p1a: Koraidon\n|-activate|p1a: Koraidon|Orichalcum Pulse|[source]\n|-ability|p2b: Hitmontop|Intimidate|boost\n|-fail|p1a: Koraidon|unboost|[from] item: Clear Amulet|[of] p1a: Koraidon\n|turn|5\n|\n|t:|1773501694\n|move|p1a: Koraidon|Protect|p1a: Koraidon\n|-singleturn|p1a: Koraidon|Protect\n|move|p2b: Hitmontop|Fake Out|p1a: Koraidon\n|-activate|p1a: Koraidon|move: Protect\n|move|p2a: Calyrex|Trick Room|p2a: Calyrex\n|-fieldstart|move: Trick Room|[of] p2a: Calyrex\n|\n|-weather|SunnyDay|[upkeep]\n|upkeep\n|turn|6\n|\n|t:|1773501704\n|-terastallize|p1a: Koraidon|Fire\n|move|p2a: Calyrex|Glacial Lance|p1a: Koraidon\n|-resisted|p1a: Koraidon\n|-damage|p1a: Koraidon|11/100\n|move|p2b: Hitmontop|Close Combat|p1a: Koraidon\n|-damage|p1a: Koraidon|0 fnt\n|-unboost|p2b: Hitmontop|def|1\n|-unboost|p2b: Hitmontop|spd|1\n|faint|p1a: Koraidon\n|\n|win|ArisHazard\n|raw|AntonDGK's rating: 1221 &rarr; <strong>1203</strong><br />(-18 for losing)\n|raw|ArisHazard's rating: 1314 &rarr; <strong>1329</strong><br />(+15 for winning)\n|l|\u2606AntonDGK\n|player|p1|\n|l|\u2606ArisHazard\n|player|p2|\n","uploadtime":1773501868,"views":17,"formatid":"gen9vgc2026regi","rating":1203,"private":0,"password":null}