{"id":"gen9vgc2026regi-2565987163","format":"[Gen 9] VGC 2026 Reg I","players":["Nhatpia","pigs2fly"],"log":"|j|\u2606Nhatpia\n|j|\u2606pigs2fly\n|t:|1774326347\n|gametype|doubles\n|player|p1|Nhatpia|swimmerf|1377\n|player|p2|pigs2fly|dexio|1498\n|gen|9\n|tier|[Gen 9] VGC 2026 Reg I\n|rated|\n|rule|Species Clause: Limit one of each Pok\u00e9mon\n|rule|Item Clause: Limit 1 of each item\n|clearpoke\n|poke|p1|Muk-Alola, L50, F|\n|poke|p1|Smeargle, L50, F|\n|poke|p1|Calyrex-Shadow, L50|\n|poke|p1|Zamazenta-*, L50|\n|poke|p1|Urshifu-*, L50, M|\n|poke|p1|Flamigo, L50, F|\n|poke|p2|Annihilape, L50, M|\n|poke|p2|Tornadus, L50, M|\n|poke|p2|Dondozo, L50, M|\n|poke|p2|Tatsugiri, L50, F|\n|poke|p2|Zacian-*, L50|\n|poke|p2|Kyogre, L50|\n|teampreview|4\n|\n|t:|1774326358\n|teamsize|p1|4\n|teamsize|p2|4\n|start\n|switch|p1a: V\u00f4 \u0111\u1ea1o|Muk-Alola, L50, F|100/100\n|switch|p1b: B\u1ea5t l\u01b0\u01a1ng|Smeargle, L50, F|100/100\n|switch|p2a: Kyogre|Kyogre, L50|100/100\n|switch|p2b: Zacian|Zacian-Crowned, L50, shiny|100/100\n|-ability|p2b: Zacian|Intrepid Sword|boost\n|-boost|p2b: Zacian|atk|1\n|-weather|RainDance|[from] ability: Drizzle|[of] p2a: Kyogre\n|turn|1\n|j| DudeGaming 25\n|\n|t:|1774326374\n|-terastallize|p2a: Kyogre|Ghost\n|-terastallize|p1a: V\u00f4 \u0111\u1ea1o|Water\n|move|p1b: B\u1ea5t l\u01b0\u01a1ng|Fake Out|p2a: Kyogre\n|-immune|p2a: Kyogre\n|move|p2b: Zacian|Behemoth Blade|p1b: B\u1ea5t l\u01b0\u01a1ng\n|-enditem|p1b: B\u1ea5t l\u01b0\u01a1ng|Focus Sash\n|-damage|p1b: B\u1ea5t l\u01b0\u01a1ng|1/100\n|move|p2a: Kyogre|Water Spout|p1b: B\u1ea5t l\u01b0\u01a1ng|[spread] p1a,p1b\n|-resisted|p1a: V\u00f4 \u0111\u1ea1o\n|-damage|p1a: V\u00f4 \u0111\u1ea1o|53/100\n|-damage|p1b: B\u1ea5t l\u01b0\u01a1ng|0 fnt\n|faint|p1b: B\u1ea5t l\u01b0\u01a1ng\n|-ability|p1a: V\u00f4 \u0111\u1ea1o|Moody|Power of Alchemy|[from] ability: Power of Alchemy|[of] p1b: B\u1ea5t l\u01b0\u01a1ng\n|move|p1a: V\u00f4 \u0111\u1ea1o|Minimize|p1a: V\u00f4 \u0111\u1ea1o\n|-boost|p1a: V\u00f4 \u0111\u1ea1o|evasion|2\n|\n|-weather|RainDance|[upkeep]\n|-heal|p1a: V\u00f4 \u0111\u1ea1o|59/100|[from] item: Leftovers\n|-ability|p1a: V\u00f4 \u0111\u1ea1o|Moody|boost\n|-boost|p1a: V\u00f4 \u0111\u1ea1o|spa|2\n|-unboost|p1a: V\u00f4 \u0111\u1ea1o|atk|1\n|upkeep\n|\n|t:|1774326383\n|switch|p1b: Calyrex|Calyrex-Shadow, L50|100/100\n|-ability|p1b: Calyrex|As One\n|-ability|p1b: Calyrex|Unnerve\n|turn|2\n|\n|t:|1774326388\n|move|p1b: Calyrex|Protect|p1b: Calyrex\n|-singleturn|p1b: Calyrex|Protect\n|move|p2b: Zacian|Crunch|p1b: Calyrex\n|-activate|p1b: Calyrex|move: Protect\n|move|p2a: Kyogre|Origin Pulse|p1b: Calyrex|[spread] \n|-activate|p1b: Calyrex|move: Protect\n|-miss|p2a: Kyogre|p1a: V\u00f4 \u0111\u1ea1o\n|move|p1a: V\u00f4 \u0111\u1ea1o|Minimize|p1a: V\u00f4 \u0111\u1ea1o\n|-boost|p1a: V\u00f4 \u0111\u1ea1o|evasion|2\n|\n|-weather|RainDance|[upkeep]\n|-heal|p1a: V\u00f4 \u0111\u1ea1o|65/100|[from] item: Leftovers\n|-ability|p1a: V\u00f4 \u0111\u1ea1o|Moody|boost\n|-boost|p1a: V\u00f4 \u0111\u1ea1o|spe|2\n|-unboost|p1a: V\u00f4 \u0111\u1ea1o|spa|1\n|upkeep\n|turn|3\n|\n|t:|1774326405\n|move|p1b: Calyrex|Psych Up|p1a: V\u00f4 \u0111\u1ea1o\n|-copyboost|p1b: Calyrex|p1a: V\u00f4 \u0111\u1ea1o|[from] move: Psych Up\n|move|p2b: Zacian|Crunch|p1b: Calyrex|[miss]\n|-miss|p2b: Zacian|p1b: Calyrex\n|move|p1a: V\u00f4 \u0111\u1ea1o|Minimize|p1a: V\u00f4 \u0111\u1ea1o\n|-boost|p1a: V\u00f4 \u0111\u1ea1o|evasion|2\n|move|p2a: Kyogre|Origin Pulse|p1b: Calyrex|[spread] p1b\n|-miss|p2a: Kyogre|p1a: V\u00f4 \u0111\u1ea1o\n|-damage|p1b: Calyrex|18/100\n|\n|-weather|RainDance|[upkeep]\n|-heal|p1a: V\u00f4 \u0111\u1ea1o|71/100|[from] item: Leftovers\n|-ability|p1a: V\u00f4 \u0111\u1ea1o|Moody|boost\n|-boost|p1a: V\u00f4 \u0111\u1ea1o|atk|2\n|-unboost|p1a: V\u00f4 \u0111\u1ea1o|spd|1\n|upkeep\n|turn|4\n|\n|t:|1774326428\n|move|p2b: Zacian|Protect|p2b: Zacian\n|-singleturn|p2b: Zacian|Protect\n|move|p1b: Calyrex|Psychic|p2b: Zacian\n|-activate|p2b: Zacian|move: Protect\n|move|p1a: V\u00f4 \u0111\u1ea1o|Knock Off|p2a: Kyogre\n|-supereffective|p2a: Kyogre\n|-damage|p2a: Kyogre|2/100\n|-enditem|p2a: Kyogre|Assault Vest|[from] move: Knock Off|[of] p1a: V\u00f4 \u0111\u1ea1o\n|move|p2a: Kyogre|Ice Beam|p1b: Calyrex|[miss]\n|-miss|p2a: Kyogre|p1b: Calyrex\n|\n|-weather|RainDance|[upkeep]\n|-heal|p1a: V\u00f4 \u0111\u1ea1o|77/100|[from] item: Leftovers\n|-ability|p1a: V\u00f4 \u0111\u1ea1o|Moody|boost\n|-boost|p1a: V\u00f4 \u0111\u1ea1o|spe|2\n|-unboost|p1a: V\u00f4 \u0111\u1ea1o|def|1\n|upkeep\n|turn|5\n|\n|t:|1774326439\n|switch|p2b: Tatsugiri|Tatsugiri, L50, F|100/100\n|switch|p2a: Dondozo|Dondozo, L50, M|100/100\n|-activate|p2b: Tatsugiri|ability: Commander|[of] p2a: Dondozo\n|-boost|p2a: Dondozo|atk|2\n|-boost|p2a: Dondozo|spa|2\n|-boost|p2a: Dondozo|spe|2\n|-boost|p2a: Dondozo|def|2\n|-boost|p2a: Dondozo|spd|2\n|move|p1b: Calyrex|Psychic|p2b: Tatsugiri|[miss]\n|-miss|p1b: Calyrex|p2b: Tatsugiri\n|move|p1a: V\u00f4 \u0111\u1ea1o|Knock Off|p2a: Dondozo\n|-damage|p2a: Dondozo|89/100\n|-enditem|p2a: Dondozo|Leftovers|[from] move: Knock Off|[of] p1a: V\u00f4 \u0111\u1ea1o\n|\n|-weather|none\n|-heal|p1a: V\u00f4 \u0111\u1ea1o|84/100|[from] item: Leftovers\n|-ability|p1a: V\u00f4 \u0111\u1ea1o|Moody|boost\n|-boost|p1a: V\u00f4 \u0111\u1ea1o|def|2\n|-unboost|p1a: V\u00f4 \u0111\u1ea1o|atk|1\n|upkeep\n|turn|6\n|j| zacattack110\n|\n|t:|1774326453\n|move|p1b: Calyrex|Psych Up|p2a: Dondozo\n|-copyboost|p1b: Calyrex|p2a: Dondozo|[from] move: Psych Up\n|move|p1a: V\u00f4 \u0111\u1ea1o|Poison Gas|p2a: Dondozo|[spread] \n|-miss|p1a: V\u00f4 \u0111\u1ea1o|p2b: Tatsugiri\n|-miss|p1a: V\u00f4 \u0111\u1ea1o|p2a: Dondozo\n|move|p2a: Dondozo|Earthquake|p1a: V\u00f4 \u0111\u1ea1o|[spread] p1a,p1b\n|-miss|p2a: Dondozo|p2b: Tatsugiri\n|-damage|p1a: V\u00f4 \u0111\u1ea1o|55/100\n|-damage|p1b: Calyrex|0 fnt\n|faint|p1b: Calyrex\n|\n|-heal|p1a: V\u00f4 \u0111\u1ea1o|61/100|[from] item: Leftovers\n|-ability|p1a: V\u00f4 \u0111\u1ea1o|Moody|boost\n|-boost|p1a: V\u00f4 \u0111\u1ea1o|def|2\n|-unboost|p1a: V\u00f4 \u0111\u1ea1o|spa|1\n|upkeep\n|\n|t:|1774326462\n|switch|p1b: Flamigo|Flamigo, L50, F|100/100\n|-copyboost|p1b: Flamigo|p1a: V\u00f4 \u0111\u1ea1o|[from] ability: Costar\n|-enditem|p1b: Flamigo|White Herb\n|-clearnegativeboost|p1b: Flamigo|[silent]\n|turn|7\n|\n|t:|1774326468\n|move|p1b: Flamigo|Substitute|p1b: Flamigo\n|-start|p1b: Flamigo|Substitute\n|-damage|p1b: Flamigo|76/100\n|move|p1a: V\u00f4 \u0111\u1ea1o|Poison Gas|p2a: Dondozo|[spread] p2a\n|-miss|p1a: V\u00f4 \u0111\u1ea1o|p2b: Tatsugiri\n|-status|p2a: Dondozo|psn\n|move|p2a: Dondozo|Order Up|p1b: Flamigo\n|-end|p1b: Flamigo|Substitute\n|-boost|p2a: Dondozo|atk|1\n|\n|-heal|p1a: V\u00f4 \u0111\u1ea1o|67/100|[from] item: Leftovers\n|-damage|p2a: Dondozo|77/100 psn|[from] psn\n|-ability|p1a: V\u00f4 \u0111\u1ea1o|Moody|boost\n|-boost|p1a: V\u00f4 \u0111\u1ea1o|atk|2\n|-unboost|p1a: V\u00f4 \u0111\u1ea1o|spe|1\n|upkeep\n|turn|8\n|\n|t:|1774326481\n|move|p1b: Flamigo|Acrobatics|p2a: Dondozo\n|-damage|p2a: Dondozo|58/100 psn\n|move|p1a: V\u00f4 \u0111\u1ea1o|Knock Off|p2a: Dondozo\n|-damage|p2a: Dondozo|49/100 psn\n|move|p2a: Dondozo|Order Up|p1a: V\u00f4 \u0111\u1ea1o\n|-damage|p1a: V\u00f4 \u0111\u1ea1o|25/100\n|-boost|p2a: Dondozo|atk|1\n|\n|-heal|p1a: V\u00f4 \u0111\u1ea1o|31/100|[from] item: Leftovers\n|-damage|p2a: Dondozo|37/100 psn|[from] psn\n|-ability|p1a: V\u00f4 \u0111\u1ea1o|Moody|boost\n|-boost|p1a: V\u00f4 \u0111\u1ea1o|spe|2\n|-unboost|p1a: V\u00f4 \u0111\u1ea1o|atk|1\n|upkeep\n|turn|9\n|\n|t:|1774326494\n|move|p1a: V\u00f4 \u0111\u1ea1o|Protect|p1a: V\u00f4 \u0111\u1ea1o\n|-singleturn|p1a: V\u00f4 \u0111\u1ea1o|Protect\n|move|p1b: Flamigo|Substitute|p1b: Flamigo\n|-start|p1b: Flamigo|Substitute\n|-damage|p1b: Flamigo|51/100\n|move|p2a: Dondozo|Order Up|p1a: V\u00f4 \u0111\u1ea1o\n|-activate|p1a: V\u00f4 \u0111\u1ea1o|move: Protect\n|\n|-heal|p1a: V\u00f4 \u0111\u1ea1o|37/100|[from] item: Leftovers\n|-damage|p2a: Dondozo|24/100 psn|[from] psn\n|-ability|p1a: V\u00f4 \u0111\u1ea1o|Moody|boost\n|-boost|p1a: V\u00f4 \u0111\u1ea1o|atk|2\n|-unboost|p1a: V\u00f4 \u0111\u1ea1o|spe|1\n|upkeep\n|turn|10\n|\n|t:|1774326513\n|move|p1b: Flamigo|Close Combat|p2a: Dondozo\n|-damage|p2a: Dondozo|5/100 psn\n|-unboost|p1b: Flamigo|def|1\n|-unboost|p1b: Flamigo|spd|1\n|move|p1a: V\u00f4 \u0111\u1ea1o|Knock Off|p2b: Tatsugiri|[miss]\n|-miss|p1a: V\u00f4 \u0111\u1ea1o|p2b: Tatsugiri\n|move|p2a: Dondozo|Order Up|p1a: V\u00f4 \u0111\u1ea1o\n|-damage|p1a: V\u00f4 \u0111\u1ea1o|0 fnt\n|faint|p1a: V\u00f4 \u0111\u1ea1o\n|-boost|p2a: Dondozo|atk|1\n|\n|-damage|p2a: Dondozo|0 fnt|[from] psn\n|faint|p2a: Dondozo\n|upkeep\n|\n|t:|1774326517\n|switch|p2a: Zacian|Zacian-Crowned, L50, shiny|100/100\n|turn|11\n|\n|t:|1774326523\n|move|p2a: Zacian|Protect|p2a: Zacian\n|-singleturn|p2a: Zacian|Protect\n|move|p1b: Flamigo|Close Combat|p2a: Zacian\n|-activate|p2a: Zacian|move: Protect\n|move|p2b: Tatsugiri|Dragon Pulse|p1b: Flamigo|[miss]\n|-miss|p2b: Tatsugiri|p1b: Flamigo\n|\n|upkeep\n|turn|12\n|inactive|Battle timer is ON: inactive players will automatically lose when time's up. (requested by Nhatpia)\n|\n|t:|1774326530\n|move|p1b: Flamigo|Close Combat|p2a: Zacian\n|-damage|p2a: Zacian|52/100\n|-unboost|p1b: Flamigo|def|1\n|-unboost|p1b: Flamigo|spd|1\n|move|p2a: Zacian|Play Rough|p1b: Flamigo|[miss]\n|-miss|p2a: Zacian|p1b: Flamigo\n|move|p2b: Tatsugiri|Dragon Pulse|p1b: Flamigo|[miss]\n|-miss|p2b: Tatsugiri|p1b: Flamigo\n|\n|upkeep\n|turn|13\n|l|\u2606Nhatpia\n|inactive|Nhatpia disconnected and has a minute to reconnect!\n|player|p1|\n|inactive|Nhatpia has 30 seconds left.\n|inactive|Nhatpia has 20 seconds left.\n|inactive|Nhatpia has 15 seconds left.\n|inactive|Nhatpia has 10 seconds left.\n|inactive|Nhatpia has 5 seconds left.\n|-message|Nhatpia lost due to inactivity.\n|\n|win|pigs2fly\n|raw|Nhatpia's rating: 1377 &rarr; <strong>1364</strong><br />(-13 for losing)\n|raw|pigs2fly's rating: 1498 &rarr; <strong>1511</strong><br />(+13 for winning)\n|j|\u2606Nhatpia\n|player|p1|Nhatpia|swimmerf|\n|l| DudeGaming 25\n|l|\u2606pigs2fly\n|player|p2|\n|l|\u2606Nhatpia\n|player|p1|\n","uploadtime":1774326845,"views":12,"formatid":"gen9vgc2026regi","rating":1364,"private":0,"password":null}