{"id":"gen9vgc2026regi-2589350961","format":"[Gen 9] VGC 2026 Reg I","players":["Cropterledresseur","SalmonintheGanges"],"log":"|j|\u2606Cropterledresseur\n|j|\u2606SalmonintheGanges\n|t:|1776716225\n|gametype|doubles\n|player|p1|Cropterledresseur|lady|1468\n|player|p2|SalmonintheGanges|fisherman|1573\n|gen|9\n|tier|[Gen 9] VGC 2026 Reg I\n|rated|\n|rule|Species Clause: Limit one of each Pok\u00e9mon\n|rule|Item Clause: Limit 1 of each item\n|clearpoke\n|poke|p1|Iron Hands, L50|\n|poke|p1|Chi-Yu, L50|\n|poke|p1|Zamazenta-*, L50|\n|poke|p1|Flutter Mane, L50|\n|poke|p1|Miraidon, L50|\n|poke|p1|Chien-Pao, L50|\n|poke|p2|Muk-Alola, L50, F|\n|poke|p2|Calyrex-Shadow, L50|\n|poke|p2|Terapagos, L50, M|\n|poke|p2|Smeargle, L50, M|\n|poke|p2|Flamigo, L50, M|\n|poke|p2|Zoroark-Hisui, L50, F|\n|teampreview|4\n|inactive|Battle timer is ON: inactive players will automatically lose when time's up. (requested by SalmonintheGanges)\n|\n|t:|1776716247\n|teamsize|p1|4\n|teamsize|p2|4\n|start\n|switch|p1a: Miraidon|Miraidon, L50|100/100\n|switch|p1b: Chi-Yu|Chi-Yu, L50|100/100\n|switch|p2a: Smeargle|Smeargle, L50, M|100/100\n|switch|p2b: Terapagos|Terapagos, L50, M|100/100\n|-activate|p2b: Terapagos|ability: Tera Shift\n|detailschange|p2b: Terapagos|Terapagos-Terastal, L50, M\n|-heal|p2b: Terapagos|100/100|[silent]\n|-ability|p1b: Chi-Yu|Beads of Ruin\n|-fieldstart|move: Electric Terrain|[from] ability: Hadron Engine|[of] p1a: Miraidon\n|turn|1\n|\n|t:|1776716262\n|-terastallize|p1a: Miraidon|Fairy\n|move|p2a: Smeargle|Wide Guard|p2a: Smeargle\n|-singleturn|p2a: Smeargle|Wide Guard\n|move|p1b: Chi-Yu|Snarl|p2b: Terapagos|[spread] \n|-activate|p2a: Smeargle|move: Wide Guard\n|-activate|p2b: Terapagos|move: Wide Guard\n|move|p1a: Miraidon|Dazzling Gleam|p2a: Smeargle|[spread] \n|-activate|p2a: Smeargle|move: Wide Guard\n|-activate|p2b: Terapagos|move: Wide Guard\n|move|p2b: Terapagos|Calm Mind|p2b: Terapagos\n|-boost|p2b: Terapagos|spa|1\n|-boost|p2b: Terapagos|spd|1\n|\n|-ability|p2a: Smeargle|Moody|boost\n|-boost|p2a: Smeargle|spa|2\n|-unboost|p2a: Smeargle|spe|1\n|upkeep\n|turn|2\n|\n|t:|1776716278\n|move|p2a: Smeargle|Wide Guard|p2a: Smeargle\n|-singleturn|p2a: Smeargle|Wide Guard\n|move|p1b: Chi-Yu|Snarl|p2b: Terapagos|[spread] \n|-activate|p2a: Smeargle|move: Wide Guard\n|-activate|p2b: Terapagos|move: Wide Guard\n|move|p1a: Miraidon|Electro Drift|p2b: Terapagos\n|-activate|p2b: Terapagos|ability: Tera Shell\n|-resisted|p2b: Terapagos\n|-damage|p2b: Terapagos|55/100\n|-damage|p1a: Miraidon|91/100|[from] item: Life Orb\n|move|p2b: Terapagos|Calm Mind|p2b: Terapagos\n|-boost|p2b: Terapagos|spa|1\n|-boost|p2b: Terapagos|spd|1\n|\n|-ability|p2a: Smeargle|Moody|boost\n|-boost|p2a: Smeargle|spa|2\n|-unboost|p2a: Smeargle|spe|1\n|upkeep\n|turn|3\n|\n|t:|1776716297\n|switch|p1b: Iron Hands|Iron Hands, L50|100/100\n|-activate|p1b: Iron Hands|ability: Quark Drive\n|-start|p1b: Iron Hands|quarkdriveatk\n|-terastallize|p2b: Terapagos|Stellar\n|detailschange|p2b: Terapagos|Terapagos-Stellar, L50, M, tera:Stellar\n|-heal|p2b: Terapagos|67/100|[silent]\n|-ability|p2b: Terapagos|Teraform Zero\n|-fieldend|move: Electric Terrain\n|-end|p1b: Iron Hands|Quark Drive\n|move|p2a: Smeargle|Wide Guard|p2a: Smeargle\n|-singleturn|p2a: Smeargle|Wide Guard\n|move|p1a: Miraidon|Electro Drift|p2b: Terapagos\n|-damage|p2b: Terapagos|44/100\n|-damage|p1a: Miraidon|81/100|[from] item: Life Orb\n|move|p2b: Terapagos|Tera Starstorm|p1b: Iron Hands|[spread] p1a,p1b\n|-supereffective|p1a: Miraidon\n|-crit|p1a: Miraidon\n|-damage|p1a: Miraidon|0 fnt\n|-damage|p1b: Iron Hands|58/100\n|faint|p1a: Miraidon\n|\n|-ability|p2a: Smeargle|Moody|boost\n|-boost|p2a: Smeargle|atk|2\n|-unboost|p2a: Smeargle|spa|1\n|upkeep\n|\n|t:|1776716317\n|switch|p1a: Zamazenta|Zamazenta-Crowned, L50|100/100\n|-ability|p1a: Zamazenta|Dauntless Shield|boost\n|-boost|p1a: Zamazenta|def|1\n|turn|4\n|\n|t:|1776716324\n|move|p1b: Iron Hands|Fake Out|p2a: Smeargle\n|-damage|p2a: Smeargle|64/100\n|move|p1a: Zamazenta|Body Press|p2b: Terapagos\n|-supereffective|p2b: Terapagos\n|-damage|p2b: Terapagos|0 fnt\n|faint|p2b: Terapagos\n|detailschange|p2: Terapagos|Terapagos, L50, M|[silent]\n|cant|p2a: Smeargle|flinch\n|\n|-ability|p2a: Smeargle|Moody|boost\n|-boost|p2a: Smeargle|spa|2\n|-unboost|p2a: Smeargle|atk|1\n|upkeep\n|\n|t:|1776716334\n|switch|p2b: Muk|Muk-Alola, L50, F|100/100\n|turn|5\n|l|\u2606SalmonintheGanges\n|inactive|SalmonintheGanges disconnected and has a minute to reconnect!\n|player|p2|\n|\n|t:|1776716352\n|move|p2b: Muk|Protect|p2b: Muk\n|-singleturn|p2b: Muk|Protect\n|move|p1a: Zamazenta|Body Press|p2b: Muk\n|-activate|p2b: Muk|move: Protect\n|move|p1b: Iron Hands|Drain Punch|p2a: Smeargle\n|-supereffective|p2a: Smeargle\n|-damage|p2a: Smeargle|0 fnt\n|-heal|p1b: Iron Hands|80/100|[from] drain|[of] p2a: Smeargle\n|faint|p2a: Smeargle\n|-ability|p2b: Muk|Moody|Power of Alchemy|[from] ability: Power of Alchemy|[of] p2a: Smeargle\n|\n|-ability|p2b: Muk|Moody|boost\n|-boost|p2b: Muk|def|2\n|-unboost|p2b: Muk|spe|1\n|upkeep\n|j|\u2606SalmonintheGanges\n|inactive|SalmonintheGanges reconnected and has 50 seconds left.\n|player|p2|SalmonintheGanges|fisherman|\n|\n|t:|1776716370\n|switch|p2a: Calyrex|Calyrex-Shadow, L50|100/100\n|-ability|p2a: Calyrex|As One\n|-ability|p2a: Calyrex|Unnerve\n|turn|6\n|\n|t:|1776716391\n|move|p2a: Calyrex|Astral Barrage|p1b: Iron Hands|[spread] p1a,p1b\n|-damage|p1a: Zamazenta|65/100\n|-damage|p1b: Iron Hands|52/100\n|move|p1a: Zamazenta|Body Press|p2b: Muk\n|-damage|p2b: Muk|63/100\n|move|p1b: Iron Hands|Wild Charge|p2b: Muk\n|-damage|p2b: Muk|38/100\n|-damage|p1b: Iron Hands|46/100|[from] Recoil\n|move|p2b: Muk|Minimize|p2b: Muk\n|-boost|p2b: Muk|evasion|2\n|\n|-heal|p2b: Muk|45/100|[from] item: Leftovers\n|-ability|p2b: Muk|Moody|boost\n|-boost|p2b: Muk|spd|2\n|-unboost|p2b: Muk|spe|1\n|upkeep\n|turn|7\n|\n|t:|1776716414\n|move|p2b: Muk|Protect|p2b: Muk\n|-singleturn|p2b: Muk|Protect\n|move|p1a: Zamazenta|Wide Guard|p1a: Zamazenta\n|-singleturn|p1a: Zamazenta|Wide Guard\n|move|p2a: Calyrex|Substitute|p2a: Calyrex\n|-start|p2a: Calyrex|Substitute\n|-damage|p2a: Calyrex|76/100\n|move|p1b: Iron Hands|Drain Punch|p2b: Muk\n|-activate|p2b: Muk|move: Protect\n|\n|-heal|p2b: Muk|51/100|[from] item: Leftovers\n|-ability|p2b: Muk|Moody|boost\n|-boost|p2b: Muk|atk|2\n|-unboost|p2b: Muk|spa|1\n|upkeep\n|turn|8\n|\n|t:|1776716427\n|move|p2a: Calyrex|Astral Barrage|p1b: Iron Hands|[spread] p1a,p1b\n|-damage|p1a: Zamazenta|36/100\n|-damage|p1b: Iron Hands|19/100\n|move|p1a: Zamazenta|Behemoth Bash|p2a: Calyrex\n|-end|p2a: Calyrex|Substitute\n|move|p1b: Iron Hands|Wild Charge|p2b: Muk|[miss]\n|-miss|p1b: Iron Hands|p2b: Muk\n|move|p2b: Muk|Minimize|p2b: Muk\n|-boost|p2b: Muk|evasion|2\n|\n|-heal|p2b: Muk|57/100|[from] item: Leftovers\n|-ability|p2b: Muk|Moody|boost\n|-boost|p2b: Muk|spa|2\n|-unboost|p2b: Muk|spe|1\n|upkeep\n|turn|9\n|\n|t:|1776716445\n|move|p2b: Muk|Protect|p2b: Muk\n|-singleturn|p2b: Muk|Protect\n|move|p2a: Calyrex|Substitute|p2a: Calyrex\n|-start|p2a: Calyrex|Substitute\n|-damage|p2a: Calyrex|51/100\n|move|p1a: Zamazenta|Behemoth Bash|p2a: Calyrex\n|-end|p2a: Calyrex|Substitute\n|move|p1b: Iron Hands|Low Kick|p2b: Muk\n|-activate|p2b: Muk|move: Protect\n|\n|-heal|p2b: Muk|63/100|[from] item: Leftovers\n|-ability|p2b: Muk|Moody|boost\n|-boost|p2b: Muk|spd|2\n|-unboost|p2b: Muk|atk|1\n|upkeep\n|turn|10\n|\n|t:|1776716462\n|move|p1a: Zamazenta|Wide Guard|p1a: Zamazenta\n|-singleturn|p1a: Zamazenta|Wide Guard\n|move|p2a: Calyrex|Psych Up|p2b: Muk\n|-copyboost|p2a: Calyrex|p2b: Muk|[from] move: Psych Up\n|move|p1b: Iron Hands|Wild Charge|p2a: Calyrex|[miss]\n|-miss|p1b: Iron Hands|p2a: Calyrex\n|move|p2b: Muk|Minimize|p2b: Muk\n|-boost|p2b: Muk|evasion|2\n|\n|-heal|p2b: Muk|69/100|[from] item: Leftovers\n|-ability|p2b: Muk|Moody|boost\n|-boost|p2b: Muk|spd|2\n|-unboost|p2b: Muk|spa|1\n|upkeep\n|turn|11\n|-message|Cropterledresseur forfeited.\n|\n|win|SalmonintheGanges\n|raw|Cropterledresseur's rating: 1468 &rarr; <strong>1454</strong><br />(-14 for losing)\n|raw|SalmonintheGanges's rating: 1573 &rarr; <strong>1587</strong><br />(+14 for winning)\n|l|\u2606Cropterledresseur\n|player|p1|\n|l|\u2606SalmonintheGanges\n|player|p2|\n|j|\u2606SalmonintheGanges\n|player|p2|SalmonintheGanges|fisherman|\n|l|\u2606SalmonintheGanges\n|player|p2|\n","uploadtime":1776716738,"views":10,"formatid":"gen9vgc2026regi","rating":1454,"private":0,"password":null}