{"id":"gen9vgc2026regi-2573651119","format":"[Gen 9] VGC 2026 Reg I","players":["EllenJoe2026","Dbzone9001"],"log":"|j|\u2606EllenJoe2026\n|j|\u2606Dbzone9001\n|t:|1775153824\n|gametype|doubles\n|player|p1|EllenJoe2026|elesa|1568\n|player|p2|Dbzone9001|1|1514\n|gen|9\n|tier|[Gen 9] VGC 2026 Reg I\n|rated|\n|rule|Species Clause: Limit one of each Pok\u00e9mon\n|rule|Item Clause: Limit 1 of each item\n|clearpoke\n|poke|p1|Calyrex-Ice, L50|\n|poke|p1|Miraidon, L50|\n|poke|p1|Tornadus, L50, M|\n|poke|p1|Urshifu-*, L50, F|\n|poke|p1|Volcarona, L50, F|\n|poke|p1|Indeedee-F, L50, F|\n|poke|p2|Calyrex-Ice, L50|\n|poke|p2|Miraidon, L50|\n|poke|p2|Pelipper, L50, M|\n|poke|p2|Iron Valiant, L50|\n|poke|p2|Iron Hands, L50|\n|poke|p2|Grimmsnarl, L50, M|\n|teampreview|4\n|inactive|Battle timer is ON: inactive players will automatically lose when time's up. (requested by EllenJoe2026)\n|inactive|Dbzone9001 has 60 seconds left.\n|\n|t:|1775153861\n|teamsize|p1|4\n|teamsize|p2|4\n|start\n|switch|p1a: Calyrex|Calyrex-Ice, L50|100/100\n|switch|p1b: Indeedee|Indeedee-F, L50, F, shiny|100/100\n|switch|p2a: Miraidon|Miraidon, L50|100/100\n|switch|p2b: Iron Valiant|Iron Valiant, L50|100/100\n|-ability|p1a: Calyrex|As One\n|-ability|p1a: Calyrex|Unnerve\n|-fieldstart|move: Electric Terrain|[from] ability: Hadron Engine|[of] p2a: Miraidon\n|-activate|p2b: Iron Valiant|ability: Quark Drive\n|-start|p2b: Iron Valiant|quarkdrivespe\n|-fieldstart|move: Psychic Terrain|[from] ability: Psychic Surge|[of] p1b: Indeedee\n|-end|p2b: Iron Valiant|Quark Drive\n|turn|1\n|inactive|EllenJoe2026 has 30 seconds left.\n|j| touchdownJulio\n|\n|t:|1775153889\n|move|p1b: Indeedee|Follow Me|p1b: Indeedee\n|-singleturn|p1b: Indeedee|move: Follow Me\n|move|p2a: Miraidon|Volt Switch|p1b: Indeedee\n|-damage|p1b: Indeedee|50/100\n|-enditem|p1b: Indeedee|Eject Button\n|-damage|p2a: Miraidon|91/100|[from] item: Life Orb\n|\n|t:|1775153898\n|switch|p1b: Volcarona|Volcarona, L50, F, shiny|100/100\n|move|p2b: Iron Valiant|Coaching|p2a: Miraidon\n|-boost|p2a: Miraidon|atk|1\n|-boost|p2a: Miraidon|def|1\n|move|p1a: Calyrex|Imprison|p1a: Calyrex\n|-start|p1a: Calyrex|move: Imprison\n|\n|upkeep\n|turn|2\n|inactive|Dbzone9001 has 30 seconds left.\n|c|\u2606Dbzone9001|Is that a bug? Why didn\u2019t I swap?\n|inactive|Dbzone9001 has 20 seconds left.\n|inactive|Dbzone9001 has 15 seconds left.\n|inactive|Dbzone9001 has 10 seconds left.\n|\n|t:|1775153946\n|move|p2b: Iron Valiant|Wide Guard|p2b: Iron Valiant\n|-singleturn|p2b: Iron Valiant|Wide Guard\n|move|p1b: Volcarona|Rage Powder|p1b: Volcarona\n|-singleturn|p1b: Volcarona|move: Rage Powder\n|move|p2a: Miraidon|Electro Drift|p1b: Volcarona\n|-damage|p1b: Volcarona|35/100\n|-damage|p2a: Miraidon|81/100|[from] item: Life Orb\n|move|p1a: Calyrex|Glacial Lance|p2b: Iron Valiant|[spread] \n|-activate|p2a: Miraidon|move: Wide Guard\n|-activate|p2b: Iron Valiant|move: Wide Guard\n|\n|upkeep\n|turn|3\n|inactive|Dbzone9001 has 30 seconds left.\n|\n|t:|1775153978\n|-terastallize|p1a: Calyrex|Grass\n|move|p2a: Miraidon|Volt Switch|p1b: Volcarona\n|-damage|p1b: Volcarona|0 fnt\n|faint|p1b: Volcarona\n|-damage|p2a: Miraidon|72/100|[from] item: Life Orb\n|\n|t:|1775153986\n|switch|p2a: Calyrex|Calyrex-Ice, L50|100/100|[from] Volt Switch\n|-ability|p2a: Calyrex|As One\n|-ability|p2a: Calyrex|Unnerve\n|move|p2b: Iron Valiant|Moonblast|p1a: Calyrex\n|-damage|p1a: Calyrex|65/100\n|move|p1a: Calyrex|Seed Bomb|p2b: Iron Valiant\n|-damage|p2b: Iron Valiant|40/100\n|\n|upkeep\n|c| touchdownJulio|got to be because of Eject button? weird interraction fs\n|\n|t:|1775154000\n|switch|p1b: Indeedee|Indeedee-F, L50, F, shiny|50/100\n|turn|4\n|\n|t:|1775154023\n|move|p2b: Iron Valiant|Moonblast|p1a: Calyrex\n|-damage|p1a: Calyrex|27/100\n|move|p1a: Calyrex|Seed Bomb|p2b: Iron Valiant\n|-damage|p2b: Iron Valiant|0 fnt\n|faint|p2b: Iron Valiant\n|-end|p2b: Iron Valiant|Quark Drive|[silent]\n|-ability|p1a: Calyrex|Chilling Neigh|boost\n|-boost|p1a: Calyrex|atk|1\n|move|p1b: Indeedee|Heal Pulse|p1a: Calyrex\n|-heal|p1a: Calyrex|77/100\n|move|p2a: Calyrex|Leech Seed|p1b: Indeedee|[miss]\n|-miss|p2a: Calyrex|p1b: Indeedee\n|\n|upkeep\n|\n|t:|1775154040\n|switch|p2b: Pelipper|Pelipper, L50, M|100/100\n|-weather|RainDance|[from] ability: Drizzle|[of] p2b: Pelipper\n|turn|5\n|\n|t:|1775154063\n|move|p2a: Calyrex|Protect|p2a: Calyrex\n|-singleturn|p2a: Calyrex|Protect\n|move|p1b: Indeedee|Follow Me|p1b: Indeedee\n|-singleturn|p1b: Indeedee|move: Follow Me\n|move|p1a: Calyrex|Seed Bomb|p2b: Pelipper\n|-damage|p2b: Pelipper|41/100\n|move|p2b: Pelipper|Weather Ball|p1b: Indeedee\n|-damage|p1b: Indeedee|0 fnt\n|faint|p1b: Indeedee\n|\n|-weather|RainDance|[upkeep]\n|-fieldend|move: Psychic Terrain\n|upkeep\n|\n|t:|1775154073\n|switch|p1b: Miraidon|Miraidon, L50, shiny|100/100\n|-fieldstart|move: Electric Terrain|[from] ability: Hadron Engine|[of] p1b: Miraidon\n|turn|6\n|\n|t:|1775154094\n|move|p1b: Miraidon|Electro Drift|p2a: Calyrex\n|-damage|p2a: Calyrex|10/100\n|move|p1a: Calyrex|Seed Bomb|p2b: Pelipper\n|-damage|p2b: Pelipper|0 fnt\n|faint|p2b: Pelipper\n|-ability|p1a: Calyrex|Chilling Neigh|boost\n|-boost|p1a: Calyrex|atk|1\n|move|p2a: Calyrex|Leech Seed|p1b: Miraidon\n|-start|p1b: Miraidon|move: Leech Seed\n|\n|-weather|RainDance|[upkeep]\n|-heal|p2a: Calyrex|16/100|[from] item: Leftovers\n|-damage|p1b: Miraidon|88/100|[from] Leech Seed|[of] p2a: Calyrex\n|-heal|p2a: Calyrex|27/100|[silent]\n|upkeep\n|\n|t:|1775154100\n|switch|p2b: Miraidon|Miraidon, L50|72/100\n|-activate|p2b: Miraidon|ability: Hadron Engine\n|turn|7\n|\n|t:|1775154107\n|-terastallize|p2b: Miraidon|Fairy\n|move|p2a: Calyrex|Protect|p2a: Calyrex\n|-singleturn|p2a: Calyrex|Protect\n|move|p1b: Miraidon|Electro Drift|p2a: Calyrex\n|-activate|p2a: Calyrex|move: Protect\n|move|p2b: Miraidon|Draco Meteor|p1a: Calyrex\n|-damage|p1a: Calyrex|0 fnt\n|-unboost|p2b: Miraidon|spa|2\n|faint|p1a: Calyrex\n|-damage|p2b: Miraidon|62/100|[from] item: Life Orb\n|\n|-weather|RainDance|[upkeep]\n|-heal|p2a: Calyrex|33/100|[from] item: Leftovers\n|-damage|p1b: Miraidon|75/100|[from] Leech Seed|[of] p2a: Calyrex\n|-heal|p2a: Calyrex|44/100|[silent]\n|upkeep\n|turn|8\n|j| iamanewbie2\n|\n|t:|1775154121\n|move|p1b: Miraidon|Electro Drift|p2a: Calyrex\n|-damage|p2a: Calyrex|0 fnt\n|faint|p2a: Calyrex\n|move|p2b: Miraidon|Draco Meteor|p1b: Miraidon\n|-supereffective|p1b: Miraidon\n|-damage|p1b: Miraidon|0 fnt\n|-unboost|p2b: Miraidon|spa|2\n|faint|p1b: Miraidon\n|-damage|p2b: Miraidon|53/100|[from] item: Life Orb\n|\n|win|Dbzone9001\n|raw|EllenJoe2026's rating: 1568 &rarr; <strong>1545</strong><br />(-23 for losing)\n|raw|Dbzone9001's rating: 1514 &rarr; <strong>1537</strong><br />(+23 for winning)\n|l|\u2606EllenJoe2026\n|player|p1|\n|l| touchdownJulio\n|l|\u2606Dbzone9001\n|player|p2|\n","uploadtime":1775154302,"views":19,"formatid":"gen9vgc2026regi","rating":1537,"private":0,"password":null}