{"id":"gen9vgc2026regi-2570060421","format":"[Gen 9] VGC 2026 Reg I","players":["blackred123","chappell murkroan"],"log":"|j|\u2606blackred123\n|j|\u2606chappell murkroan\n|t:|1774763297\n|gametype|doubles\n|player|p1|blackred123|iono-masters|1529\n|player|p2|chappell murkroan|caitlin|1524\n|gen|9\n|tier|[Gen 9] VGC 2026 Reg I\n|rated|\n|rule|Species Clause: Limit one of each Pok\u00e9mon\n|rule|Item Clause: Limit 1 of each item\n|clearpoke\n|poke|p1|Kyogre, L50|\n|poke|p1|Zamazenta-*, L50|\n|poke|p1|Chien-Pao, L50|\n|poke|p1|Amoonguss, L50, F|\n|poke|p1|Dragonite, L50, M|\n|poke|p1|Rillaboom, L50, M|\n|poke|p2|Dialga-Origin, L50|\n|poke|p2|Ursaluna, L50, M|\n|poke|p2|Tornadus, L50, M|\n|poke|p2|Incineroar, L50, F|\n|poke|p2|Urshifu-*, L50, F|\n|poke|p2|Terapagos, L50, M|\n|teampreview|4\n|inactive|Battle timer is ON: inactive players will automatically lose when time's up. (requested by chappell murkroan)\n|inactive|blackred123 also wants the timer to be on.\n|\n|t:|1774763322\n|teamsize|p1|4\n|teamsize|p2|4\n|start\n|switch|p1a: Kyogre|Kyogre, L50|100/100\n|switch|p1b: Rillaboom|Rillaboom, L50, M|100/100\n|switch|p2a: Tornadus|Tornadus, L50, M|100/100\n|switch|p2b: Terapagos|Terapagos, L50, M|100/100\n|-activate|p2b: Terapagos|ability: Tera Shift\n|detailschange|p2b: Terapagos|Terapagos-Terastal, L50, M\n|-heal|p2b: Terapagos|100/100|[silent]\n|-weather|RainDance|[from] ability: Drizzle|[of] p1a: Kyogre\n|-fieldstart|move: Grassy Terrain|[from] ability: Grassy Surge|[of] p1b: Rillaboom\n|turn|1\n|\n|t:|1774763336\n|move|p2a: Tornadus|Protect|p2a: Tornadus\n|-singleturn|p2a: Tornadus|Protect\n|move|p2b: Terapagos|Protect|p2b: Terapagos\n|-singleturn|p2b: Terapagos|Protect\n|move|p1b: Rillaboom|Fake Out|p2b: Terapagos\n|-activate|p2b: Terapagos|move: Protect\n|move|p1a: Kyogre|Water Spout|p2a: Tornadus|[spread] \n|-activate|p2a: Tornadus|move: Protect\n|-activate|p2b: Terapagos|move: Protect\n|\n|-weather|RainDance|[upkeep]\n|upkeep\n|turn|2\n|\n|t:|1774763353\n|switch|p1a: Zamazenta|Zamazenta-Crowned, L50|100/100\n|-ability|p1a: Zamazenta|Dauntless Shield|boost\n|-boost|p1a: Zamazenta|def|1\n|-terastallize|p2b: Terapagos|Stellar\n|detailschange|p2b: Terapagos|Terapagos-Stellar, L50, M, tera:Stellar\n|-heal|p2b: Terapagos|100/100|[silent]\n|-ability|p2b: Terapagos|Teraform Zero\n|-weather|none\n|-fieldend|move: Grassy Terrain\n|move|p2a: Tornadus|Bleakwind Storm|p1a: Zamazenta|[spread] \n|-miss|p2a: Tornadus|p1a: Zamazenta\n|-miss|p2a: Tornadus|p1b: Rillaboom\n|move|p2b: Terapagos|Meteor Beam||[still]\n|-prepare|p2b: Terapagos|Meteor Beam\n|-boost|p2b: Terapagos|spa|1\n|-enditem|p2b: Terapagos|Power Herb\n|-anim|p2b: Terapagos|Meteor Beam|p1a: Zamazenta\n|-resisted|p1a: Zamazenta\n|-damage|p1a: Zamazenta|86/100\n|move|p1b: Rillaboom|U-turn|p2b: Terapagos\n|-damage|p2b: Terapagos|84/100\n|\n|t:|1774763375\n|switch|p1b: Kyogre|Kyogre, L50|100/100|[from] U-turn\n|-weather|RainDance|[from] ability: Drizzle|[of] p1b: Kyogre\n|\n|-weather|RainDance|[upkeep]\n|upkeep\n|turn|3\n|\n|t:|1774763384\n|move|p2a: Tornadus|Tailwind|p2a: Tornadus\n|-sidestart|p2: chappell murkroan|move: Tailwind\n|move|p2b: Terapagos|Earth Power|p1a: Zamazenta\n|-supereffective|p1a: Zamazenta\n|-damage|p1a: Zamazenta|0 fnt\n|faint|p1a: Zamazenta\n|move|p1b: Kyogre|Thunder|p2a: Tornadus\n|-supereffective|p2a: Tornadus\n|-damage|p2a: Tornadus|0 fnt\n|faint|p2a: Tornadus\n|\n|-weather|RainDance|[upkeep]\n|upkeep\n|\n|t:|1774763396\n|switch|p1a: Rillaboom|Rillaboom, L50, M|100/100\n|switch|p2a: Urshifu|Urshifu-Rapid-Strike, L50, F|100/100\n|-fieldstart|move: Grassy Terrain|[from] ability: Grassy Surge|[of] p1a: Rillaboom\n|turn|4\n|\n|t:|1774763412\n|move|p2a: Urshifu|Protect|p2a: Urshifu\n|-singleturn|p2a: Urshifu|Protect\n|move|p2b: Terapagos|Protect|p2b: Terapagos\n|-singleturn|p2b: Terapagos|Protect\n|move|p1a: Rillaboom|Fake Out|p2a: Urshifu\n|-activate|p2a: Urshifu|move: Protect\n|move|p1b: Kyogre|Thunder|p2a: Urshifu\n|-activate|p2a: Urshifu|move: Protect\n|\n|-weather|RainDance|[upkeep]\n|-heal|p2b: Terapagos|90/100|[from] Grassy Terrain\n|upkeep\n|turn|5\n|\n|t:|1774763432\n|switch|p1b: Dragonite|Dragonite, L50, M|100/100\n|move|p1a: Rillaboom|Grassy Glide|p2a: Urshifu\n|-supereffective|p2a: Urshifu\n|-damage|p2a: Urshifu|32/100\n|move|p2a: Urshifu|Close Combat|p1b: Dragonite\n|-resisted|p1b: Dragonite\n|-damage|p1b: Dragonite|66/100\n|-unboost|p2a: Urshifu|def|1\n|-unboost|p2a: Urshifu|spd|1\n|move|p2b: Terapagos|Tera Starstorm|p1b: Dragonite|[spread] p1a,p1b\n|-damage|p1a: Rillaboom|53/100\n|-damage|p1b: Dragonite|1/100\n|\n|-weather|RainDance|[upkeep]\n|-heal|p2a: Urshifu|38/100|[from] Grassy Terrain\n|-heal|p2b: Terapagos|96/100|[from] Grassy Terrain\n|-heal|p1a: Rillaboom|59/100|[from] Grassy Terrain\n|upkeep\n|turn|6\n|inactive|blackred123 has 30 seconds left.\n|\n|t:|1774763458\n|-terastallize|p1b: Dragonite|Normal\n|move|p2a: Urshifu|Protect|p2a: Urshifu\n|-singleturn|p2a: Urshifu|Protect\n|move|p1b: Dragonite|Extreme Speed|p2b: Terapagos\n|-damage|p2b: Terapagos|46/100\n|move|p1a: Rillaboom|Grassy Glide|p2a: Urshifu\n|-activate|p2a: Urshifu|move: Protect\n|move|p2b: Terapagos|Tera Starstorm|p1b: Dragonite|[spread] p1a,p1b\n|-supereffective|p1b: Dragonite\n|-damage|p1a: Rillaboom|8/100\n|-damage|p1b: Dragonite|0 fnt\n|faint|p1b: Dragonite\n|\n|-weather|none\n|-heal|p2a: Urshifu|43/100|[from] Grassy Terrain\n|-heal|p2b: Terapagos|52/100|[from] Grassy Terrain\n|-heal|p1a: Rillaboom|14/100|[from] Grassy Terrain\n|-sideend|p2: chappell murkroan|move: Tailwind\n|upkeep\n|\n|t:|1774763463\n|switch|p1b: Kyogre|Kyogre, L50|100/100\n|-weather|RainDance|[from] ability: Drizzle|[of] p1b: Kyogre\n|turn|7\n|\n|t:|1774763483\n|move|p2a: Urshifu|Aqua Jet|p1a: Rillaboom\n|-resisted|p1a: Rillaboom\n|-damage|p1a: Rillaboom|0 fnt\n|faint|p1a: Rillaboom\n|move|p1b: Kyogre|Water Spout|p2b: Terapagos|[spread] p2a,p2b\n|-resisted|p2a: Urshifu\n|-damage|p2a: Urshifu|0 fnt\n|-damage|p2b: Terapagos|0 fnt\n|faint|p2a: Urshifu\n|faint|p2b: Terapagos\n|detailschange|p2: Terapagos|Terapagos, L50, M|[silent]\n|\n|-weather|RainDance|[upkeep]\n|upkeep\n|-message|chappell murkroan forfeited.\n|\n|win|blackred123\n|raw|blackred123's rating: 1529 &rarr; <strong>1549</strong><br />(+20 for winning)\n|raw|chappell murkroan's rating: 1524 &rarr; <strong>1504</strong><br />(-20 for losing)\n|l|\u2606chappell murkroan\n|player|p2|\n|l|\u2606blackred123\n|player|p1|\n","uploadtime":1774763694,"views":14,"formatid":"gen9vgc2026regi","rating":1504,"private":0,"password":null}