{"id":"gen9vgc2026regi-2566338924","format":"[Gen 9] VGC 2026 Reg I","players":["Bman311","Jigawoho"],"log":"|j|\u2606Bman311\n|j|\u2606Jigawoho\n|t:|1774368817\n|gametype|doubles\n|player|p1|Bman311|101|1361\n|player|p2|Jigawoho|169|1317\n|gen|9\n|tier|[Gen 9] VGC 2026 Reg I\n|rated|\n|rule|Species Clause: Limit one of each Pok\u00e9mon\n|rule|Item Clause: Limit 1 of each item\n|clearpoke\n|poke|p1|Calyrex-Shadow, L50|\n|poke|p1|Koraidon, L50|\n|poke|p1|Rillaboom, L50, F|\n|poke|p1|Incineroar, L50, M|\n|poke|p1|Volcarona, L50, M|\n|poke|p1|Regieleki, L50|\n|poke|p2|Terapagos, L50, M|\n|poke|p2|Incineroar, L50, M|\n|poke|p2|Farigiraf, L50, M|\n|poke|p2|Rillaboom, L50, F|\n|poke|p2|Calyrex-Ice, L50|\n|poke|p2|Flutter Mane, L50|\n|teampreview|4\n|inactive|Battle timer is ON: inactive players will automatically lose when time's up. (requested by Bman311)\n|\n|t:|1774368842\n|teamsize|p1|4\n|teamsize|p2|4\n|start\n|switch|p1a: Volcarona|Volcarona, L50, M|100/100\n|switch|p1b: Incineroar|Incineroar, L50, M|100/100\n|switch|p2a: Calyrex|Calyrex-Ice, L50|100/100\n|switch|p2b: Farigiraf|Farigiraf, L50, M|100/100\n|-ability|p2a: Calyrex|As One\n|-ability|p2a: Calyrex|Unnerve\n|-ability|p1b: Incineroar|Intimidate|boost\n|-fail|p2a: Calyrex|unboost|[from] item: Clear Amulet|[of] p2a: Calyrex\n|-unboost|p2b: Farigiraf|atk|1\n|turn|1\n|\n|t:|1774368863\n|move|p2a: Calyrex|Protect|p2a: Calyrex\n|-singleturn|p2a: Calyrex|Protect\n|move|p1a: Volcarona|Quiver Dance|p1a: Volcarona\n|-boost|p1a: Volcarona|spa|1\n|-boost|p1a: Volcarona|spd|1\n|-boost|p1a: Volcarona|spe|1\n|move|p1b: Incineroar|Roar|p2b: Farigiraf\n|drag|p2b: Incineroar|Incineroar, L50, M|100/100\n|-ability|p2b: Incineroar|Intimidate|boost\n|-unboost|p1a: Volcarona|atk|1\n|-unboost|p1b: Incineroar|atk|1\n|\n|upkeep\n|turn|2\n|inactive|Jigawoho has 30 seconds left.\n|inactive|Jigawoho has 20 seconds left.\n|\n|t:|1774368901\n|move|p2b: Incineroar|Fake Out|p1b: Incineroar\n|-damage|p1b: Incineroar|92/100\n|move|p1a: Volcarona|Quiver Dance|p1a: Volcarona\n|-boost|p1a: Volcarona|spa|1\n|-boost|p1a: Volcarona|spd|1\n|-boost|p1a: Volcarona|spe|1\n|move|p2a: Calyrex|Glacial Lance|p1b: Incineroar|[spread] p1a,p1b\n|-resisted|p1a: Volcarona\n|-resisted|p1b: Incineroar\n|-damage|p1a: Volcarona|72/100\n|-damage|p1b: Incineroar|72/100\n|cant|p1b: Incineroar|flinch\n|\n|-heal|p1a: Volcarona|79/100|[from] item: Leftovers\n|upkeep\n|turn|3\n|\n|t:|1774368920\n|-terastallize|p2a: Calyrex|Water\n|move|p1a: Volcarona|Fiery Dance|p2a: Calyrex\n|-resisted|p2a: Calyrex\n|-damage|p2a: Calyrex|74/100\n|-boost|p1a: Volcarona|spa|1\n|move|p1b: Incineroar|Knock Off|p2a: Calyrex\n|-damage|p2a: Calyrex|58/100\n|-enditem|p2a: Calyrex|Clear Amulet|[from] move: Knock Off|[of] p1b: Incineroar\n|move|p2b: Incineroar|Flare Blitz|p1a: Volcarona\n|-damage|p1a: Volcarona|29/100\n|-damage|p2b: Incineroar|85/100|[from] Recoil\n|move|p2a: Calyrex|Trick Room|p2a: Calyrex\n|-fieldstart|move: Trick Room|[of] p2a: Calyrex\n|\n|-heal|p1a: Volcarona|35/100|[from] item: Leftovers\n|upkeep\n|turn|4\n|\n|t:|1774368939\n|move|p1a: Volcarona|Protect|p1a: Volcarona\n|-singleturn|p1a: Volcarona|Protect\n|move|p2a: Calyrex|Glacial Lance|p1b: Incineroar|[spread] p1b\n|-activate|p1a: Volcarona|move: Protect\n|-resisted|p1b: Incineroar\n|-damage|p1b: Incineroar|52/100\n|move|p2b: Incineroar|Flare Blitz|p1b: Incineroar\n|-resisted|p1b: Incineroar\n|-damage|p1b: Incineroar|35/100\n|-damage|p2b: Incineroar|79/100|[from] Recoil\n|move|p1b: Incineroar|Parting Shot|p2a: Calyrex\n|-unboost|p2a: Calyrex|atk|1\n|-unboost|p2a: Calyrex|spa|1\n|\n|t:|1774368948\n|switch|p1b: Rillaboom|Rillaboom, L50, F|100/100|[from] Parting Shot\n|-fieldstart|move: Grassy Terrain|[from] ability: Grassy Surge|[of] p1b: Rillaboom\n|\n|-heal|p2a: Calyrex|63/100|[from] Grassy Terrain\n|-heal|p2b: Incineroar|85/100|[from] Grassy Terrain\n|-heal|p1a: Volcarona|41/100|[from] Grassy Terrain\n|-heal|p1a: Volcarona|47/100|[from] item: Leftovers\n|upkeep\n|turn|5\n|\n|t:|1774368959\n|switch|p1b: Incineroar|Incineroar, L50, M|35/100\n|-ability|p1b: Incineroar|Intimidate|boost\n|-unboost|p2a: Calyrex|atk|1\n|-unboost|p2b: Incineroar|atk|1\n|move|p2a: Calyrex|Leech Seed|p1a: Volcarona\n|-start|p1a: Volcarona|move: Leech Seed\n|move|p2b: Incineroar|Flare Blitz|p1b: Incineroar\n|-resisted|p1b: Incineroar\n|-damage|p1b: Incineroar|23/100\n|-damage|p2b: Incineroar|81/100|[from] Recoil\n|move|p1a: Volcarona|Giga Drain|p2a: Calyrex\n|-supereffective|p2a: Calyrex\n|-damage|p2a: Calyrex|0 fnt\n|-heal|p1a: Volcarona|81/100|[from] drain|[of] p2a: Calyrex\n|faint|p2a: Calyrex\n|\n|-heal|p2b: Incineroar|87/100|[from] Grassy Terrain\n|-heal|p1b: Incineroar|29/100|[from] Grassy Terrain\n|-heal|p1a: Volcarona|87/100|[from] Grassy Terrain\n|-heal|p1a: Volcarona|94/100|[from] item: Leftovers\n|upkeep\n|\n|t:|1774368972\n|switch|p2a: Terapagos|Terapagos, L50, M|100/100\n|-activate|p2a: Terapagos|ability: Tera Shift\n|detailschange|p2a: Terapagos|Terapagos-Terastal, L50, M\n|-heal|p2a: Terapagos|100/100|[silent]\n|turn|6\n|l|\u2606Bman311\n|inactive|Bman311 disconnected and has a minute to reconnect!\n|player|p1|\n|inactive|Bman311 has 30 seconds left.\n|inactive|Bman311 has 20 seconds left.\n|inactive|Bman311 has 15 seconds left.\n|inactive|Bman311 has 10 seconds left.\n|j|\u2606Bman311\n|inactive|Bman311 reconnected and has 10 seconds left.\n|player|p1|Bman311|101|\n|inactive|Bman311 has 5 seconds left.\n|\n|t:|1774369025\n|move|p2a: Terapagos|Protect|p2a: Terapagos\n|-singleturn|p2a: Terapagos|Protect\n|move|p1a: Volcarona|Protect|p1a: Volcarona\n|-singleturn|p1a: Volcarona|Protect\n|move|p2b: Incineroar|Flare Blitz|p1a: Volcarona\n|-activate|p1a: Volcarona|move: Protect\n|move|p1b: Incineroar|Parting Shot|p2a: Terapagos\n|-activate|p2a: Terapagos|move: Protect\n|\n|-heal|p2b: Incineroar|93/100|[from] Grassy Terrain\n|-heal|p1b: Incineroar|35/100|[from] Grassy Terrain\n|-heal|p1a: Volcarona|99/100|[from] Grassy Terrain\n|-heal|p1a: Volcarona|100/100|[from] item: Leftovers\n|-damage|p1a: Volcarona|88/100|[from] Leech Seed|[of] p2a: Terapagos\n|upkeep\n|turn|7\n|inactive|Jigawoho has 30 seconds left.\n|\n|t:|1774369054\n|move|p2b: Incineroar|Flare Blitz|p1a: Volcarona\n|-damage|p1a: Volcarona|55/100\n|-damage|p2b: Incineroar|83/100|[from] Recoil\n|move|p1b: Incineroar|Knock Off|p2a: Terapagos\n|-activate|p2a: Terapagos|ability: Tera Shell\n|-resisted|p2a: Terapagos\n|-damage|p2a: Terapagos|89/100\n|-enditem|p2a: Terapagos|Leftovers|[from] move: Knock Off|[of] p1b: Incineroar\n|move|p2a: Terapagos|Tera Starstorm|p1b: Incineroar\n|-damage|p1b: Incineroar|0 fnt\n|faint|p1b: Incineroar\n|move|p1a: Volcarona|Giga Drain|p2a: Terapagos\n|-damage|p2a: Terapagos|20/100\n|-heal|p1a: Volcarona|90/100|[from] drain|[of] p2a: Terapagos\n|\n|-heal|p2b: Incineroar|89/100|[from] Grassy Terrain\n|-heal|p2a: Terapagos|26/100|[from] Grassy Terrain\n|-heal|p1a: Volcarona|96/100|[from] Grassy Terrain\n|-heal|p1a: Volcarona|100/100|[from] item: Leftovers\n|-damage|p1a: Volcarona|88/100|[from] Leech Seed|[of] p2a: Terapagos\n|-heal|p2a: Terapagos|39/100|[silent]\n|-fieldend|move: Trick Room\n|upkeep\n|\n|t:|1774369070\n|switch|p1b: Koraidon|Koraidon, L50|100/100\n|-weather|SunnyDay|[from] ability: Orichalcum Pulse|[of] p1b: Koraidon\n|-activate|p1b: Koraidon|Orichalcum Pulse|[source]\n|turn|8\n|\n|t:|1774369080\n|move|p2a: Terapagos|Protect|p2a: Terapagos\n|-singleturn|p2a: Terapagos|Protect\n|move|p1a: Volcarona|Fiery Dance|p2a: Terapagos\n|-activate|p2a: Terapagos|move: Protect\n|move|p1b: Koraidon|Collision Course|p2b: Incineroar\n|-supereffective|p2b: Incineroar\n|-damage|p2b: Incineroar|0 fnt\n|faint|p2b: Incineroar\n|\n|-weather|SunnyDay|[upkeep]\n|-heal|p1a: Volcarona|94/100|[from] Grassy Terrain\n|-heal|p1a: Volcarona|100/100|[from] item: Leftovers\n|-heal|p2a: Terapagos|45/100|[from] Grassy Terrain\n|-damage|p1a: Volcarona|88/100|[from] Leech Seed|[of] p2a: Terapagos\n|-heal|p2a: Terapagos|57/100|[silent]\n|-fieldend|move: Grassy Terrain\n|upkeep\n|\n|t:|1774369085\n|switch|p2b: Farigiraf|Farigiraf, L50, M|100/100\n|turn|9\n|-message|Jigawoho forfeited.\n|\n|win|Bman311\n|raw|Bman311's rating: 1361 &rarr; <strong>1378</strong><br />(+17 for winning)\n|raw|Jigawoho's rating: 1317 &rarr; <strong>1300</strong><br />(-17 for losing)\n|l|\u2606Jigawoho\n|player|p2|\n","uploadtime":1774369093,"views":33,"formatid":"gen9vgc2026regi","rating":1300,"private":0,"password":null}