{"id":"gen9vgc2026regi-2520798750","format":"[Gen 9] VGC 2026 Reg I","players":["Kween Strom'","j0l0k0"],"log":"|j|\u203dKween Strom'\n|j|\u2606j0l0k0\n|t:|1768684003\n|gametype|doubles\n|player|p1|Kween Strom'|fantina|1142\n|player|p2|j0l0k0|brycen|1411\n|gen|9\n|tier|[Gen 9] VGC 2026 Reg I\n|rated|\n|rule|Species Clause: Limit one of each Pok\u00e9mon\n|rule|Item Clause: Limit 1 of each item\n|clearpoke\n|poke|p1|Kyogre, L50|\n|poke|p1|Dialga-Origin, L50|\n|poke|p1|Landorus-Therian, L50, M|\n|poke|p1|Lumineon, L50, M|\n|poke|p1|Thundurus, L50, M|\n|poke|p1|Urshifu-*, L50, M|\n|poke|p2|Calyrex-Ice, L50|\n|poke|p2|Kyogre, L50|\n|poke|p2|Indeedee-F, L50, F|\n|poke|p2|Urshifu-*, L50, F|\n|poke|p2|Amoonguss, L50, F|\n|poke|p2|Landorus, L50, M|\n|teampreview|4\n|inactive|Battle timer is ON: inactive players will automatically lose when time's up. (requested by Kween Strom')\n|inactive|j0l0k0 also wants the timer to be on.\n|inactive|Kween Strom' has 60 seconds left.\n|inactive|j0l0k0 has 60 seconds left.\n|inactive|j0l0k0 has 30 seconds left.\n|\n|t:|1768684068\n|teamsize|p1|4\n|teamsize|p2|4\n|start\n|switch|p1a: Kyogre|Kyogre, L50|100/100\n|switch|p1b: Lumineon|Lumineon, L50, M|100/100\n|switch|p2a: Kyogre|Kyogre, L50, shiny|100/100\n|switch|p2b: Landorus|Landorus, L50, M, shiny|100/100\n|-weather|RainDance|[from] ability: Drizzle|[of] p1a: Kyogre\n|turn|1\n|\n|t:|1768684086\n|-terastallize|p2a: Kyogre|Grass\n|move|p2b: Landorus|Protect|p2b: Landorus\n|-singleturn|p2b: Landorus|Protect\n|move|p1b: Lumineon|Tailwind|p1b: Lumineon\n|-sidestart|p1: Kween Strom'|move: Tailwind\n|move|p1a: Kyogre|Water Spout|p2a: Kyogre|[spread] p2a\n|-activate|p2b: Landorus|move: Protect\n|-resisted|p2a: Kyogre\n|-damage|p2a: Kyogre|76/100\n|move|p2a: Kyogre|Thunder|p1a: Kyogre\n|-supereffective|p1a: Kyogre\n|-damage|p1a: Kyogre|63/100\n|\n|-weather|RainDance|[upkeep]\n|upkeep\n|turn|2\n|inactive|Kween Strom' has 30 seconds left.\n|\n|t:|1768684114\n|switch|p2b: Urshifu|Urshifu, L50, F|100/100\n|move|p1b: Lumineon|Encore||[still]\n|-fail|p1b: Lumineon\n|move|p1a: Kyogre|Ice Beam|p2a: Kyogre\n|-supereffective|p2a: Kyogre\n|-damage|p2a: Kyogre|40/100\n|move|p2a: Kyogre|Thunder|p1a: Kyogre\n|-supereffective|p1a: Kyogre\n|-damage|p1a: Kyogre|18/100\n|\n|-weather|RainDance|[upkeep]\n|upkeep\n|turn|3\n|inactive|Kween Strom' has 30 seconds left.\n|\n|t:|1768684143\n|move|p1b: Lumineon|Flip Turn|p2a: Kyogre\n|-resisted|p2a: Kyogre\n|-damage|p2a: Kyogre|30/100\n|\n|t:|1768684147\n|switch|p1b: Urshifu|Urshifu-Rapid-Strike, L50, M|100/100|[from] Flip Turn\n|move|p1a: Kyogre|Ice Beam|p2a: Kyogre\n|-supereffective|p2a: Kyogre\n|-damage|p2a: Kyogre|0 fnt\n|faint|p2a: Kyogre\n|move|p2b: Urshifu|Wicked Blow|p1a: Kyogre\n|-crit|p1a: Kyogre\n|-damage|p1a: Kyogre|0 fnt\n|faint|p1a: Kyogre\n|\n|-weather|RainDance|[upkeep]\n|upkeep\n|\n|t:|1768684158\n|switch|p1a: Dialga|Dialga-Origin, L50|100/100\n|switch|p2a: Calyrex|Calyrex-Ice, L50|100/100\n|-ability|p2a: Calyrex|As One\n|-ability|p2a: Calyrex|Unnerve\n|turn|4\n|\n|t:|1768684169\n|move|p1b: Urshifu|Close Combat|p2a: Calyrex\n|-damage|p2a: Calyrex|40/100\n|-unboost|p1b: Urshifu|def|1\n|-unboost|p1b: Urshifu|spd|1\n|move|p1a: Dialga|Flash Cannon|p2a: Calyrex\n|-supereffective|p2a: Calyrex\n|-damage|p2a: Calyrex|0 fnt\n|faint|p2a: Calyrex\n|move|p2b: Urshifu|Close Combat|p1b: Urshifu\n|-damage|p1b: Urshifu|0 fnt\n|-unboost|p2b: Urshifu|def|1\n|-unboost|p2b: Urshifu|spd|1\n|faint|p1b: Urshifu\n|\n|-weather|RainDance|[upkeep]\n|-sideend|p1: Kween Strom'|move: Tailwind\n|upkeep\n|\n|t:|1768684182\n|switch|p1b: Lumineon|Lumineon, L50, M|100/100\n|switch|p2a: Landorus|Landorus, L50, M, shiny|100/100\n|turn|5\n|\n|t:|1768684198\n|move|p1b: Lumineon|Tailwind|p1b: Lumineon\n|-sidestart|p1: Kween Strom'|move: Tailwind\n|move|p1a: Dialga|Thunder|p2b: Urshifu\n|-enditem|p2b: Urshifu|Focus Sash\n|-damage|p2b: Urshifu|1/100\n|move|p2b: Urshifu|Wicked Blow|p1b: Lumineon\n|-crit|p1b: Lumineon\n|-damage|p1b: Lumineon|23/100\n|move|p2a: Landorus|Sandsear Storm|p1a: Dialga|[spread] p1a,p1b\n|-supereffective|p1a: Dialga\n|-damage|p1a: Dialga|0 fnt\n|-damage|p1b: Lumineon|0 fnt\n|faint|p1a: Dialga\n|faint|p1b: Lumineon\n|\n|win|j0l0k0\n|raw|Kween Strom&apos;'s rating: 1142 &rarr; <strong>1133</strong><br />(-9 for losing)\n|raw|j0l0k0's rating: 1411 &rarr; <strong>1418</strong><br />(+7 for winning)\n|l|\u2606j0l0k0\n|player|p2|\n|l|\u203dKween Strom'\n|player|p1|\n","uploadtime":1768684442,"views":20,"formatid":"gen9vgc2026regi","rating":1133,"private":0,"password":null}