{"id":"gen9vgc2026regi-2555785039","format":"[Gen 9] VGC 2026 Reg I","players":["jj11j1","mewten000"],"log":"|j|\u2606jj11j1\n|j|\u2606mewten000\n|t:|1773136009\n|gametype|doubles\n|player|p1|jj11j1|101|1450\n|player|p2|mewten000|101|1279\n|gen|9\n|tier|[Gen 9] VGC 2026 Reg I\n|rated|\n|rule|Species Clause: Limit one of each Pok\u00e9mon\n|rule|Item Clause: Limit 1 of each item\n|clearpoke\n|poke|p1|Kyogre, L50|\n|poke|p1|Calyrex-Ice, L50|\n|poke|p1|Landorus, L50, M|\n|poke|p1|Urshifu-*, L50, F|\n|poke|p1|Smeargle, L50, F|\n|poke|p1|Flutter Mane, L50|\n|poke|p2|Ho-Oh, L50|\n|poke|p2|Eternatus, L50|\n|poke|p2|Grimmsnarl, L50, M|\n|poke|p2|Qwilfish-Hisui, L50, F|\n|poke|p2|Ting-Lu, L50|\n|poke|p2|Sinistcha, L50|\n|teampreview|4\n|\n|t:|1773136040\n|teamsize|p1|4\n|teamsize|p2|4\n|start\n|switch|p1a: Landorus|Landorus, L50, M|100/100\n|switch|p1b: Calyrex|Calyrex-Ice, L50|100/100\n|switch|p2a: Eternatus|Eternatus, L50|100/100\n|switch|p2b: Grimmsnarl|Grimmsnarl, L50, M|100/100\n|-ability|p1b: Calyrex|As One\n|-ability|p1b: Calyrex|Unnerve\n|-ability|p2a: Eternatus|Pressure\n|turn|1\n|\n|t:|1773136062\n|-terastallize|p2a: Eternatus|Dark\n|-terastallize|p1b: Calyrex|Grass\n|move|p2b: Grimmsnarl|Reflect|p2b: Grimmsnarl\n|-sidestart|p2: mewten000|Reflect\n|move|p1a: Landorus|Sandsear Storm|p2a: Eternatus|[spread] p2a\n|-miss|p1a: Landorus|p2b: Grimmsnarl\n|-damage|p2a: Eternatus|61/100\n|move|p2a: Eternatus|Cosmic Power|p2a: Eternatus\n|-boost|p2a: Eternatus|def|1\n|-boost|p2a: Eternatus|spd|1\n|move|p1b: Calyrex|Trick Room|p1b: Calyrex\n|-fieldstart|move: Trick Room|[of] p1b: Calyrex\n|\n|upkeep\n|turn|2\n|\n|t:|1773136082\n|move|p2b: Grimmsnarl|Parting Shot|p1a: Landorus\n|-unboost|p1a: Landorus|atk|1\n|-unboost|p1a: Landorus|spa|1\n|\n|t:|1773136086\n|switch|p2b: Sinistcha|Sinistcha, L50|100/100|[from] Parting Shot\n|-heal|p2a: Eternatus|86/100|[from] ability: Hospitality|[of] p2b: Sinistcha\n|move|p1b: Calyrex|Glacial Lance|p2b: Sinistcha|[spread] p2a,p2b\n|-supereffective|p2b: Sinistcha\n|-damage|p2a: Eternatus|70/100\n|-damage|p2b: Sinistcha|26/100\n|move|p2a: Eternatus|Cosmic Power|p2a: Eternatus\n|-boost|p2a: Eternatus|def|1\n|-boost|p2a: Eternatus|spd|1\n|move|p1a: Landorus|Sandsear Storm|p2a: Eternatus|[spread] p2b\n|-miss|p1a: Landorus|p2a: Eternatus\n|-resisted|p2b: Sinistcha\n|-damage|p2b: Sinistcha|7/100\n|\n|upkeep\n|turn|3\n|\n|t:|1773136105\n|switch|p2b: Ho-Oh|Ho-Oh, L50|100/100\n|-ability|p2b: Ho-Oh|Pressure\n|switch|p1a: Kyogre|Kyogre, L50|100/100\n|-weather|RainDance|[from] ability: Drizzle|[of] p1a: Kyogre\n|move|p1b: Calyrex|Glacial Lance|p2b: Ho-Oh|[spread] p2a,p2b\n|-damage|p2a: Eternatus|56/100\n|-damage|p2b: Ho-Oh|70/100\n|move|p2a: Eternatus|Cosmic Power|p2a: Eternatus\n|-boost|p2a: Eternatus|def|1\n|-boost|p2a: Eternatus|spd|1\n|\n|-weather|RainDance|[upkeep]\n|-heal|p2b: Ho-Oh|76/100|[from] item: Leftovers\n|upkeep\n|turn|4\n|\n|t:|1773136124\n|move|p1a: Kyogre|Water Spout|p2b: Ho-Oh|[spread] p2a,p2b\n|-supereffective|p2b: Ho-Oh\n|-damage|p2a: Eternatus|28/100\n|-damage|p2b: Ho-Oh|0 fnt\n|faint|p2b: Ho-Oh\n|move|p1b: Calyrex|Glacial Lance|p2a: Eternatus\n|-damage|p2a: Eternatus|13/100\n|move|p2a: Eternatus|Recover|p2a: Eternatus\n|-heal|p2a: Eternatus|64/100\n|\n|-weather|RainDance|[upkeep]\n|upkeep\n|\n|t:|1773136135\n|switch|p2b: Grimmsnarl|Grimmsnarl, L50, M|100/100\n|turn|5\n|\n|t:|1773136141\n|move|p2b: Grimmsnarl|Light Screen|p2b: Grimmsnarl\n|-sidestart|p2: mewten000|move: Light Screen\n|move|p1a: Kyogre|Water Spout|p2b: Grimmsnarl|[spread] p2a,p2b\n|-crit|p2a: Eternatus\n|-damage|p2a: Eternatus|0 fnt\n|-damage|p2b: Grimmsnarl|39/100\n|faint|p2a: Eternatus\n|move|p1b: Calyrex|Glacial Lance|p2b: Grimmsnarl\n|-damage|p2b: Grimmsnarl|0 fnt\n|faint|p2b: Grimmsnarl\n|-ability|p1b: Calyrex|Chilling Neigh|boost\n|-boost|p1b: Calyrex|atk|1\n|\n|-weather|RainDance|[upkeep]\n|-fieldend|move: Trick Room\n|upkeep\n|-message|mewten000 forfeited.\n|\n|win|jj11j1\n|raw|jj11j1's rating: 1450 &rarr; <strong>1461</strong><br />(+11 for winning)\n|raw|mewten000's rating: 1279 &rarr; <strong>1265</strong><br />(-14 for losing)\n|l|\u2606mewten000\n|player|p2|\n|l|\u2606jj11j1\n|player|p1|\n","uploadtime":1773136352,"views":21,"formatid":"gen9vgc2026regi","rating":1265,"private":0,"password":null}