{"id":"gen9vgc2026regi-2587982243","format":"[Gen 9] VGC 2026 Reg I","players":["Vestibulan","Markingdra"],"log":"|j|\u2606Vestibulan\n|j|\u2606Markingdra\n|t:|1776588400\n|gametype|doubles\n|player|p1|Vestibulan|101|1419\n|player|p2|Markingdra|unknown|1563\n|gen|9\n|tier|[Gen 9] VGC 2026 Reg I\n|rated|\n|rule|Species Clause: Limit one of each Pok\u00e9mon\n|rule|Item Clause: Limit 1 of each item\n|clearpoke\n|poke|p1|Ninetales-Alola, L50, M|\n|poke|p1|Whimsicott, L50, M|\n|poke|p1|Zacian-*, L50|\n|poke|p1|Farigiraf, L50, F|\n|poke|p1|Terapagos, L50, M|\n|poke|p1|Cryogonal, L50|\n|poke|p2|Koraidon, L50|\n|poke|p2|Calyrex-Shadow, L50|\n|poke|p2|Incineroar, L50, F|\n|poke|p2|Brute Bonnet, L50|\n|poke|p2|Raging Bolt, L50|\n|poke|p2|Ogerpon-Cornerstone, L50, F|\n|teampreview|4\n|\n|t:|1776588458\n|teamsize|p1|4\n|teamsize|p2|4\n|start\n|switch|p1a: Cryogonal|Cryogonal, L50|100/100\n|switch|p1b: Ninetales|Ninetales-Alola, L50, M|100/100\n|switch|p2a: Koraidon|Koraidon, L50, shiny|100/100\n|switch|p2b: Incineroar|Incineroar, L50, F, shiny|100/100\n|-weather|Snowscape|[from] ability: Snow Warning|[of] p1b: Ninetales\n|-weather|SunnyDay|[from] ability: Orichalcum Pulse|[of] p2a: Koraidon\n|-activate|p2a: Koraidon|Orichalcum Pulse|[source]\n|-ability|p2b: Incineroar|Intimidate|boost\n|-unboost|p1a: Cryogonal|atk|1\n|-unboost|p1b: Ninetales|atk|1\n|turn|1\n|inactive|Battle timer is ON: inactive players will automatically lose when time's up. (requested by Markingdra)\n|\n|t:|1776588475\n|switch|p2b: Brute Bonnet|Brute Bonnet, L50, shiny|100/100\n|-activate|p2b: Brute Bonnet|ability: Protosynthesis\n|-start|p2b: Brute Bonnet|protosynthesisdef\n|-terastallize|p2a: Koraidon|Fire\n|move|p1b: Ninetales|Snowscape|p1b: Ninetales\n|-weather|Snowscape\n|-end|p2b: Brute Bonnet|Protosynthesis\n|move|p2a: Koraidon|Flame Charge|p1b: Ninetales\n|-supereffective|p1b: Ninetales\n|-damage|p1b: Ninetales|40/100\n|-boost|p2a: Koraidon|spe|1\n|move|p1a: Cryogonal|Acid Armor|p1a: Cryogonal\n|-boost|p1a: Cryogonal|def|2\n|\n|-weather|Snowscape|[upkeep]\n|upkeep\n|turn|2\n|\n|t:|1776588493\n|switch|p1b: Whimsicott|Whimsicott, L50, M|100/100\n|move|p2a: Koraidon|Flame Charge|p1b: Whimsicott\n|-supereffective|p1b: Whimsicott\n|-damage|p1b: Whimsicott|21/100\n|-boost|p2a: Koraidon|spe|1\n|move|p1a: Cryogonal|Blizzard|p2a: Koraidon|[spread] p2a,p2b\n|-resisted|p2a: Koraidon\n|-supereffective|p2b: Brute Bonnet\n|-damage|p2a: Koraidon|89/100\n|-damage|p2b: Brute Bonnet|54/100\n|move|p2b: Brute Bonnet|Spore|p1a: Cryogonal\n|-status|p1a: Cryogonal|slp|[from] move: Spore\n|\n|-weather|Snowscape|[upkeep]\n|upkeep\n|turn|3\n|\n|t:|1776588504\n|-end|p2b: Brute Bonnet|Protosynthesis|[silent]\n|switch|p2b: Calyrex|Calyrex-Shadow, L50|100/100\n|-ability|p2b: Calyrex|As One\n|-ability|p2b: Calyrex|Unnerve\n|move|p1b: Whimsicott|Tailwind|p1b: Whimsicott\n|-sidestart|p1: Vestibulan|move: Tailwind\n|move|p2a: Koraidon|Flame Charge|p1b: Whimsicott\n|-supereffective|p1b: Whimsicott\n|-damage|p1b: Whimsicott|0 fnt\n|-boost|p2a: Koraidon|spe|1\n|faint|p1b: Whimsicott\n|cant|p1a: Cryogonal|slp\n|\n|-weather|Snowscape|[upkeep]\n|upkeep\n|\n|t:|1776588512\n|switch|p1b: Terapagos|Terapagos, L50, M|100/100\n|-activate|p1b: Terapagos|ability: Tera Shift\n|detailschange|p1b: Terapagos|Terapagos-Terastal, L50, M\n|-heal|p1b: Terapagos|100/100|[silent]\n|turn|4\n|\n|t:|1776588534\n|-terastallize|p1b: Terapagos|Stellar\n|detailschange|p1b: Terapagos|Terapagos-Stellar, L50, M, tera:Stellar\n|-heal|p1b: Terapagos|100/100|[silent]\n|-ability|p1b: Terapagos|Teraform Zero\n|-weather|none\n|move|p2a: Koraidon|Flame Charge|p1b: Terapagos\n|-damage|p1b: Terapagos|76/100\n|-boost|p2a: Koraidon|spe|1\n|move|p1b: Terapagos|Tera Starstorm|p2a: Koraidon|[spread] p2a,p2b\n|-supereffective|p2a: Koraidon\n|-damage|p2a: Koraidon|0 fnt\n|-damage|p2b: Calyrex|40/100\n|faint|p2a: Koraidon\n|cant|p1a: Cryogonal|slp\n|move|p2b: Calyrex|Psychic|p1b: Terapagos\n|-damage|p1b: Terapagos|34/100\n|\n|upkeep\n|\n|t:|1776588538\n|switch|p2a: Incineroar|Incineroar, L50, F, shiny|100/100\n|-ability|p2a: Incineroar|Intimidate|boost\n|-unboost|p1a: Cryogonal|atk|1\n|-unboost|p1b: Terapagos|atk|1\n|turn|5\n|inactive|Vestibulan has 30 seconds left.\n|\n|t:|1776588566\n|switch|p1b: Ninetales|Ninetales-Alola, L50, M|40/100\n|-weather|Snowscape|[from] ability: Snow Warning|[of] p1b: Ninetales\n|switch|p2b: Brute Bonnet|Brute Bonnet, L50, shiny|54/100\n|move|p2a: Incineroar|Fake Out|p1b: Ninetales\n|-damage|p1b: Ninetales|29/100\n|cant|p1a: Cryogonal|slp\n|\n|-weather|Snowscape|[upkeep]\n|upkeep\n|turn|6\n|\n|t:|1776588579\n|move|p2a: Incineroar|Fake Out||[still]\n|-hint|Fake Out only works on your first turn out.\n|-fail|p2a: Incineroar\n|move|p1b: Ninetales|Aurora Veil|p1b: Ninetales\n|-sidestart|p1: Vestibulan|move: Aurora Veil\n|-curestatus|p1a: Cryogonal|slp|[msg]\n|move|p1a: Cryogonal|Blizzard|p2b: Brute Bonnet|[spread] p2a,p2b\n|-resisted|p2a: Incineroar\n|-supereffective|p2b: Brute Bonnet\n|-damage|p2a: Incineroar|90/100\n|-damage|p2b: Brute Bonnet|10/100\n|move|p2b: Brute Bonnet|Spore|p1b: Ninetales\n|-status|p1b: Ninetales|slp|[from] move: Spore\n|\n|-weather|Snowscape|[upkeep]\n|-sideend|p1: Vestibulan|move: Tailwind\n|upkeep\n|turn|7\n|\n|t:|1776588602\n|switch|p1b: Terapagos|Terapagos-Stellar, L50, M, tera:Stellar|34/100\n|move|p1a: Cryogonal|Blizzard|p2b: Brute Bonnet|[spread] p2a,p2b\n|-resisted|p2a: Incineroar\n|-supereffective|p2b: Brute Bonnet\n|-damage|p2a: Incineroar|79/100\n|-damage|p2b: Brute Bonnet|0 fnt\n|faint|p2b: Brute Bonnet\n|-end|p2b: Brute Bonnet|Protosynthesis|[silent]\n|move|p2a: Incineroar|Knock Off|p1a: Cryogonal\n|-damage|p1a: Cryogonal|86/100\n|-enditem|p1a: Cryogonal|Leftovers|[from] move: Knock Off|[of] p2a: Incineroar\n|\n|-weather|Snowscape|[upkeep]\n|upkeep\n|\n|t:|1776588604\n|switch|p2b: Calyrex|Calyrex-Shadow, L50|40/100\n|-ability|p2b: Calyrex|As One\n|-ability|p2b: Calyrex|Unnerve\n|turn|8\n|\n|t:|1776588615\n|move|p2a: Incineroar|Helping Hand|p2b: Calyrex\n|-singleturn|p2b: Calyrex|Helping Hand|[of] p2a: Incineroar\n|move|p2b: Calyrex|Psychic|p1b: Terapagos\n|-damage|p1b: Terapagos|0 fnt\n|faint|p1b: Terapagos\n|detailschange|p1: Terapagos|Terapagos, L50, M|[silent]\n|-ability|p2b: Calyrex|Grim Neigh|boost\n|-boost|p2b: Calyrex|spa|1\n|move|p1a: Cryogonal|Blizzard|p2a: Incineroar|[spread] p2a,p2b\n|-resisted|p2a: Incineroar\n|-damage|p2a: Incineroar|68/100\n|-damage|p2b: Calyrex|12/100\n|\n|-weather|Snowscape|[upkeep]\n|upkeep\n|\n|t:|1776588624\n|switch|p1b: Ninetales|Ninetales-Alola, L50, M|29/100 slp\n|turn|9\n|\n|t:|1776588630\n|move|p2a: Incineroar|Helping Hand|p2b: Calyrex\n|-singleturn|p2b: Calyrex|Helping Hand|[of] p2a: Incineroar\n|cant|p1b: Ninetales|slp\n|move|p2b: Calyrex|Astral Barrage|p1a: Cryogonal|[spread] p1a,p1b\n|-damage|p1a: Cryogonal|38/100\n|-damage|p1b: Ninetales|0 fnt\n|faint|p1b: Ninetales\n|-ability|p2b: Calyrex|Grim Neigh|boost\n|-boost|p2b: Calyrex|spa|1\n|move|p1a: Cryogonal|Blizzard|p2b: Calyrex|[spread] p2a,p2b\n|-resisted|p2a: Incineroar\n|-damage|p2a: Incineroar|57/100\n|-damage|p2b: Calyrex|0 fnt\n|faint|p2b: Calyrex\n|\n|-weather|none\n|upkeep\n|turn|10\n|\n|t:|1776588640\n|move|p1a: Cryogonal|Blizzard|p2a: Incineroar\n|-resisted|p2a: Incineroar\n|-crit|p2a: Incineroar\n|-damage|p2a: Incineroar|33/100\n|-status|p2a: Incineroar|frz\n|cant|p2a: Incineroar|frz\n|\n|-sideend|p1: Vestibulan|move: Aurora Veil\n|upkeep\n|turn|11\n|\n|t:|1776588650\n|move|p1a: Cryogonal|Recover|p1a: Cryogonal\n|-heal|p1a: Cryogonal|89/100\n|cant|p2a: Incineroar|frz\n|\n|upkeep\n|turn|12\n|\n|t:|1776588659\n|move|p1a: Cryogonal|Acid Armor|p1a: Cryogonal\n|-boost|p1a: Cryogonal|def|2\n|cant|p2a: Incineroar|frz\n|\n|upkeep\n|turn|13\n|\n|t:|1776588665\n|move|p1a: Cryogonal|Acid Armor|p1a: Cryogonal\n|-boost|p1a: Cryogonal|def|2\n|cant|p2a: Incineroar|frz\n|\n|upkeep\n|turn|14\n|\n|t:|1776588683\n|move|p1a: Cryogonal|Blizzard|p2a: Incineroar\n|-resisted|p2a: Incineroar\n|-damage|p2a: Incineroar|18/100 frz\n|cant|p2a: Incineroar|frz\n|\n|upkeep\n|turn|15\n|inactive|Vestibulan has 30 seconds left.\n|\n|t:|1776588716\n|move|p1a: Cryogonal|Blizzard|p2a: Incineroar|[miss]\n|-miss|p1a: Cryogonal|p2a: Incineroar\n|cant|p2a: Incineroar|frz\n|\n|upkeep\n|turn|16\n|inactive|Markingdra has 30 seconds left.\n|inactive|Markingdra has 20 seconds left.\n|inactive|Markingdra has 15 seconds left.\n|inactive|Markingdra has 10 seconds left.\n|inactive|Markingdra has 5 seconds left.\n|\n|t:|1776588771\n|cant|p2a: Incineroar|frz\n|move|p1a: Cryogonal|Flash Cannon|p2a: Incineroar\n|-resisted|p2a: Incineroar\n|-damage|p2a: Incineroar|11/100 frz\n|\n|upkeep\n|turn|17\n|inactive|Markingdra has 30 seconds left.\n|inactive|Markingdra has 20 seconds left.\n|inactive|Markingdra has 15 seconds left.\n|inactive|Markingdra has 10 seconds left.\n|inactive|Markingdra has 5 seconds left.\n|\n|t:|1776588826\n|cant|p2a: Incineroar|frz\n|move|p1a: Cryogonal|Flash Cannon|p2a: Incineroar\n|-resisted|p2a: Incineroar\n|-damage|p2a: Incineroar|4/100 frz\n|\n|upkeep\n|turn|18\n|inactive|Markingdra has 30 seconds left.\n|inactive|Markingdra has 20 seconds left.\n|inactive|Markingdra has 15 seconds left.\n|inactive|Markingdra has 10 seconds left.\n|inactive|Markingdra has 5 seconds left.\n|\n|t:|1776588882\n|cant|p2a: Incineroar|frz\n|move|p1a: Cryogonal|Flash Cannon|p2a: Incineroar\n|-resisted|p2a: Incineroar\n|-damage|p2a: Incineroar|0 fnt\n|faint|p2a: Incineroar\n|\n|win|Vestibulan\n|raw|Vestibulan's rating: 1419 &rarr; <strong>1447</strong><br />(+28 for winning)\n|raw|Markingdra's rating: 1563 &rarr; <strong>1535</strong><br />(-28 for losing)\n|l|\u2606Vestibulan\n|player|p1|\n|l|\u2606Markingdra\n|player|p2|\n","uploadtime":1776589043,"views":11,"formatid":"gen9vgc2026regi","rating":1447,"private":0,"password":null}