{"id":"gen9vgc2026regi-2540571464","format":"[Gen 9] VGC 2026 Reg I","players":["yubanmeiqin","alzombie"],"log":"|j|\u2606yubanmeiqin\n|j|\u2606alzombie\n|t:|1771219870\n|gametype|doubles\n|player|p1|yubanmeiqin|iono-masters|1549\n|player|p2|alzombie|102|1506\n|gen|9\n|tier|[Gen 9] VGC 2026 Reg I\n|rated|\n|rule|Species Clause: Limit one of each Pok\u00e9mon\n|rule|Item Clause: Limit 1 of each item\n|clearpoke\n|poke|p1|Calyrex-Shadow, L50|\n|poke|p1|Smeargle, L50, M|\n|poke|p1|Indeedee-F, L50, F|\n|poke|p1|Koraidon, L50|\n|poke|p1|Muk-Alola, L50, M|\n|poke|p1|Flamigo, L50, M|\n|poke|p2|Lunala, L50|\n|poke|p2|Ursaluna, L50, F|\n|poke|p2|Urshifu-*, L50, F|\n|poke|p2|Miraidon, L50|\n|poke|p2|Grimmsnarl, L50, M|\n|poke|p2|Incineroar, L50, F|\n|teampreview|4\n|\n|t:|1771219896\n|teamsize|p1|4\n|teamsize|p2|4\n|start\n|switch|p1a: Smeargle|Smeargle, L50, M|100/100\n|switch|p1b: Calyrex|Calyrex-Shadow, L50|100/100\n|switch|p2a: Grimmsnarl|Grimmsnarl, L50, M|100/100\n|switch|p2b: Incineroar|Incineroar, L50, F|100/100\n|-ability|p1b: Calyrex|As One\n|-ability|p1b: Calyrex|Unnerve\n|-ability|p2b: Incineroar|Intimidate|boost\n|-unboost|p1a: Smeargle|atk|1\n|-unboost|p1b: Calyrex|atk|1\n|turn|1\n|inactive|Battle timer is ON: inactive players will automatically lose when time's up. (requested by alzombie)\n|\n|t:|1771219912\n|-terastallize|p1b: Calyrex|Ghost\n|move|p1a: Smeargle|Fake Out|p2b: Incineroar\n|-damage|p2b: Incineroar|99/100\n|-damage|p1a: Smeargle|84/100|[from] item: Rocky Helmet|[of] p2b: Incineroar\n|move|p2a: Grimmsnarl|Taunt|p1a: Smeargle\n|-start|p1a: Smeargle|move: Taunt\n|move|p1b: Calyrex|Astral Barrage|p2a: Grimmsnarl|[spread] p2a,p2b\n|-resisted|p2a: Grimmsnarl\n|-resisted|p2b: Incineroar\n|-damage|p2a: Grimmsnarl|49/100\n|-damage|p2b: Incineroar|49/100\n|cant|p2b: Incineroar|flinch\n|\n|-ability|p1a: Smeargle|Moody|boost\n|-boost|p1a: Smeargle|spa|2\n|-unboost|p1a: Smeargle|def|1\n|upkeep\n|turn|2\n|inactive|yubanmeiqin has 30 seconds left.\n|inactive|yubanmeiqin has 20 seconds left.\n|\n|t:|1771219951\n|switch|p1b: Koraidon|Koraidon, L50|100/100\n|-weather|SunnyDay|[from] ability: Orichalcum Pulse|[of] p1b: Koraidon\n|-activate|p1b: Koraidon|Orichalcum Pulse|[source]\n|move|p1a: Smeargle|Feint|p2a: Grimmsnarl\n|-damage|p2a: Grimmsnarl|46/100\n|move|p2a: Grimmsnarl|Light Screen|p2a: Grimmsnarl\n|-sidestart|p2: alzombie|move: Light Screen\n|move|p2b: Incineroar|Knock Off|p1b: Koraidon\n|-resisted|p1b: Koraidon\n|-damage|p1b: Koraidon|86/100\n|-enditem|p1b: Koraidon|Choice Scarf|[from] move: Knock Off|[of] p2b: Incineroar\n|\n|-weather|SunnyDay|[upkeep]\n|-ability|p1a: Smeargle|Moody|boost\n|-boost|p1a: Smeargle|spd|2\n|-unboost|p1a: Smeargle|atk|1\n|upkeep\n|turn|3\n|inactive|yubanmeiqin has 30 seconds left.\n|j| blackred123\n|inactive|yubanmeiqin has 20 seconds left.\n|\n|t:|1771219991\n|switch|p1a: Calyrex|Calyrex-Shadow, L50, tera:Ghost|100/100\n|-ability|p1a: Calyrex|As One\n|-ability|p1a: Calyrex|Unnerve\n|switch|p2b: Lunala|Lunala, L50|100/100\n|move|p2a: Grimmsnarl|Reflect|p2a: Grimmsnarl\n|-sidestart|p2: alzombie|Reflect\n|move|p1b: Koraidon|Flare Blitz|p2a: Grimmsnarl\n|-damage|p2a: Grimmsnarl|0 fnt\n|faint|p2a: Grimmsnarl\n|-damage|p1b: Koraidon|69/100|[from] Recoil\n|\n|-weather|SunnyDay|[upkeep]\n|upkeep\n|inactive|alzombie has 30 seconds left.\n|\n|t:|1771220017\n|switch|p2a: Incineroar|Incineroar, L50, F|49/100\n|-ability|p2a: Incineroar|Intimidate|boost\n|-unboost|p1a: Calyrex|atk|1\n|-unboost|p1b: Koraidon|atk|1\n|turn|4\n|inactive|alzombie has 30 seconds left.\n|\n|t:|1771220047\n|switch|p1a: Indeedee|Indeedee-F, L50, F|100/100\n|-fieldstart|move: Psychic Terrain|[from] ability: Psychic Surge|[of] p1a: Indeedee\n|switch|p2a: Miraidon|Miraidon, L50|100/100\n|-fieldstart|move: Electric Terrain|[from] ability: Hadron Engine|[of] p2a: Miraidon\n|-enditem|p2b: Lunala|Electric Seed\n|-boost|p2b: Lunala|def|1|[from] item: Electric Seed\n|-terastallize|p2b: Lunala|Fairy\n|move|p1b: Koraidon|Collision Course|p2a: Miraidon\n|-damage|p2a: Miraidon|71/100\n|move|p2b: Lunala|Trick Room|p2b: Lunala\n|-fieldstart|move: Trick Room|[of] p2b: Lunala\n|\n|-weather|SunnyDay|[upkeep]\n|upkeep\n|turn|5\n|inactive|yubanmeiqin has 30 seconds left.\n|inactive|alzombie has 30 seconds left.\n|inactive|yubanmeiqin has 20 seconds left.\n|inactive|yubanmeiqin has 15 seconds left.\n|inactive|yubanmeiqin has 10 seconds left.\n|\n|t:|1771220093\n|move|p1a: Indeedee|Follow Me|p1a: Indeedee\n|-singleturn|p1a: Indeedee|move: Follow Me\n|move|p2b: Lunala|Moonblast|p1a: Indeedee\n|-damage|p1a: Indeedee|48/100\n|move|p2a: Miraidon|Volt Switch|p1a: Indeedee\n|-damage|p1a: Indeedee|0 fnt\n|faint|p1a: Indeedee\n|\n|t:|1771220102\n|switch|p2a: Incineroar|Incineroar, L50, F|49/100|[from] Volt Switch\n|-ability|p2a: Incineroar|Intimidate|boost\n|-unboost|p1b: Koraidon|atk|1\n|move|p1b: Koraidon|U-turn|p2a: Incineroar\n|-damage|p2a: Incineroar|41/100\n|-damage|p1b: Koraidon|53/100|[from] item: Rocky Helmet|[of] p2a: Incineroar\n|\n|t:|1771220112\n|switch|p1b: Calyrex|Calyrex-Shadow, L50, tera:Ghost|100/100|[from] U-turn\n|-ability|p1b: Calyrex|As One\n|-ability|p1b: Calyrex|Unnerve\n|\n|-weather|SunnyDay|[upkeep]\n|upkeep\n|\n|t:|1771220121\n|switch|p1a: Smeargle|Smeargle, L50, M|84/100\n|turn|6\n|\n|t:|1771220131\n|move|p1a: Smeargle|Fake Out|p2b: Lunala\n|-damage|p2b: Lunala|99/100\n|move|p2a: Incineroar|Knock Off|p1b: Calyrex\n|-supereffective|p1b: Calyrex\n|-damage|p1b: Calyrex|10/100\n|-enditem|p1b: Calyrex|Choice Specs|[from] move: Knock Off|[of] p2a: Incineroar\n|cant|p2b: Lunala|flinch\n|move|p1b: Calyrex|Astral Barrage|p2b: Lunala|[spread] p2a,p2b\n|-resisted|p2a: Incineroar\n|-damage|p2a: Incineroar|17/100\n|-damage|p2b: Lunala|65/100\n|\n|-weather|none\n|-ability|p1a: Smeargle|Moody|boost\n|-boost|p1a: Smeargle|spa|2\n|-unboost|p1a: Smeargle|atk|1\n|upkeep\n|turn|7\n|inactive|yubanmeiqin has 30 seconds left.\n|inactive|alzombie has 30 seconds left.\n|inactive|yubanmeiqin has 20 seconds left.\n|\n|t:|1771220168\n|move|p1a: Smeargle|Follow Me|p1a: Smeargle\n|-singleturn|p1a: Smeargle|move: Follow Me\n|move|p2a: Incineroar|Knock Off|p1a: Smeargle\n|-damage|p1a: Smeargle|14/100\n|-enditem|p1a: Smeargle|Focus Sash|[from] move: Knock Off|[of] p2a: Incineroar\n|move|p2b: Lunala|Moonblast|p1a: Smeargle\n|-damage|p1a: Smeargle|0 fnt\n|faint|p1a: Smeargle\n|move|p1b: Calyrex|Shadow Ball|p2b: Lunala\n|-damage|p2b: Lunala|29/100\n|\n|upkeep\n|\n|t:|1771220179\n|switch|p1a: Koraidon|Koraidon, L50|53/100\n|-weather|SunnyDay|[from] ability: Orichalcum Pulse|[of] p1a: Koraidon\n|-activate|p1a: Koraidon|Orichalcum Pulse|[source]\n|turn|8\n|\n|t:|1771220194\n|move|p2a: Incineroar|Parting Shot|p1a: Koraidon\n|-unboost|p1a: Koraidon|atk|1\n|-unboost|p1a: Koraidon|spa|1\n|\n|t:|1771220198\n|switch|p2a: Miraidon|Miraidon, L50|71/100|[from] Parting Shot\n|-activate|p2a: Miraidon|ability: Hadron Engine\n|move|p2b: Lunala|Moonblast|p1a: Koraidon\n|-supereffective|p1a: Koraidon\n|-damage|p1a: Koraidon|0 fnt\n|faint|p1a: Koraidon\n|move|p1b: Calyrex|Astral Barrage|p2a: Miraidon|[spread] p2a,p2b\n|-damage|p2a: Miraidon|46/100\n|-damage|p2b: Lunala|0 fnt\n|faint|p2b: Lunala\n|-ability|p1b: Calyrex|Grim Neigh|boost\n|-boost|p1b: Calyrex|spa|1\n|\n|-weather|SunnyDay|[upkeep]\n|-fieldend|move: Trick Room\n|-fieldend|move: Electric Terrain\n|upkeep\n|\n|t:|1771220215\n|switch|p2b: Incineroar|Incineroar, L50, F|17/100\n|-ability|p2b: Incineroar|Intimidate|boost\n|-unboost|p1b: Calyrex|atk|1\n|turn|9\n|\n|t:|1771220223\n|move|p1b: Calyrex|Astral Barrage|p2a: Miraidon|[spread] p2a,p2b\n|-resisted|p2b: Incineroar\n|-damage|p2a: Miraidon|11/100\n|-damage|p2b: Incineroar|0 fnt\n|faint|p2b: Incineroar\n|-ability|p1b: Calyrex|Grim Neigh|boost\n|-boost|p1b: Calyrex|spa|1\n|move|p2a: Miraidon|Volt Switch|p1b: Calyrex\n|-damage|p1b: Calyrex|0 fnt\n|faint|p1b: Calyrex\n|\n|win|alzombie\n|raw|yubanmeiqin's rating: 1549 &rarr; <strong>1527</strong><br />(-22 for losing)\n|raw|alzombie's rating: 1506 &rarr; <strong>1528</strong><br />(+22 for winning)\n|l|\u2606yubanmeiqin\n|player|p1|\n|l|\u2606alzombie\n|player|p2|\n","uploadtime":1771220485,"views":41,"formatid":"gen9vgc2026regi","rating":1527,"private":0,"password":null}