{"id":"gen9vgc2026regi-2560806820","format":"[Gen 9] VGC 2026 Reg I","players":["slimeslatt252","sheeshshane925"],"log":"|j|\u2606slimeslatt252\n|j|\u2606sheeshshane925\n|t:|1773729883\n|gametype|doubles\n|player|p1|slimeslatt252|101|1425\n|player|p2|sheeshshane925|chuck|1536\n|gen|9\n|tier|[Gen 9] VGC 2026 Reg I\n|rated|\n|rule|Species Clause: Limit one of each Pok\u00e9mon\n|rule|Item Clause: Limit 1 of each item\n|clearpoke\n|poke|p1|Miraidon, L50|\n|poke|p1|Calyrex-Ice, L50|\n|poke|p1|Amoonguss, L50, F|\n|poke|p1|Incineroar, L50, M|\n|poke|p1|Urshifu-*, L50, F|\n|poke|p1|Landorus, L50, M|\n|poke|p2|Calyrex-Ice, L50|\n|poke|p2|Miraidon, L50|\n|poke|p2|Farigiraf, L50, M|\n|poke|p2|Iron Hands, L50|\n|poke|p2|Scraggy, L50, F|\n|poke|p2|Iron Bundle, L50|\n|teampreview|4\n|inactive|Battle timer is ON: inactive players will automatically lose when time's up. (requested by slimeslatt252)\n|inactive|sheeshshane925 has 60 seconds left.\n|\n|t:|1773729920\n|teamsize|p1|4\n|teamsize|p2|4\n|start\n|switch|p1a: Incineroar|Incineroar, L50, M|100/100\n|switch|p1b: Calyrex|Calyrex-Ice, L50|100/100\n|switch|p2a: Miraidon|Miraidon, L50, shiny|100/100\n|switch|p2b: Iron Bundle|Iron Bundle, L50|100/100\n|-ability|p1b: Calyrex|As One\n|-ability|p1b: Calyrex|Unnerve\n|-fieldstart|move: Electric Terrain|[from] ability: Hadron Engine|[of] p2a: Miraidon\n|-activate|p2b: Iron Bundle|ability: Quark Drive\n|-start|p2b: Iron Bundle|quarkdrivespe\n|-ability|p1a: Incineroar|Intimidate|boost\n|-unboost|p2a: Miraidon|atk|1\n|-unboost|p2b: Iron Bundle|atk|1\n|turn|1\n|inactive|slimeslatt252 has 30 seconds left.\n|inactive|slimeslatt252 has 20 seconds left.\n|inactive|slimeslatt252 has 15 seconds left.\n|\n|t:|1773729960\n|move|p2b: Iron Bundle|Protect|p2b: Iron Bundle\n|-singleturn|p2b: Iron Bundle|Protect\n|move|p2a: Miraidon|Protect|p2a: Miraidon\n|-singleturn|p2a: Miraidon|Protect\n|move|p1a: Incineroar|Flare Blitz|p2a: Miraidon\n|-activate|p2a: Miraidon|move: Protect\n|move|p1b: Calyrex|Glacial Lance|p2b: Iron Bundle|[spread] \n|-activate|p2a: Miraidon|move: Protect\n|-activate|p2b: Iron Bundle|move: Protect\n|\n|upkeep\n|turn|2\n|inactive|sheeshshane925 has 30 seconds left.\n|\n|t:|1773729990\n|switch|p1b: Miraidon|Miraidon, L50|100/100\n|-activate|p1b: Miraidon|ability: Hadron Engine\n|move|p2b: Iron Bundle|Freeze-Dry|p1a: Incineroar\n|-resisted|p1a: Incineroar\n|-damage|p1a: Incineroar|90/100\n|move|p2a: Miraidon|Volt Switch|p1a: Incineroar\n|-damage|p1a: Incineroar|36/100\n|-damage|p2a: Miraidon|91/100|[from] item: Life Orb\n|\n|t:|1773730004\n|switch|p2a: Scraggy|Scraggy, L50, F|100/100|[from] Volt Switch\n|-ability|p2a: Scraggy|Intimidate|boost\n|-unboost|p1a: Incineroar|atk|1\n|-unboost|p1b: Miraidon|atk|1\n|move|p1a: Incineroar|U-turn|p2b: Iron Bundle\n|-damage|p2b: Iron Bundle|87/100\n|\n|t:|1773730015\n|switch|p1a: Urshifu|Urshifu-Rapid-Strike, L50, F|100/100|[from] U-turn\n|\n|upkeep\n|turn|3\n|\n|t:|1773730025\n|switch|p1b: Incineroar|Incineroar, L50, M|36/100\n|-ability|p1b: Incineroar|Intimidate|boost\n|-unboost|p2a: Scraggy|atk|1\n|-unboost|p2b: Iron Bundle|atk|1\n|move|p1a: Urshifu|Protect|p1a: Urshifu\n|-singleturn|p1a: Urshifu|Protect\n|move|p2a: Scraggy|Fake Out|p1b: Incineroar\n|-damage|p1b: Incineroar|32/100\n|move|p2b: Iron Bundle|Freeze-Dry|p1a: Urshifu\n|-activate|p1a: Urshifu|move: Protect\n|\n|upkeep\n|turn|4\n|inactive|slimeslatt252 has 30 seconds left.\n|inactive|sheeshshane925 has 30 seconds left.\n|inactive|slimeslatt252 has 20 seconds left.\n|\n|t:|1773730063\n|switch|p2a: Miraidon|Miraidon, L50, shiny|91/100\n|-activate|p2a: Miraidon|ability: Hadron Engine\n|-terastallize|p2b: Iron Bundle|Ghost\n|move|p2b: Iron Bundle|Encore|p1a: Urshifu\n|-start|p1a: Urshifu|Encore\n|move|p1a: Urshifu|Protect||[still]\n|-fail|p1a: Urshifu\n|move|p1b: Incineroar|Knock Off|p2b: Iron Bundle\n|-supereffective|p2b: Iron Bundle\n|-damage|p2b: Iron Bundle|0 fnt\n|-enditem|p2b: Iron Bundle|Focus Sash|[from] move: Knock Off|[of] p1b: Incineroar\n|faint|p2b: Iron Bundle\n|-end|p2b: Iron Bundle|Quark Drive|[silent]\n|\n|upkeep\n|\n|t:|1773730076\n|switch|p2b: Calyrex|Calyrex-Ice, L50|100/100\n|-ability|p2b: Calyrex|As One\n|-ability|p2b: Calyrex|Unnerve\n|turn|5\n|\n|t:|1773730092\n|move|p1a: Urshifu|Protect|p1a: Urshifu\n|-singleturn|p1a: Urshifu|Protect\n|move|p2a: Miraidon|Volt Switch|p1b: Incineroar\n|-damage|p1b: Incineroar|0 fnt\n|faint|p1b: Incineroar\n|-damage|p2a: Miraidon|81/100|[from] item: Life Orb\n|\n|t:|1773730097\n|switch|p2a: Scraggy|Scraggy, L50, F|100/100|[from] Volt Switch\n|-ability|p2a: Scraggy|Intimidate|boost\n|-unboost|p1a: Urshifu|atk|1\n|move|p2b: Calyrex|Trick Room|p2b: Calyrex\n|-fieldstart|move: Trick Room|[of] p2b: Calyrex\n|\n|-fieldend|move: Electric Terrain\n|upkeep\n|\n|t:|1773730101\n|switch|p1b: Calyrex|Calyrex-Ice, L50|100/100\n|-ability|p1b: Calyrex|As One\n|-ability|p1b: Calyrex|Unnerve\n|turn|6\n|\n|t:|1773730114\n|move|p1b: Calyrex|Protect|p1b: Calyrex\n|-singleturn|p1b: Calyrex|Protect\n|move|p1a: Urshifu|Protect||[still]\n|-fail|p1a: Urshifu\n|move|p2a: Scraggy|Coaching|p2b: Calyrex\n|-boost|p2b: Calyrex|atk|1\n|-boost|p2b: Calyrex|def|1\n|move|p2b: Calyrex|Glacial Lance|p1a: Urshifu|[spread] p1a\n|-activate|p1b: Calyrex|move: Protect\n|-resisted|p1a: Urshifu\n|-damage|p1a: Urshifu|51/100\n|\n|-end|p1a: Urshifu|Encore\n|upkeep\n|turn|7\n|\n|t:|1773730132\n|move|p1a: Urshifu|Protect|p1a: Urshifu\n|-singleturn|p1a: Urshifu|Protect\n|move|p2a: Scraggy|Coaching|p2b: Calyrex\n|-boost|p2b: Calyrex|atk|1\n|-boost|p2b: Calyrex|def|1\n|move|p2b: Calyrex|Glacial Lance|p1a: Urshifu|[spread] p1b\n|-activate|p1a: Urshifu|move: Protect\n|-resisted|p1b: Calyrex\n|-damage|p1b: Calyrex|59/100\n|move|p1b: Calyrex|Glacial Lance|p2b: Calyrex|[spread] p2a,p2b\n|-resisted|p2b: Calyrex\n|-damage|p2a: Scraggy|43/100\n|-damage|p2b: Calyrex|91/100\n|\n|upkeep\n|turn|8\n|\n|t:|1773730155\n|move|p1a: Urshifu|Protect|p1a: Urshifu\n|-singleturn|p1a: Urshifu|Protect\n|move|p2a: Scraggy|Endeavor|p1b: Calyrex\n|-damage|p1b: Calyrex|28/100\n|move|p1b: Calyrex|Glacial Lance|p2a: Scraggy|[spread] p2a,p2b\n|-resisted|p2b: Calyrex\n|-damage|p2a: Scraggy|0 fnt\n|-damage|p2b: Calyrex|83/100\n|faint|p2a: Scraggy\n|-ability|p1b: Calyrex|Chilling Neigh|boost\n|-boost|p1b: Calyrex|atk|1\n|move|p2b: Calyrex|Glacial Lance|p1b: Calyrex|[spread] p1b\n|-activate|p1a: Urshifu|move: Protect\n|-resisted|p1b: Calyrex\n|-damage|p1b: Calyrex|0 fnt\n|faint|p1b: Calyrex\n|-ability|p2b: Calyrex|Chilling Neigh|boost\n|-boost|p2b: Calyrex|atk|1\n|\n|upkeep\n|\n|t:|1773730164\n|switch|p2a: Miraidon|Miraidon, L50, shiny|81/100\n|switch|p1b: Miraidon|Miraidon, L50|100/100\n|-fieldstart|move: Electric Terrain|[from] ability: Hadron Engine|[of] p2a: Miraidon\n|-activate|p1b: Miraidon|ability: Hadron Engine\n|turn|9\n|\n|t:|1773730174\n|-terastallize|p1b: Miraidon|Electric\n|move|p1a: Urshifu|Protect||[still]\n|-fail|p1a: Urshifu\n|move|p2b: Calyrex|Glacial Lance|p1b: Miraidon|[spread] p1a,p1b\n|-resisted|p1a: Urshifu\n|-damage|p1a: Urshifu|0 fnt\n|-damage|p1b: Miraidon|0 fnt\n|faint|p1a: Urshifu\n|faint|p1b: Miraidon\n|\n|win|sheeshshane925\n|raw|slimeslatt252's rating: 1425 &rarr; <strong>1411</strong><br />(-14 for losing)\n|raw|sheeshshane925's rating: 1536 &rarr; <strong>1550</strong><br />(+14 for winning)\n|l|\u2606sheeshshane925\n|player|p2|\n|l|\u2606slimeslatt252\n|player|p1|\n","uploadtime":1773730441,"views":12,"formatid":"gen9vgc2026regi","rating":1411,"private":0,"password":null}