{"id":"gen9vgc2026regi-2570068186","format":"[Gen 9] VGC 2026 Reg I","players":["blackred123","terafireflareblitz"],"log":"|j|\u2606blackred123\n|j|\u2606terafireflareblitz\n|t:|1774764540\n|gametype|doubles\n|player|p1|blackred123|iono-masters|1535\n|player|p2|terafireflareblitz|sycamore|1569\n|gen|9\n|tier|[Gen 9] VGC 2026 Reg I\n|rated|\n|rule|Species Clause: Limit one of each Pok\u00e9mon\n|rule|Item Clause: Limit 1 of each item\n|clearpoke\n|poke|p1|Kyogre, L50|\n|poke|p1|Zamazenta-*, L50|\n|poke|p1|Chien-Pao, L50|\n|poke|p1|Amoonguss, L50, M|\n|poke|p1|Dragonite, L50, M|\n|poke|p1|Rillaboom, L50, F|\n|poke|p2|Koraidon, L50|\n|poke|p2|Lunala, L50|\n|poke|p2|Indeedee-F, L50, F|\n|poke|p2|Flutter Mane, L50|\n|poke|p2|Volcarona, L50, F|\n|poke|p2|Ursaluna, L50, M|\n|teampreview|4\n|inactive|Battle timer is ON: inactive players will automatically lose when time's up. (requested by terafireflareblitz)\n|inactive|blackred123 also wants the timer to be on.\n|\n|t:|1774764554\n|teamsize|p1|4\n|teamsize|p2|4\n|start\n|switch|p1a: Zamazenta|Zamazenta-Crowned, L50|100/100\n|switch|p1b: Chien-Pao|Chien-Pao, L50|100/100\n|switch|p2a: Lunala|Lunala, L50, shiny|100/100\n|switch|p2b: Indeedee|Indeedee-F, L50, F|100/100\n|-ability|p1b: Chien-Pao|Sword of Ruin\n|-ability|p1a: Zamazenta|Dauntless Shield|boost\n|-boost|p1a: Zamazenta|def|1\n|-fieldstart|move: Psychic Terrain|[from] ability: Psychic Surge|[of] p2b: Indeedee\n|turn|1\n|\n|t:|1774764559\n|switch|p2b: Volcarona|Volcarona, L50, F|100/100\n|-terastallize|p2a: Lunala|Water\n|move|p1b: Chien-Pao|Ice Spinner|p2b: Volcarona\n|-resisted|p2b: Volcarona\n|-damage|p2b: Volcarona|75/100\n|-damage|p1b: Chien-Pao|84/100|[from] item: Rocky Helmet|[of] p2b: Volcarona\n|-fieldend|move: Psychic Terrain\n|move|p1a: Zamazenta|Body Press|p2b: Volcarona\n|-resisted|p2b: Volcarona\n|-damage|p2b: Volcarona|27/100\n|-damage|p1a: Zamazenta|84/100|[from] item: Rocky Helmet|[of] p2b: Volcarona\n|move|p2a: Lunala|Meteor Beam||[still]\n|-prepare|p2a: Lunala|Meteor Beam\n|-boost|p2a: Lunala|spa|1\n|-enditem|p2a: Lunala|Power Herb\n|-anim|p2a: Lunala|Meteor Beam|p1b: Chien-Pao\n|-supereffective|p1b: Chien-Pao\n|-damage|p1b: Chien-Pao|0 fnt\n|faint|p1b: Chien-Pao\n|\n|upkeep\n|\n|t:|1774764579\n|switch|p1b: Dragonite|Dragonite, L50, M|100/100\n|turn|2\n|\n|t:|1774764591\n|switch|p2b: Indeedee|Indeedee-F, L50, F|100/100\n|-fieldstart|move: Psychic Terrain|[from] ability: Psychic Surge|[of] p2b: Indeedee\n|move|p1a: Zamazenta|Body Press|p2a: Lunala\n|-damage|p2a: Lunala|72/100\n|move|p2a: Lunala|Expanding Force|p1b: Dragonite|[spread] p1a,p1b\n|-damage|p1a: Zamazenta|10/100\n|-damage|p1b: Dragonite|5/100\n|move|p1b: Dragonite|Aerial Ace|p2b: Indeedee\n|-damage|p2b: Indeedee|46/100\n|\n|upkeep\n|turn|3\n|\n|t:|1774764606\n|move|p1a: Zamazenta|Wide Guard|p1a: Zamazenta\n|-singleturn|p1a: Zamazenta|Wide Guard\n|move|p2b: Indeedee|Follow Me|p2b: Indeedee\n|-singleturn|p2b: Indeedee|move: Follow Me\n|move|p2a: Lunala|Moongeist Beam|p1a: Zamazenta\n|-damage|p1a: Zamazenta|0 fnt\n|faint|p1a: Zamazenta\n|move|p1b: Dragonite|Aerial Ace|p2b: Indeedee\n|-damage|p2b: Indeedee|0 fnt\n|faint|p2b: Indeedee\n|\n|upkeep\n|\n|t:|1774764616\n|switch|p1a: Kyogre|Kyogre, L50|100/100\n|switch|p2b: Volcarona|Volcarona, L50, F|27/100\n|-weather|RainDance|[from] ability: Drizzle|[of] p1a: Kyogre\n|turn|4\n|\n|t:|1774764626\n|move|p2b: Volcarona|Rage Powder|p2b: Volcarona\n|-singleturn|p2b: Volcarona|move: Rage Powder\n|move|p1a: Kyogre|Water Spout|p2b: Volcarona|[spread] p2a,p2b\n|-resisted|p2a: Lunala\n|-supereffective|p2b: Volcarona\n|-damage|p2a: Lunala|36/100\n|-damage|p2b: Volcarona|0 fnt\n|faint|p2b: Volcarona\n|move|p2a: Lunala|Expanding Force|p1b: Dragonite|[spread] p1a,p1b\n|-damage|p1a: Kyogre|22/100\n|-damage|p1b: Dragonite|0 fnt\n|faint|p1b: Dragonite\n|\n|-weather|RainDance|[upkeep]\n|upkeep\n|\n|t:|1774764630\n|switch|p2b: Koraidon|Koraidon, L50, shiny|100/100\n|-weather|SunnyDay|[from] ability: Orichalcum Pulse|[of] p2b: Koraidon\n|-activate|p2b: Koraidon|Orichalcum Pulse|[source]\n|turn|5\n|-message|blackred123 forfeited.\n|\n|win|terafireflareblitz\n|raw|blackred123's rating: 1535 &rarr; <strong>1517</strong><br />(-18 for losing)\n|raw|terafireflareblitz's rating: 1569 &rarr; <strong>1587</strong><br />(+18 for winning)\n","uploadtime":1774764638,"views":15,"formatid":"gen9vgc2026regi","rating":1517,"private":0,"password":null}