{"id":"gen9vgc2026regi-2569661078","format":"[Gen 9] VGC 2026 Reg I","players":["Kenobi_1","VJ2511"],"log":"|j|\u2606Kenobi_1\n|j|\u2606VJ2511\n|html|<table width=\"100%\"><tr><td align=\"left\">Kenobi_1</td><td align=\"right\">VJ2511</tr><tr><td align=\"left\"><i class=\"fa fa-circle-o\"></i> <i class=\"fa fa-circle-o\"></i> </td><td align=\"right\"><i class=\"fa fa-circle-o\"></i> <i class=\"fa fa-circle-o\"></i> </tr></table>\n|uhtml|bestof|<h2><strong>Game 1</strong> of <a href=\"/game-bestof3-gen9vgc2026regi-2569661077\">a best-of-3</a></h2>\n|t:|1774720599\n|gametype|doubles\n|player|p1|Kenobi_1|ash-alola|\n|player|p2|VJ2511|2|\n|gen|9\n|tier|[Gen 9] VGC 2026 Reg I\n|rule|Species Clause: Limit one of each Pok\u00e9mon\n|rule|Item Clause: Limit 1 of each item\n|raw|<div class=\"infobox\"><details class=\"readmore\" open><summary><strong>1 custom rule:</strong></summary> Best of = 3</details></div>\n|clearpoke\n|poke|p1|Calyrex-Shadow, L50|\n|poke|p1|Zamazenta-*, L50|\n|poke|p1|Smeargle, L50, F|\n|poke|p1|Tornadus, L50, M|\n|poke|p1|Rillaboom, L50, F|\n|poke|p1|Raging Bolt, L50|\n|poke|p2|Groudon, L50|\n|poke|p2|Calyrex-Ice, L50|\n|poke|p2|Chi-Yu, L50|\n|poke|p2|Flutter Mane, L50|\n|poke|p2|Raging Bolt, L50|\n|poke|p2|Jumpluff, L50, M|\n|teampreview|4\n|inactive|Battle timer is ON: inactive players will automatically lose when time's up. (requested by VJ2511)\nKenobi_1 has agreed to open team sheets.\nVJ2511 has agreed to open team sheets.\n|showteam|p1|Calyrex-Shadow||LifeOrb|AsOneSpectrier|NastyPlot,AstralBarrage,Psychic,Protect||||||50|,,,,,Dark]Zamazenta-Crowned||RustedShield|DauntlessShield|BodyPress,HeavySlam,WideGuard,Protect||||||50|,,,,,Grass]Smeargle||FocusSash|Moody|FakeOut,Spore,FollowMe,Decorate|||F|||50|,,,,,Grass]Tornadus||SharpBeak|Prankster|BleakwindStorm,Taunt,Tailwind,Protect|||M|||50|,,,,,Dragon]Rillaboom||AssaultVest|GrassySurge|FakeOut,GrassyGlide,WoodHammer,Uturn|||F|||50|,,,,,Fire]Raging Bolt||BoosterEnergy|Protosynthesis|Thunderbolt,DracoMeteor,Thunderclap,Protect||||||50|,,,,,Electric\n|showteam|p2|Groudon||AssaultVest|Drought|PrecipiceBlades,HighHorsepower,HeatCrash,StoneEdge||||||50|,,,,,Fire]Calyrex-Ice||SitrusBerry|AsOneGlastrier|GlacialLance,LeechSeed,TrickRoom,Imprison||||||50|,,,,,Water]Chi-Yu||ChoiceScarf|BeadsofRuin|HeatWave,Overheat,Snarl,DarkPulse||||||50|,,,,,Ghost]Flutter Mane||FocusSash|Protosynthesis|Moonblast,ShadowBall,IcyWind,Protect||||||50|,,,,,Normal]Raging Bolt||LifeOrb|Protosynthesis|Thunderbolt,Thunderclap,DracoMeteor,Protect||||||50|,,,,,Electric]Jumpluff||CovertCloak|Chlorophyll|Tailwind,SleepPowder,Encore,PollenPuff|||M|||50|,,,,,Dark\n|inactive|VJ2511 has 60 seconds left.\n|\n|t:|1774720641\n|teamsize|p1|4\n|teamsize|p2|4\n|start\n|switch|p1a: Smeargle|Smeargle, L50, F|100/100\n|switch|p1b: Calyrex|Calyrex-Shadow, L50|100/100\n|switch|p2a: Chi-Yu|Chi-Yu, L50|100/100\n|switch|p2b: Jumpluff|Jumpluff, L50, M|100/100\n|-ability|p1b: Calyrex|As One\n|-ability|p1b: Calyrex|Unnerve\n|-ability|p2a: Chi-Yu|Beads of Ruin\n|turn|1\n|inactive|Kenobi_1 has 30 seconds left.\n|inactive|VJ2511 has 30 seconds left.\n|inactive|Kenobi_1 has 20 seconds left.\n|\n|t:|1774720676\n|move|p1a: Smeargle|Fake Out|p2a: Chi-Yu\n|-damage|p2a: Chi-Yu|94/100\n|cant|p2a: Chi-Yu|flinch\n|move|p1b: Calyrex|Astral Barrage|p2a: Chi-Yu|[spread] p2a,p2b\n|-resisted|p2a: Chi-Yu\n|-damage|p2a: Chi-Yu|54/100\n|-damage|p2b: Jumpluff|24/100\n|-damage|p1b: Calyrex|91/100|[from] item: Life Orb\n|move|p2b: Jumpluff|Pollen Puff|p1a: Smeargle\n|-damage|p1a: Smeargle|54/100\n|\n|-ability|p1a: Smeargle|Moody|boost\n|-boost|p1a: Smeargle|def|2\n|-unboost|p1a: Smeargle|atk|1\n|upkeep\n|turn|2\n|inactive|Kenobi_1 has 30 seconds left.\n|inactive|VJ2511 has 30 seconds left.\n|\n|t:|1774720705\n|switch|p2b: Groudon|Groudon, L50|100/100\n|-weather|SunnyDay|[from] ability: Drought|[of] p2b: Groudon\n|-terastallize|p1b: Calyrex|Dark\n|move|p2a: Chi-Yu|Heat Wave|p1a: Smeargle|[spread] p1a,p1b\n|-damage|p1a: Smeargle|0 fnt\n|-damage|p1b: Calyrex|24/100\n|faint|p1a: Smeargle\n|move|p1b: Calyrex|Astral Barrage|p2a: Chi-Yu|[spread] p2a,p2b\n|-resisted|p2a: Chi-Yu\n|-damage|p2a: Chi-Yu|17/100\n|-damage|p2b: Groudon|43/100\n|-damage|p1b: Calyrex|14/100|[from] item: Life Orb\n|\n|-weather|SunnyDay|[upkeep]\n|upkeep\n|\n|t:|1774720728\n|switch|p1a: Raging Bolt|Raging Bolt, L50|100/100\n|-activate|p1a: Raging Bolt|ability: Protosynthesis\n|-start|p1a: Raging Bolt|protosynthesisspa\n|turn|3\n|\n|t:|1774720740\n|move|p1a: Raging Bolt|Thunderclap|p2a: Chi-Yu\n|-crit|p2a: Chi-Yu\n|-damage|p2a: Chi-Yu|0 fnt\n|faint|p2a: Chi-Yu\n|move|p1b: Calyrex|Astral Barrage|p2b: Groudon\n|-damage|p2b: Groudon|0 fnt\n|faint|p2b: Groudon\n|-ability|p1b: Calyrex|Grim Neigh|boost\n|-boost|p1b: Calyrex|spa|1\n|-damage|p1b: Calyrex|5/100|[from] item: Life Orb\n|\n|-weather|SunnyDay|[upkeep]\n|upkeep\n|\n|t:|1774720751\n|switch|p2a: Raging Bolt|Raging Bolt, L50|100/100\n|switch|p2b: Jumpluff|Jumpluff, L50, M|24/100\n|-activate|p2a: Raging Bolt|ability: Protosynthesis\n|-start|p2a: Raging Bolt|protosynthesisspa\n|turn|4\n|\n|t:|1774720765\n|move|p1b: Calyrex|Protect|p1b: Calyrex\n|-singleturn|p1b: Calyrex|Protect\n|move|p2a: Raging Bolt|Thunderclap||[still]\n|-fail|p2a: Raging Bolt\n|move|p2b: Jumpluff|Sleep Powder|p1a: Raging Bolt\n|-status|p1a: Raging Bolt|slp|[from] move: Sleep Powder\n|cant|p1a: Raging Bolt|slp\n|\n|-weather|SunnyDay|[upkeep]\n|upkeep\n|turn|5\n|\n|t:|1774720782\n|switch|p1b: Zamazenta|Zamazenta-Crowned, L50|100/100\n|-ability|p1b: Zamazenta|Dauntless Shield|boost\n|-boost|p1b: Zamazenta|def|1\n|move|p2b: Jumpluff|Tailwind|p2b: Jumpluff\n|-sidestart|p2: VJ2511|move: Tailwind\n|move|p2a: Raging Bolt|Thunderbolt|p1b: Zamazenta\n|-damage|p1b: Zamazenta|40/100\n|-damage|p2a: Raging Bolt|91/100|[from] item: Life Orb\n|cant|p1a: Raging Bolt|slp\n|\n|-weather|SunnyDay|[upkeep]\n|upkeep\n|turn|6\n|\n|t:|1774720801\n|-terastallize|p2a: Raging Bolt|Electric\n|move|p1b: Zamazenta|Protect|p1b: Zamazenta\n|-singleturn|p1b: Zamazenta|Protect\n|cant|p1a: Raging Bolt|slp\n|move|p2b: Jumpluff|Pollen Puff|p2a: Raging Bolt\n|-heal|p2a: Raging Bolt|100/100\n|move|p2a: Raging Bolt|Thunderbolt|p1b: Zamazenta\n|-activate|p1b: Zamazenta|move: Protect\n|\n|-weather|none\n|-end|p2a: Raging Bolt|Protosynthesis\n|-end|p1a: Raging Bolt|Protosynthesis\n|upkeep\n|-enditem|p1a: Raging Bolt|Booster Energy\n|-activate|p1a: Raging Bolt|ability: Protosynthesis|[fromitem]\n|-start|p1a: Raging Bolt|protosynthesisspa\n|turn|7\n|inactive|Kenobi_1 has 30 seconds left.\n|inactive|Kenobi_1 has 20 seconds left.\n|inactive|Kenobi_1 has 15 seconds left.\n|inactive|Kenobi_1 has 10 seconds left.\n|\n|t:|1774720849\n|move|p2a: Raging Bolt|Protect|p2a: Raging Bolt\n|-singleturn|p2a: Raging Bolt|Protect\n|-curestatus|p1a: Raging Bolt|slp|[msg]\n|move|p1a: Raging Bolt|Protect|p1a: Raging Bolt\n|-singleturn|p1a: Raging Bolt|Protect\n|move|p2b: Jumpluff|Sleep Powder|p1b: Zamazenta\n|-status|p1b: Zamazenta|slp|[from] move: Sleep Powder\n|cant|p1b: Zamazenta|slp\n|\n|upkeep\n|turn|8\n|inactive|Kenobi_1 has 30 seconds left.\n|inactive|Kenobi_1 has 20 seconds left.\n|inactive|Kenobi_1 has 15 seconds left.\n|inactive|Kenobi_1 has 10 seconds left.\n|inactive|Kenobi_1 has 5 seconds left.\n|\n|t:|1774720904\n|move|p2b: Jumpluff|Sleep Powder|p1a: Raging Bolt|[miss]\n|-miss|p2b: Jumpluff|p1a: Raging Bolt\n|move|p2a: Raging Bolt|Thunderbolt|p1b: Zamazenta\n|-damage|p1b: Zamazenta|0 fnt\n|faint|p1b: Zamazenta\n|-damage|p2a: Raging Bolt|91/100|[from] item: Life Orb\n|move|p1a: Raging Bolt|Thunderbolt|p2a: Raging Bolt\n|-resisted|p2a: Raging Bolt\n|-damage|p2a: Raging Bolt|56/100\n|\n|-sideend|p2: VJ2511|move: Tailwind\n|upkeep\n|\n|t:|1774720914\n|switch|p1b: Calyrex|Calyrex-Shadow, L50, tera:Dark|5/100\n|-ability|p1b: Calyrex|As One\n|-ability|p1b: Calyrex|Unnerve\n|turn|9\n|\n|t:|1774720930\n|move|p1b: Calyrex|Protect|p1b: Calyrex\n|-singleturn|p1b: Calyrex|Protect\n|move|p1a: Raging Bolt|Protect|p1a: Raging Bolt\n|-singleturn|p1a: Raging Bolt|Protect\n|move|p2a: Raging Bolt|Thunderclap||[still]\n|-fail|p2a: Raging Bolt\n|move|p2b: Jumpluff|Sleep Powder|p1a: Raging Bolt\n|-activate|p1a: Raging Bolt|move: Protect\n|\n|upkeep\n|turn|10\n|\n|t:|1774720941\n|move|p2a: Raging Bolt|Thunderclap|p1b: Calyrex\n|-damage|p1b: Calyrex|0 fnt\n|faint|p1b: Calyrex\n|-damage|p2a: Raging Bolt|46/100|[from] item: Life Orb\n|move|p2b: Jumpluff|Sleep Powder|p1a: Raging Bolt|[miss]\n|-miss|p2b: Jumpluff|p1a: Raging Bolt\n|move|p1a: Raging Bolt|Draco Meteor|p2a: Raging Bolt\n|-damage|p2a: Raging Bolt|0 fnt\n|-unboost|p1a: Raging Bolt|spa|2\n|faint|p2a: Raging Bolt\n|-end|p2a: Raging Bolt|Protosynthesis|[silent]\n|\n|upkeep\n|turn|11\n|\n|t:|1774720960\n|move|p2b: Jumpluff|Sleep Powder|p1a: Raging Bolt\n|-status|p1a: Raging Bolt|slp|[from] move: Sleep Powder\n|cant|p1a: Raging Bolt|slp\n|\n|upkeep\n|turn|12\n|\n|t:|1774720966\n|move|p2b: Jumpluff|Pollen Puff|p1a: Raging Bolt\n|-damage|p1a: Raging Bolt|89/100 slp\n|-curestatus|p1a: Raging Bolt|slp|[msg]\n|move|p1a: Raging Bolt|Thunderbolt|p2b: Jumpluff\n|-damage|p2b: Jumpluff|0 fnt\n|faint|p2b: Jumpluff\n|\n|win|Kenobi_1\n||Kenobi_1 is ready for game 2.\n||VJ2511 is ready for game 2.\n|uhtml|next|Next: <a href=\"/battle-gen9vgc2026regi-2569664982\"><strong>Game 2 of 3</strong></a>\n","uploadtime":1774720972,"views":10,"formatid":"gen9vgc2026regi","rating":null,"private":0,"password":null}