{"id":"gen9vgc2026regi-2549708650","format":"[Gen 9] VGC 2026 Reg I","players":["RandomcatFFR","newlandosrock"],"log":"|j|\u2606RandomcatFFR\n|j|\u2606newlandosrock\n|t:|1772400023\n|gametype|doubles\n|player|p1|RandomcatFFR|artist-gen4|1432\n|player|p2|newlandosrock|265|1317\n|gen|9\n|tier|[Gen 9] VGC 2026 Reg I\n|rated|\n|rule|Species Clause: Limit one of each Pok\u00e9mon\n|rule|Item Clause: Limit 1 of each item\n|clearpoke\n|poke|p1|Lunala, L50|\n|poke|p1|Incineroar, L50, F|\n|poke|p1|Brute Bonnet, L50|\n|poke|p1|Ursaluna, L50, F|\n|poke|p1|Flutter Mane, L50|\n|poke|p1|Koraidon, L50|\n|poke|p2|Dondozo, L50, F|\n|poke|p2|Tatsugiri, L50, F|\n|poke|p2|Chi-Yu, L50|\n|poke|p2|Chien-Pao, L50|\n|poke|p2|Miraidon, L50|\n|poke|p2|Rayquaza, L50|\n|teampreview|4\n|\n|t:|1772400078\n|teamsize|p1|4\n|teamsize|p2|4\n|start\n|switch|p1a: Flutter Mane|Flutter Mane, L50|100/100\n|switch|p1b: Koraidon|Koraidon, L50|100/100\n|switch|p2a: Rayquaza|Rayquaza, L50|100/100\n|switch|p2b: Arlie|Chien-Pao, L50|100/100\n|-ability|p2b: Arlie|Sword of Ruin\n|-weather|SunnyDay|[from] ability: Orichalcum Pulse|[of] p1b: Koraidon\n|-activate|p1b: Koraidon|Orichalcum Pulse|[source]\n|-ability|p2a: Rayquaza|Air Lock\n|turn|1\n|\n|t:|1772400122\n|switch|p1b: Lunala|Lunala, L50|100/100\n|-terastallize|p2a: Rayquaza|Normal\n|move|p2a: Rayquaza|Extreme Speed|p1b: Lunala\n|-immune|p1b: Lunala\n|move|p2b: Arlie|Sucker Punch||[still]\n|-fail|p2b: Arlie\n|move|p1a: Flutter Mane|Moonblast|p2a: Rayquaza\n|-damage|p2a: Rayquaza|57/100\n|\n|-weather|SunnyDay|[upkeep]\n|upkeep\n|turn|2\n|\n|t:|1772400156\n|switch|p1b: Incineroar|Incineroar, L50, F|100/100\n|-ability|p1b: Incineroar|Intimidate|boost\n|-unboost|p2a: Rayquaza|atk|1\n|-unboost|p2b: Arlie|atk|1\n|-activate|p1a: Flutter Mane|ability: Protosynthesis\n|-start|p1a: Flutter Mane|protosynthesisspe\n|switch|p2a: Dondozo|Dondozo, L50, F|100/100\n|move|p1a: Flutter Mane|Icy Wind|p2a: Dondozo|[spread] p2a,p2b\n|-resisted|p2a: Dondozo\n|-resisted|p2b: Arlie\n|-damage|p2a: Dondozo|93/100\n|-damage|p2b: Arlie|94/100\n|-unboost|p2a: Dondozo|spe|1\n|-unboost|p2b: Arlie|spe|1\n|move|p2b: Arlie|Icy Wind|p1a: Flutter Mane|[spread] p1a,p1b\n|-resisted|p1b: Incineroar\n|-damage|p1a: Flutter Mane|88/100\n|-damage|p1b: Incineroar|95/100\n|-unboost|p1a: Flutter Mane|spe|1\n|\n|-weather|SunnyDay|[upkeep]\n|-heal|p2a: Dondozo|99/100|[from] item: Leftovers\n|upkeep\n|turn|3\n|\n|t:|1772400209\n|move|p2a: Dondozo|Protect|p2a: Dondozo\n|-singleturn|p2a: Dondozo|Protect\n|move|p1b: Incineroar|Fake Out|p2a: Dondozo\n|-activate|p2a: Dondozo|move: Protect\n|move|p1a: Flutter Mane|Moonblast|p2b: Arlie\n|-supereffective|p2b: Arlie\n|-damage|p2b: Arlie|0 fnt\n|faint|p2b: Arlie\n|\n|-weather|SunnyDay|[upkeep]\n|-heal|p2a: Dondozo|100/100|[from] item: Leftovers\n|upkeep\n|\n|t:|1772400222\n|switch|p2b: Rayquaza|Rayquaza, L50, tera:Normal|57/100\n|-ability|p2b: Rayquaza|Air Lock\n|-end|p1a: Flutter Mane|Protosynthesis\n|turn|4\n|\n|t:|1772400258\n|-activate|p1a: Flutter Mane|ability: Protosynthesis\n|-start|p1a: Flutter Mane|protosynthesisspa\n|switch|p2b: Tatsugiri|Tatsugiri, L50, F|100/100\n|-activate|p2b: Tatsugiri|ability: Commander|[of] p2a: Dondozo\n|-boost|p2a: Dondozo|atk|2\n|-boost|p2a: Dondozo|spa|2\n|-boost|p2a: Dondozo|spe|2\n|-boost|p2a: Dondozo|def|2\n|-boost|p2a: Dondozo|spd|2\n|move|p1a: Flutter Mane|Icy Wind|p2a: Dondozo|[spread] \n|-miss|p1a: Flutter Mane|p2b: Tatsugiri\n|-miss|p1a: Flutter Mane|p2a: Dondozo\n|move|p2a: Dondozo|Order Up|p1b: Incineroar\n|-damage|p1b: Incineroar|62/100\n|-boost|p2a: Dondozo|atk|1\n|move|p1b: Incineroar|Knock Off|p2a: Dondozo\n|-damage|p2a: Dondozo|86/100\n|-enditem|p2a: Dondozo|Leftovers|[from] move: Knock Off|[of] p1b: Incineroar\n|\n|-weather|SunnyDay|[upkeep]\n|upkeep\n|turn|5\n|\n|t:|1772400306\n|switch|p1b: Lunala|Lunala, L50|100/100\n|-terastallize|p1a: Flutter Mane|Stellar\n|move|p1a: Flutter Mane|Moonblast|p2a: Dondozo\n|-damage|p2a: Dondozo|40/100\n|move|p2a: Dondozo|Earthquake|p1a: Flutter Mane|[spread] p1a,p1b\n|-miss|p2a: Dondozo|p2b: Tatsugiri\n|-damage|p1a: Flutter Mane|0 fnt\n|-damage|p1b: Lunala|81/100\n|faint|p1a: Flutter Mane\n|-end|p1a: Flutter Mane|Protosynthesis|[silent]\n|\n|-weather|none\n|upkeep\n|inactive|Battle timer is ON: inactive players will automatically lose when time's up. (requested by newlandosrock)\n|\n|t:|1772400361\n|switch|p1a: Koraidon|Koraidon, L50|100/100\n|-weather|SunnyDay|[from] ability: Orichalcum Pulse|[of] p1a: Koraidon\n|-activate|p1a: Koraidon|Orichalcum Pulse|[source]\n|turn|6\n|\n|t:|1772400372\n|switch|p1b: Incineroar|Incineroar, L50, F|62/100\n|-ability|p1b: Incineroar|Intimidate|boost\n|-unboost|p2a: Dondozo|atk|1\n|-unboost|p2b: Tatsugiri|atk|1\n|move|p1a: Koraidon|Close Combat|p2a: Dondozo\n|-damage|p2a: Dondozo|0 fnt\n|-unboost|p1a: Koraidon|def|1\n|-unboost|p1a: Koraidon|spd|1\n|faint|p2a: Dondozo\n|-damage|p1a: Koraidon|91/100|[from] item: Life Orb\n|\n|-weather|SunnyDay|[upkeep]\n|upkeep\n|\n|t:|1772400383\n|switch|p2a: Rayquaza|Rayquaza, L50, tera:Normal|57/100\n|-ability|p2a: Rayquaza|Air Lock\n|turn|7\n|\n|t:|1772400399\n|move|p1b: Incineroar|Fake Out|p2a: Rayquaza\n|-damage|p2a: Rayquaza|47/100\n|move|p2b: Tatsugiri|Draco Meteor|p1a: Koraidon\n|-supereffective|p1a: Koraidon\n|-damage|p1a: Koraidon|0 fnt\n|-unboost|p2b: Tatsugiri|spa|2\n|faint|p1a: Koraidon\n|cant|p2a: Rayquaza|flinch\n|\n|-weather|SunnyDay|[upkeep]\n|upkeep\n|\n|t:|1772400406\n|switch|p1a: Lunala|Lunala, L50|81/100\n|turn|8\n|inactive|RandomcatFFR has 30 seconds left.\n|inactive|newlandosrock has 30 seconds left.\n|\n|t:|1772400433\n|move|p2b: Tatsugiri|Draco Meteor|p1b: Incineroar\n|-damage|p1b: Incineroar|34/100\n|-unboost|p2b: Tatsugiri|spa|2\n|move|p2a: Rayquaza|Outrage|p1a: Lunala\n|-damage|p1a: Lunala|0 fnt\n|faint|p1a: Lunala\n|move|p1b: Incineroar|Flare Blitz|p2a: Rayquaza\n|-damage|p2a: Rayquaza|1/100\n|-status|p2a: Rayquaza|brn\n|-damage|p1b: Incineroar|18/100|[from] Recoil\n|\n|-weather|SunnyDay|[upkeep]\n|-damage|p2a: Rayquaza|0 fnt|[from] brn\n|faint|p2a: Rayquaza\n|upkeep\n|turn|9\n|\n|t:|1772400453\n|move|p2b: Tatsugiri|Draco Meteor|p1b: Incineroar\n|-damage|p1b: Incineroar|0 fnt\n|-unboost|p2b: Tatsugiri|spa|2\n|faint|p1b: Incineroar\n|\n|win|newlandosrock\n|raw|RandomcatFFR's rating: 1432 &rarr; <strong>1406</strong><br />(-26 for losing)\n|raw|newlandosrock's rating: 1317 &rarr; <strong>1343</strong><br />(+26 for winning)\n|l|\u2606RandomcatFFR\n|player|p1|\n|l|\u2606newlandosrock\n|player|p2|\n","uploadtime":1772400713,"views":11,"formatid":"gen9vgc2026regi","rating":1343,"private":0,"password":null}