{"id":"gen9vgc2026regi-2572094655","format":"[Gen 9] VGC 2026 Reg I","players":["bb23","Himmafridge"],"log":"|j|\u2606bb23\n|j|\u2606Himmafridge\n|t:|1774987617\n|gametype|doubles\n|player|p1|bb23|101|1400\n|player|p2|Himmafridge|hiker-gen4|1447\n|gen|9\n|tier|[Gen 9] VGC 2026 Reg I\n|rated|\n|rule|Species Clause: Limit one of each Pok\u00e9mon\n|rule|Item Clause: Limit 1 of each item\n|clearpoke\n|poke|p1|Kyogre, L50|\n|poke|p1|Zacian-*, L50|\n|poke|p1|Tornadus, L50, M|\n|poke|p1|Urshifu-*, L50, F|\n|poke|p1|Rillaboom, L50, M|\n|poke|p1|Farigiraf, L50, F|\n|poke|p2|Zamazenta-*, L50|\n|poke|p2|Calyrex-Shadow, L50|\n|poke|p2|Clefairy, L50, M|\n|poke|p2|Incineroar, L50, F|\n|poke|p2|Rillaboom, L50, F|\n|poke|p2|Grimmsnarl, L50, M|\n|teampreview|4\n|j| bullgod4ever\n|inactive|Battle timer is ON: inactive players will automatically lose when time's up. (requested by bb23)\nbb23 rejected open team sheets.\n|inactive|Himmafridge has 60 seconds left.\n|inactive|Himmafridge has 30 seconds left.\n|\n|t:|1774987709\n|teamsize|p1|4\n|teamsize|p2|4\n|start\n|switch|p1a: Tornadus|Tornadus, L50, M|100/100\n|switch|p1b: Kyogre|Kyogre, L50|100/100\n|switch|p2a: Rillaboom|Rillaboom, L50, F|100/100\n|switch|p2b: Grimmsnarl|Grimmsnarl, L50, M|100/100\n|-fieldstart|move: Grassy Terrain|[from] ability: Grassy Surge|[of] p2a: Rillaboom\n|-weather|RainDance|[from] ability: Drizzle|[of] p1b: Kyogre\n|turn|1\n|inactive|bb23 has 30 seconds left.\n|\n|t:|1774987740\n|move|p1b: Kyogre|Protect|p1b: Kyogre\n|-singleturn|p1b: Kyogre|Protect\n|move|p2a: Rillaboom|Fake Out|p1b: Kyogre\n|-activate|p1b: Kyogre|move: Protect\n|move|p2b: Grimmsnarl|Light Screen|p2b: Grimmsnarl\n|-sidestart|p2: Himmafridge|move: Light Screen\n|move|p1a: Tornadus|Bleakwind Storm|p2b: Grimmsnarl|[spread] p2a,p2b\n|-supereffective|p2a: Rillaboom\n|-damage|p2a: Rillaboom|63/100\n|-damage|p2b: Grimmsnarl|76/100\n|\n|-weather|RainDance|[upkeep]\n|-heal|p2a: Rillaboom|69/100|[from] Grassy Terrain\n|-heal|p2b: Grimmsnarl|82/100|[from] Grassy Terrain\n|upkeep\n|turn|2\n|inactive|bb23 has 30 seconds left.\n|inactive|Himmafridge has 30 seconds left.\n|\n|t:|1774987772\n|switch|p2b: Zamazenta|Zamazenta-Crowned, L50|100/100\n|-ability|p2b: Zamazenta|Dauntless Shield|boost\n|-boost|p2b: Zamazenta|def|1\n|-terastallize|p1b: Kyogre|Grass\n|move|p2a: Rillaboom|Grassy Glide|p1b: Kyogre\n|-resisted|p1b: Kyogre\n|-damage|p1b: Kyogre|85/100\n|move|p1a: Tornadus|Bleakwind Storm|p2b: Zamazenta|[spread] p2a,p2b\n|-supereffective|p2a: Rillaboom\n|-damage|p2a: Rillaboom|32/100\n|-damage|p2b: Zamazenta|83/100\n|-unboost|p2b: Zamazenta|spe|1\n|move|p1b: Kyogre|Ice Beam|p2a: Rillaboom\n|-supereffective|p2a: Rillaboom\n|-damage|p2a: Rillaboom|0 fnt\n|faint|p2a: Rillaboom\n|\n|-weather|RainDance|[upkeep]\n|-heal|p1b: Kyogre|92/100|[from] Grassy Terrain\n|-heal|p2b: Zamazenta|90/100|[from] Grassy Terrain\n|upkeep\n|inactive|Himmafridge has 30 seconds left.\n|\n|t:|1774987799\n|switch|p2a: Grimmsnarl|Grimmsnarl, L50, M|82/100\n|turn|3\n|j| lilcardscammer\n|\n|t:|1774987820\n|move|p1b: Kyogre|Protect|p1b: Kyogre\n|-singleturn|p1b: Kyogre|Protect\n|move|p1a: Tornadus|Taunt|p2b: Zamazenta\n|-start|p2b: Zamazenta|move: Taunt\n|move|p2a: Grimmsnarl|Thunder Wave|p1b: Kyogre\n|-activate|p1b: Kyogre|move: Protect\n|move|p2b: Zamazenta|Body Press|p1b: Kyogre\n|-activate|p1b: Kyogre|move: Protect\n|\n|-weather|RainDance|[upkeep]\n|-heal|p1b: Kyogre|98/100|[from] Grassy Terrain\n|-heal|p2b: Zamazenta|96/100|[from] Grassy Terrain\n|-heal|p2a: Grimmsnarl|88/100|[from] Grassy Terrain\n|upkeep\n|turn|4\n|\n|t:|1774987838\n|move|p1a: Tornadus|Tailwind|p1a: Tornadus\n|-sidestart|p1: bb23|move: Tailwind\n|move|p2a: Grimmsnarl|Thunder Wave|p1b: Kyogre\n|-status|p1b: Kyogre|par\n|move|p1b: Kyogre|Water Spout|p2b: Zamazenta|[spread] p2a,p2b\n|-damage|p2a: Grimmsnarl|5/100\n|-damage|p2b: Zamazenta|39/100\n|move|p2b: Zamazenta|Body Press|p1b: Kyogre\n|-damage|p1b: Kyogre|27/100 par\n|\n|-weather|RainDance|[upkeep]\n|-heal|p1b: Kyogre|33/100 par|[from] Grassy Terrain\n|-heal|p2b: Zamazenta|46/100|[from] Grassy Terrain\n|-heal|p2a: Grimmsnarl|11/100|[from] Grassy Terrain\n|upkeep\n|turn|5\n|inactive|Himmafridge has 30 seconds left.\n|inactive|Himmafridge has 20 seconds left.\n|inactive|Himmafridge has 15 seconds left.\n|inactive|Himmafridge has 10 seconds left.\n|\n|t:|1774987886\n|-terastallize|p2b: Zamazenta|Water\n|move|p2a: Grimmsnarl|Thunder Wave|p1a: Tornadus\n|-status|p1a: Tornadus|par\n|move|p1a: Tornadus|Bleakwind Storm|p2a: Grimmsnarl|[spread] p2a,p2b\n|-damage|p2a: Grimmsnarl|0 fnt\n|-damage|p2b: Zamazenta|30/100\n|-unboost|p2b: Zamazenta|spe|1\n|faint|p2a: Grimmsnarl\n|cant|p1b: Kyogre|par\n|move|p2b: Zamazenta|Heavy Slam|p1a: Tornadus\n|-damage|p1a: Tornadus|25/100 par\n|\n|-weather|none\n|-heal|p1b: Kyogre|40/100 par|[from] Grassy Terrain\n|-heal|p2b: Zamazenta|36/100|[from] Grassy Terrain\n|-end|p2b: Zamazenta|move: Taunt\n|-fieldend|move: Grassy Terrain\n|upkeep\n|\n|t:|1774987892\n|switch|p2a: Calyrex|Calyrex-Shadow, L50|100/100\n|-ability|p2a: Calyrex|As One\n|-ability|p2a: Calyrex|Unnerve\n|turn|6\n|\n|t:|1774987907\n|move|p1a: Tornadus|Taunt|p2b: Zamazenta\n|-start|p2b: Zamazenta|move: Taunt\n|move|p2a: Calyrex|Astral Barrage|p1b: Kyogre|[spread] p1a,p1b\n|-damage|p1a: Tornadus|0 fnt\n|-damage|p1b: Kyogre|0 fnt\n|faint|p1a: Tornadus\n|faint|p1b: Kyogre\n|-ability|p2a: Calyrex|Grim Neigh|boost\n|-boost|p2a: Calyrex|spa|2\n|-damage|p2a: Calyrex|91/100|[from] item: Life Orb\n|move|p2b: Zamazenta|Body Press|p1: Tornadus|[notarget]\n|-fail|p2b: Zamazenta\n|\n|upkeep\n|\n|t:|1774987913\n|switch|p1a: Farigiraf|Farigiraf, L50, F|100/100\n|switch|p1b: Zacian|Zacian-Crowned, L50|100/100\n|-ability|p1b: Zacian|Intrepid Sword|boost\n|-boost|p1b: Zacian|atk|1\n|turn|7\n|\n|t:|1774987932\n|move|p2a: Calyrex|Protect|p2a: Calyrex\n|-singleturn|p2a: Calyrex|Protect\n|move|p1b: Zacian|Crunch|p2a: Calyrex\n|-activate|p2a: Calyrex|move: Protect\n|move|p1a: Farigiraf|Shadow Ball|p2a: Calyrex\n|-activate|p2a: Calyrex|move: Protect\n|move|p2b: Zamazenta|Body Press|p1a: Farigiraf\n|-damage|p1a: Farigiraf|32/100\n|\n|-sideend|p1: bb23|move: Tailwind\n|upkeep\n|turn|8\n|inactive|Himmafridge has 30 seconds left.\n|inactive|bb23 has 30 seconds left.\n|\n|t:|1774987975\n|move|p2a: Calyrex|Astral Barrage|p1b: Zacian|[spread] p1b\n|-immune|p1a: Farigiraf\n|-crit|p1b: Zacian\n|-damage|p1b: Zacian|0 fnt\n|faint|p1b: Zacian\n|-ability|p2a: Calyrex|Grim Neigh|boost\n|-boost|p2a: Calyrex|spa|1\n|-damage|p2a: Calyrex|81/100|[from] item: Life Orb\n|move|p2b: Zamazenta|Body Press|p1a: Farigiraf\n|-damage|p1a: Farigiraf|0 fnt\n|faint|p1a: Farigiraf\n|\n|win|Himmafridge\n|raw|bb23's rating: 1400 &rarr; <strong>1383</strong><br />(-17 for losing)\n|raw|Himmafridge's rating: 1447 &rarr; <strong>1464</strong><br />(+17 for winning)\n|l|\u2606bb23\n|player|p1|\n|l|\u2606Himmafridge\n|player|p2|\n|l| bullgod4ever\n","uploadtime":1774988189,"views":13,"formatid":"gen9vgc2026regi","rating":1383,"private":0,"password":null}