{"id":"gen9vgc2026regi-2530350108","format":"[Gen 9] VGC 2026 Reg I","players":["infinitygroudon","lalo's pollos"],"log":"|j|\u2606infinitygroudon\n|j|\u2606lalo's pollos\n|t:|1769905520\n|gametype|doubles\n|player|p1|infinitygroudon|2|1368\n|player|p2|lalo's pollos|169|1406\n|gen|9\n|tier|[Gen 9] VGC 2026 Reg I\n|rated|\n|rule|Species Clause: Limit one of each Pok\u00e9mon\n|rule|Item Clause: Limit 1 of each item\n|clearpoke\n|poke|p1|Kyogre, L50|\n|poke|p1|Palkia-Origin, L50|\n|poke|p1|Farigiraf, L50, M|\n|poke|p1|Archaludon, L50, M|\n|poke|p1|Iron Jugulis, L50|\n|poke|p1|Raging Bolt, L50|\n|poke|p2|Miraidon, L50|\n|poke|p2|Landorus, L50, M|\n|poke|p2|Incineroar, L50, M|\n|poke|p2|Iron Bundle, L50|\n|poke|p2|Farigiraf, L50, F|\n|poke|p2|Calyrex-Ice, L50|\n|teampreview|4\n|\n|t:|1769905540\n|teamsize|p1|4\n|teamsize|p2|4\n|start\n|switch|p1a: Archibald|Archaludon, L50, M, shiny|100/100\n|switch|p1b: Jorris|Iron Jugulis, L50|100/100\n|switch|p2a: Co-Star|Miraidon, L50|100/100\n|switch|p2b: the Star|Iron Bundle, L50|100/100\n|-fieldstart|move: Electric Terrain|[from] ability: Hadron Engine|[of] p2a: Co-Star\n|-activate|p2b: the Star|ability: Quark Drive\n|-start|p2b: the Star|quarkdrivespe\n|-activate|p1b: Jorris|ability: Quark Drive\n|-start|p1b: Jorris|quarkdrivespe\n|turn|1\n|\n|t:|1769905567\n|move|p2b: the Star|Icy Wind|p1a: Archibald|[spread] p1a,p1b\n|-supereffective|p1b: Jorris\n|-damage|p1a: Archibald|84/100\n|-damage|p1b: Jorris|59/100\n|-unboost|p1a: Archibald|spe|1\n|-unboost|p1b: Jorris|spe|1\n|-ability|p1a: Archibald|Stamina|boost\n|-boost|p1a: Archibald|def|1\n|move|p2a: Co-Star|Dazzling Gleam|p1a: Archibald|[spread] p1a,p1b\n|-supereffective|p1b: Jorris\n|-damage|p1a: Archibald|47/100\n|-damage|p1b: Jorris|0 fnt\n|-ability|p1a: Archibald|Stamina|boost\n|-boost|p1a: Archibald|def|1\n|faint|p1b: Jorris\n|-end|p1b: Jorris|Quark Drive|[silent]\n|move|p1a: Archibald|Draco Meteor|p2a: Co-Star\n|-supereffective|p2a: Co-Star\n|-damage|p2a: Co-Star|0 fnt\n|-unboost|p1a: Archibald|spa|2\n|faint|p2a: Co-Star\n|\n|upkeep\n|\n|t:|1769905576\n|switch|p2a: Landorus|Landorus, L50, M|100/100\n|switch|p1b: Piratebeard|Kyogre, L50|100/100\n|-weather|RainDance|[from] ability: Drizzle|[of] p1b: Piratebeard\n|turn|2\n|\n|t:|1769905594\n|-terastallize|p2a: Landorus|Water\n|move|p2b: the Star|Freeze-Dry|p1b: Piratebeard\n|-supereffective|p1b: Piratebeard\n|-damage|p1b: Piratebeard|51/100\n|move|p1b: Piratebeard|Thunder|p2a: Landorus\n|-supereffective|p2a: Landorus\n|-damage|p2a: Landorus|0 fnt\n|faint|p2a: Landorus\n|move|p1a: Archibald|Body Press|p2b: the Star\n|-supereffective|p2b: the Star\n|-enditem|p2b: the Star|Focus Sash\n|-damage|p2b: the Star|1/100\n|\n|-weather|RainDance|[upkeep]\n|upkeep\n|\n|t:|1769905605\n|switch|p2a: Calyrex|Calyrex-Ice, L50|100/100\n|-ability|p2a: Calyrex|As One\n|-ability|p2a: Calyrex|Unnerve\n|turn|3\n|\n|t:|1769905626\n|move|p2b: the Star|Freeze-Dry|p1b: Piratebeard\n|-supereffective|p1b: Piratebeard\n|-damage|p1b: Piratebeard|0 fnt\n|faint|p1b: Piratebeard\n|move|p1a: Archibald|Body Press|p2a: Calyrex\n|-damage|p2a: Calyrex|65/100\n|move|p2a: Calyrex|High Horsepower|p1a: Archibald\n|-supereffective|p1a: Archibald\n|-damage|p1a: Archibald|21/100\n|-ability|p1a: Archibald|Stamina|boost\n|-boost|p1a: Archibald|def|1\n|\n|-weather|RainDance|[upkeep]\n|upkeep\n|\n|t:|1769905630\n|switch|p1b: Secretariat|Palkia-Origin, L50|100/100\n|-ability|p1b: Secretariat|Pressure\n|turn|4\n|\n|t:|1769905645\n|-terastallize|p1b: Secretariat|Ground\n|move|p2b: the Star|Protect|p2b: the Star\n|-singleturn|p2b: the Star|Protect\n|move|p1b: Secretariat|Spacial Rend|p2a: Calyrex\n|-damage|p2a: Calyrex|31/100\n|move|p1a: Archibald|Body Press|p2a: Calyrex\n|-damage|p2a: Calyrex|0 fnt\n|faint|p2a: Calyrex\n|\n|-weather|RainDance|[upkeep]\n|upkeep\n|turn|5\n|\n|t:|1769905657\n|move|p2b: the Star|Hydro Pump|p1a: Archibald\n|-resisted|p1a: Archibald\n|-damage|p1a: Archibald|0 fnt\n|faint|p1a: Archibald\n|move|p1b: Secretariat|Spacial Rend|p2b: the Star|[miss]\n|-miss|p1b: Secretariat|p2b: the Star\n|\n|-weather|RainDance|[upkeep]\n|-fieldend|move: Electric Terrain\n|-end|p2b: the Star|Quark Drive\n|upkeep\n|turn|6\n|\n|t:|1769905664\n|move|p1b: Secretariat|Protect|p1b: Secretariat\n|-singleturn|p1b: Secretariat|Protect\n|move|p2b: the Star|Hydro Pump|p1b: Secretariat\n|-activate|p1b: Secretariat|move: Protect\n|\n|-weather|none\n|upkeep\n|turn|7\n|\n|t:|1769905669\n|move|p2b: the Star|Hydro Pump|p1b: Secretariat\n|-supereffective|p1b: Secretariat\n|-damage|p1b: Secretariat|5/100\n|move|p1b: Secretariat|Spacial Rend|p2b: the Star\n|-crit|p2b: the Star\n|-damage|p2b: the Star|0 fnt\n|faint|p2b: the Star\n|-end|p2b: the Star|Quark Drive|[silent]\n|\n|win|infinitygroudon\n|raw|infinitygroudon's rating: 1368 &rarr; <strong>1390</strong><br />(+22 for winning)\n|raw|lalo&apos;s pollos's rating: 1406 &rarr; <strong>1384</strong><br />(-22 for losing)\n","uploadtime":1769905672,"views":14,"formatid":"gen9vgc2026regi","rating":1384,"private":0,"password":null}