{"id":"gen9vgc2026regi-2524154512","format":"[Gen 9] VGC 2026 Reg I","players":["cy2rexfiy","j0l0k0"],"log":"|j|\u203dcy2rexfiy\n|j|\u2606j0l0k0\n|t:|1769112902\n|gametype|doubles\n|player|p1|cy2rexfiy|265|1352\n|player|p2|j0l0k0|brycen|1380\n|gen|9\n|tier|[Gen 9] VGC 2026 Reg I\n|rated|\n|rule|Species Clause: Limit one of each Pok\u00e9mon\n|rule|Item Clause: Limit 1 of each item\n|clearpoke\n|poke|p1|Calyrex-Ice, L50|\n|poke|p1|Rillaboom, L50, F|\n|poke|p1|Incineroar, L50, F|\n|poke|p1|Terapagos, L50, M|\n|poke|p1|Walking Wake, L50|\n|poke|p1|Smeargle, L50, M|\n|poke|p2|Calyrex-Ice, L50|\n|poke|p2|Kyogre, L50|\n|poke|p2|Indeedee-F, L50, F|\n|poke|p2|Urshifu-*, L50, F|\n|poke|p2|Amoonguss, L50, F|\n|poke|p2|Landorus, L50, M|\n|teampreview|4\n|inactive|Battle timer is ON: inactive players will automatically lose when time's up. (requested by j0l0k0)\n|\n|t:|1769112931\n|teamsize|p1|4\n|teamsize|p2|4\n|start\n|switch|p1a: Terapagos|Terapagos, L50, M|100/100\n|switch|p1b: Incineroar|Incineroar, L50, F|100/100\n|switch|p2a: Kyogre|Kyogre, L50, shiny|100/100\n|switch|p2b: Indeedee|Indeedee-F, L50, F, shiny|100/100\n|-activate|p1a: Terapagos|ability: Tera Shift\n|detailschange|p1a: Terapagos|Terapagos-Terastal, L50, M\n|-heal|p1a: Terapagos|100/100|[silent]\n|-fieldstart|move: Psychic Terrain|[from] ability: Psychic Surge|[of] p2b: Indeedee\n|-weather|RainDance|[from] ability: Drizzle|[of] p2a: Kyogre\n|-ability|p1b: Incineroar|Intimidate|boost\n|-unboost|p2a: Kyogre|atk|1\n|-unboost|p2b: Indeedee|atk|1\n|turn|1\n|inactive|cy2rexfiy has 30 seconds left.\n|\n|t:|1769112962\n|switch|p1b: Rillaboom|Rillaboom, L50, F|100/100\n|-fieldstart|move: Grassy Terrain|[from] ability: Grassy Surge|[of] p1b: Rillaboom\n|move|p2b: Indeedee|Follow Me|p2b: Indeedee\n|-singleturn|p2b: Indeedee|move: Follow Me\n|move|p1a: Terapagos|Calm Mind|p1a: Terapagos\n|-boost|p1a: Terapagos|spa|1\n|-boost|p1a: Terapagos|spd|1\n|move|p2a: Kyogre|Water Spout|p1b: Rillaboom|[spread] p1a,p1b\n|-activate|p1a: Terapagos|ability: Tera Shell\n|-resisted|p1a: Terapagos\n|-resisted|p1b: Rillaboom\n|-damage|p1a: Terapagos|74/100\n|-damage|p1b: Rillaboom|67/100\n|\n|-weather|RainDance|[upkeep]\n|-heal|p1a: Terapagos|80/100|[from] Grassy Terrain\n|-heal|p1a: Terapagos|86/100|[from] item: Leftovers\n|-heal|p1b: Rillaboom|73/100|[from] Grassy Terrain\n|upkeep\n|turn|2\n|\n|t:|1769112984\n|switch|p2a: Calyrex|Calyrex-Ice, L50|100/100\n|-ability|p2a: Calyrex|As One\n|-ability|p2a: Calyrex|Unnerve\n|move|p1a: Terapagos|Calm Mind|p1a: Terapagos\n|-boost|p1a: Terapagos|spa|1\n|-boost|p1a: Terapagos|spd|1\n|move|p1b: Rillaboom|Wood Hammer|p2a: Calyrex\n|-damage|p2a: Calyrex|58/100\n|-damage|p1b: Rillaboom|59/100|[from] Recoil\n|move|p2b: Indeedee|Trick Room|p2b: Indeedee\n|-fieldstart|move: Trick Room|[of] p2b: Indeedee\n|\n|-weather|RainDance|[upkeep]\n|-heal|p2a: Calyrex|64/100|[from] Grassy Terrain\n|-heal|p1b: Rillaboom|65/100|[from] Grassy Terrain\n|-heal|p1a: Terapagos|92/100|[from] Grassy Terrain\n|-heal|p1a: Terapagos|97/100|[from] item: Leftovers\n|upkeep\n|turn|3\n|\n|t:|1769113001\n|switch|p1b: Incineroar|Incineroar, L50, F|100/100\n|-ability|p1b: Incineroar|Intimidate|boost\n|-fail|p2a: Calyrex|unboost|[from] item: Clear Amulet|[of] p2a: Calyrex\n|-unboost|p2b: Indeedee|atk|1\n|-terastallize|p1a: Terapagos|Stellar\n|detailschange|p1a: Terapagos|Terapagos-Stellar, L50, M, tera:Stellar\n|-heal|p1a: Terapagos|98/100|[silent]\n|-ability|p1a: Terapagos|Teraform Zero\n|-weather|none\n|-fieldend|move: Grassy Terrain\n|move|p2b: Indeedee|Helping Hand|p2a: Calyrex\n|-singleturn|p2a: Calyrex|Helping Hand|[of] p2b: Indeedee\n|move|p2a: Calyrex|Glacial Lance|p1b: Incineroar|[spread] p1a,p1b\n|-resisted|p1b: Incineroar\n|-damage|p1a: Terapagos|42/100\n|-damage|p1b: Incineroar|65/100\n|move|p1a: Terapagos|Tera Starstorm|p2a: Calyrex|[spread] p2a,p2b\n|-damage|p2a: Calyrex|12/100\n|-damage|p2b: Indeedee|38/100\n|\n|-heal|p1a: Terapagos|48/100|[from] item: Leftovers\n|upkeep\n|turn|4\n|inactive|j0l0k0 has 30 seconds left.\n|\n|t:|1769113031\n|move|p2b: Indeedee|Helping Hand|p2a: Calyrex\n|-singleturn|p2a: Calyrex|Helping Hand|[of] p2b: Indeedee\n|move|p1b: Incineroar|Fake Out|p2a: Calyrex\n|-damage|p2a: Calyrex|4/100\n|cant|p2a: Calyrex|flinch\n|move|p1a: Terapagos|Tera Starstorm|p2b: Indeedee|[spread] p2a,p2b\n|-damage|p2a: Calyrex|0 fnt\n|-damage|p2b: Indeedee|0 fnt\n|faint|p2a: Calyrex\n|faint|p2b: Indeedee\n|\n|-heal|p1a: Terapagos|54/100|[from] item: Leftovers\n|upkeep\n|\n|t:|1769113045\n|switch|p2a: Kyogre|Kyogre, L50, shiny|100/100\n|switch|p2b: Urshifu|Urshifu, L50, F|100/100\n|-weather|RainDance|[from] ability: Drizzle|[of] p2a: Kyogre\n|turn|5\n|\n|t:|1769113062\n|move|p1b: Incineroar|Parting Shot|p2a: Kyogre\n|-unboost|p2a: Kyogre|atk|1\n|-unboost|p2a: Kyogre|spa|1\n|\n|t:|1769113067\n|switch|p1b: Rillaboom|Rillaboom, L50, F|65/100|[from] Parting Shot\n|-fieldstart|move: Grassy Terrain|[from] ability: Grassy Surge|[of] p1b: Rillaboom\n|move|p2a: Kyogre|Water Spout|p1b: Rillaboom|[spread] p1a,p1b\n|-resisted|p1b: Rillaboom\n|-damage|p1a: Terapagos|34/100\n|-damage|p1b: Rillaboom|43/100\n|move|p1a: Terapagos|Tera Starstorm|p2a: Kyogre|[spread] p2a,p2b\n|-damage|p2a: Kyogre|70/100\n|-enditem|p2b: Urshifu|Focus Sash\n|-damage|p2b: Urshifu|1/100\n|move|p2b: Urshifu|Wicked Blow|p1a: Terapagos\n|-crit|p1a: Terapagos\n|-damage|p1a: Terapagos|0 fnt\n|faint|p1a: Terapagos\n|detailschange|p1: Terapagos|Terapagos, L50, M|[silent]\n|\n|-weather|RainDance|[upkeep]\n|-heal|p2a: Kyogre|75/100|[from] Grassy Terrain\n|-heal|p1b: Rillaboom|49/100|[from] Grassy Terrain\n|-heal|p2b: Urshifu|7/100|[from] Grassy Terrain\n|upkeep\n|\n|t:|1769113082\n|switch|p1a: Calyrex|Calyrex-Ice, L50|100/100\n|-ability|p1a: Calyrex|As One\n|-ability|p1a: Calyrex|Unnerve\n|turn|6\n|\n|t:|1769113096\n|move|p2b: Urshifu|Protect|p2b: Urshifu\n|-singleturn|p2b: Urshifu|Protect\n|move|p1a: Calyrex|Glacial Lance|p2a: Kyogre|[spread] p2a\n|-activate|p2b: Urshifu|move: Protect\n|-resisted|p2a: Kyogre\n|-damage|p2a: Kyogre|50/100\n|move|p2a: Kyogre|Ice Beam|p1b: Rillaboom\n|-supereffective|p1b: Rillaboom\n|-damage|p1b: Rillaboom|17/100\n|move|p1b: Rillaboom|Wood Hammer|p2a: Kyogre\n|-supereffective|p2a: Kyogre\n|-damage|p2a: Kyogre|0 fnt\n|faint|p2a: Kyogre\n|-damage|p1b: Rillaboom|0 fnt|[from] Recoil\n|faint|p1b: Rillaboom\n|\n|-weather|RainDance|[upkeep]\n|-heal|p2b: Urshifu|12/100|[from] Grassy Terrain\n|-fieldend|move: Trick Room\n|upkeep\n|\n|t:|1769113108\n|switch|p1b: Incineroar|Incineroar, L50, F|65/100\n|-ability|p1b: Incineroar|Intimidate|boost\n|-unboost|p2b: Urshifu|atk|1\n|turn|7\n|\n|t:|1769113114\n|-terastallize|p2b: Urshifu|Ghost\n|move|p1b: Incineroar|Fake Out|p2b: Urshifu\n|-immune|p2b: Urshifu\n|move|p2b: Urshifu|Wicked Blow|p1a: Calyrex\n|-supereffective|p1a: Calyrex\n|-crit|p1a: Calyrex\n|-damage|p1a: Calyrex|22/100\n|move|p1a: Calyrex|Glacial Lance|p2b: Urshifu\n|-damage|p2b: Urshifu|0 fnt\n|faint|p2b: Urshifu\n|\n|win|cy2rexfiy\n|raw|cy2rexfiy's rating: 1352 &rarr; <strong>1374</strong><br />(+22 for winning)\n|raw|j0l0k0's rating: 1380 &rarr; <strong>1358</strong><br />(-22 for losing)\n|l|\u2606j0l0k0\n|player|p2|\n|l|\u203dcy2rexfiy\n|player|p1|\n","uploadtime":1769113277,"views":14,"formatid":"gen9vgc2026regi","rating":1358,"private":0,"password":null}