{"id":"gen9vgc2026regi-2575849644","format":"[Gen 9] VGC 2026 Reg I","players":["Pyukumuku53","D4RKEVA"],"log":"|j|\u2606Pyukumuku53\n|j|\u2606D4RKEVA\n|t:|1775406726\n|gametype|doubles\n|player|p1|Pyukumuku53|bruno|1375\n|player|p2|D4RKEVA|265|1551\n|gen|9\n|tier|[Gen 9] VGC 2026 Reg I\n|rated|\n|rule|Species Clause: Limit one of each Pok\u00e9mon\n|rule|Item Clause: Limit 1 of each item\n|clearpoke\n|poke|p1|Chi-Yu, L50|\n|poke|p1|Weezing-Galar, L50, M|\n|poke|p1|Walking Wake, L50|\n|poke|p1|Calyrex-Shadow, L50|\n|poke|p1|Brute Bonnet, L50|\n|poke|p1|Koraidon, L50|\n|poke|p2|Lunala, L50|\n|poke|p2|Koraidon, L50|\n|poke|p2|Flutter Mane, L50|\n|poke|p2|Brute Bonnet, L50|\n|poke|p2|Chi-Yu, L50|\n|poke|p2|Ursaluna, L50, F|\n|teampreview|4\nD4RKEVA rejected open team sheets.\n|inactive|Battle timer is ON: inactive players will automatically lose when time's up. (requested by D4RKEVA)\n|inactive|D4RKEVA has 60 seconds left.\n|\n|t:|1775406762\n|teamsize|p1|4\n|teamsize|p2|4\n|start\n|switch|p1a: Weezing|Weezing-Galar, L50, M|100/100\n|switch|p1b: Calyrex|Calyrex-Shadow, L50|100/100\n|switch|p2a: Brute Bonnie|Brute Bonnet, L50|100/100\n|switch|p2b: Chi-Yu|Chi-Yu, L50|100/100\n|-ability|p1a: Weezing|Neutralizing Gas\n|-ability|p1b: Calyrex|As One\n|-ability|p1b: Calyrex|Unnerve\n|turn|1\n|inactive|Pyukumuku53 has 30 seconds left.\n|\n|t:|1775406793\n|-terastallize|p2a: Brute Bonnie|Water\n|move|p1b: Calyrex|Protect|p1b: Calyrex\n|-singleturn|p1b: Calyrex|Protect\n|move|p2b: Chi-Yu|Snarl|p1a: Weezing|[spread] p1a\n|-activate|p1b: Calyrex|move: Protect\n|-resisted|p1a: Weezing\n|-damage|p1a: Weezing|90/100\n|-unboost|p1a: Weezing|spa|1\n|move|p1a: Weezing|Will-O-Wisp|p2a: Brute Bonnie\n|-status|p2a: Brute Bonnie|brn\n|move|p2a: Brute Bonnie|Spore|p1b: Calyrex\n|-activate|p1b: Calyrex|move: Protect\n|\n|-damage|p2a: Brute Bonnie|94/100 brn|[from] brn\n|upkeep\n|turn|2\n|inactive|Pyukumuku53 has 30 seconds left.\n|\n|t:|1775406821\n|move|p2b: Chi-Yu|Snarl|p1a: Weezing|[spread] p1a,p1b\n|-resisted|p1a: Weezing\n|-supereffective|p1b: Calyrex\n|-damage|p1a: Weezing|78/100\n|-enditem|p1b: Calyrex|Focus Sash\n|-damage|p1b: Calyrex|1/100\n|-unboost|p1a: Weezing|spa|1\n|-unboost|p1b: Calyrex|spa|1\n|move|p1b: Calyrex|Astral Barrage|p2a: Brute Bonnie|[spread] p2a,p2b\n|-resisted|p2b: Chi-Yu\n|-damage|p2a: Brute Bonnie|65/100 brn\n|-damage|p2b: Chi-Yu|82/100\n|move|p1a: Weezing|Taunt|p2a: Brute Bonnie\n|-start|p2a: Brute Bonnie|move: Taunt\n|cant|p2a: Brute Bonnie|move: Taunt|Spore\n|\n|-damage|p2a: Brute Bonnie|59/100 brn|[from] brn\n|upkeep\n|turn|3\n|\n|t:|1775406844\n|switch|p1b: Koraidon|Koraidon, L50|100/100\n|-weather|SunnyDay|[from] ability: Orichalcum Pulse|[of] p1b: Koraidon\n|-activate|p1b: Koraidon|Orichalcum Pulse|[source]\n|-end|p2a: Brute Bonnie|Protosynthesis|[silent]\n|switch|p2a: Flutter Mane|Flutter Mane, L50|100/100\n|move|p1a: Weezing|Protect|p1a: Weezing\n|-singleturn|p1a: Weezing|Protect\n|move|p2b: Chi-Yu|Snarl|p1a: Weezing|[spread] p1b\n|-activate|p1a: Weezing|move: Protect\n|-resisted|p1b: Koraidon\n|-damage|p1b: Koraidon|91/100\n|-unboost|p1b: Koraidon|spa|1\n|\n|-weather|SunnyDay|[upkeep]\n|upkeep\n|turn|4\n|inactive|Pyukumuku53 has 30 seconds left.\n|inactive|D4RKEVA has 30 seconds left.\n|\n|t:|1775406875\n|switch|p2b: Brute Bonnie|Brute Bonnet, L50, tera:Water|59/100 brn\n|-terastallize|p1b: Koraidon|Fire\n|move|p1a: Weezing|Protect|p1a: Weezing\n|-singleturn|p1a: Weezing|Protect\n|move|p2a: Flutter Mane|Icy Wind|p1b: Koraidon|[spread] p1b\n|-activate|p1a: Weezing|move: Protect\n|-resisted|p1b: Koraidon\n|-damage|p1b: Koraidon|86/100\n|-unboost|p1b: Koraidon|spe|1\n|move|p1b: Koraidon|Flare Blitz|p2a: Flutter Mane\n|-enditem|p2a: Flutter Mane|Focus Sash\n|-damage|p2a: Flutter Mane|1/100\n|-damage|p1b: Koraidon|65/100|[from] Recoil\n|\n|-weather|SunnyDay|[upkeep]\n|-damage|p2b: Brute Bonnie|52/100 brn|[from] brn\n|upkeep\n|turn|5\n|inactive|D4RKEVA has 30 seconds left.\n|\n|t:|1775406908\n|move|p1b: Koraidon|Protect|p1b: Koraidon\n|-singleturn|p1b: Koraidon|Protect\n|move|p2b: Brute Bonnie|Rage Powder|p2b: Brute Bonnie\n|-singleturn|p2b: Brute Bonnie|move: Rage Powder\n|move|p2a: Flutter Mane|Shadow Ball|p1b: Koraidon\n|-activate|p1b: Koraidon|move: Protect\n|move|p1a: Weezing|Strange Steam|p2b: Brute Bonnie\n|-damage|p2b: Brute Bonnie|41/100 brn\n|-enditem|p2b: Brute Bonnie|Sitrus Berry|[eat]\n|-heal|p2b: Brute Bonnie|66/100 brn|[from] item: Sitrus Berry\n|\n|-weather|SunnyDay|[upkeep]\n|-damage|p2b: Brute Bonnie|60/100 brn|[from] brn\n|upkeep\n|turn|6\n|\n|t:|1775406929\n|move|p2b: Brute Bonnie|Rage Powder|p2b: Brute Bonnie\n|-singleturn|p2b: Brute Bonnie|move: Rage Powder\n|move|p2a: Flutter Mane|Shadow Ball|p1b: Koraidon\n|-damage|p1b: Koraidon|31/100\n|move|p1b: Koraidon|Collision Course|p2b: Brute Bonnie\n|-damage|p2b: Brute Bonnie|12/100 brn\n|move|p1a: Weezing|Strange Steam|p2b: Brute Bonnie\n|-damage|p2b: Brute Bonnie|2/100 brn\n|\n|-weather|SunnyDay|[upkeep]\n|-damage|p2b: Brute Bonnie|0 fnt|[from] brn\n|faint|p2b: Brute Bonnie\n|-end|p2b: Brute Bonnie|Protosynthesis|[silent]\n|upkeep\n|\n|t:|1775406934\n|switch|p2b: Chi-Yu|Chi-Yu, L50|82/100\n|turn|7\n|\n|t:|1775406943\n|move|p1b: Koraidon|Protect|p1b: Koraidon\n|-singleturn|p1b: Koraidon|Protect\n|move|p2b: Chi-Yu|Heat Wave|p1b: Koraidon|[spread] p1a\n|-activate|p1b: Koraidon|move: Protect\n|-damage|p1a: Weezing|24/100\n|-enditem|p1a: Weezing|Sitrus Berry|[eat]\n|-heal|p1a: Weezing|49/100|[from] item: Sitrus Berry\n|move|p2a: Flutter Mane|Shadow Ball|p1a: Weezing\n|-damage|p1a: Weezing|7/100\n|move|p1a: Weezing|Strange Steam|p2a: Flutter Mane\n|-damage|p2a: Flutter Mane|0 fnt\n|faint|p2a: Flutter Mane\n|-end|p2a: Flutter Mane|Protosynthesis|[silent]\n|\n|-weather|none\n|upkeep\n|\n|t:|1775406946\n|switch|p2a: Clydeon|Koraidon, L50|100/100\n|turn|8\n|\n|t:|1775406969\n|switch|p1b: Calyrex|Calyrex-Shadow, L50|1/100\n|-ability|p1b: Calyrex|As One\n|-ability|p1b: Calyrex|Unnerve\n|move|p1a: Weezing|Protect|p1a: Weezing\n|-singleturn|p1a: Weezing|Protect\n|move|p2b: Chi-Yu|Heat Wave|p1a: Weezing|[spread] p1b\n|-activate|p1a: Weezing|move: Protect\n|-damage|p1b: Calyrex|0 fnt\n|faint|p1b: Calyrex\n|move|p2a: Clydeon|Flame Charge|p1a: Weezing\n|-activate|p1a: Weezing|move: Protect\n|\n|upkeep\n|\n|t:|1775406991\n|switch|p1b: Koraidon|Koraidon, L50, tera:Fire|31/100\n|-weather|SunnyDay|[from] ability: Orichalcum Pulse|[of] p1b: Koraidon\n|-activate|p1b: Koraidon|Orichalcum Pulse|[source]\n|turn|9\n|\n|t:|1775407020\n|move|p1a: Weezing|Protect||[still]\n|-fail|p1a: Weezing\n|move|p2b: Chi-Yu|Heat Wave|p1a: Weezing|[spread] p1a,p1b\n|-resisted|p1b: Koraidon\n|-damage|p1a: Weezing|0 fnt\n|-damage|p1b: Koraidon|5/100\n|faint|p1a: Weezing\n|-end|p1a: Weezing|ability: Neutralizing Gas\n|-ability|p2b: Chi-Yu|Beads of Ruin\n|-activate|p2a: Clydeon|ability: Orichalcum Pulse\n|move|p2a: Clydeon|Flame Charge|p1b: Koraidon\n|-resisted|p1b: Koraidon\n|-damage|p1b: Koraidon|0 fnt\n|-boost|p2a: Clydeon|spe|1\n|faint|p1b: Koraidon\n|-damage|p2a: Clydeon|91/100|[from] item: Life Orb\n|\n|-weather|SunnyDay|[upkeep]\n|upkeep\n|\n|t:|1775407034\n|switch|p1b: Brute Bonnet|Brute Bonnet, L50|100/100\n|-activate|p1b: Brute Bonnet|ability: Protosynthesis\n|-start|p1b: Brute Bonnet|protosynthesisdef\n|turn|10\n|\n|t:|1775407044\n|move|p1b: Brute Bonnet|Sucker Punch|p2a: Clydeon\n|-resisted|p2a: Clydeon\n|-damage|p2a: Clydeon|77/100\n|move|p2a: Clydeon|Close Combat|p1b: Brute Bonnet\n|-supereffective|p1b: Brute Bonnet\n|-damage|p1b: Brute Bonnet|0 fnt\n|-unboost|p2a: Clydeon|def|1\n|-unboost|p2a: Clydeon|spd|1\n|faint|p1b: Brute Bonnet\n|-end|p1b: Brute Bonnet|Protosynthesis|[silent]\n|-damage|p2a: Clydeon|68/100|[from] item: Life Orb\n|\n|win|D4RKEVA\n|raw|Pyukumuku53's rating: 1375 &rarr; <strong>1364</strong><br />(-11 for losing)\n|raw|D4RKEVA's rating: 1551 &rarr; <strong>1562</strong><br />(+11 for winning)\n|l|\u2606Pyukumuku53\n|player|p1|\n","uploadtime":1775407046,"views":174,"formatid":"gen9vgc2026regi","rating":1364,"private":0,"password":null}