{"id":"gen9vgc2026regi-2577129149","format":"[Gen 9] VGC 2026 Reg I","players":["Kwiper","TheManOfSausage"],"log":"|j|\u2606Kwiper\n|j|\u2606TheManOfSausage\n|t:|1775541638\n|gametype|doubles\n|player|p1|Kwiper|sycamore|1606\n|player|p2|TheManOfSausage|miku-water|1565\n|gen|9\n|tier|[Gen 9] VGC 2026 Reg I\n|rated|\n|rule|Species Clause: Limit one of each Pok\u00e9mon\n|rule|Item Clause: Limit 1 of each item\n|clearpoke\n|poke|p1|Koraidon, L50|\n|poke|p1|Lunala, L50|\n|poke|p1|Indeedee-F, L50, F|\n|poke|p1|Flutter Mane, L50|\n|poke|p1|Volcarona, L50, M|\n|poke|p1|Ursaluna, L50, M|\n|poke|p2|Ho-Oh, L50|\n|poke|p2|Miraidon, L50|\n|poke|p2|Farigiraf, L50, F|\n|poke|p2|Urshifu-*, L50, M|\n|poke|p2|Iron Treads, L50|\n|poke|p2|Iron Hands, L50|\n|teampreview|4\n|inactive|Battle timer is ON: inactive players will automatically lose when time's up. (requested by Kwiper)\nTheManOfSausage has agreed to open team sheets.\n|inactive|Kwiper has 60 seconds left.\n|inactive|Kwiper has 30 seconds left.\n|inactive|Kwiper has 20 seconds left.\n|\n|t:|1775541713\n|teamsize|p1|4\n|teamsize|p2|4\n|start\n|switch|p1a: Lunala|Lunala, L50, shiny|100/100\n|switch|p1b: Indeedee|Indeedee-F, L50, F|100/100\n|switch|p2a: Magical Mirai|Miraidon, L50|100/100\n|switch|p2b: Ho-Oh|Ho-Oh, L50|100/100\n|-fieldstart|move: Electric Terrain|[from] ability: Hadron Engine|[of] p2a: Magical Mirai\n|-fieldstart|move: Psychic Terrain|[from] ability: Psychic Surge|[of] p1b: Indeedee\n|turn|1\n|\n|t:|1775541721\n|switch|p1b: Ursaluna|Ursaluna, L50, M|100/100\n|move|p1a: Lunala|Wide Guard|p1a: Lunala\n|-singleturn|p1a: Lunala|Wide Guard\n|move|p2a: Magical Mirai|Volt Switch|p1a: Lunala\n|-damage|p1a: Lunala|80/100\n|\n|t:|1775541727\n|switch|p2a: Iron Treads|Iron Treads, L50|100/100|[from] Volt Switch\n|move|p2b: Ho-Oh|Flare Blitz|p1a: Lunala\n|-damage|p1a: Lunala|20/100\n|-damage|p2b: Ho-Oh|78/100|[from] Recoil\n|\n|-status|p1b: Ursaluna|brn|[from] item: Flame Orb\n|upkeep\n|turn|2\n|\n|t:|1775541737\n|move|p2a: Iron Treads|Steel Roller|p1b: Ursaluna\n|-damage|p1b: Ursaluna|43/100 brn\n|-fieldend|move: Psychic Terrain\n|-damage|p2a: Iron Treads|91/100|[from] item: Life Orb\n|move|p1a: Lunala|Meteor Beam||[still]\n|-prepare|p1a: Lunala|Meteor Beam\n|-boost|p1a: Lunala|spa|1\n|-enditem|p1a: Lunala|Power Herb\n|-anim|p1a: Lunala|Meteor Beam|p2b: Ho-Oh\n|-supereffective|p2b: Ho-Oh\n|-damage|p2b: Ho-Oh|0 fnt\n|faint|p2b: Ho-Oh\n|move|p1b: Ursaluna|Headlong Rush|p2a: Iron Treads\n|-supereffective|p2a: Iron Treads\n|-damage|p2a: Iron Treads|0 fnt\n|-unboost|p1b: Ursaluna|def|1\n|-unboost|p1b: Ursaluna|spd|1\n|faint|p2a: Iron Treads\n|-end|p2a: Iron Treads|Quark Drive|[silent]\n|\n|-damage|p1b: Ursaluna|37/100 brn|[from] brn\n|upkeep\n|\n|t:|1775541745\n|switch|p2a: Magical Mirai|Miraidon, L50|100/100\n|switch|p2b: Brian|Iron Hands, L50, shiny|100/100\n|-fieldstart|move: Electric Terrain|[from] ability: Hadron Engine|[of] p2a: Magical Mirai\n|-activate|p2b: Brian|ability: Quark Drive\n|-start|p2b: Brian|quarkdriveatk\n|turn|3\n|\n|t:|1775541755\n|switch|p1b: Indeedee|Indeedee-F, L50, F|100/100\n|-fieldstart|move: Psychic Terrain|[from] ability: Psychic Surge|[of] p1b: Indeedee\n|-end|p2b: Brian|Quark Drive\n|move|p2a: Magical Mirai|Dragon Pulse|p1a: Lunala\n|-damage|p1a: Lunala|0 fnt\n|faint|p1a: Lunala\n|move|p2b: Brian|Drain Punch|p1b: Indeedee\n|-damage|p1b: Indeedee|56/100\n|\n|upkeep\n|\n|t:|1775541767\n|switch|p1a: Ursaluna|Ursaluna, L50, M|37/100 brn\n|turn|4\n|\n|t:|1775541773\n|-terastallize|p2a: Magical Mirai|Fairy\n|move|p1b: Indeedee|Follow Me|p1b: Indeedee\n|-singleturn|p1b: Indeedee|move: Follow Me\n|move|p2a: Magical Mirai|Dragon Pulse|p1b: Indeedee\n|-damage|p1b: Indeedee|0 fnt\n|faint|p1b: Indeedee\n|move|p1a: Ursaluna|Facade|p2a: Magical Mirai\n|-damage|p2a: Magical Mirai|0 fnt\n|faint|p2a: Magical Mirai\n|move|p2b: Brian|Drain Punch|p1a: Ursaluna\n|-supereffective|p1a: Ursaluna\n|-damage|p1a: Ursaluna|0 fnt\n|faint|p1a: Ursaluna\n|\n|upkeep\n|\n|t:|1775541777\n|switch|p1b: Koraidon|Koraidon, L50, shiny|100/100\n|-weather|SunnyDay|[from] ability: Orichalcum Pulse|[of] p1b: Koraidon\n|-activate|p1b: Koraidon|Orichalcum Pulse|[source]\n|turn|5\n|\n|t:|1775541781\n|move|p1b: Koraidon|Breaking Swipe|p2b: Brian\n|-damage|p2b: Brian|67/100\n|-unboost|p2b: Brian|atk|1\n|-damage|p1b: Koraidon|91/100|[from] item: Life Orb\n|move|p2b: Brian|Low Kick|p1b: Koraidon\n|-damage|p1b: Koraidon|43/100\n|\n|-weather|SunnyDay|[upkeep]\n|upkeep\n|turn|6\n|\n|t:|1775541787\n|-terastallize|p1b: Koraidon|Fire\n|move|p1b: Koraidon|Flare Blitz|p2b: Brian\n|-damage|p2b: Brian|0 fnt\n|faint|p2b: Brian\n|-end|p2b: Brian|Quark Drive|[silent]\n|-damage|p1b: Koraidon|11/100|[from] Recoil\n|-damage|p1b: Koraidon|1/100|[from] item: Life Orb\n|\n|win|Kwiper\n|raw|Kwiper's rating: 1606 &rarr; <strong>1624</strong><br />(+18 for winning)\n|raw|TheManOfSausage's rating: 1565 &rarr; <strong>1547</strong><br />(-18 for losing)\n","uploadtime":1775541787,"views":14,"formatid":"gen9vgc2026regi","rating":1547,"private":0,"password":null}