{"id":"gen9vgc2026regi-2559420328","format":"[Gen 9] VGC 2026 Reg I","players":["Umanohito","Bman311"],"log":"|j|\u2606Umanohito\n|j|\u2606Bman311\n|t:|1773563522\n|gametype|doubles\n|player|p1|Umanohito|265|1458\n|player|p2|Bman311|cynthia-gen7|1471\n|gen|9\n|tier|[Gen 9] VGC 2026 Reg I\n|rated|\n|rule|Species Clause: Limit one of each Pok\u00e9mon\n|rule|Item Clause: Limit 1 of each item\n|clearpoke\n|poke|p1|Calyrex-Shadow, L50|\n|poke|p1|Miraidon, L50|\n|poke|p1|Rillaboom, L50, M|\n|poke|p1|Incineroar, L50, F|\n|poke|p1|Grimmsnarl, L50, M|\n|poke|p1|Clefairy, L50, M|\n|poke|p2|Miraidon, L50|\n|poke|p2|Calyrex-Ice, L50|\n|poke|p2|Incineroar, L50, M|\n|poke|p2|Farigiraf, L50, M|\n|poke|p2|Whimsicott, L50, M|\n|poke|p2|Ursaluna, L50, M|\n|teampreview|4\n|inactive|Battle timer is ON: inactive players will automatically lose when time's up. (requested by Bman311)\n|\n|t:|1773563552\n|teamsize|p1|4\n|teamsize|p2|4\n|start\n|switch|p1a: Calyrex|Calyrex-Shadow, L50|100/100\n|switch|p1b: Rillaboom|Rillaboom, L50, M|100/100\n|switch|p2a: Calyrex|Calyrex-Ice, L50|100/100\n|switch|p2b: Incineroar|Incineroar, L50, M|100/100\n|-ability|p1a: Calyrex|As One\n|-ability|p1a: Calyrex|Unnerve\n|-ability|p2a: Calyrex|As One\n|-ability|p2a: Calyrex|Unnerve\n|-fieldstart|move: Grassy Terrain|[from] ability: Grassy Surge|[of] p1b: Rillaboom\n|-ability|p2b: Incineroar|Intimidate|boost\n|-unboost|p1a: Calyrex|atk|1\n|-unboost|p1b: Rillaboom|atk|1\n|turn|1\n|\n|t:|1773563572\n|switch|p1b: Incineroar|Incineroar, L50, F|100/100\n|-ability|p1b: Incineroar|Intimidate|boost\n|-fail|p2a: Calyrex|unboost|[from] item: Clear Amulet|[of] p2a: Calyrex\n|-unboost|p2b: Incineroar|atk|1\n|-terastallize|p1a: Calyrex|Fairy\n|move|p1a: Calyrex|Calm Mind|p1a: Calyrex\n|-boost|p1a: Calyrex|spa|1\n|-boost|p1a: Calyrex|spd|1\n|move|p2b: Incineroar|Flare Blitz|p1b: Incineroar\n|-resisted|p1b: Incineroar\n|-damage|p1b: Incineroar|87/100\n|-damage|p2b: Incineroar|84/100|[from] item: Rocky Helmet|[of] p1b: Incineroar\n|-damage|p2b: Incineroar|80/100|[from] Recoil\n|move|p2a: Calyrex|Glacial Lance|p1a: Calyrex|[spread] p1a,p1b\n|-resisted|p1b: Incineroar\n|-damage|p1a: Calyrex|47/100\n|-damage|p1b: Incineroar|68/100\n|\n|-heal|p1a: Calyrex|52/100|[from] Grassy Terrain\n|-heal|p2b: Incineroar|86/100|[from] Grassy Terrain\n|-heal|p1b: Incineroar|74/100|[from] Grassy Terrain\n|upkeep\n|turn|2\n|inactive|Umanohito has 30 seconds left.\n|inactive|Umanohito has 20 seconds left.\n|inactive|Umanohito has 15 seconds left.\n|inactive|Umanohito has 10 seconds left.\n|\n|t:|1773563620\n|-terastallize|p2a: Calyrex|Water\n|move|p1a: Calyrex|Protect|p1a: Calyrex\n|-singleturn|p1a: Calyrex|Protect\n|move|p2b: Incineroar|Flare Blitz|p1a: Calyrex\n|-activate|p1a: Calyrex|move: Protect\n|move|p1b: Incineroar|Knock Off|p2a: Calyrex\n|-damage|p2a: Calyrex|77/100\n|-enditem|p2a: Calyrex|Clear Amulet|[from] move: Knock Off|[of] p1b: Incineroar\n|move|p2a: Calyrex|Glacial Lance|p1a: Calyrex|[spread] p1b\n|-activate|p1a: Calyrex|move: Protect\n|-resisted|p1b: Incineroar\n|-damage|p1b: Incineroar|54/100\n|\n|-heal|p1a: Calyrex|58/100|[from] Grassy Terrain\n|-heal|p2b: Incineroar|92/100|[from] Grassy Terrain\n|-heal|p1b: Incineroar|60/100|[from] Grassy Terrain\n|-heal|p2a: Calyrex|83/100|[from] Grassy Terrain\n|upkeep\n|turn|3\n|inactive|Umanohito has 30 seconds left.\n|inactive|Umanohito has 20 seconds left.\n|\n|t:|1773563657\n|move|p1a: Calyrex|Draining Kiss|p2a: Calyrex\n|-damage|p2a: Calyrex|54/100\n|-heal|p1a: Calyrex|81/100|[from] drain|[of] p2a: Calyrex\n|move|p2b: Incineroar|Flare Blitz|p1a: Calyrex\n|-damage|p1a: Calyrex|50/100\n|-damage|p2b: Incineroar|82/100|[from] Recoil\n|move|p1b: Incineroar|Parting Shot|p2a: Calyrex\n|-unboost|p2a: Calyrex|atk|1\n|-unboost|p2a: Calyrex|spa|1\n|\n|t:|1773563667\n|switch|p1b: Clefairy|Clefairy, L50, M|100/100|[from] Parting Shot\n|move|p2a: Calyrex|Glacial Lance|p1a: Calyrex|[spread] p1a,p1b\n|-damage|p1a: Calyrex|23/100\n|-damage|p1b: Clefairy|71/100\n|\n|-heal|p1a: Calyrex|29/100|[from] Grassy Terrain\n|-heal|p2b: Incineroar|88/100|[from] Grassy Terrain\n|-heal|p2a: Calyrex|60/100|[from] Grassy Terrain\n|-heal|p1b: Clefairy|77/100|[from] Grassy Terrain\n|upkeep\n|turn|4\n|inactive|Umanohito has 30 seconds left.\n|\n|t:|1773563693\n|move|p1a: Calyrex|Protect|p1a: Calyrex\n|-singleturn|p1a: Calyrex|Protect\n|move|p2b: Incineroar|Knock Off|p1b: Clefairy\n|-resisted|p1b: Clefairy\n|-damage|p1b: Clefairy|66/100\n|-enditem|p1b: Clefairy|Eviolite|[from] move: Knock Off|[of] p2b: Incineroar\n|move|p2a: Calyrex|Glacial Lance|p1b: Clefairy|[spread] p1b\n|-activate|p1a: Calyrex|move: Protect\n|-damage|p1b: Clefairy|18/100\n|move|p1b: Clefairy|Life Dew|p1b: Clefairy|[spread] p1a,p1b\n|-heal|p1a: Calyrex|54/100\n|-heal|p1b: Clefairy|43/100\n|\n|-heal|p1a: Calyrex|60/100|[from] Grassy Terrain\n|-heal|p2b: Incineroar|94/100|[from] Grassy Terrain\n|-heal|p2a: Calyrex|66/100|[from] Grassy Terrain\n|-heal|p1b: Clefairy|49/100|[from] Grassy Terrain\n|upkeep\n|turn|5\n|inactive|Umanohito has 30 seconds left.\n|inactive|Umanohito has 20 seconds left.\n|inactive|Umanohito has 15 seconds left.\n|inactive|Umanohito has 10 seconds left.\n|inactive|Umanohito has 5 seconds left.\n|\n|t:|1773563746\n|switch|p1b: Incineroar|Incineroar, L50, F|60/100\n|-ability|p1b: Incineroar|Intimidate|boost\n|-unboost|p2a: Calyrex|atk|1\n|-unboost|p2b: Incineroar|atk|1\n|move|p1a: Calyrex|Draining Kiss|p2a: Calyrex\n|-damage|p2a: Calyrex|35/100\n|-heal|p1a: Calyrex|84/100|[from] drain|[of] p2a: Calyrex\n|move|p2b: Incineroar|Flare Blitz|p1a: Calyrex\n|-damage|p1a: Calyrex|59/100\n|-damage|p2b: Incineroar|86/100|[from] Recoil\n|move|p2a: Calyrex|Glacial Lance|p1a: Calyrex|[spread] p1a,p1b\n|-resisted|p1b: Incineroar\n|-damage|p1a: Calyrex|34/100\n|-damage|p1b: Incineroar|50/100\n|\n|-heal|p1a: Calyrex|40/100|[from] Grassy Terrain\n|-heal|p2b: Incineroar|92/100|[from] Grassy Terrain\n|-heal|p1b: Incineroar|56/100|[from] Grassy Terrain\n|-heal|p2a: Calyrex|41/100|[from] Grassy Terrain\n|-fieldend|move: Grassy Terrain\n|upkeep\n|turn|6\n|inactive|Umanohito has 30 seconds left.\n|\n|t:|1773563774\n|switch|p2a: Ursaluna|Ursaluna, L50, M|100/100\n|move|p1b: Incineroar|Fake Out|p2b: Incineroar\n|-damage|p2b: Incineroar|82/100\n|move|p1a: Calyrex|Astral Barrage|p2a: Ursaluna|[spread] p2b\n|-immune|p2a: Ursaluna\n|-resisted|p2b: Incineroar\n|-damage|p2b: Incineroar|57/100\n|cant|p2b: Incineroar|flinch\n|\n|-status|p2a: Ursaluna|brn|[from] item: Flame Orb\n|upkeep\n|turn|7\n|inactive|Umanohito has 30 seconds left.\n|\n|t:|1773563800\n|move|p1a: Calyrex|Protect|p1a: Calyrex\n|-singleturn|p1a: Calyrex|Protect\n|move|p2b: Incineroar|U-turn|p1b: Incineroar\n|-damage|p1b: Incineroar|49/100\n|-damage|p2b: Incineroar|41/100|[from] item: Rocky Helmet|[of] p1b: Incineroar\n|\n|t:|1773563816\n|switch|p2b: Miraidon|Miraidon, L50|100/100|[from] U-turn\n|-fieldstart|move: Electric Terrain|[from] ability: Hadron Engine|[of] p2b: Miraidon\n|move|p1b: Incineroar|Parting Shot|p2a: Ursaluna\n|-unboost|p2a: Ursaluna|atk|1\n|-unboost|p2a: Ursaluna|spa|1\n|\n|t:|1773563823\n|switch|p1b: Clefairy|Clefairy, L50, M|49/100|[from] Parting Shot\n|move|p2a: Ursaluna|Facade|p1b: Clefairy\n|-damage|p1b: Clefairy|0 fnt\n|faint|p1b: Clefairy\n|\n|-damage|p2a: Ursaluna|95/100 brn|[from] brn\n|upkeep\n|\n|t:|1773563842\n|switch|p1b: Rillaboom|Rillaboom, L50, M|100/100\n|-fieldstart|move: Grassy Terrain|[from] ability: Grassy Surge|[of] p1b: Rillaboom\n|turn|8\n|\n|t:|1773563854\n|switch|p2a: Incineroar|Incineroar, L50, M|41/100\n|-ability|p2a: Incineroar|Intimidate|boost\n|-unboost|p1a: Calyrex|atk|1\n|-unboost|p1b: Rillaboom|atk|1\n|move|p1b: Rillaboom|Fake Out|p2a: Incineroar\n|-damage|p2a: Incineroar|33/100\n|move|p1a: Calyrex|Draining Kiss|p2b: Miraidon\n|-supereffective|p2b: Miraidon\n|-damage|p2b: Miraidon|19/100\n|-heal|p1a: Calyrex|99/100|[from] drain|[of] p2b: Miraidon\n|move|p2b: Miraidon|Volt Switch|p1a: Calyrex\n|-damage|p1a: Calyrex|66/100\n|\n|t:|1773563869\n|switch|p2b: Calyrex|Calyrex-Ice, L50, tera:Water|41/100|[from] Volt Switch\n|-ability|p2b: Calyrex|As One\n|-ability|p2b: Calyrex|Unnerve\n|\n|-heal|p1a: Calyrex|72/100|[from] Grassy Terrain\n|-heal|p2a: Incineroar|39/100|[from] Grassy Terrain\n|-heal|p2b: Calyrex|46/100|[from] Grassy Terrain\n|upkeep\n|turn|9\n|inactive|Umanohito has 30 seconds left.\n|inactive|Umanohito has 20 seconds left.\n|\n|t:|1773563905\n|move|p2a: Incineroar|Fake Out|p1b: Rillaboom\n|-damage|p1b: Rillaboom|88/100\n|move|p1a: Calyrex|Astral Barrage|p2b: Calyrex|[spread] p2a,p2b\n|-resisted|p2a: Incineroar\n|-damage|p2a: Incineroar|15/100\n|-damage|p2b: Calyrex|2/100\n|cant|p1b: Rillaboom|flinch\n|move|p2b: Calyrex|Trick Room|p2b: Calyrex\n|-fieldstart|move: Trick Room|[of] p2b: Calyrex\n|\n|-heal|p2b: Calyrex|8/100|[from] Grassy Terrain\n|-heal|p2a: Incineroar|21/100|[from] Grassy Terrain\n|-heal|p1b: Rillaboom|94/100|[from] Grassy Terrain\n|-heal|p1a: Calyrex|78/100|[from] Grassy Terrain\n|upkeep\n|turn|10\n|\n|t:|1773563927\n|switch|p2a: Miraidon|Miraidon, L50|19/100\n|-fieldstart|move: Electric Terrain|[from] ability: Hadron Engine|[of] p2a: Miraidon\n|switch|p1b: Incineroar|Incineroar, L50, F|49/100\n|-ability|p1b: Incineroar|Intimidate|boost\n|-unboost|p2a: Miraidon|atk|1\n|-unboost|p2b: Calyrex|atk|1\n|move|p1a: Calyrex|Protect|p1a: Calyrex\n|-singleturn|p1a: Calyrex|Protect\n|move|p2b: Calyrex|Glacial Lance|p1a: Calyrex|[spread] p1b\n|-activate|p1a: Calyrex|move: Protect\n|-resisted|p1b: Incineroar\n|-damage|p1b: Incineroar|36/100\n|\n|upkeep\n|turn|11\n|inactive|Umanohito has 30 seconds left.\n|inactive|Umanohito has 20 seconds left.\n|inactive|Umanohito has 15 seconds left.\n|\n|t:|1773563967\n|move|p1b: Incineroar|Fake Out|p2a: Miraidon\n|-damage|p2a: Miraidon|9/100\n|move|p2b: Calyrex|Glacial Lance|p1a: Calyrex|[spread] p1a,p1b\n|-resisted|p1b: Incineroar\n|-damage|p1a: Calyrex|44/100\n|-damage|p1b: Incineroar|22/100\n|cant|p2a: Miraidon|flinch\n|move|p1a: Calyrex|Astral Barrage|p2b: Calyrex|[spread] p2a,p2b\n|-damage|p2a: Miraidon|0 fnt\n|-damage|p2b: Calyrex|0 fnt\n|faint|p2a: Miraidon\n|faint|p2b: Calyrex\n|-ability|p1a: Calyrex|Grim Neigh|boost\n|-boost|p1a: Calyrex|spa|2\n|\n|upkeep\n|\n|t:|1773563974\n|switch|p2b: Ursaluna|Ursaluna, L50, M|95/100 brn\n|switch|p2a: Incineroar|Incineroar, L50, M|21/100\n|-ability|p2a: Incineroar|Intimidate|boost\n|-unboost|p1a: Calyrex|atk|1\n|-unboost|p1b: Incineroar|atk|1\n|turn|12\n|\n|t:|1773563999\n|switch|p1b: Rillaboom|Rillaboom, L50, M|94/100\n|-fieldstart|move: Grassy Terrain|[from] ability: Grassy Surge|[of] p1b: Rillaboom\n|move|p1a: Calyrex|Protect|p1a: Calyrex\n|-singleturn|p1a: Calyrex|Protect\n|move|p2b: Ursaluna|Facade|p1b: Rillaboom\n|-damage|p1b: Rillaboom|0 fnt\n|faint|p1b: Rillaboom\n|move|p2a: Incineroar|Flare Blitz|p1a: Calyrex\n|-activate|p1a: Calyrex|move: Protect\n|\n|-heal|p2b: Ursaluna|100/100 brn|[from] Grassy Terrain\n|-heal|p2a: Incineroar|27/100|[from] Grassy Terrain\n|-heal|p1a: Calyrex|50/100|[from] Grassy Terrain\n|-damage|p2b: Ursaluna|95/100 brn|[from] brn\n|upkeep\n|\n|t:|1773564013\n|switch|p1b: Incineroar|Incineroar, L50, F|22/100\n|-ability|p1b: Incineroar|Intimidate|boost\n|-unboost|p2a: Incineroar|atk|1\n|-unboost|p2b: Ursaluna|atk|1\n|turn|13\n|inactive|Umanohito has 30 seconds left.\n|\n|t:|1773564023\n|move|p1b: Incineroar|Fake Out|p2b: Ursaluna\n|-crit|p2b: Ursaluna\n|-damage|p2b: Ursaluna|82/100 brn\n|cant|p2b: Ursaluna|flinch\n|move|p2a: Incineroar|Flare Blitz|p1a: Calyrex\n|-damage|p1a: Calyrex|18/100\n|-damage|p2a: Incineroar|17/100|[from] Recoil\n|move|p1a: Calyrex|Draining Kiss|p2a: Incineroar\n|-crit|p2a: Incineroar\n|-damage|p2a: Incineroar|0 fnt\n|-heal|p1a: Calyrex|31/100|[from] drain|[of] p2a: Incineroar\n|faint|p2a: Incineroar\n|-ability|p1a: Calyrex|Grim Neigh|boost\n|-boost|p1a: Calyrex|spa|1\n|\n|-heal|p2b: Ursaluna|88/100 brn|[from] Grassy Terrain\n|-heal|p1b: Incineroar|28/100|[from] Grassy Terrain\n|-heal|p1a: Calyrex|37/100|[from] Grassy Terrain\n|-damage|p2b: Ursaluna|82/100 brn|[from] brn\n|-fieldend|move: Trick Room\n|upkeep\n|turn|14\n|inactive|Umanohito has 30 seconds left this turn.\n|inactive|Umanohito has 20 seconds left.\n|inactive|Umanohito has 15 seconds left.\n|\n|t:|1773564042\n|move|p2b: Ursaluna|Protect|p2b: Ursaluna\n|-singleturn|p2b: Ursaluna|Protect\n|move|p1a: Calyrex|Draining Kiss|p2b: Ursaluna\n|-activate|p2b: Ursaluna|move: Protect\n|move|p1b: Incineroar|Knock Off|p2b: Ursaluna\n|-activate|p2b: Ursaluna|move: Protect\n|\n|-heal|p1a: Calyrex|43/100|[from] Grassy Terrain\n|-heal|p1b: Incineroar|34/100|[from] Grassy Terrain\n|-heal|p2b: Ursaluna|88/100 brn|[from] Grassy Terrain\n|-damage|p2b: Ursaluna|82/100 brn|[from] brn\n|upkeep\n|turn|15\n|inactive|Umanohito has 15 seconds left this turn.\n|inactive|Umanohito has 10 seconds left.\n|\n|t:|1773564050\n|move|p2b: Ursaluna|Protect||[still]\n|-fail|p2b: Ursaluna\n|move|p1a: Calyrex|Draining Kiss|p2b: Ursaluna\n|-damage|p2b: Ursaluna|0 fnt\n|-heal|p1a: Calyrex|100/100|[from] drain|[of] p2b: Ursaluna\n|faint|p2b: Ursaluna\n|\n|win|Umanohito\n|raw|Umanohito's rating: 1458 &rarr; <strong>1479</strong><br />(+21 for winning)\n|raw|Bman311's rating: 1471 &rarr; <strong>1450</strong><br />(-21 for losing)\n|l|\u2606Bman311\n|player|p2|\n|l|\u2606Umanohito\n|player|p1|\n","uploadtime":1773564267,"views":23,"formatid":"gen9vgc2026regi","rating":1450,"private":0,"password":null}