{"id":"gen9vgc2026regi-2519386794","format":"[Gen 9] VGC 2026 Reg I","players":["jason986","kojimuranishi"],"log":"|j|\u2606jason986\n|j|\u2606kojimuranishi\n|t:|1768501402\n|gametype|doubles\n|player|p1|jason986|lady|1416\n|player|p2|kojimuranishi|265|1502\n|gen|9\n|tier|[Gen 9] VGC 2026 Reg I\n|rated|\n|rule|Species Clause: Limit one of each Pok\u00e9mon\n|rule|Item Clause: Limit 1 of each item\n|clearpoke\n|poke|p1|Calyrex-Ice, L50|\n|poke|p1|Lunala, L50|\n|poke|p1|Ursaluna, L50, M|\n|poke|p1|Torkoal, L50, M|\n|poke|p1|Indeedee-F, L50, F|\n|poke|p1|Amoonguss, L50, M|\n|poke|p2|Zamazenta-*, L50|\n|poke|p2|Lunala, L50|\n|poke|p2|Chien-Pao, L50|\n|poke|p2|Dragonite, L50, F|\n|poke|p2|Chi-Yu, L50|\n|poke|p2|Urshifu-*, L50, M|\n|teampreview|4\n|inactive|Battle timer is ON: inactive players will automatically lose when time's up. (requested by jason986)\n|inactive|kojimuranishi has 60 seconds left.\n|\n|t:|1768501438\n|teamsize|p1|4\n|teamsize|p2|4\n|start\n|switch|p1a: Lunala|Lunala, L50|100/100\n|switch|p1b: Indeedee|Indeedee-F, L50, F|100/100\n|switch|p2a: Lunala|Lunala, L50|100/100\n|switch|p2b: Chi-Yu|Chi-Yu, L50|100/100\n|-ability|p2b: Chi-Yu|Beads of Ruin\n|-fieldstart|move: Psychic Terrain|[from] ability: Psychic Surge|[of] p1b: Indeedee\n|turn|1\n|inactive|jason986 has 30 seconds left.\n|\n|t:|1768501471\n|-terastallize|p1a: Lunala|Water\n|move|p2b: Chi-Yu|Snarl|p1b: Indeedee|[spread] p1a,p1b\n|-supereffective|p1b: Indeedee\n|-damage|p1a: Lunala|91/100\n|-damage|p1b: Indeedee|33/100\n|-unboost|p1a: Lunala|spa|1\n|-unboost|p1b: Indeedee|spa|1\n|move|p1a: Lunala|Meteor Beam||[still]\n|-prepare|p1a: Lunala|Meteor Beam\n|-boost|p1a: Lunala|spa|1\n|-enditem|p1a: Lunala|Power Herb\n|-anim|p1a: Lunala|Meteor Beam|p2b: Chi-Yu\n|-supereffective|p2b: Chi-Yu\n|-damage|p2b: Chi-Yu|0 fnt\n|faint|p2b: Chi-Yu\n|move|p2a: Lunala|Trick Room|p2a: Lunala\n|-fieldstart|move: Trick Room|[of] p2a: Lunala\n|move|p1b: Indeedee|Trick Room|p1b: Indeedee\n|-fieldend|move: Trick Room\n|\n|upkeep\n|inactive|kojimuranishi has 30 seconds left.\n|\n|t:|1768501504\n|switch|p2b: Dragonite|Dragonite, L50, F|100/100\n|turn|2\n|\n|t:|1768501518\n|move|p2a: Lunala|Moonblast|p1b: Indeedee\n|-damage|p1b: Indeedee|0 fnt\n|faint|p1b: Indeedee\n|move|p2b: Dragonite|Outrage|p1a: Lunala\n|-damage|p1a: Lunala|4/100\n|move|p1a: Lunala|Trick Room|p1a: Lunala\n|-fieldstart|move: Trick Room|[of] p1a: Lunala\n|\n|upkeep\n|\n|t:|1768501538\n|switch|p1b: Ursaluna|Ursaluna, L50, M|100/100\n|turn|3\n|\n|t:|1768501551\n|move|p1b: Ursaluna|Headlong Rush|p2a: Lunala\n|-damage|p2a: Lunala|73/100\n|-unboost|p1b: Ursaluna|def|1\n|-unboost|p1b: Ursaluna|spd|1\n|move|p1a: Lunala|Moongeist Beam|p2a: Lunala\n|-supereffective|p2a: Lunala\n|-damage|p2a: Lunala|0 fnt\n|faint|p2a: Lunala\n|move|p2b: Dragonite|Outrage|p1b: Ursaluna|[from] lockedmove\n|-damage|p1b: Ursaluna|0 fnt\n|faint|p1b: Ursaluna\n|\n|upkeep\n|\n|t:|1768501565\n|switch|p1b: Torkoal|Torkoal, L50, M|100/100\n|switch|p2a: Zamazenta|Zamazenta-Crowned, L50|100/100\n|-weather|SunnyDay|[from] ability: Drought|[of] p1b: Torkoal\n|-ability|p2a: Zamazenta|Dauntless Shield|boost\n|-boost|p2a: Zamazenta|def|1\n|turn|4\n|\n|t:|1768501579\n|-terastallize|p2a: Zamazenta|Water\n|move|p1b: Torkoal|Weather Ball|p2b: Dragonite\n|-resisted|p2b: Dragonite\n|-crit|p2b: Dragonite\n|-damage|p2b: Dragonite|66/100\n|move|p1a: Lunala|Moongeist Beam|p2b: Dragonite\n|-damage|p2b: Dragonite|9/100\n|move|p2b: Dragonite|Outrage|p1a: Lunala|[from] lockedmove\n|-damage|p1a: Lunala|0 fnt\n|faint|p1a: Lunala\n|-start|p2b: Dragonite|confusion|[fatigue]\n|move|p2a: Zamazenta|Body Press|p1b: Torkoal\n|-damage|p1b: Torkoal|51/100\n|\n|-weather|SunnyDay|[upkeep]\n|upkeep\n|turn|5\n|-message|jason986 forfeited.\n|\n|win|kojimuranishi\n|raw|jason986's rating: 1416 &rarr; <strong>1401</strong><br />(-15 for losing)\n|raw|kojimuranishi's rating: 1502 &rarr; <strong>1517</strong><br />(+15 for winning)\n|l|\u2606jason986\n|player|p1|\n|l|\u2606kojimuranishi\n|player|p2|\n","uploadtime":1768501826,"views":35,"formatid":"gen9vgc2026regi","rating":1401,"private":0,"password":null}