{"id":"gen9vgc2026regi-2552461335","format":"[Gen 9] VGC 2026 Reg I","players":["foguip334","CHR1SPHX"],"log":"|j|\u2606foguip334\n|j|\u2606CHR1SPHX\n|t:|1772723902\n|gametype|doubles\n|player|p1|foguip334|hilbert|1084\n|player|p2|CHR1SPHX|hilbert|1206\n|gen|9\n|tier|[Gen 9] VGC 2026 Reg I\n|rated|\n|rule|Species Clause: Limit one of each Pok\u00e9mon\n|rule|Item Clause: Limit 1 of each item\n|clearpoke\n|poke|p1|Brute Bonnet, L50|\n|poke|p1|Koraidon, L50|\n|poke|p1|Incineroar, L50, M|\n|poke|p1|Meowscarada, L50, F|\n|poke|p1|Clodsire, L50, F|\n|poke|p1|Calyrex-Shadow, L50|\n|poke|p2|Lunala, L50|\n|poke|p2|Amoonguss, L50, M|\n|poke|p2|Ursaluna-Bloodmoon, L50, M|\n|poke|p2|Incineroar, L50, M|\n|poke|p2|Koraidon, L50|\n|poke|p2|Flutter Mane, L50|\n|teampreview|4\n|inactive|Battle timer is ON: inactive players will automatically lose when time's up. (requested by CHR1SPHX)\n|inactive|foguip334 also wants the timer to be on.\n|inactive|CHR1SPHX has 60 seconds left.\n|inactive|foguip334 has 60 seconds left.\n|\n|t:|1772723948\n|teamsize|p1|4\n|teamsize|p2|4\n|start\n|switch|p1a: Fightingcock|Koraidon, L50|100/100\n|switch|p1b: Brochacho|Brute Bonnet, L50, shiny|100/100\n|switch|p2a: Amoonguss|Amoonguss, L50, M, shiny|100/100\n|switch|p2b: Lunala|Lunala, L50, shiny|100/100\n|-weather|SunnyDay|[from] ability: Orichalcum Pulse|[of] p1a: Fightingcock\n|-activate|p1b: Brochacho|ability: Protosynthesis\n|-start|p1b: Brochacho|protosynthesisspd\n|-activate|p1a: Fightingcock|Orichalcum Pulse|[source]\n|turn|1\n|inactive|CHR1SPHX has 30 seconds left.\n|\n|t:|1772723976\n|switch|p2b: Incineroar|Incineroar, L50, M|100/100\n|-ability|p2b: Incineroar|Intimidate|boost\n|-unboost|p1a: Fightingcock|atk|1\n|-unboost|p1b: Brochacho|atk|1\n|-terastallize|p1a: Fightingcock|Fire\n|move|p1a: Fightingcock|Flame Charge|p2a: Amoonguss\n|-supereffective|p2a: Amoonguss\n|-damage|p2a: Amoonguss|4/100\n|-boost|p1a: Fightingcock|spe|1\n|-damage|p1a: Fightingcock|84/100|[from] item: Rocky Helmet|[of] p2a: Amoonguss\n|-damage|p1a: Fightingcock|74/100|[from] item: Life Orb\n|move|p1b: Brochacho|Spore|p2b: Incineroar\n|-activate|p2b: Incineroar|item: Safety Goggles|Spore\n|move|p2a: Amoonguss|Spore|p1a: Fightingcock\n|-status|p1a: Fightingcock|slp|[from] move: Spore\n|\n|-weather|SunnyDay|[upkeep]\n|upkeep\n|turn|2\n|\n|t:|1772723999\n|switch|p1a: Messi 2008|Incineroar, L50, M|100/100\n|-ability|p1a: Messi 2008|Intimidate|boost\n|-unboost|p2a: Amoonguss|atk|1\n|-unboost|p2b: Incineroar|atk|1\n|move|p2b: Incineroar|Fake Out|p1b: Brochacho\n|-damage|p1b: Brochacho|94/100\n|cant|p1b: Brochacho|flinch\n|move|p2a: Amoonguss|Pollen Puff|p1b: Brochacho\n|-supereffective|p1b: Brochacho\n|-damage|p1b: Brochacho|59/100\n|\n|-weather|SunnyDay|[upkeep]\n|upkeep\n|turn|3\n|inactive|CHR1SPHX has 30 seconds left.\n|\n|t:|1772724034\n|move|p1a: Messi 2008|Fake Out|p2b: Incineroar\n|-damage|p2b: Incineroar|91/100\n|move|p2a: Amoonguss|Rage Powder|p2a: Amoonguss\n|-singleturn|p2a: Amoonguss|move: Rage Powder\n|move|p1b: Brochacho|Sucker Punch||[still]\n|-fail|p1b: Brochacho\n|cant|p2b: Incineroar|flinch\n|\n|-weather|SunnyDay|[upkeep]\n|upkeep\n|turn|4\n|\n|t:|1772724049\n|move|p2a: Amoonguss|Rage Powder|p2a: Amoonguss\n|-singleturn|p2a: Amoonguss|move: Rage Powder\n|move|p1a: Messi 2008|Knock Off|p2b: Incineroar\n|-resisted|p2b: Incineroar\n|-damage|p2b: Incineroar|76/100\n|-enditem|p2b: Incineroar|Safety Goggles|[from] move: Knock Off|[of] p1a: Messi 2008\n|move|p2b: Incineroar|Taunt|p1b: Brochacho\n|-start|p1b: Brochacho|move: Taunt\n|cant|p1b: Brochacho|move: Taunt|Spore\n|\n|-weather|SunnyDay|[upkeep]\n|upkeep\n|turn|5\n|\n|t:|1772724066\n|switch|p2a: Flutter Mane|Flutter Mane, L50|100/100\n|-activate|p2a: Flutter Mane|ability: Protosynthesis\n|-start|p2a: Flutter Mane|protosynthesisspe\n|move|p1b: Brochacho|Sucker Punch||[still]\n|-fail|p1b: Brochacho\n|move|p1a: Messi 2008|Knock Off|p2a: Flutter Mane\n|-damage|p2a: Flutter Mane|10/100\n|-enditem|p2a: Flutter Mane|Focus Sash|[from] move: Knock Off|[of] p1a: Messi 2008\n|move|p2b: Incineroar|Parting Shot|p1a: Messi 2008\n|-unboost|p1a: Messi 2008|atk|1\n|-unboost|p1a: Messi 2008|spa|1\n|\n|t:|1772724080\n|switch|p2b: Amoonguss|Amoonguss, L50, M, shiny|37/100|[from] Parting Shot\n|\n|-weather|none\n|-end|p2a: Flutter Mane|Protosynthesis\n|-end|p1b: Brochacho|Protosynthesis\n|upkeep\n|turn|6\n|\n|t:|1772724100\n|switch|p2b: Incineroar|Incineroar, L50, M|76/100\n|-ability|p2b: Incineroar|Intimidate|boost\n|-unboost|p1a: Messi 2008|atk|1\n|-unboost|p1b: Brochacho|atk|1\n|move|p1b: Brochacho|Sucker Punch||[still]\n|-fail|p1b: Brochacho\n|move|p2a: Flutter Mane|Thunder Wave|p1a: Messi 2008\n|-status|p1a: Messi 2008|par\n|move|p1a: Messi 2008|Knock Off|p2b: Incineroar\n|-resisted|p2b: Incineroar\n|-damage|p2b: Incineroar|70/100\n|\n|-end|p1b: Brochacho|move: Taunt\n|upkeep\n|turn|7\n|\n|t:|1772724119\n|-end|p2a: Flutter Mane|Protosynthesis|[silent]\n|switch|p2a: Amoonguss|Amoonguss, L50, M, shiny|70/100\n|move|p2b: Incineroar|Fake Out|p1b: Brochacho\n|-damage|p1b: Brochacho|50/100\n|-enditem|p1b: Brochacho|Sitrus Berry|[eat]\n|-heal|p1b: Brochacho|75/100|[from] item: Sitrus Berry\n|cant|p1b: Brochacho|flinch\n|move|p1a: Messi 2008|Flare Blitz|p2a: Amoonguss\n|-supereffective|p2a: Amoonguss\n|-damage|p2a: Amoonguss|31/100\n|-damage|p1a: Messi 2008|84/100 par|[from] item: Rocky Helmet|[of] p2a: Amoonguss\n|-damage|p1a: Messi 2008|70/100 par|[from] Recoil\n|\n|upkeep\n|turn|8\n|\n|t:|1772724138\n|move|p2b: Incineroar|Taunt|p1b: Brochacho\n|-start|p1b: Brochacho|move: Taunt\n|cant|p1b: Brochacho|move: Taunt|Spore\n|move|p1a: Messi 2008|Knock Off|p2a: Amoonguss\n|-damage|p2a: Amoonguss|15/100\n|-damage|p1a: Messi 2008|53/100 par|[from] item: Rocky Helmet|[of] p2a: Amoonguss\n|-enditem|p2a: Amoonguss|Rocky Helmet|[from] move: Knock Off|[of] p1a: Messi 2008\n|move|p2a: Amoonguss|Pollen Puff|p2b: Incineroar\n|-heal|p2b: Incineroar|100/100\n|\n|upkeep\n|turn|9\n|inactive|CHR1SPHX has 30 seconds left.\n|\n|t:|1772724167\n|move|p2b: Incineroar|Parting Shot|p1b: Brochacho\n|-unboost|p1b: Brochacho|atk|1\n|-unboost|p1b: Brochacho|spa|1\n|\n|t:|1772724174\n|switch|p2b: Lunala|Lunala, L50, shiny|100/100|[from] Parting Shot\n|move|p1b: Brochacho|Seed Bomb|p2b: Lunala\n|-damage|p2b: Lunala|96/100\n|move|p1a: Messi 2008|Knock Off|p2a: Amoonguss\n|-damage|p2a: Amoonguss|3/100\n|move|p2a: Amoonguss|Pollen Puff|p1b: Brochacho\n|-supereffective|p1b: Brochacho\n|-damage|p1b: Brochacho|27/100\n|\n|upkeep\n|turn|10\n|inactive|CHR1SPHX has 30 seconds left.\n|inactive|CHR1SPHX has 20 seconds left.\n|\n|t:|1772724210\n|switch|p2b: Incineroar|Incineroar, L50, M|100/100\n|-ability|p2b: Incineroar|Intimidate|boost\n|-unboost|p1a: Messi 2008|atk|1\n|-unboost|p1b: Brochacho|atk|1\n|move|p1b: Brochacho|Seed Bomb|p2a: Amoonguss\n|-resisted|p2a: Amoonguss\n|-damage|p2a: Amoonguss|0 fnt\n|faint|p2a: Amoonguss\n|move|p1a: Messi 2008|Parting Shot|p2b: Incineroar\n|-unboost|p2b: Incineroar|atk|1\n|-unboost|p2b: Incineroar|spa|1\n|\n|t:|1772724223\n|switch|p1a: VON|Calyrex-Shadow, L50|100/100|[from] Parting Shot\n|-ability|p1a: VON|As One\n|-ability|p1a: VON|Unnerve\n|\n|-end|p1b: Brochacho|move: Taunt\n|upkeep\n|\n|t:|1772724228\n|switch|p2a: Lunala|Lunala, L50, shiny|96/100\n|turn|11\n|\n|t:|1772724248\n|move|p2a: Lunala|Wide Guard|p2a: Lunala\n|-singleturn|p2a: Lunala|Wide Guard\n|move|p1b: Brochacho|Rage Powder|p1b: Brochacho\n|-singleturn|p1b: Brochacho|move: Rage Powder\n|move|p1a: VON|Astral Barrage|p2b: Incineroar|[spread] \n|-activate|p2a: Lunala|move: Wide Guard\n|-activate|p2b: Incineroar|move: Wide Guard\n|move|p2b: Incineroar|Knock Off|p1b: Brochacho\n|-resisted|p1b: Brochacho\n|-damage|p1b: Brochacho|20/100\n|\n|upkeep\n|turn|12\n|inactive|CHR1SPHX has 30 seconds left.\n|\n|t:|1772724281\n|-terastallize|p2a: Lunala|Fairy\n|move|p1a: VON|Psyshock|p2a: Lunala\n|-damage|p2a: Lunala|61/100\n|move|p2a: Lunala|Moongeist Beam|p1a: VON\n|-supereffective|p1a: VON\n|-damage|p1a: VON|0 fnt\n|faint|p1a: VON\n|move|p2b: Incineroar|Taunt|p1b: Brochacho\n|-start|p1b: Brochacho|move: Taunt\n|cant|p1b: Brochacho|move: Taunt|Spore\n|\n|upkeep\n|\n|t:|1772724295\n|switch|p1a: Messi 2008|Incineroar, L50, M|53/100 par\n|-ability|p1a: Messi 2008|Intimidate|boost\n|-unboost|p2a: Lunala|atk|1\n|-unboost|p2b: Incineroar|atk|1\n|turn|13\n|inactive|CHR1SPHX has 30 seconds left.\n|\n|t:|1772724326\n|move|p1a: Messi 2008|Fake Out|p2b: Incineroar\n|-damage|p2b: Incineroar|92/100\n|move|p1b: Brochacho|Sucker Punch|p2a: Lunala\n|-resisted|p2a: Lunala\n|-damage|p2a: Lunala|57/100\n|move|p2a: Lunala|Moonblast|p1a: Messi 2008\n|-damage|p1a: Messi 2008|11/100 par\n|cant|p2b: Incineroar|flinch\n|\n|upkeep\n|turn|14\n|\n|t:|1772724342\n|move|p1b: Brochacho|Sucker Punch|p2a: Lunala\n|-resisted|p2a: Lunala\n|-crit|p2a: Lunala\n|-damage|p2a: Lunala|41/100\n|move|p2a: Lunala|Moonblast|p1a: Messi 2008\n|-damage|p1a: Messi 2008|0 fnt\n|faint|p1a: Messi 2008\n|move|p2b: Incineroar|Parting Shot|p1b: Brochacho\n|-unboost|p1b: Brochacho|atk|1\n|-unboost|p1b: Brochacho|spa|1\n|\n|t:|1772724349\n|switch|p2b: Flutter Mane|Flutter Mane, L50|10/100|[from] Parting Shot\n|\n|-end|p1b: Brochacho|move: Taunt\n|upkeep\n|\n|t:|1772724353\n|switch|p1a: Fightingcock|Koraidon, L50, tera:Fire|74/100 slp\n|-weather|SunnyDay|[from] ability: Orichalcum Pulse|[of] p1a: Fightingcock\n|-activate|p2b: Flutter Mane|ability: Protosynthesis\n|-start|p2b: Flutter Mane|protosynthesisspe\n|-activate|p1b: Brochacho|ability: Protosynthesis\n|-start|p1b: Brochacho|protosynthesisspd\n|-activate|p1a: Fightingcock|Orichalcum Pulse|[source]\n|turn|15\n|\n|t:|1772724363\n|-end|p2b: Flutter Mane|Protosynthesis|[silent]\n|switch|p2b: Incineroar|Incineroar, L50, M|92/100\n|-ability|p2b: Incineroar|Intimidate|boost\n|-unboost|p1a: Fightingcock|atk|1\n|-unboost|p1b: Brochacho|atk|1\n|move|p1b: Brochacho|Sucker Punch||[still]\n|-fail|p1b: Brochacho\n|cant|p1a: Fightingcock|slp\n|move|p2a: Lunala|Moongeist Beam|p1a: Fightingcock\n|-damage|p1a: Fightingcock|30/100 slp\n|\n|-weather|SunnyDay|[upkeep]\n|upkeep\n|turn|16\n|\n|t:|1772724388\n|move|p2b: Incineroar|Fake Out|p1a: Fightingcock\n|-damage|p1a: Fightingcock|22/100 slp\n|move|p1b: Brochacho|Sucker Punch|p2a: Lunala\n|-resisted|p2a: Lunala\n|-damage|p2a: Lunala|39/100\n|-curestatus|p1a: Fightingcock|slp|[msg]\n|cant|p1a: Fightingcock|flinch\n|move|p2a: Lunala|Moonblast|p1b: Brochacho\n|-supereffective|p1b: Brochacho\n|-damage|p1b: Brochacho|0 fnt\n|faint|p1b: Brochacho\n|-end|p1b: Brochacho|Protosynthesis|[silent]\n|\n|-weather|SunnyDay|[upkeep]\n|upkeep\n|turn|17\n|\n|t:|1772724399\n|move|p1a: Fightingcock|Flame Charge|p2a: Lunala\n|-crit|p2a: Lunala\n|-damage|p2a: Lunala|0 fnt\n|-boost|p1a: Fightingcock|spe|1\n|faint|p2a: Lunala\n|-damage|p1a: Fightingcock|12/100|[from] item: Life Orb\n|move|p2b: Incineroar|Parting Shot|p1a: Fightingcock\n|-unboost|p1a: Fightingcock|atk|1\n|-unboost|p1a: Fightingcock|spa|1\n|\n|t:|1772724407\n|switch|p2b: Flutter Mane|Flutter Mane, L50|10/100|[from] Parting Shot\n|-activate|p2b: Flutter Mane|ability: Protosynthesis\n|-start|p2b: Flutter Mane|protosynthesisspe\n|\n|-weather|SunnyDay|[upkeep]\n|upkeep\n|\n|t:|1772724410\n|switch|p2a: Incineroar|Incineroar, L50, M|92/100\n|-ability|p2a: Incineroar|Intimidate|boost\n|-unboost|p1a: Fightingcock|atk|1\n|turn|18\n|\n|t:|1772724418\n|move|p2a: Incineroar|Fake Out|p1a: Fightingcock\n|-damage|p1a: Fightingcock|4/100\n|move|p2b: Flutter Mane|Shadow Ball|p1a: Fightingcock\n|-damage|p1a: Fightingcock|0 fnt\n|faint|p1a: Fightingcock\n|\n|win|CHR1SPHX\n|raw|foguip334's rating: 1084 &rarr; <strong>1069</strong><br />(-15 for losing)\n|raw|CHR1SPHX's rating: 1206 &rarr; <strong>1223</strong><br />(+17 for winning)\n|l|\u2606foguip334\n|player|p1|\n","uploadtime":1772724430,"views":13,"formatid":"gen9vgc2026regi","rating":1069,"private":0,"password":null}