{"id":"gen9vgc2026regi-2562507302","format":"[Gen 9] VGC 2026 Reg I","players":["mkyscy24","Sh1k3"],"log":"|j|\u2606mkyscy24\n|j|\u2606Sh1k3\n|t:|1773925290\n|gametype|doubles\n|player|p1|mkyscy24|falkner|1152\n|player|p2|Sh1k3|169|1149\n|gen|9\n|tier|[Gen 9] VGC 2026 Reg I\n|rated|\n|rule|Species Clause: Limit one of each Pok\u00e9mon\n|rule|Item Clause: Limit 1 of each item\n|clearpoke\n|poke|p1|Calyrex-Shadow, L50|\n|poke|p1|Zamazenta-*, L50|\n|poke|p1|Chien-Pao, L50|\n|poke|p1|Dragonite, L50, M|\n|poke|p1|Amoonguss, L50, F|\n|poke|p1|Ogerpon-Cornerstone, L50, F|\n|poke|p2|Flutter Mane, L50|\n|poke|p2|Incineroar, L50, M|\n|poke|p2|Koraidon, L50|\n|poke|p2|Raging Bolt, L50|\n|poke|p2|Ho-Oh, L50|\n|poke|p2|Iron Treads, L50|\n|teampreview|4\n|inactive|Battle timer is ON: inactive players will automatically lose when time's up. (requested by Sh1k3)\nmkyscy24 has agreed to open team sheets.\n|\n|t:|1773925316\n|teamsize|p1|4\n|teamsize|p2|4\n|start\n|switch|p1a: Dragonite|Dragonite, L50, M|100/100\n|switch|p1b: Amoonguss|Amoonguss, L50, F|100/100\n|switch|p2a: Flutter Mane|Flutter Mane, L50|100/100\n|switch|p2b: Koraidon|Koraidon, L50|100/100\n|-weather|SunnyDay|[from] ability: Orichalcum Pulse|[of] p2b: Koraidon\n|-activate|p2a: Flutter Mane|ability: Protosynthesis\n|-start|p2a: Flutter Mane|protosynthesisspe\n|-activate|p2b: Koraidon|Orichalcum Pulse|[source]\n|turn|1\n|\n|t:|1773925341\n|-terastallize|p1a: Dragonite|Normal\n|move|p2b: Koraidon|Protect|p2b: Koraidon\n|-singleturn|p2b: Koraidon|Protect\n|move|p1a: Dragonite|Extreme Speed|p2b: Koraidon\n|-activate|p2b: Koraidon|move: Protect\n|move|p2a: Flutter Mane|Taunt|p1b: Amoonguss\n|-start|p1b: Amoonguss|move: Taunt\n|cant|p1b: Amoonguss|move: Taunt|Spore\n|\n|-weather|SunnyDay|[upkeep]\n|upkeep\n|turn|2\n|\n|t:|1773925360\n|switch|p1b: Ogerpon|Ogerpon-Cornerstone, L50, F|100/100\n|move|p1a: Dragonite|Extreme Speed|p2b: Koraidon\n|-damage|p2b: Koraidon|37/100\n|move|p2a: Flutter Mane|Moonblast|p1a: Dragonite\n|-damage|p1a: Dragonite|51/100\n|move|p2b: Koraidon|Low Kick|p1a: Dragonite\n|-supereffective|p1a: Dragonite\n|-damage|p1a: Dragonite|0 fnt\n|faint|p1a: Dragonite\n|\n|-weather|SunnyDay|[upkeep]\n|upkeep\n|\n|t:|1773925376\n|switch|p1a: Amoonguss|Amoonguss, L50, F|100/100\n|turn|3\n|\n|t:|1773925398\n|move|p1a: Amoonguss|Rage Powder|p1a: Amoonguss\n|-singleturn|p1a: Amoonguss|move: Rage Powder\n|move|p2a: Flutter Mane|Icy Wind|p1b: Ogerpon|[spread] p1a,p1b\n|-supereffective|p1a: Amoonguss\n|-supereffective|p1b: Ogerpon\n|-damage|p1a: Amoonguss|74/100\n|-damage|p1b: Ogerpon|68/100\n|-unboost|p1a: Amoonguss|spe|1\n|-unboost|p1b: Ogerpon|spe|1\n|move|p2b: Koraidon|Flame Charge|p1a: Amoonguss\n|-supereffective|p1a: Amoonguss\n|-damage|p1a: Amoonguss|18/100\n|-boost|p2b: Koraidon|spe|1\n|-damage|p2b: Koraidon|20/100|[from] item: Rocky Helmet|[of] p1a: Amoonguss\n|move|p1b: Ogerpon|Ivy Cudgel|p2b: Koraidon|[anim] Ivy Cudgel Rock\n|-resisted|p2b: Koraidon\n|-damage|p2b: Koraidon|0 fnt\n|faint|p2b: Koraidon\n|\n|-weather|SunnyDay|[upkeep]\n|upkeep\n|\n|t:|1773925419\n|switch|p2b: Ho-Oh|Ho-Oh, L50|100/100\n|turn|4\n|\n|t:|1773925443\n|-terastallize|p2b: Ho-Oh|Water\n|move|p2a: Flutter Mane|Icy Wind|p1a: Amoonguss|[spread] p1a,p1b\n|-supereffective|p1a: Amoonguss\n|-supereffective|p1b: Ogerpon\n|-damage|p1a: Amoonguss|0 fnt\n|-damage|p1b: Ogerpon|35/100\n|-unboost|p1b: Ogerpon|spe|1\n|faint|p1a: Amoonguss\n|move|p2b: Ho-Oh|Brave Bird|p1b: Ogerpon\n|-crit|p1b: Ogerpon\n|-damage|p1b: Ogerpon|0 fnt\n|faint|p1b: Ogerpon\n|-damage|p2b: Ho-Oh|92/100|[from] Recoil\n|\n|-weather|SunnyDay|[upkeep]\n|-heal|p2b: Ho-Oh|98/100|[from] item: Leftovers\n|upkeep\n|inactive|mkyscy24 has 30 seconds left.\n|\n|t:|1773925470\n|switch|p1b: Zamazenta|Zamazenta-Crowned, L50|100/100\n|-ability|p1b: Zamazenta|Dauntless Shield|boost\n|-boost|p1b: Zamazenta|def|1\n|turn|5\n|\n|t:|1773925486\n|move|p2a: Flutter Mane|Icy Wind|p1b: Zamazenta\n|-resisted|p1b: Zamazenta\n|-damage|p1b: Zamazenta|94/100\n|-unboost|p1b: Zamazenta|spe|1\n|move|p2b: Ho-Oh|Sacred Fire|p1b: Zamazenta\n|-supereffective|p1b: Zamazenta\n|-damage|p1b: Zamazenta|37/100\n|-status|p1b: Zamazenta|brn\n|move|p1b: Zamazenta|Behemoth Bash|p2a: Flutter Mane\n|-supereffective|p2a: Flutter Mane\n|-crit|p2a: Flutter Mane\n|-enditem|p2a: Flutter Mane|Focus Sash\n|-damage|p2a: Flutter Mane|1/100\n|\n|-weather|none\n|-end|p2a: Flutter Mane|Protosynthesis\n|-heal|p2b: Ho-Oh|100/100|[from] item: Leftovers\n|-damage|p1b: Zamazenta|31/100 brn|[from] brn\n|upkeep\n|turn|6\n|inactive|Sh1k3 has 30 seconds left.\n|\n|t:|1773925516\n|move|p1b: Zamazenta|Protect|p1b: Zamazenta\n|-singleturn|p1b: Zamazenta|Protect\n|move|p2a: Flutter Mane|Moonblast|p1b: Zamazenta\n|-activate|p1b: Zamazenta|move: Protect\n|move|p2b: Ho-Oh|Sacred Fire|p1b: Zamazenta\n|-activate|p1b: Zamazenta|move: Protect\n|\n|-damage|p1b: Zamazenta|25/100 brn|[from] brn\n|upkeep\n|turn|7\n|\n|t:|1773925526\n|move|p2a: Flutter Mane|Moonblast|p1b: Zamazenta\n|-damage|p1b: Zamazenta|0 fnt\n|faint|p1b: Zamazenta\n|\n|win|Sh1k3\n|raw|mkyscy24's rating: 1152 &rarr; <strong>1127</strong><br />(-25 for losing)\n|raw|Sh1k3's rating: 1149 &rarr; <strong>1174</strong><br />(+25 for winning)\n","uploadtime":1773925547,"views":11,"formatid":"gen9vgc2026regi","rating":1127,"private":0,"password":null}