{"id":"gen9vgc2026regi-2526101315","format":"[Gen 9] VGC 2026 Reg I","players":["zonavideovigilada","Tepig_nNz_498"],"log":"|j|\u2606zonavideovigilada\n|j|\u2606Tepig_nNz_498\n|t:|1769371774\n|gametype|doubles\n|player|p1|zonavideovigilada|265|1463\n|player|p2|Tepig_nNz_498|101|1469\n|gen|9\n|tier|[Gen 9] VGC 2026 Reg I\n|rated|\n|rule|Species Clause: Limit one of each Pok\u00e9mon\n|rule|Item Clause: Limit 1 of each item\n|clearpoke\n|poke|p1|Calyrex-Shadow, L50|\n|poke|p1|Zamazenta-*, L50|\n|poke|p1|Amoonguss, L50, M|\n|poke|p1|Chi-Yu, L50|\n|poke|p1|Rillaboom, L50, M|\n|poke|p1|Raging Bolt, L50|\n|poke|p2|Ludicolo, L50, M|\n|poke|p2|Kyogre, L50|\n|poke|p2|Amoonguss, L50, M|\n|poke|p2|Tornadus, L50, M|\n|poke|p2|Zacian-*, L50|\n|poke|p2|Urshifu-*, L50, M|\n|teampreview|4\n|inactive|Battle timer is ON: inactive players will automatically lose when time's up. (requested by zonavideovigilada)\n|inactive|zonavideovigilada has 30 seconds left.\n|\n|t:|1769371830\n|teamsize|p1|4\n|teamsize|p2|4\n|start\n|switch|p1a: Raging Bolt|Raging Bolt, L50|100/100\n|switch|p1b: Amoonguss|Amoonguss, L50, M|100/100\n|switch|p2a: Zacian|Zacian-Crowned, L50, shiny|100/100\n|switch|p2b: Tornadus|Tornadus, L50, M|100/100\n|-ability|p2a: Zacian|Intrepid Sword|boost\n|-boost|p2a: Zacian|atk|1\n|turn|1\n|\n|t:|1769371842\n|move|p1b: Amoonguss|Rage Powder|p1b: Amoonguss\n|-singleturn|p1b: Amoonguss|move: Rage Powder\n|move|p2b: Tornadus|Taunt|p1b: Amoonguss\n|-start|p1b: Amoonguss|move: Taunt\n|move|p2a: Zacian|Behemoth Blade|p1b: Amoonguss\n|-damage|p1b: Amoonguss|40/100\n|-damage|p2a: Zacian|84/100|[from] item: Rocky Helmet|[of] p1b: Amoonguss\n|move|p1a: Raging Bolt|Calm Mind|p1a: Raging Bolt\n|-boost|p1a: Raging Bolt|spa|1\n|-boost|p1a: Raging Bolt|spd|1\n|\n|upkeep\n|turn|2\n|\n|t:|1769371863\n|-terastallize|p1a: Raging Bolt|Electric\n|move|p1a: Raging Bolt|Thunderclap|p2a: Zacian\n|-damage|p2a: Zacian|11/100\n|move|p2a: Zacian|Play Rough|p1a: Raging Bolt|[miss]\n|-miss|p2a: Zacian|p1a: Raging Bolt\n|move|p2b: Tornadus|Bleakwind Storm|p1b: Amoonguss|[spread] p1a,p1b\n|-resisted|p1a: Raging Bolt\n|-supereffective|p1b: Amoonguss\n|-damage|p1a: Raging Bolt|90/100\n|-damage|p1b: Amoonguss|0 fnt\n|-unboost|p1a: Raging Bolt|spe|1\n|faint|p1b: Amoonguss\n|\n|-heal|p1a: Raging Bolt|96/100|[from] item: Leftovers\n|upkeep\n|\n|t:|1769371874\n|switch|p1b: Calyrex|Calyrex-Shadow, L50|100/100\n|-ability|p1b: Calyrex|As One\n|-ability|p1b: Calyrex|Unnerve\n|turn|3\n|\n|t:|1769371888\n|-terastallize|p2a: Zacian|Ground\n|move|p2b: Tornadus|Tailwind|p2b: Tornadus\n|-sidestart|p2: Tepig_nNz_498|move: Tailwind\n|move|p2a: Zacian|Tera Blast|p1a: Raging Bolt|[anim] Tera Blast Ground\n|-supereffective|p1a: Raging Bolt\n|-damage|p1a: Raging Bolt|0 fnt\n|faint|p1a: Raging Bolt\n|-end|p1a: Raging Bolt|Protosynthesis|[silent]\n|move|p1b: Calyrex|Astral Barrage|p2b: Tornadus|[spread] p2a,p2b\n|-crit|p2b: Tornadus\n|-damage|p2a: Zacian|0 fnt\n|-enditem|p2b: Tornadus|Focus Sash\n|-damage|p2b: Tornadus|1/100\n|faint|p2a: Zacian\n|-ability|p1b: Calyrex|Grim Neigh|boost\n|-boost|p1b: Calyrex|spa|1\n|\n|upkeep\n|\n|t:|1769371909\n|switch|p2a: Kyogre|Kyogre, L50|100/100\n|switch|p1a: Rillaboom|Rillaboom, L50, M|100/100\n|-weather|RainDance|[from] ability: Drizzle|[of] p2a: Kyogre\n|-fieldstart|move: Grassy Terrain|[from] ability: Grassy Surge|[of] p1a: Rillaboom\n|turn|4\n|\n|t:|1769371924\n|move|p1a: Rillaboom|Fake Out|p2b: Tornadus\n|-damage|p2b: Tornadus|0 fnt\n|faint|p2b: Tornadus\n|move|p2a: Kyogre|Origin Pulse|p1b: Calyrex|[spread] p1a\n|-miss|p2a: Kyogre|p1b: Calyrex\n|-resisted|p1a: Rillaboom\n|-damage|p1a: Rillaboom|50/100\n|-damage|p2a: Kyogre|91/100|[from] item: Life Orb\n|move|p1b: Calyrex|Astral Barrage|p2a: Kyogre\n|-damage|p2a: Kyogre|4/100\n|\n|-weather|RainDance|[upkeep]\n|-heal|p2a: Kyogre|10/100|[from] Grassy Terrain\n|-heal|p1a: Rillaboom|56/100|[from] Grassy Terrain\n|upkeep\n|\n|t:|1769371931\n|switch|p2b: Urshifu|Urshifu-Rapid-Strike, L50, M|100/100\n|turn|5\n|\n|t:|1769371945\n|move|p2a: Kyogre|Protect|p2a: Kyogre\n|-singleturn|p2a: Kyogre|Protect\n|move|p1a: Rillaboom|Grassy Glide|p2a: Kyogre\n|-activate|p2a: Kyogre|move: Protect\n|move|p2b: Urshifu|Surging Strikes|p1b: Calyrex\n|-crit|p1b: Calyrex\n|-damage|p1b: Calyrex|59/100\n|-crit|p1b: Calyrex\n|-damage|p1b: Calyrex|18/100\n|-crit|p1b: Calyrex\n|-damage|p1b: Calyrex|0 fnt\n|faint|p1b: Calyrex\n|-hitcount|p1: Calyrex|3\n|\n|-weather|RainDance|[upkeep]\n|-heal|p2a: Kyogre|16/100|[from] Grassy Terrain\n|-heal|p1a: Rillaboom|61/100|[from] Grassy Terrain\n|upkeep\n|turn|6\n|\n|t:|1769371949\n|move|p1a: Rillaboom|Grassy Glide|p2a: Kyogre\n|-supereffective|p2a: Kyogre\n|-damage|p2a: Kyogre|0 fnt\n|faint|p2a: Kyogre\n|move|p2b: Urshifu|Surging Strikes|p1a: Rillaboom\n|-resisted|p1a: Rillaboom\n|-crit|p1a: Rillaboom\n|-damage|p1a: Rillaboom|47/100\n|-resisted|p1a: Rillaboom\n|-crit|p1a: Rillaboom\n|-damage|p1a: Rillaboom|31/100\n|-resisted|p1a: Rillaboom\n|-crit|p1a: Rillaboom\n|-damage|p1a: Rillaboom|17/100\n|-hitcount|p1a: Rillaboom|3\n|\n|-weather|RainDance|[upkeep]\n|-heal|p1a: Rillaboom|23/100|[from] Grassy Terrain\n|-sideend|p2: Tepig_nNz_498|move: Tailwind\n|upkeep\n|turn|7\n|\n|t:|1769371953\n|move|p1a: Rillaboom|Grassy Glide|p2b: Urshifu\n|-supereffective|p2b: Urshifu\n|-damage|p2b: Urshifu|2/100\n|move|p2b: Urshifu|Surging Strikes|p1a: Rillaboom\n|-resisted|p1a: Rillaboom\n|-crit|p1a: Rillaboom\n|-damage|p1a: Rillaboom|8/100\n|-resisted|p1a: Rillaboom\n|-crit|p1a: Rillaboom\n|-damage|p1a: Rillaboom|0 fnt\n|faint|p1a: Rillaboom\n|-hitcount|p1: Rillaboom|2\n|\n|win|Tepig_nNz_498\n|raw|zonavideovigilada's rating: 1463 &rarr; <strong>1443</strong><br />(-20 for losing)\n|raw|Tepig_nNz_498's rating: 1469 &rarr; <strong>1489</strong><br />(+20 for winning)\n|l|\u2606Tepig_nNz_498\n|player|p2|\n|l|\u2606zonavideovigilada\n|player|p1|\n","uploadtime":1769372089,"views":22,"formatid":"gen9vgc2026regi","rating":1443,"private":0,"password":null}