{"id":"gen9vgc2026regi-2550552702","format":"[Gen 9] VGC 2026 Reg I","players":["bola696","it'sjustken vgc"],"log":"|j|\u2606bola696\n|j|\u2606it'sjustken vgc\n|t:|1772499599\n|gametype|doubles\n|player|p1|bola696|red|1268\n|player|p2|it'sjustken vgc|2|1328\n|gen|9\n|tier|[Gen 9] VGC 2026 Reg I\n|rated|\n|rule|Species Clause: Limit one of each Pok\u00e9mon\n|rule|Item Clause: Limit 1 of each item\n|clearpoke\n|poke|p1|Terapagos, L50, M|\n|poke|p1|Incineroar, L50, F|\n|poke|p1|Flutter Mane, L50|\n|poke|p1|Miraidon, L50|\n|poke|p1|Smeargle, L50, M|\n|poke|p1|Urshifu-*, L50, F|\n|poke|p2|Koraidon, L50|\n|poke|p2|Incineroar, L50, M|\n|poke|p2|Calyrex-Shadow, L50|\n|poke|p2|Amoonguss, L50, M|\n|poke|p2|Urshifu-*, L50, F|\n|poke|p2|Tornadus, L50, M|\n|teampreview|4\n|inactive|Battle timer is ON: inactive players will automatically lose when time's up. (requested by it'sjustken vgc)\n|\n|t:|1772499612\n|teamsize|p1|4\n|teamsize|p2|4\n|start\n|switch|p1a: Terapagos|Terapagos, L50, M|100/100\n|switch|p1b: Incineroar|Incineroar, L50, F, shiny|100/100\n|switch|p2a: Calyrex|Calyrex-Shadow, L50|100/100\n|switch|p2b: Incineroar|Incineroar, L50, M|100/100\n|-activate|p1a: Terapagos|ability: Tera Shift\n|detailschange|p1a: Terapagos|Terapagos-Terastal, L50, M\n|-heal|p1a: Terapagos|100/100|[silent]\n|-ability|p2a: Calyrex|As One\n|-ability|p2a: Calyrex|Unnerve\n|-ability|p2b: Incineroar|Intimidate|boost\n|-unboost|p1a: Terapagos|atk|1\n|-unboost|p1b: Incineroar|atk|1\n|-ability|p1b: Incineroar|Intimidate|boost\n|-unboost|p2a: Calyrex|atk|1\n|-unboost|p2b: Incineroar|atk|1\n|turn|1\n|\n|t:|1772499618\n|switch|p2b: Koraidon|Koraidon, L50|100/100\n|-weather|SunnyDay|[from] ability: Orichalcum Pulse|[of] p2b: Koraidon\n|-activate|p2b: Koraidon|Orichalcum Pulse|[source]\n|-terastallize|p2a: Calyrex|Ghost\n|move|p1b: Incineroar|Fake Out|p2b: Koraidon\n|-damage|p2b: Koraidon|93/100\n|move|p2a: Calyrex|Psychic|p1a: Terapagos\n|-activate|p1a: Terapagos|ability: Tera Shell\n|-resisted|p1a: Terapagos\n|-damage|p1a: Terapagos|60/100\n|-damage|p2a: Calyrex|91/100|[from] item: Life Orb\n|move|p1a: Terapagos|Calm Mind|p1a: Terapagos\n|-boost|p1a: Terapagos|spa|1\n|-boost|p1a: Terapagos|spd|1\n|\n|-weather|SunnyDay|[upkeep]\n|upkeep\n|turn|2\n|\n|t:|1772499630\n|-terastallize|p1a: Terapagos|Stellar\n|detailschange|p1a: Terapagos|Terapagos-Stellar, L50, M, tera:Stellar\n|-heal|p1a: Terapagos|71/100|[silent]\n|-ability|p1a: Terapagos|Teraform Zero\n|-weather|none\n|move|p1a: Terapagos|Protect|p1a: Terapagos\n|-singleturn|p1a: Terapagos|Protect\n|move|p2a: Calyrex|Nasty Plot|p2a: Calyrex\n|-boost|p2a: Calyrex|spa|2\n|move|p2b: Koraidon|Close Combat|p1a: Terapagos\n|-activate|p1a: Terapagos|move: Protect\n|move|p1b: Incineroar|Parting Shot|p2a: Calyrex\n|-unboost|p2a: Calyrex|atk|1\n|-unboost|p2a: Calyrex|spa|1\n|\n|t:|1772499637\n|switch|p1b: Flutter Mane|Flutter Mane, L50, shiny|100/100|[from] Parting Shot\n|-enditem|p1b: Flutter Mane|Booster Energy\n|-activate|p1b: Flutter Mane|ability: Protosynthesis|[fromitem]\n|-start|p1b: Flutter Mane|protosynthesisspe\n|\n|upkeep\n|turn|3\n|\n|t:|1772499646\n|switch|p2b: Incineroar|Incineroar, L50, M|100/100\n|-ability|p2b: Incineroar|Intimidate|boost\n|-unboost|p1a: Terapagos|atk|1\n|-unboost|p1b: Flutter Mane|atk|1\n|switch|p1a: Incineroar|Incineroar, L50, F, shiny|100/100\n|-ability|p1a: Incineroar|Intimidate|boost\n|-unboost|p2a: Calyrex|atk|1\n|-unboost|p2b: Incineroar|atk|1\n|move|p2a: Calyrex|Protect|p2a: Calyrex\n|-singleturn|p2a: Calyrex|Protect\n|move|p1b: Flutter Mane|Shadow Ball|p2a: Calyrex\n|-activate|p2a: Calyrex|move: Protect\n|\n|upkeep\n|turn|4\n|\n|t:|1772499653\n|move|p2b: Incineroar|Fake Out|p1a: Incineroar\n|-damage|p1a: Incineroar|95/100\n|cant|p1a: Incineroar|flinch\n|move|p1b: Flutter Mane|Shadow Ball|p2a: Calyrex\n|-supereffective|p2a: Calyrex\n|-damage|p2a: Calyrex|12/100\n|-unboost|p2a: Calyrex|spd|1\n|move|p2a: Calyrex|Astral Barrage|p1b: Flutter Mane|[spread] p1a,p1b\n|-resisted|p1a: Incineroar\n|-supereffective|p1b: Flutter Mane\n|-damage|p1a: Incineroar|19/100\n|-damage|p1b: Flutter Mane|0 fnt\n|faint|p1b: Flutter Mane\n|-end|p1b: Flutter Mane|Protosynthesis|[silent]\n|-ability|p2a: Calyrex|Grim Neigh|boost\n|-boost|p2a: Calyrex|spa|1\n|-damage|p2a: Calyrex|2/100|[from] item: Life Orb\n|\n|upkeep\n|\n|t:|1772499661\n|switch|p1b: Miraidon|Miraidon, L50, shiny|100/100\n|-fieldstart|move: Electric Terrain|[from] ability: Hadron Engine|[of] p1b: Miraidon\n|turn|5\n|\n|t:|1772499666\n|switch|p1a: Terapagos|Terapagos-Stellar, L50, M, tera:Stellar|71/100\n|-enditem|p1a: Terapagos|Electric Seed\n|-boost|p1a: Terapagos|def|1|[from] item: Electric Seed\n|move|p2a: Calyrex|Protect|p2a: Calyrex\n|-singleturn|p2a: Calyrex|Protect\n|move|p1b: Miraidon|Dazzling Gleam|p2a: Calyrex|[spread] p2b\n|-activate|p2a: Calyrex|move: Protect\n|-damage|p2b: Incineroar|80/100\n|move|p2b: Incineroar|U-turn|p1a: Terapagos\n|-damage|p1a: Terapagos|64/100\n|-message|bola696 forfeited.\n|\n|win|it'sjustken vgc\n|raw|bola696's rating: 1268 &rarr; <strong>1247</strong><br />(-21 for losing)\n|raw|it&apos;sjustken vgc's rating: 1328 &rarr; <strong>1345</strong><br />(+17 for winning)\n|l|\u2606bola696\n|player|p1|\n","uploadtime":1772499672,"views":13,"formatid":"gen9vgc2026regi","rating":1247,"private":0,"password":null}