{"id":"gen9vgc2026regi-2561635063","format":"[Gen 9] VGC 2026 Reg I","players":["Alteraltaltaccount","TheManOfSausage"],"log":"|j|\u2606Alteraltaltaccount\n|j|\u2606TheManOfSausage\n|t:|1773825624\n|gametype|doubles\n|player|p1|Alteraltaltaccount|1|1412\n|player|p2|TheManOfSausage|miku-water|1457\n|gen|9\n|tier|[Gen 9] VGC 2026 Reg I\n|rated|\n|rule|Species Clause: Limit one of each Pok\u00e9mon\n|rule|Item Clause: Limit 1 of each item\n|clearpoke\n|poke|p1|Kyogre, L50|\n|poke|p1|Hitmontop, L50, M|\n|poke|p1|Farigiraf, L50, M|\n|poke|p1|Miraidon, L50|\n|poke|p1|Whimsicott, L50, M|\n|poke|p1|Urshifu-*, L50, M|\n|poke|p2|Calyrex-Shadow, L50|\n|poke|p2|Miraidon, L50|\n|poke|p2|Clefairy, L50, M|\n|poke|p2|Rillaboom, L50, M|\n|poke|p2|Incineroar, L50, M|\n|poke|p2|Iron Bundle, L50|\n|teampreview|4\nTheManOfSausage has agreed to open team sheets.\n|\n|t:|1773825645\n|teamsize|p1|4\n|teamsize|p2|4\n|start\n|switch|p1a: Kyogre|Kyogre, L50|100/100\n|switch|p1b: Whimsicott|Whimsicott, L50, M|100/100\n|switch|p2a: Magical Mirai|Miraidon, L50|100/100\n|switch|p2b: Rice Shower|Calyrex-Shadow, L50|100/100\n|-ability|p2b: Rice Shower|As One\n|-ability|p2b: Rice Shower|Unnerve\n|-fieldstart|move: Electric Terrain|[from] ability: Hadron Engine|[of] p2a: Magical Mirai\n|-weather|RainDance|[from] ability: Drizzle|[of] p1a: Kyogre\n|turn|1\n|\n|t:|1773825654\n|-terastallize|p1a: Kyogre|Grass\n|move|p1b: Whimsicott|Tailwind|p1b: Whimsicott\n|-sidestart|p1: Alteraltaltaccount|move: Tailwind\n|move|p2a: Magical Mirai|Volt Switch|p1a: Kyogre\n|-resisted|p1a: Kyogre\n|-damage|p1a: Kyogre|78/100\n|\n|t:|1773825659\n|switch|p2a: Clefairy|Clefairy, L50, M|100/100|[from] Volt Switch\n|move|p1a: Kyogre|Water Spout|p2b: Rice Shower|[spread] p2a,p2b\n|-damage|p2a: Clefairy|24/100\n|-damage|p2b: Rice Shower|30/100\n|move|p2b: Rice Shower|Astral Barrage|p1b: Whimsicott|[spread] p1a,p1b\n|-damage|p1a: Kyogre|43/100\n|-damage|p1b: Whimsicott|42/100\n|\n|-weather|RainDance|[upkeep]\n|upkeep\n|turn|2\n|\n|t:|1773825668\n|move|p2b: Rice Shower|Protect|p2b: Rice Shower\n|-singleturn|p2b: Rice Shower|Protect\n|move|p2a: Clefairy|Protect|p2a: Clefairy\n|-singleturn|p2a: Clefairy|Protect\n|move|p1b: Whimsicott|Light Screen|p1b: Whimsicott\n|-sidestart|p1: Alteraltaltaccount|move: Light Screen\n|move|p1a: Kyogre|Origin Pulse|p2a: Clefairy|[spread] \n|-activate|p2a: Clefairy|move: Protect\n|-activate|p2b: Rice Shower|move: Protect\n|\n|-weather|RainDance|[upkeep]\n|upkeep\n|turn|3\n|\n|t:|1773825691\n|switch|p1b: Urshifu|Urshifu-Rapid-Strike, L50, M|100/100\n|switch|p2b: Rillaboom|Rillaboom, L50, M|100/100\n|-fieldstart|move: Grassy Terrain|[from] ability: Grassy Surge|[of] p2b: Rillaboom\n|switch|p2a: Magical Mirai|Miraidon, L50|100/100\n|-fieldstart|move: Electric Terrain|[from] ability: Hadron Engine|[of] p2a: Magical Mirai\n|move|p1a: Kyogre|Origin Pulse|p2b: Rillaboom|[spread] p2a,p2b\n|-resisted|p2a: Magical Mirai\n|-resisted|p2b: Rillaboom\n|-damage|p2a: Magical Mirai|61/100\n|-damage|p2b: Rillaboom|70/100\n|\n|-weather|RainDance|[upkeep]\n|upkeep\n|turn|4\n|\n|t:|1773825708\n|move|p1a: Kyogre|Protect|p1a: Kyogre\n|-singleturn|p1a: Kyogre|Protect\n|move|p2b: Rillaboom|Fake Out|p1b: Urshifu\n|-damage|p1b: Urshifu|88/100\n|cant|p1b: Urshifu|flinch\n|move|p2a: Magical Mirai|Volt Switch|p1b: Urshifu\n|-supereffective|p1b: Urshifu\n|-damage|p1b: Urshifu|0 fnt\n|faint|p1b: Urshifu\n|j| never_win_true\n|\n|t:|1773825716\n|switch|p2a: Rice Shower|Calyrex-Shadow, L50|30/100|[from] Volt Switch\n|-ability|p2a: Rice Shower|As One\n|-ability|p2a: Rice Shower|Unnerve\n|\n|-weather|RainDance|[upkeep]\n|-sideend|p1: Alteraltaltaccount|move: Tailwind\n|upkeep\n|\n|t:|1773825718\n|switch|p1b: Whimsicott|Whimsicott, L50, M|42/100\n|turn|5\n|\n|t:|1773825725\n|move|p2a: Rice Shower|Protect|p2a: Rice Shower\n|-singleturn|p2a: Rice Shower|Protect\n|move|p1b: Whimsicott|Tailwind|p1b: Whimsicott\n|-sidestart|p1: Alteraltaltaccount|move: Tailwind\n|move|p1a: Kyogre|Origin Pulse|p2a: Rice Shower|[spread] p2b\n|-activate|p2a: Rice Shower|move: Protect\n|-resisted|p2b: Rillaboom\n|-crit|p2b: Rillaboom\n|-damage|p2b: Rillaboom|28/100\n|move|p2b: Rillaboom|U-turn|p1a: Kyogre\n|-supereffective|p1a: Kyogre\n|-damage|p1a: Kyogre|0 fnt\n|faint|p1a: Kyogre\n|l| never_win_true\n|\n|t:|1773825747\n|switch|p2b: Magical Mirai|Miraidon, L50|61/100|[from] U-turn\n|-activate|p2b: Magical Mirai|ability: Hadron Engine\n|\n|-weather|none\n|upkeep\n|\n|t:|1773825751\n|switch|p1a: Miraidon|Miraidon, L50|100/100\n|-activate|p1a: Miraidon|ability: Hadron Engine\n|turn|6\n|\n|t:|1773825756\n|switch|p2a: Rillaboom|Rillaboom, L50, M|28/100\n|-fieldstart|move: Grassy Terrain|[from] ability: Grassy Surge|[of] p2a: Rillaboom\n|move|p1b: Whimsicott|Encore||[still]\n|-fail|p1b: Whimsicott\n|move|p1a: Miraidon|Draco Meteor|p2b: Magical Mirai\n|-supereffective|p2b: Magical Mirai\n|-damage|p2b: Magical Mirai|0 fnt\n|-unboost|p1a: Miraidon|spa|2\n|faint|p2b: Magical Mirai\n|\n|-heal|p1b: Whimsicott|48/100|[from] Grassy Terrain\n|-heal|p2a: Rillaboom|34/100|[from] Grassy Terrain\n|-sideend|p1: Alteraltaltaccount|move: Light Screen\n|upkeep\n|\n|t:|1773825761\n|switch|p2b: Rice Shower|Calyrex-Shadow, L50|30/100\n|-ability|p2b: Rice Shower|As One\n|-ability|p2b: Rice Shower|Unnerve\n|turn|7\n|\n|t:|1773825773\n|move|p2b: Rice Shower|Protect|p2b: Rice Shower\n|-singleturn|p2b: Rice Shower|Protect\n|move|p1a: Miraidon|Draco Meteor|p2a: Rillaboom\n|-damage|p2a: Rillaboom|0 fnt\n|-unboost|p1a: Miraidon|spa|2\n|faint|p2a: Rillaboom\n|move|p1b: Whimsicott|Moonblast|p2b: Rice Shower\n|-activate|p2b: Rice Shower|move: Protect\n|\n|-heal|p1b: Whimsicott|54/100|[from] Grassy Terrain\n|-heal|p2b: Rice Shower|36/100|[from] Grassy Terrain\n|upkeep\n|\n|t:|1773825775\n|switch|p2a: Clefairy|Clefairy, L50, M|24/100\n|turn|8\n|\n|t:|1773825781\n|move|p2a: Clefairy|Follow Me|p2a: Clefairy\n|-singleturn|p2a: Clefairy|move: Follow Me\n|move|p1a: Miraidon|Draco Meteor|p2a: Clefairy\n|-immune|p2a: Clefairy\n|move|p1b: Whimsicott|Moonblast|p2a: Clefairy\n|-damage|p2a: Clefairy|3/100\n|move|p2b: Rice Shower|Astral Barrage|p1b: Whimsicott|[spread] p1a,p1b\n|-damage|p1a: Miraidon|48/100\n|-damage|p1b: Whimsicott|0 fnt\n|faint|p1b: Whimsicott\n|-ability|p2b: Rice Shower|Grim Neigh|boost\n|-boost|p2b: Rice Shower|spa|1\n|\n|-heal|p1a: Miraidon|54/100|[from] Grassy Terrain\n|-heal|p2b: Rice Shower|42/100|[from] Grassy Terrain\n|-heal|p2a: Clefairy|9/100|[from] Grassy Terrain\n|-sideend|p1: Alteraltaltaccount|move: Tailwind\n|upkeep\n|turn|9\n|-message|Alteraltaltaccount forfeited.\n|\n|win|TheManOfSausage\n|raw|Alteraltaltaccount's rating: 1412 &rarr; <strong>1395</strong><br />(-17 for losing)\n|raw|TheManOfSausage's rating: 1457 &rarr; <strong>1474</strong><br />(+17 for winning)\n|l|\u2606Alteraltaltaccount\n|player|p1|\n|l|\u2606TheManOfSausage\n|player|p2|\n","uploadtime":1773826009,"views":11,"formatid":"gen9vgc2026regi","rating":1395,"private":0,"password":null}