{"id":"gen9vgc2026regi-2553805799","format":"[Gen 9] VGC 2026 Reg I","players":["neo-bespa","blackred123"],"log":"|j|\u2606neo-bespa\n|j|\u2606blackred123\n|t:|1772883905\n|gametype|doubles\n|player|p1|neo-bespa|265|1354\n|player|p2|blackred123|iono-masters|1544\n|gen|9\n|tier|[Gen 9] VGC 2026 Reg I\n|rated|\n|rule|Species Clause: Limit one of each Pok\u00e9mon\n|rule|Item Clause: Limit 1 of each item\n|clearpoke\n|poke|p1|Calyrex-Ice, L50|\n|poke|p1|Incineroar, L50, F|\n|poke|p1|Miraidon, L50|\n|poke|p1|Iron Bundle, L50|\n|poke|p1|Farigiraf, L50, M|\n|poke|p1|Ogerpon-Hearthflame, L50, F|\n|poke|p2|Kyogre, L50|\n|poke|p2|Zamazenta-*, L50|\n|poke|p2|Chien-Pao, L50|\n|poke|p2|Amoonguss, L50, M|\n|poke|p2|Dragonite, L50, F|\n|poke|p2|Rillaboom, L50, M|\n|teampreview|4\n|inactive|Battle timer is ON: inactive players will automatically lose when time's up. (requested by blackred123)\n|j| GRSforget\n|\n|t:|1772883931\n|teamsize|p1|4\n|teamsize|p2|4\n|start\n|switch|p1a: Miraidon|Miraidon, L50|100/100\n|switch|p1b: Farigiraf|Farigiraf, L50, M|100/100\n|switch|p2a: Zamazenta|Zamazenta-Crowned, L50|100/100\n|switch|p2b: Chien-Pao|Chien-Pao, L50|100/100\n|-fieldstart|move: Electric Terrain|[from] ability: Hadron Engine|[of] p1a: Miraidon\n|-enditem|p1b: Farigiraf|Electric Seed\n|-boost|p1b: Farigiraf|def|1|[from] item: Electric Seed\n|-ability|p2b: Chien-Pao|Sword of Ruin\n|-ability|p2a: Zamazenta|Dauntless Shield|boost\n|-boost|p2a: Zamazenta|def|1\n|turn|1\n|l| GRSforget\n|\n|t:|1772883955\n|-terastallize|p2a: Zamazenta|Grass\n|move|p1b: Farigiraf|Helping Hand|p1a: Miraidon\n|-singleturn|p1a: Miraidon|Helping Hand|[of] p1b: Farigiraf\n|move|p1a: Miraidon|Overheat|p2a: Zamazenta\n|-supereffective|p2a: Zamazenta\n|-damage|p2a: Zamazenta|0 fnt\n|-unboost|p1a: Miraidon|spa|2\n|faint|p2a: Zamazenta\n|move|p2b: Chien-Pao|Ice Spinner|p1b: Farigiraf\n|-damage|p1b: Farigiraf|61/100\n|-fieldend|move: Electric Terrain\n|\n|upkeep\n|\n|t:|1772883969\n|switch|p2a: Dragonite|Dragonite, L50, F|100/100\n|turn|2\n|inactive|blackred123 has 30 seconds left.\n|\n|t:|1772883994\n|switch|p1a: \u5b87\u5b99\u7b2c\u4e00|Incineroar, L50, F|100/100\n|-ability|p1a: \u5b87\u5b99\u7b2c\u4e00|Intimidate|boost\n|-fail|p2a: Dragonite|unboost|Attack|[from] ability: Inner Focus|[of] p2a: Dragonite\n|-unboost|p2b: Chien-Pao|atk|1\n|move|p2b: Chien-Pao|Ice Spinner|p1b: Farigiraf\n|-damage|p1b: Farigiraf|34/100\n|move|p2a: Dragonite|Aerial Ace|p1b: Farigiraf\n|-damage|p1b: Farigiraf|0 fnt\n|faint|p1b: Farigiraf\n|\n|upkeep\n|j| RanRaneatswhat\n|\n|t:|1772884007\n|switch|p1b: \u9e7f\u51a0\u738b-\u767d\u51a0|Calyrex-Ice, L50|100/100\n|-ability|p1b: \u9e7f\u51a0\u738b-\u767d\u51a0|As One\n|-ability|p1b: \u9e7f\u51a0\u738b-\u767d\u51a0|Unnerve\n|turn|3\n|\n|t:|1772884020\n|switch|p2a: Kyogre|Kyogre, L50|100/100\n|-weather|RainDance|[from] ability: Drizzle|[of] p2a: Kyogre\n|-terastallize|p1b: \u9e7f\u51a0\u738b-\u767d\u51a0|Grass\n|move|p1a: \u5b87\u5b99\u7b2c\u4e00|Fake Out|p2a: Kyogre\n|-damage|p2a: Kyogre|87/100\n|move|p2b: Chien-Pao|Taunt|p1b: \u9e7f\u51a0\u738b-\u767d\u51a0\n|-start|p1b: \u9e7f\u51a0\u738b-\u767d\u51a0|move: Taunt\n|move|p1b: \u9e7f\u51a0\u738b-\u767d\u51a0|Glacial Lance|p2a: Kyogre|[spread] p2a,p2b\n|-resisted|p2a: Kyogre\n|-resisted|p2b: Chien-Pao\n|-damage|p2a: Kyogre|52/100\n|-damage|p2b: Chien-Pao|59/100\n|\n|-weather|RainDance|[upkeep]\n|upkeep\n|turn|4\n|inactive|neo-bespa has 30 seconds left.\n|\n|t:|1772884053\n|switch|p1a: Miraidon|Miraidon, L50|100/100\n|-fieldstart|move: Electric Terrain|[from] ability: Hadron Engine|[of] p1a: Miraidon\n|move|p2a: Kyogre|Origin Pulse|p1a: Miraidon|[spread] p1a,p1b\n|-resisted|p1a: Miraidon\n|-resisted|p1b: \u9e7f\u51a0\u738b-\u767d\u51a0\n|-damage|p1a: Miraidon|73/100\n|-damage|p1b: \u9e7f\u51a0\u738b-\u767d\u51a0|86/100\n|move|p2b: Chien-Pao|Ice Spinner|p1b: \u9e7f\u51a0\u738b-\u767d\u51a0\n|-supereffective|p1b: \u9e7f\u51a0\u738b-\u767d\u51a0\n|-damage|p1b: \u9e7f\u51a0\u738b-\u767d\u51a0|44/100\n|-fieldend|move: Electric Terrain\n|move|p1b: \u9e7f\u51a0\u738b-\u767d\u51a0|Seed Bomb|p2a: Kyogre\n|-supereffective|p2a: Kyogre\n|-damage|p2a: Kyogre|0 fnt\n|faint|p2a: Kyogre\n|-ability|p1b: \u9e7f\u51a0\u738b-\u767d\u51a0|Chilling Neigh|boost\n|-boost|p1b: \u9e7f\u51a0\u738b-\u767d\u51a0|atk|1\n|\n|-weather|RainDance|[upkeep]\n|upkeep\n|\n|t:|1772884068\n|switch|p2a: Dragonite|Dragonite, L50, F|100/100\n|turn|5\n|\n|t:|1772884079\n|switch|p1a: \u5b87\u5b99\u7b2c\u4e00|Incineroar, L50, F|100/100\n|-ability|p1a: \u5b87\u5b99\u7b2c\u4e00|Intimidate|boost\n|-fail|p2a: Dragonite|unboost|Attack|[from] ability: Inner Focus|[of] p2a: Dragonite\n|-unboost|p2b: Chien-Pao|atk|1\n|move|p2b: Chien-Pao|Ice Spinner|p1b: \u9e7f\u51a0\u738b-\u767d\u51a0\n|-supereffective|p1b: \u9e7f\u51a0\u738b-\u767d\u51a0\n|-damage|p1b: \u9e7f\u51a0\u738b-\u767d\u51a0|13/100\n|move|p2a: Dragonite|Low Kick|p1a: \u5b87\u5b99\u7b2c\u4e00\n|-supereffective|p1a: \u5b87\u5b99\u7b2c\u4e00\n|-damage|p1a: \u5b87\u5b99\u7b2c\u4e00|3/100\n|-damage|p2a: Dragonite|84/100|[from] item: Rocky Helmet|[of] p1a: \u5b87\u5b99\u7b2c\u4e00\n|move|p1b: \u9e7f\u51a0\u738b-\u767d\u51a0|Glacial Lance|p2a: Dragonite|[spread] p2a,p2b\n|-supereffective|p2a: Dragonite\n|-resisted|p2b: Chien-Pao\n|-damage|p2a: Dragonite|0 fnt\n|-damage|p2b: Chien-Pao|4/100\n|faint|p2a: Dragonite\n|-ability|p1b: \u9e7f\u51a0\u738b-\u767d\u51a0|Chilling Neigh|boost\n|-boost|p1b: \u9e7f\u51a0\u738b-\u767d\u51a0|atk|1\n|\n|-weather|RainDance|[upkeep]\n|-end|p1b: \u9e7f\u51a0\u738b-\u767d\u51a0|move: Taunt\n|upkeep\n|turn|6\n|-message|blackred123 forfeited.\n|\n|win|neo-bespa\n|raw|neo-bespa's rating: 1354 &rarr; <strong>1384</strong><br />(+30 for winning)\n|raw|blackred123's rating: 1544 &rarr; <strong>1514</strong><br />(-30 for losing)\n|l| RanRaneatswhat\n|l|\u2606blackred123\n|player|p2|\n","uploadtime":1772884359,"views":16,"formatid":"gen9vgc2026regi","rating":1384,"private":0,"password":null}