{"id":"gen9vgc2026regi-2576856256","format":"[Gen 9] VGC 2026 Reg I","players":["D4RKEVA","perenniumfalcon"],"log":"|j|\u2606D4RKEVA\n|j|\u2606perenniumfalcon\n|t:|1775511487\n|gametype|doubles\n|player|p1|D4RKEVA|102|1528\n|player|p2|perenniumfalcon|265|1526\n|gen|9\n|tier|[Gen 9] VGC 2026 Reg I\n|rated|\n|rule|Species Clause: Limit one of each Pok\u00e9mon\n|rule|Item Clause: Limit 1 of each item\n|clearpoke\n|poke|p1|Lunala, L50|\n|poke|p1|Koraidon, L50|\n|poke|p1|Flutter Mane, L50|\n|poke|p1|Brute Bonnet, L50|\n|poke|p1|Chi-Yu, L50|\n|poke|p1|Ursaluna, L50, F|\n|poke|p2|Koraidon, L50|\n|poke|p2|Flutter Mane, L50|\n|poke|p2|Lunala, L50|\n|poke|p2|Brute Bonnet, L50|\n|poke|p2|Ursaluna, L50, M|\n|poke|p2|Chi-Yu, L50|\n|teampreview|4\nD4RKEVA rejected open team sheets.\n|inactive|Battle timer is ON: inactive players will automatically lose when time's up. (requested by D4RKEVA)\n|\n|t:|1775511515\n|teamsize|p1|4\n|teamsize|p2|4\n|start\n|switch|p1a: Brute Bonnie|Brute Bonnet, L50|100/100\n|switch|p1b: Chi-Yu|Chi-Yu, L50|100/100\n|switch|p2a: Chi-Yu|Chi-Yu, L50|100/100\n|switch|p2b: Koraidon|Koraidon, L50|100/100\n|-ability|p1b: Chi-Yu|Beads of Ruin\n|-ability|p2a: Chi-Yu|Beads of Ruin\n|-weather|SunnyDay|[from] ability: Orichalcum Pulse|[of] p2b: Koraidon\n|-activate|p1a: Brute Bonnie|ability: Protosynthesis\n|-start|p1a: Brute Bonnie|protosynthesisdef\n|-activate|p2b: Koraidon|Orichalcum Pulse|[source]\n|turn|1\n|\n|t:|1775511531\n|-terastallize|p1a: Brute Bonnie|Water\n|move|p2b: Koraidon|Protect|p2b: Koraidon\n|-singleturn|p2b: Koraidon|Protect\n|move|p2a: Chi-Yu|Dark Pulse|p1a: Brute Bonnie\n|-damage|p1a: Brute Bonnie|53/100\n|move|p1b: Chi-Yu|Heat Wave|p2b: Koraidon|[spread] p2a\n|-activate|p2b: Koraidon|move: Protect\n|-resisted|p2a: Chi-Yu\n|-damage|p2a: Chi-Yu|64/100\n|move|p1a: Brute Bonnie|Spore|p2b: Koraidon\n|-activate|p2b: Koraidon|move: Protect\n|\n|-weather|SunnyDay|[upkeep]\n|upkeep\n|turn|2\n|\n|t:|1775511547\n|-terastallize|p2b: Koraidon|Fire\n|move|p2a: Chi-Yu|Dark Pulse|p1a: Brute Bonnie\n|-damage|p1a: Brute Bonnie|8/100\n|-enditem|p1a: Brute Bonnie|Sitrus Berry|[eat]\n|-heal|p1a: Brute Bonnie|33/100|[from] item: Sitrus Berry\n|move|p1b: Chi-Yu|Heat Wave|p2b: Koraidon|[spread] p2b\n|-miss|p1b: Chi-Yu|p2a: Chi-Yu\n|-resisted|p2b: Koraidon\n|-damage|p2b: Koraidon|59/100\n|move|p2b: Koraidon|Flame Charge|p1a: Brute Bonnie\n|-resisted|p1a: Brute Bonnie\n|-damage|p1a: Brute Bonnie|12/100\n|-boost|p2b: Koraidon|spe|1\n|-damage|p2b: Koraidon|50/100|[from] item: Life Orb\n|move|p1a: Brute Bonnie|Spore|p2b: Koraidon\n|-status|p2b: Koraidon|slp|[from] move: Spore\n|\n|-weather|SunnyDay|[upkeep]\n|upkeep\n|turn|3\n|\n|t:|1775511560\n|move|p1a: Brute Bonnie|Sucker Punch|p2a: Chi-Yu\n|-resisted|p2a: Chi-Yu\n|-damage|p2a: Chi-Yu|40/100\n|cant|p2b: Koraidon|slp\n|move|p2a: Chi-Yu|Dark Pulse|p1a: Brute Bonnie\n|-damage|p1a: Brute Bonnie|0 fnt\n|faint|p1a: Brute Bonnie\n|-end|p1a: Brute Bonnie|Protosynthesis|[silent]\n|move|p1b: Chi-Yu|Heat Wave|p2b: Koraidon|[spread] p2a,p2b\n|-resisted|p2a: Chi-Yu\n|-resisted|p2b: Koraidon\n|-damage|p2a: Chi-Yu|5/100\n|-damage|p2b: Koraidon|6/100 slp\n|\n|-weather|SunnyDay|[upkeep]\n|upkeep\n|\n|t:|1775511567\n|switch|p1a: Flutter Mane|Flutter Mane, L50|100/100\n|-activate|p1a: Flutter Mane|ability: Protosynthesis\n|-start|p1a: Flutter Mane|protosynthesisspe\n|turn|4\n|\n|t:|1775511575\n|-curestatus|p2b: Koraidon|slp|[msg]\n|move|p2b: Koraidon|Protect|p2b: Koraidon\n|-singleturn|p2b: Koraidon|Protect\n|move|p1a: Flutter Mane|Icy Wind|p2a: Chi-Yu|[spread] p2a\n|-activate|p2b: Koraidon|move: Protect\n|-resisted|p2a: Chi-Yu\n|-damage|p2a: Chi-Yu|0 fnt\n|faint|p2a: Chi-Yu\n|move|p1b: Chi-Yu|Heat Wave|p2b: Koraidon\n|-activate|p2b: Koraidon|move: Protect\n|\n|-weather|SunnyDay|[upkeep]\n|upkeep\n|\n|t:|1775511586\n|switch|p2a: Lunala|Lunala, L50|100/100\n|turn|5\n|\n|t:|1775511601\n|move|p2b: Koraidon|Flare Blitz|p1b: Chi-Yu\n|-resisted|p1b: Chi-Yu\n|-damage|p1b: Chi-Yu|0 fnt\n|faint|p1b: Chi-Yu\n|-damage|p2b: Koraidon|0 fnt|[from] Recoil\n|faint|p2b: Koraidon\n|move|p1a: Flutter Mane|Shadow Ball|p2a: Lunala\n|-supereffective|p2a: Lunala\n|-damage|p2a: Lunala|46/100\n|-unboost|p2a: Lunala|spd|1\n|move|p2a: Lunala|Trick Room|p2a: Lunala\n|-fieldstart|move: Trick Room|[of] p2a: Lunala\n|\n|-weather|none\n|-end|p1a: Flutter Mane|Protosynthesis\n|upkeep\n|\n|t:|1775511604\n|switch|p1b: Clydeon|Koraidon, L50|100/100\n|switch|p2b: Ursaluna|Ursaluna, L50, M|100/100\n|-weather|SunnyDay|[from] ability: Orichalcum Pulse|[of] p1b: Clydeon\n|-activate|p1a: Flutter Mane|ability: Protosynthesis\n|-start|p1a: Flutter Mane|protosynthesisspe\n|-activate|p1b: Clydeon|Orichalcum Pulse|[source]\n|turn|6\n|j| pangolier\n|\n|t:|1775511616\n|move|p2b: Ursaluna|Protect|p2b: Ursaluna\n|-singleturn|p2b: Ursaluna|Protect\n|move|p2a: Lunala|Meteor Beam||[still]\n|-prepare|p2a: Lunala|Meteor Beam\n|-boost|p2a: Lunala|spa|1\n|-enditem|p2a: Lunala|Power Herb\n|-anim|p2a: Lunala|Meteor Beam|p1a: Flutter Mane\n|-damage|p1a: Flutter Mane|34/100\n|move|p1b: Clydeon|Close Combat|p2b: Ursaluna\n|-activate|p2b: Ursaluna|move: Protect\n|move|p1a: Flutter Mane|Shadow Ball|p2a: Lunala\n|-supereffective|p2a: Lunala\n|-damage|p2a: Lunala|0 fnt\n|faint|p2a: Lunala\n|\n|-weather|SunnyDay|[upkeep]\n|-status|p2b: Ursaluna|brn|[from] item: Flame Orb\n|upkeep\n|turn|7\n|\n|t:|1775511636\n|move|p1b: Clydeon|Protect|p1b: Clydeon\n|-singleturn|p1b: Clydeon|Protect\n|move|p2b: Ursaluna|Facade|p1b: Clydeon\n|-activate|p1b: Clydeon|move: Protect\n|move|p1a: Flutter Mane|Moonblast|p2b: Ursaluna\n|-damage|p2b: Ursaluna|53/100 brn\n|\n|-weather|SunnyDay|[upkeep]\n|-damage|p2b: Ursaluna|47/100 brn|[from] brn\n|upkeep\n|turn|8\n|-message|perenniumfalcon forfeited.\n|\n|win|D4RKEVA\n|raw|D4RKEVA's rating: 1528 &rarr; <strong>1548</strong><br />(+20 for winning)\n|raw|perenniumfalcon's rating: 1526 &rarr; <strong>1506</strong><br />(-20 for losing)\n|l|\u2606perenniumfalcon\n|player|p2|\n|c|\u2606D4RKEVA|gg\n","uploadtime":1775511646,"views":171,"formatid":"gen9vgc2026regi","rating":1506,"private":0,"password":null}