{"id":"gen9vgc2026regi-2580278497","format":"[Gen 9] VGC 2026 Reg I","players":["SkroobleDoodles","clessvgc"],"log":"|j|\u2606SkroobleDoodles\n|j|\u2606clessvgc\n|t:|1775873816\n|gametype|doubles\n|player|p1|SkroobleDoodles|102|1191\n|player|p2|clessvgc|proton|1130\n|gen|9\n|tier|[Gen 9] VGC 2026 Reg I\n|rated|\n|rule|Species Clause: Limit one of each Pok\u00e9mon\n|rule|Item Clause: Limit 1 of each item\n|clearpoke\n|poke|p1|Koraidon, L50|\n|poke|p1|Calyrex-Shadow, L50|\n|poke|p1|Walking Wake, L50|\n|poke|p1|Whimsicott, L50, M|\n|poke|p1|Ogerpon-Wellspring, L50, F|\n|poke|p1|Incineroar, L50, F|\n|poke|p2|Calyrex-Ice, L50|\n|poke|p2|Articuno, L50|\n|poke|p2|Vulpix-Alola, L50, F|\n|poke|p2|Typhlosion-Hisui, L50, F|\n|poke|p2|Koraidon, L50|\n|poke|p2|Gastrodon, L50, F|\n|teampreview|4\n|inactive|Battle timer is ON: inactive players will automatically lose when time's up. (requested by clessvgc)\n|inactive|SkroobleDoodles has 60 seconds left.\n|inactive|clessvgc has 60 seconds left.\n|\n|t:|1775873873\n|teamsize|p1|4\n|teamsize|p2|4\n|start\n|switch|p1a: Whimsicott|Whimsicott, L50, M|100/100\n|switch|p1b: Koraidon|Koraidon, L50|100/100\n|switch|p2a: Typhlosion|Typhlosion-Hisui, L50, F|100/100\n|switch|p2b: Koraidon|Koraidon, L50|100/100\n|-item|p1a: Whimsicott|Focus Sash|[from] ability: Frisk|[of] p2a: Typhlosion\n|-item|p1b: Koraidon|Choice Band|[from] ability: Frisk|[of] p2a: Typhlosion\n|-weather|SunnyDay|[from] ability: Orichalcum Pulse|[of] p1b: Koraidon\n|-activate|p1b: Koraidon|Orichalcum Pulse|[source]\n|-activate|p2b: Koraidon|ability: Orichalcum Pulse\n|turn|1\n|inactive|SkroobleDoodles has 30 seconds left.\n|\n|t:|1775873905\n|-terastallize|p1b: Koraidon|Fire\n|move|p1a: Whimsicott|Tailwind|p1a: Whimsicott\n|-sidestart|p1: SkroobleDoodles|move: Tailwind\n|move|p1b: Koraidon|Flare Blitz|p2b: Koraidon\n|-resisted|p2b: Koraidon\n|-damage|p2b: Koraidon|9/100\n|-damage|p1b: Koraidon|70/100|[from] Recoil\n|move|p2a: Typhlosion|Eruption|p1b: Koraidon|[spread] p1a,p1b\n|-supereffective|p1a: Whimsicott\n|-resisted|p1b: Koraidon\n|-enditem|p1a: Whimsicott|Focus Sash\n|-damage|p1a: Whimsicott|1/100\n|-damage|p1b: Koraidon|28/100\n|move|p2b: Koraidon|Flame Charge|p1a: Whimsicott\n|-supereffective|p1a: Whimsicott\n|-damage|p1a: Whimsicott|0 fnt\n|-boost|p2b: Koraidon|spe|1\n|faint|p1a: Whimsicott\n|\n|-weather|SunnyDay|[upkeep]\n|upkeep\n|\n|t:|1775873927\n|switch|p1a: Incineroar|Incineroar, L50, F|100/100\n|-ability|p1a: Incineroar|Intimidate|boost\n|-unboost|p2a: Typhlosion|atk|1\n|-fail|p2b: Koraidon|unboost|[from] item: Clear Amulet|[of] p2b: Koraidon\n|turn|2\n|\n|t:|1775873945\n|-terastallize|p2a: Typhlosion|Fire\n|move|p1a: Incineroar|Fake Out|p2b: Koraidon\n|-damage|p2b: Koraidon|0 fnt\n|faint|p2b: Koraidon\n|move|p1b: Koraidon|Flare Blitz|p2a: Typhlosion\n|-resisted|p2a: Typhlosion\n|-damage|p2a: Typhlosion|0 fnt\n|faint|p2a: Typhlosion\n|-damage|p1b: Koraidon|0 fnt|[from] Recoil\n|faint|p1b: Koraidon\n|\n|-weather|SunnyDay|[upkeep]\n|upkeep\n|\n|t:|1775873959\n|switch|p1b: Ogerpon|Ogerpon-Wellspring, L50, F|100/100\n|switch|p2b: Vulpix|Vulpix-Alola, L50, F|100/100\n|switch|p2a: Calyrex|Calyrex-Ice, L50|100/100\n|-ability|p2a: Calyrex|As One\n|-ability|p2a: Calyrex|Unnerve\n|-weather|Snowscape|[from] ability: Snow Warning|[of] p2b: Vulpix\n|turn|3\n|inactive|SkroobleDoodles has 30 seconds left.\n|\n|t:|1775873992\n|move|p2a: Calyrex|Protect|p2a: Calyrex\n|-singleturn|p2a: Calyrex|Protect\n|move|p1b: Ogerpon|Ivy Cudgel|p2a: Calyrex|[anim] Ivy Cudgel Water\n|-activate|p2a: Calyrex|move: Protect\n|move|p1a: Incineroar|Flare Blitz|p2a: Calyrex\n|-activate|p2a: Calyrex|move: Protect\n|move|p2b: Vulpix|Aurora Veil|p2b: Vulpix\n|-sidestart|p2: clessvgc|move: Aurora Veil\n|\n|-weather|Snowscape|[upkeep]\n|upkeep\n|turn|4\n|inactive|SkroobleDoodles has 30 seconds left.\n|\n|t:|1775874027\n|move|p1b: Ogerpon|Ivy Cudgel|p2a: Calyrex|[anim] Ivy Cudgel Water\n|-damage|p2a: Calyrex|86/100\n|move|p1a: Incineroar|Flare Blitz|p2a: Calyrex\n|-supereffective|p2a: Calyrex\n|-damage|p2a: Calyrex|50/100\n|-damage|p1a: Incineroar|89/100|[from] Recoil\n|move|p2b: Vulpix|Blizzard|p1b: Ogerpon|[spread] p1a,p1b\n|-resisted|p1a: Incineroar\n|-damage|p1a: Incineroar|84/100\n|-damage|p1b: Ogerpon|79/100\n|move|p2a: Calyrex|Trick Room|p2a: Calyrex\n|-fieldstart|move: Trick Room|[of] p2a: Calyrex\n|\n|-weather|Snowscape|[upkeep]\n|-sideend|p1: SkroobleDoodles|move: Tailwind\n|upkeep\n|turn|5\n|inactive|SkroobleDoodles has 30 seconds left.\n|inactive|SkroobleDoodles has 20 seconds left.\n|inactive|SkroobleDoodles has 15 seconds left.\n|inactive|SkroobleDoodles has 10 seconds left.\n|\n|t:|1775874074\n|move|p2a: Calyrex|Glacial Lance|p1a: Incineroar|[spread] p1a,p1b\n|-resisted|p1a: Incineroar\n|-damage|p1a: Incineroar|55/100\n|-damage|p1b: Ogerpon|0 fnt\n|faint|p1b: Ogerpon\n|-ability|p2a: Calyrex|Chilling Neigh|boost\n|-boost|p2a: Calyrex|atk|1\n|move|p2b: Vulpix|Blizzard|p1a: Incineroar\n|-resisted|p1a: Incineroar\n|-crit|p1a: Incineroar\n|-damage|p1a: Incineroar|43/100\n|move|p1a: Incineroar|Knock Off|p2a: Calyrex\n|-supereffective|p2a: Calyrex\n|-damage|p2a: Calyrex|21/100\n|-enditem|p2a: Calyrex|Covert Cloak|[from] move: Knock Off|[of] p1a: Incineroar\n|\n|-weather|Snowscape|[upkeep]\n|upkeep\n|turn|6\n|inactive|SkroobleDoodles has 30 seconds left.\n|inactive|SkroobleDoodles has 20 seconds left.\n|\n|t:|1775874112\n|move|p2a: Calyrex|Close Combat|p1a: Incineroar\n|-supereffective|p1a: Incineroar\n|-damage|p1a: Incineroar|0 fnt\n|-unboost|p2a: Calyrex|def|1\n|-unboost|p2a: Calyrex|spd|1\n|faint|p1a: Incineroar\n|\n|win|clessvgc\n|raw|SkroobleDoodles's rating: 1191 &rarr; <strong>1162</strong><br />(-29 for losing)\n|raw|clessvgc's rating: 1130 &rarr; <strong>1159</strong><br />(+29 for winning)\n|l|\u2606clessvgc\n|player|p2|\n|l|\u2606SkroobleDoodles\n|player|p1|\n","uploadtime":1775874351,"views":18,"formatid":"gen9vgc2026regi","rating":1159,"private":0,"password":null}