{"id":"gen9vgc2026regi-2526703930","format":"[Gen 9] VGC 2026 Reg I","players":["bianxiaoshuli","zonavideovigilada"],"log":"|j|\u2606bianxiaoshuli\n|j|\u2606zonavideovigilada\n|t:|1769449769\n|gametype|doubles\n|player|p1|bianxiaoshuli|2|1531\n|player|p2|zonavideovigilada|1|1538\n|gen|9\n|tier|[Gen 9] VGC 2026 Reg I\n|rated|\n|rule|Species Clause: Limit one of each Pok\u00e9mon\n|rule|Item Clause: Limit 1 of each item\n|clearpoke\n|poke|p1|Calyrex-Ice, L50|\n|poke|p1|Groudon, L50|\n|poke|p1|Flutter Mane, L50|\n|poke|p1|Chi-Yu, L50|\n|poke|p1|Raging Bolt, L50|\n|poke|p1|Lilligant-Hisui, L50, F|\n|poke|p2|Calyrex-Shadow, L50|\n|poke|p2|Zamazenta-*, L50|\n|poke|p2|Amoonguss, L50, M|\n|poke|p2|Chi-Yu, L50|\n|poke|p2|Rillaboom, L50, M|\n|poke|p2|Chien-Pao, L50|\n|teampreview|4\n|\n|t:|1769449794\n|teamsize|p1|4\n|teamsize|p2|4\n|start\n|switch|p1a: Lilligant|Lilligant-Hisui, L50, F|100/100\n|switch|p1b: Groudon|Groudon, L50|100/100\n|switch|p2a: Chi-Yu|Chi-Yu, L50|100/100\n|switch|p2b: Zamazenta|Zamazenta-Crowned, L50|100/100\n|-ability|p2a: Chi-Yu|Beads of Ruin\n|-ability|p2b: Zamazenta|Dauntless Shield|boost\n|-boost|p2b: Zamazenta|def|1\n|-weather|SunnyDay|[from] ability: Drought|[of] p1b: Groudon\n|turn|1\n|\n|t:|1769449808\n|move|p2b: Zamazenta|Wide Guard|p2b: Zamazenta\n|-singleturn|p2b: Zamazenta|Wide Guard\n|move|p1a: Lilligant|Sleep Powder|p2a: Chi-Yu\n|-status|p2a: Chi-Yu|slp|[from] move: Sleep Powder\n|cant|p2a: Chi-Yu|slp\n|move|p1b: Groudon|Precipice Blades|p2a: Chi-Yu|[spread] \n|-activate|p2a: Chi-Yu|move: Wide Guard\n|-activate|p2b: Zamazenta|move: Wide Guard\n|\n|-weather|SunnyDay|[upkeep]\n|upkeep\n|turn|2\n|\n|t:|1769449825\n|move|p2b: Zamazenta|Wide Guard|p2b: Zamazenta\n|-singleturn|p2b: Zamazenta|Wide Guard\n|move|p1a: Lilligant|Coaching|p1b: Groudon\n|-boost|p1b: Groudon|atk|1\n|-boost|p1b: Groudon|def|1\n|cant|p2a: Chi-Yu|slp\n|move|p1b: Groudon|Precipice Blades|p2b: Zamazenta|[spread] \n|-activate|p2a: Chi-Yu|move: Wide Guard\n|-activate|p2b: Zamazenta|move: Wide Guard\n|\n|-weather|SunnyDay|[upkeep]\n|upkeep\n|turn|3\n|inactive|Battle timer is ON: inactive players will automatically lose when time's up. (requested by bianxiaoshuli)\n|\n|t:|1769449869\n|move|p1a: Lilligant|Close Combat|p2a: Chi-Yu\n|-supereffective|p2a: Chi-Yu\n|-damage|p2a: Chi-Yu|0 fnt\n|-unboost|p1a: Lilligant|def|1\n|-unboost|p1a: Lilligant|spd|1\n|faint|p2a: Chi-Yu\n|move|p2b: Zamazenta|Body Press|p1a: Lilligant\n|-damage|p1a: Lilligant|0 fnt\n|faint|p1a: Lilligant\n|move|p1b: Groudon|High Horsepower|p2b: Zamazenta\n|-supereffective|p2b: Zamazenta\n|-damage|p2b: Zamazenta|39/100\n|\n|-weather|SunnyDay|[upkeep]\n|upkeep\n|\n|t:|1769449889\n|switch|p1a: Flutter Mane|Flutter Mane, L50|100/100\n|switch|p2a: Amoonguss|Amoonguss, L50, M|100/100\n|-activate|p1a: Flutter Mane|ability: Protosynthesis\n|-start|p1a: Flutter Mane|protosynthesisspe\n|turn|4\n|\n|t:|1769449903\n|-terastallize|p2a: Amoonguss|Water\n|move|p1a: Flutter Mane|Shadow Ball|p2a: Amoonguss\n|-damage|p2a: Amoonguss|62/100\n|move|p2b: Zamazenta|Heavy Slam|p1a: Flutter Mane\n|-supereffective|p1a: Flutter Mane\n|-enditem|p1a: Flutter Mane|Focus Sash\n|-damage|p1a: Flutter Mane|1/100\n|move|p1b: Groudon|Heat Crash|p2a: Amoonguss\n|-resisted|p2a: Amoonguss\n|-damage|p2a: Amoonguss|22/100\n|-damage|p1b: Groudon|84/100|[from] item: Rocky Helmet|[of] p2a: Amoonguss\n|move|p2a: Amoonguss|Spore|p1b: Groudon\n|-status|p1b: Groudon|slp|[from] move: Spore\n|\n|-weather|SunnyDay|[upkeep]\n|upkeep\n|turn|5\n|inactive|zonavideovigilada has 30 seconds left.\n|\n|t:|1769449931\n|move|p1a: Flutter Mane|Shadow Ball|p2a: Amoonguss\n|-damage|p2a: Amoonguss|0 fnt\n|faint|p2a: Amoonguss\n|move|p2b: Zamazenta|Body Press|p1b: Groudon\n|-damage|p1b: Groudon|55/100 slp\n|cant|p1b: Groudon|slp\n|\n|-weather|none\n|-end|p1a: Flutter Mane|Protosynthesis\n|upkeep\n|\n|t:|1769449934\n|switch|p2a: Calyrex|Calyrex-Shadow, L50|100/100\n|-ability|p2a: Calyrex|As One\n|-ability|p2a: Calyrex|Unnerve\n|turn|6\n|inactive|bianxiaoshuli has 30 seconds left.\n|\n|t:|1769449961\n|move|p1a: Flutter Mane|Protect|p1a: Flutter Mane\n|-singleturn|p1a: Flutter Mane|Protect\n|move|p2a: Calyrex|Astral Barrage|p1a: Flutter Mane|[spread] p1b\n|-activate|p1a: Flutter Mane|move: Protect\n|-damage|p1b: Groudon|5/100 slp\n|move|p2b: Zamazenta|Body Press|p1b: Groudon\n|-damage|p1b: Groudon|0 fnt\n|faint|p1b: Groudon\n|\n|upkeep\n|\n|t:|1769449969\n|switch|p1b: Chi-Yu|Chi-Yu, L50|100/100\n|-ability|p1b: Chi-Yu|Beads of Ruin\n|turn|7\n|\n|t:|1769449980\n|-terastallize|p1a: Flutter Mane|Stellar\n|move|p2b: Zamazenta|Protect|p2b: Zamazenta\n|-singleturn|p2b: Zamazenta|Protect\n|move|p1b: Chi-Yu|Dark Pulse|p2a: Calyrex\n|-supereffective|p2a: Calyrex\n|-enditem|p2a: Calyrex|Focus Sash\n|-damage|p2a: Calyrex|1/100\n|cant|p2a: Calyrex|flinch\n|move|p1a: Flutter Mane|Moonblast|p2b: Zamazenta\n|-activate|p2b: Zamazenta|move: Protect\n|\n|upkeep\n|turn|8\n|c|\u2606zonavideovigilada|:(\n|c|\u2606zonavideovigilada|Gg\n|-message|zonavideovigilada forfeited.\n|\n|win|bianxiaoshuli\n|raw|bianxiaoshuli's rating: 1531 &rarr; <strong>1551</strong><br />(+20 for winning)\n|raw|zonavideovigilada's rating: 1538 &rarr; <strong>1518</strong><br />(-20 for losing)\n|l|\u2606zonavideovigilada\n|player|p2|\n|l|\u2606bianxiaoshuli\n|player|p1|\n","uploadtime":1769450207,"views":62,"formatid":"gen9vgc2026regi","rating":1518,"private":0,"password":null}