{"id":"gen9vgc2026regi-2553378841","format":"[Gen 9] VGC 2026 Reg I","players":["Pokemonst3r","xjazuu"],"log":"|j|\u2606Pokemonst3r\n|j|\u2606xjazuu\n|t:|1772825403\n|gametype|doubles\n|player|p1|Pokemonst3r|101|1542\n|player|p2|xjazuu|1|1448\n|gen|9\n|tier|[Gen 9] VGC 2026 Reg I\n|rated|\n|rule|Species Clause: Limit one of each Pok\u00e9mon\n|rule|Item Clause: Limit 1 of each item\n|clearpoke\n|poke|p1|Chien-Pao, L50|\n|poke|p1|Calyrex-Shadow, L50|\n|poke|p1|Dondozo, L50, M|\n|poke|p1|Zamazenta-*, L50|\n|poke|p1|Dragonite, L50, M|\n|poke|p1|Tatsugiri, L50, F|\n|poke|p2|Calyrex-Ice, L50|\n|poke|p2|Miraidon, L50|\n|poke|p2|Urshifu-*, L50, F|\n|poke|p2|Grimmsnarl, L50, M|\n|poke|p2|Pelipper, L50, M|\n|poke|p2|Farigiraf, L50, F|\n|teampreview|4\n|inactive|Battle timer is ON: inactive players will automatically lose when time's up. (requested by Pokemonst3r)\n|inactive|Pokemonst3r has 60 seconds left.\n|inactive|xjazuu has 60 seconds left.\n|\n|t:|1772825436\n|teamsize|p1|4\n|teamsize|p2|4\n|start\n|switch|p1a: Chien-Pao|Chien-Pao, L50|100/100\n|switch|p1b: Zamazenta|Zamazenta-Crowned, L50|100/100\n|switch|p2a: Grimmsnarl|Grimmsnarl, L50, M|100/100\n|switch|p2b: Miraidon|Miraidon, L50|100/100\n|-ability|p1a: Chien-Pao|Sword of Ruin\n|-ability|p1b: Zamazenta|Dauntless Shield|boost\n|-boost|p1b: Zamazenta|def|1\n|-fieldstart|move: Electric Terrain|[from] ability: Hadron Engine|[of] p2b: Miraidon\n|turn|1\n|inactive|xjazuu has 30 seconds left.\n|inactive|xjazuu has 20 seconds left.\n|j| DudeGaming 25\n|inactive|xjazuu has 15 seconds left.\n|inactive|xjazuu has 10 seconds left.\n|inactive|xjazuu has 5 seconds left.\n|\n|t:|1772825488\n|move|p2a: Grimmsnarl|Reflect|p2a: Grimmsnarl\n|-sidestart|p2: xjazuu|Reflect\n|move|p1a: Chien-Pao|Ruination|p2b: Miraidon\n|-damage|p2b: Miraidon|51/100\n|move|p1b: Zamazenta|Body Press|p2b: Miraidon\n|-damage|p2b: Miraidon|0 fnt\n|faint|p2b: Miraidon\n|\n|upkeep\n|\n|t:|1772825501\n|switch|p2b: Calyrex|Calyrex-Ice, L50|100/100\n|-ability|p2b: Calyrex|As One\n|-ability|p2b: Calyrex|Unnerve\n|turn|2\n|\n|t:|1772825522\n|-terastallize|p2b: Calyrex|Water\n|move|p1a: Chien-Pao|Taunt|p2b: Calyrex\n|-start|p2b: Calyrex|move: Taunt\n|move|p1b: Zamazenta|Behemoth Bash|p2a: Grimmsnarl\n|-supereffective|p2a: Grimmsnarl\n|-damage|p2a: Grimmsnarl|25/100\n|move|p2a: Grimmsnarl|Spirit Break|p1a: Chien-Pao\n|-supereffective|p1a: Chien-Pao\n|-damage|p1a: Chien-Pao|14/100\n|-unboost|p1a: Chien-Pao|spa|1\n|cant|p2b: Calyrex|move: Taunt|Leech Seed\n|\n|upkeep\n|turn|3\n|\n|t:|1772825541\n|switch|p2a: Farigiraf|Farigiraf, L50, F|100/100\n|-enditem|p2a: Farigiraf|Electric Seed\n|-boost|p2a: Farigiraf|def|1|[from] item: Electric Seed\n|move|p1a: Chien-Pao|Ruination|p2b: Calyrex\n|-damage|p2b: Calyrex|51/100\n|move|p1b: Zamazenta|Body Press|p2b: Calyrex\n|-damage|p2b: Calyrex|15/100\n|move|p2b: Calyrex|Glacial Lance|p1a: Chien-Pao|[spread] p1a,p1b\n|-resisted|p1a: Chien-Pao\n|-resisted|p1b: Zamazenta\n|-damage|p1a: Chien-Pao|0 fnt\n|-damage|p1b: Zamazenta|84/100\n|faint|p1a: Chien-Pao\n|-ability|p2b: Calyrex|Chilling Neigh|boost\n|-boost|p2b: Calyrex|atk|1\n|\n|-heal|p2b: Calyrex|21/100|[from] item: Leftovers\n|upkeep\n|\n|t:|1772825558\n|switch|p1a: Calyrex|Calyrex-Shadow, L50|100/100\n|-ability|p1a: Calyrex|As One\n|-ability|p1a: Calyrex|Unnerve\n|turn|4\n|\n|t:|1772825565\n|switch|p2b: Grimmsnarl|Grimmsnarl, L50, M|25/100\n|move|p1a: Calyrex|Trick|p2a: Farigiraf\n|-activate|p1a: Calyrex|move: Trick|[of] p2a: Farigiraf\n|-item|p2a: Farigiraf|Choice Scarf|[from] move: Trick\n|-enditem|p1a: Calyrex|Choice Scarf|[silent]|[from] move: Trick\n|move|p1b: Zamazenta|Body Press|p2b: Grimmsnarl\n|-damage|p2b: Grimmsnarl|0 fnt\n|faint|p2b: Grimmsnarl\n|move|p2a: Farigiraf|Trick Room|p2a: Farigiraf\n|-fieldstart|move: Trick Room|[of] p2a: Farigiraf\n|\n|upkeep\n|\n|t:|1772825568\n|switch|p2b: Calyrex|Calyrex-Ice, L50, tera:Water|21/100\n|-ability|p2b: Calyrex|As One\n|-ability|p2b: Calyrex|Unnerve\n|turn|5\n|inactive|Pokemonst3r has 30 seconds left.\n|\n|t:|1772825598\n|move|p2b: Calyrex|Leech Seed|p1a: Calyrex\n|-start|p1a: Calyrex|move: Leech Seed\n|move|p1b: Zamazenta|Body Press|p2b: Calyrex\n|-damage|p2b: Calyrex|0 fnt\n|faint|p2b: Calyrex\n|move|p1a: Calyrex|Astral Barrage|p2a: Farigiraf\n|-immune|p2a: Farigiraf\n|move|p2a: Farigiraf|Trick Room|p2a: Farigiraf\n|-fieldend|move: Trick Room\n|\n|-fieldend|move: Electric Terrain\n|upkeep\n|turn|6\n|-message|xjazuu forfeited.\n|\n|win|Pokemonst3r\n|raw|Pokemonst3r's rating: 1542 &rarr; <strong>1557</strong><br />(+15 for winning)\n|raw|xjazuu's rating: 1448 &rarr; <strong>1433</strong><br />(-15 for losing)\n|l|\u2606xjazuu\n|player|p2|\n|l|\u2606Pokemonst3r\n|player|p1|\n|l| DudeGaming 25\n","uploadtime":1772825759,"views":16,"formatid":"gen9vgc2026regi","rating":1433,"private":0,"password":null}