{"id":"gen9vgc2026regi-2579142534","format":"[Gen 9] VGC 2026 Reg I","players":["RandomCanada","4Test4"],"log":"|j|\u2606RandomCanada\n|j|\u26064Test4\n|t:|1775755468\n|gametype|doubles\n|player|p1|RandomCanada|shadowtriad|1289\n|player|p2|4Test4|blue|1405\n|gen|9\n|tier|[Gen 9] VGC 2026 Reg I\n|rated|\n|rule|Species Clause: Limit one of each Pok\u00e9mon\n|rule|Item Clause: Limit 1 of each item\n|clearpoke\n|poke|p1|Raichu, L50, M|\n|poke|p1|Kyogre, L50|\n|poke|p1|Lunala, L50|\n|poke|p1|Ursaluna, L50, M|\n|poke|p1|Chi-Yu, L50|\n|poke|p1|Amoonguss, L50, F|\n|poke|p2|Calyrex-Shadow, L50|\n|poke|p2|Zamazenta-*, L50|\n|poke|p2|Incineroar, L50, M|\n|poke|p2|Raging Bolt, L50|\n|poke|p2|Whimsicott, L50, M|\n|poke|p2|Ogerpon-Wellspring, L50, F|\n|teampreview|4\n|inactive|Battle timer is ON: inactive players will automatically lose when time's up. (requested by RandomCanada)\n|inactive|4Test4 has 60 seconds left.\n|\n|t:|1775755507\n|teamsize|p1|4\n|teamsize|p2|4\n|start\n|switch|p1a: Lunala|Lunala, L50|100/100\n|switch|p1b: Amoonguss|Amoonguss, L50, F|100/100\n|switch|p2a: Raging Bolt|Raging Bolt, L50|100/100\n|switch|p2b: Zamazenta|Zamazenta-Crowned, L50|100/100\n|-ability|p2b: Zamazenta|Dauntless Shield|boost\n|-boost|p2b: Zamazenta|def|1\n|turn|1\n|\n|t:|1775755532\n|move|p2b: Zamazenta|Heavy Slam|p1a: Lunala\n|-damage|p1a: Lunala|82/100\n|move|p2a: Raging Bolt|Snarl|p1b: Amoonguss|[spread] p1a,p1b\n|-supereffective|p1a: Lunala\n|-damage|p1a: Lunala|35/100\n|-damage|p1b: Amoonguss|86/100\n|-unboost|p1a: Lunala|spa|1\n|-unboost|p1b: Amoonguss|spa|1\n|move|p1b: Amoonguss|Spore|p2b: Zamazenta\n|-status|p2b: Zamazenta|slp|[from] move: Spore\n|move|p1a: Lunala|Trick Room|p1a: Lunala\n|-fieldstart|move: Trick Room|[of] p1a: Lunala\n|\n|upkeep\n|turn|2\n|\n|t:|1775755551\n|-end|p2a: Raging Bolt|Protosynthesis|[silent]\n|switch|p2a: Ogerpon|Ogerpon-Wellspring, L50, F|100/100\n|move|p1b: Amoonguss|Rage Powder|p1b: Amoonguss\n|-singleturn|p1b: Amoonguss|move: Rage Powder\n|move|p1a: Lunala|Meteor Beam||[still]\n|-prepare|p1a: Lunala|Meteor Beam\n|-boost|p1a: Lunala|spa|1\n|-enditem|p1a: Lunala|Power Herb\n|-anim|p1a: Lunala|Meteor Beam|p2a: Ogerpon\n|-damage|p2a: Ogerpon|53/100\n|cant|p2b: Zamazenta|slp\n|\n|upkeep\n|turn|3\n|\n|t:|1775755569\n|move|p2a: Ogerpon|Spiky Shield|p2a: Ogerpon\n|-singleturn|p2a: Ogerpon|move: Protect\n|move|p1b: Amoonguss|Pollen Puff|p1a: Lunala\n|-heal|p1a: Lunala|85/100\n|move|p1a: Lunala|Moongeist Beam|p2a: Ogerpon\n|-activate|p2a: Ogerpon|move: Protect\n|cant|p2b: Zamazenta|slp\n|\n|upkeep\n|turn|4\n|\n|t:|1775755588\n|move|p1b: Amoonguss|Pollen Puff|p1a: Lunala\n|-heal|p1a: Lunala|100/100\n|move|p1a: Lunala|Moongeist Beam|p2a: Ogerpon\n|-damage|p2a: Ogerpon|0 fnt\n|faint|p2a: Ogerpon\n|-curestatus|p2b: Zamazenta|slp|[msg]\n|move|p2b: Zamazenta|Heavy Slam|p1a: Lunala\n|-damage|p1a: Lunala|82/100\n|\n|upkeep\n|\n|t:|1775755601\n|switch|p2a: Raging Bolt|Raging Bolt, L50|100/100\n|turn|5\n|\n|t:|1775755609\n|-terastallize|p1a: Lunala|Grass\n|move|p1b: Amoonguss|Spore|p2b: Zamazenta\n|-status|p2b: Zamazenta|slp|[from] move: Spore\n|move|p2a: Raging Bolt|Snarl|p1b: Amoonguss|[spread] p1a,p1b\n|-damage|p1a: Lunala|70/100\n|-damage|p1b: Amoonguss|73/100\n|-unboost|p1a: Lunala|spa|1\n|-unboost|p1b: Amoonguss|spa|1\n|move|p1a: Lunala|Moongeist Beam|p2a: Raging Bolt\n|-damage|p2a: Raging Bolt|79/100\n|cant|p2b: Zamazenta|slp\n|\n|-fieldend|move: Trick Room\n|upkeep\n|turn|6\n|\n|t:|1775755622\n|move|p1b: Amoonguss|Rage Powder|p1b: Amoonguss\n|-singleturn|p1b: Amoonguss|move: Rage Powder\n|cant|p2b: Zamazenta|slp\n|move|p2a: Raging Bolt|Dragon Pulse|p1b: Amoonguss\n|-damage|p1b: Amoonguss|33/100\n|move|p1a: Lunala|Trick Room|p1a: Lunala\n|-fieldstart|move: Trick Room|[of] p1a: Lunala\n|\n|upkeep\n|turn|7\n|\n|t:|1775755631\n|switch|p1a: Ursaluna|Ursaluna, L50, M|100/100\n|move|p1b: Amoonguss|Spore|p2a: Raging Bolt\n|-status|p2a: Raging Bolt|slp|[from] move: Spore\n|cant|p2a: Raging Bolt|slp\n|cant|p2b: Zamazenta|slp\n|\n|-status|p1a: Ursaluna|brn|[from] item: Flame Orb\n|upkeep\n|turn|8\n|-message|4Test4 forfeited.\n|\n|win|RandomCanada\n|raw|RandomCanada's rating: 1289 &rarr; <strong>1322</strong><br />(+33 for winning)\n|raw|4Test4's rating: 1405 &rarr; <strong>1379</strong><br />(-26 for losing)\n|l|\u26064Test4\n|player|p2|\n|c|\u2606RandomCanada|lol\n","uploadtime":1775755641,"views":8,"formatid":"gen9vgc2026regi","rating":1322,"private":0,"password":null}