{"id":"gen9vgc2026regi-2541643040","format":"[Gen 9] VGC 2026 Reg I","players":["orizor","j0l0k0"],"log":"|j|\u2606orizor\n|j|\u2606j0l0k0\n|t:|1771355119\n|gametype|doubles\n|player|p1|orizor|hilbert-wonderlauncher|1330\n|player|p2|j0l0k0|brycen|1424\n|gen|9\n|tier|[Gen 9] VGC 2026 Reg I\n|rated|\n|rule|Species Clause: Limit one of each Pok\u00e9mon\n|rule|Item Clause: Limit 1 of each item\n|clearpoke\n|poke|p1|Koraidon, L50|\n|poke|p1|Lunala, L50|\n|poke|p1|Ursaluna, L50, F|\n|poke|p1|Jumpluff, L50, M|\n|poke|p1|Incineroar, L50, M|\n|poke|p1|Ditto, L50|\n|poke|p2|Calyrex-Ice, L50|\n|poke|p2|Kyogre, L50|\n|poke|p2|Indeedee-F, L50, F|\n|poke|p2|Urshifu-*, L50, F|\n|poke|p2|Amoonguss, L50, F|\n|poke|p2|Landorus, L50, M|\n|teampreview|4\n|inactive|Battle timer is ON: inactive players will automatically lose when time's up. (requested by j0l0k0)\n|inactive|orizor also wants the timer to be on.\n|\n|t:|1771355137\n|teamsize|p1|4\n|teamsize|p2|4\n|start\n|switch|p1a: Ditto|Ditto, L50|100/100\n|switch|p1b: Lunala|Lunala, L50|100/100\n|switch|p2a: Indeedee|Indeedee-F, L50, F, shiny|100/100\n|switch|p2b: Calyrex|Calyrex-Ice, L50|100/100\n|-ability|p2b: Calyrex|As One\n|-ability|p2b: Calyrex|Unnerve\n|-fieldstart|move: Psychic Terrain|[from] ability: Psychic Surge|[of] p2a: Indeedee\n|-transform|p1a: Ditto|p2b: Calyrex|[from] ability: Imposter\n|-ability|p1a: Ditto|As One\n|-ability|p1a: Ditto|Unnerve\n|turn|1\n|\n|t:|1771355154\n|-terastallize|p1b: Lunala|Fairy\n|move|p2a: Indeedee|Helping Hand|p2b: Calyrex\n|-singleturn|p2b: Calyrex|Helping Hand|[of] p2a: Indeedee\n|move|p1b: Lunala|Moonblast|p2b: Calyrex\n|-damage|p2b: Calyrex|66/100\n|move|p2b: Calyrex|Glacial Lance|p1b: Lunala|[spread] p1a,p1b\n|-resisted|p1a: Ditto\n|-damage|p1a: Ditto|62/100\n|-damage|p1b: Lunala|65/100\n|move|p1a: Ditto|Crunch|p2b: Calyrex\n|-supereffective|p2b: Calyrex\n|-damage|p2b: Calyrex|24/100\n|\n|-heal|p1b: Lunala|71/100|[from] item: Leftovers\n|upkeep\n|turn|2\n|\n|t:|1771355172\n|move|p2a: Indeedee|Follow Me|p2a: Indeedee\n|-singleturn|p2a: Indeedee|move: Follow Me\n|move|p1b: Lunala|Moonblast|p2a: Indeedee\n|-damage|p2a: Indeedee|56/100\n|move|p2b: Calyrex|Crunch|p1a: Ditto\n|-supereffective|p1a: Ditto\n|-damage|p1a: Ditto|7/100\n|move|p1a: Ditto|Crunch|p2a: Indeedee\n|-supereffective|p2a: Indeedee\n|-damage|p2a: Indeedee|0 fnt\n|faint|p2a: Indeedee\n|-ability|p1a: Ditto|Chilling Neigh|boost\n|-boost|p1a: Ditto|atk|1\n|\n|-heal|p1b: Lunala|77/100|[from] item: Leftovers\n|upkeep\n|\n|t:|1771355183\n|switch|p2a: Kyogre|Kyogre, L50, shiny|100/100\n|-weather|RainDance|[from] ability: Drizzle|[of] p2a: Kyogre\n|turn|3\n|\n|t:|1771355197\n|switch|p1a: Koraidon|Koraidon, L50|100/100\n|-weather|SunnyDay|[from] ability: Orichalcum Pulse|[of] p1a: Koraidon\n|-activate|p1a: Koraidon|Orichalcum Pulse|[source]\n|move|p1b: Lunala|Moongeist Beam|p2b: Calyrex\n|-supereffective|p2b: Calyrex\n|-damage|p2b: Calyrex|0 fnt\n|faint|p2b: Calyrex\n|move|p2a: Kyogre|Hydro Pump|p1b: Lunala\n|-damage|p1b: Lunala|51/100\n|\n|-weather|SunnyDay|[upkeep]\n|-heal|p1b: Lunala|57/100|[from] item: Leftovers\n|upkeep\n|\n|t:|1771355208\n|switch|p2b: Urshifu|Urshifu, L50, F|100/100\n|turn|4\n|\n|t:|1771355217\n|move|p1a: Koraidon|Close Combat|p2b: Urshifu\n|-supereffective|p2b: Urshifu\n|-enditem|p2b: Urshifu|Focus Sash\n|-damage|p2b: Urshifu|1/100\n|-unboost|p1a: Koraidon|def|1\n|-unboost|p1a: Koraidon|spd|1\n|-damage|p1a: Koraidon|91/100|[from] item: Life Orb\n|move|p2b: Urshifu|Poison Jab|p1b: Lunala\n|-supereffective|p1b: Lunala\n|-damage|p1b: Lunala|13/100\n|-status|p1b: Lunala|psn\n|move|p1b: Lunala|Moongeist Beam|p2a: Kyogre\n|-damage|p2a: Kyogre|76/100\n|move|p2a: Kyogre|Ice Beam|p1a: Koraidon\n|-supereffective|p1a: Koraidon\n|-damage|p1a: Koraidon|0 fnt\n|faint|p1a: Koraidon\n|\n|-weather|SunnyDay|[upkeep]\n|-heal|p1b: Lunala|19/100 psn|[from] item: Leftovers\n|-damage|p1b: Lunala|7/100 psn|[from] psn\n|upkeep\n|\n|t:|1771355228\n|switch|p1a: Jumpluff|Jumpluff, L50, M|100/100\n|turn|5\n|\n|t:|1771355236\n|-terastallize|p2a: Kyogre|Grass\n|move|p2b: Urshifu|Protect|p2b: Urshifu\n|-singleturn|p2b: Urshifu|Protect\n|move|p1a: Jumpluff|Pollen Puff|p2b: Urshifu\n|-activate|p2b: Urshifu|move: Protect\n|move|p1b: Lunala|Moongeist Beam|p2a: Kyogre\n|-damage|p2a: Kyogre|50/100\n|move|p2a: Kyogre|Ice Beam|p1a: Jumpluff\n|-supereffective|p1a: Jumpluff\n|-damage|p1a: Jumpluff|0 fnt\n|faint|p1a: Jumpluff\n|\n|-weather|SunnyDay|[upkeep]\n|-heal|p1b: Lunala|13/100 psn|[from] item: Leftovers\n|-damage|p1b: Lunala|0 fnt|[from] psn\n|faint|p1b: Lunala\n|-fieldend|move: Psychic Terrain\n|upkeep\n|\n|t:|1771355240\n|switch|p1b: Ditto|Ditto, L50|7/100\n|-transform|p1b: Ditto|p2a: Kyogre|[from] ability: Imposter\n|-weather|RainDance|[from] ability: Drizzle|[of] p1b: Ditto\n|-start|p1b: Ditto|typechange|Water|[silent]\n|turn|6\n|c|\u2606orizor|Ggwp\n|\n|t:|1771355252\n|move|p2b: Urshifu|Wicked Blow|p1b: Ditto\n|-crit|p1b: Ditto\n|-damage|p1b: Ditto|0 fnt\n|faint|p1b: Ditto\n|\n|win|j0l0k0\n|raw|orizor's rating: 1330 &rarr; <strong>1315</strong><br />(-15 for losing)\n|raw|j0l0k0's rating: 1424 &rarr; <strong>1439</strong><br />(+15 for winning)\n|c|\u2606j0l0k0|ggwp\n|l|\u2606orizor\n|player|p1|\n|l|\u2606j0l0k0\n|player|p2|\n","uploadtime":1771355485,"views":14,"formatid":"gen9vgc2026regi","rating":1315,"private":0,"password":null}