{"id":"gen9vgc2026regi-2570056126","format":"[Gen 9] VGC 2026 Reg I","players":["dcer001","fallacy277"],"log":"|j|\u2606dcer001\n|j|\u2606fallacy277\n|t:|1774762614\n|gametype|doubles\n|player|p1|dcer001|rosa|1163\n|player|p2|fallacy277|102|1313\n|gen|9\n|tier|[Gen 9] VGC 2026 Reg I\n|rated|\n|rule|Species Clause: Limit one of each Pok\u00e9mon\n|rule|Item Clause: Limit 1 of each item\n|clearpoke\n|poke|p1|Muk-Alola, L50, M|\n|poke|p1|Sableye, L50, M|\n|poke|p1|Thundurus, L50, M|\n|poke|p1|Whimsicott, L50, M|\n|poke|p1|Calyrex-Shadow, L50|\n|poke|p1|Smeargle, L50, F|\n|poke|p2|Groudon, L50|\n|poke|p2|Calyrex-Ice, L50|\n|poke|p2|Flutter Mane, L50|\n|poke|p2|Gouging Fire, L50|\n|poke|p2|Jumpluff, L50, F|\n|poke|p2|Raging Bolt, L50|\n|teampreview|4\n|inactive|Battle timer is ON: inactive players will automatically lose when time's up. (requested by fallacy277)\n|inactive|fallacy277 has 60 seconds left.\n|\n|t:|1774762658\n|teamsize|p1|4\n|teamsize|p2|4\n|start\n|switch|p1a: Muk|Muk-Alola, L50, M|100/100\n|switch|p1b: Sableye|Sableye, L50, M|100/100\n|switch|p2a: Groudon|Groudon, L50|100/100\n|switch|p2b: Flutter Mane|Flutter Mane, L50|100/100\n|-weather|SunnyDay|[from] ability: Drought|[of] p2a: Groudon\n|-activate|p2b: Flutter Mane|ability: Protosynthesis\n|-start|p2b: Flutter Mane|protosynthesisspe\n|turn|1\n|\n|t:|1774762682\n|-terastallize|p2a: Groudon|Fire\n|move|p1b: Sableye|Fake Out|p2a: Groudon\n|-damage|p2a: Groudon|96/100\n|move|p2b: Flutter Mane|Moonblast|p1b: Sableye\n|-supereffective|p1b: Sableye\n|-damage|p1b: Sableye|0 fnt\n|faint|p1b: Sableye\n|-ability|p1a: Muk|Prankster|Power of Alchemy|[from] ability: Power of Alchemy|[of] p1b: Sableye\n|move|p1a: Muk|Stockpile|p1a: Muk\n|-start|p1a: Muk|stockpile1\n|-boost|p1a: Muk|def|1\n|-boost|p1a: Muk|spd|1\n|cant|p2a: Groudon|flinch\n|\n|-weather|SunnyDay|[upkeep]\n|upkeep\n|\n|t:|1774762701\n|switch|p1b: Thundurus|Thundurus, L50, M|100/100\n|turn|2\n|\n|t:|1774762716\n|move|p1b: Thundurus|Eerie Impulse|p2b: Flutter Mane\n|-unboost|p2b: Flutter Mane|spa|2\n|move|p1a: Muk|Stockpile|p1a: Muk\n|-start|p1a: Muk|stockpile2\n|-boost|p1a: Muk|def|1\n|-boost|p1a: Muk|spd|1\n|move|p2b: Flutter Mane|Moonblast|p1b: Thundurus\n|-damage|p1b: Thundurus|78/100\n|move|p2a: Groudon|Heat Crash|p1b: Thundurus\n|-damage|p1b: Thundurus|0 fnt\n|faint|p1b: Thundurus\n|\n|-weather|SunnyDay|[upkeep]\n|upkeep\n|\n|t:|1774762732\n|switch|p1b: Calyrex|Calyrex-Shadow, L50|100/100\n|-ability|p1b: Calyrex|As One\n|-ability|p1b: Calyrex|Unnerve\n|turn|3\n|\n|t:|1774762749\n|-terastallize|p1b: Calyrex|Fairy\n|move|p1a: Muk|Stockpile|p1a: Muk\n|-start|p1a: Muk|stockpile3\n|-boost|p1a: Muk|def|1\n|-boost|p1a: Muk|spd|1\n|move|p2b: Flutter Mane|Taunt|p1b: Calyrex\n|-start|p1b: Calyrex|move: Taunt\n|-enditem|p1b: Calyrex|Mental Herb\n|-end|p1b: Calyrex|move: Taunt\n|move|p1b: Calyrex|Psych Up|p1a: Muk\n|-copyboost|p1b: Calyrex|p1a: Muk|[from] move: Psych Up\n|move|p2a: Groudon|Heat Crash|p1b: Calyrex\n|-damage|p1b: Calyrex|61/100\n|\n|-weather|SunnyDay|[upkeep]\n|upkeep\n|turn|4\n|inactive|dcer001 has 30 seconds left.\n|inactive|dcer001 has 20 seconds left.\n|\n|t:|1774762784\n|move|p1a: Muk|Minimize|p1a: Muk\n|-boost|p1a: Muk|evasion|2\n|move|p2b: Flutter Mane|Icy Wind|p1a: Muk|[spread] p1b\n|-miss|p2b: Flutter Mane|p1a: Muk\n|-damage|p1b: Calyrex|58/100\n|-unboost|p1b: Calyrex|spe|1\n|move|p1b: Calyrex|Psych Up|p1a: Muk\n|-copyboost|p1b: Calyrex|p1a: Muk|[from] move: Psych Up\n|move|p2a: Groudon|Precipice Blades|p1a: Muk|[spread] p1b\n|-miss|p2a: Groudon|p1a: Muk\n|-damage|p1b: Calyrex|39/100\n|\n|-weather|SunnyDay|[upkeep]\n|upkeep\n|turn|5\n|inactive|fallacy277 has 30 seconds left.\n|\n|t:|1774762812\n|switch|p2a: Gouging Fire|Gouging Fire, L50|100/100\n|-activate|p2a: Gouging Fire|ability: Protosynthesis\n|-start|p2a: Gouging Fire|protosynthesisspe\n|move|p1a: Muk|Minimize|p1a: Muk\n|-boost|p1a: Muk|evasion|2\n|move|p2b: Flutter Mane|Taunt|p1b: Calyrex\n|-start|p1b: Calyrex|move: Taunt\n|cant|p1b: Calyrex|move: Taunt|Life Dew\n|\n|-weather|none\n|-end|p2b: Flutter Mane|Protosynthesis\n|-end|p2a: Gouging Fire|Protosynthesis\n|upkeep\n|turn|6\n|\n|t:|1774762830\n|-end|p2b: Flutter Mane|Protosynthesis|[silent]\n|switch|p2b: Groudon|Groudon, L50, tera:Fire|96/100\n|-weather|SunnyDay|[from] ability: Drought|[of] p2b: Groudon\n|-activate|p2a: Gouging Fire|ability: Protosynthesis\n|-start|p2a: Gouging Fire|protosynthesisspe\n|move|p1a: Muk|Pain Split|p1b: Calyrex\n|-sethp|p1b: Calyrex|71/100|[from] move: Pain Split|[silent]\n|-sethp|p1a: Muk|69/100|[from] move: Pain Split\n|move|p2a: Gouging Fire|Flare Blitz|p1b: Calyrex\n|-damage|p1b: Calyrex|32/100\n|-damage|p2a: Gouging Fire|88/100|[from] Recoil\n|move|p1b: Calyrex|Astral Barrage|p2a: Gouging Fire|[spread] p2a,p2b\n|-damage|p2a: Gouging Fire|44/100\n|-damage|p2b: Groudon|55/100\n|\n|-weather|SunnyDay|[upkeep]\n|upkeep\n|turn|7\n|\n|t:|1774762852\n|move|p1a: Muk|Pain Split|p1b: Calyrex\n|-sethp|p1b: Calyrex|51/100|[from] move: Pain Split|[silent]\n|-sethp|p1a: Muk|50/100|[from] move: Pain Split\n|move|p2a: Gouging Fire|Flare Blitz|p1b: Calyrex|[miss]\n|-miss|p2a: Gouging Fire|p1b: Calyrex\n|move|p1b: Calyrex|Astral Barrage|p2b: Groudon|[spread] p2a,p2b\n|-damage|p2a: Gouging Fire|0 fnt\n|-damage|p2b: Groudon|17/100\n|faint|p2a: Gouging Fire\n|-end|p2a: Gouging Fire|Protosynthesis|[silent]\n|-ability|p1b: Calyrex|Grim Neigh|boost\n|-boost|p1b: Calyrex|spa|1\n|move|p2b: Groudon|Heat Crash|p1b: Calyrex|[miss]\n|-miss|p2b: Groudon|p1b: Calyrex\n|\n|-weather|SunnyDay|[upkeep]\n|-end|p1b: Calyrex|move: Taunt\n|upkeep\n|-message|fallacy277 forfeited.\n|\n|win|dcer001\n|raw|dcer001's rating: 1163 &rarr; <strong>1198</strong><br />(+35 for winning)\n|raw|fallacy277's rating: 1313 &rarr; <strong>1285</strong><br />(-28 for losing)\n|l|\u2606fallacy277\n|player|p2|\n|l|\u2606dcer001\n|player|p1|\n","uploadtime":1774763143,"views":13,"formatid":"gen9vgc2026regi","rating":1198,"private":0,"password":null}