{"id":"gen9vgc2026regi-2525275435","format":"[Gen 9] VGC 2026 Reg I","players":["1zha","Skywalker012"],"log":"|j|\u26061zha\n|j|\u2606Skywalker012\n|t:|1769261532\n|gametype|doubles\n|player|p1|1zha|170|1247\n|player|p2|Skywalker012|koga|1189\n|gen|9\n|tier|[Gen 9] VGC 2026 Reg I\n|rated|\n|rule|Species Clause: Limit one of each Pok\u00e9mon\n|rule|Item Clause: Limit 1 of each item\n|clearpoke\n|poke|p1|Calyrex-Shadow, L50|\n|poke|p1|Zamazenta-*, L50|\n|poke|p1|Whimsicott, L50, F|\n|poke|p1|Maushold-Four, L50|\n|poke|p1|Chi-Yu, L50|\n|poke|p1|Amoonguss, L50, M|\n|poke|p2|Kyogre, L50|\n|poke|p2|Zacian-*, L50|\n|poke|p2|Landorus, L50, M|\n|poke|p2|Tornadus, L50, M|\n|poke|p2|Kingdra, L50, M|\n|poke|p2|Rillaboom, L50, M|\n|teampreview|4\n|inactive|Battle timer is ON: inactive players will automatically lose when time's up. (requested by 1zha)\n|\n|t:|1769261577\n|teamsize|p1|4\n|teamsize|p2|4\n|start\n|switch|p1a: Whimsicott|Whimsicott, L50, F, shiny|100/100\n|switch|p1b: Maushold|Maushold-Four, L50, shiny|100/100\n|switch|p2a: Tornadus|Tornadus, L50, M|100/100\n|switch|p2b: Landorus|Landorus, L50, M|100/100\n|turn|1\n|\n|t:|1769261599\n|move|p1a: Whimsicott|Tailwind|p1a: Whimsicott\n|-sidestart|p1: 1zha|move: Tailwind\n|move|p2a: Tornadus|Taunt|p1a: Whimsicott\n|-start|p1a: Whimsicott|move: Taunt\n|move|p1b: Maushold|Population Bomb|p2b: Landorus\n|-damage|p2b: Landorus|87/100\n|-damage|p2b: Landorus|74/100\n|-damage|p2b: Landorus|59/100\n|-damage|p2b: Landorus|47/100\n|-damage|p2b: Landorus|34/100\n|-damage|p2b: Landorus|20/100\n|-damage|p2b: Landorus|8/100\n|-damage|p2b: Landorus|0 fnt\n|faint|p2b: Landorus\n|-hitcount|p2: Landorus|8\n|\n|upkeep\n|\n|t:|1769261618\n|switch|p2b: Rillaboom|Rillaboom, L50, M|100/100\n|-fieldstart|move: Grassy Terrain|[from] ability: Grassy Surge|[of] p2b: Rillaboom\n|turn|2\n|\n|t:|1769261635\n|switch|p1a: Zamazenta|Zamazenta-Crowned, L50|100/100\n|-ability|p1a: Zamazenta|Dauntless Shield|boost\n|-boost|p1a: Zamazenta|def|1\n|move|p1b: Maushold|Protect|p1b: Maushold\n|-singleturn|p1b: Maushold|Protect\n|move|p2b: Rillaboom|Fake Out|p1b: Maushold\n|-activate|p1b: Maushold|move: Protect\n|move|p2a: Tornadus|Tailwind|p2a: Tornadus\n|-sidestart|p2: Skywalker012|move: Tailwind\n|\n|upkeep\n|turn|3\n|inactive|Skywalker012 has 30 seconds left.\n|\n|t:|1769261661\n|move|p2a: Tornadus|Bleakwind Storm|p1a: Zamazenta|[spread] p1b\n|-miss|p2a: Tornadus|p1a: Zamazenta\n|-damage|p1b: Maushold|42/100\n|move|p1b: Maushold|Population Bomb|p2a: Tornadus\n|-damage|p2a: Tornadus|83/100\n|-damage|p2a: Tornadus|66/100\n|-crit|p2a: Tornadus\n|-damage|p2a: Tornadus|40/100\n|-damage|p2a: Tornadus|23/100\n|-damage|p2a: Tornadus|5/100\n|-crit|p2a: Tornadus\n|-damage|p2a: Tornadus|0 fnt\n|faint|p2a: Tornadus\n|-hitcount|p2: Tornadus|6\n|move|p1a: Zamazenta|Body Press|p2b: Rillaboom\n|-damage|p2b: Rillaboom|32/100\n|move|p2b: Rillaboom|U-turn|p1b: Maushold\n|-damage|p1b: Maushold|0 fnt\n|faint|p1b: Maushold\n|\n|t:|1769261683\n|switch|p2b: Kyogre|Kyogre, L50|100/100|[from] U-turn\n|-weather|RainDance|[from] ability: Drizzle|[of] p2b: Kyogre\n|\n|-weather|RainDance|[upkeep]\n|upkeep\n|\n|t:|1769261691\n|switch|p2a: Rillaboom|Rillaboom, L50, M|32/100\n|switch|p1b: Whimsicott|Whimsicott, L50, F, shiny|100/100\n|turn|4\n|inactive|1zha has 30 seconds left.\n|inactive|1zha has 20 seconds left.\n|\n|t:|1769261726\n|-terastallize|p1a: Zamazenta|Dragon\n|move|p2a: Rillaboom|Fake Out|p1a: Zamazenta\n|-damage|p1a: Zamazenta|95/100\n|move|p1b: Whimsicott|Endeavor|p2b: Kyogre\n|-damage|p2b: Kyogre|66/100\n|cant|p1a: Zamazenta|flinch\n|move|p2b: Kyogre|Water Spout|p1a: Zamazenta|[spread] p1a,p1b\n|-resisted|p1a: Zamazenta\n|-crit|p1a: Zamazenta\n|-resisted|p1b: Whimsicott\n|-damage|p1a: Zamazenta|55/100\n|-damage|p1b: Whimsicott|34/100\n|\n|-weather|RainDance|[upkeep]\n|-heal|p1b: Whimsicott|40/100|[from] Grassy Terrain\n|-heal|p1a: Zamazenta|61/100|[from] Grassy Terrain\n|-heal|p2b: Kyogre|72/100|[from] Grassy Terrain\n|-heal|p2a: Rillaboom|38/100|[from] Grassy Terrain\n|-sideend|p1: 1zha|move: Tailwind\n|upkeep\n|turn|5\n|\n|t:|1769261748\n|move|p2b: Kyogre|Protect|p2b: Kyogre\n|-singleturn|p2b: Kyogre|Protect\n|move|p2a: Rillaboom|Grassy Glide|p1a: Zamazenta\n|-resisted|p1a: Zamazenta\n|-damage|p1a: Zamazenta|53/100\n|move|p1b: Whimsicott|Tailwind|p1b: Whimsicott\n|-sidestart|p1: 1zha|move: Tailwind\n|move|p1a: Zamazenta|Body Press|p2a: Rillaboom\n|-damage|p2a: Rillaboom|0 fnt\n|faint|p2a: Rillaboom\n|\n|-weather|RainDance|[upkeep]\n|-heal|p1b: Whimsicott|46/100|[from] Grassy Terrain\n|-heal|p1a: Zamazenta|59/100|[from] Grassy Terrain\n|-heal|p2b: Kyogre|78/100|[from] Grassy Terrain\n|-sideend|p2: Skywalker012|move: Tailwind\n|upkeep\n|turn|6\n|\n|t:|1769261765\n|move|p1b: Whimsicott|Encore|p2b: Kyogre\n|-start|p2b: Kyogre|Encore\n|move|p1a: Zamazenta|Body Press|p2b: Kyogre\n|-damage|p2b: Kyogre|6/100\n|move|p2b: Kyogre|Protect||[still]\n|-fail|p2b: Kyogre\n|\n|-weather|RainDance|[upkeep]\n|-heal|p1b: Whimsicott|52/100|[from] Grassy Terrain\n|-heal|p1a: Zamazenta|65/100|[from] Grassy Terrain\n|-heal|p2b: Kyogre|12/100|[from] Grassy Terrain\n|-fieldend|move: Grassy Terrain\n|upkeep\n|turn|7\n|-message|Skywalker012 forfeited.\n|\n|win|1zha\n|raw|1zha's rating: 1247 &rarr; <strong>1268</strong><br />(+21 for winning)\n|raw|Skywalker012's rating: 1189 &rarr; <strong>1168</strong><br />(-21 for losing)\n|l|\u2606Skywalker012\n|player|p2|\n|l|\u26061zha\n|player|p1|\n","uploadtime":1769261943,"views":13,"formatid":"gen9vgc2026regi","rating":1168,"private":0,"password":null}