{"id":"gen9vgc2026regi-2519226976","format":"[Gen 9] VGC 2026 Reg I","players":["Actoradoboy fan","KUTF1"],"log":"|j|\u2606Actoradoboy fan\n|j|\u2606KUTF1\n|t:|1768486311\n|gametype|doubles\n|player|p1|Actoradoboy fan|nate|1373\n|player|p2|KUTF1|giovanni|1323\n|gen|9\n|tier|[Gen 9] VGC 2026 Reg I\n|rated|\n|rule|Species Clause: Limit one of each Pok\u00e9mon\n|rule|Item Clause: Limit 1 of each item\n|clearpoke\n|poke|p1|Miraidon, L50|\n|poke|p1|Urshifu-*, L50, M|\n|poke|p1|Clefairy, L50, F|\n|poke|p1|Whimsicott, L50, M|\n|poke|p1|Calyrex-Shadow, L50|\n|poke|p1|Incineroar, L50, M|\n|poke|p2|Terapagos, L50, M|\n|poke|p2|Whimsicott, L50, M|\n|poke|p2|Zamazenta-*, L50|\n|poke|p2|Zoroark-Hisui, L50, F|\n|poke|p2|Kingambit, L50, M|\n|poke|p2|Chi-Yu, L50|\n|teampreview|4\n|inactive|Battle timer is ON: inactive players will automatically lose when time's up. (requested by KUTF1)\n|inactive|Actoradoboy fan also wants the timer to be on.\n|inactive|KUTF1 has 60 seconds left.\n|l|\u2606Actoradoboy fan\n|inactive|Actoradoboy fan disconnected and has a minute to reconnect!\n|player|p1|\n|j|\u2606Actoradoboy fan\n|inactive|Actoradoboy fan reconnected.\n|player|p1|Actoradoboy fan|nate|\n|\n|t:|1768486359\n|teamsize|p1|4\n|teamsize|p2|4\n|start\n|switch|p1a: Calyrex|Calyrex-Shadow, L50|100/100\n|switch|p1b: Incineroar|Incineroar, L50, M|100/100\n|switch|p2a: The Solar Flare|Chi-Yu, L50|100/100\n|switch|p2b: The Darkest Day|Whimsicott, L50, M, shiny|100/100\n|-ability|p1a: Calyrex|As One\n|-ability|p1a: Calyrex|Unnerve\n|-ability|p2a: The Solar Flare|Beads of Ruin\n|-ability|p1b: Incineroar|Intimidate|boost\n|-unboost|p2a: The Solar Flare|atk|1\n|-unboost|p2b: The Darkest Day|atk|1\n|turn|1\n|\n|t:|1768486371\n|move|p1a: Calyrex|Protect|p1a: Calyrex\n|-singleturn|p1a: Calyrex|Protect\n|move|p2a: The Solar Flare|Snarl|p1b: Incineroar|[spread] p1b\n|-activate|p1a: Calyrex|move: Protect\n|-resisted|p1b: Incineroar\n|-damage|p1b: Incineroar|92/100\n|-unboost|p1b: Incineroar|spa|1\n|move|p2b: The Darkest Day|Moonblast|p1a: Calyrex\n|-activate|p1a: Calyrex|move: Protect\n|move|p1b: Incineroar|Knock Off|p2a: The Solar Flare\n|-resisted|p2a: The Solar Flare\n|-damage|p2a: The Solar Flare|69/100\n|-enditem|p2a: The Solar Flare|Choice Scarf|[from] move: Knock Off|[of] p1b: Incineroar\n|\n|upkeep\n|turn|2\n|\n|t:|1768486386\n|-terastallize|p1a: Calyrex|Fairy\n|move|p2b: The Darkest Day|Tailwind|p2b: The Darkest Day\n|-sidestart|p2: KUTF1|move: Tailwind\n|move|p2a: The Solar Flare|Heat Wave|p1b: Incineroar|[spread] p1a,p1b\n|-resisted|p1b: Incineroar\n|-damage|p1a: Calyrex|55/100\n|-damage|p1b: Incineroar|77/100\n|move|p1a: Calyrex|Nasty Plot|p1a: Calyrex\n|-boost|p1a: Calyrex|spa|2\n|move|p1b: Incineroar|U-turn|p2a: The Solar Flare\n|-damage|p2a: The Solar Flare|40/100\n|\n|t:|1768486390\n|switch|p1b: Urshifu|Urshifu-Rapid-Strike, L50, M|100/100|[from] U-turn\n|\n|upkeep\n|turn|3\n|\n|t:|1768486398\n|switch|p1a: Incineroar|Incineroar, L50, M|77/100\n|-ability|p1a: Incineroar|Intimidate|boost\n|-unboost|p2a: The Solar Flare|atk|1\n|-unboost|p2b: The Darkest Day|atk|1\n|move|p2b: The Darkest Day|Encore|p1a: Incineroar\n|-hint|Since gen 7, Dark is immune to Prankster moves.\n|-immune|p1a: Incineroar\n|move|p1b: Urshifu|Aqua Jet|p2a: The Solar Flare\n|-supereffective|p2a: The Solar Flare\n|-damage|p2a: The Solar Flare|0 fnt\n|faint|p2a: The Solar Flare\n|\n|upkeep\n|\n|t:|1768486401\n|switch|p2a: The Ring of Saturn|Zamazenta-Crowned, L50, shiny|100/100\n|-ability|p2a: The Ring of Saturn|Dauntless Shield|boost\n|-boost|p2a: The Ring of Saturn|def|1\n|turn|4\n|\n|t:|1768486411\n|move|p2a: The Ring of Saturn|Protect|p2a: The Ring of Saturn\n|-singleturn|p2a: The Ring of Saturn|Protect\n|move|p1a: Incineroar|Fake Out|p2a: The Ring of Saturn\n|-activate|p2a: The Ring of Saturn|move: Protect\n|move|p2b: The Darkest Day|Moonblast|p1b: Urshifu\n|-supereffective|p1b: Urshifu\n|-damage|p1b: Urshifu|17/100\n|move|p1b: Urshifu|Close Combat|p2a: The Ring of Saturn\n|-supereffective|p2a: The Ring of Saturn\n|-damage|p2a: The Ring of Saturn|40/100\n|-unboost|p1b: Urshifu|def|1\n|-unboost|p1b: Urshifu|spd|1\n|\n|upkeep\n|turn|5\n|\n|t:|1768486420\n|switch|p1a: Calyrex|Calyrex-Shadow, L50, tera:Fairy|55/100\n|-ability|p1a: Calyrex|As One\n|-ability|p1a: Calyrex|Unnerve\n|move|p1b: Urshifu|Aqua Jet|p2a: The Ring of Saturn\n|-damage|p2a: The Ring of Saturn|29/100\n|move|p2a: The Ring of Saturn|Body Press|p1a: Calyrex\n|-resisted|p1a: Calyrex\n|-damage|p1a: Calyrex|27/100\n|move|p2b: The Darkest Day|Moonblast|p1b: Urshifu\n|-supereffective|p1b: Urshifu\n|-damage|p1b: Urshifu|0 fnt\n|faint|p1b: Urshifu\n|\n|-sideend|p2: KUTF1|move: Tailwind\n|upkeep\n|\n|t:|1768486422\n|switch|p1b: Incineroar|Incineroar, L50, M|77/100\n|-ability|p1b: Incineroar|Intimidate|boost\n|-unboost|p2a: The Ring of Saturn|atk|1\n|-unboost|p2b: The Darkest Day|atk|1\n|turn|6\n|\n|t:|1768486429\n|move|p2a: The Ring of Saturn|Protect|p2a: The Ring of Saturn\n|-singleturn|p2a: The Ring of Saturn|Protect\n|move|p2b: The Darkest Day|Tailwind|p2b: The Darkest Day\n|-sidestart|p2: KUTF1|move: Tailwind\n|move|p1a: Calyrex|Astral Barrage|p2b: The Darkest Day|[spread] p2b\n|-activate|p2a: The Ring of Saturn|move: Protect\n|-damage|p2b: The Darkest Day|7/100\n|move|p1b: Incineroar|U-turn|p2b: The Darkest Day\n|-damage|p2b: The Darkest Day|0 fnt\n|faint|p2b: The Darkest Day\n|\n|t:|1768486431\n|switch|p1b: Miraidon|Miraidon, L50|100/100|[from] U-turn\n|-fieldstart|move: Electric Terrain|[from] ability: Hadron Engine|[of] p1b: Miraidon\n|\n|upkeep\n|\n|t:|1768486433\n|switch|p2b: The Meteorite|Terapagos, L50, M|100/100\n|-activate|p2b: The Meteorite|ability: Tera Shift\n|detailschange|p2b: The Meteorite|Terapagos-Terastal, L50, M\n|-heal|p2b: The Meteorite|100/100|[silent]\n|turn|7\n|\n|t:|1768486437\n|-terastallize|p2b: The Meteorite|Stellar\n|detailschange|p2b: The Meteorite|Terapagos-Stellar, L50, M, tera:Stellar\n|-heal|p2b: The Meteorite|100/100|[silent]\n|-ability|p2b: The Meteorite|Teraform Zero\n|-fieldend|move: Electric Terrain\n|move|p1a: Calyrex|Protect|p1a: Calyrex\n|-singleturn|p1a: Calyrex|Protect\n|move|p2a: The Ring of Saturn|Body Press|p1b: Miraidon\n|-damage|p1b: Miraidon|46/100\n|move|p2b: The Meteorite|Tera Starstorm|p1a: Calyrex|[spread] p1b\n|-activate|p1a: Calyrex|move: Protect\n|-damage|p1b: Miraidon|2/100\n|move|p1b: Miraidon|Volt Switch|p2a: The Ring of Saturn\n|-damage|p2a: The Ring of Saturn|0 fnt\n|faint|p2a: The Ring of Saturn\n|\n|t:|1768486439\n|switch|p1b: Incineroar|Incineroar, L50, M|77/100|[from] Volt Switch\n|-ability|p1b: Incineroar|Intimidate|boost\n|-unboost|p2b: The Meteorite|atk|1\n|\n|upkeep\n|turn|8\n|\n|t:|1768486444\n|move|p1b: Incineroar|Fake Out|p2b: The Meteorite\n|-damage|p2b: The Meteorite|93/100\n|cant|p2b: The Meteorite|flinch\n|move|p1a: Calyrex|Draining Kiss|p2b: The Meteorite\n|-damage|p2b: The Meteorite|69/100\n|-heal|p1a: Calyrex|48/100|[from] drain|[of] p2b: The Meteorite\n|\n|upkeep\n|turn|9\n|\n|t:|1768486449\n|switch|p1b: Miraidon|Miraidon, L50|2/100\n|-fieldstart|move: Electric Terrain|[from] ability: Hadron Engine|[of] p1b: Miraidon\n|move|p1a: Calyrex|Protect|p1a: Calyrex\n|-singleturn|p1a: Calyrex|Protect\n|move|p2b: The Meteorite|Tera Starstorm|p1b: Miraidon|[spread] p1b\n|-activate|p1a: Calyrex|move: Protect\n|-damage|p1b: Miraidon|0 fnt\n|faint|p1b: Miraidon\n|\n|-sideend|p2: KUTF1|move: Tailwind\n|upkeep\n|\n|t:|1768486450\n|switch|p1b: Incineroar|Incineroar, L50, M|77/100\n|-ability|p1b: Incineroar|Intimidate|boost\n|-unboost|p2b: The Meteorite|atk|1\n|turn|10\n|\n|t:|1768486453\n|move|p1b: Incineroar|Fake Out|p2b: The Meteorite\n|-damage|p2b: The Meteorite|62/100\n|move|p1a: Calyrex|Draining Kiss|p2b: The Meteorite\n|-damage|p2b: The Meteorite|38/100\n|-heal|p1a: Calyrex|69/100|[from] drain|[of] p2b: The Meteorite\n|cant|p2b: The Meteorite|flinch\n|\n|upkeep\n|turn|11\n|\n|t:|1768486461\n|move|p1a: Calyrex|Draining Kiss|p2b: The Meteorite\n|-damage|p2b: The Meteorite|13/100\n|-heal|p1a: Calyrex|91/100|[from] drain|[of] p2b: The Meteorite\n|move|p2b: The Meteorite|Tera Starstorm|p1a: Calyrex|[spread] p1a,p1b\n|-supereffective|p1a: Calyrex\n|-damage|p1a: Calyrex|0 fnt\n|-damage|p1b: Incineroar|47/100\n|faint|p1a: Calyrex\n|move|p1b: Incineroar|Flare Blitz|p2b: The Meteorite\n|-damage|p2b: The Meteorite|0 fnt\n|faint|p2b: The Meteorite\n|detailschange|p2: The Meteorite|Terapagos, L50, M|[silent]\n|-damage|p1b: Incineroar|42/100|[from] Recoil\n|\n|win|Actoradoboy fan\n|raw|Actoradoboy fan's rating: 1373 &rarr; <strong>1390</strong><br />(+17 for winning)\n|raw|KUTF1's rating: 1323 &rarr; <strong>1306</strong><br />(-17 for losing)\n|l|\u2606KUTF1\n|player|p2|\n|l|\u2606Actoradoboy fan\n|player|p1|\n","uploadtime":1768486604,"views":12,"formatid":"gen9vgc2026regi","rating":1306,"private":0,"password":null}