{"id":"gen9vgc2026regi-2540897820","format":"[Gen 9] VGC 2026 Reg I","players":["AquaQuan247","lalo's pollos"],"log":"|j|\u2606AquaQuan247\n|j|\u2606lalo's pollos\n|t:|1771265087\n|gametype|doubles\n|player|p1|AquaQuan247|102|1397\n|player|p2|lalo's pollos|169|1560\n|gen|9\n|tier|[Gen 9] VGC 2026 Reg I\n|rated|\n|rule|Species Clause: Limit one of each Pok\u00e9mon\n|rule|Item Clause: Limit 1 of each item\n|clearpoke\n|poke|p1|Miraidon, L50|\n|poke|p1|Calyrex-Ice, L50|\n|poke|p1|Ogerpon-Hearthflame, L50, F|\n|poke|p1|Grimmsnarl, L50, M|\n|poke|p1|Incineroar, L50, F|\n|poke|p1|Urshifu-*, L50, F|\n|poke|p2|Zamazenta-*, L50|\n|poke|p2|Lunala, L50|\n|poke|p2|Rillaboom, L50, F|\n|poke|p2|Incineroar, L50, F|\n|poke|p2|Urshifu-*, L50, M|\n|poke|p2|Tornadus, L50, M|\n|teampreview|4\n|inactive|Battle timer is ON: inactive players will automatically lose when time's up. (requested by AquaQuan247)\n|\n|t:|1771265112\n|teamsize|p1|4\n|teamsize|p2|4\n|start\n|switch|p1a: Incineroar|Incineroar, L50, F, shiny|100/100\n|switch|p1b: Miraidon|Miraidon, L50|100/100\n|switch|p2a: Lunala|Lunala, L50|100/100\n|switch|p2b: Tornadus|Tornadus, L50, M|100/100\n|-fieldstart|move: Electric Terrain|[from] ability: Hadron Engine|[of] p1b: Miraidon\n|-ability|p1a: Incineroar|Intimidate|boost\n|-unboost|p2a: Lunala|atk|1\n|-unboost|p2b: Tornadus|atk|1\n|turn|1\n|j| lunala fairy ghost\n|inactive|lalo's pollos has 30 seconds left.\n|\n|t:|1771265139\n|-terastallize|p2a: Lunala|Fairy\n|move|p1a: Incineroar|Fake Out|p2b: Tornadus\n|-damage|p2b: Tornadus|84/100\n|move|p1b: Miraidon|Volt Switch|p2b: Tornadus\n|-supereffective|p2b: Tornadus\n|-damage|p2b: Tornadus|0 fnt\n|faint|p2b: Tornadus\n|\n|t:|1771265150\n|switch|p1b: Ogerpon|Ogerpon-Hearthflame, L50, F|100/100|[from] Volt Switch\n|-ability|p1b: Ogerpon|Mold Breaker\n|move|p2a: Lunala|Calm Mind|p2a: Lunala\n|-boost|p2a: Lunala|spa|1\n|-boost|p2a: Lunala|spd|1\n|\n|upkeep\n|\n|t:|1771265157\n|switch|p2b: Urshifu|Urshifu-Rapid-Strike, L50, M|100/100\n|turn|2\n|\n|t:|1771265167\n|move|p2b: Urshifu|Detect|p2b: Urshifu\n|-singleturn|p2b: Urshifu|Protect\n|move|p1b: Ogerpon|Follow Me|p1b: Ogerpon\n|-singleturn|p1b: Ogerpon|move: Follow Me\n|move|p2a: Lunala|Moongeist Beam|p1b: Ogerpon\n|-damage|p1b: Ogerpon|27/100\n|move|p1a: Incineroar|Will-O-Wisp|p2b: Urshifu\n|-activate|p2b: Urshifu|move: Protect\n|\n|upkeep\n|turn|3\n|\n|t:|1771265190\n|move|p2b: Urshifu|Detect||[still]\n|-fail|p2b: Urshifu\n|move|p2a: Lunala|Moongeist Beam|p1b: Ogerpon\n|-damage|p1b: Ogerpon|0 fnt\n|faint|p1b: Ogerpon\n|move|p1a: Incineroar|Parting Shot|p2a: Lunala\n|-unboost|p2a: Lunala|atk|1\n|-unboost|p2a: Lunala|spa|1\n|\n|t:|1771265199\n|switch|p1a: Calyrex|Calyrex-Ice, L50|100/100|[from] Parting Shot\n|-ability|p1a: Calyrex|As One\n|-ability|p1a: Calyrex|Unnerve\n|\n|upkeep\n|\n|t:|1771265206\n|switch|p1b: Incineroar|Incineroar, L50, F, shiny|100/100\n|-ability|p1b: Incineroar|Intimidate|boost\n|-unboost|p2a: Lunala|atk|1\n|-unboost|p2b: Urshifu|atk|1\n|turn|4\n|\n|t:|1771265213\n|-terastallize|p1a: Calyrex|Water\n|move|p1b: Incineroar|Fake Out|p2a: Lunala\n|-damage|p2a: Lunala|96/100\n|move|p2b: Urshifu|Surging Strikes|p1b: Incineroar\n|-supereffective|p1b: Incineroar\n|-crit|p1b: Incineroar\n|-damage|p1b: Incineroar|65/100\n|-supereffective|p1b: Incineroar\n|-crit|p1b: Incineroar\n|-damage|p1b: Incineroar|29/100\n|-supereffective|p1b: Incineroar\n|-crit|p1b: Incineroar\n|-damage|p1b: Incineroar|0 fnt\n|faint|p1b: Incineroar\n|-hitcount|p1: Incineroar|3\n|cant|p2a: Lunala|flinch\n|move|p1a: Calyrex|Glacial Lance|p2a: Lunala|[spread] p2a,p2b\n|-resisted|p2b: Urshifu\n|-damage|p2a: Lunala|52/100\n|-damage|p2b: Urshifu|74/100\n|\n|-heal|p2a: Lunala|58/100|[from] item: Leftovers\n|upkeep\n|\n|t:|1771265233\n|switch|p1b: Miraidon|Miraidon, L50|100/100\n|-activate|p1b: Miraidon|ability: Hadron Engine\n|turn|5\n|\n|t:|1771265246\n|move|p2b: Urshifu|Detect|p2b: Urshifu\n|-singleturn|p2b: Urshifu|Protect\n|move|p2a: Lunala|Protect|p2a: Lunala\n|-singleturn|p2a: Lunala|Protect\n|move|p1b: Miraidon|Electro Drift|p2a: Lunala\n|-activate|p2a: Lunala|move: Protect\n|move|p1a: Calyrex|Glacial Lance|p2b: Urshifu|[spread] \n|-activate|p2a: Lunala|move: Protect\n|-activate|p2b: Urshifu|move: Protect\n|\n|-heal|p2a: Lunala|64/100|[from] item: Leftovers\n|-fieldend|move: Electric Terrain\n|upkeep\n|turn|6\n|\n|t:|1771265270\n|move|p2b: Urshifu|Aqua Jet|p1b: Miraidon\n|-resisted|p1b: Miraidon\n|-damage|p1b: Miraidon|92/100\n|move|p1b: Miraidon|Electro Drift|p2a: Lunala\n|-damage|p2a: Lunala|28/100\n|move|p2a: Lunala|Moonblast|p1b: Miraidon\n|-supereffective|p1b: Miraidon\n|-damage|p1b: Miraidon|0 fnt\n|faint|p1b: Miraidon\n|move|p1a: Calyrex|Glacial Lance|p2a: Lunala|[spread] p2a,p2b\n|-resisted|p2b: Urshifu\n|-damage|p2a: Lunala|0 fnt\n|-damage|p2b: Urshifu|48/100\n|faint|p2a: Lunala\n|-ability|p1a: Calyrex|Chilling Neigh|boost\n|-boost|p1a: Calyrex|atk|1\n|\n|upkeep\n|\n|t:|1771265278\n|switch|p2a: Zamazenta|Zamazenta-Crowned, L50|100/100\n|-ability|p2a: Zamazenta|Dauntless Shield|boost\n|-boost|p2a: Zamazenta|def|1\n|turn|7\n|\n|t:|1771265292\n|move|p2a: Zamazenta|Body Press|p1a: Calyrex\n|-damage|p1a: Calyrex|57/100\n|move|p2b: Urshifu|Close Combat|p1a: Calyrex\n|-damage|p1a: Calyrex|26/100\n|-unboost|p2b: Urshifu|def|1\n|-unboost|p2b: Urshifu|spd|1\n|move|p1a: Calyrex|High Horsepower|p2b: Urshifu\n|-damage|p2b: Urshifu|0 fnt\n|faint|p2b: Urshifu\n|-ability|p1a: Calyrex|Chilling Neigh|boost\n|-boost|p1a: Calyrex|atk|1\n|\n|upkeep\n|turn|8\n|\n|t:|1771265307\n|move|p2a: Zamazenta|Body Press|p1a: Calyrex\n|-damage|p1a: Calyrex|0 fnt\n|faint|p1a: Calyrex\n|\n|win|lalo's pollos\n|raw|AquaQuan247's rating: 1397 &rarr; <strong>1386</strong><br />(-11 for losing)\n|raw|lalo&apos;s pollos's rating: 1560 &rarr; <strong>1571</strong><br />(+11 for winning)\n|l|\u2606AquaQuan247\n|player|p1|\n|l| lunala fairy ghost\n","uploadtime":1771265481,"views":33,"formatid":"gen9vgc2026regi","rating":1386,"private":0,"password":null}