{"id":"gen9vgc2026regi-2551112221","format":"[Gen 9] VGC 2026 Reg I","players":["EllenJoe2026","diggory delvet"],"log":"|j|\u2606EllenJoe2026\n|j|\u2606diggory delvet\n|t:|1772565773\n|gametype|doubles\n|player|p1|EllenJoe2026|iono|1406\n|player|p2|diggory delvet|169|1385\n|gen|9\n|tier|[Gen 9] VGC 2026 Reg I\n|rated|\n|rule|Species Clause: Limit one of each Pok\u00e9mon\n|rule|Item Clause: Limit 1 of each item\n|clearpoke\n|poke|p1|Calyrex-Ice, L50|\n|poke|p1|Miraidon, L50|\n|poke|p1|Tornadus, L50, M|\n|poke|p1|Urshifu-*, L50, F|\n|poke|p1|Volcarona, L50, F|\n|poke|p1|Indeedee-F, L50, F|\n|poke|p2|Lunala, L50|\n|poke|p2|Sableye, L50, M|\n|poke|p2|Zamazenta-*, L50|\n|poke|p2|Iron Valiant, L50|\n|poke|p2|Rillaboom, L50, F|\n|poke|p2|Gengar, L50, M|\n|teampreview|4\n|inactive|Battle timer is ON: inactive players will automatically lose when time's up. (requested by EllenJoe2026)\n|inactive|EllenJoe2026 has 60 seconds left.\n|\n|t:|1772565818\n|teamsize|p1|4\n|teamsize|p2|4\n|start\n|switch|p1a: Urshifu|Urshifu-Rapid-Strike, L50, F|100/100\n|switch|p1b: Tornadus|Tornadus, L50, M, shiny|100/100\n|switch|p2a: Rillaboom|Rillaboom, L50, F|100/100\n|switch|p2b: Sableye|Sableye, L50, M|100/100\n|-fieldstart|move: Grassy Terrain|[from] ability: Grassy Surge|[of] p2a: Rillaboom\n|turn|1\n|j| perish braxx\n|inactive|EllenJoe2026 has 30 seconds left.\n|l| perish braxx\n|inactive|EllenJoe2026 has 20 seconds left.\n|\n|t:|1772565853\n|switch|p1a: Volcarona|Volcarona, L50, F, shiny|100/100\n|switch|p1b: Miraidon|Miraidon, L50, shiny|100/100\n|-fieldstart|move: Electric Terrain|[from] ability: Hadron Engine|[of] p1b: Miraidon\n|-enditem|p1a: Volcarona|Electric Seed\n|-boost|p1a: Volcarona|def|1|[from] item: Electric Seed\n|move|p2b: Sableye|Gravity|p2b: Sableye\n|-fieldstart|move: Gravity\n|move|p2a: Rillaboom|Wood Hammer|p1a: Volcarona\n|-resisted|p1a: Volcarona\n|-damage|p1a: Volcarona|90/100\n|-damage|p2a: Rillaboom|96/100|[from] Recoil\n|\n|upkeep\n|turn|2\n|inactive|diggory delvet has 30 seconds left.\n|\n|t:|1772565885\n|move|p2b: Sableye|Quash|p1a: Volcarona\n|-activate|p1a: Volcarona|move: Quash\n|move|p1b: Miraidon|Electro Drift|p2b: Sableye\n|-damage|p2b: Sableye|0 fnt\n|faint|p2b: Sableye\n|move|p2a: Rillaboom|U-turn|p1b: Miraidon\n|-damage|p1b: Miraidon|76/100\n|\n|t:|1772565898\n|switch|p2a: Lunala|Lunala, L50|100/100|[from] U-turn\n|move|p1a: Volcarona|Quiver Dance|p1a: Volcarona\n|-boost|p1a: Volcarona|spa|1\n|-boost|p1a: Volcarona|spd|1\n|-boost|p1a: Volcarona|spe|1\n|\n|upkeep\n|\n|t:|1772565900\n|switch|p2b: Rillaboom|Rillaboom, L50, F|96/100\n|-fieldstart|move: Grassy Terrain|[from] ability: Grassy Surge|[of] p2b: Rillaboom\n|turn|3\n|inactive|EllenJoe2026 has 30 seconds left.\n|inactive|EllenJoe2026 has 20 seconds left.\n|inactive|EllenJoe2026 has 15 seconds left.\n|inactive|EllenJoe2026 has 10 seconds left.\n|inactive|EllenJoe2026 has 5 seconds left.\n|\n|t:|1772565956\n|move|p1a: Volcarona|Rage Powder|p1a: Volcarona\n|-singleturn|p1a: Volcarona|move: Rage Powder\n|move|p1b: Miraidon|Electro Drift|p2a: Lunala\n|-damage|p2a: Lunala|72/100\n|move|p2b: Rillaboom|Wood Hammer|p1b: Miraidon\n|-resisted|p1b: Miraidon\n|-damage|p1b: Miraidon|32/100\n|-damage|p2b: Rillaboom|82/100|[from] Recoil\n|move|p2a: Lunala|Hypnosis|p1a: Volcarona\n|-status|p1a: Volcarona|slp|[from] move: Hypnosis\n|\n|-heal|p1b: Miraidon|39/100|[from] Grassy Terrain\n|-heal|p1a: Volcarona|96/100 slp|[from] Grassy Terrain\n|-heal|p2b: Rillaboom|88/100|[from] Grassy Terrain\n|-heal|p2a: Lunala|78/100|[from] Grassy Terrain\n|upkeep\n|turn|4\n|inactive|EllenJoe2026 has 30 seconds left.\n|inactive|EllenJoe2026 has 20 seconds left.\n|\n|t:|1772565995\n|switch|p1b: Tornadus|Tornadus, L50, M, shiny|100/100\n|cant|p1a: Volcarona|slp\n|move|p2b: Rillaboom|U-turn|p1b: Tornadus\n|-resisted|p1b: Tornadus\n|-damage|p1b: Tornadus|81/100\n|\n|t:|1772566002\n|switch|p2b: Zamazenta|Zamazenta-Crowned, L50|100/100|[from] U-turn\n|-ability|p2b: Zamazenta|Dauntless Shield|boost\n|-boost|p2b: Zamazenta|def|1\n|move|p2a: Lunala|Hypnosis|p1b: Tornadus\n|-status|p1b: Tornadus|slp|[from] move: Hypnosis\n|\n|-heal|p1a: Volcarona|100/100 slp|[from] Grassy Terrain\n|-heal|p1b: Tornadus|87/100 slp|[from] Grassy Terrain\n|-heal|p2a: Lunala|84/100|[from] Grassy Terrain\n|upkeep\n|turn|5\n|\n|t:|1772566021\n|cant|p1a: Volcarona|slp\n|cant|p1b: Tornadus|slp\n|move|p2b: Zamazenta|Body Press|p1a: Volcarona\n|-resisted|p1a: Volcarona\n|-damage|p1a: Volcarona|77/100 slp\n|-status|p2b: Zamazenta|brn|[from] ability: Flame Body|[of] p1a: Volcarona\n|move|p2a: Lunala|Moongeist Beam|p1a: Volcarona\n|-damage|p1a: Volcarona|42/100 slp\n|\n|-heal|p1a: Volcarona|48/100 slp|[from] Grassy Terrain\n|-heal|p1b: Tornadus|93/100 slp|[from] Grassy Terrain\n|-heal|p2a: Lunala|90/100|[from] Grassy Terrain\n|-damage|p2b: Zamazenta|94/100 brn|[from] brn\n|-fieldend|move: Gravity\n|upkeep\n|turn|6\n|inactive|EllenJoe2026 has 30 seconds left.\n|inactive|diggory delvet has 30 seconds left.\n|\n|t:|1772566047\n|-curestatus|p1a: Volcarona|slp|[msg]\n|move|p1a: Volcarona|Giga Drain|p2a: Lunala\n|-damage|p2a: Lunala|60/100\n|-heal|p1a: Volcarona|68/100|[from] drain|[of] p2a: Lunala\n|cant|p1b: Tornadus|slp\n|move|p2b: Zamazenta|Snarl|p1a: Volcarona|[spread] p1a,p1b\n|-damage|p1a: Volcarona|64/100\n|-damage|p1b: Tornadus|82/100 slp\n|-unboost|p1a: Volcarona|spa|1\n|move|p2a: Lunala|Moongeist Beam|p1a: Volcarona\n|-damage|p1a: Volcarona|29/100\n|\n|-heal|p1a: Volcarona|35/100|[from] Grassy Terrain\n|-heal|p2b: Zamazenta|100/100 brn|[from] Grassy Terrain\n|-heal|p2a: Lunala|66/100|[from] Grassy Terrain\n|-damage|p2b: Zamazenta|94/100 brn|[from] brn\n|upkeep\n|turn|7\n|inactive|EllenJoe2026 has 30 seconds left.\n|\n|t:|1772566080\n|move|p1a: Volcarona|Fiery Dance|p2b: Zamazenta\n|-supereffective|p2b: Zamazenta\n|-damage|p2b: Zamazenta|48/100 brn\n|-boost|p1a: Volcarona|spa|1\n|cant|p1b: Tornadus|slp\n|move|p2b: Zamazenta|Snarl|p1a: Volcarona|[spread] p1a,p1b\n|-damage|p1a: Volcarona|31/100\n|-damage|p1b: Tornadus|72/100 slp\n|-unboost|p1a: Volcarona|spa|1\n|move|p2a: Lunala|Moonlight|p2a: Lunala\n|-heal|p2a: Lunala|100/100\n|\n|-heal|p1a: Volcarona|37/100|[from] Grassy Terrain\n|-heal|p2b: Zamazenta|54/100 brn|[from] Grassy Terrain\n|-damage|p2b: Zamazenta|48/100 brn|[from] brn\n|-fieldend|move: Grassy Terrain\n|upkeep\n|turn|8\n|\n|t:|1772566101\n|-terastallize|p1b: Tornadus|Dark\n|move|p1a: Volcarona|Fiery Dance|p2a: Lunala\n|-damage|p2a: Lunala|88/100\n|-curestatus|p1b: Tornadus|slp|[msg]\n|move|p1b: Tornadus|Dark Pulse|p2a: Lunala\n|-supereffective|p2a: Lunala\n|-damage|p2a: Lunala|0 fnt\n|faint|p2a: Lunala\n|move|p2b: Zamazenta|Snarl|p1a: Volcarona|[spread] p1a,p1b\n|-resisted|p1b: Tornadus\n|-damage|p1a: Volcarona|33/100\n|-damage|p1b: Tornadus|67/100\n|-unboost|p1a: Volcarona|spa|1\n|\n|-damage|p2b: Zamazenta|42/100 brn|[from] brn\n|upkeep\n|-message|diggory delvet forfeited.\n|\n|win|EllenJoe2026\n|raw|EllenJoe2026's rating: 1406 &rarr; <strong>1425</strong><br />(+19 for winning)\n|raw|diggory delvet's rating: 1385 &rarr; <strong>1366</strong><br />(-19 for losing)\n|l|\u2606diggory delvet\n|player|p2|\n|l|\u2606EllenJoe2026\n|player|p1|\n","uploadtime":1772566274,"views":17,"formatid":"gen9vgc2026regi","rating":1366,"private":0,"password":null}