{"id":"gen9vgc2026regi-2577712725","format":"[Gen 9] VGC 2026 Reg I","players":["FRESHmustard","Dragoonlong"],"log":"|j|\u2606FRESHmustard\n|j|\u2606Dragoonlong\n|t:|1775598562\n|gametype|doubles\n|player|p1|FRESHmustard|clair|1206\n|player|p2|Dragoonlong|cynthia|1212\n|gen|9\n|tier|[Gen 9] VGC 2026 Reg I\n|rated|\n|rule|Species Clause: Limit one of each Pok\u00e9mon\n|rule|Item Clause: Limit 1 of each item\n|clearpoke\n|poke|p1|Lunala, L50|\n|poke|p1|Ursaluna, L50, M|\n|poke|p1|Urshifu-*, L50, M|\n|poke|p1|Miraidon, L50|\n|poke|p1|Grimmsnarl, L50, M|\n|poke|p1|Incineroar, L50, F|\n|poke|p2|Muk-Alola, L50, F|\n|poke|p2|Smeargle, L50, F|\n|poke|p2|Calyrex-Shadow, L50|\n|poke|p2|Kyogre, L50|\n|poke|p2|Flamigo, L50, F|\n|poke|p2|Rillaboom, L50, F|\n|teampreview|4\n|\n|t:|1775598580\n|teamsize|p1|4\n|teamsize|p2|4\n|start\n|switch|p1a: Lunala|Lunala, L50|100/100\n|switch|p1b: Miraidon|Miraidon, L50|100/100\n|switch|p2a: Muk|Muk-Alola, L50, F|100/100\n|switch|p2b: Smeargle|Smeargle, L50, F|100/100\n|-fieldstart|move: Electric Terrain|[from] ability: Hadron Engine|[of] p1b: Miraidon\n|-enditem|p1a: Lunala|Electric Seed\n|-boost|p1a: Lunala|def|1|[from] item: Electric Seed\n|turn|1\n|inactive|Battle timer is ON: inactive players will automatically lose when time's up. (requested by FRESHmustard)\n|\n|t:|1775598649\n|-terastallize|p1b: Miraidon|Electric\n|move|p2b: Smeargle|Fake Out|p1b: Miraidon\n|-damage|p1b: Miraidon|96/100\n|cant|p1b: Miraidon|flinch\n|move|p2a: Muk|Minimize|p2a: Muk\n|-boost|p2a: Muk|evasion|2\n|move|p1a: Lunala|Trick Room|p1a: Lunala\n|-fieldstart|move: Trick Room|[of] p1a: Lunala\n|\n|-ability|p2b: Smeargle|Moody|boost\n|-boost|p2b: Smeargle|spe|2\n|-unboost|p2b: Smeargle|spd|1\n|upkeep\n|turn|2\n|\n|t:|1775598674\n|move|p2a: Muk|Minimize|p2a: Muk\n|-boost|p2a: Muk|evasion|2\n|move|p1a: Lunala|Moonblast|p2b: Smeargle\n|-enditem|p2b: Smeargle|Focus Sash\n|-damage|p2b: Smeargle|1/100\n|move|p1b: Miraidon|Electro Drift|p2b: Smeargle\n|-damage|p2b: Smeargle|0 fnt\n|faint|p2b: Smeargle\n|-ability|p2a: Muk|Moody|Power of Alchemy|[from] ability: Power of Alchemy|[of] p2b: Smeargle\n|\n|-ability|p2a: Muk|Moody|boost\n|-boost|p2a: Muk|spa|2\n|-unboost|p2a: Muk|def|1\n|upkeep\n|\n|t:|1775598685\n|switch|p2b: \u7329|Rillaboom, L50, F|100/100\n|-fieldstart|move: Grassy Terrain|[from] ability: Grassy Surge|[of] p2b: \u7329\n|turn|3\n|\n|t:|1775598698\n|move|p2b: \u7329|Fake Out|p1b: Miraidon\n|-damage|p1b: Miraidon|85/100\n|move|p2a: Muk|Minimize|p2a: Muk\n|-boost|p2a: Muk|evasion|2\n|move|p1a: Lunala|Moonblast|p2a: Muk\n|-damage|p2a: Muk|70/100\n|cant|p1b: Miraidon|flinch\n|\n|-heal|p2a: Muk|76/100|[from] Grassy Terrain\n|-heal|p2a: Muk|82/100|[from] item: Leftovers\n|-heal|p1b: Miraidon|91/100|[from] Grassy Terrain\n|-ability|p2a: Muk|Moody|boost\n|-boost|p2a: Muk|spa|2\n|-unboost|p2a: Muk|def|1\n|upkeep\n|turn|4\n|inactive|FRESHmustard has 30 seconds left.\n|inactive|FRESHmustard has 20 seconds left.\n|\n|t:|1775598734\n|switch|p2b: Flamigo|Flamigo, L50, F|100/100\n|-copyboost|p2b: Flamigo|p2a: Muk|[from] ability: Costar\n|-enditem|p2b: Flamigo|White Herb\n|-clearnegativeboost|p2b: Flamigo|[silent]\n|move|p2a: Muk|Poison Gas|p1b: Miraidon|[spread] p1b\n|-miss|p2a: Muk|p1a: Lunala\n|-status|p1b: Miraidon|psn\n|move|p1a: Lunala|Moonblast|p2a: Muk|[miss]\n|-miss|p1a: Lunala|p2a: Muk\n|move|p1b: Miraidon|Electro Drift|p2a: Muk|[miss]\n|-miss|p1b: Miraidon|p2a: Muk\n|\n|-heal|p2a: Muk|88/100|[from] Grassy Terrain\n|-heal|p2a: Muk|94/100|[from] item: Leftovers\n|-heal|p1b: Miraidon|97/100 psn|[from] Grassy Terrain\n|-damage|p1b: Miraidon|85/100 psn|[from] psn\n|-ability|p2a: Muk|Moody|boost\n|-boost|p2a: Muk|atk|2\n|-unboost|p2a: Muk|def|1\n|upkeep\n|turn|5\n|inactive|Dragoonlong has 30 seconds left.\n|\n|t:|1775598768\n|move|p2a: Muk|Protect|p2a: Muk\n|-singleturn|p2a: Muk|Protect\n|move|p1a: Lunala|Moonblast|p2b: Flamigo|[miss]\n|-miss|p1a: Lunala|p2b: Flamigo\n|move|p2b: Flamigo|Acrobatics|p1a: Lunala\n|-damage|p1a: Lunala|89/100\n|move|p1b: Miraidon|Electro Drift|p2b: Flamigo|[miss]\n|-miss|p1b: Miraidon|p2b: Flamigo\n|\n|-heal|p2a: Muk|100/100|[from] Grassy Terrain\n|-heal|p1a: Lunala|95/100|[from] Grassy Terrain\n|-heal|p1b: Miraidon|90/100 psn|[from] Grassy Terrain\n|-damage|p1b: Miraidon|78/100 psn|[from] psn\n|-fieldend|move: Trick Room\n|-ability|p2a: Muk|Moody|boost\n|-boost|p2a: Muk|atk|2\n|-unboost|p2a: Muk|def|1\n|upkeep\n|turn|6\n|\n|t:|1775598791\n|switch|p1b: Ursaluna|Ursaluna, L50, M|100/100\n|move|p2b: Flamigo|Acrobatics|p1b: Ursaluna\n|-damage|p1b: Ursaluna|64/100\n|move|p2a: Muk|Knock Off|p1a: Lunala\n|-supereffective|p1a: Lunala\n|-damage|p1a: Lunala|0 fnt\n|faint|p1a: Lunala\n|\n|-heal|p1b: Ursaluna|70/100|[from] Grassy Terrain\n|-ability|p2a: Muk|Moody|boost\n|-boost|p2a: Muk|spa|2\n|-unboost|p2a: Muk|spe|1\n|-status|p1b: Ursaluna|brn|[from] item: Flame Orb\n|upkeep\n|\n|t:|1775598800\n|switch|p1a: Miraidon|Miraidon, L50, tera:Electric|78/100 psn\n|-fieldstart|move: Electric Terrain|[from] ability: Hadron Engine|[of] p1a: Miraidon\n|turn|7\n|inactive|Dragoonlong has 30 seconds left.\n|inactive|Dragoonlong has 20 seconds left.\n|inactive|Dragoonlong has 15 seconds left.\n|\n|t:|1775598842\n|move|p2a: Muk|Protect|p2a: Muk\n|-singleturn|p2a: Muk|Protect\n|move|p1a: Miraidon|Electro Drift|p2b: Flamigo|[miss]\n|-miss|p1a: Miraidon|p2b: Flamigo\n|move|p2b: Flamigo|Close Combat|p1b: Ursaluna\n|-supereffective|p1b: Ursaluna\n|-damage|p1b: Ursaluna|0 fnt\n|-unboost|p2b: Flamigo|def|1\n|-unboost|p2b: Flamigo|spd|1\n|faint|p1b: Ursaluna\n|\n|-damage|p1a: Miraidon|66/100 psn|[from] psn\n|-ability|p2a: Muk|Moody|boost\n|-boost|p2a: Muk|spe|2\n|-unboost|p2a: Muk|def|1\n|upkeep\n|\n|t:|1775598848\n|switch|p1b: Urshifu|Urshifu-Rapid-Strike, L50, M|100/100\n|turn|8\n|inactive|Dragoonlong has 30 seconds left.\n|\n|t:|1775598878\n|move|p1a: Miraidon|Electro Drift|p2b: Flamigo|[miss]\n|-miss|p1a: Miraidon|p2b: Flamigo\n|move|p1b: Urshifu|Close Combat|p2a: Muk\n|-damage|p2a: Muk|0 fnt\n|-unboost|p1b: Urshifu|def|1\n|-unboost|p1b: Urshifu|spd|1\n|faint|p2a: Muk\n|move|p2b: Flamigo|Acrobatics|p1b: Urshifu\n|-supereffective|p1b: Urshifu\n|-damage|p1b: Urshifu|0 fnt\n|faint|p1b: Urshifu\n|\n|-damage|p1a: Miraidon|54/100 psn|[from] psn\n|upkeep\n|\n|t:|1775598891\n|switch|p2a: \u7329|Rillaboom, L50, F|100/100\n|-fieldstart|move: Grassy Terrain|[from] ability: Grassy Surge|[of] p2a: \u7329\n|turn|9\n|\n|t:|1775598900\n|move|p2a: \u7329|Fake Out|p1a: Miraidon\n|-damage|p1a: Miraidon|43/100 psn\n|cant|p1a: Miraidon|flinch\n|move|p2b: Flamigo|Acrobatics|p1a: Miraidon\n|-resisted|p1a: Miraidon\n|-damage|p1a: Miraidon|23/100 psn\n|\n|-heal|p1a: Miraidon|29/100 psn|[from] Grassy Terrain\n|-damage|p1a: Miraidon|17/100 psn|[from] psn\n|upkeep\n|turn|10\n|inactive|Dragoonlong has 30 seconds left.\n|c|\u2606FRESHmustard|how many 50% did i lose there\n|\n|t:|1775598930\n|move|p2a: \u7329|Grassy Glide|p1a: Miraidon\n|-damage|p1a: Miraidon|0 fnt\n|faint|p1a: Miraidon\n|\n|win|Dragoonlong\n|raw|FRESHmustard's rating: 1206 &rarr; <strong>1181</strong><br />(-25 for losing)\n|raw|Dragoonlong's rating: 1212 &rarr; <strong>1237</strong><br />(+25 for winning)\n|c|\u2606FRESHmustard|this game is so stupid\n|l|\u2606FRESHmustard\n|player|p1|\n|l|\u2606Dragoonlong\n|player|p2|\n","uploadtime":1775599183,"views":8,"formatid":"gen9vgc2026regi","rating":1181,"private":0,"password":null}