{"id":"gen9vgc2026regi-2518320973","format":"[Gen 9] VGC 2026 Reg I","players":["kojimuranishi","darkest_contender"],"log":"|j|\u2606kojimuranishi\n|j|\u2606darkest_contender\n|t:|1768369673\n|gametype|doubles\n|player|p1|kojimuranishi|1|1321\n|player|p2|darkest_contender|n|1272\n|gen|9\n|tier|[Gen 9] VGC 2026 Reg I\n|rated|\n|rule|Species Clause: Limit one of each Pok\u00e9mon\n|rule|Item Clause: Limit 1 of each item\n|clearpoke\n|poke|p1|Raging Bolt, L50|\n|poke|p1|Calyrex-Ice, L50|\n|poke|p1|Kyogre, L50|\n|poke|p1|Indeedee-F, L50, F|\n|poke|p1|Ursaluna, L50, F|\n|poke|p1|Urshifu-*, L50, F|\n|poke|p2|Calyrex-Shadow, L50|\n|poke|p2|Zamazenta-*, L50|\n|poke|p2|Ogerpon-Cornerstone, L50, F|\n|poke|p2|Flutter Mane, L50|\n|poke|p2|Whimsicott, L50, F|\n|poke|p2|Torkoal, L50, M|\n|teampreview|4\n|inactive|Battle timer is ON: inactive players will automatically lose when time's up. (requested by kojimuranishi)\n|inactive|kojimuranishi has 60 seconds left.\n|\n|t:|1768369709\n|teamsize|p1|4\n|teamsize|p2|4\n|start\n|switch|p1a: Calyrex|Calyrex-Ice, L50|100/100\n|switch|p1b: Kyogre|Kyogre, L50|100/100\n|switch|p2a: Calyrex|Calyrex-Shadow, L50|100/100\n|switch|p2b: Ogerpon|Ogerpon-Cornerstone, L50, F|100/100\n|-ability|p2a: Calyrex|As One\n|-ability|p2a: Calyrex|Unnerve\n|-ability|p1a: Calyrex|As One\n|-ability|p1a: Calyrex|Unnerve\n|-weather|RainDance|[from] ability: Drizzle|[of] p1b: Kyogre\n|turn|1\n|\n|t:|1768369727\n|-terastallize|p1a: Calyrex|Fairy\n|move|p1b: Kyogre|Origin Pulse|p2b: Ogerpon|[spread] p2a,p2b\n|-damage|p2a: Calyrex|33/100\n|-damage|p2b: Ogerpon|19/100\n|move|p2a: Calyrex|Astral Barrage|p1b: Kyogre|[spread] p1a,p1b\n|-damage|p1a: Calyrex|69/100\n|-damage|p1b: Kyogre|56/100\n|move|p2b: Ogerpon|Power Whip|p1b: Kyogre\n|-supereffective|p1b: Kyogre\n|-damage|p1b: Kyogre|0 fnt\n|faint|p1b: Kyogre\n|move|p1a: Calyrex|Trick Room|p1a: Calyrex\n|-fieldstart|move: Trick Room|[of] p1a: Calyrex\n|\n|-weather|RainDance|[upkeep]\n|-heal|p1a: Calyrex|74/100|[from] item: Leftovers\n|upkeep\n|\n|t:|1768369747\n|switch|p1b: Ursaluna|Ursaluna, L50, F|100/100\n|turn|2\n|\n|t:|1768369763\n|switch|p2a: Zamazenta|Zamazenta-Crowned, L50|100/100\n|-ability|p2a: Zamazenta|Dauntless Shield|boost\n|-boost|p2a: Zamazenta|def|1\n|move|p1a: Calyrex|Glacial Lance|p2a: Zamazenta|[spread] p2a,p2b\n|-resisted|p2a: Zamazenta\n|-supereffective|p2b: Ogerpon\n|-damage|p2a: Zamazenta|92/100\n|-damage|p2b: Ogerpon|0 fnt\n|faint|p2b: Ogerpon\n|-ability|p1a: Calyrex|Chilling Neigh|boost\n|-boost|p1a: Calyrex|atk|1\n|move|p1b: Ursaluna|Rock Slide|p2a: Zamazenta\n|-resisted|p2a: Zamazenta\n|-damage|p2a: Zamazenta|89/100\n|\n|-weather|RainDance|[upkeep]\n|-heal|p1a: Calyrex|80/100|[from] item: Leftovers\n|-status|p1b: Ursaluna|brn|[from] item: Flame Orb\n|upkeep\n|\n|t:|1768369778\n|switch|p2b: Torkoal|Torkoal, L50, M, shiny|100/100\n|-weather|SunnyDay|[from] ability: Drought|[of] p2b: Torkoal\n|turn|3\n|inactive|kojimuranishi has 30 seconds left.\n|inactive|kojimuranishi has 20 seconds left.\n|\n|t:|1768369814\n|-terastallize|p2a: Zamazenta|Dragon\n|move|p1b: Ursaluna|Protect|p1b: Ursaluna\n|-singleturn|p1b: Ursaluna|Protect\n|move|p2b: Torkoal|Eruption|p1a: Calyrex|[spread] p1a\n|-activate|p1b: Ursaluna|move: Protect\n|-damage|p1a: Calyrex|34/100\n|move|p1a: Calyrex|Leech Seed|p2b: Torkoal\n|-start|p2b: Torkoal|move: Leech Seed\n|move|p2a: Zamazenta|Body Press|p1b: Ursaluna\n|-activate|p1b: Ursaluna|move: Protect\n|\n|-weather|SunnyDay|[upkeep]\n|-heal|p1a: Calyrex|40/100|[from] item: Leftovers\n|-damage|p2b: Torkoal|88/100|[from] Leech Seed|[of] p1a: Calyrex\n|-heal|p1a: Calyrex|50/100|[silent]\n|-damage|p1b: Ursaluna|95/100 brn|[from] brn\n|upkeep\n|turn|4\n|inactive|kojimuranishi has 30 seconds left.\n|inactive|darkest_contender has 30 seconds left.\n|inactive|kojimuranishi has 20 seconds left.\n|inactive|darkest_contender has 20 seconds left.\n|\n|t:|1768369851\n|move|p1a: Calyrex|Protect|p1a: Calyrex\n|-singleturn|p1a: Calyrex|Protect\n|move|p2b: Torkoal|Eruption|p1b: Ursaluna|[spread] p1b\n|-activate|p1a: Calyrex|move: Protect\n|-damage|p1b: Ursaluna|28/100 brn\n|move|p1b: Ursaluna|Facade|p2b: Torkoal\n|-damage|p2b: Torkoal|0 fnt\n|faint|p2b: Torkoal\n|move|p2a: Zamazenta|Body Press|p1b: Ursaluna\n|-supereffective|p1b: Ursaluna\n|-damage|p1b: Ursaluna|0 fnt\n|faint|p1b: Ursaluna\n|\n|-weather|SunnyDay|[upkeep]\n|-heal|p1a: Calyrex|56/100|[from] item: Leftovers\n|upkeep\n|\n|t:|1768369868\n|switch|p2b: Calyrex|Calyrex-Shadow, L50|33/100\n|switch|p1b: Indeedee|Indeedee-F, L50, F|100/100\n|-ability|p2b: Calyrex|As One\n|-ability|p2b: Calyrex|Unnerve\n|-fieldstart|move: Psychic Terrain|[from] ability: Psychic Surge|[of] p1b: Indeedee\n|turn|5\n|\n|t:|1768369882\n|move|p2b: Calyrex|Protect|p2b: Calyrex\n|-singleturn|p2b: Calyrex|Protect\n|move|p2a: Zamazenta|Body Press|p1b: Indeedee\n|-damage|p1b: Indeedee|31/100\n|-damage|p2a: Zamazenta|73/100|[from] item: Rocky Helmet|[of] p1b: Indeedee\n|move|p1a: Calyrex|Trick Room|p1a: Calyrex\n|-fieldend|move: Trick Room\n|move|p1b: Indeedee|Trick Room|p1b: Indeedee\n|-fieldstart|move: Trick Room|[of] p1b: Indeedee\n|\n|-weather|SunnyDay|[upkeep]\n|-heal|p1a: Calyrex|62/100|[from] item: Leftovers\n|upkeep\n|turn|6\n|\n|t:|1768369902\n|move|p2a: Zamazenta|Wide Guard|p2a: Zamazenta\n|-singleturn|p2a: Zamazenta|Wide Guard\n|move|p1a: Calyrex|Leech Seed|p2b: Calyrex\n|-start|p2b: Calyrex|move: Leech Seed\n|move|p1b: Indeedee|Heal Pulse|p1a: Calyrex\n|-heal|p1a: Calyrex|100/100\n|move|p2b: Calyrex|Astral Barrage|p1b: Indeedee|[spread] p1a\n|-immune|p1b: Indeedee\n|-crit|p1a: Calyrex\n|-damage|p1a: Calyrex|57/100\n|\n|-weather|SunnyDay|[upkeep]\n|-heal|p1a: Calyrex|62/100|[from] item: Leftovers\n|-damage|p2b: Calyrex|21/100|[from] Leech Seed|[of] p1a: Calyrex\n|-heal|p1a: Calyrex|73/100|[silent]\n|upkeep\n|turn|7\n|\n|t:|1768369926\n|move|p1a: Calyrex|Leech Seed|p2a: Zamazenta\n|-start|p2a: Zamazenta|move: Leech Seed\n|move|p1b: Indeedee|Heal Pulse|p1a: Calyrex\n|-heal|p1a: Calyrex|100/100\n|move|p2a: Zamazenta|Body Press|p1b: Indeedee\n|-damage|p1b: Indeedee|0 fnt\n|-damage|p2a: Zamazenta|57/100|[from] item: Rocky Helmet|[of] p1b: Indeedee\n|faint|p1b: Indeedee\n|move|p2b: Calyrex|Psyshock|p1a: Calyrex\n|-damage|p1a: Calyrex|64/100\n|\n|-weather|none\n|-heal|p1a: Calyrex|70/100|[from] item: Leftovers\n|-damage|p2a: Zamazenta|44/100|[from] Leech Seed|[of] p1a: Calyrex\n|-heal|p1a: Calyrex|80/100|[silent]\n|-damage|p2b: Calyrex|8/100|[from] Leech Seed|[of] p1a: Calyrex\n|-heal|p1a: Calyrex|91/100|[silent]\n|upkeep\n|turn|8\n|\n|t:|1768369947\n|move|p1a: Calyrex|Protect|p1a: Calyrex\n|-singleturn|p1a: Calyrex|Protect\n|move|p2a: Zamazenta|Behemoth Bash|p1a: Calyrex\n|-activate|p1a: Calyrex|move: Protect\n|move|p2b: Calyrex|Astral Barrage|p1a: Calyrex\n|-activate|p1a: Calyrex|move: Protect\n|\n|-heal|p1a: Calyrex|97/100|[from] item: Leftovers\n|-damage|p2a: Zamazenta|32/100|[from] Leech Seed|[of] p1a: Calyrex\n|-heal|p1a: Calyrex|100/100|[silent]\n|-damage|p2b: Calyrex|0 fnt|[from] Leech Seed|[of] p1a: Calyrex\n|faint|p2b: Calyrex\n|upkeep\n|turn|9\n|\n|t:|1768369963\n|move|p1a: Calyrex|Glacial Lance|p2a: Zamazenta\n|-supereffective|p2a: Zamazenta\n|-damage|p2a: Zamazenta|0 fnt\n|faint|p2a: Zamazenta\n|\n|win|kojimuranishi\n|raw|kojimuranishi's rating: 1321 &rarr; <strong>1338</strong><br />(+17 for winning)\n|raw|darkest_contender's rating: 1272 &rarr; <strong>1251</strong><br />(-21 for losing)\n|c|\u2606darkest_contender|no skill sherlock\n|c|\u2606darkest_contender|spam protect\n|l|\u2606darkest_contender\n|player|p2|\n","uploadtime":1768370104,"views":13,"formatid":"gen9vgc2026regi","rating":1251,"private":0,"password":null}