{"id":"gen9vgc2026regi-2543378395","format":"[Gen 9] VGC 2026 Reg I","players":["Yancy0721\u56fe\u56fe\u72ac\u4fa0","inb_178"],"log":"|j|\u2606Yancy0721\u56fe\u56fe\u72ac\u4fa0\n|j|\u2606inb_178\n|t:|1771562759\n|gametype|doubles\n|player|p1|Yancy0721\u56fe\u56fe\u72ac\u4fa0|may-masters4|1460\n|player|p2|inb_178|102|1340\n|gen|9\n|tier|[Gen 9] VGC 2026 Reg I\n|rated|\n|rule|Species Clause: Limit one of each Pok\u00e9mon\n|rule|Item Clause: Limit 1 of each item\n|clearpoke\n|poke|p1|Muk-Alola, L50, F|\n|poke|p1|Smeargle, L50, F|\n|poke|p1|Flamigo, L50, F|\n|poke|p1|Calyrex-Shadow, L50|\n|poke|p1|Rillaboom, L50, F|\n|poke|p1|Eternatus, L50|\n|poke|p2|Miraidon, L50|\n|poke|p2|Groudon, L50|\n|poke|p2|Incineroar, L50, M|\n|poke|p2|Sneasler, L50, F|\n|poke|p2|Walking Wake, L50|\n|poke|p2|Ogerpon-Cornerstone, L50, F|\n|teampreview|4\n|\n|t:|1771562771\n|teamsize|p1|4\n|teamsize|p2|4\n|start\n|switch|p1a: Rillaboom|Rillaboom, L50, F|100/100\n|switch|p1b: Muk|Muk-Alola, L50, F|100/100\n|switch|p2a: Miraidon|Miraidon, L50|100/100\n|switch|p2b: Groudon|Groudon, L50|100/100\n|-fieldstart|move: Electric Terrain|[from] ability: Hadron Engine|[of] p2a: Miraidon\n|-weather|SunnyDay|[from] ability: Drought|[of] p2b: Groudon\n|-fieldstart|move: Grassy Terrain|[from] ability: Grassy Surge|[of] p1a: Rillaboom\n|turn|1\n|inactive|Battle timer is ON: inactive players will automatically lose when time's up. (requested by Yancy0721\u56fe\u56fe\u72ac\u4fa0)\n|\n|t:|1771562787\n|move|p1a: Rillaboom|Fake Out|p2b: Groudon\n|-damage|p2b: Groudon|92/100\n|move|p2a: Miraidon|Electro Drift|p1b: Muk\n|-damage|p1b: Muk|48/100\n|cant|p2b: Groudon|flinch\n|move|p1b: Muk|Minimize|p1b: Muk\n|-boost|p1b: Muk|evasion|2\n|\n|-weather|SunnyDay|[upkeep]\n|-heal|p2b: Groudon|98/100|[from] Grassy Terrain\n|-heal|p1b: Muk|54/100|[from] Grassy Terrain\n|-heal|p1b: Muk|60/100|[from] item: Leftovers\n|upkeep\n|turn|2\n|\n|t:|1771562804\n|move|p1b: Muk|Protect|p1b: Muk\n|-singleturn|p1b: Muk|Protect\n|move|p2a: Miraidon|Volt Switch|p1a: Rillaboom\n|-resisted|p1a: Rillaboom\n|-damage|p1a: Rillaboom|87/100\n|\n|t:|1771562813\n|switch|p2a: Incineroar|Incineroar, L50, M|100/100|[from] Volt Switch\n|-ability|p2a: Incineroar|Intimidate|boost\n|-unboost|p1a: Rillaboom|atk|1\n|-unboost|p1b: Muk|atk|1\n|move|p2b: Groudon|Precipice Blades|p1b: Muk|[spread] p1a\n|-activate|p1b: Muk|move: Protect\n|-resisted|p1a: Rillaboom\n|-damage|p1a: Rillaboom|63/100\n|move|p1a: Rillaboom|U-turn|p2b: Groudon\n|-damage|p2b: Groudon|87/100\n|\n|t:|1771562817\n|switch|p1a: Smeargle|Smeargle, L50, F|100/100|[from] U-turn\n|\n|-weather|SunnyDay|[upkeep]\n|-heal|p2b: Groudon|93/100|[from] Grassy Terrain\n|-heal|p1b: Muk|66/100|[from] Grassy Terrain\n|-heal|p1b: Muk|72/100|[from] item: Leftovers\n|-ability|p1a: Smeargle|Moody|boost\n|-boost|p1a: Smeargle|atk|2\n|-unboost|p1a: Smeargle|spd|1\n|upkeep\n|turn|3\n|\n|t:|1771562835\n|move|p1a: Smeargle|Fake Out|p2b: Groudon\n|-damage|p2b: Groudon|82/100\n|move|p2a: Incineroar|Fake Out|p1a: Smeargle\n|-damage|p1a: Smeargle|67/100\n|cant|p2b: Groudon|flinch\n|move|p1b: Muk|Minimize|p1b: Muk\n|-boost|p1b: Muk|evasion|2\n|\n|-weather|SunnyDay|[upkeep]\n|-heal|p1a: Smeargle|73/100|[from] Grassy Terrain\n|-heal|p2b: Groudon|88/100|[from] Grassy Terrain\n|-heal|p1b: Muk|78/100|[from] Grassy Terrain\n|-heal|p1b: Muk|84/100|[from] item: Leftovers\n|-ability|p1a: Smeargle|Moody|boost\n|-boost|p1a: Smeargle|def|2\n|-unboost|p1a: Smeargle|spd|1\n|upkeep\n|turn|4\n|inactive|Yancy0721\u56fe\u56fe\u72ac\u4fa0 has 30 seconds left.\n|\n|t:|1771562861\n|switch|p2a: Miraidon|Miraidon, L50|100/100\n|-fieldstart|move: Electric Terrain|[from] ability: Hadron Engine|[of] p2a: Miraidon\n|move|p1b: Muk|Protect|p1b: Muk\n|-singleturn|p1b: Muk|Protect\n|move|p1a: Smeargle|Spore|p2b: Groudon\n|-activate|p2b: Groudon|move: Electric Terrain\n|move|p2b: Groudon|Precipice Blades|p1a: Smeargle|[spread] p1a\n|-activate|p1b: Muk|move: Protect\n|-damage|p1a: Smeargle|0 fnt\n|faint|p1a: Smeargle\n|-ability|p1b: Muk|Moody|Power of Alchemy|[from] ability: Power of Alchemy|[of] p1a: Smeargle\n|\n|-weather|SunnyDay|[upkeep]\n|-heal|p1b: Muk|91/100|[from] item: Leftovers\n|-ability|p1b: Muk|Moody|boost\n|-boost|p1b: Muk|def|2\n|-unboost|p1b: Muk|atk|1\n|upkeep\n|l|\u2606inb_178\n|inactive|inb_178 disconnected and has a minute to reconnect!\n|player|p2|\n|\n|t:|1771562865\n|switch|p1a: Rillaboom|Rillaboom, L50, F|63/100\n|-fieldstart|move: Grassy Terrain|[from] ability: Grassy Surge|[of] p1a: Rillaboom\n|turn|5\n|inactive|inb_178 has 30 seconds left.\n|inactive|inb_178 has 20 seconds left.\n|inactive|inb_178 has 15 seconds left.\n|inactive|inb_178 has 10 seconds left.\n|inactive|inb_178 has 5 seconds left.\n|-message|inb_178 lost due to inactivity.\n|\n|win|Yancy0721\u56fe\u56fe\u72ac\u4fa0\n|raw|Yancy0721\u56fe\u56fe\u72ac\u4fa0's rating: 1460 &rarr; <strong>1473</strong><br />(+13 for winning)\n|raw|inb_178's rating: 1340 &rarr; <strong>1327</strong><br />(-13 for losing)\n","uploadtime":1771562928,"views":15,"formatid":"gen9vgc2026regi","rating":1327,"private":0,"password":null}