{"id":"gen9vgc2026regi-2576588344","format":"[Gen 9] VGC 2026 Reg I","players":["ydycp123","Nasihasi"],"log":"|j|\u2606ydycp123\n|j|\u2606Nasihasi\n|t:|1775490025\n|gametype|doubles\n|player|p1|ydycp123|cynthia|1428\n|player|p2|Nasihasi|hiker-gen4|1435\n|gen|9\n|tier|[Gen 9] VGC 2026 Reg I\n|rated|\n|rule|Species Clause: Limit one of each Pok\u00e9mon\n|rule|Item Clause: Limit 1 of each item\n|clearpoke\n|poke|p1|Calyrex-Shadow, L50|\n|poke|p1|Miraidon, L50|\n|poke|p1|Iron Hands, L50|\n|poke|p1|Chi-Yu, L50|\n|poke|p1|Whimsicott, L50, F|\n|poke|p1|Incineroar, L50, F|\n|poke|p2|Calyrex-Shadow, L50|\n|poke|p2|Zamazenta-*, L50|\n|poke|p2|Rillaboom, L50, F|\n|poke|p2|Raging Bolt, L50|\n|poke|p2|Ogerpon-Hearthflame, L50, F|\n|poke|p2|Incineroar, L50, F|\n|teampreview|4\n|\n|t:|1775490049\n|teamsize|p1|4\n|teamsize|p2|4\n|start\n|switch|p1a: Chi-Yu|Chi-Yu, L50, shiny|100/100\n|switch|p1b: Miraidon|Miraidon, L50, shiny|100/100\n|switch|p2a: Raging Bolt|Raging Bolt, L50|100/100\n|switch|p2b: Incineroar|Incineroar, L50, F|100/100\n|-ability|p1a: Chi-Yu|Beads of Ruin\n|-fieldstart|move: Electric Terrain|[from] ability: Hadron Engine|[of] p1b: Miraidon\n|-ability|p2b: Incineroar|Intimidate|boost\n|-unboost|p1a: Chi-Yu|atk|1\n|-unboost|p1b: Miraidon|atk|1\n|-enditem|p2a: Raging Bolt|Booster Energy\n|-activate|p2a: Raging Bolt|ability: Protosynthesis|[fromitem]\n|-start|p2a: Raging Bolt|protosynthesisspa\n|turn|1\n|\n|t:|1775490076\n|switch|p1a: Whimsicott|Whimsicott, L50, F, shiny|100/100\n|-terastallize|p1b: Miraidon|Fairy\n|move|p2b: Incineroar|Fake Out|p1b: Miraidon\n|-damage|p1b: Miraidon|89/100\n|cant|p1b: Miraidon|flinch\n|move|p2a: Raging Bolt|Electroweb|p1b: Miraidon|[spread] p1a,p1b\n|-resisted|p1a: Whimsicott\n|-damage|p1a: Whimsicott|79/100\n|-damage|p1b: Miraidon|62/100\n|-unboost|p1b: Miraidon|spe|1\n|\n|upkeep\n|turn|2\n|\n|t:|1775490102\n|move|p2b: Incineroar|Helping Hand|p2a: Raging Bolt\n|-singleturn|p2a: Raging Bolt|Helping Hand|[of] p2b: Incineroar\n|move|p1a: Whimsicott|Encore|p2a: Raging Bolt\n|-start|p2a: Raging Bolt|Encore\n|move|p2a: Raging Bolt|Electroweb|p1a: Whimsicott|[spread] p1a,p1b\n|-resisted|p1a: Whimsicott\n|-damage|p1a: Whimsicott|47/100\n|-damage|p1b: Miraidon|22/100\n|-unboost|p1b: Miraidon|spe|1\n|move|p1b: Miraidon|Dazzling Gleam|p2a: Raging Bolt|[spread] p2a,p2b\n|-supereffective|p2a: Raging Bolt\n|-damage|p2a: Raging Bolt|20/100\n|-damage|p2b: Incineroar|47/100\n|\n|upkeep\n|turn|3\n|\n|t:|1775490132\n|-end|p2a: Raging Bolt|Protosynthesis|[silent]\n|switch|p2a: Zamazenta|Zamazenta-Crowned, L50|100/100\n|-ability|p2a: Zamazenta|Dauntless Shield|boost\n|-boost|p2a: Zamazenta|def|1\n|move|p1a: Whimsicott|Tailwind|p1a: Whimsicott\n|-sidestart|p1: ydycp123|move: Tailwind\n|move|p1b: Miraidon|Dazzling Gleam|p2b: Incineroar|[spread] p2a,p2b\n|-damage|p2a: Zamazenta|56/100\n|-damage|p2b: Incineroar|0 fnt\n|faint|p2b: Incineroar\n|\n|upkeep\n|\n|t:|1775490140\n|switch|p2b: Calyrex|Calyrex-Shadow, L50|100/100\n|-ability|p2b: Calyrex|As One\n|-ability|p2b: Calyrex|Unnerve\n|turn|4\n|l|\u2606Nasihasi\n|player|p2|\n|j|\u2606Nasihasi\n|player|p2|Nasihasi|hiker-gen4|\n|\n|t:|1775490176\n|move|p1a: Whimsicott|Taunt|p2a: Zamazenta\n|-start|p2a: Zamazenta|move: Taunt\n|move|p2b: Calyrex|Astral Barrage|p1a: Whimsicott|[spread] p1a,p1b\n|-damage|p1a: Whimsicott|0 fnt\n|-damage|p1b: Miraidon|0 fnt\n|faint|p1a: Whimsicott\n|faint|p1b: Miraidon\n|-ability|p2b: Calyrex|Grim Neigh|boost\n|-boost|p2b: Calyrex|spa|2\n|-damage|p2b: Calyrex|91/100|[from] item: Life Orb\n|move|p2a: Zamazenta|Body Press|p1: Whimsicott|[notarget]\n|-fail|p2a: Zamazenta\n|\n|upkeep\n|\n|t:|1775490191\n|switch|p1b: Calyrex|Calyrex-Shadow, L50|100/100\n|switch|p1a: Chi-Yu|Chi-Yu, L50, shiny|100/100\n|-ability|p1b: Calyrex|As One\n|-ability|p1b: Calyrex|Unnerve\n|-ability|p1a: Chi-Yu|Beads of Ruin\n|turn|5\n|l|\u2606Nasihasi\n|player|p2|\n|j|\u2606Nasihasi\n|player|p2|Nasihasi|hiker-gen4|\n|\n|t:|1775490221\n|move|p2b: Calyrex|Protect|p2b: Calyrex\n|-singleturn|p2b: Calyrex|Protect\n|move|p1a: Chi-Yu|Flamethrower|p2b: Calyrex\n|-activate|p2b: Calyrex|move: Protect\n|move|p1b: Calyrex|Astral Barrage|p2a: Zamazenta|[spread] p2a\n|-activate|p2b: Calyrex|move: Protect\n|-damage|p2a: Zamazenta|10/100\n|move|p2a: Zamazenta|Body Press|p1a: Chi-Yu\n|-supereffective|p1a: Chi-Yu\n|-damage|p1a: Chi-Yu|0 fnt\n|faint|p1a: Chi-Yu\n|\n|-fieldend|move: Electric Terrain\n|upkeep\n|turn|6\n|\n|t:|1775490239\n|switch|p2b: Raging Bolt|Raging Bolt, L50|20/100\n|move|p1b: Calyrex|Encore||[still]\n|-fail|p1b: Calyrex\n|move|p2a: Zamazenta|Heavy Slam|p1b: Calyrex\n|-damage|p1b: Calyrex|37/100\n|\n|-end|p2a: Zamazenta|move: Taunt\n|-sideend|p1: ydycp123|move: Tailwind\n|upkeep\n|turn|7\n|-message|ydycp123 forfeited.\n|\n|win|Nasihasi\n|raw|ydycp123's rating: 1428 &rarr; <strong>1408</strong><br />(-20 for losing)\n|raw|Nasihasi's rating: 1435 &rarr; <strong>1455</strong><br />(+20 for winning)\n|l|\u2606ydycp123\n|player|p1|\n","uploadtime":1775490253,"views":11,"formatid":"gen9vgc2026regi","rating":1408,"private":0,"password":null}