{"id":"gen9vgc2026regi-2568794247","format":"[Gen 9] VGC 2026 Reg I","players":["AstralWisp9","Binky11"],"log":"|j|\u2606AstralWisp9\n|j|\u2606Binky11\n|t:|1774623516\n|gametype|doubles\n|player|p1|AstralWisp9|2|1510\n|player|p2|Binky11|miku-ice|1534\n|gen|9\n|tier|[Gen 9] VGC 2026 Reg I\n|rated|\n|rule|Species Clause: Limit one of each Pok\u00e9mon\n|rule|Item Clause: Limit 1 of each item\n|clearpoke\n|poke|p1|Calyrex-Ice, L50|\n|poke|p1|Lunala, L50|\n|poke|p1|Smeargle, L50, M|\n|poke|p1|Urshifu-*, L50, M|\n|poke|p1|Torkoal, L50, M|\n|poke|p1|Indeedee-F, L50, F|\n|poke|p2|Kyogre, L50|\n|poke|p2|Necrozma-Dusk-Mane, L50|\n|poke|p2|Amoonguss, L50, M|\n|poke|p2|Iron Jugulis, L50|\n|poke|p2|Raging Bolt, L50|\n|poke|p2|Urshifu-*, L50, F|\n|teampreview|4\n|inactive|Battle timer is ON: inactive players will automatically lose when time's up. (requested by Binky11)\n|\n|t:|1774623539\n|teamsize|p1|4\n|teamsize|p2|4\n|start\n|switch|p1a: Indeedee|Indeedee-F, L50, F|100/100\n|switch|p1b: Lunala|Lunala, L50|100/100\n|switch|p2a: Kyogre|Kyogre, L50|100/100\n|switch|p2b: Urshifu|Urshifu-Rapid-Strike, L50, F|100/100\n|-weather|RainDance|[from] ability: Drizzle|[of] p2a: Kyogre\n|-fieldstart|move: Psychic Terrain|[from] ability: Psychic Surge|[of] p1a: Indeedee\n|turn|1\n|\n|t:|1774623557\n|-terastallize|p1b: Lunala|Grass\n|move|p1a: Indeedee|Helping Hand|p1b: Lunala\n|-singleturn|p1b: Lunala|Helping Hand|[of] p1a: Indeedee\n|move|p2b: Urshifu|Surging Strikes|p1a: Indeedee\n|-crit|p1a: Indeedee\n|-damage|p1a: Indeedee|68/100\n|-crit|p1a: Indeedee\n|-damage|p1a: Indeedee|36/100\n|-crit|p1a: Indeedee\n|-damage|p1a: Indeedee|2/100\n|-hitcount|p1a: Indeedee|3\n|move|p1b: Lunala|Expanding Force|p2a: Kyogre|[spread] p2a,p2b\n|-supereffective|p2b: Urshifu\n|-damage|p2a: Kyogre|33/100\n|-enditem|p2b: Urshifu|Focus Sash\n|-damage|p2b: Urshifu|1/100\n|move|p2a: Kyogre|Water Spout|p1a: Indeedee|[spread] p1a,p1b\n|-resisted|p1b: Lunala\n|-damage|p1a: Indeedee|0 fnt\n|-damage|p1b: Lunala|93/100\n|faint|p1a: Indeedee\n|\n|-weather|RainDance|[upkeep]\n|upkeep\n|j| Hao_poke\n|\n|t:|1774623575\n|switch|p1a: Calyrex|Calyrex-Ice, L50|100/100\n|-ability|p1a: Calyrex|As One\n|-ability|p1a: Calyrex|Unnerve\n|turn|2\n|\n|t:|1774623595\n|-terastallize|p2b: Urshifu|Water\n|move|p2b: Urshifu|Surging Strikes|p1b: Lunala\n|-resisted|p1b: Lunala\n|-crit|p1b: Lunala\n|-damage|p1b: Lunala|76/100\n|-resisted|p1b: Lunala\n|-crit|p1b: Lunala\n|-damage|p1b: Lunala|59/100\n|-resisted|p1b: Lunala\n|-crit|p1b: Lunala\n|-damage|p1b: Lunala|43/100\n|-hitcount|p1b: Lunala|3\n|move|p1b: Lunala|Expanding Force|p2b: Urshifu|[spread] p2a,p2b\n|-damage|p2a: Kyogre|0 fnt\n|-damage|p2b: Urshifu|0 fnt\n|faint|p2a: Kyogre\n|faint|p2b: Urshifu\n|move|p1a: Calyrex|Trick Room|p1a: Calyrex\n|-fieldstart|move: Trick Room|[of] p1a: Calyrex\n|\n|-weather|RainDance|[upkeep]\n|upkeep\n|\n|t:|1774623606\n|switch|p2a: Necrozma|Necrozma-Dusk-Mane, L50|100/100\n|switch|p2b: Amoonguss|Amoonguss, L50, M|100/100\n|turn|3\n|\n|t:|1774623626\n|move|p2b: Amoonguss|Spore|p1a: Calyrex\n|-status|p1a: Calyrex|slp|[from] move: Spore\n|cant|p1a: Calyrex|slp\n|move|p2a: Necrozma|Photon Geyser|p1b: Lunala\n|-damage|p1b: Lunala|0 fnt\n|faint|p1b: Lunala\n|\n|-weather|RainDance|[upkeep]\n|upkeep\n|\n|t:|1774623636\n|switch|p1b: Urshifu|Urshifu, L50, M|100/100\n|turn|4\n|\n|t:|1774623642\n|move|p1b: Urshifu|Sucker Punch|p2a: Necrozma\n|-activate|p2a: Necrozma|move: Psychic Terrain\n|move|p2b: Amoonguss|Spore|p1b: Urshifu\n|-status|p1b: Urshifu|slp|[from] move: Spore\n|cant|p1a: Calyrex|slp\n|move|p2a: Necrozma|Sunsteel Strike|p1a: Calyrex\n|-supereffective|p1a: Calyrex\n|-damage|p1a: Calyrex|28/100 slp\n|\n|-weather|RainDance|[upkeep]\n|upkeep\n|turn|5\n|\n|t:|1774623655\n|cant|p1b: Urshifu|slp\n|move|p2b: Amoonguss|Pollen Puff|p1b: Urshifu\n|-damage|p1b: Urshifu|76/100 slp\n|-curestatus|p1a: Calyrex|slp|[msg]\n|move|p1a: Calyrex|Glacial Lance|p2a: Necrozma|[spread] p2a,p2b\n|-resisted|p2a: Necrozma\n|-supereffective|p2b: Amoonguss\n|-damage|p2a: Necrozma|79/100\n|-damage|p2b: Amoonguss|12/100\n|move|p2a: Necrozma|Sunsteel Strike|p1a: Calyrex\n|-supereffective|p1a: Calyrex\n|-crit|p1a: Calyrex\n|-damage|p1a: Calyrex|0 fnt\n|faint|p1a: Calyrex\n|\n|-weather|none\n|-fieldend|move: Psychic Terrain\n|upkeep\n|turn|6\n|\n|t:|1774623674\n|cant|p1b: Urshifu|slp\n|move|p2b: Amoonguss|Pollen Puff|p2a: Necrozma\n|-heal|p2a: Necrozma|100/100\n|move|p2a: Necrozma|Sunsteel Strike|p1b: Urshifu\n|-damage|p1b: Urshifu|23/100 slp\n|\n|-fieldend|move: Trick Room\n|upkeep\n|turn|7\n|\n|t:|1774623681\n|move|p2b: Amoonguss|Rage Powder|p2b: Amoonguss\n|-singleturn|p2b: Amoonguss|move: Rage Powder\n|-curestatus|p1b: Urshifu|slp|[msg]\n|move|p1b: Urshifu|Sucker Punch||[still]\n|-fail|p1b: Urshifu\n|move|p2a: Necrozma|Trick Room|p2a: Necrozma\n|-fieldstart|move: Trick Room|[of] p2a: Necrozma\n|\n|upkeep\n|turn|8\n|-message|AstralWisp9 forfeited.\n|\n|win|Binky11\n|raw|AstralWisp9's rating: 1510 &rarr; <strong>1491</strong><br />(-19 for losing)\n|raw|Binky11's rating: 1534 &rarr; <strong>1553</strong><br />(+19 for winning)\n|l|\u2606AstralWisp9\n|player|p1|\n|l| Hao_poke\n|l|\u2606Binky11\n|player|p2|\n","uploadtime":1774623895,"views":31,"formatid":"gen9vgc2026regi","rating":1491,"private":0,"password":null}