{"id":"gen9vgc2026regi-2568287590","format":"[Gen 9] VGC 2026 Reg I","players":["renlovgc","Cello L."],"log":"|j|\u2606renlovgc\n|j|\u2606Cello L.\n|t:|1774563006\n|gametype|doubles\n|player|p1|renlovgc|102|1540\n|player|p2|Cello L.|cynthia-gen4|1640\n|gen|9\n|tier|[Gen 9] VGC 2026 Reg I\n|rated|\n|rule|Species Clause: Limit one of each Pok\u00e9mon\n|rule|Item Clause: Limit 1 of each item\n|clearpoke\n|poke|p1|Kyogre, L50|\n|poke|p1|Landorus, L50, M|\n|poke|p1|Zamazenta-*, L50|\n|poke|p1|Urshifu-*, L50, F|\n|poke|p1|Amoonguss, L50, M|\n|poke|p1|Incineroar, L50, M|\n|poke|p2|Kyogre, L50|\n|poke|p2|Calyrex-Ice, L50|\n|poke|p2|Raging Bolt, L50|\n|poke|p2|Urshifu-*, L50, M|\n|poke|p2|Rillaboom, L50, M|\n|poke|p2|Amoonguss, L50, F|\n|teampreview|4\n|inactive|Battle timer is ON: inactive players will automatically lose when time's up. (requested by renlovgc)\nrenlovgc has agreed to open team sheets.\nCello L. has agreed to open team sheets.\n|showteam|p1|Kyogre||AssaultVest|Drizzle|WaterSpout,OriginPulse,IceBeam,Thunder||||||50|,,,,,Fairy]Landorus||LifeOrb|SheerForce|SandsearStorm,EarthPower,SludgeBomb,Protect|||M|||50|,,,,,Water]Zamazenta-Crowned||RustedShield|DauntlessShield|BodyPress,HeavySlam,WideGuard,Protect||||||50|,,,,,Grass]Urshifu-Rapid-Strike||FocusSash|UnseenFist|SurgingStrikes,CloseCombat,AquaJet,Detect|||F|||50|,,,,,Stellar]Amoonguss||MentalHerb|Regenerator|RagePowder,Spore,PollenPuff,Protect|||M|||50|,,,,,Dark]Incineroar||SafetyGoggles|Intimidate|FakeOut,PartingShot,KnockOff,WillOWisp|||M|||50|,,,,,Ghost\n|showteam|p2|Kyogre||MysticWater|Drizzle|WaterSpout,OriginPulse,HydroPump,Protect||||||50|,,,,,Grass]Calyrex-Ice||Leftovers|AsOneGlastrier|GlacialLance,LeechSeed,TrickRoom,Protect||||||50|,,,,,Fairy]Raging Bolt||BoosterEnergy|Protosynthesis|Thunderbolt,Thunderclap,DragonPulse,Protect||||||50|,,,,,Fairy]Urshifu-Rapid-Strike||ChoiceScarf|UnseenFist|SurgingStrikes,CloseCombat,AquaJet,Uturn|||M|||50|,,,,,Ghost]Rillaboom||AssaultVest|GrassySurge|WoodHammer,GrassyGlide,FakeOut,Uturn|||M|||50|,,,,,Water]Amoonguss||RockyHelmet|Regenerator|Spore,RagePowder,PollenPuff,Protect|||F|||50|,,,,,Water\n|inactive|renlovgc has 60 seconds left.\n|inactive|Cello L. has 60 seconds left.\n|\n|t:|1774563056\n|teamsize|p1|4\n|teamsize|p2|4\n|start\n|switch|p1a: Kyogre|Kyogre, L50|100/100\n|switch|p1b: Landorus|Landorus, L50, M|100/100\n|switch|p2a: Calyrex|Calyrex-Ice, L50|100/100\n|switch|p2b: Amoonguss|Amoonguss, L50, F|100/100\n|-ability|p2a: Calyrex|As One\n|-ability|p2a: Calyrex|Unnerve\n|-weather|RainDance|[from] ability: Drizzle|[of] p1a: Kyogre\n|turn|1\n|inactive|Cello L. has 30 seconds left.\n|inactive|renlovgc has 30 seconds left.\n|inactive|Cello L. has 20 seconds left.\n|inactive|Cello L. has 15 seconds left.\n|inactive|renlovgc has 20 seconds left.\n|inactive|Cello L. has 10 seconds left.\n|inactive|renlovgc has 15 seconds left.\n|inactive|Cello L. has 5 seconds left.\n|inactive|renlovgc has 10 seconds left.\n|\n|t:|1774563113\n|-terastallize|p1b: Landorus|Water\n|move|p2a: Calyrex|Protect|p2a: Calyrex\n|-singleturn|p2a: Calyrex|Protect\n|move|p1a: Kyogre|Water Spout|p2a: Calyrex|[spread] p2b\n|-activate|p2a: Calyrex|move: Protect\n|-resisted|p2b: Amoonguss\n|-damage|p2b: Amoonguss|62/100\n|move|p1b: Landorus|Sandsear Storm|p2a: Calyrex|[spread] p2b\n|-activate|p2a: Calyrex|move: Protect\n|-damage|p2b: Amoonguss|15/100\n|move|p2b: Amoonguss|Spore|p1a: Kyogre\n|-status|p1a: Kyogre|slp|[from] move: Spore\n|\n|-weather|RainDance|[upkeep]\n|upkeep\n|turn|2\n|inactive|Cello L. has 30 seconds left.\n|\n|t:|1774563143\n|cant|p1a: Kyogre|slp\n|move|p1b: Landorus|Sandsear Storm|p2a: Calyrex|[spread] p2a,p2b\n|-damage|p2a: Calyrex|61/100\n|-damage|p2b: Amoonguss|0 fnt\n|faint|p2b: Amoonguss\n|move|p2a: Calyrex|Trick Room|p2a: Calyrex\n|-fieldstart|move: Trick Room|[of] p2a: Calyrex\n|\n|-weather|RainDance|[upkeep]\n|-heal|p2a: Calyrex|67/100|[from] item: Leftovers\n|upkeep\n|\n|t:|1774563151\n|switch|p2b: Raging Bolt|Raging Bolt, L50|100/100\n|-enditem|p2b: Raging Bolt|Booster Energy\n|-activate|p2b: Raging Bolt|ability: Protosynthesis|[fromitem]\n|-start|p2b: Raging Bolt|protosynthesisspa\n|turn|3\n|\n|t:|1774563167\n|switch|p1a: Incineroar|Incineroar, L50, M|100/100\n|-ability|p1a: Incineroar|Intimidate|boost\n|-unboost|p2a: Calyrex|atk|1\n|-unboost|p2b: Raging Bolt|atk|1\n|move|p1b: Landorus|Protect|p1b: Landorus\n|-singleturn|p1b: Landorus|Protect\n|move|p2a: Calyrex|Leech Seed|p1a: Incineroar\n|-start|p1a: Incineroar|move: Leech Seed\n|move|p2b: Raging Bolt|Thunderbolt|p1b: Landorus\n|-activate|p1b: Landorus|move: Protect\n|\n|-weather|RainDance|[upkeep]\n|-heal|p2a: Calyrex|72/100|[from] item: Leftovers\n|-damage|p1a: Incineroar|88/100|[from] Leech Seed|[of] p2a: Calyrex\n|-heal|p2a: Calyrex|85/100|[silent]\n|upkeep\n|turn|4\n|inactive|renlovgc has 30 seconds left.\n|inactive|Cello L. has 30 seconds left.\n|inactive|renlovgc has 20 seconds left.\n|inactive|Cello L. has 20 seconds left.\n|\n|t:|1774563205\n|switch|p1a: Kyogre|Kyogre, L50|100/100 slp\n|switch|p1b: Zamazenta|Zamazenta-Crowned, L50|100/100\n|-ability|p1b: Zamazenta|Dauntless Shield|boost\n|-boost|p1b: Zamazenta|def|1\n|move|p2b: Raging Bolt|Protect|p2b: Raging Bolt\n|-singleturn|p2b: Raging Bolt|Protect\n|move|p2a: Calyrex|Glacial Lance|p1b: Zamazenta|[spread] p1a,p1b\n|-resisted|p1a: Kyogre\n|-resisted|p1b: Zamazenta\n|-damage|p1a: Kyogre|87/100 slp\n|-damage|p1b: Zamazenta|95/100\n|\n|-weather|RainDance|[upkeep]\n|-heal|p2a: Calyrex|90/100|[from] item: Leftovers\n|upkeep\n|turn|5\n|inactive|renlovgc has 30 seconds left.\n|inactive|Cello L. has 30 seconds left.\n|\n|t:|1774563245\n|switch|p1a: Incineroar|Incineroar, L50, M|88/100\n|-ability|p1a: Incineroar|Intimidate|boost\n|-unboost|p2a: Calyrex|atk|1\n|-unboost|p2b: Raging Bolt|atk|1\n|move|p2a: Calyrex|Leech Seed|p1b: Zamazenta\n|-start|p1b: Zamazenta|move: Leech Seed\n|move|p2b: Raging Bolt|Thunderbolt|p1a: Incineroar\n|-damage|p1a: Incineroar|28/100\n|move|p1b: Zamazenta|Body Press|p2b: Raging Bolt\n|-damage|p2b: Raging Bolt|44/100\n|\n|-weather|none\n|-heal|p2a: Calyrex|96/100|[from] item: Leftovers\n|-damage|p1b: Zamazenta|83/100|[from] Leech Seed|[of] p2a: Calyrex\n|-heal|p2a: Calyrex|100/100|[silent]\n|upkeep\n|turn|6\n|inactive|renlovgc has 30 seconds left.\n|inactive|Cello L. has 30 seconds left.\n|inactive|renlovgc has 20 seconds left.\n|inactive|Cello L. has 20 seconds left.\n|inactive|renlovgc has 15 seconds left.\n|\n|t:|1774563287\n|move|p2a: Calyrex|Protect|p2a: Calyrex\n|-singleturn|p2a: Calyrex|Protect\n|move|p2b: Raging Bolt|Protect|p2b: Raging Bolt\n|-singleturn|p2b: Raging Bolt|Protect\n|move|p1a: Incineroar|Parting Shot|p1b: Zamazenta\n|-unboost|p1b: Zamazenta|atk|1\n|-unboost|p1b: Zamazenta|spa|1\n|\n|t:|1774563293\n|switch|p1a: Landorus|Landorus, L50, M, tera:Water|100/100|[from] Parting Shot\n|move|p1b: Zamazenta|Body Press|p2b: Raging Bolt\n|-activate|p2b: Raging Bolt|move: Protect\n|\n|-damage|p1b: Zamazenta|71/100|[from] Leech Seed|[of] p2a: Calyrex\n|-fieldend|move: Trick Room\n|upkeep\n|turn|7\n|inactive|renlovgc has 30 seconds left.\n|inactive|Cello L. has 30 seconds left.\n|inactive|Cello L. has 20 seconds left.\n|\n|t:|1774563331\n|move|p1a: Landorus|Protect|p1a: Landorus\n|-singleturn|p1a: Landorus|Protect\n|move|p2b: Raging Bolt|Thunderclap||[still]\n|-fail|p2b: Raging Bolt\n|move|p1b: Zamazenta|Body Press|p2b: Raging Bolt\n|-damage|p2b: Raging Bolt|0 fnt\n|faint|p2b: Raging Bolt\n|-end|p2b: Raging Bolt|Protosynthesis|[silent]\n|move|p2a: Calyrex|Glacial Lance|p1b: Zamazenta|[spread] p1b\n|-activate|p1a: Landorus|move: Protect\n|-resisted|p1b: Zamazenta\n|-damage|p1b: Zamazenta|66/100\n|\n|-damage|p1b: Zamazenta|53/100|[from] Leech Seed|[of] p2a: Calyrex\n|upkeep\n|\n|t:|1774563343\n|switch|p2b: Kyogre|Kyogre, L50|100/100\n|-weather|RainDance|[from] ability: Drizzle|[of] p2b: Kyogre\n|turn|8\n|\n|t:|1774563370\n|move|p2b: Kyogre|Protect|p2b: Kyogre\n|-singleturn|p2b: Kyogre|Protect\n|move|p1b: Zamazenta|Body Press|p2b: Kyogre\n|-activate|p2b: Kyogre|move: Protect\n|move|p1a: Landorus|Sandsear Storm|p2b: Kyogre|[spread] p2a\n|-activate|p2b: Kyogre|move: Protect\n|-damage|p2a: Calyrex|64/100\n|move|p2a: Calyrex|Trick Room|p2a: Calyrex\n|-fieldstart|move: Trick Room|[of] p2a: Calyrex\n|\n|-weather|RainDance|[upkeep]\n|-heal|p2a: Calyrex|70/100|[from] item: Leftovers\n|-damage|p1b: Zamazenta|41/100|[from] Leech Seed|[of] p2a: Calyrex\n|-heal|p2a: Calyrex|81/100|[silent]\n|upkeep\n|turn|9\n|inactive|renlovgc has 30 seconds left.\n|inactive|renlovgc has 20 seconds left.\n|inactive|renlovgc has 15 seconds left.\n|inactive|renlovgc has 10 seconds left.\n|\n|t:|1774563416\n|switch|p1b: Kyogre|Kyogre, L50|87/100 slp\n|move|p1a: Landorus|Protect|p1a: Landorus\n|-singleturn|p1a: Landorus|Protect\n|move|p2a: Calyrex|Glacial Lance|p1a: Landorus|[spread] p1b\n|-activate|p1a: Landorus|move: Protect\n|-resisted|p1b: Kyogre\n|-damage|p1b: Kyogre|77/100 slp\n|move|p2b: Kyogre|Water Spout|p1a: Landorus|[spread] p1b\n|-activate|p1a: Landorus|move: Protect\n|-resisted|p1b: Kyogre\n|-damage|p1b: Kyogre|50/100 slp\n|\n|-weather|RainDance|[upkeep]\n|-heal|p2a: Calyrex|86/100|[from] item: Leftovers\n|upkeep\n|turn|10\n|inactive|renlovgc has 30 seconds left.\n|inactive|Cello L. has 30 seconds left.\n|\n|t:|1774563448\n|move|p2a: Calyrex|Leech Seed|p1b: Kyogre\n|-start|p1b: Kyogre|move: Leech Seed\n|move|p1a: Landorus|Sandsear Storm|p2a: Calyrex|[spread] p2a,p2b\n|-damage|p2a: Calyrex|47/100\n|-damage|p2b: Kyogre|58/100\n|cant|p1b: Kyogre|slp\n|move|p2b: Kyogre|Water Spout|p1b: Kyogre|[spread] p1a,p1b\n|-resisted|p1a: Landorus\n|-resisted|p1b: Kyogre\n|-damage|p1a: Landorus|67/100\n|-damage|p1b: Kyogre|35/100 slp\n|\n|-weather|RainDance|[upkeep]\n|-heal|p2a: Calyrex|53/100|[from] item: Leftovers\n|-damage|p1b: Kyogre|23/100 slp|[from] Leech Seed|[of] p2a: Calyrex\n|-heal|p2a: Calyrex|65/100|[silent]\n|upkeep\n|turn|11\n|\n|t:|1774563468\n|move|p2b: Kyogre|Protect|p2b: Kyogre\n|-singleturn|p2b: Kyogre|Protect\n|move|p1a: Landorus|Sandsear Storm|p2a: Calyrex|[spread] p2a\n|-activate|p2b: Kyogre|move: Protect\n|-damage|p2a: Calyrex|30/100\n|cant|p1b: Kyogre|slp\n|move|p2a: Calyrex|Trick Room|p2a: Calyrex\n|-fieldend|move: Trick Room\n|\n|-weather|RainDance|[upkeep]\n|-heal|p2a: Calyrex|36/100|[from] item: Leftovers\n|-damage|p1b: Kyogre|11/100 slp|[from] Leech Seed|[of] p2a: Calyrex\n|-heal|p2a: Calyrex|48/100|[silent]\n|upkeep\n|turn|12\n|inactive|renlovgc has 30 seconds left.\n|inactive|Cello L. has 30 seconds left.\n|inactive|Cello L. has 20 seconds left.\n|inactive|Cello L. has 15 seconds left.\n|\n|t:|1774563512\n|move|p2b: Kyogre|Water Spout|p1b: Kyogre|[spread] p1a,p1b\n|-resisted|p1a: Landorus\n|-resisted|p1b: Kyogre\n|-damage|p1a: Landorus|36/100\n|-damage|p1b: Kyogre|0 fnt\n|faint|p1b: Kyogre\n|move|p1a: Landorus|Sandsear Storm|p2a: Calyrex|[spread] p2a,p2b\n|-damage|p2a: Calyrex|15/100\n|-damage|p2b: Kyogre|17/100\n|move|p2a: Calyrex|Trick Room|p2a: Calyrex\n|-fieldstart|move: Trick Room|[of] p2a: Calyrex\n|\n|-weather|none\n|-heal|p2a: Calyrex|20/100|[from] item: Leftovers\n|upkeep\n|\n|t:|1774563530\n|switch|p1b: Incineroar|Incineroar, L50, M|28/100\n|-ability|p1b: Incineroar|Intimidate|boost\n|-unboost|p2a: Calyrex|atk|1\n|-unboost|p2b: Kyogre|atk|1\n|turn|13\n|\n|t:|1774563553\n|move|p2b: Kyogre|Protect|p2b: Kyogre\n|-singleturn|p2b: Kyogre|Protect\n|move|p1b: Incineroar|Fake Out|p2a: Calyrex\n|-damage|p2a: Calyrex|15/100\n|cant|p2a: Calyrex|flinch\n|move|p1a: Landorus|Sandsear Storm|p2b: Kyogre|[spread] p2a\n|-activate|p2b: Kyogre|move: Protect\n|-damage|p2a: Calyrex|0 fnt\n|faint|p2a: Calyrex\n|\n|upkeep\n|turn|14\n|inactive|renlovgc has 30 seconds left.\n|inactive|Cello L. has 30 seconds left.\n|-message|Cello L. forfeited.\n|\n|win|renlovgc\n|raw|renlovgc's rating: 1540 &rarr; <strong>1566</strong><br />(+26 for winning)\n|raw|Cello L.'s rating: 1640 &rarr; <strong>1614</strong><br />(-26 for losing)\n|l|\u2606Cello L.\n|player|p2|\n|l|\u2606renlovgc\n|player|p1|\n","uploadtime":1774563746,"views":18,"formatid":"gen9vgc2026regi","rating":1566,"private":0,"password":null}