{"id":"gen9vgc2026regi-2557734982","format":"[Gen 9] VGC 2026 Reg I","players":["Mirthinion","oberonn"],"log":"|j|\u2606Mirthinion\n|j|\u2606oberonn\n|t:|1773352300\n|gametype|doubles\n|player|p1|Mirthinion|janitor|1137\n|player|p2|oberonn|dragontamer|1076\n|gen|9\n|tier|[Gen 9] VGC 2026 Reg I\n|rated|\n|rule|Species Clause: Limit one of each Pok\u00e9mon\n|rule|Item Clause: Limit 1 of each item\n|clearpoke\n|poke|p1|Calyrex-Ice, L50|\n|poke|p1|Miraidon, L50|\n|poke|p1|Grimmsnarl, L50, M|\n|poke|p1|Urshifu-*, L50, F|\n|poke|p1|Incineroar, L50, M|\n|poke|p1|Landorus, L50, M|\n|poke|p2|Kilowattrel, L50, F|\n|poke|p2|Indeedee, L50, M|\n|poke|p2|Calyrex-Shadow, L50|\n|poke|p2|Kyurem-Black, L50|\n|poke|p2|Revavroom, L50, M|\n|poke|p2|Chesnaught, L50, F|\n|teampreview|4\n|inactive|Battle timer is ON: inactive players will automatically lose when time's up. (requested by Mirthinion)\n|inactive|Mirthinion has 60 seconds left.\n|\n|t:|1773352336\n|teamsize|p1|4\n|teamsize|p2|4\n|start\n|switch|p1a: Grimmsnarl|Grimmsnarl, L50, M|100/100\n|switch|p1b: Calyrex|Calyrex-Ice, L50|100/100\n|switch|p2a: Indeedee|Indeedee, L50, M|100/100\n|switch|p2b: Kilowattrel|Kilowattrel, L50, F|100/100\n|-ability|p1b: Calyrex|As One\n|-ability|p1b: Calyrex|Unnerve\n|-fieldstart|move: Psychic Terrain|[from] ability: Psychic Surge|[of] p2a: Indeedee\n|turn|1\n|\n|t:|1773352349\n|move|p1a: Grimmsnarl|Light Screen|p1a: Grimmsnarl\n|-sidestart|p1: Mirthinion|move: Light Screen\n|move|p2b: Kilowattrel|Tailwind|p2b: Kilowattrel\n|-sidestart|p2: oberonn|move: Tailwind\n|move|p2a: Indeedee|Shadow Ball|p1b: Calyrex\n|-supereffective|p1b: Calyrex\n|-damage|p1b: Calyrex|79/100\n|move|p1b: Calyrex|Trick Room|p1b: Calyrex\n|-fieldstart|move: Trick Room|[of] p1b: Calyrex\n|\n|-heal|p1b: Calyrex|85/100|[from] item: Leftovers\n|upkeep\n|turn|2\n|\n|t:|1773352366\n|move|p1b: Calyrex|Glacial Lance|p2a: Indeedee|[spread] p2a,p2b\n|-supereffective|p2b: Kilowattrel\n|-damage|p2a: Indeedee|3/100\n|-enditem|p2b: Kilowattrel|Focus Sash\n|-damage|p2b: Kilowattrel|1/100\n|move|p1a: Grimmsnarl|Spirit Break|p2a: Indeedee\n|-damage|p2a: Indeedee|0 fnt\n|faint|p2a: Indeedee\n|move|p2b: Kilowattrel|Air Cutter|p1b: Calyrex|[spread] p1a,p1b\n|-damage|p1a: Grimmsnarl|89/100\n|-damage|p1b: Calyrex|75/100\n|\n|-heal|p1b: Calyrex|81/100|[from] item: Leftovers\n|upkeep\n|\n|t:|1773352377\n|switch|p2a: Chesnaught|Chesnaught, L50, F|100/100\n|turn|3\n|\n|t:|1773352386\n|-terastallize|p2a: Chesnaught|Steel\n|move|p1a: Grimmsnarl|Reflect|p1a: Grimmsnarl\n|-sidestart|p1: Mirthinion|Reflect\n|move|p1b: Calyrex|Leech Seed|p2b: Kilowattrel\n|-start|p2b: Kilowattrel|move: Leech Seed\n|move|p2a: Chesnaught|Iron Defense|p2a: Chesnaught\n|-boost|p2a: Chesnaught|def|2\n|move|p2b: Kilowattrel|Volt Switch|p1a: Grimmsnarl\n|-crit|p1a: Grimmsnarl\n|-damage|p1a: Grimmsnarl|48/100\n|\n|t:|1773352399\n|switch|p2b: Calyrex|Calyrex-Shadow, L50|100/100|[from] Volt Switch\n|-ability|p2b: Calyrex|As One\n|-ability|p2b: Calyrex|Unnerve\n|\n|-heal|p1b: Calyrex|87/100|[from] item: Leftovers\n|upkeep\n|turn|4\n|\n|t:|1773352416\n|switch|p2b: Kilowattrel|Kilowattrel, L50, F|1/100\n|-terastallize|p1b: Calyrex|Water\n|move|p1b: Calyrex|Leech Seed|p2a: Chesnaught\n|-start|p2a: Chesnaught|move: Leech Seed\n|move|p1a: Grimmsnarl|Spirit Break|p2b: Kilowattrel\n|-damage|p2b: Kilowattrel|0 fnt\n|faint|p2b: Kilowattrel\n|move|p2a: Chesnaught|Body Press|p1b: Calyrex\n|-damage|p1b: Calyrex|60/100\n|\n|-heal|p1b: Calyrex|66/100|[from] item: Leftovers\n|-damage|p2a: Chesnaught|88/100|[from] Leech Seed|[of] p1b: Calyrex\n|-heal|p1b: Calyrex|78/100|[silent]\n|-sideend|p2: oberonn|move: Tailwind\n|upkeep\n|\n|t:|1773352432\n|switch|p2b: Calyrex|Calyrex-Shadow, L50|100/100\n|-ability|p2b: Calyrex|As One\n|-ability|p2b: Calyrex|Unnerve\n|turn|5\n|\n|t:|1773352443\n|move|p1b: Calyrex|Leech Seed|p2b: Calyrex\n|-start|p2b: Calyrex|move: Leech Seed\n|move|p1a: Grimmsnarl|Spirit Break|p2b: Calyrex\n|-damage|p2b: Calyrex|61/100\n|-unboost|p2b: Calyrex|spa|1\n|move|p2a: Chesnaught|Body Press|p1a: Grimmsnarl\n|-damage|p1a: Grimmsnarl|1/100\n|move|p2b: Calyrex|Astral Barrage|p1b: Calyrex|[spread] p1a,p1b\n|-resisted|p1a: Grimmsnarl\n|-damage|p1a: Grimmsnarl|0 fnt\n|-damage|p1b: Calyrex|62/100\n|faint|p1a: Grimmsnarl\n|-ability|p2b: Calyrex|Grim Neigh|boost\n|-boost|p2b: Calyrex|spa|1\n|\n|-heal|p1b: Calyrex|68/100|[from] item: Leftovers\n|-damage|p2a: Chesnaught|76/100|[from] Leech Seed|[of] p1b: Calyrex\n|-heal|p1b: Calyrex|80/100|[silent]\n|-damage|p2b: Calyrex|49/100|[from] Leech Seed|[of] p1b: Calyrex\n|-heal|p1b: Calyrex|90/100|[silent]\n|-fieldend|move: Trick Room\n|upkeep\n|\n|t:|1773352468\n|switch|p1a: Landorus|Landorus, L50, M|100/100\n|turn|6\n|\n|t:|1773352474\n|move|p1a: Landorus|Protect|p1a: Landorus\n|-singleturn|p1a: Landorus|Protect\n|move|p2b: Calyrex|Astral Barrage|p1a: Landorus|[spread] p1b\n|-activate|p1a: Landorus|move: Protect\n|-damage|p1b: Calyrex|69/100\n|move|p2a: Chesnaught|Brick Break|p1b: Calyrex\n|-sideend|p1: Mirthinion|Reflect\n|-sideend|p1: Mirthinion|move: Light Screen\n|-damage|p1b: Calyrex|53/100\n|move|p1b: Calyrex|Glacial Lance|p2b: Calyrex|[spread] p2a,p2b\n|-resisted|p2a: Chesnaught\n|-damage|p2a: Chesnaught|65/100\n|-damage|p2b: Calyrex|0 fnt\n|faint|p2b: Calyrex\n|-ability|p1b: Calyrex|Chilling Neigh|boost\n|-boost|p1b: Calyrex|atk|1\n|\n|-heal|p1b: Calyrex|58/100|[from] item: Leftovers\n|-damage|p2a: Chesnaught|53/100|[from] Leech Seed|[of] p1b: Calyrex\n|-heal|p1b: Calyrex|70/100|[silent]\n|upkeep\n|turn|7\n|-message|oberonn forfeited.\n|\n|win|Mirthinion\n|raw|Mirthinion's rating: 1137 &rarr; <strong>1158</strong><br />(+21 for winning)\n|raw|oberonn's rating: 1076 &rarr; <strong>1058</strong><br />(-18 for losing)\n|l|\u2606oberonn\n|player|p2|\n","uploadtime":1773352499,"views":25,"formatid":"gen9vgc2026regi","rating":1058,"private":0,"password":null}