{"id":"gen9vgc2026regi-2547546384","format":"[Gen 9] VGC 2026 Reg I","players":["tdea","blackred123"],"log":"|j|\u2606tdea\n|j|\u2606blackred123\n|t:|1772106714\n|gametype|doubles\n|player|p1|tdea|veteran|1553\n|player|p2|blackred123|iono-masters|1482\n|gen|9\n|tier|[Gen 9] VGC 2026 Reg I\n|rated|\n|rule|Species Clause: Limit one of each Pok\u00e9mon\n|rule|Item Clause: Limit 1 of each item\n|clearpoke\n|poke|p1|Rillaboom, L50, F|\n|poke|p1|Calyrex-Shadow, L50|\n|poke|p1|Clefairy, L50, M|\n|poke|p1|Urshifu-*, L50, F|\n|poke|p1|Tornadus, L50, M|\n|poke|p1|Zamazenta-*, L50|\n|poke|p2|Calyrex-Shadow, L50|\n|poke|p2|Zamazenta-*, L50|\n|poke|p2|Incineroar, L50, F|\n|poke|p2|Rillaboom, L50, F|\n|poke|p2|Ogerpon-Cornerstone, L50, F|\n|poke|p2|Tornadus, L50, M|\n|teampreview|4\n|inactive|Battle timer is ON: inactive players will automatically lose when time's up. (requested by tdea)\n|inactive|blackred123 also wants the timer to be on.\n|\n|t:|1772106732\n|teamsize|p1|4\n|teamsize|p2|4\n|start\n|switch|p1a: Tornadus|Tornadus, L50, M|100/100\n|switch|p1b: Zamazenta|Zamazenta-Crowned, L50|100/100\n|switch|p2a: \u54c7\u8884\uff08\u72d7\u53eb\u58f0\uff09|Zamazenta-Crowned, L50|100/100\n|switch|p2b: \u90a3\u6211\u7f3a\u7684\u8425\u517b\u8fd9\u5757\u8c01\u7ed9\u6211\u8865\u554a\uff08\u6307\u8349\u573a\uff09|Rillaboom, L50, F|100/100\n|-ability|p1b: Zamazenta|Dauntless Shield|boost\n|-boost|p1b: Zamazenta|def|1\n|-ability|p2a: \u54c7\u8884\uff08\u72d7\u53eb\u58f0\uff09|Dauntless Shield|boost\n|-boost|p2a: \u54c7\u8884\uff08\u72d7\u53eb\u58f0\uff09|def|1\n|-fieldstart|move: Grassy Terrain|[from] ability: Grassy Surge|[of] p2b: \u90a3\u6211\u7f3a\u7684\u8425\u517b\u8fd9\u5757\u8c01\u7ed9\u6211\u8865\u554a\uff08\u6307\u8349\u573a\uff09\n|turn|1\n|\n|t:|1772106748\n|-terastallize|p2a: \u54c7\u8884\uff08\u72d7\u53eb\u58f0\uff09|Dragon\n|move|p1a: Tornadus|Protect|p1a: Tornadus\n|-singleturn|p1a: Tornadus|Protect\n|move|p1b: Zamazenta|Protect|p1b: Zamazenta\n|-singleturn|p1b: Zamazenta|Protect\n|move|p2b: \u90a3\u6211\u7f3a\u7684\u8425\u517b\u8fd9\u5757\u8c01\u7ed9\u6211\u8865\u554a\uff08\u6307\u8349\u573a\uff09|Fake Out|p1a: Tornadus\n|-activate|p1a: Tornadus|move: Protect\n|move|p2a: \u54c7\u8884\uff08\u72d7\u53eb\u58f0\uff09|Heavy Slam|p1a: Tornadus\n|-activate|p1a: Tornadus|move: Protect\n|\n|upkeep\n|turn|2\n|\n|t:|1772106759\n|move|p1a: Tornadus|Tailwind|p1a: Tornadus\n|-sidestart|p1: tdea|move: Tailwind\n|move|p1b: Zamazenta|Imprison|p1b: Zamazenta\n|-start|p1b: Zamazenta|move: Imprison\n|cant|p2a: \u54c7\u8884\uff08\u72d7\u53eb\u58f0\uff09|move: Imprison|Heavy Slam\n|move|p2b: \u90a3\u6211\u7f3a\u7684\u8425\u517b\u8fd9\u5757\u8c01\u7ed9\u6211\u8865\u554a\uff08\u6307\u8349\u573a\uff09|U-turn|p1a: Tornadus\n|-resisted|p1a: Tornadus\n|-damage|p1a: Tornadus|89/100\n|\n|t:|1772106769\n|switch|p2b: \u5636\u9a6c\u51a0\u54e5|Calyrex-Shadow, L50|100/100|[from] U-turn\n|-ability|p2b: \u5636\u9a6c\u51a0\u54e5|As One\n|-ability|p2b: \u5636\u9a6c\u51a0\u54e5|Unnerve\n|\n|upkeep\n|turn|3\n|\n|t:|1772106782\n|move|p2a: \u54c7\u8884\uff08\u72d7\u53eb\u58f0\uff09|Wide Guard|p2a: \u54c7\u8884\uff08\u72d7\u53eb\u58f0\uff09\n|-singleturn|p2a: \u54c7\u8884\uff08\u72d7\u53eb\u58f0\uff09|Wide Guard\n|move|p1b: Zamazenta|Heavy Slam|p2b: \u5636\u9a6c\u51a0\u54e5\n|-damage|p2b: \u5636\u9a6c\u51a0\u54e5|45/100\n|move|p1a: Tornadus|Bleakwind Storm|p2b: \u5636\u9a6c\u51a0\u54e5|[spread] \n|-activate|p2a: \u54c7\u8884\uff08\u72d7\u53eb\u58f0\uff09|move: Wide Guard\n|-activate|p2b: \u5636\u9a6c\u51a0\u54e5|move: Wide Guard\n|move|p2b: \u5636\u9a6c\u51a0\u54e5|Astral Barrage|p1b: Zamazenta|[spread] p1a,p1b\n|-crit|p1b: Zamazenta\n|-damage|p1a: Tornadus|22/100\n|-damage|p1b: Zamazenta|37/100\n|\n|-heal|p1b: Zamazenta|43/100|[from] Grassy Terrain\n|-heal|p2b: \u5636\u9a6c\u51a0\u54e5|51/100|[from] Grassy Terrain\n|upkeep\n|turn|4\n|\n|t:|1772106802\n|switch|p1a: Clefairy|Clefairy, L50, M|100/100\n|switch|p2b: \u68cd\u7236|Tornadus, L50, M|100/100\n|move|p2a: \u54c7\u8884\uff08\u72d7\u53eb\u58f0\uff09|Wide Guard|p2a: \u54c7\u8884\uff08\u72d7\u53eb\u58f0\uff09\n|-singleturn|p2a: \u54c7\u8884\uff08\u72d7\u53eb\u58f0\uff09|Wide Guard\n|move|p1b: Zamazenta|Heavy Slam|p2b: \u68cd\u7236\n|-damage|p2b: \u68cd\u7236|51/100\n|\n|-heal|p1b: Zamazenta|49/100|[from] Grassy Terrain\n|upkeep\n|turn|5\n|\n|t:|1772106818\n|switch|p1a: Tornadus|Tornadus, L50, M|22/100\n|move|p2a: \u54c7\u8884\uff08\u72d7\u53eb\u58f0\uff09|Wide Guard|p2a: \u54c7\u8884\uff08\u72d7\u53eb\u58f0\uff09\n|-singleturn|p2a: \u54c7\u8884\uff08\u72d7\u53eb\u58f0\uff09|Wide Guard\n|move|p2b: \u68cd\u7236|Tailwind|p2b: \u68cd\u7236\n|-sidestart|p2: blackred123|move: Tailwind\n|move|p1b: Zamazenta|Heavy Slam|p2b: \u68cd\u7236\n|-damage|p2b: \u68cd\u7236|0 fnt\n|faint|p2b: \u68cd\u7236\n|\n|-heal|p1b: Zamazenta|54/100|[from] Grassy Terrain\n|-sideend|p1: tdea|move: Tailwind\n|-fieldend|move: Grassy Terrain\n|upkeep\n|\n|t:|1772106829\n|switch|p2b: \u5636\u9a6c\u51a0\u54e5|Calyrex-Shadow, L50|51/100\n|-ability|p2b: \u5636\u9a6c\u51a0\u54e5|As One\n|-ability|p2b: \u5636\u9a6c\u51a0\u54e5|Unnerve\n|turn|6\n|inactive|tdea has 30 seconds left.\n|inactive|blackred123 has 30 seconds left.\n|\n|t:|1772106862\n|switch|p1a: Clefairy|Clefairy, L50, M|100/100\n|move|p2a: \u54c7\u8884\uff08\u72d7\u53eb\u58f0\uff09|Wide Guard|p2a: \u54c7\u8884\uff08\u72d7\u53eb\u58f0\uff09\n|-singleturn|p2a: \u54c7\u8884\uff08\u72d7\u53eb\u58f0\uff09|Wide Guard\n|move|p2b: \u5636\u9a6c\u51a0\u54e5|Astral Barrage|p1b: Zamazenta|[spread] p1a,p1b\n|-damage|p1a: Clefairy|46/100\n|-damage|p1b: Zamazenta|20/100\n|move|p1b: Zamazenta|Heavy Slam|p2b: \u5636\u9a6c\u51a0\u54e5\n|-damage|p2b: \u5636\u9a6c\u51a0\u54e5|0 fnt\n|faint|p2b: \u5636\u9a6c\u51a0\u54e5\n|\n|upkeep\n|\n|t:|1772106872\n|switch|p2b: \u90a3\u6211\u7f3a\u7684\u8425\u517b\u8fd9\u5757\u8c01\u7ed9\u6211\u8865\u554a\uff08\u6307\u8349\u573a\uff09|Rillaboom, L50, F|100/100\n|-fieldstart|move: Grassy Terrain|[from] ability: Grassy Surge|[of] p2b: \u90a3\u6211\u7f3a\u7684\u8425\u517b\u8fd9\u5757\u8c01\u7ed9\u6211\u8865\u554a\uff08\u6307\u8349\u573a\uff09\n|turn|7\n|\n|t:|1772106879\n|move|p1b: Zamazenta|Protect|p1b: Zamazenta\n|-singleturn|p1b: Zamazenta|Protect\n|move|p1a: Clefairy|Protect|p1a: Clefairy\n|-singleturn|p1a: Clefairy|Protect\n|move|p2a: \u54c7\u8884\uff08\u72d7\u53eb\u58f0\uff09|Wide Guard|p2a: \u54c7\u8884\uff08\u72d7\u53eb\u58f0\uff09\n|-singleturn|p2a: \u54c7\u8884\uff08\u72d7\u53eb\u58f0\uff09|Wide Guard\n|move|p2b: \u90a3\u6211\u7f3a\u7684\u8425\u517b\u8fd9\u5757\u8c01\u7ed9\u6211\u8865\u554a\uff08\u6307\u8349\u573a\uff09|Wood Hammer|p1b: Zamazenta\n|-activate|p1b: Zamazenta|move: Protect\n|\n|-heal|p1b: Zamazenta|26/100|[from] Grassy Terrain\n|-heal|p1a: Clefairy|52/100|[from] Grassy Terrain\n|upkeep\n|turn|8\n|\n|t:|1772106894\n|-terastallize|p1a: Clefairy|Grass\n|move|p2a: \u54c7\u8884\uff08\u72d7\u53eb\u58f0\uff09|Wide Guard|p2a: \u54c7\u8884\uff08\u72d7\u53eb\u58f0\uff09\n|-singleturn|p2a: \u54c7\u8884\uff08\u72d7\u53eb\u58f0\uff09|Wide Guard\n|move|p1a: Clefairy|Follow Me|p1a: Clefairy\n|-singleturn|p1a: Clefairy|move: Follow Me\n|move|p2b: \u90a3\u6211\u7f3a\u7684\u8425\u517b\u8fd9\u5757\u8c01\u7ed9\u6211\u8865\u554a\uff08\u6307\u8349\u573a\uff09|Wood Hammer|p1a: Clefairy\n|-resisted|p1a: Clefairy\n|-damage|p1a: Clefairy|21/100\n|-damage|p2b: \u90a3\u6211\u7f3a\u7684\u8425\u517b\u8fd9\u5757\u8c01\u7ed9\u6211\u8865\u554a\uff08\u6307\u8349\u573a\uff09|92/100|[from] Recoil\n|move|p1b: Zamazenta|Body Press|p2b: \u90a3\u6211\u7f3a\u7684\u8425\u517b\u8fd9\u5757\u8c01\u7ed9\u6211\u8865\u554a\uff08\u6307\u8349\u573a\uff09\n|-damage|p2b: \u90a3\u6211\u7f3a\u7684\u8425\u517b\u8fd9\u5757\u8c01\u7ed9\u6211\u8865\u554a\uff08\u6307\u8349\u573a\uff09|27/100\n|\n|-heal|p2b: \u90a3\u6211\u7f3a\u7684\u8425\u517b\u8fd9\u5757\u8c01\u7ed9\u6211\u8865\u554a\uff08\u6307\u8349\u573a\uff09|33/100|[from] Grassy Terrain\n|-heal|p1b: Zamazenta|32/100|[from] Grassy Terrain\n|-heal|p1a: Clefairy|28/100|[from] Grassy Terrain\n|-sideend|p2: blackred123|move: Tailwind\n|upkeep\n|turn|9\n|-message|blackred123 forfeited.\n|\n|win|tdea\n|raw|tdea's rating: 1553 &rarr; <strong>1569</strong><br />(+16 for winning)\n|raw|blackred123's rating: 1482 &rarr; <strong>1466</strong><br />(-16 for losing)\n|l|\u2606blackred123\n|player|p2|\n|l|\u2606tdea\n|player|p1|\n","uploadtime":1772107123,"views":23,"formatid":"gen9vgc2026regi","rating":1466,"private":0,"password":null}