{"id":"gen9vgc2026regi-2565238040","format":"[Gen 9] VGC 2026 Reg I","players":["speedyturtle87","ScribbleScribble"],"log":"|j|\u2606speedyturtle87\n|j|\u2606ScribbleScribble\n|t:|1774249449\n|gametype|doubles\n|player|p1|speedyturtle87|canari|1417\n|player|p2|ScribbleScribble|mina-lgpe|1573\n|gen|9\n|tier|[Gen 9] VGC 2026 Reg I\n|rated|\n|rule|Species Clause: Limit one of each Pok\u00e9mon\n|rule|Item Clause: Limit 1 of each item\n|clearpoke\n|poke|p1|Landorus, L50, M|\n|poke|p1|Tornadus, L50, M|\n|poke|p1|Koraidon, L50|\n|poke|p1|Calyrex-Ice, L50|\n|poke|p1|Kingambit, L50, F|\n|poke|p1|Flutter Mane, L50|\n|poke|p2|Calyrex-Ice, L50|\n|poke|p2|Kyogre, L50|\n|poke|p2|Tornadus, L50, M|\n|poke|p2|Indeedee-F, L50, F|\n|poke|p2|Urshifu-*, L50, F|\n|poke|p2|Landorus, L50, M|\n|teampreview|4\n|inactive|Battle timer is ON: inactive players will automatically lose when time's up. (requested by ScribbleScribble)\n|inactive|speedyturtle87 also wants the timer to be on.\n|inactive|speedyturtle87 has 60 seconds left.\n|\n|t:|1774249485\n|teamsize|p1|4\n|teamsize|p2|4\n|start\n|switch|p1a: Tornadus|Tornadus, L50, M|100/100\n|switch|p1b: Kingambit|Kingambit, L50, F|100/100\n|switch|p2a: Calyrex|Calyrex-Ice, L50|100/100\n|switch|p2b: Landorus|Landorus, L50, M|100/100\n|-ability|p2a: Calyrex|As One\n|-ability|p2a: Calyrex|Unnerve\n|turn|1\n|\n|t:|1774249508\n|move|p1b: Kingambit|Protect|p1b: Kingambit\n|-singleturn|p1b: Kingambit|Protect\n|move|p1a: Tornadus|Bleakwind Storm|p2b: Landorus|[spread] p2b\n|-miss|p1a: Tornadus|p2a: Calyrex\n|-damage|p2b: Landorus|52/100\n|move|p2b: Landorus|Earth Power|p1b: Kingambit\n|-activate|p1b: Kingambit|move: Protect\n|move|p2a: Calyrex|Glacial Lance|p1a: Tornadus|[spread] p1a\n|-activate|p1b: Kingambit|move: Protect\n|-supereffective|p1a: Tornadus\n|-enditem|p1a: Tornadus|Focus Sash\n|-damage|p1a: Tornadus|1/100\n|\n|upkeep\n|turn|2\n|\n|t:|1774249522\n|switch|p2b: Tornadus|Tornadus, L50, M|100/100\n|-terastallize|p2a: Calyrex|Grass\n|move|p1b: Kingambit|Sucker Punch||[still]\n|-fail|p1b: Kingambit\n|move|p1a: Tornadus|Bleakwind Storm|p2b: Tornadus|[spread] p2a,p2b\n|-supereffective|p2a: Calyrex\n|-damage|p2a: Calyrex|43/100\n|-damage|p2b: Tornadus|46/100\n|-unboost|p2b: Tornadus|spe|1\n|move|p2a: Calyrex|Glacial Lance|p1a: Tornadus|[spread] p1a,p1b\n|-supereffective|p1a: Tornadus\n|-resisted|p1b: Kingambit\n|-damage|p1a: Tornadus|0 fnt\n|-damage|p1b: Kingambit|81/100\n|faint|p1a: Tornadus\n|-ability|p2a: Calyrex|Chilling Neigh|boost\n|-boost|p2a: Calyrex|atk|1\n|\n|upkeep\n|\n|t:|1774249529\n|switch|p1a: Koraidon|Koraidon, L50|100/100\n|-weather|SunnyDay|[from] ability: Orichalcum Pulse|[of] p1a: Koraidon\n|-activate|p1a: Koraidon|Orichalcum Pulse|[source]\n|turn|3\n|inactive|ScribbleScribble has 30 seconds left.\n|\n|t:|1774249562\n|-terastallize|p1a: Koraidon|Fire\n|move|p2b: Tornadus|Tailwind|p2b: Tornadus\n|-sidestart|p2: ScribbleScribble|move: Tailwind\n|move|p2a: Calyrex|Glacial Lance|p1a: Koraidon|[spread] p1a,p1b\n|-resisted|p1a: Koraidon\n|-crit|p1a: Koraidon\n|-resisted|p1b: Kingambit\n|-damage|p1a: Koraidon|55/100\n|-damage|p1b: Kingambit|51/100\n|move|p1a: Koraidon|Flame Charge|p2a: Calyrex\n|-supereffective|p2a: Calyrex\n|-damage|p2a: Calyrex|0 fnt\n|-boost|p1a: Koraidon|spe|1\n|faint|p2a: Calyrex\n|move|p1b: Kingambit|Kowtow Cleave|p2b: Tornadus\n|-damage|p2b: Tornadus|0 fnt\n|faint|p2b: Tornadus\n|\n|-weather|SunnyDay|[upkeep]\n|upkeep\n|\n|t:|1774249564\n|switch|p2b: Kyogre|Kyogre, L50|100/100\n|switch|p2a: Landorus|Landorus, L50, M|52/100\n|-weather|RainDance|[from] ability: Drizzle|[of] p2b: Kyogre\n|turn|4\n|inactive|speedyturtle87 has 30 seconds left.\n|\n|t:|1774249594\n|switch|p1a: Calyrex|Calyrex-Ice, L50|100/100\n|-ability|p1a: Calyrex|As One\n|-ability|p1a: Calyrex|Unnerve\n|move|p1b: Kingambit|Sucker Punch|p2a: Landorus\n|-damage|p2a: Landorus|15/100\n|move|p2b: Kyogre|Water Spout|p1a: Calyrex|[spread] p1a,p1b\n|-damage|p1a: Calyrex|29/100\n|-damage|p1b: Kingambit|0 fnt\n|faint|p1b: Kingambit\n|move|p2a: Landorus|Sandsear Storm|p1a: Calyrex\n|-damage|p1a: Calyrex|0 fnt\n|faint|p1a: Calyrex\n|\n|-weather|RainDance|[upkeep]\n|upkeep\n|\n|t:|1774249596\n|switch|p1b: Koraidon|Koraidon, L50, tera:Fire|55/100\n|-weather|SunnyDay|[from] ability: Orichalcum Pulse|[of] p1b: Koraidon\n|-activate|p1b: Koraidon|Orichalcum Pulse|[source]\n|turn|5\n|\n|t:|1774249605\n|move|p1b: Koraidon|Protect|p1b: Koraidon\n|-singleturn|p1b: Koraidon|Protect\n|move|p2b: Kyogre|Water Spout|p1b: Koraidon\n|-activate|p1b: Koraidon|move: Protect\n|move|p2a: Landorus|Earth Power|p1b: Koraidon\n|-activate|p1b: Koraidon|move: Protect\n|\n|-weather|SunnyDay|[upkeep]\n|upkeep\n|turn|6\n|\n|t:|1774249608\n|move|p1b: Koraidon|Protect||[still]\n|-fail|p1b: Koraidon\n|move|p2b: Kyogre|Water Spout|p1b: Koraidon\n|-supereffective|p1b: Koraidon\n|-damage|p1b: Koraidon|0 fnt\n|faint|p1b: Koraidon\n|\n|win|ScribbleScribble\n|raw|speedyturtle87's rating: 1417 &rarr; <strong>1405</strong><br />(-12 for losing)\n|raw|ScribbleScribble's rating: 1573 &rarr; <strong>1585</strong><br />(+12 for winning)\n|c|\u2606speedyturtle87|ggwp\n|l|\u2606speedyturtle87\n|player|p1|\n|l|\u2606ScribbleScribble\n|player|p2|\n","uploadtime":1774249805,"views":12,"formatid":"gen9vgc2026regi","rating":1405,"private":0,"password":null}