{"id":"gen9vgc2026regi-2561759594","format":"[Gen 9] VGC 2026 Reg I","players":["Jonen","ArtianoV."],"log":"|j|\u2606Jonen\n|j|\u2606ArtianoV.\n|t:|1773840992\n|gametype|doubles\n|player|p1|Jonen|hiker-gen4|1320\n|player|p2|ArtianoV.|dahlia|1382\n|gen|9\n|tier|[Gen 9] VGC 2026 Reg I\n|rated|\n|rule|Species Clause: Limit one of each Pok\u00e9mon\n|rule|Item Clause: Limit 1 of each item\n|clearpoke\n|poke|p1|Groudon, L50|\n|poke|p1|Lunala, L50|\n|poke|p1|Sableye, L50, M|\n|poke|p1|Chi-Yu, L50|\n|poke|p1|Rillaboom, L50, M|\n|poke|p1|Jumpluff, L50, F|\n|poke|p2|Kyogre, L50|\n|poke|p2|Lunala, L50|\n|poke|p2|Tornadus, L50, M|\n|poke|p2|Incineroar, L50, F|\n|poke|p2|Ursaluna, L50, F|\n|poke|p2|Archaludon, L50, F|\n|teampreview|4\n|inactive|Battle timer is ON: inactive players will automatically lose when time's up. (requested by ArtianoV.)\n|\n|t:|1773841030\n|teamsize|p1|4\n|teamsize|p2|4\n|start\n|switch|p1a: Lunala|Lunala, L50|100/100\n|switch|p1b: Sableye|Sableye, L50, M|100/100\n|switch|p2a: Lunala|Lunala, L50|100/100\n|switch|p2b: Incineroar|Incineroar, L50, F|100/100\n|-ability|p2b: Incineroar|Intimidate|boost\n|-unboost|p1a: Lunala|atk|1\n|-unboost|p1b: Sableye|atk|1\n|turn|1\n|\n|t:|1773841064\n|-terastallize|p2a: Lunala|Water\n|move|p1b: Sableye|Gravity|p1b: Sableye\n|-fieldstart|move: Gravity\n|move|p1a: Lunala|Hypnosis|p2b: Incineroar\n|-status|p2b: Incineroar|slp|[from] move: Hypnosis\n|move|p2a: Lunala|Meteor Beam||[still]\n|-prepare|p2a: Lunala|Meteor Beam\n|-boost|p2a: Lunala|spa|1\n|-enditem|p2a: Lunala|Power Herb\n|-anim|p2a: Lunala|Meteor Beam|p1a: Lunala\n|-damage|p1a: Lunala|70/100\n|cant|p2b: Incineroar|slp\n|\n|upkeep\n|turn|2\n|inactive|Jonen has 30 seconds left.\n|\n|t:|1773841091\n|-terastallize|p1a: Lunala|Fairy\n|move|p1a: Lunala|Meteor Beam||[still]\n|-prepare|p1a: Lunala|Meteor Beam\n|-boost|p1a: Lunala|spa|1\n|-enditem|p1a: Lunala|Power Herb\n|-anim|p1a: Lunala|Meteor Beam|p2b: Incineroar\n|-supereffective|p2b: Incineroar\n|-damage|p2b: Incineroar|0 fnt\n|faint|p2b: Incineroar\n|move|p2a: Lunala|Moongeist Beam|p1a: Lunala\n|-damage|p1a: Lunala|0 fnt\n|faint|p1a: Lunala\n|move|p1b: Sableye|Foul Play|p2a: Lunala\n|-damage|p2a: Lunala|90/100\n|\n|upkeep\n|\n|t:|1773841101\n|switch|p1a: Groudon|Groudon, L50|100/100\n|switch|p2b: Ursaluna|Ursaluna, L50, F|100/100\n|-weather|SunnyDay|[from] ability: Drought|[of] p1a: Groudon\n|turn|3\n|\n|t:|1773841115\n|move|p2b: Ursaluna|Protect|p2b: Ursaluna\n|-singleturn|p2b: Ursaluna|Protect\n|move|p1a: Groudon|High Horsepower|p2a: Lunala\n|-damage|p2a: Lunala|25/100\n|-damage|p1a: Groudon|91/100|[from] item: Life Orb\n|move|p1b: Sableye|Foul Play|p2b: Ursaluna\n|-activate|p2b: Ursaluna|move: Protect\n|move|p2a: Lunala|Trick Room|p2a: Lunala\n|-fieldstart|move: Trick Room|[of] p2a: Lunala\n|\n|-weather|SunnyDay|[upkeep]\n|-status|p2b: Ursaluna|brn|[from] item: Flame Orb\n|upkeep\n|turn|4\n|\n|t:|1773841137\n|move|p1a: Groudon|Protect|p1a: Groudon\n|-singleturn|p1a: Groudon|Protect\n|move|p2b: Ursaluna|Facade|p1a: Groudon\n|-activate|p1a: Groudon|move: Protect\n|move|p1b: Sableye|Foul Play|p2b: Ursaluna\n|-damage|p2b: Ursaluna|58/100 brn\n|move|p2a: Lunala|Moongeist Beam|p1b: Sableye\n|-enditem|p1b: Sableye|Focus Sash\n|-damage|p1b: Sableye|1/100\n|\n|-weather|SunnyDay|[upkeep]\n|-damage|p2b: Ursaluna|52/100 brn|[from] brn\n|upkeep\n|turn|5\n|inactive|ArtianoV. has 30 seconds left.\n|\n|t:|1773841164\n|move|p1b: Sableye|Quash|p2b: Ursaluna\n|-activate|p2b: Ursaluna|move: Quash\n|move|p2a: Lunala|Moongeist Beam|p1a: Groudon\n|-damage|p1a: Groudon|0 fnt\n|faint|p1a: Groudon\n|move|p2b: Ursaluna|Facade|p1b: Sableye\n|-immune|p1b: Sableye\n|\n|-weather|SunnyDay|[upkeep]\n|-damage|p2b: Ursaluna|46/100 brn|[from] brn\n|-fieldend|move: Gravity\n|upkeep\n|\n|t:|1773841173\n|switch|p1a: Chi-Yu|Chi-Yu, L50|100/100\n|-ability|p1a: Chi-Yu|Beads of Ruin\n|turn|6\n|\n|t:|1773841182\n|move|p1b: Sableye|Quash|p2b: Ursaluna\n|-activate|p2b: Ursaluna|move: Quash\n|move|p2a: Lunala|Moongeist Beam|p1b: Sableye\n|-damage|p1b: Sableye|0 fnt\n|faint|p1b: Sableye\n|move|p1a: Chi-Yu|Heat Wave|p2a: Lunala|[spread] p2a,p2b\n|-resisted|p2a: Lunala\n|-crit|p2b: Ursaluna\n|-damage|p2a: Lunala|0 fnt\n|-damage|p2b: Ursaluna|0 fnt\n|faint|p2a: Lunala\n|faint|p2b: Ursaluna\n|\n|-weather|SunnyDay|[upkeep]\n|upkeep\n|\n|t:|1773841186\n|switch|p2b: Kyogre|Kyogre, L50|100/100\n|-weather|RainDance|[from] ability: Drizzle|[of] p2b: Kyogre\n|turn|7\n|\n|t:|1773841190\n|move|p2b: Kyogre|Water Spout|p1a: Chi-Yu\n|-supereffective|p1a: Chi-Yu\n|-damage|p1a: Chi-Yu|0 fnt\n|faint|p1a: Chi-Yu\n|\n|win|ArtianoV.\n|raw|Jonen's rating: 1320 &rarr; <strong>1304</strong><br />(-16 for losing)\n|raw|ArtianoV.'s rating: 1382 &rarr; <strong>1398</strong><br />(+16 for winning)\n","uploadtime":1773841191,"views":10,"formatid":"gen9vgc2026regi","rating":1304,"private":0,"password":null}