{"id":"gen9vgc2026regi-2524207596","format":"[Gen 9] VGC 2026 Reg I","players":["lior97h","marcxhenry"],"log":"|j|\u2606lior97h\n|j|\u2606marcxhenry\n|t:|1769118047\n|gametype|doubles\n|player|p1|lior97h|lucas|1250\n|player|p2|marcxhenry|hilbert-wonderlauncher|1425\n|gen|9\n|tier|[Gen 9] VGC 2026 Reg I\n|rated|\n|rule|Species Clause: Limit one of each Pok\u00e9mon\n|rule|Item Clause: Limit 1 of each item\n|clearpoke\n|poke|p1|Zamazenta-*, L50|\n|poke|p1|Gengar, L50, M|\n|poke|p1|Whimsicott, L50, F|\n|poke|p1|Calyrex-Shadow, L50|\n|poke|p1|Sableye, L50, M|\n|poke|p1|Oranguru, L50, M|\n|poke|p2|Calyrex-Shadow, L50|\n|poke|p2|Urshifu-*, L50, M|\n|poke|p2|Roaring Moon, L50|\n|poke|p2|Kyogre, L50|\n|poke|p2|Tsareena, L50, F|\n|poke|p2|Kingambit, L50, M|\n|teampreview|4\n|inactive|Battle timer is ON: inactive players will automatically lose when time's up. (requested by lior97h)\n|\n|t:|1769118071\n|teamsize|p1|4\n|teamsize|p2|4\n|start\n|switch|p1a: Whimsicott|Whimsicott, L50, F|100/100\n|switch|p1b: Gengar|Gengar, L50, M|100/100\n|switch|p2a: Ludwig|Calyrex-Shadow, L50|100/100\n|switch|p2b: Roter Baron|Roaring Moon, L50, shiny|100/100\n|-ability|p2a: Ludwig|As One\n|-ability|p2a: Ludwig|Unnerve\n|-enditem|p2b: Roter Baron|Booster Energy\n|-activate|p2b: Roter Baron|ability: Protosynthesis|[fromitem]\n|-start|p2b: Roter Baron|protosynthesisspe\n|turn|1\n|\n|t:|1769118088\n|-terastallize|p2a: Ludwig|Normal\n|move|p1b: Gengar|Protect|p1b: Gengar\n|-singleturn|p1b: Gengar|Protect\n|move|p2b: Roter Baron|Acrobatics|p1a: Whimsicott\n|-supereffective|p1a: Whimsicott\n|-enditem|p1a: Whimsicott|Focus Sash\n|-damage|p1a: Whimsicott|1/100\n|move|p1a: Whimsicott|Moonblast|p2b: Roter Baron\n|-supereffective|p2b: Roter Baron\n|-damage|p2b: Roter Baron|12/100\n|move|p2a: Ludwig|Trick Room|p2a: Ludwig\n|-fieldstart|move: Trick Room|[of] p2a: Ludwig\n|\n|upkeep\n|turn|2\n|inactive|lior97h has 30 seconds left.\n|inactive|lior97h has 20 seconds left.\n|inactive|lior97h has 15 seconds left.\n|inactive|lior97h has 10 seconds left.\n|inactive|lior97h has 5 seconds left.\n|\n|t:|1769118143\n|-end|p2b: Roter Baron|Protosynthesis|[silent]\n|switch|p2b: Eva|Tsareena, L50, F, shiny|100/100\n|move|p1b: Gengar|Sludge Bomb|p2a: Ludwig\n|-damage|p2a: Ludwig|54/100\n|move|p1a: Whimsicott|Moonblast|p2b: Eva\n|-damage|p2b: Eva|71/100\n|move|p2a: Ludwig|Astral Barrage|p1b: Gengar|[spread] p1a,p1b\n|-supereffective|p1b: Gengar\n|-damage|p1a: Whimsicott|0 fnt\n|-damage|p1b: Gengar|0 fnt\n|faint|p1a: Whimsicott\n|faint|p1b: Gengar\n|-ability|p2a: Ludwig|Grim Neigh|boost\n|-boost|p2a: Ludwig|spa|2\n|\n|upkeep\n|\n|t:|1769118160\n|switch|p1b: Zamazenta|Zamazenta-Crowned, L50|100/100\n|switch|p1a: Calyrex|Calyrex-Shadow, L50|100/100\n|-ability|p1a: Calyrex|As One\n|-ability|p1a: Calyrex|Unnerve\n|-ability|p1b: Zamazenta|Dauntless Shield|boost\n|-boost|p1b: Zamazenta|def|1\n|turn|3\n|\n|t:|1769118174\n|-terastallize|p1a: Calyrex|Dark\n|move|p2a: Ludwig|Protect|p2a: Ludwig\n|-singleturn|p2a: Ludwig|Protect\n|move|p2b: Eva|Taunt|p1b: Zamazenta\n|-start|p1b: Zamazenta|move: Taunt\n|move|p1b: Zamazenta|Body Press|p2a: Ludwig\n|-activate|p2a: Ludwig|move: Protect\n|move|p1a: Calyrex|Astral Barrage|p2a: Ludwig|[spread] p2b\n|-activate|p2a: Ludwig|move: Protect\n|-damage|p2b: Eva|10/100\n|\n|upkeep\n|turn|4\n|\n|t:|1769118195\n|switch|p2a: Roter Baron|Roaring Moon, L50, shiny|12/100\n|move|p2b: Eva|Power Whip|p1a: Calyrex\n|-damage|p1a: Calyrex|16/100\n|move|p1b: Zamazenta|Body Press|p2a: Roter Baron\n|-supereffective|p2a: Roter Baron\n|-damage|p2a: Roter Baron|0 fnt\n|faint|p2a: Roter Baron\n|-end|p2a: Roter Baron|Protosynthesis|[silent]\n|move|p1a: Calyrex|Astral Barrage|p2b: Eva\n|-damage|p2b: Eva|0 fnt\n|faint|p2b: Eva\n|-ability|p1a: Calyrex|Grim Neigh|boost\n|-boost|p1a: Calyrex|spa|1\n|\n|upkeep\n|\n|t:|1769118210\n|switch|p2b: Ludwig|Calyrex-Shadow, L50, tera:Normal|54/100\n|switch|p2a: Tripitz|Kyogre, L50, shiny|100/100\n|-ability|p2b: Ludwig|As One\n|-ability|p2b: Ludwig|Unnerve\n|-weather|RainDance|[from] ability: Drizzle|[of] p2a: Tripitz\n|turn|5\n|\n|t:|1769118222\n|move|p2b: Ludwig|Protect|p2b: Ludwig\n|-singleturn|p2b: Ludwig|Protect\n|move|p2a: Tripitz|Water Spout|p1a: Calyrex|[spread] p1a,p1b\n|-crit|p1a: Calyrex\n|-damage|p1a: Calyrex|0 fnt\n|-damage|p1b: Zamazenta|6/100\n|faint|p1a: Calyrex\n|move|p1b: Zamazenta|Body Press|p2b: Ludwig\n|-activate|p2b: Ludwig|move: Protect\n|\n|-weather|RainDance|[upkeep]\n|-end|p1b: Zamazenta|move: Taunt\n|-fieldend|move: Trick Room\n|upkeep\n|turn|6\n|-message|lior97h forfeited.\n|\n|win|marcxhenry\n|raw|lior97h's rating: 1250 &rarr; <strong>1237</strong><br />(-13 for losing)\n|raw|marcxhenry's rating: 1425 &rarr; <strong>1436</strong><br />(+11 for winning)\n|l|\u2606lior97h\n|player|p1|\n|l|\u2606marcxhenry\n|player|p2|\n","uploadtime":1769118456,"views":12,"formatid":"gen9vgc2026regi","rating":1237,"private":0,"password":null}