{"id":"gen9vgc2026regi-2531003682","format":"[Gen 9] VGC 2026 Reg I","players":["ky123456","mnmnmn987"],"log":"|j|\u2606ky123456\n|j|\u2606mnmnmn987\n|t:|1769998031\n|gametype|doubles\n|player|p1|ky123456|cynthia-gen4|1381\n|player|p2|mnmnmn987|1|1257\n|gen|9\n|tier|[Gen 9] VGC 2026 Reg I\n|rated|\n|rule|Species Clause: Limit one of each Pok\u00e9mon\n|rule|Item Clause: Limit 1 of each item\n|clearpoke\n|poke|p1|Lunala, L50|\n|poke|p1|Torkoal, L50, M|\n|poke|p1|Urshifu-*, L50, M|\n|poke|p1|Indeedee-F, L50, F|\n|poke|p1|Calyrex-Ice, L50|\n|poke|p1|Smeargle, L50, M|\n|poke|p2|Miraidon, L50|\n|poke|p2|Landorus-Therian, L50, M|\n|poke|p2|Zamazenta-*, L50|\n|poke|p2|Farigiraf, L50, F|\n|poke|p2|Chi-Yu, L50|\n|poke|p2|Iron Bundle, L50|\n|teampreview|4\n|inactive|Battle timer is ON: inactive players will automatically lose when time's up. (requested by mnmnmn987)\n|\n|t:|1769998061\n|teamsize|p1|4\n|teamsize|p2|4\n|start\n|switch|p1a: Calyrex|Calyrex-Ice, L50|100/100\n|switch|p1b: Indeedee|Indeedee-F, L50, F|100/100\n|switch|p2a: Miraidon|Miraidon, L50|100/100\n|switch|p2b: Farigiraf|Farigiraf, L50, F|100/100\n|-ability|p1a: Calyrex|As One\n|-ability|p1a: Calyrex|Unnerve\n|-fieldstart|move: Electric Terrain|[from] ability: Hadron Engine|[of] p2a: Miraidon\n|-fieldstart|move: Psychic Terrain|[from] ability: Psychic Surge|[of] p1b: Indeedee\n|turn|1\n|inactive|ky123456 has 30 seconds left.\n|inactive|ky123456 has 20 seconds left.\n|inactive|ky123456 has 15 seconds left.\n|inactive|ky123456 has 10 seconds left.\n|inactive|ky123456 has 5 seconds left.\n|\n|t:|1769998113\n|switch|p2a: Zamazenta|Zamazenta-Crowned, L50|100/100\n|-ability|p2a: Zamazenta|Dauntless Shield|boost\n|-boost|p2a: Zamazenta|def|1\n|move|p1b: Indeedee|Follow Me|p1b: Indeedee\n|-singleturn|p1b: Indeedee|move: Follow Me\n|move|p1a: Calyrex|Glacial Lance|p2b: Farigiraf|[spread] p2a,p2b\n|-resisted|p2a: Zamazenta\n|-damage|p2a: Zamazenta|89/100\n|-damage|p2b: Farigiraf|52/100\n|move|p2b: Farigiraf|Roar|p1b: Indeedee\n|drag|p1b: Lunala|Lunala, L50|100/100\n|\n|upkeep\n|turn|2\n|inactive|ky123456 has 30 seconds left.\n|\n|t:|1769998143\n|switch|p1a: Torkoal|Torkoal, L50, M|100/100\n|-weather|SunnyDay|[from] ability: Drought|[of] p1a: Torkoal\n|move|p2a: Zamazenta|Heavy Slam|p1b: Lunala\n|-damage|p1b: Lunala|83/100\n|move|p2b: Farigiraf|Roar|p1a: Torkoal\n|drag|p1a: Calyrex|Calyrex-Ice, L50|100/100\n|-ability|p1a: Calyrex|As One\n|-ability|p1a: Calyrex|Unnerve\n|move|p1b: Lunala|Trick Room|p1b: Lunala\n|-fieldstart|move: Trick Room|[of] p1b: Lunala\n|\n|-weather|SunnyDay|[upkeep]\n|upkeep\n|turn|3\n|\n|t:|1769998164\n|move|p1a: Calyrex|High Horsepower|p2a: Zamazenta\n|-supereffective|p2a: Zamazenta\n|-damage|p2a: Zamazenta|54/100\n|move|p1b: Lunala|Meteor Beam||[still]\n|-prepare|p1b: Lunala|Meteor Beam\n|-boost|p1b: Lunala|spa|1\n|-enditem|p1b: Lunala|Power Herb\n|-anim|p1b: Lunala|Meteor Beam|p2b: Farigiraf\n|-damage|p2b: Farigiraf|0 fnt\n|faint|p2b: Farigiraf\n|move|p2a: Zamazenta|Body Press|p1a: Calyrex\n|-damage|p1a: Calyrex|58/100\n|\n|-weather|SunnyDay|[upkeep]\n|upkeep\n|\n|t:|1769998176\n|switch|p2b: Landorus|Landorus-Therian, L50, M|100/100\n|-ability|p2b: Landorus|Intimidate|boost\n|-fail|p1a: Calyrex|unboost|[from] item: Clear Amulet|[of] p1a: Calyrex\n|-unboost|p1b: Lunala|atk|1\n|turn|4\n|\n|t:|1769998193\n|-terastallize|p2b: Landorus|Water\n|move|p1a: Calyrex|High Horsepower|p2a: Zamazenta\n|-supereffective|p2a: Zamazenta\n|-damage|p2a: Zamazenta|22/100\n|move|p2b: Landorus|Stomping Tantrum|p1b: Lunala\n|-damage|p1b: Lunala|51/100\n|move|p1b: Lunala|Moongeist Beam|p2a: Zamazenta\n|-damage|p2a: Zamazenta|0 fnt\n|faint|p2a: Zamazenta\n|\n|-weather|SunnyDay|[upkeep]\n|upkeep\n|\n|t:|1769998205\n|switch|p2a: Miraidon|Miraidon, L50|100/100\n|-fieldstart|move: Electric Terrain|[from] ability: Hadron Engine|[of] p2a: Miraidon\n|turn|5\n|\n|t:|1769998215\n|move|p2a: Miraidon|Protect|p2a: Miraidon\n|-singleturn|p2a: Miraidon|Protect\n|move|p1a: Calyrex|Glacial Lance|p2b: Landorus|[spread] p2b\n|-activate|p2a: Miraidon|move: Protect\n|-resisted|p2b: Landorus\n|-damage|p2b: Landorus|73/100\n|move|p2b: Landorus|U-turn|p1a: Calyrex\n|-supereffective|p1a: Calyrex\n|-damage|p1a: Calyrex|23/100\n|move|p1b: Lunala|Moongeist Beam|p2a: Miraidon\n|-activate|p2a: Miraidon|move: Protect\n|\n|-weather|SunnyDay|[upkeep]\n|upkeep\n|turn|6\n|\n|t:|1769998233\n|move|p2a: Miraidon|Protect||[still]\n|-fail|p2a: Miraidon\n|move|p1a: Calyrex|Glacial Lance|p2b: Landorus|[spread] p2a,p2b\n|-supereffective|p2a: Miraidon\n|-resisted|p2b: Landorus\n|-damage|p2a: Miraidon|0 fnt\n|-damage|p2b: Landorus|46/100\n|faint|p2a: Miraidon\n|-ability|p1a: Calyrex|Chilling Neigh|boost\n|-boost|p1a: Calyrex|atk|1\n|move|p2b: Landorus|U-turn|p1a: Calyrex\n|-supereffective|p1a: Calyrex\n|-damage|p1a: Calyrex|0 fnt\n|faint|p1a: Calyrex\n|move|p1b: Lunala|Moongeist Beam|p2b: Landorus\n|-damage|p2b: Landorus|0 fnt\n|faint|p2b: Landorus\n|\n|win|ky123456\n|raw|ky123456's rating: 1381 &rarr; <strong>1394</strong><br />(+13 for winning)\n|raw|mnmnmn987's rating: 1257 &rarr; <strong>1241</strong><br />(-16 for losing)\n|l|\u2606mnmnmn987\n|player|p2|\n|l|\u2606ky123456\n|player|p1|\n","uploadtime":1769998425,"views":12,"formatid":"gen9vgc2026regi","rating":1241,"private":0,"password":null}