{"id":"gen9vgc2026regi-2552292700","format":"[Gen 9] VGC 2026 Reg I","players":["SaltyCore69","I\u2764\ufe0f\u5a1c\u7984forever"],"log":"|j|\u2606SaltyCore69\n|j|\u2606I\u2764\ufe0f\u5a1c\u7984forever\n|t:|1772703577\n|gametype|doubles\n|player|p1|SaltyCore69|veteran|1212\n|player|p2|I\u2764\ufe0f\u5a1c\u7984forever|youngcouple-gen4dp|1310\n|gen|9\n|tier|[Gen 9] VGC 2026 Reg I\n|rated|\n|rule|Species Clause: Limit one of each Pok\u00e9mon\n|rule|Item Clause: Limit 1 of each item\n|clearpoke\n|poke|p1|Calyrex-Ice, L50|\n|poke|p1|Indeedee-F, L50, F|\n|poke|p1|Ting-Lu, L50|\n|poke|p1|Kyurem-White, L50|\n|poke|p1|Ninetales-Alola, L50, F|\n|poke|p1|Oranguru, L50, M|\n|poke|p2|Groudon, L50|\n|poke|p2|Kyurem-White, L50|\n|poke|p2|Heatran, L50, F|\n|poke|p2|Whimsicott, L50, F|\n|poke|p2|Roaring Moon, L50|\n|poke|p2|Ditto, L50|\n|teampreview|4\n|inactive|Battle timer is ON: inactive players will automatically lose when time's up. (requested by SaltyCore69)\n|\n|t:|1772703607\n|teamsize|p1|4\n|teamsize|p2|4\n|start\n|switch|p1a: Calyrex|Calyrex-Ice, L50|100/100\n|switch|p1b: Oranguru|Oranguru, L50, M|100/100\n|switch|p2a: Heatran|Heatran, L50, F|100/100\n|switch|p2b: Kyurem|Kyurem-White, L50|100/100\n|-ability|p1a: Calyrex|As One\n|-ability|p1a: Calyrex|Unnerve\n|-ability|p2b: Kyurem|Turboblaze\n|turn|1\n|\n|t:|1772703625\n|move|p1a: Calyrex|Protect|p1a: Calyrex\n|-singleturn|p1a: Calyrex|Protect\n|move|p2b: Kyurem|Shadow Ball|p1a: Calyrex\n|-activate|p1a: Calyrex|move: Protect\n|move|p2a: Heatran|Substitute|p2a: Heatran\n|-start|p2a: Heatran|Substitute\n|-damage|p2a: Heatran|76/100\n|move|p1b: Oranguru|Trick Room|p1b: Oranguru\n|-fieldstart|move: Trick Room|[of] p1b: Oranguru\n|\n|-heal|p2a: Heatran|82/100|[from] item: Leftovers\n|upkeep\n|turn|2\n|\n|t:|1772703645\n|-terastallize|p1a: Calyrex|Water\n|move|p1a: Calyrex|High Horsepower|p2a: Heatran\n|-supereffective|p2a: Heatran\n|-end|p2a: Heatran|Substitute\n|move|p1b: Oranguru|Instruct|p1a: Calyrex\n|-singleturn|p1a: Calyrex|move: Instruct|[of] p1b: Oranguru\n|move|p1a: Calyrex|High Horsepower|p2a: Heatran\n|-supereffective|p2a: Heatran\n|-damage|p2a: Heatran|0 fnt\n|faint|p2a: Heatran\n|-ability|p1a: Calyrex|Chilling Neigh|boost\n|-boost|p1a: Calyrex|atk|1\n|move|p2b: Kyurem|Blizzard|p1b: Oranguru|[spread] p1a,p1b\n|-resisted|p1a: Calyrex\n|-damage|p1a: Calyrex|83/100\n|-damage|p1b: Oranguru|65/100\n|\n|upkeep\n|\n|t:|1772703661\n|switch|p2a: Groudon|Groudon, L50|100/100\n|-weather|SunnyDay|[from] ability: Drought|[of] p2a: Groudon\n|turn|3\n|\n|t:|1772703667\n|-terastallize|p2a: Groudon|Water\n|move|p1a: Calyrex|Glacial Lance|p2a: Groudon|[spread] p2a,p2b\n|-resisted|p2a: Groudon\n|-damage|p2a: Groudon|71/100\n|-damage|p2b: Kyurem|32/100\n|move|p1b: Oranguru|Instruct|p1a: Calyrex\n|-singleturn|p1a: Calyrex|move: Instruct|[of] p1b: Oranguru\n|move|p1a: Calyrex|Glacial Lance|p2b: Kyurem|[spread] p2a,p2b\n|-resisted|p2a: Groudon\n|-damage|p2a: Groudon|43/100\n|-damage|p2b: Kyurem|0 fnt\n|faint|p2b: Kyurem\n|-ability|p1a: Calyrex|Chilling Neigh|boost\n|-boost|p1a: Calyrex|atk|1\n|move|p2a: Groudon|Precipice Blades|p1a: Calyrex|[spread] p1a,p1b\n|-damage|p1a: Calyrex|49/100\n|-damage|p1b: Oranguru|12/100\n|\n|-weather|SunnyDay|[upkeep]\n|upkeep\n|\n|t:|1772703678\n|switch|p2b: Ditto|Ditto, L50|100/100\n|-transform|p2b: Ditto|p1a: Calyrex|[from] ability: Imposter\n|-ability|p2b: Ditto|As One\n|-ability|p2b: Ditto|Unnerve\n|-start|p2b: Ditto|typechange|Psychic/Ice|[silent]\n|turn|4\n|\n|t:|1772703695\n|move|p1a: Calyrex|High Horsepower|p2b: Ditto\n|-damage|p2b: Ditto|39/100\n|move|p2b: Ditto|Glacial Lance|p1b: Oranguru|[spread] p1a,p1b\n|-resisted|p1a: Calyrex\n|-damage|p1a: Calyrex|17/100\n|-damage|p1b: Oranguru|0 fnt\n|faint|p1b: Oranguru\n|-ability|p2b: Ditto|Chilling Neigh|boost\n|-boost|p2b: Ditto|atk|1\n|move|p2a: Groudon|Precipice Blades|p1a: Calyrex\n|-damage|p1a: Calyrex|0 fnt\n|faint|p1a: Calyrex\n|\n|-weather|SunnyDay|[upkeep]\n|upkeep\n|\n|t:|1772703708\n|switch|p1a: Kyurem|Kyurem-White, L50|100/100\n|switch|p1b: Ninetales|Ninetales-Alola, L50, F|100/100\n|-ability|p1a: Kyurem|Turboblaze\n|-weather|Snowscape|[from] ability: Snow Warning|[of] p1b: Ninetales\n|turn|5\n|inactive|SaltyCore69 has 30 seconds left.\n|inactive|SaltyCore69 has 20 seconds left.\n|\n|t:|1772703745\n|move|p2b: Ditto|Glacial Lance|p1a: Kyurem|[spread] p1a,p1b\n|-resisted|p1b: Ninetales\n|-damage|p1a: Kyurem|23/100\n|-damage|p1b: Ninetales|44/100\n|move|p2a: Groudon|Precipice Blades|p1a: Kyurem|[spread] p1b\n|-miss|p2a: Groudon|p1a: Kyurem\n|-damage|p1b: Ninetales|3/100\n|move|p1a: Kyurem|Earth Power|p2b: Ditto\n|-damage|p2b: Ditto|0 fnt\n|faint|p2b: Ditto\n|move|p1b: Ninetales|Aurora Veil|p1b: Ninetales\n|-sidestart|p1: SaltyCore69|move: Aurora Veil\n|\n|-weather|Snowscape|[upkeep]\n|-fieldend|move: Trick Room\n|upkeep\n|turn|6\n|\n|t:|1772703762\n|move|p1b: Ninetales|Moonblast|p2a: Groudon\n|-damage|p2a: Groudon|26/100\n|move|p1a: Kyurem|Earth Power|p2a: Groudon\n|-damage|p2a: Groudon|0 fnt\n|faint|p2a: Groudon\n|\n|win|SaltyCore69\n|raw|SaltyCore69's rating: 1212 &rarr; <strong>1244</strong><br />(+32 for winning)\n|raw|I\u2764\ufe0f\u5a1c\u7984forever's rating: 1310 &rarr; <strong>1285</strong><br />(-25 for losing)\n|l|\u2606I\u2764\ufe0f\u5a1c\u7984forever\n|player|p2|\n|l|\u2606SaltyCore69\n|player|p1|\n","uploadtime":1772703918,"views":15,"formatid":"gen9vgc2026regi","rating":1244,"private":0,"password":null}