{"id":"gen9vgc2026regi-2519319375","format":"[Gen 9] VGC 2026 Reg I","players":["Wuyyy","kojimuranishi"],"log":"|j|\u2606Wuyyy\n|j|\u2606kojimuranishi\n|t:|1768495329\n|gametype|doubles\n|player|p1|Wuyyy|2|1192\n|player|p2|kojimuranishi|265|1488\n|gen|9\n|tier|[Gen 9] VGC 2026 Reg I\n|rated|\n|rule|Species Clause: Limit one of each Pok\u00e9mon\n|rule|Item Clause: Limit 1 of each item\n|clearpoke\n|poke|p1|Terapagos, L50, M|\n|poke|p1|Incineroar, L50, M|\n|poke|p1|Calyrex-Shadow, L50|\n|poke|p1|Flutter Mane, L50|\n|poke|p1|Ogerpon-Cornerstone, L50, F|\n|poke|p1|Rillaboom, L50, M|\n|poke|p2|Zamazenta-*, L50|\n|poke|p2|Lunala, L50|\n|poke|p2|Chien-Pao, L50|\n|poke|p2|Dragonite, L50, F|\n|poke|p2|Chi-Yu, L50|\n|poke|p2|Urshifu-*, L50, F|\n|teampreview|4\n|inactive|Battle timer is ON: inactive players will automatically lose when time's up. (requested by Wuyyy)\n|inactive|Wuyyy has 60 seconds left.\n|\n|t:|1768495372\n|teamsize|p1|4\n|teamsize|p2|4\n|start\n|switch|p1a: Flutter Mane|Flutter Mane, L50|100/100\n|switch|p1b: Calyrex|Calyrex-Shadow, L50|100/100\n|switch|p2a: Zamazenta|Zamazenta-Crowned, L50|100/100\n|switch|p2b: Lunala|Lunala, L50|100/100\n|-ability|p1b: Calyrex|As One\n|-ability|p1b: Calyrex|Unnerve\n|-ability|p2a: Zamazenta|Dauntless Shield|boost\n|-boost|p2a: Zamazenta|def|1\n|-enditem|p1a: Flutter Mane|Booster Energy\n|-activate|p1a: Flutter Mane|ability: Protosynthesis|[fromitem]\n|-start|p1a: Flutter Mane|protosynthesisspe\n|turn|1\n|\n|t:|1768495397\n|move|p1a: Flutter Mane|Taunt|p2b: Lunala\n|-start|p2b: Lunala|move: Taunt\n|move|p1b: Calyrex|Will-O-Wisp|p2a: Zamazenta\n|-status|p2a: Zamazenta|brn\n|move|p2a: Zamazenta|Behemoth Bash|p1a: Flutter Mane\n|-supereffective|p1a: Flutter Mane\n|-damage|p1a: Flutter Mane|36/100\n|cant|p2b: Lunala|move: Taunt|Trick Room\n|\n|-damage|p2a: Zamazenta|94/100 brn|[from] brn\n|upkeep\n|turn|2\n|inactive|Wuyyy has 30 seconds left.\n|\n|t:|1768495427\n|-terastallize|p2b: Lunala|Normal\n|move|p1a: Flutter Mane|Taunt|p2a: Zamazenta\n|-start|p2a: Zamazenta|move: Taunt\n|move|p1b: Calyrex|Astral Barrage|p2b: Lunala|[spread] p2a\n|-immune|p2b: Lunala\n|-damage|p2a: Zamazenta|61/100 brn\n|move|p2a: Zamazenta|Behemoth Bash|p1b: Calyrex\n|-damage|p1b: Calyrex|77/100\n|move|p2b: Lunala|Moongeist Beam|p1b: Calyrex\n|-supereffective|p1b: Calyrex\n|-damage|p1b: Calyrex|0 fnt\n|faint|p1b: Calyrex\n|\n|-damage|p2a: Zamazenta|55/100 brn|[from] brn\n|upkeep\n|\n|t:|1768495448\n|switch|p1b: Terapagos|Terapagos, L50, M|100/100\n|-activate|p1b: Terapagos|ability: Tera Shift\n|detailschange|p1b: Terapagos|Terapagos-Terastal, L50, M\n|-heal|p1b: Terapagos|100/100|[silent]\n|turn|3\n|\n|t:|1768495466\n|move|p1a: Flutter Mane|Moonblast|p2b: Lunala\n|-damage|p2b: Lunala|87/100\n|move|p2a: Zamazenta|Behemoth Bash|p1a: Flutter Mane\n|-supereffective|p1a: Flutter Mane\n|-damage|p1a: Flutter Mane|0 fnt\n|faint|p1a: Flutter Mane\n|-end|p1a: Flutter Mane|Protosynthesis|[silent]\n|move|p2b: Lunala|Moonblast|p1b: Terapagos\n|-activate|p1b: Terapagos|ability: Tera Shell\n|-resisted|p1b: Terapagos\n|-damage|p1b: Terapagos|86/100\n|move|p1b: Terapagos|Calm Mind|p1b: Terapagos\n|-boost|p1b: Terapagos|spa|1\n|-boost|p1b: Terapagos|spd|1\n|\n|-heal|p1b: Terapagos|92/100|[from] item: Leftovers\n|-damage|p2a: Zamazenta|49/100 brn|[from] brn\n|-end|p2b: Lunala|move: Taunt\n|upkeep\n|\n|t:|1768495480\n|switch|p1a: Incineroar|Incineroar, L50, M|100/100\n|-ability|p1a: Incineroar|Intimidate|boost\n|-unboost|p2a: Zamazenta|atk|1\n|-unboost|p2b: Lunala|atk|1\n|turn|4\n|inactive|Wuyyy has 30 seconds left.\n|\n|t:|1768495510\n|move|p1a: Incineroar|Fake Out|p2a: Zamazenta\n|-resisted|p2a: Zamazenta\n|-damage|p2a: Zamazenta|47/100 brn\n|cant|p2a: Zamazenta|flinch\n|move|p2b: Lunala|Meteor Beam||[still]\n|-prepare|p2b: Lunala|Meteor Beam\n|-boost|p2b: Lunala|spa|1\n|-enditem|p2b: Lunala|Power Herb\n|-anim|p2b: Lunala|Meteor Beam|p1a: Incineroar\n|-supereffective|p1a: Incineroar\n|-damage|p1a: Incineroar|0 fnt\n|faint|p1a: Incineroar\n|move|p1b: Terapagos|Calm Mind|p1b: Terapagos\n|-boost|p1b: Terapagos|spa|1\n|-boost|p1b: Terapagos|spd|1\n|\n|-heal|p1b: Terapagos|98/100|[from] item: Leftovers\n|-damage|p2a: Zamazenta|41/100 brn|[from] brn\n|-end|p2a: Zamazenta|move: Taunt\n|upkeep\n|turn|5\n|inactive|kojimuranishi has 30 seconds left.\n|\n|t:|1768495536\n|move|p2a: Zamazenta|Iron Defense|p2a: Zamazenta\n|-boost|p2a: Zamazenta|def|2\n|move|p2b: Lunala|Moonblast|p1b: Terapagos\n|-damage|p1b: Terapagos|77/100\n|move|p1b: Terapagos|Tera Starstorm|p2b: Lunala\n|-damage|p2b: Lunala|26/100\n|\n|-heal|p1b: Terapagos|83/100|[from] item: Leftovers\n|-damage|p2a: Zamazenta|35/100 brn|[from] brn\n|upkeep\n|turn|6\n|\n|t:|1768495555\n|move|p2a: Zamazenta|Body Press|p1b: Terapagos\n|-supereffective|p1b: Terapagos\n|-damage|p1b: Terapagos|12/100\n|move|p2b: Lunala|Moonblast|p1b: Terapagos\n|-damage|p1b: Terapagos|0 fnt\n|faint|p1b: Terapagos\n|\n|win|kojimuranishi\n|raw|Wuyyy's rating: 1192 &rarr; <strong>1184</strong><br />(-8 for losing)\n|raw|kojimuranishi's rating: 1488 &rarr; <strong>1494</strong><br />(+6 for winning)\n","uploadtime":1768495566,"views":13,"formatid":"gen9vgc2026regi","rating":1184,"private":0,"password":null}