{"id":"gen9vgc2026regi-2564505459","format":"[Gen 9] VGC 2026 Reg I","players":["anidiotnon","itastelikeiron"],"log":"|j|\u2606anidiotnon\n|j|\u2606itastelikeiron\n|t:|1774154382\n|gametype|doubles\n|player|p1|anidiotnon|red|1397\n|player|p2|itastelikeiron|infielder|1443\n|gen|9\n|tier|[Gen 9] VGC 2026 Reg I\n|rated|\n|rule|Species Clause: Limit one of each Pok\u00e9mon\n|rule|Item Clause: Limit 1 of each item\n|clearpoke\n|poke|p1|Calyrex-Ice, L50|\n|poke|p1|Miraidon, L50|\n|poke|p1|Iron Hands, L50|\n|poke|p1|Farigiraf, L50, F|\n|poke|p1|Ogerpon-Hearthflame, L50, F|\n|poke|p1|Urshifu-*, L50, F|\n|poke|p2|Ting-Lu, L50|\n|poke|p2|Ogerpon-Hearthflame, L50, F|\n|poke|p2|Calyrex-Shadow, L50|\n|poke|p2|Koraidon, L50|\n|poke|p2|Dondozo, L50, F|\n|poke|p2|Raging Bolt, L50|\n|teampreview|4\n|inactive|Battle timer is ON: inactive players will automatically lose when time's up. (requested by anidiotnon)\n|\n|t:|1774154411\n|teamsize|p1|4\n|teamsize|p2|4\n|start\n|switch|p1a: Calyrex|Calyrex-Ice, L50|100/100\n|switch|p1b: Iron Hands|Iron Hands, L50|100/100\n|switch|p2a: Ogerpon|Ogerpon-Hearthflame, L50, F|100/100\n|switch|p2b: Ting-Lu|Ting-Lu, L50|100/100\n|-ability|p1a: Calyrex|As One\n|-ability|p1a: Calyrex|Unnerve\n|-ability|p2a: Ogerpon|Mold Breaker\n|-ability|p2b: Ting-Lu|Vessel of Ruin\n|turn|1\n|\n|t:|1774154432\n|-terastallize|p2b: Ting-Lu|Fairy\n|move|p1b: Iron Hands|Fake Out|p2a: Ogerpon\n|-damage|p2a: Ogerpon|82/100\n|cant|p2a: Ogerpon|flinch\n|move|p2b: Ting-Lu|Sand Tomb|p1a: Calyrex\n|-damage|p1a: Calyrex|91/100\n|-activate|p1a: Calyrex|move: Sand Tomb|[of] p2b: Ting-Lu\n|move|p1a: Calyrex|Trick Room|p1a: Calyrex\n|-fieldstart|move: Trick Room|[of] p1a: Calyrex\n|\n|-damage|p1a: Calyrex|79/100|[from] move: Sand Tomb|[partiallytrapped]\n|upkeep\n|turn|2\n|inactive|anidiotnon has 30 seconds left.\n|inactive|anidiotnon has 20 seconds left.\n|inactive|anidiotnon has 15 seconds left.\n|inactive|anidiotnon has 10 seconds left.\n|\n|t:|1774154479\n|move|p2a: Ogerpon|Spiky Shield|p2a: Ogerpon\n|-singleturn|p2a: Ogerpon|move: Protect\n|move|p2b: Ting-Lu|Ruination|p1b: Iron Hands\n|-damage|p1b: Iron Hands|51/100\n|move|p1b: Iron Hands|Wild Charge|p2b: Ting-Lu\n|-damage|p2b: Ting-Lu|72/100\n|-damage|p1b: Iron Hands|34/100|[from] item: Rocky Helmet|[of] p2b: Ting-Lu\n|-damage|p1b: Iron Hands|27/100|[from] Recoil\n|move|p1a: Calyrex|Glacial Lance|p2a: Ogerpon|[spread] p2b\n|-activate|p2a: Ogerpon|move: Protect\n|-damage|p2b: Ting-Lu|42/100\n|\n|-damage|p1a: Calyrex|67/100|[from] move: Sand Tomb|[partiallytrapped]\n|upkeep\n|turn|3\n|inactive|anidiotnon has 30 seconds left.\n|\n|t:|1774154513\n|move|p2b: Ting-Lu|Protect|p2b: Ting-Lu\n|-singleturn|p2b: Ting-Lu|Protect\n|move|p1b: Iron Hands|Wild Charge|p2b: Ting-Lu\n|-activate|p2b: Ting-Lu|move: Protect\n|move|p1a: Calyrex|Glacial Lance|p2b: Ting-Lu|[spread] p2a\n|-activate|p2b: Ting-Lu|move: Protect\n|-damage|p2a: Ogerpon|21/100\n|move|p2a: Ogerpon|Ivy Cudgel|p1a: Calyrex|[anim] Ivy Cudgel Fire\n|-supereffective|p1a: Calyrex\n|-damage|p1a: Calyrex|3/100\n|\n|-damage|p1a: Calyrex|0 fnt|[from] move: Sand Tomb|[partiallytrapped]\n|faint|p1a: Calyrex\n|upkeep\n|inactive|anidiotnon has 30 seconds left.\n|inactive|anidiotnon has 20 seconds left.\n|\n|t:|1774154552\n|switch|p1a: Urshifu|Urshifu-Rapid-Strike, L50, F|100/100\n|turn|4\n|\n|t:|1774154575\n|move|p2b: Ting-Lu|Ruination|p1a: Urshifu\n|-damage|p1a: Urshifu|51/100\n|move|p1b: Iron Hands|Wild Charge|p2b: Ting-Lu\n|-damage|p2b: Ting-Lu|15/100\n|-damage|p1b: Iron Hands|10/100|[from] item: Rocky Helmet|[of] p2b: Ting-Lu\n|-damage|p1b: Iron Hands|4/100|[from] Recoil\n|move|p1a: Urshifu|Surging Strikes|p2a: Ogerpon\n|-crit|p2a: Ogerpon\n|-damage|p2a: Ogerpon|0 fnt\n|faint|p2a: Ogerpon\n|-hitcount|p2: Ogerpon|1\n|\n|upkeep\n|\n|t:|1774154585\n|switch|p2a: Koraidon|Koraidon, L50|100/100\n|-weather|SunnyDay|[from] ability: Orichalcum Pulse|[of] p2a: Koraidon\n|-activate|p2a: Koraidon|Orichalcum Pulse|[source]\n|turn|5\n|\n|t:|1774154601\n|move|p2b: Ting-Lu|Sand Tomb|p1b: Iron Hands\n|-supereffective|p1b: Iron Hands\n|-damage|p1b: Iron Hands|0 fnt\n|faint|p1b: Iron Hands\n|-end|p1b: Iron Hands|Quark Drive|[silent]\n|move|p1a: Urshifu|Close Combat|p2a: Koraidon\n|-damage|p2a: Koraidon|49/100\n|-unboost|p1a: Urshifu|def|1\n|-unboost|p1a: Urshifu|spd|1\n|move|p2a: Koraidon|Flame Charge|p1a: Urshifu\n|-resisted|p1a: Urshifu\n|-damage|p1a: Urshifu|27/100\n|-boost|p2a: Koraidon|spe|1\n|\n|-weather|SunnyDay|[upkeep]\n|-fieldend|move: Trick Room\n|upkeep\n|\n|t:|1774154609\n|switch|p1b: Farigiraf|Farigiraf, L50, F|100/100\n|turn|6\n|inactive|itastelikeiron has 30 seconds left.\n|\n|t:|1774154640\n|move|p1a: Urshifu|Detect|p1a: Urshifu\n|-singleturn|p1a: Urshifu|Protect\n|move|p2a: Koraidon|Collision Course|p1b: Farigiraf\n|-damage|p1b: Farigiraf|37/100\n|move|p1b: Farigiraf|Psychic|p2a: Koraidon\n|-supereffective|p2a: Koraidon\n|-damage|p2a: Koraidon|0 fnt\n|faint|p2a: Koraidon\n|move|p2b: Ting-Lu|Sand Tomb|p1b: Farigiraf\n|-damage|p1b: Farigiraf|23/100\n|-activate|p1b: Farigiraf|move: Sand Tomb|[of] p2b: Ting-Lu\n|\n|-weather|SunnyDay|[upkeep]\n|-damage|p1b: Farigiraf|11/100|[from] move: Sand Tomb|[partiallytrapped]\n|upkeep\n|\n|t:|1774154646\n|switch|p2a: Calyrex|Calyrex-Shadow, L50|100/100\n|-ability|p2a: Calyrex|As One\n|-ability|p2a: Calyrex|Unnerve\n|turn|7\n|\n|t:|1774154663\n|move|p2a: Calyrex|Psychic|p1a: Urshifu\n|-supereffective|p1a: Urshifu\n|-damage|p1a: Urshifu|0 fnt\n|faint|p1a: Urshifu\n|-ability|p2a: Calyrex|Grim Neigh|boost\n|-boost|p2a: Calyrex|spa|1\n|move|p1b: Farigiraf|Foul Play|p2a: Calyrex\n|-supereffective|p2a: Calyrex\n|-damage|p2a: Calyrex|30/100\n|move|p2b: Ting-Lu|Sand Tomb|p1b: Farigiraf|[miss]\n|-miss|p2b: Ting-Lu|p1b: Farigiraf\n|\n|-weather|SunnyDay|[upkeep]\n|-damage|p1b: Farigiraf|0 fnt|[from] move: Sand Tomb|[partiallytrapped]\n|faint|p1b: Farigiraf\n|\n|win|itastelikeiron\n|raw|anidiotnon's rating: 1397 &rarr; <strong>1380</strong><br />(-17 for losing)\n|raw|itastelikeiron's rating: 1443 &rarr; <strong>1460</strong><br />(+17 for winning)\n|l|\u2606itastelikeiron\n|player|p2|\n|l|\u2606anidiotnon\n|player|p1|\n","uploadtime":1774154805,"views":11,"formatid":"gen9vgc2026regi","rating":1380,"private":0,"password":null}