{"id":"gen9vgc2026regi-2563484556","format":"[Gen 9] VGC 2026 Reg I","players":["Galact7adi","xjazuu"],"log":"|j|\u2606Galact7adi\n|j|\u2606xjazuu\n|t:|1774030261\n|gametype|doubles\n|player|p1|Galact7adi|266|1499\n|player|p2|xjazuu|2|1604\n|gen|9\n|tier|[Gen 9] VGC 2026 Reg I\n|rated|\n|rule|Species Clause: Limit one of each Pok\u00e9mon\n|rule|Item Clause: Limit 1 of each item\n|clearpoke\n|poke|p1|Calyrex-Shadow, L50|\n|poke|p1|Zamazenta-*, L50|\n|poke|p1|Chien-Pao, L50|\n|poke|p1|Dragonite, L50, M|\n|poke|p1|Raging Bolt, L50|\n|poke|p1|Amoonguss, L50, M|\n|poke|p2|Calyrex-Ice, L50|\n|poke|p2|Miraidon, L50|\n|poke|p2|Urshifu-*, L50, F|\n|poke|p2|Grimmsnarl, L50, M|\n|poke|p2|Pelipper, L50, F|\n|poke|p2|Farigiraf, L50, M|\n|teampreview|4\n|inactive|Battle timer is ON: inactive players will automatically lose when time's up. (requested by Galact7adi)\n|\n|t:|1774030287\n|teamsize|p1|4\n|teamsize|p2|4\n|start\n|switch|p1a: Chien-Pao|Chien-Pao, L50|100/100\n|switch|p1b: Zamazenta|Zamazenta-Crowned, L50|100/100\n|switch|p2a: Farigiraf|Farigiraf, L50, M|100/100\n|switch|p2b: Miraidon|Miraidon, L50|100/100\n|-ability|p1a: Chien-Pao|Sword of Ruin\n|-fieldstart|move: Electric Terrain|[from] ability: Hadron Engine|[of] p2b: Miraidon\n|-enditem|p2a: Farigiraf|Electric Seed\n|-boost|p2a: Farigiraf|def|1|[from] item: Electric Seed\n|-ability|p1b: Zamazenta|Dauntless Shield|boost\n|-boost|p1b: Zamazenta|def|1\n|turn|1\n|inactive|xjazuu has 30 seconds left.\n|inactive|Galact7adi has 30 seconds left.\n|inactive|xjazuu has 20 seconds left.\n|inactive|xjazuu has 15 seconds left.\n|inactive|xjazuu has 10 seconds left.\n|inactive|xjazuu has 5 seconds left.\n|\n|t:|1774030339\n|-terastallize|p2b: Miraidon|Electric\n|move|p2a: Farigiraf|Protect|p2a: Farigiraf\n|-singleturn|p2a: Farigiraf|Protect\n|move|p1a: Chien-Pao|Ruination|p2b: Miraidon\n|-damage|p2b: Miraidon|51/100\n|move|p2b: Miraidon|Electro Drift|p1b: Zamazenta\n|-damage|p1b: Zamazenta|20/100\n|move|p1b: Zamazenta|Body Press|p2b: Miraidon\n|-damage|p2b: Miraidon|0 fnt\n|faint|p2b: Miraidon\n|\n|upkeep\n|\n|t:|1774030354\n|switch|p2b: Urshifu|Urshifu-Rapid-Strike, L50, F|100/100\n|turn|2\n|\n|t:|1774030366\n|switch|p1b: Raging Bolt|Raging Bolt, L50|100/100\n|-enditem|p1b: Raging Bolt|Booster Energy\n|-activate|p1b: Raging Bolt|ability: Protosynthesis|[fromitem]\n|-start|p1b: Raging Bolt|protosynthesisspa\n|move|p1a: Chien-Pao|Icy Wind|p2a: Farigiraf|[spread] p2a,p2b\n|-resisted|p2b: Urshifu\n|-damage|p2a: Farigiraf|89/100\n|-damage|p2b: Urshifu|94/100\n|-unboost|p2a: Farigiraf|spe|1\n|move|p2b: Urshifu|Surging Strikes|p1a: Chien-Pao\n|-crit|p1a: Chien-Pao\n|-damage|p1a: Chien-Pao|70/100\n|-crit|p1a: Chien-Pao\n|-damage|p1a: Chien-Pao|43/100\n|-crit|p1a: Chien-Pao\n|-damage|p1a: Chien-Pao|14/100\n|-hitcount|p1a: Chien-Pao|3\n|move|p2a: Farigiraf|Trick Room|p2a: Farigiraf\n|-fieldstart|move: Trick Room|[of] p2a: Farigiraf\n|\n|upkeep\n|turn|3\n|inactive|Galact7adi has 30 seconds left.\n|inactive|xjazuu has 30 seconds left.\n|\n|t:|1774030399\n|switch|p1a: Zamazenta|Zamazenta-Crowned, L50|20/100\n|-terastallize|p1b: Raging Bolt|Electric\n|move|p2b: Urshifu|Detect|p2b: Urshifu\n|-singleturn|p2b: Urshifu|Protect\n|move|p2a: Farigiraf|Dazzling Gleam|p1b: Raging Bolt|[spread] p1a,p1b\n|-damage|p1a: Zamazenta|9/100\n|-damage|p1b: Raging Bolt|87/100\n|move|p1b: Raging Bolt|Thunderbolt|p2a: Farigiraf\n|-damage|p2a: Farigiraf|0 fnt\n|faint|p2a: Farigiraf\n|\n|upkeep\n|\n|t:|1774030402\n|switch|p2a: Calyrex|Calyrex-Ice, L50|100/100\n|-ability|p2a: Calyrex|As One\n|-ability|p2a: Calyrex|Unnerve\n|turn|4\n|\n|t:|1774030424\n|move|p2b: Urshifu|Detect|p2b: Urshifu\n|-singleturn|p2b: Urshifu|Protect\n|move|p1a: Zamazenta|Wide Guard|p1a: Zamazenta\n|-singleturn|p1a: Zamazenta|Wide Guard\n|move|p1b: Raging Bolt|Thunderclap||[still]\n|-fail|p1b: Raging Bolt\n|move|p2a: Calyrex|Leech Seed|p1a: Zamazenta|[miss]\n|-miss|p2a: Calyrex|p1a: Zamazenta\n|\n|upkeep\n|turn|5\n|\n|t:|1774030445\n|move|p1a: Zamazenta|Protect|p1a: Zamazenta\n|-singleturn|p1a: Zamazenta|Protect\n|move|p2a: Calyrex|Glacial Lance|p1a: Zamazenta|[spread] p1b\n|-activate|p1a: Zamazenta|move: Protect\n|-damage|p1b: Raging Bolt|42/100\n|move|p2b: Urshifu|Surging Strikes|p1b: Raging Bolt\n|-crit|p1b: Raging Bolt\n|-damage|p1b: Raging Bolt|25/100\n|-crit|p1b: Raging Bolt\n|-damage|p1b: Raging Bolt|6/100\n|-crit|p1b: Raging Bolt\n|-damage|p1b: Raging Bolt|0 fnt\n|faint|p1b: Raging Bolt\n|-end|p1b: Raging Bolt|Protosynthesis|[silent]\n|-hitcount|p1: Raging Bolt|3\n|\n|-fieldend|move: Electric Terrain\n|upkeep\n|\n|t:|1774030455\n|switch|p1b: Chien-Pao|Chien-Pao, L50|14/100\n|-ability|p1b: Chien-Pao|Sword of Ruin\n|turn|6\n|\n|t:|1774030463\n|move|p1b: Chien-Pao|Sucker Punch|p2a: Calyrex\n|-supereffective|p2a: Calyrex\n|-damage|p2a: Calyrex|50/100\n|move|p2a: Calyrex|Glacial Lance|p1a: Zamazenta|[spread] p1a,p1b\n|-resisted|p1a: Zamazenta\n|-resisted|p1b: Chien-Pao\n|-damage|p1a: Zamazenta|0 fnt\n|-damage|p1b: Chien-Pao|0 fnt\n|faint|p1a: Zamazenta\n|faint|p1b: Chien-Pao\n|-ability|p2a: Calyrex|Chilling Neigh|boost\n|-boost|p2a: Calyrex|atk|2\n|move|p2b: Urshifu|Surging Strikes|p1: Zamazenta|[notarget]\n|-fail|p2b: Urshifu\n|\n|-heal|p2a: Calyrex|56/100|[from] item: Leftovers\n|-fieldend|move: Trick Room\n|upkeep\n|\n|t:|1774030467\n|switch|p1b: Calyrex|Calyrex-Shadow, L50|100/100\n|-ability|p1b: Calyrex|As One\n|-ability|p1b: Calyrex|Unnerve\n|turn|7\n|\n|t:|1774030480\n|move|p1b: Calyrex|Psychic|p2b: Urshifu\n|-supereffective|p2b: Urshifu\n|-damage|p2b: Urshifu|0 fnt\n|faint|p2b: Urshifu\n|-ability|p1b: Calyrex|Grim Neigh|boost\n|-boost|p1b: Calyrex|spa|1\n|move|p2a: Calyrex|Glacial Lance|p1b: Calyrex\n|-enditem|p1b: Calyrex|Focus Sash\n|-damage|p1b: Calyrex|1/100\n|\n|-heal|p2a: Calyrex|62/100|[from] item: Leftovers\n|upkeep\n|turn|8\n|\n|t:|1774030483\n|move|p2a: Calyrex|Protect|p2a: Calyrex\n|-singleturn|p2a: Calyrex|Protect\n|move|p1b: Calyrex|Astral Barrage|p2a: Calyrex\n|-activate|p2a: Calyrex|move: Protect\n|\n|-heal|p2a: Calyrex|68/100|[from] item: Leftovers\n|upkeep\n|turn|9\n|\n|t:|1774030488\n|move|p1b: Calyrex|Encore|p2a: Calyrex\n|-start|p2a: Calyrex|Encore\n|move|p2a: Calyrex|Protect||[still]\n|-fail|p2a: Calyrex\n|\n|-heal|p2a: Calyrex|73/100|[from] item: Leftovers\n|upkeep\n|turn|10\n|\n|t:|1774030495\n|move|p2a: Calyrex|Protect|p2a: Calyrex\n|-singleturn|p2a: Calyrex|Protect\n|move|p1b: Calyrex|Astral Barrage|p2a: Calyrex\n|-activate|p2a: Calyrex|move: Protect\n|\n|-heal|p2a: Calyrex|79/100|[from] item: Leftovers\n|upkeep\n|turn|11\n|c|\u2606Galact7adi|Gg wp\n|\n|t:|1774030502\n|move|p2a: Calyrex|Protect||[still]\n|-fail|p2a: Calyrex\n|move|p1b: Calyrex|Astral Barrage|p2a: Calyrex\n|-supereffective|p2a: Calyrex\n|-damage|p2a: Calyrex|0 fnt\n|faint|p2a: Calyrex\n|\n|win|Galact7adi\n|raw|Galact7adi's rating: 1499 &rarr; <strong>1525</strong><br />(+26 for winning)\n|raw|xjazuu's rating: 1604 &rarr; <strong>1578</strong><br />(-26 for losing)\n|l|\u2606xjazuu\n|player|p2|\n|l|\u2606Galact7adi\n|player|p1|\n","uploadtime":1774030743,"views":12,"formatid":"gen9vgc2026regi","rating":1525,"private":0,"password":null}