{"id":"gen9vgc2026regi-2536526286","format":"[Gen 9] VGC 2026 Reg I","players":["suc vat vk","yamato-tak"],"log":"|j|\u2606suc vat vk\n|j|\u2606yamato-tak\n|t:|1770699698\n|gametype|doubles\n|player|p1|suc vat vk|kimonogirl|1358\n|player|p2|yamato-tak|265|1486\n|gen|9\n|tier|[Gen 9] VGC 2026 Reg I\n|rated|\n|rule|Species Clause: Limit one of each Pok\u00e9mon\n|rule|Item Clause: Limit 1 of each item\n|clearpoke\n|poke|p1|Miraidon, L50|\n|poke|p1|Farigiraf, L50, F|\n|poke|p1|Incineroar, L50, M|\n|poke|p1|Zamazenta-*, L50|\n|poke|p1|Whimsicott, L50, M|\n|poke|p1|Urshifu-*, L50, M|\n|poke|p2|Miraidon, L50|\n|poke|p2|Calyrex-Ice, L50|\n|poke|p2|Volcarona, L50, F|\n|poke|p2|Araquanid, L50, F|\n|poke|p2|Grimmsnarl, L50, M|\n|poke|p2|Rillaboom, L50, F|\n|teampreview|4\n|inactive|Battle timer is ON: inactive players will automatically lose when time's up. (requested by yamato-tak)\n|inactive|suc vat vk has 60 seconds left.\n|\n|t:|1770699732\n|teamsize|p1|4\n|teamsize|p2|4\n|start\n|switch|p1a: Incineroar|Incineroar, L50, M, shiny|100/100\n|switch|p1b: Urshifu|Urshifu, L50, M|100/100\n|switch|p2a: Grimmsnarl|Grimmsnarl, L50, M, shiny|100/100\n|switch|p2b: Calyrex|Calyrex-Ice, L50|100/100\n|-ability|p2b: Calyrex|As One\n|-ability|p2b: Calyrex|Unnerve\n|-ability|p1a: Incineroar|Intimidate|boost\n|-unboost|p2a: Grimmsnarl|atk|1\n|-fail|p2b: Calyrex|unboost|[from] item: Clear Amulet|[of] p2b: Calyrex\n|turn|1\n|j| riyuezi\n|\n|t:|1770699755\n|-terastallize|p1b: Urshifu|Dark\n|-terastallize|p2b: Calyrex|Fairy\n|move|p2a: Grimmsnarl|Fake Out|p1a: Incineroar\n|-damage|p1a: Incineroar|93/100\n|cant|p1a: Incineroar|flinch\n|move|p1b: Urshifu|Wicked Blow|p2b: Calyrex\n|-resisted|p2b: Calyrex\n|-crit|p2b: Calyrex\n|-damage|p2b: Calyrex|64/100\n|move|p2b: Calyrex|Glacial Lance|p1a: Incineroar|[spread] p1a,p1b\n|-resisted|p1a: Incineroar\n|-damage|p1a: Incineroar|68/100\n|-damage|p1b: Urshifu|46/100\n|\n|upkeep\n|turn|2\n|\n|t:|1770699774\n|switch|p1b: Zamazenta|Zamazenta-Crowned, L50, shiny|100/100\n|-ability|p1b: Zamazenta|Dauntless Shield|boost\n|-boost|p1b: Zamazenta|def|1\n|move|p2a: Grimmsnarl|Reflect|p2a: Grimmsnarl\n|-sidestart|p2: yamato-tak|Reflect\n|move|p1a: Incineroar|Flare Blitz|p2b: Calyrex\n|-damage|p2b: Calyrex|41/100\n|-damage|p1a: Incineroar|60/100|[from] Recoil\n|move|p2b: Calyrex|Glacial Lance|p1b: Zamazenta|[spread] p1a,p1b\n|-resisted|p1a: Incineroar\n|-resisted|p1b: Zamazenta\n|-damage|p1a: Incineroar|36/100\n|-damage|p1b: Zamazenta|91/100\n|\n|upkeep\n|turn|3\n|\n|t:|1770699790\n|move|p2a: Grimmsnarl|Parting Shot|p1b: Zamazenta\n|-unboost|p1b: Zamazenta|atk|1\n|-unboost|p1b: Zamazenta|spa|1\n|\n|t:|1770699796\n|switch|p2a: Volcarona|Volcarona, L50, F, shiny|100/100|[from] Parting Shot\n|move|p1b: Zamazenta|Body Press|p2b: Calyrex\n|-resisted|p2b: Calyrex\n|-damage|p2b: Calyrex|27/100\n|move|p1a: Incineroar|Knock Off|p2b: Calyrex\n|-resisted|p2b: Calyrex\n|-damage|p2b: Calyrex|18/100\n|-enditem|p2b: Calyrex|Clear Amulet|[from] move: Knock Off|[of] p1a: Incineroar\n|move|p2b: Calyrex|Leech Seed|p1b: Zamazenta\n|-start|p1b: Zamazenta|move: Leech Seed\n|\n|-damage|p1b: Zamazenta|79/100|[from] Leech Seed|[of] p2b: Calyrex\n|-heal|p2b: Calyrex|29/100|[silent]\n|upkeep\n|turn|4\n|inactive|yamato-tak has 30 seconds left.\n|\n|t:|1770699822\n|switch|p1b: Urshifu|Urshifu, L50, M, tera:Dark|46/100\n|switch|p2b: Grimmsnarl|Grimmsnarl, L50, M, shiny|100/100\n|move|p2a: Volcarona|Quiver Dance|p2a: Volcarona\n|-boost|p2a: Volcarona|spa|1\n|-boost|p2a: Volcarona|spd|1\n|-boost|p2a: Volcarona|spe|1\n|move|p1a: Incineroar|U-turn|p2b: Grimmsnarl\n|-damage|p2b: Grimmsnarl|87/100\n|\n|t:|1770699841\n|switch|p1a: Miraidon|Miraidon, L50, shiny|100/100|[from] U-turn\n|-fieldstart|move: Electric Terrain|[from] ability: Hadron Engine|[of] p1a: Miraidon\n|\n|upkeep\n|turn|5\n|\n|t:|1770699851\n|move|p2b: Grimmsnarl|Fake Out|p1a: Miraidon\n|-damage|p1a: Miraidon|90/100\n|move|p2a: Volcarona|Quiver Dance|p2a: Volcarona\n|-boost|p2a: Volcarona|spa|1\n|-boost|p2a: Volcarona|spd|1\n|-boost|p2a: Volcarona|spe|1\n|cant|p1a: Miraidon|flinch\n|move|p1b: Urshifu|Wicked Blow|p2a: Volcarona\n|-crit|p2a: Volcarona\n|-damage|p2a: Volcarona|0 fnt\n|-status|p1b: Urshifu|brn|[from] ability: Flame Body|[of] p2a: Volcarona\n|faint|p2a: Volcarona\n|\n|-damage|p1b: Urshifu|40/100 brn|[from] brn\n|upkeep\n|\n|t:|1770699857\n|switch|p2a: Miraidon|Miraidon, L50, shiny|100/100\n|-activate|p2a: Miraidon|ability: Hadron Engine\n|turn|6\n|\n|t:|1770699869\n|switch|p1a: Incineroar|Incineroar, L50, M, shiny|36/100\n|-ability|p1a: Incineroar|Intimidate|boost\n|-unboost|p2a: Miraidon|atk|1\n|-unboost|p2b: Grimmsnarl|atk|1\n|move|p2b: Grimmsnarl|Light Screen|p2b: Grimmsnarl\n|-sidestart|p2: yamato-tak|move: Light Screen\n|move|p2a: Miraidon|Calm Mind|p2a: Miraidon\n|-boost|p2a: Miraidon|spa|1\n|-boost|p2a: Miraidon|spd|1\n|move|p1b: Urshifu|Wicked Blow|p2a: Miraidon\n|-crit|p2a: Miraidon\n|-damage|p2a: Miraidon|52/100\n|\n|-damage|p1b: Urshifu|34/100 brn|[from] brn\n|upkeep\n|turn|7\n|\n|t:|1770699879\n|move|p1a: Incineroar|Fake Out|p2a: Miraidon\n|-damage|p2a: Miraidon|46/100\n|move|p2b: Grimmsnarl|Parting Shot|p1a: Incineroar\n|-hint|Since gen 7, Dark is immune to Prankster moves.\n|-immune|p1a: Incineroar\n|move|p2a: Miraidon|Parabolic Charge|p1a: Incineroar|[spread] p2b,p1a,p1b\n|-damage|p2b: Grimmsnarl|46/100\n|-heal|p2a: Miraidon|66/100|[from] drain|[of] p2b: Grimmsnarl\n|-damage|p1a: Incineroar|0 fnt\n|-heal|p2a: Miraidon|84/100|[from] drain|[of] p1a: Incineroar\n|-damage|p1b: Urshifu|0 fnt\n|-heal|p2a: Miraidon|98/100|[from] drain|[of] p1b: Urshifu\n|faint|p1a: Incineroar\n|faint|p1b: Urshifu\n|\n|upkeep\n|\n|t:|1770699897\n|switch|p1b: Zamazenta|Zamazenta-Crowned, L50, shiny|79/100\n|switch|p1a: Miraidon|Miraidon, L50, shiny|90/100\n|-activate|p1a: Miraidon|ability: Hadron Engine\n|turn|8\n|\n|t:|1770699913\n|move|p2b: Grimmsnarl|Parting Shot|p1a: Miraidon\n|-unboost|p1a: Miraidon|atk|1\n|-unboost|p1a: Miraidon|spa|1\n|\n|t:|1770699916\n|switch|p2b: Calyrex|Calyrex-Ice, L50, tera:Fairy|29/100|[from] Parting Shot\n|-ability|p2b: Calyrex|As One\n|-ability|p2b: Calyrex|Unnerve\n|move|p1a: Miraidon|Dazzling Gleam|p2b: Calyrex|[spread] p2a,p2b\n|-supereffective|p2a: Miraidon\n|-damage|p2a: Miraidon|79/100\n|-damage|p2b: Calyrex|19/100\n|move|p2a: Miraidon|Electro Drift|p1b: Zamazenta\n|-damage|p1b: Zamazenta|0 fnt\n|faint|p1b: Zamazenta\n|\n|-fieldend|move: Electric Terrain\n|upkeep\n|turn|9\n|-message|suc vat vk forfeited.\n|\n|win|yamato-tak\n|raw|suc vat vk's rating: 1358 &rarr; <strong>1345</strong><br />(-13 for losing)\n|raw|yamato-tak's rating: 1486 &rarr; <strong>1499</strong><br />(+13 for winning)\n|l|\u2606suc vat vk\n|player|p1|\n|l|\u2606yamato-tak\n|player|p2|\n|l| riyuezi\n","uploadtime":1770700157,"views":12,"formatid":"gen9vgc2026regi","rating":1345,"private":0,"password":null}