{"id":"gen9vgc2026regi-2540053615","format":"[Gen 9] VGC 2026 Reg I","players":["SEITA","MeansJeans"],"log":"|j|\u2606SEITA\n|j|\u2606MeansJeans\n|t:|1771153199\n|gametype|doubles\n|player|p1|SEITA|lucas-gen4pt|1510\n|player|p2|MeansJeans|cilan|1294\n|gen|9\n|tier|[Gen 9] VGC 2026 Reg I\n|rated|\n|rule|Species Clause: Limit one of each Pok\u00e9mon\n|rule|Item Clause: Limit 1 of each item\n|clearpoke\n|poke|p1|Zamazenta-*, L50|\n|poke|p1|Kyogre, L50|\n|poke|p1|Wo-Chien, L50|\n|poke|p1|Grimmsnarl, L50, M|\n|poke|p1|Rhyperior, L50, M|\n|poke|p1|Ditto, L50|\n|poke|p2|Terapagos, L50, M|\n|poke|p2|Calyrex-Shadow, L50|\n|poke|p2|Smeargle, L50, F|\n|poke|p2|Iron Hands, L50|\n|poke|p2|Chi-Yu, L50|\n|poke|p2|Tornadus, L50, M|\n|teampreview|4\n|inactive|Battle timer is ON: inactive players will automatically lose when time's up. (requested by MeansJeans)\n|inactive|SEITA has 60 seconds left.\n|\n|t:|1771153234\n|teamsize|p1|4\n|teamsize|p2|4\n|start\n|switch|p1a: Grimmsnarl|Grimmsnarl, L50, M|100/100\n|switch|p1b: Zamazenta|Zamazenta-Crowned, L50|100/100\n|switch|p2a: Smeargle|Smeargle, L50, F|100/100\n|switch|p2b: Terapagos|Terapagos, L50, M|100/100\n|-activate|p2b: Terapagos|ability: Tera Shift\n|detailschange|p2b: Terapagos|Terapagos-Terastal, L50, M\n|-heal|p2b: Terapagos|100/100|[silent]\n|-ability|p1b: Zamazenta|Dauntless Shield|boost\n|-boost|p1b: Zamazenta|def|1\n|turn|1\n|\n|t:|1771153256\n|move|p1a: Grimmsnarl|Light Screen|p1a: Grimmsnarl\n|-sidestart|p1: SEITA|move: Light Screen\n|move|p1b: Zamazenta|Body Press|p2a: Smeargle\n|-supereffective|p2a: Smeargle\n|-enditem|p2a: Smeargle|Focus Sash\n|-damage|p2a: Smeargle|1/100\n|move|p2a: Smeargle|Spore|p1b: Zamazenta\n|-status|p1b: Zamazenta|slp|[from] move: Spore\n|move|p2b: Terapagos|Meteor Beam||[still]\n|-prepare|p2b: Terapagos|Meteor Beam\n|-boost|p2b: Terapagos|spa|1\n|-enditem|p2b: Terapagos|Power Herb\n|-anim|p2b: Terapagos|Meteor Beam|p1a: Grimmsnarl\n|-damage|p1a: Grimmsnarl|57/100\n|\n|-ability|p2a: Smeargle|Moody|boost\n|-boost|p2a: Smeargle|spa|2\n|-unboost|p2a: Smeargle|def|1\n|upkeep\n|turn|2\n|inactive|SEITA has 30 seconds left.\n|inactive|MeansJeans has 30 seconds left.\n|inactive|SEITA has 20 seconds left.\n|\n|t:|1771153294\n|move|p1a: Grimmsnarl|Parting Shot|p2b: Terapagos\n|-unboost|p2b: Terapagos|atk|1\n|-unboost|p2b: Terapagos|spa|1\n|\n|t:|1771153309\n|switch|p1a: Kyogre|Kyogre, L50|100/100|[from] Parting Shot\n|-weather|RainDance|[from] ability: Drizzle|[of] p1a: Kyogre\n|cant|p1b: Zamazenta|slp\n|move|p2a: Smeargle|Decorate|p2b: Terapagos\n|-boost|p2b: Terapagos|atk|2\n|-boost|p2b: Terapagos|spa|2\n|move|p2b: Terapagos|Earth Power|p1b: Zamazenta\n|-supereffective|p1b: Zamazenta\n|-damage|p1b: Zamazenta|46/100 slp\n|\n|-weather|RainDance|[upkeep]\n|-ability|p2a: Smeargle|Moody|boost\n|-boost|p2a: Smeargle|spd|2\n|-unboost|p2a: Smeargle|spa|1\n|upkeep\n|turn|3\n|inactive|SEITA has 30 seconds left.\n|inactive|MeansJeans has 30 seconds left.\n|\n|t:|1771153341\n|-terastallize|p2b: Terapagos|Stellar\n|detailschange|p2b: Terapagos|Terapagos-Stellar, L50, M, tera:Stellar\n|-heal|p2b: Terapagos|100/100|[silent]\n|-ability|p2b: Terapagos|Teraform Zero\n|-weather|none\n|-curestatus|p1b: Zamazenta|slp|[msg]\n|move|p1b: Zamazenta|Body Press|p2b: Terapagos\n|-supereffective|p2b: Terapagos\n|-damage|p2b: Terapagos|18/100\n|move|p2a: Smeargle|Decorate|p2b: Terapagos\n|-boost|p2b: Terapagos|atk|2\n|-boost|p2b: Terapagos|spa|2\n|move|p2b: Terapagos|Tera Starstorm|p1b: Zamazenta|[spread] p1a,p1b\n|-damage|p1a: Kyogre|44/100\n|-damage|p1b: Zamazenta|0 fnt\n|faint|p1b: Zamazenta\n|move|p1a: Kyogre|Origin Pulse|p2a: Smeargle|[spread] \n|-miss|p1a: Kyogre|p2a: Smeargle\n|-miss|p1a: Kyogre|p2b: Terapagos\n|\n|-heal|p1a: Kyogre|50/100|[from] item: Leftovers\n|-ability|p2a: Smeargle|Moody|boost\n|-boost|p2a: Smeargle|spa|2\n|-unboost|p2a: Smeargle|spe|1\n|upkeep\n|inactive|SEITA has 30 seconds left.\n|\n|t:|1771153369\n|switch|p1b: Grimmsnarl|Grimmsnarl, L50, M|57/100\n|turn|4\n|\n|t:|1771153382\n|move|p1b: Grimmsnarl|Parting Shot|p2b: Terapagos\n|-unboost|p2b: Terapagos|atk|1\n|-unboost|p2b: Terapagos|spa|1\n|\n|t:|1771153385\n|switch|p1b: Rhyperior|Rhyperior, L50, M|100/100|[from] Parting Shot\n|move|p2b: Terapagos|Tera Starstorm|p1a: Kyogre|[spread] p1a,p1b\n|-damage|p1a: Kyogre|10/100\n|-damage|p1b: Rhyperior|56/100\n|move|p1a: Kyogre|Origin Pulse|p2b: Terapagos|[spread] p2b\n|-miss|p1a: Kyogre|p2a: Smeargle\n|-damage|p2b: Terapagos|0 fnt\n|faint|p2b: Terapagos\n|detailschange|p2: Terapagos|Terapagos, L50, M|[silent]\n|move|p2a: Smeargle|Spore|p1b: Rhyperior\n|-status|p1b: Rhyperior|slp|[from] move: Spore\n|\n|-heal|p1a: Kyogre|15/100|[from] item: Leftovers\n|-ability|p2a: Smeargle|Moody|boost\n|-boost|p2a: Smeargle|atk|2\n|-unboost|p2a: Smeargle|spe|1\n|upkeep\n|\n|t:|1771153407\n|switch|p2b: Iron Hands|Iron Hands, L50|100/100\n|turn|5\n|\n|t:|1771153423\n|switch|p1b: Grimmsnarl|Grimmsnarl, L50, M|57/100\n|move|p1a: Kyogre|Protect|p1a: Kyogre\n|-singleturn|p1a: Kyogre|Protect\n|move|p2b: Iron Hands|Fake Out|p1a: Kyogre\n|-activate|p1a: Kyogre|move: Protect\n|move|p2a: Smeargle|Spore|p1a: Kyogre\n|-activate|p1a: Kyogre|move: Protect\n|\n|-heal|p1a: Kyogre|21/100|[from] item: Leftovers\n|-ability|p2a: Smeargle|Moody|boost\n|-boost|p2a: Smeargle|spd|2\n|-unboost|p2a: Smeargle|spe|1\n|upkeep\n|turn|6\n|inactive|SEITA has 30 seconds left.\n|inactive|MeansJeans has 30 seconds left.\n|inactive|MeansJeans has 20 seconds left.\n|\n|t:|1771153459\n|move|p2a: Smeargle|Follow Me|p2a: Smeargle\n|-singleturn|p2a: Smeargle|move: Follow Me\n|move|p1b: Grimmsnarl|Reflect|p1b: Grimmsnarl\n|-sidestart|p1: SEITA|Reflect\n|move|p1a: Kyogre|Origin Pulse|p2a: Smeargle|[spread] p2a,p2b\n|-damage|p2a: Smeargle|0 fnt\n|-damage|p2b: Iron Hands|73/100\n|faint|p2a: Smeargle\n|move|p2b: Iron Hands|Wild Charge|p1a: Kyogre\n|-supereffective|p1a: Kyogre\n|-damage|p1a: Kyogre|0 fnt\n|faint|p1a: Kyogre\n|-damage|p2b: Iron Hands|68/100|[from] Recoil\n|\n|upkeep\n|\n|t:|1771153480\n|switch|p2a: Calyrex|Calyrex-Shadow, L50|100/100\n|switch|p1a: Rhyperior|Rhyperior, L50, M|56/100 slp\n|-ability|p2a: Calyrex|As One\n|-ability|p2a: Calyrex|Unnerve\n|turn|7\n|inactive|SEITA has 30 seconds left.\n|\n|t:|1771153506\n|-terastallize|p1a: Rhyperior|Water\n|move|p2a: Calyrex|Protect|p2a: Calyrex\n|-singleturn|p2a: Calyrex|Protect\n|move|p1b: Grimmsnarl|Parting Shot|p2a: Calyrex\n|-activate|p2a: Calyrex|move: Protect\n|cant|p1a: Rhyperior|slp\n|move|p2b: Iron Hands|Drain Punch|p1b: Grimmsnarl\n|-damage|p1b: Grimmsnarl|32/100\n|-heal|p2b: Iron Hands|78/100|[from] drain|[of] p1b: Grimmsnarl\n|\n|upkeep\n|turn|8\n|\n|t:|1771153528\n|move|p2a: Calyrex|Astral Barrage|p1a: Rhyperior|[spread] p1a,p1b\n|-resisted|p1b: Grimmsnarl\n|-damage|p1a: Rhyperior|25/100 slp\n|-damage|p1b: Grimmsnarl|6/100\n|-damage|p2a: Calyrex|91/100|[from] item: Life Orb\n|move|p1b: Grimmsnarl|Spirit Break|p2b: Iron Hands\n|-supereffective|p2b: Iron Hands\n|-damage|p2b: Iron Hands|37/100\n|-unboost|p2b: Iron Hands|spa|1\n|cant|p1a: Rhyperior|slp\n|move|p2b: Iron Hands|Low Kick|p1b: Grimmsnarl\n|-damage|p1b: Grimmsnarl|0 fnt\n|faint|p1b: Grimmsnarl\n|\n|-sideend|p1: SEITA|move: Light Screen\n|upkeep\n|turn|9\n|-message|SEITA forfeited.\n|\n|win|MeansJeans\n|raw|SEITA's rating: 1510 &rarr; <strong>1479</strong><br />(-31 for losing)\n|raw|MeansJeans's rating: 1294 &rarr; <strong>1333</strong><br />(+39 for winning)\n|l|\u2606SEITA\n|player|p1|\n|l|\u2606MeansJeans\n|player|p2|\n","uploadtime":1771153723,"views":31,"formatid":"gen9vgc2026regi","rating":1333,"private":0,"password":null}