{"id":"gen9vgc2026regi-2551547848","format":"[Gen 9] VGC 2026 Reg I","players":["B1g b3luga","Zorse Mentality"],"log":"|j|\u2606B1g b3luga\n|j|\u2606Zorse Mentality\n|t:|1772619605\n|gametype|doubles\n|player|p1|B1g b3luga|266|1378\n|player|p2|Zorse Mentality|1|1362\n|gen|9\n|tier|[Gen 9] VGC 2026 Reg I\n|rated|\n|rule|Species Clause: Limit one of each Pok\u00e9mon\n|rule|Item Clause: Limit 1 of each item\n|clearpoke\n|poke|p1|Smeargle, L50, F|\n|poke|p1|Zamazenta-*, L50|\n|poke|p1|Farigiraf, L50, F|\n|poke|p1|Kyogre, L50|\n|poke|p1|Rillaboom, L50, M|\n|poke|p1|Urshifu-*, L50, M|\n|poke|p2|Miraidon, L50|\n|poke|p2|Tatsugiri, L50, F|\n|poke|p2|Raichu-Alola, L50, F|\n|poke|p2|Dondozo, L50, F|\n|poke|p2|Calyrex-Shadow, L50|\n|poke|p2|Weezing-Galar, L50, F|\n|teampreview|4\n|inactive|Battle timer is ON: inactive players will automatically lose when time's up. (requested by B1g b3luga)\n|inactive|B1g b3luga has 60 seconds left.\n|\n|t:|1772619660\n|teamsize|p1|4\n|teamsize|p2|4\n|start\n|switch|p1a: Farigiraf|Farigiraf, L50, F|100/100\n|switch|p1b: Rillaboom|Rillaboom, L50, M|100/100\n|switch|p2a: Raichu|Raichu-Alola, L50, F|100/100\n|switch|p2b: Miraidon|Miraidon, L50|100/100\n|-fieldstart|move: Electric Terrain|[from] ability: Hadron Engine|[of] p2b: Miraidon\n|-fieldstart|move: Grassy Terrain|[from] ability: Grassy Surge|[of] p1b: Rillaboom\n|-enditem|p1a: Farigiraf|Grassy Seed\n|-boost|p1a: Farigiraf|def|1|[from] item: Grassy Seed\n|turn|1\n|inactive|Zorse Mentality has 30 seconds left.\n|inactive|Zorse Mentality has 20 seconds left.\n|inactive|Zorse Mentality has 15 seconds left.\n|inactive|Zorse Mentality has 10 seconds left.\n|\n|t:|1772619707\n|move|p2b: Miraidon|Protect|p2b: Miraidon\n|-singleturn|p2b: Miraidon|Protect\n|move|p1b: Rillaboom|Fake Out|p2a: Raichu\n|-damage|p2a: Raichu|78/100\n|cant|p2a: Raichu|flinch\n|move|p1a: Farigiraf|Trick Room|p1a: Farigiraf\n|-fieldstart|move: Trick Room|[of] p1a: Farigiraf\n|\n|-heal|p2a: Raichu|84/100|[from] Grassy Terrain\n|upkeep\n|turn|2\n|inactive|Zorse Mentality has 30 seconds left.\n|\n|t:|1772619734\n|move|p1a: Farigiraf|Psychic|p2b: Miraidon\n|-damage|p2b: Miraidon|61/100\n|move|p1b: Rillaboom|Wood Hammer|p2a: Raichu\n|-damage|p2a: Raichu|0 fnt\n|faint|p2a: Raichu\n|-damage|p1b: Rillaboom|74/100|[from] Recoil\n|move|p2b: Miraidon|Parabolic Charge|p1b: Rillaboom|[spread] p1a,p1b\n|-resisted|p1b: Rillaboom\n|-damage|p1a: Farigiraf|69/100\n|-heal|p2b: Miraidon|79/100|[from] drain|[of] p1a: Farigiraf\n|-damage|p1b: Rillaboom|62/100\n|-heal|p2b: Miraidon|85/100|[from] drain|[of] p1b: Rillaboom\n|\n|-heal|p1a: Farigiraf|75/100|[from] Grassy Terrain\n|-heal|p1b: Rillaboom|67/100|[from] Grassy Terrain\n|-heal|p2b: Miraidon|91/100|[from] Grassy Terrain\n|upkeep\n|\n|t:|1772619751\n|switch|p2a: Dondozo|Dondozo, L50, F|100/100\n|turn|3\n|\n|t:|1772619774\n|switch|p2b: Tatsugiri|Tatsugiri, L50, F|100/100\n|-activate|p2b: Tatsugiri|ability: Commander|[of] p2a: Dondozo\n|-boost|p2a: Dondozo|atk|2\n|-boost|p2a: Dondozo|spa|2\n|-boost|p2a: Dondozo|spe|2\n|-boost|p2a: Dondozo|def|2\n|-boost|p2a: Dondozo|spd|2\n|-terastallize|p2a: Dondozo|Grass\n|move|p1a: Farigiraf|Helping Hand|p1b: Rillaboom\n|-singleturn|p1b: Rillaboom|Helping Hand|[of] p1a: Farigiraf\n|move|p1b: Rillaboom|Wood Hammer|p2a: Dondozo\n|-resisted|p2a: Dondozo\n|-crit|p2a: Dondozo\n|-damage|p2a: Dondozo|44/100\n|-damage|p1b: Rillaboom|51/100|[from] item: Rocky Helmet|[of] p2a: Dondozo\n|-damage|p1b: Rillaboom|23/100|[from] Recoil\n|move|p2a: Dondozo|Order Up|p1b: Rillaboom\n|-damage|p1b: Rillaboom|0 fnt\n|faint|p1b: Rillaboom\n|-boost|p2a: Dondozo|atk|1\n|\n|-heal|p1a: Farigiraf|82/100|[from] Grassy Terrain\n|-heal|p2a: Dondozo|51/100|[from] Grassy Terrain\n|upkeep\n|\n|t:|1772619797\n|switch|p1b: Zamazenta|Zamazenta-Crowned, L50|100/100\n|-ability|p1b: Zamazenta|Dauntless Shield|boost\n|-boost|p1b: Zamazenta|def|1\n|turn|4\n|\n|t:|1772619803\n|move|p1a: Farigiraf|Foul Play|p2a: Dondozo\n|-damage|p2a: Dondozo|44/100\n|-damage|p1a: Farigiraf|65/100|[from] item: Rocky Helmet|[of] p2a: Dondozo\n|move|p2a: Dondozo|Rest|p2a: Dondozo\n|-status|p2a: Dondozo|slp|[from] move: Rest\n|-heal|p2a: Dondozo|100/100 slp|[silent]\n|move|p1b: Zamazenta|Iron Defense|p1b: Zamazenta\n|-boost|p1b: Zamazenta|def|2\n|\n|-heal|p1a: Farigiraf|71/100|[from] Grassy Terrain\n|upkeep\n|turn|5\n|\n|t:|1772619818\n|move|p1a: Farigiraf|Helping Hand|p1b: Zamazenta\n|-singleturn|p1b: Zamazenta|Helping Hand|[of] p1a: Farigiraf\n|cant|p2a: Dondozo|slp\n|move|p2a: Dondozo|Sleep Talk|p2a: Dondozo\n|move|p2a: Dondozo|Order Up|p1b: Zamazenta|[from] move: Sleep Talk\n|-resisted|p1b: Zamazenta\n|-damage|p1b: Zamazenta|86/100\n|-boost|p2a: Dondozo|atk|1\n|move|p1b: Zamazenta|Body Press|p2a: Dondozo\n|-damage|p2a: Dondozo|79/100 slp\n|-damage|p1b: Zamazenta|70/100|[from] item: Rocky Helmet|[of] p2a: Dondozo\n|\n|-heal|p1a: Farigiraf|77/100|[from] Grassy Terrain\n|-heal|p2a: Dondozo|86/100 slp|[from] Grassy Terrain\n|-heal|p1b: Zamazenta|76/100|[from] Grassy Terrain\n|-fieldend|move: Trick Room\n|-fieldend|move: Grassy Terrain\n|upkeep\n|turn|6\n|\n|t:|1772619839\n|move|p1b: Zamazenta|Body Press|p2a: Dondozo\n|-damage|p2a: Dondozo|72/100 slp\n|-damage|p1b: Zamazenta|60/100|[from] item: Rocky Helmet|[of] p2a: Dondozo\n|cant|p2a: Dondozo|slp\n|move|p2a: Dondozo|Sleep Talk|p2a: Dondozo\n|move|p2a: Dondozo|Earthquake|p1a: Farigiraf|[from] move: Sleep Talk|[spread] p1a,p1b\n|-miss|p2a: Dondozo|p2b: Tatsugiri\n|-supereffective|p1b: Zamazenta\n|-damage|p1a: Farigiraf|25/100\n|-damage|p1b: Zamazenta|1/100\n|move|p1a: Farigiraf|Trick Room|p1a: Farigiraf\n|-fieldstart|move: Trick Room|[of] p1a: Farigiraf\n|\n|upkeep\n|turn|7\n|\n|t:|1772619859\n|switch|p1b: Kyogre|Kyogre, L50|100/100\n|-weather|RainDance|[from] ability: Drizzle|[of] p1b: Kyogre\n|move|p1a: Farigiraf|Psychic|p2a: Dondozo\n|-damage|p2a: Dondozo|56/100 slp\n|-curestatus|p2a: Dondozo|slp|[msg]\n|move|p2a: Dondozo|Earthquake|p1a: Farigiraf|[spread] p1a,p1b\n|-miss|p2a: Dondozo|p2b: Tatsugiri\n|-damage|p1a: Farigiraf|0 fnt\n|-damage|p1b: Kyogre|48/100\n|faint|p1a: Farigiraf\n|\n|-weather|RainDance|[upkeep]\n|upkeep\n|\n|t:|1772619871\n|switch|p1a: Zamazenta|Zamazenta-Crowned, L50|1/100\n|turn|8\n|\n|t:|1772619879\n|move|p1a: Zamazenta|Wide Guard|p1a: Zamazenta\n|-singleturn|p1a: Zamazenta|Wide Guard\n|move|p2a: Dondozo|Rest|p2a: Dondozo\n|-status|p2a: Dondozo|slp|[from] move: Rest\n|-heal|p2a: Dondozo|100/100 slp|[silent]\n|move|p1b: Kyogre|Ice Beam|p2a: Dondozo\n|-supereffective|p2a: Dondozo\n|-damage|p2a: Dondozo|59/100 slp\n|\n|-weather|RainDance|[upkeep]\n|upkeep\n|turn|9\n|\n|t:|1772619894\n|move|p1a: Zamazenta|Wide Guard|p1a: Zamazenta\n|-singleturn|p1a: Zamazenta|Wide Guard\n|move|p1b: Kyogre|Ice Beam|p2a: Dondozo\n|-supereffective|p2a: Dondozo\n|-damage|p2a: Dondozo|17/100 slp\n|cant|p2a: Dondozo|slp\n|move|p2a: Dondozo|Sleep Talk|p2a: Dondozo\n|move|p2a: Dondozo|Rest||[from] move: Sleep Talk|[still]\n|-fail|p2a: Dondozo\n|\n|-weather|RainDance|[upkeep]\n|upkeep\n|turn|10\n|\n|t:|1772619914\n|cant|p2a: Dondozo|slp\n|move|p1b: Kyogre|Ice Beam|p2a: Dondozo\n|-supereffective|p2a: Dondozo\n|-damage|p2a: Dondozo|0 fnt\n|faint|p2a: Dondozo\n|move|p1a: Zamazenta|Body Press|p2b: Tatsugiri\n|-damage|p2b: Tatsugiri|10/100\n|\n|-weather|RainDance|[upkeep]\n|-fieldend|move: Trick Room\n|upkeep\n|j| stbaiX\n|\n|t:|1772619924\n|switch|p2a: Miraidon|Miraidon, L50|91/100\n|-fieldstart|move: Electric Terrain|[from] ability: Hadron Engine|[of] p2a: Miraidon\n|turn|11\n|-message|B1g b3luga forfeited.\n|\n|win|Zorse Mentality\n|raw|B1g b3luga's rating: 1378 &rarr; <strong>1357</strong><br />(-21 for losing)\n|raw|Zorse Mentality's rating: 1362 &rarr; <strong>1383</strong><br />(+21 for winning)\n|l|\u2606B1g b3luga\n|player|p1|\n|l|\u2606Zorse Mentality\n|player|p2|\n|l| stbaiX\n","uploadtime":1772620158,"views":12,"formatid":"gen9vgc2026regi","rating":1357,"private":0,"password":null}