{"id":"gen9vgc2026regi-2524451394","format":"[Gen 9] VGC 2026 Reg I","players":["brummes","Bman311"],"log":"|j|\u2606brummes\n|j|\u2606Bman311\n|t:|1769149902\n|gametype|doubles\n|player|p1|brummes|102|1309\n|player|p2|Bman311|cynthia-gen7|1405\n|gen|9\n|tier|[Gen 9] VGC 2026 Reg I\n|rated|\n|rule|Species Clause: Limit one of each Pok\u00e9mon\n|rule|Item Clause: Limit 1 of each item\n|clearpoke\n|poke|p1|Kyogre, L50|\n|poke|p1|Dialga-Origin, L50|\n|poke|p1|Dragonite, L50, M|\n|poke|p1|Incineroar, L50, M|\n|poke|p1|Farigiraf, L50, M|\n|poke|p1|Whimsicott, L50, F|\n|poke|p2|Miraidon, L50|\n|poke|p2|Calyrex-Ice, L50|\n|poke|p2|Incineroar, L50, M|\n|poke|p2|Farigiraf, L50, M|\n|poke|p2|Whimsicott, L50, M|\n|poke|p2|Ursaluna, L50, F|\n|teampreview|4\n|inactive|Battle timer is ON: inactive players will automatically lose when time's up. (requested by Bman311)\n|inactive|brummes has 60 seconds left.\n|inactive|brummes has 30 seconds left.\n|\n|t:|1769149968\n|teamsize|p1|4\n|teamsize|p2|4\n|start\n|switch|p1a: Dialga|Dialga-Origin, L50|100/100\n|switch|p1b: Incineroar|Incineroar, L50, M|100/100\n|switch|p2a: Miraidon|Miraidon, L50|100/100\n|switch|p2b: Farigiraf|Farigiraf, L50, M|100/100\n|-fieldstart|move: Electric Terrain|[from] ability: Hadron Engine|[of] p2a: Miraidon\n|-enditem|p2b: Farigiraf|Electric Seed\n|-boost|p2b: Farigiraf|def|1|[from] item: Electric Seed\n|-ability|p1a: Dialga|Pressure\n|-ability|p1b: Incineroar|Intimidate|boost\n|-unboost|p2a: Miraidon|atk|1\n|-unboost|p2b: Farigiraf|atk|1\n|turn|1\n|inactive|brummes has 30 seconds left.\n|inactive|brummes has 20 seconds left.\n|inactive|brummes has 15 seconds left.\n|\n|t:|1769150010\n|move|p2b: Farigiraf|Helping Hand|p2a: Miraidon\n|-singleturn|p2a: Miraidon|Helping Hand|[of] p2b: Farigiraf\n|move|p2a: Miraidon|Volt Switch|p1b: Incineroar\n|-damage|p1b: Incineroar|0 fnt\n|faint|p1b: Incineroar\n|\n|t:|1769150015\n|switch|p2a: Ursaluna|Ursaluna, L50, F|100/100|[from] Volt Switch\n|move|p1a: Dialga|Draco Meteor|p2a: Ursaluna\n|-damage|p2a: Ursaluna|6/100\n|-unboost|p1a: Dialga|spa|2\n|\n|-status|p2a: Ursaluna|brn|[from] item: Flame Orb\n|upkeep\n|\n|t:|1769150027\n|switch|p1b: Kyogre|Kyogre, L50|100/100\n|-weather|RainDance|[from] ability: Drizzle|[of] p1b: Kyogre\n|turn|2\n|\n|t:|1769150043\n|-terastallize|p2b: Farigiraf|Water\n|move|p2a: Ursaluna|Protect|p2a: Ursaluna\n|-singleturn|p2a: Ursaluna|Protect\n|move|p1b: Kyogre|Water Spout|p2a: Ursaluna|[spread] p2b\n|-activate|p2a: Ursaluna|move: Protect\n|-resisted|p2b: Farigiraf\n|-damage|p2b: Farigiraf|49/100\n|move|p1a: Dialga|Trick Room|p1a: Dialga\n|-fieldstart|move: Trick Room|[of] p1a: Dialga\n|move|p2b: Farigiraf|Trick Room|p2b: Farigiraf\n|-fieldend|move: Trick Room\n|\n|-weather|RainDance|[upkeep]\n|-damage|p2a: Ursaluna|0 fnt|[from] brn\n|faint|p2a: Ursaluna\n|upkeep\n|\n|t:|1769150054\n|switch|p2a: Miraidon|Miraidon, L50|100/100\n|-activate|p2a: Miraidon|ability: Hadron Engine\n|turn|3\n|\n|t:|1769150077\n|move|p2a: Miraidon|Draco Meteor|p1b: Kyogre|[miss]\n|-miss|p2a: Miraidon|p1b: Kyogre\n|move|p1b: Kyogre|Origin Pulse|p2a: Miraidon|[spread] p2a,p2b\n|-resisted|p2a: Miraidon\n|-resisted|p2b: Farigiraf\n|-damage|p2a: Miraidon|67/100\n|-damage|p2b: Farigiraf|13/100\n|move|p1a: Dialga|Draco Meteor|p2a: Miraidon\n|-supereffective|p2a: Miraidon\n|-crit|p2a: Miraidon\n|-damage|p2a: Miraidon|0 fnt\n|-unboost|p1a: Dialga|spa|2\n|faint|p2a: Miraidon\n|move|p2b: Farigiraf|Psychic|p1b: Kyogre\n|-damage|p1b: Kyogre|77/100\n|\n|-weather|RainDance|[upkeep]\n|upkeep\n|\n|t:|1769150079\n|switch|p2a: Calyrex|Calyrex-Ice, L50|100/100\n|-ability|p2a: Calyrex|As One\n|-ability|p2a: Calyrex|Unnerve\n|turn|4\n|\n|t:|1769150099\n|switch|p1a: Farigiraf|Farigiraf, L50, M|100/100\n|move|p2b: Farigiraf|Helping Hand|p2a: Calyrex\n|-singleturn|p2a: Calyrex|Helping Hand|[of] p2b: Farigiraf\n|move|p1b: Kyogre|Origin Pulse|p2b: Farigiraf|[spread] p2a\n|-miss|p1b: Kyogre|p2b: Farigiraf\n|-damage|p2a: Calyrex|51/100\n|move|p2a: Calyrex|Glacial Lance|p1b: Kyogre|[spread] p1a,p1b\n|-resisted|p1b: Kyogre\n|-damage|p1a: Farigiraf|32/100\n|-damage|p1b: Kyogre|39/100\n|\n|-weather|RainDance|[upkeep]\n|upkeep\n|turn|5\n|\n|t:|1769150114\n|move|p1b: Kyogre|Origin Pulse|p2b: Farigiraf|[spread] p2b\n|-miss|p1b: Kyogre|p2a: Calyrex\n|-resisted|p2b: Farigiraf\n|-crit|p2b: Farigiraf\n|-damage|p2b: Farigiraf|0 fnt\n|faint|p2b: Farigiraf\n|move|p2a: Calyrex|Glacial Lance|p1a: Farigiraf|[spread] p1a,p1b\n|-resisted|p1b: Kyogre\n|-damage|p1a: Farigiraf|0 fnt\n|-damage|p1b: Kyogre|12/100\n|faint|p1a: Farigiraf\n|-ability|p2a: Calyrex|Chilling Neigh|boost\n|-boost|p2a: Calyrex|atk|1\n|\n|-weather|RainDance|[upkeep]\n|-fieldend|move: Electric Terrain\n|upkeep\n|\n|t:|1769150126\n|switch|p1a: Dialga|Dialga-Origin, L50|100/100\n|-ability|p1a: Dialga|Pressure\n|turn|6\n|\n|t:|1769150134\n|move|p2a: Calyrex|Protect|p2a: Calyrex\n|-singleturn|p2a: Calyrex|Protect\n|move|p1b: Kyogre|Origin Pulse|p2a: Calyrex\n|-activate|p2a: Calyrex|move: Protect\n|move|p1a: Dialga|Flash Cannon|p2a: Calyrex\n|-activate|p2a: Calyrex|move: Protect\n|\n|-weather|none\n|upkeep\n|turn|7\n|\n|t:|1769150148\n|move|p1b: Kyogre|Origin Pulse|p2a: Calyrex\n|-damage|p2a: Calyrex|4/100\n|move|p1a: Dialga|Flash Cannon|p2a: Calyrex\n|-supereffective|p2a: Calyrex\n|-damage|p2a: Calyrex|0 fnt\n|faint|p2a: Calyrex\n|\n|win|brummes\n|raw|brummes's rating: 1309 &rarr; <strong>1334</strong><br />(+25 for winning)\n|raw|Bman311's rating: 1405 &rarr; <strong>1380</strong><br />(-25 for losing)\n|l|\u2606Bman311\n|player|p2|\n|l|\u2606brummes\n|player|p1|\n","uploadtime":1769150294,"views":13,"formatid":"gen9vgc2026regi","rating":1334,"private":0,"password":null}