{"id":"gen9vgc2026regi-2586833943","format":"[Gen 9] VGC 2026 Reg I","players":["Shagrathisbeast","Alejandro Almada"],"log":"|j|\u2606Shagrathisbeast\n|j|\u2606Alejandro Almada\n|t:|1776463777\n|gametype|doubles\n|player|p1|Shagrathisbeast|169|1556\n|player|p2|Alejandro Almada|1|1509\n|gen|9\n|tier|[Gen 9] VGC 2026 Reg I\n|rated|\n|rule|Species Clause: Limit one of each Pok\u00e9mon\n|rule|Item Clause: Limit 1 of each item\n|clearpoke\n|poke|p1|Terapagos, L50, M|\n|poke|p1|Clefairy, L50, M|\n|poke|p1|Ogerpon-Hearthflame, L50, F|\n|poke|p1|Calyrex-Shadow, L50|\n|poke|p1|Incineroar, L50, F|\n|poke|p1|Rillaboom, L50, M|\n|poke|p2|Lunala, L50|\n|poke|p2|Ursaluna, L50, M|\n|poke|p2|Urshifu-*, L50, M|\n|poke|p2|Miraidon, L50|\n|poke|p2|Grimmsnarl, L50, M|\n|poke|p2|Incineroar, L50, M|\n|teampreview|4\n|\n|t:|1776463797\n|teamsize|p1|4\n|teamsize|p2|4\n|start\n|switch|p1a: Clefairy|Clefairy, L50, M, shiny|100/100\n|switch|p1b: Terapagos|Terapagos, L50, M|100/100\n|switch|p2a: Grimmsnarl|Grimmsnarl, L50, M|100/100\n|switch|p2b: Urshifu|Urshifu-Rapid-Strike, L50, M|100/100\n|-activate|p1b: Terapagos|ability: Tera Shift\n|detailschange|p1b: Terapagos|Terapagos-Terastal, L50, M\n|-heal|p1b: Terapagos|100/100|[silent]\n|turn|1\n|inactive|Battle timer is ON: inactive players will automatically lose when time's up. (requested by Alejandro Almada)\n|\n|t:|1776463821\n|move|p1a: Clefairy|Follow Me|p1a: Clefairy\n|-singleturn|p1a: Clefairy|move: Follow Me\n|move|p2a: Grimmsnarl|Thunder Wave|p1a: Clefairy\n|-status|p1a: Clefairy|par\n|move|p2b: Urshifu|Surging Strikes|p1a: Clefairy\n|-crit|p1a: Clefairy\n|-damage|p1a: Clefairy|78/100 par\n|-crit|p1a: Clefairy\n|-damage|p1a: Clefairy|54/100 par\n|-crit|p1a: Clefairy\n|-damage|p1a: Clefairy|30/100 par\n|-hitcount|p1a: Clefairy|3\n|move|p1b: Terapagos|Calm Mind|p1b: Terapagos\n|-boost|p1b: Terapagos|spa|1\n|-boost|p1b: Terapagos|spd|1\n|\n|upkeep\n|turn|2\n|\n|t:|1776463841\n|move|p1a: Clefairy|Follow Me|p1a: Clefairy\n|-singleturn|p1a: Clefairy|move: Follow Me\n|move|p2a: Grimmsnarl|Light Screen|p2a: Grimmsnarl\n|-sidestart|p2: Alejandro Almada|move: Light Screen\n|move|p2b: Urshifu|Surging Strikes|p1a: Clefairy\n|-crit|p1a: Clefairy\n|-damage|p1a: Clefairy|6/100 par\n|-crit|p1a: Clefairy\n|-damage|p1a: Clefairy|0 fnt\n|faint|p1a: Clefairy\n|-hitcount|p1: Clefairy|2\n|move|p1b: Terapagos|Calm Mind|p1b: Terapagos\n|-boost|p1b: Terapagos|spa|1\n|-boost|p1b: Terapagos|spd|1\n|\n|upkeep\n|\n|t:|1776463844\n|switch|p1a: Rillaboom|Rillaboom, L50, M, shiny|100/100\n|-fieldstart|move: Grassy Terrain|[from] ability: Grassy Surge|[of] p1a: Rillaboom\n|turn|3\n|\n|t:|1776463854\n|-terastallize|p2b: Urshifu|Ghost\n|move|p1a: Rillaboom|Fake Out|p2a: Grimmsnarl\n|-damage|p2a: Grimmsnarl|85/100\n|move|p2b: Urshifu|Surging Strikes|p1b: Terapagos\n|-activate|p1b: Terapagos|ability: Tera Shell\n|-resisted|p1b: Terapagos\n|-crit|p1b: Terapagos\n|-damage|p1b: Terapagos|87/100\n|-resisted|p1b: Terapagos\n|-crit|p1b: Terapagos\n|-damage|p1b: Terapagos|75/100\n|-resisted|p1b: Terapagos\n|-crit|p1b: Terapagos\n|-damage|p1b: Terapagos|64/100\n|-hitcount|p1b: Terapagos|3\n|move|p1b: Terapagos|Tera Starstorm|p2a: Grimmsnarl\n|-damage|p2a: Grimmsnarl|23/100\n|cant|p2a: Grimmsnarl|flinch\n|\n|-heal|p1b: Terapagos|70/100|[from] Grassy Terrain\n|-heal|p1b: Terapagos|76/100|[from] item: Leftovers\n|-heal|p2a: Grimmsnarl|29/100|[from] Grassy Terrain\n|upkeep\n|turn|4\n|inactive|Shagrathisbeast has 30 seconds left.\n|inactive|Alejandro Almada has 30 seconds left.\n|inactive|Shagrathisbeast has 20 seconds left.\n|inactive|Alejandro Almada has 20 seconds left.\n|inactive|Shagrathisbeast has 15 seconds left.\n|inactive|Alejandro Almada has 15 seconds left.\n|\n|t:|1776463896\n|-terastallize|p1b: Terapagos|Stellar\n|detailschange|p1b: Terapagos|Terapagos-Stellar, L50, M, tera:Stellar\n|-heal|p1b: Terapagos|82/100|[silent]\n|-ability|p1b: Terapagos|Teraform Zero\n|-fieldend|move: Grassy Terrain\n|move|p2b: Urshifu|Surging Strikes|p1b: Terapagos\n|-crit|p1b: Terapagos\n|-damage|p1b: Terapagos|62/100\n|-crit|p1b: Terapagos\n|-damage|p1b: Terapagos|43/100\n|-crit|p1b: Terapagos\n|-damage|p1b: Terapagos|24/100\n|-hitcount|p1b: Terapagos|3\n|move|p1a: Rillaboom|U-turn|p2b: Urshifu\n|-resisted|p2b: Urshifu\n|-damage|p2b: Urshifu|88/100\n|\n|t:|1776463910\n|switch|p1a: Calyrex|Calyrex-Shadow, L50|100/100|[from] U-turn\n|-ability|p1a: Calyrex|As One\n|-ability|p1a: Calyrex|Unnerve\n|move|p1b: Terapagos|Tera Starstorm|p2b: Urshifu|[spread] p2a,p2b\n|-supereffective|p2b: Urshifu\n|-damage|p2a: Grimmsnarl|0 fnt\n|-damage|p2b: Urshifu|0 fnt\n|faint|p2a: Grimmsnarl\n|faint|p2b: Urshifu\n|\n|-heal|p1b: Terapagos|30/100|[from] item: Leftovers\n|upkeep\n|\n|t:|1776463914\n|switch|p2b: Lunala|Lunala, L50|100/100\n|switch|p2a: Ursaluna|Ursaluna, L50, M|100/100\n|turn|5\n|\n|t:|1776463938\n|switch|p1a: Rillaboom|Rillaboom, L50, M, shiny|100/100\n|-fieldstart|move: Grassy Terrain|[from] ability: Grassy Surge|[of] p1a: Rillaboom\n|move|p2b: Lunala|Wide Guard|p2b: Lunala\n|-singleturn|p2b: Lunala|Wide Guard\n|move|p1b: Terapagos|Earth Power|p2b: Lunala\n|-damage|p2b: Lunala|80/100\n|move|p2a: Ursaluna|Earthquake|p1a: Rillaboom|[spread] p1a,p1b\n|-activate|p2b: Lunala|move: Wide Guard\n|-resisted|p1a: Rillaboom\n|-damage|p1a: Rillaboom|89/100\n|-damage|p1b: Terapagos|16/100\n|\n|-heal|p2b: Lunala|87/100|[from] Grassy Terrain\n|-heal|p1a: Rillaboom|95/100|[from] Grassy Terrain\n|-heal|p1b: Terapagos|22/100|[from] Grassy Terrain\n|-heal|p1b: Terapagos|29/100|[from] item: Leftovers\n|-status|p2a: Ursaluna|brn|[from] item: Flame Orb\n|upkeep\n|turn|6\n|\n|t:|1776463953\n|move|p1b: Terapagos|Protect|p1b: Terapagos\n|-singleturn|p1b: Terapagos|Protect\n|move|p1a: Rillaboom|Wood Hammer|p2a: Ursaluna\n|-supereffective|p2a: Ursaluna\n|-damage|p2a: Ursaluna|0 fnt\n|faint|p2a: Ursaluna\n|-damage|p1a: Rillaboom|57/100|[from] Recoil\n|move|p2b: Lunala|Trick Room|p2b: Lunala\n|-fieldstart|move: Trick Room|[of] p2b: Lunala\n|\n|-heal|p1b: Terapagos|35/100|[from] Grassy Terrain\n|-heal|p1b: Terapagos|41/100|[from] item: Leftovers\n|-heal|p1a: Rillaboom|63/100|[from] Grassy Terrain\n|-heal|p2b: Lunala|93/100|[from] Grassy Terrain\n|upkeep\n|turn|7\n|-message|Alejandro Almada forfeited.\n|\n|win|Shagrathisbeast\n|raw|Shagrathisbeast's rating: 1556 &rarr; <strong>1573</strong><br />(+17 for winning)\n|raw|Alejandro Almada's rating: 1509 &rarr; <strong>1492</strong><br />(-17 for losing)\n|l|\u2606Alejandro Almada\n|player|p2|\n|l|\u2606Shagrathisbeast\n|player|p1|\n","uploadtime":1776464163,"views":14,"formatid":"gen9vgc2026regi","rating":1492,"private":0,"password":null}