{"id":"gen9vgc2026regi-2573475005","format":"[Gen 9] VGC 2026 Reg I","players":["ArisHazard","I\u2764\ufe0f\u5a1c\u7984Forever"],"log":"|j|\u2606ArisHazard\n|j|\u2606I\u2764\ufe0f\u5a1c\u7984Forever\n|t:|1775139932\n|gametype|doubles\n|player|p1|ArisHazard|266|1378\n|player|p2|I\u2764\ufe0f\u5a1c\u7984Forever|youngcouple-gen4dp|1479\n|gen|9\n|tier|[Gen 9] VGC 2026 Reg I\n|rated|\n|rule|Species Clause: Limit one of each Pok\u00e9mon\n|rule|Item Clause: Limit 1 of each item\n|clearpoke\n|poke|p1|Calyrex-Ice, L50|\n|poke|p1|Hitmontop, L50, M|\n|poke|p1|Miraidon, L50|\n|poke|p1|Sableye, L50, M|\n|poke|p1|Ting-Lu, L50|\n|poke|p1|Volcarona, L50, M|\n|poke|p2|Groudon, L50|\n|poke|p2|Kyurem-White, L50|\n|poke|p2|Heatran, L50, M|\n|poke|p2|Whimsicott, L50, F|\n|poke|p2|Ditto, L50|\n|poke|p2|Flutter Mane, L50|\n|teampreview|4\n|inactive|Battle timer is ON: inactive players will automatically lose when time's up. (requested by ArisHazard)\n|\n|t:|1775139973\n|teamsize|p1|4\n|teamsize|p2|4\n|start\n|switch|p1a: Calyrex|Calyrex-Ice, L50|100/100\n|switch|p1b: Hitmontop|Hitmontop, L50, M|100/100\n|switch|p2a: Groudon|Groudon, L50|100/100\n|switch|p2b: Flutter Mane|Flutter Mane, L50|100/100\n|-ability|p1a: Calyrex|As One\n|-ability|p1a: Calyrex|Unnerve\n|-weather|SunnyDay|[from] ability: Drought|[of] p2a: Groudon\n|-activate|p2b: Flutter Mane|ability: Protosynthesis\n|-start|p2b: Flutter Mane|protosynthesisspa\n|-ability|p1b: Hitmontop|Intimidate|boost\n|-unboost|p2a: Groudon|atk|1\n|-unboost|p2b: Flutter Mane|atk|1\n|turn|1\n|\n|t:|1775139990\n|move|p1a: Calyrex|Protect|p1a: Calyrex\n|-singleturn|p1a: Calyrex|Protect\n|move|p2b: Flutter Mane|Dazzling Gleam|p1b: Hitmontop|[spread] p1b\n|-activate|p1a: Calyrex|move: Protect\n|-supereffective|p1b: Hitmontop\n|-damage|p1b: Hitmontop|0 fnt\n|faint|p1b: Hitmontop\n|move|p2a: Groudon|Precipice Blades|p1a: Calyrex\n|-activate|p1a: Calyrex|move: Protect\n|\n|-weather|SunnyDay|[upkeep]\n|upkeep\n|\n|t:|1775140002\n|switch|p1b: Sableye|Sableye, L50, M|100/100\n|turn|2\n|\n|t:|1775140011\n|move|p1b: Sableye|Disable|p2b: Flutter Mane\n|-start|p2b: Flutter Mane|Disable|Dazzling Gleam\n|cant|p2b: Flutter Mane|Disable|Dazzling Gleam\n|move|p2a: Groudon|Heat Crash|p1b: Sableye\n|-damage|p1b: Sableye|39/100\n|-enditem|p1b: Sableye|Sitrus Berry|[eat]\n|-heal|p1b: Sableye|64/100|[from] item: Sitrus Berry\n|move|p1a: Calyrex|Glacial Lance|p2b: Flutter Mane|[spread] p2a,p2b\n|-supereffective|p2a: Groudon\n|-damage|p2a: Groudon|30/100\n|-damage|p2b: Flutter Mane|9/100\n|\n|-weather|SunnyDay|[upkeep]\n|upkeep\n|turn|3\n|\n|t:|1775140036\n|-end|p2b: Flutter Mane|Protosynthesis|[silent]\n|switch|p2b: Kyurem|Kyurem-White, L50|100/100\n|-ability|p2b: Kyurem|Turboblaze\n|-terastallize|p1a: Calyrex|Fire\n|move|p1b: Sableye|Encore|p2a: Groudon\n|-start|p2a: Groudon|Encore\n|move|p2a: Groudon|Heat Crash|p1b: Sableye\n|-damage|p1b: Sableye|4/100\n|move|p1a: Calyrex|Glacial Lance|p2b: Kyurem|[spread] p2a,p2b\n|-supereffective|p2a: Groudon\n|-damage|p2a: Groudon|0 fnt\n|-damage|p2b: Kyurem|55/100\n|faint|p2a: Groudon\n|-ability|p1a: Calyrex|Chilling Neigh|boost\n|-boost|p1a: Calyrex|atk|1\n|\n|-weather|SunnyDay|[upkeep]\n|upkeep\n|\n|t:|1775140051\n|switch|p2a: Flutter Mane|Flutter Mane, L50|9/100\n|-activate|p2a: Flutter Mane|ability: Protosynthesis\n|-start|p2a: Flutter Mane|protosynthesisspa\n|turn|4\n|\n|t:|1775140059\n|move|p1b: Sableye|Protect|p1b: Sableye\n|-singleturn|p1b: Sableye|Protect\n|move|p1a: Calyrex|Protect|p1a: Calyrex\n|-singleturn|p1a: Calyrex|Protect\n|move|p2a: Flutter Mane|Power Gem|p1a: Calyrex\n|-activate|p1a: Calyrex|move: Protect\n|move|p2b: Kyurem|Blizzard|p1a: Calyrex|[spread] \n|-activate|p1a: Calyrex|move: Protect\n|-activate|p1b: Sableye|move: Protect\n|\n|-weather|SunnyDay|[upkeep]\n|upkeep\n|turn|5\n|\n|t:|1775140073\n|move|p1b: Sableye|Disable|p2a: Flutter Mane\n|-start|p2a: Flutter Mane|Disable|Power Gem\n|cant|p2a: Flutter Mane|Disable|Power Gem\n|move|p2b: Kyurem|Shadow Ball|p1a: Calyrex\n|-damage|p1a: Calyrex|77/100\n|move|p1a: Calyrex|Glacial Lance|p2b: Kyurem|[spread] p2a,p2b\n|-crit|p2a: Flutter Mane\n|-damage|p2a: Flutter Mane|0 fnt\n|-damage|p2b: Kyurem|0 fnt\n|faint|p2a: Flutter Mane\n|-end|p2a: Flutter Mane|Protosynthesis|[silent]\n|faint|p2b: Kyurem\n|-ability|p1a: Calyrex|Chilling Neigh|boost\n|-boost|p1a: Calyrex|atk|2\n|\n|-weather|none\n|upkeep\n|\n|t:|1775140084\n|switch|p2b: Ditto|Ditto, L50|100/100\n|-transform|p2b: Ditto|p1a: Calyrex|[from] ability: Imposter\n|-ability|p2b: Ditto|As One\n|-ability|p2b: Ditto|Unnerve\n|-start|p2b: Ditto|typechange|Psychic/Ice|[silent]\n|turn|6\n|j| kazz2706\n|\n|t:|1775140097\n|move|p1b: Sableye|Protect|p1b: Sableye\n|-singleturn|p1b: Sableye|Protect\n|move|p1a: Calyrex|Protect|p1a: Calyrex\n|-singleturn|p1a: Calyrex|Protect\n|move|p2b: Ditto|Stomping Tantrum|p1a: Calyrex\n|-activate|p1a: Calyrex|move: Protect\n|\n|upkeep\n|turn|7\n|\n|t:|1775140109\n|move|p1b: Sableye|Disable|p2b: Ditto|[miss]\n|-miss|p1b: Sableye|p2b: Ditto\n|move|p1a: Calyrex|Glacial Lance|p2b: Ditto|[miss]\n|-miss|p1a: Calyrex|p2b: Ditto\n|move|p2b: Ditto|Glacial Lance|p1a: Calyrex|[spread] p1a,p1b\n|-resisted|p1a: Calyrex\n|-damage|p1a: Calyrex|29/100\n|-damage|p1b: Sableye|0 fnt\n|faint|p1b: Sableye\n|-ability|p2b: Ditto|Chilling Neigh|boost\n|-boost|p2b: Ditto|atk|1\n|\n|upkeep\n|\n|t:|1775140121\n|switch|p1b: Ting-Lu|Ting-Lu, L50|100/100\n|-ability|p1b: Ting-Lu|Vessel of Ruin\n|turn|8\n|l| kazz2706\n|\n|t:|1775140127\n|move|p1b: Ting-Lu|Ruination|p2b: Ditto\n|-damage|p2b: Ditto|51/100\n|move|p2b: Ditto|Glacial Lance|p1b: Ting-Lu|[spread] p1a,p1b\n|-resisted|p1a: Calyrex\n|-supereffective|p1b: Ting-Lu\n|-damage|p1a: Calyrex|0 fnt\n|-damage|p1b: Ting-Lu|0 fnt\n|faint|p1a: Calyrex\n|faint|p1b: Ting-Lu\n|\n|win|I\u2764\ufe0f\u5a1c\u7984Forever\n|raw|ArisHazard's rating: 1378 &rarr; <strong>1364</strong><br />(-14 for losing)\n|raw|I\u2764\ufe0f\u5a1c\u7984Forever's rating: 1479 &rarr; <strong>1493</strong><br />(+14 for winning)\n|l|\u2606ArisHazard\n|player|p1|\n|l|\u2606I\u2764\ufe0f\u5a1c\u7984Forever\n|player|p2|\n","uploadtime":1775140293,"views":11,"formatid":"gen9vgc2026regi","rating":1364,"private":0,"password":null}