{"id":"gen9vgc2026regi-2536541705","format":"[Gen 9] VGC 2026 Reg I","players":["xianbutinghua","blackred123"],"log":"|j|\u2606xianbutinghua\n|j|\u2606blackred123\n|t:|1770702218\n|gametype|doubles\n|player|p1|xianbutinghua|winona|1411\n|player|p2|blackred123|iono-masters|1342\n|gen|9\n|tier|[Gen 9] VGC 2026 Reg I\n|rated|\n|rule|Species Clause: Limit one of each Pok\u00e9mon\n|rule|Item Clause: Limit 1 of each item\n|clearpoke\n|poke|p1|Kyogre, L50|\n|poke|p1|Calyrex-Ice, L50|\n|poke|p1|Whimsicott, L50, F|\n|poke|p1|Regieleki, L50|\n|poke|p1|Flamigo, L50, M|\n|poke|p1|Bruxish, L50, F|\n|poke|p2|Zamazenta-*, L50|\n|poke|p2|Calyrex-Shadow, L50|\n|poke|p2|Tornadus, L50, M|\n|poke|p2|Rillaboom, L50, M|\n|poke|p2|Smeargle, L50, M|\n|poke|p2|Raging Bolt, L50|\n|teampreview|4\n|inactive|Battle timer is ON: inactive players will automatically lose when time's up. (requested by xianbutinghua)\n|inactive|blackred123 also wants the timer to be on.\n|j| amcooked\n|j| lunala fairy ghost\n|inactive|xianbutinghua has 60 seconds left.\n|\n|t:|1770702249\n|teamsize|p1|4\n|teamsize|p2|4\n|start\n|switch|p1a: Kyogre|Kyogre, L50|100/100\n|switch|p1b: Flamigo|Flamigo, L50, M|100/100\n|switch|p2a: \u556a\u53fd\u556a\uff08\u5657\u53fd\u58f0\uff09|Zamazenta-Crowned, L50|100/100\n|switch|p2b: \u9694\u58c1\u8001\u738b\u7231\u9001\u8349\u539f|Rillaboom, L50, M|100/100\n|-ability|p2a: \u556a\u53fd\u556a\uff08\u5657\u53fd\u58f0\uff09|Dauntless Shield|boost\n|-boost|p2a: \u556a\u53fd\u556a\uff08\u5657\u53fd\u58f0\uff09|def|1\n|-weather|RainDance|[from] ability: Drizzle|[of] p1a: Kyogre\n|-fieldstart|move: Grassy Terrain|[from] ability: Grassy Surge|[of] p2b: \u9694\u58c1\u8001\u738b\u7231\u9001\u8349\u539f\n|turn|1\n|\n|t:|1770702265\n|move|p1b: Flamigo|Quick Guard|p1b: Flamigo\n|-singleturn|p1b: Flamigo|Quick Guard\n|move|p2b: \u9694\u58c1\u8001\u738b\u7231\u9001\u8349\u539f|Fake Out|p1b: Flamigo\n|-activate|p1b: Flamigo|move: Quick Guard\n|move|p2a: \u556a\u53fd\u556a\uff08\u5657\u53fd\u58f0\uff09|Heavy Slam|p1b: Flamigo\n|-damage|p1b: Flamigo|31/100\n|move|p1a: Kyogre|Origin Pulse|p2a: \u556a\u53fd\u556a\uff08\u5657\u53fd\u58f0\uff09|[spread] p2a,p2b\n|-resisted|p2b: \u9694\u58c1\u8001\u738b\u7231\u9001\u8349\u539f\n|-damage|p2a: \u556a\u53fd\u556a\uff08\u5657\u53fd\u58f0\uff09|38/100\n|-damage|p2b: \u9694\u58c1\u8001\u738b\u7231\u9001\u8349\u539f|72/100\n|\n|-weather|RainDance|[upkeep]\n|-heal|p2a: \u556a\u53fd\u556a\uff08\u5657\u53fd\u58f0\uff09|44/100|[from] Grassy Terrain\n|-heal|p2b: \u9694\u58c1\u8001\u738b\u7231\u9001\u8349\u539f|78/100|[from] Grassy Terrain\n|upkeep\n|turn|2\n|l| lunala fairy ghost\n|inactive|xianbutinghua has 30 seconds left.\n|inactive|blackred123 has 30 seconds left.\n|\n|t:|1770702300\n|-terastallize|p2a: \u556a\u53fd\u556a\uff08\u5657\u53fd\u58f0\uff09|Grass\n|move|p1b: Flamigo|Feint|p2b: \u9694\u58c1\u8001\u738b\u7231\u9001\u8349\u539f\n|-damage|p2b: \u9694\u58c1\u8001\u738b\u7231\u9001\u8349\u539f|65/100\n|-damage|p1b: Flamigo|22/100|[from] item: Life Orb\n|move|p2a: \u556a\u53fd\u556a\uff08\u5657\u53fd\u58f0\uff09|Heavy Slam|p1b: Flamigo\n|-damage|p1b: Flamigo|0 fnt\n|faint|p1b: Flamigo\n|move|p1a: Kyogre|Origin Pulse|p2a: \u556a\u53fd\u556a\uff08\u5657\u53fd\u58f0\uff09|[spread] p2a,p2b\n|-resisted|p2a: \u556a\u53fd\u556a\uff08\u5657\u53fd\u58f0\uff09\n|-resisted|p2b: \u9694\u58c1\u8001\u738b\u7231\u9001\u8349\u539f\n|-damage|p2a: \u556a\u53fd\u556a\uff08\u5657\u53fd\u58f0\uff09|10/100\n|-damage|p2b: \u9694\u58c1\u8001\u738b\u7231\u9001\u8349\u539f|34/100\n|move|p2b: \u9694\u58c1\u8001\u738b\u7231\u9001\u8349\u539f|Wood Hammer|p1a: Kyogre\n|-supereffective|p1a: Kyogre\n|-damage|p1a: Kyogre|0 fnt\n|faint|p1a: Kyogre\n|-damage|p2b: \u9694\u58c1\u8001\u738b\u7231\u9001\u8349\u539f|5/100|[from] Recoil\n|\n|-weather|RainDance|[upkeep]\n|-heal|p2a: \u556a\u53fd\u556a\uff08\u5657\u53fd\u58f0\uff09|15/100|[from] Grassy Terrain\n|-heal|p2b: \u9694\u58c1\u8001\u738b\u7231\u9001\u8349\u539f|11/100|[from] Grassy Terrain\n|upkeep\n|\n|t:|1770702307\n|switch|p1b: Regieleki|Regieleki, L50|100/100\n|switch|p1a: Calyrex|Calyrex-Ice, L50|100/100\n|-ability|p1a: Calyrex|As One\n|-ability|p1a: Calyrex|Unnerve\n|turn|3\n|\n|t:|1770702329\n|switch|p2b: \u7d2b\u5c3e\u723d\u98de|Tornadus, L50, M|100/100\n|-terastallize|p1a: Calyrex|Grass\n|move|p2a: \u556a\u53fd\u556a\uff08\u5657\u53fd\u58f0\uff09|Protect|p2a: \u556a\u53fd\u556a\uff08\u5657\u53fd\u58f0\uff09\n|-singleturn|p2a: \u556a\u53fd\u556a\uff08\u5657\u53fd\u58f0\uff09|Protect\n|move|p1b: Regieleki|Thunderbolt|p2a: \u556a\u53fd\u556a\uff08\u5657\u53fd\u58f0\uff09\n|-activate|p2a: \u556a\u53fd\u556a\uff08\u5657\u53fd\u58f0\uff09|move: Protect\n|move|p1a: Calyrex|Glacial Lance|p2a: \u556a\u53fd\u556a\uff08\u5657\u53fd\u58f0\uff09|[spread] p2b\n|-activate|p2a: \u556a\u53fd\u556a\uff08\u5657\u53fd\u58f0\uff09|move: Protect\n|-supereffective|p2b: \u7d2b\u5c3e\u723d\u98de\n|-damage|p2b: \u7d2b\u5c3e\u723d\u98de|0 fnt\n|faint|p2b: \u7d2b\u5c3e\u723d\u98de\n|-ability|p1a: Calyrex|Chilling Neigh|boost\n|-boost|p1a: Calyrex|atk|1\n|\n|-weather|RainDance|[upkeep]\n|-heal|p2a: \u556a\u53fd\u556a\uff08\u5657\u53fd\u58f0\uff09|21/100|[from] Grassy Terrain\n|upkeep\n|\n|t:|1770702340\n|switch|p2b: \u9694\u58c1\u8001\u738b\u7231\u9001\u8349\u539f|Rillaboom, L50, M|11/100\n|turn|4\n|inactive|blackred123 has 30 seconds left.\n|\n|t:|1770702369\n|move|p2b: \u9694\u58c1\u8001\u738b\u7231\u9001\u8349\u539f|Fake Out|p1b: Regieleki\n|-damage|p1b: Regieleki|74/100\n|cant|p1b: Regieleki|flinch\n|move|p2a: \u556a\u53fd\u556a\uff08\u5657\u53fd\u58f0\uff09|Body Press|p1a: Calyrex\n|-damage|p1a: Calyrex|61/100\n|move|p1a: Calyrex|Glacial Lance|p2b: \u9694\u58c1\u8001\u738b\u7231\u9001\u8349\u539f|[spread] p2a,p2b\n|-supereffective|p2a: \u556a\u53fd\u556a\uff08\u5657\u53fd\u58f0\uff09\n|-supereffective|p2b: \u9694\u58c1\u8001\u738b\u7231\u9001\u8349\u539f\n|-damage|p2a: \u556a\u53fd\u556a\uff08\u5657\u53fd\u58f0\uff09|0 fnt\n|-damage|p2b: \u9694\u58c1\u8001\u738b\u7231\u9001\u8349\u539f|0 fnt\n|faint|p2a: \u556a\u53fd\u556a\uff08\u5657\u53fd\u58f0\uff09\n|faint|p2b: \u9694\u58c1\u8001\u738b\u7231\u9001\u8349\u539f\n|-ability|p1a: Calyrex|Chilling Neigh|boost\n|-boost|p1a: Calyrex|atk|2\n|\n|-weather|RainDance|[upkeep]\n|-heal|p1b: Regieleki|80/100|[from] Grassy Terrain\n|-heal|p1a: Calyrex|67/100|[from] Grassy Terrain\n|upkeep\n|\n|t:|1770702377\n|switch|p2b: \u9a6c\u6b7b\u4e86|Calyrex-Shadow, L50|100/100\n|-ability|p2b: \u9a6c\u6b7b\u4e86|As One\n|-ability|p2b: \u9a6c\u6b7b\u4e86|Unnerve\n|turn|5\n|\n|t:|1770702383\n|move|p1b: Regieleki|Thunderbolt|p2b: \u9a6c\u6b7b\u4e86\n|-crit|p2b: \u9a6c\u6b7b\u4e86\n|-damage|p2b: \u9a6c\u6b7b\u4e86|0 fnt\n|faint|p2b: \u9a6c\u6b7b\u4e86\n|\n|win|xianbutinghua\n|raw|xianbutinghua's rating: 1411 &rarr; <strong>1427</strong><br />(+16 for winning)\n|raw|blackred123's rating: 1342 &rarr; <strong>1326</strong><br />(-16 for losing)\n|l|\u2606xianbutinghua\n|player|p1|\n","uploadtime":1770702630,"views":11,"formatid":"gen9vgc2026regi","rating":1326,"private":0,"password":null}