{"id":"gen9vgc2026regi-2562001637","format":"[Gen 9] VGC 2026 Reg I","players":["Jonen","FreeBagels"],"log":"|j|\u2606Jonen\n|j|\u2606FreeBagels\n|t:|1773861994\n|gametype|doubles\n|player|p1|Jonen|hiker-gen4|1391\n|player|p2|FreeBagels|lucas|1436\n|gen|9\n|tier|[Gen 9] VGC 2026 Reg I\n|rated|\n|rule|Species Clause: Limit one of each Pok\u00e9mon\n|rule|Item Clause: Limit 1 of each item\n|clearpoke\n|poke|p1|Miraidon, L50|\n|poke|p1|Calyrex-Ice, L50|\n|poke|p1|Urshifu-*, L50, F|\n|poke|p1|Sneasler, L50, M|\n|poke|p1|Incineroar, L50, F|\n|poke|p1|Ditto, L50|\n|poke|p2|Groudon, L50|\n|poke|p2|Raging Bolt, L50|\n|poke|p2|Calyrex-Ice, L50|\n|poke|p2|Chi-Yu, L50|\n|poke|p2|Smeargle, L50, M|\n|poke|p2|Jumpluff, L50, F|\n|teampreview|4\n|inactive|Battle timer is ON: inactive players will automatically lose when time's up. (requested by Jonen)\n|inactive|Jonen has 60 seconds left.\n|\n|t:|1773862042\n|teamsize|p1|4\n|teamsize|p2|4\n|start\n|switch|p1a: Miraidon|Miraidon, L50|100/100\n|switch|p1b: Incineroar|Incineroar, L50, F|100/100\n|switch|p2a: Jumpluff|Jumpluff, L50, F|100/100\n|switch|p2b: Groudon|Groudon, L50|100/100\n|-fieldstart|move: Electric Terrain|[from] ability: Hadron Engine|[of] p1a: Miraidon\n|-weather|SunnyDay|[from] ability: Drought|[of] p2b: Groudon\n|-ability|p1b: Incineroar|Intimidate|boost\n|-unboost|p2a: Jumpluff|atk|1\n|-fail|p2b: Groudon|unboost|[from] item: Clear Amulet|[of] p2b: Groudon\n|turn|1\n|inactive|FreeBagels has 30 seconds left.\n|\n|t:|1773862076\n|move|p1b: Incineroar|Fake Out|p2b: Groudon\n|-damage|p2b: Groudon|93/100\n|move|p2a: Jumpluff|Tailwind|p2a: Jumpluff\n|-sidestart|p2: FreeBagels|move: Tailwind\n|cant|p2b: Groudon|flinch\n|move|p1a: Miraidon|Volt Switch|p2a: Jumpluff\n|-damage|p2a: Jumpluff|8/100\n|-damage|p1a: Miraidon|91/100|[from] item: Life Orb\n|\n|t:|1773862088\n|switch|p1a: Sneasler|Sneasler, L50, M|100/100|[from] Volt Switch\n|-enditem|p1a: Sneasler|Electric Seed\n|-boost|p1a: Sneasler|def|1|[from] item: Electric Seed\n|\n|-weather|SunnyDay|[upkeep]\n|upkeep\n|turn|2\n|\n|t:|1773862105\n|-terastallize|p1b: Incineroar|Bug\n|move|p1a: Sneasler|Protect|p1a: Sneasler\n|-singleturn|p1a: Sneasler|Protect\n|move|p2a: Jumpluff|Encore|p1b: Incineroar\n|-start|p1b: Incineroar|Encore\n|move|p2b: Groudon|Precipice Blades|p1b: Incineroar|[spread] p1b\n|-activate|p1a: Sneasler|move: Protect\n|-resisted|p1b: Incineroar\n|-damage|p1b: Incineroar|76/100\n|move|p1b: Incineroar|Fake Out||[still]\n|-hint|Fake Out only works on your first turn out.\n|-fail|p1b: Incineroar\n|\n|-weather|SunnyDay|[upkeep]\n|upkeep\n|turn|3\n|\n|t:|1773862121\n|switch|p1b: Ditto|Ditto, L50|100/100\n|-transform|p1b: Ditto|p2a: Jumpluff|[from] ability: Imposter\n|move|p2a: Jumpluff|Encore|p1a: Sneasler\n|-start|p1a: Sneasler|Encore\n|move|p1a: Sneasler|Protect||[still]\n|-fail|p1a: Sneasler\n|move|p2b: Groudon|Swords Dance|p2b: Groudon\n|-boost|p2b: Groudon|atk|2\n|\n|-weather|SunnyDay|[upkeep]\n|upkeep\n|turn|4\n|inactive|Jonen has 30 seconds left.\n|inactive|FreeBagels has 30 seconds left.\n|\n|t:|1773862151\n|switch|p1a: Miraidon|Miraidon, L50|91/100\n|-activate|p1a: Miraidon|ability: Hadron Engine\n|move|p2a: Jumpluff|Pollen Puff|p1b: Ditto\n|-damage|p1b: Ditto|84/100\n|move|p1b: Ditto|Encore|p2b: Groudon\n|-start|p2b: Groudon|Encore\n|move|p2b: Groudon|Swords Dance|p2b: Groudon\n|-boost|p2b: Groudon|atk|2\n|\n|-weather|SunnyDay|[upkeep]\n|-sideend|p2: FreeBagels|move: Tailwind\n|upkeep\n|turn|5\n|inactive|Jonen has 30 seconds left.\n|\n|t:|1773862178\n|switch|p1b: Incineroar|Incineroar, L50, F, tera:Bug|76/100\n|-ability|p1b: Incineroar|Intimidate|boost\n|-unboost|p2a: Jumpluff|atk|1\n|-fail|p2b: Groudon|unboost|[from] item: Clear Amulet|[of] p2b: Groudon\n|switch|p2b: Chi-Yu|Chi-Yu, L50|100/100\n|-ability|p2b: Chi-Yu|Beads of Ruin\n|move|p2a: Jumpluff|Tailwind|p2a: Jumpluff\n|-sidestart|p2: FreeBagels|move: Tailwind\n|move|p1a: Miraidon|Draco Meteor|p2b: Chi-Yu\n|-damage|p2b: Chi-Yu|0 fnt\n|-unboost|p1a: Miraidon|spa|2\n|faint|p2b: Chi-Yu\n|-damage|p1a: Miraidon|81/100|[from] item: Life Orb\n|\n|-weather|none\n|-fieldend|move: Electric Terrain\n|upkeep\n|\n|t:|1773862183\n|switch|p2b: Calyrex|Calyrex-Ice, L50|100/100\n|-ability|p2b: Calyrex|As One\n|-ability|p2b: Calyrex|Unnerve\n|turn|6\n|\n|t:|1773862193\n|move|p1b: Incineroar|Fake Out|p2b: Calyrex\n|-damage|p2b: Calyrex|94/100\n|move|p2a: Jumpluff|Sleep Powder|p1a: Miraidon\n|-status|p1a: Miraidon|slp|[from] move: Sleep Powder\n|cant|p1a: Miraidon|slp\n|cant|p2b: Calyrex|flinch\n|\n|upkeep\n|turn|7\n|\n|t:|1773862204\n|switch|p1a: Ditto|Ditto, L50|84/100\n|-transform|p1a: Ditto|p2b: Calyrex|[from] ability: Imposter\n|-ability|p1a: Ditto|As One\n|-ability|p1a: Ditto|Unnerve\n|move|p2a: Jumpluff|Sleep Powder|p1b: Incineroar\n|-status|p1b: Incineroar|slp|[from] move: Sleep Powder\n|move|p2b: Calyrex|Glacial Lance|p1a: Ditto|[spread] p1a,p1b\n|-resisted|p1a: Ditto\n|-crit|p1b: Incineroar\n|-damage|p1a: Ditto|53/100\n|-damage|p1b: Incineroar|0 fnt\n|faint|p1b: Incineroar\n|-ability|p2b: Calyrex|Chilling Neigh|boost\n|-boost|p2b: Calyrex|atk|1\n|\n|upkeep\n|\n|t:|1773862214\n|switch|p1b: Miraidon|Miraidon, L50|81/100 slp\n|-fieldstart|move: Electric Terrain|[from] ability: Hadron Engine|[of] p1b: Miraidon\n|turn|8\n|\n|t:|1773862227\n|switch|p1b: Sneasler|Sneasler, L50, M|100/100\n|move|p2a: Jumpluff|Pollen Puff|p1a: Ditto\n|-supereffective|p1a: Ditto\n|-damage|p1a: Ditto|29/100\n|move|p2b: Calyrex|Glacial Lance|p1b: Sneasler|[spread] p1a,p1b\n|-resisted|p1a: Ditto\n|-damage|p1a: Ditto|0 fnt\n|-damage|p1b: Sneasler|0 fnt\n|faint|p1a: Ditto\n|faint|p1b: Sneasler\n|-ability|p2b: Calyrex|Chilling Neigh|boost\n|-boost|p2b: Calyrex|atk|2\n|\n|-sideend|p2: FreeBagels|move: Tailwind\n|upkeep\n|\n|t:|1773862237\n|switch|p1b: Miraidon|Miraidon, L50|81/100 slp\n|-activate|p1b: Miraidon|ability: Hadron Engine\n|turn|9\n|c|\u2606Jonen|gg\n|\n|t:|1773862246\n|cant|p1b: Miraidon|slp\n|move|p2a: Jumpluff|Pollen Puff|p2b: Calyrex\n|-heal|p2b: Calyrex|100/100\n|move|p2b: Calyrex|Glacial Lance|p1b: Miraidon\n|-supereffective|p1b: Miraidon\n|-damage|p1b: Miraidon|0 fnt\n|faint|p1b: Miraidon\n|\n|win|FreeBagels\n|raw|Jonen's rating: 1391 &rarr; <strong>1374</strong><br />(-17 for losing)\n|raw|FreeBagels's rating: 1436 &rarr; <strong>1453</strong><br />(+17 for winning)\n|l|\u2606Jonen\n|player|p1|\n|l|\u2606FreeBagels\n|player|p2|\n","uploadtime":1773862246,"views":10,"formatid":"gen9vgc2026regi","rating":1374,"private":0,"password":null}