{"id":"gen9vgc2026regi-2565455432","format":"[Gen 9] VGC 2026 Reg I","players":["BreakTheShadowWall","Realfrytki"],"log":"|j|\u2606BreakTheShadowWall\n|j|\u2606Realfrytki\n|t:|1774276877\n|gametype|doubles\n|player|p1|BreakTheShadowWall|elesa|1448\n|player|p2|Realfrytki|veteranf|1582\n|gen|9\n|tier|[Gen 9] VGC 2026 Reg I\n|rated|\n|rule|Species Clause: Limit one of each Pok\u00e9mon\n|rule|Item Clause: Limit 1 of each item\n|clearpoke\n|poke|p1|Miraidon, L50|\n|poke|p1|Iron Bundle, L50|\n|poke|p1|Lunala, L50|\n|poke|p1|Incineroar, L50, F|\n|poke|p1|Urshifu-*, L50, M|\n|poke|p1|Ursaluna, L50, F|\n|poke|p2|Terapagos, L50, M|\n|poke|p2|Grimmsnarl, L50, M|\n|poke|p2|Volcarona, L50, F|\n|poke|p2|Miraidon, L50|\n|poke|p2|Iron Hands, L50|\n|poke|p2|Amoonguss, L50, F|\n|teampreview|4\n|\n|t:|1774276898\n|teamsize|p1|4\n|teamsize|p2|4\n|start\n|switch|p1a: Incineroar|Incineroar, L50, F|100/100\n|switch|p1b: Miraidon|Miraidon, L50|100/100\n|switch|p2a: Grimmsnarl|Grimmsnarl, L50, M|100/100\n|switch|p2b: Terapagos|Terapagos, L50, M|100/100\n|-activate|p2b: Terapagos|ability: Tera Shift\n|detailschange|p2b: Terapagos|Terapagos-Terastal, L50, M\n|-heal|p2b: Terapagos|100/100|[silent]\n|-fieldstart|move: Electric Terrain|[from] ability: Hadron Engine|[of] p1b: Miraidon\n|-ability|p1a: Incineroar|Intimidate|boost\n|-unboost|p2a: Grimmsnarl|atk|1\n|-unboost|p2b: Terapagos|atk|1\n|turn|1\n|\n|t:|1774276914\n|move|p2a: Grimmsnarl|Fake Out|p1b: Miraidon\n|-crit|p1b: Miraidon\n|-damage|p1b: Miraidon|85/100\n|move|p1a: Incineroar|Fake Out|p2a: Grimmsnarl\n|-damage|p2a: Grimmsnarl|90/100\n|cant|p1b: Miraidon|flinch\n|move|p2b: Terapagos|Tera Starstorm|p1b: Miraidon\n|-damage|p1b: Miraidon|7/100\n|\n|upkeep\n|turn|2\n|\n|t:|1774276936\n|-terastallize|p2b: Terapagos|Stellar\n|detailschange|p2b: Terapagos|Terapagos-Stellar, L50, M, tera:Stellar\n|-heal|p2b: Terapagos|100/100|[silent]\n|-ability|p2b: Terapagos|Teraform Zero\n|-fieldend|move: Electric Terrain\n|move|p1b: Miraidon|Volt Switch|p2a: Grimmsnarl\n|-damage|p2a: Grimmsnarl|45/100\n|l|\u2606Realfrytki\n|player|p2|\n|\n|t:|1774276947\n|switch|p1b: Iron Bundle|Iron Bundle, L50|100/100|[from] Volt Switch\n|move|p2b: Terapagos|Tera Starstorm|p1b: Iron Bundle|[spread] p1a,p1b\n|-damage|p1a: Incineroar|65/100\n|-enditem|p1b: Iron Bundle|Focus Sash\n|-damage|p1b: Iron Bundle|1/100\n|move|p2a: Grimmsnarl|Foul Play|p1b: Iron Bundle\n|-damage|p1b: Iron Bundle|0 fnt\n|faint|p1b: Iron Bundle\n|-end|p1b: Iron Bundle|Quark Drive|[silent]\n|move|p1a: Incineroar|Knock Off|p2b: Terapagos\n|-damage|p2b: Terapagos|76/100\n|-enditem|p2b: Terapagos|Choice Specs|[from] move: Knock Off|[of] p1a: Incineroar\n|\n|upkeep\n|\n|t:|1774276963\n|switch|p1b: Urshifu|Urshifu-Rapid-Strike, L50, M|100/100\n|turn|3\n|j|\u2606Realfrytki\n|player|p2|Realfrytki|veteranf|\n|\n|t:|1774276996\n|move|p2a: Grimmsnarl|Thunder Wave|p1b: Urshifu\n|-status|p1b: Urshifu|par\n|move|p2b: Terapagos|Tera Starstorm|p1b: Urshifu|[spread] p1a,p1b\n|-damage|p1a: Incineroar|40/100\n|-damage|p1b: Urshifu|46/100 par\n|move|p1a: Incineroar|U-turn|p2a: Grimmsnarl\n|-damage|p2a: Grimmsnarl|25/100\n|\n|t:|1774277004\n|switch|p1a: Miraidon|Miraidon, L50|7/100|[from] U-turn\n|-fieldstart|move: Electric Terrain|[from] ability: Hadron Engine|[of] p1a: Miraidon\n|move|p1b: Urshifu|Close Combat|p2b: Terapagos\n|-supereffective|p2b: Terapagos\n|-damage|p2b: Terapagos|0 fnt\n|-unboost|p1b: Urshifu|def|1\n|-unboost|p1b: Urshifu|spd|1\n|faint|p2b: Terapagos\n|detailschange|p2: Terapagos|Terapagos, L50, M|[silent]\n|\n|upkeep\n|\n|t:|1774277014\n|switch|p2b: Miraidon|Miraidon, L50|100/100\n|-activate|p2b: Miraidon|ability: Hadron Engine\n|turn|4\n|\n|t:|1774277028\n|-terastallize|p1a: Miraidon|Fairy\n|move|p1a: Miraidon|Dazzling Gleam|p2a: Grimmsnarl|[spread] p2a,p2b\n|-supereffective|p2a: Grimmsnarl\n|-supereffective|p2b: Miraidon\n|-damage|p2a: Grimmsnarl|0 fnt\n|-damage|p2b: Miraidon|0 fnt\n|faint|p2a: Grimmsnarl\n|faint|p2b: Miraidon\n|cant|p1b: Urshifu|par\n|\n|upkeep\n|\n|t:|1774277037\n|switch|p2b: Volcarona|Volcarona, L50, F|100/100\n|turn|5\n|\n|t:|1774277045\n|switch|p1b: Incineroar|Incineroar, L50, F|40/100\n|-ability|p1b: Incineroar|Intimidate|boost\n|-unboost|p2b: Volcarona|atk|1\n|move|p1a: Miraidon|Dazzling Gleam|p2b: Volcarona\n|-resisted|p2b: Volcarona\n|-damage|p2b: Volcarona|65/100\n|move|p2b: Volcarona|Fiery Dance|p1b: Incineroar\n|-resisted|p1b: Incineroar\n|-damage|p1b: Incineroar|28/100\n|-boost|p2b: Volcarona|spa|1\n|\n|-heal|p2b: Volcarona|71/100|[from] item: Leftovers\n|upkeep\n|turn|6\n|\n|t:|1774277065\n|move|p1a: Miraidon|Dazzling Gleam|p2b: Volcarona\n|-resisted|p2b: Volcarona\n|-damage|p2b: Volcarona|33/100\n|move|p2b: Volcarona|Quiver Dance|p2b: Volcarona\n|-boost|p2b: Volcarona|spa|1\n|-boost|p2b: Volcarona|spd|1\n|-boost|p2b: Volcarona|spe|1\n|move|p1b: Incineroar|Knock Off|p2b: Volcarona\n|-damage|p2b: Volcarona|0 fnt\n|-enditem|p2b: Volcarona|Leftovers|[from] move: Knock Off|[of] p1b: Incineroar\n|faint|p2b: Volcarona\n|\n|win|BreakTheShadowWall\n|raw|BreakTheShadowWall's rating: 1448 &rarr; <strong>1475</strong><br />(+27 for winning)\n|raw|Realfrytki's rating: 1582 &rarr; <strong>1555</strong><br />(-27 for losing)\n|l|\u2606Realfrytki\n|player|p2|\n|l|\u2606BreakTheShadowWall\n|player|p1|\n","uploadtime":1774277214,"views":11,"formatid":"gen9vgc2026regi","rating":1475,"private":0,"password":null}