{"id":"gen9vgc2026regi-2563333877","format":"[Gen 9] VGC 2026 Reg I","players":["thomnahs","Mirthinion"],"log":"|j|\u2606thomnahs\n|j|\u2606Mirthinion\n|t:|1774017264\n|gametype|doubles\n|player|p1|thomnahs|1|1309\n|player|p2|Mirthinion|janitor|1325\n|gen|9\n|tier|[Gen 9] VGC 2026 Reg I\n|rated|\n|rule|Species Clause: Limit one of each Pok\u00e9mon\n|rule|Item Clause: Limit 1 of each item\n|clearpoke\n|poke|p1|Incineroar, L50, M|\n|poke|p1|Grimmsnarl, L50, M|\n|poke|p1|Calyrex-Shadow, L50|\n|poke|p1|Clefairy, L50, F|\n|poke|p1|Zamazenta-*, L50|\n|poke|p1|Rillaboom, L50, F|\n|poke|p2|Calyrex-Shadow, L50|\n|poke|p2|Zamazenta-*, L50|\n|poke|p2|Urshifu-*, L50, M|\n|poke|p2|Incineroar, L50, M|\n|poke|p2|Rillaboom, L50, M|\n|poke|p2|Tornadus, L50, M|\n|teampreview|4\n|inactive|Battle timer is ON: inactive players will automatically lose when time's up. (requested by Mirthinion)\n|inactive|thomnahs also wants the timer to be on.\n|inactive|Mirthinion has 60 seconds left.\nMirthinion rejected open team sheets.\n|inactive|Mirthinion has 30 seconds left.\n|\n|t:|1774017328\n|teamsize|p1|4\n|teamsize|p2|4\n|start\n|switch|p1a: Calyrex|Calyrex-Shadow, L50|100/100\n|switch|p1b: Grimmsnarl|Grimmsnarl, L50, M|100/100\n|switch|p2a: Wolfgang|Incineroar, L50, M|100/100\n|switch|p2b: Drambor|Zamazenta-Crowned, L50|100/100\n|-ability|p1a: Calyrex|As One\n|-ability|p1a: Calyrex|Unnerve\n|-ability|p2b: Drambor|Dauntless Shield|boost\n|-boost|p2b: Drambor|def|1\n|-ability|p2a: Wolfgang|Intimidate|boost\n|-unboost|p1a: Calyrex|atk|1\n|-unboost|p1b: Grimmsnarl|atk|1\n|turn|1\n|inactive|thomnahs has 30 seconds left.\n|\n|t:|1774017361\n|-terastallize|p1a: Calyrex|Fairy\n|move|p2a: Wolfgang|Fake Out|p1b: Grimmsnarl\n|-damage|p1b: Grimmsnarl|91/100\n|cant|p1b: Grimmsnarl|flinch\n|move|p1a: Calyrex|Nasty Plot|p1a: Calyrex\n|-boost|p1a: Calyrex|spa|2\n|move|p2b: Drambor|Behemoth Bash|p1b: Grimmsnarl\n|-supereffective|p1b: Grimmsnarl\n|-damage|p1b: Grimmsnarl|16/100\n|\n|upkeep\n|turn|2\n|\n|t:|1774017378\n|move|p2b: Drambor|Protect|p2b: Drambor\n|-singleturn|p2b: Drambor|Protect\n|move|p1b: Grimmsnarl|Reflect|p1b: Grimmsnarl\n|-sidestart|p1: thomnahs|Reflect\n|move|p1a: Calyrex|Draining Kiss|p2b: Drambor\n|-activate|p2b: Drambor|move: Protect\n|move|p2a: Wolfgang|Parting Shot|p1a: Calyrex\n|-unboost|p1a: Calyrex|atk|1\n|-unboost|p1a: Calyrex|spa|1\n|\n|t:|1774017399\n|switch|p2a: Vangwe|Tornadus, L50, M|100/100|[from] Parting Shot\n|\n|upkeep\n|turn|3\n|\n|t:|1774017413\n|move|p1a: Calyrex|Protect|p1a: Calyrex\n|-singleturn|p1a: Calyrex|Protect\n|move|p2a: Vangwe|Tailwind|p2a: Vangwe\n|-sidestart|p2: Mirthinion|move: Tailwind\n|move|p1b: Grimmsnarl|Thunder Wave|p2b: Drambor\n|-status|p2b: Drambor|par\n|move|p2b: Drambor|Behemoth Bash|p1a: Calyrex\n|-activate|p1a: Calyrex|move: Protect\n|\n|upkeep\n|turn|4\n|\n|t:|1774017433\n|move|p2b: Drambor|Wide Guard|p2b: Drambor\n|-singleturn|p2b: Drambor|Wide Guard\n|move|p1b: Grimmsnarl|Light Screen|p1b: Grimmsnarl\n|-sidestart|p1: thomnahs|move: Light Screen\n|move|p2a: Vangwe|Bleakwind Storm|p1b: Grimmsnarl|[spread] p1b\n|-miss|p2a: Vangwe|p1a: Calyrex\n|-damage|p1b: Grimmsnarl|0 fnt\n|faint|p1b: Grimmsnarl\n|move|p1a: Calyrex|Draining Kiss|p2b: Drambor\n|-damage|p2b: Drambor|40/100 par\n|-damage|p1a: Calyrex|91/100|[from] item: Life Orb\n|\n|upkeep\n|\n|t:|1774017451\n|switch|p1b: Zamazenta|Zamazenta-Crowned, L50|100/100\n|-ability|p1b: Zamazenta|Dauntless Shield|boost\n|-boost|p1b: Zamazenta|def|1\n|turn|5\n|\n|t:|1774017470\n|move|p2a: Vangwe|Taunt|p1b: Zamazenta\n|-start|p1b: Zamazenta|move: Taunt\n|move|p1a: Calyrex|Draining Kiss|p2a: Vangwe\n|-damage|p2a: Vangwe|33/100\n|-heal|p1a: Calyrex|100/100|[from] drain|[of] p2a: Vangwe\n|-damage|p1a: Calyrex|91/100|[from] item: Life Orb\n|move|p2b: Drambor|Behemoth Bash|p1a: Calyrex\n|-supereffective|p1a: Calyrex\n|-damage|p1a: Calyrex|40/100\n|move|p1b: Zamazenta|Body Press|p2b: Drambor\n|-supereffective|p2b: Drambor\n|-damage|p2b: Drambor|0 fnt\n|faint|p2b: Drambor\n|\n|upkeep\n|\n|t:|1774017484\n|switch|p2b: Mithrandir|Calyrex-Shadow, L50|100/100\n|-ability|p2b: Mithrandir|As One\n|-ability|p2b: Mithrandir|Unnerve\n|turn|6\n|\n|t:|1774017500\n|switch|p2a: Wolfgang|Incineroar, L50, M|100/100\n|-ability|p2a: Wolfgang|Intimidate|boost\n|-unboost|p1a: Calyrex|atk|1\n|-unboost|p1b: Zamazenta|atk|1\n|switch|p1b: Clefairy|Clefairy, L50, F, shiny|100/100\n|move|p1a: Calyrex|Protect|p1a: Calyrex\n|-singleturn|p1a: Calyrex|Protect\n|move|p2b: Mithrandir|Nasty Plot|p2b: Mithrandir\n|-boost|p2b: Mithrandir|spa|2\n|\n|-sideend|p2: Mirthinion|move: Tailwind\n|upkeep\n|turn|7\n|inactive|thomnahs has 30 seconds left.\n|\n|t:|1774017526\n|move|p2a: Wolfgang|Fake Out|p1a: Calyrex\n|-damage|p1a: Calyrex|34/100\n|move|p1b: Clefairy|Follow Me|p1b: Clefairy\n|-singleturn|p1b: Clefairy|move: Follow Me\n|move|p2b: Mithrandir|Astral Barrage|p1a: Calyrex|[spread] p1a,p1b\n|-damage|p1a: Calyrex|0 fnt\n|-damage|p1b: Clefairy|44/100\n|faint|p1a: Calyrex\n|-ability|p2b: Mithrandir|Grim Neigh|boost\n|-boost|p2b: Mithrandir|spa|1\n|\n|upkeep\n|\n|t:|1774017529\n|switch|p1a: Zamazenta|Zamazenta-Crowned, L50|100/100\n|turn|8\n|l|\u2606thomnahs\n|inactive|thomnahs disconnected and has a minute to reconnect!\n|player|p1|\n|inactive|thomnahs has 30 seconds left.\n|inactive|thomnahs has 20 seconds left.\n|inactive|thomnahs has 15 seconds left.\n|inactive|thomnahs has 10 seconds left.\n|inactive|thomnahs has 5 seconds left.\n|-message|thomnahs lost due to inactivity.\n|\n|win|Mirthinion\n|raw|thomnahs's rating: 1309 &rarr; <strong>1290</strong><br />(-19 for losing)\n|raw|Mirthinion's rating: 1325 &rarr; <strong>1344</strong><br />(+19 for winning)\n","uploadtime":1774017624,"views":76,"formatid":"gen9vgc2026regi","rating":1290,"private":0,"password":null}