{"id":"gen9vgc2026regi-2562664928","format":"[Gen 9] VGC 2026 Reg I","players":["fernsthedruids","Sheeshshane925"],"log":"|j|\u2606fernsthedruids\n|j|\u2606Sheeshshane925\n|t:|1773939313\n|gametype|doubles\n|player|p1|fernsthedruids|169|1430\n|player|p2|Sheeshshane925|crasherwake|1393\n|gen|9\n|tier|[Gen 9] VGC 2026 Reg I\n|rated|\n|rule|Species Clause: Limit one of each Pok\u00e9mon\n|rule|Item Clause: Limit 1 of each item\n|clearpoke\n|poke|p1|Kyogre, L50|\n|poke|p1|Calyrex-Ice, L50|\n|poke|p1|Raging Bolt, L50|\n|poke|p1|Tornadus, L50, M|\n|poke|p1|Incineroar, L50, M|\n|poke|p1|Amoonguss, L50, F|\n|poke|p2|Calyrex-Ice, L50|\n|poke|p2|Miraidon, L50|\n|poke|p2|Farigiraf, L50, M|\n|poke|p2|Iron Hands, L50|\n|poke|p2|Scraggy, L50, F|\n|poke|p2|Iron Bundle, L50|\n|teampreview|4\n|\n|t:|1773939353\n|teamsize|p1|4\n|teamsize|p2|4\n|start\n|switch|p1a: Raging Bolt|Raging Bolt, L50|100/100\n|switch|p1b: Kyogre|Kyogre, L50|100/100\n|switch|p2a: Miraidon|Miraidon, L50, shiny|100/100\n|switch|p2b: Iron Bundle|Iron Bundle, L50, shiny|100/100\n|-fieldstart|move: Electric Terrain|[from] ability: Hadron Engine|[of] p2a: Miraidon\n|-activate|p2b: Iron Bundle|ability: Quark Drive\n|-start|p2b: Iron Bundle|quarkdrivespe\n|-weather|RainDance|[from] ability: Drizzle|[of] p1b: Kyogre\n|turn|1\n|inactive|Battle timer is ON: inactive players will automatically lose when time's up. (requested by Sheeshshane925)\n|\n|t:|1773939376\n|move|p2b: Iron Bundle|Protect|p2b: Iron Bundle\n|-singleturn|p2b: Iron Bundle|Protect\n|move|p2a: Miraidon|Protect|p2a: Miraidon\n|-singleturn|p2a: Miraidon|Protect\n|move|p1b: Kyogre|Protect|p1b: Kyogre\n|-singleturn|p1b: Kyogre|Protect\n|move|p1a: Raging Bolt|Thunderbolt|p2b: Iron Bundle\n|-activate|p2b: Iron Bundle|move: Protect\n|\n|-weather|RainDance|[upkeep]\n|upkeep\n|turn|2\n|inactive|fernsthedruids has 30 seconds left.\n|\n|t:|1773939411\n|-terastallize|p1b: Kyogre|Grass\n|move|p2b: Iron Bundle|Encore|p1b: Kyogre\n|-start|p1b: Kyogre|Encore\n|move|p2a: Miraidon|Dazzling Gleam|p1b: Kyogre|[spread] p1a,p1b\n|-supereffective|p1a: Raging Bolt\n|-damage|p1a: Raging Bolt|33/100\n|-damage|p1b: Kyogre|71/100\n|-damage|p2a: Miraidon|91/100|[from] item: Life Orb\n|move|p1b: Kyogre|Protect|p1b: Kyogre\n|-singleturn|p1b: Kyogre|Protect\n|move|p1a: Raging Bolt|Thunderbolt|p2b: Iron Bundle\n|-supereffective|p2b: Iron Bundle\n|-enditem|p2b: Iron Bundle|Focus Sash\n|-damage|p2b: Iron Bundle|1/100\n|-damage|p1a: Raging Bolt|23/100|[from] item: Life Orb\n|\n|-weather|RainDance|[upkeep]\n|upkeep\n|turn|3\n|\n|t:|1773939430\n|switch|p1b: Incineroar|Incineroar, L50, M|100/100\n|-ability|p1b: Incineroar|Intimidate|boost\n|-unboost|p2a: Miraidon|atk|1\n|-unboost|p2b: Iron Bundle|atk|1\n|-end|p1a: Raging Bolt|Protosynthesis|[silent]\n|switch|p1a: Calyrex|Calyrex-Ice, L50|100/100\n|-ability|p1a: Calyrex|As One\n|-ability|p1a: Calyrex|Unnerve\n|move|p2b: Iron Bundle|Freeze-Dry|p1b: Incineroar\n|-resisted|p1b: Incineroar\n|-damage|p1b: Incineroar|85/100\n|move|p2a: Miraidon|Dazzling Gleam|p1b: Incineroar|[spread] p1a,p1b\n|-damage|p1a: Calyrex|73/100\n|-damage|p1b: Incineroar|48/100\n|-damage|p2a: Miraidon|81/100|[from] item: Life Orb\n|\n|-weather|RainDance|[upkeep]\n|upkeep\n|turn|4\n|\n|t:|1773939454\n|-end|p2b: Iron Bundle|Quark Drive|[silent]\n|switch|p2b: Farigiraf|Farigiraf, L50, M, shiny|100/100\n|-enditem|p2b: Farigiraf|Electric Seed\n|-boost|p2b: Farigiraf|def|1|[from] item: Electric Seed\n|move|p1b: Incineroar|Fake Out||[still]\n|cant|p2b: Farigiraf|ability: Armor Tail|Fake Out|[of] p1b: Incineroar\n|move|p2a: Miraidon|Electro Drift|p1a: Calyrex\n|-damage|p1a: Calyrex|0 fnt\n|faint|p1a: Calyrex\n|-damage|p2a: Miraidon|71/100|[from] item: Life Orb\n|\n|-weather|RainDance|[upkeep]\n|upkeep\n|\n|t:|1773939461\n|switch|p1a: Kyogre|Kyogre, L50, tera:Grass|71/100\n|turn|5\n|\n|t:|1773939478\n|-terastallize|p2a: Miraidon|Fairy\n|move|p2b: Farigiraf|Helping Hand|p2a: Miraidon\n|-singleturn|p2a: Miraidon|Helping Hand|[of] p2b: Farigiraf\n|move|p2a: Miraidon|Dazzling Gleam|p1a: Kyogre|[spread] p1a,p1b\n|-damage|p1a: Kyogre|14/100\n|-damage|p1b: Incineroar|0 fnt\n|faint|p1b: Incineroar\n|-damage|p2a: Miraidon|61/100|[from] item: Life Orb\n|move|p1a: Kyogre|Origin Pulse|p2a: Miraidon|[spread] p2a,p2b\n|-damage|p2a: Miraidon|0 fnt\n|-damage|p2b: Farigiraf|15/100\n|faint|p2a: Miraidon\n|\n|-weather|none\n|-fieldend|move: Electric Terrain\n|upkeep\n|\n|t:|1773939492\n|switch|p2a: Calyrex|Calyrex-Ice, L50|100/100\n|switch|p1b: Raging Bolt|Raging Bolt, L50|23/100\n|-ability|p2a: Calyrex|As One\n|-ability|p2a: Calyrex|Unnerve\n|turn|6\n|\n|t:|1773939498\n|move|p2b: Farigiraf|Helping Hand|p2a: Calyrex\n|-singleturn|p2a: Calyrex|Helping Hand|[of] p2b: Farigiraf\n|move|p1a: Kyogre|Origin Pulse|p2b: Farigiraf|[spread] p2a,p2b\n|-damage|p2a: Calyrex|58/100\n|-damage|p2b: Farigiraf|0 fnt\n|faint|p2b: Farigiraf\n|move|p1b: Raging Bolt|Draco Meteor|p2a: Calyrex\n|-damage|p2a: Calyrex|0 fnt\n|-unboost|p1b: Raging Bolt|spa|2\n|faint|p2a: Calyrex\n|-damage|p1b: Raging Bolt|14/100|[from] item: Life Orb\n|\n|upkeep\n|\n|t:|1773939509\n|switch|p2b: Iron Bundle|Iron Bundle, L50, shiny|1/100\n|turn|7\n|\n|t:|1773939514\n|move|p1b: Raging Bolt|Thunderclap|p2b: Iron Bundle\n|-supereffective|p2b: Iron Bundle\n|-damage|p2b: Iron Bundle|0 fnt\n|faint|p2b: Iron Bundle\n|-end|p2b: Iron Bundle|Quark Drive|[silent]\n|-damage|p1b: Raging Bolt|4/100|[from] item: Life Orb\n|\n|win|fernsthedruids\n|raw|fernsthedruids's rating: 1430 &rarr; <strong>1448</strong><br />(+18 for winning)\n|raw|Sheeshshane925's rating: 1393 &rarr; <strong>1375</strong><br />(-18 for losing)\n|l|\u2606Sheeshshane925\n|player|p2|\n|l|\u2606fernsthedruids\n|player|p1|\n","uploadtime":1773939736,"views":14,"formatid":"gen9vgc2026regi","rating":1375,"private":0,"password":null}