{"id":"gen9vgc2026regi-2551581964","format":"[Gen 9] VGC 2026 Reg I","players":["circleming","drive stone"],"log":"|j|\u2606circleming\n|j|\u2606drive stone\n|t:|1772624476\n|gametype|doubles\n|player|p1|circleming|101|1416\n|player|p2|drive stone|cilan|1519\n|gen|9\n|tier|[Gen 9] VGC 2026 Reg I\n|rated|\n|rule|Species Clause: Limit one of each Pok\u00e9mon\n|rule|Item Clause: Limit 1 of each item\n|clearpoke\n|poke|p1|Calyrex-Shadow, L50|\n|poke|p1|Rillaboom, L50, F|\n|poke|p1|Clefairy, L50, F|\n|poke|p1|Incineroar, L50, F|\n|poke|p1|Koraidon, L50|\n|poke|p1|Flutter Mane, L50|\n|poke|p2|Calyrex-Ice, L50|\n|poke|p2|Ho-Oh, L50|\n|poke|p2|Overqwil, L50, M|\n|poke|p2|Rillaboom, L50, M|\n|poke|p2|Ting-Lu, L50|\n|poke|p2|Ogerpon-Wellspring, L50, F|\n|teampreview|4\n|inactive|Battle timer is ON: inactive players will automatically lose when time's up. (requested by circleming)\n|\n|t:|1772624493\n|teamsize|p1|4\n|teamsize|p2|4\n|start\n|switch|p1a: Calyrex|Calyrex-Shadow, L50|100/100\n|switch|p1b: Incineroar|Incineroar, L50, F, shiny|100/100\n|switch|p2a: Calyrex|Calyrex-Ice, L50|100/100\n|switch|p2b: Overqwil|Overqwil, L50, M|100/100\n|-ability|p1a: Calyrex|As One\n|-ability|p1a: Calyrex|Unnerve\n|-ability|p2a: Calyrex|As One\n|-ability|p2a: Calyrex|Unnerve\n|-ability|p2b: Overqwil|Intimidate|boost\n|-unboost|p1a: Calyrex|atk|1\n|-unboost|p1b: Incineroar|atk|1\n|-ability|p1b: Incineroar|Intimidate|boost\n|-unboost|p2a: Calyrex|atk|1\n|-unboost|p2b: Overqwil|atk|1\n|turn|1\n|inactive|circleming has 30 seconds left.\n|\n|t:|1772624522\n|-terastallize|p1a: Calyrex|Dark\n|-terastallize|p2a: Calyrex|Water\n|move|p1b: Incineroar|Fake Out|p2b: Overqwil\n|-damage|p2b: Overqwil|94/100\n|move|p1a: Calyrex|Nasty Plot|p1a: Calyrex\n|-boost|p1a: Calyrex|spa|2\n|cant|p2b: Overqwil|flinch\n|move|p2a: Calyrex|Leech Seed|p1a: Calyrex\n|-start|p1a: Calyrex|move: Leech Seed\n|\n|-heal|p2b: Overqwil|100/100|[from] item: Black Sludge\n|-damage|p1a: Calyrex|88/100|[from] Leech Seed|[of] p2a: Calyrex\n|upkeep\n|turn|2\n|\n|t:|1772624544\n|switch|p1b: Rillaboom|Rillaboom, L50, F, shiny|100/100\n|-fieldstart|move: Grassy Terrain|[from] ability: Grassy Surge|[of] p1b: Rillaboom\n|move|p1a: Calyrex|Astral Barrage|p2b: Overqwil|[spread] p2a,p2b\n|-resisted|p2b: Overqwil\n|-damage|p2a: Calyrex|0 fnt\n|-damage|p2b: Overqwil|33/100\n|faint|p2a: Calyrex\n|-ability|p1a: Calyrex|Grim Neigh|boost\n|-boost|p1a: Calyrex|spa|1\n|-damage|p1a: Calyrex|79/100|[from] item: Life Orb\n|move|p2b: Overqwil|Toxic Spikes|p1a: Calyrex\n|-sidestart|p1: circleming|move: Toxic Spikes\n|\n|-heal|p1a: Calyrex|85/100|[from] Grassy Terrain\n|-heal|p2b: Overqwil|40/100|[from] Grassy Terrain\n|-heal|p2b: Overqwil|46/100|[from] item: Black Sludge\n|upkeep\n|\n|t:|1772624562\n|switch|p2a: Ho-Oh|Ho-Oh, L50|100/100\n|turn|3\n|\n|t:|1772624572\n|switch|p1b: Incineroar|Incineroar, L50, F, shiny|100/100\n|-status|p1b: Incineroar|psn\n|-ability|p1b: Incineroar|Intimidate|boost\n|-unboost|p2a: Ho-Oh|atk|1\n|-unboost|p2b: Overqwil|atk|1\n|switch|p2b: Ting-Lu|Ting-Lu, L50|100/100\n|-ability|p2b: Ting-Lu|Vessel of Ruin\n|move|p2a: Ho-Oh|Protect|p2a: Ho-Oh\n|-singleturn|p2a: Ho-Oh|Protect\n|move|p1a: Calyrex|Astral Barrage|p2b: Ting-Lu|[spread] p2b\n|-activate|p2a: Ho-Oh|move: Protect\n|-resisted|p2b: Ting-Lu\n|-damage|p2b: Ting-Lu|42/100\n|-damage|p1a: Calyrex|75/100|[from] item: Life Orb\n|\n|-heal|p1a: Calyrex|81/100|[from] Grassy Terrain\n|-heal|p2b: Ting-Lu|48/100|[from] Grassy Terrain\n|-damage|p1a: Calyrex|69/100|[from] Leech Seed|[of] p2a: Ho-Oh\n|-damage|p1b: Incineroar|88/100 psn|[from] psn\n|upkeep\n|turn|4\n|c|\u2606circleming|HO TEAM BAD\n|inactive|circleming has 30 seconds left.\n|inactive|drive stone has 30 seconds left.\n|\n|t:|1772624600\n|move|p1b: Incineroar|Fake Out|p2a: Ho-Oh\n|-damage|p2a: Ho-Oh|94/100\n|-damage|p1b: Incineroar|72/100 psn|[from] item: Rocky Helmet|[of] p2a: Ho-Oh\n|move|p1a: Calyrex|Astral Barrage|p2b: Ting-Lu|[spread] p2a,p2b\n|-resisted|p2b: Ting-Lu\n|-damage|p2a: Ho-Oh|4/100\n|-damage|p2b: Ting-Lu|0 fnt\n|faint|p2b: Ting-Lu\n|-ability|p1a: Calyrex|Grim Neigh|boost\n|-boost|p1a: Calyrex|spa|1\n|-damage|p1a: Calyrex|59/100|[from] item: Life Orb\n|cant|p2a: Ho-Oh|flinch\n|\n|-heal|p1a: Calyrex|65/100|[from] Grassy Terrain\n|-heal|p1b: Incineroar|78/100 psn|[from] Grassy Terrain\n|-damage|p1a: Calyrex|53/100|[from] Leech Seed|[of] p2a: Ho-Oh\n|-heal|p2a: Ho-Oh|15/100|[silent]\n|-damage|p1b: Incineroar|65/100 psn|[from] psn\n|upkeep\n|inactive|drive stone has 30 seconds left.\n|\n|t:|1772624628\n|switch|p2b: Overqwil|Overqwil, L50, M|46/100\n|-ability|p2b: Overqwil|Intimidate|boost\n|-unboost|p1a: Calyrex|atk|1\n|-unboost|p1b: Incineroar|atk|1\n|turn|5\n|-message|drive stone forfeited.\n|\n|win|circleming\n|raw|circleming's rating: 1416 &rarr; <strong>1442</strong><br />(+26 for winning)\n|raw|drive stone's rating: 1519 &rarr; <strong>1493</strong><br />(-26 for losing)\n|l|\u2606drive stone\n|player|p2|\n","uploadtime":1772624825,"views":19,"formatid":"gen9vgc2026regi","rating":1442,"private":0,"password":null}