{"id":"gen9vgc2026regi-2571719899","format":"[Gen 9] VGC 2026 Reg I","players":["itsxaver","D4RKEVA"],"log":"|j|\u2606itsxaver\n|j|\u2606D4RKEVA\n|t:|1774956842\n|gametype|doubles\n|player|p1|itsxaver|102|1355\n|player|p2|D4RKEVA|170|1490\n|gen|9\n|tier|[Gen 9] VGC 2026 Reg I\n|rated|\n|rule|Species Clause: Limit one of each Pok\u00e9mon\n|rule|Item Clause: Limit 1 of each item\n|clearpoke\n|poke|p1|Miraidon, L50|\n|poke|p1|Groudon, L50|\n|poke|p1|Flutter Mane, L50|\n|poke|p1|Dragonite, L50, M|\n|poke|p1|Chien-Pao, L50|\n|poke|p1|Entei, L50|\n|poke|p2|Lunala, L50|\n|poke|p2|Koraidon, L50|\n|poke|p2|Flutter Mane, L50|\n|poke|p2|Brute Bonnet, L50|\n|poke|p2|Chi-Yu, L50|\n|poke|p2|Ursaluna, L50, F|\n|teampreview|4\n|inactive|Battle timer is ON: inactive players will automatically lose when time's up. (requested by D4RKEVA)\nD4RKEVA rejected open team sheets.\n|inactive|D4RKEVA has 60 seconds left.\n|\n|t:|1774956897\n|teamsize|p1|4\n|teamsize|p2|4\n|start\n|switch|p1a: Groudon|Groudon, L50|100/100\n|switch|p1b: Flutter Mane|Flutter Mane, L50|100/100\n|switch|p2a: Flutter Mane|Flutter Mane, L50|100/100\n|switch|p2b: Chi-Yu|Chi-Yu, L50|100/100\n|-ability|p2b: Chi-Yu|Beads of Ruin\n|-weather|SunnyDay|[from] ability: Drought|[of] p1a: Groudon\n|-activate|p2a: Flutter Mane|ability: Protosynthesis\n|-start|p2a: Flutter Mane|protosynthesisspe\n|-activate|p1b: Flutter Mane|ability: Protosynthesis\n|-start|p1b: Flutter Mane|protosynthesisspe\n|turn|1\n|inactive|itsxaver has 30 seconds left.\n|inactive|itsxaver has 20 seconds left.\n|inactive|itsxaver has 15 seconds left.\n|\n|t:|1774956941\n|-terastallize|p1b: Flutter Mane|Fairy\n|move|p1a: Groudon|Helping Hand|p1b: Flutter Mane\n|-singleturn|p1b: Flutter Mane|Helping Hand|[of] p1a: Groudon\n|move|p1b: Flutter Mane|Dazzling Gleam|p2a: Flutter Mane|[spread] p2a,p2b\n|-enditem|p2a: Flutter Mane|Focus Sash\n|-damage|p2a: Flutter Mane|1/100\n|-damage|p2b: Chi-Yu|0 fnt\n|faint|p2b: Chi-Yu\n|move|p2a: Flutter Mane|Icy Wind|p1a: Groudon|[spread] p1a,p1b\n|-supereffective|p1a: Groudon\n|-crit|p1b: Flutter Mane\n|-damage|p1a: Groudon|76/100\n|-damage|p1b: Flutter Mane|77/100\n|-unboost|p1b: Flutter Mane|spe|1\n|\n|-weather|SunnyDay|[upkeep]\n|upkeep\n|\n|t:|1774956956\n|switch|p2b: Clydeon|Koraidon, L50|100/100\n|-activate|p2b: Clydeon|ability: Orichalcum Pulse\n|turn|2\n|inactive|D4RKEVA has 30 seconds left.\n|\n|t:|1774956990\n|-end|p1b: Flutter Mane|Protosynthesis|[silent]\n|switch|p1b: Entei|Entei, L50|100/100\n|move|p2a: Flutter Mane|Protect|p2a: Flutter Mane\n|-singleturn|p2a: Flutter Mane|Protect\n|move|p2b: Clydeon|Flame Charge|p1b: Entei\n|-resisted|p1b: Entei\n|-damage|p1b: Entei|78/100\n|-boost|p2b: Clydeon|spe|1\n|-damage|p2b: Clydeon|91/100|[from] item: Life Orb\n|move|p1a: Groudon|Precipice Blades|p2a: Flutter Mane|[spread] \n|-activate|p2a: Flutter Mane|move: Protect\n|-miss|p1a: Groudon|p2b: Clydeon\n|\n|-weather|SunnyDay|[upkeep]\n|upkeep\n|turn|3\n|inactive|itsxaver has 30 seconds left.\n|inactive|D4RKEVA has 30 seconds left.\n|\n|t:|1774957025\n|-terastallize|p2b: Clydeon|Fire\n|move|p2b: Clydeon|Close Combat|p1a: Groudon\n|-damage|p1a: Groudon|3/100\n|-unboost|p2b: Clydeon|def|1\n|-unboost|p2b: Clydeon|spd|1\n|-damage|p2b: Clydeon|81/100|[from] item: Life Orb\n|move|p2a: Flutter Mane|Shadow Ball|p1a: Groudon\n|-damage|p1a: Groudon|0 fnt\n|faint|p1a: Groudon\n|move|p1b: Entei|Crunch|p2a: Flutter Mane\n|-damage|p2a: Flutter Mane|0 fnt\n|faint|p2a: Flutter Mane\n|-end|p2a: Flutter Mane|Protosynthesis|[silent]\n|-damage|p1b: Entei|68/100|[from] item: Life Orb\n|\n|-weather|SunnyDay|[upkeep]\n|upkeep\n|\n|t:|1774957041\n|switch|p2a: MoonMoon|Lunala, L50|100/100\n|switch|p1a: Flutter Mane|Flutter Mane, L50, tera:Fairy|77/100\n|-activate|p1a: Flutter Mane|ability: Protosynthesis\n|-start|p1a: Flutter Mane|protosynthesisspe\n|turn|4\n|\n|t:|1774957051\n|move|p1b: Entei|Extreme Speed|p2b: Clydeon\n|-crit|p2b: Clydeon\n|-damage|p2b: Clydeon|4/100\n|-damage|p1b: Entei|58/100|[from] item: Life Orb\n|move|p2b: Clydeon|Flame Charge|p1a: Flutter Mane\n|-damage|p1a: Flutter Mane|0 fnt\n|-boost|p2b: Clydeon|spe|1\n|faint|p1a: Flutter Mane\n|-end|p1a: Flutter Mane|Protosynthesis|[silent]\n|-damage|p2b: Clydeon|0 fnt|[from] item: Life Orb\n|faint|p2b: Clydeon\n|move|p2a: MoonMoon|Meteor Beam||[still]\n|-prepare|p2a: MoonMoon|Meteor Beam\n|-boost|p2a: MoonMoon|spa|1\n|-enditem|p2a: MoonMoon|Power Herb\n|-anim|p2a: MoonMoon|Meteor Beam|p1b: Entei\n|-supereffective|p1b: Entei\n|-damage|p1b: Entei|0 fnt\n|faint|p1b: Entei\n|\n|-weather|SunnyDay|[upkeep]\n|upkeep\n|c|\u2606D4RKEVA|the crit :I\n|\n|t:|1774957065\n|switch|p1b: Miraidon|Miraidon, L50|100/100\n|-fieldstart|move: Electric Terrain|[from] ability: Hadron Engine|[of] p1b: Miraidon\n|turn|5\n|\n|t:|1774957078\n|move|p1b: Miraidon|Electro Drift|p2a: MoonMoon\n|-damage|p2a: MoonMoon|67/100\n|move|p2a: MoonMoon|Moongeist Beam|p1b: Miraidon\n|-damage|p1b: Miraidon|30/100\n|\n|-weather|none\n|upkeep\n|turn|6\n|\n|t:|1774957085\n|move|p1b: Miraidon|Electro Drift|p2a: MoonMoon\n|-damage|p2a: MoonMoon|2/100\n|move|p2a: MoonMoon|Moongeist Beam|p1b: Miraidon\n|-damage|p1b: Miraidon|0 fnt\n|faint|p1b: Miraidon\n|\n|win|D4RKEVA\n|raw|itsxaver's rating: 1355 &rarr; <strong>1342</strong><br />(-13 for losing)\n|raw|D4RKEVA's rating: 1490 &rarr; <strong>1503</strong><br />(+13 for winning)\n|c|\u2606D4RKEVA|unfortunate crit loss but gg\n|c|\u2606D4RKEVA|wait nvm\n|c|\u2606D4RKEVA|o.O\n|c|\u2606D4RKEVA|is that not specs?\n","uploadtime":1774957104,"views":246,"formatid":"gen9vgc2026regi","rating":1342,"private":0,"password":null}