{"id":"gen9vgc2026regi-2560938055","format":"[Gen 9] VGC 2026 Reg I","players":["Jonen","KaiMVGC"],"log":"|j|\u2606Jonen\n|j|\u2606KaiMVGC\n|t:|1773749660\n|gametype|doubles\n|player|p1|Jonen|hiker-gen4|1311\n|player|p2|KaiMVGC|boarder|1358\n|gen|9\n|tier|[Gen 9] VGC 2026 Reg I\n|rated|\n|rule|Species Clause: Limit one of each Pok\u00e9mon\n|rule|Item Clause: Limit 1 of each item\n|clearpoke\n|poke|p1|Groudon, L50|\n|poke|p1|Lunala, L50|\n|poke|p1|Sableye, L50, M|\n|poke|p1|Chi-Yu, L50|\n|poke|p1|Rillaboom, L50, M|\n|poke|p1|Jumpluff, L50, F|\n|poke|p2|Calyrex-Shadow, L50|\n|poke|p2|Incineroar, L50, M|\n|poke|p2|Rillaboom, L50, M|\n|poke|p2|Amoonguss, L50, F|\n|teampreview|4\n|\n|t:|1773749707\n|teamsize|p1|4\n|teamsize|p2|4\n|start\n|switch|p1a: Groudon|Groudon, L50|100/100\n|switch|p1b: Jumpluff|Jumpluff, L50, F|100/100\n|switch|p2a: Incineroar|Incineroar, L50, M|100/100\n|switch|p2b: Amoonguss|Amoonguss, L50, F|100/100\n|-weather|SunnyDay|[from] ability: Drought|[of] p1a: Groudon\n|-ability|p2a: Incineroar|Intimidate|boost\n|-unboost|p1a: Groudon|atk|1\n|-unboost|p1b: Jumpluff|atk|1\n|turn|1\n|\n|t:|1773749720\n|move|p2b: Amoonguss|Protect|p2b: Amoonguss\n|-singleturn|p2b: Amoonguss|Protect\n|move|p1b: Jumpluff|Tailwind|p1b: Jumpluff\n|-sidestart|p1: Jonen|move: Tailwind\n|move|p1a: Groudon|Precipice Blades|p2b: Amoonguss|[spread] p2a\n|-activate|p2b: Amoonguss|move: Protect\n|-supereffective|p2a: Incineroar\n|-damage|p2a: Incineroar|23/100\n|-damage|p1a: Groudon|91/100|[from] item: Life Orb\n|move|p2a: Incineroar|Knock Off|p1b: Jumpluff\n|-damage|p1b: Jumpluff|56/100\n|-enditem|p1b: Jumpluff|Covert Cloak|[from] move: Knock Off|[of] p2a: Incineroar\n|\n|-weather|SunnyDay|[upkeep]\n|upkeep\n|turn|2\n|\n|t:|1773749734\n|switch|p2a: Rillaboom|Rillaboom, L50, M|100/100\n|-fieldstart|move: Grassy Terrain|[from] ability: Grassy Surge|[of] p2a: Rillaboom\n|-terastallize|p2b: Amoonguss|Fire\n|move|p1b: Jumpluff|Encore|p2b: Amoonguss\n|-start|p2b: Amoonguss|Encore\n|-enditem|p2b: Amoonguss|Mental Herb\n|-end|p2b: Amoonguss|Encore\n|move|p1a: Groudon|High Horsepower|p2a: Rillaboom\n|-resisted|p2a: Rillaboom\n|-damage|p2a: Rillaboom|74/100\n|-damage|p1a: Groudon|81/100|[from] item: Life Orb\n|move|p2b: Amoonguss|Spore|p1a: Groudon\n|-status|p1a: Groudon|slp|[from] move: Spore\n|\n|-weather|SunnyDay|[upkeep]\n|-heal|p1a: Groudon|87/100 slp|[from] Grassy Terrain\n|-heal|p2a: Rillaboom|80/100|[from] Grassy Terrain\n|upkeep\n|turn|3\n|\n|t:|1773749747\n|move|p2a: Rillaboom|Fake Out|p1b: Jumpluff\n|-damage|p1b: Jumpluff|42/100\n|cant|p1b: Jumpluff|flinch\n|cant|p1a: Groudon|slp\n|move|p2b: Amoonguss|Pollen Puff|p1b: Jumpluff\n|-damage|p1b: Jumpluff|25/100\n|\n|-weather|SunnyDay|[upkeep]\n|-heal|p1a: Groudon|92/100 slp|[from] Grassy Terrain\n|-heal|p2a: Rillaboom|86/100|[from] Grassy Terrain\n|upkeep\n|turn|4\n|\n|t:|1773749762\n|move|p2b: Amoonguss|Protect|p2b: Amoonguss\n|-singleturn|p2b: Amoonguss|Protect\n|move|p1b: Jumpluff|Encore|p2b: Amoonguss\n|-activate|p2b: Amoonguss|move: Protect\n|cant|p1a: Groudon|slp\n|move|p2a: Rillaboom|U-turn|p1b: Jumpluff\n|-damage|p1b: Jumpluff|0 fnt\n|faint|p1b: Jumpluff\n|\n|t:|1773749767\n|switch|p2a: Incineroar|Incineroar, L50, M|23/100|[from] U-turn\n|-ability|p2a: Incineroar|Intimidate|boost\n|-unboost|p1a: Groudon|atk|1\n|\n|-weather|SunnyDay|[upkeep]\n|-heal|p1a: Groudon|98/100 slp|[from] Grassy Terrain\n|-heal|p2a: Incineroar|29/100|[from] Grassy Terrain\n|-sideend|p1: Jonen|move: Tailwind\n|upkeep\n|\n|t:|1773749771\n|switch|p1b: Lunala|Lunala, L50|100/100\n|turn|5\n|\n|t:|1773749777\n|move|p2a: Incineroar|Fake Out|p1a: Groudon\n|-damage|p1a: Groudon|89/100 slp\n|move|p1b: Lunala|Meteor Beam||[still]\n|-prepare|p1b: Lunala|Meteor Beam\n|-boost|p1b: Lunala|spa|1\n|-enditem|p1b: Lunala|Power Herb\n|-anim|p1b: Lunala|Meteor Beam|p2b: Amoonguss\n|-supereffective|p2b: Amoonguss\n|-damage|p2b: Amoonguss|1/100\n|-curestatus|p1a: Groudon|slp|[msg]\n|cant|p1a: Groudon|flinch\n|move|p2b: Amoonguss|Spore|p1a: Groudon\n|-status|p1a: Groudon|slp|[from] move: Spore\n|\n|-weather|none\n|-heal|p1a: Groudon|95/100 slp|[from] Grassy Terrain\n|-heal|p2a: Incineroar|35/100|[from] Grassy Terrain\n|-heal|p2b: Amoonguss|7/100|[from] Grassy Terrain\n|upkeep\n|turn|6\n|\n|t:|1773749794\n|switch|p2b: Rillaboom|Rillaboom, L50, M|86/100\n|-terastallize|p1b: Lunala|Fairy\n|move|p1b: Lunala|Moongeist Beam|p2b: Rillaboom\n|-damage|p2b: Rillaboom|42/100\n|cant|p1a: Groudon|slp\n|move|p2a: Incineroar|Parting Shot|p1b: Lunala\n|-unboost|p1b: Lunala|atk|1\n|-unboost|p1b: Lunala|spa|1\n|\n|t:|1773749804\n|switch|p2a: Amoonguss|Amoonguss, L50, F, tera:Fire|40/100|[from] Parting Shot\n|\n|-heal|p1a: Groudon|100/100 slp|[from] Grassy Terrain\n|-heal|p2b: Rillaboom|48/100|[from] Grassy Terrain\n|-heal|p2a: Amoonguss|46/100|[from] Grassy Terrain\n|-fieldend|move: Grassy Terrain\n|upkeep\n|turn|7\n|\n|t:|1773749813\n|switch|p2a: Incineroar|Incineroar, L50, M|35/100\n|-ability|p2a: Incineroar|Intimidate|boost\n|-unboost|p1a: Groudon|atk|1\n|-unboost|p1b: Lunala|atk|1\n|move|p1b: Lunala|Protect|p1b: Lunala\n|-singleturn|p1b: Lunala|Protect\n|cant|p1a: Groudon|slp\n|move|p2b: Rillaboom|Wood Hammer|p1a: Groudon\n|-supereffective|p1a: Groudon\n|-damage|p1a: Groudon|17/100 slp\n|-damage|p2b: Rillaboom|24/100|[from] Recoil\n|\n|upkeep\n|turn|8\n|\n|t:|1773749837\n|switch|p1b: Chi-Yu|Chi-Yu, L50|100/100\n|-ability|p1b: Chi-Yu|Beads of Ruin\n|switch|p2b: Amoonguss|Amoonguss, L50, F, tera:Fire|79/100\n|move|p2a: Incineroar|Fake Out|p1a: Groudon\n|-damage|p1a: Groudon|9/100 slp\n|-curestatus|p1a: Groudon|slp|[msg]\n|cant|p1a: Groudon|flinch\n|\n|upkeep\n|turn|9\n|\n|t:|1773749855\n|switch|p2a: Rillaboom|Rillaboom, L50, M|24/100\n|-fieldstart|move: Grassy Terrain|[from] ability: Grassy Surge|[of] p2a: Rillaboom\n|move|p2b: Amoonguss|Protect|p2b: Amoonguss\n|-singleturn|p2b: Amoonguss|Protect\n|move|p1b: Chi-Yu|Dark Pulse|p2b: Amoonguss\n|-activate|p2b: Amoonguss|move: Protect\n|move|p1a: Groudon|Precipice Blades|p2a: Rillaboom|[spread] p2a\n|-activate|p2b: Amoonguss|move: Protect\n|-resisted|p2a: Rillaboom\n|-damage|p2a: Rillaboom|11/100\n|-damage|p1a: Groudon|0 fnt|[from] item: Life Orb\n|faint|p1a: Groudon\n|\n|-heal|p2a: Rillaboom|17/100|[from] Grassy Terrain\n|-heal|p2b: Amoonguss|85/100|[from] Grassy Terrain\n|upkeep\n|\n|t:|1773749860\n|switch|p1a: Lunala|Lunala, L50, tera:Fairy|100/100\n|turn|10\n|\n|t:|1773749868\n|move|p2a: Rillaboom|Fake Out|p1b: Chi-Yu\n|-damage|p1b: Chi-Yu|80/100\n|cant|p1b: Chi-Yu|flinch\n|move|p1a: Lunala|Meteor Beam||[still]\n|-prepare|p1a: Lunala|Meteor Beam\n|-boost|p1a: Lunala|spa|1\n|move|p2b: Amoonguss|Spore|p1b: Chi-Yu\n|-status|p1b: Chi-Yu|slp|[from] move: Spore\n|\n|-heal|p1b: Chi-Yu|86/100 slp|[from] Grassy Terrain\n|-heal|p2a: Rillaboom|23/100|[from] Grassy Terrain\n|-heal|p2b: Amoonguss|91/100|[from] Grassy Terrain\n|upkeep\n|turn|11\n|\n|t:|1773749878\n|move|p2b: Amoonguss|Protect|p2b: Amoonguss\n|-singleturn|p2b: Amoonguss|Protect\n|cant|p1b: Chi-Yu|slp\n|move|p1a: Lunala|Meteor Beam|p2b: Amoonguss|[from] lockedmove\n|-activate|p2b: Amoonguss|move: Protect\n|move|p2a: Rillaboom|U-turn|p1b: Chi-Yu\n|-damage|p1b: Chi-Yu|50/100 slp\n|\n|t:|1773749883\n|switch|p2a: Incineroar|Incineroar, L50, M|35/100|[from] U-turn\n|-ability|p2a: Incineroar|Intimidate|boost\n|-unboost|p1a: Lunala|atk|1\n|-unboost|p1b: Chi-Yu|atk|1\n|\n|-heal|p1b: Chi-Yu|57/100 slp|[from] Grassy Terrain\n|-heal|p2a: Incineroar|41/100|[from] Grassy Terrain\n|-heal|p2b: Amoonguss|96/100|[from] Grassy Terrain\n|upkeep\n|turn|12\n|\n|t:|1773749894\n|-curestatus|p1b: Chi-Yu|slp|[msg]\n|move|p1b: Chi-Yu|Dark Pulse|p2b: Amoonguss\n|-damage|p2b: Amoonguss|50/100\n|move|p1a: Lunala|Moongeist Beam|p2a: Incineroar\n|-resisted|p2a: Incineroar\n|-damage|p2a: Incineroar|0 fnt\n|faint|p2a: Incineroar\n|move|p2b: Amoonguss|Spore|p1a: Lunala\n|-status|p1a: Lunala|slp|[from] move: Spore\n|\n|-heal|p1b: Chi-Yu|63/100|[from] Grassy Terrain\n|-heal|p2b: Amoonguss|56/100|[from] Grassy Terrain\n|upkeep\n|\n|t:|1773749904\n|switch|p2a: Rillaboom|Rillaboom, L50, M|23/100\n|turn|13\n|\n|t:|1773749909\n|move|p2a: Rillaboom|Fake Out|p1b: Chi-Yu\n|-damage|p1b: Chi-Yu|41/100\n|cant|p1b: Chi-Yu|flinch\n|cant|p1a: Lunala|slp\n|move|p2b: Amoonguss|Spore|p1b: Chi-Yu\n|-status|p1b: Chi-Yu|slp|[from] move: Spore\n|\n|-heal|p1b: Chi-Yu|47/100 slp|[from] Grassy Terrain\n|-heal|p2a: Rillaboom|29/100|[from] Grassy Terrain\n|-heal|p2b: Amoonguss|62/100|[from] Grassy Terrain\n|-fieldend|move: Grassy Terrain\n|upkeep\n|turn|14\n|\n|t:|1773749921\n|cant|p1b: Chi-Yu|slp\n|-curestatus|p1a: Lunala|slp|[msg]\n|move|p1a: Lunala|Moongeist Beam|p2a: Rillaboom\n|-damage|p2a: Rillaboom|0 fnt\n|faint|p2a: Rillaboom\n|move|p2b: Amoonguss|Pollen Puff|p2: Rillaboom|[notarget]\n|-fail|p2b: Amoonguss\n|\n|upkeep\n|\n|t:|1773749926\n|switch|p2a: Calyrex|Calyrex-Shadow, L50|100/100\n|-ability|p2a: Calyrex|As One\n|-ability|p2a: Calyrex|Unnerve\n|turn|15\n|\n|t:|1773749933\n|cant|p1b: Chi-Yu|slp\n|move|p2a: Calyrex|Astral Barrage|p1a: Lunala|[spread] p1a,p1b\n|-resisted|p1b: Chi-Yu\n|-crit|p1b: Chi-Yu\n|-damage|p1a: Lunala|71/100\n|-damage|p1b: Chi-Yu|0 fnt\n|faint|p1b: Chi-Yu\n|-ability|p2a: Calyrex|Grim Neigh|boost\n|-boost|p2a: Calyrex|spa|1\n|move|p1a: Lunala|Moongeist Beam|p2b: Amoonguss\n|-damage|p2b: Amoonguss|6/100\n|move|p2b: Amoonguss|Spore|p1a: Lunala\n|-status|p1a: Lunala|slp|[from] move: Spore\n|\n|upkeep\n|turn|16\n|\n|t:|1773749946\n|move|p2a: Calyrex|Astral Barrage|p1a: Lunala\n|-damage|p1a: Lunala|0 fnt\n|faint|p1a: Lunala\n|\n|win|KaiMVGC\n|raw|Jonen's rating: 1311 &rarr; <strong>1294</strong><br />(-17 for losing)\n|raw|KaiMVGC's rating: 1358 &rarr; <strong>1375</strong><br />(+17 for winning)\n","uploadtime":1773749946,"views":11,"formatid":"gen9vgc2026regi","rating":1294,"private":0,"password":null}