{"id":"gen9vgc2026regi-2581338292","format":"[Gen 9] VGC 2026 Reg I","players":["Praguesheevp","a_wood_is_good4"],"log":"|j|\u2606Praguesheevp\n|j|\u2606a_wood_is_good4\n|t:|1775988648\n|gametype|doubles\n|player|p1|Praguesheevp|1|1339\n|player|p2|a_wood_is_good4|265|1376\n|gen|9\n|tier|[Gen 9] VGC 2026 Reg I\n|rated|\n|rule|Species Clause: Limit one of each Pok\u00e9mon\n|rule|Item Clause: Limit 1 of each item\n|clearpoke\n|poke|p1|Calyrex-Ice, L50|\n|poke|p1|Kyogre, L50|\n|poke|p1|Smeargle, L50, F|\n|poke|p1|Roaring Moon, L50|\n|poke|p1|Landorus, L50, M|\n|poke|p1|Ogerpon-Cornerstone, L50, F|\n|poke|p2|Kyogre, L50|\n|poke|p2|Urshifu-*, L50, F|\n|poke|p2|Calyrex-Ice, L50|\n|poke|p2|Amoonguss, L50, M|\n|poke|p2|Rillaboom, L50, F|\n|poke|p2|Incineroar, L50, M|\n|teampreview|4\n|l|\u2606Praguesheevp\n|player|p1|\n|j|\u2606Praguesheevp\n|player|p1|Praguesheevp|1|\n|inactive|Battle timer is ON: inactive players will automatically lose when time's up. (requested by Praguesheevp)\n|\n|t:|1775988732\n|teamsize|p1|4\n|teamsize|p2|4\n|start\n|switch|p1a: Kyogre|Kyogre, L50|100/100\n|switch|p1b: Smeargle|Smeargle, L50, F|100/100\n|switch|p2a: Calyrex|Calyrex-Ice, L50|100/100\n|switch|p2b: Incineroar|Incineroar, L50, M|100/100\n|-ability|p2a: Calyrex|As One\n|-ability|p2a: Calyrex|Unnerve\n|-weather|RainDance|[from] ability: Drizzle|[of] p1a: Kyogre\n|-ability|p2b: Incineroar|Intimidate|boost\n|-unboost|p1a: Kyogre|atk|1\n|-unboost|p1b: Smeargle|atk|1\n|turn|1\n|inactive|a_wood_is_good4 has 30 seconds left.\n|inactive|a_wood_is_good4 has 20 seconds left.\n|inactive|a_wood_is_good4 has 15 seconds left.\n|inactive|a_wood_is_good4 has 10 seconds left.\n|inactive|a_wood_is_good4 has 5 seconds left.\n|\n|t:|1775988785\n|-terastallize|p2a: Calyrex|Grass\n|move|p1b: Smeargle|Fake Out|p2b: Incineroar\n|-damage|p2b: Incineroar|96/100\n|cant|p2b: Incineroar|flinch\n|move|p1a: Kyogre|Water Spout|p2b: Incineroar|[spread] p2a,p2b\n|-resisted|p2a: Calyrex\n|-supereffective|p2b: Incineroar\n|-damage|p2a: Calyrex|57/100\n|-damage|p2b: Incineroar|0 fnt\n|faint|p2b: Incineroar\n|move|p2a: Calyrex|Trick Room|p2a: Calyrex\n|-fieldstart|move: Trick Room|[of] p2a: Calyrex\n|\n|-weather|RainDance|[upkeep]\n|upkeep\n|\n|t:|1775988805\n|switch|p2b: Rillaboom|Rillaboom, L50, F|100/100\n|-fieldstart|move: Grassy Terrain|[from] ability: Grassy Surge|[of] p2b: Rillaboom\n|turn|2\n|inactive|a_wood_is_good4 has 30 seconds left.\n|inactive|a_wood_is_good4 has 20 seconds left.\n|inactive|a_wood_is_good4 has 15 seconds left.\n|inactive|a_wood_is_good4 has 10 seconds left.\n|\n|t:|1775988850\n|switch|p1a: Calyrex|Calyrex-Ice, L50|100/100\n|-ability|p1a: Calyrex|As One\n|-ability|p1a: Calyrex|Unnerve\n|move|p2a: Calyrex|Glacial Lance|p1b: Smeargle|[spread] p1a,p1b\n|-resisted|p1a: Calyrex\n|-damage|p1a: Calyrex|82/100\n|-enditem|p1b: Smeargle|Focus Sash\n|-damage|p1b: Smeargle|1/100\n|move|p2b: Rillaboom|Wood Hammer|p1b: Smeargle\n|-damage|p1b: Smeargle|0 fnt\n|faint|p1b: Smeargle\n|-damage|p2b: Rillaboom|99/100|[from] Recoil\n|\n|-weather|RainDance|[upkeep]\n|-heal|p2a: Calyrex|62/100|[from] Grassy Terrain\n|-heal|p1a: Calyrex|87/100|[from] Grassy Terrain\n|-heal|p1a: Calyrex|93/100|[from] item: Leftovers\n|-heal|p2b: Rillaboom|100/100|[from] Grassy Terrain\n|upkeep\n|\n|t:|1775988865\n|switch|p1b: Ogerpon|Ogerpon-Cornerstone, L50, F|100/100\n|turn|3\n|inactive|a_wood_is_good4 has 30 seconds left.\n|inactive|a_wood_is_good4 has 20 seconds left.\n|inactive|a_wood_is_good4 has 15 seconds left.\n|inactive|a_wood_is_good4 has 10 seconds left.\n|inactive|a_wood_is_good4 has 5 seconds left.\n|\n|t:|1775988916\n|switch|p2b: Kyogre|Kyogre, L50|100/100\n|move|p2a: Calyrex|Protect|p2a: Calyrex\n|-singleturn|p2a: Calyrex|Protect\n|move|p1b: Ogerpon|Spiky Shield|p1b: Ogerpon\n|-singleturn|p1b: Ogerpon|move: Protect\n|move|p1a: Calyrex|Glacial Lance|p2b: Kyogre|[spread] p2b\n|-activate|p2a: Calyrex|move: Protect\n|-resisted|p2b: Kyogre\n|-damage|p2b: Kyogre|75/100\n|\n|-weather|RainDance|[upkeep]\n|-heal|p2a: Calyrex|68/100|[from] Grassy Terrain\n|-heal|p1a: Calyrex|99/100|[from] Grassy Terrain\n|-heal|p1a: Calyrex|100/100|[from] item: Leftovers\n|-heal|p2b: Kyogre|82/100|[from] Grassy Terrain\n|upkeep\n|turn|4\n|inactive|a_wood_is_good4 has 30 seconds left.\n|\n|t:|1775988951\n|switch|p2a: Rillaboom|Rillaboom, L50, F|100/100\n|switch|p1b: Kyogre|Kyogre, L50|100/100\n|move|p1a: Calyrex|Glacial Lance|p2a: Rillaboom|[spread] p2a,p2b\n|-supereffective|p2a: Rillaboom\n|-resisted|p2b: Kyogre\n|-damage|p2a: Rillaboom|7/100\n|-damage|p2b: Kyogre|56/100\n|move|p2b: Kyogre|Origin Pulse|p1b: Kyogre|[spread] p1a,p1b\n|-crit|p1a: Calyrex\n|-resisted|p1b: Kyogre\n|-damage|p1a: Calyrex|23/100\n|-damage|p1b: Kyogre|69/100\n|\n|-weather|RainDance|[upkeep]\n|-heal|p1a: Calyrex|29/100|[from] Grassy Terrain\n|-heal|p1a: Calyrex|35/100|[from] item: Leftovers\n|-heal|p2a: Rillaboom|13/100|[from] Grassy Terrain\n|-heal|p1b: Kyogre|75/100|[from] Grassy Terrain\n|-heal|p2b: Kyogre|62/100|[from] Grassy Terrain\n|upkeep\n|turn|5\n|inactive|Praguesheevp has 30 seconds left.\n|inactive|a_wood_is_good4 has 30 seconds left.\n|inactive|a_wood_is_good4 has 20 seconds left.\n|inactive|a_wood_is_good4 has 15 seconds left.\n|inactive|a_wood_is_good4 has 10 seconds left.\n|inactive|a_wood_is_good4 has 5 seconds left.\n|\n|t:|1775989004\n|-terastallize|p1b: Kyogre|Grass\n|move|p1a: Calyrex|Protect|p1a: Calyrex\n|-singleturn|p1a: Calyrex|Protect\n|move|p2a: Rillaboom|Grassy Glide|p1b: Kyogre\n|-resisted|p1b: Kyogre\n|-damage|p1b: Kyogre|60/100\n|move|p1b: Kyogre|Origin Pulse|p2b: Kyogre|[spread] p2a\n|-miss|p1b: Kyogre|p2b: Kyogre\n|-resisted|p2a: Rillaboom\n|-damage|p2a: Rillaboom|0 fnt\n|faint|p2a: Rillaboom\n|move|p2b: Kyogre|Origin Pulse|p1a: Calyrex|[spread] p1b\n|-activate|p1a: Calyrex|move: Protect\n|-resisted|p1b: Kyogre\n|-damage|p1b: Kyogre|28/100\n|\n|-weather|none\n|-heal|p1a: Calyrex|41/100|[from] Grassy Terrain\n|-heal|p1a: Calyrex|46/100|[from] item: Leftovers\n|-heal|p1b: Kyogre|34/100|[from] Grassy Terrain\n|-heal|p2b: Kyogre|69/100|[from] Grassy Terrain\n|-fieldend|move: Trick Room\n|upkeep\n|\n|t:|1775989021\n|switch|p2a: Calyrex|Calyrex-Ice, L50, tera:Grass|68/100\n|-ability|p2a: Calyrex|As One\n|-ability|p2a: Calyrex|Unnerve\n|turn|6\n|inactive|a_wood_is_good4 has 30 seconds left.\n|\n|t:|1775989050\n|switch|p1b: Ogerpon|Ogerpon-Cornerstone, L50, F|100/100\n|move|p1a: Calyrex|Protect||[still]\n|-fail|p1a: Calyrex\n|move|p2b: Kyogre|Hydro Pump|p1a: Calyrex\n|-damage|p1a: Calyrex|0 fnt\n|faint|p1a: Calyrex\n|move|p2a: Calyrex|Glacial Lance|p1b: Ogerpon\n|-supereffective|p1b: Ogerpon\n|-ability|p1b: Ogerpon|Sturdy\n|-damage|p1b: Ogerpon|1/100\n|\n|-heal|p1b: Ogerpon|7/100|[from] Grassy Terrain\n|-heal|p2b: Kyogre|75/100|[from] Grassy Terrain\n|-heal|p2a: Calyrex|74/100|[from] Grassy Terrain\n|-fieldend|move: Grassy Terrain\n|upkeep\n|\n|t:|1775989057\n|switch|p1a: Kyogre|Kyogre, L50, tera:Grass|34/100\n|-weather|RainDance|[from] ability: Drizzle|[of] p1a: Kyogre\n|turn|7\n|inactive|a_wood_is_good4 has 30 seconds left.\n|inactive|a_wood_is_good4 has 20 seconds left.\n|inactive|a_wood_is_good4 has 15 seconds left.\n|\n|t:|1775989098\n|move|p1b: Ogerpon|Horn Leech|p2b: Kyogre\n|-supereffective|p2b: Kyogre\n|-damage|p2b: Kyogre|0 fnt\n|-heal|p1b: Ogerpon|51/100|[from] drain|[of] p2b: Kyogre\n|faint|p2b: Kyogre\n|move|p1a: Kyogre|Origin Pulse|p2a: Calyrex\n|-resisted|p2a: Calyrex\n|-damage|p2a: Calyrex|33/100\n|move|p2a: Calyrex|Glacial Lance|p1b: Ogerpon|[spread] p1a,p1b\n|-supereffective|p1a: Kyogre\n|-supereffective|p1b: Ogerpon\n|-damage|p1a: Kyogre|0 fnt\n|-damage|p1b: Ogerpon|0 fnt\n|faint|p1a: Kyogre\n|faint|p1b: Ogerpon\n|\n|win|a_wood_is_good4\n|raw|Praguesheevp's rating: 1339 &rarr; <strong>1321</strong><br />(-18 for losing)\n|raw|a_wood_is_good4's rating: 1376 &rarr; <strong>1394</strong><br />(+18 for winning)\n|l|\u2606Praguesheevp\n|player|p1|\n","uploadtime":1775989116,"views":36,"formatid":"gen9vgc2026regi","rating":1321,"private":0,"password":null}