{"id":"gen9vgc2026regi-2544683834","format":"[Gen 9] VGC 2026 Reg I","players":["no89","VJ2511"],"log":"|j|\u2606no89\n|j|\u2606VJ2511\n|t:|1771739051\n|gametype|doubles\n|player|p1|no89|pokemonbreeder-gen4|1505\n|player|p2|VJ2511|red-masters3|1528\n|gen|9\n|tier|[Gen 9] VGC 2026 Reg I\n|rated|\n|rule|Species Clause: Limit one of each Pok\u00e9mon\n|rule|Item Clause: Limit 1 of each item\n|clearpoke\n|poke|p1|Ho-Oh, L50|\n|poke|p1|Zamazenta-*, L50|\n|poke|p1|Rillaboom, L50, M|\n|poke|p1|Ogerpon-Cornerstone, L50, F|\n|poke|p1|Flutter Mane, L50|\n|poke|p1|Chi-Yu, L50|\n|poke|p2|Calyrex-Shadow, L50|\n|poke|p2|Zamazenta-*, L50|\n|poke|p2|Chien-Pao, L50|\n|poke|p2|Dragonite, L50, F|\n|poke|p2|Raging Bolt, L50|\n|poke|p2|Amoonguss, L50, F|\n|teampreview|4\n|inactive|Battle timer is ON: inactive players will automatically lose when time's up. (requested by VJ2511)\n|inactive|VJ2511 has 60 seconds left.\n|\n|t:|1771739090\n|teamsize|p1|4\n|teamsize|p2|4\n|start\n|switch|p1a: Ogerpon|Ogerpon-Cornerstone, L50, F|100/100\n|switch|p1b: Chi-Yu|Chi-Yu, L50|100/100\n|switch|p2a: Zamazenta|Zamazenta-Crowned, L50|100/100\n|switch|p2b: Raging Bolt|Raging Bolt, L50|100/100\n|-ability|p1b: Chi-Yu|Beads of Ruin\n|-ability|p2a: Zamazenta|Dauntless Shield|boost\n|-boost|p2a: Zamazenta|def|1\n|-enditem|p2b: Raging Bolt|Booster Energy\n|-activate|p2b: Raging Bolt|ability: Protosynthesis|[fromitem]\n|-start|p2b: Raging Bolt|protosynthesisspa\n|turn|1\n|\n|t:|1771739114\n|-terastallize|p2a: Zamazenta|Dragon\n|move|p1a: Ogerpon|Follow Me|p1a: Ogerpon\n|-singleturn|p1a: Ogerpon|move: Follow Me\n|move|p1b: Chi-Yu|Snarl|p2a: Zamazenta|[spread] p2a,p2b\n|-damage|p2a: Zamazenta|82/100\n|-damage|p2b: Raging Bolt|76/100\n|-unboost|p2a: Zamazenta|spa|1\n|-unboost|p2b: Raging Bolt|spa|1\n|move|p2a: Zamazenta|Body Press|p1a: Ogerpon\n|-supereffective|p1a: Ogerpon\n|-ability|p1a: Ogerpon|Sturdy\n|-damage|p1a: Ogerpon|1/100\n|move|p2b: Raging Bolt|Thunderbolt|p1a: Ogerpon\n|-resisted|p1a: Ogerpon\n|-damage|p1a: Ogerpon|0 fnt\n|faint|p1a: Ogerpon\n|\n|upkeep\n|\n|t:|1771739125\n|switch|p1a: Flutter Mane|Flutter Mane, L50|100/100\n|-enditem|p1a: Flutter Mane|Booster Energy\n|-activate|p1a: Flutter Mane|ability: Protosynthesis|[fromitem]\n|-start|p1a: Flutter Mane|protosynthesisspe\n|turn|2\n|\n|t:|1771739131\n|move|p1a: Flutter Mane|Moonblast|p2a: Zamazenta\n|-supereffective|p2a: Zamazenta\n|-damage|p2a: Zamazenta|0 fnt\n|faint|p2a: Zamazenta\n|move|p1b: Chi-Yu|Snarl|p2b: Raging Bolt\n|-damage|p2b: Raging Bolt|44/100\n|-unboost|p2b: Raging Bolt|spa|1\n|move|p2b: Raging Bolt|Thunderbolt|p1a: Flutter Mane\n|-damage|p1a: Flutter Mane|54/100\n|\n|upkeep\n|\n|t:|1771739140\n|switch|p2a: Calyrex|Calyrex-Shadow, L50|100/100\n|-ability|p2a: Calyrex|As One\n|-ability|p2a: Calyrex|Unnerve\n|turn|3\n|\n|t:|1771739155\n|move|p1a: Flutter Mane|Protect|p1a: Flutter Mane\n|-singleturn|p1a: Flutter Mane|Protect\n|move|p2a: Calyrex|Protect|p2a: Calyrex\n|-singleturn|p2a: Calyrex|Protect\n|move|p1b: Chi-Yu|Snarl|p2b: Raging Bolt|[spread] p2b\n|-activate|p2a: Calyrex|move: Protect\n|-damage|p2b: Raging Bolt|16/100\n|-unboost|p2b: Raging Bolt|spa|1\n|move|p2b: Raging Bolt|Thunderbolt|p1b: Chi-Yu\n|-damage|p1b: Chi-Yu|68/100\n|\n|upkeep\n|turn|4\n|\n|t:|1771739178\n|-terastallize|p1a: Flutter Mane|Normal\n|move|p2b: Raging Bolt|Thunderclap|p1a: Flutter Mane\n|-damage|p1a: Flutter Mane|20/100\n|move|p1a: Flutter Mane|Shadow Ball|p2a: Calyrex\n|-supereffective|p2a: Calyrex\n|-enditem|p2a: Calyrex|Focus Sash\n|-damage|p2a: Calyrex|1/100\n|move|p2a: Calyrex|Astral Barrage|p1b: Chi-Yu|[spread] p1b\n|-immune|p1a: Flutter Mane\n|-resisted|p1b: Chi-Yu\n|-damage|p1b: Chi-Yu|37/100\n|move|p1b: Chi-Yu|Snarl|p2b: Raging Bolt|[spread] p2a,p2b\n|-supereffective|p2a: Calyrex\n|-damage|p2a: Calyrex|0 fnt\n|-damage|p2b: Raging Bolt|0 fnt\n|faint|p2a: Calyrex\n|faint|p2b: Raging Bolt\n|-end|p2b: Raging Bolt|Protosynthesis|[silent]\n|\n|upkeep\n|\n|t:|1771739183\n|switch|p2a: Dragonite|Dragonite, L50, F, shiny|100/100\n|turn|5\n|\n|t:|1771739195\n|move|p2a: Dragonite|Extreme Speed|p1a: Flutter Mane\n|-damage|p1a: Flutter Mane|0 fnt\n|faint|p1a: Flutter Mane\n|-end|p1a: Flutter Mane|Protosynthesis|[silent]\n|move|p1b: Chi-Yu|Snarl|p2a: Dragonite\n|-damage|p2a: Dragonite|66/100\n|-unboost|p2a: Dragonite|spa|1\n|\n|upkeep\n|\n|t:|1771739198\n|switch|p1a: Ho-Oh|Ho-Oh, L50|100/100\n|turn|6\n|\n|t:|1771739202\n|move|p1b: Chi-Yu|Protect|p1b: Chi-Yu\n|-singleturn|p1b: Chi-Yu|Protect\n|move|p2a: Dragonite|Extreme Speed|p1b: Chi-Yu\n|-activate|p1b: Chi-Yu|move: Protect\n|move|p1a: Ho-Oh|Brave Bird|p2a: Dragonite\n|-crit|p2a: Dragonite\n|-damage|p2a: Dragonite|0 fnt\n|faint|p2a: Dragonite\n|-damage|p1a: Ho-Oh|79/100|[from] Recoil\n|\n|win|no89\n|raw|no89's rating: 1505 &rarr; <strong>1526</strong><br />(+21 for winning)\n|raw|VJ2511's rating: 1528 &rarr; <strong>1507</strong><br />(-21 for losing)\n|l|\u2606VJ2511\n|player|p2|\n|l|\u2606no89\n|player|p1|\n","uploadtime":1771739427,"views":20,"formatid":"gen9vgc2026regi","rating":1507,"private":0,"password":null}