{"id":"gen9vgc2026regi-2573305315","format":"[Gen 9] VGC 2026 Reg I","players":["SycrasisEU","Noobilio"],"log":"|j|\u2606SycrasisEU\n|j|\u2606Noobilio\n|t:|1775118942\n|gametype|doubles\n|player|p1|SycrasisEU|palmer|1235\n|player|p2|Noobilio|nurse|1360\n|gen|9\n|tier|[Gen 9] VGC 2026 Reg I\n|rated|\n|rule|Species Clause: Limit one of each Pok\u00e9mon\n|rule|Item Clause: Limit 1 of each item\n|clearpoke\n|poke|p1|Koraidon, L50|\n|poke|p1|Brute Bonnet, L50|\n|poke|p1|Raging Bolt, L50|\n|poke|p1|Landorus, L50, M|\n|poke|p1|Solgaleo, L50|\n|poke|p1|Roaring Moon, L50|\n|poke|p2|Whimsicott, L50, F|\n|poke|p2|Miraidon, L50|\n|poke|p2|Ursaluna, L50, F|\n|poke|p2|Incineroar, L50, F|\n|poke|p2|Urshifu-*, L50, M|\n|poke|p2|Lunala, L50|\n|teampreview|4\n|inactive|Battle timer is ON: inactive players will automatically lose when time's up. (requested by SycrasisEU)\nSycrasisEU has agreed to open team sheets.\n|\n|t:|1775118963\n|teamsize|p1|4\n|teamsize|p2|4\n|start\n|switch|p1a: Roaring Moon|Roaring Moon, L50|100/100\n|switch|p1b: Brute Bonnet|Brute Bonnet, L50|100/100\n|switch|p2a: Merp|Incineroar, L50, F|100/100\n|switch|p2b: A WOMAN! RUNNN|Lunala, L50|100/100\n|-ability|p2a: Merp|Intimidate|boost\n|-unboost|p1a: Roaring Moon|atk|1\n|-unboost|p1b: Brute Bonnet|atk|1\n|-enditem|p1a: Roaring Moon|Booster Energy\n|-activate|p1a: Roaring Moon|ability: Protosynthesis|[fromitem]\n|-start|p1a: Roaring Moon|protosynthesisspe\n|turn|1\n|j| rocket grunt kb\n|inactive|Noobilio has 30 seconds left.\n|inactive|Noobilio has 20 seconds left.\n|inactive|Noobilio has 15 seconds left.\n|inactive|Noobilio has 10 seconds left.\n|inactive|Noobilio has 5 seconds left.\n|\n|t:|1775119018\n|switch|p2a: Theo|Miraidon, L50|100/100\n|-fieldstart|move: Electric Terrain|[from] ability: Hadron Engine|[of] p2a: Theo\n|-enditem|p2b: A WOMAN! RUNNN|Electric Seed\n|-boost|p2b: A WOMAN! RUNNN|def|1|[from] item: Electric Seed\n|-terastallize|p2b: A WOMAN! RUNNN|Fire\n|move|p1a: Roaring Moon|Knock Off|p2b: A WOMAN! RUNNN\n|-damage|p2b: A WOMAN! RUNNN|94/100\n|move|p2b: A WOMAN! RUNNN|Heat Wave|p1a: Roaring Moon|[spread] p1a,p1b\n|-resisted|p1a: Roaring Moon\n|-supereffective|p1b: Brute Bonnet\n|-crit|p1b: Brute Bonnet\n|-damage|p1a: Roaring Moon|81/100\n|-damage|p1b: Brute Bonnet|34/100\n|-enditem|p1b: Brute Bonnet|Sitrus Berry|[eat]\n|-heal|p1b: Brute Bonnet|58/100|[from] item: Sitrus Berry\n|move|p1b: Brute Bonnet|Spore|p2b: A WOMAN! RUNNN\n|-activate|p2b: A WOMAN! RUNNN|move: Electric Terrain\n|\n|upkeep\n|turn|2\n|inactive|SycrasisEU has 30 seconds left.\n|\n|t:|1775119051\n|move|p1b: Brute Bonnet|Protect|p1b: Brute Bonnet\n|-singleturn|p1b: Brute Bonnet|Protect\n|move|p1a: Roaring Moon|Tailwind|p1a: Roaring Moon\n|-sidestart|p1: SycrasisEU|move: Tailwind\n|move|p2a: Theo|Draco Meteor|p1a: Roaring Moon|[miss]\n|-miss|p2a: Theo|p1a: Roaring Moon\n|move|p2b: A WOMAN! RUNNN|Heat Wave|p1a: Roaring Moon|[spread] p1a\n|-activate|p1b: Brute Bonnet|move: Protect\n|-resisted|p1a: Roaring Moon\n|-damage|p1a: Roaring Moon|61/100\n|\n|upkeep\n|turn|3\n|inactive|Noobilio has 30 seconds left.\n|\n|t:|1775119077\n|-end|p1a: Roaring Moon|Protosynthesis|[silent]\n|switch|p1a: Koraidon|Koraidon, L50, shiny|100/100\n|-weather|SunnyDay|[from] ability: Orichalcum Pulse|[of] p1a: Koraidon\n|-activate|p1b: Brute Bonnet|ability: Protosynthesis\n|-start|p1b: Brute Bonnet|protosynthesisspd\n|-activate|p1a: Koraidon|Orichalcum Pulse|[source]\n|switch|p2a: Merp|Incineroar, L50, F|100/100\n|-ability|p2a: Merp|Intimidate|boost\n|-fail|p1a: Koraidon|unboost|[from] item: Clear Amulet|[of] p1a: Koraidon\n|-unboost|p1b: Brute Bonnet|atk|1\n|move|p1b: Brute Bonnet|Rage Powder|p1b: Brute Bonnet\n|-singleturn|p1b: Brute Bonnet|move: Rage Powder\n|move|p2b: A WOMAN! RUNNN|Heat Wave|p1a: Koraidon|[spread] p1b\n|-miss|p2b: A WOMAN! RUNNN|p1a: Koraidon\n|-supereffective|p1b: Brute Bonnet\n|-damage|p1b: Brute Bonnet|2/100\n|\n|-weather|SunnyDay|[upkeep]\n|upkeep\n|turn|4\n|inactive|SycrasisEU has 30 seconds left.\n|inactive|Noobilio has 30 seconds left.\n|inactive|SycrasisEU has 20 seconds left.\n|inactive|SycrasisEU has 15 seconds left.\n|\n|t:|1775119119\n|move|p1a: Koraidon|Protect|p1a: Koraidon\n|-singleturn|p1a: Koraidon|Protect\n|move|p1b: Brute Bonnet|Protect|p1b: Brute Bonnet\n|-singleturn|p1b: Brute Bonnet|Protect\n|move|p2a: Merp|Fake Out|p1a: Koraidon\n|-activate|p1a: Koraidon|move: Protect\n|move|p2b: A WOMAN! RUNNN|Moongeist Beam|p1a: Koraidon\n|-activate|p1a: Koraidon|move: Protect\n|\n|-weather|SunnyDay|[upkeep]\n|upkeep\n|turn|5\n|\n|t:|1775119131\n|move|p1b: Brute Bonnet|Rage Powder|p1b: Brute Bonnet\n|-singleturn|p1b: Brute Bonnet|move: Rage Powder\n|move|p1a: Koraidon|Collision Course|p2a: Merp\n|-supereffective|p2a: Merp\n|-damage|p2a: Merp|0 fnt\n|faint|p2a: Merp\n|move|p2b: A WOMAN! RUNNN|Heat Wave|p1a: Koraidon|[spread] p1a,p1b\n|-resisted|p1a: Koraidon\n|-supereffective|p1b: Brute Bonnet\n|-damage|p1a: Koraidon|72/100\n|-damage|p1b: Brute Bonnet|0 fnt\n|faint|p1b: Brute Bonnet\n|-end|p1b: Brute Bonnet|Protosynthesis|[silent]\n|\n|-weather|SunnyDay|[upkeep]\n|-sideend|p1: SycrasisEU|move: Tailwind\n|-fieldend|move: Electric Terrain\n|upkeep\n|inactive|SycrasisEU has 30 seconds left.\n|\n|t:|1775119165\n|switch|p2a: Theo|Miraidon, L50|100/100\n|switch|p1b: Landorus|Landorus, L50, M|100/100\n|-fieldstart|move: Electric Terrain|[from] ability: Hadron Engine|[of] p2a: Theo\n|turn|6\n|inactive|Noobilio has 30 seconds left.\n|\n|t:|1775119191\n|switch|p1a: Roaring Moon|Roaring Moon, L50|61/100\n|-activate|p1a: Roaring Moon|ability: Protosynthesis\n|-start|p1a: Roaring Moon|protosynthesisspe\n|move|p1b: Landorus|Protect|p1b: Landorus\n|-singleturn|p1b: Landorus|Protect\n|move|p2a: Theo|Draco Meteor|p1b: Landorus\n|-activate|p1b: Landorus|move: Protect\n|move|p2b: A WOMAN! RUNNN|Trick Room|p2b: A WOMAN! RUNNN\n|-fieldstart|move: Trick Room|[of] p2b: A WOMAN! RUNNN\n|\n|-weather|SunnyDay|[upkeep]\n|upkeep\n|turn|7\n|inactive|SycrasisEU has 30 seconds left.\n|\n|t:|1775119225\n|switch|p2a: AHHHHH|Ursaluna, L50, F|100/100\n|move|p2b: A WOMAN! RUNNN|Heat Wave|p1b: Landorus|[spread] p1a,p1b\n|-resisted|p1a: Roaring Moon\n|-crit|p1b: Landorus\n|-damage|p1a: Roaring Moon|31/100\n|-damage|p1b: Landorus|0 fnt\n|faint|p1b: Landorus\n|move|p1a: Roaring Moon|Knock Off|p2a: AHHHHH\n|-damage|p2a: AHHHHH|65/100\n|-enditem|p2a: AHHHHH|Flame Orb|[from] move: Knock Off|[of] p1a: Roaring Moon\n|\n|-weather|none\n|-end|p1a: Roaring Moon|Protosynthesis\n|upkeep\n|\n|t:|1775119232\n|switch|p1b: Koraidon|Koraidon, L50, shiny|72/100\n|-weather|SunnyDay|[from] ability: Orichalcum Pulse|[of] p1b: Koraidon\n|-activate|p1a: Roaring Moon|ability: Protosynthesis\n|-start|p1a: Roaring Moon|protosynthesisspe\n|-activate|p1b: Koraidon|Orichalcum Pulse|[source]\n|turn|8\n|-message|SycrasisEU forfeited.\n|\n|win|Noobilio\n|raw|SycrasisEU's rating: 1235 &rarr; <strong>1219</strong><br />(-16 for losing)\n|raw|Noobilio's rating: 1360 &rarr; <strong>1373</strong><br />(+13 for winning)\n|l|\u2606SycrasisEU\n|player|p1|\n","uploadtime":1775119237,"views":23,"formatid":"gen9vgc2026regi","rating":1219,"private":0,"password":null}