{"id":"gen9vgc2026regi-2556429168","format":"[Gen 9] VGC 2026 Reg I","players":["jj11j1","slucin"],"log":"|j|\u2606jj11j1\n|j|\u2606slucin\n|t:|1773203639\n|gametype|doubles\n|player|p1|jj11j1|102|1435\n|player|p2|slucin|steven|1544\n|gen|9\n|tier|[Gen 9] VGC 2026 Reg I\n|rated|\n|rule|Species Clause: Limit one of each Pok\u00e9mon\n|rule|Item Clause: Limit 1 of each item\n|clearpoke\n|poke|p1|Kyogre, L50|\n|poke|p1|Calyrex-Ice, L50|\n|poke|p1|Landorus, L50, M|\n|poke|p1|Urshifu-*, L50, M|\n|poke|p1|Smeargle, L50, F|\n|poke|p1|Flutter Mane, L50|\n|poke|p2|Urshifu-*, L50, M|\n|poke|p2|Calyrex-Shadow, L50|\n|poke|p2|Incineroar, L50, M|\n|poke|p2|Miraidon, L50|\n|poke|p2|Whimsicott, L50, F|\n|poke|p2|Clefairy, L50, F|\n|teampreview|4\n|\n|t:|1773203662\n|teamsize|p1|4\n|teamsize|p2|4\n|start\n|switch|p1a: Flutter Mane|Flutter Mane, L50|100/100\n|switch|p1b: Landorus|Landorus, L50, M|100/100\n|switch|p2a: Incineroar|Incineroar, L50, M|100/100\n|switch|p2b: Calyrex|Calyrex-Shadow, L50|100/100\n|-ability|p2b: Calyrex|As One\n|-ability|p2b: Calyrex|Unnerve\n|-ability|p2a: Incineroar|Intimidate|boost\n|-unboost|p1a: Flutter Mane|atk|1\n|-unboost|p1b: Landorus|atk|1\n|turn|1\n|\n|t:|1773203686\n|-terastallize|p2b: Calyrex|Fairy\n|move|p1b: Landorus|Protect|p1b: Landorus\n|-singleturn|p1b: Landorus|Protect\n|move|p2a: Incineroar|Fake Out|p1b: Landorus\n|-activate|p1b: Landorus|move: Protect\n|move|p2b: Calyrex|Astral Barrage|p1a: Flutter Mane|[spread] p1a\n|-activate|p1b: Landorus|move: Protect\n|-supereffective|p1a: Flutter Mane\n|-enditem|p1a: Flutter Mane|Focus Sash\n|-damage|p1a: Flutter Mane|1/100\n|move|p1a: Flutter Mane|Trick Room|p1a: Flutter Mane\n|-fieldstart|move: Trick Room|[of] p1a: Flutter Mane\n|\n|upkeep\n|turn|2\n|\n|t:|1773203707\n|move|p2a: Incineroar|U-turn|p1a: Flutter Mane\n|-resisted|p1a: Flutter Mane\n|-damage|p1a: Flutter Mane|0 fnt\n|faint|p1a: Flutter Mane\n|-end|p1a: Flutter Mane|Protosynthesis|[silent]\n|\n|t:|1773203710\n|switch|p2a: Clefairy|Clefairy, L50, F|100/100|[from] U-turn\n|move|p1b: Landorus|Sandsear Storm|p2a: Clefairy|[spread] p2a\n|-miss|p1b: Landorus|p2b: Calyrex\n|-damage|p2a: Clefairy|39/100\n|move|p2b: Calyrex|Draining Kiss|p1b: Landorus\n|-damage|p1b: Landorus|59/100\n|\n|upkeep\n|\n|t:|1773203723\n|switch|p1a: Kyogre|Kyogre, L50|100/100\n|-weather|RainDance|[from] ability: Drizzle|[of] p1a: Kyogre\n|turn|3\n|\n|t:|1773203730\n|move|p2a: Clefairy|After You|p2b: Calyrex\n|-activate|p2b: Calyrex|move: After You\n|move|p2b: Calyrex|Astral Barrage|p1a: Kyogre|[spread] p1a,p1b\n|-damage|p1a: Kyogre|58/100\n|-damage|p1b: Landorus|0 fnt\n|faint|p1b: Landorus\n|-ability|p2b: Calyrex|Grim Neigh|boost\n|-boost|p2b: Calyrex|spa|1\n|move|p1a: Kyogre|Water Spout|p2a: Clefairy|[spread] p2a,p2b\n|-damage|p2a: Clefairy|0 fnt\n|-damage|p2b: Calyrex|59/100\n|faint|p2a: Clefairy\n|\n|-weather|RainDance|[upkeep]\n|upkeep\n|\n|t:|1773203747\n|switch|p2a: Incineroar|Incineroar, L50, M|100/100\n|switch|p1b: Calyrex|Calyrex-Ice, L50|100/100\n|-ability|p1b: Calyrex|As One\n|-ability|p1b: Calyrex|Unnerve\n|-ability|p2a: Incineroar|Intimidate|boost\n|-unboost|p1a: Kyogre|atk|1\n|-fail|p1b: Calyrex|unboost|[from] item: Clear Amulet|[of] p1b: Calyrex\n|turn|4\n|\n|t:|1773203789\n|-terastallize|p1b: Calyrex|Grass\n|move|p2b: Calyrex|Protect|p2b: Calyrex\n|-singleturn|p2b: Calyrex|Protect\n|move|p1a: Kyogre|Hydro Pump|p2b: Calyrex\n|-activate|p2b: Calyrex|move: Protect\n|move|p1b: Calyrex|Glacial Lance|p2b: Calyrex|[spread] p2a\n|-activate|p2b: Calyrex|move: Protect\n|-resisted|p2a: Incineroar\n|-damage|p2a: Incineroar|76/100\n|move|p2a: Incineroar|U-turn|p1a: Kyogre\n|-damage|p1a: Kyogre|43/100\n|\n|t:|1773203798\n|switch|p2a: Miraidon|Miraidon, L50|100/100|[from] U-turn\n|-fieldstart|move: Electric Terrain|[from] ability: Hadron Engine|[of] p2a: Miraidon\n|\n|-weather|RainDance|[upkeep]\n|upkeep\n|turn|5\n|\n|t:|1773203814\n|switch|p2b: Incineroar|Incineroar, L50, M|76/100\n|-ability|p2b: Incineroar|Intimidate|boost\n|-unboost|p1a: Kyogre|atk|1\n|-fail|p1b: Calyrex|unboost|[from] item: Clear Amulet|[of] p1b: Calyrex\n|move|p1a: Kyogre|Hydro Pump|p2b: Incineroar\n|-supereffective|p2b: Incineroar\n|-damage|p2b: Incineroar|0 fnt\n|faint|p2b: Incineroar\n|move|p1b: Calyrex|Glacial Lance|p2a: Miraidon\n|-supereffective|p2a: Miraidon\n|-damage|p2a: Miraidon|0 fnt\n|faint|p2a: Miraidon\n|-ability|p1b: Calyrex|Chilling Neigh|boost\n|-boost|p1b: Calyrex|atk|1\n|\n|-weather|RainDance|[upkeep]\n|-fieldend|move: Trick Room\n|upkeep\n|\n|t:|1773203819\n|switch|p2b: Calyrex|Calyrex-Shadow, L50, tera:Fairy|59/100\n|-ability|p2b: Calyrex|As One\n|-ability|p2b: Calyrex|Unnerve\n|turn|6\n|\n|t:|1773203840\n|move|p2b: Calyrex|Astral Barrage|p1b: Calyrex|[spread] p1a,p1b\n|-damage|p1a: Kyogre|3/100\n|-damage|p1b: Calyrex|61/100\n|move|p1b: Calyrex|Glacial Lance|p2b: Calyrex\n|-damage|p2b: Calyrex|0 fnt\n|faint|p2b: Calyrex\n|\n|win|jj11j1\n|raw|jj11j1's rating: 1435 &rarr; <strong>1461</strong><br />(+26 for winning)\n|raw|slucin's rating: 1544 &rarr; <strong>1518</strong><br />(-26 for losing)\n|l|\u2606jj11j1\n|player|p1|\n|l|\u2606slucin\n|player|p2|\n","uploadtime":1773204086,"views":12,"formatid":"gen9vgc2026regi","rating":1461,"private":0,"password":null}