{"id":"gen9vgc2026regi-2519225287","format":"[Gen 9] VGC 2026 Reg I","players":["blackred123\u5415\u5e03\u4fa0","JotaroTheGreat"],"log":"|j|\u2606blackred123\u5415\u5e03\u4fa0\n|j|\u2606JotaroTheGreat\n|t:|1768486125\n|gametype|doubles\n|player|p1|blackred123\u5415\u5e03\u4fa0|iono-masters|1267\n|player|p2|JotaroTheGreat|iris-gen5bw2|1213\n|gen|9\n|tier|[Gen 9] VGC 2026 Reg I\n|rated|\n|rule|Species Clause: Limit one of each Pok\u00e9mon\n|rule|Item Clause: Limit 1 of each item\n|clearpoke\n|poke|p1|Calyrex-Ice, L50|\n|poke|p1|Lunala, L50|\n|poke|p1|Smeargle, L50, M|\n|poke|p1|Torkoal, L50, M|\n|poke|p1|Urshifu-*, L50, F|\n|poke|p1|Indeedee-F, L50, F|\n|poke|p2|Calyrex-Shadow, L50|\n|poke|p2|Flutter Mane, L50|\n|poke|p2|Rillaboom, L50, M|\n|poke|p2|Raging Bolt, L50|\n|poke|p2|Koraidon, L50|\n|poke|p2|Whimsicott, L50, M|\n|teampreview|4\n|inactive|Battle timer is ON: inactive players will automatically lose when time's up. (requested by blackred123\u5415\u5e03\u4fa0)\n|\n|t:|1768486144\n|teamsize|p1|4\n|teamsize|p2|4\n|start\n|switch|p1a: \u6708\u4eae|Lunala, L50|100/100\n|switch|p1b: \u53f2\u9a6c\u72d7|Smeargle, L50, M|100/100\n|switch|p2a: Koraidon|Koraidon, L50|100/100\n|switch|p2b: Flutter Mane|Flutter Mane, L50|100/100\n|-weather|SunnyDay|[from] ability: Orichalcum Pulse|[of] p2a: Koraidon\n|-activate|p2b: Flutter Mane|ability: Protosynthesis\n|-start|p2b: Flutter Mane|protosynthesisspe\n|-activate|p2a: Koraidon|Orichalcum Pulse|[source]\n|turn|1\n|inactive|blackred123\u5415\u5e03\u4fa0 has 30 seconds left.\n|inactive|JotaroTheGreat has 30 seconds left.\n|\n|t:|1768486173\n|-terastallize|p1a: \u6708\u4eae|Grass\n|move|p1b: \u53f2\u9a6c\u72d7|Fake Out|p2a: Koraidon\n|-damage|p2a: Koraidon|95/100\n|move|p2b: Flutter Mane|Icy Wind|p1a: \u6708\u4eae|[spread] p1a,p1b\n|-supereffective|p1a: \u6708\u4eae\n|-damage|p1a: \u6708\u4eae|86/100\n|-damage|p1b: \u53f2\u9a6c\u72d7|46/100\n|-unboost|p1a: \u6708\u4eae|spe|1\n|-unboost|p1b: \u53f2\u9a6c\u72d7|spe|1\n|cant|p2a: Koraidon|flinch\n|move|p1a: \u6708\u4eae|Trick Room|p1a: \u6708\u4eae\n|-fieldstart|move: Trick Room|[of] p1a: \u6708\u4eae\n|\n|-weather|SunnyDay|[upkeep]\n|-ability|p1b: \u53f2\u9a6c\u72d7|Moody|boost\n|-boost|p1b: \u53f2\u9a6c\u72d7|atk|2\n|-unboost|p1b: \u53f2\u9a6c\u72d7|spa|1\n|upkeep\n|turn|2\n|\n|t:|1768486192\n|switch|p2a: Rillaboom|Rillaboom, L50, M|100/100\n|-fieldstart|move: Grassy Terrain|[from] ability: Grassy Surge|[of] p2a: Rillaboom\n|move|p1a: \u6708\u4eae|Expanding Force|p2a: Rillaboom\n|-damage|p2a: Rillaboom|59/100\n|move|p1b: \u53f2\u9a6c\u72d7|Decorate|p1a: \u6708\u4eae\n|-boost|p1a: \u6708\u4eae|atk|2\n|-boost|p1a: \u6708\u4eae|spa|2\n|move|p2b: Flutter Mane|Icy Wind|p1a: \u6708\u4eae|[spread] p1a,p1b\n|-supereffective|p1a: \u6708\u4eae\n|-damage|p1a: \u6708\u4eae|56/100\n|-damage|p1b: \u53f2\u9a6c\u72d7|0 fnt\n|-unboost|p1a: \u6708\u4eae|spe|1\n|faint|p1b: \u53f2\u9a6c\u72d7\n|\n|-weather|SunnyDay|[upkeep]\n|-heal|p1a: \u6708\u4eae|62/100|[from] Grassy Terrain\n|-heal|p2a: Rillaboom|65/100|[from] Grassy Terrain\n|upkeep\n|\n|t:|1768486206\n|switch|p1b: \u5706\u7cfb\u5b9d\u53ef\u68a6|Indeedee-F, L50, F|100/100\n|-fieldstart|move: Psychic Terrain|[from] ability: Psychic Surge|[of] p1b: \u5706\u7cfb\u5b9d\u53ef\u68a6\n|turn|3\n|\n|t:|1768486224\n|move|p1a: \u6708\u4eae|Expanding Force|p2a: Rillaboom|[spread] p2a,p2b\n|-damage|p2a: Rillaboom|0 fnt\n|-damage|p2b: Flutter Mane|0 fnt\n|faint|p2a: Rillaboom\n|faint|p2b: Flutter Mane\n|-end|p2b: Flutter Mane|Protosynthesis|[silent]\n|move|p1b: \u5706\u7cfb\u5b9d\u53ef\u68a6|Alluring Voice|p2: Rillaboom|[notarget]\n|-fail|p1b: \u5706\u7cfb\u5b9d\u53ef\u68a6\n|\n|-weather|SunnyDay|[upkeep]\n|upkeep\n|\n|t:|1768486228\n|switch|p2a: Koraidon|Koraidon, L50|95/100\n|switch|p2b: Raging Bolt|Raging Bolt, L50|100/100\n|-activate|p2a: Koraidon|ability: Orichalcum Pulse\n|-activate|p2b: Raging Bolt|ability: Protosynthesis\n|-start|p2b: Raging Bolt|protosynthesisspa\n|turn|4\n|\n|t:|1768486235\n|move|p1b: \u5706\u7cfb\u5b9d\u53ef\u68a6|Helping Hand|p1a: \u6708\u4eae\n|-singleturn|p1a: \u6708\u4eae|Helping Hand|[of] p1b: \u5706\u7cfb\u5b9d\u53ef\u68a6\n|move|p2b: Raging Bolt|Protect|p2b: Raging Bolt\n|-singleturn|p2b: Raging Bolt|Protect\n|move|p2a: Koraidon|Protect|p2a: Koraidon\n|-singleturn|p2a: Koraidon|Protect\n|move|p1a: \u6708\u4eae|Expanding Force|p2a: Koraidon|[spread] \n|-activate|p2a: Koraidon|move: Protect\n|-activate|p2b: Raging Bolt|move: Protect\n|\n|-weather|SunnyDay|[upkeep]\n|upkeep\n|turn|5\n|\n|t:|1768486246\n|move|p1b: \u5706\u7cfb\u5b9d\u53ef\u68a6|Helping Hand|p1a: \u6708\u4eae\n|-singleturn|p1a: \u6708\u4eae|Helping Hand|[of] p1b: \u5706\u7cfb\u5b9d\u53ef\u68a6\n|move|p2b: Raging Bolt|Protect||[still]\n|-fail|p2b: Raging Bolt\n|move|p2a: Koraidon|Protect||[still]\n|-fail|p2a: Koraidon\n|move|p1a: \u6708\u4eae|Expanding Force|p2a: Koraidon|[spread] p2a,p2b\n|-supereffective|p2a: Koraidon\n|-damage|p2a: Koraidon|0 fnt\n|-damage|p2b: Raging Bolt|0 fnt\n|faint|p2a: Koraidon\n|faint|p2b: Raging Bolt\n|-end|p2b: Raging Bolt|Protosynthesis|[silent]\n|\n|win|blackred123\u5415\u5e03\u4fa0\n|raw|blackred123\u5415\u5e03\u4fa0's rating: 1267 &rarr; <strong>1288</strong><br />(+21 for winning)\n|raw|JotaroTheGreat's rating: 1213 &rarr; <strong>1192</strong><br />(-21 for losing)\n|l|\u2606JotaroTheGreat\n|player|p2|\n","uploadtime":1768486261,"views":10,"formatid":"gen9vgc2026regi","rating":1192,"private":0,"password":null}