{"id":"gen9vgc2026regi-2560141696","format":"[Gen 9] VGC 2026 Reg I","players":["SycrasisEU","relooo"],"log":"|j|\u2606SycrasisEU\n|j|\u2606relooo\n|t:|1773658123\n|gametype|doubles\n|player|p1|SycrasisEU|pryce|1153\n|player|p2|relooo|266|1216\n|gen|9\n|tier|[Gen 9] VGC 2026 Reg I\n|rated|\n|rule|Species Clause: Limit one of each Pok\u00e9mon\n|rule|Item Clause: Limit 1 of each item\n|clearpoke\n|poke|p1|Dialga, L50|\n|poke|p1|Ursaluna, L50, F|\n|poke|p1|Calyrex-Ice, L50|\n|poke|p1|Rabsca, L50, F|\n|poke|p1|Incineroar, L50, F|\n|poke|p1|Gurdurr, L50, F|\n|poke|p2|Calyrex-Shadow, L50|\n|poke|p2|Koraidon, L50|\n|poke|p2|Clefairy, L50, M|\n|poke|p2|Incineroar, L50, F|\n|poke|p2|Flutter Mane, L50|\n|poke|p2|Rillaboom, L50, F|\n|teampreview|4\n|\n|t:|1773658157\n|teamsize|p1|4\n|teamsize|p2|4\n|start\n|switch|p1a: Calyrex|Calyrex-Ice, L50|100/100\n|switch|p1b: Incineroar|Incineroar, L50, F, shiny|100/100\n|switch|p2a: Calyrex|Calyrex-Shadow, L50|100/100\n|switch|p2b: Koraidon|Koraidon, L50|100/100\n|-ability|p2a: Calyrex|As One\n|-ability|p2a: Calyrex|Unnerve\n|-ability|p1a: Calyrex|As One\n|-ability|p1a: Calyrex|Unnerve\n|-weather|SunnyDay|[from] ability: Orichalcum Pulse|[of] p2b: Koraidon\n|-activate|p2b: Koraidon|Orichalcum Pulse|[source]\n|-ability|p1b: Incineroar|Intimidate|boost\n|-unboost|p2a: Calyrex|atk|1\n|-unboost|p2b: Koraidon|atk|1\n|turn|1\n|\n|t:|1773658179\n|-terastallize|p1a: Calyrex|Fire\n|move|p1b: Incineroar|Fake Out|p2b: Koraidon\n|-damage|p2b: Koraidon|89/100\n|move|p2a: Calyrex|Astral Barrage|p1a: Calyrex|[spread] p1a,p1b\n|-resisted|p1b: Incineroar\n|-damage|p1a: Calyrex|58/100\n|-damage|p1b: Incineroar|76/100\n|cant|p2b: Koraidon|flinch\n|move|p1a: Calyrex|Trick Room|p1a: Calyrex\n|-fieldstart|move: Trick Room|[of] p1a: Calyrex\n|\n|-weather|SunnyDay|[upkeep]\n|upkeep\n|turn|2\n|\n|t:|1773658196\n|switch|p2b: Incineroar|Incineroar, L50, F|100/100\n|-ability|p2b: Incineroar|Intimidate|boost\n|-fail|p1a: Calyrex|unboost|[from] item: Clear Amulet|[of] p1a: Calyrex\n|-unboost|p1b: Incineroar|atk|1\n|-terastallize|p2a: Calyrex|Dark\n|move|p1a: Calyrex|Protect|p1a: Calyrex\n|-singleturn|p1a: Calyrex|Protect\n|move|p1b: Incineroar|Knock Off|p2a: Calyrex\n|-resisted|p2a: Calyrex\n|-damage|p2a: Calyrex|87/100\n|-enditem|p2a: Calyrex|Spell Tag|[from] move: Knock Off|[of] p1b: Incineroar\n|move|p2a: Calyrex|Trick Room|p2a: Calyrex\n|-fieldend|move: Trick Room\n|\n|-weather|SunnyDay|[upkeep]\n|upkeep\n|turn|3\n|\n|t:|1773658221\n|switch|p1a: Gurdurr|Gurdurr, L50, F|100/100\n|move|p2a: Calyrex|Astral Barrage|p1b: Incineroar|[spread] p1a,p1b\n|-resisted|p1b: Incineroar\n|-damage|p1a: Gurdurr|51/100\n|-damage|p1b: Incineroar|56/100\n|move|p1b: Incineroar|Parting Shot|p2a: Calyrex\n|-unboost|p2a: Calyrex|atk|1\n|-unboost|p2a: Calyrex|spa|1\n|\n|t:|1773658233\n|switch|p1b: Rabsca|Rabsca, L50, F|100/100|[from] Parting Shot\n|move|p2b: Incineroar|Knock Off|p1a: Gurdurr\n|-resisted|p1a: Gurdurr\n|-damage|p1a: Gurdurr|37/100\n|-enditem|p1a: Gurdurr|Eviolite|[from] move: Knock Off|[of] p2b: Incineroar\n|\n|-weather|SunnyDay|[upkeep]\n|upkeep\n|turn|4\n|\n|t:|1773658244\n|move|p1a: Gurdurr|Wide Guard|p1a: Gurdurr\n|-singleturn|p1a: Gurdurr|Wide Guard\n|move|p2a: Calyrex|Astral Barrage|p1a: Gurdurr|[spread] \n|-activate|p1a: Gurdurr|move: Wide Guard\n|-activate|p1b: Rabsca|move: Wide Guard\n|move|p2b: Incineroar|Knock Off|p1b: Rabsca\n|-supereffective|p1b: Rabsca\n|-damage|p1b: Rabsca|21/100\n|-enditem|p1b: Rabsca|Choice Specs|[from] move: Knock Off|[of] p2b: Incineroar\n|move|p1b: Rabsca|Bug Buzz|p2a: Calyrex\n|-supereffective|p2a: Calyrex\n|-damage|p2a: Calyrex|0 fnt\n|faint|p2a: Calyrex\n|\n|-weather|SunnyDay|[upkeep]\n|upkeep\n|\n|t:|1773658249\n|switch|p2a: Koraidon|Koraidon, L50|89/100\n|-activate|p2a: Koraidon|ability: Orichalcum Pulse\n|turn|5\n|-message|SycrasisEU forfeited.\n|\n|win|relooo\n|raw|SycrasisEU's rating: 1153 &rarr; <strong>1132</strong><br />(-21 for losing)\n|raw|relooo's rating: 1216 &rarr; <strong>1237</strong><br />(+21 for winning)\n|l|\u2606SycrasisEU\n|player|p1|\n|l|\u2606relooo\n|player|p2|\n","uploadtime":1773658459,"views":10,"formatid":"gen9vgc2026regi","rating":1132,"private":0,"password":null}