{"id":"gen9vgc2026regi-2530543231","format":"[Gen 9] VGC 2026 Reg I","players":["Blastwalker","lilcardscammer"],"log":"|j|\u2606Blastwalker\n|j|\u2606lilcardscammer\n|t:|1769935800\n|gametype|doubles\n|player|p1|Blastwalker|koga|1177\n|player|p2|lilcardscammer|waitress-gen4|1329\n|gen|9\n|tier|[Gen 9] VGC 2026 Reg I\n|rated|\n|rule|Species Clause: Limit one of each Pok\u00e9mon\n|rule|Item Clause: Limit 1 of each item\n|clearpoke\n|poke|p1|Volcarona, L50, F|\n|poke|p1|Brute Bonnet, L50|\n|poke|p1|Chi-Yu, L50|\n|poke|p1|Koraidon, L50|\n|poke|p1|Calyrex-Shadow, L50|\n|poke|p1|Indeedee-F, L50, F|\n|poke|p2|Lunala, L50|\n|poke|p2|Koraidon, L50|\n|poke|p2|Chi-Yu, L50|\n|poke|p2|Flutter Mane, L50|\n|poke|p2|Brute Bonnet, L50|\n|poke|p2|Ursaluna, L50, M|\n|teampreview|4\n|inactive|Battle timer is ON: inactive players will automatically lose when time's up. (requested by lilcardscammer)\n|inactive|Blastwalker has 60 seconds left.\n|\n|t:|1769935844\n|teamsize|p1|4\n|teamsize|p2|4\n|start\n|switch|p1a: Calyrex|Calyrex-Shadow, L50|100/100\n|switch|p1b: Volcarona|Volcarona, L50, F|100/100\n|switch|p2a: 2k2d tyrant barrel|Chi-Yu, L50, shiny|100/100\n|switch|p2b: wicked witch|Flutter Mane, L50|100/100\n|-ability|p1a: Calyrex|As One\n|-ability|p1a: Calyrex|Unnerve\n|-ability|p2a: 2k2d tyrant barrel|Beads of Ruin\n|turn|1\n|\n|t:|1769935863\n|-terastallize|p1a: Calyrex|Dark\n|move|p2b: wicked witch|Protect|p2b: wicked witch\n|-singleturn|p2b: wicked witch|Protect\n|move|p2a: 2k2d tyrant barrel|Snarl|p1b: Volcarona|[spread] p1a,p1b\n|-resisted|p1a: Calyrex\n|-crit|p1a: Calyrex\n|-damage|p1a: Calyrex|77/100\n|-damage|p1b: Volcarona|69/100\n|-unboost|p1a: Calyrex|spa|1\n|-unboost|p1b: Volcarona|spa|1\n|move|p1a: Calyrex|Astral Barrage|p2b: wicked witch|[spread] p2a\n|-activate|p2b: wicked witch|move: Protect\n|-resisted|p2a: 2k2d tyrant barrel\n|-damage|p2a: 2k2d tyrant barrel|79/100\n|move|p1b: Volcarona|Quiver Dance|p1b: Volcarona\n|-boost|p1b: Volcarona|spa|1\n|-boost|p1b: Volcarona|spd|1\n|-boost|p1b: Volcarona|spe|1\n|\n|upkeep\n|turn|2\n|\n|t:|1769935884\n|-end|p2b: wicked witch|Protosynthesis|[silent]\n|switch|p2b: lemon glow|Brute Bonnet, L50, shiny|100/100\n|move|p2a: 2k2d tyrant barrel|Snarl|p1b: Volcarona|[spread] p1b\n|-miss|p2a: 2k2d tyrant barrel|p1a: Calyrex\n|-damage|p1b: Volcarona|48/100\n|-unboost|p1b: Volcarona|spa|1\n|-enditem|p1b: Volcarona|Sitrus Berry|[eat]\n|-heal|p1b: Volcarona|72/100|[from] item: Sitrus Berry\n|move|p1a: Calyrex|Astral Barrage|p2b: lemon glow|[spread] p2a,p2b\n|-resisted|p2a: 2k2d tyrant barrel\n|-resisted|p2b: lemon glow\n|-damage|p2a: 2k2d tyrant barrel|59/100\n|-damage|p2b: lemon glow|82/100\n|move|p1b: Volcarona|Quiver Dance|p1b: Volcarona\n|-boost|p1b: Volcarona|spa|1\n|-boost|p1b: Volcarona|spd|1\n|-boost|p1b: Volcarona|spe|1\n|\n|upkeep\n|turn|3\n|\n|t:|1769935907\n|switch|p1a: Koraidon|Koraidon, L50|100/100\n|-weather|SunnyDay|[from] ability: Orichalcum Pulse|[of] p1a: Koraidon\n|-activate|p2b: lemon glow|ability: Protosynthesis\n|-start|p2b: lemon glow|protosynthesisdef\n|-activate|p1a: Koraidon|Orichalcum Pulse|[source]\n|-terastallize|p2b: lemon glow|Water\n|move|p1b: Volcarona|Fiery Dance|p2b: lemon glow\n|-resisted|p2b: lemon glow\n|-damage|p2b: lemon glow|53/100\n|move|p2a: 2k2d tyrant barrel|Snarl|p1b: Volcarona|[spread] p1a,p1b\n|-resisted|p1a: Koraidon\n|-damage|p1a: Koraidon|90/100\n|-damage|p1b: Volcarona|58/100\n|-unboost|p1a: Koraidon|spa|1\n|-unboost|p1b: Volcarona|spa|1\n|move|p2b: lemon glow|Spore|p1b: Volcarona\n|-status|p1b: Volcarona|slp|[from] move: Spore\n|\n|-weather|SunnyDay|[upkeep]\n|upkeep\n|turn|4\n|\n|t:|1769935928\n|switch|p2a: wicked witch|Flutter Mane, L50|100/100\n|-activate|p2a: wicked witch|ability: Protosynthesis\n|-start|p2a: wicked witch|protosynthesisspe\n|move|p2b: lemon glow|Rage Powder|p2b: lemon glow\n|-singleturn|p2b: lemon glow|move: Rage Powder\n|cant|p1b: Volcarona|slp\n|move|p1a: Koraidon|Close Combat|p2b: lemon glow\n|-damage|p2b: lemon glow|12/100\n|-unboost|p1a: Koraidon|def|1\n|-unboost|p1a: Koraidon|spd|1\n|-damage|p1a: Koraidon|74/100|[from] item: Rocky Helmet|[of] p2b: lemon glow\n|\n|-weather|SunnyDay|[upkeep]\n|upkeep\n|turn|5\n|\n|t:|1769935948\n|switch|p1a: Calyrex|Calyrex-Shadow, L50, tera:Dark|77/100\n|-ability|p1a: Calyrex|As One\n|-ability|p1a: Calyrex|Unnerve\n|move|p2b: lemon glow|Sucker Punch|p1b: Volcarona\n|-damage|p1b: Volcarona|20/100 slp\n|-status|p2b: lemon glow|brn|[from] ability: Flame Body|[of] p1b: Volcarona\n|move|p2a: wicked witch|Moonblast|p1a: Calyrex\n|-supereffective|p1a: Calyrex\n|-damage|p1a: Calyrex|0 fnt\n|faint|p1a: Calyrex\n|-curestatus|p1b: Volcarona|slp|[msg]\n|move|p1b: Volcarona|Fiery Dance|p2a: wicked witch\n|-damage|p2a: wicked witch|52/100\n|-boost|p1b: Volcarona|spa|1\n|\n|-weather|SunnyDay|[upkeep]\n|-damage|p2b: lemon glow|6/100 brn|[from] brn\n|upkeep\n|\n|t:|1769935966\n|switch|p1a: Chi-Yu|Chi-Yu, L50|100/100\n|-ability|p1a: Chi-Yu|Beads of Ruin\n|turn|6\n|\n|t:|1769935986\n|move|p1b: Volcarona|Protect|p1b: Volcarona\n|-singleturn|p1b: Volcarona|Protect\n|move|p2b: lemon glow|Sucker Punch||[still]\n|-fail|p2b: lemon glow\n|move|p2a: wicked witch|Moonblast|p1a: Chi-Yu\n|-damage|p1a: Chi-Yu|37/100\n|move|p1a: Chi-Yu|Snarl|p2a: wicked witch|[spread] p2a,p2b\n|-damage|p2a: wicked witch|13/100\n|-damage|p2b: lemon glow|0 fnt\n|-unboost|p2a: wicked witch|spa|1\n|faint|p2b: lemon glow\n|-end|p2b: lemon glow|Protosynthesis|[silent]\n|-damage|p1a: Chi-Yu|27/100|[from] item: Life Orb\n|\n|-weather|SunnyDay|[upkeep]\n|upkeep\n|\n|t:|1769935998\n|switch|p2b: LOCKHEED|Koraidon, L50, shiny|100/100\n|-activate|p2b: LOCKHEED|ability: Orichalcum Pulse\n|turn|7\n|inactive|Blastwalker has 30 seconds left.\n|\n|t:|1769936025\n|move|p2a: wicked witch|Moonblast|p1a: Chi-Yu\n|-damage|p1a: Chi-Yu|0 fnt\n|faint|p1a: Chi-Yu\n|move|p1b: Volcarona|Giga Drain|p2b: LOCKHEED\n|-resisted|p2b: LOCKHEED\n|-damage|p2b: LOCKHEED|87/100\n|-heal|p1b: Volcarona|26/100|[from] drain|[of] p2b: LOCKHEED\n|move|p2b: LOCKHEED|Flame Charge|p1b: Volcarona\n|-damage|p1b: Volcarona|0 fnt\n|-boost|p2b: LOCKHEED|spe|1\n|faint|p1b: Volcarona\n|-damage|p2b: LOCKHEED|78/100|[from] item: Life Orb\n|\n|-weather|none\n|-end|p2a: wicked witch|Protosynthesis\n|upkeep\n|c|\u2606Blastwalker|gg\n|c|\u2606lilcardscammer|gg\n|\n|t:|1769936042\n|switch|p1b: Koraidon|Koraidon, L50|74/100\n|-weather|SunnyDay|[from] ability: Orichalcum Pulse|[of] p1b: Koraidon\n|-activate|p2a: wicked witch|ability: Protosynthesis\n|-start|p2a: wicked witch|protosynthesisspe\n|-activate|p1b: Koraidon|Orichalcum Pulse|[source]\n|turn|8\n|\n|t:|1769936051\n|move|p2b: LOCKHEED|Protect|p2b: LOCKHEED\n|-singleturn|p2b: LOCKHEED|Protect\n|move|p2a: wicked witch|Moonblast|p1b: Koraidon\n|-supereffective|p1b: Koraidon\n|-damage|p1b: Koraidon|0 fnt\n|faint|p1b: Koraidon\n|\n|win|lilcardscammer\n|raw|Blastwalker's rating: 1177 &rarr; <strong>1162</strong><br />(-15 for losing)\n|raw|lilcardscammer's rating: 1329 &rarr; <strong>1341</strong><br />(+12 for winning)\n|l|\u2606Blastwalker\n|player|p1|\n","uploadtime":1769936066,"views":18,"formatid":"gen9vgc2026regi","rating":1162,"private":0,"password":null}