{"id":"gen9vgc2026regi-2561226363","format":"[Gen 9] VGC 2026 Reg I","players":["jonen","jd8erh"],"log":"|j|\u2606jonen\n|j|\u2606jd8erh\n|t:|1773775188\n|gametype|doubles\n|player|p1|jonen|medium|1356\n|player|p2|jd8erh|265|1400\n|gen|9\n|tier|[Gen 9] VGC 2026 Reg I\n|rated|\n|rule|Species Clause: Limit one of each Pok\u00e9mon\n|rule|Item Clause: Limit 1 of each item\n|clearpoke\n|poke|p1|Groudon, L50|\n|poke|p1|Chi-Yu, L50|\n|poke|p1|Flutter Mane, L50|\n|poke|p1|Raging Bolt, L50|\n|poke|p1|Calyrex-Ice, L50|\n|poke|p1|Jumpluff, L50, F|\n|poke|p2|Miraidon, L50|\n|poke|p2|Lunala, L50|\n|poke|p2|Incineroar, L50, F|\n|poke|p2|Wo-Chien, L50|\n|poke|p2|Urshifu-*, L50, F|\n|poke|p2|Iron Treads, L50|\n|teampreview|4\n|inactive|Battle timer is ON: inactive players will automatically lose when time's up. (requested by jd8erh)\njd8erh has agreed to open team sheets.\n|inactive|jonen has 60 seconds left.\n|inactive|jonen has 30 seconds left.\n|inactive|jonen has 20 seconds left.\n|inactive|jonen has 15 seconds left.\n|inactive|jonen has 10 seconds left.\n|inactive|jonen has 5 seconds left.\n|\n|t:|1773775277\n|teamsize|p1|4\n|teamsize|p2|4\n|start\n|switch|p1a: Groudon|Groudon, L50|100/100\n|switch|p1b: Flutter Mane|Flutter Mane, L50|100/100\n|switch|p2a: Miraidon|Miraidon, L50|100/100\n|switch|p2b: Incineroar|Incineroar, L50, F|100/100\n|-fieldstart|move: Electric Terrain|[from] ability: Hadron Engine|[of] p2a: Miraidon\n|-weather|SunnyDay|[from] ability: Drought|[of] p1a: Groudon\n|-activate|p1b: Flutter Mane|ability: Protosynthesis\n|-start|p1b: Flutter Mane|protosynthesisspe\n|-ability|p2b: Incineroar|Intimidate|boost\n|-unboost|p1a: Groudon|atk|1\n|-unboost|p1b: Flutter Mane|atk|1\n|turn|1\n|\n|t:|1773775288\n|-terastallize|p2a: Miraidon|Electric\n|move|p2b: Incineroar|Fake Out|p1a: Groudon\n|-damage|p1a: Groudon|93/100\n|move|p1b: Flutter Mane|Moonblast|p2a: Miraidon\n|-damage|p2a: Miraidon|75/100\n|move|p2a: Miraidon|Volt Switch|p1b: Flutter Mane\n|-damage|p1b: Flutter Mane|6/100\n|\n|t:|1773775293\n|switch|p2a: Wo-Chien|Wo-Chien, L50|100/100|[from] Volt Switch\n|-ability|p2a: Wo-Chien|Tablets of Ruin\n|cant|p1a: Groudon|flinch\n|\n|-weather|SunnyDay|[upkeep]\n|upkeep\n|turn|2\n|\n|t:|1773775305\n|-end|p1b: Flutter Mane|Protosynthesis|[silent]\n|switch|p1b: Chi-Yu|Chi-Yu, L50|100/100\n|-ability|p1b: Chi-Yu|Beads of Ruin\n|move|p1a: Groudon|High Horsepower|p2b: Incineroar\n|-supereffective|p2b: Incineroar\n|-damage|p2b: Incineroar|52/100\n|-damage|p1a: Groudon|77/100|[from] item: Rocky Helmet|[of] p2b: Incineroar\n|move|p2a: Wo-Chien|Snarl|p1b: Chi-Yu|[spread] p1a,p1b\n|-resisted|p1b: Chi-Yu\n|-damage|p1a: Groudon|64/100\n|-damage|p1b: Chi-Yu|92/100\n|-unboost|p1a: Groudon|spa|1\n|-unboost|p1b: Chi-Yu|spa|1\n|move|p2b: Incineroar|Parting Shot|p1a: Groudon\n|-unboost|p1a: Groudon|atk|1\n|-unboost|p1a: Groudon|spa|1\n|\n|t:|1773775316\n|switch|p2b: Miraidon|Miraidon, L50, tera:Electric|75/100|[from] Parting Shot\n|-activate|p2b: Miraidon|ability: Hadron Engine\n|\n|-weather|SunnyDay|[upkeep]\n|upkeep\n|turn|3\n|\n|t:|1773775326\n|switch|p2a: Incineroar|Incineroar, L50, F|52/100\n|-ability|p2a: Incineroar|Intimidate|boost\n|-unboost|p1a: Groudon|atk|1\n|-unboost|p1b: Chi-Yu|atk|1\n|move|p1b: Chi-Yu|Heat Wave|p2b: Miraidon|[spread] p2a,p2b\n|-resisted|p2a: Incineroar\n|-damage|p2a: Incineroar|33/100\n|-damage|p2b: Miraidon|46/100\n|-status|p2b: Miraidon|brn\n|move|p2b: Miraidon|Electro Drift|p1b: Chi-Yu\n|-damage|p1b: Chi-Yu|0 fnt\n|faint|p1b: Chi-Yu\n|move|p1a: Groudon|High Horsepower|p2b: Miraidon\n|-supereffective|p2b: Miraidon\n|-damage|p2b: Miraidon|4/100 brn\n|\n|-weather|SunnyDay|[upkeep]\n|-damage|p2b: Miraidon|0 fnt|[from] brn\n|faint|p2b: Miraidon\n|upkeep\n|\n|t:|1773775342\n|switch|p2b: Lunala|Lunala, L50|100/100\n|switch|p1b: Flutter Mane|Flutter Mane, L50|6/100\n|-enditem|p2b: Lunala|Electric Seed\n|-boost|p2b: Lunala|def|1|[from] item: Electric Seed\n|-activate|p1b: Flutter Mane|ability: Protosynthesis\n|-start|p1b: Flutter Mane|protosynthesisspe\n|turn|4\n|\n|t:|1773775359\n|switch|p1a: Calyrex|Calyrex-Ice, L50|100/100\n|-ability|p1a: Calyrex|As One\n|-ability|p1a: Calyrex|Unnerve\n|move|p2a: Incineroar|Fake Out|p1a: Calyrex\n|-damage|p1a: Calyrex|95/100\n|move|p1b: Flutter Mane|Icy Wind|p2a: Incineroar|[spread] p2b\n|-miss|p1b: Flutter Mane|p2a: Incineroar\n|-damage|p2b: Lunala|95/100\n|-unboost|p2b: Lunala|spe|1\n|move|p2b: Lunala|Moonblast|p1b: Flutter Mane\n|-damage|p1b: Flutter Mane|0 fnt\n|faint|p1b: Flutter Mane\n|-end|p1b: Flutter Mane|Protosynthesis|[silent]\n|\n|-weather|SunnyDay|[upkeep]\n|upkeep\n|\n|t:|1773775368\n|switch|p1b: Groudon|Groudon, L50|64/100\n|turn|5\n|\n|t:|1773775385\n|-terastallize|p1b: Groudon|Fire\n|move|p1b: Groudon|Heat Crash|p2b: Lunala\n|-damage|p2b: Lunala|42/100\n|move|p2a: Incineroar|Flare Blitz|p1a: Calyrex\n|-supereffective|p1a: Calyrex\n|-damage|p1a: Calyrex|18/100\n|-enditem|p1a: Calyrex|Sitrus Berry|[eat]\n|-heal|p1a: Calyrex|43/100|[from] item: Sitrus Berry\n|-damage|p2a: Incineroar|7/100|[from] Recoil\n|move|p2b: Lunala|Moongeist Beam|p1a: Calyrex\n|-supereffective|p1a: Calyrex\n|-damage|p1a: Calyrex|0 fnt\n|faint|p1a: Calyrex\n|\n|-weather|none\n|-fieldend|move: Electric Terrain\n|upkeep\n|turn|6\n|\n|t:|1773775399\n|move|p2b: Lunala|Protect|p2b: Lunala\n|-singleturn|p2b: Lunala|Protect\n|move|p1b: Groudon|Precipice Blades|p2b: Lunala|[spread] p2a\n|-activate|p2b: Lunala|move: Protect\n|-supereffective|p2a: Incineroar\n|-damage|p2a: Incineroar|0 fnt\n|faint|p2a: Incineroar\n|\n|upkeep\n|\n|t:|1773775400\n|switch|p2a: Wo-Chien|Wo-Chien, L50|100/100\n|-ability|p2a: Wo-Chien|Tablets of Ruin\n|turn|7\n|\n|t:|1773775412\n|move|p1b: Groudon|Heat Crash|p2a: Wo-Chien\n|-supereffective|p2a: Wo-Chien\n|-damage|p2a: Wo-Chien|18/100\n|move|p2a: Wo-Chien|Pollen Puff|p2b: Lunala\n|-heal|p2b: Lunala|92/100\n|move|p2b: Lunala|Moongeist Beam|p1b: Groudon\n|-damage|p1b: Groudon|33/100\n|\n|-heal|p2a: Wo-Chien|24/100|[from] item: Leftovers\n|upkeep\n|turn|8\n|\n|t:|1773775425\n|move|p2a: Wo-Chien|Protect|p2a: Wo-Chien\n|-singleturn|p2a: Wo-Chien|Protect\n|move|p1b: Groudon|Precipice Blades|p2a: Wo-Chien|[spread] p2b\n|-activate|p2a: Wo-Chien|move: Protect\n|-damage|p2b: Lunala|71/100\n|move|p2b: Lunala|Moongeist Beam|p1b: Groudon\n|-damage|p1b: Groudon|3/100\n|\n|-heal|p2a: Wo-Chien|31/100|[from] item: Leftovers\n|upkeep\n|turn|9\n|\n|t:|1773775433\n|move|p1b: Groudon|Precipice Blades|p2a: Wo-Chien|[spread] p2b\n|-miss|p1b: Groudon|p2a: Wo-Chien\n|-damage|p2b: Lunala|48/100\n|move|p2a: Wo-Chien|Pollen Puff|p2b: Lunala\n|-heal|p2b: Lunala|98/100\n|move|p2b: Lunala|Moongeist Beam|p1b: Groudon\n|-damage|p1b: Groudon|0 fnt\n|faint|p1b: Groudon\n|\n|win|jd8erh\n|raw|jonen's rating: 1356 &rarr; <strong>1339</strong><br />(-17 for losing)\n|raw|jd8erh's rating: 1400 &rarr; <strong>1417</strong><br />(+17 for winning)\n|c|\u2606jd8erh|Gg\n|c|\u2606jonen|gg\n|l|\u2606jonen\n|player|p1|\n|l|\u2606jd8erh\n|player|p2|\n|j|\u2606jd8erh\n|player|p2|jd8erh|265|\n|l|\u2606jd8erh\n|player|p2|\n","uploadtime":1773775433,"views":13,"formatid":"gen9vgc2026regi","rating":1339,"private":0,"password":null}