{"id":"gen9vgc2026regi-2576246820","format":"[Gen 9] VGC 2026 Reg I","players":["21Kieran","ScribbleScribble"],"log":"|j|\u260621Kieran\n|j|\u2606ScribbleScribble\n|html|<table width=\"100%\"><tr><td align=\"left\">21Kieran</td><td align=\"right\">ScribbleScribble</tr><tr><td align=\"left\"><i class=\"fa fa-circle-o\"></i> <i class=\"fa fa-circle-o\"></i> </td><td align=\"right\"><i class=\"fa fa-circle-o\"></i> <i class=\"fa fa-circle-o\"></i> </tr></table>\n|uhtml|bestof|<h2><strong>Game 1</strong> of <a href=\"/game-bestof3-gen9vgc2026regi-2576246819\">a best-of-3</a></h2>\n|t:|1775444874\n|gametype|doubles\n|player|p1|21Kieran|taunie|\n|player|p2|ScribbleScribble|mina-lgpe|\n|gen|9\n|tier|[Gen 9] VGC 2026 Reg I\n|rated|Tournament battle\n|rule|Species Clause: Limit one of each Pok\u00e9mon\n|rule|Item Clause: Limit 1 of each item\n|raw|<div class=\"infobox\"><details class=\"readmore\" open><summary><strong>4 custom rules:</strong></summary> Open Team Sheets, Force Open Team Sheets, !Open Team Sheets, Best of = 3</details></div>\n|clearpoke\n|poke|p1|Incineroar, L50, F|\n|poke|p1|Rillaboom, L50, M|\n|poke|p1|Landorus, L50, M|\n|poke|p1|Smeargle, L50, F|\n|poke|p1|Koraidon, L50|\n|poke|p1|Calyrex-Ice, L50|\n|poke|p2|Calyrex-Ice, L50|\n|poke|p2|Kyogre, L50|\n|poke|p2|Tornadus, L50, M|\n|poke|p2|Indeedee-F, L50, F|\n|poke|p2|Urshifu-*, L50, M|\n|poke|p2|Landorus, L50, M|\n|teampreview|4\n|showteam|p1|Incineroar||SafetyGoggles|Intimidate|KnockOff,FlareBlitz,FakeOut,PartingShot|||F|||50|,,,,,Water]Rillaboom||AssaultVest|GrassySurge|WoodHammer,FakeOut,GrassyGlide,Uturn|||M|||50|,,,,,Water]Landorus||LifeOrb|SheerForce|EarthPower,SludgeBomb,SandsearStorm,Protect|||M|||50|,,,,,Water]Smeargle||FocusSash|Moody|Ruination,Spore,SpikyShield,FollowMe|||F|||50|,,,,,Grass]Koraidon||ClearAmulet|OrichalcumPulse|FlameCharge,FlareBlitz,LowKick,Protect||||||50|,,,,,Fire]Calyrex-Ice||Leftovers|AsOneGlastrier|GlacialLance,Protect,TrickRoom,LeechSeed||||||50|,,,,,Fairy\n|showteam|p2|Calyrex-Ice||ClearAmulet|AsOneGlastrier|GlacialLance,SeedBomb,TrickRoom,Imprison||||||50|,,,,,Grass]Kyogre||MysticWater|Drizzle|WaterSpout,HydroPump,Thunder,Protect||||||50|,,,,,Grass]Tornadus||FocusSash|Prankster|BleakwindStorm,RainDance,Taunt,Tailwind|||M|||50|,,,,,Ghost]Indeedee-F||PsychicSeed|PsychicSurge|Psychic,HelpingHand,FollowMe,TrickRoom|||F|||50|,,,,,Ground]Urshifu-Rapid-Strike||ChoiceBand|UnseenFist|SurgingStrikes,Uturn,AquaJet,CloseCombat|||M|||50|,,,,,Ghost]Landorus||LifeOrb|SheerForce|SandsearStorm,EarthPower,SludgeBomb,Protect|||M|||50|,,,,,Poison\n|inactive|Battle timer is ON: inactive players will automatically lose when time's up. (requested by 21Kieran)\n|inactive|ScribbleScribble also wants the timer to be on.\n|j|+holdingb\n|c|\u260621Kieran|blnf\n|c|\u2606ScribbleScribble|Aight man\n|j|@Radio Free C-Side\n|\n|t:|1775444899\n|teamsize|p1|4\n|teamsize|p2|4\n|start\n|switch|p1a: Calyrex|Calyrex-Ice, L50|100/100\n|switch|p1b: Smeargle|Smeargle, L50, F|100/100\n|switch|p2a: Calyrex|Calyrex-Ice, L50|100/100\n|switch|p2b: Tornadus|Tornadus, L50, M|100/100\n|-ability|p2a: Calyrex|As One\n|-ability|p2a: Calyrex|Unnerve\n|-ability|p1a: Calyrex|As One\n|-ability|p1a: Calyrex|Unnerve\n|turn|1\n|c|@Radio Free C-Side|scribble we're giving you the power of our glhf to do a spirit bomb\n|\n|t:|1775444914\n|move|p2b: Tornadus|Taunt|p1b: Smeargle\n|-start|p1b: Smeargle|move: Taunt\n|move|p1b: Smeargle|Ruination|p2a: Calyrex\n|-damage|p2a: Calyrex|51/100\n|move|p2a: Calyrex|Imprison|p2a: Calyrex\n|-start|p2a: Calyrex|move: Imprison\n|move|p1a: Calyrex|Leech Seed|p2b: Tornadus\n|-start|p2b: Tornadus|move: Leech Seed\n|\n|-damage|p2b: Tornadus|88/100|[from] Leech Seed|[of] p1a: Calyrex\n|-ability|p1b: Smeargle|Moody|boost\n|-boost|p1b: Smeargle|spe|2\n|-unboost|p1b: Smeargle|spd|1\n|upkeep\n|turn|2\n|\n|t:|1775444927\n|-terastallize|p2a: Calyrex|Grass\n|move|p1b: Smeargle|Ruination|p2b: Tornadus\n|-damage|p2b: Tornadus|44/100\n|move|p2b: Tornadus|Bleakwind Storm|p1b: Smeargle|[spread] p1b\n|-miss|p2b: Tornadus|p1a: Calyrex\n|-enditem|p1b: Smeargle|Focus Sash\n|-damage|p1b: Smeargle|1/100\n|move|p2a: Calyrex|Glacial Lance|p1b: Smeargle|[spread] p1a,p1b\n|-resisted|p1a: Calyrex\n|-damage|p1a: Calyrex|85/100\n|-damage|p1b: Smeargle|0 fnt\n|faint|p1b: Smeargle\n|-ability|p2a: Calyrex|Chilling Neigh|boost\n|-boost|p2a: Calyrex|atk|1\n|move|p1a: Calyrex|Leech Seed|p2a: Calyrex\n|-immune|p2a: Calyrex\n|\n|-heal|p1a: Calyrex|90/100|[from] item: Leftovers\n|-damage|p2b: Tornadus|32/100|[from] Leech Seed|[of] p1a: Calyrex\n|-heal|p1a: Calyrex|99/100|[silent]\n|upkeep\n|\n|t:|1775444939\n|switch|p1b: Incineroar|Incineroar, L50, F|100/100\n|-ability|p1b: Incineroar|Intimidate|boost\n|-fail|p2a: Calyrex|unboost|[from] item: Clear Amulet|[of] p2a: Calyrex\n|-unboost|p2b: Tornadus|atk|1\n|turn|3\n|\n|t:|1775444945\n|switch|p2b: Indeedee|Indeedee-F, L50, F, shiny|100/100\n|-fieldstart|move: Psychic Terrain|[from] ability: Psychic Surge|[of] p2b: Indeedee\n|-enditem|p2b: Indeedee|Psychic Seed\n|-boost|p2b: Indeedee|spd|1|[from] item: Psychic Seed\n|move|p2a: Calyrex|Glacial Lance|p1a: Calyrex|[spread] p1a,p1b\n|-resisted|p1a: Calyrex\n|-resisted|p1b: Incineroar\n|-damage|p1a: Calyrex|75/100\n|-damage|p1b: Incineroar|72/100\n|move|p1b: Incineroar|Flare Blitz|p2a: Calyrex\n|-supereffective|p2a: Calyrex\n|-damage|p2a: Calyrex|0 fnt\n|faint|p2a: Calyrex\n|-damage|p1b: Incineroar|57/100|[from] Recoil\n|move|p1a: Calyrex|Leech Seed|p2b: Indeedee|[miss]\n|-miss|p1a: Calyrex|p2b: Indeedee\n|\n|-heal|p1a: Calyrex|81/100|[from] item: Leftovers\n|upkeep\n|\n|t:|1775444947\n|switch|p2a: Kyogre|Kyogre, L50|100/100\n|-weather|RainDance|[from] ability: Drizzle|[of] p2a: Kyogre\n|turn|4\n|\n|t:|1775444958\n|switch|p2a: Tornadus|Tornadus, L50, M|32/100\n|switch|p1b: Rillaboom|Rillaboom, L50, M|100/100\n|-fieldstart|move: Grassy Terrain|[from] ability: Grassy Surge|[of] p1b: Rillaboom\n|move|p1a: Calyrex|Protect|p1a: Calyrex\n|-singleturn|p1a: Calyrex|Protect\n|move|p2b: Indeedee|Psychic|p1b: Rillaboom\n|-damage|p1b: Rillaboom|76/100\n|-unboost|p1b: Rillaboom|spd|1\n|\n|-weather|RainDance|[upkeep]\n|-heal|p1b: Rillaboom|82/100|[from] Grassy Terrain\n|-heal|p1a: Calyrex|87/100|[from] Grassy Terrain\n|-heal|p1a: Calyrex|93/100|[from] item: Leftovers\n|upkeep\n|turn|5\n|\n|t:|1775444968\n|switch|p1b: Incineroar|Incineroar, L50, F|57/100\n|-ability|p1b: Incineroar|Intimidate|boost\n|-unboost|p2a: Tornadus|atk|1\n|-unboost|p2b: Indeedee|atk|1\n|move|p2a: Tornadus|Taunt|p1a: Calyrex\n|-start|p1a: Calyrex|move: Taunt\n|move|p2b: Indeedee|Psychic|p1b: Incineroar\n|-immune|p1b: Incineroar\n|move|p1a: Calyrex|Glacial Lance|p2b: Indeedee|[spread] p2a,p2b\n|-supereffective|p2a: Tornadus\n|-damage|p2a: Tornadus|0 fnt\n|-damage|p2b: Indeedee|50/100\n|faint|p2a: Tornadus\n|-ability|p1a: Calyrex|Chilling Neigh|boost\n|-boost|p1a: Calyrex|atk|1\n|\n|-weather|RainDance|[upkeep]\n|-heal|p2b: Indeedee|56/100|[from] Grassy Terrain\n|-heal|p1b: Incineroar|63/100|[from] Grassy Terrain\n|-heal|p1a: Calyrex|99/100|[from] Grassy Terrain\n|-heal|p1a: Calyrex|100/100|[from] item: Leftovers\n|upkeep\n|\n|t:|1775444971\n|switch|p2a: Kyogre|Kyogre, L50|100/100\n|turn|6\n|\n|t:|1775444981\n|switch|p1b: Rillaboom|Rillaboom, L50, M|82/100\n|move|p2a: Kyogre|Protect|p2a: Kyogre\n|-singleturn|p2a: Kyogre|Protect\n|move|p2b: Indeedee|Psychic|p1b: Rillaboom\n|-damage|p1b: Rillaboom|58/100\n|move|p1a: Calyrex|Glacial Lance|p2b: Indeedee|[spread] p2b\n|-activate|p2a: Kyogre|move: Protect\n|-damage|p2b: Indeedee|0 fnt\n|faint|p2b: Indeedee\n|-ability|p1a: Calyrex|Chilling Neigh|boost\n|-boost|p1a: Calyrex|atk|1\n|\n|-weather|RainDance|[upkeep]\n|-heal|p1b: Rillaboom|65/100|[from] Grassy Terrain\n|upkeep\n|turn|7\n|\n|t:|1775444986\n|move|p1b: Rillaboom|Fake Out|p2a: Kyogre\n|-damage|p2a: Kyogre|87/100\n|cant|p2a: Kyogre|flinch\n|move|p1a: Calyrex|Glacial Lance|p2a: Kyogre\n|-resisted|p2a: Kyogre\n|-damage|p2a: Kyogre|7/100\n|\n|-weather|RainDance|[upkeep]\n|-heal|p2a: Kyogre|13/100|[from] Grassy Terrain\n|-heal|p1b: Rillaboom|71/100|[from] Grassy Terrain\n|-end|p1a: Calyrex|move: Taunt\n|upkeep\n|turn|8\n|\n|t:|1775444992\n|move|p1b: Rillaboom|Grassy Glide|p2a: Kyogre\n|-supereffective|p2a: Kyogre\n|-damage|p2a: Kyogre|0 fnt\n|faint|p2a: Kyogre\n|\n|win|21Kieran\n||ScribbleScribble is ready for game 2.\n||21Kieran is ready for game 2.\n|uhtml|next|Next: <a href=\"/battle-gen9vgc2026regi-2576247884\"><strong>Game 2 of 3</strong></a>\n|l|@Radio Free C-Side\n","uploadtime":1775445078,"views":7,"formatid":"gen9vgc2026regi","rating":null,"private":0,"password":null}