{"id":"gen9vgc2026regi-2568421829","format":"[Gen 9] VGC 2026 Reg I","players":["bullgod4ever","Rypassed You"],"log":"|j|\u2606bullgod4ever\n|j|\u2606Rypassed You\n|t:|1774576647\n|gametype|doubles\n|player|p1|bullgod4ever|170|1603\n|player|p2|Rypassed You|drayton|1617\n|gen|9\n|tier|[Gen 9] VGC 2026 Reg I\n|rated|\n|rule|Species Clause: Limit one of each Pok\u00e9mon\n|rule|Item Clause: Limit 1 of each item\n|clearpoke\n|poke|p1|Brute Bonnet, L50|\n|poke|p1|Lunala, L50|\n|poke|p1|Flutter Mane, L50|\n|poke|p1|Landorus, L50, M|\n|poke|p1|Incineroar, L50, F|\n|poke|p1|Koraidon, L50|\n|poke|p2|Kyogre, L50|\n|poke|p2|Miraidon, L50|\n|poke|p2|Tornadus, L50, M|\n|poke|p2|Iron Hands, L50|\n|poke|p2|Farigiraf, L50, F|\n|poke|p2|Urshifu-*, L50, M|\n|teampreview|4\n|inactive|Battle timer is ON: inactive players will automatically lose when time's up. (requested by Rypassed You)\n|inactive|bullgod4ever has 60 seconds left.\n|\n|t:|1774576680\n|teamsize|p1|4\n|teamsize|p2|4\n|start\n|switch|p1a: Lunala|Lunala, L50|100/100\n|switch|p1b: Landorus|Landorus, L50, M|100/100\n|switch|p2a: \u30c8\u30eb\u30cd\u30ed\u30b9|Tornadus, L50, M|100/100\n|switch|p2b: Thundra|Miraidon, L50|100/100\n|-fieldstart|move: Electric Terrain|[from] ability: Hadron Engine|[of] p2b: Thundra\n|turn|1\n|inactive|bullgod4ever has 30 seconds left.\n|j| Rillll\n|\n|t:|1774576712\n|-terastallize|p2b: Thundra|Fairy\n|move|p2a: \u30c8\u30eb\u30cd\u30ed\u30b9|Taunt|p1a: Lunala\n|-start|p1a: Lunala|move: Taunt\n|move|p1b: Landorus|Earth Power|p2b: Thundra\n|-damage|p2b: Thundra|46/100\n|move|p2b: Thundra|Dazzling Gleam|p1a: Lunala|[spread] p1a,p1b\n|-damage|p1a: Lunala|80/100\n|-damage|p1b: Landorus|9/100\n|move|p1a: Lunala|Meteor Beam||[still]\n|-prepare|p1a: Lunala|Meteor Beam\n|-boost|p1a: Lunala|spa|1\n|-enditem|p1a: Lunala|Power Herb\n|-anim|p1a: Lunala|Meteor Beam|p2a: \u30c8\u30eb\u30cd\u30ed\u30b9\n|-supereffective|p2a: \u30c8\u30eb\u30cd\u30ed\u30b9\n|-enditem|p2a: \u30c8\u30eb\u30cd\u30ed\u30b9|Focus Sash\n|-damage|p2a: \u30c8\u30eb\u30cd\u30ed\u30b9|1/100\n|\n|upkeep\n|turn|2\n|inactive|bullgod4ever has 30 seconds left.\n|inactive|bullgod4ever has 20 seconds left.\n|\n|t:|1774576751\n|move|p2a: \u30c8\u30eb\u30cd\u30ed\u30b9|Tailwind|p2a: \u30c8\u30eb\u30cd\u30ed\u30b9\n|-sidestart|p2: Rypassed You|move: Tailwind\n|move|p2b: Thundra|Dazzling Gleam|p1b: Landorus|[spread] p1a,p1b\n|-damage|p1a: Lunala|35/100\n|-damage|p1b: Landorus|0 fnt\n|faint|p1b: Landorus\n|move|p1a: Lunala|Moongeist Beam|p2a: \u30c8\u30eb\u30cd\u30ed\u30b9\n|-damage|p2a: \u30c8\u30eb\u30cd\u30ed\u30b9|0 fnt\n|faint|p2a: \u30c8\u30eb\u30cd\u30ed\u30b9\n|\n|upkeep\n|\n|t:|1774576775\n|switch|p2a: Josy|Farigiraf, L50, F|100/100\n|switch|p1b: Koraidon|Koraidon, L50|100/100\n|-weather|SunnyDay|[from] ability: Orichalcum Pulse|[of] p1b: Koraidon\n|-activate|p1b: Koraidon|Orichalcum Pulse|[source]\n|-enditem|p2a: Josy|Electric Seed\n|-boost|p2a: Josy|def|1|[from] item: Electric Seed\n|turn|3\n|\n|t:|1774576789\n|switch|p2a: Cora|Kyogre, L50|100/100\n|-weather|RainDance|[from] ability: Drizzle|[of] p2a: Cora\n|switch|p1a: Flutter Mane|Flutter Mane, L50|100/100\n|move|p1b: Koraidon|Protect|p1b: Koraidon\n|-singleturn|p1b: Koraidon|Protect\n|move|p2b: Thundra|Dazzling Gleam|p1b: Koraidon|[spread] p1a\n|-activate|p1b: Koraidon|move: Protect\n|-damage|p1a: Flutter Mane|31/100\n|\n|-weather|RainDance|[upkeep]\n|upkeep\n|turn|4\n|\n|t:|1774576811\n|switch|p1b: Lunala|Lunala, L50|35/100\n|move|p1a: Flutter Mane|Protect|p1a: Flutter Mane\n|-singleturn|p1a: Flutter Mane|Protect\n|move|p2b: Thundra|Dazzling Gleam|p1b: Lunala|[spread] p1b\n|-activate|p1a: Flutter Mane|move: Protect\n|-crit|p1b: Lunala\n|-damage|p1b: Lunala|0 fnt\n|faint|p1b: Lunala\n|move|p2a: Cora|Water Spout|p1a: Flutter Mane\n|-activate|p1a: Flutter Mane|move: Protect\n|\n|-weather|RainDance|[upkeep]\n|upkeep\n|\n|t:|1774576825\n|switch|p1b: Koraidon|Koraidon, L50|100/100\n|-weather|SunnyDay|[from] ability: Orichalcum Pulse|[of] p1b: Koraidon\n|-activate|p1a: Flutter Mane|ability: Protosynthesis\n|-start|p1a: Flutter Mane|protosynthesisspe\n|-activate|p1b: Koraidon|Orichalcum Pulse|[source]\n|turn|5\n|\n|t:|1774576838\n|switch|p2a: Josy|Farigiraf, L50, F|100/100\n|-terastallize|p1a: Flutter Mane|Stellar\n|move|p2b: Thundra|Dazzling Gleam|p1b: Koraidon|[spread] p1a,p1b\n|-supereffective|p1b: Koraidon\n|-damage|p1a: Flutter Mane|0 fnt\n|-damage|p1b: Koraidon|0 fnt\n|faint|p1a: Flutter Mane\n|-end|p1a: Flutter Mane|Protosynthesis|[silent]\n|faint|p1b: Koraidon\n|\n|win|Rypassed You\n|raw|bullgod4ever's rating: 1603 &rarr; <strong>1584</strong><br />(-19 for losing)\n|raw|Rypassed You's rating: 1617 &rarr; <strong>1636</strong><br />(+19 for winning)\n|l|\u2606Rypassed You\n|player|p2|\n|l| Rillll\n|l|\u2606bullgod4ever\n|player|p1|\n","uploadtime":1774576984,"views":18,"formatid":"gen9vgc2026regi","rating":1584,"private":0,"password":null}