{"id":"gen9vgc2026regi-2548751479","format":"[Gen 9] VGC 2026 Reg I","players":["fogdocker","johnkharkiv"],"log":"|j|\u2606fogdocker\n|j|\u203djohnkharkiv\n|t:|1772251479\n|gametype|doubles\n|player|p1|fogdocker|170|1392\n|player|p2|johnkharkiv|swimmerf-gen4dp|1373\n|gen|9\n|tier|[Gen 9] VGC 2026 Reg I\n|rated|\n|rule|Species Clause: Limit one of each Pok\u00e9mon\n|rule|Item Clause: Limit 1 of each item\n|clearpoke\n|poke|p1|Calyrex-Ice, L50|\n|poke|p1|Koraidon, L50|\n|poke|p1|Flutter Mane, L50|\n|poke|p1|Incineroar, L50, M|\n|poke|p1|Rillaboom, L50, M|\n|poke|p1|Volcarona, L50, F|\n|poke|p2|Miraidon, L50|\n|poke|p2|Groudon, L50|\n|poke|p2|Tornadus, L50, M|\n|poke|p2|Charizard, L50, M|\n|poke|p2|Oranguru, L50, F|\n|poke|p2|Iron Valiant, L50|\n|teampreview|4\n|inactive|Battle timer is ON: inactive players will automatically lose when time's up. (requested by fogdocker)\n|\n|t:|1772251551\n|teamsize|p1|4\n|teamsize|p2|4\n|start\n|switch|p1a: Calyrex|Calyrex-Ice, L50|100/100\n|switch|p1b: Rillaboom|Rillaboom, L50, M|100/100\n|switch|p2a: Iron Valiant|Iron Valiant, L50, shiny|100/100\n|switch|p2b: Tornadus|Tornadus, L50, M, shiny|100/100\n|-ability|p1a: Calyrex|As One\n|-ability|p1a: Calyrex|Unnerve\n|-fieldstart|move: Grassy Terrain|[from] ability: Grassy Surge|[of] p1b: Rillaboom\n|turn|1\n|\n|t:|1772251571\n|switch|p1b: Incineroar|Incineroar, L50, M|100/100\n|-ability|p1b: Incineroar|Intimidate|boost\n|-unboost|p2a: Iron Valiant|atk|1\n|-unboost|p2b: Tornadus|atk|1\n|move|p2a: Iron Valiant|Wide Guard|p2a: Iron Valiant\n|-singleturn|p2a: Iron Valiant|Wide Guard\n|move|p2b: Tornadus|Dark Pulse|p1a: Calyrex\n|-supereffective|p1a: Calyrex\n|-damage|p1a: Calyrex|71/100\n|move|p1a: Calyrex|Glacial Lance|p2a: Iron Valiant|[spread] \n|-activate|p2a: Iron Valiant|move: Wide Guard\n|-activate|p2b: Tornadus|move: Wide Guard\n|\n|-heal|p1a: Calyrex|76/100|[from] Grassy Terrain\n|-heal|p1a: Calyrex|82/100|[from] item: Leftovers\n|upkeep\n|turn|2\n|inactive|fogdocker has 30 seconds left.\n|inactive|fogdocker has 20 seconds left.\n|\n|t:|1772251607\n|-terastallize|p2b: Tornadus|Dark\n|move|p2a: Iron Valiant|Wide Guard|p2a: Iron Valiant\n|-singleturn|p2a: Iron Valiant|Wide Guard\n|move|p2b: Tornadus|Dark Pulse|p1a: Calyrex\n|-supereffective|p1a: Calyrex\n|-damage|p1a: Calyrex|42/100\n|move|p1b: Incineroar|Knock Off|p2a: Iron Valiant\n|-resisted|p2a: Iron Valiant\n|-damage|p2a: Iron Valiant|90/100\n|-enditem|p2a: Iron Valiant|Lum Berry|[from] move: Knock Off|[of] p1b: Incineroar\n|cant|p1a: Calyrex|flinch\n|\n|-heal|p2a: Iron Valiant|96/100|[from] Grassy Terrain\n|-heal|p1a: Calyrex|47/100|[from] Grassy Terrain\n|-heal|p1a: Calyrex|53/100|[from] item: Leftovers\n|upkeep\n|turn|3\n|inactive|johnkharkiv has 30 seconds left.\n|\n|t:|1772251633\n|move|p1a: Calyrex|Protect|p1a: Calyrex\n|-singleturn|p1a: Calyrex|Protect\n|move|p2a: Iron Valiant|Spirit Break|p1a: Calyrex\n|-activate|p1a: Calyrex|move: Protect\n|move|p2b: Tornadus|Dark Pulse|p1a: Calyrex\n|-activate|p1a: Calyrex|move: Protect\n|move|p1b: Incineroar|Parting Shot|p2b: Tornadus\n|-unboost|p2b: Tornadus|atk|1\n|-unboost|p2b: Tornadus|spa|1\n|\n|t:|1772251642\n|switch|p1b: Koraidon|Koraidon, L50|100/100|[from] Parting Shot\n|-weather|SunnyDay|[from] ability: Orichalcum Pulse|[of] p1b: Koraidon\n|-activate|p1b: Koraidon|Orichalcum Pulse|[source]\n|\n|-weather|SunnyDay|[upkeep]\n|-heal|p2a: Iron Valiant|100/100|[from] Grassy Terrain\n|-heal|p1a: Calyrex|59/100|[from] Grassy Terrain\n|-heal|p1a: Calyrex|65/100|[from] item: Leftovers\n|upkeep\n|turn|4\n|\n|t:|1772251654\n|move|p2b: Tornadus|Tailwind|p2b: Tornadus\n|-sidestart|p2: johnkharkiv|move: Tailwind\n|move|p2a: Iron Valiant|Encore|p1a: Calyrex\n|-start|p1a: Calyrex|Encore\n|move|p1b: Koraidon|Close Combat|p2b: Tornadus\n|-supereffective|p2b: Tornadus\n|-damage|p2b: Tornadus|0 fnt\n|-unboost|p1b: Koraidon|def|1\n|-unboost|p1b: Koraidon|spd|1\n|faint|p2b: Tornadus\n|-damage|p1b: Koraidon|91/100|[from] item: Life Orb\n|move|p1a: Calyrex|Protect||[still]\n|-fail|p1a: Calyrex\n|\n|-weather|SunnyDay|[upkeep]\n|-heal|p1b: Koraidon|96/100|[from] Grassy Terrain\n|-heal|p1a: Calyrex|71/100|[from] Grassy Terrain\n|-heal|p1a: Calyrex|76/100|[from] item: Leftovers\n|upkeep\n|\n|t:|1772251664\n|switch|p2b: Groudon|Groudon, L50|100/100\n|turn|5\n|\n|t:|1772251677\n|switch|p1a: Rillaboom|Rillaboom, L50, M|100/100\n|move|p1b: Koraidon|Protect|p1b: Koraidon\n|-singleturn|p1b: Koraidon|Protect\n|move|p2a: Iron Valiant|Spirit Break|p1b: Koraidon\n|-activate|p1b: Koraidon|move: Protect\n|move|p2b: Groudon|Precipice Blades|p1b: Koraidon|[spread] p1a\n|-activate|p1b: Koraidon|move: Protect\n|-resisted|p1a: Rillaboom\n|-damage|p1a: Rillaboom|75/100\n|\n|-weather|SunnyDay|[upkeep]\n|-heal|p1b: Koraidon|100/100|[from] Grassy Terrain\n|-heal|p1a: Rillaboom|81/100|[from] Grassy Terrain\n|-fieldend|move: Grassy Terrain\n|upkeep\n|turn|6\n|\n|t:|1772251695\n|switch|p1b: Calyrex|Calyrex-Ice, L50|76/100\n|-ability|p1b: Calyrex|As One\n|-ability|p1b: Calyrex|Unnerve\n|move|p1a: Rillaboom|Fake Out|p2b: Groudon\n|-damage|p2b: Groudon|90/100\n|move|p2a: Iron Valiant|Spirit Break|p1b: Calyrex\n|-damage|p1b: Calyrex|66/100\n|-unboost|p1b: Calyrex|spa|1\n|cant|p2b: Groudon|flinch\n|\n|-weather|SunnyDay|[upkeep]\n|-heal|p1b: Calyrex|72/100|[from] item: Leftovers\n|upkeep\n|turn|7\n|\n|t:|1772251718\n|move|p2a: Iron Valiant|Wide Guard|p2a: Iron Valiant\n|-singleturn|p2a: Iron Valiant|Wide Guard\n|move|p2b: Groudon|Earthquake|p1a: Rillaboom|[spread] p1a,p1b\n|-activate|p2a: Iron Valiant|move: Wide Guard\n|-resisted|p1a: Rillaboom\n|-damage|p1a: Rillaboom|61/100\n|-damage|p1b: Calyrex|47/100\n|move|p1a: Rillaboom|Grassy Glide|p2b: Groudon\n|-supereffective|p2b: Groudon\n|-damage|p2b: Groudon|49/100\n|move|p1b: Calyrex|Leech Seed|p2a: Iron Valiant\n|-start|p2a: Iron Valiant|move: Leech Seed\n|\n|-weather|none\n|-heal|p1b: Calyrex|53/100|[from] item: Leftovers\n|-damage|p2a: Iron Valiant|88/100|[from] Leech Seed|[of] p1b: Calyrex\n|-heal|p1b: Calyrex|61/100|[silent]\n|-sideend|p2: johnkharkiv|move: Tailwind\n|upkeep\n|turn|8\n|\n|t:|1772251735\n|switch|p1a: Incineroar|Incineroar, L50, M|100/100\n|-ability|p1a: Incineroar|Intimidate|boost\n|-unboost|p2a: Iron Valiant|atk|1\n|-fail|p2b: Groudon|unboost|[from] item: Clear Amulet|[of] p2b: Groudon\n|move|p2a: Iron Valiant|Encore|p1b: Calyrex\n|-start|p1b: Calyrex|Encore\n|move|p2b: Groudon|Precipice Blades|p1a: Incineroar|[spread] p1a,p1b\n|-supereffective|p1a: Incineroar\n|-damage|p1a: Incineroar|19/100\n|-damage|p1b: Calyrex|32/100\n|move|p1b: Calyrex|Leech Seed|p2b: Groudon\n|-start|p2b: Groudon|move: Leech Seed\n|\n|-heal|p1b: Calyrex|38/100|[from] item: Leftovers\n|-damage|p2a: Iron Valiant|76/100|[from] Leech Seed|[of] p1b: Calyrex\n|-heal|p1b: Calyrex|46/100|[silent]\n|-damage|p2b: Groudon|36/100|[from] Leech Seed|[of] p1b: Calyrex\n|-heal|p1b: Calyrex|57/100|[silent]\n|upkeep\n|turn|9\n|\n|t:|1772251752\n|-end|p2a: Iron Valiant|Quark Drive|[silent]\n|switch|p2a: Oranguru|Oranguru, L50, F, shiny|100/100\n|switch|p1b: Rillaboom|Rillaboom, L50, M|61/100\n|-fieldstart|move: Grassy Terrain|[from] ability: Grassy Surge|[of] p1b: Rillaboom\n|move|p2b: Groudon|Protect|p2b: Groudon\n|-singleturn|p2b: Groudon|Protect\n|move|p1a: Incineroar|Fake Out|p2b: Groudon\n|-activate|p2b: Groudon|move: Protect\n|\n|-heal|p2b: Groudon|43/100|[from] Grassy Terrain\n|-heal|p1b: Rillaboom|67/100|[from] Grassy Terrain\n|-heal|p1a: Incineroar|25/100|[from] Grassy Terrain\n|-damage|p2b: Groudon|30/100|[from] Leech Seed|[of] p1b: Rillaboom\n|-heal|p1b: Rillaboom|78/100|[silent]\n|upkeep\n|turn|10\n|inactive|johnkharkiv has 30 seconds left.\n|\n|t:|1772251782\n|switch|p2b: Iron Valiant|Iron Valiant, L50, shiny|76/100\n|move|p1b: Rillaboom|Grassy Glide|p2b: Iron Valiant\n|-damage|p2b: Iron Valiant|34/100\n|move|p1a: Incineroar|Knock Off|p2a: Oranguru\n|-supereffective|p2a: Oranguru\n|-damage|p2a: Oranguru|42/100\n|-enditem|p2a: Oranguru|Room Service|[from] move: Knock Off|[of] p1a: Incineroar\n|move|p2a: Oranguru|Trick Room|p2a: Oranguru\n|-fieldstart|move: Trick Room|[of] p2a: Oranguru\n|\n|-heal|p2a: Oranguru|48/100|[from] Grassy Terrain\n|-heal|p1a: Incineroar|31/100|[from] Grassy Terrain\n|-heal|p1b: Rillaboom|84/100|[from] Grassy Terrain\n|-heal|p2b: Iron Valiant|40/100|[from] Grassy Terrain\n|upkeep\n|turn|11\n|\n|t:|1772251803\n|move|p2a: Oranguru|Foul Play|p1b: Rillaboom\n|-damage|p1b: Rillaboom|51/100\n|move|p1a: Incineroar|Knock Off|p2a: Oranguru\n|-supereffective|p2a: Oranguru\n|-damage|p2a: Oranguru|8/100\n|move|p1b: Rillaboom|Wood Hammer|p2b: Iron Valiant\n|-damage|p2b: Iron Valiant|0 fnt\n|faint|p2b: Iron Valiant\n|-end|p2b: Iron Valiant|Quark Drive|[silent]\n|-damage|p1b: Rillaboom|41/100|[from] Recoil\n|\n|-heal|p2a: Oranguru|14/100|[from] Grassy Terrain\n|-heal|p1a: Incineroar|37/100|[from] Grassy Terrain\n|-heal|p1b: Rillaboom|47/100|[from] Grassy Terrain\n|upkeep\n|\n|t:|1772251807\n|switch|p2b: Groudon|Groudon, L50|30/100\n|-weather|SunnyDay|[from] ability: Drought|[of] p2b: Groudon\n|turn|12\n|\n|t:|1772251817\n|move|p1b: Rillaboom|Grassy Glide|p2a: Oranguru\n|-damage|p2a: Oranguru|0 fnt\n|faint|p2a: Oranguru\n|move|p1a: Incineroar|Knock Off|p2b: Groudon\n|-damage|p2b: Groudon|0 fnt\n|-enditem|p2b: Groudon|Clear Amulet|[from] move: Knock Off|[of] p1a: Incineroar\n|faint|p2b: Groudon\n|\n|win|fogdocker\n|raw|fogdocker's rating: 1392 &rarr; <strong>1411</strong><br />(+19 for winning)\n|raw|johnkharkiv's rating: 1373 &rarr; <strong>1354</strong><br />(-19 for losing)\n|l|\u203djohnkharkiv\n|player|p2|\n|l|\u2606fogdocker\n|player|p1|\n","uploadtime":1772252086,"views":12,"formatid":"gen9vgc2026regi","rating":1354,"private":0,"password":null}