{"id":"gen9vgc2026regi-2518505291","format":"[Gen 9] VGC 2026 Reg I","players":["Tepig_nNz_498","blackred123\u5415\u5e03\u4fa0"],"log":"|j|\u2606Tepig_nNz_498\n|j|\u2606blackred123\u5415\u5e03\u4fa0\n|t:|1768398948\n|gametype|doubles\n|player|p1|Tepig_nNz_498|1|1297\n|player|p2|blackred123\u5415\u5e03\u4fa0|iono-masters|1314\n|gen|9\n|tier|[Gen 9] VGC 2026 Reg I\n|rated|\n|rule|Species Clause: Limit one of each Pok\u00e9mon\n|rule|Item Clause: Limit 1 of each item\n|clearpoke\n|poke|p1|Ludicolo, L50, M|\n|poke|p1|Kyogre, L50|\n|poke|p1|Amoonguss, L50, M|\n|poke|p1|Tornadus, L50, M|\n|poke|p1|Zacian-*, L50|\n|poke|p1|Urshifu-*, L50, M|\n|poke|p2|Calyrex-Ice, L50|\n|poke|p2|Kyogre, L50|\n|poke|p2|Smeargle, L50, M|\n|poke|p2|Ursaluna-Bloodmoon, L50, M|\n|poke|p2|Grimmsnarl, L50, M|\n|poke|p2|Incineroar, L50, M|\n|teampreview|4\n|j| dasabe\u76d6\u6b27\u5361\u4fa0\n|inactive|Battle timer is ON: inactive players will automatically lose when time's up. (requested by blackred123\u5415\u5e03\u4fa0)\n|inactive|blackred123\u5415\u5e03\u4fa0 has 60 seconds left.\n|inactive|Tepig_nNz_498 has 60 seconds left.\n|\n|t:|1768399006\n|teamsize|p1|4\n|teamsize|p2|4\n|start\n|switch|p1a: Ludicolo|Ludicolo, L50, M|100/100\n|switch|p1b: Kyogre|Kyogre, L50|100/100\n|switch|p2a: Calyrex|Calyrex-Ice, L50|100/100\n|switch|p2b: Grimmsnarl|Grimmsnarl, L50, M|100/100\n|-ability|p2a: Calyrex|As One\n|-ability|p2a: Calyrex|Unnerve\n|-weather|RainDance|[from] ability: Drizzle|[of] p1b: Kyogre\n|turn|1\n|inactive|blackred123\u5415\u5e03\u4fa0 has 30 seconds left.\n|j| shihevlpsu9\n|inactive|blackred123\u5415\u5e03\u4fa0 has 20 seconds left.\n|inactive|blackred123\u5415\u5e03\u4fa0 has 15 seconds left.\n|inactive|blackred123\u5415\u5e03\u4fa0 has 10 seconds left.\n|\n|t:|1768399052\n|move|p2a: Calyrex|Protect|p2a: Calyrex\n|-singleturn|p2a: Calyrex|Protect\n|move|p1a: Ludicolo|Fake Out|p2b: Grimmsnarl\n|-damage|p2b: Grimmsnarl|94/100\n|cant|p2b: Grimmsnarl|flinch\n|move|p1b: Kyogre|Water Spout|p2b: Grimmsnarl|[spread] p2b\n|-activate|p2a: Calyrex|move: Protect\n|-damage|p2b: Grimmsnarl|0 fnt\n|faint|p2b: Grimmsnarl\n|-damage|p1b: Kyogre|91/100|[from] item: Life Orb\n|\n|-weather|RainDance|[upkeep]\n|upkeep\n|\n|t:|1768399058\n|switch|p2b: Smeargle|Smeargle, L50, M|100/100\n|turn|2\n|\n|t:|1768399072\n|move|p2b: Smeargle|Fake Out|p1b: Kyogre\n|-crit|p1b: Kyogre\n|-damage|p1b: Kyogre|82/100\n|move|p1a: Ludicolo|Weather Ball|p2a: Calyrex\n|-damage|p2a: Calyrex|61/100\n|cant|p1b: Kyogre|flinch\n|move|p2a: Calyrex|Trick Room|p2a: Calyrex\n|-fieldstart|move: Trick Room|[of] p2a: Calyrex\n|\n|-weather|RainDance|[upkeep]\n|-ability|p2b: Smeargle|Moody|boost\n|-boost|p2b: Smeargle|spd|2\n|-unboost|p2b: Smeargle|def|1\n|-enditem|p2b: Smeargle|Eject Pack\n|upkeep\n|\n|t:|1768399082\n|switch|p2b: Kyogre|Kyogre, L50|100/100\n|turn|3\n|\n|t:|1768399101\n|-terastallize|p2b: Kyogre|Water\n|move|p2b: Kyogre|Water Spout|p1a: Ludicolo|[spread] p1a,p1b\n|-resisted|p1a: Ludicolo\n|-crit|p1a: Ludicolo\n|-resisted|p1b: Kyogre\n|-damage|p1a: Ludicolo|64/100\n|-damage|p1b: Kyogre|30/100\n|move|p2a: Calyrex|Glacial Lance|p1b: Kyogre|[spread] p1a,p1b\n|-resisted|p1b: Kyogre\n|-damage|p1a: Ludicolo|0 fnt\n|-damage|p1b: Kyogre|0 fnt\n|faint|p1a: Ludicolo\n|faint|p1b: Kyogre\n|-ability|p2a: Calyrex|Chilling Neigh|boost\n|-boost|p2a: Calyrex|atk|2\n|\n|-weather|RainDance|[upkeep]\n|upkeep\n|\n|t:|1768399111\n|switch|p1a: Zacian|Zacian-Crowned, L50, shiny|100/100\n|switch|p1b: Amoonguss|Amoonguss, L50, M|100/100\n|-ability|p1a: Zacian|Intrepid Sword|boost\n|-boost|p1a: Zacian|atk|1\n|turn|4\n|\n|t:|1768399130\n|-terastallize|p1b: Amoonguss|Water\n|move|p1a: Zacian|Protect|p1a: Zacian\n|-singleturn|p1a: Zacian|Protect\n|move|p1b: Amoonguss|Spore|p2b: Kyogre\n|-status|p2b: Kyogre|slp|[from] move: Spore\n|cant|p2b: Kyogre|slp\n|move|p2a: Calyrex|High Horsepower|p1a: Zacian\n|-activate|p1a: Zacian|move: Protect\n|\n|-weather|RainDance|[upkeep]\n|upkeep\n|turn|5\n|\n|t:|1768399141\n|move|p2a: Calyrex|Protect|p2a: Calyrex\n|-singleturn|p2a: Calyrex|Protect\n|move|p1b: Amoonguss|Spore|p2a: Calyrex\n|-activate|p2a: Calyrex|move: Protect\n|cant|p2b: Kyogre|slp\n|move|p1a: Zacian|Play Rough|p2b: Kyogre\n|-damage|p2b: Kyogre|30/100 slp\n|\n|-weather|none\n|upkeep\n|turn|6\n|\n|t:|1768399160\n|move|p2a: Calyrex|Protect||[still]\n|-fail|p2a: Calyrex\n|move|p1b: Amoonguss|Spore|p2a: Calyrex\n|-status|p2a: Calyrex|slp|[from] move: Spore\n|-curestatus|p2b: Kyogre|slp|[msg]\n|move|p2b: Kyogre|Thunder|p1b: Amoonguss|[miss]\n|-miss|p2b: Kyogre|p1b: Amoonguss\n|move|p1a: Zacian|Play Rough|p2b: Kyogre\n|-damage|p2b: Kyogre|0 fnt\n|faint|p2b: Kyogre\n|\n|-fieldend|move: Trick Room\n|upkeep\n|\n|t:|1768399172\n|switch|p2b: Smeargle|Smeargle, L50, M|100/100\n|turn|7\n|\n|t:|1768399186\n|move|p1a: Zacian|Behemoth Blade|p2a: Calyrex\n|-supereffective|p2a: Calyrex\n|-crit|p2a: Calyrex\n|-damage|p2a: Calyrex|0 fnt\n|faint|p2a: Calyrex\n|move|p2b: Smeargle|Spore|p1b: Amoonguss\n|-status|p1b: Amoonguss|slp|[from] move: Spore\n|cant|p1b: Amoonguss|slp\n|\n|-ability|p2b: Smeargle|Moody|boost\n|-boost|p2b: Smeargle|atk|2\n|-unboost|p2b: Smeargle|spd|1\n|upkeep\n|turn|8\n|-message|blackred123\u5415\u5e03\u4fa0 forfeited.\n|\n|win|Tepig_nNz_498\n|raw|Tepig_nNz_498's rating: 1297 &rarr; <strong>1323</strong><br />(+26 for winning)\n|raw|blackred123\u5415\u5e03\u4fa0's rating: 1314 &rarr; <strong>1293</strong><br />(-21 for losing)\n|l|\u2606blackred123\u5415\u5e03\u4fa0\n|player|p2|\n|l|\u2606Tepig_nNz_498\n|player|p1|\n","uploadtime":1768399378,"views":12,"formatid":"gen9vgc2026regi","rating":1293,"private":0,"password":null}