{"id":"gen9vgc2026regi-2561776422","format":"[Gen 9] VGC 2026 Reg I","players":["Bllllmads3","pzyxhic"],"log":"|j|\u2606Bllllmads3\n|j|\u2606pzyxhic\n|t:|1773842600\n|gametype|doubles\n|player|p1|Bllllmads3|red|1367\n|player|p2|pzyxhic|101|1360\n|gen|9\n|tier|[Gen 9] VGC 2026 Reg I\n|rated|\n|rule|Species Clause: Limit one of each Pok\u00e9mon\n|rule|Item Clause: Limit 1 of each item\n|clearpoke\n|poke|p1|Koraidon, L50|\n|poke|p1|Calyrex-Shadow, L50|\n|poke|p1|Flutter Mane, L50|\n|poke|p1|Incineroar, L50, M|\n|poke|p1|Clefairy, L50, F|\n|poke|p1|Rillaboom, L50, M|\n|poke|p2|Giratina-Origin, L50|\n|poke|p2|Zamazenta-*, L50|\n|poke|p2|Incineroar, L50, F|\n|poke|p2|Amoonguss, L50, F|\n|poke|p2|Urshifu-*, L50, F|\n|poke|p2|Grimmsnarl, L50, M|\n|teampreview|4\n|inactive|Battle timer is ON: inactive players will automatically lose when time's up. (requested by Bllllmads3)\n|j| Winieska Rambulera\n|inactive|pzyxhic has 60 seconds left.\n|\n|t:|1773842661\n|teamsize|p1|4\n|teamsize|p2|4\n|start\n|switch|p1a: Calyrex|Calyrex-Shadow, L50|100/100\n|switch|p1b: Incineroar|Incineroar, L50, M, shiny|100/100\n|switch|p2a: Incineroar|Incineroar, L50, F|100/100\n|switch|p2b: Grimmsnarl|Grimmsnarl, L50, M|100/100\n|-ability|p1a: Calyrex|As One\n|-ability|p1a: Calyrex|Unnerve\n|-ability|p2a: Incineroar|Intimidate|boost\n|-unboost|p1a: Calyrex|atk|1\n|-unboost|p1b: Incineroar|atk|1\n|-ability|p1b: Incineroar|Intimidate|boost\n|-unboost|p2a: Incineroar|atk|1\n|-unboost|p2b: Grimmsnarl|atk|1\n|turn|1\n|inactive|pzyxhic has 30 seconds left.\n|inactive|pzyxhic has 20 seconds left.\n|inactive|pzyxhic has 15 seconds left.\n|\n|t:|1773842704\n|move|p1b: Incineroar|Fake Out|p2a: Incineroar\n|-damage|p2a: Incineroar|95/100\n|move|p1a: Calyrex|Nasty Plot|p1a: Calyrex\n|-boost|p1a: Calyrex|spa|2\n|cant|p2a: Incineroar|flinch\n|move|p2b: Grimmsnarl|Spirit Break|p1a: Calyrex\n|-damage|p1a: Calyrex|81/100\n|-unboost|p1a: Calyrex|spa|1\n|\n|upkeep\n|turn|2\n|inactive|Bllllmads3 has 30 seconds left.\n|\n|t:|1773842735\n|move|p1a: Calyrex|Protect|p1a: Calyrex\n|-singleturn|p1a: Calyrex|Protect\n|move|p2b: Grimmsnarl|Light Screen|p2b: Grimmsnarl\n|-sidestart|p2: pzyxhic|move: Light Screen\n|move|p1b: Incineroar|U-turn|p2b: Grimmsnarl\n|-damage|p2b: Grimmsnarl|87/100\n|\n|t:|1773842744\n|switch|p1b: Koraidon|Koraidon, L50|100/100|[from] U-turn\n|-weather|SunnyDay|[from] ability: Orichalcum Pulse|[of] p1b: Koraidon\n|-activate|p1b: Koraidon|Orichalcum Pulse|[source]\n|move|p2a: Incineroar|U-turn|p1b: Koraidon\n|-resisted|p1b: Koraidon\n|-crit|p1b: Koraidon\n|-damage|p1b: Koraidon|89/100\n|\n|t:|1773842752\n|switch|p2a: Giratina|Giratina-Origin, L50|100/100|[from] U-turn\n|\n|-weather|SunnyDay|[upkeep]\n|upkeep\n|turn|3\n|\n|t:|1773842767\n|-terastallize|p1a: Calyrex|Dark\n|move|p2a: Giratina|Protect|p2a: Giratina\n|-singleturn|p2a: Giratina|Protect\n|move|p2b: Grimmsnarl|Reflect|p2b: Grimmsnarl\n|-sidestart|p2: pzyxhic|Reflect\n|move|p1a: Calyrex|Astral Barrage|p2a: Giratina|[spread] p2b\n|-activate|p2a: Giratina|move: Protect\n|-resisted|p2b: Grimmsnarl\n|-damage|p2b: Grimmsnarl|57/100\n|-damage|p1a: Calyrex|71/100|[from] item: Life Orb\n|move|p1b: Koraidon|Flare Blitz|p2b: Grimmsnarl\n|-damage|p2b: Grimmsnarl|0 fnt\n|faint|p2b: Grimmsnarl\n|-damage|p1b: Koraidon|70/100|[from] Recoil\n|\n|-weather|SunnyDay|[upkeep]\n|upkeep\n|\n|t:|1773842786\n|switch|p2b: Incineroar|Incineroar, L50, F|95/100\n|-ability|p2b: Incineroar|Intimidate|boost\n|-unboost|p1a: Calyrex|atk|1\n|-fail|p1b: Koraidon|unboost|[from] item: Clear Amulet|[of] p1b: Koraidon\n|turn|4\n|\n|t:|1773842809\n|move|p1a: Calyrex|Protect|p1a: Calyrex\n|-singleturn|p1a: Calyrex|Protect\n|move|p1b: Koraidon|Protect|p1b: Koraidon\n|-singleturn|p1b: Koraidon|Protect\n|move|p2b: Incineroar|Fake Out|p1a: Calyrex\n|-activate|p1a: Calyrex|move: Protect\n|move|p2a: Giratina|Poltergeist|p1b: Koraidon\n|-activate|p1b: Koraidon|move: Protect\n|\n|-weather|SunnyDay|[upkeep]\n|upkeep\n|turn|5\n|\n|t:|1773842832\n|-terastallize|p2b: Incineroar|Water\n|move|p2a: Giratina|Protect|p2a: Giratina\n|-singleturn|p2a: Giratina|Protect\n|move|p1a: Calyrex|Astral Barrage|p2a: Giratina|[spread] p2b\n|-activate|p2a: Giratina|move: Protect\n|-damage|p2b: Incineroar|56/100\n|-damage|p1a: Calyrex|61/100|[from] item: Life Orb\n|move|p1b: Koraidon|Low Kick|p2b: Incineroar\n|-damage|p2b: Incineroar|22/100\n|move|p2b: Incineroar|Flare Blitz|p1a: Calyrex\n|-damage|p1a: Calyrex|0 fnt\n|faint|p1a: Calyrex\n|-damage|p2b: Incineroar|3/100|[from] Recoil\n|\n|-weather|SunnyDay|[upkeep]\n|upkeep\n|\n|t:|1773842849\n|switch|p1a: Flutter Mane|Flutter Mane, L50, shiny|100/100\n|-activate|p1a: Flutter Mane|ability: Protosynthesis\n|-start|p1a: Flutter Mane|protosynthesisspe\n|turn|6\n|\n|t:|1773842867\n|switch|p2b: Zamazenta|Zamazenta-Crowned, L50|100/100\n|-ability|p2b: Zamazenta|Dauntless Shield|boost\n|-boost|p2b: Zamazenta|def|1\n|move|p2a: Giratina|Shadow Sneak|p1a: Flutter Mane\n|-supereffective|p1a: Flutter Mane\n|-enditem|p1a: Flutter Mane|Focus Sash\n|-damage|p1a: Flutter Mane|1/100\n|move|p1a: Flutter Mane|Moonblast|p2a: Giratina\n|-supereffective|p2a: Giratina\n|-damage|p2a: Giratina|59/100\n|-unboost|p2a: Giratina|spa|1\n|move|p1b: Koraidon|Flare Blitz|p2a: Giratina\n|-resisted|p2a: Giratina\n|-damage|p2a: Giratina|37/100\n|-damage|p1b: Koraidon|61/100|[from] Recoil\n|\n|-weather|none\n|-end|p1a: Flutter Mane|Protosynthesis\n|-sideend|p2: pzyxhic|move: Light Screen\n|upkeep\n|turn|7\n|inactive|pzyxhic has 30 seconds left.\n|\n|t:|1773842892\n|-end|p1a: Flutter Mane|Protosynthesis|[silent]\n|switch|p1a: Incineroar|Incineroar, L50, M, shiny|100/100\n|-ability|p1a: Incineroar|Intimidate|boost\n|-unboost|p2a: Giratina|atk|1\n|-unboost|p2b: Zamazenta|atk|1\n|move|p1b: Koraidon|Protect|p1b: Koraidon\n|-singleturn|p1b: Koraidon|Protect\n|move|p2a: Giratina|Protect|p2a: Giratina\n|-singleturn|p2a: Giratina|Protect\n|move|p2b: Zamazenta|Coaching|p2a: Giratina\n|-boost|p2a: Giratina|atk|1\n|-boost|p2a: Giratina|def|1\n|\n|-sideend|p2: pzyxhic|Reflect\n|upkeep\n|turn|8\n|inactive|Bllllmads3 has 30 seconds left.\n|inactive|pzyxhic has 30 seconds left.\n|inactive|Bllllmads3 has 20 seconds left.\n|\n|t:|1773842932\n|move|p1a: Incineroar|Helping Hand|p1b: Koraidon\n|-singleturn|p1b: Koraidon|Helping Hand|[of] p1a: Incineroar\n|move|p1b: Koraidon|Flare Blitz|p2a: Giratina\n|-resisted|p2a: Giratina\n|-damage|p2a: Giratina|20/100\n|-damage|p1b: Koraidon|55/100|[from] Recoil\n|move|p2b: Zamazenta|Body Press|p1a: Incineroar\n|-supereffective|p1a: Incineroar\n|-damage|p1a: Incineroar|0 fnt\n|faint|p1a: Incineroar\n|move|p2a: Giratina|Breaking Swipe|p1b: Koraidon\n|-supereffective|p1b: Koraidon\n|-damage|p1b: Koraidon|0 fnt\n|faint|p1b: Koraidon\n|\n|upkeep\n|-message|Bllllmads3 forfeited.\n|\n|win|pzyxhic\n|raw|Bllllmads3's rating: 1367 &rarr; <strong>1347</strong><br />(-20 for losing)\n|raw|pzyxhic's rating: 1360 &rarr; <strong>1380</strong><br />(+20 for winning)\n|l|\u2606pzyxhic\n|player|p2|\n","uploadtime":1773843078,"views":11,"formatid":"gen9vgc2026regi","rating":1347,"private":0,"password":null}