{"id":"gen9vgc2026regi-2540876008","format":"[Gen 9] VGC 2026 Reg I","players":["Mechromatt","kojimuranishi"],"log":"|j|\u2606Mechromatt\n|j|\u2606kojimuranishi\n|t:|1771262987\n|gametype|doubles\n|player|p1|Mechromatt|1|1420\n|player|p2|kojimuranishi|102|1553\n|gen|9\n|tier|[Gen 9] VGC 2026 Reg I\n|rated|\n|rule|Species Clause: Limit one of each Pok\u00e9mon\n|rule|Item Clause: Limit 1 of each item\n|clearpoke\n|poke|p1|Calyrex-Ice, L50|\n|poke|p1|Necrozma-Dawn-Wings, L50|\n|poke|p1|Indeedee-F, L50, F|\n|poke|p1|Rillaboom, L50, M|\n|poke|p1|Urshifu-*, L50, M|\n|poke|p1|Smeargle, L50, M|\n|poke|p2|Whimsicott, L50, F|\n|poke|p2|Calyrex-Ice, L50|\n|poke|p2|Miraidon, L50|\n|poke|p2|Chi-Yu, L50|\n|poke|p2|Landorus, L50, M|\n|poke|p2|Iron Hands, L50|\n|teampreview|4\n|inactive|Battle timer is ON: inactive players will automatically lose when time's up. (requested by kojimuranishi)\n|inactive|Mechromatt has 60 seconds left.\n|\n|t:|1771263038\n|teamsize|p1|4\n|teamsize|p2|4\n|start\n|switch|p1a: Calyrex|Calyrex-Ice, L50|100/100\n|switch|p1b: Rillaboom|Rillaboom, L50, M, shiny|100/100\n|switch|p2a: Chi-Yu|Chi-Yu, L50|100/100\n|switch|p2b: Iron Hands|Iron Hands, L50|100/100\n|-ability|p1a: Calyrex|As One\n|-ability|p1a: Calyrex|Unnerve\n|-ability|p2a: Chi-Yu|Beads of Ruin\n|-fieldstart|move: Grassy Terrain|[from] ability: Grassy Surge|[of] p1b: Rillaboom\n|turn|1\n|inactive|kojimuranishi has 30 seconds left.\n|\n|t:|1771263072\n|-terastallize|p1a: Calyrex|Water\n|move|p1b: Rillaboom|Fake Out|p2b: Iron Hands\n|-damage|p2b: Iron Hands|91/100\n|cant|p2b: Iron Hands|flinch\n|move|p2a: Chi-Yu|Heat Wave|p1b: Rillaboom|[spread] p1a,p1b\n|-resisted|p1a: Calyrex\n|-supereffective|p1b: Rillaboom\n|-damage|p1a: Calyrex|75/100\n|-damage|p1b: Rillaboom|4/100\n|move|p1a: Calyrex|Trick Room|p1a: Calyrex\n|-fieldstart|move: Trick Room|[of] p1a: Calyrex\n|\n|-heal|p2b: Iron Hands|97/100|[from] Grassy Terrain\n|-heal|p1a: Calyrex|81/100|[from] Grassy Terrain\n|-heal|p1b: Rillaboom|10/100|[from] Grassy Terrain\n|upkeep\n|turn|2\n|\n|t:|1771263096\n|switch|p2a: Miraidon|Miraidon, L50|100/100\n|-fieldstart|move: Electric Terrain|[from] ability: Hadron Engine|[of] p2a: Miraidon\n|-activate|p2b: Iron Hands|ability: Quark Drive\n|-start|p2b: Iron Hands|quarkdriveatk\n|move|p1a: Calyrex|High Horsepower|p2b: Iron Hands\n|-supereffective|p2b: Iron Hands\n|-damage|p2b: Iron Hands|40/100\n|move|p2b: Iron Hands|Wild Charge|p1a: Calyrex\n|-supereffective|p1a: Calyrex\n|-damage|p1a: Calyrex|0 fnt\n|faint|p1a: Calyrex\n|-damage|p2b: Iron Hands|21/100|[from] Recoil\n|move|p1b: Rillaboom|Grassy Glide|p2b: Iron Hands\n|-damage|p2b: Iron Hands|1/100\n|\n|upkeep\n|\n|t:|1771263109\n|switch|p1a: Necrozma|Necrozma-Dawn-Wings, L50|100/100\n|-enditem|p1a: Necrozma|Room Service\n|-unboost|p1a: Necrozma|spe|1|[from] item: Room Service\n|turn|3\n|\n|t:|1771263131\n|move|p1a: Necrozma|Moongeist Beam|p2a: Miraidon\n|-damage|p2a: Miraidon|42/100\n|move|p2b: Iron Hands|Low Kick|p1b: Rillaboom\n|-damage|p1b: Rillaboom|0 fnt\n|faint|p1b: Rillaboom\n|move|p2a: Miraidon|Snarl|p1a: Necrozma\n|-supereffective|p1a: Necrozma\n|-damage|p1a: Necrozma|47/100\n|-unboost|p1a: Necrozma|spa|1\n|\n|upkeep\n|\n|t:|1771263139\n|switch|p1b: Smeargle|Smeargle, L50, M, shiny|100/100\n|turn|4\n|inactive|kojimuranishi has 30 seconds left.\n|\n|t:|1771263165\n|-end|p2b: Iron Hands|Quark Drive|[silent]\n|switch|p2b: Calyrex|Calyrex-Ice, L50|100/100\n|-ability|p2b: Calyrex|As One\n|-ability|p2b: Calyrex|Unnerve\n|switch|p2a: Chi-Yu|Chi-Yu, L50|100/100\n|-ability|p2a: Chi-Yu|Beads of Ruin\n|move|p1b: Smeargle|Follow Me|p1b: Smeargle\n|-singleturn|p1b: Smeargle|move: Follow Me\n|move|p1a: Necrozma|Moongeist Beam|p2a: Chi-Yu\n|-resisted|p2a: Chi-Yu\n|-damage|p2a: Chi-Yu|74/100\n|\n|upkeep\n|turn|5\n|\n|t:|1771263190\n|-terastallize|p2b: Calyrex|Ice\n|move|p1b: Smeargle|Wide Guard|p1b: Smeargle\n|-singleturn|p1b: Smeargle|Wide Guard\n|move|p1a: Necrozma|Moongeist Beam|p2b: Calyrex\n|-damage|p2b: Calyrex|56/100\n|move|p2b: Calyrex|Glacial Lance|p1a: Necrozma|[spread] \n|-activate|p1a: Necrozma|move: Wide Guard\n|-activate|p1b: Smeargle|move: Wide Guard\n|move|p2a: Chi-Yu|Dark Pulse|p1a: Necrozma\n|-supereffective|p1a: Necrozma\n|-damage|p1a: Necrozma|0 fnt\n|faint|p1a: Necrozma\n|\n|-fieldend|move: Trick Room\n|upkeep\n|turn|6\n|-message|Mechromatt forfeited.\n|\n|win|kojimuranishi\n|raw|Mechromatt's rating: 1420 &rarr; <strong>1407</strong><br />(-13 for losing)\n|raw|kojimuranishi's rating: 1553 &rarr; <strong>1566</strong><br />(+13 for winning)\n|l|\u2606Mechromatt\n|player|p1|\n|l|\u2606kojimuranishi\n|player|p2|\n","uploadtime":1771263415,"views":45,"formatid":"gen9vgc2026regi","rating":1407,"private":0,"password":null}