{"id":"gen9vgc2026regi-2573325949","format":"[Gen 9] VGC 2026 Reg I","players":["Van Halen Jumpluff","TheManOfSausage"],"log":"|j|\u2606Van Halen Jumpluff\n|j|\u2606TheManOfSausage\n|t:|1775122386\n|gametype|doubles\n|player|p1|Van Halen Jumpluff|drayden|1564\n|player|p2|TheManOfSausage|miku-water|1638\n|gen|9\n|tier|[Gen 9] VGC 2026 Reg I\n|rated|\n|rule|Species Clause: Limit one of each Pok\u00e9mon\n|rule|Item Clause: Limit 1 of each item\n|clearpoke\n|poke|p1|Incineroar, L50, F|\n|poke|p1|Calyrex-Shadow, L50|\n|poke|p1|Rillaboom, L50, F|\n|poke|p1|Terapagos, L50, M|\n|poke|p1|Raging Bolt, L50|\n|poke|p1|Ogerpon-Hearthflame, L50, F|\n|poke|p2|Calyrex-Ice, L50|\n|poke|p2|Miraidon, L50|\n|poke|p2|Amoonguss, L50, F|\n|poke|p2|Incineroar, L50, M|\n|poke|p2|Urshifu-*, L50, M|\n|poke|p2|Landorus, L50, M|\n|teampreview|4\nTheManOfSausage has agreed to open team sheets.\n|inactive|Battle timer is ON: inactive players will automatically lose when time's up. (requested by Van Halen Jumpluff)\n|\n|t:|1775122401\n|teamsize|p1|4\n|teamsize|p2|4\n|start\n|switch|p1a: Terapagos|Terapagos, L50, M|100/100\n|switch|p1b: Calyrex|Calyrex-Shadow, L50|100/100\n|switch|p2a: Magical Mirai|Miraidon, L50|100/100\n|switch|p2b: Ogurin|Calyrex-Ice, L50|100/100\n|-activate|p1a: Terapagos|ability: Tera Shift\n|detailschange|p1a: Terapagos|Terapagos-Terastal, L50, M\n|-heal|p1a: Terapagos|100/100|[silent]\n|-ability|p1b: Calyrex|As One\n|-ability|p1b: Calyrex|Unnerve\n|-ability|p2b: Ogurin|As One\n|-ability|p2b: Ogurin|Unnerve\n|-fieldstart|move: Electric Terrain|[from] ability: Hadron Engine|[of] p2a: Magical Mirai\n|turn|1\n|\n|t:|1775122417\n|-terastallize|p2b: Ogurin|Water\n|move|p2a: Magical Mirai|Snarl|p1b: Calyrex|[spread] p1a,p1b\n|-activate|p1a: Terapagos|ability: Tera Shell\n|-resisted|p1a: Terapagos\n|-supereffective|p1b: Calyrex\n|-damage|p1a: Terapagos|91/100\n|-damage|p1b: Calyrex|19/100\n|-unboost|p1a: Terapagos|spa|1\n|-unboost|p1b: Calyrex|spa|1\n|move|p1b: Calyrex|Will-O-Wisp|p2b: Ogurin|[miss]\n|-miss|p1b: Calyrex|p2b: Ogurin\n|move|p1a: Terapagos|Calm Mind|p1a: Terapagos\n|-boost|p1a: Terapagos|spa|1\n|-boost|p1a: Terapagos|spd|1\n|move|p2b: Ogurin|Glacial Lance|p1a: Terapagos|[spread] p1a,p1b\n|-damage|p1a: Terapagos|46/100\n|-damage|p1b: Calyrex|0 fnt\n|faint|p1b: Calyrex\n|-ability|p2b: Ogurin|Chilling Neigh|boost\n|-boost|p2b: Ogurin|atk|1\n|\n|-heal|p1a: Terapagos|52/100|[from] item: Leftovers\n|upkeep\n|\n|t:|1775122441\n|switch|p1b: Rillaboom|Rillaboom, L50, F|100/100\n|-fieldstart|move: Grassy Terrain|[from] ability: Grassy Surge|[of] p1b: Rillaboom\n|turn|2\n|\n|t:|1775122452\n|switch|p2a: Incineroar|Incineroar, L50, M, shiny|100/100\n|-ability|p2a: Incineroar|Intimidate|boost\n|-unboost|p1a: Terapagos|atk|1\n|-unboost|p1b: Rillaboom|atk|1\n|move|p2b: Ogurin|Protect|p2b: Ogurin\n|-singleturn|p2b: Ogurin|Protect\n|move|p1b: Rillaboom|Wood Hammer|p2b: Ogurin\n|-activate|p2b: Ogurin|move: Protect\n|move|p1a: Terapagos|Calm Mind|p1a: Terapagos\n|-boost|p1a: Terapagos|spa|1\n|-boost|p1a: Terapagos|spd|1\n|\n|-heal|p1a: Terapagos|58/100|[from] Grassy Terrain\n|-heal|p1a: Terapagos|64/100|[from] item: Leftovers\n|upkeep\n|turn|3\n|\n|t:|1775122461\n|switch|p1b: Incineroar|Incineroar, L50, F|100/100\n|-ability|p1b: Incineroar|Intimidate|boost\n|-unboost|p2a: Incineroar|atk|1\n|-fail|p2b: Ogurin|unboost|[from] item: Clear Amulet|[of] p2b: Ogurin\n|move|p1a: Terapagos|Protect|p1a: Terapagos\n|-singleturn|p1a: Terapagos|Protect\n|move|p2a: Incineroar|Fake Out|p1b: Incineroar\n|-damage|p1b: Incineroar|96/100\n|-damage|p2a: Incineroar|84/100|[from] item: Rocky Helmet|[of] p1b: Incineroar\n|move|p2b: Ogurin|Trick Room|p2b: Ogurin\n|-fieldstart|move: Trick Room|[of] p2b: Ogurin\n|\n|-heal|p1b: Incineroar|100/100|[from] Grassy Terrain\n|-heal|p2a: Incineroar|90/100|[from] Grassy Terrain\n|-heal|p1a: Terapagos|70/100|[from] Grassy Terrain\n|-heal|p1a: Terapagos|77/100|[from] item: Leftovers\n|upkeep\n|turn|4\n|\n|t:|1775122484\n|-terastallize|p1a: Terapagos|Stellar\n|detailschange|p1a: Terapagos|Terapagos-Stellar, L50, M, tera:Stellar\n|-heal|p1a: Terapagos|83/100|[silent]\n|-ability|p1a: Terapagos|Teraform Zero\n|-fieldend|move: Grassy Terrain\n|move|p2b: Ogurin|Glacial Lance|p1b: Incineroar|[spread] p1a,p1b\n|-resisted|p1b: Incineroar\n|-damage|p1a: Terapagos|28/100\n|-damage|p1b: Incineroar|68/100\n|move|p1b: Incineroar|Will-O-Wisp|p2b: Ogurin\n|-status|p2b: Ogurin|brn\n|move|p2a: Incineroar|U-turn|p1a: Terapagos\n|-damage|p1a: Terapagos|20/100\n|\n|t:|1775122486\n|switch|p2a: Amoonguss|Amoonguss, L50, F|100/100|[from] U-turn\n|move|p1a: Terapagos|Tera Starstorm|p2a: Amoonguss|[spread] p2a,p2b\n|-supereffective|p2b: Ogurin\n|-damage|p2a: Amoonguss|62/100\n|-damage|p2b: Ogurin|26/100 brn\n|\n|-heal|p1a: Terapagos|26/100|[from] item: Leftovers\n|-damage|p2b: Ogurin|20/100 brn|[from] brn\n|upkeep\n|turn|5\n|\n|t:|1775122511\n|switch|p1b: Rillaboom|Rillaboom, L50, F|100/100\n|-fieldstart|move: Grassy Terrain|[from] ability: Grassy Surge|[of] p1b: Rillaboom\n|move|p1a: Terapagos|Protect|p1a: Terapagos\n|-singleturn|p1a: Terapagos|Protect\n|move|p2a: Amoonguss|Spore|p1b: Rillaboom\n|-immune|p1b: Rillaboom\n|move|p2b: Ogurin|Glacial Lance|p1b: Rillaboom|[spread] p1b\n|-activate|p1a: Terapagos|move: Protect\n|-supereffective|p1b: Rillaboom\n|-damage|p1b: Rillaboom|10/100\n|\n|-heal|p2a: Amoonguss|68/100|[from] Grassy Terrain\n|-heal|p2b: Ogurin|26/100 brn|[from] Grassy Terrain\n|-heal|p1a: Terapagos|33/100|[from] Grassy Terrain\n|-heal|p1a: Terapagos|39/100|[from] item: Leftovers\n|-heal|p1b: Rillaboom|16/100|[from] Grassy Terrain\n|-damage|p2b: Ogurin|20/100 brn|[from] brn\n|upkeep\n|turn|6\n|\n|t:|1775122531\n|move|p1b: Rillaboom|Fake Out|p2a: Amoonguss\n|-damage|p2a: Amoonguss|56/100\n|-damage|p1b: Rillaboom|0 fnt|[from] item: Rocky Helmet|[of] p2a: Amoonguss\n|faint|p1b: Rillaboom\n|cant|p2a: Amoonguss|flinch\n|move|p2b: Ogurin|Glacial Lance|p1a: Terapagos\n|-damage|p1a: Terapagos|6/100\n|move|p1a: Terapagos|Tera Starstorm|p2b: Ogurin|[spread] p2a,p2b\n|-supereffective|p2b: Ogurin\n|-damage|p2a: Amoonguss|13/100\n|-damage|p2b: Ogurin|0 fnt\n|faint|p2b: Ogurin\n|\n|-heal|p2a: Amoonguss|19/100|[from] Grassy Terrain\n|-heal|p1a: Terapagos|12/100|[from] Grassy Terrain\n|-heal|p1a: Terapagos|18/100|[from] item: Leftovers\n|upkeep\n|\n|t:|1775122540\n|switch|p2b: Incineroar|Incineroar, L50, M, shiny|90/100\n|switch|p1b: Incineroar|Incineroar, L50, F|68/100\n|-ability|p1b: Incineroar|Intimidate|boost\n|-unboost|p2a: Amoonguss|atk|1\n|-unboost|p2b: Incineroar|atk|1\n|-ability|p2b: Incineroar|Intimidate|boost\n|-unboost|p1a: Terapagos|atk|1\n|-unboost|p1b: Incineroar|atk|1\n|turn|7\n|\n|t:|1775122561\n|move|p1b: Incineroar|Fake Out|p2a: Amoonguss\n|-damage|p2a: Amoonguss|12/100\n|-damage|p1b: Incineroar|51/100|[from] item: Rocky Helmet|[of] p2a: Amoonguss\n|cant|p2a: Amoonguss|flinch\n|move|p2b: Incineroar|Knock Off|p1a: Terapagos\n|-damage|p1a: Terapagos|2/100\n|-enditem|p1a: Terapagos|Leftovers|[from] move: Knock Off|[of] p2b: Incineroar\n|move|p1a: Terapagos|Earth Power|p2b: Incineroar\n|-supereffective|p2b: Incineroar\n|-damage|p2b: Incineroar|16/100\n|\n|-heal|p2a: Amoonguss|18/100|[from] Grassy Terrain\n|-heal|p1b: Incineroar|57/100|[from] Grassy Terrain\n|-heal|p2b: Incineroar|22/100|[from] Grassy Terrain\n|-heal|p1a: Terapagos|9/100|[from] Grassy Terrain\n|-fieldend|move: Trick Room\n|upkeep\n|turn|8\n|\n|t:|1775122577\n|move|p2a: Amoonguss|Protect|p2a: Amoonguss\n|-singleturn|p2a: Amoonguss|Protect\n|move|p1a: Terapagos|Tera Starstorm|p2b: Incineroar|[spread] p2b\n|-activate|p2a: Amoonguss|move: Protect\n|-damage|p2b: Incineroar|0 fnt\n|faint|p2b: Incineroar\n|move|p1b: Incineroar|Knock Off|p2a: Amoonguss\n|-activate|p2a: Amoonguss|move: Protect\n|\n|-heal|p1a: Terapagos|15/100|[from] Grassy Terrain\n|-heal|p1b: Incineroar|63/100|[from] Grassy Terrain\n|-heal|p2a: Amoonguss|24/100|[from] Grassy Terrain\n|upkeep\n|\n|t:|1775122579\n|switch|p2b: Magical Mirai|Miraidon, L50|100/100\n|-fieldstart|move: Electric Terrain|[from] ability: Hadron Engine|[of] p2b: Magical Mirai\n|turn|9\n|\n|t:|1775122594\n|move|p1a: Terapagos|Protect|p1a: Terapagos\n|-singleturn|p1a: Terapagos|Protect\n|move|p2a: Amoonguss|Protect||[still]\n|-fail|p2a: Amoonguss\n|move|p2b: Magical Mirai|Electro Drift|p1a: Terapagos\n|-activate|p1a: Terapagos|move: Protect\n|move|p1b: Incineroar|Knock Off|p2b: Magical Mirai\n|-damage|p2b: Magical Mirai|76/100\n|-enditem|p2b: Magical Mirai|Choice Scarf|[from] move: Knock Off|[of] p1b: Incineroar\n|\n|upkeep\n|turn|10\n|\n|t:|1775122610\n|move|p1a: Terapagos|Protect|p1a: Terapagos\n|-singleturn|p1a: Terapagos|Protect\n|move|p2a: Amoonguss|Rage Powder|p2a: Amoonguss\n|-singleturn|p2a: Amoonguss|move: Rage Powder\n|move|p2b: Magical Mirai|Electro Drift|p1a: Terapagos\n|-activate|p1a: Terapagos|move: Protect\n|move|p1b: Incineroar|Knock Off|p2a: Amoonguss\n|-damage|p2a: Amoonguss|0 fnt\n|-damage|p1b: Incineroar|47/100|[from] item: Rocky Helmet|[of] p2a: Amoonguss\n|-enditem|p2a: Amoonguss|Rocky Helmet|[from] move: Knock Off|[of] p1b: Incineroar\n|faint|p2a: Amoonguss\n|\n|upkeep\n|turn|11\n|\n|t:|1775122633\n|move|p1a: Terapagos|Protect||[still]\n|-fail|p1a: Terapagos\n|move|p2b: Magical Mirai|Electro Drift|p1a: Terapagos\n|-damage|p1a: Terapagos|0 fnt\n|faint|p1a: Terapagos\n|detailschange|p1: Terapagos|Terapagos, L50, M|[silent]\n|move|p1b: Incineroar|Knock Off|p2b: Magical Mirai\n|-damage|p2b: Magical Mirai|60/100\n|\n|upkeep\n|turn|12\n|\n|t:|1775122639\n|move|p2b: Magical Mirai|Electro Drift|p1b: Incineroar\n|-damage|p1b: Incineroar|0 fnt\n|-damage|p2b: Magical Mirai|43/100|[from] item: Rocky Helmet|[of] p1b: Incineroar\n|faint|p1b: Incineroar\n|\n|win|TheManOfSausage\n|raw|Van Halen Jumpluff's rating: 1564 &rarr; <strong>1548</strong><br />(-16 for losing)\n|raw|TheManOfSausage's rating: 1638 &rarr; <strong>1654</strong><br />(+16 for winning)\n|c|\u2606TheManOfSausage|gg\n|l|\u2606Van Halen Jumpluff\n|player|p1|\n|l|\u2606TheManOfSausage\n|player|p2|\n","uploadtime":1775122789,"views":17,"formatid":"gen9vgc2026regi","rating":1548,"private":0,"password":null}