{"id":"gen9vgc2026regi-2575135794","format":"[Gen 9] VGC 2026 Reg I","players":["TheNamesBetty","zestylesty"],"log":"|j|\u2606TheNamesBetty\n|j|\u2606zestylesty\n|t:|1775322395\n|gametype|doubles\n|player|p1|TheNamesBetty|koga|1493\n|player|p2|zestylesty|cynthia-gen4|1364\n|gen|9\n|tier|[Gen 9] VGC 2026 Reg I\n|rated|\n|rule|Species Clause: Limit one of each Pok\u00e9mon\n|rule|Item Clause: Limit 1 of each item\n|clearpoke\n|poke|p1|Koraidon, L50|\n|poke|p1|Calyrex-Shadow, L50|\n|poke|p1|Tornadus, L50, M|\n|poke|p1|Urshifu-*, L50, F|\n|poke|p1|Clefairy, L50, F|\n|poke|p1|Dewgong, L50, M|\n|poke|p2|Calyrex-Ice, L50|\n|poke|p2|Miraidon, L50|\n|poke|p2|Grimmsnarl, L50, M|\n|poke|p2|Urshifu-*, L50, F|\n|poke|p2|Incineroar, L50, F|\n|poke|p2|Landorus, L50, M|\n|teampreview|4\n|inactive|Battle timer is ON: inactive players will automatically lose when time's up. (requested by zestylesty)\n|\n|t:|1775322421\n|teamsize|p1|4\n|teamsize|p2|4\n|start\n|switch|p1a: Houska se sal\u00e1mem|Urshifu, L50, F|100/100\n|switch|p1b: Kedluben|Calyrex-Shadow, L50|100/100\n|switch|p2a: Calyrex|Calyrex-Ice, L50|100/100\n|switch|p2b: Grimmsnarl|Grimmsnarl, L50, M|100/100\n|-ability|p1b: Kedluben|As One\n|-ability|p1b: Kedluben|Unnerve\n|-ability|p2a: Calyrex|As One\n|-ability|p2a: Calyrex|Unnerve\n|turn|1\n|inactive|zestylesty has 30 seconds left.\n|inactive|zestylesty has 20 seconds left.\n|inactive|zestylesty has 15 seconds left.\n|\n|t:|1775322464\n|switch|p2a: Incineroar|Incineroar, L50, F|100/100\n|-ability|p2a: Incineroar|Intimidate|boost\n|-unboost|p1a: Houska se sal\u00e1mem|atk|1\n|-unboost|p1b: Kedluben|atk|1\n|move|p1a: Houska se sal\u00e1mem|U-turn|p2b: Grimmsnarl\n|-damage|p2b: Grimmsnarl|80/100\n|\n|t:|1775322472\n|switch|p1a: Jan\u017di\u017ekaZTrocnova|Koraidon, L50|100/100|[from] U-turn\n|-weather|SunnyDay|[from] ability: Orichalcum Pulse|[of] p1a: Jan\u017di\u017ekaZTrocnova\n|-activate|p1a: Jan\u017di\u017ekaZTrocnova|Orichalcum Pulse|[source]\n|move|p1b: Kedluben|Astral Barrage|p2b: Grimmsnarl|[spread] p2a,p2b\n|-resisted|p2a: Incineroar\n|-resisted|p2b: Grimmsnarl\n|-damage|p2a: Incineroar|76/100\n|-damage|p2b: Grimmsnarl|49/100\n|-damage|p1b: Kedluben|91/100|[from] item: Life Orb\n|move|p2b: Grimmsnarl|Spirit Break|p1a: Jan\u017di\u017ekaZTrocnova\n|-supereffective|p1a: Jan\u017di\u017ekaZTrocnova\n|-damage|p1a: Jan\u017di\u017ekaZTrocnova|2/100\n|\n|-weather|SunnyDay|[upkeep]\n|upkeep\n|turn|2\n|\n|t:|1775322492\n|switch|p1b: Houska se sal\u00e1mem|Urshifu, L50, F|100/100\n|move|p1a: Jan\u017di\u017ekaZTrocnova|Protect|p1a: Jan\u017di\u017ekaZTrocnova\n|-singleturn|p1a: Jan\u017di\u017ekaZTrocnova|Protect\n|move|p2a: Incineroar|Fake Out|p1a: Jan\u017di\u017ekaZTrocnova\n|-activate|p1a: Jan\u017di\u017ekaZTrocnova|move: Protect\n|move|p2b: Grimmsnarl|Light Screen|p2b: Grimmsnarl\n|-sidestart|p2: zestylesty|move: Light Screen\n|\n|-weather|SunnyDay|[upkeep]\n|upkeep\n|turn|3\n|inactive|zestylesty has 30 seconds left.\n|inactive|TheNamesBetty has 30 seconds left.\n|\n|t:|1775322524\n|move|p2b: Grimmsnarl|Reflect|p2b: Grimmsnarl\n|-sidestart|p2: zestylesty|Reflect\n|move|p1b: Houska se sal\u00e1mem|Close Combat|p2a: Incineroar\n|-supereffective|p2a: Incineroar\n|-damage|p2a: Incineroar|0 fnt\n|-unboost|p1b: Houska se sal\u00e1mem|def|1\n|-unboost|p1b: Houska se sal\u00e1mem|spd|1\n|faint|p2a: Incineroar\n|move|p1a: Jan\u017di\u017ekaZTrocnova|Collision Course|p2b: Grimmsnarl\n|-damage|p2b: Grimmsnarl|0 fnt\n|faint|p2b: Grimmsnarl\n|\n|-weather|SunnyDay|[upkeep]\n|upkeep\n|\n|t:|1775322535\n|switch|p2a: Miraidon|Miraidon, L50|100/100\n|switch|p2b: Calyrex|Calyrex-Ice, L50|100/100\n|-ability|p2b: Calyrex|As One\n|-ability|p2b: Calyrex|Unnerve\n|-fieldstart|move: Electric Terrain|[from] ability: Hadron Engine|[of] p2a: Miraidon\n|turn|4\n|inactive|zestylesty has 30 seconds left.\n|\n|t:|1775322568\n|-terastallize|p2a: Miraidon|Fairy\n|move|p1a: Jan\u017di\u017ekaZTrocnova|Protect|p1a: Jan\u017di\u017ekaZTrocnova\n|-singleturn|p1a: Jan\u017di\u017ekaZTrocnova|Protect\n|move|p1b: Houska se sal\u00e1mem|Close Combat|p2a: Miraidon\n|-resisted|p2a: Miraidon\n|-damage|p2a: Miraidon|81/100\n|-unboost|p1b: Houska se sal\u00e1mem|def|1\n|-unboost|p1b: Houska se sal\u00e1mem|spd|1\n|move|p2a: Miraidon|Dazzling Gleam|p1b: Houska se sal\u00e1mem|[spread] p1b\n|-activate|p1a: Jan\u017di\u017ekaZTrocnova|move: Protect\n|-supereffective|p1b: Houska se sal\u00e1mem\n|-damage|p1b: Houska se sal\u00e1mem|0 fnt\n|faint|p1b: Houska se sal\u00e1mem\n|move|p2b: Calyrex|Trick Room|p2b: Calyrex\n|-fieldstart|move: Trick Room|[of] p2b: Calyrex\n|\n|-weather|SunnyDay|[upkeep]\n|upkeep\n|\n|t:|1775322584\n|switch|p1b: DDDMaxVerstappeb|Dewgong, L50, M|100/100\n|turn|5\n|inactive|TheNamesBetty has 30 seconds left.\n|\n|t:|1775322615\n|switch|p1a: Kedluben|Calyrex-Shadow, L50|91/100\n|-ability|p1a: Kedluben|As One\n|-ability|p1a: Kedluben|Unnerve\n|-terastallize|p1b: DDDMaxVerstappeb|Ground\n|move|p2b: Calyrex|Leech Seed|p1b: DDDMaxVerstappeb\n|-start|p1b: DDDMaxVerstappeb|move: Leech Seed\n|move|p1b: DDDMaxVerstappeb|Perish Song|p1b: DDDMaxVerstappeb\n|-start|p1a: Kedluben|perish3|[silent]\n|-start|p1b: DDDMaxVerstappeb|perish3|[silent]\n|-start|p2a: Miraidon|perish3|[silent]\n|-start|p2b: Calyrex|perish3|[silent]\n|-fieldactivate|move: Perish Song\n|move|p2a: Miraidon|Dazzling Gleam|p1b: DDDMaxVerstappeb|[spread] p1a,p1b\n|-damage|p1a: Kedluben|30/100\n|-damage|p1b: DDDMaxVerstappeb|62/100\n|\n|-weather|none\n|-damage|p1b: DDDMaxVerstappeb|50/100|[from] Leech Seed|[of] p2b: Calyrex\n|-start|p2b: Calyrex|perish3\n|-start|p1b: DDDMaxVerstappeb|perish3\n|-start|p2a: Miraidon|perish3\n|-start|p1a: Kedluben|perish3\n|upkeep\n|turn|6\n|inactive|zestylesty has 30 seconds left.\n|\n|t:|1775322642\n|move|p1b: DDDMaxVerstappeb|Protect|p1b: DDDMaxVerstappeb\n|-singleturn|p1b: DDDMaxVerstappeb|Protect\n|move|p1a: Kedluben|Protect|p1a: Kedluben\n|-singleturn|p1a: Kedluben|Protect\n|move|p2b: Calyrex|Glacial Lance|p1b: DDDMaxVerstappeb|[spread] \n|-activate|p1a: Kedluben|move: Protect\n|-activate|p1b: DDDMaxVerstappeb|move: Protect\n|move|p2a: Miraidon|Dazzling Gleam|p1b: DDDMaxVerstappeb|[spread] \n|-activate|p1a: Kedluben|move: Protect\n|-activate|p1b: DDDMaxVerstappeb|move: Protect\n|\n|-damage|p1b: DDDMaxVerstappeb|38/100|[from] Leech Seed|[of] p2b: Calyrex\n|-start|p2b: Calyrex|perish2\n|-start|p1b: DDDMaxVerstappeb|perish2\n|-start|p2a: Miraidon|perish2\n|-start|p1a: Kedluben|perish2\n|upkeep\n|turn|7\n|\n|t:|1775322662\n|switch|p1a: Jan\u017di\u017ekaZTrocnova|Koraidon, L50|2/100\n|-weather|SunnyDay|[from] ability: Orichalcum Pulse|[of] p1a: Jan\u017di\u017ekaZTrocnova\n|-activate|p1a: Jan\u017di\u017ekaZTrocnova|Orichalcum Pulse|[source]\n|move|p1b: DDDMaxVerstappeb|Ice Shard|p2a: Miraidon\n|-damage|p2a: Miraidon|75/100\n|move|p2b: Calyrex|Glacial Lance|p1b: DDDMaxVerstappeb|[spread] p1a,p1b\n|-supereffective|p1a: Jan\u017di\u017ekaZTrocnova\n|-supereffective|p1b: DDDMaxVerstappeb\n|-damage|p1a: Jan\u017di\u017ekaZTrocnova|0 fnt\n|-damage|p1b: DDDMaxVerstappeb|0 fnt\n|faint|p1a: Jan\u017di\u017ekaZTrocnova\n|faint|p1b: DDDMaxVerstappeb\n|-ability|p2b: Calyrex|Chilling Neigh|boost\n|-boost|p2b: Calyrex|atk|2\n|move|p2a: Miraidon|Dazzling Gleam|p1: Jan\u017di\u017ekaZTrocnova|[notarget]\n|-fail|p2a: Miraidon\n|\n|-weather|SunnyDay|[upkeep]\n|-start|p2b: Calyrex|perish1\n|-start|p2a: Miraidon|perish1\n|upkeep\n|\n|t:|1775322664\n|switch|p1b: Kedluben|Calyrex-Shadow, L50|30/100\n|-ability|p1b: Kedluben|As One\n|-ability|p1b: Kedluben|Unnerve\n|turn|8\n|\n|t:|1775322677\n|move|p1b: Kedluben|Protect|p1b: Kedluben\n|-singleturn|p1b: Kedluben|Protect\n|move|p2b: Calyrex|Glacial Lance|p1b: Kedluben\n|-activate|p1b: Kedluben|move: Protect\n|move|p2a: Miraidon|Dazzling Gleam|p1b: Kedluben\n|-activate|p1b: Kedluben|move: Protect\n|\n|-weather|SunnyDay|[upkeep]\n|-start|p2b: Calyrex|perish0\n|-start|p2a: Miraidon|perish0\n|faint|p2b: Calyrex\n|faint|p2a: Miraidon\n|\n|win|TheNamesBetty\n|raw|TheNamesBetty's rating: 1493 &rarr; <strong>1506</strong><br />(+13 for winning)\n|raw|zestylesty's rating: 1364 &rarr; <strong>1351</strong><br />(-13 for losing)\n|c|\u2606TheNamesBetty|Gg\n|c|\u2606zestylesty|Gay\n|l|\u2606zestylesty\n|player|p2|\n|l|\u2606TheNamesBetty\n|player|p1|\n|j|\u2606TheNamesBetty\n|player|p1|TheNamesBetty|koga|\n","uploadtime":1775322715,"views":11,"formatid":"gen9vgc2026regi","rating":1351,"private":0,"password":null}