{"id":"gen9vgc2026regi-2523552351","format":"[Gen 9] VGC 2026 Reg I","players":["torrmentor20","inb_178"],"log":"|j|\u2606torrmentor20\n|j|\u2606inb_178\n|t:|1769036865\n|gametype|doubles\n|player|p1|torrmentor20|101|1145\n|player|p2|inb_178|1|1176\n|gen|9\n|tier|[Gen 9] VGC 2026 Reg I\n|rated|\n|rule|Species Clause: Limit one of each Pok\u00e9mon\n|rule|Item Clause: Limit 1 of each item\n|clearpoke\n|poke|p1|Regidrago, L50|\n|poke|p1|Regieleki, L50|\n|poke|p1|Registeel, L50|\n|poke|p1|Regigigas, L50|\n|poke|p1|Regirock, L50|\n|poke|p1|Regice, L50|\n|poke|p2|Miraidon, L50|\n|poke|p2|Lunala, L50|\n|poke|p2|Ursaluna-Bloodmoon, L50, M|\n|poke|p2|Wo-Chien, L50|\n|poke|p2|Incineroar, L50, M|\n|poke|p2|Sneasler, L50, F|\n|teampreview|4\n|inactive|Battle timer is ON: inactive players will automatically lose when time's up. (requested by torrmentor20)\n|\n|t:|1769036893\n|teamsize|p1|4\n|teamsize|p2|4\n|start\n|switch|p1a: Regieleki|Regieleki, L50, shiny|100/100\n|switch|p1b: Registeel|Registeel, L50, shiny|100/100\n|switch|p2a: Miraidon|Miraidon, L50|100/100\n|switch|p2b: Sneasler|Sneasler, L50, F|100/100\n|-fieldstart|move: Electric Terrain|[from] ability: Hadron Engine|[of] p2a: Miraidon\n|-enditem|p2b: Sneasler|Electric Seed\n|-boost|p2b: Sneasler|def|1|[from] item: Electric Seed\n|turn|1\n|\n|t:|1769036915\n|move|p2b: Sneasler|Close Combat|p1a: Regieleki\n|-enditem|p1a: Regieleki|Focus Sash\n|-damage|p1a: Regieleki|1/100\n|-unboost|p2b: Sneasler|def|1\n|-unboost|p2b: Sneasler|spd|1\n|move|p1a: Regieleki|Light Screen|p1a: Regieleki\n|-sidestart|p1: torrmentor20|move: Light Screen\n|move|p2a: Miraidon|Electro Drift|p1a: Regieleki\n|-resisted|p1a: Regieleki\n|-damage|p1a: Regieleki|0 fnt\n|faint|p1a: Regieleki\n|move|p1b: Registeel|Thunder Wave|p2b: Sneasler\n|-status|p2b: Sneasler|par\n|\n|upkeep\n|\n|t:|1769036930\n|switch|p1a: Regidrago|Regidrago, L50, shiny|100/100\n|turn|2\n|\n|t:|1769036946\n|-terastallize|p2a: Miraidon|Electric\n|cant|p2b: Sneasler|par\n|move|p1a: Regidrago|Dragon Energy|p2a: Miraidon|[spread] p2a,p2b\n|-damage|p2a: Miraidon|39/100\n|-damage|p2b: Sneasler|0 fnt\n|faint|p2b: Sneasler\n|move|p2a: Miraidon|Electro Drift|p1a: Regidrago\n|-resisted|p1a: Regidrago\n|-damage|p1a: Regidrago|42/100\n|move|p1b: Registeel|Iron Defense|p1b: Registeel\n|-boost|p1b: Registeel|def|2\n|\n|upkeep\n|\n|t:|1769036961\n|switch|p2b: Lunala|Lunala, L50|100/100\n|turn|3\n|\n|t:|1769036973\n|switch|p1a: Regice|Regice, L50, shiny|100/100\n|move|p2b: Lunala|Wide Guard|p2b: Lunala\n|-singleturn|p2b: Lunala|Wide Guard\n|move|p2a: Miraidon|Electro Drift|p1a: Regice\n|-damage|p1a: Regice|51/100\n|move|p1b: Registeel|Body Press|p2a: Miraidon\n|-damage|p2a: Miraidon|0 fnt\n|faint|p2a: Miraidon\n|\n|upkeep\n|\n|t:|1769036987\n|switch|p2a: Wo-Chien|Wo-Chien, L50|100/100\n|-ability|p2a: Wo-Chien|Tablets of Ruin\n|turn|4\n|\n|t:|1769037007\n|move|p2a: Wo-Chien|Protect|p2a: Wo-Chien\n|-singleturn|p2a: Wo-Chien|Protect\n|move|p2b: Lunala|Meteor Beam||[still]\n|-prepare|p2b: Lunala|Meteor Beam\n|-boost|p2b: Lunala|spa|1\n|-enditem|p2b: Lunala|Power Herb\n|-anim|p2b: Lunala|Meteor Beam|p1a: Regice\n|-supereffective|p1a: Regice\n|-damage|p1a: Regice|7/100\n|-enditem|p1a: Regice|Sitrus Berry|[eat]\n|-heal|p1a: Regice|32/100|[from] item: Sitrus Berry\n|move|p1a: Regice|Ice Beam|p2a: Wo-Chien\n|-activate|p2a: Wo-Chien|move: Protect\n|move|p1b: Registeel|Body Press|p2a: Wo-Chien\n|-activate|p2a: Wo-Chien|move: Protect\n|\n|upkeep\n|turn|5\n|\n|t:|1769037029\n|move|p2b: Lunala|Moongeist Beam|p1b: Registeel\n|-damage|p1b: Registeel|67/100\n|move|p2a: Wo-Chien|Leech Seed|p1a: Regice\n|-start|p1a: Regice|move: Leech Seed\n|move|p1a: Regice|Ice Beam|p2a: Wo-Chien\n|-supereffective|p2a: Wo-Chien\n|-damage|p2a: Wo-Chien|41/100\n|move|p1b: Registeel|Body Press|p2a: Wo-Chien\n|-supereffective|p2a: Wo-Chien\n|-damage|p2a: Wo-Chien|0 fnt\n|faint|p2a: Wo-Chien\n|\n|-heal|p1b: Registeel|73/100|[from] item: Leftovers\n|-sideend|p1: torrmentor20|move: Light Screen\n|-fieldend|move: Electric Terrain\n|upkeep\n|turn|6\n|-message|inb_178 forfeited.\n|\n|win|torrmentor20\n|raw|torrmentor20's rating: 1145 &rarr; <strong>1172</strong><br />(+27 for winning)\n|raw|inb_178's rating: 1176 &rarr; <strong>1149</strong><br />(-27 for losing)\n|l|\u2606inb_178\n|player|p2|\n|l|\u2606torrmentor20\n|player|p1|\n","uploadtime":1769037194,"views":20,"formatid":"gen9vgc2026regi","rating":1149,"private":0,"password":null}