{"id":"gen9vgc2026regi-2578898572","format":"[Gen 9] VGC 2026 Reg I","players":["dfadDADAD","asroarri"],"log":"|j|\u2606dfadDADAD\n|j|\u2606asroarri\n|t:|1775733967\n|gametype|doubles\n|player|p1|dfadDADAD|170|1560\n|player|p2|asroarri|dawn|1560\n|gen|9\n|tier|[Gen 9] VGC 2026 Reg I\n|rated|\n|rule|Species Clause: Limit one of each Pok\u00e9mon\n|rule|Item Clause: Limit 1 of each item\n|clearpoke\n|poke|p1|Calyrex-Shadow, L50|\n|poke|p1|Terapagos, L50, M|\n|poke|p1|Rillaboom, L50, M|\n|poke|p1|Urshifu-*, L50, M|\n|poke|p1|Volcarona, L50, F|\n|poke|p1|Flutter Mane, L50|\n|poke|p2|Calyrex-Ice, L50|\n|poke|p2|Miraidon, L50|\n|poke|p2|Iron Hands, L50|\n|poke|p2|Farigiraf, L50, F|\n|poke|p2|Torkoal, L50, M|\n|poke|p2|Smeargle, L50, M|\n|teampreview|4\n|inactive|Battle timer is ON: inactive players will automatically lose when time's up. (requested by dfadDADAD)\n|inactive|asroarri has 60 seconds left.\n|\n|t:|1775734005\n|teamsize|p1|4\n|teamsize|p2|4\n|start\n|switch|p1a: Flutter Mane|Flutter Mane, L50|100/100\n|switch|p1b: Terapagos|Terapagos, L50, M|100/100\n|switch|p2a: Calyrex|Calyrex-Ice, L50|100/100\n|switch|p2b: Smeargle|Smeargle, L50, M|100/100\n|-activate|p1b: Terapagos|ability: Tera Shift\n|detailschange|p1b: Terapagos|Terapagos-Terastal, L50, M\n|-heal|p1b: Terapagos|100/100|[silent]\n|-ability|p2a: Calyrex|As One\n|-ability|p2a: Calyrex|Unnerve\n|-enditem|p1a: Flutter Mane|Booster Energy\n|-activate|p1a: Flutter Mane|ability: Protosynthesis|[fromitem]\n|-start|p1a: Flutter Mane|protosynthesisspe\n|turn|1\n|\n|t:|1775734026\n|move|p2b: Smeargle|Follow Me|p2b: Smeargle\n|-singleturn|p2b: Smeargle|move: Follow Me\n|move|p1a: Flutter Mane|Taunt|p2b: Smeargle\n|-start|p2b: Smeargle|move: Taunt\n|move|p1b: Terapagos|Calm Mind|p1b: Terapagos\n|-boost|p1b: Terapagos|spa|1\n|-boost|p1b: Terapagos|spd|1\n|move|p2a: Calyrex|Trick Room|p2a: Calyrex\n|-fieldstart|move: Trick Room|[of] p2a: Calyrex\n|\n|upkeep\n|turn|2\n|\n|t:|1775734038\n|move|p2a: Calyrex|Glacial Lance|p1a: Flutter Mane|[spread] p1a,p1b\n|-activate|p1b: Terapagos|ability: Tera Shell\n|-resisted|p1b: Terapagos\n|-damage|p1a: Flutter Mane|5/100\n|-damage|p1b: Terapagos|77/100\n|move|p2b: Smeargle|Ruination|p1b: Terapagos\n|-damage|p1b: Terapagos|39/100\n|move|p1b: Terapagos|Tera Starstorm|p2a: Calyrex\n|-damage|p2a: Calyrex|45/100\n|move|p1a: Flutter Mane|Moonblast|p2a: Calyrex\n|-damage|p2a: Calyrex|14/100\n|\n|-heal|p1b: Terapagos|45/100|[from] item: Leftovers\n|upkeep\n|turn|3\n|inactive|asroarri has 30 seconds left.\n|\n|t:|1775734070\n|move|p1b: Terapagos|Protect|p1b: Terapagos\n|-singleturn|p1b: Terapagos|Protect\n|move|p2a: Calyrex|Glacial Lance|p1b: Terapagos|[spread] p1a\n|-activate|p1b: Terapagos|move: Protect\n|-damage|p1a: Flutter Mane|0 fnt\n|faint|p1a: Flutter Mane\n|-end|p1a: Flutter Mane|Protosynthesis|[silent]\n|-ability|p2a: Calyrex|Chilling Neigh|boost\n|-boost|p2a: Calyrex|atk|1\n|move|p2b: Smeargle|Ruination|p1b: Terapagos\n|-activate|p1b: Terapagos|move: Protect\n|\n|-heal|p1b: Terapagos|51/100|[from] item: Leftovers\n|upkeep\n|\n|t:|1775734076\n|switch|p1a: Rillaboom|Rillaboom, L50, M|100/100\n|-fieldstart|move: Grassy Terrain|[from] ability: Grassy Surge|[of] p1a: Rillaboom\n|turn|4\n|inactive|dfadDADAD has 30 seconds left.\n|\n|t:|1775734110\n|move|p2a: Calyrex|Protect|p2a: Calyrex\n|-singleturn|p2a: Calyrex|Protect\n|move|p1a: Rillaboom|Fake Out|p2a: Calyrex\n|-activate|p2a: Calyrex|move: Protect\n|move|p2b: Smeargle|Ruination|p1b: Terapagos|[miss]\n|-miss|p2b: Smeargle|p1b: Terapagos\n|move|p1b: Terapagos|Tera Starstorm|p2b: Smeargle\n|-enditem|p2b: Smeargle|Focus Sash\n|-damage|p2b: Smeargle|1/100\n|\n|-heal|p2a: Calyrex|19/100|[from] Grassy Terrain\n|-heal|p2b: Smeargle|7/100|[from] Grassy Terrain\n|-heal|p1b: Terapagos|57/100|[from] Grassy Terrain\n|-heal|p1b: Terapagos|63/100|[from] item: Leftovers\n|-end|p2b: Smeargle|move: Taunt\n|upkeep\n|turn|5\n|\n|t:|1775734125\n|switch|p1a: Calyrex|Calyrex-Shadow, L50|100/100\n|-ability|p1a: Calyrex|As One\n|-ability|p1a: Calyrex|Unnerve\n|move|p1b: Terapagos|Protect|p1b: Terapagos\n|-singleturn|p1b: Terapagos|Protect\n|move|p2b: Smeargle|Follow Me|p2b: Smeargle\n|-singleturn|p2b: Smeargle|move: Follow Me\n|move|p2a: Calyrex|Glacial Lance|p1a: Calyrex|[spread] p1a\n|-activate|p1b: Terapagos|move: Protect\n|-enditem|p1a: Calyrex|Focus Sash\n|-damage|p1a: Calyrex|1/100\n|\n|-heal|p2a: Calyrex|25/100|[from] Grassy Terrain\n|-heal|p2b: Smeargle|13/100|[from] Grassy Terrain\n|-heal|p1b: Terapagos|69/100|[from] Grassy Terrain\n|-heal|p1b: Terapagos|75/100|[from] item: Leftovers\n|-heal|p1a: Calyrex|7/100|[from] Grassy Terrain\n|-fieldend|move: Trick Room\n|upkeep\n|turn|6\n|inactive|asroarri has 30 seconds left.\n|inactive|asroarri has 20 seconds left.\n|inactive|asroarri has 15 seconds left.\n|\n|t:|1775734166\n|move|p2a: Calyrex|Protect|p2a: Calyrex\n|-singleturn|p2a: Calyrex|Protect\n|move|p1a: Calyrex|Astral Barrage|p2a: Calyrex|[spread] \n|-activate|p2a: Calyrex|move: Protect\n|-immune|p2b: Smeargle\n|move|p1b: Terapagos|Tera Starstorm|p2b: Smeargle\n|-damage|p2b: Smeargle|0 fnt\n|faint|p2b: Smeargle\n|\n|-heal|p1a: Calyrex|14/100|[from] Grassy Terrain\n|-heal|p1b: Terapagos|81/100|[from] Grassy Terrain\n|-heal|p1b: Terapagos|87/100|[from] item: Leftovers\n|-heal|p2a: Calyrex|31/100|[from] Grassy Terrain\n|upkeep\n|\n|t:|1775734173\n|switch|p2b: Miraidon|Miraidon, L50|100/100\n|-fieldstart|move: Electric Terrain|[from] ability: Hadron Engine|[of] p2b: Miraidon\n|turn|7\n|inactive|asroarri has 30 seconds left.\n|\n|t:|1775734205\n|switch|p2a: Iron Hands|Iron Hands, L50|100/100\n|-activate|p2a: Iron Hands|ability: Quark Drive\n|-start|p2a: Iron Hands|quarkdriveatk\n|-terastallize|p1b: Terapagos|Stellar\n|detailschange|p1b: Terapagos|Terapagos-Stellar, L50, M, tera:Stellar\n|-heal|p1b: Terapagos|90/100|[silent]\n|-ability|p1b: Terapagos|Teraform Zero\n|-fieldend|move: Electric Terrain\n|-end|p2a: Iron Hands|Quark Drive\n|move|p2b: Miraidon|Snarl|p1a: Calyrex|[spread] p1a,p1b\n|-supereffective|p1a: Calyrex\n|-damage|p1a: Calyrex|0 fnt\n|-damage|p1b: Terapagos|83/100\n|-unboost|p1b: Terapagos|spa|1\n|faint|p1a: Calyrex\n|move|p1b: Terapagos|Tera Starstorm|p2b: Miraidon|[spread] p2a,p2b\n|-crit|p2a: Iron Hands\n|-damage|p2a: Iron Hands|68/100\n|-damage|p2b: Miraidon|69/100\n|\n|-heal|p1b: Terapagos|89/100|[from] item: Leftovers\n|upkeep\n|\n|t:|1775734218\n|switch|p1a: Rillaboom|Rillaboom, L50, M|100/100\n|-fieldstart|move: Grassy Terrain|[from] ability: Grassy Surge|[of] p1a: Rillaboom\n|turn|8\n|\n|t:|1775734228\n|move|p1a: Rillaboom|Fake Out|p2a: Iron Hands\n|-damage|p2a: Iron Hands|58/100\n|cant|p2a: Iron Hands|flinch\n|move|p2b: Miraidon|Snarl|p1b: Terapagos|[spread] p1a,p1b\n|-damage|p1a: Rillaboom|89/100\n|-damage|p1b: Terapagos|82/100\n|-unboost|p1a: Rillaboom|spa|1\n|-unboost|p1b: Terapagos|spa|1\n|move|p1b: Terapagos|Earth Power|p2a: Iron Hands\n|-supereffective|p2a: Iron Hands\n|-damage|p2a: Iron Hands|27/100\n|\n|-heal|p2b: Miraidon|75/100|[from] Grassy Terrain\n|-heal|p1a: Rillaboom|95/100|[from] Grassy Terrain\n|-heal|p1b: Terapagos|88/100|[from] Grassy Terrain\n|-heal|p1b: Terapagos|94/100|[from] item: Leftovers\n|-heal|p2a: Iron Hands|33/100|[from] Grassy Terrain\n|upkeep\n|turn|9\n|inactive|asroarri has 30 seconds left.\n|\n|t:|1775734258\n|switch|p2b: Calyrex|Calyrex-Ice, L50|31/100\n|-ability|p2b: Calyrex|As One\n|-ability|p2b: Calyrex|Unnerve\n|-terastallize|p2a: Iron Hands|Fighting\n|move|p1a: Rillaboom|Wood Hammer|p2a: Iron Hands\n|-damage|p2a: Iron Hands|0 fnt\n|faint|p2a: Iron Hands\n|-end|p2a: Iron Hands|Quark Drive|[silent]\n|-damage|p1a: Rillaboom|82/100|[from] Recoil\n|move|p1b: Terapagos|Calm Mind|p1b: Terapagos\n|-boost|p1b: Terapagos|spa|1\n|-boost|p1b: Terapagos|spd|1\n|\n|-heal|p1a: Rillaboom|87/100|[from] Grassy Terrain\n|-heal|p1b: Terapagos|99/100|[from] Grassy Terrain\n|-heal|p1b: Terapagos|100/100|[from] item: Leftovers\n|-heal|p2b: Calyrex|37/100|[from] Grassy Terrain\n|upkeep\n|\n|t:|1775734270\n|switch|p2a: Miraidon|Miraidon, L50|75/100\n|-fieldstart|move: Electric Terrain|[from] ability: Hadron Engine|[of] p2a: Miraidon\n|turn|10\n|\n|t:|1775734286\n|move|p2a: Miraidon|Draco Meteor|p1a: Rillaboom\n|-damage|p1a: Rillaboom|25/100\n|-unboost|p2a: Miraidon|spa|2\n|move|p1a: Rillaboom|U-turn|p2b: Calyrex\n|-supereffective|p2b: Calyrex\n|-damage|p2b: Calyrex|9/100\n|move|p1b: Terapagos|Tera Starstorm|p2a: Miraidon|[spread] p2a,p2b\n|-damage|p2a: Miraidon|39/100\n|-damage|p2b: Calyrex|0 fnt\n|faint|p2b: Calyrex\n|\n|upkeep\n|turn|11\n|-message|asroarri forfeited.\n|\n|win|dfadDADAD\n|raw|dfadDADAD's rating: 1560 &rarr; <strong>1580</strong><br />(+20 for winning)\n|raw|asroarri's rating: 1560 &rarr; <strong>1540</strong><br />(-20 for losing)\n|l|\u2606asroarri\n|player|p2|\n|l|\u2606dfadDADAD\n|player|p1|\n","uploadtime":1775734505,"views":11,"formatid":"gen9vgc2026regi","rating":1540,"private":0,"password":null}