{"id":"gen9vgc2026regi-2551982647","format":"[Gen 9] VGC 2026 Reg I","players":["ConnerTEP","lalo's pollos"],"log":"|j|\u2606ConnerTEP\n|j|\u2606lalo's pollos\n|t:|1772662481\n|gametype|doubles\n|player|p1|ConnerTEP|acerola-masters2|1519\n|player|p2|lalo's pollos|266|1528\n|gen|9\n|tier|[Gen 9] VGC 2026 Reg I\n|rated|\n|rule|Species Clause: Limit one of each Pok\u00e9mon\n|rule|Item Clause: Limit 1 of each item\n|clearpoke\n|poke|p1|Groudon, L50|\n|poke|p1|Zacian-*, L50|\n|poke|p1|Chien-Pao, L50|\n|poke|p1|Volcarona, L50, F|\n|poke|p1|Raging Bolt, L50|\n|poke|p1|Walking Wake, L50|\n|poke|p2|Zamazenta-*, L50|\n|poke|p2|Lunala, L50|\n|poke|p2|Rillaboom, L50, M|\n|poke|p2|Incineroar, L50, M|\n|poke|p2|Urshifu-*, L50, F|\n|poke|p2|Tornadus, L50, M|\n|teampreview|4\n|inactive|Battle timer is ON: inactive players will automatically lose when time's up. (requested by ConnerTEP)\n|inactive|ConnerTEP has 60 seconds left.\n|inactive|ConnerTEP has 30 seconds left.\n|\n|t:|1772662545\n|teamsize|p1|4\n|teamsize|p2|4\n|start\n|switch|p1a: Groudon|Groudon, L50|100/100\n|switch|p1b: Volcarona|Volcarona, L50, F|100/100\n|switch|p2a: Zamazenta|Zamazenta-Crowned, L50|100/100\n|switch|p2b: Tornadus|Tornadus, L50, M|100/100\n|-ability|p2a: Zamazenta|Dauntless Shield|boost\n|-boost|p2a: Zamazenta|def|1\n|-weather|SunnyDay|[from] ability: Drought|[of] p1a: Groudon\n|turn|1\n|\n|t:|1772662557\n|move|p2b: Tornadus|Bleakwind Storm|p1b: Volcarona|[spread] p1b\n|-miss|p2b: Tornadus|p1a: Groudon\n|-supereffective|p1b: Volcarona\n|-damage|p1b: Volcarona|39/100\n|move|p2a: Zamazenta|Body Press|p1a: Groudon\n|-damage|p1a: Groudon|47/100\n|move|p1b: Volcarona|Tailwind|p1b: Volcarona\n|-sidestart|p1: ConnerTEP|move: Tailwind\n|move|p1a: Groudon|Heat Crash|p2b: Tornadus\n|-enditem|p2b: Tornadus|Focus Sash\n|-damage|p2b: Tornadus|1/100\n|\n|-weather|SunnyDay|[upkeep]\n|upkeep\n|turn|2\n|\n|t:|1772662576\n|move|p1b: Volcarona|Rage Powder|p1b: Volcarona\n|-singleturn|p1b: Volcarona|move: Rage Powder\n|move|p2b: Tornadus|Tailwind|p2b: Tornadus\n|-sidestart|p2: lalo's pollos|move: Tailwind\n|move|p2a: Zamazenta|Body Press|p1b: Volcarona\n|-resisted|p1b: Volcarona\n|-damage|p1b: Volcarona|3/100\n|move|p1a: Groudon|Will-O-Wisp|p2a: Zamazenta\n|-status|p2a: Zamazenta|brn\n|\n|-weather|SunnyDay|[upkeep]\n|-damage|p2a: Zamazenta|94/100 brn|[from] brn\n|upkeep\n|turn|3\n|\n|t:|1772662601\n|move|p1a: Groudon|Protect|p1a: Groudon\n|-singleturn|p1a: Groudon|Protect\n|move|p2b: Tornadus|Bleakwind Storm|p1b: Volcarona|[spread] p1b\n|-activate|p1a: Groudon|move: Protect\n|-supereffective|p1b: Volcarona\n|-damage|p1b: Volcarona|0 fnt\n|faint|p1b: Volcarona\n|move|p2a: Zamazenta|Body Press|p1a: Groudon\n|-activate|p1a: Groudon|move: Protect\n|\n|-weather|SunnyDay|[upkeep]\n|-damage|p2a: Zamazenta|88/100 brn|[from] brn\n|upkeep\n|\n|t:|1772662607\n|switch|p1b: Chien-Pao|Chien-Pao, L50|100/100\n|-ability|p1b: Chien-Pao|Sword of Ruin\n|turn|4\n|inactive|lalo's pollos has 30 seconds left.\n|\n|t:|1772662634\n|switch|p2b: Urshifu|Urshifu-Rapid-Strike, L50, F|100/100\n|move|p1b: Chien-Pao|Ice Spinner|p2b: Urshifu\n|-resisted|p2b: Urshifu\n|-damage|p2b: Urshifu|70/100\n|move|p2a: Zamazenta|Body Press|p1a: Groudon\n|-crit|p1a: Groudon\n|-damage|p1a: Groudon|0 fnt\n|faint|p1a: Groudon\n|\n|-weather|SunnyDay|[upkeep]\n|-damage|p2a: Zamazenta|82/100 brn|[from] brn\n|-sideend|p1: ConnerTEP|move: Tailwind\n|upkeep\n|\n|t:|1772662639\n|switch|p1a: Zacian|Zacian-Crowned, L50|100/100\n|-ability|p1a: Zacian|Intrepid Sword|boost\n|-boost|p1a: Zacian|atk|1\n|turn|5\n|inactive|ConnerTEP has 30 seconds left.\n|inactive|lalo's pollos has 30 seconds left.\n|\n|t:|1772662674\n|-terastallize|p1b: Chien-Pao|Ghost\n|move|p2b: Urshifu|Detect|p2b: Urshifu\n|-singleturn|p2b: Urshifu|Protect\n|move|p2a: Zamazenta|Heavy Slam|p1b: Chien-Pao\n|-damage|p1b: Chien-Pao|69/100\n|move|p1a: Zacian|Sacred Sword|p2a: Zamazenta\n|-supereffective|p2a: Zamazenta\n|-damage|p2a: Zamazenta|3/100 brn\n|move|p1b: Chien-Pao|Ice Spinner|p2b: Urshifu\n|-activate|p2b: Urshifu|move: Protect\n|\n|-weather|none\n|-damage|p2a: Zamazenta|0 fnt|[from] brn\n|faint|p2a: Zamazenta\n|-sideend|p2: lalo's pollos|move: Tailwind\n|upkeep\n|\n|t:|1772662685\n|switch|p2a: Tornadus|Tornadus, L50, M|1/100\n|turn|6\n|\n|t:|1772662697\n|-terastallize|p2b: Urshifu|Water\n|move|p1b: Chien-Pao|Sucker Punch||[still]\n|-fail|p1b: Chien-Pao\n|move|p2a: Tornadus|Tailwind|p2a: Tornadus\n|-sidestart|p2: lalo's pollos|move: Tailwind\n|move|p2b: Urshifu|Surging Strikes|p1b: Chien-Pao\n|-crit|p1b: Chien-Pao\n|-damage|p1b: Chien-Pao|17/100\n|-crit|p1b: Chien-Pao\n|-damage|p1b: Chien-Pao|0 fnt\n|faint|p1b: Chien-Pao\n|-hitcount|p1: Chien-Pao|2\n|move|p1a: Zacian|Play Rough|p2b: Urshifu|[miss]\n|-miss|p1a: Zacian|p2b: Urshifu\n|\n|upkeep\n|turn|7\n|c|\u2606ConnerTEP|gg\n|\n|t:|1772662711\n|move|p2a: Tornadus|Rain Dance|p2a: Tornadus\n|-weather|RainDance\n|move|p2b: Urshifu|Surging Strikes|p1a: Zacian\n|-crit|p1a: Zacian\n|-damage|p1a: Zacian|51/100\n|-crit|p1a: Zacian\n|-damage|p1a: Zacian|5/100\n|-crit|p1a: Zacian\n|-damage|p1a: Zacian|0 fnt\n|faint|p1a: Zacian\n|-hitcount|p1: Zacian|3\n|\n|win|lalo's pollos\n|raw|ConnerTEP's rating: 1519 &rarr; <strong>1499</strong><br />(-20 for losing)\n|raw|lalo&apos;s pollos's rating: 1512 &rarr; <strong>1532</strong><br />(+20 for winning)\n|l|\u2606ConnerTEP\n|player|p1|\n|l|\u2606lalo's pollos\n|player|p2|\n","uploadtime":1772662900,"views":19,"formatid":"gen9vgc2026regi","rating":1499,"private":0,"password":null}