{"id":"gen9vgc2026regi-2573397126","format":"[Gen 9] VGC 2026 Reg I","players":["Bman311","Bayo93"],"log":"|j|\u2606Bman311\n|j|\u2606Bayo93\n|t:|1775132449\n|gametype|doubles\n|player|p1|Bman311|265|1534\n|player|p2|Bayo93|102|1548\n|gen|9\n|tier|[Gen 9] VGC 2026 Reg I\n|rated|\n|rule|Species Clause: Limit one of each Pok\u00e9mon\n|rule|Item Clause: Limit 1 of each item\n|clearpoke\n|poke|p1|Koraidon, L50|\n|poke|p1|Calyrex-Ice, L50|\n|poke|p1|Incineroar, L50, F|\n|poke|p1|Brute Bonnet, L50|\n|poke|p1|Flutter Mane, L50|\n|poke|p1|Gouging Fire, L50|\n|poke|p2|Zacian-*, L50|\n|poke|p2|Kyogre, L50|\n|poke|p2|Landorus, L50, M|\n|poke|p2|Chien-Pao, L50|\n|poke|p2|Tornadus, L50, M|\n|poke|p2|Raging Bolt, L50|\n|teampreview|4\n|inactive|Battle timer is ON: inactive players will automatically lose when time's up. (requested by Bman311)\n|inactive|Bayo93 has 60 seconds left.\nBman311 has agreed to open team sheets.\n|inactive|Bayo93 has 30 seconds left.\n|inactive|Bayo93 has 20 seconds left.\n|\n|t:|1775132521\n|teamsize|p1|4\n|teamsize|p2|4\n|start\n|switch|p1a: Calyrex|Calyrex-Ice, L50|100/100\n|switch|p1b: Brute Bonnet|Brute Bonnet, L50|100/100\n|switch|p2a: Tornadus|Tornadus, L50, M|100/100\n|switch|p2b: Zacian|Zacian-Crowned, L50|100/100\n|-ability|p1a: Calyrex|As One\n|-ability|p1a: Calyrex|Unnerve\n|-ability|p2b: Zacian|Intrepid Sword|boost\n|-boost|p2b: Zacian|atk|1\n|turn|1\n|\n|t:|1775132543\n|-terastallize|p1a: Calyrex|Water\n|move|p2b: Zacian|Substitute|p2b: Zacian\n|-start|p2b: Zacian|Substitute\n|-damage|p2b: Zacian|76/100\n|move|p2a: Tornadus|Bleakwind Storm|p1b: Brute Bonnet|[spread] p1a,p1b\n|-supereffective|p1b: Brute Bonnet\n|-damage|p1a: Calyrex|77/100\n|-damage|p1b: Brute Bonnet|44/100\n|move|p1b: Brute Bonnet|Spore||[still]\n|-fail|p1b: Brute Bonnet\n|move|p1a: Calyrex|Glacial Lance|p2a: Tornadus|[spread] p2a,p2b\n|-resisted|p2b: Zacian\n|-end|p2b: Zacian|Substitute\n|-supereffective|p2a: Tornadus\n|-crit|p2a: Tornadus\n|-damage|p2a: Tornadus|0 fnt\n|faint|p2a: Tornadus\n|-ability|p1a: Calyrex|Chilling Neigh|boost\n|-boost|p1a: Calyrex|atk|1\n|\n|upkeep\n|inactive|Bayo93 has 30 seconds left.\n|inactive|Bayo93 has 20 seconds left.\n|inactive|Bayo93 has 15 seconds left.\n|inactive|Bayo93 has 10 seconds left.\n|inactive|Bayo93 has 5 seconds left.\n|\n|t:|1775132595\n|switch|p2a: Kyogre|Kyogre, L50|100/100\n|-weather|RainDance|[from] ability: Drizzle|[of] p2a: Kyogre\n|turn|2\n|\n|t:|1775132600\n|move|p1b: Brute Bonnet|Rage Powder|p1b: Brute Bonnet\n|-singleturn|p1b: Brute Bonnet|move: Rage Powder\n|move|p2b: Zacian|Play Rough|p1b: Brute Bonnet\n|-supereffective|p1b: Brute Bonnet\n|-damage|p1b: Brute Bonnet|0 fnt\n|faint|p1b: Brute Bonnet\n|-end|p1b: Brute Bonnet|Protosynthesis|[silent]\n|move|p2a: Kyogre|Water Spout|p1a: Calyrex\n|-resisted|p1a: Calyrex\n|-damage|p1a: Calyrex|26/100\n|move|p1a: Calyrex|Trick Room|p1a: Calyrex\n|-fieldstart|move: Trick Room|[of] p1a: Calyrex\n|\n|-weather|RainDance|[upkeep]\n|upkeep\n|\n|t:|1775132603\n|switch|p1b: Incineroar|Incineroar, L50, F|100/100\n|-ability|p1b: Incineroar|Intimidate|boost\n|-unboost|p2a: Kyogre|atk|1\n|-unboost|p2b: Zacian|atk|1\n|turn|3\n|\n|t:|1775132617\n|move|p2a: Kyogre|Protect|p2a: Kyogre\n|-singleturn|p2a: Kyogre|Protect\n|move|p2b: Zacian|Protect|p2b: Zacian\n|-singleturn|p2b: Zacian|Protect\n|move|p1b: Incineroar|Fake Out|p2a: Kyogre\n|-activate|p2a: Kyogre|move: Protect\n|move|p1a: Calyrex|Glacial Lance|p2b: Zacian|[spread] \n|-activate|p2a: Kyogre|move: Protect\n|-activate|p2b: Zacian|move: Protect\n|\n|-weather|RainDance|[upkeep]\n|upkeep\n|turn|4\n|\n|t:|1775132637\n|switch|p1a: Koraidon|Koraidon, L50|100/100\n|-weather|SunnyDay|[from] ability: Orichalcum Pulse|[of] p1a: Koraidon\n|-activate|p1a: Koraidon|Orichalcum Pulse|[source]\n|move|p1b: Incineroar|Flare Blitz|p2b: Zacian\n|-supereffective|p2b: Zacian\n|-damage|p2b: Zacian|0 fnt\n|faint|p2b: Zacian\n|-damage|p1b: Incineroar|78/100|[from] Recoil\n|move|p2a: Kyogre|Water Spout|p1b: Incineroar|[spread] p1a,p1b\n|-resisted|p1a: Koraidon\n|-supereffective|p1b: Incineroar\n|-damage|p1a: Koraidon|80/100\n|-damage|p1b: Incineroar|21/100\n|\n|-weather|SunnyDay|[upkeep]\n|upkeep\n|\n|t:|1775132650\n|switch|p2b: Landorus|Landorus, L50, M|100/100\n|turn|5\n|\n|t:|1775132665\n|switch|p1a: Calyrex|Calyrex-Ice, L50, tera:Water|26/100\n|-ability|p1a: Calyrex|As One\n|-ability|p1a: Calyrex|Unnerve\n|move|p1b: Incineroar|U-turn|p2a: Kyogre\n|-damage|p2a: Kyogre|80/100\n|\n|t:|1775132667\n|switch|p1b: Koraidon|Koraidon, L50|80/100|[from] U-turn\n|-activate|p1b: Koraidon|ability: Orichalcum Pulse\n|move|p2a: Kyogre|Water Spout|p1a: Calyrex|[spread] p1a,p1b\n|-resisted|p1a: Calyrex\n|-resisted|p1b: Koraidon\n|-damage|p1a: Calyrex|16/100\n|-damage|p1b: Koraidon|63/100\n|move|p2b: Landorus|Earth Power|p1a: Calyrex\n|-damage|p1a: Calyrex|0 fnt\n|faint|p1a: Calyrex\n|\n|-weather|SunnyDay|[upkeep]\n|upkeep\n|\n|t:|1775132668\n|switch|p1a: Incineroar|Incineroar, L50, F|21/100\n|-ability|p1a: Incineroar|Intimidate|boost\n|-unboost|p2a: Kyogre|atk|1\n|-unboost|p2b: Landorus|atk|1\n|turn|6\n|inactive|Bayo93 has 30 seconds left.\n|\n|t:|1775132695\n|move|p1b: Koraidon|Protect|p1b: Koraidon\n|-singleturn|p1b: Koraidon|Protect\n|move|p1a: Incineroar|Flare Blitz|p2b: Landorus\n|-damage|p2b: Landorus|10/100\n|-damage|p1a: Incineroar|0 fnt|[from] Recoil\n|faint|p1a: Incineroar\n|move|p2a: Kyogre|Water Spout|p1b: Koraidon\n|-activate|p1b: Koraidon|move: Protect\n|move|p2b: Landorus|Earth Power|p1b: Koraidon\n|-activate|p1b: Koraidon|move: Protect\n|\n|-weather|SunnyDay|[upkeep]\n|-fieldend|move: Trick Room\n|upkeep\n|turn|7\n|\n|t:|1775132701\n|move|p2b: Landorus|Protect|p2b: Landorus\n|-singleturn|p2b: Landorus|Protect\n|move|p1b: Koraidon|Flame Charge|p2b: Landorus\n|-activate|p2b: Landorus|move: Protect\n|move|p2a: Kyogre|Water Spout|p1b: Koraidon\n|-resisted|p1b: Koraidon\n|-damage|p1b: Koraidon|41/100\n|\n|-weather|SunnyDay|[upkeep]\n|upkeep\n|turn|8\n|\n|t:|1775132715\n|move|p1b: Koraidon|Flame Charge|p2b: Landorus\n|-damage|p2b: Landorus|0 fnt\n|-boost|p1b: Koraidon|spe|1\n|faint|p2b: Landorus\n|-damage|p1b: Koraidon|31/100|[from] item: Life Orb\n|move|p2a: Kyogre|Water Spout|p1b: Koraidon\n|-resisted|p1b: Koraidon\n|-damage|p1b: Koraidon|11/100\n|\n|-weather|none\n|upkeep\n|turn|9\n|inactive|Bman311 has 30 seconds left.\n|\n|t:|1775132742\n|move|p1b: Koraidon|Close Combat|p2a: Kyogre\n|-damage|p2a: Kyogre|0 fnt\n|-unboost|p1b: Koraidon|def|1\n|-unboost|p1b: Koraidon|spd|1\n|faint|p2a: Kyogre\n|-damage|p1b: Koraidon|1/100|[from] item: Life Orb\n|\n|win|Bman311\n|raw|Bman311's rating: 1534 &rarr; <strong>1555</strong><br />(+21 for winning)\n|raw|Bayo93's rating: 1548 &rarr; <strong>1527</strong><br />(-21 for losing)\n|c|\u2606Bman311|gg\n|l|\u2606Bayo93\n|player|p2|\n|l|\u2606Bman311\n|player|p1|\n|j|\u2606Bman311\n|player|p1|Bman311|265|\n|l|\u2606Bman311\n|player|p1|\n","uploadtime":1775132972,"views":14,"formatid":"gen9vgc2026regi","rating":1527,"private":0,"password":null}