{"id":"gen9vgc2026regi-2518518487","format":"[Gen 9] VGC 2026 Reg I","players":["AediionVGC","marcxhenry"],"log":"|j|\u2606AediionVGC\n|j|\u2606marcxhenry\n|t:|1768400421\n|gametype|doubles\n|player|p1|AediionVGC|gardenia|1288\n|player|p2|marcxhenry|hilbert-wonderlauncher|1247\n|gen|9\n|tier|[Gen 9] VGC 2026 Reg I\n|rated|\n|rule|Species Clause: Limit one of each Pok\u00e9mon\n|rule|Item Clause: Limit 1 of each item\n|clearpoke\n|poke|p1|Rillaboom, L50, M|\n|poke|p1|Lunala, L50|\n|poke|p1|Gothitelle, L50, F|\n|poke|p1|Whimsicott, L50, M|\n|poke|p1|Incineroar, L50, F|\n|poke|p1|Kyogre, L50|\n|poke|p2|Calyrex-Shadow, L50|\n|poke|p2|Urshifu-*, L50, M|\n|poke|p2|Roaring Moon, L50|\n|poke|p2|Kyogre, L50|\n|poke|p2|Tsareena, L50, F|\n|poke|p2|Kingambit, L50, M|\n|teampreview|4\n|inactive|Battle timer is ON: inactive players will automatically lose when time's up. (requested by AediionVGC)\n|\n|t:|1768400435\n|teamsize|p1|4\n|teamsize|p2|4\n|start\n|switch|p1a: Whimsicott|Whimsicott, L50, M|100/100\n|switch|p1b: Incineroar|Incineroar, L50, F|100/100\n|switch|p2a: Ludwig|Calyrex-Shadow, L50|100/100\n|switch|p2b: Tripitz|Kyogre, L50, shiny|100/100\n|-ability|p2a: Ludwig|As One\n|-ability|p2a: Ludwig|Unnerve\n|-weather|RainDance|[from] ability: Drizzle|[of] p2b: Tripitz\n|-ability|p1b: Incineroar|Intimidate|boost\n|-unboost|p2a: Ludwig|atk|1\n|-unboost|p2b: Tripitz|atk|1\n|turn|1\n|\n|t:|1768400451\n|switch|p2a: Eva|Tsareena, L50, F, shiny|100/100\n|move|p1a: Whimsicott|Tailwind|p1a: Whimsicott\n|-sidestart|p1: AediionVGC|move: Tailwind\n|move|p1b: Incineroar|Knock Off|p2b: Tripitz\n|-damage|p2b: Tripitz|56/100\n|-enditem|p2b: Tripitz|Mystic Water|[from] move: Knock Off|[of] p1b: Incineroar\n|move|p2b: Tripitz|Water Spout|p1a: Whimsicott|[spread] p1a,p1b\n|-resisted|p1a: Whimsicott\n|-supereffective|p1b: Incineroar\n|-damage|p1a: Whimsicott|58/100\n|-damage|p1b: Incineroar|0 fnt\n|faint|p1b: Incineroar\n|\n|-weather|RainDance|[upkeep]\n|upkeep\n|\n|t:|1768400464\n|switch|p1b: Lunala|Lunala, L50|100/100\n|turn|2\n|\n|t:|1768400475\n|move|p2a: Eva|Protect|p2a: Eva\n|-singleturn|p2a: Eva|Protect\n|move|p1a: Whimsicott|Endeavor|p2a: Eva\n|-activate|p2a: Eva|move: Protect\n|move|p1b: Lunala|Icy Wind|p2b: Tripitz|[spread] p2b\n|-activate|p2a: Eva|move: Protect\n|-resisted|p2b: Tripitz\n|-damage|p2b: Tripitz|51/100\n|-unboost|p2b: Tripitz|spe|1\n|move|p2b: Tripitz|Origin Pulse|p1b: Lunala|[spread] p1a,p1b\n|-resisted|p1a: Whimsicott\n|-damage|p1a: Whimsicott|5/100\n|-damage|p1b: Lunala|75/100\n|\n|-weather|RainDance|[upkeep]\n|-heal|p1b: Lunala|81/100|[from] item: Leftovers\n|upkeep\n|turn|3\n|\n|t:|1768400496\n|switch|p2a: Ludwig|Calyrex-Shadow, L50|100/100\n|-ability|p2a: Ludwig|As One\n|-ability|p2a: Ludwig|Unnerve\n|move|p1a: Whimsicott|Endeavor|p2b: Tripitz\n|-damage|p2b: Tripitz|5/100\n|move|p1b: Lunala|Icy Wind|p2b: Tripitz|[spread] p2a\n|-miss|p1b: Lunala|p2b: Tripitz\n|-damage|p2a: Ludwig|88/100\n|-unboost|p2a: Ludwig|spe|1\n|move|p2b: Tripitz|Origin Pulse|p1a: Whimsicott|[spread] \n|-miss|p2b: Tripitz|p1a: Whimsicott\n|-miss|p2b: Tripitz|p1b: Lunala\n|\n|-weather|RainDance|[upkeep]\n|-heal|p1b: Lunala|87/100|[from] item: Leftovers\n|upkeep\n|turn|4\n|\n|t:|1768400520\n|switch|p2b: Hermann|Kingambit, L50, M, shiny|100/100\n|-terastallize|p1b: Lunala|Normal\n|-terastallize|p2a: Ludwig|Normal\n|move|p1a: Whimsicott|Fake Tears|p2a: Ludwig\n|-unboost|p2a: Ludwig|spd|2\n|move|p1b: Lunala|Icy Wind|p2a: Ludwig|[spread] p2a,p2b\n|-crit|p2a: Ludwig\n|-resisted|p2b: Hermann\n|-damage|p2a: Ludwig|50/100\n|-damage|p2b: Hermann|97/100\n|-unboost|p2a: Ludwig|spe|1\n|-unboost|p2b: Hermann|spe|1\n|-ability|p2b: Hermann|Defiant|boost\n|-boost|p2b: Hermann|atk|2\n|move|p2a: Ludwig|Trick Room|p2a: Ludwig\n|-fieldstart|move: Trick Room|[of] p2a: Ludwig\n|\n|-weather|RainDance|[upkeep]\n|-heal|p1b: Lunala|93/100|[from] item: Leftovers\n|-sideend|p1: AediionVGC|move: Tailwind\n|upkeep\n|turn|5\n|\n|t:|1768400543\n|switch|p2a: Eva|Tsareena, L50, F, shiny|100/100\n|move|p1a: Whimsicott|Encore||[still]\n|cant|p2a: Eva|ability: Queenly Majesty|Encore|[of] p1a: Whimsicott\n|move|p2b: Hermann|Brick Break|p1b: Lunala\n|-supereffective|p1b: Lunala\n|-damage|p1b: Lunala|10/100\n|move|p1b: Lunala|Moongeist Beam|p2b: Hermann\n|-resisted|p2b: Hermann\n|-damage|p2b: Hermann|82/100\n|\n|-weather|none\n|-heal|p1b: Lunala|16/100|[from] item: Leftovers\n|upkeep\n|turn|6\n|-message|AediionVGC forfeited.\n|\n|win|marcxhenry\n|raw|AediionVGC's rating: 1288 &rarr; <strong>1260</strong><br />(-28 for losing)\n|raw|marcxhenry's rating: 1247 &rarr; <strong>1275</strong><br />(+28 for winning)\n|l|\u2606AediionVGC\n|player|p1|\n|l|\u2606marcxhenry\n|player|p2|\n","uploadtime":1768400777,"views":12,"formatid":"gen9vgc2026regi","rating":1260,"private":0,"password":null}