{"id":"gen9vgc2026regi-2536633801","format":"[Gen 9] VGC 2026 Reg I","players":["Yancy0721\u56fe\u56fe\u72ac\u4fa0","blackred123"],"log":"|j|\u2606Yancy0721\u56fe\u56fe\u72ac\u4fa0\n|j|\u2606blackred123\n|t:|1770718186\n|gametype|doubles\n|player|p1|Yancy0721\u56fe\u56fe\u72ac\u4fa0|may-masters4|\n|player|p2|blackred123|iono-masters|\n|gen|9\n|tier|[Gen 9] VGC 2026 Reg I\n|rule|Species Clause: Limit one of each Pok\u00e9mon\n|rule|Item Clause: Limit 1 of each item\n|clearpoke\n|poke|p1|Calyrex-Shadow, L50|\n|poke|p1|Zamazenta-*, L50|\n|poke|p1|Chien-Pao, L50|\n|poke|p1|Dragonite, L50, M|\n|poke|p1|Amoonguss, L50, M|\n|poke|p1|Ogerpon-Cornerstone, L50, F|\n|poke|p2|Calyrex-Shadow, L50|\n|poke|p2|Zamazenta-*, L50|\n|poke|p2|Incineroar, L50, F|\n|poke|p2|Rillaboom, L50, F|\n|poke|p2|Ogerpon-Cornerstone, L50, F|\n|poke|p2|Tornadus, L50, M|\n|teampreview|4\n|inactive|Battle timer is ON: inactive players will automatically lose when time's up. (requested by blackred123)\n|inactive|blackred123 has 60 seconds left.\n|\n|t:|1770718223\n|teamsize|p1|4\n|teamsize|p2|4\n|start\n|switch|p1a: Zamazenta|Zamazenta-Crowned, L50|100/100\n|switch|p1b: Chien-Pao|Chien-Pao, L50|100/100\n|switch|p2a: \u54c7\u8884\uff08\u72d7\u53eb\u58f0\uff09|Zamazenta-Crowned, L50|100/100\n|switch|p2b: \u5e05otto\u5e05|Incineroar, L50, F|100/100\n|-ability|p1b: Chien-Pao|Sword of Ruin\n|-ability|p1a: Zamazenta|Dauntless Shield|boost\n|-boost|p1a: Zamazenta|def|1\n|-ability|p2a: \u54c7\u8884\uff08\u72d7\u53eb\u58f0\uff09|Dauntless Shield|boost\n|-boost|p2a: \u54c7\u8884\uff08\u72d7\u53eb\u58f0\uff09|def|1\n|-ability|p2b: \u5e05otto\u5e05|Intimidate|boost\n|-unboost|p1a: Zamazenta|atk|1\n|-unboost|p1b: Chien-Pao|atk|1\n|turn|1\n|\n|t:|1770718248\n|move|p1b: Chien-Pao|Icy Wind|p2b: \u5e05otto\u5e05|[spread] p2a,p2b\n|-resisted|p2a: \u54c7\u8884\uff08\u72d7\u53eb\u58f0\uff09\n|-resisted|p2b: \u5e05otto\u5e05\n|-damage|p2a: \u54c7\u8884\uff08\u72d7\u53eb\u58f0\uff09|97/100\n|-damage|p2b: \u5e05otto\u5e05|95/100\n|-unboost|p2a: \u54c7\u8884\uff08\u72d7\u53eb\u58f0\uff09|spe|1\n|-unboost|p2b: \u5e05otto\u5e05|spe|1\n|move|p1a: Zamazenta|Body Press|p2b: \u5e05otto\u5e05\n|-supereffective|p2b: \u5e05otto\u5e05\n|-damage|p2b: \u5e05otto\u5e05|0 fnt\n|-damage|p1a: Zamazenta|84/100|[from] item: Rocky Helmet|[of] p2b: \u5e05otto\u5e05\n|faint|p2b: \u5e05otto\u5e05\n|move|p2a: \u54c7\u8884\uff08\u72d7\u53eb\u58f0\uff09|Heavy Slam|p1b: Chien-Pao\n|-supereffective|p1b: Chien-Pao\n|-damage|p1b: Chien-Pao|0 fnt\n|faint|p1b: Chien-Pao\n|\n|upkeep\n|c|\u2606Yancy0721\u56fe\u56fe\u72ac\u4fa0|\u5148\u79bb\u5f00\u4e00\u5c0f\u6bb5\u65f6\u95f4\n|inactive|Yancy0721\u56fe\u56fe\u72ac\u4fa0 has 30 seconds left.\n|inactive|Yancy0721\u56fe\u56fe\u72ac\u4fa0 has 20 seconds left.\n|inactive|Yancy0721\u56fe\u56fe\u72ac\u4fa0 has 15 seconds left.\n|inactive|blackred123 has 30 seconds left.\n|\n|t:|1770718297\n|switch|p1b: Calyrex|Calyrex-Shadow, L50|100/100\n|switch|p2b: \u6211\u559c\u6b22\u4f60|Ogerpon-Cornerstone, L50, F|100/100\n|-ability|p1b: Calyrex|As One\n|-ability|p1b: Calyrex|Unnerve\n|turn|2\n|c|\u2606Yancy0721\u56fe\u56fe\u72ac\u4fa0|\u56de\u6765\u4e86\uff01\n|\n|t:|1770718313\n|-terastallize|p1b: Calyrex|Ghost\n|-terastallize|p2a: \u54c7\u8884\uff08\u72d7\u53eb\u58f0\uff09|Dragon\n|move|p1b: Calyrex|Astral Barrage|p2a: \u54c7\u8884\uff08\u72d7\u53eb\u58f0\uff09|[spread] p2a,p2b\n|-damage|p2a: \u54c7\u8884\uff08\u72d7\u53eb\u58f0\uff09|45/100\n|-damage|p2b: \u6211\u559c\u6b22\u4f60|10/100\n|move|p2b: \u6211\u559c\u6b22\u4f60|Ivy Cudgel|p1b: Calyrex|[anim] Ivy Cudgel Rock\n|-damage|p1b: Calyrex|25/100\n|move|p1a: Zamazenta|Body Press|p2a: \u54c7\u8884\uff08\u72d7\u53eb\u58f0\uff09\n|-damage|p2a: \u54c7\u8884\uff08\u72d7\u53eb\u58f0\uff09|20/100\n|move|p2a: \u54c7\u8884\uff08\u72d7\u53eb\u58f0\uff09|Heavy Slam|p1b: Calyrex\n|-damage|p1b: Calyrex|0 fnt\n|faint|p1b: Calyrex\n|\n|upkeep\n|\n|t:|1770718329\n|switch|p1b: Dragonite|Dragonite, L50, M|100/100\n|turn|3\n|\n|t:|1770718347\n|move|p2b: \u6211\u559c\u6b22\u4f60|Spiky Shield|p2b: \u6211\u559c\u6b22\u4f60\n|-singleturn|p2b: \u6211\u559c\u6b22\u4f60|move: Protect\n|move|p2a: \u54c7\u8884\uff08\u72d7\u53eb\u58f0\uff09|Protect|p2a: \u54c7\u8884\uff08\u72d7\u53eb\u58f0\uff09\n|-singleturn|p2a: \u54c7\u8884\uff08\u72d7\u53eb\u58f0\uff09|Protect\n|move|p1a: Zamazenta|Behemoth Bash|p2b: \u6211\u559c\u6b22\u4f60\n|-activate|p2b: \u6211\u559c\u6b22\u4f60|move: Protect\n|-damage|p1a: Zamazenta|71/100|[from] Spiky Shield|[of] p2b: \u6211\u559c\u6b22\u4f60\n|move|p1b: Dragonite|Outrage|p2b: \u6211\u559c\u6b22\u4f60\n|-activate|p2b: \u6211\u559c\u6b22\u4f60|move: Protect\n|-damage|p1b: Dragonite|88/100|[from] Spiky Shield|[of] p2b: \u6211\u559c\u6b22\u4f60\n|\n|upkeep\n|turn|4\n|c|\u2606Yancy0721\u56fe\u56fe\u72ac\u4fa0|\u6253\u4f60\n|inactive|blackred123 has 30 seconds left.\n|inactive|blackred123 has 20 seconds left.\n|j| vvndfs\n|inactive|blackred123 has 15 seconds left.\n|\n|t:|1770718388\n|move|p2b: \u6211\u559c\u6b22\u4f60|Ivy Cudgel|p1b: Dragonite|[anim] Ivy Cudgel Rock\n|-supereffective|p1b: Dragonite\n|-crit|p1b: Dragonite\n|-damage|p1b: Dragonite|0 fnt\n|faint|p1b: Dragonite\n|move|p1a: Zamazenta|Behemoth Bash|p2b: \u6211\u559c\u6b22\u4f60\n|-supereffective|p2b: \u6211\u559c\u6b22\u4f60\n|-damage|p2b: \u6211\u559c\u6b22\u4f60|0 fnt\n|faint|p2b: \u6211\u559c\u6b22\u4f60\n|move|p2a: \u54c7\u8884\uff08\u72d7\u53eb\u58f0\uff09|Body Press|p1a: Zamazenta\n|-supereffective|p1a: Zamazenta\n|-damage|p1a: Zamazenta|19/100\n|\n|upkeep\n|\n|t:|1770718399\n|switch|p2b: \u5636\u9a6c\u51a0\u54e5|Calyrex-Shadow, L50|100/100\n|-ability|p2b: \u5636\u9a6c\u51a0\u54e5|As One\n|-ability|p2b: \u5636\u9a6c\u51a0\u54e5|Unnerve\n|turn|5\n|\n|t:|1770718406\n|move|p2b: \u5636\u9a6c\u51a0\u54e5|Astral Barrage|p1a: Zamazenta\n|-damage|p1a: Zamazenta|0 fnt\n|faint|p1a: Zamazenta\n|\n|win|blackred123\n","uploadtime":1770718412,"views":9,"formatid":"gen9vgc2026regi","rating":null,"private":0,"password":null}