{"id":"gen9vgc2026regi-2553554098","format":"[Gen 9] VGC 2026 Reg I","players":["eye-zitt","Tritonfrostbane"],"log":"|j|\u2606eye-zitt\n|j|\u2606Tritonfrostbane\n|t:|1772843682\n|gametype|doubles\n|player|p1|eye-zitt|hilbert|1312\n|player|p2|Tritonfrostbane|101|1450\n|gen|9\n|tier|[Gen 9] VGC 2026 Reg I\n|rated|\n|rule|Species Clause: Limit one of each Pok\u00e9mon\n|rule|Item Clause: Limit 1 of each item\n|clearpoke\n|poke|p1|Terapagos, L50, M|\n|poke|p1|Calyrex-Shadow, L50|\n|poke|p1|Rillaboom, L50, M|\n|poke|p1|Incineroar, L50, M|\n|poke|p1|Amoonguss, L50, F|\n|poke|p1|Ogerpon-Cornerstone, L50, F|\n|poke|p2|Calyrex-Ice, L50|\n|poke|p2|Indeedee-F, L50, F|\n|poke|p2|Lunala, L50|\n|poke|p2|Torkoal, L50, M|\n|poke|p2|Smeargle, L50, F|\n|poke|p2|Urshifu-*, L50, M|\n|teampreview|4\n|inactive|Battle timer is ON: inactive players will automatically lose when time's up. (requested by Tritonfrostbane)\n|inactive|eye-zitt also wants the timer to be on.\n|inactive|eye-zitt has 60 seconds left.\n|\n|t:|1772843756\n|teamsize|p1|4\n|teamsize|p2|4\n|start\n|switch|p1a: Terapagos|Terapagos, L50, M|100/100\n|switch|p1b: Amoonguss|Amoonguss, L50, F|100/100\n|switch|p2a: Indeedee|Indeedee-F, L50, F|100/100\n|switch|p2b: Lunala|Lunala, L50, shiny|100/100\n|-activate|p1a: Terapagos|ability: Tera Shift\n|detailschange|p1a: Terapagos|Terapagos-Terastal, L50, M\n|-heal|p1a: Terapagos|100/100|[silent]\n|-fieldstart|move: Psychic Terrain|[from] ability: Psychic Surge|[of] p2a: Indeedee\n|turn|1\n|\n|t:|1772843773\n|move|p2a: Indeedee|Follow Me|p2a: Indeedee\n|-singleturn|p2a: Indeedee|move: Follow Me\n|move|p2b: Lunala|Expanding Force|p1b: Amoonguss|[spread] p1a,p1b\n|-activate|p1a: Terapagos|ability: Tera Shell\n|-resisted|p1a: Terapagos\n|-supereffective|p1b: Amoonguss\n|-damage|p1a: Terapagos|73/100\n|-damage|p1b: Amoonguss|0 fnt\n|faint|p1b: Amoonguss\n|move|p1a: Terapagos|Calm Mind|p1a: Terapagos\n|-boost|p1a: Terapagos|spa|1\n|-boost|p1a: Terapagos|spd|1\n|\n|-heal|p1a: Terapagos|79/100|[from] item: Leftovers\n|upkeep\n|\n|t:|1772843783\n|switch|p1b: Calyrex|Calyrex-Shadow, L50|100/100\n|-ability|p1b: Calyrex|As One\n|-ability|p1b: Calyrex|Unnerve\n|turn|2\n|inactive|eye-zitt has 30 seconds left.\n|\n|t:|1772843810\n|-terastallize|p2b: Lunala|Grass\n|-terastallize|p1a: Terapagos|Stellar\n|detailschange|p1a: Terapagos|Terapagos-Stellar, L50, M, tera:Stellar\n|-heal|p1a: Terapagos|85/100|[silent]\n|-ability|p1a: Terapagos|Teraform Zero\n|-fieldend|move: Psychic Terrain\n|move|p1b: Calyrex|Astral Barrage|p2b: Lunala|[spread] p2b\n|-immune|p2a: Indeedee\n|-damage|p2b: Lunala|82/100\n|move|p2b: Lunala|Moongeist Beam|p1b: Calyrex\n|-supereffective|p1b: Calyrex\n|-enditem|p1b: Calyrex|Focus Sash\n|-damage|p1b: Calyrex|1/100\n|move|p1a: Terapagos|Earth Power|p2b: Lunala\n|-resisted|p2b: Lunala\n|-damage|p2b: Lunala|61/100\n|move|p2a: Indeedee|Trick Room|p2a: Indeedee\n|-fieldstart|move: Trick Room|[of] p2a: Indeedee\n|\n|-heal|p1a: Terapagos|91/100|[from] item: Leftovers\n|upkeep\n|turn|3\n|inactive|Tritonfrostbane has 30 seconds left.\n|\n|t:|1772843839\n|move|p2a: Indeedee|Alluring Voice|p1b: Calyrex\n|-damage|p1b: Calyrex|0 fnt\n|faint|p1b: Calyrex\n|move|p1a: Terapagos|Tera Starstorm|p2b: Lunala|[spread] p2a,p2b\n|-supereffective|p2b: Lunala\n|-damage|p2a: Indeedee|45/100\n|-damage|p2b: Lunala|0 fnt\n|faint|p2b: Lunala\n|\n|-heal|p1a: Terapagos|97/100|[from] item: Leftovers\n|upkeep\n|\n|t:|1772843850\n|switch|p2b: Torkoal|Torkoal, L50, M|100/100\n|switch|p1b: Ogerpon|Ogerpon-Cornerstone, L50, F|100/100\n|-weather|SunnyDay|[from] ability: Drought|[of] p2b: Torkoal\n|turn|4\n|\n|t:|1772843869\n|move|p2a: Indeedee|Follow Me|p2a: Indeedee\n|-singleturn|p2a: Indeedee|move: Follow Me\n|move|p2b: Torkoal|Eruption|p1a: Terapagos|[spread] p1a,p1b\n|-damage|p1a: Terapagos|50/100\n|-ability|p1b: Ogerpon|Sturdy\n|-damage|p1b: Ogerpon|1/100\n|move|p1a: Terapagos|Tera Starstorm|p2a: Indeedee|[spread] p2a,p2b\n|-damage|p2a: Indeedee|0 fnt\n|-damage|p2b: Torkoal|13/100\n|faint|p2a: Indeedee\n|move|p1b: Ogerpon|Ivy Cudgel|p2b: Torkoal|[anim] Ivy Cudgel Rock\n|-supereffective|p2b: Torkoal\n|-damage|p2b: Torkoal|0 fnt\n|faint|p2b: Torkoal\n|\n|-weather|SunnyDay|[upkeep]\n|-heal|p1a: Terapagos|57/100|[from] item: Leftovers\n|upkeep\n|\n|t:|1772843888\n|switch|p2b: Urshifu|Urshifu, L50, M|100/100\n|turn|5\n|\n|t:|1772843894\n|move|p1b: Ogerpon|Follow Me|p1b: Ogerpon\n|-singleturn|p1b: Ogerpon|move: Follow Me\n|move|p1a: Terapagos|Tera Starstorm|p2b: Urshifu\n|-damage|p2b: Urshifu|0 fnt\n|faint|p2b: Urshifu\n|\n|win|eye-zitt\n|raw|eye-zitt's rating: 1312 &rarr; <strong>1340</strong><br />(+28 for winning)\n|raw|Tritonfrostbane's rating: 1450 &rarr; <strong>1422</strong><br />(-28 for losing)\n|l|\u2606Tritonfrostbane\n|player|p2|\n","uploadtime":1772843903,"views":14,"formatid":"gen9vgc2026regi","rating":1340,"private":0,"password":null}