{"id":"gen9vgc2026regi-2562067809","format":"[Gen 9] VGC 2026 Reg I","players":["SirSkiggles","Mirthinion"],"log":"|j|\u2606SirSkiggles\n|j|\u2606Mirthinion\n|t:|1773867954\n|gametype|doubles\n|player|p1|SirSkiggles|blue|1420\n|player|p2|Mirthinion|janitor|1527\n|gen|9\n|tier|[Gen 9] VGC 2026 Reg I\n|rated|\n|rule|Species Clause: Limit one of each Pok\u00e9mon\n|rule|Item Clause: Limit 1 of each item\n|clearpoke\n|poke|p1|Miraidon, L50|\n|poke|p1|Incineroar, L50, F|\n|poke|p1|Zamazenta-*, L50|\n|poke|p1|Chien-Pao, L50|\n|poke|p1|Farigiraf, L50, F|\n|poke|p1|Volcarona, L50, F|\n|poke|p2|Calyrex-Shadow, L50|\n|poke|p2|Zamazenta-*, L50|\n|poke|p2|Urshifu-*, L50, M|\n|poke|p2|Incineroar, L50, M|\n|poke|p2|Rillaboom, L50, M|\n|poke|p2|Tornadus, L50, M|\n|teampreview|4\n|inactive|Battle timer is ON: inactive players will automatically lose when time's up. (requested by Mirthinion)\n|inactive|Mirthinion has 60 seconds left.\nSirSkiggles has agreed to open team sheets.\n|inactive|Mirthinion has 30 seconds left.\n|inactive|Mirthinion has 20 seconds left.\n|inactive|Mirthinion has 15 seconds left.\n|inactive|Mirthinion has 10 seconds left.\n|\n|t:|1773868037\n|teamsize|p1|4\n|teamsize|p2|4\n|start\n|switch|p1a: Lager|Zamazenta-Crowned, L50|100/100\n|switch|p1b: Gin|Chien-Pao, L50|100/100\n|switch|p2a: Drambor|Zamazenta-Crowned, L50|100/100\n|switch|p2b: Wolfgang|Incineroar, L50, M|100/100\n|-ability|p1b: Gin|Sword of Ruin\n|-ability|p2a: Drambor|Dauntless Shield|boost\n|-boost|p2a: Drambor|def|1\n|-ability|p1a: Lager|Dauntless Shield|boost\n|-boost|p1a: Lager|def|1\n|-ability|p2b: Wolfgang|Intimidate|boost\n|-unboost|p1a: Lager|atk|1\n|-unboost|p1b: Gin|atk|1\n|turn|1\n|inactive|Mirthinion has 30 seconds left.\n|inactive|Mirthinion has 20 seconds left.\n|inactive|Mirthinion has 15 seconds left.\n|inactive|Mirthinion has 10 seconds left.\n|inactive|Mirthinion has 5 seconds left.\n|\n|t:|1773868088\n|-terastallize|p2b: Wolfgang|Bug\n|move|p1b: Gin|Protect|p1b: Gin\n|-singleturn|p1b: Gin|Protect\n|move|p2a: Drambor|Protect|p2a: Drambor\n|-singleturn|p2a: Drambor|Protect\n|move|p1a: Lager|Iron Defense|p1a: Lager\n|-boost|p1a: Lager|def|2\n|move|p2b: Wolfgang|Flare Blitz|p1b: Gin\n|-activate|p1b: Gin|move: Protect\n|\n|upkeep\n|turn|2\n|inactive|SirSkiggles has 30 seconds left.\n|inactive|Mirthinion has 30 seconds left.\n|\n|t:|1773868122\n|move|p1b: Gin|Icicle Crash|p2b: Wolfgang\n|-damage|p2b: Wolfgang|67/100\n|move|p2a: Drambor|Behemoth Bash|p1b: Gin\n|-supereffective|p1b: Gin\n|-enditem|p1b: Gin|Focus Sash\n|-damage|p1b: Gin|1/100\n|move|p1a: Lager|Body Press|p2a: Drambor\n|-supereffective|p2a: Drambor\n|-crit|p2a: Drambor\n|-damage|p2a: Drambor|0 fnt\n|faint|p2a: Drambor\n|move|p2b: Wolfgang|Flare Blitz|p1b: Gin\n|-supereffective|p1b: Gin\n|-damage|p1b: Gin|0 fnt\n|faint|p1b: Gin\n|-damage|p2b: Wolfgang|67/100|[from] Recoil\n|\n|upkeep\n|\n|t:|1773868138\n|switch|p1b: Champagne|Miraidon, L50|100/100\n|switch|p2a: Hoplite|Rillaboom, L50, M|100/100\n|-fieldstart|move: Electric Terrain|[from] ability: Hadron Engine|[of] p1b: Champagne\n|-fieldstart|move: Grassy Terrain|[from] ability: Grassy Surge|[of] p2a: Hoplite\n|turn|3\n|\n|t:|1773868157\n|switch|p1b: Absinthe|Farigiraf, L50, F|100/100\n|move|p2a: Hoplite|Fake Out||[still]\n|cant|p1b: Absinthe|ability: Armor Tail|Fake Out|[of] p2a: Hoplite\n|move|p1a: Lager|Body Press|p2a: Hoplite\n|-damage|p2a: Hoplite|0 fnt\n|faint|p2a: Hoplite\n|move|p2b: Wolfgang|Knock Off|p1b: Absinthe\n|-supereffective|p1b: Absinthe\n|-damage|p1b: Absinthe|42/100\n|-enditem|p1b: Absinthe|Electric Seed|[from] move: Knock Off|[of] p2b: Wolfgang\n|\n|-heal|p1b: Absinthe|48/100|[from] Grassy Terrain\n|-heal|p2b: Wolfgang|73/100|[from] Grassy Terrain\n|upkeep\n|\n|t:|1773868169\n|switch|p2a: Mithrandir|Calyrex-Shadow, L50|100/100\n|-ability|p2a: Mithrandir|As One\n|-ability|p2a: Mithrandir|Unnerve\n|turn|4\n|\n|t:|1773868189\n|move|p2a: Mithrandir|Pollen Puff|p1b: Absinthe\n|-supereffective|p1b: Absinthe\n|-damage|p1b: Absinthe|0 fnt\n|faint|p1b: Absinthe\n|-ability|p2a: Mithrandir|Grim Neigh|boost\n|-boost|p2a: Mithrandir|spa|1\n|move|p1a: Lager|Body Press|p2b: Wolfgang\n|-resisted|p2b: Wolfgang\n|-damage|p2b: Wolfgang|18/100\n|move|p2b: Wolfgang|Flare Blitz|p1a: Lager\n|-supereffective|p1a: Lager\n|-damage|p1a: Lager|82/100\n|-damage|p2b: Wolfgang|12/100|[from] Recoil\n|\n|-heal|p1a: Lager|88/100|[from] Grassy Terrain\n|-heal|p2b: Wolfgang|18/100|[from] Grassy Terrain\n|upkeep\n|\n|t:|1773868193\n|switch|p1b: Champagne|Miraidon, L50|100/100\n|-fieldstart|move: Electric Terrain|[from] ability: Hadron Engine|[of] p1b: Champagne\n|turn|5\n|\n|t:|1773868217\n|move|p2a: Mithrandir|Astral Barrage|p1a: Lager|[spread] p1a,p1b\n|-damage|p1a: Lager|38/100\n|-damage|p1b: Champagne|43/100\n|move|p1b: Champagne|Snarl|p2b: Wolfgang|[spread] p2a,p2b\n|-supereffective|p2a: Mithrandir\n|-enditem|p2a: Mithrandir|Focus Sash\n|-damage|p2a: Mithrandir|1/100\n|-damage|p2b: Wolfgang|0 fnt\n|-unboost|p2a: Mithrandir|spa|1\n|faint|p2b: Wolfgang\n|move|p1a: Lager|Heavy Slam|p2a: Mithrandir\n|-damage|p2a: Mithrandir|0 fnt\n|faint|p2a: Mithrandir\n|\n|win|SirSkiggles\n|raw|SirSkiggles's rating: 1420 &rarr; <strong>1446</strong><br />(+26 for winning)\n|raw|Mirthinion's rating: 1527 &rarr; <strong>1501</strong><br />(-26 for losing)\n|c|\u2606SirSkiggles|ggs\n|c|\u2606Mirthinion|gg\n","uploadtime":1773868234,"views":80,"formatid":"gen9vgc2026regi","rating":1446,"private":0,"password":null}