{"id":"gen9vgc2026regi-2568315031","format":"[Gen 9] VGC 2026 Reg I","players":["Cello L.","Highkage2"],"log":"|j|\u2606Cello L.\n|j|\u203dHighkage2\n|t:|1774565597\n|gametype|doubles\n|player|p1|Cello L.|cynthia-gen4|1598\n|player|p2|Highkage2|doubleteam|1561\n|gen|9\n|tier|[Gen 9] VGC 2026 Reg I\n|rated|\n|rule|Species Clause: Limit one of each Pok\u00e9mon\n|rule|Item Clause: Limit 1 of each item\n|clearpoke\n|poke|p1|Kyogre, L50|\n|poke|p1|Calyrex-Ice, L50|\n|poke|p1|Raging Bolt, L50|\n|poke|p1|Urshifu-*, L50, M|\n|poke|p1|Rillaboom, L50, M|\n|poke|p1|Amoonguss, L50, F|\n|poke|p2|Incineroar, L50, F|\n|poke|p2|Calyrex-Ice, L50|\n|poke|p2|Miraidon, L50|\n|poke|p2|Iron Treads, L50|\n|poke|p2|Volcarona, L50, M|\n|poke|p2|Farigiraf, L50, M|\n|teampreview|4\n|inactive|Battle timer is ON: inactive players will automatically lose when time's up. (requested by Highkage2)\n|inactive|Highkage2 has 60 seconds left.\n|inactive|Highkage2 has 30 seconds left.\n|\n|t:|1774565660\n|teamsize|p1|4\n|teamsize|p2|4\n|start\n|switch|p1a: Kyogre|Kyogre, L50|100/100\n|switch|p1b: Rillaboom|Rillaboom, L50, M|100/100\n|switch|p2a: Volcarona|Volcarona, L50, M|100/100\n|switch|p2b: Calyrex|Calyrex-Ice, L50|100/100\n|-ability|p2b: Calyrex|As One\n|-ability|p2b: Calyrex|Unnerve\n|-fieldstart|move: Grassy Terrain|[from] ability: Grassy Surge|[of] p1b: Rillaboom\n|-weather|RainDance|[from] ability: Drizzle|[of] p1a: Kyogre\n|turn|1\n|\n|t:|1774565680\n|switch|p2b: Miraidon|Miraidon, L50|100/100\n|-fieldstart|move: Electric Terrain|[from] ability: Hadron Engine|[of] p2b: Miraidon\n|-terastallize|p2a: Volcarona|Water\n|move|p1b: Rillaboom|Fake Out|p2b: Miraidon\n|-damage|p2b: Miraidon|90/100\n|move|p1a: Kyogre|Water Spout|p2a: Volcarona|[spread] p2a,p2b\n|-resisted|p2a: Volcarona\n|-resisted|p2b: Miraidon\n|-damage|p2a: Volcarona|54/100\n|-damage|p2b: Miraidon|43/100\n|move|p2a: Volcarona|Struggle Bug|p1b: Rillaboom|[spread] p1a,p1b\n|-crit|p1a: Kyogre\n|-supereffective|p1b: Rillaboom\n|-damage|p1a: Kyogre|82/100\n|-damage|p1b: Rillaboom|76/100\n|-unboost|p1a: Kyogre|spa|1\n|-unboost|p1b: Rillaboom|spa|1\n|\n|-weather|RainDance|[upkeep]\n|upkeep\n|turn|2\n|inactive|Cello L. has 30 seconds left.\n|inactive|Highkage2 has 30 seconds left.\n|inactive|Cello L. has 20 seconds left.\n|inactive|Highkage2 has 20 seconds left.\n|inactive|Cello L. has 15 seconds left.\n|inactive|Highkage2 has 15 seconds left.\n|\n|t:|1774565722\n|move|p2b: Miraidon|Draco Meteor|p1b: Rillaboom\n|-damage|p1b: Rillaboom|0 fnt\n|-unboost|p2b: Miraidon|spa|2\n|faint|p1b: Rillaboom\n|move|p1a: Kyogre|Water Spout|p2b: Miraidon|[spread] p2a,p2b\n|-resisted|p2a: Volcarona\n|-resisted|p2b: Miraidon\n|-damage|p2a: Volcarona|30/100\n|-damage|p2b: Miraidon|18/100\n|move|p2a: Volcarona|Struggle Bug|p1a: Kyogre\n|-damage|p1a: Kyogre|66/100\n|-unboost|p1a: Kyogre|spa|1\n|\n|-weather|RainDance|[upkeep]\n|upkeep\n|\n|t:|1774565738\n|switch|p1b: Calyrex|Calyrex-Ice, L50|100/100\n|-ability|p1b: Calyrex|As One\n|-ability|p1b: Calyrex|Unnerve\n|turn|3\n|\n|t:|1774565762\n|switch|p2b: Calyrex|Calyrex-Ice, L50|100/100\n|-ability|p2b: Calyrex|As One\n|-ability|p2b: Calyrex|Unnerve\n|move|p1a: Kyogre|Origin Pulse|p2a: Volcarona|[spread] p2b\n|-miss|p1a: Kyogre|p2a: Volcarona\n|-damage|p2b: Calyrex|74/100\n|move|p2a: Volcarona|Will-O-Wisp|p1b: Calyrex|[miss]\n|-miss|p2a: Volcarona|p1b: Calyrex\n|move|p1b: Calyrex|Glacial Lance|p2b: Calyrex|[spread] p2a,p2b\n|-resisted|p2a: Volcarona\n|-resisted|p2b: Calyrex\n|-damage|p2a: Volcarona|5/100\n|-damage|p2b: Calyrex|58/100\n|\n|-weather|RainDance|[upkeep]\n|-heal|p2b: Calyrex|64/100|[from] item: Leftovers\n|upkeep\n|turn|4\n|inactive|Highkage2 has 30 seconds left.\n|\n|t:|1774565795\n|move|p1a: Kyogre|Water Spout|p2a: Volcarona|[spread] p2a,p2b\n|-resisted|p2a: Volcarona\n|-damage|p2a: Volcarona|0 fnt\n|-damage|p2b: Calyrex|39/100\n|faint|p2a: Volcarona\n|move|p2b: Calyrex|Leech Seed|p1b: Calyrex|[miss]\n|-miss|p2b: Calyrex|p1b: Calyrex\n|move|p1b: Calyrex|Leech Seed|p2b: Calyrex\n|-start|p2b: Calyrex|move: Leech Seed\n|\n|-weather|RainDance|[upkeep]\n|-heal|p2b: Calyrex|45/100|[from] item: Leftovers\n|-damage|p2b: Calyrex|33/100|[from] Leech Seed|[of] p1b: Calyrex\n|upkeep\n|\n|t:|1774565809\n|switch|p2a: Miraidon|Miraidon, L50|18/100\n|-activate|p2a: Miraidon|ability: Hadron Engine\n|turn|5\n|inactive|Cello L. has 30 seconds left.\n|j| Therazer456\n|\n|t:|1774565844\n|switch|p2b: Farigiraf|Farigiraf, L50, M|100/100\n|-enditem|p2b: Farigiraf|Electric Seed\n|-boost|p2b: Farigiraf|def|1|[from] item: Electric Seed\n|move|p2a: Miraidon|Volt Switch|p1b: Calyrex\n|-damage|p1b: Calyrex|40/100\n|\n|t:|1774565850\n|switch|p2a: Calyrex|Calyrex-Ice, L50|33/100|[from] Volt Switch\n|-ability|p2a: Calyrex|As One\n|-ability|p2a: Calyrex|Unnerve\n|move|p1a: Kyogre|Water Spout|p2b: Farigiraf|[spread] p2a,p2b\n|-damage|p2a: Calyrex|10/100\n|-damage|p2b: Farigiraf|70/100\n|move|p1b: Calyrex|Glacial Lance|p2b: Farigiraf|[spread] p2a,p2b\n|-resisted|p2a: Calyrex\n|-damage|p2a: Calyrex|0 fnt\n|-damage|p2b: Farigiraf|41/100\n|faint|p2a: Calyrex\n|-ability|p1b: Calyrex|Chilling Neigh|boost\n|-boost|p1b: Calyrex|atk|1\n|\n|-weather|none\n|-heal|p1b: Calyrex|45/100|[from] item: Leftovers\n|-fieldend|move: Electric Terrain\n|upkeep\n|\n|t:|1774565852\n|switch|p2a: Miraidon|Miraidon, L50|18/100\n|-fieldstart|move: Electric Terrain|[from] ability: Hadron Engine|[of] p2a: Miraidon\n|turn|6\n|\n|t:|1774565870\n|move|p2b: Farigiraf|Helping Hand|p2a: Miraidon\n|-singleturn|p2a: Miraidon|Helping Hand|[of] p2b: Farigiraf\n|move|p1a: Kyogre|Protect|p1a: Kyogre\n|-singleturn|p1a: Kyogre|Protect\n|move|p1b: Calyrex|Protect|p1b: Calyrex\n|-singleturn|p1b: Calyrex|Protect\n|move|p2a: Miraidon|Dazzling Gleam|p1a: Kyogre|[spread] \n|-activate|p1a: Kyogre|move: Protect\n|-activate|p1b: Calyrex|move: Protect\n|\n|-heal|p1b: Calyrex|51/100|[from] item: Leftovers\n|upkeep\n|turn|7\n|\n|t:|1774565892\n|move|p2a: Miraidon|Dazzling Gleam|p1a: Kyogre|[spread] p1a,p1b\n|-damage|p1a: Kyogre|33/100\n|-damage|p1b: Calyrex|27/100\n|move|p1a: Kyogre|Origin Pulse|p2b: Farigiraf|[spread] p2a,p2b\n|-resisted|p2a: Miraidon\n|-damage|p2a: Miraidon|6/100\n|-damage|p2b: Farigiraf|18/100\n|move|p2b: Farigiraf|Foul Play|p1b: Calyrex\n|-supereffective|p1b: Calyrex\n|-damage|p1b: Calyrex|0 fnt\n|faint|p1b: Calyrex\n|\n|upkeep\n|\n|t:|1774565900\n|switch|p1b: Raging Bolt|Raging Bolt, L50|100/100\n|-enditem|p1b: Raging Bolt|Booster Energy\n|-activate|p1b: Raging Bolt|ability: Protosynthesis|[fromitem]\n|-start|p1b: Raging Bolt|protosynthesisspa\n|turn|8\n|\n|t:|1774565909\n|-terastallize|p1b: Raging Bolt|Fairy\n|move|p2b: Farigiraf|Helping Hand|p2a: Miraidon\n|-singleturn|p2a: Miraidon|Helping Hand|[of] p2b: Farigiraf\n|move|p1b: Raging Bolt|Thunderclap||[still]\n|cant|p2b: Farigiraf|ability: Armor Tail|Thunderclap|[of] p1b: Raging Bolt\n|move|p2a: Miraidon|Dazzling Gleam|p1a: Kyogre|[spread] p1a,p1b\n|-damage|p1a: Kyogre|0 fnt\n|-damage|p1b: Raging Bolt|48/100\n|faint|p1a: Kyogre\n|\n|upkeep\n|turn|9\n|inactive|Highkage2 has 30 seconds left.\n|\n|t:|1774565940\n|move|p2a: Miraidon|Dazzling Gleam|p1b: Raging Bolt\n|-damage|p1b: Raging Bolt|2/100\n|move|p1b: Raging Bolt|Dragon Pulse|p2a: Miraidon\n|-supereffective|p2a: Miraidon\n|-damage|p2a: Miraidon|0 fnt\n|faint|p2a: Miraidon\n|move|p2b: Farigiraf|Psychic|p1b: Raging Bolt\n|-damage|p1b: Raging Bolt|0 fnt\n|faint|p1b: Raging Bolt\n|-end|p1b: Raging Bolt|Protosynthesis|[silent]\n|\n|win|Highkage2\n|raw|Cello L.'s rating: 1598 &rarr; <strong>1576</strong><br />(-22 for losing)\n|raw|Highkage2's rating: 1561 &rarr; <strong>1583</strong><br />(+22 for winning)\n|l|\u2606Cello L.\n|player|p1|\n","uploadtime":1774566086,"views":17,"formatid":"gen9vgc2026regi","rating":1576,"private":0,"password":null}