{"id":"gen9vgc2026regi-2518668704","format":"[Gen 9] VGC 2026 Reg I","players":["Solarbloke","dasabe\u76d6\u6b27\u5361\u4fa0"],"log":"|j|\u2606Solarbloke\n|j|\u2606dasabe\u76d6\u6b27\u5361\u4fa0\n|t:|1768414774\n|gametype|doubles\n|player|p1|Solarbloke|colress|1416\n|player|p2|dasabe\u76d6\u6b27\u5361\u4fa0|may-masters4|1432\n|gen|9\n|tier|[Gen 9] VGC 2026 Reg I\n|rated|\n|rule|Species Clause: Limit one of each Pok\u00e9mon\n|rule|Item Clause: Limit 1 of each item\n|clearpoke\n|poke|p1|Calyrex-Ice, L50|\n|poke|p1|Kyogre, L50|\n|poke|p1|Basculegion, L50, M|\n|poke|p1|Smeargle, L50, F|\n|poke|p1|Maushold, L50|\n|poke|p1|Volcarona, L50, F|\n|poke|p2|Kyogre, L50|\n|poke|p2|Miraidon, L50|\n|poke|p2|Whimsicott, L50, F|\n|poke|p2|Iron Hands, L50|\n|poke|p2|Farigiraf, L50, F|\n|poke|p2|Urshifu-*, L50, M|\n|teampreview|4\n|inactive|Battle timer is ON: inactive players will automatically lose when time's up. (requested by Solarbloke)\n|\n|t:|1768414796\n|teamsize|p1|4\n|teamsize|p2|4\n|start\n|switch|p1a: Calyrex|Calyrex-Ice, L50|100/100\n|switch|p1b: Smeargle|Smeargle, L50, F|100/100\n|switch|p2a: \u6210\u90fd\u8001\u76d6|Kyogre, L50, shiny|100/100\n|switch|p2b: \u94f6\u91d1\u5996\u86c7|Miraidon, L50, shiny|100/100\n|-ability|p1a: Calyrex|As One\n|-ability|p1a: Calyrex|Unnerve\n|-fieldstart|move: Electric Terrain|[from] ability: Hadron Engine|[of] p2b: \u94f6\u91d1\u5996\u86c7\n|-weather|RainDance|[from] ability: Drizzle|[of] p2a: \u6210\u90fd\u8001\u76d6\n|turn|1\n|\n|t:|1768414814\n|-terastallize|p1a: Calyrex|Grass\n|move|p2b: \u94f6\u91d1\u5996\u86c7|Protect|p2b: \u94f6\u91d1\u5996\u86c7\n|-singleturn|p2b: \u94f6\u91d1\u5996\u86c7|Protect\n|move|p2a: \u6210\u90fd\u8001\u76d6|Water Spout|p1b: Smeargle|[spread] p1a,p1b\n|-resisted|p1a: Calyrex\n|-damage|p1a: Calyrex|61/100\n|-enditem|p1b: Smeargle|Focus Sash\n|-damage|p1b: Smeargle|1/100\n|move|p1b: Smeargle|Decorate|p1a: Calyrex\n|-boost|p1a: Calyrex|atk|2\n|-boost|p1a: Calyrex|spa|2\n|move|p1a: Calyrex|Seed Bomb|p2a: \u6210\u90fd\u8001\u76d6\n|-supereffective|p2a: \u6210\u90fd\u8001\u76d6\n|-damage|p2a: \u6210\u90fd\u8001\u76d6|0 fnt\n|faint|p2a: \u6210\u90fd\u8001\u76d6\n|-ability|p1a: Calyrex|Chilling Neigh|boost\n|-boost|p1a: Calyrex|atk|1\n|\n|-weather|RainDance|[upkeep]\n|-ability|p1b: Smeargle|Moody|boost\n|-boost|p1b: Smeargle|atk|2\n|-unboost|p1b: Smeargle|spd|1\n|upkeep\n|\n|t:|1768414819\n|switch|p2a: \u4e94\u5bfc\u718a\u6e7f|Urshifu, L50, M|100/100\n|turn|2\n|\n|t:|1768414830\n|-terastallize|p2a: \u4e94\u5bfc\u718a\u6e7f|Poison\n|move|p1b: Smeargle|Follow Me|p1b: Smeargle\n|-singleturn|p1b: Smeargle|move: Follow Me\n|move|p2b: \u94f6\u91d1\u5996\u86c7|Dazzling Gleam|p1a: Calyrex|[spread] p1a,p1b\n|-crit|p1a: Calyrex\n|-damage|p1a: Calyrex|32/100\n|-damage|p1b: Smeargle|0 fnt\n|faint|p1b: Smeargle\n|-damage|p2b: \u94f6\u91d1\u5996\u86c7|91/100|[from] item: Life Orb\n|move|p2a: \u4e94\u5bfc\u718a\u6e7f|Poison Jab|p1a: Calyrex\n|-supereffective|p1a: Calyrex\n|-damage|p1a: Calyrex|0 fnt\n|faint|p1a: Calyrex\n|\n|-weather|RainDance|[upkeep]\n|upkeep\n|\n|t:|1768414835\n|switch|p1b: Maushold|Maushold, L50|100/100\n|switch|p1a: Kyogre|Kyogre, L50|100/100\n|turn|3\n|\n|t:|1768414854\n|switch|p2a: \u5996\u820d\u7cbe\u62c9|Whimsicott, L50, F, shiny|100/100\n|move|p2b: \u94f6\u91d1\u5996\u86c7|Protect|p2b: \u94f6\u91d1\u5996\u86c7\n|-singleturn|p2b: \u94f6\u91d1\u5996\u86c7|Protect\n|move|p1a: Kyogre|Water Spout|p2b: \u94f6\u91d1\u5996\u86c7|[spread] p2a\n|-activate|p2b: \u94f6\u91d1\u5996\u86c7|move: Protect\n|-resisted|p2a: \u5996\u820d\u7cbe\u62c9\n|-damage|p2a: \u5996\u820d\u7cbe\u62c9|3/100\n|move|p1b: Maushold|Population Bomb|p2a: \u5996\u820d\u7cbe\u62c9\n|-damage|p2a: \u5996\u820d\u7cbe\u62c9|0 fnt\n|faint|p2a: \u5996\u820d\u7cbe\u62c9\n|-hitcount|p2: \u5996\u820d\u7cbe\u62c9|1\n|\n|-weather|RainDance|[upkeep]\n|upkeep\n|\n|t:|1768414858\n|switch|p2a: \u4e94\u5bfc\u718a\u6e7f|Urshifu, L50, M, tera:Poison|100/100\n|turn|4\n|\n|t:|1768414865\n|move|p1b: Maushold|Follow Me|p1b: Maushold\n|-singleturn|p1b: Maushold|move: Follow Me\n|move|p2a: \u4e94\u5bfc\u718a\u6e7f|Sucker Punch||[still]\n|-fail|p2a: \u4e94\u5bfc\u718a\u6e7f\n|move|p1a: Kyogre|Water Spout|p2b: \u94f6\u91d1\u5996\u86c7|[spread] p2a,p2b\n|-resisted|p2b: \u94f6\u91d1\u5996\u86c7\n|-damage|p2a: \u4e94\u5bfc\u718a\u6e7f|0 fnt\n|-damage|p2b: \u94f6\u91d1\u5996\u86c7|52/100\n|faint|p2a: \u4e94\u5bfc\u718a\u6e7f\n|move|p2b: \u94f6\u91d1\u5996\u86c7|Electro Drift|p1b: Maushold\n|-damage|p1b: Maushold|0 fnt\n|faint|p1b: Maushold\n|-damage|p2b: \u94f6\u91d1\u5996\u86c7|42/100|[from] item: Life Orb\n|\n|-weather|RainDance|[upkeep]\n|upkeep\n|turn|5\n|\n|t:|1768414878\n|move|p2b: \u94f6\u91d1\u5996\u86c7|Protect|p2b: \u94f6\u91d1\u5996\u86c7\n|-singleturn|p2b: \u94f6\u91d1\u5996\u86c7|Protect\n|move|p1a: Kyogre|Water Spout|p2b: \u94f6\u91d1\u5996\u86c7\n|-activate|p2b: \u94f6\u91d1\u5996\u86c7|move: Protect\n|\n|-weather|none\n|-fieldend|move: Electric Terrain\n|upkeep\n|turn|6\n|\n|t:|1768414881\n|move|p1a: Kyogre|Water Spout|p2b: \u94f6\u91d1\u5996\u86c7\n|-resisted|p2b: \u94f6\u91d1\u5996\u86c7\n|-damage|p2b: \u94f6\u91d1\u5996\u86c7|7/100\n|move|p2b: \u94f6\u91d1\u5996\u86c7|Electro Drift|p1a: Kyogre\n|-supereffective|p1a: Kyogre\n|-damage|p1a: Kyogre|0 fnt\n|faint|p1a: Kyogre\n|-damage|p2b: \u94f6\u91d1\u5996\u86c7|0 fnt|[from] item: Life Orb\n|faint|p2b: \u94f6\u91d1\u5996\u86c7\n|\n|win|dasabe\u76d6\u6b27\u5361\u4fa0\n|raw|Solarbloke's rating: 1416 &rarr; <strong>1397</strong><br />(-19 for losing)\n|raw|dasabe\u76d6\u6b27\u5361\u4fa0's rating: 1432 &rarr; <strong>1451</strong><br />(+19 for winning)\n|l|\u2606Solarbloke\n|player|p1|\n|l|\u2606dasabe\u76d6\u6b27\u5361\u4fa0\n|player|p2|\n","uploadtime":1768415076,"views":20,"formatid":"gen9vgc2026regi","rating":1397,"private":0,"password":null}