{"id":"gen9vgc2026regi-2569032527","format":"[Gen 9] VGC 2026 Reg I","players":["Hedgehogwarrior","conniecut"],"log":"|j|\u2606Hedgehogwarrior\n|j|\u2606conniecut\n|t:|1774642628\n|gametype|doubles\n|player|p1|Hedgehogwarrior|2|1307\n|player|p2|conniecut|lady|1308\n|gen|9\n|tier|[Gen 9] VGC 2026 Reg I\n|rated|\n|rule|Species Clause: Limit one of each Pok\u00e9mon\n|rule|Item Clause: Limit 1 of each item\n|clearpoke\n|poke|p1|Lunala, L50|\n|poke|p1|Indeedee-F, L50, F|\n|poke|p1|Urshifu-*, L50, M|\n|poke|p1|Chien-Pao, L50|\n|poke|p1|Koraidon, L50|\n|poke|p1|Ursaluna, L50, M|\n|poke|p2|Calyrex-Ice, L50|\n|poke|p2|Sentret, L50, M|\n|poke|p2|Ho-Oh, L50|\n|poke|p2|Ursaluna-Bloodmoon, L50, M|\n|poke|p2|Amoonguss, L50, M|\n|poke|p2|Urshifu-*, L50, F|\n|teampreview|4\n|inactive|Battle timer is ON: inactive players will automatically lose when time's up. (requested by conniecut)\n|\n|t:|1774642666\n|teamsize|p1|4\n|teamsize|p2|4\n|start\n|switch|p1a: Koraidon|Koraidon, L50|100/100\n|switch|p1b: Lunala|Lunala, L50|100/100\n|switch|p2a: Calyrex|Calyrex-Ice, L50|100/100\n|switch|p2b: Sentret|Sentret, L50, M|100/100\n|-ability|p2a: Calyrex|As One\n|-ability|p2a: Calyrex|Unnerve\n|-weather|SunnyDay|[from] ability: Orichalcum Pulse|[of] p1a: Koraidon\n|-activate|p1a: Koraidon|Orichalcum Pulse|[source]\n|-item|p1a: Koraidon|Loaded Dice|[from] ability: Frisk|[of] p2b: Sentret\n|-item|p1b: Lunala|Psychic Seed|[from] ability: Frisk|[of] p2b: Sentret\n|turn|1\n|inactive|Hedgehogwarrior has 30 seconds left.\n|\n|t:|1774642699\n|switch|p1b: Urshifu|Urshifu, L50, M|100/100\n|move|p2b: Sentret|Follow Me|p2b: Sentret\n|-singleturn|p2b: Sentret|move: Follow Me\n|move|p1a: Koraidon|Taunt|p2b: Sentret\n|-start|p2b: Sentret|move: Taunt\n|move|p2a: Calyrex|Trick Room|p2a: Calyrex\n|-fieldstart|move: Trick Room|[of] p2a: Calyrex\n|\n|-weather|SunnyDay|[upkeep]\n|upkeep\n|turn|2\n|\n|t:|1774642724\n|switch|p2a: Amoonguss|Amoonguss, L50, M|100/100\n|-terastallize|p1a: Koraidon|Steel\n|move|p2b: Sentret|Endeavor|p1a: Koraidon\n|-damage|p1a: Koraidon|64/100\n|move|p1b: Urshifu|Wicked Blow|p2a: Amoonguss\n|-crit|p2a: Amoonguss\n|-damage|p2a: Amoonguss|49/100\n|-damage|p1b: Urshifu|84/100|[from] item: Rocky Helmet|[of] p2a: Amoonguss\n|move|p1a: Koraidon|Taunt|p2a: Amoonguss\n|-start|p2a: Amoonguss|move: Taunt\n|\n|-weather|SunnyDay|[upkeep]\n|upkeep\n|turn|3\n|inactive|conniecut has 30 seconds left.\n|inactive|conniecut has 20 seconds left.\n|\n|t:|1774642763\n|move|p2b: Sentret|Endeavor|p1b: Urshifu\n|-damage|p1b: Urshifu|54/100\n|move|p2a: Amoonguss|Pollen Puff|p1a: Koraidon\n|-resisted|p1a: Koraidon\n|-damage|p1a: Koraidon|54/100\n|move|p1b: Urshifu|Wicked Blow|p2a: Amoonguss\n|-crit|p2a: Amoonguss\n|-damage|p2a: Amoonguss|0 fnt\n|-damage|p1b: Urshifu|38/100|[from] item: Rocky Helmet|[of] p2a: Amoonguss\n|faint|p2a: Amoonguss\n|move|p1a: Koraidon|Scale Shot|p2b: Sentret\n|-damage|p2b: Sentret|35/100\n|-damage|p2b: Sentret|0 fnt\n|faint|p2b: Sentret\n|-hitcount|p2: Sentret|2\n|-unboost|p1a: Koraidon|def|1\n|-boost|p1a: Koraidon|spe|1\n|\n|-weather|SunnyDay|[upkeep]\n|upkeep\n|\n|t:|1774642766\n|switch|p2b: Ursaluna|Ursaluna-Bloodmoon, L50, M|100/100\n|switch|p2a: Calyrex|Calyrex-Ice, L50|100/100\n|-ability|p2a: Calyrex|As One\n|-ability|p2a: Calyrex|Unnerve\n|turn|4\n|inactive|Hedgehogwarrior has 30 seconds left.\n|\n|t:|1774642793\n|move|p1a: Koraidon|Protect|p1a: Koraidon\n|-singleturn|p1a: Koraidon|Protect\n|move|p1b: Urshifu|Sucker Punch|p2a: Calyrex\n|-supereffective|p2a: Calyrex\n|-damage|p2a: Calyrex|54/100\n|move|p2b: Ursaluna|Earth Power|p1a: Koraidon\n|-activate|p1a: Koraidon|move: Protect\n|move|p2a: Calyrex|Glacial Lance|p1b: Urshifu|[spread] p1b\n|-activate|p1a: Koraidon|move: Protect\n|-damage|p1b: Urshifu|0 fnt\n|faint|p1b: Urshifu\n|-ability|p2a: Calyrex|Chilling Neigh|boost\n|-boost|p2a: Calyrex|atk|1\n|\n|-weather|SunnyDay|[upkeep]\n|upkeep\n|\n|t:|1774642813\n|switch|p1b: Ursaluna|Ursaluna, L50, M|100/100\n|turn|5\n|\n|t:|1774642832\n|switch|p1a: Lunala|Lunala, L50|100/100\n|-terastallize|p2b: Ursaluna|Normal\n|move|p1b: Ursaluna|Protect|p1b: Ursaluna\n|-singleturn|p1b: Ursaluna|Protect\n|move|p2b: Ursaluna|Blood Moon|p1b: Ursaluna\n|-activate|p1b: Ursaluna|move: Protect\n|move|p2a: Calyrex|Close Combat|p1a: Lunala\n|-immune|p1a: Lunala\n|\n|-weather|none\n|-fieldend|move: Trick Room\n|-status|p1b: Ursaluna|brn|[from] item: Flame Orb\n|upkeep\n|turn|6\n|inactive|Hedgehogwarrior has 30 seconds left.\n|\n|t:|1774642859\n|move|p1a: Lunala|Wide Guard|p1a: Lunala\n|-singleturn|p1a: Lunala|Wide Guard\n|move|p2a: Calyrex|Glacial Lance|p1a: Lunala|[spread] \n|-activate|p1a: Lunala|move: Wide Guard\n|-activate|p1b: Ursaluna|move: Wide Guard\n|move|p2b: Ursaluna|Hyper Voice|p1b: Ursaluna|[spread] \n|-activate|p1a: Lunala|move: Wide Guard\n|-activate|p1b: Ursaluna|move: Wide Guard\n|move|p1b: Ursaluna|Earthquake|p2b: Ursaluna|[spread] p2a,p2b\n|-activate|p1a: Lunala|move: Wide Guard\n|-damage|p2a: Calyrex|13/100\n|-damage|p2b: Ursaluna|50/100\n|\n|-damage|p1b: Ursaluna|95/100 brn|[from] brn\n|upkeep\n|turn|7\n|\n|t:|1774642883\n|move|p1a: Lunala|Moongeist Beam|p2a: Calyrex\n|-supereffective|p2a: Calyrex\n|-damage|p2a: Calyrex|0 fnt\n|faint|p2a: Calyrex\n|move|p2b: Ursaluna|Blood Moon|p1a: Lunala\n|-damage|p1a: Lunala|50/100\n|-damage|p2b: Ursaluna|40/100|[from] item: Life Orb\n|move|p1b: Ursaluna|Facade|p2b: Ursaluna\n|-damage|p2b: Ursaluna|0 fnt\n|faint|p2b: Ursaluna\n|\n|win|Hedgehogwarrior\n|raw|Hedgehogwarrior's rating: 1307 &rarr; <strong>1327</strong><br />(+20 for winning)\n|raw|conniecut's rating: 1308 &rarr; <strong>1288</strong><br />(-20 for losing)\n|l|\u2606conniecut\n|player|p2|\n","uploadtime":1774643124,"views":10,"formatid":"gen9vgc2026regi","rating":1288,"private":0,"password":null}