{"id":"gen9vgc2026regi-2583008064","format":"[Gen 9] VGC 2026 Reg I","players":["BleachyBoi_426","LINK_LAN"],"log":"|j|\u2606BleachyBoi_426\n|j|\u2606LINK_LAN\n|t:|1776132872\n|gametype|doubles\n|player|p1|BleachyBoi_426|n|1419\n|player|p2|LINK_LAN|elesa|1324\n|gen|9\n|tier|[Gen 9] VGC 2026 Reg I\n|rated|\n|rule|Species Clause: Limit one of each Pok\u00e9mon\n|rule|Item Clause: Limit 1 of each item\n|clearpoke\n|poke|p1|Tornadus, L50, M|\n|poke|p1|Kyogre, L50|\n|poke|p1|Zacian-*, L50|\n|poke|p1|Grimmsnarl, L50, M|\n|poke|p1|Urshifu-*, L50, M|\n|poke|p1|Brute Bonnet, L50|\n|poke|p2|Muk-Alola, L50, M|\n|poke|p2|Flamigo, L50, M|\n|poke|p2|Smeargle, L50, M|\n|poke|p2|Calyrex-Shadow, L50|\n|poke|p2|Miraidon, L50|\n|poke|p2|Volcarona, L50, M|\n|teampreview|4\n|inactive|Battle timer is ON: inactive players will automatically lose when time's up. (requested by LINK_LAN)\n|\n|t:|1776132892\n|teamsize|p1|4\n|teamsize|p2|4\n|start\n|switch|p1a: Honey Kiss|Urshifu-Rapid-Strike, L50, M|100/100\n|switch|p1b: Little Prince|Brute Bonnet, L50, shiny|100/100\n|switch|p2a: Smeargle|Smeargle, L50, M|100/100\n|switch|p2b: Muk|Muk-Alola, L50, M|100/100\n|turn|1\n|inactive|LINK_LAN has 30 seconds left.\n|\n|t:|1776132923\n|switch|p2a: Miraidon|Miraidon, L50|100/100\n|-fieldstart|move: Electric Terrain|[from] ability: Hadron Engine|[of] p2a: Miraidon\n|-terastallize|p2b: Muk|Water\n|move|p1a: Honey Kiss|Surging Strikes|p2a: Miraidon\n|-resisted|p2a: Miraidon\n|-crit|p2a: Miraidon\n|-damage|p2a: Miraidon|89/100\n|-resisted|p2a: Miraidon\n|-crit|p2a: Miraidon\n|-damage|p2a: Miraidon|78/100\n|-resisted|p2a: Miraidon\n|-crit|p2a: Miraidon\n|-damage|p2a: Miraidon|66/100\n|-hitcount|p2a: Miraidon|3\n|move|p2b: Muk|Poison Gas|p1a: Honey Kiss|[spread] p1a\n|-miss|p2b: Muk|p1b: Little Prince\n|-status|p1a: Honey Kiss|psn\n|move|p1b: Little Prince|Spore|p2b: Muk\n|-activate|p2b: Muk|move: Electric Terrain\n|\n|-damage|p1a: Honey Kiss|88/100 psn|[from] psn\n|upkeep\n|turn|2\n|\n|t:|1776132945\n|switch|p1a: Sawyer|Zacian-Crowned, L50|100/100\n|-ability|p1a: Sawyer|Intrepid Sword|boost\n|-boost|p1a: Sawyer|atk|1\n|move|p1b: Little Prince|Rage Powder|p1b: Little Prince\n|-singleturn|p1b: Little Prince|move: Rage Powder\n|move|p2a: Miraidon|Electro Drift|p1b: Little Prince\n|-resisted|p1b: Little Prince\n|-damage|p1b: Little Prince|66/100\n|move|p2b: Muk|Minimize|p2b: Muk\n|-boost|p2b: Muk|evasion|2\n|\n|upkeep\n|turn|3\n|\n|t:|1776132962\n|switch|p2a: Smeargle|Smeargle, L50, M|100/100\n|move|p2b: Muk|Protect|p2b: Muk\n|-singleturn|p2b: Muk|Protect\n|move|p1a: Sawyer|Play Rough|p2a: Smeargle\n|-enditem|p2a: Smeargle|Focus Sash\n|-damage|p2a: Smeargle|1/100\n|move|p1b: Little Prince|Seed Bomb|p2b: Muk\n|-activate|p2b: Muk|move: Protect\n|\n|-ability|p2a: Smeargle|Moody|boost\n|-boost|p2a: Smeargle|atk|2\n|-unboost|p2a: Smeargle|def|1\n|upkeep\n|turn|4\n|\n|t:|1776132980\n|move|p2a: Smeargle|Fake Out|p1a: Sawyer\n|-resisted|p1a: Sawyer\n|-damage|p1a: Sawyer|96/100\n|cant|p1a: Sawyer|flinch\n|move|p2b: Muk|Minimize|p2b: Muk\n|-boost|p2b: Muk|evasion|2\n|move|p1b: Little Prince|Seed Bomb|p2a: Smeargle\n|-damage|p2a: Smeargle|0 fnt\n|faint|p2a: Smeargle\n|-ability|p2b: Muk|Moody|Power of Alchemy|[from] ability: Power of Alchemy|[of] p2a: Smeargle\n|\n|-ability|p2b: Muk|Moody|boost\n|-boost|p2b: Muk|def|2\n|-unboost|p2b: Muk|atk|1\n|upkeep\n|\n|t:|1776132989\n|switch|p2a: Calyrex|Calyrex-Shadow, L50|100/100\n|-ability|p2a: Calyrex|As One\n|-ability|p2a: Calyrex|Unnerve\n|turn|5\n|\n|t:|1776133005\n|move|p1a: Sawyer|Protect|p1a: Sawyer\n|-singleturn|p1a: Sawyer|Protect\n|move|p2a: Calyrex|Psych Up|p2b: Muk\n|-copyboost|p2a: Calyrex|p2b: Muk|[from] move: Psych Up\n|move|p2b: Muk|Poison Gas|p1b: Little Prince|[spread] p1b\n|-activate|p1a: Sawyer|move: Protect\n|-status|p1b: Little Prince|psn\n|move|p1b: Little Prince|Seed Bomb|p2b: Muk|[miss]\n|-miss|p1b: Little Prince|p2b: Muk\n|\n|-damage|p1b: Little Prince|53/100 psn|[from] psn\n|-fieldend|move: Electric Terrain\n|-ability|p2b: Muk|Moody|boost\n|-boost|p2b: Muk|def|2\n|-unboost|p2b: Muk|spe|1\n|upkeep\n|turn|6\n|\n|t:|1776133027\n|move|p1b: Little Prince|Sucker Punch|p2a: Calyrex|[miss]\n|-miss|p1b: Little Prince|p2a: Calyrex\n|move|p2a: Calyrex|Astral Barrage|p1b: Little Prince|[spread] p1a,p1b\n|-resisted|p1b: Little Prince\n|-damage|p1a: Sawyer|35/100\n|-damage|p1b: Little Prince|29/100 psn\n|move|p1a: Sawyer|Behemoth Blade|p2a: Calyrex\n|-damage|p2a: Calyrex|44/100\n|move|p2b: Muk|Knock Off|p1b: Little Prince\n|-resisted|p1b: Little Prince\n|-damage|p1b: Little Prince|21/100 psn\n|-enditem|p1b: Little Prince|Sitrus Berry|[from] move: Knock Off|[of] p2b: Muk\n|\n|-damage|p1b: Little Prince|9/100 psn|[from] psn\n|-ability|p2b: Muk|Moody|boost\n|-boost|p2b: Muk|spd|2\n|-unboost|p2b: Muk|spa|1\n|upkeep\n|turn|7\n|inactive|LINK_LAN has 30 seconds left.\n|\n|t:|1776133054\n|-end|p1b: Little Prince|Protosynthesis|[silent]\n|switch|p1b: Honey Kiss|Urshifu-Rapid-Strike, L50, M|88/100 psn\n|move|p2a: Calyrex|Protect|p2a: Calyrex\n|-singleturn|p2a: Calyrex|Protect\n|move|p2b: Muk|Protect|p2b: Muk\n|-singleturn|p2b: Muk|Protect\n|move|p1a: Sawyer|Substitute|p1a: Sawyer\n|-start|p1a: Sawyer|Substitute\n|-damage|p1a: Sawyer|10/100\n|\n|-damage|p1b: Honey Kiss|75/100 psn|[from] psn\n|-ability|p2b: Muk|Moody|boost\n|-boost|p2b: Muk|def|2\n|-unboost|p2b: Muk|spd|1\n|upkeep\n|turn|8\n|\n|t:|1776133069\n|move|p1b: Honey Kiss|Surging Strikes|p2a: Calyrex|[miss]\n|-miss|p1b: Honey Kiss|p2a: Calyrex\n|move|p2a: Calyrex|Giga Drain|p1b: Honey Kiss\n|-supereffective|p1b: Honey Kiss\n|-damage|p1b: Honey Kiss|0 fnt\n|-heal|p2a: Calyrex|82/100|[from] drain|[of] p1b: Honey Kiss\n|faint|p1b: Honey Kiss\n|-ability|p2a: Calyrex|Grim Neigh|boost\n|-boost|p2a: Calyrex|spa|1\n|move|p1a: Sawyer|Play Rough|p2a: Calyrex|[miss]\n|-miss|p1a: Sawyer|p2a: Calyrex\n|move|p2b: Muk|Knock Off|p1a: Sawyer\n|-resisted|p1a: Sawyer\n|-activate|p1a: Sawyer|move: Substitute|[damage]\n|\n|-ability|p2b: Muk|Moody|boost\n|-boost|p2b: Muk|atk|2\n|-unboost|p2b: Muk|spa|1\n|upkeep\n|\n|t:|1776133073\n|switch|p1b: Royal|Kyogre, L50|100/100\n|-weather|RainDance|[from] ability: Drizzle|[of] p1b: Royal\n|turn|9\n|\n|t:|1776133082\n|move|p2a: Calyrex|Giga Drain|p1b: Royal\n|-supereffective|p1b: Royal\n|-damage|p1b: Royal|54/100\n|-heal|p2a: Calyrex|100/100|[from] drain|[of] p1b: Royal\n|move|p1a: Sawyer|Play Rough|p2a: Calyrex\n|-damage|p2a: Calyrex|56/100\n|move|p1b: Royal|Water Spout|p2b: Muk|[spread] p2a\n|-miss|p1b: Royal|p2b: Muk\n|-damage|p2a: Calyrex|0 fnt\n|faint|p2a: Calyrex\n|move|p2b: Muk|Knock Off|p1a: Sawyer\n|-resisted|p1a: Sawyer\n|-activate|p1a: Sawyer|move: Substitute|[damage]\n|\n|-weather|RainDance|[upkeep]\n|-ability|p2b: Muk|Moody|boost\n|-boost|p2b: Muk|spe|2\n|-unboost|p2b: Muk|spa|1\n|upkeep\n|\n|t:|1776133087\n|switch|p2a: Miraidon|Miraidon, L50|66/100\n|-fieldstart|move: Electric Terrain|[from] ability: Hadron Engine|[of] p2a: Miraidon\n|turn|10\n|\n|t:|1776133097\n|-terastallize|p1b: Royal|Electric\n|move|p2a: Miraidon|Electro Drift|p1b: Royal\n|-resisted|p1b: Royal\n|-damage|p1b: Royal|31/100\n|move|p1a: Sawyer|Play Rough|p2a: Miraidon\n|-supereffective|p2a: Miraidon\n|-damage|p2a: Miraidon|0 fnt\n|faint|p2a: Miraidon\n|move|p1b: Royal|Thunder|p2b: Muk\n|-supereffective|p2b: Muk\n|-damage|p2b: Muk|32/100\n|-status|p2b: Muk|par\n|cant|p2b: Muk|par\n|\n|-weather|RainDance|[upkeep]\n|-heal|p2b: Muk|38/100 par|[from] item: Leftovers\n|-ability|p2b: Muk|Moody|boost\n|-boost|p2b: Muk|spe|2\n|-unboost|p2b: Muk|atk|1\n|upkeep\n|turn|11\n|c|\u2606BleachyBoi_426|live by the RNG die by the RNG\n|inactive|BleachyBoi_426 has 30 seconds left.\n|\n|t:|1776133124\n|cant|p2b: Muk|par\n|move|p1a: Sawyer|Play Rough|p2b: Muk\n|-damage|p2b: Muk|17/100 par\n|-unboost|p2b: Muk|atk|1\n|move|p1b: Royal|Thunder|p2b: Muk\n|-supereffective|p2b: Muk\n|-damage|p2b: Muk|0 fnt\n|faint|p2b: Muk\n|\n|win|BleachyBoi_426\n|raw|BleachyBoi_426's rating: 1419 &rarr; <strong>1434</strong><br />(+15 for winning)\n|raw|LINK_LAN's rating: 1324 &rarr; <strong>1309</strong><br />(-15 for losing)\n|l|\u2606LINK_LAN\n|player|p2|\n","uploadtime":1776133139,"views":12,"formatid":"gen9vgc2026regi","rating":1309,"private":0,"password":null}