{"id":"gen9vgc2026regi-2566974233","format":"[Gen 9] VGC 2026 Reg I","players":["Wawesome","dasabe\u76d6\u6b27\u5361\u4fa0"],"log":"|j|\u203dWawesome\n|j|\u2606dasabe\u76d6\u6b27\u5361\u4fa0\n|t:|1774437054\n|gametype|doubles\n|player|p1|Wawesome|265|1480\n|player|p2|dasabe\u76d6\u6b27\u5361\u4fa0|may-masters4|1646\n|gen|9\n|tier|[Gen 9] VGC 2026 Reg I\n|rated|\n|rule|Species Clause: Limit one of each Pok\u00e9mon\n|rule|Item Clause: Limit 1 of each item\n|clearpoke\n|poke|p1|Lunala, L50|\n|poke|p1|Groudon, L50|\n|poke|p1|Whimsicott, L50, F|\n|poke|p1|Raging Bolt, L50|\n|poke|p1|Entei, L50|\n|poke|p1|Kingambit, L50, M|\n|poke|p2|Miraidon, L50|\n|poke|p2|Groudon, L50|\n|poke|p2|Walking Wake, L50|\n|poke|p2|Grimmsnarl, L50, M|\n|poke|p2|Incineroar, L50, M|\n|poke|p2|Ditto, L50|\n|teampreview|4\n|\n|t:|1774437090\n|teamsize|p1|4\n|teamsize|p2|4\n|start\n|switch|p1a: Lunala|Lunala, L50|100/100\n|switch|p1b: Whimsicott|Whimsicott, L50, F|100/100\n|switch|p2a: \u94f6\u6bdb\u6ee1\u8eab|Grimmsnarl, L50, M, shiny|100/100\n|switch|p2b: P\u56fa\u771f\u5927|Groudon, L50, shiny|100/100\n|-weather|SunnyDay|[from] ability: Drought|[of] p2b: P\u56fa\u771f\u5927\n|turn|1\n|\n|t:|1774437118\n|move|p2a: \u94f6\u6bdb\u6ee1\u8eab|Thunder Wave|p1a: Lunala\n|-status|p1a: Lunala|par\n|move|p1b: Whimsicott|Moonblast|p2b: P\u56fa\u771f\u5927\n|-damage|p2b: P\u56fa\u771f\u5927|63/100\n|move|p2b: P\u56fa\u771f\u5927|Heat Crash|p1b: Whimsicott\n|-supereffective|p1b: Whimsicott\n|-enditem|p1b: Whimsicott|Focus Sash\n|-damage|p1b: Whimsicott|1/100\n|move|p1a: Lunala|Moongeist Beam|p2b: P\u56fa\u771f\u5927\n|-damage|p2b: P\u56fa\u771f\u5927|0 fnt\n|faint|p2b: P\u56fa\u771f\u5927\n|\n|-weather|SunnyDay|[upkeep]\n|upkeep\n|\n|t:|1774437132\n|switch|p2b: \u5927\u53d8|Ditto, L50|100/100\n|-transform|p2b: \u5927\u53d8|p1a: Lunala|[from] ability: Imposter\n|turn|2\n|\n|t:|1774437151\n|-terastallize|p1a: Lunala|Fairy\n|move|p1b: Whimsicott|Tailwind|p1b: Whimsicott\n|-sidestart|p1: Wawesome|move: Tailwind\n|move|p2a: \u94f6\u6bdb\u6ee1\u8eab|Light Screen|p2a: \u94f6\u6bdb\u6ee1\u8eab\n|-sidestart|p2: dasabe\u76d6\u6b27\u5361\u4fa0|move: Light Screen\n|move|p1a: Lunala|Moongeist Beam|p2b: \u5927\u53d8\n|-supereffective|p2b: \u5927\u53d8\n|-enditem|p2b: \u5927\u53d8|Focus Sash\n|-damage|p2b: \u5927\u53d8|1/100\n|move|p2b: \u5927\u53d8|Dazzling Gleam|p1a: Lunala|[spread] p1a,p1b\n|-damage|p1a: Lunala|91/100 par\n|-damage|p1b: Whimsicott|0 fnt\n|faint|p1b: Whimsicott\n|\n|-weather|SunnyDay|[upkeep]\n|upkeep\n|\n|t:|1774437163\n|switch|p1b: Entei|Entei, L50|100/100\n|turn|3\n|\n|t:|1774437172\n|move|p2a: \u94f6\u6bdb\u6ee1\u8eab|Thunder Wave|p1b: Entei\n|-status|p1b: Entei|par\n|move|p1b: Entei|Eruption|p2b: \u5927\u53d8|[spread] p2a,p2b\n|-damage|p2a: \u94f6\u6bdb\u6ee1\u8eab|52/100\n|-damage|p2b: \u5927\u53d8|0 fnt\n|faint|p2b: \u5927\u53d8\n|cant|p1a: Lunala|par\n|\n|-weather|SunnyDay|[upkeep]\n|upkeep\n|j| Ascitiesdrown\n|\n|t:|1774437174\n|switch|p2b: \u94f6\u91d1\u5996\u86c7|Miraidon, L50, shiny|100/100\n|-fieldstart|move: Electric Terrain|[from] ability: Hadron Engine|[of] p2b: \u94f6\u91d1\u5996\u86c7\n|turn|4\n|\n|t:|1774437191\n|switch|p1a: Groudon|Groudon, L50|100/100\n|-terastallize|p2b: \u94f6\u91d1\u5996\u86c7|Fairy\n|move|p2a: \u94f6\u6bdb\u6ee1\u8eab|Reflect|p2a: \u94f6\u6bdb\u6ee1\u8eab\n|-sidestart|p2: dasabe\u76d6\u6b27\u5361\u4fa0|Reflect\n|move|p1b: Entei|Eruption|p2a: \u94f6\u6bdb\u6ee1\u8eab|[spread] p2a,p2b\n|-damage|p2a: \u94f6\u6bdb\u6ee1\u8eab|3/100\n|-damage|p2b: \u94f6\u91d1\u5996\u86c7|61/100\n|move|p2b: \u94f6\u91d1\u5996\u86c7|Calm Mind|p2b: \u94f6\u91d1\u5996\u86c7\n|-boost|p2b: \u94f6\u91d1\u5996\u86c7|spa|1\n|-boost|p2b: \u94f6\u91d1\u5996\u86c7|spd|1\n|\n|-weather|SunnyDay|[upkeep]\n|upkeep\n|turn|5\n|\n|t:|1774437206\n|move|p1b: Entei|Eruption|p2a: \u94f6\u6bdb\u6ee1\u8eab|[spread] p2a,p2b\n|-damage|p2a: \u94f6\u6bdb\u6ee1\u8eab|0 fnt\n|-damage|p2b: \u94f6\u91d1\u5996\u86c7|37/100\n|faint|p2a: \u94f6\u6bdb\u6ee1\u8eab\n|move|p1a: Groudon|High Horsepower|p2b: \u94f6\u91d1\u5996\u86c7\n|-damage|p2b: \u94f6\u91d1\u5996\u86c7|5/100\n|move|p2b: \u94f6\u91d1\u5996\u86c7|Dazzling Gleam|p1b: Entei|[spread] p1a,p1b\n|-resisted|p1b: Entei\n|-damage|p1a: Groudon|39/100\n|-damage|p1b: Entei|64/100 par\n|\n|-weather|none\n|-sideend|p1: Wawesome|move: Tailwind\n|upkeep\n|turn|6\n|\n|t:|1774437220\n|move|p2b: \u94f6\u91d1\u5996\u86c7|Parabolic Charge|p1b: Entei|[spread] p1b\n|-immune|p1a: Groudon\n|-damage|p1b: Entei|0 fnt\n|-heal|p2b: \u94f6\u91d1\u5996\u86c7|35/100|[from] drain|[of] p1b: Entei\n|faint|p1b: Entei\n|move|p1a: Groudon|Heat Crash|p2b: \u94f6\u91d1\u5996\u86c7\n|-damage|p2b: \u94f6\u91d1\u5996\u86c7|16/100\n|\n|upkeep\n|\n|t:|1774437226\n|switch|p1b: Lunala|Lunala, L50, tera:Fairy|91/100 par\n|turn|7\n|\n|t:|1774437234\n|move|p1b: Lunala|Wide Guard|p1b: Lunala\n|-singleturn|p1b: Lunala|Wide Guard\n|move|p2b: \u94f6\u91d1\u5996\u86c7|Electro Drift|p1b: Lunala\n|-damage|p1b: Lunala|0 fnt\n|faint|p1b: Lunala\n|move|p1a: Groudon|Heat Crash|p2b: \u94f6\u91d1\u5996\u86c7\n|-damage|p2b: \u94f6\u91d1\u5996\u86c7|0 fnt\n|faint|p2b: \u94f6\u91d1\u5996\u86c7\n|\n|win|Wawesome\n|raw|Wawesome's rating: 1480 &rarr; <strong>1509</strong><br />(+29 for winning)\n|raw|dasabe\u76d6\u6b27\u5361\u4fa0's rating: 1646 &rarr; <strong>1617</strong><br />(-29 for losing)\n|l|\u2606dasabe\u76d6\u6b27\u5361\u4fa0\n|player|p2|\n","uploadtime":1774437434,"views":12,"formatid":"gen9vgc2026regi","rating":1509,"private":0,"password":null}