{"id":"gen9vgc2026regi-2558137537","format":"[Gen 9] VGC 2026 Reg I","players":["Loiradotchan16","dasabe\u76d6\u6b27\u5361\u4fa0"],"log":"|j|\u2606Loiradotchan16\n|j|\u2606dasabe\u76d6\u6b27\u5361\u4fa0\n|t:|1773407168\n|gametype|doubles\n|player|p1|Loiradotchan16|2|1446\n|player|p2|dasabe\u76d6\u6b27\u5361\u4fa0|may-masters4|1454\n|gen|9\n|tier|[Gen 9] VGC 2026 Reg I\n|rated|\n|rule|Species Clause: Limit one of each Pok\u00e9mon\n|rule|Item Clause: Limit 1 of each item\n|clearpoke\n|poke|p1|Calyrex-Ice, L50|\n|poke|p1|Scraggy, L50, F|\n|poke|p1|Miraidon, L50|\n|poke|p1|Farigiraf, L50, F|\n|poke|p1|Iron Treads, L50|\n|poke|p1|Iron Hands, L50|\n|poke|p2|Tatsugiri, L50, F|\n|poke|p2|Dondozo, L50, M|\n|poke|p2|Miraidon, L50|\n|poke|p2|Calyrex-Ice, L50|\n|poke|p2|Incineroar, L50, M|\n|poke|p2|Landorus, L50, M|\n|teampreview|4\n|inactive|Battle timer is ON: inactive players will automatically lose when time's up. (requested by Loiradotchan16)\n|\n|t:|1773407188\n|teamsize|p1|4\n|teamsize|p2|4\n|start\n|switch|p1a: Miraidon|Miraidon, L50|100/100\n|switch|p1b: Iron Hands|Iron Hands, L50|100/100\n|switch|p2a: \u629b\u5f00\u864e\u54e5\u54ee\u7a74|Incineroar, L50, M, shiny|100/100\n|switch|p2b: \u9e7f\u51a0\u738b|Calyrex-Ice, L50|100/100\n|-ability|p2b: \u9e7f\u51a0\u738b|As One\n|-ability|p2b: \u9e7f\u51a0\u738b|Unnerve\n|-fieldstart|move: Electric Terrain|[from] ability: Hadron Engine|[of] p1a: Miraidon\n|-activate|p1b: Iron Hands|ability: Quark Drive\n|-start|p1b: Iron Hands|quarkdriveatk\n|-ability|p2a: \u629b\u5f00\u864e\u54e5\u54ee\u7a74|Intimidate|boost\n|-unboost|p1a: Miraidon|atk|1\n|-unboost|p1b: Iron Hands|atk|1\n|turn|1\n|\n|t:|1773407201\n|move|p2a: \u629b\u5f00\u864e\u54e5\u54ee\u7a74|Fake Out|p1b: Iron Hands\n|-damage|p1b: Iron Hands|93/100\n|cant|p1b: Iron Hands|flinch\n|move|p1a: Miraidon|Volt Switch|p2a: \u629b\u5f00\u864e\u54e5\u54ee\u7a74\n|-damage|p2a: \u629b\u5f00\u864e\u54e5\u54ee\u7a74|46/100\n|\n|t:|1773407209\n|switch|p1a: Calyrex|Calyrex-Ice, L50|100/100|[from] Volt Switch\n|-ability|p1a: Calyrex|As One\n|-ability|p1a: Calyrex|Unnerve\n|move|p2b: \u9e7f\u51a0\u738b|Glacial Lance|p1b: Iron Hands|[spread] p1a,p1b\n|-resisted|p1a: Calyrex\n|-damage|p1a: Calyrex|82/100\n|-damage|p1b: Iron Hands|53/100\n|\n|upkeep\n|turn|2\n|inactive|Loiradotchan16 has 30 seconds left.\n|inactive|Loiradotchan16 has 20 seconds left.\n|inactive|Loiradotchan16 has 15 seconds left.\n|\n|t:|1773407249\n|-terastallize|p1a: Calyrex|Fire\n|move|p2a: \u629b\u5f00\u864e\u54e5\u54ee\u7a74|U-turn|p1b: Iron Hands\n|-resisted|p1b: Iron Hands\n|-damage|p1b: Iron Hands|47/100\n|\n|t:|1773407255\n|switch|p2a: \u8981\u9646\u4e91\u4e86|Landorus, L50, M, shiny|100/100|[from] U-turn\n|move|p1b: Iron Hands|Drain Punch|p2a: \u8981\u9646\u4e91\u4e86\n|-resisted|p2a: \u8981\u9646\u4e91\u4e86\n|-damage|p2a: \u8981\u9646\u4e91\u4e86|77/100\n|-heal|p1b: Iron Hands|55/100|[from] drain|[of] p2a: \u8981\u9646\u4e91\u4e86\n|move|p2b: \u9e7f\u51a0\u738b|Leech Seed|p1a: Calyrex\n|-start|p1a: Calyrex|move: Leech Seed\n|move|p1a: Calyrex|Trick Room|p1a: Calyrex\n|-fieldstart|move: Trick Room|[of] p1a: Calyrex\n|\n|-damage|p1a: Calyrex|70/100|[from] Leech Seed|[of] p2b: \u9e7f\u51a0\u738b\n|upkeep\n|turn|3\n|\n|t:|1773407274\n|move|p2a: \u8981\u9646\u4e91\u4e86|Protect|p2a: \u8981\u9646\u4e91\u4e86\n|-singleturn|p2a: \u8981\u9646\u4e91\u4e86|Protect\n|move|p1b: Iron Hands|Low Kick|p2b: \u9e7f\u51a0\u738b\n|-damage|p2b: \u9e7f\u51a0\u738b|63/100\n|move|p1a: Calyrex|Glacial Lance|p2b: \u9e7f\u51a0\u738b|[spread] p2b\n|-activate|p2a: \u8981\u9646\u4e91\u4e86|move: Protect\n|-resisted|p2b: \u9e7f\u51a0\u738b\n|-damage|p2b: \u9e7f\u51a0\u738b|46/100\n|move|p2b: \u9e7f\u51a0\u738b|Glacial Lance|p1b: Iron Hands|[spread] p1a,p1b\n|-resisted|p1a: Calyrex\n|-damage|p1a: Calyrex|51/100\n|-damage|p1b: Iron Hands|15/100\n|\n|-damage|p1a: Calyrex|39/100|[from] Leech Seed|[of] p2b: \u9e7f\u51a0\u738b\n|-heal|p2b: \u9e7f\u51a0\u738b|58/100|[silent]\n|upkeep\n|turn|4\n|j| blackred123\n|\n|t:|1773407293\n|switch|p2a: \u629b\u5f00\u864e\u54e5\u54ee\u7a74|Incineroar, L50, M, shiny|46/100\n|-ability|p2a: \u629b\u5f00\u864e\u54e5\u54ee\u7a74|Intimidate|boost\n|-fail|p1a: Calyrex|unboost|[from] item: Clear Amulet|[of] p1a: Calyrex\n|-unboost|p1b: Iron Hands|atk|1\n|move|p1a: Calyrex|Glacial Lance|p2a: \u629b\u5f00\u864e\u54e5\u54ee\u7a74|[spread] p2a,p2b\n|-resisted|p2a: \u629b\u5f00\u864e\u54e5\u54ee\u7a74\n|-resisted|p2b: \u9e7f\u51a0\u738b\n|-damage|p2a: \u629b\u5f00\u864e\u54e5\u54ee\u7a74|18/100\n|-damage|p2b: \u9e7f\u51a0\u738b|39/100\n|move|p2b: \u9e7f\u51a0\u738b|Glacial Lance|p1a: Calyrex|[spread] p1a,p1b\n|-resisted|p1a: Calyrex\n|-damage|p1a: Calyrex|20/100\n|-damage|p1b: Iron Hands|0 fnt\n|faint|p1b: Iron Hands\n|-end|p1b: Iron Hands|Quark Drive|[silent]\n|-ability|p2b: \u9e7f\u51a0\u738b|Chilling Neigh|boost\n|-boost|p2b: \u9e7f\u51a0\u738b|atk|1\n|\n|-damage|p1a: Calyrex|8/100|[from] Leech Seed|[of] p2b: \u9e7f\u51a0\u738b\n|-heal|p2b: \u9e7f\u51a0\u738b|51/100|[silent]\n|upkeep\n|\n|t:|1773407307\n|switch|p1b: Iron Treads|Iron Treads, L50|100/100\n|-activate|p1b: Iron Treads|ability: Quark Drive\n|-start|p1b: Iron Treads|quarkdrivespe\n|turn|5\n|\n|t:|1773407317\n|move|p1a: Calyrex|Protect|p1a: Calyrex\n|-singleturn|p1a: Calyrex|Protect\n|move|p1b: Iron Treads|Protect|p1b: Iron Treads\n|-singleturn|p1b: Iron Treads|Protect\n|move|p2a: \u629b\u5f00\u864e\u54e5\u54ee\u7a74|Fake Out|p1b: Iron Treads\n|-activate|p1b: Iron Treads|move: Protect\n|move|p2b: \u9e7f\u51a0\u738b|Glacial Lance|p1a: Calyrex|[spread] \n|-activate|p1a: Calyrex|move: Protect\n|-activate|p1b: Iron Treads|move: Protect\n|\n|-damage|p1a: Calyrex|0 fnt|[from] Leech Seed|[of] p2b: \u9e7f\u51a0\u738b\n|-heal|p2b: \u9e7f\u51a0\u738b|58/100|[silent]\n|faint|p1a: Calyrex\n|-fieldend|move: Electric Terrain\n|-end|p1b: Iron Treads|Quark Drive\n|upkeep\n|\n|t:|1773407327\n|switch|p1a: Miraidon|Miraidon, L50|100/100\n|-fieldstart|move: Electric Terrain|[from] ability: Hadron Engine|[of] p1a: Miraidon\n|-activate|p1b: Iron Treads|ability: Quark Drive\n|-start|p1b: Iron Treads|quarkdrivespe\n|turn|6\n|\n|t:|1773407337\n|move|p2b: \u9e7f\u51a0\u738b|Glacial Lance|p1a: Miraidon|[spread] p1a,p1b\n|-supereffective|p1a: Miraidon\n|-damage|p1a: Miraidon|0 fnt\n|-damage|p1b: Iron Treads|13/100\n|faint|p1a: Miraidon\n|-ability|p2b: \u9e7f\u51a0\u738b|Chilling Neigh|boost\n|-boost|p2b: \u9e7f\u51a0\u738b|atk|1\n|move|p2a: \u629b\u5f00\u864e\u54e5\u54ee\u7a74|Flare Blitz|p1b: Iron Treads\n|-supereffective|p1b: Iron Treads\n|-damage|p1b: Iron Treads|0 fnt\n|faint|p1b: Iron Treads\n|-end|p1b: Iron Treads|Quark Drive|[silent]\n|-damage|p2a: \u629b\u5f00\u864e\u54e5\u54ee\u7a74|14/100|[from] Recoil\n|\n|win|dasabe\u76d6\u6b27\u5361\u4fa0\n|raw|Loiradotchan16's rating: 1446 &rarr; <strong>1426</strong><br />(-20 for losing)\n|raw|dasabe\u76d6\u6b27\u5361\u4fa0's rating: 1454 &rarr; <strong>1474</strong><br />(+20 for winning)\n|l|\u2606Loiradotchan16\n|player|p1|\n","uploadtime":1773407563,"views":16,"formatid":"gen9vgc2026regi","rating":1426,"private":0,"password":null}