{"id":"gen9vgc2026regi-2590243731","format":"[Gen 9] VGC 2026 Reg I","players":["testhan92","Manifust"],"log":"|j|\u2606testhan92\n|j|\u2606Manifust\n|t:|1776795939\n|gametype|doubles\n|player|p1|testhan92|169|1469\n|player|p2|Manifust|2|1366\n|gen|9\n|tier|[Gen 9] VGC 2026 Reg I\n|rated|\n|rule|Species Clause: Limit one of each Pok\u00e9mon\n|rule|Item Clause: Limit 1 of each item\n|clearpoke\n|poke|p1|Koraidon, L50|\n|poke|p1|Calyrex-Ice, L50|\n|poke|p1|Rillaboom, L50, F|\n|poke|p1|Incineroar, L50, M|\n|poke|p1|Smeargle, L50, F|\n|poke|p1|Landorus, L50, M|\n|poke|p2|Zamazenta-*, L50|\n|poke|p2|Urshifu-*, L50, M|\n|poke|p2|Farigiraf, L50, F|\n|poke|p2|Gholdengo, L50|\n|poke|p2|Calyrex-Ice, L50|\n|poke|p2|Rillaboom, L50, F|\n|teampreview|4\n|inactive|Battle timer is ON: inactive players will automatically lose when time's up. (requested by Manifust)\nManifust has agreed to open team sheets.\n|\n|t:|1776795963\n|teamsize|p1|4\n|teamsize|p2|4\n|start\n|switch|p1a: Calyrex|Calyrex-Ice, L50|100/100\n|switch|p1b: Smeargle|Smeargle, L50, F|100/100\n|switch|p2a: Zamazenta|Zamazenta-Crowned, L50|100/100\n|switch|p2b: Farigiraf|Farigiraf, L50, F|100/100\n|-ability|p1a: Calyrex|As One\n|-ability|p1a: Calyrex|Unnerve\n|-ability|p2a: Zamazenta|Dauntless Shield|boost\n|-boost|p2a: Zamazenta|def|1\n|turn|1\n|\n|t:|1776795979\n|move|p1b: Smeargle|Spore|p2b: Farigiraf\n|-status|p2b: Farigiraf|slp|[from] move: Spore\n|move|p2a: Zamazenta|Iron Defense|p2a: Zamazenta\n|-boost|p2a: Zamazenta|def|2\n|cant|p2b: Farigiraf|slp\n|move|p1a: Calyrex|Leech Seed|p2a: Zamazenta\n|-start|p2a: Zamazenta|move: Leech Seed\n|\n|-damage|p2a: Zamazenta|88/100|[from] Leech Seed|[of] p1a: Calyrex\n|-ability|p1b: Smeargle|Moody|boost\n|-boost|p1b: Smeargle|def|2\n|-unboost|p1b: Smeargle|spa|1\n|upkeep\n|turn|2\n|\n|t:|1776796004\n|switch|p2b: Gholdengo|Gholdengo, L50|100/100\n|move|p1b: Smeargle|Spore|p2a: Zamazenta\n|-status|p2a: Zamazenta|slp|[from] move: Spore\n|cant|p2a: Zamazenta|slp\n|move|p1a: Calyrex|Glacial Lance|p2a: Zamazenta|[spread] p2a,p2b\n|-resisted|p2a: Zamazenta\n|-crit|p2a: Zamazenta\n|-resisted|p2b: Gholdengo\n|-damage|p2a: Zamazenta|65/100 slp\n|-damage|p2b: Gholdengo|73/100\n|\n|-damage|p2a: Zamazenta|53/100 slp|[from] Leech Seed|[of] p1a: Calyrex\n|-ability|p1b: Smeargle|Moody|boost\n|-boost|p1b: Smeargle|spa|2\n|-unboost|p1b: Smeargle|spe|1\n|upkeep\n|turn|3\n|\n|t:|1776796027\n|switch|p1a: Incineroar|Incineroar, L50, M|100/100\n|-ability|p1a: Incineroar|Intimidate|boost\n|-unboost|p2a: Zamazenta|atk|1\n|-unboost|p2b: Gholdengo|atk|1\n|cant|p2a: Zamazenta|slp\n|move|p1b: Smeargle|Ruination|p2b: Gholdengo\n|-damage|p2b: Gholdengo|37/100\n|move|p2b: Gholdengo|Make It Rain|p1b: Smeargle|[spread] p1a,p1b\n|-resisted|p1a: Incineroar\n|-damage|p1a: Incineroar|79/100\n|-enditem|p1b: Smeargle|Focus Sash\n|-damage|p1b: Smeargle|1/100\n|-unboost|p2b: Gholdengo|spa|1\n|\n|-damage|p2a: Zamazenta|41/100 slp|[from] Leech Seed|[of] p1a: Incineroar\n|-heal|p1a: Incineroar|91/100|[silent]\n|-ability|p1b: Smeargle|Moody|boost\n|-boost|p1b: Smeargle|spe|2\n|-unboost|p1b: Smeargle|def|1\n|upkeep\n|turn|4\n|\n|t:|1776796051\n|move|p1b: Smeargle|Follow Me|p1b: Smeargle\n|-singleturn|p1b: Smeargle|move: Follow Me\n|cant|p2a: Zamazenta|slp\n|move|p2b: Gholdengo|Make It Rain|p1a: Incineroar|[spread] p1a,p1b\n|-resisted|p1a: Incineroar\n|-damage|p1a: Incineroar|75/100\n|-damage|p1b: Smeargle|0 fnt\n|-unboost|p2b: Gholdengo|spa|1\n|faint|p1b: Smeargle\n|move|p1a: Incineroar|Knock Off|p2b: Gholdengo\n|-supereffective|p2b: Gholdengo\n|-damage|p2b: Gholdengo|0 fnt\n|-enditem|p2b: Gholdengo|Focus Sash|[from] move: Knock Off|[of] p1a: Incineroar\n|faint|p2b: Gholdengo\n|\n|-damage|p2a: Zamazenta|29/100 slp|[from] Leech Seed|[of] p1a: Incineroar\n|-heal|p1a: Incineroar|87/100|[silent]\n|upkeep\n|\n|t:|1776796063\n|switch|p1b: Calyrex|Calyrex-Ice, L50|100/100\n|switch|p2b: Calyrex|Calyrex-Ice, L50|100/100\n|-ability|p1b: Calyrex|As One\n|-ability|p1b: Calyrex|Unnerve\n|-ability|p2b: Calyrex|As One\n|-ability|p2b: Calyrex|Unnerve\n|turn|5\n|\n|t:|1776796083\n|switch|p1a: Landorus|Landorus, L50, M|100/100\n|-curestatus|p2a: Zamazenta|slp|[msg]\n|move|p2a: Zamazenta|Body Press|p1a: Landorus\n|-resisted|p1a: Landorus\n|-damage|p1a: Landorus|44/100\n|move|p1b: Calyrex|Leech Seed|p2b: Calyrex\n|-start|p2b: Calyrex|move: Leech Seed\n|move|p2b: Calyrex|Swords Dance|p2b: Calyrex\n|-boost|p2b: Calyrex|atk|2\n|\n|-damage|p2a: Zamazenta|17/100|[from] Leech Seed|[of] p1a: Landorus\n|-heal|p1a: Landorus|56/100|[silent]\n|-damage|p2b: Calyrex|88/100|[from] Leech Seed|[of] p1b: Calyrex\n|upkeep\n|turn|6\n|\n|t:|1776796106\n|move|p1a: Landorus|Protect|p1a: Landorus\n|-singleturn|p1a: Landorus|Protect\n|move|p2a: Zamazenta|Body Press|p1b: Calyrex\n|-damage|p1b: Calyrex|36/100\n|move|p1b: Calyrex|Glacial Lance|p2a: Zamazenta|[spread] p2a,p2b\n|-resisted|p2a: Zamazenta\n|-resisted|p2b: Calyrex\n|-damage|p2a: Zamazenta|11/100\n|-damage|p2b: Calyrex|72/100\n|move|p2b: Calyrex|Glacial Lance|p1a: Landorus|[spread] p1b\n|-activate|p1a: Landorus|move: Protect\n|-resisted|p1b: Calyrex\n|-damage|p1b: Calyrex|1/100\n|\n|-heal|p1b: Calyrex|7/100|[from] item: Leftovers\n|-damage|p2a: Zamazenta|0 fnt|[from] Leech Seed|[of] p1a: Landorus\n|-heal|p1a: Landorus|67/100|[silent]\n|faint|p2a: Zamazenta\n|-damage|p2b: Calyrex|60/100|[from] Leech Seed|[of] p1b: Calyrex\n|-heal|p1b: Calyrex|20/100|[silent]\n|upkeep\n|\n|t:|1776796119\n|switch|p2a: Farigiraf|Farigiraf, L50, F|100/100 slp\n|turn|7\n|\n|t:|1776796132\n|switch|p1b: Incineroar|Incineroar, L50, M|87/100\n|-ability|p1b: Incineroar|Intimidate|boost\n|-unboost|p2a: Farigiraf|atk|1\n|-fail|p2b: Calyrex|unboost|[from] item: Clear Amulet|[of] p2b: Calyrex\n|-terastallize|p1a: Landorus|Water\n|move|p1a: Landorus|Earth Power|p2b: Calyrex\n|-damage|p2b: Calyrex|3/100\n|move|p2b: Calyrex|Glacial Lance|p1b: Incineroar|[spread] p1a,p1b\n|-resisted|p1a: Landorus\n|-resisted|p1b: Incineroar\n|-damage|p1a: Landorus|7/100\n|-damage|p1b: Incineroar|44/100\n|-curestatus|p2a: Farigiraf|slp|[msg]\n|move|p2a: Farigiraf|Trick Room|p2a: Farigiraf\n|-fieldstart|move: Trick Room|[of] p2a: Farigiraf\n|\n|-damage|p2b: Calyrex|0 fnt|[from] Leech Seed|[of] p1b: Incineroar\n|-heal|p1b: Incineroar|47/100|[silent]\n|faint|p2b: Calyrex\n|upkeep\n|turn|8\n|inactive|testhan92 has 30 seconds left.\n|\n|t:|1776796159\n|-terastallize|p2a: Farigiraf|Ground\n|move|p1a: Landorus|Protect|p1a: Landorus\n|-singleturn|p1a: Landorus|Protect\n|move|p1b: Incineroar|Knock Off|p2a: Farigiraf\n|-damage|p2a: Farigiraf|70/100\n|-enditem|p2a: Farigiraf|Mental Herb|[from] move: Knock Off|[of] p1b: Incineroar\n|move|p2a: Farigiraf|Hyper Voice|p1b: Incineroar|[spread] p1b\n|-activate|p1a: Landorus|move: Protect\n|-damage|p1b: Incineroar|24/100\n|\n|upkeep\n|turn|9\n|\n|t:|1776796177\n|move|p1b: Incineroar|Parting Shot|p2a: Farigiraf\n|-unboost|p2a: Farigiraf|atk|1\n|-unboost|p2a: Farigiraf|spa|1\n|\n|t:|1776796180\n|switch|p1b: Calyrex|Calyrex-Ice, L50|20/100|[from] Parting Shot\n|-ability|p1b: Calyrex|As One\n|-ability|p1b: Calyrex|Unnerve\n|move|p2a: Farigiraf|Hyper Voice|p1a: Landorus|[spread] p1a,p1b\n|-damage|p1a: Landorus|0 fnt\n|-damage|p1b: Calyrex|10/100\n|faint|p1a: Landorus\n|\n|-heal|p1b: Calyrex|16/100|[from] item: Leftovers\n|upkeep\n|\n|t:|1776796192\n|switch|p1a: Incineroar|Incineroar, L50, M|24/100\n|-ability|p1a: Incineroar|Intimidate|boost\n|-unboost|p2a: Farigiraf|atk|1\n|turn|10\n|\n|t:|1776796199\n|move|p1b: Calyrex|Protect|p1b: Calyrex\n|-singleturn|p1b: Calyrex|Protect\n|move|p1a: Incineroar|Parting Shot|p2a: Farigiraf\n|-unboost|p2a: Farigiraf|atk|1\n|-unboost|p2a: Farigiraf|spa|1\n|move|p2a: Farigiraf|Hyper Voice|p1b: Calyrex|[spread] p1a\n|-activate|p1b: Calyrex|move: Protect\n|-damage|p1a: Incineroar|14/100\n|\n|-heal|p1b: Calyrex|22/100|[from] item: Leftovers\n|upkeep\n|turn|11\n|\n|t:|1776796216\n|move|p1a: Incineroar|Knock Off|p2a: Farigiraf\n|-damage|p2a: Farigiraf|50/100\n|move|p2a: Farigiraf|Hyper Voice|p1b: Calyrex|[spread] p1a,p1b\n|-damage|p1a: Incineroar|3/100\n|-damage|p1b: Calyrex|15/100\n|move|p1b: Calyrex|Glacial Lance|p2a: Farigiraf\n|-supereffective|p2a: Farigiraf\n|-damage|p2a: Farigiraf|0 fnt\n|faint|p2a: Farigiraf\n|\n|win|testhan92\n|raw|testhan92's rating: 1469 &rarr; <strong>1483</strong><br />(+14 for winning)\n|raw|Manifust's rating: 1366 &rarr; <strong>1352</strong><br />(-14 for losing)\n|l|\u2606Manifust\n|player|p2|\n|l|\u2606testhan92\n|player|p1|\n","uploadtime":1776796495,"views":10,"formatid":"gen9vgc2026regi","rating":1352,"private":0,"password":null}