{"id":"gen9vgc2026regi-2554322674","format":"[Gen 9] VGC 2026 Reg I","players":["barcelonaboy","blackred123"],"log":"|j|\u2606barcelonaboy\n|j|\u2606blackred123\n|t:|1772947068\n|gametype|doubles\n|player|p1|barcelonaboy|2|1449\n|player|p2|blackred123|iono-masters|1538\n|gen|9\n|tier|[Gen 9] VGC 2026 Reg I\n|rated|\n|rule|Species Clause: Limit one of each Pok\u00e9mon\n|rule|Item Clause: Limit 1 of each item\n|clearpoke\n|poke|p1|Kyogre, L50|\n|poke|p1|Zacian-*, L50|\n|poke|p1|Chien-Pao, L50|\n|poke|p1|Roaring Moon, L50|\n|poke|p1|Amoonguss, L50, F|\n|poke|p1|Grimmsnarl, L50, M|\n|poke|p2|Calyrex-Shadow, L50|\n|poke|p2|Zamazenta-*, L50|\n|poke|p2|Chien-Pao, L50|\n|poke|p2|Raging Bolt, L50|\n|poke|p2|Whimsicott, L50, F|\n|poke|p2|Ogerpon-Cornerstone, L50, F|\n|teampreview|4\n|inactive|Battle timer is ON: inactive players will automatically lose when time's up. (requested by barcelonaboy)\n|inactive|blackred123 also wants the timer to be on.\n|inactive|barcelonaboy has 60 seconds left.\n|inactive|blackred123 has 60 seconds left.\n|inactive|barcelonaboy has 30 seconds left.\n|inactive|barcelonaboy has 20 seconds left.\n|\n|t:|1772947141\n|teamsize|p1|4\n|teamsize|p2|4\n|start\n|switch|p1a: Chien-Pao|Chien-Pao, L50|100/100\n|switch|p1b: Zacian|Zacian-Crowned, L50|100/100\n|switch|p2a: \u55f7\u55f7\u55f7\u55f7|Zamazenta-Crowned, L50|100/100\n|switch|p2b: \u829d\u58eb\u96ea\u8c79|Chien-Pao, L50|100/100\n|-ability|p1b: Zacian|Intrepid Sword|boost\n|-boost|p1b: Zacian|atk|1\n|-ability|p1a: Chien-Pao|Sword of Ruin\n|-ability|p2b: \u829d\u58eb\u96ea\u8c79|Sword of Ruin\n|-ability|p2a: \u55f7\u55f7\u55f7\u55f7|Dauntless Shield|boost\n|-boost|p2a: \u55f7\u55f7\u55f7\u55f7|def|1\n|turn|1\n|\n|t:|1772947165\n|move|p1b: Zacian|Protect|p1b: Zacian\n|-singleturn|p1b: Zacian|Protect\n|move|p1a: Chien-Pao|Protect|p1a: Chien-Pao\n|-singleturn|p1a: Chien-Pao|Protect\n|move|p2b: \u829d\u58eb\u96ea\u8c79|Icy Wind|p1a: Chien-Pao|[spread] \n|-activate|p1a: Chien-Pao|move: Protect\n|-activate|p1b: Zacian|move: Protect\n|move|p2a: \u55f7\u55f7\u55f7\u55f7|Body Press|p1b: Zacian\n|-activate|p1b: Zacian|move: Protect\n|\n|upkeep\n|turn|2\n|inactive|barcelonaboy has 30 seconds left.\n|\n|t:|1772947192\n|move|p1b: Zacian|Play Rough|p2a: \u55f7\u55f7\u55f7\u55f7|[miss]\n|-miss|p1b: Zacian|p2a: \u55f7\u55f7\u55f7\u55f7\n|move|p1a: Chien-Pao|Sacred Sword|p2a: \u55f7\u55f7\u55f7\u55f7\n|-supereffective|p2a: \u55f7\u55f7\u55f7\u55f7\n|-damage|p2a: \u55f7\u55f7\u55f7\u55f7|54/100\n|move|p2b: \u829d\u58eb\u96ea\u8c79|Icy Wind|p1b: Zacian|[spread] p1a,p1b\n|-resisted|p1a: Chien-Pao\n|-resisted|p1b: Zacian\n|-damage|p1a: Chien-Pao|91/100\n|-damage|p1b: Zacian|96/100\n|-unboost|p1a: Chien-Pao|spe|1\n|-unboost|p1b: Zacian|spe|1\n|move|p2a: \u55f7\u55f7\u55f7\u55f7|Body Press|p1b: Zacian\n|-damage|p1b: Zacian|27/100\n|\n|upkeep\n|turn|3\n|\n|t:|1772947213\n|switch|p1a: Roaring Moon|Roaring Moon, L50|100/100\n|-enditem|p1a: Roaring Moon|Booster Energy\n|-activate|p1a: Roaring Moon|ability: Protosynthesis|[fromitem]\n|-start|p1a: Roaring Moon|protosynthesisspe\n|move|p1b: Zacian|Protect|p1b: Zacian\n|-singleturn|p1b: Zacian|Protect\n|move|p2b: \u829d\u58eb\u96ea\u8c79|Ice Spinner|p1b: Zacian\n|-activate|p1b: Zacian|move: Protect\n|move|p2a: \u55f7\u55f7\u55f7\u55f7|Body Press|p1a: Roaring Moon\n|-supereffective|p1a: Roaring Moon\n|-damage|p1a: Roaring Moon|0 fnt\n|faint|p1a: Roaring Moon\n|-end|p1a: Roaring Moon|Protosynthesis|[silent]\n|\n|upkeep\n|\n|t:|1772947231\n|switch|p1a: Chien-Pao|Chien-Pao, L50|91/100\n|-ability|p1a: Chien-Pao|Sword of Ruin\n|turn|4\n|inactive|barcelonaboy has 30 seconds left.\n|\n|t:|1772947263\n|switch|p1b: Kyogre|Kyogre, L50|100/100\n|-weather|RainDance|[from] ability: Drizzle|[of] p1b: Kyogre\n|move|p1a: Chien-Pao|Protect|p1a: Chien-Pao\n|-singleturn|p1a: Chien-Pao|Protect\n|move|p2b: \u829d\u58eb\u96ea\u8c79|Ice Spinner|p1b: Kyogre\n|-resisted|p1b: Kyogre\n|-damage|p1b: Kyogre|84/100\n|move|p2a: \u55f7\u55f7\u55f7\u55f7|Body Press|p1b: Kyogre\n|-damage|p1b: Kyogre|12/100\n|\n|-weather|RainDance|[upkeep]\n|upkeep\n|turn|5\n|-message|barcelonaboy forfeited.\n|\n|win|blackred123\n|raw|barcelonaboy's rating: 1449 &rarr; <strong>1434</strong><br />(-15 for losing)\n|raw|blackred123's rating: 1538 &rarr; <strong>1553</strong><br />(+15 for winning)\n|l|\u2606barcelonaboy\n|player|p1|\n","uploadtime":1772947470,"views":13,"formatid":"gen9vgc2026regi","rating":1434,"private":0,"password":null}