{"id":"gen9vgc2026regi-2556506995","format":"[Gen 9] VGC 2026 Reg I","players":["marcxhenry","drive stone"],"log":"|j|\u2606marcxhenry\n|j|\u2606drive stone\n|t:|1773217831\n|gametype|doubles\n|player|p1|marcxhenry|hilbert-wonderlauncher|1478\n|player|p2|drive stone|cilan|1496\n|gen|9\n|tier|[Gen 9] VGC 2026 Reg I\n|rated|\n|rule|Species Clause: Limit one of each Pok\u00e9mon\n|rule|Item Clause: Limit 1 of each item\n|clearpoke\n|poke|p1|Calyrex-Shadow, L50|\n|poke|p1|Urshifu-*, L50, M|\n|poke|p1|Roaring Moon, L50|\n|poke|p1|Kyogre, L50|\n|poke|p1|Tsareena, L50, F|\n|poke|p1|Kingambit, L50, M|\n|poke|p2|Calyrex-Ice, L50|\n|poke|p2|Ho-Oh, L50|\n|poke|p2|Overqwil, L50, F|\n|poke|p2|Rillaboom, L50, M|\n|poke|p2|Ting-Lu, L50|\n|poke|p2|Ogerpon-Wellspring, L50, F|\n|teampreview|4\n|\n|t:|1773217904\n|teamsize|p1|4\n|teamsize|p2|4\n|start\n|switch|p1a: Tripitz|Kyogre, L50, shiny|100/100\n|switch|p1b: Hitmonshe|Tsareena, L50, F, shiny|100/100\n|switch|p2a: Calyrex|Calyrex-Ice, L50|100/100\n|switch|p2b: Ogerpon|Ogerpon-Wellspring, L50, F|100/100\n|-ability|p2a: Calyrex|As One\n|-ability|p2a: Calyrex|Unnerve\n|-weather|RainDance|[from] ability: Drizzle|[of] p1a: Tripitz\n|turn|1\n|\n|t:|1773217925\n|switch|p1a: Hermann|Kingambit, L50, M, shiny|100/100\n|-terastallize|p1b: Hitmonshe|Water\n|-terastallize|p2a: Calyrex|Water\n|move|p2b: Ogerpon|Horn Leech|p1a: Hermann\n|-resisted|p1a: Hermann\n|-damage|p1a: Hermann|85/100\n|move|p1b: Hitmonshe|Power Whip|p2a: Calyrex\n|-supereffective|p2a: Calyrex\n|-damage|p2a: Calyrex|37/100\n|move|p2a: Calyrex|Trick Room|p2a: Calyrex\n|-fieldstart|move: Trick Room|[of] p2a: Calyrex\n|\n|-weather|RainDance|[upkeep]\n|-heal|p2a: Calyrex|43/100|[from] item: Leftovers\n|upkeep\n|turn|2\n|\n|t:|1773217948\n|switch|p2a: Ho-Oh|Ho-Oh, L50|100/100\n|move|p1a: Hermann|Kowtow Cleave|p2b: Ogerpon\n|-crit|p2b: Ogerpon\n|-damage|p2b: Ogerpon|25/100\n|move|p1b: Hitmonshe|Power Whip|p2b: Ogerpon\n|-damage|p2b: Ogerpon|0 fnt\n|faint|p2b: Ogerpon\n|\n|-weather|RainDance|[upkeep]\n|upkeep\n|\n|t:|1773217960\n|switch|p2b: Ting-Lu|Ting-Lu, L50|100/100\n|-ability|p2b: Ting-Lu|Vessel of Ruin\n|turn|3\n|\n|t:|1773217971\n|move|p2b: Ting-Lu|Earthquake|p1b: Hitmonshe|[spread] p1a,p1b\n|-immune|p2a: Ho-Oh\n|-supereffective|p1a: Hermann\n|-damage|p1a: Hermann|3/100\n|-damage|p1b: Hitmonshe|34/100\n|move|p1a: Hermann|Iron Head|p2b: Ting-Lu\n|-damage|p2b: Ting-Lu|72/100\n|move|p2a: Ho-Oh|Sacred Fire|p1b: Hitmonshe|[miss]\n|-miss|p2a: Ho-Oh|p1b: Hitmonshe\n|move|p1b: Hitmonshe|Power Whip|p2b: Ting-Lu\n|-supereffective|p2b: Ting-Lu\n|-damage|p2b: Ting-Lu|3/100\n|\n|-weather|RainDance|[upkeep]\n|upkeep\n|turn|4\n|\n|t:|1773217995\n|switch|p2b: Calyrex|Calyrex-Ice, L50, tera:Water|43/100\n|-ability|p2b: Calyrex|As One\n|-ability|p2b: Calyrex|Unnerve\n|move|p1b: Hitmonshe|Protect|p1b: Hitmonshe\n|-singleturn|p1b: Hitmonshe|Protect\n|move|p1a: Hermann|Sucker Punch||[still]\n|-fail|p1a: Hermann\n|move|p2a: Ho-Oh|Sacred Fire|p1b: Hitmonshe\n|-activate|p1b: Hitmonshe|move: Protect\n|\n|-weather|RainDance|[upkeep]\n|-heal|p2b: Calyrex|48/100|[from] item: Leftovers\n|upkeep\n|turn|5\n|\n|t:|1773218024\n|move|p2b: Calyrex|Protect|p2b: Calyrex\n|-singleturn|p2b: Calyrex|Protect\n|move|p1b: Hitmonshe|Protect|p1b: Hitmonshe\n|-singleturn|p1b: Hitmonshe|Protect\n|move|p1a: Hermann|Sucker Punch||[still]\n|-fail|p1a: Hermann\n|move|p2a: Ho-Oh|Life Dew||[still]|[spread] p2a,p2b\n|-fail|p2a: Ho-Oh|heal\n|-heal|p2b: Calyrex|73/100\n|\n|-weather|none\n|-heal|p2b: Calyrex|79/100|[from] item: Leftovers\n|-fieldend|move: Trick Room\n|upkeep\n|turn|6\n|\n|t:|1773218047\n|move|p1a: Hermann|Sucker Punch||[still]\n|-fail|p1a: Hermann\n|move|p1b: Hitmonshe|Power Whip|p2b: Calyrex\n|-supereffective|p2b: Calyrex\n|-damage|p2b: Calyrex|10/100\n|move|p2a: Ho-Oh|Life Dew||[still]|[spread] p2a,p2b\n|-fail|p2a: Ho-Oh|heal\n|-heal|p2b: Calyrex|35/100\n|move|p2b: Calyrex|Trick Room|p2b: Calyrex\n|-fieldstart|move: Trick Room|[of] p2b: Calyrex\n|\n|-heal|p2b: Calyrex|41/100|[from] item: Leftovers\n|upkeep\n|turn|7\n|\n|t:|1773218064\n|move|p2b: Calyrex|Protect|p2b: Calyrex\n|-singleturn|p2b: Calyrex|Protect\n|move|p1a: Hermann|Iron Head|p2a: Ho-Oh\n|-resisted|p2a: Ho-Oh\n|-damage|p2a: Ho-Oh|85/100\n|-damage|p1a: Hermann|0 fnt|[from] item: Rocky Helmet|[of] p2a: Ho-Oh\n|faint|p1a: Hermann\n|move|p2a: Ho-Oh|Sacred Fire|p1b: Hitmonshe\n|-resisted|p1b: Hitmonshe\n|-damage|p1b: Hitmonshe|9/100\n|-status|p1b: Hitmonshe|brn\n|move|p1b: Hitmonshe|Power Whip|p2b: Calyrex\n|-activate|p2b: Calyrex|move: Protect\n|\n|-heal|p2b: Calyrex|46/100|[from] item: Leftovers\n|-damage|p1b: Hitmonshe|4/100 brn|[from] brn\n|upkeep\n|\n|t:|1773218080\n|switch|p1a: Ludwig|Calyrex-Shadow, L50|100/100\n|-ability|p1a: Ludwig|As One\n|-ability|p1a: Ludwig|Unnerve\n|turn|8\n|\n|t:|1773218092\n|switch|p1b: Tripitz|Kyogre, L50, shiny|100/100\n|-weather|RainDance|[from] ability: Drizzle|[of] p1b: Tripitz\n|move|p2b: Calyrex|Glacial Lance|p1a: Ludwig|[spread] p1a,p1b\n|-resisted|p1b: Tripitz\n|-damage|p1a: Ludwig|40/100\n|-damage|p1b: Tripitz|77/100\n|move|p2a: Ho-Oh|Sacred Fire|p1a: Ludwig\n|-damage|p1a: Ludwig|15/100\n|-status|p1a: Ludwig|brn\n|move|p1a: Ludwig|Trick Room|p1a: Ludwig\n|-fieldend|move: Trick Room\n|\n|-weather|RainDance|[upkeep]\n|-heal|p2b: Calyrex|52/100|[from] item: Leftovers\n|-damage|p1a: Ludwig|10/100 brn|[from] brn\n|upkeep\n|turn|9\n|\n|t:|1773218114\n|switch|p1a: Hitmonshe|Tsareena, L50, F, shiny, tera:Water|4/100 brn\n|move|p2a: Ho-Oh|Protect|p2a: Ho-Oh\n|-singleturn|p2a: Ho-Oh|Protect\n|move|p2b: Calyrex|Protect|p2b: Calyrex\n|-singleturn|p2b: Calyrex|Protect\n|move|p1b: Tripitz|Water Spout|p2b: Calyrex|[spread] \n|-activate|p2a: Ho-Oh|move: Protect\n|-activate|p2b: Calyrex|move: Protect\n|\n|-weather|RainDance|[upkeep]\n|-heal|p2b: Calyrex|58/100|[from] item: Leftovers\n|-damage|p1a: Hitmonshe|0 fnt|[from] brn\n|faint|p1a: Hitmonshe\n|upkeep\n|\n|t:|1773218128\n|switch|p1a: Ludwig|Calyrex-Shadow, L50|10/100 brn\n|-ability|p1a: Ludwig|As One\n|-ability|p1a: Ludwig|Unnerve\n|turn|10\n|\n|t:|1773218137\n|switch|p2a: Ting-Lu|Ting-Lu, L50|3/100\n|-ability|p2a: Ting-Lu|Vessel of Ruin\n|move|p1a: Ludwig|Astral Barrage|p2b: Calyrex|[spread] p2a,p2b\n|-resisted|p2a: Ting-Lu\n|-damage|p2a: Ting-Lu|0 fnt\n|-damage|p2b: Calyrex|34/100\n|faint|p2a: Ting-Lu\n|-ability|p1a: Ludwig|Grim Neigh|boost\n|-boost|p1a: Ludwig|spa|1\n|move|p1b: Tripitz|Water Spout|p2b: Calyrex\n|-resisted|p2b: Calyrex\n|-damage|p2b: Calyrex|0 fnt\n|faint|p2b: Calyrex\n|\n|-weather|RainDance|[upkeep]\n|-damage|p1a: Ludwig|4/100 brn|[from] brn\n|upkeep\n|\n|t:|1773218146\n|switch|p2a: Ho-Oh|Ho-Oh, L50|100/100\n|turn|11\n|\n|t:|1773218156\n|move|p2a: Ho-Oh|Protect|p2a: Ho-Oh\n|-singleturn|p2a: Ho-Oh|Protect\n|move|p1a: Ludwig|Astral Barrage|p2a: Ho-Oh\n|-activate|p2a: Ho-Oh|move: Protect\n|move|p1b: Tripitz|Water Spout|p2a: Ho-Oh\n|-activate|p2a: Ho-Oh|move: Protect\n|\n|-weather|RainDance|[upkeep]\n|-damage|p1a: Ludwig|0 fnt|[from] brn\n|faint|p1a: Ludwig\n|upkeep\n|turn|12\n|\n|t:|1773218167\n|move|p2a: Ho-Oh|Protect||[still]\n|-fail|p2a: Ho-Oh\n|move|p1b: Tripitz|Water Spout|p2a: Ho-Oh\n|-supereffective|p2a: Ho-Oh\n|-damage|p2a: Ho-Oh|0 fnt\n|faint|p2a: Ho-Oh\n|\n|win|marcxhenry\n|raw|marcxhenry's rating: 1478 &rarr; <strong>1499</strong><br />(+21 for winning)\n|raw|drive stone's rating: 1496 &rarr; <strong>1475</strong><br />(-21 for losing)\n|l|\u2606drive stone\n|player|p2|\n|c|\u2606marcxhenry|nice stall\n|l|\u2606marcxhenry\n|player|p1|\n","uploadtime":1773218184,"views":21,"formatid":"gen9vgc2026regi","rating":1475,"private":0,"password":null}