{"id":"gen9vgc2026regi-2560642484","format":"[Gen 9] VGC 2026 Reg I","players":["LanternComic","comfy n ez 2 wear"],"log":"|j|\u2606LanternComic\n|j|\u2606comfy n ez 2 wear\n|html|<table width=\"100%\"><tr><td align=\"left\">LanternComic</td><td align=\"right\">comfy n ez 2 wear</tr><tr><td align=\"left\"><i class=\"fa fa-circle-o\"></i> <i class=\"fa fa-circle-o\"></i> </td><td align=\"right\"><i class=\"fa fa-circle-o\"></i> <i class=\"fa fa-circle-o\"></i> </tr></table>\n|uhtml|bestof|<h2><strong>Game 1</strong> of <a href=\"/game-bestof3-gen9vgc2026regi-2560642483\">a best-of-3</a></h2>\n|t:|1773707663\n|gametype|doubles\n|player|p1|LanternComic|dawn|\n|player|p2|comfy n ez 2 wear|101|\n|gen|9\n|tier|[Gen 9] VGC 2026 Reg I\n|rated|Tournament battle\n|rule|Species Clause: Limit one of each Pok\u00e9mon\n|rule|Item Clause: Limit 1 of each item\n|raw|<div class=\"infobox\"><details class=\"readmore\" open><summary><strong>4 custom rules:</strong></summary> Open Team Sheets, Force Open Team Sheets, !Open Team Sheets, Best of = 3</details></div>\n|clearpoke\n|poke|p1|Koraidon, L50|\n|poke|p1|Urshifu-*, L50, F|\n|poke|p1|Flutter Mane, L50|\n|poke|p1|Amoonguss, L50, M|\n|poke|p1|Lunala, L50|\n|poke|p1|Incineroar, L50, F|\n|poke|p2|Entei, L50|\n|poke|p2|Miraidon, L50|\n|poke|p2|Grimmsnarl, L50, M|\n|poke|p2|Amoonguss, L50, M|\n|poke|p2|Zamazenta-*, L50|\n|poke|p2|Chien-Pao, L50|\n|teampreview|4\n|showteam|p1|Koraidon||LifeOrb|OrichalcumPulse|CloseCombat,FlareBlitz,FlameCharge,Protect||||||50|,,,,,Fire]Urshifu||BlackGlasses|UnseenFist|WickedBlow,CloseCombat,SuckerPunch,Detect|||F|||50|,,,,,Dark]Flutter Mane||FocusSash|Protosynthesis|Moonblast,ShadowBall,IcyWind,Protect||||||50|,,,,,Stellar]Amoonguss||CovertCloak|Regenerator|PollenPuff,Spore,RagePowder,Protect|||M|||50|,,,,,Dark]Lunala||Leftovers|ShadowShield|MoongeistBeam,Moonblast,CalmMind,Protect||||||50|,,,,,Fairy]Incineroar||SafetyGoggles|Intimidate|FakeOut,FlareBlitz,KnockOff,PartingShot|||F|||50|,,,,,Bug\n|showteam|p2|Entei||AssaultVest|InnerFocus|SacredFire,ExtremeSpeed,Snarl,StompingTantrum||||||50|,,,,,Bug]Miraidon||ChoiceScarf|HadronEngine|ElectroDrift,DracoMeteor,Snarl,VoltSwitch||||||50|,,,,,Electric]Grimmsnarl||LightClay|Prankster|FoulPlay,Reflect,LightScreen,ThunderWave|||M|||50|,,,,,Ghost]Amoonguss||RockyHelmet|Regenerator|PollenPuff,RagePowder,Spore,Protect|||M|||50|,,,,,Water]Zamazenta-Crowned||RustedShield|DauntlessShield|BodyPress,behemothbash,WideGuard,Protect||||||50|,,,,,Dragon]Chien-Pao||FocusSash|SwordofRuin|IceSpinner,ThroatChop,IceShard,Protect||||||50|,,,,,Ghost\n|j| Rainpelt103\n|j| Teeam Rocket\n|j| Tindall64\n|l| Rainpelt103\n|inactive|Battle timer is ON: inactive players will automatically lose when time's up. (requested by LanternComic)\n|\n|t:|1773707700\n|teamsize|p1|4\n|teamsize|p2|4\n|start\n|switch|p1a: Amoonguss|Amoonguss, L50, M|100/100\n|switch|p1b: Urshifu|Urshifu, L50, F|100/100\n|switch|p2a: Entei|Entei, L50, shiny|100/100\n|switch|p2b: Grimmsnarl|Grimmsnarl, L50, M|100/100\n|turn|1\n|j| MEXES\n|inactive|comfy n ez 2 wear has 30 seconds left.\n|\n|t:|1773707730\n|switch|p2b: Miraidon|Miraidon, L50|100/100\n|-fieldstart|move: Electric Terrain|[from] ability: Hadron Engine|[of] p2b: Miraidon\n|-terastallize|p1b: Urshifu|Dark\n|move|p1b: Urshifu|Wicked Blow|p2a: Entei\n|-crit|p2a: Entei\n|-damage|p2a: Entei|10/100\n|move|p2a: Entei|Sacred Fire|p1b: Urshifu\n|-damage|p1b: Urshifu|55/100\n|move|p1a: Amoonguss|Spore|p2b: Miraidon\n|-activate|p2b: Miraidon|move: Electric Terrain\n|\n|upkeep\n|turn|2\n|j| missouri mott\n|inactive|comfy n ez 2 wear has 30 seconds left.\n|\n|t:|1773707763\n|move|p1b: Urshifu|Detect|p1b: Urshifu\n|-singleturn|p1b: Urshifu|Protect\n|move|p1a: Amoonguss|Protect|p1a: Amoonguss\n|-singleturn|p1a: Amoonguss|Protect\n|move|p2b: Miraidon|Volt Switch|p1b: Urshifu\n|-activate|p1b: Urshifu|move: Protect\n|move|p2a: Entei|Sacred Fire|p1a: Amoonguss\n|-activate|p1a: Amoonguss|move: Protect\n|\n|upkeep\n|turn|3\n|\n|t:|1773707778\n|switch|p2a: Zamazenta|Zamazenta-Crowned, L50|100/100\n|-ability|p2a: Zamazenta|Dauntless Shield|boost\n|-boost|p2a: Zamazenta|def|1\n|move|p1a: Amoonguss|Rage Powder|p1a: Amoonguss\n|-singleturn|p1a: Amoonguss|move: Rage Powder\n|move|p2b: Miraidon|Volt Switch|p1a: Amoonguss\n|-resisted|p1a: Amoonguss\n|-damage|p1a: Amoonguss|71/100\n|\n|t:|1773707788\n|switch|p2b: Grimmsnarl|Grimmsnarl, L50, M|100/100|[from] Volt Switch\n|move|p1b: Urshifu|Wicked Blow|p2a: Zamazenta\n|-resisted|p2a: Zamazenta\n|-crit|p2a: Zamazenta\n|-damage|p2a: Zamazenta|71/100\n|\n|upkeep\n|turn|4\n|\n|t:|1773707804\n|move|p1a: Amoonguss|Rage Powder|p1a: Amoonguss\n|-singleturn|p1a: Amoonguss|move: Rage Powder\n|move|p2b: Grimmsnarl|Reflect|p2b: Grimmsnarl\n|-sidestart|p2: comfy n ez 2 wear|Reflect\n|move|p2a: Zamazenta|Behemoth Bash|p1a: Amoonguss\n|-damage|p1a: Amoonguss|39/100\n|move|p1b: Urshifu|Close Combat|p2a: Zamazenta\n|-supereffective|p2a: Zamazenta\n|-damage|p2a: Zamazenta|40/100\n|-unboost|p1b: Urshifu|def|1\n|-unboost|p1b: Urshifu|spd|1\n|\n|upkeep\n|turn|5\n|\n|t:|1773707822\n|move|p1a: Amoonguss|Rage Powder|p1a: Amoonguss\n|-singleturn|p1a: Amoonguss|move: Rage Powder\n|move|p2a: Zamazenta|Body Press|p1a: Amoonguss\n|-resisted|p1a: Amoonguss\n|-damage|p1a: Amoonguss|10/100\n|move|p1b: Urshifu|Close Combat|p2b: Grimmsnarl\n|-damage|p2b: Grimmsnarl|55/100\n|-unboost|p1b: Urshifu|def|1\n|-unboost|p1b: Urshifu|spd|1\n|move|p2b: Grimmsnarl|Foul Play|p1a: Amoonguss\n|-damage|p1a: Amoonguss|0 fnt\n|faint|p1a: Amoonguss\n|\n|-fieldend|move: Electric Terrain\n|upkeep\n|j| ZaVGC\n|l| ZaVGC\n|\n|t:|1773707840\n|switch|p1a: Flutter Mane|Flutter Mane, L50|100/100\n|turn|6\n|j| keahi\n|l| keahi\n|\n|t:|1773707853\n|move|p1b: Urshifu|Detect|p1b: Urshifu\n|-singleturn|p1b: Urshifu|Protect\n|move|p2b: Grimmsnarl|Thunder Wave|p1a: Flutter Mane\n|-status|p1a: Flutter Mane|par\n|move|p2a: Zamazenta|Body Press|p1b: Urshifu\n|-activate|p1b: Urshifu|move: Protect\n|cant|p1a: Flutter Mane|par\n|\n|upkeep\n|turn|7\n|\n|t:|1773707863\n|move|p2a: Zamazenta|Body Press|p1b: Urshifu\n|-supereffective|p1b: Urshifu\n|-damage|p1b: Urshifu|0 fnt\n|faint|p1b: Urshifu\n|cant|p1a: Flutter Mane|par\n|move|p2b: Grimmsnarl|Foul Play|p1a: Flutter Mane\n|-damage|p1a: Flutter Mane|64/100 par\n|\n|upkeep\n|\n|t:|1773707867\n|switch|p1b: Koraidon|Koraidon, L50|100/100\n|-weather|SunnyDay|[from] ability: Orichalcum Pulse|[of] p1b: Koraidon\n|-activate|p1a: Flutter Mane|ability: Protosynthesis\n|-start|p1a: Flutter Mane|protosynthesisspe\n|-activate|p1b: Koraidon|Orichalcum Pulse|[source]\n|turn|8\n|\n|t:|1773707875\n|move|p1b: Koraidon|Protect|p1b: Koraidon\n|-singleturn|p1b: Koraidon|Protect\n|move|p2b: Grimmsnarl|Thunder Wave|p1b: Koraidon\n|-activate|p1b: Koraidon|move: Protect\n|move|p2a: Zamazenta|Behemoth Bash|p1a: Flutter Mane\n|-supereffective|p1a: Flutter Mane\n|-damage|p1a: Flutter Mane|0 fnt\n|faint|p1a: Flutter Mane\n|-end|p1a: Flutter Mane|Protosynthesis|[silent]\n|\n|-weather|SunnyDay|[upkeep]\n|upkeep\n|turn|9\n|\n|t:|1773707881\n|move|p2b: Grimmsnarl|Thunder Wave|p1b: Koraidon|[miss]\n|-miss|p2b: Grimmsnarl|p1b: Koraidon\n|move|p1b: Koraidon|Close Combat|p2a: Zamazenta\n|-supereffective|p2a: Zamazenta\n|-damage|p2a: Zamazenta|0 fnt\n|-unboost|p1b: Koraidon|def|1\n|-unboost|p1b: Koraidon|spd|1\n|faint|p2a: Zamazenta\n|-damage|p1b: Koraidon|91/100|[from] item: Life Orb\n|\n|-weather|SunnyDay|[upkeep]\n|upkeep\n|\n|t:|1773707888\n|switch|p2a: Entei|Entei, L50, shiny|10/100\n|turn|10\n|\n|t:|1773707896\n|move|p2a: Entei|Extreme Speed|p1b: Koraidon\n|-damage|p1b: Koraidon|54/100\n|move|p1b: Koraidon|Close Combat|p2b: Grimmsnarl\n|-damage|p2b: Grimmsnarl|0 fnt\n|-unboost|p1b: Koraidon|def|1\n|-unboost|p1b: Koraidon|spd|1\n|faint|p2b: Grimmsnarl\n|-damage|p1b: Koraidon|44/100|[from] item: Life Orb\n|\n|-weather|SunnyDay|[upkeep]\n|upkeep\n|\n|t:|1773707902\n|switch|p2b: Miraidon|Miraidon, L50|100/100\n|-fieldstart|move: Electric Terrain|[from] ability: Hadron Engine|[of] p2b: Miraidon\n|turn|11\n|\n|t:|1773707907\n|move|p1b: Koraidon|Protect|p1b: Koraidon\n|-singleturn|p1b: Koraidon|Protect\n|move|p2a: Entei|Extreme Speed|p1b: Koraidon\n|-activate|p1b: Koraidon|move: Protect\n|move|p2b: Miraidon|Electro Drift|p1b: Koraidon\n|-activate|p1b: Koraidon|move: Protect\n|\n|-weather|SunnyDay|[upkeep]\n|-sideend|p2: comfy n ez 2 wear|Reflect\n|upkeep\n|turn|12\n|\n|t:|1773707911\n|move|p2a: Entei|Extreme Speed|p1b: Koraidon\n|-damage|p1b: Koraidon|0 fnt\n|faint|p1b: Koraidon\n|\n|win|comfy n ez 2 wear\n||comfy n ez 2 wear is ready for game 2.\n||LanternComic is ready for game 2.\n|uhtml|next|Next: <a href=\"/battle-gen9vgc2026regi-2560644887\"><strong>Game 2 of 3</strong></a>\n|l|\u2606LanternComic\n|player|p1|\n|l| Tindall64\n|l| missouri mott\n|l| Teeam Rocket\n|j| GoogleDad\n","uploadtime":1773708294,"views":25,"formatid":"gen9vgc2026regi","rating":null,"private":0,"password":null}