{"id":"gen9vgc2026regi-2568556442","format":"[Gen 9] VGC 2026 Reg I","players":["MarSky","CEExy"],"log":"|j|\u2606MarSky\n|j|\u2606CEExy\n|t:|1774595819\n|gametype|doubles\n|player|p1|MarSky|2|1375\n|player|p2|CEExy|hilbert|1346\n|gen|9\n|tier|[Gen 9] VGC 2026 Reg I\n|rated|\n|rule|Species Clause: Limit one of each Pok\u00e9mon\n|rule|Item Clause: Limit 1 of each item\n|clearpoke\n|poke|p1|Calyrex-Shadow, L50|\n|poke|p1|Zamazenta-*, L50|\n|poke|p1|Chien-Pao, L50|\n|poke|p1|Dragonite, L50, F|\n|poke|p1|Raging Bolt, L50|\n|poke|p1|Amoonguss, L50, F|\n|poke|p2|Miraidon, L50|\n|poke|p2|Calyrex-Ice, L50|\n|poke|p2|Iron Hands, L50|\n|poke|p2|Iron Bundle, L50|\n|poke|p2|Farigiraf, L50, M|\n|poke|p2|Incineroar, L50, M|\n|teampreview|4\n|\n|t:|1774595843\n|teamsize|p1|4\n|teamsize|p2|4\n|start\n|switch|p1a: Zamazenta|Zamazenta-Crowned, L50|100/100\n|switch|p1b: Chien-Pao|Chien-Pao, L50|100/100\n|switch|p2a: Farigiraf|Farigiraf, L50, M|100/100\n|switch|p2b: Iron Bundle|Iron Bundle, L50, shiny|100/100\n|-ability|p1b: Chien-Pao|Sword of Ruin\n|-ability|p1a: Zamazenta|Dauntless Shield|boost\n|-boost|p1a: Zamazenta|def|1\n|turn|1\n|inactive|Battle timer is ON: inactive players will automatically lose when time's up. (requested by MarSky)\n|\n|t:|1774595870\n|move|p2b: Iron Bundle|Freeze-Dry|p1b: Chien-Pao\n|-resisted|p1b: Chien-Pao\n|-damage|p1b: Chien-Pao|85/100\n|move|p1b: Chien-Pao|Icy Wind|p2b: Iron Bundle|[spread] p2b\n|-miss|p1b: Chien-Pao|p2a: Farigiraf\n|-resisted|p2b: Iron Bundle\n|-crit|p2b: Iron Bundle\n|-damage|p2b: Iron Bundle|91/100\n|-unboost|p2b: Iron Bundle|spe|1\n|move|p1a: Zamazenta|Body Press|p2b: Iron Bundle\n|-supereffective|p2b: Iron Bundle\n|-damage|p2b: Iron Bundle|0 fnt\n|faint|p2b: Iron Bundle\n|-end|p2b: Iron Bundle|Quark Drive|[silent]\n|move|p2a: Farigiraf|Roar|p1a: Zamazenta\n|drag|p1a: Calyrex|Calyrex-Shadow, L50|100/100\n|-ability|p1a: Calyrex|As One\n|-ability|p1a: Calyrex|Unnerve\n|\n|upkeep\n|\n|t:|1774595882\n|switch|p2b: Miraidon|Miraidon, L50, shiny|100/100\n|-fieldstart|move: Electric Terrain|[from] ability: Hadron Engine|[of] p2b: Miraidon\n|-enditem|p2a: Farigiraf|Electric Seed\n|-boost|p2a: Farigiraf|def|1|[from] item: Electric Seed\n|turn|2\n|\n|t:|1774595898\n|switch|p1a: Raging Bolt|Raging Bolt, L50|100/100\n|-enditem|p1a: Raging Bolt|Booster Energy\n|-activate|p1a: Raging Bolt|ability: Protosynthesis|[fromitem]\n|-start|p1a: Raging Bolt|protosynthesisspa\n|move|p2b: Miraidon|Protect|p2b: Miraidon\n|-singleturn|p2b: Miraidon|Protect\n|move|p1b: Chien-Pao|Ice Spinner|p2b: Miraidon\n|-activate|p2b: Miraidon|move: Protect\n|move|p2a: Farigiraf|Trick Room|p2a: Farigiraf\n|-fieldstart|move: Trick Room|[of] p2a: Farigiraf\n|\n|upkeep\n|turn|3\n|inactive|MarSky has 30 seconds left.\n|inactive|CEExy has 30 seconds left.\n|\n|t:|1774595929\n|-terastallize|p1a: Raging Bolt|Electric\n|-terastallize|p2b: Miraidon|Electric\n|move|p2a: Farigiraf|Foul Play|p1a: Raging Bolt\n|-damage|p1a: Raging Bolt|85/100\n|move|p1a: Raging Bolt|Thunderbolt|p2a: Farigiraf\n|-crit|p2a: Farigiraf\n|-damage|p2a: Farigiraf|0 fnt\n|faint|p2a: Farigiraf\n|move|p2b: Miraidon|Draco Meteor|p1a: Raging Bolt\n|-damage|p1a: Raging Bolt|0 fnt\n|-unboost|p2b: Miraidon|spa|2\n|faint|p1a: Raging Bolt\n|-end|p1a: Raging Bolt|Protosynthesis|[silent]\n|-damage|p2b: Miraidon|91/100|[from] item: Life Orb\n|move|p1b: Chien-Pao|Ice Spinner|p2b: Miraidon\n|-damage|p2b: Miraidon|44/100\n|-fieldend|move: Electric Terrain\n|\n|upkeep\n|\n|t:|1774595939\n|switch|p2a: Calyrex|Calyrex-Ice, L50|100/100\n|switch|p1a: Zamazenta|Zamazenta-Crowned, L50|100/100\n|-ability|p2a: Calyrex|As One\n|-ability|p2a: Calyrex|Unnerve\n|turn|4\n|\n|t:|1774595958\n|move|p2a: Calyrex|High Horsepower|p1a: Zamazenta\n|-supereffective|p1a: Zamazenta\n|-damage|p1a: Zamazenta|41/100\n|move|p1a: Zamazenta|Body Press|p2b: Miraidon\n|-damage|p2b: Miraidon|0 fnt\n|faint|p2b: Miraidon\n|move|p1b: Chien-Pao|Ruination|p2a: Calyrex\n|-damage|p2a: Calyrex|51/100\n|\n|upkeep\n|turn|5\n|-message|CEExy forfeited.\n|\n|win|MarSky\n|raw|MarSky's rating: 1375 &rarr; <strong>1393</strong><br />(+18 for winning)\n|raw|CEExy's rating: 1346 &rarr; <strong>1328</strong><br />(-18 for losing)\n|l|\u2606CEExy\n|player|p2|\n|l|\u2606MarSky\n|player|p1|\n","uploadtime":1774596214,"views":10,"formatid":"gen9vgc2026regi","rating":1328,"private":0,"password":null}