{"id":"gen9vgc2026regi-2591263418","format":"[Gen 9] VGC 2026 Reg I","players":["unzksakdk","pigduckeater"],"log":"|j|\u2606unzksakdk\n|j|\u2606pigduckeater\n|t:|1776885169\n|gametype|doubles\n|player|p1|unzksakdk|2|1505\n|player|p2|pigduckeater|170|1570\n|gen|9\n|tier|[Gen 9] VGC 2026 Reg I\n|rated|\n|rule|Species Clause: Limit one of each Pok\u00e9mon\n|rule|Item Clause: Limit 1 of each item\n|clearpoke\n|poke|p1|Groudon, L50|\n|poke|p1|Miraidon, L50|\n|poke|p1|Grimmsnarl, L50, M|\n|poke|p1|Incineroar, L50, F|\n|poke|p1|Farigiraf, L50, M|\n|poke|p1|Jumpluff, L50, F|\n|poke|p2|Miraidon, L50|\n|poke|p2|Stonjourner, L50, F|\n|poke|p2|Calyrex-Shadow, L50|\n|poke|p2|Weezing-Galar, L50, F|\n|poke|p2|Incineroar, L50, F|\n|poke|p2|Ogerpon-Wellspring, L50, F|\n|teampreview|4\n|\n|t:|1776885188\n|teamsize|p1|4\n|teamsize|p2|4\n|start\n|switch|p1a: Incineroar|Incineroar, L50, F|100/100\n|switch|p1b: Grimmsnarl|Grimmsnarl, L50, M|100/100\n|switch|p2a: Miraidon|Miraidon, L50|100/100\n|switch|p2b: Stonjourner|Stonjourner, L50, F|100/100\n|-fieldstart|move: Electric Terrain|[from] ability: Hadron Engine|[of] p2a: Miraidon\n|-enditem|p2b: Stonjourner|Electric Seed\n|-boost|p2b: Stonjourner|def|1|[from] item: Electric Seed\n|-ability|p1a: Incineroar|Intimidate|boost\n|-unboost|p2a: Miraidon|atk|1\n|-unboost|p2b: Stonjourner|atk|1\n|turn|1\n|\n|t:|1776885209\n|move|p1a: Incineroar|Fake Out|p2a: Miraidon\n|-damage|p2a: Miraidon|86/100\n|move|p1b: Grimmsnarl|Light Screen|p1b: Grimmsnarl\n|-sidestart|p1: unzksakdk|move: Light Screen\n|cant|p2a: Miraidon|flinch\n|move|p2b: Stonjourner|Body Press|p1a: Incineroar\n|-supereffective|p1a: Incineroar\n|-damage|p1a: Incineroar|26/100\n|-enditem|p1a: Incineroar|Sitrus Berry|[eat]\n|-heal|p1a: Incineroar|51/100|[from] item: Sitrus Berry\n|\n|upkeep\n|turn|2\n|\n|t:|1776885244\n|-terastallize|p1a: Incineroar|Bug\n|move|p1b: Grimmsnarl|Reflect|p1b: Grimmsnarl\n|-sidestart|p1: unzksakdk|Reflect\n|move|p2a: Miraidon|Electro Drift|p1b: Grimmsnarl\n|-damage|p1b: Grimmsnarl|41/100\n|move|p2b: Stonjourner|Body Press|p1b: Grimmsnarl\n|-damage|p1b: Grimmsnarl|5/100\n|move|p1a: Incineroar|Parting Shot|p2a: Miraidon\n|-unboost|p2a: Miraidon|atk|1\n|-unboost|p2a: Miraidon|spa|1\n|\n|t:|1776885258\n|switch|p1a: Groudon|Groudon, L50|100/100|[from] Parting Shot\n|-weather|SunnyDay|[from] ability: Drought|[of] p1a: Groudon\n|\n|-weather|SunnyDay|[upkeep]\n|upkeep\n|turn|3\n|\n|t:|1776885286\n|move|p2b: Stonjourner|Wide Guard|p2b: Stonjourner\n|-singleturn|p2b: Stonjourner|Wide Guard\n|move|p1b: Grimmsnarl|Thunder Wave|p2b: Stonjourner\n|-status|p2b: Stonjourner|par\n|move|p2a: Miraidon|Electro Drift|p1b: Grimmsnarl\n|-damage|p1b: Grimmsnarl|0 fnt\n|faint|p1b: Grimmsnarl\n|move|p1a: Groudon|Precipice Blades|p2b: Stonjourner|[spread] \n|-activate|p2a: Miraidon|move: Wide Guard\n|-activate|p2b: Stonjourner|move: Wide Guard\n|\n|-weather|SunnyDay|[upkeep]\n|upkeep\n|\n|t:|1776885305\n|switch|p1b: Incineroar|Incineroar, L50, F, tera:Bug|51/100\n|-ability|p1b: Incineroar|Intimidate|boost\n|-unboost|p2a: Miraidon|atk|1\n|-unboost|p2b: Stonjourner|atk|1\n|turn|4\n|\n|t:|1776885328\n|move|p2a: Miraidon|Protect|p2a: Miraidon\n|-singleturn|p2a: Miraidon|Protect\n|move|p1b: Incineroar|Fake Out|p2b: Stonjourner\n|-resisted|p2b: Stonjourner\n|-damage|p2b: Stonjourner|97/100 par\n|move|p1a: Groudon|Precipice Blades|p2a: Miraidon|[spread] \n|-activate|p2a: Miraidon|move: Protect\n|-miss|p1a: Groudon|p2b: Stonjourner\n|cant|p2b: Stonjourner|flinch\n|\n|-weather|SunnyDay|[upkeep]\n|upkeep\n|turn|5\n|\n|t:|1776885367\n|switch|p1b: Miraidon|Miraidon, L50|100/100\n|-activate|p1b: Miraidon|ability: Hadron Engine\n|move|p1a: Groudon|Protect|p1a: Groudon\n|-singleturn|p1a: Groudon|Protect\n|move|p2b: Stonjourner|Wide Guard|p2b: Stonjourner\n|-singleturn|p2b: Stonjourner|Wide Guard\n|move|p2a: Miraidon|Electro Drift|p1b: Miraidon\n|-resisted|p1b: Miraidon\n|-damage|p1b: Miraidon|87/100\n|\n|-weather|SunnyDay|[upkeep]\n|-fieldend|move: Electric Terrain\n|upkeep\n|turn|6\n|\n|t:|1776885408\n|move|p1a: Groudon|Helping Hand|p1b: Miraidon\n|-singleturn|p1b: Miraidon|Helping Hand|[of] p1a: Groudon\n|move|p2a: Miraidon|Draco Meteor|p1b: Miraidon\n|-supereffective|p1b: Miraidon\n|-damage|p1b: Miraidon|14/100\n|-unboost|p2a: Miraidon|spa|2\n|move|p1b: Miraidon|Volt Switch|p2a: Miraidon\n|-resisted|p2a: Miraidon\n|-damage|p2a: Miraidon|67/100\n|\n|t:|1776885418\n|switch|p1b: Incineroar|Incineroar, L50, F, tera:Bug|51/100|[from] Volt Switch\n|-ability|p1b: Incineroar|Intimidate|boost\n|-unboost|p2a: Miraidon|atk|1\n|-unboost|p2b: Stonjourner|atk|1\n|cant|p2b: Stonjourner|par\n|\n|-weather|none\n|upkeep\n|turn|7\n|\n|t:|1776885442\n|switch|p2a: Weezing|Weezing-Galar, L50, F|100/100\n|-ability|p2a: Weezing|Neutralizing Gas\n|move|p1b: Incineroar|Fake Out|p2b: Stonjourner\n|-resisted|p2b: Stonjourner\n|-damage|p2b: Stonjourner|93/100 par\n|move|p1a: Groudon|Precipice Blades|p2a: Weezing|[spread] p2a\n|-miss|p1a: Groudon|p2b: Stonjourner\n|-supereffective|p2a: Weezing\n|-damage|p2a: Weezing|0 fnt\n|faint|p2a: Weezing\n|-end|p2a: Weezing|ability: Neutralizing Gas\n|-weather|SunnyDay|[from] ability: Drought|[of] p1a: Groudon\n|-ability|p1b: Incineroar|Intimidate|boost\n|-unboost|p2b: Stonjourner|atk|1\n|cant|p2b: Stonjourner|flinch\n|\n|-weather|SunnyDay|[upkeep]\n|upkeep\n|\n|t:|1776885464\n|switch|p2a: Calyrex|Calyrex-Shadow, L50|100/100\n|-ability|p2a: Calyrex|As One\n|-ability|p2a: Calyrex|Unnerve\n|turn|8\n|\n|t:|1776885479\n|move|p2a: Calyrex|Protect|p2a: Calyrex\n|-singleturn|p2a: Calyrex|Protect\n|move|p1a: Groudon|Heat Crash|p2a: Calyrex\n|-activate|p2a: Calyrex|move: Protect\n|move|p1b: Incineroar|Knock Off|p2a: Calyrex\n|-activate|p2a: Calyrex|move: Protect\n|move|p2b: Stonjourner|Body Press|p1a: Groudon\n|-damage|p1a: Groudon|81/100\n|\n|-weather|SunnyDay|[upkeep]\n|-sideend|p1: unzksakdk|move: Light Screen\n|upkeep\n|turn|9\n|\n|t:|1776885494\n|-terastallize|p2a: Calyrex|Stellar\n|move|p2a: Calyrex|Astral Barrage|p1b: Incineroar|[spread] p1a,p1b\n|-damage|p1a: Groudon|0 fnt\n|-damage|p1b: Incineroar|0 fnt\n|faint|p1a: Groudon\n|faint|p1b: Incineroar\n|-ability|p2a: Calyrex|Grim Neigh|boost\n|-boost|p2a: Calyrex|spa|2\n|-damage|p2a: Calyrex|91/100|[from] item: Life Orb\n|move|p2b: Stonjourner|Body Press|p1: Groudon|[notarget]\n|-fail|p2b: Stonjourner\n|\n|-weather|SunnyDay|[upkeep]\n|-sideend|p1: unzksakdk|Reflect\n|upkeep\n|-message|unzksakdk forfeited.\n|\n|win|pigduckeater\n|raw|unzksakdk's rating: 1505 &rarr; <strong>1489</strong><br />(-16 for losing)\n|raw|pigduckeater's rating: 1570 &rarr; <strong>1586</strong><br />(+16 for winning)\n|l|\u2606pigduckeater\n|player|p2|\n|l|\u2606unzksakdk\n|player|p1|\n","uploadtime":1776885745,"views":12,"formatid":"gen9vgc2026regi","rating":1489,"private":0,"password":null}