{"id":"gen9vgc2026regi-2574915475","format":"[Gen 9] VGC 2026 Reg I","players":["marcxhenry","Sinistchuck"],"log":"|j|\u2606marcxhenry\n|j|\u2606Sinistchuck\n|t:|1775295421\n|gametype|doubles\n|player|p1|marcxhenry|hilbert-wonderlauncher|1537\n|player|p2|Sinistchuck|serena|1474\n|gen|9\n|tier|[Gen 9] VGC 2026 Reg I\n|rated|\n|rule|Species Clause: Limit one of each Pok\u00e9mon\n|rule|Item Clause: Limit 1 of each item\n|clearpoke\n|poke|p1|Calyrex-Shadow, L50|\n|poke|p1|Urshifu-*, L50, M|\n|poke|p1|Roaring Moon, L50|\n|poke|p1|Kyogre, L50|\n|poke|p1|Tsareena, L50, F|\n|poke|p1|Kingambit, L50, M|\n|poke|p2|Calyrex-Ice, L50|\n|poke|p2|Miraidon, L50|\n|poke|p2|Iron Hands, L50|\n|poke|p2|Incineroar, L50, F|\n|poke|p2|Iron Bundle, L50|\n|poke|p2|Farigiraf, L50, M|\n|teampreview|4\n|inactive|Battle timer is ON: inactive players will automatically lose when time's up. (requested by Sinistchuck)\n|inactive|Sinistchuck has 60 seconds left.\n|inactive|Sinistchuck has 30 seconds left.\n|inactive|Sinistchuck has 20 seconds left.\n|inactive|Sinistchuck has 15 seconds left.\n|inactive|Sinistchuck has 10 seconds left.\n|inactive|Sinistchuck has 5 seconds left.\n|\n|t:|1775295520\n|teamsize|p1|4\n|teamsize|p2|4\n|start\n|switch|p1a: Tripitz|Kyogre, L50, shiny|100/100\n|switch|p1b: Hitmonshe|Tsareena, L50, F, shiny|100/100\n|switch|p2a: Miraidon|Miraidon, L50|100/100\n|switch|p2b: Iron Bundle|Iron Bundle, L50, shiny|100/100\n|-fieldstart|move: Electric Terrain|[from] ability: Hadron Engine|[of] p2a: Miraidon\n|-activate|p2b: Iron Bundle|ability: Quark Drive\n|-start|p2b: Iron Bundle|quarkdrivespe\n|-weather|RainDance|[from] ability: Drizzle|[of] p1a: Tripitz\n|turn|1\n|\n|t:|1775295541\n|switch|p1a: Hermann|Kingambit, L50, M, shiny|100/100\n|move|p2b: Iron Bundle|Protect|p2b: Iron Bundle\n|-singleturn|p2b: Iron Bundle|Protect\n|move|p2a: Miraidon|Protect|p2a: Miraidon\n|-singleturn|p2a: Miraidon|Protect\n|move|p1b: Hitmonshe|Triple Axel|p2a: Miraidon\n|-activate|p2a: Miraidon|move: Protect\n|\n|-weather|RainDance|[upkeep]\n|upkeep\n|turn|2\n|inactive|Sinistchuck has 30 seconds left.\n|\n|t:|1775295568\n|-terastallize|p2a: Miraidon|Electric\n|move|p1b: Hitmonshe|Protect|p1b: Hitmonshe\n|-singleturn|p1b: Hitmonshe|Protect\n|move|p2b: Iron Bundle|Freeze-Dry|p1b: Hitmonshe\n|-activate|p1b: Hitmonshe|move: Protect\n|move|p2a: Miraidon|Electro Drift|p1a: Hermann\n|-damage|p1a: Hermann|0 fnt\n|faint|p1a: Hermann\n|-damage|p2a: Miraidon|91/100|[from] item: Life Orb\n|\n|-weather|RainDance|[upkeep]\n|upkeep\n|\n|t:|1775295582\n|switch|p1a: Tripitz|Kyogre, L50, shiny|100/100\n|turn|3\n|\n|t:|1775295591\n|move|p2a: Miraidon|Protect|p2a: Miraidon\n|-singleturn|p2a: Miraidon|Protect\n|move|p1a: Tripitz|Protect|p1a: Tripitz\n|-singleturn|p1a: Tripitz|Protect\n|move|p2b: Iron Bundle|Encore|p1b: Hitmonshe\n|-start|p1b: Hitmonshe|Encore\n|move|p1b: Hitmonshe|Protect||[still]\n|-fail|p1b: Hitmonshe\n|\n|-weather|RainDance|[upkeep]\n|upkeep\n|turn|4\n|\n|t:|1775295604\n|switch|p1b: Ludwig|Calyrex-Shadow, L50|100/100\n|-ability|p1b: Ludwig|As One\n|-ability|p1b: Ludwig|Unnerve\n|-terastallize|p1a: Tripitz|Ground\n|move|p2b: Iron Bundle|Encore|p1a: Tripitz\n|-start|p1a: Tripitz|Encore\n|move|p2a: Miraidon|Electro Drift|p1b: Ludwig\n|-enditem|p1b: Ludwig|Focus Sash\n|-damage|p1b: Ludwig|1/100\n|-damage|p2a: Miraidon|81/100|[from] item: Life Orb\n|move|p1a: Tripitz|Protect||[still]\n|-fail|p1a: Tripitz\n|\n|-weather|RainDance|[upkeep]\n|upkeep\n|turn|5\n|c|\u2606marcxhenry|why are we doing this if you dont wanna play mate\n|c|\u2606marcxhenry|hf\n|inactive|marcxhenry has 30 seconds left.\n|-message|marcxhenry forfeited.\n|\n|win|Sinistchuck\n|raw|marcxhenry's rating: 1537 &rarr; <strong>1513</strong><br />(-24 for losing)\n|raw|Sinistchuck's rating: 1474 &rarr; <strong>1498</strong><br />(+24 for winning)\n|l|\u2606marcxhenry\n|player|p1|\n","uploadtime":1775295662,"views":27,"formatid":"gen9vgc2026regi","rating":1498,"private":0,"password":null}