{"id":"gen9vgc2026regi-2550057545","format":"[Gen 9] VGC 2026 Reg I","players":["EllenJoe2026","WarlogFV"],"log":"|j|\u2606EllenJoe2026\n|j|\u2606WarlogFV\n|t:|1772448878\n|gametype|doubles\n|player|p1|EllenJoe2026|iono|1498\n|player|p2|WarlogFV|erika|1669\n|gen|9\n|tier|[Gen 9] VGC 2026 Reg I\n|rated|\n|rule|Species Clause: Limit one of each Pok\u00e9mon\n|rule|Item Clause: Limit 1 of each item\n|clearpoke\n|poke|p1|Calyrex-Shadow, L50|\n|poke|p1|Zamazenta-*, L50|\n|poke|p1|Incineroar, L50, F|\n|poke|p1|Rillaboom, L50, F|\n|poke|p1|Smeargle, L50, F|\n|poke|p1|Tornadus, L50, M|\n|poke|p2|Lunala, L50|\n|poke|p2|Zamazenta-*, L50|\n|poke|p2|Comfey, L50, M|\n|poke|p2|Rillaboom, L50, M|\n|poke|p2|Ogerpon-Cornerstone, L50, F|\n|poke|p2|Chi-Yu, L50|\n|teampreview|4\n|inactive|Battle timer is ON: inactive players will automatically lose when time's up. (requested by EllenJoe2026)\n|\n|t:|1772448899\n|teamsize|p1|4\n|teamsize|p2|4\n|start\n|switch|p1a: Calyrex|Calyrex-Shadow, L50|100/100\n|switch|p1b: Smeargle|Smeargle, L50, F, shiny|100/100\n|switch|p2a: Chi-Yu|Chi-Yu, L50|100/100\n|switch|p2b: Zamazenta|Zamazenta-Crowned, L50|100/100\n|-ability|p1a: Calyrex|As One\n|-ability|p1a: Calyrex|Unnerve\n|-ability|p2a: Chi-Yu|Beads of Ruin\n|-ability|p2b: Zamazenta|Dauntless Shield|boost\n|-boost|p2b: Zamazenta|def|1\n|turn|1\n|inactive|EllenJoe2026 has 30 seconds left.\n|\n|t:|1772448932\n|-terastallize|p2a: Chi-Yu|Ghost\n|move|p1a: Calyrex|Protect|p1a: Calyrex\n|-singleturn|p1a: Calyrex|Protect\n|move|p2a: Chi-Yu|Snarl|p1b: Smeargle|[spread] p1b\n|-activate|p1a: Calyrex|move: Protect\n|-damage|p1b: Smeargle|26/100\n|-unboost|p1b: Smeargle|spa|1\n|move|p2b: Zamazenta|Body Press|p1b: Smeargle\n|-supereffective|p1b: Smeargle\n|-damage|p1b: Smeargle|0 fnt\n|faint|p1b: Smeargle\n|\n|upkeep\n|\n|t:|1772448945\n|switch|p1b: Zamazenta|Zamazenta-Crowned, L50, shiny|100/100\n|-ability|p1b: Zamazenta|Dauntless Shield|boost\n|-boost|p1b: Zamazenta|def|1\n|turn|2\n|\n|t:|1772448951\n|move|p1b: Zamazenta|Wide Guard|p1b: Zamazenta\n|-singleturn|p1b: Zamazenta|Wide Guard\n|move|p2a: Chi-Yu|Snarl|p1a: Calyrex|[spread] \n|-activate|p1a: Calyrex|move: Wide Guard\n|-activate|p1b: Zamazenta|move: Wide Guard\n|move|p1a: Calyrex|Nasty Plot|p1a: Calyrex\n|-boost|p1a: Calyrex|spa|2\n|move|p2b: Zamazenta|Body Press|p1b: Zamazenta\n|-supereffective|p1b: Zamazenta\n|-damage|p1b: Zamazenta|50/100\n|\n|upkeep\n|turn|3\n|\n|t:|1772448966\n|move|p2b: Zamazenta|Wide Guard|p2b: Zamazenta\n|-singleturn|p2b: Zamazenta|Wide Guard\n|move|p1b: Zamazenta|Wide Guard|p1b: Zamazenta\n|-singleturn|p1b: Zamazenta|Wide Guard\n|move|p2a: Chi-Yu|Snarl|p1b: Zamazenta|[spread] \n|-activate|p1a: Calyrex|move: Wide Guard\n|-activate|p1b: Zamazenta|move: Wide Guard\n|move|p1a: Calyrex|Astral Barrage|p2a: Chi-Yu|[spread] \n|-activate|p2a: Chi-Yu|move: Wide Guard\n|-activate|p2b: Zamazenta|move: Wide Guard\n|\n|upkeep\n|turn|4\n|\n|t:|1772448979\n|move|p2b: Zamazenta|Wide Guard|p2b: Zamazenta\n|-singleturn|p2b: Zamazenta|Wide Guard\n|move|p1b: Zamazenta|Wide Guard|p1b: Zamazenta\n|-singleturn|p1b: Zamazenta|Wide Guard\n|move|p2a: Chi-Yu|Snarl|p1a: Calyrex|[spread] \n|-activate|p1a: Calyrex|move: Wide Guard\n|-activate|p1b: Zamazenta|move: Wide Guard\n|move|p1a: Calyrex|Psychic|p2b: Zamazenta\n|-damage|p2b: Zamazenta|13/100\n|\n|upkeep\n|turn|5\n|\n|t:|1772448999\n|switch|p2a: Lunala|Lunala, L50|100/100\n|move|p2b: Zamazenta|Wide Guard|p2b: Zamazenta\n|-singleturn|p2b: Zamazenta|Wide Guard\n|move|p1b: Zamazenta|Wide Guard|p1b: Zamazenta\n|-singleturn|p1b: Zamazenta|Wide Guard\n|move|p1a: Calyrex|Psychic|p2b: Zamazenta\n|-damage|p2b: Zamazenta|0 fnt\n|faint|p2b: Zamazenta\n|-ability|p1a: Calyrex|Grim Neigh|boost\n|-boost|p1a: Calyrex|spa|1\n|\n|upkeep\n|\n|t:|1772449007\n|switch|p2b: Chi-Yu|Chi-Yu, L50, tera:Ghost|100/100\n|-ability|p2b: Chi-Yu|Beads of Ruin\n|turn|6\n|\n|t:|1772449027\n|-terastallize|p1a: Calyrex|Dark\n|move|p2a: Lunala|Protect|p2a: Lunala\n|-singleturn|p2a: Lunala|Protect\n|move|p2b: Chi-Yu|Overheat|p1a: Calyrex\n|-damage|p1a: Calyrex|0 fnt\n|-unboost|p2b: Chi-Yu|spa|2\n|faint|p1a: Calyrex\n|move|p1b: Zamazenta|Heavy Slam|p2a: Lunala\n|-activate|p2a: Lunala|move: Protect\n|\n|upkeep\n|\n|t:|1772449035\n|switch|p1a: Incineroar|Incineroar, L50, F, shiny|100/100\n|-ability|p1a: Incineroar|Intimidate|boost\n|-unboost|p2a: Lunala|atk|1\n|-unboost|p2b: Chi-Yu|atk|1\n|turn|7\n|\n|t:|1772449056\n|switch|p2a: Comfey|Comfey, L50, M, shiny|100/100\n|move|p2b: Chi-Yu|Overheat|p1b: Zamazenta\n|-supereffective|p1b: Zamazenta\n|-damage|p1b: Zamazenta|0 fnt\n|-unboost|p2b: Chi-Yu|spa|2\n|faint|p1b: Zamazenta\n|move|p1a: Incineroar|Knock Off|p2a: Comfey\n|-resisted|p2a: Comfey\n|-damage|p2a: Comfey|82/100\n|-enditem|p2a: Comfey|Sitrus Berry|[from] move: Knock Off|[of] p1a: Incineroar\n|\n|upkeep\n|turn|8\n|-message|EllenJoe2026 forfeited.\n|\n|win|WarlogFV\n|raw|EllenJoe2026's rating: 1498 &rarr; <strong>1487</strong><br />(-11 for losing)\n|raw|WarlogFV's rating: 1669 &rarr; <strong>1680</strong><br />(+11 for winning)\n|l|\u2606EllenJoe2026\n|player|p1|\n|l|\u2606WarlogFV\n|player|p2|\n|j|\u2606WarlogFV\n|player|p2|WarlogFV|erika|\n|l|\u2606WarlogFV\n|player|p2|\n","uploadtime":1772449273,"views":36,"formatid":"gen9vgc2026regi","rating":1487,"private":0,"password":null}