{"id":"gen9vgc2026regi-2574884712","format":"[Gen 9] VGC 2026 Reg I","players":["QQ988","Sheevp"],"log":"|j|\u2606QQ988\n|j|\u2606Sheevp\n|t:|1775289933\n|gametype|doubles\n|player|p1|QQ988|169|1468\n|player|p2|Sheevp|1|1456\n|gen|9\n|tier|[Gen 9] VGC 2026 Reg I\n|rated|\n|rule|Species Clause: Limit one of each Pok\u00e9mon\n|rule|Item Clause: Limit 1 of each item\n|clearpoke\n|poke|p1|Miraidon, L50|\n|poke|p1|Zamazenta-*, L50|\n|poke|p1|Chien-Pao, L50|\n|poke|p1|Dragonite, L50, M|\n|poke|p1|Volcarona, L50, F|\n|poke|p1|Incineroar, L50, M|\n|poke|p2|Calyrex-Ice, L50|\n|poke|p2|Walking Wake, L50|\n|poke|p2|Chi-Yu, L50|\n|poke|p2|Tropius, L50, F|\n|poke|p2|Smeargle, L50, M|\n|poke|p2|Koraidon, L50|\n|teampreview|4\n|\n|t:|1775289959\n|teamsize|p1|4\n|teamsize|p2|4\n|start\n|switch|p1a: Miraidon|Miraidon, L50|100/100\n|switch|p1b: Incineroar|Incineroar, L50, M|100/100\n|switch|p2a: Tropius|Tropius, L50, F|100/100\n|switch|p2b: Koraidon|Koraidon, L50|100/100\n|-fieldstart|move: Electric Terrain|[from] ability: Hadron Engine|[of] p1a: Miraidon\n|-weather|SunnyDay|[from] ability: Orichalcum Pulse|[of] p2b: Koraidon\n|-activate|p2b: Koraidon|Orichalcum Pulse|[source]\n|-ability|p1b: Incineroar|Intimidate|boost\n|-unboost|p2a: Tropius|atk|1\n|-fail|p2b: Koraidon|unboost|[from] item: Clear Amulet|[of] p2b: Koraidon\n|turn|1\n|\n|t:|1775290013\n|move|p2b: Koraidon|Protect|p2b: Koraidon\n|-singleturn|p2b: Koraidon|Protect\n|move|p1b: Incineroar|Fake Out|p2a: Tropius\n|-damage|p2a: Tropius|85/100\n|move|p1a: Miraidon|Electro Drift|p2b: Koraidon\n|-activate|p2b: Koraidon|move: Protect\n|move|p2a: Tropius|Tailwind|p2a: Tropius\n|-sidestart|p2: Sheevp|move: Tailwind\n|\n|-weather|SunnyDay|[upkeep]\n|upkeep\n|turn|2\n|\n|t:|1775290035\n|switch|p2a: Smeargle|Smeargle, L50, M|100/100\n|-terastallize|p1b: Incineroar|Water\n|move|p2b: Koraidon|Low Kick|p1a: Miraidon\n|-damage|p1a: Miraidon|19/100\n|move|p1a: Miraidon|Electro Drift|p2b: Koraidon\n|-resisted|p2b: Koraidon\n|-damage|p2b: Koraidon|52/100\n|move|p1b: Incineroar|Flare Blitz|p2a: Smeargle\n|-enditem|p2a: Smeargle|Focus Sash\n|-damage|p2a: Smeargle|1/100\n|-damage|p1b: Incineroar|78/100|[from] Recoil\n|\n|-weather|SunnyDay|[upkeep]\n|-ability|p2a: Smeargle|Moody|boost\n|-boost|p2a: Smeargle|spd|2\n|-unboost|p2a: Smeargle|spa|1\n|upkeep\n|turn|3\n|\n|t:|1775290059\n|switch|p1a: Volcarona|Volcarona, L50, F|100/100\n|move|p2b: Koraidon|Low Kick|p1a: Volcarona\n|-resisted|p1a: Volcarona\n|-crit|p1a: Volcarona\n|-damage|p1a: Volcarona|69/100\n|-damage|p2b: Koraidon|36/100|[from] item: Rocky Helmet|[of] p1a: Volcarona\n|move|p2a: Smeargle|Ruination|p1b: Incineroar\n|-damage|p1b: Incineroar|40/100\n|move|p1b: Incineroar|U-turn|p2a: Smeargle\n|-damage|p2a: Smeargle|0 fnt\n|faint|p2a: Smeargle\n|\n|t:|1775290072\n|switch|p1b: Zamazenta|Zamazenta-Crowned, L50|100/100|[from] U-turn\n|-ability|p1b: Zamazenta|Dauntless Shield|boost\n|-boost|p1b: Zamazenta|def|1\n|\n|-weather|SunnyDay|[upkeep]\n|upkeep\n|\n|t:|1775290077\n|switch|p2a: Calyrex|Calyrex-Ice, L50|100/100\n|-ability|p2a: Calyrex|As One\n|-ability|p2a: Calyrex|Unnerve\n|turn|4\n|\n|t:|1775290114\n|-terastallize|p2b: Koraidon|Fire\n|move|p1a: Volcarona|Rage Powder|p1a: Volcarona\n|-singleturn|p1a: Volcarona|move: Rage Powder\n|move|p2b: Koraidon|Flame Charge|p1a: Volcarona\n|-damage|p1a: Volcarona|1/100\n|-boost|p2b: Koraidon|spe|1\n|-damage|p2b: Koraidon|19/100|[from] item: Rocky Helmet|[of] p1a: Volcarona\n|move|p1b: Zamazenta|Body Press|p2b: Koraidon\n|-damage|p2b: Koraidon|0 fnt\n|faint|p2b: Koraidon\n|move|p2a: Calyrex|Leech Seed|p1a: Volcarona\n|-start|p1a: Volcarona|move: Leech Seed\n|\n|-weather|SunnyDay|[upkeep]\n|-damage|p1a: Volcarona|0 fnt|[from] Leech Seed|[of] p2a: Calyrex\n|faint|p1a: Volcarona\n|-sideend|p2: Sheevp|move: Tailwind\n|upkeep\n|inactive|Battle timer is ON: inactive players will automatically lose when time's up. (requested by Sheevp)\n|\n|t:|1775290130\n|switch|p2b: Tropius|Tropius, L50, F|85/100\n|switch|p1a: Miraidon|Miraidon, L50|19/100\n|-activate|p1a: Miraidon|ability: Hadron Engine\n|turn|5\n|\n|t:|1775290154\n|move|p1a: Miraidon|Volt Switch|p2a: Calyrex\n|-damage|p2a: Calyrex|57/100\n|\n|t:|1775290157\n|switch|p1a: Incineroar|Incineroar, L50, M, tera:Water|40/100|[from] Volt Switch\n|-ability|p1a: Incineroar|Intimidate|boost\n|-unboost|p2a: Calyrex|atk|1\n|-unboost|p2b: Tropius|atk|1\n|move|p2b: Tropius|Air Slash|p1a: Incineroar\n|-damage|p1a: Incineroar|26/100\n|move|p1b: Zamazenta|Body Press|p2a: Calyrex\n|-damage|p2a: Calyrex|15/100\n|move|p2a: Calyrex|Leech Seed|p1b: Zamazenta\n|-start|p1b: Zamazenta|move: Leech Seed\n|\n|-weather|none\n|-heal|p2a: Calyrex|20/100|[from] item: Leftovers\n|-damage|p1b: Zamazenta|88/100|[from] Leech Seed|[of] p2a: Calyrex\n|-heal|p2a: Calyrex|32/100|[silent]\n|-fieldend|move: Electric Terrain\n|upkeep\n|turn|6\n|inactive|QQ988 has 30 seconds left.\n|inactive|Sheevp has 30 seconds left.\n|\n|t:|1775290193\n|switch|p1b: Miraidon|Miraidon, L50|19/100\n|-fieldstart|move: Electric Terrain|[from] ability: Hadron Engine|[of] p1b: Miraidon\n|move|p2a: Calyrex|Protect|p2a: Calyrex\n|-singleturn|p2a: Calyrex|Protect\n|move|p2b: Tropius|Grass Knot|p1a: Incineroar\n|-supereffective|p1a: Incineroar\n|-damage|p1a: Incineroar|0 fnt\n|faint|p1a: Incineroar\n|\n|-heal|p2a: Calyrex|38/100|[from] item: Leftovers\n|upkeep\n|\n|t:|1775290204\n|switch|p1a: Zamazenta|Zamazenta-Crowned, L50|88/100\n|turn|7\n|\n|t:|1775290212\n|move|p1b: Miraidon|Electro Drift|p2a: Calyrex\n|-damage|p2a: Calyrex|0 fnt\n|faint|p2a: Calyrex\n|move|p1a: Zamazenta|Heavy Slam|p2b: Tropius\n|-damage|p2b: Tropius|32/100\n|move|p2b: Tropius|Air Slash|p1b: Miraidon\n|-resisted|p1b: Miraidon\n|-damage|p1b: Miraidon|11/100\n|\n|upkeep\n|turn|8\n|-message|Sheevp forfeited.\n|\n|win|QQ988\n|raw|QQ988's rating: 1468 &rarr; <strong>1487</strong><br />(+19 for winning)\n|raw|Sheevp's rating: 1456 &rarr; <strong>1437</strong><br />(-19 for losing)\n","uploadtime":1775290225,"views":8,"formatid":"gen9vgc2026regi","rating":1437,"private":0,"password":null}