{"id":"gen9vgc2026regi-2564009729","format":"[Gen 9] VGC 2026 Reg I","players":["Yx3003","blackred123"],"log":"|j|\u203dYx3003\n|j|\u2606blackred123\n|t:|1774099440\n|gametype|doubles\n|player|p1|Yx3003|bugcatcher-gen4dp|1450\n|player|p2|blackred123|iono-masters|1397\n|gen|9\n|tier|[Gen 9] VGC 2026 Reg I\n|rated|\n|rule|Species Clause: Limit one of each Pok\u00e9mon\n|rule|Item Clause: Limit 1 of each item\n|clearpoke\n|poke|p1|Kyurem-White, L50|\n|poke|p1|Zekrom, L50|\n|poke|p1|Ninetales-Alola, L50, F|\n|poke|p1|Tornadus, L50, M|\n|poke|p1|Amoonguss, L50, F|\n|poke|p1|Chi-Yu, L50|\n|poke|p2|Grimmsnarl, L50, M|\n|poke|p2|Miraidon, L50|\n|poke|p2|Iron Hands, L50|\n|poke|p2|Ditto, L50|\n|poke|p2|Urshifu-*, L50, F|\n|poke|p2|Ho-Oh, L50|\n|teampreview|4\n|inactive|Battle timer is ON: inactive players will automatically lose when time's up. (requested by Yx3003)\n|inactive|blackred123 also wants the timer to be on.\n|\n|t:|1774099463\n|teamsize|p1|4\n|teamsize|p2|4\n|start\n|switch|p1a: Ninetales|Ninetales-Alola, L50, F|100/100\n|switch|p1b: Kyurem|Kyurem-White, L50|100/100\n|switch|p2a: Grimmsnarl|Grimmsnarl, L50, M|100/100\n|switch|p2b: Ho-Oh|Ho-Oh, L50|100/100\n|-weather|Snowscape|[from] ability: Snow Warning|[of] p1a: Ninetales\n|-ability|p1b: Kyurem|Turboblaze\n|turn|1\n|\n|t:|1774099476\n|move|p2a: Grimmsnarl|Fake Out|p1a: Ninetales\n|-damage|p1a: Ninetales|90/100\n|cant|p1a: Ninetales|flinch\n|move|p1b: Kyurem|Blizzard|p2a: Grimmsnarl|[spread] p2a,p2b\n|-damage|p2a: Grimmsnarl|29/100\n|-damage|p2b: Ho-Oh|53/100\n|move|p2b: Ho-Oh|Sacred Fire|p1b: Kyurem\n|-damage|p1b: Kyurem|66/100\n|-status|p1b: Kyurem|brn\n|\n|-weather|Snowscape|[upkeep]\n|-damage|p1b: Kyurem|60/100 brn|[from] brn\n|upkeep\n|turn|2\n|\n|t:|1774099496\n|move|p2a: Grimmsnarl|Thunder Wave|p1a: Ninetales\n|-status|p1a: Ninetales|par\n|move|p1b: Kyurem|Blizzard|p2a: Grimmsnarl|[spread] p2a,p2b\n|-damage|p2a: Grimmsnarl|0 fnt\n|-damage|p2b: Ho-Oh|7/100\n|faint|p2a: Grimmsnarl\n|move|p2b: Ho-Oh|Sacred Fire|p1a: Ninetales\n|-supereffective|p1a: Ninetales\n|-damage|p1a: Ninetales|9/100 par\n|cant|p1a: Ninetales|par\n|\n|-weather|Snowscape|[upkeep]\n|-damage|p1b: Kyurem|54/100 brn|[from] brn\n|upkeep\n|\n|t:|1774099507\n|switch|p2a: Miraidon|Miraidon, L50|100/100\n|-fieldstart|move: Electric Terrain|[from] ability: Hadron Engine|[of] p2a: Miraidon\n|turn|3\n|\n|t:|1774099514\n|switch|p1b: Amoonguss|Amoonguss, L50, F|100/100\n|switch|p2b: Iron Hands|Iron Hands, L50|100/100\n|-activate|p2b: Iron Hands|ability: Quark Drive\n|-start|p2b: Iron Hands|quarkdriveatk\n|move|p2a: Miraidon|Electro Drift|p1b: Amoonguss\n|-resisted|p1b: Amoonguss\n|-damage|p1b: Amoonguss|39/100\n|-damage|p2a: Miraidon|84/100|[from] item: Rocky Helmet|[of] p1b: Amoonguss\n|-damage|p2a: Miraidon|75/100|[from] item: Life Orb\n|cant|p1a: Ninetales|par\n|\n|-weather|Snowscape|[upkeep]\n|upkeep\n|turn|4\n|\n|t:|1774099535\n|switch|p1b: Zekrom|Zekrom, L50|100/100\n|-ability|p1b: Zekrom|Teravolt\n|move|p2a: Miraidon|Dazzling Gleam|p1b: Zekrom|[spread] p1a,p1b\n|-supereffective|p1b: Zekrom\n|-damage|p1a: Ninetales|0 fnt\n|-damage|p1b: Zekrom|23/100\n|faint|p1a: Ninetales\n|-damage|p2a: Miraidon|65/100|[from] item: Life Orb\n|move|p2b: Iron Hands|Wild Charge|p1b: Zekrom\n|-resisted|p1b: Zekrom\n|-damage|p1b: Zekrom|6/100\n|-damage|p2b: Iron Hands|97/100|[from] Recoil\n|\n|-weather|Snowscape|[upkeep]\n|upkeep\n|\n|t:|1774099543\n|switch|p1a: Kyurem|Kyurem-White, L50|54/100 brn\n|-ability|p1a: Kyurem|Turboblaze\n|turn|5\n|\n|t:|1774099553\n|-terastallize|p2a: Miraidon|Fairy\n|move|p1b: Zekrom|Dragon Claw|p2a: Miraidon\n|-immune|p2a: Miraidon\n|move|p2a: Miraidon|Dazzling Gleam|p1b: Zekrom|[spread] p1a,p1b\n|-supereffective|p1a: Kyurem\n|-supereffective|p1b: Zekrom\n|-damage|p1a: Kyurem|0 fnt\n|-damage|p1b: Zekrom|0 fnt\n|faint|p1a: Kyurem\n|faint|p1b: Zekrom\n|-damage|p2a: Miraidon|56/100|[from] item: Life Orb\n|move|p2b: Iron Hands|Drain Punch|p1: Kyurem|[notarget]\n|-fail|p2b: Iron Hands\n|\n|-weather|none\n|upkeep\n|-message|Yx3003 forfeited.\n|\n|win|blackred123\n|raw|Yx3003's rating: 1450 &rarr; <strong>1427</strong><br />(-23 for losing)\n|raw|blackred123's rating: 1397 &rarr; <strong>1420</strong><br />(+23 for winning)\n|l|\u203dYx3003\n|player|p1|\n|l|\u2606blackred123\n|player|p2|\n","uploadtime":1774099744,"views":19,"formatid":"gen9vgc2026regi","rating":1420,"private":0,"password":null}