{"id":"gen9vgc2026regi-2519284074","format":"[Gen 9] VGC 2026 Reg I","players":["woj_yd","dasabe\u76d6\u6b27\u5361\u4fa0"],"log":"|j|\u2606woj_yd\n|j|\u2606dasabe\u76d6\u6b27\u5361\u4fa0\n|t:|1768492049\n|gametype|doubles\n|player|p1|woj_yd|steven|1379\n|player|p2|dasabe\u76d6\u6b27\u5361\u4fa0|may-masters4|1373\n|gen|9\n|tier|[Gen 9] VGC 2026 Reg I\n|rated|\n|rule|Species Clause: Limit one of each Pok\u00e9mon\n|rule|Item Clause: Limit 1 of each item\n|clearpoke\n|poke|p1|Groudon, L50|\n|poke|p1|Lunala, L50|\n|poke|p1|Chi-Yu, L50|\n|poke|p1|Walking Wake, L50|\n|poke|p1|Shiftry, L50, M|\n|poke|p1|Urshifu-*, L50, F|\n|poke|p2|Calyrex-Ice, L50|\n|poke|p2|Kyogre, L50|\n|poke|p2|Smeargle, L50, M|\n|poke|p2|Rillaboom, L50, F|\n|poke|p2|Urshifu-*, L50, F|\n|poke|p2|Landorus, L50, M|\n|teampreview|4\n|\n|t:|1768492091\n|teamsize|p1|4\n|teamsize|p2|4\n|start\n|switch|p1a: Lunala|Lunala, L50, shiny|100/100\n|switch|p1b: Shiftry|Shiftry, L50, M, shiny|100/100\n|switch|p2a: \u9e7f\u51a0\u738b|Calyrex-Ice, L50|100/100\n|switch|p2b: \u5c0f\u7b14\u7ea2\u80bf|Smeargle, L50, M, shiny|100/100\n|-ability|p2a: \u9e7f\u51a0\u738b|As One\n|-ability|p2a: \u9e7f\u51a0\u738b|Unnerve\n|turn|1\n|\n|t:|1768492137\n|-terastallize|p2a: \u9e7f\u51a0\u738b|Fairy\n|move|p1b: Shiftry|Fake Out|p2b: \u5c0f\u7b14\u7ea2\u80bf\n|-damage|p2b: \u5c0f\u7b14\u7ea2\u80bf|78/100\n|cant|p2b: \u5c0f\u7b14\u7ea2\u80bf|flinch\n|move|p1a: Lunala|Moonblast|p2b: \u5c0f\u7b14\u7ea2\u80bf\n|-damage|p2b: \u5c0f\u7b14\u7ea2\u80bf|11/100\n|move|p2a: \u9e7f\u51a0\u738b|Leech Seed|p1a: Lunala\n|-start|p1a: Lunala|move: Leech Seed\n|\n|-damage|p1a: Lunala|88/100|[from] Leech Seed|[of] p2a: \u9e7f\u51a0\u738b\n|-ability|p2b: \u5c0f\u7b14\u7ea2\u80bf|Moody|boost\n|-boost|p2b: \u5c0f\u7b14\u7ea2\u80bf|atk|2\n|-unboost|p2b: \u5c0f\u7b14\u7ea2\u80bf|spe|1\n|upkeep\n|turn|2\n|\n|t:|1768492173\n|move|p2b: \u5c0f\u7b14\u7ea2\u80bf|Follow Me|p2b: \u5c0f\u7b14\u7ea2\u80bf\n|-singleturn|p2b: \u5c0f\u7b14\u7ea2\u80bf|move: Follow Me\n|move|p1a: Lunala|Meteor Beam||[still]\n|-prepare|p1a: Lunala|Meteor Beam\n|-boost|p1a: Lunala|spa|1\n|-enditem|p1a: Lunala|Power Herb\n|-anim|p1a: Lunala|Meteor Beam|p2b: \u5c0f\u7b14\u7ea2\u80bf\n|-damage|p2b: \u5c0f\u7b14\u7ea2\u80bf|0 fnt\n|faint|p2b: \u5c0f\u7b14\u7ea2\u80bf\n|move|p1b: Shiftry|Knock Off|p2a: \u9e7f\u51a0\u738b\n|-resisted|p2a: \u9e7f\u51a0\u738b\n|-damage|p2a: \u9e7f\u51a0\u738b|90/100\n|-enditem|p2a: \u9e7f\u51a0\u738b|Leftovers|[from] move: Knock Off|[of] p1b: Shiftry\n|move|p2a: \u9e7f\u51a0\u738b|Glacial Lance|p1a: Lunala|[spread] p1a,p1b\n|-supereffective|p1b: Shiftry\n|-damage|p1a: Lunala|50/100\n|-damage|p1b: Shiftry|0 fnt\n|faint|p1b: Shiftry\n|-ability|p2a: \u9e7f\u51a0\u738b|Chilling Neigh|boost\n|-boost|p2a: \u9e7f\u51a0\u738b|atk|1\n|\n|-damage|p1a: Lunala|37/100|[from] Leech Seed|[of] p2a: \u9e7f\u51a0\u738b\n|-heal|p2a: \u9e7f\u51a0\u738b|100/100|[silent]\n|upkeep\n|\n|t:|1768492193\n|switch|p2b: \u63e1\u8349\u733f|Rillaboom, L50, F|100/100\n|switch|p1b: Groudon|Groudon, L50|100/100\n|-weather|SunnyDay|[from] ability: Drought|[of] p1b: Groudon\n|-fieldstart|move: Grassy Terrain|[from] ability: Grassy Surge|[of] p2b: \u63e1\u8349\u733f\n|turn|3\n|\n|t:|1768492206\n|switch|p1a: Urshifu|Urshifu, L50, F|100/100\n|-terastallize|p1b: Groudon|Fire\n|move|p2b: \u63e1\u8349\u733f|Fake Out|p1b: Groudon\n|-damage|p1b: Groudon|92/100\n|cant|p1b: Groudon|flinch\n|move|p2a: \u9e7f\u51a0\u738b|Leech Seed|p1b: Groudon\n|-start|p1b: Groudon|move: Leech Seed\n|\n|-weather|SunnyDay|[upkeep]\n|-heal|p1b: Groudon|98/100|[from] Grassy Terrain\n|-damage|p1b: Groudon|86/100|[from] Leech Seed|[of] p2a: \u9e7f\u51a0\u738b\n|upkeep\n|turn|4\n|\n|t:|1768492237\n|move|p1a: Urshifu|U-turn|p2b: \u63e1\u8349\u733f\n|-supereffective|p2b: \u63e1\u8349\u733f\n|-damage|p2b: \u63e1\u8349\u733f|56/100\n|\n|t:|1768492241\n|switch|p1a: Lunala|Lunala, L50, shiny|37/100|[from] U-turn\n|move|p1b: Groudon|Heat Crash|p2b: \u63e1\u8349\u733f\n|-supereffective|p2b: \u63e1\u8349\u733f\n|-damage|p2b: \u63e1\u8349\u733f|0 fnt\n|faint|p2b: \u63e1\u8349\u733f\n|move|p2a: \u9e7f\u51a0\u738b|Glacial Lance|p1b: Groudon|[spread] p1a,p1b\n|-resisted|p1b: Groudon\n|-damage|p1a: Lunala|0 fnt\n|-damage|p1b: Groudon|59/100\n|faint|p1a: Lunala\n|-ability|p2a: \u9e7f\u51a0\u738b|Chilling Neigh|boost\n|-boost|p2a: \u9e7f\u51a0\u738b|atk|1\n|\n|-weather|SunnyDay|[upkeep]\n|-heal|p1b: Groudon|65/100|[from] Grassy Terrain\n|-damage|p1b: Groudon|53/100|[from] Leech Seed|[of] p2a: \u9e7f\u51a0\u738b\n|upkeep\n|\n|t:|1768492256\n|switch|p1a: Urshifu|Urshifu, L50, F|100/100\n|switch|p2b: \u6210\u90fd\u8001\u76d6|Kyogre, L50|100/100\n|-weather|RainDance|[from] ability: Drizzle|[of] p2b: \u6210\u90fd\u8001\u76d6\n|turn|5\n|\n|t:|1768492271\n|move|p1a: Urshifu|Wicked Blow|p2b: \u6210\u90fd\u8001\u76d6\n|-crit|p2b: \u6210\u90fd\u8001\u76d6\n|-damage|p2b: \u6210\u90fd\u8001\u76d6|40/100\n|move|p2b: \u6210\u90fd\u8001\u76d6|Origin Pulse|p1b: Groudon|[spread] p1a,p1b\n|-supereffective|p1b: Groudon\n|-enditem|p1a: Urshifu|Focus Sash\n|-damage|p1a: Urshifu|1/100\n|-damage|p1b: Groudon|0 fnt\n|faint|p1b: Groudon\n|move|p2a: \u9e7f\u51a0\u738b|Glacial Lance|p1a: Urshifu\n|-damage|p1a: Urshifu|0 fnt\n|faint|p1a: Urshifu\n|\n|win|dasabe\u76d6\u6b27\u5361\u4fa0\n|raw|woj_yd's rating: 1379 &rarr; <strong>1359</strong><br />(-20 for losing)\n|raw|dasabe\u76d6\u6b27\u5361\u4fa0's rating: 1373 &rarr; <strong>1393</strong><br />(+20 for winning)\n|l|\u2606dasabe\u76d6\u6b27\u5361\u4fa0\n|player|p2|\n|l|\u2606woj_yd\n|player|p1|\n","uploadtime":1768492409,"views":17,"formatid":"gen9vgc2026regi","rating":1359,"private":0,"password":null}