{"id":"gen9vgc2026regi-2567116137","format":"[Gen 9] VGC 2026 Reg I","players":["Jakobwsmurfing","blackred123"],"log":"|j|\u2606Jakobwsmurfing\n|j|\u2606blackred123\n|t:|1774450346\n|gametype|doubles\n|player|p1|Jakobwsmurfing|266|1377\n|player|p2|blackred123|iono-masters|1458\n|gen|9\n|tier|[Gen 9] VGC 2026 Reg I\n|rated|\n|rule|Species Clause: Limit one of each Pok\u00e9mon\n|rule|Item Clause: Limit 1 of each item\n|clearpoke\n|poke|p1|Hatterene, L50, F|\n|poke|p1|Lunala, L50|\n|poke|p1|Smeargle, L50, M|\n|poke|p1|Groudon, L50|\n|poke|p1|Volcarona, L50, M|\n|poke|p1|Incineroar, L50, F|\n|poke|p2|Kyogre, L50|\n|poke|p2|Calyrex-Ice, L50|\n|poke|p2|Iron Jugulis, L50|\n|poke|p2|Amoonguss, L50, F|\n|poke|p2|Indeedee-F, L50, F|\n|poke|p2|Urshifu-*, L50, M|\n|teampreview|4\n|inactive|Battle timer is ON: inactive players will automatically lose when time's up. (requested by blackred123)\n|inactive|Jakobwsmurfing has 60 seconds left.\n|inactive|blackred123 has 60 seconds left.\n|\n|t:|1774450399\n|teamsize|p1|4\n|teamsize|p2|4\n|start\n|switch|p1a: Smeargle|Smeargle, L50, M|100/100\n|switch|p1b: Lunala|Lunala, L50|100/100\n|switch|p2a: Calyrex|Calyrex-Ice, L50|100/100\n|switch|p2b: Indeedee|Indeedee-F, L50, F|100/100\n|-ability|p2a: Calyrex|As One\n|-ability|p2a: Calyrex|Unnerve\n|-fieldstart|move: Psychic Terrain|[from] ability: Psychic Surge|[of] p2b: Indeedee\n|turn|1\n|inactive|Jakobwsmurfing has 30 seconds left.\n|inactive|blackred123 has 30 seconds left.\n|inactive|blackred123 has 20 seconds left.\n|\n|t:|1774450435\n|switch|p1a: Hatterene|Hatterene, L50, F|100/100\n|-terastallize|p2a: Calyrex|Grass\n|move|p1b: Lunala|Moonblast|p2b: Indeedee\n|-damage|p2b: Indeedee|64/100\n|-enditem|p2b: Indeedee|Eject Button\n|\n|t:|1774450445\n|switch|p2b: Kyogre|Kyogre, L50|100/100\n|-weather|RainDance|[from] ability: Drizzle|[of] p2b: Kyogre\n|move|p2a: Calyrex|Trick Room|p2a: Calyrex\n|-fieldstart|move: Trick Room|[of] p2a: Calyrex\n|\n|-weather|RainDance|[upkeep]\n|upkeep\n|turn|2\n|\n|t:|1774450455\n|move|p1b: Lunala|Wide Guard|p1b: Lunala\n|-singleturn|p1b: Lunala|Wide Guard\n|move|p1a: Hatterene|Dazzling Gleam|p2a: Calyrex|[spread] p2a,p2b\n|-damage|p2a: Calyrex|81/100\n|-damage|p2b: Kyogre|78/100\n|move|p2a: Calyrex|Glacial Lance|p1a: Hatterene|[spread] \n|-activate|p1a: Hatterene|move: Wide Guard\n|-activate|p1b: Lunala|move: Wide Guard\n|move|p2b: Kyogre|Origin Pulse|p1a: Hatterene|[spread] \n|-activate|p1a: Hatterene|move: Wide Guard\n|-activate|p1b: Lunala|move: Wide Guard\n|\n|-weather|RainDance|[upkeep]\n|upkeep\n|turn|3\n|\n|t:|1774450469\n|switch|p2b: Indeedee|Indeedee-F, L50, F|64/100\n|move|p1a: Hatterene|Magic Powder|p2b: Indeedee\n|-start|p2b: Indeedee|typechange|Psychic\n|move|p2a: Calyrex|Seed Bomb|p1a: Hatterene\n|-damage|p1a: Hatterene|47/100\n|move|p1b: Lunala|Moongeist Beam|p2b: Indeedee\n|-supereffective|p2b: Indeedee\n|-damage|p2b: Indeedee|0 fnt\n|faint|p2b: Indeedee\n|\n|-weather|RainDance|[upkeep]\n|upkeep\n|\n|t:|1774450481\n|switch|p2b: Urshifu|Urshifu-Rapid-Strike, L50, M|100/100\n|turn|4\n|\n|t:|1774450503\n|move|p2b: Urshifu|Detect|p2b: Urshifu\n|-singleturn|p2b: Urshifu|Protect\n|move|p1a: Hatterene|Magic Powder|p2b: Urshifu\n|-activate|p2b: Urshifu|move: Protect\n|move|p2a: Calyrex|Glacial Lance|p1b: Lunala|[spread] p1a,p1b\n|-damage|p1a: Hatterene|0 fnt\n|-damage|p1b: Lunala|76/100\n|faint|p1a: Hatterene\n|-ability|p2a: Calyrex|Chilling Neigh|boost\n|-boost|p2a: Calyrex|atk|1\n|move|p1b: Lunala|Moongeist Beam|p2b: Urshifu\n|-activate|p2b: Urshifu|move: Protect\n|\n|-weather|RainDance|[upkeep]\n|upkeep\n|\n|t:|1774450510\n|switch|p1a: Groudon|Groudon, L50|100/100\n|-weather|SunnyDay|[from] ability: Drought|[of] p1a: Groudon\n|turn|5\n|\n|t:|1774450532\n|switch|p2b: Kyogre|Kyogre, L50|78/100\n|-weather|RainDance|[from] ability: Drizzle|[of] p2b: Kyogre\n|-terastallize|p1a: Groudon|Fire\n|move|p2a: Calyrex|Seed Bomb|p1a: Groudon\n|-resisted|p1a: Groudon\n|-crit|p1a: Groudon\n|-damage|p1a: Groudon|59/100\n|move|p1a: Groudon|Heat Crash|p2a: Calyrex\n|-supereffective|p2a: Calyrex\n|-damage|p2a: Calyrex|67/100\n|move|p1b: Lunala|Moonblast|p2b: Kyogre\n|-damage|p2b: Kyogre|51/100\n|-unboost|p2b: Kyogre|spa|1\n|\n|-weather|RainDance|[upkeep]\n|-fieldend|move: Trick Room\n|-fieldend|move: Psychic Terrain\n|upkeep\n|turn|6\n|\n|t:|1774450553\n|move|p1b: Lunala|Wide Guard|p1b: Lunala\n|-singleturn|p1b: Lunala|Wide Guard\n|move|p2b: Kyogre|Hydro Pump|p1a: Groudon|[miss]\n|-miss|p2b: Kyogre|p1a: Groudon\n|move|p1a: Groudon|Precipice Blades|p2a: Calyrex|[spread] p2a\n|-miss|p1a: Groudon|p2b: Kyogre\n|-resisted|p2a: Calyrex\n|-damage|p2a: Calyrex|49/100\n|move|p2a: Calyrex|Seed Bomb|p1b: Lunala\n|-damage|p1b: Lunala|9/100\n|\n|-weather|RainDance|[upkeep]\n|upkeep\n|turn|7\n|inactive|Jakobwsmurfing has 30 seconds left.\n|\n|t:|1774450582\n|switch|p1a: Smeargle|Smeargle, L50, M|100/100\n|move|p1b: Lunala|Protect||[still]\n|-fail|p1b: Lunala\n|move|p2b: Kyogre|Hydro Pump|p1a: Smeargle|[miss]\n|-miss|p2b: Kyogre|p1a: Smeargle\n|move|p2a: Calyrex|Seed Bomb|p1b: Lunala\n|-damage|p1b: Lunala|0 fnt\n|faint|p1b: Lunala\n|-ability|p2a: Calyrex|Chilling Neigh|boost\n|-boost|p2a: Calyrex|atk|1\n|\n|-weather|RainDance|[upkeep]\n|-ability|p1a: Smeargle|Moody|boost\n|-boost|p1a: Smeargle|atk|2\n|-unboost|p1a: Smeargle|def|1\n|upkeep\n|\n|t:|1774450590\n|switch|p1b: Groudon|Groudon, L50, tera:Fire|59/100\n|-weather|SunnyDay|[from] ability: Drought|[of] p1b: Groudon\n|turn|8\n|inactive|blackred123 has 30 seconds left.\n|inactive|blackred123 has 20 seconds left.\n|inactive|blackred123 has 15 seconds left.\n|\n|t:|1774450631\n|switch|p2b: Urshifu|Urshifu-Rapid-Strike, L50, M|100/100\n|move|p1a: Smeargle|Fake Out|p2a: Calyrex\n|-damage|p2a: Calyrex|43/100\n|move|p1b: Groudon|Precipice Blades|p2a: Calyrex|[spread] p2a,p2b\n|-resisted|p2a: Calyrex\n|-damage|p2a: Calyrex|28/100\n|-damage|p2b: Urshifu|52/100\n|cant|p2a: Calyrex|flinch\n|\n|-weather|SunnyDay|[upkeep]\n|-ability|p1a: Smeargle|Moody|boost\n|-boost|p1a: Smeargle|spe|2\n|-unboost|p1a: Smeargle|spd|1\n|upkeep\n|turn|9\n|\n|t:|1774450649\n|move|p2b: Urshifu|Detect|p2b: Urshifu\n|-singleturn|p2b: Urshifu|Protect\n|move|p1a: Smeargle|Spore|p2b: Urshifu\n|-activate|p2b: Urshifu|move: Protect\n|move|p1b: Groudon|Precipice Blades|p2b: Urshifu|[spread] p2a\n|-activate|p2b: Urshifu|move: Protect\n|-resisted|p2a: Calyrex\n|-damage|p2a: Calyrex|12/100\n|move|p2a: Calyrex|Trick Room|p2a: Calyrex\n|-fieldstart|move: Trick Room|[of] p2a: Calyrex\n|\n|-weather|SunnyDay|[upkeep]\n|-ability|p1a: Smeargle|Moody|boost\n|-boost|p1a: Smeargle|spe|2\n|-unboost|p1a: Smeargle|def|1\n|upkeep\n|turn|10\n|\n|t:|1774450664\n|switch|p2a: Kyogre|Kyogre, L50|51/100\n|-weather|RainDance|[from] ability: Drizzle|[of] p2a: Kyogre\n|move|p1a: Smeargle|Follow Me|p1a: Smeargle\n|-singleturn|p1a: Smeargle|move: Follow Me\n|move|p1b: Groudon|Precipice Blades|p2b: Urshifu|[spread] p2a,p2b\n|-damage|p2a: Kyogre|0 fnt\n|-damage|p2b: Urshifu|1/100\n|faint|p2a: Kyogre\n|move|p2b: Urshifu|Surging Strikes|p1a: Smeargle\n|-crit|p1a: Smeargle\n|-enditem|p1a: Smeargle|Focus Sash\n|-damage|p1a: Smeargle|1/100\n|-crit|p1a: Smeargle\n|-damage|p1a: Smeargle|0 fnt\n|faint|p1a: Smeargle\n|-hitcount|p1: Smeargle|2\n|\n|-weather|RainDance|[upkeep]\n|upkeep\n|\n|t:|1774450673\n|switch|p2a: Calyrex|Calyrex-Ice, L50, tera:Grass|12/100\n|-ability|p2a: Calyrex|As One\n|-ability|p2a: Calyrex|Unnerve\n|turn|11\n|\n|t:|1774450691\n|move|p2b: Urshifu|Aqua Jet|p1b: Groudon\n|-supereffective|p1b: Groudon\n|-damage|p1b: Groudon|8/100\n|move|p2a: Calyrex|Glacial Lance|p1b: Groudon\n|-resisted|p1b: Groudon\n|-damage|p1b: Groudon|0 fnt\n|faint|p1b: Groudon\n|\n|win|blackred123\n|raw|Jakobwsmurfing's rating: 1377 &rarr; <strong>1362</strong><br />(-15 for losing)\n|raw|blackred123's rating: 1458 &rarr; <strong>1473</strong><br />(+15 for winning)\n|l|\u2606Jakobwsmurfing\n|player|p1|\n|l|\u2606blackred123\n|player|p2|\n","uploadtime":1774450950,"views":30,"formatid":"gen9vgc2026regi","rating":1362,"private":0,"password":null}