{"id":"gen9vgc2026regi-2572736226","format":"[Gen 9] VGC 2026 Reg I","players":["fernsthedruids","Highkage2"],"log":"|j|\u2606fernsthedruids\n|j|\u203dHighkage2\n|t:|1775059415\n|gametype|doubles\n|player|p1|fernsthedruids|169|1593\n|player|p2|Highkage2|doubleteam|1588\n|gen|9\n|tier|[Gen 9] VGC 2026 Reg I\n|rated|\n|rule|Species Clause: Limit one of each Pok\u00e9mon\n|rule|Item Clause: Limit 1 of each item\n|clearpoke\n|poke|p1|Kyogre, L50|\n|poke|p1|Calyrex-Ice, L50|\n|poke|p1|Raging Bolt, L50|\n|poke|p1|Tornadus, L50, M|\n|poke|p1|Incineroar, L50, M|\n|poke|p1|Amoonguss, L50, M|\n|poke|p2|Incineroar, L50, F|\n|poke|p2|Calyrex-Ice, L50|\n|poke|p2|Miraidon, L50|\n|poke|p2|Iron Treads, L50|\n|poke|p2|Volcarona, L50, M|\n|poke|p2|Farigiraf, L50, M|\n|teampreview|4\n|inactive|Battle timer is ON: inactive players will automatically lose when time's up. (requested by Highkage2)\n|inactive|Highkage2 has 60 seconds left.\n|inactive|Highkage2 has 30 seconds left.\n|\n|t:|1775059481\n|teamsize|p1|4\n|teamsize|p2|4\n|start\n|switch|p1a: Incineroar|Incineroar, L50, M|100/100\n|switch|p1b: Kyogre|Kyogre, L50|100/100\n|switch|p2a: Miraidon|Miraidon, L50|100/100\n|switch|p2b: Volcarona|Volcarona, L50, M|100/100\n|-fieldstart|move: Electric Terrain|[from] ability: Hadron Engine|[of] p2a: Miraidon\n|-weather|RainDance|[from] ability: Drizzle|[of] p1b: Kyogre\n|-ability|p1a: Incineroar|Intimidate|boost\n|-unboost|p2a: Miraidon|atk|1\n|-unboost|p2b: Volcarona|atk|1\n|turn|1\n|\n|t:|1775059500\n|-terastallize|p2b: Volcarona|Water\n|move|p1b: Kyogre|Protect|p1b: Kyogre\n|-singleturn|p1b: Kyogre|Protect\n|move|p2a: Miraidon|Volt Switch|p1a: Incineroar\n|-damage|p1a: Incineroar|9/100\n|\n|t:|1775059518\n|switch|p2a: Iron Treads|Iron Treads, L50|100/100|[from] Volt Switch\n|-activate|p2a: Iron Treads|ability: Quark Drive\n|-start|p2a: Iron Treads|quarkdrivespe\n|move|p2b: Volcarona|Struggle Bug|p1b: Kyogre|[spread] p1a\n|-activate|p1b: Kyogre|move: Protect\n|-damage|p1a: Incineroar|0 fnt\n|faint|p1a: Incineroar\n|\n|-weather|RainDance|[upkeep]\n|upkeep\n|\n|t:|1775059526\n|switch|p1a: Calyrex|Calyrex-Ice, L50|100/100\n|-ability|p1a: Calyrex|As One\n|-ability|p1a: Calyrex|Unnerve\n|turn|2\n|inactive|Highkage2 has 30 seconds left.\n|\n|t:|1775059556\n|move|p2a: Iron Treads|High Horsepower|p1b: Kyogre\n|-damage|p1b: Kyogre|32/100\n|move|p1b: Kyogre|Origin Pulse|p2a: Iron Treads|[spread] p2a,p2b\n|-supereffective|p2a: Iron Treads\n|-resisted|p2b: Volcarona\n|-damage|p2a: Iron Treads|0 fnt\n|-damage|p2b: Volcarona|69/100\n|faint|p2a: Iron Treads\n|-end|p2a: Iron Treads|Quark Drive|[silent]\n|move|p2b: Volcarona|Will-O-Wisp|p1a: Calyrex\n|-status|p1a: Calyrex|brn\n|move|p1a: Calyrex|Trick Room|p1a: Calyrex\n|-fieldstart|move: Trick Room|[of] p1a: Calyrex\n|\n|-weather|RainDance|[upkeep]\n|-damage|p1a: Calyrex|95/100 brn|[from] brn\n|upkeep\n|\n|t:|1775059569\n|switch|p2a: Calyrex|Calyrex-Ice, L50|100/100\n|-ability|p2a: Calyrex|As One\n|-ability|p2a: Calyrex|Unnerve\n|turn|3\n|\n|t:|1775059589\n|move|p1b: Kyogre|Protect|p1b: Kyogre\n|-singleturn|p1b: Kyogre|Protect\n|move|p2a: Calyrex|Leech Seed|p1a: Calyrex\n|-start|p1a: Calyrex|move: Leech Seed\n|move|p2b: Volcarona|Struggle Bug|p1a: Calyrex|[spread] p1a\n|-activate|p1b: Kyogre|move: Protect\n|-supereffective|p1a: Calyrex\n|-damage|p1a: Calyrex|73/100 brn\n|move|p1a: Calyrex|Trick Room|p1a: Calyrex\n|-fieldend|move: Trick Room\n|\n|-weather|RainDance|[upkeep]\n|-damage|p1a: Calyrex|61/100 brn|[from] Leech Seed|[of] p2a: Calyrex\n|-damage|p1a: Calyrex|56/100 brn|[from] brn\n|upkeep\n|turn|4\n|\n|t:|1775059607\n|switch|p1a: Raging Bolt|Raging Bolt, L50|100/100\n|move|p2a: Calyrex|Protect|p2a: Calyrex\n|-singleturn|p2a: Calyrex|Protect\n|move|p1b: Kyogre|Origin Pulse|p2a: Calyrex|[spread] p2b\n|-activate|p2a: Calyrex|move: Protect\n|-resisted|p2b: Volcarona\n|-damage|p2b: Volcarona|36/100\n|move|p2b: Volcarona|Struggle Bug|p1b: Kyogre|[spread] p1a,p1b\n|-damage|p1a: Raging Bolt|85/100\n|-damage|p1b: Kyogre|21/100\n|-unboost|p1a: Raging Bolt|spa|1\n|-unboost|p1b: Kyogre|spa|1\n|\n|-weather|RainDance|[upkeep]\n|upkeep\n|turn|5\n|\n|t:|1775059620\n|-end|p1a: Raging Bolt|Protosynthesis|[silent]\n|switch|p1a: Calyrex|Calyrex-Ice, L50|56/100 brn\n|-ability|p1a: Calyrex|As One\n|-ability|p1a: Calyrex|Unnerve\n|move|p1b: Kyogre|Protect|p1b: Kyogre\n|-singleturn|p1b: Kyogre|Protect\n|move|p2b: Volcarona|Rage Powder|p2b: Volcarona\n|-singleturn|p2b: Volcarona|move: Rage Powder\n|move|p2a: Calyrex|Glacial Lance|p1a: Calyrex|[spread] p1a\n|-activate|p1b: Kyogre|move: Protect\n|-resisted|p1a: Calyrex\n|-damage|p1a: Calyrex|40/100 brn\n|\n|-weather|none\n|-damage|p1a: Calyrex|34/100 brn|[from] brn\n|-fieldend|move: Electric Terrain\n|upkeep\n|turn|6\n|\n|t:|1775059643\n|move|p1b: Kyogre|Origin Pulse|p2a: Calyrex|[spread] p2a,p2b\n|-resisted|p2b: Volcarona\n|-damage|p2a: Calyrex|78/100\n|-damage|p2b: Volcarona|20/100\n|move|p2b: Volcarona|Overheat|p1a: Calyrex\n|-supereffective|p1a: Calyrex\n|-damage|p1a: Calyrex|0 fnt\n|-unboost|p2b: Volcarona|spa|2\n|faint|p1a: Calyrex\n|move|p2a: Calyrex|Glacial Lance|p1b: Kyogre\n|-resisted|p1b: Kyogre\n|-damage|p1b: Kyogre|0 fnt\n|faint|p1b: Kyogre\n|-ability|p2a: Calyrex|Chilling Neigh|boost\n|-boost|p2a: Calyrex|atk|1\n|\n|-heal|p2a: Calyrex|84/100|[from] item: Leftovers\n|upkeep\n|\n|t:|1775059649\n|switch|p1b: Raging Bolt|Raging Bolt, L50|85/100\n|turn|7\n|\n|t:|1775059665\n|-terastallize|p1b: Raging Bolt|Fairy\n|move|p2b: Volcarona|Rage Powder|p2b: Volcarona\n|-singleturn|p2b: Volcarona|move: Rage Powder\n|move|p1b: Raging Bolt|Thunderclap||[still]\n|-fail|p1b: Raging Bolt\n|move|p2a: Calyrex|Leech Seed|p1b: Raging Bolt\n|-start|p1b: Raging Bolt|move: Leech Seed\n|\n|-heal|p2a: Calyrex|90/100|[from] item: Leftovers\n|-damage|p1b: Raging Bolt|73/100|[from] Leech Seed|[of] p2a: Calyrex\n|-heal|p2a: Calyrex|100/100|[silent]\n|upkeep\n|turn|8\n|-message|fernsthedruids forfeited.\n|\n|win|Highkage2\n|raw|fernsthedruids's rating: 1593 &rarr; <strong>1573</strong><br />(-20 for losing)\n|raw|Highkage2's rating: 1588 &rarr; <strong>1608</strong><br />(+20 for winning)\n|l|\u2606fernsthedruids\n|player|p1|\n","uploadtime":1775059822,"views":21,"formatid":"gen9vgc2026regi","rating":1573,"private":0,"password":null}