{"id":"gen9vgc2026regi-2557356258","format":"[Gen 9] VGC 2026 Reg I","players":["SycrasisEU","ianaldamatrick"],"log":"|j|\u2606SycrasisEU\n|j|\u203dianaldamatrick\n|t:|1773317871\n|gametype|doubles\n|player|p1|SycrasisEU|pryce|1321\n|player|p2|ianaldamatrick|1|1324\n|gen|9\n|tier|[Gen 9] VGC 2026 Reg I\n|rated|\n|rule|Species Clause: Limit one of each Pok\u00e9mon\n|rule|Item Clause: Limit 1 of each item\n|clearpoke\n|poke|p1|Incineroar, L50, F|\n|poke|p1|Koraidon, L50|\n|poke|p1|Flutter Mane, L50|\n|poke|p1|Tornadus, L50, M|\n|poke|p1|Calyrex-Shadow, L50|\n|poke|p1|Walking Wake, L50|\n|poke|p2|Lunala, L50|\n|poke|p2|Ursaluna, L50, M|\n|poke|p2|Urshifu-*, L50, F|\n|poke|p2|Miraidon, L50|\n|poke|p2|Grimmsnarl, L50, M|\n|poke|p2|Incineroar, L50, M|\n|teampreview|4\n|inactive|Battle timer is ON: inactive players will automatically lose when time's up. (requested by SycrasisEU)\n|inactive|SycrasisEU has 60 seconds left.\n|\n|t:|1773317928\n|teamsize|p1|4\n|teamsize|p2|4\n|start\n|switch|p1a: Tornadus|Tornadus, L50, M|100/100\n|switch|p1b: Koraidon|Koraidon, L50, shiny|100/100\n|switch|p2a: Lunala|Lunala, L50|100/100\n|switch|p2b: Miraidon|Miraidon, L50|100/100\n|-weather|SunnyDay|[from] ability: Orichalcum Pulse|[of] p1b: Koraidon\n|-activate|p1b: Koraidon|Orichalcum Pulse|[source]\n|-fieldstart|move: Electric Terrain|[from] ability: Hadron Engine|[of] p2b: Miraidon\n|-enditem|p2a: Lunala|Electric Seed\n|-boost|p2a: Lunala|def|1|[from] item: Electric Seed\n|turn|1\n|\n|t:|1773317949\n|-terastallize|p1a: Tornadus|Dark\n|move|p1a: Tornadus|Taunt|p2a: Lunala\n|-start|p2a: Lunala|move: Taunt\n|move|p1b: Koraidon|Flame Charge|p2b: Miraidon\n|-resisted|p2b: Miraidon\n|-crit|p2b: Miraidon\n|-damage|p2b: Miraidon|77/100\n|-boost|p1b: Koraidon|spe|1\n|move|p2b: Miraidon|Volt Switch|p1a: Tornadus\n|-damage|p1a: Tornadus|41/100\n|\n|t:|1773317961\n|switch|p2b: Urshifu|Urshifu-Rapid-Strike, L50, F|100/100|[from] Volt Switch\n|cant|p2a: Lunala|move: Taunt|Trick Room\n|\n|-weather|SunnyDay|[upkeep]\n|upkeep\n|turn|2\n|inactive|SycrasisEU has 30 seconds left.\n|inactive|SycrasisEU has 20 seconds left.\n|inactive|SycrasisEU has 15 seconds left.\n|\n|t:|1773318004\n|move|p1b: Koraidon|Protect|p1b: Koraidon\n|-singleturn|p1b: Koraidon|Protect\n|move|p1a: Tornadus|Tailwind|p1a: Tornadus\n|-sidestart|p1: SycrasisEU|move: Tailwind\n|move|p2b: Urshifu|Surging Strikes|p1b: Koraidon\n|-resisted|p1b: Koraidon\n|-crit|p1b: Koraidon\n|-damage|p1b: Koraidon|94/100\n|-resisted|p1b: Koraidon\n|-crit|p1b: Koraidon\n|-damage|p1b: Koraidon|87/100\n|-resisted|p1b: Koraidon\n|-crit|p1b: Koraidon\n|-damage|p1b: Koraidon|80/100\n|-hitcount|p1b: Koraidon|3\n|move|p2a: Lunala|Moonblast|p1b: Koraidon\n|-activate|p1b: Koraidon|move: Protect\n|\n|-weather|SunnyDay|[upkeep]\n|upkeep\n|turn|3\n|\n|t:|1773318029\n|-terastallize|p2b: Urshifu|Steel\n|move|p1b: Koraidon|Collision Course|p2b: Urshifu\n|-supereffective|p2b: Urshifu\n|-damage|p2b: Urshifu|0 fnt\n|faint|p2b: Urshifu\n|move|p1a: Tornadus|Bleakwind Storm|p2a: Lunala\n|-damage|p2a: Lunala|84/100\n|move|p2a: Lunala|Moonblast|p1b: Koraidon\n|-supereffective|p1b: Koraidon\n|-damage|p1b: Koraidon|0 fnt\n|faint|p1b: Koraidon\n|\n|-weather|SunnyDay|[upkeep]\n|-end|p2a: Lunala|move: Taunt\n|upkeep\n|\n|t:|1773318048\n|switch|p1b: Walking Wake|Walking Wake, L50|100/100\n|switch|p2b: Miraidon|Miraidon, L50|77/100\n|-activate|p2b: Miraidon|ability: Hadron Engine\n|-activate|p1b: Walking Wake|ability: Protosynthesis\n|-start|p1b: Walking Wake|protosynthesisspe\n|turn|4\n|\n|t:|1773318070\n|move|p1a: Tornadus|Taunt|p2a: Lunala\n|-start|p2a: Lunala|move: Taunt\n|move|p1b: Walking Wake|Snarl|p2b: Miraidon|[spread] p2a,p2b\n|-supereffective|p2a: Lunala\n|-crit|p2b: Miraidon\n|-damage|p2a: Lunala|39/100\n|-damage|p2b: Miraidon|67/100\n|-unboost|p2a: Lunala|spa|1\n|-unboost|p2b: Miraidon|spa|1\n|move|p2b: Miraidon|Volt Switch|p1a: Tornadus\n|-damage|p1a: Tornadus|5/100\n|\n|t:|1773318081\n|switch|p2b: Ursaluna|Ursaluna, L50, M|100/100|[from] Volt Switch\n|move|p2a: Lunala|Moonblast|p1b: Walking Wake\n|-supereffective|p1b: Walking Wake\n|-damage|p1b: Walking Wake|65/100\n|\n|-weather|SunnyDay|[upkeep]\n|-status|p2b: Ursaluna|brn|[from] item: Flame Orb\n|upkeep\n|turn|5\n|\n|t:|1773318099\n|move|p2b: Ursaluna|Protect|p2b: Ursaluna\n|-singleturn|p2b: Ursaluna|Protect\n|move|p1b: Walking Wake|Hydro Steam|p2b: Ursaluna\n|-activate|p2b: Ursaluna|move: Protect\n|move|p1a: Tornadus|Bleakwind Storm|p2b: Ursaluna|[spread] \n|-activate|p2b: Ursaluna|move: Protect\n|-miss|p1a: Tornadus|p2a: Lunala\n|move|p2a: Lunala|Moonblast|p1a: Tornadus\n|-supereffective|p1a: Tornadus\n|-crit|p1a: Tornadus\n|-damage|p1a: Tornadus|0 fnt\n|faint|p1a: Tornadus\n|\n|-weather|none\n|-end|p1b: Walking Wake|Protosynthesis\n|-damage|p2b: Ursaluna|95/100 brn|[from] brn\n|-sideend|p1: SycrasisEU|move: Tailwind\n|-fieldend|move: Electric Terrain\n|upkeep\n|\n|t:|1773318118\n|switch|p1a: Flutter Mane|Flutter Mane, L50|100/100\n|turn|6\n|inactive|ianaldamatrick has 30 seconds left.\n|\n|t:|1773318153\n|move|p1a: Flutter Mane|Shadow Ball|p2a: Lunala\n|-supereffective|p2a: Lunala\n|-damage|p2a: Lunala|0 fnt\n|faint|p2a: Lunala\n|move|p1b: Walking Wake|Hydro Steam|p2b: Ursaluna\n|-supereffective|p2b: Ursaluna\n|-damage|p2b: Ursaluna|25/100 brn\n|move|p2b: Ursaluna|Facade|p1b: Walking Wake\n|-damage|p1b: Walking Wake|0 fnt\n|faint|p1b: Walking Wake\n|-end|p1b: Walking Wake|Protosynthesis|[silent]\n|\n|-damage|p2b: Ursaluna|19/100 brn|[from] brn\n|upkeep\n|\n|t:|1773318167\n|switch|p2a: Miraidon|Miraidon, L50|67/100\n|-fieldstart|move: Electric Terrain|[from] ability: Hadron Engine|[of] p2a: Miraidon\n|turn|7\n|\n|t:|1773318174\n|move|p1a: Flutter Mane|Shadow Ball|p2a: Miraidon\n|-damage|p2a: Miraidon|31/100\n|move|p2a: Miraidon|Electro Drift|p1a: Flutter Mane\n|-damage|p1a: Flutter Mane|0 fnt\n|faint|p1a: Flutter Mane\n|-end|p1a: Flutter Mane|Protosynthesis|[silent]\n|\n|win|ianaldamatrick\n|raw|SycrasisEU's rating: 1321 &rarr; <strong>1301</strong><br />(-20 for losing)\n|raw|ianaldamatrick's rating: 1324 &rarr; <strong>1344</strong><br />(+20 for winning)\n|l|\u2606SycrasisEU\n|player|p1|\n|l|\u203dianaldamatrick\n|player|p2|\n","uploadtime":1773318323,"views":20,"formatid":"gen9vgc2026regi","rating":1301,"private":0,"password":null}