{"id":"gen9vgc2026regi-2565766629","format":"[Gen 9] VGC 2026 Reg I","players":["Sheevp","Wolfe Flick"],"log":"|j|\u2606Sheevp\n|j|\u2606Wolfe Flick\n|t:|1774302341\n|gametype|doubles\n|player|p1|Sheevp|170|1406\n|player|p2|Wolfe Flick|leon-tower|1484\n|gen|9\n|tier|[Gen 9] VGC 2026 Reg I\n|rated|\n|rule|Species Clause: Limit one of each Pok\u00e9mon\n|rule|Item Clause: Limit 1 of each item\n|clearpoke\n|poke|p1|Koraidon, L50|\n|poke|p1|Calyrex-Ice, L50|\n|poke|p1|Regieleki, L50|\n|poke|p1|Chi-Yu, L50|\n|poke|p1|Brute Bonnet, L50|\n|poke|p2|Terapagos, L50, M|\n|poke|p2|Incineroar, L50, M|\n|poke|p2|Calyrex-Shadow, L50|\n|poke|p2|Flutter Mane, L50|\n|poke|p2|Ogerpon-Cornerstone, L50, F|\n|poke|p2|Rillaboom, L50, F|\n|teampreview|4\n|l|\u2606Sheevp\n|player|p1|\n|j|\u2606Sheevp\n|player|p1|Sheevp|170|\n|\n|t:|1774302400\n|teamsize|p1|4\n|teamsize|p2|4\n|start\n|switch|p1a: Regieleki|Regieleki, L50|100/100\n|switch|p1b: Chi-Yu|Chi-Yu, L50|100/100\n|switch|p2a: Incineroar|Incineroar, L50, M|100/100\n|switch|p2b: Flutter Mane|Flutter Mane, L50|100/100\n|-ability|p1b: Chi-Yu|Beads of Ruin\n|-ability|p2a: Incineroar|Intimidate|boost\n|-unboost|p1a: Regieleki|atk|1\n|-unboost|p1b: Chi-Yu|atk|1\n|-enditem|p2b: Flutter Mane|Booster Energy\n|-activate|p2b: Flutter Mane|ability: Protosynthesis|[fromitem]\n|-start|p2b: Flutter Mane|protosynthesisspe\n|turn|1\n|\n|t:|1774302417\n|move|p2a: Incineroar|Fake Out|p1a: Regieleki\n|-damage|p1a: Regieleki|79/100\n|move|p2b: Flutter Mane|Moonblast|p1a: Regieleki\n|-damage|p1a: Regieleki|0 fnt\n|faint|p1a: Regieleki\n|move|p1b: Chi-Yu|Heat Wave|p2b: Flutter Mane|[spread] \n|-miss|p1b: Chi-Yu|p2a: Incineroar\n|-miss|p1b: Chi-Yu|p2b: Flutter Mane\n|\n|upkeep\n|\n|t:|1774302429\n|switch|p1a: Koraidon|Koraidon, L50|100/100\n|-weather|SunnyDay|[from] ability: Orichalcum Pulse|[of] p1a: Koraidon\n|-activate|p1a: Koraidon|Orichalcum Pulse|[source]\n|turn|2\n|\n|t:|1774302451\n|switch|p1b: Calyrex|Calyrex-Ice, L50|100/100\n|-ability|p1b: Calyrex|As One\n|-ability|p1b: Calyrex|Unnerve\n|-terastallize|p1a: Koraidon|Fire\n|move|p2b: Flutter Mane|Thunder Wave|p1a: Koraidon\n|-status|p1a: Koraidon|par\n|move|p1a: Koraidon|Close Combat|p2a: Incineroar\n|-supereffective|p2a: Incineroar\n|-damage|p2a: Incineroar|0 fnt\n|-unboost|p1a: Koraidon|def|1\n|-unboost|p1a: Koraidon|spd|1\n|-damage|p1a: Koraidon|84/100 par|[from] item: Rocky Helmet|[of] p2a: Incineroar\n|faint|p2a: Incineroar\n|-damage|p1a: Koraidon|74/100 par|[from] item: Life Orb\n|\n|-weather|SunnyDay|[upkeep]\n|upkeep\n|\n|t:|1774302483\n|switch|p2a: Calyrex|Calyrex-Shadow, L50|100/100\n|-ability|p2a: Calyrex|As One\n|-ability|p2a: Calyrex|Unnerve\n|turn|3\n|\n|t:|1774302497\n|switch|p1a: Chi-Yu|Chi-Yu, L50|100/100\n|-ability|p1a: Chi-Yu|Beads of Ruin\n|move|p1b: Calyrex|Protect|p1b: Calyrex\n|-singleturn|p1b: Calyrex|Protect\n|move|p2b: Flutter Mane|Taunt|p1b: Calyrex\n|-activate|p1b: Calyrex|move: Protect\n|move|p2a: Calyrex|Astral Barrage|p1b: Calyrex|[spread] p1a\n|-activate|p1b: Calyrex|move: Protect\n|-resisted|p1a: Chi-Yu\n|-damage|p1a: Chi-Yu|73/100\n|\n|-weather|SunnyDay|[upkeep]\n|upkeep\n|turn|4\n|\n|t:|1774302522\n|-terastallize|p2a: Calyrex|Ghost\n|move|p2b: Flutter Mane|Thunder Wave|p1a: Chi-Yu\n|-status|p1a: Chi-Yu|par\n|move|p2a: Calyrex|Astral Barrage|p1a: Chi-Yu|[spread] p1a,p1b\n|-resisted|p1a: Chi-Yu\n|-supereffective|p1b: Calyrex\n|-damage|p1a: Chi-Yu|32/100 par\n|-damage|p1b: Calyrex|0 fnt\n|faint|p1b: Calyrex\n|-ability|p2a: Calyrex|Grim Neigh|boost\n|-boost|p2a: Calyrex|spa|1\n|move|p1a: Chi-Yu|Dark Pulse|p2a: Calyrex\n|-supereffective|p2a: Calyrex\n|-enditem|p2a: Calyrex|Focus Sash\n|-damage|p2a: Calyrex|1/100\n|\n|-weather|SunnyDay|[upkeep]\n|upkeep\n|\n|t:|1774302536\n|switch|p1b: Koraidon|Koraidon, L50, tera:Fire|74/100 par\n|-activate|p1b: Koraidon|ability: Orichalcum Pulse\n|turn|5\n|-message|Sheevp forfeited.\n|\n|win|Wolfe Flick\n|raw|Sheevp's rating: 1406 &rarr; <strong>1390</strong><br />(-16 for losing)\n|raw|Wolfe Flick's rating: 1484 &rarr; <strong>1500</strong><br />(+16 for winning)\n|l|\u2606Sheevp\n|player|p1|\n","uploadtime":1774302672,"views":10,"formatid":"gen9vgc2026regi","rating":1390,"private":0,"password":null}