{"id":"gen9vgc2026regi-2534261856","format":"[Gen 9] VGC 2026 Reg I","players":["marcxhenry","Indeedee Follow"],"log":"|j|\u2606marcxhenry\n|j|\u2606Indeedee Follow\n|t:|1770402815\n|gametype|doubles\n|player|p1|marcxhenry|hilbert-wonderlauncher|1485\n|player|p2|Indeedee Follow|jasmine|1409\n|gen|9\n|tier|[Gen 9] VGC 2026 Reg I\n|rated|\n|rule|Species Clause: Limit one of each Pok\u00e9mon\n|rule|Item Clause: Limit 1 of each item\n|clearpoke\n|poke|p1|Calyrex-Shadow, L50|\n|poke|p1|Urshifu-*, L50, M|\n|poke|p1|Roaring Moon, L50|\n|poke|p1|Kyogre, L50|\n|poke|p1|Tsareena, L50, F|\n|poke|p1|Kingambit, L50, M|\n|poke|p2|Calyrex-Shadow, L50|\n|poke|p2|Zamazenta-*, L50|\n|poke|p2|Rillaboom, L50, M|\n|poke|p2|Clefairy, L50, F|\n|poke|p2|Tornadus, L50, M|\n|poke|p2|Smeargle, L50, M|\n|teampreview|4\n|inactive|Battle timer is ON: inactive players will automatically lose when time's up. (requested by Indeedee Follow)\n|inactive|Indeedee Follow has 60 seconds left.\n|j| shin2k7\n|\n|t:|1770402874\n|teamsize|p1|4\n|teamsize|p2|4\n|start\n|switch|p1a: Ludwig|Calyrex-Shadow, L50|100/100\n|switch|p1b: Roter Baron|Roaring Moon, L50, shiny|100/100\n|switch|p2a: Smeargle|Smeargle, L50, M, shiny|100/100\n|switch|p2b: Calyrex|Calyrex-Shadow, L50|100/100\n|-ability|p1a: Ludwig|As One\n|-ability|p1a: Ludwig|Unnerve\n|-ability|p2b: Calyrex|As One\n|-ability|p2b: Calyrex|Unnerve\n|-enditem|p1b: Roter Baron|Booster Energy\n|-activate|p1b: Roter Baron|ability: Protosynthesis|[fromitem]\n|-start|p1b: Roter Baron|protosynthesisspe\n|turn|1\n|inactive|Indeedee Follow has 30 seconds left.\n|\n|t:|1770402908\n|-terastallize|p1a: Ludwig|Normal\n|-terastallize|p2b: Calyrex|Dark\n|move|p2a: Smeargle|Fake Out|p1b: Roter Baron\n|-damage|p1b: Roter Baron|94/100\n|cant|p1b: Roter Baron|flinch\n|move|p1a: Ludwig|Psychic|p2a: Smeargle\n|-enditem|p2a: Smeargle|Focus Sash\n|-damage|p2a: Smeargle|1/100\n|move|p2b: Calyrex|Astral Barrage|p1a: Ludwig|[spread] p1b\n|-immune|p1a: Ludwig\n|-resisted|p1b: Roter Baron\n|-damage|p1b: Roter Baron|56/100\n|-damage|p2b: Calyrex|91/100|[from] item: Life Orb\n|\n|-ability|p2a: Smeargle|Moody|boost\n|-boost|p2a: Smeargle|atk|2\n|-unboost|p2a: Smeargle|spa|1\n|upkeep\n|turn|2\n|inactive|marcxhenry has 30 seconds left.\n|inactive|Indeedee Follow has 30 seconds left.\n|inactive|Indeedee Follow has 20 seconds left.\n|\n|t:|1770402948\n|move|p2a: Smeargle|Wide Guard|p2a: Smeargle\n|-singleturn|p2a: Smeargle|Wide Guard\n|move|p1b: Roter Baron|Acrobatics|p2b: Calyrex\n|-damage|p2b: Calyrex|47/100\n|move|p1a: Ludwig|Psychic|p2a: Smeargle\n|-damage|p2a: Smeargle|0 fnt\n|faint|p2a: Smeargle\n|-ability|p1a: Ludwig|Grim Neigh|boost\n|-boost|p1a: Ludwig|spa|1\n|move|p2b: Calyrex|Psychic|p1a: Ludwig\n|-damage|p1a: Ludwig|16/100\n|-damage|p2b: Calyrex|37/100|[from] item: Life Orb\n|\n|upkeep\n|\n|t:|1770402957\n|switch|p2a: Tornadus|Tornadus, L50, M, shiny|100/100\n|turn|3\n|\n|t:|1770402977\n|move|p2a: Tornadus|Tailwind|p2a: Tornadus\n|-sidestart|p2: Indeedee Follow|move: Tailwind\n|move|p2b: Calyrex|Astral Barrage|p1b: Roter Baron|[spread] p1b\n|-immune|p1a: Ludwig\n|-resisted|p1b: Roter Baron\n|-crit|p1b: Roter Baron\n|-damage|p1b: Roter Baron|3/100\n|-damage|p2b: Calyrex|27/100|[from] item: Life Orb\n|move|p1b: Roter Baron|Acrobatics|p2b: Calyrex\n|-crit|p2b: Calyrex\n|-damage|p2b: Calyrex|0 fnt\n|faint|p2b: Calyrex\n|move|p1a: Ludwig|Trick Room|p1a: Ludwig\n|-fieldstart|move: Trick Room|[of] p1a: Ludwig\n|\n|upkeep\n|\n|t:|1770402990\n|switch|p2b: Zamazenta|Zamazenta-Crowned, L50, shiny|100/100\n|-ability|p2b: Zamazenta|Dauntless Shield|boost\n|-boost|p2b: Zamazenta|def|1\n|turn|4\n|\n|t:|1770403004\n|move|p1a: Ludwig|Psychic|p2b: Zamazenta\n|-damage|p2b: Zamazenta|46/100\n|move|p1b: Roter Baron|Acrobatics|p2a: Tornadus\n|-damage|p2a: Tornadus|61/100\n|move|p2a: Tornadus|Bleakwind Storm|p1b: Roter Baron|[spread] \n|-miss|p2a: Tornadus|p1a: Ludwig\n|-miss|p2a: Tornadus|p1b: Roter Baron\n|move|p2b: Zamazenta|Heavy Slam|p1a: Ludwig\n|-damage|p1a: Ludwig|0 fnt\n|faint|p1a: Ludwig\n|\n|upkeep\n|\n|t:|1770403018\n|switch|p1a: Tripitz|Kyogre, L50, shiny|100/100\n|-weather|RainDance|[from] ability: Drizzle|[of] p1a: Tripitz\n|turn|5\n|\n|t:|1770403033\n|move|p2a: Tornadus|Sunny Day|p2a: Tornadus\n|-weather|SunnyDay\n|move|p1a: Tripitz|Hydro Pump|p2b: Zamazenta\n|-damage|p2b: Zamazenta|21/100\n|move|p1b: Roter Baron|Knock Off|p2a: Tornadus\n|-damage|p2a: Tornadus|4/100\n|-enditem|p2a: Tornadus|Covert Cloak|[from] move: Knock Off|[of] p1b: Roter Baron\n|move|p2b: Zamazenta|Body Press|p1a: Tripitz\n|-damage|p1a: Tripitz|22/100\n|\n|-weather|SunnyDay|[upkeep]\n|upkeep\n|turn|6\n|\n|t:|1770403051\n|move|p1a: Tripitz|Origin Pulse|p2a: Tornadus|[spread] p2a,p2b\n|-damage|p2a: Tornadus|0 fnt\n|-damage|p2b: Zamazenta|2/100\n|faint|p2a: Tornadus\n|move|p1b: Roter Baron|Acrobatics|p2b: Zamazenta\n|-damage|p2b: Zamazenta|0 fnt\n|faint|p2b: Zamazenta\n|\n|win|marcxhenry\n|raw|marcxhenry's rating: 1485 &rarr; <strong>1501</strong><br />(+16 for winning)\n|raw|Indeedee Follow's rating: 1409 &rarr; <strong>1393</strong><br />(-16 for losing)\n|l|\u2606marcxhenry\n|player|p1|\n|l|\u2606Indeedee Follow\n|player|p2|\n","uploadtime":1770403190,"views":13,"formatid":"gen9vgc2026regi","rating":1393,"private":0,"password":null}