{"id":"gen9vgc2026regi-2567406388","format":"[Gen 9] VGC 2026 Reg I","players":["disciple of blahaj","Luxerna"],"log":"|j|\u2606disciple of blahaj\n|j|\u2606Luxerna\n|t:|1774473321\n|gametype|doubles\n|player|p1|disciple of blahaj|mina-lgpe|1299\n|player|p2|Luxerna|dawn-gen4pt|1384\n|gen|9\n|tier|[Gen 9] VGC 2026 Reg I\n|rated|\n|rule|Species Clause: Limit one of each Pok\u00e9mon\n|rule|Item Clause: Limit 1 of each item\n|clearpoke\n|poke|p1|Terapagos, L50, M|\n|poke|p1|Rillaboom, L50, F|\n|poke|p1|Lunala, L50|\n|poke|p1|Raging Bolt, L50|\n|poke|p1|Chi-Yu, L50|\n|poke|p1|Grimmsnarl, L50, M|\n|poke|p2|Koraidon, L50|\n|poke|p2|Lunala, L50|\n|poke|p2|Incineroar, L50, M|\n|poke|p2|Flutter Mane, L50|\n|poke|p2|Amoonguss, L50, F|\n|poke|p2|Ursaluna, L50, F|\n|teampreview|4\n|\n|t:|1774473343\n|teamsize|p1|4\n|teamsize|p2|4\n|start\n|switch|p1a: Rillaboom|Rillaboom, L50, F|100/100\n|switch|p1b: Grimmsnarl|Grimmsnarl, L50, M|100/100\n|switch|p2a: Koraidon|Koraidon, L50|100/100\n|switch|p2b: Flutter Mane|Flutter Mane, L50|100/100\n|-weather|SunnyDay|[from] ability: Orichalcum Pulse|[of] p2a: Koraidon\n|-activate|p2b: Flutter Mane|ability: Protosynthesis\n|-start|p2b: Flutter Mane|protosynthesisspe\n|-activate|p2a: Koraidon|Orichalcum Pulse|[source]\n|-fieldstart|move: Grassy Terrain|[from] ability: Grassy Surge|[of] p1a: Rillaboom\n|turn|1\n|\n|t:|1774473372\n|switch|p1a: Lunala|Lunala, L50|100/100\n|-enditem|p1a: Lunala|Grassy Seed\n|-boost|p1a: Lunala|def|1|[from] item: Grassy Seed\n|-terastallize|p2a: Koraidon|Fire\n|move|p1b: Grimmsnarl|Reflect|p1b: Grimmsnarl\n|-sidestart|p1: disciple of blahaj|Reflect\n|move|p2b: Flutter Mane|Moonblast|p1b: Grimmsnarl\n|-supereffective|p1b: Grimmsnarl\n|-damage|p1b: Grimmsnarl|5/100\n|-unboost|p1b: Grimmsnarl|spa|1\n|move|p2a: Koraidon|Flame Charge|p1a: Lunala\n|-damage|p1a: Lunala|85/100\n|-boost|p2a: Koraidon|spe|1\n|-damage|p2a: Koraidon|91/100|[from] item: Life Orb\n|\n|-weather|SunnyDay|[upkeep]\n|-heal|p2a: Koraidon|97/100|[from] Grassy Terrain\n|-heal|p1a: Lunala|91/100|[from] Grassy Terrain\n|-heal|p1b: Grimmsnarl|11/100|[from] Grassy Terrain\n|upkeep\n|turn|2\n|\n|t:|1774473404\n|move|p1b: Grimmsnarl|Thunder Wave|p2b: Flutter Mane\n|-status|p2b: Flutter Mane|par\n|move|p2a: Koraidon|Flare Blitz|p1a: Lunala\n|-damage|p1a: Lunala|32/100\n|-damage|p2a: Koraidon|70/100|[from] Recoil\n|-damage|p2a: Koraidon|60/100|[from] item: Life Orb\n|move|p2b: Flutter Mane|Shadow Ball|p1a: Lunala\n|-supereffective|p1a: Lunala\n|-damage|p1a: Lunala|0 fnt\n|faint|p1a: Lunala\n|\n|-weather|SunnyDay|[upkeep]\n|-heal|p2a: Koraidon|66/100|[from] Grassy Terrain\n|-heal|p1b: Grimmsnarl|17/100|[from] Grassy Terrain\n|upkeep\n|\n|t:|1774473417\n|switch|p1a: Stellar|Terapagos, L50, M|100/100\n|-activate|p1a: Stellar|ability: Tera Shift\n|detailschange|p1a: Stellar|Terapagos-Terastal, L50, M\n|-heal|p1a: Stellar|100/100|[silent]\n|turn|3\n|\n|t:|1774473428\n|-end|p2b: Flutter Mane|Protosynthesis|[silent]\n|switch|p2b: Incineroar|Incineroar, L50, M|100/100\n|-ability|p2b: Incineroar|Intimidate|boost\n|-unboost|p1a: Stellar|atk|1\n|-unboost|p1b: Grimmsnarl|atk|1\n|move|p2a: Koraidon|Protect|p2a: Koraidon\n|-singleturn|p2a: Koraidon|Protect\n|move|p1a: Stellar|Calm Mind|p1a: Stellar\n|-boost|p1a: Stellar|spa|1\n|-boost|p1a: Stellar|spd|1\n|move|p1b: Grimmsnarl|Spirit Break|p2b: Incineroar\n|-damage|p2b: Incineroar|84/100\n|-unboost|p2b: Incineroar|spa|1\n|\n|-weather|SunnyDay|[upkeep]\n|-heal|p2a: Koraidon|73/100|[from] Grassy Terrain\n|-heal|p2b: Incineroar|90/100|[from] Grassy Terrain\n|-heal|p1b: Grimmsnarl|23/100|[from] Grassy Terrain\n|upkeep\n|turn|4\n|\n|t:|1774473446\n|move|p1a: Stellar|Protect|p1a: Stellar\n|-singleturn|p1a: Stellar|Protect\n|move|p2b: Incineroar|Fake Out|p1a: Stellar\n|-activate|p1a: Stellar|move: Protect\n|move|p1b: Grimmsnarl|Thunder Wave|p2a: Koraidon\n|-status|p2a: Koraidon|par\n|cant|p2a: Koraidon|par\n|\n|-weather|SunnyDay|[upkeep]\n|-heal|p2a: Koraidon|79/100 par|[from] Grassy Terrain\n|-heal|p2b: Incineroar|96/100|[from] Grassy Terrain\n|-heal|p1b: Grimmsnarl|29/100|[from] Grassy Terrain\n|upkeep\n|turn|5\n|\n|t:|1774473471\n|switch|p2a: Lunala|Lunala, L50|100/100\n|move|p1a: Stellar|Calm Mind|p1a: Stellar\n|-boost|p1a: Stellar|spa|1\n|-boost|p1a: Stellar|spd|1\n|move|p2b: Incineroar|Knock Off|p1b: Grimmsnarl\n|-resisted|p1b: Grimmsnarl\n|-crit|p1b: Grimmsnarl\n|-damage|p1b: Grimmsnarl|14/100\n|-enditem|p1b: Grimmsnarl|Light Clay|[from] move: Knock Off|[of] p2b: Incineroar\n|move|p1b: Grimmsnarl|Spirit Break|p2a: Lunala\n|-damage|p2a: Lunala|93/100\n|-unboost|p2a: Lunala|spa|1\n|\n|-weather|none\n|-heal|p2a: Lunala|99/100|[from] Grassy Terrain\n|-heal|p2b: Incineroar|100/100|[from] Grassy Terrain\n|-heal|p1b: Grimmsnarl|20/100|[from] Grassy Terrain\n|-fieldend|move: Grassy Terrain\n|upkeep\n|turn|6\n|\n|t:|1774473500\n|-terastallize|p1a: Stellar|Stellar\n|detailschange|p1a: Stellar|Terapagos-Stellar, L50, M, tera:Stellar\n|-heal|p1a: Stellar|100/100|[silent]\n|move|p1b: Grimmsnarl|Thunder Wave|p2a: Lunala\n|-status|p2a: Lunala|par\n|move|p1a: Stellar|Earth Power|p2a: Lunala\n|-crit|p2a: Lunala\n|-damage|p2a: Lunala|22/100 par\n|move|p2b: Incineroar|Knock Off|p1a: Stellar\n|-damage|p1a: Stellar|85/100\n|-enditem|p1a: Stellar|Leftovers|[from] move: Knock Off|[of] p2b: Incineroar\n|move|p2a: Lunala|Meteor Beam||[still]\n|-prepare|p2a: Lunala|Meteor Beam\n|-boost|p2a: Lunala|spa|1\n|-enditem|p2a: Lunala|Power Herb\n|-anim|p2a: Lunala|Meteor Beam|p1b: Grimmsnarl\n|-damage|p1b: Grimmsnarl|0 fnt\n|faint|p1b: Grimmsnarl\n|\n|upkeep\n|\n|t:|1774473521\n|switch|p1b: Rillaboom|Rillaboom, L50, F|100/100\n|-fieldstart|move: Grassy Terrain|[from] ability: Grassy Surge|[of] p1b: Rillaboom\n|turn|7\n|\n|t:|1774473529\n|switch|p2b: Koraidon|Koraidon, L50, tera:Fire|79/100 par\n|-weather|SunnyDay|[from] ability: Orichalcum Pulse|[of] p2b: Koraidon\n|-activate|p2b: Koraidon|Orichalcum Pulse|[source]\n|cant|p2a: Lunala|par\n|move|p1b: Rillaboom|Wood Hammer|p2a: Lunala\n|-damage|p2a: Lunala|0 fnt\n|faint|p2a: Lunala\n|-damage|p1b: Rillaboom|93/100|[from] Recoil\n|move|p1a: Stellar|Earth Power|p2b: Koraidon\n|-supereffective|p2b: Koraidon\n|-damage|p2b: Koraidon|0 fnt\n|faint|p2b: Koraidon\n|\n|-weather|SunnyDay|[upkeep]\n|-heal|p1b: Rillaboom|99/100|[from] Grassy Terrain\n|-heal|p1a: Stellar|92/100|[from] Grassy Terrain\n|upkeep\n|\n|t:|1774473537\n|switch|p2b: Incineroar|Incineroar, L50, M|100/100\n|switch|p2a: Flutter Mane|Flutter Mane, L50|100/100 par\n|-ability|p2b: Incineroar|Intimidate|boost\n|-unboost|p1a: Stellar|atk|1\n|-unboost|p1b: Rillaboom|atk|1\n|-activate|p2a: Flutter Mane|ability: Protosynthesis\n|-start|p2a: Flutter Mane|protosynthesisspe\n|turn|8\n|-message|Luxerna forfeited.\n|\n|win|disciple of blahaj\n|raw|disciple of blahaj's rating: 1299 &rarr; <strong>1330</strong><br />(+31 for winning)\n|raw|Luxerna's rating: 1384 &rarr; <strong>1359</strong><br />(-25 for losing)\n|l|\u2606Luxerna\n|player|p2|\n","uploadtime":1774473578,"views":13,"formatid":"gen9vgc2026regi","rating":1330,"private":0,"password":null}