{"id":"gen9vgc2026regi-2579587161","format":"[Gen 9] VGC 2026 Reg I","players":["Galact7adi","Pillarmen2"],"log":"|j|\u2606Galact7adi\n|j|\u2606Pillarmen2\n|t:|1775801813\n|gametype|doubles\n|player|p1|Galact7adi|hilbert|1522\n|player|p2|Pillarmen2|170|1424\n|gen|9\n|tier|[Gen 9] VGC 2026 Reg I\n|rated|\n|rule|Species Clause: Limit one of each Pok\u00e9mon\n|rule|Item Clause: Limit 1 of each item\n|clearpoke\n|poke|p1|Lunala, L50|\n|poke|p1|Groudon, L50|\n|poke|p1|Hitmontop, L50, M|\n|poke|p1|Incineroar, L50, F|\n|poke|p1|Rillaboom, L50, F|\n|poke|p1|Flutter Mane, L50|\n|poke|p2|Chien-Pao, L50|\n|poke|p2|Ogerpon-Hearthflame, L50, F|\n|poke|p2|Whimsicott, L50, M|\n|poke|p2|Raging Bolt, L50|\n|poke|p2|Calyrex-Shadow, L50|\n|poke|p2|Zamazenta-*, L50|\n|teampreview|4\n|inactive|Battle timer is ON: inactive players will automatically lose when time's up. (requested by Galact7adi)\n|inactive|Galact7adi has 60 seconds left.\n|inactive|Pillarmen2 has 60 seconds left.\n|\n|t:|1775801861\n|teamsize|p1|4\n|teamsize|p2|4\n|start\n|switch|p1a: Lunala|Lunala, L50|100/100\n|switch|p1b: Rillaboom|Rillaboom, L50, F|100/100\n|switch|p2a: Whimsicott|Whimsicott, L50, M|100/100\n|switch|p2b: Raging Bolt|Raging Bolt, L50|100/100\n|-fieldstart|move: Grassy Terrain|[from] ability: Grassy Surge|[of] p1b: Rillaboom\n|-enditem|p2b: Raging Bolt|Booster Energy\n|-activate|p2b: Raging Bolt|ability: Protosynthesis|[fromitem]\n|-start|p2b: Raging Bolt|protosynthesisspa\n|turn|1\n|\n|t:|1775801876\n|-terastallize|p1a: Lunala|Fairy\n|move|p2a: Whimsicott|Taunt|p1a: Lunala\n|-start|p1a: Lunala|move: Taunt\n|move|p1a: Lunala|Moonblast|p2b: Raging Bolt\n|-supereffective|p2b: Raging Bolt\n|-damage|p2b: Raging Bolt|20/100\n|-unboost|p2b: Raging Bolt|spa|1\n|move|p2b: Raging Bolt|Thunderbolt|p1a: Lunala\n|-damage|p1a: Lunala|86/100\n|move|p1b: Rillaboom|U-turn|p2a: Whimsicott\n|-damage|p2a: Whimsicott|74/100\n|\n|t:|1775801888\n|switch|p1b: Incineroar|Incineroar, L50, F|100/100|[from] U-turn\n|-ability|p1b: Incineroar|Intimidate|boost\n|-unboost|p2a: Whimsicott|atk|1\n|-unboost|p2b: Raging Bolt|atk|1\n|\n|-heal|p2a: Whimsicott|80/100|[from] Grassy Terrain\n|-heal|p1a: Lunala|92/100|[from] Grassy Terrain\n|-heal|p1a: Lunala|98/100|[from] item: Leftovers\n|-heal|p2b: Raging Bolt|26/100|[from] Grassy Terrain\n|upkeep\n|turn|2\n|\n|t:|1775801896\n|move|p2a: Whimsicott|Tailwind|p2a: Whimsicott\n|-sidestart|p2: Pillarmen2|move: Tailwind\n|move|p2b: Raging Bolt|Thunderbolt|p1a: Lunala\n|-damage|p1a: Lunala|67/100\n|move|p1a: Lunala|Moonblast|p2b: Raging Bolt\n|-supereffective|p2b: Raging Bolt\n|-damage|p2b: Raging Bolt|0 fnt\n|faint|p2b: Raging Bolt\n|-end|p2b: Raging Bolt|Protosynthesis|[silent]\n|move|p1b: Incineroar|Flare Blitz|p2a: Whimsicott\n|-supereffective|p2a: Whimsicott\n|-damage|p2a: Whimsicott|0 fnt\n|faint|p2a: Whimsicott\n|-damage|p1b: Incineroar|79/100|[from] Recoil\n|\n|-heal|p1a: Lunala|73/100|[from] Grassy Terrain\n|-heal|p1a: Lunala|79/100|[from] item: Leftovers\n|-heal|p1b: Incineroar|85/100|[from] Grassy Terrain\n|upkeep\n|\n|t:|1775801904\n|switch|p2a: Zamazenta|Zamazenta-Crowned, L50|100/100\n|switch|p2b: Calyrex|Calyrex-Shadow, L50|100/100\n|-ability|p2b: Calyrex|As One\n|-ability|p2b: Calyrex|Unnerve\n|-ability|p2a: Zamazenta|Dauntless Shield|boost\n|-boost|p2a: Zamazenta|def|1\n|turn|3\n|\n|t:|1775801918\n|switch|p1b: Rillaboom|Rillaboom, L50, F|100/100\n|-terastallize|p2b: Calyrex|Dark\n|move|p2b: Calyrex|Astral Barrage|p1b: Rillaboom|[spread] p1a,p1b\n|-damage|p1a: Lunala|34/100\n|-damage|p1b: Rillaboom|61/100\n|-damage|p2b: Calyrex|91/100|[from] item: Life Orb\n|move|p2a: Zamazenta|Body Press|p1b: Rillaboom\n|-damage|p1b: Rillaboom|0 fnt\n|faint|p1b: Rillaboom\n|move|p1a: Lunala|Moonblast|p2b: Calyrex\n|-supereffective|p2b: Calyrex\n|-damage|p2b: Calyrex|2/100\n|\n|-heal|p2b: Calyrex|8/100|[from] Grassy Terrain\n|-heal|p1a: Lunala|40/100|[from] Grassy Terrain\n|-heal|p1a: Lunala|46/100|[from] item: Leftovers\n|-end|p1a: Lunala|move: Taunt\n|upkeep\n|\n|t:|1775801930\n|switch|p1b: Incineroar|Incineroar, L50, F|85/100\n|-ability|p1b: Incineroar|Intimidate|boost\n|-unboost|p2a: Zamazenta|atk|1\n|-unboost|p2b: Calyrex|atk|1\n|turn|4\n|\n|t:|1775801939\n|move|p2b: Calyrex|Protect|p2b: Calyrex\n|-singleturn|p2b: Calyrex|Protect\n|move|p1b: Incineroar|Fake Out|p2b: Calyrex\n|-activate|p2b: Calyrex|move: Protect\n|move|p2a: Zamazenta|Body Press|p1b: Incineroar\n|-supereffective|p1b: Incineroar\n|-damage|p1b: Incineroar|0 fnt\n|faint|p1b: Incineroar\n|move|p1a: Lunala|Calm Mind|p1a: Lunala\n|-boost|p1a: Lunala|spa|1\n|-boost|p1a: Lunala|spd|1\n|\n|-heal|p2b: Calyrex|14/100|[from] Grassy Terrain\n|-heal|p1a: Lunala|52/100|[from] Grassy Terrain\n|-heal|p1a: Lunala|58/100|[from] item: Leftovers\n|upkeep\n|\n|t:|1775801943\n|switch|p1b: Groudon|Groudon, L50|100/100\n|-weather|SunnyDay|[from] ability: Drought|[of] p1b: Groudon\n|turn|5\n|\n|t:|1775801956\n|move|p1a: Lunala|Protect|p1a: Lunala\n|-singleturn|p1a: Lunala|Protect\n|move|p2b: Calyrex|Astral Barrage|p1a: Lunala|[spread] p1b\n|-activate|p1a: Lunala|move: Protect\n|-damage|p1b: Groudon|39/100\n|-damage|p2b: Calyrex|4/100|[from] item: Life Orb\n|move|p2a: Zamazenta|Behemoth Bash|p1a: Lunala\n|-activate|p1a: Lunala|move: Protect\n|move|p1b: Groudon|High Horsepower|p2b: Calyrex\n|-damage|p2b: Calyrex|0 fnt\n|faint|p2b: Calyrex\n|\n|-weather|SunnyDay|[upkeep]\n|-heal|p1a: Lunala|64/100|[from] Grassy Terrain\n|-heal|p1a: Lunala|70/100|[from] item: Leftovers\n|-heal|p1b: Groudon|45/100|[from] Grassy Terrain\n|-sideend|p2: Pillarmen2|move: Tailwind\n|-fieldend|move: Grassy Terrain\n|upkeep\n|turn|6\n|\n|t:|1775801966\n|move|p2a: Zamazenta|Body Press|p1b: Groudon\n|-damage|p1b: Groudon|1/100\n|move|p1a: Lunala|Moongeist Beam|p2a: Zamazenta\n|-damage|p2a: Zamazenta|56/100\n|move|p1b: Groudon|Precipice Blades|p2a: Zamazenta\n|-supereffective|p2a: Zamazenta\n|-damage|p2a: Zamazenta|0 fnt\n|faint|p2a: Zamazenta\n|\n|win|Galact7adi\n|raw|Galact7adi's rating: 1522 &rarr; <strong>1537</strong><br />(+15 for winning)\n|raw|Pillarmen2's rating: 1424 &rarr; <strong>1409</strong><br />(-15 for losing)\n|c|\u2606Galact7adi|Gg wp\n|l|\u2606Pillarmen2\n|player|p2|\n|l|\u2606Galact7adi\n|player|p1|\n","uploadtime":1775802161,"views":8,"formatid":"gen9vgc2026regi","rating":1409,"private":0,"password":null}