{"id":"gen9vgc2026regi-2561318405","format":"[Gen 9] VGC 2026 Reg I","players":["testhan92","LowPass"],"log":"|j|\u2606testhan92\n|j|\u2606LowPass\n|t:|1773783590\n|gametype|doubles\n|player|p1|testhan92|265|1352\n|player|p2|LowPass|lance|1422\n|gen|9\n|tier|[Gen 9] VGC 2026 Reg I\n|rated|\n|rule|Species Clause: Limit one of each Pok\u00e9mon\n|rule|Item Clause: Limit 1 of each item\n|clearpoke\n|poke|p1|Calyrex-Shadow, L50|\n|poke|p1|Koraidon, L50|\n|poke|p1|Clefairy, L50, M|\n|poke|p1|Flutter Mane, L50|\n|poke|p1|Rillaboom, L50, M|\n|poke|p1|Incineroar, L50, M|\n|poke|p2|Lugia, L50|\n|poke|p2|Groudon, L50|\n|poke|p2|Iron Valiant, L50|\n|poke|p2|Incineroar, L50, M|\n|poke|p2|Jumpluff, L50, F|\n|poke|p2|Walking Wake, L50|\n|teampreview|4\n|inactive|Battle timer is ON: inactive players will automatically lose when time's up. (requested by LowPass)\n|inactive|LowPass has 60 seconds left.\n|\n|t:|1773783626\n|teamsize|p1|4\n|teamsize|p2|4\n|start\n|switch|p1a: Calyrex|Calyrex-Shadow, L50|100/100\n|switch|p1b: Clefairy|Clefairy, L50, M|100/100\n|switch|p2a: Iron Valiant|Iron Valiant, L50|100/100\n|switch|p2b: Groudon|Groudon, L50, shiny|100/100\n|-ability|p1a: Calyrex|As One\n|-ability|p1a: Calyrex|Unnerve\n|-weather|SunnyDay|[from] ability: Drought|[of] p2b: Groudon\n|-enditem|p2a: Iron Valiant|Booster Energy\n|-activate|p2a: Iron Valiant|ability: Quark Drive|[fromitem]\n|-start|p2a: Iron Valiant|quarkdrivespe\n|turn|1\n|\n|t:|1773783639\n|move|p2a: Iron Valiant|Wide Guard|p2a: Iron Valiant\n|-singleturn|p2a: Iron Valiant|Wide Guard\n|move|p1b: Clefairy|Follow Me|p1b: Clefairy\n|-singleturn|p1b: Clefairy|move: Follow Me\n|move|p1a: Calyrex|Psychic|p2a: Iron Valiant\n|-supereffective|p2a: Iron Valiant\n|-damage|p2a: Iron Valiant|0 fnt\n|faint|p2a: Iron Valiant\n|-end|p2a: Iron Valiant|Quark Drive|[silent]\n|-ability|p1a: Calyrex|Grim Neigh|boost\n|-boost|p1a: Calyrex|spa|1\n|-damage|p1a: Calyrex|91/100|[from] item: Life Orb\n|move|p2b: Groudon|Precipice Blades|p1b: Clefairy|[spread] p1a,p1b\n|-damage|p1a: Calyrex|47/100\n|-damage|p1b: Clefairy|57/100\n|\n|-weather|SunnyDay|[upkeep]\n|upkeep\n|\n|t:|1773783646\n|switch|p2a: Jumpluff|Jumpluff, L50, F|100/100\n|turn|2\n|\n|t:|1773783670\n|move|p1b: Clefairy|Helping Hand|p1a: Calyrex\n|-singleturn|p1a: Calyrex|Helping Hand|[of] p1b: Clefairy\n|move|p2a: Jumpluff|Tailwind|p2a: Jumpluff\n|-sidestart|p2: LowPass|move: Tailwind\n|move|p2b: Groudon|Precipice Blades|p1a: Calyrex|[spread] p1a\n|-miss|p2b: Groudon|p1b: Clefairy\n|-damage|p1a: Calyrex|5/100\n|move|p1a: Calyrex|Astral Barrage|p2b: Groudon|[spread] p2a,p2b\n|-crit|p2b: Groudon\n|-enditem|p2a: Jumpluff|Focus Sash\n|-damage|p2a: Jumpluff|1/100\n|-damage|p2b: Groudon|0 fnt\n|faint|p2b: Groudon\n|-ability|p1a: Calyrex|Grim Neigh|boost\n|-boost|p1a: Calyrex|spa|1\n|-damage|p1a: Calyrex|0 fnt|[from] item: Life Orb\n|faint|p1a: Calyrex\n|\n|-weather|SunnyDay|[upkeep]\n|upkeep\n|\n|t:|1773783685\n|switch|p1a: Rillaboom|Rillaboom, L50, M|100/100\n|switch|p2b: Lugia|Lugia, L50|100/100\n|-fieldstart|move: Grassy Terrain|[from] ability: Grassy Surge|[of] p1a: Rillaboom\n|turn|3\n|\n|t:|1773783693\n|switch|p1b: Incineroar|Incineroar, L50, M|100/100\n|-ability|p1b: Incineroar|Intimidate|boost\n|-unboost|p2a: Jumpluff|atk|1\n|-unboost|p2b: Lugia|atk|1\n|-terastallize|p1a: Rillaboom|Water\n|move|p1a: Rillaboom|Grassy Glide|p2a: Jumpluff\n|-resisted|p2a: Jumpluff\n|-damage|p2a: Jumpluff|0 fnt\n|faint|p2a: Jumpluff\n|move|p2b: Lugia|Calm Mind|p2b: Lugia\n|-boost|p2b: Lugia|spa|1\n|-boost|p2b: Lugia|spd|1\n|\n|-weather|SunnyDay|[upkeep]\n|upkeep\n|turn|4\n|\n|t:|1773783706\n|move|p2b: Lugia|Calm Mind|p2b: Lugia\n|-boost|p2b: Lugia|spa|1\n|-boost|p2b: Lugia|spd|1\n|move|p1a: Rillaboom|U-turn|p2b: Lugia\n|-damage|p2b: Lugia|94/100\n|\n|t:|1773783711\n|switch|p1a: Clefairy|Clefairy, L50, M|57/100|[from] U-turn\n|move|p1b: Incineroar|Will-O-Wisp|p2b: Lugia\n|-status|p2b: Lugia|brn\n|\n|-weather|SunnyDay|[upkeep]\n|-heal|p2b: Lugia|99/100 brn|[from] item: Leftovers\n|-heal|p1a: Clefairy|64/100|[from] Grassy Terrain\n|-damage|p2b: Lugia|94/100 brn|[from] brn\n|upkeep\n|turn|5\n|\n|t:|1773783722\n|move|p1a: Clefairy|Helping Hand|p1b: Incineroar\n|-singleturn|p1b: Incineroar|Helping Hand|[of] p1a: Clefairy\n|move|p2b: Lugia|Calm Mind|p2b: Lugia\n|-boost|p2b: Lugia|spa|1\n|-boost|p2b: Lugia|spd|1\n|move|p1b: Incineroar|Knock Off|p2b: Lugia\n|-supereffective|p2b: Lugia\n|-damage|p2b: Lugia|20/100 brn\n|-enditem|p2b: Lugia|Leftovers|[from] move: Knock Off|[of] p1b: Incineroar\n|\n|-weather|none\n|-heal|p1a: Clefairy|70/100|[from] Grassy Terrain\n|-damage|p2b: Lugia|14/100 brn|[from] brn\n|-sideend|p2: LowPass|move: Tailwind\n|upkeep\n|turn|6\n|\n|t:|1773783738\n|-terastallize|p2b: Lugia|Steel\n|move|p1a: Clefairy|Helping Hand|p1b: Incineroar\n|-singleturn|p1b: Incineroar|Helping Hand|[of] p1a: Clefairy\n|move|p2b: Lugia|Recover|p2b: Lugia\n|-heal|p2b: Lugia|64/100 brn\n|move|p1b: Incineroar|Knock Off|p2b: Lugia\n|-damage|p2b: Lugia|37/100 brn\n|\n|-heal|p2b: Lugia|43/100 brn|[from] Grassy Terrain\n|-heal|p1a: Clefairy|76/100|[from] Grassy Terrain\n|-damage|p2b: Lugia|37/100 brn|[from] brn\n|upkeep\n|turn|7\n|\n|t:|1773783760\n|move|p1a: Clefairy|Protect|p1a: Clefairy\n|-singleturn|p1a: Clefairy|Protect\n|move|p2b: Lugia|Recover|p2b: Lugia\n|-heal|p2b: Lugia|87/100 brn\n|move|p1b: Incineroar|Parting Shot|p2b: Lugia\n|-unboost|p2b: Lugia|atk|1\n|-unboost|p2b: Lugia|spa|1\n|\n|t:|1773783762\n|switch|p1b: Rillaboom|Rillaboom, L50, M, tera:Water|100/100|[from] Parting Shot\n|\n|-heal|p2b: Lugia|93/100 brn|[from] Grassy Terrain\n|-heal|p1a: Clefairy|82/100|[from] Grassy Terrain\n|-damage|p2b: Lugia|87/100 brn|[from] brn\n|-fieldend|move: Grassy Terrain\n|upkeep\n|turn|8\n|\n|t:|1773783775\n|switch|p1a: Incineroar|Incineroar, L50, M|100/100\n|-ability|p1a: Incineroar|Intimidate|boost\n|-unboost|p2b: Lugia|atk|1\n|move|p1b: Rillaboom|Fake Out|p2b: Lugia\n|-resisted|p2b: Lugia\n|-damage|p2b: Lugia|83/100 brn\n|cant|p2b: Lugia|flinch\n|\n|-damage|p2b: Lugia|76/100 brn|[from] brn\n|upkeep\n|turn|9\n|\n|t:|1773783792\n|move|p1a: Incineroar|Fake Out|p2b: Lugia\n|-resisted|p2b: Lugia\n|-damage|p2b: Lugia|73/100 brn\n|cant|p2b: Lugia|flinch\n|move|p1b: Rillaboom|U-turn|p2b: Lugia\n|-resisted|p2b: Lugia\n|-damage|p2b: Lugia|66/100 brn\n|\n|t:|1773783798\n|switch|p1b: Clefairy|Clefairy, L50, M|82/100|[from] U-turn\n|\n|-damage|p2b: Lugia|60/100 brn|[from] brn\n|upkeep\n|turn|10\n|\n|t:|1773783809\n|move|p1b: Clefairy|Protect|p1b: Clefairy\n|-singleturn|p1b: Clefairy|Protect\n|move|p2b: Lugia|Recover|p2b: Lugia\n|-heal|p2b: Lugia|100/100 brn\n|move|p1a: Incineroar|Parting Shot|p2b: Lugia\n|-unboost|p2b: Lugia|atk|1\n|-unboost|p2b: Lugia|spa|1\n|\n|t:|1773783822\n|switch|p1a: Rillaboom|Rillaboom, L50, M, tera:Water|100/100|[from] Parting Shot\n|-fieldstart|move: Grassy Terrain|[from] ability: Grassy Surge|[of] p1a: Rillaboom\n|\n|-heal|p1b: Clefairy|89/100|[from] Grassy Terrain\n|-damage|p2b: Lugia|94/100 brn|[from] brn\n|upkeep\n|turn|11\n|\n|t:|1773783830\n|switch|p1b: Incineroar|Incineroar, L50, M|100/100\n|-ability|p1b: Incineroar|Intimidate|boost\n|-unboost|p2b: Lugia|atk|1\n|move|p1a: Rillaboom|Fake Out|p2b: Lugia\n|-resisted|p2b: Lugia\n|-crit|p2b: Lugia\n|-damage|p2b: Lugia|88/100 brn\n|cant|p2b: Lugia|flinch\n|\n|-heal|p2b: Lugia|94/100 brn|[from] Grassy Terrain\n|-damage|p2b: Lugia|88/100 brn|[from] brn\n|upkeep\n|turn|12\n|\n|t:|1773783839\n|move|p1b: Incineroar|Fake Out|p2b: Lugia\n|-resisted|p2b: Lugia\n|-damage|p2b: Lugia|85/100 brn\n|cant|p2b: Lugia|flinch\n|move|p1a: Rillaboom|Wood Hammer|p2b: Lugia\n|-resisted|p2b: Lugia\n|-damage|p2b: Lugia|62/100 brn\n|-damage|p1a: Rillaboom|93/100|[from] Recoil\n|\n|-heal|p2b: Lugia|68/100 brn|[from] Grassy Terrain\n|-heal|p1a: Rillaboom|99/100|[from] Grassy Terrain\n|-damage|p2b: Lugia|62/100 brn|[from] brn\n|upkeep\n|turn|13\n|\n|t:|1773783852\n|move|p2b: Lugia|Calm Mind|p2b: Lugia\n|-boost|p2b: Lugia|spa|1\n|-boost|p2b: Lugia|spd|1\n|move|p1a: Rillaboom|U-turn|p2b: Lugia\n|-resisted|p2b: Lugia\n|-damage|p2b: Lugia|54/100 brn\n|\n|t:|1773783859\n|switch|p1a: Clefairy|Clefairy, L50, M|89/100|[from] U-turn\n|move|p1b: Incineroar|Parting Shot|p2b: Lugia\n|-unboost|p2b: Lugia|atk|1\n|-unboost|p2b: Lugia|spa|1\n|\n|t:|1773783865\n|switch|p1b: Rillaboom|Rillaboom, L50, M, tera:Water|99/100|[from] Parting Shot\n|\n|-heal|p2b: Lugia|60/100 brn|[from] Grassy Terrain\n|-heal|p1b: Rillaboom|100/100|[from] Grassy Terrain\n|-heal|p1a: Clefairy|95/100|[from] Grassy Terrain\n|-damage|p2b: Lugia|54/100 brn|[from] brn\n|upkeep\n|turn|14\n|\n|t:|1773783874\n|switch|p1a: Incineroar|Incineroar, L50, M|100/100\n|-ability|p1a: Incineroar|Intimidate|boost\n|-unboost|p2b: Lugia|atk|0\n|move|p1b: Rillaboom|Fake Out|p2b: Lugia\n|-resisted|p2b: Lugia\n|-damage|p2b: Lugia|50/100 brn\n|cant|p2b: Lugia|flinch\n|\n|-heal|p2b: Lugia|57/100 brn|[from] Grassy Terrain\n|-damage|p2b: Lugia|50/100 brn|[from] brn\n|-fieldend|move: Grassy Terrain\n|upkeep\n|turn|15\n|\n|t:|1773783881\n|move|p1a: Incineroar|Fake Out|p2b: Lugia\n|-resisted|p2b: Lugia\n|-damage|p2b: Lugia|47/100 brn\n|cant|p2b: Lugia|flinch\n|move|p1b: Rillaboom|U-turn|p2b: Lugia\n|-resisted|p2b: Lugia\n|-damage|p2b: Lugia|40/100 brn\n|-message|LowPass forfeited.\n|\n|win|testhan92\n|raw|testhan92's rating: 1352 &rarr; <strong>1376</strong><br />(+24 for winning)\n|raw|LowPass's rating: 1422 &rarr; <strong>1398</strong><br />(-24 for losing)\n|l|\u2606LowPass\n|player|p2|\n","uploadtime":1773783888,"views":14,"formatid":"gen9vgc2026regi","rating":1376,"private":0,"password":null}