{"id":"gen9vgc2026regi-2538606916","format":"[Gen 9] VGC 2026 Reg I","players":["that is a sled","blackred123"],"log":"|j|\u2606that is a sled\n|j|\u2606blackred123\n|t:|1770946339\n|gametype|doubles\n|player|p1|that is a sled|brycen|1382\n|player|p2|blackred123|iono-masters|1444\n|gen|9\n|tier|[Gen 9] VGC 2026 Reg I\n|rated|\n|rule|Species Clause: Limit one of each Pok\u00e9mon\n|rule|Item Clause: Limit 1 of each item\n|clearpoke\n|poke|p1|Calyrex-Shadow, L50|\n|poke|p1|Weezing-Galar, L50, M|\n|poke|p1|Koraidon, L50|\n|poke|p1|Flutter Mane, L50|\n|poke|p1|Incineroar, L50, F|\n|poke|p1|Whimsicott, L50, M|\n|poke|p2|Zacian-*, L50|\n|poke|p2|Kyogre, L50|\n|poke|p2|Amoonguss, L50, M|\n|poke|p2|Incineroar, L50, F|\n|poke|p2|Urshifu-*, L50, M|\n|poke|p2|Iron Jugulis, L50|\n|teampreview|4\n|inactive|Battle timer is ON: inactive players will automatically lose when time's up. (requested by that is a sled)\n|inactive|blackred123 also wants the timer to be on.\n|inactive|that is a sled has 60 seconds left.\n|inactive|blackred123 has 60 seconds left.\n|\n|t:|1770946372\n|teamsize|p1|4\n|teamsize|p2|4\n|start\n|switch|p1a: Koraidon|Koraidon, L50|100/100\n|switch|p1b: Weezing|Weezing-Galar, L50, M|100/100\n|switch|p2a: \u963f\u5c14\u6258\u8389\u96c5|Zacian-Crowned, L50, shiny|100/100\n|switch|p2b: \u6211\u559c\u6b22\u4f60|Amoonguss, L50, M|100/100\n|-ability|p1b: Weezing|Neutralizing Gas\n|-block|p1a: Koraidon|item: Ability Shield\n|-weather|SunnyDay|[from] ability: Orichalcum Pulse|[of] p1a: Koraidon\n|-activate|p1a: Koraidon|Orichalcum Pulse|[source]\n|turn|1\n|\n|t:|1770946386\n|-terastallize|p2b: \u6211\u559c\u6b22\u4f60|Water\n|move|p2a: \u963f\u5c14\u6258\u8389\u96c5|Protect|p2a: \u963f\u5c14\u6258\u8389\u96c5\n|-singleturn|p2a: \u963f\u5c14\u6258\u8389\u96c5|Protect\n|move|p1a: Koraidon|Protect|p1a: Koraidon\n|-singleturn|p1a: Koraidon|Protect\n|move|p1b: Weezing|Taunt|p2b: \u6211\u559c\u6b22\u4f60\n|-start|p2b: \u6211\u559c\u6b22\u4f60|move: Taunt\n|cant|p2b: \u6211\u559c\u6b22\u4f60|move: Taunt|Spore\n|\n|-weather|SunnyDay|[upkeep]\n|upkeep\n|turn|2\n|\n|t:|1770946408\n|-terastallize|p1a: Koraidon|Fire\n|move|p2a: \u963f\u5c14\u6258\u8389\u96c5|Play Rough|p1a: Koraidon\n|-resisted|p1a: Koraidon\n|-damage|p1a: Koraidon|76/100\n|move|p1a: Koraidon|Flame Charge|p2a: \u963f\u5c14\u6258\u8389\u96c5\n|-supereffective|p2a: \u963f\u5c14\u6258\u8389\u96c5\n|-damage|p2a: \u963f\u5c14\u6258\u8389\u96c5|0 fnt\n|-boost|p1a: Koraidon|spe|1\n|faint|p2a: \u963f\u5c14\u6258\u8389\u96c5\n|move|p1b: Weezing|Will-O-Wisp|p2b: \u6211\u559c\u6b22\u4f60\n|-status|p2b: \u6211\u559c\u6b22\u4f60|brn\n|move|p2b: \u6211\u559c\u6b22\u4f60|Pollen Puff|p2: \u963f\u5c14\u6258\u8389\u96c5|[notarget]\n|-fail|p2b: \u6211\u559c\u6b22\u4f60\n|\n|-weather|SunnyDay|[upkeep]\n|-damage|p2b: \u6211\u559c\u6b22\u4f60|95/100 brn|[from] brn\n|upkeep\n|\n|t:|1770946412\n|switch|p2a: \u9a6c\u5243\u5929\u7231\u661f|Kyogre, L50, shiny|100/100\n|turn|3\n|\n|t:|1770946427\n|move|p1a: Koraidon|Close Combat|p2a: \u9a6c\u5243\u5929\u7231\u661f\n|-damage|p2a: \u9a6c\u5243\u5929\u7231\u661f|27/100\n|-unboost|p1a: Koraidon|def|1\n|-unboost|p1a: Koraidon|spd|1\n|move|p2a: \u9a6c\u5243\u5929\u7231\u661f|Origin Pulse|p1a: Koraidon|[spread] p1a,p1b\n|-supereffective|p1a: Koraidon\n|-damage|p1a: Koraidon|14/100\n|-damage|p1b: Weezing|77/100\n|move|p1b: Weezing|Strange Steam|p2a: \u9a6c\u5243\u5929\u7231\u661f\n|-damage|p2a: \u9a6c\u5243\u5929\u7231\u661f|15/100\n|-start|p2a: \u9a6c\u5243\u5929\u7231\u661f|confusion\n|move|p2b: \u6211\u559c\u6b22\u4f60|Pollen Puff|p2a: \u9a6c\u5243\u5929\u7231\u661f\n|-heal|p2a: \u9a6c\u5243\u5929\u7231\u661f|65/100\n|\n|-weather|SunnyDay|[upkeep]\n|-damage|p2b: \u6211\u559c\u6b22\u4f60|89/100 brn|[from] brn\n|-end|p2b: \u6211\u559c\u6b22\u4f60|move: Taunt\n|upkeep\n|turn|4\n|\n|t:|1770946447\n|move|p2b: \u6211\u559c\u6b22\u4f60|Rage Powder|p2b: \u6211\u559c\u6b22\u4f60\n|-singleturn|p2b: \u6211\u559c\u6b22\u4f60|move: Rage Powder\n|move|p1a: Koraidon|Close Combat|p2b: \u6211\u559c\u6b22\u4f60\n|-damage|p2b: \u6211\u559c\u6b22\u4f60|11/100 brn\n|-unboost|p1a: Koraidon|def|1\n|-unboost|p1a: Koraidon|spd|1\n|-damage|p1a: Koraidon|0 fnt|[from] item: Rocky Helmet|[of] p2b: \u6211\u559c\u6b22\u4f60\n|faint|p1a: Koraidon\n|-activate|p2a: \u9a6c\u5243\u5929\u7231\u661f|confusion\n|-damage|p2a: \u9a6c\u5243\u5929\u7231\u661f|57/100|[from] confusion\n|move|p1b: Weezing|Taunt|p2b: \u6211\u559c\u6b22\u4f60\n|-start|p2b: \u6211\u559c\u6b22\u4f60|move: Taunt\n|\n|-weather|SunnyDay|[upkeep]\n|-damage|p2b: \u6211\u559c\u6b22\u4f60|5/100 brn|[from] brn\n|upkeep\n|\n|t:|1770946454\n|switch|p1a: Calyrex|Calyrex-Shadow, L50|100/100\n|-ability|p1a: Calyrex|As One\n|-ability|p1a: Calyrex|Unnerve\n|turn|5\n|\n|t:|1770946462\n|switch|p2b: \u53eb\u6211\u4e3b\u4eba\ud83d\ude21|Urshifu-Rapid-Strike, L50, M|100/100\n|move|p1a: Calyrex|Astral Barrage|p2a: \u9a6c\u5243\u5929\u7231\u661f|[spread] p2a,p2b\n|-damage|p2a: \u9a6c\u5243\u5929\u7231\u661f|34/100\n|-damage|p2b: \u53eb\u6211\u4e3b\u4eba\ud83d\ude21|15/100\n|-activate|p2a: \u9a6c\u5243\u5929\u7231\u661f|confusion\n|move|p2a: \u9a6c\u5243\u5929\u7231\u661f|Origin Pulse|p1a: Calyrex|[spread] p1a,p1b\n|-damage|p1a: Calyrex|78/100\n|-damage|p1b: Weezing|54/100\n|move|p1b: Weezing|Strange Steam|p2a: \u9a6c\u5243\u5929\u7231\u661f|[miss]\n|-miss|p1b: Weezing|p2a: \u9a6c\u5243\u5929\u7231\u661f\n|\n|-weather|none\n|upkeep\n|turn|6\n|\n|t:|1770946476\n|move|p1a: Calyrex|Astral Barrage|p2b: \u53eb\u6211\u4e3b\u4eba\ud83d\ude21|[spread] p2a,p2b\n|-damage|p2a: \u9a6c\u5243\u5929\u7231\u661f|9/100\n|-damage|p2b: \u53eb\u6211\u4e3b\u4eba\ud83d\ude21|0 fnt\n|faint|p2b: \u53eb\u6211\u4e3b\u4eba\ud83d\ude21\n|-ability|p1a: Calyrex|Grim Neigh|boost\n|-boost|p1a: Calyrex|spa|1\n|-end|p2a: \u9a6c\u5243\u5929\u7231\u661f|confusion\n|move|p2a: \u9a6c\u5243\u5929\u7231\u661f|Origin Pulse|p1a: Calyrex|[spread] p1a,p1b\n|-damage|p1a: Calyrex|35/100\n|-damage|p1b: Weezing|5/100\n|move|p1b: Weezing|Strange Steam|p2a: \u9a6c\u5243\u5929\u7231\u661f\n|-damage|p2a: \u9a6c\u5243\u5929\u7231\u661f|0 fnt\n|faint|p2a: \u9a6c\u5243\u5929\u7231\u661f\n|\n|upkeep\n|-message|blackred123 forfeited.\n|\n|win|that is a sled\n|raw|that is a sled's rating: 1382 &rarr; <strong>1406</strong><br />(+24 for winning)\n|raw|blackred123's rating: 1444 &rarr; <strong>1420</strong><br />(-24 for losing)\n|l|\u2606blackred123\n|player|p2|\n|l|\u2606that is a sled\n|player|p1|\n","uploadtime":1770946646,"views":26,"formatid":"gen9vgc2026regi","rating":1406,"private":0,"password":null}