{"id":"gen9vgc2026regi-2553844891","format":"[Gen 9] VGC 2026 Reg I","players":["mutant9046","g0dGun"],"log":"|j|\u2606mutant9046\n|j|\u2606g0dGun\n|t:|1772890201\n|gametype|doubles\n|player|p1|mutant9046|2|1286\n|player|p2|g0dGun|blue|1422\n|gen|9\n|tier|[Gen 9] VGC 2026 Reg I\n|rated|\n|rule|Species Clause: Limit one of each Pok\u00e9mon\n|rule|Item Clause: Limit 1 of each item\n|clearpoke\n|poke|p1|Miraidon, L50|\n|poke|p1|Ho-Oh, L50|\n|poke|p1|Iron Treads, L50|\n|poke|p1|Iron Bundle, L50|\n|poke|p1|Farigiraf, L50, F|\n|poke|p1|Iron Hands, L50|\n|poke|p2|Hitmontop, L50, M|\n|poke|p2|Terapagos, L50, M|\n|poke|p2|Calyrex-Shadow, L50|\n|poke|p2|Ogerpon-Cornerstone, L50, F|\n|poke|p2|Urshifu-*, L50, F|\n|poke|p2|Whimsicott, L50, F|\n|teampreview|4\n|inactive|Battle timer is ON: inactive players will automatically lose when time's up. (requested by g0dGun)\n|l|\u2606mutant9046\n|inactive|mutant9046 disconnected and has a minute to reconnect!\n|player|p1|\n|j|\u2606mutant9046\n|inactive|mutant9046 reconnected and has 55 seconds left.\n|player|p1|mutant9046|2|\n|inactive|mutant9046 has 30 seconds left.\n|inactive|mutant9046 has 20 seconds left.\n|inactive|mutant9046 has 15 seconds left.\n|inactive|mutant9046 has 10 seconds left.\n|\n|t:|1772890283\n|teamsize|p1|4\n|teamsize|p2|4\n|start\n|switch|p1a: Miraidon|Miraidon, L50|100/100\n|switch|p1b: Iron Hands|Iron Hands, L50, shiny|100/100\n|switch|p2a: Hitmontop|Hitmontop, L50, M|100/100\n|switch|p2b: Terapagos|Terapagos, L50, M|100/100\n|-activate|p2b: Terapagos|ability: Tera Shift\n|detailschange|p2b: Terapagos|Terapagos-Terastal, L50, M\n|-heal|p2b: Terapagos|100/100|[silent]\n|-fieldstart|move: Electric Terrain|[from] ability: Hadron Engine|[of] p1a: Miraidon\n|-activate|p1b: Iron Hands|ability: Quark Drive\n|-start|p1b: Iron Hands|quarkdriveatk\n|-ability|p2a: Hitmontop|Intimidate|boost\n|-unboost|p1a: Miraidon|atk|1\n|-unboost|p1b: Iron Hands|atk|1\n|turn|1\n|inactive|mutant9046 has 30 seconds left.\n|\n|t:|1772890311\n|move|p2a: Hitmontop|Fake Out|p1b: Iron Hands\n|-damage|p1b: Iron Hands|94/100\n|cant|p1b: Iron Hands|flinch\n|move|p1a: Miraidon|Volt Switch|p2a: Hitmontop\n|-damage|p2a: Hitmontop|31/100\n|-enditem|p2a: Hitmontop|Eject Button\n|\n|t:|1772890322\n|switch|p2a: Ogerpon|Ogerpon-Cornerstone, L50, F|100/100\n|move|p2b: Terapagos|Rock Polish|p2b: Terapagos\n|-boost|p2b: Terapagos|spe|2\n|\n|upkeep\n|turn|2\n|inactive|mutant9046 has 30 seconds left.\n|inactive|g0dGun has 30 seconds left.\n|\n|t:|1772890350\n|-terastallize|p2b: Terapagos|Stellar\n|detailschange|p2b: Terapagos|Terapagos-Stellar, L50, M, tera:Stellar\n|-heal|p2b: Terapagos|100/100|[silent]\n|-ability|p2b: Terapagos|Teraform Zero\n|-fieldend|move: Electric Terrain\n|-end|p1b: Iron Hands|Quark Drive\n|move|p2b: Terapagos|Earth Power|p1b: Iron Hands\n|-supereffective|p1b: Iron Hands\n|-damage|p1b: Iron Hands|50/100\n|move|p1a: Miraidon|Volt Switch|p2b: Terapagos\n|-damage|p2b: Terapagos|64/100\n|\n|t:|1772890363\n|switch|p1a: Farigiraf|Farigiraf, L50, F|100/100|[from] Volt Switch\n|move|p2a: Ogerpon|Ivy Cudgel|p1a: Farigiraf|[anim] Ivy Cudgel Rock\n|-damage|p1a: Farigiraf|50/100\n|move|p1b: Iron Hands|Drain Punch|p2b: Terapagos\n|-supereffective|p2b: Terapagos\n|-damage|p2b: Terapagos|26/100\n|-heal|p1b: Iron Hands|70/100|[from] drain|[of] p2b: Terapagos\n|-enditem|p2b: Terapagos|Weakness Policy\n|-boost|p2b: Terapagos|atk|2|[from] item: Weakness Policy\n|-boost|p2b: Terapagos|spa|2|[from] item: Weakness Policy\n|\n|upkeep\n|turn|3\n|inactive|mutant9046 has 30 seconds left.\n|\n|t:|1772890395\n|move|p1a: Farigiraf|Helping Hand|p1b: Iron Hands\n|-singleturn|p1b: Iron Hands|Helping Hand|[of] p1a: Farigiraf\n|move|p2b: Terapagos|Tera Starstorm|p1b: Iron Hands|[spread] p1a,p1b\n|-crit|p1a: Farigiraf\n|-damage|p1a: Farigiraf|0 fnt\n|-damage|p1b: Iron Hands|25/100\n|faint|p1a: Farigiraf\n|move|p2a: Ogerpon|Ivy Cudgel|p1b: Iron Hands|[anim] Ivy Cudgel Rock\n|-resisted|p1b: Iron Hands\n|-crit|p1b: Iron Hands\n|-damage|p1b: Iron Hands|0 fnt\n|faint|p1b: Iron Hands\n|-end|p1b: Iron Hands|Quark Drive|[silent]\n|\n|upkeep\n|\n|t:|1772890408\n|switch|p1a: Miraidon|Miraidon, L50|100/100\n|switch|p1b: Ho-Oh|Ho-Oh, L50|100/100\n|-fieldstart|move: Electric Terrain|[from] ability: Hadron Engine|[of] p1a: Miraidon\n|turn|4\n|\n|t:|1772890421\n|-terastallize|p1a: Miraidon|Fairy\n|move|p1b: Ho-Oh|Protect|p1b: Ho-Oh\n|-singleturn|p1b: Ho-Oh|Protect\n|move|p2b: Terapagos|Tera Starstorm|p1b: Ho-Oh|[spread] p1a\n|-activate|p1b: Ho-Oh|move: Protect\n|-supereffective|p1a: Miraidon\n|-damage|p1a: Miraidon|0 fnt\n|faint|p1a: Miraidon\n|move|p2a: Ogerpon|Ivy Cudgel|p1b: Ho-Oh|[anim] Ivy Cudgel Rock\n|-activate|p1b: Ho-Oh|move: Protect\n|\n|upkeep\n|turn|5\n|-message|mutant9046 forfeited.\n|\n|win|g0dGun\n|raw|mutant9046's rating: 1286 &rarr; <strong>1270</strong><br />(-16 for losing)\n|raw|g0dGun's rating: 1422 &rarr; <strong>1435</strong><br />(+13 for winning)\n|l|\u2606mutant9046\n|player|p1|\n","uploadtime":1772890442,"views":21,"formatid":"gen9vgc2026regi","rating":1270,"private":0,"password":null}