{"id":"gen9vgc2026regi-2519289113","format":"[Gen 9] VGC 2026 Reg I","players":["dthk1216","1123ydy"],"log":"|j|\u2606dthk1216\n|j|\u26061123ydy\n|t:|1768492521\n|gametype|doubles\n|player|p1|dthk1216|dawn|1493\n|player|p2|1123ydy|cynthia|1381\n|gen|9\n|tier|[Gen 9] VGC 2026 Reg I\n|rated|\n|rule|Species Clause: Limit one of each Pok\u00e9mon\n|rule|Item Clause: Limit 1 of each item\n|clearpoke\n|poke|p1|Calyrex-Ice, L50|\n|poke|p1|Kyogre, L50|\n|poke|p1|Urshifu-*, L50, M|\n|poke|p1|Rillaboom, L50, M|\n|poke|p1|Grimmsnarl, L50, M|\n|poke|p1|Amoonguss, L50, F|\n|poke|p2|Calyrex-Shadow, L50|\n|poke|p2|Miraidon, L50|\n|poke|p2|Iron Hands, L50|\n|poke|p2|Kingambit, L50, M|\n|poke|p2|Chi-Yu, L50|\n|poke|p2|Whimsicott, L50, F|\n|teampreview|4\n|inactive|Battle timer is ON: inactive players will automatically lose when time's up. (requested by dthk1216)\n|inactive|dthk1216 has 60 seconds left.\n|\n|t:|1768492596\n|teamsize|p1|4\n|teamsize|p2|4\n|start\n|switch|p1a: Grimmsnarl|Grimmsnarl, L50, M|100/100\n|switch|p1b: Kyogre|Kyogre, L50|100/100\n|switch|p2a: Kingambit|Kingambit, L50, M|100/100\n|switch|p2b: Iron Hands|Iron Hands, L50, shiny|100/100\n|-weather|RainDance|[from] ability: Drizzle|[of] p1b: Kyogre\n|turn|1\n|\n|t:|1768492617\n|move|p2b: Iron Hands|Fake Out|p1b: Kyogre\n|-damage|p1b: Kyogre|86/100\n|move|p1a: Grimmsnarl|Reflect|p1a: Grimmsnarl\n|-sidestart|p1: dthk1216|Reflect\n|cant|p1b: Kyogre|flinch\n|move|p2a: Kingambit|Iron Head|p1a: Grimmsnarl\n|-supereffective|p1a: Grimmsnarl\n|-damage|p1a: Grimmsnarl|33/100\n|\n|-weather|RainDance|[upkeep]\n|upkeep\n|turn|2\n|\n|t:|1768492641\n|-terastallize|p2b: Iron Hands|Water\n|move|p2a: Kingambit|Protect|p2a: Kingambit\n|-singleturn|p2a: Kingambit|Protect\n|move|p1a: Grimmsnarl|Light Screen|p1a: Grimmsnarl\n|-sidestart|p1: dthk1216|move: Light Screen\n|move|p1b: Kyogre|Origin Pulse|p2a: Kingambit|[spread] p2b\n|-activate|p2a: Kingambit|move: Protect\n|-resisted|p2b: Iron Hands\n|-damage|p2b: Iron Hands|67/100\n|move|p2b: Iron Hands|Wild Charge|p1b: Kyogre\n|-supereffective|p1b: Kyogre\n|-damage|p1b: Kyogre|9/100\n|-damage|p2b: Iron Hands|51/100|[from] Recoil\n|\n|-weather|RainDance|[upkeep]\n|upkeep\n|turn|3\n|inactive|1123ydy has 30 seconds left.\n|\n|t:|1768492674\n|switch|p1b: Rillaboom|Rillaboom, L50, M|100/100\n|-fieldstart|move: Grassy Terrain|[from] ability: Grassy Surge|[of] p1b: Rillaboom\n|switch|p2a: Miraidon|Miraidon, L50, shiny|100/100\n|-fieldstart|move: Electric Terrain|[from] ability: Hadron Engine|[of] p2a: Miraidon\n|-activate|p2b: Iron Hands|ability: Quark Drive\n|-start|p2b: Iron Hands|quarkdriveatk\n|move|p1a: Grimmsnarl|Thunder Wave|p2b: Iron Hands\n|-status|p2b: Iron Hands|par\n|move|p2b: Iron Hands|Low Kick|p1a: Grimmsnarl\n|-damage|p1a: Grimmsnarl|0 fnt\n|faint|p1a: Grimmsnarl\n|\n|-weather|RainDance|[upkeep]\n|upkeep\n|\n|t:|1768492691\n|switch|p1a: Urshifu|Urshifu-Rapid-Strike, L50, M|100/100\n|turn|4\n|\n|t:|1768492712\n|switch|p2a: Kingambit|Kingambit, L50, M|100/100\n|-enditem|p2a: Kingambit|Electric Seed\n|-boost|p2a: Kingambit|def|1|[from] item: Electric Seed\n|move|p1b: Rillaboom|Fake Out|p2b: Iron Hands\n|-damage|p2b: Iron Hands|41/100 par\n|move|p1a: Urshifu|Surging Strikes|p2a: Kingambit\n|-crit|p2a: Kingambit\n|-damage|p2a: Kingambit|75/100\n|-crit|p2a: Kingambit\n|-damage|p2a: Kingambit|50/100\n|-crit|p2a: Kingambit\n|-damage|p2a: Kingambit|23/100\n|-hitcount|p2a: Kingambit|3\n|cant|p2b: Iron Hands|flinch\n|\n|-weather|RainDance|[upkeep]\n|upkeep\n|turn|5\n|inactive|1123ydy has 30 seconds left.\n|inactive|1123ydy has 20 seconds left.\n|\n|t:|1768492748\n|-end|p2b: Iron Hands|Quark Drive|[silent]\n|switch|p2b: Miraidon|Miraidon, L50, shiny|100/100\n|-activate|p2b: Miraidon|ability: Hadron Engine\n|move|p2a: Kingambit|Sucker Punch|p1b: Rillaboom\n|-crit|p1b: Rillaboom\n|-damage|p1b: Rillaboom|45/100\n|move|p1a: Urshifu|Surging Strikes|p2a: Kingambit\n|-crit|p2a: Kingambit\n|-damage|p2a: Kingambit|0 fnt\n|faint|p2a: Kingambit\n|-hitcount|p2: Kingambit|1\n|move|p1b: Rillaboom|Wood Hammer|p2b: Miraidon\n|-resisted|p2b: Miraidon\n|-damage|p2b: Miraidon|71/100\n|-damage|p1b: Rillaboom|37/100|[from] Recoil\n|\n|-weather|none\n|upkeep\n|\n|t:|1768492768\n|switch|p2a: Calyrex|Calyrex-Shadow, L50|100/100\n|-ability|p2a: Calyrex|As One\n|-ability|p2a: Calyrex|Unnerve\n|turn|6\n|\n|t:|1768492778\n|switch|p1b: Kyogre|Kyogre, L50|9/100\n|-weather|RainDance|[from] ability: Drizzle|[of] p1b: Kyogre\n|-terastallize|p1a: Urshifu|Ghost\n|move|p1a: Urshifu|Surging Strikes|p2a: Calyrex\n|-crit|p2a: Calyrex\n|-damage|p2a: Calyrex|56/100\n|-crit|p2a: Calyrex\n|-damage|p2a: Calyrex|15/100\n|-crit|p2a: Calyrex\n|-damage|p2a: Calyrex|0 fnt\n|faint|p2a: Calyrex\n|-hitcount|p2: Calyrex|3\n|move|p2b: Miraidon|Volt Switch|p1a: Urshifu\n|-damage|p1a: Urshifu|19/100\n|-damage|p2b: Miraidon|61/100|[from] item: Life Orb\n|\n|t:|1768492795\n|switch|p2b: Iron Hands|Iron Hands, L50, shiny, tera:Water|41/100 par|[from] Volt Switch\n|-activate|p2b: Iron Hands|ability: Quark Drive\n|-start|p2b: Iron Hands|quarkdriveatk\n|\n|-weather|RainDance|[upkeep]\n|upkeep\n|\n|t:|1768492803\n|switch|p2a: Miraidon|Miraidon, L50, shiny|61/100\n|-activate|p2a: Miraidon|ability: Hadron Engine\n|turn|7\n|\n|t:|1768492811\n|switch|p1a: Rillaboom|Rillaboom, L50, M|37/100\n|-fieldstart|move: Grassy Terrain|[from] ability: Grassy Surge|[of] p1a: Rillaboom\n|-end|p2b: Iron Hands|Quark Drive\n|cant|p2b: Iron Hands|par\n|move|p2a: Miraidon|Dazzling Gleam|p1b: Kyogre|[spread] p1a,p1b\n|-damage|p1a: Rillaboom|25/100\n|-damage|p1b: Kyogre|0 fnt\n|faint|p1b: Kyogre\n|-damage|p2a: Miraidon|52/100|[from] item: Life Orb\n|\n|-weather|RainDance|[upkeep]\n|-heal|p2a: Miraidon|58/100|[from] Grassy Terrain\n|-heal|p1a: Rillaboom|30/100|[from] Grassy Terrain\n|-heal|p2b: Iron Hands|48/100 par|[from] Grassy Terrain\n|upkeep\n|\n|t:|1768492818\n|switch|p1b: Urshifu|Urshifu-Rapid-Strike, L50, M, tera:Ghost|19/100\n|turn|8\n|\n|t:|1768492834\n|move|p1b: Urshifu|Close Combat|p2a: Miraidon\n|-damage|p2a: Miraidon|0 fnt\n|-unboost|p1b: Urshifu|def|1\n|-unboost|p1b: Urshifu|spd|1\n|faint|p2a: Miraidon\n|move|p1a: Rillaboom|Wood Hammer|p2b: Iron Hands\n|-supereffective|p2b: Iron Hands\n|-damage|p2b: Iron Hands|0 fnt\n|faint|p2b: Iron Hands\n|-end|p2b: Iron Hands|Quark Drive|[silent]\n|-damage|p1a: Rillaboom|13/100|[from] Recoil\n|\n|win|dthk1216\n|raw|dthk1216's rating: 1493 &rarr; <strong>1507</strong><br />(+14 for winning)\n|raw|1123ydy's rating: 1381 &rarr; <strong>1367</strong><br />(-14 for losing)\n|l|\u2606dthk1216\n|player|p1|\n|l|\u26061123ydy\n|player|p2|\n","uploadtime":1768493084,"views":20,"formatid":"gen9vgc2026regi","rating":1367,"private":0,"password":null}