{"id":"gen9vgc2026regi-2579751933","format":"[Gen 9] VGC 2026 Reg I","players":["vestige666","navinsachump"],"log":"|j|\u2606vestige666\n|j|\u2606navinsachump\n|t:|1775824602\n|gametype|doubles\n|player|p1|vestige666|blackbelt-gen4dp|1544\n|player|p2|navinsachump|smasher|1561\n|gen|9\n|tier|[Gen 9] VGC 2026 Reg I\n|rated|\n|rule|Species Clause: Limit one of each Pok\u00e9mon\n|rule|Item Clause: Limit 1 of each item\n|clearpoke\n|poke|p1|Miraidon, L50|\n|poke|p1|Groudon, L50|\n|poke|p1|Raging Bolt, L50|\n|poke|p1|Farigiraf, L50, F|\n|poke|p1|Whimsicott, L50, F|\n|poke|p1|Iron Bundle, L50|\n|poke|p2|Miraidon, L50|\n|poke|p2|Incineroar, L50, M|\n|poke|p2|Whimsicott, L50, M|\n|poke|p2|Urshifu-*, L50, F|\n|poke|p2|Lunala, L50|\n|poke|p2|Ursaluna, L50, M|\n|teampreview|4\n|inactive|Battle timer is ON: inactive players will automatically lose when time's up. (requested by navinsachump)\n|\n|t:|1775824626\n|teamsize|p1|4\n|teamsize|p2|4\n|start\n|switch|p1a: Nerissa|Miraidon, L50|100/100\n|switch|p1b: Fuwawa|Farigiraf, L50, F|100/100\n|switch|p2a: Lunala|Lunala, L50|100/100\n|switch|p2b: Incineroar|Incineroar, L50, M|100/100\n|-fieldstart|move: Electric Terrain|[from] ability: Hadron Engine|[of] p1a: Nerissa\n|-enditem|p2a: Lunala|Electric Seed\n|-boost|p2a: Lunala|def|1|[from] item: Electric Seed\n|-enditem|p1b: Fuwawa|Electric Seed\n|-boost|p1b: Fuwawa|def|1|[from] item: Electric Seed\n|-ability|p2b: Incineroar|Intimidate|boost\n|-unboost|p1a: Nerissa|atk|1\n|-unboost|p1b: Fuwawa|atk|1\n|turn|1\n|\n|t:|1775824646\n|switch|p2b: Ursaluna|Ursaluna, L50, M|100/100\n|move|p1a: Nerissa|Electro Drift|p2a: Lunala\n|-damage|p2a: Lunala|65/100\n|move|p2a: Lunala|Moonblast|p1a: Nerissa\n|-supereffective|p1a: Nerissa\n|-damage|p1a: Nerissa|65/100\n|move|p1b: Fuwawa|Foul Play|p2a: Lunala\n|-supereffective|p2a: Lunala\n|-damage|p2a: Lunala|26/100\n|\n|-status|p2b: Ursaluna|brn|[from] item: Flame Orb\n|upkeep\n|turn|2\n|inactive|vestige666 has 30 seconds left.\n|inactive|vestige666 has 20 seconds left.\n|inactive|vestige666 has 15 seconds left.\n|\n|t:|1775824690\n|switch|p2a: Miraidon|Miraidon, L50|100/100\n|-activate|p2a: Miraidon|ability: Hadron Engine\n|-terastallize|p1a: Nerissa|Fire\n|move|p1a: Nerissa|Overheat|p2b: Ursaluna\n|-damage|p2b: Ursaluna|21/100 brn\n|-unboost|p1a: Nerissa|spa|2\n|move|p2b: Ursaluna|Facade|p1a: Nerissa\n|-damage|p1a: Nerissa|0 fnt\n|faint|p1a: Nerissa\n|move|p1b: Fuwawa|Roar|p1: Nerissa|[notarget]\n|-fail|p1b: Fuwawa\n|\n|-damage|p2b: Ursaluna|15/100 brn|[from] brn\n|upkeep\n|inactive|vestige666 has 30 seconds left.\n|\n|t:|1775824719\n|switch|p1a: Kronii|Groudon, L50|100/100\n|-weather|SunnyDay|[from] ability: Drought|[of] p1a: Kronii\n|turn|3\n|\n|t:|1775824735\n|-terastallize|p2a: Miraidon|Fairy\n|move|p1a: Kronii|Protect|p1a: Kronii\n|-singleturn|p1a: Kronii|Protect\n|move|p2b: Ursaluna|Protect|p2b: Ursaluna\n|-singleturn|p2b: Ursaluna|Protect\n|move|p2a: Miraidon|Dazzling Gleam|p1a: Kronii|[spread] p1b\n|-activate|p1a: Kronii|move: Protect\n|-damage|p1b: Fuwawa|38/100\n|move|p1b: Fuwawa|Trick Room|p1b: Fuwawa\n|-fieldstart|move: Trick Room|[of] p1b: Fuwawa\n|\n|-weather|SunnyDay|[upkeep]\n|-damage|p2b: Ursaluna|9/100 brn|[from] brn\n|upkeep\n|turn|4\n|\n|t:|1775824758\n|switch|p2a: Incineroar|Incineroar, L50, M|100/100\n|-ability|p2a: Incineroar|Intimidate|boost\n|-unboost|p1a: Kronii|atk|1\n|-unboost|p1b: Fuwawa|atk|1\n|move|p2b: Ursaluna|Facade|p1a: Kronii\n|-damage|p1a: Kronii|18/100\n|move|p1b: Fuwawa|Foul Play|p2b: Ursaluna\n|-damage|p2b: Ursaluna|0 fnt\n|faint|p2b: Ursaluna\n|move|p1a: Kronii|Precipice Blades|p2a: Incineroar\n|-supereffective|p2a: Incineroar\n|-damage|p2a: Incineroar|4/100\n|\n|-weather|SunnyDay|[upkeep]\n|-heal|p1a: Kronii|24/100|[from] item: Leftovers\n|upkeep\n|\n|t:|1775824767\n|switch|p2b: Lunala|Lunala, L50|26/100\n|turn|5\n|inactive|vestige666 has 30 seconds left.\n|inactive|vestige666 has 20 seconds left.\n|inactive|vestige666 has 15 seconds left.\n|\n|t:|1775824810\n|move|p1b: Fuwawa|Foul Play|p2a: Incineroar\n|-resisted|p2a: Incineroar\n|-damage|p2a: Incineroar|0 fnt\n|faint|p2a: Incineroar\n|move|p1a: Kronii|Heat Crash|p2b: Lunala\n|-damage|p2b: Lunala|0 fnt\n|faint|p2b: Lunala\n|\n|-weather|SunnyDay|[upkeep]\n|-heal|p1a: Kronii|29/100|[from] item: Leftovers\n|-fieldend|move: Electric Terrain\n|upkeep\n|\n|t:|1775824818\n|switch|p2b: Miraidon|Miraidon, L50, tera:Fairy|100/100\n|-fieldstart|move: Electric Terrain|[from] ability: Hadron Engine|[of] p2b: Miraidon\n|turn|6\n|\n|t:|1775824833\n|move|p1b: Fuwawa|Helping Hand|p1a: Kronii\n|-singleturn|p1a: Kronii|Helping Hand|[of] p1b: Fuwawa\n|move|p1a: Kronii|Precipice Blades|p2b: Miraidon\n|-damage|p2b: Miraidon|38/100\n|move|p2b: Miraidon|Dazzling Gleam|p1a: Kronii|[spread] p1a,p1b\n|-damage|p1a: Kronii|0 fnt\n|-damage|p1b: Fuwawa|0 fnt\n|faint|p1a: Kronii\n|faint|p1b: Fuwawa\n|\n|-weather|SunnyDay|[upkeep]\n|upkeep\n|\n|t:|1775824846\n|switch|p1a: Biboo|Raging Bolt, L50|100/100\n|-activate|p1a: Biboo|ability: Protosynthesis\n|-start|p1a: Biboo|protosynthesisspa\n|turn|7\n|\n|t:|1775824852\n|move|p1a: Biboo|Rising Voltage|p2b: Miraidon\n|-hint|Rising Voltage's BP doubled on grounded target.\n|-damage|p2b: Miraidon|0 fnt\n|faint|p2b: Miraidon\n|-damage|p1a: Biboo|91/100|[from] item: Life Orb\n|\n|win|vestige666\n|raw|vestige666's rating: 1544 &rarr; <strong>1565</strong><br />(+21 for winning)\n|raw|navinsachump's rating: 1561 &rarr; <strong>1540</strong><br />(-21 for losing)\n|l|\u2606navinsachump\n|player|p2|\n|l|\u2606vestige666\n|player|p1|\n","uploadtime":1775825016,"views":18,"formatid":"gen9vgc2026regi","rating":1540,"private":0,"password":null}