{"id":"gen9vgc2026regi-2548359334","format":"[Gen 9] VGC 2026 Reg I","players":["buggybrain","akitamiki"],"log":"|j|\u2606buggybrain\n|j|\u2606akitamiki\n|t:|1772207207\n|gametype|doubles\n|player|p1|buggybrain|hiker-gen4|1208\n|player|p2|akitamiki|clown|1149\n|gen|9\n|tier|[Gen 9] VGC 2026 Reg I\n|rated|\n|rule|Species Clause: Limit one of each Pok\u00e9mon\n|rule|Item Clause: Limit 1 of each item\n|clearpoke\n|poke|p1|Rillaboom, L50, M|\n|poke|p1|Incineroar, L50, M|\n|poke|p1|Calyrex-Ice, L50|\n|poke|p1|Landorus, L50, M|\n|poke|p1|Koraidon, L50|\n|poke|p1|Smeargle, L50, M|\n|poke|p2|Pelipper, L50, F|\n|poke|p2|Overqwil, L50, M|\n|poke|p2|Tornadus, L50, M|\n|poke|p2|Archaludon, L50, M|\n|poke|p2|Grimmsnarl, L50, M|\n|poke|p2|Ludicolo, L50, F|\n|teampreview|4\n|inactive|Battle timer is ON: inactive players will automatically lose when time's up. (requested by akitamiki)\n|inactive|buggybrain has 60 seconds left.\n|inactive|akitamiki has 60 seconds left.\n|\n|t:|1772207254\n|teamsize|p1|4\n|teamsize|p2|4\n|start\n|switch|p1a: Calyrex|Calyrex-Ice, L50|100/100\n|switch|p1b: Incineroar|Incineroar, L50, M|100/100\n|switch|p2a: Ludifanfara|Ludicolo, L50, F, shiny|100/100\n|switch|p2b: Tornosubito|Tornadus, L50, M|100/100\n|-ability|p1a: Calyrex|As One\n|-ability|p1a: Calyrex|Unnerve\n|-ability|p1b: Incineroar|Intimidate|boost\n|-unboost|p2a: Ludifanfara|atk|1\n|-unboost|p2b: Tornosubito|atk|1\n|turn|1\n|\n|t:|1772207271\n|switch|p2b: Pelippa|Pelipper, L50, F|100/100\n|-weather|RainDance|[from] ability: Drizzle|[of] p2b: Pelippa\n|move|p2a: Ludifanfara|Fake Out|p1b: Incineroar\n|-damage|p1b: Incineroar|97/100\n|cant|p1b: Incineroar|flinch\n|move|p1a: Calyrex|Glacial Lance|p2b: Pelippa|[spread] p2a,p2b\n|-damage|p2a: Ludifanfara|24/100\n|-damage|p2b: Pelippa|47/100\n|\n|-weather|RainDance|[upkeep]\n|upkeep\n|turn|2\n|\n|t:|1772207290\n|switch|p1b: Koraidon|Koraidon, L50|100/100\n|-weather|SunnyDay|[from] ability: Orichalcum Pulse|[of] p1b: Koraidon\n|-activate|p1b: Koraidon|Orichalcum Pulse|[source]\n|move|p2a: Ludifanfara|Chilling Water|p1a: Calyrex\n|-damage|p1a: Calyrex|94/100\n|-unboost|p1a: Calyrex|atk|1\n|move|p1a: Calyrex|Glacial Lance|p2b: Pelippa|[spread] p2a,p2b\n|-damage|p2a: Ludifanfara|0 fnt\n|-damage|p2b: Pelippa|11/100\n|faint|p2a: Ludifanfara\n|-ability|p1a: Calyrex|Chilling Neigh|boost\n|-boost|p1a: Calyrex|atk|1\n|move|p2b: Pelippa|Weather Ball|p1b: Koraidon\n|-resisted|p1b: Koraidon\n|-damage|p1b: Koraidon|79/100\n|\n|-weather|SunnyDay|[upkeep]\n|-heal|p1a: Calyrex|99/100|[from] item: Leftovers\n|upkeep\n|\n|t:|1772207307\n|switch|p2a: Tornosubito|Tornadus, L50, M|100/100\n|turn|3\n|\n|t:|1772207331\n|switch|p1b: Incineroar|Incineroar, L50, M|97/100\n|-ability|p1b: Incineroar|Intimidate|boost\n|-unboost|p2a: Tornosubito|atk|1\n|-unboost|p2b: Pelippa|atk|1\n|move|p2a: Tornosubito|Weather Ball|p1a: Calyrex\n|-supereffective|p1a: Calyrex\n|-damage|p1a: Calyrex|42/100\n|move|p1a: Calyrex|Glacial Lance|p2b: Pelippa|[spread] p2a,p2b\n|-supereffective|p2a: Tornosubito\n|-crit|p2b: Pelippa\n|-enditem|p2a: Tornosubito|Focus Sash\n|-damage|p2a: Tornosubito|1/100\n|-damage|p2b: Pelippa|0 fnt\n|faint|p2b: Pelippa\n|-ability|p1a: Calyrex|Chilling Neigh|boost\n|-boost|p1a: Calyrex|atk|1\n|\n|-weather|SunnyDay|[upkeep]\n|-heal|p1a: Calyrex|48/100|[from] item: Leftovers\n|upkeep\n|\n|t:|1772207342\n|switch|p2b: Grimm|Grimmsnarl, L50, M|100/100\n|turn|4\n|\n|t:|1772207363\n|move|p1a: Calyrex|Protect|p1a: Calyrex\n|-singleturn|p1a: Calyrex|Protect\n|move|p2a: Tornosubito|Tailwind|p2a: Tornosubito\n|-sidestart|p2: akitamiki|move: Tailwind\n|move|p2b: Grimm|Sucker Punch||[still]\n|-fail|p2b: Grimm\n|move|p1b: Incineroar|Parting Shot|p2b: Grimm\n|-unboost|p2b: Grimm|atk|1\n|-unboost|p2b: Grimm|spa|1\n|\n|t:|1772207372\n|switch|p1b: Rillaboom|Rillaboom, L50, M|100/100|[from] Parting Shot\n|-fieldstart|move: Grassy Terrain|[from] ability: Grassy Surge|[of] p1b: Rillaboom\n|\n|-weather|SunnyDay|[upkeep]\n|-heal|p1a: Calyrex|54/100|[from] Grassy Terrain\n|-heal|p1a: Calyrex|59/100|[from] item: Leftovers\n|upkeep\n|turn|5\n|\n|t:|1772207388\n|-terastallize|p2b: Grimm|Poison\n|-terastallize|p1a: Calyrex|Fairy\n|move|p2b: Grimm|Reflect|p2b: Grimm\n|-sidestart|p2: akitamiki|Reflect\n|move|p1b: Rillaboom|Grassy Glide|p2a: Tornosubito\n|-resisted|p2a: Tornosubito\n|-damage|p2a: Tornosubito|0 fnt\n|faint|p2a: Tornosubito\n|move|p1a: Calyrex|Glacial Lance|p2b: Grimm\n|-damage|p2b: Grimm|23/100\n|\n|-weather|SunnyDay|[upkeep]\n|-heal|p2b: Grimm|30/100|[from] Grassy Terrain\n|-heal|p1a: Calyrex|65/100|[from] Grassy Terrain\n|-heal|p1a: Calyrex|71/100|[from] item: Leftovers\n|upkeep\n|turn|6\n|\n|t:|1772207406\n|move|p2b: Grimm|Sucker Punch|p1b: Rillaboom\n|-damage|p1b: Rillaboom|81/100\n|move|p1b: Rillaboom|U-turn|p2b: Grimm\n|-resisted|p2b: Grimm\n|-damage|p2b: Grimm|21/100\n|\n|t:|1772207411\n|switch|p1b: Incineroar|Incineroar, L50, M|97/100|[from] U-turn\n|-ability|p1b: Incineroar|Intimidate|boost\n|-unboost|p2b: Grimm|atk|1\n|move|p1a: Calyrex|Glacial Lance|p2b: Grimm\n|-damage|p2b: Grimm|0 fnt\n|faint|p2b: Grimm\n|\n|win|buggybrain\n|raw|buggybrain's rating: 1208 &rarr; <strong>1229</strong><br />(+21 for winning)\n|raw|akitamiki's rating: 1149 &rarr; <strong>1128</strong><br />(-21 for losing)\n|l|\u2606akitamiki\n|player|p2|\n|l|\u2606buggybrain\n|player|p1|\n","uploadtime":1772207640,"views":16,"formatid":"gen9vgc2026regi","rating":1128,"private":0,"password":null}