{"id":"gen9vgc2026regi-2516414140","format":"[Gen 9] VGC 2026 Reg I","players":["dasabe\u76d6\u6b27\u5361\u4fa0","poke\\(0w0)/ball"],"log":"|j|\u2606dasabe\u76d6\u6b27\u5361\u4fa0\n|j|\u2606poke\\(0w0)/ball\n|t:|1768137676\n|gametype|doubles\n|player|p1|dasabe\u76d6\u6b27\u5361\u4fa0|may-masters4|1353\n|player|p2|poke\\(0w0)/ball|n|1343\n|gen|9\n|tier|[Gen 9] VGC 2026 Reg I\n|rated|\n|rule|Species Clause: Limit one of each Pok\u00e9mon\n|rule|Item Clause: Limit 1 of each item\n|clearpoke\n|poke|p1|Kyogre, L50|\n|poke|p1|Miraidon, L50|\n|poke|p1|Whimsicott, L50, F|\n|poke|p1|Iron Hands, L50|\n|poke|p1|Farigiraf, L50, F|\n|poke|p1|Urshifu-*, L50, M|\n|poke|p2|Solgaleo, L50|\n|poke|p2|Miraidon, L50|\n|poke|p2|Sneasler, L50, F|\n|poke|p2|Iron Hands, L50|\n|poke|p2|Iron Jugulis, L50|\n|poke|p2|Incineroar, L50, F|\n|teampreview|4\n|j| icefdlblt\n|j| Rower X\n|c| icefdlblt|\u554a\n|\n|t:|1768137711\n|teamsize|p1|4\n|teamsize|p2|4\n|start\n|switch|p1a: \u5996\u820d\u7cbe\u62c9|Whimsicott, L50, F, shiny|100/100\n|switch|p1b: \u94f6\u91d1\u5996\u86c7|Miraidon, L50, shiny|100/100\n|switch|p2a: Solgaleo|Solgaleo, L50|100/100\n|switch|p2b: Iron Jugulis|Iron Jugulis, L50|100/100\n|-fieldstart|move: Electric Terrain|[from] ability: Hadron Engine|[of] p1b: \u94f6\u91d1\u5996\u86c7\n|-activate|p2b: Iron Jugulis|ability: Quark Drive\n|-start|p2b: Iron Jugulis|quarkdrivespe\n|turn|1\n|c| icefdlblt|\u8fd9\u5e72\u4ec0\u4e48\u6765\u7684\n|j| hbgzd\n|\n|t:|1768137736\n|-terastallize|p1b: \u94f6\u91d1\u5996\u86c7|Fairy\n|-terastallize|p2a: Solgaleo|Ground\n|move|p1a: \u5996\u820d\u7cbe\u62c9|Tailwind|p1a: \u5996\u820d\u7cbe\u62c9\n|-sidestart|p1: dasabe\u76d6\u6b27\u5361\u4fa0|move: Tailwind\n|move|p1b: \u94f6\u91d1\u5996\u86c7|Dazzling Gleam|p2a: Solgaleo|[spread] p2a,p2b\n|-supereffective|p2b: Iron Jugulis\n|-damage|p2a: Solgaleo|49/100\n|-enditem|p2b: Iron Jugulis|Focus Sash\n|-damage|p2b: Iron Jugulis|1/100\n|-damage|p1b: \u94f6\u91d1\u5996\u86c7|91/100|[from] item: Life Orb\n|move|p2b: Iron Jugulis|Tailwind|p2b: Iron Jugulis\n|-sidestart|p2: poke\\(0w0)/ball|move: Tailwind\n|move|p2a: Solgaleo|Earthquake|p1a: \u5996\u820d\u7cbe\u62c9|[spread] p1a,p1b\n|-immune|p2b: Iron Jugulis\n|-resisted|p1a: \u5996\u820d\u7cbe\u62c9\n|-damage|p1a: \u5996\u820d\u7cbe\u62c9|63/100\n|-damage|p1b: \u94f6\u91d1\u5996\u86c7|48/100\n|\n|-heal|p2a: Solgaleo|55/100|[from] item: Leftovers\n|upkeep\n|turn|2\n|c|\u2606dasabe\u76d6\u6b27\u5361\u4fa0|\uff1f\n|j| QAQeee\u5609\u7136\u4fa0\n|c| icefdlblt|\u4f55\u610f\u5473\n|\n|t:|1768137769\n|move|p2b: Iron Jugulis|Air Slash|p1a: \u5996\u820d\u7cbe\u62c9\n|-supereffective|p1a: \u5996\u820d\u7cbe\u62c9\n|-damage|p1a: \u5996\u820d\u7cbe\u62c9|0 fnt\n|faint|p1a: \u5996\u820d\u7cbe\u62c9\n|move|p1b: \u94f6\u91d1\u5996\u86c7|Draco Meteor|p2a: Solgaleo|[miss]\n|-miss|p1b: \u94f6\u91d1\u5996\u86c7|p2a: Solgaleo\n|move|p2a: Solgaleo|Sunsteel Strike|p1b: \u94f6\u91d1\u5996\u86c7\n|-supereffective|p1b: \u94f6\u91d1\u5996\u86c7\n|-damage|p1b: \u94f6\u91d1\u5996\u86c7|0 fnt\n|faint|p1b: \u94f6\u91d1\u5996\u86c7\n|\n|-heal|p2a: Solgaleo|62/100|[from] item: Leftovers\n|upkeep\n|l| hbgzd\n|c|\u2606dasabe\u76d6\u6b27\u5361\u4fa0|\u2026\n|\n|t:|1768137785\n|switch|p1a: \u4e94\u5bfc\u718a\u6e7f|Urshifu, L50, M|100/100\n|switch|p1b: \u6210\u90fd\u8001\u76d6|Kyogre, L50, shiny|100/100\n|-weather|RainDance|[from] ability: Drizzle|[of] p1b: \u6210\u90fd\u8001\u76d6\n|turn|3\n|j| abcdefghijklmn11\n|\n|t:|1768137799\n|move|p2a: Solgaleo|Wide Guard|p2a: Solgaleo\n|-singleturn|p2a: Solgaleo|Wide Guard\n|move|p1a: \u4e94\u5bfc\u718a\u6e7f|Sucker Punch|p2b: Iron Jugulis\n|-resisted|p2b: Iron Jugulis\n|-damage|p2b: Iron Jugulis|0 fnt\n|faint|p2b: Iron Jugulis\n|-end|p2b: Iron Jugulis|Quark Drive|[silent]\n|move|p1b: \u6210\u90fd\u8001\u76d6|Hydro Pump|p2a: Solgaleo\n|-supereffective|p2a: Solgaleo\n|-damage|p2a: Solgaleo|0 fnt\n|faint|p2a: Solgaleo\n|\n|-weather|RainDance|[upkeep]\n|upkeep\n|\n|t:|1768137808\n|switch|p2b: Miraidon|Miraidon, L50|100/100\n|switch|p2a: Sneasler|Sneasler, L50, F|100/100\n|-activate|p2b: Miraidon|ability: Hadron Engine\n|-enditem|p2a: Sneasler|Electric Seed\n|-boost|p2a: Sneasler|def|1|[from] item: Electric Seed\n|turn|4\n|\n|t:|1768137856\n|move|p2a: Sneasler|Fake Out|p1a: \u4e94\u5bfc\u718a\u6e7f\n|-damage|p1a: \u4e94\u5bfc\u718a\u6e7f|86/100\n|cant|p1a: \u4e94\u5bfc\u718a\u6e7f|flinch\n|move|p2b: Miraidon|Electro Drift|p1b: \u6210\u90fd\u8001\u76d6\n|-supereffective|p1b: \u6210\u90fd\u8001\u76d6\n|-damage|p1b: \u6210\u90fd\u8001\u76d6|0 fnt\n|faint|p1b: \u6210\u90fd\u8001\u76d6\n|-damage|p2b: Miraidon|91/100|[from] item: Life Orb\n|\n|-weather|RainDance|[upkeep]\n|-sideend|p2: poke\\(0w0)/ball|move: Tailwind\n|-sideend|p1: dasabe\u76d6\u6b27\u5361\u4fa0|move: Tailwind\n|upkeep\n|turn|5\n|-message|dasabe\u76d6\u6b27\u5361\u4fa0 forfeited.\n|\n|win|poke\\(0w0)/ball\n|raw|dasabe\u76d6\u6b27\u5361\u4fa0's rating: 1353 &rarr; <strong>1332</strong><br />(-21 for losing)\n|raw|poke\\(0w0)&#x2f;ball's rating: 1343 &rarr; <strong>1364</strong><br />(+21 for winning)\n|l|\u2606dasabe\u76d6\u6b27\u5361\u4fa0\n|player|p1|\n|l| abcdefghijklmn11\n|l| icefdlblt\n|l| QAQeee\u5609\u7136\u4fa0\n|l|\u2606poke\\(0w0)/ball\n|player|p2|\n","uploadtime":1768138100,"views":3,"formatid":"gen9vgc2026regi","rating":1332,"private":0,"password":null}