{"id":"gen9vgc2026regi-2586770434","format":"[Gen 9] VGC 2026 Reg I","players":["Zonavideovigilada","aqqqxin"],"log":"|j|\u2606Zonavideovigilada\n|j|\u2606aqqqxin\n|t:|1776458546\n|gametype|doubles\n|player|p1|Zonavideovigilada|1|1526\n|player|p2|aqqqxin|roxie|1474\n|gen|9\n|tier|[Gen 9] VGC 2026 Reg I\n|rated|\n|rule|Species Clause: Limit one of each Pok\u00e9mon\n|rule|Item Clause: Limit 1 of each item\n|clearpoke\n|poke|p1|Miraidon, L50|\n|poke|p1|Calyrex-Ice, L50|\n|poke|p1|Urshifu-*, L50, M|\n|poke|p1|Ogerpon-Wellspring, L50, F|\n|poke|p1|Talonflame, L50, M|\n|poke|p1|Iron Crown, L50|\n|poke|p2|Rillaboom, L50, M|\n|poke|p2|Incineroar, L50, M|\n|poke|p2|Zamazenta-*, L50|\n|poke|p2|Calyrex-Shadow, L50|\n|poke|p2|Ogerpon-Cornerstone, L50, F|\n|poke|p2|Tornadus, L50, M|\n|teampreview|4\n|inactive|Battle timer is ON: inactive players will automatically lose when time's up. (requested by Zonavideovigilada)\n|\n|t:|1776458580\n|teamsize|p1|4\n|teamsize|p2|4\n|start\n|switch|p1a: Talonflame|Talonflame, L50, M|100/100\n|switch|p1b: Urshifu|Urshifu, L50, M|100/100\n|switch|p2a: Rillaboom|Rillaboom, L50, M|100/100\n|switch|p2b: Incineroar|Incineroar, L50, M|100/100\n|-fieldstart|move: Grassy Terrain|[from] ability: Grassy Surge|[of] p2a: Rillaboom\n|-ability|p2b: Incineroar|Intimidate|boost\n|-unboost|p1a: Talonflame|atk|1\n|-unboost|p1b: Urshifu|atk|1\n|turn|1\n|inactive|aqqqxin has 30 seconds left.\n|inactive|aqqqxin has 20 seconds left.\n|\n|t:|1776458619\n|switch|p2b: Calyrex|Calyrex-Shadow, L50|100/100\n|-ability|p2b: Calyrex|As One\n|-ability|p2b: Calyrex|Unnerve\n|move|p2a: Rillaboom|Fake Out|p1a: Talonflame\n|-damage|p1a: Talonflame|79/100\n|move|p1a: Talonflame|Will-O-Wisp|p2a: Rillaboom\n|-status|p2a: Rillaboom|brn\n|move|p1b: Urshifu|Close Combat|p2b: Calyrex\n|-immune|p2b: Calyrex\n|\n|-damage|p2a: Rillaboom|95/100 brn|[from] brn\n|upkeep\n|turn|2\n|inactive|aqqqxin has 30 seconds left.\n|inactive|aqqqxin has 20 seconds left.\n|\n|t:|1776458656\n|switch|p2b: Incineroar|Incineroar, L50, M|100/100\n|-ability|p2b: Incineroar|Intimidate|boost\n|-unboost|p1a: Talonflame|atk|1\n|-unboost|p1b: Urshifu|atk|1\n|move|p1b: Urshifu|Protect|p1b: Urshifu\n|-singleturn|p1b: Urshifu|Protect\n|move|p1a: Talonflame|Tailwind|p1a: Talonflame\n|-sidestart|p1: Zonavideovigilada|move: Tailwind\n|move|p2a: Rillaboom|U-turn|p1b: Urshifu\n|-activate|p1b: Urshifu|move: Protect\n|\n|-heal|p2a: Rillaboom|100/100 brn|[from] Grassy Terrain\n|-damage|p2a: Rillaboom|95/100 brn|[from] brn\n|upkeep\n|turn|3\n|inactive|aqqqxin has 30 seconds left.\n|\n|t:|1776458688\n|switch|p1a: Miraidon|Miraidon, L50|100/100\n|-fieldstart|move: Electric Terrain|[from] ability: Hadron Engine|[of] p1a: Miraidon\n|move|p1b: Urshifu|Wicked Blow|p2a: Rillaboom\n|-crit|p2a: Rillaboom\n|-damage|p2a: Rillaboom|37/100 brn\n|move|p2a: Rillaboom|U-turn|p1b: Urshifu\n|-damage|p1b: Urshifu|89/100\n|\n|t:|1776458703\n|switch|p2a: Zamazenta|Zamazenta-Crowned, L50|100/100|[from] U-turn\n|-ability|p2a: Zamazenta|Dauntless Shield|boost\n|-boost|p2a: Zamazenta|def|1\n|move|p2b: Incineroar|Knock Off|p1a: Miraidon\n|-damage|p1a: Miraidon|67/100\n|-enditem|p1a: Miraidon|Choice Scarf|[from] move: Knock Off|[of] p2b: Incineroar\n|\n|upkeep\n|turn|4\n|inactive|Zonavideovigilada has 30 seconds left.\n|inactive|aqqqxin has 30 seconds left.\n|inactive|Zonavideovigilada has 20 seconds left.\n|inactive|Zonavideovigilada has 15 seconds left.\n|inactive|Zonavideovigilada has 10 seconds left.\n|inactive|Zonavideovigilada has 5 seconds left.\n|\n|t:|1776458754\n|switch|p1b: Talonflame|Talonflame, L50, M|79/100\n|move|p2a: Zamazenta|Protect|p2a: Zamazenta\n|-singleturn|p2a: Zamazenta|Protect\n|move|p1a: Miraidon|Electro Drift|p2a: Zamazenta\n|-activate|p2a: Zamazenta|move: Protect\n|move|p2b: Incineroar|Parting Shot|p1a: Miraidon\n|-unboost|p1a: Miraidon|atk|1\n|-unboost|p1a: Miraidon|spa|1\n|\n|t:|1776458773\n|switch|p2b: Rillaboom|Rillaboom, L50, M|37/100 brn|[from] Parting Shot\n|-fieldstart|move: Grassy Terrain|[from] ability: Grassy Surge|[of] p2b: Rillaboom\n|\n|-heal|p1a: Miraidon|73/100|[from] Grassy Terrain\n|-heal|p2b: Rillaboom|43/100 brn|[from] Grassy Terrain\n|-damage|p2b: Rillaboom|37/100 brn|[from] brn\n|upkeep\n|turn|5\n|inactive|aqqqxin has 30 seconds left.\n|inactive|aqqqxin has 20 seconds left.\n|inactive|aqqqxin has 15 seconds left.\n|\n|t:|1776458817\n|-terastallize|p2a: Zamazenta|Dragon\n|move|p2b: Rillaboom|Grassy Glide|p1a: Miraidon\n|-resisted|p1a: Miraidon\n|-damage|p1a: Miraidon|66/100\n|move|p1b: Talonflame|Will-O-Wisp|p2a: Zamazenta\n|-status|p2a: Zamazenta|brn\n|move|p1a: Miraidon|Volt Switch|p2a: Zamazenta\n|-resisted|p2a: Zamazenta\n|-damage|p2a: Zamazenta|93/100 brn\n|\n|t:|1776458830\n|switch|p1a: Calyrex|Calyrex-Ice, L50|100/100|[from] Volt Switch\n|-ability|p1a: Calyrex|As One\n|-ability|p1a: Calyrex|Unnerve\n|move|p2a: Zamazenta|Body Press|p1a: Calyrex\n|-damage|p1a: Calyrex|80/100\n|\n|-heal|p2a: Zamazenta|99/100 brn|[from] Grassy Terrain\n|-heal|p1a: Calyrex|86/100|[from] Grassy Terrain\n|-heal|p2b: Rillaboom|43/100 brn|[from] Grassy Terrain\n|-damage|p2a: Zamazenta|93/100 brn|[from] brn\n|-damage|p2b: Rillaboom|37/100 brn|[from] brn\n|-sideend|p1: Zonavideovigilada|move: Tailwind\n|upkeep\n|turn|6\n|inactive|Zonavideovigilada has 30 seconds left.\n|\n|t:|1776458859\n|switch|p2b: Incineroar|Incineroar, L50, M|100/100\n|-ability|p2b: Incineroar|Intimidate|boost\n|-fail|p1a: Calyrex|unboost|[from] item: Clear Amulet|[of] p1a: Calyrex\n|-unboost|p1b: Talonflame|atk|1\n|move|p2a: Zamazenta|Protect|p2a: Zamazenta\n|-singleturn|p2a: Zamazenta|Protect\n|move|p1b: Talonflame|Tailwind|p1b: Talonflame\n|-sidestart|p1: Zonavideovigilada|move: Tailwind\n|move|p1a: Calyrex|Glacial Lance|p2b: Incineroar|[spread] p2b\n|-activate|p2a: Zamazenta|move: Protect\n|-resisted|p2b: Incineroar\n|-damage|p2b: Incineroar|77/100\n|\n|-heal|p2a: Zamazenta|99/100 brn|[from] Grassy Terrain\n|-heal|p1a: Calyrex|92/100|[from] Grassy Terrain\n|-heal|p2b: Incineroar|83/100|[from] Grassy Terrain\n|-damage|p2a: Zamazenta|93/100 brn|[from] brn\n|upkeep\n|turn|7\n|inactive|aqqqxin has 30 seconds left.\n|inactive|Zonavideovigilada has 30 seconds left.\n|inactive|aqqqxin has 20 seconds left.\n|inactive|Zonavideovigilada has 20 seconds left.\n|inactive|aqqqxin has 15 seconds left.\n|inactive|Zonavideovigilada has 15 seconds left.\n|inactive|aqqqxin has 10 seconds left.\n|inactive|Zonavideovigilada has 10 seconds left.\n|inactive|Zonavideovigilada has 5 seconds left.\n|\n|t:|1776458915\n|switch|p1b: Urshifu|Urshifu, L50, M|89/100\n|move|p2b: Incineroar|Fake Out|p1a: Calyrex\n|-damage|p1a: Calyrex|85/100\n|move|p2a: Zamazenta|Heavy Slam|p1b: Urshifu\n|-damage|p1b: Urshifu|65/100\n|cant|p1a: Calyrex|flinch\n|\n|-heal|p1b: Urshifu|72/100|[from] Grassy Terrain\n|-heal|p2a: Zamazenta|99/100 brn|[from] Grassy Terrain\n|-heal|p1a: Calyrex|91/100|[from] Grassy Terrain\n|-heal|p2b: Incineroar|89/100|[from] Grassy Terrain\n|-damage|p2a: Zamazenta|93/100 brn|[from] brn\n|upkeep\n|turn|8\n|inactive|Zonavideovigilada has 30 seconds left.\n|inactive|Zonavideovigilada has 20 seconds left.\n|inactive|Zonavideovigilada has 15 seconds left.\n|\n|t:|1776458960\n|switch|p2b: Calyrex|Calyrex-Shadow, L50|100/100\n|-ability|p2b: Calyrex|As One\n|-ability|p2b: Calyrex|Unnerve\n|-terastallize|p1b: Urshifu|Stellar\n|move|p2a: Zamazenta|Wide Guard|p2a: Zamazenta\n|-singleturn|p2a: Zamazenta|Wide Guard\n|move|p1b: Urshifu|Wicked Blow|p2b: Calyrex\n|-supereffective|p2b: Calyrex\n|-crit|p2b: Calyrex\n|-damage|p2b: Calyrex|0 fnt\n|faint|p2b: Calyrex\n|move|p1a: Calyrex|Body Press|p2a: Zamazenta\n|-damage|p2a: Zamazenta|84/100 brn\n|\n|-heal|p1b: Urshifu|78/100|[from] Grassy Terrain\n|-heal|p2a: Zamazenta|90/100 brn|[from] Grassy Terrain\n|-heal|p1a: Calyrex|97/100|[from] Grassy Terrain\n|-damage|p2a: Zamazenta|84/100 brn|[from] brn\n|-fieldend|move: Grassy Terrain\n|upkeep\n|inactive|aqqqxin has 30 seconds left.\n|inactive|aqqqxin has 20 seconds left.\n|inactive|aqqqxin has 15 seconds left.\n|inactive|aqqqxin has 10 seconds left.\n|inactive|aqqqxin has 5 seconds left.\n|\n|t:|1776459015\n|switch|p2b: Rillaboom|Rillaboom, L50, M|37/100 brn\n|-fieldstart|move: Grassy Terrain|[from] ability: Grassy Surge|[of] p2b: Rillaboom\n|turn|9\n|inactive|aqqqxin has 30 seconds left.\n|inactive|aqqqxin has 20 seconds left.\n|inactive|aqqqxin has 15 seconds left.\n|inactive|aqqqxin has 10 seconds left.\n|inactive|aqqqxin has 5 seconds left.\n|\n|t:|1776459070\n|move|p1b: Urshifu|Wicked Blow|p2b: Rillaboom\n|-crit|p2b: Rillaboom\n|-damage|p2b: Rillaboom|0 fnt\n|faint|p2b: Rillaboom\n|move|p2a: Zamazenta|Body Press|p1a: Calyrex\n|-damage|p1a: Calyrex|75/100\n|move|p1a: Calyrex|Glacial Lance|p2a: Zamazenta\n|-supereffective|p2a: Zamazenta\n|-damage|p2a: Zamazenta|26/100 brn\n|\n|-heal|p1b: Urshifu|84/100|[from] Grassy Terrain\n|-heal|p2a: Zamazenta|32/100 brn|[from] Grassy Terrain\n|-heal|p1a: Calyrex|80/100|[from] Grassy Terrain\n|-damage|p2a: Zamazenta|26/100 brn|[from] brn\n|-sideend|p1: Zonavideovigilada|move: Tailwind\n|upkeep\n|inactive|aqqqxin has 30 seconds left this turn.\n|inactive|aqqqxin has 20 seconds left.\n|inactive|aqqqxin has 15 seconds left.\n|inactive|aqqqxin has 10 seconds left.\n|inactive|aqqqxin has 5 seconds left.\n|-message|aqqqxin lost due to inactivity.\n|\n|win|Zonavideovigilada\n|raw|Zonavideovigilada's rating: 1526 &rarr; <strong>1543</strong><br />(+17 for winning)\n|raw|aqqqxin's rating: 1474 &rarr; <strong>1457</strong><br />(-17 for losing)\n|l|\u2606Zonavideovigilada\n|player|p1|\n","uploadtime":1776459332,"views":10,"formatid":"gen9vgc2026regi","rating":1457,"private":0,"password":null}