{"id":"gen9vgc2026regi-2589062163","format":"[Gen 9] VGC 2026 Reg I","players":["Shagrathisbeast","JD Pope"],"log":"|j|\u2606Shagrathisbeast\n|j|\u2606JD Pope\n|t:|1776697116\n|gametype|doubles\n|player|p1|Shagrathisbeast|266|1446\n|player|p2|JD Pope|101|1522\n|gen|9\n|tier|[Gen 9] VGC 2026 Reg I\n|rated|\n|rule|Species Clause: Limit one of each Pok\u00e9mon\n|rule|Item Clause: Limit 1 of each item\n|clearpoke\n|poke|p1|Calyrex-Shadow, L50|\n|poke|p1|Clefairy, L50, M|\n|poke|p1|Urshifu-*, L50, F|\n|poke|p1|Tornadus, L50, M|\n|poke|p1|Rayquaza, L50|\n|poke|p1|Smeargle, L50, F|\n|poke|p2|Kyogre, L50|\n|poke|p2|Basculegion, L50, M|\n|poke|p2|Iron Jugulis, L50|\n|poke|p2|Archaludon, L50, F|\n|poke|p2|Miraidon, L50|\n|poke|p2|Iron Hands, L50|\n|teampreview|4\n|\n|t:|1776697191\n|teamsize|p1|4\n|teamsize|p2|4\n|start\n|switch|p1a: Smeargle|Smeargle, L50, F, shiny|100/100\n|switch|p1b: Rayquaza|Rayquaza, L50, shiny|100/100\n|switch|p2a: Archaludon|Archaludon, L50, F|100/100\n|switch|p2b: Miraidon|Miraidon, L50|100/100\n|-fieldstart|move: Electric Terrain|[from] ability: Hadron Engine|[of] p2b: Miraidon\n|-ability|p1b: Rayquaza|Air Lock\n|turn|1\n|\n|t:|1776697202\n|-terastallize|p1b: Rayquaza|Normal\n|move|p1a: Smeargle|Fake Out|p2b: Miraidon\n|-damage|p2b: Miraidon|95/100\n|move|p2a: Archaludon|Draco Meteor|p1b: Rayquaza\n|-damage|p1b: Rayquaza|44/100\n|-unboost|p2a: Archaludon|spa|2\n|cant|p2b: Miraidon|flinch\n|move|p1b: Rayquaza|Swords Dance|p1b: Rayquaza\n|-boost|p1b: Rayquaza|atk|2\n|\n|-ability|p1a: Smeargle|Moody|boost\n|-boost|p1a: Smeargle|spe|2\n|-unboost|p1a: Smeargle|def|1\n|upkeep\n|turn|2\n|\n|t:|1776697223\n|move|p1b: Rayquaza|Protect|p1b: Rayquaza\n|-singleturn|p1b: Rayquaza|Protect\n|move|p1a: Smeargle|Decorate|p1b: Rayquaza\n|-boost|p1b: Rayquaza|atk|2\n|-boost|p1b: Rayquaza|spa|2\n|move|p2a: Archaludon|Draco Meteor|p1b: Rayquaza\n|-activate|p1b: Rayquaza|move: Protect\n|move|p2b: Miraidon|Volt Switch|p1b: Rayquaza\n|-activate|p1b: Rayquaza|move: Protect\n|\n|-ability|p1a: Smeargle|Moody|boost\n|-boost|p1a: Smeargle|def|2\n|-unboost|p1a: Smeargle|spd|1\n|upkeep\n|turn|3\n|\n|t:|1776697238\n|switch|p2b: Iron Jugulis|Iron Jugulis, L50|100/100\n|-activate|p2b: Iron Jugulis|ability: Quark Drive\n|-start|p2b: Iron Jugulis|quarkdrivespe\n|move|p1a: Smeargle|Follow Me|p1a: Smeargle\n|-singleturn|p1a: Smeargle|move: Follow Me\n|move|p1b: Rayquaza|Extreme Speed|p2b: Iron Jugulis\n|-damage|p2b: Iron Jugulis|0 fnt\n|faint|p2b: Iron Jugulis\n|-end|p2b: Iron Jugulis|Quark Drive|[silent]\n|move|p2a: Archaludon|Draco Meteor|p1a: Smeargle\n|-enditem|p1a: Smeargle|Focus Sash\n|-damage|p1a: Smeargle|1/100\n|-unboost|p2a: Archaludon|spa|2\n|\n|-ability|p1a: Smeargle|Moody|boost\n|-boost|p1a: Smeargle|spe|2\n|-unboost|p1a: Smeargle|atk|1\n|upkeep\n|\n|t:|1776697244\n|switch|p2b: Kyogre|Kyogre, L50|100/100\n|-weather|RainDance|[from] ability: Drizzle|[of] p2b: Kyogre\n|turn|4\n|\n|t:|1776697257\n|switch|p2a: Miraidon|Miraidon, L50|95/100\n|-activate|p2a: Miraidon|ability: Hadron Engine\n|move|p2b: Kyogre|Protect|p2b: Kyogre\n|-singleturn|p2b: Kyogre|Protect\n|move|p1a: Smeargle|Follow Me|p1a: Smeargle\n|-singleturn|p1a: Smeargle|move: Follow Me\n|move|p1b: Rayquaza|Extreme Speed|p2b: Kyogre\n|-activate|p2b: Kyogre|move: Protect\n|\n|-weather|RainDance|[upkeep]\n|-ability|p1a: Smeargle|Moody|boost\n|-boost|p1a: Smeargle|spa|2\n|-unboost|p1a: Smeargle|spd|1\n|upkeep\n|turn|5\n|\n|t:|1776697285\n|move|p1a: Smeargle|Follow Me|p1a: Smeargle\n|-singleturn|p1a: Smeargle|move: Follow Me\n|move|p1b: Rayquaza|Extreme Speed|p2b: Kyogre\n|-damage|p2b: Kyogre|0 fnt\n|faint|p2b: Kyogre\n|move|p2a: Miraidon|Dazzling Gleam|p1a: Smeargle|[spread] p1a,p1b\n|-damage|p1a: Smeargle|0 fnt\n|-damage|p1b: Rayquaza|4/100\n|faint|p1a: Smeargle\n|\n|-weather|RainDance|[upkeep]\n|-fieldend|move: Electric Terrain\n|upkeep\n|\n|t:|1776697294\n|switch|p1a: Urshifu|Urshifu-Rapid-Strike, L50, F|100/100\n|switch|p2b: Archaludon|Archaludon, L50, F|100/100\n|turn|6\n|-message|JD Pope forfeited.\n|\n|win|Shagrathisbeast\n|raw|Shagrathisbeast's rating: 1446 &rarr; <strong>1470</strong><br />(+24 for winning)\n|raw|JD Pope's rating: 1522 &rarr; <strong>1498</strong><br />(-24 for losing)\n|l|\u2606JD Pope\n|player|p2|\n|l|\u2606Shagrathisbeast\n|player|p1|\n","uploadtime":1776697525,"views":12,"formatid":"gen9vgc2026regi","rating":1470,"private":0,"password":null}