{"id":"gen9vgc2026regi-2554290287","format":"[Gen 9] VGC 2026 Reg I","players":["Rypassed You","blackred123"],"log":"|j|\u2606Rypassed You\n|j|\u2606blackred123\n|t:|1772942446\n|gametype|doubles\n|player|p1|Rypassed You|drayton|1499\n|player|p2|blackred123|iono-masters|1547\n|gen|9\n|tier|[Gen 9] VGC 2026 Reg I\n|rated|\n|rule|Species Clause: Limit one of each Pok\u00e9mon\n|rule|Item Clause: Limit 1 of each item\n|clearpoke\n|poke|p1|Kyogre, L50|\n|poke|p1|Miraidon, L50|\n|poke|p1|Tornadus, L50, M|\n|poke|p1|Iron Hands, L50|\n|poke|p1|Farigiraf, L50, F|\n|poke|p1|Urshifu-*, L50, M|\n|poke|p2|Kyogre, L50|\n|poke|p2|Zamazenta-*, L50|\n|poke|p2|Chien-Pao, L50|\n|poke|p2|Amoonguss, L50, F|\n|poke|p2|Dragonite, L50, M|\n|poke|p2|Rillaboom, L50, F|\n|teampreview|4\n|inactive|Battle timer is ON: inactive players will automatically lose when time's up. (requested by Rypassed You)\n|inactive|blackred123 also wants the timer to be on.\n|\n|t:|1772942458\n|teamsize|p1|4\n|teamsize|p2|4\n|start\n|switch|p1a: \u30c8\u30eb\u30cd\u30ed\u30b9|Tornadus, L50, M|100/100\n|switch|p1b: Dhruva|Kyogre, L50|100/100\n|switch|p2a: Zamazenta|Zamazenta-Crowned, L50|100/100\n|switch|p2b: Chien-Pao|Chien-Pao, L50|100/100\n|-ability|p2b: Chien-Pao|Sword of Ruin\n|-ability|p2a: Zamazenta|Dauntless Shield|boost\n|-boost|p2a: Zamazenta|def|1\n|-weather|RainDance|[from] ability: Drizzle|[of] p1b: Dhruva\n|turn|1\n|\n|t:|1772942472\n|-terastallize|p2a: Zamazenta|Grass\n|move|p1b: Dhruva|Protect|p1b: Dhruva\n|-singleturn|p1b: Dhruva|Protect\n|move|p1a: \u30c8\u30eb\u30cd\u30ed\u30b9|Taunt|p2a: Zamazenta\n|-start|p2a: Zamazenta|move: Taunt\n|move|p2b: Chien-Pao|Ice Spinner|p1a: \u30c8\u30eb\u30cd\u30ed\u30b9\n|-supereffective|p1a: \u30c8\u30eb\u30cd\u30ed\u30b9\n|-enditem|p1a: \u30c8\u30eb\u30cd\u30ed\u30b9|Focus Sash\n|-damage|p1a: \u30c8\u30eb\u30cd\u30ed\u30b9|1/100\n|move|p2a: Zamazenta|Body Press|p1b: Dhruva\n|-activate|p1b: Dhruva|move: Protect\n|\n|-weather|RainDance|[upkeep]\n|upkeep\n|turn|2\n|\n|t:|1772942489\n|switch|p1b: Josy|Farigiraf, L50, F|100/100\n|move|p2b: Chien-Pao|Sucker Punch||[still]\n|cant|p1b: Josy|ability: Armor Tail|Sucker Punch|[of] p2b: Chien-Pao\n|move|p1a: \u30c8\u30eb\u30cd\u30ed\u30b9|Tailwind|p1a: \u30c8\u30eb\u30cd\u30ed\u30b9\n|-sidestart|p1: Rypassed You|move: Tailwind\n|move|p2a: Zamazenta|Heavy Slam|p1a: \u30c8\u30eb\u30cd\u30ed\u30b9\n|-damage|p1a: \u30c8\u30eb\u30cd\u30ed\u30b9|0 fnt\n|faint|p1a: \u30c8\u30eb\u30cd\u30ed\u30b9\n|\n|-weather|RainDance|[upkeep]\n|upkeep\n|\n|t:|1772942497\n|switch|p1a: Natalia|Miraidon, L50|100/100\n|-fieldstart|move: Electric Terrain|[from] ability: Hadron Engine|[of] p1a: Natalia\n|-enditem|p1b: Josy|Electric Seed\n|-boost|p1b: Josy|def|1|[from] item: Electric Seed\n|turn|3\n|\n|t:|1772942510\n|-terastallize|p1a: Natalia|Fairy\n|move|p1a: Natalia|Dazzling Gleam|p2a: Zamazenta|[spread] p2a,p2b\n|-supereffective|p2b: Chien-Pao\n|-damage|p2a: Zamazenta|56/100\n|-enditem|p2b: Chien-Pao|Focus Sash\n|-damage|p2b: Chien-Pao|1/100\n|move|p2b: Chien-Pao|Ice Spinner|p1a: Natalia\n|-damage|p1a: Natalia|50/100\n|-fieldend|move: Electric Terrain\n|move|p2a: Zamazenta|Body Press|p1a: Natalia\n|-resisted|p1a: Natalia\n|-damage|p1a: Natalia|9/100\n|move|p1b: Josy|Foul Play|p2b: Chien-Pao\n|-resisted|p2b: Chien-Pao\n|-damage|p2b: Chien-Pao|0 fnt\n|faint|p2b: Chien-Pao\n|\n|-weather|RainDance|[upkeep]\n|-end|p2a: Zamazenta|move: Taunt\n|upkeep\n|\n|t:|1772942516\n|switch|p2b: Dragonite|Dragonite, L50, M|100/100\n|turn|4\n|\n|t:|1772942530\n|switch|p1a: Dhruva|Kyogre, L50|100/100\n|move|p2a: Zamazenta|Wide Guard|p2a: Zamazenta\n|-singleturn|p2a: Zamazenta|Wide Guard\n|move|p1b: Josy|Foul Play|p2a: Zamazenta\n|-damage|p2a: Zamazenta|43/100\n|move|p2b: Dragonite|Aerial Ace|p1a: Dhruva\n|-damage|p1a: Dhruva|48/100\n|\n|-weather|RainDance|[upkeep]\n|upkeep\n|turn|5\n|\n|t:|1772942550\n|move|p1b: Josy|Helping Hand|p1a: Dhruva\n|-singleturn|p1a: Dhruva|Helping Hand|[of] p1b: Josy\n|move|p1a: Dhruva|Ice Beam|p2a: Zamazenta\n|-supereffective|p2a: Zamazenta\n|-damage|p2a: Zamazenta|0 fnt\n|faint|p2a: Zamazenta\n|move|p2b: Dragonite|Aerial Ace|p1a: Dhruva\n|-damage|p1a: Dhruva|0 fnt\n|faint|p1a: Dhruva\n|\n|-weather|none\n|-sideend|p1: Rypassed You|move: Tailwind\n|upkeep\n|\n|t:|1772942555\n|switch|p2a: Kyogre|Kyogre, L50|100/100\n|switch|p1a: Natalia|Miraidon, L50, tera:Fairy|9/100\n|-weather|RainDance|[from] ability: Drizzle|[of] p2a: Kyogre\n|-fieldstart|move: Electric Terrain|[from] ability: Hadron Engine|[of] p1a: Natalia\n|turn|6\n|\n|t:|1772942569\n|move|p2a: Kyogre|Water Spout|p1a: Natalia|[spread] p1a,p1b\n|-damage|p1a: Natalia|0 fnt\n|-damage|p1b: Josy|28/100\n|faint|p1a: Natalia\n|move|p2b: Dragonite|Aerial Ace|p1b: Josy\n|-damage|p1b: Josy|0 fnt\n|faint|p1b: Josy\n|\n|win|blackred123\n|raw|Rypassed You's rating: 1499 &rarr; <strong>1482</strong><br />(-17 for losing)\n|raw|blackred123's rating: 1547 &rarr; <strong>1564</strong><br />(+17 for winning)\n|l|\u2606Rypassed You\n|player|p1|\n","uploadtime":1772942582,"views":16,"formatid":"gen9vgc2026regi","rating":1482,"private":0,"password":null}