{"id":"gen9vgc2026regi-2550589742","format":"[Gen 9] VGC 2026 Reg I","players":["shuliora","Cello L."],"log":"|j|\u2606shuliora\n|j|\u2606Cello L.\n|t:|1772503870\n|gametype|doubles\n|player|p1|shuliora|twins-gen4|1244\n|player|p2|Cello L.|psychic-gen4|1492\n|gen|9\n|tier|[Gen 9] VGC 2026 Reg I\n|rated|\n|rule|Species Clause: Limit one of each Pok\u00e9mon\n|rule|Item Clause: Limit 1 of each item\n|clearpoke\n|poke|p1|Koraidon, L50|\n|poke|p1|Lunala, L50|\n|poke|p1|Incineroar, L50, M|\n|poke|p1|Amoonguss, L50, F|\n|poke|p1|Flutter Mane, L50|\n|poke|p1|Landorus-Therian, L50, M|\n|poke|p2|Kyogre, L50|\n|poke|p2|Calyrex-Ice, L50|\n|poke|p2|Flutter Mane, L50|\n|poke|p2|Basculegion, L50, M|\n|poke|p2|Amoonguss, L50, F|\n|poke|p2|Grimmsnarl, L50, M|\n|teampreview|4\n|inactive|Battle timer is ON: inactive players will automatically lose when time's up. (requested by shuliora)\n|\n|t:|1772503890\n|teamsize|p1|4\n|teamsize|p2|4\n|start\n|switch|p1a: Amoonguss|Amoonguss, L50, F|100/100\n|switch|p1b: Lunala|Lunala, L50|100/100\n|switch|p2a: Calyrex|Calyrex-Ice, L50|100/100\n|switch|p2b: Flutter Mane|Flutter Mane, L50|100/100\n|-ability|p2a: Calyrex|As One\n|-ability|p2a: Calyrex|Unnerve\n|turn|1\n|\n|t:|1772503916\n|-terastallize|p2a: Calyrex|Fairy\n|move|p2b: Flutter Mane|Taunt|p1a: Amoonguss\n|-start|p1a: Amoonguss|move: Taunt\n|move|p1b: Lunala|Meteor Beam||[still]\n|-prepare|p1b: Lunala|Meteor Beam\n|-boost|p1b: Lunala|spa|1\n|-enditem|p1b: Lunala|Power Herb\n|-anim|p1b: Lunala|Meteor Beam|p2a: Calyrex\n|-damage|p2a: Calyrex|60/100\n|move|p2a: Calyrex|Leech Seed|p1b: Lunala\n|-start|p1b: Lunala|move: Leech Seed\n|cant|p1a: Amoonguss|move: Taunt|Spore\n|\n|-heal|p2a: Calyrex|66/100|[from] item: Leftovers\n|-damage|p1b: Lunala|88/100|[from] Leech Seed|[of] p2a: Calyrex\n|-heal|p2a: Calyrex|80/100|[silent]\n|upkeep\n|turn|2\n|\n|t:|1772503937\n|switch|p1a: Stupid Cat|Incineroar, L50, M|100/100\n|-ability|p1a: Stupid Cat|Intimidate|boost\n|-unboost|p2a: Calyrex|atk|1\n|-unboost|p2b: Flutter Mane|atk|1\n|move|p1b: Lunala|Protect|p1b: Lunala\n|-singleturn|p1b: Lunala|Protect\n|move|p2b: Flutter Mane|Taunt|p1b: Lunala\n|-activate|p1b: Lunala|move: Protect\n|move|p2a: Calyrex|Glacial Lance|p1b: Lunala|[spread] p1a\n|-activate|p1b: Lunala|move: Protect\n|-resisted|p1a: Stupid Cat\n|-damage|p1a: Stupid Cat|89/100\n|\n|-heal|p2a: Calyrex|86/100|[from] item: Leftovers\n|-damage|p1b: Lunala|75/100|[from] Leech Seed|[of] p2a: Calyrex\n|-heal|p2a: Calyrex|100/100|[silent]\n|upkeep\n|turn|3\n|inactive|shuliora has 30 seconds left.\n|inactive|Cello L. has 30 seconds left.\n|inactive|Cello L. has 20 seconds left.\n|inactive|Cello L. has 15 seconds left.\n|inactive|Cello L. has 10 seconds left.\n|\n|t:|1772503983\n|switch|p2a: Kyogre|Kyogre, L50|100/100\n|-weather|RainDance|[from] ability: Drizzle|[of] p2a: Kyogre\n|move|p2b: Flutter Mane|Taunt|p1b: Lunala\n|-start|p1b: Lunala|move: Taunt\n|move|p1b: Lunala|Moongeist Beam|p2a: Kyogre\n|-crit|p2a: Kyogre\n|-damage|p2a: Kyogre|3/100\n|move|p1a: Stupid Cat|Knock Off|p2a: Kyogre\n|-damage|p2a: Kyogre|0 fnt\n|-enditem|p2a: Kyogre|Mystic Water|[from] move: Knock Off|[of] p1a: Stupid Cat\n|faint|p2a: Kyogre\n|\n|-weather|RainDance|[upkeep]\n|upkeep\n|\n|t:|1772503998\n|switch|p2a: Calyrex|Calyrex-Ice, L50, tera:Fairy|100/100\n|-ability|p2a: Calyrex|As One\n|-ability|p2a: Calyrex|Unnerve\n|turn|4\n|\n|t:|1772504021\n|move|p2b: Flutter Mane|Shadow Ball|p1b: Lunala\n|-supereffective|p1b: Lunala\n|-damage|p1b: Lunala|0 fnt\n|faint|p1b: Lunala\n|move|p1a: Stupid Cat|Parting Shot|p2a: Calyrex\n|-unboost|p2a: Calyrex|atk|1\n|-unboost|p2a: Calyrex|spa|1\n|\n|t:|1772504029\n|switch|p1a: Amoonguss|Amoonguss, L50, F|100/100|[from] Parting Shot\n|move|p2a: Calyrex|Glacial Lance|p1a: Amoonguss\n|-supereffective|p1a: Amoonguss\n|-damage|p1a: Amoonguss|6/100\n|\n|-weather|RainDance|[upkeep]\n|upkeep\n|\n|t:|1772504037\n|switch|p1b: Koraidon|Koraidon, L50|100/100\n|-weather|SunnyDay|[from] ability: Orichalcum Pulse|[of] p1b: Koraidon\n|-activate|p2b: Flutter Mane|ability: Protosynthesis\n|-start|p2b: Flutter Mane|protosynthesisspe\n|-activate|p1b: Koraidon|Orichalcum Pulse|[source]\n|turn|5\n|\n|t:|1772504060\n|switch|p1a: Stupid Cat|Incineroar, L50, M|89/100\n|-ability|p1a: Stupid Cat|Intimidate|boost\n|-unboost|p2a: Calyrex|atk|1\n|-unboost|p2b: Flutter Mane|atk|1\n|-terastallize|p1b: Koraidon|Fire\n|move|p2b: Flutter Mane|Moonblast|p1a: Stupid Cat\n|-damage|p1a: Stupid Cat|44/100\n|move|p1b: Koraidon|Flame Charge|p2b: Flutter Mane\n|-enditem|p2b: Flutter Mane|Focus Sash\n|-damage|p2b: Flutter Mane|1/100\n|-boost|p1b: Koraidon|spe|1\n|-damage|p1b: Koraidon|91/100|[from] item: Life Orb\n|move|p2a: Calyrex|Trick Room|p2a: Calyrex\n|-fieldstart|move: Trick Room|[of] p2a: Calyrex\n|\n|-weather|SunnyDay|[upkeep]\n|upkeep\n|turn|6\n|\n|t:|1772504084\n|move|p2a: Calyrex|Glacial Lance|p1a: Stupid Cat|[spread] p1a,p1b\n|-resisted|p1a: Stupid Cat\n|-resisted|p1b: Koraidon\n|-damage|p1a: Stupid Cat|35/100\n|-damage|p1b: Koraidon|79/100\n|move|p1a: Stupid Cat|Flare Blitz|p2b: Flutter Mane\n|-damage|p2b: Flutter Mane|0 fnt\n|faint|p2b: Flutter Mane\n|-end|p2b: Flutter Mane|Protosynthesis|[silent]\n|-damage|p1a: Stupid Cat|34/100|[from] Recoil\n|move|p1b: Koraidon|Flare Blitz|p2a: Calyrex\n|-damage|p2a: Calyrex|2/100\n|-damage|p1b: Koraidon|41/100|[from] Recoil\n|-damage|p1b: Koraidon|31/100|[from] item: Life Orb\n|\n|-weather|SunnyDay|[upkeep]\n|-heal|p2a: Calyrex|8/100|[from] item: Leftovers\n|upkeep\n|\n|t:|1772504099\n|switch|p2b: Basculegion|Basculegion, L50, M|100/100\n|turn|7\n|j| Pauliet456\n|l| Pauliet456\n|inactive|Cello L. has 30 seconds left.\n|inactive|Cello L. has 20 seconds left.\n|\n|t:|1772504135\n|move|p2a: Calyrex|Protect|p2a: Calyrex\n|-singleturn|p2a: Calyrex|Protect\n|move|p1a: Stupid Cat|Flare Blitz|p2a: Calyrex\n|-activate|p2a: Calyrex|move: Protect\n|move|p2b: Basculegion|Wave Crash|p1a: Stupid Cat\n|-supereffective|p1a: Stupid Cat\n|-damage|p1a: Stupid Cat|0 fnt\n|faint|p1a: Stupid Cat\n|-damage|p2b: Basculegion|90/100|[from] Recoil\n|-damage|p2b: Basculegion|80/100|[from] item: Life Orb\n|move|p1b: Koraidon|Flare Blitz|p2a: Calyrex\n|-activate|p2a: Calyrex|move: Protect\n|\n|-weather|SunnyDay|[upkeep]\n|-heal|p2a: Calyrex|14/100|[from] item: Leftovers\n|upkeep\n|\n|t:|1772504152\n|switch|p1a: Amoonguss|Amoonguss, L50, F|40/100\n|turn|8\n|inactive|shuliora has 30 seconds left.\n|\n|t:|1772504181\n|move|p1a: Amoonguss|Spore|p2b: Basculegion\n|-status|p2b: Basculegion|slp|[from] move: Spore\n|move|p2a: Calyrex|Glacial Lance|p1a: Amoonguss|[spread] p1a,p1b\n|-supereffective|p1a: Amoonguss\n|-resisted|p1b: Koraidon\n|-damage|p1a: Amoonguss|0 fnt\n|-damage|p1b: Koraidon|20/100\n|faint|p1a: Amoonguss\n|-ability|p2a: Calyrex|Chilling Neigh|boost\n|-boost|p2a: Calyrex|atk|1\n|cant|p2b: Basculegion|slp\n|move|p1b: Koraidon|Close Combat|p2a: Calyrex\n|-resisted|p2a: Calyrex\n|-damage|p2a: Calyrex|0 fnt\n|-unboost|p1b: Koraidon|def|1\n|-unboost|p1b: Koraidon|spd|1\n|faint|p2a: Calyrex\n|-damage|p1b: Koraidon|10/100|[from] item: Life Orb\n|\n|-weather|SunnyDay|[upkeep]\n|upkeep\n|turn|9\n|\n|t:|1772504203\n|-curestatus|p2b: Basculegion|slp|[msg]\n|move|p2b: Basculegion|Wave Crash|p1b: Koraidon\n|-supereffective|p1b: Koraidon\n|-damage|p1b: Koraidon|0 fnt\n|faint|p1b: Koraidon\n|-damage|p2b: Basculegion|77/100|[from] Recoil\n|-damage|p2b: Basculegion|68/100|[from] item: Life Orb\n|\n|win|Cello L.\n|raw|shuliora's rating: 1244 &rarr; <strong>1234</strong><br />(-10 for losing)\n|raw|Cello L.'s rating: 1492 &rarr; <strong>1500</strong><br />(+8 for winning)\n","uploadtime":1772504212,"views":15,"formatid":"gen9vgc2026regi","rating":1234,"private":0,"password":null}