{"id":"gen9vgc2026regi-2515854825","format":"[Gen 9] VGC 2026 Reg I","players":["we all hate ursf","dasabe\u76d6\u6b27\u5361\u4fa0"],"log":"|j|\u2606we all hate ursf\n|j|\u2606dasabe\u76d6\u6b27\u5361\u4fa0\n|t:|1768051752\n|gametype|doubles\n|player|p1|we all hate ursf|shadowtriad|1319\n|player|p2|dasabe\u76d6\u6b27\u5361\u4fa0|may-masters4|1378\n|gen|9\n|tier|[Gen 9] VGC 2026 Reg I\n|rated|\n|rule|Species Clause: Limit one of each Pok\u00e9mon\n|rule|Item Clause: Limit 1 of each item\n|clearpoke\n|poke|p1|Koraidon, L50|\n|poke|p1|Lunala, L50|\n|poke|p1|Chi-Yu, L50|\n|poke|p1|Flutter Mane, L50|\n|poke|p1|Ursaluna, L50, M|\n|poke|p1|Brute Bonnet, L50|\n|poke|p2|Calyrex-Shadow, L50|\n|poke|p2|Koraidon, L50|\n|poke|p2|Chi-Yu, L50|\n|poke|p2|Tornadus, L50, M|\n|poke|p2|Indeedee-F, L50, F|\n|poke|p2|Smeargle, L50, F|\n|teampreview|4\n|inactive|Battle timer is ON: inactive players will automatically lose when time's up. (requested by we all hate ursf)\n|\n|t:|1768051772\n|teamsize|p1|4\n|teamsize|p2|4\n|start\n|switch|p1a: Chi-Yu|Chi-Yu, L50|100/100\n|switch|p1b: Flutter Mane|Flutter Mane, L50|100/100\n|switch|p2a: \u9a6c\u6b7b\u4e86|Calyrex-Shadow, L50|100/100\n|switch|p2b: \u5c0f\u7b14\u7ea2\u80bf|Smeargle, L50, F, shiny|100/100\n|-ability|p2a: \u9a6c\u6b7b\u4e86|As One\n|-ability|p2a: \u9a6c\u6b7b\u4e86|Unnerve\n|-ability|p1a: Chi-Yu|Beads of Ruin\n|turn|1\n|\n|t:|1768051790\n|-terastallize|p2a: \u9a6c\u6b7b\u4e86|Ghost\n|move|p2b: \u5c0f\u7b14\u7ea2\u80bf|Follow Me|p2b: \u5c0f\u7b14\u7ea2\u80bf\n|-singleturn|p2b: \u5c0f\u7b14\u7ea2\u80bf|move: Follow Me\n|move|p1a: Chi-Yu|Heat Wave|p2b: \u5c0f\u7b14\u7ea2\u80bf|[spread] p2b\n|-miss|p1a: Chi-Yu|p2a: \u9a6c\u6b7b\u4e86\n|-enditem|p2b: \u5c0f\u7b14\u7ea2\u80bf|Focus Sash\n|-damage|p2b: \u5c0f\u7b14\u7ea2\u80bf|1/100\n|move|p2a: \u9a6c\u6b7b\u4e86|Astral Barrage|p1b: Flutter Mane|[spread] p1a,p1b\n|-resisted|p1a: Chi-Yu\n|-supereffective|p1b: Flutter Mane\n|-damage|p1a: Chi-Yu|37/100\n|-enditem|p1b: Flutter Mane|Focus Sash\n|-damage|p1b: Flutter Mane|1/100\n|move|p1b: Flutter Mane|Moonblast|p2b: \u5c0f\u7b14\u7ea2\u80bf\n|-damage|p2b: \u5c0f\u7b14\u7ea2\u80bf|0 fnt\n|faint|p2b: \u5c0f\u7b14\u7ea2\u80bf\n|\n|upkeep\n|\n|t:|1768051797\n|switch|p2b: \u4f8d\u7684\u6211\u7231\u5bfc\u7ba1|Indeedee-F, L50, F, shiny|100/100\n|-fieldstart|move: Psychic Terrain|[from] ability: Psychic Surge|[of] p2b: \u4f8d\u7684\u6211\u7231\u5bfc\u7ba1\n|-enditem|p2b: \u4f8d\u7684\u6211\u7231\u5bfc\u7ba1|Psychic Seed\n|-boost|p2b: \u4f8d\u7684\u6211\u7231\u5bfc\u7ba1|spd|1|[from] item: Psychic Seed\n|turn|2\n|\n|t:|1768051808\n|move|p2b: \u4f8d\u7684\u6211\u7231\u5bfc\u7ba1|Follow Me|p2b: \u4f8d\u7684\u6211\u7231\u5bfc\u7ba1\n|-singleturn|p2b: \u4f8d\u7684\u6211\u7231\u5bfc\u7ba1|move: Follow Me\n|move|p1a: Chi-Yu|Heat Wave|p2b: \u4f8d\u7684\u6211\u7231\u5bfc\u7ba1|[spread] p2a,p2b\n|-damage|p2a: \u9a6c\u6b7b\u4e86|52/100\n|-damage|p2b: \u4f8d\u7684\u6211\u7231\u5bfc\u7ba1|66/100\n|move|p2a: \u9a6c\u6b7b\u4e86|Astral Barrage|p1a: Chi-Yu|[spread] p1a,p1b\n|-resisted|p1a: Chi-Yu\n|-supereffective|p1b: Flutter Mane\n|-damage|p1a: Chi-Yu|0 fnt\n|-damage|p1b: Flutter Mane|0 fnt\n|faint|p1a: Chi-Yu\n|faint|p1b: Flutter Mane\n|-end|p1b: Flutter Mane|Protosynthesis|[silent]\n|-ability|p2a: \u9a6c\u6b7b\u4e86|Grim Neigh|boost\n|-boost|p2a: \u9a6c\u6b7b\u4e86|spa|2\n|\n|upkeep\n|\n|t:|1768051814\n|switch|p1b: Brute Bonnet|Brute Bonnet, L50|100/100\n|switch|p1a: Lunala|Lunala, L50|100/100\n|turn|3\n|\n|t:|1768051831\n|switch|p2a: \u4f60\u6731\u5417|Koraidon, L50, shiny|100/100\n|-weather|SunnyDay|[from] ability: Orichalcum Pulse|[of] p2a: \u4f60\u6731\u5417\n|-activate|p1b: Brute Bonnet|ability: Protosynthesis\n|-start|p1b: Brute Bonnet|protosynthesisdef\n|-activate|p2a: \u4f60\u6731\u5417|Orichalcum Pulse|[source]\n|move|p1a: Lunala|Wide Guard|p1a: Lunala\n|-singleturn|p1a: Lunala|Wide Guard\n|move|p2b: \u4f8d\u7684\u6211\u7231\u5bfc\u7ba1|Follow Me|p2b: \u4f8d\u7684\u6211\u7231\u5bfc\u7ba1\n|-singleturn|p2b: \u4f8d\u7684\u6211\u7231\u5bfc\u7ba1|move: Follow Me\n|move|p1b: Brute Bonnet|Spore|p2b: \u4f8d\u7684\u6211\u7231\u5bfc\u7ba1\n|-status|p2b: \u4f8d\u7684\u6211\u7231\u5bfc\u7ba1|slp|[from] move: Spore\n|\n|-weather|SunnyDay|[upkeep]\n|upkeep\n|turn|4\n|\n|t:|1768051851\n|switch|p2b: \u9a6c\u6b7b\u4e86|Calyrex-Shadow, L50, tera:Ghost|52/100\n|-ability|p2b: \u9a6c\u6b7b\u4e86|As One\n|-ability|p2b: \u9a6c\u6b7b\u4e86|Unnerve\n|-terastallize|p1b: Brute Bonnet|Water\n|move|p2a: \u4f60\u6731\u5417|Close Combat|p1b: Brute Bonnet\n|-crit|p1b: Brute Bonnet\n|-damage|p1b: Brute Bonnet|23/100\n|-unboost|p2a: \u4f60\u6731\u5417|def|1\n|-unboost|p2a: \u4f60\u6731\u5417|spd|1\n|-damage|p2a: \u4f60\u6731\u5417|91/100|[from] item: Life Orb\n|move|p1b: Brute Bonnet|Spore|p2a: \u4f60\u6731\u5417\n|-status|p2a: \u4f60\u6731\u5417|slp|[from] move: Spore\n|move|p1a: Lunala|Trick Room|p1a: Lunala\n|-fieldstart|move: Trick Room|[of] p1a: Lunala\n|\n|-weather|SunnyDay|[upkeep]\n|upkeep\n|turn|5\n|j| wuminshi\n|-message|dasabe\u76d6\u6b27\u5361\u4fa0 forfeited.\n|\n|win|we all hate ursf\n|raw|we all hate ursf's rating: 1319 &rarr; <strong>1342</strong><br />(+23 for winning)\n|raw|dasabe\u76d6\u6b27\u5361\u4fa0's rating: 1378 &rarr; <strong>1355</strong><br />(-23 for losing)\n|l|\u2606dasabe\u76d6\u6b27\u5361\u4fa0\n|player|p2|\n|l| wuminshi\n|l|\u2606we all hate ursf\n|player|p1|\n","uploadtime":1768052064,"views":20,"formatid":"gen9vgc2026regi","rating":1342,"private":0,"password":null}