{"id":"gen9vgc2026regi-2527223501","format":"[Gen 9] VGC 2026 Reg I","players":["Fogdocker","vicentle6"],"log":"|j|\u2606Fogdocker\n|j|\u2606vicentle6\n|t:|1769515796\n|gametype|doubles\n|player|p1|Fogdocker|101|1319\n|player|p2|vicentle6|265|1255\n|gen|9\n|tier|[Gen 9] VGC 2026 Reg I\n|rated|\n|rule|Species Clause: Limit one of each Pok\u00e9mon\n|rule|Item Clause: Limit 1 of each item\n|clearpoke\n|poke|p1|Miraidon, L50|\n|poke|p1|Lunala, L50|\n|poke|p1|Whimsicott, L50, M|\n|poke|p1|Urshifu-*, L50, F|\n|poke|p1|Incineroar, L50, M|\n|poke|p1|Ursaluna, L50, M|\n|poke|p2|Calyrex-Shadow, L50|\n|poke|p2|Zamazenta-*, L50|\n|poke|p2|Incineroar, L50, F|\n|poke|p2|Rillaboom, L50, F|\n|poke|p2|Amoonguss, L50, M|\n|poke|p2|Urshifu-*, L50, M|\n|teampreview|4\n|\n|t:|1769515843\n|teamsize|p1|4\n|teamsize|p2|4\n|start\n|switch|p1a: Lunala|Lunala, L50|100/100\n|switch|p1b: Miraidon|Miraidon, L50|100/100\n|switch|p2a: Rillaboom|Rillaboom, L50, F|100/100\n|switch|p2b: Amoonguss|Amoonguss, L50, M|100/100\n|-fieldstart|move: Electric Terrain|[from] ability: Hadron Engine|[of] p1b: Miraidon\n|-enditem|p1a: Lunala|Electric Seed\n|-boost|p1a: Lunala|def|1|[from] item: Electric Seed\n|-fieldstart|move: Grassy Terrain|[from] ability: Grassy Surge|[of] p2a: Rillaboom\n|turn|1\n|j| riyuezi\n|\n|t:|1769515867\n|switch|p1b: Incineroar|Incineroar, L50, M|100/100\n|-ability|p1b: Incineroar|Intimidate|boost\n|-unboost|p2a: Rillaboom|atk|1\n|-unboost|p2b: Amoonguss|atk|1\n|move|p2a: Rillaboom|Fake Out|p1b: Incineroar\n|-damage|p1b: Incineroar|93/100\n|move|p1a: Lunala|Moongeist Beam|p2b: Amoonguss\n|-damage|p2b: Amoonguss|53/100\n|move|p2b: Amoonguss|Spore|p1a: Lunala\n|-status|p1a: Lunala|slp|[from] move: Spore\n|\n|-heal|p1b: Incineroar|99/100|[from] Grassy Terrain\n|-heal|p2b: Amoonguss|59/100|[from] Grassy Terrain\n|upkeep\n|turn|2\n|\n|t:|1769515900\n|switch|p2b: Calyrex|Calyrex-Shadow, L50|100/100\n|-ability|p2b: Calyrex|As One\n|-ability|p2b: Calyrex|Unnerve\n|cant|p1a: Lunala|slp\n|move|p2a: Rillaboom|U-turn|p1a: Lunala\n|-damage|p1a: Lunala|97/100 slp\n|\n|t:|1769515912\n|switch|p2a: Incineroar|Incineroar, L50, F|100/100|[from] U-turn\n|-ability|p2a: Incineroar|Intimidate|boost\n|-unboost|p1a: Lunala|atk|1\n|-unboost|p1b: Incineroar|atk|1\n|move|p1b: Incineroar|U-turn|p2a: Incineroar\n|-damage|p2a: Incineroar|91/100\n|\n|t:|1769515919\n|switch|p1b: Miraidon|Miraidon, L50|100/100|[from] U-turn\n|-fieldstart|move: Electric Terrain|[from] ability: Hadron Engine|[of] p1b: Miraidon\n|\n|upkeep\n|turn|3\n|\n|t:|1769515929\n|switch|p1a: Incineroar|Incineroar, L50, M|99/100\n|-ability|p1a: Incineroar|Intimidate|boost\n|-unboost|p2a: Incineroar|atk|1\n|-unboost|p2b: Calyrex|atk|1\n|move|p1b: Miraidon|Protect|p1b: Miraidon\n|-singleturn|p1b: Miraidon|Protect\n|move|p2a: Incineroar|Fake Out|p1b: Miraidon\n|-activate|p1b: Miraidon|move: Protect\n|move|p2b: Calyrex|Nasty Plot|p2b: Calyrex\n|-boost|p2b: Calyrex|spa|2\n|\n|upkeep\n|turn|4\n|\n|t:|1769515948\n|switch|p1b: Ursaluna|Ursaluna, L50, M|100/100\n|switch|p2a: Rillaboom|Rillaboom, L50, F|100/100\n|-fieldstart|move: Grassy Terrain|[from] ability: Grassy Surge|[of] p2a: Rillaboom\n|-terastallize|p2b: Calyrex|Ghost\n|move|p2b: Calyrex|Astral Barrage|p1a: Incineroar|[spread] p1a\n|-immune|p1b: Ursaluna\n|-resisted|p1a: Incineroar\n|-damage|p1a: Incineroar|53/100\n|move|p1a: Incineroar|Knock Off|p2b: Calyrex\n|-supereffective|p2b: Calyrex\n|-damage|p2b: Calyrex|11/100\n|-enditem|p2b: Calyrex|Focus Sash|[from] move: Knock Off|[of] p1a: Incineroar\n|\n|-heal|p2b: Calyrex|17/100|[from] Grassy Terrain\n|-heal|p1a: Incineroar|59/100|[from] Grassy Terrain\n|-status|p1b: Ursaluna|brn|[from] item: Flame Orb\n|upkeep\n|turn|5\n|\n|t:|1769515997\n|move|p2b: Calyrex|Protect|p2b: Calyrex\n|-singleturn|p2b: Calyrex|Protect\n|move|p1b: Ursaluna|Protect|p1b: Ursaluna\n|-singleturn|p1b: Ursaluna|Protect\n|move|p2a: Rillaboom|Wood Hammer|p1b: Ursaluna\n|-activate|p1b: Ursaluna|move: Protect\n|move|p1a: Incineroar|U-turn|p2a: Rillaboom\n|-supereffective|p2a: Rillaboom\n|-damage|p2a: Rillaboom|62/100\n|\n|t:|1769516004\n|switch|p1a: Lunala|Lunala, L50|97/100 slp|[from] U-turn\n|\n|-heal|p2b: Calyrex|23/100|[from] Grassy Terrain\n|-heal|p1a: Lunala|100/100 slp|[from] Grassy Terrain\n|-heal|p2a: Rillaboom|68/100|[from] Grassy Terrain\n|-damage|p1b: Ursaluna|94/100 brn|[from] brn\n|upkeep\n|turn|6\n|\n|t:|1769516016\n|switch|p2b: Amoonguss|Amoonguss, L50, M|92/100\n|cant|p1a: Lunala|slp\n|move|p2a: Rillaboom|Wood Hammer|p1b: Ursaluna\n|-supereffective|p1b: Ursaluna\n|-damage|p1b: Ursaluna|0 fnt\n|faint|p1b: Ursaluna\n|-damage|p2a: Rillaboom|32/100|[from] Recoil\n|\n|-heal|p2a: Rillaboom|38/100|[from] Grassy Terrain\n|-heal|p2b: Amoonguss|98/100|[from] Grassy Terrain\n|upkeep\n|\n|t:|1769516023\n|switch|p1b: Incineroar|Incineroar, L50, M|59/100\n|-ability|p1b: Incineroar|Intimidate|boost\n|-unboost|p2a: Rillaboom|atk|1\n|-unboost|p2b: Amoonguss|atk|1\n|turn|7\n|\n|t:|1769516037\n|move|p2b: Amoonguss|Protect|p2b: Amoonguss\n|-singleturn|p2b: Amoonguss|Protect\n|cant|p1a: Lunala|slp\n|move|p2a: Rillaboom|U-turn|p1a: Lunala\n|-damage|p1a: Lunala|95/100 slp\n|\n|t:|1769516043\n|switch|p2a: Incineroar|Incineroar, L50, F|91/100|[from] U-turn\n|-ability|p2a: Incineroar|Intimidate|boost\n|-unboost|p1a: Lunala|atk|1\n|-unboost|p1b: Incineroar|atk|1\n|move|p1b: Incineroar|U-turn|p2b: Amoonguss\n|-activate|p2b: Amoonguss|move: Protect\n|\n|-heal|p1a: Lunala|100/100 slp|[from] Grassy Terrain\n|-heal|p1b: Incineroar|65/100|[from] Grassy Terrain\n|-heal|p2a: Incineroar|97/100|[from] Grassy Terrain\n|-heal|p2b: Amoonguss|100/100|[from] Grassy Terrain\n|upkeep\n|turn|8\n|\n|t:|1769516060\n|switch|p1b: Miraidon|Miraidon, L50|100/100\n|-fieldstart|move: Electric Terrain|[from] ability: Hadron Engine|[of] p1b: Miraidon\n|-terastallize|p1a: Lunala|Fairy\n|-curestatus|p1a: Lunala|slp|[msg]\n|move|p1a: Lunala|Moongeist Beam|p2b: Amoonguss\n|-damage|p2b: Amoonguss|57/100\n|move|p2a: Incineroar|Knock Off|p1a: Lunala\n|-resisted|p1a: Lunala\n|-damage|p1a: Lunala|96/100\n|move|p2b: Amoonguss|Spore|p1a: Lunala\n|-activate|p1a: Lunala|move: Electric Terrain\n|\n|upkeep\n|turn|9\n|\n|t:|1769516086\n|move|p2b: Amoonguss|Protect|p2b: Amoonguss\n|-singleturn|p2b: Amoonguss|Protect\n|move|p1b: Miraidon|Volt Switch|p2a: Incineroar\n|-damage|p2a: Incineroar|13/100\n|-damage|p1b: Miraidon|91/100|[from] item: Life Orb\n|\n|t:|1769516091\n|switch|p1b: Incineroar|Incineroar, L50, M|65/100|[from] Volt Switch\n|-ability|p1b: Incineroar|Intimidate|boost\n|-unboost|p2a: Incineroar|atk|1\n|-unboost|p2b: Amoonguss|atk|1\n|move|p1a: Lunala|Moongeist Beam|p2a: Incineroar\n|-resisted|p2a: Incineroar\n|-damage|p2a: Incineroar|0 fnt\n|faint|p2a: Incineroar\n|\n|upkeep\n|\n|t:|1769516101\n|switch|p2a: Rillaboom|Rillaboom, L50, F|38/100\n|-fieldstart|move: Grassy Terrain|[from] ability: Grassy Surge|[of] p2a: Rillaboom\n|turn|10\n|\n|t:|1769516122\n|move|p2a: Rillaboom|Fake Out|p1b: Incineroar\n|-damage|p1b: Incineroar|52/100\n|move|p1a: Lunala|Moongeist Beam|p2a: Rillaboom\n|-damage|p2a: Rillaboom|0 fnt\n|faint|p2a: Rillaboom\n|cant|p1b: Incineroar|flinch\n|move|p2b: Amoonguss|Spore|p1a: Lunala\n|-status|p1a: Lunala|slp|[from] move: Spore\n|\n|-heal|p1a: Lunala|100/100 slp|[from] Grassy Terrain\n|-heal|p1b: Incineroar|58/100|[from] Grassy Terrain\n|-heal|p2b: Amoonguss|62/100|[from] Grassy Terrain\n|upkeep\n|\n|t:|1769516135\n|switch|p2a: Calyrex|Calyrex-Shadow, L50, tera:Ghost|23/100\n|-ability|p2a: Calyrex|As One\n|-ability|p2a: Calyrex|Unnerve\n|turn|11\n|\n|t:|1769516143\n|move|p2b: Amoonguss|Rage Powder|p2b: Amoonguss\n|-singleturn|p2b: Amoonguss|move: Rage Powder\n|move|p2a: Calyrex|Nasty Plot|p2a: Calyrex\n|-boost|p2a: Calyrex|spa|2\n|move|p1b: Incineroar|Flare Blitz|p2b: Amoonguss\n|-supereffective|p2b: Amoonguss\n|-damage|p2b: Amoonguss|0 fnt\n|faint|p2b: Amoonguss\n|-damage|p1b: Incineroar|36/100|[from] Recoil\n|cant|p1a: Lunala|slp\n|\n|-heal|p2a: Calyrex|29/100|[from] Grassy Terrain\n|-heal|p1b: Incineroar|42/100|[from] Grassy Terrain\n|upkeep\n|turn|12\n|\n|t:|1769516157\n|move|p2a: Calyrex|Astral Barrage|p1a: Lunala|[spread] p1a,p1b\n|-resisted|p1b: Incineroar\n|-damage|p1a: Lunala|49/100 slp\n|-damage|p1b: Incineroar|0 fnt\n|faint|p1b: Incineroar\n|-ability|p2a: Calyrex|Grim Neigh|boost\n|-boost|p2a: Calyrex|spa|1\n|cant|p1a: Lunala|slp\n|\n|-heal|p2a: Calyrex|36/100|[from] Grassy Terrain\n|-heal|p1a: Lunala|55/100 slp|[from] Grassy Terrain\n|upkeep\n|l| riyuezi\n|\n|t:|1769516164\n|switch|p1b: Miraidon|Miraidon, L50|91/100\n|-fieldstart|move: Electric Terrain|[from] ability: Hadron Engine|[of] p1b: Miraidon\n|turn|13\n|\n|t:|1769516170\n|-curestatus|p1a: Lunala|slp|[msg]\n|move|p1a: Lunala|Wide Guard|p1a: Lunala\n|-singleturn|p1a: Lunala|Wide Guard\n|move|p2a: Calyrex|Astral Barrage|p1a: Lunala|[spread] \n|-activate|p1a: Lunala|move: Wide Guard\n|-activate|p1b: Miraidon|move: Wide Guard\n|move|p1b: Miraidon|Electro Drift|p2a: Calyrex\n|-damage|p2a: Calyrex|0 fnt\n|faint|p2a: Calyrex\n|-damage|p1b: Miraidon|82/100|[from] item: Life Orb\n|\n|win|Fogdocker\n|raw|Fogdocker's rating: 1319 &rarr; <strong>1335</strong><br />(+16 for winning)\n|raw|vicentle6's rating: 1255 &rarr; <strong>1235</strong><br />(-20 for losing)\n|l|\u2606Fogdocker\n|player|p1|\n|j| riyuezi\n","uploadtime":1769516371,"views":16,"formatid":"gen9vgc2026regi","rating":1235,"private":0,"password":null}