{"id":"gen9vgc2026regi-2559219293","format":"[Gen 9] VGC 2026 Reg I","players":["Ikalgoat","itastelikeiron"],"log":"|j|\u2606Ikalgoat\n|j|\u2606itastelikeiron\n|t:|1773534008\n|gametype|doubles\n|player|p1|Ikalgoat|102|1158\n|player|p2|itastelikeiron|266|1181\n|gen|9\n|tier|[Gen 9] VGC 2026 Reg I\n|rated|\n|rule|Species Clause: Limit one of each Pok\u00e9mon\n|rule|Item Clause: Limit 1 of each item\n|clearpoke\n|poke|p1|Koraidon, L50|\n|poke|p1|Eternatus, L50|\n|poke|p1|Farigiraf, L50, F|\n|poke|p1|Incineroar, L50, M|\n|poke|p1|Amoonguss, L50, F|\n|poke|p1|Slither Wing, L50|\n|poke|p2|Tsareena, L50, F|\n|poke|p2|Kyogre, L50|\n|poke|p2|Grimmsnarl, L50, M|\n|poke|p2|Tornadus, L50, M|\n|poke|p2|Incineroar, L50, M|\n|poke|p2|Zacian-*, L50|\n|teampreview|4\n|inactive|Battle timer is ON: inactive players will automatically lose when time's up. (requested by Ikalgoat)\n|\n|t:|1773534038\n|teamsize|p1|4\n|teamsize|p2|4\n|start\n|switch|p1a: Slither Wing|Slither Wing, L50, shiny|100/100\n|switch|p1b: Koraidon|Koraidon, L50, shiny|100/100\n|switch|p2a: Incineroar|Incineroar, L50, M|100/100\n|switch|p2b: Zacian|Zacian-Crowned, L50|100/100\n|-weather|SunnyDay|[from] ability: Orichalcum Pulse|[of] p1b: Koraidon\n|-activate|p1a: Slither Wing|ability: Protosynthesis\n|-start|p1a: Slither Wing|protosynthesisatk\n|-activate|p1b: Koraidon|Orichalcum Pulse|[source]\n|-ability|p2b: Zacian|Intrepid Sword|boost\n|-boost|p2b: Zacian|atk|1\n|-ability|p2a: Incineroar|Intimidate|boost\n|-unboost|p1a: Slither Wing|atk|1\n|-unboost|p1b: Koraidon|atk|1\n|turn|1\n|\n|t:|1773534061\n|switch|p1b: Amoonguss|Amoonguss, L50, F|100/100\n|-terastallize|p2b: Zacian|Fire\n|move|p2a: Incineroar|Fake Out|p1b: Amoonguss\n|-damage|p1b: Amoonguss|88/100\n|-damage|p2a: Incineroar|84/100|[from] item: Rocky Helmet|[of] p1b: Amoonguss\n|move|p2b: Zacian|Behemoth Blade|p1a: Slither Wing\n|-damage|p1a: Slither Wing|7/100\n|-enditem|p1a: Slither Wing|Sitrus Berry|[eat]\n|-heal|p1a: Slither Wing|32/100|[from] item: Sitrus Berry\n|move|p1a: Slither Wing|Close Combat|p2a: Incineroar\n|-supereffective|p2a: Incineroar\n|-damage|p2a: Incineroar|0 fnt\n|-unboost|p1a: Slither Wing|def|1\n|-unboost|p1a: Slither Wing|spd|1\n|faint|p2a: Incineroar\n|\n|-weather|SunnyDay|[upkeep]\n|upkeep\n|\n|t:|1773534075\n|switch|p2a: Tornadus|Tornadus, L50, M|100/100\n|turn|2\n|inactive|itastelikeiron has 30 seconds left.\n|\n|t:|1773534104\n|-end|p1a: Slither Wing|Protosynthesis|[silent]\n|switch|p1a: Eternatus|Eternatus, L50|100/100\n|-ability|p1a: Eternatus|Pressure\n|-terastallize|p1b: Amoonguss|Dark\n|move|p2b: Zacian|Behemoth Blade|p1b: Amoonguss\n|-damage|p1b: Amoonguss|0 fnt\n|-damage|p2b: Zacian|84/100|[from] item: Rocky Helmet|[of] p1b: Amoonguss\n|faint|p1b: Amoonguss\n|move|p2a: Tornadus|Hurricane|p1a: Eternatus|[miss]\n|-miss|p2a: Tornadus|p1a: Eternatus\n|\n|-weather|SunnyDay|[upkeep]\n|upkeep\n|\n|t:|1773534122\n|switch|p1b: Koraidon|Koraidon, L50, shiny|100/100\n|-activate|p1b: Koraidon|ability: Orichalcum Pulse\n|turn|3\n|\n|t:|1773534132\n|move|p2a: Tornadus|Rain Dance|p2a: Tornadus\n|-weather|RainDance\n|move|p1b: Koraidon|Close Combat|p2b: Zacian\n|-damage|p2b: Zacian|24/100\n|-unboost|p1b: Koraidon|def|1\n|-unboost|p1b: Koraidon|spd|1\n|move|p2b: Zacian|Play Rough|p1b: Koraidon\n|-supereffective|p1b: Koraidon\n|-damage|p1b: Koraidon|0 fnt\n|faint|p1b: Koraidon\n|move|p1a: Eternatus|Meteor Beam||[still]\n|-prepare|p1a: Eternatus|Meteor Beam\n|-boost|p1a: Eternatus|spa|1\n|-enditem|p1a: Eternatus|Power Herb\n|-anim|p1a: Eternatus|Meteor Beam|p2a: Tornadus|[miss]\n|-miss|p1a: Eternatus|p2a: Tornadus\n|\n|-weather|RainDance|[upkeep]\n|upkeep\n|\n|t:|1773534146\n|switch|p1b: Slither Wing|Slither Wing, L50, shiny|32/100\n|turn|4\n|\n|t:|1773534154\n|move|p2a: Tornadus|Protect|p2a: Tornadus\n|-singleturn|p2a: Tornadus|Protect\n|move|p2b: Zacian|Protect|p2b: Zacian\n|-singleturn|p2b: Zacian|Protect\n|move|p1b: Slither Wing|First Impression|p2b: Zacian\n|-activate|p2b: Zacian|move: Protect\n|move|p1a: Eternatus|Dynamax Cannon|p2a: Tornadus\n|-activate|p2a: Tornadus|move: Protect\n|\n|-weather|RainDance|[upkeep]\n|upkeep\n|turn|5\n|\n|t:|1773534168\n|move|p2b: Zacian|Behemoth Blade|p1a: Eternatus\n|-damage|p1a: Eternatus|41/100\n|move|p2a: Tornadus|Hurricane|p1b: Slither Wing\n|-supereffective|p1b: Slither Wing\n|-damage|p1b: Slither Wing|0 fnt\n|faint|p1b: Slither Wing\n|-end|p1b: Slither Wing|Protosynthesis|[silent]\n|move|p1a: Eternatus|Dynamax Cannon|p2b: Zacian\n|-damage|p2b: Zacian|0 fnt\n|faint|p2b: Zacian\n|\n|-weather|RainDance|[upkeep]\n|upkeep\n|\n|t:|1773534173\n|switch|p2b: Kyogre|Kyogre, L50|100/100\n|turn|6\n|-message|Ikalgoat forfeited.\n|\n|win|itastelikeiron\n|raw|Ikalgoat's rating: 1158 &rarr; <strong>1135</strong><br />(-23 for losing)\n|raw|itastelikeiron's rating: 1181 &rarr; <strong>1204</strong><br />(+23 for winning)\n|l|\u2606Ikalgoat\n|player|p1|\n|l|\u2606itastelikeiron\n|player|p2|\n","uploadtime":1773534320,"views":11,"formatid":"gen9vgc2026regi","rating":1135,"private":0,"password":null}