{"id":"gen9vgc2026regi-2568551494","format":"[Gen 9] VGC 2026 Reg I","players":["0QwQ0","jerry rivera"],"log":"|j|\u26060QwQ0\n|j|\u2606jerry rivera\n|t:|1774594913\n|gametype|doubles\n|player|p1|0QwQ0|170|1379\n|player|p2|jerry rivera|silver|1399\n|gen|9\n|tier|[Gen 9] VGC 2026 Reg I\n|rated|\n|rule|Species Clause: Limit one of each Pok\u00e9mon\n|rule|Item Clause: Limit 1 of each item\n|clearpoke\n|poke|p1|Clefairy, L50, F|\n|poke|p1|Calyrex-Shadow, L50|\n|poke|p1|Zamazenta-*, L50|\n|poke|p1|Landorus-Therian, L50, M|\n|poke|p1|Tornadus, L50, M|\n|poke|p1|Rillaboom, L50, F|\n|poke|p2|Kyogre, L50|\n|poke|p2|Zacian-*, L50|\n|poke|p2|Tornadus, L50, M|\n|poke|p2|Amoonguss, L50, F|\n|poke|p2|Chien-Pao, L50|\n|poke|p2|Urshifu-*, L50, M|\n|teampreview|4\n|\n|t:|1774594934\n|teamsize|p1|4\n|teamsize|p2|4\n|start\n|switch|p1a: Rillaboom|Rillaboom, L50, F|100/100\n|switch|p1b: Tornadus|Tornadus, L50, M|100/100\n|switch|p2a: Tornadus|Tornadus, L50, M|100/100\n|switch|p2b: Amoonguss|Amoonguss, L50, F|100/100\n|-fieldstart|move: Grassy Terrain|[from] ability: Grassy Surge|[of] p1a: Rillaboom\n|turn|1\n|\n|t:|1774594947\n|move|p1a: Rillaboom|Fake Out|p2a: Tornadus\n|-damage|p2a: Tornadus|79/100\n|move|p1b: Tornadus|Taunt|p2b: Amoonguss\n|-start|p2b: Amoonguss|move: Taunt\n|cant|p2a: Tornadus|flinch\n|cant|p2b: Amoonguss|move: Taunt|Spore\n|\n|upkeep\n|turn|2\n|\n|t:|1774594963\n|switch|p1a: Zamazenta|Zamazenta-Crowned, L50|100/100\n|-ability|p1a: Zamazenta|Dauntless Shield|boost\n|-boost|p1a: Zamazenta|def|1\n|move|p2a: Tornadus|Bleakwind Storm|p1b: Tornadus|[spread] p1a,p1b\n|-damage|p1a: Zamazenta|73/100\n|-damage|p1b: Tornadus|65/100\n|move|p1b: Tornadus|Bleakwind Storm|p2a: Tornadus|[spread] p2a,p2b\n|-supereffective|p2b: Amoonguss\n|-damage|p2a: Tornadus|37/100\n|-damage|p2b: Amoonguss|46/100\n|move|p2b: Amoonguss|Pollen Puff|p1a: Zamazenta\n|-resisted|p1a: Zamazenta\n|-damage|p1a: Zamazenta|70/100\n|\n|-heal|p1a: Zamazenta|76/100|[from] Grassy Terrain\n|-heal|p2b: Amoonguss|52/100|[from] Grassy Terrain\n|upkeep\n|turn|3\n|\n|t:|1774594985\n|switch|p2b: Zacian|Zacian-Crowned, L50|100/100\n|-ability|p2b: Zacian|Intrepid Sword|boost\n|-boost|p2b: Zacian|atk|1\n|move|p2a: Tornadus|Tailwind|p2a: Tornadus\n|-sidestart|p2: jerry rivera|move: Tailwind\n|move|p1b: Tornadus|Tailwind|p1b: Tornadus\n|-sidestart|p1: 0QwQ0|move: Tailwind\n|move|p1a: Zamazenta|Body Press|p2a: Tornadus\n|-resisted|p2a: Tornadus\n|-damage|p2a: Tornadus|0 fnt\n|faint|p2a: Tornadus\n|\n|-heal|p1a: Zamazenta|82/100|[from] Grassy Terrain\n|upkeep\n|\n|t:|1774595003\n|switch|p2a: Kyogre|Kyogre, L50|100/100\n|-weather|RainDance|[from] ability: Drizzle|[of] p2a: Kyogre\n|turn|4\n|\n|t:|1774595026\n|switch|p2a: Amoonguss|Amoonguss, L50, F|85/100\n|switch|p1b: Rillaboom|Rillaboom, L50, F|100/100\n|move|p2b: Zacian|Behemoth Blade|p1b: Rillaboom\n|-damage|p1b: Rillaboom|16/100\n|move|p1a: Zamazenta|Body Press|p2a: Amoonguss\n|-resisted|p2a: Amoonguss\n|-damage|p2a: Amoonguss|60/100\n|-damage|p1a: Zamazenta|66/100|[from] item: Rocky Helmet|[of] p2a: Amoonguss\n|\n|-weather|RainDance|[upkeep]\n|-heal|p1a: Zamazenta|72/100|[from] Grassy Terrain\n|-heal|p1b: Rillaboom|22/100|[from] Grassy Terrain\n|-heal|p2a: Amoonguss|66/100|[from] Grassy Terrain\n|upkeep\n|turn|5\n|\n|t:|1774595047\n|move|p1b: Rillaboom|Fake Out|p2a: Amoonguss\n|-damage|p2a: Amoonguss|57/100\n|-damage|p1b: Rillaboom|6/100|[from] item: Rocky Helmet|[of] p2a: Amoonguss\n|move|p2b: Zacian|Behemoth Blade|p1b: Rillaboom\n|-damage|p1b: Rillaboom|0 fnt\n|faint|p1b: Rillaboom\n|move|p1a: Zamazenta|Body Press|p2b: Zacian\n|-damage|p2b: Zacian|46/100\n|cant|p2a: Amoonguss|flinch\n|\n|-weather|RainDance|[upkeep]\n|-heal|p2b: Zacian|52/100|[from] Grassy Terrain\n|-heal|p1a: Zamazenta|78/100|[from] Grassy Terrain\n|-heal|p2a: Amoonguss|63/100|[from] Grassy Terrain\n|-fieldend|move: Grassy Terrain\n|upkeep\n|\n|t:|1774595063\n|switch|p1b: Calyrex|Calyrex-Shadow, L50|100/100\n|-ability|p1b: Calyrex|As One\n|-ability|p1b: Calyrex|Unnerve\n|turn|6\n|\n|t:|1774595076\n|-terastallize|p2a: Amoonguss|Water\n|move|p1b: Calyrex|Psychic|p2a: Amoonguss\n|-damage|p2a: Amoonguss|0 fnt\n|faint|p2a: Amoonguss\n|-ability|p1b: Calyrex|Grim Neigh|boost\n|-boost|p1b: Calyrex|spa|1\n|-damage|p1b: Calyrex|91/100|[from] item: Life Orb\n|move|p2b: Zacian|Behemoth Blade|p1b: Calyrex\n|-damage|p1b: Calyrex|0 fnt\n|faint|p1b: Calyrex\n|move|p1a: Zamazenta|Body Press|p2b: Zacian\n|-damage|p2b: Zacian|0 fnt\n|faint|p2b: Zacian\n|\n|-weather|RainDance|[upkeep]\n|-sideend|p1: 0QwQ0|move: Tailwind\n|-sideend|p2: jerry rivera|move: Tailwind\n|upkeep\n|\n|t:|1774595092\n|switch|p1b: Tornadus|Tornadus, L50, M|65/100\n|switch|p2b: Kyogre|Kyogre, L50|100/100\n|turn|7\n|\n|t:|1774595102\n|-terastallize|p1a: Zamazenta|Dragon\n|move|p1b: Tornadus|Tailwind|p1b: Tornadus\n|-sidestart|p1: 0QwQ0|move: Tailwind\n|move|p1a: Zamazenta|Body Press|p2b: Kyogre\n|-damage|p2b: Kyogre|22/100\n|move|p2b: Kyogre|Origin Pulse|p1a: Zamazenta|[spread] p1b\n|-miss|p2b: Kyogre|p1a: Zamazenta\n|-damage|p1b: Tornadus|0 fnt\n|faint|p1b: Tornadus\n|\n|-weather|RainDance|[upkeep]\n|upkeep\n|turn|8\n|\n|t:|1774595114\n|move|p2b: Kyogre|Protect|p2b: Kyogre\n|-singleturn|p2b: Kyogre|Protect\n|move|p1a: Zamazenta|Body Press|p2b: Kyogre\n|-activate|p2b: Kyogre|move: Protect\n|\n|-weather|none\n|upkeep\n|turn|9\n|\n|t:|1774595125\n|move|p2b: Kyogre|Protect||[still]\n|-fail|p2b: Kyogre\n|move|p1a: Zamazenta|Body Press|p2b: Kyogre\n|-damage|p2b: Kyogre|0 fnt\n|faint|p2b: Kyogre\n|\n|win|0QwQ0\n|raw|0QwQ0's rating: 1379 &rarr; <strong>1400</strong><br />(+21 for winning)\n|raw|jerry rivera's rating: 1399 &rarr; <strong>1378</strong><br />(-21 for losing)\n|l|\u2606jerry rivera\n|player|p2|\n|l|\u26060QwQ0\n|player|p1|\n","uploadtime":1774595391,"views":11,"formatid":"gen9vgc2026regi","rating":1378,"private":0,"password":null}