{"id":"gen9vgc2026regi-2573500292","format":"[Gen 9] VGC 2026 Reg I","players":["meemowww","benniovyalt"],"log":"|j|\u2606meemowww\n|j|\u2606benniovyalt\n|t:|1775142002\n|gametype|doubles\n|player|p1|meemowww|backersf|1385\n|player|p2|benniovyalt|102|1427\n|gen|9\n|tier|[Gen 9] VGC 2026 Reg I\n|rated|\n|rule|Species Clause: Limit one of each Pok\u00e9mon\n|rule|Item Clause: Limit 1 of each item\n|clearpoke\n|poke|p1|Weezing-Galar, L50, M|\n|poke|p1|Calyrex-Shadow, L50|\n|poke|p1|Koraidon, L50|\n|poke|p1|Brute Bonnet, L50|\n|poke|p1|Walking Wake, L50|\n|poke|p1|Chi-Yu, L50|\n|poke|p2|Calyrex-Shadow, L50|\n|poke|p2|Zamazenta-*, L50|\n|poke|p2|Incineroar, L50, F|\n|poke|p2|Rillaboom, L50, M|\n|poke|p2|Ogerpon-Cornerstone, L50, F|\n|poke|p2|Tornadus, L50, M|\n|teampreview|4\nbenniovyalt has agreed to open team sheets.\n|inactive|Battle timer is ON: inactive players will automatically lose when time's up. (requested by meemowww)\n|c|\u2606benniovyalt|oh man\n|c|\u2606benniovyalt|i havent seen this in so long\n|\n|t:|1775142037\n|teamsize|p1|4\n|teamsize|p2|4\n|start\n|switch|p1a: Weezing|Weezing-Galar, L50, M|100/100\n|switch|p1b: Koraidon|Koraidon, L50|100/100\n|switch|p2a: Calyrex|Calyrex-Shadow, L50|100/100\n|switch|p2b: Incineroar|Incineroar, L50, F|100/100\n|-ability|p1a: Weezing|Neutralizing Gas\n|-block|p1b: Koraidon|item: Ability Shield\n|-ability|p2a: Calyrex|As One\n|-ability|p2a: Calyrex|Unnerve\n|-weather|SunnyDay|[from] ability: Orichalcum Pulse|[of] p1b: Koraidon\n|-activate|p1b: Koraidon|Orichalcum Pulse|[source]\n|turn|1\n|\n|t:|1775142056\n|move|p1b: Koraidon|Protect|p1b: Koraidon\n|-singleturn|p1b: Koraidon|Protect\n|move|p2b: Incineroar|Fake Out|p1b: Koraidon\n|-activate|p1b: Koraidon|move: Protect\n|move|p2a: Calyrex|Nasty Plot|p2a: Calyrex\n|-boost|p2a: Calyrex|spa|2\n|move|p1a: Weezing|Poison Gas|p2a: Calyrex|[spread] p2b\n|-miss|p1a: Weezing|p2a: Calyrex\n|-status|p2b: Incineroar|psn\n|\n|-weather|SunnyDay|[upkeep]\n|-damage|p2b: Incineroar|88/100 psn|[from] psn\n|upkeep\n|turn|2\n|\n|t:|1775142078\n|switch|p2b: Zamazenta|Zamazenta-Crowned, L50|100/100\n|move|p2a: Calyrex|Astral Barrage|p1b: Koraidon|[spread] p1a,p1b\n|-damage|p1a: Weezing|0 fnt\n|-damage|p1b: Koraidon|1/100\n|faint|p1a: Weezing\n|-end|p1a: Weezing|ability: Neutralizing Gas\n|-ability|p2b: Zamazenta|Dauntless Shield|boost\n|-boost|p2b: Zamazenta|def|1\n|-ability|p2a: Calyrex|Grim Neigh|boost\n|-boost|p2a: Calyrex|spa|1\n|move|p1b: Koraidon|Collision Course|p2b: Zamazenta\n|-supereffective|p2b: Zamazenta\n|-damage|p2b: Zamazenta|29/100\n|\n|-weather|SunnyDay|[upkeep]\n|upkeep\n|c|\u2606benniovyalt|i forgot to tera ghost\n|inactive|meemowww has 30 seconds left.\n|\n|t:|1775142103\n|switch|p1a: Calyrex|Calyrex-Shadow, L50|100/100\n|-ability|p1a: Calyrex|As One\n|-ability|p1a: Calyrex|Unnerve\n|turn|3\n|inactive|meemowww has 30 seconds left.\n|\n|t:|1775142133\n|move|p1a: Calyrex|Protect|p1a: Calyrex\n|-singleturn|p1a: Calyrex|Protect\n|move|p2b: Zamazenta|Wide Guard|p2b: Zamazenta\n|-singleturn|p2b: Zamazenta|Wide Guard\n|move|p2a: Calyrex|Astral Barrage|p1a: Calyrex|[spread] p1b\n|-activate|p1a: Calyrex|move: Protect\n|-crit|p1b: Koraidon\n|-damage|p1b: Koraidon|0 fnt\n|faint|p1b: Koraidon\n|-ability|p2a: Calyrex|Grim Neigh|boost\n|-boost|p2a: Calyrex|spa|1\n|\n|-weather|SunnyDay|[upkeep]\n|upkeep\n|\n|t:|1775142148\n|switch|p1b: Walking Wake|Walking Wake, L50|100/100\n|-activate|p1b: Walking Wake|ability: Protosynthesis\n|-start|p1b: Walking Wake|protosynthesisspe\n|turn|4\n|inactive|meemowww has 30 seconds left.\n|\n|t:|1775142173\n|-terastallize|p1a: Calyrex|Dark\n|-terastallize|p2a: Calyrex|Ghost\n|move|p2b: Zamazenta|Wide Guard|p2b: Zamazenta\n|-singleturn|p2b: Zamazenta|Wide Guard\n|move|p1b: Walking Wake|Hydro Steam|p2a: Calyrex\n|-damage|p2a: Calyrex|39/100\n|move|p1a: Calyrex|Psychic|p2a: Calyrex\n|-damage|p2a: Calyrex|0 fnt\n|faint|p2a: Calyrex\n|-ability|p1a: Calyrex|Grim Neigh|boost\n|-boost|p1a: Calyrex|spa|1\n|\n|-weather|SunnyDay|[upkeep]\n|upkeep\n|\n|t:|1775142186\n|switch|p2a: Tornadus|Tornadus, L50, M|100/100\n|turn|5\n|c|\u2606benniovyalt|thats so rude\n|c|\u2606benniovyalt|what the heck\n|\n|t:|1775142200\n|move|p2b: Zamazenta|Protect||[still]\n|-fail|p2b: Zamazenta\n|move|p2a: Tornadus|Tailwind|p2a: Tornadus\n|-sidestart|p2: benniovyalt|move: Tailwind\n|move|p1b: Walking Wake|Hydro Steam|p2b: Zamazenta\n|-damage|p2b: Zamazenta|0 fnt\n|faint|p2b: Zamazenta\n|move|p1a: Calyrex|Psychic|p2a: Tornadus\n|-damage|p2a: Tornadus|19/100\n|\n|-weather|none\n|-end|p1b: Walking Wake|Protosynthesis\n|upkeep\n|c|\u2606benniovyalt|i forgot thats now it worked...\n|c|\u2606benniovyalt|welp\n|c|\u2606benniovyalt|i threw\n|\n|t:|1775142213\n|switch|p2b: Incineroar|Incineroar, L50, F|88/100 psn\n|-ability|p2b: Incineroar|Intimidate|boost\n|-unboost|p1a: Calyrex|atk|1\n|-unboost|p1b: Walking Wake|atk|1\n|turn|6\n|c|\u2606benniovyalt|im so ass...\n|-message|benniovyalt forfeited.\n|\n|win|meemowww\n|raw|meemowww's rating: 1385 &rarr; <strong>1407</strong><br />(+22 for winning)\n|raw|benniovyalt's rating: 1427 &rarr; <strong>1405</strong><br />(-22 for losing)\n|l|\u2606benniovyalt\n|player|p2|\n|l|\u2606meemowww\n|player|p1|\n","uploadtime":1775142462,"views":12,"formatid":"gen9vgc2026regi","rating":1405,"private":0,"password":null}