{"id":"gen9vgc2026regi-2555244069","format":"[Gen 9] VGC 2026 Reg I","players":["Schimmli","kojimuranishi"],"log":"|j|\u2606Schimmli\n|j|\u2606kojimuranishi\n|t:|1773072092\n|gametype|doubles\n|player|p1|Schimmli|265|1479\n|player|p2|kojimuranishi|1|1566\n|gen|9\n|tier|[Gen 9] VGC 2026 Reg I\n|rated|\n|rule|Species Clause: Limit one of each Pok\u00e9mon\n|rule|Item Clause: Limit 1 of each item\n|clearpoke\n|poke|p1|Terapagos, L50, M|\n|poke|p1|Calyrex-Shadow, L50|\n|poke|p1|Flutter Mane, L50|\n|poke|p1|Ogerpon-Cornerstone, L50, F|\n|poke|p1|Incineroar, L50, M|\n|poke|p1|Rillaboom, L50, M|\n|poke|p2|Flutter Mane, L50|\n|poke|p2|Koraidon, L50|\n|poke|p2|Chi-Yu, L50|\n|poke|p2|Lunala, L50|\n|poke|p2|Ursaluna, L50, F|\n|poke|p2|Brute Bonnet, L50|\n|teampreview|4\n|inactive|Battle timer is ON: inactive players will automatically lose when time's up. (requested by kojimuranishi)\n|inactive|kojimuranishi has 60 seconds left.\n|inactive|kojimuranishi has 30 seconds left.\n|\n|t:|1773072159\n|teamsize|p1|4\n|teamsize|p2|4\n|start\n|switch|p1a: Terapagos|Terapagos, L50, M|100/100\n|switch|p1b: Incineroar|Incineroar, L50, M, shiny|100/100\n|switch|p2a: Lunala|Lunala, L50|100/100\n|switch|p2b: Koraidon|Koraidon, L50|100/100\n|-activate|p1a: Terapagos|ability: Tera Shift\n|detailschange|p1a: Terapagos|Terapagos-Terastal, L50, M\n|-heal|p1a: Terapagos|100/100|[silent]\n|-weather|SunnyDay|[from] ability: Orichalcum Pulse|[of] p2b: Koraidon\n|-activate|p2b: Koraidon|Orichalcum Pulse|[source]\n|-ability|p1b: Incineroar|Intimidate|boost\n|-unboost|p2a: Lunala|atk|1\n|-unboost|p2b: Koraidon|atk|1\n|turn|1\n|inactive|Schimmli has 30 seconds left.\n|inactive|Schimmli has 20 seconds left.\n|\n|t:|1773072195\n|switch|p2b: Brute Bonnet|Brute Bonnet, L50|100/100\n|-activate|p2b: Brute Bonnet|ability: Protosynthesis\n|-start|p2b: Brute Bonnet|protosynthesisdef\n|switch|p1b: Rillaboom|Rillaboom, L50, M|100/100\n|-fieldstart|move: Grassy Terrain|[from] ability: Grassy Surge|[of] p1b: Rillaboom\n|move|p2a: Lunala|Meteor Beam||[still]\n|-prepare|p2a: Lunala|Meteor Beam\n|-boost|p2a: Lunala|spa|1\n|-enditem|p2a: Lunala|Power Herb\n|-anim|p2a: Lunala|Meteor Beam|p1b: Rillaboom|[miss]\n|-miss|p2a: Lunala|p1b: Rillaboom\n|move|p1a: Terapagos|Calm Mind|p1a: Terapagos\n|-boost|p1a: Terapagos|spa|1\n|-boost|p1a: Terapagos|spd|1\n|\n|-weather|SunnyDay|[upkeep]\n|upkeep\n|turn|2\n|\n|t:|1773072220\n|move|p1b: Rillaboom|Fake Out|p2b: Brute Bonnet\n|-damage|p2b: Brute Bonnet|94/100\n|move|p2a: Lunala|Moongeist Beam|p1b: Rillaboom\n|-damage|p1b: Rillaboom|43/100\n|move|p1a: Terapagos|Tera Starstorm|p2b: Brute Bonnet\n|-damage|p2b: Brute Bonnet|39/100\n|-enditem|p2b: Brute Bonnet|Sitrus Berry|[eat]\n|-heal|p2b: Brute Bonnet|63/100|[from] item: Sitrus Berry\n|cant|p2b: Brute Bonnet|flinch\n|\n|-weather|SunnyDay|[upkeep]\n|-heal|p1b: Rillaboom|48/100|[from] Grassy Terrain\n|-heal|p2b: Brute Bonnet|69/100|[from] Grassy Terrain\n|upkeep\n|turn|3\n|\n|t:|1773072238\n|move|p1a: Terapagos|Protect|p1a: Terapagos\n|-singleturn|p1a: Terapagos|Protect\n|move|p2a: Lunala|Moongeist Beam|p1b: Rillaboom\n|-damage|p1b: Rillaboom|0 fnt\n|faint|p1b: Rillaboom\n|move|p2b: Brute Bonnet|Spore|p1a: Terapagos\n|-activate|p1a: Terapagos|move: Protect\n|\n|-weather|SunnyDay|[upkeep]\n|-heal|p2b: Brute Bonnet|75/100|[from] Grassy Terrain\n|upkeep\n|\n|t:|1773072253\n|switch|p1b: Incineroar|Incineroar, L50, M, shiny|100/100\n|-ability|p1b: Incineroar|Intimidate|boost\n|-unboost|p2a: Lunala|atk|1\n|-unboost|p2b: Brute Bonnet|atk|1\n|turn|4\n|inactive|kojimuranishi has 30 seconds left.\n|\n|t:|1773072285\n|switch|p2a: Koraidon|Koraidon, L50|100/100\n|-activate|p2a: Koraidon|ability: Orichalcum Pulse\n|move|p1b: Incineroar|Fake Out|p2b: Brute Bonnet\n|-damage|p2b: Brute Bonnet|69/100\n|move|p1a: Terapagos|Calm Mind|p1a: Terapagos\n|-boost|p1a: Terapagos|spa|1\n|-boost|p1a: Terapagos|spd|1\n|cant|p2b: Brute Bonnet|flinch\n|\n|-weather|SunnyDay|[upkeep]\n|-heal|p2b: Brute Bonnet|75/100|[from] Grassy Terrain\n|upkeep\n|turn|5\n|inactive|Schimmli has 30 seconds left.\n|inactive|Schimmli has 20 seconds left.\n|\n|t:|1773072323\n|-terastallize|p1a: Terapagos|Stellar\n|detailschange|p1a: Terapagos|Terapagos-Stellar, L50, M, tera:Stellar\n|-heal|p1a: Terapagos|100/100|[silent]\n|-ability|p1a: Terapagos|Teraform Zero\n|-weather|none\n|-end|p2b: Brute Bonnet|Protosynthesis\n|-fieldend|move: Grassy Terrain\n|move|p2a: Koraidon|Protect|p2a: Koraidon\n|-singleturn|p2a: Koraidon|Protect\n|move|p1a: Terapagos|Tera Starstorm|p2b: Brute Bonnet|[spread] p2b\n|-activate|p2a: Koraidon|move: Protect\n|-damage|p2b: Brute Bonnet|29/100\n|move|p1b: Incineroar|Parting Shot|p2a: Koraidon\n|-activate|p2a: Koraidon|move: Protect\n|move|p2b: Brute Bonnet|Spore|p1a: Terapagos\n|-status|p1a: Terapagos|slp|[from] move: Spore\n|\n|upkeep\n|turn|6\n|inactive|kojimuranishi has 30 seconds left.\n|\n|t:|1773072352\n|move|p2a: Koraidon|Close Combat|p1a: Terapagos\n|-supereffective|p1a: Terapagos\n|-damage|p1a: Terapagos|16/100 slp\n|-unboost|p2a: Koraidon|def|1\n|-unboost|p2a: Koraidon|spd|1\n|-damage|p2a: Koraidon|91/100|[from] item: Life Orb\n|cant|p1a: Terapagos|slp\n|move|p1b: Incineroar|Will-O-Wisp|p2a: Koraidon\n|-status|p2a: Koraidon|brn\n|move|p2b: Brute Bonnet|Spore|p1b: Incineroar\n|-status|p1b: Incineroar|slp|[from] move: Spore\n|\n|-heal|p1a: Terapagos|22/100 slp|[from] item: Leftovers\n|-damage|p2a: Koraidon|85/100 brn|[from] brn\n|upkeep\n|turn|7\n|\n|t:|1773072373\n|switch|p1b: Flutter Mane|Flutter Mane, L50|100/100\n|-enditem|p1b: Flutter Mane|Booster Energy\n|-activate|p1b: Flutter Mane|ability: Protosynthesis|[fromitem]\n|-start|p1b: Flutter Mane|protosynthesisspe\n|-curestatus|p1a: Terapagos|slp|[msg]\n|move|p1a: Terapagos|Protect|p1a: Terapagos\n|-singleturn|p1a: Terapagos|Protect\n|move|p2a: Koraidon|Close Combat|p1b: Flutter Mane\n|-immune|p1b: Flutter Mane\n|move|p2b: Brute Bonnet|Seed Bomb|p1a: Terapagos\n|-activate|p1a: Terapagos|move: Protect\n|\n|-heal|p1a: Terapagos|28/100|[from] item: Leftovers\n|-damage|p2a: Koraidon|78/100 brn|[from] brn\n|upkeep\n|turn|8\n|inactive|Schimmli has 30 seconds left.\n|inactive|kojimuranishi has 30 seconds left.\n|\n|t:|1773072401\n|-terastallize|p2a: Koraidon|Fire\n|move|p1b: Flutter Mane|Moonblast|p2a: Koraidon\n|-resisted|p2a: Koraidon\n|-damage|p2a: Koraidon|48/100 brn\n|move|p2a: Koraidon|Close Combat|p1a: Terapagos\n|-supereffective|p1a: Terapagos\n|-damage|p1a: Terapagos|0 fnt\n|-unboost|p2a: Koraidon|def|1\n|-unboost|p2a: Koraidon|spd|1\n|faint|p1a: Terapagos\n|detailschange|p1: Terapagos|Terapagos, L50, M|[silent]\n|-damage|p2a: Koraidon|39/100 brn|[from] item: Life Orb\n|move|p2b: Brute Bonnet|Spore|p1b: Flutter Mane\n|-status|p1b: Flutter Mane|slp|[from] move: Spore\n|\n|-damage|p2a: Koraidon|32/100 brn|[from] brn\n|upkeep\n|\n|t:|1773072416\n|switch|p1a: Incineroar|Incineroar, L50, M, shiny|100/100 slp\n|-ability|p1a: Incineroar|Intimidate|boost\n|-unboost|p2a: Koraidon|atk|1\n|-unboost|p2b: Brute Bonnet|atk|1\n|turn|9\n|\n|t:|1773072426\n|cant|p1a: Incineroar|slp\n|cant|p1b: Flutter Mane|slp\n|move|p2a: Koraidon|Flare Blitz|p1b: Flutter Mane\n|-damage|p1b: Flutter Mane|59/100 slp\n|-damage|p2a: Koraidon|20/100 brn|[from] Recoil\n|-damage|p2a: Koraidon|10/100 brn|[from] item: Life Orb\n|move|p2b: Brute Bonnet|Seed Bomb|p1b: Flutter Mane\n|-damage|p1b: Flutter Mane|34/100 slp\n|\n|-damage|p2a: Koraidon|4/100 brn|[from] brn\n|upkeep\n|turn|10\n|inactive|kojimuranishi has 30 seconds left.\n|\n|t:|1773072457\n|-curestatus|p1b: Flutter Mane|slp|[msg]\n|move|p1b: Flutter Mane|Protect|p1b: Flutter Mane\n|-singleturn|p1b: Flutter Mane|Protect\n|move|p2b: Brute Bonnet|Sucker Punch||[still]\n|-fail|p2b: Brute Bonnet\n|move|p2a: Koraidon|Flare Blitz|p1b: Flutter Mane\n|-activate|p1b: Flutter Mane|move: Protect\n|cant|p1a: Incineroar|slp\n|\n|-damage|p2a: Koraidon|0 fnt|[from] brn\n|faint|p2a: Koraidon\n|upkeep\n|inactive|kojimuranishi has 30 seconds left.\n|\n|t:|1773072490\n|switch|p2a: Chi-Yu|Chi-Yu, L50|100/100\n|-ability|p2a: Chi-Yu|Beads of Ruin\n|turn|11\n|\n|t:|1773072499\n|move|p2b: Brute Bonnet|Sucker Punch|p1b: Flutter Mane\n|-damage|p1b: Flutter Mane|12/100\n|move|p1b: Flutter Mane|Moonblast|p2b: Brute Bonnet\n|-supereffective|p2b: Brute Bonnet\n|-damage|p2b: Brute Bonnet|0 fnt\n|faint|p2b: Brute Bonnet\n|-end|p2b: Brute Bonnet|Protosynthesis|[silent]\n|move|p2a: Chi-Yu|Heat Wave|p1b: Flutter Mane|[spread] p1a,p1b\n|-resisted|p1a: Incineroar\n|-damage|p1a: Incineroar|77/100 slp\n|-damage|p1b: Flutter Mane|0 fnt\n|faint|p1b: Flutter Mane\n|-end|p1b: Flutter Mane|Protosynthesis|[silent]\n|cant|p1a: Incineroar|slp\n|\n|upkeep\n|-message|Schimmli forfeited.\n|\n|win|kojimuranishi\n|raw|Schimmli's rating: 1479 &rarr; <strong>1464</strong><br />(-15 for losing)\n|raw|kojimuranishi's rating: 1566 &rarr; <strong>1581</strong><br />(+15 for winning)\n|l|\u2606Schimmli\n|player|p1|\n|l|\u2606kojimuranishi\n|player|p2|\n","uploadtime":1773072704,"views":20,"formatid":"gen9vgc2026regi","rating":1464,"private":0,"password":null}