{"id":"gen9vgc2026regi-2573790897","format":"[Gen 9] VGC 2026 Reg I","players":["WilliamguidiVGC","1VLTSQ Joker"],"log":"|raw|<div class=\"broadcast-blue\"><strong>This battle is required to be public due to a player having a name starting with '1vltsq'.</div>\n|j|\u2606WilliamguidiVGC\n|j|\u26061VLTSQ Joker\n|t:|1775165269\n|gametype|doubles\n|player|p1|WilliamguidiVGC|2|1427\n|player|p2|1VLTSQ Joker|blue|1540\n|gen|9\n|tier|[Gen 9] VGC 2026 Reg I\n|rated|\n|rule|Species Clause: Limit one of each Pok\u00e9mon\n|rule|Item Clause: Limit 1 of each item\n|clearpoke\n|poke|p1|Calyrex-Shadow, L50|\n|poke|p1|Smeargle, L50, F|\n|poke|p1|Raging Bolt, L50|\n|poke|p1|Rillaboom, L50, M|\n|poke|p1|Tornadus, L50, M|\n|poke|p1|Zamazenta-*, L50|\n|poke|p2|Calyrex-Ice, L50|\n|poke|p2|Smeargle, L50, M|\n|poke|p2|Kyogre, L50|\n|poke|p2|Maushold, L50|\n|poke|p2|Volcarona, L50, F|\n|poke|p2|Pawmot, L50, F|\n|teampreview|4\n|inactive|Battle timer is ON: inactive players will automatically lose when time's up. (requested by WilliamguidiVGC)\n|inactive|WilliamguidiVGC has 60 seconds left.\n|\n|t:|1775165303\n|teamsize|p1|4\n|teamsize|p2|4\n|start\n|switch|p1a: Smeargle|Smeargle, L50, F|100/100\n|switch|p1b: Calyrex|Calyrex-Shadow, L50|100/100\n|switch|p2a: Calyrex|Calyrex-Ice, L50|100/100\n|switch|p2b: Smeargle|Smeargle, L50, M|100/100\n|-ability|p1b: Calyrex|As One\n|-ability|p1b: Calyrex|Unnerve\n|-ability|p2a: Calyrex|As One\n|-ability|p2a: Calyrex|Unnerve\n|turn|1\n|inactive|1VLTSQ Joker has 30 seconds left.\n|\n|t:|1775165333\n|-terastallize|p2a: Calyrex|Grass\n|move|p1a: Smeargle|Fake Out|p2b: Smeargle\n|-damage|p2b: Smeargle|91/100\n|cant|p2b: Smeargle|flinch\n|move|p1b: Calyrex|Psychic|p2b: Smeargle\n|-damage|p2b: Smeargle|0 fnt\n|faint|p2b: Smeargle\n|-ability|p1b: Calyrex|Grim Neigh|boost\n|-boost|p1b: Calyrex|spa|1\n|-damage|p1b: Calyrex|91/100|[from] item: Life Orb\n|move|p2a: Calyrex|Glacial Lance|p1a: Smeargle|[spread] p1a,p1b\n|-enditem|p1a: Smeargle|Focus Sash\n|-damage|p1a: Smeargle|1/100\n|-damage|p1b: Calyrex|34/100\n|\n|-ability|p1a: Smeargle|Moody|boost\n|-boost|p1a: Smeargle|def|2\n|-unboost|p1a: Smeargle|spa|1\n|upkeep\n|\n|t:|1775165342\n|switch|p2b: Kyogre|Kyogre, L50|100/100\n|-weather|RainDance|[from] ability: Drizzle|[of] p2b: Kyogre\n|turn|2\n|\n|t:|1775165365\n|move|p1a: Smeargle|Helping Hand|p1b: Calyrex\n|-singleturn|p1b: Calyrex|Helping Hand|[of] p1a: Smeargle\n|move|p2b: Kyogre|Water Spout|p1b: Calyrex|[spread] p1a,p1b\n|-damage|p1a: Smeargle|0 fnt\n|-damage|p1b: Calyrex|0 fnt\n|faint|p1a: Smeargle\n|faint|p1b: Calyrex\n|move|p2a: Calyrex|Crunch|p1: Smeargle|[notarget]\n|-fail|p2a: Calyrex\n|\n|-weather|RainDance|[upkeep]\n|upkeep\n|\n|t:|1775165371\n|switch|p1b: Raging Bolt|Raging Bolt, L50|100/100\n|switch|p1a: Zamazenta|Zamazenta-Crowned, L50|100/100\n|-ability|p1a: Zamazenta|Dauntless Shield|boost\n|-boost|p1a: Zamazenta|def|1\n|-enditem|p1b: Raging Bolt|Booster Energy\n|-activate|p1b: Raging Bolt|ability: Protosynthesis|[fromitem]\n|-start|p1b: Raging Bolt|protosynthesisspa\n|turn|3\n|inactive|WilliamguidiVGC has 30 seconds left.\n|\n|t:|1775165404\n|switch|p2b: Pawmot|Pawmot, L50, F|100/100\n|-terastallize|p1b: Raging Bolt|Electric\n|move|p1a: Zamazenta|Body Press|p2a: Calyrex\n|-damage|p2a: Calyrex|58/100\n|move|p1b: Raging Bolt|Draco Meteor|p2a: Calyrex\n|-damage|p2a: Calyrex|12/100\n|-unboost|p1b: Raging Bolt|spa|2\n|move|p2a: Calyrex|Glacial Lance|p1a: Zamazenta|[spread] p1a,p1b\n|-resisted|p1a: Zamazenta\n|-damage|p1a: Zamazenta|90/100\n|-damage|p1b: Raging Bolt|55/100\n|\n|-weather|RainDance|[upkeep]\n|upkeep\n|turn|4\n|inactive|WilliamguidiVGC has 30 seconds left.\n|inactive|1VLTSQ Joker has 30 seconds left.\n|inactive|1VLTSQ Joker has 20 seconds left.\n|\n|t:|1775165440\n|move|p2b: Pawmot|Nuzzle|p1a: Zamazenta\n|-damage|p1a: Zamazenta|87/100\n|-status|p1a: Zamazenta|par\n|move|p1b: Raging Bolt|Draco Meteor|p2a: Calyrex\n|-damage|p2a: Calyrex|0 fnt\n|-unboost|p1b: Raging Bolt|spa|2\n|faint|p2a: Calyrex\n|move|p1a: Zamazenta|Body Press|p2b: Pawmot\n|-damage|p2b: Pawmot|8/100\n|\n|-weather|RainDance|[upkeep]\n|upkeep\n|\n|t:|1775165447\n|switch|p2a: Kyogre|Kyogre, L50|100/100\n|turn|5\n|\n|t:|1775165461\n|move|p2a: Kyogre|Hydro Pump|p1a: Zamazenta|[miss]\n|-miss|p2a: Kyogre|p1a: Zamazenta\n|move|p2b: Pawmot|Revival Blessing|p2b: Pawmot\n|\n|t:|1775165465\n|-heal|p2: Calyrex|50/100|[from] move: Revival Blessing\n|move|p1b: Raging Bolt|Draco Meteor|p2b: Pawmot|[miss]\n|-miss|p1b: Raging Bolt|p2b: Pawmot\n|move|p1a: Zamazenta|Body Press|p2b: Pawmot\n|-damage|p2b: Pawmot|0 fnt\n|faint|p2b: Pawmot\n|\n|-weather|RainDance|[upkeep]\n|upkeep\n|\n|t:|1775165472\n|switch|p2b: Calyrex|Calyrex-Ice, L50|50/100\n|-ability|p2b: Calyrex|As One\n|-ability|p2b: Calyrex|Unnerve\n|turn|6\n|\n|t:|1775165494\n|move|p2a: Kyogre|Hydro Pump|p1a: Zamazenta\n|-damage|p1a: Zamazenta|16/100 par\n|move|p1b: Raging Bolt|Thunderbolt|p2a: Kyogre\n|-supereffective|p2a: Kyogre\n|-damage|p2a: Kyogre|52/100\n|move|p2b: Calyrex|High Horsepower|p1a: Zamazenta\n|-supereffective|p1a: Zamazenta\n|-damage|p1a: Zamazenta|0 fnt\n|faint|p1a: Zamazenta\n|-ability|p2b: Calyrex|Chilling Neigh|boost\n|-boost|p2b: Calyrex|atk|1\n|\n|-weather|none\n|upkeep\n|turn|7\n|\n|t:|1775165507\n|move|p1b: Raging Bolt|Thunderclap|p2a: Kyogre\n|-supereffective|p2a: Kyogre\n|-damage|p2a: Kyogre|14/100\n|move|p2a: Kyogre|Hydro Pump|p1b: Raging Bolt|[miss]\n|-miss|p2a: Kyogre|p1b: Raging Bolt\n|move|p2b: Calyrex|Glacial Lance|p1b: Raging Bolt\n|-damage|p1b: Raging Bolt|0 fnt\n|faint|p1b: Raging Bolt\n|-end|p1b: Raging Bolt|Protosynthesis|[silent]\n|\n|win|1VLTSQ Joker\n|raw|WilliamguidiVGC's rating: 1427 &rarr; <strong>1413</strong><br />(-14 for losing)\n|raw|1VLTSQ Joker's rating: 1540 &rarr; <strong>1554</strong><br />(+14 for winning)\n|l|\u26061VLTSQ Joker\n|player|p2|\n|l|\u2606WilliamguidiVGC\n|player|p1|\n","uploadtime":1775165728,"views":10,"formatid":"gen9vgc2026regi","rating":1413,"private":0,"password":null}