{"id":"gen9vgc2026regi-2566894599","format":"[Gen 9] VGC 2026 Reg I","players":["thicc0rita","XxxInnovationxxX"],"log":"|j|\u2606thicc0rita\n|j|\u2606XxxInnovationxxX\n|t:|1774425978\n|gametype|doubles\n|player|p1|thicc0rita|aromalady|1132\n|player|p2|XxxInnovationxxX|265|1250\n|gen|9\n|tier|[Gen 9] VGC 2026 Reg I\n|rated|\n|rule|Species Clause: Limit one of each Pok\u00e9mon\n|rule|Item Clause: Limit 1 of each item\n|clearpoke\n|poke|p1|Groudon, L50|\n|poke|p1|Jumpluff, L50, F|\n|poke|p1|Venusaur, L50, F|\n|poke|p1|Walking Wake, L50|\n|poke|p1|Charizard, L50, F|\n|poke|p1|Rillaboom, L50, M|\n|poke|p2|Whimsicott, L50, F|\n|poke|p2|Koraidon, L50|\n|poke|p2|Ogerpon-Hearthflame, L50, F|\n|poke|p2|Flutter Mane, L50|\n|poke|p2|Indeedee-F, L50, F|\n|poke|p2|Calyrex-Shadow, L50|\n|teampreview|4\n|inactive|Battle timer is ON: inactive players will automatically lose when time's up. (requested by thicc0rita)\n|\n|t:|1774426019\n|teamsize|p1|4\n|teamsize|p2|4\n|start\n|switch|p1a: Groudon|Groudon, L50|100/100\n|switch|p1b: Jumpluff|Jumpluff, L50, F|100/100\n|switch|p2a: Whimsicott|Whimsicott, L50, F|100/100\n|switch|p2b: Calyrex|Calyrex-Shadow, L50|100/100\n|-ability|p2b: Calyrex|As One\n|-ability|p2b: Calyrex|Unnerve\n|-weather|SunnyDay|[from] ability: Drought|[of] p1a: Groudon\n|turn|1\n|\n|t:|1774426036\n|move|p1a: Groudon|Protect|p1a: Groudon\n|-singleturn|p1a: Groudon|Protect\n|move|p2a: Whimsicott|Tailwind|p2a: Whimsicott\n|-sidestart|p2: XxxInnovationxxX|move: Tailwind\n|move|p2b: Calyrex|Astral Barrage|p1b: Jumpluff|[spread] p1b\n|-activate|p1a: Groudon|move: Protect\n|-damage|p1b: Jumpluff|42/100\n|move|p1b: Jumpluff|Tailwind|p1b: Jumpluff\n|-sidestart|p1: thicc0rita|move: Tailwind\n|\n|-weather|SunnyDay|[upkeep]\n|upkeep\n|turn|2\n|inactive|XxxInnovationxxX has 30 seconds left.\n|inactive|XxxInnovationxxX has 20 seconds left.\n|\n|t:|1774426074\n|move|p2a: Whimsicott|Encore|p1b: Jumpluff\n|-start|p1b: Jumpluff|Encore\n|move|p1b: Jumpluff|Tailwind||[still]\n|-fail|p1b: Jumpluff\n|move|p2b: Calyrex|Astral Barrage|p1a: Groudon|[spread] p1a,p1b\n|-damage|p1a: Groudon|41/100\n|-damage|p1b: Jumpluff|0 fnt\n|faint|p1b: Jumpluff\n|-ability|p2b: Calyrex|Grim Neigh|boost\n|-boost|p2b: Calyrex|spa|1\n|move|p1a: Groudon|Heat Crash|p2a: Whimsicott\n|-supereffective|p2a: Whimsicott\n|-damage|p2a: Whimsicott|0 fnt\n|faint|p2a: Whimsicott\n|\n|-weather|SunnyDay|[upkeep]\n|upkeep\n|\n|t:|1774426092\n|switch|p2a: Koraidon|Koraidon, L50|100/100\n|switch|p1b: Walking Wake|Walking Wake, L50|100/100\n|-activate|p2a: Koraidon|ability: Orichalcum Pulse\n|-activate|p1b: Walking Wake|ability: Protosynthesis\n|-start|p1b: Walking Wake|protosynthesisspa\n|turn|3\n|inactive|XxxInnovationxxX has 30 seconds left.\n|\n|t:|1774426118\n|switch|p2a: Indeedee|Indeedee-F, L50, F|100/100\n|-fieldstart|move: Psychic Terrain|[from] ability: Psychic Surge|[of] p2a: Indeedee\n|move|p1a: Groudon|Protect|p1a: Groudon\n|-singleturn|p1a: Groudon|Protect\n|move|p2b: Calyrex|Expanding Force|p1a: Groudon|[spread] p1b\n|-activate|p1a: Groudon|move: Protect\n|-damage|p1b: Walking Wake|12/100\n|move|p1b: Walking Wake|Hydro Steam|p2b: Calyrex\n|-damage|p2b: Calyrex|14/100\n|\n|-weather|SunnyDay|[upkeep]\n|upkeep\n|turn|4\n|inactive|XxxInnovationxxX has 30 seconds left.\n|\n|t:|1774426146\n|-end|p1b: Walking Wake|Protosynthesis|[silent]\n|switch|p1b: Charizard|Charizard, L50, F|100/100\n|move|p2a: Indeedee|Helping Hand|p2b: Calyrex\n|-singleturn|p2b: Calyrex|Helping Hand|[of] p2a: Indeedee\n|move|p2b: Calyrex|Astral Barrage|p1b: Charizard|[spread] p1a,p1b\n|-crit|p1b: Charizard\n|-damage|p1a: Groudon|0 fnt\n|-damage|p1b: Charizard|0 fnt\n|faint|p1a: Groudon\n|faint|p1b: Charizard\n|-ability|p2b: Calyrex|Grim Neigh|boost\n|-boost|p2b: Calyrex|spa|2\n|\n|-weather|SunnyDay|[upkeep]\n|-sideend|p2: XxxInnovationxxX|move: Tailwind\n|-sideend|p1: thicc0rita|move: Tailwind\n|upkeep\n|\n|t:|1774426162\n|switch|p1a: Walking Wake|Walking Wake, L50|12/100\n|-activate|p1a: Walking Wake|ability: Protosynthesis\n|-start|p1a: Walking Wake|protosynthesisspa\n|turn|5\n|\n|t:|1774426172\n|-terastallize|p1a: Walking Wake|Water\n|move|p2b: Calyrex|Astral Barrage|p1a: Walking Wake\n|-damage|p1a: Walking Wake|0 fnt\n|faint|p1a: Walking Wake\n|-end|p1a: Walking Wake|Protosynthesis|[silent]\n|\n|win|XxxInnovationxxX\n|raw|thicc0rita's rating: 1132 &rarr; <strong>1115</strong><br />(-17 for losing)\n|raw|XxxInnovationxxX's rating: 1250 &rarr; <strong>1267</strong><br />(+17 for winning)\n|l|\u2606XxxInnovationxxX\n|player|p2|\n|c|\u2606thicc0rita|calyrex is for cucks\n|c|\u2606thicc0rita|omg\n|c|\u2606thicc0rita|that's wild\n|l|\u2606thicc0rita\n|player|p1|\n","uploadtime":1774426577,"views":15,"formatid":"gen9vgc2026regi","rating":1115,"private":0,"password":null}