{"id":"gen9vgc2026regi-2568128208","format":"[Gen 9] VGC 2026 Reg I","players":["slimeslatt252","Dezmane"],"log":"|j|\u2606slimeslatt252\n|j|\u2606Dezmane\n|t:|1774549548\n|gametype|doubles\n|player|p1|slimeslatt252|169|1441\n|player|p2|Dezmane|169|1381\n|gen|9\n|tier|[Gen 9] VGC 2026 Reg I\n|rated|\n|rule|Species Clause: Limit one of each Pok\u00e9mon\n|rule|Item Clause: Limit 1 of each item\n|clearpoke\n|poke|p1|Calyrex-Shadow, L50|\n|poke|p1|Koraidon, L50|\n|poke|p1|Incineroar, L50, M|\n|poke|p1|Raging Bolt, L50|\n|poke|p1|Brute Bonnet, L50|\n|poke|p1|Landorus, L50, M|\n|poke|p2|Kyogre, L50|\n|poke|p2|Iron Bundle, L50|\n|poke|p2|Miraidon, L50|\n|poke|p2|Kingambit, L50, F|\n|poke|p2|Archaludon, L50, M|\n|poke|p2|Iron Moth, L50|\n|teampreview|4\n|inactive|Battle timer is ON: inactive players will automatically lose when time's up. (requested by Dezmane)\n|inactive|slimeslatt252 also wants the timer to be on.\n|\n|t:|1774549577\n|teamsize|p1|4\n|teamsize|p2|4\n|start\n|switch|p1a: Calyrex|Calyrex-Shadow, L50|100/100\n|switch|p1b: Incineroar|Incineroar, L50, M|100/100\n|switch|p2a: Kyogre|Kyogre, L50|100/100\n|switch|p2b: Archaludon|Archaludon, L50, M|100/100\n|-ability|p1a: Calyrex|As One\n|-ability|p1a: Calyrex|Unnerve\n|-weather|RainDance|[from] ability: Drizzle|[of] p2a: Kyogre\n|-ability|p1b: Incineroar|Intimidate|boost\n|-unboost|p2a: Kyogre|atk|1\n|-unboost|p2b: Archaludon|atk|1\n|turn|1\n|inactive|Dezmane has 30 seconds left.\n|\n|t:|1774549608\n|-terastallize|p1a: Calyrex|Ghost\n|move|p1b: Incineroar|Fake Out|p2b: Archaludon\n|-resisted|p2b: Archaludon\n|-damage|p2b: Archaludon|97/100\n|move|p1a: Calyrex|Astral Barrage|p2b: Archaludon|[spread] p2a,p2b\n|-damage|p2a: Kyogre|75/100\n|-damage|p2b: Archaludon|12/100\n|cant|p2b: Archaludon|flinch\n|move|p2a: Kyogre|Origin Pulse|p1b: Incineroar|[spread] p1a,p1b\n|-supereffective|p1b: Incineroar\n|-damage|p1a: Calyrex|37/100\n|-damage|p1b: Incineroar|1/100\n|\n|-weather|RainDance|[upkeep]\n|upkeep\n|turn|2\n|inactive|slimeslatt252 has 30 seconds left.\n|\n|t:|1774549635\n|switch|p2b: Kingambit|Kingambit, L50, F|100/100\n|move|p1a: Calyrex|Protect|p1a: Calyrex\n|-singleturn|p1a: Calyrex|Protect\n|move|p2a: Kyogre|Origin Pulse|p1a: Calyrex|[spread] p1b\n|-activate|p1a: Calyrex|move: Protect\n|-supereffective|p1b: Incineroar\n|-damage|p1b: Incineroar|0 fnt\n|faint|p1b: Incineroar\n|\n|-weather|RainDance|[upkeep]\n|upkeep\n|\n|t:|1774549643\n|switch|p1b: Koraidon|Koraidon, L50|100/100\n|-weather|SunnyDay|[from] ability: Orichalcum Pulse|[of] p1b: Koraidon\n|-activate|p1b: Koraidon|Orichalcum Pulse|[source]\n|turn|3\n|\n|t:|1774549666\n|switch|p1a: raging dingus|Raging Bolt, L50|100/100\n|-activate|p1a: raging dingus|ability: Protosynthesis\n|-start|p1a: raging dingus|protosynthesisspa\n|move|p2b: Kingambit|Protect|p2b: Kingambit\n|-singleturn|p2b: Kingambit|Protect\n|move|p1b: Koraidon|Collision Course|p2b: Kingambit\n|-activate|p2b: Kingambit|move: Protect\n|move|p2a: Kyogre|Ice Beam|p1b: Koraidon\n|-supereffective|p1b: Koraidon\n|-damage|p1b: Koraidon|49/100\n|\n|-weather|SunnyDay|[upkeep]\n|upkeep\n|turn|4\n|inactive|Dezmane has 30 seconds left.\n|inactive|slimeslatt252 has 30 seconds left.\n|inactive|Dezmane has 20 seconds left.\n|\n|t:|1774549703\n|-end|p2b: Kingambit|fallenundefined|[silent]\n|switch|p2b: Archaludon|Archaludon, L50, M|12/100\n|-terastallize|p2a: Kyogre|Grass\n|move|p1b: Koraidon|Protect|p1b: Koraidon\n|-singleturn|p1b: Koraidon|Protect\n|move|p1a: raging dingus|Volt Switch|p2a: Kyogre\n|-resisted|p2a: Kyogre\n|-damage|p2a: Kyogre|67/100\n|\n|t:|1774549712\n|-end|p1a: raging dingus|Protosynthesis|[silent]\n|switch|p1a: Calyrex|Calyrex-Shadow, L50, tera:Ghost|37/100|[from] Volt Switch\n|-ability|p1a: Calyrex|As One\n|-ability|p1a: Calyrex|Unnerve\n|move|p2a: Kyogre|Ice Beam|p1b: Koraidon\n|-activate|p1b: Koraidon|move: Protect\n|\n|-weather|SunnyDay|[upkeep]\n|upkeep\n|turn|5\n|inactive|slimeslatt252 has 30 seconds left.\n|inactive|Dezmane has 30 seconds left.\n|inactive|slimeslatt252 has 20 seconds left.\n|\n|t:|1774549750\n|switch|p2b: Kingambit|Kingambit, L50, F|100/100\n|switch|p2a: Miraidon|Miraidon, L50|100/100\n|-fieldstart|move: Electric Terrain|[from] ability: Hadron Engine|[of] p2a: Miraidon\n|move|p1a: Calyrex|Astral Barrage|p2b: Kingambit|[spread] p2a,p2b\n|-resisted|p2b: Kingambit\n|-damage|p2a: Miraidon|37/100\n|-damage|p2b: Kingambit|65/100\n|move|p1b: Koraidon|Collision Course|p2b: Kingambit\n|-supereffective|p2b: Kingambit\n|-damage|p2b: Kingambit|0 fnt\n|faint|p2b: Kingambit\n|-end|p2b: Kingambit|fallenundefined|[silent]\n|\n|-weather|SunnyDay|[upkeep]\n|upkeep\n|\n|t:|1774549767\n|switch|p2b: Kyogre|Kyogre, L50, tera:Grass|67/100\n|-weather|RainDance|[from] ability: Drizzle|[of] p2b: Kyogre\n|turn|6\n|\n|t:|1774549774\n|switch|p1b: raging dingus|Raging Bolt, L50|100/100\n|move|p1a: Calyrex|Protect|p1a: Calyrex\n|-singleturn|p1a: Calyrex|Protect\n|move|p2a: Miraidon|Protect|p2a: Miraidon\n|-singleturn|p2a: Miraidon|Protect\n|move|p2b: Kyogre|Origin Pulse|p1b: raging dingus|[spread] p1b\n|-activate|p1a: Calyrex|move: Protect\n|-resisted|p1b: raging dingus\n|-damage|p1b: raging dingus|81/100\n|\n|-weather|RainDance|[upkeep]\n|upkeep\n|turn|7\n|\n|t:|1774549795\n|move|p1a: Calyrex|Astral Barrage|p2b: Kyogre|[spread] p2a,p2b\n|-damage|p2a: Miraidon|0 fnt\n|-damage|p2b: Kyogre|44/100\n|faint|p2a: Miraidon\n|-ability|p1a: Calyrex|Grim Neigh|boost\n|-boost|p1a: Calyrex|spa|1\n|move|p1b: raging dingus|Dragon Pulse|p2b: Kyogre\n|-damage|p2b: Kyogre|27/100\n|move|p2b: Kyogre|Origin Pulse|p1a: Calyrex|[spread] p1a,p1b\n|-resisted|p1b: raging dingus\n|-damage|p1a: Calyrex|0 fnt\n|-damage|p1b: raging dingus|62/100\n|faint|p1a: Calyrex\n|\n|-weather|RainDance|[upkeep]\n|upkeep\n|\n|t:|1774549807\n|switch|p1a: Koraidon|Koraidon, L50|49/100\n|switch|p2a: Archaludon|Archaludon, L50, M|12/100\n|-weather|SunnyDay|[from] ability: Orichalcum Pulse|[of] p1a: Koraidon\n|-activate|p1b: raging dingus|ability: Protosynthesis\n|-start|p1b: raging dingus|protosynthesisspa\n|-activate|p1a: Koraidon|Orichalcum Pulse|[source]\n|-enditem|p2a: Archaludon|Electric Seed\n|-boost|p2a: Archaludon|def|1|[from] item: Electric Seed\n|turn|8\n|\n|t:|1774549823\n|move|p1a: Koraidon|Flame Charge|p2b: Kyogre\n|-supereffective|p2b: Kyogre\n|-damage|p2b: Kyogre|0 fnt\n|-boost|p1a: Koraidon|spe|1\n|faint|p2b: Kyogre\n|move|p2a: Archaludon|Body Press|p1b: raging dingus\n|-damage|p1b: raging dingus|32/100\n|move|p1b: raging dingus|Dragon Pulse|p2a: Archaludon\n|-damage|p2a: Archaludon|0 fnt\n|faint|p2a: Archaludon\n|\n|win|slimeslatt252\n|raw|slimeslatt252's rating: 1441 &rarr; <strong>1458</strong><br />(+17 for winning)\n|raw|Dezmane's rating: 1381 &rarr; <strong>1364</strong><br />(-17 for losing)\n","uploadtime":1774549827,"views":70,"formatid":"gen9vgc2026regi","rating":1364,"private":0,"password":null}