{"id":"gen9vgc2026regi-2561281200","format":"[Gen 9] VGC 2026 Reg I","players":["Jellyuds","It'sJustKen VGC"],"log":"|j|\u2606Jellyuds\n|j|\u2606It'sJustKen VGC\n|t:|1773780086\n|gametype|doubles\n|player|p1|Jellyuds|preschooler|1276\n|player|p2|It'sJustKen VGC|102|1347\n|gen|9\n|tier|[Gen 9] VGC 2026 Reg I\n|rated|\n|rule|Species Clause: Limit one of each Pok\u00e9mon\n|rule|Item Clause: Limit 1 of each item\n|clearpoke\n|poke|p1|Calyrex-Ice, L50|\n|poke|p1|Zamazenta-*, L50|\n|poke|p1|Incineroar, L50, F|\n|poke|p1|Rillaboom, L50, M|\n|poke|p1|Flutter Mane, L50|\n|poke|p1|Dondozo, L50, M|\n|poke|p2|Iron Hands, L50|\n|poke|p2|Incineroar, L50, F|\n|poke|p2|Calyrex-Shadow, L50|\n|poke|p2|Whimsicott, L50, M|\n|poke|p2|Farigiraf, L50, F|\n|poke|p2|Miraidon, L50|\n|teampreview|4\n|inactive|Battle timer is ON: inactive players will automatically lose when time's up. (requested by It'sJustKen VGC)\n|inactive|It'sJustKen VGC has 60 seconds left.\n|inactive|It'sJustKen VGC has 30 seconds left.\n|\n|t:|1773780154\n|teamsize|p1|4\n|teamsize|p2|4\n|start\n|switch|p1a: Calyrex|Calyrex-Ice, L50|100/100\n|switch|p1b: Incineroar|Incineroar, L50, F|100/100\n|switch|p2a: Farigiraf|Farigiraf, L50, F|100/100\n|switch|p2b: Miraidon|Miraidon, L50, shiny|100/100\n|-ability|p1a: Calyrex|As One\n|-ability|p1a: Calyrex|Unnerve\n|-fieldstart|move: Electric Terrain|[from] ability: Hadron Engine|[of] p2b: Miraidon\n|-enditem|p2a: Farigiraf|Electric Seed\n|-boost|p2a: Farigiraf|def|1|[from] item: Electric Seed\n|-ability|p1b: Incineroar|Intimidate|boost\n|-unboost|p2a: Farigiraf|atk|1\n|-unboost|p2b: Miraidon|atk|1\n|turn|1\n|\n|t:|1773780171\n|switch|p1b: Rillaboom|Rillaboom, L50, M|100/100\n|-fieldstart|move: Grassy Terrain|[from] ability: Grassy Surge|[of] p1b: Rillaboom\n|move|p2a: Farigiraf|Helping Hand|p2b: Miraidon\n|-singleturn|p2b: Miraidon|Helping Hand|[of] p2a: Farigiraf\n|move|p2b: Miraidon|Volt Switch|p1b: Rillaboom\n|-resisted|p1b: Rillaboom\n|-crit|p1b: Rillaboom\n|-damage|p1b: Rillaboom|51/100\n|\n|t:|1773780174\n|switch|p2b: Incineroar|Incineroar, L50, F|100/100|[from] Volt Switch\n|-ability|p2b: Incineroar|Intimidate|boost\n|-fail|p1a: Calyrex|unboost|[from] item: Clear Amulet|[of] p1a: Calyrex\n|-unboost|p1b: Rillaboom|atk|1\n|move|p1a: Calyrex|Trick Room|p1a: Calyrex\n|-fieldstart|move: Trick Room|[of] p1a: Calyrex\n|\n|-heal|p1b: Rillaboom|57/100|[from] Grassy Terrain\n|upkeep\n|turn|2\n|\n|t:|1773780191\n|move|p1a: Calyrex|Protect|p1a: Calyrex\n|-singleturn|p1a: Calyrex|Protect\n|move|p2b: Incineroar|U-turn|p1b: Rillaboom\n|-supereffective|p1b: Rillaboom\n|-damage|p1b: Rillaboom|25/100\n|\n|t:|1773780195\n|switch|p2b: Iron Hands|Iron Hands, L50|100/100|[from] U-turn\n|move|p1b: Rillaboom|Wood Hammer|p2a: Farigiraf\n|-damage|p2a: Farigiraf|74/100\n|-damage|p1b: Rillaboom|15/100|[from] Recoil\n|move|p2a: Farigiraf|Roar|p1a: Calyrex\n|drag|p1a: Incineroar|Incineroar, L50, F|100/100\n|-ability|p1a: Incineroar|Intimidate|boost\n|-unboost|p2a: Farigiraf|atk|1\n|-unboost|p2b: Iron Hands|atk|1\n|\n|-heal|p2a: Farigiraf|80/100|[from] Grassy Terrain\n|-heal|p1b: Rillaboom|21/100|[from] Grassy Terrain\n|upkeep\n|turn|3\n|\n|t:|1773780210\n|-end|p2b: Iron Hands|Quark Drive|[silent]\n|switch|p2b: Incineroar|Incineroar, L50, F|100/100\n|-ability|p2b: Incineroar|Intimidate|boost\n|-unboost|p1a: Incineroar|atk|1\n|-unboost|p1b: Rillaboom|atk|1\n|move|p1a: Incineroar|Knock Off|p2a: Farigiraf\n|-supereffective|p2a: Farigiraf\n|-damage|p2a: Farigiraf|63/100\n|move|p2a: Farigiraf|Psychic|p1b: Rillaboom\n|-damage|p1b: Rillaboom|0 fnt\n|faint|p1b: Rillaboom\n|\n|-heal|p2a: Farigiraf|69/100|[from] Grassy Terrain\n|upkeep\n|\n|t:|1773780221\n|switch|p1b: Calyrex|Calyrex-Ice, L50|100/100\n|-ability|p1b: Calyrex|As One\n|-ability|p1b: Calyrex|Unnerve\n|turn|4\n|\n|t:|1773780234\n|move|p2a: Farigiraf|Helping Hand|p2b: Incineroar\n|-singleturn|p2b: Incineroar|Helping Hand|[of] p2a: Farigiraf\n|move|p2b: Incineroar|Flare Blitz|p1b: Calyrex\n|-supereffective|p1b: Calyrex\n|-damage|p1b: Calyrex|1/100\n|-damage|p2b: Incineroar|70/100|[from] Recoil\n|move|p1b: Calyrex|Glacial Lance|p2a: Farigiraf|[spread] p2a,p2b\n|-resisted|p2b: Incineroar\n|-damage|p2a: Farigiraf|35/100\n|-damage|p2b: Incineroar|46/100\n|move|p1a: Incineroar|Flare Blitz|p2b: Incineroar\n|-resisted|p2b: Incineroar\n|-damage|p2b: Incineroar|32/100\n|-damage|p1a: Incineroar|84/100|[from] item: Rocky Helmet|[of] p2b: Incineroar\n|-damage|p1a: Incineroar|80/100|[from] Recoil\n|\n|-heal|p2b: Incineroar|38/100|[from] Grassy Terrain\n|-heal|p1b: Calyrex|7/100|[from] Grassy Terrain\n|-heal|p1a: Incineroar|86/100|[from] Grassy Terrain\n|-heal|p2a: Farigiraf|42/100|[from] Grassy Terrain\n|upkeep\n|turn|5\n|\n|t:|1773780253\n|move|p2b: Incineroar|Knock Off|p1a: Incineroar\n|-resisted|p1a: Incineroar\n|-damage|p1a: Incineroar|70/100\n|-enditem|p1a: Incineroar|Safety Goggles|[from] move: Knock Off|[of] p2b: Incineroar\n|move|p1b: Calyrex|Glacial Lance|p2b: Incineroar|[spread] p2a,p2b\n|-resisted|p2b: Incineroar\n|-damage|p2a: Farigiraf|10/100\n|-damage|p2b: Incineroar|16/100\n|move|p1a: Incineroar|Flare Blitz|p2a: Farigiraf\n|-damage|p2a: Farigiraf|0 fnt\n|faint|p2a: Farigiraf\n|-damage|p1a: Incineroar|67/100|[from] Recoil\n|\n|-heal|p2b: Incineroar|22/100|[from] Grassy Terrain\n|-heal|p1b: Calyrex|13/100|[from] Grassy Terrain\n|-heal|p1a: Incineroar|73/100|[from] Grassy Terrain\n|-fieldend|move: Trick Room\n|-fieldend|move: Grassy Terrain\n|upkeep\n|\n|t:|1773780258\n|switch|p2a: Miraidon|Miraidon, L50, shiny|100/100\n|-fieldstart|move: Electric Terrain|[from] ability: Hadron Engine|[of] p2a: Miraidon\n|turn|6\n|\n|t:|1773780274\n|move|p2a: Miraidon|Electro Drift|p1a: Incineroar\n|-damage|p1a: Incineroar|0 fnt\n|faint|p1a: Incineroar\n|move|p1b: Calyrex|Glacial Lance|p2b: Incineroar|[spread] p2a,p2b\n|-supereffective|p2a: Miraidon\n|-resisted|p2b: Incineroar\n|-damage|p2a: Miraidon|0 fnt\n|-damage|p2b: Incineroar|0 fnt\n|faint|p2a: Miraidon\n|faint|p2b: Incineroar\n|-ability|p1b: Calyrex|Chilling Neigh|boost\n|-boost|p1b: Calyrex|atk|2\n|\n|upkeep\n|\n|t:|1773780284\n|switch|p2a: Iron Hands|Iron Hands, L50|100/100\n|switch|p1a: Flutter Mane|Flutter Mane, L50|100/100\n|-enditem|p1a: Flutter Mane|Booster Energy\n|-activate|p1a: Flutter Mane|ability: Protosynthesis|[fromitem]\n|-start|p1a: Flutter Mane|protosynthesisspe\n|-activate|p2a: Iron Hands|ability: Quark Drive\n|-start|p2a: Iron Hands|quarkdriveatk\n|turn|7\n|\n|t:|1773780293\n|-terastallize|p2a: Iron Hands|Water\n|move|p1a: Flutter Mane|Protect|p1a: Flutter Mane\n|-singleturn|p1a: Flutter Mane|Protect\n|move|p1b: Calyrex|Protect|p1b: Calyrex\n|-singleturn|p1b: Calyrex|Protect\n|move|p2a: Iron Hands|Drain Punch|p1b: Calyrex\n|-activate|p1b: Calyrex|move: Protect\n|\n|upkeep\n|turn|8\n|\n|t:|1773780315\n|-terastallize|p1a: Flutter Mane|Fairy\n|move|p1a: Flutter Mane|Moonblast|p2a: Iron Hands\n|-damage|p2a: Iron Hands|68/100\n|-unboost|p2a: Iron Hands|spa|1\n|move|p1b: Calyrex|High Horsepower|p2a: Iron Hands\n|-damage|p2a: Iron Hands|6/100\n|move|p2a: Iron Hands|Drain Punch|p1b: Calyrex\n|-crit|p1b: Calyrex\n|-damage|p1b: Calyrex|0 fnt\n|-heal|p2a: Iron Hands|11/100|[from] drain|[of] p1b: Calyrex\n|faint|p1b: Calyrex\n|\n|upkeep\n|turn|9\n|\n|t:|1773780327\n|move|p1a: Flutter Mane|Icy Wind|p2a: Iron Hands\n|-resisted|p2a: Iron Hands\n|-damage|p2a: Iron Hands|7/100\n|-unboost|p2a: Iron Hands|spe|1\n|move|p2a: Iron Hands|Wild Charge|p1a: Flutter Mane\n|-damage|p1a: Flutter Mane|0 fnt\n|faint|p1a: Flutter Mane\n|-end|p1a: Flutter Mane|Protosynthesis|[silent]\n|-damage|p2a: Iron Hands|0 fnt|[from] Recoil\n|faint|p2a: Iron Hands\n|-end|p2a: Iron Hands|Quark Drive|[silent]\n|\n|win|It'sJustKen VGC\n|raw|Jellyuds's rating: 1276 &rarr; <strong>1255</strong><br />(-21 for losing)\n|raw|It&apos;sJustKen VGC's rating: 1330 &rarr; <strong>1347</strong><br />(+17 for winning)\n","uploadtime":1773780336,"views":10,"formatid":"gen9vgc2026regi","rating":1255,"private":0,"password":null}