{"id":"gen9vgc2026regi-2552246433","format":"[Gen 9] VGC 2026 Reg I","players":["I\u2764\ufe0f\u5a1c\u7984forever","U lost da game"],"log":"|j|\u2606I\u2764\ufe0f\u5a1c\u7984forever\n|j|\u2606U lost da game\n|t:|1772696195\n|gametype|doubles\n|player|p1|I\u2764\ufe0f\u5a1c\u7984forever|youngcouple-gen4dp|1410\n|player|p2|U lost da game|1|1407\n|gen|9\n|tier|[Gen 9] VGC 2026 Reg I\n|rated|\n|rule|Species Clause: Limit one of each Pok\u00e9mon\n|rule|Item Clause: Limit 1 of each item\n|clearpoke\n|poke|p1|Groudon, L50|\n|poke|p1|Kyurem-White, L50|\n|poke|p1|Heatran, L50, F|\n|poke|p1|Whimsicott, L50, M|\n|poke|p1|Roaring Moon, L50|\n|poke|p1|Ditto, L50|\n|poke|p2|Miraidon, L50|\n|poke|p2|Ursaluna, L50, M|\n|poke|p2|Ho-Oh, L50|\n|poke|p2|Incineroar, L50, M|\n|poke|p2|Flutter Mane, L50|\n|poke|p2|Cresselia, L50, F|\n|teampreview|4\n|\n|t:|1772696235\n|teamsize|p1|4\n|teamsize|p2|4\n|start\n|switch|p1a: Kyurem|Kyurem-White, L50|100/100\n|switch|p1b: Whimsicott|Whimsicott, L50, M|100/100\n|switch|p2a: Cresselia|Cresselia, L50, F|100/100\n|switch|p2b: Incineroar|Incineroar, L50, M|100/100\n|-ability|p1a: Kyurem|Turboblaze\n|-ability|p2b: Incineroar|Intimidate|boost\n|-unboost|p1a: Kyurem|atk|1\n|-unboost|p1b: Whimsicott|atk|1\n|turn|1\n|\n|t:|1772696243\n|move|p2b: Incineroar|Fake Out|p1a: Kyurem\n|-damage|p1a: Kyurem|90/100\n|move|p1b: Whimsicott|Endeavor|p2a: Cresselia\n|-damage|p2a: Cresselia|53/100\n|cant|p1a: Kyurem|flinch\n|move|p2a: Cresselia|Trick Room|p2a: Cresselia\n|-fieldstart|move: Trick Room|[of] p2a: Cresselia\n|\n|upkeep\n|turn|2\n|\n|t:|1772696255\n|move|p2b: Incineroar|Flare Blitz|p1b: Whimsicott\n|-supereffective|p1b: Whimsicott\n|-enditem|p1b: Whimsicott|Focus Sash\n|-damage|p1b: Whimsicott|1/100\n|-damage|p2b: Incineroar|81/100|[from] Recoil\n|move|p2a: Cresselia|Psychic|p1b: Whimsicott\n|-damage|p1b: Whimsicott|0 fnt\n|faint|p1b: Whimsicott\n|move|p1a: Kyurem|Shadow Ball|p2a: Cresselia\n|-supereffective|p2a: Cresselia\n|-damage|p2a: Cresselia|9/100\n|-enditem|p2a: Cresselia|Sitrus Berry|[eat]\n|-heal|p2a: Cresselia|34/100|[from] item: Sitrus Berry\n|\n|upkeep\n|\n|t:|1772696270\n|switch|p1b: Groudon|Groudon, L50|100/100\n|-weather|SunnyDay|[from] ability: Drought|[of] p1b: Groudon\n|turn|3\n|\n|t:|1772696281\n|switch|p2a: Ursaluna|Ursaluna, L50, M|100/100\n|move|p2b: Incineroar|Flare Blitz|p1b: Groudon\n|-damage|p1b: Groudon|48/100\n|-damage|p2b: Incineroar|63/100|[from] Recoil\n|move|p1b: Groudon|Precipice Blades|p2a: Ursaluna|[spread] p2a,p2b\n|-supereffective|p2b: Incineroar\n|-damage|p2a: Ursaluna|60/100\n|-damage|p2b: Incineroar|0 fnt\n|faint|p2b: Incineroar\n|move|p1a: Kyurem|Shadow Ball|p2a: Ursaluna\n|-immune|p2a: Ursaluna\n|\n|-weather|SunnyDay|[upkeep]\n|-status|p2a: Ursaluna|brn|[from] item: Flame Orb\n|upkeep\n|\n|t:|1772696291\n|switch|p2b: Cresselia|Cresselia, L50, F|34/100\n|turn|4\n|\n|t:|1772696300\n|-terastallize|p1a: Kyurem|Ghost\n|move|p2b: Cresselia|Helping Hand|p2a: Ursaluna\n|-singleturn|p2a: Ursaluna|Helping Hand|[of] p2b: Cresselia\n|move|p2a: Ursaluna|Earthquake|p1b: Groudon|[spread] p1a,p1b\n|-immune|p2b: Cresselia|[from] ability: Levitate\n|-damage|p1a: Kyurem|12/100\n|-damage|p1b: Groudon|0 fnt\n|faint|p1b: Groudon\n|move|p1a: Kyurem|Blizzard|p2a: Ursaluna|[spread] p2a,p2b\n|-supereffective|p2a: Ursaluna\n|-damage|p2a: Ursaluna|0 fnt\n|-damage|p2b: Cresselia|2/100\n|faint|p2a: Ursaluna\n|\n|-weather|SunnyDay|[upkeep]\n|upkeep\n|\n|t:|1772696316\n|switch|p2a: Ho-Oh|Ho-Oh, L50|100/100\n|switch|p1b: Ditto|Ditto, L50|100/100\n|-transform|p1b: Ditto|p2a: Ho-Oh|[from] ability: Imposter\n|turn|5\n|\n|t:|1772696335\n|-terastallize|p2b: Cresselia|Water\n|move|p2b: Cresselia|Lunar Blessing|p2b: Cresselia|[spread] p2a,p2b\n|-heal|p2b: Cresselia|27/100\n|move|p1a: Kyurem|Blizzard|p2b: Cresselia|[spread] p2a,p2b\n|-resisted|p2b: Cresselia\n|-damage|p2a: Ho-Oh|67/100\n|-damage|p2b: Cresselia|11/100\n|move|p1b: Ditto|Sacred Fire|p2b: Cresselia\n|-resisted|p2b: Cresselia\n|-damage|p2b: Cresselia|0 fnt\n|faint|p2b: Cresselia\n|move|p2a: Ho-Oh|Brave Bird|p1a: Kyurem\n|-damage|p1a: Kyurem|0 fnt\n|faint|p1a: Kyurem\n|-damage|p2a: Ho-Oh|62/100|[from] Recoil\n|\n|-weather|SunnyDay|[upkeep]\n|-fieldend|move: Trick Room\n|upkeep\n|turn|6\n|\n|t:|1772696352\n|move|p2a: Ho-Oh|Protect|p2a: Ho-Oh\n|-singleturn|p2a: Ho-Oh|Protect\n|move|p1b: Ditto|Brave Bird|p2a: Ho-Oh\n|-activate|p2a: Ho-Oh|move: Protect\n|\n|-weather|SunnyDay|[upkeep]\n|upkeep\n|turn|7\n|\n|t:|1772696358\n|move|p2a: Ho-Oh|Brave Bird|p1b: Ditto|[miss]\n|-miss|p2a: Ho-Oh|p1b: Ditto\n|move|p1b: Ditto|Brave Bird|p2a: Ho-Oh\n|-damage|p2a: Ho-Oh|0 fnt\n|faint|p2a: Ho-Oh\n|-damage|p1b: Ditto|73/100|[from] Recoil\n|\n|win|I\u2764\ufe0f\u5a1c\u7984forever\n|raw|I\u2764\ufe0f\u5a1c\u7984forever's rating: 1410 &rarr; <strong>1430</strong><br />(+20 for winning)\n|raw|U lost da game's rating: 1407 &rarr; <strong>1387</strong><br />(-20 for losing)\n|l|\u2606U lost da game\n|player|p2|\n|l|\u2606I\u2764\ufe0f\u5a1c\u7984forever\n|player|p1|\n","uploadtime":1772696558,"views":14,"formatid":"gen9vgc2026regi","rating":1387,"private":0,"password":null}