{"id":"gen9vgc2026regi-2562058995","format":"[Gen 9] VGC 2026 Reg I","players":["CHR1SPHX","GKun1999"],"log":"|j|\u2606CHR1SPHX\n|j|\u2606GKun1999\n|t:|1773867150\n|gametype|doubles\n|player|p1|CHR1SPHX|hilbert|1197\n|player|p2|GKun1999|red|1159\n|gen|9\n|tier|[Gen 9] VGC 2026 Reg I\n|rated|\n|rule|Species Clause: Limit one of each Pok\u00e9mon\n|rule|Item Clause: Limit 1 of each item\n|clearpoke\n|poke|p1|Flutter Mane, L50|\n|poke|p1|Incineroar, L50, M|\n|poke|p1|Ursaluna-Bloodmoon, L50, M|\n|poke|p1|Amoonguss, L50, M|\n|poke|p1|Koraidon, L50|\n|poke|p1|Lunala, L50|\n|poke|p2|Kyogre, L50|\n|poke|p2|Urshifu-*, L50, F|\n|poke|p2|Zacian-*, L50|\n|poke|p2|Rillaboom, L50, F|\n|poke|p2|Smeargle, L50, F|\n|poke|p2|Moltres-Galar, L50|\n|teampreview|4\n|inactive|Battle timer is ON: inactive players will automatically lose when time's up. (requested by CHR1SPHX)\n|inactive|GKun1999 has 60 seconds left.\nGKun1999 has agreed to open team sheets.\n|inactive|GKun1999 has 30 seconds left.\n|\n|t:|1773867219\n|teamsize|p1|4\n|teamsize|p2|4\n|start\n|switch|p1a: Lunala|Lunala, L50, shiny|100/100\n|switch|p1b: Amoonguss|Amoonguss, L50, M, shiny|100/100\n|switch|p2a: Moltres|Moltres-Galar, L50|100/100\n|switch|p2b: Smeargle|Smeargle, L50, F|100/100\n|turn|1\n|\n|t:|1773867231\n|switch|p1a: Incineroar|Incineroar, L50, M|100/100\n|-ability|p1a: Incineroar|Intimidate|boost\n|-unboost|p2a: Moltres|atk|1\n|-unboost|p2b: Smeargle|atk|1\n|move|p2a: Moltres|Taunt|p1b: Amoonguss\n|-start|p1b: Amoonguss|move: Taunt\n|move|p2b: Smeargle|Spore|p1a: Incineroar\n|-activate|p1a: Incineroar|item: Safety Goggles|Spore\n|cant|p1b: Amoonguss|move: Taunt|Spore\n|\n|-ability|p2b: Smeargle|Moody|boost\n|-boost|p2b: Smeargle|spd|2\n|-unboost|p2b: Smeargle|spe|1\n|upkeep\n|turn|2\n|\n|t:|1773867255\n|-terastallize|p1b: Amoonguss|Water\n|move|p2a: Moltres|Nasty Plot|p2a: Moltres\n|-boost|p2a: Moltres|spa|2\n|move|p2b: Smeargle|Tailwind|p2b: Smeargle\n|-sidestart|p2: GKun1999|move: Tailwind\n|move|p1a: Incineroar|Taunt|p2b: Smeargle\n|-start|p2b: Smeargle|move: Taunt\n|move|p1b: Amoonguss|Pollen Puff|p2a: Moltres\n|-damage|p2a: Moltres|87/100\n|\n|-ability|p2b: Smeargle|Moody|boost\n|-boost|p2b: Smeargle|spd|2\n|-unboost|p2b: Smeargle|atk|1\n|upkeep\n|turn|3\n|inactive|GKun1999 has 30 seconds left.\n|\n|t:|1773867281\n|switch|p2b: Kyogre|Kyogre, L50|100/100\n|-weather|RainDance|[from] ability: Drizzle|[of] p2b: Kyogre\n|move|p2a: Moltres|Nasty Plot|p2a: Moltres\n|-boost|p2a: Moltres|spa|2\n|move|p1a: Incineroar|Parting Shot|p2a: Moltres\n|-unboost|p2a: Moltres|atk|1\n|-unboost|p2a: Moltres|spa|1\n|\n|t:|1773867295\n|switch|p1a: Koraidon|Koraidon, L50|100/100|[from] Parting Shot\n|-weather|SunnyDay|[from] ability: Orichalcum Pulse|[of] p1a: Koraidon\n|-activate|p1a: Koraidon|Orichalcum Pulse|[source]\n|move|p1b: Amoonguss|Sludge Bomb|p2b: Kyogre\n|-damage|p2b: Kyogre|83/100\n|\n|-weather|SunnyDay|[upkeep]\n|-heal|p2b: Kyogre|89/100|[from] item: Leftovers\n|-end|p1b: Amoonguss|move: Taunt\n|upkeep\n|turn|4\n|inactive|GKun1999 has 30 seconds left.\n|\n|t:|1773867325\n|switch|p2b: Smeargle|Smeargle, L50, F|100/100\n|move|p1b: Amoonguss|Rage Powder|p1b: Amoonguss\n|-singleturn|p1b: Amoonguss|move: Rage Powder\n|move|p2a: Moltres|Taunt|p1b: Amoonguss\n|-start|p1b: Amoonguss|move: Taunt\n|move|p1a: Koraidon|Flare Blitz|p2a: Moltres\n|-damage|p2a: Moltres|21/100\n|-status|p2a: Moltres|brn\n|-damage|p1a: Koraidon|79/100|[from] Recoil\n|-ability|p2a: Moltres|Berserk|boost\n|-boost|p2a: Moltres|spa|1\n|-enditem|p2a: Moltres|Sitrus Berry|[eat]\n|-heal|p2a: Moltres|46/100 brn|[from] item: Sitrus Berry\n|\n|-weather|SunnyDay|[upkeep]\n|-damage|p2a: Moltres|40/100 brn|[from] brn\n|-ability|p2b: Smeargle|Moody|boost\n|-boost|p2b: Smeargle|spd|2\n|-unboost|p2b: Smeargle|spe|1\n|upkeep\n|turn|5\n|inactive|CHR1SPHX has 30 seconds left.\n|inactive|GKun1999 has 30 seconds left.\n|\n|t:|1773867357\n|switch|p2b: Kyogre|Kyogre, L50|89/100\n|-weather|RainDance|[from] ability: Drizzle|[of] p2b: Kyogre\n|move|p1a: Koraidon|Protect|p1a: Koraidon\n|-singleturn|p1a: Koraidon|Protect\n|move|p2a: Moltres|Hurricane|p1a: Koraidon\n|-activate|p1a: Koraidon|move: Protect\n|move|p1b: Amoonguss|Sludge Bomb|p2b: Kyogre\n|-damage|p2b: Kyogre|71/100\n|\n|-weather|RainDance|[upkeep]\n|-heal|p2b: Kyogre|77/100|[from] item: Leftovers\n|-damage|p2a: Moltres|34/100 brn|[from] brn\n|-sideend|p2: GKun1999|move: Tailwind\n|upkeep\n|turn|6\n|inactive|CHR1SPHX has 30 seconds left.\n|inactive|GKun1999 has 30 seconds left.\n|\n|t:|1773867392\n|switch|p1a: Lunala|Lunala, L50, shiny|100/100\n|switch|p2b: Urshifu|Urshifu-Rapid-Strike, L50, F|100/100\n|move|p2a: Moltres|Hurricane|p1b: Amoonguss\n|-damage|p1b: Amoonguss|7/100\n|move|p1b: Amoonguss|Sludge Bomb|p2a: Moltres\n|-damage|p2a: Moltres|12/100 brn\n|\n|-weather|RainDance|[upkeep]\n|-damage|p2a: Moltres|6/100 brn|[from] brn\n|upkeep\n|turn|7\n|inactive|CHR1SPHX has 30 seconds left.\n|inactive|CHR1SPHX has 20 seconds left.\n|inactive|CHR1SPHX has 15 seconds left.\n|\n|t:|1773867435\n|switch|p1a: Incineroar|Incineroar, L50, M|100/100\n|-ability|p1a: Incineroar|Intimidate|boost\n|-unboost|p2a: Moltres|atk|1\n|-unboost|p2b: Urshifu|atk|1\n|move|p2b: Urshifu|U-turn|p1b: Amoonguss\n|-crit|p1b: Amoonguss\n|-damage|p1b: Amoonguss|0 fnt\n|-damage|p2b: Urshifu|84/100|[from] item: Rocky Helmet|[of] p1b: Amoonguss\n|faint|p1b: Amoonguss\n|\n|t:|1773867445\n|switch|p2b: Smeargle|Smeargle, L50, F|100/100|[from] U-turn\n|move|p2a: Moltres|Snarl|p1a: Incineroar\n|-resisted|p1a: Incineroar\n|-damage|p1a: Incineroar|78/100\n|-unboost|p1a: Incineroar|spa|1\n|\n|-weather|RainDance|[upkeep]\n|-damage|p2a: Moltres|0 fnt|[from] brn\n|faint|p2a: Moltres\n|-ability|p2b: Smeargle|Moody|boost\n|-boost|p2b: Smeargle|spa|2\n|-unboost|p2b: Smeargle|spd|1\n|upkeep\n|\n|t:|1773867455\n|switch|p2a: Urshifu|Urshifu-Rapid-Strike, L50, F|84/100\n|switch|p1b: Koraidon|Koraidon, L50|79/100\n|-weather|SunnyDay|[from] ability: Orichalcum Pulse|[of] p1b: Koraidon\n|-activate|p1b: Koraidon|Orichalcum Pulse|[source]\n|turn|8\n|inactive|GKun1999 has 30 seconds left.\n|\n|t:|1773867487\n|-terastallize|p2b: Smeargle|Ghost\n|move|p1b: Koraidon|Protect|p1b: Koraidon\n|-singleturn|p1b: Koraidon|Protect\n|move|p2a: Urshifu|U-turn|p1a: Incineroar\n|-damage|p1a: Incineroar|56/100\n|\n|t:|1773867493\n|switch|p2a: Kyogre|Kyogre, L50|77/100|[from] U-turn\n|-weather|RainDance|[from] ability: Drizzle|[of] p2a: Kyogre\n|move|p2b: Smeargle|Spore|p1b: Koraidon\n|-activate|p1b: Koraidon|move: Protect\n|move|p1a: Incineroar|Taunt|p2b: Smeargle\n|-start|p2b: Smeargle|move: Taunt\n|\n|-weather|RainDance|[upkeep]\n|-heal|p2a: Kyogre|83/100|[from] item: Leftovers\n|-ability|p2b: Smeargle|Moody|boost\n|-boost|p2b: Smeargle|spa|2\n|-unboost|p2b: Smeargle|def|1\n|upkeep\n|turn|9\n|\n|t:|1773867510\n|switch|p2b: Urshifu|Urshifu-Rapid-Strike, L50, F|84/100\n|switch|p1a: Lunala|Lunala, L50, shiny|100/100\n|move|p1b: Koraidon|Collision Course|p2a: Kyogre\n|-damage|p2a: Kyogre|39/100\n|move|p2a: Kyogre|Water Spout|p1b: Koraidon|[spread] p1a,p1b\n|-resisted|p1b: Koraidon\n|-damage|p1a: Lunala|88/100\n|-damage|p1b: Koraidon|63/100\n|\n|-weather|RainDance|[upkeep]\n|-heal|p2a: Kyogre|45/100|[from] item: Leftovers\n|upkeep\n|turn|10\n|inactive|CHR1SPHX has 30 seconds left.\n|inactive|GKun1999 has 30 seconds left.\n|\n|t:|1773867540\n|switch|p1a: Incineroar|Incineroar, L50, M|56/100\n|-ability|p1a: Incineroar|Intimidate|boost\n|-unboost|p2a: Kyogre|atk|1\n|-unboost|p2b: Urshifu|atk|1\n|move|p2b: Urshifu|Surging Strikes|p1b: Koraidon\n|-resisted|p1b: Koraidon\n|-crit|p1b: Koraidon\n|-damage|p1b: Koraidon|50/100\n|-resisted|p1b: Koraidon\n|-crit|p1b: Koraidon\n|-damage|p1b: Koraidon|37/100\n|-resisted|p1b: Koraidon\n|-crit|p1b: Koraidon\n|-damage|p1b: Koraidon|24/100\n|-hitcount|p1b: Koraidon|3\n|move|p1b: Koraidon|Collision Course|p2a: Kyogre\n|-damage|p2a: Kyogre|5/100\n|move|p2a: Kyogre|Calm Mind|p2a: Kyogre\n|-boost|p2a: Kyogre|spa|1\n|-boost|p2a: Kyogre|spd|1\n|\n|-weather|RainDance|[upkeep]\n|-heal|p2a: Kyogre|11/100|[from] item: Leftovers\n|upkeep\n|turn|11\n|inactive|CHR1SPHX has 30 seconds left.\n|inactive|CHR1SPHX has 20 seconds left.\n|\n|t:|1773867578\n|switch|p2b: Smeargle|Smeargle, L50, F, tera:Ghost|100/100\n|switch|p1b: Lunala|Lunala, L50, shiny|88/100\n|move|p2a: Kyogre|Protect|p2a: Kyogre\n|-singleturn|p2a: Kyogre|Protect\n|move|p1a: Incineroar|Fake Out|p2b: Smeargle\n|-immune|p2b: Smeargle\n|\n|-weather|RainDance|[upkeep]\n|-heal|p2a: Kyogre|17/100|[from] item: Leftovers\n|-ability|p2b: Smeargle|Moody|boost\n|-boost|p2b: Smeargle|spd|2\n|-unboost|p2b: Smeargle|spa|1\n|upkeep\n|turn|12\n|\n|t:|1773867601\n|move|p1b: Lunala|Wide Guard|p1b: Lunala\n|-singleturn|p1b: Lunala|Wide Guard\n|move|p2b: Smeargle|Spore|p1b: Lunala\n|-status|p1b: Lunala|slp|[from] move: Spore\n|move|p2a: Kyogre|Ice Beam|p1a: Incineroar\n|-resisted|p1a: Incineroar\n|-damage|p1a: Incineroar|38/100\n|move|p1a: Incineroar|Knock Off|p2a: Kyogre\n|-damage|p2a: Kyogre|0 fnt\n|-enditem|p2a: Kyogre|Leftovers|[from] move: Knock Off|[of] p1a: Incineroar\n|faint|p2a: Kyogre\n|\n|-weather|none\n|-ability|p2b: Smeargle|Moody|boost\n|-boost|p2b: Smeargle|spa|2\n|-unboost|p2b: Smeargle|spe|1\n|upkeep\n|\n|t:|1773867610\n|switch|p2a: Urshifu|Urshifu-Rapid-Strike, L50, F|84/100\n|turn|13\n|inactive|GKun1999 has 30 seconds left.\n|\n|t:|1773867636\n|switch|p1a: Koraidon|Koraidon, L50|24/100\n|-weather|SunnyDay|[from] ability: Orichalcum Pulse|[of] p1a: Koraidon\n|-activate|p1a: Koraidon|Orichalcum Pulse|[source]\n|move|p2a: Urshifu|Surging Strikes|p1a: Koraidon\n|-resisted|p1a: Koraidon\n|-crit|p1a: Koraidon\n|-damage|p1a: Koraidon|20/100\n|-resisted|p1a: Koraidon\n|-crit|p1a: Koraidon\n|-damage|p1a: Koraidon|17/100\n|-resisted|p1a: Koraidon\n|-crit|p1a: Koraidon\n|-damage|p1a: Koraidon|13/100\n|-hitcount|p1a: Koraidon|3\n|cant|p1b: Lunala|slp\n|move|p2b: Smeargle|Tailwind|p2b: Smeargle\n|-sidestart|p2: GKun1999|move: Tailwind\n|\n|-weather|SunnyDay|[upkeep]\n|-ability|p2b: Smeargle|Moody|boost\n|-boost|p2b: Smeargle|def|2\n|-unboost|p2b: Smeargle|spe|1\n|upkeep\n|turn|14\n|\n|t:|1773867655\n|switch|p1a: Incineroar|Incineroar, L50, M|38/100\n|-ability|p1a: Incineroar|Intimidate|boost\n|-unboost|p2a: Urshifu|atk|1\n|-unboost|p2b: Smeargle|atk|1\n|move|p2b: Smeargle|Follow Me|p2b: Smeargle\n|-singleturn|p2b: Smeargle|move: Follow Me\n|move|p2a: Urshifu|Surging Strikes|p1a: Incineroar\n|-supereffective|p1a: Incineroar\n|-crit|p1a: Incineroar\n|-damage|p1a: Incineroar|22/100\n|-supereffective|p1a: Incineroar\n|-crit|p1a: Incineroar\n|-damage|p1a: Incineroar|4/100\n|-supereffective|p1a: Incineroar\n|-crit|p1a: Incineroar\n|-damage|p1a: Incineroar|0 fnt\n|faint|p1a: Incineroar\n|-hitcount|p1: Incineroar|3\n|cant|p1b: Lunala|slp\n|\n|-weather|SunnyDay|[upkeep]\n|-ability|p2b: Smeargle|Moody|boost\n|-boost|p2b: Smeargle|atk|2\n|-unboost|p2b: Smeargle|spa|1\n|upkeep\n|\n|t:|1773867664\n|switch|p1a: Koraidon|Koraidon, L50|13/100\n|-activate|p1a: Koraidon|ability: Orichalcum Pulse\n|turn|15\n|\n|t:|1773867672\n|move|p2b: Smeargle|Follow Me|p2b: Smeargle\n|-singleturn|p2b: Smeargle|move: Follow Me\n|move|p2a: Urshifu|Surging Strikes|p1a: Koraidon\n|-resisted|p1a: Koraidon\n|-crit|p1a: Koraidon\n|-damage|p1a: Koraidon|9/100\n|-resisted|p1a: Koraidon\n|-crit|p1a: Koraidon\n|-damage|p1a: Koraidon|4/100\n|-resisted|p1a: Koraidon\n|-crit|p1a: Koraidon\n|-damage|p1a: Koraidon|0 fnt\n|faint|p1a: Koraidon\n|-hitcount|p1: Koraidon|3\n|-curestatus|p1b: Lunala|slp|[msg]\n|move|p1b: Lunala|Moongeist Beam|p2b: Smeargle\n|-supereffective|p2b: Smeargle\n|-enditem|p2b: Smeargle|Focus Sash\n|-damage|p2b: Smeargle|1/100\n|\n|-weather|SunnyDay|[upkeep]\n|-ability|p2b: Smeargle|Moody|boost\n|-boost|p2b: Smeargle|spd|2\n|-unboost|p2b: Smeargle|spe|1\n|upkeep\n|turn|16\n|inactive|CHR1SPHX has 30 seconds left.\n|\n|t:|1773867700\n|move|p2a: Urshifu|Surging Strikes|p1b: Lunala\n|-crit|p1b: Lunala\n|-damage|p1b: Lunala|81/100\n|-crit|p1b: Lunala\n|-damage|p1b: Lunala|75/100\n|-crit|p1b: Lunala\n|-damage|p1b: Lunala|68/100\n|-hitcount|p1b: Lunala|3\n|move|p1b: Lunala|Moonblast|p2a: Urshifu\n|-supereffective|p2a: Urshifu\n|-damage|p2a: Urshifu|0 fnt\n|faint|p2a: Urshifu\n|move|p2b: Smeargle|Spore|p1b: Lunala\n|-status|p1b: Lunala|slp|[from] move: Spore\n|\n|-weather|SunnyDay|[upkeep]\n|-sideend|p2: GKun1999|move: Tailwind\n|-ability|p2b: Smeargle|Moody|boost\n|-boost|p2b: Smeargle|spe|2\n|-unboost|p2b: Smeargle|spd|1\n|upkeep\n|turn|17\n|-message|GKun1999 forfeited.\n|\n|win|CHR1SPHX\n|raw|CHR1SPHX's rating: 1197 &rarr; <strong>1219</strong><br />(+22 for winning)\n|raw|GKun1999's rating: 1159 &rarr; <strong>1137</strong><br />(-22 for losing)\n|l|\u2606GKun1999\n|player|p2|\n|l|\u2606CHR1SPHX\n|player|p1|\n","uploadtime":1773867911,"views":12,"formatid":"gen9vgc2026regi","rating":1137,"private":0,"password":null}