{"id":"gen9vgc2026regi-2544420062","format":"[Gen 9] VGC 2026 Reg I","players":["EllenJoe2026","Darknight675"],"log":"|j|\u2606EllenJoe2026\n|j|\u2606Darknight675\n|t:|1771704790\n|gametype|doubles\n|player|p1|EllenJoe2026|iono|1483\n|player|p2|Darknight675|morty|1531\n|gen|9\n|tier|[Gen 9] VGC 2026 Reg I\n|rated|\n|rule|Species Clause: Limit one of each Pok\u00e9mon\n|rule|Item Clause: Limit 1 of each item\n|clearpoke\n|poke|p1|Calyrex-Shadow, L50|\n|poke|p1|Zamazenta-*, L50|\n|poke|p1|Chien-Pao, L50|\n|poke|p1|Dragonite, L50, M|\n|poke|p1|Amoonguss, L50, F|\n|poke|p1|Ogerpon-Cornerstone, L50, F|\n|poke|p2|Calyrex-Shadow, L50|\n|poke|p2|Zamazenta-*, L50|\n|poke|p2|Chien-Pao, L50|\n|poke|p2|Dragonite, L50, M|\n|poke|p2|Raging Bolt, L50|\n|poke|p2|Amoonguss, L50, F|\n|teampreview|4\n|inactive|Battle timer is ON: inactive players will automatically lose when time's up. (requested by EllenJoe2026)\n|\n|t:|1771704813\n|teamsize|p1|4\n|teamsize|p2|4\n|start\n|switch|p1a: Dragonite|Dragonite, L50, M|100/100\n|switch|p1b: Chien-Pao|Chien-Pao, L50|100/100\n|switch|p2a: Zamazenta|Zamazenta-Crowned, L50|100/100\n|switch|p2b: Dragonite|Dragonite, L50, M, shiny|100/100\n|-ability|p1b: Chien-Pao|Sword of Ruin\n|-ability|p2a: Zamazenta|Dauntless Shield|boost\n|-boost|p2a: Zamazenta|def|1\n|turn|1\n|inactive|Darknight675 has 30 seconds left.\n|\n|t:|1771704843\n|-terastallize|p2b: Dragonite|Normal\n|move|p1b: Chien-Pao|Protect|p1b: Chien-Pao\n|-singleturn|p1b: Chien-Pao|Protect\n|move|p2b: Dragonite|Extreme Speed|p1b: Chien-Pao\n|-activate|p1b: Chien-Pao|move: Protect\n|move|p2a: Zamazenta|Heavy Slam|p1b: Chien-Pao\n|-activate|p1b: Chien-Pao|move: Protect\n|move|p1a: Dragonite|Low Kick|p2a: Zamazenta\n|-supereffective|p2a: Zamazenta\n|-damage|p2a: Zamazenta|36/100\n|\n|upkeep\n|turn|2\n|inactive|EllenJoe2026 has 30 seconds left.\n|\n|t:|1771704869\n|switch|p1b: Zamazenta|Zamazenta-Crowned, L50|100/100\n|-ability|p1b: Zamazenta|Dauntless Shield|boost\n|-boost|p1b: Zamazenta|def|1\n|move|p2b: Dragonite|Extreme Speed|p1a: Dragonite\n|-damage|p1a: Dragonite|32/100\n|move|p2a: Zamazenta|Heavy Slam|p1a: Dragonite\n|-crit|p1a: Dragonite\n|-damage|p1a: Dragonite|0 fnt\n|faint|p1a: Dragonite\n|\n|upkeep\n|\n|t:|1771704882\n|switch|p1a: Calyrex|Calyrex-Shadow, L50|100/100\n|-ability|p1a: Calyrex|As One\n|-ability|p1a: Calyrex|Unnerve\n|turn|3\n|inactive|Darknight675 has 30 seconds left.\n|inactive|Darknight675 has 20 seconds left.\n|inactive|Darknight675 has 15 seconds left.\n|\n|t:|1771704922\n|switch|p2b: Calyrex|Calyrex-Shadow, L50|100/100\n|-ability|p2b: Calyrex|As One\n|-ability|p2b: Calyrex|Unnerve\n|move|p2a: Zamazenta|Wide Guard|p2a: Zamazenta\n|-singleturn|p2a: Zamazenta|Wide Guard\n|move|p1a: Calyrex|Psychic|p2a: Zamazenta\n|-damage|p2a: Zamazenta|2/100\n|move|p1b: Zamazenta|Heavy Slam|p2b: Calyrex\n|-damage|p2b: Calyrex|46/100\n|\n|upkeep\n|turn|4\n|inactive|EllenJoe2026 has 30 seconds left.\n|inactive|Darknight675 has 30 seconds left.\n|inactive|Darknight675 has 20 seconds left.\n|inactive|Darknight675 has 15 seconds left.\n|inactive|Darknight675 has 10 seconds left.\n|\n|t:|1771704986\n|switch|p2b: Dragonite|Dragonite, L50, M, shiny, tera:Normal|100/100\n|switch|p2a: Chien-Pao|Chien-Pao, L50|100/100\n|-ability|p2a: Chien-Pao|Sword of Ruin\n|move|p1a: Calyrex|Psychic|p2a: Chien-Pao\n|-immune|p2a: Chien-Pao\n|move|p1b: Zamazenta|Heavy Slam|p2b: Dragonite\n|-damage|p2b: Dragonite|59/100\n|\n|upkeep\n|turn|5\n|inactive|EllenJoe2026 has 30 seconds left.\n|\n|t:|1771705018\n|move|p1a: Calyrex|Astral Barrage|p2b: Dragonite|[spread] p2a\n|-immune|p2b: Dragonite\n|-resisted|p2a: Chien-Pao\n|-damage|p2a: Chien-Pao|76/100\n|move|p2a: Chien-Pao|Icy Wind|p1a: Calyrex|[spread] p1a\n|-miss|p2a: Chien-Pao|p1b: Zamazenta\n|-damage|p1a: Calyrex|89/100\n|-unboost|p1a: Calyrex|spe|1\n|move|p1b: Zamazenta|Body Press|p2a: Chien-Pao\n|-supereffective|p2a: Chien-Pao\n|-damage|p2a: Chien-Pao|0 fnt\n|faint|p2a: Chien-Pao\n|move|p2b: Dragonite|Low Kick|p1b: Zamazenta\n|-supereffective|p1b: Zamazenta\n|-damage|p1b: Zamazenta|47/100\n|\n|upkeep\n|inactive|Darknight675 has 30 seconds left.\n|inactive|Darknight675 has 20 seconds left.\n|\n|t:|1771705055\n|switch|p2a: Zamazenta|Zamazenta-Crowned, L50|2/100\n|turn|6\n|inactive|EllenJoe2026 has 30 seconds left.\n|inactive|Darknight675 has 30 seconds left.\n|inactive|EllenJoe2026 has 20 seconds left.\n|inactive|EllenJoe2026 has 15 seconds left.\n|inactive|Darknight675 has 20 seconds left.\n|\n|t:|1771705100\n|switch|p2b: Calyrex|Calyrex-Shadow, L50|46/100\n|-ability|p2b: Calyrex|As One\n|-ability|p2b: Calyrex|Unnerve\n|move|p2a: Zamazenta|Protect|p2a: Zamazenta\n|-singleturn|p2a: Zamazenta|Protect\n|move|p1b: Zamazenta|Heavy Slam|p2b: Calyrex\n|-damage|p2b: Calyrex|0 fnt\n|faint|p2b: Calyrex\n|move|p1a: Calyrex|Psychic|p2a: Zamazenta\n|-activate|p2a: Zamazenta|move: Protect\n|\n|upkeep\n|\n|t:|1771705103\n|switch|p2b: Dragonite|Dragonite, L50, M, shiny, tera:Normal|59/100\n|turn|7\n|\n|t:|1771705121\n|switch|p1a: Chien-Pao|Chien-Pao, L50|100/100\n|-ability|p1a: Chien-Pao|Sword of Ruin\n|move|p1b: Zamazenta|Protect|p1b: Zamazenta\n|-singleturn|p1b: Zamazenta|Protect\n|move|p2a: Zamazenta|Heavy Slam|p1a: Chien-Pao\n|-supereffective|p1a: Chien-Pao\n|-damage|p1a: Chien-Pao|0 fnt\n|faint|p1a: Chien-Pao\n|move|p2b: Dragonite|Low Kick|p1b: Zamazenta\n|-activate|p1b: Zamazenta|move: Protect\n|\n|upkeep\n|\n|t:|1771705133\n|switch|p1a: Calyrex|Calyrex-Shadow, L50|89/100\n|-ability|p1a: Calyrex|As One\n|-ability|p1a: Calyrex|Unnerve\n|turn|8\n|\n|t:|1771705138\n|move|p1a: Calyrex|Psychic|p2a: Zamazenta\n|-damage|p2a: Zamazenta|0 fnt\n|faint|p2a: Zamazenta\n|-ability|p1a: Calyrex|Grim Neigh|boost\n|-boost|p1a: Calyrex|spa|1\n|move|p1b: Zamazenta|Body Press|p2b: Dragonite\n|-supereffective|p2b: Dragonite\n|-damage|p2b: Dragonite|0 fnt\n|faint|p2b: Dragonite\n|\n|win|EllenJoe2026\n|raw|EllenJoe2026's rating: 1483 &rarr; <strong>1506</strong><br />(+23 for winning)\n|raw|Darknight675's rating: 1531 &rarr; <strong>1508</strong><br />(-23 for losing)\n|l|\u2606Darknight675\n|player|p2|\n|l|\u2606EllenJoe2026\n|player|p1|\n","uploadtime":1771705309,"views":17,"formatid":"gen9vgc2026regi","rating":1506,"private":0,"password":null}