{"id":"gen9vgc2026regi-2539550384","format":"[Gen 9] VGC 2026 Reg I","players":["VortexVoyager","blackred123"],"log":"|j|\u2606VortexVoyager\n|j|\u2606blackred123\n|t:|1771079533\n|gametype|doubles\n|player|p1|VortexVoyager|miku-ghost|1238\n|player|p2|blackred123|iono-masters|1225\n|gen|9\n|tier|[Gen 9] VGC 2026 Reg I\n|rated|\n|rule|Species Clause: Limit one of each Pok\u00e9mon\n|rule|Item Clause: Limit 1 of each item\n|clearpoke\n|poke|p1|Calyrex-Ice, L50|\n|poke|p1|Miraidon, L50|\n|poke|p1|Incineroar, L50, F|\n|poke|p1|Urshifu-*, L50, F|\n|poke|p1|Tornadus, L50, M|\n|poke|p1|Flutter Mane, L50|\n|poke|p2|Reshiram, L50|\n|poke|p2|Koraidon, L50|\n|poke|p2|Flutter Mane, L50|\n|poke|p2|Indeedee-F, L50, F|\n|poke|p2|Ursaluna-Bloodmoon, L50, M|\n|poke|p2|Tornadus, L50, M|\n|teampreview|4\n|inactive|Battle timer is ON: inactive players will automatically lose when time's up. (requested by VortexVoyager)\n|inactive|blackred123 also wants the timer to be on.\n|\n|t:|1771079550\n|teamsize|p1|4\n|teamsize|p2|4\n|start\n|switch|p1a: Incineroar|Incineroar, L50, F, shiny|100/100\n|switch|p1b: Flutter Mane|Flutter Mane, L50, shiny|100/100\n|switch|p2a: \u9752\u7130\u767d\u9f99|Reshiram, L50|100/100\n|switch|p2b: \u7d2b\u5c3e\u723d\u98de|Tornadus, L50, M|100/100\n|-ability|p2a: \u9752\u7130\u767d\u9f99|Turboblaze\n|-ability|p1a: Incineroar|Intimidate|boost\n|-unboost|p2a: \u9752\u7130\u767d\u9f99|atk|1\n|-unboost|p2b: \u7d2b\u5c3e\u723d\u98de|atk|1\n|-enditem|p1b: Flutter Mane|Booster Energy\n|-activate|p1b: Flutter Mane|ability: Protosynthesis|[fromitem]\n|-start|p1b: Flutter Mane|protosynthesisspe\n|turn|1\n|\n|t:|1771079575\n|move|p1b: Flutter Mane|Protect|p1b: Flutter Mane\n|-singleturn|p1b: Flutter Mane|Protect\n|move|p2b: \u7d2b\u5c3e\u723d\u98de|Tailwind|p2b: \u7d2b\u5c3e\u723d\u98de\n|-sidestart|p2: blackred123|move: Tailwind\n|move|p2a: \u9752\u7130\u767d\u9f99|Heat Wave|p1b: Flutter Mane|[spread] p1a\n|-activate|p1b: Flutter Mane|move: Protect\n|-resisted|p1a: Incineroar\n|-crit|p1a: Incineroar\n|-damage|p1a: Incineroar|53/100\n|move|p1a: Incineroar|Knock Off|p2a: \u9752\u7130\u767d\u9f99\n|-damage|p2a: \u9752\u7130\u767d\u9f99|62/100\n|-enditem|p2a: \u9752\u7130\u767d\u9f99|Choice Specs|[from] move: Knock Off|[of] p1a: Incineroar\n|\n|upkeep\n|turn|2\n|\n|t:|1771079596\n|move|p2b: \u7d2b\u5c3e\u723d\u98de|Bleakwind Storm|p1a: Incineroar|[spread] p1a\n|-miss|p2b: \u7d2b\u5c3e\u723d\u98de|p1b: Flutter Mane\n|-damage|p1a: Incineroar|27/100\n|-unboost|p1a: Incineroar|spe|1\n|move|p1b: Flutter Mane|Moonblast|p2a: \u9752\u7130\u767d\u9f99\n|-damage|p2a: \u9752\u7130\u767d\u9f99|21/100\n|move|p2a: \u9752\u7130\u767d\u9f99|Heat Wave|p1a: Incineroar|[spread] p1a,p1b\n|-resisted|p1a: Incineroar\n|-damage|p1a: Incineroar|7/100\n|-damage|p1b: Flutter Mane|51/100\n|move|p1a: Incineroar|Knock Off|p2b: \u7d2b\u5c3e\u723d\u98de\n|-damage|p2b: \u7d2b\u5c3e\u723d\u98de|61/100\n|-enditem|p2b: \u7d2b\u5c3e\u723d\u98de|Mental Herb|[from] move: Knock Off|[of] p1a: Incineroar\n|\n|upkeep\n|turn|3\n|\n|t:|1771079616\n|move|p2b: \u7d2b\u5c3e\u723d\u98de|Bleakwind Storm|p1a: Incineroar|[spread] p1a,p1b\n|-damage|p1a: Incineroar|0 fnt\n|-damage|p1b: Flutter Mane|16/100\n|faint|p1a: Incineroar\n|move|p1b: Flutter Mane|Dazzling Gleam|p2b: \u7d2b\u5c3e\u723d\u98de|[spread] p2a,p2b\n|-damage|p2a: \u9752\u7130\u767d\u9f99|0 fnt\n|-damage|p2b: \u7d2b\u5c3e\u723d\u98de|26/100\n|faint|p2a: \u9752\u7130\u767d\u9f99\n|\n|upkeep\n|\n|t:|1771079627\n|switch|p2a: \u5e7d\u7fbd\u4e01\u771f|Flutter Mane, L50|100/100\n|switch|p1a: Miraidon|Miraidon, L50, shiny|100/100\n|-fieldstart|move: Electric Terrain|[from] ability: Hadron Engine|[of] p1a: Miraidon\n|turn|4\n|\n|t:|1771079643\n|move|p1b: Flutter Mane|Protect|p1b: Flutter Mane\n|-singleturn|p1b: Flutter Mane|Protect\n|move|p1a: Miraidon|Protect|p1a: Miraidon\n|-singleturn|p1a: Miraidon|Protect\n|move|p2a: \u5e7d\u7fbd\u4e01\u771f|Shadow Ball|p1b: Flutter Mane\n|-activate|p1b: Flutter Mane|move: Protect\n|move|p2b: \u7d2b\u5c3e\u723d\u98de|Bleakwind Storm|p1a: Miraidon|[spread] \n|-activate|p1a: Miraidon|move: Protect\n|-activate|p1b: Flutter Mane|move: Protect\n|\n|-sideend|p2: blackred123|move: Tailwind\n|upkeep\n|turn|5\n|\n|t:|1771079658\n|move|p2b: \u7d2b\u5c3e\u723d\u98de|Tailwind|p2b: \u7d2b\u5c3e\u723d\u98de\n|-sidestart|p2: blackred123|move: Tailwind\n|move|p2a: \u5e7d\u7fbd\u4e01\u771f|Moonblast|p1b: Flutter Mane\n|-damage|p1b: Flutter Mane|0 fnt\n|faint|p1b: Flutter Mane\n|-end|p1b: Flutter Mane|Protosynthesis|[silent]\n|move|p1a: Miraidon|Dazzling Gleam|p2a: \u5e7d\u7fbd\u4e01\u771f|[spread] p2a,p2b\n|-damage|p2a: \u5e7d\u7fbd\u4e01\u771f|57/100\n|-damage|p2b: \u7d2b\u5c3e\u723d\u98de|0 fnt\n|faint|p2b: \u7d2b\u5c3e\u723d\u98de\n|-damage|p1a: Miraidon|91/100|[from] item: Life Orb\n|\n|upkeep\n|\n|t:|1771079668\n|switch|p1b: Calyrex|Calyrex-Ice, L50|100/100\n|switch|p2b: \u4f60\u6731\u5417|Koraidon, L50, shiny|100/100\n|-ability|p1b: Calyrex|As One\n|-ability|p1b: Calyrex|Unnerve\n|-weather|SunnyDay|[from] ability: Orichalcum Pulse|[of] p2b: \u4f60\u6731\u5417\n|-activate|p2a: \u5e7d\u7fbd\u4e01\u771f|ability: Protosynthesis\n|-start|p2a: \u5e7d\u7fbd\u4e01\u771f|protosynthesisspe\n|-activate|p2b: \u4f60\u6731\u5417|Orichalcum Pulse|[source]\n|turn|6\n|inactive|VortexVoyager has 30 seconds left.\n|\n|t:|1771079703\n|-terastallize|p2b: \u4f60\u6731\u5417|Fire\n|-terastallize|p1b: Calyrex|Normal\n|move|p2a: \u5e7d\u7fbd\u4e01\u771f|Shadow Ball|p1b: Calyrex\n|-immune|p1b: Calyrex\n|move|p2b: \u4f60\u6731\u5417|Flare Blitz|p1b: Calyrex\n|-damage|p1b: Calyrex|0 fnt\n|faint|p1b: Calyrex\n|-damage|p2b: \u4f60\u6731\u5417|62/100|[from] Recoil\n|-damage|p2b: \u4f60\u6731\u5417|52/100|[from] item: Life Orb\n|move|p1a: Miraidon|Electro Drift|p2a: \u5e7d\u7fbd\u4e01\u771f\n|-damage|p2a: \u5e7d\u7fbd\u4e01\u771f|0 fnt\n|faint|p2a: \u5e7d\u7fbd\u4e01\u771f\n|-end|p2a: \u5e7d\u7fbd\u4e01\u771f|Protosynthesis|[silent]\n|-damage|p1a: Miraidon|81/100|[from] item: Life Orb\n|\n|-weather|SunnyDay|[upkeep]\n|upkeep\n|turn|7\n|inactive|blackred123 has 30 seconds left.\n|\n|t:|1771079730\n|move|p1a: Miraidon|Protect|p1a: Miraidon\n|-singleturn|p1a: Miraidon|Protect\n|move|p2b: \u4f60\u6731\u5417|Close Combat|p1a: Miraidon\n|-activate|p1a: Miraidon|move: Protect\n|\n|-weather|SunnyDay|[upkeep]\n|upkeep\n|turn|8\n|\n|t:|1771079737\n|move|p2b: \u4f60\u6731\u5417|Close Combat|p1a: Miraidon\n|-damage|p1a: Miraidon|0 fnt\n|-unboost|p2b: \u4f60\u6731\u5417|def|1\n|-unboost|p2b: \u4f60\u6731\u5417|spd|1\n|faint|p1a: Miraidon\n|-damage|p2b: \u4f60\u6731\u5417|43/100|[from] item: Life Orb\n|\n|win|blackred123\n|raw|VortexVoyager's rating: 1238 &rarr; <strong>1212</strong><br />(-26 for losing)\n|raw|blackred123's rating: 1225 &rarr; <strong>1251</strong><br />(+26 for winning)\n|l|\u2606VortexVoyager\n|player|p1|\n","uploadtime":1771079916,"views":27,"formatid":"gen9vgc2026regi","rating":1212,"private":0,"password":null}