{"id":"gen9vgc2026regi-2557240581","format":"[Gen 9] VGC 2026 Reg I","players":["itsxaver","501JFW"],"log":"|j|\u2606itsxaver\n|j|\u2606501JFW\n|t:|1773300787\n|gametype|doubles\n|player|p1|itsxaver|265|1434\n|player|p2|501JFW|170|1534\n|gen|9\n|tier|[Gen 9] VGC 2026 Reg I\n|rated|\n|rule|Species Clause: Limit one of each Pok\u00e9mon\n|rule|Item Clause: Limit 1 of each item\n|clearpoke\n|poke|p1|Miraidon, L50|\n|poke|p1|Groudon, L50|\n|poke|p1|Flutter Mane, L50|\n|poke|p1|Dragonite, L50, M|\n|poke|p1|Entei, L50|\n|poke|p1|Pincurchin, L50, F|\n|poke|p2|Lunala, L50|\n|poke|p2|Koraidon, L50|\n|poke|p2|Jumpluff, L50, M|\n|poke|p2|Ogerpon-Cornerstone, L50, F|\n|poke|p2|Raging Bolt, L50|\n|poke|p2|Ursaluna, L50, F|\n|teampreview|4\n|inactive|Battle timer is ON: inactive players will automatically lose when time's up. (requested by itsxaver)\n|\n|t:|1773300850\n|teamsize|p1|4\n|teamsize|p2|4\n|start\n|switch|p1a: Groudon|Groudon, L50|100/100\n|switch|p1b: Flutter Mane|Flutter Mane, L50|100/100\n|switch|p2a: Lunala|Lunala, L50, shiny|100/100\n|switch|p2b: Koraidon|Koraidon, L50, shiny|100/100\n|-weather|SunnyDay|[from] ability: Orichalcum Pulse|[of] p2b: Koraidon\n|-activate|p1b: Flutter Mane|ability: Protosynthesis\n|-start|p1b: Flutter Mane|protosynthesisspe\n|-activate|p2b: Koraidon|Orichalcum Pulse|[source]\n|turn|1\n|inactive|itsxaver has 30 seconds left.\n|inactive|501JFW has 30 seconds left.\n|inactive|itsxaver has 20 seconds left.\n|inactive|itsxaver has 15 seconds left.\n|inactive|itsxaver has 10 seconds left.\n|\n|t:|1773300900\n|move|p2a: Lunala|Wide Guard|p2a: Lunala\n|-singleturn|p2a: Lunala|Wide Guard\n|move|p1b: Flutter Mane|Dazzling Gleam|p2a: Lunala|[spread] \n|-activate|p2a: Lunala|move: Wide Guard\n|-activate|p2b: Koraidon|move: Wide Guard\n|move|p2b: Koraidon|Shadow Claw|p1b: Flutter Mane\n|-supereffective|p1b: Flutter Mane\n|-damage|p1b: Flutter Mane|0 fnt\n|faint|p1b: Flutter Mane\n|-end|p1b: Flutter Mane|Protosynthesis|[silent]\n|move|p1a: Groudon|Precipice Blades|p2b: Koraidon|[spread] \n|-activate|p2a: Lunala|move: Wide Guard\n|-activate|p2b: Koraidon|move: Wide Guard\n|\n|-weather|SunnyDay|[upkeep]\n|upkeep\n|\n|t:|1773300907\n|switch|p1b: Miraidon|Miraidon, L50|100/100\n|-fieldstart|move: Electric Terrain|[from] ability: Hadron Engine|[of] p1b: Miraidon\n|turn|2\n|inactive|501JFW has 30 seconds left.\n|\n|t:|1773300935\n|move|p2b: Koraidon|Close Combat|p1b: Miraidon\n|-damage|p1b: Miraidon|13/100\n|-unboost|p2b: Koraidon|def|1\n|-unboost|p2b: Koraidon|spd|1\n|move|p1b: Miraidon|Discharge|p2b: Koraidon|[spread] p2a,p2b\n|-immune|p1a: Groudon\n|-resisted|p2b: Koraidon\n|-damage|p2a: Lunala|79/100\n|-damage|p2b: Koraidon|58/100\n|-status|p2a: Lunala|par\n|-status|p2b: Koraidon|par\n|move|p1a: Groudon|Crunch|p2a: Lunala\n|-supereffective|p2a: Lunala\n|-damage|p2a: Lunala|0 fnt\n|faint|p2a: Lunala\n|\n|-weather|SunnyDay|[upkeep]\n|upkeep\n|inactive|501JFW has 30 seconds left.\n|\n|t:|1773300960\n|switch|p2a: Ursaluna|Ursaluna, L50, F, shiny|100/100\n|turn|3\n|\n|t:|1773300976\n|move|p1b: Miraidon|Dragon Pulse|p2b: Koraidon\n|-supereffective|p2b: Koraidon\n|-damage|p2b: Koraidon|0 fnt\n|faint|p2b: Koraidon\n|move|p1a: Groudon|Precipice Blades|p2a: Ursaluna\n|-damage|p2a: Ursaluna|57/100\n|move|p2a: Ursaluna|Earthquake|p1b: Miraidon|[spread] p1a,p1b\n|-supereffective|p1b: Miraidon\n|-damage|p1a: Groudon|72/100\n|-damage|p1b: Miraidon|0 fnt\n|faint|p1b: Miraidon\n|\n|-weather|SunnyDay|[upkeep]\n|-status|p2a: Ursaluna|brn|[from] item: Flame Orb\n|upkeep\n|\n|t:|1773300989\n|switch|p1b: Dragonite|Dragonite, L50, M|100/100\n|switch|p2b: Ogerpon|Ogerpon-Cornerstone, L50, F|100/100\n|turn|4\n|inactive|501JFW has 30 seconds left.\n|\n|t:|1773301022\n|-terastallize|p1a: Groudon|Ghost\n|move|p2b: Ogerpon|Spiky Shield|p2b: Ogerpon\n|-singleturn|p2b: Ogerpon|move: Protect\n|move|p2a: Ursaluna|Protect|p2a: Ursaluna\n|-singleturn|p2a: Ursaluna|Protect\n|move|p1a: Groudon|Precipice Blades|p2a: Ursaluna|[spread] \n|-activate|p2a: Ursaluna|move: Protect\n|-activate|p2b: Ogerpon|move: Protect\n|move|p1b: Dragonite|Outrage|p2b: Ogerpon\n|-activate|p2b: Ogerpon|move: Protect\n|-damage|p1b: Dragonite|88/100|[from] Spiky Shield|[of] p2b: Ogerpon\n|\n|-weather|SunnyDay|[upkeep]\n|-damage|p2a: Ursaluna|51/100 brn|[from] brn\n|upkeep\n|turn|5\n|inactive|501JFW has 30 seconds left.\n|l|\u2606501JFW\n|inactive|501JFW disconnected and has a minute to reconnect!\n|player|p2|\n|inactive|501JFW has 20 seconds left.\n|j|\u2606501JFW\n|inactive|501JFW reconnected and has 20 seconds left.\n|player|p2|501JFW|170|\n|inactive|501JFW has 15 seconds left.\n|\n|t:|1773301065\n|move|p1a: Groudon|Precipice Blades|p2b: Ogerpon|[spread] p2a,p2b\n|-damage|p2a: Ursaluna|15/100 brn\n|-damage|p2b: Ogerpon|54/100\n|move|p2b: Ogerpon|Ivy Cudgel|p1b: Dragonite|[anim] Ivy Cudgel Rock\n|-supereffective|p1b: Dragonite\n|-damage|p1b: Dragonite|0 fnt\n|faint|p1b: Dragonite\n|move|p2a: Ursaluna|Headlong Rush|p1a: Groudon\n|-damage|p1a: Groudon|4/100\n|-unboost|p2a: Ursaluna|def|1\n|-unboost|p2a: Ursaluna|spd|1\n|\n|-weather|none\n|-damage|p2a: Ursaluna|9/100 brn|[from] brn\n|upkeep\n|turn|6\n|\n|t:|1773301079\n|move|p2a: Ursaluna|Protect|p2a: Ursaluna\n|-singleturn|p2a: Ursaluna|Protect\n|move|p1a: Groudon|Precipice Blades|p2a: Ursaluna|[spread] p2b\n|-activate|p2a: Ursaluna|move: Protect\n|-damage|p2b: Ogerpon|9/100\n|move|p2b: Ogerpon|Ivy Cudgel|p1a: Groudon|[anim] Ivy Cudgel Rock\n|-damage|p1a: Groudon|0 fnt\n|faint|p1a: Groudon\n|\n|win|501JFW\n|raw|itsxaver's rating: 1434 &rarr; <strong>1420</strong><br />(-14 for losing)\n|raw|501JFW's rating: 1534 &rarr; <strong>1548</strong><br />(+14 for winning)\n|l|\u2606itsxaver\n|player|p1|\n|l|\u2606501JFW\n|player|p2|\n|j|\u2606501JFW\n|player|p2|501JFW|170|\n|l|\u2606501JFW\n|player|p2|\n","uploadtime":1773301308,"views":12,"formatid":"gen9vgc2026regi","rating":1420,"private":0,"password":null}