{"id":"gen9vgc2026regi-2570640191","format":"[Gen 9] VGC 2026 Reg I","players":["slimeslatt252","It'sJustKen VGC"],"log":"|j|\u2606slimeslatt252\n|j|\u2606It'sJustKen VGC\n|t:|1774830862\n|gametype|doubles\n|player|p1|slimeslatt252|170|1532\n|player|p2|It'sJustKen VGC|170|1511\n|gen|9\n|tier|[Gen 9] VGC 2026 Reg I\n|rated|\n|rule|Species Clause: Limit one of each Pok\u00e9mon\n|rule|Item Clause: Limit 1 of each item\n|clearpoke\n|poke|p1|Calyrex-Shadow, L50|\n|poke|p1|Koraidon, L50|\n|poke|p1|Incineroar, L50, M|\n|poke|p1|Raging Bolt, L50|\n|poke|p1|Brute Bonnet, L50|\n|poke|p1|Landorus, L50, M|\n|poke|p2|Miraidon, L50|\n|poke|p2|Landorus-Therian, L50, M|\n|poke|p2|Kingambit, L50, F|\n|poke|p2|Lunala, L50|\n|poke|p2|Urshifu-*, L50, M|\n|poke|p2|Entei, L50|\n|teampreview|4\n|inactive|Battle timer is ON: inactive players will automatically lose when time's up. (requested by slimeslatt252)\n|inactive|It'sJustKen VGC also wants the timer to be on.\nslimeslatt252 has agreed to open team sheets.\n|inactive|It'sJustKen VGC has 60 seconds left.\n|\n|t:|1774830900\n|teamsize|p1|4\n|teamsize|p2|4\n|start\n|switch|p1a: Incineroar|Incineroar, L50, M|100/100\n|switch|p1b: raging dingus|Raging Bolt, L50|100/100\n|switch|p2a: Entei|Entei, L50|100/100\n|switch|p2b: Urshifu|Urshifu-Rapid-Strike, L50, M|100/100\n|-ability|p1a: Incineroar|Intimidate|boost\n|-fail|p2a: Entei|unboost|Attack|[from] ability: Inner Focus|[of] p2a: Entei\n|-unboost|p2b: Urshifu|atk|1\n|turn|1\n|inactive|slimeslatt252 has 30 seconds left.\n|inactive|It'sJustKen VGC has 30 seconds left.\n|\n|t:|1774830934\n|move|p1a: Incineroar|Fake Out|p2b: Urshifu\n|-damage|p2b: Urshifu|89/100\n|cant|p2b: Urshifu|flinch\n|move|p2a: Entei|Sacred Fire|p1b: raging dingus\n|-resisted|p1b: raging dingus\n|-crit|p1b: raging dingus\n|-damage|p1b: raging dingus|73/100\n|-status|p1b: raging dingus|brn\n|move|p1b: raging dingus|Volt Switch|p2a: Entei\n|-damage|p2a: Entei|66/100\n|\n|t:|1774830953\n|-end|p1b: raging dingus|Protosynthesis|[silent]\n|switch|p1b: Calyrex|Calyrex-Shadow, L50|100/100|[from] Volt Switch\n|-ability|p1b: Calyrex|As One\n|-ability|p1b: Calyrex|Unnerve\n|\n|upkeep\n|turn|2\n|\n|t:|1774830969\n|-terastallize|p1b: Calyrex|Ghost\n|move|p1a: Incineroar|Helping Hand|p1b: Calyrex\n|-singleturn|p1b: Calyrex|Helping Hand|[of] p1a: Incineroar\n|move|p2b: Urshifu|Coaching|p2a: Entei\n|-boost|p2a: Entei|atk|1\n|-boost|p2a: Entei|def|1\n|move|p1b: Calyrex|Astral Barrage|p2b: Urshifu|[spread] p2a,p2b\n|-damage|p2a: Entei|0 fnt\n|-damage|p2b: Urshifu|0 fnt\n|faint|p2a: Entei\n|faint|p2b: Urshifu\n|-ability|p1b: Calyrex|Grim Neigh|boost\n|-boost|p1b: Calyrex|spa|2\n|\n|upkeep\n|\n|t:|1774830979\n|switch|p2b: Lunala|Lunala, L50|100/100\n|switch|p2a: Landorus|Landorus-Therian, L50, M|100/100\n|-ability|p2a: Landorus|Intimidate|boost\n|-unboost|p1a: Incineroar|atk|1\n|-unboost|p1b: Calyrex|atk|1\n|turn|3\n|\n|t:|1774830997\n|-terastallize|p2b: Lunala|Fairy\n|move|p1b: Calyrex|Psychic|p2a: Landorus\n|-damage|p2a: Landorus|27/100\n|move|p2b: Lunala|Moonblast|p1a: Incineroar\n|-damage|p1a: Incineroar|59/100\n|move|p2a: Landorus|Stomping Tantrum|p1a: Incineroar\n|-supereffective|p1a: Incineroar\n|-damage|p1a: Incineroar|0 fnt\n|-damage|p2a: Landorus|10/100|[from] item: Rocky Helmet|[of] p1a: Incineroar\n|faint|p1a: Incineroar\n|\n|upkeep\n|\n|t:|1774831007\n|switch|p1a: Koraidon|Koraidon, L50|100/100\n|-weather|SunnyDay|[from] ability: Orichalcum Pulse|[of] p1a: Koraidon\n|-activate|p1a: Koraidon|Orichalcum Pulse|[source]\n|turn|4\n|\n|t:|1774831010\n|move|p2b: Lunala|Wide Guard|p2b: Lunala\n|-singleturn|p2b: Lunala|Wide Guard\n|move|p1b: Calyrex|Astral Barrage|p2b: Lunala|[spread] \n|-activate|p2a: Landorus|move: Wide Guard\n|-activate|p2b: Lunala|move: Wide Guard\n|move|p1a: Koraidon|Flame Charge|p2a: Landorus\n|-damage|p2a: Landorus|0 fnt\n|-boost|p1a: Koraidon|spe|1\n|faint|p2a: Landorus\n|\n|-weather|SunnyDay|[upkeep]\n|upkeep\n|turn|5\n|-message|It'sJustKen VGC forfeited.\n|\n|win|slimeslatt252\n|raw|slimeslatt252's rating: 1532 &rarr; <strong>1551</strong><br />(+19 for winning)\n|raw|It&apos;sJustKen VGC's rating: 1511 &rarr; <strong>1492</strong><br />(-19 for losing)\n|l|\u2606It'sJustKen VGC\n|player|p2|\n","uploadtime":1774831051,"views":34,"formatid":"gen9vgc2026regi","rating":1492,"private":0,"password":null}