{"id":"gen9vgc2026regi-2562642935","format":"[Gen 9] VGC 2026 Reg I","players":["Sh1k3","lauraboosaann"],"log":"|j|\u2606Sh1k3\n|j|\u2606lauraboosaann\n|t:|1773937371\n|gametype|doubles\n|player|p1|Sh1k3|265|1135\n|player|p2|lauraboosaann|lance|1114\n|gen|9\n|tier|[Gen 9] VGC 2026 Reg I\n|rated|\n|rule|Species Clause: Limit one of each Pok\u00e9mon\n|rule|Item Clause: Limit 1 of each item\n|clearpoke\n|poke|p1|Flutter Mane, L50|\n|poke|p1|Incineroar, L50, M|\n|poke|p1|Koraidon, L50|\n|poke|p1|Raging Bolt, L50|\n|poke|p1|Ho-Oh, L50|\n|poke|p1|Iron Treads, L50|\n|poke|p2|Sinistcha-Masterpiece, L50|\n|poke|p2|Ogerpon-Cornerstone, L50, F|\n|poke|p2|Excadrill, L50, F|\n|poke|p2|Tyranitar, L50, F|\n|poke|p2|Hydreigon, L50, M|\n|poke|p2|Tornadus, L50, M|\n|teampreview|4\n|inactive|Battle timer is ON: inactive players will automatically lose when time's up. (requested by lauraboosaann)\n|n|\u2606lauraboosaann|lauraboosaann\n|n|\u2606lauraboosaann|lauraboosaann\n|\n|t:|1773937394\n|teamsize|p1|4\n|teamsize|p2|4\n|start\n|switch|p1a: Flutter Mane|Flutter Mane, L50|100/100\n|switch|p1b: Raging Bolt|Raging Bolt, L50|100/100\n|switch|p2a: Hydreigon|Hydreigon, L50, M|100/100\n|switch|p2b: Tornadus|Tornadus, L50, M|100/100\n|turn|1\n|\n|t:|1773937411\n|-end|p1b: Raging Bolt|Protosynthesis|[silent]\n|switch|p1b: Incineroar|Incineroar, L50, M|100/100\n|-ability|p1b: Incineroar|Intimidate|boost\n|-unboost|p2a: Hydreigon|atk|1\n|-unboost|p2b: Tornadus|atk|1\n|move|p2b: Tornadus|Tailwind|p2b: Tornadus\n|-sidestart|p2: lauraboosaann|move: Tailwind\n|move|p2a: Hydreigon|Draco Meteor|p1b: Incineroar\n|-damage|p1b: Incineroar|11/100\n|-unboost|p2a: Hydreigon|spa|2\n|move|p1a: Flutter Mane|Moonblast|p2a: Hydreigon\n|-supereffective|p2a: Hydreigon\n|-damage|p2a: Hydreigon|0 fnt\n|faint|p2a: Hydreigon\n|\n|upkeep\n|\n|t:|1773937428\n|switch|p2a: Excadrill|Excadrill, L50, F, shiny|100/100\n|turn|2\n|\n|t:|1773937442\n|switch|p1b: Koraidon|Koraidon, L50|100/100\n|-weather|SunnyDay|[from] ability: Orichalcum Pulse|[of] p1b: Koraidon\n|-activate|p1a: Flutter Mane|ability: Protosynthesis\n|-start|p1a: Flutter Mane|protosynthesisspe\n|-activate|p1b: Koraidon|Orichalcum Pulse|[source]\n|move|p2a: Excadrill|Protect|p2a: Excadrill\n|-singleturn|p2a: Excadrill|Protect\n|move|p1a: Flutter Mane|Icy Wind|p2a: Excadrill|[spread] \n|-activate|p2a: Excadrill|move: Protect\n|-miss|p1a: Flutter Mane|p2b: Tornadus\n|move|p2b: Tornadus|Bleakwind Storm|p1a: Flutter Mane|[spread] p1a,p1b\n|-supereffective|p1b: Koraidon\n|-damage|p1a: Flutter Mane|66/100\n|-damage|p1b: Koraidon|39/100\n|\n|-weather|SunnyDay|[upkeep]\n|upkeep\n|turn|3\n|inactive|lauraboosaann has 30 seconds left.\n|\n|t:|1773937467\n|move|p1a: Flutter Mane|Protect|p1a: Flutter Mane\n|-singleturn|p1a: Flutter Mane|Protect\n|move|p1b: Koraidon|Protect|p1b: Koraidon\n|-singleturn|p1b: Koraidon|Protect\n|move|p2b: Tornadus|Sandstorm|p2b: Tornadus\n|-weather|Sandstorm\n|-end|p1a: Flutter Mane|Protosynthesis\n|move|p2a: Excadrill|High Horsepower|p1b: Koraidon\n|-activate|p1b: Koraidon|move: Protect\n|\n|-weather|Sandstorm|[upkeep]\n|-damage|p2b: Tornadus|95/100|[from] Sandstorm\n|-damage|p1b: Koraidon|33/100|[from] Sandstorm\n|-damage|p1a: Flutter Mane|60/100|[from] Sandstorm\n|upkeep\n|turn|4\n|\n|t:|1773937491\n|switch|p1b: Raging Bolt|Raging Bolt, L50|100/100\n|move|p2a: Excadrill|Iron Head|p1a: Flutter Mane\n|-supereffective|p1a: Flutter Mane\n|-damage|p1a: Flutter Mane|0 fnt\n|faint|p1a: Flutter Mane\n|-end|p1a: Flutter Mane|Protosynthesis|[silent]\n|-damage|p2a: Excadrill|91/100|[from] item: Life Orb\n|move|p2b: Tornadus|Bleakwind Storm|p1b: Raging Bolt\n|-resisted|p1b: Raging Bolt\n|-damage|p1b: Raging Bolt|88/100\n|\n|-weather|Sandstorm|[upkeep]\n|-damage|p2b: Tornadus|89/100|[from] Sandstorm\n|-damage|p1b: Raging Bolt|82/100|[from] Sandstorm\n|-sideend|p2: lauraboosaann|move: Tailwind\n|upkeep\n|\n|t:|1773937495\n|switch|p1a: Koraidon|Koraidon, L50|33/100\n|-weather|SunnyDay|[from] ability: Orichalcum Pulse|[of] p1a: Koraidon\n|-activate|p1b: Raging Bolt|ability: Protosynthesis\n|-start|p1b: Raging Bolt|protosynthesisspa\n|-activate|p1a: Koraidon|Orichalcum Pulse|[source]\n|turn|5\n|\n|t:|1773937516\n|switch|p1a: Incineroar|Incineroar, L50, M|11/100\n|-ability|p1a: Incineroar|Intimidate|boost\n|-unboost|p2a: Excadrill|atk|1\n|-unboost|p2b: Tornadus|atk|1\n|move|p2b: Tornadus|Sandstorm|p2b: Tornadus\n|-weather|Sandstorm\n|-end|p1b: Raging Bolt|Protosynthesis\n|move|p2a: Excadrill|High Horsepower|p1a: Incineroar\n|-supereffective|p1a: Incineroar\n|-damage|p1a: Incineroar|0 fnt\n|-damage|p2a: Excadrill|75/100|[from] item: Rocky Helmet|[of] p1a: Incineroar\n|faint|p1a: Incineroar\n|-damage|p2a: Excadrill|65/100|[from] item: Life Orb\n|move|p1b: Raging Bolt|Draco Meteor|p2b: Tornadus\n|-damage|p2b: Tornadus|33/100\n|-unboost|p1b: Raging Bolt|spa|2\n|\n|-weather|Sandstorm|[upkeep]\n|-damage|p2b: Tornadus|27/100|[from] Sandstorm\n|-damage|p1b: Raging Bolt|76/100|[from] Sandstorm\n|upkeep\n|\n|t:|1773937519\n|switch|p1a: Koraidon|Koraidon, L50|33/100\n|-weather|SunnyDay|[from] ability: Orichalcum Pulse|[of] p1a: Koraidon\n|-activate|p1b: Raging Bolt|ability: Protosynthesis\n|-start|p1b: Raging Bolt|protosynthesisdef\n|-activate|p1a: Koraidon|Orichalcum Pulse|[source]\n|turn|6\n|inactive|lauraboosaann has 30 seconds left.\n|\n|t:|1773937546\n|move|p2b: Tornadus|Sandstorm|p2b: Tornadus\n|-weather|Sandstorm\n|-end|p1b: Raging Bolt|Protosynthesis\n|move|p2a: Excadrill|High Horsepower|p1a: Koraidon\n|-damage|p1a: Koraidon|0 fnt\n|faint|p1a: Koraidon\n|-damage|p2a: Excadrill|55/100|[from] item: Life Orb\n|move|p1b: Raging Bolt|Electroweb|p2a: Excadrill|[spread] p2b\n|-immune|p2a: Excadrill\n|-supereffective|p2b: Tornadus\n|-damage|p2b: Tornadus|10/100\n|\n|-weather|Sandstorm|[upkeep]\n|-damage|p2b: Tornadus|4/100|[from] Sandstorm\n|-damage|p1b: Raging Bolt|70/100|[from] Sandstorm\n|upkeep\n|turn|7\n|-message|Sh1k3 forfeited.\n|\n|win|lauraboosaann\n|raw|Sh1k3's rating: 1135 &rarr; <strong>1108</strong><br />(-27 for losing)\n|raw|lauraboosaann's rating: 1114 &rarr; <strong>1141</strong><br />(+27 for winning)\n|l|\u2606Sh1k3\n|player|p1|\n|l|\u2606lauraboosaann\n|player|p2|\n","uploadtime":1773937808,"views":8,"formatid":"gen9vgc2026regi","rating":1108,"private":0,"password":null}