{"id":"gen9vgc2026regi-2560787554","format":"[Gen 9] VGC 2026 Reg I","players":["nicouser","sheeshshane925"],"log":"|j|\u2606nicouser\n|j|\u2606sheeshshane925\n|t:|1773726341\n|gametype|doubles\n|player|p1|nicouser|101|1221\n|player|p2|sheeshshane925|chuck|1493\n|gen|9\n|tier|[Gen 9] VGC 2026 Reg I\n|rated|\n|rule|Species Clause: Limit one of each Pok\u00e9mon\n|rule|Item Clause: Limit 1 of each item\n|clearpoke\n|poke|p1|Groudon, L50|\n|poke|p1|Calyrex-Ice, L50|\n|poke|p1|Chi-Yu, L50|\n|poke|p1|Flutter Mane, L50|\n|poke|p1|Jumpluff, L50, F|\n|poke|p1|Raging Bolt, L50|\n|poke|p2|Calyrex-Ice, L50|\n|poke|p2|Miraidon, L50|\n|poke|p2|Farigiraf, L50, M|\n|poke|p2|Iron Hands, L50|\n|poke|p2|Scraggy, L50, M|\n|poke|p2|Iron Bundle, L50|\n|teampreview|4\n|inactive|Battle timer is ON: inactive players will automatically lose when time's up. (requested by sheeshshane925)\n|\n|t:|1773726373\n|teamsize|p1|4\n|teamsize|p2|4\n|start\n|switch|p1a: Groudon|Groudon, L50|100/100\n|switch|p1b: Flutter Mane|Flutter Mane, L50|100/100\n|switch|p2a: Miraidon|Miraidon, L50, shiny|100/100\n|switch|p2b: Farigiraf|Farigiraf, L50, M, shiny|100/100\n|-fieldstart|move: Electric Terrain|[from] ability: Hadron Engine|[of] p2a: Miraidon\n|-enditem|p2b: Farigiraf|Electric Seed\n|-boost|p2b: Farigiraf|def|1|[from] item: Electric Seed\n|-weather|SunnyDay|[from] ability: Drought|[of] p1a: Groudon\n|-activate|p1b: Flutter Mane|ability: Protosynthesis\n|-start|p1b: Flutter Mane|protosynthesisspe\n|turn|1\n|\n|t:|1773726387\n|-terastallize|p2a: Miraidon|Fairy\n|move|p2b: Farigiraf|Helping Hand|p2a: Miraidon\n|-singleturn|p2a: Miraidon|Helping Hand|[of] p2b: Farigiraf\n|move|p1b: Flutter Mane|Taunt|p2b: Farigiraf\n|-start|p2b: Farigiraf|move: Taunt\n|move|p2a: Miraidon|Dazzling Gleam|p1b: Flutter Mane|[spread] p1a,p1b\n|-damage|p1a: Groudon|40/100\n|-damage|p1b: Flutter Mane|13/100\n|-damage|p2a: Miraidon|91/100|[from] item: Life Orb\n|move|p1a: Groudon|Precipice Blades|p2a: Miraidon|[spread] p2b\n|-miss|p1a: Groudon|p2a: Miraidon\n|-damage|p2b: Farigiraf|71/100\n|\n|-weather|SunnyDay|[upkeep]\n|upkeep\n|turn|2\n|inactive|sheeshshane925 has 30 seconds left.\n|inactive|sheeshshane925 has 20 seconds left.\n|inactive|sheeshshane925 has 15 seconds left.\n|\n|t:|1773726430\n|-terastallize|p1a: Groudon|Fire\n|move|p1b: Flutter Mane|Moonblast|p2b: Farigiraf\n|-damage|p2b: Farigiraf|24/100\n|-unboost|p2b: Farigiraf|spa|1\n|move|p2a: Miraidon|Dazzling Gleam|p1b: Flutter Mane|[spread] p1a,p1b\n|-resisted|p1a: Groudon\n|-damage|p1a: Groudon|21/100\n|-damage|p1b: Flutter Mane|0 fnt\n|faint|p1b: Flutter Mane\n|-end|p1b: Flutter Mane|Protosynthesis|[silent]\n|-damage|p2a: Miraidon|81/100|[from] item: Life Orb\n|move|p1a: Groudon|Precipice Blades|p2b: Farigiraf|[spread] p2a,p2b\n|-damage|p2a: Miraidon|36/100\n|-damage|p2b: Farigiraf|0 fnt\n|faint|p2b: Farigiraf\n|\n|-weather|SunnyDay|[upkeep]\n|upkeep\n|\n|t:|1773726446\n|switch|p1b: Chi-Yu|Chi-Yu, L50|100/100\n|switch|p2b: Calyrex|Calyrex-Ice, L50|100/100\n|-ability|p2b: Calyrex|As One\n|-ability|p2b: Calyrex|Unnerve\n|-ability|p1b: Chi-Yu|Beads of Ruin\n|turn|3\n|\n|t:|1773726461\n|switch|p1a: Calyrex|Calyrex-Ice, L50|100/100\n|-ability|p1a: Calyrex|As One\n|-ability|p1a: Calyrex|Unnerve\n|move|p2b: Calyrex|Protect|p2b: Calyrex\n|-singleturn|p2b: Calyrex|Protect\n|move|p1b: Chi-Yu|Heat Wave|p2a: Miraidon|[spread] p2a\n|-activate|p2b: Calyrex|move: Protect\n|-damage|p2a: Miraidon|0 fnt\n|faint|p2a: Miraidon\n|\n|-weather|SunnyDay|[upkeep]\n|upkeep\n|\n|t:|1773726465\n|switch|p2a: Scraggy|Scraggy, L50, M|100/100\n|-ability|p2a: Scraggy|Intimidate|boost\n|-unboost|p1a: Calyrex|atk|1\n|-unboost|p1b: Chi-Yu|atk|1\n|turn|4\n|\n|t:|1773726486\n|move|p2a: Scraggy|Fake Out|p1b: Chi-Yu\n|-damage|p1b: Chi-Yu|90/100\n|cant|p1b: Chi-Yu|flinch\n|move|p1a: Calyrex|Glacial Lance|p2a: Scraggy|[spread] p2a,p2b\n|-resisted|p2b: Calyrex\n|-damage|p2a: Scraggy|59/100\n|-damage|p2b: Calyrex|87/100\n|move|p2b: Calyrex|High Horsepower|p1b: Chi-Yu\n|-supereffective|p1b: Chi-Yu\n|-damage|p1b: Chi-Yu|0 fnt\n|faint|p1b: Chi-Yu\n|-ability|p2b: Calyrex|Chilling Neigh|boost\n|-boost|p2b: Calyrex|atk|1\n|\n|-weather|SunnyDay|[upkeep]\n|upkeep\n|\n|t:|1773726492\n|switch|p1b: Groudon|Groudon, L50, tera:Fire|21/100\n|turn|5\n|\n|t:|1773726511\n|move|p1b: Groudon|Precipice Blades|p2a: Scraggy|[spread] p2b\n|-miss|p1b: Groudon|p2a: Scraggy\n|-damage|p2b: Calyrex|54/100\n|move|p1a: Calyrex|Glacial Lance|p2b: Calyrex|[spread] p2a,p2b\n|-resisted|p2b: Calyrex\n|-damage|p2a: Scraggy|20/100\n|-damage|p2b: Calyrex|41/100\n|move|p2b: Calyrex|High Horsepower|p1b: Groudon\n|-supereffective|p1b: Groudon\n|-damage|p1b: Groudon|0 fnt\n|faint|p1b: Groudon\n|-ability|p2b: Calyrex|Chilling Neigh|boost\n|-boost|p2b: Calyrex|atk|1\n|move|p2a: Scraggy|Coaching|p2b: Calyrex\n|-boost|p2b: Calyrex|atk|1\n|-boost|p2b: Calyrex|def|1\n|\n|-weather|none\n|-fieldend|move: Electric Terrain\n|upkeep\n|turn|6\n|\n|t:|1773726528\n|move|p1a: Calyrex|Glacial Lance|p2b: Calyrex|[spread] p2a,p2b\n|-resisted|p2b: Calyrex\n|-damage|p2a: Scraggy|0 fnt\n|-damage|p2b: Calyrex|32/100\n|faint|p2a: Scraggy\n|-ability|p1a: Calyrex|Chilling Neigh|boost\n|-boost|p1a: Calyrex|atk|1\n|move|p2b: Calyrex|Glacial Lance|p1a: Calyrex\n|-resisted|p1a: Calyrex\n|-damage|p1a: Calyrex|36/100\n|\n|upkeep\n|turn|7\n|\n|t:|1773726534\n|move|p1a: Calyrex|Glacial Lance|p2b: Calyrex\n|-resisted|p2b: Calyrex\n|-damage|p2b: Calyrex|12/100\n|move|p2b: Calyrex|Glacial Lance|p1a: Calyrex\n|-resisted|p1a: Calyrex\n|-damage|p1a: Calyrex|0 fnt\n|faint|p1a: Calyrex\n|\n|win|sheeshshane925\n|raw|nicouser's rating: 1221 &rarr; <strong>1212</strong><br />(-9 for losing)\n|raw|sheeshshane925's rating: 1493 &rarr; <strong>1500</strong><br />(+7 for winning)\n|l|\u2606sheeshshane925\n|player|p2|\n","uploadtime":1773726874,"views":13,"formatid":"gen9vgc2026regi","rating":1212,"private":0,"password":null}