{"id":"gen9vgc2026regi-2551781870","format":"[Gen 9] VGC 2026 Reg I","players":["Pokemonst3r","VJ2511"],"log":"|j|\u2606Pokemonst3r\n|j|\u2606VJ2511\n|t:|1772644759\n|gametype|doubles\n|player|p1|Pokemonst3r|266|1512\n|player|p2|VJ2511|red-masters3|1541\n|gen|9\n|tier|[Gen 9] VGC 2026 Reg I\n|rated|\n|rule|Species Clause: Limit one of each Pok\u00e9mon\n|rule|Item Clause: Limit 1 of each item\n|clearpoke\n|poke|p1|Chien-Pao, L50|\n|poke|p1|Calyrex-Shadow, L50|\n|poke|p1|Dondozo, L50, M|\n|poke|p1|Zamazenta-*, L50|\n|poke|p1|Dragonite, L50, M|\n|poke|p1|Tatsugiri, L50, F|\n|poke|p2|Calyrex-Shadow, L50|\n|poke|p2|Zamazenta-*, L50|\n|poke|p2|Chien-Pao, L50|\n|poke|p2|Dragonite, L50, M|\n|poke|p2|Raging Bolt, L50|\n|poke|p2|Amoonguss, L50, M|\n|teampreview|4\n|inactive|Battle timer is ON: inactive players will automatically lose when time's up. (requested by Pokemonst3r)\n|\n|t:|1772644774\n|teamsize|p1|4\n|teamsize|p2|4\n|start\n|switch|p1a: Dondozo|Dondozo, L50, M|100/100\n|switch|p1b: Calyrex|Calyrex-Shadow, L50|100/100\n|switch|p2a: Zamazenta|Zamazenta-Crowned, L50|100/100\n|switch|p2b: Chien-Pao|Chien-Pao, L50|100/100\n|-ability|p1b: Calyrex|As One\n|-ability|p1b: Calyrex|Unnerve\n|-ability|p2b: Chien-Pao|Sword of Ruin\n|-ability|p2a: Zamazenta|Dauntless Shield|boost\n|-boost|p2a: Zamazenta|def|1\n|turn|1\n|\n|t:|1772644786\n|move|p2a: Zamazenta|Protect|p2a: Zamazenta\n|-singleturn|p2a: Zamazenta|Protect\n|move|p1a: Dondozo|Protect|p1a: Dondozo\n|-singleturn|p1a: Dondozo|Protect\n|move|p1b: Calyrex|Astral Barrage|p2b: Chien-Pao|[spread] p2b\n|-activate|p2a: Zamazenta|move: Protect\n|-resisted|p2b: Chien-Pao\n|-damage|p2b: Chien-Pao|74/100\n|move|p2b: Chien-Pao|Icy Wind|p1b: Calyrex|[spread] p1b\n|-activate|p1a: Dondozo|move: Protect\n|-damage|p1b: Calyrex|88/100\n|-unboost|p1b: Calyrex|spe|1\n|\n|upkeep\n|turn|2\n|\n|t:|1772644805\n|switch|p1b: Tatsugiri|Tatsugiri, L50, F|100/100\n|-activate|p1b: Tatsugiri|ability: Commander|[of] p1a: Dondozo\n|-boost|p1a: Dondozo|atk|2\n|-boost|p1a: Dondozo|spa|2\n|-boost|p1a: Dondozo|spe|2\n|-boost|p1a: Dondozo|def|2\n|-boost|p1a: Dondozo|spd|2\n|move|p2b: Chien-Pao|Ruination|p1a: Dondozo\n|-damage|p1a: Dondozo|50/100\n|move|p2a: Zamazenta|Body Press|p1a: Dondozo\n|-damage|p1a: Dondozo|33/100\n|move|p1a: Dondozo|Earthquake|p2a: Zamazenta|[spread] p2a,p2b\n|-miss|p1a: Dondozo|p1b: Tatsugiri\n|-supereffective|p2a: Zamazenta\n|-damage|p2a: Zamazenta|45/100\n|-damage|p2b: Chien-Pao|19/100\n|\n|-heal|p1a: Dondozo|39/100|[from] item: Leftovers\n|upkeep\n|turn|3\n|\n|t:|1772644825\n|move|p1a: Dondozo|Protect|p1a: Dondozo\n|-singleturn|p1a: Dondozo|Protect\n|move|p2b: Chien-Pao|Ruination|p1a: Dondozo\n|-activate|p1a: Dondozo|move: Protect\n|move|p2a: Zamazenta|Body Press|p1a: Dondozo\n|-activate|p1a: Dondozo|move: Protect\n|\n|-heal|p1a: Dondozo|45/100|[from] item: Leftovers\n|upkeep\n|turn|4\n|\n|t:|1772644839\n|move|p2b: Chien-Pao|Ruination|p1a: Dondozo\n|-damage|p1a: Dondozo|23/100\n|move|p2a: Zamazenta|Body Press|p1a: Dondozo\n|-damage|p1a: Dondozo|3/100\n|move|p1a: Dondozo|Earthquake|p2a: Zamazenta|[spread] p2a,p2b\n|-miss|p1a: Dondozo|p1b: Tatsugiri\n|-supereffective|p2a: Zamazenta\n|-crit|p2b: Chien-Pao\n|-damage|p2a: Zamazenta|0 fnt\n|-damage|p2b: Chien-Pao|0 fnt\n|faint|p2a: Zamazenta\n|faint|p2b: Chien-Pao\n|\n|-heal|p1a: Dondozo|9/100|[from] item: Leftovers\n|upkeep\n|\n|t:|1772644848\n|switch|p2b: Raging Bolt|Raging Bolt, L50|100/100\n|switch|p2a: Calyrex|Calyrex-Shadow, L50|100/100\n|-ability|p2a: Calyrex|As One\n|-ability|p2a: Calyrex|Unnerve\n|-enditem|p2b: Raging Bolt|Booster Energy\n|-activate|p2b: Raging Bolt|ability: Protosynthesis|[fromitem]\n|-start|p2b: Raging Bolt|protosynthesisspa\n|turn|5\n|\n|t:|1772644860\n|move|p1a: Dondozo|Protect|p1a: Dondozo\n|-singleturn|p1a: Dondozo|Protect\n|move|p2a: Calyrex|Astral Barrage|p1b: Tatsugiri|[spread] \n|-miss|p2a: Calyrex|p1b: Tatsugiri\n|-activate|p1a: Dondozo|move: Protect\n|move|p2b: Raging Bolt|Dragon Pulse|p1a: Dondozo\n|-activate|p1a: Dondozo|move: Protect\n|\n|-heal|p1a: Dondozo|16/100|[from] item: Leftovers\n|upkeep\n|turn|6\n|\n|t:|1772644874\n|move|p2a: Calyrex|Astral Barrage|p1b: Tatsugiri|[spread] p1a\n|-miss|p2a: Calyrex|p1b: Tatsugiri\n|-damage|p1a: Dondozo|0 fnt\n|faint|p1a: Dondozo\n|-ability|p2a: Calyrex|Grim Neigh|boost\n|-boost|p2a: Calyrex|spa|1\n|move|p2b: Raging Bolt|Dragon Pulse|p1b: Tatsugiri\n|-supereffective|p1b: Tatsugiri\n|-damage|p1b: Tatsugiri|0 fnt\n|faint|p1b: Tatsugiri\n|\n|upkeep\n|\n|t:|1772644885\n|switch|p1b: Calyrex|Calyrex-Shadow, L50|88/100\n|switch|p1a: Zamazenta|Zamazenta-Crowned, L50|100/100\n|-ability|p1b: Calyrex|As One\n|-ability|p1b: Calyrex|Unnerve\n|-ability|p1a: Zamazenta|Dauntless Shield|boost\n|-boost|p1a: Zamazenta|def|1\n|turn|7\n|\n|t:|1772644899\n|-terastallize|p2b: Raging Bolt|Electric\n|move|p1b: Calyrex|Astral Barrage|p2a: Calyrex|[spread] p2a,p2b\n|-supereffective|p2a: Calyrex\n|-enditem|p2a: Calyrex|Focus Sash\n|-damage|p2a: Calyrex|1/100\n|-damage|p2b: Raging Bolt|55/100\n|move|p2a: Calyrex|Psychic|p1a: Zamazenta\n|-damage|p1a: Zamazenta|43/100\n|move|p1a: Zamazenta|Body Press|p2b: Raging Bolt\n|-damage|p2b: Raging Bolt|0 fnt\n|faint|p2b: Raging Bolt\n|-end|p2b: Raging Bolt|Protosynthesis|[silent]\n|\n|upkeep\n|turn|8\n|-message|VJ2511 forfeited.\n|\n|win|Pokemonst3r\n|raw|Pokemonst3r's rating: 1512 &rarr; <strong>1534</strong><br />(+22 for winning)\n|raw|VJ2511's rating: 1541 &rarr; <strong>1519</strong><br />(-22 for losing)\n|l|\u2606Pokemonst3r\n|player|p1|\n|l|\u2606VJ2511\n|player|p2|\n","uploadtime":1772645127,"views":19,"formatid":"gen9vgc2026regi","rating":1519,"private":0,"password":null}