{"id":"gen9vgc2026regi-2564783168","format":"[Gen 9] VGC 2026 Reg I","players":["BanKingambit69247","Donye East"],"log":"|j|\u2606BanKingambit69247\n|j|\u2606Donye East\n|t:|1774197200\n|gametype|doubles\n|player|p1|BanKingambit69247|lucas|1527\n|player|p2|Donye East|nemona-s|1460\n|gen|9\n|tier|[Gen 9] VGC 2026 Reg I\n|rated|\n|rule|Species Clause: Limit one of each Pok\u00e9mon\n|rule|Item Clause: Limit 1 of each item\n|clearpoke\n|poke|p1|Calyrex-Shadow, L50|\n|poke|p1|Zamazenta-*, L50|\n|poke|p1|Chien-Pao, L50|\n|poke|p1|Smeargle, L50, M|\n|poke|p1|Dondozo, L50, F|\n|poke|p1|Tatsugiri, L50, M|\n|poke|p2|Incineroar, L50, M|\n|poke|p2|Ting-Lu, L50|\n|poke|p2|Lunala, L50|\n|poke|p2|Calyrex-Ice, L50|\n|poke|p2|Brute Bonnet, L50|\n|poke|p2|Raging Bolt, L50|\n|teampreview|4\n|inactive|Battle timer is ON: inactive players will automatically lose when time's up. (requested by Donye East)\n|\n|t:|1774197234\n|teamsize|p1|4\n|teamsize|p2|4\n|start\n|switch|p1a: \u5582\u5582\u5582?\u5582\u5582\u5582?\ud83d\udc37\ud83d\udc37\ud83d\udc37|Chien-Pao, L50|100/100\n|switch|p1b: \u9a6c\u5934\u725b\u903c\ud83d\udc36\ud83d\udc36\ud83d\udc36|Zamazenta-Crowned, L50|100/100\n|switch|p2a: Lunala|Lunala, L50|100/100\n|switch|p2b: Incineroar|Incineroar, L50, M|100/100\n|-ability|p1a: \u5582\u5582\u5582?\u5582\u5582\u5582?\ud83d\udc37\ud83d\udc37\ud83d\udc37|Sword of Ruin\n|-ability|p1b: \u9a6c\u5934\u725b\u903c\ud83d\udc36\ud83d\udc36\ud83d\udc36|Dauntless Shield|boost\n|-boost|p1b: \u9a6c\u5934\u725b\u903c\ud83d\udc36\ud83d\udc36\ud83d\udc36|def|1\n|-ability|p2b: Incineroar|Intimidate|boost\n|-unboost|p1a: \u5582\u5582\u5582?\u5582\u5582\u5582?\ud83d\udc37\ud83d\udc37\ud83d\udc37|atk|1\n|-unboost|p1b: \u9a6c\u5934\u725b\u903c\ud83d\udc36\ud83d\udc36\ud83d\udc36|atk|1\n|turn|1\n|\n|t:|1774197249\n|-terastallize|p2a: Lunala|Fairy\n|move|p2b: Incineroar|Fake Out|p1b: \u9a6c\u5934\u725b\u903c\ud83d\udc36\ud83d\udc36\ud83d\udc36\n|-resisted|p1b: \u9a6c\u5934\u725b\u903c\ud83d\udc36\ud83d\udc36\ud83d\udc36\n|-damage|p1b: \u9a6c\u5934\u725b\u903c\ud83d\udc36\ud83d\udc36\ud83d\udc36|97/100\n|move|p1a: \u5582\u5582\u5582?\u5582\u5582\u5582?\ud83d\udc37\ud83d\udc37\ud83d\udc37|Ruination|p2a: Lunala\n|-damage|p2a: Lunala|50/100\n|cant|p1b: \u9a6c\u5934\u725b\u903c\ud83d\udc36\ud83d\udc36\ud83d\udc36|flinch\n|move|p2a: Lunala|Trick Room|p2a: Lunala\n|-fieldstart|move: Trick Room|[of] p2a: Lunala\n|\n|upkeep\n|turn|2\n|\n|t:|1774197266\n|move|p2b: Incineroar|Flare Blitz|p1b: \u9a6c\u5934\u725b\u903c\ud83d\udc36\ud83d\udc36\ud83d\udc36\n|-supereffective|p1b: \u9a6c\u5934\u725b\u903c\ud83d\udc36\ud83d\udc36\ud83d\udc36\n|-damage|p1b: \u9a6c\u5934\u725b\u903c\ud83d\udc36\ud83d\udc36\ud83d\udc36|30/100\n|-damage|p2b: Incineroar|80/100|[from] Recoil\n|move|p2a: Lunala|Meteor Beam||[still]\n|-prepare|p2a: Lunala|Meteor Beam\n|-boost|p2a: Lunala|spa|1\n|-enditem|p2a: Lunala|Power Herb\n|-anim|p2a: Lunala|Meteor Beam|p1b: \u9a6c\u5934\u725b\u903c\ud83d\udc36\ud83d\udc36\ud83d\udc36\n|-resisted|p1b: \u9a6c\u5934\u725b\u903c\ud83d\udc36\ud83d\udc36\ud83d\udc36\n|-damage|p1b: \u9a6c\u5934\u725b\u903c\ud83d\udc36\ud83d\udc36\ud83d\udc36|19/100\n|move|p1b: \u9a6c\u5934\u725b\u903c\ud83d\udc36\ud83d\udc36\ud83d\udc36|Body Press|p2b: Incineroar\n|-supereffective|p2b: Incineroar\n|-damage|p2b: Incineroar|0 fnt\n|faint|p2b: Incineroar\n|move|p1a: \u5582\u5582\u5582?\u5582\u5582\u5582?\ud83d\udc37\ud83d\udc37\ud83d\udc37|Ice Spinner|p2a: Lunala\n|-damage|p2a: Lunala|26/100\n|\n|upkeep\n|\n|t:|1774197283\n|switch|p2b: Calyrex|Calyrex-Ice, L50|100/100\n|-ability|p2b: Calyrex|As One\n|-ability|p2b: Calyrex|Unnerve\n|turn|3\n|\n|t:|1774197287\n|switch|p1b: \u68d5\u8272\u5c0f\u6590\u6d4e\u5317\ud83d\ude0b|Tatsugiri, L50, M, shiny|100/100\n|switch|p1a: \u773c\u795e\u5446\u6ede\ud83e\udd2a|Dondozo, L50, F, shiny|100/100\n|-activate|p1b: \u68d5\u8272\u5c0f\u6590\u6d4e\u5317\ud83d\ude0b|ability: Commander|[of] p1a: \u773c\u795e\u5446\u6ede\ud83e\udd2a\n|-boost|p1a: \u773c\u795e\u5446\u6ede\ud83e\udd2a|atk|2\n|-boost|p1a: \u773c\u795e\u5446\u6ede\ud83e\udd2a|spa|2\n|-boost|p1a: \u773c\u795e\u5446\u6ede\ud83e\udd2a|spe|2\n|-boost|p1a: \u773c\u795e\u5446\u6ede\ud83e\udd2a|def|2\n|-boost|p1a: \u773c\u795e\u5446\u6ede\ud83e\udd2a|spd|2\n|move|p2b: Calyrex|Glacial Lance|p1a: \u773c\u795e\u5446\u6ede\ud83e\udd2a|[spread] p1a\n|-miss|p2b: Calyrex|p1b: \u68d5\u8272\u5c0f\u6590\u6d4e\u5317\ud83d\ude0b\n|-resisted|p1a: \u773c\u795e\u5446\u6ede\ud83e\udd2a\n|-damage|p1a: \u773c\u795e\u5446\u6ede\ud83e\udd2a|92/100\n|move|p2a: Lunala|Moongeist Beam|p1a: \u773c\u795e\u5446\u6ede\ud83e\udd2a\n|-damage|p1a: \u773c\u795e\u5446\u6ede\ud83e\udd2a|59/100\n|\n|-heal|p1a: \u773c\u795e\u5446\u6ede\ud83e\udd2a|65/100|[from] item: Leftovers\n|upkeep\n|turn|4\n|\n|t:|1774197306\n|move|p1a: \u773c\u795e\u5446\u6ede\ud83e\udd2a|Protect|p1a: \u773c\u795e\u5446\u6ede\ud83e\udd2a\n|-singleturn|p1a: \u773c\u795e\u5446\u6ede\ud83e\udd2a|Protect\n|move|p2b: Calyrex|Leech Seed|p1a: \u773c\u795e\u5446\u6ede\ud83e\udd2a\n|-activate|p1a: \u773c\u795e\u5446\u6ede\ud83e\udd2a|move: Protect\n|move|p2a: Lunala|Moongeist Beam|p1a: \u773c\u795e\u5446\u6ede\ud83e\udd2a\n|-activate|p1a: \u773c\u795e\u5446\u6ede\ud83e\udd2a|move: Protect\n|\n|-heal|p1a: \u773c\u795e\u5446\u6ede\ud83e\udd2a|72/100|[from] item: Leftovers\n|upkeep\n|turn|5\n|\n|t:|1774197311\n|move|p2b: Calyrex|Leech Seed|p1a: \u773c\u795e\u5446\u6ede\ud83e\udd2a\n|-start|p1a: \u773c\u795e\u5446\u6ede\ud83e\udd2a|move: Leech Seed\n|move|p2a: Lunala|Moongeist Beam|p1a: \u773c\u795e\u5446\u6ede\ud83e\udd2a\n|-damage|p1a: \u773c\u795e\u5446\u6ede\ud83e\udd2a|41/100\n|move|p1a: \u773c\u795e\u5446\u6ede\ud83e\udd2a|Earthquake|p2b: Calyrex|[spread] p2a,p2b\n|-miss|p1a: \u773c\u795e\u5446\u6ede\ud83e\udd2a|p1b: \u68d5\u8272\u5c0f\u6590\u6d4e\u5317\ud83d\ude0b\n|-damage|p2a: Lunala|0 fnt\n|-damage|p2b: Calyrex|80/100\n|faint|p2a: Lunala\n|\n|-heal|p1a: \u773c\u795e\u5446\u6ede\ud83e\udd2a|47/100|[from] item: Leftovers\n|-damage|p1a: \u773c\u795e\u5446\u6ede\ud83e\udd2a|35/100|[from] Leech Seed|[of] p2b: Calyrex\n|-heal|p2b: Calyrex|95/100|[silent]\n|-fieldend|move: Trick Room\n|upkeep\n|\n|t:|1774197319\n|switch|p2a: Brute Bonnet|Brute Bonnet, L50|100/100\n|turn|6\n|\n|t:|1774197329\n|move|p2b: Calyrex|Protect|p2b: Calyrex\n|-singleturn|p2b: Calyrex|Protect\n|move|p1a: \u773c\u795e\u5446\u6ede\ud83e\udd2a|Order Up|p2a: Brute Bonnet\n|-damage|p2a: Brute Bonnet|68/100\n|-boost|p1a: \u773c\u795e\u5446\u6ede\ud83e\udd2a|atk|1\n|move|p2a: Brute Bonnet|Seed Bomb|p1a: \u773c\u795e\u5446\u6ede\ud83e\udd2a\n|-supereffective|p1a: \u773c\u795e\u5446\u6ede\ud83e\udd2a\n|-damage|p1a: \u773c\u795e\u5446\u6ede\ud83e\udd2a|7/100\n|\n|-heal|p1a: \u773c\u795e\u5446\u6ede\ud83e\udd2a|13/100|[from] item: Leftovers\n|-damage|p1a: \u773c\u795e\u5446\u6ede\ud83e\udd2a|0 fnt|[from] Leech Seed|[of] p2b: Calyrex\n|-heal|p2b: Calyrex|100/100|[silent]\n|faint|p1a: \u773c\u795e\u5446\u6ede\ud83e\udd2a\n|upkeep\n|\n|t:|1774197333\n|switch|p1a: \u5582\u5582\u5582?\u5582\u5582\u5582?\ud83d\udc37\ud83d\udc37\ud83d\udc37|Chien-Pao, L50|100/100\n|-ability|p1a: \u5582\u5582\u5582?\u5582\u5582\u5582?\ud83d\udc37\ud83d\udc37\ud83d\udc37|Sword of Ruin\n|turn|7\n|\n|t:|1774197351\n|move|p1b: \u68d5\u8272\u5c0f\u6590\u6d4e\u5317\ud83d\ude0b|Muddy Water|p2b: Calyrex|[spread] p2a,p2b\n|-resisted|p2a: Brute Bonnet\n|-damage|p2a: Brute Bonnet|56/100\n|-damage|p2b: Calyrex|81/100\n|move|p1a: \u5582\u5582\u5582?\u5582\u5582\u5582?\ud83d\udc37\ud83d\udc37\ud83d\udc37|Ice Spinner|p2a: Brute Bonnet\n|-supereffective|p2a: Brute Bonnet\n|-damage|p2a: Brute Bonnet|0 fnt\n|-damage|p1a: \u5582\u5582\u5582?\u5582\u5582\u5582?\ud83d\udc37\ud83d\udc37\ud83d\udc37|84/100|[from] item: Rocky Helmet|[of] p2a: Brute Bonnet\n|faint|p2a: Brute Bonnet\n|-end|p2a: Brute Bonnet|Protosynthesis|[silent]\n|move|p2b: Calyrex|Trick Room|p2b: Calyrex\n|-fieldstart|move: Trick Room|[of] p2b: Calyrex\n|\n|upkeep\n|turn|8\n|\n|t:|1774197374\n|move|p1a: \u5582\u5582\u5582?\u5582\u5582\u5582?\ud83d\udc37\ud83d\udc37\ud83d\udc37|Sucker Punch|p2b: Calyrex\n|-supereffective|p2b: Calyrex\n|-crit|p2b: Calyrex\n|-damage|p2b: Calyrex|11/100\n|move|p2b: Calyrex|Glacial Lance|p1a: \u5582\u5582\u5582?\u5582\u5582\u5582?\ud83d\udc37\ud83d\udc37\ud83d\udc37|[spread] p1a,p1b\n|-resisted|p1a: \u5582\u5582\u5582?\u5582\u5582\u5582?\ud83d\udc37\ud83d\udc37\ud83d\udc37\n|-damage|p1a: \u5582\u5582\u5582?\u5582\u5582\u5582?\ud83d\udc37\ud83d\udc37\ud83d\udc37|45/100\n|-damage|p1b: \u68d5\u8272\u5c0f\u6590\u6d4e\u5317\ud83d\ude0b|0 fnt\n|faint|p1b: \u68d5\u8272\u5c0f\u6590\u6d4e\u5317\ud83d\ude0b\n|-ability|p2b: Calyrex|Chilling Neigh|boost\n|-boost|p2b: Calyrex|atk|1\n|\n|upkeep\n|\n|t:|1774197380\n|switch|p1b: \u9a6c\u5934\u725b\u903c\ud83d\udc36\ud83d\udc36\ud83d\udc36|Zamazenta-Crowned, L50|19/100\n|turn|9\n|\n|t:|1774197387\n|move|p1a: \u5582\u5582\u5582?\u5582\u5582\u5582?\ud83d\udc37\ud83d\udc37\ud83d\udc37|Sucker Punch|p2b: Calyrex\n|-supereffective|p2b: Calyrex\n|-damage|p2b: Calyrex|0 fnt\n|faint|p2b: Calyrex\n|\n|win|BanKingambit69247\n|raw|BanKingambit69247's rating: 1527 &rarr; <strong>1543</strong><br />(+16 for winning)\n|raw|Donye East's rating: 1460 &rarr; <strong>1444</strong><br />(-16 for losing)\n|l|\u2606BanKingambit69247\n|player|p1|\n|l|\u2606Donye East\n|player|p2|\n","uploadtime":1774197389,"views":14,"formatid":"gen9vgc2026regi","rating":1444,"private":0,"password":null}