{"id":"gen9vgc2026regi-2560785531","format":"[Gen 9] VGC 2026 Reg I","players":["Noobilio","Markingdra"],"log":"|j|\u2606Noobilio\n|j|\u2606Markingdra\n|t:|1773725984\n|gametype|doubles\n|player|p1|Noobilio|nurse|1313\n|player|p2|Markingdra|unknown|1282\n|gen|9\n|tier|[Gen 9] VGC 2026 Reg I\n|rated|\n|rule|Species Clause: Limit one of each Pok\u00e9mon\n|rule|Item Clause: Limit 1 of each item\n|clearpoke\n|poke|p1|Brute Bonnet, L50|\n|poke|p1|Lunala, L50|\n|poke|p1|Ursaluna, L50, F|\n|poke|p1|Chi-Yu, L50|\n|poke|p1|Koraidon, L50|\n|poke|p1|Flutter Mane, L50|\n|poke|p2|Koraidon, L50|\n|poke|p2|Calyrex-Shadow, L50|\n|poke|p2|Incineroar, L50, F|\n|poke|p2|Brute Bonnet, L50|\n|poke|p2|Raging Bolt, L50|\n|poke|p2|Landorus, L50, M|\n|teampreview|4\n|\n|t:|1773725995\n|teamsize|p1|4\n|teamsize|p2|4\n|start\n|switch|p1a: Flatterhaar|Flutter Mane, L50|100/100\n|switch|p1b: Theo|Chi-Yu, L50|100/100\n|switch|p2a: Koraidon|Koraidon, L50, shiny|100/100\n|switch|p2b: Raging Bolt|Raging Bolt, L50|100/100\n|-ability|p1b: Theo|Beads of Ruin\n|-weather|SunnyDay|[from] ability: Orichalcum Pulse|[of] p2a: Koraidon\n|-activate|p1a: Flatterhaar|ability: Protosynthesis\n|-start|p1a: Flatterhaar|protosynthesisspe\n|-activate|p2b: Raging Bolt|ability: Protosynthesis\n|-start|p2b: Raging Bolt|protosynthesisspa\n|-activate|p2a: Koraidon|Orichalcum Pulse|[source]\n|turn|1\n|\n|t:|1773726024\n|switch|p2a: Incineroar|Incineroar, L50, F, shiny|100/100\n|-ability|p2a: Incineroar|Intimidate|boost\n|-unboost|p1a: Flatterhaar|atk|1\n|-unboost|p1b: Theo|atk|1\n|-terastallize|p1a: Flatterhaar|Stellar\n|-terastallize|p2b: Raging Bolt|Electric\n|move|p2b: Raging Bolt|Thunderclap|p1b: Theo\n|-damage|p1b: Theo|19/100\n|move|p1a: Flatterhaar|Moonblast|p2a: Incineroar\n|-damage|p2a: Incineroar|23/100\n|-unboost|p2a: Incineroar|spa|1\n|move|p1b: Theo|Snarl|p2a: Incineroar|[spread] p2a,p2b\n|-resisted|p2a: Incineroar\n|-damage|p2a: Incineroar|9/100\n|-damage|p2b: Raging Bolt|81/100\n|-unboost|p2a: Incineroar|spa|1\n|-unboost|p2b: Raging Bolt|spa|1\n|\n|-weather|SunnyDay|[upkeep]\n|upkeep\n|turn|2\n|\n|t:|1773726057\n|switch|p1b: Angie|Brute Bonnet, L50|100/100\n|-activate|p1b: Angie|ability: Protosynthesis\n|-start|p1b: Angie|protosynthesisdef\n|move|p2a: Incineroar|Helping Hand|p2b: Raging Bolt\n|-singleturn|p2b: Raging Bolt|Helping Hand|[of] p2a: Incineroar\n|move|p1a: Flatterhaar|Icy Wind|p2a: Incineroar|[spread] p2b\n|-miss|p1a: Flatterhaar|p2a: Incineroar\n|-damage|p2b: Raging Bolt|69/100\n|-unboost|p2b: Raging Bolt|spe|1\n|move|p2b: Raging Bolt|Volt Switch|p1a: Flatterhaar\n|-damage|p1a: Flatterhaar|30/100\n|\n|t:|1773726078\n|-end|p2b: Raging Bolt|Protosynthesis|[silent]\n|switch|p2b: Koraidon|Koraidon, L50, shiny|100/100|[from] Volt Switch\n|-activate|p2b: Koraidon|ability: Orichalcum Pulse\n|\n|-weather|SunnyDay|[upkeep]\n|upkeep\n|turn|3\n|\n|t:|1773726124\n|move|p2b: Koraidon|Protect|p2b: Koraidon\n|-singleturn|p2b: Koraidon|Protect\n|move|p1a: Flatterhaar|Moonblast|p2b: Koraidon\n|-activate|p2b: Koraidon|move: Protect\n|move|p1b: Angie|Spore|p2a: Incineroar\n|-status|p2a: Incineroar|slp|[from] move: Spore\n|cant|p2a: Incineroar|slp\n|\n|-weather|SunnyDay|[upkeep]\n|upkeep\n|turn|4\n|\n|t:|1773726141\n|move|p1a: Flatterhaar|Moonblast|p2b: Koraidon\n|-supereffective|p2b: Koraidon\n|-damage|p2b: Koraidon|0 fnt\n|faint|p2b: Koraidon\n|move|p1b: Angie|Spore|p2a: Incineroar\n|-fail|p2a: Incineroar|slp\n|cant|p2a: Incineroar|slp\n|\n|-weather|SunnyDay|[upkeep]\n|upkeep\n|\n|t:|1773726148\n|switch|p2b: Raging Bolt|Raging Bolt, L50, tera:Electric|69/100\n|-activate|p2b: Raging Bolt|ability: Protosynthesis\n|-start|p2b: Raging Bolt|protosynthesisspa\n|turn|5\n|\n|t:|1773726155\n|-curestatus|p2a: Incineroar|slp|[msg]\n|move|p2a: Incineroar|Helping Hand|p2b: Raging Bolt\n|-singleturn|p2b: Raging Bolt|Helping Hand|[of] p2a: Incineroar\n|move|p1b: Angie|Rage Powder|p1b: Angie\n|-singleturn|p1b: Angie|move: Rage Powder\n|move|p1a: Flatterhaar|Shadow Ball|p2b: Raging Bolt\n|-damage|p2b: Raging Bolt|37/100\n|move|p2b: Raging Bolt|Dragon Pulse|p1b: Angie\n|-damage|p1b: Angie|21/100\n|-enditem|p1b: Angie|Sitrus Berry|[eat]\n|-heal|p1b: Angie|46/100|[from] item: Sitrus Berry\n|\n|-weather|none\n|-end|p1a: Flatterhaar|Protosynthesis\n|-end|p2b: Raging Bolt|Protosynthesis\n|-end|p1b: Angie|Protosynthesis\n|upkeep\n|turn|6\n|\n|t:|1773726196\n|move|p2a: Incineroar|Helping Hand|p2b: Raging Bolt\n|-singleturn|p2b: Raging Bolt|Helping Hand|[of] p2a: Incineroar\n|move|p1b: Angie|Rage Powder|p1b: Angie\n|-singleturn|p1b: Angie|move: Rage Powder\n|move|p1a: Flatterhaar|Shadow Ball|p2b: Raging Bolt\n|-damage|p2b: Raging Bolt|12/100\n|move|p2b: Raging Bolt|Dragon Pulse|p1b: Angie\n|-crit|p1b: Angie\n|-damage|p1b: Angie|0 fnt\n|faint|p1b: Angie\n|-end|p1b: Angie|Protosynthesis|[silent]\n|\n|upkeep\n|\n|t:|1773726212\n|switch|p1b: Trystan|Koraidon, L50|100/100\n|-weather|SunnyDay|[from] ability: Orichalcum Pulse|[of] p1b: Trystan\n|-activate|p1a: Flatterhaar|ability: Protosynthesis\n|-start|p1a: Flatterhaar|protosynthesisspe\n|-activate|p2b: Raging Bolt|ability: Protosynthesis\n|-start|p2b: Raging Bolt|protosynthesisspa\n|-activate|p1b: Trystan|Orichalcum Pulse|[source]\n|turn|7\n|\n|t:|1773726232\n|move|p2b: Raging Bolt|Thunderclap|p1a: Flatterhaar\n|-damage|p1a: Flatterhaar|0 fnt\n|faint|p1a: Flatterhaar\n|-end|p1a: Flatterhaar|Protosynthesis|[silent]\n|move|p1b: Trystan|Flame Charge|p2b: Raging Bolt\n|-damage|p2b: Raging Bolt|0 fnt\n|-boost|p1b: Trystan|spe|1\n|faint|p2b: Raging Bolt\n|-end|p2b: Raging Bolt|Protosynthesis|[silent]\n|-damage|p1b: Trystan|91/100|[from] item: Life Orb\n|move|p2a: Incineroar|Parting Shot|p1b: Trystan\n|-unboost|p1b: Trystan|atk|1\n|-unboost|p1b: Trystan|spa|1\n|\n|t:|1773726241\n|switch|p2a: Calyrex|Calyrex-Shadow, L50|100/100|[from] Parting Shot\n|-ability|p2a: Calyrex|As One\n|-ability|p2a: Calyrex|Unnerve\n|\n|-weather|SunnyDay|[upkeep]\n|upkeep\n|\n|t:|1773726244\n|switch|p1a: Theo|Chi-Yu, L50|19/100\n|switch|p2b: Incineroar|Incineroar, L50, F, shiny|9/100\n|-ability|p1a: Theo|Beads of Ruin\n|-ability|p2b: Incineroar|Intimidate|boost\n|-unboost|p1a: Theo|atk|1\n|-unboost|p1b: Trystan|atk|1\n|turn|8\n|\n|t:|1773726275\n|move|p2b: Incineroar|Fake Out|p1b: Trystan\n|-damage|p1b: Trystan|81/100\n|cant|p1b: Trystan|flinch\n|move|p1a: Theo|Overheat|p2a: Calyrex\n|-enditem|p2a: Calyrex|Focus Sash\n|-damage|p2a: Calyrex|1/100\n|-unboost|p1a: Theo|spa|2\n|move|p2a: Calyrex|Astral Barrage|p1b: Trystan|[spread] p1a,p1b\n|-resisted|p1a: Theo\n|-damage|p1a: Theo|0 fnt\n|-damage|p1b: Trystan|0 fnt\n|faint|p1a: Theo\n|faint|p1b: Trystan\n|\n|win|Markingdra\n|raw|Noobilio's rating: 1313 &rarr; <strong>1291</strong><br />(-22 for losing)\n|raw|Markingdra's rating: 1282 &rarr; <strong>1309</strong><br />(+27 for winning)\n","uploadtime":1773726281,"views":16,"formatid":"gen9vgc2026regi","rating":1291,"private":0,"password":null}