{"id":"gen9vgc2026regi-2530476820","format":"[Gen 9] VGC 2026 Reg I","players":["Colonelsquid","fogdocker"],"log":"|j|\u2606Colonelsquid\n|j|\u2606fogdocker\n|t:|1769922916\n|gametype|doubles\n|player|p1|Colonelsquid|101|1418\n|player|p2|fogdocker|2|1520\n|gen|9\n|tier|[Gen 9] VGC 2026 Reg I\n|rated|\n|rule|Species Clause: Limit one of each Pok\u00e9mon\n|rule|Item Clause: Limit 1 of each item\n|clearpoke\n|poke|p1|Smeargle, L50, F|\n|poke|p1|Calyrex-Ice, L50|\n|poke|p1|Lunala, L50|\n|poke|p1|Indeedee-F, L50, F|\n|poke|p1|Raging Bolt, L50|\n|poke|p1|Ogerpon-Wellspring, L50, F|\n|poke|p2|Koraidon, L50|\n|poke|p2|Flutter Mane, L50|\n|poke|p2|Calyrex-Ice, L50|\n|poke|p2|Incineroar, L50, M|\n|poke|p2|Rillaboom, L50, F|\n|poke|p2|Amoonguss, L50, F|\n|teampreview|4\n|inactive|Battle timer is ON: inactive players will automatically lose when time's up. (requested by Colonelsquid)\n|inactive|Colonelsquid has 60 seconds left.\n|inactive|fogdocker has 60 seconds left.\n|\n|t:|1769922977\n|teamsize|p1|4\n|teamsize|p2|4\n|start\n|switch|p1a: Indeedee|Indeedee-F, L50, F|100/100\n|switch|p1b: Lunala|Lunala, L50|100/100\n|switch|p2a: Koraidon|Koraidon, L50|100/100\n|switch|p2b: Incineroar|Incineroar, L50, M|100/100\n|-weather|SunnyDay|[from] ability: Orichalcum Pulse|[of] p2a: Koraidon\n|-activate|p2a: Koraidon|Orichalcum Pulse|[source]\n|-fieldstart|move: Psychic Terrain|[from] ability: Psychic Surge|[of] p1a: Indeedee\n|-ability|p2b: Incineroar|Intimidate|boost\n|-unboost|p1a: Indeedee|atk|1\n|-unboost|p1b: Lunala|atk|1\n|turn|1\n|inactive|Colonelsquid has 30 seconds left.\n|\n|t:|1769923008\n|-terastallize|p1b: Lunala|Water\n|move|p1a: Indeedee|Follow Me|p1a: Indeedee\n|-singleturn|p1a: Indeedee|move: Follow Me\n|move|p2a: Koraidon|Flare Blitz|p1a: Indeedee\n|-damage|p1a: Indeedee|0 fnt\n|faint|p1a: Indeedee\n|-damage|p2a: Koraidon|67/100|[from] Recoil\n|-damage|p2a: Koraidon|58/100|[from] item: Life Orb\n|move|p2b: Incineroar|Knock Off|p1b: Lunala\n|-damage|p1b: Lunala|86/100\n|-enditem|p1b: Lunala|Power Herb|[from] move: Knock Off|[of] p2b: Incineroar\n|move|p1b: Lunala|Trick Room|p1b: Lunala\n|-fieldstart|move: Trick Room|[of] p1b: Lunala\n|\n|-weather|SunnyDay|[upkeep]\n|upkeep\n|\n|t:|1769923022\n|switch|p1a: Smeargle|Smeargle, L50, F|100/100\n|turn|2\n|\n|t:|1769923047\n|switch|p2a: Amoonguss|Amoonguss, L50, F|100/100\n|move|p2b: Incineroar|Flare Blitz|p1a: Smeargle\n|-enditem|p1a: Smeargle|Focus Sash\n|-damage|p1a: Smeargle|1/100\n|-damage|p2b: Incineroar|74/100|[from] Recoil\n|move|p1b: Lunala|Expanding Force|p2b: Incineroar|[spread] p2a\n|-immune|p2b: Incineroar\n|-supereffective|p2a: Amoonguss\n|-damage|p2a: Amoonguss|0 fnt\n|faint|p2a: Amoonguss\n|move|p1a: Smeargle|Spore|p2b: Incineroar\n|-activate|p2b: Incineroar|item: Safety Goggles|Spore\n|\n|-weather|SunnyDay|[upkeep]\n|-ability|p1a: Smeargle|Moody|boost\n|-boost|p1a: Smeargle|atk|2\n|-unboost|p1a: Smeargle|spe|1\n|upkeep\n|\n|t:|1769923062\n|switch|p2a: Calyrex|Calyrex-Ice, L50|100/100\n|-ability|p2a: Calyrex|As One\n|-ability|p2a: Calyrex|Unnerve\n|turn|3\n|\n|t:|1769923083\n|-terastallize|p2a: Calyrex|Water\n|move|p1a: Smeargle|Wide Guard|p1a: Smeargle\n|-singleturn|p1a: Smeargle|Wide Guard\n|move|p2a: Calyrex|Leech Seed|p1b: Lunala\n|-start|p1b: Lunala|move: Leech Seed\n|move|p2b: Incineroar|Knock Off|p1a: Smeargle\n|-damage|p1a: Smeargle|0 fnt\n|faint|p1a: Smeargle\n|move|p1b: Lunala|Meteor Beam||[still]\n|-prepare|p1b: Lunala|Meteor Beam\n|-boost|p1b: Lunala|spa|1\n|\n|-weather|SunnyDay|[upkeep]\n|-damage|p1b: Lunala|74/100|[from] Leech Seed|[of] p2a: Calyrex\n|upkeep\n|\n|t:|1769923091\n|switch|p1a: Calyrex|Calyrex-Ice, L50|100/100\n|-ability|p1a: Calyrex|As One\n|-ability|p1a: Calyrex|Unnerve\n|turn|4\n|inactive|fogdocker has 30 seconds left.\n|\n|t:|1769923118\n|move|p2a: Calyrex|Leech Seed|p1a: Calyrex\n|-start|p1a: Calyrex|move: Leech Seed\n|move|p1a: Calyrex|Close Combat|p2b: Incineroar\n|-supereffective|p2b: Incineroar\n|-damage|p2b: Incineroar|0 fnt\n|-unboost|p1a: Calyrex|def|1\n|-unboost|p1a: Calyrex|spd|1\n|faint|p2b: Incineroar\n|-ability|p1a: Calyrex|Chilling Neigh|boost\n|-boost|p1a: Calyrex|atk|1\n|move|p1b: Lunala|Meteor Beam|p2a: Calyrex|[from] lockedmove\n|-damage|p2a: Calyrex|57/100\n|\n|-weather|SunnyDay|[upkeep]\n|-heal|p2a: Calyrex|63/100|[from] item: Leftovers\n|-damage|p1a: Calyrex|88/100|[from] Leech Seed|[of] p2a: Calyrex\n|-heal|p2a: Calyrex|75/100|[silent]\n|-damage|p1b: Lunala|61/100|[from] Leech Seed|[of] p2a: Calyrex\n|-heal|p2a: Calyrex|88/100|[silent]\n|upkeep\n|\n|t:|1769923126\n|switch|p2b: Koraidon|Koraidon, L50|58/100\n|-activate|p2b: Koraidon|ability: Orichalcum Pulse\n|turn|5\n|\n|t:|1769923137\n|move|p2b: Koraidon|Protect|p2b: Koraidon\n|-singleturn|p2b: Koraidon|Protect\n|move|p2a: Calyrex|Glacial Lance|p1a: Calyrex|[spread] p1a,p1b\n|-resisted|p1a: Calyrex\n|-resisted|p1b: Lunala\n|-damage|p1a: Calyrex|66/100\n|-damage|p1b: Lunala|40/100\n|move|p1a: Calyrex|Glacial Lance|p2a: Calyrex|[spread] p2a\n|-activate|p2b: Koraidon|move: Protect\n|-resisted|p2a: Calyrex\n|-damage|p2a: Calyrex|62/100\n|move|p1b: Lunala|Meteor Beam||[still]\n|-prepare|p1b: Lunala|Meteor Beam\n|-boost|p1b: Lunala|spa|1\n|\n|-weather|none\n|-heal|p2a: Calyrex|68/100|[from] item: Leftovers\n|-damage|p1a: Calyrex|54/100|[from] Leech Seed|[of] p2a: Calyrex\n|-heal|p2a: Calyrex|80/100|[silent]\n|-damage|p1b: Lunala|28/100|[from] Leech Seed|[of] p2a: Calyrex\n|-heal|p2a: Calyrex|93/100|[silent]\n|-fieldend|move: Trick Room\n|-fieldend|move: Psychic Terrain\n|upkeep\n|turn|6\n|inactive|fogdocker has 30 seconds left.\n|\n|t:|1769923166\n|move|p1a: Calyrex|Protect|p1a: Calyrex\n|-singleturn|p1a: Calyrex|Protect\n|move|p2b: Koraidon|Close Combat|p1b: Lunala\n|-damage|p1b: Lunala|0 fnt\n|-unboost|p2b: Koraidon|def|1\n|-unboost|p2b: Koraidon|spd|1\n|faint|p1b: Lunala\n|-damage|p2b: Koraidon|48/100|[from] item: Life Orb\n|move|p2a: Calyrex|Glacial Lance|p1a: Calyrex\n|-activate|p1a: Calyrex|move: Protect\n|\n|-heal|p2a: Calyrex|99/100|[from] item: Leftovers\n|-damage|p1a: Calyrex|42/100|[from] Leech Seed|[of] p2a: Calyrex\n|-heal|p2a: Calyrex|100/100|[silent]\n|upkeep\n|turn|7\n|-message|Colonelsquid forfeited.\n|\n|win|fogdocker\n|raw|Colonelsquid's rating: 1418 &rarr; <strong>1404</strong><br />(-14 for losing)\n|raw|fogdocker's rating: 1520 &rarr; <strong>1534</strong><br />(+14 for winning)\n|l|\u2606Colonelsquid\n|player|p1|\n|l|\u2606fogdocker\n|player|p2|\n","uploadtime":1769923400,"views":15,"formatid":"gen9vgc2026regi","rating":1404,"private":0,"password":null}