{"id":"gen9vgc2026regi-2556715233","format":"[Gen 9] VGC 2026 Reg I","players":["fogdocker","Low Tier Goodra"],"log":"|j|\u2606fogdocker\n|j|\u2606Low Tier Goodra\n|t:|1773242588\n|gametype|doubles\n|player|p1|fogdocker|101|1454\n|player|p2|Low Tier Goodra|jasmine|1551\n|gen|9\n|tier|[Gen 9] VGC 2026 Reg I\n|rated|\n|rule|Species Clause: Limit one of each Pok\u00e9mon\n|rule|Item Clause: Limit 1 of each item\n|clearpoke\n|poke|p1|Calyrex-Ice, L50|\n|poke|p1|Koraidon, L50|\n|poke|p1|Flutter Mane, L50|\n|poke|p1|Incineroar, L50, M|\n|poke|p1|Rillaboom, L50, F|\n|poke|p1|Annihilape, L50, F|\n|poke|p2|Calyrex-Ice, L50|\n|poke|p2|Kyogre, L50|\n|poke|p2|Sinistcha-Masterpiece, L50|\n|poke|p2|Rillaboom, L50, M|\n|poke|p2|Ursaluna, L50, M|\n|poke|p2|Incineroar, L50, M|\n|teampreview|4\n|inactive|Battle timer is ON: inactive players will automatically lose when time's up. (requested by fogdocker)\n|inactive|Low Tier Goodra has 60 seconds left.\n|\n|t:|1773242673\n|teamsize|p1|4\n|teamsize|p2|4\n|start\n|switch|p1a: Calyrex|Calyrex-Ice, L50|100/100\n|switch|p1b: Rillaboom|Rillaboom, L50, F|100/100\n|switch|p2a: Rillaboom|Rillaboom, L50, M|100/100\n|switch|p2b: Calyrex|Calyrex-Ice, L50|100/100\n|-ability|p1a: Calyrex|As One\n|-ability|p1a: Calyrex|Unnerve\n|-ability|p2b: Calyrex|As One\n|-ability|p2b: Calyrex|Unnerve\n|-fieldstart|move: Grassy Terrain|[from] ability: Grassy Surge|[of] p2a: Rillaboom\n|turn|1\n|\n|t:|1773242695\n|switch|p1b: Incineroar|Incineroar, L50, M|100/100\n|-ability|p1b: Incineroar|Intimidate|boost\n|-unboost|p2a: Rillaboom|atk|1\n|-unboost|p2b: Calyrex|atk|1\n|move|p2a: Rillaboom|Fake Out|p1b: Incineroar\n|-damage|p1b: Incineroar|93/100\n|move|p1a: Calyrex|Leech Seed|p2b: Calyrex\n|-start|p2b: Calyrex|move: Leech Seed\n|move|p2b: Calyrex|Glacial Lance|p1a: Calyrex|[spread] p1a,p1b\n|-resisted|p1a: Calyrex\n|-resisted|p1b: Incineroar\n|-damage|p1a: Calyrex|92/100\n|-damage|p1b: Incineroar|80/100\n|\n|-heal|p1b: Incineroar|86/100|[from] Grassy Terrain\n|-heal|p1a: Calyrex|98/100|[from] Grassy Terrain\n|-heal|p1a: Calyrex|100/100|[from] item: Leftovers\n|-damage|p2b: Calyrex|88/100|[from] Leech Seed|[of] p1a: Calyrex\n|upkeep\n|turn|2\n|\n|t:|1773242720\n|-terastallize|p2a: Rillaboom|Water\n|move|p2a: Rillaboom|Taunt|p1a: Calyrex\n|-start|p1a: Calyrex|move: Taunt\n|move|p1b: Incineroar|Parting Shot|p2a: Rillaboom\n|-unboost|p2a: Rillaboom|atk|1\n|-unboost|p2a: Rillaboom|spa|1\n|\n|t:|1773242728\n|switch|p1b: Rillaboom|Rillaboom, L50, F|100/100|[from] Parting Shot\n|move|p1a: Calyrex|Glacial Lance|p2b: Calyrex|[spread] p2a,p2b\n|-resisted|p2a: Rillaboom\n|-resisted|p2b: Calyrex\n|-damage|p2a: Rillaboom|78/100\n|-damage|p2b: Calyrex|73/100\n|move|p2b: Calyrex|Trick Room|p2b: Calyrex\n|-fieldstart|move: Trick Room|[of] p2b: Calyrex\n|\n|-heal|p2b: Calyrex|79/100|[from] Grassy Terrain\n|-heal|p2a: Rillaboom|84/100|[from] Grassy Terrain\n|-damage|p2b: Calyrex|67/100|[from] Leech Seed|[of] p1a: Calyrex\n|upkeep\n|turn|3\n|\n|t:|1773242748\n|switch|p2b: Sinistcha|Sinistcha-Masterpiece, L50|100/100\n|-enditem|p2b: Sinistcha|Grassy Seed\n|-boost|p2b: Sinistcha|def|1|[from] item: Grassy Seed\n|move|p1b: Rillaboom|Fake Out|p2b: Sinistcha\n|-immune|p2b: Sinistcha\n|move|p1a: Calyrex|Glacial Lance|p2b: Sinistcha|[spread] p2a,p2b\n|-resisted|p2a: Rillaboom\n|-supereffective|p2b: Sinistcha\n|-damage|p2a: Rillaboom|61/100\n|-damage|p2b: Sinistcha|43/100\n|move|p2a: Rillaboom|U-turn|p1a: Calyrex\n|-supereffective|p1a: Calyrex\n|-damage|p1a: Calyrex|87/100\n|\n|t:|1773242761\n|switch|p2a: Calyrex|Calyrex-Ice, L50|67/100|[from] U-turn\n|-ability|p2a: Calyrex|As One\n|-ability|p2a: Calyrex|Unnerve\n|\n|-heal|p2a: Calyrex|72/100|[from] Grassy Terrain\n|-heal|p1a: Calyrex|93/100|[from] Grassy Terrain\n|-heal|p1a: Calyrex|99/100|[from] item: Leftovers\n|-heal|p2b: Sinistcha|49/100|[from] Grassy Terrain\n|upkeep\n|turn|4\n|\n|t:|1773242775\n|switch|p2b: Rillaboom|Rillaboom, L50, M, tera:Water|61/100\n|switch|p1b: Incineroar|Incineroar, L50, M|86/100\n|-ability|p1b: Incineroar|Intimidate|boost\n|-unboost|p2a: Calyrex|atk|1\n|-unboost|p2b: Rillaboom|atk|1\n|move|p2a: Calyrex|Leech Seed|p1a: Calyrex\n|-start|p1a: Calyrex|move: Leech Seed\n|move|p1a: Calyrex|Glacial Lance|p2b: Rillaboom|[spread] p2a,p2b\n|-resisted|p2a: Calyrex\n|-resisted|p2b: Rillaboom\n|-damage|p2a: Calyrex|58/100\n|-damage|p2b: Rillaboom|36/100\n|\n|-heal|p1a: Calyrex|100/100|[from] Grassy Terrain\n|-heal|p2a: Calyrex|63/100|[from] Grassy Terrain\n|-heal|p1b: Incineroar|92/100|[from] Grassy Terrain\n|-heal|p2b: Rillaboom|42/100|[from] Grassy Terrain\n|-damage|p1a: Calyrex|88/100|[from] Leech Seed|[of] p2a: Calyrex\n|-heal|p2a: Calyrex|75/100|[silent]\n|-end|p1a: Calyrex|move: Taunt\n|upkeep\n|turn|5\n|\n|t:|1773242796\n|switch|p1a: Rillaboom|Rillaboom, L50, F|100/100\n|move|p1b: Incineroar|Fake Out|p2a: Calyrex\n|-damage|p2a: Calyrex|69/100\n|move|p2b: Rillaboom|Fake Out|p1a: Rillaboom\n|-damage|p1a: Rillaboom|91/100\n|cant|p2a: Calyrex|flinch\n|\n|-heal|p2a: Calyrex|74/100|[from] Grassy Terrain\n|-heal|p1b: Incineroar|98/100|[from] Grassy Terrain\n|-heal|p1a: Rillaboom|97/100|[from] Grassy Terrain\n|-heal|p2b: Rillaboom|48/100|[from] Grassy Terrain\n|-fieldend|move: Grassy Terrain\n|upkeep\n|turn|6\n|\n|t:|1773242818\n|switch|p1a: Calyrex|Calyrex-Ice, L50|88/100\n|-ability|p1a: Calyrex|As One\n|-ability|p1a: Calyrex|Unnerve\n|switch|p2b: Sinistcha|Sinistcha-Masterpiece, L50|49/100\n|move|p2a: Calyrex|Glacial Lance|p1a: Calyrex|[spread] p1a,p1b\n|-resisted|p1a: Calyrex\n|-resisted|p1b: Incineroar\n|-damage|p1a: Calyrex|80/100\n|-damage|p1b: Incineroar|85/100\n|move|p1b: Incineroar|Parting Shot|p2a: Calyrex\n|-unboost|p2a: Calyrex|atk|1\n|-unboost|p2a: Calyrex|spa|1\n|\n|t:|1773242833\n|switch|p1b: Koraidon|Koraidon, L50|100/100|[from] Parting Shot\n|-weather|SunnyDay|[from] ability: Orichalcum Pulse|[of] p1b: Koraidon\n|-activate|p1b: Koraidon|Orichalcum Pulse|[source]\n|\n|-weather|SunnyDay|[upkeep]\n|-heal|p1a: Calyrex|86/100|[from] item: Leftovers\n|-fieldend|move: Trick Room\n|upkeep\n|turn|7\n|inactive|fogdocker has 30 seconds left.\n|inactive|Low Tier Goodra has 30 seconds left.\n|inactive|fogdocker has 20 seconds left.\n|inactive|fogdocker has 15 seconds left.\n|inactive|fogdocker has 10 seconds left.\n|\n|t:|1773242880\n|switch|p2b: Kyogre|Kyogre, L50|100/100\n|-weather|RainDance|[from] ability: Drizzle|[of] p2b: Kyogre\n|-terastallize|p1b: Koraidon|Fire\n|move|p1b: Koraidon|Flare Blitz|p2b: Kyogre\n|-resisted|p2b: Kyogre\n|-damage|p2b: Kyogre|82/100\n|-damage|p1b: Koraidon|93/100|[from] Recoil\n|-damage|p1b: Koraidon|83/100|[from] item: Life Orb\n|move|p1a: Calyrex|Glacial Lance|p2a: Calyrex|[spread] p2a,p2b\n|-resisted|p2a: Calyrex\n|-resisted|p2b: Kyogre\n|-damage|p2a: Calyrex|59/100\n|-damage|p2b: Kyogre|59/100\n|move|p2a: Calyrex|Trick Room|p2a: Calyrex\n|-fieldstart|move: Trick Room|[of] p2a: Calyrex\n|\n|-weather|RainDance|[upkeep]\n|-heal|p1a: Calyrex|92/100|[from] item: Leftovers\n|upkeep\n|turn|8\n|\n|t:|1773242902\n|switch|p1b: Rillaboom|Rillaboom, L50, F|97/100\n|-fieldstart|move: Grassy Terrain|[from] ability: Grassy Surge|[of] p1b: Rillaboom\n|move|p1a: Calyrex|Protect|p1a: Calyrex\n|-singleturn|p1a: Calyrex|Protect\n|move|p2b: Kyogre|Origin Pulse|p1a: Calyrex|[spread] \n|-activate|p1a: Calyrex|move: Protect\n|-miss|p2b: Kyogre|p1b: Rillaboom\n|move|p2a: Calyrex|Glacial Lance|p1a: Calyrex|[spread] p1b\n|-activate|p1a: Calyrex|move: Protect\n|-supereffective|p1b: Rillaboom\n|-damage|p1b: Rillaboom|56/100\n|\n|-weather|RainDance|[upkeep]\n|-heal|p2b: Kyogre|65/100|[from] Grassy Terrain\n|-heal|p1a: Calyrex|98/100|[from] Grassy Terrain\n|-heal|p2a: Calyrex|65/100|[from] Grassy Terrain\n|-heal|p1a: Calyrex|100/100|[from] item: Leftovers\n|-heal|p1b: Rillaboom|61/100|[from] Grassy Terrain\n|upkeep\n|turn|9\n|\n|t:|1773242923\n|switch|p2b: Rillaboom|Rillaboom, L50, M, tera:Water|48/100\n|switch|p1a: Incineroar|Incineroar, L50, M|85/100\n|-ability|p1a: Incineroar|Intimidate|boost\n|-unboost|p2a: Calyrex|atk|1\n|-unboost|p2b: Rillaboom|atk|1\n|move|p1b: Rillaboom|Grassy Glide|p2b: Rillaboom\n|-supereffective|p2b: Rillaboom\n|-damage|p2b: Rillaboom|0 fnt\n|faint|p2b: Rillaboom\n|move|p2a: Calyrex|Leech Seed|p1a: Incineroar\n|-start|p1a: Incineroar|move: Leech Seed\n|\n|-weather|RainDance|[upkeep]\n|-heal|p2a: Calyrex|71/100|[from] Grassy Terrain\n|-heal|p1a: Incineroar|91/100|[from] Grassy Terrain\n|-heal|p1b: Rillaboom|67/100|[from] Grassy Terrain\n|-damage|p1a: Incineroar|79/100|[from] Leech Seed|[of] p2a: Calyrex\n|-heal|p2a: Calyrex|83/100|[silent]\n|upkeep\n|\n|t:|1773242938\n|switch|p2b: Sinistcha|Sinistcha-Masterpiece, L50|49/100\n|turn|10\n|\n|t:|1773242949\n|switch|p2a: Kyogre|Kyogre, L50|65/100\n|switch|p1b: Calyrex|Calyrex-Ice, L50|100/100\n|-ability|p1b: Calyrex|As One\n|-ability|p1b: Calyrex|Unnerve\n|move|p1a: Incineroar|Knock Off|p2b: Sinistcha\n|-supereffective|p2b: Sinistcha\n|-damage|p2b: Sinistcha|0 fnt\n|faint|p2b: Sinistcha\n|\n|-weather|RainDance|[upkeep]\n|-heal|p2a: Kyogre|71/100|[from] Grassy Terrain\n|-heal|p1a: Incineroar|85/100|[from] Grassy Terrain\n|-damage|p1a: Incineroar|72/100|[from] Leech Seed|[of] p2a: Kyogre\n|-heal|p2a: Kyogre|83/100|[silent]\n|upkeep\n|\n|t:|1773242963\n|switch|p2b: Calyrex|Calyrex-Ice, L50|83/100\n|-ability|p2b: Calyrex|As One\n|-ability|p2b: Calyrex|Unnerve\n|turn|11\n|\n|t:|1773242984\n|move|p2a: Kyogre|Water Spout|p1a: Incineroar|[spread] p1a,p1b\n|-supereffective|p1a: Incineroar\n|-damage|p1a: Incineroar|0 fnt\n|-damage|p1b: Calyrex|51/100\n|faint|p1a: Incineroar\n|move|p2b: Calyrex|Glacial Lance|p1b: Calyrex\n|-resisted|p1b: Calyrex\n|-damage|p1b: Calyrex|35/100\n|move|p1b: Calyrex|Leech Seed|p2b: Calyrex\n|-start|p2b: Calyrex|move: Leech Seed\n|\n|-weather|none\n|-heal|p2a: Kyogre|89/100|[from] Grassy Terrain\n|-heal|p2b: Calyrex|88/100|[from] Grassy Terrain\n|-heal|p1b: Calyrex|41/100|[from] Grassy Terrain\n|-heal|p1b: Calyrex|47/100|[from] item: Leftovers\n|-damage|p2b: Calyrex|76/100|[from] Leech Seed|[of] p1b: Calyrex\n|-heal|p1b: Calyrex|59/100|[silent]\n|-fieldend|move: Trick Room\n|upkeep\n|\n|t:|1773242992\n|switch|p1a: Koraidon|Koraidon, L50, tera:Fire|83/100\n|-weather|SunnyDay|[from] ability: Orichalcum Pulse|[of] p1a: Koraidon\n|-activate|p1a: Koraidon|Orichalcum Pulse|[source]\n|turn|12\n|\n|t:|1773243001\n|move|p2b: Calyrex|Protect|p2b: Calyrex\n|-singleturn|p2b: Calyrex|Protect\n|move|p1a: Koraidon|Flare Blitz|p2b: Calyrex\n|-activate|p2b: Calyrex|move: Protect\n|move|p1b: Calyrex|Leech Seed|p2a: Kyogre\n|-start|p2a: Kyogre|move: Leech Seed\n|move|p2a: Kyogre|Origin Pulse|p1a: Koraidon|[spread] p1b\n|-miss|p2a: Kyogre|p1a: Koraidon\n|-damage|p1b: Calyrex|43/100\n|\n|-weather|SunnyDay|[upkeep]\n|-heal|p1a: Koraidon|89/100|[from] Grassy Terrain\n|-heal|p1b: Calyrex|49/100|[from] Grassy Terrain\n|-heal|p2b: Calyrex|82/100|[from] Grassy Terrain\n|-heal|p1b: Calyrex|55/100|[from] item: Leftovers\n|-heal|p2a: Kyogre|95/100|[from] Grassy Terrain\n|-damage|p2b: Calyrex|70/100|[from] Leech Seed|[of] p1b: Calyrex\n|-heal|p1b: Calyrex|67/100|[silent]\n|-damage|p2a: Kyogre|83/100|[from] Leech Seed|[of] p1b: Calyrex\n|-heal|p1b: Calyrex|79/100|[silent]\n|-fieldend|move: Grassy Terrain\n|upkeep\n|turn|13\n|-message|Low Tier Goodra forfeited.\n|\n|win|fogdocker\n|raw|fogdocker's rating: 1454 &rarr; <strong>1479</strong><br />(+25 for winning)\n|raw|Low Tier Goodra's rating: 1551 &rarr; <strong>1526</strong><br />(-25 for losing)\n|l|\u2606Low Tier Goodra\n|player|p2|\n","uploadtime":1773243193,"views":23,"formatid":"gen9vgc2026regi","rating":1479,"private":0,"password":null}