{"id":"gen9vgc2026regi-2578324714","format":"[Gen 9] VGC 2026 Reg I","players":["Phosfire","itastelikeiron"],"log":"|j|\u2606Phosfire\n|j|\u2606itastelikeiron\n|t:|1775668561\n|gametype|doubles\n|player|p1|Phosfire|265|1441\n|player|p2|itastelikeiron|infielder|1592\n|gen|9\n|tier|[Gen 9] VGC 2026 Reg I\n|rated|\n|rule|Species Clause: Limit one of each Pok\u00e9mon\n|rule|Item Clause: Limit 1 of each item\n|clearpoke\n|poke|p1|Calyrex-Shadow, L50|\n|poke|p1|Zamazenta-*, L50|\n|poke|p1|Chien-Pao, L50|\n|poke|p1|Dragonite, L50, F|\n|poke|p1|Raging Bolt, L50|\n|poke|p1|Ogerpon-Cornerstone, L50, F|\n|poke|p2|Kyogre, L50|\n|poke|p2|Zacian-*, L50|\n|poke|p2|Incineroar, L50, F|\n|poke|p2|Raichu, L50, F|\n|poke|p2|Dragapult, L50, M|\n|poke|p2|Whimsicott, L50, M|\n|teampreview|4\n|inactive|Battle timer is ON: inactive players will automatically lose when time's up. (requested by Phosfire)\nPhosfire has agreed to open team sheets.\nitastelikeiron has agreed to open team sheets.\n|showteam|p1|Calyrex-Shadow||FocusSash|AsOneSpectrier|AstralBarrage,Psychic,Encore,Protect||||||50|,,,,,Ghost]Zamazenta-Crowned||RustedShield|DauntlessShield|BodyPress,HeavySlam,WideGuard,Protect||||||50|,,,,,Dragon]Chien-Pao||AssaultVest|SwordofRuin|IceSpinner,SuckerPunch,Ruination,IcyWind||||||50|,,,,,Poison]Dragonite||ChoiceBand|InnerFocus|ExtremeSpeed,Outrage,LowKick,AquaJet|||F|||50|,,,,,Normal]Raging Bolt||BoosterEnergy|Protosynthesis|Thunderclap,Thunderbolt,DragonPulse,Protect||||||50|,,,,,Electric]Ogerpon-Cornerstone||CornerstoneMask|Sturdy|IvyCudgel,Taunt,FollowMe,SpikyShield|||F|||50|,,,,,Rock\n|showteam|p2|Kyogre||ChoiceScarf|Drizzle|WaterSpout,OriginPulse,IceBeam,TeraBlast||||||50|,,,,,Water]Zacian-Crowned||RustedSword|IntrepidSword|PlayRough,behemothblade,TeraBlast,Protect||||||50|,,,,,Ground]Incineroar||RockyHelmet|Intimidate|FakeOut,KnockOff,WillOWisp,PartingShot|||F|||50|,,,,,Ghost]Raichu||AssaultVest|LightningRod|FakeOut,Feint,Nuzzle,Thunder|||F|||50|,,,,,Fairy]Dragapult||FocusSash|ClearBody|DragonDance,DragonDarts,PhantomForce,Disable|||M|||50|,,,,,Normal]Whimsicott||CovertCloak|Prankster|Moonblast,Tickle,Tailwind,Encore|||M|||50|,,,,,Fire\n|\n|t:|1775668583\n|teamsize|p1|4\n|teamsize|p2|4\n|start\n|switch|p1a: Calyrex|Calyrex-Shadow, L50|100/100\n|switch|p1b: Dragonite|Dragonite, L50, F|100/100\n|switch|p2a: Dragapult|Dragapult, L50, M|100/100\n|switch|p2b: Incineroar|Incineroar, L50, F|100/100\n|-ability|p1a: Calyrex|As One\n|-ability|p1a: Calyrex|Unnerve\n|-ability|p2b: Incineroar|Intimidate|boost\n|-unboost|p1a: Calyrex|atk|1\n|-fail|p1b: Dragonite|unboost|Attack|[from] ability: Inner Focus|[of] p1b: Dragonite\n|turn|1\n|inactive|Phosfire has 30 seconds left.\n|inactive|Phosfire has 20 seconds left.\n|\n|t:|1775668620\n|move|p1a: Calyrex|Protect|p1a: Calyrex\n|-singleturn|p1a: Calyrex|Protect\n|move|p2a: Dragapult|Dragon Dance|p2a: Dragapult\n|-boost|p2a: Dragapult|atk|1\n|-boost|p2a: Dragapult|spe|1\n|move|p1b: Dragonite|Outrage|p2a: Dragapult\n|-supereffective|p2a: Dragapult\n|-enditem|p2a: Dragapult|Focus Sash\n|-damage|p2a: Dragapult|1/100\n|move|p2b: Incineroar|Knock Off|p1a: Calyrex\n|-activate|p1a: Calyrex|move: Protect\n|\n|upkeep\n|turn|2\n|inactive|itastelikeiron has 30 seconds left.\n|\n|t:|1775668647\n|switch|p1a: Chien-Pao|Chien-Pao, L50|100/100\n|-ability|p1a: Chien-Pao|Sword of Ruin\n|move|p2a: Dragapult|Dragon Darts|p1a: Chien-Pao\n|-damage|p1a: Chien-Pao|44/100\n|-anim|p2a: Dragapult|Dragon Darts|p1b: Dragonite\n|-supereffective|p1b: Dragonite\n|-damage|p1b: Dragonite|0 fnt\n|faint|p1b: Dragonite\n|move|p2b: Incineroar|Knock Off|p1a: Chien-Pao\n|-resisted|p1a: Chien-Pao\n|-damage|p1a: Chien-Pao|19/100\n|-enditem|p1a: Chien-Pao|Assault Vest|[from] move: Knock Off|[of] p2b: Incineroar\n|\n|upkeep\n|\n|t:|1775668660\n|switch|p1b: Zamazenta|Zamazenta-Crowned, L50|100/100\n|-ability|p1b: Zamazenta|Dauntless Shield|boost\n|-boost|p1b: Zamazenta|def|1\n|turn|3\n|\n|t:|1775668682\n|-terastallize|p2b: Incineroar|Ghost\n|move|p1a: Chien-Pao|Sucker Punch|p2a: Dragapult\n|-supereffective|p2a: Dragapult\n|-damage|p2a: Dragapult|0 fnt\n|faint|p2a: Dragapult\n|move|p1b: Zamazenta|Body Press|p2b: Incineroar\n|-immune|p2b: Incineroar\n|move|p2b: Incineroar|Will-O-Wisp|p1b: Zamazenta\n|-status|p1b: Zamazenta|brn\n|\n|-damage|p1b: Zamazenta|94/100 brn|[from] brn\n|upkeep\n|\n|t:|1775668688\n|switch|p2a: Zacian|Zacian-Crowned, L50|100/100\n|-ability|p2a: Zacian|Intrepid Sword|boost\n|-boost|p2a: Zacian|atk|1\n|turn|4\n|\n|t:|1775668706\n|move|p2a: Zacian|Behemoth Blade|p1a: Chien-Pao\n|-supereffective|p1a: Chien-Pao\n|-damage|p1a: Chien-Pao|0 fnt\n|faint|p1a: Chien-Pao\n|move|p1b: Zamazenta|Body Press|p2a: Zacian\n|-damage|p2a: Zacian|71/100\n|move|p2b: Incineroar|Parting Shot|p1b: Zamazenta\n|-unboost|p1b: Zamazenta|atk|1\n|-unboost|p1b: Zamazenta|spa|1\n|\n|t:|1775668709\n|switch|p2b: Kyogre|Kyogre, L50|100/100|[from] Parting Shot\n|-weather|RainDance|[from] ability: Drizzle|[of] p2b: Kyogre\n|\n|-weather|RainDance|[upkeep]\n|-damage|p1b: Zamazenta|88/100 brn|[from] brn\n|upkeep\n|\n|t:|1775668714\n|switch|p1a: Calyrex|Calyrex-Shadow, L50|100/100\n|-ability|p1a: Calyrex|As One\n|-ability|p1a: Calyrex|Unnerve\n|turn|5\n|\n|t:|1775668727\n|move|p1a: Calyrex|Protect|p1a: Calyrex\n|-singleturn|p1a: Calyrex|Protect\n|move|p1b: Zamazenta|Protect|p1b: Zamazenta\n|-singleturn|p1b: Zamazenta|Protect\n|move|p2b: Kyogre|Ice Beam|p1a: Calyrex\n|-activate|p1a: Calyrex|move: Protect\n|move|p2a: Zacian|Behemoth Blade|p1a: Calyrex\n|-activate|p1a: Calyrex|move: Protect\n|\n|-weather|RainDance|[upkeep]\n|-damage|p1b: Zamazenta|82/100 brn|[from] brn\n|upkeep\n|turn|6\n|\n|t:|1775668743\n|-terastallize|p1a: Calyrex|Ghost\n|move|p2b: Kyogre|Ice Beam|p1a: Calyrex\n|-damage|p1a: Calyrex|66/100\n|move|p1a: Calyrex|Astral Barrage|p2a: Zacian|[spread] p2a,p2b\n|-damage|p2a: Zacian|6/100\n|-damage|p2b: Kyogre|41/100\n|move|p2a: Zacian|Behemoth Blade|p1a: Calyrex\n|-damage|p1a: Calyrex|0 fnt\n|faint|p1a: Calyrex\n|move|p1b: Zamazenta|Body Press|p2b: Kyogre\n|-damage|p2b: Kyogre|3/100\n|\n|-weather|RainDance|[upkeep]\n|-damage|p1b: Zamazenta|76/100 brn|[from] brn\n|upkeep\n|turn|7\n|-message|Phosfire forfeited.\n|\n|win|itastelikeiron\n|raw|Phosfire's rating: 1441 &rarr; <strong>1429</strong><br />(-12 for losing)\n|raw|itastelikeiron's rating: 1592 &rarr; <strong>1604</strong><br />(+12 for winning)\n|l|\u2606Phosfire\n|player|p1|\n|l|\u2606itastelikeiron\n|player|p2|\n","uploadtime":1775668756,"views":13,"formatid":"gen9vgc2026regi","rating":1429,"private":0,"password":null}