{"id":"gen9vgc2026regi-2572038359","format":"[Gen 9] VGC 2026 Reg I","players":["Mirthinion","Mildly Displeased"],"log":"|j|\u2606Mirthinion\n|j|\u2606Mildly Displeased\n|t:|1774983177\n|gametype|doubles\n|player|p1|Mirthinion|janitor|1445\n|player|p2|Mildly Displeased|266|1333\n|gen|9\n|tier|[Gen 9] VGC 2026 Reg I\n|rated|\n|rule|Species Clause: Limit one of each Pok\u00e9mon\n|rule|Item Clause: Limit 1 of each item\n|clearpoke\n|poke|p1|Calyrex-Shadow, L50|\n|poke|p1|Zamazenta-*, L50|\n|poke|p1|Urshifu-*, L50, M|\n|poke|p1|Incineroar, L50, M|\n|poke|p1|Rillaboom, L50, M|\n|poke|p1|Tornadus, L50, M|\n|poke|p2|Primarina, L50, F|\n|poke|p2|Lunala, L50|\n|poke|p2|Zamazenta-*, L50|\n|poke|p2|Tornadus, L50, M|\n|poke|p2|Urshifu-*, L50, M|\n|poke|p2|Ting-Lu, L50|\n|teampreview|4\n|inactive|Battle timer is ON: inactive players will automatically lose when time's up. (requested by Mildly Displeased)\n|inactive|Mirthinion also wants the timer to be on.\nMirthinion rejected open team sheets.\n|inactive|Mirthinion has 60 seconds left.\n|\n|t:|1774983221\n|teamsize|p1|4\n|teamsize|p2|4\n|start\n|switch|p1a: Vangwe|Tornadus, L50, M|100/100\n|switch|p1b: Beowulf|Urshifu-Rapid-Strike, L50, M|100/100\n|switch|p2a: Blokeonacloud|Tornadus, L50, M|100/100\n|switch|p2b: Nebby|Lunala, L50|100/100\n|turn|1\n|inactive|Mirthinion has 30 seconds left.\n|inactive|Mirthinion has 20 seconds left.\n|inactive|Mirthinion has 15 seconds left.\n|inactive|Mirthinion has 10 seconds left.\n|\n|t:|1774983269\n|-terastallize|p1a: Vangwe|Steel\n|move|p2a: Blokeonacloud|Tailwind|p2a: Blokeonacloud\n|-sidestart|p2: Mildly Displeased|move: Tailwind\n|move|p2b: Nebby|Meteor Beam||[still]\n|-prepare|p2b: Nebby|Meteor Beam\n|-boost|p2b: Nebby|spa|1\n|-enditem|p2b: Nebby|Power Herb\n|-anim|p2b: Nebby|Meteor Beam|p1a: Vangwe\n|-resisted|p1a: Vangwe\n|-damage|p1a: Vangwe|66/100\n|move|p1b: Beowulf|Surging Strikes|p2a: Blokeonacloud\n|-crit|p2a: Blokeonacloud\n|-damage|p2a: Blokeonacloud|57/100\n|-crit|p2a: Blokeonacloud\n|-damage|p2a: Blokeonacloud|8/100\n|-crit|p2a: Blokeonacloud\n|-damage|p2a: Blokeonacloud|0 fnt\n|faint|p2a: Blokeonacloud\n|-hitcount|p2: Blokeonacloud|3\n|move|p1a: Vangwe|Bleakwind Storm|p2b: Nebby\n|-damage|p2b: Nebby|85/100\n|-unboost|p2b: Nebby|spe|1\n|\n|upkeep\n|\n|t:|1774983280\n|switch|p2a: Pippin|Zamazenta-Crowned, L50|100/100\n|-ability|p2a: Pippin|Dauntless Shield|boost\n|-boost|p2a: Pippin|def|1\n|turn|2\n|\n|t:|1774983292\n|move|p1a: Vangwe|Tailwind|p1a: Vangwe\n|-sidestart|p1: Mirthinion|move: Tailwind\n|move|p2a: Pippin|Body Press|p1a: Vangwe\n|-supereffective|p1a: Vangwe\n|-damage|p1a: Vangwe|0 fnt\n|faint|p1a: Vangwe\n|move|p1b: Beowulf|Surging Strikes|p2b: Nebby\n|-crit|p2b: Nebby\n|-damage|p2b: Nebby|63/100\n|-crit|p2b: Nebby\n|-damage|p2b: Nebby|39/100\n|-crit|p2b: Nebby\n|-damage|p2b: Nebby|15/100\n|-hitcount|p2b: Nebby|3\n|move|p2b: Nebby|Moonblast|p1b: Beowulf\n|-supereffective|p1b: Beowulf\n|-damage|p1b: Beowulf|0 fnt\n|faint|p1b: Beowulf\n|\n|upkeep\n|\n|t:|1774983306\n|switch|p1b: Mithrandir|Calyrex-Shadow, L50|100/100\n|switch|p1a: Drambor|Zamazenta-Crowned, L50|100/100\n|-ability|p1b: Mithrandir|As One\n|-ability|p1b: Mithrandir|Unnerve\n|-ability|p1a: Drambor|Dauntless Shield|boost\n|-boost|p1a: Drambor|def|1\n|turn|3\n|\n|t:|1774983318\n|move|p2b: Nebby|Wide Guard|p2b: Nebby\n|-singleturn|p2b: Nebby|Wide Guard\n|move|p1b: Mithrandir|Pollen Puff|p2b: Nebby\n|-damage|p2b: Nebby|0 fnt\n|faint|p2b: Nebby\n|-ability|p1b: Mithrandir|Grim Neigh|boost\n|-boost|p1b: Mithrandir|spa|1\n|move|p1a: Drambor|Body Press|p2a: Pippin\n|-supereffective|p2a: Pippin\n|-damage|p2a: Pippin|44/100\n|move|p2a: Pippin|Heavy Slam|p1b: Mithrandir\n|-damage|p1b: Mithrandir|51/100\n|\n|upkeep\n|\n|t:|1774983324\n|switch|p2b: Bolognese|Ting-Lu, L50|100/100\n|-ability|p2b: Bolognese|Vessel of Ruin\n|turn|4\n|\n|t:|1774983345\n|-terastallize|p2a: Pippin|Ghost\n|move|p1b: Mithrandir|Protect|p1b: Mithrandir\n|-singleturn|p1b: Mithrandir|Protect\n|move|p2a: Pippin|Wide Guard|p2a: Pippin\n|-singleturn|p2a: Pippin|Wide Guard\n|move|p1a: Drambor|Body Press|p2a: Pippin\n|-immune|p2a: Pippin\n|move|p2b: Bolognese|Payback|p1b: Mithrandir\n|-activate|p1b: Mithrandir|move: Protect\n|\n|-sideend|p2: Mildly Displeased|move: Tailwind\n|upkeep\n|turn|5\n|\n|t:|1774983359\n|move|p1b: Mithrandir|Pollen Puff|p2b: Bolognese\n|-supereffective|p2b: Bolognese\n|-damage|p2b: Bolognese|68/100\n|move|p1a: Drambor|Body Press|p2b: Bolognese\n|-supereffective|p2b: Bolognese\n|-damage|p2b: Bolognese|0 fnt\n|faint|p2b: Bolognese\n|move|p2a: Pippin|Iron Defense|p2a: Pippin\n|-boost|p2a: Pippin|def|2\n|\n|-sideend|p1: Mirthinion|move: Tailwind\n|upkeep\n|turn|6\n|-message|Mildly Displeased forfeited.\n|\n|win|Mirthinion\n|raw|Mirthinion's rating: 1445 &rarr; <strong>1459</strong><br />(+14 for winning)\n|raw|Mildly Displeased's rating: 1333 &rarr; <strong>1319</strong><br />(-14 for losing)\n|l|\u2606Mildly Displeased\n|player|p2|\n","uploadtime":1774983372,"views":49,"formatid":"gen9vgc2026regi","rating":1319,"private":0,"password":null}