{"id":"gen9vgc2026regi-2567404543","format":"[Gen 9] VGC 2026 Reg I","players":["finalbossbackwiper","KaiMVGC"],"log":"|j|\u2606finalbossbackwiper\n|j|\u2606KaiMVGC\n|t:|1774473168\n|gametype|doubles\n|player|p1|finalbossbackwiper|2|1378\n|player|p2|KaiMVGC|boarder|1571\n|gen|9\n|tier|[Gen 9] VGC 2026 Reg I\n|rated|\n|rule|Species Clause: Limit one of each Pok\u00e9mon\n|rule|Item Clause: Limit 1 of each item\n|clearpoke\n|poke|p1|Miraidon, L50|\n|poke|p1|Calyrex-Ice, L50|\n|poke|p1|Pelipper, L50, M|\n|poke|p1|Urshifu-*, L50, M|\n|poke|p1|Incineroar, L50, M|\n|poke|p1|Amoonguss, L50, F|\n|poke|p2|Calyrex-Shadow, L50|\n|poke|p2|Zamazenta-*, L50|\n|poke|p2|Rillaboom, L50, F|\n|poke|p2|Raging Bolt, L50|\n|poke|p2|Smeargle, L50, M|\n|poke|p2|Tornadus, L50, M|\n|teampreview|4\n|inactive|Battle timer is ON: inactive players will automatically lose when time's up. (requested by finalbossbackwiper)\n|inactive|finalbossbackwiper has 60 seconds left.\n|\n|t:|1774473219\n|teamsize|p1|4\n|teamsize|p2|4\n|start\n|switch|p1a: Incineroar|Incineroar, L50, M|100/100\n|switch|p1b: Calyrex|Calyrex-Ice, L50|100/100\n|switch|p2a: Calyrex|Calyrex-Shadow, L50|100/100\n|switch|p2b: Smeargle|Smeargle, L50, M|100/100\n|-ability|p2a: Calyrex|As One\n|-ability|p2a: Calyrex|Unnerve\n|-ability|p1b: Calyrex|As One\n|-ability|p1b: Calyrex|Unnerve\n|-ability|p1a: Incineroar|Intimidate|boost\n|-unboost|p2a: Calyrex|atk|1\n|-unboost|p2b: Smeargle|atk|1\n|turn|1\n|\n|t:|1774473243\n|-terastallize|p2b: Smeargle|Ghost\n|-terastallize|p1b: Calyrex|Grass\n|move|p2a: Calyrex|Protect|p2a: Calyrex\n|-singleturn|p2a: Calyrex|Protect\n|move|p2b: Smeargle|Spore|p1b: Calyrex\n|-immune|p1b: Calyrex\n|move|p1a: Incineroar|Knock Off|p2a: Calyrex\n|-activate|p2a: Calyrex|move: Protect\n|move|p1b: Calyrex|Trick Room|p1b: Calyrex\n|-fieldstart|move: Trick Room|[of] p1b: Calyrex\n|\n|-ability|p2b: Smeargle|Moody|boost\n|-boost|p2b: Smeargle|spa|2\n|-unboost|p2b: Smeargle|def|1\n|upkeep\n|turn|2\n|\n|t:|1774473258\n|switch|p2a: Zamazenta|Zamazenta-Crowned, L50|100/100\n|-ability|p2a: Zamazenta|Dauntless Shield|boost\n|-boost|p2a: Zamazenta|def|1\n|move|p1b: Calyrex|Glacial Lance|p2b: Smeargle|[spread] p2a,p2b\n|-resisted|p2a: Zamazenta\n|-damage|p2a: Zamazenta|91/100\n|-enditem|p2b: Smeargle|Focus Sash\n|-damage|p2b: Smeargle|1/100\n|move|p1a: Incineroar|U-turn|p2b: Smeargle\n|-resisted|p2b: Smeargle\n|-damage|p2b: Smeargle|0 fnt\n|faint|p2b: Smeargle\n|\n|t:|1774473263\n|switch|p1a: Miraidon|Miraidon, L50|100/100|[from] U-turn\n|-fieldstart|move: Electric Terrain|[from] ability: Hadron Engine|[of] p1a: Miraidon\n|\n|upkeep\n|\n|t:|1774473268\n|switch|p2b: Rillaboom|Rillaboom, L50, F|100/100\n|-fieldstart|move: Grassy Terrain|[from] ability: Grassy Surge|[of] p2b: Rillaboom\n|turn|3\n|\n|t:|1774473276\n|move|p1a: Miraidon|Protect|p1a: Miraidon\n|-singleturn|p1a: Miraidon|Protect\n|move|p2b: Rillaboom|Fake Out|p1b: Calyrex\n|-damage|p1b: Calyrex|92/100\n|move|p1b: Calyrex|Leech Seed|p2a: Zamazenta\n|-start|p2a: Zamazenta|move: Leech Seed\n|move|p2a: Zamazenta|Body Press|p1a: Miraidon\n|-activate|p1a: Miraidon|move: Protect\n|\n|-heal|p1b: Calyrex|98/100|[from] Grassy Terrain\n|-heal|p2a: Zamazenta|97/100|[from] Grassy Terrain\n|-damage|p2a: Zamazenta|84/100|[from] Leech Seed|[of] p1b: Calyrex\n|-heal|p1b: Calyrex|100/100|[silent]\n|upkeep\n|turn|4\n|\n|t:|1774473289\n|move|p1b: Calyrex|Glacial Lance|p2b: Rillaboom|[spread] p2a,p2b\n|-resisted|p2a: Zamazenta\n|-supereffective|p2b: Rillaboom\n|-damage|p2a: Zamazenta|75/100\n|-damage|p2b: Rillaboom|4/100\n|move|p2b: Rillaboom|U-turn|p1b: Calyrex\n|-supereffective|p1b: Calyrex\n|-damage|p1b: Calyrex|73/100\n|\n|t:|1774473295\n|switch|p2b: Calyrex|Calyrex-Shadow, L50|100/100|[from] U-turn\n|-ability|p2b: Calyrex|As One\n|-ability|p2b: Calyrex|Unnerve\n|move|p2a: Zamazenta|Body Press|p1a: Miraidon\n|-damage|p1a: Miraidon|32/100\n|move|p1a: Miraidon|Electro Drift|p2a: Zamazenta\n|-damage|p2a: Zamazenta|22/100\n|-damage|p1a: Miraidon|23/100|[from] item: Life Orb\n|\n|-heal|p1b: Calyrex|79/100|[from] Grassy Terrain\n|-heal|p2a: Zamazenta|28/100|[from] Grassy Terrain\n|-heal|p1a: Miraidon|29/100|[from] Grassy Terrain\n|-damage|p2a: Zamazenta|16/100|[from] Leech Seed|[of] p1b: Calyrex\n|-heal|p1b: Calyrex|91/100|[silent]\n|upkeep\n|turn|5\n|\n|t:|1774473308\n|move|p2b: Calyrex|Protect|p2b: Calyrex\n|-singleturn|p2b: Calyrex|Protect\n|move|p1b: Calyrex|Glacial Lance|p2a: Zamazenta|[spread] p2a\n|-activate|p2b: Calyrex|move: Protect\n|-resisted|p2a: Zamazenta\n|-damage|p2a: Zamazenta|6/100\n|move|p2a: Zamazenta|Body Press|p1a: Miraidon\n|-damage|p1a: Miraidon|0 fnt\n|faint|p1a: Miraidon\n|\n|-heal|p1b: Calyrex|97/100|[from] Grassy Terrain\n|-heal|p2a: Zamazenta|12/100|[from] Grassy Terrain\n|-damage|p2a: Zamazenta|0 fnt|[from] Leech Seed|[of] p1b: Calyrex\n|-heal|p1b: Calyrex|100/100|[silent]\n|faint|p2a: Zamazenta\n|-fieldend|move: Trick Room\n|upkeep\n|\n|t:|1774473312\n|switch|p1a: Incineroar|Incineroar, L50, M|100/100\n|switch|p2a: Rillaboom|Rillaboom, L50, F|4/100\n|-ability|p1a: Incineroar|Intimidate|boost\n|-unboost|p2a: Rillaboom|atk|1\n|-unboost|p2b: Calyrex|atk|1\n|turn|6\n|\n|t:|1774473323\n|move|p2a: Rillaboom|Fake Out|p1b: Calyrex\n|-damage|p1b: Calyrex|95/100\n|move|p2b: Calyrex|Nasty Plot|p2b: Calyrex\n|-boost|p2b: Calyrex|spa|2\n|move|p1a: Incineroar|Knock Off|p2b: Calyrex\n|-supereffective|p2b: Calyrex\n|-damage|p2b: Calyrex|0 fnt\n|-enditem|p2b: Calyrex|Life Orb|[from] move: Knock Off|[of] p1a: Incineroar\n|faint|p2b: Calyrex\n|move|p1b: Calyrex|Glacial Lance|p2a: Rillaboom\n|-supereffective|p2a: Rillaboom\n|-damage|p2a: Rillaboom|0 fnt\n|faint|p2a: Rillaboom\n|\n|win|finalbossbackwiper\n|raw|finalbossbackwiper's rating: 1378 &rarr; <strong>1408</strong><br />(+30 for winning)\n|raw|KaiMVGC's rating: 1571 &rarr; <strong>1541</strong><br />(-30 for losing)\n","uploadtime":1774473325,"views":26,"formatid":"gen9vgc2026regi","rating":1408,"private":0,"password":null}