{"id":"gen9vgc2026regi-2578814933","format":"[Gen 9] VGC 2026 Reg I","players":["xiaoliyunVGC","kskxnls"],"log":"|j|\u2606xiaoliyunVGC\n|j|\u2606kskxnls\n|t:|1775722244\n|gametype|doubles\n|player|p1|xiaoliyunVGC|liko|1327\n|player|p2|kskxnls|170|1431\n|gen|9\n|tier|[Gen 9] VGC 2026 Reg I\n|rated|\n|rule|Species Clause: Limit one of each Pok\u00e9mon\n|rule|Item Clause: Limit 1 of each item\n|clearpoke\n|poke|p1|Miraidon, L50|\n|poke|p1|Zamazenta-*, L50|\n|poke|p1|Dragonite, L50, M|\n|poke|p1|Chien-Pao, L50|\n|poke|p1|Clefairy, L50, F|\n|poke|p1|Volcarona, L50, F|\n|poke|p2|Braviary, L50, M|\n|poke|p2|Blastoise, L50, F|\n|poke|p2|Calyrex-Shadow, L50|\n|poke|p2|Koraidon, L50|\n|poke|p2|Rhyperior, L50, F|\n|poke|p2|Kingambit, L50, M|\n|teampreview|4\n|inactive|Battle timer is ON: inactive players will automatically lose when time's up. (requested by xiaoliyunVGC)\n|\n|t:|1775722275\n|teamsize|p1|4\n|teamsize|p2|4\n|start\n|switch|p1a: Dragonite|Dragonite, L50, M, shiny|100/100\n|switch|p1b: Chien-Pao|Chien-Pao, L50, shiny|100/100\n|switch|p2a: Koraidon|Koraidon, L50|100/100\n|switch|p2b: Calyrex|Calyrex-Shadow, L50|100/100\n|-ability|p2b: Calyrex|As One\n|-ability|p2b: Calyrex|Unnerve\n|-ability|p1b: Chien-Pao|Sword of Ruin\n|-weather|SunnyDay|[from] ability: Orichalcum Pulse|[of] p2a: Koraidon\n|-activate|p2a: Koraidon|Orichalcum Pulse|[source]\n|turn|1\n|\n|t:|1775722286\n|switch|p2b: Blastoise|Blastoise, L50, F|100/100\n|-terastallize|p2a: Koraidon|Fire\n|-terastallize|p1a: Dragonite|Normal\n|move|p1a: Dragonite|Extreme Speed|p2a: Koraidon\n|-damage|p2a: Koraidon|10/100\n|move|p1b: Chien-Pao|Icy Wind|p2b: Blastoise|[spread] p2a,p2b\n|-resisted|p2a: Koraidon\n|-resisted|p2b: Blastoise\n|-damage|p2a: Koraidon|3/100\n|-damage|p2b: Blastoise|96/100\n|-unboost|p2b: Blastoise|spe|1\n|move|p2a: Koraidon|Flame Charge|p1b: Chien-Pao\n|-supereffective|p1b: Chien-Pao\n|-damage|p1b: Chien-Pao|0 fnt\n|-boost|p2a: Koraidon|spe|1\n|faint|p1b: Chien-Pao\n|\n|-weather|SunnyDay|[upkeep]\n|upkeep\n|\n|t:|1775722303\n|switch|p1b: Miraidon|Miraidon, L50, shiny|100/100\n|-fieldstart|move: Electric Terrain|[from] ability: Hadron Engine|[of] p1b: Miraidon\n|turn|2\n|\n|t:|1775722314\n|switch|p2a: Calyrex|Calyrex-Shadow, L50|100/100\n|-ability|p2a: Calyrex|As One\n|-ability|p2a: Calyrex|Unnerve\n|switch|p1b: Zamazenta|Zamazenta-Crowned, L50, shiny|100/100\n|-ability|p1b: Zamazenta|Dauntless Shield|boost\n|-boost|p1b: Zamazenta|def|1\n|switch|p2b: Rhyperior|Rhyperior, L50, F|100/100\n|move|p1a: Dragonite|Extreme Speed|p2a: Calyrex\n|-immune|p2a: Calyrex\n|\n|-weather|SunnyDay|[upkeep]\n|upkeep\n|turn|3\n|\n|t:|1775722329\n|switch|p2b: Blastoise|Blastoise, L50, F|96/100\n|move|p1a: Dragonite|Extreme Speed|p2b: Blastoise\n|-damage|p2b: Blastoise|44/100\n|-enditem|p2b: Blastoise|Sitrus Berry|[eat]\n|-heal|p2b: Blastoise|69/100|[from] item: Sitrus Berry\n|move|p2a: Calyrex|Psyshock|p1a: Dragonite\n|-damage|p1a: Dragonite|39/100\n|-damage|p2a: Calyrex|91/100|[from] item: Life Orb\n|move|p1b: Zamazenta|Body Press|p2b: Blastoise\n|-crit|p2b: Blastoise\n|-damage|p2b: Blastoise|0 fnt\n|faint|p2b: Blastoise\n|\n|-weather|SunnyDay|[upkeep]\n|upkeep\n|\n|t:|1775722335\n|switch|p2b: Koraidon|Koraidon, L50, tera:Fire|3/100\n|-activate|p2b: Koraidon|ability: Orichalcum Pulse\n|turn|4\n|\n|t:|1775722346\n|switch|p1a: Miraidon|Miraidon, L50, shiny|100/100\n|-activate|p1a: Miraidon|ability: Hadron Engine\n|move|p2b: Koraidon|Protect|p2b: Koraidon\n|-singleturn|p2b: Koraidon|Protect\n|move|p2a: Calyrex|Psyshock|p1a: Miraidon\n|-damage|p1a: Miraidon|35/100\n|-damage|p2a: Calyrex|81/100|[from] item: Life Orb\n|move|p1b: Zamazenta|Behemoth Bash|p2a: Calyrex\n|-damage|p2a: Calyrex|33/100\n|\n|-weather|SunnyDay|[upkeep]\n|upkeep\n|turn|5\n|\n|t:|1775722363\n|move|p1b: Zamazenta|Wide Guard|p1b: Zamazenta\n|-singleturn|p1b: Zamazenta|Wide Guard\n|move|p2a: Calyrex|Psyshock|p1a: Miraidon\n|-damage|p1a: Miraidon|0 fnt\n|faint|p1a: Miraidon\n|-ability|p2a: Calyrex|Grim Neigh|boost\n|-boost|p2a: Calyrex|spa|1\n|-damage|p2a: Calyrex|23/100|[from] item: Life Orb\n|move|p2b: Koraidon|Collision Course|p1b: Zamazenta\n|-supereffective|p1b: Zamazenta\n|-damage|p1b: Zamazenta|24/100\n|\n|-weather|none\n|upkeep\n|\n|t:|1775722368\n|switch|p1a: Dragonite|Dragonite, L50, M, shiny, tera:Normal|39/100\n|turn|6\n|-message|xiaoliyunVGC forfeited.\n|\n|win|kskxnls\n|raw|xiaoliyunVGC's rating: 1327 &rarr; <strong>1313</strong><br />(-14 for losing)\n|raw|kskxnls's rating: 1431 &rarr; <strong>1445</strong><br />(+14 for winning)\n|l|\u2606xiaoliyunVGC\n|player|p1|\n|l|\u2606kskxnls\n|player|p2|\n","uploadtime":1775722572,"views":8,"formatid":"gen9vgc2026regi","rating":1313,"private":0,"password":null}