{"id":"gen9vgc2026regi-2578285492","format":"[Gen 9] VGC 2026 Reg I","players":["ppyyy","minamisimp"],"log":"|j|\u2606ppyyy\n|j|\u2606minamisimp\n|html|<table width=\"100%\"><tr><td align=\"left\">ppyyy</td><td align=\"right\">minamisimp</tr><tr><td align=\"left\"><i class=\"fa fa-circle\"></i> <i class=\"fa fa-circle-o\"></i> </td><td align=\"right\"><i class=\"fa fa-circle-o\"></i> <i class=\"fa fa-circle\"></i> </tr></table>\n|uhtml|bestof|<h2><strong>Game 3</strong> of <a href=\"/game-bestof3-gen9vgc2026regi-2578277596\">a best-of-3</a></h2>\n|t:|1775665308\n|gametype|doubles\n|player|p1|ppyyy|elesa-gen5bw2|\n|player|p2|minamisimp|102|\n|gen|9\n|tier|[Gen 9] VGC 2026 Reg I\n|rated|Tournament battle\n|rule|Species Clause: Limit one of each Pok\u00e9mon\n|rule|Item Clause: Limit 1 of each item\n|raw|<div class=\"infobox\"><details class=\"readmore\" open><summary><strong>4 custom rules:</strong></summary> Open Team Sheets, Force Open Team Sheets, !Open Team Sheets, Best of = 3</details></div>\n|clearpoke\n|poke|p1|Scream Tail, L50|\n|poke|p1|Rillaboom, L50, M|\n|poke|p1|Urshifu-*, L50, F|\n|poke|p1|Incineroar, L50, M|\n|poke|p1|Lunala, L50|\n|poke|p1|Zamazenta-*, L50|\n|poke|p2|Miraidon, L50|\n|poke|p2|Lunala, L50|\n|poke|p2|Whimsicott, L50, F|\n|poke|p2|Urshifu-*, L50, M|\n|poke|p2|Incineroar, L50, F|\n|poke|p2|Ursaluna, L50, F|\n|teampreview|4\n|showteam|p1|Scream Tail||BoosterEnergy|Protosynthesis|DazzlingGleam,Encore,Disable,Protect||||||50|,,,,,Dark]Rillaboom||AssaultVest|GrassySurge|FakeOut,WoodHammer,GrassyGlide,Uturn|||M|||50|,,,,,Fire]Urshifu-Rapid-Strike||FocusSash|UnseenFist|SurgingStrikes,AquaJet,Taunt,Detect|||F|||50|,,,,,Grass]Incineroar||CovertCloak|Intimidate|FakeOut,WillOWisp,KnockOff,PartingShot|||M|||50|,,,,,Bug]Lunala||Leftovers|ShadowShield|MoongeistBeam,Moonblast,CalmMind,Protect||||||50|,,,,,Fairy]Zamazenta-Crowned||RustedShield|DauntlessShield|BodyPress,HeavySlam,WideGuard,Protect||||||50|,,,,,Water\n|showteam|p2|Miraidon||LifeOrb|HadronEngine|ElectroDrift,DracoMeteor,VoltSwitch,Protect||||||50|,,,,,Electric]Lunala||ElectricSeed|ShadowShield|MoongeistBeam,Moonblast,WideGuard,TrickRoom||||||50|,,,,,Fairy]Whimsicott||CovertCloak|Prankster|Moonblast,Encore,LightScreen,Tailwind|||F|||50|,,,,,Water]Urshifu-Rapid-Strike||ChoiceBand|UnseenFist|SurgingStrikes,CloseCombat,AquaJet,Uturn|||M|||50|,,,,,Ghost]Incineroar||AssaultVest|Intimidate|FlareBlitz,KnockOff,Uturn,FakeOut|||F|||50|,,,,,Bug]Ursaluna||FlameOrb|Guts|Facade,HeadlongRush,Earthquake,Protect|||F|||50|,,,,,Ghost\n|j| nakedbabe\n|inactive|Battle timer is ON: inactive players will automatically lose when time's up. (requested by minamisimp)\n|inactive|ppyyy has 60 seconds left.\n|\n|t:|1775665346\n|teamsize|p1|4\n|teamsize|p2|4\n|start\n|switch|p1a: Rillaboom|Rillaboom, L50, M|100/100\n|switch|p1b: Lunala|Lunala, L50|100/100\n|switch|p2a: Miraidon|Miraidon, L50|100/100\n|switch|p2b: Urshifu|Urshifu-Rapid-Strike, L50, M|100/100\n|-fieldstart|move: Electric Terrain|[from] ability: Hadron Engine|[of] p2a: Miraidon\n|-fieldstart|move: Grassy Terrain|[from] ability: Grassy Surge|[of] p1a: Rillaboom\n|turn|1\n|\n|t:|1775665359\n|switch|p2b: Incineroar|Incineroar, L50, F|100/100\n|-ability|p2b: Incineroar|Intimidate|boost\n|-unboost|p1a: Rillaboom|atk|1\n|-unboost|p1b: Lunala|atk|1\n|move|p1a: Rillaboom|Fake Out|p2b: Incineroar\n|-damage|p2b: Incineroar|93/100\n|move|p2a: Miraidon|Volt Switch|p1b: Lunala\n|-crit|p1b: Lunala\n|-damage|p1b: Lunala|76/100\n|-damage|p2a: Miraidon|91/100|[from] item: Life Orb\n|\n|t:|1775665366\n|switch|p2a: Urshifu|Urshifu-Rapid-Strike, L50, M|100/100|[from] Volt Switch\n|move|p1b: Lunala|Moongeist Beam|p2b: Incineroar\n|-resisted|p2b: Incineroar\n|-damage|p2b: Incineroar|77/100\n|\n|-heal|p1b: Lunala|82/100|[from] Grassy Terrain\n|-heal|p1b: Lunala|88/100|[from] item: Leftovers\n|-heal|p2b: Incineroar|83/100|[from] Grassy Terrain\n|upkeep\n|turn|2\n|inactive|ppyyy has 30 seconds left.\n|\n|t:|1775665399\n|switch|p1a: Incineroar|Incineroar, L50, M|100/100\n|-ability|p1a: Incineroar|Intimidate|boost\n|-unboost|p2a: Urshifu|atk|1\n|-unboost|p2b: Incineroar|atk|1\n|-terastallize|p1b: Lunala|Fairy\n|move|p2b: Incineroar|Fake Out|p1a: Incineroar\n|-damage|p1a: Incineroar|95/100\n|move|p2a: Urshifu|Surging Strikes|p1b: Lunala\n|-crit|p1b: Lunala\n|-damage|p1b: Lunala|63/100\n|-crit|p1b: Lunala\n|-damage|p1b: Lunala|39/100\n|-crit|p1b: Lunala\n|-damage|p1b: Lunala|13/100\n|-hitcount|p1b: Lunala|3\n|move|p1b: Lunala|Moonblast|p2a: Urshifu\n|-supereffective|p2a: Urshifu\n|-damage|p2a: Urshifu|0 fnt\n|faint|p2a: Urshifu\n|\n|-heal|p1b: Lunala|19/100|[from] Grassy Terrain\n|-heal|p1b: Lunala|25/100|[from] item: Leftovers\n|-heal|p2b: Incineroar|89/100|[from] Grassy Terrain\n|-heal|p1a: Incineroar|100/100|[from] Grassy Terrain\n|upkeep\n|\n|t:|1775665406\n|switch|p2a: Lunala|Lunala, L50|100/100\n|turn|3\n|\n|t:|1775665418\n|switch|p2b: Miraidon|Miraidon, L50|91/100\n|-fieldstart|move: Electric Terrain|[from] ability: Hadron Engine|[of] p2b: Miraidon\n|-enditem|p2a: Lunala|Electric Seed\n|-boost|p2a: Lunala|def|1|[from] item: Electric Seed\n|move|p1a: Incineroar|Fake Out|p2b: Miraidon\n|-damage|p2b: Miraidon|81/100\n|move|p1b: Lunala|Calm Mind|p1b: Lunala\n|-boost|p1b: Lunala|spa|1\n|-boost|p1b: Lunala|spd|1\n|move|p2a: Lunala|Moongeist Beam|p1b: Lunala\n|-damage|p1b: Lunala|1/100\n|\n|-heal|p1b: Lunala|7/100|[from] item: Leftovers\n|upkeep\n|turn|4\n|\n|t:|1775665435\n|-terastallize|p2a: Lunala|Fairy\n|move|p1b: Lunala|Protect|p1b: Lunala\n|-singleturn|p1b: Lunala|Protect\n|move|p2b: Miraidon|Volt Switch|p1a: Incineroar\n|-damage|p1a: Incineroar|17/100\n|-damage|p2b: Miraidon|71/100|[from] item: Life Orb\n|\n|t:|1775665438\n|switch|p2b: Incineroar|Incineroar, L50, F|89/100|[from] Volt Switch\n|-ability|p2b: Incineroar|Intimidate|boost\n|-unboost|p1a: Incineroar|atk|1\n|-unboost|p1b: Lunala|atk|1\n|move|p2a: Lunala|Moonblast|p1a: Incineroar\n|-damage|p1a: Incineroar|0 fnt\n|faint|p1a: Incineroar\n|\n|-heal|p1b: Lunala|13/100|[from] item: Leftovers\n|upkeep\n|\n|t:|1775665451\n|switch|p1a: Rillaboom|Rillaboom, L50, M|100/100\n|-fieldstart|move: Grassy Terrain|[from] ability: Grassy Surge|[of] p1a: Rillaboom\n|turn|5\n|l|\u2606minamisimp\n|inactive|minamisimp disconnected and has a minute to reconnect!\n|player|p2|\n|j|\u2606minamisimp\n|inactive|minamisimp reconnected and has 35 seconds left.\n|player|p2|minamisimp|102|\n|j| merdico\n|inactive|ppyyy has 30 seconds left.\n|inactive|minamisimp has 30 seconds left.\n|inactive|ppyyy has 20 seconds left.\n|inactive|ppyyy has 15 seconds left.\n|inactive|ppyyy has 10 seconds left.\n|j| NotsoSpeedy\n|inactive|ppyyy has 5 seconds left.\n|\n|t:|1775665505\n|switch|p1b: Scream Tail|Scream Tail, L50|100/100\n|-enditem|p1b: Scream Tail|Booster Energy\n|-activate|p1b: Scream Tail|ability: Protosynthesis|[fromitem]\n|-start|p1b: Scream Tail|protosynthesisspe\n|move|p2a: Lunala|Moongeist Beam|p1b: Scream Tail\n|-supereffective|p1b: Scream Tail\n|-damage|p1b: Scream Tail|18/100\n|move|p1a: Rillaboom|U-turn|p2a: Lunala\n|-resisted|p2a: Lunala\n|-damage|p2a: Lunala|98/100\n|\n|t:|1775665515\n|switch|p1a: Lunala|Lunala, L50, tera:Fairy|13/100|[from] U-turn\n|move|p2b: Incineroar|Flare Blitz|p1b: Scream Tail\n|-damage|p1b: Scream Tail|0 fnt\n|faint|p1b: Scream Tail\n|-end|p1b: Scream Tail|Protosynthesis|[silent]\n|-damage|p2b: Incineroar|83/100|[from] Recoil\n|\n|-heal|p1a: Lunala|19/100|[from] Grassy Terrain\n|-heal|p1a: Lunala|25/100|[from] item: Leftovers\n|-heal|p2a: Lunala|100/100|[from] Grassy Terrain\n|-heal|p2b: Incineroar|89/100|[from] Grassy Terrain\n|upkeep\n|\n|t:|1775665520\n|switch|p1b: Rillaboom|Rillaboom, L50, M|100/100\n|turn|6\n|\n|t:|1775665528\n|move|p1b: Rillaboom|Fake Out|p2a: Lunala\n|-damage|p2a: Lunala|97/100\n|move|p1a: Lunala|Calm Mind|p1a: Lunala\n|-boost|p1a: Lunala|spa|1\n|-boost|p1a: Lunala|spd|1\n|cant|p2a: Lunala|flinch\n|move|p2b: Incineroar|Flare Blitz|p1a: Lunala\n|-damage|p1a: Lunala|0 fnt\n|faint|p1a: Lunala\n|-damage|p2b: Incineroar|79/100|[from] Recoil\n|\n|-heal|p2a: Lunala|100/100|[from] Grassy Terrain\n|-heal|p2b: Incineroar|85/100|[from] Grassy Terrain\n|upkeep\n|turn|7\n|-message|ppyyy forfeited.\n|\n|win|minamisimp\n|l|\u2606minamisimp\n|player|p2|\n|l| NotsoSpeedy\n","uploadtime":1775665554,"views":8,"formatid":"gen9vgc2026regi","rating":null,"private":0,"password":null}