{"id":"gen9vgc2026regi-2572591549","format":"[Gen 9] VGC 2026 Reg I","players":["Dorkeva","shecallmedada"],"log":"|j|\u2606Dorkeva\n|j|\u2606shecallmedada\n|t:|1775046872\n|gametype|doubles\n|player|p1|Dorkeva|169|1308\n|player|p2|shecallmedada|burglar-gen1rb|1501\n|gen|9\n|tier|[Gen 9] VGC 2026 Reg I\n|rated|\n|rule|Species Clause: Limit one of each Pok\u00e9mon\n|rule|Item Clause: Limit 1 of each item\n|clearpoke\n|poke|p1|Lunala, L50|\n|poke|p1|Koraidon, L50|\n|poke|p1|Flutter Mane, L50|\n|poke|p1|Brute Bonnet, L50|\n|poke|p1|Chi-Yu, L50|\n|poke|p1|Ursaluna, L50, F|\n|poke|p2|Terapagos, L50, M|\n|poke|p2|Ho-Oh, L50|\n|poke|p2|Raging Bolt, L50|\n|poke|p2|Urshifu-*, L50, M|\n|poke|p2|Incineroar, L50, M|\n|poke|p2|Sinistcha, L50|\n|teampreview|4\n|inactive|Battle timer is ON: inactive players will automatically lose when time's up. (requested by Dorkeva)\nDorkeva rejected open team sheets.\n|inactive|shecallmedada has 60 seconds left.\n|\n|t:|1775046909\n|teamsize|p1|4\n|teamsize|p2|4\n|start\n|switch|p1a: MoonMoon|Lunala, L50|100/100\n|switch|p1b: Brute Bonnie|Brute Bonnet, L50|100/100\n|switch|p2a: Ho-Oh|Ho-Oh, L50|100/100\n|switch|p2b: Raging Bolt|Raging Bolt, L50|100/100\n|-enditem|p2b: Raging Bolt|Booster Energy\n|-activate|p2b: Raging Bolt|ability: Protosynthesis|[fromitem]\n|-start|p2b: Raging Bolt|protosynthesisspa\n|turn|1\n|\n|t:|1775046929\n|move|p2a: Ho-Oh|Sacred Fire|p1b: Brute Bonnie\n|-supereffective|p1b: Brute Bonnie\n|-damage|p1b: Brute Bonnie|37/100\n|-enditem|p1b: Brute Bonnie|Sitrus Berry|[eat]\n|-heal|p1b: Brute Bonnie|62/100|[from] item: Sitrus Berry\n|move|p2b: Raging Bolt|Thunderbolt|p1b: Brute Bonnie\n|-resisted|p1b: Brute Bonnie\n|-damage|p1b: Brute Bonnie|38/100\n|move|p1b: Brute Bonnie|Spore|p2b: Raging Bolt\n|-status|p2b: Raging Bolt|slp|[from] move: Spore\n|move|p1a: MoonMoon|Trick Room|p1a: MoonMoon\n|-fieldstart|move: Trick Room|[of] p1a: MoonMoon\n|\n|upkeep\n|turn|2\n|\n|t:|1775046947\n|-end|p1b: Brute Bonnie|Protosynthesis|[silent]\n|switch|p1b: Girl Math|Ursaluna, L50, F|100/100\n|move|p2a: Ho-Oh|Protect|p2a: Ho-Oh\n|-singleturn|p2a: Ho-Oh|Protect\n|cant|p2b: Raging Bolt|slp\n|move|p1a: MoonMoon|Meteor Beam||[still]\n|-prepare|p1a: MoonMoon|Meteor Beam\n|-boost|p1a: MoonMoon|spa|1\n|-enditem|p1a: MoonMoon|Power Herb\n|-anim|p1a: MoonMoon|Meteor Beam|p2a: Ho-Oh\n|-activate|p2a: Ho-Oh|move: Protect\n|\n|-status|p1b: Girl Math|brn|[from] item: Flame Orb\n|upkeep\n|turn|3\n|\n|t:|1775046968\n|switch|p2a: Incineroar|Incineroar, L50, M|100/100\n|-ability|p2a: Incineroar|Intimidate|boost\n|-unboost|p1a: MoonMoon|atk|1\n|-unboost|p1b: Girl Math|atk|1\n|move|p1b: Girl Math|Facade|p2a: Incineroar\n|-damage|p2a: Incineroar|39/100\n|-curestatus|p2b: Raging Bolt|slp|[msg]\n|move|p2b: Raging Bolt|Dragon Pulse|p1b: Girl Math\n|-damage|p1b: Girl Math|48/100 brn\n|move|p1a: MoonMoon|Moongeist Beam|p2b: Raging Bolt\n|-damage|p2b: Raging Bolt|32/100\n|\n|-damage|p1b: Girl Math|42/100 brn|[from] brn\n|upkeep\n|turn|4\n|inactive|shecallmedada has 30 seconds left.\n|inactive|shecallmedada has 20 seconds left.\n|\n|t:|1775047005\n|switch|p2a: Sinistcha|Sinistcha, L50|100/100\n|-heal|p2b: Raging Bolt|57/100|[from] ability: Hospitality|[of] p2a: Sinistcha\n|-terastallize|p1b: Girl Math|Ghost\n|move|p2b: Raging Bolt|Thunderclap|p1a: MoonMoon\n|-damage|p1a: MoonMoon|82/100\n|move|p1b: Girl Math|Earthquake|p2a: Sinistcha|[spread] p1a,p2a,p2b\n|-resisted|p2a: Sinistcha\n|-supereffective|p2b: Raging Bolt\n|-damage|p1a: MoonMoon|53/100\n|-damage|p2a: Sinistcha|80/100\n|-damage|p2b: Raging Bolt|0 fnt\n|faint|p2b: Raging Bolt\n|-end|p2b: Raging Bolt|Protosynthesis|[silent]\n|move|p1a: MoonMoon|Moongeist Beam|p2a: Sinistcha\n|-supereffective|p2a: Sinistcha\n|-damage|p2a: Sinistcha|0 fnt\n|faint|p2a: Sinistcha\n|\n|-damage|p1b: Girl Math|36/100 brn|[from] brn\n|upkeep\n|\n|t:|1775047018\n|switch|p2b: Incineroar|Incineroar, L50, M|39/100\n|switch|p2a: Ho-Oh|Ho-Oh, L50|100/100\n|-ability|p2b: Incineroar|Intimidate|boost\n|-unboost|p1a: MoonMoon|atk|1\n|-unboost|p1b: Girl Math|atk|1\n|turn|5\n|\n|t:|1775047041\n|move|p1b: Girl Math|Facade|p2b: Incineroar\n|-damage|p2b: Incineroar|0 fnt\n|faint|p2b: Incineroar\n|move|p1a: MoonMoon|Meteor Beam||[still]\n|-prepare|p1a: MoonMoon|Meteor Beam\n|-boost|p1a: MoonMoon|spa|1\n|move|p2a: Ho-Oh|Sacred Fire|p1a: MoonMoon\n|-damage|p1a: MoonMoon|15/100\n|-status|p1a: MoonMoon|brn\n|\n|-damage|p1b: Girl Math|31/100 brn|[from] brn\n|-damage|p1a: MoonMoon|9/100 brn|[from] brn\n|-fieldend|move: Trick Room\n|upkeep\n|turn|6\n|\n|t:|1775047058\n|move|p2a: Ho-Oh|Brave Bird|p1a: MoonMoon\n|-damage|p1a: MoonMoon|0 fnt\n|faint|p1a: MoonMoon\n|-damage|p2a: Ho-Oh|98/100|[from] Recoil\n|move|p1b: Girl Math|Facade|p2a: Ho-Oh\n|-damage|p2a: Ho-Oh|49/100\n|\n|-damage|p1b: Girl Math|25/100 brn|[from] brn\n|upkeep\n|\n|t:|1775047065\n|switch|p1a: Brute Bonnie|Brute Bonnet, L50|38/100\n|turn|7\n|\n|t:|1775047071\n|move|p2a: Ho-Oh|Protect|p2a: Ho-Oh\n|-singleturn|p2a: Ho-Oh|Protect\n|move|p1a: Brute Bonnie|Spore|p2a: Ho-Oh\n|-activate|p2a: Ho-Oh|move: Protect\n|move|p1b: Girl Math|Facade|p2a: Ho-Oh\n|-activate|p2a: Ho-Oh|move: Protect\n|\n|-damage|p1b: Girl Math|19/100 brn|[from] brn\n|upkeep\n|turn|8\n|\n|t:|1775047077\n|move|p2a: Ho-Oh|Sacred Fire|p1a: Brute Bonnie\n|-supereffective|p1a: Brute Bonnie\n|-damage|p1a: Brute Bonnie|0 fnt\n|faint|p1a: Brute Bonnie\n|-end|p1a: Brute Bonnie|Protosynthesis|[silent]\n|move|p1b: Girl Math|Facade|p2a: Ho-Oh\n|-damage|p2a: Ho-Oh|1/100\n|\n|-damage|p1b: Girl Math|13/100 brn|[from] brn\n|upkeep\n|\n|t:|1775047079\n|switch|p1a: Clydeon|Koraidon, L50|100/100\n|-weather|SunnyDay|[from] ability: Orichalcum Pulse|[of] p1a: Clydeon\n|-activate|p1a: Clydeon|Orichalcum Pulse|[source]\n|turn|9\n|-message|shecallmedada forfeited.\n|\n|win|Dorkeva\n|raw|Dorkeva's rating: 1308 &rarr; <strong>1338</strong><br />(+30 for winning)\n|raw|shecallmedada's rating: 1501 &rarr; <strong>1471</strong><br />(-30 for losing)\n|l|\u2606shecallmedada\n|player|p2|\n","uploadtime":1775047090,"views":215,"formatid":"gen9vgc2026regi","rating":1338,"private":0,"password":null}