{"id":"gen9vgc2026regi-2546802614","format":"[Gen 9] VGC 2026 Reg I","players":["xs1234","kojimuranishi"],"log":"|j|\u2606xs1234\n|j|\u2606kojimuranishi\n|t:|1772013992\n|gametype|doubles\n|player|p1|xs1234|steven|1450\n|player|p2|kojimuranishi|102|1508\n|gen|9\n|tier|[Gen 9] VGC 2026 Reg I\n|rated|\n|rule|Species Clause: Limit one of each Pok\u00e9mon\n|rule|Item Clause: Limit 1 of each item\n|clearpoke\n|poke|p1|Amoonguss, L50, F|\n|poke|p1|Calyrex-Ice, L50|\n|poke|p1|Kyogre, L50|\n|poke|p1|Grimmsnarl, L50, M|\n|poke|p1|Flutter Mane, L50|\n|poke|p1|Basculegion, L50, M|\n|poke|p2|Raging Bolt, L50|\n|poke|p2|Calyrex-Ice, L50|\n|poke|p2|Kyogre, L50|\n|poke|p2|Indeedee-F, L50, F|\n|poke|p2|Ursaluna, L50, M|\n|poke|p2|Urshifu-*, L50, M|\n|teampreview|4\n|inactive|Battle timer is ON: inactive players will automatically lose when time's up. (requested by xs1234)\n|inactive|xs1234 has 60 seconds left.\n|\n|t:|1772014041\n|teamsize|p1|4\n|teamsize|p2|4\n|start\n|switch|p1a: Calyrex|Calyrex-Ice, L50|100/100\n|switch|p1b: Grimmsnarl|Grimmsnarl, L50, M|100/100\n|switch|p2a: Raging Bolt|Raging Bolt, L50|100/100\n|switch|p2b: Calyrex|Calyrex-Ice, L50|100/100\n|-ability|p1a: Calyrex|As One\n|-ability|p1a: Calyrex|Unnerve\n|-ability|p2b: Calyrex|As One\n|-ability|p2b: Calyrex|Unnerve\n|-enditem|p2a: Raging Bolt|Booster Energy\n|-activate|p2a: Raging Bolt|ability: Protosynthesis|[fromitem]\n|-start|p2a: Raging Bolt|protosynthesisspa\n|turn|1\n|inactive|kojimuranishi has 30 seconds left.\n|\n|t:|1772014068\n|-terastallize|p2a: Raging Bolt|Electric\n|move|p1b: Grimmsnarl|Light Screen|p1b: Grimmsnarl\n|-sidestart|p1: xs1234|move: Light Screen\n|move|p2a: Raging Bolt|Thunderbolt|p1a: Calyrex\n|-damage|p1a: Calyrex|66/100\n|move|p1a: Calyrex|Leech Seed|p2b: Calyrex\n|-start|p2b: Calyrex|move: Leech Seed\n|move|p2b: Calyrex|Leech Seed|p1a: Calyrex\n|-start|p1a: Calyrex|move: Leech Seed\n|\n|-heal|p1a: Calyrex|72/100|[from] item: Leftovers\n|-damage|p1a: Calyrex|59/100|[from] Leech Seed|[of] p2b: Calyrex\n|-damage|p2b: Calyrex|88/100|[from] Leech Seed|[of] p1a: Calyrex\n|-heal|p1a: Calyrex|72/100|[silent]\n|upkeep\n|turn|2\n|inactive|xs1234 has 30 seconds left.\n|inactive|xs1234 has 20 seconds left.\n|\n|t:|1772014107\n|move|p2a: Raging Bolt|Thunderbolt|p1b: Grimmsnarl\n|-damage|p1b: Grimmsnarl|42/100\n|move|p1b: Grimmsnarl|Spirit Break|p2a: Raging Bolt\n|-damage|p2a: Raging Bolt|76/100\n|-unboost|p2a: Raging Bolt|spa|1\n|move|p1a: Calyrex|Glacial Lance|p2b: Calyrex|[spread] p2a,p2b\n|-resisted|p2b: Calyrex\n|-damage|p2a: Raging Bolt|35/100\n|-damage|p2b: Calyrex|74/100\n|move|p2b: Calyrex|Glacial Lance|p1b: Grimmsnarl|[spread] p1a,p1b\n|-resisted|p1a: Calyrex\n|-damage|p1a: Calyrex|59/100\n|-damage|p1b: Grimmsnarl|0 fnt\n|faint|p1b: Grimmsnarl\n|-ability|p2b: Calyrex|Chilling Neigh|boost\n|-boost|p2b: Calyrex|atk|1\n|\n|-heal|p1a: Calyrex|65/100|[from] item: Leftovers\n|-heal|p2b: Calyrex|80/100|[from] item: Leftovers\n|-damage|p1a: Calyrex|53/100|[from] Leech Seed|[of] p2b: Calyrex\n|-heal|p2b: Calyrex|92/100|[silent]\n|-damage|p2b: Calyrex|80/100|[from] Leech Seed|[of] p1a: Calyrex\n|-heal|p1a: Calyrex|65/100|[silent]\n|upkeep\n|\n|t:|1772014129\n|switch|p1b: Kyogre|Kyogre, L50|100/100\n|-weather|RainDance|[from] ability: Drizzle|[of] p1b: Kyogre\n|turn|3\n|inactive|kojimuranishi has 30 seconds left.\n|\n|t:|1772014159\n|-terastallize|p1b: Kyogre|Grass\n|move|p2a: Raging Bolt|Thunderclap|p1b: Kyogre\n|-resisted|p1b: Kyogre\n|-damage|p1b: Kyogre|88/100\n|move|p1b: Kyogre|Water Spout|p2b: Calyrex|[spread] p2a,p2b\n|-crit|p2b: Calyrex\n|-damage|p2a: Raging Bolt|0 fnt\n|-damage|p2b: Calyrex|0 fnt\n|faint|p2a: Raging Bolt\n|-end|p2a: Raging Bolt|Protosynthesis|[silent]\n|faint|p2b: Calyrex\n|move|p1a: Calyrex|Glacial Lance|p2: Raging Bolt|[notarget]\n|-fail|p1a: Calyrex\n|\n|-weather|RainDance|[upkeep]\n|-heal|p1a: Calyrex|71/100|[from] item: Leftovers\n|upkeep\n|\n|t:|1772014176\n|switch|p2a: Ursaluna|Ursaluna, L50, M|100/100\n|switch|p2b: Kyogre|Kyogre, L50|100/100\n|turn|4\n|\n|t:|1772014195\n|move|p2a: Ursaluna|Protect|p2a: Ursaluna\n|-singleturn|p2a: Ursaluna|Protect\n|move|p2b: Kyogre|Origin Pulse|p1a: Calyrex|[spread] p1b\n|-miss|p2b: Kyogre|p1a: Calyrex\n|-resisted|p1b: Kyogre\n|-damage|p1b: Kyogre|72/100\n|move|p1b: Kyogre|Water Spout|p2b: Kyogre|[spread] p2b\n|-activate|p2a: Ursaluna|move: Protect\n|-resisted|p2b: Kyogre\n|-damage|p2b: Kyogre|64/100\n|move|p1a: Calyrex|Leech Seed|p2b: Kyogre\n|-start|p2b: Kyogre|move: Leech Seed\n|\n|-weather|RainDance|[upkeep]\n|-heal|p1a: Calyrex|77/100|[from] item: Leftovers\n|-damage|p2b: Kyogre|52/100|[from] Leech Seed|[of] p1a: Calyrex\n|-heal|p1a: Calyrex|87/100|[silent]\n|-damage|p1a: Calyrex|75/100|[from] Leech Seed|[of] p2b: Kyogre\n|-heal|p2b: Kyogre|66/100|[silent]\n|-status|p2a: Ursaluna|brn|[from] item: Flame Orb\n|upkeep\n|turn|5\n|\n|t:|1772014220\n|switch|p1a: Amoonguss|Amoonguss, L50, F|100/100\n|move|p2a: Ursaluna|Protect||[still]\n|-fail|p2a: Ursaluna\n|move|p2b: Kyogre|Origin Pulse|p1b: Kyogre|[spread] \n|-miss|p2b: Kyogre|p1a: Amoonguss\n|-miss|p2b: Kyogre|p1b: Kyogre\n|move|p1b: Kyogre|Water Spout|p2a: Ursaluna|[spread] p2a,p2b\n|-supereffective|p2a: Ursaluna\n|-resisted|p2b: Kyogre\n|-damage|p2a: Ursaluna|0 fnt\n|-damage|p2b: Kyogre|33/100\n|faint|p2a: Ursaluna\n|\n|-weather|RainDance|[upkeep]\n|-damage|p2b: Kyogre|21/100|[from] Leech Seed|[of] p1a: Amoonguss\n|upkeep\n|turn|6\n|-message|kojimuranishi forfeited.\n|\n|win|xs1234\n|raw|xs1234's rating: 1450 &rarr; <strong>1473</strong><br />(+23 for winning)\n|raw|kojimuranishi's rating: 1508 &rarr; <strong>1485</strong><br />(-23 for losing)\n|l|\u2606kojimuranishi\n|player|p2|\n|l|\u2606xs1234\n|player|p1|\n","uploadtime":1772014484,"views":16,"formatid":"gen9vgc2026regi","rating":1473,"private":0,"password":null}