{"id":"gen9vgc2026regi-2542079612","format":"[Gen 9] VGC 2026 Reg I","players":["fogdocker","Lewissquire"],"log":"|j|\u2606fogdocker\n|j|\u2606Lewissquire\n|t:|1771411037\n|gametype|doubles\n|player|p1|fogdocker|2|1463\n|player|p2|Lewissquire|170|1507\n|gen|9\n|tier|[Gen 9] VGC 2026 Reg I\n|rated|\n|rule|Species Clause: Limit one of each Pok\u00e9mon\n|rule|Item Clause: Limit 1 of each item\n|clearpoke\n|poke|p1|Calyrex-Ice, L50|\n|poke|p1|Koraidon, L50|\n|poke|p1|Flutter Mane, L50|\n|poke|p1|Incineroar, L50, M|\n|poke|p1|Rillaboom, L50, M|\n|poke|p1|Volcarona, L50, M|\n|poke|p2|Miraidon, L50|\n|poke|p2|Calyrex-Ice, L50|\n|poke|p2|Incineroar, L50, M|\n|poke|p2|Urshifu-*, L50, F|\n|poke|p2|Amoonguss, L50, F|\n|poke|p2|Volcarona, L50, F|\n|teampreview|4\n|\n|t:|1771411067\n|teamsize|p1|4\n|teamsize|p2|4\n|start\n|switch|p1a: Rillaboom|Rillaboom, L50, M|100/100\n|switch|p1b: Koraidon|Koraidon, L50|100/100\n|switch|p2a: Miraidon|Miraidon, L50|100/100\n|switch|p2b: Calyrex|Calyrex-Ice, L50|100/100\n|-ability|p2b: Calyrex|As One\n|-ability|p2b: Calyrex|Unnerve\n|-fieldstart|move: Electric Terrain|[from] ability: Hadron Engine|[of] p2a: Miraidon\n|-weather|SunnyDay|[from] ability: Orichalcum Pulse|[of] p1b: Koraidon\n|-activate|p1b: Koraidon|Orichalcum Pulse|[source]\n|-fieldstart|move: Grassy Terrain|[from] ability: Grassy Surge|[of] p1a: Rillaboom\n|turn|1\n|\n|t:|1771411090\n|switch|p2a: Incineroar|Incineroar, L50, M|100/100\n|-ability|p2a: Incineroar|Intimidate|boost\n|-unboost|p1a: Rillaboom|atk|1\n|-unboost|p1b: Koraidon|atk|1\n|-terastallize|p1b: Koraidon|Fire\n|move|p2b: Calyrex|Protect|p2b: Calyrex\n|-singleturn|p2b: Calyrex|Protect\n|move|p1a: Rillaboom|Fake Out|p2b: Calyrex\n|-activate|p2b: Calyrex|move: Protect\n|move|p1b: Koraidon|Close Combat|p2a: Incineroar\n|-supereffective|p2a: Incineroar\n|-damage|p2a: Incineroar|0 fnt\n|-unboost|p1b: Koraidon|def|1\n|-unboost|p1b: Koraidon|spd|1\n|faint|p2a: Incineroar\n|-damage|p1b: Koraidon|91/100|[from] item: Life Orb\n|\n|-weather|SunnyDay|[upkeep]\n|-heal|p1b: Koraidon|96/100|[from] Grassy Terrain\n|upkeep\n|\n|t:|1771411111\n|switch|p2a: Amoonguss|Amoonguss, L50, F|100/100\n|turn|2\n|\n|t:|1771411141\n|move|p2a: Amoonguss|Rage Powder|p2a: Amoonguss\n|-singleturn|p2a: Amoonguss|move: Rage Powder\n|move|p1b: Koraidon|Close Combat|p2a: Amoonguss\n|-resisted|p2a: Amoonguss\n|-damage|p2a: Amoonguss|70/100\n|-unboost|p1b: Koraidon|def|1\n|-unboost|p1b: Koraidon|spd|1\n|-damage|p1b: Koraidon|80/100|[from] item: Rocky Helmet|[of] p2a: Amoonguss\n|-damage|p1b: Koraidon|70/100|[from] item: Life Orb\n|move|p1a: Rillaboom|U-turn|p2b: Calyrex\n|-supereffective|p2b: Calyrex\n|-damage|p2b: Calyrex|81/100\n|\n|t:|1771411148\n|switch|p1a: Incineroar|Incineroar, L50, M|100/100|[from] U-turn\n|-ability|p1a: Incineroar|Intimidate|boost\n|-unboost|p2a: Amoonguss|atk|1\n|-fail|p2b: Calyrex|unboost|[from] item: Clear Amulet|[of] p2b: Calyrex\n|move|p2b: Calyrex|Trick Room|p2b: Calyrex\n|-fieldstart|move: Trick Room|[of] p2b: Calyrex\n|\n|-weather|SunnyDay|[upkeep]\n|-heal|p2a: Amoonguss|76/100|[from] Grassy Terrain\n|-heal|p2b: Calyrex|87/100|[from] Grassy Terrain\n|-heal|p1b: Koraidon|76/100|[from] Grassy Terrain\n|upkeep\n|turn|3\n|\n|t:|1771411167\n|switch|p1b: Rillaboom|Rillaboom, L50, M|100/100\n|move|p1a: Incineroar|Fake Out|p2b: Calyrex\n|-damage|p2b: Calyrex|81/100\n|move|p2a: Amoonguss|Spore|p1b: Rillaboom\n|-immune|p1b: Rillaboom\n|cant|p2b: Calyrex|flinch\n|\n|-weather|SunnyDay|[upkeep]\n|-heal|p2a: Amoonguss|82/100|[from] Grassy Terrain\n|-heal|p2b: Calyrex|86/100|[from] Grassy Terrain\n|upkeep\n|turn|4\n|\n|t:|1771411180\n|move|p1b: Rillaboom|Fake Out|p2b: Calyrex\n|-damage|p2b: Calyrex|78/100\n|move|p2a: Amoonguss|Spore|p1a: Incineroar\n|-activate|p1a: Incineroar|item: Safety Goggles|Spore\n|cant|p2b: Calyrex|flinch\n|move|p1a: Incineroar|Flare Blitz|p2a: Amoonguss\n|-supereffective|p2a: Amoonguss\n|-damage|p2a: Amoonguss|0 fnt\n|-damage|p1a: Incineroar|84/100|[from] item: Rocky Helmet|[of] p2a: Amoonguss\n|faint|p2a: Amoonguss\n|-damage|p1a: Incineroar|55/100|[from] Recoil\n|\n|-weather|SunnyDay|[upkeep]\n|-heal|p2b: Calyrex|84/100|[from] Grassy Terrain\n|-heal|p1a: Incineroar|61/100|[from] Grassy Terrain\n|upkeep\n|\n|t:|1771411196\n|switch|p2a: Miraidon|Miraidon, L50|100/100\n|-fieldstart|move: Electric Terrain|[from] ability: Hadron Engine|[of] p2a: Miraidon\n|turn|5\n|\n|t:|1771411213\n|switch|p1b: Calyrex|Calyrex-Ice, L50|100/100\n|-ability|p1b: Calyrex|As One\n|-ability|p1b: Calyrex|Unnerve\n|-terastallize|p2b: Calyrex|Fire\n|move|p2b: Calyrex|High Horsepower|p1a: Incineroar\n|-supereffective|p1a: Incineroar\n|-damage|p1a: Incineroar|0 fnt\n|faint|p1a: Incineroar\n|-ability|p2b: Calyrex|Chilling Neigh|boost\n|-boost|p2b: Calyrex|atk|1\n|move|p2a: Miraidon|Electro Drift|p1b: Calyrex\n|-damage|p1b: Calyrex|46/100\n|\n|-weather|none\n|-heal|p1b: Calyrex|52/100|[from] item: Leftovers\n|upkeep\n|\n|t:|1771411229\n|switch|p1a: Rillaboom|Rillaboom, L50, M|100/100\n|-fieldstart|move: Grassy Terrain|[from] ability: Grassy Surge|[of] p1a: Rillaboom\n|turn|6\n|\n|t:|1771411242\n|move|p1a: Rillaboom|Fake Out|p2b: Calyrex\n|-damage|p2b: Calyrex|75/100\n|move|p1b: Calyrex|Glacial Lance|p2a: Miraidon|[spread] p2a,p2b\n|-supereffective|p2a: Miraidon\n|-resisted|p2b: Calyrex\n|-damage|p2a: Miraidon|14/100\n|-damage|p2b: Calyrex|59/100\n|cant|p2b: Calyrex|flinch\n|move|p2a: Miraidon|Electro Drift|p1b: Calyrex\n|-damage|p1b: Calyrex|17/100\n|\n|-heal|p1b: Calyrex|23/100|[from] Grassy Terrain\n|-heal|p2b: Calyrex|65/100|[from] Grassy Terrain\n|-heal|p1b: Calyrex|29/100|[from] item: Leftovers\n|-heal|p2a: Miraidon|20/100|[from] Grassy Terrain\n|-fieldend|move: Trick Room\n|upkeep\n|turn|7\n|\n|t:|1771411260\n|move|p2a: Miraidon|Electro Drift|p1b: Calyrex\n|-damage|p1b: Calyrex|0 fnt\n|faint|p1b: Calyrex\n|move|p1a: Rillaboom|Wood Hammer|p2a: Miraidon\n|-resisted|p2a: Miraidon\n|-damage|p2a: Miraidon|0 fnt\n|faint|p2a: Miraidon\n|-damage|p1a: Rillaboom|94/100|[from] Recoil\n|move|p2b: Calyrex|Glacial Lance|p1a: Rillaboom\n|-supereffective|p1a: Rillaboom\n|-damage|p1a: Rillaboom|0 fnt\n|faint|p1a: Rillaboom\n|-ability|p2b: Calyrex|Chilling Neigh|boost\n|-boost|p2b: Calyrex|atk|1\n|\n|-heal|p2b: Calyrex|71/100|[from] Grassy Terrain\n|upkeep\n|\n|t:|1771411266\n|switch|p1b: Koraidon|Koraidon, L50, tera:Fire|76/100\n|-weather|SunnyDay|[from] ability: Orichalcum Pulse|[of] p1b: Koraidon\n|-activate|p1b: Koraidon|Orichalcum Pulse|[source]\n|turn|8\n|\n|t:|1771411271\n|move|p1b: Koraidon|Close Combat|p2b: Calyrex\n|-damage|p2b: Calyrex|7/100\n|-unboost|p1b: Koraidon|def|1\n|-unboost|p1b: Koraidon|spd|1\n|-damage|p1b: Koraidon|66/100|[from] item: Life Orb\n|move|p2b: Calyrex|Trick Room|p2b: Calyrex\n|-fieldstart|move: Trick Room|[of] p2b: Calyrex\n|\n|-weather|SunnyDay|[upkeep]\n|-heal|p2b: Calyrex|13/100|[from] Grassy Terrain\n|-heal|p1b: Koraidon|72/100|[from] Grassy Terrain\n|upkeep\n|turn|9\n|\n|t:|1771411285\n|move|p2b: Calyrex|High Horsepower|p1b: Koraidon\n|-supereffective|p1b: Koraidon\n|-damage|p1b: Koraidon|0 fnt\n|faint|p1b: Koraidon\n|\n|win|Lewissquire\n|raw|fogdocker's rating: 1463 &rarr; <strong>1446</strong><br />(-17 for losing)\n|raw|Lewissquire's rating: 1507 &rarr; <strong>1524</strong><br />(+17 for winning)\n|l|\u2606fogdocker\n|player|p1|\n|l|\u2606Lewissquire\n|player|p2|\n|j|\u2606Lewissquire\n|player|p2|Lewissquire|170|\n|l|\u2606Lewissquire\n|player|p2|\n","uploadtime":1771411295,"views":15,"formatid":"gen9vgc2026regi","rating":1446,"private":0,"password":null}