{"id":"gen9vgc2026regi-2582544524","format":"[Gen 9] VGC 2026 Reg I","players":["tinkatuffluvr","cruncnunc"],"log":"|j|\u2606tinkatuffluvr\n|j|\u203dcruncnunc\n|t:|1776098426\n|gametype|doubles\n|player|p1|tinkatuffluvr|cynthia|1375\n|player|p2|cruncnunc|supernerd|1485\n|gen|9\n|tier|[Gen 9] VGC 2026 Reg I\n|rated|\n|rule|Species Clause: Limit one of each Pok\u00e9mon\n|rule|Item Clause: Limit 1 of each item\n|clearpoke\n|poke|p1|Iron Bundle, L50|\n|poke|p1|Farigiraf, L50, M|\n|poke|p1|Calyrex-Ice, L50|\n|poke|p1|Miraidon, L50|\n|poke|p1|Iron Hands, L50|\n|poke|p1|Annihilape, L50, M|\n|poke|p2|Flutter Mane, L50|\n|poke|p2|Groudon, L50|\n|poke|p2|Chi-Yu, L50|\n|poke|p2|Miraidon, L50|\n|poke|p2|Grimmsnarl, L50, M|\n|poke|p2|Ogerpon-Hearthflame, L50, F|\n|teampreview|4\n|\n|t:|1776098470\n|teamsize|p1|4\n|teamsize|p2|4\n|start\n|switch|p1a: Iron Bundle|Iron Bundle, L50|100/100\n|switch|p1b: Miraidon|Miraidon, L50|100/100\n|switch|p2a: Miraidon|Miraidon, L50|100/100\n|switch|p2b: Groudon|Groudon, L50|100/100\n|-fieldstart|move: Electric Terrain|[from] ability: Hadron Engine|[of] p2a: Miraidon\n|-activate|p1a: Iron Bundle|ability: Quark Drive\n|-start|p1a: Iron Bundle|quarkdrivespe\n|-activate|p1b: Miraidon|ability: Hadron Engine\n|-weather|SunnyDay|[from] ability: Drought|[of] p2b: Groudon\n|turn|1\n|\n|t:|1776098494\n|-terastallize|p2a: Miraidon|Electric\n|move|p1a: Iron Bundle|Icy Wind|p2b: Groudon|[spread] p2a,p2b\n|-supereffective|p2b: Groudon\n|-damage|p2a: Miraidon|81/100\n|-damage|p2b: Groudon|61/100\n|-unboost|p2a: Miraidon|spe|1\n|move|p1b: Miraidon|Draco Meteor|p2b: Groudon\n|-damage|p2b: Groudon|0 fnt\n|-unboost|p1b: Miraidon|spa|2\n|faint|p2b: Groudon\n|-damage|p1b: Miraidon|91/100|[from] item: Life Orb\n|move|p2a: Miraidon|Discharge|p1b: Miraidon|[spread] p1a,p1b\n|-supereffective|p1a: Iron Bundle\n|-resisted|p1b: Miraidon\n|-enditem|p1a: Iron Bundle|Focus Sash\n|-damage|p1a: Iron Bundle|1/100\n|-damage|p1b: Miraidon|66/100\n|-status|p1a: Iron Bundle|par\n|\n|-weather|SunnyDay|[upkeep]\n|upkeep\n|\n|t:|1776098513\n|switch|p2b: Ogerpon|Ogerpon-Hearthflame, L50, F|100/100\n|-ability|p2b: Ogerpon|Mold Breaker\n|turn|2\n|\n|t:|1776098546\n|switch|p2a: Grimmsnarl|Grimmsnarl, L50, M|100/100\n|move|p1b: Miraidon|Electro Drift|p2a: Grimmsnarl\n|-damage|p2a: Grimmsnarl|41/100\n|-damage|p1b: Miraidon|56/100|[from] item: Life Orb\n|move|p1a: Iron Bundle|Ice Beam|p2b: Ogerpon\n|-damage|p2b: Ogerpon|56/100\n|move|p2b: Ogerpon|Ivy Cudgel|p1b: Miraidon|[anim] Ivy Cudgel Fire\n|-resisted|p1b: Miraidon\n|-damage|p1b: Miraidon|10/100\n|\n|-weather|SunnyDay|[upkeep]\n|upkeep\n|turn|3\n|\n|t:|1776098578\n|move|p2b: Ogerpon|Spiky Shield|p2b: Ogerpon\n|-singleturn|p2b: Ogerpon|move: Protect\n|move|p2a: Grimmsnarl|Light Screen|p2a: Grimmsnarl\n|-sidestart|p2: cruncnunc|move: Light Screen\n|move|p1b: Miraidon|Electro Drift|p2a: Grimmsnarl\n|-damage|p2a: Grimmsnarl|0 fnt\n|faint|p2a: Grimmsnarl\n|-damage|p1b: Miraidon|0 fnt|[from] item: Life Orb\n|faint|p1b: Miraidon\n|move|p1a: Iron Bundle|Ice Beam|p2b: Ogerpon\n|-activate|p2b: Ogerpon|move: Protect\n|\n|-weather|SunnyDay|[upkeep]\n|upkeep\n|\n|t:|1776098604\n|switch|p1b: Iron Hands|Iron Hands, L50|100/100\n|switch|p2a: Miraidon|Miraidon, L50, tera:Electric|81/100\n|-activate|p2a: Miraidon|ability: Hadron Engine\n|-activate|p1b: Iron Hands|ability: Quark Drive\n|-start|p1b: Iron Hands|quarkdriveatk\n|turn|4\n|\n|t:|1776098620\n|move|p1b: Iron Hands|Fake Out|p2a: Miraidon\n|-damage|p2a: Miraidon|60/100\n|cant|p2a: Miraidon|flinch\n|move|p1a: Iron Bundle|Ice Beam|p2a: Miraidon\n|-damage|p2a: Miraidon|31/100\n|move|p2b: Ogerpon|Ivy Cudgel|p1b: Iron Hands|[anim] Ivy Cudgel Fire\n|-damage|p1b: Iron Hands|39/100\n|\n|-weather|SunnyDay|[upkeep]\n|upkeep\n|turn|5\n|\n|t:|1776098645\n|move|p2a: Miraidon|Electro Drift|p1a: Iron Bundle\n|-supereffective|p1a: Iron Bundle\n|-damage|p1a: Iron Bundle|0 fnt\n|faint|p1a: Iron Bundle\n|-end|p1a: Iron Bundle|Quark Drive|[silent]\n|move|p2b: Ogerpon|Ivy Cudgel|p1b: Iron Hands|[anim] Ivy Cudgel Fire\n|-crit|p1b: Iron Hands\n|-damage|p1b: Iron Hands|0 fnt\n|faint|p1b: Iron Hands\n|-end|p1b: Iron Hands|Quark Drive|[silent]\n|\n|-weather|none\n|-fieldend|move: Electric Terrain\n|upkeep\n|\n|t:|1776098656\n|switch|p1a: Calyrex|Calyrex-Ice, L50|100/100\n|-ability|p1a: Calyrex|As One\n|-ability|p1a: Calyrex|Unnerve\n|turn|6\n|\n|t:|1776098670\n|-terastallize|p1a: Calyrex|Fairy\n|move|p2a: Miraidon|Electro Drift|p1a: Calyrex\n|-damage|p1a: Calyrex|31/100\n|move|p2b: Ogerpon|Ivy Cudgel|p1a: Calyrex|[anim] Ivy Cudgel Fire\n|-damage|p1a: Calyrex|0 fnt\n|faint|p1a: Calyrex\n|\n|win|cruncnunc\n|raw|tinkatuffluvr's rating: 1375 &rarr; <strong>1361</strong><br />(-14 for losing)\n|raw|cruncnunc's rating: 1485 &rarr; <strong>1499</strong><br />(+14 for winning)\n|l|\u2606tinkatuffluvr\n|player|p1|\n|l|\u203dcruncnunc\n|player|p2|\n","uploadtime":1776098825,"views":12,"formatid":"gen9vgc2026regi","rating":1361,"private":0,"password":null}