{"id":"gen9vgc2026regi-2551862190","format":"[Gen 9] VGC 2026 Reg I","players":["Cello L.","Moosewii7"],"log":"|j|\u2606Cello L.\n|j|\u2606Moosewii7\n|t:|1772651504\n|gametype|doubles\n|player|p1|Cello L.|psychic-gen4|1523\n|player|p2|Moosewii7|1|1346\n|gen|9\n|tier|[Gen 9] VGC 2026 Reg I\n|rated|\n|rule|Species Clause: Limit one of each Pok\u00e9mon\n|rule|Item Clause: Limit 1 of each item\n|clearpoke\n|poke|p1|Calyrex-Shadow, L50|\n|poke|p1|Zamazenta-*, L50|\n|poke|p1|Raging Bolt, L50|\n|poke|p1|Amoonguss, L50, F|\n|poke|p1|Rillaboom, L50, M|\n|poke|p1|Incineroar, L50, M|\n|poke|p2|Calyrex-Shadow, L50|\n|poke|p2|Indeedee-F, L50, F|\n|poke|p2|Kyogre, L50|\n|poke|p2|Amoonguss, L50, F|\n|poke|p2|Rillaboom, L50, F|\n|poke|p2|Clefairy, L50, F|\n|teampreview|4\n|inactive|Battle timer is ON: inactive players will automatically lose when time's up. (requested by Moosewii7)\n|inactive|Cello L. has 60 seconds left.\n|\n|t:|1772651541\n|teamsize|p1|4\n|teamsize|p2|4\n|start\n|switch|p1a: Calyrex|Calyrex-Shadow, L50|100/100\n|switch|p1b: Zamazenta|Zamazenta-Crowned, L50|100/100\n|switch|p2a: Indeedee|Indeedee-F, L50, F|100/100\n|switch|p2b: Kyogre|Kyogre, L50|100/100\n|-ability|p1a: Calyrex|As One\n|-ability|p1a: Calyrex|Unnerve\n|-ability|p1b: Zamazenta|Dauntless Shield|boost\n|-boost|p1b: Zamazenta|def|1\n|-weather|RainDance|[from] ability: Drizzle|[of] p2b: Kyogre\n|-fieldstart|move: Psychic Terrain|[from] ability: Psychic Surge|[of] p2a: Indeedee\n|turn|1\n|inactive|Cello L. has 30 seconds left.\n|inactive|Cello L. has 20 seconds left.\n|inactive|Cello L. has 15 seconds left.\n|\n|t:|1772651585\n|switch|p1a: Amoonguss|Amoonguss, L50, F|100/100\n|move|p1b: Zamazenta|Protect|p1b: Zamazenta\n|-singleturn|p1b: Zamazenta|Protect\n|move|p2b: Kyogre|Protect|p2b: Kyogre\n|-singleturn|p2b: Kyogre|Protect\n|move|p2a: Indeedee|Trick Room|p2a: Indeedee\n|-fieldstart|move: Trick Room|[of] p2a: Indeedee\n|\n|-weather|RainDance|[upkeep]\n|upkeep\n|turn|2\n|inactive|Cello L. has 30 seconds left.\n|inactive|Moosewii7 has 30 seconds left.\n|inactive|Cello L. has 20 seconds left.\n|\n|t:|1772651620\n|-terastallize|p2b: Kyogre|Water\n|-terastallize|p1b: Zamazenta|Water\n|move|p2a: Indeedee|Follow Me|p2a: Indeedee\n|-singleturn|p2a: Indeedee|move: Follow Me\n|move|p1a: Amoonguss|Spore|p2a: Indeedee\n|-status|p2a: Indeedee|slp|[from] move: Spore\n|move|p2b: Kyogre|Tera Blast|p1b: Zamazenta|[anim] Tera Blast Water\n|-resisted|p1b: Zamazenta\n|-damage|p1b: Zamazenta|61/100\n|move|p1b: Zamazenta|Body Press|p2a: Indeedee\n|-damage|p2a: Indeedee|25/100 slp\n|-damage|p1b: Zamazenta|45/100|[from] item: Rocky Helmet|[of] p2a: Indeedee\n|\n|-weather|RainDance|[upkeep]\n|upkeep\n|turn|3\n|\n|t:|1772651639\n|move|p2b: Kyogre|Protect|p2b: Kyogre\n|-singleturn|p2b: Kyogre|Protect\n|move|p1a: Amoonguss|Spore|p2b: Kyogre\n|-activate|p2b: Kyogre|move: Protect\n|cant|p2a: Indeedee|slp\n|move|p1b: Zamazenta|Body Press|p2a: Indeedee\n|-damage|p2a: Indeedee|0 fnt\n|-damage|p1b: Zamazenta|28/100|[from] item: Rocky Helmet|[of] p2a: Indeedee\n|faint|p2a: Indeedee\n|\n|-weather|RainDance|[upkeep]\n|upkeep\n|\n|t:|1772651654\n|switch|p2a: Clefairy|Clefairy, L50, F|100/100\n|turn|4\n|\n|t:|1772651667\n|move|p1b: Zamazenta|Protect|p1b: Zamazenta\n|-singleturn|p1b: Zamazenta|Protect\n|move|p2a: Clefairy|Follow Me|p2a: Clefairy\n|-singleturn|p2a: Clefairy|move: Follow Me\n|move|p1a: Amoonguss|Spore|p2a: Clefairy\n|-status|p2a: Clefairy|slp|[from] move: Spore\n|move|p2b: Kyogre|Water Spout|p1b: Zamazenta|[spread] p1a\n|-activate|p1b: Zamazenta|move: Protect\n|-resisted|p1a: Amoonguss\n|-damage|p1a: Amoonguss|46/100\n|\n|-weather|RainDance|[upkeep]\n|upkeep\n|turn|5\n|\n|t:|1772651685\n|move|p2b: Kyogre|Protect|p2b: Kyogre\n|-singleturn|p2b: Kyogre|Protect\n|cant|p2a: Clefairy|slp\n|move|p1a: Amoonguss|Spore|p2b: Kyogre\n|-activate|p2b: Kyogre|move: Protect\n|move|p1b: Zamazenta|Heavy Slam|p2a: Clefairy\n|-supereffective|p2a: Clefairy\n|-damage|p2a: Clefairy|0 fnt\n|faint|p2a: Clefairy\n|\n|-weather|none\n|-fieldend|move: Trick Room\n|-fieldend|move: Psychic Terrain\n|upkeep\n|\n|t:|1772651699\n|switch|p2a: Calyrex|Calyrex-Shadow, L50|100/100\n|-ability|p2a: Calyrex|As One\n|-ability|p2a: Calyrex|Unnerve\n|turn|6\n|inactive|Cello L. has 30 seconds left.\n|inactive|Cello L. has 20 seconds left.\n|inactive|Cello L. has 15 seconds left.\n|inactive|Cello L. has 10 seconds left.\n|inactive|Cello L. has 5 seconds left.\n|\n|t:|1772651751\n|switch|p1a: Calyrex|Calyrex-Shadow, L50|100/100\n|-ability|p1a: Calyrex|As One\n|-ability|p1a: Calyrex|Unnerve\n|move|p1b: Zamazenta|Wide Guard|p1b: Zamazenta\n|-singleturn|p1b: Zamazenta|Wide Guard\n|move|p2a: Calyrex|Astral Barrage|p1a: Calyrex|[spread] \n|-activate|p1a: Calyrex|move: Wide Guard\n|-activate|p1b: Zamazenta|move: Wide Guard\n|move|p2b: Kyogre|Tera Blast|p1a: Calyrex|[anim] Tera Blast Water\n|-damage|p1a: Calyrex|33/100\n|\n|upkeep\n|turn|7\n|\n|t:|1772651773\n|move|p1b: Zamazenta|Wide Guard|p1b: Zamazenta\n|-singleturn|p1b: Zamazenta|Wide Guard\n|move|p2a: Calyrex|Psychic|p1b: Zamazenta\n|-damage|p1b: Zamazenta|0 fnt\n|faint|p1b: Zamazenta\n|-ability|p2a: Calyrex|Grim Neigh|boost\n|-boost|p2a: Calyrex|spa|1\n|move|p1a: Calyrex|Astral Barrage|p2b: Kyogre|[spread] p2a,p2b\n|-supereffective|p2a: Calyrex\n|-enditem|p2a: Calyrex|Focus Sash\n|-damage|p2a: Calyrex|1/100\n|-damage|p2b: Kyogre|61/100\n|-damage|p1a: Calyrex|23/100|[from] item: Life Orb\n|move|p2b: Kyogre|Tera Blast|p1a: Calyrex|[anim] Tera Blast Water\n|-damage|p1a: Calyrex|0 fnt\n|faint|p1a: Calyrex\n|\n|upkeep\n|\n|t:|1772651791\n|switch|p1a: Amoonguss|Amoonguss, L50, F|79/100\n|switch|p1b: Rillaboom|Rillaboom, L50, M|100/100\n|-fieldstart|move: Grassy Terrain|[from] ability: Grassy Surge|[of] p1b: Rillaboom\n|turn|8\n|\n|t:|1772651800\n|move|p2a: Calyrex|Protect|p2a: Calyrex\n|-singleturn|p2a: Calyrex|Protect\n|move|p1b: Rillaboom|Grassy Glide|p2a: Calyrex\n|-activate|p2a: Calyrex|move: Protect\n|move|p2b: Kyogre|Origin Pulse|p1a: Amoonguss|[spread] p1a,p1b\n|-resisted|p1a: Amoonguss\n|-resisted|p1b: Rillaboom\n|-damage|p1a: Amoonguss|51/100\n|-damage|p1b: Rillaboom|78/100\n|move|p1a: Amoonguss|Spore|p2b: Kyogre\n|-status|p2b: Kyogre|slp|[from] move: Spore\n|\n|-heal|p2a: Calyrex|7/100|[from] Grassy Terrain\n|-heal|p1b: Rillaboom|84/100|[from] Grassy Terrain\n|-heal|p2b: Kyogre|67/100 slp|[from] Grassy Terrain\n|-heal|p1a: Amoonguss|57/100|[from] Grassy Terrain\n|upkeep\n|turn|9\n|\n|t:|1772651817\n|move|p2a: Calyrex|Protect||[still]\n|-fail|p2a: Calyrex\n|move|p1b: Rillaboom|Grassy Glide|p2a: Calyrex\n|-damage|p2a: Calyrex|0 fnt\n|faint|p2a: Calyrex\n|cant|p2b: Kyogre|slp\n|move|p1a: Amoonguss|Sludge Bomb|p2b: Kyogre\n|-damage|p2b: Kyogre|49/100 slp\n|\n|-heal|p1b: Rillaboom|89/100|[from] Grassy Terrain\n|-heal|p2b: Kyogre|55/100 slp|[from] Grassy Terrain\n|-heal|p1a: Amoonguss|63/100|[from] Grassy Terrain\n|upkeep\n|turn|10\n|\n|t:|1772651834\n|move|p1b: Rillaboom|Wood Hammer|p2b: Kyogre\n|-supereffective|p2b: Kyogre\n|-damage|p2b: Kyogre|0 fnt\n|faint|p2b: Kyogre\n|-damage|p1b: Rillaboom|71/100|[from] Recoil\n|\n|win|Cello L.\n|raw|Cello L.'s rating: 1523 &rarr; <strong>1534</strong><br />(+11 for winning)\n|raw|Moosewii7's rating: 1346 &rarr; <strong>1335</strong><br />(-11 for losing)\n|l|\u2606Moosewii7\n|player|p2|\n","uploadtime":1772651840,"views":12,"formatid":"gen9vgc2026regi","rating":1335,"private":0,"password":null}