{"id":"gen9vgc2026regi-2574451144","format":"[Gen 9] VGC 2026 Reg I","players":["rip_meme","testhan92"],"log":"|j|\u2606rip_meme\n|j|\u2606testhan92\n|t:|1775241324\n|gametype|doubles\n|player|p1|rip_meme|colress|1291\n|player|p2|testhan92|1|1330\n|gen|9\n|tier|[Gen 9] VGC 2026 Reg I\n|rated|\n|rule|Species Clause: Limit one of each Pok\u00e9mon\n|rule|Item Clause: Limit 1 of each item\n|clearpoke\n|poke|p1|Brute Bonnet, L50|\n|poke|p1|Lunala, L50|\n|poke|p1|Ursaluna, L50, M|\n|poke|p1|Chi-Yu, L50|\n|poke|p1|Koraidon, L50|\n|poke|p1|Flutter Mane, L50|\n|poke|p2|Terapagos, L50, M|\n|poke|p2|Incineroar, L50, M|\n|poke|p2|Amoonguss, L50, F|\n|poke|p2|Raging Bolt, L50|\n|poke|p2|Flutter Mane, L50|\n|poke|p2|Koraidon, L50|\n|teampreview|4\n|inactive|Battle timer is ON: inactive players will automatically lose when time's up. (requested by rip_meme)\n|\n|t:|1775241355\n|teamsize|p1|4\n|teamsize|p2|4\n|start\n|switch|p1a: Lunala|Lunala, L50, shiny|100/100\n|switch|p1b: Koraidon|Koraidon, L50|100/100\n|switch|p2a: Flutter Mane|Flutter Mane, L50|100/100\n|switch|p2b: Koraidon|Koraidon, L50|100/100\n|-weather|SunnyDay|[from] ability: Orichalcum Pulse|[of] p1b: Koraidon\n|-activate|p2a: Flutter Mane|ability: Protosynthesis\n|-start|p2a: Flutter Mane|protosynthesisspe\n|-activate|p1b: Koraidon|Orichalcum Pulse|[source]\n|-activate|p2b: Koraidon|ability: Orichalcum Pulse\n|turn|1\n|\n|t:|1775241370\n|-terastallize|p1a: Lunala|Water\n|move|p2a: Flutter Mane|Shadow Ball|p1a: Lunala\n|-damage|p1a: Lunala|87/100\n|move|p1b: Koraidon|Flare Blitz|p2a: Flutter Mane\n|-enditem|p2a: Flutter Mane|Focus Sash\n|-damage|p2a: Flutter Mane|1/100\n|-damage|p1b: Koraidon|78/100|[from] Recoil\n|-damage|p1b: Koraidon|68/100|[from] item: Life Orb\n|move|p2b: Koraidon|Flare Blitz|p1a: Lunala\n|-resisted|p1a: Lunala\n|-damage|p1a: Lunala|52/100\n|-damage|p2b: Koraidon|88/100|[from] Recoil\n|move|p1a: Lunala|Trick Room|p1a: Lunala\n|-fieldstart|move: Trick Room|[of] p1a: Lunala\n|\n|-weather|SunnyDay|[upkeep]\n|upkeep\n|turn|2\n|inactive|rip_meme has 30 seconds left.\n|inactive|testhan92 has 30 seconds left.\n|\n|t:|1775241405\n|-end|p2a: Flutter Mane|Protosynthesis|[silent]\n|switch|p2a: Raging Bolt|Raging Bolt, L50|100/100\n|-activate|p2a: Raging Bolt|ability: Protosynthesis\n|-start|p2a: Raging Bolt|protosynthesisspa\n|move|p2b: Koraidon|Protect|p2b: Koraidon\n|-singleturn|p2b: Koraidon|Protect\n|move|p1b: Koraidon|Protect|p1b: Koraidon\n|-singleturn|p1b: Koraidon|Protect\n|move|p1a: Lunala|Moongeist Beam|p2b: Koraidon\n|-activate|p2b: Koraidon|move: Protect\n|\n|-weather|SunnyDay|[upkeep]\n|upkeep\n|turn|3\n|\n|t:|1775241427\n|switch|p1a: Brute Bonnet|Brute Bonnet, L50|100/100\n|-activate|p1a: Brute Bonnet|ability: Protosynthesis\n|-start|p1a: Brute Bonnet|protosynthesisdef\n|switch|p2b: Terapagos|Terapagos, L50, M|100/100\n|-activate|p2b: Terapagos|ability: Tera Shift\n|detailschange|p2b: Terapagos|Terapagos-Terastal, L50, M\n|-heal|p2b: Terapagos|100/100|[silent]\n|move|p2a: Raging Bolt|Draco Meteor|p1a: Brute Bonnet|[miss]\n|-miss|p2a: Raging Bolt|p1a: Brute Bonnet\n|move|p1b: Koraidon|Close Combat|p2a: Raging Bolt\n|-damage|p2a: Raging Bolt|7/100\n|-unboost|p1b: Koraidon|def|1\n|-unboost|p1b: Koraidon|spd|1\n|-damage|p1b: Koraidon|59/100|[from] item: Life Orb\n|\n|-weather|SunnyDay|[upkeep]\n|upkeep\n|turn|4\n|inactive|testhan92 has 30 seconds left.\n|\n|t:|1775241454\n|switch|p1b: Ursaluna|Ursaluna, L50, M|100/100\n|move|p2a: Raging Bolt|Protect|p2a: Raging Bolt\n|-singleturn|p2a: Raging Bolt|Protect\n|move|p2b: Terapagos|Protect|p2b: Terapagos\n|-singleturn|p2b: Terapagos|Protect\n|move|p1a: Brute Bonnet|Spore|p2a: Raging Bolt\n|-activate|p2a: Raging Bolt|move: Protect\n|\n|-weather|SunnyDay|[upkeep]\n|-status|p1b: Ursaluna|brn|[from] item: Flame Orb\n|upkeep\n|turn|5\n|\n|t:|1775241471\n|switch|p2b: Flutter Mane|Flutter Mane, L50|1/100\n|-activate|p2b: Flutter Mane|ability: Protosynthesis\n|-start|p2b: Flutter Mane|protosynthesisspe\n|move|p1b: Ursaluna|Earthquake|p2b: Flutter Mane|[spread] p1a,p2a,p2b\n|-resisted|p1a: Brute Bonnet\n|-supereffective|p2a: Raging Bolt\n|-damage|p1a: Brute Bonnet|85/100\n|-damage|p2a: Raging Bolt|0 fnt\n|-damage|p2b: Flutter Mane|0 fnt\n|faint|p2a: Raging Bolt\n|-end|p2a: Raging Bolt|Protosynthesis|[silent]\n|faint|p2b: Flutter Mane\n|-end|p2b: Flutter Mane|Protosynthesis|[silent]\n|move|p1a: Brute Bonnet|Spore|p2: Raging Bolt|[notarget]\n|-fail|p1a: Brute Bonnet\n|\n|-weather|none\n|-end|p1a: Brute Bonnet|Protosynthesis\n|-damage|p1b: Ursaluna|95/100 brn|[from] brn\n|-fieldend|move: Trick Room\n|upkeep\n|\n|t:|1775241485\n|switch|p2b: Koraidon|Koraidon, L50|88/100\n|switch|p2a: Terapagos|Terapagos-Terastal, L50, M|100/100\n|-weather|SunnyDay|[from] ability: Orichalcum Pulse|[of] p2b: Koraidon\n|-activate|p1a: Brute Bonnet|ability: Protosynthesis\n|-start|p1a: Brute Bonnet|protosynthesisdef\n|-activate|p2b: Koraidon|Orichalcum Pulse|[source]\n|turn|6\n|\n|t:|1775241500\n|move|p1a: Brute Bonnet|Rage Powder|p1a: Brute Bonnet\n|-singleturn|p1a: Brute Bonnet|move: Rage Powder\n|move|p2b: Koraidon|Low Kick|p1a: Brute Bonnet\n|-supereffective|p1a: Brute Bonnet\n|-crit|p1a: Brute Bonnet\n|-damage|p1a: Brute Bonnet|36/100\n|-enditem|p1a: Brute Bonnet|Sitrus Berry|[eat]\n|-heal|p1a: Brute Bonnet|60/100|[from] item: Sitrus Berry\n|move|p2a: Terapagos|Meteor Beam||[still]\n|-prepare|p2a: Terapagos|Meteor Beam\n|-boost|p2a: Terapagos|spa|1\n|-enditem|p2a: Terapagos|Power Herb\n|-anim|p2a: Terapagos|Meteor Beam|p1a: Brute Bonnet\n|-damage|p1a: Brute Bonnet|19/100\n|move|p1b: Ursaluna|Facade|p2b: Koraidon\n|-damage|p2b: Koraidon|0 fnt\n|faint|p2b: Koraidon\n|\n|-weather|SunnyDay|[upkeep]\n|-damage|p1b: Ursaluna|89/100 brn|[from] brn\n|upkeep\n|turn|7\n|inactive|testhan92 has 30 seconds left.\n|\n|t:|1775241532\n|move|p1b: Ursaluna|Protect|p1b: Ursaluna\n|-singleturn|p1b: Ursaluna|Protect\n|move|p2a: Terapagos|Tera Starstorm|p1a: Brute Bonnet\n|-damage|p1a: Brute Bonnet|0 fnt\n|faint|p1a: Brute Bonnet\n|-end|p1a: Brute Bonnet|Protosynthesis|[silent]\n|\n|-weather|SunnyDay|[upkeep]\n|-damage|p1b: Ursaluna|83/100 brn|[from] brn\n|upkeep\n|\n|t:|1775241537\n|switch|p1a: Lunala|Lunala, L50, shiny, tera:Water|52/100\n|turn|8\n|\n|t:|1775241547\n|-terastallize|p2a: Terapagos|Stellar\n|detailschange|p2a: Terapagos|Terapagos-Stellar, L50, M, tera:Stellar\n|-heal|p2a: Terapagos|100/100|[silent]\n|-ability|p2a: Terapagos|Teraform Zero\n|-weather|none\n|move|p1a: Lunala|Wide Guard|p1a: Lunala\n|-singleturn|p1a: Lunala|Wide Guard\n|move|p2a: Terapagos|Tera Starstorm|p1b: Ursaluna|[spread] \n|-activate|p1a: Lunala|move: Wide Guard\n|-activate|p1b: Ursaluna|move: Wide Guard\n|move|p1b: Ursaluna|Facade|p2a: Terapagos\n|-damage|p2a: Terapagos|10/100\n|\n|-damage|p1b: Ursaluna|77/100 brn|[from] brn\n|upkeep\n|turn|9\n|\n|t:|1775241568\n|move|p1b: Ursaluna|Protect|p1b: Ursaluna\n|-singleturn|p1b: Ursaluna|Protect\n|move|p2a: Terapagos|Tera Starstorm|p1b: Ursaluna|[spread] p1a\n|-activate|p1b: Ursaluna|move: Protect\n|-supereffective|p1a: Lunala\n|-damage|p1a: Lunala|0 fnt\n|faint|p1a: Lunala\n|\n|-damage|p1b: Ursaluna|71/100 brn|[from] brn\n|upkeep\n|\n|t:|1775241574\n|switch|p1a: Koraidon|Koraidon, L50|59/100\n|-weather|SunnyDay|[from] ability: Orichalcum Pulse|[of] p1a: Koraidon\n|-activate|p1a: Koraidon|Orichalcum Pulse|[source]\n|turn|10\n|-message|testhan92 forfeited.\n|\n|win|rip_meme\n|raw|rip_meme's rating: 1291 &rarr; <strong>1319</strong><br />(+28 for winning)\n|raw|testhan92's rating: 1330 &rarr; <strong>1308</strong><br />(-22 for losing)\n","uploadtime":1775241584,"views":11,"formatid":"gen9vgc2026regi","rating":1308,"private":0,"password":null}