{"id":"gen9vgc2026regi-2562408502","format":"[Gen 9] VGC 2026 Reg I","players":["mtbsj","TheManOfSausage"],"log":"|j|\u2606mtbsj\n|j|\u2606TheManOfSausage\n|t:|1773912621\n|gametype|doubles\n|player|p1|mtbsj|blue|1454\n|player|p2|TheManOfSausage|miku-water|1489\n|gen|9\n|tier|[Gen 9] VGC 2026 Reg I\n|rated|\n|rule|Species Clause: Limit one of each Pok\u00e9mon\n|rule|Item Clause: Limit 1 of each item\n|clearpoke\n|poke|p1|Hitmontop, L50, M|\n|poke|p1|Terapagos, L50, M|\n|poke|p1|Calyrex-Shadow, L50|\n|poke|p1|Ogerpon-Cornerstone, L50, F|\n|poke|p1|Whimsicott, L50, F|\n|poke|p1|Dragonite, L50, M|\n|poke|p2|Calyrex-Ice, L50|\n|poke|p2|Miraidon, L50|\n|poke|p2|Ogerpon-Cornerstone, L50, F|\n|poke|p2|Volcarona, L50, M|\n|poke|p2|Urshifu-*, L50, M|\n|poke|p2|Grimmsnarl, L50, M|\n|teampreview|4\n|inactive|Battle timer is ON: inactive players will automatically lose when time's up. (requested by mtbsj)\nTheManOfSausage has agreed to open team sheets.\n|\n|t:|1773912649\n|teamsize|p1|4\n|teamsize|p2|4\n|start\n|switch|p1a: Hitmontop|Hitmontop, L50, M|100/100\n|switch|p1b: Terapagos|Terapagos, L50, M|100/100\n|switch|p2a: Magical Mirai|Miraidon, L50|100/100\n|switch|p2b: Ogurin|Calyrex-Ice, L50|100/100\n|-activate|p1b: Terapagos|ability: Tera Shift\n|detailschange|p1b: Terapagos|Terapagos-Terastal, L50, M\n|-heal|p1b: Terapagos|100/100|[silent]\n|-ability|p2b: Ogurin|As One\n|-ability|p2b: Ogurin|Unnerve\n|-fieldstart|move: Electric Terrain|[from] ability: Hadron Engine|[of] p2a: Magical Mirai\n|-ability|p1a: Hitmontop|Intimidate|boost\n|-unboost|p2a: Magical Mirai|atk|1\n|-fail|p2b: Ogurin|unboost|[from] item: Clear Amulet|[of] p2b: Ogurin\n|turn|1\n|\n|t:|1773912673\n|-terastallize|p1b: Terapagos|Stellar\n|detailschange|p1b: Terapagos|Terapagos-Stellar, L50, M, tera:Stellar\n|-heal|p1b: Terapagos|100/100|[silent]\n|-ability|p1b: Terapagos|Teraform Zero\n|-fieldend|move: Electric Terrain\n|move|p1a: Hitmontop|Vacuum Wave|p1b: Terapagos\n|-supereffective|p1b: Terapagos\n|-damage|p1b: Terapagos|95/100\n|-enditem|p1b: Terapagos|Weakness Policy\n|-boost|p1b: Terapagos|atk|2|[from] item: Weakness Policy\n|-boost|p1b: Terapagos|spa|2|[from] item: Weakness Policy\n|move|p2a: Magical Mirai|Volt Switch|p1b: Terapagos\n|-damage|p1b: Terapagos|56/100\n|\n|t:|1773912682\n|switch|p2a: Ogerpon|Ogerpon-Cornerstone, L50, F|100/100|[from] Volt Switch\n|move|p1b: Terapagos|Tera Starstorm|p2b: Ogurin|[spread] p2a,p2b\n|-damage|p2a: Ogerpon|3/100\n|-damage|p2b: Ogurin|40/100\n|move|p2b: Ogurin|Glacial Lance|p1b: Terapagos|[spread] p1a,p1b\n|-crit|p1a: Hitmontop\n|-damage|p1a: Hitmontop|0 fnt\n|-damage|p1b: Terapagos|20/100\n|faint|p1a: Hitmontop\n|-ability|p2b: Ogurin|Chilling Neigh|boost\n|-boost|p2b: Ogurin|atk|1\n|\n|upkeep\n|\n|t:|1773912698\n|switch|p1a: Ogerpon|Ogerpon-Cornerstone, L50, F|100/100\n|turn|2\n|\n|t:|1773912709\n|move|p2b: Ogurin|Protect|p2b: Ogurin\n|-singleturn|p2b: Ogurin|Protect\n|move|p1a: Ogerpon|Horn Leech|p2a: Ogerpon\n|-damage|p2a: Ogerpon|0 fnt\n|faint|p2a: Ogerpon\n|move|p1b: Terapagos|Tera Starstorm|p2b: Ogurin\n|-activate|p2b: Ogurin|move: Protect\n|\n|upkeep\n|\n|t:|1773912714\n|switch|p2a: Magical Mirai|Miraidon, L50|100/100\n|-fieldstart|move: Electric Terrain|[from] ability: Hadron Engine|[of] p2a: Magical Mirai\n|turn|3\n|\n|t:|1773912724\n|-terastallize|p2b: Ogurin|Water\n|move|p1b: Terapagos|Protect|p1b: Terapagos\n|-singleturn|p1b: Terapagos|Protect\n|move|p2a: Magical Mirai|Dazzling Gleam|p1a: Ogerpon|[spread] p1a\n|-activate|p1b: Terapagos|move: Protect\n|-damage|p1a: Ogerpon|46/100\n|move|p1a: Ogerpon|Ivy Cudgel|p2b: Ogurin|[anim] Ivy Cudgel Rock\n|-damage|p2b: Ogurin|0 fnt\n|faint|p2b: Ogurin\n|\n|upkeep\n|\n|t:|1773912728\n|switch|p2b: Urshifu|Urshifu-Rapid-Strike, L50, M|100/100\n|turn|4\n|\n|t:|1773912742\n|move|p1a: Ogerpon|Spiky Shield|p1a: Ogerpon\n|-singleturn|p1a: Ogerpon|move: Protect\n|move|p2a: Magical Mirai|Dazzling Gleam|p1b: Terapagos|[spread] p1b\n|-activate|p1a: Ogerpon|move: Protect\n|-damage|p1b: Terapagos|0 fnt\n|faint|p1b: Terapagos\n|detailschange|p1: Terapagos|Terapagos, L50, M|[silent]\n|move|p2b: Urshifu|Surging Strikes|p1a: Ogerpon\n|-crit|p1a: Ogerpon\n|-damage|p1a: Ogerpon|19/100\n|-crit|p1a: Ogerpon\n|-damage|p1a: Ogerpon|0 fnt\n|faint|p1a: Ogerpon\n|-hitcount|p1: Ogerpon|2\n|\n|upkeep\n|\n|t:|1773912756\n|switch|p1b: Calyrex|Calyrex-Shadow, L50|100/100\n|-ability|p1b: Calyrex|As One\n|-ability|p1b: Calyrex|Unnerve\n|turn|5\n|\n|t:|1773912763\n|move|p1b: Calyrex|Psychic|p2b: Urshifu\n|-supereffective|p2b: Urshifu\n|-enditem|p2b: Urshifu|Focus Sash\n|-damage|p2b: Urshifu|1/100\n|move|p2a: Magical Mirai|Dazzling Gleam|p1b: Calyrex\n|-damage|p1b: Calyrex|36/100\n|move|p2b: Urshifu|Surging Strikes|p1b: Calyrex\n|-crit|p1b: Calyrex\n|-damage|p1b: Calyrex|5/100\n|-crit|p1b: Calyrex\n|-damage|p1b: Calyrex|0 fnt\n|faint|p1b: Calyrex\n|-hitcount|p1: Calyrex|2\n|\n|win|TheManOfSausage\n|raw|mtbsj's rating: 1454 &rarr; <strong>1436</strong><br />(-18 for losing)\n|raw|TheManOfSausage's rating: 1489 &rarr; <strong>1507</strong><br />(+18 for winning)\n|l|\u2606mtbsj\n|player|p1|\n|l|\u2606TheManOfSausage\n|player|p2|\n","uploadtime":1773912957,"views":12,"formatid":"gen9vgc2026regi","rating":1436,"private":0,"password":null}