{"id":"gen9vgc2026regi-2586811466","format":"[Gen 9] VGC 2026 Reg I","players":["Shagrathisbeast","dragoonlong1"],"log":"|j|\u2606Shagrathisbeast\n|j|\u2606dragoonlong1\n|t:|1776461859\n|gametype|doubles\n|player|p1|Shagrathisbeast|169|1576\n|player|p2|dragoonlong1|1|1492\n|gen|9\n|tier|[Gen 9] VGC 2026 Reg I\n|rated|\n|rule|Species Clause: Limit one of each Pok\u00e9mon\n|rule|Item Clause: Limit 1 of each item\n|clearpoke\n|poke|p1|Terapagos, L50, M|\n|poke|p1|Clefairy, L50, M|\n|poke|p1|Ogerpon-Hearthflame, L50, F|\n|poke|p1|Calyrex-Shadow, L50|\n|poke|p1|Incineroar, L50, M|\n|poke|p1|Rillaboom, L50, M|\n|poke|p2|Muk-Alola, L50, F|\n|poke|p2|Smeargle, L50, F|\n|poke|p2|Calyrex-Shadow, L50|\n|poke|p2|Kyogre, L50|\n|poke|p2|Flamigo, L50, F|\n|poke|p2|Rillaboom, L50, F|\n|teampreview|4\n|c|\u2606Shagrathisbeast|p\n|inactive|Battle timer is ON: inactive players will automatically lose when time's up. (requested by dragoonlong1)\n|\n|t:|1776461887\n|teamsize|p1|4\n|teamsize|p2|4\n|start\n|switch|p1a: Ogerpon|Ogerpon-Hearthflame, L50, F|100/100\n|switch|p1b: Calyrex|Calyrex-Shadow, L50|100/100\n|switch|p2a: Muk|Muk-Alola, L50, F|100/100\n|switch|p2b: Smeargle|Smeargle, L50, F|100/100\n|-ability|p1b: Calyrex|As One\n|-ability|p1b: Calyrex|Unnerve\n|-ability|p1a: Ogerpon|Mold Breaker\n|turn|1\n|\n|t:|1776461907\n|move|p2a: Muk|Protect|p2a: Muk\n|-singleturn|p2a: Muk|Protect\n|move|p1a: Ogerpon|Follow Me|p1a: Ogerpon\n|-singleturn|p1a: Ogerpon|move: Follow Me\n|move|p1b: Calyrex|Will-O-Wisp|p2b: Smeargle\n|-status|p2b: Smeargle|brn\n|move|p2b: Smeargle|Spore|p1a: Ogerpon\n|-immune|p1a: Ogerpon\n|\n|-damage|p2b: Smeargle|94/100 brn|[from] brn\n|-ability|p2b: Smeargle|Moody|boost\n|-boost|p2b: Smeargle|atk|2\n|-unboost|p2b: Smeargle|spd|1\n|upkeep\n|turn|2\n|\n|t:|1776461925\n|-terastallize|p1a: Ogerpon|Fire\n|detailschange|p1a: Ogerpon|Ogerpon-Hearthflame-Tera, L50, F, tera:Fire\n|-ability|p1a: Ogerpon|Embody Aspect (Hearthflame)|boost\n|-boost|p1a: Ogerpon|atk|1\n|move|p2b: Smeargle|Follow Me|p2b: Smeargle\n|-singleturn|p2b: Smeargle|move: Follow Me\n|move|p1b: Calyrex|Psychic|p2b: Smeargle\n|-damage|p2b: Smeargle|0 fnt\n|faint|p2b: Smeargle\n|-ability|p2a: Muk|Moody|Power of Alchemy|[from] ability: Power of Alchemy|[of] p2b: Smeargle\n|-ability|p1b: Calyrex|Grim Neigh|boost\n|-boost|p1b: Calyrex|spa|1\n|move|p1a: Ogerpon|Ivy Cudgel|p2a: Muk|[anim] Ivy Cudgel Fire\n|-damage|p2a: Muk|20/100\n|move|p2a: Muk|Minimize|p2a: Muk\n|-boost|p2a: Muk|evasion|2\n|\n|-heal|p2a: Muk|26/100|[from] item: Leftovers\n|-ability|p2a: Muk|Moody|boost\n|-boost|p2a: Muk|spe|2\n|-unboost|p2a: Muk|def|1\n|upkeep\n|inactive|dragoonlong1 has 30 seconds left.\n|\n|t:|1776461952\n|switch|p2b: \u6709\u8010\u4e45|Calyrex-Shadow, L50|100/100\n|-ability|p2b: \u6709\u8010\u4e45|As One\n|-ability|p2b: \u6709\u8010\u4e45|Unnerve\n|turn|3\n|\n|t:|1776461961\n|-terastallize|p2b: \u6709\u8010\u4e45|Dark\n|move|p2a: Muk|Protect|p2a: Muk\n|-singleturn|p2a: Muk|Protect\n|move|p2b: \u6709\u8010\u4e45|Astral Barrage|p1b: Calyrex|[spread] p1a,p1b\n|-supereffective|p1b: Calyrex\n|-damage|p1a: Ogerpon|29/100\n|-enditem|p1b: Calyrex|Focus Sash\n|-damage|p1b: Calyrex|1/100\n|move|p1b: Calyrex|Astral Barrage|p2b: \u6709\u8010\u4e45|[spread] p2b\n|-activate|p2a: Muk|move: Protect\n|-resisted|p2b: \u6709\u8010\u4e45\n|-damage|p2b: \u6709\u8010\u4e45|57/100\n|move|p1a: Ogerpon|Ivy Cudgel|p2b: \u6709\u8010\u4e45|[anim] Ivy Cudgel Fire\n|-damage|p2b: \u6709\u8010\u4e45|0 fnt\n|faint|p2b: \u6709\u8010\u4e45\n|\n|-heal|p2a: Muk|33/100|[from] item: Leftovers\n|-ability|p2a: Muk|Moody|boost\n|-boost|p2a: Muk|spd|2\n|-unboost|p2a: Muk|def|1\n|upkeep\n|inactive|dragoonlong1 has 30 seconds left.\n|\n|t:|1776461986\n|switch|p2b: Flamigo|Flamigo, L50, F|100/100\n|-copyboost|p2b: Flamigo|p2a: Muk|[from] ability: Costar\n|-enditem|p2b: Flamigo|White Herb\n|-clearnegativeboost|p2b: Flamigo|[silent]\n|turn|4\n|\n|t:|1776462010\n|move|p1a: Ogerpon|Follow Me|p1a: Ogerpon\n|-singleturn|p1a: Ogerpon|move: Follow Me\n|move|p2b: Flamigo|Acrobatics|p1a: Ogerpon\n|-damage|p1a: Ogerpon|0 fnt\n|faint|p1a: Ogerpon\n|detailschange|p1: Ogerpon|Ogerpon-Hearthflame, L50, F|[silent]\n|move|p1b: Calyrex|Psychic|p2b: Flamigo\n|-supereffective|p2b: Flamigo\n|-damage|p2b: Flamigo|0 fnt\n|faint|p2b: Flamigo\n|-ability|p1b: Calyrex|Grim Neigh|boost\n|-boost|p1b: Calyrex|spa|1\n|move|p2a: Muk|Minimize|p2a: Muk\n|-boost|p2a: Muk|evasion|2\n|\n|-heal|p2a: Muk|39/100|[from] item: Leftovers\n|-ability|p2a: Muk|Moody|boost\n|-boost|p2a: Muk|def|2\n|-unboost|p2a: Muk|spd|1\n|upkeep\n|\n|t:|1776462020\n|switch|p1a: Incineroar|Incineroar, L50, M|100/100\n|-ability|p1a: Incineroar|Intimidate|boost\n|-unboost|p2a: Muk|atk|1\n|turn|5\n|\n|t:|1776462024\n|move|p2a: Muk|Protect|p2a: Muk\n|-singleturn|p2a: Muk|Protect\n|move|p1a: Incineroar|Fake Out|p2a: Muk\n|-activate|p2a: Muk|move: Protect\n|move|p1b: Calyrex|Will-O-Wisp|p2a: Muk\n|-activate|p2a: Muk|move: Protect\n|\n|-heal|p2a: Muk|45/100|[from] item: Leftovers\n|-ability|p2a: Muk|Moody|boost\n|-boost|p2a: Muk|spd|2\n|-unboost|p2a: Muk|atk|1\n|upkeep\n|turn|6\n|\n|t:|1776462034\n|move|p1b: Calyrex|Protect|p1b: Calyrex\n|-singleturn|p1b: Calyrex|Protect\n|move|p2a: Muk|Minimize|p2a: Muk\n|-boost|p2a: Muk|evasion|2\n|move|p1a: Incineroar|Taunt|p2a: Muk\n|-start|p2a: Muk|move: Taunt\n|\n|-heal|p2a: Muk|51/100|[from] item: Leftovers\n|-ability|p2a: Muk|Moody|boost\n|-boost|p2a: Muk|spe|2\n|-unboost|p2a: Muk|def|1\n|upkeep\n|turn|7\n|\n|t:|1776462048\n|move|p1b: Calyrex|Astral Barrage|p2a: Muk|[miss]\n|-miss|p1b: Calyrex|p2a: Muk\n|move|p2a: Muk|Knock Off|p1b: Calyrex\n|-supereffective|p1b: Calyrex\n|-damage|p1b: Calyrex|0 fnt\n|faint|p1b: Calyrex\n|move|p1a: Incineroar|Parting Shot|p2a: Muk\n|-unboost|p2a: Muk|atk|1\n|-unboost|p2a: Muk|spa|1\n|\n|t:|1776462051\n|switch|p1a: Terapagos|Terapagos, L50, M|100/100|[from] Parting Shot\n|-activate|p1a: Terapagos|ability: Tera Shift\n|detailschange|p1a: Terapagos|Terapagos-Terastal, L50, M\n|-heal|p1a: Terapagos|100/100|[silent]\n|\n|-heal|p2a: Muk|57/100|[from] item: Leftovers\n|-ability|p2a: Muk|Moody|boost\n|-boost|p2a: Muk|spa|2\n|-unboost|p2a: Muk|def|1\n|upkeep\n|\n|t:|1776462053\n|switch|p1b: Incineroar|Incineroar, L50, M|100/100\n|-ability|p1b: Incineroar|Intimidate|boost\n|-unboost|p2a: Muk|atk|1\n|turn|8\n|\n|t:|1776462062\n|move|p1b: Incineroar|Fake Out|p2a: Muk|[miss]\n|-miss|p1b: Incineroar|p2a: Muk\n|move|p2a: Muk|Knock Off|p1a: Terapagos\n|-activate|p1a: Terapagos|ability: Tera Shell\n|-resisted|p1a: Terapagos\n|-damage|p1a: Terapagos|96/100\n|-enditem|p1a: Terapagos|Leftovers|[from] move: Knock Off|[of] p2a: Muk\n|move|p1a: Terapagos|Calm Mind|p1a: Terapagos\n|-boost|p1a: Terapagos|spa|1\n|-boost|p1a: Terapagos|spd|1\n|\n|-heal|p2a: Muk|63/100|[from] item: Leftovers\n|-ability|p2a: Muk|Moody|boost\n|-boost|p2a: Muk|spe|2\n|-unboost|p2a: Muk|atk|1\n|upkeep\n|turn|9\n|\n|t:|1776462079\n|move|p2a: Muk|Knock Off|p1b: Incineroar\n|-resisted|p1b: Incineroar\n|-damage|p1b: Incineroar|98/100\n|-damage|p2a: Muk|47/100|[from] item: Rocky Helmet|[of] p1b: Incineroar\n|-enditem|p1b: Incineroar|Rocky Helmet|[from] move: Knock Off|[of] p2a: Muk\n|move|p1a: Terapagos|Tera Starstorm|p2a: Muk|[miss]\n|-miss|p1a: Terapagos|p2a: Muk\n|move|p1b: Incineroar|Parting Shot|p2a: Muk|[miss]\n|-miss|p1b: Incineroar|p2a: Muk\n|\n|-heal|p2a: Muk|53/100|[from] item: Leftovers\n|-end|p2a: Muk|move: Taunt\n|-ability|p2a: Muk|Moody|boost\n|-boost|p2a: Muk|atk|2\n|-unboost|p2a: Muk|spd|1\n|upkeep\n|turn|10\n|\n|t:|1776462088\n|move|p2a: Muk|Protect|p2a: Muk\n|-singleturn|p2a: Muk|Protect\n|move|p1a: Terapagos|Tera Starstorm|p2a: Muk\n|-activate|p2a: Muk|move: Protect\n|move|p1b: Incineroar|Knock Off|p2a: Muk\n|-activate|p2a: Muk|move: Protect\n|\n|-heal|p2a: Muk|59/100|[from] item: Leftovers\n|-ability|p2a: Muk|Moody|boost\n|-boost|p2a: Muk|spa|2\n|-unboost|p2a: Muk|spd|1\n|upkeep\n|turn|11\n|\n|t:|1776462096\n|move|p2a: Muk|Poison Gas|p1b: Incineroar|[spread] p1a,p1b\n|-status|p1a: Terapagos|psn\n|-status|p1b: Incineroar|psn\n|move|p1a: Terapagos|Tera Starstorm|p2a: Muk|[miss]\n|-miss|p1a: Terapagos|p2a: Muk\n|move|p1b: Incineroar|Knock Off|p2a: Muk|[miss]\n|-miss|p1b: Incineroar|p2a: Muk\n|\n|-heal|p2a: Muk|65/100|[from] item: Leftovers\n|-damage|p1a: Terapagos|84/100 psn|[from] psn\n|-damage|p1b: Incineroar|85/100 psn|[from] psn\n|-ability|p2a: Muk|Moody|boost\n|-boost|p2a: Muk|def|2\n|-unboost|p2a: Muk|spe|1\n|upkeep\n|turn|12\n|\n|t:|1776462106\n|move|p2a: Muk|Protect|p2a: Muk\n|-singleturn|p2a: Muk|Protect\n|move|p1a: Terapagos|Tera Starstorm|p2a: Muk\n|-activate|p2a: Muk|move: Protect\n|move|p1b: Incineroar|Knock Off|p2a: Muk\n|-activate|p2a: Muk|move: Protect\n|\n|-heal|p2a: Muk|71/100|[from] item: Leftovers\n|-damage|p1a: Terapagos|72/100 psn|[from] psn\n|-damage|p1b: Incineroar|73/100 psn|[from] psn\n|-ability|p2a: Muk|Moody|boost\n|-boost|p2a: Muk|spe|1\n|-unboost|p2a: Muk|def|1\n|upkeep\n|turn|13\n|\n|t:|1776462123\n|move|p2a: Muk|Knock Off|p1a: Terapagos\n|-damage|p1a: Terapagos|64/100 psn\n|move|p1a: Terapagos|Tera Starstorm|p2a: Muk\n|-damage|p2a: Muk|25/100\n|move|p1b: Incineroar|Knock Off|p2a: Muk|[miss]\n|-miss|p1b: Incineroar|p2a: Muk\n|\n|-heal|p2a: Muk|32/100|[from] item: Leftovers\n|-damage|p1a: Terapagos|52/100 psn|[from] psn\n|-damage|p1b: Incineroar|60/100 psn|[from] psn\n|-ability|p2a: Muk|Moody|boost\n|-boost|p2a: Muk|def|2\n|-unboost|p2a: Muk|spe|1\n|upkeep\n|turn|14\n|\n|t:|1776462131\n|move|p2a: Muk|Protect|p2a: Muk\n|-singleturn|p2a: Muk|Protect\n|move|p1a: Terapagos|Earth Power|p2a: Muk\n|-activate|p2a: Muk|move: Protect\n|move|p1b: Incineroar|Knock Off|p2a: Muk\n|-activate|p2a: Muk|move: Protect\n|\n|-heal|p2a: Muk|38/100|[from] item: Leftovers\n|-damage|p1a: Terapagos|40/100 psn|[from] psn\n|-damage|p1b: Incineroar|48/100 psn|[from] psn\n|-ability|p2a: Muk|Moody|boost\n|-boost|p2a: Muk|def|2\n|-unboost|p2a: Muk|spe|1\n|upkeep\n|turn|15\n|\n|t:|1776462149\n|move|p2a: Muk|Knock Off|p1a: Terapagos\n|-damage|p1a: Terapagos|32/100 psn\n|move|p1a: Terapagos|Earth Power|p2a: Muk\n|-supereffective|p2a: Muk\n|-damage|p2a: Muk|0 fnt\n|faint|p2a: Muk\n|\n|win|Shagrathisbeast\n|raw|Shagrathisbeast's rating: 1576 &rarr; <strong>1591</strong><br />(+15 for winning)\n|raw|dragoonlong1's rating: 1492 &rarr; <strong>1477</strong><br />(-15 for losing)\n|l|\u2606dragoonlong1\n|player|p2|\n|c|\u2606Shagrathisbeast|dude get a life\n|l|\u2606Shagrathisbeast\n|player|p1|\n","uploadtime":1776462369,"views":13,"formatid":"gen9vgc2026regi","rating":1477,"private":0,"password":null}