{"id":"gen9vgc2026regi-2589735193","format":"[Gen 9] VGC 2026 Reg I","players":["Glaceon_1740","Mr Ziyad"],"log":"|j|\u203dGlaceon_1740\n|j|\u2606Mr Ziyad\n|t:|1776753538\n|gametype|doubles\n|player|p1|Glaceon_1740|dawn-gen4pt|1466\n|player|p2|Mr Ziyad|266|1363\n|gen|9\n|tier|[Gen 9] VGC 2026 Reg I\n|rated|\n|rule|Species Clause: Limit one of each Pok\u00e9mon\n|rule|Item Clause: Limit 1 of each item\n|clearpoke\n|poke|p1|Meowscarada, L50, F|\n|poke|p1|Murkrow, L50, M|\n|poke|p1|Kyogre, L50|\n|poke|p1|Zacian-*, L50|\n|poke|p1|Incineroar, L50, F|\n|poke|p1|Rillaboom, L50, F|\n|poke|p2|Hatterene, L50, F|\n|poke|p2|Indeedee-F, L50, F|\n|poke|p2|Kyogre, L50|\n|poke|p2|Ursaluna, L50, M|\n|poke|p2|Torkoal, L50, F|\n|poke|p2|Miraidon, L50|\n|teampreview|4\n|inactive|Battle timer is ON: inactive players will automatically lose when time's up. (requested by Glaceon_1740)\nMr Ziyad rejected open team sheets.\n|inactive|Mr Ziyad has 60 seconds left.\n|\n|t:|1776753590\n|teamsize|p1|4\n|teamsize|p2|4\n|start\n|switch|p1a: Meowscarada|Meowscarada, L50, F|100/100\n|switch|p1b: Kyogre|Kyogre, L50|100/100\n|switch|p2a: Indeedee|Indeedee-F, L50, F|100/100\n|switch|p2b: Hatterene|Hatterene, L50, F|100/100\n|-weather|RainDance|[from] ability: Drizzle|[of] p1b: Kyogre\n|-fieldstart|move: Psychic Terrain|[from] ability: Psychic Surge|[of] p2a: Indeedee\n|turn|1\n|\n|t:|1776753606\n|move|p2a: Indeedee|Follow Me|p2a: Indeedee\n|-singleturn|p2a: Indeedee|move: Follow Me\n|move|p1a: Meowscarada|U-turn|p2a: Indeedee\n|-start|p1a: Meowscarada|typechange|Bug|[from] ability: Protean\n|-supereffective|p2a: Indeedee\n|-damage|p2a: Indeedee|7/100\n|\n|t:|1776753622\n|switch|p1a: Rillaboom|Rillaboom, L50, F, shiny|100/100|[from] U-turn\n|-fieldstart|move: Grassy Terrain|[from] ability: Grassy Surge|[of] p1a: Rillaboom\n|move|p1b: Kyogre|Water Spout|p2a: Indeedee|[spread] p2a,p2b\n|-damage|p2a: Indeedee|0 fnt\n|-enditem|p2b: Hatterene|Focus Sash\n|-damage|p2b: Hatterene|1/100\n|faint|p2a: Indeedee\n|move|p2b: Hatterene|Trick Room|p2b: Hatterene\n|-fieldstart|move: Trick Room|[of] p2b: Hatterene\n|\n|-weather|RainDance|[upkeep]\n|-heal|p2b: Hatterene|7/100|[from] Grassy Terrain\n|upkeep\n|\n|t:|1776753638\n|switch|p2a: Torkoal|Torkoal, L50, F|100/100\n|-weather|SunnyDay|[from] ability: Drought|[of] p2a: Torkoal\n|turn|2\n|inactive|Glaceon_1740 has 30 seconds left.\n|\n|t:|1776753667\n|-terastallize|p2a: Torkoal|Fire\n|move|p1a: Rillaboom|Fake Out|p2a: Torkoal\n|-damage|p2a: Torkoal|91/100\n|cant|p2a: Torkoal|flinch\n|move|p2b: Hatterene|Dazzling Gleam|p1b: Kyogre|[spread] p1a,p1b\n|-damage|p1a: Rillaboom|71/100\n|-damage|p1b: Kyogre|79/100\n|move|p1b: Kyogre|Water Spout|p2a: Torkoal|[spread] p2a,p2b\n|-supereffective|p2a: Torkoal\n|-damage|p2a: Torkoal|33/100\n|-damage|p2b: Hatterene|0 fnt\n|faint|p2b: Hatterene\n|\n|-weather|SunnyDay|[upkeep]\n|-heal|p2a: Torkoal|39/100|[from] Grassy Terrain\n|-heal|p1a: Rillaboom|77/100|[from] Grassy Terrain\n|-heal|p1b: Kyogre|85/100|[from] Grassy Terrain\n|upkeep\n|inactive|Mr Ziyad has 30 seconds left.\n|\n|t:|1776753693\n|switch|p2b: Ursaluna|Ursaluna, L50, M|100/100\n|turn|3\n|inactive|Glaceon_1740 has 30 seconds left.\n|\n|t:|1776753722\n|switch|p1b: Meowscarada|Meowscarada, L50, F|100/100\n|move|p1a: Rillaboom|Grassy Glide|p2b: Ursaluna\n|-supereffective|p2b: Ursaluna\n|-damage|p2b: Ursaluna|51/100\n|move|p2a: Torkoal|Weather Ball|p1a: Rillaboom\n|-supereffective|p1a: Rillaboom\n|-damage|p1a: Rillaboom|0 fnt\n|faint|p1a: Rillaboom\n|move|p2b: Ursaluna|Facade|p1b: Meowscarada\n|-damage|p1b: Meowscarada|46/100\n|\n|-weather|SunnyDay|[upkeep]\n|-heal|p2a: Torkoal|46/100|[from] Grassy Terrain\n|-heal|p2b: Ursaluna|57/100|[from] Grassy Terrain\n|-heal|p1b: Meowscarada|51/100|[from] Grassy Terrain\n|-status|p2b: Ursaluna|brn|[from] item: Flame Orb\n|upkeep\n|inactive|Glaceon_1740 has 30 seconds left.\n|\n|t:|1776753754\n|switch|p1a: Kyogre|Kyogre, L50|85/100\n|-weather|RainDance|[from] ability: Drizzle|[of] p1a: Kyogre\n|turn|4\n|\n|t:|1776753771\n|move|p2a: Torkoal|Protect|p2a: Torkoal\n|-singleturn|p2a: Torkoal|Protect\n|move|p1a: Kyogre|Protect|p1a: Kyogre\n|-singleturn|p1a: Kyogre|Protect\n|move|p2b: Ursaluna|Facade|p1a: Kyogre\n|-activate|p1a: Kyogre|move: Protect\n|move|p1b: Meowscarada|Flower Trick|p2b: Ursaluna\n|-start|p1b: Meowscarada|typechange|Grass|[from] ability: Protean\n|-supereffective|p2b: Ursaluna\n|-crit|p2b: Ursaluna\n|-damage|p2b: Ursaluna|0 fnt\n|faint|p2b: Ursaluna\n|\n|-weather|RainDance|[upkeep]\n|-heal|p2a: Torkoal|52/100|[from] Grassy Terrain\n|-heal|p1a: Kyogre|90/100|[from] Grassy Terrain\n|-heal|p1b: Meowscarada|57/100|[from] Grassy Terrain\n|upkeep\n|turn|5\n|inactive|Glaceon_1740 has 30 seconds left.\n|-message|Mr Ziyad forfeited.\n|\n|win|Glaceon_1740\n|raw|Glaceon_1740's rating: 1466 &rarr; <strong>1481</strong><br />(+15 for winning)\n|raw|Mr Ziyad's rating: 1376 &rarr; <strong>1361</strong><br />(-15 for losing)\n|l|\u2606Mr Ziyad\n|player|p2|\n","uploadtime":1776754038,"views":8,"formatid":"gen9vgc2026regi","rating":1361,"private":0,"password":null}