{"id":"gen9vgc2026regi-2568266007","format":"[Gen 9] VGC 2026 Reg I","players":["KilamanolaVGC","ArisHazard"],"log":"|j|\u203dKilamanolaVGC\n|j|\u2606ArisHazard\n|t:|1774561013\n|gametype|doubles\n|player|p1|KilamanolaVGC|benga|1408\n|player|p2|ArisHazard|102|1469\n|gen|9\n|tier|[Gen 9] VGC 2026 Reg I\n|rated|\n|rule|Species Clause: Limit one of each Pok\u00e9mon\n|rule|Item Clause: Limit 1 of each item\n|clearpoke\n|poke|p1|Ditto, L50|\n|poke|p1|Urshifu-*, L50, M|\n|poke|p1|Calyrex-Ice, L50|\n|poke|p1|Miraidon, L50|\n|poke|p1|Sneasler, L50, M|\n|poke|p1|Incineroar, L50, M|\n|poke|p2|Calyrex-Ice, L50|\n|poke|p2|Hitmontop, L50, M|\n|poke|p2|Miraidon, L50|\n|poke|p2|Sableye, L50, M|\n|poke|p2|Ting-Lu, L50|\n|poke|p2|Volcarona, L50, M|\n|teampreview|4\n|inactive|Battle timer is ON: inactive players will automatically lose when time's up. (requested by KilamanolaVGC)\n|inactive|ArisHazard has 60 seconds left.\nKilamanolaVGC has agreed to open team sheets.\n|\n|t:|1774561059\n|teamsize|p1|4\n|teamsize|p2|4\n|start\n|switch|p1a: Miraidon|Miraidon, L50|100/100\n|switch|p1b: Sneasler|Sneasler, L50, M, shiny|100/100\n|switch|p2a: Miraidon|Miraidon, L50|100/100\n|switch|p2b: Hitmontop|Hitmontop, L50, M|100/100\n|-fieldstart|move: Electric Terrain|[from] ability: Hadron Engine|[of] p1a: Miraidon\n|-enditem|p1b: Sneasler|Electric Seed\n|-boost|p1b: Sneasler|def|1|[from] item: Electric Seed\n|-activate|p2a: Miraidon|ability: Hadron Engine\n|-ability|p2b: Hitmontop|Intimidate|boost\n|-unboost|p1a: Miraidon|atk|1\n|-unboost|p1b: Sneasler|atk|1\n|turn|1\n|\n|t:|1774561077\n|move|p1b: Sneasler|Protect|p1b: Sneasler\n|-singleturn|p1b: Sneasler|Protect\n|move|p1a: Miraidon|Protect|p1a: Miraidon\n|-singleturn|p1a: Miraidon|Protect\n|move|p2b: Hitmontop|Fake Out|p1a: Miraidon\n|-activate|p1a: Miraidon|move: Protect\n|move|p2a: Miraidon|Volt Switch|p1b: Sneasler\n|-activate|p1b: Sneasler|move: Protect\n|\n|upkeep\n|turn|2\n|\n|t:|1774561093\n|-terastallize|p2a: Miraidon|Electric\n|move|p1b: Sneasler|Low Kick|p2a: Miraidon\n|-damage|p2a: Miraidon|64/100\n|move|p1a: Miraidon|Electro Drift|p2b: Hitmontop\n|-damage|p2b: Hitmontop|0 fnt\n|faint|p2b: Hitmontop\n|-damage|p1a: Miraidon|91/100|[from] item: Life Orb\n|move|p2a: Miraidon|Volt Switch|p1b: Sneasler\n|-damage|p1b: Sneasler|0 fnt\n|faint|p1b: Sneasler\n|\n|t:|1774561108\n|switch|p2a: Calyrex|Calyrex-Ice, L50|100/100|[from] Volt Switch\n|-ability|p2a: Calyrex|As One\n|-ability|p2a: Calyrex|Unnerve\n|\n|upkeep\n|\n|t:|1774561120\n|switch|p1b: Calyrex|Calyrex-Ice, L50|100/100\n|switch|p2b: Sableye|Sableye, L50, M|100/100\n|-ability|p1b: Calyrex|As One\n|-ability|p1b: Calyrex|Unnerve\n|turn|3\n|\n|t:|1774561133\n|-terastallize|p1a: Miraidon|Electric\n|move|p2b: Sableye|Disable|p1a: Miraidon\n|-start|p1a: Miraidon|Disable|Electro Drift\n|cant|p1a: Miraidon|Disable|Electro Drift\n|move|p1b: Calyrex|Glacial Lance|p2a: Calyrex|[spread] p2a,p2b\n|-resisted|p2a: Calyrex\n|-damage|p2a: Calyrex|83/100\n|-damage|p2b: Sableye|30/100\n|move|p2a: Calyrex|Glacial Lance|p1a: Miraidon|[spread] p1a,p1b\n|-resisted|p1b: Calyrex\n|-damage|p1a: Miraidon|33/100\n|-damage|p1b: Calyrex|82/100\n|\n|upkeep\n|turn|4\n|\n|t:|1774561157\n|switch|p1a: Ditto|Ditto, L50, shiny|100/100\n|-transform|p1a: Ditto|p2b: Sableye|[from] ability: Imposter\n|move|p2b: Sableye|Encore|p1a: Ditto\n|-hint|Since gen 7, Dark is immune to Prankster moves.\n|-immune|p1a: Ditto\n|move|p1b: Calyrex|Glacial Lance|p2a: Calyrex|[spread] p2a,p2b\n|-resisted|p2a: Calyrex\n|-damage|p2a: Calyrex|65/100\n|-damage|p2b: Sableye|0 fnt\n|faint|p2b: Sableye\n|-ability|p1b: Calyrex|Chilling Neigh|boost\n|-boost|p1b: Calyrex|atk|1\n|move|p2a: Calyrex|Glacial Lance|p1b: Calyrex|[spread] p1a,p1b\n|-resisted|p1b: Calyrex\n|-damage|p1a: Ditto|35/100\n|-damage|p1b: Calyrex|66/100\n|\n|upkeep\n|\n|t:|1774561174\n|switch|p2b: Miraidon|Miraidon, L50, tera:Electric|64/100\n|-activate|p2b: Miraidon|ability: Hadron Engine\n|turn|5\n|inactive|ArisHazard has 30 seconds left.\n|\n|t:|1774561202\n|move|p1b: Calyrex|Protect|p1b: Calyrex\n|-singleturn|p1b: Calyrex|Protect\n|move|p1a: Ditto|Disable|p2a: Calyrex\n|-start|p2a: Calyrex|Disable|Glacial Lance\n|move|p2b: Miraidon|Electro Drift|p1b: Calyrex\n|-activate|p1b: Calyrex|move: Protect\n|cant|p2a: Calyrex|Disable|Glacial Lance\n|\n|-fieldend|move: Electric Terrain\n|upkeep\n|turn|6\n|inactive|ArisHazard has 30 seconds left.\n|\n|t:|1774561228\n|move|p1a: Ditto|Disable|p2b: Miraidon\n|-start|p2b: Miraidon|Disable|Electro Drift\n|move|p2b: Miraidon|Volt Switch|p1b: Calyrex\n|-damage|p1b: Calyrex|34/100\n|move|p1b: Calyrex|Glacial Lance|p2b: Miraidon|[spread] p2a,p2b\n|-resisted|p2a: Calyrex\n|-crit|p2a: Calyrex\n|-damage|p2a: Calyrex|23/100\n|-damage|p2b: Miraidon|2/100\n|move|p2a: Calyrex|Stomping Tantrum|p1b: Calyrex\n|-damage|p1b: Calyrex|0 fnt\n|faint|p1b: Calyrex\n|-ability|p2a: Calyrex|Chilling Neigh|boost\n|-boost|p2a: Calyrex|atk|1\n|\n|upkeep\n|\n|t:|1774561238\n|switch|p1b: Miraidon|Miraidon, L50, tera:Electric|33/100\n|-fieldstart|move: Electric Terrain|[from] ability: Hadron Engine|[of] p1b: Miraidon\n|turn|7\n|\n|t:|1774561255\n|move|p2a: Calyrex|Protect|p2a: Calyrex\n|-singleturn|p2a: Calyrex|Protect\n|move|p1a: Ditto|Disable||[still]\n|-fail|p1a: Ditto\n|move|p1b: Miraidon|Electro Drift|p2a: Calyrex\n|-activate|p2a: Calyrex|move: Protect\n|move|p2b: Miraidon|Volt Switch|p1a: Ditto\n|-damage|p1a: Ditto|0 fnt\n|faint|p1a: Ditto\n|\n|upkeep\n|turn|8\n|-message|KilamanolaVGC forfeited.\n|\n|win|ArisHazard\n|raw|KilamanolaVGC's rating: 1408 &rarr; <strong>1391</strong><br />(-17 for losing)\n|raw|ArisHazard's rating: 1469 &rarr; <strong>1486</strong><br />(+17 for winning)\n|l|\u203dKilamanolaVGC\n|player|p1|\n|l|\u2606ArisHazard\n|player|p2|\n","uploadtime":1774561404,"views":11,"formatid":"gen9vgc2026regi","rating":1391,"private":0,"password":null}