{"id":"gen9vgc2026regi-2582013647","format":"[Gen 9] VGC 2026 Reg I","players":["eltutonach","SegEevee"],"log":"|j|\u2606eltutonach\n|j|\u2606SegEevee\n|t:|1776048372\n|gametype|doubles\n|player|p1|eltutonach|1|1286\n|player|p2|SegEevee|1|1326\n|gen|9\n|tier|[Gen 9] VGC 2026 Reg I\n|rated|\n|rule|Species Clause: Limit one of each Pok\u00e9mon\n|rule|Item Clause: Limit 1 of each item\n|clearpoke\n|poke|p1|Kyogre, L50|\n|poke|p1|Farigiraf, L50, F|\n|poke|p1|Calyrex-Ice, L50|\n|poke|p1|Raichu, L50, F|\n|poke|p1|Landorus-Therian, L50, M|\n|poke|p1|Flutter Mane, L50|\n|poke|p2|Ludicolo, L50, F|\n|poke|p2|Politoed, L50, F|\n|poke|p2|Gastrodon-East, L50, F|\n|poke|p2|Zacian-*, L50|\n|poke|p2|Incineroar, L50, M|\n|poke|p2|Kyogre, L50|\n|teampreview|4\n|\n|t:|1776048400\n|teamsize|p1|4\n|teamsize|p2|4\n|start\n|switch|p1a: Kyogre|Kyogre, L50, shiny|100/100\n|switch|p1b: Farigiraf|Farigiraf, L50, F|100/100\n|switch|p2a: Swoop|Gastrodon-East, L50, F, shiny|100/100\n|switch|p2b: Trust|Politoed, L50, F|100/100\n|-weather|RainDance|[from] ability: Drizzle|[of] p1a: Kyogre\n|turn|1\n|\n|t:|1776048434\n|move|p1b: Farigiraf|Helping Hand|p1a: Kyogre\n|-singleturn|p1a: Kyogre|Helping Hand|[of] p1b: Farigiraf\n|move|p2b: Trust|Helping Hand|p2a: Swoop\n|-singleturn|p2a: Swoop|Helping Hand|[of] p2b: Trust\n|move|p1a: Kyogre|Thunder|p2b: Trust\n|-supereffective|p2b: Trust\n|-damage|p2b: Trust|0 fnt\n|faint|p2b: Trust\n|move|p2a: Swoop|Earth Power|p1a: Kyogre\n|-damage|p1a: Kyogre|64/100\n|\n|-weather|RainDance|[upkeep]\n|-heal|p1a: Kyogre|70/100|[from] item: Leftovers\n|upkeep\n|\n|t:|1776048454\n|switch|p2b: Bog|Kyogre, L50, shiny|100/100\n|turn|2\n|\n|t:|1776048470\n|-terastallize|p2b: Bog|Water\n|-terastallize|p1a: Kyogre|Grass\n|move|p1b: Farigiraf|Helping Hand|p1a: Kyogre\n|-singleturn|p1a: Kyogre|Helping Hand|[of] p1b: Farigiraf\n|move|p2a: Swoop|Helping Hand|p2b: Bog\n|-singleturn|p2b: Bog|Helping Hand|[of] p2a: Swoop\n|move|p2b: Bog|Water Spout|p1a: Kyogre|[spread] p1a,p1b\n|-resisted|p1a: Kyogre\n|-damage|p1a: Kyogre|1/100\n|-damage|p1b: Farigiraf|0 fnt\n|faint|p1b: Farigiraf\n|move|p1a: Kyogre|Thunder|p2b: Bog\n|-supereffective|p2b: Bog\n|-damage|p2b: Bog|2/100\n|\n|-weather|RainDance|[upkeep]\n|-heal|p1a: Kyogre|7/100|[from] item: Leftovers\n|upkeep\n|\n|t:|1776048490\n|switch|p1b: Raichu|Raichu, L50, F, shiny|100/100\n|turn|3\n|\n|t:|1776048498\n|switch|p2b: godog|Zacian-Crowned, L50|100/100\n|-ability|p2b: godog|Intrepid Sword|boost\n|-boost|p2b: godog|atk|1\n|move|p1b: Raichu|Fake Out|p2b: godog\n|-resisted|p2b: godog\n|-damage|p2b: godog|97/100\n|move|p1a: Kyogre|Ice Beam|p2a: Swoop\n|-damage|p2a: Swoop|64/100\n|move|p2a: Swoop|Earth Power|p1a: Kyogre\n|-resisted|p1a: Kyogre\n|-damage|p1a: Kyogre|0 fnt\n|faint|p1a: Kyogre\n|\n|-weather|RainDance|[upkeep]\n|-heal|p2a: Swoop|70/100|[from] item: Leftovers\n|upkeep\n|\n|t:|1776048515\n|switch|p1a: Calyrex|Calyrex-Ice, L50|100/100\n|-ability|p1a: Calyrex|As One\n|-ability|p1a: Calyrex|Unnerve\n|turn|4\n|\n|t:|1776048534\n|move|p2b: godog|Behemoth Blade|p1a: Calyrex\n|-supereffective|p1a: Calyrex\n|-damage|p1a: Calyrex|0 fnt\n|faint|p1a: Calyrex\n|move|p1b: Raichu|Grass Knot|p2a: Swoop\n|-supereffective|p2a: Swoop\n|-damage|p2a: Swoop|0 fnt\n|faint|p2a: Swoop\n|\n|-weather|RainDance|[upkeep]\n|upkeep\n|\n|t:|1776048541\n|switch|p2a: Bog|Kyogre, L50, shiny, tera:Water|2/100\n|turn|5\n|\n|t:|1776048547\n|move|p2a: Bog|Origin Pulse|p1b: Raichu\n|-damage|p1b: Raichu|0 fnt\n|faint|p1b: Raichu\n|\n|win|SegEevee\n|raw|eltutonach's rating: 1286 &rarr; <strong>1264</strong><br />(-22 for losing)\n|raw|SegEevee's rating: 1326 &rarr; <strong>1344</strong><br />(+18 for winning)\n|l|\u2606SegEevee\n|player|p2|\n|l|\u2606eltutonach\n|player|p1|\n","uploadtime":1776048694,"views":11,"formatid":"gen9vgc2026regi","rating":1264,"private":0,"password":null}