{"id":"gen9vgc2026regi-2527411713","format":"[Gen 9] VGC 2026 Reg I","players":["dasabe\u76d6\u6b27\u5361\u4fa0","palhunter"],"log":"|j|\u2606dasabe\u76d6\u6b27\u5361\u4fa0\n|j|\u2606palhunter\n|t:|1769535991\n|gametype|doubles\n|player|p1|dasabe\u76d6\u6b27\u5361\u4fa0|may-masters4|1614\n|player|p2|palhunter|dawn|1549\n|gen|9\n|tier|[Gen 9] VGC 2026 Reg I\n|rated|\n|rule|Species Clause: Limit one of each Pok\u00e9mon\n|rule|Item Clause: Limit 1 of each item\n|clearpoke\n|poke|p1|Kyogre, L50|\n|poke|p1|Miraidon, L50|\n|poke|p1|Whimsicott, L50, F|\n|poke|p1|Iron Hands, L50|\n|poke|p1|Farigiraf, L50, F|\n|poke|p1|Urshifu-*, L50, M|\n|poke|p2|Miraidon, L50|\n|poke|p2|Amoonguss, L50, F|\n|poke|p2|Calyrex-Ice, L50|\n|poke|p2|Urshifu-*, L50, M|\n|poke|p2|Incineroar, L50, F|\n|poke|p2|Landorus, L50, M|\n|teampreview|4\n|inactive|Battle timer is ON: inactive players will automatically lose when time's up. (requested by palhunter)\n|inactive|palhunter has 60 seconds left.\n|\n|t:|1769536069\n|teamsize|p1|4\n|teamsize|p2|4\n|start\n|switch|p1a: \u5996\u820d\u7cbe\u62c9|Whimsicott, L50, F, shiny|100/100\n|switch|p1b: \u94f6\u91d1\u5996\u86c7|Miraidon, L50, shiny|100/100\n|switch|p2a: Incineroar|Incineroar, L50, F, shiny|100/100\n|switch|p2b: Landorus|Landorus, L50, M, shiny|100/100\n|-fieldstart|move: Electric Terrain|[from] ability: Hadron Engine|[of] p1b: \u94f6\u91d1\u5996\u86c7\n|-ability|p2a: Incineroar|Intimidate|boost\n|-unboost|p1a: \u5996\u820d\u7cbe\u62c9|atk|1\n|-unboost|p1b: \u94f6\u91d1\u5996\u86c7|atk|1\n|turn|1\n|\n|t:|1769536083\n|move|p1b: \u94f6\u91d1\u5996\u86c7|Protect|p1b: \u94f6\u91d1\u5996\u86c7\n|-singleturn|p1b: \u94f6\u91d1\u5996\u86c7|Protect\n|move|p2a: Incineroar|Fake Out|p1a: \u5996\u820d\u7cbe\u62c9\n|-damage|p1a: \u5996\u820d\u7cbe\u62c9|78/100\n|cant|p1a: \u5996\u820d\u7cbe\u62c9|flinch\n|move|p2b: Landorus|Sludge Bomb|p1a: \u5996\u820d\u7cbe\u62c9\n|-supereffective|p1a: \u5996\u820d\u7cbe\u62c9\n|-damage|p1a: \u5996\u820d\u7cbe\u62c9|0 fnt\n|faint|p1a: \u5996\u820d\u7cbe\u62c9\n|\n|upkeep\n|\n|t:|1769536089\n|switch|p1a: \u6210\u90fd\u8001\u76d6|Kyogre, L50, shiny|100/100\n|-weather|RainDance|[from] ability: Drizzle|[of] p1a: \u6210\u90fd\u8001\u76d6\n|turn|2\n|\n|t:|1769536107\n|move|p2b: Landorus|Protect|p2b: Landorus\n|-singleturn|p2b: Landorus|Protect\n|move|p1b: \u94f6\u91d1\u5996\u86c7|Electro Drift|p2a: Incineroar\n|-damage|p2a: Incineroar|22/100\n|-damage|p1b: \u94f6\u91d1\u5996\u86c7|91/100|[from] item: Life Orb\n|move|p1a: \u6210\u90fd\u8001\u76d6|Origin Pulse|p2b: Landorus|[spread] p2a\n|-activate|p2b: Landorus|move: Protect\n|-supereffective|p2a: Incineroar\n|-damage|p2a: Incineroar|0 fnt\n|faint|p2a: Incineroar\n|\n|-weather|RainDance|[upkeep]\n|upkeep\n|\n|t:|1769536122\n|switch|p2a: Miraidon|Miraidon, L50|100/100\n|-activate|p2a: Miraidon|ability: Hadron Engine\n|turn|3\n|j| riyuezi\n|\n|t:|1769536130\n|switch|p1a: \u624b\u94f6|Iron Hands, L50, shiny|100/100\n|-activate|p1a: \u624b\u94f6|ability: Quark Drive\n|-start|p1a: \u624b\u94f6|quarkdriveatk\n|-terastallize|p2a: Miraidon|Electric\n|-terastallize|p1b: \u94f6\u91d1\u5996\u86c7|Fairy\n|move|p2a: Miraidon|Discharge|p1a: \u624b\u94f6|[spread] p1a,p1b\n|-immune|p2b: Landorus\n|-resisted|p1a: \u624b\u94f6\n|-damage|p1a: \u624b\u94f6|80/100\n|-damage|p1b: \u94f6\u91d1\u5996\u86c7|28/100\n|move|p1b: \u94f6\u91d1\u5996\u86c7|Draco Meteor|p2b: Landorus\n|-damage|p2b: Landorus|0 fnt\n|-unboost|p1b: \u94f6\u91d1\u5996\u86c7|spa|2\n|faint|p2b: Landorus\n|-damage|p1b: \u94f6\u91d1\u5996\u86c7|18/100|[from] item: Life Orb\n|\n|-weather|RainDance|[upkeep]\n|upkeep\n|\n|t:|1769536153\n|switch|p2b: Calyrex|Calyrex-Ice, L50|100/100\n|-ability|p2b: Calyrex|As One\n|-ability|p2b: Calyrex|Unnerve\n|turn|4\n|\n|t:|1769536163\n|move|p2b: Calyrex|Protect|p2b: Calyrex\n|-singleturn|p2b: Calyrex|Protect\n|move|p1a: \u624b\u94f6|Fake Out|p2a: Miraidon\n|-damage|p2a: Miraidon|80/100\n|cant|p2a: Miraidon|flinch\n|move|p1b: \u94f6\u91d1\u5996\u86c7|Draco Meteor|p2a: Miraidon\n|-damage|p2a: Miraidon|16/100\n|-unboost|p1b: \u94f6\u91d1\u5996\u86c7|spa|2\n|-damage|p1b: \u94f6\u91d1\u5996\u86c7|8/100|[from] item: Life Orb\n|\n|-weather|RainDance|[upkeep]\n|upkeep\n|turn|5\n|inactive|palhunter has 30 seconds left.\n|inactive|palhunter has 20 seconds left.\n|\n|t:|1769536201\n|move|p1b: \u94f6\u91d1\u5996\u86c7|Protect|p1b: \u94f6\u91d1\u5996\u86c7\n|-singleturn|p1b: \u94f6\u91d1\u5996\u86c7|Protect\n|move|p2a: Miraidon|Discharge|p1b: \u94f6\u91d1\u5996\u86c7|[spread] p2b,p1a\n|-activate|p1b: \u94f6\u91d1\u5996\u86c7|move: Protect\n|-resisted|p1a: \u624b\u94f6\n|-damage|p2b: Calyrex|52/100\n|-damage|p1a: \u624b\u94f6|60/100\n|move|p1a: \u624b\u94f6|Drain Punch|p2a: Miraidon\n|-damage|p2a: Miraidon|0 fnt\n|-heal|p1a: \u624b\u94f6|66/100|[from] drain|[of] p2a: Miraidon\n|faint|p2a: Miraidon\n|move|p2b: Calyrex|Trick Room|p2b: Calyrex\n|-fieldstart|move: Trick Room|[of] p2b: Calyrex\n|\n|-weather|RainDance|[upkeep]\n|-fieldend|move: Electric Terrain\n|-end|p1a: \u624b\u94f6|Quark Drive\n|upkeep\n|turn|6\n|\n|t:|1769536220\n|move|p1b: \u94f6\u91d1\u5996\u86c7|Protect|p1b: \u94f6\u91d1\u5996\u86c7\n|-singleturn|p1b: \u94f6\u91d1\u5996\u86c7|Protect\n|move|p2b: Calyrex|Glacial Lance|p1b: \u94f6\u91d1\u5996\u86c7|[spread] p1a\n|-activate|p1b: \u94f6\u91d1\u5996\u86c7|move: Protect\n|-damage|p1a: \u624b\u94f6|30/100\n|move|p1a: \u624b\u94f6|Low Kick|p2b: Calyrex\n|-damage|p2b: Calyrex|7/100\n|\n|-weather|none\n|upkeep\n|turn|7\n|\n|t:|1769536232\n|-end|p1a: \u624b\u94f6|Quark Drive|[silent]\n|switch|p1a: \u6210\u90fd\u8001\u76d6|Kyogre, L50, shiny|100/100\n|-weather|RainDance|[from] ability: Drizzle|[of] p1a: \u6210\u90fd\u8001\u76d6\n|move|p1b: \u94f6\u91d1\u5996\u86c7|Protect||[still]\n|-fail|p1b: \u94f6\u91d1\u5996\u86c7\n|move|p2b: Calyrex|Glacial Lance|p1b: \u94f6\u91d1\u5996\u86c7|[spread] p1a,p1b\n|-resisted|p1a: \u6210\u90fd\u8001\u76d6\n|-damage|p1a: \u6210\u90fd\u8001\u76d6|67/100\n|-damage|p1b: \u94f6\u91d1\u5996\u86c7|0 fnt\n|faint|p1b: \u94f6\u91d1\u5996\u86c7\n|-ability|p2b: Calyrex|Chilling Neigh|boost\n|-boost|p2b: Calyrex|atk|1\n|\n|-weather|RainDance|[upkeep]\n|upkeep\n|\n|t:|1769536234\n|switch|p1b: \u624b\u94f6|Iron Hands, L50, shiny|30/100\n|turn|8\n|\n|t:|1769536248\n|move|p2b: Calyrex|Protect|p2b: Calyrex\n|-singleturn|p2b: Calyrex|Protect\n|move|p1b: \u624b\u94f6|Fake Out|p2b: Calyrex\n|-activate|p2b: Calyrex|move: Protect\n|move|p1a: \u6210\u90fd\u8001\u76d6|Ice Beam|p2b: Calyrex\n|-activate|p2b: Calyrex|move: Protect\n|\n|-weather|RainDance|[upkeep]\n|upkeep\n|turn|9\n|\n|t:|1769536252\n|move|p1b: \u624b\u94f6|Drain Punch|p2b: Calyrex\n|-damage|p2b: Calyrex|0 fnt\n|-heal|p1b: \u624b\u94f6|33/100|[from] drain|[of] p2b: Calyrex\n|faint|p2b: Calyrex\n|\n|win|dasabe\u76d6\u6b27\u5361\u4fa0\n|raw|dasabe\u76d6\u6b27\u5361\u4fa0's rating: 1614 &rarr; <strong>1630</strong><br />(+16 for winning)\n|raw|palhunter's rating: 1549 &rarr; <strong>1533</strong><br />(-16 for losing)\n|l|\u2606palhunter\n|player|p2|\n|l|\u2606dasabe\u76d6\u6b27\u5361\u4fa0\n|player|p1|\n|l| riyuezi\n","uploadtime":1769536508,"views":59,"formatid":"gen9vgc2026regi","rating":1533,"private":0,"password":null}