{"id":"gen9vgc2026regi-2529934107","format":"[Gen 9] VGC 2026 Reg I","players":["Bonkkknn","ky123456"],"log":"|j|\u2606Bonkkknn\n|j|\u2606ky123456\n|t:|1769848396\n|gametype|doubles\n|player|p1|Bonkkknn|169|1323\n|player|p2|ky123456|cynthia-gen4|1499\n|gen|9\n|tier|[Gen 9] VGC 2026 Reg I\n|rated|\n|rule|Species Clause: Limit one of each Pok\u00e9mon\n|rule|Item Clause: Limit 1 of each item\n|clearpoke\n|poke|p1|Miraidon, L50|\n|poke|p1|Chi-Yu, L50|\n|poke|p1|Kyogre, L50|\n|poke|p1|Urshifu-*, L50, F|\n|poke|p1|Tornadus, L50, M|\n|poke|p1|Ogerpon-Wellspring, L50, F|\n|poke|p2|Calyrex-Shadow, L50|\n|poke|p2|Zamazenta-*, L50|\n|poke|p2|Roaring Moon, L50|\n|poke|p2|Maushold, L50|\n|poke|p2|Weezing, L50, F|\n|poke|p2|Amoonguss, L50, M|\n|teampreview|4\n|\n|t:|1769848422\n|teamsize|p1|4\n|teamsize|p2|4\n|start\n|switch|p1a: Miraidon|Miraidon, L50|100/100\n|switch|p1b: Tornadus|Tornadus, L50, M|100/100\n|switch|p2a: Zamazenta|Zamazenta-Crowned, L50|100/100\n|switch|p2b: Roaring Moon|Roaring Moon, L50|100/100\n|-fieldstart|move: Electric Terrain|[from] ability: Hadron Engine|[of] p1a: Miraidon\n|-ability|p2a: Zamazenta|Dauntless Shield|boost\n|-boost|p2a: Zamazenta|def|1\n|-enditem|p2b: Roaring Moon|Booster Energy\n|-activate|p2b: Roaring Moon|ability: Protosynthesis|[fromitem]\n|-start|p2b: Roaring Moon|protosynthesisspe\n|turn|1\n|\n|t:|1769848438\n|move|p1b: Tornadus|Tailwind|p1b: Tornadus\n|-sidestart|p1: Bonkkknn|move: Tailwind\n|move|p1a: Miraidon|Volt Switch|p2a: Zamazenta\n|-damage|p2a: Zamazenta|45/100\n|\n|t:|1769848445\n|switch|p1a: Kyogre|Kyogre, L50|100/100|[from] Volt Switch\n|-weather|RainDance|[from] ability: Drizzle|[of] p1a: Kyogre\n|move|p2b: Roaring Moon|Tailwind|p2b: Roaring Moon\n|-sidestart|p2: ky123456|move: Tailwind\n|move|p2a: Zamazenta|Body Press|p1a: Kyogre\n|-damage|p1a: Kyogre|19/100\n|\n|-weather|RainDance|[upkeep]\n|upkeep\n|turn|2\n|\n|t:|1769848457\n|move|p2b: Roaring Moon|Knock Off|p1b: Tornadus\n|-damage|p1b: Tornadus|32/100\n|-enditem|p1b: Tornadus|Covert Cloak|[from] move: Knock Off|[of] p2b: Roaring Moon\n|move|p2a: Zamazenta|Body Press|p1a: Kyogre\n|-damage|p1a: Kyogre|0 fnt\n|faint|p1a: Kyogre\n|move|p1b: Tornadus|Bleakwind Storm|p2b: Roaring Moon|[spread] p2a,p2b\n|-crit|p2b: Roaring Moon\n|-damage|p2a: Zamazenta|18/100\n|-damage|p2b: Roaring Moon|40/100\n|\n|-weather|RainDance|[upkeep]\n|upkeep\n|\n|t:|1769848469\n|switch|p1a: Miraidon|Miraidon, L50|100/100\n|-activate|p1a: Miraidon|ability: Hadron Engine\n|turn|3\n|\n|t:|1769848486\n|move|p2b: Roaring Moon|Knock Off|p1b: Tornadus\n|-damage|p1b: Tornadus|0 fnt\n|faint|p1b: Tornadus\n|move|p1a: Miraidon|Volt Switch|p2a: Zamazenta\n|-damage|p2a: Zamazenta|0 fnt\n|faint|p2a: Zamazenta\n|\n|t:|1769848494\n|switch|p1a: Chi-Yu|Chi-Yu, L50|100/100|[from] Volt Switch\n|-ability|p1a: Chi-Yu|Beads of Ruin\n|\n|-weather|RainDance|[upkeep]\n|upkeep\n|\n|t:|1769848506\n|switch|p2a: Calyrex|Calyrex-Shadow, L50|100/100\n|switch|p1b: Miraidon|Miraidon, L50|100/100\n|-ability|p2a: Calyrex|As One\n|-ability|p2a: Calyrex|Unnerve\n|-activate|p1b: Miraidon|ability: Hadron Engine\n|turn|4\n|\n|t:|1769848531\n|-terastallize|p2a: Calyrex|Ghost\n|-terastallize|p1b: Miraidon|Electric\n|move|p2b: Roaring Moon|Knock Off|p1b: Miraidon\n|-damage|p1b: Miraidon|54/100\n|-enditem|p1b: Miraidon|Choice Specs|[from] move: Knock Off|[of] p2b: Roaring Moon\n|move|p2a: Calyrex|Astral Barrage|p1a: Chi-Yu|[spread] p1a,p1b\n|-resisted|p1a: Chi-Yu\n|-damage|p1a: Chi-Yu|67/100\n|-damage|p1b: Miraidon|0 fnt\n|faint|p1b: Miraidon\n|-ability|p2a: Calyrex|Grim Neigh|boost\n|-boost|p2a: Calyrex|spa|1\n|move|p1a: Chi-Yu|Snarl|p2b: Roaring Moon|[spread] p2a,p2b\n|-supereffective|p2a: Calyrex\n|-resisted|p2b: Roaring Moon\n|-damage|p2a: Calyrex|43/100\n|-damage|p2b: Roaring Moon|29/100\n|-unboost|p2a: Calyrex|spa|1\n|-unboost|p2b: Roaring Moon|spa|1\n|\n|-weather|RainDance|[upkeep]\n|-sideend|p2: ky123456|move: Tailwind\n|-sideend|p1: Bonkkknn|move: Tailwind\n|upkeep\n|turn|5\n|\n|t:|1769848551\n|move|p2b: Roaring Moon|Acrobatics|p1a: Chi-Yu\n|-damage|p1a: Chi-Yu|20/100\n|move|p2a: Calyrex|Astral Barrage|p1a: Chi-Yu\n|-resisted|p1a: Chi-Yu\n|-damage|p1a: Chi-Yu|0 fnt\n|faint|p1a: Chi-Yu\n|\n|win|ky123456\n|raw|Bonkkknn's rating: 1323 &rarr; <strong>1312</strong><br />(-11 for losing)\n|raw|ky123456's rating: 1499 &rarr; <strong>1510</strong><br />(+11 for winning)\n|l|\u2606Bonkkknn\n|player|p1|\n|l|\u2606ky123456\n|player|p2|\n","uploadtime":1769848820,"views":12,"formatid":"gen9vgc2026regi","rating":1312,"private":0,"password":null}