{"id":"gen9vgc2026regi-2559942727","format":"[Gen 9] VGC 2026 Reg I","players":["Mentalsyndrome","sleemo2"],"log":"|j|\u2606Mentalsyndrome\n|j|\u2606sleemo2\n|t:|1773626597\n|gametype|doubles\n|player|p1|Mentalsyndrome|265|1411\n|player|p2|sleemo2|acetrainerf|1554\n|gen|9\n|tier|[Gen 9] VGC 2026 Reg I\n|rated|\n|rule|Species Clause: Limit one of each Pok\u00e9mon\n|rule|Item Clause: Limit 1 of each item\n|clearpoke\n|poke|p1|Bastiodon, L50, F|\n|poke|p1|Miraidon, L50|\n|poke|p1|Calyrex-Shadow, L50|\n|poke|p1|Urshifu-*, L50, M|\n|poke|p1|Incineroar, L50, F|\n|poke|p1|Whimsicott, L50, M|\n|poke|p2|Calyrex-Shadow, L50|\n|poke|p2|Zamazenta-*, L50|\n|poke|p2|Whimsicott, L50, F|\n|poke|p2|Amoonguss, L50, F|\n|poke|p2|Chi-Yu, L50|\n|poke|p2|Regieleki, L50|\n|teampreview|4\n|inactive|Battle timer is ON: inactive players will automatically lose when time's up. (requested by Mentalsyndrome)\n|inactive|Mentalsyndrome has 60 seconds left.\n|inactive|sleemo2 has 60 seconds left.\n|\n|t:|1773626636\n|teamsize|p1|4\n|teamsize|p2|4\n|start\n|switch|p1a: Don Buttons|Miraidon, L50|100/100\n|switch|p1b: Don Bastio|Bastiodon, L50, F|100/100\n|switch|p2a: Regieleki|Regieleki, L50|100/100\n|switch|p2b: Calyrex|Calyrex-Shadow, L50|100/100\n|-ability|p2b: Calyrex|As One\n|-ability|p2b: Calyrex|Unnerve\n|-fieldstart|move: Electric Terrain|[from] ability: Hadron Engine|[of] p1a: Don Buttons\n|-enditem|p1b: Don Bastio|Electric Seed\n|-boost|p1b: Don Bastio|def|1|[from] item: Electric Seed\n|turn|1\n|\n|t:|1773626653\n|move|p1b: Don Bastio|Wide Guard|p1b: Don Bastio\n|-singleturn|p1b: Don Bastio|Wide Guard\n|move|p2a: Regieleki|Volt Switch|p1b: Don Bastio\n|-damage|p1b: Don Bastio|45/100\n|\n|t:|1773626658\n|switch|p2a: Whimsicott|Whimsicott, L50, F|100/100|[from] Volt Switch\n|move|p2b: Calyrex|Psychic|p1b: Don Bastio\n|-resisted|p1b: Don Bastio\n|-damage|p1b: Don Bastio|29/100\n|move|p1a: Don Buttons|Electro Drift|p2b: Calyrex\n|-enditem|p2b: Calyrex|Focus Sash\n|-damage|p2b: Calyrex|1/100\n|\n|upkeep\n|turn|2\n|\n|t:|1773626677\n|move|p2b: Calyrex|Astral Barrage|p1a: Don Buttons|[spread] p1a,p1b\n|-damage|p1a: Don Buttons|56/100\n|-damage|p1b: Don Bastio|0 fnt\n|faint|p1b: Don Bastio\n|-ability|p2b: Calyrex|Grim Neigh|boost\n|-boost|p2b: Calyrex|spa|1\n|move|p1a: Don Buttons|Electro Drift|p2a: Whimsicott\n|-resisted|p2a: Whimsicott\n|-damage|p2a: Whimsicott|25/100\n|move|p2a: Whimsicott|Moonblast|p1a: Don Buttons\n|-supereffective|p1a: Don Buttons\n|-damage|p1a: Don Buttons|8/100\n|\n|upkeep\n|\n|t:|1773626680\n|switch|p1b: Don Arrogance|Calyrex-Shadow, L50|100/100\n|-ability|p1b: Don Arrogance|As One\n|-ability|p1b: Don Arrogance|Unnerve\n|turn|3\n|\n|t:|1773626693\n|switch|p1a: Don HateCrime|Whimsicott, L50, M, shiny|100/100\n|move|p1b: Don Arrogance|Protect|p1b: Don Arrogance\n|-singleturn|p1b: Don Arrogance|Protect\n|move|p2a: Whimsicott|Tailwind|p2a: Whimsicott\n|-sidestart|p2: sleemo2|move: Tailwind\n|move|p2b: Calyrex|Astral Barrage|p1a: Don HateCrime|[spread] p1a\n|-activate|p1b: Don Arrogance|move: Protect\n|-damage|p1a: Don HateCrime|15/100\n|\n|upkeep\n|turn|4\n|\n|t:|1773626707\n|-terastallize|p1b: Don Arrogance|Dark\n|move|p2a: Whimsicott|Encore|p1b: Don Arrogance\n|-hint|Since gen 7, Dark is immune to Prankster moves.\n|-immune|p1b: Don Arrogance\n|move|p1a: Don HateCrime|Tailwind|p1a: Don HateCrime\n|-sidestart|p1: Mentalsyndrome|move: Tailwind\n|move|p2b: Calyrex|Astral Barrage|p1a: Don HateCrime|[spread] p1a,p1b\n|-resisted|p1b: Don Arrogance\n|-damage|p1a: Don HateCrime|0 fnt\n|-damage|p1b: Don Arrogance|58/100\n|faint|p1a: Don HateCrime\n|-ability|p2b: Calyrex|Grim Neigh|boost\n|-boost|p2b: Calyrex|spa|1\n|move|p1b: Don Arrogance|Astral Barrage|p2a: Whimsicott|[spread] p2a,p2b\n|-supereffective|p2b: Calyrex\n|-damage|p2a: Whimsicott|0 fnt\n|-damage|p2b: Calyrex|0 fnt\n|faint|p2a: Whimsicott\n|faint|p2b: Calyrex\n|-ability|p1b: Don Arrogance|Grim Neigh|boost\n|-boost|p1b: Don Arrogance|spa|2\n|-damage|p1b: Don Arrogance|48/100|[from] item: Life Orb\n|\n|upkeep\n|\n|t:|1773626714\n|switch|p2b: Chi-Yu|Chi-Yu, L50|100/100\n|switch|p1a: Don Buttons|Miraidon, L50|8/100\n|switch|p2a: Regieleki|Regieleki, L50|100/100\n|-ability|p2b: Chi-Yu|Beads of Ruin\n|-activate|p1a: Don Buttons|ability: Hadron Engine\n|turn|5\n|\n|t:|1773626720\n|move|p1b: Don Arrogance|Protect|p1b: Don Arrogance\n|-singleturn|p1b: Don Arrogance|Protect\n|move|p2b: Chi-Yu|Dark Pulse|p1a: Don Buttons\n|-damage|p1a: Don Buttons|0 fnt\n|faint|p1a: Don Buttons\n|move|p2a: Regieleki|Thunderbolt|p1b: Don Arrogance\n|-activate|p1b: Don Arrogance|move: Protect\n|\n|-fieldend|move: Electric Terrain\n|upkeep\n|turn|6\n|-message|Mentalsyndrome forfeited.\n|\n|win|sleemo2\n|raw|Mentalsyndrome's rating: 1411 &rarr; <strong>1399</strong><br />(-12 for losing)\n|raw|sleemo2's rating: 1554 &rarr; <strong>1566</strong><br />(+12 for winning)\n|l|\u2606Mentalsyndrome\n|player|p1|\n|l|\u2606sleemo2\n|player|p2|\n","uploadtime":1773626929,"views":11,"formatid":"gen9vgc2026regi","rating":1399,"private":0,"password":null}