{"id":"gen9vgc2026regi-2530007159","format":"[Gen 9] VGC 2026 Reg I","players":["pzyxhic","blackred123"],"log":"|j|\u2606pzyxhic\n|j|\u2606blackred123\n|t:|1769862819\n|gametype|doubles\n|player|p1|pzyxhic|265|1471\n|player|p2|blackred123|iono-masters|1413\n|gen|9\n|tier|[Gen 9] VGC 2026 Reg I\n|rated|\n|rule|Species Clause: Limit one of each Pok\u00e9mon\n|rule|Item Clause: Limit 1 of each item\n|clearpoke\n|poke|p1|Calyrex-Shadow, L50|\n|poke|p1|Incineroar, L50, F|\n|poke|p1|Whimsicott, L50, F|\n|poke|p1|Urshifu-*, L50, F|\n|poke|p1|Farigiraf, L50, F|\n|poke|p1|Dialga-Origin, L50|\n|poke|p2|Calyrex-Shadow, L50|\n|poke|p2|Koraidon, L50|\n|poke|p2|Flutter Mane, L50|\n|poke|p2|Incineroar, L50, F|\n|poke|p2|Raging Bolt, L50|\n|poke|p2|Tornadus, L50, M|\n|teampreview|4\n|inactive|Battle timer is ON: inactive players will automatically lose when time's up. (requested by blackred123)\n|inactive|pzyxhic has 60 seconds left.\n|\n|t:|1769862860\n|teamsize|p1|4\n|teamsize|p2|4\n|start\n|switch|p1a: Calyrex|Calyrex-Shadow, L50|100/100\n|switch|p1b: Incineroar|Incineroar, L50, F|100/100\n|switch|p2a: \u6211\u8fd1\u89c6|Calyrex-Shadow, L50|100/100\n|switch|p2b: \u6536\u957f\u5934\u53d1\uff5e|Flutter Mane, L50|100/100\n|-ability|p1a: Calyrex|As One\n|-ability|p1a: Calyrex|Unnerve\n|-ability|p2a: \u6211\u8fd1\u89c6|As One\n|-ability|p2a: \u6211\u8fd1\u89c6|Unnerve\n|-ability|p1b: Incineroar|Intimidate|boost\n|-unboost|p2a: \u6211\u8fd1\u89c6|atk|1\n|-unboost|p2b: \u6536\u957f\u5934\u53d1\uff5e|atk|1\n|turn|1\n|inactive|pzyxhic has 30 seconds left.\n|inactive|pzyxhic has 20 seconds left.\n|inactive|pzyxhic has 15 seconds left.\n|\n|t:|1769862903\n|switch|p2a: \u56fa\u5927\u5305\u52d2|Koraidon, L50|100/100\n|-weather|SunnyDay|[from] ability: Orichalcum Pulse|[of] p2a: \u56fa\u5927\u5305\u52d2\n|-activate|p2b: \u6536\u957f\u5934\u53d1\uff5e|ability: Protosynthesis\n|-start|p2b: \u6536\u957f\u5934\u53d1\uff5e|protosynthesisspe\n|-activate|p2a: \u56fa\u5927\u5305\u52d2|Orichalcum Pulse|[source]\n|-terastallize|p1a: Calyrex|Ghost\n|move|p1b: Incineroar|Fake Out|p2a: \u56fa\u5927\u5305\u52d2\n|-damage|p2a: \u56fa\u5927\u5305\u52d2|90/100\n|move|p1a: Calyrex|Astral Barrage|p2a: \u56fa\u5927\u5305\u52d2|[spread] p2a,p2b\n|-supereffective|p2b: \u6536\u957f\u5934\u53d1\uff5e\n|-damage|p2a: \u56fa\u5927\u5305\u52d2|12/100\n|-enditem|p2b: \u6536\u957f\u5934\u53d1\uff5e|Focus Sash\n|-damage|p2b: \u6536\u957f\u5934\u53d1\uff5e|1/100\n|move|p2b: \u6536\u957f\u5934\u53d1\uff5e|Shadow Ball|p1a: Calyrex\n|-supereffective|p1a: Calyrex\n|-damage|p1a: Calyrex|14/100\n|\n|-weather|SunnyDay|[upkeep]\n|upkeep\n|turn|2\n|inactive|pzyxhic has 30 seconds left.\n|inactive|blackred123 has 30 seconds left.\n|inactive|blackred123 has 20 seconds left.\n|inactive|blackred123 has 15 seconds left.\n|inactive|blackred123 has 10 seconds left.\n|inactive|pzyxhic has 20 seconds left.\n|\n|t:|1769862955\n|switch|p1b: Whimsicott|Whimsicott, L50, F|100/100\n|-terastallize|p2b: \u6536\u957f\u5934\u53d1\uff5e|Normal\n|move|p2a: \u56fa\u5927\u5305\u52d2|Protect|p2a: \u56fa\u5927\u5305\u52d2\n|-singleturn|p2a: \u56fa\u5927\u5305\u52d2|Protect\n|move|p1a: Calyrex|Astral Barrage|p2b: \u6536\u957f\u5934\u53d1\uff5e|[spread] \n|-activate|p2a: \u56fa\u5927\u5305\u52d2|move: Protect\n|-immune|p2b: \u6536\u957f\u5934\u53d1\uff5e\n|move|p2b: \u6536\u957f\u5934\u53d1\uff5e|Shadow Ball|p1a: Calyrex\n|-supereffective|p1a: Calyrex\n|-damage|p1a: Calyrex|0 fnt\n|faint|p1a: Calyrex\n|\n|-weather|SunnyDay|[upkeep]\n|upkeep\n|\n|t:|1769862974\n|switch|p1a: Dialga|Dialga-Origin, L50|100/100\n|-ability|p1a: Dialga|Pressure\n|turn|3\n|\n|t:|1769862994\n|move|p1b: Whimsicott|Tailwind|p1b: Whimsicott\n|-sidestart|p1: pzyxhic|move: Tailwind\n|move|p2b: \u6536\u957f\u5934\u53d1\uff5e|Moonblast|p1a: Dialga\n|-damage|p1a: Dialga|64/100\n|move|p1a: Dialga|Flash Cannon|p2a: \u56fa\u5927\u5305\u52d2\n|-damage|p2a: \u56fa\u5927\u5305\u52d2|0 fnt\n|faint|p2a: \u56fa\u5927\u5305\u52d2\n|\n|-weather|SunnyDay|[upkeep]\n|upkeep\n|\n|t:|1769863005\n|switch|p2a: Tornadus|Tornadus, L50, M, shiny|100/100\n|turn|4\n|\n|t:|1769863019\n|move|p1b: Whimsicott|Encore||[still]\n|-fail|p1b: Whimsicott\n|move|p2a: Tornadus|Tailwind|p2a: Tornadus\n|-sidestart|p2: blackred123|move: Tailwind\n|move|p2b: \u6536\u957f\u5934\u53d1\uff5e|Moonblast|p1a: Dialga\n|-damage|p1a: Dialga|23/100\n|move|p1a: Dialga|Flash Cannon|p2b: \u6536\u957f\u5934\u53d1\uff5e\n|-damage|p2b: \u6536\u957f\u5934\u53d1\uff5e|0 fnt\n|faint|p2b: \u6536\u957f\u5934\u53d1\uff5e\n|-end|p2b: \u6536\u957f\u5934\u53d1\uff5e|Protosynthesis|[silent]\n|\n|-weather|SunnyDay|[upkeep]\n|upkeep\n|\n|t:|1769863028\n|switch|p2b: \u6211\u8fd1\u89c6|Calyrex-Shadow, L50|100/100\n|-ability|p2b: \u6211\u8fd1\u89c6|As One\n|-ability|p2b: \u6211\u8fd1\u89c6|Unnerve\n|turn|5\n|\n|t:|1769863051\n|switch|p1a: Incineroar|Incineroar, L50, F|100/100\n|-ability|p1a: Incineroar|Intimidate|boost\n|-unboost|p2a: Tornadus|atk|1\n|-unboost|p2b: \u6211\u8fd1\u89c6|atk|1\n|move|p1b: Whimsicott|Encore|p2a: Tornadus\n|-start|p2a: Tornadus|Encore\n|-enditem|p2a: Tornadus|Mental Herb\n|-end|p2a: Tornadus|Encore\n|move|p2b: \u6211\u8fd1\u89c6|Astral Barrage|p1a: Incineroar|[spread] p1a,p1b\n|-resisted|p1a: Incineroar\n|-damage|p1a: Incineroar|78/100\n|-damage|p1b: Whimsicott|14/100\n|move|p2a: Tornadus|Bleakwind Storm|p1b: Whimsicott|[spread] p1a,p1b\n|-supereffective|p1b: Whimsicott\n|-damage|p1a: Incineroar|57/100\n|-damage|p1b: Whimsicott|0 fnt\n|faint|p1b: Whimsicott\n|\n|-weather|none\n|upkeep\n|\n|t:|1769863069\n|switch|p1b: Dialga|Dialga-Origin, L50|23/100\n|-ability|p1b: Dialga|Pressure\n|turn|6\n|\n|t:|1769863089\n|move|p2b: \u6211\u8fd1\u89c6|Astral Barrage|p1a: Incineroar|[spread] p1a,p1b\n|-resisted|p1a: Incineroar\n|-damage|p1a: Incineroar|34/100\n|-damage|p1b: Dialga|0 fnt\n|faint|p1b: Dialga\n|-ability|p2b: \u6211\u8fd1\u89c6|Grim Neigh|boost\n|-boost|p2b: \u6211\u8fd1\u89c6|spa|1\n|move|p2a: Tornadus|Bleakwind Storm|p1a: Incineroar\n|-damage|p1a: Incineroar|7/100\n|move|p1a: Incineroar|Knock Off|p2b: \u6211\u8fd1\u89c6\n|-supereffective|p2b: \u6211\u8fd1\u89c6\n|-damage|p2b: \u6211\u8fd1\u89c6|0 fnt\n|-enditem|p2b: \u6211\u8fd1\u89c6|Choice Specs|[from] move: Knock Off|[of] p1a: Incineroar\n|faint|p2b: \u6211\u8fd1\u89c6\n|\n|-sideend|p1: pzyxhic|move: Tailwind\n|upkeep\n|turn|7\n|\n|t:|1769863111\n|move|p2a: Tornadus|Bleakwind Storm|p1a: Incineroar\n|-damage|p1a: Incineroar|0 fnt\n|faint|p1a: Incineroar\n|\n|win|blackred123\n|raw|pzyxhic's rating: 1471 &rarr; <strong>1448</strong><br />(-23 for losing)\n|raw|blackred123's rating: 1413 &rarr; <strong>1436</strong><br />(+23 for winning)\n|l|\u2606pzyxhic\n|player|p1|\n|l|\u2606blackred123\n|player|p2|\n","uploadtime":1769863298,"views":21,"formatid":"gen9vgc2026regi","rating":1436,"private":0,"password":null}