{"id":"gen9vgc2026regi-2578089684","format":"[Gen 9] VGC 2026 Reg I","players":["sukaww","rkmu"],"log":"|j|\u2606sukaww\n|j|\u2606rkmu\n|t:|1775646738\n|gametype|doubles\n|player|p1|sukaww|266|1575\n|player|p2|rkmu|lucas|1485\n|gen|9\n|tier|[Gen 9] VGC 2026 Reg I\n|rated|\n|rule|Species Clause: Limit one of each Pok\u00e9mon\n|rule|Item Clause: Limit 1 of each item\n|clearpoke\n|poke|p1|Calyrex-Ice, L50|\n|poke|p1|Miraidon, L50|\n|poke|p1|Iron Hands, L50|\n|poke|p1|Farigiraf, L50, M|\n|poke|p1|Ursaluna-Bloodmoon, L50, M|\n|poke|p1|Torkoal, L50, F|\n|poke|p2|Incineroar, L50, M|\n|poke|p2|Tyranitar, L50, F|\n|poke|p2|Zamazenta-*, L50|\n|poke|p2|Amoonguss, L50, F|\n|poke|p2|Calyrex-Shadow, L50|\n|poke|p2|Araquanid, L50, F|\n|teampreview|4\n|inactive|Battle timer is ON: inactive players will automatically lose when time's up. (requested by sukaww)\n|\n|t:|1775646757\n|teamsize|p1|4\n|teamsize|p2|4\n|start\n|switch|p1a: Calyrex|Calyrex-Ice, L50|100/100\n|switch|p1b: Miraidon|Miraidon, L50|100/100\n|switch|p2a: Tyranitar|Tyranitar, L50, F|100/100\n|switch|p2b: Calyrex|Calyrex-Shadow, L50|100/100\n|-ability|p2b: Calyrex|As One\n|-ability|p2b: Calyrex|Unnerve\n|-ability|p1a: Calyrex|As One\n|-ability|p1a: Calyrex|Unnerve\n|-fieldstart|move: Electric Terrain|[from] ability: Hadron Engine|[of] p1b: Miraidon\n|-weather|Sandstorm|[from] ability: Sand Stream|[of] p2a: Tyranitar\n|turn|1\n|\n|t:|1775646774\n|-terastallize|p1a: Calyrex|Dragon\n|move|p1b: Miraidon|Volt Switch|p2b: Calyrex\n|-damage|p2b: Calyrex|30/100\n|\n|t:|1775646778\n|switch|p1b: Iron Hands|Iron Hands, L50|100/100|[from] Volt Switch\n|-activate|p1b: Iron Hands|ability: Quark Drive\n|-start|p1b: Iron Hands|quarkdriveatk\n|move|p2b: Calyrex|Astral Barrage|p1b: Iron Hands|[spread] p1a,p1b\n|-damage|p1a: Calyrex|62/100\n|-damage|p1b: Iron Hands|72/100\n|move|p2a: Tyranitar|Knock Off|p1a: Calyrex\n|-damage|p1a: Calyrex|30/100\n|-enditem|p1a: Calyrex|Clear Amulet|[from] move: Knock Off|[of] p2a: Tyranitar\n|move|p1a: Calyrex|Trick Room|p1a: Calyrex\n|-fieldstart|move: Trick Room|[of] p1a: Calyrex\n|\n|-weather|Sandstorm|[upkeep]\n|-damage|p1b: Iron Hands|66/100|[from] Sandstorm\n|-damage|p1a: Calyrex|25/100|[from] Sandstorm\n|-damage|p2b: Calyrex|24/100|[from] Sandstorm\n|upkeep\n|turn|2\n|j| CrazyyBoi\n|inactive|rkmu has 30 seconds left.\n|inactive|rkmu has 20 seconds left.\n|inactive|rkmu has 15 seconds left.\n|\n|t:|1775646822\n|-terastallize|p2a: Tyranitar|Ghost\n|move|p2b: Calyrex|Protect|p2b: Calyrex\n|-singleturn|p2b: Calyrex|Protect\n|move|p1b: Iron Hands|Drain Punch|p2a: Tyranitar\n|-immune|p2a: Tyranitar\n|move|p1a: Calyrex|Glacial Lance|p2a: Tyranitar|[spread] p2a\n|-activate|p2b: Calyrex|move: Protect\n|-damage|p2a: Tyranitar|57/100\n|move|p2a: Tyranitar|Rock Slide|p1b: Iron Hands|[spread] p1a,p1b\n|-resisted|p1b: Iron Hands\n|-damage|p1a: Calyrex|3/100\n|-damage|p1b: Iron Hands|55/100\n|\n|-weather|Sandstorm|[upkeep]\n|-damage|p1b: Iron Hands|49/100|[from] Sandstorm\n|-damage|p1a: Calyrex|0 fnt|[from] Sandstorm\n|-damage|p2a: Tyranitar|51/100|[from] Sandstorm\n|-damage|p2b: Calyrex|19/100|[from] Sandstorm\n|faint|p1a: Calyrex\n|upkeep\n|\n|t:|1775646837\n|switch|p1a: Torkoal|Torkoal, L50, F|100/100\n|-weather|SunnyDay|[from] ability: Drought|[of] p1a: Torkoal\n|turn|3\n|\n|t:|1775646861\n|move|p1a: Torkoal|Eruption|p2a: Tyranitar|[spread] p2a,p2b\n|-damage|p2a: Tyranitar|0 fnt\n|-damage|p2b: Calyrex|0 fnt\n|faint|p2a: Tyranitar\n|faint|p2b: Calyrex\n|move|p1b: Iron Hands|Wild Charge|p2: Tyranitar|[notarget]\n|-fail|p1b: Iron Hands\n|\n|-weather|SunnyDay|[upkeep]\n|upkeep\n|\n|t:|1775646864\n|switch|p2a: Araquanid|Araquanid, L50, F, shiny|100/100\n|switch|p2b: Zamazenta|Zamazenta-Crowned, L50|100/100\n|-ability|p2b: Zamazenta|Dauntless Shield|boost\n|-boost|p2b: Zamazenta|def|1\n|turn|4\n|\n|t:|1775646878\n|move|p2b: Zamazenta|Wide Guard|p2b: Zamazenta\n|-singleturn|p2b: Zamazenta|Wide Guard\n|move|p1a: Torkoal|Eruption|p2a: Araquanid|[spread] \n|-activate|p2a: Araquanid|move: Wide Guard\n|-activate|p2b: Zamazenta|move: Wide Guard\n|move|p2a: Araquanid|Liquidation|p1a: Torkoal\n|-supereffective|p1a: Torkoal\n|-damage|p1a: Torkoal|33/100\n|-damage|p2a: Araquanid|91/100|[from] item: Life Orb\n|move|p1b: Iron Hands|Wild Charge|p2a: Araquanid\n|-supereffective|p2a: Araquanid\n|-damage|p2a: Araquanid|0 fnt\n|faint|p2a: Araquanid\n|-damage|p1b: Iron Hands|33/100|[from] Recoil\n|\n|-weather|SunnyDay|[upkeep]\n|upkeep\n|turn|5\n|-message|rkmu forfeited.\n|\n|win|sukaww\n|raw|sukaww's rating: 1575 &rarr; <strong>1590</strong><br />(+15 for winning)\n|raw|rkmu's rating: 1485 &rarr; <strong>1470</strong><br />(-15 for losing)\n|l|\u2606rkmu\n|player|p2|\n|l| CrazyyBoi\n|l|\u2606sukaww\n|player|p1|\n","uploadtime":1775647120,"views":12,"formatid":"gen9vgc2026regi","rating":1470,"private":0,"password":null}