{"id":"gen9vgc2026regi-2588827974","format":"[Gen 9] VGC 2026 Reg I","players":["KCLord","Faux Jacques"],"log":"|j|\u2606KCLord\n|j|\u2606Faux Jacques\n|t:|1776675790\n|gametype|doubles\n|player|p1|KCLord|266|1476\n|player|p2|Faux Jacques|266|1478\n|gen|9\n|tier|[Gen 9] VGC 2026 Reg I\n|rated|\n|rule|Species Clause: Limit one of each Pok\u00e9mon\n|rule|Item Clause: Limit 1 of each item\n|clearpoke\n|poke|p1|Zamazenta-*, L50|\n|poke|p1|Chien-Pao, L50|\n|poke|p1|Amoonguss, L50, F|\n|poke|p1|Calyrex-Shadow, L50|\n|poke|p1|Dragonite, L50, M|\n|poke|p1|Raging Bolt, L50|\n|poke|p2|Incineroar, L50, F|\n|poke|p2|Calyrex-Ice, L50|\n|poke|p2|Clefairy, L50, F|\n|poke|p2|Smeargle, L50, M|\n|poke|p2|Miraidon, L50|\n|poke|p2|Hitmontop, L50, M|\n|teampreview|4\n|inactive|Battle timer is ON: inactive players will automatically lose when time's up. (requested by Faux Jacques)\n|inactive|KCLord has 60 seconds left.\n|\n|t:|1776675859\n|teamsize|p1|4\n|teamsize|p2|4\n|start\n|switch|p1a: Dragonite|Dragonite, L50, M|100/100\n|switch|p1b: Chien-Pao|Chien-Pao, L50|100/100\n|switch|p2a: Hitmontop|Hitmontop, L50, M|100/100\n|switch|p2b: Calyrex|Calyrex-Ice, L50|100/100\n|-ability|p2b: Calyrex|As One\n|-ability|p2b: Calyrex|Unnerve\n|-ability|p1b: Chien-Pao|Sword of Ruin\n|-ability|p2a: Hitmontop|Intimidate|boost\n|-fail|p1a: Dragonite|unboost|Attack|[from] ability: Inner Focus|[of] p1a: Dragonite\n|-unboost|p1b: Chien-Pao|atk|1\n|turn|1\n|\n|t:|1776675877\n|switch|p1b: Zamazenta|Zamazenta-Crowned, L50|100/100\n|-ability|p1b: Zamazenta|Dauntless Shield|boost\n|-boost|p1b: Zamazenta|def|1\n|-terastallize|p1a: Dragonite|Normal\n|-terastallize|p2b: Calyrex|Ghost\n|move|p2a: Hitmontop|Fake Out|p1b: Zamazenta\n|-resisted|p1b: Zamazenta\n|-damage|p1b: Zamazenta|98/100\n|move|p1a: Dragonite|Extreme Speed|p2b: Calyrex\n|-immune|p2b: Calyrex\n|move|p2b: Calyrex|Trick Room|p2b: Calyrex\n|-fieldstart|move: Trick Room|[of] p2b: Calyrex\n|\n|upkeep\n|turn|2\n|inactive|KCLord has 30 seconds left.\n|inactive|KCLord has 20 seconds left.\n|\n|t:|1776675913\n|switch|p1b: Chien-Pao|Chien-Pao, L50|100/100\n|-ability|p1b: Chien-Pao|Sword of Ruin\n|move|p1a: Dragonite|Extreme Speed|p2a: Hitmontop\n|-damage|p2a: Hitmontop|0 fnt\n|faint|p2a: Hitmontop\n|move|p2b: Calyrex|High Horsepower|p1b: Chien-Pao\n|-damage|p1b: Chien-Pao|52/100\n|\n|upkeep\n|\n|t:|1776675928\n|switch|p2a: Smeargle|Smeargle, L50, M|100/100\n|turn|3\n|\n|t:|1776675942\n|move|p1a: Dragonite|Extreme Speed|p2a: Smeargle\n|-enditem|p2a: Smeargle|Focus Sash\n|-damage|p2a: Smeargle|1/100\n|move|p2a: Smeargle|Shadow Sneak|p2b: Calyrex\n|-supereffective|p2b: Calyrex\n|-damage|p2b: Calyrex|96/100\n|-enditem|p2b: Calyrex|Weakness Policy\n|-boost|p2b: Calyrex|atk|2|[from] item: Weakness Policy\n|-boost|p2b: Calyrex|spa|2|[from] item: Weakness Policy\n|move|p1b: Chien-Pao|Sucker Punch|p2b: Calyrex\n|-supereffective|p2b: Calyrex\n|-damage|p2b: Calyrex|46/100\n|move|p2b: Calyrex|Glacial Lance|p1b: Chien-Pao|[spread] p1a,p1b\n|-resisted|p1b: Chien-Pao\n|-damage|p1a: Dragonite|0 fnt\n|-damage|p1b: Chien-Pao|0 fnt\n|faint|p1a: Dragonite\n|faint|p1b: Chien-Pao\n|-ability|p2b: Calyrex|Chilling Neigh|boost\n|-boost|p2b: Calyrex|atk|2\n|\n|-ability|p2a: Smeargle|Moody|boost\n|-boost|p2a: Smeargle|spe|2\n|-unboost|p2a: Smeargle|atk|1\n|upkeep\n|\n|t:|1776675966\n|switch|p1a: Zamazenta|Zamazenta-Crowned, L50|98/100\n|switch|p1b: Calyrex|Calyrex-Shadow, L50|100/100\n|-ability|p1b: Calyrex|As One\n|-ability|p1b: Calyrex|Unnerve\n|turn|4\n|inactive|Faux Jacques has 30 seconds left.\n|inactive|Faux Jacques has 20 seconds left.\n|\n|t:|1776676005\n|move|p2b: Calyrex|Protect|p2b: Calyrex\n|-singleturn|p2b: Calyrex|Protect\n|move|p1a: Zamazenta|Protect|p1a: Zamazenta\n|-singleturn|p1a: Zamazenta|Protect\n|move|p1b: Calyrex|Protect|p1b: Calyrex\n|-singleturn|p1b: Calyrex|Protect\n|move|p2a: Smeargle|Shadow Sneak|p1b: Calyrex\n|-activate|p1b: Calyrex|move: Protect\n|\n|-ability|p2a: Smeargle|Moody|boost\n|-boost|p2a: Smeargle|spe|2\n|-unboost|p2a: Smeargle|atk|1\n|upkeep\n|turn|5\n|\n|t:|1776676024\n|move|p2a: Smeargle|Shadow Sneak|p1b: Calyrex\n|-supereffective|p1b: Calyrex\n|-damage|p1b: Calyrex|91/100\n|move|p2b: Calyrex|Glacial Lance|p1a: Zamazenta|[spread] p1a,p1b\n|-resisted|p1a: Zamazenta\n|-crit|p1a: Zamazenta\n|-damage|p1a: Zamazenta|26/100\n|-damage|p1b: Calyrex|0 fnt\n|faint|p1b: Calyrex\n|-ability|p2b: Calyrex|Chilling Neigh|boost\n|-boost|p2b: Calyrex|atk|1\n|move|p1a: Zamazenta|Body Press|p2a: Smeargle\n|-supereffective|p2a: Smeargle\n|-damage|p2a: Smeargle|0 fnt\n|faint|p2a: Smeargle\n|\n|-fieldend|move: Trick Room\n|upkeep\n|-message|KCLord forfeited.\n|\n|win|Faux Jacques\n|raw|KCLord's rating: 1476 &rarr; <strong>1456</strong><br />(-20 for losing)\n|raw|Faux Jacques's rating: 1478 &rarr; <strong>1498</strong><br />(+20 for winning)\n|l|\u2606KCLord\n|player|p1|\n|l|\u2606Faux Jacques\n|player|p2|\n","uploadtime":1776676258,"views":10,"formatid":"gen9vgc2026regi","rating":1456,"private":0,"password":null}