{"id":"gen9vgc2026regi-2523911828","format":"[Gen 9] VGC 2026 Reg I","players":["Fogdocker","renan.tony"],"log":"|j|\u2606Fogdocker\n|j|\u2606renan.tony\n|t:|1769089731\n|gametype|doubles\n|player|p1|Fogdocker|2|1381\n|player|p2|renan.tony|lance|1370\n|gen|9\n|tier|[Gen 9] VGC 2026 Reg I\n|rated|\n|rule|Species Clause: Limit one of each Pok\u00e9mon\n|rule|Item Clause: Limit 1 of each item\n|clearpoke\n|poke|p1|Calyrex-Ice, L50|\n|poke|p1|Kyogre, L50|\n|poke|p1|Urshifu-*, L50, M|\n|poke|p1|Rillaboom, L50, M|\n|poke|p1|Landorus, L50, M|\n|poke|p1|Tornadus, L50, M|\n|poke|p2|Whimsicott, L50, M|\n|poke|p2|Miraidon, L50|\n|poke|p2|Ho-Oh, L50|\n|poke|p2|Chien-Pao, L50|\n|poke|p2|Incineroar, L50, M|\n|poke|p2|Farigiraf, L50, F|\n|teampreview|4\n|\n|t:|1769089823\n|teamsize|p1|4\n|teamsize|p2|4\n|start\n|switch|p1a: Calyrex|Calyrex-Ice, L50|100/100\n|switch|p1b: Rillaboom|Rillaboom, L50, M|100/100\n|switch|p2a: Ho-Oh|Ho-Oh, L50|100/100\n|switch|p2b: Miraidon|Miraidon, L50|100/100\n|-ability|p1a: Calyrex|As One\n|-ability|p1a: Calyrex|Unnerve\n|-fieldstart|move: Electric Terrain|[from] ability: Hadron Engine|[of] p2b: Miraidon\n|-fieldstart|move: Grassy Terrain|[from] ability: Grassy Surge|[of] p1b: Rillaboom\n|turn|1\n|\n|t:|1769089842\n|switch|p2b: Farigiraf|Farigiraf, L50, F|100/100\n|move|p1b: Rillaboom|Fake Out||[still]\n|cant|p2b: Farigiraf|ability: Armor Tail|Fake Out|[of] p1b: Rillaboom\n|move|p2a: Ho-Oh|Sacred Fire|p1a: Calyrex\n|-supereffective|p1a: Calyrex\n|-damage|p1a: Calyrex|13/100\n|-damage|p2a: Ho-Oh|91/100|[from] item: Life Orb\n|move|p1a: Calyrex|Trick Room|p1a: Calyrex\n|-fieldstart|move: Trick Room|[of] p1a: Calyrex\n|\n|-heal|p1a: Calyrex|18/100|[from] Grassy Terrain\n|-heal|p1a: Calyrex|24/100|[from] item: Leftovers\n|upkeep\n|turn|2\n|\n|t:|1769089870\n|move|p1a: Calyrex|Protect|p1a: Calyrex\n|-singleturn|p1a: Calyrex|Protect\n|move|p2b: Farigiraf|Protect|p2b: Farigiraf\n|-singleturn|p2b: Farigiraf|Protect\n|move|p1b: Rillaboom|U-turn|p2b: Farigiraf\n|-activate|p2b: Farigiraf|move: Protect\n|move|p2a: Ho-Oh|Brave Bird|p1a: Calyrex\n|-activate|p1a: Calyrex|move: Protect\n|\n|-heal|p1a: Calyrex|30/100|[from] Grassy Terrain\n|-heal|p1a: Calyrex|36/100|[from] item: Leftovers\n|upkeep\n|turn|3\n|\n|t:|1769089887\n|-terastallize|p1a: Calyrex|Water\n|move|p1a: Calyrex|Glacial Lance|p2b: Farigiraf|[spread] p2a,p2b\n|-damage|p2a: Ho-Oh|41/100\n|-damage|p2b: Farigiraf|56/100\n|move|p2b: Farigiraf|Psychic|p1a: Calyrex\n|-damage|p1a: Calyrex|15/100\n|move|p1b: Rillaboom|U-turn|p2b: Farigiraf\n|-supereffective|p2b: Farigiraf\n|-damage|p2b: Farigiraf|22/100\n|\n|t:|1769089898\n|switch|p1b: Kyogre|Kyogre, L50|100/100|[from] U-turn\n|-weather|RainDance|[from] ability: Drizzle|[of] p1b: Kyogre\n|move|p2a: Ho-Oh|Sacred Fire|p1a: Calyrex\n|-resisted|p1a: Calyrex\n|-crit|p1a: Calyrex\n|-damage|p1a: Calyrex|0 fnt\n|faint|p1a: Calyrex\n|-damage|p2a: Ho-Oh|31/100|[from] item: Life Orb\n|\n|-weather|RainDance|[upkeep]\n|-heal|p2b: Farigiraf|29/100|[from] Grassy Terrain\n|-heal|p2b: Farigiraf|35/100|[from] item: Leftovers\n|upkeep\n|\n|t:|1769089900\n|switch|p1a: Landorus|Landorus, L50, M|100/100\n|turn|4\n|\n|t:|1769089919\n|move|p2b: Farigiraf|Protect|p2b: Farigiraf\n|-singleturn|p2b: Farigiraf|Protect\n|move|p2a: Ho-Oh|Protect|p2a: Ho-Oh\n|-singleturn|p2a: Ho-Oh|Protect\n|move|p1b: Kyogre|Water Spout|p2b: Farigiraf|[spread] \n|-activate|p2a: Ho-Oh|move: Protect\n|-activate|p2b: Farigiraf|move: Protect\n|move|p1a: Landorus|Sandsear Storm|p2b: Farigiraf|[spread] \n|-activate|p2a: Ho-Oh|move: Protect\n|-activate|p2b: Farigiraf|move: Protect\n|\n|-weather|RainDance|[upkeep]\n|-heal|p2b: Farigiraf|41/100|[from] Grassy Terrain\n|-heal|p2b: Farigiraf|47/100|[from] item: Leftovers\n|upkeep\n|turn|5\n|\n|t:|1769089943\n|switch|p2a: Incineroar|Incineroar, L50, M|100/100\n|-ability|p2a: Incineroar|Intimidate|boost\n|-unboost|p1a: Landorus|atk|1\n|-unboost|p1b: Kyogre|atk|1\n|move|p2b: Farigiraf|Psychic|p1a: Landorus\n|-damage|p1a: Landorus|56/100\n|-unboost|p1a: Landorus|spd|1\n|move|p1b: Kyogre|Water Spout|p2a: Incineroar|[spread] p2a,p2b\n|-supereffective|p2a: Incineroar\n|-damage|p2a: Incineroar|0 fnt\n|-damage|p2b: Farigiraf|0 fnt\n|faint|p2a: Incineroar\n|faint|p2b: Farigiraf\n|move|p1a: Landorus|Sandsear Storm|p2: Incineroar|[notarget]\n|-fail|p1a: Landorus\n|\n|-weather|RainDance|[upkeep]\n|-fieldend|move: Trick Room\n|-fieldend|move: Grassy Terrain\n|upkeep\n|\n|t:|1769089959\n|switch|p2a: Ho-Oh|Ho-Oh, L50|64/100\n|switch|p2b: Miraidon|Miraidon, L50|100/100\n|-fieldstart|move: Electric Terrain|[from] ability: Hadron Engine|[of] p2b: Miraidon\n|turn|6\n|\n|t:|1769089977\n|switch|p1b: Rillaboom|Rillaboom, L50, M|100/100\n|-fieldstart|move: Grassy Terrain|[from] ability: Grassy Surge|[of] p1b: Rillaboom\n|-terastallize|p2b: Miraidon|Electric\n|move|p1a: Landorus|Protect|p1a: Landorus\n|-singleturn|p1a: Landorus|Protect\n|move|p2b: Miraidon|Electro Drift|p1b: Rillaboom\n|-resisted|p1b: Rillaboom\n|-damage|p1b: Rillaboom|71/100\n|move|p2a: Ho-Oh|Brave Bird|p1a: Landorus\n|-activate|p1a: Landorus|move: Protect\n|\n|-weather|RainDance|[upkeep]\n|-heal|p1b: Rillaboom|76/100|[from] Grassy Terrain\n|upkeep\n|turn|7\n|\n|t:|1769090005\n|move|p2b: Miraidon|Protect|p2b: Miraidon\n|-singleturn|p2b: Miraidon|Protect\n|move|p1b: Rillaboom|Fake Out|p2b: Miraidon\n|-activate|p2b: Miraidon|move: Protect\n|move|p1a: Landorus|Earth Power|p2b: Miraidon\n|-activate|p2b: Miraidon|move: Protect\n|move|p2a: Ho-Oh|Brave Bird|p1a: Landorus\n|-damage|p1a: Landorus|0 fnt\n|faint|p1a: Landorus\n|-damage|p2a: Ho-Oh|48/100|[from] Recoil\n|-damage|p2a: Ho-Oh|38/100|[from] item: Life Orb\n|\n|-weather|none\n|-heal|p1b: Rillaboom|82/100|[from] Grassy Terrain\n|upkeep\n|\n|t:|1769090009\n|switch|p1a: Kyogre|Kyogre, L50|100/100\n|-weather|RainDance|[from] ability: Drizzle|[of] p1a: Kyogre\n|turn|8\n|\n|t:|1769090023\n|move|p2a: Ho-Oh|Protect|p2a: Ho-Oh\n|-singleturn|p2a: Ho-Oh|Protect\n|move|p1a: Kyogre|Protect|p1a: Kyogre\n|-singleturn|p1a: Kyogre|Protect\n|move|p2b: Miraidon|Parabolic Charge|p1a: Kyogre|[spread] p1b\n|-activate|p2a: Ho-Oh|move: Protect\n|-activate|p1a: Kyogre|move: Protect\n|-resisted|p1b: Rillaboom\n|-damage|p1b: Rillaboom|68/100\n|move|p1b: Rillaboom|Wood Hammer|p2b: Miraidon\n|-damage|p2b: Miraidon|31/100\n|-damage|p1b: Rillaboom|49/100|[from] Recoil\n|\n|-weather|RainDance|[upkeep]\n|-heal|p2b: Miraidon|37/100|[from] Grassy Terrain\n|-heal|p1b: Rillaboom|55/100|[from] Grassy Terrain\n|upkeep\n|turn|9\n|\n|t:|1769090042\n|move|p1b: Rillaboom|Grassy Glide|p2b: Miraidon\n|-crit|p2b: Miraidon\n|-damage|p2b: Miraidon|0 fnt\n|faint|p2b: Miraidon\n|move|p2a: Ho-Oh|Brave Bird|p1b: Rillaboom\n|-supereffective|p1b: Rillaboom\n|-damage|p1b: Rillaboom|0 fnt\n|faint|p1b: Rillaboom\n|-damage|p2a: Ho-Oh|18/100|[from] Recoil\n|-damage|p2a: Ho-Oh|8/100|[from] item: Life Orb\n|move|p1a: Kyogre|Water Spout|p2a: Ho-Oh\n|-supereffective|p2a: Ho-Oh\n|-damage|p2a: Ho-Oh|0 fnt\n|faint|p2a: Ho-Oh\n|\n|win|Fogdocker\n|raw|Fogdocker's rating: 1381 &rarr; <strong>1400</strong><br />(+19 for winning)\n|raw|renan.tony's rating: 1370 &rarr; <strong>1351</strong><br />(-19 for losing)\n|l|\u2606renan.tony\n|player|p2|\n|l|\u2606Fogdocker\n|player|p1|\n","uploadtime":1769090218,"views":19,"formatid":"gen9vgc2026regi","rating":1351,"private":0,"password":null}