{"id":"gen9vgc2026regi-2588028045","format":"[Gen 9] VGC 2026 Reg I","players":["rdbfvrfdgvfv","pigduckeater"],"log":"|j|\u2606rdbfvrfdgvfv\n|j|\u2606pigduckeater\n|t:|1776595031\n|gametype|doubles\n|player|p1|rdbfvrfdgvfv|hilbert-wonderlauncher|1249\n|player|p2|pigduckeater|265|1425\n|gen|9\n|tier|[Gen 9] VGC 2026 Reg I\n|rated|\n|rule|Species Clause: Limit one of each Pok\u00e9mon\n|rule|Item Clause: Limit 1 of each item\n|clearpoke\n|poke|p1|Kingambit, L50, M|\n|poke|p1|Smeargle, L50, M|\n|poke|p1|Ogerpon-Wellspring, L50, F|\n|poke|p1|Skeledirge, L50, M|\n|poke|p1|Farigiraf, L50, F|\n|poke|p1|Flutter Mane, L50|\n|poke|p2|Miraidon, L50|\n|poke|p2|Calyrex-Shadow, L50|\n|poke|p2|Illumise, L50, F|\n|poke|p2|Tsareena, L50, F|\n|poke|p2|Urshifu-*, L50, M|\n|poke|p2|Incineroar, L50, M|\n|teampreview|4\n|inactive|Battle timer is ON: inactive players will automatically lose when time's up. (requested by rdbfvrfdgvfv)\n|inactive|pigduckeater has 60 seconds left.\n|\n|t:|1776595066\n|teamsize|p1|4\n|teamsize|p2|4\n|start\n|switch|p1a: Ogerpon|Ogerpon-Wellspring, L50, F|100/100\n|switch|p1b: Smeargle|Smeargle, L50, M|100/100\n|switch|p2a: Miraidon|Miraidon, L50|100/100\n|switch|p2b: Illumise|Illumise, L50, F|100/100\n|-fieldstart|move: Electric Terrain|[from] ability: Hadron Engine|[of] p2a: Miraidon\n|-enditem|p2b: Illumise|Electric Seed\n|-boost|p2b: Illumise|def|1|[from] item: Electric Seed\n|turn|1\n|inactive|rdbfvrfdgvfv has 30 seconds left.\n|\n|t:|1776595092\n|switch|p1a: Flutter Mane|Flutter Mane, L50|100/100\n|-enditem|p1a: Flutter Mane|Booster Energy\n|-activate|p1a: Flutter Mane|ability: Protosynthesis|[fromitem]\n|-start|p1a: Flutter Mane|protosynthesisspe\n|move|p1b: Smeargle|Fake Out|p2a: Miraidon\n|-damage|p2a: Miraidon|97/100\n|cant|p2a: Miraidon|flinch\n|move|p2b: Illumise|Struggle Bug|p1b: Smeargle|[spread] p1a,p1b\n|-resisted|p1a: Flutter Mane\n|-damage|p1a: Flutter Mane|98/100\n|-damage|p1b: Smeargle|80/100\n|-unboost|p1a: Flutter Mane|spa|1\n|-unboost|p1b: Smeargle|spa|1\n|\n|-ability|p1b: Smeargle|Moody|boost\n|-boost|p1b: Smeargle|def|2\n|-unboost|p1b: Smeargle|spe|1\n|upkeep\n|turn|2\n|\n|t:|1776595113\n|-terastallize|p1a: Flutter Mane|Fairy\n|-terastallize|p2a: Miraidon|Electric\n|move|p2b: Illumise|Tailwind|p2b: Illumise\n|-sidestart|p2: pigduckeater|move: Tailwind\n|move|p2a: Miraidon|Electro Drift|p1a: Flutter Mane\n|-damage|p1a: Flutter Mane|0 fnt\n|faint|p1a: Flutter Mane\n|-end|p1a: Flutter Mane|Protosynthesis|[silent]\n|-damage|p2a: Miraidon|87/100|[from] item: Life Orb\n|move|p1b: Smeargle|Parting Shot|p2a: Miraidon\n|-unboost|p2a: Miraidon|atk|1\n|-unboost|p2a: Miraidon|spa|1\n|\n|t:|1776595125\n|switch|p1b: Kingambit|Kingambit, L50, M, shiny|100/100|[from] Parting Shot\n|\n|upkeep\n|\n|t:|1776595128\n|switch|p1a: Smeargle|Smeargle, L50, M|80/100\n|turn|3\n|\n|t:|1776595135\n|switch|p2a: Tsareena|Tsareena, L50, F|100/100\n|move|p2b: Illumise|Baton Pass|p2b: Illumise\n|\n|t:|1776595138\n|switch|p2b: Miraidon|Miraidon, L50, tera:Electric|87/100|[from] Baton Pass\n|-activate|p2b: Miraidon|ability: Hadron Engine\n|move|p1b: Kingambit|Sucker Punch||[still]\n|cant|p2a: Tsareena|ability: Queenly Majesty|Sucker Punch|[of] p1b: Kingambit\n|move|p1a: Smeargle|Parting Shot|p2a: Tsareena\n|-unboost|p2a: Tsareena|atk|1\n|-unboost|p2a: Tsareena|spa|1\n|\n|t:|1776595149\n|switch|p1a: Ogerpon|Ogerpon-Wellspring, L50, F|100/100|[from] Parting Shot\n|\n|upkeep\n|turn|4\n|\n|t:|1776595167\n|move|p1a: Ogerpon|Follow Me|p1a: Ogerpon\n|-singleturn|p1a: Ogerpon|move: Follow Me\n|move|p2b: Miraidon|Parabolic Charge|p1b: Kingambit|[spread] p2a,p1a,p1b\n|-resisted|p2a: Tsareena\n|-damage|p2a: Tsareena|57/100\n|-heal|p2b: Miraidon|100/100|[from] drain|[of] p2a: Tsareena\n|-damage|p1a: Ogerpon|5/100\n|-damage|p1b: Kingambit|16/100\n|-damage|p2b: Miraidon|91/100|[from] item: Life Orb\n|move|p2a: Tsareena|Power Whip|p1a: Ogerpon\n|-damage|p1a: Ogerpon|0 fnt\n|faint|p1a: Ogerpon\n|move|p1b: Kingambit|Kowtow Cleave|p2b: Miraidon\n|-damage|p2b: Miraidon|61/100\n|\n|upkeep\n|\n|t:|1776595182\n|switch|p1a: Smeargle|Smeargle, L50, M|80/100\n|turn|5\n|\n|t:|1776595202\n|move|p1a: Smeargle|Fake Out||[still]\n|cant|p2a: Tsareena|ability: Queenly Majesty|Fake Out|[of] p1a: Smeargle\n|move|p2b: Miraidon|Parabolic Charge|p1b: Kingambit|[spread] p2a,p1a,p1b\n|-resisted|p2a: Tsareena\n|-damage|p2a: Tsareena|19/100\n|-heal|p2b: Miraidon|78/100|[from] drain|[of] p2a: Tsareena\n|-damage|p1a: Smeargle|0 fnt\n|-heal|p2b: Miraidon|100/100|[from] drain|[of] p1a: Smeargle\n|-damage|p1b: Kingambit|0 fnt\n|faint|p1a: Smeargle\n|faint|p1b: Kingambit\n|-damage|p2b: Miraidon|91/100|[from] item: Life Orb\n|\n|win|pigduckeater\n|raw|rdbfvrfdgvfv's rating: 1249 &rarr; <strong>1236</strong><br />(-13 for losing)\n|raw|pigduckeater's rating: 1425 &rarr; <strong>1436</strong><br />(+11 for winning)\n|l|\u2606pigduckeater\n|player|p2|\n|l|\u2606rdbfvrfdgvfv\n|player|p1|\n","uploadtime":1776595362,"views":6,"formatid":"gen9vgc2026regi","rating":1236,"private":0,"password":null}