{"id":"gen9vgc2026regi-2520569857","format":"[Gen 9] VGC 2026 Reg I","players":["blackred123\u6c38\u96cf\u5854\u83f2\u4fa0","Florisvd"],"log":"|j|\u2606blackred123\u6c38\u96cf\u5854\u83f2\u4fa0\n|j|\u2606Florisvd\n|t:|1768656116\n|gametype|doubles\n|player|p1|blackred123\u6c38\u96cf\u5854\u83f2\u4fa0|iono-masters|1164\n|player|p2|Florisvd|265|1099\n|gen|9\n|tier|[Gen 9] VGC 2026 Reg I\n|rated|\n|rule|Species Clause: Limit one of each Pok\u00e9mon\n|rule|Item Clause: Limit 1 of each item\n|clearpoke\n|poke|p1|Terapagos, L50, M|\n|poke|p1|Smeargle, L50, M|\n|poke|p1|Rillaboom, L50, F|\n|poke|p1|Koraidon, L50|\n|poke|p1|Flutter Mane, L50|\n|poke|p1|Tornadus, L50, M|\n|poke|p2|Lunala, L50|\n|poke|p2|Groudon, L50|\n|poke|p2|Whimsicott, L50, F|\n|poke|p2|Raging Bolt, L50|\n|poke|p2|Entei, L50|\n|poke|p2|Kingambit, L50, M|\n|teampreview|4\n|inactive|Battle timer is ON: inactive players will automatically lose when time's up. (requested by blackred123\u6c38\u96cf\u5854\u83f2\u4fa0)\n|\n|t:|1768656135\n|teamsize|p1|4\n|teamsize|p2|4\n|start\n|switch|p1a: Terapagos|Terapagos, L50, M|100/100\n|switch|p1b: Smeargle|Smeargle, L50, M|100/100\n|switch|p2a: Whimsicott|Whimsicott, L50, F|100/100\n|switch|p2b: Lunala|Lunala, L50|100/100\n|-activate|p1a: Terapagos|ability: Tera Shift\n|detailschange|p1a: Terapagos|Terapagos-Terastal, L50, M\n|-heal|p1a: Terapagos|100/100|[silent]\n|turn|1\n|\n|t:|1768656153\n|switch|p2b: Groudon|Groudon, L50|100/100\n|-weather|SunnyDay|[from] ability: Drought|[of] p2b: Groudon\n|-terastallize|p2a: Whimsicott|Ghost\n|move|p1b: Smeargle|Fake Out|p2a: Whimsicott\n|-immune|p2a: Whimsicott\n|move|p2a: Whimsicott|Tailwind|p2a: Whimsicott\n|-sidestart|p2: Florisvd|move: Tailwind\n|move|p1a: Terapagos|Tera Starstorm|p2a: Whimsicott\n|-immune|p2a: Whimsicott\n|\n|-weather|SunnyDay|[upkeep]\n|-ability|p1b: Smeargle|Moody|boost\n|-boost|p1b: Smeargle|def|2\n|-unboost|p1b: Smeargle|spd|1\n|upkeep\n|turn|2\n|\n|t:|1768656177\n|-terastallize|p1a: Terapagos|Stellar\n|detailschange|p1a: Terapagos|Terapagos-Stellar, L50, M, tera:Stellar\n|-heal|p1a: Terapagos|100/100|[silent]\n|-ability|p1a: Terapagos|Teraform Zero\n|-weather|none\n|move|p2a: Whimsicott|Encore|p1b: Smeargle\n|-start|p1b: Smeargle|Encore\n|move|p2b: Groudon|Heat Crash|p1a: Terapagos\n|-crit|p1a: Terapagos\n|-damage|p1a: Terapagos|50/100\n|move|p1b: Smeargle|Fake Out||[still]\n|-hint|Fake Out only works on your first turn out.\n|-fail|p1b: Smeargle\n|move|p1a: Terapagos|Tera Starstorm|p2b: Groudon|[spread] p2a,p2b\n|-supereffective|p2a: Whimsicott\n|-enditem|p2a: Whimsicott|Focus Sash\n|-damage|p2a: Whimsicott|1/100\n|-damage|p2b: Groudon|60/100\n|\n|-heal|p1a: Terapagos|56/100|[from] item: Leftovers\n|-ability|p1b: Smeargle|Moody|boost\n|-boost|p1b: Smeargle|spa|2\n|-unboost|p1b: Smeargle|def|1\n|upkeep\n|turn|3\n|inactive|Florisvd has 30 seconds left.\n|\n|t:|1768656204\n|switch|p1b: Flutter Mane|Flutter Mane, L50|100/100\n|move|p1a: Terapagos|Protect|p1a: Terapagos\n|-singleturn|p1a: Terapagos|Protect\n|move|p2a: Whimsicott|Endeavor|p1a: Terapagos\n|-activate|p1a: Terapagos|move: Protect\n|move|p2b: Groudon|Rock Slide|p1a: Terapagos|[spread] \n|-activate|p1a: Terapagos|move: Protect\n|-miss|p2b: Groudon|p1b: Flutter Mane\n|\n|-heal|p1a: Terapagos|62/100|[from] item: Leftovers\n|upkeep\n|turn|4\n|\n|t:|1768656225\n|switch|p1a: Koraidon|Koraidon, L50|100/100\n|-weather|SunnyDay|[from] ability: Orichalcum Pulse|[of] p1a: Koraidon\n|-activate|p1b: Flutter Mane|ability: Protosynthesis\n|-start|p1b: Flutter Mane|protosynthesisspe\n|-activate|p1a: Koraidon|Orichalcum Pulse|[source]\n|move|p2a: Whimsicott|Endeavor|p1a: Koraidon\n|-damage|p1a: Koraidon|1/100\n|move|p1b: Flutter Mane|Shadow Ball|p2a: Whimsicott\n|-supereffective|p2a: Whimsicott\n|-damage|p2a: Whimsicott|0 fnt\n|faint|p2a: Whimsicott\n|move|p2b: Groudon|Heat Crash|p1a: Koraidon\n|-resisted|p1a: Koraidon\n|-damage|p1a: Koraidon|0 fnt\n|faint|p1a: Koraidon\n|\n|-weather|SunnyDay|[upkeep]\n|-sideend|p2: Florisvd|move: Tailwind\n|upkeep\n|\n|t:|1768656244\n|switch|p1a: Terapagos|Terapagos-Stellar, L50, M, tera:Stellar|62/100\n|switch|p2a: Lunala|Lunala, L50|100/100\n|turn|5\n|\n|t:|1768656258\n|move|p2a: Lunala|Wide Guard|p2a: Lunala\n|-singleturn|p2a: Lunala|Wide Guard\n|move|p1b: Flutter Mane|Shadow Ball|p2a: Lunala\n|-supereffective|p2a: Lunala\n|-damage|p2a: Lunala|2/100\n|move|p2b: Groudon|Precipice Blades|p1a: Terapagos|[spread] p1a,p1b\n|-damage|p1a: Terapagos|27/100\n|-damage|p1b: Flutter Mane|0 fnt\n|faint|p1b: Flutter Mane\n|-end|p1b: Flutter Mane|Protosynthesis|[silent]\n|move|p1a: Terapagos|Tera Starstorm|p2a: Lunala|[spread] \n|-activate|p2a: Lunala|move: Wide Guard\n|-activate|p2b: Groudon|move: Wide Guard\n|\n|-weather|SunnyDay|[upkeep]\n|-heal|p1a: Terapagos|33/100|[from] item: Leftovers\n|upkeep\n|\n|t:|1768656261\n|switch|p1b: Smeargle|Smeargle, L50, M|100/100\n|turn|6\n|\n|t:|1768656285\n|move|p1a: Terapagos|Protect|p1a: Terapagos\n|-singleturn|p1a: Terapagos|Protect\n|move|p2a: Lunala|Wide Guard|p2a: Lunala\n|-singleturn|p2a: Lunala|Wide Guard\n|move|p1b: Smeargle|Spore|p2b: Groudon\n|-status|p2b: Groudon|slp|[from] move: Spore\n|cant|p2b: Groudon|slp\n|\n|-weather|SunnyDay|[upkeep]\n|-heal|p1a: Terapagos|39/100|[from] item: Leftovers\n|-ability|p1b: Smeargle|Moody|boost\n|-boost|p1b: Smeargle|spa|2\n|-unboost|p1b: Smeargle|atk|1\n|upkeep\n|turn|7\n|\n|t:|1768656307\n|switch|p2a: Entei|Entei, L50|100/100\n|move|p1b: Smeargle|Follow Me|p1b: Smeargle\n|-singleturn|p1b: Smeargle|move: Follow Me\n|-curestatus|p2b: Groudon|slp|[msg]\n|move|p2b: Groudon|Heat Crash|p1b: Smeargle\n|-enditem|p1b: Smeargle|Focus Sash\n|-damage|p1b: Smeargle|1/100\n|move|p1a: Terapagos|Tera Starstorm|p2b: Groudon|[spread] p2a,p2b\n|-damage|p2a: Entei|51/100\n|-damage|p2b: Groudon|23/100\n|\n|-weather|SunnyDay|[upkeep]\n|-heal|p1a: Terapagos|45/100|[from] item: Leftovers\n|-ability|p1b: Smeargle|Moody|boost\n|-boost|p1b: Smeargle|def|2\n|-unboost|p1b: Smeargle|atk|1\n|upkeep\n|turn|8\n|inactive|Florisvd has 30 seconds left.\n|\n|t:|1768656333\n|move|p2a: Entei|Extreme Speed|p1b: Smeargle\n|-damage|p1b: Smeargle|0 fnt\n|faint|p1b: Smeargle\n|move|p2b: Groudon|Heat Crash|p1a: Terapagos\n|-damage|p1a: Terapagos|0 fnt\n|faint|p1a: Terapagos\n|detailschange|p1: Terapagos|Terapagos, L50, M|[silent]\n|\n|win|Florisvd\n|raw|blackred123\u6c38\u96cf\u5854\u83f2\u4fa0's rating: 1164 &rarr; <strong>1134</strong><br />(-30 for losing)\n|raw|Florisvd's rating: 1099 &rarr; <strong>1129</strong><br />(+30 for winning)\n|l|\u2606blackred123\u6c38\u96cf\u5854\u83f2\u4fa0\n|player|p1|\n|l|\u2606Florisvd\n|player|p2|\n","uploadtime":1768656733,"views":15,"formatid":"gen9vgc2026regi","rating":1129,"private":0,"password":null}