{"id":"gen9vgc2026regi-2516512232","format":"[Gen 9] VGC 2026 Reg I","players":["KinimaP","Cello L."],"log":"|j|\u2606KinimaP\n|j|\u2606Cello L.\n|t:|1768150523\n|gametype|doubles\n|player|p1|KinimaP|1|1158\n|player|p2|Cello L.|cynthia-gen4|1412\n|gen|9\n|tier|[Gen 9] VGC 2026 Reg I\n|rated|\n|rule|Species Clause: Limit one of each Pok\u00e9mon\n|rule|Item Clause: Limit 1 of each item\n|clearpoke\n|poke|p1|Kyogre, L50|\n|poke|p1|Calyrex-Ice, L50|\n|poke|p1|Incineroar, L50, M|\n|poke|p1|Rillaboom, L50, F|\n|poke|p1|Amoonguss, L50, F|\n|poke|p1|Urshifu-*, L50, F|\n|poke|p2|Calyrex-Shadow, L50|\n|poke|p2|Zamazenta-*, L50|\n|poke|p2|Chien-Pao, L50|\n|poke|p2|Dragonite, L50, M|\n|poke|p2|Raging Bolt, L50|\n|poke|p2|Amoonguss, L50, F|\n|teampreview|4\n|\n|t:|1768150543\n|teamsize|p1|4\n|teamsize|p2|4\n|start\n|switch|p1a: Calyrex|Calyrex-Ice, L50|100/100\n|switch|p1b: Amoonguss|Amoonguss, L50, F|100/100\n|switch|p2a: Zamazenta|Zamazenta-Crowned, L50|100/100\n|switch|p2b: Amoonguss|Amoonguss, L50, F|100/100\n|-ability|p1a: Calyrex|As One\n|-ability|p1a: Calyrex|Unnerve\n|-ability|p2a: Zamazenta|Dauntless Shield|boost\n|-boost|p2a: Zamazenta|def|1\n|turn|1\n|\n|t:|1768150566\n|move|p2a: Zamazenta|Wide Guard|p2a: Zamazenta\n|-singleturn|p2a: Zamazenta|Wide Guard\n|move|p1b: Amoonguss|Rage Powder|p1b: Amoonguss\n|-singleturn|p1b: Amoonguss|move: Rage Powder\n|move|p1a: Calyrex|Leech Seed|p2a: Zamazenta|[miss]\n|-miss|p1a: Calyrex|p2a: Zamazenta\n|move|p2b: Amoonguss|Spore|p1a: Calyrex\n|-status|p1a: Calyrex|slp|[from] move: Spore\n|\n|upkeep\n|turn|2\n|\n|t:|1768150595\n|switch|p2b: Chien-Pao|Chien-Pao, L50|100/100\n|-ability|p2b: Chien-Pao|Sword of Ruin\n|-terastallize|p1a: Calyrex|Fairy\n|move|p2a: Zamazenta|Protect|p2a: Zamazenta\n|-singleturn|p2a: Zamazenta|Protect\n|cant|p1a: Calyrex|slp\n|move|p1b: Amoonguss|Spore|p2a: Zamazenta\n|-activate|p2a: Zamazenta|move: Protect\n|\n|upkeep\n|turn|3\n|\n|t:|1768150613\n|switch|p1b: Incineroar|Incineroar, L50, M|100/100\n|-ability|p1b: Incineroar|Intimidate|boost\n|-unboost|p2a: Zamazenta|atk|1\n|-unboost|p2b: Chien-Pao|atk|1\n|move|p2b: Chien-Pao|Ice Spinner|p1b: Incineroar\n|-resisted|p1b: Incineroar\n|-damage|p1b: Incineroar|87/100\n|move|p2a: Zamazenta|Heavy Slam|p1b: Incineroar\n|-resisted|p1b: Incineroar\n|-damage|p1b: Incineroar|65/100\n|-curestatus|p1a: Calyrex|slp|[msg]\n|move|p1a: Calyrex|Leech Seed|p2a: Zamazenta\n|-start|p2a: Zamazenta|move: Leech Seed\n|\n|-damage|p2a: Zamazenta|88/100|[from] Leech Seed|[of] p1a: Calyrex\n|upkeep\n|turn|4\n|\n|t:|1768150641\n|switch|p1b: Amoonguss|Amoonguss, L50, F|100/100\n|move|p2b: Chien-Pao|Ruination|p1a: Calyrex\n|-damage|p1a: Calyrex|51/100\n|move|p2a: Zamazenta|Heavy Slam|p1a: Calyrex\n|-supereffective|p1a: Calyrex\n|-damage|p1a: Calyrex|30/100\n|move|p1a: Calyrex|Trick Room|p1a: Calyrex\n|-fieldstart|move: Trick Room|[of] p1a: Calyrex\n|\n|-heal|p1a: Calyrex|36/100|[from] item: Leftovers\n|-damage|p2a: Zamazenta|76/100|[from] Leech Seed|[of] p1a: Calyrex\n|-heal|p1a: Calyrex|48/100|[silent]\n|upkeep\n|turn|5\n|\n|t:|1768150662\n|switch|p2b: Amoonguss|Amoonguss, L50, F|100/100\n|move|p2a: Zamazenta|Wide Guard|p2a: Zamazenta\n|-singleturn|p2a: Zamazenta|Wide Guard\n|move|p1b: Amoonguss|Spore|p2b: Amoonguss\n|-immune|p2b: Amoonguss\n|move|p1a: Calyrex|Glacial Lance|p2b: Amoonguss|[spread] \n|-activate|p2a: Zamazenta|move: Wide Guard\n|-activate|p2b: Amoonguss|move: Wide Guard\n|\n|-heal|p1a: Calyrex|54/100|[from] item: Leftovers\n|-damage|p2a: Zamazenta|64/100|[from] Leech Seed|[of] p1a: Calyrex\n|-heal|p1a: Calyrex|65/100|[silent]\n|upkeep\n|turn|6\n|\n|t:|1768150681\n|move|p1a: Calyrex|Protect|p1a: Calyrex\n|-singleturn|p1a: Calyrex|Protect\n|move|p2a: Zamazenta|Wide Guard|p2a: Zamazenta\n|-singleturn|p2a: Zamazenta|Wide Guard\n|move|p2b: Amoonguss|Spore|p1a: Calyrex\n|-activate|p1a: Calyrex|move: Protect\n|move|p1b: Amoonguss|Spore|p2a: Zamazenta\n|-status|p2a: Zamazenta|slp|[from] move: Spore\n|\n|-heal|p1a: Calyrex|71/100|[from] item: Leftovers\n|-damage|p2a: Zamazenta|52/100 slp|[from] Leech Seed|[of] p1a: Calyrex\n|-heal|p1a: Calyrex|83/100|[silent]\n|upkeep\n|turn|7\n|\n|t:|1768150710\n|move|p2b: Amoonguss|Protect|p2b: Amoonguss\n|-singleturn|p2b: Amoonguss|Protect\n|move|p1b: Amoonguss|Spore|p2a: Zamazenta\n|-fail|p2a: Zamazenta|slp\n|move|p1a: Calyrex|Glacial Lance|p2b: Amoonguss|[spread] p2a\n|-activate|p2b: Amoonguss|move: Protect\n|-resisted|p2a: Zamazenta\n|-damage|p2a: Zamazenta|43/100 slp\n|cant|p2a: Zamazenta|slp\n|\n|-heal|p1a: Calyrex|88/100|[from] item: Leftovers\n|-damage|p2a: Zamazenta|30/100 slp|[from] Leech Seed|[of] p1a: Calyrex\n|-heal|p1a: Calyrex|99/100|[silent]\n|upkeep\n|turn|8\n|\n|t:|1768150728\n|switch|p2b: Chien-Pao|Chien-Pao, L50|100/100\n|-ability|p2b: Chien-Pao|Sword of Ruin\n|move|p1a: Calyrex|Protect|p1a: Calyrex\n|-singleturn|p1a: Calyrex|Protect\n|move|p1b: Amoonguss|Spore|p2b: Chien-Pao\n|-status|p2b: Chien-Pao|slp|[from] move: Spore\n|cant|p2a: Zamazenta|slp\n|\n|-heal|p1a: Calyrex|100/100|[from] item: Leftovers\n|-damage|p2a: Zamazenta|18/100 slp|[from] Leech Seed|[of] p1a: Calyrex\n|-fieldend|move: Trick Room\n|upkeep\n|turn|9\n|\n|t:|1768150759\n|-curestatus|p2a: Zamazenta|slp|[msg]\n|move|p2a: Zamazenta|Wide Guard|p2a: Zamazenta\n|-singleturn|p2a: Zamazenta|Wide Guard\n|cant|p2b: Chien-Pao|slp\n|move|p1a: Calyrex|Glacial Lance|p2a: Zamazenta|[spread] \n|-activate|p2a: Zamazenta|move: Wide Guard\n|-activate|p2b: Chien-Pao|move: Wide Guard\n|move|p1b: Amoonguss|Pollen Puff|p2b: Chien-Pao\n|-supereffective|p2b: Chien-Pao\n|-damage|p2b: Chien-Pao|69/100 slp\n|\n|-damage|p2a: Zamazenta|6/100|[from] Leech Seed|[of] p1a: Calyrex\n|upkeep\n|turn|10\n|\n|t:|1768150783\n|switch|p1b: Incineroar|Incineroar, L50, M|65/100\n|-ability|p1b: Incineroar|Intimidate|boost\n|-unboost|p2a: Zamazenta|atk|1\n|-unboost|p2b: Chien-Pao|atk|1\n|move|p2a: Zamazenta|Wide Guard|p2a: Zamazenta\n|-singleturn|p2a: Zamazenta|Wide Guard\n|cant|p2b: Chien-Pao|slp\n|move|p1a: Calyrex|Glacial Lance|p2b: Chien-Pao|[spread] \n|-activate|p2a: Zamazenta|move: Wide Guard\n|-activate|p2b: Chien-Pao|move: Wide Guard\n|\n|-damage|p2a: Zamazenta|0 fnt|[from] Leech Seed|[of] p1a: Calyrex\n|faint|p2a: Zamazenta\n|upkeep\n|\n|t:|1768150797\n|switch|p2a: Calyrex|Calyrex-Shadow, L50|100/100\n|-ability|p2a: Calyrex|As One\n|-ability|p2a: Calyrex|Unnerve\n|turn|11\n|\n|t:|1768150824\n|switch|p1b: Kyogre|Kyogre, L50|100/100\n|-weather|RainDance|[from] ability: Drizzle|[of] p1b: Kyogre\n|-terastallize|p2a: Calyrex|Ghost\n|move|p2a: Calyrex|Astral Barrage|p1a: Calyrex|[spread] p1a,p1b\n|-damage|p1a: Calyrex|53/100\n|-damage|p1b: Kyogre|67/100\n|-curestatus|p2b: Chien-Pao|slp|[msg]\n|move|p2b: Chien-Pao|Ice Spinner|p1b: Kyogre\n|-resisted|p1b: Kyogre\n|-damage|p1b: Kyogre|55/100\n|move|p1a: Calyrex|Trick Room|p1a: Calyrex\n|-fieldstart|move: Trick Room|[of] p1a: Calyrex\n|\n|-weather|RainDance|[upkeep]\n|-heal|p1a: Calyrex|59/100|[from] item: Leftovers\n|upkeep\n|turn|12\n|\n|t:|1768150849\n|move|p2a: Calyrex|Protect|p2a: Calyrex\n|-singleturn|p2a: Calyrex|Protect\n|move|p1a: Calyrex|Glacial Lance|p2b: Chien-Pao|[spread] p2b\n|-activate|p2a: Calyrex|move: Protect\n|-resisted|p2b: Chien-Pao\n|-damage|p2b: Chien-Pao|37/100\n|move|p1b: Kyogre|Water Spout|p2b: Chien-Pao|[spread] p2b\n|-activate|p2a: Calyrex|move: Protect\n|-damage|p2b: Chien-Pao|0 fnt\n|faint|p2b: Chien-Pao\n|\n|-weather|RainDance|[upkeep]\n|-heal|p1a: Calyrex|65/100|[from] item: Leftovers\n|upkeep\n|\n|t:|1768150862\n|switch|p2b: Amoonguss|Amoonguss, L50, F|100/100\n|turn|13\n|\n|t:|1768150900\n|move|p2b: Amoonguss|Spore|p1b: Kyogre\n|-status|p1b: Kyogre|slp|[from] move: Spore\n|move|p1a: Calyrex|Glacial Lance|p2a: Calyrex|[spread] p2a,p2b\n|-supereffective|p2b: Amoonguss\n|-damage|p2a: Calyrex|37/100\n|-damage|p2b: Amoonguss|7/100\n|cant|p1b: Kyogre|slp\n|move|p2a: Calyrex|Astral Barrage|p1a: Calyrex|[spread] p1a,p1b\n|-damage|p1a: Calyrex|24/100\n|-damage|p1b: Kyogre|22/100 slp\n|\n|-weather|RainDance|[upkeep]\n|-heal|p1a: Calyrex|30/100|[from] item: Leftovers\n|upkeep\n|turn|14\n|inactive|Battle timer is ON: inactive players will automatically lose when time's up. (requested by Cello L.)\n|\n|t:|1768150921\n|move|p1a: Calyrex|Protect|p1a: Calyrex\n|-singleturn|p1a: Calyrex|Protect\n|move|p2b: Amoonguss|Spore|p1a: Calyrex\n|-activate|p1a: Calyrex|move: Protect\n|cant|p1b: Kyogre|slp\n|move|p2a: Calyrex|Astral Barrage|p1a: Calyrex|[spread] p1b\n|-activate|p1a: Calyrex|move: Protect\n|-damage|p1b: Kyogre|0 fnt\n|faint|p1b: Kyogre\n|-ability|p2a: Calyrex|Grim Neigh|boost\n|-boost|p2a: Calyrex|spa|1\n|\n|-weather|RainDance|[upkeep]\n|-heal|p1a: Calyrex|36/100|[from] item: Leftovers\n|upkeep\n|\n|t:|1768150939\n|switch|p1b: Incineroar|Incineroar, L50, M|65/100\n|-ability|p1b: Incineroar|Intimidate|boost\n|-unboost|p2a: Calyrex|atk|1\n|-unboost|p2b: Amoonguss|atk|1\n|turn|15\n|\n|t:|1768150956\n|move|p2b: Amoonguss|Protect|p2b: Amoonguss\n|-singleturn|p2b: Amoonguss|Protect\n|move|p2a: Calyrex|Protect|p2a: Calyrex\n|-singleturn|p2a: Calyrex|Protect\n|move|p1b: Incineroar|Fake Out|p2b: Amoonguss\n|-activate|p2b: Amoonguss|move: Protect\n|move|p1a: Calyrex|Glacial Lance|p2b: Amoonguss|[spread] \n|-activate|p2a: Calyrex|move: Protect\n|-activate|p2b: Amoonguss|move: Protect\n|\n|-weather|none\n|-heal|p1a: Calyrex|42/100|[from] item: Leftovers\n|-fieldend|move: Trick Room\n|upkeep\n|turn|16\n|inactive|KinimaP has 30 seconds left.\n|inactive|Cello L. has 30 seconds left.\n|inactive|KinimaP has 20 seconds left.\n|inactive|Cello L. has 20 seconds left.\n|inactive|Cello L. has 15 seconds left.\n|\n|t:|1768150997\n|move|p2a: Calyrex|Protect|p2a: Calyrex\n|-singleturn|p2a: Calyrex|Protect\n|move|p1a: Calyrex|Protect|p1a: Calyrex\n|-singleturn|p1a: Calyrex|Protect\n|move|p1b: Incineroar|Knock Off|p2a: Calyrex\n|-activate|p2a: Calyrex|move: Protect\n|move|p2b: Amoonguss|Spore|p1b: Incineroar\n|-status|p1b: Incineroar|slp|[from] move: Spore\n|\n|-heal|p1a: Calyrex|47/100|[from] item: Leftovers\n|upkeep\n|turn|17\n|inactive|Cello L. has 30 seconds left.\n|\n|t:|1768151030\n|switch|p1b: Amoonguss|Amoonguss, L50, F|100/100\n|move|p2a: Calyrex|Astral Barrage|p1a: Calyrex|[spread] p1a,p1b\n|-damage|p1a: Calyrex|0 fnt\n|-damage|p1b: Amoonguss|1/100\n|faint|p1a: Calyrex\n|-ability|p2a: Calyrex|Grim Neigh|boost\n|-boost|p2a: Calyrex|spa|1\n|move|p2b: Amoonguss|Sludge Bomb|p1b: Amoonguss\n|-damage|p1b: Amoonguss|0 fnt\n|faint|p1b: Amoonguss\n|\n|upkeep\n|\n|t:|1768151049\n|switch|p1b: Incineroar|Incineroar, L50, M|65/100 slp\n|-ability|p1b: Incineroar|Intimidate|boost\n|-unboost|p2a: Calyrex|atk|1\n|-unboost|p2b: Amoonguss|atk|1\n|turn|18\n|\n|t:|1768151060\n|move|p2a: Calyrex|Astral Barrage|p1b: Incineroar\n|-resisted|p1b: Incineroar\n|-damage|p1b: Incineroar|0 fnt\n|faint|p1b: Incineroar\n|\n|win|Cello L.\n|raw|KinimaP's rating: 1158 &rarr; <strong>1149</strong><br />(-9 for losing)\n|raw|Cello L.'s rating: 1412 &rarr; <strong>1420</strong><br />(+8 for winning)\n|l|\u2606Cello L.\n|player|p2|\n","uploadtime":1768151084,"views":62,"formatid":"gen9vgc2026regi","rating":1149,"private":0,"password":null}