{"id":"gen9vgc2026regi-2525352441","format":"[Gen 9] VGC 2026 Reg I","players":["i\u2764\u5a1c\u7984forever","pamux9"],"log":"|j|\u2606i\u2764\u5a1c\u7984forever\n|j|\u2606pamux9\n|t:|1769271808\n|gametype|doubles\n|player|p1|i\u2764\u5a1c\u7984forever|youngcouple-gen4dp|1180\n|player|p2|pamux9|hugh|1195\n|gen|9\n|tier|[Gen 9] VGC 2026 Reg I\n|rated|\n|rule|Species Clause: Limit one of each Pok\u00e9mon\n|rule|Item Clause: Limit 1 of each item\n|clearpoke\n|poke|p1|Groudon, L50|\n|poke|p1|Kyurem-White, L50|\n|poke|p1|Sableye, L50, F|\n|poke|p1|Articuno-Galar, L50|\n|poke|p1|Rillaboom, L50, M|\n|poke|p1|Primarina, L50, F|\n|poke|p2|Incineroar, L50, M|\n|poke|p2|Dragonite, L50, F|\n|poke|p2|Raging Bolt, L50|\n|poke|p2|Urshifu-*, L50, F|\n|poke|p2|Amoonguss, L50, M|\n|poke|p2|Rillaboom, L50, F|\n|teampreview|4\n|\n|t:|1769271822\n|teamsize|p1|4\n|teamsize|p2|4\n|start\n|switch|p1a: Sableye|Sableye, L50, F|100/100\n|switch|p1b: Articuno|Articuno-Galar, L50|100/100\n|switch|p2a: Rillaboom|Rillaboom, L50, F|100/100\n|switch|p2b: Incineroar|Incineroar, L50, M, shiny|100/100\n|-fieldstart|move: Grassy Terrain|[from] ability: Grassy Surge|[of] p2a: Rillaboom\n|-ability|p2b: Incineroar|Intimidate|boost\n|-unboost|p1a: Sableye|atk|1\n|-unboost|p1b: Articuno|atk|1\n|-ability|p1b: Articuno|Competitive|boost\n|-boost|p1b: Articuno|spa|2\n|turn|1\n|\n|t:|1769271848\n|move|p1a: Sableye|Fake Out|p2a: Rillaboom\n|-damage|p2a: Rillaboom|95/100\n|-damage|p1a: Sableye|84/100|[from] item: Rocky Helmet|[of] p2a: Rillaboom\n|move|p1b: Articuno|Freezing Glare|p2a: Rillaboom\n|-damage|p2a: Rillaboom|0 fnt\n|faint|p2a: Rillaboom\n|move|p2b: Incineroar|Knock Off|p1b: Articuno\n|-supereffective|p1b: Articuno\n|-crit|p1b: Articuno\n|-enditem|p1b: Articuno|Focus Sash\n|-damage|p1b: Articuno|1/100\n|-damage|p2b: Incineroar|91/100|[from] item: Life Orb\n|\n|-heal|p2b: Incineroar|97/100|[from] Grassy Terrain\n|-heal|p1a: Sableye|90/100|[from] Grassy Terrain\n|upkeep\n|\n|t:|1769271857\n|switch|p2a: Urshifu|Urshifu-Rapid-Strike, L50, F|100/100\n|turn|2\n|\n|t:|1769271874\n|move|p2a: Urshifu|Aqua Jet|p1b: Articuno\n|-damage|p1b: Articuno|0 fnt\n|faint|p1b: Articuno\n|move|p1a: Sableye|Gravity|p1a: Sableye\n|-fieldstart|move: Gravity\n|move|p2b: Incineroar|Knock Off|p1a: Sableye\n|-damage|p1a: Sableye|17/100\n|-enditem|p1a: Sableye|Mental Herb|[from] move: Knock Off|[of] p2b: Incineroar\n|-damage|p2b: Incineroar|87/100|[from] item: Life Orb\n|\n|-heal|p2b: Incineroar|93/100|[from] Grassy Terrain\n|-heal|p1a: Sableye|23/100|[from] Grassy Terrain\n|upkeep\n|\n|t:|1769271880\n|switch|p1b: Groudon|Groudon, L50|100/100\n|-weather|SunnyDay|[from] ability: Drought|[of] p1b: Groudon\n|turn|3\n|\n|t:|1769271898\n|switch|p1a: Kyurem|Kyurem-White, L50|100/100\n|-ability|p1a: Kyurem|Turboblaze\n|-terastallize|p2a: Urshifu|Water\n|move|p2a: Urshifu|Surging Strikes|p1b: Groudon\n|-supereffective|p1b: Groudon\n|-crit|p1b: Groudon\n|-damage|p1b: Groudon|81/100\n|-supereffective|p1b: Groudon\n|-crit|p1b: Groudon\n|-damage|p1b: Groudon|62/100\n|-supereffective|p1b: Groudon\n|-crit|p1b: Groudon\n|-damage|p1b: Groudon|41/100\n|-hitcount|p1b: Groudon|3\n|move|p1b: Groudon|Precipice Blades|p2b: Incineroar|[spread] p2a,p2b\n|-supereffective|p2b: Incineroar\n|-damage|p2a: Urshifu|44/100\n|-damage|p2b: Incineroar|0 fnt\n|faint|p2b: Incineroar\n|\n|-weather|SunnyDay|[upkeep]\n|-heal|p2a: Urshifu|50/100|[from] Grassy Terrain\n|-heal|p1b: Groudon|46/100|[from] Grassy Terrain\n|upkeep\n|\n|t:|1769271915\n|switch|p2b: Raging Bolt|Raging Bolt, L50|100/100\n|-activate|p2b: Raging Bolt|ability: Protosynthesis\n|-start|p2b: Raging Bolt|protosynthesisspa\n|turn|4\n|\n|t:|1769271922\n|-terastallize|p1a: Kyurem|Ghost\n|move|p2b: Raging Bolt|Protect|p2b: Raging Bolt\n|-singleturn|p2b: Raging Bolt|Protect\n|move|p1a: Kyurem|Blizzard|p2b: Raging Bolt|[spread] p2a\n|-activate|p2b: Raging Bolt|move: Protect\n|-resisted|p2a: Urshifu\n|-damage|p2a: Urshifu|10/100\n|move|p2a: Urshifu|Surging Strikes|p1b: Groudon\n|-supereffective|p1b: Groudon\n|-crit|p1b: Groudon\n|-damage|p1b: Groudon|27/100\n|-supereffective|p1b: Groudon\n|-crit|p1b: Groudon\n|-damage|p1b: Groudon|6/100\n|-supereffective|p1b: Groudon\n|-crit|p1b: Groudon\n|-damage|p1b: Groudon|0 fnt\n|faint|p1b: Groudon\n|-hitcount|p1: Groudon|3\n|\n|-weather|SunnyDay|[upkeep]\n|-heal|p2a: Urshifu|16/100|[from] Grassy Terrain\n|upkeep\n|\n|t:|1769271927\n|switch|p1b: Sableye|Sableye, L50, F|23/100\n|turn|5\n|\n|t:|1769271947\n|move|p1b: Sableye|Fake Out|p2b: Raging Bolt\n|-damage|p2b: Raging Bolt|94/100\n|move|p2a: Urshifu|Aqua Jet|p1b: Sableye\n|-damage|p1b: Sableye|0 fnt\n|faint|p1b: Sableye\n|cant|p2b: Raging Bolt|flinch\n|move|p1a: Kyurem|Blizzard|p2b: Raging Bolt|[spread] p2a,p2b\n|-resisted|p2a: Urshifu\n|-supereffective|p2b: Raging Bolt\n|-damage|p2a: Urshifu|0 fnt\n|-damage|p2b: Raging Bolt|4/100\n|faint|p2a: Urshifu\n|\n|-weather|SunnyDay|[upkeep]\n|-heal|p2b: Raging Bolt|10/100|[from] Grassy Terrain\n|-fieldend|move: Grassy Terrain\n|upkeep\n|turn|6\n|\n|t:|1769271961\n|move|p2b: Raging Bolt|Thunderclap|p1a: Kyurem\n|-damage|p1a: Kyurem|56/100\n|move|p1a: Kyurem|Blizzard|p2b: Raging Bolt\n|-supereffective|p2b: Raging Bolt\n|-damage|p2b: Raging Bolt|0 fnt\n|faint|p2b: Raging Bolt\n|-end|p2b: Raging Bolt|Protosynthesis|[silent]\n|\n|win|i\u2764\u5a1c\u7984forever\n|raw|i\u2764\u5a1c\u7984forever's rating: 1180 &rarr; <strong>1206</strong><br />(+26 for winning)\n|raw|pamux9's rating: 1195 &rarr; <strong>1169</strong><br />(-26 for losing)\n|l|\u2606i\u2764\u5a1c\u7984forever\n|player|p1|\n|l|\u2606pamux9\n|player|p2|\n","uploadtime":1769272222,"views":11,"formatid":"gen9vgc2026regi","rating":1169,"private":0,"password":null}