{"id":"gen9vgc2026regi-2535362126","format":"[Gen 9] VGC 2026 Reg I","players":["j0l0k0","dawillys"],"log":"|j|\u2606j0l0k0\n|j|\u2606dawillys\n|t:|1770558299\n|gametype|doubles\n|player|p1|j0l0k0|brycen|1477\n|player|p2|dawillys|102|1403\n|gen|9\n|tier|[Gen 9] VGC 2026 Reg I\n|rated|\n|rule|Species Clause: Limit one of each Pok\u00e9mon\n|rule|Item Clause: Limit 1 of each item\n|clearpoke\n|poke|p1|Calyrex-Ice, L50|\n|poke|p1|Kyogre, L50|\n|poke|p1|Indeedee-F, L50, F|\n|poke|p1|Urshifu-*, L50, F|\n|poke|p1|Amoonguss, L50, F|\n|poke|p1|Landorus, L50, M|\n|poke|p2|Calyrex-Ice, L50|\n|poke|p2|Miraidon, L50|\n|poke|p2|Thundurus, L50, M|\n|poke|p2|Urshifu-*, L50, F|\n|poke|p2|Incineroar, L50, F|\n|poke|p2|Klefki, L50, M|\n|teampreview|4\n|inactive|Battle timer is ON: inactive players will automatically lose when time's up. (requested by j0l0k0)\n|inactive|dawillys has 60 seconds left.\n|\n|t:|1770558349\n|teamsize|p1|4\n|teamsize|p2|4\n|start\n|switch|p1a: Indeedee|Indeedee-F, L50, F, shiny|100/100\n|switch|p1b: Calyrex|Calyrex-Ice, L50|100/100\n|switch|p2a: Thundurus|Thundurus, L50, M|100/100\n|switch|p2b: Klefki|Klefki, L50, M|100/100\n|-ability|p1b: Calyrex|As One\n|-ability|p1b: Calyrex|Unnerve\n|-fieldstart|move: Psychic Terrain|[from] ability: Psychic Surge|[of] p1a: Indeedee\n|turn|1\n|\n|t:|1770558370\n|switch|p2a: Calyrex|Calyrex-Ice, L50|100/100\n|-ability|p2a: Calyrex|As One\n|-ability|p2a: Calyrex|Unnerve\n|move|p2b: Klefki|Reflect|p2b: Klefki\n|-sidestart|p2: dawillys|Reflect\n|move|p1b: Calyrex|Glacial Lance|p2a: Calyrex|[spread] p2a,p2b\n|-resisted|p2a: Calyrex\n|-resisted|p2b: Klefki\n|-damage|p2a: Calyrex|89/100\n|-damage|p2b: Klefki|81/100\n|move|p1a: Indeedee|Trick Room|p1a: Indeedee\n|-fieldstart|move: Trick Room|[of] p1a: Indeedee\n|\n|-heal|p2a: Calyrex|95/100|[from] item: Leftovers\n|upkeep\n|turn|2\n|\n|t:|1770558392\n|move|p1a: Indeedee|Helping Hand|p1b: Calyrex\n|-singleturn|p1b: Calyrex|Helping Hand|[of] p1a: Indeedee\n|move|p1b: Calyrex|Crunch|p2a: Calyrex\n|-supereffective|p2a: Calyrex\n|-damage|p2a: Calyrex|53/100\n|move|p2a: Calyrex|Imprison|p2a: Calyrex\n|-start|p2a: Calyrex|move: Imprison\n|move|p2b: Klefki|Dazzling Gleam|p1a: Indeedee|[spread] p1a,p1b\n|-damage|p1a: Indeedee|87/100\n|-damage|p1b: Calyrex|87/100\n|\n|-heal|p2a: Calyrex|59/100|[from] item: Leftovers\n|upkeep\n|turn|3\n|inactive|dawillys has 30 seconds left.\n|\n|t:|1770558419\n|move|p1a: Indeedee|Helping Hand|p1b: Calyrex\n|-singleturn|p1b: Calyrex|Helping Hand|[of] p1a: Indeedee\n|move|p2a: Calyrex|Protect|p2a: Calyrex\n|-singleturn|p2a: Calyrex|Protect\n|move|p2b: Klefki|Light Screen|p2b: Klefki\n|-sidestart|p2: dawillys|move: Light Screen\n|move|p1b: Calyrex|Crunch|p2a: Calyrex\n|-activate|p2a: Calyrex|move: Protect\n|\n|-heal|p2a: Calyrex|65/100|[from] item: Leftovers\n|upkeep\n|turn|4\n|\n|t:|1770558437\n|move|p1a: Indeedee|Helping Hand|p1b: Calyrex\n|-singleturn|p1b: Calyrex|Helping Hand|[of] p1a: Indeedee\n|move|p1b: Calyrex|Crunch|p2a: Calyrex\n|-supereffective|p2a: Calyrex\n|-damage|p2a: Calyrex|22/100\n|move|p2a: Calyrex|Leech Seed|p1b: Calyrex\n|-start|p1b: Calyrex|move: Leech Seed\n|move|p2b: Klefki|Dazzling Gleam|p1a: Indeedee|[spread] p1a,p1b\n|-damage|p1a: Indeedee|73/100\n|-damage|p1b: Calyrex|75/100\n|\n|-heal|p2a: Calyrex|28/100|[from] item: Leftovers\n|-damage|p1b: Calyrex|63/100|[from] Leech Seed|[of] p2a: Calyrex\n|-heal|p2a: Calyrex|41/100|[silent]\n|upkeep\n|turn|5\n|inactive|j0l0k0 has 30 seconds left.\n|inactive|j0l0k0 has 20 seconds left.\n|\n|t:|1770558476\n|switch|p1b: Landorus|Landorus, L50, M, shiny|100/100\n|switch|p2b: Miraidon|Miraidon, L50|100/100\n|-fieldstart|move: Electric Terrain|[from] ability: Hadron Engine|[of] p2b: Miraidon\n|move|p2a: Calyrex|Protect|p2a: Calyrex\n|-singleturn|p2a: Calyrex|Protect\n|move|p1a: Indeedee|Follow Me|p1a: Indeedee\n|-singleturn|p1a: Indeedee|move: Follow Me\n|\n|-heal|p2a: Calyrex|47/100|[from] item: Leftovers\n|-fieldend|move: Trick Room\n|upkeep\n|turn|6\n|\n|t:|1770558497\n|move|p1a: Indeedee|Helping Hand|p1b: Landorus\n|-singleturn|p1b: Landorus|Helping Hand|[of] p1a: Indeedee\n|move|p2b: Miraidon|Electro Drift|p1a: Indeedee\n|-damage|p1a: Indeedee|0 fnt\n|faint|p1a: Indeedee\n|move|p1b: Landorus|Sandsear Storm|p2b: Miraidon|[spread] p2a,p2b\n|-supereffective|p2b: Miraidon\n|-damage|p2a: Calyrex|4/100\n|-damage|p2b: Miraidon|23/100\n|move|p2a: Calyrex|Glacial Lance|p1b: Landorus\n|-supereffective|p1b: Landorus\n|-damage|p1b: Landorus|0 fnt\n|faint|p1b: Landorus\n|-ability|p2a: Calyrex|Chilling Neigh|boost\n|-boost|p2a: Calyrex|atk|1\n|\n|-heal|p2a: Calyrex|10/100|[from] item: Leftovers\n|upkeep\n|\n|t:|1770558513\n|switch|p1a: Kyogre|Kyogre, L50, shiny|100/100\n|switch|p1b: Calyrex|Calyrex-Ice, L50|63/100\n|-ability|p1b: Calyrex|As One\n|-ability|p1b: Calyrex|Unnerve\n|-weather|RainDance|[from] ability: Drizzle|[of] p1a: Kyogre\n|turn|7\n|\n|t:|1770558531\n|-terastallize|p1a: Kyogre|Grass\n|move|p2a: Calyrex|Protect|p2a: Calyrex\n|-singleturn|p2a: Calyrex|Protect\n|move|p2b: Miraidon|Volt Switch|p1a: Kyogre\n|-resisted|p1a: Kyogre\n|-damage|p1a: Kyogre|85/100\n|\n|t:|1770558538\n|switch|p2b: Klefki|Klefki, L50, M|81/100|[from] Volt Switch\n|move|p1a: Kyogre|Water Spout|p2a: Calyrex|[spread] p2b\n|-activate|p2a: Calyrex|move: Protect\n|-damage|p2b: Klefki|15/100\n|move|p1b: Calyrex|Trick Room|p1b: Calyrex\n|-fieldstart|move: Trick Room|[of] p1b: Calyrex\n|\n|-weather|RainDance|[upkeep]\n|-heal|p2a: Calyrex|17/100|[from] item: Leftovers\n|upkeep\n|turn|8\n|inactive|dawillys has 30 seconds left.\n|inactive|dawillys has 20 seconds left.\n|inactive|dawillys has 15 seconds left.\n|inactive|dawillys has 10 seconds left.\n|inactive|dawillys has 5 seconds left.\n|\n|t:|1770558588\n|-terastallize|p2a: Calyrex|Dragon\n|move|p2b: Klefki|Thunder Wave|p1b: Calyrex|[miss]\n|-miss|p2b: Klefki|p1b: Calyrex\n|move|p1b: Calyrex|Crunch|p2a: Calyrex\n|-damage|p2a: Calyrex|2/100\n|move|p2a: Calyrex|Leech Seed|p1b: Calyrex\n|-start|p1b: Calyrex|move: Leech Seed\n|move|p1a: Kyogre|Water Spout|p2a: Calyrex|[spread] p2a,p2b\n|-resisted|p2a: Calyrex\n|-damage|p2a: Calyrex|0 fnt\n|-damage|p2b: Klefki|0 fnt\n|faint|p2a: Calyrex\n|faint|p2b: Klefki\n|\n|-weather|RainDance|[upkeep]\n|-sideend|p2: dawillys|Reflect\n|upkeep\n|\n|t:|1770558611\n|switch|p2a: Thundurus|Thundurus, L50, M|100/100\n|switch|p2b: Miraidon|Miraidon, L50|23/100\n|-activate|p2b: Miraidon|ability: Hadron Engine\n|turn|9\n|\n|t:|1770558624\n|move|p2a: Thundurus|Eerie Impulse|p1a: Kyogre\n|-unboost|p1a: Kyogre|spa|2\n|move|p1b: Calyrex|Glacial Lance|p2a: Thundurus|[spread] p2a,p2b\n|-supereffective|p2a: Thundurus\n|-supereffective|p2b: Miraidon\n|-damage|p2a: Thundurus|0 fnt\n|-damage|p2b: Miraidon|0 fnt\n|faint|p2a: Thundurus\n|faint|p2b: Miraidon\n|\n|win|j0l0k0\n|raw|j0l0k0's rating: 1477 &rarr; <strong>1493</strong><br />(+16 for winning)\n|raw|dawillys's rating: 1403 &rarr; <strong>1387</strong><br />(-16 for losing)\n|l|\u2606j0l0k0\n|player|p1|\n|l|\u2606dawillys\n|player|p2|\n","uploadtime":1770558803,"views":29,"formatid":"gen9vgc2026regi","rating":1387,"private":0,"password":null}