{"id":"gen9vgc2026regi-2533332636","format":"[Gen 9] VGC 2026 Reg I","players":["blackred123","QAQeee\u5486\u54ee\u864e\u4fa0"],"log":"|j|\u2606blackred123\n|j|\u2606QAQeee\u5486\u54ee\u864e\u4fa0\n|t:|1770293918\n|gametype|doubles\n|player|p1|blackred123|iono-masters|\n|player|p2|QAQeee\u5486\u54ee\u864e\u4fa0|may-masters4|\n|gen|9\n|tier|[Gen 9] VGC 2026 Reg I\n|rule|Species Clause: Limit one of each Pok\u00e9mon\n|rule|Item Clause: Limit 1 of each item\n|clearpoke\n|poke|p1|Calyrex-Shadow, L50|\n|poke|p1|Zamazenta-*, L50|\n|poke|p1|Rillaboom, L50, M|\n|poke|p1|Urshifu-*, L50, F|\n|poke|p1|Tornadus, L50, M|\n|poke|p1|Ogerpon-Hearthflame, L50, F|\n|poke|p2|Calyrex-Shadow, L50|\n|poke|p2|Zamazenta-*, L50|\n|poke|p2|Chien-Pao, L50|\n|poke|p2|Dragonite, L50, F|\n|poke|p2|Amoonguss, L50, M|\n|poke|p2|Ogerpon-Cornerstone, L50, F|\n|teampreview|4\n|inactive|Battle timer is ON: inactive players will automatically lose when time's up. (requested by blackred123)\n|\n|t:|1770293944\n|teamsize|p1|4\n|teamsize|p2|4\n|start\n|switch|p1a: Zamazenta|Zamazenta-Crowned, L50|100/100\n|switch|p1b: Tornadus|Tornadus, L50, M|100/100\n|switch|p2a: Zamazenta|Zamazenta-Crowned, L50|100/100\n|switch|p2b: Chien-Pao|Chien-Pao, L50|100/100\n|-ability|p2b: Chien-Pao|Sword of Ruin\n|-ability|p1a: Zamazenta|Dauntless Shield|boost\n|-boost|p1a: Zamazenta|def|1\n|-ability|p2a: Zamazenta|Dauntless Shield|boost\n|-boost|p2a: Zamazenta|def|1\n|turn|1\n|\n|t:|1770293961\n|-terastallize|p2b: Chien-Pao|Ghost\n|-terastallize|p1a: Zamazenta|Dragon\n|move|p1b: Tornadus|Tailwind|p1b: Tornadus\n|-sidestart|p1: blackred123|move: Tailwind\n|move|p1a: Zamazenta|Heavy Slam|p2b: Chien-Pao\n|-damage|p2b: Chien-Pao|51/100\n|move|p2b: Chien-Pao|Ruination|p1a: Zamazenta\n|-damage|p1a: Zamazenta|51/100\n|move|p2a: Zamazenta|Body Press|p1a: Zamazenta\n|-damage|p1a: Zamazenta|10/100\n|\n|upkeep\n|turn|2\n|\n|t:|1770293977\n|move|p2a: Zamazenta|Wide Guard|p2a: Zamazenta\n|-singleturn|p2a: Zamazenta|Wide Guard\n|move|p1a: Zamazenta|Imprison|p1a: Zamazenta\n|-start|p1a: Zamazenta|move: Imprison\n|move|p1b: Tornadus|Bleakwind Storm|p2b: Chien-Pao|[spread] \n|-activate|p2a: Zamazenta|move: Wide Guard\n|-activate|p2b: Chien-Pao|move: Wide Guard\n|move|p2b: Chien-Pao|Icy Wind|p1a: Zamazenta|[spread] p1a,p1b\n|-supereffective|p1a: Zamazenta\n|-supereffective|p1b: Tornadus\n|-crit|p1b: Tornadus\n|-damage|p1a: Zamazenta|0 fnt\n|-damage|p1b: Tornadus|60/100\n|faint|p1a: Zamazenta\n|\n|upkeep\n|\n|t:|1770293983\n|switch|p1a: Calyrex|Calyrex-Shadow, L50|100/100\n|-ability|p1a: Calyrex|As One\n|-ability|p1a: Calyrex|Unnerve\n|turn|3\n|inactive|QAQeee\u5486\u54ee\u864e\u4fa0 has 30 seconds left.\n|\n|t:|1770294015\n|move|p1b: Tornadus|Taunt|p2a: Zamazenta\n|-start|p2a: Zamazenta|move: Taunt\n|move|p1a: Calyrex|Psychic|p2b: Chien-Pao\n|-damage|p2b: Chien-Pao|4/100\n|move|p2b: Chien-Pao|Icy Wind|p1a: Calyrex|[spread] p1a,p1b\n|-supereffective|p1b: Tornadus\n|-crit|p1b: Tornadus\n|-damage|p1a: Calyrex|87/100\n|-damage|p1b: Tornadus|21/100\n|-unboost|p1a: Calyrex|spe|1\n|move|p2a: Zamazenta|Behemoth Bash|p1b: Tornadus\n|-damage|p1b: Tornadus|0 fnt\n|faint|p1b: Tornadus\n|\n|upkeep\n|\n|t:|1770294021\n|switch|p1b: Urshifu|Urshifu-Rapid-Strike, L50, F|100/100\n|turn|4\n|\n|t:|1770294041\n|move|p1b: Urshifu|Surging Strikes|p2b: Chien-Pao\n|-crit|p2b: Chien-Pao\n|-damage|p2b: Chien-Pao|0 fnt\n|faint|p2b: Chien-Pao\n|-hitcount|p2: Chien-Pao|1\n|move|p1a: Calyrex|Imprison|p1a: Calyrex\n|-start|p1a: Calyrex|move: Imprison\n|move|p2a: Zamazenta|Body Press|p1b: Urshifu\n|-damage|p1b: Urshifu|43/100\n|\n|-sideend|p1: blackred123|move: Tailwind\n|upkeep\n|inactive|QAQeee\u5486\u54ee\u864e\u4fa0 has 30 seconds left.\n|\n|t:|1770294074\n|switch|p2b: Calyrex|Calyrex-Shadow, L50|100/100\n|-ability|p2b: Calyrex|As One\n|-ability|p2b: Calyrex|Unnerve\n|turn|5\n|\n|t:|1770294090\n|move|p2b: Calyrex|Encore|p1a: Calyrex\n|-start|p1a: Calyrex|Encore\n|move|p1b: Urshifu|Surging Strikes|p2b: Calyrex\n|-crit|p2b: Calyrex\n|-damage|p2b: Calyrex|74/100\n|-crit|p2b: Calyrex\n|-damage|p2b: Calyrex|48/100\n|-crit|p2b: Calyrex\n|-damage|p2b: Calyrex|24/100\n|-hitcount|p2b: Calyrex|3\n|move|p2a: Zamazenta|Body Press|p1b: Urshifu\n|-damage|p1b: Urshifu|0 fnt\n|faint|p1b: Urshifu\n|move|p1a: Calyrex|Imprison||[still]\n|-fail|p1a: Calyrex\n|\n|-end|p2a: Zamazenta|move: Taunt\n|upkeep\n|turn|6\n|\n|t:|1770294100\n|move|p2b: Calyrex|Encore||[still]\n|-fail|p2b: Calyrex\n|move|p2a: Zamazenta|Behemoth Bash|p1a: Calyrex\n|-damage|p1a: Calyrex|44/100\n|move|p1a: Calyrex|Imprison||[still]\n|-fail|p1a: Calyrex\n|\n|upkeep\n|turn|7\n|-message|blackred123 forfeited.\n|\n|win|QAQeee\u5486\u54ee\u864e\u4fa0\n|l|\u2606blackred123\n|player|p1|\n|j|\u2606blackred123\n|player|p1|blackred123|iono-masters|\n|l|\u2606QAQeee\u5486\u54ee\u864e\u4fa0\n|player|p2|\n|j| H1119\n|j|\u2606QAQeee\u5486\u54ee\u864e\u4fa0\n|player|p2|QAQeee\u5486\u54ee\u864e\u4fa0|may-masters4|\n","uploadtime":1770294143,"views":10,"formatid":"gen9vgc2026regi","rating":null,"private":0,"password":null}