{"id":"gen9vgc2026regi-2547146625","format":"[Gen 9] VGC 2026 Reg I","players":["j0l0k0","U lost da game"],"log":"|j|\u2606j0l0k0\n|j|\u2606U lost da game\n|t:|1772051019\n|gametype|doubles\n|player|p1|j0l0k0|brycen|1441\n|player|p2|U lost da game|169|1393\n|gen|9\n|tier|[Gen 9] VGC 2026 Reg I\n|rated|\n|rule|Species Clause: Limit one of each Pok\u00e9mon\n|rule|Item Clause: Limit 1 of each item\n|clearpoke\n|poke|p1|Calyrex-Ice, L50|\n|poke|p1|Kyogre, L50|\n|poke|p1|Indeedee-F, L50, F|\n|poke|p1|Urshifu-*, L50, F|\n|poke|p1|Amoonguss, L50, F|\n|poke|p1|Landorus, L50, M|\n|poke|p2|Miraidon, L50|\n|poke|p2|Ursaluna, L50, F|\n|poke|p2|Ho-Oh, L50|\n|poke|p2|Incineroar, L50, F|\n|poke|p2|Flutter Mane, L50|\n|poke|p2|Cresselia, L50, F|\n|teampreview|4\n|inactive|Battle timer is ON: inactive players will automatically lose when time's up. (requested by j0l0k0)\n|\n|t:|1772051040\n|teamsize|p1|4\n|teamsize|p2|4\n|start\n|switch|p1a: Indeedee|Indeedee-F, L50, F, shiny|100/100\n|switch|p1b: Calyrex|Calyrex-Ice, L50|100/100\n|switch|p2a: Incineroar|Incineroar, L50, F|100/100\n|switch|p2b: Ho-Oh|Ho-Oh, L50|100/100\n|-ability|p1b: Calyrex|As One\n|-ability|p1b: Calyrex|Unnerve\n|-fieldstart|move: Psychic Terrain|[from] ability: Psychic Surge|[of] p1a: Indeedee\n|-ability|p2a: Incineroar|Intimidate|boost\n|-unboost|p1a: Indeedee|atk|1\n|-fail|p1b: Calyrex|unboost|[from] item: Clear Amulet|[of] p1b: Calyrex\n|turn|1\n|\n|t:|1772051049\n|switch|p2b: Miraidon|Miraidon, L50|100/100\n|-fieldstart|move: Electric Terrain|[from] ability: Hadron Engine|[of] p2b: Miraidon\n|move|p2a: Incineroar|Fake Out|p1b: Calyrex\n|-damage|p1b: Calyrex|92/100\n|move|p1a: Indeedee|Follow Me|p1a: Indeedee\n|-singleturn|p1a: Indeedee|move: Follow Me\n|cant|p1b: Calyrex|flinch\n|\n|upkeep\n|turn|2\n|\n|t:|1772051059\n|move|p1a: Indeedee|Follow Me|p1a: Indeedee\n|-singleturn|p1a: Indeedee|move: Follow Me\n|move|p2b: Miraidon|Volt Switch|p1a: Indeedee\n|-damage|p1a: Indeedee|7/100\n|\n|t:|1772051065\n|switch|p2b: Cresselia|Cresselia, L50, F|100/100|[from] Volt Switch\n|move|p2a: Incineroar|Flare Blitz|p1a: Indeedee\n|-damage|p1a: Indeedee|0 fnt\n|faint|p1a: Indeedee\n|-damage|p2a: Incineroar|99/100|[from] Recoil\n|move|p1b: Calyrex|Trick Room|p1b: Calyrex\n|-fieldstart|move: Trick Room|[of] p1b: Calyrex\n|\n|upkeep\n|\n|t:|1772051075\n|switch|p1a: Kyogre|Kyogre, L50, shiny|100/100\n|-weather|RainDance|[from] ability: Drizzle|[of] p1a: Kyogre\n|turn|3\n|\n|t:|1772051086\n|-terastallize|p2b: Cresselia|Water\n|move|p1b: Calyrex|Close Combat|p2a: Incineroar\n|-supereffective|p2a: Incineroar\n|-damage|p2a: Incineroar|3/100\n|-unboost|p1b: Calyrex|def|1\n|-unboost|p1b: Calyrex|spd|1\n|move|p2a: Incineroar|U-turn|p1a: Kyogre\n|-damage|p1a: Kyogre|79/100\n|\n|t:|1772051093\n|switch|p2a: Miraidon|Miraidon, L50|100/100|[from] U-turn\n|-activate|p2a: Miraidon|ability: Hadron Engine\n|move|p1a: Kyogre|Water Spout|p2a: Miraidon|[spread] p2a,p2b\n|-resisted|p2a: Miraidon\n|-resisted|p2b: Cresselia\n|-damage|p2a: Miraidon|65/100\n|-damage|p2b: Cresselia|78/100\n|move|p2b: Cresselia|Trick Room|p2b: Cresselia\n|-fieldend|move: Trick Room\n|\n|-weather|RainDance|[upkeep]\n|upkeep\n|turn|4\n|j| Kitetsu-San\n|\n|t:|1772051104\n|-terastallize|p1a: Kyogre|Grass\n|move|p2b: Cresselia|Helping Hand|p2a: Miraidon\n|-singleturn|p2a: Miraidon|Helping Hand|[of] p2b: Cresselia\n|move|p2a: Miraidon|Dazzling Gleam|p1b: Calyrex|[spread] p1a,p1b\n|-damage|p1a: Kyogre|49/100\n|-damage|p1b: Calyrex|26/100\n|move|p1a: Kyogre|Ice Beam|p2a: Miraidon\n|-supereffective|p2a: Miraidon\n|-damage|p2a: Miraidon|0 fnt\n|faint|p2a: Miraidon\n|move|p1b: Calyrex|Trick Room|p1b: Calyrex\n|-fieldstart|move: Trick Room|[of] p1b: Calyrex\n|\n|-weather|RainDance|[upkeep]\n|upkeep\n|\n|t:|1772051118\n|switch|p2a: Incineroar|Incineroar, L50, F|3/100\n|-ability|p2a: Incineroar|Intimidate|boost\n|-unboost|p1a: Kyogre|atk|1\n|-fail|p1b: Calyrex|unboost|[from] item: Clear Amulet|[of] p1b: Calyrex\n|turn|5\n|\n|t:|1772051123\n|move|p2a: Incineroar|Fake Out|p1b: Calyrex\n|-damage|p1b: Calyrex|15/100\n|cant|p1b: Calyrex|flinch\n|move|p1a: Kyogre|Thunder|p2b: Cresselia\n|-supereffective|p2b: Cresselia\n|-damage|p2b: Cresselia|11/100\n|move|p2b: Cresselia|Trick Room|p2b: Cresselia\n|-fieldend|move: Trick Room\n|\n|-weather|RainDance|[upkeep]\n|-fieldend|move: Electric Terrain\n|upkeep\n|turn|6\n|inactive|U lost da game has 30 seconds left.\n|\n|t:|1772051152\n|move|p1a: Kyogre|Water Spout|p2a: Incineroar|[spread] p2a,p2b\n|-supereffective|p2a: Incineroar\n|-resisted|p2b: Cresselia\n|-damage|p2a: Incineroar|0 fnt\n|-damage|p2b: Cresselia|0 fnt\n|faint|p2a: Incineroar\n|faint|p2b: Cresselia\n|move|p1b: Calyrex|Trick Room|p1b: Calyrex\n|-fieldstart|move: Trick Room|[of] p1b: Calyrex\n|\n|-weather|RainDance|[upkeep]\n|upkeep\n|\n|t:|1772051155\n|switch|p2b: Ho-Oh|Ho-Oh, L50|100/100\n|turn|7\n|-message|U lost da game forfeited.\n|\n|win|j0l0k0\n|raw|j0l0k0's rating: 1441 &rarr; <strong>1458</strong><br />(+17 for winning)\n|raw|U lost da game's rating: 1393 &rarr; <strong>1376</strong><br />(-17 for losing)\n|l|\u2606U lost da game\n|player|p2|\n|l|\u2606j0l0k0\n|player|p1|\n|c| Kitetsu-San|dam\n","uploadtime":1772051367,"views":14,"formatid":"gen9vgc2026regi","rating":1376,"private":0,"password":null}