{"id":"gen9vgc2026regi-2548763941","format":"[Gen 9] VGC 2026 Reg I","players":["fogdocker","Chadrola18"],"log":"|j|\u2606fogdocker\n|j|\u2606Chadrola18\n|t:|1772253326\n|gametype|doubles\n|player|p1|fogdocker|170|1370\n|player|p2|Chadrola18|steven|1255\n|gen|9\n|tier|[Gen 9] VGC 2026 Reg I\n|rated|\n|rule|Species Clause: Limit one of each Pok\u00e9mon\n|rule|Item Clause: Limit 1 of each item\n|clearpoke\n|poke|p1|Calyrex-Ice, L50|\n|poke|p1|Koraidon, L50|\n|poke|p1|Flutter Mane, L50|\n|poke|p1|Incineroar, L50, M|\n|poke|p1|Rillaboom, L50, F|\n|poke|p1|Raging Bolt, L50|\n|poke|p2|Lunala, L50|\n|poke|p2|Miraidon, L50|\n|poke|p2|Urshifu-*, L50, M|\n|poke|p2|Incineroar, L50, F|\n|poke|p2|Ursaluna, L50, F|\n|poke|p2|Whimsicott, L50, F|\n|teampreview|4\n|inactive|Battle timer is ON: inactive players will automatically lose when time's up. (requested by Chadrola18)\n|inactive|Chadrola18 has 60 seconds left.\n|\n|t:|1772253364\n|teamsize|p1|4\n|teamsize|p2|4\n|start\n|switch|p1a: Incineroar|Incineroar, L50, M|100/100\n|switch|p1b: Calyrex|Calyrex-Ice, L50|100/100\n|switch|p2a: Miraidon|Miraidon, L50|100/100\n|switch|p2b: Incineroar|Incineroar, L50, F|100/100\n|-ability|p1b: Calyrex|As One\n|-ability|p1b: Calyrex|Unnerve\n|-fieldstart|move: Electric Terrain|[from] ability: Hadron Engine|[of] p2a: Miraidon\n|-ability|p2b: Incineroar|Intimidate|boost\n|-unboost|p1a: Incineroar|atk|1\n|-unboost|p1b: Calyrex|atk|1\n|-ability|p1a: Incineroar|Intimidate|boost\n|-unboost|p2a: Miraidon|atk|1\n|-unboost|p2b: Incineroar|atk|1\n|turn|1\n|\n|t:|1772253388\n|switch|p1a: Rillaboom|Rillaboom, L50, F|100/100\n|-fieldstart|move: Grassy Terrain|[from] ability: Grassy Surge|[of] p1a: Rillaboom\n|move|p2b: Incineroar|Fake Out|p1a: Rillaboom\n|-damage|p1a: Rillaboom|93/100\n|move|p2a: Miraidon|Volt Switch|p1b: Calyrex\n|-damage|p1b: Calyrex|74/100\n|-damage|p2a: Miraidon|91/100|[from] item: Life Orb\n|\n|t:|1772253400\n|switch|p2a: Urshifu|Urshifu-Rapid-Strike, L50, M|100/100|[from] Volt Switch\n|move|p1b: Calyrex|Leech Seed|p2a: Urshifu\n|-start|p2a: Urshifu|move: Leech Seed\n|\n|-heal|p1a: Rillaboom|99/100|[from] Grassy Terrain\n|-heal|p1b: Calyrex|80/100|[from] Grassy Terrain\n|-heal|p1b: Calyrex|86/100|[from] item: Leftovers\n|-damage|p2a: Urshifu|88/100|[from] Leech Seed|[of] p1b: Calyrex\n|-heal|p1b: Calyrex|96/100|[silent]\n|upkeep\n|turn|2\n|inactive|fogdocker has 30 seconds left.\n|\n|t:|1772253426\n|move|p2a: Urshifu|U-turn|p1a: Rillaboom\n|-supereffective|p1a: Rillaboom\n|-damage|p1a: Rillaboom|44/100\n|\n|t:|1772253429\n|switch|p2a: Lunala|Lunala, L50|100/100|[from] U-turn\n|move|p1a: Rillaboom|U-turn|p2b: Incineroar\n|-damage|p2b: Incineroar|85/100\n|\n|t:|1772253437\n|switch|p1a: Koraidon|Koraidon, L50|100/100|[from] U-turn\n|-weather|SunnyDay|[from] ability: Orichalcum Pulse|[of] p1a: Koraidon\n|-activate|p1a: Koraidon|Orichalcum Pulse|[source]\n|move|p2b: Incineroar|Will-O-Wisp|p1b: Calyrex\n|-status|p1b: Calyrex|brn\n|move|p1b: Calyrex|Glacial Lance|p2a: Lunala|[spread] p2a,p2b\n|-resisted|p2b: Incineroar\n|-damage|p2a: Lunala|95/100\n|-damage|p2b: Incineroar|79/100\n|\n|-weather|SunnyDay|[upkeep]\n|-heal|p2a: Lunala|100/100|[from] Grassy Terrain\n|-heal|p2b: Incineroar|85/100|[from] Grassy Terrain\n|-heal|p1b: Calyrex|100/100 brn|[from] Grassy Terrain\n|-damage|p1b: Calyrex|95/100 brn|[from] brn\n|upkeep\n|turn|3\n|inactive|Chadrola18 has 30 seconds left.\n|\n|t:|1772253463\n|-terastallize|p1a: Koraidon|Fire\n|-terastallize|p2b: Incineroar|Water\n|move|p1a: Koraidon|Close Combat|p2b: Incineroar\n|-damage|p2b: Incineroar|7/100\n|-unboost|p1a: Koraidon|def|1\n|-unboost|p1a: Koraidon|spd|1\n|-damage|p1a: Koraidon|91/100|[from] item: Life Orb\n|move|p2a: Lunala|Moonblast|p1a: Koraidon\n|-resisted|p1a: Koraidon\n|-damage|p1a: Koraidon|61/100\n|move|p2b: Incineroar|Knock Off|p1a: Koraidon\n|-damage|p1a: Koraidon|27/100\n|-enditem|p1a: Koraidon|Life Orb|[from] move: Knock Off|[of] p2b: Incineroar\n|move|p1b: Calyrex|Leech Seed|p2a: Lunala\n|-start|p2a: Lunala|move: Leech Seed\n|\n|-weather|SunnyDay|[upkeep]\n|-heal|p1a: Koraidon|32/100|[from] Grassy Terrain\n|-heal|p2b: Incineroar|13/100|[from] Grassy Terrain\n|-heal|p1b: Calyrex|100/100 brn|[from] Grassy Terrain\n|-damage|p2a: Lunala|88/100|[from] Leech Seed|[of] p1b: Calyrex\n|-damage|p1b: Calyrex|95/100 brn|[from] brn\n|upkeep\n|turn|4\n|\n|t:|1772253487\n|move|p1a: Koraidon|Flare Blitz|p2a: Lunala\n|-damage|p2a: Lunala|0 fnt\n|faint|p2a: Lunala\n|-damage|p1a: Koraidon|0 fnt|[from] Recoil\n|faint|p1a: Koraidon\n|move|p2b: Incineroar|Parting Shot|p1b: Calyrex\n|-unboost|p1b: Calyrex|atk|1\n|-unboost|p1b: Calyrex|spa|1\n|\n|t:|1772253495\n|switch|p2b: Urshifu|Urshifu-Rapid-Strike, L50, M|88/100|[from] Parting Shot\n|move|p1b: Calyrex|Leech Seed|p2b: Urshifu\n|-start|p2b: Urshifu|move: Leech Seed\n|\n|-weather|SunnyDay|[upkeep]\n|-heal|p2b: Urshifu|94/100|[from] Grassy Terrain\n|-heal|p1b: Calyrex|100/100 brn|[from] Grassy Terrain\n|-damage|p2b: Urshifu|82/100|[from] Leech Seed|[of] p1b: Calyrex\n|-damage|p1b: Calyrex|95/100 brn|[from] brn\n|upkeep\n|\n|t:|1772253502\n|switch|p1a: Rillaboom|Rillaboom, L50, F|44/100\n|switch|p2a: Incineroar|Incineroar, L50, F, tera:Water|13/100\n|-ability|p2a: Incineroar|Intimidate|boost\n|-unboost|p1a: Rillaboom|atk|1\n|-unboost|p1b: Calyrex|atk|1\n|turn|5\n|\n|t:|1772253535\n|switch|p1a: Incineroar|Incineroar, L50, M|100/100\n|-ability|p1a: Incineroar|Intimidate|boost\n|-unboost|p2a: Incineroar|atk|1\n|-unboost|p2b: Urshifu|atk|1\n|switch|p2a: Miraidon|Miraidon, L50|91/100\n|-fieldstart|move: Electric Terrain|[from] ability: Hadron Engine|[of] p2a: Miraidon\n|move|p2b: Urshifu|U-turn|p1a: Incineroar\n|-damage|p1a: Incineroar|88/100\n|\n|t:|1772253545\n|switch|p2b: Incineroar|Incineroar, L50, F, tera:Water|13/100|[from] U-turn\n|-ability|p2b: Incineroar|Intimidate|boost\n|-unboost|p1a: Incineroar|atk|1\n|-unboost|p1b: Calyrex|atk|1\n|move|p1b: Calyrex|Leech Seed|p2a: Miraidon\n|-start|p2a: Miraidon|move: Leech Seed\n|\n|-weather|SunnyDay|[upkeep]\n|-heal|p1b: Calyrex|100/100 brn|[from] item: Leftovers\n|-damage|p2a: Miraidon|78/100|[from] Leech Seed|[of] p1b: Calyrex\n|-damage|p1b: Calyrex|95/100 brn|[from] brn\n|upkeep\n|turn|6\n|\n|t:|1772253569\n|switch|p1b: Rillaboom|Rillaboom, L50, F|44/100\n|-fieldstart|move: Grassy Terrain|[from] ability: Grassy Surge|[of] p1b: Rillaboom\n|move|p2b: Incineroar|Fake Out|p1a: Incineroar\n|-damage|p1a: Incineroar|78/100\n|cant|p1a: Incineroar|flinch\n|move|p2a: Miraidon|Volt Switch|p1b: Rillaboom\n|-resisted|p1b: Rillaboom\n|-damage|p1b: Rillaboom|30/100\n|-damage|p2a: Miraidon|68/100|[from] item: Life Orb\n|\n|t:|1772253571\n|switch|p2a: Urshifu|Urshifu-Rapid-Strike, L50, M|82/100|[from] Volt Switch\n|\n|-weather|none\n|-heal|p2a: Urshifu|88/100|[from] Grassy Terrain\n|-heal|p1b: Rillaboom|36/100|[from] Grassy Terrain\n|-heal|p2b: Incineroar|19/100|[from] Grassy Terrain\n|-heal|p1a: Incineroar|84/100|[from] Grassy Terrain\n|upkeep\n|turn|7\n|inactive|fogdocker has 30 seconds left.\n|\n|t:|1772253598\n|switch|p1b: Calyrex|Calyrex-Ice, L50|95/100 brn\n|-ability|p1b: Calyrex|As One\n|-ability|p1b: Calyrex|Unnerve\n|switch|p2b: Miraidon|Miraidon, L50|68/100\n|-fieldstart|move: Electric Terrain|[from] ability: Hadron Engine|[of] p2b: Miraidon\n|move|p2a: Urshifu|U-turn|p1b: Calyrex\n|-supereffective|p1b: Calyrex\n|-damage|p1b: Calyrex|68/100 brn\n|\n|t:|1772253610\n|switch|p2a: Incineroar|Incineroar, L50, F, tera:Water|19/100|[from] U-turn\n|-ability|p2a: Incineroar|Intimidate|boost\n|-unboost|p1a: Incineroar|atk|1\n|-unboost|p1b: Calyrex|atk|1\n|move|p1a: Incineroar|Knock Off|p2b: Miraidon\n|-damage|p2b: Miraidon|48/100\n|-enditem|p2b: Miraidon|Life Orb|[from] move: Knock Off|[of] p1a: Incineroar\n|\n|-heal|p1b: Calyrex|73/100 brn|[from] item: Leftovers\n|-damage|p1b: Calyrex|68/100 brn|[from] brn\n|upkeep\n|turn|8\n|\n|t:|1772253638\n|move|p2a: Incineroar|Fake Out|p1a: Incineroar\n|-damage|p1a: Incineroar|76/100\n|move|p2b: Miraidon|Draco Meteor|p1b: Calyrex\n|-damage|p1b: Calyrex|15/100 brn\n|-unboost|p2b: Miraidon|spa|2\n|cant|p1a: Incineroar|flinch\n|move|p1b: Calyrex|Glacial Lance|p2b: Miraidon|[spread] p2a,p2b\n|-resisted|p2a: Incineroar\n|-supereffective|p2b: Miraidon\n|-damage|p2a: Incineroar|13/100\n|-damage|p2b: Miraidon|18/100\n|\n|-heal|p1b: Calyrex|21/100 brn|[from] item: Leftovers\n|-damage|p1b: Calyrex|15/100 brn|[from] brn\n|upkeep\n|turn|9\n|\n|t:|1772253656\n|switch|p2b: Urshifu|Urshifu-Rapid-Strike, L50, M|88/100\n|move|p2a: Incineroar|Parting Shot|p1a: Incineroar\n|-unboost|p1a: Incineroar|atk|1\n|-unboost|p1a: Incineroar|spa|1\n|\n|t:|1772253661\n|switch|p2a: Miraidon|Miraidon, L50|18/100|[from] Parting Shot\n|-activate|p2a: Miraidon|ability: Hadron Engine\n|move|p1a: Incineroar|Knock Off|p2a: Miraidon\n|-damage|p2a: Miraidon|7/100\n|move|p1b: Calyrex|Glacial Lance|p2b: Urshifu|[spread] p2a,p2b\n|-supereffective|p2a: Miraidon\n|-resisted|p2b: Urshifu\n|-damage|p2a: Miraidon|0 fnt\n|-damage|p2b: Urshifu|80/100\n|faint|p2a: Miraidon\n|-ability|p1b: Calyrex|Chilling Neigh|boost\n|-boost|p1b: Calyrex|atk|1\n|\n|-heal|p1b: Calyrex|21/100 brn|[from] item: Leftovers\n|-damage|p1b: Calyrex|15/100 brn|[from] brn\n|upkeep\n|\n|t:|1772253670\n|switch|p2a: Incineroar|Incineroar, L50, F, tera:Water|13/100\n|-ability|p2a: Incineroar|Intimidate|boost\n|-unboost|p1a: Incineroar|atk|1\n|-unboost|p1b: Calyrex|atk|1\n|turn|10\n|\n|t:|1772253681\n|move|p2a: Incineroar|Fake Out|p1b: Calyrex\n|-damage|p1b: Calyrex|10/100 brn\n|move|p2b: Urshifu|Close Combat|p1a: Incineroar\n|-supereffective|p1a: Incineroar\n|-damage|p1a: Incineroar|0 fnt\n|-unboost|p2b: Urshifu|def|1\n|-unboost|p2b: Urshifu|spd|1\n|faint|p1a: Incineroar\n|cant|p1b: Calyrex|flinch\n|\n|-heal|p1b: Calyrex|15/100 brn|[from] item: Leftovers\n|-damage|p1b: Calyrex|10/100 brn|[from] brn\n|upkeep\n|\n|t:|1772253687\n|switch|p1a: Rillaboom|Rillaboom, L50, F|36/100\n|-fieldstart|move: Grassy Terrain|[from] ability: Grassy Surge|[of] p1a: Rillaboom\n|turn|11\n|\n|t:|1772253694\n|move|p1a: Rillaboom|Grassy Glide|p2b: Urshifu\n|-supereffective|p2b: Urshifu\n|-damage|p2b: Urshifu|0 fnt\n|faint|p2b: Urshifu\n|move|p2a: Incineroar|Knock Off|p1a: Rillaboom\n|-damage|p1a: Rillaboom|0 fnt\n|-enditem|p1a: Rillaboom|Assault Vest|[from] move: Knock Off|[of] p2a: Incineroar\n|faint|p1a: Rillaboom\n|move|p1b: Calyrex|Leech Seed|p2a: Incineroar\n|-start|p2a: Incineroar|move: Leech Seed\n|\n|-heal|p2a: Incineroar|19/100|[from] Grassy Terrain\n|-heal|p1b: Calyrex|15/100 brn|[from] Grassy Terrain\n|-heal|p1b: Calyrex|21/100 brn|[from] item: Leftovers\n|-damage|p2a: Incineroar|6/100|[from] Leech Seed|[of] p1b: Calyrex\n|-heal|p1b: Calyrex|33/100 brn|[silent]\n|-damage|p1b: Calyrex|28/100 brn|[from] brn\n|upkeep\n|turn|12\n|\n|t:|1772253701\n|move|p1b: Calyrex|Protect|p1b: Calyrex\n|-singleturn|p1b: Calyrex|Protect\n|move|p2a: Incineroar|Knock Off|p1b: Calyrex\n|-activate|p1b: Calyrex|move: Protect\n|\n|-heal|p2a: Incineroar|12/100|[from] Grassy Terrain\n|-heal|p1b: Calyrex|33/100 brn|[from] Grassy Terrain\n|-heal|p1b: Calyrex|39/100 brn|[from] item: Leftovers\n|-damage|p2a: Incineroar|0 fnt|[from] Leech Seed|[of] p1b: Calyrex\n|-heal|p1b: Calyrex|51/100 brn|[silent]\n|faint|p2a: Incineroar\n|\n|win|fogdocker\n|raw|fogdocker's rating: 1370 &rarr; <strong>1384</strong><br />(+14 for winning)\n|raw|Chadrola18's rating: 1255 &rarr; <strong>1238</strong><br />(-17 for losing)\n|l|\u2606Chadrola18\n|player|p2|\n","uploadtime":1772253720,"views":12,"formatid":"gen9vgc2026regi","rating":1238,"private":0,"password":null}