{"id":"gen9vgc2026regi-2579232279","format":"[Gen 9] VGC 2026 Reg I","players":["Vovo112011","N jordan"],"log":"|j|\u2606Vovo112011\n|j|\u2606N jordan\n|t:|1775762576\n|gametype|doubles\n|player|p1|Vovo112011|lance|1318\n|player|p2|N jordan|n|1272\n|gen|9\n|tier|[Gen 9] VGC 2026 Reg I\n|rated|\n|rule|Species Clause: Limit one of each Pok\u00e9mon\n|rule|Item Clause: Limit 1 of each item\n|clearpoke\n|poke|p1|Lunala, L50|\n|poke|p1|Glimmora, L50, M|\n|poke|p1|Indeedee-F, L50, F|\n|poke|p1|Hariyama, L50, M|\n|poke|p1|Amoonguss, L50, F|\n|poke|p1|Calyrex-Ice, L50|\n|poke|p2|Lunala, L50|\n|poke|p2|Indeedee-F, L50, F|\n|poke|p2|Terapagos, L50, M|\n|poke|p2|Grimmsnarl, L50, M|\n|poke|p2|Flutter Mane, L50|\n|poke|p2|Enamorus-Therian, L50, F|\n|teampreview|4\n|inactive|Battle timer is ON: inactive players will automatically lose when time's up. (requested by Vovo112011)\n|inactive|Vovo112011 has 60 seconds left.\n|inactive|N jordan has 60 seconds left.\n|inactive|N jordan has 30 seconds left.\n|inactive|N jordan has 20 seconds left.\nVovo112011 rejected open team sheets.\n|\n|t:|1775762648\n|teamsize|p1|4\n|teamsize|p2|4\n|start\n|switch|p1a: Amoonguss|Amoonguss, L50, F|100/100\n|switch|p1b: Calyrex|Calyrex-Ice, L50|100/100\n|switch|p2a: Grimmsnarl|Grimmsnarl, L50, M|100/100\n|switch|p2b: Terapagos|Terapagos, L50, M|100/100\n|-activate|p2b: Terapagos|ability: Tera Shift\n|detailschange|p2b: Terapagos|Terapagos-Terastal, L50, M\n|-heal|p2b: Terapagos|100/100|[silent]\n|-ability|p1b: Calyrex|As One\n|-ability|p1b: Calyrex|Unnerve\n|turn|1\n|inactive|N jordan has 30 seconds left.\n|inactive|N jordan has 20 seconds left.\n|inactive|N jordan has 15 seconds left.\n|inactive|N jordan has 10 seconds left.\n|\n|t:|1775762693\n|move|p1a: Amoonguss|Rage Powder|p1a: Amoonguss\n|-singleturn|p1a: Amoonguss|move: Rage Powder\n|move|p2a: Grimmsnarl|Reflect|p2a: Grimmsnarl\n|-sidestart|p2: N jordan|Reflect\n|move|p2b: Terapagos|Calm Mind|p2b: Terapagos\n|-boost|p2b: Terapagos|spa|1\n|-boost|p2b: Terapagos|spd|1\n|move|p1b: Calyrex|Trick Room|p1b: Calyrex\n|-fieldstart|move: Trick Room|[of] p1b: Calyrex\n|\n|upkeep\n|turn|2\n|\n|t:|1775762706\n|move|p2b: Terapagos|Protect|p2b: Terapagos\n|-singleturn|p2b: Terapagos|Protect\n|move|p2a: Grimmsnarl|Light Screen|p2a: Grimmsnarl\n|-sidestart|p2: N jordan|move: Light Screen\n|move|p1a: Amoonguss|Spore|p2a: Grimmsnarl\n|-status|p2a: Grimmsnarl|slp|[from] move: Spore\n|move|p1b: Calyrex|Glacial Lance|p2b: Terapagos|[spread] p2a\n|-activate|p2b: Terapagos|move: Protect\n|-damage|p2a: Grimmsnarl|53/100 slp\n|\n|upkeep\n|turn|3\n|\n|t:|1775762726\n|cant|p2a: Grimmsnarl|slp\n|move|p1a: Amoonguss|Spore|p2b: Terapagos\n|-status|p2b: Terapagos|slp|[from] move: Spore\n|move|p1b: Calyrex|Glacial Lance|p2a: Grimmsnarl|[spread] p2a,p2b\n|-activate|p2b: Terapagos|ability: Tera Shell\n|-resisted|p2b: Terapagos\n|-damage|p2a: Grimmsnarl|1/100 slp\n|-damage|p2b: Terapagos|86/100 slp\n|cant|p2b: Terapagos|slp\n|\n|-heal|p2b: Terapagos|92/100 slp|[from] item: Leftovers\n|upkeep\n|turn|4\n|\n|t:|1775762740\n|switch|p2a: Lunala|Lunala, L50|100/100\n|move|p1a: Amoonguss|Spore|p2a: Lunala\n|-status|p2a: Lunala|slp|[from] move: Spore\n|move|p1b: Calyrex|Glacial Lance|p2b: Terapagos|[spread] p2a,p2b\n|-damage|p2a: Lunala|87/100 slp\n|-damage|p2b: Terapagos|62/100 slp\n|cant|p2b: Terapagos|slp\n|\n|-heal|p2b: Terapagos|68/100 slp|[from] item: Leftovers\n|upkeep\n|turn|5\n|\n|t:|1775762757\n|cant|p2a: Lunala|slp\n|move|p1a: Amoonguss|Clear Smog|p2b: Terapagos\n|-damage|p2b: Terapagos|61/100 slp\n|-clearboost|p2b: Terapagos\n|move|p1b: Calyrex|Throat Chop|p2a: Lunala\n|-supereffective|p2a: Lunala\n|-damage|p2a: Lunala|30/100 slp\n|-start|p2a: Lunala|Throat Chop|[silent]\n|-curestatus|p2b: Terapagos|slp|[msg]\n|move|p2b: Terapagos|Calm Mind|p2b: Terapagos\n|-boost|p2b: Terapagos|spa|1\n|-boost|p2b: Terapagos|spd|1\n|\n|-heal|p2b: Terapagos|67/100|[from] item: Leftovers\n|-fieldend|move: Trick Room\n|upkeep\n|turn|6\n|inactive|N jordan has 30 seconds left.\n|\n|t:|1775762783\n|-terastallize|p2b: Terapagos|Stellar\n|detailschange|p2b: Terapagos|Terapagos-Stellar, L50, M, tera:Stellar\n|-heal|p2b: Terapagos|75/100|[silent]\n|move|p1a: Amoonguss|Rage Powder|p1a: Amoonguss\n|-singleturn|p1a: Amoonguss|move: Rage Powder\n|move|p2b: Terapagos|Tera Starstorm|p1a: Amoonguss|[spread] p1a,p1b\n|-damage|p1a: Amoonguss|61/100\n|-damage|p1b: Calyrex|70/100\n|-curestatus|p2a: Lunala|slp|[msg]\n|move|p2a: Lunala|Expanding Force|p1a: Amoonguss\n|-supereffective|p1a: Amoonguss\n|-damage|p1a: Amoonguss|0 fnt\n|faint|p1a: Amoonguss\n|move|p1b: Calyrex|Trick Room|p1b: Calyrex\n|-fieldstart|move: Trick Room|[of] p1b: Calyrex\n|\n|-heal|p2b: Terapagos|81/100|[from] item: Leftovers\n|-end|p2a: Lunala|Throat Chop|[silent]\n|upkeep\n|\n|t:|1775762799\n|switch|p1a: Lunala|Lunala, L50|100/100\n|turn|7\n|\n|t:|1775762812\n|move|p2a: Lunala|Wide Guard|p2a: Lunala\n|-singleturn|p2a: Lunala|Wide Guard\n|move|p1a: Lunala|Wide Guard|p1a: Lunala\n|-singleturn|p1a: Lunala|Wide Guard\n|move|p1b: Calyrex|Glacial Lance|p2a: Lunala|[spread] \n|-activate|p2a: Lunala|move: Wide Guard\n|-activate|p2b: Terapagos|move: Wide Guard\n|move|p2b: Terapagos|Tera Starstorm|p1a: Lunala|[spread] \n|-activate|p1a: Lunala|move: Wide Guard\n|-activate|p1b: Calyrex|move: Wide Guard\n|\n|-heal|p2b: Terapagos|87/100|[from] item: Leftovers\n|upkeep\n|turn|8\n|\n|t:|1775762827\n|move|p1a: Lunala|Wide Guard|p1a: Lunala\n|-singleturn|p1a: Lunala|Wide Guard\n|move|p1b: Calyrex|Throat Chop|p2a: Lunala\n|-supereffective|p2a: Lunala\n|-damage|p2a: Lunala|0 fnt\n|faint|p2a: Lunala\n|-ability|p1b: Calyrex|Chilling Neigh|boost\n|-boost|p1b: Calyrex|atk|1\n|move|p2b: Terapagos|Tera Starstorm|p1a: Lunala|[spread] \n|-activate|p1a: Lunala|move: Wide Guard\n|-activate|p1b: Calyrex|move: Wide Guard\n|\n|-heal|p2b: Terapagos|93/100|[from] item: Leftovers\n|-sideend|p2: N jordan|Reflect\n|upkeep\n|\n|t:|1775762836\n|switch|p2a: Enamorus|Enamorus-Therian, L50, F|100/100\n|turn|9\n|\n|t:|1775762855\n|move|p1a: Lunala|Wide Guard|p1a: Lunala\n|-singleturn|p1a: Lunala|Wide Guard\n|move|p2a: Enamorus|Earth Power|p1b: Calyrex\n|-damage|p1b: Calyrex|45/100\n|move|p1b: Calyrex|Glacial Lance|p2b: Terapagos|[spread] p2a,p2b\n|-supereffective|p2a: Enamorus\n|-damage|p2a: Enamorus|0 fnt\n|-damage|p2b: Terapagos|47/100\n|faint|p2a: Enamorus\n|-ability|p1b: Calyrex|Chilling Neigh|boost\n|-boost|p1b: Calyrex|atk|1\n|move|p2b: Terapagos|Calm Mind|p2b: Terapagos\n|-boost|p2b: Terapagos|spa|1\n|-boost|p2b: Terapagos|spd|1\n|\n|-heal|p2b: Terapagos|53/100|[from] item: Leftovers\n|-sideend|p2: N jordan|move: Light Screen\n|upkeep\n|\n|t:|1775762862\n|switch|p2a: Grimmsnarl|Grimmsnarl, L50, M|1/100 slp\n|turn|10\n|\n|t:|1775762875\n|move|p1a: Lunala|Wide Guard|p1a: Lunala\n|-singleturn|p1a: Lunala|Wide Guard\n|-curestatus|p2a: Grimmsnarl|slp|[msg]\n|move|p2a: Grimmsnarl|Sucker Punch|p1b: Calyrex\n|-supereffective|p1b: Calyrex\n|-crit|p1b: Calyrex\n|-damage|p1b: Calyrex|0 fnt\n|faint|p1b: Calyrex\n|move|p2b: Terapagos|Earth Power|p1a: Lunala\n|-damage|p1a: Lunala|79/100\n|\n|-heal|p2b: Terapagos|59/100|[from] item: Leftovers\n|-fieldend|move: Trick Room\n|upkeep\n|\n|t:|1775762881\n|switch|p1b: Glimmora|Glimmora, L50, M|100/100\n|turn|11\n|\n|t:|1775762896\n|-terastallize|p1a: Lunala|Fairy\n|move|p2a: Grimmsnarl|Light Screen|p2a: Grimmsnarl\n|-sidestart|p2: N jordan|move: Light Screen\n|move|p2b: Terapagos|Tera Starstorm|p1b: Glimmora|[spread] p1a,p1b\n|-supereffective|p1a: Lunala\n|-damage|p1a: Lunala|0 fnt\n|-damage|p1b: Glimmora|36/100\n|faint|p1a: Lunala\n|move|p1b: Glimmora|Mortal Spin|p2a: Grimmsnarl|[spread] p2a,p2b\n|-supereffective|p2a: Grimmsnarl\n|-damage|p2a: Grimmsnarl|0 fnt\n|-damage|p2b: Terapagos|56/100\n|-status|p2b: Terapagos|psn\n|faint|p2a: Grimmsnarl\n|\n|-heal|p2b: Terapagos|62/100 psn|[from] item: Leftovers\n|-damage|p2b: Terapagos|50/100 psn|[from] psn\n|upkeep\n|turn|12\n|\n|t:|1775762908\n|move|p2b: Terapagos|Earth Power|p1b: Glimmora\n|-supereffective|p1b: Glimmora\n|-damage|p1b: Glimmora|0 fnt\n|faint|p1b: Glimmora\n|\n|win|N jordan\n|raw|Vovo112011's rating: 1318 &rarr; <strong>1295</strong><br />(-23 for losing)\n|raw|N jordan's rating: 1272 &rarr; <strong>1300</strong><br />(+28 for winning)\n|l|\u2606Vovo112011\n|player|p1|\n|l|\u2606N jordan\n|player|p2|\n","uploadtime":1775763179,"views":8,"formatid":"gen9vgc2026regi","rating":1295,"private":0,"password":null}