{"id":"gen9vgc2026regi-2570524048","format":"[Gen 9] VGC 2026 Reg I","players":["pskire","pigs2fly"],"log":"|j|\u2606pskire\n|j|\u2606pigs2fly\n|t:|1774819256\n|gametype|doubles\n|player|p1|pskire|cynthia-masters4|1515\n|player|p2|pigs2fly|dexio|1601\n|gen|9\n|tier|[Gen 9] VGC 2026 Reg I\n|rated|\n|rule|Species Clause: Limit one of each Pok\u00e9mon\n|rule|Item Clause: Limit 1 of each item\n|clearpoke\n|poke|p1|Calyrex-Shadow, L50|\n|poke|p1|Koraidon, L50|\n|poke|p1|Rillaboom, L50, F|\n|poke|p1|Incineroar, L50, M|\n|poke|p1|Volcarona, L50, F|\n|poke|p1|Regieleki, L50|\n|poke|p2|Annihilape, L50, M|\n|poke|p2|Tornadus, L50, M|\n|poke|p2|Dondozo, L50, M|\n|poke|p2|Tatsugiri, L50, M|\n|poke|p2|Zacian-*, L50|\n|poke|p2|Kyogre, L50|\n|teampreview|4\n|\n|t:|1774819266\n|teamsize|p1|4\n|teamsize|p2|4\n|start\n|switch|p1a: Calyrex|Calyrex-Shadow, L50|100/100\n|switch|p1b: Regieleki|Regieleki, L50|100/100\n|switch|p2a: Kyogre|Kyogre, L50|100/100\n|switch|p2b: Zacian|Zacian-Crowned, L50, shiny|100/100\n|-ability|p1a: Calyrex|As One\n|-ability|p1a: Calyrex|Unnerve\n|-ability|p2b: Zacian|Intrepid Sword|boost\n|-boost|p2b: Zacian|atk|1\n|-weather|RainDance|[from] ability: Drizzle|[of] p2a: Kyogre\n|turn|1\n|\n|t:|1774819275\n|move|p1b: Regieleki|Thunderbolt|p2b: Zacian\n|-damage|p2b: Zacian|56/100\n|-status|p2b: Zacian|par\n|move|p1a: Calyrex|Astral Barrage|p2a: Kyogre|[spread] p2a,p2b\n|-damage|p2a: Kyogre|71/100\n|-damage|p2b: Zacian|0 fnt\n|faint|p2b: Zacian\n|-ability|p1a: Calyrex|Grim Neigh|boost\n|-boost|p1a: Calyrex|spa|1\n|-damage|p1a: Calyrex|91/100|[from] item: Life Orb\n|move|p2a: Kyogre|Origin Pulse|p1a: Calyrex|[spread] p1a,p1b\n|-damage|p1a: Calyrex|18/100\n|-enditem|p1b: Regieleki|Focus Sash\n|-damage|p1b: Regieleki|1/100\n|\n|-weather|RainDance|[upkeep]\n|upkeep\n|\n|t:|1774819280\n|switch|p2b: Dondozo|Dondozo, L50, M|100/100\n|turn|2\n|\n|t:|1774819295\n|move|p2b: Dondozo|Protect|p2b: Dondozo\n|-singleturn|p2b: Dondozo|Protect\n|move|p1b: Regieleki|Volt Switch|p2b: Dondozo\n|-activate|p2b: Dondozo|move: Protect\n|move|p1a: Calyrex|Astral Barrage|p2a: Kyogre|[spread] p2a\n|-activate|p2b: Dondozo|move: Protect\n|-damage|p2a: Kyogre|28/100\n|-damage|p1a: Calyrex|8/100|[from] item: Life Orb\n|move|p2a: Kyogre|Origin Pulse|p1a: Calyrex|[spread] p1a,p1b\n|-crit|p1b: Regieleki\n|-damage|p1a: Calyrex|0 fnt\n|-damage|p1b: Regieleki|0 fnt\n|faint|p1a: Calyrex\n|faint|p1b: Regieleki\n|\n|-weather|RainDance|[upkeep]\n|upkeep\n|\n|t:|1774819298\n|switch|p1b: Rillaboom|Rillaboom, L50, F|100/100\n|switch|p1a: Koraidon|Koraidon, L50|100/100\n|-weather|SunnyDay|[from] ability: Orichalcum Pulse|[of] p1a: Koraidon\n|-activate|p1a: Koraidon|Orichalcum Pulse|[source]\n|-fieldstart|move: Grassy Terrain|[from] ability: Grassy Surge|[of] p1b: Rillaboom\n|turn|3\n|\n|t:|1774819314\n|switch|p2a: Tatsugiri|Tatsugiri, L50, M|100/100\n|-activate|p2a: Tatsugiri|ability: Commander|[of] p2b: Dondozo\n|-boost|p2b: Dondozo|atk|2\n|-boost|p2b: Dondozo|spa|2\n|-boost|p2b: Dondozo|spe|2\n|-boost|p2b: Dondozo|def|2\n|-boost|p2b: Dondozo|spd|2\n|move|p1a: Koraidon|Flare Blitz|p2b: Dondozo\n|-resisted|p2b: Dondozo\n|-damage|p2b: Dondozo|87/100\n|-damage|p1a: Koraidon|95/100|[from] Recoil\n|move|p2b: Dondozo|Order Up|p1a: Koraidon\n|-supereffective|p1a: Koraidon\n|-damage|p1a: Koraidon|31/100\n|-boost|p2b: Dondozo|atk|1\n|move|p1b: Rillaboom|Wood Hammer|p2b: Dondozo\n|-supereffective|p2b: Dondozo\n|-damage|p2b: Dondozo|41/100\n|-damage|p1b: Rillaboom|82/100|[from] Recoil\n|\n|-weather|SunnyDay|[upkeep]\n|-heal|p1a: Koraidon|37/100|[from] Grassy Terrain\n|-heal|p2b: Dondozo|47/100|[from] Grassy Terrain\n|-heal|p2b: Dondozo|53/100|[from] item: Leftovers\n|-heal|p1b: Rillaboom|88/100|[from] Grassy Terrain\n|upkeep\n|turn|4\n|\n|t:|1774819319\n|move|p1a: Koraidon|Protect|p1a: Koraidon\n|-singleturn|p1a: Koraidon|Protect\n|move|p2b: Dondozo|Protect|p2b: Dondozo\n|-singleturn|p2b: Dondozo|Protect\n|move|p1b: Rillaboom|Wood Hammer|p2b: Dondozo\n|-activate|p2b: Dondozo|move: Protect\n|\n|-weather|SunnyDay|[upkeep]\n|-heal|p1a: Koraidon|43/100|[from] Grassy Terrain\n|-heal|p2b: Dondozo|60/100|[from] Grassy Terrain\n|-heal|p2b: Dondozo|66/100|[from] item: Leftovers\n|-heal|p1b: Rillaboom|94/100|[from] Grassy Terrain\n|upkeep\n|turn|5\n|\n|t:|1774819335\n|-terastallize|p1a: Koraidon|Fire\n|move|p1a: Koraidon|Flare Blitz|p2b: Dondozo\n|-resisted|p2b: Dondozo\n|-damage|p2b: Dondozo|45/100\n|-damage|p1a: Koraidon|35/100|[from] Recoil\n|move|p2b: Dondozo|Order Up|p1a: Koraidon\n|-damage|p1a: Koraidon|0 fnt\n|faint|p1a: Koraidon\n|-boost|p2b: Dondozo|atk|1\n|move|p1b: Rillaboom|Wood Hammer|p2b: Dondozo\n|-supereffective|p2b: Dondozo\n|-damage|p2b: Dondozo|0 fnt\n|faint|p2b: Dondozo\n|-damage|p1b: Rillaboom|77/100|[from] Recoil\n|\n|-weather|SunnyDay|[upkeep]\n|-heal|p1b: Rillaboom|83/100|[from] Grassy Terrain\n|upkeep\n|\n|t:|1774819339\n|switch|p2b: Kyogre|Kyogre, L50|28/100\n|-weather|RainDance|[from] ability: Drizzle|[of] p2b: Kyogre\n|turn|6\n|\n|t:|1774819346\n|move|p1b: Rillaboom|Grassy Glide|p2b: Kyogre\n|-supereffective|p2b: Kyogre\n|-damage|p2b: Kyogre|0 fnt\n|faint|p2b: Kyogre\n|move|p2a: Tatsugiri|Dragon Pulse|p1b: Rillaboom\n|-damage|p1b: Rillaboom|57/100\n|\n|-weather|RainDance|[upkeep]\n|-heal|p1b: Rillaboom|63/100|[from] Grassy Terrain\n|upkeep\n|turn|7\n|\n|t:|1774819358\n|move|p2a: Tatsugiri|Protect|p2a: Tatsugiri\n|-singleturn|p2a: Tatsugiri|Protect\n|move|p1b: Rillaboom|Grassy Glide|p2a: Tatsugiri\n|-activate|p2a: Tatsugiri|move: Protect\n|\n|-weather|RainDance|[upkeep]\n|-heal|p1b: Rillaboom|69/100|[from] Grassy Terrain\n|-fieldend|move: Grassy Terrain\n|upkeep\n|turn|8\n|\n|t:|1774819367\n|-terastallize|p2a: Tatsugiri|Stellar\n|move|p2a: Tatsugiri|Dragon Pulse|p1b: Rillaboom\n|-damage|p1b: Rillaboom|33/100\n|move|p1b: Rillaboom|Grassy Glide|p2a: Tatsugiri\n|-damage|p2a: Tatsugiri|54/100\n|\n|-weather|RainDance|[upkeep]\n|upkeep\n|turn|9\n|\n|t:|1774819384\n|move|p2a: Tatsugiri|Dragon Pulse|p1b: Rillaboom\n|-damage|p1b: Rillaboom|6/100\n|move|p1b: Rillaboom|Wood Hammer|p2a: Tatsugiri\n|-damage|p2a: Tatsugiri|0 fnt\n|faint|p2a: Tatsugiri\n|-damage|p1b: Rillaboom|0 fnt|[from] Recoil\n|faint|p1b: Rillaboom\n|\n|win|pskire\n|raw|pskire's rating: 1515 &rarr; <strong>1540</strong><br />(+25 for winning)\n|raw|pigs2fly's rating: 1601 &rarr; <strong>1576</strong><br />(-25 for losing)\n","uploadtime":1774819385,"views":65,"formatid":"gen9vgc2026regi","rating":1540,"private":0,"password":null}