{"id":"gen9vgc2026regi-2523513200","format":"[Gen 9] VGC 2026 Reg I","players":["j0l0k0","Helloguyslol"],"log":"|j|\u2606j0l0k0\n|j|\u2606Helloguyslol\n|t:|1769032631\n|gametype|doubles\n|player|p1|j0l0k0|brycen|1299\n|player|p2|Helloguyslol|unknown|1227\n|gen|9\n|tier|[Gen 9] VGC 2026 Reg I\n|rated|\n|rule|Species Clause: Limit one of each Pok\u00e9mon\n|rule|Item Clause: Limit 1 of each item\n|clearpoke\n|poke|p1|Calyrex-Ice, L50|\n|poke|p1|Kyogre, L50|\n|poke|p1|Indeedee-F, L50, F|\n|poke|p1|Urshifu-*, L50, F|\n|poke|p1|Amoonguss, L50, F|\n|poke|p1|Landorus, L50, M|\n|poke|p2|Calyrex-Shadow, L50|\n|poke|p2|Koraidon, L50|\n|poke|p2|Amoonguss, L50, F|\n|poke|p2|Incineroar, L50, F|\n|poke|p2|Whimsicott, L50, F|\n|poke|p2|Garganacl, L50, F|\n|teampreview|4\n|inactive|Battle timer is ON: inactive players will automatically lose when time's up. (requested by j0l0k0)\n|inactive|Helloguyslol also wants the timer to be on.\n|inactive|Helloguyslol has 60 seconds left.\n|\n|t:|1769032665\n|teamsize|p1|4\n|teamsize|p2|4\n|start\n|switch|p1a: Indeedee|Indeedee-F, L50, F, shiny|100/100\n|switch|p1b: Calyrex|Calyrex-Ice, L50|100/100\n|switch|p2a: Garganacl|Garganacl, L50, F, shiny|100/100\n|switch|p2b: Incineroar|Incineroar, L50, F|100/100\n|-ability|p1b: Calyrex|As One\n|-ability|p1b: Calyrex|Unnerve\n|-fieldstart|move: Psychic Terrain|[from] ability: Psychic Surge|[of] p1a: Indeedee\n|-ability|p2b: Incineroar|Intimidate|boost\n|-unboost|p1a: Indeedee|atk|1\n|-fail|p1b: Calyrex|unboost|[from] item: Clear Amulet|[of] p1b: Calyrex\n|turn|1\n|\n|t:|1769032688\n|move|p1a: Indeedee|Follow Me|p1a: Indeedee\n|-singleturn|p1a: Indeedee|move: Follow Me\n|move|p2b: Incineroar|Knock Off|p1a: Indeedee\n|-supereffective|p1a: Indeedee\n|-damage|p1a: Indeedee|0 fnt\n|-enditem|p1a: Indeedee|Safety Goggles|[from] move: Knock Off|[of] p2b: Incineroar\n|faint|p1a: Indeedee\n|move|p2a: Garganacl|Salt Cure|p1b: Calyrex\n|-supereffective|p1b: Calyrex\n|-damage|p1b: Calyrex|82/100\n|-start|p1b: Calyrex|Salt Cure\n|move|p1b: Calyrex|Glacial Lance|p2a: Garganacl|[spread] p2a,p2b\n|-resisted|p2b: Incineroar\n|-damage|p2a: Garganacl|65/100\n|-damage|p2b: Incineroar|71/100\n|\n|-heal|p2a: Garganacl|71/100|[from] item: Leftovers\n|-damage|p1b: Calyrex|70/100|[from] Salt Cure\n|upkeep\n|\n|t:|1769032703\n|switch|p1a: Kyogre|Kyogre, L50, shiny|100/100\n|-weather|RainDance|[from] ability: Drizzle|[of] p1a: Kyogre\n|turn|2\n|\n|t:|1769032713\n|move|p2a: Garganacl|Wide Guard|p2a: Garganacl\n|-singleturn|p2a: Garganacl|Wide Guard\n|move|p1a: Kyogre|Hydro Pump|p2b: Incineroar\n|-supereffective|p2b: Incineroar\n|-damage|p2b: Incineroar|0 fnt\n|faint|p2b: Incineroar\n|move|p1b: Calyrex|Trick Room|p1b: Calyrex\n|-fieldstart|move: Trick Room|[of] p1b: Calyrex\n|\n|-weather|RainDance|[upkeep]\n|-heal|p2a: Garganacl|77/100|[from] item: Leftovers\n|-damage|p1b: Calyrex|58/100|[from] Salt Cure\n|upkeep\n|\n|t:|1769032719\n|switch|p2b: Amoonguss|Amoonguss, L50, F, shiny|100/100\n|turn|3\n|inactive|Helloguyslol has 30 seconds left.\n|\n|t:|1769032752\n|-terastallize|p2b: Amoonguss|Water\n|-terastallize|p1a: Kyogre|Grass\n|move|p1b: Calyrex|Glacial Lance|p2b: Amoonguss|[spread] p2a,p2b\n|-resisted|p2b: Amoonguss\n|-damage|p2a: Garganacl|40/100\n|-damage|p2b: Amoonguss|79/100\n|move|p2b: Amoonguss|Spore|p1a: Kyogre\n|-immune|p1a: Kyogre\n|move|p2a: Garganacl|Salt Cure|p1a: Kyogre\n|-damage|p1a: Kyogre|87/100\n|-start|p1a: Kyogre|Salt Cure\n|move|p1a: Kyogre|Hydro Pump|p2a: Garganacl\n|-supereffective|p2a: Garganacl\n|-damage|p2a: Garganacl|0 fnt\n|faint|p2a: Garganacl\n|\n|-weather|RainDance|[upkeep]\n|-damage|p1b: Calyrex|46/100|[from] Salt Cure\n|-damage|p1a: Kyogre|75/100|[from] Salt Cure\n|upkeep\n|\n|t:|1769032756\n|switch|p2a: Calyrex|Calyrex-Shadow, L50|100/100\n|-ability|p2a: Calyrex|As One\n|-ability|p2a: Calyrex|Unnerve\n|turn|4\n|\n|t:|1769032777\n|move|p2b: Amoonguss|Protect|p2b: Amoonguss\n|-singleturn|p2b: Amoonguss|Protect\n|move|p2a: Calyrex|Protect|p2a: Calyrex\n|-singleturn|p2a: Calyrex|Protect\n|move|p1b: Calyrex|Glacial Lance|p2b: Amoonguss|[spread] \n|-activate|p2a: Calyrex|move: Protect\n|-activate|p2b: Amoonguss|move: Protect\n|move|p1a: Kyogre|Thunder|p2b: Amoonguss\n|-activate|p2b: Amoonguss|move: Protect\n|\n|-weather|RainDance|[upkeep]\n|-damage|p1b: Calyrex|34/100|[from] Salt Cure\n|-damage|p1a: Kyogre|63/100|[from] Salt Cure\n|upkeep\n|turn|5\n|\n|t:|1769032791\n|move|p1b: Calyrex|Crunch|p2a: Calyrex\n|-supereffective|p2a: Calyrex\n|-enditem|p2a: Calyrex|Focus Sash\n|-damage|p2a: Calyrex|1/100\n|move|p2b: Amoonguss|Sludge Bomb|p1a: Kyogre\n|-supereffective|p1a: Kyogre\n|-damage|p1a: Kyogre|37/100\n|move|p1a: Kyogre|Thunder|p2b: Amoonguss\n|-supereffective|p2b: Amoonguss\n|-damage|p2b: Amoonguss|0 fnt\n|faint|p2b: Amoonguss\n|move|p2a: Calyrex|Astral Barrage|p1b: Calyrex|[spread] p1a,p1b\n|-supereffective|p1b: Calyrex\n|-damage|p1a: Kyogre|13/100\n|-damage|p1b: Calyrex|0 fnt\n|faint|p1b: Calyrex\n|-ability|p2a: Calyrex|Grim Neigh|boost\n|-boost|p2a: Calyrex|spa|1\n|\n|-weather|RainDance|[upkeep]\n|-damage|p1a: Kyogre|1/100|[from] Salt Cure\n|-fieldend|move: Psychic Terrain\n|upkeep\n|\n|t:|1769032810\n|switch|p1b: Urshifu|Urshifu, L50, F|100/100\n|turn|6\n|\n|t:|1769032818\n|move|p1a: Kyogre|Ice Beam|p2a: Calyrex\n|-damage|p2a: Calyrex|0 fnt\n|faint|p2a: Calyrex\n|\n|win|j0l0k0\n|raw|j0l0k0's rating: 1299 &rarr; <strong>1319</strong><br />(+20 for winning)\n|raw|Helloguyslol's rating: 1227 &rarr; <strong>1207</strong><br />(-20 for losing)\n|l|\u2606Helloguyslol\n|player|p2|\n|l|\u2606j0l0k0\n|player|p1|\n","uploadtime":1769033066,"views":11,"formatid":"gen9vgc2026regi","rating":1207,"private":0,"password":null}