{"id":"gen9vgc2026regi-2524956256","format":"[Gen 9] VGC 2026 Reg I","players":["neysh vgc","Shagrathisbeast"],"log":"|j|\u2606neysh vgc\n|j|\u2606Shagrathisbeast\n|t:|1769210093\n|gametype|doubles\n|player|p1|neysh vgc|palmer|1066\n|player|p2|Shagrathisbeast|steven|1241\n|gen|9\n|tier|[Gen 9] VGC 2026 Reg I\n|rated|\n|rule|Species Clause: Limit one of each Pok\u00e9mon\n|rule|Item Clause: Limit 1 of each item\n|clearpoke\n|poke|p1|Incineroar, L50, M|\n|poke|p1|Miraidon, L50|\n|poke|p1|Iron Bundle, L50|\n|poke|p1|Iron Hands, L50|\n|poke|p1|Calyrex-Ice, L50|\n|poke|p1|Farigiraf, L50, F|\n|poke|p2|Kyogre, L50|\n|poke|p2|Indeedee-F, L50, F|\n|poke|p2|Zamazenta-*, L50|\n|poke|p2|Landorus, L50, M|\n|poke|p2|Chien-Pao, L50|\n|poke|p2|Dragonite, L50, M|\n|teampreview|4\n|j| belmontelcdtm\n|l| belmontelcdtm\n|inactive|Battle timer is ON: inactive players will automatically lose when time's up. (requested by neysh vgc)\n|inactive|Shagrathisbeast has 60 seconds left.\n|\n|t:|1769210169\n|teamsize|p1|4\n|teamsize|p2|4\n|start\n|switch|p1a: Miraidon|Miraidon, L50|100/100\n|switch|p1b: Iron Bundle|Iron Bundle, L50|100/100\n|switch|p2a: Kyogre|Kyogre, L50, shiny|100/100\n|switch|p2b: Chien-Pao|Chien-Pao, L50|100/100\n|-weather|RainDance|[from] ability: Drizzle|[of] p2a: Kyogre\n|-ability|p2b: Chien-Pao|Sword of Ruin\n|-fieldstart|move: Electric Terrain|[from] ability: Hadron Engine|[of] p1a: Miraidon\n|-activate|p1b: Iron Bundle|ability: Quark Drive\n|-start|p1b: Iron Bundle|quarkdrivespe\n|turn|1\n|l|\u2606neysh vgc\n|inactive|neysh vgc disconnected and has a minute to reconnect!\n|player|p1|\n|j|\u2606neysh vgc\n|inactive|neysh vgc reconnected and has 50 seconds left.\n|player|p1|neysh vgc|palmer|\n|inactive|neysh vgc has 30 seconds left.\n|inactive|Shagrathisbeast has 30 seconds left.\n|\n|t:|1769210204\n|switch|p2a: Indeedee|Indeedee-F, L50, F|100/100\n|-fieldstart|move: Psychic Terrain|[from] ability: Psychic Surge|[of] p2a: Indeedee\n|-end|p1b: Iron Bundle|Quark Drive\n|move|p2b: Chien-Pao|Protect|p2b: Chien-Pao\n|-singleturn|p2b: Chien-Pao|Protect\n|move|p1b: Iron Bundle|Icy Wind|p2a: Indeedee|[spread] p2a\n|-activate|p2b: Chien-Pao|move: Protect\n|-damage|p2a: Indeedee|82/100\n|-unboost|p2a: Indeedee|spe|1\n|move|p1a: Miraidon|Volt Switch|p2a: Indeedee\n|-damage|p2a: Indeedee|20/100\n|\n|t:|1769210215\n|switch|p1a: Iron Hands|Iron Hands, L50|100/100|[from] Volt Switch\n|\n|-weather|RainDance|[upkeep]\n|upkeep\n|turn|2\n|inactive|Shagrathisbeast has 30 seconds left.\n|inactive|neysh vgc has 30 seconds left.\n|inactive|neysh vgc has 20 seconds left.\n|\n|t:|1769210256\n|move|p2a: Indeedee|Follow Me|p2a: Indeedee\n|-singleturn|p2a: Indeedee|move: Follow Me\n|move|p1b: Iron Bundle|Encore|p2a: Indeedee\n|-start|p2a: Indeedee|Encore\n|move|p2b: Chien-Pao|Throat Chop|p1b: Iron Bundle\n|-damage|p1b: Iron Bundle|34/100\n|-start|p1b: Iron Bundle|Throat Chop|[silent]\n|move|p1a: Iron Hands|Wild Charge|p2a: Indeedee\n|-damage|p2a: Indeedee|0 fnt\n|-damage|p1a: Iron Hands|84/100|[from] item: Rocky Helmet|[of] p2a: Indeedee\n|faint|p2a: Indeedee\n|-damage|p1a: Iron Hands|81/100|[from] Recoil\n|\n|-weather|RainDance|[upkeep]\n|upkeep\n|\n|t:|1769210267\n|switch|p2a: Zamazenta|Zamazenta-Crowned, L50, shiny|100/100\n|-ability|p2a: Zamazenta|Dauntless Shield|boost\n|-boost|p2a: Zamazenta|def|1\n|turn|3\n|inactive|Shagrathisbeast has 30 seconds left.\n|inactive|Shagrathisbeast has 20 seconds left.\n|inactive|Shagrathisbeast has 15 seconds left.\n|\n|t:|1769210308\n|move|p2a: Zamazenta|Wide Guard|p2a: Zamazenta\n|-singleturn|p2a: Zamazenta|Wide Guard\n|move|p1b: Iron Bundle|Chilling Water|p2b: Chien-Pao\n|-damage|p2b: Chien-Pao|44/100\n|-unboost|p2b: Chien-Pao|atk|1\n|move|p2b: Chien-Pao|Throat Chop|p1b: Iron Bundle\n|-damage|p1b: Iron Bundle|0 fnt\n|faint|p1b: Iron Bundle\n|-end|p1b: Iron Bundle|Quark Drive|[silent]\n|move|p1a: Iron Hands|Low Kick|p2a: Zamazenta\n|-supereffective|p2a: Zamazenta\n|-damage|p2a: Zamazenta|25/100\n|\n|-weather|RainDance|[upkeep]\n|upkeep\n|\n|t:|1769210324\n|switch|p1b: Miraidon|Miraidon, L50|100/100\n|-fieldstart|move: Electric Terrain|[from] ability: Hadron Engine|[of] p1b: Miraidon\n|-activate|p1a: Iron Hands|ability: Quark Drive\n|-start|p1a: Iron Hands|quarkdriveatk\n|turn|4\n|\n|t:|1769210338\n|-terastallize|p1b: Miraidon|Fairy\n|move|p2b: Chien-Pao|Protect|p2b: Chien-Pao\n|-singleturn|p2b: Chien-Pao|Protect\n|move|p2a: Zamazenta|Protect|p2a: Zamazenta\n|-singleturn|p2a: Zamazenta|Protect\n|move|p1b: Miraidon|Dazzling Gleam|p2b: Chien-Pao|[spread] \n|-activate|p2a: Zamazenta|move: Protect\n|-activate|p2b: Chien-Pao|move: Protect\n|move|p1a: Iron Hands|Wild Charge|p2a: Zamazenta\n|-activate|p2a: Zamazenta|move: Protect\n|\n|-weather|RainDance|[upkeep]\n|upkeep\n|turn|5\n|\n|t:|1769210361\n|move|p2a: Zamazenta|Wide Guard|p2a: Zamazenta\n|-singleturn|p2a: Zamazenta|Wide Guard\n|move|p2b: Chien-Pao|Ice Spinner|p1a: Iron Hands\n|-damage|p1a: Iron Hands|59/100\n|-fieldend|move: Electric Terrain\n|-end|p1a: Iron Hands|Quark Drive\n|move|p1b: Miraidon|Dazzling Gleam|p2b: Chien-Pao|[spread] \n|-activate|p2a: Zamazenta|move: Wide Guard\n|-activate|p2b: Chien-Pao|move: Wide Guard\n|move|p1a: Iron Hands|Wild Charge|p2a: Zamazenta\n|-damage|p2a: Zamazenta|0 fnt\n|faint|p2a: Zamazenta\n|-damage|p1a: Iron Hands|55/100|[from] Recoil\n|\n|-weather|none\n|upkeep\n|\n|t:|1769210368\n|switch|p2a: Kyogre|Kyogre, L50, shiny|100/100\n|-weather|RainDance|[from] ability: Drizzle|[of] p2a: Kyogre\n|turn|6\n|\n|t:|1769210383\n|-terastallize|p2a: Kyogre|Water\n|move|p2a: Kyogre|Water Spout|p1b: Miraidon|[spread] p1a,p1b\n|-damage|p1a: Iron Hands|0 fnt\n|-damage|p1b: Miraidon|0 fnt\n|faint|p1a: Iron Hands\n|-end|p1a: Iron Hands|Quark Drive|[silent]\n|faint|p1b: Miraidon\n|move|p2b: Chien-Pao|Throat Chop|p1: Iron Hands|[notarget]\n|-fail|p2b: Chien-Pao\n|\n|-weather|RainDance|[upkeep]\n|upkeep\n|-message|neysh vgc forfeited.\n|\n|win|Shagrathisbeast\n|raw|neysh vgc's rating: 1066 &rarr; <strong>1055</strong><br />(-11 for losing)\n|raw|Shagrathisbeast's rating: 1241 &rarr; <strong>1254</strong><br />(+13 for winning)\n|l|\u2606neysh vgc\n|player|p1|\n","uploadtime":1769210411,"views":12,"formatid":"gen9vgc2026regi","rating":1055,"private":0,"password":null}