{"id":"gen9vgc2026regi-2584140297","format":"[Gen 9] VGC 2026 Reg I","players":["kyoshi4","wizzywhy"],"log":"|j|\u2606kyoshi4\n|j|\u2606wizzywhy\n|t:|1776229763\n|gametype|doubles\n|player|p1|kyoshi4|cynthia-gen4|1524\n|player|p2|wizzywhy|1|1555\n|gen|9\n|tier|[Gen 9] VGC 2026 Reg I\n|rated|\n|rule|Species Clause: Limit one of each Pok\u00e9mon\n|rule|Item Clause: Limit 1 of each item\n|clearpoke\n|poke|p1|Chien-Pao, L50|\n|poke|p1|Kyogre, L50|\n|poke|p1|Amoonguss, L50, M|\n|poke|p1|Landorus, L50, M|\n|poke|p1|Iron Jugulis, L50|\n|poke|p1|Zamazenta-*, L50|\n|poke|p2|Incineroar, L50, F|\n|poke|p2|Calyrex-Shadow, L50|\n|poke|p2|Whimsicott, L50, M|\n|poke|p2|Miraidon, L50|\n|poke|p2|Urshifu-*, L50, F|\n|poke|p2|Raging Bolt, L50|\n|teampreview|4\n|inactive|Battle timer is ON: inactive players will automatically lose when time's up. (requested by kyoshi4)\n|\n|t:|1776229779\n|teamsize|p1|4\n|teamsize|p2|4\n|start\n|switch|p1a: Chien-Pao|Chien-Pao, L50|100/100\n|switch|p1b: Zamazenta|Zamazenta-Crowned, L50|100/100\n|switch|p2a: Miraidon|Miraidon, L50|100/100\n|switch|p2b: Incineroar|Incineroar, L50, F|100/100\n|-fieldstart|move: Electric Terrain|[from] ability: Hadron Engine|[of] p2a: Miraidon\n|-ability|p1a: Chien-Pao|Sword of Ruin\n|-ability|p1b: Zamazenta|Dauntless Shield|boost\n|-boost|p1b: Zamazenta|def|1\n|-ability|p2b: Incineroar|Intimidate|boost\n|-unboost|p1a: Chien-Pao|atk|1\n|-unboost|p1b: Zamazenta|atk|1\n|turn|1\n|\n|t:|1776229795\n|-terastallize|p2a: Miraidon|Fairy\n|move|p2b: Incineroar|Fake Out|p1b: Zamazenta\n|-resisted|p1b: Zamazenta\n|-damage|p1b: Zamazenta|98/100\n|move|p2a: Miraidon|Dazzling Gleam|p1b: Zamazenta|[spread] p1a,p1b\n|-supereffective|p1a: Chien-Pao\n|-enditem|p1a: Chien-Pao|Focus Sash\n|-damage|p1a: Chien-Pao|1/100\n|-damage|p1b: Zamazenta|56/100\n|move|p1a: Chien-Pao|Icy Wind|p2a: Miraidon|[spread] p2a,p2b\n|-resisted|p2b: Incineroar\n|-damage|p2a: Miraidon|89/100\n|-damage|p2b: Incineroar|96/100\n|-unboost|p2a: Miraidon|spe|1\n|-unboost|p2b: Incineroar|spe|1\n|cant|p1b: Zamazenta|flinch\n|\n|upkeep\n|turn|2\n|inactive|wizzywhy has 30 seconds left.\n|inactive|kyoshi4 has 30 seconds left.\n|inactive|wizzywhy has 20 seconds left.\n|inactive|wizzywhy has 15 seconds left.\n|\n|t:|1776229835\n|switch|p2a: Whimsicott|Whimsicott, L50, M|100/100\n|move|p1a: Chien-Pao|Protect|p1a: Chien-Pao\n|-singleturn|p1a: Chien-Pao|Protect\n|move|p1b: Zamazenta|Body Press|p2b: Incineroar\n|-supereffective|p2b: Incineroar\n|-damage|p2b: Incineroar|0 fnt\n|-damage|p1b: Zamazenta|39/100|[from] item: Rocky Helmet|[of] p2b: Incineroar\n|faint|p2b: Incineroar\n|\n|upkeep\n|\n|t:|1776229850\n|switch|p2b: Miraidon|Miraidon, L50, tera:Fairy|89/100\n|-activate|p2b: Miraidon|ability: Hadron Engine\n|turn|3\n|inactive|wizzywhy has 30 seconds left.\n|\n|t:|1776229875\n|move|p1b: Zamazenta|Wide Guard|p1b: Zamazenta\n|-singleturn|p1b: Zamazenta|Wide Guard\n|move|p2a: Whimsicott|Tailwind|p2a: Whimsicott\n|-sidestart|p2: wizzywhy|move: Tailwind\n|move|p2b: Miraidon|Volt Switch|p1a: Chien-Pao\n|-damage|p1a: Chien-Pao|0 fnt\n|faint|p1a: Chien-Pao\n|\n|t:|1776229883\n|switch|p2b: Calyrex|Calyrex-Shadow, L50|100/100|[from] Volt Switch\n|-ability|p2b: Calyrex|As One\n|-ability|p2b: Calyrex|Unnerve\n|\n|upkeep\n|\n|t:|1776229885\n|switch|p1a: Iron Jugulis|Iron Jugulis, L50|100/100\n|-activate|p1a: Iron Jugulis|ability: Quark Drive\n|-start|p1a: Iron Jugulis|quarkdrivespe\n|turn|4\n|\n|t:|1776229900\n|-terastallize|p1a: Iron Jugulis|Steel\n|move|p1b: Zamazenta|Protect|p1b: Zamazenta\n|-singleturn|p1b: Zamazenta|Protect\n|move|p2b: Calyrex|Psychic|p1b: Zamazenta\n|-activate|p1b: Zamazenta|move: Protect\n|move|p2a: Whimsicott|Moonblast|p1a: Iron Jugulis\n|-resisted|p1a: Iron Jugulis\n|-damage|p1a: Iron Jugulis|82/100\n|move|p1a: Iron Jugulis|Tailwind|p1a: Iron Jugulis\n|-sidestart|p1: kyoshi4|move: Tailwind\n|\n|upkeep\n|turn|5\n|j| ChongMing\n|\n|t:|1776229921\n|move|p1b: Zamazenta|Wide Guard|p1b: Zamazenta\n|-singleturn|p1b: Zamazenta|Wide Guard\n|move|p2a: Whimsicott|Encore|p1b: Zamazenta\n|-start|p1b: Zamazenta|Encore\n|move|p1a: Iron Jugulis|Snarl|p2a: Whimsicott|[spread] p2b\n|-miss|p1a: Iron Jugulis|p2a: Whimsicott\n|-supereffective|p2b: Calyrex\n|-damage|p2b: Calyrex|32/100\n|-unboost|p2b: Calyrex|spa|1\n|move|p2b: Calyrex|Astral Barrage|p1b: Zamazenta|[spread] \n|-activate|p1a: Iron Jugulis|move: Wide Guard\n|-activate|p1b: Zamazenta|move: Wide Guard\n|\n|-fieldend|move: Electric Terrain\n|-end|p1a: Iron Jugulis|Quark Drive\n|upkeep\n|-enditem|p1a: Iron Jugulis|Booster Energy\n|-activate|p1a: Iron Jugulis|ability: Quark Drive|[fromitem]\n|-start|p1a: Iron Jugulis|quarkdrivespe\n|turn|6\n|\n|t:|1776229943\n|move|p2a: Whimsicott|Helping Hand|p2b: Calyrex\n|-singleturn|p2b: Calyrex|Helping Hand|[of] p2a: Whimsicott\n|move|p1b: Zamazenta|Wide Guard|p1b: Zamazenta\n|-singleturn|p1b: Zamazenta|Wide Guard\n|move|p1a: Iron Jugulis|Snarl|p2b: Calyrex|[spread] p2a,p2b\n|-resisted|p2a: Whimsicott\n|-supereffective|p2b: Calyrex\n|-damage|p2a: Whimsicott|86/100\n|-damage|p2b: Calyrex|0 fnt\n|faint|p2b: Calyrex\n|\n|-sideend|p2: wizzywhy|move: Tailwind\n|upkeep\n|\n|t:|1776229953\n|switch|p2b: Miraidon|Miraidon, L50, tera:Fairy|89/100\n|-fieldstart|move: Electric Terrain|[from] ability: Hadron Engine|[of] p2b: Miraidon\n|turn|7\n|inactive|kyoshi4 has 30 seconds left.\n|j| dragondrivevgc\n|inactive|kyoshi4 has 20 seconds left.\n|\n|t:|1776229990\n|switch|p1b: Kyogre|Kyogre, L50|100/100\n|-weather|RainDance|[from] ability: Drizzle|[of] p1b: Kyogre\n|move|p2a: Whimsicott|Tailwind|p2a: Whimsicott\n|-sidestart|p2: wizzywhy|move: Tailwind\n|move|p1a: Iron Jugulis|Hurricane|p2a: Whimsicott\n|-supereffective|p2a: Whimsicott\n|-damage|p2a: Whimsicott|0 fnt\n|faint|p2a: Whimsicott\n|move|p2b: Miraidon|Electro Drift|p1a: Iron Jugulis\n|-damage|p1a: Iron Jugulis|0 fnt\n|faint|p1a: Iron Jugulis\n|-end|p1a: Iron Jugulis|Quark Drive|[silent]\n|\n|-weather|RainDance|[upkeep]\n|-sideend|p1: kyoshi4|move: Tailwind\n|upkeep\n|\n|t:|1776230002\n|switch|p1a: Zamazenta|Zamazenta-Crowned, L50|39/100\n|turn|8\n|\n|t:|1776230011\n|move|p1a: Zamazenta|Protect|p1a: Zamazenta\n|-singleturn|p1a: Zamazenta|Protect\n|move|p2b: Miraidon|Electro Drift|p1a: Zamazenta\n|-activate|p1a: Zamazenta|move: Protect\n|move|p1b: Kyogre|Water Spout|p2b: Miraidon\n|-damage|p2b: Miraidon|0 fnt\n|faint|p2b: Miraidon\n|\n|win|kyoshi4\n|raw|kyoshi4's rating: 1524 &rarr; <strong>1546</strong><br />(+22 for winning)\n|raw|wizzywhy's rating: 1555 &rarr; <strong>1533</strong><br />(-22 for losing)\n|l|\u2606wizzywhy\n|player|p2|\n|l| ChongMing\n","uploadtime":1776230026,"views":197,"formatid":"gen9vgc2026regi","rating":1533,"private":0,"password":null}