{"id":"gen9vgc2026regi-2553310758","format":"[Gen 9] VGC 2026 Reg I","players":["Nuburu","partigiano jonny"],"log":"|j|\u2606Nuburu\n|j|\u2606partigiano jonny\n|t:|1772819325\n|gametype|doubles\n|player|p1|Nuburu|169|1450\n|player|p2|partigiano jonny|volkner|1586\n|gen|9\n|tier|[Gen 9] VGC 2026 Reg I\n|rated|\n|rule|Species Clause: Limit one of each Pok\u00e9mon\n|rule|Item Clause: Limit 1 of each item\n|clearpoke\n|poke|p1|Koraidon, L50|\n|poke|p1|Flutter Mane, L50|\n|poke|p1|Chi-Yu, L50|\n|poke|p1|Terapagos, L50, M|\n|poke|p1|Volcarona, L50, F|\n|poke|p1|Indeedee-F, L50, F|\n|poke|p2|Terapagos, L50, M|\n|poke|p2|Miraidon, L50|\n|poke|p2|Incineroar, L50, M|\n|poke|p2|Iron Treads, L50|\n|poke|p2|Sinistcha, L50|\n|poke|p2|Urshifu-*, L50, F|\n|teampreview|4\n|inactive|Battle timer is ON: inactive players will automatically lose when time's up. (requested by partigiano jonny)\n|inactive|Nuburu has 60 seconds left.\n|\n|t:|1772819369\n|teamsize|p1|4\n|teamsize|p2|4\n|start\n|switch|p1a: Flutter Mane|Flutter Mane, L50|100/100\n|switch|p1b: Chi-Yu|Chi-Yu, L50|100/100\n|switch|p2a: Terapagos|Terapagos, L50, M|100/100\n|switch|p2b: Urshifu|Urshifu-Rapid-Strike, L50, F|100/100\n|-activate|p2a: Terapagos|ability: Tera Shift\n|detailschange|p2a: Terapagos|Terapagos-Terastal, L50, M\n|-heal|p2a: Terapagos|100/100|[silent]\n|-ability|p1b: Chi-Yu|Beads of Ruin\n|turn|1\n|inactive|partigiano jonny has 30 seconds left.\n|inactive|partigiano jonny has 20 seconds left.\n|\n|t:|1772819407\n|switch|p1b: Indeedee|Indeedee-F, L50, F|100/100\n|-fieldstart|move: Psychic Terrain|[from] ability: Psychic Surge|[of] p1b: Indeedee\n|-terastallize|p2b: Urshifu|Water\n|move|p2b: Urshifu|Aqua Jet|p1b: Indeedee\n|-activate|p1b: Indeedee|move: Psychic Terrain\n|move|p1a: Flutter Mane|Moonblast|p2b: Urshifu\n|-damage|p2b: Urshifu|40/100\n|move|p2a: Terapagos|Calm Mind|p2a: Terapagos\n|-boost|p2a: Terapagos|spa|1\n|-boost|p2a: Terapagos|spd|1\n|\n|upkeep\n|turn|2\n|\n|t:|1772819425\n|switch|p2b: Incineroar|Incineroar, L50, M|100/100\n|-ability|p2b: Incineroar|Intimidate|boost\n|-unboost|p1a: Flutter Mane|atk|1\n|-unboost|p1b: Indeedee|atk|1\n|move|p1b: Indeedee|Helping Hand|p1a: Flutter Mane\n|-singleturn|p1a: Flutter Mane|Helping Hand|[of] p1b: Indeedee\n|move|p1a: Flutter Mane|Dazzling Gleam|p2b: Incineroar|[spread] p2a,p2b\n|-activate|p2a: Terapagos|ability: Tera Shell\n|-resisted|p2a: Terapagos\n|-damage|p2a: Terapagos|87/100\n|-damage|p2b: Incineroar|54/100\n|move|p2a: Terapagos|Calm Mind|p2a: Terapagos\n|-boost|p2a: Terapagos|spa|1\n|-boost|p2a: Terapagos|spd|1\n|\n|upkeep\n|turn|3\n|inactive|Nuburu has 30 seconds left.\n|inactive|partigiano jonny has 30 seconds left.\n|\n|t:|1772819458\n|switch|p1b: Chi-Yu|Chi-Yu, L50|100/100\n|-ability|p1b: Chi-Yu|Beads of Ruin\n|move|p1a: Flutter Mane|Protect|p1a: Flutter Mane\n|-singleturn|p1a: Flutter Mane|Protect\n|move|p2a: Terapagos|Earth Power|p1a: Flutter Mane\n|-activate|p1a: Flutter Mane|move: Protect\n|move|p2b: Incineroar|Knock Off|p1a: Flutter Mane\n|-activate|p1a: Flutter Mane|move: Protect\n|\n|upkeep\n|turn|4\n|\n|t:|1772819476\n|move|p1b: Chi-Yu|Snarl|p2b: Incineroar|[spread] p2a,p2b\n|-resisted|p2b: Incineroar\n|-damage|p2a: Terapagos|75/100\n|-damage|p2b: Incineroar|40/100\n|-unboost|p2a: Terapagos|spa|1\n|-unboost|p2b: Incineroar|spa|1\n|move|p1a: Flutter Mane|Dazzling Gleam|p2b: Incineroar|[spread] p2a,p2b\n|-damage|p2a: Terapagos|56/100\n|-damage|p2b: Incineroar|4/100\n|move|p2a: Terapagos|Tera Starstorm|p1b: Chi-Yu\n|-damage|p1b: Chi-Yu|10/100\n|move|p2b: Incineroar|Flare Blitz|p1a: Flutter Mane\n|-enditem|p1a: Flutter Mane|Focus Sash\n|-damage|p1a: Flutter Mane|1/100\n|-damage|p2b: Incineroar|0 fnt|[from] Recoil\n|faint|p2b: Incineroar\n|\n|upkeep\n|\n|t:|1772819494\n|switch|p2b: Miraidon|Miraidon, L50|100/100\n|-fieldstart|move: Electric Terrain|[from] ability: Hadron Engine|[of] p2b: Miraidon\n|-enditem|p2a: Terapagos|Electric Seed\n|-boost|p2a: Terapagos|def|1|[from] item: Electric Seed\n|turn|5\n|\n|t:|1772819504\n|move|p1a: Flutter Mane|Protect|p1a: Flutter Mane\n|-singleturn|p1a: Flutter Mane|Protect\n|move|p1b: Chi-Yu|Snarl|p2b: Miraidon|[spread] p2a,p2b\n|-damage|p2a: Terapagos|44/100\n|-damage|p2b: Miraidon|85/100\n|-unboost|p2a: Terapagos|spa|1\n|-unboost|p2b: Miraidon|spa|1\n|move|p2b: Miraidon|Volt Switch|p1b: Chi-Yu\n|-damage|p1b: Chi-Yu|0 fnt\n|faint|p1b: Chi-Yu\n|\n|t:|1772819509\n|switch|p2b: Urshifu|Urshifu-Rapid-Strike, L50, F, tera:Water|40/100|[from] Volt Switch\n|move|p2a: Terapagos|Earth Power|p1a: Flutter Mane\n|-activate|p1a: Flutter Mane|move: Protect\n|\n|upkeep\n|\n|t:|1772819520\n|switch|p1b: Indeedee|Indeedee-F, L50, F|100/100\n|-fieldstart|move: Psychic Terrain|[from] ability: Psychic Surge|[of] p1b: Indeedee\n|turn|6\n|inactive|Nuburu has 30 seconds left.\n|\n|t:|1772819550\n|-end|p1a: Flutter Mane|Protosynthesis|[silent]\n|switch|p1a: Terapagos|Terapagos, L50, M|100/100\n|-activate|p1a: Terapagos|ability: Tera Shift\n|detailschange|p1a: Terapagos|Terapagos-Terastal, L50, M\n|-heal|p1a: Terapagos|100/100|[silent]\n|move|p2b: Urshifu|Surging Strikes|p1a: Terapagos\n|-activate|p1a: Terapagos|ability: Tera Shell\n|-resisted|p1a: Terapagos\n|-crit|p1a: Terapagos\n|-damage|p1a: Terapagos|88/100\n|-resisted|p1a: Terapagos\n|-crit|p1a: Terapagos\n|-damage|p1a: Terapagos|76/100\n|-resisted|p1a: Terapagos\n|-crit|p1a: Terapagos\n|-damage|p1a: Terapagos|63/100\n|-hitcount|p1a: Terapagos|3\n|move|p2a: Terapagos|Tera Starstorm|p1b: Indeedee\n|-damage|p1b: Indeedee|51/100\n|move|p1b: Indeedee|Psychic|p2b: Urshifu\n|-damage|p2b: Urshifu|0 fnt\n|faint|p2b: Urshifu\n|\n|-heal|p1a: Terapagos|69/100|[from] item: Leftovers\n|upkeep\n|\n|t:|1772819573\n|switch|p2b: Miraidon|Miraidon, L50|85/100\n|-fieldstart|move: Electric Terrain|[from] ability: Hadron Engine|[of] p2b: Miraidon\n|turn|7\n|\n|t:|1772819586\n|move|p1b: Indeedee|Follow Me|p1b: Indeedee\n|-singleturn|p1b: Indeedee|move: Follow Me\n|move|p2b: Miraidon|Electro Drift|p1b: Indeedee\n|-damage|p1b: Indeedee|0 fnt\n|-damage|p2b: Miraidon|68/100|[from] item: Rocky Helmet|[of] p1b: Indeedee\n|faint|p1b: Indeedee\n|move|p1a: Terapagos|Calm Mind|p1a: Terapagos\n|-boost|p1a: Terapagos|spa|1\n|-boost|p1a: Terapagos|spd|1\n|move|p2a: Terapagos|Calm Mind|p2a: Terapagos\n|-boost|p2a: Terapagos|spa|1\n|-boost|p2a: Terapagos|spd|1\n|\n|-heal|p1a: Terapagos|75/100|[from] item: Leftovers\n|upkeep\n|\n|t:|1772819593\n|switch|p1b: Flutter Mane|Flutter Mane, L50|1/100\n|turn|8\n|\n|t:|1772819603\n|-terastallize|p1a: Terapagos|Stellar\n|detailschange|p1a: Terapagos|Terapagos-Stellar, L50, M, tera:Stellar\n|-heal|p1a: Terapagos|81/100|[silent]\n|-ability|p1a: Terapagos|Teraform Zero\n|-fieldend|move: Electric Terrain\n|move|p1b: Flutter Mane|Moonblast|p2b: Miraidon\n|-supereffective|p2b: Miraidon\n|-damage|p2b: Miraidon|18/100\n|-unboost|p2b: Miraidon|spa|1\n|move|p2b: Miraidon|Snarl|p1b: Flutter Mane|[spread] p1a,p1b\n|-damage|p1a: Terapagos|77/100\n|-damage|p1b: Flutter Mane|0 fnt\n|-unboost|p1a: Terapagos|spa|1\n|faint|p1b: Flutter Mane\n|-end|p1b: Flutter Mane|Protosynthesis|[silent]\n|move|p1a: Terapagos|Tera Starstorm|p2a: Terapagos|[spread] p2a,p2b\n|-damage|p2a: Terapagos|32/100\n|-damage|p2b: Miraidon|0 fnt\n|faint|p2b: Miraidon\n|move|p2a: Terapagos|Tera Starstorm|p1a: Terapagos\n|-damage|p1a: Terapagos|43/100\n|\n|-heal|p1a: Terapagos|49/100|[from] item: Leftovers\n|upkeep\n|turn|9\n|\n|t:|1772819626\n|move|p1a: Terapagos|Calm Mind|p1a: Terapagos\n|-boost|p1a: Terapagos|spa|1\n|-boost|p1a: Terapagos|spd|1\n|move|p2a: Terapagos|Calm Mind|p2a: Terapagos\n|-boost|p2a: Terapagos|spa|1\n|-boost|p2a: Terapagos|spd|1\n|\n|-heal|p1a: Terapagos|55/100|[from] item: Leftovers\n|upkeep\n|turn|10\n|\n|t:|1772819630\n|move|p1a: Terapagos|Calm Mind|p1a: Terapagos\n|-boost|p1a: Terapagos|spa|1\n|-boost|p1a: Terapagos|spd|1\n|move|p2a: Terapagos|Tera Starstorm|p1a: Terapagos\n|-damage|p1a: Terapagos|28/100\n|\n|-heal|p1a: Terapagos|34/100|[from] item: Leftovers\n|upkeep\n|turn|11\n|\n|t:|1772819639\n|move|p1a: Terapagos|Tera Starstorm|p2a: Terapagos\n|-damage|p2a: Terapagos|8/100\n|move|p2a: Terapagos|Tera Starstorm|p1a: Terapagos\n|-damage|p1a: Terapagos|5/100\n|\n|-heal|p1a: Terapagos|11/100|[from] item: Leftovers\n|upkeep\n|turn|12\n|\n|t:|1772819647\n|move|p1a: Terapagos|Tera Starstorm|p2a: Terapagos\n|-damage|p2a: Terapagos|0 fnt\n|faint|p2a: Terapagos\n|\n|win|Nuburu\n|raw|Nuburu's rating: 1450 &rarr; <strong>1477</strong><br />(+27 for winning)\n|raw|partigiano jonny's rating: 1586 &rarr; <strong>1559</strong><br />(-27 for losing)\n","uploadtime":1772819648,"views":16,"formatid":"gen9vgc2026regi","rating":1477,"private":0,"password":null}