{"id":"gen9vgc2026regi-2577222146","format":"[Gen 9] VGC 2026 Reg I","players":["don juan dozo","TheManOfSausage"],"log":"|j|\u2606don juan dozo\n|j|\u2606TheManOfSausage\n|t:|1775555737\n|gametype|doubles\n|player|p1|don juan dozo|170|1472\n|player|p2|TheManOfSausage|miku-water|1621\n|gen|9\n|tier|[Gen 9] VGC 2026 Reg I\n|rated|\n|rule|Species Clause: Limit one of each Pok\u00e9mon\n|rule|Item Clause: Limit 1 of each item\n|clearpoke\n|poke|p1|Calyrex-Shadow, L50|\n|poke|p1|Zamazenta-*, L50|\n|poke|p1|Ting-Lu, L50|\n|poke|p1|Dondozo, L50, M|\n|poke|p1|Chien-Pao, L50|\n|poke|p1|Ogerpon-Hearthflame, L50, F|\n|poke|p2|Ho-Oh, L50|\n|poke|p2|Miraidon, L50|\n|poke|p2|Farigiraf, L50, F|\n|poke|p2|Urshifu-*, L50, M|\n|poke|p2|Iron Treads, L50|\n|poke|p2|Iron Hands, L50|\n|teampreview|4\nTheManOfSausage has agreed to open team sheets.\ndon juan dozo has agreed to open team sheets.\n|showteam|p1|Calyrex-Shadow||FocusSash|AsOneSpectrier|Protect,AstralBarrage,Psychic,Encore||||||50|,,,,,Ghost]Zamazenta-Crowned||RustedShield|DauntlessShield|Protect,BodyPress,HeavySlam,WideGuard||||||50|,,,,,Dragon]Ting-Lu||RockyHelmet|VesselofRuin|Protect,SandTomb,Ruination,StealthRock||||||50|,,,,,Fairy]Dondozo||Leftovers|Oblivious|Protect,Yawn,WaveCrash,Substitute|||M|||50|,,,,,Dragon]Chien-Pao||LifeOrb|SwordofRuin|IceSpinner,ThroatChop,SuckerPunch,IceShard||||||50|,,,,,Stellar]Ogerpon-Hearthflame||HearthflameMask|MoldBreaker|SpikyShield,IvyCudgel,WoodHammer,FollowMe|||F|||50|,,,,,Fire\n|showteam|p2|Ho-Oh||ClearAmulet|Regenerator|FlareBlitz,BraveBird,Tailwind,Protect||||||50|,,,,,Grass]Miraidon||ChoiceSpecs|HadronEngine|ElectroDrift,VoltSwitch,DragonPulse,DazzlingGleam||||||50|,,,,,Fairy]Farigiraf||ElectricSeed|ArmorTail|Psychic,FoulPlay,TrickRoom,HelpingHand|||F|||50|,,,,,Water]Urshifu-Rapid-Strike||FocusSash|UnseenFist|CloseCombat,SurgingStrikes,AquaJet,Detect|||M|||50|,,,,,Stellar]Iron Treads||LifeOrb|QuarkDrive|Earthquake,HighHorsepower,SteelRoller,KnockOff||||||50|,,,,,Ground]Iron Hands||AssaultVest|QuarkDrive|DrainPunch,WildCharge,LowKick,FakeOut||||||50|,,,,,Water\n|c|\u2606TheManOfSausage|glhf\n|c|\u2606TheManOfSausage|!\n|c|\u2606don juan dozo|glhf\n|\n|t:|1775555780\n|teamsize|p1|4\n|teamsize|p2|4\n|start\n|switch|p1a: 221 speed|Calyrex-Shadow, L50|100/100\n|switch|p1b: Chromakopia|Ogerpon-Hearthflame, L50, F|100/100\n|switch|p2a: Ho-Oh|Ho-Oh, L50|100/100\n|switch|p2b: Magical Mirai|Miraidon, L50|100/100\n|-ability|p1a: 221 speed|As One\n|-ability|p1a: 221 speed|Unnerve\n|-fieldstart|move: Electric Terrain|[from] ability: Hadron Engine|[of] p2b: Magical Mirai\n|-ability|p1b: Chromakopia|Mold Breaker\n|turn|1\n|\n|t:|1775555791\n|-terastallize|p1a: 221 speed|Ghost\n|move|p1b: Chromakopia|Follow Me|p1b: Chromakopia\n|-singleturn|p1b: Chromakopia|move: Follow Me\n|move|p1a: 221 speed|Astral Barrage|p2a: Ho-Oh|[spread] p2a,p2b\n|-damage|p2a: Ho-Oh|60/100\n|-damage|p2b: Magical Mirai|36/100\n|move|p2b: Magical Mirai|Volt Switch|p1b: Chromakopia\n|-resisted|p1b: Chromakopia\n|-damage|p1b: Chromakopia|42/100\n|\n|t:|1775555802\n|switch|p2b: Iron Treads|Iron Treads, L50|100/100|[from] Volt Switch\n|-activate|p2b: Iron Treads|ability: Quark Drive\n|-start|p2b: Iron Treads|quarkdrivespe\n|move|p2a: Ho-Oh|Tailwind|p2a: Ho-Oh\n|-sidestart|p2: TheManOfSausage|move: Tailwind\n|\n|upkeep\n|turn|2\n|\n|t:|1775555842\n|-terastallize|p2b: Iron Treads|Ground\n|move|p1a: 221 speed|Protect|p1a: 221 speed\n|-singleturn|p1a: 221 speed|Protect\n|move|p2b: Iron Treads|Earthquake|p1a: 221 speed|[spread] p1b\n|-activate|p1a: 221 speed|move: Protect\n|-immune|p2a: Ho-Oh\n|-damage|p1b: Chromakopia|0 fnt\n|faint|p1b: Chromakopia\n|-damage|p2b: Iron Treads|91/100|[from] item: Life Orb\n|move|p2a: Ho-Oh|Flare Blitz|p1a: 221 speed\n|-activate|p1a: 221 speed|move: Protect\n|\n|upkeep\n|\n|t:|1775555854\n|switch|p1b: Magnus Carlsen|Zamazenta-Crowned, L50|100/100\n|-ability|p1b: Magnus Carlsen|Dauntless Shield|boost\n|-boost|p1b: Magnus Carlsen|def|1\n|turn|3\n|\n|t:|1775555858\n|switch|p1a: Jordan 96/97|Ting-Lu, L50|100/100\n|-ability|p1a: Jordan 96/97|Vessel of Ruin\n|move|p2b: Iron Treads|High Horsepower|p1b: Magnus Carlsen\n|-supereffective|p1b: Magnus Carlsen\n|-damage|p1b: Magnus Carlsen|43/100\n|-damage|p2b: Iron Treads|81/100|[from] item: Life Orb\n|move|p2a: Ho-Oh|Flare Blitz|p1b: Magnus Carlsen\n|-supereffective|p1b: Magnus Carlsen\n|-damage|p1b: Magnus Carlsen|0 fnt\n|faint|p1b: Magnus Carlsen\n|-damage|p2a: Ho-Oh|48/100|[from] Recoil\n|\n|upkeep\n|\n|t:|1775555861\n|switch|p1b: 221 speed|Calyrex-Shadow, L50, tera:Ghost|100/100\n|-ability|p1b: 221 speed|As One\n|-ability|p1b: 221 speed|Unnerve\n|turn|4\n|\n|t:|1775555870\n|move|p1b: 221 speed|Protect|p1b: 221 speed\n|-singleturn|p1b: 221 speed|Protect\n|move|p2b: Iron Treads|Earthquake|p1b: 221 speed|[spread] p1a\n|-activate|p1b: 221 speed|move: Protect\n|-immune|p2a: Ho-Oh\n|-damage|p1a: Jordan 96/97|69/100\n|-damage|p2b: Iron Treads|72/100|[from] item: Life Orb\n|move|p2a: Ho-Oh|Flare Blitz|p1a: Jordan 96/97\n|-damage|p1a: Jordan 96/97|32/100\n|-damage|p2a: Ho-Oh|32/100|[from] item: Rocky Helmet|[of] p1a: Jordan 96/97\n|-damage|p2a: Ho-Oh|17/100|[from] Recoil\n|move|p1a: Jordan 96/97|Sand Tomb|p2b: Iron Treads\n|-damage|p2b: Iron Treads|60/100\n|-activate|p2b: Iron Treads|move: Sand Tomb|[of] p1a: Jordan 96/97\n|\n|-damage|p2b: Iron Treads|48/100|[from] move: Sand Tomb|[partiallytrapped]\n|-sideend|p2: TheManOfSausage|move: Tailwind\n|upkeep\n|turn|5\n|j| chamu Rhye\n|\n|t:|1775555931\n|move|p2a: Ho-Oh|Protect|p2a: Ho-Oh\n|-singleturn|p2a: Ho-Oh|Protect\n|move|p2b: Iron Treads|Earthquake|p1b: 221 speed|[spread] p1a,p1b\n|-activate|p2a: Ho-Oh|move: Protect\n|-damage|p1a: Jordan 96/97|0 fnt\n|-damage|p1b: 221 speed|27/100\n|faint|p1a: Jordan 96/97\n|-damage|p2b: Iron Treads|38/100|[from] item: Life Orb\n|move|p1b: 221 speed|Astral Barrage|p2a: Ho-Oh|[spread] p2b\n|-activate|p2a: Ho-Oh|move: Protect\n|-damage|p2b: Iron Treads|0 fnt\n|faint|p2b: Iron Treads\n|-end|p2b: Iron Treads|Quark Drive|[silent]\n|-ability|p1b: 221 speed|Grim Neigh|boost\n|-boost|p1b: 221 speed|spa|1\n|\n|-fieldend|move: Electric Terrain\n|upkeep\n|\n|t:|1775555935\n|switch|p2b: Urshifu|Urshifu-Rapid-Strike, L50, M|100/100\n|turn|6\n|\n|t:|1775555939\n|move|p1b: 221 speed|Astral Barrage|p2b: Urshifu|[spread] p2a,p2b\n|-damage|p2a: Ho-Oh|0 fnt\n|-enditem|p2b: Urshifu|Focus Sash\n|-damage|p2b: Urshifu|1/100\n|faint|p2a: Ho-Oh\n|-ability|p1b: 221 speed|Grim Neigh|boost\n|-boost|p1b: 221 speed|spa|1\n|move|p2b: Urshifu|Surging Strikes|p1b: 221 speed\n|-crit|p1b: 221 speed\n|-damage|p1b: 221 speed|0 fnt\n|faint|p1b: 221 speed\n|-hitcount|p1: 221 speed|1\n|\n|win|TheManOfSausage\n|raw|don juan dozo's rating: 1472 &rarr; <strong>1460</strong><br />(-12 for losing)\n|raw|TheManOfSausage's rating: 1621 &rarr; <strong>1633</strong><br />(+12 for winning)\n|c|\u2606TheManOfSausage|ggwp\n|c|\u2606don juan dozo|ggwp\n|l|\u2606don juan dozo\n|player|p1|\n|l| chamu Rhye\n|j| VegitoSKBEST\n|l|\u2606TheManOfSausage\n|player|p2|\n","uploadtime":1775556079,"views":20,"formatid":"gen9vgc2026regi","rating":1460,"private":0,"password":null}