{"id":"gen9vgc2026regi-2587918564","format":"[Gen 9] VGC 2026 Reg I","players":["kobeniponi","lyxxx"],"log":"|j|\u2606kobeniponi\n|j|\u2606lyxxx\n|t:|1776578958\n|gametype|doubles\n|player|p1|kobeniponi|fisher-gen8|1329\n|player|p2|lyxxx|101|1623\n|gen|9\n|tier|[Gen 9] VGC 2026 Reg I\n|rated|\n|rule|Species Clause: Limit one of each Pok\u00e9mon\n|rule|Item Clause: Limit 1 of each item\n|clearpoke\n|poke|p1|Necrozma-Dawn-Wings, L50|\n|poke|p1|Indeedee-F, L50, F|\n|poke|p1|Garganacl, L50, F|\n|poke|p1|Calyrex-Ice, L50|\n|poke|p1|Raging Bolt, L50|\n|poke|p1|Amoonguss, L50, F|\n|poke|p2|Calyrex-Ice, L50|\n|poke|p2|Kyogre, L50|\n|poke|p2|Smeargle, L50, F|\n|poke|p2|Indeedee-F, L50, F|\n|poke|p2|Urshifu-*, L50, M|\n|poke|p2|Landorus, L50, M|\n|teampreview|4\n|j| flora0.w.0\n|inactive|Battle timer is ON: inactive players will automatically lose when time's up. (requested by lyxxx)\n|\n|t:|1776578984\n|teamsize|p1|4\n|teamsize|p2|4\n|start\n|switch|p1a: Indeedee|Indeedee-F, L50, F|100/100\n|switch|p1b: Garganacl|Garganacl, L50, F|100/100\n|switch|p2a: Calyrex|Calyrex-Ice, L50|100/100\n|switch|p2b: Smeargle|Smeargle, L50, F|100/100\n|-ability|p2a: Calyrex|As One\n|-ability|p2a: Calyrex|Unnerve\n|-fieldstart|move: Psychic Terrain|[from] ability: Psychic Surge|[of] p1a: Indeedee\n|turn|1\n|\n|t:|1776579008\n|move|p1a: Indeedee|Follow Me|p1a: Indeedee\n|-singleturn|p1a: Indeedee|move: Follow Me\n|move|p2b: Smeargle|Spore|p1a: Indeedee\n|-activate|p1a: Indeedee|item: Safety Goggles|Spore\n|move|p1b: Garganacl|Body Press|p2b: Smeargle\n|-supereffective|p2b: Smeargle\n|-enditem|p2b: Smeargle|Focus Sash\n|-damage|p2b: Smeargle|1/100\n|move|p2a: Calyrex|Crunch|p1a: Indeedee\n|-supereffective|p1a: Indeedee\n|-damage|p1a: Indeedee|1/100\n|-unboost|p1a: Indeedee|def|1\n|\n|-ability|p2b: Smeargle|Moody|boost\n|-boost|p2b: Smeargle|spd|2\n|-unboost|p2b: Smeargle|spa|1\n|upkeep\n|turn|2\n|\n|t:|1776579030\n|move|p1a: Indeedee|Follow Me|p1a: Indeedee\n|-singleturn|p1a: Indeedee|move: Follow Me\n|move|p2b: Smeargle|Spore|p1a: Indeedee\n|-activate|p1a: Indeedee|item: Safety Goggles|Spore\n|move|p1b: Garganacl|Salt Cure|p2a: Calyrex\n|-supereffective|p2a: Calyrex\n|-damage|p2a: Calyrex|80/100\n|-start|p2a: Calyrex|Salt Cure\n|move|p2a: Calyrex|Crunch|p1a: Indeedee\n|-supereffective|p1a: Indeedee\n|-damage|p1a: Indeedee|0 fnt\n|faint|p1a: Indeedee\n|-ability|p2a: Calyrex|Chilling Neigh|boost\n|-boost|p2a: Calyrex|atk|1\n|\n|-damage|p2a: Calyrex|68/100|[from] Salt Cure\n|-ability|p2b: Smeargle|Moody|boost\n|-boost|p2b: Smeargle|atk|2\n|-unboost|p2b: Smeargle|spd|1\n|upkeep\n|\n|t:|1776579043\n|switch|p1a: Necrozma|Necrozma-Dawn-Wings, L50|100/100\n|turn|3\n|\n|t:|1776579054\n|switch|p2a: Urshifu|Urshifu-Rapid-Strike, L50, M|100/100\n|move|p2b: Smeargle|Spore|p1a: Necrozma\n|-status|p1a: Necrozma|slp|[from] move: Spore\n|cant|p1a: Necrozma|slp\n|move|p1b: Garganacl|Salt Cure|p2b: Smeargle\n|-damage|p2b: Smeargle|0 fnt\n|faint|p2b: Smeargle\n|\n|upkeep\n|\n|t:|1776579067\n|switch|p2b: Kyogre|Kyogre, L50|100/100\n|-weather|RainDance|[from] ability: Drizzle|[of] p2b: Kyogre\n|turn|4\n|\n|t:|1776579078\n|switch|p1a: Calyrex|Calyrex-Ice, L50|100/100\n|-ability|p1a: Calyrex|As One\n|-ability|p1a: Calyrex|Unnerve\n|switch|p2b: Calyrex|Calyrex-Ice, L50|68/100\n|-ability|p2b: Calyrex|As One\n|-ability|p2b: Calyrex|Unnerve\n|-terastallize|p1b: Garganacl|Flying\n|move|p1b: Garganacl|Wide Guard|p1b: Garganacl\n|-singleturn|p1b: Garganacl|Wide Guard\n|move|p2a: Urshifu|Surging Strikes|p1b: Garganacl\n|-crit|p1b: Garganacl\n|-damage|p1b: Garganacl|80/100\n|-crit|p1b: Garganacl\n|-damage|p1b: Garganacl|56/100\n|-crit|p1b: Garganacl\n|-damage|p1b: Garganacl|34/100\n|-hitcount|p1b: Garganacl|3\n|\n|-weather|RainDance|[upkeep]\n|upkeep\n|turn|5\n|inactive|lyxxx has 30 seconds left.\n|\n|t:|1776579105\n|move|p1b: Garganacl|Wide Guard|p1b: Garganacl\n|-singleturn|p1b: Garganacl|Wide Guard\n|move|p2a: Urshifu|Surging Strikes|p1b: Garganacl\n|-crit|p1b: Garganacl\n|-damage|p1b: Garganacl|11/100\n|-crit|p1b: Garganacl\n|-damage|p1b: Garganacl|0 fnt\n|faint|p1b: Garganacl\n|-hitcount|p1: Garganacl|2\n|move|p1a: Calyrex|Trick Room|p1a: Calyrex\n|-fieldstart|move: Trick Room|[of] p1a: Calyrex\n|move|p2b: Calyrex|Trick Room|p2b: Calyrex\n|-fieldend|move: Trick Room\n|\n|-weather|RainDance|[upkeep]\n|-fieldend|move: Psychic Terrain\n|upkeep\n|\n|t:|1776579114\n|switch|p1b: Necrozma|Necrozma-Dawn-Wings, L50|100/100 slp\n|turn|6\n|\n|t:|1776579130\n|-terastallize|p2a: Urshifu|Water\n|move|p2a: Urshifu|Surging Strikes|p1b: Necrozma\n|-crit|p1b: Necrozma\n|-damage|p1b: Necrozma|53/100 slp\n|-crit|p1b: Necrozma\n|-damage|p1b: Necrozma|7/100 slp\n|-crit|p1b: Necrozma\n|-damage|p1b: Necrozma|0 fnt\n|faint|p1b: Necrozma\n|-hitcount|p1: Necrozma|3\n|move|p2b: Calyrex|Glacial Lance|p1a: Calyrex\n|-resisted|p1a: Calyrex\n|-damage|p1a: Calyrex|81/100\n|move|p1a: Calyrex|Trick Room|p1a: Calyrex\n|-fieldstart|move: Trick Room|[of] p1a: Calyrex\n|\n|-weather|RainDance|[upkeep]\n|upkeep\n|turn|7\n|-message|kobeniponi forfeited.\n|\n|win|lyxxx\n|raw|kobeniponi's rating: 1329 &rarr; <strong>1323</strong><br />(-6 for losing)\n|raw|lyxxx's rating: 1623 &rarr; <strong>1629</strong><br />(+6 for winning)\n|l|\u2606kobeniponi\n|player|p1|\n|l| flora0.w.0\n|l|\u2606lyxxx\n|player|p2|\n","uploadtime":1776579314,"views":12,"formatid":"gen9vgc2026regi","rating":1323,"private":0,"password":null}