{"id":"gen9vgc2026regi-2530177637","format":"[Gen 9] VGC 2026 Reg I","players":["ILMikoto","liam.2025"],"log":"|j|\u2606ILMikoto\n|j|\u2606liam.2025\n|t:|1769884911\n|gametype|doubles\n|player|p1|ILMikoto|iono-masters2|1329\n|player|p2|liam.2025|policeman|1543\n|gen|9\n|tier|[Gen 9] VGC 2026 Reg I\n|rated|\n|rule|Species Clause: Limit one of each Pok\u00e9mon\n|rule|Item Clause: Limit 1 of each item\n|clearpoke\n|poke|p1|Calyrex-Shadow, L50|\n|poke|p1|Ogerpon-Cornerstone, L50, F|\n|poke|p1|Zamazenta-*, L50|\n|poke|p1|Incineroar, L50, M|\n|poke|p1|Rillaboom, L50, M|\n|poke|p1|Tornadus, L50, M|\n|poke|p2|Murkrow, L50, F|\n|poke|p2|Weezing-Galar, L50, M|\n|poke|p2|Terapagos, L50, M|\n|poke|p2|Smeargle, L50, F|\n|poke|p2|Calyrex-Ice, L50|\n|poke|p2|Ursaluna, L50, M|\n|teampreview|4\n|inactive|Battle timer is ON: inactive players will automatically lose when time's up. (requested by liam.2025)\n|\n|t:|1769884929\n|teamsize|p1|4\n|teamsize|p2|4\n|start\n|switch|p1a: Zamazenta|Zamazenta-Crowned, L50|100/100\n|switch|p1b: Incineroar|Incineroar, L50, M, shiny|100/100\n|switch|p2a: Murkrow|Murkrow, L50, F|100/100\n|switch|p2b: Weezing|Weezing-Galar, L50, M|100/100\n|-ability|p2b: Weezing|Neutralizing Gas\n|-block|p2a: Murkrow|item: Ability Shield\n|turn|1\n|inactive|ILMikoto has 30 seconds left.\n|\n|t:|1769884955\n|move|p2a: Murkrow|Protect|p2a: Murkrow\n|-singleturn|p2a: Murkrow|Protect\n|move|p2b: Weezing|Protect|p2b: Weezing\n|-singleturn|p2b: Weezing|Protect\n|move|p1b: Incineroar|Fake Out|p2a: Murkrow\n|-activate|p2a: Murkrow|move: Protect\n|move|p1a: Zamazenta|Body Press|p2a: Murkrow\n|-activate|p2a: Murkrow|move: Protect\n|\n|upkeep\n|turn|2\n|\n|t:|1769884967\n|move|p2a: Murkrow|Tailwind|p2a: Murkrow\n|-sidestart|p2: liam.2025|move: Tailwind\n|move|p2b: Weezing|Misty Explosion|p1a: Zamazenta|[spread] p2a,p1a,p1b\n|-supereffective|p2a: Murkrow\n|-damage|p2a: Murkrow|0 fnt\n|-damage|p1a: Zamazenta|71/100\n|-damage|p1b: Incineroar|67/100\n|faint|p2b: Weezing\n|-end|p2b: Weezing|ability: Neutralizing Gas\n|-ability|p1a: Zamazenta|Dauntless Shield|boost\n|-boost|p1a: Zamazenta|def|1\n|faint|p2a: Murkrow\n|move|p1a: Zamazenta|Body Press|p2: Murkrow|[notarget]\n|-fail|p1a: Zamazenta\n|move|p1b: Incineroar|Knock Off|p2: Murkrow|[notarget]\n|-fail|p1b: Incineroar\n|\n|upkeep\n|\n|t:|1769884980\n|switch|p2b: Smeargle|Smeargle, L50, F|100/100\n|switch|p2a: Terapagos|Terapagos, L50, M|100/100\n|-activate|p2a: Terapagos|ability: Tera Shift\n|detailschange|p2a: Terapagos|Terapagos-Terastal, L50, M\n|-heal|p2a: Terapagos|100/100|[silent]\n|turn|3\n|\n|t:|1769884991\n|-terastallize|p2a: Terapagos|Stellar\n|detailschange|p2a: Terapagos|Terapagos-Stellar, L50, M, tera:Stellar\n|-heal|p2a: Terapagos|100/100|[silent]\n|move|p1a: Zamazenta|Protect|p1a: Zamazenta\n|-singleturn|p1a: Zamazenta|Protect\n|move|p2b: Smeargle|Decorate|p2a: Terapagos\n|-boost|p2a: Terapagos|atk|2\n|-boost|p2a: Terapagos|spa|2\n|move|p2a: Terapagos|Tera Starstorm|p1a: Zamazenta|[spread] p1b\n|-activate|p1a: Zamazenta|move: Protect\n|-damage|p1b: Incineroar|0 fnt\n|faint|p1b: Incineroar\n|\n|upkeep\n|\n|t:|1769885015\n|switch|p1b: Rillaboom|Rillaboom, L50, M|100/100\n|-fieldstart|move: Grassy Terrain|[from] ability: Grassy Surge|[of] p1b: Rillaboom\n|turn|4\n|\n|t:|1769885035\n|move|p2b: Smeargle|Quick Guard|p2b: Smeargle\n|-singleturn|p2b: Smeargle|Quick Guard\n|move|p1b: Rillaboom|Fake Out|p2a: Terapagos\n|-activate|p2a: Terapagos|move: Quick Guard\n|move|p2a: Terapagos|Tera Starstorm|p1b: Rillaboom|[spread] p1a,p1b\n|-damage|p1a: Zamazenta|0 fnt\n|-damage|p1b: Rillaboom|19/100\n|faint|p1a: Zamazenta\n|\n|-heal|p1b: Rillaboom|25/100|[from] Grassy Terrain\n|upkeep\n|\n|t:|1769885045\n|switch|p1a: Calyrex|Calyrex-Shadow, L50|100/100\n|-ability|p1a: Calyrex|As One\n|-ability|p1a: Calyrex|Unnerve\n|turn|5\n|\n|t:|1769885065\n|move|p2b: Smeargle|Quick Guard|p2b: Smeargle\n|-singleturn|p2b: Smeargle|Quick Guard\n|move|p2a: Terapagos|Tera Starstorm|p1b: Rillaboom|[spread] p1a,p1b\n|-damage|p1a: Calyrex|0 fnt\n|-damage|p1b: Rillaboom|0 fnt\n|faint|p1a: Calyrex\n|faint|p1b: Rillaboom\n|\n|win|liam.2025\n|raw|ILMikoto's rating: 1329 &rarr; <strong>1320</strong><br />(-9 for losing)\n|raw|liam.2025's rating: 1543 &rarr; <strong>1552</strong><br />(+9 for winning)\n|l|\u2606ILMikoto\n|player|p1|\n","uploadtime":1769885318,"views":17,"formatid":"gen9vgc2026regi","rating":1320,"private":0,"password":null}