{"id":"gen9vgc2026regi-2515617520","format":"[Gen 9] VGC 2026 Reg I","players":["ky123456","pecan3141"],"log":"|j|\u2606ky123456\n|j|\u2606pecan3141\n|t:|1768011269\n|gametype|doubles\n|player|p1|ky123456|cynthia-gen4|1225\n|player|p2|pecan3141|265|1130\n|gen|9\n|tier|[Gen 9] VGC 2026 Reg I\n|rated|\n|rule|Species Clause: Limit one of each Pok\u00e9mon\n|rule|Item Clause: Limit 1 of each item\n|clearpoke\n|poke|p1|Koraidon, L50|\n|poke|p1|Calyrex-Ice, L50|\n|poke|p1|Incineroar, L50, F|\n|poke|p1|Smeargle, L50, F|\n|poke|p1|Rillaboom, L50, F|\n|poke|p1|Landorus, L50, M|\n|poke|p2|Groudon, L50|\n|poke|p2|Bastiodon, L50, M|\n|poke|p2|Volbeat, L50, M|\n|poke|p2|Calyrex-Ice, L50|\n|poke|p2|Landorus-Therian, L50, M|\n|poke|p2|Archaludon, L50, F|\n|teampreview|4\n|\n|t:|1768011303\n|teamsize|p1|4\n|teamsize|p2|4\n|start\n|switch|p1a: Calyrex|Calyrex-Ice, L50|100/100\n|switch|p1b: Smeargle|Smeargle, L50, F|100/100\n|switch|p2a: Groudon|Groudon, L50|100/100\n|switch|p2b: Bastiodon|Bastiodon, L50, M|100/100\n|-ability|p1a: Calyrex|As One\n|-ability|p1a: Calyrex|Unnerve\n|-weather|SunnyDay|[from] ability: Drought|[of] p2a: Groudon\n|turn|1\n|inactive|Battle timer is ON: inactive players will automatically lose when time's up. (requested by pecan3141)\n|\n|t:|1768011356\n|move|p2a: Groudon|Eruption|p1b: Smeargle|[spread] p1a,p1b\n|-supereffective|p1a: Calyrex\n|-damage|p1a: Calyrex|4/100\n|-enditem|p1b: Smeargle|Focus Sash\n|-damage|p1b: Smeargle|1/100\n|move|p1b: Smeargle|Spore|p2a: Groudon\n|-status|p2a: Groudon|slp|[from] move: Spore\n|move|p1a: Calyrex|Glacial Lance|p2a: Groudon|[spread] p2a,p2b\n|-supereffective|p2a: Groudon\n|-resisted|p2b: Bastiodon\n|-crit|p2b: Bastiodon\n|-damage|p2a: Groudon|24/100 slp\n|-damage|p2b: Bastiodon|81/100\n|move|p2b: Bastiodon|Iron Defense|p2b: Bastiodon\n|-boost|p2b: Bastiodon|def|2\n|\n|-weather|SunnyDay|[upkeep]\n|-heal|p1a: Calyrex|10/100|[from] item: Leftovers\n|-heal|p2b: Bastiodon|87/100|[from] item: Leftovers\n|-ability|p1b: Smeargle|Moody|boost\n|-boost|p1b: Smeargle|spd|2\n|-unboost|p1b: Smeargle|spa|1\n|upkeep\n|turn|2\n|inactive|pecan3141 has 30 seconds left.\n|\n|t:|1768011385\n|switch|p2a: Calyrex|Calyrex-Ice, L50|100/100\n|-ability|p2a: Calyrex|As One\n|-ability|p2a: Calyrex|Unnerve\n|move|p1b: Smeargle|Spore|p2b: Bastiodon\n|-status|p2b: Bastiodon|slp|[from] move: Spore\n|move|p1a: Calyrex|Leech Seed|p2b: Bastiodon\n|-start|p2b: Bastiodon|move: Leech Seed\n|cant|p2b: Bastiodon|slp\n|\n|-weather|SunnyDay|[upkeep]\n|-heal|p1a: Calyrex|15/100|[from] item: Leftovers\n|-heal|p2b: Bastiodon|93/100 slp|[from] item: Leftovers\n|-damage|p2b: Bastiodon|81/100 slp|[from] Leech Seed|[of] p1a: Calyrex\n|-heal|p1a: Calyrex|25/100|[silent]\n|-ability|p1b: Smeargle|Moody|boost\n|-boost|p1b: Smeargle|spe|2\n|-unboost|p1b: Smeargle|spa|1\n|upkeep\n|turn|3\n|\n|t:|1768011404\n|move|p2a: Calyrex|Protect|p2a: Calyrex\n|-singleturn|p2a: Calyrex|Protect\n|move|p1b: Smeargle|Spore|p2a: Calyrex\n|-activate|p2a: Calyrex|move: Protect\n|move|p1a: Calyrex|Leech Seed|p2a: Calyrex\n|-activate|p2a: Calyrex|move: Protect\n|cant|p2b: Bastiodon|slp\n|\n|-weather|SunnyDay|[upkeep]\n|-heal|p1a: Calyrex|31/100|[from] item: Leftovers\n|-heal|p2b: Bastiodon|87/100 slp|[from] item: Leftovers\n|-damage|p2b: Bastiodon|75/100 slp|[from] Leech Seed|[of] p1a: Calyrex\n|-heal|p1a: Calyrex|41/100|[silent]\n|-ability|p1b: Smeargle|Moody|boost\n|-boost|p1b: Smeargle|spe|2\n|-unboost|p1b: Smeargle|spa|1\n|upkeep\n|turn|4\n|\n|t:|1768011418\n|switch|p2a: Groudon|Groudon, L50|24/100 slp\n|move|p1b: Smeargle|Spore|p2a: Groudon\n|-fail|p2a: Groudon|slp\n|move|p1a: Calyrex|Leech Seed|p2a: Groudon\n|-start|p2a: Groudon|move: Leech Seed\n|-curestatus|p2b: Bastiodon|slp|[msg]\n|move|p2b: Bastiodon|Body Press|p1a: Calyrex\n|-damage|p1a: Calyrex|0 fnt\n|faint|p1a: Calyrex\n|\n|-weather|SunnyDay|[upkeep]\n|-heal|p2b: Bastiodon|81/100|[from] item: Leftovers\n|-ability|p1b: Smeargle|Moody|boost\n|-boost|p1b: Smeargle|spa|2\n|-unboost|p1b: Smeargle|def|1\n|upkeep\n|\n|t:|1768011432\n|switch|p1a: Koraidon|Koraidon, L50|100/100\n|-activate|p1a: Koraidon|ability: Orichalcum Pulse\n|turn|5\n|\n|t:|1768011457\n|-terastallize|p2b: Bastiodon|Ghost\n|move|p1b: Smeargle|Spore|p2b: Bastiodon\n|-status|p2b: Bastiodon|slp|[from] move: Spore\n|move|p1a: Koraidon|Low Kick|p2b: Bastiodon\n|-immune|p2b: Bastiodon\n|cant|p2a: Groudon|slp\n|cant|p2b: Bastiodon|slp\n|\n|-weather|none\n|-heal|p2b: Bastiodon|87/100 slp|[from] item: Leftovers\n|-damage|p2a: Groudon|12/100 slp|[from] Leech Seed|[of] p1a: Koraidon\n|-damage|p2b: Bastiodon|75/100 slp|[from] Leech Seed|[of] p1a: Koraidon\n|-ability|p1b: Smeargle|Moody|boost\n|-boost|p1b: Smeargle|spe|2\n|-unboost|p1b: Smeargle|def|1\n|upkeep\n|turn|6\n|\n|t:|1768011479\n|switch|p1a: Incineroar|Incineroar, L50, F|100/100\n|-ability|p1a: Incineroar|Intimidate|boost\n|-unboost|p2a: Groudon|atk|1\n|-unboost|p2b: Bastiodon|atk|1\n|move|p1b: Smeargle|Spiky Shield|p1b: Smeargle\n|-singleturn|p1b: Smeargle|move: Protect\n|cant|p2a: Groudon|slp\n|cant|p2b: Bastiodon|slp\n|\n|-heal|p2b: Bastiodon|81/100 slp|[from] item: Leftovers\n|-damage|p2a: Groudon|0 fnt|[from] Leech Seed|[of] p1a: Incineroar\n|faint|p2a: Groudon\n|-damage|p2b: Bastiodon|69/100 slp|[from] Leech Seed|[of] p1a: Incineroar\n|-ability|p1b: Smeargle|Moody|boost\n|-boost|p1b: Smeargle|spa|2\n|-unboost|p1b: Smeargle|spe|1\n|upkeep\n|\n|t:|1768011493\n|switch|p2a: Archaludon|Archaludon, L50, F|100/100\n|turn|7\n|\n|t:|1768011509\n|move|p2a: Archaludon|Protect|p2a: Archaludon\n|-singleturn|p2a: Archaludon|Protect\n|move|p1b: Smeargle|Spore|p2a: Archaludon\n|-activate|p2a: Archaludon|move: Protect\n|move|p1a: Incineroar|Knock Off|p2b: Bastiodon\n|-supereffective|p2b: Bastiodon\n|-damage|p2b: Bastiodon|47/100 slp\n|-enditem|p2b: Bastiodon|Leftovers|[from] move: Knock Off|[of] p1a: Incineroar\n|cant|p2b: Bastiodon|slp\n|\n|-damage|p2b: Bastiodon|35/100 slp|[from] Leech Seed|[of] p1a: Incineroar\n|-ability|p1b: Smeargle|Moody|boost\n|-boost|p1b: Smeargle|spe|1\n|-unboost|p1b: Smeargle|def|1\n|upkeep\n|turn|8\n|\n|t:|1768011530\n|move|p1b: Smeargle|Spore|p2a: Archaludon\n|-status|p2a: Archaludon|slp|[from] move: Spore\n|cant|p2a: Archaludon|slp\n|move|p1a: Incineroar|Knock Off|p2b: Bastiodon\n|-supereffective|p2b: Bastiodon\n|-damage|p2b: Bastiodon|21/100 slp\n|-curestatus|p2b: Bastiodon|slp|[msg]\n|move|p2b: Bastiodon|Body Press|p1b: Smeargle\n|-supereffective|p1b: Smeargle\n|-damage|p1b: Smeargle|0 fnt\n|faint|p1b: Smeargle\n|\n|-damage|p2b: Bastiodon|9/100|[from] Leech Seed|[of] p1a: Incineroar\n|upkeep\n|\n|t:|1768011540\n|switch|p1b: Koraidon|Koraidon, L50|100/100\n|-weather|SunnyDay|[from] ability: Orichalcum Pulse|[of] p1b: Koraidon\n|-activate|p1b: Koraidon|Orichalcum Pulse|[source]\n|turn|9\n|\n|t:|1768011557\n|move|p1b: Koraidon|Low Kick|p2a: Archaludon\n|-supereffective|p2a: Archaludon\n|-damage|p2a: Archaludon|0 fnt\n|faint|p2a: Archaludon\n|move|p1a: Incineroar|Knock Off|p2b: Bastiodon\n|-supereffective|p2b: Bastiodon\n|-damage|p2b: Bastiodon|0 fnt\n|faint|p2b: Bastiodon\n|\n|-weather|SunnyDay|[upkeep]\n|upkeep\n|\n|t:|1768011561\n|switch|p2b: Calyrex|Calyrex-Ice, L50|100/100\n|-ability|p2b: Calyrex|As One\n|-ability|p2b: Calyrex|Unnerve\n|turn|10\n|-message|pecan3141 forfeited.\n|\n|win|ky123456\n|raw|ky123456's rating: 1225 &rarr; <strong>1243</strong><br />(+18 for winning)\n|raw|pecan3141's rating: 1130 &rarr; <strong>1112</strong><br />(-18 for losing)\n|l|\u2606pecan3141\n|player|p2|\n|l|\u2606ky123456\n|player|p1|\n","uploadtime":1768011746,"views":13,"formatid":"gen9vgc2026regi","rating":1112,"private":0,"password":null}