{"id":"gen9vgc2026regi-2545389490","format":"[Gen 9] VGC 2026 Reg I","players":["VJ2511","123456ag"],"log":"|j|\u2606VJ2511\n|j|\u2606123456ag\n|t:|1771841902\n|gametype|doubles\n|player|p1|VJ2511|red-masters3|1586\n|player|p2|123456ag|swimmerf-gen4dp|1479\n|gen|9\n|tier|[Gen 9] VGC 2026 Reg I\n|rated|\n|rule|Species Clause: Limit one of each Pok\u00e9mon\n|rule|Item Clause: Limit 1 of each item\n|clearpoke\n|poke|p1|Calyrex-Shadow, L50|\n|poke|p1|Zamazenta-*, L50|\n|poke|p1|Chien-Pao, L50|\n|poke|p1|Dragonite, L50, M|\n|poke|p1|Raging Bolt, L50|\n|poke|p1|Amoonguss, L50, F|\n|poke|p2|Calyrex-Ice, L50|\n|poke|p2|Miraidon, L50|\n|poke|p2|Incineroar, L50, F|\n|poke|p2|Urshifu-*, L50, F|\n|poke|p2|Grimmsnarl, L50, M|\n|poke|p2|Landorus, L50, M|\n|teampreview|4\n|inactive|Battle timer is ON: inactive players will automatically lose when time's up. (requested by VJ2511)\n|inactive|123456ag has 60 seconds left.\n|\n|t:|1771841958\n|teamsize|p1|4\n|teamsize|p2|4\n|start\n|switch|p1a: Calyrex|Calyrex-Shadow, L50|100/100\n|switch|p1b: Dragonite|Dragonite, L50, M, shiny|100/100\n|switch|p2a: Grimmsnarl|Grimmsnarl, L50, M|100/100\n|switch|p2b: Urshifu|Urshifu-Rapid-Strike, L50, F|100/100\n|-ability|p1a: Calyrex|As One\n|-ability|p1a: Calyrex|Unnerve\n|turn|1\n|\n|t:|1771841977\n|switch|p1a: Zamazenta|Zamazenta-Crowned, L50|100/100\n|-ability|p1a: Zamazenta|Dauntless Shield|boost\n|-boost|p1a: Zamazenta|def|1\n|-terastallize|p1b: Dragonite|Normal\n|move|p1b: Dragonite|Extreme Speed|p2b: Urshifu\n|-damage|p2b: Urshifu|30/100\n|move|p2a: Grimmsnarl|Light Screen|p2a: Grimmsnarl\n|-sidestart|p2: 123456ag|move: Light Screen\n|move|p2b: Urshifu|Close Combat|p1b: Dragonite\n|-supereffective|p1b: Dragonite\n|-damage|p1b: Dragonite|0 fnt\n|-unboost|p2b: Urshifu|def|1\n|-unboost|p2b: Urshifu|spd|1\n|faint|p1b: Dragonite\n|\n|upkeep\n|\n|t:|1771841983\n|switch|p1b: Calyrex|Calyrex-Shadow, L50|100/100\n|-ability|p1b: Calyrex|As One\n|-ability|p1b: Calyrex|Unnerve\n|turn|2\n|inactive|123456ag has 30 seconds left.\n|inactive|123456ag has 20 seconds left.\n|inactive|123456ag has 15 seconds left.\n|inactive|123456ag has 10 seconds left.\n|\n|t:|1771842028\n|move|p2a: Grimmsnarl|Thunder Wave|p1b: Calyrex\n|-status|p1b: Calyrex|par\n|move|p2b: Urshifu|Close Combat|p1a: Zamazenta\n|-supereffective|p1a: Zamazenta\n|-damage|p1a: Zamazenta|51/100\n|-unboost|p2b: Urshifu|def|1\n|-unboost|p2b: Urshifu|spd|1\n|move|p1a: Zamazenta|Heavy Slam|p2a: Grimmsnarl\n|-supereffective|p2a: Grimmsnarl\n|-damage|p2a: Grimmsnarl|0 fnt\n|faint|p2a: Grimmsnarl\n|move|p1b: Calyrex|Astral Barrage|p2b: Urshifu\n|-damage|p2b: Urshifu|0 fnt\n|faint|p2b: Urshifu\n|-ability|p1b: Calyrex|Grim Neigh|boost\n|-boost|p1b: Calyrex|spa|1\n|\n|upkeep\n|\n|t:|1771842047\n|switch|p2b: Calyrex|Calyrex-Ice, L50|100/100\n|switch|p2a: Landorus|Landorus, L50, M|100/100\n|-ability|p2b: Calyrex|As One\n|-ability|p2b: Calyrex|Unnerve\n|turn|3\n|\n|t:|1771842063\n|-terastallize|p2b: Calyrex|Water\n|move|p1a: Zamazenta|Wide Guard|p1a: Zamazenta\n|-singleturn|p1a: Zamazenta|Wide Guard\n|move|p2a: Landorus|Sandsear Storm|p1a: Zamazenta|[spread] \n|-activate|p1a: Zamazenta|move: Wide Guard\n|-activate|p1b: Calyrex|move: Wide Guard\n|move|p1b: Calyrex|Astral Barrage|p2b: Calyrex|[spread] p2a,p2b\n|-damage|p2a: Landorus|46/100\n|-damage|p2b: Calyrex|65/100\n|move|p2b: Calyrex|Trick Room|p2b: Calyrex\n|-fieldstart|move: Trick Room|[of] p2b: Calyrex\n|\n|-heal|p2b: Calyrex|71/100|[from] item: Leftovers\n|upkeep\n|turn|4\n|\n|t:|1771842082\n|move|p2a: Landorus|Protect|p2a: Landorus\n|-singleturn|p2a: Landorus|Protect\n|move|p2b: Calyrex|Leech Seed|p1b: Calyrex|[miss]\n|-miss|p2b: Calyrex|p1b: Calyrex\n|move|p1b: Calyrex|Astral Barrage|p2b: Calyrex|[spread] p2b\n|-activate|p2a: Landorus|move: Protect\n|-damage|p2b: Calyrex|38/100\n|move|p1a: Zamazenta|Heavy Slam|p2a: Landorus\n|-activate|p2a: Landorus|move: Protect\n|\n|-heal|p2b: Calyrex|44/100|[from] item: Leftovers\n|upkeep\n|turn|5\n|\n|t:|1771842099\n|move|p2a: Landorus|Protect||[still]\n|-fail|p2a: Landorus\n|move|p2b: Calyrex|Leech Seed|p1b: Calyrex\n|-start|p1b: Calyrex|move: Leech Seed\n|cant|p1b: Calyrex|par\n|move|p1a: Zamazenta|Heavy Slam|p2a: Landorus\n|-damage|p2a: Landorus|0 fnt\n|faint|p2a: Landorus\n|\n|-heal|p2b: Calyrex|50/100|[from] item: Leftovers\n|-damage|p1b: Calyrex|88/100 par|[from] Leech Seed|[of] p2b: Calyrex\n|-heal|p2b: Calyrex|60/100|[silent]\n|upkeep\n|turn|6\n|-message|123456ag forfeited.\n|\n|win|VJ2511\n|raw|VJ2511's rating: 1586 &rarr; <strong>1600</strong><br />(+14 for winning)\n|raw|123456ag's rating: 1479 &rarr; <strong>1465</strong><br />(-14 for losing)\n|l|\u2606123456ag\n|player|p2|\n|l|\u2606VJ2511\n|player|p1|\n","uploadtime":1771842278,"views":19,"formatid":"gen9vgc2026regi","rating":1465,"private":0,"password":null}