{"id":"gen9vgc2026regi-2537041453","format":"[Gen 9] VGC 2026 Reg I","players":["Feenir","kojimuranishi"],"log":"|j|\u2606Feenir\n|j|\u2606kojimuranishi\n|t:|1770759564\n|gametype|doubles\n|player|p1|Feenir|2|1417\n|player|p2|kojimuranishi|265|1445\n|gen|9\n|tier|[Gen 9] VGC 2026 Reg I\n|rated|\n|rule|Species Clause: Limit one of each Pok\u00e9mon\n|rule|Item Clause: Limit 1 of each item\n|clearpoke\n|poke|p1|Miraidon, L50|\n|poke|p1|Landorus, L50, M|\n|poke|p1|Ursaluna, L50, F|\n|poke|p1|Calyrex-Ice, L50|\n|poke|p1|Whimsicott, L50, M|\n|poke|p1|Farigiraf, L50, M|\n|poke|p2|Whimsicott, L50, M|\n|poke|p2|Calyrex-Ice, L50|\n|poke|p2|Miraidon, L50|\n|poke|p2|Chi-Yu, L50|\n|poke|p2|Landorus, L50, M|\n|poke|p2|Ogerpon-Cornerstone, L50, F|\n|teampreview|4\n|inactive|Battle timer is ON: inactive players will automatically lose when time's up. (requested by kojimuranishi)\n|\n|t:|1770759595\n|teamsize|p1|4\n|teamsize|p2|4\n|start\n|switch|p1a: Calyrex|Calyrex-Ice, L50|100/100\n|switch|p1b: Ursaluna|Ursaluna, L50, F|100/100\n|switch|p2a: Whimsicott|Whimsicott, L50, M|100/100\n|switch|p2b: Calyrex|Calyrex-Ice, L50|100/100\n|-ability|p2b: Calyrex|As One\n|-ability|p2b: Calyrex|Unnerve\n|-ability|p1a: Calyrex|As One\n|-ability|p1a: Calyrex|Unnerve\n|turn|1\n|inactive|kojimuranishi has 30 seconds left.\n|\n|t:|1770759622\n|switch|p1b: Whimsicott|Whimsicott, L50, M|100/100\n|-terastallize|p2b: Calyrex|Ice\n|move|p2a: Whimsicott|Moonblast|p1a: Calyrex\n|-damage|p1a: Calyrex|74/100\n|move|p2b: Calyrex|Glacial Lance|p1a: Calyrex|[spread] p1a,p1b\n|-resisted|p1a: Calyrex\n|-supereffective|p1b: Whimsicott\n|-crit|p1b: Whimsicott\n|-damage|p1a: Calyrex|38/100\n|-enditem|p1b: Whimsicott|Focus Sash\n|-damage|p1b: Whimsicott|1/100\n|move|p1a: Calyrex|Glacial Lance|p2b: Calyrex|[spread] p2a,p2b\n|-supereffective|p2a: Whimsicott\n|-resisted|p2b: Calyrex\n|-enditem|p2a: Whimsicott|Focus Sash\n|-damage|p2a: Whimsicott|1/100\n|-damage|p2b: Calyrex|80/100\n|\n|upkeep\n|turn|2\n|\n|t:|1770759644\n|switch|p2a: Ogerpon|Ogerpon-Cornerstone, L50, F|100/100\n|move|p1a: Calyrex|Protect|p1a: Calyrex\n|-singleturn|p1a: Calyrex|Protect\n|move|p1b: Whimsicott|Endeavor|p2b: Calyrex\n|-damage|p2b: Calyrex|1/100\n|move|p2b: Calyrex|Glacial Lance|p1b: Whimsicott|[spread] p1b\n|-activate|p1a: Calyrex|move: Protect\n|-supereffective|p1b: Whimsicott\n|-damage|p1b: Whimsicott|0 fnt\n|faint|p1b: Whimsicott\n|-ability|p2b: Calyrex|Chilling Neigh|boost\n|-boost|p2b: Calyrex|atk|1\n|\n|upkeep\n|\n|t:|1770759653\n|switch|p1b: Miraidon|Miraidon, L50|100/100\n|-fieldstart|move: Electric Terrain|[from] ability: Hadron Engine|[of] p1b: Miraidon\n|turn|3\n|inactive|Feenir has 30 seconds left.\n|inactive|Feenir has 20 seconds left.\n|\n|t:|1770759693\n|move|p2a: Ogerpon|Follow Me|p2a: Ogerpon\n|-singleturn|p2a: Ogerpon|move: Follow Me\n|move|p1b: Miraidon|Volt Switch|p2a: Ogerpon\n|-resisted|p2a: Ogerpon\n|-damage|p2a: Ogerpon|64/100\n|\n|t:|1770759696\n|switch|p1b: Ursaluna|Ursaluna, L50, F|100/100|[from] Volt Switch\n|move|p2b: Calyrex|Glacial Lance|p1b: Ursaluna|[spread] p1a,p1b\n|-resisted|p1a: Calyrex\n|-supereffective|p1b: Ursaluna\n|-damage|p1a: Calyrex|0 fnt\n|-damage|p1b: Ursaluna|0 fnt\n|faint|p1a: Calyrex\n|faint|p1b: Ursaluna\n|-ability|p2b: Calyrex|Chilling Neigh|boost\n|-boost|p2b: Calyrex|atk|2\n|\n|upkeep\n|\n|t:|1770759698\n|switch|p1a: Miraidon|Miraidon, L50|100/100\n|-activate|p1a: Miraidon|ability: Hadron Engine\n|turn|4\n|c|\u2606Feenir|gg\n|\n|t:|1770759716\n|move|p2a: Ogerpon|Follow Me|p2a: Ogerpon\n|-singleturn|p2a: Ogerpon|move: Follow Me\n|move|p1a: Miraidon|Discharge|p2a: Ogerpon|[spread] p2a,p2b\n|-resisted|p2a: Ogerpon\n|-damage|p2a: Ogerpon|33/100\n|-damage|p2b: Calyrex|0 fnt\n|-status|p2a: Ogerpon|par\n|faint|p2b: Calyrex\n|\n|upkeep\n|\n|t:|1770759740\n|switch|p2b: Chi-Yu|Chi-Yu, L50|100/100\n|-ability|p2b: Chi-Yu|Beads of Ruin\n|turn|5\n|\n|t:|1770759747\n|cant|p2a: Ogerpon|par\n|move|p1a: Miraidon|Discharge|p2a: Ogerpon|[spread] p2a,p2b\n|-resisted|p2a: Ogerpon\n|-damage|p2a: Ogerpon|0 fnt\n|-damage|p2b: Chi-Yu|36/100\n|faint|p2a: Ogerpon\n|move|p2b: Chi-Yu|Dark Pulse|p1a: Miraidon\n|-damage|p1a: Miraidon|12/100\n|\n|upkeep\n|c|\u2606Feenir|gg\n|\n|t:|1770759757\n|switch|p2a: Whimsicott|Whimsicott, L50, M|1/100\n|turn|6\n|\n|t:|1770759763\n|move|p2a: Whimsicott|Tailwind|p2a: Whimsicott\n|-sidestart|p2: kojimuranishi|move: Tailwind\n|move|p1a: Miraidon|Discharge|p2b: Chi-Yu|[spread] p2a,p2b\n|-resisted|p2a: Whimsicott\n|-damage|p2a: Whimsicott|0 fnt\n|-damage|p2b: Chi-Yu|0 fnt\n|faint|p2a: Whimsicott\n|faint|p2b: Chi-Yu\n|\n|win|Feenir\n|raw|Feenir's rating: 1417 &rarr; <strong>1439</strong><br />(+22 for winning)\n|raw|kojimuranishi's rating: 1445 &rarr; <strong>1423</strong><br />(-22 for losing)\n|l|\u2606kojimuranishi\n|player|p2|\n|c|\u2606Feenir|chi yu speed?\n|l|\u2606Feenir\n|player|p1|\n","uploadtime":1770759975,"views":14,"formatid":"gen9vgc2026regi","rating":1423,"private":0,"password":null}