{"id":"gen9vgc2026regi-2589425806","format":"[Gen 9] VGC 2026 Reg I","players":["Shagrathisbeast","unzksakdk"],"log":"|j|\u2606Shagrathisbeast\n|j|\u2606unzksakdk\n|t:|1776721919\n|gametype|doubles\n|player|p1|Shagrathisbeast|266|1510\n|player|p2|unzksakdk|170|1529\n|gen|9\n|tier|[Gen 9] VGC 2026 Reg I\n|rated|\n|rule|Species Clause: Limit one of each Pok\u00e9mon\n|rule|Item Clause: Limit 1 of each item\n|clearpoke\n|poke|p1|Terapagos, L50, M|\n|poke|p1|Clefairy, L50, F|\n|poke|p1|Ogerpon-Hearthflame, L50, F|\n|poke|p1|Calyrex-Shadow, L50|\n|poke|p1|Grimmsnarl, L50, M|\n|poke|p1|Rillaboom, L50, M|\n|poke|p2|Groudon, L50|\n|poke|p2|Jumpluff, L50, M|\n|poke|p2|Miraidon, L50|\n|poke|p2|Farigiraf, L50, M|\n|poke|p2|Incineroar, L50, F|\n|poke|p2|Grimmsnarl, L50, M|\n|teampreview|4\n|\n|t:|1776721952\n|teamsize|p1|4\n|teamsize|p2|4\n|start\n|switch|p1a: Ogerpon|Ogerpon-Hearthflame, L50, F|100/100\n|switch|p1b: Terapagos|Terapagos, L50, M|100/100\n|switch|p2a: Grimmsnarl|Grimmsnarl, L50, M|100/100\n|switch|p2b: Incineroar|Incineroar, L50, F|100/100\n|-activate|p1b: Terapagos|ability: Tera Shift\n|detailschange|p1b: Terapagos|Terapagos-Terastal, L50, M\n|-heal|p1b: Terapagos|100/100|[silent]\n|-ability|p1a: Ogerpon|Mold Breaker\n|-ability|p2b: Incineroar|Intimidate|boost\n|-unboost|p1a: Ogerpon|atk|1\n|-unboost|p1b: Terapagos|atk|1\n|turn|1\n|\n|t:|1776721972\n|move|p1b: Terapagos|Protect|p1b: Terapagos\n|-singleturn|p1b: Terapagos|Protect\n|move|p2b: Incineroar|Fake Out|p1b: Terapagos\n|-activate|p1b: Terapagos|move: Protect\n|move|p2a: Grimmsnarl|Reflect|p2a: Grimmsnarl\n|-sidestart|p2: unzksakdk|Reflect\n|move|p1a: Ogerpon|Ivy Cudgel|p2a: Grimmsnarl|[anim] Ivy Cudgel Fire\n|-damage|p2a: Grimmsnarl|73/100\n|\n|upkeep\n|turn|2\n|\n|t:|1776722000\n|move|p1a: Ogerpon|Follow Me|p1a: Ogerpon\n|-singleturn|p1a: Ogerpon|move: Follow Me\n|move|p2a: Grimmsnarl|Light Screen|p2a: Grimmsnarl\n|-sidestart|p2: unzksakdk|move: Light Screen\n|move|p1b: Terapagos|Calm Mind|p1b: Terapagos\n|-boost|p1b: Terapagos|spa|1\n|-boost|p1b: Terapagos|spd|1\n|move|p2b: Incineroar|Knock Off|p1a: Ogerpon\n|-damage|p1a: Ogerpon|63/100\n|\n|upkeep\n|turn|3\n|\n|t:|1776722032\n|move|p1a: Ogerpon|Spiky Shield|p1a: Ogerpon\n|-singleturn|p1a: Ogerpon|move: Protect\n|move|p1b: Terapagos|Protect|p1b: Terapagos\n|-singleturn|p1b: Terapagos|Protect\n|move|p2a: Grimmsnarl|Thunder Wave|p1a: Ogerpon\n|-activate|p1a: Ogerpon|move: Protect\n|move|p2b: Incineroar|Parting Shot|p1b: Terapagos\n|-activate|p1b: Terapagos|move: Protect\n|\n|upkeep\n|turn|4\n|\n|t:|1776722047\n|move|p1a: Ogerpon|Follow Me|p1a: Ogerpon\n|-singleturn|p1a: Ogerpon|move: Follow Me\n|move|p1b: Terapagos|Calm Mind|p1b: Terapagos\n|-boost|p1b: Terapagos|spa|1\n|-boost|p1b: Terapagos|spd|1\n|move|p2b: Incineroar|Flare Blitz|p1a: Ogerpon\n|-damage|p1a: Ogerpon|0 fnt\n|faint|p1a: Ogerpon\n|-damage|p2b: Incineroar|82/100|[from] Recoil\n|move|p2a: Grimmsnarl|Spirit Break|p1b: Terapagos\n|-activate|p1b: Terapagos|ability: Tera Shell\n|-resisted|p1b: Terapagos\n|-damage|p1b: Terapagos|88/100\n|-unboost|p1b: Terapagos|spa|1\n|\n|-heal|p1b: Terapagos|94/100|[from] item: Leftovers\n|upkeep\n|\n|t:|1776722056\n|switch|p1a: Rillaboom|Rillaboom, L50, M, shiny|100/100\n|-fieldstart|move: Grassy Terrain|[from] ability: Grassy Surge|[of] p1a: Rillaboom\n|turn|5\n|\n|t:|1776722083\n|move|p1a: Rillaboom|Fake Out|p2a: Grimmsnarl\n|-damage|p2a: Grimmsnarl|63/100\n|move|p1b: Terapagos|Tera Starstorm|p2a: Grimmsnarl\n|-damage|p2a: Grimmsnarl|10/100\n|move|p2b: Incineroar|Flare Blitz|p1a: Rillaboom\n|-supereffective|p1a: Rillaboom\n|-damage|p1a: Rillaboom|0 fnt\n|faint|p1a: Rillaboom\n|-damage|p2b: Incineroar|50/100|[from] Recoil\n|-enditem|p2b: Incineroar|Sitrus Berry|[eat]\n|-heal|p2b: Incineroar|75/100|[from] item: Sitrus Berry\n|cant|p2a: Grimmsnarl|flinch\n|\n|-heal|p1b: Terapagos|99/100|[from] Grassy Terrain\n|-heal|p1b: Terapagos|100/100|[from] item: Leftovers\n|-heal|p2b: Incineroar|81/100|[from] Grassy Terrain\n|-heal|p2a: Grimmsnarl|16/100|[from] Grassy Terrain\n|upkeep\n|\n|t:|1776722090\n|switch|p1a: Calyrex|Calyrex-Shadow, L50|100/100\n|-ability|p1a: Calyrex|As One\n|-ability|p1a: Calyrex|Unnerve\n|turn|6\n|\n|t:|1776722137\n|move|p2a: Grimmsnarl|Thunder Wave|p1a: Calyrex\n|-status|p1a: Calyrex|par\n|move|p1a: Calyrex|Astral Barrage|p2a: Grimmsnarl|[spread] p2a,p2b\n|-resisted|p2a: Grimmsnarl\n|-resisted|p2b: Incineroar\n|-damage|p2a: Grimmsnarl|0 fnt\n|-damage|p2b: Incineroar|63/100\n|faint|p2a: Grimmsnarl\n|-ability|p1a: Calyrex|Grim Neigh|boost\n|-boost|p1a: Calyrex|spa|1\n|move|p1b: Terapagos|Earth Power|p2b: Incineroar\n|-supereffective|p2b: Incineroar\n|-damage|p2b: Incineroar|4/100\n|move|p2b: Incineroar|Parting Shot|p1b: Terapagos\n|-unboost|p1b: Terapagos|atk|1\n|-unboost|p1b: Terapagos|spa|1\n|\n|t:|1776722158\n|switch|p2b: Miraidon|Miraidon, L50|100/100|[from] Parting Shot\n|-fieldstart|move: Electric Terrain|[from] ability: Hadron Engine|[of] p2b: Miraidon\n|\n|upkeep\n|\n|t:|1776722178\n|switch|p2a: Groudon|Groudon, L50|100/100\n|-weather|SunnyDay|[from] ability: Drought|[of] p2a: Groudon\n|turn|7\n|\n|t:|1776722215\n|move|p1a: Calyrex|Protect|p1a: Calyrex\n|-singleturn|p1a: Calyrex|Protect\n|move|p2b: Miraidon|Electro Drift|p1b: Terapagos\n|-activate|p1b: Terapagos|ability: Tera Shell\n|-resisted|p1b: Terapagos\n|-damage|p1b: Terapagos|73/100\n|move|p2a: Groudon|Precipice Blades|p1a: Calyrex|[spread] p1b\n|-activate|p1a: Calyrex|move: Protect\n|-damage|p1b: Terapagos|25/100\n|move|p1b: Terapagos|Calm Mind|p1b: Terapagos\n|-boost|p1b: Terapagos|spa|1\n|-boost|p1b: Terapagos|spd|1\n|\n|-weather|SunnyDay|[upkeep]\n|-heal|p1b: Terapagos|31/100|[from] item: Leftovers\n|upkeep\n|turn|8\n|\n|t:|1776722235\n|-terastallize|p1a: Calyrex|Ghost\n|move|p2b: Miraidon|Electro Drift|p1a: Calyrex\n|-enditem|p1a: Calyrex|Focus Sash\n|-damage|p1a: Calyrex|1/100 par\n|move|p2a: Groudon|Precipice Blades|p1b: Terapagos|[spread] p1a,p1b\n|-damage|p1a: Calyrex|0 fnt\n|-damage|p1b: Terapagos|0 fnt\n|faint|p1a: Calyrex\n|faint|p1b: Terapagos\n|\n|win|unzksakdk\n|raw|Shagrathisbeast's rating: 1510 &rarr; <strong>1491</strong><br />(-19 for losing)\n|raw|unzksakdk's rating: 1529 &rarr; <strong>1548</strong><br />(+19 for winning)\n|l|\u2606Shagrathisbeast\n|player|p1|\n|l|\u2606unzksakdk\n|player|p2|\n","uploadtime":1776722494,"views":11,"formatid":"gen9vgc2026regi","rating":1491,"private":0,"password":null}