{"id":"gen9vgc2026regi-2543539564","format":"[Gen 9] VGC 2026 Reg I","players":["EllenJoe2026","Solarbloke"],"log":"|j|\u2606EllenJoe2026\n|j|\u2606Solarbloke\n|t:|1771590455\n|gametype|doubles\n|player|p1|EllenJoe2026|iono|1369\n|player|p2|Solarbloke|colress|1542\n|gen|9\n|tier|[Gen 9] VGC 2026 Reg I\n|rated|\n|rule|Species Clause: Limit one of each Pok\u00e9mon\n|rule|Item Clause: Limit 1 of each item\n|clearpoke\n|poke|p1|Calyrex-Ice, L50|\n|poke|p1|Miraidon, L50|\n|poke|p1|Tornadus, L50, M|\n|poke|p1|Urshifu-*, L50, F|\n|poke|p1|Volcarona, L50, F|\n|poke|p1|Indeedee-F, L50, F|\n|poke|p2|Calyrex-Ice, L50|\n|poke|p2|Kyogre, L50|\n|poke|p2|Farigiraf, L50, M|\n|poke|p2|Smeargle, L50, F|\n|poke|p2|Maushold, L50|\n|poke|p2|Talonflame, L50, F|\n|teampreview|4\n|inactive|Battle timer is ON: inactive players will automatically lose when time's up. (requested by Solarbloke)\n|inactive|EllenJoe2026 also wants the timer to be on.\n|\n|t:|1771590477\n|teamsize|p1|4\n|teamsize|p2|4\n|start\n|switch|p1a: Calyrex|Calyrex-Ice, L50|100/100\n|switch|p1b: Tornadus|Tornadus, L50, M, shiny|100/100\n|switch|p2a: Calyrex|Calyrex-Ice, L50|100/100\n|switch|p2b: Smeargle|Smeargle, L50, F|100/100\n|-ability|p1a: Calyrex|As One\n|-ability|p1a: Calyrex|Unnerve\n|-ability|p2a: Calyrex|As One\n|-ability|p2a: Calyrex|Unnerve\n|turn|1\n|\n|t:|1771590482\n|switch|p1b: Indeedee|Indeedee-F, L50, F, shiny|100/100\n|-fieldstart|move: Psychic Terrain|[from] ability: Psychic Surge|[of] p1b: Indeedee\n|-terastallize|p1a: Calyrex|Grass\n|move|p2b: Smeargle|Fake Out|p1a: Calyrex\n|-activate|p1a: Calyrex|move: Psychic Terrain\n|move|p1a: Calyrex|Imprison|p1a: Calyrex\n|-start|p1a: Calyrex|move: Imprison\n|cant|p2a: Calyrex|move: Imprison|Glacial Lance\n|\n|-ability|p2b: Smeargle|Moody|boost\n|-boost|p2b: Smeargle|spd|2\n|-unboost|p2b: Smeargle|spe|1\n|upkeep\n|turn|2\n|\n|t:|1771590498\n|switch|p1b: Miraidon|Miraidon, L50, shiny|100/100\n|-fieldstart|move: Electric Terrain|[from] ability: Hadron Engine|[of] p1b: Miraidon\n|move|p1a: Calyrex|Seed Bomb|p2b: Smeargle\n|-enditem|p2b: Smeargle|Focus Sash\n|-damage|p2b: Smeargle|1/100\n|move|p2b: Smeargle|Decorate|p2a: Calyrex\n|-boost|p2a: Calyrex|atk|2\n|-boost|p2a: Calyrex|spa|2\n|move|p2a: Calyrex|Crunch|p1b: Miraidon\n|-damage|p1b: Miraidon|27/100\n|\n|-ability|p2b: Smeargle|Moody|boost\n|-boost|p2b: Smeargle|spd|2\n|-unboost|p2b: Smeargle|atk|1\n|upkeep\n|turn|3\n|\n|t:|1771590520\n|switch|p1b: Tornadus|Tornadus, L50, M, shiny|100/100\n|move|p2b: Smeargle|Follow Me|p2b: Smeargle\n|-singleturn|p2b: Smeargle|move: Follow Me\n|move|p1a: Calyrex|Glacial Lance|p2b: Smeargle|[spread] p2a,p2b\n|-resisted|p2a: Calyrex\n|-damage|p2a: Calyrex|83/100\n|-damage|p2b: Smeargle|0 fnt\n|faint|p2b: Smeargle\n|-ability|p1a: Calyrex|Chilling Neigh|boost\n|-boost|p1a: Calyrex|atk|1\n|move|p2a: Calyrex|High Horsepower|p1b: Tornadus\n|-immune|p1b: Tornadus\n|\n|upkeep\n|\n|t:|1771590525\n|switch|p2b: Maushold|Maushold, L50|100/100\n|turn|4\n|\n|t:|1771590544\n|move|p1b: Tornadus|Tailwind|p1b: Tornadus\n|-sidestart|p1: EllenJoe2026|move: Tailwind\n|move|p1a: Calyrex|Glacial Lance|p2b: Maushold|[spread] p2a,p2b\n|-resisted|p2a: Calyrex\n|-damage|p2a: Calyrex|58/100\n|-damage|p2b: Maushold|0 fnt\n|faint|p2b: Maushold\n|-ability|p1a: Calyrex|Chilling Neigh|boost\n|-boost|p1a: Calyrex|atk|1\n|move|p2a: Calyrex|Crunch|p1a: Calyrex\n|-damage|p1a: Calyrex|59/100\n|\n|upkeep\n|\n|t:|1771590550\n|switch|p2b: Kyogre|Kyogre, L50|100/100\n|-weather|RainDance|[from] ability: Drizzle|[of] p2b: Kyogre\n|turn|5\n|\n|t:|1771590561\n|-terastallize|p2b: Kyogre|Water\n|move|p1b: Tornadus|Sunny Day|p1b: Tornadus\n|-weather|SunnyDay\n|move|p2b: Kyogre|Water Spout|p1b: Tornadus|[spread] p1a,p1b\n|-resisted|p1a: Calyrex\n|-damage|p1a: Calyrex|44/100\n|-damage|p1b: Tornadus|37/100\n|move|p1a: Calyrex|Seed Bomb|p2b: Kyogre\n|-supereffective|p2b: Kyogre\n|-damage|p2b: Kyogre|0 fnt\n|faint|p2b: Kyogre\n|-ability|p1a: Calyrex|Chilling Neigh|boost\n|-boost|p1a: Calyrex|atk|1\n|move|p2a: Calyrex|Crunch|p1a: Calyrex\n|-damage|p1a: Calyrex|0 fnt\n|faint|p1a: Calyrex\n|-ability|p2a: Calyrex|Chilling Neigh|boost\n|-boost|p2a: Calyrex|atk|1\n|\n|-weather|SunnyDay|[upkeep]\n|upkeep\n|-message|Solarbloke forfeited.\n|\n|win|EllenJoe2026\n|raw|EllenJoe2026's rating: 1369 &rarr; <strong>1398</strong><br />(+29 for winning)\n|raw|Solarbloke's rating: 1542 &rarr; <strong>1513</strong><br />(-29 for losing)\n|l|\u2606Solarbloke\n|player|p2|\n|l|\u2606EllenJoe2026\n|player|p1|\n","uploadtime":1771590747,"views":20,"formatid":"gen9vgc2026regi","rating":1398,"private":0,"password":null}