{"id":"gen9vgc2026regi-2542684538","format":"[Gen 9] VGC 2026 Reg I","players":["lalo's pollos","Darknight918"],"log":"|j|\u2606lalo's pollos\n|j|\u2606Darknight918\n|t:|1771478922\n|gametype|doubles\n|player|p1|lalo's pollos|266|1463\n|player|p2|Darknight918|will|1470\n|gen|9\n|tier|[Gen 9] VGC 2026 Reg I\n|rated|\n|rule|Species Clause: Limit one of each Pok\u00e9mon\n|rule|Item Clause: Limit 1 of each item\n|clearpoke\n|poke|p1|Zamazenta-*, L50|\n|poke|p1|Lunala, L50|\n|poke|p1|Rillaboom, L50, F|\n|poke|p1|Incineroar, L50, M|\n|poke|p1|Urshifu-*, L50, F|\n|poke|p1|Tornadus, L50, M|\n|poke|p2|Calyrex-Shadow, L50|\n|poke|p2|Zamazenta-*, L50|\n|poke|p2|Chien-Pao, L50|\n|poke|p2|Dragonite, L50, M|\n|poke|p2|Raging Bolt, L50|\n|poke|p2|Amoonguss, L50, M|\n|teampreview|4\n|\n|t:|1771478937\n|teamsize|p1|4\n|teamsize|p2|4\n|start\n|switch|p1a: Zamazenta|Zamazenta-Crowned, L50|100/100\n|switch|p1b: Tornadus|Tornadus, L50, M|100/100\n|switch|p2a: prote|Zamazenta-Crowned, L50|100/100\n|switch|p2b: Chien-Pao|Chien-Pao, L50|100/100\n|-ability|p2b: Chien-Pao|Sword of Ruin\n|-ability|p1a: Zamazenta|Dauntless Shield|boost\n|-boost|p1a: Zamazenta|def|1\n|-ability|p2a: prote|Dauntless Shield|boost\n|-boost|p2a: prote|def|1\n|turn|1\n|\n|t:|1771478963\n|-terastallize|p2b: Chien-Pao|Poison\n|move|p2b: Chien-Pao|Ruination|p1a: Zamazenta\n|-damage|p1a: Zamazenta|51/100\n|move|p1b: Tornadus|Bleakwind Storm|p2a: prote|[spread] p2a,p2b\n|-damage|p2a: prote|77/100\n|-damage|p2b: Chien-Pao|69/100\n|move|p1a: Zamazenta|Heavy Slam|p2b: Chien-Pao\n|-damage|p2b: Chien-Pao|3/100\n|move|p2a: prote|Body Press|p1a: Zamazenta\n|-supereffective|p1a: Zamazenta\n|-damage|p1a: Zamazenta|0 fnt\n|faint|p1a: Zamazenta\n|\n|upkeep\n|\n|t:|1771478976\n|switch|p1a: Lunala|Lunala, L50|100/100\n|turn|2\n|\n|t:|1771478988\n|move|p1a: Lunala|Protect|p1a: Lunala\n|-singleturn|p1a: Lunala|Protect\n|move|p2b: Chien-Pao|Icy Wind|p1b: Tornadus|[spread] p1b\n|-activate|p1a: Lunala|move: Protect\n|-supereffective|p1b: Tornadus\n|-damage|p1b: Tornadus|68/100\n|-unboost|p1b: Tornadus|spe|1\n|move|p2a: prote|Heavy Slam|p1a: Lunala\n|-activate|p1a: Lunala|move: Protect\n|move|p1b: Tornadus|Bleakwind Storm|p2a: prote|[spread] p2a,p2b\n|-damage|p2a: prote|53/100\n|-damage|p2b: Chien-Pao|0 fnt\n|-unboost|p2a: prote|spe|1\n|faint|p2b: Chien-Pao\n|\n|upkeep\n|\n|t:|1771478996\n|switch|p2b: Dragonite|Dragonite, L50, M, shiny|100/100\n|turn|3\n|\n|t:|1771479001\n|-terastallize|p1a: Lunala|Fairy\n|move|p1b: Tornadus|Tailwind|p1b: Tornadus\n|-sidestart|p1: lalo's pollos|move: Tailwind\n|move|p1a: Lunala|Moonblast|p2b: Dragonite\n|-supereffective|p2b: Dragonite\n|-damage|p2b: Dragonite|3/100\n|-unboost|p2b: Dragonite|spa|1\n|move|p2a: prote|Heavy Slam|p1b: Tornadus\n|-damage|p1b: Tornadus|0 fnt\n|faint|p1b: Tornadus\n|move|p2b: Dragonite|Outrage|p1a: Lunala\n|-immune|p1a: Lunala\n|\n|upkeep\n|\n|t:|1771479011\n|switch|p1b: Incineroar|Incineroar, L50, M|100/100\n|-ability|p1b: Incineroar|Intimidate|boost\n|-unboost|p2a: prote|atk|1\n|-fail|p2b: Dragonite|unboost|Attack|[from] ability: Inner Focus|[of] p2b: Dragonite\n|turn|4\n|\n|t:|1771479039\n|switch|p2b: Calyrex|Calyrex-Shadow, L50|100/100\n|-ability|p2b: Calyrex|As One\n|-ability|p2b: Calyrex|Unnerve\n|move|p1b: Incineroar|Fake Out|p2a: prote\n|-resisted|p2a: prote\n|-damage|p2a: prote|51/100\n|move|p1a: Lunala|Moonblast|p2b: Calyrex\n|-damage|p2b: Calyrex|44/100\n|cant|p2a: prote|flinch\n|\n|upkeep\n|turn|5\n|\n|t:|1771479055\n|move|p2b: Calyrex|Protect|p2b: Calyrex\n|-singleturn|p2b: Calyrex|Protect\n|move|p1a: Lunala|Moongeist Beam|p2a: prote\n|-damage|p2a: prote|13/100\n|move|p1b: Incineroar|Knock Off|p2b: Calyrex\n|-activate|p2b: Calyrex|move: Protect\n|move|p2a: prote|Heavy Slam|p1a: Lunala\n|-supereffective|p1a: Lunala\n|-damage|p1a: Lunala|73/100\n|\n|-heal|p1a: Lunala|79/100|[from] item: Leftovers\n|upkeep\n|turn|6\n|\n|t:|1771479070\n|switch|p2b: Dragonite|Dragonite, L50, M, shiny|3/100\n|move|p2a: prote|Protect|p2a: prote\n|-singleturn|p2a: prote|Protect\n|move|p1a: Lunala|Moongeist Beam|p2a: prote\n|-activate|p2a: prote|move: Protect\n|move|p1b: Incineroar|Knock Off|p2b: Dragonite\n|-damage|p2b: Dragonite|0 fnt\n|-enditem|p2b: Dragonite|Choice Band|[from] move: Knock Off|[of] p1b: Incineroar\n|faint|p2b: Dragonite\n|\n|-heal|p1a: Lunala|85/100|[from] item: Leftovers\n|-sideend|p1: lalo's pollos|move: Tailwind\n|upkeep\n|\n|t:|1771479075\n|switch|p2b: Calyrex|Calyrex-Shadow, L50|44/100\n|-ability|p2b: Calyrex|As One\n|-ability|p2b: Calyrex|Unnerve\n|turn|7\n|\n|t:|1771479105\n|move|p2b: Calyrex|Psychic|p1a: Lunala\n|-damage|p1a: Lunala|41/100\n|move|p1a: Lunala|Moongeist Beam|p2a: prote\n|-damage|p2a: prote|0 fnt\n|faint|p2a: prote\n|move|p1b: Incineroar|Knock Off|p2b: Calyrex\n|-supereffective|p2b: Calyrex\n|-damage|p2b: Calyrex|0 fnt\n|-enditem|p2b: Calyrex|Focus Sash|[from] move: Knock Off|[of] p1b: Incineroar\n|faint|p2b: Calyrex\n|\n|win|lalo's pollos\n|raw|lalo&apos;s pollos's rating: 1463 &rarr; <strong>1483</strong><br />(+20 for winning)\n|raw|Darknight918's rating: 1470 &rarr; <strong>1450</strong><br />(-20 for losing)\n|l|\u2606Darknight918\n|player|p2|\n","uploadtime":1771479311,"views":17,"formatid":"gen9vgc2026regi","rating":1450,"private":0,"password":null}