{"id":"gen9vgc2026regi-2538711332","format":"[Gen 9] VGC 2026 Reg I","players":["jpto5","A13xander"],"log":"|j|\u2606jpto5\n|j|\u2606A13xander\n|t:|1770960937\n|gametype|doubles\n|player|p1|jpto5|170|1152\n|player|p2|A13xander|n|1121\n|gen|9\n|tier|[Gen 9] VGC 2026 Reg I\n|rated|\n|rule|Species Clause: Limit one of each Pok\u00e9mon\n|rule|Item Clause: Limit 1 of each item\n|clearpoke\n|poke|p1|Tornadus, L50, M|\n|poke|p1|Kyogre, L50|\n|poke|p1|Zacian-*, L50|\n|poke|p1|Archaludon, L50, F|\n|poke|p1|Basculegion, L50, M|\n|poke|p1|Chien-Pao, L50|\n|poke|p2|Incineroar, L50, M|\n|poke|p2|Lilligant, L50, F|\n|poke|p2|Terapagos, L50, M|\n|poke|p2|Whimsicott, L50, F|\n|poke|p2|Koraidon, L50|\n|poke|p2|Chi-Yu, L50|\n|teampreview|4\n|inactive|Battle timer is ON: inactive players will automatically lose when time's up. (requested by jpto5)\n|inactive|jpto5 has 60 seconds left.\n|inactive|A13xander has 60 seconds left.\n|\n|t:|1770960999\n|teamsize|p1|4\n|teamsize|p2|4\n|start\n|switch|p1a: Tornadus|Tornadus, L50, M|100/100\n|switch|p1b: Basculegion|Basculegion, L50, M|100/100\n|switch|p2a: Incineroar|Incineroar, L50, M, shiny|100/100\n|switch|p2b: Terapagos|Terapagos, L50, M|100/100\n|-activate|p2b: Terapagos|ability: Tera Shift\n|detailschange|p2b: Terapagos|Terapagos-Terastal, L50, M\n|-heal|p2b: Terapagos|100/100|[silent]\n|turn|1\n|inactive|jpto5 has 30 seconds left.\n|inactive|jpto5 has 20 seconds left.\n|\n|t:|1770961035\n|switch|p1a: Kyogre|Kyogre, L50|100/100\n|-weather|RainDance|[from] ability: Drizzle|[of] p1a: Kyogre\n|move|p2a: Incineroar|Fake Out|p1a: Kyogre\n|-damage|p1a: Kyogre|88/100\n|move|p1b: Basculegion|Wave Crash|p2b: Terapagos\n|-activate|p2b: Terapagos|ability: Tera Shell\n|-resisted|p2b: Terapagos\n|-damage|p2b: Terapagos|59/100\n|-damage|p1b: Basculegion|87/100|[from] Recoil\n|move|p2b: Terapagos|Meteor Beam||[still]\n|-prepare|p2b: Terapagos|Meteor Beam\n|-boost|p2b: Terapagos|spa|1\n|-enditem|p2b: Terapagos|Power Herb\n|-anim|p2b: Terapagos|Meteor Beam|p1a: Kyogre\n|-damage|p1a: Kyogre|46/100\n|\n|-weather|RainDance|[upkeep]\n|upkeep\n|turn|2\n|inactive|jpto5 has 30 seconds left.\n|inactive|A13xander has 30 seconds left.\n|inactive|jpto5 has 20 seconds left.\n|inactive|jpto5 has 15 seconds left.\n|inactive|A13xander has 20 seconds left.\n|inactive|A13xander has 15 seconds left.\n|inactive|A13xander has 10 seconds left.\n|\n|t:|1770961087\n|switch|p2a: Whimsicott|Whimsicott, L50, F, shiny|100/100\n|move|p2b: Terapagos|Protect|p2b: Terapagos\n|-singleturn|p2b: Terapagos|Protect\n|move|p1b: Basculegion|Wave Crash|p2b: Terapagos\n|-activate|p2b: Terapagos|move: Protect\n|move|p1a: Kyogre|Water Spout|p2a: Whimsicott|[spread] p2a\n|-activate|p2b: Terapagos|move: Protect\n|-resisted|p2a: Whimsicott\n|-damage|p2a: Whimsicott|66/100\n|\n|-weather|RainDance|[upkeep]\n|upkeep\n|turn|3\n|inactive|A13xander has 30 seconds left.\n|\n|t:|1770961115\n|switch|p2b: Incineroar|Incineroar, L50, M, shiny|100/100\n|move|p2a: Whimsicott|Sunny Day|p2a: Whimsicott\n|-weather|SunnyDay\n|move|p1a: Kyogre|Ice Beam|p2a: Whimsicott\n|-supereffective|p2a: Whimsicott\n|-damage|p2a: Whimsicott|0 fnt\n|faint|p2a: Whimsicott\n|move|p1b: Basculegion|Wave Crash|p2b: Incineroar\n|-supereffective|p2b: Incineroar\n|-damage|p2b: Incineroar|41/100\n|-damage|p1b: Basculegion|67/100|[from] Recoil\n|\n|-weather|SunnyDay|[upkeep]\n|upkeep\n|\n|t:|1770961121\n|switch|p2a: Terapagos|Terapagos-Terastal, L50, M|59/100\n|turn|4\n|\n|t:|1770961140\n|switch|p1a: Tornadus|Tornadus, L50, M|100/100\n|-terastallize|p2a: Terapagos|Stellar\n|detailschange|p2a: Terapagos|Terapagos-Stellar, L50, M, tera:Stellar\n|-heal|p2a: Terapagos|70/100|[silent]\n|-ability|p2a: Terapagos|Teraform Zero\n|-weather|none\n|move|p1b: Basculegion|Head Smash|p2a: Terapagos|[miss]\n|-miss|p1b: Basculegion|p2a: Terapagos\n|move|p2a: Terapagos|Tera Starstorm|p1b: Basculegion|[spread] p1a,p1b\n|-damage|p1a: Tornadus|45/100\n|-damage|p1b: Basculegion|21/100\n|move|p2b: Incineroar|Knock Off|p1b: Basculegion\n|-supereffective|p1b: Basculegion\n|-damage|p1b: Basculegion|0 fnt\n|-enditem|p1b: Basculegion|Black Belt|[from] move: Knock Off|[of] p2b: Incineroar\n|faint|p1b: Basculegion\n|\n|upkeep\n|\n|t:|1770961157\n|switch|p1b: Kyogre|Kyogre, L50|46/100\n|-weather|RainDance|[from] ability: Drizzle|[of] p1b: Kyogre\n|turn|5\n|\n|t:|1770961174\n|switch|p2b: Koraidon|Koraidon, L50, shiny|100/100\n|-weather|SunnyDay|[from] ability: Orichalcum Pulse|[of] p2b: Koraidon\n|-activate|p2b: Koraidon|Orichalcum Pulse|[source]\n|move|p1a: Tornadus|Bleakwind Storm|p2a: Terapagos|[spread] p2a,p2b\n|-supereffective|p2b: Koraidon\n|-damage|p2a: Terapagos|47/100\n|-damage|p2b: Koraidon|24/100\n|-unboost|p2a: Terapagos|spe|1\n|move|p1b: Kyogre|Water Spout|p2a: Terapagos|[spread] p2a,p2b\n|-resisted|p2b: Koraidon\n|-damage|p2a: Terapagos|37/100\n|-damage|p2b: Koraidon|16/100\n|move|p2a: Terapagos|Tera Starstorm|p1a: Tornadus|[spread] p1a,p1b\n|-damage|p1a: Tornadus|0 fnt\n|-damage|p1b: Kyogre|18/100\n|faint|p1a: Tornadus\n|\n|-weather|SunnyDay|[upkeep]\n|upkeep\n|\n|t:|1770961178\n|switch|p1a: Zacian|Zacian-Crowned, L50|100/100\n|-ability|p1a: Zacian|Intrepid Sword|boost\n|-boost|p1a: Zacian|atk|1\n|turn|6\n|inactive|jpto5 has 30 seconds left.\n|\n|t:|1770961208\n|move|p2b: Koraidon|Protect|p2b: Koraidon\n|-singleturn|p2b: Koraidon|Protect\n|move|p1a: Zacian|Sacred Sword|p2b: Koraidon\n|-activate|p2b: Koraidon|move: Protect\n|move|p1b: Kyogre|Ice Beam|p2a: Terapagos\n|-damage|p2a: Terapagos|12/100\n|move|p2a: Terapagos|Tera Starstorm|p1a: Zacian|[spread] p1a,p1b\n|-damage|p1a: Zacian|61/100\n|-damage|p1b: Kyogre|0 fnt\n|faint|p1b: Kyogre\n|\n|-weather|SunnyDay|[upkeep]\n|upkeep\n|turn|7\n|\n|t:|1770961232\n|move|p2b: Koraidon|Close Combat|p1a: Zacian\n|-damage|p1a: Zacian|0 fnt\n|-unboost|p2b: Koraidon|def|1\n|-unboost|p2b: Koraidon|spd|1\n|faint|p1a: Zacian\n|-damage|p2b: Koraidon|6/100|[from] item: Life Orb\n|\n|win|A13xander\n|raw|jpto5's rating: 1152 &rarr; <strong>1125</strong><br />(-27 for losing)\n|raw|A13xander's rating: 1121 &rarr; <strong>1148</strong><br />(+27 for winning)\n|l|\u2606A13xander\n|player|p2|\n|l|\u2606jpto5\n|player|p1|\n","uploadtime":1770961533,"views":21,"formatid":"gen9vgc2026regi","rating":1125,"private":0,"password":null}