{"id":"gen9vgc2026regi-2564532189","format":"[Gen 9] VGC 2026 Reg I","players":["TheManOfSausage","Highkage2"],"log":"|j|\u2606TheManOfSausage\n|j|\u203dHighkage2\n|t:|1774158643\n|gametype|doubles\n|player|p1|TheManOfSausage|miku-water|1510\n|player|p2|Highkage2|doubleteam|1609\n|gen|9\n|tier|[Gen 9] VGC 2026 Reg I\n|rated|\n|rule|Species Clause: Limit one of each Pok\u00e9mon\n|rule|Item Clause: Limit 1 of each item\n|clearpoke\n|poke|p1|Calyrex-Ice, L50|\n|poke|p1|Kyogre, L50|\n|poke|p1|Rillaboom, L50, M|\n|poke|p1|Urshifu-*, L50, M|\n|poke|p1|Roaring Moon, L50|\n|poke|p1|Landorus, L50, M|\n|poke|p2|Incineroar, L50, M|\n|poke|p2|Calyrex-Ice, L50|\n|poke|p2|Miraidon, L50|\n|poke|p2|Farigiraf, L50, F|\n|poke|p2|Pelipper, L50, M|\n|poke|p2|Iron Treads, L50|\n|teampreview|4\n|inactive|Battle timer is ON: inactive players will automatically lose when time's up. (requested by Highkage2)\nTheManOfSausage has agreed to open team sheets.\n|inactive|Highkage2 has 60 seconds left.\n|\n|t:|1774158695\n|teamsize|p1|4\n|teamsize|p2|4\n|start\n|switch|p1a: Rillaboom|Rillaboom, L50, M|100/100\n|switch|p1b: Ogurin|Calyrex-Ice, L50|100/100\n|switch|p2a: Incineroar|Incineroar, L50, M|100/100\n|switch|p2b: Farigiraf|Farigiraf, L50, F|100/100\n|-ability|p1b: Ogurin|As One\n|-ability|p1b: Ogurin|Unnerve\n|-fieldstart|move: Grassy Terrain|[from] ability: Grassy Surge|[of] p1a: Rillaboom\n|-ability|p2a: Incineroar|Intimidate|boost\n|-unboost|p1a: Rillaboom|atk|1\n|-unboost|p1b: Ogurin|atk|1\n|turn|1\n|inactive|Highkage2 has 30 seconds left.\n|inactive|Highkage2 has 20 seconds left.\n|inactive|Highkage2 has 15 seconds left.\n|inactive|Highkage2 has 10 seconds left.\n|inactive|Highkage2 has 5 seconds left.\n|\n|t:|1774158747\n|move|p1a: Rillaboom|U-turn|p2b: Farigiraf\n|-supereffective|p2b: Farigiraf\n|-damage|p2b: Farigiraf|75/100\n|\n|t:|1774158751\n|switch|p1a: Kyogre|Kyogre, L50|100/100|[from] U-turn\n|-weather|RainDance|[from] ability: Drizzle|[of] p1a: Kyogre\n|move|p2b: Farigiraf|Psychic|p1a: Kyogre\n|-damage|p1a: Kyogre|77/100\n|move|p1b: Ogurin|Leech Seed|p2b: Farigiraf\n|-start|p2b: Farigiraf|move: Leech Seed\n|move|p2a: Incineroar|Knock Off|p1a: Kyogre\n|-damage|p1a: Kyogre|41/100\n|-enditem|p1a: Kyogre|Mystic Water|[from] move: Knock Off|[of] p2a: Incineroar\n|\n|-weather|RainDance|[upkeep]\n|-heal|p1a: Kyogre|47/100|[from] Grassy Terrain\n|-heal|p2b: Farigiraf|81/100|[from] Grassy Terrain\n|-damage|p2b: Farigiraf|69/100|[from] Leech Seed|[of] p1b: Ogurin\n|upkeep\n|turn|2\n|inactive|Highkage2 has 30 seconds left.\n|inactive|Highkage2 has 20 seconds left.\n|inactive|Highkage2 has 15 seconds left.\n|inactive|Highkage2 has 10 seconds left.\n|\n|t:|1774158801\n|switch|p2a: Calyrex|Calyrex-Ice, L50|100/100\n|-ability|p2a: Calyrex|As One\n|-ability|p2a: Calyrex|Unnerve\n|-terastallize|p2b: Farigiraf|Water\n|move|p1a: Kyogre|Origin Pulse|p2b: Farigiraf|[spread] p2a\n|-miss|p1a: Kyogre|p2b: Farigiraf\n|-damage|p2a: Calyrex|57/100\n|move|p2b: Farigiraf|Psychic|p1a: Kyogre\n|-damage|p1a: Kyogre|26/100\n|move|p1b: Ogurin|Trick Room|p1b: Ogurin\n|-fieldstart|move: Trick Room|[of] p1b: Ogurin\n|\n|-weather|RainDance|[upkeep]\n|-heal|p2a: Calyrex|63/100|[from] Grassy Terrain\n|-heal|p2a: Calyrex|69/100|[from] item: Leftovers\n|-heal|p2b: Farigiraf|75/100|[from] Grassy Terrain\n|-heal|p1a: Kyogre|32/100|[from] Grassy Terrain\n|-damage|p2b: Farigiraf|63/100|[from] Leech Seed|[of] p1b: Ogurin\n|upkeep\n|turn|3\n|inactive|Highkage2 has 30 seconds left.\n|inactive|Highkage2 has 20 seconds left.\n|\n|t:|1774158838\n|move|p1a: Kyogre|Protect|p1a: Kyogre\n|-singleturn|p1a: Kyogre|Protect\n|move|p2a: Calyrex|Leech Seed|p1b: Ogurin\n|-start|p1b: Ogurin|move: Leech Seed\n|move|p2b: Farigiraf|Foul Play|p1b: Ogurin\n|-supereffective|p1b: Ogurin\n|-damage|p1b: Ogurin|68/100\n|move|p1b: Ogurin|Leech Seed|p2a: Calyrex\n|-start|p2a: Calyrex|move: Leech Seed\n|\n|-weather|RainDance|[upkeep]\n|-heal|p2a: Calyrex|74/100|[from] Grassy Terrain\n|-heal|p2a: Calyrex|80/100|[from] item: Leftovers\n|-heal|p1b: Ogurin|74/100|[from] Grassy Terrain\n|-heal|p2b: Farigiraf|69/100|[from] Grassy Terrain\n|-heal|p1b: Ogurin|80/100|[from] item: Leftovers\n|-heal|p1a: Kyogre|38/100|[from] Grassy Terrain\n|-damage|p2a: Calyrex|68/100|[from] Leech Seed|[of] p1b: Ogurin\n|-heal|p1b: Ogurin|92/100|[silent]\n|-damage|p2b: Farigiraf|56/100|[from] Leech Seed|[of] p1b: Ogurin\n|-heal|p1b: Ogurin|100/100|[silent]\n|-damage|p1b: Ogurin|88/100|[from] Leech Seed|[of] p2a: Calyrex\n|-heal|p2a: Calyrex|80/100|[silent]\n|upkeep\n|turn|4\n|\n|t:|1774158856\n|move|p2a: Calyrex|Glacial Lance|p1b: Ogurin|[spread] p1a,p1b\n|-resisted|p1a: Kyogre\n|-resisted|p1b: Ogurin\n|-damage|p1a: Kyogre|13/100\n|-damage|p1b: Ogurin|74/100\n|move|p1b: Ogurin|Glacial Lance|p2b: Farigiraf|[spread] p2a,p2b\n|-resisted|p2a: Calyrex\n|-resisted|p2b: Farigiraf\n|-damage|p2a: Calyrex|69/100\n|-damage|p2b: Farigiraf|42/100\n|move|p2b: Farigiraf|Psychic|p1a: Kyogre\n|-damage|p1a: Kyogre|0 fnt\n|faint|p1a: Kyogre\n|\n|-weather|RainDance|[upkeep]\n|-heal|p2a: Calyrex|74/100|[from] Grassy Terrain\n|-heal|p2a: Calyrex|80/100|[from] item: Leftovers\n|-heal|p2b: Farigiraf|48/100|[from] Grassy Terrain\n|-heal|p1b: Ogurin|80/100|[from] Grassy Terrain\n|-heal|p1b: Ogurin|85/100|[from] item: Leftovers\n|-damage|p2a: Calyrex|68/100|[from] Leech Seed|[of] p1b: Ogurin\n|-heal|p1b: Ogurin|98/100|[silent]\n|-damage|p1b: Ogurin|85/100|[from] Leech Seed|[of] p2a: Calyrex\n|-heal|p2a: Calyrex|80/100|[silent]\n|-damage|p2b: Farigiraf|36/100|[from] Leech Seed|[of] p1b: Ogurin\n|-heal|p1b: Ogurin|99/100|[silent]\n|upkeep\n|\n|t:|1774158863\n|switch|p1a: Urshifu|Urshifu-Rapid-Strike, L50, M|100/100\n|turn|5\n|\n|t:|1774158877\n|-terastallize|p1a: Urshifu|Water\n|move|p2a: Calyrex|Glacial Lance|p1b: Ogurin|[spread] p1a,p1b\n|-resisted|p1a: Urshifu\n|-resisted|p1b: Ogurin\n|-damage|p1a: Urshifu|75/100\n|-damage|p1b: Ogurin|82/100\n|move|p1b: Ogurin|Glacial Lance|p2a: Calyrex|[spread] p2a,p2b\n|-resisted|p2a: Calyrex\n|-resisted|p2b: Farigiraf\n|-damage|p2a: Calyrex|70/100\n|-damage|p2b: Farigiraf|20/100\n|move|p2b: Farigiraf|Psychic|p1a: Urshifu\n|-damage|p1a: Urshifu|20/100\n|move|p1a: Urshifu|Surging Strikes|p2a: Calyrex\n|-crit|p2a: Calyrex\n|-damage|p2a: Calyrex|43/100\n|-crit|p2a: Calyrex\n|-damage|p2a: Calyrex|15/100\n|-crit|p2a: Calyrex\n|-damage|p2a: Calyrex|0 fnt\n|faint|p2a: Calyrex\n|-hitcount|p2: Calyrex|3\n|\n|-weather|none\n|-heal|p1b: Ogurin|87/100|[from] Grassy Terrain\n|-heal|p2b: Farigiraf|26/100|[from] Grassy Terrain\n|-heal|p1b: Ogurin|93/100|[from] item: Leftovers\n|-heal|p1a: Urshifu|26/100|[from] Grassy Terrain\n|-damage|p2b: Farigiraf|14/100|[from] Leech Seed|[of] p1b: Ogurin\n|-heal|p1b: Ogurin|100/100|[silent]\n|-fieldend|move: Grassy Terrain\n|upkeep\n|\n|t:|1774158880\n|switch|p2a: Incineroar|Incineroar, L50, M|100/100\n|-ability|p2a: Incineroar|Intimidate|boost\n|-unboost|p1a: Urshifu|atk|1\n|-unboost|p1b: Ogurin|atk|1\n|turn|6\n|\n|t:|1774158891\n|switch|p2b: Miraidon|Miraidon, L50|100/100\n|-fieldstart|move: Electric Terrain|[from] ability: Hadron Engine|[of] p2b: Miraidon\n|switch|p1a: Rillaboom|Rillaboom, L50, M|100/100\n|-fieldstart|move: Grassy Terrain|[from] ability: Grassy Surge|[of] p1a: Rillaboom\n|move|p1b: Ogurin|Protect|p1b: Ogurin\n|-singleturn|p1b: Ogurin|Protect\n|move|p2a: Incineroar|Knock Off|p1a: Rillaboom\n|-damage|p1a: Rillaboom|61/100\n|-enditem|p1a: Rillaboom|Assault Vest|[from] move: Knock Off|[of] p2a: Incineroar\n|\n|-heal|p1a: Rillaboom|67/100|[from] Grassy Terrain\n|-damage|p1b: Ogurin|88/100|[from] Leech Seed|[of] p2a: Incineroar\n|-fieldend|move: Trick Room\n|upkeep\n|turn|7\n|inactive|Highkage2 has 30 seconds left.\n|\n|t:|1774158925\n|move|p2a: Incineroar|Fake Out||[still]\n|-hint|Fake Out only works on your first turn out.\n|-fail|p2a: Incineroar\n|move|p2b: Miraidon|Electro Drift|p1b: Ogurin\n|-damage|p1b: Ogurin|36/100\n|move|p1a: Rillaboom|U-turn|p2a: Incineroar\n|-damage|p2a: Incineroar|83/100\n|\n|t:|1774158931\n|switch|p1a: Urshifu|Urshifu-Rapid-Strike, L50, M, tera:Water|26/100|[from] U-turn\n|move|p1b: Ogurin|Glacial Lance|p2b: Miraidon|[spread] p2a,p2b\n|-resisted|p2a: Incineroar\n|-supereffective|p2b: Miraidon\n|-damage|p2a: Incineroar|73/100\n|-damage|p2b: Miraidon|57/100\n|\n|-heal|p2b: Miraidon|63/100|[from] Grassy Terrain\n|-heal|p1a: Urshifu|32/100|[from] Grassy Terrain\n|-heal|p1b: Ogurin|42/100|[from] Grassy Terrain\n|-heal|p1b: Ogurin|48/100|[from] item: Leftovers\n|-heal|p2a: Incineroar|79/100|[from] Grassy Terrain\n|-damage|p1b: Ogurin|35/100|[from] Leech Seed|[of] p2a: Incineroar\n|-heal|p2a: Incineroar|91/100|[silent]\n|upkeep\n|turn|8\n|\n|t:|1774158947\n|switch|p1b: Rillaboom|Rillaboom, L50, M|67/100\n|move|p1a: Urshifu|Detect|p1a: Urshifu\n|-singleturn|p1a: Urshifu|Protect\n|move|p2b: Miraidon|Electro Drift|p1a: Urshifu\n|-activate|p1a: Urshifu|move: Protect\n|move|p2a: Incineroar|Flare Blitz|p1b: Rillaboom\n|-supereffective|p1b: Rillaboom\n|-damage|p1b: Rillaboom|0 fnt\n|faint|p1b: Rillaboom\n|-damage|p2a: Incineroar|70/100|[from] Recoil\n|\n|-heal|p2b: Miraidon|69/100|[from] Grassy Terrain\n|-heal|p1a: Urshifu|39/100|[from] Grassy Terrain\n|-heal|p2a: Incineroar|76/100|[from] Grassy Terrain\n|upkeep\n|\n|t:|1774158950\n|switch|p1b: Ogurin|Calyrex-Ice, L50|35/100\n|-ability|p1b: Ogurin|As One\n|-ability|p1b: Ogurin|Unnerve\n|turn|9\n|c|\u2606TheManOfSausage|gg\n|-message|TheManOfSausage forfeited.\n|\n|win|Highkage2\n|raw|TheManOfSausage's rating: 1510 &rarr; <strong>1496</strong><br />(-14 for losing)\n|raw|Highkage2's rating: 1609 &rarr; <strong>1623</strong><br />(+14 for winning)\n|l|\u2606TheManOfSausage\n|player|p1|\n","uploadtime":1774159147,"views":32,"formatid":"gen9vgc2026regi","rating":1496,"private":0,"password":null}