{"id":"gen9vgc2026regi-2559365287","format":"[Gen 9] VGC 2026 Reg I","players":["TheManOfSausage","Shikanoko32"],"log":"|j|\u2606TheManOfSausage\n|j|\u2606Shikanoko32\n|t:|1773552731\n|gametype|doubles\n|player|p1|TheManOfSausage|miku-water|1463\n|player|p2|Shikanoko32|102|1529\n|gen|9\n|tier|[Gen 9] VGC 2026 Reg I\n|rated|\n|rule|Species Clause: Limit one of each Pok\u00e9mon\n|rule|Item Clause: Limit 1 of each item\n|clearpoke\n|poke|p1|Zamazenta-*, L50|\n|poke|p1|Miraidon, L50|\n|poke|p1|Ogerpon-Cornerstone, L50, F|\n|poke|p1|Incineroar, L50, M|\n|poke|p1|Volcarona, L50, M|\n|poke|p1|Iron Bundle, L50|\n|poke|p2|Miraidon, L50|\n|poke|p2|Calyrex-Ice, L50|\n|poke|p2|Urshifu-*, L50, F|\n|poke|p2|Sneasler, L50, F|\n|poke|p2|Incineroar, L50, F|\n|poke|p2|Ditto, L50|\n|teampreview|4\nTheManOfSausage has agreed to open team sheets.\n|\n|t:|1773552760\n|teamsize|p1|4\n|teamsize|p2|4\n|start\n|switch|p1a: Magical Mirai|Miraidon, L50|100/100\n|switch|p1b: Iron Bundle|Iron Bundle, L50|100/100\n|switch|p2a: Incineroar|Incineroar, L50, F|100/100\n|switch|p2b: Miraidon|Miraidon, L50|100/100\n|-fieldstart|move: Electric Terrain|[from] ability: Hadron Engine|[of] p1a: Magical Mirai\n|-activate|p1b: Iron Bundle|ability: Quark Drive\n|-start|p1b: Iron Bundle|quarkdrivespe\n|-activate|p2b: Miraidon|ability: Hadron Engine\n|-ability|p2a: Incineroar|Intimidate|boost\n|-unboost|p1a: Magical Mirai|atk|1\n|-unboost|p1b: Iron Bundle|atk|1\n|turn|1\n|\n|t:|1773552779\n|switch|p1a: Zamazenta|Zamazenta-Crowned, L50|100/100\n|-ability|p1a: Zamazenta|Dauntless Shield|boost\n|-boost|p1a: Zamazenta|def|1\n|move|p2a: Incineroar|Fake Out|p1a: Zamazenta\n|-resisted|p1a: Zamazenta\n|-damage|p1a: Zamazenta|98/100\n|move|p1b: Iron Bundle|Icy Wind|p2b: Miraidon|[spread] p2a,p2b\n|-resisted|p2a: Incineroar\n|-supereffective|p2b: Miraidon\n|-damage|p2a: Incineroar|95/100\n|-damage|p2b: Miraidon|65/100\n|-unboost|p2a: Incineroar|spe|1\n|-unboost|p2b: Miraidon|spe|1\n|move|p2b: Miraidon|Volt Switch|p1b: Iron Bundle\n|-supereffective|p1b: Iron Bundle\n|-enditem|p1b: Iron Bundle|Focus Sash\n|-damage|p1b: Iron Bundle|1/100\n|-damage|p2b: Miraidon|55/100|[from] item: Life Orb\n|\n|t:|1773552806\n|switch|p2b: Calyrex|Calyrex-Ice, L50|100/100|[from] Volt Switch\n|-ability|p2b: Calyrex|As One\n|-ability|p2b: Calyrex|Unnerve\n|\n|upkeep\n|turn|2\n|\n|t:|1773552817\n|-terastallize|p2a: Incineroar|Bug\n|move|p1b: Iron Bundle|Encore|p2a: Incineroar\n|-start|p2a: Incineroar|Encore\n|move|p1a: Zamazenta|Body Press|p2b: Calyrex\n|-damage|p2b: Calyrex|55/100\n|move|p2a: Incineroar|Fake Out||[still]\n|-hint|Fake Out only works on your first turn out.\n|-fail|p2a: Incineroar\n|move|p2b: Calyrex|Trick Room|p2b: Calyrex\n|-fieldstart|move: Trick Room|[of] p2b: Calyrex\n|\n|upkeep\n|turn|3\n|\n|t:|1773552843\n|switch|p2a: Urshifu|Urshifu-Rapid-Strike, L50, F|100/100\n|move|p1b: Iron Bundle|Protect|p1b: Iron Bundle\n|-singleturn|p1b: Iron Bundle|Protect\n|move|p2b: Calyrex|High Horsepower|p1b: Iron Bundle\n|-activate|p1b: Iron Bundle|move: Protect\n|move|p1a: Zamazenta|Body Press|p2a: Urshifu\n|-damage|p2a: Urshifu|24/100\n|\n|upkeep\n|turn|4\n|\n|t:|1773552857\n|-end|p1b: Iron Bundle|Quark Drive|[silent]\n|switch|p1b: Incineroar|Incineroar, L50, M, shiny|100/100\n|-ability|p1b: Incineroar|Intimidate|boost\n|-unboost|p2a: Urshifu|atk|1\n|-fail|p2b: Calyrex|unboost|[from] item: Clear Amulet|[of] p2b: Calyrex\n|move|p2b: Calyrex|Glacial Lance|p1b: Incineroar|[spread] p1a,p1b\n|-resisted|p1a: Zamazenta\n|-resisted|p1b: Incineroar\n|-damage|p1a: Zamazenta|87/100\n|-damage|p1b: Incineroar|79/100\n|move|p2a: Urshifu|Surging Strikes|p1a: Zamazenta\n|-crit|p1a: Zamazenta\n|-damage|p1a: Zamazenta|74/100\n|-crit|p1a: Zamazenta\n|-damage|p1a: Zamazenta|60/100\n|-crit|p1a: Zamazenta\n|-damage|p1a: Zamazenta|47/100\n|-hitcount|p1a: Zamazenta|3\n|move|p1a: Zamazenta|Body Press|p2a: Urshifu\n|-damage|p2a: Urshifu|0 fnt\n|faint|p2a: Urshifu\n|\n|upkeep\n|\n|t:|1773552877\n|switch|p2a: Incineroar|Incineroar, L50, F, tera:Bug|95/100\n|-ability|p2a: Incineroar|Intimidate|boost\n|-unboost|p1a: Zamazenta|atk|1\n|-unboost|p1b: Incineroar|atk|1\n|turn|5\n|\n|t:|1773552884\n|move|p1b: Incineroar|Fake Out|p2a: Incineroar\n|-damage|p2a: Incineroar|88/100\n|cant|p2a: Incineroar|flinch\n|move|p2b: Calyrex|High Horsepower|p1b: Incineroar\n|-supereffective|p1b: Incineroar\n|-damage|p1b: Incineroar|18/100\n|move|p1a: Zamazenta|Body Press|p2b: Calyrex\n|-damage|p2b: Calyrex|7/100\n|\n|-fieldend|move: Electric Terrain\n|upkeep\n|turn|6\n|j| Zeronada\n|l| Zeronada\n|\n|t:|1773552908\n|move|p2b: Calyrex|Glacial Lance|p1a: Zamazenta|[spread] p1a,p1b\n|-resisted|p1a: Zamazenta\n|-resisted|p1b: Incineroar\n|-damage|p1a: Zamazenta|35/100\n|-damage|p1b: Incineroar|0 fnt\n|faint|p1b: Incineroar\n|-ability|p2b: Calyrex|Chilling Neigh|boost\n|-boost|p2b: Calyrex|atk|1\n|move|p2a: Incineroar|Flare Blitz|p1a: Zamazenta\n|-supereffective|p1a: Zamazenta\n|-damage|p1a: Zamazenta|0 fnt\n|faint|p1a: Zamazenta\n|-damage|p2a: Incineroar|78/100|[from] Recoil\n|\n|-fieldend|move: Trick Room\n|upkeep\n|\n|t:|1773552911\n|switch|p1a: Magical Mirai|Miraidon, L50|100/100\n|switch|p1b: Iron Bundle|Iron Bundle, L50|1/100\n|-fieldstart|move: Electric Terrain|[from] ability: Hadron Engine|[of] p1a: Magical Mirai\n|-activate|p1b: Iron Bundle|ability: Quark Drive\n|-start|p1b: Iron Bundle|quarkdrivespe\n|turn|7\n|\n|t:|1773552936\n|switch|p2a: Miraidon|Miraidon, L50|55/100\n|-activate|p2a: Miraidon|ability: Hadron Engine\n|move|p1b: Iron Bundle|Freeze-Dry|p2b: Calyrex\n|-resisted|p2b: Calyrex\n|-damage|p2b: Calyrex|0 fnt\n|faint|p2b: Calyrex\n|move|p1a: Magical Mirai|Draco Meteor|p2a: Miraidon\n|-supereffective|p2a: Miraidon\n|-damage|p2a: Miraidon|0 fnt\n|-unboost|p1a: Magical Mirai|spa|2\n|faint|p2a: Miraidon\n|\n|upkeep\n|\n|t:|1773552950\n|switch|p2a: Incineroar|Incineroar, L50, F, tera:Bug|78/100\n|-ability|p2a: Incineroar|Intimidate|boost\n|-unboost|p1a: Magical Mirai|atk|1\n|-unboost|p1b: Iron Bundle|atk|1\n|turn|8\n|\n|t:|1773552958\n|-terastallize|p1b: Iron Bundle|Ghost\n|move|p2a: Incineroar|Fake Out|p1a: Magical Mirai\n|-damage|p1a: Magical Mirai|90/100\n|move|p1b: Iron Bundle|Freeze-Dry|p2a: Incineroar\n|-damage|p2a: Incineroar|57/100\n|cant|p1a: Magical Mirai|flinch\n|\n|upkeep\n|turn|9\n|-message|Shikanoko32 forfeited.\n|\n|win|TheManOfSausage\n|raw|TheManOfSausage's rating: 1463 &rarr; <strong>1487</strong><br />(+24 for winning)\n|raw|Shikanoko32's rating: 1529 &rarr; <strong>1505</strong><br />(-24 for losing)\n|l|\u2606Shikanoko32\n|player|p2|\n|l|\u2606TheManOfSausage\n|player|p1|\n","uploadtime":1773553215,"views":14,"formatid":"gen9vgc2026regi","rating":1487,"private":0,"password":null}