{"id":"gen9vgc2026regi-2516568917","format":"[Gen 9] VGC 2026 Reg I","players":["Orizor","liam.2025"],"log":"|j|\u2606Orizor\n|j|\u2606liam.2025\n|t:|1768156767\n|gametype|doubles\n|player|p1|Orizor|hilbert|1216\n|player|p2|liam.2025|policeman|1296\n|gen|9\n|tier|[Gen 9] VGC 2026 Reg I\n|rated|\n|rule|Species Clause: Limit one of each Pok\u00e9mon\n|rule|Item Clause: Limit 1 of each item\n|clearpoke\n|poke|p1|Koraidon, L50|\n|poke|p1|Lunala, L50|\n|poke|p1|Incineroar, L50, M|\n|poke|p1|Ursaluna, L50, M|\n|poke|p1|Jumpluff, L50, F|\n|poke|p1|Ditto, L50|\n|poke|p2|Murkrow, L50, F|\n|poke|p2|Weezing-Galar, L50, M|\n|poke|p2|Terapagos, L50, M|\n|poke|p2|Smeargle, L50, M|\n|poke|p2|Calyrex-Ice, L50|\n|poke|p2|Ursaluna, L50, M|\n|teampreview|4\n|inactive|Battle timer is ON: inactive players will automatically lose when time's up. (requested by Orizor)\n|\n|t:|1768156794\n|teamsize|p1|4\n|teamsize|p2|4\n|start\n|switch|p1a: Pride|Lunala, L50|100/100\n|switch|p1b: Edward|Jumpluff, L50, F|100/100\n|switch|p2a: Murkrow|Murkrow, L50, F|100/100\n|switch|p2b: Weezing|Weezing-Galar, L50, M|100/100\n|-ability|p2b: Weezing|Neutralizing Gas\n|-block|p2a: Murkrow|item: Ability Shield\n|turn|1\n|\n|t:|1768156809\n|-terastallize|p1a: Pride|Fairy\n|move|p2a: Murkrow|Taunt|p1b: Edward\n|-start|p1b: Edward|move: Taunt\n|cant|p1b: Edward|move: Taunt|Tailwind\n|move|p1a: Pride|Moonblast|p2a: Murkrow\n|-supereffective|p2a: Murkrow\n|-damage|p2a: Murkrow|0 fnt\n|faint|p2a: Murkrow\n|move|p2b: Weezing|Taunt|p1a: Pride\n|-start|p1a: Pride|move: Taunt\n|\n|upkeep\n|\n|t:|1768156821\n|switch|p2a: Terapagos|Terapagos, L50, M|100/100\n|-activate|p2a: Terapagos|ability: Tera Shift\n|detailschange|p2a: Terapagos|Terapagos-Terastal, L50, M\n|-heal|p2a: Terapagos|100/100|[silent]\n|turn|2\n|\n|t:|1768156844\n|-terastallize|p2a: Terapagos|Stellar\n|detailschange|p2a: Terapagos|Terapagos-Stellar, L50, M, tera:Stellar\n|-heal|p2a: Terapagos|100/100|[silent]\n|move|p1b: Edward|Pollen Puff|p2a: Terapagos\n|-damage|p2a: Terapagos|91/100\n|move|p2a: Terapagos|Tera Starstorm|p1b: Edward|[spread] p1a,p1b\n|-supereffective|p1a: Pride\n|-damage|p1a: Pride|8/100\n|-damage|p1b: Edward|38/100\n|move|p1a: Pride|Moonblast|p2a: Terapagos\n|-damage|p2a: Terapagos|52/100\n|-unboost|p2a: Terapagos|spa|1\n|move|p2b: Weezing|Strange Steam|p1b: Edward\n|-damage|p1b: Edward|0 fnt\n|faint|p1b: Edward\n|-damage|p2b: Weezing|90/100|[from] item: Life Orb\n|\n|-heal|p1a: Pride|14/100|[from] item: Leftovers\n|upkeep\n|inactive|Orizor has 30 seconds left.\n|\n|t:|1768156874\n|switch|p1b: Envy|Ditto, L50|100/100\n|turn|3\n|\n|t:|1768156895\n|switch|p1a: Greed|Koraidon, L50|100/100\n|move|p2a: Terapagos|Tera Starstorm|p1b: Envy|[spread] p1a,p1b\n|-damage|p1a: Greed|61/100\n|-damage|p1b: Envy|19/100\n|move|p2b: Weezing|Taunt|p1b: Envy\n|-start|p1b: Envy|move: Taunt\n|cant|p1b: Envy|move: Taunt|Transform\n|\n|upkeep\n|turn|4\n|\n|t:|1768156909\n|switch|p1b: Pride|Lunala, L50, tera:Fairy|14/100\n|move|p1a: Greed|Substitute|p1a: Greed\n|-start|p1a: Greed|Substitute\n|-damage|p1a: Greed|36/100\n|move|p2a: Terapagos|Tera Starstorm|p1b: Pride|[spread] p1a,p1b\n|-end|p1a: Greed|Substitute\n|-supereffective|p1b: Pride\n|-damage|p1b: Pride|0 fnt\n|faint|p1b: Pride\n|move|p2b: Weezing|Strange Steam|p1a: Greed\n|-supereffective|p1a: Greed\n|-damage|p1a: Greed|0 fnt\n|faint|p1a: Greed\n|-damage|p2b: Weezing|80/100|[from] item: Life Orb\n|\n|upkeep\n|\n|t:|1768156918\n|switch|p1b: Envy|Ditto, L50|19/100\n|turn|5\n|-message|Orizor forfeited.\n|\n|win|liam.2025\n|raw|Orizor's rating: 1216 &rarr; <strong>1197</strong><br />(-19 for losing)\n|raw|liam.2025's rating: 1296 &rarr; <strong>1315</strong><br />(+19 for winning)\n","uploadtime":1768156928,"views":13,"formatid":"gen9vgc2026regi","rating":1197,"private":0,"password":null}