{"id":"gen9vgc2026regi-2548995301","format":"[Gen 9] VGC 2026 Reg I","players":["xiaoliyunVGC","E+hsdc"],"log":"|j|\u2606xiaoliyunVGC\n|j|\u2606E+hsdc\n|t:|1772293705\n|gametype|doubles\n|player|p1|xiaoliyunVGC|liko|1418\n|player|p2|E+hsdc|102|1477\n|gen|9\n|tier|[Gen 9] VGC 2026 Reg I\n|rated|\n|rule|Species Clause: Limit one of each Pok\u00e9mon\n|rule|Item Clause: Limit 1 of each item\n|clearpoke\n|poke|p1|Zamazenta-*, L50|\n|poke|p1|Kyogre, L50|\n|poke|p1|Raichu, L50, M|\n|poke|p1|Flutter Mane, L50|\n|poke|p1|Tornadus, L50, M|\n|poke|p1|Kingambit, L50, F|\n|poke|p2|Kyogre, L50|\n|poke|p2|Calyrex-Shadow, L50|\n|poke|p2|Weezing-Galar, L50, F|\n|poke|p2|Dondozo, L50, M|\n|poke|p2|Tatsugiri-Droopy, L50, M|\n|poke|p2|Roaring Moon, L50|\n|teampreview|4\n|inactive|Battle timer is ON: inactive players will automatically lose when time's up. (requested by xiaoliyunVGC)\n|inactive|xiaoliyunVGC has 60 seconds left.\n|inactive|E+hsdc has 60 seconds left.\n|\n|t:|1772293757\n|teamsize|p1|4\n|teamsize|p2|4\n|start\n|switch|p1a: Flutter Mane|Flutter Mane, L50|100/100\n|switch|p1b: Kyogre|Kyogre, L50|100/100\n|switch|p2a: Weezing|Weezing-Galar, L50, F|100/100\n|switch|p2b: Calyrex|Calyrex-Shadow, L50|100/100\n|-ability|p2a: Weezing|Neutralizing Gas\n|-ability|p2b: Calyrex|As One\n|-ability|p2b: Calyrex|Unnerve\n|turn|1\n|\n|t:|1772293772\n|-terastallize|p1b: Kyogre|Water\n|move|p2b: Calyrex|Protect|p2b: Calyrex\n|-singleturn|p2b: Calyrex|Protect\n|move|p1b: Kyogre|Water Spout|p2b: Calyrex|[spread] p2a\n|-activate|p2b: Calyrex|move: Protect\n|-damage|p2a: Weezing|17/100\n|-enditem|p2a: Weezing|Sitrus Berry|[eat]\n|-heal|p2a: Weezing|42/100|[from] item: Sitrus Berry\n|move|p1a: Flutter Mane|Icy Wind|p2a: Weezing|[spread] p2a\n|-activate|p2b: Calyrex|move: Protect\n|-damage|p2a: Weezing|25/100\n|-unboost|p2a: Weezing|spe|1\n|move|p2a: Weezing|Poison Gas|p1a: Flutter Mane|[spread] p1a,p1b\n|-status|p1a: Flutter Mane|psn\n|-status|p1b: Kyogre|psn\n|\n|-damage|p1b: Kyogre|88/100 psn|[from] psn\n|-damage|p1a: Flutter Mane|88/100 psn|[from] psn\n|upkeep\n|turn|2\n|\n|t:|1772293789\n|-end|p1a: Flutter Mane|Protosynthesis|[silent]\n|switch|p1a: Kingambit|Kingambit, L50, F|100/100\n|move|p1b: Kyogre|Water Spout|p2a: Weezing|[spread] p2a,p2b\n|-damage|p2a: Weezing|0 fnt\n|-damage|p2b: Calyrex|27/100\n|faint|p2a: Weezing\n|-end|p2a: Weezing|ability: Neutralizing Gas\n|-weather|RainDance|[from] ability: Drizzle|[of] p1b: Kyogre\n|move|p2b: Calyrex|Astral Barrage|p1b: Kyogre|[spread] p1a,p1b\n|-resisted|p1a: Kingambit\n|-damage|p1a: Kingambit|65/100\n|-damage|p1b: Kyogre|33/100 psn\n|-damage|p2b: Calyrex|17/100|[from] item: Life Orb\n|\n|-weather|RainDance|[upkeep]\n|-damage|p1b: Kyogre|20/100 psn|[from] psn\n|upkeep\n|\n|t:|1772293799\n|switch|p2a: Dondozo|Dondozo, L50, M|100/100\n|turn|3\n|\n|t:|1772293807\n|move|p2b: Calyrex|Protect|p2b: Calyrex\n|-singleturn|p2b: Calyrex|Protect\n|move|p1b: Kyogre|Water Spout|p2b: Calyrex|[spread] p2a\n|-activate|p2b: Calyrex|move: Protect\n|-resisted|p2a: Dondozo\n|-damage|p2a: Dondozo|92/100\n|move|p2a: Dondozo|Body Press|p1a: Kingambit\n|-supereffective|p1a: Kingambit\n|-damage|p1a: Kingambit|2/100\n|move|p1a: Kingambit|Kowtow Cleave|p2a: Dondozo\n|-damage|p2a: Dondozo|46/100\n|\n|-weather|RainDance|[upkeep]\n|-heal|p2a: Dondozo|52/100|[from] item: Leftovers\n|-damage|p1b: Kyogre|8/100 psn|[from] psn\n|upkeep\n|turn|4\n|\n|t:|1772293828\n|switch|p2b: Tatsugiri|Tatsugiri-Droopy, L50, M|100/100\n|-activate|p2b: Tatsugiri|ability: Commander|[of] p2a: Dondozo\n|-boost|p2a: Dondozo|atk|2\n|-boost|p2a: Dondozo|spa|2\n|-boost|p2a: Dondozo|spe|2\n|-boost|p2a: Dondozo|def|2\n|-boost|p2a: Dondozo|spd|2\n|move|p1b: Kyogre|Water Spout|p2a: Dondozo|[spread] p2a\n|-miss|p1b: Kyogre|p2b: Tatsugiri\n|-resisted|p2a: Dondozo\n|-damage|p2a: Dondozo|50/100\n|move|p2a: Dondozo|Earthquake|p1a: Kingambit|[spread] p1a,p1b\n|-miss|p2a: Dondozo|p2b: Tatsugiri\n|-supereffective|p1a: Kingambit\n|-damage|p1a: Kingambit|0 fnt\n|-damage|p1b: Kyogre|0 fnt\n|faint|p1a: Kingambit\n|faint|p1b: Kyogre\n|\n|-weather|RainDance|[upkeep]\n|-heal|p2a: Dondozo|57/100|[from] item: Leftovers\n|upkeep\n|\n|t:|1772293840\n|switch|p1b: Flutter Mane|Flutter Mane, L50|88/100 psn\n|switch|p1a: Tornadus|Tornadus, L50, M, shiny|100/100\n|-enditem|p1b: Flutter Mane|Booster Energy\n|-activate|p1b: Flutter Mane|ability: Protosynthesis|[fromitem]\n|-start|p1b: Flutter Mane|protosynthesisspe\n|turn|5\n|\n|t:|1772293851\n|move|p2a: Dondozo|Protect|p2a: Dondozo\n|-singleturn|p2a: Dondozo|Protect\n|move|p1a: Tornadus|Tailwind|p1a: Tornadus\n|-sidestart|p1: xiaoliyunVGC|move: Tailwind\n|move|p1b: Flutter Mane|Moonblast|p2a: Dondozo\n|-activate|p2a: Dondozo|move: Protect\n|\n|-weather|RainDance|[upkeep]\n|-heal|p2a: Dondozo|63/100|[from] item: Leftovers\n|-damage|p1b: Flutter Mane|76/100 psn|[from] psn\n|upkeep\n|turn|6\n|\n|t:|1772293857\n|move|p1b: Flutter Mane|Protect|p1b: Flutter Mane\n|-singleturn|p1b: Flutter Mane|Protect\n|move|p1a: Tornadus|Hurricane|p2a: Dondozo\n|-damage|p2a: Dondozo|47/100\n|move|p2a: Dondozo|Earthquake|p1b: Flutter Mane|[spread] \n|-miss|p2a: Dondozo|p2b: Tatsugiri\n|-activate|p1b: Flutter Mane|move: Protect\n|-immune|p1a: Tornadus\n|\n|-weather|none\n|-heal|p2a: Dondozo|54/100|[from] item: Leftovers\n|-damage|p1b: Flutter Mane|63/100 psn|[from] psn\n|upkeep\n|turn|7\n|\n|t:|1772293868\n|move|p2a: Dondozo|Protect|p2a: Dondozo\n|-singleturn|p2a: Dondozo|Protect\n|move|p1a: Tornadus|Rain Dance|p1a: Tornadus\n|-weather|RainDance\n|move|p1b: Flutter Mane|Moonblast|p2a: Dondozo\n|-activate|p2a: Dondozo|move: Protect\n|\n|-weather|RainDance|[upkeep]\n|-heal|p2a: Dondozo|60/100|[from] item: Leftovers\n|-damage|p1b: Flutter Mane|51/100 psn|[from] psn\n|upkeep\n|turn|8\n|\n|t:|1772293875\n|move|p1b: Flutter Mane|Moonblast|p2a: Dondozo\n|-damage|p2a: Dondozo|42/100\n|move|p1a: Tornadus|Hurricane|p2a: Dondozo\n|-damage|p2a: Dondozo|25/100\n|-start|p2a: Dondozo|confusion\n|-activate|p2a: Dondozo|confusion\n|move|p2a: Dondozo|Earthquake|p1b: Flutter Mane|[spread] p1b\n|-miss|p2a: Dondozo|p2b: Tatsugiri\n|-immune|p1a: Tornadus\n|-damage|p1b: Flutter Mane|0 fnt\n|faint|p1b: Flutter Mane\n|-end|p1b: Flutter Mane|Protosynthesis|[silent]\n|\n|-weather|RainDance|[upkeep]\n|-heal|p2a: Dondozo|31/100|[from] item: Leftovers\n|-sideend|p1: xiaoliyunVGC|move: Tailwind\n|upkeep\n|turn|9\n|\n|t:|1772293890\n|-activate|p2a: Dondozo|confusion\n|-damage|p2a: Dondozo|25/100|[from] confusion\n|move|p1a: Tornadus|Tailwind|p1a: Tornadus\n|-sidestart|p1: xiaoliyunVGC|move: Tailwind\n|\n|-weather|RainDance|[upkeep]\n|-heal|p2a: Dondozo|32/100|[from] item: Leftovers\n|upkeep\n|turn|10\n|\n|t:|1772293895\n|move|p1a: Tornadus|Hurricane|p2a: Dondozo\n|-damage|p2a: Dondozo|16/100\n|-end|p2a: Dondozo|confusion\n|move|p2a: Dondozo|Order Up|p1a: Tornadus\n|-damage|p1a: Tornadus|49/100\n|-boost|p2a: Dondozo|def|1\n|\n|-weather|RainDance|[upkeep]\n|-heal|p2a: Dondozo|22/100|[from] item: Leftovers\n|upkeep\n|turn|11\n|-message|xiaoliyunVGC forfeited.\n|\n|win|E+hsdc\n|raw|xiaoliyunVGC's rating: 1418 &rarr; <strong>1401</strong><br />(-17 for losing)\n|raw|E+hsdc's rating: 1477 &rarr; <strong>1494</strong><br />(+17 for winning)\n|l|\u2606xiaoliyunVGC\n|player|p1|\n","uploadtime":1772294058,"views":15,"formatid":"gen9vgc2026regi","rating":1401,"private":0,"password":null}