{"id":"gen9vgc2026regi-2568676942","format":"[Gen 9] VGC 2026 Reg I","players":["jimmaone","D4RKEVA"],"log":"|j|\u2606jimmaone\n|j|\u2606D4RKEVA\n|t:|1774612923\n|gametype|doubles\n|player|p1|jimmaone|crasherwake|1312\n|player|p2|D4RKEVA|169|1440\n|gen|9\n|tier|[Gen 9] VGC 2026 Reg I\n|rated|\n|rule|Species Clause: Limit one of each Pok\u00e9mon\n|rule|Item Clause: Limit 1 of each item\n|clearpoke\n|poke|p1|Calyrex-Shadow, L50|\n|poke|p1|Maushold-Four, L50|\n|poke|p1|Ursaluna-Bloodmoon, L50, M|\n|poke|p1|Zamazenta-*, L50|\n|poke|p1|Whimsicott, L50, F|\n|poke|p1|Roaring Moon, L50|\n|poke|p2|Lunala, L50|\n|poke|p2|Koraidon, L50|\n|poke|p2|Flutter Mane, L50|\n|poke|p2|Brute Bonnet, L50|\n|poke|p2|Chi-Yu, L50|\n|poke|p2|Ursaluna, L50, F|\n|teampreview|4\n|inactive|Battle timer is ON: inactive players will automatically lose when time's up. (requested by D4RKEVA)\nD4RKEVA rejected open team sheets.\n|\n|t:|1774612947\n|teamsize|p1|4\n|teamsize|p2|4\n|start\n|switch|p1a: Calyrex|Calyrex-Shadow, L50|100/100\n|switch|p1b: Maushold|Maushold-Four, L50, shiny|100/100\n|switch|p2a: MoonMoon|Lunala, L50|100/100\n|switch|p2b: Brute Bonnie|Brute Bonnet, L50|100/100\n|-ability|p1a: Calyrex|As One\n|-ability|p1a: Calyrex|Unnerve\n|turn|1\n|inactive|D4RKEVA has 30 seconds left.\n|\n|t:|1774612978\n|-terastallize|p1a: Calyrex|Ghost\n|move|p2a: MoonMoon|Wide Guard|p2a: MoonMoon\n|-singleturn|p2a: MoonMoon|Wide Guard\n|move|p1b: Maushold|Feint|p2b: Brute Bonnie\n|-activate|p2b: Brute Bonnie|move: Feint\n|-damage|p2b: Brute Bonnie|95/100\n|move|p1a: Calyrex|Astral Barrage|p2a: MoonMoon|[spread] p2a,p2b\n|-supereffective|p2a: MoonMoon\n|-resisted|p2b: Brute Bonnie\n|-damage|p2a: MoonMoon|0 fnt\n|-damage|p2b: Brute Bonnie|48/100\n|faint|p2a: MoonMoon\n|-ability|p1a: Calyrex|Grim Neigh|boost\n|-boost|p1a: Calyrex|spa|1\n|move|p2b: Brute Bonnie|Spore|p1b: Maushold\n|-status|p1b: Maushold|slp|[from] move: Spore\n|\n|upkeep\n|inactive|D4RKEVA has 30 seconds left.\n|\n|t:|1774613011\n|switch|p2a: Girl Math|Ursaluna, L50, F|100/100\n|turn|2\n|\n|t:|1774613028\n|switch|p1a: Ursaluna|Ursaluna-Bloodmoon, L50, M|100/100\n|-enditem|p2b: Brute Bonnie|Sitrus Berry|[eat]\n|-heal|p2b: Brute Bonnie|73/100|[from] item: Sitrus Berry\n|cant|p1b: Maushold|slp\n|move|p2b: Brute Bonnie|Spore|p1a: Ursaluna\n|-status|p1a: Ursaluna|slp|[from] move: Spore\n|move|p2a: Girl Math|Earthquake|p1a: Ursaluna|[spread] p2b,p1a,p1b\n|-resisted|p2b: Brute Bonnie\n|-damage|p2b: Brute Bonnie|59/100\n|-damage|p1a: Ursaluna|73/100 slp\n|-damage|p1b: Maushold|61/100 slp\n|\n|-status|p2a: Girl Math|brn|[from] item: Flame Orb\n|upkeep\n|turn|3\n|\n|t:|1774613047\n|cant|p1b: Maushold|slp\n|cant|p1a: Ursaluna|slp\n|move|p2b: Brute Bonnie|Seed Bomb|p1a: Ursaluna\n|-supereffective|p1a: Ursaluna\n|-damage|p1a: Ursaluna|31/100 slp\n|move|p2a: Girl Math|Earthquake|p1b: Maushold|[spread] p2b,p1a,p1b\n|-resisted|p2b: Brute Bonnie\n|-damage|p2b: Brute Bonnie|36/100\n|-damage|p1a: Ursaluna|0 fnt\n|-damage|p1b: Maushold|0 fnt\n|faint|p1a: Ursaluna\n|faint|p1b: Maushold\n|\n|-damage|p2a: Girl Math|95/100 brn|[from] brn\n|upkeep\n|\n|t:|1774613050\n|switch|p1b: Calyrex|Calyrex-Shadow, L50, tera:Ghost|100/100\n|switch|p1a: Zamazenta|Zamazenta-Crowned, L50|100/100\n|-ability|p1b: Calyrex|As One\n|-ability|p1b: Calyrex|Unnerve\n|-ability|p1a: Zamazenta|Dauntless Shield|boost\n|-boost|p1a: Zamazenta|def|1\n|turn|4\n|\n|t:|1774613068\n|move|p2a: Girl Math|Protect|p2a: Girl Math\n|-singleturn|p2a: Girl Math|Protect\n|move|p2b: Brute Bonnie|Sucker Punch|p1b: Calyrex\n|-supereffective|p1b: Calyrex\n|-damage|p1b: Calyrex|28/100\n|move|p1b: Calyrex|Psychic|p2b: Brute Bonnie\n|-immune|p2b: Brute Bonnie\n|move|p1a: Zamazenta|Body Press|p2a: Girl Math\n|-activate|p2a: Girl Math|move: Protect\n|\n|-damage|p2a: Girl Math|89/100 brn|[from] brn\n|upkeep\n|turn|5\n|\n|t:|1774613086\n|-terastallize|p2a: Girl Math|Ghost\n|move|p2b: Brute Bonnie|Sucker Punch|p1b: Calyrex\n|-supereffective|p1b: Calyrex\n|-damage|p1b: Calyrex|0 fnt\n|faint|p1b: Calyrex\n|move|p1a: Zamazenta|Body Press|p2b: Brute Bonnie\n|-supereffective|p2b: Brute Bonnie\n|-damage|p2b: Brute Bonnie|0 fnt\n|faint|p2b: Brute Bonnie\n|-end|p2b: Brute Bonnie|Protosynthesis|[silent]\n|move|p2a: Girl Math|Earthquake|p1a: Zamazenta\n|-supereffective|p1a: Zamazenta\n|-damage|p1a: Zamazenta|29/100\n|\n|-damage|p2a: Girl Math|83/100 brn|[from] brn\n|upkeep\n|\n|t:|1774613090\n|switch|p2b: Clydeon|Koraidon, L50|100/100\n|-weather|SunnyDay|[from] ability: Orichalcum Pulse|[of] p2b: Clydeon\n|-activate|p2b: Clydeon|Orichalcum Pulse|[source]\n|turn|6\n|\n|t:|1774613095\n|move|p2b: Clydeon|Flare Blitz|p1a: Zamazenta\n|-supereffective|p1a: Zamazenta\n|-damage|p1a: Zamazenta|0 fnt\n|faint|p1a: Zamazenta\n|-damage|p2b: Clydeon|91/100|[from] Recoil\n|-damage|p2b: Clydeon|81/100|[from] item: Life Orb\n|\n|win|D4RKEVA\n|raw|jimmaone's rating: 1312 &rarr; <strong>1299</strong><br />(-13 for losing)\n|raw|D4RKEVA's rating: 1440 &rarr; <strong>1453</strong><br />(+13 for winning)\n|l|\u2606jimmaone\n|player|p1|\n|l|\u2606D4RKEVA\n|player|p2|\n","uploadtime":1774613097,"views":275,"formatid":"gen9vgc2026regi","rating":1299,"private":0,"password":null}