{"id":"gen9vgc2026regi-2587571925","format":"[Gen 9] VGC 2026 Reg I","players":["Sheeshshane925","Mars002"],"log":"|j|\u2606Sheeshshane925\n|j|\u2606Mars002\n|t:|1776543328\n|gametype|doubles\n|player|p1|Sheeshshane925|chuck|1573\n|player|p2|Mars002|170|1513\n|gen|9\n|tier|[Gen 9] VGC 2026 Reg I\n|rated|\n|rule|Species Clause: Limit one of each Pok\u00e9mon\n|rule|Item Clause: Limit 1 of each item\n|clearpoke\n|poke|p1|Calyrex-Ice, L50|\n|poke|p1|Miraidon, L50|\n|poke|p1|Farigiraf, L50, M|\n|poke|p1|Iron Hands, L50|\n|poke|p1|Scraggy, L50, F|\n|poke|p1|Iron Bundle, L50|\n|poke|p2|Groudon, L50|\n|poke|p2|Calyrex-Ice, L50|\n|poke|p2|Rillaboom, L50, F|\n|poke|p2|Annihilape, L50, F|\n|poke|p2|Walking Wake, L50|\n|poke|p2|Comfey, L50, M|\n|teampreview|4\n|inactive|Battle timer is ON: inactive players will automatically lose when time's up. (requested by Mars002)\n|inactive|Sheeshshane925 has 60 seconds left.\n|inactive|Mars002 has 60 seconds left.\n|\n|t:|1776543379\n|teamsize|p1|4\n|teamsize|p2|4\n|start\n|switch|p1a: Calyrex|Calyrex-Ice, L50|100/100\n|switch|p1b: Iron Bundle|Iron Bundle, L50, shiny|100/100\n|switch|p2a: Annihilape|Annihilape, L50, F|100/100\n|switch|p2b: Walking Wake|Walking Wake, L50|100/100\n|-ability|p1a: Calyrex|As One\n|-ability|p1a: Calyrex|Unnerve\n|turn|1\n|inactive|Sheeshshane925 has 30 seconds left.\n|inactive|Mars002 has 30 seconds left.\n|inactive|Sheeshshane925 has 20 seconds left.\n|\n|t:|1776543416\n|move|p1a: Calyrex|Protect|p1a: Calyrex\n|-singleturn|p1a: Calyrex|Protect\n|move|p2a: Annihilape|Final Gambit|p1a: Calyrex\n|-activate|p1a: Calyrex|move: Protect\n|move|p1b: Iron Bundle|Freeze-Dry|p2b: Walking Wake\n|-supereffective|p2b: Walking Wake\n|-damage|p2b: Walking Wake|0 fnt\n|faint|p2b: Walking Wake\n|-end|p2b: Walking Wake|Protosynthesis|[silent]\n|\n|upkeep\n|\n|t:|1776543428\n|switch|p2b: Groudon|Groudon, L50|100/100\n|-weather|SunnyDay|[from] ability: Drought|[of] p2b: Groudon\n|turn|2\n|inactive|Sheeshshane925 has 30 seconds left.\n|\n|t:|1776543462\n|switch|p1a: Miraidon|Miraidon, L50, shiny|100/100\n|-fieldstart|move: Electric Terrain|[from] ability: Hadron Engine|[of] p1a: Miraidon\n|-activate|p1b: Iron Bundle|ability: Quark Drive\n|-start|p1b: Iron Bundle|quarkdrivespe\n|-terastallize|p2b: Groudon|Water\n|move|p1b: Iron Bundle|Freeze-Dry|p2a: Annihilape\n|-damage|p2a: Annihilape|68/100\n|move|p2a: Annihilape|Final Gambit|p1a: Miraidon\n|-damage|p1a: Miraidon|29/100\n|faint|p2a: Annihilape\n|move|p2b: Groudon|Precipice Blades|p1b: Iron Bundle|[spread] p1a,p1b\n|-supereffective|p1a: Miraidon\n|-damage|p1a: Miraidon|0 fnt\n|-damage|p1b: Iron Bundle|39/100\n|faint|p1a: Miraidon\n|\n|-weather|SunnyDay|[upkeep]\n|upkeep\n|\n|t:|1776543482\n|switch|p1a: Calyrex|Calyrex-Ice, L50|100/100\n|switch|p2a: Comfey|Comfey, L50, M|100/100\n|-ability|p1a: Calyrex|As One\n|-ability|p1a: Calyrex|Unnerve\n|turn|3\n|inactive|Sheeshshane925 has 30 seconds left.\n|\n|t:|1776543516\n|move|p1b: Iron Bundle|Freeze-Dry|p2b: Groudon\n|-supereffective|p2b: Groudon\n|-damage|p2b: Groudon|62/100\n|move|p2a: Comfey|Light Screen|p2a: Comfey\n|-sidestart|p2: Mars002|move: Light Screen\n|move|p2b: Groudon|Rock Slide|p1b: Iron Bundle|[spread] p1a,p1b\n|-supereffective|p1a: Calyrex\n|-supereffective|p1b: Iron Bundle\n|-damage|p1a: Calyrex|72/100\n|-damage|p1b: Iron Bundle|0 fnt\n|faint|p1b: Iron Bundle\n|-end|p1b: Iron Bundle|Quark Drive|[silent]\n|cant|p1a: Calyrex|flinch\n|\n|-weather|SunnyDay|[upkeep]\n|upkeep\n|\n|t:|1776543524\n|switch|p1b: Scraggy|Scraggy, L50, F|100/100\n|-ability|p1b: Scraggy|Intimidate|boost\n|-unboost|p2a: Comfey|atk|1\n|-unboost|p2b: Groudon|atk|1\n|turn|4\n|inactive|Sheeshshane925 has 30 seconds left.\n|\n|t:|1776543552\n|-terastallize|p1b: Scraggy|Poison\n|move|p2a: Comfey|Draining Kiss|p1b: Scraggy\n|-resisted|p1b: Scraggy\n|-damage|p1b: Scraggy|94/100\n|move|p1b: Scraggy|Fake Out|p2a: Comfey\n|-damage|p2a: Comfey|94/100\n|-damage|p1b: Scraggy|77/100|[from] item: Rocky Helmet|[of] p2a: Comfey\n|move|p2b: Groudon|Precipice Blades|p1a: Calyrex|[spread] p1a,p1b\n|-supereffective|p1b: Scraggy\n|-damage|p1a: Calyrex|48/100\n|-damage|p1b: Scraggy|6/100\n|move|p1a: Calyrex|Trick Room|p1a: Calyrex\n|-fieldstart|move: Trick Room|[of] p1a: Calyrex\n|\n|-weather|SunnyDay|[upkeep]\n|upkeep\n|turn|5\n|\n|t:|1776543576\n|move|p2a: Comfey|Draining Kiss|p1b: Scraggy\n|-resisted|p1b: Scraggy\n|-damage|p1b: Scraggy|0 fnt\n|-heal|p2a: Comfey|97/100|[from] drain|[of] p1b: Scraggy\n|faint|p1b: Scraggy\n|move|p1a: Calyrex|Glacial Lance|p2a: Comfey|[spread] p2a,p2b\n|-resisted|p2b: Groudon\n|-damage|p2a: Comfey|49/100\n|-damage|p2b: Groudon|43/100\n|move|p2b: Groudon|Shadow Claw|p1a: Calyrex\n|-supereffective|p1a: Calyrex\n|-damage|p1a: Calyrex|23/100\n|\n|-weather|SunnyDay|[upkeep]\n|upkeep\n|turn|6\n|\n|t:|1776543592\n|move|p2a: Comfey|Floral Healing|p2b: Groudon\n|-heal|p2b: Groudon|93/100\n|move|p1a: Calyrex|Glacial Lance|p2a: Comfey|[spread] p2a,p2b\n|-crit|p2a: Comfey\n|-resisted|p2b: Groudon\n|-damage|p2a: Comfey|0 fnt\n|-damage|p2b: Groudon|73/100\n|faint|p2a: Comfey\n|-ability|p1a: Calyrex|Chilling Neigh|boost\n|-boost|p1a: Calyrex|atk|1\n|move|p2b: Groudon|Shadow Claw|p1a: Calyrex\n|-supereffective|p1a: Calyrex\n|-damage|p1a: Calyrex|0 fnt\n|faint|p1a: Calyrex\n|\n|win|Mars002\n|raw|Sheeshshane925's rating: 1573 &rarr; <strong>1550</strong><br />(-23 for losing)\n|raw|Mars002's rating: 1513 &rarr; <strong>1536</strong><br />(+23 for winning)\n|l|\u2606Sheeshshane925\n|player|p1|\n|l|\u2606Mars002\n|player|p2|\n","uploadtime":1776543773,"views":13,"formatid":"gen9vgc2026regi","rating":1536,"private":0,"password":null}