{"id":"gen9vgc2026regi-2542686114","format":"[Gen 9] VGC 2026 Reg I","players":["michael ly","lalo's pollos"],"log":"|j|\u2606michael ly\n|j|\u2606lalo's pollos\n|t:|1771479180\n|gametype|doubles\n|player|p1|michael ly|265|1204\n|player|p2|lalo's pollos|266|1483\n|gen|9\n|tier|[Gen 9] VGC 2026 Reg I\n|rated|\n|rule|Species Clause: Limit one of each Pok\u00e9mon\n|rule|Item Clause: Limit 1 of each item\n|clearpoke\n|poke|p1|Landorus, L50, M|\n|poke|p1|Zamazenta-*, L50|\n|poke|p1|Incineroar, L50, M|\n|poke|p1|Miraidon, L50|\n|poke|p1|Chien-Pao, L50|\n|poke|p1|Amoonguss, L50, M|\n|poke|p2|Zamazenta-*, L50|\n|poke|p2|Lunala, L50|\n|poke|p2|Rillaboom, L50, M|\n|poke|p2|Incineroar, L50, F|\n|poke|p2|Urshifu-*, L50, M|\n|poke|p2|Tornadus, L50, M|\n|teampreview|4\n|\n|t:|1771479211\n|teamsize|p1|4\n|teamsize|p2|4\n|start\n|switch|p1a: Miraidon|Miraidon, L50|100/100\n|switch|p1b: Landorus|Landorus, L50, M|100/100\n|switch|p2a: Lunala|Lunala, L50|100/100\n|switch|p2b: Rillaboom|Rillaboom, L50, M|100/100\n|-fieldstart|move: Electric Terrain|[from] ability: Hadron Engine|[of] p1a: Miraidon\n|-fieldstart|move: Grassy Terrain|[from] ability: Grassy Surge|[of] p2b: Rillaboom\n|turn|1\n|\n|t:|1771479230\n|move|p1a: Miraidon|Protect|p1a: Miraidon\n|-singleturn|p1a: Miraidon|Protect\n|move|p1b: Landorus|Protect|p1b: Landorus\n|-singleturn|p1b: Landorus|Protect\n|move|p2b: Rillaboom|Fake Out|p1b: Landorus\n|-activate|p1b: Landorus|move: Protect\n|move|p2a: Lunala|Calm Mind|p2a: Lunala\n|-boost|p2a: Lunala|spa|1\n|-boost|p2a: Lunala|spd|1\n|\n|upkeep\n|turn|2\n|\n|t:|1771479253\n|move|p1a: Miraidon|Volt Switch|p2a: Lunala\n|-damage|p2a: Lunala|91/100\n|\n|t:|1771479261\n|switch|p1a: Chien-Pao|Chien-Pao, L50|100/100|[from] Volt Switch\n|-ability|p1a: Chien-Pao|Sword of Ruin\n|move|p1b: Landorus|Taunt|p2a: Lunala\n|-start|p2a: Lunala|move: Taunt\n|move|p2a: Lunala|Moongeist Beam|p1b: Landorus\n|-damage|p1b: Landorus|0 fnt\n|faint|p1b: Landorus\n|move|p2b: Rillaboom|U-turn|p1a: Chien-Pao\n|-supereffective|p1a: Chien-Pao\n|-damage|p1a: Chien-Pao|46/100\n|\n|t:|1771479273\n|switch|p2b: Tornadus|Tornadus, L50, M|100/100|[from] U-turn\n|\n|-heal|p1a: Chien-Pao|52/100|[from] Grassy Terrain\n|-heal|p2a: Lunala|97/100|[from] Grassy Terrain\n|-heal|p2a: Lunala|100/100|[from] item: Leftovers\n|upkeep\n|\n|t:|1771479280\n|switch|p1b: Miraidon|Miraidon, L50|100/100\n|-fieldstart|move: Electric Terrain|[from] ability: Hadron Engine|[of] p1b: Miraidon\n|turn|3\n|\n|t:|1771479298\n|-terastallize|p1b: Miraidon|Fairy\n|-terastallize|p2a: Lunala|Fairy\n|move|p2b: Tornadus|Tailwind|p2b: Tornadus\n|-sidestart|p2: lalo's pollos|move: Tailwind\n|move|p2a: Lunala|Moonblast|p1b: Miraidon\n|-damage|p1b: Miraidon|28/100\n|move|p1b: Miraidon|Dazzling Gleam|p2a: Lunala|[spread] p2a,p2b\n|-crit|p2a: Lunala\n|-damage|p2a: Lunala|71/100\n|-damage|p2b: Tornadus|24/100\n|move|p1a: Chien-Pao|Ice Spinner|p2b: Tornadus\n|-supereffective|p2b: Tornadus\n|-damage|p2b: Tornadus|0 fnt\n|-fieldend|move: Electric Terrain\n|faint|p2b: Tornadus\n|\n|-heal|p2a: Lunala|77/100|[from] item: Leftovers\n|upkeep\n|\n|t:|1771479316\n|switch|p2b: Zamazenta|Zamazenta-Crowned, L50|100/100\n|-ability|p2b: Zamazenta|Dauntless Shield|boost\n|-boost|p2b: Zamazenta|def|1\n|turn|4\n|\n|t:|1771479324\n|move|p1a: Chien-Pao|Protect|p1a: Chien-Pao\n|-singleturn|p1a: Chien-Pao|Protect\n|move|p2b: Zamazenta|Body Press|p1a: Chien-Pao\n|-activate|p1a: Chien-Pao|move: Protect\n|move|p2a: Lunala|Moongeist Beam|p1b: Miraidon\n|-damage|p1b: Miraidon|0 fnt\n|faint|p1b: Miraidon\n|\n|-heal|p2a: Lunala|83/100|[from] item: Leftovers\n|-end|p2a: Lunala|move: Taunt\n|upkeep\n|\n|t:|1771479342\n|switch|p1b: Amoonguss|Amoonguss, L50, M|100/100\n|turn|5\n|\n|t:|1771479362\n|move|p1b: Amoonguss|Rage Powder|p1b: Amoonguss\n|-singleturn|p1b: Amoonguss|move: Rage Powder\n|move|p2b: Zamazenta|Heavy Slam|p1b: Amoonguss\n|-damage|p1b: Amoonguss|31/100\n|move|p2a: Lunala|Moongeist Beam|p1b: Amoonguss\n|-damage|p1b: Amoonguss|0 fnt\n|faint|p1b: Amoonguss\n|move|p1a: Chien-Pao|Ice Spinner|p2a: Lunala\n|-damage|p2a: Lunala|38/100\n|\n|-heal|p2a: Lunala|44/100|[from] item: Leftovers\n|upkeep\n|turn|6\n|\n|t:|1771479381\n|move|p2b: Zamazenta|Heavy Slam|p1a: Chien-Pao\n|-supereffective|p1a: Chien-Pao\n|-damage|p1a: Chien-Pao|0 fnt\n|faint|p1a: Chien-Pao\n|\n|win|lalo's pollos\n|raw|michael ly's rating: 1204 &rarr; <strong>1196</strong><br />(-8 for losing)\n|raw|lalo&apos;s pollos's rating: 1483 &rarr; <strong>1490</strong><br />(+7 for winning)\n|c|\u2606michael ly|gg\n","uploadtime":1771479389,"views":11,"formatid":"gen9vgc2026regi","rating":1196,"private":0,"password":null}