{"id":"gen9vgc2026regi-2551107908","format":"[Gen 9] VGC 2026 Reg I","players":["Loiradotchan16","kojimuranishi"],"log":"|j|\u2606Loiradotchan16\n|j|\u2606kojimuranishi\n|t:|1772565408\n|gametype|doubles\n|player|p1|Loiradotchan16|265|1451\n|player|p2|kojimuranishi|1|1577\n|gen|9\n|tier|[Gen 9] VGC 2026 Reg I\n|rated|\n|rule|Species Clause: Limit one of each Pok\u00e9mon\n|rule|Item Clause: Limit 1 of each item\n|clearpoke\n|poke|p1|Zamazenta-*, L50|\n|poke|p1|Calyrex-Shadow, L50|\n|poke|p1|Clefairy, L50, F|\n|poke|p1|Flutter Mane, L50|\n|poke|p1|Rillaboom, L50, M|\n|poke|p1|Whimsicott, L50, M|\n|poke|p2|Raging Bolt, L50|\n|poke|p2|Calyrex-Ice, L50|\n|poke|p2|Kyogre, L50|\n|poke|p2|Indeedee-F, L50, F|\n|poke|p2|Ursaluna, L50, M|\n|poke|p2|Chien-Pao, L50|\n|teampreview|4\n|inactive|Battle timer is ON: inactive players will automatically lose when time's up. (requested by Loiradotchan16)\n|inactive|Loiradotchan16 has 60 seconds left.\n|\n|t:|1772565447\n|teamsize|p1|4\n|teamsize|p2|4\n|start\n|switch|p1a: Calyrex|Calyrex-Shadow, L50|100/100\n|switch|p1b: Whimsicott|Whimsicott, L50, M, shiny|100/100\n|switch|p2a: Calyrex|Calyrex-Ice, L50|100/100\n|switch|p2b: Kyogre|Kyogre, L50|100/100\n|-ability|p1a: Calyrex|As One\n|-ability|p1a: Calyrex|Unnerve\n|-ability|p2a: Calyrex|As One\n|-ability|p2a: Calyrex|Unnerve\n|-weather|RainDance|[from] ability: Drizzle|[of] p2b: Kyogre\n|turn|1\n|inactive|kojimuranishi has 30 seconds left.\n|inactive|kojimuranishi has 20 seconds left.\n|inactive|kojimuranishi has 15 seconds left.\n|inactive|kojimuranishi has 10 seconds left.\n|\n|t:|1772565492\n|-terastallize|p2a: Calyrex|Water\n|move|p1b: Whimsicott|Protect|p1b: Whimsicott\n|-singleturn|p1b: Whimsicott|Protect\n|move|p1a: Calyrex|Protect|p1a: Calyrex\n|-singleturn|p1a: Calyrex|Protect\n|move|p2b: Kyogre|Water Spout|p1a: Calyrex|[spread] \n|-activate|p1a: Calyrex|move: Protect\n|-activate|p1b: Whimsicott|move: Protect\n|move|p2a: Calyrex|Trick Room|p2a: Calyrex\n|-fieldstart|move: Trick Room|[of] p2a: Calyrex\n|\n|-weather|RainDance|[upkeep]\n|upkeep\n|turn|2\n|\n|t:|1772565513\n|switch|p2b: Indeedee|Indeedee-F, L50, F|100/100\n|-fieldstart|move: Psychic Terrain|[from] ability: Psychic Surge|[of] p2b: Indeedee\n|move|p1b: Whimsicott|Encore|p2a: Calyrex\n|-activate|p2a: Calyrex|move: Psychic Terrain\n|move|p2a: Calyrex|Leech Seed|p1a: Calyrex\n|-start|p1a: Calyrex|move: Leech Seed\n|move|p1a: Calyrex|Astral Barrage|p2b: Indeedee|[spread] p2a\n|-immune|p2b: Indeedee\n|-damage|p2a: Calyrex|70/100\n|\n|-weather|RainDance|[upkeep]\n|-heal|p2a: Calyrex|75/100|[from] item: Leftovers\n|-damage|p1a: Calyrex|88/100|[from] Leech Seed|[of] p2a: Calyrex\n|-heal|p2a: Calyrex|86/100|[silent]\n|upkeep\n|turn|3\n|inactive|Loiradotchan16 has 30 seconds left.\n|\n|t:|1772565543\n|switch|p2b: Ursaluna|Ursaluna, L50, M|100/100\n|move|p1a: Calyrex|Protect|p1a: Calyrex\n|-singleturn|p1a: Calyrex|Protect\n|move|p2a: Calyrex|Glacial Lance|p1b: Whimsicott|[spread] p1b\n|-activate|p1a: Calyrex|move: Protect\n|-supereffective|p1b: Whimsicott\n|-damage|p1b: Whimsicott|5/100\n|move|p1b: Whimsicott|Moonblast|p2a: Calyrex\n|-damage|p2a: Calyrex|72/100\n|\n|-weather|RainDance|[upkeep]\n|-heal|p2a: Calyrex|77/100|[from] item: Leftovers\n|-damage|p1a: Calyrex|75/100|[from] Leech Seed|[of] p2a: Calyrex\n|-heal|p2a: Calyrex|88/100|[silent]\n|-status|p2b: Ursaluna|brn|[from] item: Flame Orb\n|upkeep\n|turn|4\n|inactive|Loiradotchan16 has 30 seconds left.\n|\n|t:|1772565573\n|switch|p1a: Clefairy|Clefairy, L50, F|100/100\n|move|p2b: Ursaluna|Headlong Rush|p1a: Clefairy\n|-damage|p1a: Clefairy|0 fnt\n|-unboost|p2b: Ursaluna|def|1\n|-unboost|p2b: Ursaluna|spd|1\n|faint|p1a: Clefairy\n|move|p2a: Calyrex|Glacial Lance|p1b: Whimsicott\n|-supereffective|p1b: Whimsicott\n|-damage|p1b: Whimsicott|0 fnt\n|faint|p1b: Whimsicott\n|-ability|p2a: Calyrex|Chilling Neigh|boost\n|-boost|p2a: Calyrex|atk|1\n|\n|-weather|RainDance|[upkeep]\n|-heal|p2a: Calyrex|94/100|[from] item: Leftovers\n|-damage|p2b: Ursaluna|95/100 brn|[from] brn\n|upkeep\n|\n|t:|1772565583\n|switch|p1a: Zamazenta|Zamazenta-Crowned, L50, shiny|100/100\n|switch|p1b: Calyrex|Calyrex-Shadow, L50|75/100\n|-ability|p1b: Calyrex|As One\n|-ability|p1b: Calyrex|Unnerve\n|-ability|p1a: Zamazenta|Dauntless Shield|boost\n|-boost|p1a: Zamazenta|def|1\n|turn|5\n|inactive|Loiradotchan16 has 30 seconds left.\n|\n|t:|1772565609\n|switch|p2b: Indeedee|Indeedee-F, L50, F|100/100\n|-terastallize|p1a: Zamazenta|Flying\n|move|p1a: Zamazenta|Wide Guard|p1a: Zamazenta\n|-singleturn|p1a: Zamazenta|Wide Guard\n|move|p2a: Calyrex|Leech Seed|p1a: Zamazenta\n|-start|p1a: Zamazenta|move: Leech Seed\n|move|p1b: Calyrex|Astral Barrage|p2a: Calyrex|[spread] p2a\n|-immune|p2b: Indeedee\n|-damage|p2a: Calyrex|60/100\n|\n|-weather|none\n|-heal|p2a: Calyrex|66/100|[from] item: Leftovers\n|-damage|p1a: Zamazenta|88/100|[from] Leech Seed|[of] p2a: Calyrex\n|-heal|p2a: Calyrex|77/100|[silent]\n|-fieldend|move: Trick Room\n|upkeep\n|turn|6\n|inactive|Loiradotchan16 has 30 seconds left.\n|inactive|kojimuranishi has 30 seconds left.\n|inactive|Loiradotchan16 has 20 seconds left.\n|inactive|Loiradotchan16 has 15 seconds left.\n|inactive|Loiradotchan16 has 10 seconds left.\n|\n|t:|1772565654\n|move|p2b: Indeedee|Follow Me|p2b: Indeedee\n|-singleturn|p2b: Indeedee|move: Follow Me\n|move|p1b: Calyrex|Psychic|p2b: Indeedee\n|-resisted|p2b: Indeedee\n|-damage|p2b: Indeedee|64/100\n|move|p1a: Zamazenta|Body Press|p2b: Indeedee\n|-damage|p2b: Indeedee|0 fnt\n|faint|p2b: Indeedee\n|move|p2a: Calyrex|Leech Seed|p1b: Calyrex\n|-start|p1b: Calyrex|move: Leech Seed\n|\n|-heal|p2a: Calyrex|83/100|[from] item: Leftovers\n|-damage|p1b: Calyrex|63/100|[from] Leech Seed|[of] p2a: Calyrex\n|-heal|p2a: Calyrex|93/100|[silent]\n|-damage|p1a: Zamazenta|76/100|[from] Leech Seed|[of] p2a: Calyrex\n|-heal|p2a: Calyrex|100/100|[silent]\n|-fieldend|move: Psychic Terrain\n|upkeep\n|\n|t:|1772565676\n|switch|p2b: Ursaluna|Ursaluna, L50, M|95/100 brn\n|turn|7\n|\n|t:|1772565694\n|move|p2b: Ursaluna|Protect|p2b: Ursaluna\n|-singleturn|p2b: Ursaluna|Protect\n|move|p1b: Calyrex|Astral Barrage|p2a: Calyrex|[spread] p2a\n|-activate|p2b: Ursaluna|move: Protect\n|-crit|p2a: Calyrex\n|-damage|p2a: Calyrex|57/100\n|move|p1a: Zamazenta|Body Press|p2b: Ursaluna\n|-activate|p2b: Ursaluna|move: Protect\n|move|p2a: Calyrex|Trick Room|p2a: Calyrex\n|-fieldstart|move: Trick Room|[of] p2a: Calyrex\n|\n|-heal|p2a: Calyrex|62/100|[from] item: Leftovers\n|-damage|p1a: Zamazenta|64/100|[from] Leech Seed|[of] p2a: Calyrex\n|-heal|p2a: Calyrex|73/100|[silent]\n|-damage|p1b: Calyrex|50/100|[from] Leech Seed|[of] p2a: Calyrex\n|-heal|p2a: Calyrex|84/100|[silent]\n|-damage|p2b: Ursaluna|89/100 brn|[from] brn\n|upkeep\n|turn|8\n|inactive|Loiradotchan16 has 30 seconds left.\n|\n|t:|1772565723\n|move|p2b: Ursaluna|Facade|p1a: Zamazenta\n|-damage|p1a: Zamazenta|11/100\n|move|p2a: Calyrex|Glacial Lance|p1b: Calyrex|[spread] p1a,p1b\n|-supereffective|p1a: Zamazenta\n|-damage|p1a: Zamazenta|0 fnt\n|-damage|p1b: Calyrex|0 fnt\n|faint|p1a: Zamazenta\n|faint|p1b: Calyrex\n|\n|win|kojimuranishi\n|raw|Loiradotchan16's rating: 1451 &rarr; <strong>1438</strong><br />(-13 for losing)\n|raw|kojimuranishi's rating: 1577 &rarr; <strong>1590</strong><br />(+13 for winning)\n|l|\u2606Loiradotchan16\n|player|p1|\n|l|\u2606kojimuranishi\n|player|p2|\n","uploadtime":1772565868,"views":16,"formatid":"gen9vgc2026regi","rating":1438,"private":0,"password":null}