{"id":"gen9vgc2026regi-2538545113","format":"[Gen 9] VGC 2026 Reg I","players":["PokeJonis","eye-zitt"],"log":"|j|\u2606PokeJonis\n|j|\u2606eye-zitt\n|t:|1770938706\n|gametype|doubles\n|player|p1|PokeJonis|102|1176\n|player|p2|eye-zitt|hilbert|1185\n|gen|9\n|tier|[Gen 9] VGC 2026 Reg I\n|rated|\n|rule|Species Clause: Limit one of each Pok\u00e9mon\n|rule|Item Clause: Limit 1 of each item\n|clearpoke\n|poke|p1|Calyrex-Ice, L50|\n|poke|p1|Miraidon, L50|\n|poke|p1|Grimmsnarl, L50, M|\n|poke|p1|Urshifu-*, L50, M|\n|poke|p1|Incineroar, L50, F|\n|poke|p1|Landorus, L50, M|\n|poke|p2|Terapagos, L50, M|\n|poke|p2|Calyrex-Shadow, L50|\n|poke|p2|Rillaboom, L50, M|\n|poke|p2|Incineroar, L50, M|\n|poke|p2|Amoonguss, L50, F|\n|poke|p2|Ogerpon-Cornerstone, L50, F|\n|teampreview|4\n|inactive|Battle timer is ON: inactive players will automatically lose when time's up. (requested by eye-zitt)\n|\n|t:|1770938721\n|teamsize|p1|4\n|teamsize|p2|4\n|start\n|switch|p1a: Landorus|Landorus, L50, M|100/100\n|switch|p1b: Grimmsnarl|Grimmsnarl, L50, M|100/100\n|switch|p2a: Calyrex|Calyrex-Shadow, L50|100/100\n|switch|p2b: Amoonguss|Amoonguss, L50, F|100/100\n|-ability|p2a: Calyrex|As One\n|-ability|p2a: Calyrex|Unnerve\n|turn|1\n|\n|t:|1770938742\n|switch|p1b: Miraidon|Miraidon, L50|100/100\n|-fieldstart|move: Electric Terrain|[from] ability: Hadron Engine|[of] p1b: Miraidon\n|move|p2b: Amoonguss|Rage Powder|p2b: Amoonguss\n|-singleturn|p2b: Amoonguss|move: Rage Powder\n|move|p2a: Calyrex|Astral Barrage|p1a: Landorus|[spread] p1a,p1b\n|-damage|p1a: Landorus|45/100\n|-damage|p1b: Miraidon|61/100\n|move|p1a: Landorus|Earth Power|p2b: Amoonguss\n|-damage|p2b: Amoonguss|34/100\n|\n|upkeep\n|turn|2\n|\n|t:|1770938767\n|-terastallize|p2a: Calyrex|Ghost\n|-terastallize|p1b: Miraidon|Fairy\n|move|p1a: Landorus|Protect|p1a: Landorus\n|-singleturn|p1a: Landorus|Protect\n|move|p2b: Amoonguss|Rage Powder|p2b: Amoonguss\n|-singleturn|p2b: Amoonguss|move: Rage Powder\n|move|p2a: Calyrex|Astral Barrage|p1b: Miraidon|[spread] p1b\n|-activate|p1a: Landorus|move: Protect\n|-damage|p1b: Miraidon|10/100\n|move|p1b: Miraidon|Dazzling Gleam|p2a: Calyrex|[spread] p2a,p2b\n|-resisted|p2b: Amoonguss\n|-damage|p2a: Calyrex|41/100\n|-damage|p2b: Amoonguss|7/100\n|\n|upkeep\n|turn|3\n|\n|t:|1770938792\n|switch|p1b: Calyrex|Calyrex-Ice, L50|100/100\n|-ability|p1b: Calyrex|As One\n|-ability|p1b: Calyrex|Unnerve\n|switch|p1a: Grimmsnarl|Grimmsnarl, L50, M|100/100\n|move|p2a: Calyrex|Astral Barrage|p1a: Grimmsnarl|[spread] p1a,p1b\n|-resisted|p1a: Grimmsnarl\n|-supereffective|p1b: Calyrex\n|-damage|p1a: Grimmsnarl|66/100\n|-damage|p1b: Calyrex|6/100\n|move|p2b: Amoonguss|Pollen Puff|p2a: Calyrex\n|-heal|p2a: Calyrex|91/100\n|\n|-heal|p1b: Calyrex|12/100|[from] item: Leftovers\n|upkeep\n|turn|4\n|\n|t:|1770938814\n|move|p1b: Calyrex|Protect|p1b: Calyrex\n|-singleturn|p1b: Calyrex|Protect\n|move|p2b: Amoonguss|Rage Powder|p2b: Amoonguss\n|-singleturn|p2b: Amoonguss|move: Rage Powder\n|move|p1a: Grimmsnarl|Thunder Wave|p2b: Amoonguss\n|-status|p2b: Amoonguss|par\n|move|p2a: Calyrex|Astral Barrage|p1a: Grimmsnarl|[spread] p1a\n|-activate|p1b: Calyrex|move: Protect\n|-resisted|p1a: Grimmsnarl\n|-damage|p1a: Grimmsnarl|34/100\n|\n|-heal|p1b: Calyrex|17/100|[from] item: Leftovers\n|upkeep\n|turn|5\n|\n|t:|1770938833\n|switch|p1b: Landorus|Landorus, L50, M|45/100\n|move|p1a: Grimmsnarl|Thunder Wave|p2a: Calyrex\n|-status|p2a: Calyrex|par\n|move|p2a: Calyrex|Astral Barrage|p1b: Landorus|[spread] p1a,p1b\n|-resisted|p1a: Grimmsnarl\n|-damage|p1a: Grimmsnarl|1/100\n|-damage|p1b: Landorus|0 fnt\n|faint|p1b: Landorus\n|-ability|p2a: Calyrex|Grim Neigh|boost\n|-boost|p2a: Calyrex|spa|1\n|move|p2b: Amoonguss|Pollen Puff|p2a: Calyrex\n|-heal|p2a: Calyrex|100/100 par\n|\n|-fieldend|move: Electric Terrain\n|upkeep\n|\n|t:|1770938852\n|switch|p1b: Miraidon|Miraidon, L50, tera:Fairy|10/100\n|-fieldstart|move: Electric Terrain|[from] ability: Hadron Engine|[of] p1b: Miraidon\n|turn|6\n|\n|t:|1770938861\n|move|p2b: Amoonguss|Rage Powder|p2b: Amoonguss\n|-singleturn|p2b: Amoonguss|move: Rage Powder\n|move|p1b: Miraidon|Volt Switch|p2b: Amoonguss\n|-resisted|p2b: Amoonguss\n|-damage|p2b: Amoonguss|0 fnt\n|faint|p2b: Amoonguss\n|\n|t:|1770938867\n|switch|p1b: Calyrex|Calyrex-Ice, L50|17/100|[from] Volt Switch\n|-ability|p1b: Calyrex|As One\n|-ability|p1b: Calyrex|Unnerve\n|move|p2a: Calyrex|Astral Barrage|p1a: Grimmsnarl|[spread] p1a,p1b\n|-resisted|p1a: Grimmsnarl\n|-supereffective|p1b: Calyrex\n|-damage|p1a: Grimmsnarl|0 fnt\n|-damage|p1b: Calyrex|0 fnt\n|faint|p1a: Grimmsnarl\n|faint|p1b: Calyrex\n|-ability|p2a: Calyrex|Grim Neigh|boost\n|-boost|p2a: Calyrex|spa|2\n|\n|upkeep\n|-message|PokeJonis forfeited.\n|\n|win|eye-zitt\n|raw|PokeJonis's rating: 1176 &rarr; <strong>1152</strong><br />(-24 for losing)\n|raw|eye-zitt's rating: 1185 &rarr; <strong>1209</strong><br />(+24 for winning)\n|l|\u2606PokeJonis\n|player|p1|\n","uploadtime":1770938879,"views":25,"formatid":"gen9vgc2026regi","rating":1152,"private":0,"password":null}