{"id":"gen9vgc2026regi-2535195113","format":"[Gen 9] VGC 2026 Reg I","players":["lalo's pollos","cpinalli3"],"log":"|j|\u2606lalo's pollos\n|j|\u2606cpinalli3\n|t:|1770526877\n|gametype|doubles\n|player|p1|lalo's pollos|2|1495\n|player|p2|cpinalli3|elesa|1378\n|gen|9\n|tier|[Gen 9] VGC 2026 Reg I\n|rated|\n|rule|Species Clause: Limit one of each Pok\u00e9mon\n|rule|Item Clause: Limit 1 of each item\n|clearpoke\n|poke|p1|Zamazenta-*, L50|\n|poke|p1|Lunala, L50|\n|poke|p1|Rillaboom, L50, M|\n|poke|p1|Incineroar, L50, F|\n|poke|p1|Urshifu-*, L50, F|\n|poke|p1|Tornadus, L50, M|\n|poke|p2|Kyogre, L50|\n|poke|p2|Flutter Mane, L50|\n|poke|p2|Urshifu-*, L50, M|\n|poke|p2|Landorus, L50, M|\n|poke|p2|Smeargle, L50, F|\n|poke|p2|Calyrex-Ice, L50|\n|teampreview|4\n|\n|t:|1770526916\n|teamsize|p1|4\n|teamsize|p2|4\n|start\n|switch|p1a: Lunala|Lunala, L50|100/100\n|switch|p1b: Tornadus|Tornadus, L50, M|100/100\n|switch|p2a: Smeargle|Smeargle, L50, F|100/100\n|switch|p2b: Calyrex|Calyrex-Ice, L50|100/100\n|-ability|p2b: Calyrex|As One\n|-ability|p2b: Calyrex|Unnerve\n|turn|1\n|\n|t:|1770526933\n|-terastallize|p2b: Calyrex|Grass\n|move|p1b: Tornadus|Taunt|p2a: Smeargle\n|-start|p2a: Smeargle|move: Taunt\n|move|p1a: Lunala|Calm Mind|p1a: Lunala\n|-boost|p1a: Lunala|spa|1\n|-boost|p1a: Lunala|spd|1\n|cant|p2a: Smeargle|move: Taunt|Spore\n|move|p2b: Calyrex|Trick Room|p2b: Calyrex\n|-fieldstart|move: Trick Room|[of] p2b: Calyrex\n|\n|-ability|p2a: Smeargle|Moody|boost\n|-boost|p2a: Smeargle|def|2\n|-unboost|p2a: Smeargle|spa|1\n|-enditem|p2a: Smeargle|Eject Pack\n|upkeep\n|\n|t:|1770526941\n|switch|p2a: alex|Kyogre, L50|100/100\n|-weather|RainDance|[from] ability: Drizzle|[of] p2a: alex\n|turn|2\n|\n|t:|1770526959\n|move|p1a: Lunala|Protect|p1a: Lunala\n|-singleturn|p1a: Lunala|Protect\n|move|p1b: Tornadus|Taunt|p2a: alex\n|-start|p2a: alex|move: Taunt\n|move|p2a: alex|Ice Beam|p1b: Tornadus\n|-supereffective|p1b: Tornadus\n|-enditem|p1b: Tornadus|Focus Sash\n|-damage|p1b: Tornadus|1/100\n|move|p2b: Calyrex|Glacial Lance|p1b: Tornadus|[spread] p1b\n|-activate|p1a: Lunala|move: Protect\n|-supereffective|p1b: Tornadus\n|-damage|p1b: Tornadus|0 fnt\n|faint|p1b: Tornadus\n|-ability|p2b: Calyrex|Chilling Neigh|boost\n|-boost|p2b: Calyrex|atk|1\n|\n|-weather|RainDance|[upkeep]\n|upkeep\n|\n|t:|1770526966\n|switch|p1b: Zamazenta|Zamazenta-Crowned, L50|100/100\n|-ability|p1b: Zamazenta|Dauntless Shield|boost\n|-boost|p1b: Zamazenta|def|1\n|turn|3\n|\n|t:|1770526975\n|move|p1b: Zamazenta|Wide Guard|p1b: Zamazenta\n|-singleturn|p1b: Zamazenta|Wide Guard\n|move|p2a: alex|Ice Beam|p1a: Lunala\n|-damage|p1a: Lunala|91/100\n|move|p2b: Calyrex|Seed Bomb|p1a: Lunala\n|-damage|p1a: Lunala|26/100\n|move|p1a: Lunala|Moongeist Beam|p2b: Calyrex\n|-damage|p2b: Calyrex|43/100\n|\n|-weather|RainDance|[upkeep]\n|-heal|p1a: Lunala|32/100|[from] item: Leftovers\n|upkeep\n|turn|4\n|\n|t:|1770526990\n|move|p1a: Lunala|Protect|p1a: Lunala\n|-singleturn|p1a: Lunala|Protect\n|move|p2a: alex|Water Spout|p1a: Lunala|[spread] p1b\n|-activate|p1a: Lunala|move: Protect\n|-damage|p1b: Zamazenta|25/100\n|move|p2b: Calyrex|Seed Bomb|p1a: Lunala\n|-activate|p1a: Lunala|move: Protect\n|move|p1b: Zamazenta|Body Press|p2a: alex\n|-damage|p2a: alex|32/100\n|\n|-weather|RainDance|[upkeep]\n|-heal|p1a: Lunala|38/100|[from] item: Leftovers\n|-end|p2a: alex|move: Taunt\n|upkeep\n|turn|5\n|\n|t:|1770527015\n|move|p1a: Lunala|Protect|p1a: Lunala\n|-singleturn|p1a: Lunala|Protect\n|move|p1b: Zamazenta|Wide Guard|p1b: Zamazenta\n|-singleturn|p1b: Zamazenta|Wide Guard\n|move|p2a: alex|Ice Beam|p1a: Lunala\n|-activate|p1a: Lunala|move: Protect\n|move|p2b: Calyrex|Seed Bomb|p1a: Lunala\n|-activate|p1a: Lunala|move: Protect\n|\n|-weather|RainDance|[upkeep]\n|-heal|p1a: Lunala|43/100|[from] item: Leftovers\n|-fieldend|move: Trick Room\n|upkeep\n|turn|6\n|c|\u2606cpinalli3|good play\n|c|\u2606lalo's pollos|luck play but i had to play to my outs\n|\n|t:|1770527047\n|switch|p2a: Smeargle|Smeargle, L50, F|100/100\n|move|p2b: Calyrex|Protect|p2b: Calyrex\n|-singleturn|p2b: Calyrex|Protect\n|move|p1b: Zamazenta|Body Press|p2a: Smeargle\n|-supereffective|p2a: Smeargle\n|-damage|p2a: Smeargle|0 fnt\n|faint|p2a: Smeargle\n|move|p1a: Lunala|Moongeist Beam|p2b: Calyrex\n|-activate|p2b: Calyrex|move: Protect\n|\n|-weather|none\n|-heal|p1a: Lunala|49/100|[from] item: Leftovers\n|upkeep\n|\n|t:|1770527055\n|switch|p2a: Landorus|Landorus, L50, M|100/100\n|turn|7\n|\n|t:|1770527074\n|move|p1b: Zamazenta|Body Press|p2b: Calyrex\n|-damage|p2b: Calyrex|0 fnt\n|faint|p2b: Calyrex\n|move|p2a: Landorus|Earth Power|p1a: Lunala\n|-damage|p1a: Lunala|16/100\n|move|p1a: Lunala|Moongeist Beam|p2a: Landorus\n|-damage|p2a: Landorus|0 fnt\n|faint|p2a: Landorus\n|\n|-heal|p1a: Lunala|22/100|[from] item: Leftovers\n|upkeep\n|c|\u2606cpinalli3|gg\n|c|\u2606cpinalli3|you played good\n|\n|t:|1770527093\n|switch|p2a: alex|Kyogre, L50|32/100\n|-weather|RainDance|[from] ability: Drizzle|[of] p2a: alex\n|turn|8\n|c|\u2606lalo's pollos|it was over if it wasnt for the double anyways\n|c|\u2606cpinalli3|you should let me win lol\n|-message|lalo's pollos forfeited.\n|\n|win|cpinalli3\n|raw|lalo&apos;s pollos's rating: 1495 &rarr; <strong>1469</strong><br />(-26 for losing)\n|raw|cpinalli3's rating: 1378 &rarr; <strong>1404</strong><br />(+26 for winning)\n|c|\u2606cpinalli3|i suppose\n|l|\u2606cpinalli3\n|player|p2|\n","uploadtime":1770527133,"views":15,"formatid":"gen9vgc2026regi","rating":1404,"private":0,"password":null}