{"id":"gen9vgc2026regi-2552431871","format":"[Gen 9] VGC 2026 Reg I","players":["lior97h","blackred123\u6c38\u96cf\u5854\u83f2\u4fa0"],"log":"|j|\u2606lior97h\n|j|\u2606blackred123\u6c38\u96cf\u5854\u83f2\u4fa0\n|t:|1772721190\n|gametype|doubles\n|player|p1|lior97h|lucas|1451\n|player|p2|blackred123\u6c38\u96cf\u5854\u83f2\u4fa0|iono-masters|1498\n|gen|9\n|tier|[Gen 9] VGC 2026 Reg I\n|rated|\n|rule|Species Clause: Limit one of each Pok\u00e9mon\n|rule|Item Clause: Limit 1 of each item\n|clearpoke\n|poke|p1|Zamazenta-*, L50|\n|poke|p1|Gengar, L50, F|\n|poke|p1|Whimsicott, L50, M|\n|poke|p1|Calyrex-Shadow, L50|\n|poke|p1|Sableye, L50, M|\n|poke|p1|Smeargle, L50, M|\n|poke|p2|Kyogre, L50|\n|poke|p2|Zamazenta-*, L50|\n|poke|p2|Chien-Pao, L50|\n|poke|p2|Amoonguss, L50, M|\n|poke|p2|Dragonite, L50, M|\n|poke|p2|Rillaboom, L50, M|\n|teampreview|4\n|inactive|Battle timer is ON: inactive players will automatically lose when time's up. (requested by lior97h)\n|inactive|blackred123\u6c38\u96cf\u5854\u83f2\u4fa0 also wants the timer to be on.\n|\n|t:|1772721209\n|teamsize|p1|4\n|teamsize|p2|4\n|start\n|switch|p1a: Sableye|Sableye, L50, M|100/100\n|switch|p1b: Smeargle|Smeargle, L50, M|100/100\n|switch|p2a: Zamazenta|Zamazenta-Crowned, L50|100/100\n|switch|p2b: Chien-Pao|Chien-Pao, L50|100/100\n|-ability|p2b: Chien-Pao|Sword of Ruin\n|-ability|p2a: Zamazenta|Dauntless Shield|boost\n|-boost|p2a: Zamazenta|def|1\n|turn|1\n|j| togeclaty\n|inactive|lior97h has 30 seconds left.\n|inactive|blackred123\u6c38\u96cf\u5854\u83f2\u4fa0 has 30 seconds left.\n|\n|t:|1772721241\n|-terastallize|p2a: Zamazenta|Grass\n|move|p1b: Smeargle|Burning Bulwark|p1b: Smeargle\n|-singleturn|p1b: Smeargle|move: Protect\n|move|p1a: Sableye|Fake Out|p2b: Chien-Pao\n|-crit|p2b: Chien-Pao\n|-damage|p2b: Chien-Pao|84/100\n|cant|p2b: Chien-Pao|flinch\n|move|p2a: Zamazenta|Heavy Slam|p1b: Smeargle\n|-activate|p1b: Smeargle|move: Protect\n|-status|p2a: Zamazenta|brn\n|\n|-damage|p2a: Zamazenta|94/100 brn|[from] brn\n|-ability|p1b: Smeargle|Moody|boost\n|-boost|p1b: Smeargle|spd|2\n|-unboost|p1b: Smeargle|def|1\n|upkeep\n|turn|2\n|\n|t:|1772721266\n|move|p1a: Sableye|Disable|p2a: Zamazenta\n|-start|p2a: Zamazenta|Disable|Heavy Slam\n|move|p2b: Chien-Pao|Taunt|p1b: Smeargle\n|-start|p1b: Smeargle|move: Taunt\n|cant|p2a: Zamazenta|Disable|Heavy Slam\n|cant|p1b: Smeargle|move: Taunt|Spore\n|\n|-damage|p2a: Zamazenta|88/100 brn|[from] brn\n|-ability|p1b: Smeargle|Moody|boost\n|-boost|p1b: Smeargle|def|2\n|-unboost|p1b: Smeargle|atk|1\n|upkeep\n|turn|3\n|\n|t:|1772721291\n|switch|p1b: Zamazenta|Zamazenta-Crowned, L50|100/100\n|-ability|p1b: Zamazenta|Dauntless Shield|boost\n|-boost|p1b: Zamazenta|def|1\n|move|p1a: Sableye|Encore|p2a: Zamazenta\n|-start|p2a: Zamazenta|Encore\n|move|p2b: Chien-Pao|Taunt|p1a: Sableye\n|-start|p1a: Sableye|move: Taunt\n|cant|p2a: Zamazenta|Disable|Heavy Slam\n|\n|-damage|p2a: Zamazenta|82/100 brn|[from] brn\n|upkeep\n|turn|4\n|inactive|lior97h has 30 seconds left.\n|\n|t:|1772721318\n|switch|p2a: Dragonite|Dragonite, L50, M|100/100\n|switch|p1a: Smeargle|Smeargle, L50, M|100/100\n|-terastallize|p1b: Zamazenta|Fighting\n|move|p2b: Chien-Pao|Ice Spinner|p1a: Smeargle\n|-crit|p1a: Smeargle\n|-enditem|p1a: Smeargle|Focus Sash\n|-damage|p1a: Smeargle|1/100\n|move|p1b: Zamazenta|Body Press|p2b: Chien-Pao\n|-supereffective|p2b: Chien-Pao\n|-damage|p2b: Chien-Pao|0 fnt\n|faint|p2b: Chien-Pao\n|\n|-ability|p1a: Smeargle|Moody|boost\n|-boost|p1a: Smeargle|spd|2\n|-unboost|p1a: Smeargle|spe|1\n|upkeep\n|inactive|blackred123\u6c38\u96cf\u5854\u83f2\u4fa0 has 30 seconds left.\n|\n|t:|1772721346\n|switch|p2b: Zamazenta|Zamazenta-Crowned, L50, tera:Grass|82/100 brn\n|turn|5\n|inactive|blackred123\u6c38\u96cf\u5854\u83f2\u4fa0 has 30 seconds left.\n|\n|t:|1772721372\n|move|p1a: Smeargle|Burning Bulwark|p1a: Smeargle\n|-singleturn|p1a: Smeargle|move: Protect\n|move|p2b: Zamazenta|Imprison|p2b: Zamazenta\n|-start|p2b: Zamazenta|move: Imprison\n|move|p1b: Zamazenta|Iron Defense|p1b: Zamazenta\n|-boost|p1b: Zamazenta|def|2\n|move|p2a: Dragonite|Aerial Ace|p1a: Smeargle\n|-activate|p1a: Smeargle|move: Protect\n|-status|p2a: Dragonite|brn\n|\n|-damage|p2b: Zamazenta|75/100 brn|[from] brn\n|-damage|p2a: Dragonite|95/100 brn|[from] brn\n|-ability|p1a: Smeargle|Moody|boost\n|-boost|p1a: Smeargle|def|2\n|-unboost|p1a: Smeargle|atk|1\n|upkeep\n|turn|6\n|inactive|lior97h has 30 seconds left.\n|inactive|lior97h has 20 seconds left.\n|\n|t:|1772721411\n|switch|p2a: Kyogre|Kyogre, L50|100/100\n|-weather|RainDance|[from] ability: Drizzle|[of] p2a: Kyogre\n|move|p1a: Smeargle|Follow Me|p1a: Smeargle\n|-singleturn|p1a: Smeargle|move: Follow Me\n|move|p2b: Zamazenta|Heavy Slam|p1a: Smeargle\n|-damage|p1a: Smeargle|0 fnt\n|faint|p1a: Smeargle\n|move|p1b: Zamazenta|Crunch|p2b: Zamazenta\n|-damage|p2b: Zamazenta|60/100 brn\n|\n|-weather|RainDance|[upkeep]\n|-damage|p2b: Zamazenta|54/100 brn|[from] brn\n|upkeep\n|\n|t:|1772721427\n|switch|p1a: Calyrex|Calyrex-Shadow, L50|100/100\n|-ability|p1a: Calyrex|As One\n|-ability|p1a: Calyrex|Unnerve\n|turn|7\n|\n|t:|1772721446\n|move|p2b: Zamazenta|Wide Guard|p2b: Zamazenta\n|-singleturn|p2b: Zamazenta|Wide Guard\n|move|p1a: Calyrex|Pollen Puff|p2b: Zamazenta\n|-supereffective|p2b: Zamazenta\n|-damage|p2b: Zamazenta|6/100 brn\n|move|p2a: Kyogre|Origin Pulse|p1a: Calyrex|[spread] p1a,p1b\n|-damage|p1a: Calyrex|34/100\n|-damage|p1b: Zamazenta|49/100\n|move|p1b: Zamazenta|Crunch|p2a: Kyogre\n|-damage|p2a: Kyogre|80/100\n|-unboost|p2a: Kyogre|def|1\n|\n|-weather|RainDance|[upkeep]\n|-damage|p2b: Zamazenta|0 fnt|[from] brn\n|faint|p2b: Zamazenta\n|upkeep\n|\n|t:|1772721461\n|switch|p2b: Dragonite|Dragonite, L50, M|95/100 brn\n|turn|8\n|\n|t:|1772721468\n|move|p2b: Dragonite|Aqua Jet|p1a: Calyrex\n|-damage|p1a: Calyrex|12/100\n|move|p1a: Calyrex|Pollen Puff|p1b: Zamazenta\n|-heal|p1b: Zamazenta|99/100\n|move|p2a: Kyogre|Origin Pulse|p1b: Zamazenta|[spread] p1a,p1b\n|-damage|p1a: Calyrex|0 fnt\n|-damage|p1b: Zamazenta|47/100\n|faint|p1a: Calyrex\n|move|p1b: Zamazenta|Body Press|p2a: Kyogre\n|-damage|p2a: Kyogre|0 fnt\n|faint|p2a: Kyogre\n|\n|-weather|RainDance|[upkeep]\n|-damage|p2b: Dragonite|89/100 brn|[from] brn\n|upkeep\n|\n|t:|1772721485\n|switch|p1a: Sableye|Sableye, L50, M|100/100\n|turn|9\n|-message|blackred123\u6c38\u96cf\u5854\u83f2\u4fa0 forfeited.\n|\n|win|lior97h\n|raw|lior97h's rating: 1451 &rarr; <strong>1474</strong><br />(+23 for winning)\n|raw|blackred123\u6c38\u96cf\u5854\u83f2\u4fa0's rating: 1498 &rarr; <strong>1475</strong><br />(-23 for losing)\n|l| togeclaty\n|j| Esiolamond\n|j| Meng Yan come\n|l|\u2606lior97h\n|player|p1|\n|l| Meng Yan come\n|l| Esiolamond\n|l|\u2606blackred123\u6c38\u96cf\u5854\u83f2\u4fa0\n|player|p2|\n","uploadtime":1772721500,"views":14,"formatid":"gen9vgc2026regi","rating":1474,"private":0,"password":null}