{"id":"gen9vgc2026regi-2578836401","format":"[Gen 9] VGC 2026 Reg I","players":["mewten000","TheNamesBetty"],"log":"|j|\u2606mewten000\n|j|\u2606TheNamesBetty\n|t:|1775725437\n|gametype|doubles\n|player|p1|mewten000|170|1322\n|player|p2|TheNamesBetty|koga|1341\n|gen|9\n|tier|[Gen 9] VGC 2026 Reg I\n|rated|\n|rule|Species Clause: Limit one of each Pok\u00e9mon\n|rule|Item Clause: Limit 1 of each item\n|clearpoke\n|poke|p1|Lunala, L50|\n|poke|p1|Rillaboom, L50, M|\n|poke|p1|Incineroar, L50, M|\n|poke|p1|Koraidon, L50|\n|poke|p1|Flutter Mane, L50|\n|poke|p1|Roaring Moon, L50|\n|poke|p2|Koraidon, L50|\n|poke|p2|Calyrex-Shadow, L50|\n|poke|p2|Tornadus, L50, M|\n|poke|p2|Urshifu-*, L50, F|\n|poke|p2|Dewgong, L50, F|\n|poke|p2|Electabuzz, L50, M|\n|teampreview|4\nTheNamesBetty has agreed to open team sheets.\n|\n|t:|1775725481\n|teamsize|p1|4\n|teamsize|p2|4\n|start\n|switch|p1a: Lunala|Lunala, L50|100/100\n|switch|p1b: Incineroar|Incineroar, L50, M|100/100\n|switch|p2a: Kedluben|Calyrex-Shadow, L50|100/100\n|switch|p2b: D\u011bda Honza|Tornadus, L50, M|100/100\n|-ability|p2a: Kedluben|As One\n|-ability|p2a: Kedluben|Unnerve\n|-ability|p1b: Incineroar|Intimidate|boost\n|-unboost|p2a: Kedluben|atk|1\n|-unboost|p2b: D\u011bda Honza|atk|1\n|turn|1\n|\n|t:|1775725516\n|-terastallize|p2a: Kedluben|Dark\n|move|p2b: D\u011bda Honza|Taunt|p1a: Lunala\n|-start|p1a: Lunala|move: Taunt\n|move|p2a: Kedluben|Astral Barrage|p1a: Lunala|[spread] p1a,p1b\n|-supereffective|p1a: Lunala\n|-crit|p1a: Lunala\n|-resisted|p1b: Incineroar\n|-damage|p1a: Lunala|0 fnt\n|-damage|p1b: Incineroar|72/100\n|faint|p1a: Lunala\n|-ability|p2a: Kedluben|Grim Neigh|boost\n|-boost|p2a: Kedluben|spa|1\n|-damage|p2a: Kedluben|91/100|[from] item: Life Orb\n|move|p1b: Incineroar|Knock Off|p2a: Kedluben\n|-resisted|p2a: Kedluben\n|-damage|p2a: Kedluben|67/100\n|-enditem|p2a: Kedluben|Life Orb|[from] move: Knock Off|[of] p1b: Incineroar\n|\n|upkeep\n|\n|t:|1775725532\n|switch|p1a: Flutter Mane|Flutter Mane, L50|100/100\n|turn|2\n|\n|t:|1775725539\n|-terastallize|p1a: Flutter Mane|Fairy\n|move|p2b: D\u011bda Honza|Tailwind|p2b: D\u011bda Honza\n|-sidestart|p2: TheNamesBetty|move: Tailwind\n|move|p2a: Kedluben|Astral Barrage|p1b: Incineroar|[spread] p1a,p1b\n|-resisted|p1b: Incineroar\n|-damage|p1a: Flutter Mane|19/100\n|-damage|p1b: Incineroar|40/100\n|move|p1a: Flutter Mane|Dazzling Gleam|p2a: Kedluben|[spread] p2a,p2b\n|-supereffective|p2a: Kedluben\n|-crit|p2b: D\u011bda Honza\n|-damage|p2a: Kedluben|0 fnt\n|-damage|p2b: D\u011bda Honza|30/100\n|-enditem|p1b: Incineroar|Sitrus Berry|[eat]\n|-heal|p1b: Incineroar|65/100|[from] item: Sitrus Berry\n|faint|p2a: Kedluben\n|move|p1b: Incineroar|Flare Blitz|p2b: D\u011bda Honza\n|-damage|p2b: D\u011bda Honza|0 fnt\n|faint|p2b: D\u011bda Honza\n|-damage|p1b: Incineroar|56/100|[from] Recoil\n|\n|upkeep\n|\n|t:|1775725549\n|switch|p2a: Jan\u017di\u017ekaZTrocnova|Koraidon, L50|100/100\n|switch|p2b: Bleblebl\u00e1k|Electabuzz, L50, M|100/100\n|-weather|SunnyDay|[from] ability: Orichalcum Pulse|[of] p2a: Jan\u017di\u017ekaZTrocnova\n|-activate|p1a: Flutter Mane|ability: Protosynthesis\n|-start|p1a: Flutter Mane|protosynthesisspe\n|-activate|p2a: Jan\u017di\u017ekaZTrocnova|Orichalcum Pulse|[source]\n|turn|3\n|\n|t:|1775725569\n|move|p1a: Flutter Mane|Protect|p1a: Flutter Mane\n|-singleturn|p1a: Flutter Mane|Protect\n|move|p2b: Bleblebl\u00e1k|Feint|p1a: Flutter Mane\n|-activate|p1a: Flutter Mane|move: Feint\n|-damage|p1a: Flutter Mane|4/100\n|move|p2a: Jan\u017di\u017ekaZTrocnova|Flame Charge|p1a: Flutter Mane\n|-damage|p1a: Flutter Mane|0 fnt\n|-boost|p2a: Jan\u017di\u017ekaZTrocnova|spe|1\n|faint|p1a: Flutter Mane\n|-end|p1a: Flutter Mane|Protosynthesis|[silent]\n|move|p1b: Incineroar|Parting Shot|p2b: Bleblebl\u00e1k\n|-unboost|p2b: Bleblebl\u00e1k|atk|1\n|-unboost|p2b: Bleblebl\u00e1k|spa|1\n|\n|t:|1775725581\n|switch|p1b: Koraidon|Koraidon, L50|100/100|[from] Parting Shot\n|-activate|p1b: Koraidon|ability: Orichalcum Pulse\n|\n|-weather|SunnyDay|[upkeep]\n|upkeep\n|\n|t:|1775725586\n|switch|p1a: Incineroar|Incineroar, L50, M|56/100\n|-ability|p1a: Incineroar|Intimidate|boost\n|-fail|p2a: Jan\u017di\u017ekaZTrocnova|unboost|[from] item: Clear Amulet|[of] p2a: Jan\u017di\u017ekaZTrocnova\n|-unboost|p2b: Bleblebl\u00e1k|atk|1\n|turn|4\n|\n|t:|1775725595\n|move|p2a: Jan\u017di\u017ekaZTrocnova|Protect|p2a: Jan\u017di\u017ekaZTrocnova\n|-singleturn|p2a: Jan\u017di\u017ekaZTrocnova|Protect\n|move|p2b: Bleblebl\u00e1k|Electroweb|p1b: Koraidon|[spread] p1a,p1b\n|-resisted|p1b: Koraidon\n|-damage|p1a: Incineroar|50/100\n|-damage|p1b: Koraidon|97/100\n|-unboost|p1a: Incineroar|spe|1\n|move|p1b: Koraidon|Flame Charge|p2b: Bleblebl\u00e1k\n|-damage|p2b: Bleblebl\u00e1k|55/100\n|-boost|p1b: Koraidon|spe|1\n|move|p1a: Incineroar|Flare Blitz|p2b: Bleblebl\u00e1k\n|-damage|p2b: Bleblebl\u00e1k|0 fnt\n|faint|p2b: Bleblebl\u00e1k\n|-damage|p1a: Incineroar|34/100|[from] Recoil\n|\n|-weather|SunnyDay|[upkeep]\n|upkeep\n|turn|5\n|\n|t:|1775725622\n|move|p1b: Koraidon|Protect|p1b: Koraidon\n|-singleturn|p1b: Koraidon|Protect\n|move|p2a: Jan\u017di\u017ekaZTrocnova|Collision Course|p1b: Koraidon\n|-activate|p1b: Koraidon|move: Protect\n|move|p1a: Incineroar|Flare Blitz|p2a: Jan\u017di\u017ekaZTrocnova\n|-resisted|p2a: Jan\u017di\u017ekaZTrocnova\n|-damage|p2a: Jan\u017di\u017ekaZTrocnova|74/100\n|-damage|p1a: Incineroar|25/100|[from] Recoil\n|\n|-weather|SunnyDay|[upkeep]\n|-sideend|p2: TheNamesBetty|move: Tailwind\n|upkeep\n|turn|6\n|\n|t:|1775725634\n|move|p1b: Koraidon|Collision Course|p2a: Jan\u017di\u017ekaZTrocnova\n|-damage|p2a: Jan\u017di\u017ekaZTrocnova|10/100\n|move|p2a: Jan\u017di\u017ekaZTrocnova|Collision Course|p1b: Koraidon\n|-damage|p1b: Koraidon|29/100\n|move|p1a: Incineroar|Flare Blitz|p2a: Jan\u017di\u017ekaZTrocnova\n|-resisted|p2a: Jan\u017di\u017ekaZTrocnova\n|-damage|p2a: Jan\u017di\u017ekaZTrocnova|0 fnt\n|faint|p2a: Jan\u017di\u017ekaZTrocnova\n|-damage|p1a: Incineroar|22/100|[from] Recoil\n|\n|win|mewten000\n|raw|mewten000's rating: 1322 &rarr; <strong>1343</strong><br />(+21 for winning)\n|raw|TheNamesBetty's rating: 1341 &rarr; <strong>1320</strong><br />(-21 for losing)\n|l|\u2606mewten000\n|player|p1|\n|c|\u2606TheNamesBetty|You read me like a book!\n|l|\u2606TheNamesBetty\n|player|p2|\n","uploadtime":1775725863,"views":10,"formatid":"gen9vgc2026regi","rating":1320,"private":0,"password":null}