{"id":"gen9vgc2026regi-2542026631","format":"[Gen 9] VGC 2026 Reg I","players":["kojimuranishi","thecheekymeek"],"log":"|j|\u2606kojimuranishi\n|j|\u2606thecheekymeek\n|t:|1771402099\n|gametype|doubles\n|player|p1|kojimuranishi|101|1541\n|player|p2|thecheekymeek|169|1443\n|gen|9\n|tier|[Gen 9] VGC 2026 Reg I\n|rated|\n|rule|Species Clause: Limit one of each Pok\u00e9mon\n|rule|Item Clause: Limit 1 of each item\n|clearpoke\n|poke|p1|Whimsicott, L50, F|\n|poke|p1|Calyrex-Ice, L50|\n|poke|p1|Miraidon, L50|\n|poke|p1|Chi-Yu, L50|\n|poke|p1|Landorus, L50, M|\n|poke|p1|Ogerpon-Cornerstone, L50, F|\n|poke|p2|Terapagos, L50, M|\n|poke|p2|Calyrex-Shadow, L50|\n|poke|p2|Iron Hands, L50|\n|poke|p2|Smeargle, L50, M|\n|poke|p2|Chi-Yu, L50|\n|poke|p2|Tornadus, L50, M|\n|teampreview|4\n|inactive|Battle timer is ON: inactive players will automatically lose when time's up. (requested by thecheekymeek)\n|\n|t:|1771402128\n|teamsize|p1|4\n|teamsize|p2|4\n|start\n|switch|p1a: Ogerpon|Ogerpon-Cornerstone, L50, F|100/100\n|switch|p1b: Miraidon|Miraidon, L50|100/100\n|switch|p2a: Terapagos|Terapagos, L50, M|100/100\n|switch|p2b: Smeargle|Smeargle, L50, M|100/100\n|-activate|p2a: Terapagos|ability: Tera Shift\n|detailschange|p2a: Terapagos|Terapagos-Terastal, L50, M\n|-heal|p2a: Terapagos|100/100|[silent]\n|-fieldstart|move: Electric Terrain|[from] ability: Hadron Engine|[of] p1b: Miraidon\n|turn|1\n|inactive|thecheekymeek has 30 seconds left.\n|\n|t:|1771402154\n|move|p2b: Smeargle|Fake Out|p1b: Miraidon\n|-damage|p1b: Miraidon|95/100\n|cant|p1b: Miraidon|flinch\n|move|p1a: Ogerpon|Ivy Cudgel|p2a: Terapagos|[anim] Ivy Cudgel Rock\n|-activate|p2a: Terapagos|ability: Tera Shell\n|-resisted|p2a: Terapagos\n|-crit|p2a: Terapagos\n|-damage|p2a: Terapagos|59/100\n|move|p2a: Terapagos|Meteor Beam||[still]\n|-prepare|p2a: Terapagos|Meteor Beam\n|-boost|p2a: Terapagos|spa|1\n|-enditem|p2a: Terapagos|Power Herb\n|-anim|p2a: Terapagos|Meteor Beam|p1a: Ogerpon\n|-damage|p1a: Ogerpon|34/100\n|\n|-ability|p2b: Smeargle|Moody|boost\n|-boost|p2b: Smeargle|atk|2\n|-unboost|p2b: Smeargle|spe|1\n|upkeep\n|turn|2\n|\n|t:|1771402176\n|-terastallize|p2a: Terapagos|Stellar\n|detailschange|p2a: Terapagos|Terapagos-Stellar, L50, M, tera:Stellar\n|-heal|p2a: Terapagos|70/100|[silent]\n|-ability|p2a: Terapagos|Teraform Zero\n|-fieldend|move: Electric Terrain\n|move|p1a: Ogerpon|Spiky Shield|p1a: Ogerpon\n|-singleturn|p1a: Ogerpon|move: Protect\n|move|p2b: Smeargle|Follow Me|p2b: Smeargle\n|-singleturn|p2b: Smeargle|move: Follow Me\n|move|p1b: Miraidon|Snarl|p2b: Smeargle|[spread] p2a,p2b\n|-damage|p2a: Terapagos|60/100\n|-damage|p2b: Smeargle|68/100\n|-unboost|p2a: Terapagos|spa|1\n|-unboost|p2b: Smeargle|spa|1\n|move|p2a: Terapagos|Tera Starstorm|p1b: Miraidon|[spread] p1b\n|-activate|p1a: Ogerpon|move: Protect\n|-damage|p1b: Miraidon|59/100\n|\n|-ability|p2b: Smeargle|Moody|boost\n|-boost|p2b: Smeargle|spd|2\n|-unboost|p2b: Smeargle|def|1\n|upkeep\n|turn|3\n|inactive|kojimuranishi has 30 seconds left.\n|inactive|kojimuranishi has 20 seconds left.\n|inactive|kojimuranishi has 15 seconds left.\n|\n|t:|1771402217\n|move|p1b: Miraidon|Snarl|p2a: Terapagos|[spread] p2b\n|-miss|p1b: Miraidon|p2a: Terapagos\n|-damage|p2b: Smeargle|52/100\n|-unboost|p2b: Smeargle|spa|1\n|move|p1a: Ogerpon|Ivy Cudgel|p2a: Terapagos|[anim] Ivy Cudgel Rock\n|-damage|p2a: Terapagos|20/100\n|move|p2a: Terapagos|Tera Starstorm|p1a: Ogerpon|[spread] p1a,p1b\n|-damage|p1a: Ogerpon|0 fnt\n|-damage|p1b: Miraidon|24/100\n|faint|p1a: Ogerpon\n|move|p2b: Smeargle|Spore|p1b: Miraidon\n|-status|p1b: Miraidon|slp|[from] move: Spore\n|\n|-ability|p2b: Smeargle|Moody|boost\n|-boost|p2b: Smeargle|atk|2\n|-unboost|p2b: Smeargle|spe|1\n|upkeep\n|\n|t:|1771402236\n|switch|p1a: Whimsicott|Whimsicott, L50, F|100/100\n|turn|4\n|\n|t:|1771402253\n|move|p2b: Smeargle|Follow Me|p2b: Smeargle\n|-singleturn|p2b: Smeargle|move: Follow Me\n|cant|p1b: Miraidon|slp\n|move|p1a: Whimsicott|Moonblast|p2b: Smeargle\n|-damage|p2b: Smeargle|10/100\n|move|p2a: Terapagos|Tera Starstorm|p1b: Miraidon|[spread] p1a,p1b\n|-damage|p1a: Whimsicott|34/100\n|-damage|p1b: Miraidon|0 fnt\n|faint|p1b: Miraidon\n|\n|-ability|p2b: Smeargle|Moody|boost\n|-boost|p2b: Smeargle|spd|2\n|-unboost|p2b: Smeargle|atk|1\n|upkeep\n|\n|t:|1771402268\n|switch|p1b: Calyrex|Calyrex-Ice, L50|100/100\n|-ability|p1b: Calyrex|As One\n|-ability|p1b: Calyrex|Unnerve\n|turn|5\n|inactive|thecheekymeek has 30 seconds left.\n|\n|t:|1771402294\n|switch|p2b: Iron Hands|Iron Hands, L50|100/100\n|-terastallize|p1b: Calyrex|Ice\n|move|p1a: Whimsicott|Tailwind|p1a: Whimsicott\n|-sidestart|p1: kojimuranishi|move: Tailwind\n|move|p1b: Calyrex|Glacial Lance|p2b: Iron Hands|[spread] p2a,p2b\n|-damage|p2a: Terapagos|0 fnt\n|-damage|p2b: Iron Hands|28/100\n|faint|p2a: Terapagos\n|detailschange|p2: Terapagos|Terapagos, L50, M|[silent]\n|-ability|p1b: Calyrex|Chilling Neigh|boost\n|-boost|p1b: Calyrex|atk|1\n|\n|upkeep\n|\n|t:|1771402316\n|switch|p2a: Calyrex|Calyrex-Shadow, L50|100/100\n|-ability|p2a: Calyrex|As One\n|-ability|p2a: Calyrex|Unnerve\n|turn|6\n|\n|t:|1771402324\n|move|p2b: Iron Hands|Fake Out|p1b: Calyrex\n|-damage|p1b: Calyrex|89/100\n|move|p1a: Whimsicott|Moonblast|p2a: Calyrex\n|-damage|p2a: Calyrex|65/100\n|cant|p1b: Calyrex|flinch\n|move|p2a: Calyrex|Psychic|p1a: Whimsicott\n|-damage|p1a: Whimsicott|0 fnt\n|faint|p1a: Whimsicott\n|-ability|p2a: Calyrex|Grim Neigh|boost\n|-boost|p2a: Calyrex|spa|1\n|-damage|p2a: Calyrex|56/100|[from] item: Life Orb\n|\n|upkeep\n|turn|7\n|inactive|thecheekymeek has 30 seconds left.\n|\n|t:|1771402352\n|-end|p2b: Iron Hands|Quark Drive|[silent]\n|switch|p2b: Smeargle|Smeargle, L50, M|10/100\n|move|p2a: Calyrex|Protect|p2a: Calyrex\n|-singleturn|p2a: Calyrex|Protect\n|move|p1b: Calyrex|Glacial Lance|p2a: Calyrex|[spread] p2b\n|-activate|p2a: Calyrex|move: Protect\n|-damage|p2b: Smeargle|0 fnt\n|faint|p2b: Smeargle\n|-ability|p1b: Calyrex|Chilling Neigh|boost\n|-boost|p1b: Calyrex|atk|1\n|\n|upkeep\n|\n|t:|1771402362\n|switch|p2b: Iron Hands|Iron Hands, L50|28/100\n|turn|8\n|\n|t:|1771402366\n|move|p2b: Iron Hands|Fake Out|p1b: Calyrex\n|-damage|p1b: Calyrex|78/100\n|cant|p1b: Calyrex|flinch\n|move|p2a: Calyrex|Nasty Plot|p2a: Calyrex\n|-boost|p2a: Calyrex|spa|2\n|\n|-sideend|p1: kojimuranishi|move: Tailwind\n|upkeep\n|turn|9\n|\n|t:|1771402383\n|move|p2a: Calyrex|Astral Barrage|p1b: Calyrex\n|-damage|p1b: Calyrex|0 fnt\n|faint|p1b: Calyrex\n|-damage|p2a: Calyrex|46/100|[from] item: Life Orb\n|\n|win|thecheekymeek\n|raw|kojimuranishi's rating: 1541 &rarr; <strong>1516</strong><br />(-25 for losing)\n|raw|thecheekymeek's rating: 1443 &rarr; <strong>1468</strong><br />(+25 for winning)\n|l|\u2606thecheekymeek\n|player|p2|\n|l|\u2606kojimuranishi\n|player|p1|\n","uploadtime":1771402616,"views":21,"formatid":"gen9vgc2026regi","rating":1468,"private":0,"password":null}