{"id":"gen9vgc2026regi-2548529675","format":"[Gen 9] VGC 2026 Reg I","players":["don juan dozo","LechonkBro"],"log":"|j|\u2606don juan dozo\n|j|\u2606LechonkBro\n|t:|1772224010\n|gametype|doubles\n|player|p1|don juan dozo|266|1379\n|player|p2|LechonkBro|101|1495\n|gen|9\n|tier|[Gen 9] VGC 2026 Reg I\n|rated|\n|rule|Species Clause: Limit one of each Pok\u00e9mon\n|rule|Item Clause: Limit 1 of each item\n|clearpoke\n|poke|p1|Calyrex-Shadow, L50|\n|poke|p1|Zamazenta-*, L50|\n|poke|p1|Ting-Lu, L50|\n|poke|p1|Dondozo, L50, F|\n|poke|p1|Chien-Pao, L50|\n|poke|p1|Ogerpon-Hearthflame, L50, F|\n|poke|p2|Chien-Pao, L50|\n|poke|p2|Calyrex-Shadow, L50|\n|poke|p2|Dondozo, L50, F|\n|poke|p2|Zamazenta-*, L50|\n|poke|p2|Dragonite, L50, M|\n|poke|p2|Tatsugiri, L50, F|\n|teampreview|4\n|inactive|Battle timer is ON: inactive players will automatically lose when time's up. (requested by LechonkBro)\n|\n|t:|1772224027\n|teamsize|p1|4\n|teamsize|p2|4\n|start\n|switch|p1a: Jordan 96/97|Ting-Lu, L50|100/100\n|switch|p1b: Ivan Karamazov|Dondozo, L50, F|100/100\n|switch|p2a: Calyrex|Calyrex-Shadow, L50|100/100\n|switch|p2b: Zamazenta|Zamazenta-Crowned, L50|100/100\n|-ability|p2a: Calyrex|As One\n|-ability|p2a: Calyrex|Unnerve\n|-ability|p2b: Zamazenta|Dauntless Shield|boost\n|-boost|p2b: Zamazenta|def|1\n|-ability|p1a: Jordan 96/97|Vessel of Ruin\n|turn|1\n|\n|t:|1772224045\n|-terastallize|p1a: Jordan 96/97|Fairy\n|move|p2a: Calyrex|Astral Barrage|p1b: Ivan Karamazov|[spread] p1a,p1b\n|-crit|p1a: Jordan 96/97\n|-damage|p1a: Jordan 96/97|59/100\n|-damage|p1b: Ivan Karamazov|74/100\n|move|p2b: Zamazenta|Body Press|p1a: Jordan 96/97\n|-resisted|p1a: Jordan 96/97\n|-damage|p1a: Jordan 96/97|40/100\n|-damage|p2b: Zamazenta|84/100|[from] item: Rocky Helmet|[of] p1a: Jordan 96/97\n|move|p1a: Jordan 96/97|Sand Tomb|p2b: Zamazenta\n|-supereffective|p2b: Zamazenta\n|-damage|p2b: Zamazenta|73/100\n|-activate|p2b: Zamazenta|move: Sand Tomb|[of] p1a: Jordan 96/97\n|move|p1b: Ivan Karamazov|Yawn|p2a: Calyrex\n|-start|p2a: Calyrex|move: Yawn|[of] p1b: Ivan Karamazov\n|\n|-heal|p1b: Ivan Karamazov|80/100|[from] item: Leftovers\n|-damage|p2b: Zamazenta|61/100|[from] move: Sand Tomb|[partiallytrapped]\n|upkeep\n|turn|2\n|inactive|LechonkBro has 30 seconds left.\n|\n|t:|1772224072\n|switch|p2a: Chien-Pao|Chien-Pao, L50|100/100\n|-ability|p2a: Chien-Pao|Sword of Ruin\n|move|p2b: Zamazenta|Behemoth Bash|p1a: Jordan 96/97\n|-supereffective|p1a: Jordan 96/97\n|-damage|p1a: Jordan 96/97|0 fnt\n|-damage|p2b: Zamazenta|44/100|[from] item: Rocky Helmet|[of] p1a: Jordan 96/97\n|faint|p1a: Jordan 96/97\n|move|p1b: Ivan Karamazov|Yawn|p2b: Zamazenta\n|-start|p2b: Zamazenta|move: Yawn|[of] p1b: Ivan Karamazov\n|\n|-heal|p1b: Ivan Karamazov|86/100|[from] item: Leftovers\n|-end|p2b: Zamazenta|Sand Tomb|[partiallytrapped]|[silent]\n|upkeep\n|\n|t:|1772224086\n|switch|p1a: Magnus Carlsen|Zamazenta-Crowned, L50|100/100\n|-ability|p1a: Magnus Carlsen|Dauntless Shield|boost\n|-boost|p1a: Magnus Carlsen|def|1\n|turn|3\n|\n|t:|1772224092\n|move|p2a: Chien-Pao|Ruination|p1b: Ivan Karamazov\n|-damage|p1b: Ivan Karamazov|43/100\n|move|p2b: Zamazenta|Body Press|p1b: Ivan Karamazov\n|-damage|p1b: Ivan Karamazov|0 fnt\n|faint|p1b: Ivan Karamazov\n|move|p1a: Magnus Carlsen|Heavy Slam|p2a: Chien-Pao\n|-supereffective|p2a: Chien-Pao\n|-enditem|p2a: Chien-Pao|Focus Sash\n|-damage|p2a: Chien-Pao|1/100\n|\n|-end|p2b: Zamazenta|move: Yawn|[silent]\n|-status|p2b: Zamazenta|slp\n|upkeep\n|inactive|don juan dozo has 30 seconds left.\n|inactive|don juan dozo has 20 seconds left.\n|inactive|don juan dozo has 15 seconds left.\n|inactive|don juan dozo has 10 seconds left.\n|\n|t:|1772224139\n|switch|p1b: 221 speed|Calyrex-Shadow, L50|100/100\n|-ability|p1b: 221 speed|As One\n|-ability|p1b: 221 speed|Unnerve\n|turn|4\n|\n|t:|1772224146\n|move|p2a: Chien-Pao|Protect|p2a: Chien-Pao\n|-singleturn|p2a: Chien-Pao|Protect\n|move|p1b: 221 speed|Astral Barrage|p2a: Chien-Pao|[spread] p2b\n|-activate|p2a: Chien-Pao|move: Protect\n|-damage|p2b: Zamazenta|0 fnt\n|faint|p2b: Zamazenta\n|-ability|p1b: 221 speed|Grim Neigh|boost\n|-boost|p1b: 221 speed|spa|1\n|move|p1a: Magnus Carlsen|Body Press|p2a: Chien-Pao\n|-activate|p2a: Chien-Pao|move: Protect\n|\n|upkeep\n|\n|t:|1772224158\n|switch|p2b: Calyrex|Calyrex-Shadow, L50|100/100\n|-ability|p2b: Calyrex|As One\n|-ability|p2b: Calyrex|Unnerve\n|turn|5\n|inactive|don juan dozo has 30 seconds left.\n|\n|t:|1772224186\n|move|p1a: Magnus Carlsen|Wide Guard|p1a: Magnus Carlsen\n|-singleturn|p1a: Magnus Carlsen|Wide Guard\n|move|p2a: Chien-Pao|Sucker Punch|p1b: 221 speed\n|-supereffective|p1b: 221 speed\n|-enditem|p1b: 221 speed|Focus Sash\n|-damage|p1b: 221 speed|1/100\n|move|p2b: Calyrex|Shadow Ball|p1b: 221 speed\n|-supereffective|p1b: 221 speed\n|-damage|p1b: 221 speed|0 fnt\n|faint|p1b: 221 speed\n|-ability|p2b: Calyrex|Grim Neigh|boost\n|-boost|p2b: Calyrex|spa|1\n|\n|upkeep\n|turn|6\n|\n|t:|1772224205\n|-terastallize|p2b: Calyrex|Ghost\n|move|p2a: Chien-Pao|Protect|p2a: Chien-Pao\n|-singleturn|p2a: Chien-Pao|Protect\n|move|p2b: Calyrex|Shadow Ball|p1a: Magnus Carlsen\n|-damage|p1a: Magnus Carlsen|29/100\n|move|p1a: Magnus Carlsen|Body Press|p2a: Chien-Pao\n|-activate|p2a: Chien-Pao|move: Protect\n|\n|upkeep\n|turn|7\n|inactive|don juan dozo has 30 seconds left.\n|\n|t:|1772224234\n|move|p1a: Magnus Carlsen|Wide Guard|p1a: Magnus Carlsen\n|-singleturn|p1a: Magnus Carlsen|Wide Guard\n|move|p2b: Calyrex|Shadow Ball|p1a: Magnus Carlsen\n|-damage|p1a: Magnus Carlsen|0 fnt\n|faint|p1a: Magnus Carlsen\n|\n|win|LechonkBro\n|raw|don juan dozo's rating: 1379 &rarr; <strong>1365</strong><br />(-14 for losing)\n|raw|LechonkBro's rating: 1495 &rarr; <strong>1509</strong><br />(+14 for winning)\n|l|\u2606don juan dozo\n|player|p1|\n|l|\u2606LechonkBro\n|player|p2|\n","uploadtime":1772224390,"views":11,"formatid":"gen9vgc2026regi","rating":1365,"private":0,"password":null}