{"id":"gen9vgc2026regi-2561834005","format":"[Gen 9] VGC 2026 Reg I","players":["Realfrytki","ScribbleScribble"],"log":"|j|\u2606Realfrytki\n|j|\u2606ScribbleScribble\n|t:|1773847654\n|gametype|doubles\n|player|p1|Realfrytki|veteranf|1639\n|player|p2|ScribbleScribble|mina-lgpe|1663\n|gen|9\n|tier|[Gen 9] VGC 2026 Reg I\n|rated|\n|rule|Species Clause: Limit one of each Pok\u00e9mon\n|rule|Item Clause: Limit 1 of each item\n|clearpoke\n|poke|p1|Terapagos, L50, M|\n|poke|p1|Grimmsnarl, L50, M|\n|poke|p1|Volcarona, L50, F|\n|poke|p1|Miraidon, L50|\n|poke|p1|Iron Hands, L50|\n|poke|p1|Amoonguss, L50, F|\n|poke|p2|Calyrex-Ice, L50|\n|poke|p2|Kyogre, L50|\n|poke|p2|Tornadus, L50, M|\n|poke|p2|Indeedee-F, L50, F|\n|poke|p2|Urshifu-*, L50, F|\n|poke|p2|Landorus, L50, M|\n|teampreview|4\n|inactive|Battle timer is ON: inactive players will automatically lose when time's up. (requested by ScribbleScribble)\n|\n|t:|1773847680\n|teamsize|p1|4\n|teamsize|p2|4\n|start\n|switch|p1a: Grimmsnarl|Grimmsnarl, L50, M|100/100\n|switch|p1b: Terapagos|Terapagos, L50, M|100/100\n|switch|p2a: Tornadus|Tornadus, L50, M|100/100\n|switch|p2b: Urshifu|Urshifu-Rapid-Strike, L50, F|100/100\n|-activate|p1b: Terapagos|ability: Tera Shift\n|detailschange|p1b: Terapagos|Terapagos-Terastal, L50, M\n|-heal|p1b: Terapagos|100/100|[silent]\n|turn|1\n|\n|t:|1773847697\n|move|p1a: Grimmsnarl|Fake Out|p2b: Urshifu\n|-damage|p2b: Urshifu|90/100\n|move|p2a: Tornadus|Taunt|p1b: Terapagos\n|-start|p1b: Terapagos|move: Taunt\n|cant|p2b: Urshifu|flinch\n|move|p1b: Terapagos|Tera Starstorm|p2b: Urshifu\n|-damage|p2b: Urshifu|0 fnt\n|faint|p2b: Urshifu\n|\n|upkeep\n|\n|t:|1773847702\n|switch|p2b: Kyogre|Kyogre, L50|100/100\n|-weather|RainDance|[from] ability: Drizzle|[of] p2b: Kyogre\n|turn|2\n|\n|t:|1773847714\n|-terastallize|p1b: Terapagos|Stellar\n|detailschange|p1b: Terapagos|Terapagos-Stellar, L50, M, tera:Stellar\n|-heal|p1b: Terapagos|100/100|[silent]\n|-ability|p1b: Terapagos|Teraform Zero\n|-weather|none\n|move|p2a: Tornadus|Rain Dance|p2a: Tornadus\n|-weather|RainDance\n|move|p1a: Grimmsnarl|Thunder Wave|p2b: Kyogre\n|-status|p2b: Kyogre|par\n|move|p1b: Terapagos|Tera Starstorm|p2a: Tornadus|[spread] p2a,p2b\n|-damage|p2a: Tornadus|23/100\n|-damage|p2b: Kyogre|56/100 par\n|cant|p2b: Kyogre|par\n|\n|-weather|RainDance|[upkeep]\n|upkeep\n|turn|3\n|\n|t:|1773847729\n|move|p2a: Tornadus|Tailwind|p2a: Tornadus\n|-sidestart|p2: ScribbleScribble|move: Tailwind\n|move|p1a: Grimmsnarl|Fake Tears|p2b: Kyogre\n|-unboost|p2b: Kyogre|spd|2\n|move|p2b: Kyogre|Water Spout|p1a: Grimmsnarl|[spread] p1a,p1b\n|-damage|p1a: Grimmsnarl|44/100\n|-damage|p1b: Terapagos|54/100\n|move|p1b: Terapagos|Tera Starstorm|p2a: Tornadus|[spread] p2a,p2b\n|-damage|p2a: Tornadus|0 fnt\n|-damage|p2b: Kyogre|0 fnt\n|faint|p2a: Tornadus\n|faint|p2b: Kyogre\n|\n|-weather|RainDance|[upkeep]\n|-end|p1b: Terapagos|move: Taunt\n|upkeep\n|\n|t:|1773847746\n|switch|p2b: Landorus|Landorus, L50, M|100/100\n|turn|4\n|\n|t:|1773847754\n|move|p2b: Landorus|Sandsear Storm|p1a: Grimmsnarl|[spread] p1a,p1b\n|-damage|p1a: Grimmsnarl|0 fnt\n|-damage|p1b: Terapagos|8/100\n|faint|p1a: Grimmsnarl\n|move|p1b: Terapagos|Tera Starstorm|p2b: Landorus\n|-damage|p2b: Landorus|4/100\n|\n|-weather|RainDance|[upkeep]\n|upkeep\n|\n|t:|1773847762\n|switch|p1a: Amoonguss|Amoonguss, L50, F|100/100\n|turn|5\n|\n|t:|1773847784\n|move|p2b: Landorus|Sandsear Storm|p1a: Amoonguss|[spread] p1a,p1b\n|-damage|p1a: Amoonguss|53/100\n|-damage|p1b: Terapagos|0 fnt\n|faint|p1b: Terapagos\n|detailschange|p1: Terapagos|Terapagos, L50, M|[silent]\n|move|p1a: Amoonguss|Pollen Puff|p2b: Landorus\n|-resisted|p2b: Landorus\n|-damage|p2b: Landorus|0 fnt\n|faint|p2b: Landorus\n|\n|win|Realfrytki\n|raw|Realfrytki's rating: 1639 &rarr; <strong>1659</strong><br />(+20 for winning)\n|raw|ScribbleScribble's rating: 1643 &rarr; <strong>1623</strong><br />(-20 for losing)\n|l|\u2606ScribbleScribble\n|player|p2|\n|l|\u2606Realfrytki\n|player|p1|\n","uploadtime":1773847962,"views":97,"formatid":"gen9vgc2026regi","rating":1623,"private":0,"password":null}