{"id":"gen9vgc2026regi-2560844154","format":"[Gen 9] VGC 2026 Reg I","players":["joppavgc","LechonkBro"],"log":"|j|\u2606joppavgc\n|j|\u2606LechonkBro\n|t:|1773736445\n|gametype|doubles\n|player|p1|joppavgc|170|1450\n|player|p2|LechonkBro|265|1540\n|gen|9\n|tier|[Gen 9] VGC 2026 Reg I\n|rated|\n|rule|Species Clause: Limit one of each Pok\u00e9mon\n|rule|Item Clause: Limit 1 of each item\n|clearpoke\n|poke|p1|Rillaboom, L50, F|\n|poke|p1|Zamazenta-*, L50|\n|poke|p1|Chien-Pao, L50|\n|poke|p1|Kyogre, L50|\n|poke|p1|Farigiraf, L50, F|\n|poke|p1|Ursaluna, L50, M|\n|poke|p2|Chien-Pao, L50|\n|poke|p2|Calyrex-Shadow, L50|\n|poke|p2|Dondozo, L50, F|\n|poke|p2|Zamazenta-*, L50|\n|poke|p2|Dragonite, L50, F|\n|poke|p2|Tatsugiri, L50, F|\n|teampreview|4\n|inactive|Battle timer is ON: inactive players will automatically lose when time's up. (requested by LechonkBro)\n|l|\u2606joppavgc\n|inactive|joppavgc disconnected and has a minute to reconnect!\n|player|p1|\n|j|\u2606joppavgc\n|inactive|joppavgc reconnected and has 65 seconds left.\n|player|p1|joppavgc|170|\n|inactive|joppavgc has 60 seconds left.\n|\n|t:|1773736484\n|teamsize|p1|4\n|teamsize|p2|4\n|start\n|switch|p1a: Chien-Pao|Chien-Pao, L50|100/100\n|switch|p1b: Zamazenta|Zamazenta-Crowned, L50|100/100\n|switch|p2a: Chien-Pao|Chien-Pao, L50|100/100\n|switch|p2b: Zamazenta|Zamazenta-Crowned, L50|100/100\n|-ability|p1a: Chien-Pao|Sword of Ruin\n|-ability|p2a: Chien-Pao|Sword of Ruin\n|-ability|p2b: Zamazenta|Dauntless Shield|boost\n|-boost|p2b: Zamazenta|def|1\n|-ability|p1b: Zamazenta|Dauntless Shield|boost\n|-boost|p1b: Zamazenta|def|1\n|turn|1\n|inactive|joppavgc has 30 seconds left.\n|inactive|joppavgc has 20 seconds left.\n|inactive|joppavgc has 15 seconds left.\n|\n|t:|1773736525\n|move|p1a: Chien-Pao|Icicle Crash|p2b: Zamazenta\n|-resisted|p2b: Zamazenta\n|-damage|p2b: Zamazenta|89/100\n|move|p2a: Chien-Pao|Taunt|p1b: Zamazenta\n|-start|p1b: Zamazenta|move: Taunt\n|cant|p2b: Zamazenta|flinch\n|move|p1b: Zamazenta|Body Press|p2b: Zamazenta\n|-supereffective|p2b: Zamazenta\n|-damage|p2b: Zamazenta|17/100\n|\n|upkeep\n|turn|2\n|\n|t:|1773736542\n|move|p1a: Chien-Pao|Sacred Sword|p2b: Zamazenta\n|-supereffective|p2b: Zamazenta\n|-damage|p2b: Zamazenta|0 fnt\n|faint|p2b: Zamazenta\n|move|p2a: Chien-Pao|Ruination|p1b: Zamazenta\n|-damage|p1b: Zamazenta|51/100\n|move|p1b: Zamazenta|Body Press|p2a: Chien-Pao\n|-supereffective|p2a: Chien-Pao\n|-enditem|p2a: Chien-Pao|Focus Sash\n|-damage|p2a: Chien-Pao|1/100\n|\n|upkeep\n|\n|t:|1773736553\n|switch|p2b: Calyrex|Calyrex-Shadow, L50|100/100\n|-ability|p2b: Calyrex|As One\n|-ability|p2b: Calyrex|Unnerve\n|turn|3\n|\n|t:|1773736565\n|switch|p1b: Kyogre|Kyogre, L50|100/100\n|-weather|RainDance|[from] ability: Drizzle|[of] p1b: Kyogre\n|-terastallize|p2b: Calyrex|Ghost\n|move|p2a: Chien-Pao|Sucker Punch|p1a: Chien-Pao\n|-resisted|p1a: Chien-Pao\n|-damage|p1a: Chien-Pao|77/100\n|move|p1a: Chien-Pao|Sucker Punch||[still]\n|-fail|p1a: Chien-Pao\n|move|p2b: Calyrex|Astral Barrage|p1b: Kyogre|[spread] p1a,p1b\n|-resisted|p1a: Chien-Pao\n|-damage|p1a: Chien-Pao|14/100\n|-damage|p1b: Kyogre|71/100\n|\n|-weather|RainDance|[upkeep]\n|upkeep\n|turn|4\n|\n|t:|1773736582\n|move|p2a: Chien-Pao|Sucker Punch|p1a: Chien-Pao\n|-resisted|p1a: Chien-Pao\n|-damage|p1a: Chien-Pao|0 fnt\n|faint|p1a: Chien-Pao\n|move|p2b: Calyrex|Astral Barrage|p1b: Kyogre\n|-damage|p1b: Kyogre|28/100\n|move|p1b: Kyogre|Thunder|p2b: Calyrex\n|-damage|p2b: Calyrex|54/100\n|\n|-weather|RainDance|[upkeep]\n|upkeep\n|\n|t:|1773736587\n|switch|p1a: Rillaboom|Rillaboom, L50, F|100/100\n|-fieldstart|move: Grassy Terrain|[from] ability: Grassy Surge|[of] p1a: Rillaboom\n|turn|5\n|\n|t:|1773736602\n|switch|p2a: Dragonite|Dragonite, L50, F|100/100\n|-terastallize|p1a: Rillaboom|Grass\n|move|p1a: Rillaboom|Grassy Glide|p2b: Calyrex\n|-damage|p2b: Calyrex|0 fnt\n|faint|p2b: Calyrex\n|move|p1b: Kyogre|Thunder|p2a: Dragonite\n|-crit|p2a: Dragonite\n|-damage|p2a: Dragonite|40/100\n|\n|-weather|RainDance|[upkeep]\n|-heal|p1b: Kyogre|34/100|[from] Grassy Terrain\n|upkeep\n|\n|t:|1773736613\n|switch|p2b: Chien-Pao|Chien-Pao, L50|1/100\n|-ability|p2b: Chien-Pao|Sword of Ruin\n|turn|6\n|\n|t:|1773736622\n|switch|p1b: Zamazenta|Zamazenta-Crowned, L50|51/100\n|move|p2b: Chien-Pao|Sucker Punch||[still]\n|-fail|p2b: Chien-Pao\n|move|p1a: Rillaboom|Grassy Glide|p2b: Chien-Pao\n|-damage|p2b: Chien-Pao|0 fnt\n|faint|p2b: Chien-Pao\n|move|p2a: Dragonite|Ice Spinner|p1a: Rillaboom\n|-supereffective|p1a: Rillaboom\n|-damage|p1a: Rillaboom|5/100\n|-fieldend|move: Grassy Terrain\n|\n|-weather|RainDance|[upkeep]\n|upkeep\n|turn|7\n|-message|LechonkBro forfeited.\n|\n|win|joppavgc\n|raw|joppavgc's rating: 1450 &rarr; <strong>1475</strong><br />(+25 for winning)\n|raw|LechonkBro's rating: 1540 &rarr; <strong>1515</strong><br />(-25 for losing)\n|l|\u2606LechonkBro\n|player|p2|\n|l|\u2606joppavgc\n|player|p1|\n|j|\u2606joppavgc\n|player|p1|joppavgc|170|\n|l|\u2606joppavgc\n|player|p1|\n","uploadtime":1773736637,"views":23,"formatid":"gen9vgc2026regi","rating":1475,"private":0,"password":null}