{"id":"gen9vgc2026regi-2556035260","format":"[Gen 9] VGC 2026 Reg I","players":["ArisHazard","buggybrain"],"log":"|j|\u2606ArisHazard\n|j|\u2606buggybrain\n|t:|1773162106\n|gametype|doubles\n|player|p1|ArisHazard|266|1379\n|player|p2|buggybrain|hiker-gen4|1467\n|gen|9\n|tier|[Gen 9] VGC 2026 Reg I\n|rated|\n|rule|Species Clause: Limit one of each Pok\u00e9mon\n|rule|Item Clause: Limit 1 of each item\n|clearpoke\n|poke|p1|Calyrex-Ice, L50|\n|poke|p1|Urshifu-*, L50, F|\n|poke|p1|Miraidon, L50|\n|poke|p1|Tornadus, L50, M|\n|poke|p1|Sableye, L50, M|\n|poke|p1|Ting-Lu, L50|\n|poke|p2|Rillaboom, L50, M|\n|poke|p2|Incineroar, L50, F|\n|poke|p2|Calyrex-Ice, L50|\n|poke|p2|Landorus, L50, M|\n|poke|p2|Koraidon, L50|\n|poke|p2|Smeargle, L50, M|\n|teampreview|4\n|inactive|Battle timer is ON: inactive players will automatically lose when time's up. (requested by buggybrain)\n|inactive|ArisHazard has 60 seconds left.\n|inactive|ArisHazard has 30 seconds left.\n|\n|t:|1773162195\n|teamsize|p1|4\n|teamsize|p2|4\n|start\n|switch|p1a: Calyrex|Calyrex-Ice, L50|100/100\n|switch|p1b: Urshifu|Urshifu-Rapid-Strike, L50, F|100/100\n|switch|p2a: Calyrex|Calyrex-Ice, L50|100/100\n|switch|p2b: Incineroar|Incineroar, L50, F|100/100\n|-ability|p2a: Calyrex|As One\n|-ability|p2a: Calyrex|Unnerve\n|-ability|p1a: Calyrex|As One\n|-ability|p1a: Calyrex|Unnerve\n|-ability|p2b: Incineroar|Intimidate|boost\n|-fail|p1a: Calyrex|unboost|[from] item: Clear Amulet|[of] p1a: Calyrex\n|-unboost|p1b: Urshifu|atk|1\n|turn|1\n|inactive|ArisHazard has 30 seconds left.\n|inactive|buggybrain has 30 seconds left.\n|inactive|ArisHazard has 20 seconds left.\n|inactive|ArisHazard has 15 seconds left.\n|\n|t:|1773162237\n|-terastallize|p2b: Incineroar|Water\n|move|p1a: Calyrex|Protect|p1a: Calyrex\n|-singleturn|p1a: Calyrex|Protect\n|move|p1b: Urshifu|Coaching|p1a: Calyrex\n|-boost|p1a: Calyrex|atk|1\n|-boost|p1a: Calyrex|def|1\n|move|p2b: Incineroar|Knock Off|p1a: Calyrex\n|-activate|p1a: Calyrex|move: Protect\n|move|p2a: Calyrex|Leech Seed|p1b: Urshifu\n|-start|p1b: Urshifu|move: Leech Seed\n|\n|-damage|p1b: Urshifu|88/100|[from] Leech Seed|[of] p2a: Calyrex\n|upkeep\n|turn|2\n|\n|t:|1773162254\n|-terastallize|p1a: Calyrex|Fire\n|move|p1b: Urshifu|Coaching|p1a: Calyrex\n|-boost|p1a: Calyrex|atk|1\n|-boost|p1a: Calyrex|def|1\n|move|p2b: Incineroar|Knock Off|p1a: Calyrex\n|-damage|p1a: Calyrex|88/100\n|-enditem|p1a: Calyrex|Clear Amulet|[from] move: Knock Off|[of] p2b: Incineroar\n|move|p2a: Calyrex|Leech Seed|p1a: Calyrex\n|-start|p1a: Calyrex|move: Leech Seed\n|move|p1a: Calyrex|Glacial Lance|p2a: Calyrex|[spread] p2a,p2b\n|-resisted|p2a: Calyrex\n|-resisted|p2b: Incineroar\n|-crit|p2b: Incineroar\n|-damage|p2a: Calyrex|63/100\n|-damage|p2b: Incineroar|33/100\n|\n|-heal|p2a: Calyrex|69/100|[from] item: Leftovers\n|-damage|p1b: Urshifu|76/100|[from] Leech Seed|[of] p2a: Calyrex\n|-heal|p2a: Calyrex|80/100|[silent]\n|-damage|p1a: Calyrex|76/100|[from] Leech Seed|[of] p2a: Calyrex\n|-heal|p2a: Calyrex|91/100|[silent]\n|upkeep\n|turn|3\n|inactive|buggybrain has 30 seconds left.\n|inactive|buggybrain has 20 seconds left.\n|inactive|buggybrain has 15 seconds left.\n|inactive|buggybrain has 10 seconds left.\n|\n|t:|1773162302\n|move|p1b: Urshifu|Coaching|p1a: Calyrex\n|-boost|p1a: Calyrex|atk|1\n|-boost|p1a: Calyrex|def|1\n|move|p2b: Incineroar|Knock Off|p1a: Calyrex\n|-damage|p1a: Calyrex|68/100\n|move|p2a: Calyrex|Glacial Lance|p1a: Calyrex|[spread] p1a,p1b\n|-resisted|p1a: Calyrex\n|-resisted|p1b: Urshifu\n|-damage|p1a: Calyrex|62/100\n|-damage|p1b: Urshifu|53/100\n|move|p1a: Calyrex|Glacial Lance|p2b: Incineroar|[spread] p2a,p2b\n|-resisted|p2a: Calyrex\n|-resisted|p2b: Incineroar\n|-damage|p2a: Calyrex|43/100\n|-damage|p2b: Incineroar|0 fnt\n|faint|p2b: Incineroar\n|-ability|p1a: Calyrex|Chilling Neigh|boost\n|-boost|p1a: Calyrex|atk|1\n|\n|-heal|p2a: Calyrex|49/100|[from] item: Leftovers\n|-damage|p1b: Urshifu|40/100|[from] Leech Seed|[of] p2a: Calyrex\n|-heal|p2a: Calyrex|60/100|[silent]\n|-damage|p1a: Calyrex|49/100|[from] Leech Seed|[of] p2a: Calyrex\n|-heal|p2a: Calyrex|72/100|[silent]\n|upkeep\n|\n|t:|1773162323\n|switch|p2b: Rillaboom|Rillaboom, L50, M|100/100\n|-fieldstart|move: Grassy Terrain|[from] ability: Grassy Surge|[of] p2b: Rillaboom\n|turn|4\n|\n|t:|1773162331\n|switch|p1b: Sableye|Sableye, L50, M|100/100\n|move|p1a: Calyrex|Protect|p1a: Calyrex\n|-singleturn|p1a: Calyrex|Protect\n|move|p2b: Rillaboom|Fake Out|p1a: Calyrex\n|-activate|p1a: Calyrex|move: Protect\n|move|p2a: Calyrex|Glacial Lance|p1a: Calyrex|[spread] p1b\n|-activate|p1a: Calyrex|move: Protect\n|-damage|p1b: Sableye|39/100\n|\n|-heal|p2a: Calyrex|78/100|[from] Grassy Terrain\n|-heal|p2a: Calyrex|84/100|[from] item: Leftovers\n|-heal|p1b: Sableye|44/100|[from] Grassy Terrain\n|-heal|p1a: Calyrex|55/100|[from] Grassy Terrain\n|-damage|p1a: Calyrex|43/100|[from] Leech Seed|[of] p2a: Calyrex\n|-heal|p2a: Calyrex|95/100|[silent]\n|upkeep\n|turn|5\n|inactive|buggybrain has 30 seconds left.\n|inactive|buggybrain has 20 seconds left.\n|\n|t:|1773162367\n|move|p1b: Sableye|Disable|p2a: Calyrex\n|-start|p2a: Calyrex|Disable|Glacial Lance\n|move|p2b: Rillaboom|Wood Hammer|p1a: Calyrex\n|-resisted|p1a: Calyrex\n|-damage|p1a: Calyrex|33/100\n|-damage|p2b: Rillaboom|97/100|[from] Recoil\n|cant|p2a: Calyrex|Disable|Glacial Lance\n|move|p1a: Calyrex|Glacial Lance|p2a: Calyrex|[spread] p2a,p2b\n|-resisted|p2a: Calyrex\n|-supereffective|p2b: Rillaboom\n|-damage|p2a: Calyrex|43/100\n|-damage|p2b: Rillaboom|0 fnt\n|faint|p2b: Rillaboom\n|-ability|p1a: Calyrex|Chilling Neigh|boost\n|-boost|p1a: Calyrex|atk|1\n|\n|-heal|p2a: Calyrex|49/100|[from] Grassy Terrain\n|-heal|p2a: Calyrex|55/100|[from] item: Leftovers\n|-heal|p1b: Sableye|50/100|[from] Grassy Terrain\n|-heal|p1a: Calyrex|39/100|[from] Grassy Terrain\n|-damage|p1a: Calyrex|26/100|[from] Leech Seed|[of] p2a: Calyrex\n|-heal|p2a: Calyrex|66/100|[silent]\n|upkeep\n|\n|t:|1773162370\n|switch|p2b: Koraidon|Koraidon, L50|100/100\n|-weather|SunnyDay|[from] ability: Orichalcum Pulse|[of] p2b: Koraidon\n|-activate|p2b: Koraidon|Orichalcum Pulse|[source]\n|turn|6\n|\n|t:|1773162393\n|move|p2b: Koraidon|Protect|p2b: Koraidon\n|-singleturn|p2b: Koraidon|Protect\n|move|p1b: Sableye|Encore|p2a: Calyrex\n|-start|p2a: Calyrex|Encore\n|cant|p2a: Calyrex|Disable|Glacial Lance\n|move|p1a: Calyrex|Glacial Lance|p2b: Koraidon|[spread] p2a\n|-activate|p2b: Koraidon|move: Protect\n|-resisted|p2a: Calyrex\n|-damage|p2a: Calyrex|10/100\n|\n|-weather|SunnyDay|[upkeep]\n|-heal|p2a: Calyrex|15/100|[from] Grassy Terrain\n|-heal|p2a: Calyrex|21/100|[from] item: Leftovers\n|-heal|p1b: Sableye|56/100|[from] Grassy Terrain\n|-heal|p1a: Calyrex|33/100|[from] Grassy Terrain\n|-damage|p1a: Calyrex|20/100|[from] Leech Seed|[of] p2a: Calyrex\n|-heal|p2a: Calyrex|33/100|[silent]\n|upkeep\n|turn|7\n|c|\u2606ArisHazard|Gg\n|\n|t:|1773162416\n|move|p2b: Koraidon|Protect||[still]\n|-fail|p2b: Koraidon\n|move|p1b: Sableye|Encore|p2b: Koraidon\n|-start|p2b: Koraidon|Encore\n|-activate|p2a: Calyrex|move: Struggle\n|move|p2a: Calyrex|Struggle|p1a: Calyrex\n|-damage|p1a: Calyrex|14/100\n|-damage|p2a: Calyrex|8/100|[from] recoil\n|move|p1a: Calyrex|Glacial Lance|p2b: Koraidon|[spread] p2a,p2b\n|-resisted|p2a: Calyrex\n|-crit|p2a: Calyrex\n|-supereffective|p2b: Koraidon\n|-damage|p2a: Calyrex|0 fnt\n|-damage|p2b: Koraidon|0 fnt\n|faint|p2a: Calyrex\n|faint|p2b: Koraidon\n|\n|win|ArisHazard\n|raw|ArisHazard's rating: 1379 &rarr; <strong>1404</strong><br />(+25 for winning)\n|raw|buggybrain's rating: 1467 &rarr; <strong>1442</strong><br />(-25 for losing)\n|l|\u2606buggybrain\n|player|p2|\n|l|\u2606ArisHazard\n|player|p1|\n","uploadtime":1773162566,"views":16,"formatid":"gen9vgc2026regi","rating":1404,"private":0,"password":null}