{"id":"gen9vgc2026regi-2545101476","format":"[Gen 9] VGC 2026 Reg I","players":["520zhb","501JFW"],"log":"|j|\u2606520zhb\n|j|\u2606501JFW\n|t:|1771799814\n|gametype|doubles\n|player|p1|520zhb|1|1407\n|player|p2|501JFW|170|1570\n|gen|9\n|tier|[Gen 9] VGC 2026 Reg I\n|rated|\n|rule|Species Clause: Limit one of each Pok\u00e9mon\n|rule|Item Clause: Limit 1 of each item\n|clearpoke\n|poke|p1|Lunala, L50|\n|poke|p1|Ho-Oh, L50|\n|poke|p1|Glimmora, L50, M|\n|poke|p1|Ogerpon-Wellspring, L50, F|\n|poke|p1|Incineroar, L50, F|\n|poke|p1|Grimmsnarl, L50, M|\n|poke|p2|Kyogre, L50|\n|poke|p2|Calyrex-Ice, L50|\n|poke|p2|Amoonguss, L50, F|\n|poke|p2|Iron Jugulis, L50|\n|poke|p2|Urshifu-*, L50, F|\n|poke|p2|Indeedee-F, L50, F|\n|teampreview|4\n|inactive|Battle timer is ON: inactive players will automatically lose when time's up. (requested by 520zhb)\n|inactive|520zhb has 60 seconds left.\n|inactive|501JFW has 60 seconds left.\n|\n|t:|1771799855\n|teamsize|p1|4\n|teamsize|p2|4\n|start\n|switch|p1a: Glimmora|Glimmora, L50, M|100/100\n|switch|p1b: Grimmsnarl|Grimmsnarl, L50, M|100/100\n|switch|p2a: Urshifu|Urshifu-Rapid-Strike, L50, F|100/100\n|switch|p2b: Kyogre|Kyogre, L50, shiny|100/100\n|-weather|RainDance|[from] ability: Drizzle|[of] p2b: Kyogre\n|turn|1\n|\n|t:|1771799873\n|switch|p1b: Ogerpon|Ogerpon-Wellspring, L50, F|100/100\n|-terastallize|p1a: Glimmora|Grass\n|move|p2a: Urshifu|Surging Strikes|p1b: Ogerpon\n|-immune|p1b: Ogerpon|[from] ability: Water Absorb\n|move|p2b: Kyogre|Water Spout|p1b: Ogerpon|[spread] p1a\n|-immune|p1b: Ogerpon|[from] ability: Water Absorb\n|-resisted|p1a: Glimmora\n|-damage|p1a: Glimmora|44/100\n|move|p1a: Glimmora|Mortal Spin|p2a: Urshifu|[spread] p2a,p2b\n|-damage|p2a: Urshifu|96/100\n|-damage|p2b: Kyogre|96/100\n|-status|p2a: Urshifu|psn\n|-status|p2b: Kyogre|psn\n|\n|-weather|RainDance|[upkeep]\n|-damage|p2a: Urshifu|84/100 psn|[from] psn\n|-damage|p2b: Kyogre|84/100 psn|[from] psn\n|upkeep\n|turn|2\n|\n|t:|1771799896\n|switch|p2b: Calyrex|Calyrex-Ice, L50|100/100\n|-ability|p2b: Calyrex|As One\n|-ability|p2b: Calyrex|Unnerve\n|move|p1b: Ogerpon|Horn Leech|p2b: Calyrex\n|-damage|p2b: Calyrex|77/100\n|move|p2a: Urshifu|Surging Strikes|p1a: Glimmora\n|-resisted|p1a: Glimmora\n|-crit|p1a: Glimmora\n|-damage|p1a: Glimmora|25/100\n|-activate|p1a: Glimmora|ability: Toxic Debris\n|-sidestart|p2: 501JFW|move: Toxic Spikes\n|-resisted|p1a: Glimmora\n|-crit|p1a: Glimmora\n|-damage|p1a: Glimmora|6/100\n|-activate|p1a: Glimmora|ability: Toxic Debris\n|-sidestart|p2: 501JFW|move: Toxic Spikes\n|-resisted|p1a: Glimmora\n|-crit|p1a: Glimmora\n|-damage|p1a: Glimmora|0 fnt\n|faint|p1a: Glimmora\n|-hitcount|p1: Glimmora|3\n|\n|-weather|RainDance|[upkeep]\n|-damage|p2a: Urshifu|72/100 psn|[from] psn\n|upkeep\n|\n|t:|1771799919\n|switch|p1a: Lunala|Lunala, L50|100/100\n|turn|3\n|\n|t:|1771799939\n|switch|p2a: Amoonguss|Amoonguss, L50, F, shiny|100/100\n|-sideend|p2: 501JFW|move: Toxic Spikes|[of] p2a: Amoonguss\n|-terastallize|p2b: Calyrex|Grass\n|move|p1a: Lunala|Wide Guard|p1a: Lunala\n|-singleturn|p1a: Lunala|Wide Guard\n|move|p1b: Ogerpon|Ivy Cudgel|p2b: Calyrex|[anim] Ivy Cudgel Water\n|-resisted|p2b: Calyrex\n|-damage|p2b: Calyrex|57/100\n|move|p2b: Calyrex|Trick Room|p2b: Calyrex\n|-fieldstart|move: Trick Room|[of] p2b: Calyrex\n|\n|-weather|RainDance|[upkeep]\n|upkeep\n|turn|4\n|inactive|520zhb has 30 seconds left.\n|inactive|501JFW has 30 seconds left.\n|inactive|520zhb has 20 seconds left.\n|\n|t:|1771799979\n|move|p1a: Lunala|Wide Guard|p1a: Lunala\n|-singleturn|p1a: Lunala|Wide Guard\n|move|p2a: Amoonguss|Pollen Puff|p2b: Calyrex\n|-heal|p2b: Calyrex|100/100\n|move|p2b: Calyrex|Glacial Lance|p1b: Ogerpon|[spread] \n|-activate|p1a: Lunala|move: Wide Guard\n|-activate|p1b: Ogerpon|move: Wide Guard\n|move|p1b: Ogerpon|Ivy Cudgel|p2b: Calyrex|[anim] Ivy Cudgel Water\n|-resisted|p2b: Calyrex\n|-damage|p2b: Calyrex|80/100\n|\n|-weather|RainDance|[upkeep]\n|upkeep\n|turn|5\n|-message|520zhb forfeited.\n|\n|win|501JFW\n|raw|520zhb's rating: 1407 &rarr; <strong>1396</strong><br />(-11 for losing)\n|raw|501JFW's rating: 1570 &rarr; <strong>1581</strong><br />(+11 for winning)\n|l|\u2606520zhb\n|player|p1|\n|l|\u2606501JFW\n|player|p2|\n","uploadtime":1771800218,"views":13,"formatid":"gen9vgc2026regi","rating":1396,"private":0,"password":null}