{"id":"gen9vgc2026regi-2564919370","format":"[Gen 9] VGC 2026 Reg I","players":["Jonen","j0l0k0"],"log":"|j|\u2606Jonen\n|j|\u2606j0l0k0\n|t:|1774210486\n|gametype|doubles\n|player|p1|Jonen|hiker-gen4|1470\n|player|p2|j0l0k0|brycen|1461\n|gen|9\n|tier|[Gen 9] VGC 2026 Reg I\n|rated|\n|rule|Species Clause: Limit one of each Pok\u00e9mon\n|rule|Item Clause: Limit 1 of each item\n|clearpoke\n|poke|p1|Groudon, L50|\n|poke|p1|Lunala, L50|\n|poke|p1|Sableye, L50, M|\n|poke|p1|Chi-Yu, L50|\n|poke|p1|Rillaboom, L50, M|\n|poke|p1|Jumpluff, L50, M|\n|poke|p2|Calyrex-Ice, L50|\n|poke|p2|Kyogre, L50|\n|poke|p2|Indeedee-F, L50, F|\n|poke|p2|Urshifu-*, L50, F|\n|poke|p2|Amoonguss, L50, F|\n|poke|p2|Landorus, L50, M|\n|teampreview|4\n|inactive|Battle timer is ON: inactive players will automatically lose when time's up. (requested by j0l0k0)\n|\n|t:|1774210509\n|teamsize|p1|4\n|teamsize|p2|4\n|start\n|switch|p1a: Lunala|Lunala, L50|100/100\n|switch|p1b: Sableye|Sableye, L50, M|100/100\n|switch|p2a: Urshifu|Urshifu, L50, F|100/100\n|switch|p2b: Indeedee|Indeedee-F, L50, F, shiny|100/100\n|-fieldstart|move: Psychic Terrain|[from] ability: Psychic Surge|[of] p2b: Indeedee\n|turn|1\n|inactive|Jonen has 30 seconds left.\n|\n|t:|1774210536\n|-terastallize|p1a: Lunala|Fairy\n|move|p2b: Indeedee|Follow Me|p2b: Indeedee\n|-singleturn|p2b: Indeedee|move: Follow Me\n|move|p1b: Sableye|Gravity|p1b: Sableye\n|-fieldstart|move: Gravity\n|move|p1a: Lunala|Hypnosis|p2b: Indeedee\n|-status|p2b: Indeedee|slp|[from] move: Hypnosis\n|move|p2a: Urshifu|Wicked Blow|p1b: Sableye\n|-crit|p1b: Sableye\n|-damage|p1b: Sableye|39/100\n|\n|upkeep\n|turn|2\n|\n|t:|1774210552\n|cant|p2b: Indeedee|slp\n|move|p1a: Lunala|Hypnosis|p2a: Urshifu\n|-status|p2a: Urshifu|slp|[from] move: Hypnosis\n|cant|p2a: Urshifu|slp\n|move|p1b: Sableye|Foul Play|p2a: Urshifu\n|-resisted|p2a: Urshifu\n|-damage|p2a: Urshifu|87/100 slp\n|\n|upkeep\n|turn|3\n|\n|t:|1774210565\n|switch|p1b: Groudon|Groudon, L50|100/100\n|-weather|SunnyDay|[from] ability: Drought|[of] p1b: Groudon\n|move|p1a: Lunala|Meteor Beam||[still]\n|-prepare|p1a: Lunala|Meteor Beam\n|-boost|p1a: Lunala|spa|1\n|-enditem|p1a: Lunala|Power Herb\n|-anim|p1a: Lunala|Meteor Beam|p2b: Indeedee\n|-damage|p2b: Indeedee|44/100 slp\n|-curestatus|p2a: Urshifu|slp|[msg]\n|move|p2a: Urshifu|Poison Jab|p1a: Lunala\n|-supereffective|p1a: Lunala\n|-damage|p1a: Lunala|74/100\n|-status|p1a: Lunala|psn\n|-curestatus|p2b: Indeedee|slp|[msg]\n|move|p2b: Indeedee|Trick Room|p2b: Indeedee\n|-fieldstart|move: Trick Room|[of] p2b: Indeedee\n|\n|-weather|SunnyDay|[upkeep]\n|-damage|p1a: Lunala|61/100 psn|[from] psn\n|upkeep\n|turn|4\n|\n|t:|1774210585\n|move|p2b: Indeedee|Helping Hand|p2a: Urshifu\n|-singleturn|p2a: Urshifu|Helping Hand|[of] p2b: Indeedee\n|move|p1a: Lunala|Protect|p1a: Lunala\n|-singleturn|p1a: Lunala|Protect\n|move|p1b: Groudon|Precipice Blades|p2a: Urshifu|[spread] p2a,p2b\n|-damage|p2a: Urshifu|11/100\n|-damage|p2b: Indeedee|0 fnt\n|faint|p2b: Indeedee\n|-damage|p1b: Groudon|91/100|[from] item: Life Orb\n|move|p2a: Urshifu|Poison Jab|p1a: Lunala\n|-supereffective|p1a: Lunala\n|-crit|p1a: Lunala\n|-damage|p1a: Lunala|0 fnt\n|faint|p1a: Lunala\n|\n|-weather|SunnyDay|[upkeep]\n|upkeep\n|\n|t:|1774210605\n|switch|p2b: Calyrex|Calyrex-Ice, L50|100/100\n|switch|p1a: Rillaboom|Rillaboom, L50, M|100/100\n|-ability|p2b: Calyrex|As One\n|-ability|p2b: Calyrex|Unnerve\n|-fieldstart|move: Grassy Terrain|[from] ability: Grassy Surge|[of] p1a: Rillaboom\n|turn|5\n|\n|t:|1774210612\n|move|p2a: Urshifu|Protect|p2a: Urshifu\n|-singleturn|p2a: Urshifu|Protect\n|move|p1a: Rillaboom|Fake Out|p2b: Calyrex\n|-damage|p2b: Calyrex|92/100\n|cant|p2b: Calyrex|flinch\n|move|p1b: Groudon|Substitute|p1b: Groudon\n|-start|p1b: Groudon|Substitute\n|-damage|p1b: Groudon|66/100\n|\n|-weather|SunnyDay|[upkeep]\n|-heal|p2b: Calyrex|98/100|[from] Grassy Terrain\n|-heal|p1b: Groudon|72/100|[from] Grassy Terrain\n|-heal|p2a: Urshifu|16/100|[from] Grassy Terrain\n|-fieldend|move: Gravity\n|upkeep\n|turn|6\n|inactive|Jonen has 30 seconds left.\n|\n|t:|1774210645\n|move|p2a: Urshifu|Protect||[still]\n|-fail|p2a: Urshifu\n|move|p1a: Rillaboom|Grassy Glide|p2a: Urshifu\n|-damage|p2a: Urshifu|0 fnt\n|faint|p2a: Urshifu\n|move|p2b: Calyrex|Glacial Lance|p1a: Rillaboom|[spread] p1a,p1b\n|-supereffective|p1b: Groudon\n|-end|p1b: Groudon|Substitute\n|-supereffective|p1a: Rillaboom\n|-crit|p1a: Rillaboom\n|-damage|p1a: Rillaboom|0 fnt\n|faint|p1a: Rillaboom\n|-ability|p2b: Calyrex|Chilling Neigh|boost\n|-boost|p2b: Calyrex|atk|1\n|move|p1b: Groudon|Precipice Blades|p2b: Calyrex\n|-damage|p2b: Calyrex|42/100\n|-damage|p1b: Groudon|62/100|[from] item: Life Orb\n|\n|-weather|SunnyDay|[upkeep]\n|-heal|p2b: Calyrex|47/100|[from] Grassy Terrain\n|-heal|p1b: Groudon|68/100|[from] Grassy Terrain\n|upkeep\n|\n|t:|1774210655\n|switch|p1a: Sableye|Sableye, L50, M|39/100\n|switch|p2a: Kyogre|Kyogre, L50, shiny|100/100\n|-weather|RainDance|[from] ability: Drizzle|[of] p2a: Kyogre\n|turn|7\n|inactive|Jonen has 30 seconds left.\n|inactive|Jonen has 20 seconds left.\n|inactive|Jonen has 15 seconds left.\n|inactive|Jonen has 10 seconds left.\n|\n|t:|1774210700\n|move|p1b: Groudon|Protect|p1b: Groudon\n|-singleturn|p1b: Groudon|Protect\n|move|p1a: Sableye|Disable|p2b: Calyrex\n|-start|p2b: Calyrex|Disable|Glacial Lance\n|cant|p2b: Calyrex|Disable|Glacial Lance\n|move|p2a: Kyogre|Water Spout|p1a: Sableye|[spread] p1a\n|-activate|p1b: Groudon|move: Protect\n|-damage|p1a: Sableye|0 fnt\n|faint|p1a: Sableye\n|\n|-weather|RainDance|[upkeep]\n|-heal|p2b: Calyrex|53/100|[from] Grassy Terrain\n|-heal|p1b: Groudon|74/100|[from] Grassy Terrain\n|-fieldend|move: Trick Room\n|upkeep\n|turn|8\n|c|\u2606Jonen|gg\n|\n|t:|1774210720\n|-terastallize|p2a: Kyogre|Grass\n|move|p1b: Groudon|Precipice Blades|p2a: Kyogre|[spread] p2a\n|-miss|p1b: Groudon|p2b: Calyrex\n|-resisted|p2a: Kyogre\n|-crit|p2a: Kyogre\n|-damage|p2a: Kyogre|50/100\n|-damage|p1b: Groudon|64/100|[from] item: Life Orb\n|move|p2a: Kyogre|Hydro Pump|p1b: Groudon\n|-supereffective|p1b: Groudon\n|-damage|p1b: Groudon|0 fnt\n|faint|p1b: Groudon\n|\n|win|j0l0k0\n|raw|Jonen's rating: 1470 &rarr; <strong>1449</strong><br />(-21 for losing)\n|raw|j0l0k0's rating: 1461 &rarr; <strong>1482</strong><br />(+21 for winning)\n|l|\u2606j0l0k0\n|player|p2|\n|l|\u2606Jonen\n|player|p1|\n","uploadtime":1774210721,"views":14,"formatid":"gen9vgc2026regi","rating":1449,"private":0,"password":null}