{"id":"gen9vgc2026regi-2554558180","format":"[Gen 9] VGC 2026 Reg I","players":["xiaoliyunVGC","offmetauser4life"],"log":"|j|\u2606xiaoliyunVGC\n|j|\u2606offmetauser4life\n|t:|1772986882\n|gametype|doubles\n|player|p1|xiaoliyunVGC|liko|1449\n|player|p2|offmetauser4life|266|1361\n|gen|9\n|tier|[Gen 9] VGC 2026 Reg I\n|rated|\n|rule|Species Clause: Limit one of each Pok\u00e9mon\n|rule|Item Clause: Limit 1 of each item\n|clearpoke\n|poke|p1|Zamazenta-*, L50|\n|poke|p1|Kyogre, L50|\n|poke|p1|Raichu, L50, M|\n|poke|p1|Flutter Mane, L50|\n|poke|p1|Tornadus, L50, M|\n|poke|p1|Urshifu-*, L50, M|\n|poke|p2|Eternatus, L50|\n|poke|p2|Glimmora, L50, M|\n|poke|p2|Ting-Lu, L50|\n|poke|p2|Lunala, L50|\n|poke|p2|Ogerpon-Wellspring, L50, F|\n|poke|p2|Amoonguss, L50, F|\n|teampreview|4\n|inactive|Battle timer is ON: inactive players will automatically lose when time's up. (requested by xiaoliyunVGC)\n|\n|t:|1772986906\n|teamsize|p1|4\n|teamsize|p2|4\n|start\n|switch|p1a: Zamazenta|Zamazenta-Crowned, L50, shiny|100/100\n|switch|p1b: Flutter Mane|Flutter Mane, L50, shiny|100/100\n|switch|p2a: Lunala|Lunala, L50, shiny|100/100\n|switch|p2b: Eternatus|Eternatus, L50|100/100\n|-ability|p2b: Eternatus|Pressure\n|-ability|p1a: Zamazenta|Dauntless Shield|boost\n|-boost|p1a: Zamazenta|def|1\n|-enditem|p1b: Flutter Mane|Booster Energy\n|-activate|p1b: Flutter Mane|ability: Protosynthesis|[fromitem]\n|-start|p1b: Flutter Mane|protosynthesisspe\n|turn|1\n|\n|t:|1772986916\n|-terastallize|p1b: Flutter Mane|Normal\n|-terastallize|p2b: Eternatus|Fairy\n|move|p1b: Flutter Mane|Taunt|p2b: Eternatus\n|-start|p2b: Eternatus|move: Taunt\n|cant|p2b: Eternatus|move: Taunt|Cosmic Power\n|move|p1a: Zamazenta|Behemoth Bash|p2a: Lunala\n|-damage|p2a: Lunala|86/100\n|move|p2a: Lunala|Will-O-Wisp|p1a: Zamazenta\n|-status|p1a: Zamazenta|brn\n|\n|-heal|p2a: Lunala|92/100|[from] item: Leftovers\n|-damage|p1a: Zamazenta|94/100 brn|[from] brn\n|upkeep\n|turn|2\n|j| Caiya\n|inactive|xiaoliyunVGC has 30 seconds left.\n|inactive|offmetauser4life has 30 seconds left.\n|\n|t:|1772986946\n|switch|p2b: Amoonguss|Amoonguss, L50, F, shiny|100/100\n|switch|p1a: Kyogre|Kyogre, L50, shiny|100/100\n|-weather|RainDance|[from] ability: Drizzle|[of] p1a: Kyogre\n|move|p1b: Flutter Mane|Taunt|p2a: Lunala\n|-start|p2a: Lunala|move: Taunt\n|move|p2a: Lunala|Moonblast|p1b: Flutter Mane\n|-damage|p1b: Flutter Mane|66/100\n|\n|-weather|RainDance|[upkeep]\n|-heal|p2a: Lunala|98/100|[from] item: Leftovers\n|upkeep\n|turn|3\n|\n|t:|1772986961\n|switch|p2a: Ogerpon|Ogerpon-Wellspring, L50, F|100/100\n|move|p1b: Flutter Mane|Taunt|p2b: Amoonguss\n|-start|p2b: Amoonguss|move: Taunt\n|move|p1a: Kyogre|Water Spout|p2a: Ogerpon|[spread] p2b\n|-immune|p2a: Ogerpon|[from] ability: Water Absorb\n|-resisted|p2b: Amoonguss\n|-damage|p2b: Amoonguss|56/100\n|cant|p2b: Amoonguss|move: Taunt|Spore\n|\n|-weather|RainDance|[upkeep]\n|upkeep\n|turn|4\n|\n|t:|1772986975\n|switch|p1a: Zamazenta|Zamazenta-Crowned, L50, shiny|94/100 brn\n|move|p1b: Flutter Mane|Protect|p1b: Flutter Mane\n|-singleturn|p1b: Flutter Mane|Protect\n|move|p2a: Ogerpon|Leech Seed|p1a: Zamazenta\n|-start|p1a: Zamazenta|move: Leech Seed\n|move|p2b: Amoonguss|Pollen Puff|p1b: Flutter Mane\n|-activate|p1b: Flutter Mane|move: Protect\n|\n|-weather|RainDance|[upkeep]\n|-damage|p1a: Zamazenta|82/100 brn|[from] Leech Seed|[of] p2a: Ogerpon\n|-damage|p1a: Zamazenta|76/100 brn|[from] brn\n|upkeep\n|turn|5\n|\n|t:|1772986998\n|switch|p1a: Urshifu|Urshifu, L50, M|100/100\n|move|p1b: Flutter Mane|Icy Wind|p2a: Ogerpon|[spread] p2a,p2b\n|-supereffective|p2b: Amoonguss\n|-damage|p2a: Ogerpon|86/100\n|-damage|p2b: Amoonguss|30/100\n|-unboost|p2a: Ogerpon|spe|1\n|-unboost|p2b: Amoonguss|spe|1\n|move|p2a: Ogerpon|Ivy Cudgel|p1b: Flutter Mane|[anim] Ivy Cudgel Water\n|-damage|p1b: Flutter Mane|0 fnt\n|faint|p1b: Flutter Mane\n|-end|p1b: Flutter Mane|Protosynthesis|[silent]\n|move|p2b: Amoonguss|Pollen Puff|p2a: Ogerpon\n|-heal|p2a: Ogerpon|100/100\n|\n|-weather|RainDance|[upkeep]\n|-end|p2b: Amoonguss|move: Taunt\n|upkeep\n|\n|t:|1772987015\n|switch|p1b: Zamazenta|Zamazenta-Crowned, L50, shiny|76/100 brn\n|turn|6\n|\n|t:|1772987043\n|switch|p1b: Kyogre|Kyogre, L50, shiny|100/100\n|move|p1a: Urshifu|Wicked Blow|p2a: Ogerpon\n|-crit|p2a: Ogerpon\n|-damage|p2a: Ogerpon|14/100\n|move|p2a: Ogerpon|Ivy Cudgel|p1a: Urshifu|[anim] Ivy Cudgel Water\n|-damage|p1a: Urshifu|33/100\n|move|p2b: Amoonguss|Spore|p1a: Urshifu\n|-status|p1a: Urshifu|slp|[from] move: Spore\n|\n|-weather|none\n|upkeep\n|turn|7\n|\n|t:|1772987063\n|switch|p2b: Lunala|Lunala, L50, shiny|98/100\n|move|p2a: Ogerpon|Spiky Shield|p2a: Ogerpon\n|-singleturn|p2a: Ogerpon|move: Protect\n|move|p1b: Kyogre|Ice Beam|p2a: Ogerpon\n|-activate|p2a: Ogerpon|move: Protect\n|cant|p1a: Urshifu|slp\n|\n|-heal|p2b: Lunala|100/100|[from] item: Leftovers\n|upkeep\n|turn|8\n|\n|t:|1772987080\n|move|p2a: Ogerpon|Follow Me|p2a: Ogerpon\n|-singleturn|p2a: Ogerpon|move: Follow Me\n|move|p1b: Kyogre|Ice Beam|p2a: Ogerpon\n|-damage|p2a: Ogerpon|0 fnt\n|faint|p2a: Ogerpon\n|cant|p1a: Urshifu|slp\n|move|p2b: Lunala|Moonblast|p1a: Urshifu\n|-supereffective|p1a: Urshifu\n|-damage|p1a: Urshifu|0 fnt\n|faint|p1a: Urshifu\n|\n|upkeep\n|\n|t:|1772987089\n|switch|p1a: Zamazenta|Zamazenta-Crowned, L50, shiny|76/100 brn\n|switch|p2a: Eternatus|Eternatus, L50, tera:Fairy|100/100\n|-ability|p2a: Eternatus|Pressure\n|turn|9\n|-message|xiaoliyunVGC forfeited.\n|\n|win|offmetauser4life\n|raw|xiaoliyunVGC's rating: 1449 &rarr; <strong>1424</strong><br />(-25 for losing)\n|raw|offmetauser4life's rating: 1361 &rarr; <strong>1386</strong><br />(+25 for winning)\n|l|\u2606xiaoliyunVGC\n|player|p1|\n|l|\u2606offmetauser4life\n|player|p2|\n|l| Caiya\n","uploadtime":1772987293,"views":14,"formatid":"gen9vgc2026regi","rating":1386,"private":0,"password":null}