{"id":"gen9vgc2026regi-2561757421","format":"[Gen 9] VGC 2026 Reg I","players":["DoooofyRoooofy","Jonen"],"log":"|j|\u2606DoooofyRoooofy\n|j|\u2606Jonen\n|t:|1773840775\n|gametype|doubles\n|player|p1|DoooofyRoooofy|harlequin|1225\n|player|p2|Jonen|hiker-gen4|1300\n|gen|9\n|tier|[Gen 9] VGC 2026 Reg I\n|rated|\n|rule|Species Clause: Limit one of each Pok\u00e9mon\n|rule|Item Clause: Limit 1 of each item\n|clearpoke\n|poke|p1|Necrozma-Dusk-Mane, L50|\n|poke|p1|Eternatus, L50|\n|poke|p1|Grimmsnarl, L50, M|\n|poke|p1|Ogerpon, L50, F|\n|poke|p1|Regieleki, L50|\n|poke|p1|Primarina, L50, F|\n|poke|p2|Groudon, L50|\n|poke|p2|Lunala, L50|\n|poke|p2|Sableye, L50, M|\n|poke|p2|Chi-Yu, L50|\n|poke|p2|Rillaboom, L50, M|\n|poke|p2|Jumpluff, L50, M|\n|teampreview|4\n|inactive|Battle timer is ON: inactive players will automatically lose when time's up. (requested by DoooofyRoooofy)\n|\n|t:|1773840820\n|teamsize|p1|4\n|teamsize|p2|4\n|start\n|switch|p1a: Grimmsnarl|Grimmsnarl, L50, M|100/100\n|switch|p1b: Ogerpon|Ogerpon, L50, F|100/100\n|switch|p2a: Groudon|Groudon, L50|100/100\n|switch|p2b: Sableye|Sableye, L50, M|100/100\n|-weather|SunnyDay|[from] ability: Drought|[of] p2a: Groudon\n|turn|1\n|\n|t:|1773840849\n|-terastallize|p2a: Groudon|Fire\n|move|p1a: Grimmsnarl|Reflect|p1a: Grimmsnarl\n|-sidestart|p1: DoooofyRoooofy|Reflect\n|move|p2b: Sableye|Gravity|p2b: Sableye\n|-fieldstart|move: Gravity\n|move|p1b: Ogerpon|Ivy Cudgel|p2b: Sableye\n|-damage|p2b: Sableye|34/100\n|-damage|p1b: Ogerpon|91/100|[from] item: Life Orb\n|move|p2a: Groudon|Precipice Blades|p1b: Ogerpon|[spread] p1a,p1b\n|-resisted|p1b: Ogerpon\n|-damage|p1a: Grimmsnarl|37/100\n|-damage|p1b: Ogerpon|59/100\n|-damage|p2a: Groudon|91/100|[from] item: Life Orb\n|\n|-weather|SunnyDay|[upkeep]\n|upkeep\n|turn|2\n|inactive|DoooofyRoooofy has 30 seconds left.\n|\n|t:|1773840875\n|move|p1a: Grimmsnarl|Light Screen|p1a: Grimmsnarl\n|-sidestart|p1: DoooofyRoooofy|move: Light Screen\n|move|p2b: Sableye|Disable|p1b: Ogerpon\n|-start|p1b: Ogerpon|Disable|Ivy Cudgel\n|cant|p1b: Ogerpon|Disable|Ivy Cudgel\n|move|p2a: Groudon|Precipice Blades|p1b: Ogerpon|[spread] p1a,p1b\n|-resisted|p1b: Ogerpon\n|-damage|p1a: Grimmsnarl|0 fnt\n|-damage|p1b: Ogerpon|26/100\n|faint|p1a: Grimmsnarl\n|-damage|p2a: Groudon|81/100|[from] item: Life Orb\n|\n|-weather|SunnyDay|[upkeep]\n|upkeep\n|\n|t:|1773840888\n|switch|p1a: Primarina|Primarina, L50, F|100/100\n|turn|3\n|\n|t:|1773840908\n|switch|p2b: Lunala|Lunala, L50|100/100\n|move|p1b: Ogerpon|Knock Off|p2a: Groudon\n|-damage|p2a: Groudon|48/100\n|-enditem|p2a: Groudon|Life Orb|[from] move: Knock Off|[of] p1b: Ogerpon\n|-damage|p1b: Ogerpon|16/100|[from] item: Life Orb\n|move|p2a: Groudon|Precipice Blades|p1a: Primarina|[spread] p1a,p1b\n|-resisted|p1b: Ogerpon\n|-damage|p1a: Primarina|56/100\n|-damage|p1b: Ogerpon|0 fnt\n|faint|p1b: Ogerpon\n|move|p1a: Primarina|Hyper Voice|p2a: Groudon|[spread] p2a,p2b\n|-supereffective|p2a: Groudon\n|-damage|p2a: Groudon|10/100\n|-damage|p2b: Lunala|93/100\n|-enditem|p1a: Primarina|Throat Spray\n|-boost|p1a: Primarina|spa|1|[from] item: Throat Spray\n|\n|-weather|SunnyDay|[upkeep]\n|upkeep\n|\n|t:|1773840918\n|switch|p1b: Necrozma|Necrozma-Dusk-Mane, L50|100/100\n|turn|4\n|\n|t:|1773840939\n|move|p2b: Lunala|Protect|p2b: Lunala\n|-singleturn|p2b: Lunala|Protect\n|move|p2a: Groudon|High Horsepower|p1b: Necrozma\n|-supereffective|p1b: Necrozma\n|-damage|p1b: Necrozma|59/100\n|move|p1b: Necrozma|Sunsteel Strike|p2a: Groudon\n|-resisted|p2a: Groudon\n|-damage|p2a: Groudon|0 fnt\n|faint|p2a: Groudon\n|move|p1a: Primarina|Moonblast|p2b: Lunala\n|-activate|p2b: Lunala|move: Protect\n|\n|-weather|SunnyDay|[upkeep]\n|upkeep\n|\n|t:|1773840954\n|switch|p2a: Chi-Yu|Chi-Yu, L50|100/100\n|-ability|p2a: Chi-Yu|Beads of Ruin\n|turn|5\n|\n|t:|1773840965\n|move|p1b: Necrozma|Protect|p1b: Necrozma\n|-singleturn|p1b: Necrozma|Protect\n|move|p1a: Primarina|Protect|p1a: Primarina\n|-singleturn|p1a: Primarina|Protect\n|move|p2a: Chi-Yu|Fire Blast|p1b: Necrozma\n|-activate|p1b: Necrozma|move: Protect\n|move|p2b: Lunala|Meteor Beam||[still]\n|-prepare|p2b: Lunala|Meteor Beam\n|-boost|p2b: Lunala|spa|1\n|-enditem|p2b: Lunala|Power Herb\n|-anim|p2b: Lunala|Meteor Beam|p1a: Primarina\n|-activate|p1a: Primarina|move: Protect\n|\n|-weather|none\n|-fieldend|move: Gravity\n|upkeep\n|turn|6\n|\n|t:|1773840982\n|-terastallize|p1a: Primarina|Water\n|move|p2a: Chi-Yu|Fire Blast|p1b: Necrozma\n|-supereffective|p1b: Necrozma\n|-damage|p1b: Necrozma|0 fnt\n|faint|p1b: Necrozma\n|move|p2b: Lunala|Moongeist Beam|p1a: Primarina\n|-damage|p1a: Primarina|0 fnt\n|faint|p1a: Primarina\n|\n|win|Jonen\n|raw|DoooofyRoooofy's rating: 1225 &rarr; <strong>1205</strong><br />(-20 for losing)\n|raw|Jonen's rating: 1300 &rarr; <strong>1320</strong><br />(+20 for winning)\n|l|\u2606DoooofyRoooofy\n|player|p1|\n|l|\u2606Jonen\n|player|p2|\n","uploadtime":1773840982,"views":10,"formatid":"gen9vgc2026regi","rating":1205,"private":0,"password":null}