{"id":"gen9vgc2026regi-2578817572","format":"[Gen 9] VGC 2026 Reg I","players":["SycrasisEU","Future Soup"],"log":"|j|\u2606SycrasisEU\n|j|\u2606Future Soup\n|t:|1775722639\n|gametype|doubles\n|player|p1|SycrasisEU|byron|1294\n|player|p2|Future Soup|palmer|1216\n|gen|9\n|tier|[Gen 9] VGC 2026 Reg I\n|rated|\n|rule|Species Clause: Limit one of each Pok\u00e9mon\n|rule|Item Clause: Limit 1 of each item\n|clearpoke\n|poke|p1|Terapagos, L50, M|\n|poke|p1|Rillaboom, L50, M|\n|poke|p1|Incineroar, L50, M|\n|poke|p1|Clefairy, L50, M|\n|poke|p1|Zamazenta-*, L50|\n|poke|p1|Sinistcha, L50|\n|poke|p2|Kyurem-White, L50|\n|poke|p2|Ninetales-Alola, L50, M|\n|poke|p2|Incineroar, L50, M|\n|poke|p2|Lunala, L50|\n|poke|p2|Farigiraf, L50, M|\n|poke|p2|Ursaluna, L50, M|\n|teampreview|4\n|inactive|Battle timer is ON: inactive players will automatically lose when time's up. (requested by Future Soup)\n|\n|t:|1775722672\n|teamsize|p1|4\n|teamsize|p2|4\n|start\n|switch|p1a: Terapagos|Terapagos, L50, M|100/100\n|switch|p1b: Incineroar|Incineroar, L50, M, shiny|100/100\n|switch|p2a: Kyurem|Kyurem-White, L50, shiny|100/100\n|switch|p2b: Ninetales|Ninetales-Alola, L50, M, shiny|100/100\n|-activate|p1a: Terapagos|ability: Tera Shift\n|detailschange|p1a: Terapagos|Terapagos-Terastal, L50, M\n|-heal|p1a: Terapagos|100/100|[silent]\n|-weather|Snowscape|[from] ability: Snow Warning|[of] p2b: Ninetales\n|-ability|p2a: Kyurem|Turboblaze\n|-ability|p1b: Incineroar|Intimidate|boost\n|-unboost|p2a: Kyurem|atk|1\n|-unboost|p2b: Ninetales|atk|1\n|turn|1\n|\n|t:|1775722695\n|move|p2a: Kyurem|Protect|p2a: Kyurem\n|-singleturn|p2a: Kyurem|Protect\n|move|p1b: Incineroar|Fake Out|p2a: Kyurem\n|-activate|p2a: Kyurem|move: Protect\n|move|p2b: Ninetales|Blizzard|p1a: Terapagos|[spread] p1a,p1b\n|-activate|p1a: Terapagos|ability: Tera Shell\n|-resisted|p1a: Terapagos\n|-resisted|p1b: Incineroar\n|-damage|p1a: Terapagos|87/100\n|-damage|p1b: Incineroar|87/100\n|move|p1a: Terapagos|Calm Mind|p1a: Terapagos\n|-boost|p1a: Terapagos|spa|1\n|-boost|p1a: Terapagos|spd|1\n|\n|-weather|Snowscape|[upkeep]\n|-heal|p1a: Terapagos|93/100|[from] item: Leftovers\n|upkeep\n|turn|2\n|inactive|SycrasisEU has 30 seconds left.\n|\n|t:|1775722722\n|move|p1a: Terapagos|Protect|p1a: Terapagos\n|-singleturn|p1a: Terapagos|Protect\n|move|p2b: Ninetales|Fake Tears|p1a: Terapagos\n|-activate|p1a: Terapagos|move: Protect\n|move|p2a: Kyurem|Blizzard|p1b: Incineroar|[spread] p1b\n|-activate|p1a: Terapagos|move: Protect\n|-resisted|p1b: Incineroar\n|-damage|p1b: Incineroar|58/100\n|-damage|p2a: Kyurem|90/100|[from] item: Life Orb\n|move|p1b: Incineroar|Parting Shot|p2a: Kyurem\n|-unboost|p2a: Kyurem|atk|1\n|-unboost|p2a: Kyurem|spa|1\n|\n|t:|1775722733\n|switch|p1b: Zamazenta|Zamazenta-Crowned, L50|100/100|[from] Parting Shot\n|-ability|p1b: Zamazenta|Dauntless Shield|boost\n|-boost|p1b: Zamazenta|def|1\n|\n|-weather|Snowscape|[upkeep]\n|-heal|p1a: Terapagos|99/100|[from] item: Leftovers\n|upkeep\n|turn|3\n|\n|t:|1775722749\n|-terastallize|p1a: Terapagos|Stellar\n|detailschange|p1a: Terapagos|Terapagos-Stellar, L50, M, tera:Stellar\n|-heal|p1a: Terapagos|99/100|[silent]\n|-ability|p1a: Terapagos|Teraform Zero\n|-weather|none\n|move|p2a: Kyurem|Protect|p2a: Kyurem\n|-singleturn|p2a: Kyurem|Protect\n|move|p2b: Ninetales|Icy Wind|p1b: Zamazenta|[spread] p1a,p1b\n|-resisted|p1b: Zamazenta\n|-damage|p1a: Terapagos|93/100\n|-damage|p1b: Zamazenta|96/100\n|-unboost|p1a: Terapagos|spe|1\n|-unboost|p1b: Zamazenta|spe|1\n|move|p1b: Zamazenta|Heavy Slam|p2b: Ninetales\n|-supereffective|p2b: Ninetales\n|-enditem|p2b: Ninetales|Focus Sash\n|-damage|p2b: Ninetales|1/100\n|move|p1a: Terapagos|Tera Starstorm|p2a: Kyurem|[spread] p2b\n|-activate|p2a: Kyurem|move: Protect\n|-damage|p2b: Ninetales|0 fnt\n|faint|p2b: Ninetales\n|\n|-heal|p1a: Terapagos|99/100|[from] item: Leftovers\n|upkeep\n|\n|t:|1775722761\n|switch|p2b: Incineroar|Incineroar, L50, M, shiny|100/100\n|-ability|p2b: Incineroar|Intimidate|boost\n|-unboost|p1a: Terapagos|atk|1\n|-unboost|p1b: Zamazenta|atk|1\n|turn|4\n|\n|t:|1775722771\n|switch|p2a: Lunala|Lunala, L50, shiny|100/100\n|switch|p1b: Incineroar|Incineroar, L50, M, shiny|58/100\n|-ability|p1b: Incineroar|Intimidate|boost\n|-unboost|p2a: Lunala|atk|1\n|-unboost|p2b: Incineroar|atk|1\n|move|p1a: Terapagos|Protect|p1a: Terapagos\n|-singleturn|p1a: Terapagos|Protect\n|move|p2b: Incineroar|Knock Off|p1a: Terapagos\n|-activate|p1a: Terapagos|move: Protect\n|\n|-heal|p1a: Terapagos|100/100|[from] item: Leftovers\n|upkeep\n|turn|5\n|inactive|Future Soup has 30 seconds left.\n|inactive|Future Soup has 20 seconds left.\n|inactive|Future Soup has 15 seconds left.\n|inactive|Future Soup has 10 seconds left.\n|\n|t:|1775722821\n|move|p2a: Lunala|Wide Guard|p2a: Lunala\n|-singleturn|p2a: Lunala|Wide Guard\n|move|p1b: Incineroar|Fake Out|p2b: Incineroar\n|-damage|p2b: Incineroar|89/100\n|cant|p2b: Incineroar|flinch\n|move|p1a: Terapagos|Earth Power|p2b: Incineroar\n|-supereffective|p2b: Incineroar\n|-damage|p2b: Incineroar|0 fnt\n|faint|p2b: Incineroar\n|\n|upkeep\n|\n|t:|1775722827\n|switch|p2b: Kyurem|Kyurem-White, L50, shiny|90/100\n|-ability|p2b: Kyurem|Turboblaze\n|turn|6\n|\n|t:|1775722850\n|move|p2a: Lunala|Wide Guard|p2a: Lunala\n|-singleturn|p2a: Lunala|Wide Guard\n|move|p2b: Kyurem|Draco Meteor|p1b: Incineroar\n|-damage|p1b: Incineroar|0 fnt\n|-unboost|p2b: Kyurem|spa|2\n|faint|p1b: Incineroar\n|-damage|p2b: Kyurem|80/100|[from] item: Life Orb\n|move|p1a: Terapagos|Tera Starstorm|p2a: Lunala|[spread] \n|-activate|p2a: Lunala|move: Wide Guard\n|-activate|p2b: Kyurem|move: Wide Guard\n|\n|upkeep\n|\n|t:|1775722861\n|switch|p1b: Zamazenta|Zamazenta-Crowned, L50|96/100\n|turn|7\n|\n|t:|1775722876\n|move|p2b: Kyurem|Protect|p2b: Kyurem\n|-singleturn|p2b: Kyurem|Protect\n|move|p1a: Terapagos|Protect|p1a: Terapagos\n|-singleturn|p1a: Terapagos|Protect\n|move|p1b: Zamazenta|Iron Defense|p1b: Zamazenta\n|-boost|p1b: Zamazenta|def|2\n|move|p2a: Lunala|Tailwind|p2a: Lunala\n|-sidestart|p2: Future Soup|move: Tailwind\n|\n|upkeep\n|turn|8\n|\n|t:|1775722898\n|move|p2a: Lunala|Wide Guard|p2a: Lunala\n|-singleturn|p2a: Lunala|Wide Guard\n|move|p2b: Kyurem|Fusion Flare|p1b: Zamazenta\n|-supereffective|p1b: Zamazenta\n|-damage|p1b: Zamazenta|58/100\n|-damage|p2b: Kyurem|70/100|[from] item: Life Orb\n|move|p1b: Zamazenta|Body Press|p2b: Kyurem\n|-supereffective|p2b: Kyurem\n|-damage|p2b: Kyurem|0 fnt\n|faint|p2b: Kyurem\n|move|p1a: Terapagos|Calm Mind|p1a: Terapagos\n|-boost|p1a: Terapagos|spa|1\n|-boost|p1a: Terapagos|spd|1\n|\n|upkeep\n|turn|9\n|-message|Future Soup forfeited.\n|\n|win|SycrasisEU\n|raw|SycrasisEU's rating: 1294 &rarr; <strong>1316</strong><br />(+22 for winning)\n|raw|Future Soup's rating: 1251 &rarr; <strong>1229</strong><br />(-22 for losing)\n|l|\u2606Future Soup\n|player|p2|\n|l|\u2606SycrasisEU\n|player|p1|\n","uploadtime":1775723121,"views":8,"formatid":"gen9vgc2026regi","rating":1229,"private":0,"password":null}