{"id":"gen9vgc2026regi-2561911415","format":"[Gen 9] VGC 2026 Reg I","players":["XStarcrossed","GAPDHD"],"log":"|j|\u2606XStarcrossed\n|j|\u2606GAPDHD\n|t:|1773854098\n|gametype|doubles\n|player|p1|XStarcrossed|266|1410\n|player|p2|GAPDHD|ruinmaniac|1433\n|gen|9\n|tier|[Gen 9] VGC 2026 Reg I\n|rated|\n|rule|Species Clause: Limit one of each Pok\u00e9mon\n|rule|Item Clause: Limit 1 of each item\n|clearpoke\n|poke|p1|Kyogre, L50|\n|poke|p1|Calyrex-Ice, L50|\n|poke|p1|Urshifu-*, L50, M|\n|poke|p1|Amoonguss, L50, F|\n|poke|p1|Iron Jugulis, L50|\n|poke|p1|Rillaboom, L50, M|\n|poke|p2|Lunala, L50|\n|poke|p2|Groudon, L50|\n|poke|p2|Indeedee-F, L50, F|\n|poke|p2|Incineroar, L50, M|\n|poke|p2|Brute Bonnet, L50|\n|poke|p2|Flutter Mane, L50|\n|teampreview|4\nGAPDHD has agreed to open team sheets.\n|inactive|Battle timer is ON: inactive players will automatically lose when time's up. (requested by XStarcrossed)\n|\n|t:|1773854148\n|teamsize|p1|4\n|teamsize|p2|4\n|start\n|switch|p1a: Warranty|Iron Jugulis, L50|100/100\n|switch|p1b: Shido|Urshifu-Rapid-Strike, L50, M|100/100\n|switch|p2a: Groudon|Groudon, L50|100/100\n|switch|p2b: Incineroar|Incineroar, L50, M|100/100\n|-weather|SunnyDay|[from] ability: Drought|[of] p2a: Groudon\n|-ability|p2b: Incineroar|Intimidate|boost\n|-unboost|p1a: Warranty|atk|1\n|-unboost|p1b: Shido|atk|1\n|-enditem|p1a: Warranty|Booster Energy\n|-activate|p1a: Warranty|ability: Quark Drive|[fromitem]\n|-start|p1a: Warranty|quarkdrivespe\n|turn|1\n|inactive|GAPDHD has 30 seconds left.\n|\n|t:|1773854177\n|switch|p2b: Indeedee|Indeedee-F, L50, F|100/100\n|-fieldstart|move: Psychic Terrain|[from] ability: Psychic Surge|[of] p2b: Indeedee\n|move|p1a: Warranty|Protect|p1a: Warranty\n|-singleturn|p1a: Warranty|Protect\n|move|p1b: Shido|Protect|p1b: Shido\n|-singleturn|p1b: Shido|Protect\n|move|p2a: Groudon|Rock Slide|p1a: Warranty|[spread] \n|-activate|p1a: Warranty|move: Protect\n|-activate|p1b: Shido|move: Protect\n|\n|-weather|SunnyDay|[upkeep]\n|upkeep\n|turn|2\n|inactive|XStarcrossed has 30 seconds left.\n|j| thechoicetaco\n|inactive|XStarcrossed has 20 seconds left.\n|inactive|XStarcrossed has 15 seconds left.\n|inactive|XStarcrossed has 10 seconds left.\n|inactive|XStarcrossed has 5 seconds left.\n|\n|t:|1773854231\n|switch|p2a: Incineroar|Incineroar, L50, M|100/100\n|-ability|p2a: Incineroar|Intimidate|boost\n|-unboost|p1a: Warranty|atk|1\n|-unboost|p1b: Shido|atk|1\n|move|p1a: Warranty|Tailwind|p1a: Warranty\n|-sidestart|p1: XStarcrossed|move: Tailwind\n|move|p1b: Shido|Surging Strikes|p2b: Indeedee\n|-crit|p2b: Indeedee\n|-damage|p2b: Indeedee|89/100\n|-damage|p1b: Shido|84/100|[from] item: Rocky Helmet|[of] p2b: Indeedee\n|-crit|p2b: Indeedee\n|-damage|p2b: Indeedee|77/100\n|-damage|p1b: Shido|68/100|[from] item: Rocky Helmet|[of] p2b: Indeedee\n|-crit|p2b: Indeedee\n|-damage|p2b: Indeedee|65/100\n|-damage|p1b: Shido|51/100|[from] item: Rocky Helmet|[of] p2b: Indeedee\n|-hitcount|p2b: Indeedee|3\n|-damage|p1b: Shido|42/100|[from] item: Life Orb\n|move|p2b: Indeedee|Trick Room|p2b: Indeedee\n|-fieldstart|move: Trick Room|[of] p2b: Indeedee\n|\n|-weather|SunnyDay|[upkeep]\n|upkeep\n|turn|3\n|inactive|XStarcrossed has 30 seconds left.\n|\n|t:|1773854260\n|switch|p1b: Trunkey|Rillaboom, L50, M|100/100\n|-fieldstart|move: Grassy Terrain|[from] ability: Grassy Surge|[of] p1b: Trunkey\n|-end|p1a: Warranty|Quark Drive|[silent]\n|switch|p1a: I CONNECT!!!|Kyogre, L50|100/100\n|-weather|RainDance|[from] ability: Drizzle|[of] p1a: I CONNECT!!!\n|move|p2a: Incineroar|Knock Off|p1a: I CONNECT!!!\n|-damage|p1a: I CONNECT!!!|59/100\n|-enditem|p1a: I CONNECT!!!|Splash Plate|[from] move: Knock Off|[of] p2a: Incineroar\n|move|p2b: Indeedee|Dazzling Gleam|p1b: Trunkey|[spread] p1a,p1b\n|-damage|p1a: I CONNECT!!!|50/100\n|-damage|p1b: Trunkey|90/100\n|\n|-weather|RainDance|[upkeep]\n|-heal|p2b: Indeedee|71/100|[from] Grassy Terrain\n|-heal|p1b: Trunkey|96/100|[from] Grassy Terrain\n|-heal|p1a: I CONNECT!!!|56/100|[from] Grassy Terrain\n|upkeep\n|turn|4\n|inactive|XStarcrossed has 30 seconds left.\n|\n|t:|1773854291\n|switch|p2a: Groudon|Groudon, L50|100/100\n|-weather|SunnyDay|[from] ability: Drought|[of] p2a: Groudon\n|switch|p2b: Lunala|Lunala, L50|100/100\n|move|p1b: Trunkey|Fake Out|p2a: Groudon\n|-damage|p2a: Groudon|92/100\n|move|p1a: I CONNECT!!!|Hydro Pump|p2a: Groudon\n|-supereffective|p2a: Groudon\n|-damage|p2a: Groudon|33/100\n|\n|-weather|SunnyDay|[upkeep]\n|-heal|p2a: Groudon|39/100|[from] Grassy Terrain\n|-heal|p1b: Trunkey|100/100|[from] Grassy Terrain\n|-heal|p1a: I CONNECT!!!|62/100|[from] Grassy Terrain\n|upkeep\n|turn|5\n|\n|t:|1773854313\n|switch|p1a: Shido|Urshifu-Rapid-Strike, L50, M|42/100\n|-terastallize|p2a: Groudon|Fairy\n|-terastallize|p1b: Trunkey|Fire\n|move|p2a: Groudon|Precipice Blades|p1b: Trunkey|[spread] p1a\n|-miss|p2a: Groudon|p1b: Trunkey\n|-damage|p1a: Shido|0 fnt\n|faint|p1a: Shido\n|move|p2b: Lunala|Meteor Beam||[still]\n|-prepare|p2b: Lunala|Meteor Beam\n|-boost|p2b: Lunala|spa|1\n|-enditem|p2b: Lunala|Power Herb\n|-anim|p2b: Lunala|Meteor Beam|p1b: Trunkey\n|-supereffective|p1b: Trunkey\n|-damage|p1b: Trunkey|2/100\n|move|p1b: Trunkey|U-turn|p2b: Lunala\n|-damage|p2b: Lunala|91/100\n|\n|t:|1773854329\n|switch|p1b: I CONNECT!!!|Kyogre, L50|62/100|[from] U-turn\n|-weather|RainDance|[from] ability: Drizzle|[of] p1b: I CONNECT!!!\n|\n|-weather|RainDance|[upkeep]\n|-heal|p2a: Groudon|45/100|[from] Grassy Terrain\n|-heal|p2b: Lunala|98/100|[from] Grassy Terrain\n|-heal|p1b: I CONNECT!!!|67/100|[from] Grassy Terrain\n|-sideend|p1: XStarcrossed|move: Tailwind\n|upkeep\n|\n|t:|1773854333\n|switch|p1a: Warranty|Iron Jugulis, L50|100/100\n|turn|6\n|inactive|GAPDHD has 30 seconds left.\n|\n|t:|1773854362\n|switch|p2b: Incineroar|Incineroar, L50, M|100/100\n|-ability|p2b: Incineroar|Intimidate|boost\n|-unboost|p1a: Warranty|atk|1\n|-unboost|p1b: I CONNECT!!!|atk|1\n|move|p1b: I CONNECT!!!|Protect|p1b: I CONNECT!!!\n|-singleturn|p1b: I CONNECT!!!|Protect\n|move|p1a: Warranty|Protect|p1a: Warranty\n|-singleturn|p1a: Warranty|Protect\n|move|p2a: Groudon|Precipice Blades|p1b: I CONNECT!!!|[spread] \n|-activate|p1a: Warranty|move: Protect\n|-activate|p1b: I CONNECT!!!|move: Protect\n|\n|-weather|RainDance|[upkeep]\n|-heal|p2a: Groudon|51/100|[from] Grassy Terrain\n|-heal|p1b: I CONNECT!!!|73/100|[from] Grassy Terrain\n|-fieldend|move: Trick Room\n|upkeep\n|turn|7\n|\n|t:|1773854374\n|move|p2b: Incineroar|Fake Out|p1b: I CONNECT!!!\n|-damage|p1b: I CONNECT!!!|62/100\n|move|p1a: Warranty|Hurricane|p2a: Groudon\n|-damage|p2a: Groudon|6/100\n|cant|p1b: I CONNECT!!!|flinch\n|move|p2a: Groudon|Precipice Blades|p1a: Warranty|[spread] p1b\n|-immune|p1a: Warranty\n|-damage|p1b: I CONNECT!!!|0 fnt\n|faint|p1b: I CONNECT!!!\n|\n|-weather|RainDance|[upkeep]\n|-heal|p2a: Groudon|12/100|[from] Grassy Terrain\n|-fieldend|move: Grassy Terrain\n|upkeep\n|-message|XStarcrossed forfeited.\n|\n|win|GAPDHD\n|raw|XStarcrossed's rating: 1410 &rarr; <strong>1391</strong><br />(-19 for losing)\n|raw|GAPDHD's rating: 1433 &rarr; <strong>1452</strong><br />(+19 for winning)\n|l|\u2606XStarcrossed\n|player|p1|\n|l|\u2606GAPDHD\n|player|p2|\n","uploadtime":1773854649,"views":10,"formatid":"gen9vgc2026regi","rating":1391,"private":0,"password":null}