{"id":"gen9vgc2026regi-2588625603","format":"[Gen 9] VGC 2026 Reg I","players":["Glaceon_1740","Blahknight777"],"log":"|j|\u203dGlaceon_1740\n|j|\u2606Blahknight777\n|t:|1776651355\n|gametype|doubles\n|player|p1|Glaceon_1740|dawn-gen4pt|1253\n|player|p2|Blahknight777|101|1216\n|gen|9\n|tier|[Gen 9] VGC 2026 Reg I\n|rated|\n|rule|Species Clause: Limit one of each Pok\u00e9mon\n|rule|Item Clause: Limit 1 of each item\n|clearpoke\n|poke|p1|Meowscarada, L50, F|\n|poke|p1|Murkrow, L50, M|\n|poke|p1|Kyogre, L50|\n|poke|p1|Zacian-*, L50|\n|poke|p1|Incineroar, L50, F|\n|poke|p1|Rillaboom, L50, F|\n|poke|p2|Ogerpon-Cornerstone, L50, F|\n|poke|p2|Urshifu-*, L50, M|\n|poke|p2|Terapagos, L50, M|\n|poke|p2|Miraidon, L50|\n|poke|p2|Sinistcha, L50|\n|poke|p2|Incineroar, L50, M|\n|teampreview|4\n|inactive|Battle timer is ON: inactive players will automatically lose when time's up. (requested by Glaceon_1740)\n|j| Twisted Slag\n|\n|t:|1776651378\n|teamsize|p1|4\n|teamsize|p2|4\n|start\n|switch|p1a: Meowscarada|Meowscarada, L50, F|100/100\n|switch|p1b: Kyogre|Kyogre, L50|100/100\n|switch|p2a: Incineroar|Incineroar, L50, M|100/100\n|switch|p2b: Terapagos|Terapagos, L50, M|100/100\n|-activate|p2b: Terapagos|ability: Tera Shift\n|detailschange|p2b: Terapagos|Terapagos-Terastal, L50, M\n|-heal|p2b: Terapagos|100/100|[silent]\n|-weather|RainDance|[from] ability: Drizzle|[of] p1b: Kyogre\n|-ability|p2a: Incineroar|Intimidate|boost\n|-unboost|p1a: Meowscarada|atk|1\n|-unboost|p1b: Kyogre|atk|1\n|turn|1\n|\n|t:|1776651392\n|move|p2a: Incineroar|Fake Out|p1b: Kyogre\n|-damage|p1b: Kyogre|90/100\n|move|p1a: Meowscarada|U-turn|p2b: Terapagos\n|-start|p1a: Meowscarada|typechange|Bug|[from] ability: Protean\n|-activate|p2b: Terapagos|ability: Tera Shell\n|-resisted|p2b: Terapagos\n|-damage|p2b: Terapagos|91/100\n|\n|t:|1776651402\n|switch|p1a: Murkrow|Murkrow, L50, M, shiny|100/100|[from] U-turn\n|move|p1b: Kyogre|Water Spout|p2b: Terapagos|[spread] p2a,p2b\n|-supereffective|p2a: Incineroar\n|-damage|p2a: Incineroar|0 fnt\n|-damage|p2b: Terapagos|10/100\n|faint|p2a: Incineroar\n|move|p2b: Terapagos|Calm Mind|p2b: Terapagos\n|-boost|p2b: Terapagos|spa|1\n|-boost|p2b: Terapagos|spd|1\n|\n|-weather|RainDance|[upkeep]\n|upkeep\n|\n|t:|1776651415\n|switch|p2a: Miraidon|Miraidon, L50|100/100\n|-fieldstart|move: Electric Terrain|[from] ability: Hadron Engine|[of] p2a: Miraidon\n|-enditem|p2b: Terapagos|Electric Seed\n|-boost|p2b: Terapagos|def|1|[from] item: Electric Seed\n|turn|2\n|\n|t:|1776651430\n|move|p1b: Kyogre|Protect|p1b: Kyogre\n|-singleturn|p1b: Kyogre|Protect\n|move|p2b: Terapagos|Protect|p2b: Terapagos\n|-singleturn|p2b: Terapagos|Protect\n|move|p1a: Murkrow|Haze|p1a: Murkrow\n|-clearallboost\n|move|p2a: Miraidon|Electro Drift|p1b: Kyogre\n|-activate|p1b: Kyogre|move: Protect\n|\n|-weather|RainDance|[upkeep]\n|upkeep\n|turn|3\n|inactive|Glaceon_1740 has 30 seconds left.\n|\n|t:|1776651456\n|-terastallize|p1b: Kyogre|Grass\n|move|p1a: Murkrow|Tailwind|p1a: Murkrow\n|-sidestart|p1: Glaceon_1740|move: Tailwind\n|move|p1b: Kyogre|Water Spout|p2a: Miraidon|[spread] p2a,p2b\n|-resisted|p2a: Miraidon\n|-crit|p2b: Terapagos\n|-damage|p2a: Miraidon|78/100\n|-damage|p2b: Terapagos|0 fnt\n|faint|p2b: Terapagos\n|move|p2a: Miraidon|Electro Drift|p1b: Kyogre\n|-resisted|p1b: Kyogre\n|-damage|p1b: Kyogre|59/100\n|\n|-weather|RainDance|[upkeep]\n|upkeep\n|\n|t:|1776651462\n|switch|p2b: Sinistcha|Sinistcha, L50|100/100\n|-heal|p2a: Miraidon|100/100|[from] ability: Hospitality|[of] p2b: Sinistcha\n|turn|4\n|inactive|Glaceon_1740 has 30 seconds left.\n|\n|t:|1776651495\n|move|p1a: Murkrow|Foul Play|p2b: Sinistcha\n|-supereffective|p2b: Sinistcha\n|-damage|p2b: Sinistcha|69/100\n|move|p1b: Kyogre|Ice Beam|p2b: Sinistcha\n|-supereffective|p2b: Sinistcha\n|-damage|p2b: Sinistcha|0 fnt\n|faint|p2b: Sinistcha\n|move|p2a: Miraidon|Snarl|p1a: Murkrow|[spread] p1a,p1b\n|-resisted|p1a: Murkrow\n|-damage|p1a: Murkrow|88/100\n|-damage|p1b: Kyogre|44/100\n|-unboost|p1a: Murkrow|spa|1\n|\n|-weather|RainDance|[upkeep]\n|upkeep\n|turn|5\n|-message|Blahknight777 forfeited.\n|\n|win|Glaceon_1740\n|raw|Glaceon_1740's rating: 1253 &rarr; <strong>1275</strong><br />(+22 for winning)\n|raw|Blahknight777's rating: 1216 &rarr; <strong>1194</strong><br />(-22 for losing)\n|l|\u2606Blahknight777\n|player|p2|\n|l| Twisted Slag\n|l|\u203dGlaceon_1740\n|player|p1|\n","uploadtime":1776651855,"views":7,"formatid":"gen9vgc2026regi","rating":1194,"private":0,"password":null}