{"id":"gen9vgc2026regi-2566959521","format":"[Gen 9] VGC 2026 Reg I","players":["casper427","deozy"],"log":"|j|\u2606casper427\n|j|\u2606deozy\n|t:|1774435180\n|gametype|doubles\n|player|p1|casper427|170|1301\n|player|p2|deozy|2|1266\n|gen|9\n|tier|[Gen 9] VGC 2026 Reg I\n|rated|\n|rule|Species Clause: Limit one of each Pok\u00e9mon\n|rule|Item Clause: Limit 1 of each item\n|clearpoke\n|poke|p1|Calyrex-Ice, L50|\n|poke|p1|Ting-Lu, L50|\n|poke|p1|Urshifu-*, L50, F|\n|poke|p1|Miraidon, L50|\n|poke|p1|Incineroar, L50, F|\n|poke|p1|Volcarona, L50, F|\n|poke|p2|Calyrex-Ice, L50|\n|poke|p2|Miraidon, L50|\n|poke|p2|Grimmsnarl, L50, M|\n|poke|p2|Urshifu-*, L50, M|\n|poke|p2|Incineroar, L50, F|\n|poke|p2|Landorus, L50, M|\n|teampreview|4\n|\n|t:|1774435230\n|teamsize|p1|4\n|teamsize|p2|4\n|start\n|switch|p1a: Calyrex|Calyrex-Ice, L50|100/100\n|switch|p1b: Ting-Lu|Ting-Lu, L50|100/100\n|switch|p2a: Miraidon|Miraidon, L50|100/100\n|switch|p2b: Grimmsnarl|Grimmsnarl, L50, M|100/100\n|-ability|p1a: Calyrex|As One\n|-ability|p1a: Calyrex|Unnerve\n|-fieldstart|move: Electric Terrain|[from] ability: Hadron Engine|[of] p2a: Miraidon\n|-enditem|p1b: Ting-Lu|Electric Seed\n|-boost|p1b: Ting-Lu|def|1|[from] item: Electric Seed\n|-ability|p1b: Ting-Lu|Vessel of Ruin\n|turn|1\n|inactive|Battle timer is ON: inactive players will automatically lose when time's up. (requested by casper427)\n|\n|t:|1774435273\n|move|p2b: Grimmsnarl|Reflect|p2b: Grimmsnarl\n|-sidestart|p2: deozy|Reflect\n|move|p2a: Miraidon|Volt Switch|p1a: Calyrex\n|-damage|p1a: Calyrex|67/100\n|\n|t:|1774435277\n|switch|p2a: Urshifu|Urshifu-Rapid-Strike, L50, M|100/100|[from] Volt Switch\n|move|p1b: Ting-Lu|Sand Tomb|p2b: Grimmsnarl\n|-damage|p2b: Grimmsnarl|92/100\n|-activate|p2b: Grimmsnarl|move: Sand Tomb|[of] p1b: Ting-Lu\n|move|p1a: Calyrex|Glacial Lance|p2b: Grimmsnarl|[spread] p2a,p2b\n|-resisted|p2a: Urshifu\n|-damage|p2a: Urshifu|86/100\n|-damage|p2b: Grimmsnarl|56/100\n|\n|-heal|p1a: Calyrex|72/100|[from] item: Leftovers\n|-damage|p2b: Grimmsnarl|44/100|[from] move: Sand Tomb|[partiallytrapped]\n|upkeep\n|turn|2\n|\n|t:|1774435301\n|move|p2a: Urshifu|Surging Strikes|p1b: Ting-Lu\n|-supereffective|p1b: Ting-Lu\n|-crit|p1b: Ting-Lu\n|-damage|p1b: Ting-Lu|68/100\n|-supereffective|p1b: Ting-Lu\n|-crit|p1b: Ting-Lu\n|-damage|p1b: Ting-Lu|35/100\n|-supereffective|p1b: Ting-Lu\n|-crit|p1b: Ting-Lu\n|-damage|p1b: Ting-Lu|4/100\n|-hitcount|p1b: Ting-Lu|3\n|move|p2b: Grimmsnarl|Spirit Break|p1b: Ting-Lu\n|-supereffective|p1b: Ting-Lu\n|-crit|p1b: Ting-Lu\n|-damage|p1b: Ting-Lu|0 fnt\n|faint|p1b: Ting-Lu\n|move|p1a: Calyrex|Leech Seed|p2a: Urshifu\n|-start|p2a: Urshifu|move: Leech Seed\n|\n|-heal|p1a: Calyrex|78/100|[from] item: Leftovers\n|-damage|p2a: Urshifu|74/100|[from] Leech Seed|[of] p1a: Calyrex\n|-heal|p1a: Calyrex|89/100|[silent]\n|-end|p2b: Grimmsnarl|Sand Tomb|[partiallytrapped]|[silent]\n|upkeep\n|\n|t:|1774435313\n|switch|p1b: Miraidon|Miraidon, L50, shiny|100/100\n|-activate|p1b: Miraidon|ability: Hadron Engine\n|turn|3\n|\n|t:|1774435326\n|switch|p2a: Miraidon|Miraidon, L50|100/100\n|-activate|p2a: Miraidon|ability: Hadron Engine\n|move|p2b: Grimmsnarl|Light Screen|p2b: Grimmsnarl\n|-sidestart|p2: deozy|move: Light Screen\n|move|p1b: Miraidon|Volt Switch|p2a: Miraidon\n|-resisted|p2a: Miraidon\n|-damage|p2a: Miraidon|92/100\n|\n|t:|1774435330\n|switch|p1b: Incineroar|Incineroar, L50, F|100/100|[from] Volt Switch\n|-ability|p1b: Incineroar|Intimidate|boost\n|-unboost|p2a: Miraidon|atk|1\n|-unboost|p2b: Grimmsnarl|atk|1\n|move|p1a: Calyrex|Leech Seed|p2b: Grimmsnarl\n|-start|p2b: Grimmsnarl|move: Leech Seed\n|\n|-heal|p1a: Calyrex|95/100|[from] item: Leftovers\n|-damage|p2b: Grimmsnarl|31/100|[from] Leech Seed|[of] p1a: Calyrex\n|-heal|p1a: Calyrex|100/100|[silent]\n|upkeep\n|turn|4\n|inactive|deozy has 30 seconds left.\n|inactive|casper427 has 30 seconds left.\n|inactive|casper427 has 20 seconds left.\n|inactive|casper427 has 15 seconds left.\n|\n|t:|1774435387\n|move|p1b: Incineroar|Fake Out|p2a: Miraidon\n|-damage|p2a: Miraidon|86/100\n|move|p2b: Grimmsnarl|Thunder Wave|p1a: Calyrex\n|-status|p1a: Calyrex|par\n|cant|p2a: Miraidon|flinch\n|move|p1a: Calyrex|Glacial Lance|p2a: Miraidon|[spread] p2a,p2b\n|-supereffective|p2a: Miraidon\n|-crit|p2b: Grimmsnarl\n|-damage|p2a: Miraidon|34/100\n|-damage|p2b: Grimmsnarl|0 fnt\n|faint|p2b: Grimmsnarl\n|-ability|p1a: Calyrex|Chilling Neigh|boost\n|-boost|p1a: Calyrex|atk|1\n|\n|upkeep\n|\n|t:|1774435405\n|switch|p2b: Urshifu|Urshifu-Rapid-Strike, L50, M|74/100\n|turn|5\n|inactive|deozy has 30 seconds left.\n|\n|t:|1774435437\n|-terastallize|p1b: Incineroar|Bug\n|move|p2a: Miraidon|Electro Drift|p1a: Calyrex\n|-damage|p1a: Calyrex|38/100 par\n|move|p2b: Urshifu|Surging Strikes|p1a: Calyrex\n|-crit|p1a: Calyrex\n|-damage|p1a: Calyrex|17/100 par\n|-crit|p1a: Calyrex\n|-damage|p1a: Calyrex|0 fnt\n|faint|p1a: Calyrex\n|-hitcount|p1: Calyrex|2\n|move|p1b: Incineroar|U-turn|p2a: Miraidon\n|-damage|p2a: Miraidon|18/100\n|\n|t:|1774435446\n|switch|p1b: Miraidon|Miraidon, L50, shiny|100/100|[from] U-turn\n|-activate|p1b: Miraidon|ability: Hadron Engine\n|\n|-fieldend|move: Electric Terrain\n|upkeep\n|\n|t:|1774435447\n|switch|p1a: Incineroar|Incineroar, L50, F, tera:Bug|100/100\n|-ability|p1a: Incineroar|Intimidate|boost\n|-unboost|p2a: Miraidon|atk|1\n|-unboost|p2b: Urshifu|atk|1\n|turn|6\n|inactive|casper427 has 30 seconds left.\n|inactive|deozy has 30 seconds left.\n|inactive|deozy has 20 seconds left.\n|inactive|deozy has 15 seconds left.\n|inactive|deozy has 10 seconds left.\n|inactive|deozy has 5 seconds left.\n|\n|t:|1774435502\n|move|p1b: Miraidon|Electro Drift|p2b: Urshifu\n|-supereffective|p2b: Urshifu\n|-damage|p2b: Urshifu|0 fnt\n|faint|p2b: Urshifu\n|move|p2a: Miraidon|Electro Drift|p1b: Miraidon\n|-resisted|p1b: Miraidon\n|-damage|p1b: Miraidon|85/100\n|move|p1a: Incineroar|Knock Off|p2a: Miraidon\n|-damage|p2a: Miraidon|0 fnt\n|-enditem|p2a: Miraidon|Choice Specs|[from] move: Knock Off|[of] p1a: Incineroar\n|faint|p2a: Miraidon\n|\n|upkeep\n|\n|t:|1774435514\n|switch|p2b: Calyrex|Calyrex-Ice, L50|100/100\n|-ability|p2b: Calyrex|As One\n|-ability|p2b: Calyrex|Unnerve\n|turn|7\n|\n|t:|1774435530\n|move|p1b: Miraidon|Electro Drift|p2b: Calyrex\n|-damage|p2b: Calyrex|80/100\n|move|p1a: Incineroar|Flare Blitz|p2b: Calyrex\n|-supereffective|p2b: Calyrex\n|-damage|p2b: Calyrex|40/100\n|-damage|p1a: Incineroar|86/100|[from] Recoil\n|move|p2b: Calyrex|Glacial Lance|p1a: Incineroar|[spread] p1a,p1b\n|-supereffective|p1b: Miraidon\n|-damage|p1a: Incineroar|42/100\n|-damage|p1b: Miraidon|0 fnt\n|faint|p1b: Miraidon\n|-ability|p2b: Calyrex|Chilling Neigh|boost\n|-boost|p2b: Calyrex|atk|1\n|\n|-heal|p2b: Calyrex|45/100|[from] item: Leftovers\n|upkeep\n|turn|8\n|\n|t:|1774435546\n|-terastallize|p2b: Calyrex|Water\n|move|p1a: Incineroar|Flare Blitz|p2b: Calyrex\n|-resisted|p2b: Calyrex\n|-damage|p2b: Calyrex|36/100\n|-damage|p1a: Incineroar|39/100|[from] Recoil\n|move|p2b: Calyrex|Glacial Lance|p1a: Incineroar\n|-damage|p1a: Incineroar|0 fnt\n|faint|p1a: Incineroar\n|\n|win|deozy\n|raw|casper427's rating: 1301 &rarr; <strong>1279</strong><br />(-22 for losing)\n|raw|deozy's rating: 1266 &rarr; <strong>1294</strong><br />(+28 for winning)\n|c|\u2606casper427|gg\n|c|\u2606deozy|gg\n|c|\u2606casper427|terrible matchup for me\n|l|\u2606deozy\n|player|p2|\n|l|\u2606casper427\n|player|p1|\n","uploadtime":1774435785,"views":9,"formatid":"gen9vgc2026regi","rating":1279,"private":0,"password":null}