{"id":"gen9vgc2026regi-2515862772","format":"[Gen 9] VGC 2026 Reg I","players":["ArtianoV.","dasabe\u76d6\u6b27\u5361\u4fa0"],"log":"|j|\u2606ArtianoV.\n|j|\u2606dasabe\u76d6\u6b27\u5361\u4fa0\n|t:|1768052974\n|gametype|doubles\n|player|p1|ArtianoV.|dahlia|1354\n|player|p2|dasabe\u76d6\u6b27\u5361\u4fa0|may-masters4|1337\n|gen|9\n|tier|[Gen 9] VGC 2026 Reg I\n|rated|\n|rule|Species Clause: Limit one of each Pok\u00e9mon\n|rule|Item Clause: Limit 1 of each item\n|clearpoke\n|poke|p1|Koraidon, L50|\n|poke|p1|Lunala, L50|\n|poke|p1|Ursaluna, L50, F|\n|poke|p1|Incineroar, L50, F|\n|poke|p1|Amoonguss, L50, M|\n|poke|p1|Flutter Mane, L50|\n|poke|p2|Reshiram, L50|\n|poke|p2|Koraidon, L50|\n|poke|p2|Flutter Mane, L50|\n|poke|p2|Indeedee-F, L50, F|\n|poke|p2|Ursaluna-Bloodmoon, L50, M|\n|poke|p2|Tornadus, L50, M|\n|teampreview|4\n|\n|t:|1768052990\n|teamsize|p1|4\n|teamsize|p2|4\n|start\n|switch|p1a: Lunala|Lunala, L50|100/100\n|switch|p1b: Incineroar|Incineroar, L50, F|100/100\n|switch|p2a: \u9752\u7130\u767d\u9f99|Reshiram, L50|100/100\n|switch|p2b: \u5e7d\u7fbd\u4e01\u771f|Flutter Mane, L50|100/100\n|-ability|p2a: \u9752\u7130\u767d\u9f99|Turboblaze\n|-ability|p1b: Incineroar|Intimidate|boost\n|-unboost|p2a: \u9752\u7130\u767d\u9f99|atk|1\n|-unboost|p2b: \u5e7d\u7fbd\u4e01\u771f|atk|1\n|turn|1\n|j| wuminshi\n|\n|t:|1768053005\n|-terastallize|p2a: \u9752\u7130\u767d\u9f99|Fire\n|-terastallize|p1a: Lunala|Fairy\n|move|p1b: Incineroar|Fake Out|p2a: \u9752\u7130\u767d\u9f99\n|-damage|p2a: \u9752\u7130\u767d\u9f99|89/100\n|move|p2b: \u5e7d\u7fbd\u4e01\u771f|Moonblast|p1a: Lunala\n|-damage|p1a: Lunala|82/100\n|cant|p2a: \u9752\u7130\u767d\u9f99|flinch\n|move|p1a: Lunala|Trick Room|p1a: Lunala\n|-fieldstart|move: Trick Room|[of] p1a: Lunala\n|\n|upkeep\n|turn|2\n|\n|t:|1768053026\n|switch|p2a: \u4f8d\u7684\u6211\u7231\u5bfc\u7ba1|Indeedee-F, L50, F|100/100\n|-fieldstart|move: Psychic Terrain|[from] ability: Psychic Surge|[of] p2a: \u4f8d\u7684\u6211\u7231\u5bfc\u7ba1\n|move|p1b: Incineroar|Parting Shot|p2a: \u4f8d\u7684\u6211\u7231\u5bfc\u7ba1\n|-unboost|p2a: \u4f8d\u7684\u6211\u7231\u5bfc\u7ba1|atk|1\n|-unboost|p2a: \u4f8d\u7684\u6211\u7231\u5bfc\u7ba1|spa|1\n|\n|t:|1768053031\n|switch|p1b: Ursaluna|Ursaluna, L50, F|100/100|[from] Parting Shot\n|move|p1a: Lunala|Moongeist Beam|p2b: \u5e7d\u7fbd\u4e01\u771f\n|-supereffective|p2b: \u5e7d\u7fbd\u4e01\u771f\n|-enditem|p2b: \u5e7d\u7fbd\u4e01\u771f|Focus Sash\n|-damage|p2b: \u5e7d\u7fbd\u4e01\u771f|1/100\n|move|p2b: \u5e7d\u7fbd\u4e01\u771f|Moonblast|p1a: Lunala\n|-damage|p1a: Lunala|46/100\n|\n|-status|p1b: Ursaluna|brn|[from] item: Flame Orb\n|upkeep\n|turn|3\n|\n|t:|1768053044\n|move|p2b: \u5e7d\u7fbd\u4e01\u771f|Protect|p2b: \u5e7d\u7fbd\u4e01\u771f\n|-singleturn|p2b: \u5e7d\u7fbd\u4e01\u771f|Protect\n|move|p1a: Lunala|Wide Guard|p1a: Lunala\n|-singleturn|p1a: Lunala|Wide Guard\n|move|p1b: Ursaluna|Earthquake|p2a: \u4f8d\u7684\u6211\u7231\u5bfc\u7ba1|[spread] p2a\n|-activate|p1a: Lunala|move: Wide Guard\n|-activate|p2b: \u5e7d\u7fbd\u4e01\u771f|move: Protect\n|-damage|p2a: \u4f8d\u7684\u6211\u7231\u5bfc\u7ba1|34/100\n|move|p2a: \u4f8d\u7684\u6211\u7231\u5bfc\u7ba1|Trick Room|p2a: \u4f8d\u7684\u6211\u7231\u5bfc\u7ba1\n|-fieldend|move: Trick Room\n|\n|-damage|p1b: Ursaluna|95/100 brn|[from] brn\n|upkeep\n|turn|4\n|\n|t:|1768053065\n|move|p2a: \u4f8d\u7684\u6211\u7231\u5bfc\u7ba1|Helping Hand|p2b: \u5e7d\u7fbd\u4e01\u771f\n|-singleturn|p2b: \u5e7d\u7fbd\u4e01\u771f|Helping Hand|[of] p2a: \u4f8d\u7684\u6211\u7231\u5bfc\u7ba1\n|move|p1a: Lunala|Wide Guard|p1a: Lunala\n|-singleturn|p1a: Lunala|Wide Guard\n|move|p2b: \u5e7d\u7fbd\u4e01\u771f|Moonblast|p1a: Lunala\n|-damage|p1a: Lunala|0 fnt\n|faint|p1a: Lunala\n|move|p1b: Ursaluna|Earthquake|p2a: \u4f8d\u7684\u6211\u7231\u5bfc\u7ba1|[spread] p2a,p2b\n|-damage|p2a: \u4f8d\u7684\u6211\u7231\u5bfc\u7ba1|0 fnt\n|-damage|p2b: \u5e7d\u7fbd\u4e01\u771f|0 fnt\n|faint|p2a: \u4f8d\u7684\u6211\u7231\u5bfc\u7ba1\n|faint|p2b: \u5e7d\u7fbd\u4e01\u771f\n|-end|p2b: \u5e7d\u7fbd\u4e01\u771f|Protosynthesis|[silent]\n|\n|-damage|p1b: Ursaluna|89/100 brn|[from] brn\n|upkeep\n|\n|t:|1768053072\n|switch|p2b: \u4f60\u6731\u5417|Koraidon, L50, shiny|100/100\n|switch|p2a: \u9752\u7130\u767d\u9f99|Reshiram, L50, tera:Fire|89/100\n|switch|p1a: Incineroar|Incineroar, L50, F|100/100\n|-weather|SunnyDay|[from] ability: Orichalcum Pulse|[of] p2b: \u4f60\u6731\u5417\n|-activate|p2b: \u4f60\u6731\u5417|Orichalcum Pulse|[source]\n|-ability|p2a: \u9752\u7130\u767d\u9f99|Turboblaze\n|-ability|p1a: Incineroar|Intimidate|boost\n|-unboost|p2a: \u9752\u7130\u767d\u9f99|atk|1\n|-unboost|p2b: \u4f60\u6731\u5417|atk|1\n|turn|5\n|\n|t:|1768053089\n|switch|p1a: Koraidon|Koraidon, L50|100/100\n|-activate|p1a: Koraidon|ability: Orichalcum Pulse\n|move|p2b: \u4f60\u6731\u5417|Close Combat|p1a: Koraidon\n|-damage|p1a: Koraidon|29/100\n|-unboost|p2b: \u4f60\u6731\u5417|def|1\n|-unboost|p2b: \u4f60\u6731\u5417|spd|1\n|-damage|p2b: \u4f60\u6731\u5417|91/100|[from] item: Life Orb\n|move|p2a: \u9752\u7130\u767d\u9f99|Heat Wave|p1b: Ursaluna|[spread] p1a,p1b\n|-resisted|p1a: Koraidon\n|-damage|p1a: Koraidon|0 fnt\n|-damage|p1b: Ursaluna|0 fnt\n|faint|p1a: Koraidon\n|faint|p1b: Ursaluna\n|\n|-weather|SunnyDay|[upkeep]\n|upkeep\n|c| wuminshi|\u8fd9\u961f\u7684id\u600e\u4e48\u9e2d\u7ffc\u542b\u91cf\u8fd9\u4e48\u5c11\u554a\ud83e\uddd0\n|-message|ArtianoV. forfeited.\n|\n|win|dasabe\u76d6\u6b27\u5361\u4fa0\n|raw|ArtianoV.'s rating: 1354 &rarr; <strong>1333</strong><br />(-21 for losing)\n|raw|dasabe\u76d6\u6b27\u5361\u4fa0's rating: 1337 &rarr; <strong>1358</strong><br />(+21 for winning)\n|l|\u2606ArtianoV.\n|player|p1|\n|l|\u2606dasabe\u76d6\u6b27\u5361\u4fa0\n|player|p2|\n|l| wuminshi\n","uploadtime":1768053297,"views":12,"formatid":"gen9vgc2026regi","rating":1333,"private":0,"password":null}