{"id":"gen9vgc2026regi-2521726784","format":"[Gen 9] VGC 2026 Reg I","players":["marcxhenry","Barber1"],"log":"|j|\u2606marcxhenry\n|j|\u2606Barber1\n|t:|1768815326\n|gametype|doubles\n|player|p1|marcxhenry|hilbert-wonderlauncher|1399\n|player|p2|Barber1|101|1343\n|gen|9\n|tier|[Gen 9] VGC 2026 Reg I\n|rated|\n|rule|Species Clause: Limit one of each Pok\u00e9mon\n|rule|Item Clause: Limit 1 of each item\n|clearpoke\n|poke|p1|Calyrex-Shadow, L50|\n|poke|p1|Urshifu-*, L50, M|\n|poke|p1|Roaring Moon, L50|\n|poke|p1|Kyogre, L50|\n|poke|p1|Tsareena, L50, F|\n|poke|p1|Kingambit, L50, M|\n|poke|p2|Calyrex-Shadow, L50|\n|poke|p2|Zamazenta-*, L50|\n|poke|p2|Amoonguss, L50, F|\n|poke|p2|Raging Bolt, L50|\n|poke|p2|Tornadus, L50, M|\n|poke|p2|Chien-Pao, L50|\n|teampreview|4\n|inactive|Battle timer is ON: inactive players will automatically lose when time's up. (requested by Barber1)\n|inactive|Barber1 has 60 seconds left.\n|\n|t:|1768815382\n|teamsize|p1|4\n|teamsize|p2|4\n|start\n|switch|p1a: Ludwig|Calyrex-Shadow, L50|100/100\n|switch|p1b: Roter Baron|Roaring Moon, L50, shiny|100/100\n|switch|p2a: Tornadus|Tornadus, L50, M|100/100\n|switch|p2b: Zamazenta|Zamazenta-Crowned, L50|100/100\n|-ability|p1a: Ludwig|As One\n|-ability|p1a: Ludwig|Unnerve\n|-ability|p2b: Zamazenta|Dauntless Shield|boost\n|-boost|p2b: Zamazenta|def|1\n|-enditem|p1b: Roter Baron|Booster Energy\n|-activate|p1b: Roter Baron|ability: Protosynthesis|[fromitem]\n|-start|p1b: Roter Baron|protosynthesisspe\n|turn|1\n|inactive|Barber1 has 30 seconds left.\n|\n|t:|1768815414\n|-terastallize|p1b: Roter Baron|Flying\n|move|p2a: Tornadus|Tailwind|p2a: Tornadus\n|-sidestart|p2: Barber1|move: Tailwind\n|move|p2b: Zamazenta|Body Press|p1b: Roter Baron\n|-resisted|p1b: Roter Baron\n|-damage|p1b: Roter Baron|56/100\n|move|p1b: Roter Baron|Acrobatics|p2a: Tornadus\n|-damage|p2a: Tornadus|43/100\n|move|p1a: Ludwig|Trick Room|p1a: Ludwig\n|-fieldstart|move: Trick Room|[of] p1a: Ludwig\n|\n|upkeep\n|turn|2\n|inactive|Barber1 has 30 seconds left.\n|inactive|Barber1 has 20 seconds left.\n|\n|t:|1768815450\n|move|p2a: Tornadus|Protect|p2a: Tornadus\n|-singleturn|p2a: Tornadus|Protect\n|move|p1a: Ludwig|Psychic|p2a: Tornadus\n|-activate|p2a: Tornadus|move: Protect\n|move|p1b: Roter Baron|Acrobatics|p2b: Zamazenta\n|-damage|p2b: Zamazenta|79/100\n|move|p2b: Zamazenta|Heavy Slam|p1b: Roter Baron\n|-damage|p1b: Roter Baron|24/100\n|\n|upkeep\n|turn|3\n|j| SaltyCore69\n|\n|t:|1768815474\n|-terastallize|p2a: Tornadus|Dark\n|move|p2b: Zamazenta|Wide Guard|p2b: Zamazenta\n|-singleturn|p2b: Zamazenta|Wide Guard\n|move|p1a: Ludwig|Astral Barrage|p2b: Zamazenta|[spread] \n|-activate|p2a: Tornadus|move: Wide Guard\n|-activate|p2b: Zamazenta|move: Wide Guard\n|move|p2a: Tornadus|Bleakwind Storm|p1b: Roter Baron|[spread] p1a,p1b\n|-damage|p1a: Ludwig|62/100\n|-damage|p1b: Roter Baron|0 fnt\n|faint|p1b: Roter Baron\n|-end|p1b: Roter Baron|Protosynthesis|[silent]\n|\n|upkeep\n|\n|t:|1768815487\n|switch|p1b: Tripitz|Kyogre, L50, shiny|100/100\n|-weather|RainDance|[from] ability: Drizzle|[of] p1b: Tripitz\n|turn|4\n|\n|t:|1768815506\n|switch|p2b: Raging Bolt|Raging Bolt, L50|100/100\n|move|p2a: Tornadus|Protect|p2a: Tornadus\n|-singleturn|p2a: Tornadus|Protect\n|move|p1b: Tripitz|Hydro Pump|p2b: Raging Bolt\n|-resisted|p2b: Raging Bolt\n|-damage|p2b: Raging Bolt|43/100\n|move|p1a: Ludwig|Astral Barrage|p2a: Tornadus|[spread] p2b\n|-activate|p2a: Tornadus|move: Protect\n|-damage|p2b: Raging Bolt|0 fnt\n|faint|p2b: Raging Bolt\n|-end|p2b: Raging Bolt|Protosynthesis|[silent]\n|-ability|p1a: Ludwig|Grim Neigh|boost\n|-boost|p1a: Ludwig|spa|1\n|\n|-weather|RainDance|[upkeep]\n|-sideend|p2: Barber1|move: Tailwind\n|upkeep\n|\n|t:|1768815524\n|switch|p2b: Calyrex|Calyrex-Shadow, L50|100/100\n|-ability|p2b: Calyrex|As One\n|-ability|p2b: Calyrex|Unnerve\n|turn|5\n|\n|t:|1768815541\n|move|p1a: Ludwig|Protect|p1a: Ludwig\n|-singleturn|p1a: Ludwig|Protect\n|move|p2b: Calyrex|Protect|p2b: Calyrex\n|-singleturn|p2b: Calyrex|Protect\n|move|p2a: Tornadus|Tailwind|p2a: Tornadus\n|-sidestart|p2: Barber1|move: Tailwind\n|move|p1b: Tripitz|Water Spout|p2b: Calyrex|[spread] p2a\n|-activate|p2b: Calyrex|move: Protect\n|-damage|p2a: Tornadus|0 fnt\n|faint|p2a: Tornadus\n|\n|-weather|RainDance|[upkeep]\n|-fieldend|move: Trick Room\n|upkeep\n|\n|t:|1768815552\n|switch|p2a: Zamazenta|Zamazenta-Crowned, L50|79/100\n|turn|6\n|\n|t:|1768815557\n|move|p1a: Ludwig|Protect||[still]\n|-fail|p1a: Ludwig\n|move|p2b: Calyrex|Astral Barrage|p1b: Tripitz|[spread] p1a,p1b\n|-supereffective|p1a: Ludwig\n|-damage|p1a: Ludwig|0 fnt\n|-damage|p1b: Tripitz|61/100\n|faint|p1a: Ludwig\n|-ability|p2b: Calyrex|Grim Neigh|boost\n|-boost|p2b: Calyrex|spa|1\n|move|p2a: Zamazenta|Body Press|p1b: Tripitz\n|-damage|p1b: Tripitz|6/100\n|move|p1b: Tripitz|Origin Pulse|p2a: Zamazenta|[spread] p2a,p2b\n|-damage|p2a: Zamazenta|9/100\n|-enditem|p2b: Calyrex|Focus Sash\n|-damage|p2b: Calyrex|1/100\n|\n|-weather|RainDance|[upkeep]\n|upkeep\n|-message|marcxhenry forfeited.\n|\n|win|Barber1\n|raw|marcxhenry's rating: 1399 &rarr; <strong>1376</strong><br />(-23 for losing)\n|raw|Barber1's rating: 1343 &rarr; <strong>1366</strong><br />(+23 for winning)\n|l|\u2606marcxhenry\n|player|p1|\n|l| SaltyCore69\n","uploadtime":1768815585,"views":19,"formatid":"gen9vgc2026regi","rating":1366,"private":0,"password":null}