{"id":"gen9vgc2026regi-2563618128","format":"[Gen 9] VGC 2026 Reg I","players":["theyh8_meagan","BanKingambit69247"],"log":"|j|\u2606theyh8_meagan\n|j|\u2606BanKingambit69247\n|t:|1774042894\n|gametype|doubles\n|player|p1|theyh8_meagan|shauntal|1441\n|player|p2|BanKingambit69247|1|1531\n|gen|9\n|tier|[Gen 9] VGC 2026 Reg I\n|rated|\n|rule|Species Clause: Limit one of each Pok\u00e9mon\n|rule|Item Clause: Limit 1 of each item\n|clearpoke\n|poke|p1|Calyrex-Shadow, L50|\n|poke|p1|Kyogre, L50|\n|poke|p1|Weezing-Galar, L50, M|\n|poke|p1|Indeedee-F, L50, F|\n|poke|p1|Clefairy, L50, F|\n|poke|p1|Pawmot, L50, F|\n|poke|p2|Calyrex-Shadow, L50|\n|poke|p2|Zamazenta-*, L50|\n|poke|p2|Chien-Pao, L50|\n|poke|p2|Dragonite, L50, F|\n|poke|p2|Ogerpon-Wellspring, L50, F|\n|poke|p2|Smeargle, L50, M|\n|teampreview|4\n|inactive|Battle timer is ON: inactive players will automatically lose when time's up. (requested by BanKingambit69247)\n|inactive|theyh8_meagan has 60 seconds left.\n|\n|t:|1774042940\n|teamsize|p1|4\n|teamsize|p2|4\n|start\n|switch|p1a: Kyogre|Kyogre, L50|100/100\n|switch|p1b: Indeedee|Indeedee-F, L50, F|100/100\n|switch|p2a: \u6211\u5927\u54e5|Smeargle, L50, M|100/100\n|switch|p2b: \u8bf6\u4f60\u600e\u4e48\u6b7b\u4e86?\u267f\u267f\u267f|Calyrex-Shadow, L50|100/100\n|-ability|p2b: \u8bf6\u4f60\u600e\u4e48\u6b7b\u4e86?\u267f\u267f\u267f|As One\n|-ability|p2b: \u8bf6\u4f60\u600e\u4e48\u6b7b\u4e86?\u267f\u267f\u267f|Unnerve\n|-weather|RainDance|[from] ability: Drizzle|[of] p1a: Kyogre\n|-fieldstart|move: Psychic Terrain|[from] ability: Psychic Surge|[of] p1b: Indeedee\n|turn|1\n|\n|t:|1774042956\n|-terastallize|p1a: Kyogre|Water\n|move|p2a: \u6211\u5927\u54e5|Wide Guard|p2a: \u6211\u5927\u54e5\n|-singleturn|p2a: \u6211\u5927\u54e5|Wide Guard\n|move|p1b: Indeedee|Follow Me|p1b: Indeedee\n|-singleturn|p1b: Indeedee|move: Follow Me\n|move|p1a: Kyogre|Water Spout|p2b: \u8bf6\u4f60\u600e\u4e48\u6b7b\u4e86?\u267f\u267f\u267f|[spread] \n|-activate|p2a: \u6211\u5927\u54e5|move: Wide Guard\n|-activate|p2b: \u8bf6\u4f60\u600e\u4e48\u6b7b\u4e86?\u267f\u267f\u267f|move: Wide Guard\n|move|p2b: \u8bf6\u4f60\u600e\u4e48\u6b7b\u4e86?\u267f\u267f\u267f|Pollen Puff|p1b: Indeedee\n|-supereffective|p1b: Indeedee\n|-damage|p1b: Indeedee|0 fnt\n|faint|p1b: Indeedee\n|-ability|p2b: \u8bf6\u4f60\u600e\u4e48\u6b7b\u4e86?\u267f\u267f\u267f|Grim Neigh|boost\n|-boost|p2b: \u8bf6\u4f60\u600e\u4e48\u6b7b\u4e86?\u267f\u267f\u267f|spa|1\n|\n|-weather|RainDance|[upkeep]\n|upkeep\n|\n|t:|1774042972\n|switch|p1b: Calyrex|Calyrex-Shadow, L50|100/100\n|-ability|p1b: Calyrex|As One\n|-ability|p1b: Calyrex|Unnerve\n|turn|2\n|\n|t:|1774042981\n|move|p2a: \u6211\u5927\u54e5|Wide Guard|p2a: \u6211\u5927\u54e5\n|-singleturn|p2a: \u6211\u5927\u54e5|Wide Guard\n|move|p1a: Kyogre|Water Spout|p2b: \u8bf6\u4f60\u600e\u4e48\u6b7b\u4e86?\u267f\u267f\u267f|[spread] \n|-activate|p2a: \u6211\u5927\u54e5|move: Wide Guard\n|-activate|p2b: \u8bf6\u4f60\u600e\u4e48\u6b7b\u4e86?\u267f\u267f\u267f|move: Wide Guard\n|move|p1b: Calyrex|Shadow Ball|p2b: \u8bf6\u4f60\u600e\u4e48\u6b7b\u4e86?\u267f\u267f\u267f\n|-supereffective|p2b: \u8bf6\u4f60\u600e\u4e48\u6b7b\u4e86?\u267f\u267f\u267f\n|-damage|p2b: \u8bf6\u4f60\u600e\u4e48\u6b7b\u4e86?\u267f\u267f\u267f|0 fnt\n|faint|p2b: \u8bf6\u4f60\u600e\u4e48\u6b7b\u4e86?\u267f\u267f\u267f\n|-ability|p1b: Calyrex|Grim Neigh|boost\n|-boost|p1b: Calyrex|spa|1\n|\n|-weather|RainDance|[upkeep]\n|upkeep\n|\n|t:|1774042988\n|switch|p2b: \u60f3\u51ff\u5384\u8be1\u692a(\u76f4\u7403)|Ogerpon-Wellspring, L50, F|100/100\n|turn|3\n|\n|t:|1774043006\n|move|p2a: \u6211\u5927\u54e5|Follow Me|p2a: \u6211\u5927\u54e5\n|-singleturn|p2a: \u6211\u5927\u54e5|move: Follow Me\n|move|p1a: Kyogre|Water Spout|p2b: \u60f3\u51ff\u5384\u8be1\u692a(\u76f4\u7403)|[spread] p2a\n|-immune|p2b: \u60f3\u51ff\u5384\u8be1\u692a(\u76f4\u7403)|[from] ability: Water Absorb\n|-enditem|p2a: \u6211\u5927\u54e5|Focus Sash\n|-damage|p2a: \u6211\u5927\u54e5|1/100\n|move|p1b: Calyrex|Shadow Ball|p2a: \u6211\u5927\u54e5\n|-immune|p2a: \u6211\u5927\u54e5\n|move|p2b: \u60f3\u51ff\u5384\u8be1\u692a(\u76f4\u7403)|Ivy Cudgel|p1b: Calyrex|[anim] Ivy Cudgel Water\n|-damage|p1b: Calyrex|17/100\n|\n|-weather|RainDance|[upkeep]\n|upkeep\n|turn|4\n|\n|t:|1774043022\n|move|p2a: \u6211\u5927\u54e5|Wide Guard|p2a: \u6211\u5927\u54e5\n|-singleturn|p2a: \u6211\u5927\u54e5|Wide Guard\n|move|p1a: Kyogre|Water Spout|p2b: \u60f3\u51ff\u5384\u8be1\u692a(\u76f4\u7403)|[spread] \n|-activate|p2a: \u6211\u5927\u54e5|move: Wide Guard\n|-activate|p2b: \u60f3\u51ff\u5384\u8be1\u692a(\u76f4\u7403)|move: Wide Guard\n|move|p1b: Calyrex|Shadow Ball|p2b: \u60f3\u51ff\u5384\u8be1\u692a(\u76f4\u7403)\n|-damage|p2b: \u60f3\u51ff\u5384\u8be1\u692a(\u76f4\u7403)|7/100\n|move|p2b: \u60f3\u51ff\u5384\u8be1\u692a(\u76f4\u7403)|Ivy Cudgel|p1b: Calyrex|[anim] Ivy Cudgel Water\n|-damage|p1b: Calyrex|0 fnt\n|faint|p1b: Calyrex\n|\n|-weather|RainDance|[upkeep]\n|upkeep\n|\n|t:|1774043036\n|switch|p1b: Pawmot|Pawmot, L50, F|100/100\n|turn|5\n|\n|t:|1774043060\n|move|p2a: \u6211\u5927\u54e5|Follow Me|p2a: \u6211\u5927\u54e5\n|-singleturn|p2a: \u6211\u5927\u54e5|move: Follow Me\n|move|p1a: Kyogre|Water Spout|p2b: \u60f3\u51ff\u5384\u8be1\u692a(\u76f4\u7403)|[spread] p2a\n|-heal|p2b: \u60f3\u51ff\u5384\u8be1\u692a(\u76f4\u7403)|32/100|[from] ability: Water Absorb|[of] p1a: Kyogre\n|-damage|p2a: \u6211\u5927\u54e5|0 fnt\n|faint|p2a: \u6211\u5927\u54e5\n|move|p1b: Pawmot|Close Combat|p2b: \u60f3\u51ff\u5384\u8be1\u692a(\u76f4\u7403)\n|-damage|p2b: \u60f3\u51ff\u5384\u8be1\u692a(\u76f4\u7403)|0 fnt\n|-unboost|p1b: Pawmot|def|1\n|-unboost|p1b: Pawmot|spd|1\n|faint|p2b: \u60f3\u51ff\u5384\u8be1\u692a(\u76f4\u7403)\n|\n|-weather|none\n|-fieldend|move: Psychic Terrain\n|upkeep\n|\n|t:|1774043065\n|switch|p2a: \u5f3a\u8005\u5c31\u662f\u8981\u7f9e\u8fb1\u5f31\u8005\ud83d\udc36\ud83d\udc36\ud83d\udc36|Zamazenta-Crowned, L50|100/100\n|-ability|p2a: \u5f3a\u8005\u5c31\u662f\u8981\u7f9e\u8fb1\u5f31\u8005\ud83d\udc36\ud83d\udc36\ud83d\udc36|Dauntless Shield|boost\n|-boost|p2a: \u5f3a\u8005\u5c31\u662f\u8981\u7f9e\u8fb1\u5f31\u8005\ud83d\udc36\ud83d\udc36\ud83d\udc36|def|1\n|turn|6\n|\n|t:|1774043078\n|-terastallize|p2a: \u5f3a\u8005\u5c31\u662f\u8981\u7f9e\u8fb1\u5f31\u8005\ud83d\udc36\ud83d\udc36\ud83d\udc36|Grass\n|move|p1a: Kyogre|Water Spout|p2a: \u5f3a\u8005\u5c31\u662f\u8981\u7f9e\u8fb1\u5f31\u8005\ud83d\udc36\ud83d\udc36\ud83d\udc36\n|-resisted|p2a: \u5f3a\u8005\u5c31\u662f\u8981\u7f9e\u8fb1\u5f31\u8005\ud83d\udc36\ud83d\udc36\ud83d\udc36\n|-damage|p2a: \u5f3a\u8005\u5c31\u662f\u8981\u7f9e\u8fb1\u5f31\u8005\ud83d\udc36\ud83d\udc36\ud83d\udc36|57/100\n|move|p1b: Pawmot|Revival Blessing|p1b: Pawmot\n|\n|t:|1774043085\n|-heal|p1: Calyrex|50/100|[from] move: Revival Blessing\n|move|p2a: \u5f3a\u8005\u5c31\u662f\u8981\u7f9e\u8fb1\u5f31\u8005\ud83d\udc36\ud83d\udc36\ud83d\udc36|Body Press|p1b: Pawmot\n|-enditem|p1b: Pawmot|Focus Sash\n|-damage|p1b: Pawmot|1/100\n|\n|upkeep\n|turn|7\n|-message|BanKingambit69247 forfeited.\n|\n|win|theyh8_meagan\n|raw|theyh8_meagan's rating: 1441 &rarr; <strong>1466</strong><br />(+25 for winning)\n|raw|BanKingambit69247's rating: 1531 &rarr; <strong>1506</strong><br />(-25 for losing)\n|l|\u2606BanKingambit69247\n|player|p2|\n|l|\u2606theyh8_meagan\n|player|p1|\n","uploadtime":1774043308,"views":12,"formatid":"gen9vgc2026regi","rating":1466,"private":0,"password":null}