{"id":"gen9vgc2026regi-2587203510","format":"[Gen 9] VGC 2026 Reg I","players":["CappaCobblemon","MadMozzy"],"log":"|j|\u2606CappaCobblemon\n|j|\u2606MadMozzy\n|t:|1776508445\n|gametype|doubles\n|player|p1|CappaCobblemon|101|1372\n|player|p2|MadMozzy|nate|1429\n|gen|9\n|tier|[Gen 9] VGC 2026 Reg I\n|rated|\n|rule|Species Clause: Limit one of each Pok\u00e9mon\n|rule|Item Clause: Limit 1 of each item\n|clearpoke\n|poke|p1|Calyrex-Shadow, L50|\n|poke|p1|Zamazenta-*, L50|\n|poke|p1|Farigiraf, L50, F|\n|poke|p1|Incineroar, L50, M|\n|poke|p1|Rillaboom, L50, F|\n|poke|p1|Amoonguss, L50, M|\n|poke|p2|Calyrex-Ice, L50|\n|poke|p2|Kyogre, L50|\n|poke|p2|Iron Jugulis, L50|\n|poke|p2|Basculegion, L50, M|\n|poke|p2|Smeargle, L50, F|\n|poke|p2|Rillaboom, L50, F|\n|teampreview|4\nMadMozzy has agreed to open team sheets.\n|\n|t:|1776508482\n|teamsize|p1|4\n|teamsize|p2|4\n|start\n|switch|p1a: Zamazenta|Zamazenta-Crowned, L50|100/100\n|switch|p1b: Incineroar|Incineroar, L50, M|100/100\n|switch|p2a: Kyogre|Kyogre, L50|100/100\n|switch|p2b: Iron Jugulis|Iron Jugulis, L50|100/100\n|-ability|p1a: Zamazenta|Dauntless Shield|boost\n|-boost|p1a: Zamazenta|def|1\n|-weather|RainDance|[from] ability: Drizzle|[of] p2a: Kyogre\n|-ability|p1b: Incineroar|Intimidate|boost\n|-unboost|p2a: Kyogre|atk|1\n|-unboost|p2b: Iron Jugulis|atk|1\n|-enditem|p2b: Iron Jugulis|Booster Energy\n|-activate|p2b: Iron Jugulis|ability: Quark Drive|[fromitem]\n|-start|p2b: Iron Jugulis|quarkdrivespe\n|turn|1\n|\n|t:|1776508524\n|move|p2b: Iron Jugulis|Protect|p2b: Iron Jugulis\n|-singleturn|p2b: Iron Jugulis|Protect\n|move|p1b: Incineroar|Fake Out|p2a: Kyogre\n|-damage|p2a: Kyogre|90/100\n|move|p1a: Zamazenta|Behemoth Bash|p2b: Iron Jugulis\n|-activate|p2b: Iron Jugulis|move: Protect\n|cant|p2a: Kyogre|flinch\n|\n|-weather|RainDance|[upkeep]\n|upkeep\n|turn|2\n|\n|t:|1776508548\n|switch|p1b: Rillaboom|Rillaboom, L50, F|100/100\n|-fieldstart|move: Grassy Terrain|[from] ability: Grassy Surge|[of] p1b: Rillaboom\n|move|p1a: Zamazenta|Wide Guard|p1a: Zamazenta\n|-singleturn|p1a: Zamazenta|Wide Guard\n|move|p2b: Iron Jugulis|Tailwind|p2b: Iron Jugulis\n|-sidestart|p2: MadMozzy|move: Tailwind\n|move|p2a: Kyogre|Hydro Pump|p1b: Rillaboom\n|-resisted|p1b: Rillaboom\n|-damage|p1b: Rillaboom|52/100\n|\n|-weather|RainDance|[upkeep]\n|-heal|p2a: Kyogre|96/100|[from] Grassy Terrain\n|-heal|p1b: Rillaboom|58/100|[from] Grassy Terrain\n|upkeep\n|turn|3\n|\n|t:|1776508591\n|-terastallize|p2a: Kyogre|Grass\n|move|p1b: Rillaboom|Fake Out|p2a: Kyogre\n|-damage|p2a: Kyogre|85/100\n|move|p2b: Iron Jugulis|Hurricane|p1b: Rillaboom\n|-supereffective|p1b: Rillaboom\n|-damage|p1b: Rillaboom|0 fnt\n|faint|p1b: Rillaboom\n|cant|p2a: Kyogre|flinch\n|move|p1a: Zamazenta|Body Press|p2a: Kyogre\n|-damage|p2a: Kyogre|30/100\n|\n|-weather|RainDance|[upkeep]\n|-heal|p2a: Kyogre|36/100|[from] Grassy Terrain\n|upkeep\n|\n|t:|1776508604\n|switch|p1b: Calyrex|Calyrex-Shadow, L50|100/100\n|-ability|p1b: Calyrex|As One\n|-ability|p1b: Calyrex|Unnerve\n|turn|4\n|\n|t:|1776508618\n|-terastallize|p1b: Calyrex|Fairy\n|move|p2b: Iron Jugulis|Snarl|p1b: Calyrex|[spread] p1a,p1b\n|-resisted|p1a: Zamazenta\n|-resisted|p1b: Calyrex\n|-damage|p1a: Zamazenta|95/100\n|-damage|p1b: Calyrex|92/100\n|-unboost|p1a: Zamazenta|spa|1\n|-unboost|p1b: Calyrex|spa|1\n|move|p2a: Kyogre|Hydro Pump|p1a: Zamazenta\n|-damage|p1a: Zamazenta|14/100\n|move|p1b: Calyrex|Astral Barrage|p2b: Iron Jugulis|[spread] p2a,p2b\n|-resisted|p2b: Iron Jugulis\n|-damage|p2a: Kyogre|10/100\n|-damage|p2b: Iron Jugulis|83/100\n|move|p1a: Zamazenta|Body Press|p2b: Iron Jugulis\n|-damage|p2b: Iron Jugulis|18/100\n|\n|-weather|RainDance|[upkeep]\n|-heal|p2a: Kyogre|16/100|[from] Grassy Terrain\n|-heal|p1b: Calyrex|98/100|[from] Grassy Terrain\n|-heal|p1a: Zamazenta|20/100|[from] Grassy Terrain\n|upkeep\n|turn|5\n|\n|t:|1776508645\n|move|p1b: Calyrex|Protect|p1b: Calyrex\n|-singleturn|p1b: Calyrex|Protect\n|move|p1a: Zamazenta|Protect|p1a: Zamazenta\n|-singleturn|p1a: Zamazenta|Protect\n|move|p2b: Iron Jugulis|Snarl|p1b: Calyrex|[spread] \n|-activate|p1a: Zamazenta|move: Protect\n|-activate|p1b: Calyrex|move: Protect\n|move|p2a: Kyogre|Hydro Pump|p1b: Calyrex\n|-activate|p1b: Calyrex|move: Protect\n|\n|-weather|none\n|-heal|p2a: Kyogre|22/100|[from] Grassy Terrain\n|-heal|p1b: Calyrex|100/100|[from] Grassy Terrain\n|-heal|p1a: Zamazenta|26/100|[from] Grassy Terrain\n|-sideend|p2: MadMozzy|move: Tailwind\n|upkeep\n|turn|6\n|\n|t:|1776508676\n|move|p2a: Kyogre|Protect|p2a: Kyogre\n|-singleturn|p2a: Kyogre|Protect\n|move|p2b: Iron Jugulis|Tailwind|p2b: Iron Jugulis\n|-sidestart|p2: MadMozzy|move: Tailwind\n|move|p1b: Calyrex|Astral Barrage|p2b: Iron Jugulis|[spread] p2b\n|-activate|p2a: Kyogre|move: Protect\n|-resisted|p2b: Iron Jugulis\n|-damage|p2b: Iron Jugulis|0 fnt\n|faint|p2b: Iron Jugulis\n|-end|p2b: Iron Jugulis|Quark Drive|[silent]\n|-ability|p1b: Calyrex|Grim Neigh|boost\n|-boost|p1b: Calyrex|spa|1\n|move|p1a: Zamazenta|Body Press|p2a: Kyogre\n|-activate|p2a: Kyogre|move: Protect\n|\n|-heal|p2a: Kyogre|28/100|[from] Grassy Terrain\n|-heal|p1a: Zamazenta|32/100|[from] Grassy Terrain\n|-fieldend|move: Grassy Terrain\n|upkeep\n|\n|t:|1776508696\n|switch|p2b: Basculegion|Basculegion, L50, M|100/100\n|turn|7\n|\n|t:|1776508721\n|switch|p1b: Incineroar|Incineroar, L50, M|100/100\n|-ability|p1b: Incineroar|Intimidate|boost\n|-unboost|p2a: Kyogre|atk|1\n|-unboost|p2b: Basculegion|atk|1\n|move|p1a: Zamazenta|Protect|p1a: Zamazenta\n|-singleturn|p1a: Zamazenta|Protect\n|move|p2b: Basculegion|Last Respects|p1b: Incineroar\n|-resisted|p1b: Incineroar\n|-damage|p1b: Incineroar|81/100\n|-damage|p2b: Basculegion|91/100|[from] item: Life Orb\n|move|p2a: Kyogre|Hydro Pump|p1b: Incineroar\n|-supereffective|p1b: Incineroar\n|-damage|p1b: Incineroar|0 fnt\n|faint|p1b: Incineroar\n|\n|upkeep\n|\n|t:|1776508734\n|switch|p1b: Calyrex|Calyrex-Shadow, L50, tera:Fairy|100/100\n|-ability|p1b: Calyrex|As One\n|-ability|p1b: Calyrex|Unnerve\n|turn|8\n|\n|t:|1776508755\n|move|p1b: Calyrex|Protect|p1b: Calyrex\n|-singleturn|p1b: Calyrex|Protect\n|move|p2b: Basculegion|Last Respects|p1b: Calyrex\n|-activate|p1b: Calyrex|move: Protect\n|move|p2a: Kyogre|Hydro Pump|p1b: Calyrex\n|-activate|p1b: Calyrex|move: Protect\n|move|p1a: Zamazenta|Body Press|p2a: Kyogre\n|-damage|p2a: Kyogre|0 fnt\n|faint|p2a: Kyogre\n|\n|upkeep\n|\n|t:|1776508765\n|switch|p2a: Calyrex|Calyrex-Ice, L50|100/100\n|-ability|p2a: Calyrex|As One\n|-ability|p2a: Calyrex|Unnerve\n|turn|9\n|\n|t:|1776508785\n|move|p2b: Basculegion|Last Respects|p1b: Calyrex\n|-damage|p1b: Calyrex|16/100\n|-damage|p2b: Basculegion|81/100|[from] item: Life Orb\n|move|p1b: Calyrex|Astral Barrage|p2b: Basculegion|[spread] p2a,p2b\n|-supereffective|p2a: Calyrex\n|-supereffective|p2b: Basculegion\n|-damage|p2a: Calyrex|27/100\n|-damage|p2b: Basculegion|0 fnt\n|faint|p2b: Basculegion\n|-ability|p1b: Calyrex|Grim Neigh|boost\n|-boost|p1b: Calyrex|spa|1\n|move|p1a: Zamazenta|Behemoth Bash|p2a: Calyrex\n|-supereffective|p2a: Calyrex\n|-damage|p2a: Calyrex|0 fnt\n|faint|p2a: Calyrex\n|\n|win|CappaCobblemon\n|raw|CappaCobblemon's rating: 1372 &rarr; <strong>1395</strong><br />(+23 for winning)\n|raw|MadMozzy's rating: 1429 &rarr; <strong>1406</strong><br />(-23 for losing)\n|l|\u2606MadMozzy\n|player|p2|\n|l|\u2606CappaCobblemon\n|player|p1|\n","uploadtime":1776508959,"views":7,"formatid":"gen9vgc2026regi","rating":1395,"private":0,"password":null}