{"id":"gen9vgc2026regi-2547468049","format":"[Gen 9] VGC 2026 Reg I","players":["EllenJoe2026","lalo's pollos"],"log":"|j|\u2606EllenJoe2026\n|j|\u2606lalo's pollos\n|t:|1772093850\n|gametype|doubles\n|player|p1|EllenJoe2026|iono|1538\n|player|p2|lalo's pollos|265|1509\n|gen|9\n|tier|[Gen 9] VGC 2026 Reg I\n|rated|\n|rule|Species Clause: Limit one of each Pok\u00e9mon\n|rule|Item Clause: Limit 1 of each item\n|clearpoke\n|poke|p1|Calyrex-Shadow, L50|\n|poke|p1|Zamazenta-*, L50|\n|poke|p1|Incineroar, L50, F|\n|poke|p1|Rillaboom, L50, F|\n|poke|p1|Ogerpon-Cornerstone, L50, F|\n|poke|p1|Tornadus, L50, M|\n|poke|p2|Zamazenta-*, L50|\n|poke|p2|Lunala, L50|\n|poke|p2|Rillaboom, L50, M|\n|poke|p2|Incineroar, L50, M|\n|poke|p2|Urshifu-*, L50, F|\n|poke|p2|Tornadus, L50, M|\n|teampreview|4\n|inactive|Battle timer is ON: inactive players will automatically lose when time's up. (requested by EllenJoe2026)\n|inactive|EllenJoe2026 has 60 seconds left.\n|\n|t:|1772093887\n|teamsize|p1|4\n|teamsize|p2|4\n|start\n|switch|p1a: Calyrex|Calyrex-Shadow, L50|100/100\n|switch|p1b: Incineroar|Incineroar, L50, F, shiny|100/100\n|switch|p2a: Zamazenta|Zamazenta-Crowned, L50|100/100\n|switch|p2b: Tornadus|Tornadus, L50, M|100/100\n|-ability|p1a: Calyrex|As One\n|-ability|p1a: Calyrex|Unnerve\n|-ability|p2a: Zamazenta|Dauntless Shield|boost\n|-boost|p2a: Zamazenta|def|1\n|-ability|p1b: Incineroar|Intimidate|boost\n|-unboost|p2a: Zamazenta|atk|1\n|-unboost|p2b: Tornadus|atk|1\n|turn|1\n|\n|t:|1772093911\n|move|p2a: Zamazenta|Wide Guard|p2a: Zamazenta\n|-singleturn|p2a: Zamazenta|Wide Guard\n|move|p1b: Incineroar|Fake Out|p2a: Zamazenta\n|-resisted|p2a: Zamazenta\n|-damage|p2a: Zamazenta|99/100\n|move|p1a: Calyrex|Nasty Plot|p1a: Calyrex\n|-boost|p1a: Calyrex|spa|2\n|move|p2b: Tornadus|Bleakwind Storm|p1b: Incineroar|[spread] p1a,p1b\n|-damage|p1a: Calyrex|63/100\n|-damage|p1b: Incineroar|69/100\n|-unboost|p1b: Incineroar|spe|1\n|\n|upkeep\n|turn|2\n|inactive|EllenJoe2026 has 30 seconds left.\n|\n|t:|1772093939\n|move|p1a: Calyrex|Protect|p1a: Calyrex\n|-singleturn|p1a: Calyrex|Protect\n|move|p2b: Tornadus|Tailwind|p2b: Tornadus\n|-sidestart|p2: lalo's pollos|move: Tailwind\n|move|p2a: Zamazenta|Heavy Slam|p1a: Calyrex\n|-activate|p1a: Calyrex|move: Protect\n|move|p1b: Incineroar|Parting Shot|p2b: Tornadus\n|-unboost|p2b: Tornadus|atk|1\n|-unboost|p2b: Tornadus|spa|1\n|\n|t:|1772093950\n|switch|p1b: Ogerpon|Ogerpon-Cornerstone, L50, F|100/100|[from] Parting Shot\n|\n|upkeep\n|turn|3\n|inactive|EllenJoe2026 has 30 seconds left.\n|\n|t:|1772093977\n|move|p2a: Zamazenta|Wide Guard|p2a: Zamazenta\n|-singleturn|p2a: Zamazenta|Wide Guard\n|move|p2b: Tornadus|Bleakwind Storm|p1a: Calyrex|[spread] p1a,p1b\n|-damage|p1a: Calyrex|35/100\n|-damage|p1b: Ogerpon|72/100\n|-unboost|p1b: Ogerpon|spe|1\n|move|p1a: Calyrex|Psychic|p2a: Zamazenta\n|-damage|p2a: Zamazenta|26/100\n|move|p1b: Ogerpon|Ivy Cudgel|p2b: Tornadus|[anim] Ivy Cudgel Rock\n|-supereffective|p2b: Tornadus\n|-enditem|p2b: Tornadus|Focus Sash\n|-damage|p2b: Tornadus|1/100\n|\n|upkeep\n|turn|4\n|inactive|EllenJoe2026 has 30 seconds left.\n|\n|t:|1772094006\n|move|p1a: Calyrex|Protect|p1a: Calyrex\n|-singleturn|p1a: Calyrex|Protect\n|move|p2b: Tornadus|Bleakwind Storm|p1b: Ogerpon|[spread] p1b\n|-activate|p1a: Calyrex|move: Protect\n|-damage|p1b: Ogerpon|41/100\n|-unboost|p1b: Ogerpon|spe|1\n|move|p2a: Zamazenta|Heavy Slam|p1a: Calyrex\n|-activate|p1a: Calyrex|move: Protect\n|move|p1b: Ogerpon|Ivy Cudgel|p2b: Tornadus|[anim] Ivy Cudgel Rock\n|-supereffective|p2b: Tornadus\n|-damage|p2b: Tornadus|0 fnt\n|faint|p2b: Tornadus\n|\n|upkeep\n|\n|t:|1772094010\n|switch|p2b: Urshifu|Urshifu-Rapid-Strike, L50, F|100/100\n|turn|5\n|inactive|EllenJoe2026 has 30 seconds left.\n|\n|t:|1772094037\n|move|p1b: Ogerpon|Follow Me|p1b: Ogerpon\n|-singleturn|p1b: Ogerpon|move: Follow Me\n|move|p2a: Zamazenta|Body Press|p1b: Ogerpon\n|-supereffective|p1b: Ogerpon\n|-damage|p1b: Ogerpon|0 fnt\n|faint|p1b: Ogerpon\n|move|p2b: Urshifu|Surging Strikes|p1a: Calyrex\n|-crit|p1a: Calyrex\n|-damage|p1a: Calyrex|1/100\n|-crit|p1a: Calyrex\n|-damage|p1a: Calyrex|0 fnt\n|faint|p1a: Calyrex\n|-hitcount|p1: Calyrex|2\n|\n|-sideend|p2: lalo's pollos|move: Tailwind\n|upkeep\n|\n|t:|1772094042\n|switch|p1a: Zamazenta|Zamazenta-Crowned, L50, shiny|100/100\n|switch|p1b: Incineroar|Incineroar, L50, F, shiny|69/100\n|-ability|p1a: Zamazenta|Dauntless Shield|boost\n|-boost|p1a: Zamazenta|def|1\n|-ability|p1b: Incineroar|Intimidate|boost\n|-unboost|p2a: Zamazenta|atk|1\n|-unboost|p2b: Urshifu|atk|1\n|turn|6\n|inactive|EllenJoe2026 has 30 seconds left.\n|\n|t:|1772094073\n|move|p2a: Zamazenta|Protect|p2a: Zamazenta\n|-singleturn|p2a: Zamazenta|Protect\n|move|p2b: Urshifu|Detect|p2b: Urshifu\n|-singleturn|p2b: Urshifu|Protect\n|move|p1b: Incineroar|Fake Out|p2b: Urshifu\n|-activate|p2b: Urshifu|move: Protect\n|move|p1a: Zamazenta|Body Press|p2a: Zamazenta\n|-activate|p2a: Zamazenta|move: Protect\n|\n|upkeep\n|turn|7\n|\n|t:|1772094085\n|-terastallize|p2b: Urshifu|Water\n|move|p2a: Zamazenta|Body Press|p1b: Incineroar\n|-supereffective|p1b: Incineroar\n|-crit|p1b: Incineroar\n|-damage|p1b: Incineroar|0 fnt\n|faint|p1b: Incineroar\n|move|p1a: Zamazenta|Body Press|p2a: Zamazenta\n|-supereffective|p2a: Zamazenta\n|-damage|p2a: Zamazenta|0 fnt\n|faint|p2a: Zamazenta\n|move|p2b: Urshifu|Surging Strikes|p1a: Zamazenta\n|-crit|p1a: Zamazenta\n|-damage|p1a: Zamazenta|81/100\n|-crit|p1a: Zamazenta\n|-damage|p1a: Zamazenta|62/100\n|-crit|p1a: Zamazenta\n|-damage|p1a: Zamazenta|44/100\n|-hitcount|p1a: Zamazenta|3\n|\n|upkeep\n|-message|EllenJoe2026 forfeited.\n|\n|win|lalo's pollos\n|raw|EllenJoe2026's rating: 1538 &rarr; <strong>1516</strong><br />(-22 for losing)\n|raw|lalo&apos;s pollos's rating: 1509 &rarr; <strong>1531</strong><br />(+22 for winning)\n|l|\u2606EllenJoe2026\n|player|p1|\n|l|\u2606lalo's pollos\n|player|p2|\n","uploadtime":1772094243,"views":17,"formatid":"gen9vgc2026regi","rating":1516,"private":0,"password":null}