{"id":"gen9vgc2026regi-2540142265","format":"[Gen 9] VGC 2026 Reg I","players":["SEITA","SHyperdestroyerVGC"],"log":"|j|\u2606SEITA\n|j|\u2606SHyperdestroyerVGC\n|t:|1771167869\n|gametype|doubles\n|player|p1|SEITA|lucas-gen4pt|1486\n|player|p2|SHyperdestroyerVGC|lady|1358\n|gen|9\n|tier|[Gen 9] VGC 2026 Reg I\n|rated|\n|rule|Species Clause: Limit one of each Pok\u00e9mon\n|rule|Item Clause: Limit 1 of each item\n|clearpoke\n|poke|p1|Zamazenta-*, L50|\n|poke|p1|Kyogre, L50|\n|poke|p1|Wo-Chien, L50|\n|poke|p1|Grimmsnarl, L50, M|\n|poke|p1|Rhyperior, L50, M|\n|poke|p1|Ditto, L50|\n|poke|p2|Miraidon, L50|\n|poke|p2|Calyrex-Ice, L50|\n|poke|p2|Iron Hands, L50|\n|poke|p2|Chi-Yu, L50|\n|poke|p2|Urshifu-*, L50, M|\n|poke|p2|Whimsicott, L50, M|\n|teampreview|4\n|\n|t:|1771167888\n|teamsize|p1|4\n|teamsize|p2|4\n|start\n|switch|p1a: Grimmsnarl|Grimmsnarl, L50, M|100/100\n|switch|p1b: Zamazenta|Zamazenta-Crowned, L50|100/100\n|switch|p2a: Miraidon|Miraidon, L50|100/100\n|switch|p2b: Whimsicott|Whimsicott, L50, M|100/100\n|-fieldstart|move: Electric Terrain|[from] ability: Hadron Engine|[of] p2a: Miraidon\n|-ability|p1b: Zamazenta|Dauntless Shield|boost\n|-boost|p1b: Zamazenta|def|1\n|turn|1\n|\n|t:|1771167908\n|move|p2b: Whimsicott|Tailwind|p2b: Whimsicott\n|-sidestart|p2: SHyperdestroyerVGC|move: Tailwind\n|move|p1a: Grimmsnarl|Parting Shot|p2a: Miraidon\n|-unboost|p2a: Miraidon|atk|1\n|-unboost|p2a: Miraidon|spa|1\n|\n|t:|1771167913\n|switch|p1a: Rhyperior|Rhyperior, L50, M|100/100|[from] Parting Shot\n|move|p2a: Miraidon|Volt Switch|p1a: Rhyperior\n|-ability|p1a: Rhyperior|Lightning Rod|boost\n|-boost|p1a: Rhyperior|spa|1\n|move|p1b: Zamazenta|Body Press|p2a: Miraidon\n|-damage|p2a: Miraidon|41/100\n|\n|upkeep\n|turn|2\n|\n|t:|1771167927\n|switch|p2a: Iron Hands|Iron Hands, L50|100/100\n|-activate|p2a: Iron Hands|ability: Quark Drive\n|-start|p2a: Iron Hands|quarkdriveatk\n|move|p2b: Whimsicott|Encore|p1b: Zamazenta\n|-start|p1b: Zamazenta|Encore\n|move|p1b: Zamazenta|Body Press|p2a: Iron Hands\n|-damage|p2a: Iron Hands|57/100\n|move|p1a: Rhyperior|Crunch|p2b: Whimsicott\n|-resisted|p2b: Whimsicott\n|-damage|p2b: Whimsicott|86/100\n|\n|upkeep\n|turn|3\n|\n|t:|1771167949\n|switch|p2b: Miraidon|Miraidon, L50|41/100\n|-activate|p2b: Miraidon|ability: Hadron Engine\n|switch|p1a: Grimmsnarl|Grimmsnarl, L50, M|100/100\n|move|p2a: Iron Hands|Fake Out|p1b: Zamazenta\n|-resisted|p1b: Zamazenta\n|-damage|p1b: Zamazenta|96/100\n|cant|p1b: Zamazenta|flinch\n|\n|upkeep\n|turn|4\n|j| lunala fairy ghost\n|\n|t:|1771167993\n|-terastallize|p2b: Miraidon|Fairy\n|move|p1a: Grimmsnarl|Light Screen|p1a: Grimmsnarl\n|-sidestart|p1: SEITA|move: Light Screen\n|move|p2b: Miraidon|Dazzling Gleam|p1b: Zamazenta|[spread] p1a,p1b\n|-supereffective|p1a: Grimmsnarl\n|-damage|p1a: Grimmsnarl|5/100\n|-damage|p1b: Zamazenta|67/100\n|move|p1b: Zamazenta|Body Press|p2b: Miraidon\n|-resisted|p2b: Miraidon\n|-damage|p2b: Miraidon|14/100\n|move|p2a: Iron Hands|Drain Punch|p1b: Zamazenta\n|-supereffective|p1b: Zamazenta\n|-damage|p1b: Zamazenta|19/100\n|-heal|p2a: Iron Hands|77/100|[from] drain|[of] p1b: Zamazenta\n|\n|-end|p1b: Zamazenta|Encore\n|-sideend|p2: SHyperdestroyerVGC|move: Tailwind\n|upkeep\n|turn|5\n|l| lunala fairy ghost\n|\n|t:|1771168032\n|switch|p2b: Calyrex|Calyrex-Ice, L50|100/100\n|-ability|p2b: Calyrex|As One\n|-ability|p2b: Calyrex|Unnerve\n|move|p1b: Zamazenta|Protect|p1b: Zamazenta\n|-singleturn|p1b: Zamazenta|Protect\n|move|p1a: Grimmsnarl|Reflect|p1a: Grimmsnarl\n|-sidestart|p1: SEITA|Reflect\n|move|p2a: Iron Hands|Wild Charge|p1b: Zamazenta\n|-activate|p1b: Zamazenta|move: Protect\n|\n|-fieldend|move: Electric Terrain\n|-end|p2a: Iron Hands|Quark Drive\n|upkeep\n|turn|6\n|\n|t:|1771168087\n|move|p1b: Zamazenta|Body Press|p2a: Iron Hands\n|-crit|p2a: Iron Hands\n|-damage|p2a: Iron Hands|14/100\n|move|p1a: Grimmsnarl|Spirit Break|p2a: Iron Hands\n|-supereffective|p2a: Iron Hands\n|-damage|p2a: Iron Hands|0 fnt\n|faint|p2a: Iron Hands\n|-end|p2a: Iron Hands|Quark Drive|[silent]\n|move|p2b: Calyrex|Glacial Lance|p1a: Grimmsnarl|[spread] p1a,p1b\n|-resisted|p1b: Zamazenta\n|-damage|p1a: Grimmsnarl|0 fnt\n|-damage|p1b: Zamazenta|12/100\n|faint|p1a: Grimmsnarl\n|-ability|p2b: Calyrex|Chilling Neigh|boost\n|-boost|p2b: Calyrex|atk|1\n|\n|upkeep\n|\n|t:|1771168105\n|switch|p1a: Rhyperior|Rhyperior, L50, M|100/100\n|switch|p2a: Miraidon|Miraidon, L50, tera:Fairy|14/100\n|-fieldstart|move: Electric Terrain|[from] ability: Hadron Engine|[of] p2a: Miraidon\n|turn|7\n|\n|t:|1771168131\n|-terastallize|p1a: Rhyperior|Water\n|move|p1b: Zamazenta|Protect|p1b: Zamazenta\n|-singleturn|p1b: Zamazenta|Protect\n|move|p2a: Miraidon|Draco Meteor|p1a: Rhyperior\n|-damage|p1a: Rhyperior|28/100\n|-unboost|p2a: Miraidon|spa|2\n|move|p1a: Rhyperior|High Horsepower|p2a: Miraidon\n|-damage|p2a: Miraidon|0 fnt\n|faint|p2a: Miraidon\n|move|p2b: Calyrex|Trick Room|p2b: Calyrex\n|-fieldstart|move: Trick Room|[of] p2b: Calyrex\n|\n|upkeep\n|\n|t:|1771168144\n|switch|p2a: Whimsicott|Whimsicott, L50, M|86/100\n|turn|8\n|\n|t:|1771168167\n|move|p2a: Whimsicott|Encore|p1a: Rhyperior\n|-start|p1a: Rhyperior|Encore\n|move|p1a: Rhyperior|High Horsepower|p2b: Calyrex\n|-damage|p2b: Calyrex|67/100\n|move|p2b: Calyrex|Glacial Lance|p1a: Rhyperior|[spread] p1a,p1b\n|-resisted|p1a: Rhyperior\n|-resisted|p1b: Zamazenta\n|-damage|p1a: Rhyperior|10/100\n|-damage|p1b: Zamazenta|3/100\n|move|p1b: Zamazenta|Behemoth Bash|p2a: Whimsicott\n|-supereffective|p2a: Whimsicott\n|-damage|p2a: Whimsicott|0 fnt\n|faint|p2a: Whimsicott\n|\n|-heal|p2b: Calyrex|72/100|[from] item: Leftovers\n|upkeep\n|turn|9\n|\n|t:|1771168203\n|move|p1b: Zamazenta|Protect|p1b: Zamazenta\n|-singleturn|p1b: Zamazenta|Protect\n|move|p1a: Rhyperior|High Horsepower|p2b: Calyrex\n|-damage|p2b: Calyrex|42/100\n|move|p2b: Calyrex|Glacial Lance|p1a: Rhyperior|[spread] p1a\n|-activate|p1b: Zamazenta|move: Protect\n|-resisted|p1a: Rhyperior\n|-damage|p1a: Rhyperior|0 fnt\n|faint|p1a: Rhyperior\n|-ability|p2b: Calyrex|Chilling Neigh|boost\n|-boost|p2b: Calyrex|atk|1\n|\n|-heal|p2b: Calyrex|47/100|[from] item: Leftovers\n|upkeep\n|\n|t:|1771168217\n|switch|p1a: Kyogre|Kyogre, L50|100/100\n|-weather|RainDance|[from] ability: Drizzle|[of] p1a: Kyogre\n|turn|10\n|\n|t:|1771168223\n|move|p1b: Zamazenta|Protect|p1b: Zamazenta\n|-singleturn|p1b: Zamazenta|Protect\n|move|p2b: Calyrex|Glacial Lance|p1a: Kyogre|[spread] p1a\n|-activate|p1b: Zamazenta|move: Protect\n|-resisted|p1a: Kyogre\n|-damage|p1a: Kyogre|72/100\n|move|p1a: Kyogre|Origin Pulse|p2b: Calyrex\n|-damage|p2b: Calyrex|0 fnt\n|faint|p2b: Calyrex\n|\n|win|SEITA\n|raw|SEITA's rating: 1486 &rarr; <strong>1499</strong><br />(+13 for winning)\n|raw|SHyperdestroyerVGC's rating: 1358 &rarr; <strong>1345</strong><br />(-13 for losing)\n|l|\u2606SHyperdestroyerVGC\n|player|p2|\n|l|\u2606SEITA\n|player|p1|\n","uploadtime":1771168380,"views":35,"formatid":"gen9vgc2026regi","rating":1345,"private":0,"password":null}