{"id":"gen9vgc2026regi-2549611807","format":"[Gen 9] VGC 2026 Reg I","players":["Rypassed You","Schimmli"],"log":"|j|\u2606Rypassed You\n|j|\u2606Schimmli\n|t:|1772389849\n|gametype|doubles\n|player|p1|Rypassed You|drayton|1610\n|player|p2|Schimmli|266|1459\n|gen|9\n|tier|[Gen 9] VGC 2026 Reg I\n|rated|\n|rule|Species Clause: Limit one of each Pok\u00e9mon\n|rule|Item Clause: Limit 1 of each item\n|clearpoke\n|poke|p1|Kyogre, L50|\n|poke|p1|Miraidon, L50|\n|poke|p1|Tornadus, L50, M|\n|poke|p1|Iron Hands, L50|\n|poke|p1|Farigiraf, L50, F|\n|poke|p1|Urshifu-*, L50, M|\n|poke|p2|Farigiraf, L50, F|\n|poke|p2|Miraidon, L50|\n|poke|p2|Rayquaza, L50|\n|poke|p2|Chien-Pao, L50|\n|poke|p2|Iron Hands, L50|\n|poke|p2|Volcarona, L50, M|\n|teampreview|4\n|inactive|Battle timer is ON: inactive players will automatically lose when time's up. (requested by Rypassed You)\n|\n|t:|1772389863\n|teamsize|p1|4\n|teamsize|p2|4\n|start\n|switch|p1a: \u30c8\u30eb\u30cd\u30ed\u30b9|Tornadus, L50, M|100/100\n|switch|p1b: Natalia|Miraidon, L50|100/100\n|switch|p2a: Miraidon|Miraidon, L50|100/100\n|switch|p2b: Rayquaza|Rayquaza, L50|100/100\n|-fieldstart|move: Electric Terrain|[from] ability: Hadron Engine|[of] p2a: Miraidon\n|-activate|p1b: Natalia|ability: Hadron Engine\n|-ability|p2b: Rayquaza|Air Lock\n|turn|1\n|j| globalfish39\n|\n|t:|1772389876\n|-terastallize|p1b: Natalia|Fairy\n|move|p2b: Rayquaza|Protect|p2b: Rayquaza\n|-singleturn|p2b: Rayquaza|Protect\n|move|p1a: \u30c8\u30eb\u30cd\u30ed\u30b9|Tailwind|p1a: \u30c8\u30eb\u30cd\u30ed\u30b9\n|-sidestart|p1: Rypassed You|move: Tailwind\n|move|p1b: Natalia|Dazzling Gleam|p2a: Miraidon|[spread] p2a\n|-activate|p2b: Rayquaza|move: Protect\n|-supereffective|p2a: Miraidon\n|-damage|p2a: Miraidon|0 fnt\n|faint|p2a: Miraidon\n|\n|upkeep\n|\n|t:|1772389887\n|switch|p2a: Volcarona|Volcarona, L50, M|100/100\n|turn|2\n|\n|t:|1772389898\n|-terastallize|p2b: Rayquaza|Normal\n|move|p1b: Natalia|Dazzling Gleam|p2b: Rayquaza|[spread] p2a,p2b\n|-resisted|p2a: Volcarona\n|-damage|p2a: Volcarona|74/100\n|-damage|p2b: Rayquaza|32/100\n|move|p1a: \u30c8\u30eb\u30cd\u30ed\u30b9|Bleakwind Storm|p2a: Volcarona|[spread] p2a\n|-miss|p1a: \u30c8\u30eb\u30cd\u30ed\u30b9|p2b: Rayquaza\n|-supereffective|p2a: Volcarona\n|-damage|p2a: Volcarona|6/100\n|-unboost|p2a: Volcarona|spe|1\n|move|p2b: Rayquaza|Swords Dance|p2b: Rayquaza\n|-boost|p2b: Rayquaza|atk|2\n|move|p2a: Volcarona|Struggle Bug|p1a: \u30c8\u30eb\u30cd\u30ed\u30b9|[spread] p1a,p1b\n|-resisted|p1a: \u30c8\u30eb\u30cd\u30ed\u30b9\n|-resisted|p1b: Natalia\n|-damage|p1a: \u30c8\u30eb\u30cd\u30ed\u30b9|89/100\n|-damage|p1b: Natalia|93/100\n|-unboost|p1a: \u30c8\u30eb\u30cd\u30ed\u30b9|spa|1\n|-unboost|p1b: Natalia|spa|1\n|\n|upkeep\n|turn|3\n|\n|t:|1772389918\n|switch|p1a: Josy|Farigiraf, L50, F|100/100\n|-enditem|p1a: Josy|Electric Seed\n|-boost|p1a: Josy|def|1|[from] item: Electric Seed\n|move|p2b: Rayquaza|Protect|p2b: Rayquaza\n|-singleturn|p2b: Rayquaza|Protect\n|move|p1b: Natalia|Dazzling Gleam|p2b: Rayquaza|[spread] p2a\n|-activate|p2b: Rayquaza|move: Protect\n|-resisted|p2a: Volcarona\n|-damage|p2a: Volcarona|0 fnt\n|faint|p2a: Volcarona\n|\n|upkeep\n|\n|t:|1772389926\n|switch|p2a: Chien-Pao|Chien-Pao, L50|100/100\n|-ability|p2a: Chien-Pao|Sword of Ruin\n|turn|4\n|\n|t:|1772389931\n|move|p2a: Chien-Pao|Protect|p2a: Chien-Pao\n|-singleturn|p2a: Chien-Pao|Protect\n|move|p2b: Rayquaza|Protect|p2b: Rayquaza\n|-singleturn|p2b: Rayquaza|Protect\n|move|p1b: Natalia|Dazzling Gleam|p2b: Rayquaza|[spread] \n|-activate|p2a: Chien-Pao|move: Protect\n|-activate|p2b: Rayquaza|move: Protect\n|move|p1a: Josy|Foul Play|p2b: Rayquaza\n|-activate|p2b: Rayquaza|move: Protect\n|\n|-sideend|p1: Rypassed You|move: Tailwind\n|upkeep\n|turn|5\n|\n|t:|1772389944\n|move|p2a: Chien-Pao|Icicle Crash|p1b: Natalia\n|-damage|p1b: Natalia|33/100\n|move|p1b: Natalia|Dazzling Gleam|p2b: Rayquaza|[spread] p2a,p2b\n|-supereffective|p2a: Chien-Pao\n|-enditem|p2a: Chien-Pao|Focus Sash\n|-damage|p2a: Chien-Pao|1/100\n|-damage|p2b: Rayquaza|0 fnt\n|faint|p2b: Rayquaza\n|move|p1a: Josy|Foul Play|p2a: Chien-Pao\n|-resisted|p2a: Chien-Pao\n|-damage|p2a: Chien-Pao|0 fnt\n|faint|p2a: Chien-Pao\n|\n|win|Rypassed You\n|raw|Rypassed You's rating: 1610 &rarr; <strong>1622</strong><br />(+12 for winning)\n|raw|Schimmli's rating: 1459 &rarr; <strong>1447</strong><br />(-12 for losing)\n|l|\u2606Schimmli\n|player|p2|\n|l|\u2606Rypassed You\n|player|p1|\n","uploadtime":1772390180,"views":15,"formatid":"gen9vgc2026regi","rating":1447,"private":0,"password":null}