{"id":"gen9vgc2026regi-2561299222","format":"[Gen 9] VGC 2026 Reg I","players":["marcxhenry","Ice124567890"],"log":"|j|\u2606marcxhenry\n|j|\u2606Ice124567890\n|t:|1773781737\n|gametype|doubles\n|player|p1|marcxhenry|hilbert-wonderlauncher|1332\n|player|p2|Ice124567890|266|1387\n|gen|9\n|tier|[Gen 9] VGC 2026 Reg I\n|rated|\n|rule|Species Clause: Limit one of each Pok\u00e9mon\n|rule|Item Clause: Limit 1 of each item\n|clearpoke\n|poke|p1|Calyrex-Shadow, L50|\n|poke|p1|Urshifu-*, L50, M|\n|poke|p1|Roaring Moon, L50|\n|poke|p1|Kyogre, L50|\n|poke|p1|Tsareena, L50, F|\n|poke|p1|Kingambit, L50, M|\n|poke|p2|Koraidon, L50|\n|poke|p2|Lunala, L50|\n|poke|p2|Incineroar, L50, F|\n|poke|p2|Ursaluna, L50, M|\n|poke|p2|Amoonguss, L50, F|\n|poke|p2|Flutter Mane, L50|\n|teampreview|4\n|inactive|Battle timer is ON: inactive players will automatically lose when time's up. (requested by Ice124567890)\n|\n|t:|1773781759\n|teamsize|p1|4\n|teamsize|p2|4\n|start\n|switch|p1a: Ludwig|Calyrex-Shadow, L50|100/100\n|switch|p1b: Hermann|Kingambit, L50, M, shiny|100/100\n|switch|p2a: Lunala|Lunala, L50|100/100\n|switch|p2b: Incineroar|Incineroar, L50, F|100/100\n|-ability|p1a: Ludwig|As One\n|-ability|p1a: Ludwig|Unnerve\n|-ability|p2b: Incineroar|Intimidate|boost\n|-unboost|p1a: Ludwig|atk|1\n|-unboost|p1b: Hermann|atk|1\n|-ability|p1b: Hermann|Defiant|boost\n|-boost|p1b: Hermann|atk|2\n|turn|1\n|\n|t:|1773781784\n|switch|p1a: Hitmonshe|Tsareena, L50, F, shiny|100/100\n|-terastallize|p2a: Lunala|Fairy\n|move|p2b: Incineroar|Fake Out||[still]\n|cant|p1a: Hitmonshe|ability: Queenly Majesty|Fake Out|[of] p2b: Incineroar\n|move|p2a: Lunala|Moongeist Beam|p1a: Hitmonshe\n|-damage|p1a: Hitmonshe|37/100\n|move|p1b: Hermann|Iron Head|p2a: Lunala\n|-supereffective|p2a: Lunala\n|-damage|p2a: Lunala|42/100\n|\n|upkeep\n|turn|2\n|inactive|Ice124567890 has 30 seconds left.\n|inactive|Ice124567890 has 20 seconds left.\n|\n|t:|1773781819\n|move|p1a: Hitmonshe|Protect|p1a: Hitmonshe\n|-singleturn|p1a: Hitmonshe|Protect\n|move|p2a: Lunala|Moonblast|p1a: Hitmonshe\n|-activate|p1a: Hitmonshe|move: Protect\n|move|p1b: Hermann|Brick Break|p2b: Incineroar\n|-supereffective|p2b: Incineroar\n|-damage|p2b: Incineroar|31/100\n|move|p2b: Incineroar|Flare Blitz|p1b: Hermann\n|-supereffective|p1b: Hermann\n|-damage|p1b: Hermann|32/100\n|-damage|p2b: Incineroar|8/100|[from] Recoil\n|\n|upkeep\n|turn|3\n|\n|t:|1773781840\n|move|p2a: Lunala|Moonblast|p1a: Hitmonshe\n|-damage|p1a: Hitmonshe|0 fnt\n|faint|p1a: Hitmonshe\n|move|p1b: Hermann|Iron Head|p2b: Incineroar\n|-resisted|p2b: Incineroar\n|-damage|p2b: Incineroar|0 fnt\n|faint|p2b: Incineroar\n|\n|upkeep\n|inactive|Ice124567890 has 30 seconds left.\n|\n|t:|1773781875\n|switch|p1a: Ludwig|Calyrex-Shadow, L50|100/100\n|switch|p2b: Amoonguss|Amoonguss, L50, F|100/100\n|-ability|p1a: Ludwig|As One\n|-ability|p1a: Ludwig|Unnerve\n|turn|4\n|\n|t:|1773781893\n|-terastallize|p1a: Ludwig|Normal\n|move|p1a: Ludwig|Psychic|p2b: Amoonguss\n|-supereffective|p2b: Amoonguss\n|-damage|p2b: Amoonguss|1/100\n|move|p2a: Lunala|Moonblast|p1b: Hermann\n|-damage|p1b: Hermann|0 fnt\n|faint|p1b: Hermann\n|move|p2b: Amoonguss|Spore|p1a: Ludwig\n|-status|p1a: Ludwig|slp|[from] move: Spore\n|\n|upkeep\n|\n|t:|1773781902\n|switch|p1b: Tripitz|Kyogre, L50, shiny|100/100\n|-weather|RainDance|[from] ability: Drizzle|[of] p1b: Tripitz\n|turn|5\n|\n|t:|1773781915\n|switch|p2b: Koraidon|Koraidon, L50|100/100\n|-weather|SunnyDay|[from] ability: Orichalcum Pulse|[of] p2b: Koraidon\n|-activate|p2b: Koraidon|Orichalcum Pulse|[source]\n|cant|p1a: Ludwig|slp\n|move|p1b: Tripitz|Hydro Pump|p2a: Lunala|[miss]\n|-miss|p1b: Tripitz|p2a: Lunala\n|move|p2a: Lunala|Moonblast|p1a: Ludwig\n|-damage|p1a: Ludwig|50/100 slp\n|-unboost|p1a: Ludwig|spa|1\n|\n|-weather|SunnyDay|[upkeep]\n|upkeep\n|turn|6\n|\n|t:|1773781935\n|-curestatus|p1a: Ludwig|slp|[msg]\n|move|p1a: Ludwig|Psychic|p2b: Koraidon\n|-supereffective|p2b: Koraidon\n|-damage|p2b: Koraidon|24/100\n|-unboost|p2b: Koraidon|spd|1\n|move|p2b: Koraidon|Close Combat|p1a: Ludwig\n|-supereffective|p1a: Ludwig\n|-crit|p1a: Ludwig\n|-damage|p1a: Ludwig|0 fnt\n|-unboost|p2b: Koraidon|def|1\n|-unboost|p2b: Koraidon|spd|1\n|faint|p1a: Ludwig\n|-damage|p2b: Koraidon|15/100|[from] item: Life Orb\n|move|p1b: Tripitz|Origin Pulse|p2a: Lunala|[spread] p2a\n|-miss|p1b: Tripitz|p2b: Koraidon\n|-damage|p2a: Lunala|22/100\n|move|p2a: Lunala|Moongeist Beam|p1b: Tripitz\n|-damage|p1b: Tripitz|58/100\n|\n|-weather|SunnyDay|[upkeep]\n|upkeep\n|turn|7\n|c|\u2606marcxhenry|cmon\n|c|\u2606marcxhenry|i won 3 turns ago\n|-message|marcxhenry forfeited.\n|\n|win|Ice124567890\n|raw|marcxhenry's rating: 1332 &rarr; <strong>1314</strong><br />(-18 for losing)\n|raw|Ice124567890's rating: 1366 &rarr; <strong>1384</strong><br />(+18 for winning)\n|l|\u2606marcxhenry\n|player|p1|\n|l|\u2606Ice124567890\n|player|p2|\n","uploadtime":1773782236,"views":10,"formatid":"gen9vgc2026regi","rating":1314,"private":0,"password":null}