{"id":"gen9vgc2026regi-2535414073","format":"[Gen 9] VGC 2026 Reg I","players":["j0l0k0","kaysen123456"],"log":"|j|\u2606j0l0k0\n|j|\u2606kaysen123456\n|t:|1770565212\n|gametype|doubles\n|player|p1|j0l0k0|brycen|1405\n|player|p2|kaysen123456|cynthia-gen4|1312\n|gen|9\n|tier|[Gen 9] VGC 2026 Reg I\n|rated|\n|rule|Species Clause: Limit one of each Pok\u00e9mon\n|rule|Item Clause: Limit 1 of each item\n|clearpoke\n|poke|p1|Calyrex-Ice, L50|\n|poke|p1|Kyogre, L50|\n|poke|p1|Indeedee-F, L50, F|\n|poke|p1|Urshifu-*, L50, F|\n|poke|p1|Amoonguss, L50, F|\n|poke|p1|Landorus, L50, M|\n|poke|p2|Calyrex-Shadow, L50|\n|poke|p2|Zamazenta-*, L50|\n|poke|p2|Chien-Pao, L50|\n|poke|p2|Chi-Yu, L50|\n|poke|p2|Ogerpon-Cornerstone, L50, F|\n|poke|p2|Amoonguss, L50, F|\n|teampreview|4\n|inactive|Battle timer is ON: inactive players will automatically lose when time's up. (requested by j0l0k0)\n|\n|t:|1770565225\n|teamsize|p1|4\n|teamsize|p2|4\n|start\n|switch|p1a: Indeedee|Indeedee-F, L50, F, shiny|100/100\n|switch|p1b: Calyrex|Calyrex-Ice, L50|100/100\n|switch|p2a: Zamazenta|Zamazenta-Crowned, L50|100/100\n|switch|p2b: Chien-Pao|Chien-Pao, L50|100/100\n|-ability|p1b: Calyrex|As One\n|-ability|p1b: Calyrex|Unnerve\n|-ability|p2b: Chien-Pao|Sword of Ruin\n|-ability|p2a: Zamazenta|Dauntless Shield|boost\n|-boost|p2a: Zamazenta|def|1\n|-fieldstart|move: Psychic Terrain|[from] ability: Psychic Surge|[of] p1a: Indeedee\n|turn|1\n|\n|t:|1770565247\n|switch|p2b: Amoonguss|Amoonguss, L50, F|100/100\n|move|p1a: Indeedee|Follow Me|p1a: Indeedee\n|-singleturn|p1a: Indeedee|move: Follow Me\n|move|p2a: Zamazenta|Body Press|p1a: Indeedee\n|-damage|p1a: Indeedee|27/100\n|move|p1b: Calyrex|Trick Room|p1b: Calyrex\n|-fieldstart|move: Trick Room|[of] p1b: Calyrex\n|\n|upkeep\n|turn|2\n|inactive|kaysen123456 has 30 seconds left.\n|\n|t:|1770565278\n|move|p2a: Zamazenta|Wide Guard|p2a: Zamazenta\n|-singleturn|p2a: Zamazenta|Wide Guard\n|move|p1a: Indeedee|Follow Me|p1a: Indeedee\n|-singleturn|p1a: Indeedee|move: Follow Me\n|move|p2b: Amoonguss|Spore|p1a: Indeedee\n|-activate|p1a: Indeedee|item: Safety Goggles|Spore\n|move|p1b: Calyrex|Glacial Lance|p2b: Amoonguss|[spread] \n|-activate|p2a: Zamazenta|move: Wide Guard\n|-activate|p2b: Amoonguss|move: Wide Guard\n|\n|upkeep\n|turn|3\n|inactive|kaysen123456 has 30 seconds left.\n|inactive|kaysen123456 has 20 seconds left.\n|\n|t:|1770565315\n|move|p1a: Indeedee|Follow Me|p1a: Indeedee\n|-singleturn|p1a: Indeedee|move: Follow Me\n|move|p2b: Amoonguss|Sludge Bomb|p1a: Indeedee\n|-damage|p1a: Indeedee|3/100\n|-status|p1a: Indeedee|psn\n|move|p1b: Calyrex|Glacial Lance|p2b: Amoonguss|[spread] p2a,p2b\n|-resisted|p2a: Zamazenta\n|-supereffective|p2b: Amoonguss\n|-damage|p2a: Zamazenta|89/100\n|-damage|p2b: Amoonguss|13/100\n|move|p2a: Zamazenta|Body Press|p1a: Indeedee\n|-damage|p1a: Indeedee|0 fnt\n|faint|p1a: Indeedee\n|\n|upkeep\n|\n|t:|1770565323\n|switch|p1a: Kyogre|Kyogre, L50, shiny|100/100\n|-weather|RainDance|[from] ability: Drizzle|[of] p1a: Kyogre\n|turn|4\n|\n|t:|1770565342\n|-terastallize|p1a: Kyogre|Grass\n|move|p2b: Amoonguss|Protect|p2b: Amoonguss\n|-singleturn|p2b: Amoonguss|Protect\n|move|p2a: Zamazenta|Protect|p2a: Zamazenta\n|-singleturn|p2a: Zamazenta|Protect\n|move|p1b: Calyrex|Crunch|p2b: Amoonguss\n|-activate|p2b: Amoonguss|move: Protect\n|move|p1a: Kyogre|Hydro Pump|p2a: Zamazenta\n|-activate|p2a: Zamazenta|move: Protect\n|\n|-weather|RainDance|[upkeep]\n|upkeep\n|turn|5\n|inactive|kaysen123456 has 30 seconds left.\n|\n|t:|1770565369\n|-terastallize|p2a: Zamazenta|Dragon\n|move|p2b: Amoonguss|Spore|p1b: Calyrex\n|-status|p1b: Calyrex|slp|[from] move: Spore\n|cant|p1b: Calyrex|slp\n|move|p1a: Kyogre|Water Spout|p2b: Amoonguss|[spread] p2a,p2b\n|-resisted|p2a: Zamazenta\n|-resisted|p2b: Amoonguss\n|-damage|p2a: Zamazenta|55/100\n|-damage|p2b: Amoonguss|0 fnt\n|faint|p2b: Amoonguss\n|move|p2a: Zamazenta|Body Press|p1a: Kyogre\n|-damage|p1a: Kyogre|32/100\n|\n|-weather|RainDance|[upkeep]\n|-fieldend|move: Trick Room\n|-fieldend|move: Psychic Terrain\n|upkeep\n|\n|t:|1770565384\n|switch|p2b: Calyrex|Calyrex-Shadow, L50|100/100\n|-ability|p2b: Calyrex|As One\n|-ability|p2b: Calyrex|Unnerve\n|turn|6\n|\n|t:|1770565391\n|move|p2b: Calyrex|Astral Barrage|p1a: Kyogre|[spread] p1a,p1b\n|-supereffective|p1b: Calyrex\n|-damage|p1a: Kyogre|5/100\n|-damage|p1b: Calyrex|19/100 slp\n|move|p2a: Zamazenta|Body Press|p1b: Calyrex\n|-damage|p1b: Calyrex|0 fnt\n|faint|p1b: Calyrex\n|move|p1a: Kyogre|Ice Beam|p2a: Zamazenta\n|-supereffective|p2a: Zamazenta\n|-damage|p2a: Zamazenta|0 fnt\n|faint|p2a: Zamazenta\n|\n|-weather|RainDance|[upkeep]\n|upkeep\n|\n|t:|1770565400\n|switch|p2a: Chien-Pao|Chien-Pao, L50|100/100\n|switch|p1b: Landorus|Landorus, L50, M, shiny|100/100\n|-ability|p2a: Chien-Pao|Sword of Ruin\n|turn|7\n|\n|t:|1770565412\n|move|p2b: Calyrex|Astral Barrage|p1b: Landorus|[spread] p1a,p1b\n|-damage|p1a: Kyogre|0 fnt\n|-damage|p1b: Landorus|42/100\n|faint|p1a: Kyogre\n|-ability|p2b: Calyrex|Grim Neigh|boost\n|-boost|p2b: Calyrex|spa|1\n|move|p2a: Chien-Pao|Ice Spinner|p1b: Landorus\n|-supereffective|p1b: Landorus\n|-damage|p1b: Landorus|0 fnt\n|faint|p1b: Landorus\n|\n|win|kaysen123456\n|raw|j0l0k0's rating: 1405 &rarr; <strong>1380</strong><br />(-25 for losing)\n|raw|kaysen123456's rating: 1312 &rarr; <strong>1337</strong><br />(+25 for winning)\n|l|\u2606j0l0k0\n|player|p1|\n|l|\u2606kaysen123456\n|player|p2|\n","uploadtime":1770565650,"views":11,"formatid":"gen9vgc2026regi","rating":1337,"private":0,"password":null}