{"id":"gen9vgc2026regi-2540533603","format":"[Gen 9] VGC 2026 Reg I","players":["jek vvp","SEITA"],"log":"|j|\u2606jek vvp\n|j|\u2606SEITA\n|t:|1771214191\n|gametype|doubles\n|player|p1|jek vvp|hiker-gen4|1299\n|player|p2|SEITA|lucas-gen4pt|1507\n|gen|9\n|tier|[Gen 9] VGC 2026 Reg I\n|rated|\n|rule|Species Clause: Limit one of each Pok\u00e9mon\n|rule|Item Clause: Limit 1 of each item\n|clearpoke\n|poke|p1|Groudon, L50|\n|poke|p1|Miraidon, L50|\n|poke|p1|Tatsugiri, L50, M|\n|poke|p1|Dondozo, L50, M|\n|poke|p1|Sneasler, L50, M|\n|poke|p1|Garganacl, L50, M|\n|poke|p2|Zamazenta-*, L50|\n|poke|p2|Kyogre, L50|\n|poke|p2|Wo-Chien, L50|\n|poke|p2|Grimmsnarl, L50, M|\n|poke|p2|Rhyperior, L50, F|\n|poke|p2|Ditto, L50|\n|teampreview|4\n|\n|t:|1771214231\n|teamsize|p1|4\n|teamsize|p2|4\n|start\n|switch|p1a: Sneasler|Sneasler, L50, M, shiny|100/100\n|switch|p1b: Miraidon|Miraidon, L50, shiny|100/100\n|switch|p2a: Grimmsnarl|Grimmsnarl, L50, M|100/100\n|switch|p2b: Kyogre|Kyogre, L50|100/100\n|-fieldstart|move: Electric Terrain|[from] ability: Hadron Engine|[of] p1b: Miraidon\n|-enditem|p1a: Sneasler|Electric Seed\n|-boost|p1a: Sneasler|def|1|[from] item: Electric Seed\n|-weather|RainDance|[from] ability: Drizzle|[of] p2b: Kyogre\n|turn|1\n|\n|t:|1771214265\n|switch|p2a: Rhyperior|Rhyperior, L50, F|100/100\n|move|p1a: Sneasler|Fake Out|p2b: Kyogre\n|-damage|p2b: Kyogre|88/100\n|move|p1b: Miraidon|Draco Meteor|p2b: Kyogre\n|-damage|p2b: Kyogre|5/100\n|-unboost|p1b: Miraidon|spa|2\n|cant|p2b: Kyogre|flinch\n|\n|-weather|RainDance|[upkeep]\n|-heal|p2b: Kyogre|11/100|[from] item: Leftovers\n|upkeep\n|turn|2\n|\n|t:|1771214294\n|switch|p2b: Grimmsnarl|Grimmsnarl, L50, M|100/100\n|-terastallize|p2a: Rhyperior|Water\n|move|p1a: Sneasler|Toxic Spikes|p2b: Grimmsnarl\n|-sidestart|p2: SEITA|move: Toxic Spikes\n|move|p1b: Miraidon|Draco Meteor|p2a: Rhyperior|[miss]\n|-miss|p1b: Miraidon|p2a: Rhyperior\n|move|p2a: Rhyperior|High Horsepower|p1a: Sneasler\n|-supereffective|p1a: Sneasler\n|-damage|p1a: Sneasler|0 fnt\n|faint|p1a: Sneasler\n|\n|-weather|RainDance|[upkeep]\n|upkeep\n|\n|t:|1771214304\n|switch|p1a: Dondozo|Dondozo, L50, M, shiny|100/100\n|turn|3\n|\n|t:|1771214324\n|switch|p1b: Tatsugiri|Tatsugiri, L50, M, shiny|100/100\n|-activate|p1b: Tatsugiri|ability: Commander|[of] p1a: Dondozo\n|-boost|p1a: Dondozo|atk|2\n|-boost|p1a: Dondozo|spa|2\n|-boost|p1a: Dondozo|spe|2\n|-boost|p1a: Dondozo|def|2\n|-boost|p1a: Dondozo|spd|2\n|-terastallize|p1a: Dondozo|Ground\n|move|p2b: Grimmsnarl|Reflect|p2b: Grimmsnarl\n|-sidestart|p2: SEITA|Reflect\n|move|p1a: Dondozo|Earthquake|p2a: Rhyperior|[spread] p2a,p2b\n|-miss|p1a: Dondozo|p1b: Tatsugiri\n|-damage|p2a: Rhyperior|69/100\n|-damage|p2b: Grimmsnarl|65/100\n|move|p2a: Rhyperior|Stone Edge|p1a: Dondozo|[miss]\n|-miss|p2a: Rhyperior|p1a: Dondozo\n|\n|-weather|RainDance|[upkeep]\n|upkeep\n|turn|4\n|j| globalfish39\n|inactive|Battle timer is ON: inactive players will automatically lose when time's up. (requested by jek vvp)\n|\n|t:|1771214363\n|move|p2b: Grimmsnarl|Parting Shot|p1a: Dondozo\n|-unboost|p1a: Dondozo|atk|1\n|-unboost|p1a: Dondozo|spa|1\n|\n|t:|1771214366\n|switch|p2b: Ditto|Ditto, L50|100/100|[from] Parting Shot\n|-status|p2b: Ditto|psn\n|-transform|p2b: Ditto|p1a: Dondozo|[from] ability: Imposter\n|move|p1a: Dondozo|Earthquake|p2a: Rhyperior|[spread] p2a,p2b\n|-miss|p1a: Dondozo|p1b: Tatsugiri\n|-damage|p2a: Rhyperior|48/100\n|-damage|p2b: Ditto|77/100 psn\n|move|p2a: Rhyperior|High Horsepower|p1a: Dondozo\n|-damage|p1a: Dondozo|83/100\n|\n|-weather|RainDance|[upkeep]\n|-heal|p1a: Dondozo|89/100|[from] item: Leftovers\n|-damage|p2b: Ditto|64/100 psn|[from] psn\n|upkeep\n|-start|p2b: Ditto|typechange|Water|[silent]\n|turn|5\n|\n|t:|1771214391\n|move|p1a: Dondozo|Protect|p1a: Dondozo\n|-singleturn|p1a: Dondozo|Protect\n|move|p2b: Ditto|Wave Crash|p1a: Dondozo\n|-activate|p1a: Dondozo|move: Protect\n|move|p2a: Rhyperior|High Horsepower|p1a: Dondozo\n|-activate|p1a: Dondozo|move: Protect\n|\n|-weather|none\n|-heal|p1a: Dondozo|95/100|[from] item: Leftovers\n|-damage|p2b: Ditto|52/100 psn|[from] psn\n|-fieldend|move: Electric Terrain\n|upkeep\n|turn|6\n|\n|t:|1771214412\n|move|p2b: Ditto|Wave Crash|p1a: Dondozo\n|-supereffective|p1a: Dondozo\n|-damage|p1a: Dondozo|22/100\n|-damage|p2b: Ditto|14/100 psn|[from] Recoil\n|move|p1a: Dondozo|Earthquake|p2a: Rhyperior|[spread] p2a,p2b\n|-miss|p1a: Dondozo|p1b: Tatsugiri\n|-damage|p2a: Rhyperior|26/100\n|-damage|p2b: Ditto|0 fnt\n|faint|p2b: Ditto\n|move|p2a: Rhyperior|High Horsepower|p1a: Dondozo\n|-damage|p1a: Dondozo|5/100\n|\n|-heal|p1a: Dondozo|12/100|[from] item: Leftovers\n|upkeep\n|\n|t:|1771214430\n|switch|p2b: Grimmsnarl|Grimmsnarl, L50, M|65/100\n|-status|p2b: Grimmsnarl|psn\n|turn|7\n|\n|t:|1771214446\n|move|p1a: Dondozo|Protect|p1a: Dondozo\n|-singleturn|p1a: Dondozo|Protect\n|move|p2b: Grimmsnarl|Light Screen|p2b: Grimmsnarl\n|-sidestart|p2: SEITA|move: Light Screen\n|move|p2a: Rhyperior|High Horsepower|p1a: Dondozo\n|-activate|p1a: Dondozo|move: Protect\n|\n|-heal|p1a: Dondozo|18/100|[from] item: Leftovers\n|-damage|p2b: Grimmsnarl|52/100 psn|[from] psn\n|upkeep\n|turn|8\n|\n|t:|1771214461\n|move|p1a: Dondozo|Earthquake|p2b: Grimmsnarl|[spread] p2a,p2b\n|-miss|p1a: Dondozo|p1b: Tatsugiri\n|-damage|p2a: Rhyperior|4/100\n|-damage|p2b: Grimmsnarl|26/100 psn\n|move|p2b: Grimmsnarl|Spirit Break|p1a: Dondozo\n|-damage|p1a: Dondozo|7/100\n|-unboost|p1a: Dondozo|spa|1\n|move|p2a: Rhyperior|High Horsepower|p1a: Dondozo\n|-damage|p1a: Dondozo|0 fnt\n|faint|p1a: Dondozo\n|\n|-damage|p2b: Grimmsnarl|14/100 psn|[from] psn\n|upkeep\n|\n|t:|1771214469\n|switch|p1a: Miraidon|Miraidon, L50, shiny|100/100\n|-fieldstart|move: Electric Terrain|[from] ability: Hadron Engine|[of] p1a: Miraidon\n|turn|9\n|inactive|SEITA has 30 seconds left.\n|\n|t:|1771214501\n|move|p1a: Miraidon|Draco Meteor|p2a: Rhyperior\n|-damage|p2a: Rhyperior|0 fnt\n|-unboost|p1a: Miraidon|spa|2\n|faint|p2a: Rhyperior\n|move|p1b: Tatsugiri|Muddy Water|p2b: Grimmsnarl\n|-damage|p2b: Grimmsnarl|0 fnt\n|faint|p2b: Grimmsnarl\n|\n|upkeep\n|\n|t:|1771214513\n|switch|p2a: Kyogre|Kyogre, L50|11/100\n|-status|p2a: Kyogre|psn\n|-weather|RainDance|[from] ability: Drizzle|[of] p2a: Kyogre\n|turn|10\n|-message|SEITA forfeited.\n|\n|win|jek vvp\n|raw|jek vvp's rating: 1299 &rarr; <strong>1337</strong><br />(+38 for winning)\n|raw|SEITA's rating: 1507 &rarr; <strong>1476</strong><br />(-31 for losing)\n|l|\u2606jek vvp\n|player|p1|\n|l| globalfish39\n","uploadtime":1771214698,"views":30,"formatid":"gen9vgc2026regi","rating":1337,"private":0,"password":null}