{"id":"gen9vgc2026regi-2556524222","format":"[Gen 9] VGC 2026 Reg I","players":["b3testing","drive stone"],"log":"|j|\u2606b3testing\n|j|\u2606drive stone\n|t:|1773220676\n|gametype|doubles\n|player|p1|b3testing|102|1589\n|player|p2|drive stone|cilan|1496\n|gen|9\n|tier|[Gen 9] VGC 2026 Reg I\n|rated|\n|rule|Species Clause: Limit one of each Pok\u00e9mon\n|rule|Item Clause: Limit 1 of each item\n|clearpoke\n|poke|p1|Terapagos, L50, M|\n|poke|p1|Calyrex-Shadow, L50|\n|poke|p1|Incineroar, L50, M|\n|poke|p1|Amoonguss, L50, M|\n|poke|p1|Tornadus, L50, M|\n|poke|p1|Smeargle, L50, M|\n|poke|p2|Regieleki, L50|\n|poke|p2|Calyrex-Shadow, L50|\n|poke|p2|Koraidon, L50|\n|poke|p2|Incineroar, L50, M|\n|poke|p2|Rillaboom, L50, M|\n|poke|p2|Volcarona, L50, F|\n|teampreview|4\n|inactive|Battle timer is ON: inactive players will automatically lose when time's up. (requested by b3testing)\n|inactive|b3testing has 60 seconds left.\n|inactive|drive stone has 60 seconds left.\n|\n|t:|1773220728\n|teamsize|p1|4\n|teamsize|p2|4\n|start\n|switch|p1a: Incineroar|Incineroar, L50, M|100/100\n|switch|p1b: Terapagos|Terapagos, L50, M|100/100\n|switch|p2a: Koraidon|Koraidon, L50|100/100\n|switch|p2b: Regieleki|Regieleki, L50|100/100\n|-activate|p1b: Terapagos|ability: Tera Shift\n|detailschange|p1b: Terapagos|Terapagos-Terastal, L50, M\n|-heal|p1b: Terapagos|100/100|[silent]\n|-weather|SunnyDay|[from] ability: Orichalcum Pulse|[of] p2a: Koraidon\n|-activate|p2a: Koraidon|Orichalcum Pulse|[source]\n|-ability|p1a: Incineroar|Intimidate|boost\n|-fail|p2a: Koraidon|unboost|[from] item: Clear Amulet|[of] p2a: Koraidon\n|-unboost|p2b: Regieleki|atk|1\n|turn|1\n|inactive|b3testing has 30 seconds left.\n|inactive|drive stone has 30 seconds left.\n|inactive|drive stone has 20 seconds left.\n|inactive|drive stone has 15 seconds left.\n|\n|t:|1773220773\n|move|p1a: Incineroar|Fake Out|p2a: Koraidon\n|-damage|p2a: Koraidon|90/100\n|move|p2b: Regieleki|Electroweb|p1a: Incineroar|[spread] p1a,p1b\n|-activate|p1b: Terapagos|ability: Tera Shell\n|-resisted|p1b: Terapagos\n|-damage|p1a: Incineroar|84/100\n|-damage|p1b: Terapagos|90/100\n|-unboost|p1a: Incineroar|spe|1\n|cant|p2a: Koraidon|flinch\n|move|p1b: Terapagos|Calm Mind|p1b: Terapagos\n|-boost|p1b: Terapagos|spa|1\n|-boost|p1b: Terapagos|spd|1\n|\n|-weather|SunnyDay|[upkeep]\n|upkeep\n|turn|2\n|inactive|drive stone has 30 seconds left.\n|\n|t:|1773220801\n|-terastallize|p1b: Terapagos|Stellar\n|detailschange|p1b: Terapagos|Terapagos-Stellar, L50, M, tera:Stellar\n|-heal|p1b: Terapagos|93/100|[silent]\n|-ability|p1b: Terapagos|Teraform Zero\n|-weather|none\n|move|p2b: Regieleki|Protect|p2b: Regieleki\n|-singleturn|p2b: Regieleki|Protect\n|move|p2a: Koraidon|Collision Course|p1b: Terapagos\n|-supereffective|p1b: Terapagos\n|-damage|p1b: Terapagos|9/100\n|move|p1b: Terapagos|Tera Starstorm|p2a: Koraidon|[spread] p2a\n|-activate|p2b: Regieleki|move: Protect\n|-damage|p2a: Koraidon|35/100\n|move|p1a: Incineroar|U-turn|p2b: Regieleki\n|-activate|p2b: Regieleki|move: Protect\n|\n|upkeep\n|turn|3\n|\n|t:|1773220825\n|move|p1b: Terapagos|Protect|p1b: Terapagos\n|-singleturn|p1b: Terapagos|Protect\n|move|p2b: Regieleki|Thunderbolt|p1b: Terapagos\n|-activate|p1b: Terapagos|move: Protect\n|move|p2a: Koraidon|Collision Course|p1a: Incineroar\n|-supereffective|p1a: Incineroar\n|-damage|p1a: Incineroar|0 fnt\n|faint|p1a: Incineroar\n|\n|upkeep\n|\n|t:|1773220829\n|switch|p1a: Tornadus|Tornadus, L50, M|100/100\n|turn|4\n|inactive|drive stone has 30 seconds left.\n|\n|t:|1773220856\n|move|p1a: Tornadus|Tailwind|p1a: Tornadus\n|-sidestart|p1: b3testing|move: Tailwind\n|move|p2b: Regieleki|Electroweb|p1a: Tornadus|[spread] p1a,p1b\n|-supereffective|p1a: Tornadus\n|-damage|p1a: Tornadus|41/100\n|-damage|p1b: Terapagos|0 fnt\n|-unboost|p1a: Tornadus|spe|1\n|faint|p1b: Terapagos\n|detailschange|p1: Terapagos|Terapagos, L50, M|[silent]\n|move|p2a: Koraidon|Flame Charge|p1a: Tornadus\n|-damage|p1a: Tornadus|23/100\n|-boost|p2a: Koraidon|spe|1\n|\n|upkeep\n|\n|t:|1773220862\n|switch|p1b: Calyrex|Calyrex-Shadow, L50|100/100\n|-ability|p1b: Calyrex|As One\n|-ability|p1b: Calyrex|Unnerve\n|turn|5\n|\n|t:|1773220874\n|move|p2a: Koraidon|Protect|p2a: Koraidon\n|-singleturn|p2a: Koraidon|Protect\n|move|p1b: Calyrex|Astral Barrage|p2a: Koraidon|[spread] p2b\n|-activate|p2a: Koraidon|move: Protect\n|-enditem|p2b: Regieleki|Focus Sash\n|-damage|p2b: Regieleki|1/100\n|-damage|p1b: Calyrex|91/100|[from] item: Life Orb\n|move|p2b: Regieleki|Electroweb|p1b: Calyrex|[spread] p1a,p1b\n|-supereffective|p1a: Tornadus\n|-damage|p1a: Tornadus|0 fnt\n|-damage|p1b: Calyrex|65/100\n|-unboost|p1b: Calyrex|spe|1\n|faint|p1a: Tornadus\n|\n|upkeep\n|turn|6\n|-message|b3testing forfeited.\n|\n|win|drive stone\n|raw|b3testing's rating: 1589 &rarr; <strong>1564</strong><br />(-25 for losing)\n|raw|drive stone's rating: 1496 &rarr; <strong>1521</strong><br />(+25 for winning)\n|l|\u2606b3testing\n|player|p1|\n","uploadtime":1773221075,"views":25,"formatid":"gen9vgc2026regi","rating":1521,"private":0,"password":null}