{"id":"gen9vgc2026regi-2523801687","format":"[Gen 9] VGC 2026 Reg I","players":["VJ2511","raigonjoy"],"log":"|j|\u2606VJ2511\n|j|\u2606raigonjoy\n|t:|1769073374\n|gametype|doubles\n|player|p1|VJ2511|red-masters3|1261\n|player|p2|raigonjoy|266|1352\n|gen|9\n|tier|[Gen 9] VGC 2026 Reg I\n|rated|\n|rule|Species Clause: Limit one of each Pok\u00e9mon\n|rule|Item Clause: Limit 1 of each item\n|clearpoke\n|poke|p1|Terapagos, L50, M|\n|poke|p1|Iron Hands, L50|\n|poke|p1|Grimmsnarl, L50, M|\n|poke|p1|Urshifu-*, L50, F|\n|poke|p1|Flutter Mane, L50|\n|poke|p1|Chi-Yu, L50|\n|poke|p2|Whimsicott, L50, M|\n|poke|p2|Urshifu-*, L50, F|\n|poke|p2|Ursaluna, L50, F|\n|poke|p2|Miraidon, L50|\n|poke|p2|Lunala, L50|\n|poke|p2|Incineroar, L50, F|\n|teampreview|4\n|inactive|Battle timer is ON: inactive players will automatically lose when time's up. (requested by raigonjoy)\n|inactive|VJ2511 also wants the timer to be on.\n|\n|t:|1769073396\n|teamsize|p1|4\n|teamsize|p2|4\n|start\n|switch|p1a: Terapagos|Terapagos, L50, M|100/100\n|switch|p1b: Grimmsnarl|Grimmsnarl, L50, M|100/100\n|switch|p2a: Whimsicott|Whimsicott, L50, M, shiny|100/100\n|switch|p2b: Urshifu|Urshifu-Rapid-Strike, L50, F|100/100\n|-activate|p1a: Terapagos|ability: Tera Shift\n|detailschange|p1a: Terapagos|Terapagos-Terastal, L50, M\n|-heal|p1a: Terapagos|100/100|[silent]\n|turn|1\n|inactive|raigonjoy has 30 seconds left.\n|j| eunenener\n|\n|t:|1769073427\n|switch|p2b: Incineroar|Incineroar, L50, F, shiny|100/100\n|-ability|p2b: Incineroar|Intimidate|boost\n|-unboost|p1a: Terapagos|atk|1\n|-unboost|p1b: Grimmsnarl|atk|1\n|move|p2a: Whimsicott|Tailwind|p2a: Whimsicott\n|-sidestart|p2: raigonjoy|move: Tailwind\n|move|p1b: Grimmsnarl|Light Screen|p1b: Grimmsnarl\n|-sidestart|p1: VJ2511|move: Light Screen\n|move|p1a: Terapagos|Tera Starstorm|p2b: Incineroar\n|-damage|p2b: Incineroar|46/100\n|\n|upkeep\n|turn|2\n|\n|t:|1769073450\n|switch|p2a: Miraidon|Miraidon, L50, shiny|100/100\n|-fieldstart|move: Electric Terrain|[from] ability: Hadron Engine|[of] p2a: Miraidon\n|switch|p1a: Iron Hands|Iron Hands, L50|100/100\n|-activate|p1a: Iron Hands|ability: Quark Drive\n|-start|p1a: Iron Hands|quarkdriveatk\n|move|p2b: Incineroar|Fake Out|p1a: Iron Hands\n|-damage|p1a: Iron Hands|92/100\n|move|p1b: Grimmsnarl|Thunder Wave|p2a: Miraidon\n|-immune|p2a: Miraidon\n|\n|upkeep\n|turn|3\n|l| eunenener\n|inactive|raigonjoy has 30 seconds left.\n|\n|t:|1769073483\n|move|p1b: Grimmsnarl|Reflect|p1b: Grimmsnarl\n|-sidestart|p1: VJ2511|Reflect\n|move|p2a: Miraidon|Electro Drift|p1b: Grimmsnarl\n|-damage|p1b: Grimmsnarl|22/100\n|-damage|p2a: Miraidon|91/100|[from] item: Life Orb\n|move|p2b: Incineroar|Knock Off|p1a: Iron Hands\n|-resisted|p1a: Iron Hands\n|-damage|p1a: Iron Hands|81/100\n|-enditem|p1a: Iron Hands|Assault Vest|[from] move: Knock Off|[of] p2b: Incineroar\n|move|p1a: Iron Hands|Low Kick|p2a: Miraidon\n|-damage|p2a: Miraidon|0 fnt\n|faint|p2a: Miraidon\n|\n|upkeep\n|\n|t:|1769073498\n|switch|p2a: Urshifu|Urshifu-Rapid-Strike, L50, F|100/100\n|turn|4\n|\n|t:|1769073511\n|switch|p2b: Whimsicott|Whimsicott, L50, M, shiny|100/100\n|move|p2a: Urshifu|Aqua Jet|p1b: Grimmsnarl\n|-damage|p1b: Grimmsnarl|0 fnt\n|faint|p1b: Grimmsnarl\n|move|p1a: Iron Hands|Drain Punch|p2b: Whimsicott\n|-resisted|p2b: Whimsicott\n|-damage|p2b: Whimsicott|68/100\n|-heal|p1a: Iron Hands|93/100|[from] drain|[of] p2b: Whimsicott\n|\n|-sideend|p2: raigonjoy|move: Tailwind\n|upkeep\n|\n|t:|1769073520\n|switch|p1b: Terapagos|Terapagos-Terastal, L50, M|100/100\n|turn|5\n|-message|raigonjoy forfeited.\n|\n|win|VJ2511\n|raw|VJ2511's rating: 1261 &rarr; <strong>1292</strong><br />(+31 for winning)\n|raw|raigonjoy's rating: 1352 &rarr; <strong>1327</strong><br />(-25 for losing)\n|l|\u2606raigonjoy\n|player|p2|\n|j|\u2606raigonjoy\n|player|p2|raigonjoy|266|\n|l|\u2606raigonjoy\n|player|p2|\n|l|\u2606VJ2511\n|player|p1|\n","uploadtime":1769073786,"views":12,"formatid":"gen9vgc2026regi","rating":1292,"private":0,"password":null}