{"id":"gen9vgc2026regi-2569044626","format":"[Gen 9] VGC 2026 Reg I","players":["thejamo","chrisjhall12"],"log":"|j|\u2606thejamo\n|j|\u2606chrisjhall12\n|t:|1774643707\n|gametype|doubles\n|player|p1|thejamo|veteran-gen4|1293\n|player|p2|chrisjhall12|dawn|1493\n|gen|9\n|tier|[Gen 9] VGC 2026 Reg I\n|rated|\n|rule|Species Clause: Limit one of each Pok\u00e9mon\n|rule|Item Clause: Limit 1 of each item\n|clearpoke\n|poke|p1|Lugia, L50|\n|poke|p1|Calyrex-Shadow, L50|\n|poke|p1|Comfey, L50, F|\n|poke|p1|Indeedee-F, L50, F|\n|poke|p1|Incineroar, L50, M|\n|poke|p1|Brute Bonnet, L50|\n|poke|p2|Zamazenta-*, L50|\n|poke|p2|Miraidon, L50|\n|poke|p2|Chien-Pao, L50|\n|poke|p2|Whimsicott, L50, F|\n|poke|p2|Ogerpon-Hearthflame, L50, F|\n|poke|p2|Sneasler, L50, M|\n|teampreview|4\nthejamo has agreed to open team sheets.\n|inactive|Battle timer is ON: inactive players will automatically lose when time's up. (requested by thejamo)\n|inactive|thejamo has 60 seconds left.\n|inactive|thejamo has 30 seconds left.\n|inactive|thejamo has 20 seconds left.\n|\n|t:|1774643785\n|teamsize|p1|4\n|teamsize|p2|4\n|start\n|switch|p1a: Sorrow|Calyrex-Shadow, L50|100/100\n|switch|p1b: Diego Brando|Incineroar, L50, M, shiny|100/100\n|switch|p2a: Zamazenta|Zamazenta-Crowned, L50|100/100\n|switch|p2b: Chien-Pao|Chien-Pao, L50|100/100\n|-ability|p1a: Sorrow|As One\n|-ability|p1a: Sorrow|Unnerve\n|-ability|p2b: Chien-Pao|Sword of Ruin\n|-ability|p2a: Zamazenta|Dauntless Shield|boost\n|-boost|p2a: Zamazenta|def|1\n|-ability|p1b: Diego Brando|Intimidate|boost\n|-unboost|p2a: Zamazenta|atk|1\n|-unboost|p2b: Chien-Pao|atk|1\n|turn|1\n|inactive|thejamo has 30 seconds left.\n|inactive|chrisjhall12 has 30 seconds left.\n|\n|t:|1774643819\n|move|p1a: Sorrow|Protect|p1a: Sorrow\n|-singleturn|p1a: Sorrow|Protect\n|move|p1b: Diego Brando|Fake Out|p2b: Chien-Pao\n|-damage|p2b: Chien-Pao|86/100\n|cant|p2b: Chien-Pao|flinch\n|move|p2a: Zamazenta|Body Press|p1b: Diego Brando\n|-supereffective|p1b: Diego Brando\n|-damage|p1b: Diego Brando|0 fnt\n|faint|p1b: Diego Brando\n|\n|upkeep\n|\n|t:|1774643835\n|switch|p1b: TimeMoonCell|Lugia, L50, shiny|100/100\n|turn|2\n|inactive|thejamo has 30 seconds left.\n|\n|t:|1774643868\n|move|p1a: Sorrow|Astral Barrage|p2a: Zamazenta|[spread] p2a,p2b\n|-resisted|p2b: Chien-Pao\n|-damage|p2a: Zamazenta|61/100\n|-damage|p2b: Chien-Pao|43/100\n|move|p2b: Chien-Pao|Crunch|p1a: Sorrow\n|-supereffective|p1a: Sorrow\n|-enditem|p1a: Sorrow|Focus Sash\n|-damage|p1a: Sorrow|1/100\n|move|p2a: Zamazenta|Behemoth Bash|p1a: Sorrow\n|-damage|p1a: Sorrow|0 fnt\n|faint|p1a: Sorrow\n|move|p1b: TimeMoonCell|Earth Power|p2a: Zamazenta\n|-supereffective|p2a: Zamazenta\n|-damage|p2a: Zamazenta|33/100\n|\n|upkeep\n|\n|t:|1774643882\n|switch|p1a: Queen dedede|Indeedee-F, L50, F, shiny|100/100\n|-fieldstart|move: Psychic Terrain|[from] ability: Psychic Surge|[of] p1a: Queen dedede\n|-enditem|p1a: Queen dedede|Psychic Seed\n|-boost|p1a: Queen dedede|spd|1|[from] item: Psychic Seed\n|turn|3\n|\n|t:|1774643907\n|switch|p2b: Whimsicott|Whimsicott, L50, F|100/100\n|move|p2a: Zamazenta|Body Press|p1a: Queen dedede\n|-damage|p1a: Queen dedede|38/100\n|move|p1b: TimeMoonCell|Calm Mind|p1b: TimeMoonCell\n|-boost|p1b: TimeMoonCell|spa|1\n|-boost|p1b: TimeMoonCell|spd|1\n|move|p1a: Queen dedede|Psychic|p2a: Zamazenta\n|-damage|p2a: Zamazenta|8/100\n|\n|upkeep\n|turn|4\n|inactive|thejamo has 30 seconds left.\n|\n|t:|1774643933\n|move|p2a: Zamazenta|Body Press|p1a: Queen dedede\n|-damage|p1a: Queen dedede|0 fnt\n|faint|p1a: Queen dedede\n|move|p2b: Whimsicott|Moonblast|p1b: TimeMoonCell\n|-damage|p1b: TimeMoonCell|96/100\n|move|p1b: TimeMoonCell|Earth Power|p2a: Zamazenta\n|-supereffective|p2a: Zamazenta\n|-damage|p2a: Zamazenta|0 fnt\n|faint|p2a: Zamazenta\n|\n|-heal|p1b: TimeMoonCell|100/100|[from] item: Leftovers\n|upkeep\n|\n|t:|1774643946\n|switch|p2a: Miraidon|Miraidon, L50|100/100\n|-fieldstart|move: Electric Terrain|[from] ability: Hadron Engine|[of] p2a: Miraidon\n|turn|5\n|\n|t:|1774643953\n|-terastallize|p2a: Miraidon|Fairy\n|-terastallize|p1b: TimeMoonCell|Fairy\n|move|p2b: Whimsicott|Taunt|p1b: TimeMoonCell\n|-start|p1b: TimeMoonCell|move: Taunt\n|move|p2a: Miraidon|Electro Drift|p1b: TimeMoonCell\n|-damage|p1b: TimeMoonCell|76/100\n|move|p1b: TimeMoonCell|Earth Power|p2a: Miraidon\n|-damage|p2a: Miraidon|74/100\n|\n|-heal|p1b: TimeMoonCell|82/100|[from] item: Leftovers\n|upkeep\n|turn|6\n|\n|t:|1774643975\n|move|p2a: Miraidon|Electro Drift|p1b: TimeMoonCell\n|-damage|p1b: TimeMoonCell|34/100\n|move|p2b: Whimsicott|Moonblast|p1b: TimeMoonCell\n|-damage|p1b: TimeMoonCell|25/100\n|-unboost|p1b: TimeMoonCell|spa|1\n|move|p1b: TimeMoonCell|Aeroblast|p2a: Miraidon\n|-damage|p2a: Miraidon|48/100\n|\n|-heal|p1b: TimeMoonCell|31/100|[from] item: Leftovers\n|upkeep\n|turn|7\n|-message|thejamo forfeited.\n|\n|win|chrisjhall12\n|raw|thejamo's rating: 1293 &rarr; <strong>1281</strong><br />(-12 for losing)\n|raw|chrisjhall12's rating: 1493 &rarr; <strong>1503</strong><br />(+10 for winning)\n|l|\u2606thejamo\n|player|p1|\n|l|\u2606chrisjhall12\n|player|p2|\n","uploadtime":1774644226,"views":13,"formatid":"gen9vgc2026regi","rating":1281,"private":0,"password":null}