{"id":"gen9vgc2026regi-2536742854","format":"[Gen 9] VGC 2026 Reg I","players":["Jsisisj","pzyxhic"],"log":"|j|\u2606Jsisisj\n|j|\u2606pzyxhic\n|t:|1770732525\n|gametype|doubles\n|player|p1|Jsisisj|169|1332\n|player|p2|pzyxhic|265|1229\n|gen|9\n|tier|[Gen 9] VGC 2026 Reg I\n|rated|\n|rule|Species Clause: Limit one of each Pok\u00e9mon\n|rule|Item Clause: Limit 1 of each item\n|clearpoke\n|poke|p1|Groudon, L50|\n|poke|p1|Zacian-*, L50|\n|poke|p1|Chandelure, L50, M|\n|poke|p1|Urshifu-*, L50, M|\n|poke|p1|Jumpluff, L50, M|\n|poke|p1|Walking Wake, L50|\n|poke|p2|Calyrex-Shadow, L50|\n|poke|p2|Chi-Yu, L50|\n|poke|p2|Whimsicott, L50, F|\n|poke|p2|Urshifu-*, L50, F|\n|poke|p2|Farigiraf, L50, F|\n|poke|p2|Kyurem-White, L50|\n|teampreview|4\n|\n|t:|1770732582\n|teamsize|p1|4\n|teamsize|p2|4\n|start\n|switch|p1a: Chandelure|Chandelure, L50, M|100/100\n|switch|p1b: Urshifu|Urshifu, L50, M|100/100\n|switch|p2a: Whimsicott|Whimsicott, L50, F|100/100\n|switch|p2b: Calyrex|Calyrex-Shadow, L50|100/100\n|-ability|p2b: Calyrex|As One\n|-ability|p2b: Calyrex|Unnerve\n|turn|1\n|inactive|Battle timer is ON: inactive players will automatically lose when time's up. (requested by Jsisisj)\n|\n|t:|1770732622\n|switch|p2b: Chi-Yu|Chi-Yu, L50|100/100\n|-ability|p2b: Chi-Yu|Beads of Ruin\n|-terastallize|p1a: Chandelure|Normal\n|move|p2a: Whimsicott|Tailwind|p2a: Whimsicott\n|-sidestart|p2: pzyxhic|move: Tailwind\n|move|p1b: Urshifu|Wicked Blow|p2b: Chi-Yu\n|-resisted|p2b: Chi-Yu\n|-crit|p2b: Chi-Yu\n|-damage|p2b: Chi-Yu|70/100\n|move|p1a: Chandelure|Shadow Ball|p2b: Chi-Yu\n|-resisted|p2b: Chi-Yu\n|-damage|p2b: Chi-Yu|40/100\n|-damage|p1a: Chandelure|91/100|[from] item: Life Orb\n|\n|-heal|p2b: Chi-Yu|46/100|[from] item: Leftovers\n|upkeep\n|turn|2\n|inactive|pzyxhic has 30 seconds left.\n|\n|t:|1770732653\n|move|p1b: Urshifu|Protect|p1b: Urshifu\n|-singleturn|p1b: Urshifu|Protect\n|move|p2a: Whimsicott|Moonblast|p1b: Urshifu\n|-activate|p1b: Urshifu|move: Protect\n|move|p2b: Chi-Yu|Nasty Plot|p2b: Chi-Yu\n|-boost|p2b: Chi-Yu|spa|2\n|move|p1a: Chandelure|Heat Wave|p2a: Whimsicott|[spread] p2a\n|-miss|p1a: Chandelure|p2b: Chi-Yu\n|-supereffective|p2a: Whimsicott\n|-damage|p2a: Whimsicott|0 fnt\n|faint|p2a: Whimsicott\n|-damage|p1a: Chandelure|82/100|[from] item: Life Orb\n|\n|-heal|p2b: Chi-Yu|51/100|[from] item: Leftovers\n|upkeep\n|\n|t:|1770732671\n|switch|p2a: Kyurem|Kyurem-White, L50|100/100\n|-ability|p2a: Kyurem|Turboblaze\n|turn|3\n|\n|t:|1770732693\n|move|p1b: Urshifu|Sucker Punch|p2b: Chi-Yu\n|-resisted|p2b: Chi-Yu\n|-damage|p2b: Chi-Yu|33/100\n|move|p2a: Kyurem|Fusion Flare|p1b: Urshifu\n|-enditem|p1b: Urshifu|Focus Sash\n|-damage|p1b: Urshifu|1/100\n|-damage|p2a: Kyurem|91/100|[from] item: Life Orb\n|move|p2b: Chi-Yu|Dark Pulse|p1b: Urshifu\n|-resisted|p1b: Urshifu\n|-damage|p1b: Urshifu|0 fnt\n|faint|p1b: Urshifu\n|move|p1a: Chandelure|Heat Wave|p2a: Kyurem|[spread] p2a,p2b\n|-resisted|p2b: Chi-Yu\n|-damage|p2a: Kyurem|34/100\n|-damage|p2b: Chi-Yu|6/100\n|-damage|p1a: Chandelure|72/100|[from] item: Life Orb\n|\n|-heal|p2b: Chi-Yu|11/100|[from] item: Leftovers\n|upkeep\n|\n|t:|1770732708\n|switch|p1b: Zacian|Zacian-Crowned, L50|100/100\n|-ability|p1b: Zacian|Intrepid Sword|boost\n|-boost|p1b: Zacian|atk|1\n|turn|4\n|\n|t:|1770732724\n|switch|p1a: Walking Wake|Walking Wake, L50|100/100\n|move|p1b: Zacian|Protect|p1b: Zacian\n|-singleturn|p1b: Zacian|Protect\n|move|p2a: Kyurem|Freeze-Dry|p1a: Walking Wake\n|-supereffective|p1a: Walking Wake\n|-damage|p1a: Walking Wake|0 fnt\n|faint|p1a: Walking Wake\n|-end|p1a: Walking Wake|Protosynthesis|[silent]\n|-damage|p2a: Kyurem|24/100|[from] item: Life Orb\n|move|p2b: Chi-Yu|Heat Wave|p1b: Zacian\n|-activate|p1b: Zacian|move: Protect\n|\n|-heal|p2b: Chi-Yu|17/100|[from] item: Leftovers\n|-sideend|p2: pzyxhic|move: Tailwind\n|upkeep\n|\n|t:|1770732731\n|switch|p1a: Chandelure|Chandelure, L50, M, tera:Normal|72/100\n|turn|5\n|inactive|Jsisisj has 30 seconds left.\n|\n|t:|1770732763\n|move|p1b: Zacian|Behemoth Blade|p2b: Chi-Yu\n|-resisted|p2b: Chi-Yu\n|-damage|p2b: Chi-Yu|0 fnt\n|faint|p2b: Chi-Yu\n|move|p2a: Kyurem|Freeze-Dry|p1a: Chandelure\n|-damage|p1a: Chandelure|0 fnt\n|faint|p1a: Chandelure\n|-damage|p2a: Kyurem|14/100|[from] item: Life Orb\n|\n|upkeep\n|\n|t:|1770732773\n|switch|p2b: Calyrex|Calyrex-Shadow, L50|100/100\n|-ability|p2b: Calyrex|As One\n|-ability|p2b: Calyrex|Unnerve\n|turn|6\n|\n|t:|1770732784\n|-terastallize|p2b: Calyrex|Ghost\n|move|p2b: Calyrex|Astral Barrage|p1b: Zacian\n|-damage|p1b: Zacian|24/100\n|move|p1b: Zacian|Behemoth Blade|p2b: Calyrex\n|-damage|p2b: Calyrex|4/100\n|move|p2a: Kyurem|Fusion Flare|p1b: Zacian\n|-supereffective|p1b: Zacian\n|-damage|p1b: Zacian|0 fnt\n|faint|p1b: Zacian\n|-damage|p2a: Kyurem|4/100|[from] item: Life Orb\n|\n|win|pzyxhic\n|raw|Jsisisj's rating: 1332 &rarr; <strong>1306</strong><br />(-26 for losing)\n|raw|pzyxhic's rating: 1229 &rarr; <strong>1261</strong><br />(+32 for winning)\n|l|\u2606Jsisisj\n|player|p1|\n|l|\u2606pzyxhic\n|player|p2|\n","uploadtime":1770733026,"views":18,"formatid":"gen9vgc2026regi","rating":1261,"private":0,"password":null}