{"id":"gen9vgc2026regi-2542245939","format":"[Gen 9] VGC 2026 Reg I","players":["zebraschinge","dthk1216"],"log":"|j|\u2606zebraschinge\n|j|\u2606dthk1216\n|t:|1771431091\n|gametype|doubles\n|player|p1|zebraschinge|wallace|1427\n|player|p2|dthk1216|dawn|1608\n|gen|9\n|tier|[Gen 9] VGC 2026 Reg I\n|rated|\n|rule|Species Clause: Limit one of each Pok\u00e9mon\n|rule|Item Clause: Limit 1 of each item\n|clearpoke\n|poke|p1|Miraidon, L50|\n|poke|p1|Grimmsnarl, L50, M|\n|poke|p1|Calyrex-Ice, L50|\n|poke|p1|Farigiraf, L50, M|\n|poke|p1|Murkrow, L50, F|\n|poke|p1|Diglett, L50, F|\n|poke|p2|Calyrex-Ice, L50|\n|poke|p2|Kyogre, L50|\n|poke|p2|Urshifu-*, L50, M|\n|poke|p2|Rillaboom, L50, F|\n|poke|p2|Grimmsnarl, L50, M|\n|poke|p2|Amoonguss, L50, M|\n|teampreview|4\n|inactive|Battle timer is ON: inactive players will automatically lose when time's up. (requested by zebraschinge)\n|inactive|zebraschinge has 60 seconds left.\n|inactive|dthk1216 has 60 seconds left.\n|inactive|zebraschinge has 30 seconds left.\n|\n|t:|1771431161\n|teamsize|p1|4\n|teamsize|p2|4\n|start\n|switch|p1a: High Horsepow miss|Calyrex-Ice, L50|100/100\n|switch|p1b: Olangaar|Grimmsnarl, L50, M|100/100\n|switch|p2a: Urshifu|Urshifu-Rapid-Strike, L50, M|100/100\n|switch|p2b: Rillaboom|Rillaboom, L50, F|100/100\n|-ability|p1a: High Horsepow miss|As One\n|-ability|p1a: High Horsepow miss|Unnerve\n|-fieldstart|move: Grassy Terrain|[from] ability: Grassy Surge|[of] p2b: Rillaboom\n|-item|p2a: Urshifu|Choice Scarf|[from] ability: Frisk|[of] p1b: Olangaar\n|-item|p2b: Rillaboom|Assault Vest|[from] ability: Frisk|[of] p1b: Olangaar\n|turn|1\n|\n|t:|1771431179\n|switch|p2b: Kyogre|Kyogre, L50|100/100\n|-weather|RainDance|[from] ability: Drizzle|[of] p2b: Kyogre\n|move|p1b: Olangaar|Fake Out|p2b: Kyogre\n|-damage|p2b: Kyogre|87/100\n|move|p2a: Urshifu|Surging Strikes|p1b: Olangaar\n|-crit|p1b: Olangaar\n|-damage|p1b: Olangaar|59/100\n|-crit|p1b: Olangaar\n|-damage|p1b: Olangaar|17/100\n|-crit|p1b: Olangaar\n|-damage|p1b: Olangaar|0 fnt\n|faint|p1b: Olangaar\n|-hitcount|p1: Olangaar|3\n|move|p1a: High Horsepow miss|Glacial Lance|p2a: Urshifu|[spread] p2a,p2b\n|-resisted|p2a: Urshifu\n|-resisted|p2b: Kyogre\n|-damage|p2a: Urshifu|72/100\n|-damage|p2b: Kyogre|54/100\n|\n|-weather|RainDance|[upkeep]\n|-heal|p2a: Urshifu|78/100|[from] Grassy Terrain\n|-heal|p2b: Kyogre|60/100|[from] Grassy Terrain\n|upkeep\n|\n|t:|1771431202\n|switch|p1b: Miraidon|Miraidon, L50|100/100\n|-fieldstart|move: Electric Terrain|[from] ability: Hadron Engine|[of] p1b: Miraidon\n|turn|2\n|inactive|zebraschinge has 30 seconds left.\n|inactive|zebraschinge has 20 seconds left.\n|\n|t:|1771431237\n|-terastallize|p1a: High Horsepow miss|Water\n|move|p2a: Urshifu|Surging Strikes|p1a: High Horsepow miss\n|-resisted|p1a: High Horsepow miss\n|-crit|p1a: High Horsepow miss\n|-damage|p1a: High Horsepow miss|89/100\n|-resisted|p1a: High Horsepow miss\n|-crit|p1a: High Horsepow miss\n|-damage|p1a: High Horsepow miss|79/100\n|-resisted|p1a: High Horsepow miss\n|-crit|p1a: High Horsepow miss\n|-damage|p1a: High Horsepow miss|69/100\n|-hitcount|p1a: High Horsepow miss|3\n|move|p1b: Miraidon|Electro Drift|p2b: Kyogre\n|-supereffective|p2b: Kyogre\n|-damage|p2b: Kyogre|0 fnt\n|faint|p2b: Kyogre\n|-damage|p1b: Miraidon|91/100|[from] item: Life Orb\n|move|p1a: High Horsepow miss|Glacial Lance|p2a: Urshifu\n|-resisted|p2a: Urshifu\n|-damage|p2a: Urshifu|36/100\n|\n|-weather|RainDance|[upkeep]\n|upkeep\n|\n|t:|1771431262\n|switch|p2b: Rillaboom|Rillaboom, L50, F|100/100\n|-fieldstart|move: Grassy Terrain|[from] ability: Grassy Surge|[of] p2b: Rillaboom\n|turn|3\n|inactive|dthk1216 has 30 seconds left.\n|\n|t:|1771431292\n|switch|p2a: Calyrex|Calyrex-Ice, L50|100/100\n|-ability|p2a: Calyrex|As One\n|-ability|p2a: Calyrex|Unnerve\n|switch|p1b: Farigiraf|Farigiraf, L50, M|100/100\n|move|p2b: Rillaboom|Wood Hammer|p1a: High Horsepow miss\n|-supereffective|p1a: High Horsepow miss\n|-damage|p1a: High Horsepow miss|0 fnt\n|faint|p1a: High Horsepow miss\n|-damage|p2b: Rillaboom|80/100|[from] Recoil\n|\n|-weather|RainDance|[upkeep]\n|-heal|p2b: Rillaboom|86/100|[from] Grassy Terrain\n|upkeep\n|\n|t:|1771431308\n|switch|p1a: Miraidon|Miraidon, L50|91/100\n|-fieldstart|move: Electric Terrain|[from] ability: Hadron Engine|[of] p1a: Miraidon\n|turn|4\n|\n|t:|1771431326\n|switch|p2b: Urshifu|Urshifu-Rapid-Strike, L50, M|36/100\n|move|p2a: Calyrex|Protect|p2a: Calyrex\n|-singleturn|p2a: Calyrex|Protect\n|move|p1a: Miraidon|Electro Drift|p2b: Urshifu\n|-supereffective|p2b: Urshifu\n|-damage|p2b: Urshifu|0 fnt\n|faint|p2b: Urshifu\n|-damage|p1a: Miraidon|81/100|[from] item: Life Orb\n|move|p1b: Farigiraf|Psychic|p2a: Calyrex\n|-activate|p2a: Calyrex|move: Protect\n|\n|-weather|RainDance|[upkeep]\n|upkeep\n|\n|t:|1771431339\n|switch|p2b: Rillaboom|Rillaboom, L50, F|86/100\n|-fieldstart|move: Grassy Terrain|[from] ability: Grassy Surge|[of] p2b: Rillaboom\n|turn|5\n|c|\u2606dthk1216|gg\n|inactive|zebraschinge has 30 seconds left.\n|inactive|zebraschinge has 20 seconds left.\n|inactive|zebraschinge has 15 seconds left.\n|\n|t:|1771431383\n|-terastallize|p2a: Calyrex|Grass\n|move|p1a: Miraidon|Protect|p1a: Miraidon\n|-singleturn|p1a: Miraidon|Protect\n|move|p2b: Rillaboom|Wood Hammer|p1b: Farigiraf\n|-damage|p1b: Farigiraf|37/100\n|-damage|p2b: Rillaboom|62/100|[from] Recoil\n|move|p1b: Farigiraf|Psychic|p2a: Calyrex\n|-damage|p2a: Calyrex|75/100\n|move|p2a: Calyrex|Glacial Lance|p1b: Farigiraf|[spread] p1b\n|-activate|p1a: Miraidon|move: Protect\n|-damage|p1b: Farigiraf|0 fnt\n|faint|p1b: Farigiraf\n|-ability|p2a: Calyrex|Chilling Neigh|boost\n|-boost|p2a: Calyrex|atk|1\n|\n|-weather|none\n|-heal|p1a: Miraidon|87/100|[from] Grassy Terrain\n|-heal|p2b: Rillaboom|68/100|[from] Grassy Terrain\n|-heal|p2a: Calyrex|81/100|[from] Grassy Terrain\n|-heal|p2a: Calyrex|87/100|[from] item: Leftovers\n|upkeep\n|turn|6\n|\n|t:|1771431404\n|move|p1a: Miraidon|Dragon Pulse|p2a: Calyrex\n|-damage|p2a: Calyrex|49/100\n|-damage|p1a: Miraidon|78/100|[from] item: Life Orb\n|move|p2b: Rillaboom|Wood Hammer|p1a: Miraidon\n|-resisted|p1a: Miraidon\n|-damage|p1a: Miraidon|43/100\n|-damage|p2b: Rillaboom|58/100|[from] Recoil\n|move|p2a: Calyrex|Glacial Lance|p1a: Miraidon\n|-supereffective|p1a: Miraidon\n|-damage|p1a: Miraidon|0 fnt\n|faint|p1a: Miraidon\n|\n|win|dthk1216\n|raw|zebraschinge's rating: 1427 &rarr; <strong>1417</strong><br />(-10 for losing)\n|raw|dthk1216's rating: 1608 &rarr; <strong>1618</strong><br />(+10 for winning)\n|l|\u2606zebraschinge\n|player|p1|\n|l|\u2606dthk1216\n|player|p2|\n","uploadtime":1771431558,"views":15,"formatid":"gen9vgc2026regi","rating":1417,"private":0,"password":null}