{"id":"gen9vgc2026regi-2574946976","format":"[Gen 9] VGC 2026 Reg I","players":["meh is good","fogdocker"],"log":"|j|\u2606meh is good\n|j|\u2606fogdocker\n|t:|1775300697\n|gametype|doubles\n|player|p1|meh is good|clair|1523\n|player|p2|fogdocker|2|1605\n|gen|9\n|tier|[Gen 9] VGC 2026 Reg I\n|rated|\n|rule|Species Clause: Limit one of each Pok\u00e9mon\n|rule|Item Clause: Limit 1 of each item\n|clearpoke\n|poke|p1|Ursaluna, L50, M|\n|poke|p1|Incineroar, L50, F|\n|poke|p1|Urshifu-*, L50, M|\n|poke|p1|Chien-Pao, L50|\n|poke|p1|Miraidon, L50|\n|poke|p1|Lunala, L50|\n|poke|p2|Calyrex-Ice, L50|\n|poke|p2|Koraidon, L50|\n|poke|p2|Flutter Mane, L50|\n|poke|p2|Incineroar, L50, M|\n|poke|p2|Rillaboom, L50, M|\n|poke|p2|Volcarona, L50, M|\n|teampreview|4\n|inactive|Battle timer is ON: inactive players will automatically lose when time's up. (requested by meh is good)\n|\n|t:|1775300725\n|teamsize|p1|4\n|teamsize|p2|4\n|start\n|switch|p1a: Lunala|Lunala, L50, shiny|100/100\n|switch|p1b: Miraidon|Miraidon, L50|100/100\n|switch|p2a: Koraidon|Koraidon, L50|100/100\n|switch|p2b: Incineroar|Incineroar, L50, M|100/100\n|-weather|SunnyDay|[from] ability: Orichalcum Pulse|[of] p2a: Koraidon\n|-activate|p2a: Koraidon|Orichalcum Pulse|[source]\n|-fieldstart|move: Electric Terrain|[from] ability: Hadron Engine|[of] p1b: Miraidon\n|-enditem|p1a: Lunala|Electric Seed\n|-boost|p1a: Lunala|def|1|[from] item: Electric Seed\n|-ability|p2b: Incineroar|Intimidate|boost\n|-unboost|p1a: Lunala|atk|1\n|-unboost|p1b: Miraidon|atk|1\n|turn|1\n|inactive|fogdocker has 30 seconds left.\n|\n|t:|1775300753\n|-terastallize|p1a: Lunala|Fairy\n|move|p2b: Incineroar|Fake Out|p1b: Miraidon\n|-damage|p1b: Miraidon|90/100\n|move|p2a: Koraidon|Close Combat|p1b: Miraidon\n|-damage|p1b: Miraidon|0 fnt\n|-unboost|p2a: Koraidon|def|1\n|-unboost|p2a: Koraidon|spd|1\n|faint|p1b: Miraidon\n|-damage|p2a: Koraidon|91/100|[from] item: Life Orb\n|move|p1a: Lunala|Moonblast|p2a: Koraidon\n|-supereffective|p2a: Koraidon\n|-damage|p2a: Koraidon|0 fnt\n|faint|p2a: Koraidon\n|\n|-weather|SunnyDay|[upkeep]\n|upkeep\n|\n|t:|1775300764\n|switch|p2a: Calyrex|Calyrex-Ice, L50|100/100\n|switch|p1b: Incineroar|Incineroar, L50, F|100/100\n|-ability|p2a: Calyrex|As One\n|-ability|p2a: Calyrex|Unnerve\n|-ability|p1b: Incineroar|Intimidate|boost\n|-unboost|p2a: Calyrex|atk|1\n|-unboost|p2b: Incineroar|atk|1\n|turn|2\n|\n|t:|1775300779\n|-terastallize|p2a: Calyrex|Water\n|move|p1a: Lunala|Moongeist Beam|p2a: Calyrex\n|-crit|p2a: Calyrex\n|-damage|p2a: Calyrex|55/100\n|move|p1b: Incineroar|Knock Off|p2a: Calyrex\n|-crit|p2a: Calyrex\n|-damage|p2a: Calyrex|20/100\n|-enditem|p2a: Calyrex|Leftovers|[from] move: Knock Off|[of] p1b: Incineroar\n|move|p2b: Incineroar|Parting Shot|p1a: Lunala\n|-unboost|p1a: Lunala|atk|1\n|-unboost|p1a: Lunala|spa|1\n|\n|t:|1775300791\n|switch|p2b: Rillaboom|Rillaboom, L50, M|100/100|[from] Parting Shot\n|-fieldstart|move: Grassy Terrain|[from] ability: Grassy Surge|[of] p2b: Rillaboom\n|move|p2a: Calyrex|Leech Seed|p1a: Lunala\n|-start|p1a: Lunala|move: Leech Seed\n|\n|-weather|SunnyDay|[upkeep]\n|-heal|p2a: Calyrex|26/100|[from] Grassy Terrain\n|-damage|p1a: Lunala|88/100|[from] Leech Seed|[of] p2a: Calyrex\n|-heal|p2a: Calyrex|40/100|[silent]\n|upkeep\n|turn|3\n|\n|t:|1775300803\n|switch|p1a: Ursaluna|Ursaluna, L50, M|100/100\n|move|p2b: Rillaboom|Fake Out|p1a: Ursaluna\n|-damage|p1a: Ursaluna|90/100\n|move|p1b: Incineroar|Flare Blitz|p2b: Rillaboom\n|-supereffective|p2b: Rillaboom\n|-damage|p2b: Rillaboom|0 fnt\n|faint|p2b: Rillaboom\n|-damage|p1b: Incineroar|68/100|[from] Recoil\n|move|p2a: Calyrex|Leech Seed|p1b: Incineroar\n|-start|p1b: Incineroar|move: Leech Seed\n|\n|-weather|SunnyDay|[upkeep]\n|-heal|p1b: Incineroar|74/100|[from] Grassy Terrain\n|-heal|p2a: Calyrex|46/100|[from] Grassy Terrain\n|-heal|p1a: Ursaluna|96/100|[from] Grassy Terrain\n|-damage|p1b: Incineroar|61/100|[from] Leech Seed|[of] p2a: Calyrex\n|-heal|p2a: Calyrex|58/100|[silent]\n|-status|p1a: Ursaluna|brn|[from] item: Flame Orb\n|upkeep\n|\n|t:|1775300808\n|switch|p2b: Incineroar|Incineroar, L50, M|100/100\n|-ability|p2b: Incineroar|Intimidate|boost\n|-unboost|p1a: Ursaluna|atk|1\n|-unboost|p1b: Incineroar|atk|1\n|turn|4\n|\n|t:|1775300831\n|move|p1a: Ursaluna|Protect|p1a: Ursaluna\n|-singleturn|p1a: Ursaluna|Protect\n|move|p1b: Incineroar|Parting Shot|p2a: Calyrex\n|-unboost|p2a: Calyrex|atk|1\n|-unboost|p2a: Calyrex|spa|1\n|\n|t:|1775300835\n|switch|p1b: Lunala|Lunala, L50, shiny, tera:Fairy|88/100|[from] Parting Shot\n|move|p2b: Incineroar|Flare Blitz|p1b: Lunala\n|-damage|p1b: Lunala|30/100\n|-damage|p2b: Incineroar|77/100|[from] Recoil\n|move|p2a: Calyrex|Glacial Lance|p1a: Ursaluna|[spread] p1b\n|-activate|p1a: Ursaluna|move: Protect\n|-damage|p1b: Lunala|13/100\n|\n|-weather|SunnyDay|[upkeep]\n|-heal|p1b: Lunala|19/100|[from] Grassy Terrain\n|-heal|p2b: Incineroar|83/100|[from] Grassy Terrain\n|-heal|p1a: Ursaluna|100/100 brn|[from] Grassy Terrain\n|-heal|p2a: Calyrex|64/100|[from] Grassy Terrain\n|-damage|p1a: Ursaluna|95/100 brn|[from] brn\n|upkeep\n|turn|5\n|\n|t:|1775300860\n|move|p1b: Lunala|Wide Guard|p1b: Lunala\n|-singleturn|p1b: Lunala|Wide Guard\n|move|p2b: Incineroar|Flare Blitz|p1b: Lunala\n|-damage|p1b: Lunala|0 fnt\n|faint|p1b: Lunala\n|-damage|p2b: Incineroar|76/100|[from] Recoil\n|move|p1a: Ursaluna|Headlong Rush|p2b: Incineroar\n|-supereffective|p2b: Incineroar\n|-damage|p2b: Incineroar|0 fnt\n|-unboost|p1a: Ursaluna|def|1\n|-unboost|p1a: Ursaluna|spd|1\n|faint|p2b: Incineroar\n|move|p2a: Calyrex|Leech Seed|p1a: Ursaluna\n|-start|p1a: Ursaluna|move: Leech Seed\n|\n|-weather|none\n|-heal|p2a: Calyrex|70/100|[from] Grassy Terrain\n|-heal|p1a: Ursaluna|100/100 brn|[from] Grassy Terrain\n|-damage|p1a: Ursaluna|88/100 brn|[from] Leech Seed|[of] p2a: Calyrex\n|-heal|p2a: Calyrex|83/100|[silent]\n|-damage|p1a: Ursaluna|83/100 brn|[from] brn\n|upkeep\n|\n|t:|1775300875\n|switch|p1b: Incineroar|Incineroar, L50, F|61/100\n|-ability|p1b: Incineroar|Intimidate|boost\n|-unboost|p2a: Calyrex|atk|1\n|turn|6\n|\n|t:|1775300881\n|move|p2a: Calyrex|Protect|p2a: Calyrex\n|-singleturn|p2a: Calyrex|Protect\n|move|p1b: Incineroar|Fake Out|p2a: Calyrex\n|-activate|p2a: Calyrex|move: Protect\n|move|p1a: Ursaluna|Facade|p2a: Calyrex\n|-activate|p2a: Calyrex|move: Protect\n|\n|-heal|p1b: Incineroar|67/100|[from] Grassy Terrain\n|-heal|p2a: Calyrex|88/100|[from] Grassy Terrain\n|-heal|p1a: Ursaluna|88/100 brn|[from] Grassy Terrain\n|-damage|p1a: Ursaluna|76/100 brn|[from] Leech Seed|[of] p2a: Calyrex\n|-heal|p2a: Calyrex|100/100|[silent]\n|-damage|p1a: Ursaluna|70/100 brn|[from] brn\n|-fieldend|move: Grassy Terrain\n|upkeep\n|turn|7\n|\n|t:|1775300889\n|move|p1b: Incineroar|Parting Shot|p2a: Calyrex\n|-unboost|p2a: Calyrex|atk|1\n|-unboost|p2a: Calyrex|spa|1\n|move|p2a: Calyrex|Leech Seed|p1b: Incineroar\n|-start|p1b: Incineroar|move: Leech Seed\n|move|p1a: Ursaluna|Facade|p2a: Calyrex\n|-damage|p2a: Calyrex|56/100\n|\n|-damage|p1b: Incineroar|55/100|[from] Leech Seed|[of] p2a: Calyrex\n|-heal|p2a: Calyrex|68/100|[silent]\n|-damage|p1a: Ursaluna|58/100 brn|[from] Leech Seed|[of] p2a: Calyrex\n|-heal|p2a: Calyrex|81/100|[silent]\n|-damage|p1a: Ursaluna|53/100 brn|[from] brn\n|upkeep\n|turn|8\n|\n|t:|1775300900\n|move|p2a: Calyrex|Protect|p2a: Calyrex\n|-singleturn|p2a: Calyrex|Protect\n|move|p1b: Incineroar|Knock Off|p2a: Calyrex\n|-activate|p2a: Calyrex|move: Protect\n|move|p1a: Ursaluna|Facade|p2a: Calyrex\n|-activate|p2a: Calyrex|move: Protect\n|\n|-damage|p1b: Incineroar|43/100|[from] Leech Seed|[of] p2a: Calyrex\n|-heal|p2a: Calyrex|93/100|[silent]\n|-damage|p1a: Ursaluna|40/100 brn|[from] Leech Seed|[of] p2a: Calyrex\n|-heal|p2a: Calyrex|100/100|[silent]\n|-damage|p1a: Ursaluna|35/100 brn|[from] brn\n|upkeep\n|turn|9\n|\n|t:|1775300906\n|move|p1b: Incineroar|Knock Off|p2a: Calyrex\n|-damage|p2a: Calyrex|85/100\n|move|p2a: Calyrex|Glacial Lance|p1b: Incineroar|[spread] p1a,p1b\n|-supereffective|p1a: Ursaluna\n|-resisted|p1b: Incineroar\n|-damage|p1a: Ursaluna|0 fnt\n|-damage|p1b: Incineroar|36/100\n|faint|p1a: Ursaluna\n|-ability|p2a: Calyrex|Chilling Neigh|boost\n|-boost|p2a: Calyrex|atk|1\n|\n|-damage|p1b: Incineroar|23/100|[from] Leech Seed|[of] p2a: Calyrex\n|-heal|p2a: Calyrex|97/100|[silent]\n|upkeep\n|turn|10\n|-message|meh is good forfeited.\n|\n|win|fogdocker\n|raw|meh is good's rating: 1523 &rarr; <strong>1508</strong><br />(-15 for losing)\n|raw|fogdocker's rating: 1605 &rarr; <strong>1620</strong><br />(+15 for winning)\n|l|\u2606meh is good\n|player|p1|\n","uploadtime":1775300918,"views":11,"formatid":"gen9vgc2026regi","rating":1508,"private":0,"password":null}