{"id":"gen9vgc2026regi-2564592326","format":"[Gen 9] VGC 2026 Reg I","players":["manhngao","fogdocker"],"log":"|j|\u2606manhngao\n|j|\u2606fogdocker\n|t:|1774170656\n|gametype|doubles\n|player|p1|manhngao|266|1332\n|player|p2|fogdocker|265|1536\n|gen|9\n|tier|[Gen 9] VGC 2026 Reg I\n|rated|\n|rule|Species Clause: Limit one of each Pok\u00e9mon\n|rule|Item Clause: Limit 1 of each item\n|clearpoke\n|poke|p1|Ho-Oh, L50|\n|poke|p1|Sableye, L50, M|\n|poke|p1|Groudon, L50|\n|poke|p1|Iron Valiant, L50|\n|poke|p1|Chien-Pao, L50|\n|poke|p1|Tornadus, L50, M|\n|poke|p2|Calyrex-Ice, L50|\n|poke|p2|Koraidon, L50|\n|poke|p2|Flutter Mane, L50|\n|poke|p2|Incineroar, L50, F|\n|poke|p2|Rillaboom, L50, F|\n|poke|p2|Volcarona, L50, M|\n|teampreview|4\nmanhngao rejected open team sheets.\n|inactive|Battle timer is ON: inactive players will automatically lose when time's up. (requested by manhngao)\n|inactive|fogdocker has 60 seconds left.\n|\n|t:|1774170701\n|teamsize|p1|4\n|teamsize|p2|4\n|start\n|switch|p1a: Sableye|Sableye, L50, M|100/100\n|switch|p1b: Iron Valiant|Iron Valiant, L50|100/100\n|switch|p2a: Calyrex|Calyrex-Ice, L50|100/100\n|switch|p2b: Incineroar|Incineroar, L50, F|100/100\n|-ability|p2a: Calyrex|As One\n|-ability|p2a: Calyrex|Unnerve\n|-ability|p2b: Incineroar|Intimidate|boost\n|-unboost|p1a: Sableye|atk|1\n|-unboost|p1b: Iron Valiant|atk|1\n|-enditem|p1b: Iron Valiant|Booster Energy\n|-activate|p1b: Iron Valiant|ability: Quark Drive|[fromitem]\n|-start|p1b: Iron Valiant|quarkdrivespe\n|turn|1\n|\n|t:|1774170724\n|-terastallize|p1b: Iron Valiant|Ghost\n|-terastallize|p2a: Calyrex|Water\n|move|p1a: Sableye|Gravity|p1a: Sableye\n|-fieldstart|move: Gravity\n|move|p1b: Iron Valiant|Hypnosis|p2a: Calyrex\n|-status|p2a: Calyrex|slp|[from] move: Hypnosis\n|move|p2b: Incineroar|Flare Blitz|p1a: Sableye\n|-damage|p1a: Sableye|39/100\n|-status|p1a: Sableye|brn\n|-damage|p2b: Incineroar|85/100|[from] Recoil\n|cant|p2a: Calyrex|slp\n|\n|-damage|p1a: Sableye|34/100 brn|[from] brn\n|upkeep\n|turn|2\n|\n|t:|1774170737\n|switch|p1a: Groudon|Groudon, L50|100/100\n|-weather|SunnyDay|[from] ability: Drought|[of] p1a: Groudon\n|move|p1b: Iron Valiant|Hypnosis|p2b: Incineroar\n|-status|p2b: Incineroar|slp|[from] move: Hypnosis\n|cant|p2b: Incineroar|slp\n|cant|p2a: Calyrex|slp\n|\n|-weather|SunnyDay|[upkeep]\n|upkeep\n|turn|3\n|inactive|fogdocker has 30 seconds left.\n|\n|t:|1774170766\n|move|p1b: Iron Valiant|Coaching|p1a: Groudon\n|-boost|p1a: Groudon|atk|1\n|-boost|p1a: Groudon|def|1\n|move|p1a: Groudon|Precipice Blades|p2a: Calyrex|[spread] p2a,p2b\n|-supereffective|p2b: Incineroar\n|-damage|p2a: Calyrex|57/100 slp\n|-damage|p2b: Incineroar|0 fnt\n|faint|p2b: Incineroar\n|cant|p2a: Calyrex|slp\n|\n|-weather|SunnyDay|[upkeep]\n|-heal|p2a: Calyrex|62/100 slp|[from] item: Leftovers\n|upkeep\n|\n|t:|1774170775\n|switch|p2b: Flutter Mane|Flutter Mane, L50|100/100\n|-activate|p2b: Flutter Mane|ability: Protosynthesis\n|-start|p2b: Flutter Mane|protosynthesisspe\n|turn|4\n|\n|t:|1774170787\n|move|p2b: Flutter Mane|Moonblast|p1a: Groudon\n|-damage|p1a: Groudon|47/100\n|move|p1b: Iron Valiant|Coaching|p1a: Groudon\n|-boost|p1a: Groudon|atk|1\n|-boost|p1a: Groudon|def|1\n|move|p1a: Groudon|Precipice Blades|p2a: Calyrex|[spread] p2a,p2b\n|-damage|p2a: Calyrex|7/100 slp\n|-enditem|p2b: Flutter Mane|Focus Sash\n|-damage|p2b: Flutter Mane|1/100\n|-curestatus|p2a: Calyrex|slp|[msg]\n|move|p2a: Calyrex|Glacial Lance|p1b: Iron Valiant|[spread] p1a,p1b\n|-supereffective|p1a: Groudon\n|-damage|p1a: Groudon|10/100\n|-damage|p1b: Iron Valiant|47/100\n|\n|-weather|SunnyDay|[upkeep]\n|-heal|p2a: Calyrex|13/100|[from] item: Leftovers\n|upkeep\n|turn|5\n|inactive|manhngao has 30 seconds left.\n|\n|t:|1774170819\n|switch|p1a: Sableye|Sableye, L50, M|34/100 brn\n|move|p2b: Flutter Mane|Moonblast|p1a: Sableye\n|-supereffective|p1a: Sableye\n|-damage|p1a: Sableye|0 fnt\n|faint|p1a: Sableye\n|move|p1b: Iron Valiant|Moonblast|p2a: Calyrex\n|-damage|p2a: Calyrex|0 fnt\n|faint|p2a: Calyrex\n|\n|-weather|SunnyDay|[upkeep]\n|-fieldend|move: Gravity\n|upkeep\n|\n|t:|1774170826\n|switch|p1a: Ho-Oh|Ho-Oh, L50|100/100\n|switch|p2a: Koraidon|Koraidon, L50|100/100\n|-activate|p2a: Koraidon|ability: Orichalcum Pulse\n|turn|6\n|inactive|manhngao has 30 seconds left.\n|inactive|manhngao has 20 seconds left.\n|\n|t:|1774170866\n|move|p2a: Koraidon|Protect|p2a: Koraidon\n|-singleturn|p2a: Koraidon|Protect\n|move|p2b: Flutter Mane|Shadow Ball|p1b: Iron Valiant\n|-supereffective|p1b: Iron Valiant\n|-crit|p1b: Iron Valiant\n|-damage|p1b: Iron Valiant|0 fnt\n|faint|p1b: Iron Valiant\n|-end|p1b: Iron Valiant|Quark Drive|[silent]\n|move|p1a: Ho-Oh|Brave Bird|p2b: Flutter Mane\n|-damage|p2b: Flutter Mane|0 fnt\n|faint|p2b: Flutter Mane\n|-end|p2b: Flutter Mane|Protosynthesis|[silent]\n|-damage|p1a: Ho-Oh|99/100|[from] Recoil\n|-damage|p1a: Ho-Oh|90/100|[from] item: Life Orb\n|\n|-weather|none\n|upkeep\n|\n|t:|1774170869\n|switch|p1b: Groudon|Groudon, L50|10/100\n|-weather|SunnyDay|[from] ability: Drought|[of] p1b: Groudon\n|turn|7\n|\n|t:|1774170888\n|move|p1b: Groudon|Precipice Blades|p2a: Koraidon\n|-damage|p2a: Koraidon|34/100\n|move|p2a: Koraidon|Flare Blitz|p1a: Ho-Oh\n|-resisted|p1a: Ho-Oh\n|-damage|p1a: Ho-Oh|39/100\n|-damage|p2a: Koraidon|13/100|[from] Recoil\n|-damage|p2a: Koraidon|3/100|[from] item: Life Orb\n|move|p1a: Ho-Oh|Brave Bird|p2a: Koraidon\n|-supereffective|p2a: Koraidon\n|-damage|p2a: Koraidon|0 fnt\n|faint|p2a: Koraidon\n|-damage|p1a: Ho-Oh|39/100|[from] Recoil\n|-damage|p1a: Ho-Oh|29/100|[from] item: Life Orb\n|\n|win|manhngao\n|raw|manhngao's rating: 1332 &rarr; <strong>1363</strong><br />(+31 for winning)\n|raw|fogdocker's rating: 1536 &rarr; <strong>1505</strong><br />(-31 for losing)\n|l|\u2606fogdocker\n|player|p2|\n|l|\u2606manhngao\n|player|p1|\n","uploadtime":1774171040,"views":13,"formatid":"gen9vgc2026regi","rating":1363,"private":0,"password":null}