{"id":"gen9vgc2026regi-2576583298","format":"[Gen 9] VGC 2026 Reg I","players":["jj11j1","Realphoenixking"],"log":"|j|\u2606jj11j1\n|j|\u2606Realphoenixking\n|t:|1775489612\n|gametype|doubles\n|player|p1|jj11j1|266|1359\n|player|p2|Realphoenixking|ghetsis-gen5bw|1415\n|gen|9\n|tier|[Gen 9] VGC 2026 Reg I\n|rated|\n|rule|Species Clause: Limit one of each Pok\u00e9mon\n|rule|Item Clause: Limit 1 of each item\n|clearpoke\n|poke|p1|Ho-Oh, L50|\n|poke|p1|Calyrex-Ice, L50|\n|poke|p1|Overqwil, L50, M|\n|poke|p1|Ting-Lu, L50|\n|poke|p1|Rillaboom, L50, M|\n|poke|p1|Ogerpon-Wellspring, L50, F|\n|poke|p2|Whimsicott, L50, M|\n|poke|p2|Miraidon, L50|\n|poke|p2|Ursaluna, L50, M|\n|poke|p2|Incineroar, L50, M|\n|poke|p2|Urshifu-*, L50, M|\n|poke|p2|Lunala, L50|\n|teampreview|4\n|inactive|Battle timer is ON: inactive players will automatically lose when time's up. (requested by jj11j1)\n|\n|t:|1775489657\n|teamsize|p1|4\n|teamsize|p2|4\n|start\n|switch|p1a: Overqwil|Overqwil, L50, M|100/100\n|switch|p1b: Calyrex|Calyrex-Ice, L50|100/100\n|switch|p2a: Incineroar|Incineroar, L50, M|100/100\n|switch|p2b: Lunala|Lunala, L50|100/100\n|-ability|p1b: Calyrex|As One\n|-ability|p1b: Calyrex|Unnerve\n|-ability|p1a: Overqwil|Intimidate|boost\n|-unboost|p2a: Incineroar|atk|1\n|-unboost|p2b: Lunala|atk|1\n|-ability|p2a: Incineroar|Intimidate|boost\n|-unboost|p1a: Overqwil|atk|1\n|-unboost|p1b: Calyrex|atk|1\n|turn|1\n|\n|t:|1775489679\n|move|p1a: Overqwil|Protect|p1a: Overqwil\n|-singleturn|p1a: Overqwil|Protect\n|move|p1b: Calyrex|Protect|p1b: Calyrex\n|-singleturn|p1b: Calyrex|Protect\n|move|p2a: Incineroar|Fake Out|p1a: Overqwil\n|-activate|p1a: Overqwil|move: Protect\n|move|p2b: Lunala|Moonblast|p1a: Overqwil\n|-activate|p1a: Overqwil|move: Protect\n|\n|upkeep\n|turn|2\n|\n|t:|1775489699\n|-terastallize|p2b: Lunala|Fairy\n|-terastallize|p1b: Calyrex|Water\n|move|p2b: Lunala|Moongeist Beam|p1b: Calyrex\n|-damage|p1b: Calyrex|64/100\n|move|p1a: Overqwil|Throat Chop|p2b: Lunala\n|-resisted|p2b: Lunala\n|-damage|p2b: Lunala|96/100\n|-start|p2b: Lunala|Throat Chop|[silent]\n|move|p2a: Incineroar|Knock Off|p1b: Calyrex\n|-damage|p1b: Calyrex|48/100\n|-enditem|p1b: Calyrex|Leftovers|[from] move: Knock Off|[of] p2a: Incineroar\n|move|p1b: Calyrex|Trick Room|p1b: Calyrex\n|-fieldstart|move: Trick Room|[of] p1b: Calyrex\n|\n|upkeep\n|turn|3\n|inactive|jj11j1 has 30 seconds left.\n|\n|t:|1775489726\n|move|p1b: Calyrex|Leech Seed|p2b: Lunala\n|-start|p2b: Lunala|move: Leech Seed\n|move|p2a: Incineroar|U-turn|p1a: Overqwil\n|-damage|p1a: Overqwil|89/100\n|\n|t:|1775489730\n|switch|p2a: Ursaluna|Ursaluna, L50, M|100/100|[from] U-turn\n|move|p1a: Overqwil|Barb Barrage|p2b: Lunala\n|-supereffective|p2b: Lunala\n|-damage|p2b: Lunala|73/100\n|move|p2b: Lunala|Trick Room|p2b: Lunala\n|-fieldend|move: Trick Room\n|\n|-heal|p1a: Overqwil|95/100|[from] item: Black Sludge\n|-damage|p2b: Lunala|60/100|[from] Leech Seed|[of] p1b: Calyrex\n|-heal|p1b: Calyrex|62/100|[silent]\n|-end|p2b: Lunala|Throat Chop|[silent]\n|-status|p2a: Ursaluna|brn|[from] item: Flame Orb\n|upkeep\n|turn|4\n|inactive|jj11j1 has 30 seconds left.\n|\n|t:|1775489761\n|switch|p2b: Miraidon|Miraidon, L50|100/100\n|-fieldstart|move: Electric Terrain|[from] ability: Hadron Engine|[of] p2b: Miraidon\n|move|p1b: Calyrex|Protect|p1b: Calyrex\n|-singleturn|p1b: Calyrex|Protect\n|move|p1a: Overqwil|Barb Barrage|p2b: Miraidon\n|-damage|p2b: Miraidon|85/100\n|move|p2a: Ursaluna|Facade|p1a: Overqwil\n|-damage|p1a: Overqwil|0 fnt\n|faint|p1a: Overqwil\n|\n|-damage|p2a: Ursaluna|95/100 brn|[from] brn\n|upkeep\n|\n|t:|1775489779\n|switch|p1a: Ting-Lu|Ting-Lu, L50|100/100\n|-ability|p1a: Ting-Lu|Vessel of Ruin\n|turn|5\n|\n|t:|1775489796\n|move|p2b: Miraidon|Volt Switch|p1b: Calyrex\n|-supereffective|p1b: Calyrex\n|-damage|p1b: Calyrex|0 fnt\n|faint|p1b: Calyrex\n|-damage|p2b: Miraidon|76/100|[from] item: Life Orb\n|\n|t:|1775489802\n|switch|p2b: Lunala|Lunala, L50, tera:Fairy|60/100|[from] Volt Switch\n|-enditem|p2b: Lunala|Electric Seed\n|-boost|p2b: Lunala|def|1|[from] item: Electric Seed\n|move|p2a: Ursaluna|Facade|p1a: Ting-Lu\n|-damage|p1a: Ting-Lu|38/100\n|move|p1a: Ting-Lu|Stomping Tantrum|p2b: Lunala\n|-damage|p2b: Lunala|33/100\n|\n|-damage|p2a: Ursaluna|89/100 brn|[from] brn\n|upkeep\n|\n|t:|1775489813\n|switch|p1b: Ho-Oh|Ho-Oh, L50|100/100\n|turn|6\n|\n|t:|1775489829\n|move|p2b: Lunala|Moongeist Beam|p1b: Ho-Oh\n|-crit|p1b: Ho-Oh\n|-damage|p1b: Ho-Oh|59/100\n|move|p1b: Ho-Oh|Life Dew|p1b: Ho-Oh|[spread] p1a,p1b\n|-heal|p1a: Ting-Lu|63/100\n|-heal|p1b: Ho-Oh|84/100\n|move|p2a: Ursaluna|Facade|p1a: Ting-Lu\n|-damage|p1a: Ting-Lu|0 fnt\n|faint|p1a: Ting-Lu\n|\n|-damage|p2a: Ursaluna|83/100 brn|[from] brn\n|upkeep\n|turn|7\n|\n|t:|1775489848\n|move|p2b: Lunala|Moongeist Beam|p1b: Ho-Oh\n|-damage|p1b: Ho-Oh|50/100\n|move|p1b: Ho-Oh|Sacred Fire|p2a: Ursaluna\n|-damage|p2a: Ursaluna|53/100 brn\n|move|p2a: Ursaluna|Facade|p1b: Ho-Oh\n|-damage|p1b: Ho-Oh|0 fnt\n|-damage|p2a: Ursaluna|36/100 brn|[from] item: Rocky Helmet|[of] p1b: Ho-Oh\n|faint|p1b: Ho-Oh\n|\n|win|Realphoenixking\n|raw|jj11j1's rating: 1359 &rarr; <strong>1342</strong><br />(-17 for losing)\n|raw|Realphoenixking's rating: 1415 &rarr; <strong>1432</strong><br />(+17 for winning)\n|l|\u2606jj11j1\n|player|p1|\n","uploadtime":1775489862,"views":63,"formatid":"gen9vgc2026regi","rating":1342,"private":0,"password":null}