{"id":"gen9vgc2026regi-2580328832","format":"[Gen 9] VGC 2026 Reg I","players":["JakeNBake3D","LetHimSleep"],"log":"|j|\u2606JakeNBake3D\n|j|\u2606LetHimSleep\n|t:|1775881097\n|gametype|doubles\n|player|p1|JakeNBake3D|102|1295\n|player|p2|LetHimSleep|boarder|1409\n|gen|9\n|tier|[Gen 9] VGC 2026 Reg I\n|rated|\n|rule|Species Clause: Limit one of each Pok\u00e9mon\n|rule|Item Clause: Limit 1 of each item\n|clearpoke\n|poke|p1|Calyrex-Ice, L50|\n|poke|p1|Miraidon, L50|\n|poke|p1|Whimsicott, L50, M|\n|poke|p1|Incineroar, L50, F|\n|poke|p1|Farigiraf, L50, F|\n|poke|p1|Landorus, L50, M|\n|poke|p2|Incineroar, L50, M|\n|poke|p2|Rillaboom, L50, F|\n|poke|p2|Landorus, L50, M|\n|poke|p2|Smeargle, L50, F|\n|poke|p2|Koraidon, L50|\n|poke|p2|Calyrex-Ice, L50|\n|teampreview|4\n|inactive|Battle timer is ON: inactive players will automatically lose when time's up. (requested by LetHimSleep)\n|\n|t:|1775881151\n|teamsize|p1|4\n|teamsize|p2|4\n|start\n|switch|p1a: Miraidon|Miraidon, L50|100/100\n|switch|p1b: Farigiraf|Farigiraf, L50, F|100/100\n|switch|p2a: Rillaboom|Rillaboom, L50, F|100/100\n|switch|p2b: Landorus|Landorus, L50, M|100/100\n|-fieldstart|move: Electric Terrain|[from] ability: Hadron Engine|[of] p1a: Miraidon\n|-enditem|p1b: Farigiraf|Electric Seed\n|-boost|p1b: Farigiraf|def|1|[from] item: Electric Seed\n|-fieldstart|move: Grassy Terrain|[from] ability: Grassy Surge|[of] p2a: Rillaboom\n|turn|1\n|\n|t:|1775881175\n|-terastallize|p1a: Miraidon|Fairy\n|move|p1b: Farigiraf|Helping Hand|p1a: Miraidon\n|-singleturn|p1a: Miraidon|Helping Hand|[of] p1b: Farigiraf\n|move|p1a: Miraidon|Dazzling Gleam|p2b: Landorus|[spread] p2a,p2b\n|-damage|p2a: Rillaboom|34/100\n|-damage|p2b: Landorus|12/100\n|move|p2a: Rillaboom|U-turn|p1b: Farigiraf\n|-supereffective|p1b: Farigiraf\n|-damage|p1b: Farigiraf|71/100\n|\n|t:|1775881186\n|switch|p2a: Calyrex|Calyrex-Ice, L50|100/100|[from] U-turn\n|-ability|p2a: Calyrex|As One\n|-ability|p2a: Calyrex|Unnerve\n|move|p2b: Landorus|Sandsear Storm|p1b: Farigiraf|[spread] p1a,p1b\n|-damage|p1a: Miraidon|43/100\n|-damage|p1b: Farigiraf|23/100\n|\n|-heal|p1a: Miraidon|49/100|[from] Grassy Terrain\n|-heal|p1b: Farigiraf|30/100|[from] Grassy Terrain\n|upkeep\n|turn|2\n|inactive|JakeNBake3D has 30 seconds left.\n|inactive|JakeNBake3D has 20 seconds left.\n|inactive|JakeNBake3D has 15 seconds left.\n|inactive|JakeNBake3D has 10 seconds left.\n|\n|t:|1775881232\n|switch|p1a: Calyrex|Calyrex-Ice, L50|100/100\n|-ability|p1a: Calyrex|As One\n|-ability|p1a: Calyrex|Unnerve\n|move|p2b: Landorus|Protect|p2b: Landorus\n|-singleturn|p2b: Landorus|Protect\n|move|p1b: Farigiraf|Foul Play|p2b: Landorus\n|-activate|p2b: Landorus|move: Protect\n|move|p2a: Calyrex|Glacial Lance|p1b: Farigiraf|[spread] p1a,p1b\n|-resisted|p1a: Calyrex\n|-damage|p1a: Calyrex|83/100\n|-damage|p1b: Farigiraf|0 fnt\n|faint|p1b: Farigiraf\n|-ability|p2a: Calyrex|Chilling Neigh|boost\n|-boost|p2a: Calyrex|atk|1\n|\n|-heal|p1a: Calyrex|89/100|[from] Grassy Terrain\n|-heal|p1a: Calyrex|95/100|[from] item: Leftovers\n|upkeep\n|inactive|JakeNBake3D has 30 seconds left.\n|\n|t:|1775881260\n|switch|p1b: Miraidon|Miraidon, L50, tera:Fairy|49/100\n|-fieldstart|move: Electric Terrain|[from] ability: Hadron Engine|[of] p1b: Miraidon\n|turn|3\n|\n|t:|1775881279\n|switch|p2b: Rillaboom|Rillaboom, L50, F|34/100\n|-fieldstart|move: Grassy Terrain|[from] ability: Grassy Surge|[of] p2b: Rillaboom\n|move|p1b: Miraidon|Dazzling Gleam|p2b: Rillaboom|[spread] p2a,p2b\n|-damage|p2a: Calyrex|72/100\n|-damage|p2b: Rillaboom|0 fnt\n|faint|p2b: Rillaboom\n|move|p2a: Calyrex|Glacial Lance|p1b: Miraidon|[spread] p1a,p1b\n|-resisted|p1a: Calyrex\n|-damage|p1a: Calyrex|70/100\n|-damage|p1b: Miraidon|0 fnt\n|faint|p1b: Miraidon\n|-ability|p2a: Calyrex|Chilling Neigh|boost\n|-boost|p2a: Calyrex|atk|1\n|move|p1a: Calyrex|Leech Seed|p2a: Calyrex\n|-start|p2a: Calyrex|move: Leech Seed\n|\n|-heal|p2a: Calyrex|77/100|[from] Grassy Terrain\n|-heal|p2a: Calyrex|83/100|[from] item: Leftovers\n|-heal|p1a: Calyrex|76/100|[from] Grassy Terrain\n|-heal|p1a: Calyrex|82/100|[from] item: Leftovers\n|-damage|p2a: Calyrex|71/100|[from] Leech Seed|[of] p1a: Calyrex\n|-heal|p1a: Calyrex|94/100|[silent]\n|upkeep\n|\n|t:|1775881302\n|switch|p1b: Incineroar|Incineroar, L50, F|100/100\n|switch|p2b: Koraidon|Koraidon, L50|100/100\n|-weather|SunnyDay|[from] ability: Orichalcum Pulse|[of] p2b: Koraidon\n|-activate|p2b: Koraidon|Orichalcum Pulse|[source]\n|-ability|p1b: Incineroar|Intimidate|boost\n|-unboost|p2a: Calyrex|atk|1\n|-fail|p2b: Koraidon|unboost|[from] item: Clear Amulet|[of] p2b: Koraidon\n|turn|4\n|inactive|JakeNBake3D has 30 seconds left.\n|inactive|JakeNBake3D has 20 seconds left.\n|inactive|JakeNBake3D has 15 seconds left.\n|inactive|JakeNBake3D has 10 seconds left.\n|\n|t:|1775881348\n|move|p2b: Koraidon|Protect|p2b: Koraidon\n|-singleturn|p2b: Koraidon|Protect\n|move|p1a: Calyrex|Protect|p1a: Calyrex\n|-singleturn|p1a: Calyrex|Protect\n|move|p1b: Incineroar|Knock Off|p2a: Calyrex\n|-supereffective|p2a: Calyrex\n|-damage|p2a: Calyrex|24/100\n|-enditem|p2a: Calyrex|Leftovers|[from] move: Knock Off|[of] p1b: Incineroar\n|move|p2a: Calyrex|Leech Seed|p1b: Incineroar\n|-start|p1b: Incineroar|move: Leech Seed\n|\n|-weather|SunnyDay|[upkeep]\n|-heal|p2a: Calyrex|29/100|[from] Grassy Terrain\n|-heal|p1a: Calyrex|99/100|[from] Grassy Terrain\n|-heal|p1a: Calyrex|100/100|[from] item: Leftovers\n|-damage|p1b: Incineroar|88/100|[from] Leech Seed|[of] p2a: Calyrex\n|-heal|p2a: Calyrex|42/100|[silent]\n|-damage|p2a: Calyrex|29/100|[from] Leech Seed|[of] p1a: Calyrex\n|upkeep\n|turn|5\n|inactive|JakeNBake3D has 30 seconds left.\n|inactive|LetHimSleep has 30 seconds left.\n|inactive|LetHimSleep has 20 seconds left.\n|\n|t:|1775881387\n|-terastallize|p2b: Koraidon|Fire\n|move|p2b: Koraidon|Low Kick|p1b: Incineroar\n|-supereffective|p1b: Incineroar\n|-crit|p1b: Incineroar\n|-damage|p1b: Incineroar|0 fnt\n|faint|p1b: Incineroar\n|move|p2a: Calyrex|Leech Seed|p1a: Calyrex\n|-start|p1a: Calyrex|move: Leech Seed\n|move|p1a: Calyrex|Glacial Lance|p2b: Koraidon|[spread] p2a,p2b\n|-resisted|p2a: Calyrex\n|-resisted|p2b: Koraidon\n|-damage|p2a: Calyrex|13/100\n|-damage|p2b: Koraidon|80/100\n|\n|-weather|SunnyDay|[upkeep]\n|-heal|p2b: Koraidon|86/100|[from] Grassy Terrain\n|-heal|p2a: Calyrex|18/100|[from] Grassy Terrain\n|-damage|p2a: Calyrex|6/100|[from] Leech Seed|[of] p1a: Calyrex\n|-damage|p1a: Calyrex|88/100|[from] Leech Seed|[of] p2a: Calyrex\n|-heal|p2a: Calyrex|18/100|[silent]\n|upkeep\n|turn|6\n|-message|JakeNBake3D forfeited.\n|\n|win|LetHimSleep\n|raw|JakeNBake3D's rating: 1295 &rarr; <strong>1278</strong><br />(-17 for losing)\n|raw|LetHimSleep's rating: 1409 &rarr; <strong>1423</strong><br />(+14 for winning)\n|l|\u2606JakeNBake3D\n|player|p1|\n|l|\u2606LetHimSleep\n|player|p2|\n","uploadtime":1775881656,"views":9,"formatid":"gen9vgc2026regi","rating":1278,"private":0,"password":null}