{"id":"gen9vgc2026regi-2518761423","format":"[Gen 9] VGC 2026 Reg I","players":["j0l0k0","crifab93"],"log":"|j|\u2606j0l0k0\n|j|\u2606crifab93\n|t:|1768423244\n|gametype|doubles\n|player|p1|j0l0k0|brycen|1460\n|player|p2|crifab93|n|1394\n|gen|9\n|tier|[Gen 9] VGC 2026 Reg I\n|rated|\n|rule|Species Clause: Limit one of each Pok\u00e9mon\n|rule|Item Clause: Limit 1 of each item\n|clearpoke\n|poke|p1|Calyrex-Ice, L50|\n|poke|p1|Kyogre, L50|\n|poke|p1|Indeedee-F, L50, F|\n|poke|p1|Urshifu-*, L50, F|\n|poke|p1|Amoonguss, L50, F|\n|poke|p1|Landorus, L50, M|\n|poke|p2|Rillaboom, L50, F|\n|poke|p2|Calyrex-Shadow, L50|\n|poke|p2|Zamazenta-*, L50|\n|poke|p2|Incineroar, L50, F|\n|poke|p2|Clefairy, L50, F|\n|poke|p2|Ogerpon-Hearthflame, L50, F|\n|teampreview|4\n|inactive|Battle timer is ON: inactive players will automatically lose when time's up. (requested by j0l0k0)\n|inactive|crifab93 has 60 seconds left.\n|inactive|j0l0k0 has 60 seconds left.\n|\n|t:|1768423315\n|teamsize|p1|4\n|teamsize|p2|4\n|start\n|switch|p1a: Indeedee|Indeedee-F, L50, F, shiny|100/100\n|switch|p1b: Calyrex|Calyrex-Ice, L50|100/100\n|switch|p2a: Rillaboom|Rillaboom, L50, F|100/100\n|switch|p2b: Calyrex|Calyrex-Shadow, L50|100/100\n|-ability|p2b: Calyrex|As One\n|-ability|p2b: Calyrex|Unnerve\n|-ability|p1b: Calyrex|As One\n|-ability|p1b: Calyrex|Unnerve\n|-fieldstart|move: Grassy Terrain|[from] ability: Grassy Surge|[of] p2a: Rillaboom\n|-fieldstart|move: Psychic Terrain|[from] ability: Psychic Surge|[of] p1a: Indeedee\n|turn|1\n|\n|t:|1768423334\n|-terastallize|p1b: Calyrex|Normal\n|move|p2b: Calyrex|Nasty Plot|p2b: Calyrex\n|-boost|p2b: Calyrex|spa|2\n|move|p2a: Rillaboom|U-turn|p1b: Calyrex\n|-damage|p1b: Calyrex|84/100\n|\n|t:|1768423345\n|switch|p2a: Clefairy|Clefairy, L50, F, shiny|100/100|[from] U-turn\n|move|p1b: Calyrex|Glacial Lance|p2a: Clefairy|[spread] p2a,p2b\n|-damage|p2a: Clefairy|51/100\n|-damage|p2b: Calyrex|46/100\n|move|p1a: Indeedee|Trick Room|p1a: Indeedee\n|-fieldstart|move: Trick Room|[of] p1a: Indeedee\n|\n|upkeep\n|turn|2\n|\n|t:|1768423353\n|switch|p2a: Zamazenta|Zamazenta-Crowned, L50|100/100\n|-ability|p2a: Zamazenta|Dauntless Shield|boost\n|-boost|p2a: Zamazenta|def|1\n|move|p2b: Calyrex|Protect|p2b: Calyrex\n|-singleturn|p2b: Calyrex|Protect\n|move|p1a: Indeedee|Follow Me|p1a: Indeedee\n|-singleturn|p1a: Indeedee|move: Follow Me\n|move|p1b: Calyrex|Glacial Lance|p2b: Calyrex|[spread] p2a\n|-activate|p2b: Calyrex|move: Protect\n|-resisted|p2a: Zamazenta\n|-damage|p2a: Zamazenta|89/100\n|\n|upkeep\n|turn|3\n|\n|t:|1768423367\n|move|p1a: Indeedee|Follow Me|p1a: Indeedee\n|-singleturn|p1a: Indeedee|move: Follow Me\n|move|p1b: Calyrex|Crunch|p2b: Calyrex\n|-supereffective|p2b: Calyrex\n|-damage|p2b: Calyrex|0 fnt\n|faint|p2b: Calyrex\n|-ability|p1b: Calyrex|Chilling Neigh|boost\n|-boost|p1b: Calyrex|atk|1\n|move|p2a: Zamazenta|Body Press|p1a: Indeedee\n|-damage|p1a: Indeedee|28/100\n|\n|upkeep\n|\n|t:|1768423371\n|switch|p2b: Rillaboom|Rillaboom, L50, F|100/100\n|-fieldstart|move: Grassy Terrain|[from] ability: Grassy Surge|[of] p2b: Rillaboom\n|turn|4\n|\n|t:|1768423386\n|move|p2b: Rillaboom|Fake Out|p1b: Calyrex\n|-damage|p1b: Calyrex|75/100\n|move|p1a: Indeedee|Follow Me|p1a: Indeedee\n|-singleturn|p1a: Indeedee|move: Follow Me\n|cant|p1b: Calyrex|flinch\n|move|p2a: Zamazenta|Body Press|p1a: Indeedee\n|-damage|p1a: Indeedee|0 fnt\n|faint|p1a: Indeedee\n|\n|-heal|p1b: Calyrex|81/100|[from] Grassy Terrain\n|-heal|p2a: Zamazenta|95/100|[from] Grassy Terrain\n|upkeep\n|\n|t:|1768423398\n|switch|p1a: Kyogre|Kyogre, L50, shiny|100/100\n|-weather|RainDance|[from] ability: Drizzle|[of] p1a: Kyogre\n|turn|5\n|\n|t:|1768423418\n|-terastallize|p2b: Rillaboom|Grass\n|move|p2a: Zamazenta|Wide Guard|p2a: Zamazenta\n|-singleturn|p2a: Zamazenta|Wide Guard\n|move|p2b: Rillaboom|Grassy Glide|p1a: Kyogre\n|-supereffective|p1a: Kyogre\n|-damage|p1a: Kyogre|10/100\n|move|p1b: Calyrex|Glacial Lance|p2b: Rillaboom|[spread] \n|-activate|p2a: Zamazenta|move: Wide Guard\n|-activate|p2b: Rillaboom|move: Wide Guard\n|move|p1a: Kyogre|Ice Beam|p2b: Rillaboom\n|-supereffective|p2b: Rillaboom\n|-damage|p2b: Rillaboom|43/100\n|\n|-weather|RainDance|[upkeep]\n|-heal|p1b: Calyrex|87/100|[from] Grassy Terrain\n|-heal|p1a: Kyogre|15/100|[from] Grassy Terrain\n|-heal|p2b: Rillaboom|48/100|[from] Grassy Terrain\n|-heal|p2a: Zamazenta|100/100|[from] Grassy Terrain\n|-fieldend|move: Trick Room\n|upkeep\n|turn|6\n|\n|t:|1768423437\n|switch|p1b: Landorus|Landorus, L50, M, shiny|100/100\n|move|p2b: Rillaboom|Grassy Glide|p1b: Landorus\n|-damage|p1b: Landorus|48/100\n|move|p2a: Zamazenta|Body Press|p1b: Landorus\n|-resisted|p1b: Landorus\n|-damage|p1b: Landorus|16/100\n|move|p1a: Kyogre|Ice Beam|p2b: Rillaboom\n|-supereffective|p2b: Rillaboom\n|-damage|p2b: Rillaboom|0 fnt\n|faint|p2b: Rillaboom\n|\n|-weather|RainDance|[upkeep]\n|-heal|p1a: Kyogre|21/100|[from] Grassy Terrain\n|upkeep\n|\n|t:|1768423443\n|switch|p2b: Clefairy|Clefairy, L50, F, shiny|51/100\n|turn|7\n|\n|t:|1768423455\n|move|p2b: Clefairy|Protect|p2b: Clefairy\n|-singleturn|p2b: Clefairy|Protect\n|move|p2a: Zamazenta|Heavy Slam|p1b: Landorus\n|-damage|p1b: Landorus|0 fnt\n|faint|p1b: Landorus\n|move|p1a: Kyogre|Hydro Pump|p2a: Zamazenta\n|-damage|p2a: Zamazenta|46/100\n|\n|-weather|RainDance|[upkeep]\n|-heal|p2a: Zamazenta|52/100|[from] Grassy Terrain\n|-heal|p1a: Kyogre|27/100|[from] Grassy Terrain\n|-heal|p2b: Clefairy|57/100|[from] Grassy Terrain\n|upkeep\n|\n|t:|1768423466\n|switch|p1b: Calyrex|Calyrex-Ice, L50, tera:Normal|87/100\n|-ability|p1b: Calyrex|As One\n|-ability|p1b: Calyrex|Unnerve\n|turn|8\n|\n|t:|1768423483\n|move|p2b: Clefairy|Helping Hand|p2a: Zamazenta\n|-singleturn|p2a: Zamazenta|Helping Hand|[of] p2b: Clefairy\n|move|p2a: Zamazenta|Body Press|p1a: Kyogre\n|-damage|p1a: Kyogre|0 fnt\n|faint|p1a: Kyogre\n|move|p1b: Calyrex|Glacial Lance|p2a: Zamazenta|[spread] p2a,p2b\n|-resisted|p2a: Zamazenta\n|-damage|p2a: Zamazenta|44/100\n|-damage|p2b: Clefairy|6/100\n|\n|-weather|RainDance|[upkeep]\n|-heal|p2a: Zamazenta|50/100|[from] Grassy Terrain\n|-heal|p1b: Calyrex|93/100|[from] Grassy Terrain\n|-heal|p2b: Clefairy|12/100|[from] Grassy Terrain\n|-fieldend|move: Grassy Terrain\n|upkeep\n|turn|9\n|\n|t:|1768423495\n|move|p2b: Clefairy|Helping Hand|p2a: Zamazenta\n|-singleturn|p2a: Zamazenta|Helping Hand|[of] p2b: Clefairy\n|move|p2a: Zamazenta|Body Press|p1b: Calyrex\n|-supereffective|p1b: Calyrex\n|-damage|p1b: Calyrex|0 fnt\n|faint|p1b: Calyrex\n|\n|win|crifab93\n|raw|j0l0k0's rating: 1460 &rarr; <strong>1436</strong><br />(-24 for losing)\n|raw|crifab93's rating: 1394 &rarr; <strong>1418</strong><br />(+24 for winning)\n|c|\u2606crifab93|gg\n|c|\u2606j0l0k0|ggwp\n|l|\u2606j0l0k0\n|player|p1|\n","uploadtime":1768423517,"views":17,"formatid":"gen9vgc2026regi","rating":1418,"private":0,"password":null}