{"id":"gen9vgc2026regi-2525855155","format":"[Gen 9] VGC 2026 Reg I","players":["suc vat vk","kojimuranishi"],"log":"|j|\u2606suc vat vk\n|j|\u2606kojimuranishi\n|t:|1769340569\n|gametype|doubles\n|player|p1|suc vat vk|kimonogirl|1407\n|player|p2|kojimuranishi|266|1548\n|gen|9\n|tier|[Gen 9] VGC 2026 Reg I\n|rated|\n|rule|Species Clause: Limit one of each Pok\u00e9mon\n|rule|Item Clause: Limit 1 of each item\n|clearpoke\n|poke|p1|Miraidon, L50|\n|poke|p1|Farigiraf, L50, F|\n|poke|p1|Incineroar, L50, F|\n|poke|p1|Whimsicott, L50, F|\n|poke|p1|Raging Bolt, L50|\n|poke|p1|Zamazenta-*, L50|\n|poke|p2|Zamazenta-*, L50|\n|poke|p2|Lunala, L50|\n|poke|p2|Chien-Pao, L50|\n|poke|p2|Dragonite, L50, F|\n|poke|p2|Landorus, L50, M|\n|poke|p2|Urshifu-*, L50, F|\n|teampreview|4\n|inactive|Battle timer is ON: inactive players will automatically lose when time's up. (requested by kojimuranishi)\n|\n|t:|1769340597\n|teamsize|p1|4\n|teamsize|p2|4\n|start\n|switch|p1a: Whimsicott|Whimsicott, L50, F, shiny|100/100\n|switch|p1b: Miraidon|Miraidon, L50, shiny|100/100\n|switch|p2a: Landorus|Landorus, L50, M|100/100\n|switch|p2b: Lunala|Lunala, L50|100/100\n|-fieldstart|move: Electric Terrain|[from] ability: Hadron Engine|[of] p1b: Miraidon\n|turn|1\n|\n|t:|1769340614\n|move|p1a: Whimsicott|Tailwind|p1a: Whimsicott\n|-sidestart|p1: suc vat vk|move: Tailwind\n|move|p1b: Miraidon|Volt Switch|p2b: Lunala\n|-damage|p2b: Lunala|69/100\n|\n|t:|1769340617\n|switch|p1b: Incineroar|Incineroar, L50, F, shiny|100/100|[from] Volt Switch\n|-ability|p1b: Incineroar|Intimidate|boost\n|-unboost|p2a: Landorus|atk|1\n|-unboost|p2b: Lunala|atk|1\n|move|p2a: Landorus|Sludge Bomb|p1a: Whimsicott\n|-supereffective|p1a: Whimsicott\n|-enditem|p1a: Whimsicott|Focus Sash\n|-damage|p1a: Whimsicott|1/100\n|move|p2b: Lunala|Trick Room|p2b: Lunala\n|-fieldstart|move: Trick Room|[of] p2b: Lunala\n|\n|upkeep\n|turn|2\n|\n|t:|1769340635\n|switch|p2b: Zamazenta|Zamazenta-Crowned, L50|100/100\n|-ability|p2b: Zamazenta|Dauntless Shield|boost\n|-boost|p2b: Zamazenta|def|1\n|move|p1a: Whimsicott|Encore||[still]\n|-fail|p1a: Whimsicott\n|move|p1b: Incineroar|Knock Off|p2b: Zamazenta\n|-resisted|p2b: Zamazenta\n|-crit|p2b: Zamazenta\n|-damage|p2b: Zamazenta|88/100\n|move|p2a: Landorus|Sludge Bomb|p1a: Whimsicott\n|-supereffective|p1a: Whimsicott\n|-damage|p1a: Whimsicott|0 fnt\n|faint|p1a: Whimsicott\n|\n|upkeep\n|\n|t:|1769340657\n|switch|p1a: Zamazenta|Zamazenta-Crowned, L50, shiny|100/100\n|-ability|p1a: Zamazenta|Dauntless Shield|boost\n|-boost|p1a: Zamazenta|def|1\n|turn|3\n|\n|t:|1769340674\n|switch|p2a: Lunala|Lunala, L50|69/100\n|-terastallize|p2b: Zamazenta|Water\n|move|p1a: Zamazenta|Protect|p1a: Zamazenta\n|-singleturn|p1a: Zamazenta|Protect\n|move|p2b: Zamazenta|Body Press|p1b: Incineroar\n|-supereffective|p1b: Incineroar\n|-damage|p1b: Incineroar|0 fnt\n|faint|p1b: Incineroar\n|\n|upkeep\n|\n|t:|1769340698\n|switch|p1b: Miraidon|Miraidon, L50, shiny|100/100\n|-activate|p1b: Miraidon|ability: Hadron Engine\n|turn|4\n|\n|t:|1769340711\n|-terastallize|p1b: Miraidon|Fairy\n|move|p2a: Lunala|Meteor Beam||[still]\n|-prepare|p2a: Lunala|Meteor Beam\n|-boost|p2a: Lunala|spa|1\n|-enditem|p2a: Lunala|Power Herb\n|-anim|p2a: Lunala|Meteor Beam|p1b: Miraidon\n|-damage|p1b: Miraidon|38/100\n|move|p2b: Zamazenta|Body Press|p1b: Miraidon\n|-resisted|p1b: Miraidon\n|-damage|p1b: Miraidon|4/100\n|move|p1a: Zamazenta|Heavy Slam|p2a: Lunala\n|-damage|p2a: Lunala|31/100\n|move|p1b: Miraidon|Electro Drift|p2b: Zamazenta\n|-supereffective|p2b: Zamazenta\n|-damage|p2b: Zamazenta|0 fnt\n|faint|p2b: Zamazenta\n|\n|-sideend|p1: suc vat vk|move: Tailwind\n|upkeep\n|\n|t:|1769340732\n|switch|p2b: Chien-Pao|Chien-Pao, L50|100/100\n|-ability|p2b: Chien-Pao|Sword of Ruin\n|turn|5\n|\n|t:|1769340748\n|move|p1a: Zamazenta|Protect|p1a: Zamazenta\n|-singleturn|p1a: Zamazenta|Protect\n|move|p2b: Chien-Pao|Sucker Punch|p1b: Miraidon\n|-resisted|p1b: Miraidon\n|-damage|p1b: Miraidon|0 fnt\n|faint|p1b: Miraidon\n|-damage|p2b: Chien-Pao|91/100|[from] item: Life Orb\n|move|p2a: Lunala|Moongeist Beam|p1a: Zamazenta\n|-activate|p1a: Zamazenta|move: Protect\n|\n|-fieldend|move: Trick Room\n|-fieldend|move: Electric Terrain\n|upkeep\n|turn|6\n|inactive|kojimuranishi has 30 seconds left.\n|\n|t:|1769340783\n|move|p2b: Chien-Pao|Crunch|p1a: Zamazenta\n|-resisted|p1a: Zamazenta\n|-damage|p1a: Zamazenta|89/100\n|-unboost|p1a: Zamazenta|def|1\n|-damage|p2b: Chien-Pao|81/100|[from] item: Life Orb\n|move|p1a: Zamazenta|Heavy Slam|p2a: Lunala\n|-damage|p2a: Lunala|0 fnt\n|faint|p2a: Lunala\n|\n|upkeep\n|\n|t:|1769340793\n|switch|p2a: Landorus|Landorus, L50, M|100/100\n|turn|7\n|inactive|suc vat vk has 30 seconds left.\n|\n|t:|1769340824\n|move|p2a: Landorus|Earth Power|p1a: Zamazenta\n|-supereffective|p1a: Zamazenta\n|-crit|p1a: Zamazenta\n|-damage|p1a: Zamazenta|0 fnt\n|faint|p1a: Zamazenta\n|\n|win|kojimuranishi\n|raw|suc vat vk's rating: 1407 &rarr; <strong>1395</strong><br />(-12 for losing)\n|raw|kojimuranishi's rating: 1548 &rarr; <strong>1560</strong><br />(+12 for winning)\n|l|\u2606suc vat vk\n|player|p1|\n|l|\u2606kojimuranishi\n|player|p2|\n","uploadtime":1769341080,"views":14,"formatid":"gen9vgc2026regi","rating":1395,"private":0,"password":null}