{"id":"gen9vgc2026regi-2549205495","format":"[Gen 9] VGC 2026 Reg I","players":["b3testing","lior97h"],"log":"|j|\u2606b3testing\n|j|\u2606lior97h\n|t:|1772327732\n|gametype|doubles\n|player|p1|b3testing|170|1285\n|player|p2|lior97h|lucas|1140\n|gen|9\n|tier|[Gen 9] VGC 2026 Reg I\n|rated|\n|rule|Species Clause: Limit one of each Pok\u00e9mon\n|rule|Item Clause: Limit 1 of each item\n|clearpoke\n|poke|p1|Terapagos, L50, M|\n|poke|p1|Calyrex-Shadow, L50|\n|poke|p1|Incineroar, L50, F|\n|poke|p1|Amoonguss, L50, M|\n|poke|p1|Tornadus, L50, M|\n|poke|p1|Smeargle, L50, F|\n|poke|p2|Indeedee-F, L50, F|\n|poke|p2|Sudowoodo, L50, F|\n|poke|p2|Calyrex-Ice, L50|\n|poke|p2|Groudon, L50|\n|poke|p2|Smeargle, L50, M|\n|poke|p2|Sableye, L50, F|\n|teampreview|4\n|inactive|Battle timer is ON: inactive players will automatically lose when time's up. (requested by lior97h)\n|inactive|b3testing also wants the timer to be on.\n|\n|t:|1772327749\n|teamsize|p1|4\n|teamsize|p2|4\n|start\n|switch|p1a: Smeargle|Smeargle, L50, F|100/100\n|switch|p1b: Terapagos|Terapagos, L50, M|100/100\n|switch|p2a: Smeargle|Smeargle, L50, M|100/100\n|switch|p2b: Calyrex|Calyrex-Ice, L50|100/100\n|-activate|p1b: Terapagos|ability: Tera Shift\n|detailschange|p1b: Terapagos|Terapagos-Terastal, L50, M\n|-heal|p1b: Terapagos|100/100|[silent]\n|-ability|p2b: Calyrex|As One\n|-ability|p2b: Calyrex|Unnerve\n|turn|1\n|\n|t:|1772327771\n|move|p2a: Smeargle|Fake Out|p1a: Smeargle\n|-damage|p1a: Smeargle|89/100\n|cant|p1a: Smeargle|flinch\n|move|p1b: Terapagos|Calm Mind|p1b: Terapagos\n|-boost|p1b: Terapagos|spa|1\n|-boost|p1b: Terapagos|spd|1\n|move|p2b: Calyrex|Trick Room|p2b: Calyrex\n|-fieldstart|move: Trick Room|[of] p2b: Calyrex\n|\n|-ability|p1a: Smeargle|Moody|boost\n|-boost|p1a: Smeargle|spd|2\n|-unboost|p1a: Smeargle|def|1\n|-ability|p2a: Smeargle|Moody|boost\n|-boost|p2a: Smeargle|spe|2\n|-unboost|p2a: Smeargle|atk|1\n|upkeep\n|turn|2\n|inactive|b3testing has 30 seconds left.\n|\n|t:|1772327798\n|switch|p1a: Incineroar|Incineroar, L50, F|100/100\n|-ability|p1a: Incineroar|Intimidate|boost\n|-unboost|p2a: Smeargle|atk|1\n|-unboost|p2b: Calyrex|atk|1\n|-terastallize|p2b: Calyrex|Grass\n|move|p1b: Terapagos|Protect|p1b: Terapagos\n|-singleturn|p1b: Terapagos|Protect\n|move|p2b: Calyrex|Glacial Lance|p1b: Terapagos|[spread] p1a\n|-activate|p1b: Terapagos|move: Protect\n|-resisted|p1a: Incineroar\n|-damage|p1a: Incineroar|81/100\n|move|p2a: Smeargle|Spore|p1b: Terapagos\n|-activate|p1b: Terapagos|move: Protect\n|\n|-ability|p2a: Smeargle|Moody|boost\n|-boost|p2a: Smeargle|spa|2\n|-unboost|p2a: Smeargle|spd|1\n|upkeep\n|turn|3\n|inactive|lior97h has 30 seconds left.\n|\n|t:|1772327823\n|-terastallize|p1b: Terapagos|Stellar\n|detailschange|p1b: Terapagos|Terapagos-Stellar, L50, M, tera:Stellar\n|-heal|p1b: Terapagos|100/100|[silent]\n|move|p1a: Incineroar|Fake Out|p2a: Smeargle\n|-damage|p2a: Smeargle|72/100\n|cant|p2a: Smeargle|flinch\n|move|p2b: Calyrex|Glacial Lance|p1b: Terapagos|[spread] p1a,p1b\n|-resisted|p1a: Incineroar\n|-damage|p1a: Incineroar|63/100\n|-damage|p1b: Terapagos|73/100\n|move|p1b: Terapagos|Tera Starstorm|p2b: Calyrex|[spread] p2a,p2b\n|-supereffective|p2b: Calyrex\n|-damage|p2a: Smeargle|0 fnt\n|-damage|p2b: Calyrex|4/100\n|faint|p2a: Smeargle\n|\n|upkeep\n|\n|t:|1772327845\n|switch|p2a: Groudon|Groudon, L50|100/100\n|-weather|SunnyDay|[from] ability: Drought|[of] p2a: Groudon\n|turn|4\n|\n|t:|1772327857\n|move|p1b: Terapagos|Protect|p1b: Terapagos\n|-singleturn|p1b: Terapagos|Protect\n|move|p2b: Calyrex|Glacial Lance|p1a: Incineroar|[spread] p1a\n|-activate|p1b: Terapagos|move: Protect\n|-resisted|p1a: Incineroar\n|-damage|p1a: Incineroar|44/100\n|move|p1a: Incineroar|U-turn|p2b: Calyrex\n|-supereffective|p2b: Calyrex\n|-damage|p2b: Calyrex|0 fnt\n|faint|p2b: Calyrex\n|\n|t:|1772327866\n|switch|p1a: Smeargle|Smeargle, L50, F|89/100|[from] U-turn\n|move|p2a: Groudon|Precipice Blades|p1b: Terapagos|[spread] p1a\n|-activate|p1b: Terapagos|move: Protect\n|-damage|p1a: Smeargle|0 fnt\n|faint|p1a: Smeargle\n|\n|-weather|SunnyDay|[upkeep]\n|upkeep\n|\n|t:|1772327877\n|switch|p2b: Sudowoodo|Sudowoodo, L50, F|100/100\n|switch|p1a: Incineroar|Incineroar, L50, F|44/100\n|-ability|p1a: Incineroar|Intimidate|boost\n|-unboost|p2a: Groudon|atk|1\n|-unboost|p2b: Sudowoodo|atk|1\n|turn|5\n|\n|t:|1772327900\n|move|p2a: Groudon|Protect|p2a: Groudon\n|-singleturn|p2a: Groudon|Protect\n|move|p1a: Incineroar|Fake Out|p2a: Groudon\n|-activate|p2a: Groudon|move: Protect\n|move|p2b: Sudowoodo|Sucker Punch|p1b: Terapagos\n|-damage|p1b: Terapagos|63/100\n|move|p1b: Terapagos|Tera Starstorm|p2a: Groudon|[spread] p2b\n|-activate|p2a: Groudon|move: Protect\n|-ability|p2b: Sudowoodo|Sturdy\n|-damage|p2b: Sudowoodo|1/100\n|-enditem|p2b: Sudowoodo|Liechi Berry|[eat]\n|-boost|p2b: Sudowoodo|atk|1|[from] item: Liechi Berry\n|\n|-weather|SunnyDay|[upkeep]\n|-fieldend|move: Trick Room\n|upkeep\n|turn|6\n|\n|t:|1772327925\n|move|p2b: Sudowoodo|Helping Hand|p2a: Groudon\n|-singleturn|p2a: Groudon|Helping Hand|[of] p2b: Sudowoodo\n|move|p1b: Terapagos|Tera Starstorm|p2a: Groudon|[spread] p2a,p2b\n|-damage|p2a: Groudon|44/100\n|-damage|p2b: Sudowoodo|0 fnt\n|faint|p2b: Sudowoodo\n|move|p2a: Groudon|Precipice Blades|p1a: Incineroar|[spread] p1a,p1b\n|-supereffective|p1a: Incineroar\n|-damage|p1a: Incineroar|0 fnt\n|-damage|p1b: Terapagos|23/100\n|faint|p1a: Incineroar\n|\n|-weather|SunnyDay|[upkeep]\n|upkeep\n|\n|t:|1772327931\n|switch|p1a: Calyrex|Calyrex-Shadow, L50|100/100\n|-ability|p1a: Calyrex|As One\n|-ability|p1a: Calyrex|Unnerve\n|turn|7\n|\n|t:|1772327944\n|move|p1a: Calyrex|Astral Barrage|p2a: Groudon\n|-damage|p2a: Groudon|0 fnt\n|faint|p2a: Groudon\n|-damage|p1a: Calyrex|91/100|[from] item: Life Orb\n|\n|win|b3testing\n|raw|b3testing's rating: 1285 &rarr; <strong>1300</strong><br />(+15 for winning)\n|raw|lior97h's rating: 1140 &rarr; <strong>1125</strong><br />(-15 for losing)\n|l|\u2606b3testing\n|player|p1|\n|l|\u2606lior97h\n|player|p2|\n","uploadtime":1772328166,"views":11,"formatid":"gen9vgc2026regi","rating":1125,"private":0,"password":null}