{"id":"gen9vgc2026regi-2560018560","format":"[Gen 9] VGC 2026 Reg I","players":["WyaneTheBrain","TheManOfSausage"],"log":"|j|\u2606WyaneTheBrain\n|j|\u2606TheManOfSausage\n|t:|1773636828\n|gametype|doubles\n|player|p1|WyaneTheBrain|1|1285\n|player|p2|TheManOfSausage|miku-water|1434\n|gen|9\n|tier|[Gen 9] VGC 2026 Reg I\n|rated|\n|rule|Species Clause: Limit one of each Pok\u00e9mon\n|rule|Item Clause: Limit 1 of each item\n|clearpoke\n|poke|p1|Calyrex-Shadow, L50|\n|poke|p1|Zamazenta-*, L50|\n|poke|p1|Raging Bolt, L50|\n|poke|p1|Rillaboom, L50, F|\n|poke|p1|Chien-Pao, L50|\n|poke|p1|Incineroar, L50, M|\n|poke|p2|Calyrex-Ice, L50|\n|poke|p2|Koraidon, L50|\n|poke|p2|Brute Bonnet, L50|\n|poke|p2|Incineroar, L50, M|\n|poke|p2|Gholdengo, L50|\n|poke|p2|Flutter Mane, L50|\n|teampreview|4\nTheManOfSausage has agreed to open team sheets.\nWyaneTheBrain has agreed to open team sheets.\n|showteam|p1|Calyrex-Shadow||CovertCloak|AsOneSpectrier|Protect,NastyPlot,AstralBarrage,Psyshock||||||50|,,,,,Water]Zamazenta-Crowned||RustedShield|DauntlessShield|IronDefense,Protect,HeavySlam,BodyPress||||||50|,,,,,Ghost]Raging Bolt||BoosterEnergy|Protosynthesis|Thunderclap,Thunderbolt,Protect,DragonPulse||||||50|,,,,,Fairy]Rillaboom||AssaultVest|GrassySurge|Uturn,GrassyGlide,WoodHammer,FakeOut|||F|||50|,,,,,Fire]Chien-Pao||FocusSash|SwordofRuin|Protect,SuckerPunch,IceShard,SacredSword||||||50|,,,,,Ghost]Incineroar||SafetyGoggles|Intimidate|FakeOut,PartingShot,KnockOff,FlareBlitz|||M|||50|,,,,,Ghost\n|showteam|p2|Calyrex-Ice||ClearAmulet|AsOneGlastrier|GlacialLance,HighHorsepower,TrickRoom,Protect||||||50|,,,,,Fire]Koraidon||LifeOrb|OrichalcumPulse|CloseCombat,FlareBlitz,FlameCharge,Protect||||||50|,,,,,Fire]Brute Bonnet||CovertCloak|Protosynthesis|SeedBomb,SuckerPunch,Spore,RagePowder||||||50|,,,,,Water]Incineroar||RockyHelmet|Intimidate|FlareBlitz,KnockOff,FakeOut,PartingShot|||M|||50|,,,,,Grass]Gholdengo||MetalCoat|GoodasGold|MakeItRain,ShadowBall,NastyPlot,Protect||||||50|,,,,,Fairy]Flutter Mane||FocusSash|Protosynthesis|ShadowBall,Moonblast,IcyWind,Protect||||||50|,,,,,Stellar\n|\n|t:|1773636875\n|teamsize|p1|4\n|teamsize|p2|4\n|start\n|switch|p1a: Raging Bolt|Raging Bolt, L50|100/100\n|switch|p1b: Chien-Pao|Chien-Pao, L50|100/100\n|switch|p2a: Koraidon|Koraidon, L50|100/100\n|switch|p2b: Brute Bonnet|Brute Bonnet, L50|100/100\n|-weather|SunnyDay|[from] ability: Orichalcum Pulse|[of] p2a: Koraidon\n|-activate|p1a: Raging Bolt|ability: Protosynthesis\n|-start|p1a: Raging Bolt|protosynthesisspa\n|-activate|p2b: Brute Bonnet|ability: Protosynthesis\n|-start|p2b: Brute Bonnet|protosynthesisdef\n|-activate|p2a: Koraidon|Orichalcum Pulse|[source]\n|-ability|p1b: Chien-Pao|Sword of Ruin\n|turn|1\n|\n|t:|1773636934\n|-terastallize|p2a: Koraidon|Fire\n|move|p1a: Raging Bolt|Protect|p1a: Raging Bolt\n|-singleturn|p1a: Raging Bolt|Protect\n|move|p1b: Chien-Pao|Sacred Sword|p2b: Brute Bonnet\n|-supereffective|p2b: Brute Bonnet\n|-crit|p2b: Brute Bonnet\n|-damage|p2b: Brute Bonnet|45/100\n|move|p2a: Koraidon|Flame Charge|p1b: Chien-Pao\n|-supereffective|p1b: Chien-Pao\n|-enditem|p1b: Chien-Pao|Focus Sash\n|-damage|p1b: Chien-Pao|1/100\n|-boost|p2a: Koraidon|spe|1\n|-damage|p2a: Koraidon|91/100|[from] item: Life Orb\n|move|p2b: Brute Bonnet|Spore|p1a: Raging Bolt\n|-activate|p1a: Raging Bolt|move: Protect\n|\n|-weather|SunnyDay|[upkeep]\n|upkeep\n|turn|2\n|\n|t:|1773636953\n|switch|p1b: Incineroar|Incineroar, L50, M|100/100\n|-ability|p1b: Incineroar|Intimidate|boost\n|-unboost|p2a: Koraidon|atk|1\n|-unboost|p2b: Brute Bonnet|atk|1\n|move|p2a: Koraidon|Flame Charge|p1b: Incineroar\n|-resisted|p1b: Incineroar\n|-damage|p1b: Incineroar|74/100\n|-boost|p2a: Koraidon|spe|1\n|-damage|p2a: Koraidon|81/100|[from] item: Life Orb\n|move|p1a: Raging Bolt|Dragon Pulse|p2b: Brute Bonnet\n|-damage|p2b: Brute Bonnet|0 fnt\n|faint|p2b: Brute Bonnet\n|-end|p2b: Brute Bonnet|Protosynthesis|[silent]\n|\n|-weather|SunnyDay|[upkeep]\n|upkeep\n|\n|t:|1773636963\n|switch|p2b: Ogurin|Calyrex-Ice, L50|100/100\n|-ability|p2b: Ogurin|As One\n|-ability|p2b: Ogurin|Unnerve\n|turn|3\n|\n|t:|1773636978\n|move|p1b: Incineroar|Fake Out|p2b: Ogurin\n|-damage|p2b: Ogurin|94/100\n|move|p1a: Raging Bolt|Thunderclap|p2a: Koraidon\n|-damage|p2a: Koraidon|32/100\n|move|p2a: Koraidon|Close Combat|p1b: Incineroar\n|-supereffective|p1b: Incineroar\n|-damage|p1b: Incineroar|0 fnt\n|-unboost|p2a: Koraidon|def|1\n|-unboost|p2a: Koraidon|spd|1\n|faint|p1b: Incineroar\n|-damage|p2a: Koraidon|22/100|[from] item: Life Orb\n|cant|p2b: Ogurin|flinch\n|\n|-weather|SunnyDay|[upkeep]\n|upkeep\n|\n|t:|1773636992\n|switch|p1b: Zamazenta|Zamazenta-Crowned, L50|100/100\n|-ability|p1b: Zamazenta|Dauntless Shield|boost\n|-boost|p1b: Zamazenta|def|1\n|turn|4\n|\n|t:|1773637009\n|-terastallize|p1a: Raging Bolt|Fairy\n|move|p1a: Raging Bolt|Thunderclap|p2a: Koraidon\n|-damage|p2a: Koraidon|0 fnt\n|faint|p2a: Koraidon\n|move|p1b: Zamazenta|Iron Defense|p1b: Zamazenta\n|-boost|p1b: Zamazenta|def|2\n|move|p2b: Ogurin|Glacial Lance|p1b: Zamazenta|[spread] p1a,p1b\n|-resisted|p1b: Zamazenta\n|-damage|p1a: Raging Bolt|55/100\n|-damage|p1b: Zamazenta|94/100\n|\n|-weather|SunnyDay|[upkeep]\n|upkeep\n|\n|t:|1773637013\n|switch|p2a: Incineroar|Incineroar, L50, M, shiny|100/100\n|-ability|p2a: Incineroar|Intimidate|boost\n|-unboost|p1a: Raging Bolt|atk|1\n|-unboost|p1b: Zamazenta|atk|1\n|turn|5\n|c|\u2606TheManOfSausage|gg\n|-message|TheManOfSausage forfeited.\n|\n|win|WyaneTheBrain\n|raw|WyaneTheBrain's rating: 1285 &rarr; <strong>1320</strong><br />(+35 for winning)\n|raw|TheManOfSausage's rating: 1434 &rarr; <strong>1406</strong><br />(-28 for losing)\n|l|\u2606TheManOfSausage\n|player|p2|\n|c|\u2606WyaneTheBrain|gg\n|l|\u2606WyaneTheBrain\n|player|p1|\n","uploadtime":1773637184,"views":11,"formatid":"gen9vgc2026regi","rating":1320,"private":0,"password":null}