{"id":"gen9vgc2026regi-2581060442","format":"[Gen 9] VGC 2026 Reg I","players":["darkksel","kyoshi4"],"log":"|j|\u2606darkksel\n|j|\u2606kyoshi4\n|t:|1775956111\n|gametype|doubles\n|player|p1|darkksel|266|1382\n|player|p2|kyoshi4|cynthia-gen4|1409\n|gen|9\n|tier|[Gen 9] VGC 2026 Reg I\n|rated|\n|rule|Species Clause: Limit one of each Pok\u00e9mon\n|rule|Item Clause: Limit 1 of each item\n|clearpoke\n|poke|p1|Calyrex-Ice, L50|\n|poke|p1|Lunala, L50|\n|poke|p1|Landorus, L50, M|\n|poke|p1|Rillaboom, L50, M|\n|poke|p1|Incineroar, L50, M|\n|poke|p1|Zoroark-Hisui, L50, F|\n|poke|p2|Kyogre, L50|\n|poke|p2|Iron Jugulis, L50|\n|poke|p2|Zamazenta-*, L50|\n|poke|p2|Chien-Pao, L50|\n|poke|p2|Landorus, L50, M|\n|poke|p2|Amoonguss, L50, M|\n|teampreview|4\n|inactive|Battle timer is ON: inactive players will automatically lose when time's up. (requested by darkksel)\n|\n|t:|1775956140\n|teamsize|p1|4\n|teamsize|p2|4\n|start\n|switch|p1a: Incineroar|Incineroar, L50, M|100/100\n|switch|p1b: Lunala|Lunala, L50|100/100\n|switch|p2a: Chien-Pao|Chien-Pao, L50|100/100\n|switch|p2b: Zamazenta|Zamazenta-Crowned, L50|100/100\n|-ability|p2a: Chien-Pao|Sword of Ruin\n|-ability|p2b: Zamazenta|Dauntless Shield|boost\n|-boost|p2b: Zamazenta|def|1\n|-ability|p1a: Incineroar|Intimidate|boost\n|-unboost|p2a: Chien-Pao|atk|1\n|-unboost|p2b: Zamazenta|atk|1\n|turn|1\n|\n|t:|1775956160\n|switch|p2a: Amoonguss|Amoonguss, L50, M|100/100\n|move|p1b: Lunala|Protect|p1b: Lunala\n|-singleturn|p1b: Lunala|Protect\n|move|p2b: Zamazenta|Body Press|p1a: Incineroar\n|-supereffective|p1a: Incineroar\n|-damage|p1a: Incineroar|0 fnt\n|faint|p1a: Incineroar\n|\n|upkeep\n|\n|t:|1775956172\n|switch|p1a: Rillaboom|Rillaboom, L50, M|100/100\n|-fieldstart|move: Grassy Terrain|[from] ability: Grassy Surge|[of] p1a: Rillaboom\n|turn|2\n|\n|t:|1775956191\n|move|p1a: Rillaboom|Fake Out|p2a: Amoonguss\n|-damage|p2a: Amoonguss|90/100\n|-damage|p1a: Rillaboom|84/100|[from] item: Rocky Helmet|[of] p2a: Amoonguss\n|move|p2b: Zamazenta|Body Press|p1a: Rillaboom\n|-damage|p1a: Rillaboom|25/100\n|move|p1b: Lunala|Moongeist Beam|p2b: Zamazenta\n|-damage|p2b: Zamazenta|63/100\n|cant|p2a: Amoonguss|flinch\n|\n|-heal|p2b: Zamazenta|69/100|[from] Grassy Terrain\n|-heal|p1a: Rillaboom|31/100|[from] Grassy Terrain\n|-heal|p2a: Amoonguss|96/100|[from] Grassy Terrain\n|upkeep\n|turn|3\n|inactive|darkksel has 30 seconds left.\n|inactive|darkksel has 20 seconds left.\n|inactive|darkksel has 15 seconds left.\n|\n|t:|1775956231\n|move|p1b: Lunala|Protect|p1b: Lunala\n|-singleturn|p1b: Lunala|Protect\n|move|p2b: Zamazenta|Body Press|p1a: Rillaboom\n|-damage|p1a: Rillaboom|0 fnt\n|faint|p1a: Rillaboom\n|move|p2a: Amoonguss|Spore|p1b: Lunala\n|-activate|p1b: Lunala|move: Protect\n|\n|-heal|p2b: Zamazenta|75/100|[from] Grassy Terrain\n|-heal|p2a: Amoonguss|100/100|[from] Grassy Terrain\n|upkeep\n|\n|t:|1775956243\n|switch|p1a: Landorus|Landorus, L50, M|100/100\n|turn|4\n|\n|t:|1775956266\n|-terastallize|p2b: Zamazenta|Grass\n|move|p2b: Zamazenta|Behemoth Bash|p1b: Lunala\n|-damage|p1b: Lunala|89/100\n|move|p1a: Landorus|Earth Power|p2b: Zamazenta\n|-resisted|p2b: Zamazenta\n|-crit|p2b: Zamazenta\n|-damage|p2b: Zamazenta|35/100\n|move|p1b: Lunala|Moongeist Beam|p2a: Amoonguss\n|-damage|p2a: Amoonguss|42/100\n|move|p2a: Amoonguss|Spore|p1b: Lunala\n|-status|p1b: Lunala|slp|[from] move: Spore\n|\n|-heal|p2b: Zamazenta|41/100|[from] Grassy Terrain\n|-heal|p1b: Lunala|95/100 slp|[from] Grassy Terrain\n|-heal|p2a: Amoonguss|48/100|[from] Grassy Terrain\n|upkeep\n|turn|5\n|inactive|darkksel has 30 seconds left.\n|\n|t:|1775956295\n|move|p2b: Zamazenta|Behemoth Bash|p1b: Lunala\n|-damage|p1b: Lunala|71/100 slp\n|move|p1a: Landorus|Sludge Bomb|p2b: Zamazenta\n|-supereffective|p2b: Zamazenta\n|-damage|p2b: Zamazenta|0 fnt\n|faint|p2b: Zamazenta\n|cant|p1b: Lunala|slp\n|move|p2a: Amoonguss|Spore|p1a: Landorus\n|-status|p1a: Landorus|slp|[from] move: Spore\n|\n|-heal|p1b: Lunala|77/100 slp|[from] Grassy Terrain\n|-heal|p2a: Amoonguss|53/100|[from] Grassy Terrain\n|upkeep\n|\n|t:|1775956301\n|switch|p2b: Kyogre|Kyogre, L50|100/100\n|-weather|RainDance|[from] ability: Drizzle|[of] p2b: Kyogre\n|turn|6\n|inactive|darkksel has 30 seconds left.\n|\n|t:|1775956335\n|switch|p2a: Chien-Pao|Chien-Pao, L50|100/100\n|-ability|p2a: Chien-Pao|Sword of Ruin\n|-terastallize|p1a: Landorus|Steel\n|cant|p1a: Landorus|slp\n|move|p2b: Kyogre|Water Spout|p1b: Lunala|[spread] p1a,p1b\n|-damage|p1a: Landorus|0 fnt\n|-damage|p1b: Lunala|0 fnt\n|faint|p1a: Landorus\n|faint|p1b: Lunala\n|\n|win|kyoshi4\n|raw|darkksel's rating: 1382 &rarr; <strong>1364</strong><br />(-18 for losing)\n|raw|kyoshi4's rating: 1409 &rarr; <strong>1427</strong><br />(+18 for winning)\n|l|\u2606darkksel\n|player|p1|\n","uploadtime":1775956349,"views":189,"formatid":"gen9vgc2026regi","rating":1364,"private":0,"password":null}