{"id":"gen9vgc2026regi-2575947336","format":"[Gen 9] VGC 2026 Reg I","players":["FallenTurtlle","Luca8"],"log":"|j|\u2606FallenTurtlle\n|j|\u2606Luca8\n|t:|1775415568\n|gametype|doubles\n|player|p1|FallenTurtlle|serena|1327\n|player|p2|Luca8|flint|1408\n|gen|9\n|tier|[Gen 9] VGC 2026 Reg I\n|rated|\n|rule|Species Clause: Limit one of each Pok\u00e9mon\n|rule|Item Clause: Limit 1 of each item\n|clearpoke\n|poke|p1|Calyrex-Ice, L50|\n|poke|p1|Florges-Orange, L50, F|\n|poke|p1|Kyogre, L50|\n|poke|p1|Rhydon, L50, F|\n|poke|p1|Iron Jugulis, L50|\n|poke|p1|Ogerpon-Wellspring, L50, F|\n|poke|p2|Urshifu-*, L50, M|\n|poke|p2|Zamazenta-*, L50|\n|poke|p2|Calyrex-Shadow, L50|\n|poke|p2|Iron Jugulis, L50|\n|poke|p2|Indeedee-F, L50, F|\n|poke|p2|Torkoal, L50, F|\n|teampreview|4\n|\n|t:|1775415592\n|teamsize|p1|4\n|teamsize|p2|4\n|start\n|switch|p1a: Calyrex|Calyrex-Ice, L50|100/100\n|switch|p1b: Florges|Florges-Orange, L50, F|100/100\n|switch|p2a: Calyrex|Calyrex-Shadow, L50|100/100\n|switch|p2b: Zamazenta|Zamazenta-Crowned, L50|100/100\n|-ability|p2a: Calyrex|As One\n|-ability|p2a: Calyrex|Unnerve\n|-ability|p1a: Calyrex|As One\n|-ability|p1a: Calyrex|Unnerve\n|-ability|p2b: Zamazenta|Dauntless Shield|boost\n|-boost|p2b: Zamazenta|def|1\n|turn|1\n|\n|t:|1775415615\n|-terastallize|p1a: Calyrex|Grass\n|move|p2a: Calyrex|Astral Barrage|p1a: Calyrex|[spread] p1a,p1b\n|-damage|p1a: Calyrex|66/100\n|-damage|p1b: Florges|77/100\n|move|p2b: Zamazenta|Heavy Slam|p1b: Florges\n|-supereffective|p1b: Florges\n|-damage|p1b: Florges|0 fnt\n|faint|p1b: Florges\n|move|p1a: Calyrex|Trick Room|p1a: Calyrex\n|-fieldstart|move: Trick Room|[of] p1a: Calyrex\n|-enditem|p1a: Calyrex|Room Service\n|-unboost|p1a: Calyrex|spe|1|[from] item: Room Service\n|\n|upkeep\n|\n|t:|1775415627\n|switch|p1b: Kyogre|Kyogre, L50, shiny|100/100\n|-weather|RainDance|[from] ability: Drizzle|[of] p1b: Kyogre\n|turn|2\n|\n|t:|1775415636\n|switch|p2a: Torkoal|Torkoal, L50, F|100/100\n|-weather|SunnyDay|[from] ability: Drought|[of] p2a: Torkoal\n|move|p1a: Calyrex|Leech Seed|p2b: Zamazenta\n|-start|p2b: Zamazenta|move: Leech Seed\n|move|p1b: Kyogre|Hydro Pump|p2a: Torkoal|[miss]\n|-miss|p1b: Kyogre|p2a: Torkoal\n|move|p2b: Zamazenta|Body Press|p1b: Kyogre\n|-damage|p1b: Kyogre|43/100\n|\n|-weather|SunnyDay|[upkeep]\n|-damage|p2b: Zamazenta|88/100|[from] Leech Seed|[of] p1a: Calyrex\n|-heal|p1a: Calyrex|78/100|[silent]\n|upkeep\n|turn|3\n|\n|t:|1775415654\n|switch|p1b: Rhydon|Rhydon, L50, F, shiny|100/100\n|move|p1a: Calyrex|Protect|p1a: Calyrex\n|-singleturn|p1a: Calyrex|Protect\n|move|p2a: Torkoal|Eruption|p1a: Calyrex|[spread] p1b\n|-activate|p1a: Calyrex|move: Protect\n|-resisted|p1b: Rhydon\n|-damage|p1b: Rhydon|69/100\n|move|p2b: Zamazenta|Body Press|p1b: Rhydon\n|-supereffective|p1b: Rhydon\n|-damage|p1b: Rhydon|10/100\n|\n|-weather|SunnyDay|[upkeep]\n|-damage|p2b: Zamazenta|76/100|[from] Leech Seed|[of] p1a: Calyrex\n|-heal|p1a: Calyrex|91/100|[silent]\n|upkeep\n|turn|4\n|\n|t:|1775415686\n|switch|p1b: Kyogre|Kyogre, L50, shiny|43/100\n|-weather|RainDance|[from] ability: Drizzle|[of] p1b: Kyogre\n|move|p2a: Torkoal|Earth Power|p1b: Kyogre\n|-damage|p1b: Kyogre|28/100\n|move|p1a: Calyrex|Glacial Lance|p2a: Torkoal|[spread] p2a,p2b\n|-resisted|p2a: Torkoal\n|-resisted|p2b: Zamazenta\n|-damage|p2a: Torkoal|77/100\n|-damage|p2b: Zamazenta|64/100\n|move|p2b: Zamazenta|Body Press|p1a: Calyrex\n|-damage|p1a: Calyrex|53/100\n|\n|-weather|RainDance|[upkeep]\n|-damage|p2b: Zamazenta|52/100|[from] Leech Seed|[of] p1a: Calyrex\n|-heal|p1a: Calyrex|65/100|[silent]\n|upkeep\n|turn|5\n|\n|t:|1775415737\n|move|p2b: Zamazenta|Protect|p2b: Zamazenta\n|-singleturn|p2b: Zamazenta|Protect\n|move|p2a: Torkoal|Eruption|p1b: Kyogre|[spread] p1a,p1b\n|-supereffective|p1a: Calyrex\n|-resisted|p1b: Kyogre\n|-damage|p1a: Calyrex|37/100\n|-damage|p1b: Kyogre|22/100\n|move|p1a: Calyrex|Glacial Lance|p2a: Torkoal|[spread] p2a\n|-activate|p2b: Zamazenta|move: Protect\n|-resisted|p2a: Torkoal\n|-damage|p2a: Torkoal|56/100\n|move|p1b: Kyogre|Hydro Pump|p2a: Torkoal\n|-supereffective|p2a: Torkoal\n|-damage|p2a: Torkoal|0 fnt\n|faint|p2a: Torkoal\n|\n|-weather|RainDance|[upkeep]\n|-damage|p2b: Zamazenta|40/100|[from] Leech Seed|[of] p1a: Calyrex\n|-heal|p1a: Calyrex|49/100|[silent]\n|-fieldend|move: Trick Room\n|upkeep\n|\n|t:|1775415756\n|switch|p2a: Calyrex|Calyrex-Shadow, L50|100/100\n|-ability|p2a: Calyrex|As One\n|-ability|p2a: Calyrex|Unnerve\n|turn|6\n|\n|t:|1775415765\n|-terastallize|p2b: Zamazenta|Fighting\n|move|p1a: Calyrex|Protect|p1a: Calyrex\n|-singleturn|p1a: Calyrex|Protect\n|move|p2a: Calyrex|Astral Barrage|p1a: Calyrex|[spread] p1b\n|-activate|p1a: Calyrex|move: Protect\n|-damage|p1b: Kyogre|0 fnt\n|faint|p1b: Kyogre\n|-ability|p2a: Calyrex|Grim Neigh|boost\n|-boost|p2a: Calyrex|spa|1\n|move|p2b: Zamazenta|Body Press|p1a: Calyrex\n|-activate|p1a: Calyrex|move: Protect\n|\n|-weather|RainDance|[upkeep]\n|-damage|p2b: Zamazenta|28/100|[from] Leech Seed|[of] p1a: Calyrex\n|-heal|p1a: Calyrex|62/100|[silent]\n|upkeep\n|\n|t:|1775415771\n|switch|p1b: Rhydon|Rhydon, L50, F, shiny|10/100\n|turn|7\n|\n|t:|1775415787\n|move|p1b: Rhydon|Protect|p1b: Rhydon\n|-singleturn|p1b: Rhydon|Protect\n|move|p2a: Calyrex|Astral Barrage|p1b: Rhydon|[spread] p1a\n|-activate|p1b: Rhydon|move: Protect\n|-damage|p1a: Calyrex|8/100\n|move|p2b: Zamazenta|Body Press|p1a: Calyrex\n|-damage|p1a: Calyrex|0 fnt\n|faint|p1a: Calyrex\n|\n|-weather|RainDance|[upkeep]\n|upkeep\n|turn|8\n|\n|t:|1775415804\n|move|p2a: Calyrex|Astral Barrage|p1b: Rhydon\n|-damage|p1b: Rhydon|0 fnt\n|faint|p1b: Rhydon\n|\n|win|Luca8\n|raw|FallenTurtlle's rating: 1327 &rarr; <strong>1312</strong><br />(-15 for losing)\n|raw|Luca8's rating: 1408 &rarr; <strong>1423</strong><br />(+15 for winning)\n","uploadtime":1775415804,"views":7,"formatid":"gen9vgc2026regi","rating":1312,"private":0,"password":null}