{"id":"gen9vgc2026regi-2578334352","format":"[Gen 9] VGC 2026 Reg I","players":["Hazweioh","Zhangyunfei"],"log":"|j|\u2606Hazweioh\n|j|\u2606Zhangyunfei\n|t:|1775669351\n|gametype|doubles\n|player|p1|Hazweioh|102|1506\n|player|p2|Zhangyunfei|lady|1411\n|gen|9\n|tier|[Gen 9] VGC 2026 Reg I\n|rated|\n|rule|Species Clause: Limit one of each Pok\u00e9mon\n|rule|Item Clause: Limit 1 of each item\n|clearpoke\n|poke|p1|Calyrex-Shadow, L50|\n|poke|p1|Zamazenta-*, L50|\n|poke|p1|Chien-Pao, L50|\n|poke|p1|Dragonite, L50, F|\n|poke|p1|Raging Bolt, L50|\n|poke|p1|Amoonguss, L50, M|\n|poke|p2|Sableye, L50, F|\n|poke|p2|Groudon, L50|\n|poke|p2|Chandelure, L50, M|\n|poke|p2|Lunala, L50|\n|poke|p2|Zapdos, L50|\n|poke|p2|Flutter Mane, L50|\n|teampreview|4\n|inactive|Battle timer is ON: inactive players will automatically lose when time's up. (requested by Zhangyunfei)\n|c|\u2606Hazweioh|Gl hf\n|inactive|Hazweioh has 60 seconds left.\n|inactive|Zhangyunfei has 60 seconds left.\n|\n|t:|1775669393\n|teamsize|p1|4\n|teamsize|p2|4\n|start\n|switch|p1a: PinkPonyClub|Calyrex-Shadow, L50|100/100\n|switch|p1b: Arlie|Chien-Pao, L50|100/100\n|switch|p2a: Zapdos|Zapdos, L50|100/100\n|switch|p2b: Lunala|Lunala, L50|100/100\n|-ability|p1a: PinkPonyClub|As One\n|-ability|p1a: PinkPonyClub|Unnerve\n|-ability|p1b: Arlie|Sword of Ruin\n|turn|1\n|inactive|Zhangyunfei has 30 seconds left.\n|\n|t:|1775669419\n|-terastallize|p2b: Lunala|Fairy\n|move|p1a: PinkPonyClub|Astral Barrage|p2a: Zapdos|[spread] p2a,p2b\n|-damage|p2a: Zapdos|50/100\n|-damage|p2b: Lunala|81/100\n|move|p1b: Arlie|Ice Spinner|p2a: Zapdos\n|-supereffective|p2a: Zapdos\n|-damage|p2a: Zapdos|0 fnt\n|-status|p1b: Arlie|par|[from] ability: Static|[of] p2a: Zapdos\n|faint|p2a: Zapdos\n|move|p2b: Lunala|Moongeist Beam|p1a: PinkPonyClub\n|-supereffective|p1a: PinkPonyClub\n|-enditem|p1a: PinkPonyClub|Focus Sash\n|-damage|p1a: PinkPonyClub|1/100\n|\n|upkeep\n|\n|t:|1775669442\n|switch|p2a: Sableye|Sableye, L50, F|100/100\n|turn|2\n|\n|t:|1775669459\n|switch|p1a: protec|Zamazenta-Crowned, L50|100/100\n|-ability|p1a: protec|Dauntless Shield|boost\n|-boost|p1a: protec|def|1\n|move|p2a: Sableye|Quash||[still]\n|-fail|p2a: Sableye\n|move|p2b: Lunala|Dazzling Gleam|p1a: protec|[spread] p1a,p1b\n|-supereffective|p1b: Arlie\n|-damage|p1a: protec|81/100\n|-damage|p1b: Arlie|43/100 par\n|cant|p1b: Arlie|par\n|\n|upkeep\n|turn|3\n|inactive|Hazweioh has 30 seconds left.\n|\n|t:|1775669484\n|-terastallize|p1b: Arlie|Poison\n|move|p2a: Sableye|Gravity|p2a: Sableye\n|-fieldstart|move: Gravity\n|move|p1a: protec|Heavy Slam|p2b: Lunala\n|-supereffective|p2b: Lunala\n|-damage|p2b: Lunala|0 fnt\n|faint|p2b: Lunala\n|move|p1b: Arlie|Ruination|p2a: Sableye\n|-damage|p2a: Sableye|51/100\n|-enditem|p2a: Sableye|Eject Button\n|\n|t:|1775669495\n|switch|p2a: Groudon|Groudon, L50|100/100\n|-weather|SunnyDay|[from] ability: Drought|[of] p2a: Groudon\n|\n|-weather|SunnyDay|[upkeep]\n|upkeep\n|\n|t:|1775669502\n|switch|p2b: Sableye|Sableye, L50, F|51/100\n|turn|4\n|\n|t:|1775669512\n|move|p1a: protec|Protect|p1a: protec\n|-singleturn|p1a: protec|Protect\n|move|p1b: Arlie|Sucker Punch|p2a: Groudon\n|-damage|p2a: Groudon|71/100\n|move|p2b: Sableye|Quash|p1a: protec\n|-activate|p1a: protec|move: Protect\n|move|p2a: Groudon|Precipice Blades|p1b: Arlie|[spread] p1b\n|-activate|p1a: protec|move: Protect\n|-supereffective|p1b: Arlie\n|-crit|p1b: Arlie\n|-damage|p1b: Arlie|0 fnt\n|faint|p1b: Arlie\n|\n|-weather|SunnyDay|[upkeep]\n|upkeep\n|inactive|Hazweioh has 30 seconds left.\n|inactive|Hazweioh has 20 seconds left.\n|\n|t:|1775669550\n|switch|p1b: Raging Bolt|Raging Bolt, L50|100/100\n|-activate|p1b: Raging Bolt|ability: Protosynthesis\n|-start|p1b: Raging Bolt|protosynthesisspa\n|turn|5\n|\n|t:|1775669558\n|move|p1a: protec|Wide Guard|p1a: protec\n|-singleturn|p1a: protec|Wide Guard\n|move|p2b: Sableye|Quash||[still]\n|-fail|p2b: Sableye\n|move|p2a: Groudon|Precipice Blades|p1a: protec|[spread] \n|-activate|p1a: protec|move: Wide Guard\n|-activate|p1b: Raging Bolt|move: Wide Guard\n|move|p1b: Raging Bolt|Thunderbolt|p2b: Sableye\n|-damage|p2b: Sableye|0 fnt\n|faint|p2b: Sableye\n|\n|-weather|SunnyDay|[upkeep]\n|upkeep\n|turn|6\n|-message|Zhangyunfei forfeited.\n|\n|win|Hazweioh\n|raw|Hazweioh's rating: 1506 &rarr; <strong>1521</strong><br />(+15 for winning)\n|raw|Zhangyunfei's rating: 1411 &rarr; <strong>1396</strong><br />(-15 for losing)\n|l|\u2606Zhangyunfei\n|player|p2|\n|l|\u2606Hazweioh\n|player|p1|\n","uploadtime":1775669792,"views":12,"formatid":"gen9vgc2026regi","rating":1396,"private":0,"password":null}