{"id":"gen9vgc2026regi-2563316516","format":"[Gen 9] VGC 2026 Reg I","players":["pzyxhic","lokithered"],"log":"|j|\u2606pzyxhic\n|j|\u2606lokithered\n|t:|1774015686\n|gametype|doubles\n|player|p1|pzyxhic|169|1322\n|player|p2|lokithered|265|1419\n|gen|9\n|tier|[Gen 9] VGC 2026 Reg I\n|rated|\n|rule|Species Clause: Limit one of each Pok\u00e9mon\n|rule|Item Clause: Limit 1 of each item\n|clearpoke\n|poke|p1|Giratina-Origin, L50|\n|poke|p1|Zamazenta-*, L50|\n|poke|p1|Incineroar, L50, F|\n|poke|p1|Amoonguss, L50, F|\n|poke|p1|Urshifu-*, L50, F|\n|poke|p1|Grimmsnarl, L50, M|\n|poke|p2|Calyrex-Ice, L50|\n|poke|p2|Terapagos, L50, M|\n|poke|p2|Farigiraf, L50, F|\n|poke|p2|Torkoal, L50, F|\n|poke|p2|Iron Hands, L50|\n|poke|p2|Urshifu-*, L50, M|\n|teampreview|4\n|\n|t:|1774015711\n|teamsize|p1|4\n|teamsize|p2|4\n|start\n|switch|p1a: Giratina|Giratina-Origin, L50|100/100\n|switch|p1b: Urshifu|Urshifu-Rapid-Strike, L50, F|100/100\n|switch|p2a: Calyrex|Calyrex-Ice, L50|100/100\n|switch|p2b: Iron Hands|Iron Hands, L50|100/100\n|-ability|p2a: Calyrex|As One\n|-ability|p2a: Calyrex|Unnerve\n|turn|1\n|\n|t:|1774015736\n|switch|p1a: Incineroar|Incineroar, L50, F|100/100\n|-ability|p1a: Incineroar|Intimidate|boost\n|-unboost|p2a: Calyrex|atk|1\n|-unboost|p2b: Iron Hands|atk|1\n|-terastallize|p2a: Calyrex|Water\n|move|p2b: Iron Hands|Fake Out|p1b: Urshifu\n|-damage|p1b: Urshifu|89/100\n|cant|p1b: Urshifu|flinch\n|move|p2a: Calyrex|Trick Room|p2a: Calyrex\n|-fieldstart|move: Trick Room|[of] p2a: Calyrex\n|\n|upkeep\n|turn|2\n|\n|t:|1774015766\n|switch|p1b: Zamazenta|Zamazenta-Crowned, L50|100/100\n|-ability|p1b: Zamazenta|Dauntless Shield|boost\n|-boost|p1b: Zamazenta|def|1\n|move|p2a: Calyrex|Protect|p2a: Calyrex\n|-singleturn|p2a: Calyrex|Protect\n|move|p2b: Iron Hands|Drain Punch|p1a: Incineroar\n|-supereffective|p1a: Incineroar\n|-damage|p1a: Incineroar|49/100\n|move|p1a: Incineroar|U-turn|p2b: Iron Hands\n|-resisted|p2b: Iron Hands\n|-damage|p2b: Iron Hands|94/100\n|\n|t:|1774015781\n|switch|p1a: Giratina|Giratina-Origin, L50|100/100|[from] U-turn\n|\n|upkeep\n|turn|3\n|\n|t:|1774015802\n|move|p1a: Giratina|Protect|p1a: Giratina\n|-singleturn|p1a: Giratina|Protect\n|move|p2b: Iron Hands|Low Kick|p1b: Zamazenta\n|-supereffective|p1b: Zamazenta\n|-damage|p1b: Zamazenta|64/100\n|move|p2a: Calyrex|High Horsepower|p1b: Zamazenta\n|-supereffective|p1b: Zamazenta\n|-damage|p1b: Zamazenta|43/100\n|move|p1b: Zamazenta|Body Press|p2b: Iron Hands\n|-damage|p2b: Iron Hands|51/100\n|\n|upkeep\n|turn|4\n|\n|t:|1774015818\n|switch|p1a: Incineroar|Incineroar, L50, F|49/100\n|-ability|p1a: Incineroar|Intimidate|boost\n|-unboost|p2a: Calyrex|atk|1\n|-unboost|p2b: Iron Hands|atk|1\n|move|p1b: Zamazenta|Protect|p1b: Zamazenta\n|-singleturn|p1b: Zamazenta|Protect\n|move|p2b: Iron Hands|Drain Punch|p1b: Zamazenta\n|-activate|p1b: Zamazenta|move: Protect\n|move|p2a: Calyrex|High Horsepower|p1b: Zamazenta\n|-activate|p1b: Zamazenta|move: Protect\n|\n|upkeep\n|turn|5\n|\n|t:|1774015843\n|-end|p2b: Iron Hands|Quark Drive|[silent]\n|switch|p2b: Urshifu|Urshifu, L50, M|100/100\n|move|p2a: Calyrex|Protect|p2a: Calyrex\n|-singleturn|p2a: Calyrex|Protect\n|move|p1a: Incineroar|Fake Out|p2b: Urshifu\n|-damage|p2b: Urshifu|90/100\n|move|p1b: Zamazenta|Body Press|p2b: Urshifu\n|-supereffective|p2b: Urshifu\n|-damage|p2b: Urshifu|0 fnt\n|faint|p2b: Urshifu\n|\n|-fieldend|move: Trick Room\n|upkeep\n|\n|t:|1774015853\n|switch|p2b: Iron Hands|Iron Hands, L50|51/100\n|turn|6\n|\n|t:|1774015880\n|move|p2b: Iron Hands|Fake Out|p1b: Zamazenta\n|-resisted|p1b: Zamazenta\n|-damage|p1b: Zamazenta|40/100\n|cant|p1b: Zamazenta|flinch\n|move|p1a: Incineroar|U-turn|p2b: Iron Hands\n|-resisted|p2b: Iron Hands\n|-damage|p2b: Iron Hands|45/100\n|\n|t:|1774015888\n|switch|p1a: Urshifu|Urshifu-Rapid-Strike, L50, F|89/100|[from] U-turn\n|move|p2a: Calyrex|Trick Room|p2a: Calyrex\n|-fieldstart|move: Trick Room|[of] p2a: Calyrex\n|\n|upkeep\n|turn|7\n|\n|t:|1774015898\n|switch|p2a: Torkoal|Torkoal, L50, F|100/100\n|-weather|SunnyDay|[from] ability: Drought|[of] p2a: Torkoal\n|switch|p1a: Incineroar|Incineroar, L50, F|49/100\n|-ability|p1a: Incineroar|Intimidate|boost\n|-unboost|p2a: Torkoal|atk|1\n|-unboost|p2b: Iron Hands|atk|1\n|move|p1b: Zamazenta|Protect|p1b: Zamazenta\n|-singleturn|p1b: Zamazenta|Protect\n|move|p2b: Iron Hands|Thunder Punch|p1a: Incineroar\n|-crit|p1a: Incineroar\n|-damage|p1a: Incineroar|0 fnt\n|faint|p1a: Incineroar\n|\n|-weather|SunnyDay|[upkeep]\n|upkeep\n|\n|t:|1774015914\n|switch|p1a: Giratina|Giratina-Origin, L50|100/100\n|turn|8\n|\n|t:|1774015935\n|-terastallize|p1b: Zamazenta|Dragon\n|move|p2a: Torkoal|Overheat|p1a: Giratina\n|-resisted|p1a: Giratina\n|-crit|p1a: Giratina\n|-damage|p1a: Giratina|38/100\n|-unboost|p2a: Torkoal|spa|2\n|move|p2b: Iron Hands|Low Kick|p1b: Zamazenta\n|-damage|p1b: Zamazenta|23/100\n|move|p1a: Giratina|Breaking Swipe|p2b: Iron Hands|[spread] p2a,p2b\n|-damage|p2a: Torkoal|80/100\n|-damage|p2b: Iron Hands|27/100\n|-unboost|p2a: Torkoal|atk|1\n|-unboost|p2b: Iron Hands|atk|1\n|move|p1b: Zamazenta|Coaching|p1a: Giratina\n|-boost|p1a: Giratina|atk|1\n|-boost|p1a: Giratina|def|1\n|\n|-weather|SunnyDay|[upkeep]\n|upkeep\n|turn|9\n|\n|t:|1774015965\n|move|p1a: Giratina|Protect|p1a: Giratina\n|-singleturn|p1a: Giratina|Protect\n|move|p2a: Torkoal|Overheat|p1b: Zamazenta\n|-resisted|p1b: Zamazenta\n|-damage|p1b: Zamazenta|2/100\n|-unboost|p2a: Torkoal|spa|2\n|move|p2b: Iron Hands|Drain Punch|p1b: Zamazenta\n|-damage|p1b: Zamazenta|0 fnt\n|-heal|p2b: Iron Hands|28/100|[from] drain|[of] p1b: Zamazenta\n|faint|p1b: Zamazenta\n|\n|-weather|SunnyDay|[upkeep]\n|upkeep\n|\n|t:|1774015979\n|switch|p1b: Urshifu|Urshifu-Rapid-Strike, L50, F|89/100\n|turn|10\n|\n|t:|1774016011\n|move|p2a: Torkoal|Overheat|p1a: Giratina\n|-resisted|p1a: Giratina\n|-damage|p1a: Giratina|25/100\n|-unboost|p2a: Torkoal|spa|2\n|move|p2b: Iron Hands|Thunder Punch|p1b: Urshifu\n|-supereffective|p1b: Urshifu\n|-damage|p1b: Urshifu|47/100\n|move|p1a: Giratina|Breaking Swipe|p2a: Torkoal|[spread] p2a,p2b\n|-damage|p2a: Torkoal|46/100\n|-damage|p2b: Iron Hands|0 fnt\n|-unboost|p2a: Torkoal|atk|1\n|faint|p2b: Iron Hands\n|-end|p2b: Iron Hands|Quark Drive|[silent]\n|move|p1b: Urshifu|Coaching|p1a: Giratina\n|-boost|p1a: Giratina|atk|1\n|-boost|p1a: Giratina|def|1\n|\n|-weather|SunnyDay|[upkeep]\n|-fieldend|move: Trick Room\n|upkeep\n|\n|t:|1774016024\n|switch|p2b: Calyrex|Calyrex-Ice, L50, tera:Water|100/100\n|-ability|p2b: Calyrex|As One\n|-ability|p2b: Calyrex|Unnerve\n|turn|11\n|\n|t:|1774016037\n|move|p1b: Urshifu|Coaching|p1a: Giratina\n|-boost|p1a: Giratina|atk|1\n|-boost|p1a: Giratina|def|1\n|move|p1a: Giratina|Poltergeist|p2b: Calyrex\n|-activate|p2b: Calyrex|move: Poltergeist|Safety Goggles\n|-damage|p2b: Calyrex|0 fnt\n|faint|p2b: Calyrex\n|move|p2a: Torkoal|Overheat|p1b: Urshifu\n|-resisted|p1b: Urshifu\n|-damage|p1b: Urshifu|25/100\n|\n|-weather|none\n|upkeep\n|turn|12\n|-message|lokithered forfeited.\n|\n|win|pzyxhic\n|raw|pzyxhic's rating: 1322 &rarr; <strong>1347</strong><br />(+25 for winning)\n|raw|lokithered's rating: 1419 &rarr; <strong>1394</strong><br />(-25 for losing)\n|l|\u2606lokithered\n|player|p2|\n|l|\u2606pzyxhic\n|player|p1|\n","uploadtime":1774016216,"views":11,"formatid":"gen9vgc2026regi","rating":1347,"private":0,"password":null}