{"id":"gen9vgc2026regi-2579633214","format":"[Gen 9] VGC 2026 Reg I","players":["Galact7adi","angrybook"],"log":"|j|\u2606Galact7adi\n|j|\u2606angrybook\n|t:|1775808817\n|gametype|doubles\n|player|p1|Galact7adi|hilbert|1568\n|player|p2|angrybook|pokemaniac|1574\n|gen|9\n|tier|[Gen 9] VGC 2026 Reg I\n|rated|\n|rule|Species Clause: Limit one of each Pok\u00e9mon\n|rule|Item Clause: Limit 1 of each item\n|clearpoke\n|poke|p1|Lunala, L50|\n|poke|p1|Groudon, L50|\n|poke|p1|Hitmontop, L50, M|\n|poke|p1|Incineroar, L50, M|\n|poke|p1|Rillaboom, L50, F|\n|poke|p1|Flutter Mane, L50|\n|poke|p2|Koraidon, L50|\n|poke|p2|Flutter Mane, L50|\n|poke|p2|Incineroar, L50, F|\n|poke|p2|Calyrex-Shadow, L50|\n|poke|p2|Clefairy, L50, M|\n|poke|p2|Walking Wake, L50|\n|teampreview|4\n|inactive|Battle timer is ON: inactive players will automatically lose when time's up. (requested by Galact7adi)\n|inactive|Galact7adi has 60 seconds left.\n|inactive|angrybook has 60 seconds left.\n|\n|t:|1775808863\n|teamsize|p1|4\n|teamsize|p2|4\n|start\n|switch|p1a: Flutter Mane|Flutter Mane, L50|100/100\n|switch|p1b: Incineroar|Incineroar, L50, M|100/100\n|switch|p2a: Koraidon|Koraidon, L50|100/100\n|switch|p2b: Walking Wake|Walking Wake, L50|100/100\n|-weather|SunnyDay|[from] ability: Orichalcum Pulse|[of] p2a: Koraidon\n|-activate|p1a: Flutter Mane|ability: Protosynthesis\n|-start|p1a: Flutter Mane|protosynthesisspe\n|-activate|p2b: Walking Wake|ability: Protosynthesis\n|-start|p2b: Walking Wake|protosynthesisspe\n|-activate|p2a: Koraidon|Orichalcum Pulse|[source]\n|-ability|p1b: Incineroar|Intimidate|boost\n|-fail|p2a: Koraidon|unboost|[from] item: Clear Amulet|[of] p2a: Koraidon\n|-unboost|p2b: Walking Wake|atk|1\n|turn|1\n|\n|t:|1775808888\n|switch|p2a: Clefairy|Clefairy, L50, M|100/100\n|move|p1b: Incineroar|Fake Out|p2a: Clefairy\n|-damage|p2a: Clefairy|89/100\n|move|p1a: Flutter Mane|Moonblast|p2b: Walking Wake\n|-supereffective|p2b: Walking Wake\n|-damage|p2b: Walking Wake|43/100\n|move|p2b: Walking Wake|Hydro Steam|p1a: Flutter Mane\n|-damage|p1a: Flutter Mane|40/100\n|\n|-weather|SunnyDay|[upkeep]\n|upkeep\n|turn|2\n|inactive|Galact7adi has 30 seconds left.\n|\n|t:|1775808920\n|move|p2a: Clefairy|Follow Me|p2a: Clefairy\n|-singleturn|p2a: Clefairy|move: Follow Me\n|move|p1a: Flutter Mane|Icy Wind|p2a: Clefairy|[spread] p2a\n|-miss|p1a: Flutter Mane|p2b: Walking Wake\n|-damage|p2a: Clefairy|77/100\n|-unboost|p2a: Clefairy|spe|1\n|move|p2b: Walking Wake|Hydro Steam|p1b: Incineroar\n|-supereffective|p1b: Incineroar\n|-damage|p1b: Incineroar|0 fnt\n|faint|p1b: Incineroar\n|\n|-weather|SunnyDay|[upkeep]\n|upkeep\n|\n|t:|1775808927\n|switch|p1b: Groudon|Groudon, L50|100/100\n|turn|3\n|\n|t:|1775808937\n|move|p1b: Groudon|Protect|p1b: Groudon\n|-singleturn|p1b: Groudon|Protect\n|move|p2a: Clefairy|Follow Me|p2a: Clefairy\n|-singleturn|p2a: Clefairy|move: Follow Me\n|move|p1a: Flutter Mane|Icy Wind|p2a: Clefairy|[spread] p2a,p2b\n|-damage|p2a: Clefairy|68/100\n|-damage|p2b: Walking Wake|35/100\n|-unboost|p2a: Clefairy|spe|1\n|-unboost|p2b: Walking Wake|spe|1\n|move|p2b: Walking Wake|Hydro Steam|p1a: Flutter Mane\n|-crit|p1a: Flutter Mane\n|-damage|p1a: Flutter Mane|0 fnt\n|faint|p1a: Flutter Mane\n|-end|p1a: Flutter Mane|Protosynthesis|[silent]\n|\n|-weather|SunnyDay|[upkeep]\n|upkeep\n|\n|t:|1775808940\n|switch|p1a: Lunala|Lunala, L50|100/100\n|turn|4\n|\n|t:|1775808950\n|move|p2a: Clefairy|Helping Hand|p2b: Walking Wake\n|-singleturn|p2b: Walking Wake|Helping Hand|[of] p2a: Clefairy\n|move|p1b: Groudon|Protect||[still]\n|-fail|p1b: Groudon\n|move|p2b: Walking Wake|Hydro Steam|p1b: Groudon\n|-supereffective|p1b: Groudon\n|-damage|p1b: Groudon|0 fnt\n|faint|p1b: Groudon\n|move|p1a: Lunala|Calm Mind|p1a: Lunala\n|-boost|p1a: Lunala|spa|1\n|-boost|p1a: Lunala|spd|1\n|\n|-weather|SunnyDay|[upkeep]\n|upkeep\n|turn|5\n|\n|t:|1775808960\n|move|p2b: Walking Wake|Snarl|p1a: Lunala\n|-supereffective|p1a: Lunala\n|-damage|p1a: Lunala|85/100\n|-unboost|p1a: Lunala|spa|1\n|move|p1a: Lunala|Calm Mind|p1a: Lunala\n|-boost|p1a: Lunala|spa|1\n|-boost|p1a: Lunala|spd|1\n|move|p2a: Clefairy|Moonblast|p1a: Lunala\n|-damage|p1a: Lunala|78/100\n|\n|-weather|none\n|-end|p2b: Walking Wake|Protosynthesis\n|-heal|p1a: Lunala|84/100|[from] item: Leftovers\n|upkeep\n|turn|6\n|\n|t:|1775808969\n|-terastallize|p1a: Lunala|Fairy\n|move|p1a: Lunala|Moonblast|p2b: Walking Wake\n|-supereffective|p2b: Walking Wake\n|-crit|p2b: Walking Wake\n|-damage|p2b: Walking Wake|0 fnt\n|faint|p2b: Walking Wake\n|-end|p2b: Walking Wake|Protosynthesis|[silent]\n|move|p2a: Clefairy|Moonblast|p1a: Lunala\n|-damage|p1a: Lunala|76/100\n|-unboost|p1a: Lunala|spa|1\n|\n|-heal|p1a: Lunala|82/100|[from] item: Leftovers\n|upkeep\n|\n|t:|1775808972\n|switch|p2b: Koraidon|Koraidon, L50|100/100\n|-weather|SunnyDay|[from] ability: Orichalcum Pulse|[of] p2b: Koraidon\n|-activate|p2b: Koraidon|Orichalcum Pulse|[source]\n|turn|7\n|\n|t:|1775808989\n|-terastallize|p2b: Koraidon|Fire\n|move|p2a: Clefairy|Helping Hand|p2b: Koraidon\n|-singleturn|p2b: Koraidon|Helping Hand|[of] p2a: Clefairy\n|move|p2b: Koraidon|Flare Blitz|p1a: Lunala\n|-damage|p1a: Lunala|0 fnt\n|faint|p1a: Lunala\n|-damage|p2b: Koraidon|67/100|[from] Recoil\n|\n|win|angrybook\n|raw|Galact7adi's rating: 1568 &rarr; <strong>1548</strong><br />(-20 for losing)\n|raw|angrybook's rating: 1574 &rarr; <strong>1594</strong><br />(+20 for winning)\n|l|\u2606Galact7adi\n|player|p1|\n|c|\u2606angrybook|gg\n|l|\u2606angrybook\n|player|p2|\n","uploadtime":1775809249,"views":13,"formatid":"gen9vgc2026regi","rating":1548,"private":0,"password":null}