{"id":"gen9vgc2026regi-2542649585","format":"[Gen 9] VGC 2026 Reg I","players":["MegaP.Trainer","kojimuranishi"],"log":"|j|\u2606MegaP.Trainer\n|j|\u2606kojimuranishi\n|t:|1771473767\n|gametype|doubles\n|player|p1|MegaP.Trainer|silver|1456\n|player|p2|kojimuranishi|102|1527\n|gen|9\n|tier|[Gen 9] VGC 2026 Reg I\n|rated|\n|rule|Species Clause: Limit one of each Pok\u00e9mon\n|rule|Item Clause: Limit 1 of each item\n|clearpoke\n|poke|p1|Torkoal, L50, M|\n|poke|p1|Malamar, L50, M|\n|poke|p1|Solgaleo, L50|\n|poke|p1|Indeedee-F, L50, F|\n|poke|p1|Calyrex-Ice, L50|\n|poke|p1|Farigiraf, L50, M|\n|poke|p2|Calyrex-Ice, L50|\n|poke|p2|Indeedee-F, L50, F|\n|poke|p2|Kyogre, L50|\n|poke|p2|Pincurchin, L50, F|\n|poke|p2|Iron Jugulis, L50|\n|poke|p2|Urshifu-*, L50, F|\n|teampreview|4\n|inactive|Battle timer is ON: inactive players will automatically lose when time's up. (requested by kojimuranishi)\n|inactive|kojimuranishi has 60 seconds left.\n|\n|t:|1771473828\n|teamsize|p1|4\n|teamsize|p2|4\n|start\n|switch|p1a: Indeedee|Indeedee-F, L50, F|100/100\n|switch|p1b: Solgaleo|Solgaleo, L50|100/100\n|switch|p2a: Calyrex|Calyrex-Ice, L50|100/100\n|switch|p2b: Urshifu|Urshifu-Rapid-Strike, L50, F|100/100\n|-ability|p2a: Calyrex|As One\n|-ability|p2a: Calyrex|Unnerve\n|-fieldstart|move: Psychic Terrain|[from] ability: Psychic Surge|[of] p1a: Indeedee\n|-enditem|p1b: Solgaleo|Psychic Seed\n|-boost|p1b: Solgaleo|spd|1|[from] item: Psychic Seed\n|turn|1\n|inactive|kojimuranishi has 30 seconds left.\n|inactive|kojimuranishi has 20 seconds left.\n|\n|t:|1771473864\n|move|p2a: Calyrex|Protect|p2a: Calyrex\n|-singleturn|p2a: Calyrex|Protect\n|move|p2b: Urshifu|Surging Strikes|p1b: Solgaleo\n|-crit|p1b: Solgaleo\n|-damage|p1b: Solgaleo|85/100\n|-crit|p1b: Solgaleo\n|-damage|p1b: Solgaleo|71/100\n|-crit|p1b: Solgaleo\n|-damage|p1b: Solgaleo|54/100\n|-hitcount|p1b: Solgaleo|3\n|move|p1b: Solgaleo|Sunsteel Strike|p2a: Calyrex\n|-activate|p2a: Calyrex|move: Protect\n|move|p1a: Indeedee|Psyshock|p2b: Urshifu\n|-supereffective|p2b: Urshifu\n|-damage|p2b: Urshifu|0 fnt\n|faint|p2b: Urshifu\n|\n|upkeep\n|inactive|kojimuranishi has 30 seconds left.\n|inactive|kojimuranishi has 20 seconds left.\n|inactive|kojimuranishi has 15 seconds left.\n|inactive|kojimuranishi has 10 seconds left.\n|\n|t:|1771473910\n|switch|p2b: Kyogre|Kyogre, L50|100/100\n|-weather|RainDance|[from] ability: Drizzle|[of] p2b: Kyogre\n|turn|2\n|\n|t:|1771473919\n|switch|p2a: Indeedee|Indeedee-F, L50, F|100/100\n|move|p1b: Solgaleo|Wide Guard|p1b: Solgaleo\n|-singleturn|p1b: Solgaleo|Wide Guard\n|move|p2b: Kyogre|Origin Pulse|p1a: Indeedee|[spread] \n|-activate|p1a: Indeedee|move: Wide Guard\n|-activate|p1b: Solgaleo|move: Wide Guard\n|move|p1a: Indeedee|Psyshock|p2b: Kyogre\n|-damage|p2b: Kyogre|58/100\n|\n|-weather|RainDance|[upkeep]\n|upkeep\n|turn|3\n|\n|t:|1771473939\n|move|p1b: Solgaleo|Wide Guard|p1b: Solgaleo\n|-singleturn|p1b: Solgaleo|Wide Guard\n|move|p2b: Kyogre|Origin Pulse|p1a: Indeedee|[spread] \n|-activate|p1a: Indeedee|move: Wide Guard\n|-activate|p1b: Solgaleo|move: Wide Guard\n|move|p2a: Indeedee|Heal Pulse|p2b: Kyogre\n|-heal|p2b: Kyogre|100/100\n|move|p1a: Indeedee|Trick Room|p1a: Indeedee\n|-fieldstart|move: Trick Room|[of] p1a: Indeedee\n|\n|-weather|RainDance|[upkeep]\n|upkeep\n|turn|4\n|inactive|kojimuranishi has 30 seconds left.\n|\n|t:|1771473967\n|move|p1a: Indeedee|Dazzling Gleam|p2a: Indeedee|[spread] p2a,p2b\n|-damage|p2a: Indeedee|83/100\n|-damage|p2b: Kyogre|88/100\n|move|p1b: Solgaleo|Sunsteel Strike|p2a: Indeedee\n|-damage|p2a: Indeedee|30/100\n|move|p2a: Indeedee|Heal Pulse|p2b: Kyogre\n|-heal|p2b: Kyogre|100/100\n|move|p2b: Kyogre|Thunder|p1b: Solgaleo\n|-damage|p1b: Solgaleo|28/100\n|\n|-weather|RainDance|[upkeep]\n|upkeep\n|turn|5\n|\n|t:|1771473987\n|move|p1a: Indeedee|Psyshock|p2b: Kyogre\n|-damage|p2b: Kyogre|50/100\n|move|p1b: Solgaleo|Psychic Fangs|p2b: Kyogre\n|-damage|p2b: Kyogre|0 fnt\n|faint|p2b: Kyogre\n|move|p2a: Indeedee|Psychic|p1b: Solgaleo\n|-resisted|p1b: Solgaleo\n|-damage|p1b: Solgaleo|23/100\n|\n|-weather|RainDance|[upkeep]\n|-fieldend|move: Psychic Terrain\n|upkeep\n|-message|kojimuranishi forfeited.\n|\n|win|MegaP.Trainer\n|raw|MegaP.Trainer's rating: 1456 &rarr; <strong>1480</strong><br />(+24 for winning)\n|raw|kojimuranishi's rating: 1527 &rarr; <strong>1503</strong><br />(-24 for losing)\n|l|\u2606kojimuranishi\n|player|p2|\n|l|\u2606MegaP.Trainer\n|player|p1|\n","uploadtime":1771474235,"views":26,"formatid":"gen9vgc2026regi","rating":1480,"private":0,"password":null}