{"id":"gen9vgc2026regi-2547544681","format":"[Gen 9] VGC 2026 Reg I","players":["blackred123","Erseo05"],"log":"|j|\u2606blackred123\n|j|\u2606Erseo05\n|t:|1772106459\n|gametype|doubles\n|player|p1|blackred123|iono-masters|1462\n|player|p2|Erseo05|lucas|1460\n|gen|9\n|tier|[Gen 9] VGC 2026 Reg I\n|rated|\n|rule|Species Clause: Limit one of each Pok\u00e9mon\n|rule|Item Clause: Limit 1 of each item\n|clearpoke\n|poke|p1|Calyrex-Shadow, L50|\n|poke|p1|Zamazenta-*, L50|\n|poke|p1|Incineroar, L50, M|\n|poke|p1|Rillaboom, L50, F|\n|poke|p1|Ogerpon-Cornerstone, L50, F|\n|poke|p1|Tornadus, L50, M|\n|poke|p2|Calyrex-Ice, L50|\n|poke|p2|Indeedee-F, L50, F|\n|poke|p2|Lunala, L50|\n|poke|p2|Ursaluna, L50, M|\n|poke|p2|Incineroar, L50, M|\n|poke|p2|Torkoal, L50, F|\n|teampreview|4\n|inactive|Battle timer is ON: inactive players will automatically lose when time's up. (requested by blackred123)\n|inactive|Erseo05 has 60 seconds left.\n|\n|t:|1772106494\n|teamsize|p1|4\n|teamsize|p2|4\n|start\n|switch|p1a: \u54c7\u8884\uff08\u72d7\u53eb\u58f0\uff09|Zamazenta-Crowned, L50|100/100\n|switch|p1b: \u5636\u9a6c\u51a0\u54e5|Calyrex-Shadow, L50|100/100\n|switch|p2a: Indeedee|Indeedee-F, L50, F|100/100\n|switch|p2b: Lunala|Lunala, L50|100/100\n|-ability|p1b: \u5636\u9a6c\u51a0\u54e5|As One\n|-ability|p1b: \u5636\u9a6c\u51a0\u54e5|Unnerve\n|-ability|p1a: \u54c7\u8884\uff08\u72d7\u53eb\u58f0\uff09|Dauntless Shield|boost\n|-boost|p1a: \u54c7\u8884\uff08\u72d7\u53eb\u58f0\uff09|def|1\n|-fieldstart|move: Psychic Terrain|[from] ability: Psychic Surge|[of] p2a: Indeedee\n|turn|1\n|\n|t:|1772106510\n|-terastallize|p2b: Lunala|Grass\n|move|p2a: Indeedee|Follow Me|p2a: Indeedee\n|-singleturn|p2a: Indeedee|move: Follow Me\n|move|p1b: \u5636\u9a6c\u51a0\u54e5|Astral Barrage|p2a: Indeedee|[spread] p2b\n|-immune|p2a: Indeedee\n|-damage|p2b: Lunala|77/100\n|move|p1a: \u54c7\u8884\uff08\u72d7\u53eb\u58f0\uff09|Heavy Slam|p2a: Indeedee\n|-crit|p2a: Indeedee\n|-damage|p2a: Indeedee|29/100\n|-enditem|p2a: Indeedee|Eject Button\n|\n|t:|1772106522\n|switch|p2a: Ursaluna|Ursaluna, L50, M|100/100\n|move|p2b: Lunala|Trick Room|p2b: Lunala\n|-fieldstart|move: Trick Room|[of] p2b: Lunala\n|\n|-heal|p2b: Lunala|84/100|[from] item: Leftovers\n|-status|p2a: Ursaluna|brn|[from] item: Flame Orb\n|upkeep\n|turn|2\n|\n|t:|1772106546\n|switch|p1b: \u90a3\u6211\u7f3a\u7684\u8425\u517b\u8fd9\u5757\u8c01\u7ed9\u6211\u8865\u554a\uff08\u6307\u8349\u573a\uff09|Rillaboom, L50, F|100/100\n|-fieldstart|move: Grassy Terrain|[from] ability: Grassy Surge|[of] p1b: \u90a3\u6211\u7f3a\u7684\u8425\u517b\u8fd9\u5757\u8c01\u7ed9\u6211\u8865\u554a\uff08\u6307\u8349\u573a\uff09\n|-terastallize|p1a: \u54c7\u8884\uff08\u72d7\u53eb\u58f0\uff09|Dragon\n|move|p2a: Ursaluna|Facade|p1a: \u54c7\u8884\uff08\u72d7\u53eb\u58f0\uff09\n|-damage|p1a: \u54c7\u8884\uff08\u72d7\u53eb\u58f0\uff09|55/100\n|move|p2b: Lunala|Moongeist Beam|p1b: \u90a3\u6211\u7f3a\u7684\u8425\u517b\u8fd9\u5757\u8c01\u7ed9\u6211\u8865\u554a\uff08\u6307\u8349\u573a\uff09\n|-damage|p1b: \u90a3\u6211\u7f3a\u7684\u8425\u517b\u8fd9\u5757\u8c01\u7ed9\u6211\u8865\u554a\uff08\u6307\u8349\u573a\uff09|59/100\n|move|p1a: \u54c7\u8884\uff08\u72d7\u53eb\u58f0\uff09|Body Press|p2a: Ursaluna\n|-supereffective|p2a: Ursaluna\n|-damage|p2a: Ursaluna|0 fnt\n|faint|p2a: Ursaluna\n|\n|-heal|p1b: \u90a3\u6211\u7f3a\u7684\u8425\u517b\u8fd9\u5757\u8c01\u7ed9\u6211\u8865\u554a\uff08\u6307\u8349\u573a\uff09|65/100|[from] Grassy Terrain\n|-heal|p2b: Lunala|90/100|[from] Grassy Terrain\n|-heal|p2b: Lunala|96/100|[from] item: Leftovers\n|-heal|p1a: \u54c7\u8884\uff08\u72d7\u53eb\u58f0\uff09|61/100|[from] Grassy Terrain\n|upkeep\n|\n|t:|1772106561\n|switch|p2a: Calyrex|Calyrex-Ice, L50|100/100\n|-ability|p2a: Calyrex|As One\n|-ability|p2a: Calyrex|Unnerve\n|turn|3\n|\n|t:|1772106590\n|switch|p1b: \u5e05otto\u5e05|Incineroar, L50, M|100/100\n|-ability|p1b: \u5e05otto\u5e05|Intimidate|boost\n|-fail|p2a: Calyrex|unboost|[from] item: Clear Amulet|[of] p2a: Calyrex\n|-unboost|p2b: Lunala|atk|1\n|move|p1a: \u54c7\u8884\uff08\u72d7\u53eb\u58f0\uff09|Protect|p1a: \u54c7\u8884\uff08\u72d7\u53eb\u58f0\uff09\n|-singleturn|p1a: \u54c7\u8884\uff08\u72d7\u53eb\u58f0\uff09|Protect\n|move|p2a: Calyrex|Glacial Lance|p1a: \u54c7\u8884\uff08\u72d7\u53eb\u58f0\uff09|[spread] p1b\n|-activate|p1a: \u54c7\u8884\uff08\u72d7\u53eb\u58f0\uff09|move: Protect\n|-resisted|p1b: \u5e05otto\u5e05\n|-damage|p1b: \u5e05otto\u5e05|79/100\n|move|p2b: Lunala|Moongeist Beam|p1a: \u54c7\u8884\uff08\u72d7\u53eb\u58f0\uff09\n|-activate|p1a: \u54c7\u8884\uff08\u72d7\u53eb\u58f0\uff09|move: Protect\n|\n|-heal|p1b: \u5e05otto\u5e05|85/100|[from] Grassy Terrain\n|-heal|p2b: Lunala|100/100|[from] Grassy Terrain\n|-heal|p1a: \u54c7\u8884\uff08\u72d7\u53eb\u58f0\uff09|67/100|[from] Grassy Terrain\n|upkeep\n|turn|4\n|\n|t:|1772106615\n|move|p1b: \u5e05otto\u5e05|Fake Out|p2a: Calyrex\n|-damage|p2a: Calyrex|94/100\n|cant|p2a: Calyrex|flinch\n|move|p2b: Lunala|Moongeist Beam|p1a: \u54c7\u8884\uff08\u72d7\u53eb\u58f0\uff09\n|-damage|p1a: \u54c7\u8884\uff08\u72d7\u53eb\u58f0\uff09|25/100\n|move|p1a: \u54c7\u8884\uff08\u72d7\u53eb\u58f0\uff09|Body Press|p2b: Lunala\n|-damage|p2b: Lunala|75/100\n|\n|-heal|p2a: Calyrex|99/100|[from] Grassy Terrain\n|-heal|p1b: \u5e05otto\u5e05|91/100|[from] Grassy Terrain\n|-heal|p2b: Lunala|81/100|[from] Grassy Terrain\n|-heal|p2b: Lunala|88/100|[from] item: Leftovers\n|-heal|p1a: \u54c7\u8884\uff08\u72d7\u53eb\u58f0\uff09|31/100|[from] Grassy Terrain\n|upkeep\n|turn|5\n|inactive|blackred123 has 30 seconds left.\n|inactive|Erseo05 has 30 seconds left.\n|\n|t:|1772106643\n|move|p1a: \u54c7\u8884\uff08\u72d7\u53eb\u58f0\uff09|Protect|p1a: \u54c7\u8884\uff08\u72d7\u53eb\u58f0\uff09\n|-singleturn|p1a: \u54c7\u8884\uff08\u72d7\u53eb\u58f0\uff09|Protect\n|move|p2a: Calyrex|Glacial Lance|p1a: \u54c7\u8884\uff08\u72d7\u53eb\u58f0\uff09|[spread] p1b\n|-activate|p1a: \u54c7\u8884\uff08\u72d7\u53eb\u58f0\uff09|move: Protect\n|-resisted|p1b: \u5e05otto\u5e05\n|-damage|p1b: \u5e05otto\u5e05|70/100\n|move|p1b: \u5e05otto\u5e05|Knock Off|p2b: Lunala\n|-damage|p2b: Lunala|58/100\n|-enditem|p2b: Lunala|Leftovers|[from] move: Knock Off|[of] p1b: \u5e05otto\u5e05\n|move|p2b: Lunala|Moongeist Beam|p1b: \u5e05otto\u5e05\n|-resisted|p1b: \u5e05otto\u5e05\n|-damage|p1b: \u5e05otto\u5e05|41/100\n|\n|-heal|p2a: Calyrex|100/100|[from] Grassy Terrain\n|-heal|p1b: \u5e05otto\u5e05|47/100|[from] Grassy Terrain\n|-heal|p2b: Lunala|64/100|[from] Grassy Terrain\n|-heal|p1a: \u54c7\u8884\uff08\u72d7\u53eb\u58f0\uff09|38/100|[from] Grassy Terrain\n|-fieldend|move: Trick Room\n|upkeep\n|turn|6\n|inactive|Erseo05 has 30 seconds left.\n|\n|t:|1772106670\n|switch|p2a: Indeedee|Indeedee-F, L50, F|29/100\n|-fieldstart|move: Psychic Terrain|[from] ability: Psychic Surge|[of] p2a: Indeedee\n|move|p1a: \u54c7\u8884\uff08\u72d7\u53eb\u58f0\uff09|Body Press|p2b: Lunala\n|-damage|p2b: Lunala|13/100\n|move|p2b: Lunala|Expanding Force|p1b: \u5e05otto\u5e05|[spread] p1a\n|-immune|p1b: \u5e05otto\u5e05\n|-damage|p1a: \u54c7\u8884\uff08\u72d7\u53eb\u58f0\uff09|0 fnt\n|faint|p1a: \u54c7\u8884\uff08\u72d7\u53eb\u58f0\uff09\n|move|p1b: \u5e05otto\u5e05|Taunt|p2a: Indeedee\n|-start|p2a: Indeedee|move: Taunt\n|\n|upkeep\n|\n|t:|1772106681\n|switch|p1a: \u5636\u9a6c\u51a0\u54e5|Calyrex-Shadow, L50|100/100\n|-ability|p1a: \u5636\u9a6c\u51a0\u54e5|As One\n|-ability|p1a: \u5636\u9a6c\u51a0\u54e5|Unnerve\n|turn|7\n|\n|t:|1772106693\n|move|p2b: Lunala|Wide Guard|p2b: Lunala\n|-singleturn|p2b: Lunala|Wide Guard\n|move|p1a: \u5636\u9a6c\u51a0\u54e5|Psychic|p2b: Lunala\n|-damage|p2b: Lunala|0 fnt\n|faint|p2b: Lunala\n|-ability|p1a: \u5636\u9a6c\u51a0\u54e5|Grim Neigh|boost\n|-boost|p1a: \u5636\u9a6c\u51a0\u54e5|spa|1\n|move|p2a: Indeedee|Psychic|p1a: \u5636\u9a6c\u51a0\u54e5\n|-resisted|p1a: \u5636\u9a6c\u51a0\u54e5\n|-damage|p1a: \u5636\u9a6c\u51a0\u54e5|81/100\n|move|p1b: \u5e05otto\u5e05|Knock Off|p2a: Indeedee\n|-supereffective|p2a: Indeedee\n|-damage|p2a: Indeedee|0 fnt\n|faint|p2a: Indeedee\n|\n|upkeep\n|-message|Erseo05 forfeited.\n|\n|win|blackred123\n|raw|blackred123's rating: 1462 &rarr; <strong>1482</strong><br />(+20 for winning)\n|raw|Erseo05's rating: 1460 &rarr; <strong>1440</strong><br />(-20 for losing)\n|l|\u2606Erseo05\n|player|p2|\n|l|\u2606blackred123\n|player|p1|\n","uploadtime":1772106853,"views":14,"formatid":"gen9vgc2026regi","rating":1440,"private":0,"password":null}