{"id":"gen9vgc2026regi-2520886250","format":"[Gen 9] VGC 2026 Reg I","players":["Miurez","yubanmeiqin"],"log":"|j|\u2606Miurez\n|j|\u2606yubanmeiqin\n|t:|1768694557\n|gametype|doubles\n|player|p1|Miurez|pokemonranger-gen4|1445\n|player|p2|yubanmeiqin|iono-masters|1352\n|gen|9\n|tier|[Gen 9] VGC 2026 Reg I\n|rated|\n|rule|Species Clause: Limit one of each Pok\u00e9mon\n|rule|Item Clause: Limit 1 of each item\n|clearpoke\n|poke|p1|Terapagos, L50, M|\n|poke|p1|Farigiraf, L50, F|\n|poke|p1|Ho-Oh, L50|\n|poke|p1|Sinistcha, L50|\n|poke|p1|Incineroar, L50, F|\n|poke|p1|Urshifu-*, L50, F|\n|poke|p2|Zacian-*, L50|\n|poke|p2|Kyogre, L50|\n|poke|p2|Amoonguss, L50, F|\n|poke|p2|Incineroar, L50, F|\n|poke|p2|Urshifu-*, L50, M|\n|poke|p2|Iron Jugulis, L50|\n|teampreview|4\n|\n|t:|1768694585\n|teamsize|p1|4\n|teamsize|p2|4\n|start\n|switch|p1a: Terapagos|Terapagos, L50, M|100/100\n|switch|p1b: Urshifu|Urshifu-Rapid-Strike, L50, F|100/100\n|switch|p2a: \u9a6c\u5243\u5929\u7231\u661f|Kyogre, L50, shiny|100/100\n|switch|p2b: \u4e3b\u4eba\ud83d\ude2d\ud83e\udd75|Incineroar, L50, F|100/100\n|-activate|p1a: Terapagos|ability: Tera Shift\n|detailschange|p1a: Terapagos|Terapagos-Terastal, L50, M\n|-heal|p1a: Terapagos|100/100|[silent]\n|-weather|RainDance|[from] ability: Drizzle|[of] p2a: \u9a6c\u5243\u5929\u7231\u661f\n|-ability|p2b: \u4e3b\u4eba\ud83d\ude2d\ud83e\udd75|Intimidate|boost\n|-unboost|p1a: Terapagos|atk|1\n|-unboost|p1b: Urshifu|atk|1\n|turn|1\n|\n|t:|1768694602\n|switch|p2b: \u6211\u559c\u6b22\u4f60|Amoonguss, L50, F|100/100\n|move|p1a: Terapagos|Protect|p1a: Terapagos\n|-singleturn|p1a: Terapagos|Protect\n|move|p1b: Urshifu|Surging Strikes|p2b: \u6211\u559c\u6b22\u4f60\n|-resisted|p2b: \u6211\u559c\u6b22\u4f60\n|-crit|p2b: \u6211\u559c\u6b22\u4f60\n|-damage|p2b: \u6211\u559c\u6b22\u4f60|87/100\n|-damage|p1b: Urshifu|84/100|[from] item: Rocky Helmet|[of] p2b: \u6211\u559c\u6b22\u4f60\n|-resisted|p2b: \u6211\u559c\u6b22\u4f60\n|-crit|p2b: \u6211\u559c\u6b22\u4f60\n|-damage|p2b: \u6211\u559c\u6b22\u4f60|74/100\n|-damage|p1b: Urshifu|68/100|[from] item: Rocky Helmet|[of] p2b: \u6211\u559c\u6b22\u4f60\n|-resisted|p2b: \u6211\u559c\u6b22\u4f60\n|-crit|p2b: \u6211\u559c\u6b22\u4f60\n|-damage|p2b: \u6211\u559c\u6b22\u4f60|61/100\n|-damage|p1b: Urshifu|51/100|[from] item: Rocky Helmet|[of] p2b: \u6211\u559c\u6b22\u4f60\n|-hitcount|p2b: \u6211\u559c\u6b22\u4f60|3\n|move|p2a: \u9a6c\u5243\u5929\u7231\u661f|Water Spout|p1a: Terapagos|[spread] p1b\n|-activate|p1a: Terapagos|move: Protect\n|-resisted|p1b: Urshifu\n|-damage|p1b: Urshifu|0 fnt\n|faint|p1b: Urshifu\n|\n|-weather|RainDance|[upkeep]\n|upkeep\n|\n|t:|1768694614\n|switch|p1b: Incineroar|Incineroar, L50, F, shiny|100/100\n|-ability|p1b: Incineroar|Intimidate|boost\n|-unboost|p2a: \u9a6c\u5243\u5929\u7231\u661f|atk|1\n|-unboost|p2b: \u6211\u559c\u6b22\u4f60|atk|1\n|turn|2\n|\n|t:|1768694626\n|switch|p2b: \u4e3b\u4eba\ud83d\ude2d\ud83e\udd75|Incineroar, L50, F|100/100\n|-ability|p2b: \u4e3b\u4eba\ud83d\ude2d\ud83e\udd75|Intimidate|boost\n|-unboost|p1a: Terapagos|atk|1\n|-unboost|p1b: Incineroar|atk|1\n|move|p1b: Incineroar|Fake Out|p2b: \u4e3b\u4eba\ud83d\ude2d\ud83e\udd75\n|-damage|p2b: \u4e3b\u4eba\ud83d\ude2d\ud83e\udd75|93/100\n|move|p2a: \u9a6c\u5243\u5929\u7231\u661f|Water Spout|p1b: Incineroar|[spread] p1a,p1b\n|-activate|p1a: Terapagos|ability: Tera Shell\n|-resisted|p1a: Terapagos\n|-supereffective|p1b: Incineroar\n|-damage|p1a: Terapagos|60/100\n|-damage|p1b: Incineroar|0 fnt\n|faint|p1b: Incineroar\n|move|p1a: Terapagos|Calm Mind|p1a: Terapagos\n|-boost|p1a: Terapagos|spa|1\n|-boost|p1a: Terapagos|spd|1\n|\n|-weather|RainDance|[upkeep]\n|-heal|p1a: Terapagos|66/100|[from] item: Leftovers\n|upkeep\n|\n|t:|1768694629\n|switch|p1b: Sinistcha|Sinistcha, L50|100/100\n|-heal|p1a: Terapagos|91/100|[from] ability: Hospitality|[of] p1b: Sinistcha\n|turn|3\n|inactive|Battle timer is ON: inactive players will automatically lose when time's up. (requested by yubanmeiqin)\n|\n|t:|1768694662\n|move|p1a: Terapagos|Protect|p1a: Terapagos\n|-singleturn|p1a: Terapagos|Protect\n|move|p1b: Sinistcha|Protect|p1b: Sinistcha\n|-singleturn|p1b: Sinistcha|Protect\n|move|p2a: \u9a6c\u5243\u5929\u7231\u661f|Ice Beam|p1b: Sinistcha\n|-activate|p1b: Sinistcha|move: Protect\n|move|p2b: \u4e3b\u4eba\ud83d\ude2d\ud83e\udd75|Knock Off|p1b: Sinistcha\n|-activate|p1b: Sinistcha|move: Protect\n|\n|-weather|RainDance|[upkeep]\n|-heal|p1a: Terapagos|97/100|[from] item: Leftovers\n|upkeep\n|turn|4\n|\n|t:|1768694683\n|-terastallize|p1a: Terapagos|Stellar\n|detailschange|p1a: Terapagos|Terapagos-Stellar, L50, M, tera:Stellar\n|-heal|p1a: Terapagos|98/100|[silent]\n|-ability|p1a: Terapagos|Teraform Zero\n|-weather|none\n|move|p2a: \u9a6c\u5243\u5929\u7231\u661f|Ice Beam|p1b: Sinistcha\n|-supereffective|p1b: Sinistcha\n|-damage|p1b: Sinistcha|32/100\n|move|p2b: \u4e3b\u4eba\ud83d\ude2d\ud83e\udd75|Knock Off|p1b: Sinistcha\n|-supereffective|p1b: Sinistcha\n|-damage|p1b: Sinistcha|0 fnt\n|-enditem|p1b: Sinistcha|Mental Herb|[from] move: Knock Off|[of] p2b: \u4e3b\u4eba\ud83d\ude2d\ud83e\udd75\n|faint|p1b: Sinistcha\n|move|p1a: Terapagos|Tera Starstorm|p2a: \u9a6c\u5243\u5929\u7231\u661f|[spread] p2a,p2b\n|-damage|p2a: \u9a6c\u5243\u5929\u7231\u661f|76/100\n|-damage|p2b: \u4e3b\u4eba\ud83d\ude2d\ud83e\udd75|37/100\n|\n|-heal|p1a: Terapagos|100/100|[from] item: Leftovers\n|upkeep\n|turn|5\n|inactive|Miurez has 30 seconds left.\n|inactive|yubanmeiqin has 30 seconds left.\n|\n|t:|1768694710\n|move|p2a: \u9a6c\u5243\u5929\u7231\u661f|Water Spout|p1a: Terapagos\n|-damage|p1a: Terapagos|72/100\n|move|p2b: \u4e3b\u4eba\ud83d\ude2d\ud83e\udd75|Parting Shot|p1a: Terapagos\n|-unboost|p1a: Terapagos|atk|1\n|-unboost|p1a: Terapagos|spa|1\n|\n|t:|1768694717\n|switch|p2b: \u963f\u5c14\u6258\u8389\u96c5|Zacian-Crowned, L50, shiny|100/100|[from] Parting Shot\n|-ability|p2b: \u963f\u5c14\u6258\u8389\u96c5|Intrepid Sword|boost\n|-boost|p2b: \u963f\u5c14\u6258\u8389\u96c5|atk|1\n|move|p1a: Terapagos|Calm Mind|p1a: Terapagos\n|-boost|p1a: Terapagos|spa|1\n|-boost|p1a: Terapagos|spd|1\n|\n|-heal|p1a: Terapagos|79/100|[from] item: Leftovers\n|upkeep\n|turn|6\n|\n|t:|1768694728\n|switch|p2a: \u6211\u559c\u6b22\u4f60|Amoonguss, L50, F|95/100\n|move|p1a: Terapagos|Protect|p1a: Terapagos\n|-singleturn|p1a: Terapagos|Protect\n|move|p2b: \u963f\u5c14\u6258\u8389\u96c5|Sacred Sword|p1a: Terapagos\n|-activate|p1a: Terapagos|move: Protect\n|\n|-heal|p1a: Terapagos|85/100|[from] item: Leftovers\n|upkeep\n|turn|7\n|\n|t:|1768694743\n|move|p2b: \u963f\u5c14\u6258\u8389\u96c5|Protect|p2b: \u963f\u5c14\u6258\u8389\u96c5\n|-singleturn|p2b: \u963f\u5c14\u6258\u8389\u96c5|Protect\n|move|p1a: Terapagos|Earth Power|p2b: \u963f\u5c14\u6258\u8389\u96c5\n|-activate|p2b: \u963f\u5c14\u6258\u8389\u96c5|move: Protect\n|move|p2a: \u6211\u559c\u6b22\u4f60|Spore|p1a: Terapagos\n|-status|p1a: Terapagos|slp|[from] move: Spore\n|\n|-heal|p1a: Terapagos|91/100 slp|[from] item: Leftovers\n|upkeep\n|turn|8\n|\n|t:|1768694760\n|move|p2b: \u963f\u5c14\u6258\u8389\u96c5|Sacred Sword|p1a: Terapagos\n|-supereffective|p1a: Terapagos\n|-damage|p1a: Terapagos|31/100 slp\n|cant|p1a: Terapagos|slp\n|move|p2a: \u6211\u559c\u6b22\u4f60|Pollen Puff|p1a: Terapagos\n|-damage|p1a: Terapagos|25/100 slp\n|\n|-heal|p1a: Terapagos|31/100 slp|[from] item: Leftovers\n|upkeep\n|turn|9\n|\n|t:|1768694769\n|move|p2b: \u963f\u5c14\u6258\u8389\u96c5|Sacred Sword|p1a: Terapagos\n|-supereffective|p1a: Terapagos\n|-damage|p1a: Terapagos|0 fnt\n|faint|p1a: Terapagos\n|detailschange|p1: Terapagos|Terapagos, L50, M|[silent]\n|\n|win|yubanmeiqin\n|raw|Miurez's rating: 1445 &rarr; <strong>1420</strong><br />(-25 for losing)\n|raw|yubanmeiqin's rating: 1352 &rarr; <strong>1377</strong><br />(+25 for winning)\n|l|\u2606Miurez\n|player|p1|\n|l|\u2606yubanmeiqin\n|player|p2|\n","uploadtime":1768695022,"views":15,"formatid":"gen9vgc2026regi","rating":1377,"private":0,"password":null}