{"id":"gen9vgc2026regi-2544675313","format":"[Gen 9] VGC 2026 Reg I","players":["VJ2511","Unskilled99"],"log":"|j|\u2606VJ2511\n|j|\u2606Unskilled99\n|t:|1771737689\n|gametype|doubles\n|player|p1|VJ2511|red-masters3|1498\n|player|p2|Unskilled99|unknown|1463\n|gen|9\n|tier|[Gen 9] VGC 2026 Reg I\n|rated|\n|rule|Species Clause: Limit one of each Pok\u00e9mon\n|rule|Item Clause: Limit 1 of each item\n|clearpoke\n|poke|p1|Calyrex-Shadow, L50|\n|poke|p1|Zamazenta-*, L50|\n|poke|p1|Chien-Pao, L50|\n|poke|p1|Dragonite, L50, M|\n|poke|p1|Raging Bolt, L50|\n|poke|p1|Amoonguss, L50, F|\n|poke|p2|Koraidon, L50|\n|poke|p2|Lunala, L50|\n|poke|p2|Flutter Mane, L50|\n|poke|p2|Chi-Yu, L50|\n|poke|p2|Brute Bonnet, L50|\n|poke|p2|Ursaluna, L50, M|\n|teampreview|4\n|c|\u2606VJ2511|hello again\n|inactive|Battle timer is ON: inactive players will automatically lose when time's up. (requested by VJ2511)\n|c|\u2606Unskilled99|yeah\n|\n|t:|1771737721\n|teamsize|p1|4\n|teamsize|p2|4\n|start\n|switch|p1a: Zamazenta|Zamazenta-Crowned, L50|100/100\n|switch|p1b: Raging Bolt|Raging Bolt, L50|100/100\n|switch|p2a: Flutter Mane|Flutter Mane, L50|100/100\n|switch|p2b: Koraidon|Koraidon, L50|100/100\n|-weather|SunnyDay|[from] ability: Orichalcum Pulse|[of] p2b: Koraidon\n|-activate|p2a: Flutter Mane|ability: Protosynthesis\n|-start|p2a: Flutter Mane|protosynthesisspe\n|-activate|p1b: Raging Bolt|ability: Protosynthesis\n|-start|p1b: Raging Bolt|protosynthesisspa\n|-activate|p2b: Koraidon|Orichalcum Pulse|[source]\n|-ability|p1a: Zamazenta|Dauntless Shield|boost\n|-boost|p1a: Zamazenta|def|1\n|turn|1\n|\n|t:|1771737736\n|move|p2a: Flutter Mane|Shadow Ball|p1a: Zamazenta\n|-damage|p1a: Zamazenta|71/100\n|-unboost|p1a: Zamazenta|spd|1\n|move|p2b: Koraidon|Close Combat|p1b: Raging Bolt\n|-damage|p1b: Raging Bolt|0 fnt\n|-unboost|p2b: Koraidon|def|1\n|-unboost|p2b: Koraidon|spd|1\n|faint|p1b: Raging Bolt\n|-end|p1b: Raging Bolt|Protosynthesis|[silent]\n|-damage|p2b: Koraidon|91/100|[from] item: Life Orb\n|move|p1a: Zamazenta|Heavy Slam|p2a: Flutter Mane\n|-supereffective|p2a: Flutter Mane\n|-enditem|p2a: Flutter Mane|Focus Sash\n|-damage|p2a: Flutter Mane|1/100\n|\n|-weather|SunnyDay|[upkeep]\n|upkeep\n|\n|t:|1771737754\n|switch|p1b: Calyrex|Calyrex-Shadow, L50|100/100\n|-ability|p1b: Calyrex|As One\n|-ability|p1b: Calyrex|Unnerve\n|turn|2\n|\n|t:|1771737770\n|move|p1a: Zamazenta|Wide Guard|p1a: Zamazenta\n|-singleturn|p1a: Zamazenta|Wide Guard\n|move|p2a: Flutter Mane|Shadow Ball|p1b: Calyrex\n|-supereffective|p1b: Calyrex\n|-enditem|p1b: Calyrex|Focus Sash\n|-damage|p1b: Calyrex|1/100\n|move|p1b: Calyrex|Astral Barrage|p2a: Flutter Mane|[spread] p2a,p2b\n|-supereffective|p2a: Flutter Mane\n|-damage|p2a: Flutter Mane|0 fnt\n|-damage|p2b: Koraidon|0 fnt\n|faint|p2a: Flutter Mane\n|-end|p2a: Flutter Mane|Protosynthesis|[silent]\n|faint|p2b: Koraidon\n|-ability|p1b: Calyrex|Grim Neigh|boost\n|-boost|p1b: Calyrex|spa|2\n|\n|-weather|SunnyDay|[upkeep]\n|upkeep\n|\n|t:|1771737780\n|switch|p2a: Chi-Yu|Chi-Yu, L50|100/100\n|switch|p2b: Lunala|Lunala, L50|100/100\n|-ability|p2a: Chi-Yu|Beads of Ruin\n|turn|3\n|\n|t:|1771737794\n|-terastallize|p2b: Lunala|Water\n|move|p1b: Calyrex|Protect|p1b: Calyrex\n|-singleturn|p1b: Calyrex|Protect\n|move|p1a: Zamazenta|Protect||[still]\n|-fail|p1a: Zamazenta\n|move|p2a: Chi-Yu|Overheat|p1a: Zamazenta\n|-supereffective|p1a: Zamazenta\n|-damage|p1a: Zamazenta|0 fnt\n|-unboost|p2a: Chi-Yu|spa|2\n|faint|p1a: Zamazenta\n|move|p2b: Lunala|Moongeist Beam|p1b: Calyrex\n|-activate|p1b: Calyrex|move: Protect\n|\n|-weather|SunnyDay|[upkeep]\n|upkeep\n|\n|t:|1771737799\n|switch|p1a: Dragonite|Dragonite, L50, M, shiny|100/100\n|turn|4\n|\n|t:|1771737808\n|-terastallize|p1a: Dragonite|Normal\n|move|p1a: Dragonite|Extreme Speed|p2a: Chi-Yu\n|-damage|p2a: Chi-Yu|0 fnt\n|faint|p2a: Chi-Yu\n|move|p1b: Calyrex|Astral Barrage|p2b: Lunala\n|-damage|p2b: Lunala|47/100\n|move|p2b: Lunala|Meteor Beam||[still]\n|-prepare|p2b: Lunala|Meteor Beam\n|-boost|p2b: Lunala|spa|1\n|-enditem|p2b: Lunala|Power Herb\n|-anim|p2b: Lunala|Meteor Beam|p1a: Dragonite\n|-damage|p1a: Dragonite|40/100\n|\n|-weather|SunnyDay|[upkeep]\n|upkeep\n|turn|5\n|c|\u2606Unskilled99|ah\n|c|\u2606Unskilled99|gg\n|c|\u2606VJ2511|ggs\n|\n|t:|1771737823\n|move|p1a: Dragonite|Extreme Speed|p2b: Lunala\n|-damage|p2b: Lunala|0 fnt\n|faint|p2b: Lunala\n|\n|win|VJ2511\n|raw|VJ2511's rating: 1498 &rarr; <strong>1516</strong><br />(+18 for winning)\n|raw|Unskilled99's rating: 1463 &rarr; <strong>1445</strong><br />(-18 for losing)\n|l|\u2606VJ2511\n|player|p1|\n|l|\u2606Unskilled99\n|player|p2|\n","uploadtime":1771737831,"views":13,"formatid":"gen9vgc2026regi","rating":1445,"private":0,"password":null}