{"id":"gen9vgc2026regi-2561996061","format":"[Gen 9] VGC 2026 Reg I","players":["CHR1SPHX","namboyVGC"],"log":"|j|\u2606CHR1SPHX\n|j|\u2606namboyVGC\n|t:|1773861494\n|gametype|doubles\n|player|p1|CHR1SPHX|hilbert|1202\n|player|p2|namboyVGC|pokemonranger-gen4|1295\n|gen|9\n|tier|[Gen 9] VGC 2026 Reg I\n|rated|\n|rule|Species Clause: Limit one of each Pok\u00e9mon\n|rule|Item Clause: Limit 1 of each item\n|clearpoke\n|poke|p1|Flutter Mane, L50|\n|poke|p1|Incineroar, L50, M|\n|poke|p1|Ursaluna-Bloodmoon, L50, M|\n|poke|p1|Amoonguss, L50, M|\n|poke|p1|Koraidon, L50|\n|poke|p1|Lunala, L50|\n|poke|p2|Miraidon, L50|\n|poke|p2|Lunala, L50|\n|poke|p2|Whimsicott, L50, M|\n|poke|p2|Urshifu-*, L50, F|\n|poke|p2|Incineroar, L50, F|\n|poke|p2|Ursaluna, L50, F|\n|teampreview|4\n|inactive|Battle timer is ON: inactive players will automatically lose when time's up. (requested by CHR1SPHX)\nnamboyVGC has agreed to open team sheets.\nCHR1SPHX has agreed to open team sheets.\n|showteam|p1|Flutter Mane||FocusSash|Protosynthesis|ShadowBall,DazzlingGleam,IcyWind,Protect||||||50|,,,,,Stellar]Incineroar||SafetyGoggles|Intimidate|KnockOff,FakeOut,PartingShot,Taunt|||M|||50|,,,,,Fairy]Ursaluna-Bloodmoon||LifeOrb|MindsEye|EarthPower,BloodMoon,HyperVoice,Protect|||M|||50|,,,,,Ghost]Amoonguss||RockyHelmet|Regenerator|SludgeBomb,PollenPuff,Spore,RagePowder|||M|||50|,,,,,Water]Koraidon||ClearAmulet|OrichalcumPulse|CollisionCourse,FlareBlitz,FlameCharge,Protect||||||50|,,,,,Fire]Lunala||MentalHerb|ShadowShield|MoongeistBeam,Moonblast,TrickRoom,WideGuard||||||50|,,,,,Fairy\n|showteam|p2|Miraidon||LifeOrb|HadronEngine|ElectroDrift,DracoMeteor,VoltSwitch,Protect||||||50|,,,,,Electric]Lunala||ElectricSeed|ShadowShield|MoongeistBeam,Moonblast,WideGuard,TrickRoom||||||50|,,,,,Fairy]Whimsicott||CovertCloak|Prankster|Moonblast,Encore,LightScreen,Tailwind|||M|||50|,,,,,Water]Urshifu-Rapid-Strike||ChoiceBand|UnseenFist|SurgingStrikes,CloseCombat,AquaJet,Uturn|||F|||50|,,,,,Ghost]Incineroar||AssaultVest|Intimidate|FlareBlitz,KnockOff,Uturn,FakeOut|||F|||50|,,,,,Bug]Ursaluna||FlameOrb|Guts|Facade,HeadlongRush,Earthquake,Protect|||F|||50|,,,,,Ghost\n|inactive|CHR1SPHX has 60 seconds left.\n|\n|t:|1773861541\n|teamsize|p1|4\n|teamsize|p2|4\n|start\n|switch|p1a: Incineroar|Incineroar, L50, M|100/100\n|switch|p1b: Lunala|Lunala, L50, shiny|100/100\n|switch|p2a: Incineroar|Incineroar, L50, F|100/100\n|switch|p2b: Lunala|Lunala, L50|100/100\n|-ability|p2a: Incineroar|Intimidate|boost\n|-unboost|p1a: Incineroar|atk|1\n|-unboost|p1b: Lunala|atk|1\n|-ability|p1a: Incineroar|Intimidate|boost\n|-unboost|p2a: Incineroar|atk|1\n|-unboost|p2b: Lunala|atk|1\n|turn|1\n|inactive|CHR1SPHX has 30 seconds left.\n|inactive|namboyVGC has 30 seconds left.\n|\n|t:|1773861571\n|switch|p1b: Amoonguss|Amoonguss, L50, M, shiny|100/100\n|switch|p2b: Ursaluna|Ursaluna, L50, F|100/100\n|move|p2a: Incineroar|U-turn|p1b: Amoonguss\n|-damage|p1b: Amoonguss|88/100\n|-damage|p2a: Incineroar|84/100|[from] item: Rocky Helmet|[of] p1b: Amoonguss\n|\n|t:|1773861580\n|switch|p2a: Miraidon|Miraidon, L50|100/100|[from] U-turn\n|-fieldstart|move: Electric Terrain|[from] ability: Hadron Engine|[of] p2a: Miraidon\n|move|p1a: Incineroar|Parting Shot|p2b: Ursaluna\n|-unboost|p2b: Ursaluna|atk|1\n|-unboost|p2b: Ursaluna|spa|1\n|\n|t:|1773861596\n|switch|p1a: Ursaluna|Ursaluna-Bloodmoon, L50, M|100/100|[from] Parting Shot\n|\n|-status|p2b: Ursaluna|brn|[from] item: Flame Orb\n|upkeep\n|turn|2\n|\n|t:|1773861612\n|switch|p1b: Incineroar|Incineroar, L50, M|100/100\n|-ability|p1b: Incineroar|Intimidate|boost\n|-unboost|p2a: Miraidon|atk|1\n|-unboost|p2b: Ursaluna|atk|1\n|move|p2a: Miraidon|Volt Switch|p1b: Incineroar\n|-damage|p1b: Incineroar|31/100\n|-damage|p2a: Miraidon|91/100|[from] item: Life Orb\n|\n|t:|1773861624\n|switch|p2a: Lunala|Lunala, L50|100/100|[from] Volt Switch\n|-enditem|p2a: Lunala|Electric Seed\n|-boost|p2a: Lunala|def|1|[from] item: Electric Seed\n|move|p2b: Ursaluna|Facade|p1b: Incineroar\n|-damage|p1b: Incineroar|0 fnt\n|faint|p1b: Incineroar\n|move|p1a: Ursaluna|Earth Power|p2a: Lunala\n|-damage|p2a: Lunala|78/100\n|-damage|p1a: Ursaluna|91/100|[from] item: Life Orb\n|\n|-damage|p2b: Ursaluna|94/100 brn|[from] brn\n|upkeep\n|\n|t:|1773861639\n|switch|p1b: Lunala|Lunala, L50, shiny|100/100\n|turn|3\n|\n|t:|1773861656\n|switch|p2b: Incineroar|Incineroar, L50, F|84/100\n|-ability|p2b: Incineroar|Intimidate|boost\n|-unboost|p1a: Ursaluna|atk|1\n|-unboost|p1b: Lunala|atk|1\n|-terastallize|p1b: Lunala|Fairy\n|-terastallize|p2a: Lunala|Fairy\n|move|p1b: Lunala|Moonblast|p2a: Lunala\n|-damage|p2a: Lunala|44/100\n|-unboost|p2a: Lunala|spa|1\n|move|p2a: Lunala|Moongeist Beam|p1b: Lunala\n|-damage|p1b: Lunala|86/100\n|move|p1a: Ursaluna|Hyper Voice|p2b: Incineroar|[spread] p2a,p2b\n|-damage|p2a: Lunala|13/100\n|-damage|p2b: Incineroar|55/100\n|-damage|p1a: Ursaluna|81/100|[from] item: Life Orb\n|\n|upkeep\n|turn|4\n|inactive|namboyVGC has 30 seconds left.\n|inactive|namboyVGC has 20 seconds left.\n|\n|t:|1773861692\n|switch|p1b: Amoonguss|Amoonguss, L50, M, shiny|100/100\n|move|p1a: Ursaluna|Protect|p1a: Ursaluna\n|-singleturn|p1a: Ursaluna|Protect\n|move|p2b: Incineroar|Fake Out|p1b: Amoonguss\n|-damage|p1b: Amoonguss|91/100\n|-damage|p2b: Incineroar|39/100|[from] item: Rocky Helmet|[of] p1b: Amoonguss\n|move|p2a: Lunala|Moonblast|p1a: Ursaluna\n|-activate|p1a: Ursaluna|move: Protect\n|\n|upkeep\n|turn|5\n|inactive|CHR1SPHX has 30 seconds left.\n|\n|t:|1773861725\n|move|p2a: Lunala|Moongeist Beam|p1b: Amoonguss\n|-damage|p1b: Amoonguss|59/100\n|move|p2b: Incineroar|Flare Blitz|p1b: Amoonguss\n|-supereffective|p1b: Amoonguss\n|-damage|p1b: Amoonguss|0 fnt\n|-damage|p2b: Incineroar|23/100|[from] item: Rocky Helmet|[of] p1b: Amoonguss\n|faint|p1b: Amoonguss\n|-damage|p2b: Incineroar|1/100|[from] Recoil\n|move|p1a: Ursaluna|Earth Power|p2a: Lunala\n|-damage|p2a: Lunala|0 fnt\n|faint|p2a: Lunala\n|-damage|p1a: Ursaluna|72/100|[from] item: Life Orb\n|\n|-fieldend|move: Electric Terrain\n|upkeep\n|\n|t:|1773861742\n|switch|p2a: Miraidon|Miraidon, L50|91/100\n|switch|p1b: Lunala|Lunala, L50, shiny, tera:Fairy|86/100\n|-fieldstart|move: Electric Terrain|[from] ability: Hadron Engine|[of] p2a: Miraidon\n|turn|6\n|inactive|CHR1SPHX has 30 seconds left.\n|\n|t:|1773861772\n|move|p2a: Miraidon|Electro Drift|p1b: Lunala\n|-crit|p1b: Lunala\n|-damage|p1b: Lunala|0 fnt\n|faint|p1b: Lunala\n|-damage|p2a: Miraidon|82/100|[from] item: Life Orb\n|move|p2b: Incineroar|Knock Off|p1a: Ursaluna\n|-damage|p1a: Ursaluna|45/100\n|-enditem|p1a: Ursaluna|Life Orb|[from] move: Knock Off|[of] p2b: Incineroar\n|move|p1a: Ursaluna|Hyper Voice|p2b: Incineroar|[spread] p2a,p2b\n|-damage|p2a: Miraidon|51/100\n|-damage|p2b: Incineroar|0 fnt\n|faint|p2b: Incineroar\n|\n|upkeep\n|\n|t:|1773861786\n|switch|p2b: Ursaluna|Ursaluna, L50, F|94/100 brn\n|turn|7\n|\n|t:|1773861791\n|move|p2a: Miraidon|Draco Meteor|p1a: Ursaluna\n|-crit|p1a: Ursaluna\n|-damage|p1a: Ursaluna|0 fnt\n|-unboost|p2a: Miraidon|spa|2\n|faint|p1a: Ursaluna\n|-damage|p2a: Miraidon|41/100|[from] item: Life Orb\n|\n|win|namboyVGC\n|raw|CHR1SPHX's rating: 1202 &rarr; <strong>1184</strong><br />(-18 for losing)\n|raw|namboyVGC's rating: 1295 &rarr; <strong>1313</strong><br />(+18 for winning)\n","uploadtime":1773861792,"views":10,"formatid":"gen9vgc2026regi","rating":1184,"private":0,"password":null}