{"id":"gen9vgc2026regi-2590002882","format":"[Gen 9] VGC 2026 Reg I","players":["stupid test7","Knoble"],"log":"|j|\u2606stupid test7\n|j|\u2606Knoble\n|t:|1776780565\n|gametype|doubles\n|player|p1|stupid test7|265|1453\n|player|p2|Knoble|waitress-gen4|1487\n|gen|9\n|tier|[Gen 9] VGC 2026 Reg I\n|rated|\n|rule|Species Clause: Limit one of each Pok\u00e9mon\n|rule|Item Clause: Limit 1 of each item\n|clearpoke\n|poke|p1|Kyogre, L50|\n|poke|p1|Indeedee-F, L50, F|\n|poke|p1|Ludicolo, L50, F|\n|poke|p1|Urshifu-*, L50, F|\n|poke|p1|Calyrex-Ice, L50|\n|poke|p1|Wyrdeer, L50, F|\n|poke|p2|Calyrex-Ice, L50|\n|poke|p2|Lunala, L50|\n|poke|p2|Annihilape, L50, F|\n|poke|p2|Whimsicott, L50, M|\n|poke|p2|Indeedee-F, L50, F|\n|poke|p2|Chien-Pao, L50|\n|teampreview|4\n|inactive|Battle timer is ON: inactive players will automatically lose when time's up. (requested by Knoble)\n|inactive|stupid test7 has 60 seconds left.\n|inactive|stupid test7 has 30 seconds left.\n|inactive|stupid test7 has 20 seconds left.\n|inactive|stupid test7 has 15 seconds left.\n|\n|t:|1776780663\n|teamsize|p1|4\n|teamsize|p2|4\n|start\n|switch|p1a: Kyogre|Kyogre, L50|100/100\n|switch|p1b: Indeedee|Indeedee-F, L50, F|100/100\n|switch|p2a: Whimsicott|Whimsicott, L50, M, shiny|100/100\n|switch|p2b: Annihilape|Annihilape, L50, F, shiny|100/100\n|-weather|RainDance|[from] ability: Drizzle|[of] p1a: Kyogre\n|-fieldstart|move: Psychic Terrain|[from] ability: Psychic Surge|[of] p1b: Indeedee\n|-enditem|p1b: Indeedee|Psychic Seed\n|-boost|p1b: Indeedee|spd|1|[from] item: Psychic Seed\n|turn|1\n|inactive|stupid test7 has 30 seconds left.\n|\n|t:|1776780695\n|move|p2a: Whimsicott|Tailwind|p2a: Whimsicott\n|-sidestart|p2: Knoble|move: Tailwind\n|move|p2b: Annihilape|Final Gambit|p1a: Kyogre\n|-damage|p1a: Kyogre|0 fnt\n|faint|p2b: Annihilape\n|faint|p1a: Kyogre\n|move|p1b: Indeedee|Trick Room|p1b: Indeedee\n|-fieldstart|move: Trick Room|[of] p1b: Indeedee\n|\n|-weather|RainDance|[upkeep]\n|upkeep\n|\n|t:|1776780702\n|switch|p2b: Lunala|Lunala, L50|100/100\n|switch|p1a: Calyrex|Calyrex-Ice, L50|100/100\n|-ability|p1a: Calyrex|As One\n|-ability|p1a: Calyrex|Unnerve\n|turn|2\n|j| The_Mastodon\n|\n|t:|1776780710\n|-terastallize|p1a: Calyrex|Fairy\n|move|p2b: Lunala|Wide Guard|p2b: Lunala\n|-singleturn|p2b: Lunala|Wide Guard\n|move|p1b: Indeedee|Baton Pass|p1b: Indeedee\n|\n|t:|1776780713\n|switch|p1b: Wyrdeer|Wyrdeer, L50, F|100/100|[from] Baton Pass\n|-ability|p1b: Wyrdeer|Intimidate|boost\n|-unboost|p2a: Whimsicott|atk|1\n|-unboost|p2b: Lunala|atk|1\n|move|p1a: Calyrex|Glacial Lance|p2b: Lunala|[spread] \n|-activate|p2a: Whimsicott|move: Wide Guard\n|-activate|p2b: Lunala|move: Wide Guard\n|move|p2a: Whimsicott|Moonblast|p1a: Calyrex\n|-damage|p1a: Calyrex|76/100\n|\n|-weather|RainDance|[upkeep]\n|-heal|p1a: Calyrex|82/100|[from] item: Leftovers\n|upkeep\n|turn|3\n|inactive|Knoble has 30 seconds left.\n|\n|t:|1776780738\n|move|p2b: Lunala|Wide Guard|p2b: Lunala\n|-singleturn|p2b: Lunala|Wide Guard\n|move|p1b: Wyrdeer|Gravity|p1b: Wyrdeer\n|-fieldstart|move: Gravity\n|move|p1a: Calyrex|Leech Seed|p2b: Lunala\n|-start|p2b: Lunala|move: Leech Seed\n|move|p2a: Whimsicott|Moonblast|p1a: Calyrex\n|-crit|p1a: Calyrex\n|-damage|p1a: Calyrex|48/100\n|\n|-weather|RainDance|[upkeep]\n|-heal|p1a: Calyrex|54/100|[from] item: Leftovers\n|-damage|p2b: Lunala|88/100|[from] Leech Seed|[of] p1a: Calyrex\n|-heal|p1a: Calyrex|68/100|[silent]\n|upkeep\n|turn|4\n|\n|t:|1776780753\n|move|p1b: Wyrdeer|Hypnosis|p2b: Lunala\n|-status|p2b: Lunala|slp|[from] move: Hypnosis\n|move|p1a: Calyrex|Substitute|p1a: Calyrex\n|-start|p1a: Calyrex|Substitute\n|-damage|p1a: Calyrex|43/100\n|cant|p2b: Lunala|slp\n|move|p2a: Whimsicott|Moonblast|p1a: Calyrex\n|-activate|p1a: Calyrex|move: Substitute|[damage]\n|\n|-weather|RainDance|[upkeep]\n|-heal|p1a: Calyrex|49/100|[from] item: Leftovers\n|-damage|p2b: Lunala|75/100 slp|[from] Leech Seed|[of] p1a: Calyrex\n|-heal|p1a: Calyrex|64/100|[silent]\n|-sideend|p2: Knoble|move: Tailwind\n|upkeep\n|turn|5\n|\n|t:|1776780769\n|move|p1b: Wyrdeer|Hypnosis|p2a: Whimsicott\n|-status|p2a: Whimsicott|slp|[from] move: Hypnosis\n|move|p1a: Calyrex|Glacial Lance|p2a: Whimsicott|[spread] p2a,p2b\n|-supereffective|p2a: Whimsicott\n|-enditem|p2a: Whimsicott|Focus Sash\n|-damage|p2a: Whimsicott|1/100 slp\n|-damage|p2b: Lunala|30/100 slp\n|cant|p2b: Lunala|slp\n|cant|p2a: Whimsicott|slp\n|\n|-weather|none\n|-heal|p1a: Calyrex|70/100|[from] item: Leftovers\n|-damage|p2b: Lunala|18/100 slp|[from] Leech Seed|[of] p1a: Calyrex\n|-heal|p1a: Calyrex|84/100|[silent]\n|-fieldend|move: Trick Room\n|-fieldend|move: Psychic Terrain\n|upkeep\n|turn|6\n|\n|t:|1776780785\n|switch|p2a: Indeedee|Indeedee-F, L50, F|100/100\n|-fieldstart|move: Psychic Terrain|[from] ability: Psychic Surge|[of] p2a: Indeedee\n|-enditem|p2a: Indeedee|Psychic Seed\n|-boost|p2a: Indeedee|spd|1|[from] item: Psychic Seed\n|-curestatus|p2b: Lunala|slp|[msg]\n|move|p2b: Lunala|Wide Guard|p2b: Lunala\n|-singleturn|p2b: Lunala|Wide Guard\n|move|p1a: Calyrex|Glacial Lance|p2a: Indeedee|[spread] \n|-activate|p2a: Indeedee|move: Wide Guard\n|-activate|p2b: Lunala|move: Wide Guard\n|move|p1b: Wyrdeer|Trick Room|p1b: Wyrdeer\n|-fieldstart|move: Trick Room|[of] p1b: Wyrdeer\n|\n|-heal|p1a: Calyrex|90/100|[from] item: Leftovers\n|-damage|p2b: Lunala|5/100|[from] Leech Seed|[of] p1a: Calyrex\n|-heal|p1a: Calyrex|100/100|[silent]\n|upkeep\n|turn|7\n|\n|t:|1776780803\n|move|p2a: Indeedee|Helping Hand|p2b: Lunala\n|-singleturn|p2b: Lunala|Helping Hand|[of] p2a: Indeedee\n|move|p1b: Wyrdeer|Hypnosis|p2a: Indeedee\n|-status|p2a: Indeedee|slp|[from] move: Hypnosis\n|move|p1a: Calyrex|Glacial Lance|p2b: Lunala|[spread] p2a,p2b\n|-damage|p2a: Indeedee|45/100 slp\n|-damage|p2b: Lunala|0 fnt\n|faint|p2b: Lunala\n|-ability|p1a: Calyrex|Chilling Neigh|boost\n|-boost|p1a: Calyrex|atk|1\n|\n|-fieldend|move: Gravity\n|upkeep\n|\n|t:|1776780812\n|switch|p2b: Whimsicott|Whimsicott, L50, M, shiny|1/100 slp\n|turn|8\n|-message|Knoble forfeited.\n|\n|win|stupid test7\n|raw|stupid test7's rating: 1453 &rarr; <strong>1475</strong><br />(+22 for winning)\n|raw|Knoble's rating: 1487 &rarr; <strong>1465</strong><br />(-22 for losing)\n|l|\u2606Knoble\n|player|p2|\n|l|\u2606stupid test7\n|player|p1|\n|l| The_Mastodon\n","uploadtime":1776781041,"views":8,"formatid":"gen9vgc2026regi","rating":1465,"private":0,"password":null}