{"id":"gen9vgc2026regi-2542744666","format":"[Gen 9] VGC 2026 Reg I","players":["mohammed mo7trf","marcxhenry"],"log":"|j|\u2606mohammed mo7trf\n|j|\u2606marcxhenry\n|t:|1771489896\n|gametype|doubles\n|player|p1|mohammed mo7trf|nate|1395\n|player|p2|marcxhenry|hilbert-wonderlauncher|1444\n|gen|9\n|tier|[Gen 9] VGC 2026 Reg I\n|rated|\n|rule|Species Clause: Limit one of each Pok\u00e9mon\n|rule|Item Clause: Limit 1 of each item\n|clearpoke\n|poke|p1|Kyurem-White, L50|\n|poke|p1|Zamazenta-*, L50|\n|poke|p1|Rillaboom, L50, M|\n|poke|p1|Incineroar, L50, M|\n|poke|p1|Ninetales-Alola, L50, F|\n|poke|p1|Tornadus, L50, M|\n|poke|p2|Calyrex-Shadow, L50|\n|poke|p2|Urshifu-*, L50, M|\n|poke|p2|Roaring Moon, L50|\n|poke|p2|Kyogre, L50|\n|poke|p2|Tsareena, L50, F|\n|poke|p2|Kingambit, L50, M|\n|teampreview|4\n|\n|t:|1771489920\n|teamsize|p1|4\n|teamsize|p2|4\n|start\n|switch|p1a: Kyurem|Kyurem-White, L50, shiny|100/100\n|switch|p1b: Tornadus|Tornadus, L50, M, shiny|100/100\n|switch|p2a: Ludwig|Calyrex-Shadow, L50|100/100\n|switch|p2b: Roter Baron|Roaring Moon, L50, shiny|100/100\n|-ability|p2a: Ludwig|As One\n|-ability|p2a: Ludwig|Unnerve\n|-ability|p1a: Kyurem|Turboblaze\n|-enditem|p2b: Roter Baron|Booster Energy\n|-activate|p2b: Roter Baron|ability: Protosynthesis|[fromitem]\n|-start|p2b: Roter Baron|protosynthesisspe\n|turn|1\n|\n|t:|1771489943\n|move|p2b: Roter Baron|Protect|p2b: Roter Baron\n|-singleturn|p2b: Roter Baron|Protect\n|move|p1b: Tornadus|Tailwind|p1b: Tornadus\n|-sidestart|p1: mohammed mo7trf|move: Tailwind\n|move|p1a: Kyurem|Shadow Ball|p2a: Ludwig\n|-supereffective|p2a: Ludwig\n|-enditem|p2a: Ludwig|Focus Sash\n|-damage|p2a: Ludwig|1/100\n|move|p2a: Ludwig|Trick Room|p2a: Ludwig\n|-fieldstart|move: Trick Room|[of] p2a: Ludwig\n|\n|upkeep\n|turn|2\n|\n|t:|1771489960\n|-terastallize|p1a: Kyurem|Bug\n|-terastallize|p2b: Roter Baron|Flying\n|move|p2a: Ludwig|Protect|p2a: Ludwig\n|-singleturn|p2a: Ludwig|Protect\n|move|p1a: Kyurem|Blizzard|p2a: Ludwig|[spread] p2b\n|-activate|p2a: Ludwig|move: Protect\n|-supereffective|p2b: Roter Baron\n|-damage|p2b: Roter Baron|0 fnt\n|faint|p2b: Roter Baron\n|-end|p2b: Roter Baron|Protosynthesis|[silent]\n|move|p1b: Tornadus|Bleakwind Storm|p2a: Ludwig\n|-activate|p2a: Ludwig|move: Protect\n|\n|upkeep\n|\n|t:|1771489972\n|switch|p2b: Tripitz|Kyogre, L50, shiny|100/100\n|-weather|RainDance|[from] ability: Drizzle|[of] p2b: Tripitz\n|turn|3\n|\n|t:|1771489976\n|move|p1b: Tornadus|Snowscape|p1b: Tornadus\n|-weather|Snowscape\n|move|p2b: Tripitz|Water Spout|p1b: Tornadus|[spread] p1a,p1b\n|-crit|p1b: Tornadus\n|-damage|p1a: Kyurem|53/100\n|-damage|p1b: Tornadus|0 fnt\n|faint|p1b: Tornadus\n|move|p2a: Ludwig|Astral Barrage|p1a: Kyurem\n|-damage|p1a: Kyurem|11/100\n|move|p1a: Kyurem|Blizzard|p2a: Ludwig|[spread] p2a,p2b\n|-resisted|p2b: Tripitz\n|-damage|p2a: Ludwig|0 fnt\n|-damage|p2b: Tripitz|78/100\n|faint|p2a: Ludwig\n|\n|-weather|Snowscape|[upkeep]\n|upkeep\n|\n|t:|1771489992\n|switch|p1b: Zamazenta|Zamazenta-Crowned, L50, shiny|100/100\n|switch|p2a: Hitmonshe|Tsareena, L50, F, shiny|100/100\n|-ability|p1b: Zamazenta|Dauntless Shield|boost\n|-boost|p1b: Zamazenta|def|1\n|turn|4\n|\n|t:|1771490003\n|move|p1b: Zamazenta|Wide Guard|p1b: Zamazenta\n|-singleturn|p1b: Zamazenta|Wide Guard\n|move|p2a: Hitmonshe|Triple Axel|p1a: Kyurem\n|-damage|p1a: Kyurem|5/100\n|-damage|p1a: Kyurem|0 fnt\n|faint|p1a: Kyurem\n|-hitcount|p1: Kyurem|2\n|move|p2b: Tripitz|Hydro Pump|p1b: Zamazenta\n|-damage|p1b: Zamazenta|51/100\n|\n|-weather|Snowscape|[upkeep]\n|-sideend|p1: mohammed mo7trf|move: Tailwind\n|upkeep\n|\n|t:|1771490009\n|switch|p1a: Ninetales|Ninetales-Alola, L50, F, shiny|100/100\n|turn|5\n|\n|t:|1771490030\n|move|p2a: Hitmonshe|Power Whip|p1a: Ninetales\n|-damage|p1a: Ninetales|47/100\n|move|p2b: Tripitz|Origin Pulse|p1a: Ninetales|[spread] p1a,p1b\n|-damage|p1a: Ninetales|0 fnt\n|-damage|p1b: Zamazenta|16/100\n|faint|p1a: Ninetales\n|move|p1b: Zamazenta|Body Press|p2b: Tripitz\n|-damage|p2b: Tripitz|12/100\n|\n|-weather|Snowscape|[upkeep]\n|-fieldend|move: Trick Room\n|upkeep\n|turn|6\n|\n|t:|1771490041\n|move|p2b: Tripitz|Protect|p2b: Tripitz\n|-singleturn|p2b: Tripitz|Protect\n|move|p1b: Zamazenta|Body Press|p1: Ninetales|[notarget]\n|-fail|p1b: Zamazenta\n|move|p2a: Hitmonshe|Power Whip|p1b: Zamazenta\n|-resisted|p1b: Zamazenta\n|-damage|p1b: Zamazenta|3/100\n|\n|-weather|Snowscape|[upkeep]\n|upkeep\n|turn|7\n|-message|mohammed mo7trf forfeited.\n|\n|win|marcxhenry\n|raw|mohammed mo7trf's rating: 1395 &rarr; <strong>1378</strong><br />(-17 for losing)\n|raw|marcxhenry's rating: 1444 &rarr; <strong>1461</strong><br />(+17 for winning)\n|l|\u2606mohammed mo7trf\n|player|p1|\n|l|\u2606marcxhenry\n|player|p2|\n","uploadtime":1771490276,"views":17,"formatid":"gen9vgc2026regi","rating":1378,"private":0,"password":null}