{"id":"gen9vgc2026regi-2560794919","format":"[Gen 9] VGC 2026 Reg I","players":["ricer3","granite blast"],"log":"|j|\u2606ricer3\n|j|\u2606granite blast\n|t:|1773727665\n|gametype|doubles\n|player|p1|ricer3|viola-masters|1390\n|player|p2|granite blast|266|1529\n|gen|9\n|tier|[Gen 9] VGC 2026 Reg I\n|rated|\n|rule|Species Clause: Limit one of each Pok\u00e9mon\n|rule|Item Clause: Limit 1 of each item\n|clearpoke\n|poke|p1|Miraidon, L50|\n|poke|p1|Calyrex-Ice, L50|\n|poke|p1|Whimsicott, L50, F|\n|poke|p1|Volcarona, L50, M|\n|poke|p1|Incineroar, L50, M|\n|poke|p1|Urshifu-*, L50, M|\n|poke|p2|Groudon, L50|\n|poke|p2|Calyrex-Shadow, L50|\n|poke|p2|Raging Bolt, L50|\n|poke|p2|Jumpluff, L50, F|\n|poke|p2|Chi-Yu, L50|\n|poke|p2|Rillaboom, L50, F|\n|teampreview|4\n|inactive|Battle timer is ON: inactive players will automatically lose when time's up. (requested by granite blast)\n|inactive|ricer3 has 60 seconds left.\n|\n|t:|1773727700\n|teamsize|p1|4\n|teamsize|p2|4\n|start\n|switch|p1a: Miraidon|Miraidon, L50, shiny|100/100\n|switch|p1b: Whimsicott|Whimsicott, L50, F|100/100\n|switch|p2a: Calyrex|Calyrex-Shadow, L50|100/100\n|switch|p2b: Groudon|Groudon, L50|100/100\n|-ability|p2a: Calyrex|As One\n|-ability|p2a: Calyrex|Unnerve\n|-fieldstart|move: Electric Terrain|[from] ability: Hadron Engine|[of] p1a: Miraidon\n|-weather|SunnyDay|[from] ability: Drought|[of] p2b: Groudon\n|turn|1\n|inactive|granite blast has 30 seconds left.\n|\n|t:|1773727737\n|switch|p2b: Rillaboom|Rillaboom, L50, F|100/100\n|-fieldstart|move: Grassy Terrain|[from] ability: Grassy Surge|[of] p2b: Rillaboom\n|move|p2a: Calyrex|Astral Barrage|p1b: Whimsicott|[spread] p1a,p1b\n|-damage|p1a: Miraidon|55/100\n|-damage|p1b: Whimsicott|35/100\n|move|p1b: Whimsicott|Endeavor|p2b: Rillaboom\n|-damage|p2b: Rillaboom|24/100\n|move|p1a: Miraidon|Draco Meteor|p2b: Rillaboom\n|-damage|p2b: Rillaboom|0 fnt\n|-unboost|p1a: Miraidon|spa|2\n|faint|p2b: Rillaboom\n|\n|-weather|SunnyDay|[upkeep]\n|-heal|p1b: Whimsicott|41/100|[from] Grassy Terrain\n|-heal|p1a: Miraidon|61/100|[from] Grassy Terrain\n|upkeep\n|inactive|granite blast has 30 seconds left.\n|inactive|granite blast has 20 seconds left.\n|inactive|granite blast has 15 seconds left.\n|\n|t:|1773727778\n|switch|p2b: Groudon|Groudon, L50|100/100\n|turn|2\n|\n|t:|1773727790\n|switch|p1a: Incineroar|Incineroar, L50, M|100/100\n|-ability|p1a: Incineroar|Intimidate|boost\n|-unboost|p2a: Calyrex|atk|1\n|-fail|p2b: Groudon|unboost|[from] item: Clear Amulet|[of] p2b: Groudon\n|move|p1b: Whimsicott|Tailwind|p1b: Whimsicott\n|-sidestart|p1: ricer3|move: Tailwind\n|move|p2a: Calyrex|Encore|p1b: Whimsicott\n|-start|p1b: Whimsicott|Encore\n|move|p2b: Groudon|High Horsepower|p1a: Incineroar|[miss]\n|-miss|p2b: Groudon|p1a: Incineroar\n|\n|-weather|SunnyDay|[upkeep]\n|-heal|p1b: Whimsicott|47/100|[from] Grassy Terrain\n|upkeep\n|turn|3\n|inactive|ricer3 has 30 seconds left.\n|\n|t:|1773727819\n|switch|p2a: Chi-Yu|Chi-Yu, L50|100/100\n|-ability|p2a: Chi-Yu|Beads of Ruin\n|move|p1a: Incineroar|Fake Out|p2b: Groudon\n|-damage|p2b: Groudon|92/100\n|move|p1b: Whimsicott|Tailwind||[still]\n|-fail|p1b: Whimsicott\n|cant|p2b: Groudon|flinch\n|\n|-weather|SunnyDay|[upkeep]\n|-heal|p1b: Whimsicott|53/100|[from] Grassy Terrain\n|-heal|p2b: Groudon|98/100|[from] Grassy Terrain\n|upkeep\n|turn|4\n|inactive|ricer3 has 30 seconds left.\n|\n|t:|1773727847\n|-terastallize|p1a: Incineroar|Water\n|move|p1b: Whimsicott|Tailwind||[still]\n|-fail|p1b: Whimsicott\n|move|p2a: Chi-Yu|Heat Wave|p1a: Incineroar|[spread] p1a,p1b\n|-resisted|p1a: Incineroar\n|-supereffective|p1b: Whimsicott\n|-damage|p1a: Incineroar|75/100\n|-damage|p1b: Whimsicott|0 fnt\n|faint|p1b: Whimsicott\n|move|p1a: Incineroar|Knock Off|p2b: Groudon\n|-damage|p2b: Groudon|70/100\n|-enditem|p2b: Groudon|Clear Amulet|[from] move: Knock Off|[of] p1a: Incineroar\n|move|p2b: Groudon|Precipice Blades|p1a: Incineroar|[miss]\n|-miss|p2b: Groudon|p1a: Incineroar\n|\n|-weather|SunnyDay|[upkeep]\n|-heal|p1a: Incineroar|81/100|[from] Grassy Terrain\n|-heal|p2b: Groudon|76/100|[from] Grassy Terrain\n|upkeep\n|\n|t:|1773727865\n|switch|p1b: Miraidon|Miraidon, L50, shiny|61/100\n|-fieldstart|move: Electric Terrain|[from] ability: Hadron Engine|[of] p1b: Miraidon\n|turn|5\n|inactive|ricer3 has 30 seconds left.\n|\n|t:|1773727891\n|switch|p2a: Calyrex|Calyrex-Shadow, L50|100/100\n|-ability|p2a: Calyrex|As One\n|-ability|p2a: Calyrex|Unnerve\n|move|p1b: Miraidon|Volt Switch|p2a: Calyrex\n|-damage|p2a: Calyrex|32/100\n|\n|t:|1773727899\n|switch|p1b: Calyrex|Calyrex-Ice, L50|100/100|[from] Volt Switch\n|-ability|p1b: Calyrex|As One\n|-ability|p1b: Calyrex|Unnerve\n|move|p1a: Incineroar|Flare Blitz|p2b: Groudon\n|-damage|p2b: Groudon|18/100\n|-damage|p1a: Incineroar|62/100|[from] Recoil\n|move|p2b: Groudon|Precipice Blades|p1b: Calyrex|[spread] p1a,p1b\n|-damage|p1a: Incineroar|17/100\n|-damage|p1b: Calyrex|65/100\n|\n|-weather|none\n|-sideend|p1: ricer3|move: Tailwind\n|upkeep\n|turn|6\n|\n|t:|1773727919\n|move|p1b: Calyrex|Protect|p1b: Calyrex\n|-singleturn|p1b: Calyrex|Protect\n|move|p2a: Calyrex|Astral Barrage|p1a: Incineroar|[spread] p1a\n|-activate|p1b: Calyrex|move: Protect\n|-damage|p1a: Incineroar|0 fnt\n|faint|p1a: Incineroar\n|-ability|p2a: Calyrex|Grim Neigh|boost\n|-boost|p2a: Calyrex|spa|1\n|move|p2b: Groudon|Heat Crash|p1b: Calyrex\n|-activate|p1b: Calyrex|move: Protect\n|\n|upkeep\n|\n|t:|1773727932\n|switch|p1a: Miraidon|Miraidon, L50, shiny|61/100\n|-activate|p1a: Miraidon|ability: Hadron Engine\n|turn|7\n|\n|t:|1773727949\n|-terastallize|p2b: Groudon|Fire\n|move|p1b: Calyrex|Protect|p1b: Calyrex\n|-singleturn|p1b: Calyrex|Protect\n|move|p2a: Calyrex|Astral Barrage|p1a: Miraidon|[spread] p1a\n|-activate|p1b: Calyrex|move: Protect\n|-crit|p1a: Miraidon\n|-damage|p1a: Miraidon|0 fnt\n|faint|p1a: Miraidon\n|-ability|p2a: Calyrex|Grim Neigh|boost\n|-boost|p2a: Calyrex|spa|1\n|move|p2b: Groudon|High Horsepower|p1b: Calyrex\n|-activate|p1b: Calyrex|move: Protect\n|\n|upkeep\n|turn|8\n|-message|ricer3 forfeited.\n|\n|win|granite blast\n|raw|ricer3's rating: 1390 &rarr; <strong>1378</strong><br />(-12 for losing)\n|raw|granite blast's rating: 1529 &rarr; <strong>1541</strong><br />(+12 for winning)\n|l|\u2606ricer3\n|player|p1|\n|l|\u2606granite blast\n|player|p2|\n","uploadtime":1773728108,"views":12,"formatid":"gen9vgc2026regi","rating":1378,"private":0,"password":null}