{"id":"gen9vgc2026regi-2563276135","format":"[Gen 9] VGC 2026 Reg I","players":["chenxiangruxie","snowman99tetris"],"log":"|j|\u2606chenxiangruxie\n|j|\u2606snowman99tetris\n|t:|1774011655\n|gametype|doubles\n|player|p1|chenxiangruxie|dawn-gen4pt|1479\n|player|p2|snowman99tetris|170|1457\n|gen|9\n|tier|[Gen 9] VGC 2026 Reg I\n|rated|\n|rule|Species Clause: Limit one of each Pok\u00e9mon\n|rule|Item Clause: Limit 1 of each item\n|clearpoke\n|poke|p1|Tornadus, L50, M|\n|poke|p1|Miraidon, L50|\n|poke|p1|Iron Moth, L50|\n|poke|p1|Urshifu-*, L50, M|\n|poke|p1|Calyrex-Ice, L50|\n|poke|p1|Landorus, L50, M|\n|poke|p2|Kyogre, L50|\n|poke|p2|Calyrex-Ice, L50|\n|poke|p2|Raging Bolt, L50|\n|poke|p2|Tornadus, L50, M|\n|poke|p2|Incineroar, L50, M|\n|poke|p2|Hitmontop, L50, M|\n|teampreview|4\nsnowman99tetris rejected open team sheets.\n|inactive|Battle timer is ON: inactive players will automatically lose when time's up. (requested by snowman99tetris)\n|\n|t:|1774011704\n|teamsize|p1|4\n|teamsize|p2|4\n|start\n|switch|p1a: Calyrex|Calyrex-Ice, L50|100/100\n|switch|p1b: Tornadus|Tornadus, L50, M|100/100\n|switch|p2a: Hitmontop|Hitmontop, L50, M|100/100\n|switch|p2b: Calyrex|Calyrex-Ice, L50|100/100\n|-ability|p1a: Calyrex|As One\n|-ability|p1a: Calyrex|Unnerve\n|-ability|p2b: Calyrex|As One\n|-ability|p2b: Calyrex|Unnerve\n|-ability|p2a: Hitmontop|Intimidate|boost\n|-unboost|p1a: Calyrex|atk|1\n|-unboost|p1b: Tornadus|atk|1\n|turn|1\n|inactive|snowman99tetris has 30 seconds left.\n|inactive|snowman99tetris has 20 seconds left.\n|\n|t:|1774011743\n|move|p2a: Hitmontop|Fake Out|p1a: Calyrex\n|-damage|p1a: Calyrex|94/100\n|move|p1b: Tornadus|Bleakwind Storm|p2a: Hitmontop|[spread] p2a,p2b\n|-supereffective|p2a: Hitmontop\n|-damage|p2a: Hitmontop|36/100\n|-damage|p2b: Calyrex|74/100\n|-unboost|p2a: Hitmontop|spe|1\n|-enditem|p2a: Hitmontop|Eject Button\n|\n|t:|1774011753\n|switch|p2a: Kyogre|Kyogre, L50|100/100\n|-weather|RainDance|[from] ability: Drizzle|[of] p2a: Kyogre\n|move|p1a: Calyrex|Imprison|p1a: Calyrex\n|-start|p1a: Calyrex|move: Imprison\n|cant|p2b: Calyrex|move: Imprison|Trick Room\n|\n|-weather|RainDance|[upkeep]\n|upkeep\n|turn|2\n|inactive|snowman99tetris has 30 seconds left.\n|\n|t:|1774011782\n|-terastallize|p1a: Calyrex|Grass\n|move|p1b: Tornadus|Bleakwind Storm|p2b: Calyrex|[spread] p2a,p2b\n|-damage|p2a: Kyogre|77/100\n|-damage|p2b: Calyrex|51/100\n|move|p2a: Kyogre|Water Spout|p1b: Tornadus|[spread] p1a,p1b\n|-resisted|p1a: Calyrex\n|-damage|p1a: Calyrex|53/100\n|-enditem|p1b: Tornadus|Focus Sash\n|-damage|p1b: Tornadus|1/100\n|move|p1a: Calyrex|Seed Bomb|p2a: Kyogre\n|-supereffective|p2a: Kyogre\n|-damage|p2a: Kyogre|10/100\n|move|p2b: Calyrex|High Horsepower|p1a: Calyrex\n|-resisted|p1a: Calyrex\n|-damage|p1a: Calyrex|40/100\n|\n|-weather|RainDance|[upkeep]\n|upkeep\n|turn|3\n|inactive|snowman99tetris has 30 seconds left.\n|inactive|chenxiangruxie has 30 seconds left.\n|\n|t:|1774011815\n|switch|p2b: Hitmontop|Hitmontop, L50, M|36/100\n|-ability|p2b: Hitmontop|Intimidate|boost\n|-unboost|p1a: Calyrex|atk|1\n|-unboost|p1b: Tornadus|atk|1\n|move|p2a: Kyogre|Protect|p2a: Kyogre\n|-singleturn|p2a: Kyogre|Protect\n|move|p1b: Tornadus|Bleakwind Storm|p2a: Kyogre|[spread] p2b\n|-activate|p2a: Kyogre|move: Protect\n|-supereffective|p2b: Hitmontop\n|-damage|p2b: Hitmontop|0 fnt\n|faint|p2b: Hitmontop\n|move|p1a: Calyrex|Glacial Lance|p2a: Kyogre\n|-activate|p2a: Kyogre|move: Protect\n|\n|-weather|RainDance|[upkeep]\n|upkeep\n|\n|t:|1774011825\n|switch|p2b: Raging Bolt|Raging Bolt, L50|100/100\n|turn|4\n|inactive|snowman99tetris has 30 seconds left.\n|\n|t:|1774011852\n|switch|p2a: Calyrex|Calyrex-Ice, L50|51/100\n|-ability|p2a: Calyrex|As One\n|-ability|p2a: Calyrex|Unnerve\n|move|p1b: Tornadus|Tailwind|p1b: Tornadus\n|-sidestart|p1: chenxiangruxie|move: Tailwind\n|move|p1a: Calyrex|Glacial Lance|p2b: Raging Bolt|[spread] p2a,p2b\n|-resisted|p2a: Calyrex\n|-supereffective|p2b: Raging Bolt\n|-damage|p2a: Calyrex|41/100\n|-damage|p2b: Raging Bolt|45/100\n|move|p2b: Raging Bolt|Draco Meteor|p1a: Calyrex\n|-damage|p1a: Calyrex|0 fnt\n|-unboost|p2b: Raging Bolt|spa|2\n|faint|p1a: Calyrex\n|-damage|p2b: Raging Bolt|35/100|[from] item: Life Orb\n|\n|-weather|RainDance|[upkeep]\n|upkeep\n|\n|t:|1774011870\n|switch|p1a: Urshifu|Urshifu-Rapid-Strike, L50, M|100/100\n|turn|5\n|inactive|snowman99tetris has 30 seconds left.\n|\n|t:|1774011898\n|switch|p1b: Miraidon|Miraidon, L50|100/100\n|-fieldstart|move: Electric Terrain|[from] ability: Hadron Engine|[of] p1b: Miraidon\n|-terastallize|p2a: Calyrex|Dragon\n|move|p2b: Raging Bolt|Thunderclap||[still]\n|-fail|p2b: Raging Bolt\n|move|p1a: Urshifu|Surging Strikes|p2a: Calyrex\n|-resisted|p2a: Calyrex\n|-crit|p2a: Calyrex\n|-damage|p2a: Calyrex|27/100\n|-resisted|p2a: Calyrex\n|-crit|p2a: Calyrex\n|-damage|p2a: Calyrex|13/100\n|-resisted|p2a: Calyrex\n|-crit|p2a: Calyrex\n|-damage|p2a: Calyrex|0 fnt\n|faint|p2a: Calyrex\n|-hitcount|p2: Calyrex|3\n|\n|-weather|none\n|upkeep\n|\n|t:|1774011914\n|switch|p2a: Kyogre|Kyogre, L50|10/100\n|-weather|RainDance|[from] ability: Drizzle|[of] p2a: Kyogre\n|turn|6\n|\n|t:|1774011925\n|switch|p1a: Tornadus|Tornadus, L50, M|1/100\n|move|p2a: Kyogre|Protect|p2a: Kyogre\n|-singleturn|p2a: Kyogre|Protect\n|move|p2b: Raging Bolt|Thunderclap||[still]\n|-fail|p2b: Raging Bolt\n|move|p1b: Miraidon|Snarl|p2a: Kyogre|[spread] p2b\n|-activate|p2a: Kyogre|move: Protect\n|-damage|p2b: Raging Bolt|16/100\n|-unboost|p2b: Raging Bolt|spa|1\n|\n|-weather|RainDance|[upkeep]\n|upkeep\n|turn|7\n|-message|snowman99tetris forfeited.\n|\n|win|chenxiangruxie\n|raw|chenxiangruxie's rating: 1479 &rarr; <strong>1498</strong><br />(+19 for winning)\n|raw|snowman99tetris's rating: 1457 &rarr; <strong>1438</strong><br />(-19 for losing)\n|l|\u2606snowman99tetris\n|player|p2|\n|l|\u2606chenxiangruxie\n|player|p1|\n","uploadtime":1774012114,"views":12,"formatid":"gen9vgc2026regi","rating":1438,"private":0,"password":null}