{"id":"gen9vgc2026regi-2569404050","format":"[Gen 9] VGC 2026 Reg I","players":["Sheevp","mytestteams"],"log":"|j|\u2606Sheevp\n|j|\u2606mytestteams\n|t:|1774689069\n|gametype|doubles\n|player|p1|Sheevp|1|1434\n|player|p2|mytestteams|burglar|1542\n|gen|9\n|tier|[Gen 9] VGC 2026 Reg I\n|rated|\n|rule|Species Clause: Limit one of each Pok\u00e9mon\n|rule|Item Clause: Limit 1 of each item\n|clearpoke\n|poke|p1|Groudon, L50|\n|poke|p1|Flutter Mane, L50|\n|poke|p1|Smeargle, L50, F|\n|poke|p1|Chi-Yu, L50|\n|poke|p1|Raging Bolt, L50|\n|poke|p1|Calyrex-Ice, L50|\n|poke|p2|Calyrex-Shadow, L50|\n|poke|p2|Zamazenta-*, L50|\n|poke|p2|Whimsicott, L50, F|\n|poke|p2|Raging Bolt, L50|\n|poke|p2|Chien-Pao, L50|\n|poke|p2|Ogerpon-Hearthflame, L50, F|\n|teampreview|4\n|inactive|Battle timer is ON: inactive players will automatically lose when time's up. (requested by Sheevp)\n|inactive|mytestteams has 60 seconds left.\n|\n|t:|1774689172\n|teamsize|p1|4\n|teamsize|p2|4\n|start\n|switch|p1a: Groudon|Groudon, L50|100/100\n|switch|p1b: Flutter Mane|Flutter Mane, L50|100/100\n|switch|p2a: Chien-Pao|Chien-Pao, L50|100/100\n|switch|p2b: Zamazenta|Zamazenta-Crowned, L50, shiny|100/100\n|-ability|p2a: Chien-Pao|Sword of Ruin\n|-ability|p2b: Zamazenta|Dauntless Shield|boost\n|-boost|p2b: Zamazenta|def|1\n|-weather|SunnyDay|[from] ability: Drought|[of] p1a: Groudon\n|-activate|p1b: Flutter Mane|ability: Protosynthesis\n|-start|p1b: Flutter Mane|protosynthesisspe\n|turn|1\n|inactive|Sheevp has 30 seconds left.\n|inactive|mytestteams has 30 seconds left.\n|inactive|Sheevp has 20 seconds left.\n|inactive|mytestteams has 20 seconds left.\n|inactive|mytestteams has 15 seconds left.\n|inactive|mytestteams has 10 seconds left.\n|inactive|mytestteams has 5 seconds left.\n|\n|t:|1774689222\n|-terastallize|p2b: Zamazenta|Dragon\n|-terastallize|p1a: Groudon|Fire\n|move|p2a: Chien-Pao|Sucker Punch|p1b: Flutter Mane\n|-damage|p1b: Flutter Mane|4/100\n|move|p1b: Flutter Mane|Icy Wind|p2b: Zamazenta|[spread] p2a,p2b\n|-resisted|p2a: Chien-Pao\n|-supereffective|p2b: Zamazenta\n|-damage|p2a: Chien-Pao|90/100\n|-damage|p2b: Zamazenta|79/100\n|-unboost|p2a: Chien-Pao|spe|1\n|-unboost|p2b: Zamazenta|spe|1\n|move|p1a: Groudon|Precipice Blades|p2b: Zamazenta|[spread] p2a,p2b\n|-damage|p2a: Chien-Pao|23/100\n|-damage|p2b: Zamazenta|56/100\n|move|p2b: Zamazenta|Body Press|p1a: Groudon\n|-damage|p1a: Groudon|37/100\n|\n|-weather|SunnyDay|[upkeep]\n|upkeep\n|turn|2\n|inactive|Sheevp has 30 seconds left.\n|inactive|mytestteams has 30 seconds left.\n|inactive|mytestteams has 20 seconds left.\n|inactive|mytestteams has 15 seconds left.\n|inactive|mytestteams has 10 seconds left.\n|\n|t:|1774689270\n|switch|p1a: Raging Bolt|Raging Bolt, L50|100/100\n|-activate|p1a: Raging Bolt|ability: Protosynthesis\n|-start|p1a: Raging Bolt|protosynthesisspa\n|move|p2a: Chien-Pao|Protect|p2a: Chien-Pao\n|-singleturn|p2a: Chien-Pao|Protect\n|move|p1b: Flutter Mane|Moonblast|p2a: Chien-Pao\n|-activate|p2a: Chien-Pao|move: Protect\n|move|p2b: Zamazenta|Body Press|p1a: Raging Bolt\n|-damage|p1a: Raging Bolt|28/100\n|\n|-weather|SunnyDay|[upkeep]\n|upkeep\n|turn|3\n|inactive|mytestteams has 30 seconds left.\n|inactive|mytestteams has 20 seconds left.\n|\n|t:|1774689308\n|move|p2a: Chien-Pao|Sucker Punch|p1a: Raging Bolt\n|-damage|p1a: Raging Bolt|0 fnt\n|faint|p1a: Raging Bolt\n|-end|p1a: Raging Bolt|Protosynthesis|[silent]\n|move|p1b: Flutter Mane|Moonblast|p2b: Zamazenta\n|-supereffective|p2b: Zamazenta\n|-damage|p2b: Zamazenta|0 fnt\n|faint|p2b: Zamazenta\n|\n|-weather|SunnyDay|[upkeep]\n|upkeep\n|\n|t:|1774689321\n|switch|p2b: Calyrex|Calyrex-Shadow, L50|100/100\n|switch|p1a: Chi-Yu|Chi-Yu, L50|100/100\n|-ability|p2b: Calyrex|As One\n|-ability|p2b: Calyrex|Unnerve\n|-ability|p1a: Chi-Yu|Beads of Ruin\n|turn|4\n|\n|t:|1774689337\n|switch|p2b: Ogerpon|Ogerpon-Hearthflame, L50, F|100/100\n|-ability|p2b: Ogerpon|Mold Breaker\n|move|p1b: Flutter Mane|Protect|p1b: Flutter Mane\n|-singleturn|p1b: Flutter Mane|Protect\n|move|p2a: Chien-Pao|Sucker Punch||[still]\n|-fail|p2a: Chien-Pao\n|move|p1a: Chi-Yu|Heat Wave|p2a: Chien-Pao|[spread] p2a,p2b\n|-supereffective|p2a: Chien-Pao\n|-damage|p2a: Chien-Pao|0 fnt\n|-damage|p2b: Ogerpon|19/100\n|faint|p2a: Chien-Pao\n|\n|-weather|SunnyDay|[upkeep]\n|upkeep\n|\n|t:|1774689345\n|switch|p2a: Calyrex|Calyrex-Shadow, L50|100/100\n|-ability|p2a: Calyrex|As One\n|-ability|p2a: Calyrex|Unnerve\n|turn|5\n|\n|t:|1774689357\n|move|p2a: Calyrex|Protect|p2a: Calyrex\n|-singleturn|p2a: Calyrex|Protect\n|move|p2b: Ogerpon|Spiky Shield|p2b: Ogerpon\n|-singleturn|p2b: Ogerpon|move: Protect\n|move|p1b: Flutter Mane|Shadow Ball|p2a: Calyrex\n|-activate|p2a: Calyrex|move: Protect\n|move|p1a: Chi-Yu|Heat Wave|p2a: Calyrex|[spread] \n|-activate|p2a: Calyrex|move: Protect\n|-activate|p2b: Ogerpon|move: Protect\n|\n|-weather|none\n|-end|p1b: Flutter Mane|Protosynthesis\n|upkeep\n|turn|6\n|\n|t:|1774689366\n|move|p2b: Ogerpon|Helping Hand|p2a: Calyrex\n|-singleturn|p2a: Calyrex|Helping Hand|[of] p2b: Ogerpon\n|move|p1b: Flutter Mane|Protect|p1b: Flutter Mane\n|-singleturn|p1b: Flutter Mane|Protect\n|move|p1a: Chi-Yu|Heat Wave|p2a: Calyrex|[spread] p2a,p2b\n|-damage|p2a: Calyrex|47/100\n|-damage|p2b: Ogerpon|0 fnt\n|faint|p2b: Ogerpon\n|move|p2a: Calyrex|Astral Barrage|p1b: Flutter Mane|[spread] p1a\n|-activate|p1b: Flutter Mane|move: Protect\n|-resisted|p1a: Chi-Yu\n|-damage|p1a: Chi-Yu|35/100\n|-damage|p2a: Calyrex|37/100|[from] item: Life Orb\n|\n|upkeep\n|turn|7\n|\n|t:|1774689376\n|switch|p1a: Groudon|Groudon, L50, tera:Fire|37/100\n|-weather|SunnyDay|[from] ability: Drought|[of] p1a: Groudon\n|-activate|p1b: Flutter Mane|ability: Protosynthesis\n|-start|p1b: Flutter Mane|protosynthesisspe\n|move|p1b: Flutter Mane|Shadow Ball|p2a: Calyrex\n|-supereffective|p2a: Calyrex\n|-damage|p2a: Calyrex|0 fnt\n|faint|p2a: Calyrex\n|\n|win|Sheevp\n|raw|Sheevp's rating: 1434 &rarr; <strong>1460</strong><br />(+26 for winning)\n|raw|mytestteams's rating: 1542 &rarr; <strong>1516</strong><br />(-26 for losing)\n|l|\u2606Sheevp\n|player|p1|\n","uploadtime":1774689470,"views":12,"formatid":"gen9vgc2026regi","rating":1460,"private":0,"password":null}