{"id":"gen9vgc2026regi-2564194635","format":"[Gen 9] VGC 2026 Reg I","players":["gahtut","pigs2fly"],"log":"|j|\u2606gahtut\n|j|\u2606pigs2fly\n|t:|1774119292\n|gametype|doubles\n|player|p1|gahtut|266|1374\n|player|p2|pigs2fly|dexio|1496\n|gen|9\n|tier|[Gen 9] VGC 2026 Reg I\n|rated|\n|rule|Species Clause: Limit one of each Pok\u00e9mon\n|rule|Item Clause: Limit 1 of each item\n|clearpoke\n|poke|p1|Koraidon, L50|\n|poke|p1|Flutter Mane, L50|\n|poke|p1|Regidrago, L50|\n|poke|p1|Whimsicott, L50, M|\n|poke|p1|Calyrex-Shadow, L50|\n|poke|p1|Clefairy, L50, F|\n|poke|p2|Annihilape, L50, M|\n|poke|p2|Tornadus, L50, M|\n|poke|p2|Dondozo, L50, M|\n|poke|p2|Tatsugiri, L50, M|\n|poke|p2|Zacian-*, L50|\n|poke|p2|Kyogre, L50|\n|teampreview|4\ngahtut rejected open team sheets.\n|\n|t:|1774119326\n|teamsize|p1|4\n|teamsize|p2|4\n|start\n|switch|p1a: Regidrago|Regidrago, L50|100/100\n|switch|p1b: Whimsicott|Whimsicott, L50, M|100/100\n|switch|p2a: Dondozo|Dondozo, L50, M|100/100\n|switch|p2b: Kyogre|Kyogre, L50|100/100\n|-weather|RainDance|[from] ability: Drizzle|[of] p2b: Kyogre\n|turn|1\n|\n|t:|1774119348\n|switch|p2b: Tatsugiri|Tatsugiri, L50, M|100/100\n|-activate|p2b: Tatsugiri|ability: Commander|[of] p2a: Dondozo\n|-boost|p2a: Dondozo|atk|2\n|-boost|p2a: Dondozo|spa|2\n|-boost|p2a: Dondozo|spe|2\n|-boost|p2a: Dondozo|def|2\n|-boost|p2a: Dondozo|spd|2\n|move|p1a: Regidrago|Protect|p1a: Regidrago\n|-singleturn|p1a: Regidrago|Protect\n|move|p1b: Whimsicott|Tailwind|p1b: Whimsicott\n|-sidestart|p1: gahtut|move: Tailwind\n|move|p2a: Dondozo|Heavy Slam|p1b: Whimsicott\n|-supereffective|p1b: Whimsicott\n|-crit|p1b: Whimsicott\n|-damage|p1b: Whimsicott|0 fnt\n|faint|p1b: Whimsicott\n|\n|-weather|RainDance|[upkeep]\n|upkeep\n|j| Knightdozo\n|\n|t:|1774119377\n|switch|p1b: Koraidon|Koraidon, L50|100/100\n|-weather|SunnyDay|[from] ability: Orichalcum Pulse|[of] p1b: Koraidon\n|-activate|p1b: Koraidon|Orichalcum Pulse|[source]\n|turn|2\n|\n|t:|1774119389\n|-terastallize|p1b: Koraidon|Fire\n|move|p2a: Dondozo|Protect|p2a: Dondozo\n|-singleturn|p2a: Dondozo|Protect\n|move|p1b: Koraidon|Scale Shot|p2a: Dondozo\n|-activate|p2a: Dondozo|move: Protect\n|move|p1a: Regidrago|Dragon Energy|p2b: Tatsugiri|[spread] \n|-miss|p1a: Regidrago|p2b: Tatsugiri\n|-activate|p2a: Dondozo|move: Protect\n|\n|-weather|SunnyDay|[upkeep]\n|upkeep\n|turn|3\n|\n|t:|1774119407\n|move|p1b: Koraidon|Scale Shot|p2a: Dondozo\n|-damage|p2a: Dondozo|94/100\n|-damage|p2a: Dondozo|86/100\n|-damage|p2a: Dondozo|79/100\n|-damage|p2a: Dondozo|72/100\n|-damage|p2a: Dondozo|65/100\n|-hitcount|p2a: Dondozo|5\n|-unboost|p1b: Koraidon|def|1\n|-boost|p1b: Koraidon|spe|1\n|move|p1a: Regidrago|Dragon Energy|p2a: Dondozo|[spread] p2a\n|-miss|p1a: Regidrago|p2b: Tatsugiri\n|-damage|p2a: Dondozo|28/100\n|-damage|p1a: Regidrago|90/100|[from] item: Life Orb\n|move|p2a: Dondozo|Earthquake|p1a: Regidrago|[spread] p1a,p1b\n|-miss|p2a: Dondozo|p2b: Tatsugiri\n|-supereffective|p1b: Koraidon\n|-damage|p1a: Regidrago|44/100\n|-damage|p1b: Koraidon|27/100\n|\n|-weather|SunnyDay|[upkeep]\n|-heal|p2a: Dondozo|35/100|[from] item: Leftovers\n|upkeep\n|turn|4\n|\n|t:|1774119456\n|switch|p1a: Calyrex|Calyrex-Shadow, L50|100/100\n|-ability|p1a: Calyrex|As One\n|-ability|p1a: Calyrex|Unnerve\n|move|p2a: Dondozo|Protect|p2a: Dondozo\n|-singleturn|p2a: Dondozo|Protect\n|move|p1b: Koraidon|Scale Shot|p2a: Dondozo\n|-activate|p2a: Dondozo|move: Protect\n|\n|-weather|SunnyDay|[upkeep]\n|-heal|p2a: Dondozo|41/100|[from] item: Leftovers\n|-sideend|p1: gahtut|move: Tailwind\n|upkeep\n|turn|5\n|\n|t:|1774119472\n|move|p1b: Koraidon|Scale Shot|p2a: Dondozo\n|-damage|p2a: Dondozo|33/100\n|-damage|p2a: Dondozo|26/100\n|-damage|p2a: Dondozo|19/100\n|-damage|p2a: Dondozo|11/100\n|-hitcount|p2a: Dondozo|4\n|-unboost|p1b: Koraidon|def|1\n|-boost|p1b: Koraidon|spe|1\n|move|p1a: Calyrex|Astral Barrage|p2b: Tatsugiri|[spread] p2a\n|-miss|p1a: Calyrex|p2b: Tatsugiri\n|-damage|p2a: Dondozo|0 fnt\n|faint|p2a: Dondozo\n|-ability|p1a: Calyrex|Grim Neigh|boost\n|-boost|p1a: Calyrex|spa|1\n|\n|-weather|SunnyDay|[upkeep]\n|upkeep\n|\n|t:|1774119476\n|switch|p2a: Kyogre|Kyogre, L50|100/100\n|-weather|RainDance|[from] ability: Drizzle|[of] p2a: Kyogre\n|turn|6\n|\n|t:|1774119510\n|move|p1b: Koraidon|Scale Shot|p2a: Kyogre\n|-damage|p2a: Kyogre|86/100\n|-damage|p2a: Kyogre|71/100\n|-damage|p2a: Kyogre|58/100\n|-damage|p2a: Kyogre|45/100\n|-hitcount|p2a: Kyogre|4\n|-unboost|p1b: Koraidon|def|1\n|-boost|p1b: Koraidon|spe|1\n|move|p1a: Calyrex|Astral Barrage|p2b: Tatsugiri|[spread] p2a,p2b\n|-damage|p2a: Kyogre|4/100\n|-enditem|p2b: Tatsugiri|Focus Sash\n|-damage|p2b: Tatsugiri|1/100\n|move|p2b: Tatsugiri|Muddy Water|p1b: Koraidon|[spread] p1a,p1b\n|-supereffective|p1b: Koraidon\n|-damage|p1a: Calyrex|56/100\n|-damage|p1b: Koraidon|0 fnt\n|faint|p1b: Koraidon\n|move|p2a: Kyogre|Origin Pulse|p1a: Calyrex\n|-crit|p1a: Calyrex\n|-damage|p1a: Calyrex|0 fnt\n|faint|p1a: Calyrex\n|\n|-weather|RainDance|[upkeep]\n|upkeep\n|j| touchdownJulio\n|\n|t:|1774119534\n|switch|p1b: Regidrago|Regidrago, L50|44/100\n|turn|7\n|\n|t:|1774119539\n|move|p2b: Tatsugiri|Protect|p2b: Tatsugiri\n|-singleturn|p2b: Tatsugiri|Protect\n|move|p1b: Regidrago|Dragon Energy|p2a: Kyogre|[spread] p2a\n|-activate|p2b: Tatsugiri|move: Protect\n|-damage|p2a: Kyogre|0 fnt\n|faint|p2a: Kyogre\n|-damage|p1b: Regidrago|34/100|[from] item: Life Orb\n|\n|-weather|RainDance|[upkeep]\n|upkeep\n|\n|t:|1774119541\n|switch|p2a: Zacian|Zacian-Crowned, L50, shiny|100/100\n|-ability|p2a: Zacian|Intrepid Sword|boost\n|-boost|p2a: Zacian|atk|1\n|turn|8\n|\n|t:|1774119550\n|move|p2b: Tatsugiri|Helping Hand|p2a: Zacian\n|-singleturn|p2a: Zacian|Helping Hand|[of] p2b: Tatsugiri\n|move|p2a: Zacian|Behemoth Blade|p1b: Regidrago\n|-damage|p1b: Regidrago|0 fnt\n|faint|p1b: Regidrago\n|\n|win|pigs2fly\n|raw|gahtut's rating: 1374 &rarr; <strong>1361</strong><br />(-13 for losing)\n|raw|pigs2fly's rating: 1496 &rarr; <strong>1509</strong><br />(+13 for winning)\n|l|\u2606gahtut\n|player|p1|\n|l|\u2606pigs2fly\n|player|p2|\n|l| Knightdozo\n|l| touchdownJulio\n","uploadtime":1774119784,"views":15,"formatid":"gen9vgc2026regi","rating":1361,"private":0,"password":null}