{"id":"gen9vgc2026regi-2547465193","format":"[Gen 9] VGC 2026 Reg I","players":["lalo's pollos","ConnerTEP"],"log":"|j|\u2606lalo's pollos\n|j|\u2606ConnerTEP\n|t:|1772093342\n|gametype|doubles\n|player|p1|lalo's pollos|265|1489\n|player|p2|ConnerTEP|acerola-masters2|1493\n|gen|9\n|tier|[Gen 9] VGC 2026 Reg I\n|rated|\n|rule|Species Clause: Limit one of each Pok\u00e9mon\n|rule|Item Clause: Limit 1 of each item\n|clearpoke\n|poke|p1|Zamazenta-*, L50|\n|poke|p1|Lunala, L50|\n|poke|p1|Rillaboom, L50, F|\n|poke|p1|Incineroar, L50, F|\n|poke|p1|Urshifu-*, L50, M|\n|poke|p1|Tornadus, L50, M|\n|poke|p2|Groudon, L50|\n|poke|p2|Miraidon, L50|\n|poke|p2|Farigiraf, L50, F|\n|poke|p2|Gouging Fire, L50|\n|poke|p2|Iron Hands, L50|\n|poke|p2|Walking Wake, L50|\n|teampreview|4\n|inactive|Battle timer is ON: inactive players will automatically lose when time's up. (requested by ConnerTEP)\n|inactive|lalo's pollos has 60 seconds left.\n|\n|t:|1772093384\n|teamsize|p1|4\n|teamsize|p2|4\n|start\n|switch|p1a: Zamazenta|Zamazenta-Crowned, L50|100/100\n|switch|p1b: Incineroar|Incineroar, L50, F|100/100\n|switch|p2a: Groudon|Groudon, L50|100/100\n|switch|p2b: Gouging Fire|Gouging Fire, L50|100/100\n|-ability|p1a: Zamazenta|Dauntless Shield|boost\n|-boost|p1a: Zamazenta|def|1\n|-weather|SunnyDay|[from] ability: Drought|[of] p2a: Groudon\n|-activate|p2b: Gouging Fire|ability: Protosynthesis\n|-start|p2b: Gouging Fire|protosynthesisspe\n|-ability|p1b: Incineroar|Intimidate|boost\n|-fail|p2a: Groudon|unboost|[from] item: Clear Amulet|[of] p2a: Groudon\n|-unboost|p2b: Gouging Fire|atk|1\n|turn|1\n|\n|t:|1772093396\n|move|p2a: Groudon|Protect|p2a: Groudon\n|-singleturn|p2a: Groudon|Protect\n|move|p1b: Incineroar|Fake Out|p2b: Gouging Fire\n|-damage|p2b: Gouging Fire|92/100\n|move|p2b: Gouging Fire|Howl|p2b: Gouging Fire|[spread] p2a,p2b\n|-boost|p2a: Groudon|atk|1\n|-boost|p2b: Gouging Fire|atk|1\n|move|p1a: Zamazenta|Body Press|p2a: Groudon\n|-activate|p2a: Groudon|move: Protect\n|\n|-weather|SunnyDay|[upkeep]\n|upkeep\n|turn|2\n|\n|t:|1772093412\n|move|p1a: Zamazenta|Wide Guard|p1a: Zamazenta\n|-singleturn|p1a: Zamazenta|Wide Guard\n|move|p2b: Gouging Fire|Howl|p2b: Gouging Fire|[spread] p2a,p2b\n|-boost|p2a: Groudon|atk|1\n|-boost|p2b: Gouging Fire|atk|1\n|move|p2a: Groudon|Precipice Blades|p1b: Incineroar|[spread] \n|-activate|p1a: Zamazenta|move: Wide Guard\n|-activate|p1b: Incineroar|move: Wide Guard\n|move|p1b: Incineroar|Parting Shot|p2b: Gouging Fire\n|-unboost|p2b: Gouging Fire|atk|1\n|-unboost|p2b: Gouging Fire|spa|1\n|\n|t:|1772093422\n|switch|p1b: Tornadus|Tornadus, L50, M|100/100|[from] Parting Shot\n|\n|-weather|SunnyDay|[upkeep]\n|upkeep\n|turn|3\n|\n|t:|1772093433\n|-end|p2b: Gouging Fire|Protosynthesis|[silent]\n|switch|p2b: Miraidon|Miraidon, L50|100/100\n|-fieldstart|move: Electric Terrain|[from] ability: Hadron Engine|[of] p2b: Miraidon\n|-terastallize|p1a: Zamazenta|Water\n|move|p1b: Tornadus|Bleakwind Storm|p2a: Groudon|[spread] p2a,p2b\n|-resisted|p2b: Miraidon\n|-damage|p2a: Groudon|67/100\n|-damage|p2b: Miraidon|86/100\n|-unboost|p2b: Miraidon|spe|1\n|move|p1a: Zamazenta|Body Press|p2b: Miraidon\n|-damage|p2b: Miraidon|25/100\n|move|p2a: Groudon|Precipice Blades|p1b: Tornadus|[spread] \n|-immune|p1b: Tornadus\n|-miss|p2a: Groudon|p1a: Zamazenta\n|\n|-weather|SunnyDay|[upkeep]\n|upkeep\n|turn|4\n|inactive|lalo's pollos has 30 seconds left.\n|inactive|ConnerTEP has 30 seconds left.\n|\n|t:|1772093461\n|switch|p2b: Gouging Fire|Gouging Fire, L50|92/100\n|-activate|p2b: Gouging Fire|ability: Protosynthesis\n|-start|p2b: Gouging Fire|protosynthesisspe\n|move|p1b: Tornadus|Bleakwind Storm|p2b: Gouging Fire|[spread] p2a,p2b\n|-damage|p2a: Groudon|35/100\n|-damage|p2b: Gouging Fire|58/100\n|move|p1a: Zamazenta|Body Press|p2b: Gouging Fire\n|-damage|p2b: Gouging Fire|1/100\n|move|p2a: Groudon|Heat Crash|p1b: Tornadus\n|-enditem|p1b: Tornadus|Focus Sash\n|-damage|p1b: Tornadus|1/100\n|\n|-weather|SunnyDay|[upkeep]\n|upkeep\n|turn|5\n|\n|t:|1772093484\n|move|p2b: Gouging Fire|Burning Bulwark|p2b: Gouging Fire\n|-singleturn|p2b: Gouging Fire|move: Protect\n|move|p2a: Groudon|Protect|p2a: Groudon\n|-singleturn|p2a: Groudon|Protect\n|move|p1b: Tornadus|Tailwind|p1b: Tornadus\n|-sidestart|p1: lalo's pollos|move: Tailwind\n|move|p1a: Zamazenta|Body Press|p2a: Groudon\n|-activate|p2a: Groudon|move: Protect\n|\n|-weather|none\n|-end|p2b: Gouging Fire|Protosynthesis\n|upkeep\n|turn|6\n|-message|ConnerTEP forfeited.\n|\n|win|lalo's pollos\n|raw|lalo&apos;s pollos's rating: 1489 &rarr; <strong>1509</strong><br />(+20 for winning)\n|raw|ConnerTEP's rating: 1493 &rarr; <strong>1473</strong><br />(-20 for losing)\n|l|\u2606ConnerTEP\n|player|p2|\n","uploadtime":1772093496,"views":16,"formatid":"gen9vgc2026regi","rating":1473,"private":0,"password":null}