{"id":"gen9vgc2026regi-2567563910","format":"[Gen 9] VGC 2026 Reg I","players":["slimeslatt252","kololi"],"log":"|j|\u2606slimeslatt252\n|j|\u2606kololi\n|t:|1774488435\n|gametype|doubles\n|player|p1|slimeslatt252|102|1449\n|player|p2|kololi|1|1320\n|gen|9\n|tier|[Gen 9] VGC 2026 Reg I\n|rated|\n|rule|Species Clause: Limit one of each Pok\u00e9mon\n|rule|Item Clause: Limit 1 of each item\n|clearpoke\n|poke|p1|Calyrex-Shadow, L50|\n|poke|p1|Koraidon, L50|\n|poke|p1|Incineroar, L50, M|\n|poke|p1|Raging Bolt, L50|\n|poke|p1|Brute Bonnet, L50|\n|poke|p1|Landorus, L50, M|\n|poke|p2|Eternatus, L50|\n|poke|p2|Ho-Oh, L50|\n|poke|p2|Grimmsnarl, L50, M|\n|poke|p2|Oinkologne-F, L50, F|\n|poke|p2|Quagsire, L50, M|\n|poke|p2|Rhydon, L50, M|\n|teampreview|4\n|inactive|Battle timer is ON: inactive players will automatically lose when time's up. (requested by slimeslatt252)\n|inactive|kololi also wants the timer to be on.\n|\n|t:|1774488454\n|teamsize|p1|4\n|teamsize|p2|4\n|start\n|switch|p1a: Landorus|Landorus, L50, M|100/100\n|switch|p1b: Incineroar|Incineroar, L50, M|100/100\n|switch|p2a: Eternatus|Eternatus, L50|100/100\n|switch|p2b: Grimmsnarl|Grimmsnarl, L50, M|100/100\n|-ability|p2a: Eternatus|Pressure\n|-ability|p1b: Incineroar|Intimidate|boost\n|-unboost|p2a: Eternatus|atk|1\n|-unboost|p2b: Grimmsnarl|atk|1\n|turn|1\n|\n|t:|1774488465\n|-terastallize|p2a: Eternatus|Fairy\n|move|p1b: Incineroar|Fake Out|p2b: Grimmsnarl\n|-damage|p2b: Grimmsnarl|89/100\n|cant|p2b: Grimmsnarl|flinch\n|move|p2a: Eternatus|Cosmic Power|p2a: Eternatus\n|-boost|p2a: Eternatus|def|1\n|-boost|p2a: Eternatus|spd|1\n|move|p1a: Landorus|Sludge Bomb|p2b: Grimmsnarl\n|-supereffective|p2b: Grimmsnarl\n|-damage|p2b: Grimmsnarl|14/100\n|\n|upkeep\n|turn|2\n|\n|t:|1774488479\n|move|p2b: Grimmsnarl|Light Screen|p2b: Grimmsnarl\n|-sidestart|p2: kololi|move: Light Screen\n|move|p2a: Eternatus|Cosmic Power|p2a: Eternatus\n|-boost|p2a: Eternatus|def|1\n|-boost|p2a: Eternatus|spd|1\n|move|p1a: Landorus|Sludge Bomb|p2a: Eternatus\n|-supereffective|p2a: Eternatus\n|-damage|p2a: Eternatus|78/100\n|move|p1b: Incineroar|Knock Off|p2b: Grimmsnarl\n|-resisted|p2b: Grimmsnarl\n|-damage|p2b: Grimmsnarl|3/100\n|-enditem|p2b: Grimmsnarl|Light Clay|[from] move: Knock Off|[of] p1b: Incineroar\n|\n|upkeep\n|turn|3\n|\n|t:|1774488487\n|move|p1b: Incineroar|Helping Hand|p1a: Landorus\n|-singleturn|p1a: Landorus|Helping Hand|[of] p1b: Incineroar\n|move|p2b: Grimmsnarl|Reflect|p2b: Grimmsnarl\n|-sidestart|p2: kololi|Reflect\n|move|p2a: Eternatus|Cosmic Power|p2a: Eternatus\n|-boost|p2a: Eternatus|def|1\n|-boost|p2a: Eternatus|spd|1\n|move|p1a: Landorus|Sandsear Storm|p2b: Grimmsnarl|[spread] p2a,p2b\n|-damage|p2a: Eternatus|62/100\n|-damage|p2b: Grimmsnarl|0 fnt\n|faint|p2b: Grimmsnarl\n|\n|upkeep\n|\n|t:|1774488499\n|switch|p2b: Ho-Oh|Ho-Oh, L50|100/100\n|turn|4\n|\n|t:|1774488511\n|move|p1a: Landorus|Protect|p1a: Landorus\n|-singleturn|p1a: Landorus|Protect\n|move|p2a: Eternatus|Recover|p2a: Eternatus\n|-heal|p2a: Eternatus|100/100\n|move|p2b: Ho-Oh|Sacred Fire|p1a: Landorus\n|-activate|p1a: Landorus|move: Protect\n|move|p1b: Incineroar|Knock Off|p2a: Eternatus\n|-resisted|p2a: Eternatus\n|-damage|p2a: Eternatus|98/100\n|-enditem|p2a: Eternatus|Covert Cloak|[from] move: Knock Off|[of] p1b: Incineroar\n|\n|upkeep\n|turn|5\n|\n|t:|1774488525\n|move|p2a: Eternatus|Fire Spin|p1a: Landorus\n|-damage|p1a: Landorus|91/100\n|-activate|p1a: Landorus|move: Fire Spin|[of] p2a: Eternatus\n|move|p1a: Landorus|Sludge Bomb|p2a: Eternatus\n|-supereffective|p2a: Eternatus\n|-damage|p2a: Eternatus|79/100\n|move|p2b: Ho-Oh|Sacred Fire|p1a: Landorus\n|-damage|p1a: Landorus|44/100\n|-status|p1a: Landorus|brn\n|move|p1b: Incineroar|Parting Shot|p2a: Eternatus\n|-unboost|p2a: Eternatus|atk|1\n|-unboost|p2a: Eternatus|spa|1\n|\n|t:|1774488538\n|switch|p1b: Brute Bonnet|Brute Bonnet, L50|100/100|[from] Parting Shot\n|\n|-damage|p1a: Landorus|38/100 brn|[from] brn\n|-damage|p1a: Landorus|26/100 brn|[from] move: Fire Spin|[partiallytrapped]\n|upkeep\n|turn|6\n|\n|t:|1774488546\n|move|p2a: Eternatus|Protect|p2a: Eternatus\n|-singleturn|p2a: Eternatus|Protect\n|move|p2b: Ho-Oh|Protect|p2b: Ho-Oh\n|-singleturn|p2b: Ho-Oh|Protect\n|move|p1a: Landorus|Sludge Bomb|p2a: Eternatus\n|-activate|p2a: Eternatus|move: Protect\n|move|p1b: Brute Bonnet|Spore|p2a: Eternatus\n|-activate|p2a: Eternatus|move: Protect\n|\n|-damage|p1a: Landorus|20/100 brn|[from] brn\n|-damage|p1a: Landorus|7/100 brn|[from] move: Fire Spin|[partiallytrapped]\n|upkeep\n|turn|7\n|\n|t:|1774488551\n|move|p2a: Eternatus|Fire Spin|p1b: Brute Bonnet\n|-supereffective|p1b: Brute Bonnet\n|-damage|p1b: Brute Bonnet|86/100\n|-activate|p1b: Brute Bonnet|move: Fire Spin|[of] p2a: Eternatus\n|move|p1a: Landorus|Sludge Bomb|p2a: Eternatus\n|-supereffective|p2a: Eternatus\n|-damage|p2a: Eternatus|60/100\n|move|p2b: Ho-Oh|Sacred Fire|p1b: Brute Bonnet\n|-supereffective|p1b: Brute Bonnet\n|-damage|p1b: Brute Bonnet|32/100\n|move|p1b: Brute Bonnet|Spore|p2a: Eternatus\n|-status|p2a: Eternatus|slp|[from] move: Spore\n|\n|-damage|p1a: Landorus|1/100 brn|[from] brn\n|-damage|p1a: Landorus|0 fnt|[from] move: Fire Spin|[partiallytrapped]\n|faint|p1a: Landorus\n|-damage|p1b: Brute Bonnet|20/100|[from] move: Fire Spin|[partiallytrapped]\n|-sideend|p2: kololi|Reflect\n|upkeep\n|\n|t:|1774488564\n|switch|p1a: Calyrex|Calyrex-Shadow, L50|100/100\n|-ability|p1a: Calyrex|As One\n|-ability|p1a: Calyrex|Unnerve\n|turn|8\n|\n|t:|1774488574\n|cant|p2a: Eternatus|slp\n|move|p1b: Brute Bonnet|Rage Powder|p1b: Brute Bonnet\n|-singleturn|p1b: Brute Bonnet|move: Rage Powder\n|move|p1a: Calyrex|Astral Barrage|p2b: Ho-Oh|[spread] p2a,p2b\n|-damage|p2a: Eternatus|50/100 slp\n|-damage|p2b: Ho-Oh|80/100\n|move|p2b: Ho-Oh|Sacred Fire|p1b: Brute Bonnet\n|-supereffective|p1b: Brute Bonnet\n|-damage|p1b: Brute Bonnet|0 fnt\n|faint|p1b: Brute Bonnet\n|-end|p1b: Brute Bonnet|Protosynthesis|[silent]\n|\n|upkeep\n|\n|t:|1774488584\n|switch|p1b: Incineroar|Incineroar, L50, M|100/100\n|-ability|p1b: Incineroar|Intimidate|boost\n|-unboost|p2a: Eternatus|atk|1\n|-unboost|p2b: Ho-Oh|atk|1\n|turn|9\n|\n|t:|1774488590\n|-terastallize|p1a: Calyrex|Ghost\n|move|p1b: Incineroar|Fake Out|p2b: Ho-Oh\n|-damage|p2b: Ho-Oh|73/100\n|-damage|p1b: Incineroar|84/100|[from] item: Rocky Helmet|[of] p2b: Ho-Oh\n|move|p1a: Calyrex|Astral Barrage|p2b: Ho-Oh|[spread] p2a,p2b\n|-damage|p2a: Eternatus|37/100 slp\n|-damage|p2b: Ho-Oh|46/100\n|cant|p2a: Eternatus|slp\n|cant|p2b: Ho-Oh|flinch\n|\n|-sideend|p2: kololi|move: Light Screen\n|upkeep\n|turn|10\n|\n|t:|1774488609\n|move|p1b: Incineroar|Helping Hand|p1a: Calyrex\n|-singleturn|p1a: Calyrex|Helping Hand|[of] p1b: Incineroar\n|move|p1a: Calyrex|Astral Barrage|p2a: Eternatus|[spread] p2a,p2b\n|-damage|p2a: Eternatus|7/100 slp\n|-damage|p2b: Ho-Oh|0 fnt\n|faint|p2b: Ho-Oh\n|-ability|p1a: Calyrex|Grim Neigh|boost\n|-boost|p1a: Calyrex|spa|1\n|cant|p2a: Eternatus|slp\n|\n|upkeep\n|\n|t:|1774488621\n|switch|p2b: Oinkologne|Oinkologne-F, L50, F|100/100\n|turn|11\n|-message|kololi forfeited.\n|\n|win|slimeslatt252\n|raw|slimeslatt252's rating: 1449 &rarr; <strong>1462</strong><br />(+13 for winning)\n|raw|kololi's rating: 1320 &rarr; <strong>1307</strong><br />(-13 for losing)\n|l|\u2606kololi\n|player|p2|\n","uploadtime":1774488814,"views":7,"formatid":"gen9vgc2026regi","rating":1307,"private":0,"password":null}