{"id":"gen9vgc2026regi-2514723196","format":"[Gen 9] VGC 2026 Reg I","players":["j0l0k0","MUK PALINDROME"],"log":"|j|\u2606j0l0k0\n|j|\u2606MUK PALINDROME\n|t:|1767901454\n|gametype|doubles\n|player|p1|j0l0k0|266|1161\n|player|p2|MUK PALINDROME|169|1267\n|gen|9\n|tier|[Gen 9] VGC 2026 Reg I\n|rated|\n|rule|Species Clause: Limit one of each Pok\u00e9mon\n|rule|Item Clause: Limit 1 of each item\n|clearpoke\n|poke|p1|Calyrex-Ice, L50|\n|poke|p1|Kyogre, L50|\n|poke|p1|Indeedee-F, L50, F|\n|poke|p1|Urshifu-*, L50, F|\n|poke|p1|Amoonguss, L50, F|\n|poke|p1|Annihilape, L50, F|\n|poke|p2|Eternatus, L50|\n|poke|p2|Grimmsnarl, L50, M|\n|poke|p2|Rillaboom, L50, M|\n|poke|p2|Ting-Lu, L50|\n|poke|p2|Zamazenta-*, L50|\n|poke|p2|Glimmora, L50, F|\n|teampreview|4\n|inactive|Battle timer is ON: inactive players will automatically lose when time's up. (requested by j0l0k0)\n|\n|t:|1767901481\n|teamsize|p1|4\n|teamsize|p2|4\n|start\n|switch|p1a: Indeedee|Indeedee-F, L50, F, shiny|100/100\n|switch|p1b: Calyrex|Calyrex-Ice, L50|100/100\n|switch|p2a: Eternatus|Eternatus, L50|100/100\n|switch|p2b: Rillaboom|Rillaboom, L50, M|100/100\n|-ability|p1b: Calyrex|As One\n|-ability|p1b: Calyrex|Unnerve\n|-ability|p2a: Eternatus|Pressure\n|-fieldstart|move: Psychic Terrain|[from] ability: Psychic Surge|[of] p1a: Indeedee\n|-fieldstart|move: Grassy Terrain|[from] ability: Grassy Surge|[of] p2b: Rillaboom\n|turn|1\n|\n|t:|1767901504\n|-terastallize|p2a: Eternatus|Fairy\n|-terastallize|p1b: Calyrex|Normal\n|move|p2a: Eternatus|Cosmic Power|p2a: Eternatus\n|-boost|p2a: Eternatus|def|1\n|-boost|p2a: Eternatus|spd|1\n|move|p2b: Rillaboom|U-turn|p1a: Indeedee\n|-supereffective|p1a: Indeedee\n|-damage|p1a: Indeedee|51/100\n|\n|t:|1767901514\n|switch|p2b: Grimmsnarl|Grimmsnarl, L50, M|100/100|[from] U-turn\n|move|p1b: Calyrex|Glacial Lance|p2b: Grimmsnarl|[spread] p2a,p2b\n|-damage|p2a: Eternatus|72/100\n|-damage|p2b: Grimmsnarl|39/100\n|move|p1a: Indeedee|Trick Room|p1a: Indeedee\n|-fieldstart|move: Trick Room|[of] p1a: Indeedee\n|\n|-heal|p2b: Grimmsnarl|45/100|[from] Grassy Terrain\n|-heal|p1a: Indeedee|57/100|[from] Grassy Terrain\n|-heal|p2a: Eternatus|78/100|[from] Grassy Terrain\n|-heal|p2a: Eternatus|84/100|[from] item: Leftovers\n|upkeep\n|turn|2\n|\n|t:|1767901527\n|move|p1a: Indeedee|Follow Me|p1a: Indeedee\n|-singleturn|p1a: Indeedee|move: Follow Me\n|move|p2b: Grimmsnarl|Reflect|p2b: Grimmsnarl\n|-sidestart|p2: MUK PALINDROME|Reflect\n|move|p1b: Calyrex|Glacial Lance|p2a: Eternatus|[spread] p2a,p2b\n|-damage|p2a: Eternatus|68/100\n|-damage|p2b: Grimmsnarl|4/100\n|move|p2a: Eternatus|Cosmic Power|p2a: Eternatus\n|-boost|p2a: Eternatus|def|1\n|-boost|p2a: Eternatus|spd|1\n|\n|-heal|p2b: Grimmsnarl|10/100|[from] Grassy Terrain\n|-heal|p1a: Indeedee|63/100|[from] Grassy Terrain\n|-heal|p2a: Eternatus|74/100|[from] Grassy Terrain\n|-heal|p2a: Eternatus|80/100|[from] item: Leftovers\n|upkeep\n|turn|3\n|\n|t:|1767901540\n|move|p1a: Indeedee|Follow Me|p1a: Indeedee\n|-singleturn|p1a: Indeedee|move: Follow Me\n|move|p2b: Grimmsnarl|Parting Shot|p1a: Indeedee\n|-unboost|p1a: Indeedee|atk|1\n|-unboost|p1a: Indeedee|spa|1\n|\n|t:|1767901549\n|switch|p2b: Zamazenta|Zamazenta-Crowned, L50|100/100|[from] Parting Shot\n|-ability|p2b: Zamazenta|Dauntless Shield|boost\n|-boost|p2b: Zamazenta|def|1\n|move|p1b: Calyrex|Glacial Lance|p2b: Zamazenta|[spread] p2a,p2b\n|-crit|p2a: Eternatus\n|-resisted|p2b: Zamazenta\n|-damage|p2a: Eternatus|21/100\n|-damage|p2b: Zamazenta|93/100\n|move|p2a: Eternatus|Cosmic Power|p2a: Eternatus\n|-boost|p2a: Eternatus|def|1\n|-boost|p2a: Eternatus|spd|1\n|\n|-heal|p1a: Indeedee|69/100|[from] Grassy Terrain\n|-heal|p2b: Zamazenta|99/100|[from] Grassy Terrain\n|-heal|p2a: Eternatus|27/100|[from] Grassy Terrain\n|-heal|p2a: Eternatus|33/100|[from] item: Leftovers\n|upkeep\n|turn|4\n|\n|t:|1767901565\n|move|p2a: Eternatus|Protect|p2a: Eternatus\n|-singleturn|p2a: Eternatus|Protect\n|move|p1a: Indeedee|Follow Me|p1a: Indeedee\n|-singleturn|p1a: Indeedee|move: Follow Me\n|move|p1b: Calyrex|Close Combat|p2b: Zamazenta\n|-supereffective|p2b: Zamazenta\n|-damage|p2b: Zamazenta|70/100\n|-unboost|p1b: Calyrex|def|1\n|-unboost|p1b: Calyrex|spd|1\n|move|p2b: Zamazenta|Iron Defense|p2b: Zamazenta\n|-boost|p2b: Zamazenta|def|2\n|\n|-heal|p1a: Indeedee|76/100|[from] Grassy Terrain\n|-heal|p2b: Zamazenta|76/100|[from] Grassy Terrain\n|-heal|p2a: Eternatus|40/100|[from] Grassy Terrain\n|-heal|p2a: Eternatus|46/100|[from] item: Leftovers\n|upkeep\n|turn|5\n|\n|t:|1767901583\n|move|p2b: Zamazenta|Wide Guard|p2b: Zamazenta\n|-singleturn|p2b: Zamazenta|Wide Guard\n|move|p1a: Indeedee|Follow Me|p1a: Indeedee\n|-singleturn|p1a: Indeedee|move: Follow Me\n|move|p1b: Calyrex|Glacial Lance|p2a: Eternatus|[spread] \n|-activate|p2a: Eternatus|move: Wide Guard\n|-activate|p2b: Zamazenta|move: Wide Guard\n|move|p2a: Eternatus|Recover|p2a: Eternatus\n|-heal|p2a: Eternatus|96/100\n|\n|-heal|p1a: Indeedee|82/100|[from] Grassy Terrain\n|-heal|p2b: Zamazenta|82/100|[from] Grassy Terrain\n|-heal|p2a: Eternatus|100/100|[from] Grassy Terrain\n|-fieldend|move: Trick Room\n|-fieldend|move: Grassy Terrain\n|upkeep\n|turn|6\n|\n|t:|1767901606\n|switch|p1b: Kyogre|Kyogre, L50, shiny|100/100\n|-weather|RainDance|[from] ability: Drizzle|[of] p1b: Kyogre\n|move|p1a: Indeedee|Follow Me|p1a: Indeedee\n|-singleturn|p1a: Indeedee|move: Follow Me\n|move|p2a: Eternatus|Cosmic Power|p2a: Eternatus\n|-boost|p2a: Eternatus|def|1\n|-boost|p2a: Eternatus|spd|1\n|move|p2b: Zamazenta|Body Press|p1a: Indeedee\n|-damage|p1a: Indeedee|0 fnt\n|faint|p1a: Indeedee\n|\n|-weather|RainDance|[upkeep]\n|upkeep\n|\n|t:|1767901618\n|switch|p1a: Urshifu|Urshifu, L50, F|100/100\n|turn|7\n|\n|t:|1767901632\n|move|p2a: Eternatus|Fire Spin|p1a: Urshifu\n|-damage|p1a: Urshifu|92/100\n|-activate|p1a: Urshifu|move: Fire Spin|[of] p2a: Eternatus\n|move|p1a: Urshifu|Poison Jab|p2a: Eternatus\n|-supereffective|p2a: Eternatus\n|-damage|p2a: Eternatus|91/100\n|move|p2b: Zamazenta|Body Press|p1a: Urshifu\n|-supereffective|p1a: Urshifu\n|-damage|p1a: Urshifu|0 fnt\n|faint|p1a: Urshifu\n|move|p1b: Kyogre|Water Spout|p2a: Eternatus|[spread] p2a,p2b\n|-damage|p2a: Eternatus|68/100\n|-damage|p2b: Zamazenta|13/100\n|\n|-weather|RainDance|[upkeep]\n|-heal|p2a: Eternatus|75/100|[from] item: Leftovers\n|upkeep\n|\n|t:|1767901646\n|switch|p1a: Calyrex|Calyrex-Ice, L50, tera:Normal|100/100\n|-ability|p1a: Calyrex|As One\n|-ability|p1a: Calyrex|Unnerve\n|turn|8\n|\n|t:|1767901662\n|move|p2a: Eternatus|Cosmic Power|p2a: Eternatus\n|-boost|p2a: Eternatus|def|1\n|-boost|p2a: Eternatus|spd|1\n|move|p2b: Zamazenta|Body Press|p1b: Kyogre\n|-damage|p1b: Kyogre|0 fnt\n|faint|p1b: Kyogre\n|move|p1a: Calyrex|Trick Room|p1a: Calyrex\n|-fieldstart|move: Trick Room|[of] p1a: Calyrex\n|\n|-weather|RainDance|[upkeep]\n|-heal|p2a: Eternatus|81/100|[from] item: Leftovers\n|upkeep\n|turn|9\n|\n|t:|1767901685\n|move|p2b: Zamazenta|Wide Guard|p2b: Zamazenta\n|-singleturn|p2b: Zamazenta|Wide Guard\n|move|p1a: Calyrex|Close Combat|p2b: Zamazenta\n|-supereffective|p2b: Zamazenta\n|-damage|p2b: Zamazenta|0 fnt\n|-unboost|p1a: Calyrex|def|1\n|-unboost|p1a: Calyrex|spd|1\n|faint|p2b: Zamazenta\n|-ability|p1a: Calyrex|Chilling Neigh|boost\n|-boost|p1a: Calyrex|atk|1\n|move|p2a: Eternatus|Fire Spin|p1a: Calyrex\n|-damage|p1a: Calyrex|95/100\n|-activate|p1a: Calyrex|move: Fire Spin|[of] p2a: Eternatus\n|\n|-weather|RainDance|[upkeep]\n|-heal|p2a: Eternatus|87/100|[from] item: Leftovers\n|-damage|p1a: Calyrex|83/100|[from] move: Fire Spin|[partiallytrapped]\n|-sideend|p2: MUK PALINDROME|Reflect\n|upkeep\n|\n|t:|1767901704\n|switch|p2b: Grimmsnarl|Grimmsnarl, L50, M|10/100\n|turn|10\n|\n|t:|1767901716\n|move|p2b: Grimmsnarl|Parting Shot|p1a: Calyrex\n|-fail|p1a: Calyrex|unboost|[from] item: Clear Amulet|[of] p1a: Calyrex\n|move|p1a: Calyrex|Crunch|p2b: Grimmsnarl\n|-resisted|p2b: Grimmsnarl\n|-damage|p2b: Grimmsnarl|0 fnt\n|faint|p2b: Grimmsnarl\n|-ability|p1a: Calyrex|Chilling Neigh|boost\n|-boost|p1a: Calyrex|atk|1\n|move|p2a: Eternatus|Cosmic Power|p2a: Eternatus\n|-boost|p2a: Eternatus|def|1\n|-boost|p2a: Eternatus|spd|1\n|\n|-weather|none\n|-heal|p2a: Eternatus|93/100|[from] item: Leftovers\n|-damage|p1a: Calyrex|71/100|[from] move: Fire Spin|[partiallytrapped]\n|upkeep\n|\n|t:|1767901728\n|switch|p2b: Rillaboom|Rillaboom, L50, M|100/100\n|-fieldstart|move: Grassy Terrain|[from] ability: Grassy Surge|[of] p2b: Rillaboom\n|turn|11\n|\n|t:|1767901736\n|move|p2b: Rillaboom|Fake Out|p1a: Calyrex\n|-damage|p1a: Calyrex|60/100\n|cant|p1a: Calyrex|flinch\n|move|p2a: Eternatus|Fire Spin|p1a: Calyrex\n|-damage|p1a: Calyrex|49/100\n|\n|-heal|p1a: Calyrex|55/100|[from] Grassy Terrain\n|-heal|p2a: Eternatus|99/100|[from] Grassy Terrain\n|-heal|p2a: Eternatus|100/100|[from] item: Leftovers\n|-damage|p1a: Calyrex|43/100|[from] move: Fire Spin|[partiallytrapped]\n|upkeep\n|turn|12\n|\n|t:|1767901758\n|move|p2b: Rillaboom|Grassy Glide|p1a: Calyrex\n|-damage|p1a: Calyrex|11/100\n|move|p1a: Calyrex|Close Combat|p2b: Rillaboom\n|-damage|p2b: Rillaboom|20/100\n|-unboost|p1a: Calyrex|def|1\n|-unboost|p1a: Calyrex|spd|1\n|move|p2a: Eternatus|Fire Spin|p1a: Calyrex\n|-damage|p1a: Calyrex|0 fnt\n|faint|p1a: Calyrex\n|\n|win|MUK PALINDROME\n|raw|j0l0k0's rating: 1161 &rarr; <strong>1143</strong><br />(-18 for losing)\n|raw|MUK PALINDROME's rating: 1267 &rarr; <strong>1285</strong><br />(+18 for winning)\n|l|\u2606j0l0k0\n|player|p1|\n","uploadtime":1767901900,"views":15,"formatid":"gen9vgc2026regi","rating":1143,"private":0,"password":null}