{"id":"gen9vgc2026regi-2574968145","format":"[Gen 9] VGC 2026 Reg I","players":["testhan92","gallantman"],"log":"|j|\u2606testhan92\n|j|\u2606gallantman\n|t:|1775303937\n|gametype|doubles\n|player|p1|testhan92|101|1285\n|player|p2|gallantman|lance|1280\n|gen|9\n|tier|[Gen 9] VGC 2026 Reg I\n|rated|\n|rule|Species Clause: Limit one of each Pok\u00e9mon\n|rule|Item Clause: Limit 1 of each item\n|clearpoke\n|poke|p1|Koraidon, L50|\n|poke|p1|Terapagos, L50, M|\n|poke|p1|Amoonguss, L50, F|\n|poke|p1|Incineroar, L50, F|\n|poke|p1|Raging Bolt, L50|\n|poke|p1|Flutter Mane, L50|\n|poke|p2|Miraidon, L50|\n|poke|p2|Whimsicott, L50, F|\n|poke|p2|Incineroar, L50, M|\n|poke|p2|Calyrex-Shadow, L50|\n|poke|p2|Iron Hands, L50|\n|poke|p2|Volcarona, L50, M|\n|teampreview|4\n|inactive|Battle timer is ON: inactive players will automatically lose when time's up. (requested by testhan92)\n|\n|t:|1775304021\n|teamsize|p1|4\n|teamsize|p2|4\n|start\n|switch|p1a: Terapagos|Terapagos, L50, M|100/100\n|switch|p1b: Flutter Mane|Flutter Mane, L50|100/100\n|switch|p2a: Miraidon|Miraidon, L50|100/100\n|switch|p2b: Incineroar|Incineroar, L50, M|100/100\n|-activate|p1a: Terapagos|ability: Tera Shift\n|detailschange|p1a: Terapagos|Terapagos-Terastal, L50, M\n|-heal|p1a: Terapagos|100/100|[silent]\n|-fieldstart|move: Electric Terrain|[from] ability: Hadron Engine|[of] p2a: Miraidon\n|-ability|p2b: Incineroar|Intimidate|boost\n|-unboost|p1a: Terapagos|atk|1\n|-unboost|p1b: Flutter Mane|atk|1\n|turn|1\n|\n|t:|1775304051\n|-terastallize|p2a: Miraidon|Fairy\n|move|p1a: Terapagos|Protect|p1a: Terapagos\n|-singleturn|p1a: Terapagos|Protect\n|move|p2b: Incineroar|Fake Out|p1a: Terapagos\n|-activate|p1a: Terapagos|move: Protect\n|move|p2a: Miraidon|Dazzling Gleam|p1b: Flutter Mane|[spread] p1b\n|-activate|p1a: Terapagos|move: Protect\n|-damage|p1b: Flutter Mane|51/100\n|move|p1b: Flutter Mane|Moonblast|p2a: Miraidon\n|-damage|p2a: Miraidon|57/100\n|-unboost|p2a: Miraidon|spa|1\n|\n|upkeep\n|turn|2\n|\n|t:|1775304071\n|-terastallize|p1a: Terapagos|Stellar\n|detailschange|p1a: Terapagos|Terapagos-Stellar, L50, M, tera:Stellar\n|-heal|p1a: Terapagos|100/100|[silent]\n|-ability|p1a: Terapagos|Teraform Zero\n|-fieldend|move: Electric Terrain\n|move|p2a: Miraidon|Electro Drift|p1b: Flutter Mane\n|-damage|p1b: Flutter Mane|0 fnt\n|faint|p1b: Flutter Mane\n|-end|p1b: Flutter Mane|Protosynthesis|[silent]\n|move|p1a: Terapagos|Meteor Beam||[still]\n|-prepare|p1a: Terapagos|Meteor Beam\n|-boost|p1a: Terapagos|spa|1\n|-enditem|p1a: Terapagos|Power Herb\n|-anim|p1a: Terapagos|Meteor Beam|p2b: Incineroar\n|-supereffective|p2b: Incineroar\n|-damage|p2b: Incineroar|0 fnt\n|faint|p2b: Incineroar\n|\n|upkeep\n|\n|t:|1775304093\n|switch|p1b: Koraidon|Koraidon, L50|100/100\n|switch|p2b: Volcarona|Volcarona, L50, M|100/100\n|-weather|SunnyDay|[from] ability: Orichalcum Pulse|[of] p1b: Koraidon\n|-activate|p1b: Koraidon|Orichalcum Pulse|[source]\n|turn|3\n|\n|t:|1775304108\n|move|p2b: Volcarona|Rage Powder|p2b: Volcarona\n|-singleturn|p2b: Volcarona|move: Rage Powder\n|move|p2a: Miraidon|Dazzling Gleam|p1b: Koraidon|[spread] p1a,p1b\n|-supereffective|p1b: Koraidon\n|-damage|p1a: Terapagos|86/100\n|-damage|p1b: Koraidon|31/100\n|move|p1b: Koraidon|Flame Charge|p2b: Volcarona\n|-damage|p2b: Volcarona|67/100\n|-boost|p1b: Koraidon|spe|1\n|-damage|p1b: Koraidon|15/100|[from] item: Rocky Helmet|[of] p2b: Volcarona\n|move|p1a: Terapagos|Tera Starstorm|p2a: Miraidon|[spread] p2a,p2b\n|-supereffective|p2a: Miraidon\n|-damage|p2a: Miraidon|0 fnt\n|-damage|p2b: Volcarona|17/100\n|faint|p2a: Miraidon\n|\n|-weather|SunnyDay|[upkeep]\n|upkeep\n|\n|t:|1775304123\n|switch|p2a: Iron Hands|Iron Hands, L50|100/100\n|turn|4\n|\n|t:|1775304131\n|move|p2a: Iron Hands|Fake Out|p1b: Koraidon\n|-damage|p1b: Koraidon|4/100\n|cant|p1b: Koraidon|flinch\n|move|p1a: Terapagos|Earth Power|p2a: Iron Hands\n|-supereffective|p2a: Iron Hands\n|-damage|p2a: Iron Hands|38/100\n|move|p2b: Volcarona|Struggle Bug|p1b: Koraidon|[spread] p1a,p1b\n|-resisted|p1b: Koraidon\n|-damage|p1a: Terapagos|73/100\n|-damage|p1b: Koraidon|0 fnt\n|-unboost|p1a: Terapagos|spa|1\n|faint|p1b: Koraidon\n|\n|-weather|SunnyDay|[upkeep]\n|upkeep\n|\n|t:|1775304138\n|switch|p1b: Raging Bolt|Raging Bolt, L50|100/100\n|-activate|p1b: Raging Bolt|ability: Protosynthesis\n|-start|p1b: Raging Bolt|protosynthesisspa\n|turn|5\n|\n|t:|1775304149\n|move|p2b: Volcarona|Rage Powder|p2b: Volcarona\n|-singleturn|p2b: Volcarona|move: Rage Powder\n|move|p1a: Terapagos|Earth Power|p2b: Volcarona\n|-damage|p2b: Volcarona|0 fnt\n|faint|p2b: Volcarona\n|move|p1b: Raging Bolt|Thunderbolt|p2a: Iron Hands\n|-resisted|p2a: Iron Hands\n|-damage|p2a: Iron Hands|17/100\n|move|p2a: Iron Hands|Drain Punch|p1a: Terapagos\n|-supereffective|p1a: Terapagos\n|-crit|p1a: Terapagos\n|-damage|p1a: Terapagos|0 fnt\n|-heal|p2a: Iron Hands|51/100|[from] drain|[of] p1a: Terapagos\n|faint|p1a: Terapagos\n|detailschange|p1: Terapagos|Terapagos, L50, M|[silent]\n|\n|-weather|SunnyDay|[upkeep]\n|upkeep\n|turn|6\n|\n|t:|1775304167\n|move|p1b: Raging Bolt|Dragon Pulse|p2a: Iron Hands\n|-damage|p2a: Iron Hands|17/100\n|move|p2a: Iron Hands|Drain Punch|p1b: Raging Bolt\n|-damage|p1b: Raging Bolt|62/100\n|-heal|p2a: Iron Hands|34/100|[from] drain|[of] p1b: Raging Bolt\n|\n|-weather|SunnyDay|[upkeep]\n|upkeep\n|turn|7\n|\n|t:|1775304176\n|move|p1b: Raging Bolt|Dragon Pulse|p2a: Iron Hands\n|-damage|p2a: Iron Hands|2/100\n|move|p2a: Iron Hands|Drain Punch|p1b: Raging Bolt\n|-damage|p1b: Raging Bolt|29/100\n|-heal|p2a: Iron Hands|17/100|[from] drain|[of] p1b: Raging Bolt\n|\n|-weather|none\n|-end|p1b: Raging Bolt|Protosynthesis\n|upkeep\n|turn|8\n|\n|t:|1775304188\n|move|p1b: Raging Bolt|Dragon Pulse|p2a: Iron Hands\n|-damage|p2a: Iron Hands|0 fnt\n|faint|p2a: Iron Hands\n|-end|p2a: Iron Hands|Quark Drive|[silent]\n|\n|win|testhan92\n|raw|testhan92's rating: 1285 &rarr; <strong>1310</strong><br />(+25 for winning)\n|raw|gallantman's rating: 1280 &rarr; <strong>1255</strong><br />(-25 for losing)\n","uploadtime":1775304188,"views":8,"formatid":"gen9vgc2026regi","rating":1255,"private":0,"password":null}