{"id":"gen9vgc2026regi-2587842971","format":"[Gen 9] VGC 2026 Reg I","players":["pigduckeater","kevlar1123"],"log":"|j|\u2606pigduckeater\n|j|\u2606kevlar1123\n|t:|1776569712\n|gametype|doubles\n|player|p1|pigduckeater|266|1424\n|player|p2|kevlar1123|scientist|1338\n|gen|9\n|tier|[Gen 9] VGC 2026 Reg I\n|rated|\n|rule|Species Clause: Limit one of each Pok\u00e9mon\n|rule|Item Clause: Limit 1 of each item\n|clearpoke\n|poke|p1|Wo-Chien, L50|\n|poke|p1|Miraidon, L50|\n|poke|p1|Farigiraf, L50, F|\n|poke|p1|Calyrex-Shadow, L50|\n|poke|p1|Alcremie, L50, F|\n|poke|p1|Urshifu-*, L50, F|\n|poke|p2|Kyogre, L50|\n|poke|p2|Zacian-*, L50|\n|poke|p2|Tornadus, L50, M|\n|poke|p2|Urshifu-*, L50, M|\n|poke|p2|Chien-Pao, L50|\n|poke|p2|Amoonguss, L50, M|\n|teampreview|4\n|\n|t:|1776569781\n|teamsize|p1|4\n|teamsize|p2|4\n|start\n|switch|p1a: Miraidon|Miraidon, L50|100/100\n|switch|p1b: Urshifu|Urshifu-Rapid-Strike, L50, F|100/100\n|switch|p2a: WindOfChange|Tornadus, L50, M|100/100\n|switch|p2b: Pantera|Chien-Pao, L50|100/100\n|-ability|p2b: Pantera|Sword of Ruin\n|-fieldstart|move: Electric Terrain|[from] ability: Hadron Engine|[of] p1a: Miraidon\n|turn|1\n|\n|t:|1776569813\n|switch|p1a: Farigiraf|Farigiraf, L50, F|100/100\n|-enditem|p1a: Farigiraf|Electric Seed\n|-boost|p1a: Farigiraf|def|1|[from] item: Electric Seed\n|move|p2b: Pantera|Protect|p2b: Pantera\n|-singleturn|p2b: Pantera|Protect\n|move|p2a: WindOfChange|Tailwind|p2a: WindOfChange\n|-sidestart|p2: kevlar1123|move: Tailwind\n|move|p1b: Urshifu|U-turn|p2b: Pantera\n|-supereffective|p2b: Pantera\n|-damage|p2b: Pantera|26/100\n|\n|t:|1776569820\n|switch|p1b: Alcremie|Alcremie, L50, F|100/100|[from] U-turn\n|\n|upkeep\n|turn|2\n|\n|t:|1776569850\n|move|p2b: Pantera|Sacred Sword|p1a: Farigiraf\n|-damage|p1a: Farigiraf|68/100\n|move|p2a: WindOfChange|Bleakwind Storm|p1b: Alcremie|[spread] p1b\n|-miss|p2a: WindOfChange|p1a: Farigiraf\n|-damage|p1b: Alcremie|77/100\n|move|p1b: Alcremie|Decorate|p1a: Farigiraf\n|-boost|p1a: Farigiraf|atk|2\n|-boost|p1a: Farigiraf|spa|2\n|move|p1a: Farigiraf|Trick Room|p1a: Farigiraf\n|-fieldstart|move: Trick Room|[of] p1a: Farigiraf\n|\n|upkeep\n|turn|3\n|\n|t:|1776569881\n|move|p1b: Alcremie|Alluring Voice|p2b: Pantera\n|-supereffective|p2b: Pantera\n|-damage|p2b: Pantera|0 fnt\n|faint|p2b: Pantera\n|move|p1a: Farigiraf|Stored Power|p2a: WindOfChange\n|-damage|p2a: WindOfChange|0 fnt\n|faint|p2a: WindOfChange\n|\n|upkeep\n|\n|t:|1776569891\n|switch|p2a: RainingBlood|Kyogre, L50|100/100\n|switch|p2b: ZZ Top|Zacian-Crowned, L50|100/100\n|-weather|RainDance|[from] ability: Drizzle|[of] p2a: RainingBlood\n|-ability|p2b: ZZ Top|Intrepid Sword|boost\n|-boost|p2b: ZZ Top|atk|1\n|turn|4\n|\n|t:|1776569916\n|move|p1b: Alcremie|Decorate|p1a: Farigiraf\n|-boost|p1a: Farigiraf|atk|2\n|-boost|p1a: Farigiraf|spa|2\n|move|p1a: Farigiraf|Stored Power|p2a: RainingBlood\n|-damage|p2a: RainingBlood|0 fnt\n|faint|p2a: RainingBlood\n|move|p2b: ZZ Top|Behemoth Blade|p1b: Alcremie\n|-supereffective|p1b: Alcremie\n|-damage|p1b: Alcremie|0 fnt\n|-damage|p2b: ZZ Top|84/100|[from] item: Rocky Helmet|[of] p1b: Alcremie\n|faint|p1b: Alcremie\n|\n|-weather|RainDance|[upkeep]\n|-sideend|p2: kevlar1123|move: Tailwind\n|upkeep\n|\n|t:|1776569928\n|switch|p1b: Miraidon|Miraidon, L50|100/100\n|-activate|p1b: Miraidon|ability: Hadron Engine\n|turn|5\n|\n|t:|1776569937\n|-terastallize|p1b: Miraidon|Electric\n|move|p1a: Farigiraf|Stored Power|p2b: ZZ Top\n|-resisted|p2b: ZZ Top\n|-damage|p2b: ZZ Top|0 fnt\n|faint|p2b: ZZ Top\n|\n|win|pigduckeater\n|raw|pigduckeater's rating: 1424 &rarr; <strong>1439</strong><br />(+15 for winning)\n|raw|kevlar1123's rating: 1338 &rarr; <strong>1323</strong><br />(-15 for losing)\n|l|\u2606pigduckeater\n|player|p1|\n|l|\u2606kevlar1123\n|player|p2|\n","uploadtime":1776570074,"views":9,"formatid":"gen9vgc2026regi","rating":1323,"private":0,"password":null}