{"id":"gen9vgc2026regi-2579273150","format":"[Gen 9] VGC 2026 Reg I","players":["invertedf","Voth"],"log":"|j|\u2606invertedf\n|j|\u2606Voth\n|t:|1775766024\n|gametype|doubles\n|player|p1|invertedf|caitlin|1435\n|player|p2|Voth|dawn|1524\n|gen|9\n|tier|[Gen 9] VGC 2026 Reg I\n|rated|\n|rule|Species Clause: Limit one of each Pok\u00e9mon\n|rule|Item Clause: Limit 1 of each item\n|clearpoke\n|poke|p1|Kyogre, L50|\n|poke|p1|Calyrex-Ice, L50|\n|poke|p1|Wo-Chien, L50|\n|poke|p1|Smeargle, L50, M|\n|poke|p1|Alcremie, L50, F|\n|poke|p1|Iron Valiant, L50|\n|poke|p2|Urshifu-*, L50, M|\n|poke|p2|Calyrex-Ice, L50|\n|poke|p2|Tornadus, L50, M|\n|poke|p2|Landorus, L50, M|\n|poke|p2|Rillaboom, L50, F|\n|poke|p2|Kyogre, L50|\n|teampreview|4\n|inactive|Battle timer is ON: inactive players will automatically lose when time's up. (requested by invertedf)\n|inactive|invertedf has 60 seconds left.\n|\n|t:|1775766072\n|teamsize|p1|4\n|teamsize|p2|4\n|start\n|switch|p1a: Iron Valiant|Iron Valiant, L50|100/100\n|switch|p1b: Calyrex|Calyrex-Ice, L50|100/100\n|switch|p2a: Cassius|Tornadus, L50, M|100/100\n|switch|p2b: Sevro|Urshifu-Rapid-Strike, L50, M|100/100\n|-ability|p1b: Calyrex|As One\n|-ability|p1b: Calyrex|Unnerve\n|-enditem|p1a: Iron Valiant|Booster Energy\n|-activate|p1a: Iron Valiant|ability: Quark Drive|[fromitem]\n|-start|p1a: Iron Valiant|quarkdrivespe\n|turn|1\n|\n|t:|1775766090\n|-terastallize|p2b: Sevro|Water\n|-terastallize|p1b: Calyrex|Grass\n|move|p2a: Cassius|Rain Dance|p2a: Cassius\n|-weather|RainDance\n|move|p1a: Iron Valiant|Spirit Break|p2b: Sevro\n|-damage|p2b: Sevro|68/100\n|-unboost|p2b: Sevro|spa|1\n|move|p2b: Sevro|Surging Strikes|p1b: Calyrex\n|-resisted|p1b: Calyrex\n|-crit|p1b: Calyrex\n|-damage|p1b: Calyrex|80/100\n|-resisted|p1b: Calyrex\n|-crit|p1b: Calyrex\n|-damage|p1b: Calyrex|60/100\n|-resisted|p1b: Calyrex\n|-crit|p1b: Calyrex\n|-damage|p1b: Calyrex|38/100\n|-hitcount|p1b: Calyrex|3\n|move|p1b: Calyrex|Trick Room|p1b: Calyrex\n|-fieldstart|move: Trick Room|[of] p1b: Calyrex\n|\n|-weather|RainDance|[upkeep]\n|upkeep\n|turn|2\n|inactive|invertedf has 30 seconds left.\n|\n|t:|1775766122\n|move|p2a: Cassius|Protect|p2a: Cassius\n|-singleturn|p2a: Cassius|Protect\n|move|p1b: Calyrex|High Horsepower|p2b: Sevro\n|-damage|p2b: Sevro|21/100\n|move|p2b: Sevro|Surging Strikes|p1a: Iron Valiant\n|-crit|p1a: Iron Valiant\n|-damage|p1a: Iron Valiant|36/100\n|-crit|p1a: Iron Valiant\n|-damage|p1a: Iron Valiant|0 fnt\n|faint|p1a: Iron Valiant\n|-end|p1a: Iron Valiant|Quark Drive|[silent]\n|-hitcount|p1: Iron Valiant|2\n|\n|-weather|RainDance|[upkeep]\n|upkeep\n|\n|t:|1775766127\n|switch|p1a: Alcremie|Alcremie, L50, F|100/100\n|turn|3\n|\n|t:|1775766140\n|switch|p2b: Victra|Kyogre, L50|100/100\n|move|p1b: Calyrex|Glacial Lance|p2a: Cassius|[spread] p2a,p2b\n|-supereffective|p2a: Cassius\n|-resisted|p2b: Victra\n|-damage|p2a: Cassius|0 fnt\n|-damage|p2b: Victra|74/100\n|faint|p2a: Cassius\n|-ability|p1b: Calyrex|Chilling Neigh|boost\n|-boost|p1b: Calyrex|atk|1\n|move|p1a: Alcremie|Decorate|p1b: Calyrex\n|-boost|p1b: Calyrex|atk|2\n|-boost|p1b: Calyrex|spa|2\n|\n|-weather|RainDance|[upkeep]\n|upkeep\n|\n|t:|1775766150\n|switch|p2a: Mustang|Calyrex-Ice, L50|100/100\n|-ability|p2a: Mustang|As One\n|-ability|p2a: Mustang|Unnerve\n|turn|4\n|\n|t:|1775766156\n|move|p2b: Victra|Protect|p2b: Victra\n|-singleturn|p2b: Victra|Protect\n|move|p1b: Calyrex|Glacial Lance|p2b: Victra|[spread] p2a\n|-activate|p2b: Victra|move: Protect\n|-resisted|p2a: Mustang\n|-damage|p2a: Mustang|53/100\n|move|p2a: Mustang|Glacial Lance|p1a: Alcremie|[spread] p1a,p1b\n|-supereffective|p1b: Calyrex\n|-damage|p1a: Alcremie|55/100\n|-damage|p1b: Calyrex|0 fnt\n|faint|p1b: Calyrex\n|-ability|p2a: Mustang|Chilling Neigh|boost\n|-boost|p2a: Mustang|atk|1\n|move|p1a: Alcremie|Dazzling Gleam|p2a: Mustang|[spread] p2a\n|-activate|p2b: Victra|move: Protect\n|-damage|p2a: Mustang|39/100\n|\n|-weather|RainDance|[upkeep]\n|-heal|p2a: Mustang|45/100|[from] item: Leftovers\n|upkeep\n|\n|t:|1775766159\n|switch|p1b: Kyogre|Kyogre, L50|100/100\n|turn|5\n|\n|t:|1775766182\n|move|p2a: Mustang|Glacial Lance|p1b: Kyogre|[spread] p1a,p1b\n|-resisted|p1b: Kyogre\n|-damage|p1a: Alcremie|0 fnt\n|-damage|p1b: Kyogre|65/100\n|faint|p1a: Alcremie\n|-ability|p2a: Mustang|Chilling Neigh|boost\n|-boost|p2a: Mustang|atk|1\n|move|p1b: Kyogre|Origin Pulse|p2b: Victra|[spread] p2a,p2b\n|-resisted|p2b: Victra\n|-damage|p2a: Mustang|0 fnt\n|-damage|p2b: Victra|50/100\n|faint|p2a: Mustang\n|move|p2b: Victra|Thunder|p1b: Kyogre\n|-supereffective|p1b: Kyogre\n|-damage|p1b: Kyogre|0 fnt\n|faint|p1b: Kyogre\n|\n|win|Voth\n|raw|invertedf's rating: 1435 &rarr; <strong>1420</strong><br />(-15 for losing)\n|raw|Voth's rating: 1524 &rarr; <strong>1539</strong><br />(+15 for winning)\n|l|\u2606invertedf\n|player|p1|\n|l|\u2606Voth\n|player|p2|\n","uploadtime":1775766334,"views":10,"formatid":"gen9vgc2026regi","rating":1420,"private":0,"password":null}