{"id":"gen9vgc2026regi-2558702717","format":"[Gen 9] VGC 2026 Reg I","players":["yubanmeiqin","fangyusuhe"],"log":"|j|\u2606yubanmeiqin\n|j|\u2606fangyusuhe\n|t:|1773466103\n|gametype|doubles\n|player|p1|yubanmeiqin|iono-masters|1368\n|player|p2|fangyusuhe|dawn|1458\n|gen|9\n|tier|[Gen 9] VGC 2026 Reg I\n|rated|\n|rule|Species Clause: Limit one of each Pok\u00e9mon\n|rule|Item Clause: Limit 1 of each item\n|clearpoke\n|poke|p1|Zacian-*, L50|\n|poke|p1|Kyogre, L50|\n|poke|p1|Amoonguss, L50, F|\n|poke|p1|Incineroar, L50, M|\n|poke|p1|Urshifu-*, L50, M|\n|poke|p1|Iron Jugulis, L50|\n|poke|p2|Koraidon, L50|\n|poke|p2|Ho-Oh, L50|\n|poke|p2|Iron Treads, L50|\n|poke|p2|Flutter Mane, L50|\n|poke|p2|Raging Bolt, L50|\n|poke|p2|Incineroar, L50, M|\n|teampreview|4\n|inactive|Battle timer is ON: inactive players will automatically lose when time's up. (requested by fangyusuhe)\n|\n|t:|1773466124\n|teamsize|p1|4\n|teamsize|p2|4\n|start\n|switch|p1a: \u4e3b\u4eba\ud83d\ude2d\ud83e\udd75|Incineroar, L50, M|100/100\n|switch|p1b: \u6211\u559c\u6b22\u4f60|Amoonguss, L50, F|100/100\n|switch|p2a: Flutter Mane|Flutter Mane, L50|100/100\n|switch|p2b: Raging Bolt|Raging Bolt, L50|100/100\n|-ability|p1a: \u4e3b\u4eba\ud83d\ude2d\ud83e\udd75|Intimidate|boost\n|-unboost|p2a: Flutter Mane|atk|1\n|-unboost|p2b: Raging Bolt|atk|1\n|-enditem|p2b: Raging Bolt|Booster Energy\n|-activate|p2b: Raging Bolt|ability: Protosynthesis|[fromitem]\n|-start|p2b: Raging Bolt|protosynthesisspa\n|turn|1\n|\n|t:|1773466138\n|move|p2a: Flutter Mane|Taunt|p1b: \u6211\u559c\u6b22\u4f60\n|-start|p1b: \u6211\u559c\u6b22\u4f60|move: Taunt\n|move|p1a: \u4e3b\u4eba\ud83d\ude2d\ud83e\udd75|Parting Shot|p2b: Raging Bolt\n|-unboost|p2b: Raging Bolt|atk|1\n|-unboost|p2b: Raging Bolt|spa|1\n|\n|t:|1773466154\n|switch|p1a: \u9a6c\u5243\u5929\u7231\u661f|Kyogre, L50, shiny|100/100|[from] Parting Shot\n|-weather|RainDance|[from] ability: Drizzle|[of] p1a: \u9a6c\u5243\u5929\u7231\u661f\n|move|p2b: Raging Bolt|Thunderbolt|p1a: \u9a6c\u5243\u5929\u7231\u661f\n|-supereffective|p1a: \u9a6c\u5243\u5929\u7231\u661f\n|-damage|p1a: \u9a6c\u5243\u5929\u7231\u661f|57/100\n|cant|p1b: \u6211\u559c\u6b22\u4f60|move: Taunt|Spore\n|\n|-weather|RainDance|[upkeep]\n|upkeep\n|turn|2\n|\n|t:|1773466169\n|switch|p1a: \u4e3b\u4eba\ud83d\ude2d\ud83e\udd75|Incineroar, L50, M|100/100\n|-ability|p1a: \u4e3b\u4eba\ud83d\ude2d\ud83e\udd75|Intimidate|boost\n|-unboost|p2a: Flutter Mane|atk|1\n|-unboost|p2b: Raging Bolt|atk|1\n|move|p2a: Flutter Mane|Moonblast|p1a: \u4e3b\u4eba\ud83d\ude2d\ud83e\udd75\n|-damage|p1a: \u4e3b\u4eba\ud83d\ude2d\ud83e\udd75|47/100\n|move|p2b: Raging Bolt|Draco Meteor|p1a: \u4e3b\u4eba\ud83d\ude2d\ud83e\udd75|[miss]\n|-miss|p2b: Raging Bolt|p1a: \u4e3b\u4eba\ud83d\ude2d\ud83e\udd75\n|move|p1b: \u6211\u559c\u6b22\u4f60|Pollen Puff|p1a: \u4e3b\u4eba\ud83d\ude2d\ud83e\udd75\n|-heal|p1a: \u4e3b\u4eba\ud83d\ude2d\ud83e\udd75|97/100\n|\n|-weather|RainDance|[upkeep]\n|upkeep\n|turn|3\n|\n|t:|1773466186\n|-end|p2a: Flutter Mane|Protosynthesis|[silent]\n|switch|p2a: Iron Treads|Iron Treads, L50|100/100\n|move|p1a: \u4e3b\u4eba\ud83d\ude2d\ud83e\udd75|Parting Shot|p2b: Raging Bolt\n|-unboost|p2b: Raging Bolt|atk|1\n|-unboost|p2b: Raging Bolt|spa|1\n|\n|t:|1773466194\n|switch|p1a: \u963f\u5c14\u6258\u8389\u96c5|Zacian-Crowned, L50, shiny|100/100|[from] Parting Shot\n|-ability|p1a: \u963f\u5c14\u6258\u8389\u96c5|Intrepid Sword|boost\n|-boost|p1a: \u963f\u5c14\u6258\u8389\u96c5|atk|1\n|move|p2b: Raging Bolt|Thunderbolt|p1a: \u963f\u5c14\u6258\u8389\u96c5\n|-damage|p1a: \u963f\u5c14\u6258\u8389\u96c5|68/100\n|move|p1b: \u6211\u559c\u6b22\u4f60|Pollen Puff|p2a: Iron Treads\n|-resisted|p2a: Iron Treads\n|-damage|p2a: Iron Treads|89/100\n|\n|-weather|RainDance|[upkeep]\n|-end|p1b: \u6211\u559c\u6b22\u4f60|move: Taunt\n|upkeep\n|turn|4\n|\n|t:|1773466212\n|-end|p2b: Raging Bolt|Protosynthesis|[silent]\n|switch|p2b: Flutter Mane|Flutter Mane, L50|100/100\n|move|p1a: \u963f\u5c14\u6258\u8389\u96c5|Protect|p1a: \u963f\u5c14\u6258\u8389\u96c5\n|-singleturn|p1a: \u963f\u5c14\u6258\u8389\u96c5|Protect\n|move|p2a: Iron Treads|High Horsepower|p1a: \u963f\u5c14\u6258\u8389\u96c5\n|-activate|p1a: \u963f\u5c14\u6258\u8389\u96c5|move: Protect\n|move|p1b: \u6211\u559c\u6b22\u4f60|Spore|p2a: Iron Treads\n|-status|p2a: Iron Treads|slp|[from] move: Spore\n|\n|-weather|RainDance|[upkeep]\n|upkeep\n|turn|5\n|\n|t:|1773466225\n|move|p2b: Flutter Mane|Protect|p2b: Flutter Mane\n|-singleturn|p2b: Flutter Mane|Protect\n|move|p1a: \u963f\u5c14\u6258\u8389\u96c5|Play Rough|p2a: Iron Treads\n|-resisted|p2a: Iron Treads\n|-damage|p2a: Iron Treads|50/100 slp\n|cant|p2a: Iron Treads|slp\n|move|p1b: \u6211\u559c\u6b22\u4f60|Spore|p2b: Flutter Mane\n|-activate|p2b: Flutter Mane|move: Protect\n|\n|-weather|none\n|upkeep\n|turn|6\n|\n|t:|1773466238\n|move|p1a: \u963f\u5c14\u6258\u8389\u96c5|Sacred Sword|p2a: Iron Treads\n|-supereffective|p2a: Iron Treads\n|-damage|p2a: Iron Treads|0 fnt\n|faint|p2a: Iron Treads\n|-end|p2a: Iron Treads|Quark Drive|[silent]\n|move|p2b: Flutter Mane|Taunt|p1b: \u6211\u559c\u6b22\u4f60\n|-start|p1b: \u6211\u559c\u6b22\u4f60|move: Taunt\n|cant|p1b: \u6211\u559c\u6b22\u4f60|move: Taunt|Spore\n|\n|upkeep\n|\n|t:|1773466245\n|switch|p2a: Raging Bolt|Raging Bolt, L50|100/100\n|turn|7\n|\n|t:|1773466254\n|-terastallize|p2a: Raging Bolt|Electric\n|move|p1a: \u963f\u5c14\u6258\u8389\u96c5|Protect|p1a: \u963f\u5c14\u6258\u8389\u96c5\n|-singleturn|p1a: \u963f\u5c14\u6258\u8389\u96c5|Protect\n|move|p2b: Flutter Mane|Icy Wind|p1a: \u963f\u5c14\u6258\u8389\u96c5|[spread] p1b\n|-activate|p1a: \u963f\u5c14\u6258\u8389\u96c5|move: Protect\n|-supereffective|p1b: \u6211\u559c\u6b22\u4f60\n|-damage|p1b: \u6211\u559c\u6b22\u4f60|74/100\n|-unboost|p1b: \u6211\u559c\u6b22\u4f60|spe|1\n|move|p2a: Raging Bolt|Thunderbolt|p1a: \u963f\u5c14\u6258\u8389\u96c5\n|-activate|p1a: \u963f\u5c14\u6258\u8389\u96c5|move: Protect\n|move|p1b: \u6211\u559c\u6b22\u4f60|Pollen Puff|p2b: Flutter Mane\n|-resisted|p2b: Flutter Mane\n|-damage|p2b: Flutter Mane|96/100\n|\n|upkeep\n|turn|8\n|\n|t:|1773466275\n|move|p1a: \u963f\u5c14\u6258\u8389\u96c5|Play Rough|p2a: Raging Bolt\n|-damage|p2a: Raging Bolt|33/100\n|move|p2b: Flutter Mane|Icy Wind|p1b: \u6211\u559c\u6b22\u4f60|[spread] p1a,p1b\n|-resisted|p1a: \u963f\u5c14\u6258\u8389\u96c5\n|-supereffective|p1b: \u6211\u559c\u6b22\u4f60\n|-damage|p1a: \u963f\u5c14\u6258\u8389\u96c5|61/100\n|-damage|p1b: \u6211\u559c\u6b22\u4f60|52/100\n|-unboost|p1a: \u963f\u5c14\u6258\u8389\u96c5|spe|1\n|-unboost|p1b: \u6211\u559c\u6b22\u4f60|spe|1\n|move|p2a: Raging Bolt|Thunderbolt|p1a: \u963f\u5c14\u6258\u8389\u96c5\n|-damage|p1a: \u963f\u5c14\u6258\u8389\u96c5|0 fnt\n|faint|p1a: \u963f\u5c14\u6258\u8389\u96c5\n|move|p1b: \u6211\u559c\u6b22\u4f60|Pollen Puff|p1: \u963f\u5c14\u6258\u8389\u96c5|[notarget]\n|-fail|p1b: \u6211\u559c\u6b22\u4f60\n|\n|-end|p1b: \u6211\u559c\u6b22\u4f60|move: Taunt\n|upkeep\n|\n|t:|1773466285\n|switch|p1a: \u9a6c\u5243\u5929\u7231\u661f|Kyogre, L50, shiny|57/100\n|-weather|RainDance|[from] ability: Drizzle|[of] p1a: \u9a6c\u5243\u5929\u7231\u661f\n|turn|9\n|\n|t:|1773466306\n|switch|p1b: \u4e3b\u4eba\ud83d\ude2d\ud83e\udd75|Incineroar, L50, M|97/100\n|-ability|p1b: \u4e3b\u4eba\ud83d\ude2d\ud83e\udd75|Intimidate|boost\n|-unboost|p2a: Raging Bolt|atk|1\n|-unboost|p2b: Flutter Mane|atk|1\n|-terastallize|p1a: \u9a6c\u5243\u5929\u7231\u661f|Electric\n|move|p2a: Raging Bolt|Protect|p2a: Raging Bolt\n|-singleturn|p2a: Raging Bolt|Protect\n|move|p2b: Flutter Mane|Taunt|p1b: \u4e3b\u4eba\ud83d\ude2d\ud83e\udd75\n|-start|p1b: \u4e3b\u4eba\ud83d\ude2d\ud83e\udd75|move: Taunt\n|move|p1a: \u9a6c\u5243\u5929\u7231\u661f|Origin Pulse|p2b: Flutter Mane|[spread] p2b\n|-activate|p2a: Raging Bolt|move: Protect\n|-damage|p2b: Flutter Mane|27/100\n|\n|-weather|RainDance|[upkeep]\n|upkeep\n|turn|10\n|\n|t:|1773466324\n|-end|p2a: Raging Bolt|Protosynthesis|[silent]\n|switch|p2a: Koraidon|Koraidon, L50|100/100\n|-weather|SunnyDay|[from] ability: Orichalcum Pulse|[of] p2a: Koraidon\n|-activate|p2b: Flutter Mane|ability: Protosynthesis\n|-start|p2b: Flutter Mane|protosynthesisspe\n|-activate|p2a: Koraidon|Orichalcum Pulse|[source]\n|move|p2b: Flutter Mane|Icy Wind|p1a: \u9a6c\u5243\u5929\u7231\u661f|[spread] p1a,p1b\n|-resisted|p1b: \u4e3b\u4eba\ud83d\ude2d\ud83e\udd75\n|-damage|p1a: \u9a6c\u5243\u5929\u7231\u661f|49/100\n|-damage|p1b: \u4e3b\u4eba\ud83d\ude2d\ud83e\udd75|89/100\n|-unboost|p1a: \u9a6c\u5243\u5929\u7231\u661f|spe|1\n|-unboost|p1b: \u4e3b\u4eba\ud83d\ude2d\ud83e\udd75|spe|1\n|move|p1a: \u9a6c\u5243\u5929\u7231\u661f|Water Spout|p2b: Flutter Mane|[spread] p2a,p2b\n|-resisted|p2a: Koraidon\n|-damage|p2a: Koraidon|94/100\n|-damage|p2b: Flutter Mane|10/100\n|move|p1b: \u4e3b\u4eba\ud83d\ude2d\ud83e\udd75|Knock Off|p2a: Koraidon\n|-resisted|p2a: Koraidon\n|-damage|p2a: Koraidon|78/100\n|-enditem|p2a: Koraidon|Loaded Dice|[from] move: Knock Off|[of] p1b: \u4e3b\u4eba\ud83d\ude2d\ud83e\udd75\n|\n|-weather|SunnyDay|[upkeep]\n|upkeep\n|turn|11\n|\n|t:|1773466340\n|switch|p1a: \u6211\u559c\u6b22\u4f60|Amoonguss, L50, F|85/100\n|move|p2b: Flutter Mane|Icy Wind|p1b: \u4e3b\u4eba\ud83d\ude2d\ud83e\udd75|[spread] p1a,p1b\n|-supereffective|p1a: \u6211\u559c\u6b22\u4f60\n|-resisted|p1b: \u4e3b\u4eba\ud83d\ude2d\ud83e\udd75\n|-damage|p1a: \u6211\u559c\u6b22\u4f60|61/100\n|-damage|p1b: \u4e3b\u4eba\ud83d\ude2d\ud83e\udd75|83/100\n|-unboost|p1a: \u6211\u559c\u6b22\u4f60|spe|1\n|-unboost|p1b: \u4e3b\u4eba\ud83d\ude2d\ud83e\udd75|spe|1\n|move|p2a: Koraidon|Collision Course|p1b: \u4e3b\u4eba\ud83d\ude2d\ud83e\udd75\n|-supereffective|p1b: \u4e3b\u4eba\ud83d\ude2d\ud83e\udd75\n|-damage|p1b: \u4e3b\u4eba\ud83d\ude2d\ud83e\udd75|0 fnt\n|faint|p1b: \u4e3b\u4eba\ud83d\ude2d\ud83e\udd75\n|\n|-weather|SunnyDay|[upkeep]\n|upkeep\n|\n|t:|1773466351\n|switch|p1b: \u9a6c\u5243\u5929\u7231\u661f|Kyogre, L50, shiny, tera:Electric|49/100\n|-weather|RainDance|[from] ability: Drizzle|[of] p1b: \u9a6c\u5243\u5929\u7231\u661f\n|-end|p2b: Flutter Mane|Protosynthesis\n|turn|12\n|\n|t:|1773466360\n|move|p2b: Flutter Mane|Protect|p2b: Flutter Mane\n|-singleturn|p2b: Flutter Mane|Protect\n|move|p2a: Koraidon|Protect|p2a: Koraidon\n|-singleturn|p2a: Koraidon|Protect\n|move|p1b: \u9a6c\u5243\u5929\u7231\u661f|Origin Pulse|p2a: Koraidon|[spread] \n|-activate|p2a: Koraidon|move: Protect\n|-activate|p2b: Flutter Mane|move: Protect\n|move|p1a: \u6211\u559c\u6b22\u4f60|Pollen Puff|p1b: \u9a6c\u5243\u5929\u7231\u661f\n|-heal|p1b: \u9a6c\u5243\u5929\u7231\u661f|99/100\n|\n|-weather|RainDance|[upkeep]\n|upkeep\n|turn|13\n|\n|t:|1773466370\n|switch|p2a: Raging Bolt|Raging Bolt, L50, tera:Electric|33/100\n|move|p1a: \u6211\u559c\u6b22\u4f60|Protect|p1a: \u6211\u559c\u6b22\u4f60\n|-singleturn|p1a: \u6211\u559c\u6b22\u4f60|Protect\n|move|p2b: Flutter Mane|Taunt|p1a: \u6211\u559c\u6b22\u4f60\n|-activate|p1a: \u6211\u559c\u6b22\u4f60|move: Protect\n|move|p1b: \u9a6c\u5243\u5929\u7231\u661f|Origin Pulse|p2a: Raging Bolt|[spread] \n|-miss|p1b: \u9a6c\u5243\u5929\u7231\u661f|p2a: Raging Bolt\n|-miss|p1b: \u9a6c\u5243\u5929\u7231\u661f|p2b: Flutter Mane\n|\n|-weather|RainDance|[upkeep]\n|upkeep\n|turn|14\n|\n|t:|1773466391\n|move|p2b: Flutter Mane|Icy Wind|p1b: \u9a6c\u5243\u5929\u7231\u661f|[spread] p1a,p1b\n|-supereffective|p1a: \u6211\u559c\u6b22\u4f60\n|-damage|p1a: \u6211\u559c\u6b22\u4f60|35/100\n|-damage|p1b: \u9a6c\u5243\u5929\u7231\u661f|92/100\n|-unboost|p1a: \u6211\u559c\u6b22\u4f60|spe|1\n|-unboost|p1b: \u9a6c\u5243\u5929\u7231\u661f|spe|1\n|move|p2a: Raging Bolt|Draco Meteor|p1b: \u9a6c\u5243\u5929\u7231\u661f\n|-damage|p1b: \u9a6c\u5243\u5929\u7231\u661f|57/100\n|-unboost|p2a: Raging Bolt|spa|2\n|move|p1b: \u9a6c\u5243\u5929\u7231\u661f|Water Spout|p2b: Flutter Mane|[spread] p2a,p2b\n|-damage|p2a: Raging Bolt|0 fnt\n|-damage|p2b: Flutter Mane|0 fnt\n|faint|p2a: Raging Bolt\n|-end|p2a: Raging Bolt|Protosynthesis|[silent]\n|faint|p2b: Flutter Mane\n|-end|p2b: Flutter Mane|Protosynthesis|[silent]\n|move|p1a: \u6211\u559c\u6b22\u4f60|Pollen Puff|p2: Raging Bolt|[notarget]\n|-fail|p1a: \u6211\u559c\u6b22\u4f60\n|\n|-weather|RainDance|[upkeep]\n|upkeep\n|\n|t:|1773466394\n|switch|p2a: Koraidon|Koraidon, L50|78/100\n|-weather|SunnyDay|[from] ability: Orichalcum Pulse|[of] p2a: Koraidon\n|-activate|p2a: Koraidon|Orichalcum Pulse|[source]\n|turn|15\n|\n|t:|1773466403\n|move|p1a: \u6211\u559c\u6b22\u4f60|Rage Powder|p1a: \u6211\u559c\u6b22\u4f60\n|-singleturn|p1a: \u6211\u559c\u6b22\u4f60|move: Rage Powder\n|move|p2a: Koraidon|Scale Shot|p1a: \u6211\u559c\u6b22\u4f60\n|-crit|p1a: \u6211\u559c\u6b22\u4f60\n|-damage|p1a: \u6211\u559c\u6b22\u4f60|9/100\n|-damage|p1a: \u6211\u559c\u6b22\u4f60|0 fnt\n|faint|p1a: \u6211\u559c\u6b22\u4f60\n|-hitcount|p1: \u6211\u559c\u6b22\u4f60|2\n|-unboost|p2a: Koraidon|def|1\n|-boost|p2a: Koraidon|spe|1\n|move|p1b: \u9a6c\u5243\u5929\u7231\u661f|Ice Beam|p2a: Koraidon\n|-supereffective|p2a: Koraidon\n|-damage|p2a: Koraidon|2/100\n|\n|-weather|SunnyDay|[upkeep]\n|upkeep\n|turn|16\n|\n|t:|1773466413\n|move|p2a: Koraidon|Flare Blitz|p1b: \u9a6c\u5243\u5929\u7231\u661f\n|-damage|p1b: \u9a6c\u5243\u5929\u7231\u661f|0 fnt\n|faint|p1b: \u9a6c\u5243\u5929\u7231\u661f\n|-damage|p2a: Koraidon|0 fnt|[from] Recoil\n|faint|p2a: Koraidon\n|\n|win|fangyusuhe\n|raw|yubanmeiqin's rating: 1368 &rarr; <strong>1353</strong><br />(-15 for losing)\n|raw|fangyusuhe's rating: 1458 &rarr; <strong>1473</strong><br />(+15 for winning)\n|l|\u2606yubanmeiqin\n|player|p1|\n|l|\u2606fangyusuhe\n|player|p2|\n","uploadtime":1773466589,"views":13,"formatid":"gen9vgc2026regi","rating":1353,"private":0,"password":null}