{"id":"gen9vgc2026regi-2589285453","format":"[Gen 9] VGC 2026 Reg I","players":["Vipcookie","grandmakicker99"],"log":"|j|\u2606Vipcookie\n|j|\u2606grandmakicker99\n|t:|1776711702\n|gametype|doubles\n|player|p1|Vipcookie|170|1326\n|player|p2|grandmakicker99|102|1415\n|gen|9\n|tier|[Gen 9] VGC 2026 Reg I\n|rated|\n|rule|Species Clause: Limit one of each Pok\u00e9mon\n|rule|Item Clause: Limit 1 of each item\n|clearpoke\n|poke|p1|Terapagos, L50, M|\n|poke|p1|Ho-Oh, L50|\n|poke|p1|Rillaboom, L50, M|\n|poke|p1|Pachirisu, L50, F|\n|poke|p1|Incineroar, L50, F|\n|poke|p1|Sinistcha, L50|\n|poke|p2|Calyrex-Ice, L50|\n|poke|p2|Scraggy, L50, F|\n|poke|p2|Miraidon, L50|\n|poke|p2|Farigiraf, L50, F|\n|poke|p2|Iron Treads, L50|\n|poke|p2|Iron Hands, L50|\n|teampreview|4\n|inactive|Battle timer is ON: inactive players will automatically lose when time's up. (requested by grandmakicker99)\n|\n|t:|1776711730\n|teamsize|p1|4\n|teamsize|p2|4\n|start\n|switch|p1a: Ho-Oh|Ho-Oh, L50|100/100\n|switch|p1b: Pachirisu|Pachirisu, L50, F|100/100\n|switch|p2a: Miraidon|Miraidon, L50|100/100\n|switch|p2b: Farigiraf|Farigiraf, L50, F|100/100\n|-fieldstart|move: Electric Terrain|[from] ability: Hadron Engine|[of] p2a: Miraidon\n|-enditem|p2b: Farigiraf|Electric Seed\n|-boost|p2b: Farigiraf|def|1|[from] item: Electric Seed\n|turn|1\n|\n|t:|1776711752\n|move|p1b: Pachirisu|Follow Me|p1b: Pachirisu\n|-singleturn|p1b: Pachirisu|move: Follow Me\n|move|p2a: Miraidon|Volt Switch|p1b: Pachirisu\n|-immune|p1b: Pachirisu|[from] ability: Volt Absorb\n|move|p1a: Ho-Oh|Tailwind|p1a: Ho-Oh\n|-sidestart|p1: Vipcookie|move: Tailwind\n|move|p2b: Farigiraf|Trick Room|p2b: Farigiraf\n|-fieldstart|move: Trick Room|[of] p2b: Farigiraf\n|\n|upkeep\n|turn|2\n|inactive|grandmakicker99 has 30 seconds left.\n|inactive|grandmakicker99 has 20 seconds left.\n|inactive|grandmakicker99 has 15 seconds left.\n|\n|t:|1776711793\n|switch|p2a: Iron Hands|Iron Hands, L50|100/100\n|-activate|p2a: Iron Hands|ability: Quark Drive\n|-start|p2a: Iron Hands|quarkdriveatk\n|move|p1a: Ho-Oh|Protect|p1a: Ho-Oh\n|-singleturn|p1a: Ho-Oh|Protect\n|move|p2b: Farigiraf|Psychic|p1b: Pachirisu\n|-damage|p1b: Pachirisu|61/100\n|move|p1b: Pachirisu|Super Fang|p2a: Iron Hands|[miss]\n|-miss|p1b: Pachirisu|p2a: Iron Hands\n|\n|upkeep\n|turn|3\n|inactive|Vipcookie has 30 seconds left.\n|\n|t:|1776711820\n|switch|p1b: Incineroar|Incineroar, L50, F|100/100\n|-ability|p1b: Incineroar|Intimidate|boost\n|-unboost|p2a: Iron Hands|atk|1\n|-unboost|p2b: Farigiraf|atk|1\n|move|p2a: Iron Hands|Fake Out|p1b: Incineroar\n|-damage|p1b: Incineroar|91/100\n|-damage|p2a: Iron Hands|84/100|[from] item: Rocky Helmet|[of] p1b: Incineroar\n|move|p2b: Farigiraf|Psychic|p1b: Incineroar\n|-immune|p1b: Incineroar\n|move|p1a: Ho-Oh|Brave Bird|p2a: Iron Hands\n|-damage|p2a: Iron Hands|40/100\n|-damage|p1a: Ho-Oh|84/100|[from] Recoil\n|\n|upkeep\n|turn|4\n|c|\u2606grandmakicker99|ouch\n|inactive|Vipcookie has 30 seconds left.\n|\n|t:|1776711853\n|switch|p1a: Pachirisu|Pachirisu, L50, F|61/100\n|move|p2b: Farigiraf|Helping Hand|p2a: Iron Hands\n|-singleturn|p2a: Iron Hands|Helping Hand|[of] p2b: Farigiraf\n|move|p2a: Iron Hands|Drain Punch|p1b: Incineroar\n|-supereffective|p1b: Incineroar\n|-damage|p1b: Incineroar|4/100\n|-heal|p2a: Iron Hands|77/100|[from] drain|[of] p1b: Incineroar\n|-damage|p2a: Iron Hands|60/100|[from] item: Rocky Helmet|[of] p1b: Incineroar\n|move|p1b: Incineroar|Parting Shot|p2a: Iron Hands\n|-unboost|p2a: Iron Hands|atk|1\n|-unboost|p2a: Iron Hands|spa|1\n|\n|t:|1776711865\n|switch|p1b: Ho-Oh|Ho-Oh, L50|100/100|[from] Parting Shot\n|\n|-sideend|p1: Vipcookie|move: Tailwind\n|upkeep\n|turn|5\n|\n|t:|1776711889\n|-end|p2a: Iron Hands|Quark Drive|[silent]\n|switch|p2a: Miraidon|Miraidon, L50|100/100\n|-activate|p2a: Miraidon|ability: Hadron Engine\n|move|p1a: Pachirisu|Follow Me|p1a: Pachirisu\n|-singleturn|p1a: Pachirisu|move: Follow Me\n|move|p2b: Farigiraf|Psychic|p1a: Pachirisu\n|-damage|p1a: Pachirisu|25/100\n|move|p1b: Ho-Oh|Tailwind|p1b: Ho-Oh\n|-sidestart|p1: Vipcookie|move: Tailwind\n|\n|-fieldend|move: Trick Room\n|-fieldend|move: Electric Terrain\n|upkeep\n|turn|6\n|inactive|Vipcookie has 30 seconds left.\n|\n|t:|1776711919\n|switch|p1b: Terapagos|Terapagos, L50, M|100/100\n|-activate|p1b: Terapagos|ability: Tera Shift\n|detailschange|p1b: Terapagos|Terapagos-Terastal, L50, M\n|-heal|p1b: Terapagos|100/100|[silent]\n|move|p1a: Pachirisu|Super Fang|p2a: Miraidon\n|-damage|p2a: Miraidon|51/100\n|move|p2a: Miraidon|Draco Meteor|p1b: Terapagos\n|-activate|p1b: Terapagos|ability: Tera Shell\n|-resisted|p1b: Terapagos\n|-damage|p1b: Terapagos|60/100\n|-unboost|p2a: Miraidon|spa|2\n|move|p2b: Farigiraf|Trick Room|p2b: Farigiraf\n|-fieldstart|move: Trick Room|[of] p2b: Farigiraf\n|\n|-heal|p1b: Terapagos|66/100|[from] item: Leftovers\n|upkeep\n|turn|7\n|inactive|Vipcookie has 30 seconds left.\n|\n|t:|1776711952\n|switch|p2a: Calyrex|Calyrex-Ice, L50|100/100\n|-ability|p2a: Calyrex|As One\n|-ability|p2a: Calyrex|Unnerve\n|move|p2b: Farigiraf|Psychic|p1a: Pachirisu\n|-damage|p1a: Pachirisu|0 fnt\n|faint|p1a: Pachirisu\n|move|p1b: Terapagos|Earth Power|p2a: Calyrex\n|-damage|p2a: Calyrex|84/100\n|\n|-heal|p1b: Terapagos|72/100|[from] item: Leftovers\n|upkeep\n|\n|t:|1776711969\n|switch|p1a: Ho-Oh|Ho-Oh, L50|100/100\n|turn|8\n|\n|t:|1776711983\n|move|p2a: Calyrex|Glacial Lance|p1a: Ho-Oh|[spread] p1a,p1b\n|-damage|p1a: Ho-Oh|51/100\n|-damage|p1b: Terapagos|30/100\n|move|p2b: Farigiraf|Psychic|p1b: Terapagos\n|-damage|p1b: Terapagos|5/100\n|move|p1b: Terapagos|Calm Mind|p1b: Terapagos\n|-boost|p1b: Terapagos|spa|1\n|-boost|p1b: Terapagos|spd|1\n|move|p1a: Ho-Oh|Sacred Fire|p2a: Calyrex\n|-supereffective|p2a: Calyrex\n|-damage|p2a: Calyrex|12/100\n|-status|p2a: Calyrex|brn\n|\n|-heal|p1b: Terapagos|11/100|[from] item: Leftovers\n|-damage|p2a: Calyrex|6/100 brn|[from] brn\n|-sideend|p1: Vipcookie|move: Tailwind\n|upkeep\n|turn|9\n|c|\u2606grandmakicker99|forgot to tera water\n|c|\u2606grandmakicker99|oops\n|inactive|grandmakicker99 has 30 seconds left.\n|\n|t:|1776712014\n|switch|p1b: Incineroar|Incineroar, L50, F|4/100\n|-ability|p1b: Incineroar|Intimidate|boost\n|-fail|p2a: Calyrex|unboost|[from] item: Clear Amulet|[of] p2a: Calyrex\n|-unboost|p2b: Farigiraf|atk|1\n|move|p2b: Farigiraf|Helping Hand|p2a: Calyrex\n|-singleturn|p2a: Calyrex|Helping Hand|[of] p2b: Farigiraf\n|move|p1a: Ho-Oh|Protect|p1a: Ho-Oh\n|-singleturn|p1a: Ho-Oh|Protect\n|move|p2a: Calyrex|Glacial Lance|p1b: Incineroar|[spread] p1b\n|-activate|p1a: Ho-Oh|move: Protect\n|-resisted|p1b: Incineroar\n|-damage|p1b: Incineroar|0 fnt\n|faint|p1b: Incineroar\n|-ability|p2a: Calyrex|Chilling Neigh|boost\n|-boost|p2a: Calyrex|atk|1\n|\n|-damage|p2a: Calyrex|0 fnt|[from] brn\n|faint|p2a: Calyrex\n|upkeep\n|\n|t:|1776712031\n|switch|p2a: Iron Hands|Iron Hands, L50|60/100\n|switch|p1b: Terapagos|Terapagos-Terastal, L50, M|11/100\n|turn|10\n|inactive|Vipcookie has 30 seconds left.\n|\n|t:|1776712062\n|-terastallize|p1b: Terapagos|Stellar\n|detailschange|p1b: Terapagos|Terapagos-Stellar, L50, M, tera:Stellar\n|-heal|p1b: Terapagos|34/100|[silent]\n|move|p2a: Iron Hands|Fake Out|p1a: Ho-Oh\n|-damage|p1a: Ho-Oh|37/100\n|move|p2b: Farigiraf|Psychic|p1b: Terapagos\n|-damage|p1b: Terapagos|15/100\n|-unboost|p1b: Terapagos|spd|1\n|move|p1b: Terapagos|Earth Power|p2a: Iron Hands\n|-supereffective|p2a: Iron Hands\n|-damage|p2a: Iron Hands|21/100\n|-unboost|p2a: Iron Hands|spd|1\n|cant|p1a: Ho-Oh|flinch\n|\n|-heal|p1b: Terapagos|21/100|[from] item: Leftovers\n|-fieldend|move: Trick Room\n|upkeep\n|turn|11\n|inactive|Vipcookie has 30 seconds left.\n|inactive|Vipcookie has 20 seconds left.\n|inactive|Vipcookie has 15 seconds left.\n|inactive|Vipcookie has 10 seconds left.\n|\n|t:|1776712108\n|move|p1a: Ho-Oh|Brave Bird|p2b: Farigiraf\n|-damage|p2b: Farigiraf|66/100\n|-damage|p1a: Ho-Oh|24/100|[from] Recoil\n|move|p1b: Terapagos|Tera Starstorm|p2b: Farigiraf|[spread] p2a,p2b\n|-damage|p2a: Iron Hands|0 fnt\n|-damage|p2b: Farigiraf|33/100\n|faint|p2a: Iron Hands\n|-end|p2a: Iron Hands|Quark Drive|[silent]\n|move|p2b: Farigiraf|Trick Room|p2b: Farigiraf\n|-fieldstart|move: Trick Room|[of] p2b: Farigiraf\n|\n|-heal|p1b: Terapagos|27/100|[from] item: Leftovers\n|upkeep\n|\n|t:|1776712115\n|switch|p2a: Miraidon|Miraidon, L50|51/100\n|-fieldstart|move: Electric Terrain|[from] ability: Hadron Engine|[of] p2a: Miraidon\n|turn|12\n|\n|t:|1776712136\n|move|p1b: Terapagos|Protect|p1b: Terapagos\n|-singleturn|p1b: Terapagos|Protect\n|move|p1a: Ho-Oh|Protect|p1a: Ho-Oh\n|-singleturn|p1a: Ho-Oh|Protect\n|move|p2b: Farigiraf|Psychic|p1b: Terapagos\n|-activate|p1b: Terapagos|move: Protect\n|move|p2a: Miraidon|Electro Drift|p1a: Ho-Oh\n|-activate|p1a: Ho-Oh|move: Protect\n|\n|-heal|p1b: Terapagos|33/100|[from] item: Leftovers\n|upkeep\n|turn|13\n|inactive|Vipcookie has 30 seconds left.\n|\n|t:|1776712162\n|move|p2b: Farigiraf|Psychic|p1b: Terapagos\n|-damage|p1b: Terapagos|2/100\n|move|p1b: Terapagos|Earth Power|p2a: Miraidon\n|-supereffective|p2a: Miraidon\n|-damage|p2a: Miraidon|0 fnt\n|faint|p2a: Miraidon\n|move|p1a: Ho-Oh|Brave Bird|p2b: Farigiraf\n|-damage|p2b: Farigiraf|0 fnt\n|faint|p2b: Farigiraf\n|-damage|p1a: Ho-Oh|13/100|[from] Recoil\n|\n|win|Vipcookie\n|raw|Vipcookie's rating: 1326 &rarr; <strong>1351</strong><br />(+25 for winning)\n|raw|grandmakicker99's rating: 1415 &rarr; <strong>1390</strong><br />(-25 for losing)\n|l|\u2606grandmakicker99\n|player|p2|\n|l|\u2606Vipcookie\n|player|p1|\n","uploadtime":1776712191,"views":10,"formatid":"gen9vgc2026regi","rating":1351,"private":0,"password":null}