{"id":"gen9vgc2026regi-2546825670","format":"[Gen 9] VGC 2026 Reg I","players":["Tepig_nNz_498","EllenJoe2026"],"log":"|j|\u2606Tepig_nNz_498\n|j|\u2606EllenJoe2026\n|t:|1772017624\n|gametype|doubles\n|player|p1|Tepig_nNz_498|170|1377\n|player|p2|EllenJoe2026|iono|1470\n|gen|9\n|tier|[Gen 9] VGC 2026 Reg I\n|rated|\n|rule|Species Clause: Limit one of each Pok\u00e9mon\n|rule|Item Clause: Limit 1 of each item\n|clearpoke\n|poke|p1|Whimsicott, L50, F|\n|poke|p1|Reshiram, L50|\n|poke|p1|Incineroar, L50, M|\n|poke|p1|Lilligant-Hisui, L50, F|\n|poke|p1|Brute Bonnet, L50|\n|poke|p1|Koraidon, L50|\n|poke|p2|Calyrex-Shadow, L50|\n|poke|p2|Zamazenta-*, L50|\n|poke|p2|Incineroar, L50, F|\n|poke|p2|Rillaboom, L50, F|\n|poke|p2|Ogerpon-Cornerstone, L50, F|\n|poke|p2|Tornadus, L50, M|\n|teampreview|4\n|inactive|Battle timer is ON: inactive players will automatically lose when time's up. (requested by EllenJoe2026)\n|inactive|Tepig_nNz_498 has 60 seconds left.\n|\n|t:|1772017656\n|teamsize|p1|4\n|teamsize|p2|4\n|start\n|switch|p1a: Whimsicott|Whimsicott, L50, F|100/100\n|switch|p1b: Koraidon|Koraidon, L50|100/100\n|switch|p2a: Calyrex|Calyrex-Shadow, L50|100/100\n|switch|p2b: Ogerpon|Ogerpon-Cornerstone, L50, F|100/100\n|-ability|p2a: Calyrex|As One\n|-ability|p2a: Calyrex|Unnerve\n|-weather|SunnyDay|[from] ability: Orichalcum Pulse|[of] p1b: Koraidon\n|-activate|p1b: Koraidon|Orichalcum Pulse|[source]\n|turn|1\n|inactive|EllenJoe2026 has 30 seconds left.\n|inactive|Tepig_nNz_498 has 30 seconds left.\n|\n|t:|1772017692\n|switch|p1b: Incineroar|Incineroar, L50, M|100/100\n|-ability|p1b: Incineroar|Intimidate|boost\n|-unboost|p2a: Calyrex|atk|1\n|-unboost|p2b: Ogerpon|atk|1\n|-terastallize|p1a: Whimsicott|Dark\n|move|p2b: Ogerpon|Follow Me|p2b: Ogerpon\n|-singleturn|p2b: Ogerpon|move: Follow Me\n|move|p1a: Whimsicott|Taunt|p2b: Ogerpon\n|-start|p2b: Ogerpon|move: Taunt\n|move|p2a: Calyrex|Psychic|p1b: Incineroar\n|-immune|p1b: Incineroar\n|\n|-weather|SunnyDay|[upkeep]\n|upkeep\n|turn|2\n|inactive|Tepig_nNz_498 has 30 seconds left.\n|inactive|EllenJoe2026 has 30 seconds left.\n|inactive|EllenJoe2026 has 20 seconds left.\n|\n|t:|1772017731\n|-terastallize|p2a: Calyrex|Dark\n|move|p2a: Calyrex|Nasty Plot|p2a: Calyrex\n|-boost|p2a: Calyrex|spa|2\n|move|p1a: Whimsicott|Moonblast|p2a: Calyrex\n|-supereffective|p2a: Calyrex\n|-damage|p2a: Calyrex|49/100\n|move|p2b: Ogerpon|Ivy Cudgel|p1b: Incineroar|[anim] Ivy Cudgel Rock\n|-supereffective|p1b: Incineroar\n|-damage|p1b: Incineroar|37/100\n|move|p1b: Incineroar|Parting Shot|p2a: Calyrex\n|-unboost|p2a: Calyrex|atk|1\n|-unboost|p2a: Calyrex|spa|1\n|\n|t:|1772017744\n|switch|p1b: Reshiram|Reshiram, L50|100/100|[from] Parting Shot\n|-ability|p1b: Reshiram|Turboblaze\n|\n|-weather|SunnyDay|[upkeep]\n|upkeep\n|turn|3\n|\n|t:|1772017753\n|move|p2a: Calyrex|Protect|p2a: Calyrex\n|-singleturn|p2a: Calyrex|Protect\n|move|p1a: Whimsicott|Tailwind|p1a: Whimsicott\n|-sidestart|p1: Tepig_nNz_498|move: Tailwind\n|move|p1b: Reshiram|Heat Wave|p2a: Calyrex|[spread] p2b\n|-activate|p2a: Calyrex|move: Protect\n|-damage|p2b: Ogerpon|0 fnt\n|faint|p2b: Ogerpon\n|-damage|p1b: Reshiram|91/100|[from] item: Life Orb\n|\n|-weather|SunnyDay|[upkeep]\n|upkeep\n|\n|t:|1772017768\n|switch|p2b: Tornadus|Tornadus, L50, M, shiny|100/100\n|turn|4\n|\n|t:|1772017777\n|move|p1a: Whimsicott|Taunt|p2b: Tornadus\n|-start|p2b: Tornadus|move: Taunt\n|-enditem|p2b: Tornadus|Mental Herb\n|-end|p2b: Tornadus|move: Taunt\n|move|p2b: Tornadus|Tailwind|p2b: Tornadus\n|-sidestart|p2: EllenJoe2026|move: Tailwind\n|move|p2a: Calyrex|Astral Barrage|p1a: Whimsicott|[spread] p1a,p1b\n|-resisted|p1a: Whimsicott\n|-damage|p1a: Whimsicott|39/100\n|-damage|p1b: Reshiram|16/100\n|move|p1b: Reshiram|Heat Wave|p2b: Tornadus|[spread] p2a\n|-miss|p1b: Reshiram|p2b: Tornadus\n|-damage|p2a: Calyrex|0 fnt\n|faint|p2a: Calyrex\n|-damage|p1b: Reshiram|6/100|[from] item: Life Orb\n|\n|-weather|SunnyDay|[upkeep]\n|upkeep\n|\n|t:|1772017788\n|switch|p2a: Zamazenta|Zamazenta-Crowned, L50, shiny|100/100\n|-ability|p2a: Zamazenta|Dauntless Shield|boost\n|-boost|p2a: Zamazenta|def|1\n|turn|5\n|inactive|EllenJoe2026 has 30 seconds left.\n|inactive|EllenJoe2026 has 20 seconds left.\n|\n|t:|1772017825\n|switch|p1b: Incineroar|Incineroar, L50, M|37/100\n|-ability|p1b: Incineroar|Intimidate|boost\n|-unboost|p2a: Zamazenta|atk|1\n|-unboost|p2b: Tornadus|atk|1\n|move|p1a: Whimsicott|Taunt|p2a: Zamazenta\n|-start|p2a: Zamazenta|move: Taunt\n|move|p2b: Tornadus|Bleakwind Storm|p1a: Whimsicott|[spread] p1b\n|-miss|p2b: Tornadus|p1a: Whimsicott\n|-damage|p1b: Incineroar|14/100\n|move|p2a: Zamazenta|Body Press|p1b: Incineroar\n|-supereffective|p1b: Incineroar\n|-damage|p1b: Incineroar|0 fnt\n|faint|p1b: Incineroar\n|\n|-weather|none\n|upkeep\n|\n|t:|1772017840\n|switch|p1b: Koraidon|Koraidon, L50|100/100\n|-weather|SunnyDay|[from] ability: Orichalcum Pulse|[of] p1b: Koraidon\n|-activate|p1b: Koraidon|Orichalcum Pulse|[source]\n|turn|6\n|inactive|Tepig_nNz_498 has 30 seconds left.\n|\n|t:|1772017871\n|move|p1b: Koraidon|Flare Blitz|p2b: Tornadus\n|-damage|p2b: Tornadus|15/100\n|-damage|p1b: Koraidon|72/100|[from] Recoil\n|move|p1a: Whimsicott|Moonblast|p2b: Tornadus\n|-damage|p2b: Tornadus|0 fnt\n|faint|p2b: Tornadus\n|move|p2a: Zamazenta|Body Press|p1a: Whimsicott\n|-supereffective|p1a: Whimsicott\n|-damage|p1a: Whimsicott|0 fnt\n|faint|p1a: Whimsicott\n|\n|-weather|SunnyDay|[upkeep]\n|-sideend|p1: Tepig_nNz_498|move: Tailwind\n|upkeep\n|\n|t:|1772017880\n|switch|p1a: Reshiram|Reshiram, L50|6/100\n|-ability|p1a: Reshiram|Turboblaze\n|turn|7\n|-message|EllenJoe2026 forfeited.\n|\n|win|Tepig_nNz_498\n|raw|Tepig_nNz_498's rating: 1377 &rarr; <strong>1402</strong><br />(+25 for winning)\n|raw|EllenJoe2026's rating: 1470 &rarr; <strong>1445</strong><br />(-25 for losing)\n|l|\u2606EllenJoe2026\n|player|p2|\n|l|\u2606Tepig_nNz_498\n|player|p1|\n","uploadtime":1772018145,"views":6,"formatid":"gen9vgc2026regi","rating":1402,"private":0,"password":null}