{"id":"gen9vgc2026regi-2549195884","format":"[Gen 9] VGC 2026 Reg I","players":["b3testing","sirgib"],"log":"|j|\u2606b3testing\n|j|\u2606sirgib\n|t:|1772326535\n|gametype|doubles\n|player|p1|b3testing|170|1219\n|player|p2|sirgib|fisherman-gen4|1373\n|gen|9\n|tier|[Gen 9] VGC 2026 Reg I\n|rated|\n|rule|Species Clause: Limit one of each Pok\u00e9mon\n|rule|Item Clause: Limit 1 of each item\n|clearpoke\n|poke|p1|Terapagos, L50, M|\n|poke|p1|Calyrex-Shadow, L50|\n|poke|p1|Incineroar, L50, M|\n|poke|p1|Amoonguss, L50, F|\n|poke|p1|Tornadus, L50, M|\n|poke|p1|Smeargle, L50, F|\n|poke|p2|Terapagos, L50, M|\n|poke|p2|Smeargle, L50, F|\n|poke|p2|Urshifu-*, L50, F|\n|poke|p2|Tornadus, L50, M|\n|poke|p2|Eternatus, L50|\n|poke|p2|Entei, L50|\n|teampreview|4\n|inactive|Battle timer is ON: inactive players will automatically lose when time's up. (requested by b3testing)\n|inactive|sirgib has 60 seconds left.\n|inactive|b3testing has 60 seconds left.\n|\n|t:|1772326577\n|teamsize|p1|4\n|teamsize|p2|4\n|start\n|switch|p1a: Smeargle|Smeargle, L50, F|100/100\n|switch|p1b: Terapagos|Terapagos, L50, M|100/100\n|switch|p2a: Tornadus|Tornadus, L50, M|100/100\n|switch|p2b: Terapagos|Terapagos, L50, M|100/100\n|-activate|p2b: Terapagos|ability: Tera Shift\n|detailschange|p2b: Terapagos|Terapagos-Terastal, L50, M\n|-heal|p2b: Terapagos|100/100|[silent]\n|-activate|p1b: Terapagos|ability: Tera Shift\n|detailschange|p1b: Terapagos|Terapagos-Terastal, L50, M\n|-heal|p1b: Terapagos|100/100|[silent]\n|turn|1\n|j| Motobug in a Kart\n|\n|t:|1772326596\n|-terastallize|p2b: Terapagos|Stellar\n|detailschange|p2b: Terapagos|Terapagos-Stellar, L50, M, tera:Stellar\n|-heal|p2b: Terapagos|100/100|[silent]\n|move|p1a: Smeargle|Fake Out|p2b: Terapagos\n|-damage|p2b: Terapagos|97/100\n|move|p2a: Tornadus|Taunt|p1a: Smeargle\n|-start|p1a: Smeargle|move: Taunt\n|cant|p2b: Terapagos|flinch\n|move|p1b: Terapagos|Calm Mind|p1b: Terapagos\n|-boost|p1b: Terapagos|spa|1\n|-boost|p1b: Terapagos|spd|1\n|\n|-heal|p2b: Terapagos|100/100|[from] item: Leftovers\n|-ability|p1a: Smeargle|Moody|boost\n|-boost|p1a: Smeargle|spd|2\n|-unboost|p1a: Smeargle|spa|1\n|upkeep\n|turn|2\n|inactive|b3testing has 30 seconds left.\n|\n|t:|1772326627\n|switch|p1a: Amoonguss|Amoonguss, L50, F|100/100\n|-terastallize|p1b: Terapagos|Stellar\n|detailschange|p1b: Terapagos|Terapagos-Stellar, L50, M, tera:Stellar\n|-heal|p1b: Terapagos|100/100|[silent]\n|move|p2a: Tornadus|Taunt|p1b: Terapagos\n|-start|p1b: Terapagos|move: Taunt\n|move|p2b: Terapagos|Tera Starstorm|p1a: Amoonguss|[spread] p1a,p1b\n|-crit|p1a: Amoonguss\n|-supereffective|p1b: Terapagos\n|-damage|p1a: Amoonguss|44/100\n|-damage|p1b: Terapagos|68/100\n|move|p1b: Terapagos|Tera Starstorm|p2a: Tornadus|[spread] p2a,p2b\n|-supereffective|p2b: Terapagos\n|-damage|p2a: Tornadus|37/100\n|-damage|p2b: Terapagos|22/100\n|\n|-heal|p2b: Terapagos|28/100|[from] item: Leftovers\n|upkeep\n|turn|3\n|\n|t:|1772326642\n|move|p1a: Amoonguss|Protect|p1a: Amoonguss\n|-singleturn|p1a: Amoonguss|Protect\n|move|p2b: Terapagos|Tera Starstorm|p1a: Amoonguss|[spread] p1b\n|-activate|p1a: Amoonguss|move: Protect\n|-supereffective|p1b: Terapagos\n|-damage|p1b: Terapagos|35/100\n|move|p2a: Tornadus|Bleakwind Storm|p1b: Terapagos|[spread] \n|-activate|p1a: Amoonguss|move: Protect\n|-miss|p2a: Tornadus|p1b: Terapagos\n|move|p1b: Terapagos|Tera Starstorm|p2b: Terapagos|[spread] p2a,p2b\n|-supereffective|p2b: Terapagos\n|-damage|p2a: Tornadus|0 fnt\n|-damage|p2b: Terapagos|0 fnt\n|faint|p2a: Tornadus\n|faint|p2b: Terapagos\n|detailschange|p2: Terapagos|Terapagos, L50, M|[silent]\n|\n|upkeep\n|\n|t:|1772326652\n|switch|p2a: Entei|Entei, L50|100/100\n|switch|p2b: Smeargle|Smeargle, L50, F|100/100\n|turn|4\n|\n|t:|1772326665\n|move|p2b: Smeargle|Fake Out|p1b: Terapagos\n|-damage|p1b: Terapagos|31/100\n|move|p1a: Amoonguss|Rage Powder|p1a: Amoonguss\n|-singleturn|p1a: Amoonguss|move: Rage Powder\n|move|p2a: Entei|Sacred Fire|p1a: Amoonguss\n|-supereffective|p1a: Amoonguss\n|-damage|p1a: Amoonguss|0 fnt\n|faint|p1a: Amoonguss\n|move|p1b: Terapagos|Tera Starstorm|p2a: Entei|[spread] p2a,p2b\n|-damage|p2a: Entei|57/100\n|-enditem|p2b: Smeargle|Focus Sash\n|-damage|p2b: Smeargle|1/100\n|\n|-end|p1b: Terapagos|move: Taunt\n|-ability|p2b: Smeargle|Moody|boost\n|-boost|p2b: Smeargle|atk|2\n|-unboost|p2b: Smeargle|spd|1\n|upkeep\n|\n|t:|1772326671\n|switch|p1a: Smeargle|Smeargle, L50, F|100/100\n|turn|5\n|\n|t:|1772326694\n|move|p1a: Smeargle|Follow Me|p1a: Smeargle\n|-singleturn|p1a: Smeargle|move: Follow Me\n|move|p2a: Entei|Sacred Fire|p1a: Smeargle\n|-enditem|p1a: Smeargle|Focus Sash\n|-damage|p1a: Smeargle|1/100\n|-status|p1a: Smeargle|brn\n|move|p2b: Smeargle|Spore||[still]\n|-fail|p2b: Smeargle\n|move|p1b: Terapagos|Tera Starstorm|p2b: Smeargle|[spread] p2a,p2b\n|-damage|p2a: Entei|10/100\n|-damage|p2b: Smeargle|0 fnt\n|faint|p2b: Smeargle\n|\n|-damage|p1a: Smeargle|0 fnt|[from] brn\n|faint|p1a: Smeargle\n|upkeep\n|-message|sirgib forfeited.\n|\n|win|b3testing\n|raw|b3testing's rating: 1219 &rarr; <strong>1254</strong><br />(+35 for winning)\n|raw|sirgib's rating: 1373 &rarr; <strong>1345</strong><br />(-28 for losing)\n|l|\u2606sirgib\n|player|p2|\n","uploadtime":1772326711,"views":13,"formatid":"gen9vgc2026regi","rating":1254,"private":0,"password":null}