{"id":"gen9vgc2026regi-2558973984","format":"[Gen 9] VGC 2026 Reg I","players":["don juan dozo","b3testing"],"log":"|j|\u2606don juan dozo\n|j|\u2606b3testing\n|t:|1773507519\n|gametype|doubles\n|player|p1|don juan dozo|102|1412\n|player|p2|b3testing|266|1511\n|gen|9\n|tier|[Gen 9] VGC 2026 Reg I\n|rated|\n|rule|Species Clause: Limit one of each Pok\u00e9mon\n|rule|Item Clause: Limit 1 of each item\n|clearpoke\n|poke|p1|Calyrex-Shadow, L50|\n|poke|p1|Zamazenta-*, L50|\n|poke|p1|Ting-Lu, L50|\n|poke|p1|Dondozo, L50, M|\n|poke|p1|Chien-Pao, L50|\n|poke|p1|Ogerpon-Hearthflame, L50, F|\n|poke|p2|Terapagos, L50, M|\n|poke|p2|Calyrex-Shadow, L50|\n|poke|p2|Incineroar, L50, M|\n|poke|p2|Amoonguss, L50, F|\n|poke|p2|Tornadus, L50, M|\n|poke|p2|Smeargle, L50, F|\n|teampreview|4\n|inactive|Battle timer is ON: inactive players will automatically lose when time's up. (requested by b3testing)\n|\n|t:|1773507540\n|teamsize|p1|4\n|teamsize|p2|4\n|start\n|switch|p1a: 221 speed|Calyrex-Shadow, L50|100/100\n|switch|p1b: Chromakopia|Ogerpon-Hearthflame, L50, F|100/100\n|switch|p2a: Smeargle|Smeargle, L50, F|100/100\n|switch|p2b: Terapagos|Terapagos, L50, M|100/100\n|-activate|p2b: Terapagos|ability: Tera Shift\n|detailschange|p2b: Terapagos|Terapagos-Terastal, L50, M\n|-heal|p2b: Terapagos|100/100|[silent]\n|-ability|p1a: 221 speed|As One\n|-ability|p1a: 221 speed|Unnerve\n|-ability|p1b: Chromakopia|Mold Breaker\n|turn|1\n|j| sgafdthrydjtd\n|inactive|don juan dozo has 30 seconds left.\n|\n|t:|1773507574\n|move|p1a: 221 speed|Psychic|p2a: Smeargle\n|-enditem|p2a: Smeargle|Focus Sash\n|-damage|p2a: Smeargle|1/100\n|move|p1b: Chromakopia|Ivy Cudgel|p2a: Smeargle|[anim] Ivy Cudgel Fire\n|-damage|p2a: Smeargle|0 fnt\n|faint|p2a: Smeargle\n|move|p2b: Terapagos|Tera Starstorm|p1b: Chromakopia\n|-damage|p1b: Chromakopia|25/100\n|\n|upkeep\n|\n|t:|1773507578\n|switch|p2a: Calyrex|Calyrex-Shadow, L50|100/100\n|-ability|p2a: Calyrex|As One\n|-ability|p2a: Calyrex|Unnerve\n|turn|2\n|inactive|don juan dozo has 30 seconds left.\n|inactive|b3testing has 30 seconds left.\n|\n|t:|1773507609\n|switch|p1b: Magnus Carlsen|Zamazenta-Crowned, L50|100/100\n|-ability|p1b: Magnus Carlsen|Dauntless Shield|boost\n|-boost|p1b: Magnus Carlsen|def|1\n|-terastallize|p2b: Terapagos|Stellar\n|detailschange|p2b: Terapagos|Terapagos-Stellar, L50, M, tera:Stellar\n|-heal|p2b: Terapagos|100/100|[silent]\n|move|p2a: Calyrex|Protect|p2a: Calyrex\n|-singleturn|p2a: Calyrex|Protect\n|move|p1a: 221 speed|Astral Barrage|p2a: Calyrex|[spread] \n|-activate|p2a: Calyrex|move: Protect\n|-immune|p2b: Terapagos\n|move|p2b: Terapagos|Tera Starstorm|p1a: 221 speed|[spread] p1a,p1b\n|-damage|p1a: 221 speed|58/100\n|-damage|p1b: Magnus Carlsen|68/100\n|\n|upkeep\n|turn|3\n|\n|t:|1773507630\n|move|p2b: Terapagos|Protect|p2b: Terapagos\n|-singleturn|p2b: Terapagos|Protect\n|move|p1b: Magnus Carlsen|Wide Guard|p1b: Magnus Carlsen\n|-singleturn|p1b: Magnus Carlsen|Wide Guard\n|move|p2a: Calyrex|Disable|p1a: 221 speed\n|-start|p1a: 221 speed|Disable|Astral Barrage\n|cant|p1a: 221 speed|Disable|Astral Barrage\n|\n|upkeep\n|turn|4\n|\n|t:|1773507642\n|move|p1b: Magnus Carlsen|Wide Guard|p1b: Magnus Carlsen\n|-singleturn|p1b: Magnus Carlsen|Wide Guard\n|move|p2a: Calyrex|Encore|p1b: Magnus Carlsen\n|-start|p1b: Magnus Carlsen|Encore\n|move|p1a: 221 speed|Encore|p2b: Terapagos\n|-start|p2b: Terapagos|Encore\n|move|p2b: Terapagos|Protect||[still]\n|-fail|p2b: Terapagos\n|\n|upkeep\n|turn|5\n|\n|t:|1773507654\n|switch|p2b: Amoonguss|Amoonguss, L50, F|100/100\n|move|p1b: Magnus Carlsen|Wide Guard|p1b: Magnus Carlsen\n|-singleturn|p1b: Magnus Carlsen|Wide Guard\n|move|p1a: 221 speed|Encore||[still]\n|-fail|p1a: 221 speed\n|move|p2a: Calyrex|Astral Barrage|p1a: 221 speed|[spread] \n|-activate|p1a: 221 speed|move: Wide Guard\n|-activate|p1b: Magnus Carlsen|move: Wide Guard\n|\n|upkeep\n|turn|6\n|inactive|b3testing has 30 seconds left.\n|inactive|b3testing has 20 seconds left.\n|inactive|b3testing has 15 seconds left.\n|\n|t:|1773507696\n|move|p1b: Magnus Carlsen|Wide Guard|p1b: Magnus Carlsen\n|-singleturn|p1b: Magnus Carlsen|Wide Guard\n|move|p1a: 221 speed|Psychic|p2b: Amoonguss\n|-supereffective|p2b: Amoonguss\n|-damage|p2b: Amoonguss|0 fnt\n|faint|p2b: Amoonguss\n|-ability|p1a: 221 speed|Grim Neigh|boost\n|-boost|p1a: 221 speed|spa|1\n|move|p2a: Calyrex|Disable|p1b: Magnus Carlsen\n|-start|p1b: Magnus Carlsen|Disable|Wide Guard\n|\n|-end|p1a: 221 speed|Disable\n|upkeep\n|\n|t:|1773507699\n|switch|p2b: Terapagos|Terapagos-Stellar, L50, M, tera:Stellar|100/100\n|turn|7\n|\n|t:|1773507715\n|switch|p1b: Chromakopia|Ogerpon-Hearthflame, L50, F|25/100\n|-ability|p1b: Chromakopia|Mold Breaker\n|move|p2a: Calyrex|Astral Barrage|p1a: 221 speed|[spread] p1a,p1b\n|-supereffective|p1a: 221 speed\n|-damage|p1a: 221 speed|0 fnt\n|-damage|p1b: Chromakopia|0 fnt\n|faint|p1a: 221 speed\n|faint|p1b: Chromakopia\n|-ability|p2a: Calyrex|Grim Neigh|boost\n|-boost|p2a: Calyrex|spa|2\n|-damage|p2a: Calyrex|91/100|[from] item: Life Orb\n|move|p2b: Terapagos|Calm Mind|p2b: Terapagos\n|-boost|p2b: Terapagos|spa|1\n|-boost|p2b: Terapagos|spd|1\n|\n|upkeep\n|inactive|don juan dozo has 30 seconds left.\n|inactive|don juan dozo has 20 seconds left.\n|inactive|don juan dozo has 15 seconds left.\n|\n|t:|1773507757\n|switch|p1a: Emergency Button|Chien-Pao, L50|100/100\n|switch|p1b: Magnus Carlsen|Zamazenta-Crowned, L50|68/100\n|-ability|p1a: Emergency Button|Sword of Ruin\n|turn|8\n|\n|t:|1773507772\n|move|p2a: Calyrex|Protect|p2a: Calyrex\n|-singleturn|p2a: Calyrex|Protect\n|move|p2b: Terapagos|Protect|p2b: Terapagos\n|-singleturn|p2b: Terapagos|Protect\n|move|p1a: Emergency Button|Throat Chop|p2b: Terapagos\n|-activate|p2b: Terapagos|move: Protect\n|move|p1b: Magnus Carlsen|Body Press|p2b: Terapagos\n|-activate|p2b: Terapagos|move: Protect\n|\n|upkeep\n|turn|9\n|j| iamanewbie2\n|inactive|b3testing has 30 seconds left.\n|\n|t:|1773507803\n|move|p1b: Magnus Carlsen|Protect|p1b: Magnus Carlsen\n|-singleturn|p1b: Magnus Carlsen|Protect\n|move|p2a: Calyrex|Disable|p1a: Emergency Button\n|-start|p1a: Emergency Button|Disable|Throat Chop\n|cant|p1a: Emergency Button|Disable|Throat Chop\n|move|p2b: Terapagos|Earth Power|p1b: Magnus Carlsen\n|-activate|p1b: Magnus Carlsen|move: Protect\n|\n|upkeep\n|turn|10\n|\n|t:|1773507818\n|move|p1a: Emergency Button|Ice Shard|p2a: Calyrex\n|-damage|p2a: Calyrex|42/100\n|-damage|p1a: Emergency Button|91/100|[from] item: Life Orb\n|move|p2a: Calyrex|Encore|p1b: Magnus Carlsen\n|-start|p1b: Magnus Carlsen|Encore\n|move|p1b: Magnus Carlsen|Protect|p1b: Magnus Carlsen\n|-singleturn|p1b: Magnus Carlsen|Protect\n|move|p2b: Terapagos|Earth Power|p1a: Emergency Button\n|-damage|p1a: Emergency Button|0 fnt\n|faint|p1a: Emergency Button\n|\n|upkeep\n|turn|11\n|-message|don juan dozo forfeited.\n|\n|win|b3testing\n|raw|don juan dozo's rating: 1389 &rarr; <strong>1376</strong><br />(-13 for losing)\n|raw|b3testing's rating: 1511 &rarr; <strong>1524</strong><br />(+13 for winning)\n|l|\u2606don juan dozo\n|player|p1|\n|l| sgafdthrydjtd\n|l|\u2606b3testing\n|player|p2|\n|l| iamanewbie2\n","uploadtime":1773508042,"views":19,"formatid":"gen9vgc2026regi","rating":1376,"private":0,"password":null}