{"id":"gen9vgc2026regi-2525221055","format":"[Gen 9] VGC 2026 Reg I","players":["blackred123","dirk2202"],"log":"|j|\u2606blackred123\n|j|\u2606dirk2202\n|t:|1769251843\n|gametype|doubles\n|player|p1|blackred123|iono-masters|1404\n|player|p2|dirk2202|2|1321\n|gen|9\n|tier|[Gen 9] VGC 2026 Reg I\n|rated|\n|rule|Species Clause: Limit one of each Pok\u00e9mon\n|rule|Item Clause: Limit 1 of each item\n|clearpoke\n|poke|p1|Kyogre, L50|\n|poke|p1|Calyrex-Ice, L50|\n|poke|p1|Iron Jugulis, L50|\n|poke|p1|Amoonguss, L50, F|\n|poke|p1|Indeedee-F, L50, F|\n|poke|p1|Urshifu-*, L50, F|\n|poke|p2|Calyrex-Ice, L50|\n|poke|p2|Miraidon, L50|\n|poke|p2|Volcarona, L50, F|\n|poke|p2|Urshifu-*, L50, F|\n|poke|p2|Sinistcha-Masterpiece, L50|\n|poke|p2|Grimmsnarl, L50, M|\n|teampreview|4\n|inactive|Battle timer is ON: inactive players will automatically lose when time's up. (requested by dirk2202)\n|inactive|blackred123 also wants the timer to be on.\n|inactive|dirk2202 has 60 seconds left.\n|\n|t:|1769251875\n|teamsize|p1|4\n|teamsize|p2|4\n|start\n|switch|p1a: Calyrex|Calyrex-Ice, L50|100/100\n|switch|p1b: Indeedee|Indeedee-F, L50, F|100/100\n|switch|p2a: Grimmsnarl|Grimmsnarl, L50, M|100/100\n|switch|p2b: Calyrex|Calyrex-Ice, L50|100/100\n|-ability|p1a: Calyrex|As One\n|-ability|p1a: Calyrex|Unnerve\n|-ability|p2b: Calyrex|As One\n|-ability|p2b: Calyrex|Unnerve\n|-fieldstart|move: Psychic Terrain|[from] ability: Psychic Surge|[of] p1b: Indeedee\n|turn|1\n|\n|t:|1769251891\n|move|p1b: Indeedee|Helping Hand|p1a: Calyrex\n|-singleturn|p1a: Calyrex|Helping Hand|[of] p1b: Indeedee\n|move|p2a: Grimmsnarl|Reflect|p2a: Grimmsnarl\n|-sidestart|p2: dirk2202|Reflect\n|move|p1a: Calyrex|Glacial Lance|p2a: Grimmsnarl|[spread] p2a,p2b\n|-resisted|p2b: Calyrex\n|-damage|p2a: Grimmsnarl|46/100\n|-damage|p2b: Calyrex|85/100\n|move|p2b: Calyrex|Leech Seed|p1a: Calyrex\n|-start|p1a: Calyrex|move: Leech Seed\n|\n|-heal|p2b: Calyrex|90/100|[from] item: Leftovers\n|-damage|p1a: Calyrex|88/100|[from] Leech Seed|[of] p2b: Calyrex\n|-heal|p2b: Calyrex|100/100|[silent]\n|upkeep\n|turn|2\n|\n|t:|1769251908\n|switch|p2a: Urshifu|Urshifu-Rapid-Strike, L50, F|100/100\n|move|p1b: Indeedee|Helping Hand|p1a: Calyrex\n|-singleturn|p1a: Calyrex|Helping Hand|[of] p1b: Indeedee\n|move|p1a: Calyrex|Glacial Lance|p2b: Calyrex|[spread] p2a,p2b\n|-resisted|p2a: Urshifu\n|-resisted|p2b: Calyrex\n|-crit|p2b: Calyrex\n|-damage|p2a: Urshifu|76/100\n|-damage|p2b: Calyrex|58/100\n|move|p2b: Calyrex|Glacial Lance|p1b: Indeedee|[spread] p1a,p1b\n|-resisted|p1a: Calyrex\n|-damage|p1a: Calyrex|73/100\n|-damage|p1b: Indeedee|47/100\n|-enditem|p1b: Indeedee|Eject Button\n|\n|t:|1769251916\n|switch|p1b: Kyogre|Kyogre, L50|100/100\n|-weather|RainDance|[from] ability: Drizzle|[of] p1b: Kyogre\n|\n|-weather|RainDance|[upkeep]\n|-heal|p2b: Calyrex|64/100|[from] item: Leftovers\n|-damage|p1a: Calyrex|61/100|[from] Leech Seed|[of] p2b: Calyrex\n|-heal|p2b: Calyrex|76/100|[silent]\n|upkeep\n|turn|3\n|\n|t:|1769251938\n|switch|p1a: Iron Jugulis|Iron Jugulis, L50|100/100\n|-enditem|p1a: Iron Jugulis|Booster Energy\n|-activate|p1a: Iron Jugulis|ability: Quark Drive|[fromitem]\n|-start|p1a: Iron Jugulis|quarkdrivespe\n|-terastallize|p2a: Urshifu|Water\n|-terastallize|p1b: Kyogre|Water\n|move|p2b: Calyrex|Protect|p2b: Calyrex\n|-singleturn|p2b: Calyrex|Protect\n|move|p2a: Urshifu|Surging Strikes|p1b: Kyogre\n|-resisted|p1b: Kyogre\n|-crit|p1b: Kyogre\n|-damage|p1b: Kyogre|74/100\n|-resisted|p1b: Kyogre\n|-crit|p1b: Kyogre\n|-damage|p1b: Kyogre|52/100\n|-resisted|p1b: Kyogre\n|-crit|p1b: Kyogre\n|-damage|p1b: Kyogre|27/100\n|-hitcount|p1b: Kyogre|3\n|move|p1b: Kyogre|Origin Pulse|p2a: Urshifu|[spread] p2a\n|-activate|p2b: Calyrex|move: Protect\n|-resisted|p2a: Urshifu\n|-damage|p2a: Urshifu|0 fnt\n|faint|p2a: Urshifu\n|\n|-weather|RainDance|[upkeep]\n|-heal|p2b: Calyrex|82/100|[from] item: Leftovers\n|upkeep\n|\n|t:|1769251960\n|switch|p2a: Miraidon|Miraidon, L50|100/100\n|-fieldstart|move: Electric Terrain|[from] ability: Hadron Engine|[of] p2a: Miraidon\n|turn|4\n|\n|t:|1769251967\n|move|p1a: Iron Jugulis|Tailwind|p1a: Iron Jugulis\n|-sidestart|p1: blackred123|move: Tailwind\n|move|p1b: Kyogre|Origin Pulse|p2a: Miraidon|[spread] p2a,p2b\n|-resisted|p2a: Miraidon\n|-damage|p2a: Miraidon|58/100\n|-damage|p2b: Calyrex|0 fnt\n|faint|p2b: Calyrex\n|move|p2a: Miraidon|Volt Switch|p1b: Kyogre\n|-supereffective|p1b: Kyogre\n|-damage|p1b: Kyogre|0 fnt\n|faint|p1b: Kyogre\n|\n|t:|1769251972\n|switch|p2a: Grimmsnarl|Grimmsnarl, L50, M|46/100|[from] Volt Switch\n|\n|-weather|RainDance|[upkeep]\n|upkeep\n|\n|t:|1769251985\n|switch|p1b: Indeedee|Indeedee-F, L50, F|47/100\n|switch|p2b: Miraidon|Miraidon, L50|58/100\n|-fieldstart|move: Psychic Terrain|[from] ability: Psychic Surge|[of] p1b: Indeedee\n|-fieldstart|move: Electric Terrain|[from] ability: Hadron Engine|[of] p2b: Miraidon\n|turn|5\n|\n|t:|1769251995\n|move|p1b: Indeedee|Follow Me|p1b: Indeedee\n|-singleturn|p1b: Indeedee|move: Follow Me\n|move|p2a: Grimmsnarl|Light Screen|p2a: Grimmsnarl\n|-sidestart|p2: dirk2202|move: Light Screen\n|move|p1a: Iron Jugulis|Hurricane|p2a: Grimmsnarl\n|-damage|p2a: Grimmsnarl|19/100\n|move|p2b: Miraidon|Electro Drift|p1b: Indeedee\n|-damage|p1b: Indeedee|0 fnt\n|faint|p1b: Indeedee\n|\n|-weather|RainDance|[upkeep]\n|upkeep\n|\n|t:|1769252002\n|switch|p1b: Calyrex|Calyrex-Ice, L50|61/100\n|-ability|p1b: Calyrex|As One\n|-ability|p1b: Calyrex|Unnerve\n|turn|6\n|\n|t:|1769252019\n|move|p1a: Iron Jugulis|Snarl|p2a: Grimmsnarl|[spread] p2a,p2b\n|-resisted|p2a: Grimmsnarl\n|-damage|p2a: Grimmsnarl|17/100\n|-damage|p2b: Miraidon|52/100\n|-unboost|p2a: Grimmsnarl|spa|1\n|-unboost|p2b: Miraidon|spa|1\n|move|p2b: Miraidon|Electro Drift|p1b: Calyrex\n|-damage|p1b: Calyrex|20/100\n|move|p2a: Grimmsnarl|Spirit Break|p1a: Iron Jugulis\n|-supereffective|p1a: Iron Jugulis\n|-damage|p1a: Iron Jugulis|43/100\n|-unboost|p1a: Iron Jugulis|spa|1\n|move|p1b: Calyrex|Trick Room|p1b: Calyrex\n|-fieldstart|move: Trick Room|[of] p1b: Calyrex\n|\n|-weather|none\n|upkeep\n|turn|7\n|\n|t:|1769252033\n|move|p2a: Grimmsnarl|Scary Face|p2b: Miraidon\n|-unboost|p2b: Miraidon|spe|2\n|move|p2b: Miraidon|Electro Drift|p1b: Calyrex\n|-damage|p1b: Calyrex|0 fnt\n|faint|p1b: Calyrex\n|move|p1a: Iron Jugulis|Snarl|p2a: Grimmsnarl|[spread] p2a,p2b\n|-resisted|p2a: Grimmsnarl\n|-damage|p2a: Grimmsnarl|15/100\n|-damage|p2b: Miraidon|48/100\n|-unboost|p2a: Grimmsnarl|spa|1\n|-unboost|p2b: Miraidon|spa|1\n|\n|-sideend|p1: blackred123|move: Tailwind\n|upkeep\n|turn|8\n|\n|t:|1769252045\n|move|p2a: Grimmsnarl|Scary Face|p2b: Miraidon\n|-unboost|p2b: Miraidon|spe|2\n|move|p2b: Miraidon|Electro Drift|p1a: Iron Jugulis\n|-supereffective|p1a: Iron Jugulis\n|-damage|p1a: Iron Jugulis|0 fnt\n|faint|p1a: Iron Jugulis\n|-end|p1a: Iron Jugulis|Quark Drive|[silent]\n|\n|win|dirk2202\n|raw|blackred123's rating: 1404 &rarr; <strong>1379</strong><br />(-25 for losing)\n|raw|dirk2202's rating: 1321 &rarr; <strong>1346</strong><br />(+25 for winning)\n|l|\u2606dirk2202\n|player|p2|\n|l|\u2606blackred123\n|player|p1|\n","uploadtime":1769252403,"views":13,"formatid":"gen9vgc2026regi","rating":1346,"private":0,"password":null}