{"id":"gen9vgc2026regi-2573550703","format":"[Gen 9] VGC 2026 Reg I","players":["hajr27","asroarri"],"log":"|j|\u2606hajr27\n|j|\u2606asroarri\n|t:|1775146020\n|gametype|doubles\n|player|p1|hajr27|lucas|1195\n|player|p2|asroarri|dawn|1251\n|gen|9\n|tier|[Gen 9] VGC 2026 Reg I\n|rated|\n|rule|Species Clause: Limit one of each Pok\u00e9mon\n|rule|Item Clause: Limit 1 of each item\n|clearpoke\n|poke|p1|Calyrex-Ice, L50|\n|poke|p1|Toxapex, L50, F|\n|poke|p1|Incineroar, L50, F|\n|poke|p1|Rillaboom, L50, M|\n|poke|p1|Iron Hands, L50|\n|poke|p1|Lunala, L50|\n|poke|p2|Kyogre, L50|\n|poke|p2|Eternatus, L50|\n|poke|p2|Iron Crown, L50|\n|poke|p2|Indeedee-F, L50, F|\n|poke|p2|Overqwil, L50, F|\n|poke|p2|Araquanid, L50, M|\n|teampreview|4\n|inactive|Battle timer is ON: inactive players will automatically lose when time's up. (requested by hajr27)\n|\n|t:|1775146044\n|teamsize|p1|4\n|teamsize|p2|4\n|start\n|switch|p1a: Incineroar|Incineroar, L50, F|100/100\n|switch|p1b: Calyrex|Calyrex-Ice, L50|100/100\n|switch|p2a: Kyogre|Kyogre, L50|100/100\n|switch|p2b: Overqwil|Overqwil, L50, F|100/100\n|-ability|p1b: Calyrex|As One\n|-ability|p1b: Calyrex|Unnerve\n|-weather|RainDance|[from] ability: Drizzle|[of] p2a: Kyogre\n|-ability|p1a: Incineroar|Intimidate|boost\n|-unboost|p2a: Kyogre|atk|1\n|-unboost|p2b: Overqwil|atk|1\n|turn|1\n|\n|t:|1775146061\n|move|p1a: Incineroar|Fake Out|p2a: Kyogre\n|-crit|p2a: Kyogre\n|-damage|p2a: Kyogre|82/100\n|move|p2b: Overqwil|Taunt|p1b: Calyrex\n|-start|p1b: Calyrex|move: Taunt\n|cant|p2a: Kyogre|flinch\n|move|p1b: Calyrex|Glacial Lance|p2a: Kyogre|[spread] p2a,p2b\n|-resisted|p2a: Kyogre\n|-damage|p2a: Kyogre|55/100\n|-damage|p2b: Overqwil|52/100\n|\n|-weather|RainDance|[upkeep]\n|upkeep\n|turn|2\n|\n|t:|1775146077\n|switch|p1a: Iron Hands|Iron Hands, L50|100/100\n|-terastallize|p2a: Kyogre|Water\n|move|p2b: Overqwil|Crunch|p1b: Calyrex\n|-supereffective|p1b: Calyrex\n|-damage|p1b: Calyrex|73/100\n|move|p2a: Kyogre|Water Spout|p1b: Calyrex|[spread] p1a,p1b\n|-damage|p1a: Iron Hands|50/100\n|-damage|p1b: Calyrex|19/100\n|move|p1b: Calyrex|Glacial Lance|p2b: Overqwil|[spread] p2a,p2b\n|-resisted|p2a: Kyogre\n|-damage|p2a: Kyogre|27/100\n|-damage|p2b: Overqwil|3/100\n|\n|-weather|RainDance|[upkeep]\n|-heal|p1b: Calyrex|25/100|[from] item: Leftovers\n|upkeep\n|turn|3\n|\n|t:|1775146095\n|switch|p2b: Indeedee|Indeedee-F, L50, F|100/100\n|-fieldstart|move: Psychic Terrain|[from] ability: Psychic Surge|[of] p2b: Indeedee\n|switch|p1b: Lunala|Lunala, L50|100/100\n|move|p1a: Iron Hands|Fake Out|p2b: Indeedee\n|-activate|p2b: Indeedee|move: Psychic Terrain\n|move|p2a: Kyogre|Origin Pulse|p1b: Lunala|[spread] p1a,p1b\n|-damage|p1a: Iron Hands|0 fnt\n|-damage|p1b: Lunala|60/100\n|faint|p1a: Iron Hands\n|-end|p1a: Iron Hands|Quark Drive|[silent]\n|\n|-weather|RainDance|[upkeep]\n|upkeep\n|\n|t:|1775146100\n|switch|p1a: Incineroar|Incineroar, L50, F|100/100\n|-ability|p1a: Incineroar|Intimidate|boost\n|-unboost|p2a: Kyogre|atk|1\n|-unboost|p2b: Indeedee|atk|1\n|turn|4\n|\n|t:|1775146117\n|-terastallize|p1a: Incineroar|Water\n|move|p2b: Indeedee|Follow Me|p2b: Indeedee\n|-singleturn|p2b: Indeedee|move: Follow Me\n|move|p2a: Kyogre|Hydro Pump|p1b: Lunala\n|-damage|p1b: Lunala|0 fnt\n|faint|p1b: Lunala\n|move|p1a: Incineroar|Knock Off|p2b: Indeedee\n|-supereffective|p2b: Indeedee\n|-damage|p2b: Indeedee|32/100\n|-enditem|p2b: Indeedee|Safety Goggles|[from] move: Knock Off|[of] p1a: Incineroar\n|\n|-weather|RainDance|[upkeep]\n|upkeep\n|\n|t:|1775146124\n|switch|p1b: Calyrex|Calyrex-Ice, L50|25/100\n|-ability|p1b: Calyrex|As One\n|-ability|p1b: Calyrex|Unnerve\n|turn|5\n|\n|t:|1775146132\n|move|p1b: Calyrex|Protect|p1b: Calyrex\n|-singleturn|p1b: Calyrex|Protect\n|move|p2b: Indeedee|Follow Me|p2b: Indeedee\n|-singleturn|p2b: Indeedee|move: Follow Me\n|move|p2a: Kyogre|Water Spout|p1b: Calyrex|[spread] p1a\n|-activate|p1b: Calyrex|move: Protect\n|-resisted|p1a: Incineroar\n|-damage|p1a: Incineroar|86/100\n|move|p1a: Incineroar|Knock Off|p2b: Indeedee\n|-supereffective|p2b: Indeedee\n|-damage|p2b: Indeedee|0 fnt\n|faint|p2b: Indeedee\n|\n|-weather|none\n|-heal|p1b: Calyrex|31/100|[from] item: Leftovers\n|upkeep\n|\n|t:|1775146135\n|switch|p2b: Eternatus|Eternatus, L50|100/100\n|-ability|p2b: Eternatus|Pressure\n|turn|6\n|\n|t:|1775146146\n|move|p2b: Eternatus|Dynamax Cannon|p1b: Calyrex\n|-damage|p1b: Calyrex|0 fnt\n|faint|p1b: Calyrex\n|move|p2a: Kyogre|Origin Pulse|p1a: Incineroar\n|-resisted|p1a: Incineroar\n|-damage|p1a: Incineroar|45/100\n|-enditem|p1a: Incineroar|Sitrus Berry|[eat]\n|-heal|p1a: Incineroar|70/100|[from] item: Sitrus Berry\n|move|p1a: Incineroar|Knock Off|p2a: Kyogre\n|-damage|p2a: Kyogre|0 fnt\n|-enditem|p2a: Kyogre|Mystic Water|[from] move: Knock Off|[of] p1a: Incineroar\n|faint|p2a: Kyogre\n|\n|upkeep\n|\n|t:|1775146154\n|switch|p2a: Overqwil|Overqwil, L50, F|3/100\n|turn|7\n|-message|hajr27 forfeited.\n|\n|win|asroarri\n|raw|hajr27's rating: 1195 &rarr; <strong>1174</strong><br />(-21 for losing)\n|raw|asroarri's rating: 1251 &rarr; <strong>1272</strong><br />(+21 for winning)\n|l|\u2606hajr27\n|player|p1|\n|l|\u2606asroarri\n|player|p2|\n","uploadtime":1775146300,"views":11,"formatid":"gen9vgc2026regi","rating":1174,"private":0,"password":null}