{"id":"gen9vgc2026regi-2558149149","format":"[Gen 9] VGC 2026 Reg I","players":["KUTF1","BanKingambit69247"],"log":"|j|\u2606KUTF1\n|j|\u2606BanKingambit69247\n|t:|1773408360\n|gametype|doubles\n|player|p1|KUTF1|iris-gen5bw2|1346\n|player|p2|BanKingambit69247|169|1535\n|gen|9\n|tier|[Gen 9] VGC 2026 Reg I\n|rated|\n|rule|Species Clause: Limit one of each Pok\u00e9mon\n|rule|Item Clause: Limit 1 of each item\n|clearpoke\n|poke|p1|Terapagos, L50, M|\n|poke|p1|Whimsicott, L50, F|\n|poke|p1|Zamazenta-*, L50|\n|poke|p1|Zoroark-Hisui, L50, M|\n|poke|p1|Kingambit, L50, M|\n|poke|p1|Chi-Yu, L50|\n|poke|p2|Calyrex-Shadow, L50|\n|poke|p2|Zamazenta-*, L50|\n|poke|p2|Chien-Pao, L50|\n|poke|p2|Smeargle, L50, M|\n|poke|p2|Tatsugiri-Droopy, L50, F|\n|poke|p2|Dondozo, L50, F|\n|teampreview|4\n|inactive|Battle timer is ON: inactive players will automatically lose when time's up. (requested by KUTF1)\n|\n|t:|1773408383\n|teamsize|p1|4\n|teamsize|p2|4\n|start\n|switch|p1a: The Solar Flare|Chi-Yu, L50|100/100\n|switch|p1b: The Darkest Day|Whimsicott, L50, F, shiny|100/100\n|switch|p2a: \u8bf6\u4f60\u600e\u4e48\u6b7b\u4e86?\u267f\u267f\u267f|Calyrex-Shadow, L50|100/100\n|switch|p2b: \u773c\u795e\u5446\u6ede\ud83e\udd2a|Dondozo, L50, F, shiny|100/100\n|-ability|p2a: \u8bf6\u4f60\u600e\u4e48\u6b7b\u4e86?\u267f\u267f\u267f|As One\n|-ability|p2a: \u8bf6\u4f60\u600e\u4e48\u6b7b\u4e86?\u267f\u267f\u267f|Unnerve\n|-ability|p1a: The Solar Flare|Beads of Ruin\n|turn|1\n|\n|t:|1773408396\n|switch|p2a: \u767d\u8272\u5c0f\u6590\u6d4e\u5317\ud83d\ude0b|Tatsugiri-Droopy, L50, F, shiny|100/100\n|-activate|p2a: \u767d\u8272\u5c0f\u6590\u6d4e\u5317\ud83d\ude0b|ability: Commander|[of] p2b: \u773c\u795e\u5446\u6ede\ud83e\udd2a\n|-boost|p2b: \u773c\u795e\u5446\u6ede\ud83e\udd2a|atk|2\n|-boost|p2b: \u773c\u795e\u5446\u6ede\ud83e\udd2a|spa|2\n|-boost|p2b: \u773c\u795e\u5446\u6ede\ud83e\udd2a|spe|2\n|-boost|p2b: \u773c\u795e\u5446\u6ede\ud83e\udd2a|def|2\n|-boost|p2b: \u773c\u795e\u5446\u6ede\ud83e\udd2a|spd|2\n|move|p1b: The Darkest Day|Taunt|p2b: \u773c\u795e\u5446\u6ede\ud83e\udd2a\n|-start|p2b: \u773c\u795e\u5446\u6ede\ud83e\udd2a|move: Taunt\n|move|p1a: The Solar Flare|Snarl|p2b: \u773c\u795e\u5446\u6ede\ud83e\udd2a|[spread] p2b\n|-miss|p1a: The Solar Flare|p2a: \u767d\u8272\u5c0f\u6590\u6d4e\u5317\ud83d\ude0b\n|-damage|p2b: \u773c\u795e\u5446\u6ede\ud83e\udd2a|89/100\n|-unboost|p2b: \u773c\u795e\u5446\u6ede\ud83e\udd2a|spa|1\n|move|p2b: \u773c\u795e\u5446\u6ede\ud83e\udd2a|Heavy Slam|p1b: The Darkest Day\n|-supereffective|p1b: The Darkest Day\n|-damage|p1b: The Darkest Day|0 fnt\n|faint|p1b: The Darkest Day\n|\n|-heal|p2b: \u773c\u795e\u5446\u6ede\ud83e\udd2a|95/100|[from] item: Leftovers\n|upkeep\n|\n|t:|1773408409\n|switch|p1b: The Ring of Saturn|Zamazenta-Crowned, L50, shiny|100/100\n|-ability|p1b: The Ring of Saturn|Dauntless Shield|boost\n|-boost|p1b: The Ring of Saturn|def|1\n|turn|2\n|\n|t:|1773408415\n|move|p1a: The Solar Flare|Snarl|p2b: \u773c\u795e\u5446\u6ede\ud83e\udd2a|[spread] p2b\n|-miss|p1a: The Solar Flare|p2a: \u767d\u8272\u5c0f\u6590\u6d4e\u5317\ud83d\ude0b\n|-crit|p2b: \u773c\u795e\u5446\u6ede\ud83e\udd2a\n|-damage|p2b: \u773c\u795e\u5446\u6ede\ud83e\udd2a|59/100\n|-unboost|p2b: \u773c\u795e\u5446\u6ede\ud83e\udd2a|spa|1\n|move|p1b: The Ring of Saturn|Body Press|p2b: \u773c\u795e\u5446\u6ede\ud83e\udd2a\n|-damage|p2b: \u773c\u795e\u5446\u6ede\ud83e\udd2a|45/100\n|move|p2b: \u773c\u795e\u5446\u6ede\ud83e\udd2a|Order Up|p1a: The Solar Flare\n|-damage|p1a: The Solar Flare|41/100\n|-boost|p2b: \u773c\u795e\u5446\u6ede\ud83e\udd2a|def|1\n|\n|-heal|p2b: \u773c\u795e\u5446\u6ede\ud83e\udd2a|51/100|[from] item: Leftovers\n|upkeep\n|turn|3\n|\n|t:|1773408425\n|move|p1a: The Solar Flare|Snarl|p2a: \u767d\u8272\u5c0f\u6590\u6d4e\u5317\ud83d\ude0b|[spread] p2b\n|-miss|p1a: The Solar Flare|p2a: \u767d\u8272\u5c0f\u6590\u6d4e\u5317\ud83d\ude0b\n|-damage|p2b: \u773c\u795e\u5446\u6ede\ud83e\udd2a|40/100\n|-unboost|p2b: \u773c\u795e\u5446\u6ede\ud83e\udd2a|spa|1\n|move|p1b: The Ring of Saturn|Body Press|p2b: \u773c\u795e\u5446\u6ede\ud83e\udd2a\n|-damage|p2b: \u773c\u795e\u5446\u6ede\ud83e\udd2a|30/100\n|move|p2b: \u773c\u795e\u5446\u6ede\ud83e\udd2a|Order Up|p1a: The Solar Flare\n|-damage|p1a: The Solar Flare|0 fnt\n|faint|p1a: The Solar Flare\n|-boost|p2b: \u773c\u795e\u5446\u6ede\ud83e\udd2a|def|1\n|\n|-heal|p2b: \u773c\u795e\u5446\u6ede\ud83e\udd2a|37/100|[from] item: Leftovers\n|-end|p2b: \u773c\u795e\u5446\u6ede\ud83e\udd2a|move: Taunt\n|upkeep\n|\n|t:|1773408431\n|switch|p1a: The Meteorite|Terapagos, L50, M|100/100\n|-activate|p1a: The Meteorite|ability: Tera Shift\n|detailschange|p1a: The Meteorite|Terapagos-Terastal, L50, M\n|-heal|p1a: The Meteorite|100/100|[silent]\n|turn|4\n|\n|t:|1773408436\n|move|p2b: \u773c\u795e\u5446\u6ede\ud83e\udd2a|Protect|p2b: \u773c\u795e\u5446\u6ede\ud83e\udd2a\n|-singleturn|p2b: \u773c\u795e\u5446\u6ede\ud83e\udd2a|Protect\n|move|p1b: The Ring of Saturn|Body Press|p2b: \u773c\u795e\u5446\u6ede\ud83e\udd2a\n|-activate|p2b: \u773c\u795e\u5446\u6ede\ud83e\udd2a|move: Protect\n|move|p1a: The Meteorite|Tera Starstorm|p2b: \u773c\u795e\u5446\u6ede\ud83e\udd2a\n|-activate|p2b: \u773c\u795e\u5446\u6ede\ud83e\udd2a|move: Protect\n|\n|-heal|p2b: \u773c\u795e\u5446\u6ede\ud83e\udd2a|43/100|[from] item: Leftovers\n|upkeep\n|turn|5\n|\n|t:|1773408441\n|move|p1b: The Ring of Saturn|Body Press|p2b: \u773c\u795e\u5446\u6ede\ud83e\udd2a\n|-damage|p2b: \u773c\u795e\u5446\u6ede\ud83e\udd2a|33/100\n|move|p2b: \u773c\u795e\u5446\u6ede\ud83e\udd2a|Order Up|p1a: The Meteorite\n|-activate|p1a: The Meteorite|ability: Tera Shell\n|-resisted|p1a: The Meteorite\n|-damage|p1a: The Meteorite|84/100\n|-boost|p2b: \u773c\u795e\u5446\u6ede\ud83e\udd2a|def|1\n|move|p1a: The Meteorite|Tera Starstorm|p2b: \u773c\u795e\u5446\u6ede\ud83e\udd2a\n|-damage|p2b: \u773c\u795e\u5446\u6ede\ud83e\udd2a|4/100\n|\n|-heal|p2b: \u773c\u795e\u5446\u6ede\ud83e\udd2a|10/100|[from] item: Leftovers\n|upkeep\n|turn|6\n|\n|t:|1773408447\n|move|p2b: \u773c\u795e\u5446\u6ede\ud83e\udd2a|Protect|p2b: \u773c\u795e\u5446\u6ede\ud83e\udd2a\n|-singleturn|p2b: \u773c\u795e\u5446\u6ede\ud83e\udd2a|Protect\n|move|p1b: The Ring of Saturn|Body Press|p2b: \u773c\u795e\u5446\u6ede\ud83e\udd2a\n|-activate|p2b: \u773c\u795e\u5446\u6ede\ud83e\udd2a|move: Protect\n|move|p1a: The Meteorite|Tera Starstorm|p2b: \u773c\u795e\u5446\u6ede\ud83e\udd2a\n|-activate|p2b: \u773c\u795e\u5446\u6ede\ud83e\udd2a|move: Protect\n|\n|-heal|p2b: \u773c\u795e\u5446\u6ede\ud83e\udd2a|16/100|[from] item: Leftovers\n|upkeep\n|turn|7\n|\n|t:|1773408453\n|move|p1b: The Ring of Saturn|Body Press|p2b: \u773c\u795e\u5446\u6ede\ud83e\udd2a\n|-damage|p2b: \u773c\u795e\u5446\u6ede\ud83e\udd2a|8/100\n|move|p2b: \u773c\u795e\u5446\u6ede\ud83e\udd2a|Body Press|p1a: The Meteorite\n|-supereffective|p1a: The Meteorite\n|-damage|p1a: The Meteorite|0 fnt\n|faint|p1a: The Meteorite\n|\n|-heal|p2b: \u773c\u795e\u5446\u6ede\ud83e\udd2a|14/100|[from] item: Leftovers\n|upkeep\n|turn|8\n|-message|KUTF1 forfeited.\n|\n|win|BanKingambit69247\n|raw|KUTF1's rating: 1346 &rarr; <strong>1336</strong><br />(-10 for losing)\n|raw|BanKingambit69247's rating: 1535 &rarr; <strong>1545</strong><br />(+10 for winning)\n|l|\u2606KUTF1\n|player|p1|\n|l|\u2606BanKingambit69247\n|player|p2|\n","uploadtime":1773408462,"views":14,"formatid":"gen9vgc2026regi","rating":1336,"private":0,"password":null}