{"id":"gen9vgc2026regi-2559996719","format":"[Gen 9] VGC 2026 Reg I","players":["speedyturtle87","It'sJustKen VGC"],"log":"|j|\u2606speedyturtle87\n|j|\u2606It'sJustKen VGC\n|t:|1773633472\n|gametype|doubles\n|player|p1|speedyturtle87|canari|\n|player|p2|It'sJustKen VGC|102|\n|gen|9\n|tier|[Gen 9] VGC 2026 Reg I\n|rated|Tournament battle\n|rule|Species Clause: Limit one of each Pok\u00e9mon\n|rule|Item Clause: Limit 1 of each item\n|raw|<div class=\"infobox\"><details class=\"readmore\" open><summary><strong>3 custom rules:</strong></summary> Open Team Sheets, Force Open Team Sheets, !Open Team Sheets</details></div>\n|clearpoke\n|poke|p1|Miraidon, L50|\n|poke|p1|Chi-Yu, L50|\n|poke|p1|Farigiraf, L50, F|\n|poke|p1|Iron Hands, L50|\n|poke|p1|Calyrex-Ice, L50|\n|poke|p1|Urshifu-*, L50, M|\n|poke|p2|Landorus, L50, M|\n|poke|p2|Amoonguss, L50, M|\n|poke|p2|Calyrex-Ice, L50|\n|poke|p2|Incineroar, L50, M|\n|poke|p2|Miraidon, L50|\n|poke|p2|Urshifu-*, L50, M|\n|teampreview|4\n|showteam|p1|Miraidon||ChoiceSpecs|HadronEngine|ElectroDrift,VoltSwitch,DazzlingGleam,DracoMeteor||||||50|,,,,,Fairy]Chi-Yu||ChoiceScarf|BeadsofRuin|HeatWave,Overheat,DarkPulse,Snarl||||||50|,,,,,Ghost]Farigiraf||ElectricSeed|ArmorTail|Psychic,FoulPlay,HelpingHand,TrickRoom|||F|||50|,,,,,Water]Iron Hands||AssaultVest|QuarkDrive|FakeOut,WildCharge,LowKick,DrainPunch||||||50|,,,,,Water]Calyrex-Ice||ClearAmulet|AsOneGlastrier|GlacialLance,HighHorsepower,TrickRoom,Protect||||||50|,,,,,Water]Urshifu-Rapid-Strike||FocusSash|UnseenFist|CloseCombat,SurgingStrikes,AquaJet,Detect|||M|||50|,,,,,Water\n|showteam|p2|Landorus||LifeOrb|SheerForce|Protect,EarthPower,SludgeBomb,SandsearStorm|||M|||50|,,,,,Ground]Amoonguss||SitrusBerry|Regenerator|Protect,PollenPuff,Spore,RagePowder|||M|||50|,,,,,Water]Calyrex-Ice||ClearAmulet|AsOneGlastrier|Protect,GlacialLance,HighHorsepower,TrickRoom||||||50|,,,,,Fire]Incineroar||AssaultVest|Intimidate|FakeOut,Uturn,KnockOff,FlareBlitz|||M|||50|,,,,,Grass]Miraidon||ChoiceSpecs|HadronEngine|ElectroDrift,VoltSwitch,Discharge,DracoMeteor||||||50|,,,,,Electric]Urshifu-Rapid-Strike||ChoiceBand|UnseenFist|SurgingStrikes,CloseCombat,Uturn,AquaJet|||M|||50|,,,,,Ghost\n|inactive|Battle timer is ON: inactive players will automatically lose when time's up. (requested by speedyturtle87)\n|inactive|It'sJustKen VGC also wants the timer to be on.\n|j| H4irashi\n|j| MEXES\n|c|\u2606speedyturtle87|glhf\n|j| toadsamongmen\n|c|\u2606It'sJustKen VGC|u2\n|j| 801344244a\n|j|@Radio Free C-Side\n|j| legbasket\n|inactive|speedyturtle87 has 60 seconds left.\n|\n|t:|1773633506\n|teamsize|p1|4\n|teamsize|p2|4\n|start\n|switch|p1a: Iron Hands|Iron Hands, L50, shiny|100/100\n|switch|p1b: Miraidon|Miraidon, L50|100/100\n|switch|p2a: Russel|Calyrex-Ice, L50|100/100\n|switch|p2b: Hamilton|Incineroar, L50, M|100/100\n|-ability|p2a: Russel|As One\n|-ability|p2a: Russel|Unnerve\n|-fieldstart|move: Electric Terrain|[from] ability: Hadron Engine|[of] p1b: Miraidon\n|-activate|p1a: Iron Hands|ability: Quark Drive\n|-start|p1a: Iron Hands|quarkdriveatk\n|-ability|p2b: Hamilton|Intimidate|boost\n|-unboost|p1a: Iron Hands|atk|1\n|-unboost|p1b: Miraidon|atk|1\n|turn|1\n|j| keahi\n|l| H4irashi\n|\n|t:|1773633529\n|move|p2a: Russel|Protect|p2a: Russel\n|-singleturn|p2a: Russel|Protect\n|move|p1a: Iron Hands|Fake Out|p2a: Russel\n|-activate|p2a: Russel|move: Protect\n|move|p1b: Miraidon|Volt Switch|p2b: Hamilton\n|-damage|p2b: Hamilton|35/100\n|\n|t:|1773633537\n|switch|p1b: Calyrex|Calyrex-Ice, L50|100/100|[from] Volt Switch\n|-ability|p1b: Calyrex|As One\n|-ability|p1b: Calyrex|Unnerve\n|move|p2b: Hamilton|U-turn|p1b: Calyrex\n|-supereffective|p1b: Calyrex\n|-damage|p1b: Calyrex|74/100\n|\n|t:|1773633545\n|switch|p2b: Leclerc|Landorus, L50, M|100/100|[from] U-turn\n|\n|upkeep\n|turn|2\n|\n|t:|1773633561\n|-terastallize|p1a: Iron Hands|Water\n|move|p2b: Leclerc|Protect|p2b: Leclerc\n|-singleturn|p2b: Leclerc|Protect\n|move|p1b: Calyrex|Glacial Lance|p2a: Russel|[spread] p2a\n|-activate|p2b: Leclerc|move: Protect\n|-resisted|p2a: Russel\n|-damage|p2a: Russel|83/100\n|move|p1a: Iron Hands|Low Kick|p2a: Russel\n|-crit|p2a: Russel\n|-damage|p2a: Russel|0 fnt\n|faint|p2a: Russel\n|\n|upkeep\n|c|\u2606It'sJustKen VGC|rlly\n|c|\u2606It'sJustKen VGC|man..\n|\n|t:|1773633576\n|switch|p2a: Hamilton|Incineroar, L50, M|35/100\n|-ability|p2a: Hamilton|Intimidate|boost\n|-unboost|p1a: Iron Hands|atk|1\n|-fail|p1b: Calyrex|unboost|[from] item: Clear Amulet|[of] p1b: Calyrex\n|turn|3\n|c|@Radio Free C-Side|should've calced for the crit\n|\n|t:|1773633586\n|switch|p1b: Farigiraf|Farigiraf, L50, F, shiny|100/100\n|-enditem|p1b: Farigiraf|Electric Seed\n|-boost|p1b: Farigiraf|def|1|[from] item: Electric Seed\n|-terastallize|p2b: Leclerc|Ground\n|move|p2b: Leclerc|Sandsear Storm|p1a: Iron Hands|[spread] p1a,p1b\n|-damage|p1a: Iron Hands|54/100\n|-damage|p1b: Farigiraf|8/100\n|move|p2a: Hamilton|U-turn|p1b: Farigiraf\n|-supereffective|p1b: Farigiraf\n|-damage|p1b: Farigiraf|0 fnt\n|faint|p1b: Farigiraf\n|\n|t:|1773633591\n|switch|p2a: Piastri|Amoonguss, L50, M|100/100|[from] U-turn\n|move|p1a: Iron Hands|Drain Punch|p2a: Piastri\n|-resisted|p2a: Piastri\n|-damage|p2a: Piastri|90/100\n|-heal|p1a: Iron Hands|58/100|[from] drain|[of] p2a: Piastri\n|\n|upkeep\n|\n|t:|1773633604\n|switch|p1b: Calyrex|Calyrex-Ice, L50|74/100\n|-ability|p1b: Calyrex|As One\n|-ability|p1b: Calyrex|Unnerve\n|turn|4\n|\n|t:|1773633625\n|move|p2b: Leclerc|Protect|p2b: Leclerc\n|-singleturn|p2b: Leclerc|Protect\n|move|p1a: Iron Hands|Drain Punch|p2b: Leclerc\n|-activate|p2b: Leclerc|move: Protect\n|move|p1b: Calyrex|Glacial Lance|p2b: Leclerc|[spread] p2a\n|-activate|p2b: Leclerc|move: Protect\n|-supereffective|p2a: Piastri\n|-damage|p2a: Piastri|0 fnt\n|faint|p2a: Piastri\n|-ability|p1b: Calyrex|Chilling Neigh|boost\n|-boost|p1b: Calyrex|atk|1\n|\n|upkeep\n|\n|t:|1773633627\n|switch|p2a: Hamilton|Incineroar, L50, M|35/100\n|-ability|p2a: Hamilton|Intimidate|boost\n|-unboost|p1a: Iron Hands|atk|1\n|-fail|p1b: Calyrex|unboost|[from] item: Clear Amulet|[of] p1b: Calyrex\n|turn|5\n|j| ZaVGC\n|\n|t:|1773633643\n|move|p1b: Calyrex|Protect|p1b: Calyrex\n|-singleturn|p1b: Calyrex|Protect\n|move|p2a: Hamilton|Fake Out|p1a: Iron Hands\n|-damage|p1a: Iron Hands|50/100\n|move|p2b: Leclerc|Sandsear Storm|p1a: Iron Hands|[spread] p1a\n|-activate|p1b: Calyrex|move: Protect\n|-damage|p1a: Iron Hands|2/100\n|cant|p1a: Iron Hands|flinch\n|\n|-fieldend|move: Electric Terrain\n|-end|p1a: Iron Hands|Quark Drive\n|upkeep\n|turn|6\n|\n|t:|1773633659\n|move|p2b: Leclerc|Sandsear Storm|p1a: Iron Hands|[spread] p1a,p1b\n|-damage|p1a: Iron Hands|0 fnt\n|-damage|p1b: Calyrex|13/100\n|faint|p1a: Iron Hands\n|-end|p1a: Iron Hands|Quark Drive|[silent]\n|move|p2a: Hamilton|Knock Off|p1b: Calyrex\n|-supereffective|p1b: Calyrex\n|-damage|p1b: Calyrex|0 fnt\n|-enditem|p1b: Calyrex|Clear Amulet|[from] move: Knock Off|[of] p2a: Hamilton\n|faint|p1b: Calyrex\n|\n|upkeep\n|\n|t:|1773633663\n|switch|p1b: Miraidon|Miraidon, L50|100/100\n|-fieldstart|move: Electric Terrain|[from] ability: Hadron Engine|[of] p1b: Miraidon\n|turn|7\n|c|\u2606It'sJustKen VGC|there is no way\n|\n|t:|1773633676\n|move|p2b: Leclerc|Protect|p2b: Leclerc\n|-singleturn|p2b: Leclerc|Protect\n|move|p1b: Miraidon|Draco Meteor|p2b: Leclerc\n|-activate|p2b: Leclerc|move: Protect\n|move|p2a: Hamilton|Knock Off|p1b: Miraidon\n|-damage|p1b: Miraidon|52/100\n|-enditem|p1b: Miraidon|Choice Specs|[from] move: Knock Off|[of] p2a: Hamilton\n|\n|upkeep\n|turn|8\n|\n|t:|1773633681\n|move|p2b: Leclerc|Protect||[still]\n|-fail|p2b: Leclerc\n|move|p1b: Miraidon|Draco Meteor|p2b: Leclerc\n|-damage|p2b: Leclerc|0 fnt\n|-unboost|p1b: Miraidon|spa|2\n|faint|p2b: Leclerc\n|move|p2a: Hamilton|Knock Off|p1b: Miraidon\n|-damage|p1b: Miraidon|22/100\n|\n|upkeep\n|turn|9\n|\n|t:|1773633685\n|move|p1b: Miraidon|Electro Drift|p2a: Hamilton\n|-damage|p2a: Hamilton|4/100\n|move|p2a: Hamilton|Knock Off|p1b: Miraidon\n|-damage|p1b: Miraidon|0 fnt\n|faint|p1b: Miraidon\n|\n|win|It'sJustKen VGC\n|n|\u2606speedyturtle87|speedyturtle87\n|n|\u2606It'sJustKen VGC|itsjustkenvgc\n|n| MEXES|mexes\n|n| toadsamongmen|toadsamongmen\n|n| 801344244a|801344244a\n|n|+Radio Free C-Side|radiofreecside\n|n| legbasket|legbasket\n|n| keahi|keahi\n|n| ZaVGC|zavgc\n|c|\u2606speedyturtle87|ggwp\n|l|+Radio Free C-Side\n|j| piplupco\n|c|\u2606It'sJustKen VGC|LETSS GOOO\n|l| ZaVGC\n|c|\u2606It'sJustKen VGC|gg wp\n|j| Carrielis\n|l| Carrielis\n|l| legbasket\n|l| toadsamongmen\n|l| MEXES\n|c|\u2606speedyturtle87|i should have went edrift into incin it lives ;-;\n|c|\u2606speedyturtle87|oh well i got lucky with crit ggs\n|l|\u2606speedyturtle87\n|player|p1|\n|c|\u2606It'sJustKen VGC|ggs\n|l|\u2606It'sJustKen VGC\n|player|p2|\n|l| piplupco\n|j|\u2606It'sJustKen VGC\n|player|p2|It'sJustKen VGC|102|\n|l|\u2606It'sJustKen VGC\n|player|p2|\n|j|\u2606It'sJustKen VGC\n|player|p2|It'sJustKen VGC|102|\n|l| 801344244a\n","uploadtime":1773633685,"views":16,"formatid":"gen9vgc2026regi","rating":null,"private":0,"password":null}