{"id":"gen9vgc2026regi-2519288412","format":"[Gen 9] VGC 2026 Reg I","players":["Kenobi_1","VJ2511"],"log":"|j|\u2606Kenobi_1\n|j|\u2606VJ2511\n|t:|1768492457\n|gametype|doubles\n|player|p1|Kenobi_1|ash-alola|\n|player|p2|VJ2511|red-masters3|\n|gen|9\n|tier|[Gen 9] VGC 2026 Reg I\n|rule|Species Clause: Limit one of each Pok\u00e9mon\n|rule|Item Clause: Limit 1 of each item\n|clearpoke\n|poke|p1|Calyrex-Shadow, L50|\n|poke|p1|Zamazenta-*, L50|\n|poke|p1|Smeargle, L50, F|\n|poke|p1|Raging Bolt, L50|\n|poke|p1|Rillaboom, L50, F|\n|poke|p1|Tornadus, L50, M|\n|poke|p2|Kyogre, L50|\n|poke|p2|Calyrex-Ice, L50|\n|poke|p2|Urshifu-*, L50, M|\n|poke|p2|Flutter Mane, L50|\n|poke|p2|Amoonguss, L50, F|\n|poke|p2|Rillaboom, L50, F|\n|teampreview|4\n|inactive|Battle timer is ON: inactive players will automatically lose when time's up. (requested by VJ2511)\n|\n|t:|1768492474\n|teamsize|p1|4\n|teamsize|p2|4\n|start\n|switch|p1a: Rillaboom|Rillaboom, L50, F, shiny|100/100\n|switch|p1b: Raging Bolt|Raging Bolt, L50|100/100\n|switch|p2a: Kyogre|Kyogre, L50|100/100\n|switch|p2b: Urshifu|Urshifu-Rapid-Strike, L50, M|100/100\n|-weather|RainDance|[from] ability: Drizzle|[of] p2a: Kyogre\n|-fieldstart|move: Grassy Terrain|[from] ability: Grassy Surge|[of] p1a: Rillaboom\n|-enditem|p1b: Raging Bolt|Booster Energy\n|-activate|p1b: Raging Bolt|ability: Protosynthesis|[fromitem]\n|-start|p1b: Raging Bolt|protosynthesisspa\n|turn|1\n|c|\u2606VJ2511|now this is a lead\n|c|\u2606VJ2511|well done\n|inactive|VJ2511 has 30 seconds left.\n|\n|t:|1768492500\n|switch|p2b: Amoonguss|Amoonguss, L50, F|100/100\n|move|p2a: Kyogre|Protect|p2a: Kyogre\n|-singleturn|p2a: Kyogre|Protect\n|move|p1a: Rillaboom|Grassy Glide|p2b: Amoonguss\n|-resisted|p2b: Amoonguss\n|-damage|p2b: Amoonguss|92/100\n|-damage|p1a: Rillaboom|84/100|[from] item: Rocky Helmet|[of] p2b: Amoonguss\n|move|p1b: Raging Bolt|Thunderbolt|p2a: Kyogre\n|-activate|p2a: Kyogre|move: Protect\n|\n|-weather|RainDance|[upkeep]\n|-heal|p1a: Rillaboom|90/100|[from] Grassy Terrain\n|-heal|p2b: Amoonguss|98/100|[from] Grassy Terrain\n|upkeep\n|turn|2\n|c|\u2606VJ2511|why\n|c|\u2606VJ2511|do u get greedy\n|c|\u2606VJ2511|and walk into these\n|inactive|VJ2511 has 30 seconds left.\n|\n|t:|1768492531\n|-terastallize|p2a: Kyogre|Grass\n|move|p1b: Raging Bolt|Protect|p1b: Raging Bolt\n|-singleturn|p1b: Raging Bolt|Protect\n|move|p2a: Kyogre|Water Spout|p1a: Rillaboom|[spread] p1a\n|-activate|p1b: Raging Bolt|move: Protect\n|-resisted|p1a: Rillaboom\n|-damage|p1a: Rillaboom|44/100\n|move|p1a: Rillaboom|U-turn|p2b: Amoonguss\n|-damage|p2b: Amoonguss|77/100\n|-damage|p1a: Rillaboom|28/100|[from] item: Rocky Helmet|[of] p2b: Amoonguss\n|inactive|Kenobi_1 has 30 seconds left.\n|\n|t:|1768492559\n|switch|p1a: Calyrex|Calyrex-Shadow, L50|100/100|[from] U-turn\n|-ability|p1a: Calyrex|As One\n|-ability|p1a: Calyrex|Unnerve\n|move|p2b: Amoonguss|Pollen Puff|p2a: Kyogre\n|\n|-weather|RainDance|[upkeep]\n|-heal|p2b: Amoonguss|83/100|[from] Grassy Terrain\n|upkeep\n|turn|3\n|\n|t:|1768492578\n|-terastallize|p1a: Calyrex|Dark\n|move|p2a: Kyogre|Protect|p2a: Kyogre\n|-singleturn|p2a: Kyogre|Protect\n|move|p1a: Calyrex|Astral Barrage|p2a: Kyogre|[spread] p2b\n|-activate|p2a: Kyogre|move: Protect\n|-damage|p2b: Amoonguss|31/100\n|-damage|p1a: Calyrex|91/100|[from] item: Life Orb\n|move|p1b: Raging Bolt|Draco Meteor|p2a: Kyogre\n|-activate|p2a: Kyogre|move: Protect\n|move|p2b: Amoonguss|Spore|p1a: Calyrex\n|-status|p1a: Calyrex|slp|[from] move: Spore\n|\n|-weather|RainDance|[upkeep]\n|-heal|p1a: Calyrex|97/100 slp|[from] Grassy Terrain\n|-heal|p2b: Amoonguss|37/100|[from] Grassy Terrain\n|upkeep\n|turn|4\n|c|\u2606VJ2511|broo\n|c|\u2606VJ2511|learn to click psychic\n|c|\u2606VJ2511|at times pls\n|\n|t:|1768492595\n|switch|p1a: Rillaboom|Rillaboom, L50, F, shiny|28/100\n|move|p2a: Kyogre|Water Spout|p1b: Raging Bolt|[spread] p1a,p1b\n|-resisted|p1a: Rillaboom\n|-resisted|p1b: Raging Bolt\n|-damage|p1a: Rillaboom|0 fnt\n|-damage|p1b: Raging Bolt|48/100\n|faint|p1a: Rillaboom\n|move|p1b: Raging Bolt|Draco Meteor|p2a: Kyogre\n|-damage|p2a: Kyogre|36/100\n|-unboost|p1b: Raging Bolt|spa|2\n|move|p2b: Amoonguss|Pollen Puff|p2a: Kyogre\n|-heal|p2a: Kyogre|86/100\n|\n|-weather|RainDance|[upkeep]\n|-heal|p2a: Kyogre|92/100|[from] Grassy Terrain\n|-heal|p1b: Raging Bolt|55/100|[from] Grassy Terrain\n|-heal|p2b: Amoonguss|43/100|[from] Grassy Terrain\n|upkeep\n|c|\u2606Kenobi_1|okay i'm playing terribly\n|inactive|Kenobi_1 has 30 seconds left.\n|c|\u2606Kenobi_1|off my game today\n|c|\u2606VJ2511|psychic into amoonguss is an ohko\n|\n|t:|1768492627\n|switch|p1a: Calyrex|Calyrex-Shadow, L50, tera:Dark|97/100 slp\n|-ability|p1a: Calyrex|As One\n|-ability|p1a: Calyrex|Unnerve\n|turn|5\n|\n|t:|1768492633\n|cant|p1a: Calyrex|slp\n|move|p2a: Kyogre|Water Spout|p1a: Calyrex|[spread] p1a,p1b\n|-resisted|p1b: Raging Bolt\n|-damage|p1a: Calyrex|0 fnt\n|-damage|p1b: Raging Bolt|6/100\n|faint|p1a: Calyrex\n|move|p1b: Raging Bolt|Draco Meteor|p2a: Kyogre\n|-damage|p2a: Kyogre|57/100\n|-unboost|p1b: Raging Bolt|spa|2\n|move|p2b: Amoonguss|Pollen Puff|p2a: Kyogre\n|-heal|p2a: Kyogre|100/100\n|\n|-weather|none\n|-heal|p1b: Raging Bolt|12/100|[from] Grassy Terrain\n|-heal|p2b: Amoonguss|49/100|[from] Grassy Terrain\n|-fieldend|move: Grassy Terrain\n|upkeep\n|\n|t:|1768492642\n|switch|p1a: Zamazenta|Zamazenta-Crowned, L50, shiny|100/100\n|-ability|p1a: Zamazenta|Dauntless Shield|boost\n|-boost|p1a: Zamazenta|def|1\n|turn|6\n|\n|t:|1768492657\n|move|p2b: Amoonguss|Rage Powder|p2b: Amoonguss\n|-singleturn|p2b: Amoonguss|move: Rage Powder\n|move|p1a: Zamazenta|Body Press|p2b: Amoonguss\n|-resisted|p2b: Amoonguss\n|-damage|p2b: Amoonguss|18/100\n|-damage|p1a: Zamazenta|84/100|[from] item: Rocky Helmet|[of] p2b: Amoonguss\n|move|p2a: Kyogre|Hydro Pump|p1b: Raging Bolt\n|-resisted|p1b: Raging Bolt\n|-damage|p1b: Raging Bolt|0 fnt\n|faint|p1b: Raging Bolt\n|-end|p1b: Raging Bolt|Protosynthesis|[silent]\n|\n|upkeep\n|turn|7\n|c|\u2606VJ2511|WHY\n|c|\u2606VJ2511|DO U NEVER HEAVY SLAM\n|\n|t:|1768492671\n|move|p2b: Amoonguss|Rage Powder|p2b: Amoonguss\n|-singleturn|p2b: Amoonguss|move: Rage Powder\n|move|p1a: Zamazenta|Body Press|p2b: Amoonguss\n|-resisted|p2b: Amoonguss\n|-damage|p2b: Amoonguss|0 fnt\n|-damage|p1a: Zamazenta|68/100|[from] item: Rocky Helmet|[of] p2b: Amoonguss\n|faint|p2b: Amoonguss\n|move|p2a: Kyogre|Water Spout|p1a: Zamazenta\n|-damage|p1a: Zamazenta|0 fnt\n|faint|p1a: Zamazenta\n|\n|win|VJ2511\n|c|\u2606Kenobi_1|bye\n|l|\u2606Kenobi_1\n|player|p1|\n","uploadtime":1768492679,"views":21,"formatid":"gen9vgc2026regi","rating":null,"private":0,"password":null}