{"id":"gen9vgc2026regi-2563511977","format":"[Gen 9] VGC 2026 Reg I","players":["Ice124567890","huanyu0.0"],"log":"|j|\u2606Ice124567890\n|j|\u2606huanyu0.0\n|t:|1774032702\n|gametype|doubles\n|player|p1|Ice124567890|169|1487\n|player|p2|huanyu0.0|169|1499\n|gen|9\n|tier|[Gen 9] VGC 2026 Reg I\n|rated|\n|rule|Species Clause: Limit one of each Pok\u00e9mon\n|rule|Item Clause: Limit 1 of each item\n|clearpoke\n|poke|p1|Miraidon, L50|\n|poke|p1|Calyrex-Ice, L50|\n|poke|p1|Urshifu-*, L50, F|\n|poke|p1|Sneasler, L50, M|\n|poke|p1|Incineroar, L50, F|\n|poke|p1|Ditto, L50|\n|poke|p2|Miraidon, L50|\n|poke|p2|Groudon, L50|\n|poke|p2|Chien-Pao, L50|\n|poke|p2|Volcarona, L50, M|\n|poke|p2|Whimsicott, L50, M|\n|poke|p2|Farigiraf, L50, M|\n|teampreview|4\n|inactive|Battle timer is ON: inactive players will automatically lose when time's up. (requested by Ice124567890)\n|\n|t:|1774032724\n|teamsize|p1|4\n|teamsize|p2|4\n|start\n|switch|p1a: Miraidon|Miraidon, L50|100/100\n|switch|p1b: Calyrex|Calyrex-Ice, L50|100/100\n|switch|p2a: Miraidon|Miraidon, L50|100/100\n|switch|p2b: Whimsicott|Whimsicott, L50, M|100/100\n|-ability|p1b: Calyrex|As One\n|-ability|p1b: Calyrex|Unnerve\n|-fieldstart|move: Electric Terrain|[from] ability: Hadron Engine|[of] p2a: Miraidon\n|-activate|p1a: Miraidon|ability: Hadron Engine\n|turn|1\n|inactive|huanyu0.0 has 30 seconds left.\n|inactive|huanyu0.0 has 20 seconds left.\n|inactive|huanyu0.0 has 15 seconds left.\n|inactive|huanyu0.0 has 10 seconds left.\n|inactive|huanyu0.0 has 5 seconds left.\n|\n|t:|1774032777\n|switch|p2b: Volcarona|Volcarona, L50, M|100/100\n|-terastallize|p2a: Miraidon|Electric\n|move|p2a: Miraidon|Draco Meteor|p1a: Miraidon\n|-supereffective|p1a: Miraidon\n|-damage|p1a: Miraidon|0 fnt\n|-unboost|p2a: Miraidon|spa|2\n|faint|p1a: Miraidon\n|move|p1b: Calyrex|Glacial Lance|p2a: Miraidon|[spread] p2a,p2b\n|-crit|p2a: Miraidon\n|-resisted|p2b: Volcarona\n|-damage|p2a: Miraidon|36/100\n|-damage|p2b: Volcarona|72/100\n|\n|-heal|p2b: Volcarona|78/100|[from] item: Leftovers\n|upkeep\n|\n|t:|1774032786\n|switch|p1a: Ditto|Ditto, L50|100/100\n|-transform|p1a: Ditto|p2b: Volcarona|[from] ability: Imposter\n|turn|2\n|\n|t:|1774032799\n|switch|p2a: Farigiraf|Farigiraf, L50, M|100/100\n|-enditem|p2a: Farigiraf|Electric Seed\n|-boost|p2a: Farigiraf|def|1|[from] item: Electric Seed\n|-terastallize|p1b: Calyrex|Water\n|move|p1a: Ditto|Fiery Dance|p2b: Volcarona\n|-damage|p2b: Volcarona|45/100\n|-boost|p1a: Ditto|spa|1\n|move|p2b: Volcarona|Will-O-Wisp|p1b: Calyrex\n|-status|p1b: Calyrex|brn\n|move|p1b: Calyrex|Glacial Lance|p2b: Volcarona|[spread] p2a,p2b\n|-resisted|p2b: Volcarona\n|-damage|p2a: Farigiraf|87/100\n|-damage|p2b: Volcarona|29/100\n|\n|-heal|p2b: Volcarona|35/100|[from] item: Leftovers\n|-damage|p1b: Calyrex|95/100 brn|[from] brn\n|upkeep\n|turn|3\n|inactive|huanyu0.0 has 30 seconds left.\n|\n|t:|1774032825\n|move|p2b: Volcarona|Protect|p2b: Volcarona\n|-singleturn|p2b: Volcarona|Protect\n|move|p1a: Ditto|Fiery Dance|p2b: Volcarona\n|-activate|p2b: Volcarona|move: Protect\n|move|p1b: Calyrex|Glacial Lance|p2a: Farigiraf|[spread] p2a\n|-activate|p2b: Volcarona|move: Protect\n|-damage|p2a: Farigiraf|72/100\n|move|p2a: Farigiraf|Roar|p1a: Ditto\n|drag|p1a: Incineroar|Incineroar, L50, F|100/100\n|-ability|p1a: Incineroar|Intimidate|boost\n|-unboost|p2a: Farigiraf|atk|1\n|-unboost|p2b: Volcarona|atk|1\n|\n|-heal|p2b: Volcarona|42/100|[from] item: Leftovers\n|-damage|p1b: Calyrex|89/100 brn|[from] brn\n|upkeep\n|turn|4\n|inactive|huanyu0.0 has 30 seconds left.\n|\n|t:|1774032852\n|move|p2b: Volcarona|Quiver Dance|p2b: Volcarona\n|-boost|p2b: Volcarona|spa|1\n|-boost|p2b: Volcarona|spd|1\n|-boost|p2b: Volcarona|spe|1\n|move|p1a: Incineroar|Flare Blitz|p2b: Volcarona\n|-damage|p2b: Volcarona|0 fnt\n|faint|p2b: Volcarona\n|-damage|p1a: Incineroar|88/100|[from] Recoil\n|move|p2a: Farigiraf|Foul Play|p1b: Calyrex\n|-damage|p1b: Calyrex|63/100 brn\n|move|p1b: Calyrex|Glacial Lance|p2a: Farigiraf\n|-damage|p2a: Farigiraf|53/100\n|\n|-damage|p1b: Calyrex|57/100 brn|[from] brn\n|upkeep\n|\n|t:|1774032872\n|switch|p2b: Miraidon|Miraidon, L50, tera:Electric|36/100\n|-activate|p2b: Miraidon|ability: Hadron Engine\n|turn|5\n|\n|t:|1774032894\n|switch|p1a: Ditto|Ditto, L50|100/100\n|-transform|p1a: Ditto|p2b: Miraidon|[from] ability: Imposter\n|-activate|p1a: Ditto|ability: Hadron Engine\n|switch|p2a: Whimsicott|Whimsicott, L50, M|100/100\n|move|p2b: Miraidon|Discharge|p1b: Calyrex|[spread] p2a,p1a,p1b\n|-resisted|p2a: Whimsicott\n|-resisted|p1a: Ditto\n|-supereffective|p1b: Calyrex\n|-damage|p2a: Whimsicott|54/100\n|-damage|p1a: Ditto|82/100\n|-damage|p1b: Calyrex|0 fnt\n|faint|p1b: Calyrex\n|\n|-fieldend|move: Electric Terrain\n|upkeep\n|\n|t:|1774032904\n|switch|p1b: Incineroar|Incineroar, L50, F|88/100\n|-ability|p1b: Incineroar|Intimidate|boost\n|-unboost|p2a: Whimsicott|atk|1\n|-unboost|p2b: Miraidon|atk|1\n|turn|6\n|inactive|huanyu0.0 has 30 seconds left.\n|\n|t:|1774032931\n|switch|p2b: Farigiraf|Farigiraf, L50, M|53/100\n|move|p2a: Whimsicott|Tailwind|p2a: Whimsicott\n|-sidestart|p2: huanyu0.0|move: Tailwind\n|move|p1a: Ditto|Electro Drift|p2a: Whimsicott\n|-resisted|p2a: Whimsicott\n|-damage|p2a: Whimsicott|24/100\n|move|p1b: Incineroar|Flare Blitz|p2b: Farigiraf\n|-damage|p2b: Farigiraf|14/100\n|-damage|p1b: Incineroar|73/100|[from] Recoil\n|\n|upkeep\n|turn|7\n|\n|t:|1774032947\n|move|p2b: Farigiraf|Helping Hand|p2a: Whimsicott\n|-singleturn|p2a: Whimsicott|Helping Hand|[of] p2b: Farigiraf\n|move|p2a: Whimsicott|Moonblast|p1a: Ditto\n|-supereffective|p1a: Ditto\n|-damage|p1a: Ditto|0 fnt\n|faint|p1a: Ditto\n|move|p1b: Incineroar|Knock Off|p2b: Farigiraf\n|-supereffective|p2b: Farigiraf\n|-damage|p2b: Farigiraf|0 fnt\n|faint|p2b: Farigiraf\n|\n|upkeep\n|\n|t:|1774032953\n|switch|p2b: Miraidon|Miraidon, L50, tera:Electric|36/100\n|-fieldstart|move: Electric Terrain|[from] ability: Hadron Engine|[of] p2b: Miraidon\n|turn|8\n|inactive|Ice124567890 has 30 seconds left.\n|\n|t:|1774032981\n|move|p2b: Miraidon|Electro Drift|p1b: Incineroar\n|-damage|p1b: Incineroar|0 fnt\n|faint|p1b: Incineroar\n|\n|win|huanyu0.0\n|raw|Ice124567890's rating: 1464 &rarr; <strong>1446</strong><br />(-18 for losing)\n|raw|huanyu0.0's rating: 1499 &rarr; <strong>1517</strong><br />(+18 for winning)\n|l|\u2606Ice124567890\n|player|p1|\n|l|\u2606huanyu0.0\n|player|p2|\n","uploadtime":1774033238,"views":19,"formatid":"gen9vgc2026regi","rating":1446,"private":0,"password":null}