{"id":"gen9vgc2026regi-2550058783","format":"[Gen 9] VGC 2026 Reg I","players":["EllenJoe2026","Gene10"],"log":"|j|\u2606EllenJoe2026\n|j|\u2606Gene10\n|t:|1772449065\n|gametype|doubles\n|player|p1|EllenJoe2026|iono|1487\n|player|p2|Gene10|169|1431\n|gen|9\n|tier|[Gen 9] VGC 2026 Reg I\n|rated|\n|rule|Species Clause: Limit one of each Pok\u00e9mon\n|rule|Item Clause: Limit 1 of each item\n|clearpoke\n|poke|p1|Calyrex-Shadow, L50|\n|poke|p1|Zamazenta-*, L50|\n|poke|p1|Incineroar, L50, F|\n|poke|p1|Rillaboom, L50, F|\n|poke|p1|Smeargle, L50, F|\n|poke|p1|Tornadus, L50, M|\n|poke|p2|Urshifu-*, L50, F|\n|poke|p2|Tornadus, L50, M|\n|poke|p2|Miraidon, L50|\n|poke|p2|Lunala, L50|\n|poke|p2|Incineroar, L50, F|\n|poke|p2|Landorus, L50, M|\n|teampreview|4\n|inactive|Battle timer is ON: inactive players will automatically lose when time's up. (requested by Gene10)\n|inactive|EllenJoe2026 also wants the timer to be on.\n|inactive|EllenJoe2026 has 60 seconds left.\n|j| xiaoliyunVGC\n|\n|t:|1772449123\n|teamsize|p1|4\n|teamsize|p2|4\n|start\n|switch|p1a: Rillaboom|Rillaboom, L50, F, shiny|100/100\n|switch|p1b: Zamazenta|Zamazenta-Crowned, L50, shiny|100/100\n|switch|p2a: Lunala|Lunala, L50|100/100\n|switch|p2b: Tornadus|Tornadus, L50, M|100/100\n|-ability|p1b: Zamazenta|Dauntless Shield|boost\n|-boost|p1b: Zamazenta|def|1\n|-fieldstart|move: Grassy Terrain|[from] ability: Grassy Surge|[of] p1a: Rillaboom\n|turn|1\n|inactive|Gene10 has 30 seconds left.\n|inactive|Gene10 has 20 seconds left.\n|inactive|Gene10 has 15 seconds left.\n|inactive|Gene10 has 10 seconds left.\n|inactive|Gene10 has 5 seconds left.\n|\n|t:|1772449176\n|move|p2b: Tornadus|Bleakwind Storm|p1b: Zamazenta|[spread] p1a\n|-miss|p2b: Tornadus|p1b: Zamazenta\n|-supereffective|p1a: Rillaboom\n|-damage|p1a: Rillaboom|47/100\n|move|p1b: Zamazenta|Heavy Slam|p2a: Lunala\n|-damage|p2a: Lunala|82/100\n|move|p2a: Lunala|Meteor Beam||[still]\n|-prepare|p2a: Lunala|Meteor Beam\n|-boost|p2a: Lunala|spa|1\n|-enditem|p2a: Lunala|Power Herb\n|-anim|p2a: Lunala|Meteor Beam|p1a: Rillaboom\n|-damage|p1a: Rillaboom|2/100\n|move|p1a: Rillaboom|Wood Hammer|p2a: Lunala\n|-damage|p2a: Lunala|16/100\n|-damage|p1a: Rillaboom|0 fnt|[from] Recoil\n|faint|p1a: Rillaboom\n|\n|-heal|p2a: Lunala|22/100|[from] Grassy Terrain\n|upkeep\n|inactive|EllenJoe2026 has 30 seconds left.\n|\n|t:|1772449204\n|switch|p1a: Calyrex|Calyrex-Shadow, L50|100/100\n|-ability|p1a: Calyrex|As One\n|-ability|p1a: Calyrex|Unnerve\n|turn|2\n|\n|t:|1772449215\n|move|p2b: Tornadus|Tailwind|p2b: Tornadus\n|-sidestart|p2: Gene10|move: Tailwind\n|move|p2a: Lunala|Moongeist Beam|p1b: Zamazenta\n|-damage|p1b: Zamazenta|41/100\n|move|p1a: Calyrex|Nasty Plot|p1a: Calyrex\n|-boost|p1a: Calyrex|spa|2\n|move|p1b: Zamazenta|Heavy Slam|p2a: Lunala\n|-damage|p2a: Lunala|0 fnt\n|faint|p2a: Lunala\n|\n|-heal|p1b: Zamazenta|47/100|[from] Grassy Terrain\n|upkeep\n|\n|t:|1772449230\n|switch|p2a: Miraidon|Miraidon, L50|100/100\n|-fieldstart|move: Electric Terrain|[from] ability: Hadron Engine|[of] p2a: Miraidon\n|turn|3\n|inactive|Gene10 has 30 seconds left.\n|\n|t:|1772449256\n|move|p1a: Calyrex|Protect|p1a: Calyrex\n|-singleturn|p1a: Calyrex|Protect\n|move|p2b: Tornadus|Scary Face|p1a: Calyrex\n|-activate|p1a: Calyrex|move: Protect\n|move|p2a: Miraidon|Volt Switch|p1b: Zamazenta\n|-damage|p1b: Zamazenta|0 fnt\n|faint|p1b: Zamazenta\n|\n|t:|1772449264\n|switch|p2a: Landorus|Landorus, L50, M|100/100|[from] Volt Switch\n|\n|upkeep\n|\n|t:|1772449268\n|switch|p1b: Smeargle|Smeargle, L50, F, shiny|100/100\n|turn|4\n|inactive|EllenJoe2026 has 30 seconds left.\n|\n|t:|1772449299\n|move|p2a: Landorus|Protect|p2a: Landorus\n|-singleturn|p2a: Landorus|Protect\n|move|p1b: Smeargle|Follow Me|p1b: Smeargle\n|-singleturn|p1b: Smeargle|move: Follow Me\n|move|p2b: Tornadus|Bleakwind Storm|p1a: Calyrex|[spread] p1a,p1b\n|-damage|p1a: Calyrex|55/100\n|-enditem|p1b: Smeargle|Focus Sash\n|-damage|p1b: Smeargle|1/100\n|-unboost|p1b: Smeargle|spe|1\n|move|p1a: Calyrex|Astral Barrage|p2b: Tornadus|[spread] p2b\n|-activate|p2a: Landorus|move: Protect\n|-enditem|p2b: Tornadus|Focus Sash\n|-damage|p2b: Tornadus|1/100\n|\n|upkeep\n|turn|5\n|\n|t:|1772449322\n|move|p1a: Calyrex|Protect|p1a: Calyrex\n|-singleturn|p1a: Calyrex|Protect\n|move|p1b: Smeargle|Feint|p2b: Tornadus\n|-damage|p2b: Tornadus|0 fnt\n|faint|p2b: Tornadus\n|move|p2a: Landorus|Substitute|p2a: Landorus\n|-start|p2a: Landorus|Substitute\n|-damage|p2a: Landorus|76/100\n|\n|-sideend|p2: Gene10|move: Tailwind\n|upkeep\n|\n|t:|1772449326\n|switch|p2b: Miraidon|Miraidon, L50|100/100\n|-activate|p2b: Miraidon|ability: Hadron Engine\n|turn|6\n|\n|t:|1772449334\n|-terastallize|p2b: Miraidon|Electric\n|move|p1b: Smeargle|Follow Me|p1b: Smeargle\n|-singleturn|p1b: Smeargle|move: Follow Me\n|move|p1a: Calyrex|Astral Barrage|p2a: Landorus|[spread] p2a,p2b\n|-end|p2a: Landorus|Substitute\n|-damage|p2b: Miraidon|0 fnt\n|faint|p2b: Miraidon\n|-ability|p1a: Calyrex|Grim Neigh|boost\n|-boost|p1a: Calyrex|spa|1\n|move|p2a: Landorus|Earth Power|p1b: Smeargle\n|-damage|p1b: Smeargle|0 fnt\n|faint|p1b: Smeargle\n|\n|upkeep\n|turn|7\n|\n|t:|1772449347\n|move|p1a: Calyrex|Astral Barrage|p2a: Landorus\n|-damage|p2a: Landorus|0 fnt\n|faint|p2a: Landorus\n|\n|win|EllenJoe2026\n|raw|EllenJoe2026's rating: 1487 &rarr; <strong>1504</strong><br />(+17 for winning)\n|raw|Gene10's rating: 1431 &rarr; <strong>1414</strong><br />(-17 for losing)\n|l|\u2606Gene10\n|player|p2|\n|l|\u2606EllenJoe2026\n|player|p1|\n|l| xiaoliyunVGC\n","uploadtime":1772449547,"views":12,"formatid":"gen9vgc2026regi","rating":1414,"private":0,"password":null}