{"id":"gen9vgc2026regi-2561149804","format":"[Gen 9] VGC 2026 Reg I","players":["YSE-MILL","Slackermaru"],"log":"|j|\u2606YSE-MILL\n|j|\u2606Slackermaru\n|t:|1773768774\n|gametype|doubles\n|player|p1|YSE-MILL|n|1457\n|player|p2|Slackermaru|workerice|1558\n|gen|9\n|tier|[Gen 9] VGC 2026 Reg I\n|rated|\n|rule|Species Clause: Limit one of each Pok\u00e9mon\n|rule|Item Clause: Limit 1 of each item\n|clearpoke\n|poke|p1|Miraidon, L50|\n|poke|p1|Lunala, L50|\n|poke|p1|Ursaluna, L50, M|\n|poke|p1|Incineroar, L50, M|\n|poke|p1|Grimmsnarl, L50, M|\n|poke|p1|Urshifu-*, L50, M|\n|poke|p2|Calyrex-Ice, L50|\n|poke|p2|Miraidon, L50|\n|poke|p2|Incineroar, L50, M|\n|poke|p2|Amoonguss, L50, M|\n|poke|p2|Urshifu-*, L50, F|\n|poke|p2|Landorus, L50, M|\n|teampreview|4\n|\n|t:|1773768797\n|teamsize|p1|4\n|teamsize|p2|4\n|start\n|switch|p1a: Miraidon|Miraidon, L50, shiny|100/100\n|switch|p1b: Grimmsnarl|Grimmsnarl, L50, M|100/100\n|switch|p2a: Incineroar|Incineroar, L50, M, shiny|100/100\n|switch|p2b: Miraidon|Miraidon, L50|100/100\n|-fieldstart|move: Electric Terrain|[from] ability: Hadron Engine|[of] p2b: Miraidon\n|-activate|p1a: Miraidon|ability: Hadron Engine\n|-ability|p2a: Incineroar|Intimidate|boost\n|-unboost|p1a: Miraidon|atk|1\n|-unboost|p1b: Grimmsnarl|atk|1\n|turn|1\n|\n|t:|1773768811\n|switch|p1a: Incineroar|Incineroar, L50, M, shiny|100/100\n|-ability|p1a: Incineroar|Intimidate|boost\n|-unboost|p2a: Incineroar|atk|1\n|-unboost|p2b: Miraidon|atk|1\n|-terastallize|p1b: Grimmsnarl|Ghost\n|move|p2a: Incineroar|Fake Out|p1b: Grimmsnarl\n|-immune|p1b: Grimmsnarl\n|move|p1b: Grimmsnarl|Light Screen|p1b: Grimmsnarl\n|-sidestart|p1: YSE-MILL|move: Light Screen\n|move|p2b: Miraidon|Volt Switch|p1b: Grimmsnarl\n|-damage|p1b: Grimmsnarl|57/100\n|\n|t:|1773768823\n|switch|p2b: Urshifu|Urshifu-Rapid-Strike, L50, F|100/100|[from] Volt Switch\n|\n|upkeep\n|turn|2\n|\n|t:|1773768836\n|move|p1a: Incineroar|Fake Out|p2b: Urshifu\n|-damage|p2b: Urshifu|90/100\n|move|p1b: Grimmsnarl|Thunder Wave|p2b: Urshifu\n|-status|p2b: Urshifu|par\n|move|p2a: Incineroar|U-turn|p1b: Grimmsnarl\n|-resisted|p1b: Grimmsnarl\n|-damage|p1b: Grimmsnarl|50/100\n|\n|t:|1773768843\n|switch|p2a: Miraidon|Miraidon, L50|100/100|[from] U-turn\n|-activate|p2a: Miraidon|ability: Hadron Engine\n|cant|p2b: Urshifu|flinch\n|\n|upkeep\n|turn|3\n|\n|t:|1773768863\n|move|p2a: Miraidon|Volt Switch|p1b: Grimmsnarl\n|-damage|p1b: Grimmsnarl|9/100\n|\n|t:|1773768866\n|switch|p2a: Incineroar|Incineroar, L50, M, shiny|100/100|[from] Volt Switch\n|-ability|p2a: Incineroar|Intimidate|boost\n|-unboost|p1a: Incineroar|atk|1\n|-unboost|p1b: Grimmsnarl|atk|1\n|move|p1a: Incineroar|Parting Shot|p2a: Incineroar\n|-unboost|p2a: Incineroar|atk|1\n|-unboost|p2a: Incineroar|spa|1\n|\n|t:|1773768875\n|switch|p1a: Miraidon|Miraidon, L50, shiny|100/100|[from] Parting Shot\n|-activate|p1a: Miraidon|ability: Hadron Engine\n|move|p1b: Grimmsnarl|Spirit Break|p2b: Urshifu\n|-supereffective|p2b: Urshifu\n|-damage|p2b: Urshifu|60/100 par\n|-unboost|p2b: Urshifu|spa|1\n|move|p2b: Urshifu|Surging Strikes|p1a: Miraidon\n|-resisted|p1a: Miraidon\n|-crit|p1a: Miraidon\n|-damage|p1a: Miraidon|91/100\n|-resisted|p1a: Miraidon\n|-crit|p1a: Miraidon\n|-damage|p1a: Miraidon|83/100\n|-resisted|p1a: Miraidon\n|-crit|p1a: Miraidon\n|-damage|p1a: Miraidon|74/100\n|-hitcount|p1a: Miraidon|3\n|\n|upkeep\n|turn|4\n|\n|t:|1773768896\n|switch|p1b: Incineroar|Incineroar, L50, M, shiny|100/100\n|-ability|p1b: Incineroar|Intimidate|boost\n|-unboost|p2a: Incineroar|atk|1\n|-unboost|p2b: Urshifu|atk|1\n|move|p1a: Miraidon|Volt Switch|p2b: Urshifu\n|-supereffective|p2b: Urshifu\n|-damage|p2b: Urshifu|0 fnt\n|faint|p2b: Urshifu\n|inactive|Battle timer is ON: inactive players will automatically lose when time's up. (requested by YSE-MILL)\n|\n|t:|1773768905\n|switch|p1a: Grimmsnarl|Grimmsnarl, L50, M, tera:Ghost|9/100|[from] Volt Switch\n|move|p2a: Incineroar|U-turn|p1a: Grimmsnarl\n|-resisted|p1a: Grimmsnarl\n|-damage|p1a: Grimmsnarl|4/100\n|\n|t:|1773768910\n|switch|p2a: Calyrex|Calyrex-Ice, L50|100/100|[from] U-turn\n|-ability|p2a: Calyrex|As One\n|-ability|p2a: Calyrex|Unnerve\n|\n|upkeep\n|\n|t:|1773768920\n|switch|p2b: Miraidon|Miraidon, L50|100/100\n|-activate|p2b: Miraidon|ability: Hadron Engine\n|turn|5\n|\n|t:|1773768930\n|switch|p2b: Incineroar|Incineroar, L50, M, shiny|100/100\n|-ability|p2b: Incineroar|Intimidate|boost\n|-unboost|p1a: Grimmsnarl|atk|1\n|-unboost|p1b: Incineroar|atk|1\n|move|p1b: Incineroar|Fake Out|p2a: Calyrex\n|-damage|p2a: Calyrex|96/100\n|move|p1a: Grimmsnarl|Reflect|p1a: Grimmsnarl\n|-sidestart|p1: YSE-MILL|Reflect\n|cant|p2a: Calyrex|flinch\n|\n|-fieldend|move: Electric Terrain\n|upkeep\n|turn|6\n|\n|t:|1773768948\n|move|p2a: Calyrex|Protect|p2a: Calyrex\n|-singleturn|p2a: Calyrex|Protect\n|move|p2b: Incineroar|Knock Off|p1a: Grimmsnarl\n|-supereffective|p1a: Grimmsnarl\n|-damage|p1a: Grimmsnarl|0 fnt\n|-enditem|p1a: Grimmsnarl|Light Clay|[from] move: Knock Off|[of] p2b: Incineroar\n|faint|p1a: Grimmsnarl\n|move|p1b: Incineroar|Will-O-Wisp|p2a: Calyrex\n|-activate|p2a: Calyrex|move: Protect\n|\n|upkeep\n|\n|t:|1773768953\n|switch|p1a: Miraidon|Miraidon, L50, shiny|74/100\n|-fieldstart|move: Electric Terrain|[from] ability: Hadron Engine|[of] p1a: Miraidon\n|turn|7\n|\n|t:|1773768967\n|-terastallize|p2a: Calyrex|Fire\n|move|p1a: Miraidon|Volt Switch|p2b: Incineroar\n|-damage|p2b: Incineroar|57/100\n|\n|t:|1773768970\n|switch|p1a: Lunala|Lunala, L50, shiny|100/100|[from] Volt Switch\n|-enditem|p1a: Lunala|Electric Seed\n|-boost|p1a: Lunala|def|1|[from] item: Electric Seed\n|move|p2b: Incineroar|U-turn|p1b: Incineroar\n|-damage|p1b: Incineroar|89/100\n|-damage|p2b: Incineroar|40/100|[from] item: Rocky Helmet|[of] p1b: Incineroar\n|\n|t:|1773768977\n|switch|p2b: Miraidon|Miraidon, L50|100/100|[from] U-turn\n|-activate|p2b: Miraidon|ability: Hadron Engine\n|move|p1b: Incineroar|Will-O-Wisp|p2a: Calyrex\n|-immune|p2a: Calyrex\n|move|p2a: Calyrex|Glacial Lance|p1b: Incineroar|[spread] p1a,p1b\n|-resisted|p1b: Incineroar\n|-damage|p1a: Lunala|92/100\n|-damage|p1b: Incineroar|75/100\n|\n|upkeep\n|turn|8\n|\n|t:|1773768992\n|move|p2b: Miraidon|Volt Switch|p1b: Incineroar\n|-damage|p1b: Incineroar|31/100\n|\n|t:|1773768995\n|switch|p2b: Incineroar|Incineroar, L50, M, shiny|40/100|[from] Volt Switch\n|-ability|p2b: Incineroar|Intimidate|boost\n|-unboost|p1a: Lunala|atk|1\n|-unboost|p1b: Incineroar|atk|1\n|move|p1a: Lunala|Moonblast|p2b: Incineroar\n|-damage|p2b: Incineroar|21/100\n|move|p1b: Incineroar|Knock Off|p2b: Incineroar\n|-resisted|p2b: Incineroar\n|-damage|p2b: Incineroar|13/100\n|-enditem|p2b: Incineroar|Assault Vest|[from] move: Knock Off|[of] p1b: Incineroar\n|move|p2a: Calyrex|Leech Seed|p1a: Lunala\n|-start|p1a: Lunala|move: Leech Seed\n|\n|-damage|p1a: Lunala|80/100|[from] Leech Seed|[of] p2a: Calyrex\n|-heal|p2a: Calyrex|100/100|[silent]\n|-sideend|p1: YSE-MILL|move: Light Screen\n|upkeep\n|turn|9\n|\n|t:|1773769015\n|move|p2b: Incineroar|Fake Out|p1b: Incineroar\n|-damage|p1b: Incineroar|26/100\n|-damage|p2b: Incineroar|0 fnt|[from] item: Rocky Helmet|[of] p1b: Incineroar\n|faint|p2b: Incineroar\n|move|p1a: Lunala|Moonblast|p2a: Calyrex\n|-resisted|p2a: Calyrex\n|-damage|p2a: Calyrex|90/100\n|cant|p1b: Incineroar|flinch\n|move|p2a: Calyrex|Glacial Lance|p1a: Lunala|[spread] p1a,p1b\n|-resisted|p1b: Incineroar\n|-damage|p1a: Lunala|64/100\n|-damage|p1b: Incineroar|13/100\n|\n|-damage|p1a: Lunala|52/100|[from] Leech Seed|[of] p2a: Calyrex\n|-heal|p2a: Calyrex|100/100|[silent]\n|upkeep\n|\n|t:|1773769032\n|switch|p2b: Miraidon|Miraidon, L50|100/100\n|-activate|p2b: Miraidon|ability: Hadron Engine\n|turn|10\n|\n|t:|1773769040\n|switch|p1a: Miraidon|Miraidon, L50, shiny|74/100\n|-activate|p1a: Miraidon|ability: Hadron Engine\n|move|p2b: Miraidon|Electro Drift|p1a: Miraidon\n|-resisted|p1a: Miraidon\n|-damage|p1a: Miraidon|62/100\n|move|p1b: Incineroar|Parting Shot|p2b: Miraidon\n|-unboost|p2b: Miraidon|atk|1\n|-unboost|p2b: Miraidon|spa|1\n|\n|t:|1773769045\n|switch|p1b: Lunala|Lunala, L50, shiny|52/100|[from] Parting Shot\n|move|p2a: Calyrex|Glacial Lance|p1b: Lunala|[spread] p1a,p1b\n|-supereffective|p1a: Miraidon\n|-damage|p1a: Miraidon|6/100\n|-damage|p1b: Lunala|25/100\n|\n|upkeep\n|turn|11\n|\n|t:|1773769066\n|move|p2b: Miraidon|Electro Drift|p1b: Lunala\n|-damage|p1b: Lunala|0 fnt\n|faint|p1b: Lunala\n|move|p1a: Miraidon|Electro Drift|p2a: Calyrex\n|-damage|p2a: Calyrex|41/100\n|move|p2a: Calyrex|Trick Room|p2a: Calyrex\n|-fieldstart|move: Trick Room|[of] p2a: Calyrex\n|\n|-fieldend|move: Electric Terrain\n|upkeep\n|\n|t:|1773769071\n|switch|p1b: Incineroar|Incineroar, L50, M, shiny|13/100\n|-ability|p1b: Incineroar|Intimidate|boost\n|-fail|p2a: Calyrex|unboost|[from] item: Clear Amulet|[of] p2a: Calyrex\n|-unboost|p2b: Miraidon|atk|1\n|turn|12\n|\n|t:|1773769081\n|move|p2a: Calyrex|Protect|p2a: Calyrex\n|-singleturn|p2a: Calyrex|Protect\n|move|p1b: Incineroar|Fake Out|p2b: Miraidon\n|-damage|p2b: Miraidon|90/100\n|move|p1a: Miraidon|Draco Meteor|p2b: Miraidon\n|-supereffective|p2b: Miraidon\n|-damage|p2b: Miraidon|0 fnt\n|-unboost|p1a: Miraidon|spa|2\n|faint|p2b: Miraidon\n|\n|-sideend|p1: YSE-MILL|Reflect\n|upkeep\n|turn|13\n|\n|t:|1773769091\n|move|p2a: Calyrex|Glacial Lance|p1a: Miraidon|[spread] p1a,p1b\n|-supereffective|p1a: Miraidon\n|-resisted|p1b: Incineroar\n|-damage|p1a: Miraidon|0 fnt\n|-damage|p1b: Incineroar|0 fnt\n|faint|p1a: Miraidon\n|faint|p1b: Incineroar\n|\n|win|Slackermaru\n|raw|YSE-MILL's rating: 1457 &rarr; <strong>1443</strong><br />(-14 for losing)\n|raw|Slackermaru's rating: 1558 &rarr; <strong>1572</strong><br />(+14 for winning)\n|l|\u2606YSE-MILL\n|player|p1|\n|l|\u2606Slackermaru\n|player|p2|\n","uploadtime":1773769291,"views":12,"formatid":"gen9vgc2026regi","rating":1443,"private":0,"password":null}