{"id":"gen9vgc2026regi-2535160962","format":"[Gen 9] VGC 2026 Reg I","players":["mascot4646","inb_178"],"log":"|j|\u2606mascot4646\n|j|\u2606inb_178\n|t:|1770521914\n|gametype|doubles\n|player|p1|mascot4646|102|1306\n|player|p2|inb_178|266|1296\n|gen|9\n|tier|[Gen 9] VGC 2026 Reg I\n|rated|\n|rule|Species Clause: Limit one of each Pok\u00e9mon\n|rule|Item Clause: Limit 1 of each item\n|clearpoke\n|poke|p1|Muk-Alola, L50, F|\n|poke|p1|Smeargle, L50, F|\n|poke|p1|Flamigo, L50, F|\n|poke|p1|Calyrex-Shadow, L50|\n|poke|p1|Rillaboom, L50, F|\n|poke|p1|Ho-Oh, L50|\n|poke|p2|Miraidon, L50|\n|poke|p2|Lunala, L50|\n|poke|p2|Incineroar, L50, M|\n|poke|p2|Iron Bundle, L50|\n|poke|p2|Amoonguss, L50, F|\n|poke|p2|Sneasler, L50, F|\n|teampreview|4\n|inactive|Battle timer is ON: inactive players will automatically lose when time's up. (requested by mascot4646)\n|\n|t:|1770521931\n|teamsize|p1|4\n|teamsize|p2|4\n|start\n|switch|p1a: Muk|Muk-Alola, L50, F|100/100\n|switch|p1b: Rillaboom|Rillaboom, L50, F|100/100\n|switch|p2a: Miraidon|Miraidon, L50|100/100\n|switch|p2b: Iron Bundle|Iron Bundle, L50|100/100\n|-fieldstart|move: Electric Terrain|[from] ability: Hadron Engine|[of] p2a: Miraidon\n|-activate|p2b: Iron Bundle|ability: Quark Drive\n|-start|p2b: Iron Bundle|quarkdrivespe\n|-fieldstart|move: Grassy Terrain|[from] ability: Grassy Surge|[of] p1b: Rillaboom\n|-end|p2b: Iron Bundle|Quark Drive\n|turn|1\n|inactive|mascot4646 has 30 seconds left.\n|inactive|mascot4646 has 20 seconds left.\n|inactive|mascot4646 has 15 seconds left.\n|inactive|mascot4646 has 10 seconds left.\n|\n|t:|1770521977\n|move|p1b: Rillaboom|Fake Out|p2b: Iron Bundle\n|-damage|p2b: Iron Bundle|83/100\n|cant|p2b: Iron Bundle|flinch\n|move|p2a: Miraidon|Volt Switch|p1b: Rillaboom\n|-resisted|p1b: Rillaboom\n|-damage|p1b: Rillaboom|89/100\n|\n|t:|1770521985\n|switch|p2a: Sneasler|Sneasler, L50, F|100/100|[from] Volt Switch\n|move|p1a: Muk|Minimize|p1a: Muk\n|-boost|p1a: Muk|evasion|2\n|\n|-heal|p2b: Iron Bundle|89/100|[from] Grassy Terrain\n|-heal|p1b: Rillaboom|95/100|[from] Grassy Terrain\n|upkeep\n|turn|2\n|\n|t:|1770522002\n|switch|p1b: Smeargle|Smeargle, L50, F|100/100\n|move|p2b: Iron Bundle|Ice Beam|p1b: Smeargle\n|-enditem|p1b: Smeargle|Focus Sash\n|-damage|p1b: Smeargle|1/100\n|move|p2a: Sneasler|Dire Claw|p1b: Smeargle\n|-damage|p1b: Smeargle|0 fnt\n|faint|p1b: Smeargle\n|-ability|p1a: Muk|Moody|Power of Alchemy|[from] ability: Power of Alchemy|[of] p1b: Smeargle\n|move|p1a: Muk|Minimize|p1a: Muk\n|-boost|p1a: Muk|evasion|2\n|\n|-heal|p2b: Iron Bundle|95/100|[from] Grassy Terrain\n|-ability|p1a: Muk|Moody|boost\n|-boost|p1a: Muk|spe|2\n|-unboost|p1a: Muk|spd|1\n|upkeep\n|\n|t:|1770522016\n|switch|p1b: Flamigo|Flamigo, L50, F|100/100\n|-copyboost|p1b: Flamigo|p1a: Muk|[from] ability: Costar\n|-enditem|p1b: Flamigo|White Herb\n|-clearnegativeboost|p1b: Flamigo|[silent]\n|turn|3\n|\n|t:|1770522028\n|switch|p2a: Incineroar|Incineroar, L50, M|100/100\n|-ability|p2a: Incineroar|Intimidate|boost\n|-unboost|p1a: Muk|atk|1\n|-unboost|p1b: Flamigo|atk|1\n|-terastallize|p1b: Flamigo|Steel\n|move|p1b: Flamigo|Acrobatics|p2a: Incineroar\n|-damage|p2a: Incineroar|75/100\n|move|p2b: Iron Bundle|Icy Wind|p1b: Flamigo|[spread] p1a,p1b\n|-resisted|p1b: Flamigo\n|-damage|p1a: Muk|76/100\n|-damage|p1b: Flamigo|85/100\n|-unboost|p1a: Muk|spe|1\n|-unboost|p1b: Flamigo|spe|1\n|move|p1a: Muk|Minimize|p1a: Muk\n|-boost|p1a: Muk|evasion|2\n|\n|-heal|p1b: Flamigo|91/100|[from] Grassy Terrain\n|-heal|p2b: Iron Bundle|100/100|[from] Grassy Terrain\n|-heal|p1a: Muk|82/100|[from] Grassy Terrain\n|-heal|p1a: Muk|88/100|[from] item: Leftovers\n|-heal|p2a: Incineroar|81/100|[from] Grassy Terrain\n|-ability|p1a: Muk|Moody|boost\n|-boost|p1a: Muk|def|2\n|-unboost|p1a: Muk|atk|1\n|upkeep\n|turn|4\n|inactive|inb_178 has 30 seconds left.\n|\n|t:|1770522055\n|move|p1b: Flamigo|Detect|p1b: Flamigo\n|-singleturn|p1b: Flamigo|Protect\n|move|p2b: Iron Bundle|Ice Beam|p1a: Muk|[miss]\n|-miss|p2b: Iron Bundle|p1a: Muk\n|move|p1a: Muk|Poison Gas|p2a: Incineroar|[spread] p2a,p2b\n|-status|p2a: Incineroar|psn\n|-status|p2b: Iron Bundle|psn\n|move|p2a: Incineroar|Flare Blitz|p1b: Flamigo\n|-activate|p1b: Flamigo|move: Protect\n|\n|-heal|p1b: Flamigo|96/100|[from] Grassy Terrain\n|-heal|p1a: Muk|94/100|[from] Grassy Terrain\n|-heal|p1a: Muk|100/100|[from] item: Leftovers\n|-heal|p2a: Incineroar|87/100 psn|[from] Grassy Terrain\n|-damage|p2b: Iron Bundle|88/100 psn|[from] psn\n|-damage|p2a: Incineroar|75/100 psn|[from] psn\n|-ability|p1a: Muk|Moody|boost\n|-boost|p1a: Muk|def|2\n|-unboost|p1a: Muk|spa|1\n|upkeep\n|turn|5\n|\n|t:|1770522079\n|move|p1b: Flamigo|Close Combat|p2a: Incineroar\n|-supereffective|p2a: Incineroar\n|-damage|p2a: Incineroar|21/100 psn\n|-unboost|p1b: Flamigo|def|1\n|-unboost|p1b: Flamigo|spd|1\n|-enditem|p2a: Incineroar|Figy Berry|[eat]\n|-heal|p2a: Incineroar|54/100 psn|[from] item: Figy Berry\n|move|p2b: Iron Bundle|Ice Beam|p1a: Muk|[miss]\n|-miss|p2b: Iron Bundle|p1a: Muk\n|move|p1a: Muk|Knock Off|p2a: Incineroar\n|-resisted|p2a: Incineroar\n|-damage|p2a: Incineroar|50/100 psn\n|move|p2a: Incineroar|Flare Blitz|p1b: Flamigo\n|-supereffective|p1b: Flamigo\n|-damage|p1b: Flamigo|0 fnt\n|faint|p1b: Flamigo\n|-damage|p2a: Incineroar|23/100 psn|[from] Recoil\n|\n|-heal|p2b: Iron Bundle|94/100 psn|[from] Grassy Terrain\n|-heal|p2a: Incineroar|29/100 psn|[from] Grassy Terrain\n|-damage|p2b: Iron Bundle|82/100 psn|[from] psn\n|-damage|p2a: Incineroar|16/100 psn|[from] psn\n|-fieldend|move: Grassy Terrain\n|-ability|p1a: Muk|Moody|boost\n|-boost|p1a: Muk|spa|2\n|-unboost|p1a: Muk|atk|1\n|upkeep\n|\n|t:|1770522094\n|switch|p1b: Rillaboom|Rillaboom, L50, F|95/100\n|-fieldstart|move: Grassy Terrain|[from] ability: Grassy Surge|[of] p1b: Rillaboom\n|turn|6\n|\n|t:|1770522109\n|switch|p2a: Miraidon|Miraidon, L50|100/100\n|-fieldstart|move: Electric Terrain|[from] ability: Hadron Engine|[of] p2a: Miraidon\n|-activate|p2b: Iron Bundle|ability: Quark Drive\n|-start|p2b: Iron Bundle|quarkdrivespe\n|move|p2b: Iron Bundle|Ice Beam|p1a: Muk|[miss]\n|-miss|p2b: Iron Bundle|p1a: Muk\n|move|p1b: Rillaboom|Grassy Glide|p2a: Miraidon\n|-resisted|p2a: Miraidon\n|-damage|p2a: Miraidon|87/100\n|move|p1a: Muk|Knock Off|p2a: Miraidon\n|-damage|p2a: Miraidon|74/100\n|-enditem|p2a: Miraidon|Assault Vest|[from] move: Knock Off|[of] p1a: Muk\n|\n|-damage|p2b: Iron Bundle|70/100 psn|[from] psn\n|-ability|p1a: Muk|Moody|boost\n|-boost|p1a: Muk|def|2\n|-unboost|p1a: Muk|atk|1\n|upkeep\n|turn|7\n|\n|t:|1770522131\n|move|p2b: Iron Bundle|Ice Beam|p1b: Rillaboom\n|-supereffective|p1b: Rillaboom\n|-damage|p1b: Rillaboom|42/100\n|move|p2a: Miraidon|Dragon Pulse|p1b: Rillaboom\n|-damage|p1b: Rillaboom|3/100\n|move|p1b: Rillaboom|High Horsepower|p2a: Miraidon\n|-supereffective|p2a: Miraidon\n|-damage|p2a: Miraidon|18/100\n|move|p1a: Muk|Poison Gas|p2b: Iron Bundle|[spread] p2a,p2b\n|-status|p2a: Miraidon|psn\n|-fail|p2b: Iron Bundle|psn\n|\n|-damage|p2b: Iron Bundle|58/100 psn|[from] psn\n|-damage|p2a: Miraidon|6/100 psn|[from] psn\n|-ability|p1a: Muk|Moody|boost\n|-boost|p1a: Muk|atk|2\n|-unboost|p1a: Muk|spe|1\n|upkeep\n|turn|8\n|\n|t:|1770522151\n|move|p2b: Iron Bundle|Protect|p2b: Iron Bundle\n|-singleturn|p2b: Iron Bundle|Protect\n|move|p1a: Muk|Protect|p1a: Muk\n|-singleturn|p1a: Muk|Protect\n|move|p2a: Miraidon|Parabolic Charge|p1a: Muk|[spread] p1b\n|-activate|p2b: Iron Bundle|move: Protect\n|-activate|p1a: Muk|move: Protect\n|-resisted|p1b: Rillaboom\n|-damage|p1b: Rillaboom|0 fnt\n|-heal|p2a: Miraidon|7/100 psn|[from] drain|[of] p1b: Rillaboom\n|faint|p1b: Rillaboom\n|\n|-damage|p2b: Iron Bundle|46/100 psn|[from] psn\n|-damage|p2a: Miraidon|0 fnt|[from] psn\n|faint|p2a: Miraidon\n|-ability|p1a: Muk|Moody|boost\n|-boost|p1a: Muk|spd|2\n|-unboost|p1a: Muk|spe|1\n|upkeep\n|\n|t:|1770522171\n|switch|p2a: Sneasler|Sneasler, L50, F|100/100\n|-enditem|p2a: Sneasler|Electric Seed\n|-boost|p2a: Sneasler|def|1|[from] item: Electric Seed\n|turn|9\n|\n|t:|1770522192\n|move|p2a: Sneasler|Close Combat|p1a: Muk|[miss]\n|-miss|p2a: Sneasler|p1a: Muk\n|move|p2b: Iron Bundle|Ice Beam|p1a: Muk\n|-damage|p1a: Muk|76/100\n|move|p1a: Muk|Knock Off|p2a: Sneasler\n|-resisted|p2a: Sneasler\n|-damage|p2a: Sneasler|94/100\n|\n|-heal|p1a: Muk|83/100|[from] item: Leftovers\n|-damage|p2b: Iron Bundle|33/100 psn|[from] psn\n|-ability|p1a: Muk|Moody|boost\n|-boost|p1a: Muk|spa|2\n|-unboost|p1a: Muk|spe|1\n|upkeep\n|turn|10\n|\n|t:|1770522210\n|move|p1a: Muk|Protect|p1a: Muk\n|-singleturn|p1a: Muk|Protect\n|move|p2a: Sneasler|Close Combat|p1a: Muk\n|-activate|p1a: Muk|move: Protect\n|move|p2b: Iron Bundle|Ice Beam|p1a: Muk\n|-activate|p1a: Muk|move: Protect\n|\n|-heal|p1a: Muk|89/100|[from] item: Leftovers\n|-damage|p2b: Iron Bundle|21/100 psn|[from] psn\n|-fieldend|move: Electric Terrain\n|-end|p2b: Iron Bundle|Quark Drive\n|-ability|p1a: Muk|Moody|boost\n|-boost|p1a: Muk|spe|2\n|-unboost|p1a: Muk|atk|1\n|upkeep\n|turn|11\n|\n|t:|1770522229\n|-end|p2b: Iron Bundle|Quark Drive|[silent]\n|switch|p2b: Incineroar|Incineroar, L50, M|16/100 psn\n|-ability|p2b: Incineroar|Intimidate|boost\n|-unboost|p1a: Muk|atk|1\n|move|p2a: Sneasler|Close Combat|p1a: Muk\n|-damage|p1a: Muk|76/100\n|-unboost|p2a: Sneasler|def|1\n|-unboost|p2a: Sneasler|spd|1\n|move|p1a: Muk|Knock Off|p2a: Sneasler\n|-resisted|p2a: Sneasler\n|-damage|p2a: Sneasler|87/100\n|\n|-heal|p1a: Muk|82/100|[from] item: Leftovers\n|-damage|p2b: Incineroar|4/100 psn|[from] psn\n|-ability|p1a: Muk|Moody|boost\n|-boost|p1a: Muk|atk|2\n|-unboost|p1a: Muk|spa|1\n|upkeep\n|turn|12\n|inactive|inb_178 has 30 seconds left.\n|\n|t:|1770522263\n|move|p1a: Muk|Protect|p1a: Muk\n|-singleturn|p1a: Muk|Protect\n|move|p2a: Sneasler|Dire Claw|p1a: Muk\n|-activate|p1a: Muk|move: Protect\n|move|p2b: Incineroar|Knock Off|p1a: Muk\n|-activate|p1a: Muk|move: Protect\n|\n|-heal|p1a: Muk|88/100|[from] item: Leftovers\n|-damage|p2b: Incineroar|0 fnt|[from] psn\n|faint|p2b: Incineroar\n|-ability|p1a: Muk|Moody|boost\n|-boost|p1a: Muk|spd|2\n|-unboost|p1a: Muk|spe|1\n|upkeep\n|\n|t:|1770522279\n|switch|p2b: Iron Bundle|Iron Bundle, L50|21/100 psn\n|turn|13\n|\n|t:|1770522287\n|move|p2a: Sneasler|Dire Claw|p1a: Muk|[miss]\n|-miss|p2a: Sneasler|p1a: Muk\n|move|p2b: Iron Bundle|Ice Beam|p1a: Muk|[miss]\n|-miss|p2b: Iron Bundle|p1a: Muk\n|move|p1a: Muk|Knock Off|p2a: Sneasler\n|-resisted|p2a: Sneasler\n|-damage|p2a: Sneasler|77/100\n|\n|-heal|p1a: Muk|94/100|[from] item: Leftovers\n|-damage|p2b: Iron Bundle|9/100 psn|[from] psn\n|-ability|p1a: Muk|Moody|boost\n|-boost|p1a: Muk|spa|2\n|-unboost|p1a: Muk|atk|1\n|upkeep\n|turn|14\n|-message|inb_178 forfeited.\n|\n|win|mascot4646\n|raw|mascot4646's rating: 1306 &rarr; <strong>1325</strong><br />(+19 for winning)\n|raw|inb_178's rating: 1296 &rarr; <strong>1272</strong><br />(-24 for losing)\n|l|\u2606inb_178\n|player|p2|\n|l|\u2606mascot4646\n|player|p1|\n","uploadtime":1770522450,"views":14,"formatid":"gen9vgc2026regi","rating":1272,"private":0,"password":null}