{"id":"gen9vgc2026regi-2578670317","format":"[Gen 9] VGC 2026 Reg I","players":["pumpkinflame","Mimiku12345"],"log":"|j|\u2606pumpkinflame\n|j|\u2606Mimiku12345\n|t:|1775701826\n|gametype|doubles\n|player|p1|pumpkinflame|adaman-masters|1150\n|player|p2|Mimiku12345|266|1186\n|gen|9\n|tier|[Gen 9] VGC 2026 Reg I\n|rated|\n|rule|Species Clause: Limit one of each Pok\u00e9mon\n|rule|Item Clause: Limit 1 of each item\n|clearpoke\n|poke|p1|Kyogre, L50|\n|poke|p1|Archaludon, L50, F|\n|poke|p1|Rillaboom, L50, F|\n|poke|p1|Roaring Moon, L50|\n|poke|p1|Calyrex-Ice, L50|\n|poke|p1|Incineroar, L50, F|\n|poke|p2|Ninetales-Alola, L50, M|\n|poke|p2|Kilowattrel, L50, M|\n|poke|p2|Avalugg-Hisui, L50, F|\n|poke|p2|Zamazenta-*, L50|\n|poke|p2|Articuno-Galar, L50|\n|poke|p2|Calyrex-Shadow, L50|\n|teampreview|4\n|inactive|Battle timer is ON: inactive players will automatically lose when time's up. (requested by Mimiku12345)\n|inactive|pumpkinflame has 60 seconds left.\n|\n|t:|1775701857\n|teamsize|p1|4\n|teamsize|p2|4\n|start\n|switch|p1a: Salamence Megav2|Roaring Moon, L50|100/100\n|switch|p1b: K.O|Kyogre, L50|100/100\n|switch|p2a: Articuno|Articuno-Galar, L50|100/100\n|switch|p2b: Kilowattrel|Kilowattrel, L50, M|100/100\n|-weather|RainDance|[from] ability: Drizzle|[of] p1b: K.O\n|-enditem|p1a: Salamence Megav2|Booster Energy\n|-activate|p1a: Salamence Megav2|ability: Protosynthesis|[fromitem]\n|-start|p1a: Salamence Megav2|protosynthesisspe\n|turn|1\n|\n|t:|1775701881\n|switch|p2b: Ninetales|Ninetales-Alola, L50, M|100/100\n|-weather|Snowscape|[from] ability: Snow Warning|[of] p2b: Ninetales\n|move|p1a: Salamence Megav2|Tailwind|p1a: Salamence Megav2\n|-sidestart|p1: pumpkinflame|move: Tailwind\n|move|p1b: K.O|Water Spout|p2a: Articuno|[spread] p2a,p2b\n|-damage|p2a: Articuno|13/100\n|-damage|p2b: Ninetales|11/100\n|move|p2a: Articuno|Tailwind|p2a: Articuno\n|-sidestart|p2: Mimiku12345|move: Tailwind\n|\n|-weather|Snowscape|[upkeep]\n|upkeep\n|turn|2\n|\n|t:|1775701904\n|move|p1a: Salamence Megav2|Knock Off|p2a: Articuno\n|-supereffective|p2a: Articuno\n|-damage|p2a: Articuno|0 fnt\n|-enditem|p2a: Articuno|Bright Powder|[from] move: Knock Off|[of] p1a: Salamence Megav2\n|faint|p2a: Articuno\n|move|p2b: Ninetales|Dazzling Gleam|p1a: Salamence Megav2|[spread] p1a,p1b\n|-supereffective|p1a: Salamence Megav2\n|-damage|p1a: Salamence Megav2|8/100\n|-damage|p1b: K.O|87/100\n|move|p1b: K.O|Water Spout|p2b: Ninetales\n|-damage|p2b: Ninetales|0 fnt\n|faint|p2b: Ninetales\n|\n|-weather|Snowscape|[upkeep]\n|upkeep\n|\n|t:|1775701911\n|switch|p2b: Kilowattrel|Kilowattrel, L50, M|100/100\n|switch|p2a: Zamazenta|Zamazenta-Crowned, L50|100/100\n|-ability|p2a: Zamazenta|Dauntless Shield|boost\n|-boost|p2a: Zamazenta|def|1\n|turn|3\n|\n|t:|1775701923\n|move|p1b: K.O|Protect|p1b: K.O\n|-singleturn|p1b: K.O|Protect\n|move|p2a: Zamazenta|Wide Guard|p2a: Zamazenta\n|-singleturn|p2a: Zamazenta|Wide Guard\n|move|p1a: Salamence Megav2|Knock Off|p2b: Kilowattrel\n|-damage|p2b: Kilowattrel|9/100\n|-enditem|p2b: Kilowattrel|Quick Claw|[from] move: Knock Off|[of] p1a: Salamence Megav2\n|move|p2b: Kilowattrel|Electroweb|p1a: Salamence Megav2|[spread] p1a\n|-activate|p1b: K.O|move: Protect\n|-resisted|p1a: Salamence Megav2\n|-damage|p1a: Salamence Megav2|0 fnt\n|faint|p1a: Salamence Megav2\n|-end|p1a: Salamence Megav2|Protosynthesis|[silent]\n|\n|-weather|Snowscape|[upkeep]\n|upkeep\n|\n|t:|1775701936\n|switch|p1a: Freak|Incineroar, L50, F|100/100\n|-ability|p1a: Freak|Intimidate|boost\n|-unboost|p2a: Zamazenta|atk|1\n|-unboost|p2b: Kilowattrel|atk|1\n|-ability|p2b: Kilowattrel|Competitive|boost\n|-boost|p2b: Kilowattrel|spa|2\n|turn|4\n|\n|t:|1775701959\n|-terastallize|p1b: K.O|Dragon\n|move|p1a: Freak|Fake Out|p2a: Zamazenta\n|-resisted|p2a: Zamazenta\n|-damage|p2a: Zamazenta|98/100\n|cant|p2a: Zamazenta|flinch\n|move|p2b: Kilowattrel|Electroweb|p1b: K.O|[spread] p1a,p1b\n|-resisted|p1b: K.O\n|-damage|p1a: Freak|74/100\n|-damage|p1b: K.O|74/100\n|-unboost|p1a: Freak|spe|1\n|-unboost|p1b: K.O|spe|1\n|move|p1b: K.O|Ice Beam|p2b: Kilowattrel\n|-supereffective|p2b: Kilowattrel\n|-damage|p2b: Kilowattrel|0 fnt\n|faint|p2b: Kilowattrel\n|\n|-weather|Snowscape|[upkeep]\n|-sideend|p1: pumpkinflame|move: Tailwind\n|-sideend|p2: Mimiku12345|move: Tailwind\n|upkeep\n|turn|5\n|\n|t:|1775701982\n|move|p2a: Zamazenta|Body Press|p1a: Freak\n|-supereffective|p1a: Freak\n|-damage|p1a: Freak|0 fnt\n|-damage|p2a: Zamazenta|81/100|[from] item: Rocky Helmet|[of] p1a: Freak\n|faint|p1a: Freak\n|move|p1b: K.O|Origin Pulse|p2a: Zamazenta\n|-damage|p2a: Zamazenta|24/100\n|\n|-weather|none\n|upkeep\n|\n|t:|1775701986\n|switch|p1a: Chilly and Willy|Calyrex-Ice, L50|100/100\n|-ability|p1a: Chilly and Willy|As One\n|-ability|p1a: Chilly and Willy|Unnerve\n|turn|6\n|\n|t:|1775701992\n|move|p2a: Zamazenta|Behemoth Bash|p1a: Chilly and Willy\n|-supereffective|p1a: Chilly and Willy\n|-damage|p1a: Chilly and Willy|68/100\n|move|p1b: K.O|Water Spout|p2a: Zamazenta\n|-damage|p2a: Zamazenta|0 fnt\n|faint|p2a: Zamazenta\n|\n|win|pumpkinflame\n|raw|pumpkinflame's rating: 1150 &rarr; <strong>1178</strong><br />(+28 for winning)\n|raw|Mimiku12345's rating: 1186 &rarr; <strong>1158</strong><br />(-28 for losing)\n|l|\u2606Mimiku12345\n|player|p2|\n|l|\u2606pumpkinflame\n|player|p1|\n","uploadtime":1775702172,"views":13,"formatid":"gen9vgc2026regi","rating":1158,"private":0,"password":null}