{"id":"gen9vgc2026regi-2544184389","format":"[Gen 9] VGC 2026 Reg I","players":["Lewissquire","huanyu0.0"],"log":"|j|\u2606Lewissquire\n|j|\u2606huanyu0.0\n|t:|1771673955\n|gametype|doubles\n|player|p1|Lewissquire|101|1393\n|player|p2|huanyu0.0|101|1503\n|gen|9\n|tier|[Gen 9] VGC 2026 Reg I\n|rated|\n|rule|Species Clause: Limit one of each Pok\u00e9mon\n|rule|Item Clause: Limit 1 of each item\n|clearpoke\n|poke|p1|Miraidon, L50|\n|poke|p1|Calyrex-Ice, L50|\n|poke|p1|Incineroar, L50, F|\n|poke|p1|Amoonguss, L50, M|\n|poke|p1|Volcarona, L50, M|\n|poke|p1|Urshifu-*, L50, M|\n|poke|p2|Kyogre, L50|\n|poke|p2|Zamazenta-*, L50|\n|poke|p2|Chien-Pao, L50|\n|poke|p2|Tornadus, L50, M|\n|poke|p2|Rhydon, L50, F|\n|poke|p2|Amoonguss, L50, F|\n|teampreview|4\n|inactive|Battle timer is ON: inactive players will automatically lose when time's up. (requested by huanyu0.0)\n|\n|t:|1771673983\n|teamsize|p1|4\n|teamsize|p2|4\n|start\n|switch|p1a: Miraidon|Miraidon, L50|100/100\n|switch|p1b: Calyrex|Calyrex-Ice, L50|100/100\n|switch|p2a: Zamazenta|Zamazenta-Crowned, L50|100/100\n|switch|p2b: Chien-Pao|Chien-Pao, L50|100/100\n|-ability|p1b: Calyrex|As One\n|-ability|p1b: Calyrex|Unnerve\n|-fieldstart|move: Electric Terrain|[from] ability: Hadron Engine|[of] p1a: Miraidon\n|-ability|p2b: Chien-Pao|Sword of Ruin\n|-ability|p2a: Zamazenta|Dauntless Shield|boost\n|-boost|p2a: Zamazenta|def|1\n|turn|1\n|inactive|Lewissquire has 30 seconds left.\n|inactive|huanyu0.0 has 30 seconds left.\n|\n|t:|1771674016\n|-terastallize|p1a: Miraidon|Electric\n|move|p1a: Miraidon|Electro Drift|p2a: Zamazenta\n|-damage|p2a: Zamazenta|20/100\n|move|p2b: Chien-Pao|Ice Spinner|p1a: Miraidon\n|-damage|p1a: Miraidon|56/100\n|-fieldend|move: Electric Terrain\n|move|p2a: Zamazenta|Body Press|p1b: Calyrex\n|-damage|p1b: Calyrex|41/100\n|move|p1b: Calyrex|Trick Room|p1b: Calyrex\n|-fieldstart|move: Trick Room|[of] p1b: Calyrex\n|\n|upkeep\n|turn|2\n|inactive|Lewissquire has 30 seconds left.\n|\n|t:|1771674050\n|switch|p2b: Rhydon|Rhydon, L50, F|100/100\n|-terastallize|p2a: Zamazenta|Grass\n|move|p1b: Calyrex|Protect|p1b: Calyrex\n|-singleturn|p1b: Calyrex|Protect\n|move|p2a: Zamazenta|Wide Guard|p2a: Zamazenta\n|-singleturn|p2a: Zamazenta|Wide Guard\n|move|p1a: Miraidon|Electro Drift|p2b: Rhydon\n|-ability|p2b: Rhydon|Lightning Rod|boost\n|-boost|p2b: Rhydon|spa|1\n|\n|upkeep\n|turn|3\n|\n|t:|1771674068\n|move|p2a: Zamazenta|Wide Guard|p2a: Zamazenta\n|-singleturn|p2a: Zamazenta|Wide Guard\n|move|p2b: Rhydon|Rock Slide|p1a: Miraidon|[spread] p1b\n|-miss|p2b: Rhydon|p1a: Miraidon\n|-supereffective|p1b: Calyrex\n|-damage|p1b: Calyrex|5/100\n|cant|p1b: Calyrex|flinch\n|move|p1a: Miraidon|Electro Drift|p2b: Rhydon\n|-activate|p2b: Rhydon|ability: Lightning Rod\n|-ability|p2b: Rhydon|Lightning Rod|boost\n|-boost|p2b: Rhydon|spa|1\n|\n|upkeep\n|turn|4\n|\n|t:|1771674084\n|switch|p1a: Amoonguss|Amoonguss, L50, M|100/100\n|move|p1b: Calyrex|Protect|p1b: Calyrex\n|-singleturn|p1b: Calyrex|Protect\n|move|p2a: Zamazenta|Wide Guard|p2a: Zamazenta\n|-singleturn|p2a: Zamazenta|Wide Guard\n|move|p2b: Rhydon|Rock Slide|p1a: Amoonguss|[spread] \n|-activate|p1b: Calyrex|move: Protect\n|-miss|p2b: Rhydon|p1a: Amoonguss\n|\n|upkeep\n|turn|5\n|inactive|huanyu0.0 has 30 seconds left.\n|\n|t:|1771674110\n|move|p2b: Rhydon|Protect|p2b: Rhydon\n|-singleturn|p2b: Rhydon|Protect\n|move|p2a: Zamazenta|Wide Guard|p2a: Zamazenta\n|-singleturn|p2a: Zamazenta|Wide Guard\n|move|p1a: Amoonguss|Pollen Puff|p1b: Calyrex\n|-heal|p1b: Calyrex|55/100\n|move|p1b: Calyrex|High Horsepower|p2a: Zamazenta\n|-resisted|p2a: Zamazenta\n|-damage|p2a: Zamazenta|12/100\n|\n|-fieldend|move: Trick Room\n|upkeep\n|turn|6\n|inactive|Lewissquire has 30 seconds left.\n|inactive|huanyu0.0 has 30 seconds left.\n|\n|t:|1771674141\n|move|p2a: Zamazenta|Heavy Slam|p1a: Amoonguss\n|-crit|p1a: Amoonguss\n|-damage|p1a: Amoonguss|39/100\n|-damage|p2a: Zamazenta|0 fnt|[from] item: Rocky Helmet|[of] p1a: Amoonguss\n|faint|p2a: Zamazenta\n|move|p2b: Rhydon|Rock Slide|p1a: Amoonguss|[spread] p1a,p1b\n|-supereffective|p1b: Calyrex\n|-damage|p1a: Amoonguss|15/100\n|-damage|p1b: Calyrex|22/100\n|move|p1a: Amoonguss|Pollen Puff|p1b: Calyrex\n|-heal|p1b: Calyrex|72/100\n|move|p1b: Calyrex|Trick Room|p1b: Calyrex\n|-fieldstart|move: Trick Room|[of] p1b: Calyrex\n|\n|upkeep\n|\n|t:|1771674166\n|switch|p2a: Kyogre|Kyogre, L50|100/100\n|-weather|RainDance|[from] ability: Drizzle|[of] p2a: Kyogre\n|turn|7\n|\n|t:|1771674176\n|move|p1a: Amoonguss|Spore|p2a: Kyogre\n|-status|p2a: Kyogre|slp|[from] move: Spore\n|move|p2b: Rhydon|Rock Slide|p1b: Calyrex|[spread] p1a,p1b\n|-supereffective|p1b: Calyrex\n|-damage|p1a: Amoonguss|0 fnt\n|-damage|p1b: Calyrex|37/100\n|faint|p1a: Amoonguss\n|move|p1b: Calyrex|High Horsepower|p2b: Rhydon\n|-supereffective|p2b: Rhydon\n|-damage|p2b: Rhydon|58/100\n|cant|p2a: Kyogre|slp\n|\n|-weather|RainDance|[upkeep]\n|upkeep\n|\n|t:|1771674187\n|switch|p1a: Urshifu|Urshifu, L50, M|100/100\n|turn|8\n|\n|t:|1771674208\n|move|p1b: Calyrex|Protect|p1b: Calyrex\n|-singleturn|p1b: Calyrex|Protect\n|move|p2b: Rhydon|Rock Slide|p1b: Calyrex|[spread] p1a\n|-activate|p1b: Calyrex|move: Protect\n|-resisted|p1a: Urshifu\n|-damage|p1a: Urshifu|87/100\n|-curestatus|p2a: Kyogre|slp|[msg]\n|move|p2a: Kyogre|Water Spout|p1a: Urshifu|[spread] p1a\n|-activate|p1b: Calyrex|move: Protect\n|-damage|p1a: Urshifu|0 fnt\n|faint|p1a: Urshifu\n|\n|-weather|RainDance|[upkeep]\n|upkeep\n|-message|Lewissquire forfeited.\n|\n|win|huanyu0.0\n|raw|Lewissquire's rating: 1393 &rarr; <strong>1379</strong><br />(-14 for losing)\n|raw|huanyu0.0's rating: 1503 &rarr; <strong>1517</strong><br />(+14 for winning)\n|l|\u2606Lewissquire\n|player|p1|\n|l|\u2606huanyu0.0\n|player|p2|\n","uploadtime":1771674436,"views":16,"formatid":"gen9vgc2026regi","rating":1379,"private":0,"password":null}