{"id":"gen9vgc2026regi-2521732741","format":"[Gen 9] VGC 2026 Reg I","players":["Erseo05","marcxhenry"],"log":"|j|\u2606Erseo05\n|j|\u2606marcxhenry\n|t:|1768816360\n|gametype|doubles\n|player|p1|Erseo05|265|1354\n|player|p2|marcxhenry|hilbert-wonderlauncher|1372\n|gen|9\n|tier|[Gen 9] VGC 2026 Reg I\n|rated|\n|rule|Species Clause: Limit one of each Pok\u00e9mon\n|rule|Item Clause: Limit 1 of each item\n|clearpoke\n|poke|p1|Kyogre, L50|\n|poke|p1|Urshifu-*, L50, M|\n|poke|p1|Tornadus, L50, M|\n|poke|p1|Calyrex-Ice, L50|\n|poke|p1|Indeedee-F, L50, F|\n|poke|p1|Oranguru, L50, M|\n|poke|p2|Calyrex-Shadow, L50|\n|poke|p2|Urshifu-*, L50, M|\n|poke|p2|Roaring Moon, L50|\n|poke|p2|Kyogre, L50|\n|poke|p2|Tsareena, L50, F|\n|poke|p2|Kingambit, L50, M|\n|teampreview|4\n|inactive|Battle timer is ON: inactive players will automatically lose when time's up. (requested by Erseo05)\n|\n|t:|1768816399\n|teamsize|p1|4\n|teamsize|p2|4\n|start\n|switch|p1a: Calyrex|Calyrex-Ice, L50|100/100\n|switch|p1b: Indeedee|Indeedee-F, L50, F|100/100\n|switch|p2a: Roter Baron|Roaring Moon, L50, shiny|100/100\n|switch|p2b: Tripitz|Kyogre, L50, shiny|100/100\n|-ability|p1a: Calyrex|As One\n|-ability|p1a: Calyrex|Unnerve\n|-weather|RainDance|[from] ability: Drizzle|[of] p2b: Tripitz\n|-fieldstart|move: Psychic Terrain|[from] ability: Psychic Surge|[of] p1b: Indeedee\n|-enditem|p2a: Roter Baron|Booster Energy\n|-activate|p2a: Roter Baron|ability: Protosynthesis|[fromitem]\n|-start|p2a: Roter Baron|protosynthesisspe\n|turn|1\n|j| SaltyCore69\n|\n|t:|1768816416\n|-end|p2a: Roter Baron|Protosynthesis|[silent]\n|switch|p2a: Hermann|Kingambit, L50, M, shiny|100/100\n|-terastallize|p1a: Calyrex|Water\n|move|p1b: Indeedee|Follow Me|p1b: Indeedee\n|-singleturn|p1b: Indeedee|move: Follow Me\n|move|p2b: Tripitz|Water Spout|p1b: Indeedee|[spread] p1a,p1b\n|-resisted|p1a: Calyrex\n|-damage|p1a: Calyrex|58/100\n|-damage|p1b: Indeedee|0 fnt\n|faint|p1b: Indeedee\n|move|p1a: Calyrex|Trick Room|p1a: Calyrex\n|-fieldstart|move: Trick Room|[of] p1a: Calyrex\n|\n|-weather|RainDance|[upkeep]\n|upkeep\n|\n|t:|1768816427\n|switch|p1b: Oranguru|Oranguru, L50, M|100/100\n|turn|2\n|\n|t:|1768816436\n|move|p2b: Tripitz|Protect|p2b: Tripitz\n|-singleturn|p2b: Tripitz|Protect\n|move|p1a: Calyrex|Glacial Lance|p2a: Hermann|[spread] p2a\n|-activate|p2b: Tripitz|move: Protect\n|-resisted|p2a: Hermann\n|-damage|p2a: Hermann|79/100\n|move|p2a: Hermann|Kowtow Cleave|p1b: Oranguru\n|-supereffective|p1b: Oranguru\n|-crit|p1b: Oranguru\n|-damage|p1b: Oranguru|0 fnt\n|faint|p1b: Oranguru\n|\n|-weather|RainDance|[upkeep]\n|upkeep\n|\n|t:|1768816446\n|switch|p1b: Kyogre|Kyogre, L50|100/100\n|turn|3\n|\n|t:|1768816456\n|move|p1a: Calyrex|Close Combat|p2a: Hermann\n|-supereffective|p2a: Hermann\n|-damage|p2a: Hermann|0 fnt\n|-unboost|p1a: Calyrex|def|1\n|-unboost|p1a: Calyrex|spd|1\n|faint|p2a: Hermann\n|-ability|p1a: Calyrex|Chilling Neigh|boost\n|-boost|p1a: Calyrex|atk|1\n|move|p1b: Kyogre|Thunder|p2b: Tripitz\n|-supereffective|p2b: Tripitz\n|-damage|p2b: Tripitz|35/100\n|-status|p2b: Tripitz|par\n|move|p2b: Tripitz|Origin Pulse|p1b: Kyogre|[spread] p1a,p1b\n|-resisted|p1a: Calyrex\n|-resisted|p1b: Kyogre\n|-damage|p1a: Calyrex|10/100\n|-damage|p1b: Kyogre|69/100\n|\n|-weather|RainDance|[upkeep]\n|upkeep\n|\n|t:|1768816475\n|switch|p2a: Eva|Tsareena, L50, F, shiny|100/100\n|turn|4\n|\n|t:|1768816483\n|-terastallize|p2a: Eva|Water\n|move|p2b: Tripitz|Protect|p2b: Tripitz\n|-singleturn|p2b: Tripitz|Protect\n|move|p1a: Calyrex|Protect|p1a: Calyrex\n|-singleturn|p1a: Calyrex|Protect\n|move|p2a: Eva|Power Whip|p1b: Kyogre\n|-supereffective|p1b: Kyogre\n|-damage|p1b: Kyogre|0 fnt\n|faint|p1b: Kyogre\n|\n|-weather|RainDance|[upkeep]\n|upkeep\n|turn|5\n|-message|Erseo05 forfeited.\n|\n|win|marcxhenry\n|raw|Erseo05's rating: 1354 &rarr; <strong>1335</strong><br />(-19 for losing)\n|raw|marcxhenry's rating: 1372 &rarr; <strong>1391</strong><br />(+19 for winning)\n|l|\u2606Erseo05\n|player|p1|\n|l|\u2606marcxhenry\n|player|p2|\n|l| SaltyCore69\n","uploadtime":1768816709,"views":13,"formatid":"gen9vgc2026regi","rating":1335,"private":0,"password":null}