{"id":"gen9vgc2026regi-2526230175","format":"[Gen 9] VGC 2026 Reg I","players":["blacpanda","alexit93"],"log":"|j|\u2606blacpanda\n|j|\u2606alexit93\n|t:|1769385425\n|gametype|doubles\n|player|p1|blacpanda|1|1149\n|player|p2|alexit93|lucas-gen4pt|1237\n|gen|9\n|tier|[Gen 9] VGC 2026 Reg I\n|rated|\n|rule|Species Clause: Limit one of each Pok\u00e9mon\n|rule|Item Clause: Limit 1 of each item\n|clearpoke\n|poke|p1|Kyogre, L50|\n|poke|p1|Indeedee-F, L50, F|\n|poke|p1|Thundurus, L50, M|\n|poke|p1|Beartic, L50, M|\n|poke|p1|Annihilape, L50, F|\n|poke|p1|Miraidon, L50|\n|poke|p2|Zamazenta-*, L50|\n|poke|p2|Riolu, L50, F|\n|poke|p2|Calyrex-Ice, L50|\n|poke|p2|Rillaboom, L50, F|\n|poke|p2|Incineroar, L50, F|\n|poke|p2|Urshifu-*, L50, M|\n|teampreview|4\n|inactive|Battle timer is ON: inactive players will automatically lose when time's up. (requested by blacpanda)\n|\n|t:|1769385444\n|teamsize|p1|4\n|teamsize|p2|4\n|start\n|switch|p1a: Miraidon|Miraidon, L50, shiny|100/100\n|switch|p1b: Annihilape|Annihilape, L50, F|100/100\n|switch|p2a: Urshifu|Urshifu-Rapid-Strike, L50, M|100/100\n|switch|p2b: Riolu|Riolu, L50, F|100/100\n|-fieldstart|move: Electric Terrain|[from] ability: Hadron Engine|[of] p1a: Miraidon\n|turn|1\n|inactive|blacpanda has 30 seconds left.\n|inactive|blacpanda has 20 seconds left.\n|inactive|blacpanda has 15 seconds left.\n|\n|t:|1769385485\n|move|p1b: Annihilape|Protect|p1b: Annihilape\n|-singleturn|p1b: Annihilape|Protect\n|move|p2b: Riolu|Coaching|p2a: Urshifu\n|-boost|p2a: Urshifu|atk|1\n|-boost|p2a: Urshifu|def|1\n|move|p2a: Urshifu|Surging Strikes|p1b: Annihilape\n|-crit|p1b: Annihilape\n|-damage|p1b: Annihilape|70/100\n|-crit|p1b: Annihilape\n|-damage|p1b: Annihilape|42/100\n|-crit|p1b: Annihilape\n|-damage|p1b: Annihilape|15/100\n|-hitcount|p1b: Annihilape|3\n|move|p1a: Miraidon|Dazzling Gleam|p2b: Riolu|[spread] p2a,p2b\n|-supereffective|p2a: Urshifu\n|-supereffective|p2b: Riolu\n|-damage|p2a: Urshifu|0 fnt\n|-damage|p2b: Riolu|0 fnt\n|faint|p2a: Urshifu\n|faint|p2b: Riolu\n|\n|upkeep\n|\n|t:|1769385498\n|switch|p2a: Zamazenta|Zamazenta-Crowned, L50, shiny|100/100\n|switch|p2b: Rillaboom|Rillaboom, L50, F|100/100\n|-ability|p2a: Zamazenta|Dauntless Shield|boost\n|-boost|p2a: Zamazenta|def|1\n|-fieldstart|move: Grassy Terrain|[from] ability: Grassy Surge|[of] p2b: Rillaboom\n|turn|2\n|\n|t:|1769385516\n|switch|p1a: Thundurus|Thundurus, L50, M|100/100\n|move|p2b: Rillaboom|Fake Out|p1b: Annihilape\n|-immune|p1b: Annihilape\n|move|p2a: Zamazenta|Body Press|p1a: Thundurus\n|-resisted|p1a: Thundurus\n|-damage|p1a: Thundurus|50/100\n|move|p1b: Annihilape|Drain Punch|p2a: Zamazenta\n|-supereffective|p2a: Zamazenta\n|-damage|p2a: Zamazenta|64/100\n|-heal|p1b: Annihilape|30/100|[from] drain|[of] p2a: Zamazenta\n|-damage|p1b: Annihilape|21/100|[from] item: Life Orb\n|\n|-heal|p2a: Zamazenta|70/100|[from] Grassy Terrain\n|-heal|p1b: Annihilape|27/100|[from] Grassy Terrain\n|upkeep\n|turn|3\n|inactive|blacpanda has 30 seconds left.\n|inactive|blacpanda has 20 seconds left.\n|inactive|blacpanda has 15 seconds left.\n|\n|t:|1769385558\n|move|p1a: Thundurus|Thunder Wave|p2a: Zamazenta\n|-status|p2a: Zamazenta|par\n|move|p2b: Rillaboom|Grassy Glide|p1b: Annihilape\n|-damage|p1b: Annihilape|0 fnt\n|faint|p1b: Annihilape\n|move|p2a: Zamazenta|Body Press|p1a: Thundurus\n|-resisted|p1a: Thundurus\n|-damage|p1a: Thundurus|5/100\n|\n|-heal|p2a: Zamazenta|75/100 par|[from] Grassy Terrain\n|upkeep\n|\n|t:|1769385569\n|switch|p1b: Miraidon|Miraidon, L50, shiny|100/100\n|-fieldstart|move: Electric Terrain|[from] ability: Hadron Engine|[of] p1b: Miraidon\n|turn|4\n|inactive|alexit93 has 30 seconds left.\n|\n|t:|1769385596\n|-terastallize|p1b: Miraidon|Electric\n|move|p2a: Zamazenta|Protect|p2a: Zamazenta\n|-singleturn|p2a: Zamazenta|Protect\n|move|p1b: Miraidon|Electro Drift|p2a: Zamazenta\n|-activate|p2a: Zamazenta|move: Protect\n|move|p1a: Thundurus|Wildbolt Storm|p2b: Rillaboom|[spread] p2b\n|-activate|p2a: Zamazenta|move: Protect\n|-resisted|p2b: Rillaboom\n|-damage|p2b: Rillaboom|87/100\n|move|p2b: Rillaboom|Wood Hammer|p1b: Miraidon\n|-damage|p1b: Miraidon|36/100\n|-damage|p2b: Rillaboom|65/100|[from] Recoil\n|\n|upkeep\n|turn|5\n|\n|t:|1769385615\n|-terastallize|p2a: Zamazenta|Dragon\n|move|p2a: Zamazenta|Wide Guard|p2a: Zamazenta\n|-singleturn|p2a: Zamazenta|Wide Guard\n|move|p1a: Thundurus|Thunder Wave|p2b: Rillaboom\n|-status|p2b: Rillaboom|par\n|move|p1b: Miraidon|Electro Drift|p2a: Zamazenta\n|-resisted|p2a: Zamazenta\n|-damage|p2a: Zamazenta|5/100 par\n|move|p2b: Rillaboom|Wood Hammer|p1b: Miraidon\n|-damage|p1b: Miraidon|0 fnt\n|faint|p1b: Miraidon\n|-damage|p2b: Rillaboom|54/100 par|[from] Recoil\n|\n|upkeep\n|\n|t:|1769385626\n|switch|p1b: Kyogre|Kyogre, L50, shiny|100/100\n|-weather|RainDance|[from] ability: Drizzle|[of] p1b: Kyogre\n|turn|6\n|\n|t:|1769385634\n|move|p2a: Zamazenta|Wide Guard|p2a: Zamazenta\n|-singleturn|p2a: Zamazenta|Wide Guard\n|move|p1a: Thundurus|Wildbolt Storm|p2b: Rillaboom|[spread] \n|-activate|p2a: Zamazenta|move: Wide Guard\n|-activate|p2b: Rillaboom|move: Wide Guard\n|move|p1b: Kyogre|Water Spout|p2a: Zamazenta|[spread] \n|-activate|p2a: Zamazenta|move: Wide Guard\n|-activate|p2b: Rillaboom|move: Wide Guard\n|move|p2b: Rillaboom|Wood Hammer|p1a: Thundurus\n|-resisted|p1a: Thundurus\n|-damage|p1a: Thundurus|0 fnt\n|faint|p1a: Thundurus\n|-damage|p2b: Rillaboom|52/100 par|[from] Recoil\n|\n|-weather|RainDance|[upkeep]\n|upkeep\n|turn|7\n|\n|t:|1769385644\n|cant|p2a: Zamazenta|par\n|move|p1b: Kyogre|Ice Beam|p2b: Rillaboom\n|-supereffective|p2b: Rillaboom\n|-damage|p2b: Rillaboom|0 fnt\n|faint|p2b: Rillaboom\n|\n|-weather|RainDance|[upkeep]\n|upkeep\n|turn|8\n|\n|t:|1769385651\n|move|p1b: Kyogre|Ice Beam|p2a: Zamazenta\n|-supereffective|p2a: Zamazenta\n|-damage|p2a: Zamazenta|0 fnt\n|faint|p2a: Zamazenta\n|\n|win|blacpanda\n|raw|blacpanda's rating: 1149 &rarr; <strong>1180</strong><br />(+31 for winning)\n|raw|alexit93's rating: 1237 &rarr; <strong>1206</strong><br />(-31 for losing)\n|l|\u2606alexit93\n|player|p2|\n|l|\u2606blacpanda\n|player|p1|\n","uploadtime":1769385800,"views":11,"formatid":"gen9vgc2026regi","rating":1180,"private":0,"password":null}