{"id":"gen9vgc2026regi-2588136066","format":"[Gen 9] VGC 2026 Reg I","players":["Hornses","wasaad5"],"log":"|j|\u2606Hornses\n|j|\u2606wasaad5\n|t:|1776608011\n|gametype|doubles\n|player|p1|Hornses|266|1305\n|player|p2|wasaad5|blue|1248\n|gen|9\n|tier|[Gen 9] VGC 2026 Reg I\n|rated|\n|rule|Species Clause: Limit one of each Pok\u00e9mon\n|rule|Item Clause: Limit 1 of each item\n|clearpoke\n|poke|p1|Shiftry, L50, F|\n|poke|p1|Koraidon, L50|\n|poke|p1|Flutter Mane, L50|\n|poke|p1|Whimsicott, L50, M|\n|poke|p1|Calyrex-Ice, L50|\n|poke|p1|Gengar, L50, F|\n|poke|p2|Kyurem-White, L50|\n|poke|p2|Zacian-*, L50|\n|poke|p2|Sableye, L50, M|\n|poke|p2|Urshifu-*, L50, F|\n|poke|p2|Amoonguss, L50, M|\n|poke|p2|Incineroar, L50, F|\n|teampreview|4\n|\n|t:|1776608062\n|teamsize|p1|4\n|teamsize|p2|4\n|start\n|switch|p1a: Whimsicott|Whimsicott, L50, M|100/100\n|switch|p1b: Gengar|Gengar, L50, F|100/100\n|switch|p2a: Sableye|Sableye, L50, M|100/100\n|switch|p2b: Urshifu|Urshifu-Rapid-Strike, L50, F|100/100\n|turn|1\n|\n|t:|1776608083\n|-terastallize|p2b: Urshifu|Water\n|move|p1a: Whimsicott|Tailwind|p1a: Whimsicott\n|-sidestart|p1: Hornses|move: Tailwind\n|move|p2a: Sableye|Rain Dance|p2a: Sableye\n|-weather|RainDance\n|move|p1b: Gengar|Hypnosis|p2b: Urshifu|[miss]\n|-miss|p1b: Gengar|p2b: Urshifu\n|move|p2b: Urshifu|Surging Strikes|p1b: Gengar\n|-crit|p1b: Gengar\n|-damage|p1b: Gengar|29/100\n|-start|p2b: Urshifu|Disable|Surging Strikes|[from] ability: Cursed Body|[of] p1b: Gengar\n|-crit|p1b: Gengar\n|-damage|p1b: Gengar|0 fnt\n|faint|p1b: Gengar\n|-hitcount|p1: Gengar|2\n|\n|-weather|RainDance|[upkeep]\n|upkeep\n|\n|t:|1776608102\n|switch|p1b: Shiftry|Shiftry, L50, F|100/100\n|turn|2\n|\n|t:|1776608129\n|switch|p1a: Koraidon|Koraidon, L50|100/100\n|-weather|SunnyDay|[from] ability: Orichalcum Pulse|[of] p1a: Koraidon\n|-activate|p1a: Koraidon|Orichalcum Pulse|[source]\n|switch|p2b: Zacian|Zacian-Crowned, L50|100/100\n|-ability|p2b: Zacian|Intrepid Sword|boost\n|-boost|p2b: Zacian|atk|1\n|move|p2a: Sableye|Encore||[still]\n|-fail|p2a: Sableye\n|move|p1b: Shiftry|Solar Beam||[still]\n|-prepare|p1b: Shiftry|Solar Beam\n|-anim|p1b: Shiftry|Solar Beam|p2b: Zacian\n|-resisted|p2b: Zacian\n|-damage|p2b: Zacian|63/100\n|\n|-weather|SunnyDay|[upkeep]\n|upkeep\n|turn|3\n|\n|t:|1776608150\n|move|p2b: Zacian|Protect|p2b: Zacian\n|-singleturn|p2b: Zacian|Protect\n|move|p2a: Sableye|Rain Dance|p2a: Sableye\n|-weather|RainDance\n|move|p1a: Koraidon|Flare Blitz|p2b: Zacian\n|-activate|p2b: Zacian|move: Protect\n|move|p1b: Shiftry|Solar Beam||[still]\n|-prepare|p1b: Shiftry|Solar Beam\n|\n|-weather|RainDance|[upkeep]\n|upkeep\n|turn|4\n|\n|t:|1776608186\n|move|p2a: Sableye|Quash|p1a: Koraidon\n|-activate|p1a: Koraidon|move: Quash\n|move|p1b: Shiftry|Solar Beam|p2a: Sableye|[from] lockedmove\n|-damage|p2a: Sableye|39/100\n|move|p2b: Zacian|Play Rough|p1a: Koraidon|[miss]\n|-miss|p2b: Zacian|p1a: Koraidon\n|move|p1a: Koraidon|Flare Blitz|p2b: Zacian\n|-supereffective|p2b: Zacian\n|-damage|p2b: Zacian|16/100\n|-status|p2b: Zacian|brn\n|-damage|p1a: Koraidon|86/100|[from] Recoil\n|-damage|p1a: Koraidon|76/100|[from] item: Life Orb\n|\n|-weather|RainDance|[upkeep]\n|-damage|p2b: Zacian|10/100 brn|[from] brn\n|-sideend|p1: Hornses|move: Tailwind\n|upkeep\n|turn|5\n|\n|t:|1776608214\n|switch|p1a: Whimsicott|Whimsicott, L50, M|100/100\n|move|p2a: Sableye|Encore|p1b: Shiftry\n|-hint|Since gen 7, Dark is immune to Prankster moves.\n|-immune|p1b: Shiftry\n|move|p2b: Zacian|Play Rough|p1a: Whimsicott\n|-damage|p1a: Whimsicott|54/100\n|move|p1b: Shiftry|Solar Beam||[still]\n|-prepare|p1b: Shiftry|Solar Beam\n|\n|-weather|RainDance|[upkeep]\n|-damage|p2b: Zacian|4/100 brn|[from] brn\n|upkeep\n|turn|6\n|\n|t:|1776608237\n|switch|p2a: Kyurem|Kyurem-White, L50, shiny|100/100\n|-ability|p2a: Kyurem|Turboblaze\n|move|p1a: Whimsicott|Tailwind|p1a: Whimsicott\n|-sidestart|p1: Hornses|move: Tailwind\n|move|p1b: Shiftry|Solar Beam|p2a: Kyurem|[from] lockedmove\n|-resisted|p2a: Kyurem\n|-damage|p2a: Kyurem|84/100\n|move|p2b: Zacian|Behemoth Blade|p1a: Whimsicott\n|-supereffective|p1a: Whimsicott\n|-damage|p1a: Whimsicott|0 fnt\n|faint|p1a: Whimsicott\n|\n|-weather|RainDance|[upkeep]\n|-damage|p2b: Zacian|0 fnt|[from] brn\n|faint|p2b: Zacian\n|upkeep\n|\n|t:|1776608249\n|switch|p2b: Sableye|Sableye, L50, M|39/100\n|switch|p1a: Koraidon|Koraidon, L50|76/100\n|-weather|SunnyDay|[from] ability: Orichalcum Pulse|[of] p1a: Koraidon\n|-activate|p1a: Koraidon|Orichalcum Pulse|[source]\n|turn|7\n|\n|t:|1776608262\n|move|p2a: Kyurem|Protect|p2a: Kyurem\n|-singleturn|p2a: Kyurem|Protect\n|move|p2b: Sableye|Rain Dance|p2b: Sableye\n|-weather|RainDance\n|move|p1a: Koraidon|Collision Course|p2a: Kyurem\n|-activate|p2a: Kyurem|move: Protect\n|move|p1b: Shiftry|Solar Beam||[still]\n|-prepare|p1b: Shiftry|Solar Beam\n|\n|-weather|RainDance|[upkeep]\n|upkeep\n|turn|8\n|\n|t:|1776608282\n|move|p2b: Sableye|Quash|p1a: Koraidon\n|-activate|p1a: Koraidon|move: Quash\n|move|p1b: Shiftry|Solar Beam|p2b: Sableye|[from] lockedmove\n|-damage|p2b: Sableye|0 fnt\n|faint|p2b: Sableye\n|move|p2a: Kyurem|Freeze-Dry|p1a: Koraidon\n|-supereffective|p1a: Koraidon\n|-damage|p1a: Koraidon|0 fnt\n|faint|p1a: Koraidon\n|-damage|p2a: Kyurem|74/100|[from] item: Life Orb\n|\n|-weather|RainDance|[upkeep]\n|upkeep\n|\n|t:|1776608289\n|switch|p2b: Urshifu|Urshifu-Rapid-Strike, L50, F, tera:Water|100/100\n|turn|9\n|-message|Hornses forfeited.\n|\n|win|wasaad5\n|raw|Hornses's rating: 1305 &rarr; <strong>1282</strong><br />(-23 for losing)\n|raw|wasaad5's rating: 1248 &rarr; <strong>1277</strong><br />(+29 for winning)\n|l|\u2606Hornses\n|player|p1|\n|l|\u2606wasaad5\n|player|p2|\n","uploadtime":1776608523,"views":9,"formatid":"gen9vgc2026regi","rating":1277,"private":0,"password":null}