{"id":"gen9vgc2026regi-2549456762","format":"[Gen 9] VGC 2026 Reg I","players":["Timthyeet","partigiano jonny"],"log":"|j|\u2606Timthyeet\n|j|\u2606partigiano jonny\n|t:|1772370508\n|gametype|doubles\n|player|p1|Timthyeet|102|1371\n|player|p2|partigiano jonny|265|1630\n|gen|9\n|tier|[Gen 9] VGC 2026 Reg I\n|rated|\n|rule|Species Clause: Limit one of each Pok\u00e9mon\n|rule|Item Clause: Limit 1 of each item\n|clearpoke\n|poke|p1|Kyogre, L50|\n|poke|p1|Basculegion, L50, M|\n|poke|p1|Tornadus, L50, M|\n|poke|p1|Indeedee-F, L50, F|\n|poke|p1|Calyrex-Ice, L50|\n|poke|p1|Golem-Alola, L50, F|\n|poke|p2|Terapagos, L50, M|\n|poke|p2|Miraidon, L50|\n|poke|p2|Incineroar, L50, M|\n|poke|p2|Iron Treads, L50|\n|poke|p2|Sinistcha, L50|\n|poke|p2|Urshifu-*, L50, M|\n|teampreview|4\n|inactive|Battle timer is ON: inactive players will automatically lose when time's up. (requested by partigiano jonny)\n|\n|t:|1772370544\n|teamsize|p1|4\n|teamsize|p2|4\n|start\n|switch|p1a: Indeedee|Indeedee-F, L50, F|100/100\n|switch|p1b: Calyrex|Calyrex-Ice, L50|100/100\n|switch|p2a: Terapagos|Terapagos, L50, M|100/100\n|switch|p2b: Miraidon|Miraidon, L50|100/100\n|-activate|p2a: Terapagos|ability: Tera Shift\n|detailschange|p2a: Terapagos|Terapagos-Terastal, L50, M\n|-heal|p2a: Terapagos|100/100|[silent]\n|-ability|p1b: Calyrex|As One\n|-ability|p1b: Calyrex|Unnerve\n|-fieldstart|move: Electric Terrain|[from] ability: Hadron Engine|[of] p2b: Miraidon\n|-enditem|p2a: Terapagos|Electric Seed\n|-boost|p2a: Terapagos|def|1|[from] item: Electric Seed\n|-fieldstart|move: Psychic Terrain|[from] ability: Psychic Surge|[of] p1a: Indeedee\n|turn|1\n|\n|t:|1772370560\n|move|p2b: Miraidon|Volt Switch|p1b: Calyrex\n|-damage|p1b: Calyrex|75/100\n|\n|t:|1772370563\n|switch|p2b: Urshifu|Urshifu-Rapid-Strike, L50, M|100/100|[from] Volt Switch\n|move|p2a: Terapagos|Calm Mind|p2a: Terapagos\n|-boost|p2a: Terapagos|spa|1\n|-boost|p2a: Terapagos|spd|1\n|move|p1b: Calyrex|Glacial Lance|p2a: Terapagos|[spread] p2a,p2b\n|-activate|p2a: Terapagos|ability: Tera Shell\n|-resisted|p2a: Terapagos\n|-resisted|p2b: Urshifu\n|-damage|p2a: Terapagos|84/100\n|-damage|p2b: Urshifu|71/100\n|move|p1a: Indeedee|Trick Room|p1a: Indeedee\n|-fieldstart|move: Trick Room|[of] p1a: Indeedee\n|\n|upkeep\n|turn|2\n|\n|t:|1772370578\n|-terastallize|p2a: Terapagos|Stellar\n|detailschange|p2a: Terapagos|Terapagos-Stellar, L50, M, tera:Stellar\n|-heal|p2a: Terapagos|88/100|[silent]\n|-ability|p2a: Terapagos|Teraform Zero\n|-fieldend|move: Psychic Terrain\n|move|p1b: Calyrex|Glacial Lance|p2a: Terapagos|[spread] p2a,p2b\n|-crit|p2a: Terapagos\n|-resisted|p2b: Urshifu\n|-damage|p2a: Terapagos|34/100\n|-damage|p2b: Urshifu|44/100\n|move|p1a: Indeedee|Psychic|p2b: Urshifu\n|-supereffective|p2b: Urshifu\n|-damage|p2b: Urshifu|0 fnt\n|faint|p2b: Urshifu\n|move|p2a: Terapagos|Tera Starstorm|p1a: Indeedee|[spread] p1a,p1b\n|-crit|p1a: Indeedee\n|-damage|p1a: Indeedee|40/100\n|-damage|p1b: Calyrex|35/100\n|\n|upkeep\n|\n|t:|1772370591\n|switch|p2b: Sinistcha|Sinistcha, L50|100/100\n|-heal|p2a: Terapagos|59/100|[from] ability: Hospitality|[of] p2b: Sinistcha\n|turn|3\n|\n|t:|1772370596\n|move|p1a: Indeedee|Follow Me|p1a: Indeedee\n|-singleturn|p1a: Indeedee|move: Follow Me\n|move|p1b: Calyrex|Glacial Lance|p2b: Sinistcha|[spread] p2a,p2b\n|-supereffective|p2b: Sinistcha\n|-damage|p2a: Terapagos|36/100\n|-damage|p2b: Sinistcha|5/100\n|move|p2a: Terapagos|Tera Starstorm|p1b: Calyrex|[spread] p1a,p1b\n|-damage|p1a: Indeedee|0 fnt\n|-damage|p1b: Calyrex|0 fnt\n|faint|p1a: Indeedee\n|faint|p1b: Calyrex\n|move|p2b: Sinistcha|Trick Room|p2b: Sinistcha\n|-fieldend|move: Trick Room\n|\n|upkeep\n|\n|t:|1772370604\n|switch|p1a: Kyogre|Kyogre, L50|100/100\n|switch|p1b: Golem|Golem-Alola, L50, F|100/100\n|-weather|RainDance|[from] ability: Drizzle|[of] p1a: Kyogre\n|turn|4\n|\n|t:|1772370613\n|switch|p2b: Miraidon|Miraidon, L50|100/100\n|-fieldstart|move: Electric Terrain|[from] ability: Hadron Engine|[of] p2b: Miraidon\n|move|p2a: Terapagos|Protect|p2a: Terapagos\n|-singleturn|p2a: Terapagos|Protect\n|move|p1b: Golem|Wide Guard|p1b: Golem\n|-singleturn|p1b: Golem|Wide Guard\n|move|p1a: Kyogre|Origin Pulse|p2b: Miraidon|[spread] p2b\n|-activate|p2a: Terapagos|move: Protect\n|-resisted|p2b: Miraidon\n|-damage|p2b: Miraidon|74/100\n|-damage|p1a: Kyogre|91/100|[from] item: Life Orb\n|\n|-weather|RainDance|[upkeep]\n|upkeep\n|turn|5\n|\n|t:|1772370629\n|-terastallize|p1a: Kyogre|Grass\n|move|p1b: Golem|Wide Guard|p1b: Golem\n|-singleturn|p1b: Golem|Wide Guard\n|move|p2b: Miraidon|Volt Switch|p1a: Kyogre\n|-resisted|p1a: Kyogre\n|-damage|p1a: Kyogre|69/100\n|\n|t:|1772370634\n|switch|p2b: Sinistcha|Sinistcha, L50|5/100|[from] Volt Switch\n|-heal|p2a: Terapagos|61/100|[from] ability: Hospitality|[of] p2b: Sinistcha\n|move|p1a: Kyogre|Origin Pulse|p2b: Sinistcha|[spread] p2a\n|-miss|p1a: Kyogre|p2b: Sinistcha\n|-damage|p2a: Terapagos|18/100\n|-damage|p1a: Kyogre|59/100|[from] item: Life Orb\n|move|p2a: Terapagos|Earth Power|p1b: Golem\n|-supereffective|p1b: Golem\n|-damage|p1b: Golem|0 fnt\n|faint|p1b: Golem\n|\n|-weather|RainDance|[upkeep]\n|upkeep\n|turn|6\n|\n|t:|1772370655\n|move|p2a: Terapagos|Protect|p2a: Terapagos\n|-singleturn|p2a: Terapagos|Protect\n|move|p1a: Kyogre|Origin Pulse|p2b: Sinistcha|[spread] p2b\n|-activate|p2a: Terapagos|move: Protect\n|-resisted|p2b: Sinistcha\n|-damage|p2b: Sinistcha|0 fnt\n|faint|p2b: Sinistcha\n|-damage|p1a: Kyogre|50/100|[from] item: Life Orb\n|\n|-weather|RainDance|[upkeep]\n|upkeep\n|\n|t:|1772370657\n|switch|p2b: Miraidon|Miraidon, L50|74/100\n|-activate|p2b: Miraidon|ability: Hadron Engine\n|turn|7\n|\n|t:|1772370659\n|move|p2b: Miraidon|Draco Meteor|p1a: Kyogre\n|-damage|p1a: Kyogre|0 fnt\n|-unboost|p2b: Miraidon|spa|2\n|faint|p1a: Kyogre\n|\n|win|partigiano jonny\n|raw|Timthyeet's rating: 1371 &rarr; <strong>1364</strong><br />(-7 for losing)\n|raw|partigiano jonny's rating: 1630 &rarr; <strong>1637</strong><br />(+7 for winning)\n|l|\u2606Timthyeet\n|player|p1|\n|l|\u2606partigiano jonny\n|player|p2|\n","uploadtime":1772370660,"views":12,"formatid":"gen9vgc2026regi","rating":1364,"private":0,"password":null}