{"id":"gen9vgc2026regi-2539066711","format":"[Gen 9] VGC 2026 Reg I","players":["Luca8","loiradotchan16"],"log":"|j|\u2606Luca8\n|j|\u2606loiradotchan16\n|t:|1771008028\n|gametype|doubles\n|player|p1|Luca8|flint|1356\n|player|p2|loiradotchan16|cynthia|1273\n|gen|9\n|tier|[Gen 9] VGC 2026 Reg I\n|rated|\n|rule|Species Clause: Limit one of each Pok\u00e9mon\n|rule|Item Clause: Limit 1 of each item\n|clearpoke\n|poke|p1|Incineroar, L50, M|\n|poke|p1|Whimsicott, L50, F|\n|poke|p1|Calyrex-Ice, L50|\n|poke|p1|Kyogre, L50|\n|poke|p1|Farigiraf, L50, M|\n|poke|p1|Archaludon, L50, M|\n|poke|p2|Calyrex-Ice, L50|\n|poke|p2|Koraidon, L50|\n|poke|p2|Indeedee-F, L50, F|\n|poke|p2|Ogerpon-Wellspring, L50, F|\n|poke|p2|Amoonguss, L50, F|\n|poke|p2|Ursaluna-Bloodmoon, L50, M|\n|teampreview|4\n|inactive|Battle timer is ON: inactive players will automatically lose when time's up. (requested by loiradotchan16)\n|inactive|Luca8 has 60 seconds left.\n|\n|t:|1771008075\n|teamsize|p1|4\n|teamsize|p2|4\n|start\n|switch|p1a: Calyrex|Calyrex-Ice, L50|100/100\n|switch|p1b: Whimsicott|Whimsicott, L50, F|100/100\n|switch|p2a: Koraidon|Koraidon, L50|100/100\n|switch|p2b: Ogerpon|Ogerpon-Wellspring, L50, F|100/100\n|-ability|p1a: Calyrex|As One\n|-ability|p1a: Calyrex|Unnerve\n|-weather|SunnyDay|[from] ability: Orichalcum Pulse|[of] p2a: Koraidon\n|-activate|p2a: Koraidon|Orichalcum Pulse|[source]\n|turn|1\n|inactive|loiradotchan16 has 30 seconds left.\n|inactive|loiradotchan16 has 20 seconds left.\n|inactive|loiradotchan16 has 15 seconds left.\n|inactive|Luca8 has 30 seconds left.\n|inactive|loiradotchan16 has 10 seconds left.\n|\n|t:|1771008127\n|switch|p2b: Calyrex|Calyrex-Ice, L50|100/100\n|-ability|p2b: Calyrex|As One\n|-ability|p2b: Calyrex|Unnerve\n|-terastallize|p2a: Koraidon|Fire\n|-terastallize|p1a: Calyrex|Electric\n|move|p1b: Whimsicott|Tailwind|p1b: Whimsicott\n|-sidestart|p1: Luca8|move: Tailwind\n|move|p1a: Calyrex|Glacial Lance|p2b: Calyrex|[spread] p2a,p2b\n|-resisted|p2a: Koraidon\n|-resisted|p2b: Calyrex\n|-damage|p2a: Koraidon|77/100\n|-damage|p2b: Calyrex|83/100\n|move|p2a: Koraidon|Flare Blitz|p1b: Whimsicott\n|-supereffective|p1b: Whimsicott\n|-damage|p1b: Whimsicott|0 fnt\n|faint|p1b: Whimsicott\n|-damage|p2a: Koraidon|52/100|[from] Recoil\n|-damage|p2a: Koraidon|42/100|[from] item: Life Orb\n|\n|-weather|SunnyDay|[upkeep]\n|upkeep\n|\n|t:|1771008151\n|switch|p1b: Kyogre|Kyogre, L50|100/100\n|-weather|RainDance|[from] ability: Drizzle|[of] p1b: Kyogre\n|turn|2\n|\n|t:|1771008162\n|switch|p2a: Ogerpon|Ogerpon-Wellspring, L50, F|100/100\n|move|p1b: Kyogre|Water Spout|p2b: Calyrex|[spread] p2b\n|-immune|p2a: Ogerpon|[from] ability: Water Absorb\n|-damage|p2b: Calyrex|20/100\n|move|p1a: Calyrex|Imprison|p1a: Calyrex\n|-start|p1a: Calyrex|move: Imprison\n|cant|p2b: Calyrex|move: Imprison|Trick Room\n|\n|-weather|RainDance|[upkeep]\n|upkeep\n|turn|3\n|\n|t:|1771008187\n|switch|p1b: Incineroar|Incineroar, L50, M|100/100\n|-ability|p1b: Incineroar|Intimidate|boost\n|-unboost|p2a: Ogerpon|atk|1\n|-fail|p2b: Calyrex|unboost|[from] item: Clear Amulet|[of] p2b: Calyrex\n|move|p2b: Calyrex|Protect|p2b: Calyrex\n|-singleturn|p2b: Calyrex|Protect\n|move|p1a: Calyrex|Glacial Lance|p2b: Calyrex|[spread] p2a\n|-activate|p2b: Calyrex|move: Protect\n|-damage|p2a: Ogerpon|31/100\n|move|p2a: Ogerpon|Horn Leech|p1b: Incineroar\n|-resisted|p1b: Incineroar\n|-damage|p1b: Incineroar|88/100\n|-heal|p2a: Ogerpon|40/100|[from] drain|[of] p1b: Incineroar\n|\n|-weather|RainDance|[upkeep]\n|upkeep\n|turn|4\n|inactive|loiradotchan16 has 30 seconds left.\n|inactive|Luca8 has 30 seconds left.\n|inactive|loiradotchan16 has 20 seconds left.\n|inactive|loiradotchan16 has 15 seconds left.\n|inactive|loiradotchan16 has 10 seconds left.\n|\n|t:|1771008235\n|move|p2a: Ogerpon|Spiky Shield|p2a: Ogerpon\n|-singleturn|p2a: Ogerpon|move: Protect\n|move|p2b: Calyrex|Protect|p2b: Calyrex\n|-singleturn|p2b: Calyrex|Protect\n|move|p1b: Incineroar|Fake Out|p2b: Calyrex\n|-activate|p2b: Calyrex|move: Protect\n|move|p1a: Calyrex|Glacial Lance|p2b: Calyrex|[spread] \n|-activate|p2a: Ogerpon|move: Protect\n|-activate|p2b: Calyrex|move: Protect\n|\n|-weather|RainDance|[upkeep]\n|-sideend|p1: Luca8|move: Tailwind\n|upkeep\n|turn|5\n|inactive|Luca8 has 30 seconds left.\n|inactive|loiradotchan16 has 30 seconds left.\n|\n|t:|1771008262\n|switch|p2b: Koraidon|Koraidon, L50, tera:Fire|42/100\n|-weather|SunnyDay|[from] ability: Orichalcum Pulse|[of] p2b: Koraidon\n|-activate|p2b: Koraidon|Orichalcum Pulse|[source]\n|move|p2a: Ogerpon|Horn Leech|p1b: Incineroar\n|-resisted|p1b: Incineroar\n|-damage|p1b: Incineroar|74/100\n|-heal|p2a: Ogerpon|49/100|[from] drain|[of] p1b: Incineroar\n|move|p1a: Calyrex|Glacial Lance|p2b: Koraidon|[spread] p2a,p2b\n|-resisted|p2b: Koraidon\n|-damage|p2a: Ogerpon|0 fnt\n|-damage|p2b: Koraidon|19/100\n|faint|p2a: Ogerpon\n|-ability|p1a: Calyrex|Chilling Neigh|boost\n|-boost|p1a: Calyrex|atk|1\n|move|p1b: Incineroar|U-turn|p2b: Koraidon\n|-resisted|p2b: Koraidon\n|-damage|p2b: Koraidon|8/100\n|\n|t:|1771008283\n|switch|p1b: Kyogre|Kyogre, L50|100/100|[from] U-turn\n|-weather|RainDance|[from] ability: Drizzle|[of] p1b: Kyogre\n|\n|-weather|RainDance|[upkeep]\n|upkeep\n|\n|t:|1771008292\n|switch|p2a: Amoonguss|Amoonguss, L50, F|100/100\n|turn|6\n|\n|t:|1771008306\n|switch|p2b: Calyrex|Calyrex-Ice, L50|20/100\n|-ability|p2b: Calyrex|As One\n|-ability|p2b: Calyrex|Unnerve\n|move|p2a: Amoonguss|Protect|p2a: Amoonguss\n|-singleturn|p2a: Amoonguss|Protect\n|move|p1b: Kyogre|Water Spout|p2a: Amoonguss|[spread] p2b\n|-activate|p2a: Amoonguss|move: Protect\n|-damage|p2b: Calyrex|0 fnt\n|faint|p2b: Calyrex\n|move|p1a: Calyrex|Glacial Lance|p2a: Amoonguss\n|-activate|p2a: Amoonguss|move: Protect\n|\n|-weather|RainDance|[upkeep]\n|upkeep\n|\n|t:|1771008322\n|switch|p2b: Koraidon|Koraidon, L50, tera:Fire|8/100\n|-weather|SunnyDay|[from] ability: Orichalcum Pulse|[of] p2b: Koraidon\n|-activate|p2b: Koraidon|Orichalcum Pulse|[source]\n|turn|7\n|\n|t:|1771008331\n|move|p1b: Kyogre|Water Spout|p2a: Amoonguss|[spread] p2a,p2b\n|-resisted|p2a: Amoonguss\n|-supereffective|p2b: Koraidon\n|-damage|p2a: Amoonguss|88/100\n|-damage|p2b: Koraidon|0 fnt\n|faint|p2b: Koraidon\n|move|p1a: Calyrex|Glacial Lance|p2a: Amoonguss\n|-supereffective|p2a: Amoonguss\n|-damage|p2a: Amoonguss|0 fnt\n|faint|p2a: Amoonguss\n|\n|win|Luca8\n|raw|Luca8's rating: 1356 &rarr; <strong>1371</strong><br />(+15 for winning)\n|raw|loiradotchan16's rating: 1273 &rarr; <strong>1254</strong><br />(-19 for losing)\n|l|\u2606loiradotchan16\n|player|p2|\n","uploadtime":1771008659,"views":23,"formatid":"gen9vgc2026regi","rating":1254,"private":0,"password":null}