{"id":"gen9vgc2026regi-2560490946","format":"[Gen 9] VGC 2026 Reg I","players":["Martzone","ludicolouvgc"],"log":"|j|\u2606Martzone\n|j|\u2606ludicolouvgc\n|t:|1773692885\n|gametype|doubles\n|player|p1|Martzone|265|1349\n|player|p2|ludicolouvgc|169|1377\n|gen|9\n|tier|[Gen 9] VGC 2026 Reg I\n|rated|\n|rule|Species Clause: Limit one of each Pok\u00e9mon\n|rule|Item Clause: Limit 1 of each item\n|clearpoke\n|poke|p1|Zacian-*, L50|\n|poke|p1|Calyrex-Shadow, L50|\n|poke|p1|Ogerpon-Wellspring, L50, F|\n|poke|p1|Urshifu-*, L50, F|\n|poke|p1|Tornadus, L50, M|\n|poke|p1|Iron Hands, L50|\n|poke|p2|Miraidon, L50|\n|poke|p2|Lunala, L50|\n|poke|p2|Whimsicott, L50, M|\n|poke|p2|Ursaluna, L50, M|\n|poke|p2|Urshifu-*, L50, M|\n|poke|p2|Incineroar, L50, M|\n|teampreview|4\nMartzone has agreed to open team sheets.\n|inactive|Battle timer is ON: inactive players will automatically lose when time's up. (requested by Martzone)\nludicolouvgc has agreed to open team sheets.\n|showteam|p1|Zacian-Crowned||RustedSword|IntrepidSword|behemothblade,PlayRough,SwordsDance,Protect||||||50|,,,,,Fairy]Calyrex-Shadow||FocusSash|AsOneSpectrier|AstralBarrage,Psychic,NastyPlot,Protect||||||50|,,,,,Normal]Ogerpon-Wellspring||WellspringMask|WaterAbsorb|IvyCudgel,HornLeech,FollowMe,SpikyShield|||F|||50|,,,,,Water]Urshifu-Rapid-Strike||ChoiceScarf|UnseenFist|SurgingStrikes,CloseCombat,AquaJet,Uturn|||F|||50|,,,,,Water]Tornadus||CovertCloak|Prankster|Hurricane,Tailwind,RainDance,Taunt|||M|||50|,,,,,Flying]Iron Hands||AssaultVest|QuarkDrive|DrainPunch,LowKick,WildCharge,FakeOut||||||50|,,,,,Bug\n|showteam|p2|Miraidon||ChoiceSpecs|HadronEngine|ElectroDrift,DracoMeteor,VoltSwitch,DazzlingGleam||||||50|,,,,,Fairy]Lunala||ElectricSeed|ShadowShield|MoongeistBeam,Moonblast,WideGuard,TrickRoom||||||50|,,,,,Fairy]Whimsicott||CovertCloak|Prankster|Moonblast,Tailwind,LightScreen,Encore|||M|||50|,,,,,Dark]Ursaluna||FlameOrb|Guts|HeadlongRush,Facade,Earthquake,Protect|||M|||50|,,,,,Ghost]Urshifu-Rapid-Strike||ChoiceBand|UnseenFist|SurgingStrikes,CloseCombat,AquaJet,Uturn|||M|||50|,,,,,Ghost]Incineroar||AssaultVest|Intimidate|FlareBlitz,KnockOff,FakeOut,Uturn|||M|||50|,,,,,Bug\n|\n|t:|1773692924\n|teamsize|p1|4\n|teamsize|p2|4\n|start\n|switch|p1a: Iron Hands|Iron Hands, L50|100/100\n|switch|p1b: Zacian|Zacian-Crowned, L50|100/100\n|switch|p2a: Lunala|Lunala, L50, shiny|100/100\n|switch|p2b: Incineroar|Incineroar, L50, M|100/100\n|-ability|p1b: Zacian|Intrepid Sword|boost\n|-boost|p1b: Zacian|atk|1\n|-ability|p2b: Incineroar|Intimidate|boost\n|-unboost|p1a: Iron Hands|atk|1\n|-unboost|p1b: Zacian|atk|1\n|turn|1\n|inactive|Martzone has 30 seconds left.\n|inactive|Martzone has 20 seconds left.\n|inactive|Martzone has 15 seconds left.\n|inactive|ludicolouvgc has 30 seconds left.\n|\n|t:|1773692972\n|move|p1b: Zacian|Protect|p1b: Zacian\n|-singleturn|p1b: Zacian|Protect\n|move|p2b: Incineroar|Fake Out|p1a: Iron Hands\n|-crit|p1a: Iron Hands\n|-damage|p1a: Iron Hands|90/100\n|move|p2a: Lunala|Moongeist Beam|p1b: Zacian\n|-activate|p1b: Zacian|move: Protect\n|cant|p1a: Iron Hands|flinch\n|\n|upkeep\n|turn|2\n|inactive|Martzone has 30 seconds left.\n|inactive|Martzone has 20 seconds left.\n|\n|t:|1773693008\n|move|p1b: Zacian|Behemoth Blade|p2a: Lunala\n|-damage|p2a: Lunala|80/100\n|move|p2a: Lunala|Moongeist Beam|p1b: Zacian\n|-damage|p1b: Zacian|54/100\n|move|p2b: Incineroar|Flare Blitz|p1b: Zacian\n|-supereffective|p1b: Zacian\n|-damage|p1b: Zacian|0 fnt\n|faint|p1b: Zacian\n|-damage|p2b: Incineroar|85/100|[from] Recoil\n|move|p1a: Iron Hands|Drain Punch|p2b: Incineroar\n|-supereffective|p2b: Incineroar\n|-damage|p2b: Incineroar|33/100\n|-heal|p1a: Iron Hands|100/100|[from] drain|[of] p2b: Incineroar\n|\n|upkeep\n|\n|t:|1773693027\n|switch|p1b: Urshifu|Urshifu-Rapid-Strike, L50, F|100/100\n|turn|3\n|\n|t:|1773693047\n|-terastallize|p1b: Urshifu|Water\n|-terastallize|p2a: Lunala|Fairy\n|move|p1b: Urshifu|Surging Strikes|p2a: Lunala\n|-crit|p2a: Lunala\n|-damage|p2a: Lunala|59/100\n|-crit|p2a: Lunala\n|-damage|p2a: Lunala|36/100\n|-crit|p2a: Lunala\n|-damage|p2a: Lunala|12/100\n|-hitcount|p2a: Lunala|3\n|move|p2a: Lunala|Moonblast|p1a: Iron Hands\n|-supereffective|p1a: Iron Hands\n|-damage|p1a: Iron Hands|42/100\n|-unboost|p1a: Iron Hands|spa|1\n|move|p2b: Incineroar|U-turn|p1a: Iron Hands\n|-resisted|p1a: Iron Hands\n|-damage|p1a: Iron Hands|36/100\n|\n|t:|1773693062\n|switch|p2b: Miraidon|Miraidon, L50, shiny|100/100|[from] U-turn\n|-fieldstart|move: Electric Terrain|[from] ability: Hadron Engine|[of] p2b: Miraidon\n|-enditem|p2a: Lunala|Electric Seed\n|-boost|p2a: Lunala|def|1|[from] item: Electric Seed\n|-activate|p1a: Iron Hands|ability: Quark Drive\n|-start|p1a: Iron Hands|quarkdriveatk\n|move|p1a: Iron Hands|Drain Punch|p2b: Miraidon\n|-damage|p2b: Miraidon|69/100\n|-heal|p1a: Iron Hands|49/100|[from] drain|[of] p2b: Miraidon\n|\n|upkeep\n|turn|4\n|inactive|Martzone has 30 seconds left.\n|\n|t:|1773693091\n|switch|p2a: Incineroar|Incineroar, L50, M|33/100\n|-ability|p2a: Incineroar|Intimidate|boost\n|-unboost|p1a: Iron Hands|atk|1\n|-unboost|p1b: Urshifu|atk|1\n|move|p1b: Urshifu|Surging Strikes|p2a: Incineroar\n|-supereffective|p2a: Incineroar\n|-crit|p2a: Incineroar\n|-damage|p2a: Incineroar|0 fnt\n|faint|p2a: Incineroar\n|-hitcount|p2: Incineroar|1\n|move|p2b: Miraidon|Volt Switch|p1b: Urshifu\n|-supereffective|p1b: Urshifu\n|-damage|p1b: Urshifu|0 fnt\n|faint|p1b: Urshifu\n|\n|t:|1773693105\n|switch|p2b: Ursaluna|Ursaluna, L50, M, shiny|100/100|[from] Volt Switch\n|move|p1a: Iron Hands|Drain Punch|p2b: Ursaluna\n|-supereffective|p2b: Ursaluna\n|-damage|p2b: Ursaluna|60/100\n|-heal|p1a: Iron Hands|68/100|[from] drain|[of] p2b: Ursaluna\n|\n|-status|p2b: Ursaluna|brn|[from] item: Flame Orb\n|upkeep\n|\n|t:|1773693107\n|switch|p1b: Calyrex|Calyrex-Shadow, L50|100/100\n|switch|p2a: Lunala|Lunala, L50, shiny, tera:Fairy|12/100\n|-ability|p1b: Calyrex|As One\n|-ability|p1b: Calyrex|Unnerve\n|turn|5\n|inactive|ludicolouvgc has 30 seconds left.\n|\n|t:|1773693133\n|move|p2a: Lunala|Wide Guard|p2a: Lunala\n|-singleturn|p2a: Lunala|Wide Guard\n|move|p1b: Calyrex|Psychic|p2a: Lunala\n|-damage|p2a: Lunala|0 fnt\n|faint|p2a: Lunala\n|-ability|p1b: Calyrex|Grim Neigh|boost\n|-boost|p1b: Calyrex|spa|1\n|move|p1a: Iron Hands|Drain Punch|p2b: Ursaluna\n|-supereffective|p2b: Ursaluna\n|-damage|p2b: Ursaluna|14/100 brn\n|-heal|p1a: Iron Hands|89/100|[from] drain|[of] p2b: Ursaluna\n|move|p2b: Ursaluna|Earthquake|p1b: Calyrex|[spread] p1a,p1b\n|-supereffective|p1a: Iron Hands\n|-damage|p1a: Iron Hands|1/100\n|-damage|p1b: Calyrex|18/100\n|\n|-damage|p2b: Ursaluna|9/100 brn|[from] brn\n|upkeep\n|\n|t:|1773693145\n|switch|p2a: Miraidon|Miraidon, L50, shiny|69/100\n|-activate|p2a: Miraidon|ability: Hadron Engine\n|turn|6\n|\n|t:|1773693167\n|move|p1b: Calyrex|Astral Barrage|p2a: Miraidon|[spread] p2a\n|-immune|p2b: Ursaluna\n|-damage|p2a: Miraidon|7/100\n|move|p2a: Miraidon|Dazzling Gleam|p1b: Calyrex|[spread] p1a,p1b\n|-supereffective|p1a: Iron Hands\n|-damage|p1a: Iron Hands|0 fnt\n|-damage|p1b: Calyrex|0 fnt\n|faint|p1a: Iron Hands\n|-end|p1a: Iron Hands|Quark Drive|[silent]\n|faint|p1b: Calyrex\n|\n|win|ludicolouvgc\n|raw|Martzone's rating: 1349 &rarr; <strong>1331</strong><br />(-18 for losing)\n|raw|ludicolouvgc's rating: 1377 &rarr; <strong>1395</strong><br />(+18 for winning)\n|l|\u2606Martzone\n|player|p1|\n|l|\u2606ludicolouvgc\n|player|p2|\n","uploadtime":1773693441,"views":14,"formatid":"gen9vgc2026regi","rating":1331,"private":0,"password":null}