{"id":"gen9vgc2026regi-2559819649","format":"[Gen 9] VGC 2026 Reg I","players":["Pickle Cheddar","Simon0123"],"log":"|j|\u203dPickle Cheddar\n|j|\u2606Simon0123\n|t:|1773612914\n|gametype|doubles\n|player|p1|Pickle Cheddar|1|1210\n|player|p2|Simon0123|benga|1283\n|gen|9\n|tier|[Gen 9] VGC 2026 Reg I\n|rated|\n|rule|Species Clause: Limit one of each Pok\u00e9mon\n|rule|Item Clause: Limit 1 of each item\n|clearpoke\n|poke|p1|Miraidon, L50|\n|poke|p1|Regieleki, L50|\n|poke|p1|Farigiraf, L50, F|\n|poke|p1|Koraidon, L50|\n|poke|p1|Chi-Yu, L50|\n|poke|p1|Iron Leaves, L50|\n|poke|p2|Calyrex-Shadow, L50|\n|poke|p2|Koraidon, L50|\n|poke|p2|Flutter Mane, L50|\n|poke|p2|Raging Bolt, L50|\n|poke|p2|Whimsicott, L50, F|\n|poke|p2|Chi-Yu, L50|\n|teampreview|4\n|inactive|Battle timer is ON: inactive players will automatically lose when time's up. (requested by Simon0123)\n|inactive|Pickle Cheddar has 60 seconds left.\n|inactive|Simon0123 has 60 seconds left.\n|inactive|Simon0123 has 30 seconds left.\n|inactive|Pickle Cheddar has 30 seconds left.\n|inactive|Simon0123 has 20 seconds left.\n|inactive|Simon0123 has 15 seconds left.\n|inactive|Simon0123 has 10 seconds left.\n|\n|t:|1773612997\n|teamsize|p1|4\n|teamsize|p2|4\n|start\n|switch|p1a: Miraidon|Miraidon, L50|100/100\n|switch|p1b: Iron Leaves|Iron Leaves, L50|100/100\n|switch|p2a: Whimsicott|Whimsicott, L50, F|100/100\n|switch|p2b: Koraidon|Koraidon, L50|100/100\n|-weather|SunnyDay|[from] ability: Orichalcum Pulse|[of] p2b: Koraidon\n|-activate|p2b: Koraidon|Orichalcum Pulse|[source]\n|-fieldstart|move: Electric Terrain|[from] ability: Hadron Engine|[of] p1a: Miraidon\n|-activate|p1b: Iron Leaves|ability: Quark Drive\n|-start|p1b: Iron Leaves|quarkdriveatk\n|turn|1\n|inactive|Pickle Cheddar has 30 seconds left.\n|\n|t:|1773613023\n|-terastallize|p2b: Koraidon|Fire\n|move|p2a: Whimsicott|Tailwind|p2a: Whimsicott\n|-sidestart|p2: Simon0123|move: Tailwind\n|move|p2b: Koraidon|Collision Course|p1a: Miraidon\n|-damage|p1a: Miraidon|27/100\n|-damage|p2b: Koraidon|91/100|[from] item: Life Orb\n|move|p1b: Iron Leaves|Psyblade|p2b: Koraidon\n|-damage|p2b: Koraidon|24/100\n|move|p1a: Miraidon|Volt Switch|p2a: Whimsicott\n|-resisted|p2a: Whimsicott\n|-damage|p2a: Whimsicott|61/100\n|-enditem|p2a: Whimsicott|Eject Button\n|inactive|Simon0123 has 30 seconds left.\n|\n|t:|1773613051\n|switch|p2a: Calyrex|Calyrex-Shadow, L50|100/100\n|-ability|p2a: Calyrex|As One\n|-ability|p2a: Calyrex|Unnerve\n|\n|-weather|SunnyDay|[upkeep]\n|upkeep\n|turn|2\n|\n|t:|1773613061\n|switch|p1a: Farigiraf|Farigiraf, L50, F|100/100\n|-enditem|p1a: Farigiraf|Electric Seed\n|-boost|p1a: Farigiraf|def|1|[from] item: Electric Seed\n|move|p1b: Iron Leaves|Protect|p1b: Iron Leaves\n|-singleturn|p1b: Iron Leaves|Protect\n|move|p2a: Calyrex|Astral Barrage|p1b: Iron Leaves|[spread] \n|-activate|p1b: Iron Leaves|move: Protect\n|-immune|p1a: Farigiraf\n|move|p2b: Koraidon|Flare Blitz|p1b: Iron Leaves\n|-activate|p1b: Iron Leaves|move: Protect\n|\n|-weather|SunnyDay|[upkeep]\n|upkeep\n|turn|3\n|inactive|Simon0123 has 30 seconds left.\n|\n|t:|1773613087\n|move|p2a: Calyrex|Pollen Puff|p2b: Koraidon\n|-heal|p2b: Koraidon|74/100\n|move|p2b: Koraidon|Flare Blitz|p1a: Farigiraf\n|-damage|p1a: Farigiraf|17/100\n|-damage|p2b: Koraidon|40/100|[from] Recoil\n|-damage|p2b: Koraidon|30/100|[from] item: Life Orb\n|move|p1b: Iron Leaves|Leaf Blade|p2a: Calyrex\n|-damage|p2a: Calyrex|30/100\n|move|p1a: Farigiraf|Trick Room|p1a: Farigiraf\n|-fieldstart|move: Trick Room|[of] p1a: Farigiraf\n|\n|-weather|SunnyDay|[upkeep]\n|upkeep\n|turn|4\n|\n|t:|1773613109\n|move|p1a: Farigiraf|Psychic Noise|p2b: Koraidon\n|-damage|p2b: Koraidon|0 fnt\n|faint|p2b: Koraidon\n|move|p1b: Iron Leaves|Leaf Blade|p2a: Calyrex\n|-damage|p2a: Calyrex|0 fnt\n|faint|p2a: Calyrex\n|\n|-weather|SunnyDay|[upkeep]\n|-sideend|p2: Simon0123|move: Tailwind\n|upkeep\n|\n|t:|1773613117\n|switch|p2b: Whimsicott|Whimsicott, L50, F|61/100\n|switch|p2a: Chi-Yu|Chi-Yu, L50|100/100\n|-ability|p2a: Chi-Yu|Beads of Ruin\n|turn|5\n|\n|t:|1773613137\n|move|p1a: Farigiraf|Psychic Noise|p2b: Whimsicott\n|-damage|p2b: Whimsicott|12/100\n|-start|p2b: Whimsicott|move: Heal Block\n|move|p1b: Iron Leaves|Psyblade|p2b: Whimsicott\n|-damage|p2b: Whimsicott|0 fnt\n|faint|p2b: Whimsicott\n|move|p2a: Chi-Yu|Snarl|p1b: Iron Leaves|[spread] p1a,p1b\n|-supereffective|p1a: Farigiraf\n|-supereffective|p1b: Iron Leaves\n|-damage|p1a: Farigiraf|0 fnt\n|-damage|p1b: Iron Leaves|34/100\n|-unboost|p1b: Iron Leaves|spa|1\n|faint|p1a: Farigiraf\n|\n|-weather|none\n|-fieldend|move: Electric Terrain\n|-end|p1b: Iron Leaves|Quark Drive\n|upkeep\n|\n|t:|1773613157\n|switch|p1a: Miraidon|Miraidon, L50|27/100\n|-fieldstart|move: Electric Terrain|[from] ability: Hadron Engine|[of] p1a: Miraidon\n|-activate|p1b: Iron Leaves|ability: Quark Drive\n|-start|p1b: Iron Leaves|quarkdriveatk\n|turn|6\n|\n|t:|1773613172\n|-terastallize|p1a: Miraidon|Fairy\n|move|p1a: Miraidon|Electro Drift|p2a: Chi-Yu\n|-damage|p2a: Chi-Yu|0 fnt\n|faint|p2a: Chi-Yu\n|\n|win|Pickle Cheddar\n|raw|Pickle Cheddar's rating: 1210 &rarr; <strong>1240</strong><br />(+30 for winning)\n|raw|Simon0123's rating: 1283 &rarr; <strong>1253</strong><br />(-30 for losing)\n|l|\u2606Simon0123\n|player|p2|\n|l|\u203dPickle Cheddar\n|player|p1|\n","uploadtime":1773613345,"views":10,"formatid":"gen9vgc2026regi","rating":1240,"private":0,"password":null}