{"id":"gen9vgc2026regi-2553272621","format":"[Gen 9] VGC 2026 Reg I","players":["bonobobohemio","partigiano jonny"],"log":"|j|\u2606bonobobohemio\n|j|\u2606partigiano jonny\n|t:|1772815973\n|gametype|doubles\n|player|p1|bonobobohemio|blaine|1492\n|player|p2|partigiano jonny|volkner|1611\n|gen|9\n|tier|[Gen 9] VGC 2026 Reg I\n|rated|\n|rule|Species Clause: Limit one of each Pok\u00e9mon\n|rule|Item Clause: Limit 1 of each item\n|clearpoke\n|poke|p1|Miraidon, L50|\n|poke|p1|Kyurem-Black, L50|\n|poke|p1|Chesnaught, L50, F|\n|poke|p1|Grimmsnarl, L50, M|\n|poke|p1|Iron Moth, L50|\n|poke|p1|Gyarados, L50, F|\n|poke|p2|Terapagos, L50, M|\n|poke|p2|Miraidon, L50|\n|poke|p2|Incineroar, L50, F|\n|poke|p2|Iron Treads, L50|\n|poke|p2|Sinistcha, L50|\n|poke|p2|Urshifu-*, L50, M|\n|teampreview|4\n|inactive|Battle timer is ON: inactive players will automatically lose when time's up. (requested by bonobobohemio)\n|inactive|partigiano jonny has 60 seconds left.\n|\n|t:|1772816024\n|teamsize|p1|4\n|teamsize|p2|4\n|start\n|switch|p1a: Grimmsnarl|Grimmsnarl, L50, M|100/100\n|switch|p1b: Miraidon|Miraidon, L50|100/100\n|switch|p2a: Terapagos|Terapagos, L50, M|100/100\n|switch|p2b: Miraidon|Miraidon, L50|100/100\n|-activate|p2a: Terapagos|ability: Tera Shift\n|detailschange|p2a: Terapagos|Terapagos-Terastal, L50, M\n|-heal|p2a: Terapagos|100/100|[silent]\n|-fieldstart|move: Electric Terrain|[from] ability: Hadron Engine|[of] p2b: Miraidon\n|-enditem|p2a: Terapagos|Electric Seed\n|-boost|p2a: Terapagos|def|1|[from] item: Electric Seed\n|-activate|p1b: Miraidon|ability: Hadron Engine\n|turn|1\n|\n|t:|1772816031\n|switch|p2b: Iron Treads|Iron Treads, L50|100/100\n|-activate|p2b: Iron Treads|ability: Quark Drive\n|-start|p2b: Iron Treads|quarkdrivespe\n|move|p1a: Grimmsnarl|Light Screen|p1a: Grimmsnarl\n|-sidestart|p1: bonobobohemio|move: Light Screen\n|move|p1b: Miraidon|Snarl|p2a: Terapagos|[spread] p2a,p2b\n|-activate|p2a: Terapagos|ability: Tera Shell\n|-resisted|p2a: Terapagos\n|-damage|p2a: Terapagos|91/100\n|-damage|p2b: Iron Treads|69/100\n|-unboost|p2a: Terapagos|spa|1\n|-unboost|p2b: Iron Treads|spa|1\n|move|p2a: Terapagos|Calm Mind|p2a: Terapagos\n|-boost|p2a: Terapagos|spa|1\n|-boost|p2a: Terapagos|spd|1\n|\n|upkeep\n|turn|2\n|\n|t:|1772816047\n|switch|p1b: Chesnaught|Chesnaught, L50, F|100/100\n|-enditem|p1b: Chesnaught|Electric Seed\n|-boost|p1b: Chesnaught|def|1|[from] item: Electric Seed\n|move|p1a: Grimmsnarl|Reflect|p1a: Grimmsnarl\n|-sidestart|p1: bonobobohemio|Reflect\n|move|p2b: Iron Treads|Steel Roller|p1a: Grimmsnarl\n|-supereffective|p1a: Grimmsnarl\n|-damage|p1a: Grimmsnarl|1/100\n|-fieldend|move: Electric Terrain\n|-end|p2b: Iron Treads|Quark Drive\n|-damage|p2b: Iron Treads|60/100|[from] item: Life Orb\n|move|p2a: Terapagos|Calm Mind|p2a: Terapagos\n|-boost|p2a: Terapagos|spa|1\n|-boost|p2a: Terapagos|spd|1\n|\n|upkeep\n|turn|3\n|\n|t:|1772816068\n|move|p1a: Grimmsnarl|Thunder Wave|p2a: Terapagos\n|-status|p2a: Terapagos|par\n|move|p2b: Iron Treads|High Horsepower|p1a: Grimmsnarl\n|-damage|p1a: Grimmsnarl|0 fnt\n|faint|p1a: Grimmsnarl\n|-damage|p2b: Iron Treads|50/100|[from] item: Life Orb\n|move|p1b: Chesnaught|Body Press|p2a: Terapagos\n|-supereffective|p2a: Terapagos\n|-damage|p2a: Terapagos|36/100 par\n|cant|p2a: Terapagos|par\n|\n|upkeep\n|\n|t:|1772816081\n|switch|p1a: Kyurem|Kyurem-Black, L50|100/100\n|-ability|p1a: Kyurem|Teravolt\n|turn|4\n|inactive|partigiano jonny has 30 seconds left.\n|\n|t:|1772816107\n|-end|p2b: Iron Treads|Quark Drive|[silent]\n|switch|p2b: Sinistcha|Sinistcha, L50|100/100\n|-heal|p2a: Terapagos|61/100 par|[from] ability: Hospitality|[of] p2b: Sinistcha\n|move|p1a: Kyurem|Protect|p1a: Kyurem\n|-singleturn|p1a: Kyurem|Protect\n|move|p1b: Chesnaught|Body Press|p2b: Sinistcha\n|-immune|p2b: Sinistcha\n|move|p2a: Terapagos|Tera Starstorm|p1b: Chesnaught\n|-damage|p1b: Chesnaught|49/100\n|\n|upkeep\n|turn|5\n|\n|t:|1772816122\n|move|p2b: Sinistcha|Rage Powder|p2b: Sinistcha\n|-singleturn|p2b: Sinistcha|move: Rage Powder\n|move|p1a: Kyurem|Scale Shot|p2b: Sinistcha\n|-damage|p2b: Sinistcha|88/100\n|-damage|p2b: Sinistcha|74/100\n|-damage|p2b: Sinistcha|62/100\n|-damage|p2b: Sinistcha|50/100\n|-hitcount|p2b: Sinistcha|4\n|-unboost|p1a: Kyurem|def|1\n|-boost|p1a: Kyurem|spe|1\n|move|p1b: Chesnaught|Body Press|p2a: Terapagos\n|-supereffective|p2a: Terapagos\n|-damage|p2a: Terapagos|7/100 par\n|move|p2a: Terapagos|Tera Starstorm|p1b: Chesnaught\n|-damage|p1b: Chesnaught|0 fnt\n|faint|p1b: Chesnaught\n|\n|upkeep\n|\n|t:|1772816133\n|switch|p1b: Miraidon|Miraidon, L50|100/100\n|-fieldstart|move: Electric Terrain|[from] ability: Hadron Engine|[of] p1b: Miraidon\n|turn|6\n|\n|t:|1772816144\n|move|p2b: Sinistcha|Protect|p2b: Sinistcha\n|-singleturn|p2b: Sinistcha|Protect\n|move|p1a: Kyurem|Scale Shot|p2a: Terapagos\n|-damage|p2a: Terapagos|0 fnt\n|faint|p2a: Terapagos\n|-hitcount|p2: Terapagos|1\n|-unboost|p1a: Kyurem|def|1\n|-boost|p1a: Kyurem|spe|1\n|move|p1b: Miraidon|Electro Drift|p2b: Sinistcha\n|-activate|p2b: Sinistcha|move: Protect\n|\n|upkeep\n|\n|t:|1772816151\n|switch|p2a: Miraidon|Miraidon, L50|100/100\n|-activate|p2a: Miraidon|ability: Hadron Engine\n|turn|7\n|\n|t:|1772816161\n|-terastallize|p2a: Miraidon|Electric\n|move|p1a: Kyurem|Protect|p1a: Kyurem\n|-singleturn|p1a: Kyurem|Protect\n|move|p2b: Sinistcha|Rage Powder|p2b: Sinistcha\n|-singleturn|p2b: Sinistcha|move: Rage Powder\n|move|p2a: Miraidon|Draco Meteor|p1a: Kyurem\n|-activate|p1a: Kyurem|move: Protect\n|move|p1b: Miraidon|Snarl|p2b: Sinistcha|[spread] p2a,p2b\n|-supereffective|p2b: Sinistcha\n|-damage|p2a: Miraidon|89/100\n|-damage|p2b: Sinistcha|5/100\n|-unboost|p2a: Miraidon|spa|1\n|-unboost|p2b: Sinistcha|spa|1\n|\n|upkeep\n|turn|8\n|\n|t:|1772816182\n|switch|p2b: Iron Treads|Iron Treads, L50|50/100\n|-activate|p2b: Iron Treads|ability: Quark Drive\n|-start|p2b: Iron Treads|quarkdrivespe\n|-terastallize|p1a: Kyurem|Electric\n|move|p1a: Kyurem|Icicle Spear|p2a: Miraidon\n|-damage|p2a: Miraidon|74/100\n|-damage|p2a: Miraidon|58/100\n|-damage|p2a: Miraidon|43/100\n|-damage|p2a: Miraidon|29/100\n|-damage|p2a: Miraidon|13/100\n|-hitcount|p2a: Miraidon|5\n|move|p2a: Miraidon|Volt Switch|p1a: Kyurem\n|-resisted|p1a: Kyurem\n|-damage|p1a: Kyurem|84/100\n|\n|t:|1772816196\n|switch|p2a: Sinistcha|Sinistcha, L50|5/100|[from] Volt Switch\n|-heal|p2b: Iron Treads|75/100|[from] ability: Hospitality|[of] p2a: Sinistcha\n|move|p1b: Miraidon|Draco Meteor|p2a: Sinistcha\n|-damage|p2a: Sinistcha|0 fnt\n|-unboost|p1b: Miraidon|spa|2\n|faint|p2a: Sinistcha\n|\n|-sideend|p1: bonobobohemio|move: Light Screen\n|upkeep\n|\n|t:|1772816200\n|switch|p2a: Miraidon|Miraidon, L50, tera:Electric|13/100\n|-activate|p2a: Miraidon|ability: Hadron Engine\n|turn|9\n|\n|t:|1772816219\n|move|p1a: Kyurem|Protect|p1a: Kyurem\n|-singleturn|p1a: Kyurem|Protect\n|move|p2b: Iron Treads|High Horsepower|p1a: Kyurem\n|-activate|p1a: Kyurem|move: Protect\n|move|p2a: Miraidon|Draco Meteor|p1b: Miraidon|[miss]\n|-miss|p2a: Miraidon|p1b: Miraidon\n|move|p1b: Miraidon|Draco Meteor|p2a: Miraidon\n|-damage|p2a: Miraidon|0 fnt\n|-unboost|p1b: Miraidon|spa|2\n|faint|p2a: Miraidon\n|\n|-sideend|p1: bonobobohemio|Reflect\n|upkeep\n|turn|10\n|\n|t:|1772816230\n|move|p1a: Kyurem|Icicle Spear|p2b: Iron Treads\n|-damage|p2b: Iron Treads|59/100\n|-damage|p2b: Iron Treads|45/100\n|-damage|p2b: Iron Treads|31/100\n|-damage|p2b: Iron Treads|15/100\n|-damage|p2b: Iron Treads|0 fnt\n|faint|p2b: Iron Treads\n|-end|p2b: Iron Treads|Quark Drive|[silent]\n|-hitcount|p2: Iron Treads|5\n|\n|win|bonobobohemio\n|raw|bonobobohemio's rating: 1492 &rarr; <strong>1519</strong><br />(+27 for winning)\n|raw|partigiano jonny's rating: 1611 &rarr; <strong>1584</strong><br />(-27 for losing)\n","uploadtime":1772816230,"views":25,"formatid":"gen9vgc2026regi","rating":1519,"private":0,"password":null}