{"id":"gen9vgc2026regi-2562172653","format":"[Gen 9] VGC 2026 Reg I","players":["actuary97","SnarkyShane"],"log":"|j|\u2606actuary97\n|j|\u2606SnarkyShane\n|t:|1773878615\n|gametype|doubles\n|player|p1|actuary97|sabrina-frlg|1548\n|player|p2|SnarkyShane|gambler|1526\n|gen|9\n|tier|[Gen 9] VGC 2026 Reg I\n|rated|\n|rule|Species Clause: Limit one of each Pok\u00e9mon\n|rule|Item Clause: Limit 1 of each item\n|clearpoke\n|poke|p1|Klefki, L50, M|\n|poke|p1|Landorus, L50, M|\n|poke|p1|Iron Hands, L50|\n|poke|p1|Whimsicott, L50, F|\n|poke|p1|Calyrex-Ice, L50|\n|poke|p1|Miraidon, L50|\n|poke|p2|Rayquaza, L50|\n|poke|p2|Calyrex-Shadow, L50|\n|poke|p2|Chien-Pao, L50|\n|poke|p2|Ting-Lu, L50|\n|poke|p2|Amoonguss, L50, F|\n|poke|p2|Avalugg-Hisui, L50, M|\n|teampreview|4\n|inactive|Battle timer is ON: inactive players will automatically lose when time's up. (requested by SnarkyShane)\n|inactive|actuary97 has 60 seconds left.\n|inactive|SnarkyShane has 60 seconds left.\n|\n|t:|1773878670\n|teamsize|p1|4\n|teamsize|p2|4\n|start\n|switch|p1a: boo boo keys|Klefki, L50, M|100/100\n|switch|p1b: Miraidon|Miraidon, L50|100/100\n|switch|p2a: FesterinEquestrian|Calyrex-Shadow, L50|100/100\n|switch|p2b: Victor Creed|Chien-Pao, L50|100/100\n|-ability|p2a: FesterinEquestrian|As One\n|-ability|p2a: FesterinEquestrian|Unnerve\n|-fieldstart|move: Electric Terrain|[from] ability: Hadron Engine|[of] p1b: Miraidon\n|-enditem|p1b: Miraidon|Electric Seed\n|-boost|p1b: Miraidon|def|1|[from] item: Electric Seed\n|-ability|p2b: Victor Creed|Sword of Ruin\n|turn|1\n|\n|t:|1773878692\n|-terastallize|p1b: Miraidon|Electric\n|move|p1a: boo boo keys|Light Screen|p1a: boo boo keys\n|-sidestart|p1: actuary97|move: Light Screen\n|move|p2a: FesterinEquestrian|Taunt|p1b: Miraidon\n|-start|p1b: Miraidon|move: Taunt\n|cant|p1b: Miraidon|move: Taunt|Calm Mind\n|move|p2b: Victor Creed|Ice Spinner|p1b: Miraidon\n|-damage|p1b: Miraidon|57/100\n|-fieldend|move: Electric Terrain\n|-damage|p2b: Victor Creed|91/100|[from] item: Life Orb\n|\n|upkeep\n|turn|2\n|inactive|SnarkyShane has 30 seconds left.\n|inactive|SnarkyShane has 20 seconds left.\n|\n|t:|1773878728\n|move|p1a: boo boo keys|Reflect|p1a: boo boo keys\n|-sidestart|p1: actuary97|Reflect\n|move|p2a: FesterinEquestrian|Astral Barrage|p1a: boo boo keys|[spread] p1a,p1b\n|-damage|p1a: boo boo keys|60/100\n|-damage|p1b: Miraidon|26/100\n|move|p1b: Miraidon|Parabolic Charge|p2b: Victor Creed|[spread] p1a,p2a,p2b\n|-damage|p1a: boo boo keys|33/100\n|-heal|p1b: Miraidon|38/100|[from] drain|[of] p1a: boo boo keys\n|-damage|p2a: FesterinEquestrian|66/100\n|-heal|p1b: Miraidon|53/100|[from] drain|[of] p2a: FesterinEquestrian\n|-damage|p2b: Victor Creed|39/100\n|-heal|p1b: Miraidon|76/100|[from] drain|[of] p2b: Victor Creed\n|move|p2b: Victor Creed|Ice Spinner|p1b: Miraidon\n|-damage|p1b: Miraidon|47/100\n|-damage|p2b: Victor Creed|29/100|[from] item: Life Orb\n|\n|upkeep\n|turn|3\n|inactive|SnarkyShane has 30 seconds left.\n|\n|t:|1773878755\n|switch|p1a: Iron Hand|Iron Hands, L50|100/100\n|-terastallize|p2a: FesterinEquestrian|Ghost\n|move|p2b: Victor Creed|Sucker Punch|p1b: Miraidon\n|-damage|p1b: Miraidon|18/100\n|-damage|p2b: Victor Creed|20/100|[from] item: Life Orb\n|move|p2a: FesterinEquestrian|Astral Barrage|p1b: Miraidon|[spread] p1a,p1b\n|-damage|p1a: Iron Hand|77/100\n|-damage|p1b: Miraidon|0 fnt\n|faint|p1b: Miraidon\n|-ability|p2a: FesterinEquestrian|Grim Neigh|boost\n|-boost|p2a: FesterinEquestrian|spa|1\n|\n|upkeep\n|\n|t:|1773878762\n|switch|p1b: Landoorus|Landorus, L50, M|100/100\n|turn|4\n|inactive|SnarkyShane has 30 seconds left.\n|j| touchdownJulio\n|\n|t:|1773878792\n|move|p2a: FesterinEquestrian|Protect|p2a: FesterinEquestrian\n|-singleturn|p2a: FesterinEquestrian|Protect\n|move|p1a: Iron Hand|Fake Out|p2b: Victor Creed\n|-damage|p2b: Victor Creed|0 fnt\n|faint|p2b: Victor Creed\n|move|p1b: Landoorus|Crunch|p2a: FesterinEquestrian\n|-activate|p2a: FesterinEquestrian|move: Protect\n|\n|upkeep\n|\n|t:|1773878803\n|switch|p2b: Noodle Del Muerte|Rayquaza, L50|100/100\n|-ability|p2b: Noodle Del Muerte|Air Lock\n|turn|5\n|\n|t:|1773878824\n|move|p1b: Landoorus|Crunch|p2a: FesterinEquestrian\n|-supereffective|p2a: FesterinEquestrian\n|-damage|p2a: FesterinEquestrian|0 fnt\n|faint|p2a: FesterinEquestrian\n|move|p2b: Noodle Del Muerte|Swords Dance|p2b: Noodle Del Muerte\n|-boost|p2b: Noodle Del Muerte|atk|2\n|move|p1a: Iron Hand|Volt Switch|p2b: Noodle Del Muerte\n|-damage|p2b: Noodle Del Muerte|89/100\n|\n|t:|1773878829\n|-end|p1a: Iron Hand|Quark Drive|[silent]\n|switch|p1a: boo boo keys|Klefki, L50, M|33/100|[from] Volt Switch\n|\n|upkeep\n|\n|t:|1773878835\n|switch|p2a: Rock 'em Sock 'em|Avalugg-Hisui, L50, M|100/100\n|turn|6\n|inactive|SnarkyShane has 30 seconds left.\n|\n|t:|1773878869\n|switch|p1b: Iron Hand|Iron Hands, L50|77/100\n|move|p2b: Noodle Del Muerte|Swords Dance|p2b: Noodle Del Muerte\n|-boost|p2b: Noodle Del Muerte|atk|2\n|move|p1a: boo boo keys|Foul Play|p2b: Noodle Del Muerte\n|-damage|p2b: Noodle Del Muerte|0 fnt\n|faint|p2b: Noodle Del Muerte\n|move|p2a: Rock 'em Sock 'em|Icicle Spear|p1b: Iron Hand\n|-damage|p1b: Iron Hand|71/100\n|-damage|p1b: Iron Hand|64/100\n|-damage|p1b: Iron Hand|57/100\n|-damage|p1b: Iron Hand|50/100\n|-damage|p1b: Iron Hand|43/100\n|-hitcount|p1b: Iron Hand|5\n|\n|upkeep\n|turn|7\n|-message|SnarkyShane forfeited.\n|\n|win|actuary97\n|raw|actuary97's rating: 1548 &rarr; <strong>1567</strong><br />(+19 for winning)\n|raw|SnarkyShane's rating: 1526 &rarr; <strong>1507</strong><br />(-19 for losing)\n|l|\u2606SnarkyShane\n|player|p2|\n|l| touchdownJulio\n|l|\u2606actuary97\n|player|p1|\n","uploadtime":1773879097,"views":22,"formatid":"gen9vgc2026regi","rating":1507,"private":0,"password":null}