{"id":"gen9vgc2026regi-2574064997","format":"[Gen 9] VGC 2026 Reg I","players":["Snowsquall brute","chuyoukeai"],"log":"|j|\u2606Snowsquall brute\n|j|\u2606chuyoukeai\n|t:|1775196006\n|gametype|doubles\n|player|p1|Snowsquall brute|veteran|1388\n|player|p2|chuyoukeai|dawn|1338\n|gen|9\n|tier|[Gen 9] VGC 2026 Reg I\n|rated|\n|rule|Species Clause: Limit one of each Pok\u00e9mon\n|rule|Item Clause: Limit 1 of each item\n|clearpoke\n|poke|p1|Miraidon, L50|\n|poke|p1|Landorus-Therian, L50, M|\n|poke|p1|Iron Crown, L50|\n|poke|p1|Kyogre, L50|\n|poke|p1|Urshifu-*, L50, F|\n|poke|p2|Necrozma-Dawn-Wings, L50|\n|poke|p2|Basculegion, L50, M|\n|poke|p2|Kyogre, L50|\n|poke|p2|Luvdisc, L50, M|\n|poke|p2|Great Tusk, L50|\n|poke|p2|Indeedee-F, L50, F|\n|teampreview|4\n|inactive|Battle timer is ON: inactive players will automatically lose when time's up. (requested by chuyoukeai)\n|inactive|chuyoukeai has 60 seconds left.\n|\n|t:|1775196040\n|teamsize|p1|4\n|teamsize|p2|4\n|start\n|switch|p1a: Kyogre|Kyogre, L50|100/100\n|switch|p1b: Miraidon|Miraidon, L50|100/100\n|switch|p2a: Necrozma|Necrozma-Dawn-Wings, L50, shiny|100/100\n|switch|p2b: Indeedee|Indeedee-F, L50, F|100/100\n|-weather|RainDance|[from] ability: Drizzle|[of] p1a: Kyogre\n|-fieldstart|move: Electric Terrain|[from] ability: Hadron Engine|[of] p1b: Miraidon\n|-enditem|p1b: Miraidon|Electric Seed\n|-boost|p1b: Miraidon|def|1|[from] item: Electric Seed\n|-fieldstart|move: Psychic Terrain|[from] ability: Psychic Surge|[of] p2b: Indeedee\n|-enditem|p2b: Indeedee|Psychic Seed\n|-boost|p2b: Indeedee|spd|1|[from] item: Psychic Seed\n|turn|1\n|inactive|Snowsquall brute has 30 seconds left.\n|inactive|chuyoukeai has 30 seconds left.\n|inactive|Snowsquall brute has 20 seconds left.\n|inactive|chuyoukeai has 20 seconds left.\n|inactive|chuyoukeai has 15 seconds left.\n|\n|t:|1775196084\n|-terastallize|p2a: Necrozma|Dragon\n|move|p1a: Kyogre|Water Spout|p2a: Necrozma|[spread] p2a,p2b\n|-resisted|p2a: Necrozma\n|-damage|p2a: Necrozma|63/100\n|-damage|p2b: Indeedee|34/100\n|move|p1b: Miraidon|Calm Mind|p1b: Miraidon\n|-boost|p1b: Miraidon|spa|1\n|-boost|p1b: Miraidon|spd|1\n|move|p2a: Necrozma|Meteor Beam||[still]\n|-prepare|p2a: Necrozma|Meteor Beam\n|-boost|p2a: Necrozma|spa|1\n|-enditem|p2a: Necrozma|Power Herb\n|-anim|p2a: Necrozma|Meteor Beam|p1a: Kyogre\n|-damage|p1a: Kyogre|42/100\n|move|p2b: Indeedee|Trick Room|p2b: Indeedee\n|-fieldstart|move: Trick Room|[of] p2b: Indeedee\n|\n|-weather|RainDance|[upkeep]\n|upkeep\n|turn|2\n|\n|t:|1775196108\n|switch|p1a: Iron Crown|Iron Crown, L50|100/100\n|move|p2b: Indeedee|Helping Hand|p2a: Necrozma\n|-singleturn|p2a: Necrozma|Helping Hand|[of] p2b: Indeedee\n|move|p1b: Miraidon|Protect|p1b: Miraidon\n|-singleturn|p1b: Miraidon|Protect\n|move|p2a: Necrozma|Expanding Force|p1b: Miraidon|[spread] p1a\n|-activate|p1b: Miraidon|move: Protect\n|-resisted|p1a: Iron Crown\n|-damage|p1a: Iron Crown|73/100\n|\n|-weather|RainDance|[upkeep]\n|upkeep\n|turn|3\n|inactive|chuyoukeai has 30 seconds left.\n|inactive|chuyoukeai has 20 seconds left.\n|inactive|chuyoukeai has 15 seconds left.\n|\n|t:|1775196149\n|move|p2b: Indeedee|Helping Hand|p2a: Necrozma\n|-singleturn|p2a: Necrozma|Helping Hand|[of] p2b: Indeedee\n|move|p1a: Iron Crown|Protect|p1a: Iron Crown\n|-singleturn|p1a: Iron Crown|Protect\n|move|p2a: Necrozma|Expanding Force|p1a: Iron Crown|[spread] p1b\n|-activate|p1a: Iron Crown|move: Protect\n|-damage|p1b: Miraidon|34/100\n|move|p1b: Miraidon|Dragon Pulse|p2a: Necrozma\n|-supereffective|p2a: Necrozma\n|-damage|p2a: Necrozma|0 fnt\n|faint|p2a: Necrozma\n|\n|-weather|RainDance|[upkeep]\n|upkeep\n|\n|t:|1775196166\n|switch|p2a: Basculegion|Basculegion, L50, M, shiny|100/100\n|turn|4\n|\n|t:|1775196184\n|-end|p1a: Iron Crown|Quark Drive|[silent]\n|switch|p1a: Landorus|Landorus-Therian, L50, M|100/100\n|-ability|p1a: Landorus|Intimidate|boost\n|-unboost|p2a: Basculegion|atk|1\n|-unboost|p2b: Indeedee|atk|1\n|move|p2b: Indeedee|Follow Me|p2b: Indeedee\n|-singleturn|p2b: Indeedee|move: Follow Me\n|move|p1b: Miraidon|Parabolic Charge|p2a: Basculegion|[spread] p2a,p2b\n|-immune|p1a: Landorus\n|-supereffective|p2a: Basculegion\n|-damage|p2a: Basculegion|36/100\n|-heal|p1b: Miraidon|67/100|[from] drain|[of] p2a: Basculegion\n|-damage|p2b: Indeedee|12/100\n|-heal|p1b: Miraidon|77/100|[from] drain|[of] p2b: Indeedee\n|move|p2a: Basculegion|Wave Crash|p1a: Landorus\n|-supereffective|p1a: Landorus\n|-damage|p1a: Landorus|0 fnt\n|faint|p1a: Landorus\n|-damage|p2a: Basculegion|6/100|[from] Recoil\n|\n|-weather|RainDance|[upkeep]\n|upkeep\n|\n|t:|1775196200\n|switch|p1a: Iron Crown|Iron Crown, L50|73/100\n|turn|5\n|-message|chuyoukeai forfeited.\n|\n|win|Snowsquall brute\n|raw|Snowsquall brute's rating: 1388 &rarr; <strong>1405</strong><br />(+17 for winning)\n|raw|chuyoukeai's rating: 1338 &rarr; <strong>1321</strong><br />(-17 for losing)\n|l|\u2606chuyoukeai\n|player|p2|\n","uploadtime":1775196363,"views":14,"formatid":"gen9vgc2026regi","rating":1321,"private":0,"password":null}