{"id":"gen9vgc2026regi-2540100808","format":"[Gen 9] VGC 2026 Reg I","players":["Vivi0v0","ryo8989"],"log":"|j|\u2606Vivi0v0\n|j|\u2606ryo8989\n|t:|1771161889\n|gametype|doubles\n|player|p1|Vivi0v0|lillie-masters3|1447\n|player|p2|ryo8989|erika|1473\n|gen|9\n|tier|[Gen 9] VGC 2026 Reg I\n|rated|\n|rule|Species Clause: Limit one of each Pok\u00e9mon\n|rule|Item Clause: Limit 1 of each item\n|clearpoke\n|poke|p1|Calyrex-Ice, L50|\n|poke|p1|Kyogre, L50|\n|poke|p1|Urshifu-*, L50, M|\n|poke|p1|Raging Bolt, L50|\n|poke|p1|Indeedee-F, L50, F|\n|poke|p1|Amoonguss, L50, M|\n|poke|p2|Calyrex-Ice, L50|\n|poke|p2|Miraidon, L50|\n|poke|p2|Incineroar, L50, M|\n|poke|p2|Farigiraf, L50, M|\n|poke|p2|Urshifu-*, L50, M|\n|poke|p2|Whimsicott, L50, M|\n|teampreview|4\n|inactive|Battle timer is ON: inactive players will automatically lose when time's up. (requested by Vivi0v0)\n|\n|t:|1771161910\n|teamsize|p1|4\n|teamsize|p2|4\n|start\n|switch|p1a: Kyogre|Kyogre, L50, shiny|100/100\n|switch|p1b: Indeedee|Indeedee-F, L50, F, shiny|100/100\n|switch|p2a: Urshifu|Urshifu-Rapid-Strike, L50, M|100/100\n|switch|p2b: Miraidon|Miraidon, L50|100/100\n|-fieldstart|move: Electric Terrain|[from] ability: Hadron Engine|[of] p2b: Miraidon\n|-weather|RainDance|[from] ability: Drizzle|[of] p1a: Kyogre\n|-fieldstart|move: Psychic Terrain|[from] ability: Psychic Surge|[of] p1b: Indeedee\n|turn|1\n|\n|t:|1771161935\n|move|p1b: Indeedee|Follow Me|p1b: Indeedee\n|-singleturn|p1b: Indeedee|move: Follow Me\n|move|p2b: Miraidon|Draco Meteor|p1b: Indeedee\n|-damage|p1b: Indeedee|34/100\n|-unboost|p2b: Miraidon|spa|2\n|-enditem|p1b: Indeedee|Eject Button\n|\n|t:|1771161941\n|switch|p1b: Calyrex|Calyrex-Ice, L50|100/100\n|-ability|p1b: Calyrex|As One\n|-ability|p1b: Calyrex|Unnerve\n|move|p2a: Urshifu|Surging Strikes|p1a: Kyogre\n|-resisted|p1a: Kyogre\n|-crit|p1a: Kyogre\n|-damage|p1a: Kyogre|80/100\n|-resisted|p1a: Kyogre\n|-crit|p1a: Kyogre\n|-damage|p1a: Kyogre|59/100\n|-resisted|p1a: Kyogre\n|-crit|p1a: Kyogre\n|-damage|p1a: Kyogre|38/100\n|-hitcount|p1a: Kyogre|3\n|move|p1a: Kyogre|Water Spout|p2b: Miraidon|[spread] p2a,p2b\n|-resisted|p2a: Urshifu\n|-resisted|p2b: Miraidon\n|-damage|p2a: Urshifu|67/100\n|-damage|p2b: Miraidon|79/100\n|\n|-weather|RainDance|[upkeep]\n|upkeep\n|turn|2\n|inactive|ryo8989 has 30 seconds left.\n|\n|t:|1771161969\n|switch|p1a: Indeedee|Indeedee-F, L50, F, shiny|34/100\n|-terastallize|p1b: Calyrex|Grass\n|move|p2b: Miraidon|Volt Switch|p1b: Calyrex\n|-resisted|p1b: Calyrex\n|-damage|p1b: Calyrex|93/100\n|\n|t:|1771161976\n|switch|p2b: Incineroar|Incineroar, L50, M|100/100|[from] Volt Switch\n|-ability|p2b: Incineroar|Intimidate|boost\n|-unboost|p1a: Indeedee|atk|1\n|-fail|p1b: Calyrex|unboost|[from] item: Clear Amulet|[of] p1b: Calyrex\n|move|p2a: Urshifu|Surging Strikes|p1a: Indeedee\n|-crit|p1a: Indeedee\n|-damage|p1a: Indeedee|0 fnt\n|faint|p1a: Indeedee\n|-hitcount|p1: Indeedee|1\n|move|p1b: Calyrex|Trick Room|p1b: Calyrex\n|-fieldstart|move: Trick Room|[of] p1b: Calyrex\n|\n|-weather|RainDance|[upkeep]\n|upkeep\n|\n|t:|1771161984\n|switch|p1a: Kyogre|Kyogre, L50, shiny|38/100\n|turn|3\n|inactive|ryo8989 has 30 seconds left.\n|inactive|ryo8989 has 20 seconds left.\n|\n|t:|1771162020\n|move|p1b: Calyrex|Glacial Lance|p2b: Incineroar|[spread] p2a,p2b\n|-resisted|p2a: Urshifu\n|-resisted|p2b: Incineroar\n|-damage|p2a: Urshifu|40/100\n|-damage|p2b: Incineroar|76/100\n|move|p2b: Incineroar|Knock Off|p1a: Kyogre\n|-damage|p1a: Kyogre|0 fnt\n|-enditem|p1a: Kyogre|Choice Specs|[from] move: Knock Off|[of] p2b: Incineroar\n|faint|p1a: Kyogre\n|move|p2a: Urshifu|Surging Strikes|p1b: Calyrex\n|-resisted|p1b: Calyrex\n|-crit|p1b: Calyrex\n|-damage|p1b: Calyrex|78/100\n|-resisted|p1b: Calyrex\n|-crit|p1b: Calyrex\n|-damage|p1b: Calyrex|63/100\n|-resisted|p1b: Calyrex\n|-crit|p1b: Calyrex\n|-damage|p1b: Calyrex|47/100\n|-hitcount|p1b: Calyrex|3\n|\n|-weather|RainDance|[upkeep]\n|upkeep\n|\n|t:|1771162030\n|switch|p1a: Urshifu|Urshifu-Rapid-Strike, L50, M|100/100\n|turn|4\n|inactive|ryo8989 has 30 seconds left.\n|\n|t:|1771162060\n|move|p1b: Calyrex|High Horsepower|p2a: Urshifu\n|-damage|p2a: Urshifu|0 fnt\n|faint|p2a: Urshifu\n|-ability|p1b: Calyrex|Chilling Neigh|boost\n|-boost|p1b: Calyrex|atk|1\n|move|p2b: Incineroar|Knock Off|p1b: Calyrex\n|-damage|p1b: Calyrex|20/100\n|-enditem|p1b: Calyrex|Clear Amulet|[from] move: Knock Off|[of] p2b: Incineroar\n|move|p1a: Urshifu|Surging Strikes|p2b: Incineroar\n|-supereffective|p2b: Incineroar\n|-crit|p2b: Incineroar\n|-damage|p2b: Incineroar|18/100\n|-supereffective|p2b: Incineroar\n|-crit|p2b: Incineroar\n|-damage|p2b: Incineroar|0 fnt\n|faint|p2b: Incineroar\n|-hitcount|p2: Incineroar|2\n|\n|-weather|RainDance|[upkeep]\n|upkeep\n|\n|t:|1771162079\n|switch|p2b: Calyrex|Calyrex-Ice, L50|100/100\n|switch|p2a: Miraidon|Miraidon, L50|79/100\n|-ability|p2b: Calyrex|As One\n|-ability|p2b: Calyrex|Unnerve\n|-fieldstart|move: Electric Terrain|[from] ability: Hadron Engine|[of] p2a: Miraidon\n|turn|5\n|\n|t:|1771162097\n|move|p1b: Calyrex|Protect|p1b: Calyrex\n|-singleturn|p1b: Calyrex|Protect\n|move|p2a: Miraidon|Protect|p2a: Miraidon\n|-singleturn|p2a: Miraidon|Protect\n|move|p2b: Calyrex|Glacial Lance|p1a: Urshifu|[spread] p1a\n|-activate|p1b: Calyrex|move: Protect\n|-resisted|p1a: Urshifu\n|-damage|p1a: Urshifu|74/100\n|move|p1a: Urshifu|Surging Strikes|p2b: Calyrex\n|-crit|p2b: Calyrex\n|-damage|p2b: Calyrex|80/100\n|-crit|p2b: Calyrex\n|-damage|p2b: Calyrex|60/100\n|-crit|p2b: Calyrex\n|-damage|p2b: Calyrex|41/100\n|-hitcount|p2b: Calyrex|3\n|\n|-weather|none\n|upkeep\n|turn|6\n|\n|t:|1771162118\n|-terastallize|p2a: Miraidon|Electric\n|move|p2b: Calyrex|Glacial Lance|p1a: Urshifu|[spread] p1a,p1b\n|-resisted|p1a: Urshifu\n|-supereffective|p1b: Calyrex\n|-damage|p1a: Urshifu|47/100\n|-damage|p1b: Calyrex|0 fnt\n|faint|p1b: Calyrex\n|-ability|p2b: Calyrex|Chilling Neigh|boost\n|-boost|p2b: Calyrex|atk|1\n|move|p1a: Urshifu|Surging Strikes|p2b: Calyrex\n|-crit|p2b: Calyrex\n|-damage|p2b: Calyrex|28/100\n|-crit|p2b: Calyrex\n|-damage|p2b: Calyrex|15/100\n|-crit|p2b: Calyrex\n|-damage|p2b: Calyrex|1/100\n|-hitcount|p2b: Calyrex|3\n|move|p2a: Miraidon|Electro Drift|p1a: Urshifu\n|-supereffective|p1a: Urshifu\n|-damage|p1a: Urshifu|0 fnt\n|faint|p1a: Urshifu\n|\n|win|ryo8989\n|raw|Vivi0v0's rating: 1447 &rarr; <strong>1428</strong><br />(-19 for losing)\n|raw|ryo8989's rating: 1473 &rarr; <strong>1492</strong><br />(+19 for winning)\n|l|\u2606Vivi0v0\n|player|p1|\n|l|\u2606ryo8989\n|player|p2|\n","uploadtime":1771162334,"views":31,"formatid":"gen9vgc2026regi","rating":1428,"private":0,"password":null}