{"id":"gen9vgc2026regi-2540280404","format":"[Gen 9] VGC 2026 Reg I","players":["j0l0k0","Ziggy09"],"log":"|j|\u2606j0l0k0\n|j|\u2606Ziggy09\n|t:|1771184066\n|gametype|doubles\n|player|p1|j0l0k0|brycen|1385\n|player|p2|Ziggy09|n|1317\n|gen|9\n|tier|[Gen 9] VGC 2026 Reg I\n|rated|\n|rule|Species Clause: Limit one of each Pok\u00e9mon\n|rule|Item Clause: Limit 1 of each item\n|clearpoke\n|poke|p1|Calyrex-Ice, L50|\n|poke|p1|Kyogre, L50|\n|poke|p1|Indeedee-F, L50, F|\n|poke|p1|Urshifu-*, L50, F|\n|poke|p1|Amoonguss, L50, F|\n|poke|p1|Landorus, L50, M|\n|poke|p2|Calyrex-Shadow, L50|\n|poke|p2|Landorus, L50, M|\n|poke|p2|Incineroar, L50, F|\n|poke|p2|Zamazenta-*, L50|\n|poke|p2|Amoonguss, L50, M|\n|poke|p2|Urshifu-*, L50, F|\n|teampreview|4\n|inactive|Battle timer is ON: inactive players will automatically lose when time's up. (requested by Ziggy09)\n|inactive|j0l0k0 also wants the timer to be on.\n|inactive|Ziggy09 has 60 seconds left.\n|inactive|Ziggy09 has 30 seconds left.\n|inactive|Ziggy09 has 20 seconds left.\n|inactive|Ziggy09 has 15 seconds left.\n|inactive|Ziggy09 has 10 seconds left.\n|inactive|Ziggy09 has 5 seconds left.\n|\n|t:|1771184155\n|teamsize|p1|4\n|teamsize|p2|4\n|start\n|switch|p1a: Indeedee|Indeedee-F, L50, F, shiny|100/100\n|switch|p1b: Calyrex|Calyrex-Ice, L50|100/100\n|switch|p2a: Zamazenta|Zamazenta-Crowned, L50|100/100\n|switch|p2b: Landorus|Landorus, L50, M|100/100\n|-ability|p1b: Calyrex|As One\n|-ability|p1b: Calyrex|Unnerve\n|-ability|p2a: Zamazenta|Dauntless Shield|boost\n|-boost|p2a: Zamazenta|def|1\n|-fieldstart|move: Psychic Terrain|[from] ability: Psychic Surge|[of] p1a: Indeedee\n|turn|1\n|inactive|Ziggy09 has 30 seconds left.\n|\n|t:|1771184186\n|move|p2a: Zamazenta|Wide Guard|p2a: Zamazenta\n|-singleturn|p2a: Zamazenta|Wide Guard\n|move|p1a: Indeedee|Follow Me|p1a: Indeedee\n|-singleturn|p1a: Indeedee|move: Follow Me\n|move|p2b: Landorus|Taunt|p1a: Indeedee\n|-start|p1a: Indeedee|move: Taunt\n|move|p1b: Calyrex|Trick Room|p1b: Calyrex\n|-fieldstart|move: Trick Room|[of] p1b: Calyrex\n|\n|upkeep\n|turn|2\n|\n|t:|1771184206\n|move|p2a: Zamazenta|Wide Guard|p2a: Zamazenta\n|-singleturn|p2a: Zamazenta|Wide Guard\n|move|p1b: Calyrex|Glacial Lance|p2b: Landorus|[spread] \n|-activate|p2a: Zamazenta|move: Wide Guard\n|-activate|p2b: Landorus|move: Wide Guard\n|move|p1a: Indeedee|Psychic|p2a: Zamazenta\n|-damage|p2a: Zamazenta|74/100\n|move|p2b: Landorus|Earth Power|p1b: Calyrex\n|-damage|p1b: Calyrex|46/100\n|\n|upkeep\n|turn|3\n|\n|t:|1771184227\n|move|p2a: Zamazenta|Wide Guard|p2a: Zamazenta\n|-singleturn|p2a: Zamazenta|Wide Guard\n|move|p1b: Calyrex|Close Combat|p2a: Zamazenta\n|-supereffective|p2a: Zamazenta\n|-damage|p2a: Zamazenta|31/100\n|-unboost|p1b: Calyrex|def|1\n|-unboost|p1b: Calyrex|spd|1\n|move|p1a: Indeedee|Psychic|p2a: Zamazenta\n|-damage|p2a: Zamazenta|4/100\n|move|p2b: Landorus|Earth Power|p1b: Calyrex\n|-damage|p1b: Calyrex|0 fnt\n|faint|p1b: Calyrex\n|\n|upkeep\n|\n|t:|1771184241\n|switch|p1b: Kyogre|Kyogre, L50, shiny|100/100\n|-weather|RainDance|[from] ability: Drizzle|[of] p1b: Kyogre\n|turn|4\n|inactive|Ziggy09 has 30 seconds left.\n|inactive|Ziggy09 has 20 seconds left.\n|\n|t:|1771184282\n|-terastallize|p2b: Landorus|Poison\n|move|p2a: Zamazenta|Wide Guard|p2a: Zamazenta\n|-singleturn|p2a: Zamazenta|Wide Guard\n|move|p1b: Kyogre|Ice Beam|p2b: Landorus\n|-damage|p2b: Landorus|58/100\n|move|p1a: Indeedee|Psychic|p2a: Zamazenta\n|-damage|p2a: Zamazenta|0 fnt\n|faint|p2a: Zamazenta\n|move|p2b: Landorus|Earth Power|p1b: Kyogre\n|-damage|p1b: Kyogre|70/100\n|\n|-weather|RainDance|[upkeep]\n|-end|p1a: Indeedee|move: Taunt\n|upkeep\n|\n|t:|1771184297\n|switch|p2a: Amoonguss|Amoonguss, L50, M|100/100\n|turn|5\n|inactive|Ziggy09 has 30 seconds left.\n|inactive|Ziggy09 has 20 seconds left.\n|\n|t:|1771184335\n|-terastallize|p1b: Kyogre|Grass\n|move|p2a: Amoonguss|Spore|p1a: Indeedee\n|-activate|p1a: Indeedee|item: Safety Goggles|Spore\n|move|p1b: Kyogre|Hydro Pump|p2b: Landorus\n|-damage|p2b: Landorus|0 fnt\n|faint|p2b: Landorus\n|move|p1a: Indeedee|Psychic|p2a: Amoonguss\n|-supereffective|p2a: Amoonguss\n|-damage|p2a: Amoonguss|39/100\n|\n|-weather|RainDance|[upkeep]\n|-fieldend|move: Trick Room\n|-fieldend|move: Psychic Terrain\n|upkeep\n|\n|t:|1771184346\n|switch|p2b: Calyrex|Calyrex-Shadow, L50|100/100\n|-ability|p2b: Calyrex|As One\n|-ability|p2b: Calyrex|Unnerve\n|turn|6\n|inactive|j0l0k0 has 30 seconds left.\n|inactive|Ziggy09 has 30 seconds left.\n|inactive|Ziggy09 has 20 seconds left.\n|\n|t:|1771184383\n|move|p2a: Amoonguss|Protect|p2a: Amoonguss\n|-singleturn|p2a: Amoonguss|Protect\n|move|p2b: Calyrex|Astral Barrage|p1b: Kyogre|[spread] p1b\n|-immune|p1a: Indeedee\n|-damage|p1b: Kyogre|44/100\n|move|p1b: Kyogre|Hydro Pump|p2b: Calyrex\n|-enditem|p2b: Calyrex|Focus Sash\n|-damage|p2b: Calyrex|1/100\n|move|p1a: Indeedee|Trick Room|p1a: Indeedee\n|-fieldstart|move: Trick Room|[of] p1a: Indeedee\n|\n|-weather|RainDance|[upkeep]\n|upkeep\n|turn|7\n|\n|t:|1771184403\n|move|p2a: Amoonguss|Rage Powder|p2a: Amoonguss\n|-singleturn|p2a: Amoonguss|move: Rage Powder\n|move|p1b: Kyogre|Thunder|p2b: Calyrex\n|-damage|p2b: Calyrex|0 fnt\n|faint|p2b: Calyrex\n|move|p1a: Indeedee|Psychic|p2a: Amoonguss\n|-supereffective|p2a: Amoonguss\n|-damage|p2a: Amoonguss|0 fnt\n|faint|p2a: Amoonguss\n|\n|win|j0l0k0\n|raw|j0l0k0's rating: 1385 &rarr; <strong>1401</strong><br />(+16 for winning)\n|raw|Ziggy09's rating: 1317 &rarr; <strong>1301</strong><br />(-16 for losing)\n","uploadtime":1771184419,"views":31,"formatid":"gen9vgc2026regi","rating":1301,"private":0,"password":null}