{"id":"gen9vgc2026regi-2530267899","format":"[Gen 9] VGC 2026 Reg I","players":["lalo's pollos","zeesbees"],"log":"|j|\u2606lalo's pollos\n|j|\u2606zeesbees\n|t:|1769895427\n|gametype|doubles\n|player|p1|lalo's pollos|1|1375\n|player|p2|zeesbees|102|1402\n|gen|9\n|tier|[Gen 9] VGC 2026 Reg I\n|rated|\n|rule|Species Clause: Limit one of each Pok\u00e9mon\n|rule|Item Clause: Limit 1 of each item\n|clearpoke\n|poke|p1|Miraidon, L50|\n|poke|p1|Landorus, L50, M|\n|poke|p1|Incineroar, L50, M|\n|poke|p1|Iron Bundle, L50|\n|poke|p1|Farigiraf, L50, M|\n|poke|p1|Calyrex-Ice, L50|\n|poke|p2|Terapagos, L50, M|\n|poke|p2|Calyrex-Shadow, L50|\n|poke|p2|Rillaboom, L50, F|\n|poke|p2|Incineroar, L50, F|\n|poke|p2|Heatran, L50, F|\n|poke|p2|Clefairy, L50, M|\n|teampreview|4\n|inactive|Battle timer is ON: inactive players will automatically lose when time's up. (requested by zeesbees)\n|inactive|zeesbees has 60 seconds left.\n|inactive|zeesbees has 30 seconds left.\n|inactive|zeesbees has 20 seconds left.\n|inactive|zeesbees has 15 seconds left.\n|\n|t:|1769895508\n|teamsize|p1|4\n|teamsize|p2|4\n|start\n|switch|p1a: Calyrex|Calyrex-Ice, L50|100/100\n|switch|p1b: the Manager|Farigiraf, L50, M|100/100\n|switch|p2a: Calyrex|Calyrex-Shadow, L50|100/100\n|switch|p2b: Clefairy|Clefairy, L50, M|100/100\n|-ability|p2a: Calyrex|As One\n|-ability|p2a: Calyrex|Unnerve\n|-ability|p1a: Calyrex|As One\n|-ability|p1a: Calyrex|Unnerve\n|turn|1\n|inactive|lalo's pollos has 30 seconds left.\n|inactive|zeesbees has 30 seconds left.\n|inactive|lalo's pollos has 20 seconds left.\n|inactive|zeesbees has 20 seconds left.\n|inactive|lalo's pollos has 15 seconds left.\n|inactive|zeesbees has 15 seconds left.\n|inactive|lalo's pollos has 10 seconds left.\n|inactive|zeesbees has 10 seconds left.\n|\n|t:|1769895556\n|-terastallize|p1a: Calyrex|Water\n|move|p2a: Calyrex|Protect|p2a: Calyrex\n|-singleturn|p2a: Calyrex|Protect\n|move|p2b: Clefairy|Protect|p2b: Clefairy\n|-singleturn|p2b: Clefairy|Protect\n|move|p1a: Calyrex|Glacial Lance|p2b: Clefairy|[spread] \n|-activate|p2a: Calyrex|move: Protect\n|-activate|p2b: Clefairy|move: Protect\n|move|p1b: the Manager|Trick Room|p1b: the Manager\n|-fieldstart|move: Trick Room|[of] p1b: the Manager\n|\n|upkeep\n|turn|2\n|inactive|zeesbees has 30 seconds left.\n|\n|t:|1769895589\n|-terastallize|p2a: Calyrex|Dark\n|move|p2b: Clefairy|After You|p2a: Calyrex\n|-activate|p2a: Calyrex|move: After You\n|move|p2a: Calyrex|Disable|p1a: Calyrex\n|-start|p1a: Calyrex|Disable|Glacial Lance\n|cant|p1a: Calyrex|Disable|Glacial Lance\n|move|p1b: the Manager|Foul Play|p2a: Calyrex\n|-resisted|p2a: Calyrex\n|-damage|p2a: Calyrex|94/100\n|\n|upkeep\n|turn|3\n|\n|t:|1769895612\n|move|p1b: the Manager|Helping Hand|p1a: Calyrex\n|-singleturn|p1a: Calyrex|Helping Hand|[of] p1b: the Manager\n|move|p2b: Clefairy|After You|p2a: Calyrex\n|-activate|p2a: Calyrex|move: After You\n|move|p2a: Calyrex|Encore|p1a: Calyrex\n|-start|p1a: Calyrex|Encore\n|cant|p1a: Calyrex|Disable|Glacial Lance\n|\n|upkeep\n|turn|4\n|\n|t:|1769895625\n|switch|p1a: Incineroar|Incineroar, L50, M|100/100\n|-ability|p1a: Incineroar|Intimidate|boost\n|-unboost|p2a: Calyrex|atk|1\n|-unboost|p2b: Clefairy|atk|1\n|move|p2b: Clefairy|After You|p2a: Calyrex\n|-activate|p2a: Calyrex|move: After You\n|move|p2a: Calyrex|Astral Barrage|p1b: the Manager|[spread] p1a\n|-immune|p1b: the Manager\n|-resisted|p1a: Incineroar\n|-damage|p1a: Incineroar|82/100\n|move|p1b: the Manager|Psychic|p2b: Clefairy\n|-crit|p2b: Clefairy\n|-damage|p2b: Clefairy|63/100\n|\n|upkeep\n|turn|5\n|inactive|zeesbees has 30 seconds left.\n|\n|t:|1769895655\n|move|p2b: Clefairy|Life Dew|p2b: Clefairy|[spread] p2a,p2b\n|-heal|p2a: Calyrex|100/100\n|-heal|p2b: Clefairy|88/100\n|move|p1a: Incineroar|U-turn|p2a: Calyrex\n|-supereffective|p2a: Calyrex\n|-crit|p2a: Calyrex\n|-damage|p2a: Calyrex|51/100\n|\n|t:|1769895664\n|switch|p1a: Co-Star|Miraidon, L50|100/100|[from] U-turn\n|-fieldstart|move: Electric Terrain|[from] ability: Hadron Engine|[of] p1a: Co-Star\n|move|p1b: the Manager|Psychic|p2b: Clefairy\n|-damage|p2b: Clefairy|61/100\n|move|p2a: Calyrex|Astral Barrage|p1a: Co-Star|[spread] p1a\n|-immune|p1b: the Manager\n|-damage|p1a: Co-Star|54/100\n|\n|-fieldend|move: Trick Room\n|upkeep\n|turn|6\n|\n|t:|1769895687\n|move|p2a: Calyrex|Protect|p2a: Calyrex\n|-singleturn|p2a: Calyrex|Protect\n|move|p1a: Co-Star|Dazzling Gleam|p2a: Calyrex|[spread] p2b\n|-activate|p2a: Calyrex|move: Protect\n|-damage|p2b: Clefairy|27/100\n|move|p2b: Clefairy|Life Dew|p2b: Clefairy|[spread] p2a,p2b\n|-heal|p2a: Calyrex|76/100\n|-heal|p2b: Clefairy|52/100\n|move|p1b: the Manager|Trick Room|p1b: the Manager\n|-fieldstart|move: Trick Room|[of] p1b: the Manager\n|\n|upkeep\n|turn|7\n|inactive|zeesbees has 30 seconds left.\n|\n|t:|1769895719\n|switch|p1b: Incineroar|Incineroar, L50, M|82/100\n|-ability|p1b: Incineroar|Intimidate|boost\n|-unboost|p2a: Calyrex|atk|1\n|-unboost|p2b: Clefairy|atk|1\n|switch|p1a: Calyrex|Calyrex-Ice, L50, tera:Water|100/100\n|-ability|p1a: Calyrex|As One\n|-ability|p1a: Calyrex|Unnerve\n|move|p2b: Clefairy|After You|p2a: Calyrex\n|-activate|p2a: Calyrex|move: After You\n|move|p2a: Calyrex|Disable||[still]\n|-fail|p2a: Calyrex\n|\n|upkeep\n|turn|8\n|inactive|lalo's pollos has 30 seconds left.\n|\n|t:|1769895747\n|move|p2a: Calyrex|Protect|p2a: Calyrex\n|-singleturn|p2a: Calyrex|Protect\n|move|p2b: Clefairy|Life Dew|p2b: Clefairy|[spread] p2a,p2b\n|-heal|p2a: Calyrex|100/100\n|-heal|p2b: Clefairy|77/100\n|move|p1a: Calyrex|High Horsepower|p2b: Clefairy\n|-damage|p2b: Clefairy|41/100\n|move|p1b: Incineroar|Flare Blitz|p2a: Calyrex\n|-activate|p2a: Calyrex|move: Protect\n|\n|upkeep\n|turn|9\n|\n|t:|1769895771\n|move|p2b: Clefairy|After You|p2a: Calyrex\n|-activate|p2a: Calyrex|move: After You\n|move|p2a: Calyrex|Astral Barrage|p1a: Calyrex|[spread] p1a,p1b\n|-resisted|p1b: Incineroar\n|-damage|p1a: Calyrex|69/100\n|-damage|p1b: Incineroar|66/100\n|move|p1a: Calyrex|Glacial Lance|p2a: Calyrex|[spread] p2a,p2b\n|-damage|p2a: Calyrex|50/100\n|-damage|p2b: Clefairy|0 fnt\n|faint|p2b: Clefairy\n|-ability|p1a: Calyrex|Chilling Neigh|boost\n|-boost|p1a: Calyrex|atk|1\n|move|p1b: Incineroar|U-turn|p2a: Calyrex\n|-supereffective|p2a: Calyrex\n|-damage|p2a: Calyrex|6/100\n|\n|t:|1769895781\n|switch|p1b: the Manager|Farigiraf, L50, M|100/100|[from] U-turn\n|\n|-fieldend|move: Electric Terrain\n|upkeep\n|\n|t:|1769895793\n|switch|p2b: Heatran|Heatran, L50, F|100/100\n|turn|10\n|\n|t:|1769895813\n|move|p2a: Calyrex|Protect|p2a: Calyrex\n|-singleturn|p2a: Calyrex|Protect\n|move|p2b: Heatran|Will-O-Wisp|p1a: Calyrex\n|-status|p1a: Calyrex|brn\n|move|p1a: Calyrex|Trick Room|p1a: Calyrex\n|-fieldend|move: Trick Room\n|move|p1b: the Manager|Trick Room|p1b: the Manager\n|-fieldstart|move: Trick Room|[of] p1b: the Manager\n|\n|-damage|p1a: Calyrex|63/100 brn|[from] brn\n|upkeep\n|turn|11\n|inactive|lalo's pollos has 30 seconds left.\n|inactive|zeesbees has 30 seconds left.\n|\n|t:|1769895851\n|switch|p2a: Terapagos|Terapagos, L50, M|100/100\n|-activate|p2a: Terapagos|ability: Tera Shift\n|detailschange|p2a: Terapagos|Terapagos-Terastal, L50, M\n|-heal|p2a: Terapagos|100/100|[silent]\n|move|p1a: Calyrex|High Horsepower|p2b: Heatran\n|-supereffective|p2b: Heatran\n|-damage|p2b: Heatran|15/100\n|move|p1b: the Manager|Foul Play|p2a: Terapagos\n|-activate|p2a: Terapagos|ability: Tera Shell\n|-resisted|p2a: Terapagos\n|-damage|p2a: Terapagos|95/100\n|move|p2b: Heatran|Magma Storm|p1a: Calyrex\n|-resisted|p1a: Calyrex\n|-damage|p1a: Calyrex|48/100 brn\n|-activate|p1a: Calyrex|move: Magma Storm|[of] p2b: Heatran\n|\n|-heal|p2a: Terapagos|100/100|[from] item: Leftovers\n|-damage|p1a: Calyrex|42/100 brn|[from] brn\n|-damage|p1a: Calyrex|30/100 brn|[from] move: Magma Storm|[partiallytrapped]\n|upkeep\n|turn|12\n|inactive|zeesbees has 30 seconds left.\n|\n|t:|1769895877\n|move|p1b: the Manager|Helping Hand|p1a: Calyrex\n|-singleturn|p1a: Calyrex|Helping Hand|[of] p1b: the Manager\n|move|p2b: Heatran|Protect|p2b: Heatran\n|-singleturn|p2b: Heatran|Protect\n|move|p1a: Calyrex|Glacial Lance|p2b: Heatran|[spread] p2a\n|-activate|p2b: Heatran|move: Protect\n|-activate|p2a: Terapagos|ability: Tera Shell\n|-resisted|p2a: Terapagos\n|-damage|p2a: Terapagos|81/100\n|move|p2a: Terapagos|Tera Starstorm|p1a: Calyrex\n|-damage|p1a: Calyrex|2/100 brn\n|\n|-heal|p2a: Terapagos|87/100|[from] item: Leftovers\n|-damage|p1a: Calyrex|0 fnt|[from] brn\n|faint|p1a: Calyrex\n|upkeep\n|\n|t:|1769895891\n|switch|p1a: Incineroar|Incineroar, L50, M|66/100\n|-ability|p1a: Incineroar|Intimidate|boost\n|-unboost|p2a: Terapagos|atk|1\n|-unboost|p2b: Heatran|atk|1\n|turn|13\n|\n|t:|1769895915\n|move|p1a: Incineroar|Knock Off|p2b: Heatran\n|-damage|p2b: Heatran|0 fnt\n|-enditem|p2b: Heatran|Zoom Lens|[from] move: Knock Off|[of] p1a: Incineroar\n|faint|p2b: Heatran\n|move|p1b: the Manager|Psychic|p2a: Terapagos\n|-damage|p2a: Terapagos|60/100\n|move|p2a: Terapagos|Calm Mind|p2a: Terapagos\n|-boost|p2a: Terapagos|spa|1\n|-boost|p2a: Terapagos|spd|1\n|\n|-heal|p2a: Terapagos|66/100|[from] item: Leftovers\n|upkeep\n|\n|t:|1769895927\n|switch|p2b: Calyrex|Calyrex-Shadow, L50, tera:Dark|6/100\n|-ability|p2b: Calyrex|As One\n|-ability|p2b: Calyrex|Unnerve\n|turn|14\n|\n|t:|1769895946\n|move|p2a: Terapagos|Protect|p2a: Terapagos\n|-singleturn|p2a: Terapagos|Protect\n|move|p2b: Calyrex|Protect|p2b: Calyrex\n|-singleturn|p2b: Calyrex|Protect\n|move|p1a: Incineroar|U-turn|p2b: Calyrex\n|-activate|p2b: Calyrex|move: Protect\n|move|p1b: the Manager|Trick Room|p1b: the Manager\n|-fieldend|move: Trick Room\n|\n|-heal|p2a: Terapagos|72/100|[from] item: Leftovers\n|upkeep\n|turn|15\n|\n|t:|1769895969\n|move|p2b: Calyrex|Disable|p1a: Incineroar\n|-start|p1a: Incineroar|Disable|U-turn\n|move|p2a: Terapagos|Dark Pulse|p1b: the Manager\n|-supereffective|p1b: the Manager\n|-damage|p1b: the Manager|54/100\n|move|p1b: the Manager|Psychic|p2a: Terapagos\n|-damage|p2a: Terapagos|54/100\n|cant|p1a: Incineroar|Disable|U-turn\n|\n|-heal|p2a: Terapagos|60/100|[from] item: Leftovers\n|upkeep\n|turn|16\n|inactive|zeesbees has 30 seconds left.\n|\n|t:|1769895999\n|switch|p1a: Co-Star|Miraidon, L50|54/100\n|-fieldstart|move: Electric Terrain|[from] ability: Hadron Engine|[of] p1a: Co-Star\n|move|p2b: Calyrex|Encore||[still]\n|-fail|p2b: Calyrex\n|move|p2a: Terapagos|Tera Starstorm|p1b: the Manager\n|-damage|p1b: the Manager|4/100\n|move|p1b: the Manager|Foul Play|p2b: Calyrex\n|-resisted|p2b: Calyrex\n|-damage|p2b: Calyrex|0 fnt\n|faint|p2b: Calyrex\n|\n|-heal|p2a: Terapagos|66/100|[from] item: Leftovers\n|upkeep\n|turn|17\n|inactive|zeesbees has 30 seconds left this turn.\n|inactive|zeesbees has 20 seconds left.\n|inactive|zeesbees has 15 seconds left.\n|\n|t:|1769896016\n|move|p1b: the Manager|Helping Hand|p1a: Co-Star\n|-singleturn|p1a: Co-Star|Helping Hand|[of] p1b: the Manager\n|move|p1a: Co-Star|Electro Drift|p2a: Terapagos\n|-damage|p2a: Terapagos|0 fnt\n|faint|p2a: Terapagos\n|\n|win|lalo's pollos\n|raw|lalo&apos;s pollos's rating: 1375 &rarr; <strong>1397</strong><br />(+22 for winning)\n|raw|zeesbees's rating: 1402 &rarr; <strong>1380</strong><br />(-22 for losing)\n|l|\u2606zeesbees\n|player|p2|\n","uploadtime":1769896237,"views":20,"formatid":"gen9vgc2026regi","rating":1380,"private":0,"password":null}