{"id":"gen9vgc2026regi-2561123877","format":"[Gen 9] VGC 2026 Reg I","players":["Harry Koekenpan","Pauliet456"],"log":"|j|\u2606Harry Koekenpan\n|j|\u2606Pauliet456\n|t:|1773766647\n|gametype|doubles\n|player|p1|Harry Koekenpan|266|1172\n|player|p2|Pauliet456|169|1093\n|gen|9\n|tier|[Gen 9] VGC 2026 Reg I\n|rated|\n|rule|Species Clause: Limit one of each Pok\u00e9mon\n|rule|Item Clause: Limit 1 of each item\n|clearpoke\n|poke|p1|Dondozo, L50, M|\n|poke|p1|Tatsugiri-Droopy, L50, F|\n|poke|p1|Weezing-Galar, L50, M|\n|poke|p1|Calyrex-Shadow, L50|\n|poke|p1|Regigigas, L50|\n|poke|p1|Lugia, L50|\n|poke|p2|Koraidon, L50|\n|poke|p2|Gothitelle, L50, F|\n|poke|p2|Amoonguss, L50, F|\n|poke|p2|Incineroar, L50, M|\n|poke|p2|Scream Tail, L50|\n|poke|p2|Calyrex-Shadow, L50|\n|teampreview|4\n|inactive|Battle timer is ON: inactive players will automatically lose when time's up. (requested by Harry Koekenpan)\n|\n|t:|1773766658\n|teamsize|p1|4\n|teamsize|p2|4\n|start\n|switch|p1a: Weezing|Weezing-Galar, L50, M|100/100\n|switch|p1b: Regigigas|Regigigas, L50|100/100\n|switch|p2a: Calyrex|Calyrex-Shadow, L50|100/100\n|switch|p2b: Koraidon|Koraidon, L50|100/100\n|-ability|p1a: Weezing|Neutralizing Gas\n|-ability|p2a: Calyrex|As One\n|-ability|p2a: Calyrex|Unnerve\n|turn|1\n|inactive|Harry Koekenpan has 30 seconds left.\n|\n|t:|1773766688\n|-terastallize|p2b: Koraidon|Fire\n|move|p2a: Calyrex|Protect|p2a: Calyrex\n|-singleturn|p2a: Calyrex|Protect\n|move|p1b: Regigigas|Protect|p1b: Regigigas\n|-singleturn|p1b: Regigigas|Protect\n|move|p2b: Koraidon|Flame Charge|p1a: Weezing\n|-damage|p1a: Weezing|63/100\n|-boost|p2b: Koraidon|spe|1\n|-damage|p2b: Koraidon|91/100|[from] item: Life Orb\n|move|p1a: Weezing|Poison Gas|p2b: Koraidon|[spread] p2b\n|-activate|p2a: Calyrex|move: Protect\n|-status|p2b: Koraidon|psn\n|\n|-damage|p2b: Koraidon|78/100 psn|[from] psn\n|upkeep\n|turn|2\n|\n|t:|1773766710\n|move|p2b: Koraidon|Flare Blitz|p1a: Weezing\n|-damage|p1a: Weezing|0 fnt\n|faint|p1a: Weezing\n|-end|p1a: Weezing|ability: Neutralizing Gas\n|-weather|SunnyDay|[from] ability: Orichalcum Pulse|[of] p2b: Koraidon\n|-activate|p2b: Koraidon|Orichalcum Pulse|[source]\n|-start|p1b: Regigigas|ability: Slow Start\n|-damage|p2b: Koraidon|58/100 psn|[from] Recoil\n|-damage|p2b: Koraidon|48/100 psn|[from] item: Life Orb\n|move|p2a: Calyrex|Encore|p1b: Regigigas\n|-start|p1b: Regigigas|Encore\n|move|p1b: Regigigas|Protect||[still]\n|-fail|p1b: Regigigas\n|\n|-weather|SunnyDay|[upkeep]\n|-damage|p2b: Koraidon|36/100 psn|[from] psn\n|upkeep\n|\n|t:|1773766732\n|switch|p1a: Lugia|Lugia, L50|100/100\n|turn|3\n|\n|t:|1773766747\n|move|p1b: Regigigas|Protect|p1b: Regigigas\n|-singleturn|p1b: Regigigas|Protect\n|move|p2b: Koraidon|Flame Charge|p1a: Lugia\n|-damage|p1a: Lugia|73/100\n|-boost|p2b: Koraidon|spe|1\n|-damage|p2b: Koraidon|26/100 psn|[from] item: Life Orb\n|move|p2a: Calyrex|Astral Barrage|p1b: Regigigas|[spread] p1a\n|-activate|p1b: Regigigas|move: Protect\n|-supereffective|p1a: Lugia\n|-damage|p1a: Lugia|2/100\n|move|p1a: Lugia|Tailwind|p1a: Lugia\n|-sidestart|p1: Harry Koekenpan|move: Tailwind\n|\n|-weather|SunnyDay|[upkeep]\n|-damage|p2b: Koraidon|14/100 psn|[from] psn\n|upkeep\n|turn|4\n|inactive|Harry Koekenpan has 30 seconds left.\n|inactive|Pauliet456 has 30 seconds left.\n|\n|t:|1773766778\n|switch|p2a: Incineroar|Incineroar, L50, M|100/100\n|-enditem|p1a: Lugia|Sitrus Berry|[eat]\n|-heal|p1a: Lugia|27/100|[from] item: Sitrus Berry\n|-ability|p2a: Incineroar|Intimidate|boost\n|-unboost|p1a: Lugia|atk|1\n|-unboost|p1b: Regigigas|atk|1\n|move|p1a: Lugia|Protect|p1a: Lugia\n|-singleturn|p1a: Lugia|Protect\n|move|p1b: Regigigas|Protect|p1b: Regigigas\n|-singleturn|p1b: Regigigas|Protect\n|move|p2b: Koraidon|Close Combat|p1b: Regigigas\n|-activate|p1b: Regigigas|move: Protect\n|\n|-weather|SunnyDay|[upkeep]\n|-damage|p2b: Koraidon|1/100 psn|[from] psn\n|-end|p1b: Regigigas|Encore\n|upkeep\n|turn|5\n|inactive|Harry Koekenpan has 30 seconds left.\n|\n|t:|1773766804\n|move|p2a: Incineroar|Fake Out|p1a: Lugia\n|-damage|p1a: Lugia|19/100\n|move|p2b: Koraidon|Close Combat|p1b: Regigigas\n|-supereffective|p1b: Regigigas\n|-damage|p1b: Regigigas|0 fnt\n|-unboost|p2b: Koraidon|def|1\n|-unboost|p2b: Koraidon|spd|1\n|faint|p1b: Regigigas\n|-end|p1b: Regigigas|Slow Start|[silent]\n|-damage|p2b: Koraidon|0 fnt|[from] item: Life Orb\n|faint|p2b: Koraidon\n|cant|p1a: Lugia|flinch\n|\n|-weather|SunnyDay|[upkeep]\n|upkeep\n|\n|t:|1773766814\n|switch|p2b: Scream Tail|Scream Tail, L50|100/100\n|switch|p1b: Calyrex|Calyrex-Shadow, L50|100/100\n|-ability|p1b: Calyrex|As One\n|-ability|p1b: Calyrex|Unnerve\n|-activate|p2b: Scream Tail|ability: Protosynthesis\n|-start|p2b: Scream Tail|protosynthesisspe\n|turn|6\n|\n|t:|1773766827\n|move|p1b: Calyrex|Astral Barrage|p2b: Scream Tail|[spread] p2a,p2b\n|-resisted|p2a: Incineroar\n|-supereffective|p2b: Scream Tail\n|-damage|p2a: Incineroar|62/100\n|-damage|p2b: Scream Tail|0 fnt\n|faint|p2b: Scream Tail\n|-end|p2b: Scream Tail|Protosynthesis|[silent]\n|-ability|p1b: Calyrex|Grim Neigh|boost\n|-boost|p1b: Calyrex|spa|1\n|move|p1a: Lugia|Aeroblast|p2a: Incineroar\n|-damage|p2a: Incineroar|34/100\n|move|p2a: Incineroar|Flare Blitz|p1a: Lugia\n|-damage|p1a: Lugia|0 fnt\n|faint|p1a: Lugia\n|-damage|p2a: Incineroar|28/100|[from] Recoil\n|\n|-weather|none\n|-sideend|p1: Harry Koekenpan|move: Tailwind\n|upkeep\n|\n|t:|1773766832\n|switch|p2b: Calyrex|Calyrex-Shadow, L50|100/100\n|-ability|p2b: Calyrex|As One\n|-ability|p2b: Calyrex|Unnerve\n|turn|7\n|\n|t:|1773766842\n|-terastallize|p1b: Calyrex|Dark\n|move|p2b: Calyrex|Astral Barrage|p1b: Calyrex\n|-resisted|p1b: Calyrex\n|-damage|p1b: Calyrex|65/100\n|move|p1b: Calyrex|Astral Barrage|p2b: Calyrex|[spread] p2a,p2b\n|-resisted|p2a: Incineroar\n|-supereffective|p2b: Calyrex\n|-crit|p2b: Calyrex\n|-damage|p2a: Incineroar|0 fnt\n|-enditem|p2b: Calyrex|Focus Sash\n|-damage|p2b: Calyrex|1/100\n|faint|p2a: Incineroar\n|-ability|p1b: Calyrex|Grim Neigh|boost\n|-boost|p1b: Calyrex|spa|1\n|\n|upkeep\n|turn|8\n|\n|t:|1773766859\n|move|p2b: Calyrex|Pollen Puff|p1b: Calyrex\n|-supereffective|p1b: Calyrex\n|-crit|p1b: Calyrex\n|-damage|p1b: Calyrex|0 fnt\n|faint|p1b: Calyrex\n|\n|win|Pauliet456\n|raw|Harry Koekenpan's rating: 1172 &rarr; <strong>1141</strong><br />(-31 for losing)\n|raw|Pauliet456's rating: 1093 &rarr; <strong>1125</strong><br />(+32 for winning)\n|c|\u2606Pauliet456|GG\n","uploadtime":1773766873,"views":12,"formatid":"gen9vgc2026regi","rating":1125,"private":0,"password":null}