{"id":"gen9vgc2026regi-2515880926","format":"[Gen 9] VGC 2026 Reg I","players":["blackred123\u6c38\u96cf\u5854\u83f2\u4fa0","Tepig_nNz_498"],"log":"|j|\u2606blackred123\u6c38\u96cf\u5854\u83f2\u4fa0\n|j|\u2606Tepig_nNz_498\n|t:|1768055547\n|gametype|doubles\n|player|p1|blackred123\u6c38\u96cf\u5854\u83f2\u4fa0|iono-masters|1334\n|player|p2|Tepig_nNz_498|2|1306\n|gen|9\n|tier|[Gen 9] VGC 2026 Reg I\n|rated|\n|rule|Species Clause: Limit one of each Pok\u00e9mon\n|rule|Item Clause: Limit 1 of each item\n|clearpoke\n|poke|p1|Calyrex-Shadow, L50|\n|poke|p1|Koraidon, L50|\n|poke|p1|Brute Bonnet, L50|\n|poke|p1|Landorus, L50, M|\n|poke|p1|Raging Bolt, L50|\n|poke|p1|Incineroar, L50, F|\n|poke|p2|Whimsicott, L50, F|\n|poke|p2|Reshiram, L50|\n|poke|p2|Incineroar, L50, M|\n|poke|p2|Lilligant-Hisui, L50, F|\n|poke|p2|Brute Bonnet, L50|\n|poke|p2|Koraidon, L50|\n|teampreview|4\n|inactive|Battle timer is ON: inactive players will automatically lose when time's up. (requested by blackred123\u6c38\u96cf\u5854\u83f2\u4fa0)\n|j| here's where king!\n|inactive|Tepig_nNz_498 has 60 seconds left.\n|\n|t:|1768055592\n|teamsize|p1|4\n|teamsize|p2|4\n|start\n|switch|p1a: Brute Bonnet|Brute Bonnet, L50, shiny|100/100\n|switch|p1b: Landorus|Landorus, L50, M|100/100\n|switch|p2a: Whimsicott|Whimsicott, L50, F|100/100\n|switch|p2b: Koraidon|Koraidon, L50|100/100\n|-weather|SunnyDay|[from] ability: Orichalcum Pulse|[of] p2b: Koraidon\n|-activate|p1a: Brute Bonnet|ability: Protosynthesis\n|-start|p1a: Brute Bonnet|protosynthesisdef\n|-activate|p2b: Koraidon|Orichalcum Pulse|[source]\n|turn|1\n|\n|t:|1768055608\n|-terastallize|p2a: Whimsicott|Dark\n|-terastallize|p1a: Brute Bonnet|Fire\n|move|p1a: Brute Bonnet|Rage Powder|p1a: Brute Bonnet\n|-singleturn|p1a: Brute Bonnet|move: Rage Powder\n|move|p2a: Whimsicott|Taunt|p1a: Brute Bonnet\n|-start|p1a: Brute Bonnet|move: Taunt\n|move|p2b: Koraidon|Close Combat|p1a: Brute Bonnet\n|-damage|p1a: Brute Bonnet|59/100\n|-unboost|p2b: Koraidon|def|1\n|-unboost|p2b: Koraidon|spd|1\n|-enditem|p2b: Koraidon|Eject Pack\n|\n|t:|1768055619\n|switch|p2b: Lilligant|Lilligant-Hisui, L50, F|100/100\n|move|p1b: Landorus|Sludge Bomb|p2a: Whimsicott\n|-damage|p2a: Whimsicott|30/100\n|\n|-weather|SunnyDay|[upkeep]\n|upkeep\n|turn|2\n|inactive|blackred123\u6c38\u96cf\u5854\u83f2\u4fa0 has 30 seconds left.\n|l|\u2606blackred123\u6c38\u96cf\u5854\u83f2\u4fa0\n|inactive|blackred123\u6c38\u96cf\u5854\u83f2\u4fa0 disconnected and has a minute to reconnect!\n|player|p1|\n|inactive|blackred123\u6c38\u96cf\u5854\u83f2\u4fa0 has 20 seconds left.\n|inactive|blackred123\u6c38\u96cf\u5854\u83f2\u4fa0 has 15 seconds left.\n|j|\u2606blackred123\u6c38\u96cf\u5854\u83f2\u4fa0\n|inactive|blackred123\u6c38\u96cf\u5854\u83f2\u4fa0 reconnected and has 15 seconds left.\n|player|p1|blackred123\u6c38\u96cf\u5854\u83f2\u4fa0|iono-masters|\n|inactive|blackred123\u6c38\u96cf\u5854\u83f2\u4fa0 has 10 seconds left.\n|inactive|Tepig_nNz_498 has 30 seconds left.\n|inactive|blackred123\u6c38\u96cf\u5854\u83f2\u4fa0 has 5 seconds left.\n|\n|t:|1768055674\n|move|p1a: Brute Bonnet|Sucker Punch|p2b: Lilligant\n|-resisted|p2b: Lilligant\n|-damage|p2b: Lilligant|76/100\n|move|p2b: Lilligant|Solar Blade||[still]\n|-prepare|p2b: Lilligant|Solar Blade\n|-anim|p2b: Lilligant|Solar Blade|p1b: Landorus\n|-damage|p1b: Landorus|48/100\n|move|p2a: Whimsicott|Moonblast|p1b: Landorus\n|-damage|p1b: Landorus|19/100\n|-unboost|p1b: Landorus|spa|1\n|move|p1b: Landorus|Earth Power|p2a: Whimsicott\n|-damage|p2a: Whimsicott|0 fnt\n|faint|p2a: Whimsicott\n|\n|-weather|SunnyDay|[upkeep]\n|upkeep\n|\n|t:|1768055690\n|switch|p2a: Reshiram|Reshiram, L50|100/100\n|-ability|p2a: Reshiram|Turboblaze\n|turn|3\n|\n|t:|1768055710\n|move|p1b: Landorus|Protect|p1b: Landorus\n|-singleturn|p1b: Landorus|Protect\n|move|p1a: Brute Bonnet|Sucker Punch|p2b: Lilligant\n|-resisted|p2b: Lilligant\n|-damage|p2b: Lilligant|53/100\n|move|p2b: Lilligant|Solar Blade||[still]\n|-prepare|p2b: Lilligant|Solar Blade\n|-anim|p2b: Lilligant|Solar Blade|p1b: Landorus\n|-activate|p1b: Landorus|move: Protect\n|move|p2a: Reshiram|Earth Power|p1a: Brute Bonnet\n|-supereffective|p1a: Brute Bonnet\n|-damage|p1a: Brute Bonnet|0 fnt\n|faint|p1a: Brute Bonnet\n|-end|p1a: Brute Bonnet|Protosynthesis|[silent]\n|-damage|p2a: Reshiram|91/100|[from] item: Life Orb\n|\n|-weather|SunnyDay|[upkeep]\n|upkeep\n|\n|t:|1768055723\n|switch|p1a: Calyrex|Calyrex-Shadow, L50|100/100\n|-ability|p1a: Calyrex|As One\n|-ability|p1a: Calyrex|Unnerve\n|turn|4\n|\n|t:|1768055729\n|move|p2b: Lilligant|After You|p2a: Reshiram\n|-activate|p2a: Reshiram|move: After You\n|move|p2a: Reshiram|Heat Wave|p1a: Calyrex|[spread] p1a,p1b\n|-damage|p1a: Calyrex|14/100\n|-damage|p1b: Landorus|0 fnt\n|faint|p1b: Landorus\n|-damage|p2a: Reshiram|81/100|[from] item: Life Orb\n|move|p1a: Calyrex|Astral Barrage|p2a: Reshiram|[spread] p2a,p2b\n|-damage|p2a: Reshiram|43/100\n|-damage|p2b: Lilligant|0 fnt\n|faint|p2b: Lilligant\n|-ability|p1a: Calyrex|Grim Neigh|boost\n|-boost|p1a: Calyrex|spa|1\n|\n|-weather|SunnyDay|[upkeep]\n|upkeep\n|\n|t:|1768055734\n|switch|p2b: Koraidon|Koraidon, L50|100/100\n|switch|p1b: Koraidon|Koraidon, L50|100/100\n|-activate|p2b: Koraidon|ability: Orichalcum Pulse\n|-activate|p1b: Koraidon|ability: Orichalcum Pulse\n|turn|5\n|\n|t:|1768055746\n|move|p1a: Calyrex|Astral Barrage|p2b: Koraidon|[spread] p2a,p2b\n|-damage|p2a: Reshiram|0 fnt\n|-damage|p2b: Koraidon|22/100\n|faint|p2a: Reshiram\n|-ability|p1a: Calyrex|Grim Neigh|boost\n|-boost|p1a: Calyrex|spa|1\n|move|p2b: Koraidon|Dragon Claw|p1a: Calyrex\n|-damage|p1a: Calyrex|0 fnt\n|faint|p1a: Calyrex\n|move|p1b: Koraidon|Collision Course|p2b: Koraidon\n|-damage|p2b: Koraidon|0 fnt\n|faint|p2b: Koraidon\n|\n|win|blackred123\u6c38\u96cf\u5854\u83f2\u4fa0\n|raw|blackred123\u6c38\u96cf\u5854\u83f2\u4fa0's rating: 1334 &rarr; <strong>1352</strong><br />(+18 for winning)\n|raw|Tepig_nNz_498's rating: 1306 &rarr; <strong>1288</strong><br />(-18 for losing)\n|l|\u2606Tepig_nNz_498\n|player|p2|\n|j| QAQeee\u5609\u7136\u4fa0\n|l| QAQeee\u5609\u7136\u4fa0\n","uploadtime":1768055902,"views":11,"formatid":"gen9vgc2026regi","rating":1288,"private":0,"password":null}