{"id":"gen9vgc2026regi-2551134603","format":"[Gen 9] VGC 2026 Reg I","players":["Schimmli","Lowpass"],"log":"|j|\u2606Schimmli\n|j|\u2606Lowpass\n|t:|1772567674\n|gametype|doubles\n|player|p1|Schimmli|170|1446\n|player|p2|Lowpass|lance|1414\n|gen|9\n|tier|[Gen 9] VGC 2026 Reg I\n|rated|\n|rule|Species Clause: Limit one of each Pok\u00e9mon\n|rule|Item Clause: Limit 1 of each item\n|clearpoke\n|poke|p1|Terapagos, L50, M|\n|poke|p1|Calyrex-Shadow, L50|\n|poke|p1|Flutter Mane, L50|\n|poke|p1|Ogerpon-Cornerstone, L50, F|\n|poke|p1|Incineroar, L50, M|\n|poke|p1|Rillaboom, L50, M|\n|poke|p2|Kyogre, L50|\n|poke|p2|Toxicroak, L50, F|\n|poke|p2|Iron Jugulis, L50|\n|poke|p2|Iron Hands, L50|\n|poke|p2|Volcarona, L50, M|\n|poke|p2|Dialga-Origin, L50|\n|teampreview|4\n|inactive|Battle timer is ON: inactive players will automatically lose when time's up. (requested by Lowpass)\n|inactive|Lowpass has 60 seconds left.\n|\n|t:|1772567732\n|teamsize|p1|4\n|teamsize|p2|4\n|start\n|switch|p1a: Terapagos|Terapagos, L50, M|100/100\n|switch|p1b: Rillaboom|Rillaboom, L50, M|100/100\n|switch|p2a: Iron Jugulis|Iron Jugulis, L50|100/100\n|switch|p2b: Dialga|Dialga-Origin, L50|100/100\n|-activate|p1a: Terapagos|ability: Tera Shift\n|detailschange|p1a: Terapagos|Terapagos-Terastal, L50, M\n|-heal|p1a: Terapagos|100/100|[silent]\n|-fieldstart|move: Grassy Terrain|[from] ability: Grassy Surge|[of] p1b: Rillaboom\n|-enditem|p2a: Iron Jugulis|Booster Energy\n|-activate|p2a: Iron Jugulis|ability: Quark Drive|[fromitem]\n|-start|p2a: Iron Jugulis|quarkdrivespe\n|turn|1\n|\n|t:|1772567748\n|move|p1b: Rillaboom|Fake Out|p2a: Iron Jugulis\n|-damage|p2a: Iron Jugulis|87/100\n|cant|p2a: Iron Jugulis|flinch\n|move|p1a: Terapagos|Calm Mind|p1a: Terapagos\n|-boost|p1a: Terapagos|spa|1\n|-boost|p1a: Terapagos|spd|1\n|move|p2b: Dialga|Flash Cannon|p1b: Rillaboom\n|-damage|p1b: Rillaboom|66/100\n|\n|-heal|p1b: Rillaboom|72/100|[from] Grassy Terrain\n|upkeep\n|turn|2\n|\n|t:|1772567761\n|move|p1a: Terapagos|Protect|p1a: Terapagos\n|-singleturn|p1a: Terapagos|Protect\n|move|p2a: Iron Jugulis|Snarl|p1a: Terapagos|[spread] p1b\n|-activate|p1a: Terapagos|move: Protect\n|-damage|p1b: Rillaboom|61/100\n|-unboost|p1b: Rillaboom|spa|1\n|move|p2b: Dialga|Flash Cannon|p1b: Rillaboom\n|-damage|p1b: Rillaboom|25/100\n|move|p1b: Rillaboom|U-turn|p2a: Iron Jugulis\n|-damage|p2a: Iron Jugulis|62/100\n|\n|t:|1772567773\n|switch|p1b: Incineroar|Incineroar, L50, M, shiny|100/100|[from] U-turn\n|-ability|p1b: Incineroar|Intimidate|boost\n|-unboost|p2a: Iron Jugulis|atk|1\n|-unboost|p2b: Dialga|atk|1\n|\n|upkeep\n|turn|3\n|\n|t:|1772567789\n|-terastallize|p2a: Iron Jugulis|Ghost\n|move|p1b: Incineroar|Fake Out|p2a: Iron Jugulis\n|-immune|p2a: Iron Jugulis\n|move|p2a: Iron Jugulis|Snarl|p1a: Terapagos|[spread] p1a\n|-miss|p2a: Iron Jugulis|p1b: Incineroar\n|-activate|p1a: Terapagos|ability: Tera Shell\n|-resisted|p1a: Terapagos\n|-damage|p1a: Terapagos|96/100\n|-unboost|p1a: Terapagos|spa|1\n|move|p1a: Terapagos|Tera Starstorm|p2a: Iron Jugulis\n|-immune|p2a: Iron Jugulis\n|move|p2b: Dialga|Trick Room|p2b: Dialga\n|-fieldstart|move: Trick Room|[of] p2b: Dialga\n|\n|-heal|p1a: Terapagos|100/100|[from] Grassy Terrain\n|-heal|p2a: Iron Jugulis|68/100|[from] Grassy Terrain\n|upkeep\n|turn|4\n|inactive|Schimmli has 30 seconds left.\n|\n|t:|1772567820\n|move|p1b: Incineroar|Knock Off|p2a: Iron Jugulis\n|-supereffective|p2a: Iron Jugulis\n|-crit|p2a: Iron Jugulis\n|-damage|p2a: Iron Jugulis|0 fnt\n|faint|p2a: Iron Jugulis\n|-end|p2a: Iron Jugulis|Quark Drive|[silent]\n|move|p2b: Dialga|Flash Cannon|p1a: Terapagos\n|-activate|p1a: Terapagos|ability: Tera Shell\n|-resisted|p1a: Terapagos\n|-damage|p1a: Terapagos|83/100\n|move|p1a: Terapagos|Calm Mind|p1a: Terapagos\n|-boost|p1a: Terapagos|spa|1\n|-boost|p1a: Terapagos|spd|1\n|\n|-heal|p1a: Terapagos|90/100|[from] Grassy Terrain\n|-heal|p1a: Terapagos|96/100|[from] item: Leftovers\n|upkeep\n|\n|t:|1772567824\n|switch|p2a: Iron Hands|Iron Hands, L50|100/100\n|turn|5\n|inactive|Schimmli has 30 seconds left.\n|\n|t:|1772567853\n|move|p1a: Terapagos|Protect|p1a: Terapagos\n|-singleturn|p1a: Terapagos|Protect\n|move|p2a: Iron Hands|Swords Dance|p2a: Iron Hands\n|-boost|p2a: Iron Hands|atk|2\n|move|p1b: Incineroar|Will-O-Wisp|p2a: Iron Hands|[miss]\n|-miss|p1b: Incineroar|p2a: Iron Hands\n|move|p2b: Dialga|Flash Cannon|p1a: Terapagos\n|-activate|p1a: Terapagos|move: Protect\n|\n|-heal|p1a: Terapagos|100/100|[from] Grassy Terrain\n|-fieldend|move: Grassy Terrain\n|upkeep\n|turn|6\n|\n|t:|1772567872\n|move|p2a: Iron Hands|Drain Punch|p1b: Incineroar\n|-supereffective|p1b: Incineroar\n|-damage|p1b: Incineroar|0 fnt\n|-damage|p2a: Iron Hands|84/100|[from] item: Rocky Helmet|[of] p1b: Incineroar\n|faint|p1b: Incineroar\n|move|p2b: Dialga|Draco Meteor|p1a: Terapagos\n|-activate|p1a: Terapagos|ability: Tera Shell\n|-resisted|p1a: Terapagos\n|-damage|p1a: Terapagos|78/100\n|-unboost|p2b: Dialga|spa|2\n|move|p1a: Terapagos|Calm Mind|p1a: Terapagos\n|-boost|p1a: Terapagos|spa|1\n|-boost|p1a: Terapagos|spd|1\n|\n|-heal|p1a: Terapagos|84/100|[from] item: Leftovers\n|upkeep\n|\n|t:|1772567892\n|switch|p1b: Calyrex|Calyrex-Shadow, L50|100/100\n|-ability|p1b: Calyrex|As One\n|-ability|p1b: Calyrex|Unnerve\n|turn|7\n|\n|t:|1772567903\n|move|p1a: Terapagos|Protect|p1a: Terapagos\n|-singleturn|p1a: Terapagos|Protect\n|move|p1b: Calyrex|Protect|p1b: Calyrex\n|-singleturn|p1b: Calyrex|Protect\n|move|p2a: Iron Hands|Wild Charge|p1b: Calyrex\n|-activate|p1b: Calyrex|move: Protect\n|move|p2b: Dialga|Flash Cannon|p1b: Calyrex\n|-activate|p1b: Calyrex|move: Protect\n|\n|-heal|p1a: Terapagos|90/100|[from] item: Leftovers\n|-fieldend|move: Trick Room\n|upkeep\n|turn|8\n|\n|t:|1772567917\n|-terastallize|p1a: Terapagos|Stellar\n|detailschange|p1a: Terapagos|Terapagos-Stellar, L50, M, tera:Stellar\n|-heal|p1a: Terapagos|93/100|[silent]\n|move|p1b: Calyrex|Astral Barrage|p2b: Dialga|[spread] p2a,p2b\n|-damage|p2a: Iron Hands|37/100\n|-damage|p2b: Dialga|60/100\n|move|p1a: Terapagos|Tera Starstorm|p2a: Iron Hands|[spread] p2a,p2b\n|-damage|p2a: Iron Hands|0 fnt\n|-damage|p2b: Dialga|11/100\n|faint|p2a: Iron Hands\n|-end|p2a: Iron Hands|Quark Drive|[silent]\n|move|p2b: Dialga|Trick Room|p2b: Dialga\n|-fieldstart|move: Trick Room|[of] p2b: Dialga\n|\n|-heal|p1a: Terapagos|99/100|[from] item: Leftovers\n|upkeep\n|\n|t:|1772567921\n|switch|p2a: Kyogre|Kyogre, L50|100/100\n|-weather|RainDance|[from] ability: Drizzle|[of] p2a: Kyogre\n|turn|9\n|\n|t:|1772567936\n|move|p1a: Terapagos|Protect|p1a: Terapagos\n|-singleturn|p1a: Terapagos|Protect\n|move|p2b: Dialga|Flash Cannon|p1a: Terapagos\n|-activate|p1a: Terapagos|move: Protect\n|move|p2a: Kyogre|Water Spout|p1a: Terapagos|[spread] p1b\n|-activate|p1a: Terapagos|move: Protect\n|-enditem|p1b: Calyrex|Focus Sash\n|-damage|p1b: Calyrex|1/100\n|move|p1b: Calyrex|Astral Barrage|p2a: Kyogre|[spread] p2a,p2b\n|-damage|p2a: Kyogre|67/100\n|-damage|p2b: Dialga|0 fnt\n|faint|p2b: Dialga\n|-ability|p1b: Calyrex|Grim Neigh|boost\n|-boost|p1b: Calyrex|spa|1\n|\n|-weather|RainDance|[upkeep]\n|-heal|p1a: Terapagos|100/100|[from] item: Leftovers\n|upkeep\n|turn|10\n|-message|Lowpass forfeited.\n|\n|win|Schimmli\n|raw|Schimmli's rating: 1446 &rarr; <strong>1464</strong><br />(+18 for winning)\n|raw|Lowpass's rating: 1414 &rarr; <strong>1396</strong><br />(-18 for losing)\n|l|\u2606Lowpass\n|player|p2|\n|l|\u2606Schimmli\n|player|p1|\n","uploadtime":1772568167,"views":15,"formatid":"gen9vgc2026regi","rating":1396,"private":0,"password":null}