{"id":"gen9vgc2026regi-2533734988","format":"[Gen 9] VGC 2026 Reg I","players":["kas27","kojimuranishi"],"log":"|j|\u2606kas27\n|j|\u2606kojimuranishi\n|t:|1770334445\n|gametype|doubles\n|player|p1|kas27|winona|1250\n|player|p2|kojimuranishi|170|1427\n|gen|9\n|tier|[Gen 9] VGC 2026 Reg I\n|rated|\n|rule|Species Clause: Limit one of each Pok\u00e9mon\n|rule|Item Clause: Limit 1 of each item\n|clearpoke\n|poke|p1|Calyrex-Ice, L50|\n|poke|p1|Koraidon, L50|\n|poke|p1|Mienshao, L50, F|\n|poke|p1|Ting-Lu, L50|\n|poke|p1|Ogerpon-Hearthflame, L50, F|\n|poke|p1|Grimmsnarl, L50, M|\n|poke|p2|Whimsicott, L50, M|\n|poke|p2|Calyrex-Ice, L50|\n|poke|p2|Miraidon, L50|\n|poke|p2|Chi-Yu, L50|\n|poke|p2|Landorus, L50, M|\n|poke|p2|Ogerpon-Cornerstone, L50, F|\n|teampreview|4\n|inactive|Battle timer is ON: inactive players will automatically lose when time's up. (requested by kojimuranishi)\n|inactive|kas27 has 60 seconds left.\n|inactive|kojimuranishi has 60 seconds left.\n|inactive|kas27 has 30 seconds left.\n|\n|t:|1770334514\n|teamsize|p1|4\n|teamsize|p2|4\n|start\n|switch|p1a: Koraidon|Koraidon, L50|100/100\n|switch|p1b: Grimmsnarl|Grimmsnarl, L50, M|100/100\n|switch|p2a: Miraidon|Miraidon, L50|100/100\n|switch|p2b: Ogerpon|Ogerpon-Cornerstone, L50, F|100/100\n|-fieldstart|move: Electric Terrain|[from] ability: Hadron Engine|[of] p2a: Miraidon\n|-weather|SunnyDay|[from] ability: Orichalcum Pulse|[of] p1a: Koraidon\n|-activate|p1a: Koraidon|Orichalcum Pulse|[source]\n|turn|1\n|inactive|kas27 has 30 seconds left.\n|inactive|kojimuranishi has 30 seconds left.\n|inactive|kas27 has 20 seconds left.\n|inactive|kas27 has 15 seconds left.\n|\n|t:|1770334557\n|move|p1b: Grimmsnarl|Misty Terrain|p1b: Grimmsnarl\n|-fieldstart|move: Misty Terrain\n|move|p2a: Miraidon|Electro Drift|p1b: Grimmsnarl\n|-damage|p1b: Grimmsnarl|55/100\n|move|p2b: Ogerpon|Ivy Cudgel|p1b: Grimmsnarl|[anim] Ivy Cudgel Rock\n|-damage|p1b: Grimmsnarl|0 fnt\n|faint|p1b: Grimmsnarl\n|move|p1a: Koraidon|Flame Charge|p2a: Miraidon\n|-resisted|p2a: Miraidon\n|-damage|p2a: Miraidon|83/100\n|-boost|p1a: Koraidon|spe|1\n|\n|-weather|SunnyDay|[upkeep]\n|upkeep\n|\n|t:|1770334581\n|switch|p1b: Mienshao|Mienshao, L50, F, shiny|100/100\n|turn|2\n|inactive|kas27 has 30 seconds left.\n|\n|t:|1770334612\n|move|p2b: Ogerpon|Spiky Shield|p2b: Ogerpon\n|-singleturn|p2b: Ogerpon|move: Protect\n|move|p2a: Miraidon|Electro Drift|p1b: Mienshao\n|-crit|p1b: Mienshao\n|-enditem|p1b: Mienshao|Focus Sash\n|-damage|p1b: Mienshao|1/100\n|move|p1a: Koraidon|Collision Course|p2b: Ogerpon\n|-activate|p2b: Ogerpon|move: Protect\n|-damage|p1a: Koraidon|88/100|[from] Spiky Shield|[of] p2b: Ogerpon\n|move|p1b: Mienshao|Taunt|p2b: Ogerpon\n|-activate|p2b: Ogerpon|move: Protect\n|\n|-weather|SunnyDay|[upkeep]\n|upkeep\n|turn|3\n|inactive|kas27 has 30 seconds left.\n|inactive|kojimuranishi has 30 seconds left.\n|inactive|kojimuranishi has 20 seconds left.\n|\n|t:|1770334650\n|switch|p2a: Whimsicott|Whimsicott, L50, M|100/100\n|move|p1a: Koraidon|Collision Course|p2a: Whimsicott\n|-resisted|p2a: Whimsicott\n|-damage|p2a: Whimsicott|48/100\n|move|p2b: Ogerpon|Ivy Cudgel|p1b: Mienshao|[anim] Ivy Cudgel Rock\n|-resisted|p1b: Mienshao\n|-damage|p1b: Mienshao|0 fnt\n|faint|p1b: Mienshao\n|\n|-weather|SunnyDay|[upkeep]\n|upkeep\n|\n|t:|1770334659\n|switch|p1b: Calyrex|Calyrex-Ice, L50|100/100\n|-ability|p1b: Calyrex|As One\n|-ability|p1b: Calyrex|Unnerve\n|turn|4\n|inactive|kas27 has 30 seconds left.\n|inactive|kas27 has 20 seconds left.\n|\n|t:|1770334696\n|-terastallize|p1b: Calyrex|Water\n|move|p1a: Koraidon|Collision Course|p2b: Ogerpon\n|-supereffective|p2b: Ogerpon\n|-ability|p2b: Ogerpon|Sturdy\n|-damage|p2b: Ogerpon|1/100\n|move|p2b: Ogerpon|Ivy Cudgel|p1a: Koraidon|[anim] Ivy Cudgel Rock\n|-resisted|p1a: Koraidon\n|-crit|p1a: Koraidon\n|-damage|p1a: Koraidon|52/100\n|move|p2a: Whimsicott|Moonblast|p1a: Koraidon\n|-supereffective|p1a: Koraidon\n|-damage|p1a: Koraidon|0 fnt\n|faint|p1a: Koraidon\n|move|p1b: Calyrex|Trick Room|p1b: Calyrex\n|-fieldstart|move: Trick Room|[of] p1b: Calyrex\n|\n|-weather|SunnyDay|[upkeep]\n|upkeep\n|turn|5\n|\n|t:|1770334721\n|move|p2a: Whimsicott|Encore|p1b: Calyrex\n|-start|p1b: Calyrex|Encore\n|move|p1b: Calyrex|Trick Room|p1b: Calyrex\n|-fieldend|move: Trick Room\n|move|p2b: Ogerpon|Power Whip|p1b: Calyrex|[miss]\n|-miss|p2b: Ogerpon|p1b: Calyrex\n|\n|-weather|none\n|-fieldend|Misty Terrain\n|upkeep\n|turn|6\n|-message|kas27 forfeited.\n|\n|win|kojimuranishi\n|raw|kas27's rating: 1250 &rarr; <strong>1237</strong><br />(-13 for losing)\n|raw|kojimuranishi's rating: 1427 &rarr; <strong>1438</strong><br />(+11 for winning)\n|l|\u2606kas27\n|player|p1|\n|l|\u2606kojimuranishi\n|player|p2|\n","uploadtime":1770334960,"views":12,"formatid":"gen9vgc2026regi","rating":1237,"private":0,"password":null}