{"id":"gen9vgc2026regi-2558153726","format":"[Gen 9] VGC 2026 Reg I","players":["Mirthinion","ooooiuo"],"log":"|j|\u2606Mirthinion\n|j|\u2606ooooiuo\n|t:|1773408811\n|gametype|doubles\n|player|p1|Mirthinion|janitor|1209\n|player|p2|ooooiuo|roxie|1331\n|gen|9\n|tier|[Gen 9] VGC 2026 Reg I\n|rated|\n|rule|Species Clause: Limit one of each Pok\u00e9mon\n|rule|Item Clause: Limit 1 of each item\n|clearpoke\n|poke|p1|Calyrex-Ice, L50|\n|poke|p1|Miraidon, L50|\n|poke|p1|Grimmsnarl, L50, M|\n|poke|p1|Urshifu-*, L50, M|\n|poke|p1|Incineroar, L50, M|\n|poke|p1|Landorus, L50, M|\n|poke|p2|Kyogre, L50|\n|poke|p2|Landorus, L50, M|\n|poke|p2|Tornadus, L50, M|\n|poke|p2|Zacian-*, L50|\n|poke|p2|Incineroar, L50, M|\n|poke|p2|Raging Bolt, L50|\n|teampreview|4\n|inactive|Battle timer is ON: inactive players will automatically lose when time's up. (requested by Mirthinion)\n|inactive|Mirthinion has 60 seconds left.\n|inactive|ooooiuo has 60 seconds left.\n|\n|t:|1773408851\n|teamsize|p1|4\n|teamsize|p2|4\n|start\n|switch|p1a: Calyrex|Calyrex-Ice, L50|100/100\n|switch|p1b: Grimmsnarl|Grimmsnarl, L50, M|100/100\n|switch|p2a: Landorus|Landorus, L50, M|100/100\n|switch|p2b: Raging Bolt|Raging Bolt, L50|100/100\n|-ability|p1a: Calyrex|As One\n|-ability|p1a: Calyrex|Unnerve\n|-enditem|p2b: Raging Bolt|Booster Energy\n|-activate|p2b: Raging Bolt|ability: Protosynthesis|[fromitem]\n|-start|p2b: Raging Bolt|protosynthesisspa\n|turn|1\n|inactive|Mirthinion has 30 seconds left.\n|inactive|ooooiuo has 30 seconds left.\n|inactive|ooooiuo has 20 seconds left.\n|\n|t:|1773408887\n|switch|p2a: Kyogre|Kyogre, L50|100/100\n|-weather|RainDance|[from] ability: Drizzle|[of] p2a: Kyogre\n|-terastallize|p2b: Raging Bolt|Electric\n|move|p1b: Grimmsnarl|Light Screen|p1b: Grimmsnarl\n|-sidestart|p1: Mirthinion|move: Light Screen\n|move|p2b: Raging Bolt|Thunder|p1a: Calyrex\n|-damage|p1a: Calyrex|52/100\n|move|p1a: Calyrex|Glacial Lance|p2b: Raging Bolt|[spread] p2a,p2b\n|-resisted|p2a: Kyogre\n|-damage|p2a: Kyogre|70/100\n|-damage|p2b: Raging Bolt|57/100\n|\n|-weather|RainDance|[upkeep]\n|-heal|p1a: Calyrex|58/100|[from] item: Leftovers\n|upkeep\n|turn|2\n|inactive|ooooiuo has 30 seconds left.\n|\n|t:|1773408914\n|move|p1a: Calyrex|Protect|p1a: Calyrex\n|-singleturn|p1a: Calyrex|Protect\n|move|p2b: Raging Bolt|Thunderclap||[still]\n|-fail|p2b: Raging Bolt\n|move|p2a: Kyogre|Origin Pulse|p1a: Calyrex|[spread] p1b\n|-activate|p1a: Calyrex|move: Protect\n|-damage|p1b: Grimmsnarl|60/100\n|move|p1b: Grimmsnarl|Spirit Break|p2a: Kyogre\n|-damage|p2a: Kyogre|34/100\n|-unboost|p2a: Kyogre|spa|1\n|\n|-weather|RainDance|[upkeep]\n|-heal|p1a: Calyrex|64/100|[from] item: Leftovers\n|upkeep\n|turn|3\n|inactive|ooooiuo has 30 seconds left.\n|\n|t:|1773408946\n|move|p2b: Raging Bolt|Thunderclap||[still]\n|-fail|p2b: Raging Bolt\n|move|p2a: Kyogre|Origin Pulse|p1b: Grimmsnarl|[spread] p1a,p1b\n|-damage|p1a: Calyrex|44/100\n|-damage|p1b: Grimmsnarl|33/100\n|move|p1b: Grimmsnarl|Spirit Break|p2b: Raging Bolt\n|-damage|p2b: Raging Bolt|33/100\n|-unboost|p2b: Raging Bolt|spa|1\n|move|p1a: Calyrex|Trick Room|p1a: Calyrex\n|-fieldstart|move: Trick Room|[of] p1a: Calyrex\n|\n|-weather|RainDance|[upkeep]\n|-heal|p1a: Calyrex|50/100|[from] item: Leftovers\n|upkeep\n|turn|4\n|inactive|Mirthinion has 30 seconds left.\n|inactive|ooooiuo has 30 seconds left.\n|\n|t:|1773408980\n|switch|p2a: Zacian|Zacian-Crowned, L50|100/100\n|-ability|p2a: Zacian|Intrepid Sword|boost\n|-boost|p2a: Zacian|atk|1\n|move|p2b: Raging Bolt|Thunderclap||[still]\n|-fail|p2b: Raging Bolt\n|move|p1a: Calyrex|Leech Seed|p2a: Zacian\n|-start|p2a: Zacian|move: Leech Seed\n|move|p1b: Grimmsnarl|Spirit Break|p2b: Raging Bolt\n|-damage|p2b: Raging Bolt|8/100\n|-unboost|p2b: Raging Bolt|spa|1\n|\n|-weather|RainDance|[upkeep]\n|-heal|p1a: Calyrex|56/100|[from] item: Leftovers\n|-damage|p2a: Zacian|88/100|[from] Leech Seed|[of] p1a: Calyrex\n|-heal|p1a: Calyrex|66/100|[silent]\n|upkeep\n|turn|5\n|\n|t:|1773409003\n|move|p2b: Raging Bolt|Protect|p2b: Raging Bolt\n|-singleturn|p2b: Raging Bolt|Protect\n|move|p2a: Zacian|Protect|p2a: Zacian\n|-singleturn|p2a: Zacian|Protect\n|move|p1b: Grimmsnarl|Thunder Wave|p2a: Zacian\n|-activate|p2a: Zacian|move: Protect\n|move|p1a: Calyrex|Glacial Lance|p2a: Zacian|[spread] \n|-activate|p2a: Zacian|move: Protect\n|-activate|p2b: Raging Bolt|move: Protect\n|\n|-weather|none\n|-heal|p1a: Calyrex|72/100|[from] item: Leftovers\n|-damage|p2a: Zacian|75/100|[from] Leech Seed|[of] p1a: Calyrex\n|-heal|p1a: Calyrex|82/100|[silent]\n|upkeep\n|turn|6\n|inactive|ooooiuo has 30 seconds left.\n|\n|t:|1773409031\n|move|p1b: Grimmsnarl|Reflect|p1b: Grimmsnarl\n|-sidestart|p1: Mirthinion|Reflect\n|move|p2b: Raging Bolt|Thunderclap|p1a: Calyrex\n|-damage|p1a: Calyrex|66/100\n|move|p1a: Calyrex|Glacial Lance|p2b: Raging Bolt|[spread] p2a,p2b\n|-resisted|p2a: Zacian\n|-damage|p2a: Zacian|52/100\n|-damage|p2b: Raging Bolt|0 fnt\n|faint|p2b: Raging Bolt\n|-end|p2b: Raging Bolt|Protosynthesis|[silent]\n|-ability|p1a: Calyrex|Chilling Neigh|boost\n|-boost|p1a: Calyrex|atk|1\n|move|p2a: Zacian|Behemoth Blade|p1a: Calyrex\n|-supereffective|p1a: Calyrex\n|-damage|p1a: Calyrex|0 fnt\n|faint|p1a: Calyrex\n|\n|upkeep\n|\n|t:|1773409050\n|switch|p1a: Urshifu|Urshifu-Rapid-Strike, L50, M|100/100\n|switch|p2b: Landorus|Landorus, L50, M|100/100\n|turn|7\n|\n|t:|1773409074\n|switch|p2a: Kyogre|Kyogre, L50|34/100\n|-weather|RainDance|[from] ability: Drizzle|[of] p2a: Kyogre\n|move|p1b: Grimmsnarl|Thunder Wave|p2a: Kyogre\n|-status|p2a: Kyogre|par\n|move|p1a: Urshifu|Surging Strikes|p2b: Landorus\n|-supereffective|p2b: Landorus\n|-crit|p2b: Landorus\n|-damage|p2b: Landorus|0 fnt\n|faint|p2b: Landorus\n|-hitcount|p2: Landorus|1\n|\n|-weather|RainDance|[upkeep]\n|-fieldend|move: Trick Room\n|upkeep\n|\n|t:|1773409089\n|switch|p2b: Zacian|Zacian-Crowned, L50|52/100\n|turn|8\n|\n|t:|1773409105\n|move|p1b: Grimmsnarl|Thunder Wave|p2b: Zacian\n|-status|p2b: Zacian|par\n|move|p1a: Urshifu|Surging Strikes|p2b: Zacian\n|-crit|p2b: Zacian\n|-damage|p2b: Zacian|6/100 par\n|-crit|p2b: Zacian\n|-damage|p2b: Zacian|0 fnt\n|faint|p2b: Zacian\n|-hitcount|p2: Zacian|2\n|cant|p2a: Kyogre|par\n|\n|-weather|RainDance|[upkeep]\n|-sideend|p1: Mirthinion|move: Light Screen\n|upkeep\n|turn|9\n|-message|ooooiuo forfeited.\n|\n|win|Mirthinion\n|raw|Mirthinion's rating: 1209 &rarr; <strong>1242</strong><br />(+33 for winning)\n|raw|ooooiuo's rating: 1331 &rarr; <strong>1304</strong><br />(-27 for losing)\n|l|\u2606ooooiuo\n|player|p2|\n","uploadtime":1773409120,"views":26,"formatid":"gen9vgc2026regi","rating":1242,"private":0,"password":null}