{"id":"gen9vgc2026regi-2523273923","format":"[Gen 9] VGC 2026 Reg I","players":["r1111111111","liam.2025"],"log":"|j|\u2606r1111111111\n|j|\u2606liam.2025\n|t:|1769010344\n|gametype|doubles\n|player|p1|r1111111111|caitlin|1384\n|player|p2|liam.2025|policeman|1414\n|gen|9\n|tier|[Gen 9] VGC 2026 Reg I\n|rated|\n|rule|Species Clause: Limit one of each Pok\u00e9mon\n|rule|Item Clause: Limit 1 of each item\n|clearpoke\n|poke|p1|Miraidon, L50|\n|poke|p1|Calyrex-Ice, L50|\n|poke|p1|Urshifu-*, L50, F|\n|poke|p1|Tornadus, L50, M|\n|poke|p1|Landorus, L50, M|\n|poke|p1|Farigiraf, L50, F|\n|poke|p2|Murkrow, L50, F|\n|poke|p2|Weezing-Galar, L50, F|\n|poke|p2|Terapagos, L50, M|\n|poke|p2|Smeargle, L50, F|\n|poke|p2|Calyrex-Ice, L50|\n|poke|p2|Ursaluna, L50, F|\n|teampreview|4\n|inactive|Battle timer is ON: inactive players will automatically lose when time's up. (requested by r1111111111)\n|inactive|liam.2025 has 60 seconds left.\n|\n|t:|1769010400\n|teamsize|p1|4\n|teamsize|p2|4\n|start\n|switch|p1a: Miraidon|Miraidon, L50, shiny|100/100\n|switch|p1b: Calyrex|Calyrex-Ice, L50|100/100\n|switch|p2a: Murkrow|Murkrow, L50, F|100/100\n|switch|p2b: Calyrex|Calyrex-Ice, L50|100/100\n|-ability|p2b: Calyrex|As One\n|-ability|p2b: Calyrex|Unnerve\n|-ability|p1b: Calyrex|As One\n|-ability|p1b: Calyrex|Unnerve\n|-fieldstart|move: Electric Terrain|[from] ability: Hadron Engine|[of] p1a: Miraidon\n|turn|1\n|inactive|r1111111111 has 30 seconds left.\n|inactive|r1111111111 has 20 seconds left.\n|inactive|r1111111111 has 15 seconds left.\n|\n|t:|1769010441\n|switch|p1a: Farigiraf|Farigiraf, L50, F, shiny|100/100\n|-enditem|p1a: Farigiraf|Electric Seed\n|-boost|p1a: Farigiraf|def|1|[from] item: Electric Seed\n|move|p2a: Murkrow|Protect|p2a: Murkrow\n|-singleturn|p2a: Murkrow|Protect\n|move|p2b: Calyrex|Imprison|p2b: Calyrex\n|-start|p2b: Calyrex|move: Imprison\n|cant|p1b: Calyrex|move: Imprison|Trick Room\n|\n|upkeep\n|turn|2\n|\n|t:|1769010459\n|switch|p1b: Urshifu|Urshifu-Rapid-Strike, L50, F|100/100\n|move|p2b: Calyrex|Glacial Lance|p1b: Urshifu|[spread] p1a,p1b\n|-resisted|p1b: Urshifu\n|-damage|p1a: Farigiraf|74/100\n|-damage|p1b: Urshifu|78/100\n|move|p2a: Murkrow|Brave Bird|p1a: Farigiraf\n|-damage|p1a: Farigiraf|44/100\n|-damage|p2a: Murkrow|86/100|[from] Recoil\n|move|p1a: Farigiraf|Foul Play|p2b: Calyrex\n|-supereffective|p2b: Calyrex\n|-damage|p2b: Calyrex|60/100\n|\n|upkeep\n|turn|3\n|inactive|r1111111111 has 30 seconds left.\n|\n|t:|1769010489\n|move|p2a: Murkrow|Tailwind|p2a: Murkrow\n|-sidestart|p2: liam.2025|move: Tailwind\n|move|p2b: Calyrex|Glacial Lance|p1b: Urshifu|[spread] p1a,p1b\n|-resisted|p1b: Urshifu\n|-damage|p1a: Farigiraf|18/100\n|-damage|p1b: Urshifu|54/100\n|move|p1b: Urshifu|Surging Strikes|p2a: Murkrow\n|-crit|p2a: Murkrow\n|-damage|p2a: Murkrow|34/100\n|-crit|p2a: Murkrow\n|-damage|p2a: Murkrow|0 fnt\n|faint|p2a: Murkrow\n|-hitcount|p2: Murkrow|2\n|move|p1a: Farigiraf|Foul Play|p2b: Calyrex\n|-supereffective|p2b: Calyrex\n|-damage|p2b: Calyrex|15/100\n|\n|upkeep\n|\n|t:|1769010506\n|switch|p2a: Terapagos|Terapagos, L50, M|100/100\n|-activate|p2a: Terapagos|ability: Tera Shift\n|detailschange|p2a: Terapagos|Terapagos-Terastal, L50, M\n|-heal|p2a: Terapagos|100/100|[silent]\n|turn|4\n|\n|t:|1769010520\n|-terastallize|p2a: Terapagos|Stellar\n|detailschange|p2a: Terapagos|Terapagos-Stellar, L50, M, tera:Stellar\n|-heal|p2a: Terapagos|100/100|[silent]\n|-ability|p2a: Terapagos|Teraform Zero\n|-fieldend|move: Electric Terrain\n|move|p1a: Farigiraf|Helping Hand|p1b: Urshifu\n|-singleturn|p1b: Urshifu|Helping Hand|[of] p1a: Farigiraf\n|move|p2a: Terapagos|Tera Starstorm|p1a: Farigiraf|[spread] p1a,p1b\n|-damage|p1a: Farigiraf|0 fnt\n|-damage|p1b: Urshifu|0 fnt\n|faint|p1a: Farigiraf\n|faint|p1b: Urshifu\n|move|p2b: Calyrex|Glacial Lance|p1: Farigiraf|[notarget]\n|-fail|p2b: Calyrex\n|\n|upkeep\n|\n|t:|1769010526\n|switch|p1b: Calyrex|Calyrex-Ice, L50|100/100\n|switch|p1a: Miraidon|Miraidon, L50, shiny|100/100\n|-ability|p1b: Calyrex|As One\n|-ability|p1b: Calyrex|Unnerve\n|-fieldstart|move: Electric Terrain|[from] ability: Hadron Engine|[of] p1a: Miraidon\n|turn|5\n|\n|t:|1769010541\n|-terastallize|p1a: Miraidon|Fairy\n|move|p1b: Calyrex|Protect|p1b: Calyrex\n|-singleturn|p1b: Calyrex|Protect\n|move|p2a: Terapagos|Tera Starstorm|p1b: Calyrex|[spread] p1a\n|-activate|p1b: Calyrex|move: Protect\n|-supereffective|p1a: Miraidon\n|-damage|p1a: Miraidon|0 fnt\n|faint|p1a: Miraidon\n|move|p2b: Calyrex|Glacial Lance|p1b: Calyrex\n|-activate|p1b: Calyrex|move: Protect\n|\n|upkeep\n|turn|6\n|-message|r1111111111 forfeited.\n|\n|win|liam.2025\n|raw|r1111111111's rating: 1384 &rarr; <strong>1366</strong><br />(-18 for losing)\n|raw|liam.2025's rating: 1414 &rarr; <strong>1432</strong><br />(+18 for winning)\n|l|\u2606r1111111111\n|player|p1|\n","uploadtime":1769010693,"views":27,"formatid":"gen9vgc2026regi","rating":1366,"private":0,"password":null}