{"id":"gen9vgc2026regi-2518517522","format":"[Gen 9] VGC 2026 Reg I","players":["ninjafrog666","blackred123\u5415\u5e03\u4fa0"],"log":"|j|\u2606ninjafrog666\n|j|\u2606blackred123\u5415\u5e03\u4fa0\n|t:|1768400313\n|gametype|doubles\n|player|p1|ninjafrog666|265|1285\n|player|p2|blackred123\u5415\u5e03\u4fa0|iono-masters|1306\n|gen|9\n|tier|[Gen 9] VGC 2026 Reg I\n|rated|\n|rule|Species Clause: Limit one of each Pok\u00e9mon\n|rule|Item Clause: Limit 1 of each item\n|clearpoke\n|poke|p1|Lunala, L50|\n|poke|p1|Raging Bolt, L50|\n|poke|p1|Incineroar, L50, M|\n|poke|p1|Whimsicott, L50, F|\n|poke|p1|Kingambit, L50, M|\n|poke|p1|Koraidon, L50|\n|poke|p2|Calyrex-Shadow, L50|\n|poke|p2|Zamazenta-*, L50|\n|poke|p2|Incineroar, L50, M|\n|poke|p2|Rillaboom, L50, F|\n|poke|p2|Ogerpon-Cornerstone, L50, F|\n|poke|p2|Tornadus, L50, M|\n|teampreview|4\n|inactive|Battle timer is ON: inactive players will automatically lose when time's up. (requested by blackred123\u5415\u5e03\u4fa0)\n|\n|t:|1768400340\n|teamsize|p1|4\n|teamsize|p2|4\n|start\n|switch|p1a: Lunala|Lunala, L50|100/100\n|switch|p1b: Kingambit|Kingambit, L50, M|100/100\n|switch|p2a: \u54c7\u8884\uff08\u72d7\u53eb\u58f0\uff09|Zamazenta-Crowned, L50|100/100\n|switch|p2b: \u5e05otto\u5e05|Incineroar, L50, M|100/100\n|-ability|p2a: \u54c7\u8884\uff08\u72d7\u53eb\u58f0\uff09|Dauntless Shield|boost\n|-boost|p2a: \u54c7\u8884\uff08\u72d7\u53eb\u58f0\uff09|def|1\n|-ability|p2b: \u5e05otto\u5e05|Intimidate|boost\n|-unboost|p1a: Lunala|atk|1\n|-unboost|p1b: Kingambit|atk|1\n|-ability|p1b: Kingambit|Defiant|boost\n|-boost|p1b: Kingambit|atk|2\n|turn|1\n|\n|t:|1768400362\n|move|p1b: Kingambit|Protect|p1b: Kingambit\n|-singleturn|p1b: Kingambit|Protect\n|move|p1a: Lunala|Moongeist Beam|p2a: \u54c7\u8884\uff08\u72d7\u53eb\u58f0\uff09\n|-damage|p2a: \u54c7\u8884\uff08\u72d7\u53eb\u58f0\uff09|64/100\n|move|p2a: \u54c7\u8884\uff08\u72d7\u53eb\u58f0\uff09|Heavy Slam|p1a: Lunala\n|-damage|p1a: Lunala|79/100\n|move|p2b: \u5e05otto\u5e05|Taunt|p1a: Lunala\n|-start|p1a: Lunala|move: Taunt\n|\n|upkeep\n|turn|2\n|j| dasabe\u76d6\u6b27\u5361\u4fa0\n|inactive|ninjafrog666 has 30 seconds left.\n|\n|t:|1768400388\n|switch|p1b: Whimsicott|Whimsicott, L50, F|100/100\n|move|p1a: Lunala|Moongeist Beam|p2a: \u54c7\u8884\uff08\u72d7\u53eb\u58f0\uff09\n|-damage|p2a: \u54c7\u8884\uff08\u72d7\u53eb\u58f0\uff09|30/100\n|move|p2a: \u54c7\u8884\uff08\u72d7\u53eb\u58f0\uff09|Body Press|p1b: Whimsicott\n|-resisted|p1b: Whimsicott\n|-damage|p1b: Whimsicott|46/100\n|move|p2b: \u5e05otto\u5e05|Knock Off|p1a: Lunala\n|-supereffective|p1a: Lunala\n|-damage|p1a: Lunala|0 fnt\n|-enditem|p1a: Lunala|Safety Goggles|[from] move: Knock Off|[of] p2b: \u5e05otto\u5e05\n|faint|p1a: Lunala\n|\n|upkeep\n|\n|t:|1768400397\n|switch|p1a: Koraidon|Koraidon, L50|100/100\n|-weather|SunnyDay|[from] ability: Orichalcum Pulse|[of] p1a: Koraidon\n|-activate|p1a: Koraidon|Orichalcum Pulse|[source]\n|turn|3\n|\n|t:|1768400413\n|switch|p2b: \u90a3\u6211\u7f3a\u7684\u8425\u517b\u8fd9\u5757\u8c01\u7ed9\u6211\u8865\u554a\uff08\u6307\u8349\u573a\uff09|Rillaboom, L50, F|100/100\n|-fieldstart|move: Grassy Terrain|[from] ability: Grassy Surge|[of] p2b: \u90a3\u6211\u7f3a\u7684\u8425\u517b\u8fd9\u5757\u8c01\u7ed9\u6211\u8865\u554a\uff08\u6307\u8349\u573a\uff09\n|-terastallize|p2a: \u54c7\u8884\uff08\u72d7\u53eb\u58f0\uff09|Dragon\n|move|p1a: Koraidon|Collision Course|p2b: \u90a3\u6211\u7f3a\u7684\u8425\u517b\u8fd9\u5757\u8c01\u7ed9\u6211\u8865\u554a\uff08\u6307\u8349\u573a\uff09\n|-damage|p2b: \u90a3\u6211\u7f3a\u7684\u8425\u517b\u8fd9\u5757\u8c01\u7ed9\u6211\u8865\u554a\uff08\u6307\u8349\u573a\uff09|31/100\n|move|p1b: Whimsicott|Moonblast|p2a: \u54c7\u8884\uff08\u72d7\u53eb\u58f0\uff09\n|-supereffective|p2a: \u54c7\u8884\uff08\u72d7\u53eb\u58f0\uff09\n|-damage|p2a: \u54c7\u8884\uff08\u72d7\u53eb\u58f0\uff09|0 fnt\n|faint|p2a: \u54c7\u8884\uff08\u72d7\u53eb\u58f0\uff09\n|\n|-weather|SunnyDay|[upkeep]\n|-heal|p1b: Whimsicott|52/100|[from] Grassy Terrain\n|-heal|p2b: \u90a3\u6211\u7f3a\u7684\u8425\u517b\u8fd9\u5757\u8c01\u7ed9\u6211\u8865\u554a\uff08\u6307\u8349\u573a\uff09|36/100|[from] Grassy Terrain\n|upkeep\n|l| dasabe\u76d6\u6b27\u5361\u4fa0\n|\n|t:|1768400434\n|switch|p2a: \u5e05otto\u5e05|Incineroar, L50, M|100/100\n|-ability|p2a: \u5e05otto\u5e05|Intimidate|boost\n|-fail|p1a: Koraidon|unboost|[from] item: Clear Amulet|[of] p1a: Koraidon\n|-unboost|p1b: Whimsicott|atk|1\n|turn|4\n|\n|t:|1768400457\n|switch|p1b: Kingambit|Kingambit, L50, M|100/100\n|move|p2a: \u5e05otto\u5e05|Fake Out|p1b: Kingambit\n|-resisted|p1b: Kingambit\n|-damage|p1b: Kingambit|96/100\n|move|p1a: Koraidon|Collision Course|p2b: \u90a3\u6211\u7f3a\u7684\u8425\u517b\u8fd9\u5757\u8c01\u7ed9\u6211\u8865\u554a\uff08\u6307\u8349\u573a\uff09\n|-damage|p2b: \u90a3\u6211\u7f3a\u7684\u8425\u517b\u8fd9\u5757\u8c01\u7ed9\u6211\u8865\u554a\uff08\u6307\u8349\u573a\uff09|0 fnt\n|faint|p2b: \u90a3\u6211\u7f3a\u7684\u8425\u517b\u8fd9\u5757\u8c01\u7ed9\u6211\u8865\u554a\uff08\u6307\u8349\u573a\uff09\n|\n|-weather|SunnyDay|[upkeep]\n|-heal|p1b: Kingambit|100/100|[from] Grassy Terrain\n|upkeep\n|\n|t:|1768400465\n|switch|p2b: \u5636\u9a6c\u51a0\u54e5|Calyrex-Shadow, L50|100/100\n|-ability|p2b: \u5636\u9a6c\u51a0\u54e5|As One\n|-ability|p2b: \u5636\u9a6c\u51a0\u54e5|Unnerve\n|turn|5\n|-message|blackred123\u5415\u5e03\u4fa0 forfeited.\n|\n|win|ninjafrog666\n|raw|ninjafrog666's rating: 1285 &rarr; <strong>1312</strong><br />(+27 for winning)\n|raw|blackred123\u5415\u5e03\u4fa0's rating: 1306 &rarr; <strong>1285</strong><br />(-21 for losing)\n|l|\u2606blackred123\u5415\u5e03\u4fa0\n|player|p2|\n|l|\u2606ninjafrog666\n|player|p1|\n","uploadtime":1768400637,"views":12,"formatid":"gen9vgc2026regi","rating":1285,"private":0,"password":null}