{"id":"gen9vgc2026regi-2579845104","format":"[Gen 9] VGC 2026 Reg I","players":["Tukin005","JoeBro8"],"log":"|j|\u2606Tukin005\n|j|\u2606JoeBro8\n|t:|1775832883\n|gametype|doubles\n|player|p1|Tukin005|backpacker|1314\n|player|p2|JoeBro8|n|1442\n|gen|9\n|tier|[Gen 9] VGC 2026 Reg I\n|rated|\n|rule|Species Clause: Limit one of each Pok\u00e9mon\n|rule|Item Clause: Limit 1 of each item\n|clearpoke\n|poke|p1|Zamazenta-*, L50|\n|poke|p1|Indeedee-F, L50, F|\n|poke|p1|Armarouge, L50, M|\n|poke|p1|Calyrex-Ice, L50|\n|poke|p1|Incineroar, L50, F|\n|poke|p1|Dragapult, L50, M|\n|poke|p2|Miraidon, L50|\n|poke|p2|Whimsicott, L50, F|\n|poke|p2|Zamazenta-*, L50|\n|poke|p2|Chien-Pao, L50|\n|poke|p2|Volcarona, L50, F|\n|poke|p2|Iron Hands, L50|\n|teampreview|4\n|\n|t:|1775832922\n|teamsize|p1|4\n|teamsize|p2|4\n|start\n|switch|p1a: Armarouge|Armarouge, L50, M|100/100\n|switch|p1b: Indeedee|Indeedee-F, L50, F|100/100\n|switch|p2a: Miraidon|Miraidon, L50|100/100\n|switch|p2b: Volcarona|Volcarona, L50, F|100/100\n|-fieldstart|move: Electric Terrain|[from] ability: Hadron Engine|[of] p2a: Miraidon\n|-enditem|p2b: Volcarona|Electric Seed\n|-boost|p2b: Volcarona|def|1|[from] item: Electric Seed\n|-fieldstart|move: Psychic Terrain|[from] ability: Psychic Surge|[of] p1b: Indeedee\n|turn|1\n|\n|t:|1775832954\n|move|p2a: Miraidon|Volt Switch|p1b: Indeedee\n|-damage|p1b: Indeedee|51/100\n|\n|t:|1775832958\n|switch|p2a: Iron Hands|Iron Hands, L50|100/100|[from] Volt Switch\n|move|p2b: Volcarona|Struggle Bug|p1a: Armarouge|[spread] p1a,p1b\n|-supereffective|p1b: Indeedee\n|-damage|p1a: Armarouge|82/100\n|-damage|p1b: Indeedee|26/100\n|-unboost|p1a: Armarouge|spa|1\n|-unboost|p1b: Indeedee|spa|1\n|move|p1a: Armarouge|Expanding Force|p2a: Iron Hands|[spread] p2a,p2b\n|-supereffective|p2a: Iron Hands\n|-damage|p2a: Iron Hands|45/100\n|-damage|p2b: Volcarona|56/100\n|-damage|p1a: Armarouge|73/100|[from] item: Life Orb\n|move|p1b: Indeedee|Trick Room|p1b: Indeedee\n|-fieldstart|move: Trick Room|[of] p1b: Indeedee\n|\n|upkeep\n|turn|2\n|\n|t:|1775833016\n|move|p1b: Indeedee|Helping Hand|p1a: Armarouge\n|-singleturn|p1a: Armarouge|Helping Hand|[of] p1b: Indeedee\n|move|p2a: Iron Hands|Drain Punch|p1b: Indeedee\n|-damage|p1b: Indeedee|0 fnt\n|-heal|p2a: Iron Hands|54/100|[from] drain|[of] p1b: Indeedee\n|-damage|p2a: Iron Hands|38/100|[from] item: Rocky Helmet|[of] p1b: Indeedee\n|faint|p1b: Indeedee\n|move|p1a: Armarouge|Expanding Force|p2b: Volcarona|[spread] p2a,p2b\n|-supereffective|p2a: Iron Hands\n|-damage|p2a: Iron Hands|0 fnt\n|-damage|p2b: Volcarona|0 fnt\n|faint|p2a: Iron Hands\n|-end|p2a: Iron Hands|Quark Drive|[silent]\n|faint|p2b: Volcarona\n|-damage|p1a: Armarouge|63/100|[from] item: Life Orb\n|\n|upkeep\n|\n|t:|1775833031\n|switch|p2a: Miraidon|Miraidon, L50|100/100\n|switch|p1b: Calyrex|Calyrex-Ice, L50|100/100\n|switch|p2b: Zamazenta|Zamazenta-Crowned, L50|100/100\n|-ability|p1b: Calyrex|As One\n|-ability|p1b: Calyrex|Unnerve\n|-ability|p2b: Zamazenta|Dauntless Shield|boost\n|-boost|p2b: Zamazenta|def|1\n|-fieldstart|move: Electric Terrain|[from] ability: Hadron Engine|[of] p2a: Miraidon\n|turn|3\n|\n|t:|1775833051\n|-terastallize|p2a: Miraidon|Fairy\n|move|p2b: Zamazenta|Protect|p2b: Zamazenta\n|-singleturn|p2b: Zamazenta|Protect\n|move|p1b: Calyrex|Glacial Lance|p2a: Miraidon|[spread] p2a\n|-activate|p2b: Zamazenta|move: Protect\n|-damage|p2a: Miraidon|45/100\n|move|p1a: Armarouge|Armor Cannon|p2b: Zamazenta\n|-activate|p2b: Zamazenta|move: Protect\n|move|p2a: Miraidon|Electro Drift|p1b: Calyrex\n|-damage|p1b: Calyrex|11/100\n|\n|-heal|p1b: Calyrex|17/100|[from] item: Leftovers\n|upkeep\n|turn|4\n|\n|t:|1775833080\n|move|p1b: Calyrex|High Horsepower|p2a: Miraidon\n|-damage|p2a: Miraidon|6/100\n|move|p1a: Armarouge|Armor Cannon|p2b: Zamazenta\n|-supereffective|p2b: Zamazenta\n|-damage|p2b: Zamazenta|8/100\n|-unboost|p1a: Armarouge|def|1\n|-unboost|p1a: Armarouge|spd|1\n|-damage|p1a: Armarouge|53/100|[from] item: Life Orb\n|move|p2b: Zamazenta|Body Press|p1b: Calyrex\n|-damage|p1b: Calyrex|0 fnt\n|faint|p1b: Calyrex\n|move|p2a: Miraidon|Electro Drift|p1a: Armarouge\n|-damage|p1a: Armarouge|0 fnt\n|faint|p1a: Armarouge\n|\n|upkeep\n|\n|t:|1775833111\n|switch|p1b: Incineroar|Incineroar, L50, F|100/100\n|-ability|p1b: Incineroar|Intimidate|boost\n|-unboost|p2a: Miraidon|atk|1\n|-unboost|p2b: Zamazenta|atk|1\n|turn|5\n|\n|t:|1775833119\n|-terastallize|p1b: Incineroar|Ghost\n|move|p1b: Incineroar|Fake Out|p2a: Miraidon\n|-damage|p2a: Miraidon|0 fnt\n|faint|p2a: Miraidon\n|move|p2b: Zamazenta|Body Press|p1b: Incineroar\n|-immune|p1b: Incineroar\n|\n|-fieldend|move: Trick Room\n|upkeep\n|turn|6\n|l|\u2606JoeBro8\n|player|p2|\n|j|\u2606JoeBro8\n|player|p2|JoeBro8|n|\n|\n|t:|1775833144\n|move|p2b: Zamazenta|Behemoth Bash|p1b: Incineroar\n|-damage|p1b: Incineroar|79/100\n|move|p1b: Incineroar|Flare Blitz|p2b: Zamazenta\n|-supereffective|p2b: Zamazenta\n|-damage|p2b: Zamazenta|0 fnt\n|faint|p2b: Zamazenta\n|-damage|p1b: Incineroar|77/100|[from] Recoil\n|\n|win|Tukin005\n|raw|Tukin005's rating: 1314 &rarr; <strong>1341</strong><br />(+27 for winning)\n|raw|JoeBro8's rating: 1442 &rarr; <strong>1415</strong><br />(-27 for losing)\n|l|\u2606JoeBro8\n|player|p2|\n|l|\u2606Tukin005\n|player|p1|\n","uploadtime":1775833386,"views":12,"formatid":"gen9vgc2026regi","rating":1341,"private":0,"password":null}