{"id":"gen9vgc2026regi-2521177746","format":"[Gen 9] VGC 2026 Reg I","players":["xmen2104","j0l0k0"],"log":"|j|\u2606xmen2104\n|j|\u2606j0l0k0\n|t:|1768742945\n|gametype|doubles\n|player|p1|xmen2104|lucas-gen4pt|1230\n|player|p2|j0l0k0|brycen|1258\n|gen|9\n|tier|[Gen 9] VGC 2026 Reg I\n|rated|\n|rule|Species Clause: Limit one of each Pok\u00e9mon\n|rule|Item Clause: Limit 1 of each item\n|clearpoke\n|poke|p1|Calyrex-Shadow, L50|\n|poke|p1|Koraidon, L50|\n|poke|p1|Incineroar, L50, F|\n|poke|p1|Clefairy, L50, M|\n|poke|p1|Tornadus, L50, M|\n|poke|p1|Raging Bolt, L50|\n|poke|p2|Calyrex-Ice, L50|\n|poke|p2|Kyogre, L50|\n|poke|p2|Indeedee-F, L50, F|\n|poke|p2|Urshifu-*, L50, F|\n|poke|p2|Amoonguss, L50, F|\n|poke|p2|Landorus, L50, M|\n|teampreview|4\n|inactive|Battle timer is ON: inactive players will automatically lose when time's up. (requested by j0l0k0)\n|inactive|xmen2104 also wants the timer to be on.\n|\n|t:|1768742962\n|teamsize|p1|4\n|teamsize|p2|4\n|start\n|switch|p1a: Calyrex|Calyrex-Shadow, L50|100/100\n|switch|p1b: Incineroar|Incineroar, L50, F|100/100\n|switch|p2a: Indeedee|Indeedee-F, L50, F, shiny|100/100\n|switch|p2b: Calyrex|Calyrex-Ice, L50|100/100\n|-ability|p1a: Calyrex|As One\n|-ability|p1a: Calyrex|Unnerve\n|-ability|p2b: Calyrex|As One\n|-ability|p2b: Calyrex|Unnerve\n|-fieldstart|move: Psychic Terrain|[from] ability: Psychic Surge|[of] p2a: Indeedee\n|-ability|p1b: Incineroar|Intimidate|boost\n|-unboost|p2a: Indeedee|atk|1\n|-fail|p2b: Calyrex|unboost|[from] item: Clear Amulet|[of] p2b: Calyrex\n|turn|1\n|\n|t:|1768742986\n|-terastallize|p2b: Calyrex|Normal\n|move|p1a: Calyrex|Astral Barrage|p2a: Indeedee|[spread] \n|-immune|p2a: Indeedee\n|-immune|p2b: Calyrex\n|move|p1b: Incineroar|Will-O-Wisp|p2b: Calyrex\n|-status|p2b: Calyrex|brn\n|move|p2b: Calyrex|Glacial Lance|p1b: Incineroar|[spread] p1a,p1b\n|-resisted|p1b: Incineroar\n|-damage|p1a: Calyrex|69/100\n|-damage|p1b: Incineroar|88/100\n|move|p2a: Indeedee|Trick Room|p2a: Indeedee\n|-fieldstart|move: Trick Room|[of] p2a: Indeedee\n|\n|-damage|p2b: Calyrex|95/100 brn|[from] brn\n|upkeep\n|turn|2\n|\n|t:|1768743003\n|move|p1a: Calyrex|Protect|p1a: Calyrex\n|-singleturn|p1a: Calyrex|Protect\n|move|p2a: Indeedee|Follow Me|p2a: Indeedee\n|-singleturn|p2a: Indeedee|move: Follow Me\n|move|p2b: Calyrex|Close Combat|p1b: Incineroar\n|-supereffective|p1b: Incineroar\n|-damage|p1b: Incineroar|42/100\n|-unboost|p2b: Calyrex|def|1\n|-unboost|p2b: Calyrex|spd|1\n|move|p1b: Incineroar|Parting Shot|p2a: Indeedee\n|-unboost|p2a: Indeedee|atk|1\n|-unboost|p2a: Indeedee|spa|1\n|\n|t:|1768743010\n|switch|p1b: Clefairy|Clefairy, L50, M|100/100|[from] Parting Shot\n|\n|-damage|p2b: Calyrex|89/100 brn|[from] brn\n|upkeep\n|turn|3\n|\n|t:|1768743025\n|move|p2a: Indeedee|Helping Hand|p2b: Calyrex\n|-singleturn|p2b: Calyrex|Helping Hand|[of] p2a: Indeedee\n|move|p1b: Clefairy|Protect|p1b: Clefairy\n|-singleturn|p1b: Clefairy|Protect\n|move|p2b: Calyrex|Glacial Lance|p1b: Clefairy|[spread] p1a\n|-activate|p1b: Clefairy|move: Protect\n|-damage|p1a: Calyrex|29/100\n|move|p1a: Calyrex|Psychic|p2b: Calyrex\n|-damage|p2b: Calyrex|0 fnt\n|faint|p2b: Calyrex\n|-ability|p1a: Calyrex|Grim Neigh|boost\n|-boost|p1a: Calyrex|spa|1\n|-damage|p1a: Calyrex|19/100|[from] item: Life Orb\n|\n|upkeep\n|\n|t:|1768743039\n|switch|p2b: Kyogre|Kyogre, L50, shiny|100/100\n|-weather|RainDance|[from] ability: Drizzle|[of] p2b: Kyogre\n|turn|4\n|\n|t:|1768743048\n|move|p2a: Indeedee|Helping Hand|p2b: Kyogre\n|-singleturn|p2b: Kyogre|Helping Hand|[of] p2a: Indeedee\n|move|p1b: Clefairy|After You|p1a: Calyrex\n|-activate|p1a: Calyrex|move: After You\n|move|p1a: Calyrex|Psychic|p2b: Kyogre\n|-damage|p2b: Kyogre|47/100\n|-damage|p1a: Calyrex|9/100|[from] item: Life Orb\n|move|p2b: Kyogre|Water Spout|p1b: Clefairy|[spread] p1a,p1b\n|-damage|p1a: Calyrex|0 fnt\n|-damage|p1b: Clefairy|36/100\n|faint|p1a: Calyrex\n|\n|-weather|RainDance|[upkeep]\n|upkeep\n|\n|t:|1768743057\n|switch|p1a: Koraidon|Koraidon, L50|100/100\n|-weather|SunnyDay|[from] ability: Orichalcum Pulse|[of] p1a: Koraidon\n|-activate|p1a: Koraidon|Orichalcum Pulse|[source]\n|turn|5\n|\n|t:|1768743075\n|switch|p2b: Urshifu|Urshifu, L50, F|100/100\n|-terastallize|p1a: Koraidon|Fire\n|move|p1b: Clefairy|Helping Hand|p1a: Koraidon\n|-singleturn|p1a: Koraidon|Helping Hand|[of] p1b: Clefairy\n|move|p2a: Indeedee|Psychic|p1a: Koraidon\n|-damage|p1a: Koraidon|85/100\n|move|p1a: Koraidon|Collision Course|p2b: Urshifu\n|-supereffective|p2b: Urshifu\n|-enditem|p2b: Urshifu|Focus Sash\n|-damage|p2b: Urshifu|1/100\n|\n|-weather|SunnyDay|[upkeep]\n|-fieldend|move: Trick Room\n|-fieldend|move: Psychic Terrain\n|upkeep\n|turn|6\n|\n|t:|1768743099\n|switch|p1b: Incineroar|Incineroar, L50, F|42/100\n|-ability|p1b: Incineroar|Intimidate|boost\n|-unboost|p2a: Indeedee|atk|1\n|-unboost|p2b: Urshifu|atk|1\n|move|p2a: Indeedee|Follow Me|p2a: Indeedee\n|-singleturn|p2a: Indeedee|move: Follow Me\n|move|p1a: Koraidon|Collision Course|p2a: Indeedee\n|-damage|p2a: Indeedee|24/100\n|move|p2b: Urshifu|Wicked Blow|p1a: Koraidon\n|-crit|p1a: Koraidon\n|-damage|p1a: Koraidon|40/100\n|\n|-weather|SunnyDay|[upkeep]\n|upkeep\n|turn|7\n|\n|t:|1768743117\n|move|p1b: Incineroar|Fake Out|p2b: Urshifu\n|-damage|p2b: Urshifu|0 fnt\n|faint|p2b: Urshifu\n|move|p2a: Indeedee|Follow Me|p2a: Indeedee\n|-singleturn|p2a: Indeedee|move: Follow Me\n|move|p1a: Koraidon|Collision Course|p2a: Indeedee\n|-damage|p2a: Indeedee|0 fnt\n|faint|p2a: Indeedee\n|\n|-weather|SunnyDay|[upkeep]\n|upkeep\n|\n|t:|1768743130\n|switch|p2b: Kyogre|Kyogre, L50, shiny|47/100\n|-weather|RainDance|[from] ability: Drizzle|[of] p2b: Kyogre\n|turn|8\n|\n|t:|1768743135\n|switch|p1a: Clefairy|Clefairy, L50, M|36/100\n|move|p2b: Kyogre|Hydro Pump|p1a: Clefairy\n|-damage|p1a: Clefairy|0 fnt\n|faint|p1a: Clefairy\n|move|p1b: Incineroar|Parting Shot|p2b: Kyogre\n|-unboost|p2b: Kyogre|atk|1\n|-unboost|p2b: Kyogre|spa|1\n|\n|t:|1768743138\n|switch|p1b: Koraidon|Koraidon, L50, tera:Fire|40/100|[from] Parting Shot\n|-weather|SunnyDay|[from] ability: Orichalcum Pulse|[of] p1b: Koraidon\n|-activate|p1b: Koraidon|Orichalcum Pulse|[source]\n|\n|-weather|SunnyDay|[upkeep]\n|upkeep\n|\n|t:|1768743140\n|switch|p1a: Incineroar|Incineroar, L50, F|42/100\n|-ability|p1a: Incineroar|Intimidate|boost\n|-unboost|p2b: Kyogre|atk|1\n|turn|9\n|\n|t:|1768743152\n|move|p1a: Incineroar|Fake Out|p2b: Kyogre\n|-damage|p2b: Kyogre|37/100\n|move|p1b: Koraidon|Collision Course|p2b: Kyogre\n|-damage|p2b: Kyogre|0 fnt\n|faint|p2b: Kyogre\n|\n|win|xmen2104\n|raw|xmen2104's rating: 1230 &rarr; <strong>1257</strong><br />(+27 for winning)\n|raw|j0l0k0's rating: 1258 &rarr; <strong>1231</strong><br />(-27 for losing)\n|l|\u2606j0l0k0\n|player|p2|\n|l|\u2606xmen2104\n|player|p1|\n","uploadtime":1768743407,"views":12,"formatid":"gen9vgc2026regi","rating":1231,"private":0,"password":null}