{"id":"gen9vgc2026regi-2580399268","format":"[Gen 9] VGC 2026 Reg I","players":["TheManOfSausage","navinsachump"],"log":"|j|\u2606TheManOfSausage\n|j|\u2606navinsachump\n|t:|1775890645\n|gametype|doubles\n|player|p1|TheManOfSausage|miku-water|1681\n|player|p2|navinsachump|smasher|1571\n|gen|9\n|tier|[Gen 9] VGC 2026 Reg I\n|rated|\n|rule|Species Clause: Limit one of each Pok\u00e9mon\n|rule|Item Clause: Limit 1 of each item\n|clearpoke\n|poke|p1|Calyrex-Ice, L50|\n|poke|p1|Miraidon, L50|\n|poke|p1|Farigiraf, L50, F|\n|poke|p1|Volcarona, L50, M|\n|poke|p1|Urshifu-*, L50, M|\n|poke|p1|Iron Hands, L50|\n|poke|p2|Miraidon, L50|\n|poke|p2|Incineroar, L50, F|\n|poke|p2|Whimsicott, L50, F|\n|poke|p2|Urshifu-*, L50, M|\n|poke|p2|Lunala, L50|\n|poke|p2|Ursaluna, L50, M|\n|teampreview|4\nTheManOfSausage has agreed to open team sheets.\n|inactive|Battle timer is ON: inactive players will automatically lose when time's up. (requested by navinsachump)\n|inactive|navinsachump has 60 seconds left.\n|\n|t:|1775890687\n|teamsize|p1|4\n|teamsize|p2|4\n|start\n|switch|p1a: Magical Mirai|Miraidon, L50|100/100\n|switch|p1b: Ogurin|Calyrex-Ice, L50|100/100\n|switch|p2a: Miraidon|Miraidon, L50|100/100\n|switch|p2b: Lunala|Lunala, L50|100/100\n|-ability|p1b: Ogurin|As One\n|-ability|p1b: Ogurin|Unnerve\n|-fieldstart|move: Electric Terrain|[from] ability: Hadron Engine|[of] p1a: Magical Mirai\n|-enditem|p2b: Lunala|Electric Seed\n|-boost|p2b: Lunala|def|1|[from] item: Electric Seed\n|-activate|p2a: Miraidon|ability: Hadron Engine\n|turn|1\n|\n|t:|1775890709\n|switch|p2a: Ursaluna|Ursaluna, L50, M|100/100\n|move|p1b: Ogurin|Protect|p1b: Ogurin\n|-singleturn|p1b: Ogurin|Protect\n|move|p2b: Lunala|Wide Guard|p2b: Lunala\n|-singleturn|p2b: Lunala|Wide Guard\n|move|p1a: Magical Mirai|Volt Switch|p2b: Lunala\n|-damage|p2b: Lunala|74/100\n|\n|t:|1775890714\n|switch|p1a: Urshifu|Urshifu-Rapid-Strike, L50, M|100/100|[from] Volt Switch\n|\n|-status|p2a: Ursaluna|brn|[from] item: Flame Orb\n|upkeep\n|turn|2\n|inactive|navinsachump has 30 seconds left.\n|\n|t:|1775890742\n|-terastallize|p2a: Ursaluna|Ghost\n|-terastallize|p1b: Ogurin|Water\n|move|p1a: Urshifu|Surging Strikes|p2a: Ursaluna\n|-crit|p2a: Ursaluna\n|-damage|p2a: Ursaluna|85/100 brn\n|-crit|p2a: Ursaluna\n|-damage|p2a: Ursaluna|68/100 brn\n|-crit|p2a: Ursaluna\n|-damage|p2a: Ursaluna|52/100 brn\n|-hitcount|p2a: Ursaluna|3\n|move|p2b: Lunala|Moongeist Beam|p1b: Ogurin\n|-damage|p1b: Ogurin|61/100\n|move|p2a: Ursaluna|Facade|p1b: Ogurin\n|-damage|p1b: Ogurin|0 fnt\n|faint|p1b: Ogurin\n|\n|-damage|p2a: Ursaluna|46/100 brn|[from] brn\n|upkeep\n|\n|t:|1775890759\n|switch|p1b: Magical Mirai|Miraidon, L50|100/100\n|-activate|p1b: Magical Mirai|ability: Hadron Engine\n|turn|3\n|\n|t:|1775890776\n|switch|p2b: Miraidon|Miraidon, L50|100/100\n|-activate|p2b: Miraidon|ability: Hadron Engine\n|move|p1b: Magical Mirai|Draco Meteor|p2b: Miraidon\n|-supereffective|p2b: Miraidon\n|-damage|p2b: Miraidon|0 fnt\n|-unboost|p1b: Magical Mirai|spa|2\n|faint|p2b: Miraidon\n|move|p1a: Urshifu|Surging Strikes|p2a: Ursaluna\n|-crit|p2a: Ursaluna\n|-damage|p2a: Ursaluna|28/100 brn\n|-crit|p2a: Ursaluna\n|-damage|p2a: Ursaluna|13/100 brn\n|-crit|p2a: Ursaluna\n|-damage|p2a: Ursaluna|0 fnt\n|faint|p2a: Ursaluna\n|-hitcount|p2: Ursaluna|3\n|\n|upkeep\n|\n|t:|1775890780\n|switch|p2b: Incineroar|Incineroar, L50, F|100/100\n|switch|p2a: Lunala|Lunala, L50|74/100\n|-ability|p2b: Incineroar|Intimidate|boost\n|-unboost|p1a: Urshifu|atk|1\n|-unboost|p1b: Magical Mirai|atk|1\n|turn|4\n|\n|t:|1775890788\n|switch|p1b: Brian|Iron Hands, L50, shiny|100/100\n|-activate|p1b: Brian|ability: Quark Drive\n|-start|p1b: Brian|quarkdriveatk\n|move|p1a: Urshifu|Detect|p1a: Urshifu\n|-singleturn|p1a: Urshifu|Protect\n|move|p2b: Incineroar|Fake Out|p1a: Urshifu\n|-activate|p1a: Urshifu|move: Protect\n|move|p2a: Lunala|Trick Room|p2a: Lunala\n|-fieldstart|move: Trick Room|[of] p2a: Lunala\n|\n|upkeep\n|turn|5\n|\n|t:|1775890796\n|move|p1b: Brian|Drain Punch|p2b: Incineroar\n|-supereffective|p2b: Incineroar\n|-damage|p2b: Incineroar|0 fnt\n|faint|p2b: Incineroar\n|move|p2a: Lunala|Moonblast|p1a: Urshifu\n|-supereffective|p1a: Urshifu\n|-enditem|p1a: Urshifu|Focus Sash\n|-damage|p1a: Urshifu|1/100\n|-unboost|p1a: Urshifu|spa|1\n|move|p1a: Urshifu|Surging Strikes|p2a: Lunala\n|-crit|p2a: Lunala\n|-damage|p2a: Lunala|58/100\n|-crit|p2a: Lunala\n|-damage|p2a: Lunala|42/100\n|-crit|p2a: Lunala\n|-damage|p2a: Lunala|26/100\n|-hitcount|p2a: Lunala|3\n|\n|-fieldend|move: Electric Terrain\n|-end|p1b: Brian|Quark Drive\n|upkeep\n|turn|6\n|j| womp monk\n|-message|navinsachump forfeited.\n|\n|win|TheManOfSausage\n|raw|TheManOfSausage's rating: 1681 &rarr; <strong>1695</strong><br />(+14 for winning)\n|raw|navinsachump's rating: 1571 &rarr; <strong>1557</strong><br />(-14 for losing)\n|l|\u2606navinsachump\n|player|p2|\n|c|\u2606TheManOfSausage|gg\n|l| womp monk\n|l|\u2606TheManOfSausage\n|player|p1|\n","uploadtime":1775890988,"views":36,"formatid":"gen9vgc2026regi","rating":1557,"private":0,"password":null}