{"id":"gen9vgc2026regi-2567711766","format":"[Gen 9] VGC 2026 Reg I","players":["iwontlookatursheet","ScribbleScribble"],"log":"|j|\u2606iwontlookatursheet\n|j|\u2606ScribbleScribble\n|t:|1774508330\n|gametype|doubles\n|player|p1|iwontlookatursheet|170|1464\n|player|p2|ScribbleScribble|mina-lgpe|1573\n|gen|9\n|tier|[Gen 9] VGC 2026 Reg I\n|rated|\n|rule|Species Clause: Limit one of each Pok\u00e9mon\n|rule|Item Clause: Limit 1 of each item\n|clearpoke\n|poke|p1|Calyrex-Ice, L50|\n|poke|p1|Miraidon, L50|\n|poke|p1|Smeargle, L50, F|\n|poke|p1|Urshifu-*, L50, F|\n|poke|p1|Volcarona, L50, F|\n|poke|p1|Incineroar, L50, M|\n|poke|p2|Calyrex-Ice, L50|\n|poke|p2|Kyogre, L50|\n|poke|p2|Tornadus, L50, M|\n|poke|p2|Indeedee-F, L50, F|\n|poke|p2|Urshifu-*, L50, M|\n|poke|p2|Landorus, L50, M|\n|teampreview|4\n|inactive|Battle timer is ON: inactive players will automatically lose when time's up. (requested by ScribbleScribble)\n|\n|t:|1774508349\n|teamsize|p1|4\n|teamsize|p2|4\n|start\n|switch|p1a: Calyrex|Calyrex-Ice, L50|100/100\n|switch|p1b: Smeargle|Smeargle, L50, F|100/100\n|switch|p2a: Calyrex|Calyrex-Ice, L50|100/100\n|switch|p2b: Indeedee|Indeedee-F, L50, F, shiny|100/100\n|-ability|p2a: Calyrex|As One\n|-ability|p2a: Calyrex|Unnerve\n|-ability|p1a: Calyrex|As One\n|-ability|p1a: Calyrex|Unnerve\n|-fieldstart|move: Psychic Terrain|[from] ability: Psychic Surge|[of] p2b: Indeedee\n|-enditem|p2b: Indeedee|Psychic Seed\n|-boost|p2b: Indeedee|spd|1|[from] item: Psychic Seed\n|turn|1\n|inactive|iwontlookatursheet has 30 seconds left.\n|inactive|ScribbleScribble has 30 seconds left.\n|inactive|ScribbleScribble has 20 seconds left.\n|\n|t:|1774508386\n|-terastallize|p2a: Calyrex|Grass\n|move|p1b: Smeargle|Decorate|p1a: Calyrex\n|-boost|p1a: Calyrex|atk|2\n|-boost|p1a: Calyrex|spa|2\n|move|p2a: Calyrex|Imprison|p2a: Calyrex\n|-start|p2a: Calyrex|move: Imprison\n|move|p2b: Indeedee|Psychic|p1b: Smeargle\n|-damage|p1b: Smeargle|23/100\n|-unboost|p1b: Smeargle|spd|1\n|cant|p1a: Calyrex|move: Imprison|Glacial Lance\n|\n|-ability|p1b: Smeargle|Moody|boost\n|-boost|p1b: Smeargle|spd|2\n|-unboost|p1b: Smeargle|spa|1\n|upkeep\n|turn|2\n|\n|t:|1774508400\n|move|p1b: Smeargle|Follow Me|p1b: Smeargle\n|-singleturn|p1b: Smeargle|move: Follow Me\n|move|p2a: Calyrex|Glacial Lance|p1a: Calyrex|[spread] p1a,p1b\n|-resisted|p1a: Calyrex\n|-damage|p1a: Calyrex|84/100\n|-damage|p1b: Smeargle|0 fnt\n|faint|p1b: Smeargle\n|-ability|p2a: Calyrex|Chilling Neigh|boost\n|-boost|p2a: Calyrex|atk|1\n|move|p2b: Indeedee|Psychic|p1a: Calyrex\n|-resisted|p1a: Calyrex\n|-damage|p1a: Calyrex|71/100\n|move|p1a: Calyrex|High Horsepower|p2b: Indeedee\n|-damage|p2b: Indeedee|24/100\n|\n|upkeep\n|\n|t:|1774508411\n|switch|p1b: Miraidon|Miraidon, L50|100/100\n|-fieldstart|move: Electric Terrain|[from] ability: Hadron Engine|[of] p1b: Miraidon\n|turn|3\n|\n|t:|1774508422\n|move|p1a: Calyrex|Protect|p1a: Calyrex\n|-singleturn|p1a: Calyrex|Protect\n|move|p2b: Indeedee|Follow Me|p2b: Indeedee\n|-singleturn|p2b: Indeedee|move: Follow Me\n|move|p1b: Miraidon|Volt Switch|p2b: Indeedee\n|-damage|p2b: Indeedee|0 fnt\n|faint|p2b: Indeedee\n|\n|t:|1774508430\n|switch|p1b: Urshifu|Urshifu-Rapid-Strike, L50, F|100/100|[from] Volt Switch\n|move|p2a: Calyrex|Glacial Lance|p1b: Urshifu|[spread] p1b\n|-activate|p1a: Calyrex|move: Protect\n|-resisted|p1b: Urshifu\n|-damage|p1b: Urshifu|65/100\n|\n|upkeep\n|\n|t:|1774508433\n|switch|p2b: Tornadus|Tornadus, L50, M|100/100\n|turn|4\n|\n|t:|1774508443\n|-terastallize|p1b: Urshifu|Water\n|move|p2b: Tornadus|Tailwind|p2b: Tornadus\n|-sidestart|p2: ScribbleScribble|move: Tailwind\n|move|p2a: Calyrex|Seed Bomb|p1b: Urshifu\n|-supereffective|p1b: Urshifu\n|-damage|p1b: Urshifu|0 fnt\n|faint|p1b: Urshifu\n|-ability|p2a: Calyrex|Chilling Neigh|boost\n|-boost|p2a: Calyrex|atk|1\n|move|p1a: Calyrex|High Horsepower|p2a: Calyrex\n|-resisted|p2a: Calyrex\n|-damage|p2a: Calyrex|73/100\n|\n|upkeep\n|\n|t:|1774508455\n|switch|p1b: Miraidon|Miraidon, L50|100/100\n|-activate|p1b: Miraidon|ability: Hadron Engine\n|turn|5\n|\n|t:|1774508466\n|move|p2b: Tornadus|Bleakwind Storm|p1a: Calyrex|[spread] p1a,p1b\n|-resisted|p1b: Miraidon\n|-damage|p1a: Calyrex|44/100\n|-damage|p1b: Miraidon|86/100\n|-unboost|p1b: Miraidon|spe|1\n|move|p2a: Calyrex|Glacial Lance|p1a: Calyrex|[spread] p1a,p1b\n|-resisted|p1a: Calyrex\n|-supereffective|p1b: Miraidon\n|-damage|p1a: Calyrex|13/100\n|-damage|p1b: Miraidon|0 fnt\n|faint|p1b: Miraidon\n|-ability|p2a: Calyrex|Chilling Neigh|boost\n|-boost|p2a: Calyrex|atk|1\n|move|p1a: Calyrex|High Horsepower|p2a: Calyrex\n|-resisted|p2a: Calyrex\n|-damage|p2a: Calyrex|45/100\n|\n|upkeep\n|turn|6\n|-message|iwontlookatursheet forfeited.\n|\n|win|ScribbleScribble\n|raw|iwontlookatursheet's rating: 1464 &rarr; <strong>1451</strong><br />(-13 for losing)\n|raw|ScribbleScribble's rating: 1589 &rarr; <strong>1602</strong><br />(+13 for winning)\n|l|\u2606iwontlookatursheet\n|player|p1|\n|l|\u2606ScribbleScribble\n|player|p2|\n","uploadtime":1774508684,"views":16,"formatid":"gen9vgc2026regi","rating":1451,"private":0,"password":null}