{"id":"gen9vgc2026regi-2526618201","format":"[Gen 9] VGC 2026 Reg I","players":["Holmesi","qingxi\u98ce\u5996\u7cbe\u4fa0fyjx"],"log":"|j|\u2606Holmesi\n|j|\u2606qingxi\u98ce\u5996\u7cbe\u4fa0fyjx\n|t:|1769441275\n|gametype|doubles\n|player|p1|Holmesi|169|1192\n|player|p2|qingxi\u98ce\u5996\u7cbe\u4fa0fyjx|beauty-gen4dp|1147\n|gen|9\n|tier|[Gen 9] VGC 2026 Reg I\n|rated|\n|rule|Species Clause: Limit one of each Pok\u00e9mon\n|rule|Item Clause: Limit 1 of each item\n|clearpoke\n|poke|p1|Incineroar, L50, F|\n|poke|p1|Zekrom, L50|\n|poke|p1|Reshiram, L50|\n|poke|p1|Indeedee-F, L50, F|\n|poke|p1|Urshifu-*, L50, F|\n|poke|p1|Whimsicott, L50, M|\n|poke|p2|Calyrex-Shadow, L50|\n|poke|p2|Zamazenta-*, L50|\n|poke|p2|Whimsicott, L50, F|\n|poke|p2|Maushold-Four, L50|\n|poke|p2|Chi-Yu, L50|\n|poke|p2|Amoonguss, L50, M|\n|teampreview|4\n|inactive|Battle timer is ON: inactive players will automatically lose when time's up. (requested by Holmesi)\n|\n|t:|1769441311\n|teamsize|p1|4\n|teamsize|p2|4\n|start\n|switch|p1a: Urshifu|Urshifu-Rapid-Strike, L50, F|100/100\n|switch|p1b: Whimsicott|Whimsicott, L50, M|100/100\n|switch|p2a: Whimsicott|Whimsicott, L50, F, shiny|100/100\n|switch|p2b: Maushold|Maushold-Four, L50, shiny|100/100\n|turn|1\n|j| Rxu\n|\n|t:|1769441327\n|-terastallize|p1a: Urshifu|Water\n|move|p2a: Whimsicott|Tailwind|p2a: Whimsicott\n|-sidestart|p2: qingxi\u98ce\u5996\u7cbe\u4fa0fyjx|move: Tailwind\n|move|p1b: Whimsicott|Tailwind|p1b: Whimsicott\n|-sidestart|p1: Holmesi|move: Tailwind\n|move|p2b: Maushold|Population Bomb|p1a: Urshifu\n|-damage|p1a: Urshifu|90/100\n|-damage|p1a: Urshifu|78/100\n|-damage|p1a: Urshifu|66/100\n|-hitcount|p1a: Urshifu|3\n|move|p1a: Urshifu|Surging Strikes|p2b: Maushold\n|-crit|p2b: Maushold\n|-damage|p2b: Maushold|32/100\n|-crit|p2b: Maushold\n|-damage|p2b: Maushold|0 fnt\n|faint|p2b: Maushold\n|-hitcount|p2: Maushold|2\n|\n|upkeep\n|\n|t:|1769441336\n|switch|p2b: Calyrex|Calyrex-Shadow, L50|100/100\n|-ability|p2b: Calyrex|As One\n|-ability|p2b: Calyrex|Unnerve\n|turn|2\n|\n|t:|1769441345\n|switch|p1a: Incineroar|Incineroar, L50, F|100/100\n|-ability|p1a: Incineroar|Intimidate|boost\n|-unboost|p2a: Whimsicott|atk|1\n|-unboost|p2b: Calyrex|atk|1\n|move|p1b: Whimsicott|Encore|p2a: Whimsicott\n|-start|p2a: Whimsicott|Encore\n|move|p2b: Calyrex|Astral Barrage|p1a: Incineroar|[spread] p1a,p1b\n|-resisted|p1a: Incineroar\n|-damage|p1a: Incineroar|70/100\n|-damage|p1b: Whimsicott|10/100\n|-damage|p2b: Calyrex|91/100|[from] item: Life Orb\n|move|p2a: Whimsicott|Tailwind||[still]\n|-fail|p2a: Whimsicott\n|\n|upkeep\n|turn|3\n|\n|t:|1769441365\n|switch|p2a: Zamazenta|Zamazenta-Crowned, L50|100/100\n|-ability|p2a: Zamazenta|Dauntless Shield|boost\n|-boost|p2a: Zamazenta|def|1\n|switch|p1b: Reshiram|Reshiram, L50|100/100\n|-ability|p1b: Reshiram|Turboblaze\n|move|p2b: Calyrex|Protect|p2b: Calyrex\n|-singleturn|p2b: Calyrex|Protect\n|move|p1a: Incineroar|Knock Off|p2b: Calyrex\n|-activate|p2b: Calyrex|move: Protect\n|\n|upkeep\n|turn|4\n|\n|t:|1769441388\n|-terastallize|p2a: Zamazenta|Dragon\n|move|p2b: Calyrex|Astral Barrage|p1b: Reshiram|[spread] p1a,p1b\n|-resisted|p1a: Incineroar\n|-damage|p1a: Incineroar|41/100\n|-damage|p1b: Reshiram|62/100\n|-damage|p2b: Calyrex|81/100|[from] item: Life Orb\n|move|p2a: Zamazenta|Body Press|p1a: Incineroar\n|-supereffective|p1a: Incineroar\n|-damage|p1a: Incineroar|0 fnt\n|-damage|p2a: Zamazenta|84/100|[from] item: Rocky Helmet|[of] p1a: Incineroar\n|faint|p1a: Incineroar\n|move|p1b: Reshiram|Blue Flare|p2a: Zamazenta\n|-resisted|p2a: Zamazenta\n|-damage|p2a: Zamazenta|57/100\n|-status|p2a: Zamazenta|brn\n|\n|-damage|p2a: Zamazenta|51/100 brn|[from] brn\n|-sideend|p1: Holmesi|move: Tailwind\n|-sideend|p2: qingxi\u98ce\u5996\u7cbe\u4fa0fyjx|move: Tailwind\n|upkeep\n|\n|t:|1769441395\n|switch|p1a: Whimsicott|Whimsicott, L50, M|10/100\n|turn|5\n|\n|t:|1769441415\n|move|p1a: Whimsicott|Tailwind|p1a: Whimsicott\n|-sidestart|p1: Holmesi|move: Tailwind\n|move|p1b: Reshiram|Blue Flare|p2b: Calyrex\n|-damage|p2b: Calyrex|6/100\n|move|p2b: Calyrex|Astral Barrage|p1a: Whimsicott|[spread] p1a,p1b\n|-damage|p1a: Whimsicott|0 fnt\n|-damage|p1b: Reshiram|28/100\n|faint|p1a: Whimsicott\n|-ability|p2b: Calyrex|Grim Neigh|boost\n|-boost|p2b: Calyrex|spa|1\n|-damage|p2b: Calyrex|0 fnt|[from] item: Life Orb\n|faint|p2b: Calyrex\n|move|p2a: Zamazenta|Body Press|p1b: Reshiram\n|-damage|p1b: Reshiram|0 fnt\n|faint|p1b: Reshiram\n|\n|-damage|p2a: Zamazenta|45/100 brn|[from] brn\n|upkeep\n|\n|t:|1769441424\n|switch|p2b: Whimsicott|Whimsicott, L50, F, shiny|100/100\n|switch|p1b: Urshifu|Urshifu-Rapid-Strike, L50, F, tera:Water|66/100\n|turn|6\n|\n|t:|1769441446\n|move|p2b: Whimsicott|Tailwind|p2b: Whimsicott\n|-sidestart|p2: qingxi\u98ce\u5996\u7cbe\u4fa0fyjx|move: Tailwind\n|move|p2a: Zamazenta|Body Press|p1b: Urshifu\n|-damage|p1b: Urshifu|27/100\n|move|p1b: Urshifu|Surging Strikes|p2a: Zamazenta\n|-resisted|p2a: Zamazenta\n|-crit|p2a: Zamazenta\n|-damage|p2a: Zamazenta|33/100 brn\n|-resisted|p2a: Zamazenta\n|-crit|p2a: Zamazenta\n|-damage|p2a: Zamazenta|22/100 brn\n|-resisted|p2a: Zamazenta\n|-crit|p2a: Zamazenta\n|-damage|p2a: Zamazenta|10/100 brn\n|-hitcount|p2a: Zamazenta|3\n|\n|-damage|p2a: Zamazenta|4/100 brn|[from] brn\n|upkeep\n|turn|7\n|\n|t:|1769441458\n|move|p2b: Whimsicott|Encore|p1b: Urshifu\n|-start|p1b: Urshifu|Encore\n|move|p2a: Zamazenta|Body Press|p1b: Urshifu\n|-damage|p1b: Urshifu|0 fnt\n|faint|p1b: Urshifu\n|\n|win|qingxi\u98ce\u5996\u7cbe\u4fa0fyjx\n|raw|Holmesi's rating: 1192 &rarr; <strong>1164</strong><br />(-28 for losing)\n|raw|qingxi\u98ce\u5996\u7cbe\u4fa0fyjx's rating: 1147 &rarr; <strong>1175</strong><br />(+28 for winning)\n|l|\u2606Holmesi\n|player|p1|\n|l|\u2606qingxi\u98ce\u5996\u7cbe\u4fa0fyjx\n|player|p2|\n|l| Rxu\n","uploadtime":1769441615,"views":14,"formatid":"gen9vgc2026regi","rating":1164,"private":0,"password":null}