{"id":"gen9vgc2026regi-2549402667","format":"[Gen 9] VGC 2026 Reg I","players":["drive stone","Erseo05"],"log":"|j|\u2606drive stone\n|j|\u2606Erseo05\n|t:|1772360587\n|gametype|doubles\n|player|p1|drive stone|cilan|1363\n|player|p2|Erseo05|lucas|1283\n|gen|9\n|tier|[Gen 9] VGC 2026 Reg I\n|rated|\n|rule|Species Clause: Limit one of each Pok\u00e9mon\n|rule|Item Clause: Limit 1 of each item\n|clearpoke\n|poke|p1|Calyrex-Ice, L50|\n|poke|p1|Ho-Oh, L50|\n|poke|p1|Overqwil, L50, M|\n|poke|p1|Rillaboom, L50, M|\n|poke|p1|Ting-Lu, L50|\n|poke|p1|Ogerpon-Wellspring, L50, F|\n|poke|p2|Calyrex-Ice, L50|\n|poke|p2|Indeedee-F, L50, F|\n|poke|p2|Lunala, L50|\n|poke|p2|Gothitelle, L50, F|\n|poke|p2|Scream Tail, L50|\n|poke|p2|Hatterene, L50, F|\n|teampreview|4\n|inactive|Battle timer is ON: inactive players will automatically lose when time's up. (requested by Erseo05)\n|inactive|drive stone has 60 seconds left.\n|inactive|Erseo05 has 60 seconds left.\n|\n|t:|1772360640\n|teamsize|p1|4\n|teamsize|p2|4\n|start\n|switch|p1a: Ting-Lu|Ting-Lu, L50|100/100\n|switch|p1b: Ho-Oh|Ho-Oh, L50|100/100\n|switch|p2a: Gothitelle|Gothitelle, L50, F|100/100\n|switch|p2b: Scream Tail|Scream Tail, L50|100/100\n|-ability|p1a: Ting-Lu|Vessel of Ruin\n|-enditem|p2b: Scream Tail|Booster Energy\n|-activate|p2b: Scream Tail|ability: Protosynthesis|[fromitem]\n|-start|p2b: Scream Tail|protosynthesisspe\n|turn|1\n|\n|t:|1772360658\n|move|p2a: Gothitelle|Fake Out|p1b: Ho-Oh\n|-damage|p1b: Ho-Oh|97/100\n|-damage|p2a: Gothitelle|84/100|[from] item: Rocky Helmet|[of] p1b: Ho-Oh\n|move|p2b: Scream Tail|Perish Song|p2b: Scream Tail\n|-start|p1a: Ting-Lu|perish3|[silent]\n|-start|p1b: Ho-Oh|perish3|[silent]\n|-start|p2a: Gothitelle|perish3|[silent]\n|-start|p2b: Scream Tail|perish3|[silent]\n|-fieldactivate|move: Perish Song\n|cant|p1b: Ho-Oh|flinch\n|move|p1a: Ting-Lu|Earthquake|p2b: Scream Tail|[spread] p2a,p2b\n|-immune|p1b: Ho-Oh\n|-damage|p2a: Gothitelle|37/100\n|-damage|p2b: Scream Tail|56/100\n|-enditem|p2a: Gothitelle|Sitrus Berry|[eat]\n|-heal|p2a: Gothitelle|62/100|[from] item: Sitrus Berry\n|\n|-start|p2b: Scream Tail|perish3\n|-start|p1b: Ho-Oh|perish3\n|-start|p2a: Gothitelle|perish3\n|-start|p1a: Ting-Lu|perish3\n|upkeep\n|turn|2\n|\n|t:|1772360679\n|move|p2a: Gothitelle|Protect|p2a: Gothitelle\n|-singleturn|p2a: Gothitelle|Protect\n|move|p2b: Scream Tail|Disable|p1a: Ting-Lu\n|-start|p1a: Ting-Lu|Disable|Earthquake\n|cant|p1a: Ting-Lu|Disable|Earthquake\n|move|p1b: Ho-Oh|Whirlwind|p2a: Gothitelle\n|drag|p2a: Lunala|Lunala, L50|100/100\n|\n|-start|p2b: Scream Tail|perish2\n|-start|p1b: Ho-Oh|perish2\n|-start|p1a: Ting-Lu|perish2\n|upkeep\n|turn|3\n|inactive|drive stone has 30 seconds left.\n|\n|t:|1772360705\n|-end|p2b: Scream Tail|Protosynthesis|[silent]\n|switch|p2b: Indeedee|Indeedee-F, L50, F|100/100\n|-fieldstart|move: Psychic Terrain|[from] ability: Psychic Surge|[of] p2b: Indeedee\n|switch|p1a: Overqwil|Overqwil, L50, M|100/100\n|-ability|p1a: Overqwil|Intimidate|boost\n|-unboost|p2a: Lunala|atk|1\n|-unboost|p2b: Indeedee|atk|1\n|move|p2a: Lunala|Expanding Force|p1a: Overqwil|[spread] p1b\n|-immune|p1a: Overqwil\n|-damage|p1b: Ho-Oh|55/100\n|move|p1b: Ho-Oh|Sacred Fire|p2a: Lunala\n|-damage|p2a: Lunala|85/100\n|\n|-heal|p2a: Lunala|91/100|[from] item: Leftovers\n|-start|p1b: Ho-Oh|perish1\n|upkeep\n|turn|4\n|\n|t:|1772360730\n|switch|p1b: Calyrex|Calyrex-Ice, L50|100/100\n|-ability|p1b: Calyrex|As One\n|-ability|p1b: Calyrex|Unnerve\n|switch|p2b: Gothitelle|Gothitelle, L50, F|62/100\n|-terastallize|p2a: Lunala|Fire\n|move|p2a: Lunala|Heat Wave|p1a: Overqwil|[spread] p1a\n|-miss|p2a: Lunala|p1b: Calyrex\n|-damage|p1a: Overqwil|58/100\n|move|p1a: Overqwil|Toxic Spikes|p2a: Lunala\n|-sidestart|p2: Erseo05|move: Toxic Spikes\n|\n|-heal|p2a: Lunala|97/100|[from] item: Leftovers\n|-heal|p1a: Overqwil|65/100|[from] item: Black Sludge\n|upkeep\n|turn|5\n|inactive|drive stone has 30 seconds left.\n|inactive|Erseo05 has 30 seconds left.\n|\n|t:|1772360762\n|-terastallize|p1b: Calyrex|Water\n|move|p2a: Lunala|Heat Wave|p1a: Overqwil|[spread] p1a,p1b\n|-resisted|p1b: Calyrex\n|-damage|p1a: Overqwil|29/100\n|-damage|p1b: Calyrex|88/100\n|move|p1a: Overqwil|Barb Barrage|p2b: Gothitelle\n|-damage|p2b: Gothitelle|41/100\n|move|p2b: Gothitelle|Psychic|p1b: Calyrex\n|-damage|p1b: Calyrex|66/100\n|move|p1b: Calyrex|Glacial Lance|p2b: Gothitelle|[spread] p2a,p2b\n|-resisted|p2a: Lunala\n|-damage|p2a: Lunala|79/100\n|-damage|p2b: Gothitelle|0 fnt\n|faint|p2b: Gothitelle\n|-ability|p1b: Calyrex|Chilling Neigh|boost\n|-boost|p1b: Calyrex|atk|1\n|\n|-heal|p2a: Lunala|85/100|[from] item: Leftovers\n|-heal|p1a: Overqwil|35/100|[from] item: Black Sludge\n|-heal|p1b: Calyrex|72/100|[from] item: Leftovers\n|upkeep\n|\n|t:|1772360772\n|switch|p2b: Scream Tail|Scream Tail, L50|56/100\n|-status|p2b: Scream Tail|psn\n|turn|6\n|\n|t:|1772360790\n|move|p2b: Scream Tail|Encore|p1b: Calyrex\n|-start|p1b: Calyrex|Encore\n|move|p2a: Lunala|Expanding Force|p1a: Overqwil|[spread] p1b\n|-immune|p1a: Overqwil\n|-damage|p1b: Calyrex|31/100\n|move|p1a: Overqwil|Barb Barrage|p2b: Scream Tail\n|-supereffective|p2b: Scream Tail\n|-damage|p2b: Scream Tail|0 fnt\n|faint|p2b: Scream Tail\n|-end|p2b: Scream Tail|Protosynthesis|[silent]\n|move|p1b: Calyrex|Glacial Lance|p2a: Lunala\n|-resisted|p2a: Lunala\n|-damage|p2a: Lunala|52/100\n|\n|-heal|p2a: Lunala|58/100|[from] item: Leftovers\n|-heal|p1a: Overqwil|41/100|[from] item: Black Sludge\n|-heal|p1b: Calyrex|37/100|[from] item: Leftovers\n|upkeep\n|\n|t:|1772360798\n|switch|p2b: Indeedee|Indeedee-F, L50, F|100/100\n|-status|p2b: Indeedee|psn\n|turn|7\n|-message|Erseo05 forfeited.\n|\n|win|drive stone\n|raw|drive stone's rating: 1363 &rarr; <strong>1378</strong><br />(+15 for winning)\n|raw|Erseo05's rating: 1283 &rarr; <strong>1264</strong><br />(-19 for losing)\n|l|\u2606Erseo05\n|player|p2|\n|l|\u2606drive stone\n|player|p1|\n","uploadtime":1772360953,"views":13,"formatid":"gen9vgc2026regi","rating":1264,"private":0,"password":null}