{"id":"gen9vgc2026regi-2577611085","format":"[Gen 9] VGC 2026 Reg I","players":["Pokemonst3r","itastelikeiron"],"log":"|j|\u2606Pokemonst3r\n|j|\u2606itastelikeiron\n|t:|1775590038\n|gametype|doubles\n|player|p1|Pokemonst3r|169|1610\n|player|p2|itastelikeiron|infielder|1601\n|gen|9\n|tier|[Gen 9] VGC 2026 Reg I\n|rated|\n|rule|Species Clause: Limit one of each Pok\u00e9mon\n|rule|Item Clause: Limit 1 of each item\n|clearpoke\n|poke|p1|Chien-Pao, L50|\n|poke|p1|Calyrex-Shadow, L50|\n|poke|p1|Dondozo, L50, M|\n|poke|p1|Zamazenta-*, L50|\n|poke|p1|Dragonite, L50, M|\n|poke|p1|Tatsugiri, L50, M|\n|poke|p2|Kyogre, L50|\n|poke|p2|Zacian-*, L50|\n|poke|p2|Incineroar, L50, M|\n|poke|p2|Raichu, L50, M|\n|poke|p2|Volcarona, L50, F|\n|poke|p2|Flutter Mane, L50|\n|teampreview|4\n|inactive|Battle timer is ON: inactive players will automatically lose when time's up. (requested by Pokemonst3r)\n|inactive|itastelikeiron has 60 seconds left.\n|\n|t:|1775590074\n|teamsize|p1|4\n|teamsize|p2|4\n|start\n|switch|p1a: Calyrex|Calyrex-Shadow, L50|100/100\n|switch|p1b: Zamazenta|Zamazenta-Crowned, L50|100/100\n|switch|p2a: Raichu|Raichu, L50, M|100/100\n|switch|p2b: Zacian|Zacian-Crowned, L50|100/100\n|-ability|p1a: Calyrex|As One\n|-ability|p1a: Calyrex|Unnerve\n|-ability|p2b: Zacian|Intrepid Sword|boost\n|-boost|p2b: Zacian|atk|1\n|-ability|p1b: Zamazenta|Dauntless Shield|boost\n|-boost|p1b: Zamazenta|def|1\n|turn|1\n|j| j0_star\n|c| j0_star|ewww calyrex\n|inactive|Pokemonst3r has 30 seconds left.\n|c| j0_star|whoever uses calyrex should off themselves\n|\n|t:|1775590105\n|move|p1b: Zamazenta|Protect|p1b: Zamazenta\n|-singleturn|p1b: Zamazenta|Protect\n|move|p2a: Raichu|Fake Out|p1b: Zamazenta\n|-activate|p1b: Zamazenta|move: Protect\n|move|p1a: Calyrex|Astral Barrage|p2a: Raichu|[spread] p2a,p2b\n|-damage|p2a: Raichu|51/100\n|-damage|p2b: Zacian|52/100\n|move|p2b: Zacian|Behemoth Blade|p1a: Calyrex\n|-damage|p1a: Calyrex|0 fnt\n|faint|p1a: Calyrex\n|\n|upkeep\n|\n|t:|1775590117\n|switch|p1a: Dondozo|Dondozo, L50, M|100/100\n|turn|2\n|\n|t:|1775590129\n|switch|p1b: Tatsugiri|Tatsugiri, L50, M|100/100\n|-activate|p1b: Tatsugiri|ability: Commander|[of] p1a: Dondozo\n|-boost|p1a: Dondozo|atk|2\n|-boost|p1a: Dondozo|spa|2\n|-boost|p1a: Dondozo|spe|2\n|-boost|p1a: Dondozo|def|2\n|-boost|p1a: Dondozo|spd|2\n|move|p2b: Zacian|Protect|p2b: Zacian\n|-singleturn|p2b: Zacian|Protect\n|move|p2a: Raichu|Nuzzle|p1a: Dondozo\n|-supereffective|p1a: Dondozo\n|-damage|p1a: Dondozo|96/100\n|-status|p1a: Dondozo|par\n|cant|p1a: Dondozo|par\n|\n|-heal|p1a: Dondozo|100/100 par|[from] item: Leftovers\n|upkeep\n|turn|3\n|\n|t:|1775590148\n|switch|p2b: Incineroar|Incineroar, L50, M|100/100\n|-ability|p2b: Incineroar|Intimidate|boost\n|-unboost|p1a: Dondozo|atk|1\n|-unboost|p1b: Tatsugiri|atk|1\n|move|p2a: Raichu|Thunder|p1a: Dondozo\n|-supereffective|p1a: Dondozo\n|-damage|p1a: Dondozo|74/100 par\n|move|p1a: Dondozo|Substitute|p1a: Dondozo\n|-start|p1a: Dondozo|Substitute\n|-damage|p1a: Dondozo|49/100 par\n|\n|-heal|p1a: Dondozo|55/100 par|[from] item: Leftovers\n|upkeep\n|turn|4\n|\n|t:|1775590168\n|move|p1a: Dondozo|Protect|p1a: Dondozo\n|-singleturn|p1a: Dondozo|Protect\n|move|p2a: Raichu|Thunder|p1a: Dondozo\n|-activate|p1a: Dondozo|move: Protect\n|move|p2b: Incineroar|Parting Shot|p1a: Dondozo\n|-activate|p1a: Dondozo|move: Protect\n|\n|-heal|p1a: Dondozo|61/100 par|[from] item: Leftovers\n|upkeep\n|turn|5\n|\n|t:|1775590183\n|-terastallize|p1a: Dondozo|Grass\n|move|p2a: Raichu|Thunder|p1a: Dondozo\n|-resisted|p1a: Dondozo\n|-activate|p1a: Dondozo|move: Substitute|[damage]\n|move|p2b: Incineroar|Parting Shot|p1a: Dondozo\n|-unboost|p1a: Dondozo|atk|1\n|-unboost|p1a: Dondozo|spa|1\n|\n|t:|1775590191\n|switch|p2b: Zacian|Zacian-Crowned, L50|52/100|[from] Parting Shot\n|move|p1a: Dondozo|Order Up|p2b: Zacian\n|-immune|p2b: Zacian\n|\n|-heal|p1a: Dondozo|68/100 par|[from] item: Leftovers\n|upkeep\n|turn|6\n|j| n789g68rgv75y6tv7\n|\n|t:|1775590203\n|switch|p2a: Incineroar|Incineroar, L50, M|100/100\n|-ability|p2a: Incineroar|Intimidate|boost\n|-immune|p1a: Dondozo\n|-unboost|p1b: Tatsugiri|atk|1\n|move|p2b: Zacian|Behemoth Blade|p1a: Dondozo\n|-end|p1a: Dondozo|Substitute\n|move|p1a: Dondozo|Order Up|p2a: Incineroar\n|-damage|p2a: Incineroar|85/100\n|-boost|p1a: Dondozo|atk|1\n|\n|-heal|p1a: Dondozo|74/100 par|[from] item: Leftovers\n|upkeep\n|turn|7\n|\n|t:|1775590216\n|move|p2b: Zacian|Behemoth Blade|p1a: Dondozo\n|-damage|p1a: Dondozo|56/100 par\n|move|p2a: Incineroar|Parting Shot|p1a: Dondozo\n|-unboost|p1a: Dondozo|atk|1\n|-unboost|p1a: Dondozo|spa|1\n|\n|t:|1775590225\n|switch|p2a: Kyogre|Kyogre, L50|100/100|[from] Parting Shot\n|-weather|RainDance|[from] ability: Drizzle|[of] p2a: Kyogre\n|move|p1a: Dondozo|Substitute|p1a: Dondozo\n|-start|p1a: Dondozo|Substitute\n|-damage|p1a: Dondozo|31/100 par\n|\n|-weather|RainDance|[upkeep]\n|-heal|p1a: Dondozo|38/100 par|[from] item: Leftovers\n|upkeep\n|turn|8\n|\n|t:|1775590234\n|move|p2a: Kyogre|Ice Beam|p1a: Dondozo\n|-supereffective|p1a: Dondozo\n|-end|p1a: Dondozo|Substitute\n|move|p2b: Zacian|Behemoth Blade|p1a: Dondozo\n|-damage|p1a: Dondozo|21/100 par\n|move|p1a: Dondozo|Earthquake|p2a: Kyogre|[spread] p2a,p2b\n|-miss|p1a: Dondozo|p1b: Tatsugiri\n|-supereffective|p2b: Zacian\n|-damage|p2a: Kyogre|80/100\n|-damage|p2b: Zacian|13/100\n|\n|-weather|RainDance|[upkeep]\n|-heal|p1a: Dondozo|27/100 par|[from] item: Leftovers\n|upkeep\n|turn|9\n|\n|t:|1775590246\n|move|p2a: Kyogre|Ice Beam|p1a: Dondozo\n|-supereffective|p1a: Dondozo\n|-damage|p1a: Dondozo|0 fnt\n|faint|p1a: Dondozo\n|move|p2b: Zacian|Behemoth Blade|p1b: Tatsugiri\n|-resisted|p1b: Tatsugiri\n|-damage|p1b: Tatsugiri|46/100\n|\n|-weather|RainDance|[upkeep]\n|upkeep\n|\n|t:|1775590254\n|switch|p1a: Zamazenta|Zamazenta-Crowned, L50|100/100\n|turn|10\n|\n|t:|1775590262\n|switch|p2b: Raichu|Raichu, L50, M|51/100\n|move|p2a: Kyogre|Ice Beam|p1b: Tatsugiri\n|-damage|p1b: Tatsugiri|17/100\n|move|p1a: Zamazenta|Body Press|p2a: Kyogre\n|-damage|p2a: Kyogre|32/100\n|move|p1b: Tatsugiri|Icy Wind|p2a: Kyogre|[spread] p2a,p2b\n|-resisted|p2a: Kyogre\n|-damage|p2a: Kyogre|26/100\n|-damage|p2b: Raichu|38/100\n|-unboost|p2a: Kyogre|spe|1\n|-unboost|p2b: Raichu|spe|1\n|\n|-weather|RainDance|[upkeep]\n|upkeep\n|turn|11\n|\n|t:|1775590284\n|move|p1a: Zamazenta|Protect|p1a: Zamazenta\n|-singleturn|p1a: Zamazenta|Protect\n|move|p2b: Raichu|Fake Out|p1a: Zamazenta\n|-activate|p1a: Zamazenta|move: Protect\n|move|p2a: Kyogre|Ice Beam|p1b: Tatsugiri\n|-damage|p1b: Tatsugiri|0 fnt\n|faint|p1b: Tatsugiri\n|\n|-weather|none\n|upkeep\n|turn|12\n|l| j0_star\n|\n|t:|1775590294\n|switch|p2a: Incineroar|Incineroar, L50, M|85/100\n|-ability|p2a: Incineroar|Intimidate|boost\n|-unboost|p1a: Zamazenta|atk|1\n|move|p1a: Zamazenta|Body Press|p2b: Raichu\n|-damage|p2b: Raichu|0 fnt\n|faint|p2b: Raichu\n|\n|upkeep\n|\n|t:|1775590306\n|switch|p2b: Kyogre|Kyogre, L50|26/100\n|-weather|RainDance|[from] ability: Drizzle|[of] p2b: Kyogre\n|turn|13\n|\n|t:|1775590316\n|-terastallize|p2a: Incineroar|Ghost\n|move|p1a: Zamazenta|Protect|p1a: Zamazenta\n|-singleturn|p1a: Zamazenta|Protect\n|move|p2b: Kyogre|Origin Pulse|p1a: Zamazenta\n|-activate|p1a: Zamazenta|move: Protect\n|move|p2a: Incineroar|Will-O-Wisp|p1a: Zamazenta\n|-activate|p1a: Zamazenta|move: Protect\n|\n|-weather|RainDance|[upkeep]\n|upkeep\n|turn|14\n|\n|t:|1775590326\n|move|p2b: Kyogre|Origin Pulse|p1a: Zamazenta|[miss]\n|-miss|p2b: Kyogre|p1a: Zamazenta\n|move|p1a: Zamazenta|Body Press|p2b: Kyogre\n|-damage|p2b: Kyogre|0 fnt\n|faint|p2b: Kyogre\n|move|p2a: Incineroar|Will-O-Wisp|p1a: Zamazenta\n|-status|p1a: Zamazenta|brn\n|\n|-weather|RainDance|[upkeep]\n|-damage|p1a: Zamazenta|94/100 brn|[from] brn\n|upkeep\n|\n|t:|1775590329\n|switch|p2b: Zacian|Zacian-Crowned, L50|13/100\n|turn|15\n|\n|t:|1775590340\n|move|p2b: Zacian|Protect|p2b: Zacian\n|-singleturn|p2b: Zacian|Protect\n|move|p1a: Zamazenta|Protect|p1a: Zamazenta\n|-singleturn|p1a: Zamazenta|Protect\n|move|p2a: Incineroar|Parting Shot|p1a: Zamazenta\n|-activate|p1a: Zamazenta|move: Protect\n|\n|-weather|RainDance|[upkeep]\n|-damage|p1a: Zamazenta|88/100 brn|[from] brn\n|upkeep\n|turn|16\n|j| Supremejustme3\n|\n|t:|1775590349\n|move|p2b: Zacian|Play Rough|p1a: Zamazenta\n|-damage|p1a: Zamazenta|59/100 brn\n|move|p1a: Zamazenta|Body Press|p2b: Zacian\n|-damage|p2b: Zacian|0 fnt\n|faint|p2b: Zacian\n|move|p2a: Incineroar|Parting Shot|p1a: Zamazenta\n|-unboost|p1a: Zamazenta|atk|1\n|-unboost|p1a: Zamazenta|spa|1\n|\n|-weather|RainDance|[upkeep]\n|-damage|p1a: Zamazenta|53/100 brn|[from] brn\n|upkeep\n|turn|17\n|\n|t:|1775590361\n|move|p1a: Zamazenta|Behemoth Bash|p2a: Incineroar\n|-damage|p2a: Incineroar|78/100\n|-damage|p1a: Zamazenta|37/100 brn|[from] item: Rocky Helmet|[of] p2a: Incineroar\n|move|p2a: Incineroar|Parting Shot|p1a: Zamazenta\n|-unboost|p1a: Zamazenta|atk|1\n|-unboost|p1a: Zamazenta|spa|1\n|\n|-weather|none\n|-damage|p1a: Zamazenta|31/100 brn|[from] brn\n|upkeep\n|turn|18\n|l| Supremejustme3\n|-message|Pokemonst3r forfeited.\n|\n|win|itastelikeiron\n|raw|Pokemonst3r's rating: 1610 &rarr; <strong>1589</strong><br />(-21 for losing)\n|raw|itastelikeiron's rating: 1601 &rarr; <strong>1622</strong><br />(+21 for winning)\n|l|\u2606Pokemonst3r\n|player|p1|\n","uploadtime":1775590368,"views":38,"formatid":"gen9vgc2026regi","rating":1589,"private":0,"password":null}