{"id":"gen9vgc2026regi-2558137743","format":"[Gen 9] VGC 2026 Reg I","players":["mantyclap","BanKingambit69247"],"log":"|j|\u203dmantyclap\n|j|\u2606BanKingambit69247\n|t:|1773407191\n|gametype|doubles\n|player|p1|mantyclap|may|1408\n|player|p2|BanKingambit69247|169|1524\n|gen|9\n|tier|[Gen 9] VGC 2026 Reg I\n|rated|\n|rule|Species Clause: Limit one of each Pok\u00e9mon\n|rule|Item Clause: Limit 1 of each item\n|clearpoke\n|poke|p1|Kyogre, L50|\n|poke|p1|Calyrex-Ice, L50|\n|poke|p1|Rillaboom, L50, F|\n|poke|p1|Farigiraf, L50, F|\n|poke|p1|Urshifu-*, L50, F|\n|poke|p1|Whimsicott, L50, F|\n|poke|p2|Calyrex-Shadow, L50|\n|poke|p2|Zamazenta-*, L50|\n|poke|p2|Chien-Pao, L50|\n|poke|p2|Smeargle, L50, M|\n|poke|p2|Tatsugiri-Droopy, L50, F|\n|poke|p2|Dondozo, L50, F|\n|teampreview|4\n|inactive|Battle timer is ON: inactive players will automatically lose when time's up. (requested by BanKingambit69247)\n|inactive|mantyclap has 60 seconds left.\n|\n|t:|1773407252\n|teamsize|p1|4\n|teamsize|p2|4\n|start\n|switch|p1a: Whimsicott|Whimsicott, L50, F|100/100\n|switch|p1b: Kyogre|Kyogre, L50|100/100\n|switch|p2a: \u5582\u5582\u5582?\u5582\u5582\u5582?\ud83d\udc37\ud83d\udc37\ud83d\udc37|Chien-Pao, L50|100/100\n|switch|p2b: \u773c\u795e\u5446\u6ede\ud83e\udd2a|Dondozo, L50, F, shiny|100/100\n|-ability|p2a: \u5582\u5582\u5582?\u5582\u5582\u5582?\ud83d\udc37\ud83d\udc37\ud83d\udc37|Sword of Ruin\n|-weather|RainDance|[from] ability: Drizzle|[of] p1b: Kyogre\n|turn|1\n|inactive|mantyclap has 30 seconds left.\n|inactive|mantyclap has 20 seconds left.\n|inactive|mantyclap has 15 seconds left.\n|inactive|mantyclap has 10 seconds left.\n|inactive|BanKingambit69247 has 30 seconds left.\n|inactive|BanKingambit69247 has 20 seconds left.\n|inactive|BanKingambit69247 has 15 seconds left.\n|\n|t:|1773407318\n|switch|p2a: \u767d\u8272\u5c0f\u6590\u6d4e\u5317\ud83d\ude0b|Tatsugiri-Droopy, L50, F, shiny|100/100\n|-activate|p2a: \u767d\u8272\u5c0f\u6590\u6d4e\u5317\ud83d\ude0b|ability: Commander|[of] p2b: \u773c\u795e\u5446\u6ede\ud83e\udd2a\n|-boost|p2b: \u773c\u795e\u5446\u6ede\ud83e\udd2a|atk|2\n|-boost|p2b: \u773c\u795e\u5446\u6ede\ud83e\udd2a|spa|2\n|-boost|p2b: \u773c\u795e\u5446\u6ede\ud83e\udd2a|spe|2\n|-boost|p2b: \u773c\u795e\u5446\u6ede\ud83e\udd2a|def|2\n|-boost|p2b: \u773c\u795e\u5446\u6ede\ud83e\udd2a|spd|2\n|move|p1a: Whimsicott|Taunt|p2b: \u773c\u795e\u5446\u6ede\ud83e\udd2a\n|-start|p2b: \u773c\u795e\u5446\u6ede\ud83e\udd2a|move: Taunt\n|move|p2b: \u773c\u795e\u5446\u6ede\ud83e\udd2a|Heavy Slam|p1a: Whimsicott\n|-supereffective|p1a: Whimsicott\n|-enditem|p1a: Whimsicott|Focus Sash\n|-damage|p1a: Whimsicott|1/100\n|move|p1b: Kyogre|Origin Pulse|p2b: \u773c\u795e\u5446\u6ede\ud83e\udd2a|[spread] p2b\n|-miss|p1b: Kyogre|p2a: \u767d\u8272\u5c0f\u6590\u6d4e\u5317\ud83d\ude0b\n|-resisted|p2b: \u773c\u795e\u5446\u6ede\ud83e\udd2a\n|-damage|p2b: \u773c\u795e\u5446\u6ede\ud83e\udd2a|76/100\n|\n|-weather|RainDance|[upkeep]\n|-heal|p2b: \u773c\u795e\u5446\u6ede\ud83e\udd2a|82/100|[from] item: Leftovers\n|upkeep\n|turn|2\n|inactive|mantyclap has 30 seconds left.\n|\n|t:|1773407356\n|switch|p1b: Urshifu|Urshifu-Rapid-Strike, L50, F|100/100\n|move|p1a: Whimsicott|Tailwind|p1a: Whimsicott\n|-sidestart|p1: mantyclap|move: Tailwind\n|move|p2b: \u773c\u795e\u5446\u6ede\ud83e\udd2a|Body Press|p1b: Urshifu\n|-damage|p1b: Urshifu|58/100\n|\n|-weather|RainDance|[upkeep]\n|-heal|p2b: \u773c\u795e\u5446\u6ede\ud83e\udd2a|88/100|[from] item: Leftovers\n|upkeep\n|turn|3\n|\n|t:|1773407376\n|switch|p1a: Kyogre|Kyogre, L50|100/100\n|move|p1b: Urshifu|Surging Strikes|p2b: \u773c\u795e\u5446\u6ede\ud83e\udd2a\n|-resisted|p2b: \u773c\u795e\u5446\u6ede\ud83e\udd2a\n|-crit|p2b: \u773c\u795e\u5446\u6ede\ud83e\udd2a\n|-damage|p2b: \u773c\u795e\u5446\u6ede\ud83e\udd2a|73/100\n|-resisted|p2b: \u773c\u795e\u5446\u6ede\ud83e\udd2a\n|-crit|p2b: \u773c\u795e\u5446\u6ede\ud83e\udd2a\n|-damage|p2b: \u773c\u795e\u5446\u6ede\ud83e\udd2a|58/100\n|-resisted|p2b: \u773c\u795e\u5446\u6ede\ud83e\udd2a\n|-crit|p2b: \u773c\u795e\u5446\u6ede\ud83e\udd2a\n|-damage|p2b: \u773c\u795e\u5446\u6ede\ud83e\udd2a|42/100\n|-hitcount|p2b: \u773c\u795e\u5446\u6ede\ud83e\udd2a|3\n|move|p2b: \u773c\u795e\u5446\u6ede\ud83e\udd2a|Heavy Slam|p1a: Kyogre\n|-resisted|p1a: Kyogre\n|-damage|p1a: Kyogre|92/100\n|\n|-weather|RainDance|[upkeep]\n|-heal|p2b: \u773c\u795e\u5446\u6ede\ud83e\udd2a|48/100|[from] item: Leftovers\n|-end|p2b: \u773c\u795e\u5446\u6ede\ud83e\udd2a|move: Taunt\n|upkeep\n|turn|4\n|\n|t:|1773407393\n|move|p1b: Urshifu|Surging Strikes|p2b: \u773c\u795e\u5446\u6ede\ud83e\udd2a\n|-resisted|p2b: \u773c\u795e\u5446\u6ede\ud83e\udd2a\n|-crit|p2b: \u773c\u795e\u5446\u6ede\ud83e\udd2a\n|-damage|p2b: \u773c\u795e\u5446\u6ede\ud83e\udd2a|33/100\n|-resisted|p2b: \u773c\u795e\u5446\u6ede\ud83e\udd2a\n|-crit|p2b: \u773c\u795e\u5446\u6ede\ud83e\udd2a\n|-damage|p2b: \u773c\u795e\u5446\u6ede\ud83e\udd2a|18/100\n|-resisted|p2b: \u773c\u795e\u5446\u6ede\ud83e\udd2a\n|-crit|p2b: \u773c\u795e\u5446\u6ede\ud83e\udd2a\n|-damage|p2b: \u773c\u795e\u5446\u6ede\ud83e\udd2a|2/100\n|-hitcount|p2b: \u773c\u795e\u5446\u6ede\ud83e\udd2a|3\n|move|p1a: Kyogre|Thunder|p2b: \u773c\u795e\u5446\u6ede\ud83e\udd2a\n|-supereffective|p2b: \u773c\u795e\u5446\u6ede\ud83e\udd2a\n|-damage|p2b: \u773c\u795e\u5446\u6ede\ud83e\udd2a|0 fnt\n|faint|p2b: \u773c\u795e\u5446\u6ede\ud83e\udd2a\n|\n|-weather|RainDance|[upkeep]\n|upkeep\n|\n|t:|1773407396\n|switch|p2b: \u9a6c\u5934\u725b\u903c\ud83d\udc36\ud83d\udc36\ud83d\udc36|Zamazenta-Crowned, L50|100/100\n|-ability|p2b: \u9a6c\u5934\u725b\u903c\ud83d\udc36\ud83d\udc36\ud83d\udc36|Dauntless Shield|boost\n|-boost|p2b: \u9a6c\u5934\u725b\u903c\ud83d\udc36\ud83d\udc36\ud83d\udc36|def|1\n|turn|5\n|\n|t:|1773407413\n|-terastallize|p2b: \u9a6c\u5934\u725b\u903c\ud83d\udc36\ud83d\udc36\ud83d\udc36|Grass\n|move|p1b: Urshifu|Surging Strikes|p2a: \u767d\u8272\u5c0f\u6590\u6d4e\u5317\ud83d\ude0b\n|-resisted|p2a: \u767d\u8272\u5c0f\u6590\u6d4e\u5317\ud83d\ude0b\n|-crit|p2a: \u767d\u8272\u5c0f\u6590\u6d4e\u5317\ud83d\ude0b\n|-damage|p2a: \u767d\u8272\u5c0f\u6590\u6d4e\u5317\ud83d\ude0b|79/100\n|-resisted|p2a: \u767d\u8272\u5c0f\u6590\u6d4e\u5317\ud83d\ude0b\n|-crit|p2a: \u767d\u8272\u5c0f\u6590\u6d4e\u5317\ud83d\ude0b\n|-damage|p2a: \u767d\u8272\u5c0f\u6590\u6d4e\u5317\ud83d\ude0b|58/100\n|-resisted|p2a: \u767d\u8272\u5c0f\u6590\u6d4e\u5317\ud83d\ude0b\n|-crit|p2a: \u767d\u8272\u5c0f\u6590\u6d4e\u5317\ud83d\ude0b\n|-damage|p2a: \u767d\u8272\u5c0f\u6590\u6d4e\u5317\ud83d\ude0b|33/100\n|-hitcount|p2a: \u767d\u8272\u5c0f\u6590\u6d4e\u5317\ud83d\ude0b|3\n|move|p1a: Kyogre|Thunder|p2b: \u9a6c\u5934\u725b\u903c\ud83d\udc36\ud83d\udc36\ud83d\udc36\n|-resisted|p2b: \u9a6c\u5934\u725b\u903c\ud83d\udc36\ud83d\udc36\ud83d\udc36\n|-damage|p2b: \u9a6c\u5934\u725b\u903c\ud83d\udc36\ud83d\udc36\ud83d\udc36|75/100\n|move|p2a: \u767d\u8272\u5c0f\u6590\u6d4e\u5317\ud83d\ude0b|Dragon Pulse|p1b: Urshifu\n|-damage|p1b: Urshifu|0 fnt\n|faint|p1b: Urshifu\n|move|p2b: \u9a6c\u5934\u725b\u903c\ud83d\udc36\ud83d\udc36\ud83d\udc36|Body Press|p1a: Kyogre\n|-damage|p1a: Kyogre|27/100\n|\n|-weather|none\n|-sideend|p1: mantyclap|move: Tailwind\n|upkeep\n|\n|t:|1773407431\n|switch|p1b: Whimsicott|Whimsicott, L50, F|1/100\n|turn|6\n|\n|t:|1773407448\n|switch|p1a: Farigiraf|Farigiraf, L50, F|100/100\n|move|p1b: Whimsicott|Tailwind|p1b: Whimsicott\n|-sidestart|p1: mantyclap|move: Tailwind\n|move|p2a: \u767d\u8272\u5c0f\u6590\u6d4e\u5317\ud83d\ude0b|Dragon Pulse|p1a: Farigiraf\n|-damage|p1a: Farigiraf|61/100\n|move|p2b: \u9a6c\u5934\u725b\u903c\ud83d\udc36\ud83d\udc36\ud83d\udc36|Heavy Slam|p1b: Whimsicott\n|-supereffective|p1b: Whimsicott\n|-damage|p1b: Whimsicott|0 fnt\n|faint|p1b: Whimsicott\n|\n|upkeep\n|\n|t:|1773407459\n|switch|p1b: Kyogre|Kyogre, L50|27/100\n|-weather|RainDance|[from] ability: Drizzle|[of] p1b: Kyogre\n|turn|7\n|inactive|mantyclap has 30 seconds left.\n|\n|t:|1773407488\n|move|p1b: Kyogre|Ice Beam|p2b: \u9a6c\u5934\u725b\u903c\ud83d\udc36\ud83d\udc36\ud83d\udc36\n|-supereffective|p2b: \u9a6c\u5934\u725b\u903c\ud83d\udc36\ud83d\udc36\ud83d\udc36\n|-damage|p2b: \u9a6c\u5934\u725b\u903c\ud83d\udc36\ud83d\udc36\ud83d\udc36|0 fnt\n|faint|p2b: \u9a6c\u5934\u725b\u903c\ud83d\udc36\ud83d\udc36\ud83d\udc36\n|move|p2a: \u767d\u8272\u5c0f\u6590\u6d4e\u5317\ud83d\ude0b|Dragon Pulse|p1b: Kyogre\n|-damage|p1b: Kyogre|2/100\n|move|p1a: Farigiraf|Psychic|p2a: \u767d\u8272\u5c0f\u6590\u6d4e\u5317\ud83d\ude0b\n|-damage|p2a: \u767d\u8272\u5c0f\u6590\u6d4e\u5317\ud83d\ude0b|0 fnt\n|faint|p2a: \u767d\u8272\u5c0f\u6590\u6d4e\u5317\ud83d\ude0b\n|\n|-weather|RainDance|[upkeep]\n|upkeep\n|\n|t:|1773407492\n|switch|p2a: \u5582\u5582\u5582?\u5582\u5582\u5582?\ud83d\udc37\ud83d\udc37\ud83d\udc37|Chien-Pao, L50|100/100\n|-ability|p2a: \u5582\u5582\u5582?\u5582\u5582\u5582?\ud83d\udc37\ud83d\udc37\ud83d\udc37|Sword of Ruin\n|turn|8\n|\n|t:|1773407517\n|move|p1b: Kyogre|Ice Beam|p2a: \u5582\u5582\u5582?\u5582\u5582\u5582?\ud83d\udc37\ud83d\udc37\ud83d\udc37\n|-resisted|p2a: \u5582\u5582\u5582?\u5582\u5582\u5582?\ud83d\udc37\ud83d\udc37\ud83d\udc37\n|-damage|p2a: \u5582\u5582\u5582?\u5582\u5582\u5582?\ud83d\udc37\ud83d\udc37\ud83d\udc37|74/100\n|move|p2a: \u5582\u5582\u5582?\u5582\u5582\u5582?\ud83d\udc37\ud83d\udc37\ud83d\udc37|Ice Spinner|p1b: Kyogre\n|-resisted|p1b: Kyogre\n|-damage|p1b: Kyogre|0 fnt\n|faint|p1b: Kyogre\n|move|p1a: Farigiraf|Thunder Wave|p2a: \u5582\u5582\u5582?\u5582\u5582\u5582?\ud83d\udc37\ud83d\udc37\ud83d\udc37\n|-status|p2a: \u5582\u5582\u5582?\u5582\u5582\u5582?\ud83d\udc37\ud83d\udc37\ud83d\udc37|par\n|\n|-weather|RainDance|[upkeep]\n|upkeep\n|turn|9\n|\n|t:|1773407529\n|move|p1a: Farigiraf|Foul Play|p2a: \u5582\u5582\u5582?\u5582\u5582\u5582?\ud83d\udc37\ud83d\udc37\ud83d\udc37\n|-resisted|p2a: \u5582\u5582\u5582?\u5582\u5582\u5582?\ud83d\udc37\ud83d\udc37\ud83d\udc37\n|-damage|p2a: \u5582\u5582\u5582?\u5582\u5582\u5582?\ud83d\udc37\ud83d\udc37\ud83d\udc37|58/100 par\n|move|p2a: \u5582\u5582\u5582?\u5582\u5582\u5582?\ud83d\udc37\ud83d\udc37\ud83d\udc37|Ice Spinner|p1a: Farigiraf\n|-damage|p1a: Farigiraf|23/100\n|\n|-weather|RainDance|[upkeep]\n|-sideend|p1: mantyclap|move: Tailwind\n|upkeep\n|turn|10\n|\n|t:|1773407537\n|move|p2a: \u5582\u5582\u5582?\u5582\u5582\u5582?\ud83d\udc37\ud83d\udc37\ud83d\udc37|Ice Spinner|p1a: Farigiraf\n|-damage|p1a: Farigiraf|0 fnt\n|faint|p1a: Farigiraf\n|\n|win|BanKingambit69247\n|raw|mantyclap's rating: 1408 &rarr; <strong>1394</strong><br />(-14 for losing)\n|raw|BanKingambit69247's rating: 1524 &rarr; <strong>1538</strong><br />(+14 for winning)\n","uploadtime":1773407540,"views":15,"formatid":"gen9vgc2026regi","rating":1394,"private":0,"password":null}