{"id":"gen9vgc2026regi-2577761163","format":"[Gen 9] VGC 2026 Reg I","players":["firefalls","don juan dozo"],"log":"|j|\u2606firefalls\n|j|\u2606don juan dozo\n|t:|1775603228\n|gametype|doubles\n|player|p1|firefalls|n|1376\n|player|p2|don juan dozo|101|1480\n|gen|9\n|tier|[Gen 9] VGC 2026 Reg I\n|rated|\n|rule|Species Clause: Limit one of each Pok\u00e9mon\n|rule|Item Clause: Limit 1 of each item\n|clearpoke\n|poke|p1|Walking Wake, L50|\n|poke|p1|Koraidon, L50|\n|poke|p1|Kingambit, L50, M|\n|poke|p1|Lunala, L50|\n|poke|p1|Brute Bonnet, L50|\n|poke|p1|Flutter Mane, L50|\n|poke|p2|Calyrex-Shadow, L50|\n|poke|p2|Zamazenta-*, L50|\n|poke|p2|Ting-Lu, L50|\n|poke|p2|Dondozo, L50, M|\n|poke|p2|Chien-Pao, L50|\n|poke|p2|Ogerpon-Hearthflame, L50, F|\n|teampreview|4\n|inactive|Battle timer is ON: inactive players will automatically lose when time's up. (requested by firefalls)\nfirefalls has agreed to open team sheets.\ndon juan dozo has agreed to open team sheets.\n|showteam|p1|Walking Wake||CovertCloak|Protosynthesis|HydroSteam,Snarl,Protect,DracoMeteor||||||50|,,,,,Water]Koraidon||LifeOrb|OrichalcumPulse|FlareBlitz,CloseCombat,Protect,FlameCharge||||||50|,,,,,Fire]Kingambit||AssaultVest|Defiant|KowtowCleave,IronHead,SuckerPunch,LowKick|||M|||50|,,,,,Ghost]Lunala||PowerHerb|ShadowShield|MeteorBeam,MoongeistBeam,WideGuard,TrickRoom||||||50|,,,,,Water]Brute Bonnet||SitrusBerry|Protosynthesis|Spore,RagePowder,SuckerPunch,SeedBomb||||||50|,,,,,Water]Flutter Mane||FocusSash|Protosynthesis|ShadowBall,Moonblast,IcyWind,Protect||||||50|,,,,,Stellar\n|showteam|p2|Calyrex-Shadow||FocusSash|AsOneSpectrier|Protect,AstralBarrage,Psychic,Encore||||||50|,,,,,Ghost]Zamazenta-Crowned||RustedShield|DauntlessShield|Protect,BodyPress,HeavySlam,WideGuard||||||50|,,,,,Dragon]Ting-Lu||RockyHelmet|VesselofRuin|Protect,SandTomb,Ruination,StealthRock||||||50|,,,,,Fairy]Dondozo||Leftovers|Oblivious|Protect,Yawn,WaveCrash,Substitute|||M|||50|,,,,,Dragon]Chien-Pao||LifeOrb|SwordofRuin|IceSpinner,ThroatChop,SuckerPunch,IceShard||||||50|,,,,,Stellar]Ogerpon-Hearthflame||HearthflameMask|MoldBreaker|SpikyShield,IvyCudgel,WoodHammer,FollowMe|||F|||50|,,,,,Fire\n|inactive|firefalls has 60 seconds left.\n|\n|t:|1775603275\n|teamsize|p1|4\n|teamsize|p2|4\n|start\n|switch|p1a: Flutter Mane|Flutter Mane, L50|100/100\n|switch|p1b: Koraidon|Koraidon, L50|100/100\n|switch|p2a: Jordan 96/97|Ting-Lu, L50|100/100\n|switch|p2b: Ivan Karamazov|Dondozo, L50, M|100/100\n|-weather|SunnyDay|[from] ability: Orichalcum Pulse|[of] p1b: Koraidon\n|-activate|p1a: Flutter Mane|ability: Protosynthesis\n|-start|p1a: Flutter Mane|protosynthesisspe\n|-activate|p1b: Koraidon|Orichalcum Pulse|[source]\n|-ability|p2a: Jordan 96/97|Vessel of Ruin\n|turn|1\n|inactive|firefalls has 30 seconds left.\n|inactive|firefalls has 20 seconds left.\n|inactive|firefalls has 15 seconds left.\n|inactive|firefalls has 10 seconds left.\n|inactive|firefalls has 5 seconds left.\n|\n|t:|1775603325\n|-terastallize|p2a: Jordan 96/97|Fairy\n|move|p1a: Flutter Mane|Moonblast|p2a: Jordan 96/97\n|-damage|p2a: Jordan 96/97|76/100\n|move|p1b: Koraidon|Flare Blitz|p2a: Jordan 96/97\n|-damage|p2a: Jordan 96/97|17/100\n|-status|p2a: Jordan 96/97|brn\n|-damage|p1b: Koraidon|84/100|[from] item: Rocky Helmet|[of] p2a: Jordan 96/97\n|-damage|p1b: Koraidon|56/100|[from] Recoil\n|-damage|p1b: Koraidon|46/100|[from] item: Life Orb\n|move|p2a: Jordan 96/97|Stealth Rock|p1b: Koraidon\n|-sidestart|p1: firefalls|move: Stealth Rock\n|move|p2b: Ivan Karamazov|Substitute|p2b: Ivan Karamazov\n|-start|p2b: Ivan Karamazov|Substitute\n|-damage|p2b: Ivan Karamazov|76/100\n|\n|-weather|SunnyDay|[upkeep]\n|-heal|p2b: Ivan Karamazov|82/100|[from] item: Leftovers\n|-damage|p2a: Jordan 96/97|11/100 brn|[from] brn\n|upkeep\n|turn|2\n|inactive|firefalls has 30 seconds left.\n|inactive|firefalls has 20 seconds left.\n|inactive|firefalls has 15 seconds left.\n|\n|t:|1775603367\n|move|p1a: Flutter Mane|Moonblast|p2b: Ivan Karamazov\n|-end|p2b: Ivan Karamazov|Substitute\n|move|p1b: Koraidon|Flame Charge|p2a: Jordan 96/97\n|-damage|p2a: Jordan 96/97|0 fnt\n|-boost|p1b: Koraidon|spe|1\n|-damage|p1b: Koraidon|29/100|[from] item: Rocky Helmet|[of] p2a: Jordan 96/97\n|faint|p2a: Jordan 96/97\n|-damage|p1b: Koraidon|20/100|[from] item: Life Orb\n|move|p2b: Ivan Karamazov|Yawn|p1a: Flutter Mane\n|-start|p1a: Flutter Mane|move: Yawn|[of] p2b: Ivan Karamazov\n|\n|-weather|SunnyDay|[upkeep]\n|-heal|p2b: Ivan Karamazov|88/100|[from] item: Leftovers\n|upkeep\n|\n|t:|1775603384\n|switch|p2a: 221 speed|Calyrex-Shadow, L50|100/100\n|-ability|p2a: 221 speed|As One\n|-ability|p2a: 221 speed|Unnerve\n|turn|3\n|\n|t:|1775603391\n|-end|p1a: Flutter Mane|Protosynthesis|[silent]\n|switch|p1a: Brute Bonnet|Brute Bonnet, L50|100/100\n|-damage|p1a: Brute Bonnet|88/100|[from] Stealth Rock\n|-activate|p1a: Brute Bonnet|ability: Protosynthesis\n|-start|p1a: Brute Bonnet|protosynthesisdef\n|move|p1b: Koraidon|Protect|p1b: Koraidon\n|-singleturn|p1b: Koraidon|Protect\n|move|p2a: 221 speed|Protect|p2a: 221 speed\n|-singleturn|p2a: 221 speed|Protect\n|move|p2b: Ivan Karamazov|Yawn|p1a: Brute Bonnet\n|-start|p1a: Brute Bonnet|move: Yawn|[of] p2b: Ivan Karamazov\n|\n|-weather|SunnyDay|[upkeep]\n|-heal|p2b: Ivan Karamazov|94/100|[from] item: Leftovers\n|upkeep\n|turn|4\n|inactive|firefalls has 30 seconds left.\n|inactive|firefalls has 20 seconds left.\n|\n|t:|1775603430\n|-end|p1a: Brute Bonnet|Protosynthesis|[silent]\n|switch|p1a: Flutter Mane|Flutter Mane, L50|100/100\n|-damage|p1a: Flutter Mane|88/100|[from] Stealth Rock\n|-activate|p1a: Flutter Mane|ability: Protosynthesis\n|-start|p1a: Flutter Mane|protosynthesisspe\n|move|p1b: Koraidon|Flare Blitz|p2a: 221 speed\n|-enditem|p2a: 221 speed|Focus Sash\n|-damage|p2a: 221 speed|1/100\n|-damage|p1b: Koraidon|0 fnt|[from] Recoil\n|faint|p1b: Koraidon\n|move|p2a: 221 speed|Astral Barrage|p1a: Flutter Mane\n|-supereffective|p1a: Flutter Mane\n|-damage|p1a: Flutter Mane|0 fnt\n|faint|p1a: Flutter Mane\n|-end|p1a: Flutter Mane|Protosynthesis|[silent]\n|-ability|p2a: 221 speed|Grim Neigh|boost\n|-boost|p2a: 221 speed|spa|1\n|move|p2b: Ivan Karamazov|Substitute|p2b: Ivan Karamazov\n|-start|p2b: Ivan Karamazov|Substitute\n|-damage|p2b: Ivan Karamazov|69/100\n|\n|-weather|SunnyDay|[upkeep]\n|-heal|p2b: Ivan Karamazov|76/100|[from] item: Leftovers\n|upkeep\n|\n|t:|1775603443\n|switch|p1b: Brute Bonnet|Brute Bonnet, L50|88/100\n|switch|p1a: Lunala|Lunala, L50|100/100\n|-damage|p1a: Lunala|88/100|[from] Stealth Rock\n|-damage|p1b: Brute Bonnet|76/100|[from] Stealth Rock\n|-activate|p1b: Brute Bonnet|ability: Protosynthesis\n|-start|p1b: Brute Bonnet|protosynthesisdef\n|turn|5\n|\n|t:|1775603465\n|-terastallize|p1a: Lunala|Water\n|move|p2a: 221 speed|Astral Barrage|p1a: Lunala|[spread] p1a,p1b\n|-resisted|p1b: Brute Bonnet\n|-damage|p1a: Lunala|27/100\n|-damage|p1b: Brute Bonnet|45/100\n|move|p1a: Lunala|Meteor Beam||[still]\n|-prepare|p1a: Lunala|Meteor Beam\n|-boost|p1a: Lunala|spa|1\n|-enditem|p1a: Lunala|Power Herb\n|-anim|p1a: Lunala|Meteor Beam|p2b: Ivan Karamazov\n|-end|p2b: Ivan Karamazov|Substitute\n|move|p1b: Brute Bonnet|Seed Bomb|p2a: 221 speed\n|-damage|p2a: 221 speed|0 fnt\n|-enditem|p1b: Brute Bonnet|Sitrus Berry|[eat]\n|-heal|p1b: Brute Bonnet|70/100|[from] item: Sitrus Berry\n|faint|p2a: 221 speed\n|move|p2b: Ivan Karamazov|Yawn|p1a: Lunala\n|-start|p1a: Lunala|move: Yawn|[of] p2b: Ivan Karamazov\n|\n|-weather|none\n|-end|p1b: Brute Bonnet|Protosynthesis\n|-heal|p2b: Ivan Karamazov|82/100|[from] item: Leftovers\n|upkeep\n|\n|t:|1775603475\n|switch|p2a: Magnus Carlsen|Zamazenta-Crowned, L50|100/100\n|-ability|p2a: Magnus Carlsen|Dauntless Shield|boost\n|-boost|p2a: Magnus Carlsen|def|1\n|turn|6\n|\n|t:|1775603496\n|move|p2a: Magnus Carlsen|Protect|p2a: Magnus Carlsen\n|-singleturn|p2a: Magnus Carlsen|Protect\n|move|p2b: Ivan Karamazov|Protect|p2b: Ivan Karamazov\n|-singleturn|p2b: Ivan Karamazov|Protect\n|move|p1b: Brute Bonnet|Spore|p2b: Ivan Karamazov\n|-activate|p2b: Ivan Karamazov|move: Protect\n|move|p1a: Lunala|Trick Room|p1a: Lunala\n|-fieldstart|move: Trick Room|[of] p1a: Lunala\n|\n|-heal|p2b: Ivan Karamazov|88/100|[from] item: Leftovers\n|-end|p1a: Lunala|move: Yawn|[silent]\n|-status|p1a: Lunala|slp\n|upkeep\n|turn|7\n|\n|t:|1775603515\n|move|p2b: Ivan Karamazov|Substitute|p2b: Ivan Karamazov\n|-start|p2b: Ivan Karamazov|Substitute\n|-damage|p2b: Ivan Karamazov|63/100\n|move|p1b: Brute Bonnet|Spore|p2a: Magnus Carlsen\n|-status|p2a: Magnus Carlsen|slp|[from] move: Spore\n|cant|p1a: Lunala|slp\n|cant|p2a: Magnus Carlsen|slp\n|\n|-heal|p2b: Ivan Karamazov|69/100|[from] item: Leftovers\n|upkeep\n|turn|8\n|\n|t:|1775603527\n|move|p2b: Ivan Karamazov|Yawn|p1b: Brute Bonnet\n|-start|p1b: Brute Bonnet|move: Yawn|[of] p2b: Ivan Karamazov\n|move|p1b: Brute Bonnet|Seed Bomb|p2b: Ivan Karamazov\n|-supereffective|p2b: Ivan Karamazov\n|-end|p2b: Ivan Karamazov|Substitute\n|cant|p1a: Lunala|slp\n|cant|p2a: Magnus Carlsen|slp\n|\n|-heal|p2b: Ivan Karamazov|76/100|[from] item: Leftovers\n|upkeep\n|turn|9\n|\n|t:|1775603545\n|move|p2b: Ivan Karamazov|Protect|p2b: Ivan Karamazov\n|-singleturn|p2b: Ivan Karamazov|Protect\n|move|p1b: Brute Bonnet|Seed Bomb|p2b: Ivan Karamazov\n|-activate|p2b: Ivan Karamazov|move: Protect\n|cant|p1a: Lunala|slp\n|cant|p2a: Magnus Carlsen|slp\n|\n|-heal|p2b: Ivan Karamazov|82/100|[from] item: Leftovers\n|-end|p1b: Brute Bonnet|move: Yawn|[silent]\n|-status|p1b: Brute Bonnet|slp\n|upkeep\n|turn|10\n|inactive|firefalls has 30 seconds left.\n|\n|t:|1775603575\n|-curestatus|p2a: Magnus Carlsen|slp|[msg]\n|move|p2a: Magnus Carlsen|Protect|p2a: Magnus Carlsen\n|-singleturn|p2a: Magnus Carlsen|Protect\n|cant|p1b: Brute Bonnet|slp\n|move|p2b: Ivan Karamazov|Substitute|p2b: Ivan Karamazov\n|-start|p2b: Ivan Karamazov|Substitute\n|-damage|p2b: Ivan Karamazov|57/100\n|-curestatus|p1a: Lunala|slp|[msg]\n|move|p1a: Lunala|Moongeist Beam|p2b: Ivan Karamazov\n|-end|p2b: Ivan Karamazov|Substitute\n|\n|-heal|p2b: Ivan Karamazov|63/100|[from] item: Leftovers\n|-fieldend|move: Trick Room\n|upkeep\n|turn|11\n|\n|t:|1775603599\n|cant|p1b: Brute Bonnet|slp\n|move|p2a: Magnus Carlsen|Body Press|p1b: Brute Bonnet\n|-supereffective|p1b: Brute Bonnet\n|-damage|p1b: Brute Bonnet|0 fnt\n|faint|p1b: Brute Bonnet\n|-end|p1b: Brute Bonnet|Protosynthesis|[silent]\n|move|p1a: Lunala|Moongeist Beam|p2a: Magnus Carlsen\n|-damage|p2a: Magnus Carlsen|42/100\n|move|p2b: Ivan Karamazov|Substitute|p2b: Ivan Karamazov\n|-start|p2b: Ivan Karamazov|Substitute\n|-damage|p2b: Ivan Karamazov|38/100\n|\n|-heal|p2b: Ivan Karamazov|44/100|[from] item: Leftovers\n|upkeep\n|turn|12\n|\n|t:|1775603608\n|move|p2a: Magnus Carlsen|Body Press|p1a: Lunala\n|-damage|p1a: Lunala|0 fnt\n|faint|p1a: Lunala\n|\n|win|don juan dozo\n|raw|firefalls's rating: 1376 &rarr; <strong>1363</strong><br />(-13 for losing)\n|raw|don juan dozo's rating: 1500 &rarr; <strong>1513</strong><br />(+13 for winning)\n|c|\u2606firefalls|gg\n|l|\u2606firefalls\n|player|p1|\n|l|\u2606don juan dozo\n|player|p2|\n","uploadtime":1775603875,"views":10,"formatid":"gen9vgc2026regi","rating":1363,"private":0,"password":null}