{"id":"gen9vgc2026regi-2590441255","format":"[Gen 9] VGC 2026 Reg I","players":["TheAndUrgeTheUrge","svenblack"],"log":"|j|\u2606TheAndUrgeTheUrge\n|j|\u2606svenblack\n|t:|1776810064\n|gametype|doubles\n|player|p1|TheAndUrgeTheUrge|265|1500\n|player|p2|svenblack|wattson|1631\n|gen|9\n|tier|[Gen 9] VGC 2026 Reg I\n|rated|\n|rule|Species Clause: Limit one of each Pok\u00e9mon\n|rule|Item Clause: Limit 1 of each item\n|clearpoke\n|poke|p1|Miraidon, L50|\n|poke|p1|Zamazenta-*, L50|\n|poke|p1|Incineroar, L50, M|\n|poke|p1|Rillaboom, L50, F|\n|poke|p1|Chien-Pao, L50|\n|poke|p1|Flutter Mane, L50|\n|poke|p2|Grimmsnarl, L50, M|\n|poke|p2|Iron Hands, L50|\n|poke|p2|Miraidon, L50|\n|poke|p2|Ho-Oh, L50|\n|poke|p2|Farigiraf, L50, M|\n|poke|p2|Ursaluna, L50, M|\n|teampreview|4\n|inactive|Battle timer is ON: inactive players will automatically lose when time's up. (requested by svenblack)\n|inactive|svenblack has 60 seconds left.\n|\n|t:|1776810104\n|teamsize|p1|4\n|teamsize|p2|4\n|start\n|switch|p1a: Zamazenta|Zamazenta-Crowned, L50, shiny|100/100\n|switch|p1b: Rillaboom|Rillaboom, L50, F, shiny|100/100\n|switch|p2a: Ho-Oh|Ho-Oh, L50|100/100\n|switch|p2b: Grimmsnarl|Grimmsnarl, L50, M|100/100\n|-ability|p1a: Zamazenta|Dauntless Shield|boost\n|-boost|p1a: Zamazenta|def|1\n|-fieldstart|move: Grassy Terrain|[from] ability: Grassy Surge|[of] p1b: Rillaboom\n|turn|1\n|\n|t:|1776810118\n|move|p1b: Rillaboom|Fake Out|p2b: Grimmsnarl\n|-damage|p2b: Grimmsnarl|86/100\n|cant|p2b: Grimmsnarl|flinch\n|move|p1a: Zamazenta|Heavy Slam|p2b: Grimmsnarl\n|-supereffective|p2b: Grimmsnarl\n|-damage|p2b: Grimmsnarl|0 fnt\n|faint|p2b: Grimmsnarl\n|move|p2a: Ho-Oh|Tailwind|p2a: Ho-Oh\n|-sidestart|p2: svenblack|move: Tailwind\n|\n|upkeep\n|\n|t:|1776810125\n|switch|p2b: Iron Hands|Iron Hands, L50|100/100\n|turn|2\n|\n|t:|1776810139\n|-end|p2b: Iron Hands|Quark Drive|[silent]\n|switch|p2b: Miraidon|Miraidon, L50|100/100\n|-fieldstart|move: Electric Terrain|[from] ability: Hadron Engine|[of] p2b: Miraidon\n|switch|p1b: Incineroar|Incineroar, L50, M, shiny|100/100\n|-ability|p1b: Incineroar|Intimidate|boost\n|-unboost|p2a: Ho-Oh|atk|1\n|-unboost|p2b: Miraidon|atk|1\n|-terastallize|p1a: Zamazenta|Ghost\n|move|p2a: Ho-Oh|Brave Bird|p1b: Incineroar\n|-damage|p1b: Incineroar|68/100\n|-damage|p2a: Ho-Oh|90/100|[from] Recoil\n|move|p1a: Zamazenta|Iron Defense|p1a: Zamazenta\n|-boost|p1a: Zamazenta|def|2\n|\n|-heal|p2a: Ho-Oh|96/100|[from] item: Leftovers\n|upkeep\n|turn|3\n|\n|t:|1776810157\n|switch|p2b: Iron Hands|Iron Hands, L50|100/100\n|-activate|p2b: Iron Hands|ability: Quark Drive\n|-start|p2b: Iron Hands|quarkdriveatk\n|move|p1b: Incineroar|Fake Out|p2b: Iron Hands\n|-damage|p2b: Iron Hands|93/100\n|move|p2a: Ho-Oh|Sacred Fire|p1a: Zamazenta\n|-crit|p1a: Zamazenta\n|-damage|p1a: Zamazenta|57/100\n|move|p1a: Zamazenta|Body Press|p2b: Iron Hands\n|-damage|p2b: Iron Hands|10/100\n|\n|-heal|p2a: Ho-Oh|100/100|[from] item: Leftovers\n|upkeep\n|turn|4\n|\n|t:|1776810179\n|switch|p1b: Rillaboom|Rillaboom, L50, F, shiny|100/100\n|-fieldstart|move: Grassy Terrain|[from] ability: Grassy Surge|[of] p1b: Rillaboom\n|-end|p2b: Iron Hands|Quark Drive\n|move|p1a: Zamazenta|Protect|p1a: Zamazenta\n|-singleturn|p1a: Zamazenta|Protect\n|move|p2a: Ho-Oh|Sacred Fire|p1a: Zamazenta\n|-activate|p1a: Zamazenta|move: Protect\n|move|p2b: Iron Hands|Drain Punch|p1b: Rillaboom\n|-damage|p1b: Rillaboom|65/100\n|-heal|p2b: Iron Hands|25/100|[from] drain|[of] p1b: Rillaboom\n|\n|-heal|p2b: Iron Hands|31/100|[from] Grassy Terrain\n|-heal|p1a: Zamazenta|63/100|[from] Grassy Terrain\n|-heal|p1b: Rillaboom|71/100|[from] Grassy Terrain\n|-sideend|p2: svenblack|move: Tailwind\n|upkeep\n|turn|5\n|inactive|svenblack has 30 seconds left.\n|inactive|svenblack has 20 seconds left.\n|\n|t:|1776810215\n|switch|p2a: Miraidon|Miraidon, L50|100/100\n|-fieldstart|move: Electric Terrain|[from] ability: Hadron Engine|[of] p2a: Miraidon\n|-activate|p2b: Iron Hands|ability: Quark Drive\n|-start|p2b: Iron Hands|quarkdriveatk\n|switch|p1b: Incineroar|Incineroar, L50, M, shiny|68/100\n|-ability|p1b: Incineroar|Intimidate|boost\n|-unboost|p2a: Miraidon|atk|1\n|-unboost|p2b: Iron Hands|atk|1\n|-terastallize|p2b: Iron Hands|Bug\n|move|p1a: Zamazenta|Body Press|p2b: Iron Hands\n|-resisted|p2b: Iron Hands\n|-damage|p2b: Iron Hands|0 fnt\n|faint|p2b: Iron Hands\n|-end|p2b: Iron Hands|Quark Drive|[silent]\n|\n|upkeep\n|\n|t:|1776810223\n|switch|p2b: Ho-Oh|Ho-Oh, L50|100/100\n|turn|6\n|\n|t:|1776810233\n|move|p1b: Incineroar|Fake Out|p2a: Miraidon\n|-damage|p2a: Miraidon|92/100\n|cant|p2a: Miraidon|flinch\n|move|p1a: Zamazenta|Body Press|p2a: Miraidon\n|-damage|p2a: Miraidon|0 fnt\n|faint|p2a: Miraidon\n|move|p2b: Ho-Oh|Brave Bird|p1b: Incineroar\n|-crit|p1b: Incineroar\n|-damage|p1b: Incineroar|0 fnt\n|faint|p1b: Incineroar\n|-damage|p2b: Ho-Oh|79/100|[from] Recoil\n|\n|-heal|p2b: Ho-Oh|85/100|[from] item: Leftovers\n|upkeep\n|-message|svenblack forfeited.\n|\n|win|TheAndUrgeTheUrge\n|raw|TheAndUrgeTheUrge's rating: 1500 &rarr; <strong>1527</strong><br />(+27 for winning)\n|raw|svenblack's rating: 1631 &rarr; <strong>1604</strong><br />(-27 for losing)\n|l|\u2606svenblack\n|player|p2|\n|l|\u2606TheAndUrgeTheUrge\n|player|p1|\n","uploadtime":1776810392,"views":12,"formatid":"gen9vgc2026regi","rating":1527,"private":0,"password":null}