{"id":"gen9vgc2026regi-2514753746","format":"[Gen 9] VGC 2026 Reg I","players":["Rallen love Zizoe","j0l0k0"],"log":"|j|\u2606Rallen love Zizoe\n|j|\u2606j0l0k0\n|t:|1767904416\n|gametype|doubles\n|player|p1|Rallen love Zizoe|alain|1262\n|player|p2|j0l0k0|266|1224\n|gen|9\n|tier|[Gen 9] VGC 2026 Reg I\n|rated|\n|rule|Species Clause: Limit one of each Pok\u00e9mon\n|rule|Item Clause: Limit 1 of each item\n|clearpoke\n|poke|p1|Dondozo, L50, F|\n|poke|p1|Tatsugiri, L50, M|\n|poke|p1|Urshifu-*, L50, F|\n|poke|p1|Calyrex-Shadow, L50|\n|poke|p1|Weezing-Galar, L50, M|\n|poke|p1|Miraidon, L50|\n|poke|p2|Calyrex-Ice, L50|\n|poke|p2|Kyogre, L50|\n|poke|p2|Indeedee-F, L50, F|\n|poke|p2|Urshifu-*, L50, F|\n|poke|p2|Amoonguss, L50, F|\n|poke|p2|Annihilape, L50, F|\n|teampreview|4\n|inactive|Battle timer is ON: inactive players will automatically lose when time's up. (requested by j0l0k0)\n|inactive|Rallen love Zizoe has 60 seconds left.\n|\n|t:|1767904454\n|teamsize|p1|4\n|teamsize|p2|4\n|start\n|switch|p1a: Weezing|Weezing-Galar, L50, M|100/100\n|switch|p1b: Miraidon|Miraidon, L50|100/100\n|switch|p2a: Indeedee|Indeedee-F, L50, F, shiny|100/100\n|switch|p2b: Calyrex|Calyrex-Ice, L50|100/100\n|-ability|p1a: Weezing|Neutralizing Gas\n|-block|p1b: Miraidon|item: Ability Shield\n|-ability|p2b: Calyrex|As One\n|-ability|p2b: Calyrex|Unnerve\n|-fieldstart|move: Electric Terrain|[from] ability: Hadron Engine|[of] p1b: Miraidon\n|turn|1\n|inactive|Rallen love Zizoe has 30 seconds left.\n|inactive|Rallen love Zizoe has 20 seconds left.\n|\n|t:|1767904492\n|move|p2a: Indeedee|Follow Me|p2a: Indeedee\n|-singleturn|p2a: Indeedee|move: Follow Me\n|move|p1b: Miraidon|Electro Drift|p2a: Indeedee\n|-damage|p2a: Indeedee|22/100\n|move|p1a: Weezing|Taunt|p2a: Indeedee\n|-start|p2a: Indeedee|move: Taunt\n|move|p2b: Calyrex|Glacial Lance|p1b: Miraidon|[spread] p1a,p1b\n|-supereffective|p1b: Miraidon\n|-damage|p1a: Weezing|52/100\n|-damage|p1b: Miraidon|0 fnt\n|faint|p1b: Miraidon\n|-ability|p2b: Calyrex|Chilling Neigh|boost\n|-boost|p2b: Calyrex|atk|1\n|\n|upkeep\n|\n|t:|1767904498\n|switch|p1b: Dondozo|Dondozo, L50, F|100/100\n|turn|2\n|\n|t:|1767904517\n|-end|p1a: Weezing|ability: Neutralizing Gas\n|-fieldstart|move: Psychic Terrain|[from] ability: Psychic Surge|[of] p2a: Indeedee\n|switch|p1a: Tatsugiri|Tatsugiri, L50, M|100/100\n|-activate|p1a: Tatsugiri|ability: Commander|[of] p1b: Dondozo\n|-boost|p1b: Dondozo|atk|2\n|-boost|p1b: Dondozo|spa|2\n|-boost|p1b: Dondozo|spe|2\n|-boost|p1b: Dondozo|def|2\n|-boost|p1b: Dondozo|spd|2\n|move|p1b: Dondozo|Wave Crash|p2b: Calyrex\n|-damage|p2b: Calyrex|39/100\n|-damage|p1b: Dondozo|82/100|[from] Recoil\n|move|p2a: Indeedee|Psychic|p1a: Tatsugiri|[miss]\n|-miss|p2a: Indeedee|p1a: Tatsugiri\n|move|p2b: Calyrex|Trick Room|p2b: Calyrex\n|-fieldstart|move: Trick Room|[of] p2b: Calyrex\n|\n|-heal|p1b: Dondozo|88/100|[from] item: Leftovers\n|upkeep\n|turn|3\n|\n|t:|1767904539\n|move|p1b: Dondozo|Protect|p1b: Dondozo\n|-singleturn|p1b: Dondozo|Protect\n|move|p2b: Calyrex|Close Combat|p1b: Dondozo\n|-activate|p1b: Dondozo|move: Protect\n|move|p2a: Indeedee|Psychic|p1b: Dondozo\n|-activate|p1b: Dondozo|move: Protect\n|\n|-heal|p1b: Dondozo|94/100|[from] item: Leftovers\n|upkeep\n|turn|4\n|\n|t:|1767904559\n|move|p2b: Calyrex|Close Combat|p1b: Dondozo\n|-damage|p1b: Dondozo|77/100\n|-unboost|p2b: Calyrex|def|1\n|-unboost|p2b: Calyrex|spd|1\n|move|p2a: Indeedee|Psychic|p1b: Dondozo\n|-damage|p1b: Dondozo|60/100\n|move|p1b: Dondozo|Wave Crash|p2b: Calyrex\n|-damage|p2b: Calyrex|0 fnt\n|faint|p2b: Calyrex\n|-damage|p1b: Dondozo|49/100|[from] Recoil\n|\n|-heal|p1b: Dondozo|55/100|[from] item: Leftovers\n|-end|p2a: Indeedee|move: Taunt\n|upkeep\n|\n|t:|1767904572\n|switch|p2b: Kyogre|Kyogre, L50, shiny|100/100\n|-weather|RainDance|[from] ability: Drizzle|[of] p2b: Kyogre\n|turn|5\n|\n|t:|1767904579\n|move|p2a: Indeedee|Helping Hand|p2b: Kyogre\n|-singleturn|p2b: Kyogre|Helping Hand|[of] p2a: Indeedee\n|move|p1b: Dondozo|Protect|p1b: Dondozo\n|-singleturn|p1b: Dondozo|Protect\n|move|p2b: Kyogre|Thunder|p1b: Dondozo\n|-activate|p1b: Dondozo|move: Protect\n|\n|-weather|RainDance|[upkeep]\n|-heal|p1b: Dondozo|61/100|[from] item: Leftovers\n|upkeep\n|turn|6\n|inactive|Rallen love Zizoe has 30 seconds left.\n|\n|t:|1767904607\n|-terastallize|p1b: Dondozo|Grass\n|move|p2a: Indeedee|Helping Hand|p2b: Kyogre\n|-singleturn|p2b: Kyogre|Helping Hand|[of] p2a: Indeedee\n|move|p2b: Kyogre|Thunder|p1b: Dondozo\n|-resisted|p1b: Dondozo\n|-damage|p1b: Dondozo|46/100\n|move|p1b: Dondozo|Order Up|p2b: Kyogre\n|-damage|p2b: Kyogre|61/100\n|-boost|p1b: Dondozo|atk|1\n|\n|-weather|RainDance|[upkeep]\n|-heal|p1b: Dondozo|52/100|[from] item: Leftovers\n|-fieldend|move: Trick Room\n|-fieldend|move: Psychic Terrain\n|upkeep\n|turn|7\n|\n|t:|1767904627\n|move|p2a: Indeedee|Helping Hand|p2b: Kyogre\n|-singleturn|p2b: Kyogre|Helping Hand|[of] p2a: Indeedee\n|move|p1b: Dondozo|Earthquake|p2b: Kyogre|[spread] p2a,p2b\n|-miss|p1b: Dondozo|p1a: Tatsugiri\n|-crit|p2a: Indeedee\n|-damage|p2a: Indeedee|0 fnt\n|-damage|p2b: Kyogre|8/100\n|faint|p2a: Indeedee\n|move|p2b: Kyogre|Ice Beam|p1b: Dondozo\n|-supereffective|p1b: Dondozo\n|-damage|p1b: Dondozo|0 fnt\n|faint|p1b: Dondozo\n|\n|-weather|RainDance|[upkeep]\n|upkeep\n|\n|t:|1767904640\n|switch|p2a: Urshifu|Urshifu, L50, F|100/100\n|switch|p1b: Weezing|Weezing-Galar, L50, M|52/100\n|-ability|p1b: Weezing|Neutralizing Gas\n|turn|8\n|inactive|j0l0k0 has 30 seconds left.\n|\n|t:|1767904672\n|move|p1a: Tatsugiri|Muddy Water|p2a: Urshifu|[spread] p2a,p2b\n|-resisted|p2b: Kyogre\n|-damage|p2a: Urshifu|23/100\n|-damage|p2b: Kyogre|0 fnt\n|faint|p2b: Kyogre\n|move|p2a: Urshifu|Wicked Blow|p1b: Weezing\n|-resisted|p1b: Weezing\n|-crit|p1b: Weezing\n|-damage|p1b: Weezing|25/100\n|move|p1b: Weezing|Will-O-Wisp|p2a: Urshifu\n|-status|p2a: Urshifu|brn\n|\n|-weather|RainDance|[upkeep]\n|-damage|p2a: Urshifu|18/100 brn|[from] brn\n|upkeep\n|turn|9\n|\n|t:|1767904684\n|move|p1a: Tatsugiri|Muddy Water|p2a: Urshifu\n|-damage|p2a: Urshifu|0 fnt\n|faint|p2a: Urshifu\n|\n|win|Rallen love Zizoe\n|raw|Rallen love Zizoe's rating: 1262 &rarr; <strong>1284</strong><br />(+22 for winning)\n|raw|j0l0k0's rating: 1224 &rarr; <strong>1202</strong><br />(-22 for losing)\n|c|\u2606j0l0k0|ggwp\n|l|\u2606j0l0k0\n|player|p2|\n|l|\u2606Rallen love Zizoe\n|player|p1|\n","uploadtime":1767904919,"views":11,"formatid":"gen9vgc2026regi","rating":1202,"private":0,"password":null}