{"id":"gen9vgc2026regi-2560610186","format":"[Gen 9] VGC 2026 Reg I","players":["eye-zitt","DraftWiz"],"log":"|j|\u2606eye-zitt\n|j|\u2606DraftWiz\n|t:|1773704205\n|gametype|doubles\n|player|p1|eye-zitt|hilbert|1251\n|player|p2|DraftWiz|266|1206\n|gen|9\n|tier|[Gen 9] VGC 2026 Reg I\n|rated|\n|rule|Species Clause: Limit one of each Pok\u00e9mon\n|rule|Item Clause: Limit 1 of each item\n|clearpoke\n|poke|p1|Terapagos, L50, M|\n|poke|p1|Incineroar, L50, F|\n|poke|p1|Rillaboom, L50, M|\n|poke|p1|Ogerpon-Cornerstone, L50, F|\n|poke|p1|Flutter Mane, L50|\n|poke|p1|Calyrex-Shadow, L50|\n|poke|p2|Incineroar, L50, F|\n|poke|p2|Landorus, L50, M|\n|poke|p2|Calyrex-Shadow, L50|\n|poke|p2|Koraidon, L50|\n|poke|p2|Brute Bonnet, L50|\n|poke|p2|Raging Bolt, L50|\n|teampreview|4\n|\n|t:|1773704239\n|teamsize|p1|4\n|teamsize|p2|4\n|start\n|switch|p1a: Flutter Mane|Flutter Mane, L50|100/100\n|switch|p1b: Terapagos|Terapagos, L50, M|100/100\n|switch|p2a: Mao & Agati|Calyrex-Shadow, L50|100/100\n|switch|p2b: Kareem|Incineroar, L50, F|100/100\n|-activate|p1b: Terapagos|ability: Tera Shift\n|detailschange|p1b: Terapagos|Terapagos-Terastal, L50, M\n|-heal|p1b: Terapagos|100/100|[silent]\n|-ability|p2a: Mao & Agati|As One\n|-ability|p2a: Mao & Agati|Unnerve\n|-ability|p2b: Kareem|Intimidate|boost\n|-unboost|p1a: Flutter Mane|atk|1\n|-unboost|p1b: Terapagos|atk|1\n|-enditem|p1a: Flutter Mane|Booster Energy\n|-activate|p1a: Flutter Mane|ability: Protosynthesis|[fromitem]\n|-start|p1a: Flutter Mane|protosynthesisspe\n|turn|1\n|\n|t:|1773704269\n|move|p2b: Kareem|Fake Out|p1b: Terapagos\n|-activate|p1b: Terapagos|ability: Tera Shell\n|-resisted|p1b: Terapagos\n|-damage|p1b: Terapagos|97/100\n|move|p1a: Flutter Mane|Thunder Wave|p2a: Mao & Agati\n|-status|p2a: Mao & Agati|par\n|cant|p1b: Terapagos|flinch\n|cant|p2a: Mao & Agati|par\n|\n|-heal|p1b: Terapagos|100/100|[from] item: Leftovers\n|upkeep\n|turn|2\n|\n|t:|1773704292\n|move|p1a: Flutter Mane|Moonblast|p2a: Mao & Agati\n|-damage|p2a: Mao & Agati|54/100 par\n|-unboost|p2a: Mao & Agati|spa|1\n|move|p1b: Terapagos|Calm Mind|p1b: Terapagos\n|-boost|p1b: Terapagos|spa|1\n|-boost|p1b: Terapagos|spd|1\n|move|p2a: Mao & Agati|Astral Barrage|p1b: Terapagos|[spread] p1a\n|-immune|p1b: Terapagos\n|-supereffective|p1a: Flutter Mane\n|-damage|p1a: Flutter Mane|32/100\n|move|p2b: Kareem|Knock Off|p1b: Terapagos\n|-activate|p1b: Terapagos|ability: Tera Shell\n|-resisted|p1b: Terapagos\n|-damage|p1b: Terapagos|87/100\n|-enditem|p1b: Terapagos|Leftovers|[from] move: Knock Off|[of] p2b: Kareem\n|\n|upkeep\n|turn|3\n|\n|t:|1773704321\n|-terastallize|p1b: Terapagos|Stellar\n|detailschange|p1b: Terapagos|Terapagos-Stellar, L50, M, tera:Stellar\n|-heal|p1b: Terapagos|90/100|[silent]\n|move|p1a: Flutter Mane|Moonblast|p2b: Kareem\n|-damage|p2b: Kareem|68/100\n|move|p1b: Terapagos|Tera Starstorm|p2a: Mao & Agati|[spread] p2a,p2b\n|-damage|p2a: Mao & Agati|3/100 par\n|-damage|p2b: Kareem|26/100\n|move|p2a: Mao & Agati|Astral Barrage|p1a: Flutter Mane|[spread] p1a\n|-immune|p1b: Terapagos\n|-supereffective|p1a: Flutter Mane\n|-damage|p1a: Flutter Mane|0 fnt\n|faint|p1a: Flutter Mane\n|-end|p1a: Flutter Mane|Protosynthesis|[silent]\n|-ability|p2a: Mao & Agati|Grim Neigh|boost\n|-boost|p2a: Mao & Agati|spa|1\n|move|p2b: Kareem|Parting Shot|p1b: Terapagos\n|-unboost|p1b: Terapagos|atk|1\n|-unboost|p1b: Terapagos|spa|1\n|\n|t:|1773704338\n|switch|p2b: Matthias|Koraidon, L50|100/100|[from] Parting Shot\n|-weather|SunnyDay|[from] ability: Orichalcum Pulse|[of] p2b: Matthias\n|-activate|p2b: Matthias|Orichalcum Pulse|[source]\n|\n|-weather|SunnyDay|[upkeep]\n|upkeep\n|\n|t:|1773704341\n|switch|p1a: Calyrex|Calyrex-Shadow, L50|100/100\n|-ability|p1a: Calyrex|As One\n|-ability|p1a: Calyrex|Unnerve\n|turn|4\n|\n|t:|1773704387\n|cant|p2a: Mao & Agati|par\n|move|p1a: Calyrex|Astral Barrage|p2a: Mao & Agati|[spread] p2a,p2b\n|-supereffective|p2a: Mao & Agati\n|-damage|p2a: Mao & Agati|0 fnt\n|-damage|p2b: Matthias|55/100\n|faint|p2a: Mao & Agati\n|-ability|p1a: Calyrex|Grim Neigh|boost\n|-boost|p1a: Calyrex|spa|1\n|move|p2b: Matthias|Flame Charge|p1a: Calyrex\n|-damage|p1a: Calyrex|63/100\n|-boost|p2b: Matthias|spe|1\n|move|p1b: Terapagos|Tera Starstorm|p2b: Matthias\n|-damage|p2b: Matthias|13/100\n|\n|-weather|SunnyDay|[upkeep]\n|upkeep\n|\n|t:|1773704402\n|switch|p2a: Navjit|Landorus, L50, M|100/100\n|turn|5\n|\n|t:|1773704430\n|move|p2b: Matthias|Collision Course|p1b: Terapagos\n|-supereffective|p1b: Terapagos\n|-damage|p1b: Terapagos|0 fnt\n|faint|p1b: Terapagos\n|detailschange|p1: Terapagos|Terapagos, L50, M|[silent]\n|move|p1a: Calyrex|Astral Barrage|p2a: Navjit|[spread] p2a,p2b\n|-damage|p2a: Navjit|28/100\n|-damage|p2b: Matthias|0 fnt\n|faint|p2b: Matthias\n|-ability|p1a: Calyrex|Grim Neigh|boost\n|-boost|p1a: Calyrex|spa|1\n|move|p2a: Navjit|Earth Power|p1a: Calyrex\n|-damage|p1a: Calyrex|0 fnt\n|faint|p1a: Calyrex\n|\n|-weather|SunnyDay|[upkeep]\n|upkeep\n|\n|t:|1773704439\n|switch|p2b: Kareem|Incineroar, L50, F|26/100\n|switch|p1b: Ogerpon|Ogerpon-Cornerstone, L50, F|100/100\n|-ability|p2b: Kareem|Intimidate|boost\n|-unboost|p1b: Ogerpon|atk|1\n|turn|6\n|\n|t:|1773704444\n|move|p1b: Ogerpon|Spiky Shield|p1b: Ogerpon\n|-singleturn|p1b: Ogerpon|move: Protect\n|move|p2b: Kareem|Fake Out|p1b: Ogerpon\n|-activate|p1b: Ogerpon|move: Protect\n|-damage|p2b: Kareem|14/100|[from] Spiky Shield|[of] p1b: Ogerpon\n|move|p2a: Navjit|Earth Power|p1b: Ogerpon\n|-activate|p1b: Ogerpon|move: Protect\n|\n|-weather|SunnyDay|[upkeep]\n|upkeep\n|turn|7\n|\n|t:|1773704456\n|-terastallize|p2a: Navjit|Water\n|move|p1b: Ogerpon|Ivy Cudgel|p2a: Navjit|[anim] Ivy Cudgel Rock\n|-damage|p2a: Navjit|0 fnt\n|faint|p2a: Navjit\n|move|p2b: Kareem|Knock Off|p1b: Ogerpon\n|-damage|p1b: Ogerpon|77/100\n|\n|-weather|none\n|upkeep\n|turn|8\n|\n|t:|1773704464\n|move|p1b: Ogerpon|Ivy Cudgel|p2b: Kareem|[anim] Ivy Cudgel Rock\n|-supereffective|p2b: Kareem\n|-damage|p2b: Kareem|0 fnt\n|faint|p2b: Kareem\n|\n|win|eye-zitt\n|raw|eye-zitt's rating: 1251 &rarr; <strong>1273</strong><br />(+22 for winning)\n|raw|DraftWiz's rating: 1206 &rarr; <strong>1184</strong><br />(-22 for losing)\n","uploadtime":1773704468,"views":11,"formatid":"gen9vgc2026regi","rating":1184,"private":0,"password":null}