{"id":"gen9vgc2026regi-2532700466","format":"[Gen 9] VGC 2026 Reg I","players":["Alex Sotos fan","pzyxhic"],"log":"|j|\u2606Alex Sotos fan\n|j|\u2606pzyxhic\n|t:|1770216230\n|gametype|doubles\n|player|p1|Alex Sotos fan|youngster-gen4dp|1525\n|player|p2|pzyxhic|101|1547\n|gen|9\n|tier|[Gen 9] VGC 2026 Reg I\n|rated|\n|rule|Species Clause: Limit one of each Pok\u00e9mon\n|rule|Item Clause: Limit 1 of each item\n|clearpoke\n|poke|p1|Kyogre, L50|\n|poke|p1|Calyrex-Ice, L50|\n|poke|p1|Landorus, L50, M|\n|poke|p1|Tornadus, L50, M|\n|poke|p1|Urshifu-*, L50, M|\n|poke|p1|Rillaboom, L50, M|\n|poke|p2|Calyrex-Shadow, L50|\n|poke|p2|Incineroar, L50, F|\n|poke|p2|Whimsicott, L50, F|\n|poke|p2|Urshifu-*, L50, F|\n|poke|p2|Zapdos, L50|\n|poke|p2|Dialga-Origin, L50|\n|teampreview|4\n|inactive|Battle timer is ON: inactive players will automatically lose when time's up. (requested by Alex Sotos fan)\n|inactive|pzyxhic has 60 seconds left.\n|\n|t:|1770216270\n|teamsize|p1|4\n|teamsize|p2|4\n|start\n|switch|p1a: Kyogre|Kyogre, L50|100/100\n|switch|p1b: Calyrex|Calyrex-Ice, L50|100/100\n|switch|p2a: Calyrex|Calyrex-Shadow, L50|100/100\n|switch|p2b: Whimsicott|Whimsicott, L50, F|100/100\n|-ability|p2a: Calyrex|As One\n|-ability|p2a: Calyrex|Unnerve\n|-ability|p1b: Calyrex|As One\n|-ability|p1b: Calyrex|Unnerve\n|-weather|RainDance|[from] ability: Drizzle|[of] p1a: Kyogre\n|turn|1\n|inactive|pzyxhic has 30 seconds left.\n|\n|t:|1770216302\n|-terastallize|p1b: Calyrex|Grass\n|move|p2b: Whimsicott|Fake Tears|p1a: Kyogre\n|-unboost|p1a: Kyogre|spd|2\n|move|p2a: Calyrex|Astral Barrage|p1a: Kyogre|[spread] p1a,p1b\n|-damage|p1a: Kyogre|29/100\n|-damage|p1b: Calyrex|65/100\n|move|p1a: Kyogre|Origin Pulse|p2b: Whimsicott|[spread] p2b\n|-miss|p1a: Kyogre|p2a: Calyrex\n|-resisted|p2b: Whimsicott\n|-damage|p2b: Whimsicott|52/100\n|move|p1b: Calyrex|Trick Room|p1b: Calyrex\n|-fieldstart|move: Trick Room|[of] p1b: Calyrex\n|\n|-weather|RainDance|[upkeep]\n|-heal|p1b: Calyrex|71/100|[from] item: Leftovers\n|upkeep\n|turn|2\n|\n|t:|1770216323\n|move|p1b: Calyrex|Protect|p1b: Calyrex\n|-singleturn|p1b: Calyrex|Protect\n|move|p2b: Whimsicott|Encore|p1b: Calyrex\n|-activate|p1b: Calyrex|move: Protect\n|move|p1a: Kyogre|Ice Beam|p2b: Whimsicott\n|-supereffective|p2b: Whimsicott\n|-damage|p2b: Whimsicott|0 fnt\n|faint|p2b: Whimsicott\n|move|p2a: Calyrex|Astral Barrage|p1b: Calyrex|[spread] p1a\n|-activate|p1b: Calyrex|move: Protect\n|-damage|p1a: Kyogre|0 fnt\n|faint|p1a: Kyogre\n|-ability|p2a: Calyrex|Grim Neigh|boost\n|-boost|p2a: Calyrex|spa|1\n|\n|-weather|RainDance|[upkeep]\n|-heal|p1b: Calyrex|77/100|[from] item: Leftovers\n|upkeep\n|inactive|pzyxhic has 30 seconds left.\n|\n|t:|1770216354\n|switch|p1a: Urshifu|Urshifu-Rapid-Strike, L50, M|100/100\n|switch|p2b: Dialga|Dialga-Origin, L50|100/100\n|-ability|p2b: Dialga|Pressure\n|turn|3\n|inactive|pzyxhic has 30 seconds left.\n|\n|t:|1770216386\n|move|p1b: Calyrex|Glacial Lance|p2a: Calyrex|[spread] p2a,p2b\n|-damage|p2a: Calyrex|36/100\n|-damage|p2b: Dialga|60/100\n|move|p2b: Dialga|Earth Power|p1a: Urshifu\n|-damage|p1a: Urshifu|51/100\n|move|p1a: Urshifu|Surging Strikes|p2a: Calyrex\n|-crit|p2a: Calyrex\n|-damage|p2a: Calyrex|0 fnt\n|faint|p2a: Calyrex\n|-hitcount|p2: Calyrex|1\n|\n|-weather|RainDance|[upkeep]\n|-heal|p1b: Calyrex|83/100|[from] item: Leftovers\n|upkeep\n|\n|t:|1770216399\n|switch|p2a: Zapdos|Zapdos, L50|100/100\n|turn|4\n|inactive|pzyxhic has 30 seconds left.\n|\n|t:|1770216431\n|-terastallize|p2a: Zapdos|Fairy\n|move|p1b: Calyrex|Glacial Lance|p2b: Dialga|[spread] p2a,p2b\n|-damage|p2a: Zapdos|55/100\n|-damage|p2b: Dialga|20/100\n|move|p2b: Dialga|Draco Meteor|p1a: Urshifu\n|-damage|p1a: Urshifu|0 fnt\n|-unboost|p2b: Dialga|spa|2\n|faint|p1a: Urshifu\n|move|p2a: Zapdos|Hurricane|p1b: Calyrex\n|-supereffective|p1b: Calyrex\n|-damage|p1b: Calyrex|30/100\n|-start|p1b: Calyrex|confusion\n|\n|-weather|RainDance|[upkeep]\n|-heal|p1b: Calyrex|36/100|[from] item: Leftovers\n|upkeep\n|\n|t:|1770216440\n|switch|p1a: Landorus|Landorus, L50, M|100/100\n|turn|5\n|inactive|pzyxhic has 30 seconds left.\n|\n|t:|1770216468\n|-activate|p1b: Calyrex|confusion\n|-damage|p1b: Calyrex|26/100|[from] confusion\n|move|p2b: Dialga|Draco Meteor|p1a: Landorus|[miss]\n|-miss|p2b: Dialga|p1a: Landorus\n|move|p1a: Landorus|Sandsear Storm|p2b: Dialga|[spread] p2a,p2b\n|-supereffective|p2b: Dialga\n|-damage|p2a: Zapdos|0 fnt\n|-damage|p2b: Dialga|0 fnt\n|faint|p2a: Zapdos\n|faint|p2b: Dialga\n|\n|win|Alex Sotos fan\n|raw|Alex Sotos fan's rating: 1525 &rarr; <strong>1546</strong><br />(+21 for winning)\n|raw|pzyxhic's rating: 1547 &rarr; <strong>1526</strong><br />(-21 for losing)\n|l|\u2606pzyxhic\n|player|p2|\n|l|\u2606Alex Sotos fan\n|player|p1|\n","uploadtime":1770216662,"views":43,"formatid":"gen9vgc2026regi","rating":1526,"private":0,"password":null}