{"id":"gen9vgc2026regi-2573977370","format":"[Gen 9] VGC 2026 Reg I","players":["Dbzone9001","lalo's pollos"],"log":"|j|\u2606Dbzone9001\n|j|\u2606lalo's pollos\n|t:|1775184527\n|gametype|doubles\n|player|p1|Dbzone9001|1|1453\n|player|p2|lalo's pollos|1|1457\n|gen|9\n|tier|[Gen 9] VGC 2026 Reg I\n|rated|\n|rule|Species Clause: Limit one of each Pok\u00e9mon\n|rule|Item Clause: Limit 1 of each item\n|clearpoke\n|poke|p1|Calyrex-Ice, L50|\n|poke|p1|Grimmsnarl, L50, M|\n|poke|p1|Pelipper, L50, F|\n|poke|p1|Araquanid, L50, F|\n|poke|p1|Miraidon, L50|\n|poke|p1|Maushold-Four, L50|\n|poke|p2|Calyrex-Shadow, L50|\n|poke|p2|Indeedee-F, L50, F|\n|poke|p2|Zamazenta-*, L50|\n|poke|p2|Landorus, L50, M|\n|poke|p2|Chien-Pao, L50|\n|poke|p2|Clefairy, L50, M|\n|teampreview|4\n|\n|t:|1775184551\n|teamsize|p1|4\n|teamsize|p2|4\n|start\n|switch|p1a: Calyrex|Calyrex-Ice, L50|100/100\n|switch|p1b: Maushold|Maushold-Four, L50|100/100\n|switch|p2a: Calyrex|Calyrex-Shadow, L50|100/100\n|switch|p2b: Zamazenta|Zamazenta-Crowned, L50|100/100\n|-ability|p2a: Calyrex|As One\n|-ability|p2a: Calyrex|Unnerve\n|-ability|p1a: Calyrex|As One\n|-ability|p1a: Calyrex|Unnerve\n|-ability|p2b: Zamazenta|Dauntless Shield|boost\n|-boost|p2b: Zamazenta|def|1\n|turn|1\n|\n|t:|1775184568\n|switch|p2b: Indeedee|Indeedee-F, L50, F|100/100\n|-fieldstart|move: Psychic Terrain|[from] ability: Psychic Surge|[of] p2b: Indeedee\n|-terastallize|p1a: Calyrex|Grass\n|move|p2a: Calyrex|Expanding Force|p1a: Calyrex|[spread] p1a,p1b\n|-damage|p1a: Calyrex|59/100\n|-enditem|p1b: Maushold|Focus Sash\n|-damage|p1b: Maushold|1/100\n|-damage|p2a: Calyrex|91/100|[from] item: Life Orb\n|move|p1b: Maushold|Super Fang|p2b: Indeedee|[miss]\n|-miss|p1b: Maushold|p2b: Indeedee\n|move|p1a: Calyrex|Trick Room|p1a: Calyrex\n|-fieldstart|move: Trick Room|[of] p1a: Calyrex\n|\n|upkeep\n|turn|2\n|\n|t:|1775184588\n|switch|p1b: Miraidon|Miraidon, L50|100/100\n|-fieldstart|move: Electric Terrain|[from] ability: Hadron Engine|[of] p1b: Miraidon\n|-enditem|p1a: Calyrex|Electric Seed\n|-boost|p1a: Calyrex|def|1|[from] item: Electric Seed\n|move|p2a: Calyrex|Protect|p2a: Calyrex\n|-singleturn|p2a: Calyrex|Protect\n|move|p1a: Calyrex|Glacial Lance|p2b: Indeedee|[spread] p2b\n|-activate|p2a: Calyrex|move: Protect\n|-damage|p2b: Indeedee|16/100\n|move|p2b: Indeedee|Trick Room|p2b: Indeedee\n|-fieldend|move: Trick Room\n|\n|upkeep\n|turn|3\n|\n|t:|1775184609\n|move|p2b: Indeedee|Helping Hand|p2a: Calyrex\n|-singleturn|p2a: Calyrex|Helping Hand|[of] p2b: Indeedee\n|move|p1b: Miraidon|Snarl|p2a: Calyrex|[spread] p2a,p2b\n|-supereffective|p2a: Calyrex\n|-supereffective|p2b: Indeedee\n|-damage|p2a: Calyrex|0 fnt\n|-damage|p2b: Indeedee|0 fnt\n|faint|p2a: Calyrex\n|faint|p2b: Indeedee\n|move|p1a: Calyrex|Trick Room|p1a: Calyrex\n|-fieldstart|move: Trick Room|[of] p1a: Calyrex\n|\n|upkeep\n|\n|t:|1775184617\n|switch|p2b: Chien-Pao|Chien-Pao, L50|100/100\n|switch|p2a: Zamazenta|Zamazenta-Crowned, L50|100/100\n|-ability|p2b: Chien-Pao|Sword of Ruin\n|turn|4\n|\n|t:|1775184638\n|switch|p1b: Maushold|Maushold-Four, L50|1/100\n|move|p1a: Calyrex|Leech Seed|p2b: Chien-Pao\n|-start|p2b: Chien-Pao|move: Leech Seed\n|move|p2a: Zamazenta|Body Press|p1a: Calyrex\n|-damage|p1a: Calyrex|37/100\n|move|p2b: Chien-Pao|Icicle Crash|p1a: Calyrex\n|-supereffective|p1a: Calyrex\n|-damage|p1a: Calyrex|1/100\n|\n|-damage|p2b: Chien-Pao|88/100|[from] Leech Seed|[of] p1a: Calyrex\n|-heal|p1a: Calyrex|11/100|[silent]\n|upkeep\n|turn|5\n|\n|t:|1775184656\n|move|p1a: Calyrex|Protect|p1a: Calyrex\n|-singleturn|p1a: Calyrex|Protect\n|move|p2a: Zamazenta|Body Press|p1a: Calyrex\n|-activate|p1a: Calyrex|move: Protect\n|move|p1b: Maushold|Super Fang|p2b: Chien-Pao\n|-damage|p2b: Chien-Pao|44/100\n|move|p2b: Chien-Pao|Icy Wind|p1a: Calyrex|[spread] p1b\n|-activate|p1a: Calyrex|move: Protect\n|-damage|p1b: Maushold|0 fnt\n|faint|p1b: Maushold\n|\n|-damage|p2b: Chien-Pao|32/100|[from] Leech Seed|[of] p1a: Calyrex\n|-heal|p1a: Calyrex|20/100|[silent]\n|upkeep\n|\n|t:|1775184671\n|switch|p1b: Pelipper|Pelipper, L50, F|100/100\n|-weather|RainDance|[from] ability: Drizzle|[of] p1b: Pelipper\n|turn|6\n|\n|t:|1775184678\n|move|p2b: Chien-Pao|Protect|p2b: Chien-Pao\n|-singleturn|p2b: Chien-Pao|Protect\n|move|p1a: Calyrex|Leech Seed|p2a: Zamazenta\n|-start|p2a: Zamazenta|move: Leech Seed\n|move|p1b: Pelipper|Weather Ball|p2b: Chien-Pao\n|-activate|p2b: Chien-Pao|move: Protect\n|move|p2a: Zamazenta|Body Press|p1a: Calyrex\n|-damage|p1a: Calyrex|0 fnt\n|faint|p1a: Calyrex\n|\n|-weather|RainDance|[upkeep]\n|-fieldend|move: Electric Terrain\n|upkeep\n|\n|t:|1775184689\n|switch|p1a: Miraidon|Miraidon, L50|100/100\n|-fieldstart|move: Electric Terrain|[from] ability: Hadron Engine|[of] p1a: Miraidon\n|turn|7\n|\n|t:|1775184699\n|-terastallize|p2b: Chien-Pao|Stellar\n|move|p2b: Chien-Pao|Sucker Punch|p1a: Miraidon\n|-damage|p1a: Miraidon|47/100\n|move|p1b: Pelipper|Weather Ball|p2b: Chien-Pao\n|-damage|p2b: Chien-Pao|0 fnt\n|faint|p2b: Chien-Pao\n|move|p2a: Zamazenta|Body Press|p1a: Miraidon\n|-damage|p1a: Miraidon|7/100\n|move|p1a: Miraidon|Electro Drift|p2a: Zamazenta\n|-damage|p2a: Zamazenta|25/100\n|\n|-weather|RainDance|[upkeep]\n|-damage|p2a: Zamazenta|12/100|[from] Leech Seed|[of] p1a: Miraidon\n|-heal|p1a: Miraidon|18/100|[silent]\n|-fieldend|move: Trick Room\n|upkeep\n|turn|8\n|-message|lalo's pollos forfeited.\n|\n|win|Dbzone9001\n|raw|Dbzone9001's rating: 1453 &rarr; <strong>1473</strong><br />(+20 for winning)\n|raw|lalo&apos;s pollos's rating: 1457 &rarr; <strong>1437</strong><br />(-20 for losing)\n|l|\u2606lalo's pollos\n|player|p2|\n|l|\u2606Dbzone9001\n|player|p1|\n","uploadtime":1775184890,"views":14,"formatid":"gen9vgc2026regi","rating":1437,"private":0,"password":null}