{"id":"gen9vgc2026regi-2554608130","format":"[Gen 9] VGC 2026 Reg I","players":["I\u2764\ufe0f\u5a1c\u7984forever","Cello L."],"log":"|j|\u2606I\u2764\ufe0f\u5a1c\u7984forever\n|j|\u2606Cello L.\n|t:|1772992529\n|gametype|doubles\n|player|p1|I\u2764\ufe0f\u5a1c\u7984forever|youngcouple-gen4dp|1421\n|player|p2|Cello L.|psychic-gen4|1410\n|gen|9\n|tier|[Gen 9] VGC 2026 Reg I\n|rated|\n|rule|Species Clause: Limit one of each Pok\u00e9mon\n|rule|Item Clause: Limit 1 of each item\n|clearpoke\n|poke|p1|Groudon, L50|\n|poke|p1|Kyurem-White, L50|\n|poke|p1|Heatran, L50, M|\n|poke|p1|Whimsicott, L50, M|\n|poke|p1|Roaring Moon, L50|\n|poke|p1|Ditto, L50|\n|poke|p2|Calyrex-Shadow, L50|\n|poke|p2|Koraidon, L50|\n|poke|p2|Regieleki, L50|\n|poke|p2|Volcarona, L50, F|\n|poke|p2|Rillaboom, L50, F|\n|poke|p2|Incineroar, L50, F|\n|teampreview|4\n|\n|t:|1772992568\n|teamsize|p1|4\n|teamsize|p2|4\n|start\n|switch|p1a: Whimsicott|Whimsicott, L50, M|100/100\n|switch|p1b: Kyurem|Kyurem-White, L50|100/100\n|switch|p2a: Incineroar|Incineroar, L50, F|100/100\n|switch|p2b: Calyrex|Calyrex-Shadow, L50|100/100\n|-ability|p2b: Calyrex|As One\n|-ability|p2b: Calyrex|Unnerve\n|-ability|p1b: Kyurem|Turboblaze\n|-ability|p2a: Incineroar|Intimidate|boost\n|-unboost|p1a: Whimsicott|atk|1\n|-unboost|p1b: Kyurem|atk|1\n|turn|1\n|\n|t:|1772992586\n|move|p2a: Incineroar|Fake Out|p1b: Kyurem\n|-damage|p1b: Kyurem|91/100\n|move|p2b: Calyrex|Astral Barrage|p1a: Whimsicott|[spread] p1a,p1b\n|-enditem|p1a: Whimsicott|Focus Sash\n|-damage|p1a: Whimsicott|1/100\n|-damage|p1b: Kyurem|42/100\n|-damage|p2b: Calyrex|91/100|[from] item: Life Orb\n|move|p1a: Whimsicott|Energy Ball|p2b: Calyrex\n|-damage|p2b: Calyrex|61/100\n|cant|p1b: Kyurem|flinch\n|\n|upkeep\n|turn|2\n|\n|t:|1772992631\n|move|p2b: Calyrex|Protect|p2b: Calyrex\n|-singleturn|p2b: Calyrex|Protect\n|move|p1a: Whimsicott|Tailwind|p1a: Whimsicott\n|-sidestart|p1: I\u2764\ufe0f\u5a1c\u7984forever|move: Tailwind\n|move|p1b: Kyurem|Shadow Ball|p2b: Calyrex\n|-activate|p2b: Calyrex|move: Protect\n|move|p2a: Incineroar|Parting Shot|p1b: Kyurem\n|-unboost|p1b: Kyurem|atk|1\n|-unboost|p1b: Kyurem|spa|1\n|\n|t:|1772992645\n|switch|p2a: Rillaboom|Rillaboom, L50, F|100/100|[from] Parting Shot\n|-fieldstart|move: Grassy Terrain|[from] ability: Grassy Surge|[of] p2a: Rillaboom\n|\n|-heal|p1a: Whimsicott|7/100|[from] Grassy Terrain\n|-heal|p1b: Kyurem|48/100|[from] Grassy Terrain\n|-heal|p2b: Calyrex|68/100|[from] Grassy Terrain\n|upkeep\n|turn|3\n|\n|t:|1772992659\n|-terastallize|p2b: Calyrex|Dark\n|move|p2a: Rillaboom|Grassy Glide|p1a: Whimsicott\n|-resisted|p1a: Whimsicott\n|-damage|p1a: Whimsicott|0 fnt\n|faint|p1a: Whimsicott\n|move|p1b: Kyurem|Blizzard|p2a: Rillaboom|[spread] p2a,p2b\n|-supereffective|p2a: Rillaboom\n|-damage|p2a: Rillaboom|57/100\n|-damage|p2b: Calyrex|37/100\n|move|p2b: Calyrex|Astral Barrage|p1b: Kyurem\n|-damage|p1b: Kyurem|0 fnt\n|faint|p1b: Kyurem\n|-ability|p2b: Calyrex|Grim Neigh|boost\n|-boost|p2b: Calyrex|spa|1\n|-damage|p2b: Calyrex|27/100|[from] item: Life Orb\n|\n|-heal|p2b: Calyrex|33/100|[from] Grassy Terrain\n|-heal|p2a: Rillaboom|63/100|[from] Grassy Terrain\n|upkeep\n|\n|t:|1772992671\n|switch|p1a: Ditto|Ditto, L50|100/100\n|switch|p1b: Groudon|Groudon, L50|100/100\n|-weather|SunnyDay|[from] ability: Drought|[of] p1b: Groudon\n|-transform|p1a: Ditto|p2b: Calyrex|[from] ability: Imposter\n|-ability|p1a: Ditto|As One\n|-ability|p1a: Ditto|Unnerve\n|-start|p1a: Ditto|typechange|Psychic/Ghost|[silent]\n|turn|4\n|\n|t:|1772992697\n|switch|p2b: Incineroar|Incineroar, L50, F|100/100\n|-ability|p2b: Incineroar|Intimidate|boost\n|-unboost|p1a: Ditto|atk|1\n|-unboost|p1b: Groudon|atk|1\n|move|p1a: Ditto|Protect|p1a: Ditto\n|-singleturn|p1a: Ditto|Protect\n|move|p2a: Rillaboom|Grassy Glide|p1a: Ditto\n|-activate|p1a: Ditto|move: Protect\n|move|p1b: Groudon|Heat Crash|p2a: Rillaboom\n|-supereffective|p2a: Rillaboom\n|-damage|p2a: Rillaboom|0 fnt\n|faint|p2a: Rillaboom\n|\n|-weather|SunnyDay|[upkeep]\n|upkeep\n|\n|t:|1772992710\n|switch|p2a: Koraidon|Koraidon, L50|100/100\n|-activate|p2a: Koraidon|ability: Orichalcum Pulse\n|turn|5\n|\n|t:|1772992723\n|move|p2a: Koraidon|Protect|p2a: Koraidon\n|-singleturn|p2a: Koraidon|Protect\n|move|p1a: Ditto|Psychic|p2a: Koraidon\n|-activate|p2a: Koraidon|move: Protect\n|move|p1b: Groudon|Precipice Blades|p2b: Incineroar|[spread] p2b\n|-activate|p2a: Koraidon|move: Protect\n|-supereffective|p2b: Incineroar\n|-damage|p2b: Incineroar|45/100\n|move|p2b: Incineroar|Knock Off|p1a: Ditto\n|-supereffective|p1a: Ditto\n|-damage|p1a: Ditto|0 fnt\n|-enditem|p1a: Ditto|Bright Powder|[from] move: Knock Off|[of] p2b: Incineroar\n|faint|p1a: Ditto\n|\n|-weather|SunnyDay|[upkeep]\n|-heal|p2b: Incineroar|51/100|[from] Grassy Terrain\n|-sideend|p1: I\u2764\ufe0f\u5a1c\u7984forever|move: Tailwind\n|upkeep\n|turn|6\n|\n|t:|1772992741\n|move|p2a: Koraidon|Collision Course|p1b: Groudon\n|-damage|p1b: Groudon|51/100\n|move|p1b: Groudon|Precipice Blades|p2a: Koraidon|[spread] p2a\n|-miss|p1b: Groudon|p2b: Incineroar\n|-damage|p2a: Koraidon|71/100\n|move|p2b: Incineroar|Parting Shot|p1b: Groudon\n|-unboost|p1b: Groudon|atk|1\n|-unboost|p1b: Groudon|spa|1\n|\n|t:|1772992750\n|switch|p2b: Calyrex|Calyrex-Shadow, L50, tera:Dark|33/100|[from] Parting Shot\n|-ability|p2b: Calyrex|As One\n|-ability|p2b: Calyrex|Unnerve\n|\n|-weather|SunnyDay|[upkeep]\n|-heal|p2b: Calyrex|39/100|[from] Grassy Terrain\n|-heal|p2a: Koraidon|77/100|[from] Grassy Terrain\n|-heal|p1b: Groudon|57/100|[from] Grassy Terrain\n|-fieldend|move: Grassy Terrain\n|upkeep\n|turn|7\n|\n|t:|1772992760\n|move|p2b: Calyrex|Astral Barrage|p1b: Groudon\n|-damage|p1b: Groudon|6/100\n|-damage|p2b: Calyrex|29/100|[from] item: Life Orb\n|move|p2a: Koraidon|Collision Course|p1b: Groudon\n|-damage|p1b: Groudon|0 fnt\n|faint|p1b: Groudon\n|\n|win|Cello L.\n|raw|I\u2764\ufe0f\u5a1c\u7984forever's rating: 1421 &rarr; <strong>1400</strong><br />(-21 for losing)\n|raw|Cello L.'s rating: 1410 &rarr; <strong>1431</strong><br />(+21 for winning)\n|l|\u2606I\u2764\ufe0f\u5a1c\u7984forever\n|player|p1|\n","uploadtime":1772992764,"views":14,"formatid":"gen9vgc2026regi","rating":1400,"private":0,"password":null}