{"id":"gen9vgc2026regi-2522428179","format":"[Gen 9] VGC 2026 Reg I","players":["Voth","suc vat vk"],"log":"|j|\u2606Voth\n|j|\u2606suc vat vk\n|t:|1768906211\n|gametype|doubles\n|player|p1|Voth|dawn|1315\n|player|p2|suc vat vk|kimonogirl|1298\n|gen|9\n|tier|[Gen 9] VGC 2026 Reg I\n|rated|\n|rule|Species Clause: Limit one of each Pok\u00e9mon\n|rule|Item Clause: Limit 1 of each item\n|clearpoke\n|poke|p1|Urshifu-*, L50, M|\n|poke|p1|Calyrex-Ice, L50|\n|poke|p1|Tornadus, L50, M|\n|poke|p1|Landorus, L50, M|\n|poke|p1|Rillaboom, L50, F|\n|poke|p1|Kyogre, L50|\n|poke|p2|Calyrex-Shadow, L50|\n|poke|p2|Incineroar, L50, M|\n|poke|p2|Smeargle, L50, F|\n|poke|p2|Whimsicott, L50, F|\n|poke|p2|Kyurem-White, L50|\n|poke|p2|Ogerpon-Cornerstone, L50, F|\n|teampreview|4\n|l|\u2606Voth\n|player|p1|\n|inactive|Battle timer is ON: inactive players will automatically lose when time's up. (requested by suc vat vk)\n|j|\u2606Voth\n|inactive|Voth reconnected and has 90 seconds left.\n|player|p1|Voth|dawn|\n|\n|t:|1768906264\n|teamsize|p1|4\n|teamsize|p2|4\n|start\n|switch|p1a: Aang|Tornadus, L50, M|100/100\n|switch|p1b: Mr miyagi|Urshifu-Rapid-Strike, L50, M|100/100\n|switch|p2a: Whimsicott|Whimsicott, L50, F, shiny|100/100\n|switch|p2b: Kyurem|Kyurem-White, L50, shiny|100/100\n|-ability|p2b: Kyurem|Turboblaze\n|turn|1\n|inactive|suc vat vk has 30 seconds left.\n|\n|t:|1768906292\n|move|p2a: Whimsicott|Tailwind|p2a: Whimsicott\n|-sidestart|p2: suc vat vk|move: Tailwind\n|move|p1a: Aang|Tailwind|p1a: Aang\n|-sidestart|p1: Voth|move: Tailwind\n|move|p1b: Mr miyagi|Close Combat|p2b: Kyurem\n|-supereffective|p2b: Kyurem\n|-damage|p2b: Kyurem|0 fnt\n|-unboost|p1b: Mr miyagi|def|1\n|-unboost|p1b: Mr miyagi|spd|1\n|faint|p2b: Kyurem\n|\n|upkeep\n|\n|t:|1768906297\n|switch|p2b: Calyrex|Calyrex-Shadow, L50|100/100\n|-ability|p2b: Calyrex|As One\n|-ability|p2b: Calyrex|Unnerve\n|turn|2\n|inactive|Voth has 30 seconds left.\n|\n|t:|1768906324\n|switch|p1b: Nuke|Kyogre, L50|100/100\n|-weather|RainDance|[from] ability: Drizzle|[of] p1b: Nuke\n|-terastallize|p2b: Calyrex|Ghost\n|move|p2b: Calyrex|Astral Barrage|p1a: Aang|[spread] p1a,p1b\n|-damage|p1a: Aang|0 fnt\n|-damage|p1b: Nuke|26/100\n|faint|p1a: Aang\n|-ability|p2b: Calyrex|Grim Neigh|boost\n|-boost|p2b: Calyrex|spa|1\n|move|p2a: Whimsicott|Moonblast|p1b: Nuke\n|-damage|p1b: Nuke|1/100\n|\n|-weather|RainDance|[upkeep]\n|upkeep\n|\n|t:|1768906335\n|switch|p1a: Kaul Hilo|Landorus, L50, M|100/100\n|turn|3\n|\n|t:|1768906346\n|switch|p2a: Ogerpon|Ogerpon-Cornerstone, L50, F|100/100\n|move|p1a: Kaul Hilo|Protect|p1a: Kaul Hilo\n|-singleturn|p1a: Kaul Hilo|Protect\n|move|p1b: Nuke|Protect|p1b: Nuke\n|-singleturn|p1b: Nuke|Protect\n|move|p2b: Calyrex|Astral Barrage|p1a: Kaul Hilo|[spread] \n|-activate|p1a: Kaul Hilo|move: Protect\n|-activate|p1b: Nuke|move: Protect\n|\n|-weather|RainDance|[upkeep]\n|upkeep\n|turn|4\n|\n|t:|1768906355\n|move|p2b: Calyrex|Astral Barrage|p1a: Kaul Hilo|[spread] p1a,p1b\n|-damage|p1a: Kaul Hilo|0 fnt\n|-damage|p1b: Nuke|0 fnt\n|faint|p1a: Kaul Hilo\n|faint|p1b: Nuke\n|-ability|p2b: Calyrex|Grim Neigh|boost\n|-boost|p2b: Calyrex|spa|2\n|move|p2a: Ogerpon|Ivy Cudgel|p1: Kaul Hilo|[notarget]\n|-fail|p2a: Ogerpon\n|\n|-weather|RainDance|[upkeep]\n|-sideend|p2: suc vat vk|move: Tailwind\n|-sideend|p1: Voth|move: Tailwind\n|upkeep\n|\n|t:|1768906359\n|switch|p1b: Mr miyagi|Urshifu-Rapid-Strike, L50, M|100/100\n|turn|5\n|\n|t:|1768906377\n|-terastallize|p1b: Mr miyagi|Water\n|move|p2a: Ogerpon|Follow Me|p2a: Ogerpon\n|-singleturn|p2a: Ogerpon|move: Follow Me\n|move|p1b: Mr miyagi|Aqua Jet|p2a: Ogerpon\n|-ability|p2a: Ogerpon|Sturdy\n|-damage|p2a: Ogerpon|1/100\n|move|p2b: Calyrex|Astral Barrage|p1b: Mr miyagi\n|-damage|p1b: Mr miyagi|0 fnt\n|faint|p1b: Mr miyagi\n|\n|win|suc vat vk\n|raw|Voth's rating: 1315 &rarr; <strong>1293</strong><br />(-22 for losing)\n|raw|suc vat vk's rating: 1278 &rarr; <strong>1306</strong><br />(+28 for winning)\n|l|\u2606suc vat vk\n|player|p2|\n","uploadtime":1768906603,"views":18,"formatid":"gen9vgc2026regi","rating":1293,"private":0,"password":null}