{"id":"gen9vgc2026regi-2548164690","format":"[Gen 9] VGC 2026 Reg I","players":["avarussurava","fogdocker"],"log":"|j|\u203davarussurava\n|j|\u2606fogdocker\n|t:|1772179987\n|gametype|doubles\n|player|p1|avarussurava|169|1417\n|player|p2|fogdocker|101|1404\n|gen|9\n|tier|[Gen 9] VGC 2026 Reg I\n|rated|\n|rule|Species Clause: Limit one of each Pok\u00e9mon\n|rule|Item Clause: Limit 1 of each item\n|clearpoke\n|poke|p1|Tyranitar, L50, F|\n|poke|p1|Kyogre, L50|\n|poke|p1|Zamazenta-*, L50|\n|poke|p1|Gastrodon, L50, F|\n|poke|p1|Sinistcha, L50|\n|poke|p1|Ceruledge, L50, F|\n|poke|p2|Calyrex-Ice, L50|\n|poke|p2|Koraidon, L50|\n|poke|p2|Flutter Mane, L50|\n|poke|p2|Incineroar, L50, M|\n|poke|p2|Rillaboom, L50, M|\n|poke|p2|Volcarona, L50, M|\n|teampreview|4\n|\n|t:|1772180015\n|teamsize|p1|4\n|teamsize|p2|4\n|start\n|switch|p1a: Tyranitar|Tyranitar, L50, F|100/100\n|switch|p1b: Ceruledge|Ceruledge, L50, F|100/100\n|switch|p2a: Calyrex|Calyrex-Ice, L50|100/100\n|switch|p2b: Rillaboom|Rillaboom, L50, M|100/100\n|-ability|p2a: Calyrex|As One\n|-ability|p2a: Calyrex|Unnerve\n|-fieldstart|move: Grassy Terrain|[from] ability: Grassy Surge|[of] p2b: Rillaboom\n|-weather|Sandstorm|[from] ability: Sand Stream|[of] p1a: Tyranitar\n|turn|1\n|\n|t:|1772180055\n|switch|p2b: Volcarona|Volcarona, L50, M|100/100\n|switch|p1a: Zamazenta|Zamazenta-Crowned, L50|100/100\n|-ability|p1a: Zamazenta|Dauntless Shield|boost\n|-boost|p1a: Zamazenta|def|1\n|-terastallize|p2a: Calyrex|Water\n|move|p1b: Ceruledge|Taunt|p2a: Calyrex\n|-start|p2a: Calyrex|move: Taunt\n|move|p2a: Calyrex|Glacial Lance|p1a: Zamazenta|[spread] p1a,p1b\n|-resisted|p1a: Zamazenta\n|-resisted|p1b: Ceruledge\n|-damage|p1a: Zamazenta|91/100\n|-damage|p1b: Ceruledge|68/100\n|\n|-weather|Sandstorm|[upkeep]\n|-damage|p2b: Volcarona|94/100|[from] Sandstorm\n|-damage|p2a: Calyrex|95/100|[from] Sandstorm\n|-heal|p1a: Zamazenta|97/100|[from] Grassy Terrain\n|-heal|p2b: Volcarona|100/100|[from] Grassy Terrain\n|-heal|p1b: Ceruledge|74/100|[from] Grassy Terrain\n|-heal|p2a: Calyrex|100/100|[from] Grassy Terrain\n|upkeep\n|turn|2\n|\n|t:|1772180080\n|switch|p2a: Koraidon|Koraidon, L50|100/100\n|-weather|SunnyDay|[from] ability: Orichalcum Pulse|[of] p2a: Koraidon\n|-activate|p2a: Koraidon|Orichalcum Pulse|[source]\n|move|p1a: Zamazenta|Snarl|p2b: Volcarona|[spread] p2a,p2b\n|-resisted|p2a: Koraidon\n|-damage|p2a: Koraidon|97/100\n|-damage|p2b: Volcarona|94/100\n|-unboost|p2a: Koraidon|spa|1\n|-unboost|p2b: Volcarona|spa|1\n|move|p2b: Volcarona|Struggle Bug|p1a: Zamazenta|[spread] p1a,p1b\n|-resisted|p1a: Zamazenta\n|-resisted|p1b: Ceruledge\n|-damage|p1a: Zamazenta|95/100\n|-damage|p1b: Ceruledge|71/100\n|-unboost|p1a: Zamazenta|spa|1\n|-unboost|p1b: Ceruledge|spa|1\n|move|p1b: Ceruledge|Taunt|p2b: Volcarona\n|-start|p2b: Volcarona|move: Taunt\n|\n|-weather|SunnyDay|[upkeep]\n|-heal|p2a: Koraidon|100/100|[from] Grassy Terrain\n|-heal|p1a: Zamazenta|100/100|[from] Grassy Terrain\n|-heal|p2b: Volcarona|99/100|[from] Grassy Terrain\n|-heal|p1b: Ceruledge|77/100|[from] Grassy Terrain\n|upkeep\n|turn|3\n|\n|t:|1772180113\n|-terastallize|p1a: Zamazenta|Ground\n|move|p2a: Koraidon|Protect|p2a: Koraidon\n|-singleturn|p2a: Koraidon|Protect\n|move|p1a: Zamazenta|Iron Defense|p1a: Zamazenta\n|-boost|p1a: Zamazenta|def|2\n|move|p2b: Volcarona|Struggle Bug|p1a: Zamazenta|[spread] p1a,p1b\n|-resisted|p1b: Ceruledge\n|-damage|p1a: Zamazenta|93/100\n|-damage|p1b: Ceruledge|74/100\n|-unboost|p1a: Zamazenta|spa|1\n|-unboost|p1b: Ceruledge|spa|1\n|move|p1b: Ceruledge|Bulk Up|p1b: Ceruledge\n|-boost|p1b: Ceruledge|atk|1\n|-boost|p1b: Ceruledge|def|1\n|\n|-weather|SunnyDay|[upkeep]\n|-heal|p1a: Zamazenta|99/100|[from] Grassy Terrain\n|-heal|p2b: Volcarona|100/100|[from] Grassy Terrain\n|-heal|p1b: Ceruledge|80/100|[from] Grassy Terrain\n|upkeep\n|turn|4\n|\n|t:|1772180130\n|switch|p2a: Calyrex|Calyrex-Ice, L50, tera:Water|100/100\n|-ability|p2a: Calyrex|As One\n|-ability|p2a: Calyrex|Unnerve\n|move|p1a: Zamazenta|Iron Defense|p1a: Zamazenta\n|-boost|p1a: Zamazenta|def|2\n|move|p2b: Volcarona|Fiery Dance|p1a: Zamazenta\n|-damage|p1a: Zamazenta|73/100\n|-boost|p2b: Volcarona|spa|1\n|move|p1b: Ceruledge|Bulk Up|p1b: Ceruledge\n|-boost|p1b: Ceruledge|atk|1\n|-boost|p1b: Ceruledge|def|1\n|\n|-weather|SunnyDay|[upkeep]\n|-heal|p1a: Zamazenta|79/100|[from] Grassy Terrain\n|-heal|p1b: Ceruledge|86/100|[from] Grassy Terrain\n|upkeep\n|turn|5\n|\n|t:|1772180164\n|switch|p2b: Rillaboom|Rillaboom, L50, M|100/100\n|move|p2a: Calyrex|Protect|p2a: Calyrex\n|-singleturn|p2a: Calyrex|Protect\n|move|p1a: Zamazenta|Body Press|p2a: Calyrex\n|-activate|p2a: Calyrex|move: Protect\n|move|p1b: Ceruledge|Taunt|p2b: Rillaboom\n|-start|p2b: Rillaboom|move: Taunt\n|\n|-weather|SunnyDay|[upkeep]\n|-heal|p1a: Zamazenta|85/100|[from] Grassy Terrain\n|-heal|p1b: Ceruledge|92/100|[from] Grassy Terrain\n|-fieldend|move: Grassy Terrain\n|upkeep\n|turn|6\n|\n|t:|1772180179\n|move|p2b: Rillaboom|Fake Out|p1a: Zamazenta\n|-damage|p1a: Zamazenta|82/100\n|cant|p1a: Zamazenta|flinch\n|move|p1b: Ceruledge|Bitter Blade|p2b: Rillaboom\n|-supereffective|p2b: Rillaboom\n|-damage|p2b: Rillaboom|0 fnt\n|-heal|p1b: Ceruledge|100/100|[from] drain|[of] p2b: Rillaboom\n|faint|p2b: Rillaboom\n|move|p2a: Calyrex|Leech Seed|p1b: Ceruledge\n|-start|p1b: Ceruledge|move: Leech Seed\n|\n|-weather|none\n|-damage|p1b: Ceruledge|88/100|[from] Leech Seed|[of] p2a: Calyrex\n|upkeep\n|\n|t:|1772180182\n|switch|p2b: Volcarona|Volcarona, L50, M|100/100\n|turn|7\n|\n|t:|1772180195\n|move|p2b: Volcarona|Rage Powder|p2b: Volcarona\n|-singleturn|p2b: Volcarona|move: Rage Powder\n|move|p1a: Zamazenta|Body Press|p2b: Volcarona\n|-resisted|p2b: Volcarona\n|-damage|p2b: Volcarona|30/100\n|-damage|p1a: Zamazenta|65/100|[from] item: Rocky Helmet|[of] p2b: Volcarona\n|-status|p1a: Zamazenta|brn|[from] ability: Flame Body|[of] p2b: Volcarona\n|move|p1b: Ceruledge|Taunt|p2b: Volcarona\n|-start|p2b: Volcarona|move: Taunt\n|move|p2a: Calyrex|Glacial Lance|p1a: Zamazenta|[spread] p1a,p1b\n|-supereffective|p1a: Zamazenta\n|-resisted|p1b: Ceruledge\n|-damage|p1a: Zamazenta|50/100 brn\n|-damage|p1b: Ceruledge|70/100\n|\n|-damage|p1b: Ceruledge|58/100|[from] Leech Seed|[of] p2a: Calyrex\n|-damage|p1a: Zamazenta|44/100 brn|[from] brn\n|upkeep\n|turn|8\n|\n|t:|1772180218\n|move|p2a: Calyrex|Protect|p2a: Calyrex\n|-singleturn|p2a: Calyrex|Protect\n|move|p1a: Zamazenta|Body Press|p2b: Volcarona\n|-resisted|p2b: Volcarona\n|-damage|p2b: Volcarona|0 fnt\n|-damage|p1a: Zamazenta|27/100 brn|[from] item: Rocky Helmet|[of] p2b: Volcarona\n|faint|p2b: Volcarona\n|move|p1b: Ceruledge|Bulk Up|p1b: Ceruledge\n|-boost|p1b: Ceruledge|atk|1\n|-boost|p1b: Ceruledge|def|1\n|\n|-damage|p1b: Ceruledge|46/100|[from] Leech Seed|[of] p2a: Calyrex\n|-damage|p1a: Zamazenta|21/100 brn|[from] brn\n|upkeep\n|\n|t:|1772180224\n|switch|p2b: Koraidon|Koraidon, L50|100/100\n|-weather|SunnyDay|[from] ability: Orichalcum Pulse|[of] p2b: Koraidon\n|-activate|p2b: Koraidon|Orichalcum Pulse|[source]\n|turn|9\n|\n|t:|1772180240\n|move|p2b: Koraidon|Flare Blitz|p1a: Zamazenta\n|-damage|p1a: Zamazenta|3/100 brn\n|-damage|p2b: Koraidon|95/100|[from] Recoil\n|-damage|p2b: Koraidon|85/100|[from] item: Life Orb\n|move|p1a: Zamazenta|Body Press|p2a: Calyrex\n|-damage|p2a: Calyrex|53/100\n|move|p1b: Ceruledge|Bitter Blade|p2a: Calyrex\n|-resisted|p2a: Calyrex\n|-damage|p2a: Calyrex|1/100\n|-heal|p1b: Ceruledge|82/100|[from] drain|[of] p2a: Calyrex\n|move|p2a: Calyrex|Glacial Lance|p1a: Zamazenta|[spread] p1a,p1b\n|-supereffective|p1a: Zamazenta\n|-resisted|p1b: Ceruledge\n|-damage|p1a: Zamazenta|0 fnt\n|-damage|p1b: Ceruledge|68/100\n|faint|p1a: Zamazenta\n|-ability|p2a: Calyrex|Chilling Neigh|boost\n|-boost|p2a: Calyrex|atk|1\n|\n|-weather|SunnyDay|[upkeep]\n|-heal|p2a: Calyrex|7/100|[from] item: Leftovers\n|-damage|p1b: Ceruledge|56/100|[from] Leech Seed|[of] p2a: Calyrex\n|-heal|p2a: Calyrex|16/100|[silent]\n|upkeep\n|\n|t:|1772180262\n|switch|p1a: Sinistcha|Sinistcha, L50|100/100\n|-heal|p1b: Ceruledge|81/100|[from] ability: Hospitality|[of] p1a: Sinistcha\n|turn|10\n|\n|t:|1772180273\n|switch|p1a: Tyranitar|Tyranitar, L50, F|100/100\n|-weather|Sandstorm|[from] ability: Sand Stream|[of] p1a: Tyranitar\n|move|p2a: Calyrex|Protect|p2a: Calyrex\n|-singleturn|p2a: Calyrex|Protect\n|move|p2b: Koraidon|Flare Blitz|p1a: Tyranitar\n|-resisted|p1a: Tyranitar\n|-crit|p1a: Tyranitar\n|-damage|p1a: Tyranitar|71/100\n|-damage|p2b: Koraidon|75/100|[from] Recoil\n|-damage|p2b: Koraidon|66/100|[from] item: Life Orb\n|move|p1b: Ceruledge|Bitter Blade|p2a: Calyrex\n|-activate|p2a: Calyrex|move: Protect\n|\n|-weather|Sandstorm|[upkeep]\n|-damage|p2b: Koraidon|60/100|[from] Sandstorm\n|-damage|p2a: Calyrex|10/100|[from] Sandstorm\n|-heal|p2a: Calyrex|16/100|[from] item: Leftovers\n|-damage|p1b: Ceruledge|69/100|[from] Leech Seed|[of] p2a: Calyrex\n|-heal|p2a: Calyrex|25/100|[silent]\n|upkeep\n|turn|11\n|\n|t:|1772180294\n|switch|p1a: Sinistcha|Sinistcha, L50|100/100\n|-heal|p1b: Ceruledge|94/100|[from] ability: Hospitality|[of] p1a: Sinistcha\n|move|p2b: Koraidon|Close Combat|p1a: Sinistcha\n|-immune|p1a: Sinistcha\n|move|p1b: Ceruledge|Bitter Blade|p2a: Calyrex\n|-resisted|p2a: Calyrex\n|-damage|p2a: Calyrex|0 fnt\n|-heal|p1b: Ceruledge|100/100|[from] drain|[of] p2a: Calyrex\n|faint|p2a: Calyrex\n|\n|-weather|Sandstorm|[upkeep]\n|-damage|p2b: Koraidon|54/100|[from] Sandstorm\n|-damage|p1a: Sinistcha|94/100|[from] Sandstorm\n|upkeep\n|turn|12\n|-message|fogdocker forfeited.\n|\n|win|avarussurava\n|raw|avarussurava's rating: 1417 &rarr; <strong>1436</strong><br />(+19 for winning)\n|raw|fogdocker's rating: 1404 &rarr; <strong>1385</strong><br />(-19 for losing)\n","uploadtime":1772180311,"views":15,"formatid":"gen9vgc2026regi","rating":1385,"private":0,"password":null}