{"id":"gen9vgc2026regi-2565745483","format":"[Gen 9] VGC 2026 Reg I","players":["Mirthinion","itastelikeiron"],"log":"|j|\u2606Mirthinion\n|j|\u2606itastelikeiron\n|t:|1774300432\n|gametype|doubles\n|player|p1|Mirthinion|janitor|1351\n|player|p2|itastelikeiron|infielder|1450\n|gen|9\n|tier|[Gen 9] VGC 2026 Reg I\n|rated|\n|rule|Species Clause: Limit one of each Pok\u00e9mon\n|rule|Item Clause: Limit 1 of each item\n|clearpoke\n|poke|p1|Calyrex-Shadow, L50|\n|poke|p1|Zamazenta-*, L50|\n|poke|p1|Urshifu-*, L50, M|\n|poke|p1|Incineroar, L50, M|\n|poke|p1|Rillaboom, L50, M|\n|poke|p1|Tornadus, L50, M|\n|poke|p2|Tornadus, L50, M|\n|poke|p2|Kyogre, L50|\n|poke|p2|Miraidon, L50|\n|poke|p2|Tsareena, L50, F|\n|poke|p2|Incineroar, L50, F|\n|poke|p2|Basculegion, L50, M|\n|teampreview|4\n|inactive|Battle timer is ON: inactive players will automatically lose when time's up. (requested by Mirthinion)\nMirthinion rejected open team sheets.\n|inactive|Mirthinion has 60 seconds left.\n|\n|t:|1774300481\n|teamsize|p1|4\n|teamsize|p2|4\n|start\n|switch|p1a: Mithrandir|Calyrex-Shadow, L50|100/100\n|switch|p1b: Drambor|Zamazenta-Crowned, L50|100/100\n|switch|p2a: Tornadus|Tornadus, L50, M|100/100\n|switch|p2b: Kyogre|Kyogre, L50|100/100\n|-ability|p1a: Mithrandir|As One\n|-ability|p1a: Mithrandir|Unnerve\n|-weather|RainDance|[from] ability: Drizzle|[of] p2b: Kyogre\n|-ability|p1b: Drambor|Dauntless Shield|boost\n|-boost|p1b: Drambor|def|1\n|turn|1\n|\n|t:|1774300503\n|-terastallize|p1b: Drambor|Grass\n|move|p2b: Kyogre|Hydro Pump|p1a: Mithrandir\n|-damage|p1a: Mithrandir|14/100\n|move|p1a: Mithrandir|Astral Barrage|p2a: Tornadus|[spread] p2a,p2b\n|-damage|p2a: Tornadus|40/100\n|-damage|p2b: Kyogre|61/100\n|move|p1b: Drambor|Body Press|p2b: Kyogre\n|-damage|p2b: Kyogre|0 fnt\n|faint|p2b: Kyogre\n|move|p2a: Tornadus|Hurricane|p1b: Drambor\n|-supereffective|p1b: Drambor\n|-damage|p1b: Drambor|26/100\n|\n|-weather|RainDance|[upkeep]\n|upkeep\n|\n|t:|1774300509\n|switch|p2b: Miraidon|Miraidon, L50|100/100\n|-fieldstart|move: Electric Terrain|[from] ability: Hadron Engine|[of] p2b: Miraidon\n|turn|2\n|\n|t:|1774300530\n|switch|p1a: Hoplite|Rillaboom, L50, M|100/100\n|-fieldstart|move: Grassy Terrain|[from] ability: Grassy Surge|[of] p1a: Hoplite\n|move|p1b: Drambor|Protect|p1b: Drambor\n|-singleturn|p1b: Drambor|Protect\n|move|p2a: Tornadus|Tailwind|p2a: Tornadus\n|-sidestart|p2: itastelikeiron|move: Tailwind\n|move|p2b: Miraidon|Volt Switch|p1a: Hoplite\n|-resisted|p1a: Hoplite\n|-damage|p1a: Hoplite|82/100\n|-damage|p2b: Miraidon|91/100|[from] item: Life Orb\n|\n|t:|1774300533\n|switch|p2b: Tsareena|Tsareena, L50, F|100/100|[from] Volt Switch\n|\n|-weather|RainDance|[upkeep]\n|-heal|p1b: Drambor|32/100|[from] Grassy Terrain\n|-heal|p1a: Hoplite|88/100|[from] Grassy Terrain\n|upkeep\n|turn|3\n|\n|t:|1774300554\n|-terastallize|p2b: Tsareena|Ice\n|move|p2a: Tornadus|Hurricane|p1b: Drambor\n|-supereffective|p1b: Drambor\n|-damage|p1b: Drambor|0 fnt\n|faint|p1b: Drambor\n|move|p2b: Tsareena|Triple Axel|p1a: Hoplite\n|-supereffective|p1a: Hoplite\n|-damage|p1a: Hoplite|68/100\n|-supereffective|p1a: Hoplite\n|-damage|p1a: Hoplite|27/100\n|-supereffective|p1a: Hoplite\n|-damage|p1a: Hoplite|0 fnt\n|faint|p1a: Hoplite\n|-hitcount|p1: Hoplite|3\n|\n|-weather|RainDance|[upkeep]\n|upkeep\n|\n|t:|1774300567\n|switch|p1b: Vangwe|Tornadus, L50, M|100/100\n|switch|p1a: Mithrandir|Calyrex-Shadow, L50|14/100\n|-ability|p1a: Mithrandir|As One\n|-ability|p1a: Mithrandir|Unnerve\n|turn|4\n|\n|t:|1774300579\n|move|p2a: Tornadus|Taunt|p1b: Vangwe\n|-start|p1b: Vangwe|move: Taunt\n|cant|p1b: Vangwe|move: Taunt|Tailwind\n|move|p2b: Tsareena|Triple Axel|p1a: Mithrandir\n|-damage|p1a: Mithrandir|3/100\n|-damage|p1a: Mithrandir|0 fnt\n|faint|p1a: Mithrandir\n|-hitcount|p1: Mithrandir|2\n|\n|-weather|RainDance|[upkeep]\n|upkeep\n|turn|5\n|inactive|Mirthinion has 30 seconds left.\n|\n|t:|1774300604\n|move|p2a: Tornadus|Hurricane|p1b: Vangwe\n|-damage|p1b: Vangwe|52/100\n|move|p2b: Tsareena|Triple Axel|p1b: Vangwe\n|-supereffective|p1b: Vangwe\n|-damage|p1b: Vangwe|23/100\n|-supereffective|p1b: Vangwe\n|-damage|p1b: Vangwe|0 fnt\n|faint|p1b: Vangwe\n|-hitcount|p1: Vangwe|2\n|\n|win|itastelikeiron\n|raw|Mirthinion's rating: 1351 &rarr; <strong>1337</strong><br />(-14 for losing)\n|raw|itastelikeiron's rating: 1450 &rarr; <strong>1464</strong><br />(+14 for winning)\n|l|\u2606Mirthinion\n|player|p1|\n","uploadtime":1774300608,"views":72,"formatid":"gen9vgc2026regi","rating":1337,"private":0,"password":null}