{"id":"gen9vgc2026regi-2560619548","format":"[Gen 9] VGC 2026 Reg I","players":["lastplacemonterrey","It'sJustKen VGC"],"log":"|j|\u2606lastplacemonterrey\n|j|\u2606It'sJustKen VGC\n|t:|1773705181\n|gametype|doubles\n|player|p1|lastplacemonterrey|lady-gen4|1478\n|player|p2|It'sJustKen VGC|2|1428\n|gen|9\n|tier|[Gen 9] VGC 2026 Reg I\n|rated|\n|rule|Species Clause: Limit one of each Pok\u00e9mon\n|rule|Item Clause: Limit 1 of each item\n|clearpoke\n|poke|p1|Calyrex-Shadow, L50|\n|poke|p1|Zamazenta-*, L50|\n|poke|p1|Chien-Pao, L50|\n|poke|p1|Raging Bolt, L50|\n|poke|p1|Ogerpon-Cornerstone, L50, F|\n|poke|p1|Amoonguss, L50, F|\n|poke|p2|Farigiraf, L50, F|\n|poke|p2|Incineroar, L50, M|\n|poke|p2|Torkoal, L50, M|\n|poke|p2|Calyrex-Shadow, L50|\n|poke|p2|Amoonguss, L50, M|\n|poke|p2|Zamazenta-*, L50|\n|teampreview|4\n|inactive|Battle timer is ON: inactive players will automatically lose when time's up. (requested by It'sJustKen VGC)\n|inactive|lastplacemonterrey has 60 seconds left.\n|\n|t:|1773705228\n|teamsize|p1|4\n|teamsize|p2|4\n|start\n|switch|p1a: Chien-Pao|Chien-Pao, L50|100/100\n|switch|p1b: Zamazenta|Zamazenta-Crowned, L50|100/100\n|switch|p2a: Farigiraf|Farigiraf, L50, F|100/100\n|switch|p2b: Incineroar|Incineroar, L50, M|100/100\n|-ability|p1a: Chien-Pao|Sword of Ruin\n|-ability|p1b: Zamazenta|Dauntless Shield|boost\n|-boost|p1b: Zamazenta|def|1\n|-ability|p2b: Incineroar|Intimidate|boost\n|-unboost|p1a: Chien-Pao|atk|1\n|-unboost|p1b: Zamazenta|atk|1\n|turn|1\n|\n|t:|1773705246\n|move|p2b: Incineroar|Fake Out|p1b: Zamazenta\n|-resisted|p1b: Zamazenta\n|-damage|p1b: Zamazenta|97/100\n|move|p1a: Chien-Pao|Ruination|p2a: Farigiraf\n|-damage|p2a: Farigiraf|51/100\n|cant|p1b: Zamazenta|flinch\n|move|p2a: Farigiraf|Trick Room|p2a: Farigiraf\n|-fieldstart|move: Trick Room|[of] p2a: Farigiraf\n|\n|upkeep\n|turn|2\n|\n|t:|1773705254\n|switch|p1a: Shahar|Raging Bolt, L50|100/100\n|-enditem|p1a: Shahar|Booster Energy\n|-activate|p1a: Shahar|ability: Protosynthesis|[fromitem]\n|-start|p1a: Shahar|protosynthesisspa\n|move|p2b: Incineroar|Flare Blitz|p1b: Zamazenta\n|-supereffective|p1b: Zamazenta\n|-damage|p1b: Zamazenta|43/100\n|-damage|p2b: Incineroar|84/100|[from] Recoil\n|move|p2a: Farigiraf|Psychic|p1b: Zamazenta\n|-damage|p1b: Zamazenta|18/100\n|move|p1b: Zamazenta|Body Press|p2a: Farigiraf\n|-damage|p2a: Farigiraf|0 fnt\n|faint|p2a: Farigiraf\n|\n|upkeep\n|\n|t:|1773705258\n|switch|p2a: Amoonguss|Amoonguss, L50, M|100/100\n|turn|3\n|\n|t:|1773705273\n|move|p1a: Shahar|Protect|p1a: Shahar\n|-singleturn|p1a: Shahar|Protect\n|move|p1b: Zamazenta|Protect|p1b: Zamazenta\n|-singleturn|p1b: Zamazenta|Protect\n|move|p2a: Amoonguss|Spore|p1a: Shahar\n|-activate|p1a: Shahar|move: Protect\n|move|p2b: Incineroar|Flare Blitz|p1b: Zamazenta\n|-activate|p1b: Zamazenta|move: Protect\n|\n|upkeep\n|turn|4\n|\n|t:|1773705284\n|move|p2a: Amoonguss|Spore|p1a: Shahar\n|-status|p1a: Shahar|slp|[from] move: Spore\n|move|p2b: Incineroar|Flare Blitz|p1b: Zamazenta\n|-supereffective|p1b: Zamazenta\n|-damage|p1b: Zamazenta|0 fnt\n|faint|p1b: Zamazenta\n|-damage|p2b: Incineroar|78/100|[from] Recoil\n|cant|p1a: Shahar|slp\n|\n|upkeep\n|\n|t:|1773705288\n|switch|p1b: Calyrex|Calyrex-Shadow, L50|100/100\n|-ability|p1b: Calyrex|As One\n|-ability|p1b: Calyrex|Unnerve\n|turn|5\n|\n|t:|1773705297\n|move|p1b: Calyrex|Protect|p1b: Calyrex\n|-singleturn|p1b: Calyrex|Protect\n|move|p2a: Amoonguss|Sludge Bomb|p1a: Shahar\n|-damage|p1a: Shahar|54/100 slp\n|-damage|p2a: Amoonguss|91/100|[from] item: Life Orb\n|move|p2b: Incineroar|Knock Off|p1a: Shahar\n|-damage|p1a: Shahar|25/100 slp\n|cant|p1a: Shahar|slp\n|\n|-fieldend|move: Trick Room\n|upkeep\n|turn|6\n|\n|t:|1773705307\n|move|p1b: Calyrex|Psychic|p2a: Amoonguss\n|-supereffective|p2a: Amoonguss\n|-damage|p2a: Amoonguss|0 fnt\n|faint|p2a: Amoonguss\n|-ability|p1b: Calyrex|Grim Neigh|boost\n|-boost|p1b: Calyrex|spa|1\n|-curestatus|p1a: Shahar|slp|[msg]\n|move|p1a: Shahar|Thunderbolt|p2b: Incineroar\n|-damage|p2b: Incineroar|12/100\n|move|p2b: Incineroar|Knock Off|p1a: Shahar\n|-damage|p1a: Shahar|0 fnt\n|faint|p1a: Shahar\n|-end|p1a: Shahar|Protosynthesis|[silent]\n|\n|upkeep\n|\n|t:|1773705316\n|switch|p1a: Chien-Pao|Chien-Pao, L50|100/100\n|switch|p2a: Torkoal|Torkoal, L50, M|100/100\n|-ability|p1a: Chien-Pao|Sword of Ruin\n|-weather|SunnyDay|[from] ability: Drought|[of] p2a: Torkoal\n|turn|7\n|\n|t:|1773705335\n|-terastallize|p1b: Calyrex|Ghost\n|-terastallize|p2a: Torkoal|Fire\n|move|p1a: Chien-Pao|Sucker Punch|p2a: Torkoal\n|-damage|p2a: Torkoal|69/100\n|move|p1b: Calyrex|Astral Barrage|p2a: Torkoal|[spread] p2a,p2b\n|-resisted|p2b: Incineroar\n|-damage|p2a: Torkoal|0 fnt\n|-damage|p2b: Incineroar|0 fnt\n|faint|p2a: Torkoal\n|faint|p2b: Incineroar\n|\n|win|lastplacemonterrey\n|raw|lastplacemonterrey's rating: 1478 &rarr; <strong>1495</strong><br />(+17 for winning)\n|raw|It&apos;sJustKen VGC's rating: 1428 &rarr; <strong>1411</strong><br />(-17 for losing)\n","uploadtime":1773705337,"views":15,"formatid":"gen9vgc2026regi","rating":1411,"private":0,"password":null}