{"id":"gen9vgc2026regi-2548086785","format":"[Gen 9] VGC 2026 Reg I","players":["lalo's pollos","is_katabo"],"log":"|j|\u2606lalo's pollos\n|j|\u2606is_katabo\n|t:|1772166255\n|gametype|doubles\n|player|p1|lalo's pollos|1|1540\n|player|p2|is_katabo|elesa|1468\n|gen|9\n|tier|[Gen 9] VGC 2026 Reg I\n|rated|\n|rule|Species Clause: Limit one of each Pok\u00e9mon\n|rule|Item Clause: Limit 1 of each item\n|clearpoke\n|poke|p1|Zamazenta-*, L50|\n|poke|p1|Lunala, L50|\n|poke|p1|Rillaboom, L50, M|\n|poke|p1|Incineroar, L50, M|\n|poke|p1|Urshifu-*, L50, M|\n|poke|p1|Tornadus, L50, M|\n|poke|p2|Terapagos, L50, M|\n|poke|p2|Calyrex-Shadow, L50|\n|poke|p2|Incineroar, L50, M|\n|poke|p2|Rillaboom, L50, M|\n|poke|p2|Ogerpon-Wellspring, L50, F|\n|poke|p2|Flutter Mane, L50|\n|teampreview|4\n|\n|t:|1772166300\n|teamsize|p1|4\n|teamsize|p2|4\n|start\n|switch|p1a: Zamazenta|Zamazenta-Crowned, L50|100/100\n|switch|p1b: Tornadus|Tornadus, L50, M|100/100\n|switch|p2a: Flutter Mane|Flutter Mane, L50|100/100\n|switch|p2b: Ogerpon|Ogerpon-Wellspring, L50, F|100/100\n|-ability|p1a: Zamazenta|Dauntless Shield|boost\n|-boost|p1a: Zamazenta|def|1\n|-enditem|p2a: Flutter Mane|Booster Energy\n|-activate|p2a: Flutter Mane|ability: Protosynthesis|[fromitem]\n|-start|p2a: Flutter Mane|protosynthesisspe\n|turn|1\n|\n|t:|1772166321\n|move|p2b: Ogerpon|Follow Me|p2b: Ogerpon\n|-singleturn|p2b: Ogerpon|move: Follow Me\n|move|p2a: Flutter Mane|Icy Wind|p1a: Zamazenta|[spread] p1a,p1b\n|-resisted|p1a: Zamazenta\n|-supereffective|p1b: Tornadus\n|-damage|p1a: Zamazenta|96/100\n|-damage|p1b: Tornadus|70/100\n|-unboost|p1a: Zamazenta|spe|1\n|-unboost|p1b: Tornadus|spe|1\n|move|p1b: Tornadus|Bleakwind Storm|p2a: Flutter Mane|[spread] p2a,p2b\n|-supereffective|p2b: Ogerpon\n|-damage|p2a: Flutter Mane|63/100\n|-damage|p2b: Ogerpon|26/100\n|-unboost|p2b: Ogerpon|spe|1\n|move|p1a: Zamazenta|Heavy Slam|p2b: Ogerpon\n|-resisted|p2b: Ogerpon\n|-damage|p2b: Ogerpon|6/100\n|\n|upkeep\n|turn|2\n|\n|t:|1772166344\n|move|p1a: Zamazenta|Protect|p1a: Zamazenta\n|-singleturn|p1a: Zamazenta|Protect\n|move|p2a: Flutter Mane|Moonblast|p1a: Zamazenta\n|-activate|p1a: Zamazenta|move: Protect\n|move|p1b: Tornadus|Bleakwind Storm|p2a: Flutter Mane|[spread] p2a,p2b\n|-supereffective|p2b: Ogerpon\n|-crit|p2b: Ogerpon\n|-damage|p2a: Flutter Mane|25/100\n|-damage|p2b: Ogerpon|0 fnt\n|-unboost|p2a: Flutter Mane|spe|1\n|faint|p2b: Ogerpon\n|\n|upkeep\n|\n|t:|1772166356\n|switch|p2b: Calyrex|Calyrex-Shadow, L50|100/100\n|-ability|p2b: Calyrex|As One\n|-ability|p2b: Calyrex|Unnerve\n|turn|3\n|\n|t:|1772166369\n|move|p2a: Flutter Mane|Protect|p2a: Flutter Mane\n|-singleturn|p2a: Flutter Mane|Protect\n|move|p1b: Tornadus|Tailwind|p1b: Tornadus\n|-sidestart|p1: lalo's pollos|move: Tailwind\n|move|p1a: Zamazenta|Heavy Slam|p2a: Flutter Mane\n|-activate|p2a: Flutter Mane|move: Protect\n|move|p2b: Calyrex|Astral Barrage|p1a: Zamazenta|[spread] p1a,p1b\n|-damage|p1a: Zamazenta|55/100\n|-damage|p1b: Tornadus|0 fnt\n|faint|p1b: Tornadus\n|-ability|p2b: Calyrex|Grim Neigh|boost\n|-boost|p2b: Calyrex|spa|1\n|\n|upkeep\n|\n|t:|1772166373\n|switch|p1b: Urshifu|Urshifu-Rapid-Strike, L50, M|100/100\n|turn|4\n|\n|t:|1772166398\n|-end|p2a: Flutter Mane|Protosynthesis|[silent]\n|switch|p2a: Terapagos|Terapagos, L50, M|100/100\n|-activate|p2a: Terapagos|ability: Tera Shift\n|detailschange|p2a: Terapagos|Terapagos-Terastal, L50, M\n|-heal|p2a: Terapagos|100/100|[silent]\n|-terastallize|p1b: Urshifu|Water\n|move|p1b: Urshifu|Surging Strikes|p2b: Calyrex\n|-crit|p2b: Calyrex\n|-damage|p2b: Calyrex|59/100\n|-crit|p2b: Calyrex\n|-damage|p2b: Calyrex|12/100\n|-crit|p2b: Calyrex\n|-damage|p2b: Calyrex|0 fnt\n|faint|p2b: Calyrex\n|-hitcount|p2: Calyrex|3\n|move|p1a: Zamazenta|Heavy Slam|p2a: Terapagos\n|-activate|p2a: Terapagos|ability: Tera Shell\n|-resisted|p2a: Terapagos\n|-crit|p2a: Terapagos\n|-damage|p2a: Terapagos|71/100\n|\n|-heal|p2a: Terapagos|77/100|[from] item: Leftovers\n|upkeep\n|\n|t:|1772166413\n|switch|p2b: Flutter Mane|Flutter Mane, L50|25/100\n|turn|5\n|-message|is_katabo forfeited.\n|\n|win|lalo's pollos\n|raw|lalo&apos;s pollos's rating: 1540 &rarr; <strong>1556</strong><br />(+16 for winning)\n|raw|is_katabo's rating: 1468 &rarr; <strong>1452</strong><br />(-16 for losing)\n|l|\u2606is_katabo\n|player|p2|\n","uploadtime":1772166415,"views":14,"formatid":"gen9vgc2026regi","rating":1452,"private":0,"password":null}