{"id":"gen9vgc2026regi-2563096465","format":"[Gen 9] VGC 2026 Reg I","players":["420 El Bamfo 420","kyoshi4"],"log":"|j|\u2606420 El Bamfo 420\n|j|\u2606kyoshi4\n|t:|1773984907\n|gametype|doubles\n|player|p1|420 El Bamfo 420|red|1226\n|player|p2|kyoshi4|cynthia-gen4|1260\n|gen|9\n|tier|[Gen 9] VGC 2026 Reg I\n|rated|\n|rule|Species Clause: Limit one of each Pok\u00e9mon\n|rule|Item Clause: Limit 1 of each item\n|clearpoke\n|poke|p1|Braviary, L50, M|\n|poke|p1|Giratina-Origin, L50|\n|poke|p1|Zacian-*, L50|\n|poke|p1|Cresselia, L50, F|\n|poke|p1|Landorus-Therian, L50, M|\n|poke|p1|Chi-Yu, L50|\n|poke|p2|Miraidon, L50|\n|poke|p2|Lunala, L50|\n|poke|p2|Whimsicott, L50, F|\n|poke|p2|Urshifu-*, L50, F|\n|poke|p2|Incineroar, L50, F|\n|poke|p2|Ursaluna, L50, M|\n|teampreview|4\n|inactive|Battle timer is ON: inactive players will automatically lose when time's up. (requested by kyoshi4)\n|\n|t:|1773984937\n|teamsize|p1|4\n|teamsize|p2|4\n|start\n|switch|p1a: Braviary|Braviary, L50, M|100/100\n|switch|p1b: Giratina|Giratina-Origin, L50|100/100\n|switch|p2a: Miraidon|Miraidon, L50|100/100\n|switch|p2b: Whimsicott|Whimsicott, L50, F|100/100\n|-fieldstart|move: Electric Terrain|[from] ability: Hadron Engine|[of] p2a: Miraidon\n|turn|1\n|inactive|420 El Bamfo 420 has 30 seconds left.\n|\n|t:|1773984968\n|switch|p1a: Landorus|Landorus-Therian, L50, M|100/100\n|-ability|p1a: Landorus|Intimidate|boost\n|-unboost|p2a: Miraidon|atk|1\n|-unboost|p2b: Whimsicott|atk|1\n|-terastallize|p1b: Giratina|Steel\n|move|p2b: Whimsicott|Tailwind|p2b: Whimsicott\n|-sidestart|p2: kyoshi4|move: Tailwind\n|move|p2a: Miraidon|Volt Switch|p1a: Landorus\n|-immune|p1a: Landorus\n|move|p1b: Giratina|Earth Power|p2a: Miraidon\n|-supereffective|p2a: Miraidon\n|-damage|p2a: Miraidon|45/100\n|\n|upkeep\n|turn|2\n|inactive|kyoshi4 has 30 seconds left.\n|\n|t:|1773984994\n|-terastallize|p2a: Miraidon|Electric\n|move|p2a: Miraidon|Volt Switch|p1b: Giratina\n|-damage|p1b: Giratina|20/100\n|-damage|p2a: Miraidon|35/100|[from] item: Life Orb\n|\n|t:|1773985005\n|switch|p2a: Lunala|Lunala, L50|100/100|[from] Volt Switch\n|-enditem|p2a: Lunala|Electric Seed\n|-boost|p2a: Lunala|def|1|[from] item: Electric Seed\n|move|p2b: Whimsicott|Moonblast|p1a: Landorus\n|-damage|p1a: Landorus|74/100\n|move|p1a: Landorus|Earthquake|p2a: Lunala|[spread] p2a,p2b\n|-immune|p1b: Giratina|[from] ability: Levitate\n|-resisted|p2b: Whimsicott\n|-damage|p2a: Lunala|88/100\n|-damage|p2b: Whimsicott|72/100\n|move|p1b: Giratina|Tera Blast|p2b: Whimsicott|[anim] Tera Blast Steel\n|-supereffective|p2b: Whimsicott\n|-damage|p2b: Whimsicott|0 fnt\n|faint|p2b: Whimsicott\n|\n|upkeep\n|\n|t:|1773985019\n|switch|p2b: Urshifu|Urshifu-Rapid-Strike, L50, F|100/100\n|turn|3\n|\n|t:|1773985040\n|move|p2b: Urshifu|Surging Strikes|p1a: Landorus\n|-supereffective|p1a: Landorus\n|-crit|p1a: Landorus\n|-damage|p1a: Landorus|0 fnt\n|faint|p1a: Landorus\n|-hitcount|p1: Landorus|1\n|move|p2a: Lunala|Moongeist Beam|p1b: Giratina\n|-damage|p1b: Giratina|0 fnt\n|faint|p1b: Giratina\n|\n|upkeep\n|\n|t:|1773985052\n|switch|p1a: Braviary|Braviary, L50, M|100/100\n|switch|p1b: Zacian|Zacian-Crowned, L50|100/100\n|-ability|p1b: Zacian|Intrepid Sword|boost\n|-boost|p1b: Zacian|atk|1\n|turn|4\n|\n|t:|1773985071\n|move|p2b: Urshifu|Surging Strikes|p1b: Zacian\n|-crit|p1b: Zacian\n|-damage|p1b: Zacian|70/100\n|-crit|p1b: Zacian\n|-damage|p1b: Zacian|40/100\n|-crit|p1b: Zacian\n|-damage|p1b: Zacian|8/100\n|-hitcount|p1b: Zacian|3\n|move|p1b: Zacian|Behemoth Blade|p2a: Lunala\n|-damage|p2a: Lunala|43/100\n|move|p1a: Braviary|Tailwind|p1a: Braviary\n|-sidestart|p1: 420 El Bamfo 420|move: Tailwind\n|move|p2a: Lunala|Trick Room|p2a: Lunala\n|-fieldstart|move: Trick Room|[of] p2a: Lunala\n|\n|-sideend|p2: kyoshi4|move: Tailwind\n|upkeep\n|turn|5\n|\n|t:|1773985093\n|move|p2a: Lunala|Moongeist Beam|p1b: Zacian\n|-damage|p1b: Zacian|0 fnt\n|faint|p1b: Zacian\n|move|p2b: Urshifu|Surging Strikes|p1a: Braviary\n|-crit|p1a: Braviary\n|-damage|p1a: Braviary|65/100\n|-crit|p1a: Braviary\n|-damage|p1a: Braviary|27/100\n|-crit|p1a: Braviary\n|-damage|p1a: Braviary|0 fnt\n|faint|p1a: Braviary\n|-hitcount|p1: Braviary|3\n|\n|win|kyoshi4\n|raw|420 El Bamfo 420's rating: 1226 &rarr; <strong>1203</strong><br />(-23 for losing)\n|raw|kyoshi4's rating: 1260 &rarr; <strong>1283</strong><br />(+23 for winning)\n|l|\u2606420 El Bamfo 420\n|player|p1|\n|l|\u2606kyoshi4\n|player|p2|\n","uploadtime":1773985233,"views":14,"formatid":"gen9vgc2026regi","rating":1203,"private":0,"password":null}