{"id":"gen9vgc2026regi-2570195897","format":"[Gen 9] VGC 2026 Reg I","players":["Nuzzlear","dasabe\u76d6\u6b27\u5361\u4fa0"],"log":"|j|\u2606Nuzzlear\n|j|\u2606dasabe\u76d6\u6b27\u5361\u4fa0\n|t:|1774787042\n|gametype|doubles\n|player|p1|Nuzzlear|blue-masters|1327\n|player|p2|dasabe\u76d6\u6b27\u5361\u4fa0|may-masters4|1372\n|gen|9\n|tier|[Gen 9] VGC 2026 Reg I\n|rated|\n|rule|Species Clause: Limit one of each Pok\u00e9mon\n|rule|Item Clause: Limit 1 of each item\n|clearpoke\n|poke|p1|Calyrex-Shadow, L50|\n|poke|p1|Zamazenta-*, L50|\n|poke|p1|Incineroar, L50, M|\n|poke|p1|Rillaboom, L50, F|\n|poke|p1|Chi-Yu, L50|\n|poke|p1|Amoonguss, L50, M|\n|poke|p2|Muk-Alola, L50, F|\n|poke|p2|Smeargle, L50, F|\n|poke|p2|Calyrex-Shadow, L50|\n|poke|p2|Flamigo, L50, F|\n|poke|p2|Miraidon, L50|\n|poke|p2|Volcarona, L50, F|\n|teampreview|4\nNuzzlear has agreed to open team sheets.\n|c|\u2606Nuzzlear|GL\n|\n|t:|1774787100\n|teamsize|p1|4\n|teamsize|p2|4\n|start\n|switch|p1a: Amoonguss|Amoonguss, L50, M, shiny|100/100\n|switch|p1b: Zamazenta|Zamazenta-Crowned, L50, shiny|100/100\n|switch|p2a: \ud83d\udca9|Muk-Alola, L50, F|100/100\n|switch|p2b: \u843d\u699c\u7f8e\u672f\u751f|Smeargle, L50, F|100/100\n|-ability|p1b: Zamazenta|Dauntless Shield|boost\n|-boost|p1b: Zamazenta|def|1\n|turn|1\n|inactive|Battle timer is ON: inactive players will automatically lose when time's up. (requested by Nuzzlear)\n|\n|t:|1774787117\n|move|p1b: Zamazenta|Protect|p1b: Zamazenta\n|-singleturn|p1b: Zamazenta|Protect\n|move|p2b: \u843d\u699c\u7f8e\u672f\u751f|Fake Out|p1a: Amoonguss\n|-damage|p1a: Amoonguss|96/100\n|-damage|p2b: \u843d\u699c\u7f8e\u672f\u751f|84/100|[from] item: Rocky Helmet|[of] p1a: Amoonguss\n|move|p2a: \ud83d\udca9|Minimize|p2a: \ud83d\udca9\n|-boost|p2a: \ud83d\udca9|evasion|2\n|cant|p1a: Amoonguss|flinch\n|\n|-ability|p2b: \u843d\u699c\u7f8e\u672f\u751f|Moody|boost\n|-boost|p2b: \u843d\u699c\u7f8e\u672f\u751f|spe|2\n|-unboost|p2b: \u843d\u699c\u7f8e\u672f\u751f|atk|1\n|upkeep\n|turn|2\n|\n|t:|1774787128\n|move|p1a: Amoonguss|Rage Powder|p1a: Amoonguss\n|-singleturn|p1a: Amoonguss|move: Rage Powder\n|move|p2b: \u843d\u699c\u7f8e\u672f\u751f|Spore|p1a: Amoonguss\n|-immune|p1a: Amoonguss\n|move|p1b: Zamazenta|Body Press|p2a: \ud83d\udca9\n|-damage|p2a: \ud83d\udca9|52/100\n|move|p2a: \ud83d\udca9|Minimize|p2a: \ud83d\udca9\n|-boost|p2a: \ud83d\udca9|evasion|2\n|\n|-heal|p2a: \ud83d\udca9|59/100|[from] item: Leftovers\n|-ability|p2b: \u843d\u699c\u7f8e\u672f\u751f|Moody|boost\n|-boost|p2b: \u843d\u699c\u7f8e\u672f\u751f|def|2\n|-unboost|p2b: \u843d\u699c\u7f8e\u672f\u751f|spa|1\n|upkeep\n|turn|3\n|\n|t:|1774787142\n|move|p1b: Zamazenta|Protect|p1b: Zamazenta\n|-singleturn|p1b: Zamazenta|Protect\n|move|p2a: \ud83d\udca9|Protect|p2a: \ud83d\udca9\n|-singleturn|p2a: \ud83d\udca9|Protect\n|move|p2b: \u843d\u699c\u7f8e\u672f\u751f|Salt Cure|p1b: Zamazenta\n|-activate|p1b: Zamazenta|move: Protect\n|move|p1a: Amoonguss|Spore|p2a: \ud83d\udca9\n|-activate|p2a: \ud83d\udca9|move: Protect\n|\n|-heal|p2a: \ud83d\udca9|65/100|[from] item: Leftovers\n|-ability|p2b: \u843d\u699c\u7f8e\u672f\u751f|Moody|boost\n|-boost|p2b: \u843d\u699c\u7f8e\u672f\u751f|spd|2\n|-unboost|p2b: \u843d\u699c\u7f8e\u672f\u751f|atk|1\n|upkeep\n|turn|4\n|\n|t:|1774787161\n|-terastallize|p2b: \u843d\u699c\u7f8e\u672f\u751f|Ghost\n|move|p2b: \u843d\u699c\u7f8e\u672f\u751f|Follow Me|p2b: \u843d\u699c\u7f8e\u672f\u751f\n|-singleturn|p2b: \u843d\u699c\u7f8e\u672f\u751f|move: Follow Me\n|move|p1a: Amoonguss|Rage Powder|p1a: Amoonguss\n|-singleturn|p1a: Amoonguss|move: Rage Powder\n|move|p1b: Zamazenta|Heavy Slam|p2b: \u843d\u699c\u7f8e\u672f\u751f\n|-damage|p2b: \u843d\u699c\u7f8e\u672f\u751f|39/100\n|move|p2a: \ud83d\udca9|Minimize|p2a: \ud83d\udca9\n|-boost|p2a: \ud83d\udca9|evasion|2\n|\n|-heal|p2a: \ud83d\udca9|71/100|[from] item: Leftovers\n|-ability|p2b: \u843d\u699c\u7f8e\u672f\u751f|Moody|boost\n|-boost|p2b: \u843d\u699c\u7f8e\u672f\u751f|spa|2\n|-unboost|p2b: \u843d\u699c\u7f8e\u672f\u751f|spd|1\n|upkeep\n|turn|5\n|\n|t:|1774787177\n|move|p1b: Zamazenta|Protect|p1b: Zamazenta\n|-singleturn|p1b: Zamazenta|Protect\n|move|p2b: \u843d\u699c\u7f8e\u672f\u751f|Salt Cure|p1a: Amoonguss\n|-damage|p1a: Amoonguss|94/100\n|-start|p1a: Amoonguss|Salt Cure\n|move|p2a: \ud83d\udca9|Knock Off|p1a: Amoonguss\n|-damage|p1a: Amoonguss|64/100\n|-damage|p2a: \ud83d\udca9|54/100|[from] item: Rocky Helmet|[of] p1a: Amoonguss\n|-enditem|p1a: Amoonguss|Rocky Helmet|[from] move: Knock Off|[of] p2a: \ud83d\udca9\n|move|p1a: Amoonguss|Spore|p2a: \ud83d\udca9|[miss]\n|-miss|p1a: Amoonguss|p2a: \ud83d\udca9\n|\n|-heal|p2a: \ud83d\udca9|60/100|[from] item: Leftovers\n|-damage|p1a: Amoonguss|52/100|[from] Salt Cure\n|-ability|p2b: \u843d\u699c\u7f8e\u672f\u751f|Moody|boost\n|-boost|p2b: \u843d\u699c\u7f8e\u672f\u751f|def|2\n|-unboost|p2b: \u843d\u699c\u7f8e\u672f\u751f|spa|1\n|upkeep\n|turn|6\n|\n|t:|1774787194\n|switch|p1a: Incineroar|Incineroar, L50, M, shiny|100/100\n|-ability|p1a: Incineroar|Intimidate|boost\n|-unboost|p2a: \ud83d\udca9|atk|1\n|-unboost|p2b: \u843d\u699c\u7f8e\u672f\u751f|atk|1\n|move|p2a: \ud83d\udca9|Protect|p2a: \ud83d\udca9\n|-singleturn|p2a: \ud83d\udca9|Protect\n|move|p2b: \u843d\u699c\u7f8e\u672f\u751f|Follow Me|p2b: \u843d\u699c\u7f8e\u672f\u751f\n|-singleturn|p2b: \u843d\u699c\u7f8e\u672f\u751f|move: Follow Me\n|move|p1b: Zamazenta|Heavy Slam|p2b: \u843d\u699c\u7f8e\u672f\u751f\n|-damage|p2b: \u843d\u699c\u7f8e\u672f\u751f|9/100\n|\n|-heal|p2a: \ud83d\udca9|67/100|[from] item: Leftovers\n|-ability|p2b: \u843d\u699c\u7f8e\u672f\u751f|Moody|boost\n|-boost|p2b: \u843d\u699c\u7f8e\u672f\u751f|def|2\n|-unboost|p2b: \u843d\u699c\u7f8e\u672f\u751f|spe|1\n|upkeep\n|turn|7\n|inactive|Nuzzlear has 30 seconds left.\n|\n|t:|1774787223\n|move|p2b: \u843d\u699c\u7f8e\u672f\u751f|Spore|p1b: Zamazenta\n|-status|p1b: Zamazenta|slp|[from] move: Spore\n|cant|p1b: Zamazenta|slp\n|move|p1a: Incineroar|Knock Off|p2b: \u843d\u699c\u7f8e\u672f\u751f\n|-supereffective|p2b: \u843d\u699c\u7f8e\u672f\u751f\n|-damage|p2b: \u843d\u699c\u7f8e\u672f\u751f|0 fnt\n|-enditem|p2b: \u843d\u699c\u7f8e\u672f\u751f|Focus Sash|[from] move: Knock Off|[of] p1a: Incineroar\n|faint|p2b: \u843d\u699c\u7f8e\u672f\u751f\n|-ability|p2a: \ud83d\udca9|Moody|Power of Alchemy|[from] ability: Power of Alchemy|[of] p2b: \u843d\u699c\u7f8e\u672f\u751f\n|move|p2a: \ud83d\udca9|Poison Gas||[still]|[spread] p1a,p1b\n|-status|p1a: Incineroar|psn\n|-fail|p2a: \ud83d\udca9\n|\n|-heal|p2a: \ud83d\udca9|73/100|[from] item: Leftovers\n|-damage|p1a: Incineroar|88/100 psn|[from] psn\n|-ability|p2a: \ud83d\udca9|Moody|boost\n|-boost|p2a: \ud83d\udca9|spa|2\n|-unboost|p2a: \ud83d\udca9|def|1\n|upkeep\n|\n|t:|1774787233\n|switch|p2b: \u6b7b\u9a6c|Calyrex-Shadow, L50|100/100\n|-ability|p2b: \u6b7b\u9a6c|As One\n|-ability|p2b: \u6b7b\u9a6c|Unnerve\n|turn|8\n|\n|t:|1774787247\n|cant|p1b: Zamazenta|slp\n|move|p2b: \u6b7b\u9a6c|Psych Up|p2a: \ud83d\udca9\n|-copyboost|p2b: \u6b7b\u9a6c|p2a: \ud83d\udca9|[from] move: Psych Up\n|move|p1a: Incineroar|Knock Off|p2b: \u6b7b\u9a6c\n|-supereffective|p2b: \u6b7b\u9a6c\n|-damage|p2b: \u6b7b\u9a6c|0 fnt\n|-enditem|p2b: \u6b7b\u9a6c|Spell Tag|[from] move: Knock Off|[of] p1a: Incineroar\n|faint|p2b: \u6b7b\u9a6c\n|move|p2a: \ud83d\udca9|Knock Off|p1a: Incineroar\n|-resisted|p1a: Incineroar\n|-damage|p1a: Incineroar|79/100 psn\n|-enditem|p1a: Incineroar|Safety Goggles|[from] move: Knock Off|[of] p2a: \ud83d\udca9\n|\n|-heal|p2a: \ud83d\udca9|79/100|[from] item: Leftovers\n|-damage|p1a: Incineroar|67/100 psn|[from] psn\n|-ability|p2a: \ud83d\udca9|Moody|boost\n|-boost|p2a: \ud83d\udca9|atk|2\n|-unboost|p2a: \ud83d\udca9|spa|1\n|upkeep\n|\n|t:|1774787266\n|switch|p2b: \u9e1f\u7f20\u4e00\u8d77|Flamigo, L50, F|100/100\n|-copyboost|p2b: \u9e1f\u7f20\u4e00\u8d77|p2a: \ud83d\udca9|[from] ability: Costar\n|-enditem|p2b: \u9e1f\u7f20\u4e00\u8d77|White Herb\n|-clearnegativeboost|p2b: \u9e1f\u7f20\u4e00\u8d77|[silent]\n|turn|9\n|\n|t:|1774787284\n|switch|p1a: Calyrex|Calyrex-Shadow, L50|100/100\n|-ability|p1a: Calyrex|As One\n|-ability|p1a: Calyrex|Unnerve\n|move|p2a: \ud83d\udca9|Protect|p2a: \ud83d\udca9\n|-singleturn|p2a: \ud83d\udca9|Protect\n|cant|p1b: Zamazenta|slp\n|move|p2b: \u9e1f\u7f20\u4e00\u8d77|Substitute|p2b: \u9e1f\u7f20\u4e00\u8d77\n|-start|p2b: \u9e1f\u7f20\u4e00\u8d77|Substitute\n|-damage|p2b: \u9e1f\u7f20\u4e00\u8d77|76/100\n|\n|-heal|p2a: \ud83d\udca9|85/100|[from] item: Leftovers\n|-ability|p2a: \ud83d\udca9|Moody|boost\n|-boost|p2a: \ud83d\udca9|spd|2\n|-unboost|p2a: \ud83d\udca9|atk|1\n|upkeep\n|turn|10\n|inactive|dasabe\u76d6\u6b27\u5361\u4fa0 has 30 seconds left.\n|inactive|dasabe\u76d6\u6b27\u5361\u4fa0 has 20 seconds left.\n|inactive|dasabe\u76d6\u6b27\u5361\u4fa0 has 15 seconds left.\n|inactive|dasabe\u76d6\u6b27\u5361\u4fa0 has 10 seconds left.\n|\n|t:|1774787331\n|move|p1a: Calyrex|Encore|p2b: \u9e1f\u7f20\u4e00\u8d77|[miss]\n|-miss|p1a: Calyrex|p2b: \u9e1f\u7f20\u4e00\u8d77\n|-curestatus|p1b: Zamazenta|slp|[msg]\n|move|p1b: Zamazenta|Heavy Slam|p2a: \ud83d\udca9\n|-crit|p2a: \ud83d\udca9\n|-damage|p2a: \ud83d\udca9|0 fnt\n|faint|p2a: \ud83d\udca9\n|move|p2b: \u9e1f\u7f20\u4e00\u8d77|Acrobatics|p1a: Calyrex\n|-enditem|p1a: Calyrex|Focus Sash\n|-damage|p1a: Calyrex|1/100\n|\n|upkeep\n|turn|11\n|\n|t:|1774787352\n|move|p1a: Calyrex|Psychic|p2b: \u9e1f\u7f20\u4e00\u8d77|[miss]\n|-miss|p1a: Calyrex|p2b: \u9e1f\u7f20\u4e00\u8d77\n|move|p1b: Zamazenta|Heavy Slam|p2b: \u9e1f\u7f20\u4e00\u8d77|[miss]\n|-miss|p1b: Zamazenta|p2b: \u9e1f\u7f20\u4e00\u8d77\n|move|p2b: \u9e1f\u7f20\u4e00\u8d77|Close Combat|p1b: Zamazenta\n|-supereffective|p1b: Zamazenta\n|-damage|p1b: Zamazenta|37/100\n|-unboost|p2b: \u9e1f\u7f20\u4e00\u8d77|def|1\n|-unboost|p2b: \u9e1f\u7f20\u4e00\u8d77|spd|1\n|\n|upkeep\n|turn|12\n|\n|t:|1774787370\n|switch|p1a: Amoonguss|Amoonguss, L50, M, shiny|85/100\n|move|p1b: Zamazenta|Heavy Slam|p2b: \u9e1f\u7f20\u4e00\u8d77|[miss]\n|-miss|p1b: Zamazenta|p2b: \u9e1f\u7f20\u4e00\u8d77\n|move|p2b: \u9e1f\u7f20\u4e00\u8d77|Acrobatics|p1a: Amoonguss\n|-supereffective|p1a: Amoonguss\n|-damage|p1a: Amoonguss|0 fnt\n|faint|p1a: Amoonguss\n|\n|upkeep\n|\n|t:|1774787375\n|switch|p1a: Incineroar|Incineroar, L50, M, shiny|67/100 psn\n|-ability|p1a: Incineroar|Intimidate|boost\n|-immune|p2b: \u9e1f\u7f20\u4e00\u8d77\n|turn|13\n|c|\u2606Nuzzlear|Very funny\n|\n|t:|1774787390\n|move|p1a: Incineroar|Fake Out|p2b: \u9e1f\u7f20\u4e00\u8d77|[miss]\n|-miss|p1a: Incineroar|p2b: \u9e1f\u7f20\u4e00\u8d77\n|move|p1b: Zamazenta|Heavy Slam|p2b: \u9e1f\u7f20\u4e00\u8d77\n|-end|p2b: \u9e1f\u7f20\u4e00\u8d77|Substitute\n|move|p2b: \u9e1f\u7f20\u4e00\u8d77|Close Combat|p2: \ud83d\udca9|[notarget]\n|-fail|p2b: \u9e1f\u7f20\u4e00\u8d77\n|\n|-damage|p1a: Incineroar|54/100 psn|[from] psn\n|upkeep\n|turn|14\n|\n|t:|1774787413\n|move|p1b: Zamazenta|Heavy Slam|p2b: \u9e1f\u7f20\u4e00\u8d77|[miss]\n|-miss|p1b: Zamazenta|p2b: \u9e1f\u7f20\u4e00\u8d77\n|move|p2b: \u9e1f\u7f20\u4e00\u8d77|Close Combat|p1b: Zamazenta\n|-supereffective|p1b: Zamazenta\n|-damage|p1b: Zamazenta|0 fnt\n|-unboost|p2b: \u9e1f\u7f20\u4e00\u8d77|def|1\n|-unboost|p2b: \u9e1f\u7f20\u4e00\u8d77|spd|1\n|faint|p1b: Zamazenta\n|move|p1a: Incineroar|Knock Off|p2b: \u9e1f\u7f20\u4e00\u8d77\n|-resisted|p2b: \u9e1f\u7f20\u4e00\u8d77\n|-damage|p2b: \u9e1f\u7f20\u4e00\u8d77|43/100\n|\n|-damage|p1a: Incineroar|42/100 psn|[from] psn\n|upkeep\n|\n|t:|1774787415\n|switch|p1b: Calyrex|Calyrex-Shadow, L50|1/100\n|-ability|p1b: Calyrex|As One\n|-ability|p1b: Calyrex|Unnerve\n|turn|15\n|c|\u2606dasabe\u76d6\u6b27\u5361\u4fa0|30%\n|\n|t:|1774787432\n|-terastallize|p1a: Incineroar|Grass\n|move|p1b: Calyrex|Psychic|p2b: \u9e1f\u7f20\u4e00\u8d77|[miss]\n|-miss|p1b: Calyrex|p2b: \u9e1f\u7f20\u4e00\u8d77\n|move|p2b: \u9e1f\u7f20\u4e00\u8d77|Acrobatics|p1b: Calyrex\n|-damage|p1b: Calyrex|0 fnt\n|faint|p1b: Calyrex\n|move|p1a: Incineroar|Knock Off|p2b: \u9e1f\u7f20\u4e00\u8d77|[miss]\n|-miss|p1a: Incineroar|p2b: \u9e1f\u7f20\u4e00\u8d77\n|\n|-damage|p1a: Incineroar|30/100 psn|[from] psn\n|upkeep\n|turn|16\n|\n|t:|1774787438\n|move|p2b: \u9e1f\u7f20\u4e00\u8d77|Acrobatics|p1a: Incineroar\n|-supereffective|p1a: Incineroar\n|-damage|p1a: Incineroar|0 fnt\n|faint|p1a: Incineroar\n|\n|win|dasabe\u76d6\u6b27\u5361\u4fa0\n|raw|Nuzzlear's rating: 1327 &rarr; <strong>1310</strong><br />(-17 for losing)\n|raw|dasabe\u76d6\u6b27\u5361\u4fa0's rating: 1372 &rarr; <strong>1389</strong><br />(+17 for winning)\n|l|\u2606Nuzzlear\n|player|p1|\n|l|\u2606dasabe\u76d6\u6b27\u5361\u4fa0\n|player|p2|\n","uploadtime":1774787666,"views":15,"formatid":"gen9vgc2026regi","rating":1310,"private":0,"password":null}