{"id":"gen9vgc2026regi-2573613488","format":"[Gen 9] VGC 2026 Reg I","players":["temeister","sunny_zong3"],"log":"|j|\u2606temeister\n|j|\u2606sunny_zong3\n|t:|1775150920\n|gametype|doubles\n|player|p1|temeister|102|1147\n|player|p2|sunny_zong3|1|1174\n|gen|9\n|tier|[Gen 9] VGC 2026 Reg I\n|rated|\n|rule|Species Clause: Limit one of each Pok\u00e9mon\n|rule|Item Clause: Limit 1 of each item\n|clearpoke\n|poke|p1|Calyrex-Ice, L50|\n|poke|p1|Palkia, L50|\n|poke|p1|Ursaluna, L50, F|\n|poke|p1|Urshifu-*, L50, F|\n|poke|p1|Hatterene, L50, F|\n|poke|p1|Indeedee-F, L50, F|\n|poke|p2|Typhlosion-Hisui, L50, F|\n|poke|p2|Miraidon, L50|\n|poke|p2|Calyrex-Shadow, L50|\n|poke|p2|Ursaluna, L50, F|\n|poke|p2|Incineroar, L50, M|\n|poke|p2|Murkrow, L50, M|\n|teampreview|4\n|inactive|Battle timer is ON: inactive players will automatically lose when time's up. (requested by sunny_zong3)\n|inactive|sunny_zong3 has 60 seconds left.\n|\n|t:|1775150970\n|teamsize|p1|4\n|teamsize|p2|4\n|start\n|switch|p1a: Palkia|Palkia, L50|100/100\n|switch|p1b: Indeedee|Indeedee-F, L50, F|100/100\n|switch|p2a: Calyrex|Calyrex-Shadow, L50|100/100\n|switch|p2b: Miraidon|Miraidon, L50|100/100\n|-ability|p2a: Calyrex|As One\n|-ability|p2a: Calyrex|Unnerve\n|-fieldstart|move: Electric Terrain|[from] ability: Hadron Engine|[of] p2b: Miraidon\n|-ability|p1a: Palkia|Pressure\n|-fieldstart|move: Psychic Terrain|[from] ability: Psychic Surge|[of] p1b: Indeedee\n|turn|1\n|\n|t:|1775150991\n|-terastallize|p2b: Miraidon|Fairy\n|-terastallize|p1a: Palkia|Ground\n|move|p2a: Calyrex|Astral Barrage|p1a: Palkia|[spread] p1a\n|-immune|p1b: Indeedee\n|-damage|p1a: Palkia|52/100\n|-damage|p2a: Calyrex|91/100|[from] item: Life Orb\n|move|p2b: Miraidon|Dazzling Gleam|p1b: Indeedee|[spread] p1a,p1b\n|-damage|p1a: Palkia|19/100\n|-damage|p1b: Indeedee|62/100\n|move|p1a: Palkia|Spacial Rend|p2b: Miraidon\n|-immune|p2b: Miraidon\n|move|p1b: Indeedee|Trick Room|p1b: Indeedee\n|-fieldstart|move: Trick Room|[of] p1b: Indeedee\n|\n|upkeep\n|turn|2\n|inactive|temeister has 30 seconds left.\n|\n|t:|1775151022\n|switch|p1b: Calyrex|Calyrex-Ice, L50|100/100\n|-ability|p1b: Calyrex|As One\n|-ability|p1b: Calyrex|Unnerve\n|switch|p2b: Ursaluna|Ursaluna, L50, F|100/100\n|switch|p2a: Incineroar|Incineroar, L50, M|100/100\n|-ability|p2a: Incineroar|Intimidate|boost\n|-unboost|p1a: Palkia|atk|1\n|-fail|p1b: Calyrex|unboost|[from] item: Clear Amulet|[of] p1b: Calyrex\n|move|p1a: Palkia|Hydro Pump|p2a: Incineroar\n|-supereffective|p2a: Incineroar\n|-damage|p2a: Incineroar|20/100\n|\n|-status|p2b: Ursaluna|brn|[from] item: Flame Orb\n|upkeep\n|turn|3\n|inactive|temeister has 30 seconds left.\n|inactive|sunny_zong3 has 30 seconds left.\n|inactive|sunny_zong3 has 20 seconds left.\n|inactive|sunny_zong3 has 15 seconds left.\n|inactive|sunny_zong3 has 10 seconds left.\n|inactive|sunny_zong3 has 5 seconds left.\n|\n|t:|1775151072\n|switch|p2b: Miraidon|Miraidon, L50, tera:Fairy|100/100\n|-fieldstart|move: Electric Terrain|[from] ability: Hadron Engine|[of] p2b: Miraidon\n|move|p2a: Incineroar|Fake Out|p1b: Calyrex\n|-damage|p1b: Calyrex|93/100\n|cant|p1b: Calyrex|flinch\n|move|p1a: Palkia|Spacial Rend|p2b: Miraidon\n|-immune|p2b: Miraidon\n|\n|upkeep\n|turn|4\n|inactive|sunny_zong3 has 30 seconds left.\n|inactive|sunny_zong3 has 20 seconds left.\n|\n|t:|1775151109\n|switch|p2b: Calyrex|Calyrex-Shadow, L50|91/100\n|-ability|p2b: Calyrex|As One\n|-ability|p2b: Calyrex|Unnerve\n|move|p1b: Calyrex|Glacial Lance|p2b: Calyrex|[spread] p2a,p2b\n|-resisted|p2a: Incineroar\n|-damage|p2a: Incineroar|0 fnt\n|-damage|p2b: Calyrex|15/100\n|faint|p2a: Incineroar\n|-ability|p1b: Calyrex|Chilling Neigh|boost\n|-boost|p1b: Calyrex|atk|1\n|move|p1a: Palkia|Hydro Pump|p2b: Calyrex|[miss]\n|-miss|p1a: Palkia|p2b: Calyrex\n|\n|upkeep\n|\n|t:|1775151115\n|switch|p2a: Ursaluna|Ursaluna, L50, F|100/100 brn\n|turn|5\n|inactive|temeister has 30 seconds left.\n|\n|t:|1775151141\n|move|p2a: Ursaluna|Protect|p2a: Ursaluna\n|-singleturn|p2a: Ursaluna|Protect\n|move|p1b: Calyrex|Glacial Lance|p2a: Ursaluna|[spread] p2b\n|-activate|p2a: Ursaluna|move: Protect\n|-damage|p2b: Calyrex|0 fnt\n|faint|p2b: Calyrex\n|-ability|p1b: Calyrex|Chilling Neigh|boost\n|-boost|p1b: Calyrex|atk|1\n|move|p1a: Palkia|Spacial Rend|p2a: Ursaluna\n|-activate|p2a: Ursaluna|move: Protect\n|\n|-damage|p2a: Ursaluna|95/100 brn|[from] brn\n|-fieldend|move: Trick Room\n|upkeep\n|\n|t:|1775151143\n|switch|p2b: Miraidon|Miraidon, L50, tera:Fairy|100/100\n|-activate|p2b: Miraidon|ability: Hadron Engine\n|turn|6\n|inactive|temeister has 30 seconds left.\n|\n|t:|1775151168\n|move|p2b: Miraidon|Dazzling Gleam|p1a: Palkia|[spread] p1a,p1b\n|-damage|p1a: Palkia|0 fnt\n|-damage|p1b: Calyrex|45/100\n|faint|p1a: Palkia\n|move|p1b: Calyrex|Glacial Lance|p2b: Miraidon|[spread] p2a,p2b\n|-supereffective|p2a: Ursaluna\n|-damage|p2a: Ursaluna|0 fnt\n|-damage|p2b: Miraidon|0 fnt\n|faint|p2a: Ursaluna\n|faint|p2b: Miraidon\n|\n|win|temeister\n|raw|temeister's rating: 1147 &rarr; <strong>1174</strong><br />(+27 for winning)\n|raw|sunny_zong3's rating: 1174 &rarr; <strong>1147</strong><br />(-27 for losing)\n|l|\u2606sunny_zong3\n|player|p2|\n|l|\u2606temeister\n|player|p1|\n","uploadtime":1775151402,"views":12,"formatid":"gen9vgc2026regi","rating":1147,"private":0,"password":null}