{"id":"gen9vgc2026regi-2538717707","format":"[Gen 9] VGC 2026 Reg I","players":["BK Sergio","blackred123"],"log":"|j|\u2606BK Sergio\n|j|\u2606blackred123\n|t:|1770962020\n|gametype|doubles\n|player|p1|BK Sergio|birdkeeper-gen4dp|1224\n|player|p2|blackred123|iono-masters|1447\n|gen|9\n|tier|[Gen 9] VGC 2026 Reg I\n|rated|\n|rule|Species Clause: Limit one of each Pok\u00e9mon\n|rule|Item Clause: Limit 1 of each item\n|clearpoke\n|poke|p1|Calyrex-Ice, L50|\n|poke|p1|Rillaboom, L50, M|\n|poke|p1|Comfey, L50, M|\n|poke|p1|Mienshao, L50, F|\n|poke|p1|Kyogre, L50|\n|poke|p1|Landorus, L50, M|\n|poke|p2|Zamazenta-*, L50|\n|poke|p2|Calyrex-Shadow, L50|\n|poke|p2|Rillaboom, L50, M|\n|poke|p2|Raging Bolt, L50|\n|poke|p2|Ogerpon-Cornerstone, L50, F|\n|poke|p2|Tornadus, L50, M|\n|teampreview|4\n|inactive|Battle timer is ON: inactive players will automatically lose when time's up. (requested by blackred123)\n|\n|t:|1770962043\n|teamsize|p1|4\n|teamsize|p2|4\n|start\n|switch|p1a: Calyrex|Calyrex-Ice, L50|100/100\n|switch|p1b: Mienshao|Mienshao, L50, F|100/100\n|switch|p2a: \u6591\u9a6c\u662f\u9a74\uff01?|Calyrex-Shadow, L50|100/100\n|switch|p2b: \u5170\u534e|Zamazenta-Crowned, L50, shiny|100/100\n|-ability|p2a: \u6591\u9a6c\u662f\u9a74\uff01?|As One\n|-ability|p2a: \u6591\u9a6c\u662f\u9a74\uff01?|Unnerve\n|-ability|p1a: Calyrex|As One\n|-ability|p1a: Calyrex|Unnerve\n|-ability|p2b: \u5170\u534e|Dauntless Shield|boost\n|-boost|p2b: \u5170\u534e|def|1\n|turn|1\n|inactive|BK Sergio has 30 seconds left.\n|\n|t:|1770962071\n|move|p1b: Mienshao|Wide Guard|p1b: Mienshao\n|-singleturn|p1b: Mienshao|Wide Guard\n|move|p2a: \u6591\u9a6c\u662f\u9a74\uff01?|Astral Barrage|p1b: Mienshao|[spread] \n|-activate|p1a: Calyrex|move: Wide Guard\n|-activate|p1b: Mienshao|move: Wide Guard\n|move|p2b: \u5170\u534e|Body Press|p1a: Calyrex\n|-damage|p1a: Calyrex|62/100\n|move|p1a: Calyrex|Glacial Lance|p2a: \u6591\u9a6c\u662f\u9a74\uff01?|[spread] p2a,p2b\n|-resisted|p2b: \u5170\u534e\n|-damage|p2a: \u6591\u9a6c\u662f\u9a74\uff01?|46/100\n|-damage|p2b: \u5170\u534e|91/100\n|\n|upkeep\n|turn|2\n|\n|t:|1770962089\n|move|p1b: Mienshao|Wide Guard|p1b: Mienshao\n|-singleturn|p1b: Mienshao|Wide Guard\n|move|p2b: \u5170\u534e|Wide Guard|p2b: \u5170\u534e\n|-singleturn|p2b: \u5170\u534e|Wide Guard\n|move|p2a: \u6591\u9a6c\u662f\u9a74\uff01?|Encore|p1a: Calyrex\n|-start|p1a: Calyrex|Encore\n|move|p1a: Calyrex|Glacial Lance|p2a: \u6591\u9a6c\u662f\u9a74\uff01?|[spread] \n|-activate|p2a: \u6591\u9a6c\u662f\u9a74\uff01?|move: Wide Guard\n|-activate|p2b: \u5170\u534e|move: Wide Guard\n|\n|upkeep\n|turn|3\n|inactive|BK Sergio has 30 seconds left.\n|inactive|BK Sergio has 20 seconds left.\n|\n|t:|1770962125\n|switch|p1a: Landorus|Landorus, L50, M|100/100\n|move|p1b: Mienshao|Wide Guard|p1b: Mienshao\n|-singleturn|p1b: Mienshao|Wide Guard\n|move|p2b: \u5170\u534e|Wide Guard|p2b: \u5170\u534e\n|-singleturn|p2b: \u5170\u534e|Wide Guard\n|move|p2a: \u6591\u9a6c\u662f\u9a74\uff01?|Psychic|p1b: Mienshao\n|-supereffective|p1b: Mienshao\n|-enditem|p1b: Mienshao|Focus Sash\n|-damage|p1b: Mienshao|1/100\n|\n|upkeep\n|turn|4\n|\n|t:|1770962147\n|switch|p1b: Kyogre|Kyogre, L50|100/100\n|-weather|RainDance|[from] ability: Drizzle|[of] p1b: Kyogre\n|-terastallize|p2b: \u5170\u534e|Dragon\n|move|p2a: \u6591\u9a6c\u662f\u9a74\uff01?|Protect|p2a: \u6591\u9a6c\u662f\u9a74\uff01?\n|-singleturn|p2a: \u6591\u9a6c\u662f\u9a74\uff01?|Protect\n|move|p1a: Landorus|Sandsear Storm|p2b: \u5170\u534e|[spread] p2b\n|-activate|p2a: \u6591\u9a6c\u662f\u9a74\uff01?|move: Protect\n|-damage|p2b: \u5170\u534e|57/100\n|move|p2b: \u5170\u534e|Body Press|p1a: Landorus\n|-resisted|p1a: Landorus\n|-damage|p1a: Landorus|59/100\n|\n|-weather|RainDance|[upkeep]\n|upkeep\n|turn|5\n|inactive|BK Sergio has 30 seconds left.\n|\n|t:|1770962176\n|move|p2b: \u5170\u534e|Wide Guard|p2b: \u5170\u534e\n|-singleturn|p2b: \u5170\u534e|Wide Guard\n|move|p1a: Landorus|Sandsear Storm|p2a: \u6591\u9a6c\u662f\u9a74\uff01?|[spread] \n|-activate|p2a: \u6591\u9a6c\u662f\u9a74\uff01?|move: Wide Guard\n|-activate|p2b: \u5170\u534e|move: Wide Guard\n|move|p2a: \u6591\u9a6c\u662f\u9a74\uff01?|Astral Barrage|p1b: Kyogre|[spread] p1a,p1b\n|-damage|p1a: Landorus|0 fnt\n|-damage|p1b: Kyogre|61/100\n|faint|p1a: Landorus\n|-ability|p2a: \u6591\u9a6c\u662f\u9a74\uff01?|Grim Neigh|boost\n|-boost|p2a: \u6591\u9a6c\u662f\u9a74\uff01?|spa|1\n|move|p1b: Kyogre|Ice Beam|p2b: \u5170\u534e\n|-supereffective|p2b: \u5170\u534e\n|-damage|p2b: \u5170\u534e|8/100\n|\n|-weather|RainDance|[upkeep]\n|-heal|p1b: Kyogre|68/100|[from] item: Leftovers\n|upkeep\n|\n|t:|1770962193\n|switch|p1a: Mienshao|Mienshao, L50, F|1/100\n|turn|6\n|\n|t:|1770962204\n|move|p2b: \u5170\u534e|Protect||[still]\n|-fail|p2b: \u5170\u534e\n|move|p1a: Mienshao|Fake Out|p2b: \u5170\u534e\n|-damage|p2b: \u5170\u534e|3/100\n|move|p2a: \u6591\u9a6c\u662f\u9a74\uff01?|Psychic|p1b: Kyogre\n|-damage|p1b: Kyogre|16/100\n|move|p1b: Kyogre|Calm Mind|p1b: Kyogre\n|-boost|p1b: Kyogre|spa|1\n|-boost|p1b: Kyogre|spd|1\n|\n|-weather|RainDance|[upkeep]\n|-heal|p1b: Kyogre|22/100|[from] item: Leftovers\n|upkeep\n|turn|7\n|\n|t:|1770962220\n|move|p1b: Kyogre|Protect|p1b: Kyogre\n|-singleturn|p1b: Kyogre|Protect\n|move|p2a: \u6591\u9a6c\u662f\u9a74\uff01?|Psychic|p1b: Kyogre\n|-activate|p1b: Kyogre|move: Protect\n|move|p1a: Mienshao|Close Combat|p2b: \u5170\u534e\n|-damage|p2b: \u5170\u534e|0 fnt\n|-unboost|p1a: Mienshao|def|1\n|-unboost|p1a: Mienshao|spd|1\n|faint|p2b: \u5170\u534e\n|\n|-weather|RainDance|[upkeep]\n|-heal|p1b: Kyogre|28/100|[from] item: Leftovers\n|upkeep\n|\n|t:|1770962224\n|switch|p2b: \u8352\u672c\u5148\u751f-\u8001\u8d44\u5386|Raging Bolt, L50|100/100\n|turn|8\n|\n|t:|1770962247\n|-terastallize|p1b: Kyogre|Grass\n|move|p1a: Mienshao|Wide Guard|p1a: Mienshao\n|-singleturn|p1a: Mienshao|Wide Guard\n|move|p2b: \u8352\u672c\u5148\u751f-\u8001\u8d44\u5386|Thunderclap|p1b: Kyogre\n|-resisted|p1b: Kyogre\n|-damage|p1b: Kyogre|16/100\n|-damage|p2b: \u8352\u672c\u5148\u751f-\u8001\u8d44\u5386|91/100|[from] item: Life Orb\n|move|p2a: \u6591\u9a6c\u662f\u9a74\uff01?|Psychic|p1a: Mienshao\n|-supereffective|p1a: Mienshao\n|-damage|p1a: Mienshao|0 fnt\n|faint|p1a: Mienshao\n|-ability|p2a: \u6591\u9a6c\u662f\u9a74\uff01?|Grim Neigh|boost\n|-boost|p2a: \u6591\u9a6c\u662f\u9a74\uff01?|spa|1\n|move|p1b: Kyogre|Ice Beam|p2a: \u6591\u9a6c\u662f\u9a74\uff01?\n|-damage|p2a: \u6591\u9a6c\u662f\u9a74\uff01?|0 fnt\n|faint|p2a: \u6591\u9a6c\u662f\u9a74\uff01?\n|\n|-weather|none\n|-heal|p1b: Kyogre|22/100|[from] item: Leftovers\n|upkeep\n|\n|t:|1770962264\n|switch|p2a: \u98df\u5802\u5904|Rillaboom, L50, M|100/100\n|switch|p1a: Calyrex|Calyrex-Ice, L50|62/100\n|-ability|p1a: Calyrex|As One\n|-ability|p1a: Calyrex|Unnerve\n|turn|9\n|\n|t:|1770962283\n|move|p1a: Calyrex|Protect|p1a: Calyrex\n|-singleturn|p1a: Calyrex|Protect\n|move|p2a: \u98df\u5802\u5904|Fake Out|p1b: Kyogre\n|-damage|p1b: Kyogre|11/100\n|cant|p1b: Kyogre|flinch\n|move|p2b: \u8352\u672c\u5148\u751f-\u8001\u8d44\u5386|Draco Meteor|p1a: Calyrex\n|-activate|p1a: Calyrex|move: Protect\n|\n|-heal|p1b: Kyogre|17/100|[from] item: Leftovers\n|upkeep\n|turn|10\n|\n|t:|1770962303\n|move|p1b: Kyogre|Ice Beam|p2b: \u8352\u672c\u5148\u751f-\u8001\u8d44\u5386\n|-supereffective|p2b: \u8352\u672c\u5148\u751f-\u8001\u8d44\u5386\n|-damage|p2b: \u8352\u672c\u5148\u751f-\u8001\u8d44\u5386|0 fnt\n|faint|p2b: \u8352\u672c\u5148\u751f-\u8001\u8d44\u5386\n|-end|p2b: \u8352\u672c\u5148\u751f-\u8001\u8d44\u5386|Protosynthesis|[silent]\n|move|p2a: \u98df\u5802\u5904|Wood Hammer|p1a: Calyrex\n|-damage|p1a: Calyrex|27/100\n|-damage|p2a: \u98df\u5802\u5904|89/100|[from] Recoil\n|move|p1a: Calyrex|Glacial Lance|p2a: \u98df\u5802\u5904\n|-supereffective|p2a: \u98df\u5802\u5904\n|-damage|p2a: \u98df\u5802\u5904|0 fnt\n|faint|p2a: \u98df\u5802\u5904\n|\n|win|BK Sergio\n|raw|BK Sergio's rating: 1224 &rarr; <strong>1263</strong><br />(+39 for winning)\n|raw|blackred123's rating: 1447 &rarr; <strong>1416</strong><br />(-31 for losing)\n|l|\u2606blackred123\n|player|p2|\n|l|\u2606BK Sergio\n|player|p1|\n","uploadtime":1770962485,"views":21,"formatid":"gen9vgc2026regi","rating":1263,"private":0,"password":null}