{"id":"gen9vgc2026regi-2577738969","format":"[Gen 9] VGC 2026 Reg I","players":["jwillc","firefalls"],"log":"|j|\u203djwillc\n|j|\u2606firefalls\n|t:|1775601036\n|gametype|doubles\n|player|p1|jwillc|169|1383\n|player|p2|firefalls|n|1329\n|gen|9\n|tier|[Gen 9] VGC 2026 Reg I\n|rated|\n|rule|Species Clause: Limit one of each Pok\u00e9mon\n|rule|Item Clause: Limit 1 of each item\n|clearpoke\n|poke|p1|Miraidon, L50|\n|poke|p1|Incineroar, L50, F|\n|poke|p1|Lunala, L50|\n|poke|p1|Iron Valiant, L50|\n|poke|p1|Ogerpon-Wellspring, L50, F|\n|poke|p1|Tornadus, L50, M|\n|poke|p2|Walking Wake, L50|\n|poke|p2|Koraidon, L50|\n|poke|p2|Kingambit, L50, M|\n|poke|p2|Lunala, L50|\n|poke|p2|Brute Bonnet, L50|\n|poke|p2|Flutter Mane, L50|\n|teampreview|4\nfirefalls has agreed to open team sheets.\n|inactive|Battle timer is ON: inactive players will automatically lose when time's up. (requested by firefalls)\n|\n|t:|1775601070\n|teamsize|p1|4\n|teamsize|p2|4\n|start\n|switch|p1a: Lunala|Lunala, L50|100/100\n|switch|p1b: Tornadus|Tornadus, L50, M|100/100\n|switch|p2a: Walking Wake|Walking Wake, L50|100/100\n|switch|p2b: Koraidon|Koraidon, L50|100/100\n|-weather|SunnyDay|[from] ability: Orichalcum Pulse|[of] p2b: Koraidon\n|-activate|p2a: Walking Wake|ability: Protosynthesis\n|-start|p2a: Walking Wake|protosynthesisspe\n|-activate|p2b: Koraidon|Orichalcum Pulse|[source]\n|turn|1\n|\n|t:|1775601090\n|move|p2b: Koraidon|Protect|p2b: Koraidon\n|-singleturn|p2b: Koraidon|Protect\n|move|p1b: Tornadus|Rain Dance|p1b: Tornadus\n|-weather|RainDance\n|-end|p2a: Walking Wake|Protosynthesis\n|move|p2a: Walking Wake|Snarl|p1b: Tornadus|[spread] p1a,p1b\n|-supereffective|p1a: Lunala\n|-damage|p1a: Lunala|81/100\n|-damage|p1b: Tornadus|84/100\n|-unboost|p1a: Lunala|spa|1\n|move|p1a: Lunala|Moonblast|p2a: Walking Wake\n|-supereffective|p2a: Walking Wake\n|-damage|p2a: Walking Wake|38/100\n|\n|-weather|RainDance|[upkeep]\n|upkeep\n|turn|2\n|inactive|firefalls has 30 seconds left.\n|inactive|firefalls has 20 seconds left.\n|\n|t:|1775601128\n|switch|p2b: Brute Bonnet|Brute Bonnet, L50|100/100\n|move|p1b: Tornadus|Tailwind|p1b: Tornadus\n|-sidestart|p1: jwillc|move: Tailwind\n|move|p1a: Lunala|Moonblast|p2a: Walking Wake\n|-supereffective|p2a: Walking Wake\n|-damage|p2a: Walking Wake|0 fnt\n|faint|p2a: Walking Wake\n|-end|p2a: Walking Wake|Protosynthesis|[silent]\n|\n|-weather|RainDance|[upkeep]\n|upkeep\n|\n|t:|1775601135\n|switch|p2a: Lunala|Lunala, L50|100/100\n|turn|3\n|\n|t:|1775601148\n|-terastallize|p2b: Brute Bonnet|Water\n|move|p1b: Tornadus|Bleakwind Storm|p2b: Brute Bonnet|[spread] p2a,p2b\n|-damage|p2a: Lunala|90/100\n|-damage|p2b: Brute Bonnet|77/100\n|-unboost|p2a: Lunala|spe|1\n|move|p1a: Lunala|Moonblast|p2b: Brute Bonnet\n|-crit|p2b: Brute Bonnet\n|-damage|p2b: Brute Bonnet|39/100\n|-enditem|p2b: Brute Bonnet|Sitrus Berry|[eat]\n|-heal|p2b: Brute Bonnet|63/100|[from] item: Sitrus Berry\n|move|p2b: Brute Bonnet|Spore|p1a: Lunala\n|-status|p1a: Lunala|slp|[from] move: Spore\n|move|p2a: Lunala|Trick Room|p2a: Lunala\n|-fieldstart|move: Trick Room|[of] p2a: Lunala\n|\n|-weather|RainDance|[upkeep]\n|upkeep\n|turn|4\n|\n|t:|1775601173\n|move|p1b: Tornadus|Taunt|p2b: Brute Bonnet\n|-start|p2b: Brute Bonnet|move: Taunt\n|move|p2b: Brute Bonnet|Seed Bomb|p1a: Lunala\n|-damage|p1a: Lunala|56/100 slp\n|move|p2a: Lunala|Meteor Beam||[still]\n|-prepare|p2a: Lunala|Meteor Beam\n|-boost|p2a: Lunala|spa|1\n|-enditem|p2a: Lunala|Power Herb\n|-anim|p2a: Lunala|Meteor Beam|p1b: Tornadus\n|-supereffective|p1b: Tornadus\n|-damage|p1b: Tornadus|0 fnt\n|faint|p1b: Tornadus\n|cant|p1a: Lunala|slp\n|\n|-weather|RainDance|[upkeep]\n|upkeep\n|\n|t:|1775601186\n|switch|p1b: Miraidon|Miraidon, L50|100/100\n|-fieldstart|move: Electric Terrain|[from] ability: Hadron Engine|[of] p1b: Miraidon\n|-enditem|p1a: Lunala|Electric Seed\n|-boost|p1a: Lunala|def|1|[from] item: Electric Seed\n|turn|5\n|inactive|firefalls has 30 seconds left.\n|inactive|jwillc has 30 seconds left.\n|\n|t:|1775601219\n|move|p1b: Miraidon|Protect|p1b: Miraidon\n|-singleturn|p1b: Miraidon|Protect\n|move|p2b: Brute Bonnet|Sucker Punch||[still]\n|-fail|p2b: Brute Bonnet\n|move|p2a: Lunala|Moongeist Beam|p1b: Miraidon\n|-activate|p1b: Miraidon|move: Protect\n|cant|p1a: Lunala|slp\n|\n|-weather|none\n|-sideend|p1: jwillc|move: Tailwind\n|upkeep\n|turn|6\n|inactive|jwillc has 30 seconds left.\n|\n|t:|1775601251\n|switch|p1b: Iron Valiant|Iron Valiant, L50|100/100\n|-activate|p1b: Iron Valiant|ability: Quark Drive\n|-start|p1b: Iron Valiant|quarkdrivespe\n|move|p2b: Brute Bonnet|Sucker Punch|p1a: Lunala\n|-supereffective|p1a: Lunala\n|-crit|p1a: Lunala\n|-damage|p1a: Lunala|0 fnt\n|faint|p1a: Lunala\n|move|p2a: Lunala|Moongeist Beam|p1b: Iron Valiant\n|-damage|p1b: Iron Valiant|0 fnt\n|faint|p1b: Iron Valiant\n|-end|p1b: Iron Valiant|Quark Drive|[silent]\n|\n|-end|p2b: Brute Bonnet|move: Taunt\n|upkeep\n|\n|t:|1775601261\n|switch|p1b: Miraidon|Miraidon, L50|100/100\n|-activate|p1b: Miraidon|ability: Hadron Engine\n|turn|7\n|\n|t:|1775601280\n|move|p1b: Miraidon|Protect|p1b: Miraidon\n|-singleturn|p1b: Miraidon|Protect\n|move|p2b: Brute Bonnet|Sucker Punch||[still]\n|-fail|p2b: Brute Bonnet\n|move|p2a: Lunala|Moongeist Beam|p1b: Miraidon\n|-activate|p1b: Miraidon|move: Protect\n|\n|-fieldend|move: Trick Room\n|upkeep\n|turn|8\n|\n|t:|1775601288\n|-terastallize|p1b: Miraidon|Electric\n|move|p2b: Brute Bonnet|Sucker Punch|p1b: Miraidon\n|-damage|p1b: Miraidon|70/100\n|move|p1b: Miraidon|Electro Drift|p2a: Lunala\n|-damage|p2a: Lunala|0 fnt\n|faint|p2a: Lunala\n|-damage|p1b: Miraidon|60/100|[from] item: Life Orb\n|\n|upkeep\n|\n|t:|1775601290\n|switch|p2a: Koraidon|Koraidon, L50|100/100\n|-weather|SunnyDay|[from] ability: Orichalcum Pulse|[of] p2a: Koraidon\n|-activate|p2b: Brute Bonnet|ability: Protosynthesis\n|-start|p2b: Brute Bonnet|protosynthesisdef\n|-activate|p2a: Koraidon|Orichalcum Pulse|[source]\n|turn|9\n|\n|t:|1775601305\n|move|p2b: Brute Bonnet|Rage Powder|p2b: Brute Bonnet\n|-singleturn|p2b: Brute Bonnet|move: Rage Powder\n|move|p1b: Miraidon|Electro Drift|p2b: Brute Bonnet\n|-supereffective|p2b: Brute Bonnet\n|-damage|p2b: Brute Bonnet|0 fnt\n|faint|p2b: Brute Bonnet\n|-end|p2b: Brute Bonnet|Protosynthesis|[silent]\n|-damage|p1b: Miraidon|50/100|[from] item: Life Orb\n|move|p2a: Koraidon|Close Combat|p1b: Miraidon\n|-damage|p1b: Miraidon|0 fnt\n|-unboost|p2a: Koraidon|def|1\n|-unboost|p2a: Koraidon|spd|1\n|faint|p1b: Miraidon\n|-damage|p2a: Koraidon|91/100|[from] item: Life Orb\n|\n|win|firefalls\n|raw|jwillc's rating: 1383 &rarr; <strong>1360</strong><br />(-23 for losing)\n|raw|firefalls's rating: 1329 &rarr; <strong>1352</strong><br />(+23 for winning)\n|l|\u203djwillc\n|player|p1|\n|l|\u2606firefalls\n|player|p2|\n","uploadtime":1775601534,"views":10,"formatid":"gen9vgc2026regi","rating":1352,"private":0,"password":null}