{"id":"gen9vgc2026regi-2554318310","format":"[Gen 9] VGC 2026 Reg I","players":["xiaoliyunVGC","lalo's pollos"],"log":"|j|\u2606xiaoliyunVGC\n|j|\u2606lalo's pollos\n|t:|1772946409\n|gametype|doubles\n|player|p1|xiaoliyunVGC|liko|1554\n|player|p2|lalo's pollos|265|1411\n|gen|9\n|tier|[Gen 9] VGC 2026 Reg I\n|rated|\n|rule|Species Clause: Limit one of each Pok\u00e9mon\n|rule|Item Clause: Limit 1 of each item\n|clearpoke\n|poke|p1|Zamazenta-*, L50|\n|poke|p1|Kyogre, L50|\n|poke|p1|Raichu, L50, M|\n|poke|p1|Flutter Mane, L50|\n|poke|p1|Tornadus, L50, M|\n|poke|p1|Urshifu-*, L50, M|\n|poke|p2|Zamazenta-*, L50|\n|poke|p2|Lunala, L50|\n|poke|p2|Rillaboom, L50, F|\n|poke|p2|Incineroar, L50, M|\n|poke|p2|Urshifu-*, L50, M|\n|poke|p2|Tornadus, L50, M|\n|teampreview|4\n|inactive|Battle timer is ON: inactive players will automatically lose when time's up. (requested by xiaoliyunVGC)\n|\n|t:|1772946428\n|teamsize|p1|4\n|teamsize|p2|4\n|start\n|switch|p1a: Zamazenta|Zamazenta-Crowned, L50, shiny|100/100\n|switch|p1b: Raichu|Raichu, L50, M, shiny|100/100\n|switch|p2a: Tornadus|Tornadus, L50, M|100/100\n|switch|p2b: Urshifu|Urshifu-Rapid-Strike, L50, M|100/100\n|-ability|p1a: Zamazenta|Dauntless Shield|boost\n|-boost|p1a: Zamazenta|def|1\n|turn|1\n|inactive|xiaoliyunVGC has 30 seconds left.\n|\n|t:|1772946458\n|move|p2b: Urshifu|Detect|p2b: Urshifu\n|-singleturn|p2b: Urshifu|Protect\n|move|p1b: Raichu|Feint|p2b: Urshifu\n|-activate|p2b: Urshifu|move: Feint\n|-damage|p2b: Urshifu|93/100\n|move|p2a: Tornadus|Rain Dance|p2a: Tornadus\n|-weather|RainDance\n|move|p1a: Zamazenta|Body Press|p2b: Urshifu\n|-damage|p2b: Urshifu|26/100\n|\n|-weather|RainDance|[upkeep]\n|upkeep\n|turn|2\n|\n|t:|1772946474\n|-terastallize|p2b: Urshifu|Water\n|move|p2a: Tornadus|Tailwind|p2a: Tornadus\n|-sidestart|p2: lalo's pollos|move: Tailwind\n|move|p2b: Urshifu|Surging Strikes|p1a: Zamazenta\n|-crit|p1a: Zamazenta\n|-damage|p1a: Zamazenta|70/100\n|-crit|p1a: Zamazenta\n|-damage|p1a: Zamazenta|40/100\n|-crit|p1a: Zamazenta\n|-damage|p1a: Zamazenta|11/100\n|-hitcount|p1a: Zamazenta|3\n|move|p1b: Raichu|Nuzzle|p2a: Tornadus\n|-supereffective|p2a: Tornadus\n|-damage|p2a: Tornadus|81/100\n|-status|p2a: Tornadus|par\n|move|p1a: Zamazenta|Body Press|p2b: Urshifu\n|-damage|p2b: Urshifu|0 fnt\n|faint|p2b: Urshifu\n|\n|-weather|RainDance|[upkeep]\n|upkeep\n|\n|t:|1772946485\n|switch|p2b: Zamazenta|Zamazenta-Crowned, L50|100/100\n|-ability|p2b: Zamazenta|Dauntless Shield|boost\n|-boost|p2b: Zamazenta|def|1\n|turn|3\n|\n|t:|1772946500\n|move|p1a: Zamazenta|Protect|p1a: Zamazenta\n|-singleturn|p1a: Zamazenta|Protect\n|move|p2b: Zamazenta|Body Press|p1b: Raichu\n|-enditem|p1b: Raichu|Focus Sash\n|-damage|p1b: Raichu|1/100\n|move|p2a: Tornadus|Bleakwind Storm|p1b: Raichu|[spread] p1b\n|-activate|p1a: Zamazenta|move: Protect\n|-resisted|p1b: Raichu\n|-damage|p1b: Raichu|0 fnt\n|faint|p1b: Raichu\n|\n|-weather|RainDance|[upkeep]\n|upkeep\n|\n|t:|1772946509\n|switch|p1b: Tornadus|Tornadus, L50, M, shiny|100/100\n|turn|4\n|\n|t:|1772946516\n|-terastallize|p1a: Zamazenta|Fighting\n|move|p1b: Tornadus|Tailwind|p1b: Tornadus\n|-sidestart|p1: xiaoliyunVGC|move: Tailwind\n|move|p2b: Zamazenta|Body Press|p1a: Zamazenta\n|-damage|p1a: Zamazenta|0 fnt\n|faint|p1a: Zamazenta\n|cant|p2a: Tornadus|par\n|\n|-weather|RainDance|[upkeep]\n|upkeep\n|\n|t:|1772946526\n|switch|p1a: Urshifu|Urshifu, L50, M|100/100\n|turn|5\n|\n|t:|1772946532\n|move|p2b: Zamazenta|Body Press|p1a: Urshifu\n|-supereffective|p1a: Urshifu\n|-damage|p1a: Urshifu|0 fnt\n|faint|p1a: Urshifu\n|move|p1b: Tornadus|Hurricane|p2b: Zamazenta\n|-damage|p2b: Zamazenta|63/100\n|move|p2a: Tornadus|Bleakwind Storm|p1b: Tornadus\n|-damage|p1b: Tornadus|48/100\n|\n|-weather|none\n|-sideend|p2: lalo's pollos|move: Tailwind\n|upkeep\n|turn|6\n|-message|xiaoliyunVGC forfeited.\n|\n|win|lalo's pollos\n|raw|xiaoliyunVGC's rating: 1554 &rarr; <strong>1526</strong><br />(-28 for losing)\n|raw|lalo&apos;s pollos's rating: 1411 &rarr; <strong>1439</strong><br />(+28 for winning)\n|l|\u2606xiaoliyunVGC\n|player|p1|\n","uploadtime":1772946769,"views":13,"formatid":"gen9vgc2026regi","rating":1439,"private":0,"password":null}