{"id":"gen9vgc2026regi-2526734995","format":"[Gen 9] VGC 2026 Reg I","players":["pabilisco","i\u2764\u5a1c\u7984forever"],"log":"|j|\u2606pabilisco\n|j|\u2606i\u2764\u5a1c\u7984forever\n|t:|1769452684\n|gametype|doubles\n|player|p1|pabilisco|rosa-masters3|1106\n|player|p2|i\u2764\u5a1c\u7984forever|youngcouple-gen4dp|1242\n|gen|9\n|tier|[Gen 9] VGC 2026 Reg I\n|rated|\n|rule|Species Clause: Limit one of each Pok\u00e9mon\n|rule|Item Clause: Limit 1 of each item\n|clearpoke\n|poke|p1|Groudon, L50|\n|poke|p1|Zacian-*, L50|\n|poke|p1|Serperior, L50, F|\n|poke|p1|Grimmsnarl, L50, M|\n|poke|p1|Tornadus, L50, M|\n|poke|p1|Meowstic-F, L50, F|\n|poke|p2|Groudon, L50|\n|poke|p2|Kyurem-White, L50|\n|poke|p2|Brute Bonnet, L50|\n|poke|p2|Heatran, L50, M|\n|poke|p2|Whimsicott, L50, M|\n|poke|p2|Farigiraf, L50, M|\n|teampreview|4\n|inactive|Battle timer is ON: inactive players will automatically lose when time's up. (requested by pabilisco)\n|inactive|i\u2764\u5a1c\u7984forever has 60 seconds left.\n|\n|t:|1769452738\n|teamsize|p1|4\n|teamsize|p2|4\n|start\n|switch|p1a: Serperior|Serperior, L50, F|100/100\n|switch|p1b: Groudon|Groudon, L50|100/100\n|switch|p2a: Whimsicott|Whimsicott, L50, M|100/100\n|switch|p2b: Kyurem|Kyurem-White, L50|100/100\n|-weather|SunnyDay|[from] ability: Drought|[of] p1b: Groudon\n|-ability|p2b: Kyurem|Turboblaze\n|turn|1\n|\n|t:|1769452750\n|move|p1a: Serperior|Glare|p2b: Kyurem\n|-status|p2b: Kyurem|par\n|move|p2a: Whimsicott|Energy Ball|p1b: Groudon\n|-supereffective|p1b: Groudon\n|-damage|p1b: Groudon|58/100\n|move|p1b: Groudon|Heat Crash|p2a: Whimsicott\n|-supereffective|p2a: Whimsicott\n|-enditem|p2a: Whimsicott|Focus Sash\n|-damage|p2a: Whimsicott|1/100\n|move|p2b: Kyurem|Blizzard|p1a: Serperior|[spread] p1a\n|-miss|p2b: Kyurem|p1b: Groudon\n|-enditem|p2b: Kyurem|Blunder Policy\n|-boost|p2b: Kyurem|spe|2\n|-supereffective|p1a: Serperior\n|-damage|p1a: Serperior|0 fnt\n|faint|p1a: Serperior\n|\n|-weather|SunnyDay|[upkeep]\n|upkeep\n|\n|t:|1769452772\n|switch|p1a: Tornadus|Tornadus, L50, M|100/100\n|turn|2\n|\n|t:|1769452780\n|move|p2a: Whimsicott|Tailwind|p2a: Whimsicott\n|-sidestart|p2: i\u2764\u5a1c\u7984forever|move: Tailwind\n|move|p2b: Kyurem|Blizzard|p1a: Tornadus|[spread] \n|-miss|p2b: Kyurem|p1a: Tornadus\n|-miss|p2b: Kyurem|p1b: Groudon\n|move|p1a: Tornadus|Bleakwind Storm|p2a: Whimsicott|[spread] p2b\n|-miss|p1a: Tornadus|p2a: Whimsicott\n|-crit|p2b: Kyurem\n|-damage|p2b: Kyurem|66/100 par\n|move|p1b: Groudon|Iron Head|p2b: Kyurem\n|-supereffective|p2b: Kyurem\n|-damage|p2b: Kyurem|7/100 par\n|\n|-weather|SunnyDay|[upkeep]\n|upkeep\n|turn|3\n|\n|t:|1769452799\n|-terastallize|p1a: Tornadus|Dark\n|move|p1a: Tornadus|Tailwind|p1a: Tornadus\n|-sidestart|p1: pabilisco|move: Tailwind\n|move|p2a: Whimsicott|Endeavor|p1b: Groudon\n|-damage|p1b: Groudon|1/100\n|move|p1b: Groudon|Precipice Blades|p2b: Kyurem|[spread] p2a\n|-miss|p1b: Groudon|p2b: Kyurem\n|-resisted|p2a: Whimsicott\n|-damage|p2a: Whimsicott|0 fnt\n|faint|p2a: Whimsicott\n|cant|p2b: Kyurem|par\n|\n|-weather|SunnyDay|[upkeep]\n|upkeep\n|\n|t:|1769452817\n|switch|p2a: Brute Bonnet|Brute Bonnet, L50|100/100\n|-activate|p2a: Brute Bonnet|ability: Protosynthesis\n|-start|p2a: Brute Bonnet|protosynthesisatk\n|turn|4\n|inactive|pabilisco has 30 seconds left.\n|\n|t:|1769452842\n|move|p2a: Brute Bonnet|Sucker Punch|p1b: Groudon\n|-crit|p1b: Groudon\n|-damage|p1b: Groudon|0 fnt\n|faint|p1b: Groudon\n|move|p1a: Tornadus|Bleakwind Storm|p2b: Kyurem|[spread] p2a,p2b\n|-supereffective|p2a: Brute Bonnet\n|-damage|p2a: Brute Bonnet|61/100\n|-damage|p2b: Kyurem|0 fnt\n|faint|p2b: Kyurem\n|\n|-weather|SunnyDay|[upkeep]\n|upkeep\n|\n|t:|1769452853\n|switch|p1b: Zacian|Zacian-Crowned, L50|100/100\n|switch|p2b: Groudon|Groudon, L50|100/100\n|-ability|p1b: Zacian|Intrepid Sword|boost\n|-boost|p1b: Zacian|atk|1\n|turn|5\n|\n|t:|1769452865\n|-terastallize|p2a: Brute Bonnet|Water\n|move|p1b: Zacian|Protect|p1b: Zacian\n|-singleturn|p1b: Zacian|Protect\n|move|p2a: Brute Bonnet|Rage Powder|p2a: Brute Bonnet\n|-singleturn|p2a: Brute Bonnet|move: Rage Powder\n|move|p1a: Tornadus|Knock Off|p2a: Brute Bonnet\n|-damage|p2a: Brute Bonnet|34/100\n|-enditem|p2a: Brute Bonnet|Sitrus Berry|[from] move: Knock Off|[of] p1a: Tornadus\n|move|p2b: Groudon|Precipice Blades|p1b: Zacian|[spread] p1a\n|-activate|p1b: Zacian|move: Protect\n|-damage|p1a: Tornadus|39/100\n|\n|-weather|none\n|-end|p2a: Brute Bonnet|Protosynthesis\n|-sideend|p2: i\u2764\u5a1c\u7984forever|move: Tailwind\n|upkeep\n|turn|6\n|inactive|pabilisco has 30 seconds left.\n|\n|t:|1769452892\n|move|p2a: Brute Bonnet|Rage Powder|p2a: Brute Bonnet\n|-singleturn|p2a: Brute Bonnet|move: Rage Powder\n|move|p1b: Zacian|Play Rough|p2a: Brute Bonnet\n|-crit|p2a: Brute Bonnet\n|-damage|p2a: Brute Bonnet|0 fnt\n|faint|p2a: Brute Bonnet\n|-end|p2a: Brute Bonnet|Protosynthesis|[silent]\n|move|p1a: Tornadus|Knock Off|p2b: Groudon\n|-damage|p2b: Groudon|76/100\n|-enditem|p2b: Groudon|Assault Vest|[from] move: Knock Off|[of] p1a: Tornadus\n|move|p2b: Groudon|Precipice Blades|p1b: Zacian|[spread] p1a,p1b\n|-supereffective|p1b: Zacian\n|-damage|p1a: Tornadus|0 fnt\n|-damage|p1b: Zacian|15/100\n|faint|p1a: Tornadus\n|\n|-sideend|p1: pabilisco|move: Tailwind\n|upkeep\n|turn|7\n|\n|t:|1769452907\n|move|p1b: Zacian|Play Rough|p2b: Groudon\n|-damage|p2b: Groudon|28/100\n|move|p2b: Groudon|Heat Crash|p1b: Zacian\n|-supereffective|p1b: Zacian\n|-damage|p1b: Zacian|0 fnt\n|faint|p1b: Zacian\n|\n|win|i\u2764\u5a1c\u7984forever\n|raw|pabilisco's rating: 1106 &rarr; <strong>1090</strong><br />(-16 for losing)\n|raw|i\u2764\u5a1c\u7984forever's rating: 1242 &rarr; <strong>1258</strong><br />(+16 for winning)\n|c|\u2606pabilisco|Gg\n|l|\u2606i\u2764\u5a1c\u7984forever\n|player|p2|\n|l|\u2606pabilisco\n|player|p1|\n","uploadtime":1769453055,"views":11,"formatid":"gen9vgc2026regi","rating":1090,"private":0,"password":null}