{"id":"gen9vgc2026regi-2518366013","format":"[Gen 9] VGC 2026 Reg I","players":["Bmkc5","yaochangzhe"],"log":"|j|\u2606Bmkc5\n|j|\u2606yaochangzhe\n|t:|1768377803\n|gametype|doubles\n|player|p1|Bmkc5|266|1162\n|player|p2|yaochangzhe|169|1236\n|gen|9\n|tier|[Gen 9] VGC 2026 Reg I\n|rated|\n|rule|Species Clause: Limit one of each Pok\u00e9mon\n|rule|Item Clause: Limit 1 of each item\n|clearpoke\n|poke|p1|Incineroar, L50, M|\n|poke|p1|Clefairy, L50, F|\n|poke|p1|Chien-Pao, L50|\n|poke|p1|Zamazenta-*, L50|\n|poke|p1|Miraidon, L50|\n|poke|p1|Gholdengo, L50|\n|poke|p2|Kyogre, L50|\n|poke|p2|Calyrex-Ice, L50|\n|poke|p2|Urshifu-*, L50, M|\n|poke|p2|Grimmsnarl, L50, M|\n|poke|p2|Landorus, L50, M|\n|poke|p2|Farigiraf, L50, M|\n|teampreview|4\n|\n|t:|1768377814\n|teamsize|p1|4\n|teamsize|p2|4\n|start\n|switch|p1a: Miraidon|Miraidon, L50|100/100\n|switch|p1b: Gholdengo|Gholdengo, L50|100/100\n|switch|p2a: Urshifu|Urshifu-Rapid-Strike, L50, M|100/100\n|switch|p2b: Grimmsnarl|Grimmsnarl, L50, M|100/100\n|-fieldstart|move: Electric Terrain|[from] ability: Hadron Engine|[of] p1a: Miraidon\n|turn|1\n|\n|t:|1768377830\n|move|p2b: Grimmsnarl|Light Screen|p2b: Grimmsnarl\n|-sidestart|p2: yaochangzhe|move: Light Screen\n|move|p2a: Urshifu|U-turn|p1a: Miraidon\n|-damage|p1a: Miraidon|71/100\n|\n|t:|1768377835\n|switch|p2a: Calyrex|Calyrex-Ice, L50|100/100|[from] U-turn\n|-ability|p2a: Calyrex|As One\n|-ability|p2a: Calyrex|Unnerve\n|move|p1a: Miraidon|Volt Switch|p2a: Calyrex\n|-damage|p2a: Calyrex|74/100\n|\n|t:|1768377841\n|switch|p1a: Zamazenta|Zamazenta-Crowned, L50|100/100|[from] Volt Switch\n|-ability|p1a: Zamazenta|Dauntless Shield|boost\n|-boost|p1a: Zamazenta|def|1\n|move|p1b: Gholdengo|Make It Rain|p2a: Calyrex|[spread] p2a,p2b\n|-supereffective|p2a: Calyrex\n|-supereffective|p2b: Grimmsnarl\n|-damage|p2a: Calyrex|24/100\n|-damage|p2b: Grimmsnarl|25/100\n|-unboost|p1b: Gholdengo|spa|1\n|\n|-heal|p2a: Calyrex|29/100|[from] item: Leftovers\n|upkeep\n|turn|2\n|\n|t:|1768377853\n|move|p2a: Calyrex|Protect|p2a: Calyrex\n|-singleturn|p2a: Calyrex|Protect\n|move|p2b: Grimmsnarl|Reflect|p2b: Grimmsnarl\n|-sidestart|p2: yaochangzhe|Reflect\n|move|p1a: Zamazenta|Body Press|p2a: Calyrex\n|-activate|p2a: Calyrex|move: Protect\n|move|p1b: Gholdengo|Make It Rain|p2a: Calyrex|[spread] p2b\n|-activate|p2a: Calyrex|move: Protect\n|-supereffective|p2b: Grimmsnarl\n|-damage|p2b: Grimmsnarl|0 fnt\n|-unboost|p1b: Gholdengo|spa|1\n|faint|p2b: Grimmsnarl\n|\n|-heal|p2a: Calyrex|35/100|[from] item: Leftovers\n|upkeep\n|\n|t:|1768377866\n|switch|p2b: Kyogre|Kyogre, L50|100/100\n|-weather|RainDance|[from] ability: Drizzle|[of] p2b: Kyogre\n|turn|3\n|\n|t:|1768377883\n|switch|p2a: Urshifu|Urshifu-Rapid-Strike, L50, M|100/100\n|move|p1a: Zamazenta|Wide Guard|p1a: Zamazenta\n|-singleturn|p1a: Zamazenta|Wide Guard\n|move|p1b: Gholdengo|Make It Rain|p2a: Urshifu|[spread] p2a,p2b\n|-resisted|p2a: Urshifu\n|-resisted|p2b: Kyogre\n|-damage|p2a: Urshifu|84/100\n|-damage|p2b: Kyogre|96/100\n|-unboost|p1b: Gholdengo|spa|1\n|move|p2b: Kyogre|Water Spout|p1b: Gholdengo|[spread] \n|-activate|p1a: Zamazenta|move: Wide Guard\n|-activate|p1b: Gholdengo|move: Wide Guard\n|\n|-weather|RainDance|[upkeep]\n|upkeep\n|turn|4\n|\n|t:|1768377902\n|move|p1a: Zamazenta|Wide Guard|p1a: Zamazenta\n|-singleturn|p1a: Zamazenta|Wide Guard\n|move|p2a: Urshifu|Surging Strikes|p1b: Gholdengo\n|-crit|p1b: Gholdengo\n|-damage|p1b: Gholdengo|65/100\n|-crit|p1b: Gholdengo\n|-damage|p1b: Gholdengo|30/100\n|-crit|p1b: Gholdengo\n|-damage|p1b: Gholdengo|0 fnt\n|faint|p1b: Gholdengo\n|-hitcount|p1: Gholdengo|3\n|move|p2b: Kyogre|Origin Pulse|p1a: Zamazenta\n|-activate|p1a: Zamazenta|move: Wide Guard\n|\n|-weather|RainDance|[upkeep]\n|upkeep\n|\n|t:|1768377904\n|switch|p1b: Miraidon|Miraidon, L50|71/100\n|-activate|p1b: Miraidon|ability: Hadron Engine\n|turn|5\n|\n|t:|1768377925\n|-terastallize|p2b: Kyogre|Grass\n|move|p1a: Zamazenta|Wide Guard|p1a: Zamazenta\n|-singleturn|p1a: Zamazenta|Wide Guard\n|move|p2a: Urshifu|Surging Strikes|p1a: Zamazenta\n|-crit|p1a: Zamazenta\n|-damage|p1a: Zamazenta|81/100\n|-crit|p1a: Zamazenta\n|-damage|p1a: Zamazenta|62/100\n|-crit|p1a: Zamazenta\n|-damage|p1a: Zamazenta|44/100\n|-hitcount|p1a: Zamazenta|3\n|move|p1b: Miraidon|Volt Switch|p2a: Urshifu\n|-supereffective|p2a: Urshifu\n|-damage|p2a: Urshifu|0 fnt\n|faint|p2a: Urshifu\n|inactive|Battle timer is ON: inactive players will automatically lose when time's up. (requested by yaochangzhe)\n|\n|t:|1768377940\n|switch|p1b: Chien-Pao|Chien-Pao, L50|100/100|[from] Volt Switch\n|-ability|p1b: Chien-Pao|Sword of Ruin\n|move|p2b: Kyogre|Origin Pulse|p1a: Zamazenta|[spread] \n|-activate|p1a: Zamazenta|move: Wide Guard\n|-activate|p1b: Chien-Pao|move: Wide Guard\n|\n|-weather|RainDance|[upkeep]\n|-fieldend|move: Electric Terrain\n|upkeep\n|\n|t:|1768377948\n|switch|p2a: Calyrex|Calyrex-Ice, L50|35/100\n|-ability|p2a: Calyrex|As One\n|-ability|p2a: Calyrex|Unnerve\n|turn|6\n|\n|t:|1768377956\n|move|p1a: Zamazenta|Wide Guard|p1a: Zamazenta\n|-singleturn|p1a: Zamazenta|Wide Guard\n|move|p1b: Chien-Pao|Sucker Punch|p2a: Calyrex\n|-supereffective|p2a: Calyrex\n|-damage|p2a: Calyrex|0 fnt\n|faint|p2a: Calyrex\n|-damage|p1b: Chien-Pao|91/100|[from] item: Life Orb\n|move|p2b: Kyogre|Hydro Pump|p1a: Zamazenta\n|-damage|p1a: Zamazenta|0 fnt\n|faint|p1a: Zamazenta\n|\n|-weather|RainDance|[upkeep]\n|upkeep\n|\n|t:|1768377966\n|switch|p1a: Miraidon|Miraidon, L50|71/100\n|-fieldstart|move: Electric Terrain|[from] ability: Hadron Engine|[of] p1a: Miraidon\n|turn|7\n|\n|t:|1768377980\n|move|p1b: Chien-Pao|Sucker Punch|p2b: Kyogre\n|-damage|p2b: Kyogre|57/100\n|-damage|p1b: Chien-Pao|81/100|[from] item: Life Orb\n|move|p1a: Miraidon|Electro Drift|p2b: Kyogre\n|-resisted|p2b: Kyogre\n|-damage|p2b: Kyogre|43/100\n|move|p2b: Kyogre|Origin Pulse|p1a: Miraidon|[spread] p1a,p1b\n|-resisted|p1a: Miraidon\n|-damage|p1a: Miraidon|38/100\n|-damage|p1b: Chien-Pao|0 fnt\n|faint|p1b: Chien-Pao\n|\n|-weather|none\n|upkeep\n|turn|8\n|\n|t:|1768377990\n|move|p1a: Miraidon|Protect|p1a: Miraidon\n|-singleturn|p1a: Miraidon|Protect\n|move|p2b: Kyogre|Origin Pulse|p1a: Miraidon\n|-activate|p1a: Miraidon|move: Protect\n|\n|-sideend|p2: yaochangzhe|move: Light Screen\n|upkeep\n|turn|9\n|\n|t:|1768377999\n|move|p1a: Miraidon|Electro Drift|p2b: Kyogre\n|-resisted|p2b: Kyogre\n|-damage|p2b: Kyogre|24/100\n|move|p2b: Kyogre|Origin Pulse|p1a: Miraidon\n|-resisted|p1a: Miraidon\n|-damage|p1a: Miraidon|6/100\n|\n|-sideend|p2: yaochangzhe|Reflect\n|upkeep\n|turn|10\n|\n|t:|1768378010\n|-terastallize|p1a: Miraidon|Fairy\n|move|p1a: Miraidon|Dazzling Gleam|p2b: Kyogre\n|-damage|p2b: Kyogre|0 fnt\n|faint|p2b: Kyogre\n|\n|win|Bmkc5\n|raw|Bmkc5's rating: 1162 &rarr; <strong>1192</strong><br />(+30 for winning)\n|raw|yaochangzhe's rating: 1236 &rarr; <strong>1206</strong><br />(-30 for losing)\n|l|\u2606Bmkc5\n|player|p1|\n|l|\u2606yaochangzhe\n|player|p2|\n|j|\u2606Bmkc5\n|player|p1|Bmkc5|266|\n|l|\u2606Bmkc5\n|player|p1|\n|j| missouri mott\n|l| missouri mott\n","uploadtime":1768378335,"views":13,"formatid":"gen9vgc2026regi","rating":1192,"private":0,"password":null}