{"id":"gen9vgc2026regi-2544885609","format":"[Gen 9] VGC 2026 Reg I","players":["WarlogFV","Zorse Mentality"],"log":"|j|\u2606WarlogFV\n|j|\u2606Zorse Mentality\n|t:|1771775207\n|gametype|doubles\n|player|p1|WarlogFV|erika|1457\n|player|p2|Zorse Mentality|1|1405\n|gen|9\n|tier|[Gen 9] VGC 2026 Reg I\n|rated|\n|rule|Species Clause: Limit one of each Pok\u00e9mon\n|rule|Item Clause: Limit 1 of each item\n|clearpoke\n|poke|p1|Lunala, L50|\n|poke|p1|Zamazenta-*, L50|\n|poke|p1|Comfey, L50, F|\n|poke|p1|Rillaboom, L50, M|\n|poke|p1|Ogerpon-Cornerstone, L50, F|\n|poke|p1|Chi-Yu, L50|\n|poke|p2|Calyrex-Ice, L50|\n|poke|p2|Kyogre, L50|\n|poke|p2|Tornadus, L50, M|\n|poke|p2|Ursaluna, L50, F|\n|poke|p2|Urshifu-*, L50, M|\n|poke|p2|Smeargle, L50, F|\n|teampreview|4\n|inactive|Battle timer is ON: inactive players will automatically lose when time's up. (requested by WarlogFV)\n|inactive|Zorse Mentality has 60 seconds left.\n|inactive|Zorse Mentality has 30 seconds left.\n|inactive|Zorse Mentality has 20 seconds left.\n|\n|t:|1771775284\n|teamsize|p1|4\n|teamsize|p2|4\n|start\n|switch|p1a: Lunala|Lunala, L50|100/100\n|switch|p1b: Zamazenta|Zamazenta-Crowned, L50|100/100\n|switch|p2a: Smeargle|Smeargle, L50, F|100/100\n|switch|p2b: Calyrex|Calyrex-Ice, L50|100/100\n|-ability|p2b: Calyrex|As One\n|-ability|p2b: Calyrex|Unnerve\n|-ability|p1b: Zamazenta|Dauntless Shield|boost\n|-boost|p1b: Zamazenta|def|1\n|turn|1\n|inactive|Zorse Mentality has 30 seconds left.\n|inactive|Zorse Mentality has 20 seconds left.\n|\n|t:|1771775323\n|-terastallize|p2b: Calyrex|Fighting\n|move|p1b: Zamazenta|Behemoth Bash|p2b: Calyrex\n|-damage|p2b: Calyrex|70/100\n|move|p1a: Lunala|Moongeist Beam|p2b: Calyrex\n|-damage|p2b: Calyrex|22/100\n|move|p2a: Smeargle|Spore|p1a: Lunala\n|-status|p1a: Lunala|slp|[from] move: Spore\n|move|p2b: Calyrex|Trick Room|p2b: Calyrex\n|-fieldstart|move: Trick Room|[of] p2b: Calyrex\n|\n|-ability|p2a: Smeargle|Moody|boost\n|-boost|p2a: Smeargle|spe|2\n|-unboost|p2a: Smeargle|spa|1\n|upkeep\n|turn|2\n|inactive|Zorse Mentality has 30 seconds left.\n|\n|t:|1771775352\n|move|p1b: Zamazenta|Protect|p1b: Zamazenta\n|-singleturn|p1b: Zamazenta|Protect\n|move|p2b: Calyrex|Glacial Lance|p1a: Lunala|[spread] p1a\n|-activate|p1b: Zamazenta|move: Protect\n|-damage|p1a: Lunala|71/100 slp\n|-damage|p2b: Calyrex|12/100|[from] item: Life Orb\n|cant|p1a: Lunala|slp\n|move|p2a: Smeargle|Spore|p1b: Zamazenta\n|-activate|p1b: Zamazenta|move: Protect\n|\n|-heal|p1a: Lunala|77/100 slp|[from] item: Leftovers\n|-ability|p2a: Smeargle|Moody|boost\n|-boost|p2a: Smeargle|def|2\n|-unboost|p2a: Smeargle|atk|1\n|upkeep\n|turn|3\n|\n|t:|1771775376\n|switch|p2b: Ursaluna|Ursaluna, L50, F|100/100\n|-curestatus|p1a: Lunala|slp|[msg]\n|move|p1a: Lunala|Moonblast|p2a: Smeargle\n|-crit|p2a: Smeargle\n|-damage|p2a: Smeargle|5/100\n|-enditem|p2a: Smeargle|Eject Button\n|\n|t:|1771775385\n|switch|p2a: Calyrex|Calyrex-Ice, L50, tera:Fighting|12/100\n|-ability|p2a: Calyrex|As One\n|-ability|p2a: Calyrex|Unnerve\n|move|p1b: Zamazenta|Body Press|p2a: Calyrex\n|-damage|p2a: Calyrex|0 fnt\n|faint|p2a: Calyrex\n|\n|-heal|p1a: Lunala|83/100|[from] item: Leftovers\n|-status|p2b: Ursaluna|brn|[from] item: Flame Orb\n|upkeep\n|\n|t:|1771775399\n|switch|p2a: Smeargle|Smeargle, L50, F|5/100\n|turn|4\n|\n|t:|1771775408\n|move|p1b: Zamazenta|Protect|p1b: Zamazenta\n|-singleturn|p1b: Zamazenta|Protect\n|move|p2b: Ursaluna|Headlong Rush|p1a: Lunala\n|-damage|p1a: Lunala|0 fnt\n|-unboost|p2b: Ursaluna|def|1\n|-unboost|p2b: Ursaluna|spd|1\n|faint|p1a: Lunala\n|move|p2a: Smeargle|Spore|p1b: Zamazenta\n|-activate|p1b: Zamazenta|move: Protect\n|\n|-damage|p2b: Ursaluna|95/100 brn|[from] brn\n|-ability|p2a: Smeargle|Moody|boost\n|-boost|p2a: Smeargle|def|2\n|-unboost|p2a: Smeargle|spd|1\n|upkeep\n|\n|t:|1771775420\n|switch|p1a: Rillaboom|Rillaboom, L50, M|100/100\n|-fieldstart|move: Grassy Terrain|[from] ability: Grassy Surge|[of] p1a: Rillaboom\n|turn|5\n|inactive|Zorse Mentality has 30 seconds left.\n|\n|t:|1771775450\n|-terastallize|p1b: Zamazenta|Dragon\n|move|p2b: Ursaluna|Headlong Rush|p1b: Zamazenta\n|-damage|p1b: Zamazenta|57/100\n|-unboost|p2b: Ursaluna|def|1\n|-unboost|p2b: Ursaluna|spd|1\n|move|p2a: Smeargle|Spore|p1b: Zamazenta\n|-status|p1b: Zamazenta|slp|[from] move: Spore\n|move|p1a: Rillaboom|U-turn|p2a: Smeargle\n|-damage|p2a: Smeargle|0 fnt\n|faint|p2a: Smeargle\n|\n|t:|1771775461\n|switch|p1a: Comfey|Comfey, L50, F, shiny|100/100|[from] U-turn\n|cant|p1b: Zamazenta|slp\n|\n|-heal|p2b: Ursaluna|100/100 brn|[from] Grassy Terrain\n|-heal|p1b: Zamazenta|63/100 slp|[from] Grassy Terrain\n|-damage|p2b: Ursaluna|95/100 brn|[from] brn\n|-fieldend|move: Trick Room\n|upkeep\n|\n|t:|1771775471\n|switch|p2a: Tornadus|Tornadus, L50, M|100/100\n|turn|6\n|\n|t:|1771775481\n|move|p1a: Comfey|Floral Healing|p1b: Zamazenta\n|-heal|p1b: Zamazenta|100/100 slp\n|move|p2a: Tornadus|Bleakwind Storm|p1b: Zamazenta|[spread] p1a,p1b\n|-damage|p1a: Comfey|66/100\n|-damage|p1b: Zamazenta|75/100 slp\n|cant|p1b: Zamazenta|slp\n|move|p2b: Ursaluna|Facade|p1b: Zamazenta\n|-damage|p1b: Zamazenta|25/100 slp\n|\n|-heal|p1b: Zamazenta|32/100 slp|[from] Grassy Terrain\n|-heal|p1a: Comfey|71/100|[from] Grassy Terrain\n|-heal|p2b: Ursaluna|100/100 brn|[from] Grassy Terrain\n|-damage|p2b: Ursaluna|95/100 brn|[from] brn\n|upkeep\n|turn|7\n|\n|t:|1771775504\n|move|p2b: Ursaluna|Protect|p2b: Ursaluna\n|-singleturn|p2b: Ursaluna|Protect\n|move|p1a: Comfey|Floral Healing|p1b: Zamazenta\n|-heal|p1b: Zamazenta|98/100 slp\n|move|p2a: Tornadus|Bleakwind Storm|p1a: Comfey|[spread] p1a\n|-miss|p2a: Tornadus|p1b: Zamazenta\n|-damage|p1a: Comfey|35/100\n|-unboost|p1a: Comfey|spe|1\n|-enditem|p1a: Comfey|Sitrus Berry|[eat]\n|-heal|p1a: Comfey|59/100|[from] item: Sitrus Berry\n|-curestatus|p1b: Zamazenta|slp|[msg]\n|move|p1b: Zamazenta|Body Press|p2b: Ursaluna\n|-activate|p2b: Ursaluna|move: Protect\n|\n|-heal|p1b: Zamazenta|100/100|[from] Grassy Terrain\n|-heal|p1a: Comfey|65/100|[from] Grassy Terrain\n|-heal|p2b: Ursaluna|100/100 brn|[from] Grassy Terrain\n|-damage|p2b: Ursaluna|95/100 brn|[from] brn\n|upkeep\n|turn|8\n|inactive|Zorse Mentality has 30 seconds left.\n|\n|t:|1771775537\n|move|p1a: Comfey|Protect|p1a: Comfey\n|-singleturn|p1a: Comfey|Protect\n|move|p2a: Tornadus|Tailwind|p2a: Tornadus\n|-sidestart|p2: Zorse Mentality|move: Tailwind\n|move|p1b: Zamazenta|Body Press|p2b: Ursaluna\n|-supereffective|p2b: Ursaluna\n|-damage|p2b: Ursaluna|0 fnt\n|faint|p2b: Ursaluna\n|\n|-heal|p1a: Comfey|71/100|[from] Grassy Terrain\n|upkeep\n|turn|9\n|-message|Zorse Mentality forfeited.\n|\n|win|WarlogFV\n|raw|WarlogFV's rating: 1457 &rarr; <strong>1474</strong><br />(+17 for winning)\n|raw|Zorse Mentality's rating: 1405 &rarr; <strong>1388</strong><br />(-17 for losing)\n|l|\u2606Zorse Mentality\n|player|p2|\n|l|\u2606WarlogFV\n|player|p1|\n","uploadtime":1771775692,"views":18,"formatid":"gen9vgc2026regi","rating":1388,"private":0,"password":null}