{"id":"gen9vgc2026regi-2522720833","format":"[Gen 9] VGC 2026 Reg I","players":["Schimmli","infinitygroudon"],"log":"|j|\u2606Schimmli\n|j|\u2606infinitygroudon\n|t:|1768937803\n|gametype|doubles\n|player|p1|Schimmli|170|1532\n|player|p2|infinitygroudon|102|1363\n|gen|9\n|tier|[Gen 9] VGC 2026 Reg I\n|rated|\n|rule|Species Clause: Limit one of each Pok\u00e9mon\n|rule|Item Clause: Limit 1 of each item\n|clearpoke\n|poke|p1|Terapagos, L50, M|\n|poke|p1|Calyrex-Shadow, L50|\n|poke|p1|Flutter Mane, L50|\n|poke|p1|Ogerpon-Cornerstone, L50, F|\n|poke|p1|Incineroar, L50, F|\n|poke|p1|Rillaboom, L50, F|\n|poke|p2|Kyogre, L50|\n|poke|p2|Palkia-Origin, L50|\n|poke|p2|Farigiraf, L50, M|\n|poke|p2|Archaludon, L50, M|\n|poke|p2|Iron Jugulis, L50|\n|poke|p2|Raging Bolt, L50|\n|teampreview|4\n|\n|t:|1768937825\n|teamsize|p1|4\n|teamsize|p2|4\n|start\n|switch|p1a: Terapagos|Terapagos, L50, M|100/100\n|switch|p1b: Rillaboom|Rillaboom, L50, F|100/100\n|switch|p2a: Secretariat|Palkia-Origin, L50|100/100\n|switch|p2b: Jorris|Iron Jugulis, L50|100/100\n|-activate|p1a: Terapagos|ability: Tera Shift\n|detailschange|p1a: Terapagos|Terapagos-Terastal, L50, M\n|-heal|p1a: Terapagos|100/100|[silent]\n|-ability|p2a: Secretariat|Pressure\n|-fieldstart|move: Grassy Terrain|[from] ability: Grassy Surge|[of] p1b: Rillaboom\n|-enditem|p2b: Jorris|Booster Energy\n|-activate|p2b: Jorris|ability: Quark Drive|[fromitem]\n|-start|p2b: Jorris|quarkdrivespe\n|turn|1\n|\n|t:|1768937843\n|move|p1b: Rillaboom|Fake Out|p2b: Jorris\n|-damage|p2b: Jorris|89/100\n|cant|p2b: Jorris|flinch\n|move|p2a: Secretariat|Spacial Rend|p1b: Rillaboom\n|-damage|p1b: Rillaboom|63/100\n|move|p1a: Terapagos|Calm Mind|p1a: Terapagos\n|-boost|p1a: Terapagos|spa|1\n|-boost|p1a: Terapagos|spd|1\n|\n|-heal|p1b: Rillaboom|69/100|[from] Grassy Terrain\n|upkeep\n|turn|2\n|\n|t:|1768937856\n|move|p1a: Terapagos|Protect|p1a: Terapagos\n|-singleturn|p1a: Terapagos|Protect\n|move|p2b: Jorris|Dragon Cheer|p2a: Secretariat\n|-start|p2a: Secretariat|move: Dragon Cheer\n|move|p2a: Secretariat|Spacial Rend|p1b: Rillaboom\n|-crit|p1b: Rillaboom\n|-damage|p1b: Rillaboom|12/100\n|move|p1b: Rillaboom|U-turn|p2b: Jorris\n|-damage|p2b: Jorris|70/100\n|\n|t:|1768937865\n|switch|p1b: Flutter Mane|Flutter Mane, L50|100/100|[from] U-turn\n|-enditem|p1b: Flutter Mane|Booster Energy\n|-activate|p1b: Flutter Mane|ability: Protosynthesis|[fromitem]\n|-start|p1b: Flutter Mane|protosynthesisspe\n|\n|upkeep\n|turn|3\n|\n|t:|1768937875\n|-terastallize|p2b: Jorris|Poison\n|move|p1b: Flutter Mane|Moonblast|p2b: Jorris\n|-resisted|p2b: Jorris\n|-damage|p2b: Jorris|50/100\n|-unboost|p2b: Jorris|spa|1\n|move|p2b: Jorris|Snarl|p1b: Flutter Mane|[spread] p1a,p1b\n|-activate|p1a: Terapagos|ability: Tera Shell\n|-resisted|p1a: Terapagos\n|-damage|p1a: Terapagos|97/100\n|-damage|p1b: Flutter Mane|89/100\n|-unboost|p1a: Terapagos|spa|1\n|-unboost|p1b: Flutter Mane|spa|1\n|move|p2a: Secretariat|Spacial Rend|p1a: Terapagos\n|-crit|p1a: Terapagos\n|-damage|p1a: Terapagos|20/100\n|move|p1a: Terapagos|Calm Mind|p1a: Terapagos\n|-boost|p1a: Terapagos|spa|1\n|-boost|p1a: Terapagos|spd|1\n|\n|-heal|p1b: Flutter Mane|94/100|[from] Grassy Terrain\n|-heal|p2b: Jorris|56/100|[from] Grassy Terrain\n|-heal|p1a: Terapagos|27/100|[from] Grassy Terrain\n|-heal|p1a: Terapagos|33/100|[from] item: Leftovers\n|upkeep\n|turn|4\n|\n|t:|1768937904\n|-terastallize|p1a: Terapagos|Stellar\n|detailschange|p1a: Terapagos|Terapagos-Stellar, L50, M, tera:Stellar\n|-heal|p1a: Terapagos|50/100|[silent]\n|-ability|p1a: Terapagos|Teraform Zero\n|-fieldend|move: Grassy Terrain\n|move|p1b: Flutter Mane|Thunder Wave|p2b: Jorris|[miss]\n|-miss|p1b: Flutter Mane|p2b: Jorris\n|move|p2b: Jorris|Tailwind|p2b: Jorris\n|-sidestart|p2: infinitygroudon|move: Tailwind\n|move|p2a: Secretariat|Hydro Pump|p1b: Flutter Mane|[miss]\n|-miss|p2a: Secretariat|p1b: Flutter Mane\n|move|p1a: Terapagos|Tera Starstorm|p2b: Jorris|[spread] p2a,p2b\n|-supereffective|p2b: Jorris\n|-damage|p2a: Secretariat|64/100\n|-damage|p2b: Jorris|0 fnt\n|faint|p2b: Jorris\n|-end|p2b: Jorris|Quark Drive|[silent]\n|\n|-heal|p1a: Terapagos|56/100|[from] item: Leftovers\n|upkeep\n|\n|t:|1768937916\n|switch|p2b: Piratebeard|Kyogre, L50|100/100\n|-weather|RainDance|[from] ability: Drizzle|[of] p2b: Piratebeard\n|turn|5\n|\n|t:|1768937927\n|move|p1a: Terapagos|Protect|p1a: Terapagos\n|-singleturn|p1a: Terapagos|Protect\n|move|p2b: Piratebeard|Water Spout|p1b: Flutter Mane|[spread] p1b\n|-activate|p1a: Terapagos|move: Protect\n|-damage|p1b: Flutter Mane|9/100\n|move|p2a: Secretariat|Spacial Rend|p1a: Terapagos\n|-activate|p1a: Terapagos|move: Protect\n|move|p1b: Flutter Mane|Moonblast|p2a: Secretariat\n|-supereffective|p2a: Secretariat\n|-damage|p2a: Secretariat|21/100\n|\n|-weather|RainDance|[upkeep]\n|-heal|p1a: Terapagos|62/100|[from] item: Leftovers\n|upkeep\n|turn|6\n|\n|t:|1768937948\n|move|p2b: Piratebeard|Water Spout|p1a: Terapagos|[spread] p1a,p1b\n|-damage|p1a: Terapagos|33/100\n|-damage|p1b: Flutter Mane|0 fnt\n|faint|p1b: Flutter Mane\n|-end|p1b: Flutter Mane|Protosynthesis|[silent]\n|move|p2a: Secretariat|Spacial Rend|p1a: Terapagos\n|-crit|p1a: Terapagos\n|-damage|p1a: Terapagos|0 fnt\n|faint|p1a: Terapagos\n|detailschange|p1: Terapagos|Terapagos, L50, M|[silent]\n|\n|-weather|RainDance|[upkeep]\n|upkeep\n|\n|t:|1768937956\n|switch|p1b: Calyrex|Calyrex-Shadow, L50|100/100\n|switch|p1a: Rillaboom|Rillaboom, L50, F|12/100\n|-ability|p1b: Calyrex|As One\n|-ability|p1b: Calyrex|Unnerve\n|-fieldstart|move: Grassy Terrain|[from] ability: Grassy Surge|[of] p1a: Rillaboom\n|turn|7\n|\n|t:|1768937963\n|move|p1b: Calyrex|Protect|p1b: Calyrex\n|-singleturn|p1b: Calyrex|Protect\n|move|p1a: Rillaboom|Fake Out|p2b: Piratebeard\n|-damage|p2b: Piratebeard|87/100\n|cant|p2b: Piratebeard|flinch\n|move|p2a: Secretariat|Spacial Rend|p1a: Rillaboom\n|-crit|p1a: Rillaboom\n|-damage|p1a: Rillaboom|0 fnt\n|faint|p1a: Rillaboom\n|\n|-weather|RainDance|[upkeep]\n|-heal|p2b: Piratebeard|93/100|[from] Grassy Terrain\n|-heal|p2a: Secretariat|27/100|[from] Grassy Terrain\n|-sideend|p2: infinitygroudon|move: Tailwind\n|upkeep\n|turn|8\n|\n|t:|1768937973\n|move|p2b: Piratebeard|Water Spout|p1b: Calyrex\n|-crit|p1b: Calyrex\n|-enditem|p1b: Calyrex|Focus Sash\n|-damage|p1b: Calyrex|1/100\n|move|p1b: Calyrex|Astral Barrage|p2b: Piratebeard|[spread] p2a,p2b\n|-damage|p2a: Secretariat|0 fnt\n|-damage|p2b: Piratebeard|48/100\n|faint|p2a: Secretariat\n|-ability|p1b: Calyrex|Grim Neigh|boost\n|-boost|p1b: Calyrex|spa|1\n|\n|-weather|RainDance|[upkeep]\n|-heal|p2b: Piratebeard|54/100|[from] Grassy Terrain\n|-heal|p1b: Calyrex|7/100|[from] Grassy Terrain\n|upkeep\n|\n|t:|1768937975\n|switch|p2a: Archibald|Archaludon, L50, M, shiny|100/100\n|turn|9\n|\n|t:|1768937988\n|move|p1b: Calyrex|Protect|p1b: Calyrex\n|-singleturn|p1b: Calyrex|Protect\n|move|p2b: Piratebeard|Water Spout|p1b: Calyrex\n|-activate|p1b: Calyrex|move: Protect\n|move|p2a: Archibald|Electro Shot||[still]\n|-prepare|p2a: Archibald|Electro Shot\n|-boost|p2a: Archibald|spa|1\n|-anim|p2a: Archibald|Electro Shot|p1b: Calyrex\n|-activate|p1b: Calyrex|move: Protect\n|\n|-weather|none\n|-heal|p2b: Piratebeard|60/100|[from] Grassy Terrain\n|-heal|p1b: Calyrex|12/100|[from] Grassy Terrain\n|upkeep\n|turn|10\n|\n|t:|1768937997\n|move|p2b: Piratebeard|Water Spout|p1b: Calyrex\n|-damage|p1b: Calyrex|0 fnt\n|faint|p1b: Calyrex\n|\n|win|infinitygroudon\n|raw|Schimmli's rating: 1532 &rarr; <strong>1503</strong><br />(-29 for losing)\n|raw|infinitygroudon's rating: 1363 &rarr; <strong>1392</strong><br />(+29 for winning)\n|l|\u2606Schimmli\n|player|p1|\n|l|\u2606infinitygroudon\n|player|p2|\n","uploadtime":1768938254,"views":17,"formatid":"gen9vgc2026regi","rating":1392,"private":0,"password":null}