{"id":"gen9vgc2026regi-2558435138","format":"[Gen 9] VGC 2026 Reg I","players":["GranolaBear","Sheevp"],"log":"|j|\u2606GranolaBear\n|j|\u2606Sheevp\n|t:|1773434211\n|gametype|doubles\n|player|p1|GranolaBear|bugcatcher-gen4dp|1165\n|player|p2|Sheevp|170|1230\n|gen|9\n|tier|[Gen 9] VGC 2026 Reg I\n|rated|\n|rule|Species Clause: Limit one of each Pok\u00e9mon\n|rule|Item Clause: Limit 1 of each item\n|clearpoke\n|poke|p1|Kyogre, L50|\n|poke|p1|Vikavolt, L50, M|\n|poke|p1|Yanmega, L50, M|\n|poke|p1|Groudon, L50|\n|poke|p1|Iron Bundle, L50|\n|poke|p1|Sableye, L50, M|\n|poke|p2|Zamazenta-*, L50|\n|poke|p2|Roaring Moon, L50|\n|poke|p2|Basculegion, L50, M|\n|poke|p2|Chien-Pao, L50|\n|poke|p2|Raichu, L50, M|\n|poke|p2|Kyogre, L50|\n|teampreview|4\n|\n|t:|1773434256\n|teamsize|p1|4\n|teamsize|p2|4\n|start\n|switch|p1a: Sableye|Sableye, L50, M|100/100\n|switch|p1b: Iron Bundle|Iron Bundle, L50|100/100\n|switch|p2a: Raichu|Raichu, L50, M|100/100\n|switch|p2b: Zamazenta|Zamazenta-Crowned, L50|100/100\n|-ability|p2b: Zamazenta|Dauntless Shield|boost\n|-boost|p2b: Zamazenta|def|1\n|turn|1\n|\n|t:|1773434291\n|-end|p1b: Iron Bundle|Quark Drive|[silent]\n|switch|p1b: Yanmega|Yanmega, L50, M, shiny|100/100\n|move|p1a: Sableye|Gravity|p1a: Sableye\n|-fieldstart|move: Gravity\n|move|p2b: Zamazenta|Body Press|p1b: Yanmega\n|-resisted|p1b: Yanmega\n|-damage|p1b: Yanmega|80/100\n|move|p2a: Raichu|Nuzzle|p1a: Sableye\n|-damage|p1a: Sableye|93/100\n|-status|p1a: Sableye|par\n|-enditem|p1a: Sableye|Eject Button\n|\n|t:|1773434306\n|switch|p1a: Groudon|Groudon, L50, shiny|100/100\n|-weather|SunnyDay|[from] ability: Drought|[of] p1a: Groudon\n|\n|-weather|SunnyDay|[upkeep]\n|upkeep\n|turn|2\n|\n|t:|1773434353\n|move|p1b: Yanmega|Detect|p1b: Yanmega\n|-singleturn|p1b: Yanmega|Protect\n|move|p2b: Zamazenta|Wide Guard|p2b: Zamazenta\n|-singleturn|p2b: Zamazenta|Wide Guard\n|move|p1a: Groudon|Precipice Blades|p2b: Zamazenta|[spread] \n|-activate|p2a: Raichu|move: Wide Guard\n|-activate|p2b: Zamazenta|move: Wide Guard\n|move|p2a: Raichu|Nuzzle|p1b: Yanmega\n|-activate|p1b: Yanmega|move: Protect\n|\n|-weather|SunnyDay|[upkeep]\n|-ability|p1b: Yanmega|Speed Boost|boost\n|-boost|p1b: Yanmega|spe|1\n|upkeep\n|turn|3\n|\n|t:|1773434373\n|move|p2b: Zamazenta|Wide Guard|p2b: Zamazenta\n|-singleturn|p2b: Zamazenta|Wide Guard\n|move|p1b: Yanmega|Hypnosis|p2a: Raichu\n|-status|p2a: Raichu|slp|[from] move: Hypnosis\n|move|p1a: Groudon|Precipice Blades|p2a: Raichu|[spread] \n|-activate|p2a: Raichu|move: Wide Guard\n|-activate|p2b: Zamazenta|move: Wide Guard\n|cant|p2a: Raichu|slp\n|\n|-weather|SunnyDay|[upkeep]\n|-ability|p1b: Yanmega|Speed Boost|boost\n|-boost|p1b: Yanmega|spe|1\n|upkeep\n|turn|4\n|\n|t:|1773434422\n|move|p2b: Zamazenta|Wide Guard|p2b: Zamazenta\n|-singleturn|p2b: Zamazenta|Wide Guard\n|move|p1b: Yanmega|Hypnosis|p2b: Zamazenta\n|-status|p2b: Zamazenta|slp|[from] move: Hypnosis\n|move|p1a: Groudon|Precipice Blades|p2b: Zamazenta|[spread] \n|-activate|p2a: Raichu|move: Wide Guard\n|-activate|p2b: Zamazenta|move: Wide Guard\n|-curestatus|p2a: Raichu|slp|[msg]\n|move|p2a: Raichu|Nuzzle|p1b: Yanmega\n|-supereffective|p1b: Yanmega\n|-damage|p1b: Yanmega|65/100\n|-status|p1b: Yanmega|par\n|\n|-weather|SunnyDay|[upkeep]\n|-ability|p1b: Yanmega|Speed Boost|boost\n|-boost|p1b: Yanmega|spe|1\n|upkeep\n|turn|5\n|\n|t:|1773434449\n|-terastallize|p2b: Zamazenta|Dragon\n|move|p1a: Groudon|Precipice Blades|p2b: Zamazenta|[spread] p2a,p2b\n|-supereffective|p2a: Raichu\n|-damage|p2a: Raichu|0 fnt\n|-damage|p2b: Zamazenta|79/100 slp\n|faint|p2a: Raichu\n|move|p1b: Yanmega|Tailwind|p1b: Yanmega\n|-sidestart|p1: GranolaBear|move: Tailwind\n|cant|p2b: Zamazenta|slp\n|\n|-weather|none\n|-fieldend|move: Gravity\n|-ability|p1b: Yanmega|Speed Boost|boost\n|-boost|p1b: Yanmega|spe|1\n|upkeep\n|\n|t:|1773434459\n|switch|p2a: Kyogre|Kyogre, L50|100/100\n|-weather|RainDance|[from] ability: Drizzle|[of] p2a: Kyogre\n|turn|6\n|\n|t:|1773434475\n|switch|p1a: Sableye|Sableye, L50, M|93/100 par\n|cant|p1b: Yanmega|par\n|cant|p2b: Zamazenta|slp\n|move|p2a: Kyogre|Origin Pulse|p1a: Sableye|[spread] p1a,p1b\n|-damage|p1a: Sableye|0 fnt\n|-damage|p1b: Yanmega|0 fnt\n|faint|p1a: Sableye\n|faint|p1b: Yanmega\n|\n|-weather|RainDance|[upkeep]\n|upkeep\n|\n|t:|1773434490\n|switch|p1b: Iron Bundle|Iron Bundle, L50|100/100\n|switch|p1a: Groudon|Groudon, L50, shiny|100/100\n|-weather|SunnyDay|[from] ability: Drought|[of] p1a: Groudon\n|turn|7\n|\n|t:|1773434505\n|switch|p2a: Basculegion|Basculegion, L50, M|100/100\n|-terastallize|p1a: Groudon|Fairy\n|move|p1a: Groudon|Tera Blast|p2b: Zamazenta|[anim] Tera Blast Fairy\n|-supereffective|p2b: Zamazenta\n|-damage|p2b: Zamazenta|38/100 slp\n|move|p1b: Iron Bundle|Freeze-Dry|p2a: Basculegion\n|-supereffective|p2a: Basculegion\n|-damage|p2a: Basculegion|0 fnt\n|faint|p2a: Basculegion\n|-curestatus|p2b: Zamazenta|slp|[msg]\n|move|p2b: Zamazenta|Body Press|p1b: Iron Bundle\n|-supereffective|p1b: Iron Bundle\n|-damage|p1b: Iron Bundle|0 fnt\n|faint|p1b: Iron Bundle\n|-end|p1b: Iron Bundle|Quark Drive|[silent]\n|\n|-weather|SunnyDay|[upkeep]\n|upkeep\n|\n|t:|1773434522\n|switch|p2a: Kyogre|Kyogre, L50|100/100\n|-weather|RainDance|[from] ability: Drizzle|[of] p2a: Kyogre\n|turn|8\n|\n|t:|1773434532\n|move|p1a: Groudon|Tera Blast|p2a: Kyogre|[anim] Tera Blast Fairy\n|-damage|p2a: Kyogre|46/100\n|move|p2b: Zamazenta|Heavy Slam|p1a: Groudon\n|-supereffective|p1a: Groudon\n|-damage|p1a: Groudon|77/100\n|move|p2a: Kyogre|Origin Pulse|p1a: Groudon|[miss]\n|-miss|p2a: Kyogre|p1a: Groudon\n|\n|-weather|RainDance|[upkeep]\n|-sideend|p1: GranolaBear|move: Tailwind\n|upkeep\n|turn|9\n|\n|t:|1773434546\n|move|p1a: Groudon|Tera Blast|p2a: Kyogre|[anim] Tera Blast Fairy\n|-damage|p2a: Kyogre|0 fnt\n|faint|p2a: Kyogre\n|move|p2b: Zamazenta|Heavy Slam|p1a: Groudon\n|-supereffective|p1a: Groudon\n|-damage|p1a: Groudon|50/100\n|\n|-weather|RainDance|[upkeep]\n|upkeep\n|turn|10\n|\n|t:|1773434555\n|move|p1a: Groudon|Tera Blast|p2b: Zamazenta|[anim] Tera Blast Fairy\n|-supereffective|p2b: Zamazenta\n|-damage|p2b: Zamazenta|0 fnt\n|faint|p2b: Zamazenta\n|\n|win|GranolaBear\n|raw|GranolaBear's rating: 1165 &rarr; <strong>1195</strong><br />(+30 for winning)\n|raw|Sheevp's rating: 1230 &rarr; <strong>1200</strong><br />(-30 for losing)\n|c|\u2606GranolaBear|Gg\n|c|\u2606GranolaBear|That origin miss was brutal. Fun game\n|l|\u2606GranolaBear\n|player|p1|\n","uploadtime":1773434779,"views":12,"formatid":"gen9vgc2026regi","rating":1195,"private":0,"password":null}