{"id":"gen9vgc2026regi-2561476308","format":"[Gen 9] VGC 2026 Reg I","players":["bum 6","It'sJustKen VGC"],"log":"|j|\u2606bum 6\n|j|\u2606It'sJustKen VGC\n|t:|1773800547\n|gametype|doubles\n|player|p1|bum 6|266|\n|player|p2|It'sJustKen VGC|1|\n|gen|9\n|tier|[Gen 9] VGC 2026 Reg I\n|rated|Tournament battle\n|rule|Species Clause: Limit one of each Pok\u00e9mon\n|rule|Item Clause: Limit 1 of each item\n|raw|<div class=\"infobox\"><details class=\"readmore\" open><summary><strong>3 custom rules:</strong></summary> Open Team Sheets, Force Open Team Sheets, !Open Team Sheets</details></div>\n|clearpoke\n|poke|p1|Necrozma-Dawn-Wings, L50|\n|poke|p1|Kyogre, L50|\n|poke|p1|Indeedee-F, L50, F|\n|poke|p1|Iron Hands, L50|\n|poke|p1|Ursaluna, L50, M|\n|poke|p1|Urshifu-*, L50, F|\n|poke|p2|Iron Hands, L50|\n|poke|p2|Incineroar, L50, M|\n|poke|p2|Calyrex-Shadow, L50|\n|poke|p2|Whimsicott, L50, F|\n|poke|p2|Farigiraf, L50, F|\n|poke|p2|Miraidon, L50|\n|teampreview|4\n|showteam|p1|Necrozma-Dawn-Wings||IronBall|PrismArmor|PhotonGeyser,MoongeistBeam,TrickRoom,ExpandingForce||||||50|,,,,,Dark]Kyogre||MysticWater|Drizzle|WaterSpout,OriginPulse,Thunder,IceBeam||||||50|,,,,,Grass]Indeedee-F||SafetyGoggles|PsychicSurge|FollowMe,TrickRoom,HelpingHand,Psychic|||F|||50|,,,,,Fairy]Iron Hands||AssaultVest|QuarkDrive|FakeOut,WildCharge,DrainPunch,LowKick||||||50|,,,,,Water]Ursaluna||FlameOrb|Guts|Facade,Protect,HeadlongRush,Earthquake|||M|||50|,,,,,Ghost]Urshifu-Rapid-Strike||ChoiceScarf|UnseenFist|SurgingStrikes,CloseCombat,RockTomb,Uturn|||F|||50|,,,,,Water\n|showteam|p2|Iron Hands||AssaultVest|QuarkDrive|FakeOut,DrainPunch,WildCharge,LowKick||||||50|,,,,,Water]Incineroar||RockyHelmet|Intimidate|FakeOut,Uturn,KnockOff,FlareBlitz|||M|||50|,,,,,Bug]Calyrex-Shadow||FocusSash|AsOneSpectrier|Protect,AstralBarrage,Psychic,Imprison||||||50|,,,,,Ghost]Whimsicott||CovertCloak|Prankster|Tailwind,Encore,Moonblast,LightScreen|||F|||50|,,,,,Fire]Farigiraf||ElectricSeed|ArmorTail|Psychic,Roar,TrickRoom,HelpingHand|||F|||50|,,,,,Water]Miraidon||ChoiceSpecs|HadronEngine|ElectroDrift,VoltSwitch,DracoMeteor,DazzlingGleam||||||50|,,,,,Fairy\n|inactive|Battle timer is ON: inactive players will automatically lose when time's up. (requested by bum 6)\n|inactive|It'sJustKen VGC also wants the timer to be on.\n|c|\u2606bum 6|glhf\n|j| Reniculous3248\n|inactive|It'sJustKen VGC has 60 seconds left.\n|c|\u2606It'sJustKen VGC|u2\n|\n|t:|1773800590\n|teamsize|p1|4\n|teamsize|p2|4\n|start\n|switch|p1a: I cant hold it|Kyogre, L50, shiny|100/100\n|switch|p1b: black rights|Urshifu-Rapid-Strike, L50, F|100/100\n|switch|p2a: Farigiraf|Farigiraf, L50, F|100/100\n|switch|p2b: Miraidon|Miraidon, L50, shiny|100/100\n|-fieldstart|move: Electric Terrain|[from] ability: Hadron Engine|[of] p2b: Miraidon\n|-enditem|p2a: Farigiraf|Electric Seed\n|-boost|p2a: Farigiraf|def|1|[from] item: Electric Seed\n|-weather|RainDance|[from] ability: Drizzle|[of] p1a: I cant hold it\n|turn|1\n|\n|t:|1773800607\n|-terastallize|p2a: Farigiraf|Water\n|move|p1b: black rights|Surging Strikes|p2b: Miraidon\n|-resisted|p2b: Miraidon\n|-crit|p2b: Miraidon\n|-damage|p2b: Miraidon|87/100\n|-resisted|p2b: Miraidon\n|-crit|p2b: Miraidon\n|-damage|p2b: Miraidon|74/100\n|-resisted|p2b: Miraidon\n|-crit|p2b: Miraidon\n|-damage|p2b: Miraidon|61/100\n|-hitcount|p2b: Miraidon|3\n|move|p2b: Miraidon|Volt Switch|p1a: I cant hold it\n|-supereffective|p1a: I cant hold it\n|-damage|p1a: I cant hold it|0 fnt\n|faint|p1a: I cant hold it\n|\n|t:|1773800617\n|switch|p2b: Incineroar|Incineroar, L50, M|100/100|[from] Volt Switch\n|-ability|p2b: Incineroar|Intimidate|boost\n|-unboost|p1b: black rights|atk|1\n|move|p2a: Farigiraf|Trick Room|p2a: Farigiraf\n|-fieldstart|move: Trick Room|[of] p2a: Farigiraf\n|\n|-weather|RainDance|[upkeep]\n|upkeep\n|c|\u2606bum 6|I'm dumb\n|\n|t:|1773800622\n|switch|p1a: burn portion|Ursaluna, L50, M|100/100\n|turn|2\n|j| JkShowdownguest\n|j| TimeforCHILLI\n|\n|t:|1773800635\n|switch|p1b: women's sports|Indeedee-F, L50, F|100/100\n|-fieldstart|move: Psychic Terrain|[from] ability: Psychic Surge|[of] p1b: women's sports\n|move|p1a: burn portion|Protect|p1a: burn portion\n|-singleturn|p1a: burn portion|Protect\n|move|p2b: Incineroar|Fake Out|p1b: women's sports\n|-activate|p1b: women's sports|move: Psychic Terrain\n|move|p2a: Farigiraf|Roar|p1a: burn portion\n|drag|p1a: black rights|Urshifu-Rapid-Strike, L50, F|100/100\n|\n|-weather|RainDance|[upkeep]\n|upkeep\n|turn|3\n|\n|t:|1773800651\n|move|p1b: women's sports|Follow Me|p1b: women's sports\n|-singleturn|p1b: women's sports|move: Follow Me\n|move|p2b: Incineroar|Knock Off|p1b: women's sports\n|-supereffective|p1b: women's sports\n|-damage|p1b: women's sports|23/100\n|-enditem|p1b: women's sports|Safety Goggles|[from] move: Knock Off|[of] p2b: Incineroar\n|move|p2a: Farigiraf|Psychic|p1b: women's sports\n|-resisted|p1b: women's sports\n|-damage|p1b: women's sports|3/100\n|move|p1a: black rights|Surging Strikes|p2b: Incineroar\n|-supereffective|p2b: Incineroar\n|-crit|p2b: Incineroar\n|-damage|p2b: Incineroar|55/100\n|-damage|p1a: black rights|84/100|[from] item: Rocky Helmet|[of] p2b: Incineroar\n|-supereffective|p2b: Incineroar\n|-crit|p2b: Incineroar\n|-damage|p2b: Incineroar|4/100\n|-damage|p1a: black rights|67/100|[from] item: Rocky Helmet|[of] p2b: Incineroar\n|-supereffective|p2b: Incineroar\n|-crit|p2b: Incineroar\n|-damage|p2b: Incineroar|0 fnt\n|-damage|p1a: black rights|51/100|[from] item: Rocky Helmet|[of] p2b: Incineroar\n|faint|p2b: Incineroar\n|-hitcount|p2: Incineroar|3\n|\n|-weather|RainDance|[upkeep]\n|upkeep\n|\n|t:|1773800657\n|switch|p2b: Miraidon|Miraidon, L50, shiny|61/100\n|-fieldstart|move: Electric Terrain|[from] ability: Hadron Engine|[of] p2b: Miraidon\n|turn|4\n|\n|t:|1773800675\n|-terastallize|p1a: black rights|Water\n|move|p2a: Farigiraf|Helping Hand|p2b: Miraidon\n|-singleturn|p2b: Miraidon|Helping Hand|[of] p2a: Farigiraf\n|move|p1b: women's sports|Follow Me|p1b: women's sports\n|-singleturn|p1b: women's sports|move: Follow Me\n|move|p2b: Miraidon|Dazzling Gleam|p1a: black rights|[spread] p1a,p1b\n|-damage|p1a: black rights|0 fnt\n|-damage|p1b: women's sports|0 fnt\n|faint|p1a: black rights\n|faint|p1b: women's sports\n|\n|-weather|RainDance|[upkeep]\n|upkeep\n|\n|t:|1773800683\n|switch|p1b: burn portion|Ursaluna, L50, M|100/100\n|turn|5\n|\n|t:|1773800698\n|switch|p2b: Iron Hands|Iron Hands, L50|100/100\n|-activate|p2b: Iron Hands|ability: Quark Drive\n|-start|p2b: Iron Hands|quarkdriveatk\n|move|p1b: burn portion|Earthquake|p2b: Iron Hands|[spread] p2a,p2b\n|-supereffective|p2b: Iron Hands\n|-damage|p2a: Farigiraf|79/100\n|-damage|p2b: Iron Hands|38/100\n|move|p2a: Farigiraf|Psychic|p1b: burn portion\n|-damage|p1b: burn portion|67/100\n|\n|-weather|none\n|-fieldend|move: Trick Room\n|-status|p1b: burn portion|brn|[from] item: Flame Orb\n|upkeep\n|turn|6\n|\n|t:|1773800706\n|move|p1b: burn portion|Protect|p1b: burn portion\n|-singleturn|p1b: burn portion|Protect\n|move|p2a: Farigiraf|Psychic|p1b: burn portion\n|-activate|p1b: burn portion|move: Protect\n|move|p2b: Iron Hands|Low Kick|p1b: burn portion\n|-activate|p1b: burn portion|move: Protect\n|\n|-damage|p1b: burn portion|61/100 brn|[from] brn\n|upkeep\n|turn|7\n|\n|t:|1773800716\n|move|p2a: Farigiraf|Psychic|p1b: burn portion\n|-damage|p1b: burn portion|33/100 brn\n|move|p1b: burn portion|Earthquake|p2a: Farigiraf|[spread] p2a,p2b\n|-supereffective|p2b: Iron Hands\n|-damage|p2a: Farigiraf|43/100\n|-damage|p2b: Iron Hands|0 fnt\n|faint|p2b: Iron Hands\n|-end|p2b: Iron Hands|Quark Drive|[silent]\n|\n|-damage|p1b: burn portion|27/100 brn|[from] brn\n|upkeep\n|c|\u2606bum 6|gg\n|\n|t:|1773800720\n|switch|p2b: Miraidon|Miraidon, L50, shiny|61/100\n|-activate|p2b: Miraidon|ability: Hadron Engine\n|turn|8\n|\n|t:|1773800723\n|move|p2a: Farigiraf|Helping Hand|p2b: Miraidon\n|-singleturn|p2b: Miraidon|Helping Hand|[of] p2a: Farigiraf\n|move|p1b: burn portion|Protect|p1b: burn portion\n|-singleturn|p1b: burn portion|Protect\n|move|p2b: Miraidon|Dazzling Gleam|p1b: burn portion\n|-activate|p1b: burn portion|move: Protect\n|\n|-damage|p1b: burn portion|21/100 brn|[from] brn\n|-fieldend|move: Electric Terrain\n|upkeep\n|turn|9\n|c|\u2606It'sJustKen VGC|gg wp\n|\n|t:|1773800729\n|move|p2a: Farigiraf|Helping Hand|p2b: Miraidon\n|-singleturn|p2b: Miraidon|Helping Hand|[of] p2a: Farigiraf\n|move|p2b: Miraidon|Dazzling Gleam|p1b: burn portion\n|-damage|p1b: burn portion|0 fnt\n|faint|p1b: burn portion\n|\n|win|It'sJustKen VGC\n|n|\u2606bum 6|bum6\n|n|\u2606It'sJustKen VGC|itsjustkenvgc\n|n| Reniculous3248|reniculous3248\n|n| JkShowdownguest|jkshowdownguest\n|n| TimeforCHILLI|timeforchilli\n|c|\u2606bum 6|wp\n|l| JkShowdownguest\n|l|\u2606bum 6\n|player|p1|\n","uploadtime":1773800732,"views":11,"formatid":"gen9vgc2026regi","rating":null,"private":0,"password":null}