{"id":"gen9vgc2026regi-2518680421","format":"[Gen 9] VGC 2026 Reg I","players":["shihevlpsu9","ScribbleScribble"],"log":"|j|\u2606shihevlpsu9\n|j|\u2606ScribbleScribble\n|t:|1768415821\n|gametype|doubles\n|player|p1|shihevlpsu9|lucas|1255\n|player|p2|ScribbleScribble|mina-lgpe|1416\n|gen|9\n|tier|[Gen 9] VGC 2026 Reg I\n|rated|\n|rule|Species Clause: Limit one of each Pok\u00e9mon\n|rule|Item Clause: Limit 1 of each item\n|clearpoke\n|poke|p1|Calyrex-Shadow, L50|\n|poke|p1|Zamazenta-*, L50|\n|poke|p1|Rillaboom, L50, F|\n|poke|p1|Clefairy, L50, F|\n|poke|p1|Incineroar, L50, M|\n|poke|p1|Iron Jugulis, L50|\n|poke|p2|Calyrex-Ice, L50|\n|poke|p2|Kyogre, L50|\n|poke|p2|Tornadus, L50, M|\n|poke|p2|Indeedee-F, L50, F|\n|poke|p2|Landorus, L50, M|\n|poke|p2|Urshifu-*, L50, M|\n|teampreview|4\n|inactive|Battle timer is ON: inactive players will automatically lose when time's up. (requested by ScribbleScribble)\n|inactive|shihevlpsu9 has 60 seconds left.\n|\n|t:|1768415860\n|teamsize|p1|4\n|teamsize|p2|4\n|start\n|switch|p1a: Zamazenta|Zamazenta-Crowned, L50|100/100\n|switch|p1b: Iron Jugulis|Iron Jugulis, L50|100/100\n|switch|p2a: Indeedee|Indeedee-F, L50, F, shiny|100/100\n|switch|p2b: Landorus|Landorus, L50, M|100/100\n|-ability|p1a: Zamazenta|Dauntless Shield|boost\n|-boost|p1a: Zamazenta|def|1\n|-fieldstart|move: Psychic Terrain|[from] ability: Psychic Surge|[of] p2a: Indeedee\n|-enditem|p2a: Indeedee|Psychic Seed\n|-boost|p2a: Indeedee|spd|1|[from] item: Psychic Seed\n|-enditem|p1b: Iron Jugulis|Booster Energy\n|-activate|p1b: Iron Jugulis|ability: Quark Drive|[fromitem]\n|-start|p1b: Iron Jugulis|quarkdrivespe\n|turn|1\n|inactive|shihevlpsu9 has 30 seconds left.\n|inactive|ScribbleScribble has 30 seconds left.\n|\n|t:|1768415891\n|-terastallize|p1a: Zamazenta|Dragon\n|move|p2b: Landorus|Protect|p2b: Landorus\n|-singleturn|p2b: Landorus|Protect\n|move|p1b: Iron Jugulis|Taunt|p2a: Indeedee\n|-start|p2a: Indeedee|move: Taunt\n|move|p1a: Zamazenta|Heavy Slam|p2b: Landorus\n|-activate|p2b: Landorus|move: Protect\n|cant|p2a: Indeedee|move: Taunt|Trick Room\n|\n|upkeep\n|turn|2\n|\n|t:|1768415898\n|move|p1b: Iron Jugulis|Snarl|p2b: Landorus|[spread] p2a,p2b\n|-supereffective|p2a: Indeedee\n|-damage|p2a: Indeedee|77/100\n|-damage|p2b: Landorus|82/100\n|-unboost|p2a: Indeedee|spa|1\n|-unboost|p2b: Landorus|spa|1\n|move|p1a: Zamazenta|Body Press|p2b: Landorus\n|-resisted|p2b: Landorus\n|-damage|p2b: Landorus|45/100\n|move|p2b: Landorus|Earth Power|p1a: Zamazenta\n|-damage|p1a: Zamazenta|61/100\n|move|p2a: Indeedee|Psychic|p1a: Zamazenta\n|-damage|p1a: Zamazenta|43/100\n|\n|upkeep\n|turn|3\n|\n|t:|1768415909\n|move|p1b: Iron Jugulis|Snarl|p2a: Indeedee|[spread] p2a\n|-miss|p1b: Iron Jugulis|p2b: Landorus\n|-supereffective|p2a: Indeedee\n|-damage|p2a: Indeedee|55/100\n|-unboost|p2a: Indeedee|spa|1\n|move|p1a: Zamazenta|Body Press|p2a: Indeedee\n|-damage|p2a: Indeedee|0 fnt\n|faint|p2a: Indeedee\n|move|p2b: Landorus|Earth Power|p1a: Zamazenta\n|-damage|p1a: Zamazenta|6/100\n|\n|upkeep\n|\n|t:|1768415912\n|switch|p2a: Calyrex|Calyrex-Ice, L50|100/100\n|-ability|p2a: Calyrex|As One\n|-ability|p2a: Calyrex|Unnerve\n|turn|4\n|\n|t:|1768415931\n|-terastallize|p2a: Calyrex|Grass\n|move|p1b: Iron Jugulis|Air Slash|p2a: Calyrex\n|-supereffective|p2a: Calyrex\n|-damage|p2a: Calyrex|49/100\n|move|p1a: Zamazenta|Body Press|p2a: Calyrex\n|-damage|p2a: Calyrex|6/100\n|move|p2b: Landorus|Earth Power|p1a: Zamazenta\n|-damage|p1a: Zamazenta|0 fnt\n|faint|p1a: Zamazenta\n|move|p2a: Calyrex|Glacial Lance|p1b: Iron Jugulis\n|-supereffective|p1b: Iron Jugulis\n|-damage|p1b: Iron Jugulis|0 fnt\n|faint|p1b: Iron Jugulis\n|-end|p1b: Iron Jugulis|Quark Drive|[silent]\n|-ability|p2a: Calyrex|Chilling Neigh|boost\n|-boost|p2a: Calyrex|atk|1\n|\n|upkeep\n|\n|t:|1768415939\n|switch|p1a: Rillaboom|Rillaboom, L50, F|100/100\n|switch|p1b: Calyrex|Calyrex-Shadow, L50|100/100\n|-ability|p1b: Calyrex|As One\n|-ability|p1b: Calyrex|Unnerve\n|-fieldstart|move: Grassy Terrain|[from] ability: Grassy Surge|[of] p1a: Rillaboom\n|turn|5\n|\n|t:|1768415949\n|move|p1a: Rillaboom|Fake Out|p2a: Calyrex\n|-damage|p2a: Calyrex|0 fnt\n|faint|p2a: Calyrex\n|move|p1b: Calyrex|Nasty Plot|p1b: Calyrex\n|-boost|p1b: Calyrex|spa|2\n|move|p2b: Landorus|Sludge Bomb|p1a: Rillaboom\n|-supereffective|p1a: Rillaboom\n|-damage|p1a: Rillaboom|59/100\n|\n|-heal|p1a: Rillaboom|65/100|[from] Grassy Terrain\n|upkeep\n|-message|ScribbleScribble forfeited.\n|\n|win|shihevlpsu9\n|raw|shihevlpsu9's rating: 1255 &rarr; <strong>1291</strong><br />(+36 for winning)\n|raw|ScribbleScribble's rating: 1416 &rarr; <strong>1387</strong><br />(-29 for losing)\n|l|\u2606ScribbleScribble\n|player|p2|\n|l|\u2606shihevlpsu9\n|player|p1|\n","uploadtime":1768416173,"views":12,"formatid":"gen9vgc2026regi","rating":1291,"private":0,"password":null}