{"id":"gen9vgc2026regi-2579611170","format":"[Gen 9] VGC 2026 Reg I","players":["happidoodledoo","invisible_15178"],"log":"|j|\u2606happidoodledoo\n|j|\u2606invisible_15178\n|t:|1775805540\n|gametype|doubles\n|player|p1|happidoodledoo|ghetsis|1528\n|player|p2|invisible_15178|169|1456\n|gen|9\n|tier|[Gen 9] VGC 2026 Reg I\n|rated|\n|rule|Species Clause: Limit one of each Pok\u00e9mon\n|rule|Item Clause: Limit 1 of each item\n|clearpoke\n|poke|p1|Calyrex-Shadow, L50|\n|poke|p1|Weezing-Galar, L50, M|\n|poke|p1|Dondozo, L50, F|\n|poke|p1|Tatsugiri-Droopy, L50, F|\n|poke|p1|Brute Bonnet, L50|\n|poke|p1|Koraidon, L50|\n|poke|p2|Calyrex-Ice, L50|\n|poke|p2|Ogerpon-Hearthflame, L50, F|\n|poke|p2|Koraidon, L50|\n|poke|p2|Gouging Fire, L50|\n|poke|p2|Ursaluna-Bloodmoon, L50, M|\n|poke|p2|Urshifu-*, L50, M|\n|teampreview|4\n|inactive|Battle timer is ON: inactive players will automatically lose when time's up. (requested by invisible_15178)\nhappidoodledoo rejected open team sheets.\n|inactive|happidoodledoo has 60 seconds left.\n|\n|t:|1775805584\n|teamsize|p1|4\n|teamsize|p2|4\n|start\n|switch|p1a: Weezing|Weezing-Galar, L50, M, shiny|100/100\n|switch|p1b: Calyrex|Calyrex-Shadow, L50|100/100\n|switch|p2a: Calyrex|Calyrex-Ice, L50|100/100\n|switch|p2b: Ogerpon|Ogerpon-Hearthflame, L50, F|100/100\n|-ability|p1a: Weezing|Neutralizing Gas\n|-ability|p1b: Calyrex|As One\n|-ability|p1b: Calyrex|Unnerve\n|-ability|p2a: Calyrex|As One\n|-ability|p2a: Calyrex|Unnerve\n|turn|1\n|\n|t:|1775805596\n|-terastallize|p2a: Calyrex|Water\n|move|p2b: Ogerpon|Follow Me|p2b: Ogerpon\n|-singleturn|p2b: Ogerpon|move: Follow Me\n|move|p1b: Calyrex|Astral Barrage|p2b: Ogerpon|[spread] p2a,p2b\n|-damage|p2a: Calyrex|54/100\n|-damage|p2b: Ogerpon|36/100\n|-damage|p1b: Calyrex|91/100|[from] item: Life Orb\n|move|p1a: Weezing|Toxic Spikes|p2b: Ogerpon\n|-sidestart|p2: invisible_15178|move: Toxic Spikes\n|move|p2a: Calyrex|Trick Room|p2a: Calyrex\n|-fieldstart|move: Trick Room|[of] p2a: Calyrex\n|\n|upkeep\n|turn|2\n|\n|t:|1775805616\n|move|p1b: Calyrex|Protect|p1b: Calyrex\n|-singleturn|p1b: Calyrex|Protect\n|move|p2a: Calyrex|Glacial Lance|p1b: Calyrex|[spread] p1a\n|-activate|p1b: Calyrex|move: Protect\n|-damage|p1a: Weezing|58/100\n|move|p1a: Weezing|Poison Gas|p2b: Ogerpon|[spread] p2a,p2b\n|-status|p2a: Calyrex|psn\n|-status|p2b: Ogerpon|psn\n|move|p2b: Ogerpon|Ivy Cudgel|p1a: Weezing|[anim] Ivy Cudgel Fire\n|-damage|p1a: Weezing|11/100\n|\n|-damage|p2a: Calyrex|42/100 psn|[from] psn\n|-damage|p2b: Ogerpon|23/100 psn|[from] psn\n|upkeep\n|turn|3\n|\n|t:|1775805637\n|-end|p1a: Weezing|ability: Neutralizing Gas\n|-ability|p2b: Ogerpon|Mold Breaker\n|switch|p1a: Dondozo|Dondozo, L50, F|100/100\n|switch|p1b: Tatsugiri|Tatsugiri-Droopy, L50, F|100/100\n|-activate|p1b: Tatsugiri|ability: Commander|[of] p1a: Dondozo\n|-boost|p1a: Dondozo|atk|2\n|-boost|p1a: Dondozo|spa|2\n|-boost|p1a: Dondozo|spe|2\n|-boost|p1a: Dondozo|def|2\n|-boost|p1a: Dondozo|spd|2\n|move|p2a: Calyrex|Glacial Lance|p1b: Tatsugiri|[spread] p1a\n|-miss|p2a: Calyrex|p1b: Tatsugiri\n|-resisted|p1a: Dondozo\n|-crit|p1a: Dondozo\n|-damage|p1a: Dondozo|70/100\n|move|p2b: Ogerpon|Ivy Cudgel|p1b: Tatsugiri|[anim] Ivy Cudgel Fire|[miss]\n|-miss|p2b: Ogerpon|p1b: Tatsugiri\n|\n|-heal|p1a: Dondozo|76/100|[from] item: Leftovers\n|-damage|p2a: Calyrex|30/100 psn|[from] psn\n|-damage|p2b: Ogerpon|11/100 psn|[from] psn\n|upkeep\n|turn|4\n|inactive|invisible_15178 has 30 seconds left.\n|\n|t:|1775805669\n|move|p1a: Dondozo|Protect|p1a: Dondozo\n|-singleturn|p1a: Dondozo|Protect\n|move|p2a: Calyrex|Glacial Lance|p1b: Tatsugiri|[spread] \n|-miss|p2a: Calyrex|p1b: Tatsugiri\n|-activate|p1a: Dondozo|move: Protect\n|move|p2b: Ogerpon|Horn Leech|p1a: Dondozo\n|-activate|p1a: Dondozo|move: Protect\n|\n|-heal|p1a: Dondozo|82/100|[from] item: Leftovers\n|-damage|p2a: Calyrex|17/100 psn|[from] psn\n|-damage|p2b: Ogerpon|0 fnt|[from] psn\n|faint|p2b: Ogerpon\n|upkeep\n|\n|t:|1775805674\n|switch|p2b: Ursaluna|Ursaluna-Bloodmoon, L50, M|100/100\n|-status|p2b: Ursaluna|psn\n|turn|5\n|\n|t:|1775805692\n|move|p2a: Calyrex|Glacial Lance|p1a: Dondozo|[spread] p1a\n|-miss|p2a: Calyrex|p1b: Tatsugiri\n|-resisted|p1a: Dondozo\n|-damage|p1a: Dondozo|73/100\n|move|p2b: Ursaluna|Hyper Voice|p1a: Dondozo|[spread] p1a\n|-miss|p2b: Ursaluna|p1b: Tatsugiri\n|-damage|p1a: Dondozo|59/100\n|-enditem|p2b: Ursaluna|Throat Spray\n|-boost|p2b: Ursaluna|spa|1|[from] item: Throat Spray\n|move|p1a: Dondozo|Body Press|p2b: Ursaluna\n|-supereffective|p2b: Ursaluna\n|-damage|p2b: Ursaluna|45/100 psn\n|\n|-heal|p1a: Dondozo|66/100|[from] item: Leftovers\n|-damage|p2a: Calyrex|5/100 psn|[from] psn\n|-damage|p2b: Ursaluna|33/100 psn|[from] psn\n|-fieldend|move: Trick Room\n|upkeep\n|turn|6\n|\n|t:|1775805710\n|move|p1a: Dondozo|Substitute|p1a: Dondozo\n|-start|p1a: Dondozo|Substitute\n|-damage|p1a: Dondozo|41/100\n|move|p2b: Ursaluna|Blood Moon|p1a: Dondozo\n|-end|p1a: Dondozo|Substitute\n|move|p2a: Calyrex|Glacial Lance|p1a: Dondozo|[spread] p1a\n|-miss|p2a: Calyrex|p1b: Tatsugiri\n|-resisted|p1a: Dondozo\n|-damage|p1a: Dondozo|31/100\n|\n|-heal|p1a: Dondozo|38/100|[from] item: Leftovers\n|-damage|p2b: Ursaluna|21/100 psn|[from] psn\n|-damage|p2a: Calyrex|0 fnt|[from] psn\n|faint|p2a: Calyrex\n|upkeep\n|\n|t:|1775805713\n|switch|p2a: Koraidon|Koraidon, L50|100/100\n|-status|p2a: Koraidon|psn\n|-weather|SunnyDay|[from] ability: Orichalcum Pulse|[of] p2a: Koraidon\n|-activate|p2a: Koraidon|Orichalcum Pulse|[source]\n|turn|7\n|\n|t:|1775805728\n|move|p1a: Dondozo|Protect|p1a: Dondozo\n|-singleturn|p1a: Dondozo|Protect\n|move|p2a: Koraidon|Collision Course|p1a: Dondozo\n|-activate|p1a: Dondozo|move: Protect\n|move|p2b: Ursaluna|Hyper Voice|p1b: Tatsugiri|[spread] \n|-miss|p2b: Ursaluna|p1b: Tatsugiri\n|-activate|p1a: Dondozo|move: Protect\n|\n|-weather|SunnyDay|[upkeep]\n|-heal|p1a: Dondozo|44/100|[from] item: Leftovers\n|-damage|p2a: Koraidon|88/100 psn|[from] psn\n|-damage|p2b: Ursaluna|8/100 psn|[from] psn\n|upkeep\n|turn|8\n|\n|t:|1775805736\n|move|p2a: Koraidon|Collision Course|p1a: Dondozo\n|-damage|p1a: Dondozo|20/100\n|move|p1a: Dondozo|Order Up|p2a: Koraidon\n|-supereffective|p2a: Koraidon\n|-damage|p2a: Koraidon|24/100 psn\n|-boost|p1a: Dondozo|def|1\n|move|p2b: Ursaluna|Hyper Voice|p1a: Dondozo|[spread] p1a\n|-miss|p2b: Ursaluna|p1b: Tatsugiri\n|-crit|p1a: Dondozo\n|-damage|p1a: Dondozo|0 fnt\n|faint|p1a: Dondozo\n|\n|-weather|SunnyDay|[upkeep]\n|-damage|p2a: Koraidon|12/100 psn|[from] psn\n|-damage|p2b: Ursaluna|0 fnt|[from] psn\n|faint|p2b: Ursaluna\n|upkeep\n|\n|t:|1775805743\n|switch|p1a: Calyrex|Calyrex-Shadow, L50|91/100\n|-ability|p1a: Calyrex|As One\n|-ability|p1a: Calyrex|Unnerve\n|turn|9\n|\n|t:|1775805752\n|move|p1a: Calyrex|Protect|p1a: Calyrex\n|-singleturn|p1a: Calyrex|Protect\n|move|p1b: Tatsugiri|Protect|p1b: Tatsugiri\n|-singleturn|p1b: Tatsugiri|Protect\n|move|p2a: Koraidon|Shadow Claw|p1a: Calyrex\n|-activate|p1a: Calyrex|move: Protect\n|\n|-weather|SunnyDay|[upkeep]\n|-damage|p2a: Koraidon|0 fnt|[from] psn\n|faint|p2a: Koraidon\n|\n|win|happidoodledoo\n|raw|happidoodledoo's rating: 1528 &rarr; <strong>1544</strong><br />(+16 for winning)\n|raw|invisible_15178's rating: 1456 &rarr; <strong>1440</strong><br />(-16 for losing)\n|l|\u2606happidoodledoo\n|player|p1|\n|l|\u2606invisible_15178\n|player|p2|\n","uploadtime":1775805959,"views":24,"formatid":"gen9vgc2026regi","rating":1440,"private":0,"password":null}