{"id":"gen9vgc2026regi-2561617217","format":"[Gen 9] VGC 2026 Reg I","players":["ElRey7u7","wasaad5"],"log":"|j|\u2606ElRey7u7\n|j|\u2606wasaad5\n|t:|1773822831\n|gametype|doubles\n|player|p1|ElRey7u7|ghetsis-gen5bw|1213\n|player|p2|wasaad5|blue|1226\n|gen|9\n|tier|[Gen 9] VGC 2026 Reg I\n|rated|\n|rule|Species Clause: Limit one of each Pok\u00e9mon\n|rule|Item Clause: Limit 1 of each item\n|clearpoke\n|poke|p1|Kyogre, L50|\n|poke|p1|Whimsicott, L50, M|\n|poke|p1|Calyrex-Shadow, L50|\n|poke|p1|Incineroar, L50, M|\n|poke|p1|Urshifu-*, L50, F|\n|poke|p1|Farigiraf, L50, F|\n|poke|p2|Kyurem-White, L50|\n|poke|p2|Zacian-*, L50|\n|poke|p2|Ninetales-Alola, L50, F|\n|poke|p2|Urshifu-*, L50, F|\n|poke|p2|Amoonguss, L50, M|\n|poke|p2|Incineroar, L50, F|\n|teampreview|4\n|\n|t:|1773822861\n|teamsize|p1|4\n|teamsize|p2|4\n|start\n|switch|p1a: Whimsicott|Whimsicott, L50, M|100/100\n|switch|p1b: Calyrex|Calyrex-Shadow, L50|100/100\n|switch|p2a: Kyurem|Kyurem-White, L50, shiny|100/100\n|switch|p2b: Amoonguss|Amoonguss, L50, M|100/100\n|-ability|p1b: Calyrex|As One\n|-ability|p1b: Calyrex|Unnerve\n|-ability|p2a: Kyurem|Turboblaze\n|turn|1\n|inactive|Battle timer is ON: inactive players will automatically lose when time's up. (requested by ElRey7u7)\n|\n|t:|1773822873\n|-terastallize|p2b: Amoonguss|Dark\n|move|p1b: Calyrex|Protect|p1b: Calyrex\n|-singleturn|p1b: Calyrex|Protect\n|move|p1a: Whimsicott|Tailwind|p1a: Whimsicott\n|-sidestart|p1: ElRey7u7|move: Tailwind\n|move|p2a: Kyurem|Freeze-Dry|p1a: Whimsicott\n|-supereffective|p1a: Whimsicott\n|-enditem|p1a: Whimsicott|Focus Sash\n|-damage|p1a: Whimsicott|1/100\n|move|p2b: Amoonguss|Spore|p1b: Calyrex\n|-activate|p1b: Calyrex|move: Protect\n|\n|upkeep\n|turn|2\n|\n|t:|1773822888\n|switch|p2a: Urshifu|Urshifu, L50, F|100/100\n|move|p1a: Whimsicott|Fake Tears|p2b: Amoonguss\n|-hint|Since gen 7, Dark is immune to Prankster moves.\n|-immune|p2b: Amoonguss\n|move|p1b: Calyrex|Astral Barrage|p2b: Amoonguss|[spread] p2a,p2b\n|-resisted|p2a: Urshifu\n|-resisted|p2b: Amoonguss\n|-damage|p2a: Urshifu|51/100\n|-damage|p2b: Amoonguss|77/100\n|-damage|p1b: Calyrex|91/100|[from] item: Life Orb\n|move|p2b: Amoonguss|Spore|p1b: Calyrex\n|-status|p1b: Calyrex|slp|[from] move: Spore\n|\n|upkeep\n|turn|3\n|inactive|wasaad5 has 30 seconds left.\n|inactive|wasaad5 has 20 seconds left.\n|inactive|wasaad5 has 15 seconds left.\n|\n|t:|1773822932\n|move|p2a: Urshifu|Protect|p2a: Urshifu\n|-singleturn|p2a: Urshifu|Protect\n|move|p2b: Amoonguss|Protect|p2b: Amoonguss\n|-singleturn|p2b: Amoonguss|Protect\n|cant|p1b: Calyrex|slp\n|move|p1a: Whimsicott|Moonblast|p2a: Urshifu\n|-activate|p2a: Urshifu|move: Protect\n|\n|upkeep\n|turn|4\n|\n|t:|1773822947\n|move|p2b: Amoonguss|Rage Powder|p2b: Amoonguss\n|-singleturn|p2b: Amoonguss|move: Rage Powder\n|move|p1a: Whimsicott|Taunt|p2b: Amoonguss\n|-hint|Since gen 7, Dark is immune to Prankster moves.\n|-immune|p2b: Amoonguss\n|cant|p1b: Calyrex|slp\n|move|p2a: Urshifu|Wicked Blow|p1b: Calyrex\n|-supereffective|p1b: Calyrex\n|-crit|p1b: Calyrex\n|-damage|p1b: Calyrex|0 fnt\n|faint|p1b: Calyrex\n|\n|-sideend|p1: ElRey7u7|move: Tailwind\n|upkeep\n|\n|t:|1773822955\n|switch|p1b: Kyogre|Kyogre, L50, shiny|100/100\n|-weather|RainDance|[from] ability: Drizzle|[of] p1b: Kyogre\n|turn|5\n|\n|t:|1773822965\n|move|p2a: Urshifu|Protect|p2a: Urshifu\n|-singleturn|p2a: Urshifu|Protect\n|move|p1a: Whimsicott|Tailwind|p1a: Whimsicott\n|-sidestart|p1: ElRey7u7|move: Tailwind\n|move|p1b: Kyogre|Origin Pulse|p2b: Amoonguss|[spread] p2b\n|-activate|p2a: Urshifu|move: Protect\n|-damage|p2b: Amoonguss|2/100\n|-enditem|p2b: Amoonguss|Sitrus Berry|[eat]\n|-heal|p2b: Amoonguss|27/100|[from] item: Sitrus Berry\n|move|p2b: Amoonguss|Spore|p1b: Kyogre\n|-status|p1b: Kyogre|slp|[from] move: Spore\n|\n|-weather|RainDance|[upkeep]\n|upkeep\n|turn|6\n|\n|t:|1773822978\n|move|p1a: Whimsicott|Moonblast|p2a: Urshifu\n|-supereffective|p2a: Urshifu\n|-damage|p2a: Urshifu|0 fnt\n|faint|p2a: Urshifu\n|cant|p1b: Kyogre|slp\n|move|p2b: Amoonguss|Sludge Bomb|p1a: Whimsicott\n|-supereffective|p1a: Whimsicott\n|-damage|p1a: Whimsicott|0 fnt\n|faint|p1a: Whimsicott\n|\n|-weather|RainDance|[upkeep]\n|upkeep\n|\n|t:|1773822985\n|switch|p1a: Urshifu|Urshifu-Rapid-Strike, L50, F|100/100\n|switch|p2a: Ninetales|Ninetales-Alola, L50, F|100/100\n|-weather|Snowscape|[from] ability: Snow Warning|[of] p2a: Ninetales\n|turn|7\n|\n|t:|1773822994\n|move|p2b: Amoonguss|Rage Powder|p2b: Amoonguss\n|-singleturn|p2b: Amoonguss|move: Rage Powder\n|move|p1a: Urshifu|Surging Strikes|p2b: Amoonguss\n|-crit|p2b: Amoonguss\n|-damage|p2b: Amoonguss|0 fnt\n|faint|p2b: Amoonguss\n|-hitcount|p2: Amoonguss|1\n|cant|p1b: Kyogre|slp\n|move|p2a: Ninetales|Moonblast|p1a: Urshifu\n|-supereffective|p1a: Urshifu\n|-damage|p1a: Urshifu|0 fnt\n|faint|p1a: Urshifu\n|\n|-weather|Snowscape|[upkeep]\n|upkeep\n|\n|t:|1773822997\n|switch|p2b: Kyurem|Kyurem-White, L50, shiny|100/100\n|-ability|p2b: Kyurem|Turboblaze\n|turn|8\n|\n|t:|1773823003\n|-terastallize|p1b: Kyogre|Water\n|cant|p1b: Kyogre|slp\n|move|p2a: Ninetales|Moonblast|p1b: Kyogre\n|-damage|p1b: Kyogre|72/100 slp\n|move|p2b: Kyurem|Freeze-Dry|p1b: Kyogre\n|-supereffective|p1b: Kyogre\n|-crit|p1b: Kyogre\n|-damage|p1b: Kyogre|0 fnt\n|faint|p1b: Kyogre\n|\n|win|wasaad5\n|raw|ElRey7u7's rating: 1213 &rarr; <strong>1189</strong><br />(-24 for losing)\n|raw|wasaad5's rating: 1226 &rarr; <strong>1250</strong><br />(+24 for winning)\n|l|\u2606ElRey7u7\n|player|p1|\n|l|\u2606wasaad5\n|player|p2|\n","uploadtime":1773823273,"views":10,"formatid":"gen9vgc2026regi","rating":1189,"private":0,"password":null}