{"id":"gen9vgc2026regi-2553774803","format":"[Gen 9] VGC 2026 Reg I","players":["fogdocker","cpinalli5"],"log":"|j|\u2606fogdocker\n|j|\u2606cpinalli5\n|t:|1772878170\n|gametype|doubles\n|player|p1|fogdocker|2|1547\n|player|p2|cpinalli5|elesa|1644\n|gen|9\n|tier|[Gen 9] VGC 2026 Reg I\n|rated|\n|rule|Species Clause: Limit one of each Pok\u00e9mon\n|rule|Item Clause: Limit 1 of each item\n|clearpoke\n|poke|p1|Calyrex-Ice, L50|\n|poke|p1|Koraidon, L50|\n|poke|p1|Flutter Mane, L50|\n|poke|p1|Incineroar, L50, M|\n|poke|p1|Rillaboom, L50, F|\n|poke|p1|Annihilape, L50, F|\n|poke|p2|Kyogre, L50|\n|poke|p2|Flutter Mane, L50|\n|poke|p2|Urshifu-*, L50, M|\n|poke|p2|Landorus, L50, M|\n|poke|p2|Smeargle, L50, M|\n|poke|p2|Calyrex-Ice, L50|\n|teampreview|4\n|c|\u2606cpinalli5|yo\n|j| globalfish39\n|inactive|Battle timer is ON: inactive players will automatically lose when time's up. (requested by cpinalli5)\n|\n|t:|1772878196\n|teamsize|p1|4\n|teamsize|p2|4\n|start\n|switch|p1a: Annihilape|Annihilape, L50, F|100/100\n|switch|p1b: Calyrex|Calyrex-Ice, L50|100/100\n|switch|p2a: Smeargle|Smeargle, L50, M|100/100\n|switch|p2b: Calyrex|Calyrex-Ice, L50|100/100\n|-ability|p1b: Calyrex|As One\n|-ability|p1b: Calyrex|Unnerve\n|-ability|p2b: Calyrex|As One\n|-ability|p2b: Calyrex|Unnerve\n|turn|1\n|\n|t:|1772878215\n|switch|p1b: Incineroar|Incineroar, L50, M|100/100\n|-ability|p1b: Incineroar|Intimidate|boost\n|-unboost|p2a: Smeargle|atk|1\n|-fail|p2b: Calyrex|unboost|[from] item: Clear Amulet|[of] p2b: Calyrex\n|-enditem|p2a: Smeargle|Eject Pack\n|\n|t:|1772878221\n|switch|p2a: Landorus|Landorus, L50, M|100/100\n|move|p1a: Annihilape|Final Gambit|p2b: Calyrex\n|-damage|p2b: Calyrex|0 fnt\n|faint|p1a: Annihilape\n|faint|p2b: Calyrex\n|\n|upkeep\n|\n|t:|1772878231\n|switch|p1a: Calyrex|Calyrex-Ice, L50|100/100\n|switch|p2b: Smeargle|Smeargle, L50, M|100/100\n|-ability|p1a: Calyrex|As One\n|-ability|p1a: Calyrex|Unnerve\n|turn|2\n|inactive|fogdocker has 30 seconds left.\n|inactive|fogdocker has 20 seconds left.\n|\n|t:|1772878268\n|-terastallize|p2a: Landorus|Steel\n|-terastallize|p1b: Incineroar|Bug\n|move|p2b: Smeargle|Fake Out|p1b: Incineroar\n|-damage|p1b: Incineroar|96/100\n|move|p2a: Landorus|Sludge Bomb|p1b: Incineroar\n|-damage|p1b: Incineroar|56/100\n|cant|p1b: Incineroar|flinch\n|move|p1a: Calyrex|Glacial Lance|p2b: Smeargle|[spread] p2a,p2b\n|-resisted|p2a: Landorus\n|-damage|p2a: Landorus|73/100\n|-damage|p2b: Smeargle|0 fnt\n|faint|p2b: Smeargle\n|-ability|p1a: Calyrex|Chilling Neigh|boost\n|-boost|p1a: Calyrex|atk|1\n|\n|upkeep\n|\n|t:|1772878279\n|switch|p2b: alex|Kyogre, L50|100/100\n|-weather|RainDance|[from] ability: Drizzle|[of] p2b: alex\n|turn|3\n|\n|t:|1772878287\n|move|p1a: Calyrex|Protect|p1a: Calyrex\n|-singleturn|p1a: Calyrex|Protect\n|move|p2a: Landorus|Earth Power|p1a: Calyrex\n|-activate|p1a: Calyrex|move: Protect\n|move|p1b: Incineroar|Parting Shot|p2b: alex\n|-unboost|p2b: alex|atk|1\n|-unboost|p2b: alex|spa|1\n|\n|t:|1772878294\n|switch|p1b: Koraidon|Koraidon, L50|100/100|[from] Parting Shot\n|-weather|SunnyDay|[from] ability: Orichalcum Pulse|[of] p1b: Koraidon\n|-activate|p1b: Koraidon|Orichalcum Pulse|[source]\n|move|p2b: alex|Origin Pulse|p1b: Koraidon|[spread] p1b\n|-activate|p1a: Calyrex|move: Protect\n|-resisted|p1b: Koraidon\n|-damage|p1b: Koraidon|91/100\n|\n|-weather|SunnyDay|[upkeep]\n|upkeep\n|turn|4\n|\n|t:|1772878305\n|move|p2a: Landorus|Protect|p2a: Landorus\n|-singleturn|p2a: Landorus|Protect\n|move|p1b: Koraidon|Flare Blitz|p2a: Landorus\n|-activate|p2a: Landorus|move: Protect\n|move|p1a: Calyrex|Leech Seed|p2b: alex\n|-start|p2b: alex|move: Leech Seed\n|move|p2b: alex|Ice Beam|p1b: Koraidon\n|-supereffective|p1b: Koraidon\n|-damage|p1b: Koraidon|41/100\n|\n|-weather|SunnyDay|[upkeep]\n|-damage|p2b: alex|88/100|[from] Leech Seed|[of] p1a: Calyrex\n|upkeep\n|turn|5\n|\n|t:|1772878321\n|move|p2a: Landorus|Protect||[still]\n|-fail|p2a: Landorus\n|move|p1b: Koraidon|Flare Blitz|p2a: Landorus\n|-supereffective|p2a: Landorus\n|-damage|p2a: Landorus|0 fnt\n|faint|p2a: Landorus\n|-damage|p1b: Koraidon|18/100|[from] Recoil\n|-damage|p1b: Koraidon|8/100|[from] item: Life Orb\n|move|p1a: Calyrex|Glacial Lance|p2b: alex\n|-resisted|p2b: alex\n|-damage|p2b: alex|44/100\n|move|p2b: alex|Ice Beam|p1b: Koraidon\n|-supereffective|p1b: Koraidon\n|-damage|p1b: Koraidon|0 fnt\n|faint|p1b: Koraidon\n|\n|-weather|SunnyDay|[upkeep]\n|-damage|p2b: alex|32/100|[from] Leech Seed|[of] p1a: Calyrex\n|upkeep\n|\n|t:|1772878333\n|switch|p1b: Incineroar|Incineroar, L50, M, tera:Bug|56/100\n|-ability|p1b: Incineroar|Intimidate|boost\n|-unboost|p2b: alex|atk|1\n|turn|6\n|\n|t:|1772878338\n|move|p2b: alex|Protect|p2b: alex\n|-singleturn|p2b: alex|Protect\n|move|p1b: Incineroar|Fake Out|p2b: alex\n|-activate|p2b: alex|move: Protect\n|move|p1a: Calyrex|Glacial Lance|p2b: alex\n|-activate|p2b: alex|move: Protect\n|\n|-weather|SunnyDay|[upkeep]\n|-damage|p2b: alex|20/100|[from] Leech Seed|[of] p1a: Calyrex\n|upkeep\n|turn|7\n|\n|t:|1772878341\n|move|p1b: Incineroar|Knock Off|p2b: alex\n|-damage|p2b: alex|0 fnt\n|-enditem|p2b: alex|Power Lens|[from] move: Knock Off|[of] p1b: Incineroar\n|faint|p2b: alex\n|\n|win|fogdocker\n|raw|fogdocker's rating: 1547 &rarr; <strong>1572</strong><br />(+25 for winning)\n|raw|cpinalli5's rating: 1644 &rarr; <strong>1619</strong><br />(-25 for losing)\n|l|\u2606cpinalli5\n|player|p2|\n","uploadtime":1772878507,"views":29,"formatid":"gen9vgc2026regi","rating":1572,"private":0,"password":null}