{"id":"gen9vgc2026regi-2570058172","format":"[Gen 9] VGC 2026 Reg I","players":["chang21","dasabe\u76d6\u6b27\u5361\u4fa0"],"log":"|j|\u2606chang21\n|j|\u2606dasabe\u76d6\u6b27\u5361\u4fa0\n|t:|1774762939\n|gametype|doubles\n|player|p1|chang21|265|1505\n|player|p2|dasabe\u76d6\u6b27\u5361\u4fa0|may-masters4|1580\n|gen|9\n|tier|[Gen 9] VGC 2026 Reg I\n|rated|\n|rule|Species Clause: Limit one of each Pok\u00e9mon\n|rule|Item Clause: Limit 1 of each item\n|clearpoke\n|poke|p1|Brute Bonnet, L50|\n|poke|p1|Lunala, L50|\n|poke|p1|Ursaluna, L50, F|\n|poke|p1|Chi-Yu, L50|\n|poke|p1|Koraidon, L50|\n|poke|p1|Flutter Mane, L50|\n|poke|p2|Calyrex-Ice, L50|\n|poke|p2|Kyogre, L50|\n|poke|p2|Smeargle, L50, M|\n|poke|p2|Rillaboom, L50, F|\n|poke|p2|Landorus, L50, M|\n|poke|p2|Tornadus, L50, M|\n|teampreview|4\nchang21 has agreed to open team sheets.\ndasabe\u76d6\u6b27\u5361\u4fa0 has agreed to open team sheets.\n|showteam|p1|Brute Bonnet||SitrusBerry|Protosynthesis|SeedBomb,SuckerPunch,Spore,RagePowder||||||50|,,,,,Water]Lunala||PowerHerb|ShadowShield|MoongeistBeam,MeteorBeam,TrickRoom,WideGuard||||||50|,,,,,Water]Ursaluna||FlameOrb|Guts|HeadlongRush,Facade,Earthquake,Protect|||F|||50|,,,,,Ghost]Chi-Yu||ChoiceScarf|BeadsofRuin|HeatWave,Overheat,Snarl,DarkPulse||||||50|,,,,,Ghost]Koraidon||LifeOrb|OrichalcumPulse|CloseCombat,FlareBlitz,FlameCharge,Protect||||||50|,,,,,Fire]Flutter Mane||FocusSash|Protosynthesis|ShadowBall,Moonblast,IcyWind,Protect||||||50|,,,,,Stellar\n|showteam|p2|Calyrex-Ice||Leftovers|AsOneGlastrier|GlacialLance,Protect,TrickRoom,LeechSeed||||||50|,,,,,Fairy]Kyogre||ChoiceSpecs|Drizzle|WaterSpout,HydroPump,OriginPulse,IceBeam||||||50|,,,,,Water]Smeargle||FocusSash|Moody|WideGuard,FollowMe,Spore,FakeOut|||M|||50|,,,,,Ghost]Rillaboom||AssaultVest|GrassySurge|FakeOut,WoodHammer,Uturn,GrassyGlide|||F|||50|,,,,,Fire]Landorus||LifeOrb|SheerForce|EarthPower,Substitute,SludgeBomb,Protect|||M|||50|,,,,,Poison]Tornadus||MentalHerb|Prankster|BleakwindStorm,Tailwind,Taunt,RainDance|||M|||50|,,,,,Dark\n|j| CidKagenou87\n|\n|t:|1774763004\n|teamsize|p1|4\n|teamsize|p2|4\n|start\n|switch|p1a: Lunala|Lunala, L50|100/100\n|switch|p1b: Brute Bonnet|Brute Bonnet, L50|100/100\n|switch|p2a: \u6210\u90fd\u8001\u76d6|Kyogre, L50|100/100\n|switch|p2b: \u5c0f\u7b14\u7ea2\u80bf|Smeargle, L50, M, shiny|100/100\n|-weather|RainDance|[from] ability: Drizzle|[of] p2a: \u6210\u90fd\u8001\u76d6\n|turn|1\n|inactive|Battle timer is ON: inactive players will automatically lose when time's up. (requested by chang21)\n|inactive|chang21 has 60 seconds left.\n|\n|t:|1774763042\n|move|p2b: \u5c0f\u7b14\u7ea2\u80bf|Fake Out|p1b: Brute Bonnet\n|-damage|p1b: Brute Bonnet|97/100\n|cant|p1b: Brute Bonnet|flinch\n|move|p2a: \u6210\u90fd\u8001\u76d6|Ice Beam|p1b: Brute Bonnet\n|-supereffective|p1b: Brute Bonnet\n|-damage|p1b: Brute Bonnet|0 fnt\n|faint|p1b: Brute Bonnet\n|-end|p1b: Brute Bonnet|Protosynthesis|[silent]\n|move|p1a: Lunala|Trick Room|p1a: Lunala\n|-fieldstart|move: Trick Room|[of] p1a: Lunala\n|\n|-weather|RainDance|[upkeep]\n|-ability|p2b: \u5c0f\u7b14\u7ea2\u80bf|Moody|boost\n|-boost|p2b: \u5c0f\u7b14\u7ea2\u80bf|spa|2\n|-unboost|p2b: \u5c0f\u7b14\u7ea2\u80bf|atk|1\n|upkeep\n|\n|t:|1774763057\n|switch|p1b: Ursaluna|Ursaluna, L50, F|100/100\n|turn|2\n|\n|t:|1774763074\n|switch|p2a: \u9e7f\u51a0\u738b|Calyrex-Ice, L50|100/100\n|-ability|p2a: \u9e7f\u51a0\u738b|As One\n|-ability|p2a: \u9e7f\u51a0\u738b|Unnerve\n|-terastallize|p1b: Ursaluna|Ghost\n|move|p1b: Ursaluna|Earthquake|p2b: \u5c0f\u7b14\u7ea2\u80bf|[spread] p1a,p2a,p2b\n|-damage|p1a: Lunala|83/100\n|-damage|p2a: \u9e7f\u51a0\u738b|74/100\n|-enditem|p2b: \u5c0f\u7b14\u7ea2\u80bf|Focus Sash\n|-damage|p2b: \u5c0f\u7b14\u7ea2\u80bf|1/100\n|move|p1a: Lunala|Meteor Beam||[still]\n|-prepare|p1a: Lunala|Meteor Beam\n|-boost|p1a: Lunala|spa|1\n|-enditem|p1a: Lunala|Power Herb\n|-anim|p1a: Lunala|Meteor Beam|p2b: \u5c0f\u7b14\u7ea2\u80bf\n|-damage|p2b: \u5c0f\u7b14\u7ea2\u80bf|0 fnt\n|faint|p2b: \u5c0f\u7b14\u7ea2\u80bf\n|\n|-weather|RainDance|[upkeep]\n|-heal|p2a: \u9e7f\u51a0\u738b|80/100|[from] item: Leftovers\n|-status|p1b: Ursaluna|brn|[from] item: Flame Orb\n|upkeep\n|\n|t:|1774763081\n|switch|p2b: \u8981\u9646\u4e91\u4e86|Landorus, L50, M|100/100\n|turn|3\n|\n|t:|1774763104\n|move|p2a: \u9e7f\u51a0\u738b|Protect|p2a: \u9e7f\u51a0\u738b\n|-singleturn|p2a: \u9e7f\u51a0\u738b|Protect\n|move|p2b: \u8981\u9646\u4e91\u4e86|Protect|p2b: \u8981\u9646\u4e91\u4e86\n|-singleturn|p2b: \u8981\u9646\u4e91\u4e86|Protect\n|move|p1b: Ursaluna|Facade|p2b: \u8981\u9646\u4e91\u4e86\n|-activate|p2b: \u8981\u9646\u4e91\u4e86|move: Protect\n|move|p1a: Lunala|Moongeist Beam|p2a: \u9e7f\u51a0\u738b\n|-activate|p2a: \u9e7f\u51a0\u738b|move: Protect\n|\n|-weather|RainDance|[upkeep]\n|-heal|p2a: \u9e7f\u51a0\u738b|86/100|[from] item: Leftovers\n|-damage|p1b: Ursaluna|95/100 brn|[from] brn\n|upkeep\n|turn|4\n|\n|t:|1774763124\n|-terastallize|p2a: \u9e7f\u51a0\u738b|Fairy\n|move|p1b: Ursaluna|Facade|p2b: \u8981\u9646\u4e91\u4e86\n|-damage|p2b: \u8981\u9646\u4e91\u4e86|0 fnt\n|faint|p2b: \u8981\u9646\u4e91\u4e86\n|move|p2a: \u9e7f\u51a0\u738b|Glacial Lance|p1a: Lunala|[spread] p1a,p1b\n|-damage|p1a: Lunala|39/100\n|-damage|p1b: Ursaluna|59/100 brn\n|move|p1a: Lunala|Moongeist Beam|p2a: \u9e7f\u51a0\u738b\n|-damage|p2a: \u9e7f\u51a0\u738b|38/100\n|\n|-weather|RainDance|[upkeep]\n|-heal|p2a: \u9e7f\u51a0\u738b|44/100|[from] item: Leftovers\n|-damage|p1b: Ursaluna|53/100 brn|[from] brn\n|upkeep\n|\n|t:|1774763130\n|switch|p2b: \u6210\u90fd\u8001\u76d6|Kyogre, L50|100/100\n|turn|5\n|-message|dasabe\u76d6\u6b27\u5361\u4fa0 forfeited.\n|\n|win|chang21\n|raw|chang21's rating: 1505 &rarr; <strong>1529</strong><br />(+24 for winning)\n|raw|dasabe\u76d6\u6b27\u5361\u4fa0's rating: 1580 &rarr; <strong>1556</strong><br />(-24 for losing)\n|l|\u2606dasabe\u76d6\u6b27\u5361\u4fa0\n|player|p2|\n|l| CidKagenou87\n|l|\u2606chang21\n|player|p1|\n","uploadtime":1774763281,"views":18,"formatid":"gen9vgc2026regi","rating":1529,"private":0,"password":null}