{"id":"gen9vgc2026regi-2574055364","format":"[Gen 9] VGC 2026 Reg I","players":["tommytinkle","blackred123"],"log":"|j|\u2606tommytinkle\n|j|\u2606blackred123\n|t:|1775194525\n|gametype|doubles\n|player|p1|tommytinkle|169|1305\n|player|p2|blackred123|iono-masters|1465\n|gen|9\n|tier|[Gen 9] VGC 2026 Reg I\n|rated|\n|rule|Species Clause: Limit one of each Pok\u00e9mon\n|rule|Item Clause: Limit 1 of each item\n|clearpoke\n|poke|p1|Chien-Pao, L50|\n|poke|p1|Zacian-*, L50|\n|poke|p1|Urshifu-*, L50, M|\n|poke|p1|Lugia, L50|\n|poke|p1|Raichu, L50, M|\n|poke|p1|Incineroar, L50, F|\n|poke|p2|Kyogre, L50|\n|poke|p2|Zamazenta-*, L50|\n|poke|p2|Chien-Pao, L50|\n|poke|p2|Amoonguss, L50, M|\n|poke|p2|Dragonite, L50, F|\n|poke|p2|Rillaboom, L50, F|\n|teampreview|4\n|inactive|Battle timer is ON: inactive players will automatically lose when time's up. (requested by blackred123)\n|inactive|tommytinkle has 60 seconds left.\n|\n|t:|1775194567\n|teamsize|p1|4\n|teamsize|p2|4\n|start\n|switch|p1a: Chien-Pao|Chien-Pao, L50|100/100\n|switch|p1b: Incineroar|Incineroar, L50, F|100/100\n|switch|p2a: Zamazenta|Zamazenta-Crowned, L50|100/100\n|switch|p2b: Amoonguss|Amoonguss, L50, M|100/100\n|-ability|p1a: Chien-Pao|Sword of Ruin\n|-ability|p2a: Zamazenta|Dauntless Shield|boost\n|-boost|p2a: Zamazenta|def|1\n|-ability|p1b: Incineroar|Intimidate|boost\n|-unboost|p2a: Zamazenta|atk|1\n|-unboost|p2b: Amoonguss|atk|1\n|turn|1\n|\n|t:|1775194583\n|move|p2b: Amoonguss|Protect|p2b: Amoonguss\n|-singleturn|p2b: Amoonguss|Protect\n|move|p1a: Chien-Pao|Throat Chop|p2b: Amoonguss\n|-activate|p2b: Amoonguss|move: Protect\n|move|p2a: Zamazenta|Body Press|p1a: Chien-Pao\n|-supereffective|p1a: Chien-Pao\n|-enditem|p1a: Chien-Pao|Focus Sash\n|-damage|p1a: Chien-Pao|1/100\n|move|p1b: Incineroar|Flare Blitz|p2b: Amoonguss\n|-activate|p2b: Amoonguss|move: Protect\n|\n|upkeep\n|turn|2\n|inactive|blackred123 has 30 seconds left.\n|\n|t:|1775194612\n|-terastallize|p2b: Amoonguss|Water\n|move|p1a: Chien-Pao|Protect|p1a: Chien-Pao\n|-singleturn|p1a: Chien-Pao|Protect\n|move|p2a: Zamazenta|Body Press|p1a: Chien-Pao\n|-activate|p1a: Chien-Pao|move: Protect\n|move|p1b: Incineroar|Flare Blitz|p2b: Amoonguss\n|-resisted|p2b: Amoonguss\n|-damage|p2b: Amoonguss|77/100\n|-damage|p1b: Incineroar|84/100|[from] item: Rocky Helmet|[of] p2b: Amoonguss\n|-damage|p1b: Incineroar|76/100|[from] Recoil\n|move|p2b: Amoonguss|Spore|p1b: Incineroar\n|-activate|p1b: Incineroar|item: Safety Goggles|Spore\n|\n|upkeep\n|turn|3\n|\n|t:|1775194633\n|switch|p1a: Lugia|Lugia, L50|100/100\n|move|p2b: Amoonguss|Rage Powder|p2b: Amoonguss\n|-singleturn|p2b: Amoonguss|move: Rage Powder\n|move|p2a: Zamazenta|Body Press|p1a: Lugia\n|-resisted|p1a: Lugia\n|-damage|p1a: Lugia|96/100\n|move|p1b: Incineroar|Parting Shot|p2b: Amoonguss\n|-unboost|p2b: Amoonguss|atk|1\n|-unboost|p2b: Amoonguss|spa|1\n|\n|t:|1775194642\n|switch|p1b: Zacian|Zacian-Crowned, L50|100/100|[from] Parting Shot\n|-ability|p1b: Zacian|Intrepid Sword|boost\n|-boost|p1b: Zacian|atk|1\n|\n|-heal|p1a: Lugia|100/100|[from] item: Leftovers\n|upkeep\n|turn|4\n|\n|t:|1775194651\n|-terastallize|p1b: Zacian|Fairy\n|move|p1b: Zacian|Play Rough|p2b: Amoonguss|[miss]\n|-miss|p1b: Zacian|p2b: Amoonguss\n|move|p2a: Zamazenta|Body Press|p1b: Zacian\n|-resisted|p1b: Zacian\n|-damage|p1b: Zacian|68/100\n|move|p1a: Lugia|Calm Mind|p1a: Lugia\n|-boost|p1a: Lugia|spa|1\n|-boost|p1a: Lugia|spd|1\n|move|p2b: Amoonguss|Spore|p1a: Lugia\n|-status|p1a: Lugia|slp|[from] move: Spore\n|\n|upkeep\n|turn|5\n|\n|t:|1775194670\n|switch|p2b: Kyogre|Kyogre, L50|100/100\n|-weather|RainDance|[from] ability: Drizzle|[of] p2b: Kyogre\n|move|p1b: Zacian|Protect|p1b: Zacian\n|-singleturn|p1b: Zacian|Protect\n|move|p2a: Zamazenta|Heavy Slam|p1b: Zacian\n|-activate|p1b: Zacian|move: Protect\n|cant|p1a: Lugia|slp\n|\n|-weather|RainDance|[upkeep]\n|upkeep\n|turn|6\n|\n|t:|1775194685\n|move|p2b: Kyogre|Water Spout|p1a: Lugia|[spread] p1a,p1b\n|-damage|p1a: Lugia|81/100 slp\n|-damage|p1b: Zacian|0 fnt\n|faint|p1b: Zacian\n|move|p2a: Zamazenta|Heavy Slam|p1a: Lugia\n|-damage|p1a: Lugia|70/100 slp\n|-curestatus|p1a: Lugia|slp|[msg]\n|move|p1a: Lugia|Calm Mind|p1a: Lugia\n|-boost|p1a: Lugia|spa|1\n|-boost|p1a: Lugia|spd|1\n|\n|-weather|RainDance|[upkeep]\n|-heal|p1a: Lugia|77/100|[from] item: Leftovers\n|upkeep\n|\n|t:|1775194690\n|switch|p1b: Chien-Pao|Chien-Pao, L50|1/100\n|-ability|p1b: Chien-Pao|Sword of Ruin\n|turn|7\n|\n|t:|1775194705\n|switch|p2b: Amoonguss|Amoonguss, L50, M, tera:Water|100/100\n|move|p1b: Chien-Pao|Sucker Punch||[still]\n|-fail|p1b: Chien-Pao\n|move|p2a: Zamazenta|Heavy Slam|p1b: Chien-Pao\n|-supereffective|p1b: Chien-Pao\n|-crit|p1b: Chien-Pao\n|-damage|p1b: Chien-Pao|0 fnt\n|faint|p1b: Chien-Pao\n|move|p1a: Lugia|Recover|p1a: Lugia\n|-heal|p1a: Lugia|100/100\n|\n|-weather|RainDance|[upkeep]\n|upkeep\n|\n|t:|1775194709\n|switch|p1b: Incineroar|Incineroar, L50, F|76/100\n|-ability|p1b: Incineroar|Intimidate|boost\n|-unboost|p2a: Zamazenta|atk|1\n|-unboost|p2b: Amoonguss|atk|1\n|turn|8\n|\n|t:|1775194723\n|move|p2b: Amoonguss|Protect|p2b: Amoonguss\n|-singleturn|p2b: Amoonguss|Protect\n|move|p1b: Incineroar|Fake Out|p2b: Amoonguss\n|-activate|p2b: Amoonguss|move: Protect\n|move|p2a: Zamazenta|Body Press|p1b: Incineroar\n|-supereffective|p1b: Incineroar\n|-damage|p1b: Incineroar|0 fnt\n|faint|p1b: Incineroar\n|move|p1a: Lugia|Aeroblast|p2a: Zamazenta\n|-damage|p2a: Zamazenta|58/100\n|\n|-weather|RainDance|[upkeep]\n|upkeep\n|turn|9\n|\n|t:|1775194739\n|move|p2a: Zamazenta|Heavy Slam|p1a: Lugia\n|-damage|p1a: Lugia|96/100\n|move|p1a: Lugia|Aeroblast|p2b: Amoonguss\n|-crit|p2b: Amoonguss\n|-damage|p2b: Amoonguss|11/100\n|move|p2b: Amoonguss|Spore|p1a: Lugia\n|-status|p1a: Lugia|slp|[from] move: Spore\n|\n|-weather|none\n|-heal|p1a: Lugia|100/100 slp|[from] item: Leftovers\n|upkeep\n|turn|10\n|\n|t:|1775194749\n|switch|p2b: Dragonite|Dragonite, L50, F|100/100\n|move|p2a: Zamazenta|Heavy Slam|p1a: Lugia\n|-damage|p1a: Lugia|96/100 slp\n|cant|p1a: Lugia|slp\n|\n|-heal|p1a: Lugia|100/100 slp|[from] item: Leftovers\n|upkeep\n|turn|11\n|\n|t:|1775194767\n|switch|p2a: Amoonguss|Amoonguss, L50, M, tera:Water|44/100\n|-curestatus|p1a: Lugia|slp|[msg]\n|move|p1a: Lugia|Aeroblast|p2b: Dragonite\n|-damage|p2b: Dragonite|40/100\n|move|p2b: Dragonite|Aerial Ace|p1a: Lugia\n|-crit|p1a: Lugia\n|-damage|p1a: Lugia|81/100\n|\n|-heal|p1a: Lugia|87/100|[from] item: Leftovers\n|upkeep\n|turn|12\n|\n|t:|1775194786\n|switch|p2b: Zamazenta|Zamazenta-Crowned, L50|58/100\n|move|p1a: Lugia|Aeroblast|p2a: Amoonguss\n|-damage|p2a: Amoonguss|0 fnt\n|faint|p2a: Amoonguss\n|\n|-heal|p1a: Lugia|93/100|[from] item: Leftovers\n|upkeep\n|\n|t:|1775194793\n|switch|p2a: Kyogre|Kyogre, L50|100/100\n|-weather|RainDance|[from] ability: Drizzle|[of] p2a: Kyogre\n|turn|13\n|\n|t:|1775194800\n|move|p1a: Lugia|Protect|p1a: Lugia\n|-singleturn|p1a: Lugia|Protect\n|move|p2a: Kyogre|Thunder|p1a: Lugia\n|-activate|p1a: Lugia|move: Protect\n|move|p2b: Zamazenta|Heavy Slam|p1a: Lugia\n|-activate|p1a: Lugia|move: Protect\n|\n|-weather|RainDance|[upkeep]\n|-heal|p1a: Lugia|99/100|[from] item: Leftovers\n|upkeep\n|turn|14\n|\n|t:|1775194811\n|move|p2a: Kyogre|Thunder|p1a: Lugia\n|-supereffective|p1a: Lugia\n|-damage|p1a: Lugia|72/100\n|move|p2b: Zamazenta|Heavy Slam|p1a: Lugia\n|-damage|p1a: Lugia|56/100\n|move|p1a: Lugia|Aeroblast|p2a: Kyogre\n|-damage|p2a: Kyogre|56/100\n|\n|-weather|RainDance|[upkeep]\n|-heal|p1a: Lugia|62/100|[from] item: Leftovers\n|upkeep\n|turn|15\n|\n|t:|1775194821\n|move|p1a: Lugia|Protect|p1a: Lugia\n|-singleturn|p1a: Lugia|Protect\n|move|p2a: Kyogre|Thunder|p1a: Lugia\n|-activate|p1a: Lugia|move: Protect\n|move|p2b: Zamazenta|Heavy Slam|p1a: Lugia\n|-activate|p1a: Lugia|move: Protect\n|\n|-weather|RainDance|[upkeep]\n|-heal|p1a: Lugia|69/100|[from] item: Leftovers\n|upkeep\n|turn|16\n|\n|t:|1775194831\n|move|p2a: Kyogre|Thunder|p1a: Lugia\n|-supereffective|p1a: Lugia\n|-damage|p1a: Lugia|44/100\n|move|p2b: Zamazenta|Heavy Slam|p1a: Lugia\n|-damage|p1a: Lugia|28/100\n|move|p1a: Lugia|Recover|p1a: Lugia\n|-heal|p1a: Lugia|78/100\n|\n|-weather|RainDance|[upkeep]\n|-heal|p1a: Lugia|85/100|[from] item: Leftovers\n|upkeep\n|turn|17\n|\n|t:|1775194845\n|move|p2a: Kyogre|Thunder|p1a: Lugia\n|-supereffective|p1a: Lugia\n|-damage|p1a: Lugia|62/100\n|move|p2b: Zamazenta|Heavy Slam|p1a: Lugia\n|-damage|p1a: Lugia|45/100\n|move|p1a: Lugia|Recover|p1a: Lugia\n|-heal|p1a: Lugia|95/100\n|\n|-weather|none\n|-heal|p1a: Lugia|100/100|[from] item: Leftovers\n|upkeep\n|turn|18\n|\n|t:|1775194858\n|switch|p2a: Dragonite|Dragonite, L50, F|40/100\n|move|p2b: Zamazenta|Heavy Slam|p1a: Lugia\n|-damage|p1a: Lugia|93/100\n|move|p1a: Lugia|Calm Mind|p1a: Lugia\n|-boost|p1a: Lugia|spa|1\n|-boost|p1a: Lugia|spd|1\n|\n|-heal|p1a: Lugia|99/100|[from] item: Leftovers\n|upkeep\n|turn|19\n|\n|t:|1775194878\n|move|p2a: Dragonite|Extreme Speed|p1a: Lugia\n|-damage|p1a: Lugia|77/100\n|move|p2b: Zamazenta|Heavy Slam|p1a: Lugia\n|-damage|p1a: Lugia|61/100\n|move|p1a: Lugia|Calm Mind|p1a: Lugia\n|-boost|p1a: Lugia|spa|1\n|-boost|p1a: Lugia|spd|1\n|\n|-heal|p1a: Lugia|67/100|[from] item: Leftovers\n|upkeep\n|turn|20\n|\n|t:|1775194887\n|move|p1a: Lugia|Protect|p1a: Lugia\n|-singleturn|p1a: Lugia|Protect\n|move|p2a: Dragonite|Extreme Speed|p1a: Lugia\n|-activate|p1a: Lugia|move: Protect\n|move|p2b: Zamazenta|Heavy Slam|p1a: Lugia\n|-activate|p1a: Lugia|move: Protect\n|\n|-heal|p1a: Lugia|73/100|[from] item: Leftovers\n|upkeep\n|turn|21\n|\n|t:|1775194895\n|move|p2a: Dragonite|Extreme Speed|p1a: Lugia\n|-damage|p1a: Lugia|51/100\n|move|p2b: Zamazenta|Heavy Slam|p1a: Lugia\n|-damage|p1a: Lugia|35/100\n|move|p1a: Lugia|Recover|p1a: Lugia\n|-heal|p1a: Lugia|85/100\n|\n|-heal|p1a: Lugia|92/100|[from] item: Leftovers\n|upkeep\n|turn|22\n|\n|t:|1775194913\n|move|p2a: Dragonite|Extreme Speed|p1a: Lugia\n|-damage|p1a: Lugia|68/100\n|move|p2b: Zamazenta|Heavy Slam|p1a: Lugia\n|-damage|p1a: Lugia|51/100\n|move|p1a: Lugia|Calm Mind|p1a: Lugia\n|-boost|p1a: Lugia|spa|1\n|-boost|p1a: Lugia|spd|1\n|\n|-heal|p1a: Lugia|57/100|[from] item: Leftovers\n|upkeep\n|turn|23\n|\n|t:|1775194925\n|move|p1a: Lugia|Protect|p1a: Lugia\n|-singleturn|p1a: Lugia|Protect\n|move|p2a: Dragonite|Extreme Speed|p1a: Lugia\n|-activate|p1a: Lugia|move: Protect\n|move|p2b: Zamazenta|Body Press|p1a: Lugia\n|-activate|p1a: Lugia|move: Protect\n|\n|-heal|p1a: Lugia|63/100|[from] item: Leftovers\n|upkeep\n|turn|24\n|\n|t:|1775194930\n|move|p2a: Dragonite|Extreme Speed|p1a: Lugia\n|-damage|p1a: Lugia|41/100\n|move|p2b: Zamazenta|Body Press|p1a: Lugia\n|-resisted|p1a: Lugia\n|-damage|p1a: Lugia|35/100\n|move|p1a: Lugia|Recover|p1a: Lugia\n|-heal|p1a: Lugia|85/100\n|\n|-heal|p1a: Lugia|92/100|[from] item: Leftovers\n|upkeep\n|turn|25\n|\n|t:|1775194941\n|move|p2a: Dragonite|Extreme Speed|p1a: Lugia\n|-damage|p1a: Lugia|69/100\n|move|p2b: Zamazenta|Body Press|p1a: Lugia\n|-resisted|p1a: Lugia\n|-damage|p1a: Lugia|63/100\n|move|p1a: Lugia|Recover|p1a: Lugia\n|-heal|p1a: Lugia|100/100\n|\n|upkeep\n|turn|26\n|\n|t:|1775194953\n|switch|p2a: Kyogre|Kyogre, L50|56/100\n|-weather|RainDance|[from] ability: Drizzle|[of] p2a: Kyogre\n|move|p2b: Zamazenta|Heavy Slam|p1a: Lugia\n|-damage|p1a: Lugia|92/100\n|move|p1a: Lugia|Aeroblast|p2a: Kyogre\n|-damage|p2a: Kyogre|0 fnt\n|faint|p2a: Kyogre\n|\n|-weather|RainDance|[upkeep]\n|-heal|p1a: Lugia|98/100|[from] item: Leftovers\n|upkeep\n|\n|t:|1775194962\n|switch|p2a: Dragonite|Dragonite, L50, F|40/100\n|turn|27\n|\n|t:|1775194975\n|move|p2a: Dragonite|Aqua Jet|p1a: Lugia\n|-damage|p1a: Lugia|78/100\n|move|p2b: Zamazenta|Body Press|p1a: Lugia\n|-resisted|p1a: Lugia\n|-damage|p1a: Lugia|73/100\n|move|p1a: Lugia|Aeroblast|p2a: Dragonite\n|-damage|p2a: Dragonite|0 fnt\n|faint|p2a: Dragonite\n|\n|-weather|RainDance|[upkeep]\n|-heal|p1a: Lugia|79/100|[from] item: Leftovers\n|upkeep\n|turn|28\n|-message|blackred123 forfeited.\n|\n|win|tommytinkle\n|raw|tommytinkle's rating: 1305 &rarr; <strong>1334</strong><br />(+29 for winning)\n|raw|blackred123's rating: 1465 &rarr; <strong>1436</strong><br />(-29 for losing)\n|l|\u2606tommytinkle\n|player|p1|\n|l|\u2606blackred123\n|player|p2|\n","uploadtime":1775195265,"views":11,"formatid":"gen9vgc2026regi","rating":1334,"private":0,"password":null}