{"id":"gen9vgc2026regi-2549843851","format":"[Gen 9] VGC 2026 Reg I","players":["lalo's pollos","Stinky59"],"log":"|j|\u2606lalo's pollos\n|j|\u2606Stinky59\n|t:|1772415782\n|gametype|doubles\n|player|p1|lalo's pollos|169|1545\n|player|p2|Stinky59|265|1394\n|gen|9\n|tier|[Gen 9] VGC 2026 Reg I\n|rated|\n|rule|Species Clause: Limit one of each Pok\u00e9mon\n|rule|Item Clause: Limit 1 of each item\n|clearpoke\n|poke|p1|Zamazenta-*, L50|\n|poke|p1|Lunala, L50|\n|poke|p1|Rillaboom, L50, M|\n|poke|p1|Incineroar, L50, M|\n|poke|p1|Urshifu-*, L50, M|\n|poke|p1|Tornadus, L50, M|\n|poke|p2|Kyogre, L50|\n|poke|p2|Necrozma-Dusk-Mane, L50|\n|poke|p2|Amoonguss, L50, M|\n|poke|p2|Iron Jugulis, L50|\n|poke|p2|Rillaboom, L50, F|\n|poke|p2|Urshifu-*, L50, F|\n|teampreview|4\n|inactive|Battle timer is ON: inactive players will automatically lose when time's up. (requested by Stinky59)\n|inactive|lalo's pollos has 60 seconds left.\n|\n|t:|1772415846\n|teamsize|p1|4\n|teamsize|p2|4\n|start\n|switch|p1a: Tornadus|Tornadus, L50, M|100/100\n|switch|p1b: Zamazenta|Zamazenta-Crowned, L50|100/100\n|switch|p2a: Kyogre|Kyogre, L50|100/100\n|switch|p2b: Iron Jugulis|Iron Jugulis, L50|100/100\n|-ability|p1b: Zamazenta|Dauntless Shield|boost\n|-boost|p1b: Zamazenta|def|1\n|-weather|RainDance|[from] ability: Drizzle|[of] p2a: Kyogre\n|-enditem|p2b: Iron Jugulis|Booster Energy\n|-activate|p2b: Iron Jugulis|ability: Quark Drive|[fromitem]\n|-start|p2b: Iron Jugulis|quarkdrivespe\n|turn|1\n|\n|t:|1772415867\n|move|p1a: Tornadus|Tailwind|p1a: Tornadus\n|-sidestart|p1: lalo's pollos|move: Tailwind\n|move|p1b: Zamazenta|Body Press|p2a: Kyogre\n|-damage|p2a: Kyogre|29/100\n|move|p2b: Iron Jugulis|Hurricane|p1b: Zamazenta\n|-damage|p1b: Zamazenta|68/100\n|-start|p1b: Zamazenta|confusion\n|move|p2a: Kyogre|Hydro Pump|p1b: Zamazenta\n|-damage|p1b: Zamazenta|0 fnt\n|faint|p1b: Zamazenta\n|\n|-weather|RainDance|[upkeep]\n|upkeep\n|\n|t:|1772415886\n|switch|p1b: Lunala|Lunala, L50|100/100\n|turn|2\n|\n|t:|1772415903\n|move|p2b: Iron Jugulis|Protect|p2b: Iron Jugulis\n|-singleturn|p2b: Iron Jugulis|Protect\n|move|p1a: Tornadus|Bleakwind Storm|p2b: Iron Jugulis|[spread] p2a\n|-activate|p2b: Iron Jugulis|move: Protect\n|-damage|p2a: Kyogre|5/100\n|move|p1b: Lunala|Moonblast|p2b: Iron Jugulis\n|-activate|p2b: Iron Jugulis|move: Protect\n|move|p2a: Kyogre|Thunder|p1a: Tornadus\n|-supereffective|p1a: Tornadus\n|-enditem|p1a: Tornadus|Focus Sash\n|-damage|p1a: Tornadus|1/100\n|\n|-weather|RainDance|[upkeep]\n|upkeep\n|turn|3\n|\n|t:|1772415920\n|switch|p2a: Necrozma|Necrozma-Dusk-Mane, L50|100/100\n|-terastallize|p1b: Lunala|Fairy\n|-terastallize|p2b: Iron Jugulis|Steel\n|move|p1a: Tornadus|Bleakwind Storm|p2b: Iron Jugulis|[spread] p2a,p2b\n|-resisted|p2a: Necrozma\n|-resisted|p2b: Iron Jugulis\n|-crit|p2b: Iron Jugulis\n|-damage|p2a: Necrozma|84/100\n|-damage|p2b: Iron Jugulis|73/100\n|move|p1b: Lunala|Moonblast|p2b: Iron Jugulis\n|-resisted|p2b: Iron Jugulis\n|-damage|p2b: Iron Jugulis|50/100\n|-unboost|p2b: Iron Jugulis|spa|1\n|move|p2b: Iron Jugulis|Snarl|p1b: Lunala|[spread] p1a,p1b\n|-resisted|p1b: Lunala\n|-damage|p1a: Tornadus|0 fnt\n|-damage|p1b: Lunala|98/100\n|-unboost|p1b: Lunala|spa|1\n|faint|p1a: Tornadus\n|\n|-weather|RainDance|[upkeep]\n|-heal|p1b: Lunala|100/100|[from] item: Leftovers\n|upkeep\n|\n|t:|1772415927\n|switch|p1a: Urshifu|Urshifu-Rapid-Strike, L50, M|100/100\n|turn|4\n|\n|t:|1772415943\n|move|p1a: Urshifu|Surging Strikes|p2b: Iron Jugulis\n|-crit|p2b: Iron Jugulis\n|-damage|p2b: Iron Jugulis|7/100\n|-crit|p2b: Iron Jugulis\n|-damage|p2b: Iron Jugulis|0 fnt\n|faint|p2b: Iron Jugulis\n|-end|p2b: Iron Jugulis|Quark Drive|[silent]\n|-hitcount|p2: Iron Jugulis|2\n|move|p1b: Lunala|Moongeist Beam|p2a: Necrozma\n|-supereffective|p2a: Necrozma\n|-damage|p2a: Necrozma|43/100\n|move|p2a: Necrozma|Photon Geyser|p1a: Urshifu\n|-supereffective|p1a: Urshifu\n|-damage|p1a: Urshifu|0 fnt\n|faint|p1a: Urshifu\n|\n|-weather|RainDance|[upkeep]\n|-sideend|p1: lalo's pollos|move: Tailwind\n|upkeep\n|\n|t:|1772415948\n|switch|p2b: Amoonguss|Amoonguss, L50, M|100/100\n|turn|5\n|-message|lalo's pollos forfeited.\n|\n|win|Stinky59\n|raw|lalo&apos;s pollos's rating: 1545 &rarr; <strong>1517</strong><br />(-28 for losing)\n|raw|Stinky59's rating: 1394 &rarr; <strong>1422</strong><br />(+28 for winning)\n|l|\u2606lalo's pollos\n|player|p1|\n|l|\u2606Stinky59\n|player|p2|\n","uploadtime":1772416103,"views":31,"formatid":"gen9vgc2026regi","rating":1422,"private":0,"password":null}