{"id":"gen9vgc2026regi-2528655403","format":"[Gen 9] VGC 2026 Reg I","players":["Esiolamond","dasabe\u76d6\u6b27\u5361\u4fa0"],"log":"|j|\u2606Esiolamond\n|j|\u2606dasabe\u76d6\u6b27\u5361\u4fa0\n|t:|1769691972\n|gametype|doubles\n|player|p1|Esiolamond|aromalady-gen3rs|\n|player|p2|dasabe\u76d6\u6b27\u5361\u4fa0|may-masters4|\n|gen|9\n|tier|[Gen 9] VGC 2026 Reg I\n|rule|Species Clause: Limit one of each Pok\u00e9mon\n|rule|Item Clause: Limit 1 of each item\n|clearpoke\n|poke|p1|Raichu-Alola, L50, F|\n|poke|p1|Miraidon, L50|\n|poke|p1|Zamazenta-*, L50|\n|poke|p1|Incineroar, L50, M|\n|poke|p1|Urshifu-*, L50, M|\n|poke|p1|Ogerpon-Cornerstone, L50, F|\n|poke|p2|Calyrex-Shadow, L50|\n|poke|p2|Koraidon, L50|\n|poke|p2|Chi-Yu, L50|\n|poke|p2|Tornadus, L50, M|\n|poke|p2|Indeedee-F, L50, F|\n|poke|p2|Smeargle, L50, F|\n|teampreview|4\n|c|\u2606Esiolamond|\u90aa\u6076\u9ed1\u6731\n|c|\u2606dasabe\u76d6\u6b27\u5361\u4fa0|\ud83d\ude0b\n|\n|t:|1769692046\n|teamsize|p1|4\n|teamsize|p2|4\n|start\n|switch|p1a: Incineroar|Incineroar, L50, M|100/100\n|switch|p1b: Zamazenta|Zamazenta-Crowned, L50|100/100\n|switch|p2a: \u9a6c\u6b7b\u4e86|Calyrex-Shadow, L50|100/100\n|switch|p2b: \u4f8d\u7684\u6211\u7231\u5bfc\u7ba1|Indeedee-F, L50, F, shiny|100/100\n|-ability|p2a: \u9a6c\u6b7b\u4e86|As One\n|-ability|p2a: \u9a6c\u6b7b\u4e86|Unnerve\n|-ability|p1b: Zamazenta|Dauntless Shield|boost\n|-boost|p1b: Zamazenta|def|1\n|-fieldstart|move: Psychic Terrain|[from] ability: Psychic Surge|[of] p2b: \u4f8d\u7684\u6211\u7231\u5bfc\u7ba1\n|-ability|p1a: Incineroar|Intimidate|boost\n|-unboost|p2a: \u9a6c\u6b7b\u4e86|atk|1\n|-unboost|p2b: \u4f8d\u7684\u6211\u7231\u5bfc\u7ba1|atk|1\n|turn|1\n|c|\u2606Esiolamond|\u5148\u8bfb\u4e0d\u5148\u8bfb\u5148\u8bfb\n|\n|t:|1769692085\n|-terastallize|p2a: \u9a6c\u6b7b\u4e86|Ghost\n|move|p1b: Zamazenta|Wide Guard|p1b: Zamazenta\n|-singleturn|p1b: Zamazenta|Wide Guard\n|move|p2b: \u4f8d\u7684\u6211\u7231\u5bfc\u7ba1|Follow Me|p2b: \u4f8d\u7684\u6211\u7231\u5bfc\u7ba1\n|-singleturn|p2b: \u4f8d\u7684\u6211\u7231\u5bfc\u7ba1|move: Follow Me\n|move|p2a: \u9a6c\u6b7b\u4e86|Astral Barrage|p1a: Incineroar|[spread] \n|-activate|p1a: Incineroar|move: Wide Guard\n|-activate|p1b: Zamazenta|move: Wide Guard\n|move|p1a: Incineroar|Knock Off|p2b: \u4f8d\u7684\u6211\u7231\u5bfc\u7ba1\n|-supereffective|p2b: \u4f8d\u7684\u6211\u7231\u5bfc\u7ba1\n|-damage|p2b: \u4f8d\u7684\u6211\u7231\u5bfc\u7ba1|21/100\n|-damage|p1a: Incineroar|84/100|[from] item: Rocky Helmet|[of] p2b: \u4f8d\u7684\u6211\u7231\u5bfc\u7ba1\n|-enditem|p2b: \u4f8d\u7684\u6211\u7231\u5bfc\u7ba1|Rocky Helmet|[from] move: Knock Off|[of] p1a: Incineroar\n|\n|upkeep\n|turn|2\n|c|\u2606dasabe\u76d6\u6b27\u5361\u4fa0|\ud83d\ude21\n|\n|t:|1769692121\n|switch|p2a: \u6545\u5927\u5305\u52d2|Koraidon, L50, shiny|100/100\n|-weather|SunnyDay|[from] ability: Orichalcum Pulse|[of] p2a: \u6545\u5927\u5305\u52d2\n|-activate|p2a: \u6545\u5927\u5305\u52d2|Orichalcum Pulse|[source]\n|move|p1b: Zamazenta|Wide Guard|p1b: Zamazenta\n|-singleturn|p1b: Zamazenta|Wide Guard\n|move|p2b: \u4f8d\u7684\u6211\u7231\u5bfc\u7ba1|Psychic|p1b: Zamazenta\n|-damage|p1b: Zamazenta|76/100\n|move|p1a: Incineroar|Knock Off|p2a: \u6545\u5927\u5305\u52d2\n|-resisted|p2a: \u6545\u5927\u5305\u52d2\n|-damage|p2a: \u6545\u5927\u5305\u52d2|83/100\n|-enditem|p2a: \u6545\u5927\u5305\u52d2|Life Orb|[from] move: Knock Off|[of] p1a: Incineroar\n|\n|-weather|SunnyDay|[upkeep]\n|upkeep\n|turn|3\n|c|\u2606Esiolamond|\u8bfb\u4e0d\u8bfb\u554a\n|\n|t:|1769692187\n|move|p1b: Zamazenta|Protect||[still]\n|-fail|p1b: Zamazenta\n|move|p2a: \u6545\u5927\u5305\u52d2|Close Combat|p1a: Incineroar\n|-supereffective|p1a: Incineroar\n|-damage|p1a: Incineroar|0 fnt\n|-unboost|p2a: \u6545\u5927\u5305\u52d2|def|1\n|-unboost|p2a: \u6545\u5927\u5305\u52d2|spd|1\n|faint|p1a: Incineroar\n|move|p2b: \u4f8d\u7684\u6211\u7231\u5bfc\u7ba1|Psychic|p1b: Zamazenta\n|-damage|p1b: Zamazenta|51/100\n|\n|-weather|SunnyDay|[upkeep]\n|upkeep\n|c|\u2606dasabe\u76d6\u6b27\u5361\u4fa0|\ud83d\ude0b\n|c|\u2606Esiolamond|\u574f\u4e86\n|c|\u2606Esiolamond|\u5fd8\u8fd9\u832c\u4e86\n|\n|t:|1769692202\n|switch|p1a: Miraidon|Miraidon, L50|100/100\n|-fieldstart|move: Electric Terrain|[from] ability: Hadron Engine|[of] p1a: Miraidon\n|turn|4\n|c|\u2606dasabe\u76d6\u6b27\u5361\u4fa0|\ud83d\ude0b\n|\n|t:|1769692222\n|move|p2b: \u4f8d\u7684\u6211\u7231\u5bfc\u7ba1|Helping Hand|p2a: \u6545\u5927\u5305\u52d2\n|-singleturn|p2a: \u6545\u5927\u5305\u52d2|Helping Hand|[of] p2b: \u4f8d\u7684\u6211\u7231\u5bfc\u7ba1\n|move|p2a: \u6545\u5927\u5305\u52d2|Close Combat|p1a: Miraidon\n|-damage|p1a: Miraidon|0 fnt\n|-unboost|p2a: \u6545\u5927\u5305\u52d2|def|1\n|-unboost|p2a: \u6545\u5927\u5305\u52d2|spd|1\n|faint|p1a: Miraidon\n|move|p1b: Zamazenta|Body Press|p2a: \u6545\u5927\u5305\u52d2\n|-damage|p2a: \u6545\u5927\u5305\u52d2|0 fnt\n|faint|p2a: \u6545\u5927\u5305\u52d2\n|\n|-weather|SunnyDay|[upkeep]\n|upkeep\n|c|\u2606dasabe\u76d6\u6b27\u5361\u4fa0|\ud83d\ude0b\n|\n|t:|1769692232\n|switch|p2a: \u9a6c\u6b7b\u4e86|Calyrex-Shadow, L50, tera:Ghost|100/100\n|switch|p1a: Ogerpon|Ogerpon-Cornerstone, L50, F|100/100\n|-ability|p2a: \u9a6c\u6b7b\u4e86|As One\n|-ability|p2a: \u9a6c\u6b7b\u4e86|Unnerve\n|turn|5\n|\n|t:|1769692245\n|move|p1b: Zamazenta|Wide Guard|p1b: Zamazenta\n|-singleturn|p1b: Zamazenta|Wide Guard\n|move|p2a: \u9a6c\u6b7b\u4e86|Shadow Ball|p1a: Ogerpon\n|-ability|p1a: Ogerpon|Sturdy\n|-damage|p1a: Ogerpon|1/100\n|move|p1a: Ogerpon|Ivy Cudgel|p2b: \u4f8d\u7684\u6211\u7231\u5bfc\u7ba1|[anim] Ivy Cudgel Rock\n|-damage|p2b: \u4f8d\u7684\u6211\u7231\u5bfc\u7ba1|0 fnt\n|faint|p2b: \u4f8d\u7684\u6211\u7231\u5bfc\u7ba1\n|\n|-weather|SunnyDay|[upkeep]\n|upkeep\n|c|\u2606Esiolamond|\u4e0d\u8c6a\n|\n|t:|1769692264\n|switch|p2b: \u5c0f\u7b14\u7ea2\u80bf|Smeargle, L50, F, shiny|100/100\n|turn|6\n|c|\u2606Esiolamond|\u773c\u955c\u5417\ud83e\udd14\n|c|\u2606dasabe\u76d6\u6b27\u5361\u4fa0|\ud83d\ude0b\n|\n|t:|1769692297\n|move|p1a: Ogerpon|Spiky Shield|p1a: Ogerpon\n|-singleturn|p1a: Ogerpon|move: Protect\n|move|p2b: \u5c0f\u7b14\u7ea2\u80bf|Fake Out|p1b: Zamazenta\n|-resisted|p1b: Zamazenta\n|-damage|p1b: Zamazenta|50/100\n|move|p2a: \u9a6c\u6b7b\u4e86|Shadow Ball|p1b: Zamazenta\n|-damage|p1b: Zamazenta|0 fnt\n|faint|p1b: Zamazenta\n|-ability|p2a: \u9a6c\u6b7b\u4e86|Grim Neigh|boost\n|-boost|p2a: \u9a6c\u6b7b\u4e86|spa|1\n|\n|-weather|none\n|-ability|p2b: \u5c0f\u7b14\u7ea2\u80bf|Moody|boost\n|-boost|p2b: \u5c0f\u7b14\u7ea2\u80bf|spe|2\n|-unboost|p2b: \u5c0f\u7b14\u7ea2\u80bf|spa|1\n|upkeep\n|turn|7\n|c|\u2606Esiolamond|\ud83d\ude2d\n|c|\u2606dasabe\u76d6\u6b27\u5361\u4fa0|\u8c6a\u65af\n|-message|Esiolamond forfeited.\n|\n|win|dasabe\u76d6\u6b27\u5361\u4fa0\n|l|\u2606Esiolamond\n|player|p1|\n|l|\u2606dasabe\u76d6\u6b27\u5361\u4fa0\n|player|p2|\n","uploadtime":1769692563,"views":20,"formatid":"gen9vgc2026regi","rating":null,"private":0,"password":null}