{"id":"gen9vgc2026regi-2577930611","format":"[Gen 9] VGC 2026 Reg I","players":["OpenTeamPlz","TheNamesBetty"],"log":"|j|\u2606OpenTeamPlz\n|j|\u2606TheNamesBetty\n|t:|1775622193\n|gametype|doubles\n|player|p1|OpenTeamPlz|101|1502\n|player|p2|TheNamesBetty|koga|1393\n|gen|9\n|tier|[Gen 9] VGC 2026 Reg I\n|rated|\n|rule|Species Clause: Limit one of each Pok\u00e9mon\n|rule|Item Clause: Limit 1 of each item\n|clearpoke\n|poke|p1|Flutter Mane, L50|\n|poke|p1|Torkoal, L50, M|\n|poke|p1|Groudon, L50|\n|poke|p1|Lapras, L50, M|\n|poke|p1|Miraidon, L50|\n|poke|p1|Urshifu-*, L50, F|\n|poke|p2|Koraidon, L50|\n|poke|p2|Calyrex-Shadow, L50|\n|poke|p2|Tornadus, L50, M|\n|poke|p2|Urshifu-*, L50, F|\n|poke|p2|Jumpluff, L50, M|\n|poke|p2|Dewgong, L50, F|\n|teampreview|4\n|inactive|Battle timer is ON: inactive players will automatically lose when time's up. (requested by OpenTeamPlz)\nOpenTeamPlz has agreed to open team sheets.\nTheNamesBetty has agreed to open team sheets.\n|showteam|p1|Flutter Mane||FocusSash|Protosynthesis|Protect,PerishSong,DazzlingGleam,ShadowBall||||||50|,,,,,Fairy]Torkoal||Leftovers|Drought|Protect,Yawn,HeatWave,Fissure|||M|||50|,,,,,Grass]Groudon||LifeOrb|Drought|Protect,PrecipiceBlades,HeatCrash,ShadowClaw||||||50|,,,,,Normal]Lapras||BrightPowder|WaterAbsorb|Protect,PerishSong,HornDrill,IceShard|||M|||50|,,,,,Ground]Miraidon||ChoiceSpecs|HadronEngine|VoltSwitch,ElectroDrift,DazzlingGleam,DracoMeteor||||||50|,,,,,Electric]Urshifu||BlackGlasses|UnseenFist|Detect,WickedBlow,SuckerPunch,CloseCombat|||F|||50|,,,,,Poison\n|showteam|p2|Koraidon||ClearAmulet|OrichalcumPulse|FlareBlitz,CollisionCourse,FlameCharge,Protect||||||50|,,,,,Fire]Calyrex-Shadow||LifeOrb|AsOneSpectrier|AstralBarrage,Psychic,NastyPlot,Protect||||||50|,,,,,Dark]Tornadus||SharpBeak|Prankster|BleakwindStorm,Taunt,Tailwind,Protect|||M|||50|,,,,,Dark]Urshifu||ChoiceScarf|UnseenFist|WickedBlow,CloseCombat,SuckerPunch,Uturn|||F|||50|,,,,,Water]Jumpluff||FocusSash|Chlorophyll|SleepPowder,Encore,RagePowder,Endeavor|||M|||50|,,,,,Dark]Dewgong||CovertCloak|ThickFat|FakeOut,PerishSong,AquaJet,Protect|||F|||50|,,,,,Ground\n|c|\u2606TheNamesBetty|Love the lapraa\n|c|\u2606OpenTeamPlz|glhf\n|inactive|OpenTeamPlz has 60 seconds left.\n|inactive|TheNamesBetty has 60 seconds left.\n|\n|t:|1775622246\n|teamsize|p1|4\n|teamsize|p2|4\n|start\n|switch|p1a: Life_Orb|Groudon, L50|100/100\n|switch|p1b: Focus_Sash|Flutter Mane, L50|100/100\n|switch|p2a: Houska se sal\u00e1mem|Urshifu, L50, F|100/100\n|switch|p2b: Kedluben|Calyrex-Shadow, L50|100/100\n|-ability|p2b: Kedluben|As One\n|-ability|p2b: Kedluben|Unnerve\n|-weather|SunnyDay|[from] ability: Drought|[of] p1a: Life_Orb\n|-activate|p1b: Focus_Sash|ability: Protosynthesis\n|-start|p1b: Focus_Sash|protosynthesisspa\n|turn|1\n|\n|t:|1775622265\n|move|p2a: Houska se sal\u00e1mem|Wicked Blow|p1b: Focus_Sash\n|-crit|p1b: Focus_Sash\n|-enditem|p1b: Focus_Sash|Focus Sash\n|-damage|p1b: Focus_Sash|1/100\n|move|p2b: Kedluben|Astral Barrage|p1b: Focus_Sash|[spread] p1a,p1b\n|-supereffective|p1b: Focus_Sash\n|-damage|p1a: Life_Orb|52/100\n|-damage|p1b: Focus_Sash|0 fnt\n|faint|p1b: Focus_Sash\n|-end|p1b: Focus_Sash|Protosynthesis|[silent]\n|-ability|p2b: Kedluben|Grim Neigh|boost\n|-boost|p2b: Kedluben|spa|1\n|-damage|p2b: Kedluben|91/100|[from] item: Life Orb\n|move|p1a: Life_Orb|Shadow Claw|p2b: Kedluben\n|-supereffective|p2b: Kedluben\n|-damage|p2b: Kedluben|0 fnt\n|faint|p2b: Kedluben\n|-damage|p1a: Life_Orb|42/100|[from] item: Life Orb\n|\n|-weather|SunnyDay|[upkeep]\n|upkeep\n|\n|t:|1775622272\n|switch|p2b: Kakaj\u00ed\u010dko?|Jumpluff, L50, M|100/100\n|switch|p1b: Black_Glasses|Urshifu, L50, F|100/100\n|turn|2\n|\n|t:|1775622286\n|move|p2b: Kakaj\u00ed\u010dko?|Sleep Powder|p1b: Black_Glasses\n|-status|p1b: Black_Glasses|slp|[from] move: Sleep Powder\n|move|p2a: Houska se sal\u00e1mem|Wicked Blow|p1a: Life_Orb\n|-crit|p1a: Life_Orb\n|-damage|p1a: Life_Orb|2/100\n|cant|p1b: Black_Glasses|slp\n|move|p1a: Life_Orb|Heat Crash|p2b: Kakaj\u00ed\u010dko?\n|-supereffective|p2b: Kakaj\u00ed\u010dko?\n|-enditem|p2b: Kakaj\u00ed\u010dko?|Focus Sash\n|-damage|p2b: Kakaj\u00ed\u010dko?|1/100\n|-damage|p1a: Life_Orb|0 fnt|[from] item: Life Orb\n|faint|p1a: Life_Orb\n|\n|-weather|SunnyDay|[upkeep]\n|upkeep\n|\n|t:|1775622289\n|switch|p1a: Bright powder|Lapras, L50, M|100/100\n|turn|3\n|\n|t:|1775622311\n|switch|p2a: Jan\u017di\u017ekaZTrocnova|Koraidon, L50|100/100\n|-activate|p2a: Jan\u017di\u017ekaZTrocnova|ability: Orichalcum Pulse\n|move|p1a: Bright powder|Ice Shard|p2b: Kakaj\u00ed\u010dko?\n|-supereffective|p2b: Kakaj\u00ed\u010dko?\n|-damage|p2b: Kakaj\u00ed\u010dko?|0 fnt\n|faint|p2b: Kakaj\u00ed\u010dko?\n|cant|p1b: Black_Glasses|slp\n|\n|-weather|SunnyDay|[upkeep]\n|upkeep\n|\n|t:|1775622317\n|switch|p2b: Houska se sal\u00e1mem|Urshifu, L50, F|100/100\n|turn|4\n|l|\u2606TheNamesBetty\n|inactive|TheNamesBetty disconnected and has a minute to reconnect!\n|player|p2|\n|\n|t:|1775622336\n|-terastallize|p1a: Bright powder|Ground\n|move|p2b: Houska se sal\u00e1mem|Close Combat|p1a: Bright powder\n|-damage|p1a: Bright powder|56/100\n|-unboost|p2b: Houska se sal\u00e1mem|def|1\n|-unboost|p2b: Houska se sal\u00e1mem|spd|1\n|move|p2a: Jan\u017di\u017ekaZTrocnova|Collision Course|p1a: Bright powder\n|-damage|p1a: Bright powder|14/100\n|cant|p1b: Black_Glasses|slp\n|move|p1a: Bright powder|Perish Song|p1a: Bright powder\n|-start|p1a: Bright powder|perish3|[silent]\n|-start|p1b: Black_Glasses|perish3|[silent]\n|-start|p2a: Jan\u017di\u017ekaZTrocnova|perish3|[silent]\n|-start|p2b: Houska se sal\u00e1mem|perish3|[silent]\n|-fieldactivate|move: Perish Song\n|\n|-weather|SunnyDay|[upkeep]\n|-start|p2b: Houska se sal\u00e1mem|perish3\n|-start|p2a: Jan\u017di\u017ekaZTrocnova|perish3\n|-start|p1b: Black_Glasses|perish3\n|-start|p1a: Bright powder|perish3\n|upkeep\n|turn|5\n|j|\u2606TheNamesBetty\n|inactive|TheNamesBetty reconnected and has 50 seconds left.\n|player|p2|TheNamesBetty|koga|\n|\n|t:|1775622356\n|-curestatus|p1b: Black_Glasses|slp|[msg]\n|move|p1b: Black_Glasses|Detect|p1b: Black_Glasses\n|-singleturn|p1b: Black_Glasses|Protect\n|move|p1a: Bright powder|Ice Shard|p2a: Jan\u017di\u017ekaZTrocnova\n|-supereffective|p2a: Jan\u017di\u017ekaZTrocnova\n|-damage|p2a: Jan\u017di\u017ekaZTrocnova|80/100\n|move|p2b: Houska se sal\u00e1mem|Close Combat|p1b: Black_Glasses\n|-supereffective|p1b: Black_Glasses\n|-crit|p1b: Black_Glasses\n|-damage|p1b: Black_Glasses|0 fnt\n|-unboost|p2b: Houska se sal\u00e1mem|def|1\n|-unboost|p2b: Houska se sal\u00e1mem|spd|1\n|faint|p1b: Black_Glasses\n|move|p2a: Jan\u017di\u017ekaZTrocnova|Collision Course|p1a: Bright powder|[miss]\n|-miss|p2a: Jan\u017di\u017ekaZTrocnova|p1a: Bright powder\n|\n|-weather|none\n|-start|p2b: Houska se sal\u00e1mem|perish2\n|-start|p2a: Jan\u017di\u017ekaZTrocnova|perish2\n|-start|p1a: Bright powder|perish2\n|upkeep\n|turn|6\n|\n|t:|1775622363\n|move|p1a: Bright powder|Protect|p1a: Bright powder\n|-singleturn|p1a: Bright powder|Protect\n|move|p2b: Houska se sal\u00e1mem|Close Combat|p1a: Bright powder\n|-damage|p1a: Bright powder|0 fnt\n|-unboost|p2b: Houska se sal\u00e1mem|def|1\n|-unboost|p2b: Houska se sal\u00e1mem|spd|1\n|faint|p1a: Bright powder\n|\n|win|TheNamesBetty\n|raw|OpenTeamPlz's rating: 1502 &rarr; <strong>1476</strong><br />(-26 for losing)\n|raw|TheNamesBetty's rating: 1393 &rarr; <strong>1419</strong><br />(+26 for winning)\n|l|\u2606OpenTeamPlz\n|player|p1|\n|j|\u2606OpenTeamPlz\n|player|p1|OpenTeamPlz|101|\n|c|\u2606OpenTeamPlz|have a good day\n|l|\u2606OpenTeamPlz\n|player|p1|\n|l|\u2606TheNamesBetty\n|player|p2|\n","uploadtime":1775622609,"views":10,"formatid":"gen9vgc2026regi","rating":1419,"private":0,"password":null}