{"id":"gen9vgc2026regi-2541873154","format":"[Gen 9] VGC 2026 Reg I","players":["Ruzoc","alexit93"],"log":"|j|\u2606Ruzoc\n|j|\u2606alexit93\n|t:|1771379210\n|gametype|doubles\n|player|p1|Ruzoc|gambler|1309\n|player|p2|alexit93|lucas-gen4pt|1341\n|gen|9\n|tier|[Gen 9] VGC 2026 Reg I\n|rated|\n|rule|Species Clause: Limit one of each Pok\u00e9mon\n|rule|Item Clause: Limit 1 of each item\n|clearpoke\n|poke|p1|Miraidon, L50|\n|poke|p1|Iron Jugulis, L50|\n|poke|p1|Flutter Mane, L50|\n|poke|p1|Terapagos, L50, M|\n|poke|p1|Arcanine-Hisui, L50, M|\n|poke|p1|Wo-Chien, L50|\n|poke|p2|Zamazenta-*, L50|\n|poke|p2|Riolu, L50, F|\n|poke|p2|Calyrex-Ice, L50|\n|poke|p2|Rillaboom, L50, F|\n|poke|p2|Incineroar, L50, F|\n|poke|p2|Urshifu-*, L50, M|\n|teampreview|4\n|inactive|Battle timer is ON: inactive players will automatically lose when time's up. (requested by Ruzoc)\n|\n|t:|1771379240\n|teamsize|p1|4\n|teamsize|p2|4\n|start\n|switch|p1a: Arcanine|Arcanine-Hisui, L50, M|100/100\n|switch|p1b: Terapagos|Terapagos, L50, M|100/100\n|switch|p2a: Calyrex|Calyrex-Ice, L50|100/100\n|switch|p2b: Rillaboom|Rillaboom, L50, F|100/100\n|-activate|p1b: Terapagos|ability: Tera Shift\n|detailschange|p1b: Terapagos|Terapagos-Terastal, L50, M\n|-heal|p1b: Terapagos|100/100|[silent]\n|-ability|p2a: Calyrex|As One\n|-ability|p2a: Calyrex|Unnerve\n|-fieldstart|move: Grassy Terrain|[from] ability: Grassy Surge|[of] p2b: Rillaboom\n|-ability|p1a: Arcanine|Intimidate|boost\n|-fail|p2a: Calyrex|unboost|[from] item: Clear Amulet|[of] p2a: Calyrex\n|-unboost|p2b: Rillaboom|atk|1\n|turn|1\n|\n|t:|1771379256\n|-terastallize|p2a: Calyrex|Ground\n|move|p2b: Rillaboom|Fake Out|p1b: Terapagos\n|-activate|p1b: Terapagos|ability: Tera Shell\n|-resisted|p1b: Terapagos\n|-damage|p1b: Terapagos|96/100\n|move|p1a: Arcanine|Will-O-Wisp|p2a: Calyrex\n|-status|p2a: Calyrex|brn\n|cant|p1b: Terapagos|flinch\n|move|p2a: Calyrex|Trick Room|p2a: Calyrex\n|-fieldstart|move: Trick Room|[of] p2a: Calyrex\n|\n|-heal|p1b: Terapagos|100/100|[from] Grassy Terrain\n|-damage|p2a: Calyrex|94/100 brn|[from] brn\n|upkeep\n|turn|2\n|\n|t:|1771379278\n|move|p2a: Calyrex|High Horsepower|p1a: Arcanine\n|-supereffective|p1a: Arcanine\n|-damage|p1a: Arcanine|0 fnt\n|faint|p1a: Arcanine\n|-ability|p2a: Calyrex|Chilling Neigh|boost\n|-boost|p2a: Calyrex|atk|1\n|move|p1b: Terapagos|Calm Mind|p1b: Terapagos\n|-boost|p1b: Terapagos|spa|1\n|-boost|p1b: Terapagos|spd|1\n|move|p2b: Rillaboom|U-turn|p1b: Terapagos\n|-activate|p1b: Terapagos|ability: Tera Shell\n|-resisted|p1b: Terapagos\n|-damage|p1b: Terapagos|94/100\n|\n|t:|1771379281\n|switch|p2b: Riolu|Riolu, L50, F|100/100|[from] U-turn\n|\n|-heal|p2a: Calyrex|100/100 brn|[from] Grassy Terrain\n|-heal|p1b: Terapagos|99/100|[from] Grassy Terrain\n|-damage|p2a: Calyrex|94/100 brn|[from] brn\n|upkeep\n|\n|t:|1771379287\n|switch|p1a: Wo-Chien|Wo-Chien, L50|100/100\n|-ability|p1a: Wo-Chien|Tablets of Ruin\n|turn|3\n|\n|t:|1771379292\n|-terastallize|p1b: Terapagos|Stellar\n|detailschange|p1b: Terapagos|Terapagos-Stellar, L50, M, tera:Stellar\n|-heal|p1b: Terapagos|99/100|[silent]\n|-ability|p1b: Terapagos|Teraform Zero\n|-fieldend|move: Grassy Terrain\n|move|p2b: Riolu|Feint|p1b: Terapagos\n|-damage|p1b: Terapagos|98/100\n|move|p2a: Calyrex|Glacial Lance|p1a: Wo-Chien|[spread] p1a,p1b\n|-supereffective|p1a: Wo-Chien\n|-damage|p1a: Wo-Chien|39/100\n|-damage|p1b: Terapagos|78/100\n|move|p1a: Wo-Chien|Leaf Storm|p2a: Calyrex\n|-supereffective|p2a: Calyrex\n|-damage|p2a: Calyrex|34/100 brn\n|-unboost|p1a: Wo-Chien|spa|2\n|move|p1b: Terapagos|Tera Starstorm|p2b: Riolu|[spread] p2a,p2b\n|-supereffective|p2a: Calyrex\n|-damage|p2a: Calyrex|0 fnt\n|-damage|p2b: Riolu|36/100\n|faint|p2a: Calyrex\n|\n|-heal|p1a: Wo-Chien|44/100|[from] item: Leftovers\n|upkeep\n|\n|t:|1771379302\n|switch|p2a: Zamazenta|Zamazenta-Crowned, L50, shiny|100/100\n|-ability|p2a: Zamazenta|Dauntless Shield|boost\n|-boost|p2a: Zamazenta|def|1\n|turn|4\n|\n|t:|1771379323\n|move|p2a: Zamazenta|Protect|p2a: Zamazenta\n|-singleturn|p2a: Zamazenta|Protect\n|move|p2b: Riolu|Coaching|p2a: Zamazenta\n|-boost|p2a: Zamazenta|atk|1\n|-boost|p2a: Zamazenta|def|1\n|move|p1a: Wo-Chien|Leech Seed|p2a: Zamazenta\n|-activate|p2a: Zamazenta|move: Protect\n|move|p1b: Terapagos|Earth Power|p2a: Zamazenta\n|-activate|p2a: Zamazenta|move: Protect\n|\n|-heal|p1a: Wo-Chien|50/100|[from] item: Leftovers\n|upkeep\n|turn|5\n|inactive|alexit93 has 30 seconds left.\n|inactive|alexit93 has 20 seconds left.\n|\n|t:|1771379360\n|move|p2b: Riolu|Coaching|p2a: Zamazenta\n|-boost|p2a: Zamazenta|atk|1\n|-boost|p2a: Zamazenta|def|1\n|move|p1a: Wo-Chien|Leech Seed|p2a: Zamazenta|[miss]\n|-miss|p1a: Wo-Chien|p2a: Zamazenta\n|move|p1b: Terapagos|Earth Power|p2a: Zamazenta\n|-supereffective|p2a: Zamazenta\n|-damage|p2a: Zamazenta|10/100\n|move|p2a: Zamazenta|Body Press|p1b: Terapagos\n|-supereffective|p1b: Terapagos\n|-damage|p1b: Terapagos|0 fnt\n|faint|p1b: Terapagos\n|detailschange|p1: Terapagos|Terapagos, L50, M|[silent]\n|\n|-heal|p1a: Wo-Chien|56/100|[from] item: Leftovers\n|-fieldend|move: Trick Room\n|upkeep\n|\n|t:|1771379370\n|switch|p1b: Miraidon|Miraidon, L50|100/100\n|-fieldstart|move: Electric Terrain|[from] ability: Hadron Engine|[of] p1b: Miraidon\n|turn|6\n|\n|t:|1771379385\n|switch|p2b: Rillaboom|Rillaboom, L50, F|100/100\n|-fieldstart|move: Grassy Terrain|[from] ability: Grassy Surge|[of] p2b: Rillaboom\n|move|p2a: Zamazenta|Protect|p2a: Zamazenta\n|-singleturn|p2a: Zamazenta|Protect\n|move|p1b: Miraidon|Electro Drift|p2a: Zamazenta\n|-activate|p2a: Zamazenta|move: Protect\n|move|p1a: Wo-Chien|Pollen Puff|p1b: Miraidon\n|\n|-heal|p2a: Zamazenta|16/100|[from] Grassy Terrain\n|-heal|p1a: Wo-Chien|62/100|[from] Grassy Terrain\n|-heal|p1a: Wo-Chien|68/100|[from] item: Leftovers\n|upkeep\n|turn|7\n|\n|t:|1771379394\n|move|p1b: Miraidon|Protect|p1b: Miraidon\n|-singleturn|p1b: Miraidon|Protect\n|move|p1a: Wo-Chien|Protect|p1a: Wo-Chien\n|-singleturn|p1a: Wo-Chien|Protect\n|move|p2b: Rillaboom|Fake Out|p1b: Miraidon\n|-activate|p1b: Miraidon|move: Protect\n|move|p2a: Zamazenta|Body Press|p1b: Miraidon\n|-activate|p1b: Miraidon|move: Protect\n|\n|-heal|p2a: Zamazenta|22/100|[from] Grassy Terrain\n|-heal|p1a: Wo-Chien|73/100|[from] Grassy Terrain\n|-heal|p1a: Wo-Chien|79/100|[from] item: Leftovers\n|upkeep\n|turn|8\n|\n|t:|1771379408\n|move|p2a: Zamazenta|Protect|p2a: Zamazenta\n|-singleturn|p2a: Zamazenta|Protect\n|move|p1b: Miraidon|Electro Drift|p2a: Zamazenta\n|-activate|p2a: Zamazenta|move: Protect\n|move|p2b: Rillaboom|U-turn|p1a: Wo-Chien\n|-supereffective|p1a: Wo-Chien\n|-damage|p1a: Wo-Chien|12/100\n|\n|t:|1771379415\n|switch|p2b: Riolu|Riolu, L50, F|36/100|[from] U-turn\n|move|p1a: Wo-Chien|Pollen Puff|p1b: Miraidon\n|\n|-heal|p2a: Zamazenta|28/100|[from] Grassy Terrain\n|-heal|p1a: Wo-Chien|18/100|[from] Grassy Terrain\n|-heal|p1a: Wo-Chien|24/100|[from] item: Leftovers\n|-heal|p2b: Riolu|42/100|[from] Grassy Terrain\n|upkeep\n|turn|9\n|inactive|alexit93 has 30 seconds left.\n|\n|t:|1771379444\n|switch|p2a: Rillaboom|Rillaboom, L50, F|100/100\n|move|p2b: Riolu|Coaching|p2a: Rillaboom\n|-boost|p2a: Rillaboom|atk|1\n|-boost|p2a: Rillaboom|def|1\n|move|p1b: Miraidon|Electro Drift|p2a: Rillaboom\n|-resisted|p2a: Rillaboom\n|-damage|p2a: Rillaboom|78/100\n|move|p1a: Wo-Chien|Leaf Storm|p2b: Riolu\n|-damage|p2b: Riolu|7/100\n|-unboost|p1a: Wo-Chien|spa|2\n|\n|-heal|p2a: Rillaboom|83/100|[from] Grassy Terrain\n|-heal|p1a: Wo-Chien|29/100|[from] Grassy Terrain\n|-heal|p1a: Wo-Chien|35/100|[from] item: Leftovers\n|-heal|p2b: Riolu|13/100|[from] Grassy Terrain\n|upkeep\n|turn|10\n|\n|t:|1771379468\n|move|p2b: Riolu|Feint|p1a: Wo-Chien\n|-damage|p1a: Wo-Chien|31/100\n|move|p1b: Miraidon|Draco Meteor|p2a: Rillaboom\n|-damage|p2a: Rillaboom|23/100\n|-unboost|p1b: Miraidon|spa|2\n|move|p2a: Rillaboom|U-turn|p1a: Wo-Chien\n|-supereffective|p1a: Wo-Chien\n|-damage|p1a: Wo-Chien|0 fnt\n|faint|p1a: Wo-Chien\n|\n|t:|1771379476\n|switch|p2a: Zamazenta|Zamazenta-Crowned, L50, shiny|28/100|[from] U-turn\n|\n|-heal|p2a: Zamazenta|34/100|[from] Grassy Terrain\n|-heal|p2b: Riolu|19/100|[from] Grassy Terrain\n|-fieldend|move: Grassy Terrain\n|upkeep\n|turn|11\n|\n|t:|1771379493\n|switch|p2b: Rillaboom|Rillaboom, L50, F|23/100\n|-fieldstart|move: Grassy Terrain|[from] ability: Grassy Surge|[of] p2b: Rillaboom\n|move|p2a: Zamazenta|Protect|p2a: Zamazenta\n|-singleturn|p2a: Zamazenta|Protect\n|move|p1b: Miraidon|Electro Drift|p2b: Rillaboom\n|-resisted|p2b: Rillaboom\n|-damage|p2b: Rillaboom|11/100\n|\n|-heal|p2a: Zamazenta|40/100|[from] Grassy Terrain\n|-heal|p2b: Rillaboom|17/100|[from] Grassy Terrain\n|upkeep\n|turn|12\n|\n|t:|1771379506\n|move|p1b: Miraidon|Protect|p1b: Miraidon\n|-singleturn|p1b: Miraidon|Protect\n|move|p2b: Rillaboom|Fake Out|p1b: Miraidon\n|-activate|p1b: Miraidon|move: Protect\n|move|p2a: Zamazenta|Body Press|p1b: Miraidon\n|-activate|p1b: Miraidon|move: Protect\n|\n|-heal|p2a: Zamazenta|46/100|[from] Grassy Terrain\n|-heal|p2b: Rillaboom|23/100|[from] Grassy Terrain\n|upkeep\n|turn|13\n|\n|t:|1771379524\n|switch|p2b: Riolu|Riolu, L50, F|19/100\n|move|p2a: Zamazenta|Protect|p2a: Zamazenta\n|-singleturn|p2a: Zamazenta|Protect\n|move|p1b: Miraidon|Draco Meteor|p2b: Riolu\n|-damage|p2b: Riolu|0 fnt\n|-unboost|p1b: Miraidon|spa|2\n|faint|p2b: Riolu\n|\n|-heal|p2a: Zamazenta|52/100|[from] Grassy Terrain\n|upkeep\n|\n|t:|1771379528\n|switch|p2b: Rillaboom|Rillaboom, L50, F|23/100\n|turn|14\n|\n|t:|1771379531\n|move|p1b: Miraidon|Protect|p1b: Miraidon\n|-singleturn|p1b: Miraidon|Protect\n|move|p2b: Rillaboom|Fake Out|p1b: Miraidon\n|-activate|p1b: Miraidon|move: Protect\n|move|p2a: Zamazenta|Body Press|p1b: Miraidon\n|-activate|p1b: Miraidon|move: Protect\n|\n|-heal|p2a: Zamazenta|58/100|[from] Grassy Terrain\n|-heal|p2b: Rillaboom|28/100|[from] Grassy Terrain\n|upkeep\n|turn|15\n|\n|t:|1771379538\n|move|p1b: Miraidon|Draco Meteor|p2b: Rillaboom\n|-damage|p2b: Rillaboom|9/100\n|-unboost|p1b: Miraidon|spa|2\n|move|p2a: Zamazenta|Body Press|p1b: Miraidon\n|-damage|p1b: Miraidon|53/100\n|move|p2b: Rillaboom|Wood Hammer|p1b: Miraidon\n|-resisted|p1b: Miraidon\n|-damage|p1b: Miraidon|12/100\n|-damage|p2b: Rillaboom|0 fnt|[from] Recoil\n|faint|p2b: Rillaboom\n|\n|-heal|p1b: Miraidon|18/100|[from] Grassy Terrain\n|-heal|p2a: Zamazenta|64/100|[from] Grassy Terrain\n|-fieldend|move: Grassy Terrain\n|upkeep\n|turn|16\n|\n|t:|1771379549\n|move|p1b: Miraidon|Protect|p1b: Miraidon\n|-singleturn|p1b: Miraidon|Protect\n|move|p2a: Zamazenta|Body Press|p1b: Miraidon\n|-activate|p1b: Miraidon|move: Protect\n|\n|upkeep\n|turn|17\n|\n|t:|1771379551\n|move|p1b: Miraidon|Electro Drift|p2a: Zamazenta\n|-damage|p2a: Zamazenta|52/100\n|move|p2a: Zamazenta|Body Press|p1b: Miraidon\n|-damage|p1b: Miraidon|0 fnt\n|faint|p1b: Miraidon\n|\n|win|alexit93\n|raw|Ruzoc's rating: 1309 &rarr; <strong>1291</strong><br />(-18 for losing)\n|raw|alexit93's rating: 1341 &rarr; <strong>1359</strong><br />(+18 for winning)\n|l|\u2606Ruzoc\n|player|p1|\n|l|\u2606alexit93\n|player|p2|\n","uploadtime":1771379717,"views":15,"formatid":"gen9vgc2026regi","rating":1291,"private":0,"password":null}