{"id":"gen9vgc2026regi-2519356986","format":"[Gen 9] VGC 2026 Reg I","players":["1zha","Mariopopo"],"log":"|j|\u26061zha\n|j|\u2606Mariopopo\n|t:|1768498757\n|gametype|doubles\n|player|p1|1zha|battlegirl-gen4|1250\n|player|p2|Mariopopo|170|1169\n|gen|9\n|tier|[Gen 9] VGC 2026 Reg I\n|rated|\n|rule|Species Clause: Limit one of each Pok\u00e9mon\n|rule|Item Clause: Limit 1 of each item\n|clearpoke\n|poke|p1|Calyrex-Shadow, L50|\n|poke|p1|Zamazenta-*, L50|\n|poke|p1|Whimsicott, L50, M|\n|poke|p1|Maushold-Four, L50|\n|poke|p1|Chi-Yu, L50|\n|poke|p1|Amoonguss, L50, F|\n|poke|p2|Incineroar, L50, M|\n|poke|p2|Rillaboom, L50, F|\n|poke|p2|Calyrex-Ice, L50|\n|poke|p2|Urshifu-*, L50, M|\n|poke|p2|Pelipper, L50, M|\n|poke|p2|Raging Bolt, L50|\n|teampreview|4\n|j| Rxu\n|\n|t:|1768498783\n|teamsize|p1|4\n|teamsize|p2|4\n|start\n|switch|p1a: Whimsicott|Whimsicott, L50, M|100/100\n|switch|p1b: Zamazenta|Zamazenta-Crowned, L50|100/100\n|switch|p2a: Pelipper|Pelipper, L50, M|100/100\n|switch|p2b: Urshifu|Urshifu-Rapid-Strike, L50, M|100/100\n|-ability|p1b: Zamazenta|Dauntless Shield|boost\n|-boost|p1b: Zamazenta|def|1\n|-weather|RainDance|[from] ability: Drizzle|[of] p2a: Pelipper\n|turn|1\n|inactive|Battle timer is ON: inactive players will automatically lose when time's up. (requested by Mariopopo)\n|\n|t:|1768498795\n|-terastallize|p1b: Zamazenta|Dragon\n|move|p1a: Whimsicott|Tailwind|p1a: Whimsicott\n|-sidestart|p1: 1zha|move: Tailwind\n|move|p1b: Zamazenta|Body Press|p2b: Urshifu\n|-damage|p2b: Urshifu|25/100\n|move|p2b: Urshifu|Surging Strikes|p1b: Zamazenta\n|-resisted|p1b: Zamazenta\n|-crit|p1b: Zamazenta\n|-damage|p1b: Zamazenta|91/100\n|-resisted|p1b: Zamazenta\n|-crit|p1b: Zamazenta\n|-damage|p1b: Zamazenta|82/100\n|-resisted|p1b: Zamazenta\n|-crit|p1b: Zamazenta\n|-damage|p1b: Zamazenta|73/100\n|-hitcount|p1b: Zamazenta|3\n|move|p2a: Pelipper|Hurricane|p1a: Whimsicott\n|-supereffective|p1a: Whimsicott\n|-enditem|p1a: Whimsicott|Focus Sash\n|-damage|p1a: Whimsicott|1/100\n|-start|p1a: Whimsicott|confusion\n|\n|-weather|RainDance|[upkeep]\n|upkeep\n|turn|2\n|\n|t:|1768498816\n|-activate|p1a: Whimsicott|confusion\n|move|p1a: Whimsicott|Endeavor|p2a: Pelipper\n|-damage|p2a: Pelipper|1/100\n|move|p1b: Zamazenta|Body Press|p2b: Urshifu\n|-damage|p2b: Urshifu|0 fnt\n|faint|p2b: Urshifu\n|move|p2a: Pelipper|Weather Ball|p1b: Zamazenta\n|-resisted|p1b: Zamazenta\n|-damage|p1b: Zamazenta|49/100\n|\n|-weather|RainDance|[upkeep]\n|upkeep\n|\n|t:|1768498835\n|switch|p2b: Calyrex|Calyrex-Ice, L50|100/100\n|-ability|p2b: Calyrex|As One\n|-ability|p2b: Calyrex|Unnerve\n|turn|3\n|\n|t:|1768498846\n|-end|p1a: Whimsicott|confusion\n|move|p1a: Whimsicott|Endeavor|p2b: Calyrex\n|-damage|p2b: Calyrex|1/100\n|move|p1b: Zamazenta|Body Press|p2b: Calyrex\n|-damage|p2b: Calyrex|0 fnt\n|faint|p2b: Calyrex\n|move|p2a: Pelipper|Weather Ball|p1b: Zamazenta\n|-resisted|p1b: Zamazenta\n|-damage|p1b: Zamazenta|24/100\n|\n|-weather|RainDance|[upkeep]\n|upkeep\n|\n|t:|1768498853\n|switch|p2b: Incineroar|Incineroar, L50, M|100/100\n|-ability|p2b: Incineroar|Intimidate|boost\n|-unboost|p1a: Whimsicott|atk|1\n|-unboost|p1b: Zamazenta|atk|1\n|turn|4\n|\n|t:|1768498860\n|switch|p1a: Amoonguss|Amoonguss, L50, F|100/100\n|move|p2b: Incineroar|Fake Out|p1a: Amoonguss\n|-damage|p1a: Amoonguss|90/100\n|move|p1b: Zamazenta|Body Press|p2a: Pelipper\n|-resisted|p2a: Pelipper\n|-damage|p2a: Pelipper|0 fnt\n|faint|p2a: Pelipper\n|\n|-weather|RainDance|[upkeep]\n|-sideend|p1: 1zha|move: Tailwind\n|upkeep\n|turn|5\n|-message|Mariopopo forfeited.\n|\n|win|1zha\n|raw|1zha's rating: 1250 &rarr; <strong>1269</strong><br />(+19 for winning)\n|raw|Mariopopo's rating: 1169 &rarr; <strong>1150</strong><br />(-19 for losing)\n|l|\u2606Mariopopo\n|player|p2|\n|l|\u26061zha\n|player|p1|\n|l| Rxu\n","uploadtime":1768499050,"views":12,"formatid":"gen9vgc2026regi","rating":1150,"private":0,"password":null}