{"id":"gen9vgc2026regi-2540590823","format":"[Gen 9] VGC 2026 Reg I","players":["parramanmatt","SEITA"],"log":"|j|\u2606parramanmatt\n|j|\u2606SEITA\n|t:|1771223146\n|gametype|doubles\n|player|p1|parramanmatt|chuck|1407\n|player|p2|SEITA|lucas-gen4pt|1501\n|gen|9\n|tier|[Gen 9] VGC 2026 Reg I\n|rated|\n|rule|Species Clause: Limit one of each Pok\u00e9mon\n|rule|Item Clause: Limit 1 of each item\n|clearpoke\n|poke|p1|Zamazenta-*, L50|\n|poke|p1|Miraidon, L50|\n|poke|p1|Chien-Pao, L50|\n|poke|p1|Farigiraf, L50, M|\n|poke|p1|Tornadus, L50, M|\n|poke|p1|Volcarona, L50, F|\n|poke|p2|Zamazenta-*, L50|\n|poke|p2|Kyogre, L50|\n|poke|p2|Wo-Chien, L50|\n|poke|p2|Grimmsnarl, L50, M|\n|poke|p2|Rhyperior, L50, M|\n|poke|p2|Ditto, L50|\n|teampreview|4\n|inactive|Battle timer is ON: inactive players will automatically lose when time's up. (requested by parramanmatt)\n|inactive|parramanmatt has 60 seconds left.\n|inactive|SEITA has 60 seconds left.\n|\n|t:|1771223181\n|teamsize|p1|4\n|teamsize|p2|4\n|start\n|switch|p1a: Miraidon|Miraidon, L50|100/100\n|switch|p1b: Tornadus|Tornadus, L50, M|100/100\n|switch|p2a: Grimmsnarl|Grimmsnarl, L50, M|100/100\n|switch|p2b: Kyogre|Kyogre, L50|100/100\n|-fieldstart|move: Electric Terrain|[from] ability: Hadron Engine|[of] p1a: Miraidon\n|-weather|RainDance|[from] ability: Drizzle|[of] p2b: Kyogre\n|turn|1\n|\n|t:|1771223198\n|move|p2a: Grimmsnarl|Parting Shot|p1a: Miraidon\n|-unboost|p1a: Miraidon|atk|1\n|-unboost|p1a: Miraidon|spa|1\n|\n|t:|1771223201\n|switch|p2a: Rhyperior|Rhyperior, L50, M|100/100|[from] Parting Shot\n|move|p1a: Miraidon|Draco Meteor|p2b: Kyogre\n|-damage|p2b: Kyogre|57/100\n|-unboost|p1a: Miraidon|spa|2\n|move|p1b: Tornadus|Bleakwind Storm|p2a: Rhyperior|[spread] p2a,p2b\n|-resisted|p2a: Rhyperior\n|-damage|p2a: Rhyperior|89/100\n|-damage|p2b: Kyogre|34/100\n|-unboost|p2b: Kyogre|spe|1\n|move|p2b: Kyogre|Thunder|p2a: Rhyperior\n|-activate|p2a: Rhyperior|ability: Lightning Rod\n|-ability|p2a: Rhyperior|Lightning Rod|boost\n|-boost|p2a: Rhyperior|spa|1\n|\n|-weather|RainDance|[upkeep]\n|-heal|p2b: Kyogre|40/100|[from] item: Leftovers\n|upkeep\n|turn|2\n|inactive|SEITA has 30 seconds left.\n|inactive|SEITA has 20 seconds left.\n|\n|t:|1771223241\n|switch|p1a: Zamazenta|Zamazenta-Crowned, L50|100/100\n|-ability|p1a: Zamazenta|Dauntless Shield|boost\n|-boost|p1a: Zamazenta|def|1\n|move|p1b: Tornadus|Protect|p1b: Tornadus\n|-singleturn|p1b: Tornadus|Protect\n|move|p2b: Kyogre|Origin Pulse|p1a: Zamazenta|[spread] p1a\n|-activate|p1b: Tornadus|move: Protect\n|-damage|p1a: Zamazenta|49/100\n|move|p2a: Rhyperior|Stone Edge|p1b: Tornadus\n|-activate|p1b: Tornadus|move: Protect\n|\n|-weather|RainDance|[upkeep]\n|-heal|p2b: Kyogre|46/100|[from] item: Leftovers\n|upkeep\n|turn|3\n|inactive|SEITA has 30 seconds left.\n|inactive|SEITA has 20 seconds left.\n|inactive|SEITA has 15 seconds left.\n|\n|t:|1771223281\n|-terastallize|p2a: Rhyperior|Water\n|move|p2b: Kyogre|Protect|p2b: Kyogre\n|-singleturn|p2b: Kyogre|Protect\n|move|p1b: Tornadus|Leer|p2b: Kyogre|[spread] p2a\n|-activate|p2b: Kyogre|move: Protect\n|-unboost|p2a: Rhyperior|def|1\n|move|p1a: Zamazenta|Body Press|p2b: Kyogre\n|-activate|p2b: Kyogre|move: Protect\n|move|p2a: Rhyperior|Stone Edge|p1b: Tornadus\n|-supereffective|p1b: Tornadus\n|-damage|p1b: Tornadus|0 fnt\n|faint|p1b: Tornadus\n|\n|-weather|RainDance|[upkeep]\n|-heal|p2b: Kyogre|52/100|[from] item: Leftovers\n|upkeep\n|\n|t:|1771223297\n|switch|p1b: Miraidon|Miraidon, L50|100/100\n|-activate|p1b: Miraidon|ability: Hadron Engine\n|turn|4\n|\n|t:|1771223314\n|switch|p2b: Zamazenta|Zamazenta-Crowned, L50|100/100\n|-ability|p2b: Zamazenta|Dauntless Shield|boost\n|-boost|p2b: Zamazenta|def|1\n|switch|p2a: Grimmsnarl|Grimmsnarl, L50, M|100/100\n|move|p1b: Miraidon|Draco Meteor|p2b: Zamazenta\n|-resisted|p2b: Zamazenta\n|-damage|p2b: Zamazenta|67/100\n|-unboost|p1b: Miraidon|spa|2\n|move|p1a: Zamazenta|Body Press|p2b: Zamazenta\n|-supereffective|p2b: Zamazenta\n|-damage|p2b: Zamazenta|12/100\n|\n|-weather|RainDance|[upkeep]\n|upkeep\n|turn|5\n|inactive|SEITA has 30 seconds left.\n|\n|t:|1771223348\n|move|p2a: Grimmsnarl|Light Screen|p2a: Grimmsnarl\n|-sidestart|p2: SEITA|move: Light Screen\n|move|p1b: Miraidon|Draco Meteor|p2b: Zamazenta\n|-resisted|p2b: Zamazenta\n|-damage|p2b: Zamazenta|1/100\n|-unboost|p1b: Miraidon|spa|2\n|move|p2b: Zamazenta|Body Press|p1a: Zamazenta\n|-supereffective|p1a: Zamazenta\n|-damage|p1a: Zamazenta|1/100\n|move|p1a: Zamazenta|Heavy Slam|p2a: Grimmsnarl\n|-supereffective|p2a: Grimmsnarl\n|-damage|p2a: Grimmsnarl|17/100\n|\n|-weather|none\n|-fieldend|move: Electric Terrain\n|upkeep\n|turn|6\n|inactive|parramanmatt has 30 seconds left.\n|inactive|SEITA has 30 seconds left.\n|\n|t:|1771223379\n|switch|p1b: Chien-Pao|Chien-Pao, L50|100/100\n|-ability|p1b: Chien-Pao|Sword of Ruin\n|move|p2b: Zamazenta|Protect|p2b: Zamazenta\n|-singleturn|p2b: Zamazenta|Protect\n|move|p2a: Grimmsnarl|Reflect|p2a: Grimmsnarl\n|-sidestart|p2: SEITA|Reflect\n|move|p1a: Zamazenta|Heavy Slam|p2a: Grimmsnarl\n|-supereffective|p2a: Grimmsnarl\n|-damage|p2a: Grimmsnarl|0 fnt\n|faint|p2a: Grimmsnarl\n|\n|upkeep\n|\n|t:|1771223394\n|switch|p2a: Rhyperior|Rhyperior, L50, M, tera:Water|89/100\n|turn|7\n|\n|t:|1771223400\n|move|p1b: Chien-Pao|Throat Chop|p2b: Zamazenta\n|-resisted|p2b: Zamazenta\n|-damage|p2b: Zamazenta|0 fnt\n|faint|p2b: Zamazenta\n|move|p1a: Zamazenta|Body Press|p2a: Rhyperior\n|-damage|p2a: Rhyperior|43/100\n|move|p2a: Rhyperior|Rock Slide|p1a: Zamazenta|[spread] p1a,p1b\n|-resisted|p1a: Zamazenta\n|-supereffective|p1b: Chien-Pao\n|-damage|p1a: Zamazenta|0 fnt\n|-damage|p1b: Chien-Pao|20/100\n|faint|p1a: Zamazenta\n|\n|upkeep\n|\n|t:|1771223413\n|switch|p2b: Kyogre|Kyogre, L50|52/100\n|switch|p1a: Miraidon|Miraidon, L50|100/100\n|-fieldstart|move: Electric Terrain|[from] ability: Hadron Engine|[of] p1a: Miraidon\n|-weather|RainDance|[from] ability: Drizzle|[of] p2b: Kyogre\n|turn|8\n|\n|t:|1771223435\n|move|p1a: Miraidon|Draco Meteor|p2a: Rhyperior\n|-damage|p2a: Rhyperior|0 fnt\n|-unboost|p1a: Miraidon|spa|2\n|faint|p2a: Rhyperior\n|move|p1b: Chien-Pao|Throat Chop|p2b: Kyogre\n|-damage|p2b: Kyogre|24/100\n|-start|p2b: Kyogre|Throat Chop|[silent]\n|move|p2b: Kyogre|Origin Pulse|p1a: Miraidon|[spread] p1a,p1b\n|-resisted|p1a: Miraidon\n|-crit|p1b: Chien-Pao\n|-damage|p1a: Miraidon|71/100\n|-damage|p1b: Chien-Pao|0 fnt\n|faint|p1b: Chien-Pao\n|\n|-weather|RainDance|[upkeep]\n|-heal|p2b: Kyogre|30/100|[from] item: Leftovers\n|upkeep\n|turn|9\n|\n|t:|1771223454\n|move|p2b: Kyogre|Protect|p2b: Kyogre\n|-singleturn|p2b: Kyogre|Protect\n|move|p1a: Miraidon|Draco Meteor|p2b: Kyogre\n|-activate|p2b: Kyogre|move: Protect\n|\n|-weather|RainDance|[upkeep]\n|-heal|p2b: Kyogre|36/100|[from] item: Leftovers\n|-end|p2b: Kyogre|Throat Chop|[silent]\n|upkeep\n|turn|10\n|\n|t:|1771223465\n|move|p1a: Miraidon|Draco Meteor|p2b: Kyogre\n|-damage|p2b: Kyogre|15/100\n|-unboost|p1a: Miraidon|spa|2\n|move|p2b: Kyogre|Ice Beam|p1a: Miraidon\n|-supereffective|p1a: Miraidon\n|-damage|p1a: Miraidon|15/100\n|\n|-weather|RainDance|[upkeep]\n|-heal|p2b: Kyogre|21/100|[from] item: Leftovers\n|upkeep\n|turn|11\n|\n|t:|1771223477\n|move|p2b: Kyogre|Protect|p2b: Kyogre\n|-singleturn|p2b: Kyogre|Protect\n|move|p1a: Miraidon|Draco Meteor|p2b: Kyogre\n|-activate|p2b: Kyogre|move: Protect\n|\n|-weather|RainDance|[upkeep]\n|-heal|p2b: Kyogre|27/100|[from] item: Leftovers\n|upkeep\n|turn|12\n|\n|t:|1771223486\n|move|p1a: Miraidon|Draco Meteor|p2b: Kyogre\n|-damage|p2b: Kyogre|11/100\n|-unboost|p1a: Miraidon|spa|2\n|move|p2b: Kyogre|Ice Beam|p1a: Miraidon\n|-supereffective|p1a: Miraidon\n|-damage|p1a: Miraidon|0 fnt\n|faint|p1a: Miraidon\n|\n|win|SEITA\n|raw|parramanmatt's rating: 1407 &rarr; <strong>1392</strong><br />(-15 for losing)\n|raw|SEITA's rating: 1501 &rarr; <strong>1516</strong><br />(+15 for winning)\n|l|\u2606parramanmatt\n|player|p1|\n|l|\u2606SEITA\n|player|p2|\n|j|\u2606SEITA\n|player|p2|SEITA|lucas-gen4pt|\n","uploadtime":1771223497,"views":48,"formatid":"gen9vgc2026regi","rating":1392,"private":0,"password":null}