{"id":"gen9vgc2026regi-2547016727","format":"[Gen 9] VGC 2026 Reg I","players":["jepeg","Ethanathome"],"log":"|j|\u2606jepeg\n|j|\u2606Ethanathome\n|t:|1772039024\n|gametype|doubles\n|player|p1|jepeg|beauty-gen4dp|1194\n|player|p2|Ethanathome|ethan|1258\n|gen|9\n|tier|[Gen 9] VGC 2026 Reg I\n|rated|\n|rule|Species Clause: Limit one of each Pok\u00e9mon\n|rule|Item Clause: Limit 1 of each item\n|clearpoke\n|poke|p1|Calyrex-Shadow, L50|\n|poke|p1|Oranguru, L50, F|\n|poke|p1|Miraidon, L50|\n|poke|p1|Ogerpon-Hearthflame, L50, F|\n|poke|p1|Bruxish, L50, F|\n|poke|p1|Torkoal, L50, F|\n|poke|p2|Lunala, L50|\n|poke|p2|Muk-Alola, L50, M|\n|poke|p2|Smeargle, L50, F|\n|poke|p2|Flamigo, L50, F|\n|poke|p2|Flutter Mane, L50|\n|poke|p2|Calyrex-Shadow, L50|\n|teampreview|4\n|inactive|Battle timer is ON: inactive players will automatically lose when time's up. (requested by Ethanathome)\n|\n|t:|1772039064\n|teamsize|p1|4\n|teamsize|p2|4\n|start\n|switch|p1a: Calyrex|Calyrex-Shadow, L50|100/100\n|switch|p1b: Bruxish|Bruxish, L50, F, shiny|100/100\n|switch|p2a: Smeargle|Smeargle, L50, F|100/100\n|switch|p2b: Muk|Muk-Alola, L50, M, shiny|100/100\n|-ability|p1a: Calyrex|As One\n|-ability|p1a: Calyrex|Unnerve\n|turn|1\n|inactive|jepeg has 30 seconds left.\n|\n|t:|1772039093\n|-terastallize|p1a: Calyrex|Fire\n|-terastallize|p2b: Muk|Grass\n|move|p2a: Smeargle|Follow Me|p2a: Smeargle\n|-singleturn|p2a: Smeargle|move: Follow Me\n|move|p1b: Bruxish|Surf|p2b: Muk|[spread] p1a,p2a,p2b\n|-supereffective|p1a: Calyrex\n|-resisted|p2b: Muk\n|-damage|p1a: Calyrex|70/100\n|-damage|p2a: Smeargle|71/100\n|-damage|p2b: Muk|95/100\n|-enditem|p1a: Calyrex|Weakness Policy\n|-boost|p1a: Calyrex|atk|2|[from] item: Weakness Policy\n|-boost|p1a: Calyrex|spa|2|[from] item: Weakness Policy\n|move|p1a: Calyrex|Astral Barrage|p2a: Smeargle|[spread] p2b\n|-immune|p2a: Smeargle\n|-damage|p2b: Muk|14/100\n|move|p2b: Muk|Minimize|p2b: Muk\n|-boost|p2b: Muk|evasion|2\n|\n|-heal|p2b: Muk|20/100|[from] item: Leftovers\n|-ability|p2a: Smeargle|Moody|boost\n|-boost|p2a: Smeargle|spe|2\n|-unboost|p2a: Smeargle|spa|1\n|upkeep\n|turn|2\n|inactive|jepeg has 30 seconds left.\n|inactive|jepeg has 20 seconds left.\n|inactive|jepeg has 15 seconds left.\n|\n|t:|1772039137\n|switch|p1b: Oranguru|Oranguru, L50, F, shiny|100/100\n|move|p2a: Smeargle|Wide Guard|p2a: Smeargle\n|-singleturn|p2a: Smeargle|Wide Guard\n|move|p1a: Calyrex|Pollen Puff|p2a: Smeargle\n|-damage|p2a: Smeargle|0 fnt\n|faint|p2a: Smeargle\n|-ability|p2b: Muk|Moody|Power of Alchemy|[from] ability: Power of Alchemy|[of] p2a: Smeargle\n|-ability|p1a: Calyrex|Grim Neigh|boost\n|-boost|p1a: Calyrex|spa|1\n|move|p2b: Muk|Minimize|p2b: Muk\n|-boost|p2b: Muk|evasion|2\n|\n|-heal|p2b: Muk|26/100|[from] item: Leftovers\n|-ability|p2b: Muk|Moody|boost\n|-boost|p2b: Muk|atk|2\n|-unboost|p2b: Muk|def|1\n|upkeep\n|\n|t:|1772039156\n|switch|p2a: Lunala|Lunala, L50|100/100\n|turn|3\n|\n|t:|1772039174\n|move|p2b: Muk|Protect|p2b: Muk\n|-singleturn|p2b: Muk|Protect\n|move|p1a: Calyrex|Tera Blast|p2b: Muk|[anim] Tera Blast Fire\n|-activate|p2b: Muk|move: Protect\n|move|p2a: Lunala|Psych Up|p2b: Muk\n|-copyboost|p2a: Lunala|p2b: Muk|[from] move: Psych Up\n|move|p1b: Oranguru|Trick Room|p1b: Oranguru\n|-fieldstart|move: Trick Room|[of] p1b: Oranguru\n|\n|-heal|p2b: Muk|32/100|[from] item: Leftovers\n|-ability|p2b: Muk|Moody|boost\n|-boost|p2b: Muk|spa|2\n|-unboost|p2b: Muk|atk|1\n|upkeep\n|turn|4\n|\n|t:|1772039195\n|move|p1b: Oranguru|Encore|p2a: Lunala|[miss]\n|-miss|p1b: Oranguru|p2a: Lunala\n|move|p2b: Muk|Minimize|p2b: Muk\n|-boost|p2b: Muk|evasion|2\n|move|p2a: Lunala|Moonblast|p1a: Calyrex\n|-resisted|p1a: Calyrex\n|-damage|p1a: Calyrex|50/100\n|move|p1a: Calyrex|Astral Barrage|p2b: Muk|[spread] \n|-miss|p1a: Calyrex|p2a: Lunala\n|-miss|p1a: Calyrex|p2b: Muk\n|\n|-heal|p2b: Muk|38/100|[from] item: Leftovers\n|-ability|p2b: Muk|Moody|boost\n|-boost|p2b: Muk|def|2\n|-unboost|p2b: Muk|spe|1\n|upkeep\n|turn|5\n|\n|t:|1772039220\n|move|p2b: Muk|Poison Gas|p1b: Oranguru|[spread] p1a,p1b\n|-status|p1a: Calyrex|psn\n|-status|p1b: Oranguru|psn\n|move|p1b: Oranguru|Instruct|p1a: Calyrex\n|-singleturn|p1a: Calyrex|move: Instruct|[of] p1b: Oranguru\n|move|p1a: Calyrex|Astral Barrage|p2b: Muk|[spread] p2a\n|-miss|p1a: Calyrex|p2b: Muk\n|-supereffective|p2a: Lunala\n|-damage|p2a: Lunala|0 fnt\n|faint|p2a: Lunala\n|-ability|p1a: Calyrex|Grim Neigh|boost\n|-boost|p1a: Calyrex|spa|1\n|move|p1a: Calyrex|Astral Barrage|p2b: Muk\n|-damage|p2b: Muk|0 fnt\n|faint|p2b: Muk\n|-ability|p1a: Calyrex|Grim Neigh|boost\n|-boost|p1a: Calyrex|spa|1\n|\n|-damage|p1b: Oranguru|88/100 psn|[from] psn\n|-damage|p1a: Calyrex|38/100 psn|[from] psn\n|upkeep\n|\n|t:|1772039242\n|switch|p2a: Calyrex|Calyrex-Shadow, L50|100/100\n|-ability|p2a: Calyrex|As One\n|-ability|p2a: Calyrex|Unnerve\n|-enditem|p2a: Calyrex|Room Service\n|-unboost|p2a: Calyrex|spe|1|[from] item: Room Service\n|turn|6\n|\n|t:|1772039252\n|move|p1b: Oranguru|Instruct|p1a: Calyrex\n|-singleturn|p1a: Calyrex|move: Instruct|[of] p1b: Oranguru\n|move|p1a: Calyrex|Astral Barrage|p2a: Calyrex\n|-supereffective|p2a: Calyrex\n|-damage|p2a: Calyrex|0 fnt\n|faint|p2a: Calyrex\n|\n|win|jepeg\n|raw|jepeg's rating: 1194 &rarr; <strong>1224</strong><br />(+30 for winning)\n|raw|Ethanathome's rating: 1258 &rarr; <strong>1228</strong><br />(-30 for losing)\n|l|\u2606Ethanathome\n|player|p2|\n|l|\u2606jepeg\n|player|p1|\n","uploadtime":1772039500,"views":12,"formatid":"gen9vgc2026regi","rating":1224,"private":0,"password":null}