{"id":"gen9vgc2026regi-2558974328","format":"[Gen 9] VGC 2026 Reg I","players":["123456ag","SnarkyShane"],"log":"|j|\u2606123456ag\n|j|\u2606SnarkyShane\n|t:|1773507551\n|gametype|doubles\n|player|p1|123456ag|swimmerf-gen4dp|1527\n|player|p2|SnarkyShane|gambler|1500\n|gen|9\n|tier|[Gen 9] VGC 2026 Reg I\n|rated|\n|rule|Species Clause: Limit one of each Pok\u00e9mon\n|rule|Item Clause: Limit 1 of each item\n|clearpoke\n|poke|p1|Rillaboom, L50, M|\n|poke|p1|Koraidon, L50|\n|poke|p1|Incineroar, L50, M|\n|poke|p1|Smeargle, L50, M|\n|poke|p1|Lunala, L50|\n|poke|p1|Ursaluna, L50, F|\n|poke|p2|Rayquaza, L50|\n|poke|p2|Calyrex-Shadow, L50|\n|poke|p2|Chien-Pao, L50|\n|poke|p2|Ting-Lu, L50|\n|poke|p2|Amoonguss, L50, M|\n|poke|p2|Avalugg-Hisui, L50, F|\n|teampreview|4\n|inactive|Battle timer is ON: inactive players will automatically lose when time's up. (requested by SnarkyShane)\n|inactive|123456ag has 60 seconds left.\n|inactive|SnarkyShane has 60 seconds left.\n|\n|t:|1773507591\n|teamsize|p1|4\n|teamsize|p2|4\n|start\n|switch|p1a: Lunala|Lunala, L50|100/100\n|switch|p1b: Smeargle|Smeargle, L50, M|100/100\n|switch|p2a: FesterinEquestrian|Calyrex-Shadow, L50|100/100\n|switch|p2b: Noodle Del Muerte|Rayquaza, L50|100/100\n|-ability|p2a: FesterinEquestrian|As One\n|-ability|p2a: FesterinEquestrian|Unnerve\n|-ability|p2b: Noodle Del Muerte|Air Lock\n|turn|1\n|\n|t:|1773507612\n|switch|p2b: Big Gulp|Ting-Lu, L50|100/100\n|-ability|p2b: Big Gulp|Vessel of Ruin\n|move|p1b: Smeargle|Spiky Shield|p1b: Smeargle\n|-singleturn|p1b: Smeargle|move: Protect\n|move|p2a: FesterinEquestrian|Taunt|p1b: Smeargle\n|-activate|p1b: Smeargle|move: Protect\n|move|p1a: Lunala|Trick Room|p1a: Lunala\n|-fieldstart|move: Trick Room|[of] p1a: Lunala\n|\n|-ability|p1b: Smeargle|Moody|boost\n|-boost|p1b: Smeargle|spd|2\n|-unboost|p1b: Smeargle|atk|1\n|upkeep\n|turn|2\n|inactive|123456ag has 30 seconds left.\n|inactive|SnarkyShane has 30 seconds left.\n|inactive|123456ag has 20 seconds left.\n|inactive|123456ag has 15 seconds left.\n|\n|t:|1773507652\n|move|p2b: Big Gulp|Ruination|p1a: Lunala\n|-damage|p1a: Lunala|50/100\n|move|p1a: Lunala|Meteor Beam||[still]\n|-prepare|p1a: Lunala|Meteor Beam\n|-boost|p1a: Lunala|spa|1\n|-enditem|p1a: Lunala|Power Herb\n|-anim|p1a: Lunala|Meteor Beam|p2a: FesterinEquestrian\n|-damage|p2a: FesterinEquestrian|50/100\n|move|p1b: Smeargle|Spore|p2b: Big Gulp\n|-status|p2b: Big Gulp|slp|[from] move: Spore\n|move|p2a: FesterinEquestrian|Taunt|p1b: Smeargle\n|-start|p1b: Smeargle|move: Taunt\n|\n|-ability|p1b: Smeargle|Moody|boost\n|-boost|p1b: Smeargle|spe|2\n|-unboost|p1b: Smeargle|atk|1\n|upkeep\n|turn|3\n|inactive|123456ag has 30 seconds left.\n|inactive|SnarkyShane has 30 seconds left.\n|inactive|SnarkyShane has 20 seconds left.\n|\n|t:|1773507691\n|switch|p2a: Victor Creed|Chien-Pao, L50|100/100\n|-ability|p2a: Victor Creed|Sword of Ruin\n|switch|p1b: Ursaluna|Ursaluna, L50, F|100/100\n|cant|p2b: Big Gulp|slp\n|move|p1a: Lunala|Moongeist Beam|p2a: Victor Creed\n|-resisted|p2a: Victor Creed\n|-damage|p2a: Victor Creed|58/100\n|\n|-status|p1b: Ursaluna|brn|[from] item: Flame Orb\n|upkeep\n|turn|4\n|inactive|123456ag has 30 seconds left.\n|inactive|SnarkyShane has 30 seconds left.\n|inactive|123456ag has 20 seconds left.\n|\n|t:|1773507729\n|switch|p1a: Koraidon|Koraidon, L50|100/100\n|-weather|SunnyDay|[from] ability: Orichalcum Pulse|[of] p1a: Koraidon\n|-activate|p1a: Koraidon|Orichalcum Pulse|[source]\n|move|p2a: Victor Creed|Sucker Punch|p1b: Ursaluna\n|-damage|p1b: Ursaluna|53/100 brn\n|-damage|p2a: Victor Creed|48/100|[from] item: Life Orb\n|-curestatus|p2b: Big Gulp|slp|[msg]\n|move|p2b: Big Gulp|Throat Chop|p1b: Ursaluna\n|-damage|p1b: Ursaluna|21/100 brn\n|-start|p1b: Ursaluna|Throat Chop|[silent]\n|move|p1b: Ursaluna|Facade|p2a: Victor Creed\n|-damage|p2a: Victor Creed|0 fnt\n|faint|p2a: Victor Creed\n|\n|-weather|SunnyDay|[upkeep]\n|-damage|p1b: Ursaluna|15/100 brn|[from] brn\n|upkeep\n|\n|t:|1773507744\n|switch|p2a: Noodle Del Muerte|Rayquaza, L50|100/100\n|-ability|p2a: Noodle Del Muerte|Air Lock\n|turn|5\n|\n|t:|1773507759\n|switch|p1b: Lunala|Lunala, L50|50/100\n|-terastallize|p1a: Koraidon|Fire\n|move|p2b: Big Gulp|Throat Chop|p1b: Lunala\n|-supereffective|p1b: Lunala\n|-damage|p1b: Lunala|0 fnt\n|faint|p1b: Lunala\n|move|p2a: Noodle Del Muerte|Swords Dance|p2a: Noodle Del Muerte\n|-boost|p2a: Noodle Del Muerte|atk|2\n|move|p1a: Koraidon|Collision Course|p2b: Big Gulp\n|-supereffective|p2b: Big Gulp\n|-damage|p2b: Big Gulp|17/100\n|\n|-weather|SunnyDay|[upkeep]\n|-fieldend|move: Trick Room\n|upkeep\n|\n|t:|1773507769\n|switch|p1b: Smeargle|Smeargle, L50, M|100/100\n|turn|6\n|\n|t:|1773507784\n|move|p2a: Noodle Del Muerte|Protect|p2a: Noodle Del Muerte\n|-singleturn|p2a: Noodle Del Muerte|Protect\n|move|p1a: Koraidon|Flame Charge|p2b: Big Gulp\n|-damage|p2b: Big Gulp|0 fnt\n|-boost|p1a: Koraidon|spe|1\n|faint|p2b: Big Gulp\n|move|p1b: Smeargle|Spore|p2a: Noodle Del Muerte\n|-activate|p2a: Noodle Del Muerte|move: Protect\n|\n|-weather|SunnyDay|[upkeep]\n|-ability|p1b: Smeargle|Moody|boost\n|-boost|p1b: Smeargle|spa|2\n|-unboost|p1b: Smeargle|spd|1\n|upkeep\n|\n|t:|1773507793\n|switch|p2b: FesterinEquestrian|Calyrex-Shadow, L50|50/100\n|-ability|p2b: FesterinEquestrian|As One\n|-ability|p2b: FesterinEquestrian|Unnerve\n|turn|7\n|\n|t:|1773507805\n|move|p2a: Noodle Del Muerte|Extreme Speed|p1b: Smeargle\n|-enditem|p1b: Smeargle|Focus Sash\n|-damage|p1b: Smeargle|1/100\n|move|p1a: Koraidon|Flare Blitz|p2b: FesterinEquestrian\n|-damage|p2b: FesterinEquestrian|0 fnt\n|faint|p2b: FesterinEquestrian\n|-damage|p1a: Koraidon|87/100|[from] Recoil\n|move|p1b: Smeargle|Spore|p2a: Noodle Del Muerte\n|-status|p2a: Noodle Del Muerte|slp|[from] move: Spore\n|\n|-weather|SunnyDay|[upkeep]\n|-ability|p1b: Smeargle|Moody|boost\n|-boost|p1b: Smeargle|atk|2\n|-unboost|p1b: Smeargle|spa|1\n|upkeep\n|turn|8\n|\n|t:|1773507827\n|move|p1b: Smeargle|Follow Me|p1b: Smeargle\n|-singleturn|p1b: Smeargle|move: Follow Me\n|cant|p2a: Noodle Del Muerte|slp\n|move|p1a: Koraidon|Collision Course|p2a: Noodle Del Muerte\n|-resisted|p2a: Noodle Del Muerte\n|-damage|p2a: Noodle Del Muerte|73/100 slp\n|\n|-weather|none\n|-ability|p1b: Smeargle|Moody|boost\n|-boost|p1b: Smeargle|spa|2\n|-unboost|p1b: Smeargle|spd|1\n|upkeep\n|turn|9\n|\n|t:|1773507839\n|move|p1b: Smeargle|Follow Me|p1b: Smeargle\n|-singleturn|p1b: Smeargle|move: Follow Me\n|-curestatus|p2a: Noodle Del Muerte|slp|[msg]\n|move|p2a: Noodle Del Muerte|Extreme Speed|p1b: Smeargle\n|-damage|p1b: Smeargle|0 fnt\n|faint|p1b: Smeargle\n|move|p1a: Koraidon|Flare Blitz|p2a: Noodle Del Muerte\n|-resisted|p2a: Noodle Del Muerte\n|-damage|p2a: Noodle Del Muerte|43/100\n|-damage|p1a: Koraidon|77/100|[from] Recoil\n|\n|upkeep\n|\n|t:|1773507858\n|switch|p1b: Ursaluna|Ursaluna, L50, F|15/100 brn\n|turn|10\n|\n|t:|1773507874\n|move|p2a: Noodle Del Muerte|Protect|p2a: Noodle Del Muerte\n|-singleturn|p2a: Noodle Del Muerte|Protect\n|move|p1a: Koraidon|Flare Blitz|p2a: Noodle Del Muerte\n|-activate|p2a: Noodle Del Muerte|move: Protect\n|move|p1b: Ursaluna|Facade|p2a: Noodle Del Muerte\n|-activate|p2a: Noodle Del Muerte|move: Protect\n|\n|-damage|p1b: Ursaluna|9/100 brn|[from] brn\n|upkeep\n|turn|11\n|j| iamanewbie2\n|\n|t:|1773507898\n|move|p2a: Noodle Del Muerte|Extreme Speed|p1b: Ursaluna\n|-crit|p1b: Ursaluna\n|-damage|p1b: Ursaluna|0 fnt\n|faint|p1b: Ursaluna\n|move|p1a: Koraidon|Collision Course|p2a: Noodle Del Muerte\n|-resisted|p2a: Noodle Del Muerte\n|-damage|p2a: Noodle Del Muerte|16/100\n|\n|upkeep\n|turn|12\n|\n|t:|1773507908\n|-terastallize|p2a: Noodle Del Muerte|Normal\n|move|p1a: Koraidon|Protect|p1a: Koraidon\n|-singleturn|p1a: Koraidon|Protect\n|move|p2a: Noodle Del Muerte|Extreme Speed|p1a: Koraidon\n|-activate|p1a: Koraidon|move: Protect\n|\n|upkeep\n|turn|13\n|\n|t:|1773507914\n|move|p2a: Noodle Del Muerte|Extreme Speed|p1a: Koraidon\n|-damage|p1a: Koraidon|1/100\n|move|p1a: Koraidon|Collision Course|p2a: Noodle Del Muerte\n|-supereffective|p2a: Noodle Del Muerte\n|-damage|p2a: Noodle Del Muerte|0 fnt\n|faint|p2a: Noodle Del Muerte\n|\n|win|123456ag\n|raw|123456ag's rating: 1527 &rarr; <strong>1545</strong><br />(+18 for winning)\n|raw|SnarkyShane's rating: 1500 &rarr; <strong>1482</strong><br />(-18 for losing)\n|l|\u2606123456ag\n|player|p1|\n|l|\u2606SnarkyShane\n|player|p2|\n|l| iamanewbie2\n","uploadtime":1773508181,"views":22,"formatid":"gen9vgc2026regi","rating":1482,"private":0,"password":null}