{"id":"gen9vgc2026regi-2570028646","format":"[Gen 9] VGC 2026 Reg I","players":["suc vat vk","terafireflareblitz"],"log":"|j|\u2606suc vat vk\n|j|\u2606terafireflareblitz\n|t:|1774758647\n|gametype|doubles\n|player|p1|suc vat vk|kimonogirl|1575\n|player|p2|terafireflareblitz|sycamore|1582\n|gen|9\n|tier|[Gen 9] VGC 2026 Reg I\n|rated|\n|rule|Species Clause: Limit one of each Pok\u00e9mon\n|rule|Item Clause: Limit 1 of each item\n|clearpoke\n|poke|p1|Kyogre, L50|\n|poke|p1|Iron Jugulis, L50|\n|poke|p1|Amoonguss, L50, M|\n|poke|p1|Calyrex-Ice, L50|\n|poke|p1|Indeedee-F, L50, F|\n|poke|p1|Urshifu-*, L50, F|\n|poke|p2|Koraidon, L50|\n|poke|p2|Lunala, L50|\n|poke|p2|Indeedee-F, L50, F|\n|poke|p2|Flutter Mane, L50|\n|poke|p2|Volcarona, L50, F|\n|poke|p2|Ursaluna, L50, F|\n|teampreview|4\n|inactive|Battle timer is ON: inactive players will automatically lose when time's up. (requested by terafireflareblitz)\n|\n|t:|1774758658\n|teamsize|p1|4\n|teamsize|p2|4\n|start\n|switch|p1a: Indeedee|Indeedee-F, L50, F|100/100\n|switch|p1b: Calyrex|Calyrex-Ice, L50|100/100\n|switch|p2a: Lunala|Lunala, L50, shiny|100/100\n|switch|p2b: Indeedee|Indeedee-F, L50, F|100/100\n|-ability|p1b: Calyrex|As One\n|-ability|p1b: Calyrex|Unnerve\n|-fieldstart|move: Psychic Terrain|[from] ability: Psychic Surge|[of] p2b: Indeedee\n|turn|1\n|inactive|terafireflareblitz has 30 seconds left.\n|\n|t:|1774758687\n|switch|p2b: Volcarona|Volcarona, L50, F|100/100\n|move|p2a: Lunala|Wide Guard|p2a: Lunala\n|-singleturn|p2a: Lunala|Wide Guard\n|move|p1a: Indeedee|Follow Me|p1a: Indeedee\n|-singleturn|p1a: Indeedee|move: Follow Me\n|move|p1b: Calyrex|Swords Dance|p1b: Calyrex\n|-boost|p1b: Calyrex|atk|2\n|\n|upkeep\n|turn|2\n|\n|t:|1774758697\n|-terastallize|p2a: Lunala|Water\n|move|p1a: Indeedee|Follow Me|p1a: Indeedee\n|-singleturn|p1a: Indeedee|move: Follow Me\n|move|p2a: Lunala|Meteor Beam||[still]\n|-prepare|p2a: Lunala|Meteor Beam\n|-boost|p2a: Lunala|spa|1\n|-enditem|p2a: Lunala|Power Herb\n|-anim|p2a: Lunala|Meteor Beam|p1a: Indeedee\n|-damage|p1a: Indeedee|45/100\n|-enditem|p1a: Indeedee|Eject Button\n|\n|t:|1774758704\n|switch|p1a: Amoonguss|Amoonguss, L50, M, shiny|100/100\n|move|p2b: Volcarona|Will-O-Wisp|p1b: Calyrex\n|-status|p1b: Calyrex|brn\n|move|p1b: Calyrex|Trick Room|p1b: Calyrex\n|-fieldstart|move: Trick Room|[of] p1b: Calyrex\n|\n|-damage|p1b: Calyrex|95/100 brn|[from] brn\n|upkeep\n|turn|3\n|\n|t:|1774758713\n|move|p1a: Amoonguss|Spore|p2a: Lunala\n|-status|p2a: Lunala|slp|[from] move: Spore\n|move|p1b: Calyrex|Swords Dance|p1b: Calyrex\n|-boost|p1b: Calyrex|atk|2\n|move|p2b: Volcarona|Struggle Bug|p1a: Amoonguss|[spread] p1a,p1b\n|-supereffective|p1b: Calyrex\n|-damage|p1a: Amoonguss|87/100\n|-damage|p1b: Calyrex|73/100 brn\n|-unboost|p1a: Amoonguss|spa|1\n|-unboost|p1b: Calyrex|spa|1\n|cant|p2a: Lunala|slp\n|\n|-damage|p1b: Calyrex|68/100 brn|[from] brn\n|upkeep\n|turn|4\n|\n|t:|1774758730\n|switch|p2b: Indeedee|Indeedee-F, L50, F|100/100\n|move|p1a: Amoonguss|Spore|p2b: Indeedee\n|-activate|p2b: Indeedee|item: Safety Goggles|Spore\n|move|p1b: Calyrex|Glacial Lance|p2b: Indeedee|[spread] p2a,p2b\n|-resisted|p2a: Lunala\n|-damage|p2a: Lunala|81/100 slp\n|-damage|p2b: Indeedee|4/100\n|cant|p2a: Lunala|slp\n|\n|-damage|p1b: Calyrex|62/100 brn|[from] brn\n|upkeep\n|turn|5\n|\n|t:|1774758741\n|move|p2b: Indeedee|Helping Hand|p2a: Lunala\n|-singleturn|p2a: Lunala|Helping Hand|[of] p2b: Indeedee\n|move|p1a: Amoonguss|Clear Smog|p2a: Lunala\n|-damage|p2a: Lunala|73/100 slp\n|-clearboost|p2a: Lunala\n|move|p1b: Calyrex|Glacial Lance|p2b: Indeedee|[spread] p2a,p2b\n|-resisted|p2a: Lunala\n|-damage|p2a: Lunala|31/100 slp\n|-damage|p2b: Indeedee|0 fnt\n|faint|p2b: Indeedee\n|-ability|p1b: Calyrex|Chilling Neigh|boost\n|-boost|p1b: Calyrex|atk|1\n|-curestatus|p2a: Lunala|slp|[msg]\n|move|p2a: Lunala|Expanding Force|p1b: Calyrex|[spread] p1a,p1b\n|-supereffective|p1a: Amoonguss\n|-resisted|p1b: Calyrex\n|-damage|p1a: Amoonguss|0 fnt\n|-damage|p1b: Calyrex|29/100 brn\n|faint|p1a: Amoonguss\n|\n|-damage|p1b: Calyrex|23/100 brn|[from] brn\n|-fieldend|move: Psychic Terrain\n|upkeep\n|\n|t:|1774758758\n|switch|p1a: Indeedee|Indeedee-F, L50, F|45/100\n|switch|p2b: Volcarona|Volcarona, L50, F|100/100\n|-fieldstart|move: Psychic Terrain|[from] ability: Psychic Surge|[of] p1a: Indeedee\n|turn|6\n|inactive|suc vat vk has 30 seconds left.\n|\n|t:|1774758789\n|move|p2a: Lunala|Wide Guard|p2a: Lunala\n|-singleturn|p2a: Lunala|Wide Guard\n|move|p1b: Calyrex|Icicle Spear|p2a: Lunala\n|-resisted|p2a: Lunala\n|-damage|p2a: Lunala|18/100\n|-resisted|p2a: Lunala\n|-damage|p2a: Lunala|5/100\n|-hitcount|p2a: Lunala|2\n|move|p1a: Indeedee|Psychic|p2a: Lunala\n|-damage|p2a: Lunala|0 fnt\n|faint|p2a: Lunala\n|move|p2b: Volcarona|Struggle Bug|p1a: Indeedee|[spread] p1a,p1b\n|-supereffective|p1a: Indeedee\n|-supereffective|p1b: Calyrex\n|-damage|p1a: Indeedee|17/100\n|-damage|p1b: Calyrex|0 fnt\n|-unboost|p1a: Indeedee|spa|1\n|faint|p1b: Calyrex\n|\n|-fieldend|move: Trick Room\n|upkeep\n|\n|t:|1774758798\n|switch|p2a: Koraidon|Koraidon, L50, shiny|100/100\n|switch|p1b: Kyogre|Kyogre, L50, shiny|100/100\n|-weather|SunnyDay|[from] ability: Orichalcum Pulse|[of] p2a: Koraidon\n|-activate|p2a: Koraidon|Orichalcum Pulse|[source]\n|-weather|RainDance|[from] ability: Drizzle|[of] p1b: Kyogre\n|turn|7\n|\n|t:|1774758823\n|-terastallize|p1b: Kyogre|Water\n|move|p1a: Indeedee|Follow Me|p1a: Indeedee\n|-singleturn|p1a: Indeedee|move: Follow Me\n|move|p2a: Koraidon|Breaking Swipe|p1a: Indeedee|[spread] p1a,p1b\n|-damage|p1a: Indeedee|0 fnt\n|-damage|p1b: Kyogre|69/100\n|-unboost|p1b: Kyogre|atk|1\n|faint|p1a: Indeedee\n|-damage|p2a: Koraidon|91/100|[from] item: Life Orb\n|move|p1b: Kyogre|Water Spout|p2b: Volcarona|[spread] p2a,p2b\n|-resisted|p2a: Koraidon\n|-supereffective|p2b: Volcarona\n|-damage|p2a: Koraidon|23/100\n|-damage|p2b: Volcarona|0 fnt\n|faint|p2b: Volcarona\n|\n|-weather|RainDance|[upkeep]\n|upkeep\n|turn|8\n|\n|t:|1774758829\n|move|p2a: Koraidon|Close Combat|p1b: Kyogre\n|-damage|p1b: Kyogre|0 fnt\n|-unboost|p2a: Koraidon|def|1\n|-unboost|p2a: Koraidon|spd|1\n|faint|p1b: Kyogre\n|-damage|p2a: Koraidon|13/100|[from] item: Life Orb\n|\n|win|terafireflareblitz\n|raw|suc vat vk's rating: 1575 &rarr; <strong>1555</strong><br />(-20 for losing)\n|raw|terafireflareblitz's rating: 1582 &rarr; <strong>1602</strong><br />(+20 for winning)\n|l|\u2606suc vat vk\n|player|p1|\n|l|\u2606terafireflareblitz\n|player|p2|\n","uploadtime":1774758829,"views":20,"formatid":"gen9vgc2026regi","rating":1555,"private":0,"password":null}