{"id":"gen9vgc2026regi-2590933888","format":"[Gen 9] VGC 2026 Reg I","players":["pupparelli","randy.zhang2023"],"log":"|j|\u2606pupparelli\n|j|\u2606randy.zhang2023\n|t:|1776862699\n|gametype|doubles\n|player|p1|pupparelli|unknown|1409\n|player|p2|randy.zhang2023|266|1502\n|gen|9\n|tier|[Gen 9] VGC 2026 Reg I\n|rated|\n|rule|Species Clause: Limit one of each Pok\u00e9mon\n|rule|Item Clause: Limit 1 of each item\n|clearpoke\n|poke|p1|Brute Bonnet, L50|\n|poke|p1|Lunala, L50|\n|poke|p1|Ursaluna, L50, F|\n|poke|p1|Chi-Yu, L50|\n|poke|p1|Koraidon, L50|\n|poke|p1|Flutter Mane, L50|\n|poke|p2|Koraidon, L50|\n|poke|p2|Flutter Mane, L50|\n|poke|p2|Ogerpon-Cornerstone, L50, F|\n|poke|p2|Whimsicott, L50, F|\n|poke|p2|Calyrex-Shadow, L50|\n|poke|p2|Chi-Yu, L50|\n|teampreview|4\n|inactive|Battle timer is ON: inactive players will automatically lose when time's up. (requested by pupparelli)\n|inactive|pupparelli has 60 seconds left.\n|inactive|randy.zhang2023 has 60 seconds left.\n|\n|t:|1776862736\n|teamsize|p1|4\n|teamsize|p2|4\n|start\n|switch|p1a: Lunala|Lunala, L50|100/100\n|switch|p1b: Koraidon|Koraidon, L50, shiny|100/100\n|switch|p2a: Flutter Mane|Flutter Mane, L50|100/100\n|switch|p2b: Chi-Yu|Chi-Yu, L50|100/100\n|-ability|p2b: Chi-Yu|Beads of Ruin\n|-weather|SunnyDay|[from] ability: Orichalcum Pulse|[of] p1b: Koraidon\n|-activate|p2a: Flutter Mane|ability: Protosynthesis\n|-start|p2a: Flutter Mane|protosynthesisspe\n|-activate|p1b: Koraidon|Orichalcum Pulse|[source]\n|turn|1\n|inactive|randy.zhang2023 has 30 seconds left.\n|\n|t:|1776862762\n|switch|p1b: Ursaluna|Ursaluna, L50, F|100/100\n|move|p2a: Flutter Mane|Taunt|p1a: Lunala\n|-start|p1a: Lunala|move: Taunt\n|move|p2b: Chi-Yu|Snarl|p1b: Ursaluna|[spread] p1a,p1b\n|-supereffective|p1a: Lunala\n|-damage|p1a: Lunala|63/100\n|-damage|p1b: Ursaluna|74/100\n|-unboost|p1a: Lunala|spa|1\n|-unboost|p1b: Ursaluna|spa|1\n|cant|p1a: Lunala|move: Taunt|Trick Room\n|\n|-weather|SunnyDay|[upkeep]\n|-status|p1b: Ursaluna|brn|[from] item: Flame Orb\n|upkeep\n|turn|2\n|\n|t:|1776862783\n|move|p2a: Flutter Mane|Moonblast|p1b: Ursaluna\n|-damage|p1b: Ursaluna|16/100 brn\n|move|p2b: Chi-Yu|Snarl|p1a: Lunala|[spread] p1a,p1b\n|-supereffective|p1a: Lunala\n|-crit|p1a: Lunala\n|-damage|p1a: Lunala|0 fnt\n|-damage|p1b: Ursaluna|0 fnt\n|faint|p1a: Lunala\n|faint|p1b: Ursaluna\n|\n|-weather|SunnyDay|[upkeep]\n|upkeep\n|\n|t:|1776862788\n|switch|p1a: Koraidon|Koraidon, L50, shiny|100/100\n|switch|p1b: Brute Bonnet|Brute Bonnet, L50|100/100\n|-activate|p1a: Koraidon|ability: Orichalcum Pulse\n|-activate|p1b: Brute Bonnet|ability: Protosynthesis\n|-start|p1b: Brute Bonnet|protosynthesisdef\n|turn|3\n|\n|t:|1776862808\n|move|p2a: Flutter Mane|Taunt|p1b: Brute Bonnet\n|-start|p1b: Brute Bonnet|move: Taunt\n|move|p2b: Chi-Yu|Snarl|p1a: Koraidon|[spread] p1a,p1b\n|-resisted|p1a: Koraidon\n|-resisted|p1b: Brute Bonnet\n|-damage|p1a: Koraidon|86/100\n|-damage|p1b: Brute Bonnet|87/100\n|-unboost|p1a: Koraidon|spa|1\n|-unboost|p1b: Brute Bonnet|spa|1\n|move|p1a: Koraidon|Flame Charge|p2a: Flutter Mane\n|-damage|p2a: Flutter Mane|0 fnt\n|-boost|p1a: Koraidon|spe|1\n|faint|p2a: Flutter Mane\n|-end|p2a: Flutter Mane|Protosynthesis|[silent]\n|-damage|p1a: Koraidon|77/100|[from] item: Life Orb\n|cant|p1b: Brute Bonnet|move: Taunt|Spore\n|\n|-weather|SunnyDay|[upkeep]\n|upkeep\n|\n|t:|1776862825\n|switch|p2a: Calyrex|Calyrex-Shadow, L50|100/100\n|-ability|p2a: Calyrex|As One\n|-ability|p2a: Calyrex|Unnerve\n|turn|4\n|inactive|randy.zhang2023 has 30 seconds left.\n|inactive|randy.zhang2023 has 20 seconds left.\n|\n|t:|1776862863\n|switch|p2b: Koraidon|Koraidon, L50|100/100\n|-activate|p2b: Koraidon|ability: Orichalcum Pulse\n|-terastallize|p2a: Calyrex|Fighting\n|move|p1b: Brute Bonnet|Sucker Punch|p2a: Calyrex\n|-resisted|p2a: Calyrex\n|-damage|p2a: Calyrex|83/100\n|move|p1a: Koraidon|Flame Charge|p2a: Calyrex\n|-damage|p2a: Calyrex|29/100\n|-boost|p1a: Koraidon|spe|1\n|-damage|p1a: Koraidon|67/100|[from] item: Life Orb\n|move|p2a: Calyrex|Tera Blast|p1b: Brute Bonnet|[anim] Tera Blast Fighting\n|-supereffective|p1b: Brute Bonnet\n|-damage|p1b: Brute Bonnet|0 fnt\n|faint|p1b: Brute Bonnet\n|-end|p1b: Brute Bonnet|Protosynthesis|[silent]\n|-ability|p2a: Calyrex|Grim Neigh|boost\n|-boost|p2a: Calyrex|spa|1\n|\n|-weather|SunnyDay|[upkeep]\n|upkeep\n|turn|5\n|c|\u2606randy.zhang2023|gg\n|inactive|randy.zhang2023 has 30 seconds left.\n|\n|t:|1776862891\n|-terastallize|p1a: Koraidon|Fire\n|move|p1a: Koraidon|Flare Blitz|p2b: Koraidon\n|-resisted|p2b: Koraidon\n|-damage|p2b: Koraidon|20/100\n|-damage|p1a: Koraidon|40/100|[from] Recoil\n|-damage|p1a: Koraidon|30/100|[from] item: Life Orb\n|move|p2b: Koraidon|Dragon Claw|p1a: Koraidon\n|-damage|p1a: Koraidon|0 fnt\n|faint|p1a: Koraidon\n|\n|win|randy.zhang2023\n|raw|pupparelli's rating: 1409 &rarr; <strong>1394</strong><br />(-15 for losing)\n|raw|randy.zhang2023's rating: 1502 &rarr; <strong>1517</strong><br />(+15 for winning)\n|l|\u2606pupparelli\n|player|p1|\n","uploadtime":1776863058,"views":10,"formatid":"gen9vgc2026regi","rating":1394,"private":0,"password":null}