{"id":"gen9vgc2026regi-2525144556","format":"[Gen 9] VGC 2026 Reg I","players":["Revain","lalo's pollos"],"log":"|j|\u2606Revain\n|j|\u2606lalo's pollos\n|t:|1769235757\n|gametype|doubles\n|player|p1|Revain|1|1111\n|player|p2|lalo's pollos|1|1089\n|gen|9\n|tier|[Gen 9] VGC 2026 Reg I\n|rated|\n|rule|Species Clause: Limit one of each Pok\u00e9mon\n|rule|Item Clause: Limit 1 of each item\n|clearpoke\n|poke|p1|Kingdra, L50, F|\n|poke|p1|Pelipper, L50, F|\n|poke|p1|Rillaboom, L50, M|\n|poke|p1|Archaludon, L50, F|\n|poke|p1|Goodra, L50, F|\n|poke|p1|Incineroar, L50, M|\n|poke|p2|Miraidon, L50|\n|poke|p2|Landorus, L50, M|\n|poke|p2|Incineroar, L50, M|\n|poke|p2|Iron Bundle, L50|\n|poke|p2|Farigiraf, L50, F|\n|poke|p2|Calyrex-Ice, L50|\n|teampreview|4\n|\n|t:|1769235794\n|teamsize|p1|4\n|teamsize|p2|4\n|start\n|switch|p1a: Archaludon|Archaludon, L50, F|100/100\n|switch|p1b: Rillaboom|Rillaboom, L50, M|100/100\n|switch|p2a: Incineroar|Incineroar, L50, M|100/100\n|switch|p2b: the Star|Iron Bundle, L50|100/100\n|-fieldstart|move: Grassy Terrain|[from] ability: Grassy Surge|[of] p1b: Rillaboom\n|-ability|p2a: Incineroar|Intimidate|boost\n|-unboost|p1a: Archaludon|atk|1\n|-unboost|p1b: Rillaboom|atk|1\n|turn|1\n|\n|t:|1769235831\n|move|p2b: the Star|Protect|p2b: the Star\n|-singleturn|p2b: the Star|Protect\n|move|p1b: Rillaboom|Fake Out|p2a: Incineroar\n|-damage|p2a: Incineroar|94/100\n|move|p1a: Archaludon|Body Press|p2b: the Star\n|-activate|p2b: the Star|move: Protect\n|cant|p2a: Incineroar|flinch\n|\n|-heal|p2a: Incineroar|99/100|[from] Grassy Terrain\n|upkeep\n|turn|2\n|\n|t:|1769235847\n|-end|p2b: the Star|Quark Drive|[silent]\n|switch|p2b: Landorus|Landorus, L50, M|100/100\n|switch|p1b: Pelipper|Pelipper, L50, F|100/100\n|-weather|RainDance|[from] ability: Drizzle|[of] p1b: Pelipper\n|move|p1a: Archaludon|Electro Shot||[still]\n|-prepare|p1a: Archaludon|Electro Shot\n|-boost|p1a: Archaludon|spa|1\n|-anim|p1a: Archaludon|Electro Shot|p2b: Landorus\n|-immune|p2b: Landorus\n|move|p2a: Incineroar|Flare Blitz|p1b: Pelipper\n|-resisted|p1b: Pelipper\n|-damage|p1b: Pelipper|85/100\n|-damage|p2a: Incineroar|96/100|[from] Recoil\n|\n|-weather|RainDance|[upkeep]\n|-heal|p2a: Incineroar|100/100|[from] Grassy Terrain\n|upkeep\n|turn|3\n|\n|t:|1769235882\n|-terastallize|p2b: Landorus|Water\n|-terastallize|p1a: Archaludon|Grass\n|move|p2b: Landorus|Earth Power|p1a: Archaludon\n|-resisted|p1a: Archaludon\n|-damage|p1a: Archaludon|71/100\n|-ability|p1a: Archaludon|Stamina|boost\n|-boost|p1a: Archaludon|def|1\n|move|p1b: Pelipper|Tailwind|p1b: Pelipper\n|-sidestart|p1: Revain|move: Tailwind\n|move|p1a: Archaludon|Electro Shot||[still]\n|-prepare|p1a: Archaludon|Electro Shot\n|-boost|p1a: Archaludon|spa|1\n|-anim|p1a: Archaludon|Electro Shot|p2a: Incineroar\n|-damage|p2a: Incineroar|36/100\n|move|p2a: Incineroar|U-turn|p1a: Archaludon\n|-supereffective|p1a: Archaludon\n|-damage|p1a: Archaludon|47/100\n|-ability|p1a: Archaludon|Stamina|boost\n|-boost|p1a: Archaludon|def|1\n|\n|t:|1769235889\n|switch|p2a: the Star|Iron Bundle, L50|100/100|[from] U-turn\n|\n|-weather|RainDance|[upkeep]\n|-heal|p1a: Archaludon|53/100|[from] Grassy Terrain\n|upkeep\n|turn|4\n|\n|t:|1769235910\n|move|p1b: Pelipper|Protect|p1b: Pelipper\n|-singleturn|p1b: Pelipper|Protect\n|move|p2b: Landorus|Protect|p2b: Landorus\n|-singleturn|p2b: Landorus|Protect\n|move|p1a: Archaludon|Electro Shot||[still]\n|-prepare|p1a: Archaludon|Electro Shot\n|-boost|p1a: Archaludon|spa|1\n|-anim|p1a: Archaludon|Electro Shot|p2b: Landorus\n|-activate|p2b: Landorus|move: Protect\n|move|p2a: the Star|Icy Wind|p1b: Pelipper|[spread] p1a\n|-activate|p1b: Pelipper|move: Protect\n|-supereffective|p1a: Archaludon\n|-damage|p1a: Archaludon|21/100\n|-unboost|p1a: Archaludon|spe|1\n|-ability|p1a: Archaludon|Stamina|boost\n|-boost|p1a: Archaludon|def|1\n|\n|-weather|RainDance|[upkeep]\n|-heal|p1a: Archaludon|27/100|[from] Grassy Terrain\n|upkeep\n|turn|5\n|\n|t:|1769235943\n|move|p1b: Pelipper|Hurricane|p2b: Landorus\n|-damage|p2b: Landorus|40/100\n|-start|p2b: Landorus|confusion\n|move|p2a: the Star|Freeze-Dry|p1a: Archaludon\n|-supereffective|p1a: Archaludon\n|-damage|p1a: Archaludon|0 fnt\n|faint|p1a: Archaludon\n|-activate|p2b: Landorus|confusion\n|-damage|p2b: Landorus|28/100|[from] confusion\n|\n|-weather|RainDance|[upkeep]\n|-heal|p2b: Landorus|34/100|[from] Grassy Terrain\n|-fieldend|move: Grassy Terrain\n|upkeep\n|\n|t:|1769235965\n|switch|p1a: Rillaboom|Rillaboom, L50, M|100/100\n|-fieldstart|move: Grassy Terrain|[from] ability: Grassy Surge|[of] p1a: Rillaboom\n|turn|6\n|\n|t:|1769235984\n|move|p2a: the Star|Protect|p2a: the Star\n|-singleturn|p2a: the Star|Protect\n|-activate|p2b: Landorus|confusion\n|move|p2b: Landorus|Protect|p2b: Landorus\n|-singleturn|p2b: Landorus|Protect\n|move|p1a: Rillaboom|Wood Hammer|p2a: the Star\n|-activate|p2a: the Star|move: Protect\n|move|p1b: Pelipper|Hurricane|p2b: Landorus\n|-activate|p2b: Landorus|move: Protect\n|\n|-weather|none\n|-heal|p2b: Landorus|40/100|[from] Grassy Terrain\n|-sideend|p1: Revain|move: Tailwind\n|upkeep\n|turn|7\n|\n|t:|1769235997\n|switch|p2b: Incineroar|Incineroar, L50, M|36/100\n|-ability|p2b: Incineroar|Intimidate|boost\n|-unboost|p1a: Rillaboom|atk|1\n|-unboost|p1b: Pelipper|atk|1\n|switch|p1a: Incineroar|Incineroar, L50, M|100/100\n|-ability|p1a: Incineroar|Intimidate|boost\n|-unboost|p2a: the Star|atk|1\n|-unboost|p2b: Incineroar|atk|1\n|move|p2a: the Star|Freeze-Dry|p1b: Pelipper\n|-supereffective|p1b: Pelipper\n|-damage|p1b: Pelipper|0 fnt\n|faint|p1b: Pelipper\n|\n|-heal|p2b: Incineroar|42/100|[from] Grassy Terrain\n|upkeep\n|\n|t:|1769236010\n|switch|p1b: Rillaboom|Rillaboom, L50, M|100/100\n|turn|8\n|\n|t:|1769236021\n|switch|p2b: the Manager|Farigiraf, L50, F|100/100\n|move|p2a: the Star|Hydro Pump|p1a: Incineroar|[miss]\n|-miss|p2a: the Star|p1a: Incineroar\n|move|p1b: Rillaboom|High Horsepower|p2b: the Manager\n|-damage|p2b: the Manager|68/100\n|move|p1a: Incineroar|Knock Off|p2a: the Star\n|-damage|p2a: the Star|48/100\n|-enditem|p2a: the Star|Focus Sash|[from] move: Knock Off|[of] p1a: Incineroar\n|\n|-heal|p2a: the Star|54/100|[from] Grassy Terrain\n|-heal|p2b: the Manager|74/100|[from] Grassy Terrain\n|upkeep\n|turn|9\n|\n|t:|1769236043\n|move|p2b: the Manager|Helping Hand|p2a: the Star\n|-singleturn|p2a: the Star|Helping Hand|[of] p2b: the Manager\n|move|p2a: the Star|Freeze-Dry|p1b: Rillaboom\n|-supereffective|p1b: Rillaboom\n|-damage|p1b: Rillaboom|0 fnt\n|faint|p1b: Rillaboom\n|move|p1a: Incineroar|Knock Off|p2b: the Manager\n|-supereffective|p2b: the Manager\n|-damage|p2b: the Manager|0 fnt\n|-enditem|p2b: the Manager|Mental Herb|[from] move: Knock Off|[of] p1a: Incineroar\n|faint|p2b: the Manager\n|\n|-heal|p2a: the Star|60/100|[from] Grassy Terrain\n|upkeep\n|\n|t:|1769236055\n|switch|p2b: Landorus|Landorus, L50, M, tera:Water|40/100\n|turn|10\n|\n|t:|1769236058\n|move|p2b: Landorus|Protect|p2b: Landorus\n|-singleturn|p2b: Landorus|Protect\n|move|p2a: the Star|Hydro Pump|p1a: Incineroar|[miss]\n|-miss|p2a: the Star|p1a: Incineroar\n|move|p1a: Incineroar|Knock Off|p2b: Landorus\n|-activate|p2b: Landorus|move: Protect\n|\n|-heal|p2a: the Star|66/100|[from] Grassy Terrain\n|-heal|p2b: Landorus|46/100|[from] Grassy Terrain\n|-fieldend|move: Grassy Terrain\n|upkeep\n|turn|11\n|\n|t:|1769236068\n|move|p2a: the Star|Hydro Pump|p1a: Incineroar\n|-supereffective|p1a: Incineroar\n|-damage|p1a: Incineroar|0 fnt\n|faint|p1a: Incineroar\n|\n|win|lalo's pollos\n|raw|Revain's rating: 1111 &rarr; <strong>1084</strong><br />(-27 for losing)\n|raw|lalo&apos;s pollos's rating: 1089 &rarr; <strong>1117</strong><br />(+28 for winning)\n|l|\u2606Revain\n|player|p1|\n","uploadtime":1769236366,"views":11,"formatid":"gen9vgc2026regi","rating":1084,"private":0,"password":null}