{"id":"gen9vgc2026regi-2550815117","format":"[Gen 9] VGC 2026 Reg I","players":["schisch","blackred123\u6c38\u96cf\u5854\u83f2\u4fa0"],"log":"|j|\u2606schisch\n|j|\u2606blackred123\u6c38\u96cf\u5854\u83f2\u4fa0\n|t:|1772537248\n|gametype|doubles\n|player|p1|schisch|169|1298\n|player|p2|blackred123\u6c38\u96cf\u5854\u83f2\u4fa0|iono-masters|1486\n|gen|9\n|tier|[Gen 9] VGC 2026 Reg I\n|rated|\n|rule|Species Clause: Limit one of each Pok\u00e9mon\n|rule|Item Clause: Limit 1 of each item\n|clearpoke\n|poke|p1|Groudon, L50|\n|poke|p1|Calyrex-Shadow, L50|\n|poke|p1|Chi-Yu, L50|\n|poke|p1|Walking Wake, L50|\n|poke|p1|Ogerpon-Cornerstone, L50, F|\n|poke|p1|Venusaur, L50, M|\n|poke|p2|Kyogre, L50|\n|poke|p2|Zamazenta-*, L50|\n|poke|p2|Chien-Pao, L50|\n|poke|p2|Amoonguss, L50, F|\n|poke|p2|Dragonite, L50, F|\n|poke|p2|Rillaboom, L50, M|\n|teampreview|4\n|inactive|Battle timer is ON: inactive players will automatically lose when time's up. (requested by schisch)\n|inactive|blackred123\u6c38\u96cf\u5854\u83f2\u4fa0 also wants the timer to be on.\n|\n|t:|1772537263\n|teamsize|p1|4\n|teamsize|p2|4\n|start\n|switch|p1a: Walking Wake|Walking Wake, L50|100/100\n|switch|p1b: Venusaur|Venusaur, L50, M|100/100\n|switch|p2a: Zamazenta|Zamazenta-Crowned, L50|100/100\n|switch|p2b: Chien-Pao|Chien-Pao, L50|100/100\n|-ability|p2b: Chien-Pao|Sword of Ruin\n|-ability|p2a: Zamazenta|Dauntless Shield|boost\n|-boost|p2a: Zamazenta|def|1\n|turn|1\n|inactive|schisch has 30 seconds left.\n|\n|t:|1772537294\n|-end|p1a: Walking Wake|Protosynthesis|[silent]\n|switch|p1a: Groudon|Groudon, L50|100/100\n|-weather|SunnyDay|[from] ability: Drought|[of] p1a: Groudon\n|move|p1b: Venusaur|Sleep Powder|p2b: Chien-Pao\n|-status|p2b: Chien-Pao|slp|[from] move: Sleep Powder\n|cant|p2b: Chien-Pao|slp\n|move|p2a: Zamazenta|Heavy Slam|p1b: Venusaur\n|-damage|p1b: Venusaur|23/100\n|\n|-weather|SunnyDay|[upkeep]\n|upkeep\n|turn|2\n|\n|t:|1772537311\n|-terastallize|p2a: Zamazenta|Grass\n|move|p1b: Venusaur|Giga Drain|p2b: Chien-Pao\n|-damage|p2b: Chien-Pao|14/100 slp\n|-heal|p1b: Venusaur|65/100|[from] drain|[of] p2b: Chien-Pao\n|-damage|p1b: Venusaur|55/100|[from] item: Life Orb\n|-curestatus|p2b: Chien-Pao|slp|[msg]\n|move|p2b: Chien-Pao|Ice Spinner|p1a: Groudon\n|-supereffective|p1a: Groudon\n|-damage|p1a: Groudon|32/100\n|move|p2a: Zamazenta|Heavy Slam|p1b: Venusaur\n|-damage|p1b: Venusaur|0 fnt\n|faint|p1b: Venusaur\n|move|p1a: Groudon|Precipice Blades|p2b: Chien-Pao|[spread] p2a,p2b\n|-resisted|p2a: Zamazenta\n|-damage|p2a: Zamazenta|85/100\n|-damage|p2b: Chien-Pao|0 fnt\n|faint|p2b: Chien-Pao\n|\n|-weather|SunnyDay|[upkeep]\n|upkeep\n|inactive|schisch has 30 seconds left.\n|\n|t:|1772537339\n|switch|p2b: Dragonite|Dragonite, L50, F|100/100\n|switch|p1b: Walking Wake|Walking Wake, L50|100/100\n|-activate|p1b: Walking Wake|ability: Protosynthesis\n|-start|p1b: Walking Wake|protosynthesisspa\n|turn|3\n|\n|t:|1772537349\n|switch|p1a: Calyrex|Calyrex-Shadow, L50|100/100\n|-ability|p1a: Calyrex|As One\n|-ability|p1a: Calyrex|Unnerve\n|switch|p2b: Kyogre|Kyogre, L50|100/100\n|-weather|RainDance|[from] ability: Drizzle|[of] p2b: Kyogre\n|-end|p1b: Walking Wake|Protosynthesis\n|move|p2a: Zamazenta|Body Press|p1a: Calyrex\n|-immune|p1a: Calyrex\n|move|p1b: Walking Wake|Flamethrower|p2a: Zamazenta\n|-supereffective|p2a: Zamazenta\n|-damage|p2a: Zamazenta|64/100\n|\n|-weather|RainDance|[upkeep]\n|upkeep\n|turn|4\n|inactive|schisch has 30 seconds left.\n|\n|t:|1772537381\n|move|p2b: Kyogre|Water Spout|p1b: Walking Wake|[spread] p1a,p1b\n|-resisted|p1b: Walking Wake\n|-damage|p1a: Calyrex|18/100\n|-damage|p1b: Walking Wake|73/100\n|move|p1a: Calyrex|Astral Barrage|p2b: Kyogre|[spread] p2a,p2b\n|-damage|p2a: Zamazenta|33/100\n|-damage|p2b: Kyogre|67/100\n|move|p2a: Zamazenta|Body Press|p1b: Walking Wake\n|-damage|p1b: Walking Wake|2/100\n|move|p1b: Walking Wake|Draco Meteor|p2b: Kyogre\n|-damage|p2b: Kyogre|18/100\n|-unboost|p1b: Walking Wake|spa|2\n|\n|-weather|RainDance|[upkeep]\n|upkeep\n|turn|5\n|inactive|schisch has 30 seconds left.\n|\n|t:|1772537409\n|-end|p1b: Walking Wake|Protosynthesis|[silent]\n|switch|p1b: Groudon|Groudon, L50|32/100\n|-weather|SunnyDay|[from] ability: Drought|[of] p1b: Groudon\n|move|p2a: Zamazenta|Wide Guard|p2a: Zamazenta\n|-singleturn|p2a: Zamazenta|Wide Guard\n|move|p2b: Kyogre|Water Spout|p1a: Calyrex|[spread] p1a,p1b\n|-supereffective|p1b: Groudon\n|-damage|p1a: Calyrex|13/100\n|-damage|p1b: Groudon|25/100\n|move|p1a: Calyrex|Expanding Force|p2a: Zamazenta\n|-damage|p2a: Zamazenta|3/100\n|\n|-weather|SunnyDay|[upkeep]\n|upkeep\n|turn|6\n|\n|t:|1772537429\n|switch|p2b: Dragonite|Dragonite, L50, F|100/100\n|move|p2a: Zamazenta|Wide Guard|p2a: Zamazenta\n|-singleturn|p2a: Zamazenta|Wide Guard\n|move|p1a: Calyrex|Expanding Force|p2a: Zamazenta\n|-damage|p2a: Zamazenta|0 fnt\n|faint|p2a: Zamazenta\n|-ability|p1a: Calyrex|Grim Neigh|boost\n|-boost|p1a: Calyrex|spa|1\n|move|p1b: Groudon|Crunch|p2b: Dragonite\n|-damage|p2b: Dragonite|65/100\n|\n|-weather|SunnyDay|[upkeep]\n|upkeep\n|\n|t:|1772537438\n|switch|p2a: Kyogre|Kyogre, L50|18/100\n|-weather|RainDance|[from] ability: Drizzle|[of] p2a: Kyogre\n|turn|7\n|inactive|blackred123\u6c38\u96cf\u5854\u83f2\u4fa0 has 30 seconds left.\n|inactive|schisch has 30 seconds left.\n|inactive|blackred123\u6c38\u96cf\u5854\u83f2\u4fa0 has 20 seconds left.\n|inactive|schisch has 20 seconds left.\n|inactive|blackred123\u6c38\u96cf\u5854\u83f2\u4fa0 has 15 seconds left.\n|inactive|blackred123\u6c38\u96cf\u5854\u83f2\u4fa0 has 10 seconds left.\n|\n|t:|1772537490\n|switch|p1b: Walking Wake|Walking Wake, L50|2/100\n|move|p1a: Calyrex|Protect|p1a: Calyrex\n|-singleturn|p1a: Calyrex|Protect\n|move|p2b: Dragonite|Extreme Speed|p1b: Walking Wake\n|-damage|p1b: Walking Wake|0 fnt\n|faint|p1b: Walking Wake\n|-end|p1b: Walking Wake|Protosynthesis|[silent]\n|move|p2a: Kyogre|Origin Pulse|p1a: Calyrex\n|-activate|p1a: Calyrex|move: Protect\n|\n|-weather|RainDance|[upkeep]\n|upkeep\n|\n|t:|1772537504\n|switch|p1b: Groudon|Groudon, L50|25/100\n|-weather|SunnyDay|[from] ability: Drought|[of] p1b: Groudon\n|turn|8\n|\n|t:|1772537518\n|move|p2b: Dragonite|Extreme Speed|p1b: Groudon\n|-damage|p1b: Groudon|0 fnt\n|faint|p1b: Groudon\n|move|p2a: Kyogre|Origin Pulse|p1a: Calyrex|[miss]\n|-miss|p2a: Kyogre|p1a: Calyrex\n|move|p1a: Calyrex|Astral Barrage|p2a: Kyogre|[spread] p2a,p2b\n|-damage|p2a: Kyogre|0 fnt\n|-damage|p2b: Dragonite|0 fnt\n|faint|p2a: Kyogre\n|faint|p2b: Dragonite\n|\n|win|schisch\n|raw|schisch's rating: 1298 &rarr; <strong>1335</strong><br />(+37 for winning)\n|raw|blackred123\u6c38\u96cf\u5854\u83f2\u4fa0's rating: 1486 &rarr; <strong>1456</strong><br />(-30 for losing)\n|l|\u2606schisch\n|player|p1|\n","uploadtime":1772537675,"views":12,"formatid":"gen9vgc2026regi","rating":1335,"private":0,"password":null}