{"id":"gen9vgc2026regi-2560341307","format":"[Gen 9] VGC 2026 Reg I","players":["jonen","AngelilloVGC"],"log":"|j|\u2606jonen\n|j|\u2606AngelilloVGC\n|t:|1773678792\n|gametype|doubles\n|player|p1|jonen|medium|1172\n|player|p2|AngelilloVGC|roughneck-gen4|1140\n|gen|9\n|tier|[Gen 9] VGC 2026 Reg I\n|rated|\n|rule|Species Clause: Limit one of each Pok\u00e9mon\n|rule|Item Clause: Limit 1 of each item\n|clearpoke\n|poke|p1|Rabsca, L50, M|\n|poke|p1|Landorus, L50, M|\n|poke|p1|Calyrex-Ice, L50|\n|poke|p1|Miraidon, L50|\n|poke|p1|Incineroar, L50, F|\n|poke|p1|Urshifu-*, L50, F|\n|poke|p2|Zamazenta-*, L50|\n|poke|p2|Kyogre, L50|\n|poke|p2|Ogerpon-Wellspring, L50, F|\n|poke|p2|Tyranitar, L50, F|\n|poke|p2|Garchomp, L50, M|\n|poke|p2|Tornadus, L50, M|\n|teampreview|4\n|inactive|Battle timer is ON: inactive players will automatically lose when time's up. (requested by jonen)\n|inactive|AngelilloVGC has 60 seconds left.\n|inactive|AngelilloVGC has 30 seconds left.\n|inactive|AngelilloVGC has 20 seconds left.\n|inactive|AngelilloVGC has 15 seconds left.\n|inactive|AngelilloVGC has 10 seconds left.\n|inactive|AngelilloVGC has 5 seconds left.\n|\n|t:|1773678943\n|teamsize|p1|4\n|teamsize|p2|4\n|start\n|switch|p1a: Rabsca|Rabsca, L50, M|100/100\n|switch|p1b: Miraidon|Miraidon, L50|100/100\n|switch|p2a: Zamazenta|Zamazenta-Crowned, L50, shiny|100/100\n|switch|p2b: Kyogre|Kyogre, L50, shiny|100/100\n|-fieldstart|move: Electric Terrain|[from] ability: Hadron Engine|[of] p1b: Miraidon\n|-enditem|p1a: Rabsca|Electric Seed\n|-boost|p1a: Rabsca|def|1|[from] item: Electric Seed\n|-ability|p2a: Zamazenta|Dauntless Shield|boost\n|-boost|p2a: Zamazenta|def|1\n|-weather|RainDance|[from] ability: Drizzle|[of] p2b: Kyogre\n|turn|1\n|inactive|AngelilloVGC has 30 seconds left.\n|\n|t:|1773678976\n|move|p2b: Kyogre|Protect|p2b: Kyogre\n|-singleturn|p2b: Kyogre|Protect\n|move|p1b: Miraidon|Discharge|p2a: Zamazenta|[spread] p2a\n|-activate|p2b: Kyogre|move: Protect\n|-activate|p1a: Rabsca|ability: Telepathy\n|-damage|p2a: Zamazenta|35/100\n|-status|p2a: Zamazenta|par\n|move|p2a: Zamazenta|Body Press|p1b: Miraidon\n|-damage|p1b: Miraidon|37/100\n|move|p1a: Rabsca|Trick Room|p1a: Rabsca\n|-fieldstart|move: Trick Room|[of] p1a: Rabsca\n|\n|-weather|RainDance|[upkeep]\n|upkeep\n|turn|2\n|inactive|AngelilloVGC has 30 seconds left.\n|inactive|AngelilloVGC has 20 seconds left.\n|inactive|AngelilloVGC has 15 seconds left.\n|inactive|AngelilloVGC has 10 seconds left.\n|inactive|AngelilloVGC has 5 seconds left.\n|\n|t:|1773679032\n|-terastallize|p1b: Miraidon|Electric\n|move|p2b: Kyogre|Protect||[still]\n|-fail|p2b: Kyogre\n|move|p2a: Zamazenta|Wide Guard|p2a: Zamazenta\n|-singleturn|p2a: Zamazenta|Wide Guard\n|move|p1a: Rabsca|Speed Swap|p1b: Miraidon\n|-activate|p1a: Rabsca|move: Speed Swap|[of] p1b: Miraidon\n|move|p1b: Miraidon|Discharge|p2a: Zamazenta|[spread] \n|-activate|p2a: Zamazenta|move: Wide Guard\n|-activate|p2b: Kyogre|move: Wide Guard\n|-activate|p1a: Rabsca|ability: Telepathy\n|\n|-weather|RainDance|[upkeep]\n|upkeep\n|turn|3\n|inactive|AngelilloVGC has 30 seconds left.\n|inactive|AngelilloVGC has 20 seconds left.\n|inactive|AngelilloVGC has 15 seconds left.\n|inactive|AngelilloVGC has 10 seconds left.\n|inactive|AngelilloVGC has 5 seconds left.\n|\n|t:|1773679087\n|move|p2b: Kyogre|Protect|p2b: Kyogre\n|-singleturn|p2b: Kyogre|Protect\n|move|p2a: Zamazenta|Wide Guard|p2a: Zamazenta\n|-singleturn|p2a: Zamazenta|Wide Guard\n|move|p1b: Miraidon|Discharge|p2b: Kyogre|[spread] \n|-activate|p2a: Zamazenta|move: Wide Guard\n|-activate|p2b: Kyogre|move: Wide Guard\n|-activate|p1a: Rabsca|ability: Telepathy\n|move|p1a: Rabsca|Revival Blessing||[still]\n|-fail|p1a: Rabsca\n|\n|-weather|RainDance|[upkeep]\n|upkeep\n|turn|4\n|inactive|AngelilloVGC has 30 seconds left.\n|inactive|AngelilloVGC has 20 seconds left.\n|inactive|AngelilloVGC has 15 seconds left.\n|inactive|AngelilloVGC has 10 seconds left.\n|inactive|AngelilloVGC has 5 seconds left.\n|\n|t:|1773679144\n|switch|p1b: Urshifu|Urshifu-Rapid-Strike, L50, F|100/100\n|move|p2b: Kyogre|Protect||[still]\n|-fail|p2b: Kyogre\n|cant|p2a: Zamazenta|par\n|move|p1a: Rabsca|Bug Buzz|p2b: Kyogre\n|-damage|p2b: Kyogre|79/100\n|-unboost|p2b: Kyogre|spd|1\n|\n|-weather|RainDance|[upkeep]\n|upkeep\n|turn|5\n|inactive|AngelilloVGC has 30 seconds left.\n|inactive|AngelilloVGC has 20 seconds left.\n|inactive|AngelilloVGC has 15 seconds left.\n|inactive|AngelilloVGC has 10 seconds left.\n|inactive|AngelilloVGC has 5 seconds left.\n|\n|t:|1773679199\n|move|p2b: Kyogre|Protect|p2b: Kyogre\n|-singleturn|p2b: Kyogre|Protect\n|move|p2a: Zamazenta|Wide Guard|p2a: Zamazenta\n|-singleturn|p2a: Zamazenta|Wide Guard\n|move|p1b: Urshifu|Surging Strikes|p2a: Zamazenta\n|-crit|p2a: Zamazenta\n|-damage|p2a: Zamazenta|13/100 par\n|-crit|p2a: Zamazenta\n|-damage|p2a: Zamazenta|0 fnt\n|faint|p2a: Zamazenta\n|-hitcount|p2: Zamazenta|2\n|move|p1a: Rabsca|Bug Buzz|p2b: Kyogre\n|-activate|p2b: Kyogre|move: Protect\n|\n|-weather|none\n|-fieldend|move: Trick Room\n|-fieldend|move: Electric Terrain\n|upkeep\n|inactive|AngelilloVGC has 30 seconds left.\n|inactive|AngelilloVGC has 20 seconds left.\n|inactive|AngelilloVGC has 15 seconds left.\n|inactive|AngelilloVGC has 10 seconds left.\n|inactive|AngelilloVGC has 5 seconds left.\n|\n|t:|1773679256\n|switch|p2a: Ogerpon|Ogerpon-Wellspring, L50, F|100/100\n|turn|6\n|inactive|AngelilloVGC has 30 seconds left.\n|inactive|AngelilloVGC has 20 seconds left.\n|inactive|AngelilloVGC has 15 seconds left.\n|inactive|AngelilloVGC has 10 seconds left.\n|inactive|AngelilloVGC has 5 seconds left.\n|\n|t:|1773679313\n|move|p2a: Ogerpon|Spiky Shield|p2a: Ogerpon\n|-singleturn|p2a: Ogerpon|move: Protect\n|move|p2b: Kyogre|Protect||[still]\n|-fail|p2b: Kyogre\n|move|p1a: Rabsca|Bug Buzz|p2b: Kyogre\n|-damage|p2b: Kyogre|42/100\n|move|p1b: Urshifu|Close Combat|p2b: Kyogre\n|-damage|p2b: Kyogre|0 fnt\n|-unboost|p1b: Urshifu|def|1\n|-unboost|p1b: Urshifu|spd|1\n|faint|p2b: Kyogre\n|\n|upkeep\n|inactive|AngelilloVGC has 30 seconds left.\n|inactive|AngelilloVGC has 20 seconds left.\n|inactive|AngelilloVGC has 15 seconds left.\n|inactive|AngelilloVGC has 10 seconds left.\n|inactive|AngelilloVGC has 5 seconds left.\n|\n|t:|1773679368\n|switch|p2b: Tyranitar|Tyranitar, L50, F, shiny|100/100\n|-weather|Sandstorm|[from] ability: Sand Stream|[of] p2b: Tyranitar\n|turn|7\n|inactive|AngelilloVGC has 5 seconds left this turn.\n|-message|AngelilloVGC lost due to inactivity.\n|\n|win|jonen\n|raw|jonen's rating: 1172 &rarr; <strong>1195</strong><br />(+23 for winning)\n|raw|AngelilloVGC's rating: 1140 &rarr; <strong>1117</strong><br />(-23 for losing)\n|l|\u2606jonen\n|player|p1|\n","uploadtime":1773679373,"views":12,"formatid":"gen9vgc2026regi","rating":1117,"private":0,"password":null}