{"id":"gen9vgc2026regi-2516992482","format":"[Gen 9] VGC 2026 Reg I","players":["VJ2511","Unskilled99"],"log":"|j|\u2606VJ2511\n|j|\u2606Unskilled99\n|t:|1768213842\n|gametype|doubles\n|player|p1|VJ2511|red-masters3|1381\n|player|p2|Unskilled99|unknown|1459\n|gen|9\n|tier|[Gen 9] VGC 2026 Reg I\n|rated|\n|rule|Species Clause: Limit one of each Pok\u00e9mon\n|rule|Item Clause: Limit 1 of each item\n|clearpoke\n|poke|p1|Calyrex-Shadow, L50|\n|poke|p1|Zamazenta-*, L50|\n|poke|p1|Smeargle, L50, F|\n|poke|p1|Incineroar, L50, M|\n|poke|p1|Rillaboom, L50, F|\n|poke|p1|Raging Bolt, L50|\n|poke|p2|Koraidon, L50|\n|poke|p2|Lunala, L50|\n|poke|p2|Flutter Mane, L50|\n|poke|p2|Chi-Yu, L50|\n|poke|p2|Brute Bonnet, L50|\n|poke|p2|Ursaluna, L50, M|\n|teampreview|4\n|c|\u2606VJ2511|hi unskilled\n|inactive|Battle timer is ON: inactive players will automatically lose when time's up. (requested by VJ2511)\n|c|\u2606Unskilled99|Hi VJ\n|c|\u2606VJ2511|glhf\n|inactive|Unskilled99 has 60 seconds left.\n|c|\u2606Unskilled99|i just fell from topping ladder to here\n|c|\u2606VJ2511|i was on top once upon a time too\n|c|\u2606VJ2511|now im here lmao\n|inactive|Unskilled99 has 30 seconds left.\n|inactive|Unskilled99 has 20 seconds left.\n|inactive|Unskilled99 has 15 seconds left.\n|\n|t:|1768213925\n|teamsize|p1|4\n|teamsize|p2|4\n|start\n|switch|p1a: Zamazenta|Zamazenta-Crowned, L50|100/100\n|switch|p1b: Raging Bolt|Raging Bolt, L50|100/100\n|switch|p2a: Flutter Mane|Flutter Mane, L50|100/100\n|switch|p2b: Koraidon|Koraidon, L50|100/100\n|-weather|SunnyDay|[from] ability: Orichalcum Pulse|[of] p2b: Koraidon\n|-activate|p2a: Flutter Mane|ability: Protosynthesis\n|-start|p2a: Flutter Mane|protosynthesisspe\n|-activate|p1b: Raging Bolt|ability: Protosynthesis\n|-start|p1b: Raging Bolt|protosynthesisspa\n|-activate|p2b: Koraidon|Orichalcum Pulse|[source]\n|-ability|p1a: Zamazenta|Dauntless Shield|boost\n|-boost|p1a: Zamazenta|def|1\n|turn|1\n|inactive|VJ2511 has 30 seconds left.\n|inactive|Unskilled99 has 30 seconds left.\n|\n|t:|1768213952\n|-terastallize|p2b: Koraidon|Fire\n|-terastallize|p1a: Zamazenta|Water\n|move|p2a: Flutter Mane|Moonblast|p1b: Raging Bolt\n|-supereffective|p1b: Raging Bolt\n|-damage|p1b: Raging Bolt|11/100\n|-unboost|p1b: Raging Bolt|spa|1\n|move|p2b: Koraidon|Flame Charge|p1a: Zamazenta\n|-resisted|p1a: Zamazenta\n|-damage|p1a: Zamazenta|86/100\n|-boost|p2b: Koraidon|spe|1\n|-damage|p2b: Koraidon|91/100|[from] item: Life Orb\n|move|p1a: Zamazenta|Heavy Slam|p2a: Flutter Mane\n|-supereffective|p2a: Flutter Mane\n|-enditem|p2a: Flutter Mane|Focus Sash\n|-damage|p2a: Flutter Mane|1/100\n|move|p1b: Raging Bolt|Dragon Pulse|p2b: Koraidon\n|-damage|p2b: Koraidon|46/100\n|\n|-weather|SunnyDay|[upkeep]\n|upkeep\n|turn|2\n|inactive|Unskilled99 has 30 seconds left.\n|inactive|Unskilled99 has 20 seconds left.\n|inactive|Unskilled99 has 15 seconds left.\n|\n|t:|1768213994\n|-end|p2a: Flutter Mane|Protosynthesis|[silent]\n|switch|p2a: Lunala|Lunala, L50|100/100\n|move|p1b: Raging Bolt|Protect|p1b: Raging Bolt\n|-singleturn|p1b: Raging Bolt|Protect\n|move|p2b: Koraidon|Close Combat|p1a: Zamazenta\n|-damage|p1a: Zamazenta|46/100\n|-unboost|p2b: Koraidon|def|1\n|-unboost|p2b: Koraidon|spd|1\n|-damage|p2b: Koraidon|36/100|[from] item: Life Orb\n|move|p1a: Zamazenta|Body Press|p2b: Koraidon\n|-damage|p2b: Koraidon|0 fnt\n|faint|p2b: Koraidon\n|\n|-weather|SunnyDay|[upkeep]\n|upkeep\n|\n|t:|1768214003\n|switch|p2b: Chi-Yu|Chi-Yu, L50|100/100\n|-ability|p2b: Chi-Yu|Beads of Ruin\n|turn|3\n|\n|t:|1768214013\n|move|p1b: Raging Bolt|Thunderclap|p2b: Chi-Yu\n|-damage|p2b: Chi-Yu|63/100\n|move|p2b: Chi-Yu|Snarl|p1a: Zamazenta|[spread] p1a,p1b\n|-damage|p1a: Zamazenta|22/100\n|-damage|p1b: Raging Bolt|0 fnt\n|-unboost|p1a: Zamazenta|spa|1\n|faint|p1b: Raging Bolt\n|-end|p1b: Raging Bolt|Protosynthesis|[silent]\n|move|p1a: Zamazenta|Body Press|p2b: Chi-Yu\n|-supereffective|p2b: Chi-Yu\n|-damage|p2b: Chi-Yu|0 fnt\n|faint|p2b: Chi-Yu\n|move|p2a: Lunala|Meteor Beam||[still]\n|-prepare|p2a: Lunala|Meteor Beam\n|-boost|p2a: Lunala|spa|1\n|-enditem|p2a: Lunala|Power Herb\n|-anim|p2a: Lunala|Meteor Beam|p1a: Zamazenta\n|-damage|p1a: Zamazenta|0 fnt\n|faint|p1a: Zamazenta\n|\n|-weather|SunnyDay|[upkeep]\n|upkeep\n|\n|t:|1768214022\n|switch|p1a: Calyrex|Calyrex-Shadow, L50|100/100\n|switch|p2b: Flutter Mane|Flutter Mane, L50|1/100\n|switch|p1b: Incineroar|Incineroar, L50, M|100/100\n|-ability|p1a: Calyrex|As One\n|-ability|p1a: Calyrex|Unnerve\n|-ability|p1b: Incineroar|Intimidate|boost\n|-unboost|p2a: Lunala|atk|1\n|-unboost|p2b: Flutter Mane|atk|1\n|-activate|p2b: Flutter Mane|ability: Protosynthesis\n|-start|p2b: Flutter Mane|protosynthesisspe\n|turn|4\n|inactive|Unskilled99 has 30 seconds left.\n|c|\u2606Unskilled99|will the caly protect? Let's find out\n|inactive|Unskilled99 has 20 seconds left.\n|inactive|VJ2511 has 30 seconds left.\n|inactive|Unskilled99 has 15 seconds left.\n|\n|t:|1768214065\n|move|p1a: Calyrex|Protect|p1a: Calyrex\n|-singleturn|p1a: Calyrex|Protect\n|move|p2b: Flutter Mane|Moonblast|p1b: Incineroar\n|-damage|p1b: Incineroar|57/100\n|move|p2a: Lunala|Moongeist Beam|p1b: Incineroar\n|-resisted|p1b: Incineroar\n|-damage|p1b: Incineroar|18/100\n|move|p1b: Incineroar|Knock Off|p2b: Flutter Mane\n|-damage|p2b: Flutter Mane|0 fnt\n|faint|p2b: Flutter Mane\n|-end|p2b: Flutter Mane|Protosynthesis|[silent]\n|\n|-weather|SunnyDay|[upkeep]\n|upkeep\n|turn|5\n|c|\u2606VJ2511|phew\n|\n|t:|1768214080\n|move|p1a: Calyrex|Astral Barrage|p2a: Lunala\n|-supereffective|p2a: Lunala\n|-crit|p2a: Lunala\n|-damage|p2a: Lunala|0 fnt\n|faint|p2a: Lunala\n|-damage|p1a: Calyrex|91/100|[from] item: Life Orb\n|\n|win|VJ2511\n|raw|VJ2511's rating: 1381 &rarr; <strong>1405</strong><br />(+24 for winning)\n|raw|Unskilled99's rating: 1459 &rarr; <strong>1435</strong><br />(-24 for losing)\n|c|\u2606Unskilled99|gg\n|c|\u2606VJ2511|gg\n","uploadtime":1768214089,"views":28,"formatid":"gen9vgc2026regi","rating":1405,"private":0,"password":null}