{"id":"gen9vgc2026regi-2576188535","format":"[Gen 9] VGC 2026 Reg I","players":["Glaceon_1740","kdjfalkcsd"],"log":"|j|\u203dGlaceon_1740\n|j|\u2606kdjfalkcsd\n|t:|1775438601\n|gametype|doubles\n|player|p1|Glaceon_1740|dawn-gen4pt|1096\n|player|p2|kdjfalkcsd|169|1181\n|gen|9\n|tier|[Gen 9] VGC 2026 Reg I\n|rated|\n|rule|Species Clause: Limit one of each Pok\u00e9mon\n|rule|Item Clause: Limit 1 of each item\n|clearpoke\n|poke|p1|Meowscarada, L50, F|\n|poke|p1|Murkrow, L50, M|\n|poke|p1|Kyogre, L50|\n|poke|p1|Zacian-*, L50|\n|poke|p1|Incineroar, L50, F|\n|poke|p1|Rillaboom, L50, F|\n|poke|p2|Ting-Lu, L50|\n|poke|p2|Ho-Oh, L50|\n|poke|p2|Amoonguss, L50, M|\n|poke|p2|Grimmsnarl, L50, M|\n|poke|p2|Raging Bolt, L50|\n|poke|p2|Lunala, L50|\n|teampreview|4\n|inactive|Battle timer is ON: inactive players will automatically lose when time's up. (requested by Glaceon_1740)\n|inactive|Glaceon_1740 has 60 seconds left.\n|inactive|kdjfalkcsd has 60 seconds left.\n|\n|t:|1775438657\n|teamsize|p1|4\n|teamsize|p2|4\n|start\n|switch|p1a: Meowscarada|Meowscarada, L50, F|100/100\n|switch|p1b: Kyogre|Kyogre, L50|100/100\n|switch|p2a: Raging Bolt|Raging Bolt, L50|100/100\n|switch|p2b: Amoonguss|Amoonguss, L50, M|100/100\n|-weather|RainDance|[from] ability: Drizzle|[of] p1b: Kyogre\n|turn|1\n|inactive|Glaceon_1740 has 30 seconds left.\n|\n|t:|1775438685\n|-terastallize|p1b: Kyogre|Grass\n|move|p1a: Meowscarada|Triple Axel|p2a: Raging Bolt\n|-start|p1a: Meowscarada|typechange|Ice|[from] ability: Protean\n|-supereffective|p2a: Raging Bolt\n|-damage|p2a: Raging Bolt|84/100\n|-supereffective|p2a: Raging Bolt\n|-damage|p2a: Raging Bolt|52/100\n|-supereffective|p2a: Raging Bolt\n|-damage|p2a: Raging Bolt|0 fnt\n|faint|p2a: Raging Bolt\n|-end|p2a: Raging Bolt|Protosynthesis|[silent]\n|-hitcount|p2: Raging Bolt|3\n|move|p1b: Kyogre|Water Spout|p2b: Amoonguss\n|-resisted|p2b: Amoonguss\n|-damage|p2b: Amoonguss|68/100\n|move|p2b: Amoonguss|Pollen Puff|p1a: Meowscarada\n|-damage|p1a: Meowscarada|78/100\n|\n|-weather|RainDance|[upkeep]\n|upkeep\n|inactive|kdjfalkcsd has 30 seconds left.\n|\n|t:|1775438714\n|switch|p2a: Ho-Oh|Ho-Oh, L50|100/100\n|turn|2\n|inactive|kdjfalkcsd has 30 seconds left.\n|inactive|kdjfalkcsd has 20 seconds left.\n|inactive|kdjfalkcsd has 15 seconds left.\n|inactive|kdjfalkcsd has 10 seconds left.\n|\n|t:|1775438760\n|switch|p1b: Incineroar|Incineroar, L50, F, shiny|100/100\n|-ability|p1b: Incineroar|Intimidate|boost\n|-fail|p2a: Ho-Oh|unboost|[from] item: Clear Amulet|[of] p2a: Ho-Oh\n|-unboost|p2b: Amoonguss|atk|1\n|-terastallize|p2a: Ho-Oh|Grass\n|move|p2b: Amoonguss|Protect|p2b: Amoonguss\n|-singleturn|p2b: Amoonguss|Protect\n|move|p1a: Meowscarada|Triple Axel|p2b: Amoonguss\n|-activate|p2b: Amoonguss|move: Protect\n|move|p2a: Ho-Oh|Sacred Fire|p1a: Meowscarada\n|-supereffective|p1a: Meowscarada\n|-damage|p1a: Meowscarada|11/100\n|\n|-weather|RainDance|[upkeep]\n|upkeep\n|turn|3\n|inactive|Glaceon_1740 has 30 seconds left.\n|\n|t:|1775438790\n|switch|p2b: Lunala|Lunala, L50|100/100\n|move|p2a: Ho-Oh|Protect|p2a: Ho-Oh\n|-singleturn|p2a: Ho-Oh|Protect\n|move|p1b: Incineroar|Fake Out|p2b: Lunala\n|-immune|p2b: Lunala\n|move|p1a: Meowscarada|Triple Axel|p2a: Ho-Oh\n|-activate|p2a: Ho-Oh|move: Protect\n|\n|-weather|RainDance|[upkeep]\n|upkeep\n|turn|4\n|inactive|kdjfalkcsd has 30 seconds left.\n|inactive|kdjfalkcsd has 20 seconds left.\n|\n|t:|1775438830\n|move|p1a: Meowscarada|Triple Axel|p2a: Ho-Oh\n|-supereffective|p2a: Ho-Oh\n|-damage|p2a: Ho-Oh|85/100\n|-hitcount|p2a: Ho-Oh|1\n|move|p2a: Ho-Oh|Brave Bird|p1b: Incineroar\n|-damage|p1b: Incineroar|45/100\n|-damage|p2a: Ho-Oh|67/100|[from] Recoil\n|move|p1b: Incineroar|Knock Off|p2b: Lunala\n|-supereffective|p2b: Lunala\n|-damage|p2b: Lunala|36/100\n|-enditem|p2b: Lunala|Leftovers|[from] move: Knock Off|[of] p1b: Incineroar\n|move|p2b: Lunala|Trick Room|p2b: Lunala\n|-fieldstart|move: Trick Room|[of] p2b: Lunala\n|\n|-weather|RainDance|[upkeep]\n|upkeep\n|turn|5\n|inactive|kdjfalkcsd has 30 seconds left.\n|\n|t:|1775438861\n|switch|p2b: Amoonguss|Amoonguss, L50, M|100/100\n|switch|p1a: Zacian|Zacian-Crowned, L50|100/100\n|-ability|p1a: Zacian|Intrepid Sword|boost\n|-boost|p1a: Zacian|atk|1\n|move|p1b: Incineroar|Knock Off|p2b: Amoonguss\n|-damage|p2b: Amoonguss|66/100\n|-enditem|p2b: Amoonguss|Mental Herb|[from] move: Knock Off|[of] p1b: Incineroar\n|move|p2a: Ho-Oh|Brave Bird|p1a: Zacian\n|-resisted|p1a: Zacian\n|-damage|p1a: Zacian|73/100\n|-damage|p2a: Ho-Oh|59/100|[from] Recoil\n|\n|-weather|none\n|upkeep\n|turn|6\n|inactive|kdjfalkcsd has 30 seconds left.\n|\n|t:|1775438891\n|move|p2a: Ho-Oh|Protect|p2a: Ho-Oh\n|-singleturn|p2a: Ho-Oh|Protect\n|move|p1a: Zacian|Protect|p1a: Zacian\n|-singleturn|p1a: Zacian|Protect\n|move|p2b: Amoonguss|Spore|p1a: Zacian\n|-activate|p1a: Zacian|move: Protect\n|move|p1b: Incineroar|Will-O-Wisp|p2a: Ho-Oh\n|-activate|p2a: Ho-Oh|move: Protect\n|\n|upkeep\n|turn|7\n|inactive|kdjfalkcsd has 30 seconds left.\n|\n|t:|1775438923\n|switch|p2a: Lunala|Lunala, L50|36/100\n|switch|p1a: Kyogre|Kyogre, L50, tera:Grass|100/100\n|-weather|RainDance|[from] ability: Drizzle|[of] p1a: Kyogre\n|move|p2b: Amoonguss|Spore|p1a: Kyogre\n|-immune|p1a: Kyogre\n|move|p1b: Incineroar|Will-O-Wisp|p2a: Lunala\n|-status|p2a: Lunala|brn\n|\n|-weather|RainDance|[upkeep]\n|-damage|p2a: Lunala|30/100 brn|[from] brn\n|upkeep\n|turn|8\n|inactive|Glaceon_1740 has 30 seconds left.\n|inactive|kdjfalkcsd has 30 seconds left.\n|\n|t:|1775438962\n|switch|p2a: Ho-Oh|Ho-Oh, L50, tera:Grass|92/100\n|move|p1a: Kyogre|Protect|p1a: Kyogre\n|-singleturn|p1a: Kyogre|Protect\n|move|p2b: Amoonguss|Pollen Puff|p2a: Ho-Oh\n|-heal|p2a: Ho-Oh|100/100\n|move|p1b: Incineroar|Knock Off|p2a: Ho-Oh\n|-damage|p2a: Ho-Oh|70/100\n|-enditem|p2a: Ho-Oh|Clear Amulet|[from] move: Knock Off|[of] p1b: Incineroar\n|\n|-weather|RainDance|[upkeep]\n|-fieldend|move: Trick Room\n|upkeep\n|turn|9\n|inactive|Glaceon_1740 has 30 seconds left.\n|\n|t:|1775438993\n|switch|p1a: Zacian|Zacian-Crowned, L50|73/100\n|move|p2a: Ho-Oh|Brave Bird|p1b: Incineroar\n|-damage|p1b: Incineroar|0 fnt\n|faint|p1b: Incineroar\n|-damage|p2a: Ho-Oh|55/100|[from] Recoil\n|move|p2b: Amoonguss|Pollen Puff|p1a: Zacian\n|-resisted|p1a: Zacian\n|-damage|p1a: Zacian|69/100\n|\n|-weather|RainDance|[upkeep]\n|upkeep\n|\n|t:|1775439010\n|switch|p1b: Kyogre|Kyogre, L50, tera:Grass|100/100\n|turn|10\n|inactive|kdjfalkcsd has 30 seconds left.\n|inactive|kdjfalkcsd has 20 seconds left.\n|inactive|kdjfalkcsd has 15 seconds left.\n|inactive|kdjfalkcsd has 10 seconds left.\n|\n|t:|1775439057\n|move|p2a: Ho-Oh|Protect|p2a: Ho-Oh\n|-singleturn|p2a: Ho-Oh|Protect\n|move|p1b: Kyogre|Protect|p1b: Kyogre\n|-singleturn|p1b: Kyogre|Protect\n|move|p1a: Zacian|Swords Dance|p1a: Zacian\n|-boost|p1a: Zacian|atk|2\n|move|p2b: Amoonguss|Spore|p1a: Zacian\n|-status|p1a: Zacian|slp|[from] move: Spore\n|\n|-weather|RainDance|[upkeep]\n|upkeep\n|turn|11\n|\n|t:|1775439082\n|switch|p1b: Meowscarada|Meowscarada, L50, F|11/100\n|cant|p1a: Zacian|slp\n|move|p2a: Ho-Oh|Sacred Fire|p1a: Zacian\n|-supereffective|p1a: Zacian\n|-damage|p1a: Zacian|27/100 slp\n|move|p2b: Amoonguss|Pollen Puff|p2a: Ho-Oh\n|-heal|p2a: Ho-Oh|100/100\n|\n|-weather|none\n|upkeep\n|turn|12\n|inactive|kdjfalkcsd has 30 seconds left.\n|inactive|kdjfalkcsd has 20 seconds left.\n|\n|t:|1775439121\n|move|p1b: Meowscarada|Triple Axel|p2b: Amoonguss\n|-start|p1b: Meowscarada|typechange|Ice|[from] ability: Protean\n|-supereffective|p2b: Amoonguss\n|-damage|p2b: Amoonguss|47/100\n|-supereffective|p2b: Amoonguss\n|-damage|p2b: Amoonguss|11/100\n|-supereffective|p2b: Amoonguss\n|-damage|p2b: Amoonguss|0 fnt\n|faint|p2b: Amoonguss\n|-hitcount|p2: Amoonguss|3\n|cant|p1a: Zacian|slp\n|move|p2a: Ho-Oh|Sacred Fire|p1a: Zacian\n|-supereffective|p1a: Zacian\n|-damage|p1a: Zacian|0 fnt\n|faint|p1a: Zacian\n|\n|upkeep\n|\n|t:|1775439139\n|switch|p1a: Kyogre|Kyogre, L50, tera:Grass|100/100\n|switch|p2b: Lunala|Lunala, L50|30/100 brn\n|-weather|RainDance|[from] ability: Drizzle|[of] p1a: Kyogre\n|turn|13\n|inactive|kdjfalkcsd has 30 seconds left.\n|\n|t:|1775439155\n|move|p2b: Lunala|Wide Guard|p2b: Lunala\n|-singleturn|p2b: Lunala|Wide Guard\n|move|p1b: Meowscarada|Triple Axel|p2a: Ho-Oh\n|-supereffective|p2a: Ho-Oh\n|-damage|p2a: Ho-Oh|83/100\n|-supereffective|p2a: Ho-Oh\n|-damage|p2a: Ho-Oh|48/100\n|-supereffective|p2a: Ho-Oh\n|-damage|p2a: Ho-Oh|5/100\n|-hitcount|p2a: Ho-Oh|3\n|move|p2a: Ho-Oh|Brave Bird|p1b: Meowscarada\n|-damage|p1b: Meowscarada|0 fnt\n|faint|p1b: Meowscarada\n|-damage|p2a: Ho-Oh|2/100|[from] Recoil\n|move|p1a: Kyogre|Water Spout|p2b: Lunala|[spread] \n|-activate|p2a: Ho-Oh|move: Wide Guard\n|-activate|p2b: Lunala|move: Wide Guard\n|\n|-weather|RainDance|[upkeep]\n|-damage|p2b: Lunala|23/100 brn|[from] brn\n|upkeep\n|turn|14\n|inactive|kdjfalkcsd has 30 seconds left this turn.\n|inactive|kdjfalkcsd has 20 seconds left.\n|inactive|kdjfalkcsd has 15 seconds left.\n|\n|t:|1775439179\n|move|p1a: Kyogre|Protect|p1a: Kyogre\n|-singleturn|p1a: Kyogre|Protect\n|move|p2b: Lunala|Wide Guard|p2b: Lunala\n|-singleturn|p2b: Lunala|Wide Guard\n|move|p2a: Ho-Oh|Recover|p2a: Ho-Oh\n|-heal|p2a: Ho-Oh|52/100\n|\n|-weather|RainDance|[upkeep]\n|-damage|p2b: Lunala|17/100 brn|[from] brn\n|upkeep\n|turn|15\n|inactive|kdjfalkcsd has 15 seconds left this turn.\n|l|\u203dGlaceon_1740\n|inactive|Glaceon_1740 disconnected and has a minute to reconnect!\n|player|p1|\n|inactive|kdjfalkcsd has 10 seconds left.\n|inactive|kdjfalkcsd has 5 seconds left.\n|inactive|Glaceon_1740 has 30 seconds left.\n|j|\u203dGlaceon_1740\n|inactive|Glaceon_1740 reconnected and has 25 seconds left.\n|player|p1|Glaceon_1740|dawn-gen4pt|\n|inactive|Glaceon_1740 has 20 seconds left.\n|inactive|Glaceon_1740 has 15 seconds left.\n|\n|t:|1775439224\n|move|p2b: Lunala|Wide Guard|p2b: Lunala\n|-singleturn|p2b: Lunala|Wide Guard\n|move|p2a: Ho-Oh|Brave Bird|p1a: Kyogre\n|-supereffective|p1a: Kyogre\n|-damage|p1a: Kyogre|0 fnt\n|faint|p1a: Kyogre\n|-damage|p2a: Ho-Oh|19/100|[from] Recoil\n|\n|win|kdjfalkcsd\n|raw|Glaceon_1740's rating: 1096 &rarr; <strong>1077</strong><br />(-19 for losing)\n|raw|kdjfalkcsd's rating: 1181 &rarr; <strong>1200</strong><br />(+19 for winning)\n|l|\u203dGlaceon_1740\n|player|p1|\n","uploadtime":1775439251,"views":10,"formatid":"gen9vgc2026regi","rating":1077,"private":0,"password":null}