{"id":"gen9vgc2026regi-2521008944","format":"[Gen 9] VGC 2026 Reg I","players":["dasabe\u76d6\u6b27\u5361\u4fa0","Rypassed You"],"log":"|j|\u2606dasabe\u76d6\u6b27\u5361\u4fa0\n|j|\u2606Rypassed You\n|t:|1768711187\n|gametype|doubles\n|player|p1|dasabe\u76d6\u6b27\u5361\u4fa0|may-masters4|1513\n|player|p2|Rypassed You|drayton|1321\n|gen|9\n|tier|[Gen 9] VGC 2026 Reg I\n|rated|\n|rule|Species Clause: Limit one of each Pok\u00e9mon\n|rule|Item Clause: Limit 1 of each item\n|clearpoke\n|poke|p1|Kyogre, L50|\n|poke|p1|Miraidon, L50|\n|poke|p1|Whimsicott, L50, F|\n|poke|p1|Iron Hands, L50|\n|poke|p1|Farigiraf, L50, F|\n|poke|p1|Urshifu-*, L50, M|\n|poke|p2|Kyogre, L50|\n|poke|p2|Miraidon, L50|\n|poke|p2|Tornadus, L50, M|\n|poke|p2|Iron Hands, L50|\n|poke|p2|Farigiraf, L50, F|\n|poke|p2|Urshifu-*, L50, M|\n|teampreview|4\n|inactive|Battle timer is ON: inactive players will automatically lose when time's up. (requested by Rypassed You)\n|c|\u2606dasabe\u76d6\u6b27\u5361\u4fa0|\uff1f\n|c|\u2606Rypassed You|what\n|j| Yancy0902\u56fe\u56fe\u72ac\u4fa0\n|inactive|Rypassed You has 60 seconds left.\n|j| son moon3\n|\n|t:|1768711229\n|teamsize|p1|4\n|teamsize|p2|4\n|start\n|switch|p1a: \u624b\u94f6|Iron Hands, L50, shiny|100/100\n|switch|p1b: \u5c0f\u5934\u63a7\u5927\u5934|Farigiraf, L50, F, shiny|100/100\n|switch|p2a: Natalia|Miraidon, L50|100/100\n|switch|p2b: Eugene|Iron Hands, L50|100/100\n|-fieldstart|move: Electric Terrain|[from] ability: Hadron Engine|[of] p2a: Natalia\n|-enditem|p1b: \u5c0f\u5934\u63a7\u5927\u5934|Electric Seed\n|-boost|p1b: \u5c0f\u5934\u63a7\u5927\u5934|def|1|[from] item: Electric Seed\n|-activate|p2b: Eugene|ability: Quark Drive\n|-start|p2b: Eugene|quarkdriveatk\n|-activate|p1a: \u624b\u94f6|ability: Quark Drive\n|-start|p1a: \u624b\u94f6|quarkdriveatk\n|turn|1\n|j| heiyazhou\n|j| Esiolamond\n|c| Esiolamond|\ud83d\udc40\n|j| tengluoluo\n|\n|t:|1768711247\n|-end|p2b: Eugene|Quark Drive|[silent]\n|switch|p2b: Josy|Farigiraf, L50, F|100/100\n|-enditem|p2b: Josy|Electric Seed\n|-boost|p2b: Josy|def|1|[from] item: Electric Seed\n|move|p2a: Natalia|Electro Drift|p1b: \u5c0f\u5934\u63a7\u5927\u5934\n|-damage|p1b: \u5c0f\u5934\u63a7\u5927\u5934|0 fnt\n|faint|p1b: \u5c0f\u5934\u63a7\u5927\u5934\n|move|p1a: \u624b\u94f6|Low Kick|p2a: Natalia\n|-damage|p2a: Natalia|9/100\n|\n|upkeep\n|\n|t:|1768711251\n|switch|p1b: \u94f6\u91d1\u5996\u86c7|Miraidon, L50, shiny|100/100\n|-activate|p1b: \u94f6\u91d1\u5996\u86c7|ability: Hadron Engine\n|turn|2\n|inactive|Rypassed You has 30 seconds left.\n|j| jiajiahu\n|c| Yancy0902\u56fe\u56fe\u72ac\u4fa0|\ud83d\udc40\n|j| gengguiag\n|l| tengluoluo\n|inactive|Rypassed You has 20 seconds left.\n|inactive|Rypassed You has 15 seconds left.\n|\n|t:|1768711292\n|switch|p2a: Eugene|Iron Hands, L50|100/100\n|-activate|p2a: Eugene|ability: Quark Drive\n|-start|p2a: Eugene|quarkdriveatk\n|-terastallize|p1b: \u94f6\u91d1\u5996\u86c7|Fairy\n|move|p1b: \u94f6\u91d1\u5996\u86c7|Dazzling Gleam|p2a: Eugene|[spread] p2a,p2b\n|-supereffective|p2a: Eugene\n|-damage|p2a: Eugene|35/100\n|-damage|p2b: Josy|57/100\n|-damage|p1b: \u94f6\u91d1\u5996\u86c7|91/100|[from] item: Life Orb\n|move|p1a: \u624b\u94f6|Low Kick|p2b: Josy\n|-damage|p2b: Josy|13/100\n|move|p2b: Josy|Trick Room|p2b: Josy\n|-fieldstart|move: Trick Room|[of] p2b: Josy\n|\n|upkeep\n|turn|3\n|\n|t:|1768711299\n|move|p2b: Josy|Helping Hand|p2a: Eugene\n|-singleturn|p2a: Eugene|Helping Hand|[of] p2b: Josy\n|move|p2a: Eugene|Wild Charge|p1b: \u94f6\u91d1\u5996\u86c7\n|-damage|p1b: \u94f6\u91d1\u5996\u86c7|0 fnt\n|faint|p1b: \u94f6\u91d1\u5996\u86c7\n|-damage|p2a: Eugene|16/100|[from] Recoil\n|move|p1a: \u624b\u94f6|Low Kick|p2a: Eugene\n|-damage|p2a: Eugene|0 fnt\n|faint|p2a: Eugene\n|-end|p2a: Eugene|Quark Drive|[silent]\n|\n|upkeep\n|l| gengguiag\n|\n|t:|1768711306\n|switch|p2a: Dhruva|Kyogre, L50|100/100\n|switch|p1b: \u6210\u90fd\u8001\u76d6|Kyogre, L50, shiny|100/100\n|-weather|RainDance|[from] ability: Drizzle|[of] p1b: \u6210\u90fd\u8001\u76d6\n|turn|4\n|j| Cucumber Mortis\n|\n|t:|1768711315\n|-terastallize|p2a: Dhruva|Grass\n|move|p1a: \u624b\u94f6|Low Kick|p2a: Dhruva\n|-damage|p2a: Dhruva|10/100\n|move|p1b: \u6210\u90fd\u8001\u76d6|Origin Pulse|p2a: Dhruva|[spread] p2a\n|-miss|p1b: \u6210\u90fd\u8001\u76d6|p2b: Josy\n|-resisted|p2a: Dhruva\n|-damage|p2a: Dhruva|0 fnt\n|faint|p2a: Dhruva\n|move|p2b: Josy|Trick Room|p2b: Josy\n|-fieldend|move: Trick Room\n|\n|-weather|RainDance|[upkeep]\n|upkeep\n|\n|t:|1768711321\n|switch|p2a: Natalia|Miraidon, L50|9/100\n|-activate|p2a: Natalia|ability: Hadron Engine\n|turn|5\n|j| alex20101010\n|l| Cucumber Mortis\n|\n|t:|1768711337\n|move|p2b: Josy|Helping Hand|p2a: Natalia\n|-singleturn|p2a: Natalia|Helping Hand|[of] p2b: Josy\n|move|p2a: Natalia|Draco Meteor|p1a: \u624b\u94f6\n|-damage|p1a: \u624b\u94f6|0 fnt\n|-unboost|p2a: Natalia|spa|2\n|faint|p1a: \u624b\u94f6\n|-end|p1a: \u624b\u94f6|Quark Drive|[silent]\n|move|p1b: \u6210\u90fd\u8001\u76d6|Origin Pulse|p2a: Natalia|[spread] p2a,p2b\n|-resisted|p2a: Natalia\n|-damage|p2a: Natalia|0 fnt\n|-damage|p2b: Josy|0 fnt\n|faint|p2a: Natalia\n|faint|p2b: Josy\n|\n|win|dasabe\u76d6\u6b27\u5361\u4fa0\n|raw|dasabe\u76d6\u6b27\u5361\u4fa0's rating: 1513 &rarr; <strong>1523</strong><br />(+10 for winning)\n|raw|Rypassed You's rating: 1321 &rarr; <strong>1311</strong><br />(-10 for losing)\n|l|\u2606Rypassed You\n|player|p2|\n|j| lemonzi\n|l| alex20101010\n|l| son moon3\n|j| son moon3\n|l| son moon3\n|l| lemonzi\n|l| Esiolamond\n|l| jiajiahu\n|j|\u2606Rypassed You\n|player|p2|Rypassed You|drayton|\n|j| false miss\n|l| false miss\n|l|\u2606Rypassed You\n|player|p2|\n|l| Yancy0902\u56fe\u56fe\u72ac\u4fa0\n|j| blackred123\n|l| heiyazhou\n|j| Yancy0902\u56fe\u56fe\u72ac\u4fa0\n|l| Yancy0902\u56fe\u56fe\u72ac\u4fa0\n|l|\u2606dasabe\u76d6\u6b27\u5361\u4fa0\n|player|p1|\n|j| Yancy0902\u56fe\u56fe\u72ac\u4fa0\n|l| Yancy0902\u56fe\u56fe\u72ac\u4fa0\n|j| Yancy0902\u56fe\u56fe\u72ac\u4fa0\n|l| Yancy0902\u56fe\u56fe\u72ac\u4fa0\n|j| aurora ltd\n","uploadtime":1768712558,"views":15,"formatid":"gen9vgc2026regi","rating":1311,"private":0,"password":null}