{"id":"gen9vgc2026regi-2568214425","format":"[Gen 9] VGC 2026 Reg I","players":["joymaxxing","Cello L."],"log":"|j|\u2606joymaxxing\n|j|\u2606Cello L.\n|t:|1774556513\n|gametype|doubles\n|player|p1|joymaxxing|101|1463\n|player|p2|Cello L.|cynthia-gen4|1566\n|gen|9\n|tier|[Gen 9] VGC 2026 Reg I\n|rated|\n|rule|Species Clause: Limit one of each Pok\u00e9mon\n|rule|Item Clause: Limit 1 of each item\n|clearpoke\n|poke|p1|Koraidon, L50|\n|poke|p1|Lunala, L50|\n|poke|p1|Regieleki, L50|\n|poke|p1|Incineroar, L50, M|\n|poke|p1|Ogerpon-Wellspring, L50, F|\n|poke|p1|Ursaluna, L50, F|\n|poke|p2|Kyogre, L50|\n|poke|p2|Calyrex-Ice, L50|\n|poke|p2|Raging Bolt, L50|\n|poke|p2|Urshifu-*, L50, M|\n|poke|p2|Rillaboom, L50, F|\n|poke|p2|Amoonguss, L50, F|\n|teampreview|4\nCello L. has agreed to open team sheets.\n|\n|t:|1774556545\n|teamsize|p1|4\n|teamsize|p2|4\n|start\n|switch|p1a: Jewelry Margherita|Incineroar, L50, M, shiny|100/100\n|switch|p1b: Going Merry|Lunala, L50|100/100\n|switch|p2a: Calyrex|Calyrex-Ice, L50|100/100\n|switch|p2b: Amoonguss|Amoonguss, L50, F|100/100\n|-ability|p2a: Calyrex|As One\n|-ability|p2a: Calyrex|Unnerve\n|-ability|p1a: Jewelry Margherita|Intimidate|boost\n|-unboost|p2a: Calyrex|atk|1\n|-unboost|p2b: Amoonguss|atk|1\n|turn|1\n|j| KittyPON2\n|\n|t:|1774556562\n|switch|p1b: Nostra Castello|Ogerpon-Wellspring, L50, F|100/100\n|-terastallize|p2a: Calyrex|Fairy\n|move|p1a: Jewelry Margherita|Knock Off|p2a: Calyrex\n|-resisted|p2a: Calyrex\n|-damage|p2a: Calyrex|90/100\n|-enditem|p2a: Calyrex|Leftovers|[from] move: Knock Off|[of] p1a: Jewelry Margherita\n|move|p2a: Calyrex|Leech Seed|p1b: Nostra Castello\n|-immune|p1b: Nostra Castello\n|move|p2b: Amoonguss|Spore|p1b: Nostra Castello\n|-immune|p1b: Nostra Castello\n|\n|upkeep\n|turn|2\n|j| SGillfish\n|\n|t:|1774556583\n|switch|p2b: Raging Bolt|Raging Bolt, L50|100/100\n|-enditem|p2b: Raging Bolt|Booster Energy\n|-activate|p2b: Raging Bolt|ability: Protosynthesis|[fromitem]\n|-start|p2b: Raging Bolt|protosynthesisspa\n|move|p1b: Nostra Castello|Ivy Cudgel|p2b: Raging Bolt|[anim] Ivy Cudgel Water\n|-resisted|p2b: Raging Bolt\n|-damage|p2b: Raging Bolt|82/100\n|move|p1a: Jewelry Margherita|Flare Blitz|p2b: Raging Bolt\n|-resisted|p2b: Raging Bolt\n|-damage|p2b: Raging Bolt|64/100\n|-status|p2b: Raging Bolt|brn\n|-damage|p1a: Jewelry Margherita|94/100|[from] Recoil\n|move|p2a: Calyrex|Trick Room|p2a: Calyrex\n|-fieldstart|move: Trick Room|[of] p2a: Calyrex\n|\n|-damage|p2b: Raging Bolt|58/100 brn|[from] brn\n|upkeep\n|turn|3\n|\n|t:|1774556608\n|move|p1b: Nostra Castello|Spiky Shield|p1b: Nostra Castello\n|-singleturn|p1b: Nostra Castello|move: Protect\n|move|p2a: Calyrex|Glacial Lance|p1b: Nostra Castello|[spread] p1a\n|-activate|p1b: Nostra Castello|move: Protect\n|-resisted|p1a: Jewelry Margherita\n|-damage|p1a: Jewelry Margherita|79/100\n|move|p1a: Jewelry Margherita|Parting Shot|p2b: Raging Bolt\n|-unboost|p2b: Raging Bolt|atk|1\n|-unboost|p2b: Raging Bolt|spa|1\n|\n|t:|1774556617\n|switch|p1a: Going Merry|Lunala, L50|100/100|[from] Parting Shot\n|move|p2b: Raging Bolt|Thunderbolt|p1a: Going Merry\n|-damage|p1a: Going Merry|85/100\n|\n|-damage|p2b: Raging Bolt|52/100 brn|[from] brn\n|upkeep\n|turn|4\n|\n|t:|1774556634\n|-terastallize|p1a: Going Merry|Fairy\n|move|p1b: Nostra Castello|Follow Me|p1b: Nostra Castello\n|-singleturn|p1b: Nostra Castello|move: Follow Me\n|move|p2a: Calyrex|Glacial Lance|p1a: Going Merry|[spread] p1a,p1b\n|-damage|p1a: Going Merry|61/100\n|-damage|p1b: Nostra Castello|64/100\n|move|p2b: Raging Bolt|Thunderbolt|p1b: Nostra Castello\n|-damage|p1b: Nostra Castello|18/100\n|move|p1a: Going Merry|Moonblast|p2b: Raging Bolt\n|-supereffective|p2b: Raging Bolt\n|-damage|p2b: Raging Bolt|0 fnt\n|faint|p2b: Raging Bolt\n|-end|p2b: Raging Bolt|Protosynthesis|[silent]\n|\n|upkeep\n|\n|t:|1774556646\n|switch|p2b: Amoonguss|Amoonguss, L50, F|100/100\n|turn|5\n|\n|t:|1774556654\n|move|p1b: Nostra Castello|Follow Me|p1b: Nostra Castello\n|-singleturn|p1b: Nostra Castello|move: Follow Me\n|move|p2b: Amoonguss|Spore|p1b: Nostra Castello\n|-immune|p1b: Nostra Castello\n|move|p2a: Calyrex|Glacial Lance|p1b: Nostra Castello|[spread] p1a,p1b\n|-damage|p1a: Going Merry|34/100\n|-damage|p1b: Nostra Castello|0 fnt\n|faint|p1b: Nostra Castello\n|-ability|p2a: Calyrex|Chilling Neigh|boost\n|-boost|p2a: Calyrex|atk|1\n|move|p1a: Going Merry|Moongeist Beam|p2b: Amoonguss\n|-damage|p2b: Amoonguss|52/100\n|\n|upkeep\n|\n|t:|1774556662\n|switch|p1b: Jewelry Margherita|Incineroar, L50, M, shiny|79/100\n|-ability|p1b: Jewelry Margherita|Intimidate|boost\n|-unboost|p2a: Calyrex|atk|1\n|-unboost|p2b: Amoonguss|atk|1\n|turn|6\n|\n|t:|1774556675\n|switch|p1b: Thousand Sunny|Koraidon, L50|100/100\n|-weather|SunnyDay|[from] ability: Orichalcum Pulse|[of] p1b: Thousand Sunny\n|-activate|p1b: Thousand Sunny|Orichalcum Pulse|[source]\n|move|p1a: Going Merry|Wide Guard|p1a: Going Merry\n|-singleturn|p1a: Going Merry|Wide Guard\n|move|p2b: Amoonguss|Spore|p1a: Going Merry\n|-status|p1a: Going Merry|slp|[from] move: Spore\n|move|p2a: Calyrex|Leech Seed|p1a: Going Merry\n|-start|p1a: Going Merry|move: Leech Seed\n|\n|-weather|SunnyDay|[upkeep]\n|-damage|p1a: Going Merry|22/100 slp|[from] Leech Seed|[of] p2a: Calyrex\n|-heal|p2a: Calyrex|100/100|[silent]\n|-fieldend|move: Trick Room\n|upkeep\n|turn|7\n|\n|t:|1774556719\n|switch|p1a: Jewelry Margherita|Incineroar, L50, M, shiny|79/100\n|-ability|p1a: Jewelry Margherita|Intimidate|boost\n|-unboost|p2a: Calyrex|atk|1\n|-unboost|p2b: Amoonguss|atk|1\n|move|p2b: Amoonguss|Protect|p2b: Amoonguss\n|-singleturn|p2b: Amoonguss|Protect\n|move|p1b: Thousand Sunny|Close Combat|p2b: Amoonguss\n|-activate|p2b: Amoonguss|move: Protect\n|move|p2a: Calyrex|Glacial Lance|p1a: Jewelry Margherita|[spread] p1a,p1b\n|-resisted|p1a: Jewelry Margherita\n|-supereffective|p1b: Thousand Sunny\n|-damage|p1a: Jewelry Margherita|67/100\n|-damage|p1b: Thousand Sunny|55/100\n|\n|-weather|SunnyDay|[upkeep]\n|upkeep\n|turn|8\n|\n|t:|1774556738\n|move|p2b: Amoonguss|Rage Powder|p2b: Amoonguss\n|-singleturn|p2b: Amoonguss|move: Rage Powder\n|move|p1b: Thousand Sunny|Flare Blitz|p2b: Amoonguss\n|-supereffective|p2b: Amoonguss\n|-damage|p2b: Amoonguss|0 fnt\n|-damage|p1b: Thousand Sunny|39/100|[from] item: Rocky Helmet|[of] p2b: Amoonguss\n|faint|p2b: Amoonguss\n|-damage|p1b: Thousand Sunny|17/100|[from] Recoil\n|-damage|p1b: Thousand Sunny|7/100|[from] item: Life Orb\n|move|p1a: Jewelry Margherita|Flare Blitz|p2a: Calyrex\n|-damage|p2a: Calyrex|64/100\n|-damage|p1a: Jewelry Margherita|55/100|[from] Recoil\n|move|p2a: Calyrex|Glacial Lance|p1a: Jewelry Margherita|[spread] p1a,p1b\n|-resisted|p1a: Jewelry Margherita\n|-supereffective|p1b: Thousand Sunny\n|-damage|p1a: Jewelry Margherita|44/100\n|-damage|p1b: Thousand Sunny|0 fnt\n|faint|p1b: Thousand Sunny\n|-ability|p2a: Calyrex|Chilling Neigh|boost\n|-boost|p2a: Calyrex|atk|1\n|\n|-weather|SunnyDay|[upkeep]\n|upkeep\n|-message|joymaxxing forfeited.\n|\n|win|Cello L.\n|raw|joymaxxing's rating: 1463 &rarr; <strong>1449</strong><br />(-14 for losing)\n|raw|Cello L.'s rating: 1566 &rarr; <strong>1580</strong><br />(+14 for winning)\n|l|\u2606joymaxxing\n|player|p1|\n|l|\u2606Cello L.\n|player|p2|\n|l| SGillfish\n|l| KittyPON2\n","uploadtime":1774557000,"views":15,"formatid":"gen9vgc2026regi","rating":1449,"private":0,"password":null}