{"id":"gen9vgc2026regi-2539999426","format":"[Gen 9] VGC 2026 Reg I","players":["parramanmatt","SEITA"],"log":"|j|\u2606parramanmatt\n|j|\u2606SEITA\n|t:|1771141587\n|gametype|doubles\n|player|p1|parramanmatt|chuck|1352\n|player|p2|SEITA|lucas-gen4pt|1481\n|gen|9\n|tier|[Gen 9] VGC 2026 Reg I\n|rated|\n|rule|Species Clause: Limit one of each Pok\u00e9mon\n|rule|Item Clause: Limit 1 of each item\n|clearpoke\n|poke|p1|Miraidon, L50|\n|poke|p1|Calyrex-Ice, L50|\n|poke|p1|Whimsicott, L50, F|\n|poke|p1|Landorus-Therian, L50, M|\n|poke|p1|Volcarona, L50, F|\n|poke|p1|Urshifu-*, L50, F|\n|poke|p2|Zamazenta-*, L50|\n|poke|p2|Kyogre, L50|\n|poke|p2|Wo-Chien, L50|\n|poke|p2|Grimmsnarl, L50, M|\n|poke|p2|Rhyperior, L50, M|\n|poke|p2|Ditto, L50|\n|teampreview|4\n|inactive|Battle timer is ON: inactive players will automatically lose when time's up. (requested by parramanmatt)\n|\n|t:|1771141613\n|teamsize|p1|4\n|teamsize|p2|4\n|start\n|switch|p1a: Whimsicott|Whimsicott, L50, F|100/100\n|switch|p1b: Urshifu|Urshifu-Rapid-Strike, L50, F|100/100\n|switch|p2a: Grimmsnarl|Grimmsnarl, L50, M|100/100\n|switch|p2b: Zamazenta|Zamazenta-Crowned, L50|100/100\n|-ability|p2b: Zamazenta|Dauntless Shield|boost\n|-boost|p2b: Zamazenta|def|1\n|turn|1\n|\n|t:|1771141631\n|move|p1a: Whimsicott|Tailwind|p1a: Whimsicott\n|-sidestart|p1: parramanmatt|move: Tailwind\n|move|p2a: Grimmsnarl|Reflect|p2a: Grimmsnarl\n|-sidestart|p2: SEITA|Reflect\n|move|p1b: Urshifu|Surging Strikes|p2b: Zamazenta\n|-crit|p2b: Zamazenta\n|-damage|p2b: Zamazenta|86/100\n|-crit|p2b: Zamazenta\n|-damage|p2b: Zamazenta|73/100\n|-crit|p2b: Zamazenta\n|-damage|p2b: Zamazenta|59/100\n|-hitcount|p2b: Zamazenta|3\n|move|p2b: Zamazenta|Body Press|p1b: Urshifu\n|-damage|p1b: Urshifu|40/100\n|\n|upkeep\n|turn|2\n|inactive|SEITA has 30 seconds left.\n|\n|t:|1771141656\n|-terastallize|p2b: Zamazenta|Grass\n|move|p2a: Grimmsnarl|Light Screen|p2a: Grimmsnarl\n|-sidestart|p2: SEITA|move: Light Screen\n|move|p1a: Whimsicott|Moonblast|p2b: Zamazenta\n|-crit|p2b: Zamazenta\n|-damage|p2b: Zamazenta|26/100\n|move|p1b: Urshifu|Surging Strikes|p2b: Zamazenta\n|-resisted|p2b: Zamazenta\n|-crit|p2b: Zamazenta\n|-damage|p2b: Zamazenta|19/100\n|-resisted|p2b: Zamazenta\n|-crit|p2b: Zamazenta\n|-damage|p2b: Zamazenta|12/100\n|-resisted|p2b: Zamazenta\n|-crit|p2b: Zamazenta\n|-damage|p2b: Zamazenta|5/100\n|-hitcount|p2b: Zamazenta|3\n|move|p2b: Zamazenta|Body Press|p1b: Urshifu\n|-damage|p1b: Urshifu|0 fnt\n|faint|p1b: Urshifu\n|\n|upkeep\n|\n|t:|1771141672\n|switch|p1b: Calyrex|Calyrex-Ice, L50|100/100\n|-ability|p1b: Calyrex|As One\n|-ability|p1b: Calyrex|Unnerve\n|turn|3\n|\n|t:|1771141687\n|switch|p2b: Kyogre|Kyogre, L50|100/100\n|-weather|RainDance|[from] ability: Drizzle|[of] p2b: Kyogre\n|move|p1a: Whimsicott|Moonblast|p2b: Kyogre\n|-damage|p2b: Kyogre|86/100\n|move|p1b: Calyrex|Glacial Lance|p2b: Kyogre|[spread] p2a,p2b\n|-resisted|p2b: Kyogre\n|-damage|p2a: Grimmsnarl|67/100\n|-damage|p2b: Kyogre|70/100\n|move|p2a: Grimmsnarl|Spirit Break|p1a: Whimsicott\n|-damage|p1a: Whimsicott|53/100\n|-unboost|p1a: Whimsicott|spa|1\n|\n|-weather|RainDance|[upkeep]\n|-heal|p2b: Kyogre|75/100|[from] item: Leftovers\n|upkeep\n|turn|4\n|inactive|SEITA has 30 seconds left.\n|\n|t:|1771141714\n|-terastallize|p1b: Calyrex|Water\n|move|p1a: Whimsicott|Protect|p1a: Whimsicott\n|-singleturn|p1a: Whimsicott|Protect\n|move|p1b: Calyrex|Glacial Lance|p2b: Kyogre|[spread] p2a,p2b\n|-crit|p2a: Grimmsnarl\n|-resisted|p2b: Kyogre\n|-damage|p2a: Grimmsnarl|0 fnt\n|-damage|p2b: Kyogre|59/100\n|faint|p2a: Grimmsnarl\n|-ability|p1b: Calyrex|Chilling Neigh|boost\n|-boost|p1b: Calyrex|atk|1\n|move|p2b: Kyogre|Origin Pulse|p1a: Whimsicott|[spread] p1b\n|-activate|p1a: Whimsicott|move: Protect\n|-resisted|p1b: Calyrex\n|-damage|p1b: Calyrex|78/100\n|\n|-weather|RainDance|[upkeep]\n|-heal|p2b: Kyogre|65/100|[from] item: Leftovers\n|-sideend|p1: parramanmatt|move: Tailwind\n|upkeep\n|\n|t:|1771141738\n|switch|p2a: Zamazenta|Zamazenta-Crowned, L50, tera:Grass|5/100\n|turn|5\n|inactive|parramanmatt has 30 seconds left.\n|\n|t:|1771141763\n|move|p2a: Zamazenta|Protect|p2a: Zamazenta\n|-singleturn|p2a: Zamazenta|Protect\n|move|p1a: Whimsicott|Encore|p2b: Kyogre\n|-start|p2b: Kyogre|Encore\n|move|p2b: Kyogre|Origin Pulse|p1b: Calyrex|[spread] p1a,p1b\n|-resisted|p1a: Whimsicott\n|-resisted|p1b: Calyrex\n|-damage|p1a: Whimsicott|0 fnt\n|-damage|p1b: Calyrex|55/100\n|faint|p1a: Whimsicott\n|move|p1b: Calyrex|Crunch|p2a: Zamazenta\n|-activate|p2a: Zamazenta|move: Protect\n|\n|-weather|RainDance|[upkeep]\n|-heal|p2b: Kyogre|71/100|[from] item: Leftovers\n|upkeep\n|\n|t:|1771141770\n|switch|p1a: Miraidon|Miraidon, L50|100/100\n|-fieldstart|move: Electric Terrain|[from] ability: Hadron Engine|[of] p1a: Miraidon\n|turn|6\n|\n|t:|1771141784\n|switch|p2a: Rhyperior|Rhyperior, L50, M|100/100\n|move|p1a: Miraidon|Electro Drift|p2a: Rhyperior\n|-activate|p2a: Rhyperior|ability: Lightning Rod\n|-ability|p2a: Rhyperior|Lightning Rod|boost\n|-boost|p2a: Rhyperior|spa|1\n|move|p2b: Kyogre|Origin Pulse|p1a: Miraidon|[spread] p1b\n|-miss|p2b: Kyogre|p1a: Miraidon\n|-resisted|p1b: Calyrex\n|-damage|p1b: Calyrex|32/100\n|move|p1b: Calyrex|Crunch|p2a: Rhyperior\n|-damage|p2a: Rhyperior|78/100\n|-unboost|p2a: Rhyperior|def|1\n|\n|-weather|RainDance|[upkeep]\n|-heal|p2b: Kyogre|77/100|[from] item: Leftovers\n|upkeep\n|turn|7\n|\n|t:|1771141806\n|move|p1a: Miraidon|Draco Meteor|p2b: Kyogre\n|-damage|p2b: Kyogre|24/100\n|-unboost|p1a: Miraidon|spa|2\n|-damage|p1a: Miraidon|91/100|[from] item: Life Orb\n|move|p2b: Kyogre|Origin Pulse|p1b: Calyrex|[spread] p1a,p1b\n|-resisted|p1a: Miraidon\n|-resisted|p1b: Calyrex\n|-damage|p1a: Miraidon|62/100\n|-damage|p1b: Calyrex|8/100\n|move|p1b: Calyrex|Glacial Lance|p2b: Kyogre|[spread] p2a,p2b\n|-supereffective|p2a: Rhyperior\n|-resisted|p2b: Kyogre\n|-damage|p2a: Rhyperior|0 fnt\n|-damage|p2b: Kyogre|3/100\n|faint|p2a: Rhyperior\n|-ability|p1b: Calyrex|Chilling Neigh|boost\n|-boost|p1b: Calyrex|atk|1\n|\n|-weather|none\n|-heal|p2b: Kyogre|9/100|[from] item: Leftovers\n|-end|p2b: Kyogre|Encore\n|upkeep\n|\n|t:|1771141826\n|switch|p2a: Zamazenta|Zamazenta-Crowned, L50, tera:Grass|5/100\n|turn|8\n|\n|t:|1771141842\n|move|p2b: Kyogre|Protect|p2b: Kyogre\n|-singleturn|p2b: Kyogre|Protect\n|move|p1a: Miraidon|Electro Drift|p2b: Kyogre\n|-activate|p2b: Kyogre|move: Protect\n|move|p2a: Zamazenta|Body Press|p1b: Calyrex\n|-damage|p1b: Calyrex|0 fnt\n|faint|p1b: Calyrex\n|\n|-heal|p2b: Kyogre|15/100|[from] item: Leftovers\n|-sideend|p2: SEITA|Reflect\n|upkeep\n|turn|9\n|\n|t:|1771141858\n|move|p2b: Kyogre|Protect||[still]\n|-fail|p2b: Kyogre\n|move|p1a: Miraidon|Electro Drift|p2b: Kyogre\n|-supereffective|p2b: Kyogre\n|-damage|p2b: Kyogre|0 fnt\n|faint|p2b: Kyogre\n|-damage|p1a: Miraidon|52/100|[from] item: Life Orb\n|move|p2a: Zamazenta|Body Press|p1a: Miraidon\n|-damage|p1a: Miraidon|10/100\n|\n|-sideend|p2: SEITA|move: Light Screen\n|upkeep\n|turn|10\n|\n|t:|1771141873\n|move|p2a: Zamazenta|Protect|p2a: Zamazenta\n|-singleturn|p2a: Zamazenta|Protect\n|move|p1a: Miraidon|Electro Drift|p2a: Zamazenta\n|-activate|p2a: Zamazenta|move: Protect\n|\n|-fieldend|move: Electric Terrain\n|upkeep\n|turn|11\n|\n|t:|1771141882\n|move|p1a: Miraidon|Electro Drift|p2a: Zamazenta\n|-resisted|p2a: Zamazenta\n|-crit|p2a: Zamazenta\n|-damage|p2a: Zamazenta|0 fnt\n|faint|p2a: Zamazenta\n|-damage|p1a: Miraidon|0 fnt|[from] item: Life Orb\n|faint|p1a: Miraidon\n|\n|win|parramanmatt\n|raw|parramanmatt's rating: 1352 &rarr; <strong>1379</strong><br />(+27 for winning)\n|raw|SEITA's rating: 1481 &rarr; <strong>1454</strong><br />(-27 for losing)\n|l|\u2606parramanmatt\n|player|p1|\n","uploadtime":1771142135,"views":38,"formatid":"gen9vgc2026regi","rating":1379,"private":0,"password":null}