{"id":"gen9vgc2026regi-2573406687","format":"[Gen 9] VGC 2026 Reg I","players":["sunny_zong3","sjouko"],"log":"|j|\u2606sunny_zong3\n|j|\u2606sjouko\n|t:|1775133500\n|gametype|doubles\n|player|p1|sunny_zong3|266|1319\n|player|p2|sjouko|2|1245\n|gen|9\n|tier|[Gen 9] VGC 2026 Reg I\n|rated|\n|rule|Species Clause: Limit one of each Pok\u00e9mon\n|rule|Item Clause: Limit 1 of each item\n|clearpoke\n|poke|p1|Typhlosion-Hisui, L50, M|\n|poke|p1|Miraidon, L50|\n|poke|p1|Calyrex-Shadow, L50|\n|poke|p1|Maushold-Four, L50|\n|poke|p1|Annihilape, L50, M|\n|poke|p1|Murkrow, L50, F|\n|poke|p2|Ho-Oh, L50|\n|poke|p2|Lunala, L50|\n|poke|p2|Incineroar, L50, M|\n|poke|p2|Grimmsnarl, L50, M|\n|poke|p2|Rillaboom, L50, F|\n|poke|p2|Urshifu-*, L50, F|\n|teampreview|4\n|inactive|Battle timer is ON: inactive players will automatically lose when time's up. (requested by sjouko)\n|inactive|sunny_zong3 also wants the timer to be on.\n|inactive|sjouko has 60 seconds left.\n|inactive|sunny_zong3 has 60 seconds left.\n|\n|t:|1775133543\n|teamsize|p1|4\n|teamsize|p2|4\n|start\n|switch|p1a: Calyrex|Calyrex-Shadow, L50|100/100\n|switch|p1b: Annihilape|Annihilape, L50, M, shiny|100/100\n|switch|p2a: Grimmsnarl|Grimmsnarl, L50, M|100/100\n|switch|p2b: Ho-Oh|Ho-Oh, L50|100/100\n|-ability|p1a: Calyrex|As One\n|-ability|p1a: Calyrex|Unnerve\n|turn|1\n|\n|t:|1775133566\n|move|p2b: Ho-Oh|Protect|p2b: Ho-Oh\n|-singleturn|p2b: Ho-Oh|Protect\n|move|p2a: Grimmsnarl|Light Screen|p2a: Grimmsnarl\n|-sidestart|p2: sjouko|move: Light Screen\n|move|p1b: Annihilape|Rock Slide|p2a: Grimmsnarl|[spread] p2a\n|-activate|p2b: Ho-Oh|move: Protect\n|-damage|p2a: Grimmsnarl|81/100\n|move|p1a: Calyrex|Astral Barrage|p2b: Ho-Oh|[spread] p2a\n|-activate|p2b: Ho-Oh|move: Protect\n|-resisted|p2a: Grimmsnarl\n|-damage|p2a: Grimmsnarl|61/100\n|-damage|p1a: Calyrex|91/100|[from] item: Life Orb\n|\n|upkeep\n|turn|2\n|inactive|sjouko has 30 seconds left.\n|inactive|sjouko has 20 seconds left.\n|\n|t:|1775133604\n|switch|p2b: Rillaboom|Rillaboom, L50, F|100/100\n|-fieldstart|move: Grassy Terrain|[from] ability: Grassy Surge|[of] p2b: Rillaboom\n|move|p2a: Grimmsnarl|Reflect|p2a: Grimmsnarl\n|-sidestart|p2: sjouko|Reflect\n|move|p1b: Annihilape|Rock Slide|p2b: Rillaboom|[spread] p2a,p2b\n|-damage|p2a: Grimmsnarl|49/100\n|-damage|p2b: Rillaboom|91/100\n|move|p1a: Calyrex|Encore||[still]\n|-fail|p1a: Calyrex\n|\n|-heal|p1a: Calyrex|96/100|[from] Grassy Terrain\n|-heal|p2b: Rillaboom|97/100|[from] Grassy Terrain\n|-heal|p2a: Grimmsnarl|55/100|[from] Grassy Terrain\n|upkeep\n|turn|3\n|\n|t:|1775133624\n|switch|p1b: Typhlosion|Typhlosion-Hisui, L50, M|100/100\n|switch|p1a: Miraidon|Miraidon, L50|100/100\n|-fieldstart|move: Electric Terrain|[from] ability: Hadron Engine|[of] p1a: Miraidon\n|move|p2a: Grimmsnarl|Thunder Wave|p1a: Miraidon\n|-immune|p1a: Miraidon\n|move|p2b: Rillaboom|U-turn|p1b: Typhlosion\n|-resisted|p1b: Typhlosion\n|-damage|p1b: Typhlosion|93/100\n|\n|t:|1775133637\n|switch|p2b: Lunala|Lunala, L50|100/100|[from] U-turn\n|\n|upkeep\n|turn|4\n|\n|t:|1775133649\n|switch|p2b: Rillaboom|Rillaboom, L50, F|97/100\n|-fieldstart|move: Grassy Terrain|[from] ability: Grassy Surge|[of] p2b: Rillaboom\n|-terastallize|p1a: Miraidon|Fairy\n|move|p2a: Grimmsnarl|Thunder Wave|p1b: Typhlosion\n|-status|p1b: Typhlosion|par\n|move|p1a: Miraidon|Dazzling Gleam|p2b: Rillaboom|[spread] p2a,p2b\n|-supereffective|p2a: Grimmsnarl\n|-damage|p2a: Grimmsnarl|1/100\n|-damage|p2b: Rillaboom|80/100\n|move|p1b: Typhlosion|Curse|p2b: Rillaboom\n|-start|p2b: Rillaboom|Curse|[of] p1b: Typhlosion\n|-damage|p1b: Typhlosion|43/100 par\n|\n|-heal|p2b: Rillaboom|86/100|[from] Grassy Terrain\n|-heal|p2a: Grimmsnarl|7/100|[from] Grassy Terrain\n|-heal|p1b: Typhlosion|49/100 par|[from] Grassy Terrain\n|-damage|p2b: Rillaboom|61/100|[from] Curse\n|upkeep\n|turn|5\n|\n|t:|1775133671\n|move|p2b: Rillaboom|Fake Out|p1a: Miraidon\n|-damage|p1a: Miraidon|89/100\n|move|p2a: Grimmsnarl|Thunder Wave|p1a: Miraidon\n|-status|p1a: Miraidon|par\n|cant|p1a: Miraidon|flinch\n|cant|p1b: Typhlosion|par\n|\n|-heal|p2b: Rillaboom|67/100|[from] Grassy Terrain\n|-heal|p1a: Miraidon|95/100 par|[from] Grassy Terrain\n|-heal|p2a: Grimmsnarl|13/100|[from] Grassy Terrain\n|-heal|p1b: Typhlosion|55/100 par|[from] Grassy Terrain\n|-damage|p2b: Rillaboom|43/100|[from] Curse\n|upkeep\n|turn|6\n|\n|t:|1775133688\n|move|p2b: Rillaboom|Wood Hammer|p1a: Miraidon\n|-damage|p1a: Miraidon|33/100 par\n|-damage|p2b: Rillaboom|25/100|[from] Recoil\n|move|p1a: Miraidon|Dazzling Gleam|p2a: Grimmsnarl|[spread] p2a,p2b\n|-supereffective|p2a: Grimmsnarl\n|-damage|p2a: Grimmsnarl|0 fnt\n|-damage|p2b: Rillaboom|10/100\n|faint|p2a: Grimmsnarl\n|cant|p1b: Typhlosion|par\n|\n|-heal|p2b: Rillaboom|15/100|[from] Grassy Terrain\n|-heal|p1a: Miraidon|39/100 par|[from] Grassy Terrain\n|-heal|p1b: Typhlosion|61/100 par|[from] Grassy Terrain\n|-damage|p2b: Rillaboom|0 fnt|[from] Curse\n|faint|p2b: Rillaboom\n|upkeep\n|\n|t:|1775133699\n|switch|p2b: Lunala|Lunala, L50|100/100\n|switch|p2a: Ho-Oh|Ho-Oh, L50|100/100\n|turn|7\n|\n|t:|1775133721\n|move|p2b: Lunala|Wide Guard|p2b: Lunala\n|-singleturn|p2b: Lunala|Wide Guard\n|move|p2a: Ho-Oh|Brave Bird|p1b: Typhlosion\n|-damage|p1b: Typhlosion|0 fnt\n|faint|p1b: Typhlosion\n|-damage|p2a: Ho-Oh|88/100|[from] Recoil\n|move|p1a: Miraidon|Dazzling Gleam|p2b: Lunala|[spread] \n|-activate|p2a: Ho-Oh|move: Wide Guard\n|-activate|p2b: Lunala|move: Wide Guard\n|\n|-heal|p1a: Miraidon|44/100 par|[from] Grassy Terrain\n|upkeep\n|\n|t:|1775133734\n|switch|p1b: Calyrex|Calyrex-Shadow, L50|96/100\n|-ability|p1b: Calyrex|As One\n|-ability|p1b: Calyrex|Unnerve\n|turn|8\n|\n|t:|1775133743\n|move|p2b: Lunala|Wide Guard|p2b: Lunala\n|-singleturn|p2b: Lunala|Wide Guard\n|move|p1b: Calyrex|Encore|p2b: Lunala\n|-start|p2b: Lunala|Encore\n|move|p2a: Ho-Oh|Sacred Fire|p1b: Calyrex\n|-damage|p1b: Calyrex|44/100\n|-status|p1b: Calyrex|brn\n|move|p1a: Miraidon|Dazzling Gleam|p2b: Lunala|[spread] \n|-activate|p2a: Ho-Oh|move: Wide Guard\n|-activate|p2b: Lunala|move: Wide Guard\n|\n|-heal|p1b: Calyrex|50/100 brn|[from] Grassy Terrain\n|-heal|p1a: Miraidon|50/100 par|[from] Grassy Terrain\n|-damage|p1b: Calyrex|44/100 brn|[from] brn\n|-sideend|p2: sjouko|move: Light Screen\n|-fieldend|move: Grassy Terrain\n|upkeep\n|turn|9\n|\n|t:|1775133755\n|move|p2b: Lunala|Wide Guard|p2b: Lunala\n|-singleturn|p2b: Lunala|Wide Guard\n|move|p1b: Calyrex|Taunt|p2b: Lunala\n|-start|p2b: Lunala|move: Taunt\n|move|p2a: Ho-Oh|Sacred Fire|p1b: Calyrex\n|-crit|p1b: Calyrex\n|-damage|p1b: Calyrex|0 fnt\n|faint|p1b: Calyrex\n|move|p1a: Miraidon|Dazzling Gleam|p2a: Ho-Oh|[spread] \n|-activate|p2a: Ho-Oh|move: Wide Guard\n|-activate|p2b: Lunala|move: Wide Guard\n|\n|-sideend|p2: sjouko|Reflect\n|upkeep\n|\n|t:|1775133757\n|switch|p1b: Annihilape|Annihilape, L50, M, shiny|100/100\n|turn|10\n|inactive|sjouko has 30 seconds left.\n|inactive|sjouko has 20 seconds left.\n|\n|t:|1775133796\n|-terastallize|p2a: Ho-Oh|Grass\n|move|p1b: Annihilape|Final Gambit|p2a: Ho-Oh\n|-damage|p2a: Ho-Oh|0 fnt\n|faint|p1b: Annihilape\n|faint|p2a: Ho-Oh\n|-activate|p2b: Lunala|move: Struggle\n|move|p2b: Lunala|Struggle|p1a: Miraidon\n|-damage|p1a: Miraidon|40/100 par\n|-damage|p2b: Lunala|75/100|[from] recoil\n|move|p1a: Miraidon|Dazzling Gleam|p2b: Lunala\n|-damage|p2b: Lunala|35/100\n|\n|-heal|p2b: Lunala|41/100|[from] item: Leftovers\n|upkeep\n|turn|11\n|\n|t:|1775133813\n|-activate|p2b: Lunala|move: Struggle\n|move|p2b: Lunala|Struggle|p1a: Miraidon\n|-damage|p1a: Miraidon|29/100 par\n|-damage|p2b: Lunala|16/100|[from] recoil\n|move|p1a: Miraidon|Dazzling Gleam|p2b: Lunala\n|-damage|p2b: Lunala|0 fnt\n|faint|p2b: Lunala\n|\n|win|sunny_zong3\n|raw|sunny_zong3's rating: 1304 &rarr; <strong>1321</strong><br />(+17 for winning)\n|raw|sjouko's rating: 1245 &rarr; <strong>1224</strong><br />(-21 for losing)\n|l|\u2606sunny_zong3\n|player|p1|\n|l|\u2606sjouko\n|player|p2|\n","uploadtime":1775134057,"views":11,"formatid":"gen9vgc2026regi","rating":1224,"private":0,"password":null}