{"id":"gen9vgc2026regi-2559742904","format":"[Gen 9] VGC 2026 Reg I","players":["uhh daneooo","pitty boi"],"log":"|j|\u2606uhh daneooo\n|j|\u2606pitty boi\n|t:|1773605339\n|gametype|doubles\n|player|p1|uhh daneooo|riley|1356\n|player|p2|pitty boi|169|1428\n|gen|9\n|tier|[Gen 9] VGC 2026 Reg I\n|rated|\n|rule|Species Clause: Limit one of each Pok\u00e9mon\n|rule|Item Clause: Limit 1 of each item\n|clearpoke\n|poke|p1|Flutter Mane, L50|\n|poke|p1|Chi-Yu, L50|\n|poke|p1|Terapagos, L50, M|\n|poke|p1|Eternatus, L50|\n|poke|p1|Iron Hands, L50|\n|poke|p1|Grimmsnarl, L50, M|\n|poke|p2|Calyrex-Shadow, L50|\n|poke|p2|Zamazenta-*, L50|\n|poke|p2|Weezing-Galar, L50, F|\n|poke|p2|Urshifu-*, L50, F|\n|poke|p2|Rillaboom, L50, F|\n|poke|p2|Volcarona, L50, F|\n|teampreview|4\n|inactive|Battle timer is ON: inactive players will automatically lose when time's up. (requested by pitty boi)\npitty boi has agreed to open team sheets.\n|j| Ascitiesdrown\n|inactive|uhh daneooo has 60 seconds left.\n|\n|t:|1773605374\n|teamsize|p1|4\n|teamsize|p2|4\n|start\n|switch|p1a: Grimmsnarl|Grimmsnarl, L50, M|100/100\n|switch|p1b: Chi-Yu|Chi-Yu, L50|100/100\n|switch|p2a: Weezing|Weezing-Galar, L50, F|100/100\n|switch|p2b: Calyrex|Calyrex-Shadow, L50|100/100\n|-ability|p2a: Weezing|Neutralizing Gas\n|-ability|p2b: Calyrex|As One\n|-ability|p2b: Calyrex|Unnerve\n|turn|1\n|\n|t:|1773605400\n|move|p2b: Calyrex|Protect|p2b: Calyrex\n|-singleturn|p2b: Calyrex|Protect\n|move|p1b: Chi-Yu|Protect|p1b: Chi-Yu\n|-singleturn|p1b: Chi-Yu|Protect\n|move|p2a: Weezing|Taunt|p1a: Grimmsnarl\n|-start|p1a: Grimmsnarl|move: Taunt\n|cant|p1a: Grimmsnarl|move: Taunt|Light Screen\n|\n|upkeep\n|turn|2\n|\n|t:|1773605417\n|switch|p2b: Urshifu|Urshifu-Rapid-Strike, L50, F|100/100\n|move|p1b: Chi-Yu|Overheat|p2b: Urshifu\n|-resisted|p2b: Urshifu\n|-damage|p2b: Urshifu|50/100\n|-unboost|p1b: Chi-Yu|spa|2\n|move|p2a: Weezing|Strange Steam|p1a: Grimmsnarl\n|-supereffective|p1a: Grimmsnarl\n|-damage|p1a: Grimmsnarl|43/100\n|-start|p1a: Grimmsnarl|confusion\n|-activate|p1a: Grimmsnarl|confusion\n|-damage|p1a: Grimmsnarl|33/100|[from] confusion\n|\n|upkeep\n|turn|3\n|inactive|pitty boi has 30 seconds left.\n|\n|t:|1773605451\n|switch|p1b: Eternatus|Eternatus, L50|100/100\n|-end|p2a: Weezing|ability: Neutralizing Gas\n|-ability|p1b: Eternatus|Pressure\n|switch|p2a: Calyrex|Calyrex-Shadow, L50|100/100\n|-ability|p2a: Calyrex|As One\n|-ability|p2a: Calyrex|Unnerve\n|move|p2b: Urshifu|Surging Strikes|p1b: Eternatus\n|-resisted|p1b: Eternatus\n|-crit|p1b: Eternatus\n|-damage|p1b: Eternatus|91/100\n|-resisted|p1b: Eternatus\n|-crit|p1b: Eternatus\n|-damage|p1b: Eternatus|82/100\n|-resisted|p1b: Eternatus\n|-crit|p1b: Eternatus\n|-damage|p1b: Eternatus|73/100\n|-hitcount|p1b: Eternatus|3\n|-activate|p1a: Grimmsnarl|confusion\n|move|p1a: Grimmsnarl|Foul Play|p2b: Urshifu\n|-resisted|p2b: Urshifu\n|-crit|p2b: Urshifu\n|-damage|p2b: Urshifu|12/100\n|\n|-end|p1a: Grimmsnarl|move: Taunt\n|upkeep\n|turn|4\n|inactive|uhh daneooo has 30 seconds left.\n|inactive|pitty boi has 30 seconds left.\n|inactive|uhh daneooo has 20 seconds left.\n|\n|t:|1773605488\n|-activate|p1a: Grimmsnarl|confusion\n|move|p1a: Grimmsnarl|Light Screen|p1a: Grimmsnarl\n|-sidestart|p1: uhh daneooo|move: Light Screen\n|move|p2a: Calyrex|Psyshock|p1b: Eternatus\n|-supereffective|p1b: Eternatus\n|-damage|p1b: Eternatus|4/100\n|-damage|p2a: Calyrex|91/100|[from] item: Life Orb\n|move|p1b: Eternatus|Flamethrower|p2b: Urshifu\n|-resisted|p2b: Urshifu\n|-damage|p2b: Urshifu|0 fnt\n|faint|p2b: Urshifu\n|-damage|p1b: Eternatus|0 fnt|[from] item: Life Orb\n|faint|p1b: Eternatus\n|\n|upkeep\n|\n|t:|1773605500\n|switch|p1b: Chi-Yu|Chi-Yu, L50|100/100\n|switch|p2b: Weezing|Weezing-Galar, L50, F|100/100\n|-ability|p2b: Weezing|Neutralizing Gas\n|turn|5\n|\n|t:|1773605513\n|move|p2a: Calyrex|Protect|p2a: Calyrex\n|-singleturn|p2a: Calyrex|Protect\n|move|p1b: Chi-Yu|Overheat|p2b: Weezing\n|-damage|p2b: Weezing|37/100\n|-unboost|p1b: Chi-Yu|spa|2\n|move|p2b: Weezing|Taunt|p1a: Grimmsnarl\n|-start|p1a: Grimmsnarl|move: Taunt\n|-end|p1a: Grimmsnarl|confusion\n|move|p1a: Grimmsnarl|Foul Play|p2a: Calyrex\n|-activate|p2a: Calyrex|move: Protect\n|\n|upkeep\n|turn|6\n|inactive|pitty boi has 30 seconds left.\n|\n|t:|1773605541\n|-terastallize|p2a: Calyrex|Normal\n|move|p2a: Calyrex|Nasty Plot|p2a: Calyrex\n|-boost|p2a: Calyrex|spa|2\n|move|p1b: Chi-Yu|Overheat|p2b: Weezing\n|-damage|p2b: Weezing|2/100\n|-unboost|p1b: Chi-Yu|spa|2\n|move|p2b: Weezing|Strange Steam|p1b: Chi-Yu\n|-damage|p1b: Chi-Yu|78/100\n|move|p1a: Grimmsnarl|Foul Play|p2a: Calyrex\n|-damage|p2a: Calyrex|63/100\n|\n|upkeep\n|turn|7\n|\n|t:|1773605552\n|switch|p1b: Terapagos|Terapagos, L50, M|100/100\n|-activate|p1b: Terapagos|ability: Tera Shift\n|detailschange|p1b: Terapagos|Terapagos-Terastal, L50, M\n|-heal|p1b: Terapagos|100/100|[silent]\n|move|p2a: Calyrex|Astral Barrage|p1a: Grimmsnarl|[spread] p1a\n|-immune|p1b: Terapagos\n|-resisted|p1a: Grimmsnarl\n|-damage|p1a: Grimmsnarl|0 fnt\n|faint|p1a: Grimmsnarl\n|-ability|p2a: Calyrex|Grim Neigh|boost\n|-boost|p2a: Calyrex|spa|1\n|-damage|p2a: Calyrex|53/100|[from] item: Life Orb\n|move|p2b: Weezing|Strange Steam|p1b: Terapagos\n|-damage|p1b: Terapagos|83/100\n|\n|upkeep\n|\n|t:|1773605562\n|switch|p1a: Chi-Yu|Chi-Yu, L50|78/100\n|turn|8\n|\n|t:|1773605571\n|-terastallize|p1b: Terapagos|Stellar\n|detailschange|p1b: Terapagos|Terapagos-Stellar, L50, M, tera:Stellar\n|-heal|p1b: Terapagos|88/100|[silent]\n|move|p2a: Calyrex|Protect|p2a: Calyrex\n|-singleturn|p2a: Calyrex|Protect\n|move|p2b: Weezing|Protect|p2b: Weezing\n|-singleturn|p2b: Weezing|Protect\n|move|p1a: Chi-Yu|Heat Wave|p2a: Calyrex|[spread] \n|-activate|p2a: Calyrex|move: Protect\n|-activate|p2b: Weezing|move: Protect\n|move|p1b: Terapagos|Tera Starstorm|p2a: Calyrex|[spread] \n|-activate|p2a: Calyrex|move: Protect\n|-activate|p2b: Weezing|move: Protect\n|\n|upkeep\n|turn|9\n|\n|t:|1773605595\n|move|p2a: Calyrex|Psyshock|p1b: Terapagos\n|-crit|p1b: Terapagos\n|-damage|p1b: Terapagos|0 fnt\n|faint|p1b: Terapagos\n|detailschange|p1: Terapagos|Terapagos, L50, M|[silent]\n|-ability|p2a: Calyrex|Grim Neigh|boost\n|-boost|p2a: Calyrex|spa|1\n|-damage|p2a: Calyrex|43/100|[from] item: Life Orb\n|move|p1a: Chi-Yu|Heat Wave|p2b: Weezing|[spread] p2a\n|-miss|p1a: Chi-Yu|p2b: Weezing\n|-damage|p2a: Calyrex|5/100\n|move|p2b: Weezing|Strange Steam|p1a: Chi-Yu\n|-damage|p1a: Chi-Yu|57/100\n|\n|upkeep\n|turn|10\n|c|\u2606uhh daneooo|bro are we fucking fr\n|\n|t:|1773605615\n|move|p2a: Calyrex|Astral Barrage|p1a: Chi-Yu\n|-resisted|p1a: Chi-Yu\n|-damage|p1a: Chi-Yu|0 fnt\n|faint|p1a: Chi-Yu\n|-damage|p2a: Calyrex|0 fnt|[from] item: Life Orb\n|faint|p2a: Calyrex\n|\n|win|pitty boi\n|raw|uhh daneooo's rating: 1356 &rarr; <strong>1340</strong><br />(-16 for losing)\n|raw|pitty boi's rating: 1428 &rarr; <strong>1444</strong><br />(+16 for winning)\n|c|\u2606pitty boi|gg\n|c| Ascitiesdrown|lel\n|l|\u2606pitty boi\n|player|p2|\n|l|\u2606uhh daneooo\n|player|p1|\n","uploadtime":1773605763,"views":11,"formatid":"gen9vgc2026regi","rating":1340,"private":0,"password":null}