{"id":"gen9vgc2026regi-2563202407","format":"[Gen 9] VGC 2026 Reg I","players":["Galact7adi","SHyperdestroyerVGC"],"log":"|j|\u2606Galact7adi\n|j|\u2606SHyperdestroyerVGC\n|t:|1774002609\n|gametype|doubles\n|player|p1|Galact7adi|1|1478\n|player|p2|SHyperdestroyerVGC|lady|1482\n|gen|9\n|tier|[Gen 9] VGC 2026 Reg I\n|rated|\n|rule|Species Clause: Limit one of each Pok\u00e9mon\n|rule|Item Clause: Limit 1 of each item\n|clearpoke\n|poke|p1|Calyrex-Shadow, L50|\n|poke|p1|Zamazenta-*, L50|\n|poke|p1|Chien-Pao, L50|\n|poke|p1|Dragonite, L50, M|\n|poke|p1|Raging Bolt, L50|\n|poke|p1|Amoonguss, L50, M|\n|poke|p2|Miraidon, L50|\n|poke|p2|Lunala, L50|\n|poke|p2|Whimsicott, L50, M|\n|poke|p2|Ursaluna, L50, F|\n|poke|p2|Incineroar, L50, M|\n|poke|p2|Urshifu-*, L50, F|\n|teampreview|4\n|inactive|Battle timer is ON: inactive players will automatically lose when time's up. (requested by Galact7adi)\nSHyperdestroyerVGC has agreed to open team sheets.\n|inactive|Galact7adi has 60 seconds left.\n|\n|t:|1774002646\n|teamsize|p1|4\n|teamsize|p2|4\n|start\n|switch|p1a: Dragonite|Dragonite, L50, M|100/100\n|switch|p1b: Chien-Pao|Chien-Pao, L50|100/100\n|switch|p2a: Incineroar|Incineroar, L50, M|100/100\n|switch|p2b: Urshifu|Urshifu-Rapid-Strike, L50, F|100/100\n|-ability|p1b: Chien-Pao|Sword of Ruin\n|-ability|p2a: Incineroar|Intimidate|boost\n|-fail|p1a: Dragonite|unboost|Attack|[from] ability: Inner Focus|[of] p1a: Dragonite\n|-unboost|p1b: Chien-Pao|atk|1\n|turn|1\n|\n|t:|1774002670\n|switch|p2b: Lunala|Lunala, L50|100/100\n|move|p1b: Chien-Pao|Ruination|p2a: Incineroar\n|-damage|p2a: Incineroar|51/100\n|move|p1a: Dragonite|Outrage|p2b: Lunala\n|-damage|p2b: Lunala|47/100\n|move|p2a: Incineroar|Knock Off|p1a: Dragonite\n|-damage|p1a: Dragonite|55/100\n|-enditem|p1a: Dragonite|Choice Band|[from] move: Knock Off|[of] p2a: Incineroar\n|\n|upkeep\n|turn|2\n|\n|t:|1774002691\n|switch|p2b: Whimsicott|Whimsicott, L50, M|100/100\n|move|p1b: Chien-Pao|Ice Spinner|p2b: Whimsicott\n|-supereffective|p2b: Whimsicott\n|-damage|p2b: Whimsicott|32/100\n|move|p1a: Dragonite|Outrage|p2a: Incineroar|[from] lockedmove\n|-damage|p2a: Incineroar|0 fnt\n|faint|p2a: Incineroar\n|\n|upkeep\n|\n|t:|1774002699\n|switch|p2a: Urshifu|Urshifu-Rapid-Strike, L50, F|100/100\n|turn|3\n|\n|t:|1774002719\n|-terastallize|p2a: Urshifu|Water\n|move|p2b: Whimsicott|Tailwind|p2b: Whimsicott\n|-sidestart|p2: SHyperdestroyerVGC|move: Tailwind\n|move|p2a: Urshifu|Surging Strikes|p1b: Chien-Pao\n|-crit|p1b: Chien-Pao\n|-damage|p1b: Chien-Pao|64/100\n|-crit|p1b: Chien-Pao\n|-damage|p1b: Chien-Pao|24/100\n|-crit|p1b: Chien-Pao\n|-damage|p1b: Chien-Pao|0 fnt\n|faint|p1b: Chien-Pao\n|-hitcount|p1: Chien-Pao|3\n|move|p1a: Dragonite|Outrage|p2a: Urshifu|[from] lockedmove\n|-damage|p2a: Urshifu|29/100\n|-start|p1a: Dragonite|confusion|[fatigue]\n|\n|upkeep\n|\n|t:|1774002728\n|switch|p1b: Zamazenta|Zamazenta-Crowned, L50|100/100\n|-ability|p1b: Zamazenta|Dauntless Shield|boost\n|-boost|p1b: Zamazenta|def|1\n|turn|4\n|\n|t:|1774002738\n|-terastallize|p1a: Dragonite|Normal\n|-activate|p1a: Dragonite|confusion\n|move|p1a: Dragonite|Extreme Speed|p2a: Urshifu\n|-damage|p2a: Urshifu|0 fnt\n|faint|p2a: Urshifu\n|move|p2b: Whimsicott|Moonblast|p1a: Dragonite\n|-damage|p1a: Dragonite|32/100\n|-unboost|p1a: Dragonite|spa|1\n|move|p1b: Zamazenta|Heavy Slam|p2b: Whimsicott\n|-supereffective|p2b: Whimsicott\n|-damage|p2b: Whimsicott|0 fnt\n|faint|p2b: Whimsicott\n|\n|upkeep\n|\n|t:|1774002742\n|switch|p2b: Lunala|Lunala, L50|47/100\n|turn|5\n|-message|SHyperdestroyerVGC forfeited.\n|\n|win|Galact7adi\n|raw|Galact7adi's rating: 1478 &rarr; <strong>1498</strong><br />(+20 for winning)\n|raw|SHyperdestroyerVGC's rating: 1482 &rarr; <strong>1462</strong><br />(-20 for losing)\n|l|\u2606SHyperdestroyerVGC\n|player|p2|\n|j|\u2606SHyperdestroyerVGC\n|player|p2|SHyperdestroyerVGC|lady|\n|l|\u2606Galact7adi\n|player|p1|\n|l|\u2606SHyperdestroyerVGC\n|player|p2|\n","uploadtime":1774002940,"views":11,"formatid":"gen9vgc2026regi","rating":1462,"private":0,"password":null}