{"id":"gen9vgc2026regi-2560081528","format":"[Gen 9] VGC 2026 Reg I","players":["jd8erh","Adkae"],"log":"|j|\u2606jd8erh\n|j|\u2606Adkae\n|t:|1773648602\n|gametype|doubles\n|player|p1|jd8erh|101|1504\n|player|p2|Adkae|101|1420\n|gen|9\n|tier|[Gen 9] VGC 2026 Reg I\n|rated|\n|rule|Species Clause: Limit one of each Pok\u00e9mon\n|rule|Item Clause: Limit 1 of each item\n|clearpoke\n|poke|p1|Calyrex-Ice, L50|\n|poke|p1|Miraidon, L50|\n|poke|p1|Incineroar, L50, M|\n|poke|p1|Farigiraf, L50, M|\n|poke|p1|Volcarona, L50, M|\n|poke|p1|Grimmsnarl, L50, M|\n|poke|p2|Zacian-*, L50|\n|poke|p2|Chien-Pao, L50|\n|poke|p2|Flutter Mane, L50|\n|poke|p2|Miraidon, L50|\n|poke|p2|Rillaboom, L50, M|\n|poke|p2|Incineroar, L50, F|\n|teampreview|4\n|inactive|Battle timer is ON: inactive players will automatically lose when time's up. (requested by jd8erh)\njd8erh has agreed to open team sheets.\n|l|\u2606jd8erh\n|inactive|jd8erh disconnected and has a minute to reconnect!\n|player|p1|\n|j|\u2606jd8erh\n|inactive|jd8erh reconnected and has 70 seconds left.\n|player|p1|jd8erh|101|\n|inactive|jd8erh has 60 seconds left.\n|inactive|Adkae has 60 seconds left.\n|inactive|Adkae has 30 seconds left.\n|\n|t:|1773648669\n|teamsize|p1|4\n|teamsize|p2|4\n|start\n|switch|p1a: Miraidon|Miraidon, L50|100/100\n|switch|p1b: Incineroar|Incineroar, L50, M|100/100\n|switch|p2a: Zacian|Zacian-Crowned, L50|100/100\n|switch|p2b: Chien-Pao|Chien-Pao, L50|100/100\n|-fieldstart|move: Electric Terrain|[from] ability: Hadron Engine|[of] p1a: Miraidon\n|-ability|p2a: Zacian|Intrepid Sword|boost\n|-boost|p2a: Zacian|atk|1\n|-ability|p2b: Chien-Pao|Sword of Ruin\n|-ability|p1b: Incineroar|Intimidate|boost\n|-unboost|p2a: Zacian|atk|1\n|-unboost|p2b: Chien-Pao|atk|1\n|turn|1\n|\n|t:|1773648689\n|switch|p2a: Rillaboom|Rillaboom, L50, M|100/100\n|-fieldstart|move: Grassy Terrain|[from] ability: Grassy Surge|[of] p2a: Rillaboom\n|-terastallize|p1a: Miraidon|Electric\n|move|p1b: Incineroar|Fake Out|p2a: Rillaboom\n|-damage|p2a: Rillaboom|88/100\n|move|p2b: Chien-Pao|Ice Shard|p1a: Miraidon\n|-damage|p1a: Miraidon|74/100\n|move|p1a: Miraidon|Volt Switch|p2b: Chien-Pao\n|-damage|p2b: Chien-Pao|27/100\n|\n|t:|1773648692\n|switch|p1a: Volcarona|Volcarona, L50, M|100/100|[from] Volt Switch\n|\n|-heal|p2b: Chien-Pao|33/100|[from] Grassy Terrain\n|-heal|p2a: Rillaboom|94/100|[from] Grassy Terrain\n|upkeep\n|turn|2\n|\n|t:|1773648709\n|switch|p2b: Incineroar|Incineroar, L50, F|100/100\n|-ability|p2b: Incineroar|Intimidate|boost\n|-unboost|p1a: Volcarona|atk|1\n|-unboost|p1b: Incineroar|atk|1\n|move|p1a: Volcarona|Will-O-Wisp|p2a: Rillaboom|[miss]\n|-miss|p1a: Volcarona|p2a: Rillaboom\n|move|p2a: Rillaboom|High Horsepower|p1b: Incineroar\n|-supereffective|p1b: Incineroar\n|-damage|p1b: Incineroar|38/100\n|move|p1b: Incineroar|U-turn|p2b: Incineroar\n|-damage|p2b: Incineroar|89/100\n|\n|t:|1773648717\n|switch|p1b: Grimmsnarl|Grimmsnarl, L50, M|100/100|[from] U-turn\n|\n|-heal|p2a: Rillaboom|99/100|[from] Grassy Terrain\n|-heal|p2b: Incineroar|95/100|[from] Grassy Terrain\n|upkeep\n|turn|3\n|\n|t:|1773648736\n|move|p1b: Grimmsnarl|Reflect|p1b: Grimmsnarl\n|-sidestart|p1: jd8erh|Reflect\n|move|p1a: Volcarona|Will-O-Wisp|p2a: Rillaboom|[miss]\n|-miss|p1a: Volcarona|p2a: Rillaboom\n|move|p2a: Rillaboom|Wood Hammer|p1b: Grimmsnarl\n|-damage|p1b: Grimmsnarl|34/100\n|-damage|p2a: Rillaboom|77/100|[from] Recoil\n|move|p2b: Incineroar|Flare Blitz|p1a: Volcarona\n|-damage|p1a: Volcarona|61/100\n|-damage|p2b: Incineroar|79/100|[from] item: Rocky Helmet|[of] p1a: Volcarona\n|-damage|p2b: Incineroar|66/100|[from] Recoil\n|\n|-heal|p1a: Volcarona|68/100|[from] Grassy Terrain\n|-heal|p2a: Rillaboom|84/100|[from] Grassy Terrain\n|-heal|p2b: Incineroar|72/100|[from] Grassy Terrain\n|-heal|p1b: Grimmsnarl|40/100|[from] Grassy Terrain\n|upkeep\n|turn|4\n|\n|t:|1773648754\n|switch|p2a: Chien-Pao|Chien-Pao, L50|33/100\n|-ability|p2a: Chien-Pao|Sword of Ruin\n|switch|p1b: Incineroar|Incineroar, L50, M|38/100\n|-ability|p1b: Incineroar|Intimidate|boost\n|-unboost|p2a: Chien-Pao|atk|1\n|-unboost|p2b: Incineroar|atk|1\n|move|p1a: Volcarona|Will-O-Wisp|p2a: Chien-Pao\n|-status|p2a: Chien-Pao|brn\n|move|p2b: Incineroar|Knock Off|p1a: Volcarona\n|-damage|p1a: Volcarona|42/100\n|-damage|p2b: Incineroar|55/100|[from] item: Rocky Helmet|[of] p1a: Volcarona\n|-enditem|p1a: Volcarona|Rocky Helmet|[from] move: Knock Off|[of] p2b: Incineroar\n|\n|-heal|p2a: Chien-Pao|39/100 brn|[from] Grassy Terrain\n|-heal|p1a: Volcarona|48/100|[from] Grassy Terrain\n|-heal|p1b: Incineroar|44/100|[from] Grassy Terrain\n|-heal|p2b: Incineroar|61/100|[from] Grassy Terrain\n|-damage|p2a: Chien-Pao|33/100 brn|[from] brn\n|upkeep\n|turn|5\n|l|\u2606jd8erh\n|inactive|jd8erh disconnected and has a minute to reconnect!\n|player|p1|\n|j|\u2606jd8erh\n|inactive|jd8erh reconnected and has 35 seconds left.\n|player|p1|jd8erh|101|\n|inactive|jd8erh has 30 seconds left.\n|\n|t:|1773648780\n|switch|p1a: Grimmsnarl|Grimmsnarl, L50, M|40/100\n|move|p1b: Incineroar|Fake Out|p2a: Chien-Pao\n|-damage|p2a: Chien-Pao|17/100 brn\n|cant|p2a: Chien-Pao|flinch\n|move|p2b: Incineroar|Parting Shot|p1a: Grimmsnarl\n|-unboost|p1a: Grimmsnarl|atk|1\n|-unboost|p1a: Grimmsnarl|spa|1\n|\n|t:|1773648791\n|switch|p2b: Zacian|Zacian-Crowned, L50|100/100|[from] Parting Shot\n|\n|-heal|p2a: Chien-Pao|22/100 brn|[from] Grassy Terrain\n|-heal|p1b: Incineroar|50/100|[from] Grassy Terrain\n|-heal|p1a: Grimmsnarl|46/100|[from] Grassy Terrain\n|-damage|p2a: Chien-Pao|17/100 brn|[from] brn\n|-fieldend|move: Grassy Terrain\n|upkeep\n|turn|6\n|\n|t:|1773648804\n|switch|p2a: Incineroar|Incineroar, L50, F|61/100\n|-ability|p2a: Incineroar|Intimidate|boost\n|-unboost|p1a: Grimmsnarl|atk|1\n|-unboost|p1b: Incineroar|atk|1\n|switch|p1a: Volcarona|Volcarona, L50, M|48/100\n|move|p2b: Zacian|Behemoth Blade|p1a: Volcarona\n|-resisted|p1a: Volcarona\n|-damage|p1a: Volcarona|27/100\n|move|p1b: Incineroar|U-turn|p2a: Incineroar\n|-damage|p2a: Incineroar|50/100\n|-enditem|p2a: Incineroar|Sitrus Berry|[eat]\n|-heal|p2a: Incineroar|75/100|[from] item: Sitrus Berry\n|\n|t:|1773648806\n|switch|p1b: Grimmsnarl|Grimmsnarl, L50, M|46/100|[from] U-turn\n|\n|upkeep\n|turn|7\n|\n|t:|1773648826\n|switch|p2b: Chien-Pao|Chien-Pao, L50|17/100 brn\n|-ability|p2b: Chien-Pao|Sword of Ruin\n|switch|p1b: Incineroar|Incineroar, L50, M|50/100\n|-ability|p1b: Incineroar|Intimidate|boost\n|-unboost|p2a: Incineroar|atk|1\n|-unboost|p2b: Chien-Pao|atk|1\n|move|p2a: Incineroar|Fake Out|p1b: Incineroar\n|-damage|p1b: Incineroar|43/100\n|move|p1a: Volcarona|Will-O-Wisp|p2b: Chien-Pao\n|-fail|p2b: Chien-Pao|brn\n|\n|-damage|p2b: Chien-Pao|11/100 brn|[from] brn\n|upkeep\n|turn|8\n|\n|t:|1773648840\n|switch|p1a: Grimmsnarl|Grimmsnarl, L50, M|46/100\n|move|p1b: Incineroar|Fake Out|p2b: Chien-Pao\n|-damage|p2b: Chien-Pao|0 fnt\n|faint|p2b: Chien-Pao\n|move|p2a: Incineroar|Flare Blitz|p1a: Grimmsnarl\n|-damage|p1a: Grimmsnarl|18/100\n|-damage|p2a: Incineroar|65/100|[from] Recoil\n|\n|upkeep\n|\n|t:|1773648848\n|switch|p2b: Zacian|Zacian-Crowned, L50|100/100\n|turn|9\n|\n|t:|1773648857\n|switch|p1a: Volcarona|Volcarona, L50, M|27/100\n|move|p2b: Zacian|Close Combat|p1b: Incineroar\n|-supereffective|p1b: Incineroar\n|-damage|p1b: Incineroar|0 fnt\n|-unboost|p2b: Zacian|def|1\n|-unboost|p2b: Zacian|spd|1\n|faint|p1b: Incineroar\n|move|p2a: Incineroar|Flare Blitz|p1a: Volcarona\n|-damage|p1a: Volcarona|3/100\n|-damage|p2a: Incineroar|57/100|[from] Recoil\n|\n|upkeep\n|\n|t:|1773648860\n|switch|p1b: Miraidon|Miraidon, L50, tera:Electric|74/100\n|-fieldstart|move: Electric Terrain|[from] ability: Hadron Engine|[of] p1b: Miraidon\n|turn|10\n|\n|t:|1773648875\n|switch|p2b: Rillaboom|Rillaboom, L50, M|84/100\n|-fieldstart|move: Grassy Terrain|[from] ability: Grassy Surge|[of] p2b: Rillaboom\n|move|p1b: Miraidon|Volt Switch|p2a: Incineroar\n|-damage|p2a: Incineroar|5/100\n|\n|t:|1773648877\n|switch|p1b: Grimmsnarl|Grimmsnarl, L50, M|18/100|[from] Volt Switch\n|move|p1a: Volcarona|Overheat|p2b: Rillaboom\n|-supereffective|p2b: Rillaboom\n|-damage|p2b: Rillaboom|0 fnt\n|-unboost|p1a: Volcarona|spa|2\n|faint|p2b: Rillaboom\n|move|p2a: Incineroar|Flare Blitz|p1a: Volcarona\n|-damage|p1a: Volcarona|0 fnt\n|faint|p1a: Volcarona\n|-damage|p2a: Incineroar|4/100|[from] Recoil\n|\n|-heal|p1b: Grimmsnarl|24/100|[from] Grassy Terrain\n|-heal|p2a: Incineroar|9/100|[from] Grassy Terrain\n|-sideend|p1: jd8erh|Reflect\n|upkeep\n|\n|t:|1773648886\n|switch|p1a: Miraidon|Miraidon, L50, tera:Electric|74/100\n|switch|p2b: Zacian|Zacian-Crowned, L50|100/100\n|-fieldstart|move: Electric Terrain|[from] ability: Hadron Engine|[of] p1a: Miraidon\n|turn|11\n|\n|t:|1773648898\n|-terastallize|p2b: Zacian|Ground\n|move|p1b: Grimmsnarl|Reflect|p1b: Grimmsnarl\n|-sidestart|p1: jd8erh|Reflect\n|move|p1a: Miraidon|Electro Drift|p2b: Zacian\n|-immune|p2b: Zacian\n|move|p2b: Zacian|Close Combat|p1a: Miraidon\n|-damage|p1a: Miraidon|49/100\n|-unboost|p2b: Zacian|def|1\n|-unboost|p2b: Zacian|spd|1\n|move|p2a: Incineroar|Flare Blitz|p1b: Grimmsnarl\n|-damage|p1b: Grimmsnarl|0 fnt\n|faint|p1b: Grimmsnarl\n|-damage|p2a: Incineroar|1/100|[from] Recoil\n|\n|upkeep\n|turn|12\n|-message|jd8erh forfeited.\n|\n|win|Adkae\n|raw|jd8erh's rating: 1504 &rarr; <strong>1479</strong><br />(-25 for losing)\n|raw|Adkae's rating: 1420 &rarr; <strong>1445</strong><br />(+25 for winning)\n|l|\u2606jd8erh\n|player|p1|\n|l|\u2606Adkae\n|player|p2|\n","uploadtime":1773649110,"views":12,"formatid":"gen9vgc2026regi","rating":1445,"private":0,"password":null}