{"id":"gen9vgc2026regi-2531011709","format":"[Gen 9] VGC 2026 Reg I","players":["lalo's pollos","Bellsproutfanwill"],"log":"|j|\u2606lalo's pollos\n|j|\u2606Bellsproutfanwill\n|t:|1769999040\n|gametype|doubles\n|player|p1|lalo's pollos|169|1438\n|player|p2|Bellsproutfanwill|hiker-gen4|1520\n|gen|9\n|tier|[Gen 9] VGC 2026 Reg I\n|rated|\n|rule|Species Clause: Limit one of each Pok\u00e9mon\n|rule|Item Clause: Limit 1 of each item\n|clearpoke\n|poke|p1|Miraidon, L50|\n|poke|p1|Landorus, L50, M|\n|poke|p1|Incineroar, L50, F|\n|poke|p1|Iron Bundle, L50|\n|poke|p1|Farigiraf, L50, M|\n|poke|p1|Calyrex-Ice, L50|\n|poke|p2|Terapagos, L50, M|\n|poke|p2|Grimmsnarl, L50, M|\n|poke|p2|Rillaboom, L50, M|\n|poke|p2|Incineroar, L50, F|\n|poke|p2|Calyrex-Shadow, L50|\n|poke|p2|Chi-Yu, L50|\n|teampreview|4\n|l|\u2606Bellsproutfanwill\n|player|p2|\n|j|\u2606Bellsproutfanwill\n|player|p2|Bellsproutfanwill|hiker-gen4|\n|inactive|Battle timer is ON: inactive players will automatically lose when time's up. (requested by Bellsproutfanwill)\n|inactive|lalo's pollos has 60 seconds left.\n|\n|t:|1769999139\n|teamsize|p1|4\n|teamsize|p2|4\n|start\n|switch|p1a: Co-Star|Miraidon, L50|100/100\n|switch|p1b: Calyrex|Calyrex-Ice, L50|100/100\n|switch|p2a: Terapagos|Terapagos, L50, M|100/100\n|switch|p2b: Incineroar|Incineroar, L50, F|100/100\n|-activate|p2a: Terapagos|ability: Tera Shift\n|detailschange|p2a: Terapagos|Terapagos-Terastal, L50, M\n|-heal|p2a: Terapagos|100/100|[silent]\n|-ability|p1b: Calyrex|As One\n|-ability|p1b: Calyrex|Unnerve\n|-fieldstart|move: Electric Terrain|[from] ability: Hadron Engine|[of] p1a: Co-Star\n|-ability|p2b: Incineroar|Intimidate|boost\n|-unboost|p1a: Co-Star|atk|1\n|-fail|p1b: Calyrex|unboost|[from] item: Clear Amulet|[of] p1b: Calyrex\n|turn|1\n|\n|t:|1769999164\n|switch|p1b: the Manager|Farigiraf, L50, M|100/100\n|-terastallize|p2a: Terapagos|Stellar\n|detailschange|p2a: Terapagos|Terapagos-Stellar, L50, M, tera:Stellar\n|-heal|p2a: Terapagos|100/100|[silent]\n|-ability|p2a: Terapagos|Teraform Zero\n|-fieldend|move: Electric Terrain\n|move|p1a: Co-Star|Electro Drift|p2b: Incineroar\n|-damage|p2b: Incineroar|26/100\n|move|p2a: Terapagos|Calm Mind|p2a: Terapagos\n|-boost|p2a: Terapagos|spa|1\n|-boost|p2a: Terapagos|spd|1\n|move|p2b: Incineroar|Taunt|p1b: the Manager\n|-start|p1b: the Manager|move: Taunt\n|-enditem|p1b: the Manager|Mental Herb\n|-end|p1b: the Manager|move: Taunt\n|\n|upkeep\n|turn|2\n|inactive|Bellsproutfanwill has 30 seconds left.\n|\n|t:|1769999193\n|move|p1a: Co-Star|Electro Drift|p2b: Incineroar\n|-damage|p2b: Incineroar|0 fnt\n|faint|p2b: Incineroar\n|move|p2a: Terapagos|Tera Starstorm|p1b: the Manager|[spread] p1a,p1b\n|-damage|p1a: Co-Star|40/100\n|-damage|p1b: the Manager|57/100\n|move|p1b: the Manager|Trick Room|p1b: the Manager\n|-fieldstart|move: Trick Room|[of] p1b: the Manager\n|\n|upkeep\n|\n|t:|1769999213\n|switch|p2b: Calyrex|Calyrex-Shadow, L50|100/100\n|-ability|p2b: Calyrex|As One\n|-ability|p2b: Calyrex|Unnerve\n|turn|3\n|\n|t:|1769999232\n|switch|p1a: Calyrex|Calyrex-Ice, L50|100/100\n|-ability|p1a: Calyrex|As One\n|-ability|p1a: Calyrex|Unnerve\n|move|p1b: the Manager|Psychic|p2a: Terapagos\n|-damage|p2a: Terapagos|84/100\n|move|p2a: Terapagos|Tera Starstorm|p1b: the Manager|[spread] p1a,p1b\n|-damage|p1a: Calyrex|62/100\n|-damage|p1b: the Manager|15/100\n|move|p2b: Calyrex|Pollen Puff|p1b: the Manager\n|-supereffective|p1b: the Manager\n|-damage|p1b: the Manager|0 fnt\n|faint|p1b: the Manager\n|-ability|p2b: Calyrex|Grim Neigh|boost\n|-boost|p2b: Calyrex|spa|1\n|\n|-heal|p2a: Terapagos|90/100|[from] item: Leftovers\n|upkeep\n|\n|t:|1769999248\n|switch|p1b: Landorus|Landorus, L50, M|100/100\n|turn|4\n|\n|t:|1769999256\n|move|p2a: Terapagos|Protect|p2a: Terapagos\n|-singleturn|p2a: Terapagos|Protect\n|move|p2b: Calyrex|Protect|p2b: Calyrex\n|-singleturn|p2b: Calyrex|Protect\n|move|p1a: Calyrex|Glacial Lance|p2a: Terapagos|[spread] \n|-activate|p2a: Terapagos|move: Protect\n|-activate|p2b: Calyrex|move: Protect\n|move|p1b: Landorus|Sandsear Storm|p2b: Calyrex|[spread] \n|-activate|p2a: Terapagos|move: Protect\n|-activate|p2b: Calyrex|move: Protect\n|\n|-heal|p2a: Terapagos|97/100|[from] item: Leftovers\n|upkeep\n|turn|5\n|\n|t:|1769999274\n|move|p1a: Calyrex|Glacial Lance|p2a: Terapagos|[spread] p2a,p2b\n|-damage|p2a: Terapagos|64/100\n|-damage|p2b: Calyrex|27/100\n|move|p2a: Terapagos|Tera Starstorm|p1b: Landorus|[spread] p1a,p1b\n|-damage|p1a: Calyrex|21/100\n|-damage|p1b: Landorus|25/100\n|move|p1b: Landorus|Sandsear Storm|p2a: Terapagos|[spread] p2a,p2b\n|-damage|p2a: Terapagos|38/100\n|-damage|p2b: Calyrex|0 fnt\n|faint|p2b: Calyrex\n|\n|-heal|p2a: Terapagos|44/100|[from] item: Leftovers\n|upkeep\n|\n|t:|1769999289\n|switch|p2b: Rillaboom|Rillaboom, L50, M|100/100\n|-fieldstart|move: Grassy Terrain|[from] ability: Grassy Surge|[of] p2b: Rillaboom\n|turn|6\n|\n|t:|1769999300\n|move|p1b: Landorus|Protect|p1b: Landorus\n|-singleturn|p1b: Landorus|Protect\n|move|p2b: Rillaboom|Fake Out|p1a: Calyrex\n|-damage|p1a: Calyrex|11/100\n|cant|p1a: Calyrex|flinch\n|move|p2a: Terapagos|Tera Starstorm|p1a: Calyrex|[spread] p1a\n|-activate|p1b: Landorus|move: Protect\n|-damage|p1a: Calyrex|0 fnt\n|faint|p1a: Calyrex\n|\n|-heal|p2a: Terapagos|50/100|[from] Grassy Terrain\n|-heal|p2a: Terapagos|57/100|[from] item: Leftovers\n|-fieldend|move: Trick Room\n|upkeep\n|\n|t:|1769999310\n|switch|p1a: Co-Star|Miraidon, L50|40/100\n|-fieldstart|move: Electric Terrain|[from] ability: Hadron Engine|[of] p1a: Co-Star\n|turn|7\n|\n|t:|1769999324\n|-terastallize|p1a: Co-Star|Fairy\n|move|p2a: Terapagos|Protect|p2a: Terapagos\n|-singleturn|p2a: Terapagos|Protect\n|move|p1a: Co-Star|Dazzling Gleam|p2b: Rillaboom|[spread] p2b\n|-activate|p2a: Terapagos|move: Protect\n|-damage|p2b: Rillaboom|50/100\n|move|p1b: Landorus|Sludge Bomb|p2b: Rillaboom\n|-supereffective|p2b: Rillaboom\n|-damage|p2b: Rillaboom|0 fnt\n|faint|p2b: Rillaboom\n|\n|-heal|p2a: Terapagos|63/100|[from] item: Leftovers\n|upkeep\n|turn|8\n|\n|t:|1769999340\n|move|p1a: Co-Star|Dazzling Gleam|p2a: Terapagos\n|-damage|p2a: Terapagos|28/100\n|move|p1b: Landorus|Earth Power|p2a: Terapagos\n|-damage|p2a: Terapagos|0 fnt\n|faint|p2a: Terapagos\n|detailschange|p2: Terapagos|Terapagos, L50, M|[silent]\n|\n|win|lalo's pollos\n|raw|lalo&apos;s pollos's rating: 1438 &rarr; <strong>1463</strong><br />(+25 for winning)\n|raw|Bellsproutfanwill's rating: 1520 &rarr; <strong>1495</strong><br />(-25 for losing)\n|l|\u2606Bellsproutfanwill\n|player|p2|\n","uploadtime":1769999526,"views":19,"formatid":"gen9vgc2026regi","rating":1463,"private":0,"password":null}