{"id":"gen9vgc2026regi-2578986247","format":"[Gen 9] VGC 2026 Reg I","players":["Cheasleywithaw","jj11j1"],"log":"|j|\u2606Cheasleywithaw\n|j|\u2606jj11j1\n|t:|1775742948\n|gametype|doubles\n|player|p1|Cheasleywithaw|170|1479\n|player|p2|jj11j1|101|1461\n|gen|9\n|tier|[Gen 9] VGC 2026 Reg I\n|rated|\n|rule|Species Clause: Limit one of each Pok\u00e9mon\n|rule|Item Clause: Limit 1 of each item\n|clearpoke\n|poke|p1|Gothitelle, L50, F|\n|poke|p1|Incineroar, L50, M|\n|poke|p1|Whimsicott, L50, F|\n|poke|p1|Miraidon, L50|\n|poke|p1|Terapagos, L50, M|\n|poke|p1|Urshifu-*, L50, F|\n|poke|p2|Ho-Oh, L50|\n|poke|p2|Calyrex-Ice, L50|\n|poke|p2|Overqwil, L50, F|\n|poke|p2|Ting-Lu, L50|\n|poke|p2|Rillaboom, L50, F|\n|poke|p2|Ogerpon-Wellspring, L50, F|\n|teampreview|4\nCheasleywithaw has agreed to open team sheets.\n|\n|t:|1775742978\n|teamsize|p1|4\n|teamsize|p2|4\n|start\n|switch|p1a: Incineroar|Incineroar, L50, M|100/100\n|switch|p1b: Urshifu|Urshifu-Rapid-Strike, L50, F|100/100\n|switch|p2a: Overqwil|Overqwil, L50, F|100/100\n|switch|p2b: Ting-Lu|Ting-Lu, L50|100/100\n|-ability|p2a: Overqwil|Intimidate|boost\n|-unboost|p1a: Incineroar|atk|1\n|-unboost|p1b: Urshifu|atk|1\n|-ability|p1a: Incineroar|Intimidate|boost\n|-unboost|p2a: Overqwil|atk|1\n|-unboost|p2b: Ting-Lu|atk|1\n|-ability|p2b: Ting-Lu|Vessel of Ruin\n|turn|1\n|\n|t:|1775743006\n|switch|p2a: Ho-Oh|Ho-Oh, L50|100/100\n|move|p1b: Urshifu|Surging Strikes|p2b: Ting-Lu\n|-supereffective|p2b: Ting-Lu\n|-crit|p2b: Ting-Lu\n|-damage|p2b: Ting-Lu|77/100\n|-supereffective|p2b: Ting-Lu\n|-crit|p2b: Ting-Lu\n|-damage|p2b: Ting-Lu|53/100\n|-supereffective|p2b: Ting-Lu\n|-crit|p2b: Ting-Lu\n|-damage|p2b: Ting-Lu|30/100\n|-hitcount|p2b: Ting-Lu|3\n|move|p1a: Incineroar|Parting Shot|p2a: Ho-Oh\n|-unboost|p2a: Ho-Oh|atk|1\n|-unboost|p2a: Ho-Oh|spa|1\n|\n|t:|1775743020\n|switch|p1a: Terapagos|Terapagos, L50, M|100/100|[from] Parting Shot\n|-activate|p1a: Terapagos|ability: Tera Shift\n|detailschange|p1a: Terapagos|Terapagos-Terastal, L50, M\n|-heal|p1a: Terapagos|100/100|[silent]\n|move|p2b: Ting-Lu|Earthquake|p1a: Terapagos|[spread] p1a,p1b\n|-immune|p2a: Ho-Oh\n|-activate|p1a: Terapagos|ability: Tera Shell\n|-resisted|p1a: Terapagos\n|-damage|p1a: Terapagos|89/100\n|-damage|p1b: Urshifu|59/100\n|\n|upkeep\n|turn|2\n|\n|t:|1775743042\n|switch|p1b: Incineroar|Incineroar, L50, M|100/100\n|-ability|p1b: Incineroar|Intimidate|boost\n|-unboost|p2a: Ho-Oh|atk|1\n|-unboost|p2b: Ting-Lu|atk|1\n|switch|p2b: Overqwil|Overqwil, L50, F|100/100\n|-ability|p2b: Overqwil|Intimidate|boost\n|-unboost|p1a: Terapagos|atk|1\n|-unboost|p1b: Incineroar|atk|1\n|move|p2a: Ho-Oh|Life Dew||[still]|[still]|[spread] \n|-fail|p2a: Ho-Oh|heal\n|-fail|p2b: Overqwil|heal\n|move|p1a: Terapagos|Calm Mind|p1a: Terapagos\n|-boost|p1a: Terapagos|spa|1\n|-boost|p1a: Terapagos|spd|1\n|\n|upkeep\n|turn|3\n|\n|t:|1775743058\n|move|p1b: Incineroar|Fake Out|p2b: Overqwil\n|-damage|p2b: Overqwil|93/100\n|move|p1a: Terapagos|Calm Mind|p1a: Terapagos\n|-boost|p1a: Terapagos|spa|1\n|-boost|p1a: Terapagos|spd|1\n|cant|p2b: Overqwil|flinch\n|move|p2a: Ho-Oh|Whirlwind|p1a: Terapagos\n|drag|p1a: Urshifu|Urshifu-Rapid-Strike, L50, F|59/100\n|\n|-heal|p2b: Overqwil|99/100|[from] item: Black Sludge\n|upkeep\n|turn|4\n|\n|t:|1775743076\n|move|p1a: Urshifu|Surging Strikes|p2a: Ho-Oh\n|-supereffective|p2a: Ho-Oh\n|-crit|p2a: Ho-Oh\n|-damage|p2a: Ho-Oh|69/100\n|-damage|p1a: Urshifu|43/100|[from] item: Rocky Helmet|[of] p2a: Ho-Oh\n|-supereffective|p2a: Ho-Oh\n|-crit|p2a: Ho-Oh\n|-damage|p2a: Ho-Oh|38/100\n|-damage|p1a: Urshifu|26/100|[from] item: Rocky Helmet|[of] p2a: Ho-Oh\n|-supereffective|p2a: Ho-Oh\n|-crit|p2a: Ho-Oh\n|-damage|p2a: Ho-Oh|8/100\n|-damage|p1a: Urshifu|10/100|[from] item: Rocky Helmet|[of] p2a: Ho-Oh\n|-hitcount|p2a: Ho-Oh|3\n|move|p2a: Ho-Oh|Sacred Fire|p1a: Urshifu\n|-resisted|p1a: Urshifu\n|-damage|p1a: Urshifu|0 fnt\n|faint|p1a: Urshifu\n|move|p2b: Overqwil|Toxic Spikes|p1b: Incineroar\n|-sidestart|p1: Cheasleywithaw|move: Toxic Spikes\n|move|p1b: Incineroar|Parting Shot|p2b: Overqwil\n|-unboost|p2b: Overqwil|atk|1\n|-unboost|p2b: Overqwil|spa|1\n|\n|t:|1775743086\n|switch|p1b: Miraidon|Miraidon, L50|100/100|[from] Parting Shot\n|-status|p1b: Miraidon|psn\n|-fieldstart|move: Electric Terrain|[from] ability: Hadron Engine|[of] p1b: Miraidon\n|\n|-heal|p2b: Overqwil|100/100|[from] item: Black Sludge\n|-damage|p1b: Miraidon|88/100 psn|[from] psn\n|upkeep\n|\n|t:|1775743091\n|switch|p1a: Terapagos|Terapagos-Terastal, L50, M|89/100\n|-status|p1a: Terapagos|psn\n|-enditem|p1a: Terapagos|Electric Seed\n|-boost|p1a: Terapagos|def|1|[from] item: Electric Seed\n|turn|5\n|\n|t:|1775743111\n|switch|p2b: Ting-Lu|Ting-Lu, L50|30/100\n|-ability|p2b: Ting-Lu|Vessel of Ruin\n|move|p1b: Miraidon|Electro Drift|p2b: Ting-Lu\n|-immune|p2b: Ting-Lu\n|move|p2a: Ho-Oh|Life Dew|p2a: Ho-Oh|[spread] p2a,p2b\n|-heal|p2a: Ho-Oh|33/100\n|-heal|p2b: Ting-Lu|55/100\n|move|p1a: Terapagos|Calm Mind|p1a: Terapagos\n|-boost|p1a: Terapagos|spa|1\n|-boost|p1a: Terapagos|spd|1\n|\n|-damage|p1b: Miraidon|76/100 psn|[from] psn\n|-damage|p1a: Terapagos|76/100 psn|[from] psn\n|upkeep\n|turn|6\n|\n|t:|1775743129\n|switch|p1b: Incineroar|Incineroar, L50, M|100/100\n|-status|p1b: Incineroar|psn\n|-ability|p1b: Incineroar|Intimidate|boost\n|-unboost|p2a: Ho-Oh|atk|1\n|-unboost|p2b: Ting-Lu|atk|1\n|-terastallize|p1a: Terapagos|Stellar\n|detailschange|p1a: Terapagos|Terapagos-Stellar, L50, M, tera:Stellar\n|-heal|p1a: Terapagos|82/100 psn|[silent]\n|-ability|p1a: Terapagos|Teraform Zero\n|-fieldend|move: Electric Terrain\n|move|p2a: Ho-Oh|Life Dew|p2a: Ho-Oh|[spread] p2a,p2b\n|-heal|p2a: Ho-Oh|58/100\n|-heal|p2b: Ting-Lu|80/100\n|move|p1a: Terapagos|Ice Beam|p2b: Ting-Lu\n|-supereffective|p2b: Ting-Lu\n|-damage|p2b: Ting-Lu|23/100\n|move|p2b: Ting-Lu|Earthquake|p1a: Terapagos|[spread] p1a,p1b\n|-immune|p2a: Ho-Oh\n|-supereffective|p1b: Incineroar\n|-damage|p1a: Terapagos|70/100 psn\n|-damage|p1b: Incineroar|50/100 psn\n|\n|-damage|p1a: Terapagos|58/100 psn|[from] psn\n|-damage|p1b: Incineroar|38/100 psn|[from] psn\n|upkeep\n|turn|7\n|\n|t:|1775743156\n|move|p2a: Ho-Oh|Protect|p2a: Ho-Oh\n|-singleturn|p2a: Ho-Oh|Protect\n|move|p1a: Terapagos|Tera Starstorm|p2b: Ting-Lu|[spread] p2b\n|-activate|p2a: Ho-Oh|move: Protect\n|-damage|p2b: Ting-Lu|0 fnt\n|faint|p2b: Ting-Lu\n|move|p1b: Incineroar|Knock Off|p2a: Ho-Oh\n|-activate|p2a: Ho-Oh|move: Protect\n|\n|-damage|p1a: Terapagos|45/100 psn|[from] psn\n|-damage|p1b: Incineroar|25/100 psn|[from] psn\n|upkeep\n|\n|t:|1775743168\n|switch|p2b: Overqwil|Overqwil, L50, F|100/100\n|-ability|p2b: Overqwil|Intimidate|boost\n|-unboost|p1a: Terapagos|atk|1\n|-unboost|p1b: Incineroar|atk|1\n|turn|8\n|\n|t:|1775743183\n|move|p2a: Ho-Oh|Sacred Fire|p1a: Terapagos\n|-damage|p1a: Terapagos|39/100 psn\n|move|p1a: Terapagos|Tera Starstorm|p2b: Overqwil|[spread] p2a,p2b\n|-damage|p2a: Ho-Oh|30/100\n|-damage|p2b: Overqwil|53/100\n|move|p2b: Overqwil|Barb Barrage|p1a: Terapagos\n|-damage|p1a: Terapagos|24/100 psn\n|move|p1b: Incineroar|Knock Off|p2a: Ho-Oh\n|-damage|p2a: Ho-Oh|11/100\n|-damage|p1b: Incineroar|9/100 psn|[from] item: Rocky Helmet|[of] p2a: Ho-Oh\n|-enditem|p2a: Ho-Oh|Rocky Helmet|[from] move: Knock Off|[of] p1b: Incineroar\n|\n|-heal|p2b: Overqwil|59/100|[from] item: Black Sludge\n|-damage|p1a: Terapagos|11/100 psn|[from] psn\n|-damage|p1b: Incineroar|0 fnt|[from] psn\n|faint|p1b: Incineroar\n|upkeep\n|\n|t:|1775743194\n|switch|p1b: Miraidon|Miraidon, L50|76/100 psn\n|-fieldstart|move: Electric Terrain|[from] ability: Hadron Engine|[of] p1b: Miraidon\n|turn|9\n|\n|t:|1775743208\n|move|p2b: Overqwil|Protect|p2b: Overqwil\n|-singleturn|p2b: Overqwil|Protect\n|move|p1b: Miraidon|Parabolic Charge|p2b: Overqwil|[spread] p1a,p2a\n|-activate|p2b: Overqwil|move: Protect\n|-supereffective|p2a: Ho-Oh\n|-damage|p1a: Terapagos|0 fnt\n|-heal|p1b: Miraidon|84/100 psn|[from] drain|[of] p1a: Terapagos\n|-damage|p2a: Ho-Oh|0 fnt\n|-heal|p1b: Miraidon|91/100 psn|[from] drain|[of] p2a: Ho-Oh\n|faint|p1a: Terapagos\n|detailschange|p1: Terapagos|Terapagos, L50, M|[silent]\n|faint|p2a: Ho-Oh\n|\n|-heal|p2b: Overqwil|66/100|[from] item: Black Sludge\n|-damage|p1b: Miraidon|79/100 psn|[from] psn\n|upkeep\n|\n|t:|1775743221\n|switch|p2a: Calyrex|Calyrex-Ice, L50|100/100\n|-ability|p2a: Calyrex|As One\n|-ability|p2a: Calyrex|Unnerve\n|turn|10\n|-message|Cheasleywithaw forfeited.\n|\n|win|jj11j1\n|raw|Cheasleywithaw's rating: 1479 &rarr; <strong>1458</strong><br />(-21 for losing)\n|raw|jj11j1's rating: 1461 &rarr; <strong>1482</strong><br />(+21 for winning)\n|l|\u2606Cheasleywithaw\n|player|p1|\n|l|\u2606jj11j1\n|player|p2|\n","uploadtime":1775743485,"views":8,"formatid":"gen9vgc2026regi","rating":1458,"private":0,"password":null}