{"id":"gen9vgc2026regi-2562647856","format":"[Gen 9] VGC 2026 Reg I","players":["AnTree4","Mirthinion"],"log":"|j|\u2606AnTree4\n|j|\u2606Mirthinion\n|t:|1773937850\n|gametype|doubles\n|player|p1|AnTree4|brock|1190\n|player|p2|Mirthinion|janitor|1298\n|gen|9\n|tier|[Gen 9] VGC 2026 Reg I\n|rated|\n|rule|Species Clause: Limit one of each Pok\u00e9mon\n|rule|Item Clause: Limit 1 of each item\n|clearpoke\n|poke|p1|Dialga-Origin, L50|\n|poke|p1|Miraidon, L50|\n|poke|p1|Incineroar, L50, F|\n|poke|p1|Sinistcha, L50|\n|poke|p1|Ursaluna, L50, F|\n|poke|p1|Tornadus, L50, M|\n|poke|p2|Calyrex-Shadow, L50|\n|poke|p2|Zamazenta-*, L50|\n|poke|p2|Urshifu-*, L50, M|\n|poke|p2|Incineroar, L50, M|\n|poke|p2|Rillaboom, L50, M|\n|poke|p2|Tornadus, L50, M|\n|teampreview|4\n|inactive|Battle timer is ON: inactive players will automatically lose when time's up. (requested by Mirthinion)\nMirthinion rejected open team sheets.\n|inactive|Mirthinion has 60 seconds left.\n|\n|t:|1773937885\n|teamsize|p1|4\n|teamsize|p2|4\n|start\n|switch|p1a: Dialga|Dialga-Origin, L50|100/100\n|switch|p1b: Miraidon|Miraidon, L50|100/100\n|switch|p2a: Wolfgang|Incineroar, L50, M|100/100\n|switch|p2b: Mithrandir|Calyrex-Shadow, L50|100/100\n|-ability|p2b: Mithrandir|As One\n|-ability|p2b: Mithrandir|Unnerve\n|-fieldstart|move: Electric Terrain|[from] ability: Hadron Engine|[of] p1b: Miraidon\n|-ability|p2a: Wolfgang|Intimidate|boost\n|-unboost|p1a: Dialga|atk|1\n|-unboost|p1b: Miraidon|atk|1\n|turn|1\n|\n|t:|1773937906\n|move|p2a: Wolfgang|Fake Out|p1a: Dialga\n|-resisted|p1a: Dialga\n|-damage|p1a: Dialga|97/100\n|move|p2b: Mithrandir|Astral Barrage|p1b: Miraidon|[spread] p1a,p1b\n|-damage|p1a: Dialga|61/100\n|-damage|p1b: Miraidon|73/100\n|move|p1b: Miraidon|Discharge|p2b: Mithrandir|[spread] p2a,p2b\n|-activate|p1a: Dialga|ability: Telepathy\n|-damage|p2a: Wolfgang|60/100\n|-damage|p2b: Mithrandir|46/100\n|cant|p1a: Dialga|flinch\n|\n|upkeep\n|turn|2\n|\n|t:|1773937927\n|switch|p1a: Ursaluna|Ursaluna, L50, F|100/100\n|move|p2b: Mithrandir|Astral Barrage|p1b: Miraidon|[spread] p1b\n|-immune|p1a: Ursaluna\n|-damage|p1b: Miraidon|47/100\n|move|p1b: Miraidon|Discharge|p2a: Wolfgang|[spread] p2a,p2b\n|-immune|p1a: Ursaluna\n|-damage|p2a: Wolfgang|17/100\n|-damage|p2b: Mithrandir|0 fnt\n|-status|p2a: Wolfgang|par\n|faint|p2b: Mithrandir\n|move|p2a: Wolfgang|Knock Off|p1a: Ursaluna\n|-damage|p1a: Ursaluna|71/100\n|-enditem|p1a: Ursaluna|Flame Orb|[from] move: Knock Off|[of] p2a: Wolfgang\n|\n|upkeep\n|\n|t:|1773937946\n|switch|p2b: Drambor|Zamazenta-Crowned, L50|100/100\n|-ability|p2b: Drambor|Dauntless Shield|boost\n|-boost|p2b: Drambor|def|1\n|turn|3\n|\n|t:|1773937967\n|-terastallize|p2b: Drambor|Grass\n|move|p2b: Drambor|Body Press|p1b: Miraidon\n|-damage|p1b: Miraidon|0 fnt\n|faint|p1b: Miraidon\n|move|p1a: Ursaluna|Earthquake|p2b: Drambor|[spread] p2a,p2b\n|-supereffective|p2a: Wolfgang\n|-resisted|p2b: Drambor\n|-damage|p2a: Wolfgang|0 fnt\n|-damage|p2b: Drambor|90/100\n|faint|p2a: Wolfgang\n|\n|upkeep\n|\n|t:|1773937980\n|switch|p1b: Incineroar|Incineroar, L50, F|100/100\n|switch|p2a: Beowulf|Urshifu-Rapid-Strike, L50, M|100/100\n|-ability|p1b: Incineroar|Intimidate|boost\n|-unboost|p2a: Beowulf|atk|1\n|-unboost|p2b: Drambor|atk|1\n|turn|4\n|inactive|AnTree4 has 30 seconds left.\n|\n|t:|1773938015\n|-terastallize|p1b: Incineroar|Bug\n|move|p2b: Drambor|Wide Guard|p2b: Drambor\n|-singleturn|p2b: Drambor|Wide Guard\n|move|p2a: Beowulf|Surging Strikes|p1a: Ursaluna\n|-supereffective|p1a: Ursaluna\n|-crit|p1a: Ursaluna\n|-damage|p1a: Ursaluna|25/100\n|-supereffective|p1a: Ursaluna\n|-crit|p1a: Ursaluna\n|-damage|p1a: Ursaluna|0 fnt\n|faint|p1a: Ursaluna\n|-hitcount|p1: Ursaluna|2\n|move|p1b: Incineroar|Will-O-Wisp|p2b: Drambor\n|-status|p2b: Drambor|brn\n|\n|-damage|p2b: Drambor|84/100 brn|[from] brn\n|upkeep\n|\n|t:|1773938021\n|switch|p1a: Dialga|Dialga-Origin, L50|61/100\n|turn|5\n|inactive|Mirthinion has 30 seconds left.\n|\n|t:|1773938052\n|move|p2b: Drambor|Body Press|p1a: Dialga\n|-supereffective|p1a: Dialga\n|-damage|p1a: Dialga|13/100\n|move|p2a: Beowulf|Surging Strikes|p1a: Dialga\n|-resisted|p1a: Dialga\n|-crit|p1a: Dialga\n|-damage|p1a: Dialga|1/100\n|-resisted|p1a: Dialga\n|-crit|p1a: Dialga\n|-damage|p1a: Dialga|0 fnt\n|faint|p1a: Dialga\n|-hitcount|p1: Dialga|2\n|move|p1b: Incineroar|Will-O-Wisp|p2a: Beowulf\n|-status|p2a: Beowulf|brn\n|\n|-damage|p2b: Drambor|78/100 brn|[from] brn\n|-damage|p2a: Beowulf|94/100 brn|[from] brn\n|-fieldend|move: Electric Terrain\n|upkeep\n|turn|6\n|\n|t:|1773938069\n|move|p2b: Drambor|Behemoth Bash|p1b: Incineroar\n|-damage|p1b: Incineroar|88/100\n|move|p2a: Beowulf|Surging Strikes|p1b: Incineroar\n|-crit|p1b: Incineroar\n|-damage|p1b: Incineroar|73/100\n|-crit|p1b: Incineroar\n|-damage|p1b: Incineroar|58/100\n|-crit|p1b: Incineroar\n|-damage|p1b: Incineroar|45/100\n|-enditem|p1b: Incineroar|Sitrus Berry|[eat]\n|-heal|p1b: Incineroar|69/100|[from] item: Sitrus Berry\n|-hitcount|p1b: Incineroar|3\n|move|p1b: Incineroar|Knock Off|p2a: Beowulf\n|-resisted|p2a: Beowulf\n|-damage|p2a: Beowulf|75/100 brn\n|-enditem|p2a: Beowulf|Choice Band|[from] move: Knock Off|[of] p1b: Incineroar\n|\n|-damage|p2b: Drambor|72/100 brn|[from] brn\n|-damage|p2a: Beowulf|69/100 brn|[from] brn\n|upkeep\n|turn|7\n|l|\u2606AnTree4\n|inactive|AnTree4 disconnected and has a minute to reconnect!\n|player|p1|\n|\n|t:|1773938090\n|move|p2b: Drambor|Behemoth Bash|p1b: Incineroar\n|-damage|p1b: Incineroar|56/100\n|move|p2a: Beowulf|Surging Strikes|p1b: Incineroar\n|-crit|p1b: Incineroar\n|-damage|p1b: Incineroar|47/100\n|-crit|p1b: Incineroar\n|-damage|p1b: Incineroar|38/100\n|-crit|p1b: Incineroar\n|-damage|p1b: Incineroar|28/100\n|-hitcount|p1b: Incineroar|3\n|move|p1b: Incineroar|Knock Off|p2a: Beowulf\n|-resisted|p2a: Beowulf\n|-damage|p2a: Beowulf|57/100 brn\n|\n|-damage|p2b: Drambor|65/100 brn|[from] brn\n|-damage|p2a: Beowulf|51/100 brn|[from] brn\n|upkeep\n|turn|8\n|inactive|AnTree4 has 30 seconds left.\n|inactive|AnTree4 has 20 seconds left.\n|inactive|AnTree4 has 15 seconds left.\n|inactive|AnTree4 has 10 seconds left.\n|inactive|AnTree4 has 5 seconds left.\n|-message|AnTree4 lost due to inactivity.\n|\n|win|Mirthinion\n|raw|AnTree4's rating: 1190 &rarr; <strong>1173</strong><br />(-17 for losing)\n|raw|Mirthinion's rating: 1298 &rarr; <strong>1315</strong><br />(+17 for winning)\n","uploadtime":1773938354,"views":82,"formatid":"gen9vgc2026regi","rating":1173,"private":0,"password":null}