{"id":"gen9vgc2026regi-2564681768","format":"[Gen 9] VGC 2026 Reg I","players":["blackred123","cobradriver9degree"],"log":"|j|\u2606blackred123\n|j|\u2606cobradriver9degree\n|t:|1774185647\n|gametype|doubles\n|player|p1|blackred123|iono-masters|1397\n|player|p2|cobradriver9degree|170|1451\n|gen|9\n|tier|[Gen 9] VGC 2026 Reg I\n|rated|\n|rule|Species Clause: Limit one of each Pok\u00e9mon\n|rule|Item Clause: Limit 1 of each item\n|clearpoke\n|poke|p1|Calyrex-Shadow, L50|\n|poke|p1|Zamazenta-*, L50|\n|poke|p1|Chien-Pao, L50|\n|poke|p1|Dragonite, L50, M|\n|poke|p1|Amoonguss, L50, M|\n|poke|p1|Ogerpon-Cornerstone, L50, F|\n|poke|p2|Tornadus, L50, M|\n|poke|p2|Kyogre, L50|\n|poke|p2|Calyrex-Ice, L50|\n|poke|p2|Rillaboom, L50, F|\n|poke|p2|Urshifu-*, L50, F|\n|poke|p2|Landorus, L50, M|\n|teampreview|4\n|inactive|Battle timer is ON: inactive players will automatically lose when time's up. (requested by blackred123)\n|\n|t:|1774185663\n|teamsize|p1|4\n|teamsize|p2|4\n|start\n|switch|p1a: Zamazenta|Zamazenta-Crowned, L50|100/100\n|switch|p1b: Chien-Pao|Chien-Pao, L50|100/100\n|switch|p2a: Calyrex|Calyrex-Ice, L50|100/100\n|switch|p2b: Rillaboom|Rillaboom, L50, F|100/100\n|-ability|p2a: Calyrex|As One\n|-ability|p2a: Calyrex|Unnerve\n|-ability|p1b: Chien-Pao|Sword of Ruin\n|-ability|p1a: Zamazenta|Dauntless Shield|boost\n|-boost|p1a: Zamazenta|def|1\n|-fieldstart|move: Grassy Terrain|[from] ability: Grassy Surge|[of] p2b: Rillaboom\n|turn|1\n|\n|t:|1774185679\n|move|p2b: Rillaboom|Fake Out|p1b: Chien-Pao\n|-damage|p1b: Chien-Pao|84/100\n|cant|p1b: Chien-Pao|flinch\n|move|p1a: Zamazenta|Behemoth Bash|p2a: Calyrex\n|-supereffective|p2a: Calyrex\n|-damage|p2a: Calyrex|39/100\n|move|p2a: Calyrex|Leech Seed|p1a: Zamazenta\n|-start|p1a: Zamazenta|move: Leech Seed\n|\n|-heal|p1b: Chien-Pao|90/100|[from] Grassy Terrain\n|-heal|p2a: Calyrex|44/100|[from] Grassy Terrain\n|-heal|p2a: Calyrex|50/100|[from] item: Leftovers\n|-damage|p1a: Zamazenta|88/100|[from] Leech Seed|[of] p2a: Calyrex\n|-heal|p2a: Calyrex|62/100|[silent]\n|upkeep\n|turn|2\n|\n|t:|1774185703\n|-terastallize|p2a: Calyrex|Fairy\n|move|p1b: Chien-Pao|Ice Spinner|p2b: Rillaboom\n|-supereffective|p2b: Rillaboom\n|-damage|p2b: Rillaboom|15/100\n|-fieldend|move: Grassy Terrain\n|move|p1a: Zamazenta|Body Press|p2b: Rillaboom\n|-damage|p2b: Rillaboom|0 fnt\n|faint|p2b: Rillaboom\n|move|p2a: Calyrex|Trick Room|p2a: Calyrex\n|-fieldstart|move: Trick Room|[of] p2a: Calyrex\n|\n|-heal|p2a: Calyrex|68/100|[from] item: Leftovers\n|-damage|p1a: Zamazenta|76/100|[from] Leech Seed|[of] p2a: Calyrex\n|-heal|p2a: Calyrex|79/100|[silent]\n|upkeep\n|\n|t:|1774185716\n|switch|p2b: Kyogre|Kyogre, L50|100/100\n|-weather|RainDance|[from] ability: Drizzle|[of] p2b: Kyogre\n|turn|3\n|\n|t:|1774185740\n|move|p1b: Chien-Pao|Sucker Punch|p2b: Kyogre\n|-damage|p2b: Kyogre|61/100\n|move|p2a: Calyrex|Leech Seed|p1b: Chien-Pao\n|-start|p1b: Chien-Pao|move: Leech Seed\n|move|p2b: Kyogre|Hydro Pump|p1a: Zamazenta\n|-damage|p1a: Zamazenta|0 fnt\n|faint|p1a: Zamazenta\n|\n|-weather|RainDance|[upkeep]\n|-heal|p2a: Calyrex|85/100|[from] item: Leftovers\n|-damage|p1b: Chien-Pao|78/100|[from] Leech Seed|[of] p2a: Calyrex\n|-heal|p2a: Calyrex|96/100|[silent]\n|upkeep\n|\n|t:|1774185749\n|switch|p1a: Ogerpon|Ogerpon-Cornerstone, L50, F|100/100\n|turn|4\n|\n|t:|1774185760\n|move|p1a: Ogerpon|Spiky Shield|p1a: Ogerpon\n|-singleturn|p1a: Ogerpon|move: Protect\n|move|p2a: Calyrex|Glacial Lance|p1a: Ogerpon|[spread] p1b\n|-activate|p1a: Ogerpon|move: Protect\n|-resisted|p1b: Chien-Pao\n|-damage|p1b: Chien-Pao|48/100\n|move|p2b: Kyogre|Water Spout|p1a: Ogerpon|[spread] p1b\n|-activate|p1a: Ogerpon|move: Protect\n|-damage|p1b: Chien-Pao|0 fnt\n|faint|p1b: Chien-Pao\n|\n|-weather|RainDance|[upkeep]\n|-heal|p2a: Calyrex|100/100|[from] item: Leftovers\n|upkeep\n|\n|t:|1774185772\n|switch|p1b: Calyrex|Calyrex-Shadow, L50|100/100\n|-ability|p1b: Calyrex|As One\n|-ability|p1b: Calyrex|Unnerve\n|turn|5\n|\n|t:|1774185777\n|move|p1b: Calyrex|Protect|p1b: Calyrex\n|-singleturn|p1b: Calyrex|Protect\n|move|p2a: Calyrex|Glacial Lance|p1a: Ogerpon|[spread] p1a\n|-activate|p1b: Calyrex|move: Protect\n|-supereffective|p1a: Ogerpon\n|-ability|p1a: Ogerpon|Sturdy\n|-damage|p1a: Ogerpon|1/100\n|move|p2b: Kyogre|Water Spout|p1b: Calyrex|[spread] p1a\n|-activate|p1b: Calyrex|move: Protect\n|-damage|p1a: Ogerpon|0 fnt\n|faint|p1a: Ogerpon\n|\n|-weather|RainDance|[upkeep]\n|upkeep\n|turn|6\n|\n|t:|1774185791\n|move|p1b: Calyrex|Protect||[still]\n|-fail|p1b: Calyrex\n|move|p2a: Calyrex|Glacial Lance|p1b: Calyrex\n|-damage|p1b: Calyrex|15/100\n|move|p2b: Kyogre|Water Spout|p1b: Calyrex\n|-damage|p1b: Calyrex|0 fnt\n|faint|p1b: Calyrex\n|\n|win|cobradriver9degree\n|raw|blackred123's rating: 1397 &rarr; <strong>1380</strong><br />(-17 for losing)\n|raw|cobradriver9degree's rating: 1451 &rarr; <strong>1468</strong><br />(+17 for winning)\n|l|\u2606blackred123\n|player|p1|\n","uploadtime":1774185799,"views":16,"formatid":"gen9vgc2026regi","rating":1380,"private":0,"password":null}