{"id":"gen9vgc2026regi-2586818727","format":"[Gen 9] VGC 2026 Reg I","players":["dragoonlong1","buggybrain"],"log":"|j|\u2606dragoonlong1\n|j|\u2606buggybrain\n|t:|1776462467\n|gametype|doubles\n|player|p1|dragoonlong1|1|1493\n|player|p2|buggybrain|hiker-gen4|1608\n|gen|9\n|tier|[Gen 9] VGC 2026 Reg I\n|rated|\n|rule|Species Clause: Limit one of each Pok\u00e9mon\n|rule|Item Clause: Limit 1 of each item\n|clearpoke\n|poke|p1|Muk-Alola, L50, F|\n|poke|p1|Smeargle, L50, F|\n|poke|p1|Calyrex-Shadow, L50|\n|poke|p1|Kyogre, L50|\n|poke|p1|Flamigo, L50, F|\n|poke|p1|Rillaboom, L50, F|\n|poke|p2|Brute Bonnet, L50|\n|poke|p2|Lunala, L50|\n|poke|p2|Ursaluna, L50, F|\n|poke|p2|Chi-Yu, L50|\n|poke|p2|Koraidon, L50|\n|poke|p2|Flutter Mane, L50|\n|teampreview|4\n|inactive|Battle timer is ON: inactive players will automatically lose when time's up. (requested by dragoonlong1)\n|inactive|buggybrain has 60 seconds left.\n|\n|t:|1776462502\n|teamsize|p1|4\n|teamsize|p2|4\n|start\n|switch|p1a: Muk|Muk-Alola, L50, F|100/100\n|switch|p1b: Smeargle|Smeargle, L50, F|100/100\n|switch|p2a: Koraidon|Koraidon, L50|100/100\n|switch|p2b: Chi-Yu|Chi-Yu, L50|100/100\n|-ability|p2b: Chi-Yu|Beads of Ruin\n|-weather|SunnyDay|[from] ability: Orichalcum Pulse|[of] p2a: Koraidon\n|-activate|p2a: Koraidon|Orichalcum Pulse|[source]\n|turn|1\n|\n|t:|1776462512\n|switch|p1b: Kyogre|Kyogre, L50|100/100\n|-weather|RainDance|[from] ability: Drizzle|[of] p1b: Kyogre\n|-terastallize|p1a: Muk|Water\n|move|p2b: Chi-Yu|Heat Wave|p1a: Muk|[spread] p1a,p1b\n|-resisted|p1a: Muk\n|-resisted|p1b: Kyogre\n|-damage|p1a: Muk|89/100\n|-damage|p1b: Kyogre|90/100\n|-status|p1a: Muk|brn\n|move|p2a: Koraidon|Close Combat|p1a: Muk\n|-damage|p1a: Muk|30/100 brn\n|-unboost|p2a: Koraidon|def|1\n|-unboost|p2a: Koraidon|spd|1\n|-damage|p2a: Koraidon|91/100|[from] item: Life Orb\n|move|p1a: Muk|Minimize|p1a: Muk\n|-boost|p1a: Muk|evasion|2\n|\n|-weather|RainDance|[upkeep]\n|-heal|p1a: Muk|36/100 brn|[from] item: Leftovers\n|-damage|p1a: Muk|30/100 brn|[from] brn\n|upkeep\n|turn|2\n|inactive|buggybrain has 30 seconds left.\n|inactive|buggybrain has 20 seconds left.\n|inactive|buggybrain has 15 seconds left.\n|inactive|buggybrain has 10 seconds left.\n|inactive|buggybrain has 5 seconds left.\n|\n|t:|1776462563\n|switch|p2b: Brute Bonnet|Brute Bonnet, L50|100/100\n|move|p1a: Muk|Protect|p1a: Muk\n|-singleturn|p1a: Muk|Protect\n|move|p1b: Kyogre|Water Spout|p2b: Brute Bonnet|[spread] p2a,p2b\n|-resisted|p2a: Koraidon\n|-resisted|p2b: Brute Bonnet\n|-damage|p2a: Koraidon|15/100\n|-damage|p2b: Brute Bonnet|59/100\n|move|p2a: Koraidon|Close Combat|p1b: Kyogre\n|-damage|p1b: Kyogre|0 fnt\n|-unboost|p2a: Koraidon|def|1\n|-unboost|p2a: Koraidon|spd|1\n|faint|p1b: Kyogre\n|-ability|p1a: Muk|Drizzle|Power of Alchemy|[from] ability: Power of Alchemy|[of] p1b: Kyogre\n|-damage|p2a: Koraidon|6/100|[from] item: Life Orb\n|\n|-weather|RainDance|[upkeep]\n|-heal|p1a: Muk|36/100 brn|[from] item: Leftovers\n|-damage|p1a: Muk|30/100 brn|[from] brn\n|upkeep\n|\n|t:|1776462577\n|switch|p1b: Smeargle|Smeargle, L50, F|100/100\n|turn|3\n|\n|t:|1776462591\n|switch|p2a: Lunala|Lunala, L50|100/100\n|move|p1b: Smeargle|Fake Out|p2a: Lunala\n|-immune|p2a: Lunala\n|move|p2b: Brute Bonnet|Spore|p1b: Smeargle\n|-status|p1b: Smeargle|slp|[from] move: Spore\n|move|p1a: Muk|Minimize|p1a: Muk\n|-boost|p1a: Muk|evasion|2\n|\n|-weather|RainDance|[upkeep]\n|-heal|p1a: Muk|36/100 brn|[from] item: Leftovers\n|-damage|p1a: Muk|30/100 brn|[from] brn\n|-ability|p1b: Smeargle|Moody|boost\n|-boost|p1b: Smeargle|spa|2\n|-unboost|p1b: Smeargle|def|1\n|upkeep\n|turn|4\n|inactive|buggybrain has 30 seconds left.\n|inactive|buggybrain has 20 seconds left.\n|inactive|buggybrain has 15 seconds left.\n|\n|t:|1776462631\n|-end|p2b: Brute Bonnet|Protosynthesis|[silent]\n|switch|p2b: Chi-Yu|Chi-Yu, L50|100/100\n|-ability|p2b: Chi-Yu|Beads of Ruin\n|cant|p1b: Smeargle|slp\n|move|p2a: Lunala|Moongeist Beam|p1a: Muk|[miss]\n|-miss|p2a: Lunala|p1a: Muk\n|move|p1a: Muk|Minimize|p1a: Muk\n|-boost|p1a: Muk|evasion|2\n|\n|-weather|RainDance|[upkeep]\n|-heal|p1a: Muk|36/100 brn|[from] item: Leftovers\n|-damage|p1a: Muk|30/100 brn|[from] brn\n|-ability|p1b: Smeargle|Moody|boost\n|-boost|p1b: Smeargle|spa|2\n|-unboost|p1b: Smeargle|def|1\n|upkeep\n|turn|5\n|inactive|dragoonlong1 has 30 seconds left.\n|inactive|buggybrain has 30 seconds left.\n|\n|t:|1776462665\n|switch|p2a: Koraidon|Koraidon, L50|6/100\n|-weather|SunnyDay|[from] ability: Orichalcum Pulse|[of] p2a: Koraidon\n|-activate|p2a: Koraidon|Orichalcum Pulse|[source]\n|move|p2b: Chi-Yu|Heat Wave|p1a: Muk|[spread] \n|-miss|p2b: Chi-Yu|p1a: Muk\n|-miss|p2b: Chi-Yu|p1b: Smeargle\n|-curestatus|p1b: Smeargle|slp|[msg]\n|move|p1b: Smeargle|Salt Cure|p2b: Chi-Yu\n|-supereffective|p2b: Chi-Yu\n|-damage|p2b: Chi-Yu|89/100\n|-start|p2b: Chi-Yu|Salt Cure\n|move|p1a: Muk|Poison Gas|p2b: Chi-Yu|[spread] p2a,p2b\n|-status|p2a: Koraidon|psn\n|-status|p2b: Chi-Yu|psn\n|\n|-weather|SunnyDay|[upkeep]\n|-heal|p1a: Muk|36/100 brn|[from] item: Leftovers\n|-damage|p2b: Chi-Yu|76/100 psn|[from] psn\n|-damage|p2a: Koraidon|0 fnt|[from] psn\n|faint|p2a: Koraidon\n|-damage|p1a: Muk|30/100 brn|[from] brn\n|-damage|p2b: Chi-Yu|64/100 psn|[from] Salt Cure\n|-ability|p1b: Smeargle|Moody|boost\n|-boost|p1b: Smeargle|spd|2\n|-unboost|p1b: Smeargle|def|1\n|upkeep\n|inactive|buggybrain has 30 seconds left.\n|\n|t:|1776462690\n|switch|p2a: Lunala|Lunala, L50|100/100\n|turn|6\n|\n|t:|1776462695\n|move|p1a: Muk|Protect|p1a: Muk\n|-singleturn|p1a: Muk|Protect\n|move|p2b: Chi-Yu|Heat Wave|p1b: Smeargle|[spread] p1b\n|-activate|p1a: Muk|move: Protect\n|-damage|p1b: Smeargle|4/100\n|move|p1b: Smeargle|Salt Cure|p2a: Lunala\n|-damage|p2a: Lunala|99/100\n|-start|p2a: Lunala|Salt Cure\n|move|p2a: Lunala|Meteor Beam||[still]\n|-prepare|p2a: Lunala|Meteor Beam\n|-boost|p2a: Lunala|spa|1\n|-enditem|p2a: Lunala|Power Herb\n|-anim|p2a: Lunala|Meteor Beam|p1b: Smeargle\n|-damage|p1b: Smeargle|0 fnt\n|faint|p1b: Smeargle\n|\n|-weather|SunnyDay|[upkeep]\n|-heal|p1a: Muk|36/100 brn|[from] item: Leftovers\n|-damage|p2b: Chi-Yu|52/100 psn|[from] psn\n|-damage|p1a: Muk|30/100 brn|[from] brn\n|-damage|p2b: Chi-Yu|39/100 psn|[from] Salt Cure\n|-damage|p2a: Lunala|87/100|[from] Salt Cure\n|upkeep\n|\n|t:|1776462711\n|switch|p1b: \u6709\u8010\u4e45|Calyrex-Shadow, L50|100/100\n|-ability|p1b: \u6709\u8010\u4e45|As One\n|-ability|p1b: \u6709\u8010\u4e45|Unnerve\n|turn|7\n|\n|t:|1776462727\n|-terastallize|p2a: Lunala|Water\n|move|p1b: \u6709\u8010\u4e45|Protect|p1b: \u6709\u8010\u4e45\n|-singleturn|p1b: \u6709\u8010\u4e45|Protect\n|move|p2b: Chi-Yu|Heat Wave|p1a: Muk|[spread] \n|-activate|p1b: \u6709\u8010\u4e45|move: Protect\n|-miss|p2b: Chi-Yu|p1a: Muk\n|move|p2a: Lunala|Moongeist Beam|p1a: Muk|[miss]\n|-miss|p2a: Lunala|p1a: Muk\n|move|p1a: Muk|Poison Gas|p2a: Lunala|[spread] p2a,p2b\n|-status|p2a: Lunala|psn\n|-fail|p2b: Chi-Yu|psn\n|\n|-weather|SunnyDay|[upkeep]\n|-heal|p1a: Muk|36/100 brn|[from] item: Leftovers\n|-damage|p2b: Chi-Yu|27/100 psn|[from] psn\n|-damage|p2a: Lunala|75/100 psn|[from] psn\n|-damage|p1a: Muk|30/100 brn|[from] brn\n|-damage|p2b: Chi-Yu|14/100 psn|[from] Salt Cure\n|-damage|p2a: Lunala|50/100 psn|[from] Salt Cure\n|upkeep\n|turn|8\n|\n|t:|1776462752\n|move|p2b: Chi-Yu|Heat Wave|p1a: Muk|[spread] \n|-miss|p2b: Chi-Yu|p1a: Muk\n|-miss|p2b: Chi-Yu|p1b: \u6709\u8010\u4e45\n|move|p1b: \u6709\u8010\u4e45|Psych Up|p1a: Muk\n|-copyboost|p1b: \u6709\u8010\u4e45|p1a: Muk|[from] move: Psych Up\n|move|p2a: Lunala|Moongeist Beam|p1b: \u6709\u8010\u4e45\n|-supereffective|p1b: \u6709\u8010\u4e45\n|-crit|p1b: \u6709\u8010\u4e45\n|-damage|p1b: \u6709\u8010\u4e45|0 fnt\n|faint|p1b: \u6709\u8010\u4e45\n|move|p1a: Muk|Knock Off|p2a: Lunala\n|-damage|p2a: Lunala|40/100 psn\n|\n|-weather|SunnyDay|[upkeep]\n|-heal|p1a: Muk|36/100 brn|[from] item: Leftovers\n|-damage|p2b: Chi-Yu|2/100 psn|[from] psn\n|-damage|p2a: Lunala|28/100 psn|[from] psn\n|-damage|p1a: Muk|30/100 brn|[from] brn\n|-damage|p2b: Chi-Yu|0 fnt|[from] Salt Cure\n|faint|p2b: Chi-Yu\n|-damage|p2a: Lunala|3/100 psn|[from] Salt Cure\n|upkeep\n|\n|t:|1776462772\n|switch|p2b: Brute Bonnet|Brute Bonnet, L50|59/100\n|-activate|p2b: Brute Bonnet|ability: Protosynthesis\n|-start|p2b: Brute Bonnet|protosynthesisdef\n|turn|9\n|\n|t:|1776462779\n|move|p1a: Muk|Protect|p1a: Muk\n|-singleturn|p1a: Muk|Protect\n|move|p2a: Lunala|Moongeist Beam|p1a: Muk\n|-activate|p1a: Muk|move: Protect\n|move|p2b: Brute Bonnet|Seed Bomb|p1a: Muk\n|-activate|p1a: Muk|move: Protect\n|\n|-weather|none\n|-end|p2b: Brute Bonnet|Protosynthesis\n|-heal|p1a: Muk|36/100 brn|[from] item: Leftovers\n|-damage|p2a: Lunala|0 fnt|[from] psn\n|faint|p2a: Lunala\n|-damage|p1a: Muk|30/100 brn|[from] brn\n|upkeep\n|turn|10\n|\n|t:|1776462786\n|move|p2b: Brute Bonnet|Seed Bomb|p1a: Muk|[miss]\n|-miss|p2b: Brute Bonnet|p1a: Muk\n|move|p1a: Muk|Poison Gas|p2b: Brute Bonnet\n|-status|p2b: Brute Bonnet|psn\n|\n|-heal|p1a: Muk|36/100 brn|[from] item: Leftovers\n|-damage|p2b: Brute Bonnet|46/100 psn|[from] psn\n|-damage|p1a: Muk|30/100 brn|[from] brn\n|upkeep\n|-enditem|p2b: Brute Bonnet|Sitrus Berry|[eat]\n|-heal|p2b: Brute Bonnet|71/100 psn|[from] item: Sitrus Berry\n|turn|11\n|\n|t:|1776462793\n|move|p1a: Muk|Protect|p1a: Muk\n|-singleturn|p1a: Muk|Protect\n|move|p2b: Brute Bonnet|Seed Bomb|p1a: Muk\n|-activate|p1a: Muk|move: Protect\n|\n|-heal|p1a: Muk|36/100 brn|[from] item: Leftovers\n|-damage|p2b: Brute Bonnet|59/100 psn|[from] psn\n|-damage|p1a: Muk|30/100 brn|[from] brn\n|upkeep\n|turn|12\n|\n|t:|1776462802\n|move|p2b: Brute Bonnet|Seed Bomb|p1a: Muk|[miss]\n|-miss|p2b: Brute Bonnet|p1a: Muk\n|move|p1a: Muk|Knock Off|p2b: Brute Bonnet\n|-resisted|p2b: Brute Bonnet\n|-damage|p2b: Brute Bonnet|55/100 psn\n|\n|-heal|p1a: Muk|36/100 brn|[from] item: Leftovers\n|-damage|p2b: Brute Bonnet|43/100 psn|[from] psn\n|-damage|p1a: Muk|30/100 brn|[from] brn\n|upkeep\n|turn|13\n|\n|t:|1776462805\n|move|p1a: Muk|Protect|p1a: Muk\n|-singleturn|p1a: Muk|Protect\n|move|p2b: Brute Bonnet|Seed Bomb|p1a: Muk\n|-activate|p1a: Muk|move: Protect\n|\n|-heal|p1a: Muk|36/100 brn|[from] item: Leftovers\n|-damage|p2b: Brute Bonnet|31/100 psn|[from] psn\n|-damage|p1a: Muk|30/100 brn|[from] brn\n|upkeep\n|turn|14\n|\n|t:|1776462815\n|move|p2b: Brute Bonnet|Seed Bomb|p1a: Muk|[miss]\n|-miss|p2b: Brute Bonnet|p1a: Muk\n|move|p1a: Muk|Knock Off|p2b: Brute Bonnet\n|-resisted|p2b: Brute Bonnet\n|-damage|p2b: Brute Bonnet|27/100 psn\n|\n|-heal|p1a: Muk|36/100 brn|[from] item: Leftovers\n|-damage|p2b: Brute Bonnet|15/100 psn|[from] psn\n|-damage|p1a: Muk|30/100 brn|[from] brn\n|upkeep\n|turn|15\n|\n|t:|1776462818\n|move|p1a: Muk|Protect|p1a: Muk\n|-singleturn|p1a: Muk|Protect\n|move|p2b: Brute Bonnet|Seed Bomb|p1a: Muk\n|-activate|p1a: Muk|move: Protect\n|\n|-heal|p1a: Muk|36/100 brn|[from] item: Leftovers\n|-damage|p2b: Brute Bonnet|3/100 psn|[from] psn\n|-damage|p1a: Muk|30/100 brn|[from] brn\n|upkeep\n|turn|16\n|\n|t:|1776462823\n|move|p1a: Muk|Protect|p1a: Muk\n|-singleturn|p1a: Muk|Protect\n|move|p2b: Brute Bonnet|Seed Bomb|p1a: Muk\n|-activate|p1a: Muk|move: Protect\n|\n|-heal|p1a: Muk|36/100 brn|[from] item: Leftovers\n|-damage|p2b: Brute Bonnet|0 fnt|[from] psn\n|faint|p2b: Brute Bonnet\n|-end|p2b: Brute Bonnet|Protosynthesis|[silent]\n|\n|win|dragoonlong1\n|raw|dragoonlong1's rating: 1493 &rarr; <strong>1519</strong><br />(+26 for winning)\n|raw|buggybrain's rating: 1608 &rarr; <strong>1582</strong><br />(-26 for losing)\n|l|\u2606dragoonlong1\n|player|p1|\n|l|\u2606buggybrain\n|player|p2|\n","uploadtime":1776463060,"views":12,"formatid":"gen9vgc2026regi","rating":1519,"private":0,"password":null}