{"id":"gen9vgc2026regi-2523068965","format":"[Gen 9] VGC 2026 Reg I","players":["Fogdocker","kojimuranishi"],"log":"|j|\u2606Fogdocker\n|j|\u2606kojimuranishi\n|t:|1768981782\n|gametype|doubles\n|player|p1|Fogdocker|170|1519\n|player|p2|kojimuranishi|265|1466\n|gen|9\n|tier|[Gen 9] VGC 2026 Reg I\n|rated|\n|rule|Species Clause: Limit one of each Pok\u00e9mon\n|rule|Item Clause: Limit 1 of each item\n|clearpoke\n|poke|p1|Calyrex-Ice, L50|\n|poke|p1|Kyogre, L50|\n|poke|p1|Urshifu-*, L50, F|\n|poke|p1|Rillaboom, L50, F|\n|poke|p1|Landorus, L50, M|\n|poke|p1|Tornadus, L50, M|\n|poke|p2|Zamazenta-*, L50|\n|poke|p2|Lunala, L50|\n|poke|p2|Chien-Pao, L50|\n|poke|p2|Dragonite, L50, M|\n|poke|p2|Landorus, L50, M|\n|poke|p2|Urshifu-*, L50, F|\n|teampreview|4\n|inactive|Battle timer is ON: inactive players will automatically lose when time's up. (requested by kojimuranishi)\n|\n|t:|1768981804\n|teamsize|p1|4\n|teamsize|p2|4\n|start\n|switch|p1a: Calyrex|Calyrex-Ice, L50|100/100\n|switch|p1b: Rillaboom|Rillaboom, L50, F|100/100\n|switch|p2a: Dragonite|Dragonite, L50, M|100/100\n|switch|p2b: Chien-Pao|Chien-Pao, L50|100/100\n|-ability|p1a: Calyrex|As One\n|-ability|p1a: Calyrex|Unnerve\n|-ability|p2b: Chien-Pao|Sword of Ruin\n|-fieldstart|move: Grassy Terrain|[from] ability: Grassy Surge|[of] p1b: Rillaboom\n|turn|1\n|j| riyuezi\n|inactive|kojimuranishi has 30 seconds left.\n|\n|t:|1768981831\n|-terastallize|p2a: Dragonite|Normal\n|move|p2b: Chien-Pao|Crunch|p1a: Calyrex\n|-supereffective|p1a: Calyrex\n|-damage|p1a: Calyrex|14/100\n|-damage|p2b: Chien-Pao|91/100|[from] item: Life Orb\n|move|p2a: Dragonite|Rock Slide|p1b: Rillaboom|[spread] p1a,p1b\n|-supereffective|p1a: Calyrex\n|-damage|p1a: Calyrex|0 fnt\n|-damage|p1b: Rillaboom|64/100\n|faint|p1a: Calyrex\n|cant|p1b: Rillaboom|flinch\n|\n|-heal|p2b: Chien-Pao|97/100|[from] Grassy Terrain\n|-heal|p1b: Rillaboom|70/100|[from] Grassy Terrain\n|upkeep\n|\n|t:|1768981844\n|switch|p1a: Urshifu|Urshifu-Rapid-Strike, L50, F|100/100\n|turn|2\n|\n|t:|1768981858\n|switch|p1a: Landorus|Landorus, L50, M|100/100\n|switch|p2a: Lunala|Lunala, L50|100/100\n|move|p2b: Chien-Pao|Ice Spinner|p1b: Rillaboom\n|-supereffective|p1b: Rillaboom\n|-damage|p1b: Rillaboom|0 fnt\n|-fieldend|move: Grassy Terrain\n|faint|p1b: Rillaboom\n|-damage|p2b: Chien-Pao|87/100|[from] item: Life Orb\n|\n|upkeep\n|\n|t:|1768981866\n|switch|p1b: Urshifu|Urshifu-Rapid-Strike, L50, F|100/100\n|turn|3\n|\n|t:|1768981879\n|-terastallize|p1a: Landorus|Poison\n|move|p2b: Chien-Pao|Ice Spinner|p1a: Landorus\n|-damage|p1a: Landorus|22/100\n|-damage|p2b: Chien-Pao|77/100|[from] item: Life Orb\n|move|p1a: Landorus|Earth Power|p2a: Lunala\n|-damage|p2a: Lunala|76/100\n|move|p1b: Urshifu|Surging Strikes|p2b: Chien-Pao\n|-crit|p2b: Chien-Pao\n|-damage|p2b: Chien-Pao|35/100\n|-crit|p2b: Chien-Pao\n|-damage|p2b: Chien-Pao|0 fnt\n|faint|p2b: Chien-Pao\n|-hitcount|p2: Chien-Pao|2\n|move|p2a: Lunala|Trick Room|p2a: Lunala\n|-fieldstart|move: Trick Room|[of] p2a: Lunala\n|\n|upkeep\n|\n|t:|1768981896\n|switch|p2b: Dragonite|Dragonite, L50, M, tera:Normal|100/100\n|turn|4\n|\n|t:|1768981901\n|move|p1a: Landorus|Protect|p1a: Landorus\n|-singleturn|p1a: Landorus|Protect\n|move|p2b: Dragonite|Extreme Speed|p1a: Landorus\n|-activate|p1a: Landorus|move: Protect\n|move|p2a: Lunala|Moonblast|p1b: Urshifu\n|-supereffective|p1b: Urshifu\n|-damage|p1b: Urshifu|4/100\n|-unboost|p1b: Urshifu|spa|1\n|move|p1b: Urshifu|Surging Strikes|p2b: Dragonite\n|-crit|p2b: Dragonite\n|-damage|p2b: Dragonite|85/100\n|-crit|p2b: Dragonite\n|-damage|p2b: Dragonite|51/100\n|-crit|p2b: Dragonite\n|-damage|p2b: Dragonite|19/100\n|-hitcount|p2b: Dragonite|3\n|\n|upkeep\n|turn|5\n|\n|t:|1768981920\n|move|p2b: Dragonite|Extreme Speed|p1a: Landorus\n|-damage|p1a: Landorus|0 fnt\n|faint|p1a: Landorus\n|move|p2a: Lunala|Moonblast|p1b: Urshifu\n|-supereffective|p1b: Urshifu\n|-damage|p1b: Urshifu|0 fnt\n|faint|p1b: Urshifu\n|\n|win|kojimuranishi\n|raw|Fogdocker's rating: 1519 &rarr; <strong>1496</strong><br />(-23 for losing)\n|raw|kojimuranishi's rating: 1466 &rarr; <strong>1489</strong><br />(+23 for winning)\n|l|\u2606kojimuranishi\n|player|p2|\n|l| riyuezi\n","uploadtime":1768982152,"views":19,"formatid":"gen9vgc2026regi","rating":1489,"private":0,"password":null}