{"id":"gen9vgc2026regi-2558152010","format":"[Gen 9] VGC 2026 Reg I","players":["Chenpion192","BanKingambit69247"],"log":"|j|\u2606Chenpion192\n|j|\u2606BanKingambit69247\n|t:|1773408643\n|gametype|doubles\n|player|p1|Chenpion192|cynthia-gen4|1425\n|player|p2|BanKingambit69247|169|1560\n|gen|9\n|tier|[Gen 9] VGC 2026 Reg I\n|rated|\n|rule|Species Clause: Limit one of each Pok\u00e9mon\n|rule|Item Clause: Limit 1 of each item\n|clearpoke\n|poke|p1|Koraidon, L50|\n|poke|p1|Chi-Yu, L50|\n|poke|p1|Flutter Mane, L50|\n|poke|p1|Raging Bolt, L50|\n|poke|p1|Calyrex-Ice, L50|\n|poke|p1|Ursaluna, L50, F|\n|poke|p2|Calyrex-Shadow, L50|\n|poke|p2|Zamazenta-*, L50|\n|poke|p2|Chien-Pao, L50|\n|poke|p2|Smeargle, L50, F|\n|poke|p2|Tatsugiri-Droopy, L50, F|\n|poke|p2|Dondozo, L50, F|\n|teampreview|4\n|inactive|Battle timer is ON: inactive players will automatically lose when time's up. (requested by Chenpion192)\n|inactive|Chenpion192 has 60 seconds left.\n|\n|t:|1773408676\n|teamsize|p1|4\n|teamsize|p2|4\n|start\n|switch|p1a: \u6545\u52d2\u9813|Koraidon, L50, shiny|100/100\n|switch|p1b: \u632f\u7ffc\u9aee|Flutter Mane, L50, shiny|100/100\n|switch|p2a: \u5582\u5582\u5582?\u5582\u5582\u5582?\ud83d\udc37\ud83d\udc37\ud83d\udc37|Chien-Pao, L50|100/100\n|switch|p2b: \u773c\u795e\u5446\u6ede\ud83e\udd2a|Dondozo, L50, F, shiny|100/100\n|-weather|SunnyDay|[from] ability: Orichalcum Pulse|[of] p1a: \u6545\u52d2\u9813\n|-activate|p1b: \u632f\u7ffc\u9aee|ability: Protosynthesis\n|-start|p1b: \u632f\u7ffc\u9aee|protosynthesisspe\n|-activate|p1a: \u6545\u52d2\u9813|Orichalcum Pulse|[source]\n|-ability|p2a: \u5582\u5582\u5582?\u5582\u5582\u5582?\ud83d\udc37\ud83d\udc37\ud83d\udc37|Sword of Ruin\n|turn|1\n|\n|t:|1773408699\n|-terastallize|p2a: \u5582\u5582\u5582?\u5582\u5582\u5582?\ud83d\udc37\ud83d\udc37\ud83d\udc37|Poison\n|move|p1b: \u632f\u7ffc\u9aee|Icy Wind|p2a: \u5582\u5582\u5582?\u5582\u5582\u5582?\ud83d\udc37\ud83d\udc37\ud83d\udc37|[spread] p2a,p2b\n|-resisted|p2b: \u773c\u795e\u5446\u6ede\ud83e\udd2a\n|-damage|p2a: \u5582\u5582\u5582?\u5582\u5582\u5582?\ud83d\udc37\ud83d\udc37\ud83d\udc37|89/100\n|-damage|p2b: \u773c\u795e\u5446\u6ede\ud83e\udd2a|95/100\n|-unboost|p2a: \u5582\u5582\u5582?\u5582\u5582\u5582?\ud83d\udc37\ud83d\udc37\ud83d\udc37|spe|1\n|-unboost|p2b: \u773c\u795e\u5446\u6ede\ud83e\udd2a|spe|1\n|move|p1a: \u6545\u52d2\u9813|Scale Shot|p2a: \u5582\u5582\u5582?\u5582\u5582\u5582?\ud83d\udc37\ud83d\udc37\ud83d\udc37\n|-damage|p2a: \u5582\u5582\u5582?\u5582\u5582\u5582?\ud83d\udc37\ud83d\udc37\ud83d\udc37|66/100\n|-damage|p2a: \u5582\u5582\u5582?\u5582\u5582\u5582?\ud83d\udc37\ud83d\udc37\ud83d\udc37|44/100\n|-damage|p2a: \u5582\u5582\u5582?\u5582\u5582\u5582?\ud83d\udc37\ud83d\udc37\ud83d\udc37|21/100\n|-damage|p2a: \u5582\u5582\u5582?\u5582\u5582\u5582?\ud83d\udc37\ud83d\udc37\ud83d\udc37|0 fnt\n|faint|p2a: \u5582\u5582\u5582?\u5582\u5582\u5582?\ud83d\udc37\ud83d\udc37\ud83d\udc37\n|-hitcount|p2: \u5582\u5582\u5582?\u5582\u5582\u5582?\ud83d\udc37\ud83d\udc37\ud83d\udc37|4\n|-unboost|p1a: \u6545\u52d2\u9813|def|1\n|-boost|p1a: \u6545\u52d2\u9813|spe|1\n|move|p2b: \u773c\u795e\u5446\u6ede\ud83e\udd2a|Heavy Slam|p1b: \u632f\u7ffc\u9aee\n|-supereffective|p1b: \u632f\u7ffc\u9aee\n|-enditem|p1b: \u632f\u7ffc\u9aee|Focus Sash\n|-damage|p1b: \u632f\u7ffc\u9aee|1/100\n|\n|-weather|SunnyDay|[upkeep]\n|-heal|p2b: \u773c\u795e\u5446\u6ede\ud83e\udd2a|100/100|[from] item: Leftovers\n|upkeep\n|\n|t:|1773408707\n|switch|p2a: \u767d\u8272\u5c0f\u6590\u6d4e\u5317\ud83d\ude0b|Tatsugiri-Droopy, L50, F, shiny|100/100\n|-activate|p2a: \u767d\u8272\u5c0f\u6590\u6d4e\u5317\ud83d\ude0b|ability: Commander|[of] p2b: \u773c\u795e\u5446\u6ede\ud83e\udd2a\n|-boost|p2b: \u773c\u795e\u5446\u6ede\ud83e\udd2a|atk|2\n|-boost|p2b: \u773c\u795e\u5446\u6ede\ud83e\udd2a|spa|2\n|-boost|p2b: \u773c\u795e\u5446\u6ede\ud83e\udd2a|spe|2\n|-boost|p2b: \u773c\u795e\u5446\u6ede\ud83e\udd2a|def|2\n|-boost|p2b: \u773c\u795e\u5446\u6ede\ud83e\udd2a|spd|2\n|turn|2\n|inactive|Chenpion192 has 30 seconds left.\n|\n|t:|1773408734\n|switch|p1a: \u53e4\u7389\u9b5a|Chi-Yu, L50|100/100\n|-ability|p1a: \u53e4\u7389\u9b5a|Beads of Ruin\n|move|p1b: \u632f\u7ffc\u9aee|Moonblast|p2b: \u773c\u795e\u5446\u6ede\ud83e\udd2a\n|-damage|p2b: \u773c\u795e\u5446\u6ede\ud83e\udd2a|75/100\n|move|p2b: \u773c\u795e\u5446\u6ede\ud83e\udd2a|Order Up|p1a: \u53e4\u7389\u9b5a\n|-damage|p1a: \u53e4\u7389\u9b5a|40/100\n|-boost|p2b: \u773c\u795e\u5446\u6ede\ud83e\udd2a|def|1\n|\n|-weather|SunnyDay|[upkeep]\n|-heal|p2b: \u773c\u795e\u5446\u6ede\ud83e\udd2a|81/100|[from] item: Leftovers\n|upkeep\n|turn|3\n|\n|t:|1773408753\n|move|p2b: \u773c\u795e\u5446\u6ede\ud83e\udd2a|Protect|p2b: \u773c\u795e\u5446\u6ede\ud83e\udd2a\n|-singleturn|p2b: \u773c\u795e\u5446\u6ede\ud83e\udd2a|Protect\n|move|p1b: \u632f\u7ffc\u9aee|Moonblast|p2b: \u773c\u795e\u5446\u6ede\ud83e\udd2a\n|-activate|p2b: \u773c\u795e\u5446\u6ede\ud83e\udd2a|move: Protect\n|move|p1a: \u53e4\u7389\u9b5a|Overheat|p2b: \u773c\u795e\u5446\u6ede\ud83e\udd2a\n|-activate|p2b: \u773c\u795e\u5446\u6ede\ud83e\udd2a|move: Protect\n|\n|-weather|SunnyDay|[upkeep]\n|-heal|p2b: \u773c\u795e\u5446\u6ede\ud83e\udd2a|87/100|[from] item: Leftovers\n|upkeep\n|turn|4\n|\n|t:|1773408761\n|move|p1b: \u632f\u7ffc\u9aee|Moonblast|p2b: \u773c\u795e\u5446\u6ede\ud83e\udd2a\n|-damage|p2b: \u773c\u795e\u5446\u6ede\ud83e\udd2a|60/100\n|move|p1a: \u53e4\u7389\u9b5a|Overheat|p2b: \u773c\u795e\u5446\u6ede\ud83e\udd2a\n|-resisted|p2b: \u773c\u795e\u5446\u6ede\ud83e\udd2a\n|-damage|p2b: \u773c\u795e\u5446\u6ede\ud83e\udd2a|35/100\n|-unboost|p1a: \u53e4\u7389\u9b5a|spa|2\n|move|p2b: \u773c\u795e\u5446\u6ede\ud83e\udd2a|Heavy Slam|p1b: \u632f\u7ffc\u9aee\n|-supereffective|p1b: \u632f\u7ffc\u9aee\n|-damage|p1b: \u632f\u7ffc\u9aee|0 fnt\n|faint|p1b: \u632f\u7ffc\u9aee\n|-end|p1b: \u632f\u7ffc\u9aee|Protosynthesis|[silent]\n|\n|-weather|SunnyDay|[upkeep]\n|-heal|p2b: \u773c\u795e\u5446\u6ede\ud83e\udd2a|41/100|[from] item: Leftovers\n|upkeep\n|\n|t:|1773408774\n|switch|p1b: \u731b\u96f7\u9f13|Raging Bolt, L50|100/100\n|-activate|p1b: \u731b\u96f7\u9f13|ability: Protosynthesis\n|-start|p1b: \u731b\u96f7\u9f13|protosynthesisspa\n|turn|5\n|\n|t:|1773408782\n|move|p1b: \u731b\u96f7\u9f13|Protect|p1b: \u731b\u96f7\u9f13\n|-singleturn|p1b: \u731b\u96f7\u9f13|Protect\n|move|p2b: \u773c\u795e\u5446\u6ede\ud83e\udd2a|Protect|p2b: \u773c\u795e\u5446\u6ede\ud83e\udd2a\n|-singleturn|p2b: \u773c\u795e\u5446\u6ede\ud83e\udd2a|Protect\n|move|p1a: \u53e4\u7389\u9b5a|Overheat|p2b: \u773c\u795e\u5446\u6ede\ud83e\udd2a\n|-activate|p2b: \u773c\u795e\u5446\u6ede\ud83e\udd2a|move: Protect\n|\n|-weather|none\n|-end|p1b: \u731b\u96f7\u9f13|Protosynthesis\n|-heal|p2b: \u773c\u795e\u5446\u6ede\ud83e\udd2a|47/100|[from] item: Leftovers\n|upkeep\n|turn|6\n|\n|t:|1773408799\n|move|p1b: \u731b\u96f7\u9f13|Thunderclap|p2b: \u773c\u795e\u5446\u6ede\ud83e\udd2a\n|-supereffective|p2b: \u773c\u795e\u5446\u6ede\ud83e\udd2a\n|-damage|p2b: \u773c\u795e\u5446\u6ede\ud83e\udd2a|0 fnt\n|faint|p2b: \u773c\u795e\u5446\u6ede\ud83e\udd2a\n|-damage|p1b: \u731b\u96f7\u9f13|91/100|[from] item: Life Orb\n|move|p1a: \u53e4\u7389\u9b5a|Overheat|p2a: \u767d\u8272\u5c0f\u6590\u6d4e\u5317\ud83d\ude0b\n|-resisted|p2a: \u767d\u8272\u5c0f\u6590\u6d4e\u5317\ud83d\ude0b\n|-damage|p2a: \u767d\u8272\u5c0f\u6590\u6d4e\u5317\ud83d\ude0b|85/100\n|-unboost|p1a: \u53e4\u7389\u9b5a|spa|2\n|\n|upkeep\n|\n|t:|1773408802\n|switch|p2b: \u8bf6\u4f60\u600e\u4e48\u6b7b\u4e86?\u267f\u267f\u267f|Calyrex-Shadow, L50|100/100\n|-ability|p2b: \u8bf6\u4f60\u600e\u4e48\u6b7b\u4e86?\u267f\u267f\u267f|As One\n|-ability|p2b: \u8bf6\u4f60\u600e\u4e48\u6b7b\u4e86?\u267f\u267f\u267f|Unnerve\n|turn|7\n|inactive|Chenpion192 has 30 seconds left.\n|\n|t:|1773408837\n|switch|p1a: \u6545\u52d2\u9813|Koraidon, L50, shiny|100/100\n|-weather|SunnyDay|[from] ability: Orichalcum Pulse|[of] p1a: \u6545\u52d2\u9813\n|-activate|p1b: \u731b\u96f7\u9f13|ability: Protosynthesis\n|-start|p1b: \u731b\u96f7\u9f13|protosynthesisspa\n|-activate|p1a: \u6545\u52d2\u9813|Orichalcum Pulse|[source]\n|move|p1b: \u731b\u96f7\u9f13|Thunderclap|p2b: \u8bf6\u4f60\u600e\u4e48\u6b7b\u4e86?\u267f\u267f\u267f\n|-damage|p2b: \u8bf6\u4f60\u600e\u4e48\u6b7b\u4e86?\u267f\u267f\u267f|29/100\n|-damage|p1b: \u731b\u96f7\u9f13|81/100|[from] item: Life Orb\n|move|p2b: \u8bf6\u4f60\u600e\u4e48\u6b7b\u4e86?\u267f\u267f\u267f|Astral Barrage|p1b: \u731b\u96f7\u9f13|[spread] p1a,p1b\n|-crit|p1b: \u731b\u96f7\u9f13\n|-damage|p1a: \u6545\u52d2\u9813|11/100\n|-damage|p1b: \u731b\u96f7\u9f13|0 fnt\n|faint|p1b: \u731b\u96f7\u9f13\n|-end|p1b: \u731b\u96f7\u9f13|Protosynthesis|[silent]\n|-ability|p2b: \u8bf6\u4f60\u600e\u4e48\u6b7b\u4e86?\u267f\u267f\u267f|Grim Neigh|boost\n|-boost|p2b: \u8bf6\u4f60\u600e\u4e48\u6b7b\u4e86?\u267f\u267f\u267f|spa|1\n|move|p2a: \u767d\u8272\u5c0f\u6590\u6d4e\u5317\ud83d\ude0b|Dragon Pulse|p1a: \u6545\u52d2\u9813\n|-supereffective|p1a: \u6545\u52d2\u9813\n|-damage|p1a: \u6545\u52d2\u9813|0 fnt\n|faint|p1a: \u6545\u52d2\u9813\n|\n|-weather|SunnyDay|[upkeep]\n|upkeep\n|c|\u2606Chenpion192|\u9006\u5929\u66b1\u7a31\n|\n|t:|1773408853\n|switch|p1b: \u53e4\u7389\u9b5a|Chi-Yu, L50|40/100\n|-ability|p1b: \u53e4\u7389\u9b5a|Beads of Ruin\n|turn|8\n|\n|t:|1773408869\n|move|p1b: \u53e4\u7389\u9b5a|Snarl|p2a: \u767d\u8272\u5c0f\u6590\u6d4e\u5317\ud83d\ude0b|[spread] p2a,p2b\n|-crit|p2a: \u767d\u8272\u5c0f\u6590\u6d4e\u5317\ud83d\ude0b\n|-supereffective|p2b: \u8bf6\u4f60\u600e\u4e48\u6b7b\u4e86?\u267f\u267f\u267f\n|-damage|p2a: \u767d\u8272\u5c0f\u6590\u6d4e\u5317\ud83d\ude0b|23/100\n|-damage|p2b: \u8bf6\u4f60\u600e\u4e48\u6b7b\u4e86?\u267f\u267f\u267f|0 fnt\n|-unboost|p2a: \u767d\u8272\u5c0f\u6590\u6d4e\u5317\ud83d\ude0b|spa|1\n|faint|p2b: \u8bf6\u4f60\u600e\u4e48\u6b7b\u4e86?\u267f\u267f\u267f\n|move|p2a: \u767d\u8272\u5c0f\u6590\u6d4e\u5317\ud83d\ude0b|Dragon Pulse|p1b: \u53e4\u7389\u9b5a\n|-damage|p1b: \u53e4\u7389\u9b5a|8/100\n|\n|-weather|SunnyDay|[upkeep]\n|upkeep\n|turn|9\n|\n|t:|1773408879\n|move|p1b: \u53e4\u7389\u9b5a|Snarl|p2a: \u767d\u8272\u5c0f\u6590\u6d4e\u5317\ud83d\ude0b\n|-damage|p2a: \u767d\u8272\u5c0f\u6590\u6d4e\u5317\ud83d\ude0b|0 fnt\n|faint|p2a: \u767d\u8272\u5c0f\u6590\u6d4e\u5317\ud83d\ude0b\n|\n|win|Chenpion192\n|raw|Chenpion192's rating: 1425 &rarr; <strong>1452</strong><br />(+27 for winning)\n|raw|BanKingambit69247's rating: 1560 &rarr; <strong>1533</strong><br />(-27 for losing)\n|l|\u2606BanKingambit69247\n|player|p2|\n|l|\u2606Chenpion192\n|player|p1|\n","uploadtime":1773409054,"views":16,"formatid":"gen9vgc2026regi","rating":1452,"private":0,"password":null}