{"id":"gen9vgc2026regi-2579616990","format":"[Gen 9] VGC 2026 Reg I","players":["r200412030","xiaoliyunVGC"],"log":"|j|\u2606r200412030\n|j|\u2606xiaoliyunVGC\n|t:|1775806424\n|gametype|doubles\n|player|p1|r200412030|norman|1232\n|player|p2|xiaoliyunVGC|liko|1479\n|gen|9\n|tier|[Gen 9] VGC 2026 Reg I\n|rated|\n|rule|Species Clause: Limit one of each Pok\u00e9mon\n|rule|Item Clause: Limit 1 of each item\n|clearpoke\n|poke|p1|Lunala, L50|\n|poke|p1|Miraidon, L50|\n|poke|p1|Urshifu-*, L50, F|\n|poke|p1|Grimmsnarl, L50, M|\n|poke|p1|Incineroar, L50, F|\n|poke|p1|Ursaluna, L50, M|\n|poke|p2|Miraidon, L50|\n|poke|p2|Zamazenta-*, L50|\n|poke|p2|Dragonite, L50, M|\n|poke|p2|Chien-Pao, L50|\n|poke|p2|Clefairy, L50, M|\n|poke|p2|Volcarona, L50, F|\n|teampreview|4\n|inactive|Battle timer is ON: inactive players will automatically lose when time's up. (requested by xiaoliyunVGC)\n|inactive|r200412030 has 60 seconds left.\n|inactive|xiaoliyunVGC has 60 seconds left.\n|\n|t:|1775806473\n|teamsize|p1|4\n|teamsize|p2|4\n|start\n|switch|p1a: Incineroar|Incineroar, L50, F|100/100\n|switch|p1b: Lunala|Lunala, L50|100/100\n|switch|p2a: Miraidon|Miraidon, L50, shiny|100/100\n|switch|p2b: Chien-Pao|Chien-Pao, L50, shiny|100/100\n|-ability|p2b: Chien-Pao|Sword of Ruin\n|-fieldstart|move: Electric Terrain|[from] ability: Hadron Engine|[of] p2a: Miraidon\n|-enditem|p1b: Lunala|Electric Seed\n|-boost|p1b: Lunala|def|1|[from] item: Electric Seed\n|-ability|p1a: Incineroar|Intimidate|boost\n|-unboost|p2a: Miraidon|atk|1\n|-unboost|p2b: Chien-Pao|atk|1\n|turn|1\n|\n|t:|1775806495\n|switch|p2b: Clefairy|Clefairy, L50, M, shiny|100/100\n|-terastallize|p2a: Miraidon|Electric\n|-terastallize|p1b: Lunala|Fairy\n|move|p1a: Incineroar|Fake Out|p2b: Clefairy\n|-crit|p2b: Clefairy\n|-damage|p2b: Clefairy|87/100\n|move|p2a: Miraidon|Electro Drift|p1a: Incineroar\n|-crit|p1a: Incineroar\n|-damage|p1a: Incineroar|0 fnt\n|-damage|p2a: Miraidon|84/100|[from] item: Rocky Helmet|[of] p1a: Incineroar\n|faint|p1a: Incineroar\n|-damage|p2a: Miraidon|75/100|[from] item: Life Orb\n|move|p1b: Lunala|Trick Room|p1b: Lunala\n|-fieldstart|move: Trick Room|[of] p1b: Lunala\n|\n|upkeep\n|\n|t:|1775806514\n|switch|p1a: Ursaluna|Ursaluna, L50, M|100/100\n|turn|2\n|\n|t:|1775806528\n|move|p2b: Clefairy|Protect|p2b: Clefairy\n|-singleturn|p2b: Clefairy|Protect\n|move|p2a: Miraidon|Protect|p2a: Miraidon\n|-singleturn|p2a: Miraidon|Protect\n|move|p1b: Lunala|Wide Guard|p1b: Lunala\n|-singleturn|p1b: Lunala|Wide Guard\n|move|p1a: Ursaluna|Earthquake|p2a: Miraidon|[spread] \n|-activate|p1b: Lunala|move: Wide Guard\n|-activate|p2a: Miraidon|move: Protect\n|-activate|p2b: Clefairy|move: Protect\n|\n|-status|p1a: Ursaluna|brn|[from] item: Flame Orb\n|upkeep\n|turn|3\n|\n|t:|1775806541\n|move|p1b: Lunala|Wide Guard|p1b: Lunala\n|-singleturn|p1b: Lunala|Wide Guard\n|move|p2b: Clefairy|After You|p2a: Miraidon\n|-activate|p2a: Miraidon|move: After You\n|move|p2a: Miraidon|Draco Meteor|p1a: Ursaluna\n|-damage|p1a: Ursaluna|0 fnt\n|-unboost|p2a: Miraidon|spa|2\n|faint|p1a: Ursaluna\n|-damage|p2a: Miraidon|65/100|[from] item: Life Orb\n|\n|upkeep\n|\n|t:|1775806550\n|switch|p1a: Urshifu|Urshifu-Rapid-Strike, L50, F|100/100\n|turn|4\n|inactive|r200412030 has 30 seconds left.\n|inactive|r200412030 has 20 seconds left.\n|\n|t:|1775806587\n|move|p2b: Clefairy|After You|p2a: Miraidon\n|-activate|p2a: Miraidon|move: After You\n|move|p2a: Miraidon|Electro Drift|p1a: Urshifu\n|-supereffective|p1a: Urshifu\n|-damage|p1a: Urshifu|0 fnt\n|faint|p1a: Urshifu\n|-damage|p2a: Miraidon|56/100|[from] item: Life Orb\n|move|p1b: Lunala|Moonblast|p2a: Miraidon\n|-damage|p2a: Miraidon|18/100\n|\n|upkeep\n|turn|5\n|-message|r200412030 forfeited.\n|\n|win|xiaoliyunVGC\n|raw|r200412030's rating: 1232 &rarr; <strong>1222</strong><br />(-10 for losing)\n|raw|xiaoliyunVGC's rating: 1479 &rarr; <strong>1487</strong><br />(+8 for winning)\n|l|\u2606r200412030\n|player|p1|\n|l|\u2606xiaoliyunVGC\n|player|p2|\n","uploadtime":1775806772,"views":9,"formatid":"gen9vgc2026regi","rating":1222,"private":0,"password":null}