{"id":"gen9vgc2026regi-2531787162","format":"[Gen 9] VGC 2026 Reg I","players":["inb_178","ServantOfTheLORD"],"log":"|j|\u2606inb_178\n|j|\u2606ServantOfTheLORD\n|t:|1770098481\n|gametype|doubles\n|player|p1|inb_178|101|1304\n|player|p2|ServantOfTheLORD|n|1358\n|gen|9\n|tier|[Gen 9] VGC 2026 Reg I\n|rated|\n|rule|Species Clause: Limit one of each Pok\u00e9mon\n|rule|Item Clause: Limit 1 of each item\n|clearpoke\n|poke|p1|Miraidon, L50|\n|poke|p1|Lunala, L50|\n|poke|p1|Incineroar, L50, M|\n|poke|p1|Iron Bundle, L50|\n|poke|p1|Amoonguss, L50, M|\n|poke|p1|Sneasler, L50, F|\n|poke|p2|Luxray, L50, M|\n|poke|p2|Koraidon, L50|\n|poke|p2|Flutter Mane, L50|\n|poke|p2|Groudon, L50|\n|poke|p2|Venusaur, L50, M|\n|poke|p2|Torkoal, L50, M|\n|teampreview|4\n|inactive|Battle timer is ON: inactive players will automatically lose when time's up. (requested by ServantOfTheLORD)\n|\n|t:|1770098510\n|teamsize|p1|4\n|teamsize|p2|4\n|start\n|switch|p1a: Miraidon|Miraidon, L50|100/100\n|switch|p1b: Iron Bundle|Iron Bundle, L50|100/100\n|switch|p2a: Groudon|Groudon, L50|100/100\n|switch|p2b: Flutter Mane|Flutter Mane, L50|100/100\n|-fieldstart|move: Electric Terrain|[from] ability: Hadron Engine|[of] p1a: Miraidon\n|-activate|p1b: Iron Bundle|ability: Quark Drive\n|-start|p1b: Iron Bundle|quarkdrivespe\n|-weather|SunnyDay|[from] ability: Drought|[of] p2a: Groudon\n|-activate|p2b: Flutter Mane|ability: Protosynthesis\n|-start|p2b: Flutter Mane|protosynthesisspe\n|turn|1\n|\n|t:|1770098535\n|-terastallize|p2b: Flutter Mane|Fairy\n|-terastallize|p1a: Miraidon|Electric\n|move|p2b: Flutter Mane|Moonblast|p1a: Miraidon\n|-damage|p1a: Miraidon|61/100\n|move|p1b: Iron Bundle|Icy Wind|p2a: Groudon|[spread] p2a,p2b\n|-supereffective|p2a: Groudon\n|-damage|p2a: Groudon|74/100\n|-damage|p2b: Flutter Mane|77/100\n|-unboost|p2a: Groudon|spe|1\n|-unboost|p2b: Flutter Mane|spe|1\n|move|p1a: Miraidon|Volt Switch|p2b: Flutter Mane\n|-damage|p2b: Flutter Mane|0 fnt\n|faint|p2b: Flutter Mane\n|-end|p2b: Flutter Mane|Protosynthesis|[silent]\n|\n|t:|1770098551\n|switch|p1a: Incineroar|Incineroar, L50, M|100/100|[from] Volt Switch\n|-ability|p1a: Incineroar|Intimidate|boost\n|-unboost|p2a: Groudon|atk|1\n|move|p2a: Groudon|Precipice Blades|p1b: Iron Bundle|[spread] p1a,p1b\n|-supereffective|p1a: Incineroar\n|-damage|p1a: Incineroar|38/100\n|-damage|p1b: Iron Bundle|59/100\n|\n|-weather|SunnyDay|[upkeep]\n|upkeep\n|\n|t:|1770098561\n|switch|p2b: Venusaur|Venusaur, L50, M|100/100\n|turn|2\n|\n|t:|1770098567\n|switch|p2a: Koraidon|Koraidon, L50|100/100\n|-activate|p2a: Koraidon|ability: Orichalcum Pulse\n|move|p1a: Incineroar|Fake Out|p2b: Venusaur\n|-damage|p2b: Venusaur|86/100\n|move|p1b: Iron Bundle|Ice Beam|p2a: Koraidon\n|-supereffective|p2a: Koraidon\n|-damage|p2a: Koraidon|11/100\n|move|p2b: Venusaur|Solar Beam||[still]\n|-prepare|p2b: Venusaur|Solar Beam\n|-anim|p2b: Venusaur|Solar Beam|p1b: Iron Bundle\n|-supereffective|p1b: Iron Bundle\n|-damage|p1b: Iron Bundle|0 fnt\n|faint|p1b: Iron Bundle\n|-end|p1b: Iron Bundle|Quark Drive|[silent]\n|\n|-weather|SunnyDay|[upkeep]\n|upkeep\n|\n|t:|1770098585\n|switch|p1b: Miraidon|Miraidon, L50, tera:Electric|61/100\n|-activate|p1b: Miraidon|ability: Hadron Engine\n|turn|3\n|\n|t:|1770098598\n|switch|p1b: Lunala|Lunala, L50|100/100\n|move|p2b: Venusaur|Solar Beam||[still]\n|-prepare|p2b: Venusaur|Solar Beam\n|-anim|p2b: Venusaur|Solar Beam|p1b: Lunala\n|-damage|p1b: Lunala|82/100\n|move|p2a: Koraidon|Close Combat|p1b: Lunala\n|-immune|p1b: Lunala\n|move|p1a: Incineroar|Flare Blitz|p2b: Venusaur\n|-supereffective|p2b: Venusaur\n|-damage|p2b: Venusaur|0 fnt\n|faint|p2b: Venusaur\n|-damage|p1a: Incineroar|16/100|[from] Recoil\n|-enditem|p1a: Incineroar|Figy Berry|[eat]\n|-heal|p1a: Incineroar|50/100|[from] item: Figy Berry\n|\n|-weather|SunnyDay|[upkeep]\n|upkeep\n|\n|t:|1770098604\n|switch|p2b: Groudon|Groudon, L50|74/100\n|turn|4\n|inactive|inb_178 has 30 seconds left.\n|\n|t:|1770098635\n|move|p2a: Koraidon|Close Combat|p1a: Incineroar\n|-supereffective|p1a: Incineroar\n|-damage|p1a: Incineroar|0 fnt\n|-unboost|p2a: Koraidon|def|1\n|-unboost|p2a: Koraidon|spd|1\n|faint|p1a: Incineroar\n|move|p1b: Lunala|Heat Wave|p2a: Koraidon|[spread] p2a,p2b\n|-resisted|p2a: Koraidon\n|-damage|p2a: Koraidon|0 fnt\n|-damage|p2b: Groudon|50/100\n|faint|p2a: Koraidon\n|move|p2b: Groudon|Precipice Blades|p1b: Lunala|[miss]\n|-miss|p2b: Groudon|p1b: Lunala\n|\n|-weather|SunnyDay|[upkeep]\n|upkeep\n|\n|t:|1770098649\n|switch|p1a: Miraidon|Miraidon, L50, tera:Electric|61/100\n|-activate|p1a: Miraidon|ability: Hadron Engine\n|turn|5\n|\n|t:|1770098658\n|move|p1a: Miraidon|Draco Meteor|p2b: Groudon\n|-damage|p2b: Groudon|0 fnt\n|-unboost|p1a: Miraidon|spa|2\n|faint|p2b: Groudon\n|\n|win|inb_178\n|raw|inb_178's rating: 1304 &rarr; <strong>1327</strong><br />(+23 for winning)\n|raw|ServantOfTheLORD's rating: 1358 &rarr; <strong>1335</strong><br />(-23 for losing)\n|l|\u2606ServantOfTheLORD\n|player|p2|\n|l|\u2606inb_178\n|player|p1|\n","uploadtime":1770098917,"views":12,"formatid":"gen9vgc2026regi","rating":1327,"private":0,"password":null}