{"id":"gen9vgc2026regi-2589075080","format":"[Gen 9] VGC 2026 Reg I","players":["pflaumbob","pigduckeater"],"log":"|j|\u2606pflaumbob\n|j|\u2606pigduckeater\n|t:|1776697985\n|gametype|doubles\n|player|p1|pflaumbob|scientist|1453\n|player|p2|pigduckeater|102|1597\n|gen|9\n|tier|[Gen 9] VGC 2026 Reg I\n|rated|\n|rule|Species Clause: Limit one of each Pok\u00e9mon\n|rule|Item Clause: Limit 1 of each item\n|clearpoke\n|poke|p1|Calyrex-Ice, L50|\n|poke|p1|Miraidon, L50|\n|poke|p1|Grimmsnarl, L50, M|\n|poke|p1|Urshifu-*, L50, M|\n|poke|p1|Incineroar, L50, M|\n|poke|p1|Landorus, L50, M|\n|poke|p2|Kyogre, L50|\n|poke|p2|Rillaboom, L50, F|\n|poke|p2|Urshifu-*, L50, M|\n|poke|p2|Zamazenta-*, L50|\n|poke|p2|Chien-Pao, L50|\n|poke|p2|Ditto, L50|\n|teampreview|4\n|inactive|Battle timer is ON: inactive players will automatically lose when time's up. (requested by pflaumbob)\npflaumbob has agreed to open team sheets.\n|inactive|pflaumbob has 60 seconds left.\n|inactive|pigduckeater has 60 seconds left.\n|\n|t:|1776698022\n|teamsize|p1|4\n|teamsize|p2|4\n|start\n|switch|p1a: Miraidon|Miraidon, L50|100/100\n|switch|p1b: Incineroar|Incineroar, L50, M|100/100\n|switch|p2a: Kyogre|Kyogre, L50|100/100\n|switch|p2b: Rillaboom|Rillaboom, L50, F|100/100\n|-fieldstart|move: Electric Terrain|[from] ability: Hadron Engine|[of] p1a: Miraidon\n|-ability|p1b: Incineroar|Intimidate|boost\n|-unboost|p2a: Kyogre|atk|1\n|-unboost|p2b: Rillaboom|atk|1\n|-weather|RainDance|[from] ability: Drizzle|[of] p2a: Kyogre\n|-fieldstart|move: Grassy Terrain|[from] ability: Grassy Surge|[of] p2b: Rillaboom\n|turn|1\n|\n|t:|1776698034\n|move|p1b: Incineroar|Fake Out|p2b: Rillaboom\n|-damage|p2b: Rillaboom|92/100\n|cant|p2b: Rillaboom|flinch\n|move|p1a: Miraidon|Electro Drift|p2a: Kyogre\n|-supereffective|p2a: Kyogre\n|-damage|p2a: Kyogre|0 fnt\n|faint|p2a: Kyogre\n|\n|-weather|RainDance|[upkeep]\n|-heal|p2b: Rillaboom|98/100|[from] Grassy Terrain\n|upkeep\n|\n|t:|1776698038\n|switch|p2a: Zamazenta|Zamazenta-Crowned, L50|100/100\n|-ability|p2a: Zamazenta|Dauntless Shield|boost\n|-boost|p2a: Zamazenta|def|1\n|turn|2\n|\n|t:|1776698053\n|move|p1a: Miraidon|Electro Drift|p2a: Zamazenta\n|-damage|p2a: Zamazenta|45/100\n|move|p2a: Zamazenta|Body Press|p1a: Miraidon\n|-damage|p1a: Miraidon|39/100\n|move|p1b: Incineroar|U-turn|p2b: Rillaboom\n|-supereffective|p2b: Rillaboom\n|-damage|p2b: Rillaboom|69/100\n|\n|t:|1776698064\n|switch|p1b: Landorus|Landorus, L50, M|100/100|[from] U-turn\n|move|p2b: Rillaboom|U-turn|p1a: Miraidon\n|-damage|p1a: Miraidon|26/100\n|\n|t:|1776698068\n|switch|p2b: Ditto|Ditto, L50|100/100|[from] U-turn\n|-transform|p2b: Ditto|p1a: Miraidon|[from] ability: Imposter\n|-fieldstart|move: Electric Terrain|[from] ability: Hadron Engine|[of] p2b: Ditto\n|\n|-weather|RainDance|[upkeep]\n|upkeep\n|turn|3\n|\n|t:|1776698081\n|switch|p1a: Incineroar|Incineroar, L50, M|100/100\n|-ability|p1a: Incineroar|Intimidate|boost\n|-unboost|p2a: Zamazenta|atk|1\n|-unboost|p2b: Ditto|atk|1\n|-terastallize|p2a: Zamazenta|Grass\n|move|p2b: Ditto|Draco Meteor|p1b: Landorus\n|-damage|p1b: Landorus|12/100\n|-unboost|p2b: Ditto|spa|2\n|move|p2a: Zamazenta|Body Press|p1a: Incineroar\n|-supereffective|p1a: Incineroar\n|-damage|p1a: Incineroar|0 fnt\n|faint|p1a: Incineroar\n|move|p1b: Landorus|Earth Power|p2b: Ditto\n|-supereffective|p2b: Ditto\n|-damage|p2b: Ditto|0 fnt\n|faint|p2b: Ditto\n|\n|-weather|RainDance|[upkeep]\n|upkeep\n|\n|t:|1776698096\n|switch|p1a: Miraidon|Miraidon, L50|26/100\n|switch|p2b: Rillaboom|Rillaboom, L50, F|69/100\n|-activate|p1a: Miraidon|ability: Hadron Engine\n|-fieldstart|move: Grassy Terrain|[from] ability: Grassy Surge|[of] p2b: Rillaboom\n|turn|4\n|inactive|pflaumbob has 30 seconds left.\n|inactive|pflaumbob has 20 seconds left.\n|inactive|pflaumbob has 15 seconds left.\n|inactive|pflaumbob has 10 seconds left.\n|\n|t:|1776698145\n|move|p2b: Rillaboom|Fake Out|p1a: Miraidon\n|-damage|p1a: Miraidon|15/100\n|cant|p1a: Miraidon|flinch\n|move|p2a: Zamazenta|Substitute|p2a: Zamazenta\n|-start|p2a: Zamazenta|Substitute\n|-damage|p2a: Zamazenta|20/100\n|move|p1b: Landorus|Sludge Bomb|p2b: Rillaboom\n|-supereffective|p2b: Rillaboom\n|-damage|p2b: Rillaboom|0 fnt\n|faint|p2b: Rillaboom\n|\n|-weather|RainDance|[upkeep]\n|-heal|p1a: Miraidon|20/100|[from] Grassy Terrain\n|-heal|p2a: Zamazenta|27/100|[from] Grassy Terrain\n|upkeep\n|turn|5\n|-message|pigduckeater forfeited.\n|\n|win|pflaumbob\n|raw|pflaumbob's rating: 1453 &rarr; <strong>1481</strong><br />(+28 for winning)\n|raw|pigduckeater's rating: 1597 &rarr; <strong>1569</strong><br />(-28 for losing)\n|l|\u2606pigduckeater\n|player|p2|\n|l|\u2606pflaumbob\n|player|p1|\n","uploadtime":1776698349,"views":7,"formatid":"gen9vgc2026regi","rating":1481,"private":0,"password":null}