{"id":"gen9vgc2026regi-2569682370","format":"[Gen 9] VGC 2026 Reg I","players":["Snowsquall brute","jkfrogz"],"log":"|j|\u2606Snowsquall brute\n|j|\u2606jkfrogz\n|t:|1774722617\n|gametype|doubles\n|player|p1|Snowsquall brute|veteran|1046\n|player|p2|jkfrogz|265|1070\n|gen|9\n|tier|[Gen 9] VGC 2026 Reg I\n|rated|\n|rule|Species Clause: Limit one of each Pok\u00e9mon\n|rule|Item Clause: Limit 1 of each item\n|clearpoke\n|poke|p1|Miraidon, L50|\n|poke|p1|Landorus-Therian, L50, M|\n|poke|p1|Kingambit, L50, M|\n|poke|p1|Lunala, L50|\n|poke|p2|Jumpluff, L50, M|\n|poke|p2|Koraidon, L50|\n|poke|p2|Bronzong, L50|\n|poke|p2|Ursaluna, L50, F|\n|poke|p2|Chien-Pao, L50|\n|poke|p2|Lunala, L50|\n|teampreview|4\n|\n|t:|1774722677\n|teamsize|p1|4\n|teamsize|p2|4\n|start\n|switch|p1a: Miraidon|Miraidon, L50|100/100\n|switch|p1b: Landorus|Landorus-Therian, L50, M|100/100\n|switch|p2a: Jumpluff|Jumpluff, L50, M|100/100\n|switch|p2b: Koraidon|Koraidon, L50|100/100\n|-weather|SunnyDay|[from] ability: Orichalcum Pulse|[of] p2b: Koraidon\n|-activate|p2b: Koraidon|Orichalcum Pulse|[source]\n|-fieldstart|move: Electric Terrain|[from] ability: Hadron Engine|[of] p1a: Miraidon\n|-enditem|p1a: Miraidon|Electric Seed\n|-boost|p1a: Miraidon|def|1|[from] item: Electric Seed\n|-ability|p1b: Landorus|Intimidate|boost\n|-unboost|p2a: Jumpluff|atk|1\n|-fail|p2b: Koraidon|unboost|[from] item: Clear Amulet|[of] p2b: Koraidon\n|turn|1\n|\n|t:|1774722721\n|switch|p1b: Lunala|Lunala, L50|100/100\n|move|p2a: Jumpluff|Protect|p2a: Jumpluff\n|-singleturn|p2a: Jumpluff|Protect\n|move|p2b: Koraidon|Protect|p2b: Koraidon\n|-singleturn|p2b: Koraidon|Protect\n|move|p1a: Miraidon|Parabolic Charge|p2a: Jumpluff|[spread] p1b\n|-activate|p2a: Jumpluff|move: Protect\n|-activate|p2b: Koraidon|move: Protect\n|-damage|p1b: Lunala|88/100\n|\n|-weather|SunnyDay|[upkeep]\n|upkeep\n|turn|2\n|\n|t:|1774722758\n|switch|p2b: Ursaluna|Ursaluna, L50, F|100/100\n|move|p2a: Jumpluff|Sleep Powder|p1a: Miraidon\n|-activate|p1a: Miraidon|move: Electric Terrain\n|move|p1a: Miraidon|Dragon Pulse|p2b: Ursaluna\n|-damage|p2b: Ursaluna|51/100\n|move|p1b: Lunala|Moongeist Beam|p2b: Ursaluna\n|-immune|p2b: Ursaluna\n|\n|-weather|SunnyDay|[upkeep]\n|-status|p2b: Ursaluna|brn|[from] item: Flame Orb\n|upkeep\n|turn|3\n|\n|t:|1774722792\n|switch|p1b: Landorus|Landorus-Therian, L50, M|100/100\n|-ability|p1b: Landorus|Intimidate|boost\n|-unboost|p2a: Jumpluff|atk|1\n|-unboost|p2b: Ursaluna|atk|1\n|move|p1a: Miraidon|Protect|p1a: Miraidon\n|-singleturn|p1a: Miraidon|Protect\n|move|p2a: Jumpluff|Pollen Puff|p2b: Ursaluna\n|-heal|p2b: Ursaluna|100/100 brn\n|move|p2b: Ursaluna|Earthquake|p1a: Miraidon|[spread] \n|-activate|p1a: Miraidon|move: Protect\n|-immune|p2a: Jumpluff\n|-immune|p1b: Landorus\n|\n|-weather|SunnyDay|[upkeep]\n|-damage|p2b: Ursaluna|95/100 brn|[from] brn\n|upkeep\n|turn|4\n|\n|t:|1774722837\n|switch|p1b: Lunala|Lunala, L50|88/100\n|move|p2a: Jumpluff|Protect|p2a: Jumpluff\n|-singleturn|p2a: Jumpluff|Protect\n|move|p1a: Miraidon|Dragon Pulse|p2b: Ursaluna\n|-damage|p2b: Ursaluna|45/100 brn\n|move|p2b: Ursaluna|Facade|p1a: Miraidon\n|-crit|p1a: Miraidon\n|-damage|p1a: Miraidon|0 fnt\n|faint|p1a: Miraidon\n|\n|-weather|SunnyDay|[upkeep]\n|-damage|p2b: Ursaluna|39/100 brn|[from] brn\n|upkeep\n|\n|t:|1774722845\n|switch|p1a: Landorus|Landorus-Therian, L50, M|100/100\n|-ability|p1a: Landorus|Intimidate|boost\n|-unboost|p2a: Jumpluff|atk|1\n|-unboost|p2b: Ursaluna|atk|1\n|turn|5\n|\n|t:|1774722874\n|move|p2a: Jumpluff|Pollen Puff|p2b: Ursaluna\n|-heal|p2b: Ursaluna|89/100 brn\n|move|p1b: Lunala|Moongeist Beam|p2a: Jumpluff\n|-damage|p2a: Jumpluff|43/100\n|move|p1a: Landorus|Rock Tomb|p2a: Jumpluff\n|-supereffective|p2a: Jumpluff\n|-damage|p2a: Jumpluff|0 fnt\n|faint|p2a: Jumpluff\n|move|p2b: Ursaluna|Facade|p1b: Lunala\n|-immune|p1b: Lunala\n|\n|-weather|none\n|-damage|p2b: Ursaluna|83/100 brn|[from] brn\n|-fieldend|move: Electric Terrain\n|upkeep\n|\n|t:|1774722896\n|switch|p2a: Koraidon|Koraidon, L50|100/100\n|-weather|SunnyDay|[from] ability: Orichalcum Pulse|[of] p2a: Koraidon\n|-activate|p2a: Koraidon|Orichalcum Pulse|[source]\n|turn|6\n|\n|t:|1774722936\n|-terastallize|p2a: Koraidon|Fire\n|move|p2a: Koraidon|Flare Blitz|p1a: Landorus\n|-damage|p1a: Landorus|0 fnt\n|faint|p1a: Landorus\n|-damage|p2a: Koraidon|64/100|[from] Recoil\n|move|p1b: Lunala|Moonblast|p2a: Koraidon\n|-resisted|p2a: Koraidon\n|-damage|p2a: Koraidon|43/100\n|move|p2b: Ursaluna|Fling|p1b: Lunala\n|-supereffective|p1b: Lunala\n|-damage|p1b: Lunala|57/100\n|-status|p1b: Lunala|brn\n|-enditem|p2b: Ursaluna|Flame Orb|[from] move: Fling\n|\n|-weather|SunnyDay|[upkeep]\n|-damage|p1b: Lunala|51/100 brn|[from] brn\n|-damage|p2b: Ursaluna|77/100 brn|[from] brn\n|upkeep\n|\n|t:|1774722940\n|switch|p1a: Kingambit|Kingambit, L50, M|100/100\n|turn|7\n|inactive|Battle timer is ON: inactive players will automatically lose when time's up. (requested by Snowsquall brute)\n|\n|t:|1774723014\n|move|p1a: Kingambit|Protect|p1a: Kingambit\n|-singleturn|p1a: Kingambit|Protect\n|move|p2b: Ursaluna|Protect|p2b: Ursaluna\n|-singleturn|p2b: Ursaluna|Protect\n|move|p2a: Koraidon|Flare Blitz|p1b: Lunala\n|-damage|p1b: Lunala|0 fnt\n|-damage|p2a: Koraidon|27/100|[from] item: Rocky Helmet|[of] p1b: Lunala\n|faint|p1b: Lunala\n|-damage|p2a: Koraidon|3/100|[from] Recoil\n|\n|-weather|SunnyDay|[upkeep]\n|-damage|p2b: Ursaluna|71/100 brn|[from] brn\n|upkeep\n|turn|8\n|-message|Snowsquall brute forfeited.\n|\n|win|jkfrogz\n|raw|Snowsquall brute's rating: 1102 &rarr; <strong>1075</strong><br />(-27 for losing)\n|raw|jkfrogz's rating: 1070 &rarr; <strong>1102</strong><br />(+32 for winning)\n|l|\u2606Snowsquall brute\n|player|p1|\n","uploadtime":1774723038,"views":11,"formatid":"gen9vgc2026regi","rating":1075,"private":0,"password":null}