{"id":"gen9vgc2026regi-2578118184","format":"[Gen 9] VGC 2026 Reg I","players":["Constantine123","fogdocker"],"log":"|j|\u2606Constantine123\n|j|\u2606fogdocker\n|html|<table width=\"100%\"><tr><td align=\"left\">Constantine123</td><td align=\"right\">fogdocker</tr><tr><td align=\"left\"><i class=\"fa fa-circle\"></i> <i class=\"fa fa-circle-o\"></i> </td><td align=\"right\"><i class=\"fa fa-circle-o\"></i> <i class=\"fa fa-circle\"></i> </tr></table>\n|uhtml|bestof|<h2><strong>Game 3</strong> of <a href=\"/game-bestof3-gen9vgc2026regi-2578113703\">a best-of-3</a></h2>\n|t:|1775650309\n|gametype|doubles\n|player|p1|Constantine123|dawn|\n|player|p2|fogdocker|1|\n|gen|9\n|tier|[Gen 9] VGC 2026 Reg I\n|rated|Tournament battle\n|rule|Species Clause: Limit one of each Pok\u00e9mon\n|rule|Item Clause: Limit 1 of each item\n|raw|<div class=\"infobox\"><details class=\"readmore\" open><summary><strong>4 custom rules:</strong></summary> Open Team Sheets, Force Open Team Sheets, !Open Team Sheets, Best of = 3</details></div>\n|clearpoke\n|poke|p1|Lunala, L50|\n|poke|p1|Miraidon, L50|\n|poke|p1|Whimsicott, L50, M|\n|poke|p1|Urshifu-*, L50, M|\n|poke|p1|Incineroar, L50, M|\n|poke|p1|Ursaluna, L50, M|\n|poke|p2|Calyrex-Ice, L50|\n|poke|p2|Koraidon, L50|\n|poke|p2|Flutter Mane, L50|\n|poke|p2|Incineroar, L50, M|\n|poke|p2|Rillaboom, L50, M|\n|poke|p2|Volcarona, L50, F|\n|teampreview|4\n|showteam|p1|Lunala||ElectricSeed|ShadowShield|MoongeistBeam,Moonblast,WideGuard,TrickRoom||||||50|,,,,,Fairy]Miraidon||LifeOrb|HadronEngine|ElectroDrift,VoltSwitch,DracoMeteor,Protect||||||50|,,,,,Electric]Whimsicott||CovertCloak|Prankster|Moonblast,Encore,LightScreen,Tailwind|||M|||50|,,,,,Water]Urshifu-Rapid-Strike||ChoiceBand|UnseenFist|SurgingStrikes,CloseCombat,AquaJet,Uturn|||M|||50|,,,,,Ghost]Incineroar||AssaultVest|Intimidate|FlareBlitz,KnockOff,Uturn,FakeOut|||M|||50|,,,,,Bug]Ursaluna||FlameOrb|Guts|Facade,HeadlongRush,Earthquake,Protect|||M|||50|,,,,,Ghost\n|showteam|p2|Calyrex-Ice||Leftovers|AsOneGlastrier|GlacialLance,LeechSeed,TrickRoom,Protect||||||50|,,,,,Water]Koraidon||LifeOrb|OrichalcumPulse|Protect,CloseCombat,FlareBlitz,FlameCharge||||||50|,,,,,Fire]Flutter Mane||FocusSash|Protosynthesis|Protect,Moonblast,ShadowBall,IcyWind||||||50|,,,,,Normal]Incineroar||SafetyGoggles|Intimidate|FakeOut,FlareBlitz,KnockOff,PartingShot|||M|||50|,,,,,Bug]Rillaboom||AssaultVest|GrassySurge|FakeOut,WoodHammer,GrassyGlide,Uturn|||M|||50|,,,,,Fire]Volcarona||RockyHelmet|FlameBody|StruggleBug,FieryDance,RagePowder,Protect|||F|||50|,,,,,Grass\n|inactive|Battle timer is ON: inactive players will automatically lose when time's up. (requested by Constantine123)\n|inactive|fogdocker has 60 seconds left.\n|j| elychee267\n|\n|t:|1775650364\n|teamsize|p1|4\n|teamsize|p2|4\n|start\n|switch|p1a: Lunala|Lunala, L50|100/100\n|switch|p1b: Incineroar|Incineroar, L50, M|100/100\n|switch|p2a: Koraidon|Koraidon, L50|100/100\n|switch|p2b: Flutter Mane|Flutter Mane, L50|100/100\n|-weather|SunnyDay|[from] ability: Orichalcum Pulse|[of] p2a: Koraidon\n|-activate|p2b: Flutter Mane|ability: Protosynthesis\n|-start|p2b: Flutter Mane|protosynthesisspe\n|-activate|p2a: Koraidon|Orichalcum Pulse|[source]\n|-ability|p1b: Incineroar|Intimidate|boost\n|-unboost|p2a: Koraidon|atk|1\n|-unboost|p2b: Flutter Mane|atk|1\n|turn|1\n|\n|t:|1775650381\n|-terastallize|p1a: Lunala|Fairy\n|move|p2a: Koraidon|Protect|p2a: Koraidon\n|-singleturn|p2a: Koraidon|Protect\n|move|p2b: Flutter Mane|Moonblast|p1a: Lunala\n|-damage|p1a: Lunala|84/100\n|move|p1b: Incineroar|U-turn|p2b: Flutter Mane\n|-resisted|p2b: Flutter Mane\n|-damage|p2b: Flutter Mane|89/100\n|\n|t:|1775650389\n|switch|p1b: Ursaluna|Ursaluna, L50, M|100/100|[from] U-turn\n|move|p1a: Lunala|Trick Room|p1a: Lunala\n|-fieldstart|move: Trick Room|[of] p1a: Lunala\n|\n|-weather|SunnyDay|[upkeep]\n|-status|p1b: Ursaluna|brn|[from] item: Flame Orb\n|upkeep\n|turn|2\n|\n|t:|1775650410\n|switch|p2a: Calyrex|Calyrex-Ice, L50|100/100\n|-ability|p2a: Calyrex|As One\n|-ability|p2a: Calyrex|Unnerve\n|move|p2b: Flutter Mane|Protect|p2b: Flutter Mane\n|-singleturn|p2b: Flutter Mane|Protect\n|move|p1b: Ursaluna|Facade|p2a: Calyrex\n|-damage|p2a: Calyrex|32/100\n|move|p1a: Lunala|Moongeist Beam|p2a: Calyrex\n|-supereffective|p2a: Calyrex\n|-damage|p2a: Calyrex|0 fnt\n|faint|p2a: Calyrex\n|\n|-weather|SunnyDay|[upkeep]\n|-damage|p1b: Ursaluna|94/100 brn|[from] brn\n|upkeep\n|\n|t:|1775650416\n|switch|p2a: Rillaboom|Rillaboom, L50, M|100/100\n|-fieldstart|move: Grassy Terrain|[from] ability: Grassy Surge|[of] p2a: Rillaboom\n|turn|3\n|\n|t:|1775650430\n|-terastallize|p2b: Flutter Mane|Normal\n|move|p2a: Rillaboom|Fake Out|p1b: Ursaluna\n|-damage|p1b: Ursaluna|85/100 brn\n|cant|p1b: Ursaluna|flinch\n|move|p1a: Lunala|Moongeist Beam|p2b: Flutter Mane\n|-immune|p2b: Flutter Mane\n|move|p2b: Flutter Mane|Moonblast|p1a: Lunala\n|-damage|p1a: Lunala|50/100\n|\n|-weather|SunnyDay|[upkeep]\n|-heal|p1b: Ursaluna|91/100 brn|[from] Grassy Terrain\n|-heal|p1a: Lunala|57/100|[from] Grassy Terrain\n|-heal|p2b: Flutter Mane|95/100|[from] Grassy Terrain\n|-damage|p1b: Ursaluna|85/100 brn|[from] brn\n|upkeep\n|turn|4\n|inactive|fogdocker has 30 seconds left.\n|\n|t:|1775650456\n|move|p2a: Rillaboom|Grassy Glide|p1b: Ursaluna\n|-supereffective|p1b: Ursaluna\n|-damage|p1b: Ursaluna|38/100 brn\n|move|p1b: Ursaluna|Facade|p2a: Rillaboom\n|-damage|p2a: Rillaboom|0 fnt\n|faint|p2a: Rillaboom\n|move|p1a: Lunala|Moongeist Beam|p2b: Flutter Mane\n|-immune|p2b: Flutter Mane\n|move|p2b: Flutter Mane|Moonblast|p1b: Ursaluna\n|-damage|p1b: Ursaluna|0 fnt\n|faint|p1b: Ursaluna\n|\n|-weather|SunnyDay|[upkeep]\n|-heal|p1a: Lunala|63/100|[from] Grassy Terrain\n|-heal|p2b: Flutter Mane|100/100|[from] Grassy Terrain\n|upkeep\n|\n|t:|1775650466\n|switch|p1b: Incineroar|Incineroar, L50, M|100/100\n|switch|p2a: Koraidon|Koraidon, L50|100/100\n|-ability|p1b: Incineroar|Intimidate|boost\n|-unboost|p2a: Koraidon|atk|1\n|-unboost|p2b: Flutter Mane|atk|1\n|-activate|p2a: Koraidon|ability: Orichalcum Pulse\n|turn|5\n|\n|t:|1775650476\n|switch|p1b: Miraidon|Miraidon, L50|100/100\n|-fieldstart|move: Electric Terrain|[from] ability: Hadron Engine|[of] p1b: Miraidon\n|-enditem|p1a: Lunala|Electric Seed\n|-boost|p1a: Lunala|def|1|[from] item: Electric Seed\n|move|p2a: Koraidon|Protect|p2a: Koraidon\n|-singleturn|p2a: Koraidon|Protect\n|move|p2b: Flutter Mane|Protect|p2b: Flutter Mane\n|-singleturn|p2b: Flutter Mane|Protect\n|move|p1a: Lunala|Moonblast|p2b: Flutter Mane\n|-activate|p2b: Flutter Mane|move: Protect\n|\n|-weather|none\n|-end|p2b: Flutter Mane|Protosynthesis\n|-fieldend|move: Trick Room\n|upkeep\n|turn|6\n|\n|t:|1775650500\n|switch|p1b: Incineroar|Incineroar, L50, M|100/100\n|-ability|p1b: Incineroar|Intimidate|boost\n|-unboost|p2a: Koraidon|atk|1\n|-unboost|p2b: Flutter Mane|atk|1\n|move|p2a: Koraidon|Flare Blitz|p1a: Lunala\n|-damage|p1a: Lunala|47/100\n|-damage|p2a: Koraidon|93/100|[from] Recoil\n|-damage|p2a: Koraidon|83/100|[from] item: Life Orb\n|move|p2b: Flutter Mane|Moonblast|p1a: Lunala\n|-crit|p1a: Lunala\n|-damage|p1a: Lunala|0 fnt\n|faint|p1a: Lunala\n|\n|upkeep\n|\n|t:|1775650510\n|switch|p1a: Miraidon|Miraidon, L50|100/100\n|-activate|p1a: Miraidon|ability: Hadron Engine\n|turn|7\n|\n|t:|1775650515\n|move|p2a: Koraidon|Protect|p2a: Koraidon\n|-singleturn|p2a: Koraidon|Protect\n|move|p2b: Flutter Mane|Protect|p2b: Flutter Mane\n|-singleturn|p2b: Flutter Mane|Protect\n|move|p1a: Miraidon|Draco Meteor|p2a: Koraidon\n|-activate|p2a: Koraidon|move: Protect\n|move|p1b: Incineroar|Knock Off|p2b: Flutter Mane\n|-activate|p2b: Flutter Mane|move: Protect\n|\n|upkeep\n|turn|8\n|\n|t:|1775650524\n|move|p2b: Flutter Mane|Moonblast|p1a: Miraidon\n|-supereffective|p1a: Miraidon\n|-damage|p1a: Miraidon|3/100\n|-unboost|p1a: Miraidon|spa|1\n|move|p2a: Koraidon|Close Combat|p1b: Incineroar\n|-supereffective|p1b: Incineroar\n|-damage|p1b: Incineroar|29/100\n|-unboost|p2a: Koraidon|def|1\n|-unboost|p2a: Koraidon|spd|1\n|-damage|p2a: Koraidon|74/100|[from] item: Life Orb\n|move|p1a: Miraidon|Draco Meteor|p2a: Koraidon\n|-supereffective|p2a: Koraidon\n|-damage|p2a: Koraidon|0 fnt\n|-unboost|p1a: Miraidon|spa|2\n|faint|p2a: Koraidon\n|-damage|p1a: Miraidon|0 fnt|[from] item: Life Orb\n|faint|p1a: Miraidon\n|move|p1b: Incineroar|Knock Off|p2b: Flutter Mane\n|-damage|p2b: Flutter Mane|1/100\n|-enditem|p2b: Flutter Mane|Focus Sash|[from] move: Knock Off|[of] p1b: Incineroar\n|\n|upkeep\n|turn|9\n|\n|t:|1775650534\n|move|p2b: Flutter Mane|Moonblast|p1b: Incineroar\n|-damage|p1b: Incineroar|0 fnt\n|faint|p1b: Incineroar\n|\n|win|fogdocker\n|l|\u2606fogdocker\n|player|p2|\n|l|\u2606Constantine123\n|player|p1|\n|l| elychee267\n|j|\u2606Constantine123\n|player|p1|Constantine123|dawn|\n","uploadtime":1775650581,"views":7,"formatid":"gen9vgc2026regi","rating":null,"private":0,"password":null}