{"id":"gen9vgc2026regi-2544195121","format":"[Gen 9] VGC 2026 Reg I","players":["123456ag","Bef6"],"log":"|j|\u2606123456ag\n|j|\u2606Bef6\n|t:|1771675921\n|gametype|doubles\n|player|p1|123456ag|swimmerf-gen4dp|1554\n|player|p2|Bef6|265|1511\n|gen|9\n|tier|[Gen 9] VGC 2026 Reg I\n|rated|\n|rule|Species Clause: Limit one of each Pok\u00e9mon\n|rule|Item Clause: Limit 1 of each item\n|clearpoke\n|poke|p1|Calyrex-Ice, L50|\n|poke|p1|Miraidon, L50|\n|poke|p1|Incineroar, L50, M|\n|poke|p1|Urshifu-*, L50, F|\n|poke|p1|Grimmsnarl, L50, M|\n|poke|p1|Landorus, L50, M|\n|poke|p2|Ho-Oh, L50|\n|poke|p2|Koraidon, L50|\n|poke|p2|Flutter Mane, L50|\n|poke|p2|Incineroar, L50, M|\n|poke|p2|Raging Bolt, L50|\n|poke|p2|Rhydon, L50, F|\n|teampreview|4\n|\n|t:|1771675949\n|teamsize|p1|4\n|teamsize|p2|4\n|start\n|switch|p1a: Miraidon|Miraidon, L50|100/100\n|switch|p1b: Grimmsnarl|Grimmsnarl, L50, M|100/100\n|switch|p2a: Flutter Mane|Flutter Mane, L50|100/100\n|switch|p2b: Koraidon|Koraidon, L50|100/100\n|-weather|SunnyDay|[from] ability: Orichalcum Pulse|[of] p2b: Koraidon\n|-activate|p2a: Flutter Mane|ability: Protosynthesis\n|-start|p2a: Flutter Mane|protosynthesisspe\n|-activate|p2b: Koraidon|Orichalcum Pulse|[source]\n|-fieldstart|move: Electric Terrain|[from] ability: Hadron Engine|[of] p1a: Miraidon\n|turn|1\n|\n|t:|1771675976\n|switch|p2b: Ho-Oh|Ho-Oh, L50|100/100\n|-terastallize|p1a: Miraidon|Fairy\n|move|p1b: Grimmsnarl|Thunder Wave|p2a: Flutter Mane|[miss]\n|-miss|p1b: Grimmsnarl|p2a: Flutter Mane\n|move|p2a: Flutter Mane|Moonblast|p1a: Miraidon\n|-crit|p1a: Miraidon\n|-damage|p1a: Miraidon|39/100\n|move|p1a: Miraidon|Dazzling Gleam|p2a: Flutter Mane|[spread] p2a,p2b\n|-resisted|p2b: Ho-Oh\n|-damage|p2a: Flutter Mane|54/100\n|-damage|p2b: Ho-Oh|88/100\n|\n|-weather|SunnyDay|[upkeep]\n|upkeep\n|turn|2\n|\n|t:|1771675997\n|move|p1b: Grimmsnarl|Thunder Wave|p2a: Flutter Mane\n|-status|p2a: Flutter Mane|par\n|move|p1a: Miraidon|Volt Switch|p2b: Ho-Oh\n|-supereffective|p2b: Ho-Oh\n|-damage|p2b: Ho-Oh|13/100\n|\n|t:|1771676004\n|switch|p1a: Incineroar|Incineroar, L50, M|100/100|[from] Volt Switch\n|-ability|p1a: Incineroar|Intimidate|boost\n|-unboost|p2a: Flutter Mane|atk|1\n|-fail|p2b: Ho-Oh|unboost|[from] item: Clear Amulet|[of] p2b: Ho-Oh\n|move|p2a: Flutter Mane|Moonblast|p1b: Grimmsnarl\n|-supereffective|p1b: Grimmsnarl\n|-damage|p1b: Grimmsnarl|10/100\n|move|p2b: Ho-Oh|Sacred Fire|p1a: Incineroar\n|-resisted|p1a: Incineroar\n|-damage|p1a: Incineroar|72/100\n|\n|-weather|SunnyDay|[upkeep]\n|upkeep\n|turn|3\n|\n|t:|1771676029\n|switch|p2b: Incineroar|Incineroar, L50, M|100/100\n|-ability|p2b: Incineroar|Intimidate|boost\n|-unboost|p1a: Incineroar|atk|1\n|-unboost|p1b: Grimmsnarl|atk|1\n|move|p1b: Grimmsnarl|Reflect|p1b: Grimmsnarl\n|-sidestart|p1: 123456ag|Reflect\n|cant|p2a: Flutter Mane|par\n|move|p1a: Incineroar|U-turn|p2b: Incineroar\n|-damage|p2b: Incineroar|90/100\n|\n|t:|1771676045\n|switch|p1a: Miraidon|Miraidon, L50, tera:Fairy|39/100|[from] U-turn\n|-activate|p1a: Miraidon|ability: Hadron Engine\n|\n|-weather|SunnyDay|[upkeep]\n|upkeep\n|turn|4\n|\n|t:|1771676060\n|switch|p1b: Incineroar|Incineroar, L50, M|72/100\n|-ability|p1b: Incineroar|Intimidate|boost\n|-unboost|p2a: Flutter Mane|atk|1\n|-unboost|p2b: Incineroar|atk|1\n|move|p2b: Incineroar|Fake Out|p1a: Miraidon\n|-damage|p1a: Miraidon|34/100\n|move|p1a: Miraidon|Volt Switch|p2a: Flutter Mane\n|-damage|p2a: Flutter Mane|0 fnt\n|faint|p2a: Flutter Mane\n|-end|p2a: Flutter Mane|Protosynthesis|[silent]\n|\n|t:|1771676079\n|switch|p1a: Grimmsnarl|Grimmsnarl, L50, M|10/100|[from] Volt Switch\n|\n|-weather|SunnyDay|[upkeep]\n|upkeep\n|\n|t:|1771676084\n|switch|p2a: Ho-Oh|Ho-Oh, L50|46/100\n|turn|5\n|\n|t:|1771676101\n|move|p1a: Grimmsnarl|Thunder Wave|p2a: Ho-Oh\n|-status|p2a: Ho-Oh|par\n|move|p2b: Incineroar|Flare Blitz|p1a: Grimmsnarl\n|-damage|p1a: Grimmsnarl|0 fnt\n|faint|p1a: Grimmsnarl\n|-damage|p2b: Incineroar|87/100|[from] Recoil\n|move|p1b: Incineroar|U-turn|p2b: Incineroar\n|-damage|p2b: Incineroar|72/100\n|\n|t:|1771676112\n|switch|p1b: Calyrex|Calyrex-Ice, L50|100/100|[from] U-turn\n|-ability|p1b: Calyrex|As One\n|-ability|p1b: Calyrex|Unnerve\n|move|p2a: Ho-Oh|Sacred Fire|p1b: Calyrex\n|-supereffective|p1b: Calyrex\n|-damage|p1b: Calyrex|34/100\n|\n|-weather|none\n|-heal|p1b: Calyrex|40/100|[from] item: Leftovers\n|-fieldend|move: Electric Terrain\n|upkeep\n|\n|t:|1771676128\n|switch|p1a: Miraidon|Miraidon, L50, tera:Fairy|34/100\n|-fieldstart|move: Electric Terrain|[from] ability: Hadron Engine|[of] p1a: Miraidon\n|turn|6\n|\n|t:|1771676157\n|move|p1a: Miraidon|Volt Switch|p2b: Incineroar\n|-damage|p2b: Incineroar|17/100\n|\n|t:|1771676160\n|switch|p1a: Incineroar|Incineroar, L50, M|72/100|[from] Volt Switch\n|-ability|p1a: Incineroar|Intimidate|boost\n|-fail|p2a: Ho-Oh|unboost|[from] item: Clear Amulet|[of] p2a: Ho-Oh\n|-unboost|p2b: Incineroar|atk|1\n|move|p2b: Incineroar|Parting Shot|p1b: Calyrex\n|-unboost|p1b: Calyrex|atk|1\n|-unboost|p1b: Calyrex|spa|1\n|\n|t:|1771676168\n|switch|p2b: Koraidon|Koraidon, L50|100/100|[from] Parting Shot\n|-weather|SunnyDay|[from] ability: Orichalcum Pulse|[of] p2b: Koraidon\n|-activate|p2b: Koraidon|Orichalcum Pulse|[source]\n|move|p1b: Calyrex|Glacial Lance|p2a: Ho-Oh|[spread] p2a,p2b\n|-supereffective|p2b: Koraidon\n|-damage|p2a: Ho-Oh|17/100 par\n|-damage|p2b: Koraidon|39/100\n|move|p2a: Ho-Oh|Sacred Fire|p1b: Calyrex\n|-supereffective|p1b: Calyrex\n|-damage|p1b: Calyrex|0 fnt\n|faint|p1b: Calyrex\n|\n|-weather|SunnyDay|[upkeep]\n|upkeep\n|\n|t:|1771676183\n|switch|p1b: Miraidon|Miraidon, L50, tera:Fairy|34/100\n|-activate|p1b: Miraidon|ability: Hadron Engine\n|turn|7\n|\n|t:|1771676196\n|move|p2b: Koraidon|Protect|p2b: Koraidon\n|-singleturn|p2b: Koraidon|Protect\n|move|p1a: Incineroar|Fake Out|p2b: Koraidon\n|-activate|p2b: Koraidon|move: Protect\n|move|p1b: Miraidon|Dazzling Gleam|p2a: Ho-Oh|[spread] p2a\n|-activate|p2b: Koraidon|move: Protect\n|-resisted|p2a: Ho-Oh\n|-damage|p2a: Ho-Oh|4/100 par\n|move|p2a: Ho-Oh|Sacred Fire|p1b: Miraidon|[miss]\n|-miss|p2a: Ho-Oh|p1b: Miraidon\n|\n|-weather|SunnyDay|[upkeep]\n|upkeep\n|turn|8\n|\n|t:|1771676230\n|switch|p2a: Incineroar|Incineroar, L50, M|17/100\n|-ability|p2a: Incineroar|Intimidate|boost\n|-unboost|p1a: Incineroar|atk|1\n|-unboost|p1b: Miraidon|atk|1\n|move|p1b: Miraidon|Protect|p1b: Miraidon\n|-singleturn|p1b: Miraidon|Protect\n|move|p2b: Koraidon|Flare Blitz|p1b: Miraidon\n|-activate|p1b: Miraidon|move: Protect\n|move|p1a: Incineroar|Knock Off|p2b: Koraidon\n|-resisted|p2b: Koraidon\n|-damage|p2b: Koraidon|27/100\n|-enditem|p2b: Koraidon|Life Orb|[from] move: Knock Off|[of] p1a: Incineroar\n|\n|-weather|SunnyDay|[upkeep]\n|upkeep\n|turn|9\n|\n|t:|1771676250\n|move|p2a: Incineroar|Fake Out|p1a: Incineroar\n|-damage|p1a: Incineroar|67/100\n|move|p2b: Koraidon|Flare Blitz|p1b: Miraidon\n|-damage|p1b: Miraidon|0 fnt\n|faint|p1b: Miraidon\n|-damage|p2b: Koraidon|14/100|[from] Recoil\n|cant|p1a: Incineroar|flinch\n|\n|-weather|SunnyDay|[upkeep]\n|upkeep\n|turn|10\n|-message|123456ag forfeited.\n|\n|win|Bef6\n|raw|123456ag's rating: 1554 &rarr; <strong>1532</strong><br />(-22 for losing)\n|raw|Bef6's rating: 1511 &rarr; <strong>1533</strong><br />(+22 for winning)\n|l|\u2606123456ag\n|player|p1|\n|l|\u2606Bef6\n|player|p2|\n","uploadtime":1771676469,"views":52,"formatid":"gen9vgc2026regi","rating":1532,"private":0,"password":null}