{"id":"gen9vgc2026regi-2566680444","format":"[Gen 9] VGC 2026 Reg I","players":["curfy324","joymaxxing"],"log":"|j|\u2606curfy324\n|j|\u2606joymaxxing\n|t:|1774397573\n|gametype|doubles\n|player|p1|curfy324|266|1413\n|player|p2|joymaxxing|169|1557\n|gen|9\n|tier|[Gen 9] VGC 2026 Reg I\n|rated|\n|rule|Species Clause: Limit one of each Pok\u00e9mon\n|rule|Item Clause: Limit 1 of each item\n|clearpoke\n|poke|p1|Zacian-*, L50|\n|poke|p1|Kyogre, L50|\n|poke|p1|Urshifu-*, L50, M|\n|poke|p1|Roaring Moon, L50|\n|poke|p1|Rillaboom, L50, M|\n|poke|p1|Volcarona, L50, F|\n|poke|p2|Koraidon, L50|\n|poke|p2|Lunala, L50|\n|poke|p2|Flutter Mane, L50|\n|poke|p2|Incineroar, L50, F|\n|poke|p2|Ogerpon-Wellspring, L50, F|\n|poke|p2|Ursaluna, L50, F|\n|teampreview|4\n|inactive|Battle timer is ON: inactive players will automatically lose when time's up. (requested by curfy324)\n|\n|t:|1774397599\n|teamsize|p1|4\n|teamsize|p2|4\n|start\n|switch|p1a: Rillaboom|Rillaboom, L50, M, shiny|100/100\n|switch|p1b: Urshifu|Urshifu-Rapid-Strike, L50, M|100/100\n|switch|p2a: Jewelry Margherita|Incineroar, L50, F, shiny|100/100\n|switch|p2b: Going Merry|Lunala, L50|100/100\n|-fieldstart|move: Grassy Terrain|[from] ability: Grassy Surge|[of] p1a: Rillaboom\n|-ability|p2a: Jewelry Margherita|Intimidate|boost\n|-unboost|p1a: Rillaboom|atk|1\n|-unboost|p1b: Urshifu|atk|1\n|turn|1\n|\n|t:|1774397613\n|switch|p2a: Thousand Sunny|Koraidon, L50|100/100\n|-weather|SunnyDay|[from] ability: Orichalcum Pulse|[of] p2a: Thousand Sunny\n|-activate|p2a: Thousand Sunny|Orichalcum Pulse|[source]\n|move|p1a: Rillaboom|Fake Out|p2a: Thousand Sunny\n|-damage|p2a: Thousand Sunny|93/100\n|move|p1b: Urshifu|Taunt|p2b: Going Merry\n|-start|p2b: Going Merry|move: Taunt\n|move|p2b: Going Merry|Moonblast|p1b: Urshifu\n|-supereffective|p1b: Urshifu\n|-damage|p1b: Urshifu|15/100\n|-unboost|p1b: Urshifu|spa|1\n|\n|-weather|SunnyDay|[upkeep]\n|-heal|p2a: Thousand Sunny|99/100|[from] Grassy Terrain\n|-heal|p1b: Urshifu|21/100|[from] Grassy Terrain\n|upkeep\n|turn|2\n|\n|t:|1774397634\n|move|p1b: Urshifu|Detect|p1b: Urshifu\n|-singleturn|p1b: Urshifu|Protect\n|move|p2a: Thousand Sunny|Close Combat|p1a: Rillaboom\n|-damage|p1a: Rillaboom|0 fnt\n|-unboost|p2a: Thousand Sunny|def|1\n|-unboost|p2a: Thousand Sunny|spd|1\n|faint|p1a: Rillaboom\n|-damage|p2a: Thousand Sunny|89/100|[from] item: Life Orb\n|move|p2b: Going Merry|Moongeist Beam|p1b: Urshifu\n|-activate|p1b: Urshifu|move: Protect\n|\n|-weather|SunnyDay|[upkeep]\n|-heal|p2a: Thousand Sunny|95/100|[from] Grassy Terrain\n|-heal|p1b: Urshifu|27/100|[from] Grassy Terrain\n|upkeep\n|\n|t:|1774397652\n|switch|p1a: Zacian|Zacian-Crowned, L50, shiny|100/100\n|-ability|p1a: Zacian|Intrepid Sword|boost\n|-boost|p1a: Zacian|atk|1\n|turn|3\n|\n|t:|1774397671\n|switch|p2a: Jewelry Margherita|Incineroar, L50, F, shiny|100/100\n|-ability|p2a: Jewelry Margherita|Intimidate|boost\n|-unboost|p1a: Zacian|atk|1\n|-unboost|p1b: Urshifu|atk|1\n|switch|p1b: Kyogre|Kyogre, L50|100/100\n|-weather|RainDance|[from] ability: Drizzle|[of] p1b: Kyogre\n|move|p1a: Zacian|Swords Dance|p1a: Zacian\n|-boost|p1a: Zacian|atk|2\n|move|p2b: Going Merry|Moongeist Beam|p1b: Kyogre\n|-damage|p1b: Kyogre|62/100\n|\n|-weather|RainDance|[upkeep]\n|-heal|p1b: Kyogre|68/100|[from] Grassy Terrain\n|-end|p2b: Going Merry|move: Taunt\n|upkeep\n|turn|4\n|inactive|curfy324 has 30 seconds left.\n|inactive|curfy324 has 20 seconds left.\n|\n|t:|1774397706\n|-terastallize|p1a: Zacian|Fairy\n|move|p2a: Jewelry Margherita|Fake Out|p1b: Kyogre\n|-damage|p1b: Kyogre|57/100\n|move|p1a: Zacian|Play Rough|p2a: Jewelry Margherita\n|-damage|p2a: Jewelry Margherita|0 fnt\n|faint|p2a: Jewelry Margherita\n|cant|p1b: Kyogre|flinch\n|move|p2b: Going Merry|Trick Room|p2b: Going Merry\n|-fieldstart|move: Trick Room|[of] p2b: Going Merry\n|\n|-weather|RainDance|[upkeep]\n|-heal|p1b: Kyogre|64/100|[from] Grassy Terrain\n|upkeep\n|inactive|joymaxxing has 30 seconds left.\n|\n|t:|1774397738\n|switch|p2a: Oro Jackson|Ursaluna, L50, F, shiny|100/100\n|turn|5\n|inactive|joymaxxing has 30 seconds left.\n|inactive|joymaxxing has 20 seconds left.\n|inactive|joymaxxing has 15 seconds left.\n|inactive|joymaxxing has 10 seconds left.\n|inactive|joymaxxing has 5 seconds left.\n|l|\u2606joymaxxing\n|inactive|joymaxxing disconnected and has a minute to reconnect!\n|player|p2|\n|-message|joymaxxing lost due to inactivity.\n|\n|win|curfy324\n|raw|curfy324's rating: 1413 &rarr; <strong>1441</strong><br />(+28 for winning)\n|raw|joymaxxing's rating: 1557 &rarr; <strong>1529</strong><br />(-28 for losing)\n|l|\u2606curfy324\n|player|p1|\n","uploadtime":1774398049,"views":6,"formatid":"gen9vgc2026regi","rating":1441,"private":0,"password":null}