{"id":"gen9vgc2026regi-2545640400","format":"[Gen 9] VGC 2026 Reg I","players":["ryo8989","Zkprep"],"log":"|j|\u2606ryo8989\n|j|\u2606Zkprep\n|t:|1771870991\n|gametype|doubles\n|player|p1|ryo8989|erika|1445\n|player|p2|Zkprep|1|1435\n|gen|9\n|tier|[Gen 9] VGC 2026 Reg I\n|rated|\n|rule|Species Clause: Limit one of each Pok\u00e9mon\n|rule|Item Clause: Limit 1 of each item\n|clearpoke\n|poke|p1|Calyrex-Shadow, L50|\n|poke|p1|Zamazenta-*, L50|\n|poke|p1|Raging Bolt, L50|\n|poke|p1|Tornadus, L50, M|\n|poke|p1|Urshifu-*, L50, F|\n|poke|p1|Indeedee-F, L50, F|\n|poke|p2|Calyrex-Shadow, L50|\n|poke|p2|Miraidon, L50|\n|poke|p2|Whimsicott, L50, F|\n|poke|p2|Chien-Pao, L50|\n|poke|p2|Heatran, L50, F|\n|poke|p2|Ogerpon-Wellspring, L50, F|\n|teampreview|4\n|inactive|Battle timer is ON: inactive players will automatically lose when time's up. (requested by Zkprep)\n|\n|t:|1771871012\n|teamsize|p1|4\n|teamsize|p2|4\n|start\n|switch|p1a: Calyrex|Calyrex-Shadow, L50|100/100\n|switch|p1b: Indeedee|Indeedee-F, L50, F|100/100\n|switch|p2a: Calyrex|Calyrex-Shadow, L50|100/100\n|switch|p2b: Whimsicott|Whimsicott, L50, F|100/100\n|-ability|p2a: Calyrex|As One\n|-ability|p2a: Calyrex|Unnerve\n|-ability|p1a: Calyrex|As One\n|-ability|p1a: Calyrex|Unnerve\n|-fieldstart|move: Psychic Terrain|[from] ability: Psychic Surge|[of] p1b: Indeedee\n|turn|1\n|inactive|ryo8989 has 30 seconds left.\n|inactive|Zkprep has 30 seconds left.\n|inactive|Zkprep has 20 seconds left.\n|\n|t:|1771871049\n|move|p2a: Calyrex|Astral Barrage|p1a: Calyrex|[spread] p1a\n|-immune|p1b: Indeedee\n|-supereffective|p1a: Calyrex\n|-enditem|p1a: Calyrex|Focus Sash\n|-damage|p1a: Calyrex|1/100\n|move|p1a: Calyrex|Astral Barrage|p2b: Whimsicott|[spread] p2a,p2b\n|-supereffective|p2a: Calyrex\n|-enditem|p2a: Calyrex|Focus Sash\n|-damage|p2a: Calyrex|1/100\n|-damage|p2b: Whimsicott|19/100\n|move|p2b: Whimsicott|Moonblast|p1a: Calyrex\n|-damage|p1a: Calyrex|0 fnt\n|faint|p1a: Calyrex\n|move|p1b: Indeedee|Trick Room|p1b: Indeedee\n|-fieldstart|move: Trick Room|[of] p1b: Indeedee\n|\n|upkeep\n|\n|t:|1771871067\n|switch|p1a: Zamazenta|Zamazenta-Crowned, L50, shiny|100/100\n|-ability|p1a: Zamazenta|Dauntless Shield|boost\n|-boost|p1a: Zamazenta|def|1\n|turn|2\n|\n|t:|1771871082\n|switch|p2a: Miraidon|Miraidon, L50|100/100\n|-fieldstart|move: Electric Terrain|[from] ability: Hadron Engine|[of] p2a: Miraidon\n|move|p1b: Indeedee|Follow Me|p1b: Indeedee\n|-singleturn|p1b: Indeedee|move: Follow Me\n|move|p2b: Whimsicott|Encore|p1b: Indeedee\n|-start|p1b: Indeedee|Encore\n|move|p1a: Zamazenta|Heavy Slam|p2a: Miraidon\n|-resisted|p2a: Miraidon\n|-damage|p2a: Miraidon|84/100\n|\n|upkeep\n|turn|3\n|inactive|Zkprep has 30 seconds left.\n|inactive|Zkprep has 20 seconds left.\n|inactive|Zkprep has 15 seconds left.\n|inactive|Zkprep has 10 seconds left.\n|inactive|Zkprep has 5 seconds left.\n|\n|t:|1771871137\n|switch|p1b: Raging Bolt|Raging Bolt, L50|100/100\n|-enditem|p1b: Raging Bolt|Booster Energy\n|-activate|p1b: Raging Bolt|ability: Protosynthesis|[fromitem]\n|-start|p1b: Raging Bolt|protosynthesisspa\n|switch|p2b: Chien-Pao|Chien-Pao, L50|100/100\n|-ability|p2b: Chien-Pao|Sword of Ruin\n|switch|p2a: Calyrex|Calyrex-Shadow, L50|1/100\n|-ability|p2a: Calyrex|As One\n|-ability|p2a: Calyrex|Unnerve\n|move|p1a: Zamazenta|Protect||[still]\n|-fail|p1a: Zamazenta\n|\n|upkeep\n|turn|4\n|inactive|Zkprep has 30 seconds left.\n|inactive|Zkprep has 20 seconds left.\n|inactive|Zkprep has 15 seconds left.\n|inactive|Zkprep has 10 seconds left.\n|inactive|Zkprep has 5 seconds left.\n|\n|t:|1771871189\n|-terastallize|p2a: Calyrex|Fighting\n|move|p2b: Chien-Pao|Sucker Punch|p1b: Raging Bolt\n|-damage|p1b: Raging Bolt|50/100\n|move|p1b: Raging Bolt|Dragon Pulse|p2a: Calyrex\n|-damage|p2a: Calyrex|0 fnt\n|faint|p2a: Calyrex\n|move|p1a: Zamazenta|Heavy Slam|p2b: Chien-Pao\n|-supereffective|p2b: Chien-Pao\n|-damage|p2b: Chien-Pao|0 fnt\n|faint|p2b: Chien-Pao\n|\n|upkeep\n|\n|t:|1771871202\n|switch|p2b: Miraidon|Miraidon, L50|84/100\n|switch|p2a: Whimsicott|Whimsicott, L50, F|19/100\n|-activate|p2b: Miraidon|ability: Hadron Engine\n|turn|5\n|inactive|Zkprep has 30 seconds left.\n|inactive|Zkprep has 20 seconds left.\n|inactive|Zkprep has 15 seconds left.\n|inactive|Zkprep has 10 seconds left.\n|\n|t:|1771871248\n|-end|p1b: Raging Bolt|Protosynthesis|[silent]\n|switch|p1b: Indeedee|Indeedee-F, L50, F|100/100\n|-fieldstart|move: Psychic Terrain|[from] ability: Psychic Surge|[of] p1b: Indeedee\n|move|p1a: Zamazenta|Heavy Slam|p2a: Whimsicott\n|-supereffective|p2a: Whimsicott\n|-damage|p2a: Whimsicott|0 fnt\n|faint|p2a: Whimsicott\n|move|p2b: Miraidon|Overheat|p1a: Zamazenta\n|-supereffective|p1a: Zamazenta\n|-crit|p1a: Zamazenta\n|-damage|p1a: Zamazenta|11/100\n|-unboost|p2b: Miraidon|spa|2\n|\n|-fieldend|move: Trick Room\n|upkeep\n|turn|6\n|\n|t:|1771871268\n|move|p1b: Indeedee|Follow Me|p1b: Indeedee\n|-singleturn|p1b: Indeedee|move: Follow Me\n|move|p2b: Miraidon|Dazzling Gleam|p1b: Indeedee|[spread] p1a,p1b\n|-damage|p1a: Zamazenta|4/100\n|-damage|p1b: Indeedee|90/100\n|move|p1a: Zamazenta|Body Press|p2b: Miraidon\n|-damage|p2b: Miraidon|16/100\n|\n|upkeep\n|turn|7\n|\n|t:|1771871280\n|move|p2b: Miraidon|Dazzling Gleam|p1a: Zamazenta|[spread] p1a,p1b\n|-damage|p1a: Zamazenta|0 fnt\n|-damage|p1b: Indeedee|80/100\n|faint|p1a: Zamazenta\n|move|p1b: Indeedee|Psychic|p2b: Miraidon\n|-damage|p2b: Miraidon|0 fnt\n|faint|p2b: Miraidon\n|\n|win|ryo8989\n|raw|ryo8989's rating: 1445 &rarr; <strong>1464</strong><br />(+19 for winning)\n|raw|Zkprep's rating: 1435 &rarr; <strong>1416</strong><br />(-19 for losing)\n|l|\u2606ryo8989\n|player|p1|\n|l|\u2606Zkprep\n|player|p2|\n","uploadtime":1771871511,"views":14,"formatid":"gen9vgc2026regi","rating":1416,"private":0,"password":null}