{"id":"gen9vgc2026regi-2552321194","format":"[Gen 9] VGC 2026 Reg I","players":["drive stone","Iron Bouldering"],"log":"|j|\u2606drive stone\n|j|\u2606Iron Bouldering\n|t:|1772707798\n|gametype|doubles\n|player|p1|drive stone|cilan|1500\n|player|p2|Iron Bouldering|170|1332\n|gen|9\n|tier|[Gen 9] VGC 2026 Reg I\n|rated|\n|rule|Species Clause: Limit one of each Pok\u00e9mon\n|rule|Item Clause: Limit 1 of each item\n|clearpoke\n|poke|p1|Calyrex-Ice, L50|\n|poke|p1|Farigiraf, L50, M|\n|poke|p1|Scraggy, L50, F|\n|poke|p1|Iron Treads, L50|\n|poke|p1|Iron Hands, L50|\n|poke|p1|Miraidon, L50|\n|poke|p2|Calyrex-Ice, L50|\n|poke|p2|Flutter Mane, L50|\n|poke|p2|Chi-Yu, L50|\n|poke|p2|Incineroar, L50, F|\n|poke|p2|Koraidon, L50|\n|poke|p2|Raging Bolt, L50|\n|teampreview|4\n|inactive|Battle timer is ON: inactive players will automatically lose when time's up. (requested by Iron Bouldering)\n|inactive|drive stone has 60 seconds left.\n|inactive|drive stone has 30 seconds left.\n|\n|t:|1772707867\n|teamsize|p1|4\n|teamsize|p2|4\n|start\n|switch|p1a: Scraggy|Scraggy, L50, F|100/100\n|switch|p1b: Calyrex|Calyrex-Ice, L50|100/100\n|switch|p2a: Flutter Mane|Flutter Mane, L50|100/100\n|switch|p2b: Koraidon|Koraidon, L50|100/100\n|-ability|p1b: Calyrex|As One\n|-ability|p1b: Calyrex|Unnerve\n|-weather|SunnyDay|[from] ability: Orichalcum Pulse|[of] p2b: Koraidon\n|-activate|p2a: Flutter Mane|ability: Protosynthesis\n|-start|p2a: Flutter Mane|protosynthesisspe\n|-activate|p2b: Koraidon|Orichalcum Pulse|[source]\n|-ability|p1a: Scraggy|Intimidate|boost\n|-unboost|p2a: Flutter Mane|atk|1\n|-fail|p2b: Koraidon|unboost|[from] item: Clear Amulet|[of] p2b: Koraidon\n|turn|1\n|\n|t:|1772707887\n|-terastallize|p2b: Koraidon|Fire\n|move|p1a: Scraggy|Fake Out|p2b: Koraidon\n|-damage|p2b: Koraidon|94/100\n|move|p2a: Flutter Mane|Taunt|p1b: Calyrex\n|-start|p1b: Calyrex|move: Taunt\n|cant|p2b: Koraidon|flinch\n|cant|p1b: Calyrex|move: Taunt|Trick Room\n|\n|-weather|SunnyDay|[upkeep]\n|upkeep\n|turn|2\n|inactive|drive stone has 30 seconds left.\n|\n|t:|1772707914\n|-terastallize|p1b: Calyrex|Fire\n|move|p2a: Flutter Mane|Moonblast|p1a: Scraggy\n|-supereffective|p1a: Scraggy\n|-damage|p1a: Scraggy|0 fnt\n|faint|p1a: Scraggy\n|move|p2b: Koraidon|Flame Charge|p1b: Calyrex\n|-resisted|p1b: Calyrex\n|-damage|p1b: Calyrex|79/100\n|-boost|p2b: Koraidon|spe|1\n|move|p1b: Calyrex|High Horsepower|p2b: Koraidon\n|-supereffective|p2b: Koraidon\n|-damage|p2b: Koraidon|16/100\n|\n|-weather|SunnyDay|[upkeep]\n|upkeep\n|\n|t:|1772707930\n|switch|p1a: Iron Treads|Iron Treads, L50|100/100\n|turn|3\n|\n|t:|1772707942\n|move|p1a: Iron Treads|Protect|p1a: Iron Treads\n|-singleturn|p1a: Iron Treads|Protect\n|move|p2b: Koraidon|Low Kick|p1b: Calyrex\n|-damage|p1b: Calyrex|26/100\n|move|p2a: Flutter Mane|Shadow Ball|p1b: Calyrex\n|-damage|p1b: Calyrex|0 fnt\n|faint|p1b: Calyrex\n|\n|-weather|SunnyDay|[upkeep]\n|upkeep\n|\n|t:|1772707953\n|switch|p1b: Miraidon|Miraidon, L50|100/100\n|-fieldstart|move: Electric Terrain|[from] ability: Hadron Engine|[of] p1b: Miraidon\n|-activate|p1a: Iron Treads|ability: Quark Drive\n|-start|p1a: Iron Treads|quarkdrivespe\n|turn|4\n|\n|t:|1772707973\n|move|p2a: Flutter Mane|Icy Wind|p1a: Iron Treads|[spread] p1a,p1b\n|-supereffective|p1b: Miraidon\n|-damage|p1a: Iron Treads|77/100\n|-damage|p1b: Miraidon|77/100\n|-unboost|p1a: Iron Treads|spe|1\n|-unboost|p1b: Miraidon|spe|1\n|move|p2b: Koraidon|Low Kick|p1a: Iron Treads\n|-supereffective|p1a: Iron Treads\n|-damage|p1a: Iron Treads|0 fnt\n|faint|p1a: Iron Treads\n|-end|p1a: Iron Treads|Quark Drive|[silent]\n|move|p1b: Miraidon|Volt Switch|p2a: Flutter Mane\n|-enditem|p2a: Flutter Mane|Focus Sash\n|-damage|p2a: Flutter Mane|1/100\n|\n|-weather|SunnyDay|[upkeep]\n|upkeep\n|turn|5\n|-message|drive stone forfeited.\n|\n|win|Iron Bouldering\n|raw|drive stone's rating: 1500 &rarr; <strong>1471</strong><br />(-29 for losing)\n|raw|Iron Bouldering's rating: 1332 &rarr; <strong>1361</strong><br />(+29 for winning)\n|l|\u2606drive stone\n|player|p1|\n|l|\u2606Iron Bouldering\n|player|p2|\n","uploadtime":1772707984,"views":15,"formatid":"gen9vgc2026regi","rating":1361,"private":0,"password":null}