{"id":"gen9vgc2026regi-2560051788","format":"[Gen 9] VGC 2026 Reg I","players":["TheNamesBetty","abenne"],"log":"|j|\u2606TheNamesBetty\n|j|\u2606abenne\n|t:|1773642984\n|gametype|doubles\n|player|p1|TheNamesBetty|koga|1189\n|player|p2|abenne|170|1144\n|gen|9\n|tier|[Gen 9] VGC 2026 Reg I\n|rated|\n|rule|Species Clause: Limit one of each Pok\u00e9mon\n|rule|Item Clause: Limit 1 of each item\n|clearpoke\n|poke|p1|Eternatus, L50|\n|poke|p1|Ho-Oh, L50|\n|poke|p1|Gastrodon, L50, M|\n|poke|p1|Grimmsnarl, L50, M|\n|poke|p1|Ting-Lu, L50|\n|poke|p1|Rhydon, L50, F|\n|poke|p2|Incineroar, L50, F|\n|poke|p2|Rillaboom, L50, F|\n|poke|p2|Landorus, L50, M|\n|poke|p2|Smeargle, L50, M|\n|poke|p2|Koraidon, L50|\n|poke|p2|Calyrex-Ice, L50|\n|teampreview|4\nTheNamesBetty has agreed to open team sheets.\n|j| Jakub098\n|l| Jakub098\n|\n|t:|1773643036\n|teamsize|p1|4\n|teamsize|p2|4\n|start\n|switch|p1a: Ptakopysk|Eternatus, L50|100/100\n|switch|p1b: Kret\u00e9n Pojeban\u00fd|Grimmsnarl, L50, M|100/100\n|switch|p2a: Rillaboom|Rillaboom, L50, F|100/100\n|switch|p2b: Calyrex|Calyrex-Ice, L50|100/100\n|-ability|p2b: Calyrex|As One\n|-ability|p2b: Calyrex|Unnerve\n|-ability|p1a: Ptakopysk|Pressure\n|-fieldstart|move: Grassy Terrain|[from] ability: Grassy Surge|[of] p2a: Rillaboom\n|turn|1\n|\n|t:|1773643073\n|move|p2a: Rillaboom|Fake Out|p1a: Ptakopysk\n|-damage|p1a: Ptakopysk|92/100\n|cant|p1a: Ptakopysk|flinch\n|move|p1b: Kret\u00e9n Pojeban\u00fd|Foul Play|p2b: Calyrex\n|-supereffective|p2b: Calyrex\n|-damage|p2b: Calyrex|33/100\n|move|p2b: Calyrex|Leech Seed|p1b: Kret\u00e9n Pojeban\u00fd|[miss]\n|-miss|p2b: Calyrex|p1b: Kret\u00e9n Pojeban\u00fd\n|\n|-heal|p1a: Ptakopysk|98/100|[from] Grassy Terrain\n|-heal|p2b: Calyrex|39/100|[from] Grassy Terrain\n|-heal|p2b: Calyrex|44/100|[from] item: Leftovers\n|upkeep\n|turn|2\n|\n|t:|1773643092\n|-terastallize|p1a: Ptakopysk|Fairy\n|move|p2b: Calyrex|Protect|p2b: Calyrex\n|-singleturn|p2b: Calyrex|Protect\n|move|p1b: Kret\u00e9n Pojeban\u00fd|Reflect|p1b: Kret\u00e9n Pojeban\u00fd\n|-sidestart|p1: TheNamesBetty|Reflect\n|move|p1a: Ptakopysk|Cosmic Power|p1a: Ptakopysk\n|-boost|p1a: Ptakopysk|def|1\n|-boost|p1a: Ptakopysk|spd|1\n|move|p2a: Rillaboom|Wood Hammer|p1b: Kret\u00e9n Pojeban\u00fd\n|-damage|p1b: Kret\u00e9n Pojeban\u00fd|57/100\n|-damage|p2a: Rillaboom|86/100|[from] Recoil\n|\n|-heal|p1a: Ptakopysk|100/100|[from] Grassy Terrain\n|-heal|p2a: Rillaboom|92/100|[from] Grassy Terrain\n|-heal|p1b: Kret\u00e9n Pojeban\u00fd|63/100|[from] Grassy Terrain\n|-heal|p2b: Calyrex|50/100|[from] Grassy Terrain\n|-heal|p2b: Calyrex|56/100|[from] item: Leftovers\n|upkeep\n|turn|3\n|\n|t:|1773643122\n|move|p1a: Ptakopysk|Fire Spin|p2b: Calyrex\n|-supereffective|p2b: Calyrex\n|-damage|p2b: Calyrex|43/100\n|-activate|p2b: Calyrex|move: Fire Spin|[of] p1a: Ptakopysk\n|move|p2a: Rillaboom|U-turn|p1b: Kret\u00e9n Pojeban\u00fd\n|-damage|p1b: Kret\u00e9n Pojeban\u00fd|50/100\n|\n|t:|1773643136\n|switch|p2a: Incineroar|Incineroar, L50, F|100/100|[from] U-turn\n|-ability|p2a: Incineroar|Intimidate|boost\n|-unboost|p1a: Ptakopysk|atk|1\n|-unboost|p1b: Kret\u00e9n Pojeban\u00fd|atk|1\n|move|p1b: Kret\u00e9n Pojeban\u00fd|Foul Play|p2b: Calyrex\n|-supereffective|p2b: Calyrex\n|-damage|p2b: Calyrex|0 fnt\n|faint|p2b: Calyrex\n|\n|-heal|p1b: Kret\u00e9n Pojeban\u00fd|56/100|[from] Grassy Terrain\n|upkeep\n|\n|t:|1773643146\n|switch|p2b: Koraidon|Koraidon, L50|100/100\n|-weather|SunnyDay|[from] ability: Orichalcum Pulse|[of] p2b: Koraidon\n|-activate|p2b: Koraidon|Orichalcum Pulse|[source]\n|turn|4\n|\n|t:|1773643166\n|switch|p1b: H\u00fa h\u00fa|Ho-Oh, L50|100/100\n|move|p2a: Incineroar|Fake Out|p1a: Ptakopysk\n|-damage|p1a: Ptakopysk|96/100\n|move|p2b: Koraidon|Flame Charge|p1b: H\u00fa h\u00fa\n|-resisted|p1b: H\u00fa h\u00fa\n|-damage|p1b: H\u00fa h\u00fa|92/100\n|-boost|p2b: Koraidon|spe|1\n|-damage|p2b: Koraidon|84/100|[from] item: Rocky Helmet|[of] p1b: H\u00fa h\u00fa\n|cant|p1a: Ptakopysk|flinch\n|\n|-weather|SunnyDay|[upkeep]\n|-heal|p2b: Koraidon|90/100|[from] Grassy Terrain\n|-heal|p1a: Ptakopysk|100/100|[from] Grassy Terrain\n|upkeep\n|turn|5\n|\n|t:|1773643192\n|move|p2b: Koraidon|Flare Blitz|p1a: Ptakopysk\n|-damage|p1a: Ptakopysk|69/100\n|-damage|p2b: Koraidon|78/100|[from] Recoil\n|move|p1a: Ptakopysk|Cosmic Power|p1a: Ptakopysk\n|-boost|p1a: Ptakopysk|def|1\n|-boost|p1a: Ptakopysk|spd|1\n|move|p1b: H\u00fa h\u00fa|Sacred Fire|p2b: Koraidon\n|-resisted|p2b: Koraidon\n|-damage|p2b: Koraidon|52/100\n|move|p2a: Incineroar|Knock Off|p1a: Ptakopysk\n|-resisted|p1a: Ptakopysk\n|-damage|p1a: Ptakopysk|64/100\n|-enditem|p1a: Ptakopysk|Safety Goggles|[from] move: Knock Off|[of] p2a: Incineroar\n|\n|-weather|SunnyDay|[upkeep]\n|-heal|p2b: Koraidon|58/100|[from] Grassy Terrain\n|-heal|p1a: Ptakopysk|71/100|[from] Grassy Terrain\n|-fieldend|move: Grassy Terrain\n|upkeep\n|turn|6\n|\n|t:|1773643218\n|switch|p2a: Rillaboom|Rillaboom, L50, F|92/100\n|-fieldstart|move: Grassy Terrain|[from] ability: Grassy Surge|[of] p2a: Rillaboom\n|move|p2b: Koraidon|Protect|p2b: Koraidon\n|-singleturn|p2b: Koraidon|Protect\n|move|p1a: Ptakopysk|Cosmic Power|p1a: Ptakopysk\n|-boost|p1a: Ptakopysk|def|1\n|-boost|p1a: Ptakopysk|spd|1\n|move|p1b: H\u00fa h\u00fa|Sacred Fire|p2b: Koraidon\n|-activate|p2b: Koraidon|move: Protect\n|\n|-weather|SunnyDay|[upkeep]\n|-heal|p2b: Koraidon|64/100|[from] Grassy Terrain\n|-heal|p1a: Ptakopysk|77/100|[from] Grassy Terrain\n|-heal|p2a: Rillaboom|98/100|[from] Grassy Terrain\n|upkeep\n|turn|7\n|\n|t:|1773643249\n|-terastallize|p2b: Koraidon|Fire\n|move|p2a: Rillaboom|Fake Out|p1a: Ptakopysk\n|-damage|p1a: Ptakopysk|74/100\n|move|p2b: Koraidon|Flare Blitz|p1a: Ptakopysk\n|-damage|p1a: Ptakopysk|46/100\n|-damage|p2b: Koraidon|52/100|[from] Recoil\n|cant|p1a: Ptakopysk|flinch\n|move|p1b: H\u00fa h\u00fa|Sacred Fire|p2b: Koraidon\n|-resisted|p2b: Koraidon\n|-damage|p2b: Koraidon|26/100\n|\n|-weather|SunnyDay|[upkeep]\n|-heal|p2b: Koraidon|32/100|[from] Grassy Terrain\n|-heal|p1a: Ptakopysk|52/100|[from] Grassy Terrain\n|-heal|p2a: Rillaboom|100/100|[from] Grassy Terrain\n|upkeep\n|turn|8\n|\n|t:|1773643267\n|move|p2b: Koraidon|Flare Blitz|p1a: Ptakopysk\n|-damage|p1a: Ptakopysk|26/100\n|-damage|p2b: Koraidon|22/100|[from] Recoil\n|move|p1a: Ptakopysk|Recover|p1a: Ptakopysk\n|-heal|p1a: Ptakopysk|77/100\n|move|p2a: Rillaboom|Wood Hammer|p1a: Ptakopysk\n|-damage|p1a: Ptakopysk|62/100\n|-damage|p2a: Rillaboom|94/100|[from] Recoil\n|move|p1b: H\u00fa h\u00fa|Sacred Fire|p2a: Rillaboom\n|-supereffective|p2a: Rillaboom\n|-crit|p2a: Rillaboom\n|-damage|p2a: Rillaboom|0 fnt\n|faint|p2a: Rillaboom\n|\n|-weather|none\n|-heal|p2b: Koraidon|28/100|[from] Grassy Terrain\n|-heal|p1a: Ptakopysk|68/100|[from] Grassy Terrain\n|upkeep\n|-message|abenne forfeited.\n|\n|win|TheNamesBetty\n|raw|TheNamesBetty's rating: 1189 &rarr; <strong>1211</strong><br />(+22 for winning)\n|raw|abenne's rating: 1144 &rarr; <strong>1122</strong><br />(-22 for losing)\n|l|\u2606abenne\n|player|p2|\n","uploadtime":1773643297,"views":11,"formatid":"gen9vgc2026regi","rating":1122,"private":0,"password":null}