{"id":"gen9vgc2026regi-2522581938","format":"[Gen 9] VGC 2026 Reg I","players":["Lewcurio93","BanKingambit69247"],"log":"|j|\u2606Lewcurio93\n|j|\u2606BanKingambit69247\n|t:|1768925074\n|gametype|doubles\n|player|p1|Lewcurio93|2|1108\n|player|p2|BanKingambit69247|170|1247\n|gen|9\n|tier|[Gen 9] VGC 2026 Reg I\n|rated|\n|rule|Species Clause: Limit one of each Pok\u00e9mon\n|rule|Item Clause: Limit 1 of each item\n|clearpoke\n|poke|p1|Porygon2, L50|\n|poke|p1|Lunala, L50|\n|poke|p1|Grimmsnarl, L50, M|\n|poke|p1|Incineroar, L50, F|\n|poke|p1|Urshifu-*, L50, M|\n|poke|p1|Necrozma-Dusk-Mane, L50|\n|poke|p2|Calyrex-Ice, L50|\n|poke|p2|Koraidon, L50|\n|poke|p2|Incineroar, L50, M|\n|poke|p2|Rillaboom, L50, M|\n|poke|p2|Chi-Yu, L50|\n|poke|p2|Flutter Mane, L50|\n|teampreview|4\n|inactive|Battle timer is ON: inactive players will automatically lose when time's up. (requested by BanKingambit69247)\n|inactive|Lewcurio93 has 60 seconds left.\n|inactive|Lewcurio93 has 30 seconds left.\n|\n|t:|1768925139\n|teamsize|p1|4\n|teamsize|p2|4\n|start\n|switch|p1a: Lunala|Lunala, L50|100/100\n|switch|p1b: Incineroar|Incineroar, L50, F|100/100\n|switch|p2a: Chi-Yu|Chi-Yu, L50|100/100\n|switch|p2b: Koraidon|Koraidon, L50|100/100\n|-ability|p2a: Chi-Yu|Beads of Ruin\n|-weather|SunnyDay|[from] ability: Orichalcum Pulse|[of] p2b: Koraidon\n|-activate|p2b: Koraidon|Orichalcum Pulse|[source]\n|-ability|p1b: Incineroar|Intimidate|boost\n|-unboost|p2a: Chi-Yu|atk|1\n|-fail|p2b: Koraidon|unboost|[from] item: Clear Amulet|[of] p2b: Koraidon\n|turn|1\n|inactive|Lewcurio93 has 30 seconds left.\n|inactive|BanKingambit69247 has 30 seconds left.\n|inactive|Lewcurio93 has 20 seconds left.\n|inactive|BanKingambit69247 has 20 seconds left.\n|inactive|Lewcurio93 has 15 seconds left.\n|inactive|Lewcurio93 has 10 seconds left.\n|\n|t:|1768925185\n|move|p1b: Incineroar|Fake Out|p2b: Koraidon\n|-damage|p2b: Koraidon|91/100\n|move|p2a: Chi-Yu|Heat Wave|p1b: Incineroar|[spread] p1a,p1b\n|-resisted|p1b: Incineroar\n|-damage|p1a: Lunala|73/100\n|-damage|p1b: Incineroar|78/100\n|cant|p2b: Koraidon|flinch\n|move|p1a: Lunala|Trick Room|p1a: Lunala\n|-fieldstart|move: Trick Room|[of] p1a: Lunala\n|\n|-weather|SunnyDay|[upkeep]\n|upkeep\n|turn|2\n|inactive|Lewcurio93 has 30 seconds left.\n|inactive|BanKingambit69247 has 30 seconds left.\n|\n|t:|1768925221\n|switch|p2b: Incineroar|Incineroar, L50, M|100/100\n|-ability|p2b: Incineroar|Intimidate|boost\n|-unboost|p1a: Lunala|atk|1\n|-unboost|p1b: Incineroar|atk|1\n|-terastallize|p1a: Lunala|Fairy\n|move|p1b: Incineroar|U-turn|p2a: Chi-Yu\n|-damage|p2a: Chi-Yu|78/100\n|inactive|Lewcurio93 has 30 seconds left.\n|\n|t:|1768925252\n|switch|p1b: Necrozma|Necrozma-Dusk-Mane, L50|100/100|[from] U-turn\n|move|p1a: Lunala|Dazzling Gleam|p2a: Chi-Yu|[spread] p2a,p2b\n|-damage|p2a: Chi-Yu|36/100\n|-damage|p2b: Incineroar|67/100\n|move|p2a: Chi-Yu|Heat Wave|p1a: Lunala|[spread] p1b\n|-miss|p2a: Chi-Yu|p1a: Lunala\n|-supereffective|p1b: Necrozma\n|-damage|p1b: Necrozma|1/100\n|-enditem|p1b: Necrozma|Weakness Policy\n|-boost|p1b: Necrozma|atk|2|[from] item: Weakness Policy\n|-boost|p1b: Necrozma|spa|2|[from] item: Weakness Policy\n|\n|-weather|SunnyDay|[upkeep]\n|upkeep\n|turn|3\n|inactive|Lewcurio93 has 30 seconds left.\n|inactive|BanKingambit69247 has 30 seconds left.\n|\n|t:|1768925285\n|switch|p2a: Calyrex|Calyrex-Ice, L50|100/100\n|-ability|p2a: Calyrex|As One\n|-ability|p2a: Calyrex|Unnerve\n|move|p2b: Incineroar|Knock Off|p1b: Necrozma\n|-supereffective|p1b: Necrozma\n|-crit|p1b: Necrozma\n|-damage|p1b: Necrozma|0 fnt\n|faint|p1b: Necrozma\n|move|p1a: Lunala|Dazzling Gleam|p2a: Calyrex|[spread] p2a,p2b\n|-damage|p2a: Calyrex|80/100\n|-damage|p2b: Incineroar|43/100\n|\n|-weather|SunnyDay|[upkeep]\n|-heal|p2a: Calyrex|86/100|[from] item: Leftovers\n|upkeep\n|inactive|Lewcurio93 has 30 seconds left.\n|\n|t:|1768925315\n|switch|p1b: Porygon2|Porygon2, L50|100/100\n|-ability|p1b: Porygon2|Download|boost\n|-boost|p1b: Porygon2|atk|1\n|turn|4\n|inactive|Lewcurio93 has 30 seconds left.\n|\n|t:|1768925340\n|-terastallize|p2a: Calyrex|Fairy\n|move|p1b: Porygon2|Tera Blast|p2b: Incineroar\n|-damage|p2b: Incineroar|21/100\n|move|p2a: Calyrex|Leech Seed|p1a: Lunala\n|-start|p1a: Lunala|move: Leech Seed\n|move|p2b: Incineroar|Knock Off|p1b: Porygon2\n|-damage|p1b: Porygon2|72/100\n|-enditem|p1b: Porygon2|Eviolite|[from] move: Knock Off|[of] p2b: Incineroar\n|move|p1a: Lunala|Moongeist Beam|p2a: Calyrex\n|-damage|p2a: Calyrex|49/100\n|\n|-weather|SunnyDay|[upkeep]\n|-heal|p2a: Calyrex|55/100|[from] item: Leftovers\n|-damage|p1a: Lunala|61/100|[from] Leech Seed|[of] p2a: Calyrex\n|-heal|p2a: Calyrex|70/100|[silent]\n|upkeep\n|turn|5\n|inactive|Lewcurio93 has 30 seconds left.\n|\n|t:|1768925366\n|switch|p1b: Incineroar|Incineroar, L50, F|78/100\n|-ability|p1b: Incineroar|Intimidate|boost\n|-unboost|p2a: Calyrex|atk|1\n|-unboost|p2b: Incineroar|atk|1\n|move|p2a: Calyrex|Leech Seed|p1b: Incineroar\n|-start|p1b: Incineroar|move: Leech Seed\n|move|p2b: Incineroar|Knock Off|p1a: Lunala\n|-resisted|p1a: Lunala\n|-damage|p1a: Lunala|51/100\n|-enditem|p1a: Lunala|Safety Goggles|[from] move: Knock Off|[of] p2b: Incineroar\n|move|p1a: Lunala|Dazzling Gleam|p2a: Calyrex|[spread] p2a,p2b\n|-damage|p2a: Calyrex|47/100\n|-damage|p2b: Incineroar|0 fnt\n|faint|p2b: Incineroar\n|\n|-weather|none\n|-heal|p2a: Calyrex|53/100|[from] item: Leftovers\n|-damage|p1b: Incineroar|66/100|[from] Leech Seed|[of] p2a: Calyrex\n|-heal|p2a: Calyrex|65/100|[silent]\n|-damage|p1a: Lunala|39/100|[from] Leech Seed|[of] p2a: Calyrex\n|-heal|p2a: Calyrex|79/100|[silent]\n|-fieldend|move: Trick Room\n|upkeep\n|\n|t:|1768925379\n|switch|p2b: Koraidon|Koraidon, L50|91/100\n|-weather|SunnyDay|[from] ability: Orichalcum Pulse|[of] p2b: Koraidon\n|-activate|p2b: Koraidon|Orichalcum Pulse|[source]\n|turn|6\n|inactive|Lewcurio93 has 30 seconds left.\n|inactive|BanKingambit69247 has 30 seconds left.\n|inactive|Lewcurio93 has 20 seconds left.\n|\n|t:|1768925418\n|switch|p1a: Porygon2|Porygon2, L50|72/100\n|-ability|p1a: Porygon2|Download|boost\n|-boost|p1a: Porygon2|spa|1\n|move|p2b: Koraidon|Collision Course|p1b: Incineroar\n|-supereffective|p1b: Incineroar\n|-damage|p1b: Incineroar|0 fnt\n|faint|p1b: Incineroar\n|move|p2a: Calyrex|Glacial Lance|p1a: Porygon2\n|-damage|p1a: Porygon2|17/100\n|\n|-weather|SunnyDay|[upkeep]\n|-heal|p2a: Calyrex|85/100|[from] item: Leftovers\n|upkeep\n|\n|t:|1768925430\n|switch|p1b: Lunala|Lunala, L50, tera:Fairy|39/100\n|turn|7\n|\n|t:|1768925455\n|move|p2b: Koraidon|Flare Blitz|p1b: Lunala\n|-damage|p1b: Lunala|0 fnt\n|faint|p1b: Lunala\n|-damage|p2b: Koraidon|73/100|[from] Recoil\n|move|p2a: Calyrex|Glacial Lance|p1a: Porygon2\n|-damage|p1a: Porygon2|0 fnt\n|faint|p1a: Porygon2\n|\n|win|BanKingambit69247\n|raw|Lewcurio93's rating: 1108 &rarr; <strong>1093</strong><br />(-15 for losing)\n|raw|BanKingambit69247's rating: 1247 &rarr; <strong>1262</strong><br />(+15 for winning)\n","uploadtime":1768925458,"views":12,"formatid":"gen9vgc2026regi","rating":1093,"private":0,"password":null}