{"id":"gen9vgc2026regi-2545118551","format":"[Gen 9] VGC 2026 Reg I","players":["goldenorder","501JFW"],"log":"|j|\u2606goldenorder\n|j|\u2606501JFW\n|t:|1771801841\n|gametype|doubles\n|player|p1|goldenorder|2|1428\n|player|p2|501JFW|170|1581\n|gen|9\n|tier|[Gen 9] VGC 2026 Reg I\n|rated|\n|rule|Species Clause: Limit one of each Pok\u00e9mon\n|rule|Item Clause: Limit 1 of each item\n|clearpoke\n|poke|p1|Calyrex-Ice, L50|\n|poke|p1|Indeedee-F, L50, F|\n|poke|p1|Kyogre, L50|\n|poke|p1|Urshifu-*, L50, F|\n|poke|p1|Smeargle, L50, M|\n|poke|p1|Torkoal, L50, F|\n|poke|p2|Kyogre, L50|\n|poke|p2|Calyrex-Ice, L50|\n|poke|p2|Amoonguss, L50, M|\n|poke|p2|Iron Jugulis, L50|\n|poke|p2|Urshifu-*, L50, M|\n|poke|p2|Indeedee-F, L50, F|\n|teampreview|4\n|inactive|Battle timer is ON: inactive players will automatically lose when time's up. (requested by 501JFW)\n|inactive|501JFW has 60 seconds left.\n|\n|t:|1771801887\n|teamsize|p1|4\n|teamsize|p2|4\n|start\n|switch|p1a: Calyrex|Calyrex-Ice, L50|100/100\n|switch|p1b: Indeedee|Indeedee-F, L50, F, shiny|100/100\n|switch|p2a: Calyrex|Calyrex-Ice, L50|100/100\n|switch|p2b: Urshifu|Urshifu-Rapid-Strike, L50, M|100/100\n|-ability|p2a: Calyrex|As One\n|-ability|p2a: Calyrex|Unnerve\n|-ability|p1a: Calyrex|As One\n|-ability|p1a: Calyrex|Unnerve\n|-fieldstart|move: Psychic Terrain|[from] ability: Psychic Surge|[of] p1b: Indeedee\n|turn|1\n|\n|t:|1771801906\n|-terastallize|p1b: Indeedee|Water\n|move|p2b: Urshifu|Surging Strikes|p1a: Calyrex\n|-crit|p1a: Calyrex\n|-damage|p1a: Calyrex|80/100\n|-crit|p1a: Calyrex\n|-damage|p1a: Calyrex|61/100\n|-crit|p1a: Calyrex\n|-damage|p1a: Calyrex|42/100\n|-hitcount|p1a: Calyrex|3\n|move|p2a: Calyrex|Swords Dance|p2a: Calyrex\n|-boost|p2a: Calyrex|atk|2\n|move|p1a: Calyrex|Seed Bomb|p2b: Urshifu\n|-supereffective|p2b: Urshifu\n|-damage|p2b: Urshifu|29/100\n|move|p1b: Indeedee|Trick Room|p1b: Indeedee\n|-fieldstart|move: Trick Room|[of] p1b: Indeedee\n|\n|upkeep\n|turn|2\n|inactive|goldenorder has 30 seconds left.\n|inactive|501JFW has 30 seconds left.\n|inactive|501JFW has 20 seconds left.\n|inactive|501JFW has 15 seconds left.\n|\n|t:|1771801950\n|switch|p2b: Indeedee|Indeedee-F, L50, F, shiny|100/100\n|-enditem|p2b: Indeedee|Psychic Seed\n|-boost|p2b: Indeedee|spd|1|[from] item: Psychic Seed\n|move|p1b: Indeedee|Helping Hand|p1a: Calyrex\n|-singleturn|p1a: Calyrex|Helping Hand|[of] p1b: Indeedee\n|move|p1a: Calyrex|Glacial Lance|p2b: Indeedee|[spread] p2a,p2b\n|-resisted|p2a: Calyrex\n|-damage|p2a: Calyrex|74/100\n|-damage|p2b: Indeedee|7/100\n|move|p2a: Calyrex|Glacial Lance|p1b: Indeedee|[spread] p1a,p1b\n|-resisted|p1a: Calyrex\n|-resisted|p1b: Indeedee\n|-damage|p1a: Calyrex|1/100\n|-damage|p1b: Indeedee|13/100\n|\n|upkeep\n|turn|3\n|inactive|goldenorder has 30 seconds left.\n|inactive|501JFW has 30 seconds left.\n|inactive|goldenorder has 20 seconds left.\n|l|\u2606goldenorder\n|inactive|goldenorder disconnected and has a minute to reconnect!\n|player|p1|\n|inactive|goldenorder has 15 seconds left.\n|inactive|goldenorder has 10 seconds left.\n|inactive|goldenorder has 5 seconds left.\n|inactive|501JFW has 20 seconds left.\n|j|\u2606goldenorder\n|inactive|goldenorder reconnected and has 5 seconds left.\n|player|p1|goldenorder|2|\n|inactive|501JFW has 15 seconds left.\n|\n|t:|1771802011\n|move|p2b: Indeedee|Helping Hand|p2a: Calyrex\n|-singleturn|p2a: Calyrex|Helping Hand|[of] p2b: Indeedee\n|move|p1a: Calyrex|Protect|p1a: Calyrex\n|-singleturn|p1a: Calyrex|Protect\n|move|p2a: Calyrex|Glacial Lance|p1b: Indeedee|[spread] p1b\n|-activate|p1a: Calyrex|move: Protect\n|-resisted|p1b: Indeedee\n|-damage|p1b: Indeedee|0 fnt\n|faint|p1b: Indeedee\n|-ability|p2a: Calyrex|Chilling Neigh|boost\n|-boost|p2a: Calyrex|atk|1\n|\n|upkeep\n|\n|t:|1771802017\n|switch|p1b: Torkoal|Torkoal, L50, F|100/100\n|-weather|SunnyDay|[from] ability: Drought|[of] p1b: Torkoal\n|turn|4\n|\n|t:|1771802024\n|switch|p2b: Kyogre|Kyogre, L50, shiny|100/100\n|-weather|RainDance|[from] ability: Drizzle|[of] p2b: Kyogre\n|move|p1b: Torkoal|Eruption|p2b: Kyogre|[spread] p2a,p2b\n|-supereffective|p2a: Calyrex\n|-resisted|p2b: Kyogre\n|-damage|p2a: Calyrex|36/100\n|-damage|p2b: Kyogre|89/100\n|move|p1a: Calyrex|Glacial Lance|p2a: Calyrex|[spread] p2a,p2b\n|-resisted|p2a: Calyrex\n|-resisted|p2b: Kyogre\n|-damage|p2a: Calyrex|17/100\n|-damage|p2b: Kyogre|61/100\n|move|p2a: Calyrex|Glacial Lance|p1a: Calyrex|[spread] p1a,p1b\n|-resisted|p1a: Calyrex\n|-resisted|p1b: Torkoal\n|-damage|p1a: Calyrex|0 fnt\n|-damage|p1b: Torkoal|41/100\n|faint|p1a: Calyrex\n|-ability|p2a: Calyrex|Chilling Neigh|boost\n|-boost|p2a: Calyrex|atk|1\n|\n|-weather|RainDance|[upkeep]\n|upkeep\n|\n|t:|1771802028\n|switch|p1a: Kyogre|Kyogre, L50|100/100\n|turn|5\n|\n|t:|1771802058\n|switch|p2b: Indeedee|Indeedee-F, L50, F, shiny|7/100\n|move|p1b: Torkoal|Eruption|p2a: Calyrex|[spread] p2a,p2b\n|-supereffective|p2a: Calyrex\n|-damage|p2a: Calyrex|0 fnt\n|-damage|p2b: Indeedee|0 fnt\n|faint|p2a: Calyrex\n|faint|p2b: Indeedee\n|move|p1a: Kyogre|Origin Pulse|p2: Calyrex|[notarget]\n|-fail|p1a: Kyogre\n|\n|-weather|RainDance|[upkeep]\n|-fieldend|move: Trick Room\n|-fieldend|move: Psychic Terrain\n|upkeep\n|\n|t:|1771802061\n|switch|p2b: Kyogre|Kyogre, L50, shiny|61/100\n|switch|p2a: Urshifu|Urshifu-Rapid-Strike, L50, M|29/100\n|turn|6\n|inactive|501JFW has 30 seconds left.\n|\n|t:|1771802087\n|-terastallize|p2b: Kyogre|Water\n|move|p2a: Urshifu|Close Combat|p1a: Kyogre\n|-damage|p1a: Kyogre|13/100\n|-unboost|p2a: Urshifu|def|1\n|-unboost|p2a: Urshifu|spd|1\n|move|p2b: Kyogre|Water Spout|p1b: Torkoal|[spread] p1a,p1b\n|-resisted|p1a: Kyogre\n|-supereffective|p1b: Torkoal\n|-damage|p1a: Kyogre|0 fnt\n|-damage|p1b: Torkoal|0 fnt\n|faint|p1a: Kyogre\n|faint|p1b: Torkoal\n|\n|win|501JFW\n|raw|goldenorder's rating: 1428 &rarr; <strong>1416</strong><br />(-12 for losing)\n|raw|501JFW's rating: 1581 &rarr; <strong>1593</strong><br />(+12 for winning)\n|l|\u2606goldenorder\n|player|p1|\n|l|\u2606501JFW\n|player|p2|\n","uploadtime":1771802287,"views":14,"formatid":"gen9vgc2026regi","rating":1416,"private":0,"password":null}