{"id":"gen9vgc2026regi-2516550350","format":"[Gen 9] VGC 2026 Reg I","players":["j0l0k0","ManuelvgDios"],"log":"|j|\u2606j0l0k0\n|j|\u2606ManuelvgDios\n|t:|1768154745\n|gametype|doubles\n|player|p1|j0l0k0|brycen|1255\n|player|p2|ManuelvgDios|acetrainercouple|1244\n|gen|9\n|tier|[Gen 9] VGC 2026 Reg I\n|rated|\n|rule|Species Clause: Limit one of each Pok\u00e9mon\n|rule|Item Clause: Limit 1 of each item\n|clearpoke\n|poke|p1|Calyrex-Ice, L50|\n|poke|p1|Kyogre, L50|\n|poke|p1|Indeedee-F, L50, F|\n|poke|p1|Urshifu-*, L50, F|\n|poke|p1|Amoonguss, L50, F|\n|poke|p1|Landorus, L50, M|\n|poke|p2|Sableye, L50, M|\n|poke|p2|Jumpluff, L50, M|\n|poke|p2|Arcanine-Hisui, L50, F|\n|poke|p2|Walking Wake, L50|\n|poke|p2|Zacian-*, L50|\n|poke|p2|Groudon, L50|\n|teampreview|4\n|inactive|Battle timer is ON: inactive players will automatically lose when time's up. (requested by j0l0k0)\n|inactive|j0l0k0 has 60 seconds left.\n|inactive|ManuelvgDios has 60 seconds left.\n|inactive|ManuelvgDios has 30 seconds left.\n|\n|t:|1768154814\n|teamsize|p1|4\n|teamsize|p2|4\n|start\n|switch|p1a: Indeedee|Indeedee-F, L50, F, shiny|100/100\n|switch|p1b: Landorus|Landorus, L50, M, shiny|100/100\n|switch|p2a: Jumpluff|Jumpluff, L50, M|100/100\n|switch|p2b: Sableye|Sableye, L50, M|100/100\n|-fieldstart|move: Psychic Terrain|[from] ability: Psychic Surge|[of] p1a: Indeedee\n|turn|1\n|inactive|j0l0k0 has 30 seconds left.\n|\n|t:|1768154842\n|move|p2b: Sableye|Gravity|p2b: Sableye\n|-fieldstart|move: Gravity\n|move|p2a: Jumpluff|Sleep Powder|p1b: Landorus\n|-status|p1b: Landorus|slp|[from] move: Sleep Powder\n|cant|p1b: Landorus|slp\n|move|p1a: Indeedee|Trick Room|p1a: Indeedee\n|-fieldstart|move: Trick Room|[of] p1a: Indeedee\n|\n|upkeep\n|turn|2\n|\n|t:|1768154865\n|move|p1a: Indeedee|Follow Me|p1a: Indeedee\n|-singleturn|p1a: Indeedee|move: Follow Me\n|move|p2b: Sableye|Light Screen|p2b: Sableye\n|-sidestart|p2: ManuelvgDios|move: Light Screen\n|cant|p1b: Landorus|slp\n|move|p2a: Jumpluff|U-turn|p1a: Indeedee\n|-supereffective|p1a: Indeedee\n|-damage|p1a: Indeedee|79/100\n|\n|t:|1768154873\n|switch|p2a: Groudon|Groudon, L50|100/100|[from] U-turn\n|-weather|SunnyDay|[from] ability: Drought|[of] p2a: Groudon\n|\n|-weather|SunnyDay|[upkeep]\n|upkeep\n|turn|3\n|\n|t:|1768154896\n|move|p2b: Sableye|Reflect|p2b: Sableye\n|-sidestart|p2: ManuelvgDios|Reflect\n|cant|p1b: Landorus|slp\n|move|p1a: Indeedee|Psychic|p2a: Groudon\n|-damage|p2a: Groudon|80/100\n|move|p2a: Groudon|Precipice Blades|p1a: Indeedee|[spread] p1a,p1b\n|-damage|p1a: Indeedee|20/100\n|-damage|p1b: Landorus|45/100 slp\n|\n|-weather|SunnyDay|[upkeep]\n|upkeep\n|turn|4\n|\n|t:|1768154918\n|switch|p2b: Jumpluff|Jumpluff, L50, M|100/100\n|-curestatus|p1b: Landorus|slp|[msg]\n|move|p1b: Landorus|Sandsear Storm|p2a: Groudon|[spread] p2a,p2b\n|-resisted|p2b: Jumpluff\n|-damage|p2a: Groudon|42/100\n|-damage|p2b: Jumpluff|76/100\n|move|p1a: Indeedee|Psychic|p2a: Groudon\n|-damage|p2a: Groudon|20/100\n|move|p2a: Groudon|Precipice Blades|p1a: Indeedee|[spread] p1a,p1b\n|-damage|p1a: Indeedee|0 fnt\n|-damage|p1b: Landorus|0 fnt\n|faint|p1a: Indeedee\n|faint|p1b: Landorus\n|\n|-weather|SunnyDay|[upkeep]\n|upkeep\n|\n|t:|1768154938\n|switch|p1b: Kyogre|Kyogre, L50, shiny|100/100\n|switch|p1a: Calyrex|Calyrex-Ice, L50|100/100\n|-ability|p1a: Calyrex|As One\n|-ability|p1a: Calyrex|Unnerve\n|-weather|RainDance|[from] ability: Drizzle|[of] p1b: Kyogre\n|turn|5\n|j| bnj3ct5\n|inactive|ManuelvgDios has 30 seconds left.\n|l| bnj3ct5\n|\n|t:|1768154968\n|move|p2a: Groudon|Protect|p2a: Groudon\n|-singleturn|p2a: Groudon|Protect\n|move|p1a: Calyrex|Glacial Lance|p2b: Jumpluff|[spread] p2b\n|-activate|p2a: Groudon|move: Protect\n|-supereffective|p2b: Jumpluff\n|-damage|p2b: Jumpluff|0 fnt\n|faint|p2b: Jumpluff\n|-ability|p1a: Calyrex|Chilling Neigh|boost\n|-boost|p1a: Calyrex|atk|1\n|move|p1b: Kyogre|Water Spout|p2a: Groudon\n|-activate|p2a: Groudon|move: Protect\n|\n|-weather|RainDance|[upkeep]\n|-fieldend|move: Trick Room\n|-fieldend|move: Gravity\n|-fieldend|move: Psychic Terrain\n|upkeep\n|\n|t:|1768154984\n|switch|p2b: Zacian|Zacian-Crowned, L50|100/100\n|-ability|p2b: Zacian|Intrepid Sword|boost\n|-boost|p2b: Zacian|atk|1\n|turn|6\n|\n|t:|1768154998\n|-terastallize|p1b: Kyogre|Grass\n|move|p2b: Zacian|Behemoth Blade|p1a: Calyrex\n|-supereffective|p1a: Calyrex\n|-damage|p1a: Calyrex|0 fnt\n|faint|p1a: Calyrex\n|move|p2a: Groudon|High Horsepower|p1b: Kyogre\n|-resisted|p1b: Kyogre\n|-damage|p1b: Kyogre|74/100\n|move|p1b: Kyogre|Water Spout|p2b: Zacian|[spread] p2a,p2b\n|-supereffective|p2a: Groudon\n|-crit|p2b: Zacian\n|-damage|p2a: Groudon|0 fnt\n|-damage|p2b: Zacian|0 fnt\n|faint|p2a: Groudon\n|faint|p2b: Zacian\n|\n|-weather|RainDance|[upkeep]\n|upkeep\n|inactive|ManuelvgDios has 30 seconds left.\n|-message|ManuelvgDios forfeited.\n|\n|win|j0l0k0\n|raw|j0l0k0's rating: 1255 &rarr; <strong>1279</strong><br />(+24 for winning)\n|raw|ManuelvgDios's rating: 1244 &rarr; <strong>1220</strong><br />(-24 for losing)\n|l|\u2606ManuelvgDios\n|player|p2|\n|l|\u2606j0l0k0\n|player|p1|\n","uploadtime":1768155265,"views":11,"formatid":"gen9vgc2026regi","rating":1220,"private":0,"password":null}