{"id":"gen9vgc2026regi-2567041201","format":"[Gen 9] VGC 2026 Reg I","players":["theminesoftagawa","ArisHazard"],"log":"|j|\u2606theminesoftagawa\n|j|\u2606ArisHazard\n|t:|1774444109\n|gametype|doubles\n|player|p1|theminesoftagawa|2|1511\n|player|p2|ArisHazard|169|1507\n|gen|9\n|tier|[Gen 9] VGC 2026 Reg I\n|rated|\n|rule|Species Clause: Limit one of each Pok\u00e9mon\n|rule|Item Clause: Limit 1 of each item\n|clearpoke\n|poke|p1|Koraidon, L50|\n|poke|p1|Lunala, L50|\n|poke|p1|Flutter Mane, L50|\n|poke|p1|Brute Bonnet, L50|\n|poke|p1|Chi-Yu, L50|\n|poke|p1|Ursaluna, L50, F|\n|poke|p2|Calyrex-Ice, L50|\n|poke|p2|Hitmontop, L50, M|\n|poke|p2|Miraidon, L50|\n|poke|p2|Sableye, L50, F|\n|poke|p2|Ting-Lu, L50|\n|poke|p2|Volcarona, L50, M|\n|teampreview|4\n|inactive|Battle timer is ON: inactive players will automatically lose when time's up. (requested by theminesoftagawa)\n|inactive|ArisHazard has 60 seconds left.\n|\n|t:|1774444140\n|teamsize|p1|4\n|teamsize|p2|4\n|start\n|switch|p1a: Lunala|Lunala, L50, shiny|100/100\n|switch|p1b: Chi-Yu|Chi-Yu, L50, shiny|100/100\n|switch|p2a: Calyrex|Calyrex-Ice, L50|100/100\n|switch|p2b: Hitmontop|Hitmontop, L50, M|100/100\n|-ability|p2a: Calyrex|As One\n|-ability|p2a: Calyrex|Unnerve\n|-ability|p1b: Chi-Yu|Beads of Ruin\n|-ability|p2b: Hitmontop|Intimidate|boost\n|-unboost|p1a: Lunala|atk|1\n|-unboost|p1b: Chi-Yu|atk|1\n|turn|1\n|\n|t:|1774444164\n|switch|p2b: Sableye|Sableye, L50, F|100/100\n|-terastallize|p1b: Chi-Yu|Ghost\n|move|p2a: Calyrex|Protect|p2a: Calyrex\n|-singleturn|p2a: Calyrex|Protect\n|move|p1b: Chi-Yu|Dark Pulse|p2a: Calyrex\n|-activate|p2a: Calyrex|move: Protect\n|move|p1a: Lunala|Meteor Beam||[still]\n|-prepare|p1a: Lunala|Meteor Beam\n|-boost|p1a: Lunala|spa|1\n|-enditem|p1a: Lunala|Power Herb\n|-anim|p1a: Lunala|Meteor Beam|p2a: Calyrex\n|-activate|p2a: Calyrex|move: Protect\n|\n|upkeep\n|turn|2\n|\n|t:|1774444182\n|-terastallize|p2a: Calyrex|Fire\n|move|p2b: Sableye|Encore|p1a: Lunala\n|-start|p1a: Lunala|Encore\n|move|p1b: Chi-Yu|Dark Pulse|p2a: Calyrex\n|-damage|p2a: Calyrex|60/100\n|move|p1a: Lunala|Meteor Beam||[still]\n|-prepare|p1a: Lunala|Meteor Beam\n|-boost|p1a: Lunala|spa|1\n|move|p2a: Calyrex|Glacial Lance|p1b: Chi-Yu|[spread] p1a,p1b\n|-damage|p1a: Lunala|80/100\n|-damage|p1b: Chi-Yu|1/100\n|\n|upkeep\n|turn|3\n|\n|t:|1774444199\n|move|p2a: Calyrex|Protect|p2a: Calyrex\n|-singleturn|p2a: Calyrex|Protect\n|move|p2b: Sableye|Disable|p1b: Chi-Yu\n|-start|p1b: Chi-Yu|Disable|Dark Pulse\n|cant|p1b: Chi-Yu|Disable|Dark Pulse\n|move|p1a: Lunala|Meteor Beam|p2a: Calyrex|[from] lockedmove\n|-activate|p2a: Calyrex|move: Protect\n|\n|upkeep\n|turn|4\n|\n|t:|1774444217\n|switch|p1b: Brute Bonnet|Brute Bonnet, L50, shiny|100/100\n|-enditem|p1b: Brute Bonnet|Booster Energy\n|-activate|p1b: Brute Bonnet|ability: Protosynthesis|[fromitem]\n|-start|p1b: Brute Bonnet|protosynthesisdef\n|move|p1a: Lunala|Meteor Beam||[still]\n|-prepare|p1a: Lunala|Meteor Beam\n|-boost|p1a: Lunala|spa|1\n|move|p2b: Sableye|Foul Play|p1a: Lunala\n|-supereffective|p1a: Lunala\n|-damage|p1a: Lunala|24/100\n|move|p2a: Calyrex|Trick Room|p2a: Calyrex\n|-fieldstart|move: Trick Room|[of] p2a: Calyrex\n|\n|-end|p1a: Lunala|Encore\n|upkeep\n|turn|5\n|inactive|ArisHazard has 30 seconds left.\n|\n|t:|1774444246\n|switch|p2b: Miraidon|Miraidon, L50|100/100\n|-fieldstart|move: Electric Terrain|[from] ability: Hadron Engine|[of] p2b: Miraidon\n|move|p2a: Calyrex|Protect|p2a: Calyrex\n|-singleturn|p2a: Calyrex|Protect\n|move|p1b: Brute Bonnet|Spore|p2a: Calyrex\n|-activate|p2a: Calyrex|move: Protect\n|move|p1a: Lunala|Meteor Beam|p2a: Calyrex|[from] lockedmove\n|-activate|p2a: Calyrex|move: Protect\n|\n|upkeep\n|turn|6\n|\n|t:|1774444265\n|move|p1b: Brute Bonnet|Sucker Punch|p2a: Calyrex\n|-damage|p2a: Calyrex|39/100\n|move|p2a: Calyrex|Stomping Tantrum|p1a: Lunala\n|-damage|p1a: Lunala|3/100\n|move|p1a: Lunala|Moongeist Beam|p2a: Calyrex\n|-damage|p2a: Calyrex|0 fnt\n|faint|p2a: Calyrex\n|move|p2b: Miraidon|Snarl|p1a: Lunala|[spread] p1a,p1b\n|-supereffective|p1a: Lunala\n|-resisted|p1b: Brute Bonnet\n|-damage|p1a: Lunala|0 fnt\n|-damage|p1b: Brute Bonnet|92/100\n|-unboost|p1b: Brute Bonnet|spa|1\n|faint|p1a: Lunala\n|\n|upkeep\n|\n|t:|1774444284\n|switch|p2a: Hitmontop|Hitmontop, L50, M|100/100\n|switch|p1a: Ursaluna|Ursaluna, L50, F, shiny|100/100\n|-ability|p2a: Hitmontop|Intimidate|boost\n|-unboost|p1a: Ursaluna|atk|1\n|-unboost|p1b: Brute Bonnet|atk|1\n|turn|7\n|\n|t:|1774444294\n|switch|p2b: Sableye|Sableye, L50, F|100/100\n|move|p2a: Hitmontop|Fake Out|p1a: Ursaluna\n|-damage|p1a: Ursaluna|93/100\n|cant|p1a: Ursaluna|flinch\n|move|p1b: Brute Bonnet|Seed Bomb|p2b: Sableye\n|-damage|p2b: Sableye|75/100\n|\n|-status|p1a: Ursaluna|brn|[from] item: Flame Orb\n|upkeep\n|turn|8\n|\n|t:|1774444311\n|switch|p2a: Miraidon|Miraidon, L50|100/100\n|-activate|p2a: Miraidon|ability: Hadron Engine\n|move|p2b: Sableye|Protect|p2b: Sableye\n|-singleturn|p2b: Sableye|Protect\n|move|p1b: Brute Bonnet|Rage Powder|p1b: Brute Bonnet\n|-singleturn|p1b: Brute Bonnet|move: Rage Powder\n|move|p1a: Ursaluna|Headlong Rush|p2b: Sableye\n|-activate|p2b: Sableye|move: Protect\n|\n|-damage|p1a: Ursaluna|87/100 brn|[from] brn\n|-fieldend|move: Trick Room\n|upkeep\n|turn|9\n|inactive|ArisHazard has 30 seconds left.\n|\n|t:|1774444342\n|move|p1b: Brute Bonnet|Sucker Punch|p2a: Miraidon\n|-damage|p2a: Miraidon|85/100\n|move|p2b: Sableye|Disable|p1a: Ursaluna\n|-start|p1a: Ursaluna|Disable|Headlong Rush\n|move|p2a: Miraidon|Volt Switch|p1b: Brute Bonnet\n|-resisted|p1b: Brute Bonnet\n|-damage|p1b: Brute Bonnet|65/100\n|\n|t:|1774444351\n|switch|p2a: Hitmontop|Hitmontop, L50, M|100/100|[from] Volt Switch\n|-ability|p2a: Hitmontop|Intimidate|boost\n|-unboost|p1a: Ursaluna|atk|1\n|-unboost|p1b: Brute Bonnet|atk|1\n|move|p1a: Ursaluna|Earthquake|p2b: Sableye|[spread] p1b,p2a,p2b\n|-resisted|p1b: Brute Bonnet\n|-crit|p2b: Sableye\n|-damage|p1b: Brute Bonnet|57/100\n|-damage|p2a: Hitmontop|64/100\n|-damage|p2b: Sableye|0 fnt\n|faint|p2b: Sableye\n|\n|-damage|p1a: Ursaluna|82/100 brn|[from] brn\n|-fieldend|move: Electric Terrain\n|upkeep\n|\n|t:|1774444364\n|switch|p2b: Miraidon|Miraidon, L50|85/100\n|-fieldstart|move: Electric Terrain|[from] ability: Hadron Engine|[of] p2b: Miraidon\n|turn|10\n|\n|t:|1774444373\n|-end|p1b: Brute Bonnet|Protosynthesis|[silent]\n|switch|p1b: Chi-Yu|Chi-Yu, L50, shiny, tera:Ghost|1/100\n|-ability|p1b: Chi-Yu|Beads of Ruin\n|move|p1a: Ursaluna|Protect|p1a: Ursaluna\n|-singleturn|p1a: Ursaluna|Protect\n|move|p2a: Hitmontop|Fake Out|p1b: Chi-Yu\n|-immune|p1b: Chi-Yu\n|move|p2b: Miraidon|Draco Meteor|p1a: Ursaluna\n|-activate|p1a: Ursaluna|move: Protect\n|\n|-damage|p1a: Ursaluna|76/100 brn|[from] brn\n|upkeep\n|turn|11\n|inactive|theminesoftagawa has 30 seconds left.\n|\n|t:|1774444404\n|move|p1b: Chi-Yu|Dark Pulse|p2b: Miraidon\n|-damage|p2b: Miraidon|48/100\n|move|p2b: Miraidon|Snarl|p1b: Chi-Yu|[spread] p1a,p1b\n|-supereffective|p1b: Chi-Yu\n|-damage|p1a: Ursaluna|49/100 brn\n|-damage|p1b: Chi-Yu|0 fnt\n|-unboost|p1a: Ursaluna|spa|1\n|faint|p1b: Chi-Yu\n|move|p2a: Hitmontop|Close Combat|p1a: Ursaluna\n|-supereffective|p1a: Ursaluna\n|-damage|p1a: Ursaluna|0 fnt\n|-unboost|p2a: Hitmontop|def|1\n|-unboost|p2a: Hitmontop|spd|1\n|faint|p1a: Ursaluna\n|\n|upkeep\n|\n|t:|1774444410\n|switch|p1a: Brute Bonnet|Brute Bonnet, L50, shiny|57/100\n|turn|12\n|-message|theminesoftagawa forfeited.\n|\n|win|ArisHazard\n|raw|theminesoftagawa's rating: 1511 &rarr; <strong>1491</strong><br />(-20 for losing)\n|raw|ArisHazard's rating: 1507 &rarr; <strong>1527</strong><br />(+20 for winning)\n|l|\u2606theminesoftagawa\n|player|p1|\n|l|\u2606ArisHazard\n|player|p2|\n","uploadtime":1774444633,"views":11,"formatid":"gen9vgc2026regi","rating":1491,"private":0,"password":null}