{"id":"gen9vgc2026regi-2537835632","format":"[Gen 9] VGC 2026 Reg I","players":["paradox franco","yubanmeiqin"],"log":"|j|\u2606paradox franco\n|j|\u2606yubanmeiqin\n|t:|1770853367\n|gametype|doubles\n|player|p1|paradox franco|elesa|1422\n|player|p2|yubanmeiqin|iono-masters|1457\n|gen|9\n|tier|[Gen 9] VGC 2026 Reg I\n|rated|\n|rule|Species Clause: Limit one of each Pok\u00e9mon\n|rule|Item Clause: Limit 1 of each item\n|clearpoke\n|poke|p1|Calyrex-Shadow, L50|\n|poke|p1|Zamazenta-*, L50|\n|poke|p1|Raging Bolt, L50|\n|poke|p1|Urshifu-*, L50, M|\n|poke|p1|Dragonite, L50, F|\n|poke|p1|Weezing-Galar, L50, F|\n|poke|p2|Miraidon, L50|\n|poke|p2|Kyogre, L50|\n|poke|p2|Whimsicott, L50, F|\n|poke|p2|Iron Hands, L50|\n|poke|p2|Farigiraf, L50, M|\n|poke|p2|Urshifu-*, L50, M|\n|teampreview|4\n|\n|t:|1770853420\n|teamsize|p1|4\n|teamsize|p2|4\n|start\n|switch|p1a: Weezing|Weezing-Galar, L50, F|100/100\n|switch|p1b: Raging Bolt|Raging Bolt, L50|100/100\n|switch|p2a: \u7d2b\u8272\u5fc3\u60c5|Miraidon, L50, shiny|100/100\n|switch|p2b: \u4e94\u5bfc\u718a\u6e7f|Urshifu, L50, M|100/100\n|-ability|p1a: Weezing|Neutralizing Gas\n|turn|1\n|\n|t:|1770853454\n|-terastallize|p2a: \u7d2b\u8272\u5fc3\u60c5|Fairy\n|move|p2b: \u4e94\u5bfc\u718a\u6e7f|Sucker Punch|p1b: Raging Bolt\n|-damage|p1b: Raging Bolt|55/100\n|move|p2a: \u7d2b\u8272\u5fc3\u60c5|Dazzling Gleam|p1a: Weezing|[spread] p1a,p1b\n|-resisted|p1a: Weezing\n|-supereffective|p1b: Raging Bolt\n|-damage|p1a: Weezing|78/100\n|-damage|p1b: Raging Bolt|1/100\n|-damage|p2a: \u7d2b\u8272\u5fc3\u60c5|91/100|[from] item: Life Orb\n|move|p1b: Raging Bolt|Draco Meteor|p2a: \u7d2b\u8272\u5fc3\u60c5\n|-immune|p2a: \u7d2b\u8272\u5fc3\u60c5\n|move|p1a: Weezing|Will-O-Wisp|p2b: \u4e94\u5bfc\u718a\u6e7f\n|-status|p2b: \u4e94\u5bfc\u718a\u6e7f|brn\n|\n|-damage|p2b: \u4e94\u5bfc\u718a\u6e7f|94/100 brn|[from] brn\n|upkeep\n|turn|2\n|\n|t:|1770853478\n|switch|p2b: \u5996\u820d\u7cbe\u62c9|Whimsicott, L50, F, shiny|100/100\n|move|p2a: \u7d2b\u8272\u5fc3\u60c5|Protect|p2a: \u7d2b\u8272\u5fc3\u60c5\n|-singleturn|p2a: \u7d2b\u8272\u5fc3\u60c5|Protect\n|move|p1a: Weezing|Protect|p1a: Weezing\n|-singleturn|p1a: Weezing|Protect\n|move|p1b: Raging Bolt|Thunderclap||[still]\n|-fail|p1b: Raging Bolt\n|\n|upkeep\n|turn|3\n|inactive|Battle timer is ON: inactive players will automatically lose when time's up. (requested by paradox franco)\n|\n|t:|1770853491\n|move|p1b: Raging Bolt|Thunderclap|p2a: \u7d2b\u8272\u5fc3\u60c5\n|-damage|p2a: \u7d2b\u8272\u5fc3\u60c5|60/100\n|move|p2b: \u5996\u820d\u7cbe\u62c9|Tailwind|p2b: \u5996\u820d\u7cbe\u62c9\n|-sidestart|p2: yubanmeiqin|move: Tailwind\n|move|p2a: \u7d2b\u8272\u5fc3\u60c5|Dazzling Gleam|p1a: Weezing|[spread] p1a,p1b\n|-resisted|p1a: Weezing\n|-supereffective|p1b: Raging Bolt\n|-damage|p1a: Weezing|53/100\n|-damage|p1b: Raging Bolt|0 fnt\n|faint|p1b: Raging Bolt\n|-end|p1b: Raging Bolt|Protosynthesis|[silent]\n|-damage|p2a: \u7d2b\u8272\u5fc3\u60c5|50/100|[from] item: Life Orb\n|move|p1a: Weezing|Poison Gas|p2a: \u7d2b\u8272\u5fc3\u60c5|[spread] p2a,p2b\n|-status|p2a: \u7d2b\u8272\u5fc3\u60c5|psn\n|-status|p2b: \u5996\u820d\u7cbe\u62c9|psn\n|\n|-damage|p2b: \u5996\u820d\u7cbe\u62c9|88/100 psn|[from] psn\n|-damage|p2a: \u7d2b\u8272\u5fc3\u60c5|38/100 psn|[from] psn\n|upkeep\n|\n|t:|1770853498\n|switch|p1b: Zamazenta|Zamazenta-Crowned, L50|100/100\n|turn|4\n|\n|t:|1770853510\n|move|p1b: Zamazenta|Wide Guard|p1b: Zamazenta\n|-singleturn|p1b: Zamazenta|Wide Guard\n|move|p2b: \u5996\u820d\u7cbe\u62c9|Taunt|p1b: Zamazenta\n|-start|p1b: Zamazenta|move: Taunt\n|move|p2a: \u7d2b\u8272\u5fc3\u60c5|Electro Drift|p1a: Weezing\n|-damage|p1a: Weezing|0 fnt\n|-damage|p2a: \u7d2b\u8272\u5fc3\u60c5|22/100 psn|[from] item: Rocky Helmet|[of] p1a: Weezing\n|faint|p1a: Weezing\n|-end|p1a: Weezing|ability: Neutralizing Gas\n|-fieldstart|move: Electric Terrain|[from] ability: Hadron Engine|[of] p2a: \u7d2b\u8272\u5fc3\u60c5\n|-ability|p1b: Zamazenta|Dauntless Shield|boost\n|-boost|p1b: Zamazenta|def|1\n|-damage|p2a: \u7d2b\u8272\u5fc3\u60c5|12/100 psn|[from] item: Life Orb\n|\n|-damage|p2b: \u5996\u820d\u7cbe\u62c9|75/100 psn|[from] psn\n|-damage|p2a: \u7d2b\u8272\u5fc3\u60c5|0 fnt|[from] psn\n|faint|p2a: \u7d2b\u8272\u5fc3\u60c5\n|upkeep\n|\n|t:|1770853527\n|switch|p2a: \u7d2b\u9c7c\u5b66\u59d0|Kyogre, L50, shiny|100/100\n|switch|p1a: Calyrex|Calyrex-Shadow, L50|100/100\n|-ability|p1a: Calyrex|As One\n|-ability|p1a: Calyrex|Unnerve\n|-weather|RainDance|[from] ability: Drizzle|[of] p2a: \u7d2b\u9c7c\u5b66\u59d0\n|turn|5\n|\n|t:|1770853537\n|move|p2b: \u5996\u820d\u7cbe\u62c9|Endeavor|p1b: Zamazenta\n|-damage|p1b: Zamazenta|54/100\n|move|p2a: \u7d2b\u9c7c\u5b66\u59d0|Water Spout|p1a: Calyrex|[spread] p1a,p1b\n|-enditem|p1a: Calyrex|Focus Sash\n|-damage|p1a: Calyrex|1/100\n|-damage|p1b: Zamazenta|0 fnt\n|faint|p1b: Zamazenta\n|move|p1a: Calyrex|Astral Barrage|p2b: \u5996\u820d\u7cbe\u62c9|[spread] p2a,p2b\n|-damage|p2a: \u7d2b\u9c7c\u5b66\u59d0|56/100\n|-damage|p2b: \u5996\u820d\u7cbe\u62c9|0 fnt\n|faint|p2b: \u5996\u820d\u7cbe\u62c9\n|-ability|p1a: Calyrex|Grim Neigh|boost\n|-boost|p1a: Calyrex|spa|1\n|\n|-weather|RainDance|[upkeep]\n|upkeep\n|-message|paradox franco forfeited.\n|\n|win|yubanmeiqin\n|raw|paradox franco's rating: 1422 &rarr; <strong>1404</strong><br />(-18 for losing)\n|raw|yubanmeiqin's rating: 1457 &rarr; <strong>1475</strong><br />(+18 for winning)\n|l|\u2606paradox franco\n|player|p1|\n|l|\u2606yubanmeiqin\n|player|p2|\n","uploadtime":1770853693,"views":13,"formatid":"gen9vgc2026regi","rating":1404,"private":0,"password":null}