{"id":"gen9vgc2026regi-2570232171","format":"[Gen 9] VGC 2026 Reg I","players":["happyorunhappy\u6625\u548c\u666f\u660e","hfyssgtslaaa"],"log":"|j|\u2606happyorunhappy\u6625\u548c\u666f\u660e\n|j|\u2606hfyssgtslaaa\n|t:|1774791745\n|gametype|doubles\n|player|p1|happyorunhappy\u6625\u548c\u666f\u660e|iono|\n|player|p2|hfyssgtslaaa|may-masters2|\n|gen|9\n|tier|[Gen 9] VGC 2026 Reg I\n|rule|Species Clause: Limit one of each Pok\u00e9mon\n|rule|Item Clause: Limit 1 of each item\n|clearpoke\n|poke|p1|Calyrex-Ice, L50|\n|poke|p1|Miraidon, L50|\n|poke|p1|Farigiraf, L50, M|\n|poke|p1|Ogerpon-Hearthflame, L50, F|\n|poke|p1|Landorus, L50, M|\n|poke|p1|Urshifu-*, L50, M|\n|poke|p2|Raging Bolt, L50|\n|poke|p2|Chien-Pao, L50|\n|poke|p2|Calyrex-Shadow, L50|\n|poke|p2|Rillaboom, L50, M|\n|poke|p2|Amoonguss, L50, F|\n|poke|p2|Zamazenta-*, L50|\n|teampreview|4\n|inactive|Battle timer is ON: inactive players will automatically lose when time's up. (requested by hfyssgtslaaa)\n|c|\u2606happyorunhappy\u6625\u548c\u666f\u660e|\u90aa\u6076\u9ed1\u76fe\n|c|\u2606hfyssgtslaaa|\u54ea\u91cc\u90aa\u6076\u4e86\n|inactive|hfyssgtslaaa has 60 seconds left.\n|\n|t:|1774791784\n|teamsize|p1|4\n|teamsize|p2|4\n|start\n|switch|p1a: Ogerpon|Ogerpon-Hearthflame, L50, F|100/100\n|switch|p1b: Farigiraf|Farigiraf, L50, M|100/100\n|switch|p2a: Calyrex|Calyrex-Shadow, L50|100/100\n|switch|p2b: Zamazenta|Zamazenta-Crowned, L50|100/100\n|-ability|p2a: Calyrex|As One\n|-ability|p2a: Calyrex|Unnerve\n|-ability|p2b: Zamazenta|Dauntless Shield|boost\n|-boost|p2b: Zamazenta|def|1\n|-ability|p1a: Ogerpon|Mold Breaker\n|turn|1\n|\n|t:|1774791798\n|switch|p1a: Miraidon|Miraidon, L50|100/100\n|-fieldstart|move: Electric Terrain|[from] ability: Hadron Engine|[of] p1a: Miraidon\n|-enditem|p1b: Farigiraf|Electric Seed\n|-boost|p1b: Farigiraf|def|1|[from] item: Electric Seed\n|-terastallize|p2b: Zamazenta|Water\n|move|p2a: Calyrex|Astral Barrage|p1a: Miraidon|[spread] p1a\n|-immune|p1b: Farigiraf\n|-damage|p1a: Miraidon|70/100\n|move|p2b: Zamazenta|Body Press|p1a: Miraidon\n|-damage|p1a: Miraidon|13/100\n|move|p1b: Farigiraf|Trick Room|p1b: Farigiraf\n|-fieldstart|move: Trick Room|[of] p1b: Farigiraf\n|\n|upkeep\n|turn|2\n|inactive|hfyssgtslaaa has 30 seconds left.\n|inactive|hfyssgtslaaa has 20 seconds left.\n|\n|t:|1774791836\n|move|p1b: Farigiraf|Foul Play|p2a: Calyrex\n|-supereffective|p2a: Calyrex\n|-damage|p2a: Calyrex|21/100\n|move|p1a: Miraidon|Volt Switch|p2a: Calyrex\n|-damage|p2a: Calyrex|0 fnt\n|faint|p2a: Calyrex\n|c|\u2606happyorunhappy\u6625\u548c\u666f\u660e|\u6211\u5728\u5e72\u4ec0\u4e48\n|\n|t:|1774791854\n|switch|p1a: Ogerpon|Ogerpon-Hearthflame, L50, F|100/100|[from] Volt Switch\n|-ability|p1a: Ogerpon|Mold Breaker\n|move|p2b: Zamazenta|Body Press|p1b: Farigiraf\n|-crit|p1b: Farigiraf\n|-damage|p1b: Farigiraf|0 fnt\n|faint|p1b: Farigiraf\n|\n|upkeep\n|\n|t:|1774791867\n|switch|p1b: Miraidon|Miraidon, L50|13/100\n|switch|p2a: Raging Bolt|Raging Bolt, L50|100/100\n|-activate|p1b: Miraidon|ability: Hadron Engine\n|turn|3\n|c|\u2606happyorunhappy\u6625\u548c\u666f\u660e|\uff08\u601d\u8003\uff09\n|c|\u2606happyorunhappy\u6625\u548c\u666f\u660e|\u6211\u662f\u4e0d\u662f\u8be5\u8bf4\u8c22\u8c22\n|c|\u2606hfyssgtslaaa|\u6211\u3002\u3002\u3002\n|inactive|hfyssgtslaaa has 30 seconds left.\n|c|\u2606happyorunhappy\u6625\u548c\u666f\u660e|\u8fd9\u6837\u5c31\u4e0d\u5361\u573a\u4e86\n|inactive|hfyssgtslaaa has 20 seconds left.\n|\n|t:|1774791906\n|move|p2b: Zamazenta|Protect|p2b: Zamazenta\n|-singleturn|p2b: Zamazenta|Protect\n|move|p2a: Raging Bolt|Dragon Pulse|p1a: Ogerpon\n|-damage|p1a: Ogerpon|49/100\n|move|p1a: Ogerpon|Wood Hammer|p2b: Zamazenta\n|-activate|p2b: Zamazenta|move: Protect\n|move|p1b: Miraidon|Volt Switch|p2b: Zamazenta\n|-activate|p2b: Zamazenta|move: Protect\n|\n|upkeep\n|turn|4\n|c|\u2606hfyssgtslaaa|\u5fd8\u4e86\u6709\u7a7a\u95f4\u4e86\n|\n|t:|1774791929\n|switch|p1b: Calyrex|Calyrex-Ice, L50|100/100\n|-ability|p1b: Calyrex|As One\n|-ability|p1b: Calyrex|Unnerve\n|move|p2a: Raging Bolt|Dragon Pulse|p1a: Ogerpon\n|-damage|p1a: Ogerpon|1/100\n|move|p1a: Ogerpon|Wood Hammer|p2b: Zamazenta\n|-supereffective|p2b: Zamazenta\n|-damage|p2b: Zamazenta|49/100\n|-damage|p1a: Ogerpon|0 fnt|[from] Recoil\n|faint|p1a: Ogerpon\n|move|p2b: Zamazenta|Body Press|p1b: Calyrex\n|-crit|p1b: Calyrex\n|-damage|p1b: Calyrex|32/100\n|\n|upkeep\n|\n|t:|1774791943\n|switch|p1a: Miraidon|Miraidon, L50|13/100\n|-activate|p1a: Miraidon|ability: Hadron Engine\n|turn|5\n|c|\u2606hfyssgtslaaa|\u6211\u8fd9\u4e48\u72d7\u8fd0\u7684\u5417\n|c|\u2606happyorunhappy\u6625\u548c\u666f\u660e|\u8fd9\u76fe\u6784\u5403\u4ec0\u4e48\u957f\u5927\u7684\n|inactive|hfyssgtslaaa has 30 seconds left.\n|\n|t:|1774791968\n|move|p2b: Zamazenta|Wide Guard|p2b: Zamazenta\n|-singleturn|p2b: Zamazenta|Wide Guard\n|move|p1b: Calyrex|Glacial Lance|p2a: Raging Bolt|[spread] \n|-activate|p2a: Raging Bolt|move: Wide Guard\n|-activate|p2b: Zamazenta|move: Wide Guard\n|move|p2a: Raging Bolt|Thunderbolt|p1b: Calyrex\n|-damage|p1b: Calyrex|0 fnt\n|faint|p1b: Calyrex\n|move|p1a: Miraidon|Volt Switch|p2b: Zamazenta\n|-supereffective|p2b: Zamazenta\n|-damage|p2b: Zamazenta|0 fnt\n|faint|p2b: Zamazenta\n|\n|-fieldend|move: Trick Room\n|-fieldend|move: Electric Terrain\n|upkeep\n|c|\u2606hfyssgtslaaa|\u7f81\u7eca\n|\n|t:|1774791983\n|switch|p2b: Chien-Pao|Chien-Pao, L50|100/100\n|-ability|p2b: Chien-Pao|Sword of Ruin\n|turn|6\n|c|\u2606happyorunhappy\u6625\u548c\u666f\u660e|\u545c\u545c\u545c\n|l|\u2606hfyssgtslaaa\n|inactive|hfyssgtslaaa disconnected and has 300 seconds to reconnect!\n|player|p2|\n|-message|happyorunhappy\u6625\u548c\u666f\u660e forfeited.\n|\n|win|hfyssgtslaaa\n","uploadtime":1774792003,"views":15,"formatid":"gen9vgc2026regi","rating":null,"private":0,"password":null}