{"id":"gen9vgc2026regi-2548604108","format":"[Gen 9] VGC 2026 Reg I","players":["jd8erh","Lowpass"],"log":"|j|\u2606jd8erh\n|j|\u2606Lowpass\n|t:|1772232267\n|gametype|doubles\n|player|p1|jd8erh|170|1355\n|player|p2|Lowpass|lance|1388\n|gen|9\n|tier|[Gen 9] VGC 2026 Reg I\n|rated|\n|rule|Species Clause: Limit one of each Pok\u00e9mon\n|rule|Item Clause: Limit 1 of each item\n|clearpoke\n|poke|p1|Miraidon, L50|\n|poke|p1|Calyrex-Ice, L50|\n|poke|p1|Urshifu-*, L50, F|\n|poke|p1|Incineroar, L50, F|\n|poke|p1|Farigiraf, L50, F|\n|poke|p1|Ogerpon-Hearthflame, L50, F|\n|poke|p2|Lugia, L50|\n|poke|p2|Groudon, L50|\n|poke|p2|Iron Valiant, L50|\n|poke|p2|Incineroar, L50, M|\n|poke|p2|Jumpluff, L50, F|\n|poke|p2|Walking Wake, L50|\n|teampreview|4\n|inactive|Battle timer is ON: inactive players will automatically lose when time's up. (requested by Lowpass)\n|inactive|jd8erh also wants the timer to be on.\n|\n|t:|1772232289\n|teamsize|p1|4\n|teamsize|p2|4\n|start\n|switch|p1a: Calyrex|Calyrex-Ice, L50|100/100\n|switch|p1b: Incineroar|Incineroar, L50, F|100/100\n|switch|p2a: Iron Valiant|Iron Valiant, L50|100/100\n|switch|p2b: Groudon|Groudon, L50, shiny|100/100\n|-ability|p1a: Calyrex|As One\n|-ability|p1a: Calyrex|Unnerve\n|-weather|SunnyDay|[from] ability: Drought|[of] p2b: Groudon\n|-ability|p1b: Incineroar|Intimidate|boost\n|-unboost|p2a: Iron Valiant|atk|1\n|-unboost|p2b: Groudon|atk|1\n|-enditem|p2a: Iron Valiant|Booster Energy\n|-activate|p2a: Iron Valiant|ability: Quark Drive|[fromitem]\n|-start|p2a: Iron Valiant|quarkdrivespe\n|turn|1\n|\n|t:|1772232303\n|move|p2a: Iron Valiant|Wide Guard|p2a: Iron Valiant\n|-singleturn|p2a: Iron Valiant|Wide Guard\n|move|p1b: Incineroar|Fake Out|p2b: Groudon\n|-damage|p2b: Groudon|94/100\n|cant|p2b: Groudon|flinch\n|move|p1a: Calyrex|Trick Room|p1a: Calyrex\n|-fieldstart|move: Trick Room|[of] p1a: Calyrex\n|\n|-weather|SunnyDay|[upkeep]\n|upkeep\n|turn|2\n|\n|t:|1772232318\n|move|p1a: Calyrex|High Horsepower|p2a: Iron Valiant\n|-damage|p2a: Iron Valiant|62/100\n|move|p1b: Incineroar|Flare Blitz|p2a: Iron Valiant\n|-damage|p2a: Iron Valiant|0 fnt\n|faint|p2a: Iron Valiant\n|-end|p2a: Iron Valiant|Quark Drive|[silent]\n|-damage|p1b: Incineroar|81/100|[from] Recoil\n|move|p2b: Groudon|Precipice Blades|p1b: Incineroar|[spread] p1a,p1b\n|-supereffective|p1b: Incineroar\n|-damage|p1a: Calyrex|79/100\n|-damage|p1b: Incineroar|30/100\n|\n|-weather|SunnyDay|[upkeep]\n|upkeep\n|\n|t:|1772232326\n|switch|p2a: Incineroar|Incineroar, L50, M|100/100\n|-ability|p2a: Incineroar|Intimidate|boost\n|-fail|p1a: Calyrex|unboost|[from] item: Clear Amulet|[of] p1a: Calyrex\n|-unboost|p1b: Incineroar|atk|1\n|turn|3\n|\n|t:|1772232341\n|move|p1a: Calyrex|Protect|p1a: Calyrex\n|-singleturn|p1a: Calyrex|Protect\n|move|p2a: Incineroar|Flare Blitz|p1a: Calyrex\n|-activate|p1a: Calyrex|move: Protect\n|move|p1b: Incineroar|Flare Blitz|p2a: Incineroar\n|-resisted|p2a: Incineroar\n|-damage|p2a: Incineroar|82/100\n|-damage|p1b: Incineroar|23/100|[from] Recoil\n|move|p2b: Groudon|Precipice Blades|p1a: Calyrex|[spread] p1b\n|-activate|p1a: Calyrex|move: Protect\n|-supereffective|p1b: Incineroar\n|-crit|p1b: Incineroar\n|-damage|p1b: Incineroar|0 fnt\n|faint|p1b: Incineroar\n|\n|-weather|SunnyDay|[upkeep]\n|upkeep\n|\n|t:|1772232345\n|switch|p1b: Ogerpon|Ogerpon-Hearthflame, L50, F|100/100\n|-ability|p1b: Ogerpon|Mold Breaker\n|turn|4\n|\n|t:|1772232360\n|-terastallize|p2b: Groudon|Fire\n|move|p1b: Ogerpon|Follow Me|p1b: Ogerpon\n|-singleturn|p1b: Ogerpon|move: Follow Me\n|move|p1a: Calyrex|Glacial Lance|p2b: Groudon|[spread] p2a,p2b\n|-resisted|p2a: Incineroar\n|-resisted|p2b: Groudon\n|-damage|p2a: Incineroar|58/100\n|-damage|p2b: Groudon|75/100\n|move|p2a: Incineroar|Flare Blitz|p1b: Ogerpon\n|-damage|p1b: Ogerpon|27/100\n|-damage|p2a: Incineroar|37/100|[from] Recoil\n|move|p2b: Groudon|Precipice Blades|p1a: Calyrex|[spread] p1a,p1b\n|-damage|p1a: Calyrex|58/100\n|-damage|p1b: Ogerpon|0 fnt\n|faint|p1b: Ogerpon\n|\n|-weather|SunnyDay|[upkeep]\n|upkeep\n|\n|t:|1772232367\n|switch|p1b: Miraidon|Miraidon, L50|100/100\n|-fieldstart|move: Electric Terrain|[from] ability: Hadron Engine|[of] p1b: Miraidon\n|turn|5\n|\n|t:|1772232375\n|-terastallize|p1b: Miraidon|Fairy\n|move|p1a: Calyrex|High Horsepower|p2b: Groudon\n|-supereffective|p2b: Groudon\n|-damage|p2b: Groudon|21/100\n|move|p2a: Incineroar|Flare Blitz|p1b: Miraidon\n|-damage|p1b: Miraidon|33/100\n|-damage|p2a: Incineroar|16/100|[from] Recoil\n|move|p2b: Groudon|Precipice Blades|p1b: Miraidon|[spread] p1a,p1b\n|-damage|p1a: Calyrex|39/100\n|-damage|p1b: Miraidon|2/100\n|move|p1b: Miraidon|Dazzling Gleam|p2b: Groudon|[spread] p2a,p2b\n|-resisted|p2b: Groudon\n|-damage|p2a: Incineroar|0 fnt\n|-damage|p2b: Groudon|3/100\n|faint|p2a: Incineroar\n|\n|-weather|none\n|-fieldend|move: Trick Room\n|upkeep\n|\n|t:|1772232390\n|switch|p2a: Walking Wake|Walking Wake, L50|100/100\n|turn|6\n|\n|t:|1772232400\n|move|p1b: Miraidon|Dazzling Gleam|p2b: Groudon|[spread] p2a,p2b\n|-supereffective|p2a: Walking Wake\n|-resisted|p2b: Groudon\n|-crit|p2b: Groudon\n|-damage|p2a: Walking Wake|0 fnt\n|-damage|p2b: Groudon|0 fnt\n|faint|p2a: Walking Wake\n|-end|p2a: Walking Wake|Protosynthesis|[silent]\n|faint|p2b: Groudon\n|\n|win|jd8erh\n|raw|jd8erh's rating: 1355 &rarr; <strong>1377</strong><br />(+22 for winning)\n|raw|Lowpass's rating: 1388 &rarr; <strong>1366</strong><br />(-22 for losing)\n|l|\u2606Lowpass\n|player|p2|\n|l|\u2606jd8erh\n|player|p1|\n","uploadtime":1772232621,"views":11,"formatid":"gen9vgc2026regi","rating":1366,"private":0,"password":null}