{"id":"gen9vgc2026regi-2553313908","format":"[Gen 9] VGC 2026 Reg I","players":["EllenJoe2026","Pokemonst3r"],"log":"|j|\u2606EllenJoe2026\n|j|\u2606Pokemonst3r\n|t:|1772819601\n|gametype|doubles\n|player|p1|EllenJoe2026|102|1395\n|player|p2|Pokemonst3r|266|1530\n|gen|9\n|tier|[Gen 9] VGC 2026 Reg I\n|rated|\n|rule|Species Clause: Limit one of each Pok\u00e9mon\n|rule|Item Clause: Limit 1 of each item\n|clearpoke\n|poke|p1|Calyrex-Shadow, L50|\n|poke|p1|Zamazenta-*, L50|\n|poke|p1|Chien-Pao, L50|\n|poke|p1|Dragonite, L50, M|\n|poke|p1|Amoonguss, L50, M|\n|poke|p1|Tornadus, L50, M|\n|poke|p2|Chien-Pao, L50|\n|poke|p2|Calyrex-Shadow, L50|\n|poke|p2|Dondozo, L50, F|\n|poke|p2|Zamazenta-*, L50|\n|poke|p2|Dragonite, L50, F|\n|poke|p2|Tatsugiri, L50, M|\n|teampreview|4\n|inactive|Battle timer is ON: inactive players will automatically lose when time's up. (requested by Pokemonst3r)\n|inactive|EllenJoe2026 also wants the timer to be on.\n|\n|t:|1772819632\n|teamsize|p1|4\n|teamsize|p2|4\n|start\n|switch|p1a: Calyrex|Calyrex-Shadow, L50|100/100\n|switch|p1b: Zamazenta|Zamazenta-Crowned, L50|100/100\n|switch|p2a: Chien-Pao|Chien-Pao, L50|100/100\n|switch|p2b: Zamazenta|Zamazenta-Crowned, L50|100/100\n|-ability|p1a: Calyrex|As One\n|-ability|p1a: Calyrex|Unnerve\n|-ability|p2a: Chien-Pao|Sword of Ruin\n|-ability|p2b: Zamazenta|Dauntless Shield|boost\n|-boost|p2b: Zamazenta|def|1\n|-ability|p1b: Zamazenta|Dauntless Shield|boost\n|-boost|p1b: Zamazenta|def|1\n|turn|1\n|\n|t:|1772819648\n|-terastallize|p1a: Calyrex|Dark\n|move|p1a: Calyrex|Nasty Plot|p1a: Calyrex\n|-boost|p1a: Calyrex|spa|2\n|move|p2a: Chien-Pao|Taunt|p1b: Zamazenta\n|-start|p1b: Zamazenta|move: Taunt\n|move|p2b: Zamazenta|Behemoth Bash|p1a: Calyrex\n|-damage|p1a: Calyrex|30/100\n|cant|p1b: Zamazenta|move: Taunt|Imprison\n|\n|upkeep\n|turn|2\n|\n|t:|1772819672\n|move|p1a: Calyrex|Psychic|p2b: Zamazenta\n|-damage|p2b: Zamazenta|0 fnt\n|faint|p2b: Zamazenta\n|-ability|p1a: Calyrex|Grim Neigh|boost\n|-boost|p1a: Calyrex|spa|1\n|-damage|p1a: Calyrex|20/100|[from] item: Life Orb\n|move|p2a: Chien-Pao|Ice Spinner|p1a: Calyrex\n|-damage|p1a: Calyrex|0 fnt\n|faint|p1a: Calyrex\n|move|p1b: Zamazenta|Body Press|p2a: Chien-Pao\n|-supereffective|p2a: Chien-Pao\n|-enditem|p2a: Chien-Pao|Focus Sash\n|-damage|p2a: Chien-Pao|1/100\n|\n|upkeep\n|\n|t:|1772819685\n|switch|p1a: Chien-Pao|Chien-Pao, L50|100/100\n|switch|p2b: Calyrex|Calyrex-Shadow, L50|100/100\n|-ability|p2b: Calyrex|As One\n|-ability|p2b: Calyrex|Unnerve\n|-ability|p1a: Chien-Pao|Sword of Ruin\n|turn|3\n|inactive|EllenJoe2026 has 30 seconds left.\n|\n|t:|1772819710\n|move|p2a: Chien-Pao|Sucker Punch|p1a: Chien-Pao\n|-resisted|p1a: Chien-Pao\n|-damage|p1a: Chien-Pao|79/100\n|move|p1a: Chien-Pao|Sucker Punch||[still]\n|-fail|p1a: Chien-Pao\n|move|p2b: Calyrex|Astral Barrage|p1b: Zamazenta|[spread] p1a,p1b\n|-resisted|p1a: Chien-Pao\n|-damage|p1a: Chien-Pao|37/100\n|-damage|p1b: Zamazenta|63/100\n|move|p1b: Zamazenta|Body Press|p2b: Calyrex\n|-immune|p2b: Calyrex\n|\n|-end|p1b: Zamazenta|move: Taunt\n|upkeep\n|turn|4\n|\n|t:|1772819733\n|switch|p2b: Dragonite|Dragonite, L50, F|100/100\n|move|p2a: Chien-Pao|Sucker Punch|p1a: Chien-Pao\n|-resisted|p1a: Chien-Pao\n|-damage|p1a: Chien-Pao|14/100\n|move|p1a: Chien-Pao|Sucker Punch||[still]\n|-fail|p1a: Chien-Pao\n|move|p1b: Zamazenta|Body Press|p2b: Dragonite\n|-resisted|p2b: Dragonite\n|-damage|p2b: Dragonite|57/100\n|\n|upkeep\n|turn|5\n|\n|t:|1772819754\n|move|p1a: Chien-Pao|Protect|p1a: Chien-Pao\n|-singleturn|p1a: Chien-Pao|Protect\n|move|p2b: Dragonite|Extreme Speed|p1a: Chien-Pao\n|-activate|p1a: Chien-Pao|move: Protect\n|move|p2a: Chien-Pao|Ruination|p1b: Zamazenta\n|-damage|p1b: Zamazenta|32/100\n|move|p1b: Zamazenta|Body Press|p2a: Chien-Pao\n|-supereffective|p2a: Chien-Pao\n|-damage|p2a: Chien-Pao|0 fnt\n|faint|p2a: Chien-Pao\n|\n|upkeep\n|\n|t:|1772819765\n|switch|p2a: Calyrex|Calyrex-Shadow, L50|100/100\n|-ability|p2a: Calyrex|As One\n|-ability|p2a: Calyrex|Unnerve\n|turn|6\n|\n|t:|1772819780\n|switch|p1a: Amoonguss|Amoonguss, L50, M|100/100\n|move|p2b: Dragonite|Extreme Speed|p1a: Amoonguss\n|-damage|p1a: Amoonguss|64/100\n|-damage|p2b: Dragonite|40/100|[from] item: Rocky Helmet|[of] p1a: Amoonguss\n|move|p2a: Calyrex|Astral Barrage|p1b: Zamazenta|[spread] p1a,p1b\n|-damage|p1a: Amoonguss|11/100\n|-damage|p1b: Zamazenta|0 fnt\n|faint|p1b: Zamazenta\n|-ability|p2a: Calyrex|Grim Neigh|boost\n|-boost|p2a: Calyrex|spa|1\n|\n|upkeep\n|-message|EllenJoe2026 forfeited.\n|\n|win|Pokemonst3r\n|raw|EllenJoe2026's rating: 1395 &rarr; <strong>1382</strong><br />(-13 for losing)\n|raw|Pokemonst3r's rating: 1530 &rarr; <strong>1543</strong><br />(+13 for winning)\n|l|\u2606EllenJoe2026\n|player|p1|\n|l|\u2606Pokemonst3r\n|player|p2|\n","uploadtime":1772819986,"views":14,"formatid":"gen9vgc2026regi","rating":1382,"private":0,"password":null}