{"id":"gen9vgc2026regi-2549991101","format":"[Gen 9] VGC 2026 Reg I","players":["Low Tier Goodra","I\u2764\ufe0f\u5a1c\u7984forever"],"log":"|j|\u2606Low Tier Goodra\n|j|\u2606I\u2764\ufe0f\u5a1c\u7984forever\n|t:|1772437785\n|gametype|doubles\n|player|p1|Low Tier Goodra|jasmine|1362\n|player|p2|I\u2764\ufe0f\u5a1c\u7984forever|youngcouple-gen4dp|1450\n|gen|9\n|tier|[Gen 9] VGC 2026 Reg I\n|rated|\n|rule|Species Clause: Limit one of each Pok\u00e9mon\n|rule|Item Clause: Limit 1 of each item\n|clearpoke\n|poke|p1|Calyrex-Ice, L50|\n|poke|p1|Kyogre, L50|\n|poke|p1|Sinistcha-Masterpiece, L50|\n|poke|p1|Rillaboom, L50, M|\n|poke|p1|Ursaluna, L50, F|\n|poke|p1|Incineroar, L50, M|\n|poke|p2|Groudon, L50|\n|poke|p2|Kyurem-White, L50|\n|poke|p2|Heatran, L50, F|\n|poke|p2|Whimsicott, L50, F|\n|poke|p2|Roaring Moon, L50|\n|poke|p2|Ditto, L50|\n|teampreview|4\n|\n|t:|1772437842\n|teamsize|p1|4\n|teamsize|p2|4\n|start\n|switch|p1a: Incineroar|Incineroar, L50, M|100/100\n|switch|p1b: Calyrex|Calyrex-Ice, L50|100/100\n|switch|p2a: Roaring Moon|Roaring Moon, L50|100/100\n|switch|p2b: Kyurem|Kyurem-White, L50|100/100\n|-ability|p1b: Calyrex|As One\n|-ability|p1b: Calyrex|Unnerve\n|-ability|p2b: Kyurem|Turboblaze\n|-ability|p1a: Incineroar|Intimidate|boost\n|-unboost|p2a: Roaring Moon|atk|1\n|-unboost|p2b: Kyurem|atk|1\n|turn|1\n|\n|t:|1772437860\n|move|p1a: Incineroar|Fake Out|p2b: Kyurem\n|-damage|p2b: Kyurem|89/100\n|move|p2a: Roaring Moon|Rock Slide|p1b: Calyrex|[spread] p1a,p1b\n|-supereffective|p1a: Incineroar\n|-supereffective|p1b: Calyrex\n|-crit|p1b: Calyrex\n|-damage|p1a: Incineroar|71/100\n|-damage|p1b: Calyrex|64/100\n|cant|p2b: Kyurem|flinch\n|cant|p1b: Calyrex|flinch\n|\n|upkeep\n|turn|2\n|\n|t:|1772437877\n|-terastallize|p1b: Calyrex|Water\n|move|p2a: Roaring Moon|Rock Slide|p1a: Incineroar|[spread] p1a\n|-miss|p2a: Roaring Moon|p1b: Calyrex\n|-supereffective|p1a: Incineroar\n|-damage|p1a: Incineroar|44/100\n|move|p2b: Kyurem|Shadow Ball|p1b: Calyrex\n|-damage|p1b: Calyrex|43/100\n|move|p1a: Incineroar|Knock Off|p2b: Kyurem\n|-damage|p2b: Kyurem|50/100\n|-enditem|p2b: Kyurem|Blunder Policy|[from] move: Knock Off|[of] p1a: Incineroar\n|move|p1b: Calyrex|Trick Room|p1b: Calyrex\n|-fieldstart|move: Trick Room|[of] p1b: Calyrex\n|\n|upkeep\n|turn|3\n|\n|t:|1772437903\n|switch|p1a: Ursaluna|Ursaluna, L50, F|100/100\n|move|p1b: Calyrex|Glacial Lance|p2a: Roaring Moon|[spread] p2a,p2b\n|-supereffective|p2a: Roaring Moon\n|-damage|p2a: Roaring Moon|0 fnt\n|-damage|p2b: Kyurem|11/100\n|faint|p2a: Roaring Moon\n|-end|p2a: Roaring Moon|Protosynthesis|[silent]\n|-ability|p1b: Calyrex|Chilling Neigh|boost\n|-boost|p1b: Calyrex|atk|1\n|move|p2b: Kyurem|Earth Power|p1a: Ursaluna\n|-damage|p1a: Ursaluna|63/100\n|\n|-status|p1a: Ursaluna|brn|[from] item: Flame Orb\n|upkeep\n|\n|t:|1772437916\n|switch|p2a: Ditto|Ditto, L50|100/100\n|-transform|p2a: Ditto|p1b: Calyrex|[from] ability: Imposter\n|-ability|p2a: Ditto|As One\n|-ability|p2a: Ditto|Unnerve\n|-start|p2a: Ditto|typechange|Psychic/Ice|[silent]\n|turn|4\n|\n|t:|1772437955\n|move|p1a: Ursaluna|Protect|p1a: Ursaluna\n|-singleturn|p1a: Ursaluna|Protect\n|move|p2a: Ditto|Glacial Lance|p1b: Calyrex|[spread] p1b\n|-activate|p1a: Ursaluna|move: Protect\n|-resisted|p1b: Calyrex\n|-damage|p1b: Calyrex|20/100\n|move|p1b: Calyrex|Glacial Lance|p2b: Kyurem|[spread] p2b\n|-miss|p1b: Calyrex|p2a: Ditto\n|-damage|p2b: Kyurem|0 fnt\n|faint|p2b: Kyurem\n|-ability|p1b: Calyrex|Chilling Neigh|boost\n|-boost|p1b: Calyrex|atk|1\n|\n|-damage|p1a: Ursaluna|57/100 brn|[from] brn\n|upkeep\n|\n|t:|1772437965\n|switch|p2b: Groudon|Groudon, L50|100/100\n|-weather|SunnyDay|[from] ability: Drought|[of] p2b: Groudon\n|turn|5\n|\n|t:|1772437984\n|switch|p1a: Incineroar|Incineroar, L50, M|44/100\n|-ability|p1a: Incineroar|Intimidate|boost\n|-unboost|p2a: Ditto|atk|1\n|-unboost|p2b: Groudon|atk|1\n|-terastallize|p2b: Groudon|Water\n|move|p2a: Ditto|Glacial Lance|p1b: Calyrex|[spread] p1a,p1b\n|-resisted|p1a: Incineroar\n|-resisted|p1b: Calyrex\n|-damage|p1a: Incineroar|21/100\n|-damage|p1b: Calyrex|7/100\n|move|p1b: Calyrex|Glacial Lance|p2a: Ditto|[spread] p2a,p2b\n|-resisted|p2a: Ditto\n|-resisted|p2b: Groudon\n|-damage|p2a: Ditto|61/100\n|-damage|p2b: Groudon|69/100\n|move|p2b: Groudon|Precipice Blades|p1b: Calyrex|[spread] p1a,p1b\n|-supereffective|p1a: Incineroar\n|-damage|p1a: Incineroar|0 fnt\n|-damage|p1b: Calyrex|0 fnt\n|faint|p1a: Incineroar\n|faint|p1b: Calyrex\n|\n|-weather|SunnyDay|[upkeep]\n|upkeep\n|\n|t:|1772438001\n|switch|p1b: Kyogre|Kyogre, L50|100/100\n|switch|p1a: Ursaluna|Ursaluna, L50, F|57/100 brn\n|-weather|RainDance|[from] ability: Drizzle|[of] p1b: Kyogre\n|turn|6\n|j| jiu6666\n|\n|t:|1772438032\n|move|p1b: Kyogre|Water Spout|p2a: Ditto|[spread] p2a,p2b\n|-resisted|p2b: Groudon\n|-damage|p2a: Ditto|0 fnt\n|-damage|p2b: Groudon|39/100\n|faint|p2a: Ditto\n|move|p1a: Ursaluna|Facade|p2b: Groudon\n|-damage|p2b: Groudon|0 fnt\n|faint|p2b: Groudon\n|\n|win|Low Tier Goodra\n|raw|Low Tier Goodra's rating: 1362 &rarr; <strong>1387</strong><br />(+25 for winning)\n|raw|I\u2764\ufe0f\u5a1c\u7984forever's rating: 1450 &rarr; <strong>1425</strong><br />(-25 for losing)\n|l|\u2606Low Tier Goodra\n|player|p1|\n|l|\u2606I\u2764\ufe0f\u5a1c\u7984forever\n|player|p2|\n","uploadtime":1772438178,"views":11,"formatid":"gen9vgc2026regi","rating":1387,"private":0,"password":null}