{"id":"gen9vgc2026regi-2573263831","format":"[Gen 9] VGC 2026 Reg I","players":["darkest_contender","TheManOfSausage"],"log":"|j|\u2606darkest_contender\n|j|\u2606TheManOfSausage\n|t:|1775111586\n|gametype|doubles\n|player|p1|darkest_contender|cynthia-masters3|1514\n|player|p2|TheManOfSausage|miku-water|1578\n|gen|9\n|tier|[Gen 9] VGC 2026 Reg I\n|rated|\n|rule|Species Clause: Limit one of each Pok\u00e9mon\n|rule|Item Clause: Limit 1 of each item\n|clearpoke\n|poke|p1|Calyrex-Shadow, L50|\n|poke|p1|Zamazenta-*, L50|\n|poke|p1|Ogerpon-Cornerstone, L50, F|\n|poke|p1|Flutter Mane, L50|\n|poke|p1|Whimsicott, L50, F|\n|poke|p1|Torkoal, L50, M|\n|poke|p2|Calyrex-Ice, L50|\n|poke|p2|Miraidon, L50|\n|poke|p2|Amoonguss, L50, F|\n|poke|p2|Incineroar, L50, M|\n|poke|p2|Urshifu-*, L50, M|\n|poke|p2|Landorus, L50, M|\n|teampreview|4\nTheManOfSausage has agreed to open team sheets.\ndarkest_contender rejected open team sheets.\n|inactive|Battle timer is ON: inactive players will automatically lose when time's up. (requested by darkest_contender)\n|\n|t:|1775111606\n|teamsize|p1|4\n|teamsize|p2|4\n|start\n|switch|p1a: Calyrex|Calyrex-Shadow, L50|100/100\n|switch|p1b: Flutter Mane|Flutter Mane, L50|100/100\n|switch|p2a: Magical Mirai|Miraidon, L50|100/100\n|switch|p2b: Ogurin|Calyrex-Ice, L50|100/100\n|-ability|p1a: Calyrex|As One\n|-ability|p1a: Calyrex|Unnerve\n|-ability|p2b: Ogurin|As One\n|-ability|p2b: Ogurin|Unnerve\n|-fieldstart|move: Electric Terrain|[from] ability: Hadron Engine|[of] p2a: Magical Mirai\n|-enditem|p1b: Flutter Mane|Booster Energy\n|-activate|p1b: Flutter Mane|ability: Protosynthesis|[fromitem]\n|-start|p1b: Flutter Mane|protosynthesisspe\n|turn|1\n|\n|t:|1775111613\n|-terastallize|p2b: Ogurin|Water\n|move|p1b: Flutter Mane|Moonblast|p2a: Magical Mirai\n|-supereffective|p2a: Magical Mirai\n|-damage|p2a: Magical Mirai|9/100\n|-unboost|p2a: Magical Mirai|spa|1\n|move|p2a: Magical Mirai|Snarl|p1b: Flutter Mane|[spread] p1a,p1b\n|-supereffective|p1a: Calyrex\n|-damage|p1a: Calyrex|39/100\n|-damage|p1b: Flutter Mane|87/100\n|-unboost|p1a: Calyrex|spa|1\n|-unboost|p1b: Flutter Mane|spa|1\n|move|p1a: Calyrex|Astral Barrage|p2b: Ogurin|[spread] p2a,p2b\n|-crit|p2a: Magical Mirai\n|-damage|p2a: Magical Mirai|0 fnt\n|-damage|p2b: Ogurin|74/100\n|faint|p2a: Magical Mirai\n|-ability|p1a: Calyrex|Grim Neigh|boost\n|-boost|p1a: Calyrex|spa|1\n|move|p2b: Ogurin|Glacial Lance|p1b: Flutter Mane|[spread] p1a,p1b\n|-damage|p1a: Calyrex|0 fnt\n|-damage|p1b: Flutter Mane|0 fnt\n|faint|p1a: Calyrex\n|faint|p1b: Flutter Mane\n|-end|p1b: Flutter Mane|Protosynthesis|[silent]\n|-ability|p2b: Ogurin|Chilling Neigh|boost\n|-boost|p2b: Ogurin|atk|2\n|\n|upkeep\n|\n|t:|1775111631\n|switch|p1a: Zamazenta|Zamazenta-Crowned, L50|100/100\n|switch|p1b: Torkoal|Torkoal, L50, M, shiny|100/100\n|switch|p2a: Incineroar|Incineroar, L50, M, shiny|100/100\n|-ability|p1a: Zamazenta|Dauntless Shield|boost\n|-boost|p1a: Zamazenta|def|1\n|-ability|p2a: Incineroar|Intimidate|boost\n|-unboost|p1a: Zamazenta|atk|1\n|-unboost|p1b: Torkoal|atk|1\n|-weather|SunnyDay|[from] ability: Drought|[of] p1b: Torkoal\n|turn|2\n|\n|t:|1775111637\n|-terastallize|p1b: Torkoal|Grass\n|move|p1a: Zamazenta|Wide Guard|p1a: Zamazenta\n|-singleturn|p1a: Zamazenta|Wide Guard\n|move|p2a: Incineroar|Fake Out|p1b: Torkoal\n|-damage|p1b: Torkoal|92/100\n|move|p2b: Ogurin|High Horsepower|p1b: Torkoal\n|-resisted|p1b: Torkoal\n|-crit|p1b: Torkoal\n|-damage|p1b: Torkoal|38/100\n|cant|p1b: Torkoal|flinch\n|\n|-weather|SunnyDay|[upkeep]\n|upkeep\n|turn|3\n|\n|t:|1775111648\n|move|p1a: Zamazenta|Body Press|p2a: Incineroar\n|-supereffective|p2a: Incineroar\n|-damage|p2a: Incineroar|0 fnt\n|faint|p2a: Incineroar\n|move|p2b: Ogurin|Glacial Lance|p1b: Torkoal|[spread] p1a,p1b\n|-resisted|p1a: Zamazenta\n|-supereffective|p1b: Torkoal\n|-damage|p1a: Zamazenta|77/100\n|-damage|p1b: Torkoal|0 fnt\n|faint|p1b: Torkoal\n|-ability|p2b: Ogurin|Chilling Neigh|boost\n|-boost|p2b: Ogurin|atk|1\n|\n|-weather|SunnyDay|[upkeep]\n|upkeep\n|\n|t:|1775111651\n|switch|p2a: Landorus|Landorus, L50, M|100/100\n|turn|4\n|\n|t:|1775111655\n|move|p2a: Landorus|Protect|p2a: Landorus\n|-singleturn|p2a: Landorus|Protect\n|move|p1a: Zamazenta|Body Press|p2b: Ogurin\n|-damage|p2b: Ogurin|28/100\n|move|p2b: Ogurin|Trick Room|p2b: Ogurin\n|-fieldstart|move: Trick Room|[of] p2b: Ogurin\n|\n|-weather|SunnyDay|[upkeep]\n|upkeep\n|turn|5\n|c|\u2606TheManOfSausage|gg\n|\n|t:|1775111668\n|move|p2b: Ogurin|High Horsepower|p1a: Zamazenta\n|-supereffective|p1a: Zamazenta\n|-damage|p1a: Zamazenta|0 fnt\n|faint|p1a: Zamazenta\n|\n|win|TheManOfSausage\n|raw|darkest_contender's rating: 1514 &rarr; <strong>1498</strong><br />(-16 for losing)\n|raw|TheManOfSausage's rating: 1578 &rarr; <strong>1594</strong><br />(+16 for winning)\n|j| Frontrunner643\n|l|\u2606darkest_contender\n|player|p1|\n|l|\u2606TheManOfSausage\n|player|p2|\n|l| Frontrunner643\n","uploadtime":1775111931,"views":18,"formatid":"gen9vgc2026regi","rating":1498,"private":0,"password":null}