{"id":"gen9vgc2026regi-2562590475","format":"[Gen 9] VGC 2026 Reg I","players":["fakexanax","Mirthinion"],"log":"|j|\u2606fakexanax\n|j|\u2606Mirthinion\n|t:|1773932919\n|gametype|doubles\n|player|p1|fakexanax|pokemaniac|1331\n|player|p2|Mirthinion|janitor|1399\n|gen|9\n|tier|[Gen 9] VGC 2026 Reg I\n|rated|\n|rule|Species Clause: Limit one of each Pok\u00e9mon\n|rule|Item Clause: Limit 1 of each item\n|clearpoke\n|poke|p1|Miraidon, L50|\n|poke|p1|Calyrex-Ice, L50|\n|poke|p1|Farigiraf, L50, M|\n|poke|p1|Incineroar, L50, M|\n|poke|p1|Iron Bundle, L50|\n|poke|p1|Iron Treads, L50|\n|poke|p2|Calyrex-Shadow, L50|\n|poke|p2|Zamazenta-*, L50|\n|poke|p2|Urshifu-*, L50, M|\n|poke|p2|Incineroar, L50, M|\n|poke|p2|Rillaboom, L50, M|\n|poke|p2|Tornadus, L50, M|\n|teampreview|4\n|inactive|Battle timer is ON: inactive players will automatically lose when time's up. (requested by Mirthinion)\n|inactive|fakexanax also wants the timer to be on.\n|inactive|Mirthinion has 60 seconds left.\n|j| Motobug in a Kart\n|\n|t:|1773932969\n|teamsize|p1|4\n|teamsize|p2|4\n|start\n|switch|p1a: Calyrex|Calyrex-Ice, L50|100/100\n|switch|p1b: Incineroar|Incineroar, L50, M|100/100\n|switch|p2a: Hoplite|Rillaboom, L50, M|100/100\n|switch|p2b: Drambor|Zamazenta-Crowned, L50|100/100\n|-ability|p1a: Calyrex|As One\n|-ability|p1a: Calyrex|Unnerve\n|-ability|p2b: Drambor|Dauntless Shield|boost\n|-boost|p2b: Drambor|def|1\n|-ability|p1b: Incineroar|Intimidate|boost\n|-unboost|p2a: Hoplite|atk|1\n|-unboost|p2b: Drambor|atk|1\n|-fieldstart|move: Grassy Terrain|[from] ability: Grassy Surge|[of] p2a: Hoplite\n|turn|1\n|inactive|fakexanax has 30 seconds left.\n|\n|t:|1773933000\n|-terastallize|p1b: Incineroar|Ghost\n|move|p1b: Incineroar|Fake Out|p2a: Hoplite\n|-damage|p2a: Hoplite|90/100\n|move|p2b: Drambor|Body Press|p1b: Incineroar\n|-immune|p1b: Incineroar\n|cant|p2a: Hoplite|flinch\n|move|p1a: Calyrex|Trick Room|p1a: Calyrex\n|-fieldstart|move: Trick Room|[of] p1a: Calyrex\n|\n|-heal|p2a: Hoplite|96/100|[from] Grassy Terrain\n|upkeep\n|turn|2\n|\n|t:|1773933015\n|move|p2b: Drambor|Wide Guard|p2b: Drambor\n|-singleturn|p2b: Drambor|Wide Guard\n|move|p1a: Calyrex|High Horsepower|p2b: Drambor\n|-supereffective|p2b: Drambor\n|-damage|p2b: Drambor|65/100\n|move|p2a: Hoplite|U-turn|p1a: Calyrex\n|-supereffective|p1a: Calyrex\n|-damage|p1a: Calyrex|81/100\n|\n|t:|1773933023\n|switch|p2a: Wolfgang|Incineroar, L50, M|100/100|[from] U-turn\n|-ability|p2a: Wolfgang|Intimidate|boost\n|-fail|p1a: Calyrex|unboost|[from] item: Clear Amulet|[of] p1a: Calyrex\n|-unboost|p1b: Incineroar|atk|1\n|move|p1b: Incineroar|Will-O-Wisp|p2b: Drambor\n|-status|p2b: Drambor|brn\n|\n|-heal|p1a: Calyrex|87/100|[from] Grassy Terrain\n|-heal|p2b: Drambor|72/100 brn|[from] Grassy Terrain\n|-damage|p2b: Drambor|65/100 brn|[from] brn\n|upkeep\n|turn|3\n|\n|t:|1773933047\n|move|p1a: Calyrex|Protect|p1a: Calyrex\n|-singleturn|p1a: Calyrex|Protect\n|move|p2a: Wolfgang|Knock Off|p1a: Calyrex\n|-activate|p1a: Calyrex|move: Protect\n|move|p1b: Incineroar|Parting Shot|p2a: Wolfgang\n|-unboost|p2a: Wolfgang|atk|1\n|-unboost|p2a: Wolfgang|spa|1\n|\n|t:|1773933055\n|switch|p1b: Miraidon|Miraidon, L50|100/100|[from] Parting Shot\n|-fieldstart|move: Electric Terrain|[from] ability: Hadron Engine|[of] p1b: Miraidon\n|move|p2b: Drambor|Body Press|p1a: Calyrex\n|-activate|p1a: Calyrex|move: Protect\n|\n|-damage|p2b: Drambor|59/100 brn|[from] brn\n|upkeep\n|turn|4\n|\n|t:|1773933071\n|move|p1a: Calyrex|High Horsepower|p2b: Drambor\n|-supereffective|p2b: Drambor\n|-damage|p2b: Drambor|24/100 brn\n|move|p2a: Wolfgang|Parting Shot|p1b: Miraidon\n|-unboost|p1b: Miraidon|atk|1\n|-unboost|p1b: Miraidon|spa|1\n|\n|t:|1773933076\n|switch|p2a: Hoplite|Rillaboom, L50, M|96/100|[from] Parting Shot\n|-fieldstart|move: Grassy Terrain|[from] ability: Grassy Surge|[of] p2a: Hoplite\n|move|p1b: Miraidon|Volt Switch|p2b: Drambor\n|-damage|p2b: Drambor|0 fnt\n|faint|p2b: Drambor\n|\n|t:|1773933080\n|switch|p1b: Incineroar|Incineroar, L50, M, tera:Ghost|100/100|[from] Volt Switch\n|-ability|p1b: Incineroar|Intimidate|boost\n|-unboost|p2a: Hoplite|atk|1\n|\n|-heal|p1a: Calyrex|93/100|[from] Grassy Terrain\n|-heal|p2a: Hoplite|100/100|[from] Grassy Terrain\n|upkeep\n|\n|t:|1773933089\n|switch|p2b: Beowulf|Urshifu-Rapid-Strike, L50, M|100/100\n|turn|5\n|\n|t:|1773933103\n|switch|p1b: Farigiraf|Farigiraf, L50, M|100/100\n|-terastallize|p2b: Beowulf|Ghost\n|move|p1a: Calyrex|Glacial Lance|p2a: Hoplite|[spread] p2a,p2b\n|-supereffective|p2a: Hoplite\n|-damage|p2a: Hoplite|0 fnt\n|-damage|p2b: Beowulf|35/100\n|faint|p2a: Hoplite\n|-ability|p1a: Calyrex|Chilling Neigh|boost\n|-boost|p1a: Calyrex|atk|1\n|move|p2b: Beowulf|Surging Strikes|p1a: Calyrex\n|-crit|p1a: Calyrex\n|-damage|p1a: Calyrex|74/100\n|-crit|p1a: Calyrex\n|-damage|p1a: Calyrex|55/100\n|-crit|p1a: Calyrex\n|-damage|p1a: Calyrex|37/100\n|-hitcount|p1a: Calyrex|3\n|\n|-heal|p1a: Calyrex|43/100|[from] Grassy Terrain\n|-heal|p2b: Beowulf|41/100|[from] Grassy Terrain\n|-fieldend|move: Trick Room\n|upkeep\n|\n|t:|1773933119\n|switch|p2a: Wolfgang|Incineroar, L50, M|100/100\n|-ability|p2a: Wolfgang|Intimidate|boost\n|-fail|p1a: Calyrex|unboost|[from] item: Clear Amulet|[of] p1a: Calyrex\n|-unboost|p1b: Farigiraf|atk|1\n|turn|6\n|\n|t:|1773933131\n|switch|p1b: Miraidon|Miraidon, L50|100/100\n|-fieldstart|move: Electric Terrain|[from] ability: Hadron Engine|[of] p1b: Miraidon\n|move|p2b: Beowulf|Surging Strikes|p1a: Calyrex\n|-crit|p1a: Calyrex\n|-damage|p1a: Calyrex|23/100\n|-crit|p1a: Calyrex\n|-damage|p1a: Calyrex|4/100\n|-crit|p1a: Calyrex\n|-damage|p1a: Calyrex|0 fnt\n|faint|p1a: Calyrex\n|-hitcount|p1: Calyrex|3\n|move|p2a: Wolfgang|Knock Off|p1b: Miraidon\n|-damage|p1b: Miraidon|62/100\n|-enditem|p1b: Miraidon|Choice Specs|[from] move: Knock Off|[of] p2a: Wolfgang\n|\n|upkeep\n|\n|t:|1773933138\n|switch|p1a: Farigiraf|Farigiraf, L50, M|100/100\n|-enditem|p1a: Farigiraf|Electric Seed\n|-boost|p1a: Farigiraf|def|1|[from] item: Electric Seed\n|turn|7\n|\n|t:|1773933154\n|move|p1a: Farigiraf|Helping Hand|p1b: Miraidon\n|-singleturn|p1b: Miraidon|Helping Hand|[of] p1a: Farigiraf\n|move|p1b: Miraidon|Electro Drift|p2a: Wolfgang\n|-damage|p2a: Wolfgang|1/100\n|move|p2b: Beowulf|Surging Strikes|p1a: Farigiraf\n|-crit|p1a: Farigiraf\n|-damage|p1a: Farigiraf|72/100\n|-crit|p1a: Farigiraf\n|-damage|p1a: Farigiraf|43/100\n|-crit|p1a: Farigiraf\n|-damage|p1a: Farigiraf|14/100\n|-hitcount|p1a: Farigiraf|3\n|move|p2a: Wolfgang|Knock Off|p1a: Farigiraf\n|-supereffective|p1a: Farigiraf\n|-damage|p1a: Farigiraf|0 fnt\n|faint|p1a: Farigiraf\n|\n|upkeep\n|\n|t:|1773933157\n|switch|p1a: Incineroar|Incineroar, L50, M, tera:Ghost|100/100\n|-ability|p1a: Incineroar|Intimidate|boost\n|-unboost|p2a: Wolfgang|atk|1\n|-unboost|p2b: Beowulf|atk|1\n|turn|8\n|\n|t:|1773933176\n|move|p1a: Incineroar|Fake Out|p2a: Wolfgang\n|-damage|p2a: Wolfgang|0 fnt\n|faint|p2a: Wolfgang\n|move|p1b: Miraidon|Electro Drift|p2b: Beowulf\n|-damage|p2b: Beowulf|0 fnt\n|faint|p2b: Beowulf\n|\n|win|fakexanax\n|raw|fakexanax's rating: 1331 &rarr; <strong>1355</strong><br />(+24 for winning)\n|raw|Mirthinion's rating: 1399 &rarr; <strong>1375</strong><br />(-24 for losing)\n|l|\u2606fakexanax\n|player|p1|\n|l| Motobug in a Kart\n","uploadtime":1773933185,"views":79,"formatid":"gen9vgc2026regi","rating":1355,"private":0,"password":null}