{"id":"gen9vgc2026regi-2579595995","format":"[Gen 9] VGC 2026 Reg I","players":["TheManOfSausage","carrotbeafsteak"],"log":"|j|\u2606TheManOfSausage\n|j|\u2606carrotbeafsteak\n|t:|1775803207\n|gametype|doubles\n|player|p1|TheManOfSausage|miku-water|1666\n|player|p2|carrotbeafsteak|265|1418\n|gen|9\n|tier|[Gen 9] VGC 2026 Reg I\n|rated|\n|rule|Species Clause: Limit one of each Pok\u00e9mon\n|rule|Item Clause: Limit 1 of each item\n|clearpoke\n|poke|p1|Calyrex-Ice, L50|\n|poke|p1|Miraidon, L50|\n|poke|p1|Farigiraf, L50, F|\n|poke|p1|Urshifu-*, L50, M|\n|poke|p1|Volcarona, L50, M|\n|poke|p1|Iron Hands, L50|\n|poke|p2|Zacian-*, L50|\n|poke|p2|Zamazenta-*, L50|\n|poke|p2|Whimsicott, L50, M|\n|poke|p2|Ditto, L50|\n|poke|p2|Raging Bolt, L50|\n|poke|p2|Ogerpon-Cornerstone, L50, F|\n|teampreview|4\nTheManOfSausage has agreed to open team sheets.\n|\n|t:|1775803221\n|teamsize|p1|4\n|teamsize|p2|4\n|start\n|switch|p1a: Magical Mirai|Miraidon, L50|100/100\n|switch|p1b: Farigiraf|Farigiraf, L50, F|100/100\n|switch|p2a: Ogerpon|Ogerpon-Cornerstone, L50, F|100/100\n|switch|p2b: Zacian|Zacian-Crowned, L50|100/100\n|-fieldstart|move: Electric Terrain|[from] ability: Hadron Engine|[of] p1a: Magical Mirai\n|-enditem|p1b: Farigiraf|Electric Seed\n|-boost|p1b: Farigiraf|def|1|[from] item: Electric Seed\n|-ability|p2b: Zacian|Intrepid Sword|boost\n|-boost|p2b: Zacian|atk|1\n|turn|1\n|\n|t:|1775803238\n|move|p1a: Magical Mirai|Volt Switch|p2b: Zacian\n|-damage|p2b: Zacian|38/100\n|\n|t:|1775803241\n|switch|p1a: Volcarona|Volcarona, L50, M, shiny|100/100|[from] Volt Switch\n|move|p2b: Zacian|Behemoth Blade|p1a: Volcarona\n|-resisted|p1a: Volcarona\n|-damage|p1a: Volcarona|42/100\n|-damage|p2b: Zacian|22/100|[from] item: Rocky Helmet|[of] p1a: Volcarona\n|move|p2a: Ogerpon|Ivy Cudgel|p1a: Volcarona|[anim] Ivy Cudgel Rock\n|-supereffective|p1a: Volcarona\n|-damage|p1a: Volcarona|0 fnt\n|faint|p1a: Volcarona\n|move|p1b: Farigiraf|Foul Play|p2a: Ogerpon\n|-damage|p2a: Ogerpon|58/100\n|\n|upkeep\n|\n|t:|1775803260\n|switch|p1a: Ogurin|Calyrex-Ice, L50|100/100\n|-ability|p1a: Ogurin|As One\n|-ability|p1a: Ogurin|Unnerve\n|turn|2\n|\n|t:|1775803266\n|move|p1a: Ogurin|Protect|p1a: Ogurin\n|-singleturn|p1a: Ogurin|Protect\n|move|p2b: Zacian|Behemoth Blade|p1a: Ogurin\n|-activate|p1a: Ogurin|move: Protect\n|move|p2a: Ogerpon|Power Whip|p1a: Ogurin\n|-activate|p1a: Ogurin|move: Protect\n|move|p1b: Farigiraf|Trick Room|p1b: Farigiraf\n|-fieldstart|move: Trick Room|[of] p1b: Farigiraf\n|\n|upkeep\n|turn|3\n|\n|t:|1775803282\n|switch|p2b: Ditto|Ditto, L50|100/100\n|-transform|p2b: Ditto|p1a: Ogurin|[from] ability: Imposter\n|-ability|p2b: Ditto|As One\n|-ability|p2b: Ditto|Unnerve\n|move|p1b: Farigiraf|Helping Hand|p1a: Ogurin\n|-singleturn|p1a: Ogurin|Helping Hand|[of] p1b: Farigiraf\n|move|p2a: Ogerpon|Spiky Shield|p2a: Ogerpon\n|-singleturn|p2a: Ogerpon|move: Protect\n|move|p1a: Ogurin|Glacial Lance|p2b: Ditto|[spread] p2b\n|-activate|p2a: Ogerpon|move: Protect\n|-resisted|p2b: Ditto\n|-damage|p2b: Ditto|60/100\n|\n|upkeep\n|turn|4\n|\n|t:|1775803295\n|-terastallize|p2a: Ogerpon|Rock\n|detailschange|p2a: Ogerpon|Ogerpon-Cornerstone-Tera, L50, F, tera:Rock\n|-ability|p2a: Ogerpon|Embody Aspect (Cornerstone)|boost\n|-boost|p2a: Ogerpon|def|1\n|move|p1a: Ogurin|Glacial Lance|p2b: Ditto|[spread] p2a,p2b\n|-resisted|p2b: Ditto\n|-damage|p2a: Ogerpon|1/100\n|-damage|p2b: Ditto|37/100\n|move|p1b: Farigiraf|Foul Play|p2b: Ditto\n|-supereffective|p2b: Ditto\n|-damage|p2b: Ditto|0 fnt\n|faint|p2b: Ditto\n|move|p2a: Ogerpon|Ivy Cudgel|p1a: Ogurin|[anim] Ivy Cudgel Rock\n|-supereffective|p1a: Ogurin\n|-damage|p1a: Ogurin|0 fnt\n|faint|p1a: Ogurin\n|\n|upkeep\n|\n|t:|1775803312\n|switch|p1a: Magical Mirai|Miraidon, L50|100/100\n|switch|p2b: Zamazenta|Zamazenta, L50|100/100\n|-ability|p2b: Zamazenta|Dauntless Shield|boost\n|-boost|p2b: Zamazenta|def|1\n|-activate|p1a: Magical Mirai|ability: Hadron Engine\n|turn|5\n|\n|t:|1775803330\n|move|p2a: Ogerpon|Spiky Shield|p2a: Ogerpon\n|-singleturn|p2a: Ogerpon|move: Protect\n|move|p1b: Farigiraf|Foul Play|p2a: Ogerpon\n|-activate|p2a: Ogerpon|move: Protect\n|-damage|p1b: Farigiraf|88/100|[from] Spiky Shield|[of] p2a: Ogerpon\n|move|p2b: Zamazenta|Snarl|p1b: Farigiraf|[spread] p1a,p1b\n|-supereffective|p1b: Farigiraf\n|-crit|p1b: Farigiraf\n|-damage|p1a: Magical Mirai|94/100\n|-damage|p1b: Farigiraf|66/100\n|-unboost|p1a: Magical Mirai|spa|1\n|-unboost|p1b: Farigiraf|spa|1\n|move|p1a: Magical Mirai|Electro Drift|p2b: Zamazenta\n|-damage|p2b: Zamazenta|44/100\n|\n|-fieldend|move: Electric Terrain\n|upkeep\n|turn|6\n|\n|t:|1775803370\n|-terastallize|p1a: Magical Mirai|Electric\n|move|p1b: Farigiraf|Foul Play|p2a: Ogerpon\n|-damage|p2a: Ogerpon|0 fnt\n|faint|p2a: Ogerpon\n|detailschange|p2: Ogerpon|Ogerpon-Cornerstone, L50, F|[silent]\n|move|p2b: Zamazenta|Body Press|p1a: Magical Mirai\n|-damage|p1a: Magical Mirai|48/100\n|move|p1a: Magical Mirai|Electro Drift|p2b: Zamazenta\n|-damage|p2b: Zamazenta|0 fnt\n|faint|p2b: Zamazenta\n|\n|-fieldend|move: Trick Room\n|upkeep\n|\n|t:|1775803374\n|switch|p2a: Zacian|Zacian-Crowned, L50|22/100\n|turn|7\n|\n|t:|1775803380\n|move|p1b: Farigiraf|Helping Hand|p1a: Magical Mirai\n|-singleturn|p1a: Magical Mirai|Helping Hand|[of] p1b: Farigiraf\n|move|p1a: Magical Mirai|Electro Drift|p2a: Zacian\n|-damage|p2a: Zacian|0 fnt\n|faint|p2a: Zacian\n|\n|win|TheManOfSausage\n|raw|TheManOfSausage's rating: 1666 &rarr; <strong>1674</strong><br />(+8 for winning)\n|raw|carrotbeafsteak's rating: 1418 &rarr; <strong>1410</strong><br />(-8 for losing)\n|l|\u2606carrotbeafsteak\n|player|p2|\n|c|\u2606TheManOfSausage|gg\n|l|\u2606TheManOfSausage\n|player|p1|\n","uploadtime":1775803517,"views":9,"formatid":"gen9vgc2026regi","rating":1410,"private":0,"password":null}