{"id":"gen9vgc2026regi-2559042277","format":"[Gen 9] VGC 2026 Reg I","players":["testhan92","sunny4life"],"log":"|j|\u2606testhan92\n|j|\u2606sunny4life\n|t:|1773514709\n|gametype|doubles\n|player|p1|testhan92|1|1113\n|player|p2|sunny4life|ghetsis-gen5bw|1070\n|gen|9\n|tier|[Gen 9] VGC 2026 Reg I\n|rated|\n|rule|Species Clause: Limit one of each Pok\u00e9mon\n|rule|Item Clause: Limit 1 of each item\n|clearpoke\n|poke|p1|Lunala, L50|\n|poke|p1|Groudon, L50|\n|poke|p1|Rillaboom, L50, M|\n|poke|p1|Incineroar, L50, F|\n|poke|p1|Raging Bolt, L50|\n|poke|p1|Roaring Moon, L50|\n|poke|p2|Incineroar, L50, M|\n|poke|p2|Kyogre, L50|\n|poke|p2|Raging Bolt, L50|\n|poke|p2|Tornadus, L50, M|\n|poke|p2|Landorus-Therian, L50, M|\n|poke|p2|Amoonguss, L50, M|\n|teampreview|4\nsunny4life has agreed to open team sheets.\n|inactive|Battle timer is ON: inactive players will automatically lose when time's up. (requested by sunny4life)\n|\n|t:|1773514755\n|teamsize|p1|4\n|teamsize|p2|4\n|start\n|switch|p1a: Rillaboom|Rillaboom, L50, M|100/100\n|switch|p1b: Raging Bolt|Raging Bolt, L50|100/100\n|switch|p2a: Incineroar|Incineroar, L50, M|100/100\n|switch|p2b: Tornadus|Tornadus, L50, M|100/100\n|-fieldstart|move: Grassy Terrain|[from] ability: Grassy Surge|[of] p1a: Rillaboom\n|-ability|p2a: Incineroar|Intimidate|boost\n|-unboost|p1a: Rillaboom|atk|1\n|-unboost|p1b: Raging Bolt|atk|1\n|turn|1\n|\n|t:|1773514780\n|move|p2b: Tornadus|Tailwind|p2b: Tornadus\n|-sidestart|p2: sunny4life|move: Tailwind\n|move|p2a: Incineroar|Flare Blitz|p1a: Rillaboom\n|-supereffective|p1a: Rillaboom\n|-damage|p1a: Rillaboom|14/100\n|-damage|p2a: Incineroar|71/100|[from] Recoil\n|move|p1a: Rillaboom|U-turn|p2b: Tornadus\n|-resisted|p2b: Tornadus\n|-damage|p2b: Tornadus|90/100\n|\n|t:|1773514790\n|switch|p1a: Lunala|Lunala, L50|100/100|[from] U-turn\n|move|p1b: Raging Bolt|Thunderbolt|p2b: Tornadus\n|-supereffective|p2b: Tornadus\n|-damage|p2b: Tornadus|0 fnt\n|faint|p2b: Tornadus\n|-damage|p1b: Raging Bolt|91/100|[from] item: Life Orb\n|\n|-heal|p2a: Incineroar|77/100|[from] Grassy Terrain\n|-heal|p1b: Raging Bolt|97/100|[from] Grassy Terrain\n|upkeep\n|\n|t:|1773514797\n|switch|p2b: Landorus|Landorus-Therian, L50, M|100/100\n|-ability|p2b: Landorus|Intimidate|boost\n|-unboost|p1a: Lunala|atk|1\n|-unboost|p1b: Raging Bolt|atk|1\n|turn|2\n|inactive|testhan92 has 30 seconds left.\n|\n|t:|1773514832\n|-terastallize|p1a: Lunala|Fairy\n|move|p2b: Landorus|Protect|p2b: Landorus\n|-singleturn|p2b: Landorus|Protect\n|move|p1b: Raging Bolt|Thunderclap|p2a: Incineroar\n|-damage|p2a: Incineroar|39/100\n|-enditem|p2a: Incineroar|Sitrus Berry|[eat]\n|-heal|p2a: Incineroar|63/100|[from] item: Sitrus Berry\n|-damage|p1b: Raging Bolt|87/100|[from] item: Life Orb\n|move|p2a: Incineroar|Knock Off|p1a: Lunala\n|-resisted|p1a: Lunala\n|-damage|p1a: Lunala|94/100\n|-enditem|p1a: Lunala|Leftovers|[from] move: Knock Off|[of] p2a: Incineroar\n|move|p1a: Lunala|Moonblast|p2a: Incineroar\n|-damage|p2a: Incineroar|17/100\n|-unboost|p2a: Incineroar|spa|1\n|\n|-heal|p2a: Incineroar|23/100|[from] Grassy Terrain\n|-heal|p1a: Lunala|100/100|[from] Grassy Terrain\n|-heal|p1b: Raging Bolt|93/100|[from] Grassy Terrain\n|upkeep\n|turn|3\n|inactive|testhan92 has 30 seconds left.\n|inactive|testhan92 has 20 seconds left.\n|inactive|testhan92 has 15 seconds left.\n|inactive|testhan92 has 10 seconds left.\n|\n|t:|1773514881\n|switch|p2a: Kyogre|Kyogre, L50|100/100\n|-weather|RainDance|[from] ability: Drizzle|[of] p2a: Kyogre\n|move|p1b: Raging Bolt|Protect|p1b: Raging Bolt\n|-singleturn|p1b: Raging Bolt|Protect\n|move|p2b: Landorus|Sandsear Storm|p1a: Lunala|[spread] p1a\n|-activate|p1b: Raging Bolt|move: Protect\n|-damage|p1a: Lunala|89/100\n|move|p1a: Lunala|Trick Room|p1a: Lunala\n|-fieldstart|move: Trick Room|[of] p1a: Lunala\n|\n|-weather|RainDance|[upkeep]\n|-heal|p1b: Raging Bolt|99/100|[from] Grassy Terrain\n|-heal|p1a: Lunala|95/100|[from] Grassy Terrain\n|upkeep\n|turn|4\n|\n|t:|1773514903\n|switch|p2a: Incineroar|Incineroar, L50, M|23/100\n|-ability|p2a: Incineroar|Intimidate|boost\n|-unboost|p1a: Lunala|atk|1\n|-unboost|p1b: Raging Bolt|atk|1\n|move|p1b: Raging Bolt|Draco Meteor|p2b: Landorus\n|-damage|p2b: Landorus|0 fnt\n|-unboost|p1b: Raging Bolt|spa|2\n|faint|p2b: Landorus\n|-damage|p1b: Raging Bolt|90/100|[from] item: Life Orb\n|move|p1a: Lunala|Moonblast|p2a: Incineroar\n|-damage|p2a: Incineroar|0 fnt\n|faint|p2a: Incineroar\n|\n|-weather|RainDance|[upkeep]\n|-heal|p1b: Raging Bolt|95/100|[from] Grassy Terrain\n|-heal|p1a: Lunala|100/100|[from] Grassy Terrain\n|-sideend|p2: sunny4life|move: Tailwind\n|upkeep\n|\n|t:|1773514907\n|switch|p2b: Kyogre|Kyogre, L50|100/100\n|turn|5\n|c|\u2606sunny4life|gg\n|c|\u2606testhan92|gg\n|\n|t:|1773514923\n|-end|p1b: Raging Bolt|Protosynthesis|[silent]\n|switch|p1b: Groudon|Groudon, L50|100/100\n|-weather|SunnyDay|[from] ability: Drought|[of] p1b: Groudon\n|-terastallize|p2b: Kyogre|Water\n|move|p1a: Lunala|Wide Guard|p1a: Lunala\n|-singleturn|p1a: Lunala|Wide Guard\n|move|p2b: Kyogre|Origin Pulse|p1b: Groudon|[spread] \n|-activate|p1a: Lunala|move: Wide Guard\n|-activate|p1b: Groudon|move: Wide Guard\n|\n|-weather|SunnyDay|[upkeep]\n|-fieldend|move: Grassy Terrain\n|upkeep\n|turn|6\n|inactive|sunny4life has 30 seconds left.\n|l|\u2606sunny4life\n|inactive|sunny4life disconnected and has a minute to reconnect!\n|player|p2|\n|inactive|sunny4life has 20 seconds left.\n|inactive|sunny4life has 15 seconds left.\n|inactive|sunny4life has 10 seconds left.\n|inactive|sunny4life has 5 seconds left.\n|-message|sunny4life lost due to inactivity.\n|\n|win|testhan92\n|raw|testhan92's rating: 1113 &rarr; <strong>1135</strong><br />(+22 for winning)\n|raw|sunny4life's rating: 1070 &rarr; <strong>1052</strong><br />(-18 for losing)\n","uploadtime":1773514979,"views":14,"formatid":"gen9vgc2026regi","rating":1052,"private":0,"password":null}