{"id":"gen9vgc2026regi-2527630631","format":"[Gen 9] VGC 2026 Reg I","players":["cdogp3","lalo's pollos"],"log":"|j|\u2606cdogp3\n|j|\u2606lalo's pollos\n|t:|1769556995\n|gametype|doubles\n|player|p1|cdogp3|hoopster|1443\n|player|p2|lalo's pollos|265|1442\n|gen|9\n|tier|[Gen 9] VGC 2026 Reg I\n|rated|\n|rule|Species Clause: Limit one of each Pok\u00e9mon\n|rule|Item Clause: Limit 1 of each item\n|clearpoke\n|poke|p1|Incineroar, L50, M|\n|poke|p1|Landorus, L50, M|\n|poke|p1|Calyrex-Shadow, L50|\n|poke|p1|Koraidon, L50|\n|poke|p1|Brute Bonnet, L50|\n|poke|p1|Raging Bolt, L50|\n|poke|p2|Miraidon, L50|\n|poke|p2|Landorus, L50, M|\n|poke|p2|Incineroar, L50, M|\n|poke|p2|Iron Bundle, L50|\n|poke|p2|Farigiraf, L50, M|\n|poke|p2|Calyrex-Ice, L50|\n|teampreview|4\n|inactive|Battle timer is ON: inactive players will automatically lose when time's up. (requested by cdogp3)\n|inactive|cdogp3 has 60 seconds left.\n|\n|t:|1769557027\n|teamsize|p1|4\n|teamsize|p2|4\n|start\n|switch|p1a: Matthias|Koraidon, L50|100/100\n|switch|p1b: Kareem|Incineroar, L50, M|100/100\n|switch|p2a: Incineroar|Incineroar, L50, M|100/100\n|switch|p2b: the Manager|Farigiraf, L50, M|100/100\n|-weather|SunnyDay|[from] ability: Orichalcum Pulse|[of] p1a: Matthias\n|-activate|p1a: Matthias|Orichalcum Pulse|[source]\n|-ability|p1b: Kareem|Intimidate|boost\n|-unboost|p2a: Incineroar|atk|1\n|-unboost|p2b: the Manager|atk|1\n|-ability|p2a: Incineroar|Intimidate|boost\n|-fail|p1a: Matthias|unboost|[from] item: Clear Amulet|[of] p1a: Matthias\n|-unboost|p1b: Kareem|atk|1\n|turn|1\n|j| riyuezi\n|\n|t:|1769557050\n|-terastallize|p1a: Matthias|Fire\n|move|p1a: Matthias|Collision Course|p2a: Incineroar\n|-supereffective|p2a: Incineroar\n|-damage|p2a: Incineroar|0 fnt\n|faint|p2a: Incineroar\n|move|p1b: Kareem|Parting Shot|p2b: the Manager\n|-unboost|p2b: the Manager|atk|1\n|-unboost|p2b: the Manager|spa|1\n|\n|t:|1769557058\n|switch|p1b: Mao & Agati|Calyrex-Shadow, L50|100/100|[from] Parting Shot\n|-ability|p1b: Mao & Agati|As One\n|-ability|p1b: Mao & Agati|Unnerve\n|move|p2b: the Manager|Trick Room|p2b: the Manager\n|-fieldstart|move: Trick Room|[of] p2b: the Manager\n|\n|-weather|SunnyDay|[upkeep]\n|upkeep\n|\n|t:|1769557068\n|switch|p2a: Calyrex|Calyrex-Ice, L50|100/100\n|-ability|p2a: Calyrex|As One\n|-ability|p2a: Calyrex|Unnerve\n|turn|2\n|inactive|lalo's pollos has 30 seconds left.\n|inactive|lalo's pollos has 20 seconds left.\n|inactive|lalo's pollos has 15 seconds left.\n|inactive|lalo's pollos has 10 seconds left.\n|inactive|lalo's pollos has 5 seconds left.\n|\n|t:|1769557121\n|-terastallize|p2a: Calyrex|Water\n|move|p2a: Calyrex|Glacial Lance|p1b: Mao & Agati|[spread] p1a,p1b\n|-resisted|p1a: Matthias\n|-damage|p1a: Matthias|79/100\n|-damage|p1b: Mao & Agati|30/100\n|move|p2b: the Manager|Psychic|p1a: Matthias\n|-damage|p1a: Matthias|59/100\n|move|p1a: Matthias|Flare Blitz|p2b: the Manager\n|-damage|p2b: the Manager|0 fnt\n|faint|p2b: the Manager\n|-damage|p1a: Matthias|20/100|[from] Recoil\n|move|p1b: Mao & Agati|Astral Barrage|p2a: Calyrex\n|-damage|p2a: Calyrex|58/100\n|\n|-weather|SunnyDay|[upkeep]\n|upkeep\n|\n|t:|1769557127\n|switch|p2b: Co-Star|Miraidon, L50|100/100\n|-fieldstart|move: Electric Terrain|[from] ability: Hadron Engine|[of] p2b: Co-Star\n|turn|3\n|\n|t:|1769557139\n|move|p1a: Matthias|Protect|p1a: Matthias\n|-singleturn|p1a: Matthias|Protect\n|move|p1b: Mao & Agati|Protect|p1b: Mao & Agati\n|-singleturn|p1b: Mao & Agati|Protect\n|move|p2a: Calyrex|Glacial Lance|p1a: Matthias|[spread] \n|-activate|p1a: Matthias|move: Protect\n|-activate|p1b: Mao & Agati|move: Protect\n|move|p2b: Co-Star|Electro Drift|p1b: Mao & Agati\n|-activate|p1b: Mao & Agati|move: Protect\n|\n|-weather|SunnyDay|[upkeep]\n|upkeep\n|turn|4\n|\n|t:|1769557147\n|move|p2a: Calyrex|Glacial Lance|p1a: Matthias|[spread] p1a,p1b\n|-resisted|p1a: Matthias\n|-damage|p1a: Matthias|0 fnt\n|-damage|p1b: Mao & Agati|0 fnt\n|faint|p1a: Matthias\n|faint|p1b: Mao & Agati\n|-ability|p2a: Calyrex|Chilling Neigh|boost\n|-boost|p2a: Calyrex|atk|2\n|move|p2b: Co-Star|Electro Drift|p1: Matthias|[notarget]\n|-fail|p2b: Co-Star\n|\n|-weather|SunnyDay|[upkeep]\n|upkeep\n|\n|t:|1769557151\n|switch|p1a: Kareem|Incineroar, L50, M|100/100\n|switch|p1b: Aaron|Raging Bolt, L50|100/100\n|-ability|p1a: Kareem|Intimidate|boost\n|-fail|p2a: Calyrex|unboost|[from] item: Clear Amulet|[of] p2a: Calyrex\n|-unboost|p2b: Co-Star|atk|1\n|-activate|p1b: Aaron|ability: Protosynthesis\n|-start|p1b: Aaron|protosynthesisspa\n|turn|5\n|\n|t:|1769557161\n|move|p2a: Calyrex|Protect|p2a: Calyrex\n|-singleturn|p2a: Calyrex|Protect\n|move|p1a: Kareem|Fake Out|p2a: Calyrex\n|-activate|p2a: Calyrex|move: Protect\n|move|p1b: Aaron|Thunderclap||[still]\n|-fail|p1b: Aaron\n|move|p2b: Co-Star|Electro Drift|p1a: Kareem\n|-damage|p1a: Kareem|0 fnt\n|-damage|p2b: Co-Star|84/100|[from] item: Rocky Helmet|[of] p1a: Kareem\n|faint|p1a: Kareem\n|\n|-weather|none\n|-end|p1b: Aaron|Protosynthesis\n|-fieldend|move: Trick Room\n|upkeep\n|turn|6\n|l| riyuezi\n|\n|t:|1769557182\n|move|p2a: Calyrex|Protect||[still]\n|-fail|p2a: Calyrex\n|move|p2b: Co-Star|Electro Drift|p1b: Aaron\n|-resisted|p1b: Aaron\n|-damage|p1b: Aaron|79/100\n|move|p1b: Aaron|Thunderbolt|p2a: Calyrex\n|-supereffective|p2a: Calyrex\n|-damage|p2a: Calyrex|0 fnt\n|faint|p2a: Calyrex\n|\n|upkeep\n|turn|7\n|\n|t:|1769557192\n|move|p2b: Co-Star|Electro Drift|p1b: Aaron\n|-resisted|p1b: Aaron\n|-damage|p1b: Aaron|58/100\n|move|p1b: Aaron|Dragon Pulse|p2b: Co-Star\n|-supereffective|p2b: Co-Star\n|-damage|p2b: Co-Star|0 fnt\n|faint|p2b: Co-Star\n|\n|win|cdogp3\n|raw|cdogp3's rating: 1443 &rarr; <strong>1463</strong><br />(+20 for winning)\n|raw|lalo&apos;s pollos's rating: 1442 &rarr; <strong>1422</strong><br />(-20 for losing)\n|l|\u2606cdogp3\n|player|p1|\n","uploadtime":1769557439,"views":18,"formatid":"gen9vgc2026regi","rating":1422,"private":0,"password":null}