{"id":"gen9vgc2026regi-2586882986","format":"[Gen 9] VGC 2026 Reg I","players":["Jackson564","firefalls"],"log":"|j|\u2606Jackson564\n|j|\u2606firefalls\n|t:|1776468259\n|gametype|doubles\n|player|p1|Jackson564|cynthia-gen4|1369\n|player|p2|firefalls|n|1421\n|gen|9\n|tier|[Gen 9] VGC 2026 Reg I\n|rated|\n|rule|Species Clause: Limit one of each Pok\u00e9mon\n|rule|Item Clause: Limit 1 of each item\n|clearpoke\n|poke|p1|Lunala, L50|\n|poke|p1|Zamazenta-*, L50|\n|poke|p1|Flutter Mane, L50|\n|poke|p1|Incineroar, L50, M|\n|poke|p1|Meowscarada, L50, F|\n|poke|p1|Primarina, L50, F|\n|poke|p2|Walking Wake, L50|\n|poke|p2|Koraidon, L50|\n|poke|p2|Kingambit, L50, M|\n|poke|p2|Lunala, L50|\n|poke|p2|Brute Bonnet, L50|\n|poke|p2|Flutter Mane, L50|\n|teampreview|4\n|inactive|Battle timer is ON: inactive players will automatically lose when time's up. (requested by firefalls)\nfirefalls rejected open team sheets.\n|\n|t:|1776468284\n|teamsize|p1|4\n|teamsize|p2|4\n|start\n|switch|p1a: Lunala|Lunala, L50|100/100\n|switch|p1b: Zamazenta|Zamazenta-Crowned, L50|100/100\n|switch|p2a: Kingambit|Kingambit, L50, M|100/100\n|switch|p2b: Lunala|Lunala, L50|100/100\n|-ability|p1b: Zamazenta|Dauntless Shield|boost\n|-boost|p1b: Zamazenta|def|1\n|turn|1\n|inactive|firefalls has 30 seconds left.\n|\n|t:|1776468314\n|-terastallize|p1a: Lunala|Fairy\n|-terastallize|p2a: Kingambit|Ghost\n|move|p1b: Zamazenta|Protect|p1b: Zamazenta\n|-singleturn|p1b: Zamazenta|Protect\n|move|p1a: Lunala|Moongeist Beam|p2b: Lunala\n|-supereffective|p2b: Lunala\n|-damage|p2b: Lunala|21/100\n|move|p2a: Kingambit|Kowtow Cleave|p1a: Lunala\n|-resisted|p1a: Lunala\n|-damage|p1a: Lunala|91/100\n|move|p2b: Lunala|Trick Room|p2b: Lunala\n|-fieldstart|move: Trick Room|[of] p2b: Lunala\n|\n|-heal|p1a: Lunala|97/100|[from] item: Leftovers\n|upkeep\n|turn|2\n|\n|t:|1776468333\n|move|p2a: Kingambit|Iron Head|p1a: Lunala\n|-supereffective|p1a: Lunala\n|-damage|p1a: Lunala|16/100\n|move|p2b: Lunala|Moongeist Beam|p1b: Zamazenta\n|-damage|p1b: Zamazenta|68/100\n|move|p1a: Lunala|Moongeist Beam|p2a: Kingambit\n|-supereffective|p2a: Kingambit\n|-damage|p2a: Kingambit|28/100\n|move|p1b: Zamazenta|Behemoth Bash|p2b: Lunala\n|-damage|p2b: Lunala|0 fnt\n|faint|p2b: Lunala\n|\n|-heal|p1a: Lunala|22/100|[from] item: Leftovers\n|upkeep\n|\n|t:|1776468343\n|switch|p2b: Brute Bonnet|Brute Bonnet, L50|100/100\n|turn|3\n|\n|t:|1776468367\n|move|p1b: Zamazenta|Protect|p1b: Zamazenta\n|-singleturn|p1b: Zamazenta|Protect\n|move|p2a: Kingambit|Iron Head|p1a: Lunala\n|-supereffective|p1a: Lunala\n|-damage|p1a: Lunala|0 fnt\n|faint|p1a: Lunala\n|move|p2b: Brute Bonnet|Spore|p1b: Zamazenta\n|-activate|p1b: Zamazenta|move: Protect\n|\n|upkeep\n|\n|t:|1776468379\n|switch|p1a: Incineroar|Incineroar, L50, M|100/100\n|-ability|p1a: Incineroar|Intimidate|boost\n|-unboost|p2a: Kingambit|atk|1\n|-ability|p2a: Kingambit|Defiant|boost\n|-boost|p2a: Kingambit|atk|2\n|-unboost|p2b: Brute Bonnet|atk|1\n|turn|4\n|\n|t:|1776468399\n|move|p1a: Incineroar|Fake Out|p2b: Brute Bonnet\n|-damage|p2b: Brute Bonnet|93/100\n|move|p2a: Kingambit|Low Kick|p1a: Incineroar\n|-supereffective|p1a: Incineroar\n|-damage|p1a: Incineroar|11/100\n|cant|p2b: Brute Bonnet|flinch\n|move|p1b: Zamazenta|Behemoth Bash|p2a: Kingambit\n|-damage|p2a: Kingambit|0 fnt\n|faint|p2a: Kingambit\n|\n|upkeep\n|\n|t:|1776468406\n|switch|p2a: Koraidon|Koraidon, L50|100/100\n|-weather|SunnyDay|[from] ability: Orichalcum Pulse|[of] p2a: Koraidon\n|-activate|p2b: Brute Bonnet|ability: Protosynthesis\n|-start|p2b: Brute Bonnet|protosynthesisdef\n|-activate|p2a: Koraidon|Orichalcum Pulse|[source]\n|turn|5\n|\n|t:|1776468430\n|move|p1b: Zamazenta|Protect|p1b: Zamazenta\n|-singleturn|p1b: Zamazenta|Protect\n|move|p2b: Brute Bonnet|Spore|p1b: Zamazenta\n|-activate|p1b: Zamazenta|move: Protect\n|move|p1a: Incineroar|Flare Blitz|p2b: Brute Bonnet\n|-supereffective|p2b: Brute Bonnet\n|-damage|p2b: Brute Bonnet|16/100\n|-enditem|p2b: Brute Bonnet|Sitrus Berry|[eat]\n|-heal|p2b: Brute Bonnet|40/100|[from] item: Sitrus Berry\n|-damage|p1a: Incineroar|0 fnt|[from] Recoil\n|faint|p1a: Incineroar\n|move|p2a: Koraidon|Flame Charge|p1b: Zamazenta\n|-activate|p1b: Zamazenta|move: Protect\n|\n|-weather|SunnyDay|[upkeep]\n|-fieldend|move: Trick Room\n|upkeep\n|\n|t:|1776468444\n|switch|p1a: Flutter Mane|Flutter Mane, L50|100/100\n|-activate|p1a: Flutter Mane|ability: Protosynthesis\n|-start|p1a: Flutter Mane|protosynthesisspe\n|turn|6\n|\n|t:|1776468458\n|move|p2b: Brute Bonnet|Rage Powder|p2b: Brute Bonnet\n|-singleturn|p2b: Brute Bonnet|move: Rage Powder\n|move|p1a: Flutter Mane|Moonblast|p2b: Brute Bonnet\n|-supereffective|p2b: Brute Bonnet\n|-damage|p2b: Brute Bonnet|0 fnt\n|faint|p2b: Brute Bonnet\n|-end|p2b: Brute Bonnet|Protosynthesis|[silent]\n|move|p2a: Koraidon|Flame Charge|p1a: Flutter Mane\n|-damage|p1a: Flutter Mane|14/100\n|-boost|p2a: Koraidon|spe|1\n|-damage|p2a: Koraidon|91/100|[from] item: Life Orb\n|move|p1b: Zamazenta|Body Press|p2a: Koraidon\n|-damage|p2a: Koraidon|34/100\n|\n|-weather|SunnyDay|[upkeep]\n|upkeep\n|turn|7\n|\n|t:|1776468474\n|move|p2a: Koraidon|Close Combat|p1b: Zamazenta\n|-supereffective|p1b: Zamazenta\n|-damage|p1b: Zamazenta|0 fnt\n|-unboost|p2a: Koraidon|def|1\n|-unboost|p2a: Koraidon|spd|1\n|faint|p1b: Zamazenta\n|-damage|p2a: Koraidon|24/100|[from] item: Life Orb\n|move|p1a: Flutter Mane|Moonblast|p2a: Koraidon\n|-supereffective|p2a: Koraidon\n|-damage|p2a: Koraidon|0 fnt\n|faint|p2a: Koraidon\n|\n|win|Jackson564\n|raw|Jackson564's rating: 1369 &rarr; <strong>1392</strong><br />(+23 for winning)\n|raw|firefalls's rating: 1421 &rarr; <strong>1398</strong><br />(-23 for losing)\n|l|\u2606firefalls\n|player|p2|\n|l|\u2606Jackson564\n|player|p1|\n","uploadtime":1776468710,"views":9,"formatid":"gen9vgc2026regi","rating":1392,"private":0,"password":null}