{"id":"gen9vgc2026regi-2566863141","format":"[Gen 9] VGC 2026 Reg I","players":["Squ1dge_","lstdddsg"],"log":"|j|\u2606Squ1dge_\n|j|\u2606lstdddsg\n|t:|1774420630\n|gametype|doubles\n|player|p1|Squ1dge_|265|1485\n|player|p2|lstdddsg|riley|1513\n|gen|9\n|tier|[Gen 9] VGC 2026 Reg I\n|rated|\n|rule|Species Clause: Limit one of each Pok\u00e9mon\n|rule|Item Clause: Limit 1 of each item\n|clearpoke\n|poke|p1|Calyrex-Shadow, L50|\n|poke|p1|Zamazenta-*, L50|\n|poke|p1|Chien-Pao, L50|\n|poke|p1|Tornadus, L50, M|\n|poke|p1|Raging Bolt, L50|\n|poke|p1|Amoonguss, L50, F|\n|poke|p2|Giratina-Origin, L50|\n|poke|p2|Zamazenta-*, L50|\n|poke|p2|Chien-Pao, L50|\n|poke|p2|Entei, L50|\n|poke|p2|Urshifu-*, L50, F|\n|poke|p2|Rillaboom, L50, F|\n|teampreview|4\n|inactive|Battle timer is ON: inactive players will automatically lose when time's up. (requested by lstdddsg)\n|inactive|Squ1dge_ has 60 seconds left.\n|inactive|lstdddsg has 60 seconds left.\n|\n|t:|1774420671\n|teamsize|p1|4\n|teamsize|p2|4\n|start\n|switch|p1a: Calyrex|Calyrex-Shadow, L50|100/100\n|switch|p1b: Zamazenta|Zamazenta-Crowned, L50|100/100\n|switch|p2a: Chien-Pao|Chien-Pao, L50|100/100\n|switch|p2b: Rillaboom|Rillaboom, L50, F|100/100\n|-ability|p1a: Calyrex|As One\n|-ability|p1a: Calyrex|Unnerve\n|-ability|p2a: Chien-Pao|Sword of Ruin\n|-ability|p1b: Zamazenta|Dauntless Shield|boost\n|-boost|p1b: Zamazenta|def|1\n|-fieldstart|move: Grassy Terrain|[from] ability: Grassy Surge|[of] p2b: Rillaboom\n|turn|1\n|inactive|lstdddsg has 30 seconds left.\n|inactive|lstdddsg has 20 seconds left.\n|inactive|lstdddsg has 15 seconds left.\n|inactive|lstdddsg has 10 seconds left.\n|inactive|lstdddsg has 5 seconds left.\n|\n|t:|1774420726\n|switch|p1a: Amoonguss|Amoonguss, L50, F|100/100\n|move|p1b: Zamazenta|Protect|p1b: Zamazenta\n|-singleturn|p1b: Zamazenta|Protect\n|move|p2b: Rillaboom|Grassy Glide|p1a: Amoonguss\n|-resisted|p1a: Amoonguss\n|-damage|p1a: Amoonguss|90/100\n|-damage|p2b: Rillaboom|84/100|[from] item: Rocky Helmet|[of] p1a: Amoonguss\n|move|p2a: Chien-Pao|Icicle Crash|p1a: Amoonguss\n|-supereffective|p1a: Amoonguss\n|-damage|p1a: Amoonguss|0 fnt\n|faint|p1a: Amoonguss\n|\n|-heal|p2b: Rillaboom|90/100|[from] Grassy Terrain\n|upkeep\n|\n|t:|1774420739\n|switch|p1a: Chien-Pao|Chien-Pao, L50|100/100\n|-ability|p1a: Chien-Pao|Sword of Ruin\n|turn|2\n|inactive|lstdddsg has 30 seconds left.\n|inactive|lstdddsg has 20 seconds left.\n|\n|t:|1774420775\n|switch|p2b: Zamazenta|Zamazenta-Crowned, L50|100/100\n|-ability|p2b: Zamazenta|Dauntless Shield|boost\n|-boost|p2b: Zamazenta|def|1\n|move|p2a: Chien-Pao|Ruination|p1a: Chien-Pao\n|-damage|p1a: Chien-Pao|50/100\n|move|p1a: Chien-Pao|Icy Wind|p2b: Zamazenta|[spread] p2a,p2b\n|-resisted|p2a: Chien-Pao\n|-resisted|p2b: Zamazenta\n|-damage|p2a: Chien-Pao|91/100\n|-damage|p2b: Zamazenta|96/100\n|-unboost|p2a: Chien-Pao|spe|1\n|-unboost|p2b: Zamazenta|spe|1\n|move|p1b: Zamazenta|Heavy Slam|p2a: Chien-Pao\n|-supereffective|p2a: Chien-Pao\n|-damage|p2a: Chien-Pao|0 fnt\n|faint|p2a: Chien-Pao\n|\n|-heal|p1a: Chien-Pao|57/100|[from] Grassy Terrain\n|-heal|p2b: Zamazenta|100/100|[from] Grassy Terrain\n|upkeep\n|\n|t:|1774420799\n|switch|p2a: Rillaboom|Rillaboom, L50, F|90/100\n|turn|3\n|inactive|lstdddsg has 30 seconds left.\n|inactive|lstdddsg has 20 seconds left.\n|inactive|lstdddsg has 15 seconds left.\n|\n|t:|1774420843\n|-terastallize|p2b: Zamazenta|Ghost\n|move|p2a: Rillaboom|Grassy Glide|p1a: Chien-Pao\n|-damage|p1a: Chien-Pao|5/100\n|move|p1a: Chien-Pao|Ruination|p2b: Zamazenta\n|-damage|p2b: Zamazenta|51/100\n|move|p1b: Zamazenta|Body Press|p2b: Zamazenta\n|-immune|p2b: Zamazenta\n|move|p2b: Zamazenta|Body Press|p1b: Zamazenta\n|-supereffective|p1b: Zamazenta\n|-damage|p1b: Zamazenta|29/100\n|\n|-heal|p1a: Chien-Pao|12/100|[from] Grassy Terrain\n|-heal|p1b: Zamazenta|36/100|[from] Grassy Terrain\n|-heal|p2b: Zamazenta|57/100|[from] Grassy Terrain\n|-heal|p2a: Rillaboom|96/100|[from] Grassy Terrain\n|upkeep\n|turn|4\n|inactive|Squ1dge_ has 30 seconds left.\n|inactive|lstdddsg has 30 seconds left.\n|\n|t:|1774420873\n|move|p1b: Zamazenta|Protect|p1b: Zamazenta\n|-singleturn|p1b: Zamazenta|Protect\n|move|p2a: Rillaboom|Grassy Glide|p1a: Chien-Pao\n|-damage|p1a: Chien-Pao|0 fnt\n|faint|p1a: Chien-Pao\n|move|p2b: Zamazenta|Body Press|p1b: Zamazenta\n|-activate|p1b: Zamazenta|move: Protect\n|\n|-heal|p1b: Zamazenta|42/100|[from] Grassy Terrain\n|-heal|p2b: Zamazenta|63/100|[from] Grassy Terrain\n|-heal|p2a: Rillaboom|100/100|[from] Grassy Terrain\n|upkeep\n|\n|t:|1774420881\n|switch|p1a: Calyrex|Calyrex-Shadow, L50|100/100\n|-ability|p1a: Calyrex|As One\n|-ability|p1a: Calyrex|Unnerve\n|turn|5\n|inactive|Squ1dge_ has 30 seconds left.\n|inactive|lstdddsg has 30 seconds left.\n|inactive|Squ1dge_ has 20 seconds left.\n|inactive|Squ1dge_ has 15 seconds left.\n|\n|t:|1774420925\n|-terastallize|p1b: Zamazenta|Dragon\n|move|p2b: Zamazenta|Wide Guard|p2b: Zamazenta\n|-singleturn|p2b: Zamazenta|Wide Guard\n|move|p1a: Calyrex|Astral Barrage|p2a: Rillaboom|[spread] \n|-activate|p2a: Rillaboom|move: Wide Guard\n|-activate|p2b: Zamazenta|move: Wide Guard\n|move|p1b: Zamazenta|Body Press|p2a: Rillaboom\n|-crit|p2a: Rillaboom\n|-damage|p2a: Rillaboom|17/100\n|move|p2a: Rillaboom|U-turn|p1b: Zamazenta\n|-damage|p1b: Zamazenta|32/100\n|\n|t:|1774420940\n|switch|p2a: Giratina|Giratina-Origin, L50|100/100|[from] U-turn\n|\n|-heal|p1b: Zamazenta|38/100|[from] Grassy Terrain\n|-heal|p2b: Zamazenta|69/100|[from] Grassy Terrain\n|-fieldend|move: Grassy Terrain\n|upkeep\n|turn|6\n|inactive|Squ1dge_ has 30 seconds left.\n|\n|t:|1774420972\n|move|p1a: Calyrex|Protect|p1a: Calyrex\n|-singleturn|p1a: Calyrex|Protect\n|move|p2b: Zamazenta|Wide Guard|p2b: Zamazenta\n|-singleturn|p2b: Zamazenta|Wide Guard\n|move|p2a: Giratina|Shadow Sneak|p1a: Calyrex\n|-activate|p1a: Calyrex|move: Protect\n|move|p1b: Zamazenta|Heavy Slam|p2a: Giratina\n|-damage|p2a: Giratina|89/100\n|\n|upkeep\n|turn|7\n|\n|t:|1774420991\n|move|p2b: Zamazenta|Wide Guard|p2b: Zamazenta\n|-singleturn|p2b: Zamazenta|Wide Guard\n|move|p2a: Giratina|Shadow Sneak|p1a: Calyrex\n|-supereffective|p1a: Calyrex\n|-enditem|p1a: Calyrex|Focus Sash\n|-damage|p1a: Calyrex|1/100\n|move|p1a: Calyrex|Psychic|p2a: Giratina\n|-damage|p2a: Giratina|53/100\n|-unboost|p2a: Giratina|spd|1\n|move|p1b: Zamazenta|Heavy Slam|p2a: Giratina\n|-damage|p2a: Giratina|41/100\n|\n|upkeep\n|turn|8\n|-message|Squ1dge_ forfeited.\n|\n|win|lstdddsg\n|raw|Squ1dge_'s rating: 1485 &rarr; <strong>1467</strong><br />(-18 for losing)\n|raw|lstdddsg's rating: 1513 &rarr; <strong>1531</strong><br />(+18 for winning)\n|l|\u2606Squ1dge_\n|player|p1|\n","uploadtime":1774421013,"views":12,"formatid":"gen9vgc2026regi","rating":1467,"private":0,"password":null}