{"id":"gen9vgc2026regi-2556298355","format":"[Gen 9] VGC 2026 Reg I","players":["Kittymuncheruknow","Cello L."],"log":"|j|\u2606Kittymuncheruknow\n|j|\u2606Cello L.\n|t:|1773187309\n|gametype|doubles\n|player|p1|Kittymuncheruknow|1|1320\n|player|p2|Cello L.|psychic-gen4|1467\n|gen|9\n|tier|[Gen 9] VGC 2026 Reg I\n|rated|\n|rule|Species Clause: Limit one of each Pok\u00e9mon\n|rule|Item Clause: Limit 1 of each item\n|clearpoke\n|poke|p1|Urshifu-*, L50, F|\n|poke|p1|Tornadus, L50, M|\n|poke|p1|Rillaboom, L50, M|\n|poke|p1|Kyogre, L50|\n|poke|p1|Amoonguss, L50, F|\n|poke|p1|Calyrex-Ice, L50|\n|poke|p2|Calyrex-Shadow, L50|\n|poke|p2|Koraidon, L50|\n|poke|p2|Regieleki, L50|\n|poke|p2|Volcarona, L50, F|\n|poke|p2|Rillaboom, L50, M|\n|poke|p2|Incineroar, L50, M|\n|teampreview|4\n|\n|t:|1773187350\n|teamsize|p1|4\n|teamsize|p2|4\n|start\n|switch|p1a: Kyogre|Kyogre, L50|100/100\n|switch|p1b: Tornadus|Tornadus, L50, M|100/100\n|switch|p2a: Calyrex|Calyrex-Shadow, L50|100/100\n|switch|p2b: Regieleki|Regieleki, L50|100/100\n|-ability|p2a: Calyrex|As One\n|-ability|p2a: Calyrex|Unnerve\n|-weather|RainDance|[from] ability: Drizzle|[of] p1a: Kyogre\n|turn|1\n|\n|t:|1773187398\n|switch|p2a: Koraidon|Koraidon, L50|100/100\n|-weather|SunnyDay|[from] ability: Orichalcum Pulse|[of] p2a: Koraidon\n|-activate|p2a: Koraidon|Orichalcum Pulse|[source]\n|move|p1a: Kyogre|Protect|p1a: Kyogre\n|-singleturn|p1a: Kyogre|Protect\n|move|p1b: Tornadus|Tailwind|p1b: Tornadus\n|-sidestart|p1: Kittymuncheruknow|move: Tailwind\n|move|p2b: Regieleki|Thunderbolt|p1b: Tornadus\n|-supereffective|p1b: Tornadus\n|-damage|p1b: Tornadus|0 fnt\n|faint|p1b: Tornadus\n|\n|-weather|SunnyDay|[upkeep]\n|upkeep\n|\n|t:|1773187413\n|switch|p1b: Calyrex|Calyrex-Ice, L50|100/100\n|-ability|p1b: Calyrex|As One\n|-ability|p1b: Calyrex|Unnerve\n|turn|2\n|\n|t:|1773187477\n|switch|p1a: Amoonguss|Amoonguss, L50, F|100/100\n|-terastallize|p1b: Calyrex|Fire\n|move|p2b: Regieleki|Thunderbolt|p1a: Amoonguss\n|-resisted|p1a: Amoonguss\n|-damage|p1a: Amoonguss|74/100\n|move|p2a: Koraidon|Flare Blitz|p1b: Calyrex\n|-resisted|p1b: Calyrex\n|-damage|p1b: Calyrex|76/100\n|-damage|p2a: Koraidon|92/100|[from] Recoil\n|move|p1b: Calyrex|Trick Room|p1b: Calyrex\n|-fieldstart|move: Trick Room|[of] p1b: Calyrex\n|\n|-weather|SunnyDay|[upkeep]\n|-heal|p1b: Calyrex|82/100|[from] item: Leftovers\n|upkeep\n|turn|3\n|inactive|Battle timer is ON: inactive players will automatically lose when time's up. (requested by Kittymuncheruknow)\n|inactive|Cello L. has 60 seconds left.\n|\n|t:|1773187527\n|-terastallize|p2a: Koraidon|Fire\n|move|p2b: Regieleki|Protect|p2b: Regieleki\n|-singleturn|p2b: Regieleki|Protect\n|move|p1a: Amoonguss|Spore|p2a: Koraidon\n|-status|p2a: Koraidon|slp|[from] move: Spore\n|move|p1b: Calyrex|Glacial Lance|p2b: Regieleki|[spread] p2a\n|-activate|p2b: Regieleki|move: Protect\n|-resisted|p2a: Koraidon\n|-damage|p2a: Koraidon|72/100 slp\n|cant|p2a: Koraidon|slp\n|\n|-weather|SunnyDay|[upkeep]\n|-heal|p1b: Calyrex|87/100|[from] item: Leftovers\n|upkeep\n|turn|4\n|\n|t:|1773187546\n|move|p2b: Regieleki|Protect|p2b: Regieleki\n|-singleturn|p2b: Regieleki|Protect\n|move|p1a: Amoonguss|Spore|p2b: Regieleki\n|-activate|p2b: Regieleki|move: Protect\n|move|p1b: Calyrex|Glacial Lance|p2a: Koraidon|[spread] p2a\n|-activate|p2b: Regieleki|move: Protect\n|-resisted|p2a: Koraidon\n|-damage|p2a: Koraidon|50/100 slp\n|-curestatus|p2a: Koraidon|slp|[msg]\n|move|p2a: Koraidon|Collision Course|p1b: Calyrex\n|-damage|p1b: Calyrex|45/100\n|\n|-weather|SunnyDay|[upkeep]\n|-heal|p1b: Calyrex|51/100|[from] item: Leftovers\n|-sideend|p1: Kittymuncheruknow|move: Tailwind\n|upkeep\n|turn|5\n|inactive|Cello L. has 30 seconds left.\n|\n|t:|1773187579\n|move|p1a: Amoonguss|Pollen Puff|p1b: Calyrex\n|-heal|p1b: Calyrex|100/100\n|move|p1b: Calyrex|Glacial Lance|p2a: Koraidon|[spread] p2a,p2b\n|-resisted|p2a: Koraidon\n|-damage|p2a: Koraidon|30/100\n|-enditem|p2b: Regieleki|Focus Sash\n|-damage|p2b: Regieleki|1/100\n|move|p2a: Koraidon|Collision Course|p1b: Calyrex\n|-damage|p1b: Calyrex|57/100\n|move|p2b: Regieleki|Thunderbolt|p1b: Calyrex\n|-damage|p1b: Calyrex|26/100\n|\n|-weather|none\n|-heal|p1b: Calyrex|32/100|[from] item: Leftovers\n|upkeep\n|turn|6\n|\n|t:|1773187601\n|move|p2a: Koraidon|Protect|p2a: Koraidon\n|-singleturn|p2a: Koraidon|Protect\n|move|p2b: Regieleki|Protect|p2b: Regieleki\n|-singleturn|p2b: Regieleki|Protect\n|move|p1a: Amoonguss|Pollen Puff|p1b: Calyrex\n|-heal|p1b: Calyrex|82/100\n|move|p1b: Calyrex|Glacial Lance|p2b: Regieleki|[spread] \n|-activate|p2a: Koraidon|move: Protect\n|-activate|p2b: Regieleki|move: Protect\n|\n|-heal|p1b: Calyrex|87/100|[from] item: Leftovers\n|-fieldend|move: Trick Room\n|upkeep\n|turn|7\n|\n|t:|1773187622\n|move|p2b: Regieleki|Thunderbolt|p1b: Calyrex\n|-damage|p1b: Calyrex|52/100\n|move|p2a: Koraidon|Flare Blitz|p1a: Amoonguss\n|-supereffective|p1a: Amoonguss\n|-damage|p1a: Amoonguss|0 fnt\n|-damage|p2a: Koraidon|14/100|[from] item: Rocky Helmet|[of] p1a: Amoonguss\n|faint|p1a: Amoonguss\n|-damage|p2a: Koraidon|0 fnt|[from] Recoil\n|faint|p2a: Koraidon\n|move|p1b: Calyrex|Trick Room|p1b: Calyrex\n|-fieldstart|move: Trick Room|[of] p1b: Calyrex\n|\n|-heal|p1b: Calyrex|58/100|[from] item: Leftovers\n|upkeep\n|inactive|Cello L. has 30 seconds left.\n|inactive|Cello L. has 20 seconds left.\n|\n|t:|1773187659\n|switch|p1a: Kyogre|Kyogre, L50|100/100\n|switch|p2a: Calyrex|Calyrex-Shadow, L50|100/100\n|-ability|p2a: Calyrex|As One\n|-ability|p2a: Calyrex|Unnerve\n|-weather|RainDance|[from] ability: Drizzle|[of] p1a: Kyogre\n|turn|8\n|\n|t:|1773187671\n|move|p2a: Calyrex|Protect|p2a: Calyrex\n|-singleturn|p2a: Calyrex|Protect\n|move|p1b: Calyrex|Glacial Lance|p2a: Calyrex|[spread] p2b\n|-activate|p2a: Calyrex|move: Protect\n|-damage|p2b: Regieleki|0 fnt\n|faint|p2b: Regieleki\n|-ability|p1b: Calyrex|Chilling Neigh|boost\n|-boost|p1b: Calyrex|atk|1\n|move|p1a: Kyogre|Water Spout|p2a: Calyrex\n|-activate|p2a: Calyrex|move: Protect\n|\n|-weather|RainDance|[upkeep]\n|-heal|p1b: Calyrex|64/100|[from] item: Leftovers\n|upkeep\n|\n|t:|1773187684\n|switch|p2b: Rillaboom|Rillaboom, L50, M|100/100\n|-fieldstart|move: Grassy Terrain|[from] ability: Grassy Surge|[of] p2b: Rillaboom\n|turn|9\n|\n|t:|1773187703\n|move|p1b: Calyrex|Protect|p1b: Calyrex\n|-singleturn|p1b: Calyrex|Protect\n|move|p1a: Kyogre|Protect|p1a: Kyogre\n|-singleturn|p1a: Kyogre|Protect\n|move|p2b: Rillaboom|Grassy Glide|p1a: Kyogre\n|-activate|p1a: Kyogre|move: Protect\n|move|p2a: Calyrex|Astral Barrage|p1b: Calyrex|[spread] \n|-activate|p1a: Kyogre|move: Protect\n|-activate|p1b: Calyrex|move: Protect\n|\n|-weather|RainDance|[upkeep]\n|-heal|p1b: Calyrex|70/100|[from] Grassy Terrain\n|-heal|p1b: Calyrex|75/100|[from] item: Leftovers\n|upkeep\n|turn|10\n|\n|t:|1773187721\n|move|p2a: Calyrex|Protect|p2a: Calyrex\n|-singleturn|p2a: Calyrex|Protect\n|move|p2b: Rillaboom|Grassy Glide|p1a: Kyogre\n|-supereffective|p1a: Kyogre\n|-damage|p1a: Kyogre|26/100\n|move|p1b: Calyrex|Glacial Lance|p2b: Rillaboom|[spread] p2b\n|-activate|p2a: Calyrex|move: Protect\n|-supereffective|p2b: Rillaboom\n|-damage|p2b: Rillaboom|0 fnt\n|faint|p2b: Rillaboom\n|-ability|p1b: Calyrex|Chilling Neigh|boost\n|-boost|p1b: Calyrex|atk|1\n|move|p1a: Kyogre|Origin Pulse|p2a: Calyrex\n|-activate|p2a: Calyrex|move: Protect\n|\n|-weather|RainDance|[upkeep]\n|-heal|p1b: Calyrex|81/100|[from] Grassy Terrain\n|-heal|p1b: Calyrex|87/100|[from] item: Leftovers\n|-heal|p1a: Kyogre|32/100|[from] Grassy Terrain\n|upkeep\n|turn|11\n|\n|t:|1773187740\n|move|p2a: Calyrex|Protect|p2a: Calyrex\n|-singleturn|p2a: Calyrex|Protect\n|move|p1b: Calyrex|Glacial Lance|p2a: Calyrex\n|-activate|p2a: Calyrex|move: Protect\n|move|p1a: Kyogre|Water Spout|p2a: Calyrex\n|-activate|p2a: Calyrex|move: Protect\n|\n|-weather|RainDance|[upkeep]\n|-heal|p1b: Calyrex|93/100|[from] Grassy Terrain\n|-heal|p1b: Calyrex|99/100|[from] item: Leftovers\n|-heal|p1a: Kyogre|38/100|[from] Grassy Terrain\n|-fieldend|move: Trick Room\n|upkeep\n|turn|12\n|\n|t:|1773187746\n|move|p1a: Kyogre|Protect|p1a: Kyogre\n|-singleturn|p1a: Kyogre|Protect\n|move|p1b: Calyrex|Protect|p1b: Calyrex\n|-singleturn|p1b: Calyrex|Protect\n|move|p2a: Calyrex|Astral Barrage|p1b: Calyrex|[spread] \n|-activate|p1a: Kyogre|move: Protect\n|-activate|p1b: Calyrex|move: Protect\n|\n|-weather|none\n|-heal|p1a: Kyogre|45/100|[from] Grassy Terrain\n|-heal|p1b: Calyrex|100/100|[from] Grassy Terrain\n|upkeep\n|turn|13\n|\n|t:|1773187755\n|move|p2a: Calyrex|Astral Barrage|p1a: Kyogre|[spread] p1a,p1b\n|-damage|p1a: Kyogre|0 fnt\n|-damage|p1b: Calyrex|60/100\n|faint|p1a: Kyogre\n|-ability|p2a: Calyrex|Grim Neigh|boost\n|-boost|p2a: Calyrex|spa|1\n|-damage|p2a: Calyrex|91/100|[from] item: Life Orb\n|move|p1b: Calyrex|Glacial Lance|p2a: Calyrex\n|-damage|p2a: Calyrex|0 fnt\n|faint|p2a: Calyrex\n|\n|win|Kittymuncheruknow\n|raw|Kittymuncheruknow's rating: 1320 &rarr; <strong>1348</strong><br />(+28 for winning)\n|raw|Cello L.'s rating: 1467 &rarr; <strong>1439</strong><br />(-28 for losing)\n|l|\u2606Cello L.\n|player|p2|\n|l|\u2606Kittymuncheruknow\n|player|p1|\n","uploadtime":1773187894,"views":15,"formatid":"gen9vgc2026regi","rating":1348,"private":0,"password":null}