{"id":"gen9vgc2026regi-2554548689","format":"[Gen 9] VGC 2026 Reg I","players":["shangenb5","xiaoliyunVGC"],"log":"|j|\u2606shangenb5\n|j|\u2606xiaoliyunVGC\n|t:|1772985770\n|gametype|doubles\n|player|p1|shangenb5|170|1387\n|player|p2|xiaoliyunVGC|liko|1526\n|gen|9\n|tier|[Gen 9] VGC 2026 Reg I\n|rated|\n|rule|Species Clause: Limit one of each Pok\u00e9mon\n|rule|Item Clause: Limit 1 of each item\n|clearpoke\n|poke|p1|Miraidon, L50|\n|poke|p1|Groudon, L50|\n|poke|p1|Walking Wake, L50|\n|poke|p1|Grimmsnarl, L50, M|\n|poke|p1|Incineroar, L50, F|\n|poke|p1|Volcarona, L50, F|\n|poke|p2|Zamazenta-*, L50|\n|poke|p2|Kyogre, L50|\n|poke|p2|Raichu, L50, F|\n|poke|p2|Flutter Mane, L50|\n|poke|p2|Tornadus, L50, M|\n|poke|p2|Urshifu-*, L50, F|\n|teampreview|4\n|inactive|Battle timer is ON: inactive players will automatically lose when time's up. (requested by xiaoliyunVGC)\n|inactive|shangenb5 has 60 seconds left.\n|inactive|xiaoliyunVGC has 60 seconds left.\n|\n|t:|1772985820\n|teamsize|p1|4\n|teamsize|p2|4\n|start\n|switch|p1a: Grimmsnarl|Grimmsnarl, L50, M|100/100\n|switch|p1b: Miraidon|Miraidon, L50, shiny|100/100\n|switch|p2a: Zamazenta|Zamazenta-Crowned, L50, shiny|100/100\n|switch|p2b: Raichu|Raichu, L50, F, shiny|100/100\n|-fieldstart|move: Electric Terrain|[from] ability: Hadron Engine|[of] p1b: Miraidon\n|-ability|p2a: Zamazenta|Dauntless Shield|boost\n|-boost|p2a: Zamazenta|def|1\n|turn|1\n|inactive|shangenb5 has 30 seconds left.\n|\n|t:|1772985851\n|move|p2b: Raichu|Fake Out|p1a: Grimmsnarl\n|-damage|p1a: Grimmsnarl|91/100\n|cant|p1a: Grimmsnarl|flinch\n|move|p1b: Miraidon|Dazzling Gleam|p2a: Zamazenta|[spread] p2a,p2b\n|-crit|p2b: Raichu\n|-damage|p2a: Zamazenta|78/100\n|-damage|p2b: Raichu|28/100\n|-damage|p1b: Miraidon|91/100|[from] item: Life Orb\n|move|p2a: Zamazenta|Behemoth Bash|p1a: Grimmsnarl\n|-supereffective|p1a: Grimmsnarl\n|-damage|p1a: Grimmsnarl|17/100\n|\n|upkeep\n|turn|2\n|\n|t:|1772985872\n|switch|p1b: Volcarona|Volcarona, L50, F|100/100\n|move|p2a: Zamazenta|Wide Guard|p2a: Zamazenta\n|-singleturn|p2a: Zamazenta|Wide Guard\n|move|p1a: Grimmsnarl|Light Screen|p1a: Grimmsnarl\n|-sidestart|p1: shangenb5|move: Light Screen\n|move|p2b: Raichu|Nuzzle|p1a: Grimmsnarl\n|-damage|p1a: Grimmsnarl|9/100\n|-status|p1a: Grimmsnarl|par\n|\n|upkeep\n|turn|3\n|\n|t:|1772985894\n|move|p1a: Grimmsnarl|Reflect|p1a: Grimmsnarl\n|-sidestart|p1: shangenb5|Reflect\n|move|p2b: Raichu|Nuzzle|p1b: Volcarona\n|-damage|p1b: Volcarona|93/100\n|-status|p1b: Volcarona|par\n|move|p2a: Zamazenta|Body Press|p1a: Grimmsnarl\n|-damage|p1a: Grimmsnarl|0 fnt\n|faint|p1a: Grimmsnarl\n|move|p1b: Volcarona|Fiery Dance|p2b: Raichu\n|-damage|p2b: Raichu|0 fnt\n|-boost|p1b: Volcarona|spa|1\n|faint|p2b: Raichu\n|\n|-heal|p1b: Volcarona|99/100 par|[from] item: Leftovers\n|upkeep\n|\n|t:|1772985909\n|switch|p2b: Flutter Mane|Flutter Mane, L50, shiny|100/100\n|switch|p1a: Miraidon|Miraidon, L50, shiny|91/100\n|-activate|p1a: Miraidon|ability: Hadron Engine\n|-enditem|p2b: Flutter Mane|Booster Energy\n|-activate|p2b: Flutter Mane|ability: Protosynthesis|[fromitem]\n|-start|p2b: Flutter Mane|protosynthesisspe\n|turn|4\n|\n|t:|1772985929\n|-terastallize|p2a: Zamazenta|Fighting\n|move|p1a: Miraidon|Protect|p1a: Miraidon\n|-singleturn|p1a: Miraidon|Protect\n|move|p2b: Flutter Mane|Icy Wind|p1a: Miraidon|[spread] p1b\n|-activate|p1a: Miraidon|move: Protect\n|-resisted|p1b: Volcarona\n|-damage|p1b: Volcarona|95/100 par\n|-unboost|p1b: Volcarona|spe|1\n|move|p2a: Zamazenta|Body Press|p1a: Miraidon\n|-activate|p1a: Miraidon|move: Protect\n|cant|p1b: Volcarona|par\n|\n|-heal|p1b: Volcarona|100/100 par|[from] item: Leftovers\n|upkeep\n|turn|5\n|\n|t:|1772985947\n|-terastallize|p1a: Miraidon|Fairy\n|move|p2a: Zamazenta|Protect|p2a: Zamazenta\n|-singleturn|p2a: Zamazenta|Protect\n|move|p2b: Flutter Mane|Moonblast|p1a: Miraidon\n|-damage|p1a: Miraidon|61/100\n|-unboost|p1a: Miraidon|spa|1\n|move|p1a: Miraidon|Dazzling Gleam|p2a: Zamazenta|[spread] p2b\n|-activate|p2a: Zamazenta|move: Protect\n|-damage|p2b: Flutter Mane|65/100\n|-damage|p1a: Miraidon|52/100|[from] item: Life Orb\n|move|p1b: Volcarona|Fiery Dance|p2b: Flutter Mane\n|-damage|p2b: Flutter Mane|3/100\n|\n|-fieldend|move: Electric Terrain\n|upkeep\n|turn|6\n|inactive|shangenb5 has 30 seconds left.\n|inactive|xiaoliyunVGC has 30 seconds left.\n|inactive|shangenb5 has 20 seconds left.\n|\n|t:|1772985985\n|move|p2b: Flutter Mane|Protect|p2b: Flutter Mane\n|-singleturn|p2b: Flutter Mane|Protect\n|move|p1a: Miraidon|Volt Switch|p2b: Flutter Mane\n|-activate|p2b: Flutter Mane|move: Protect\n|move|p2a: Zamazenta|Behemoth Bash|p1a: Miraidon\n|-supereffective|p1a: Miraidon\n|-damage|p1a: Miraidon|0 fnt\n|faint|p1a: Miraidon\n|move|p1b: Volcarona|Fiery Dance|p2a: Zamazenta\n|-damage|p2a: Zamazenta|38/100\n|\n|upkeep\n|\n|t:|1772985998\n|switch|p1a: Groudon|Groudon, L50|100/100\n|-weather|SunnyDay|[from] ability: Drought|[of] p1a: Groudon\n|turn|7\n|\n|t:|1772986014\n|move|p2a: Zamazenta|Protect|p2a: Zamazenta\n|-singleturn|p2a: Zamazenta|Protect\n|move|p2b: Flutter Mane|Taunt|p1b: Volcarona\n|-start|p1b: Volcarona|move: Taunt\n|move|p1a: Groudon|High Horsepower|p2a: Zamazenta\n|-activate|p2a: Zamazenta|move: Protect\n|move|p1b: Volcarona|Giga Drain|p2b: Flutter Mane\n|-damage|p2b: Flutter Mane|0 fnt\n|faint|p2b: Flutter Mane\n|-end|p2b: Flutter Mane|Protosynthesis|[silent]\n|\n|-weather|SunnyDay|[upkeep]\n|upkeep\n|\n|t:|1772986023\n|switch|p2b: Kyogre|Kyogre, L50, shiny|100/100\n|-weather|RainDance|[from] ability: Drizzle|[of] p2b: Kyogre\n|turn|8\n|\n|t:|1772986030\n|move|p2b: Kyogre|Water Spout|p1b: Volcarona|[spread] p1a,p1b\n|-supereffective|p1a: Groudon\n|-supereffective|p1b: Volcarona\n|-damage|p1a: Groudon|0 fnt\n|-damage|p1b: Volcarona|0 fnt\n|faint|p1a: Groudon\n|faint|p1b: Volcarona\n|\n|win|xiaoliyunVGC\n|raw|shangenb5's rating: 1387 &rarr; <strong>1375</strong><br />(-12 for losing)\n|raw|xiaoliyunVGC's rating: 1526 &rarr; <strong>1538</strong><br />(+12 for winning)\n|l|\u2606shangenb5\n|player|p1|\n|l|\u2606xiaoliyunVGC\n|player|p2|\n","uploadtime":1772986307,"views":12,"formatid":"gen9vgc2026regi","rating":1375,"private":0,"password":null}