{"id":"gen9vgc2026regi-2556531573","format":"[Gen 9] VGC 2026 Reg I","players":["LamestAmos","b3testing"],"log":"|j|\u2606LamestAmos\n|j|\u2606b3testing\n|t:|1773221842\n|gametype|doubles\n|player|p1|LamestAmos|veteran|1383\n|player|p2|b3testing|102|1492\n|gen|9\n|tier|[Gen 9] VGC 2026 Reg I\n|rated|\n|rule|Species Clause: Limit one of each Pok\u00e9mon\n|rule|Item Clause: Limit 1 of each item\n|clearpoke\n|poke|p1|Incineroar, L50, M|\n|poke|p1|Lunala, L50|\n|poke|p1|Amoonguss, L50, F|\n|poke|p1|Ursaluna, L50, M|\n|poke|p1|Koraidon, L50|\n|poke|p1|Flutter Mane, L50|\n|poke|p2|Terapagos, L50, M|\n|poke|p2|Calyrex-Shadow, L50|\n|poke|p2|Incineroar, L50, F|\n|poke|p2|Amoonguss, L50, M|\n|poke|p2|Tornadus, L50, M|\n|poke|p2|Smeargle, L50, M|\n|teampreview|4\n|inactive|Battle timer is ON: inactive players will automatically lose when time's up. (requested by b3testing)\n|inactive|b3testing has 60 seconds left.\n|\n|t:|1773221876\n|teamsize|p1|4\n|teamsize|p2|4\n|start\n|switch|p1a: Lunala|Lunala, L50|100/100\n|switch|p1b: Incineroar|Incineroar, L50, M, shiny|100/100\n|switch|p2a: Tornadus|Tornadus, L50, M|100/100\n|switch|p2b: Smeargle|Smeargle, L50, M|100/100\n|-ability|p1b: Incineroar|Intimidate|boost\n|-unboost|p2a: Tornadus|atk|1\n|-unboost|p2b: Smeargle|atk|1\n|turn|1\n|\n|t:|1773221892\n|move|p2b: Smeargle|Fake Out|p1b: Incineroar\n|-crit|p1b: Incineroar\n|-damage|p1b: Incineroar|95/100\n|cant|p1b: Incineroar|flinch\n|move|p2a: Tornadus|Taunt|p1a: Lunala\n|-start|p1a: Lunala|move: Taunt\n|cant|p1a: Lunala|move: Taunt|Trick Room\n|\n|-ability|p2b: Smeargle|Moody|boost\n|-boost|p2b: Smeargle|spe|2\n|-unboost|p2b: Smeargle|spa|1\n|upkeep\n|turn|2\n|inactive|b3testing has 30 seconds left.\n|\n|t:|1773221922\n|switch|p2a: Terapagos|Terapagos, L50, M|100/100\n|-activate|p2a: Terapagos|ability: Tera Shift\n|detailschange|p2a: Terapagos|Terapagos-Terastal, L50, M\n|-heal|p2a: Terapagos|100/100|[silent]\n|switch|p1a: Amoonguss|Amoonguss, L50, F|100/100\n|move|p2b: Smeargle|Spore|p1a: Amoonguss\n|-immune|p1a: Amoonguss\n|move|p1b: Incineroar|U-turn|p2b: Smeargle\n|-damage|p2b: Smeargle|61/100\n|\n|t:|1773221936\n|switch|p1b: Lunala|Lunala, L50|100/100|[from] U-turn\n|\n|-ability|p2b: Smeargle|Moody|boost\n|-boost|p2b: Smeargle|def|2\n|-unboost|p2b: Smeargle|spd|1\n|upkeep\n|turn|3\n|\n|t:|1773221956\n|move|p1a: Amoonguss|Rage Powder|p1a: Amoonguss\n|-singleturn|p1a: Amoonguss|move: Rage Powder\n|move|p2b: Smeargle|Spore|p1a: Amoonguss\n|-immune|p1a: Amoonguss\n|move|p2a: Terapagos|Calm Mind|p2a: Terapagos\n|-boost|p2a: Terapagos|spa|1\n|-boost|p2a: Terapagos|spd|1\n|move|p1b: Lunala|Trick Room|p1b: Lunala\n|-fieldstart|move: Trick Room|[of] p1b: Lunala\n|\n|-ability|p2b: Smeargle|Moody|boost\n|-boost|p2b: Smeargle|atk|2\n|-unboost|p2b: Smeargle|spd|1\n|upkeep\n|turn|4\n|\n|t:|1773221973\n|move|p2a: Terapagos|Protect|p2a: Terapagos\n|-singleturn|p2a: Terapagos|Protect\n|move|p1a: Amoonguss|Spore|p2a: Terapagos\n|-activate|p2a: Terapagos|move: Protect\n|move|p1b: Lunala|Moonblast|p2b: Smeargle\n|-damage|p2b: Smeargle|0 fnt\n|faint|p2b: Smeargle\n|\n|upkeep\n|\n|t:|1773221977\n|switch|p2b: Tornadus|Tornadus, L50, M|100/100\n|turn|5\n|inactive|LamestAmos has 30 seconds left.\n|inactive|LamestAmos has 20 seconds left.\n|inactive|LamestAmos has 15 seconds left.\n|inactive|LamestAmos has 10 seconds left.\n|\n|t:|1773222026\n|switch|p1b: Freddy Fazbear|Ursaluna, L50, M|100/100\n|-terastallize|p1a: Amoonguss|Dark\n|move|p2b: Tornadus|Taunt|p1a: Amoonguss\n|-hint|Since gen 7, Dark is immune to Prankster moves.\n|-immune|p1a: Amoonguss\n|move|p1a: Amoonguss|Spore|p2a: Terapagos\n|-status|p2a: Terapagos|slp|[from] move: Spore\n|cant|p2a: Terapagos|slp\n|\n|-status|p1b: Freddy Fazbear|brn|[from] item: Flame Orb\n|upkeep\n|turn|6\n|inactive|b3testing has 30 seconds left.\n|\n|t:|1773222052\n|move|p1a: Amoonguss|Spore|p2b: Tornadus\n|-status|p2b: Tornadus|slp|[from] move: Spore\n|move|p1b: Freddy Fazbear|Facade|p2a: Terapagos\n|-activate|p2a: Terapagos|ability: Tera Shell\n|-resisted|p2a: Terapagos\n|-damage|p2a: Terapagos|43/100 slp\n|-curestatus|p2a: Terapagos|slp|[msg]\n|move|p2a: Terapagos|Tera Starstorm|p1b: Freddy Fazbear\n|-damage|p1b: Freddy Fazbear|33/100 brn\n|cant|p2b: Tornadus|slp\n|\n|-damage|p1b: Freddy Fazbear|27/100 brn|[from] brn\n|upkeep\n|turn|7\n|\n|t:|1773222069\n|switch|p2b: Calyrex|Calyrex-Shadow, L50|100/100\n|-ability|p2b: Calyrex|As One\n|-ability|p2b: Calyrex|Unnerve\n|move|p2a: Terapagos|Protect|p2a: Terapagos\n|-singleturn|p2a: Terapagos|Protect\n|move|p1a: Amoonguss|Pollen Puff|p1b: Freddy Fazbear\n|-heal|p1b: Freddy Fazbear|77/100 brn\n|move|p1b: Freddy Fazbear|Facade|p2b: Calyrex\n|-immune|p2b: Calyrex\n|\n|-damage|p1b: Freddy Fazbear|71/100 brn|[from] brn\n|-fieldend|move: Trick Room\n|upkeep\n|turn|8\n|inactive|LamestAmos has 30 seconds left.\n|\n|t:|1773222095\n|switch|p1a: Incineroar|Incineroar, L50, M, shiny|95/100\n|-ability|p1a: Incineroar|Intimidate|boost\n|-unboost|p2a: Terapagos|atk|1\n|-unboost|p2b: Calyrex|atk|1\n|-terastallize|p2a: Terapagos|Stellar\n|detailschange|p2a: Terapagos|Terapagos-Stellar, L50, M, tera:Stellar\n|-heal|p2a: Terapagos|57/100|[silent]\n|move|p1b: Freddy Fazbear|Protect|p1b: Freddy Fazbear\n|-singleturn|p1b: Freddy Fazbear|Protect\n|move|p2b: Calyrex|Astral Barrage|p1b: Freddy Fazbear|[spread] p1a\n|-activate|p1b: Freddy Fazbear|move: Protect\n|-resisted|p1a: Incineroar\n|-damage|p1a: Incineroar|61/100\n|-damage|p2b: Calyrex|91/100|[from] item: Life Orb\n|move|p2a: Terapagos|Tera Starstorm|p1b: Freddy Fazbear|[spread] p1a\n|-activate|p1b: Freddy Fazbear|move: Protect\n|-damage|p1a: Incineroar|6/100\n|\n|-damage|p1b: Freddy Fazbear|65/100 brn|[from] brn\n|upkeep\n|turn|9\n|inactive|LamestAmos has 30 seconds left.\n|\n|t:|1773222125\n|move|p1a: Incineroar|Fake Out|p2a: Terapagos\n|-damage|p2a: Terapagos|51/100\n|move|p2b: Calyrex|Encore|p1b: Freddy Fazbear\n|-start|p1b: Freddy Fazbear|Encore\n|move|p2a: Terapagos|Tera Starstorm|p1b: Freddy Fazbear|[spread] p1a,p1b\n|-damage|p1a: Incineroar|0 fnt\n|-damage|p1b: Freddy Fazbear|11/100 brn\n|faint|p1a: Incineroar\n|move|p1b: Freddy Fazbear|Protect||[still]\n|-fail|p1b: Freddy Fazbear\n|\n|-damage|p1b: Freddy Fazbear|5/100 brn|[from] brn\n|upkeep\n|inactive|LamestAmos has 30 seconds left.\n|inactive|LamestAmos has 20 seconds left.\n|inactive|LamestAmos has 15 seconds left.\n|inactive|LamestAmos has 10 seconds left.\n|inactive|LamestAmos has 5 seconds left.\n|\n|t:|1773222180\n|switch|p1a: Amoonguss|Amoonguss, L50, F, tera:Dark|100/100\n|turn|10\n|inactive|LamestAmos has 30 seconds left.\n|inactive|LamestAmos has 20 seconds left.\n|inactive|LamestAmos has 15 seconds left.\n|inactive|LamestAmos has 10 seconds left.\n|inactive|LamestAmos has 5 seconds left.\n|\n|t:|1773222235\n|move|p1b: Freddy Fazbear|Protect|p1b: Freddy Fazbear\n|-singleturn|p1b: Freddy Fazbear|Protect\n|move|p1a: Amoonguss|Rage Powder|p1a: Amoonguss\n|-singleturn|p1a: Amoonguss|move: Rage Powder\n|move|p2b: Calyrex|Astral Barrage|p1a: Amoonguss|[spread] p1a\n|-activate|p1b: Freddy Fazbear|move: Protect\n|-resisted|p1a: Amoonguss\n|-damage|p1a: Amoonguss|74/100\n|-damage|p2b: Calyrex|81/100|[from] item: Life Orb\n|move|p2a: Terapagos|Tera Starstorm|p1a: Amoonguss|[spread] p1a\n|-activate|p1b: Freddy Fazbear|move: Protect\n|-supereffective|p1a: Amoonguss\n|-damage|p1a: Amoonguss|0 fnt\n|faint|p1a: Amoonguss\n|\n|-damage|p1b: Freddy Fazbear|0 fnt|[from] brn\n|faint|p1b: Freddy Fazbear\n|upkeep\n|-message|LamestAmos forfeited.\n|\n|win|b3testing\n|raw|LamestAmos's rating: 1383 &rarr; <strong>1369</strong><br />(-14 for losing)\n|raw|b3testing's rating: 1492 &rarr; <strong>1506</strong><br />(+14 for winning)\n|l|\u2606LamestAmos\n|player|p1|\n|l|\u2606b3testing\n|player|p2|\n","uploadtime":1773222444,"views":12,"formatid":"gen9vgc2026regi","rating":1369,"private":0,"password":null}