{"id":"gen9vgc2026regi-2552121357","format":"[Gen 9] VGC 2026 Reg I","players":["Snow48691412","VJ2511"],"log":"|j|\u2606Snow48691412\n|j|\u2606VJ2511\n|t:|1772677980\n|gametype|doubles\n|player|p1|Snow48691412|266|1469\n|player|p2|VJ2511|red-masters3|1519\n|gen|9\n|tier|[Gen 9] VGC 2026 Reg I\n|rated|\n|rule|Species Clause: Limit one of each Pok\u00e9mon\n|rule|Item Clause: Limit 1 of each item\n|clearpoke\n|poke|p1|Lunala, L50|\n|poke|p1|Miraidon, L50|\n|poke|p1|Annihilape, L50, F|\n|poke|p1|Whimsicott, L50, M|\n|poke|p1|Incineroar, L50, F|\n|poke|p1|Ursaluna, L50, M|\n|poke|p2|Calyrex-Shadow, L50|\n|poke|p2|Zamazenta-*, L50|\n|poke|p2|Chien-Pao, L50|\n|poke|p2|Dragonite, L50, F|\n|poke|p2|Raging Bolt, L50|\n|poke|p2|Amoonguss, L50, M|\n|teampreview|4\n|inactive|Battle timer is ON: inactive players will automatically lose when time's up. (requested by VJ2511)\n|\n|t:|1772678030\n|teamsize|p1|4\n|teamsize|p2|4\n|start\n|switch|p1a: Miraidon|Miraidon, L50|100/100\n|switch|p1b: Lunala|Lunala, L50|100/100\n|switch|p2a: Zamazenta|Zamazenta-Crowned, L50|100/100\n|switch|p2b: Chien-Pao|Chien-Pao, L50|100/100\n|-fieldstart|move: Electric Terrain|[from] ability: Hadron Engine|[of] p1a: Miraidon\n|-ability|p2b: Chien-Pao|Sword of Ruin\n|-ability|p2a: Zamazenta|Dauntless Shield|boost\n|-boost|p2a: Zamazenta|def|1\n|turn|1\n|\n|t:|1772678048\n|move|p1a: Miraidon|Volt Switch|p2b: Chien-Pao\n|-damage|p2b: Chien-Pao|40/100\n|\n|t:|1772678051\n|switch|p1a: Annihilape|Annihilape, L50, F|100/100|[from] Volt Switch\n|-enditem|p1a: Annihilape|Electric Seed\n|-boost|p1a: Annihilape|def|1|[from] item: Electric Seed\n|move|p2b: Chien-Pao|Ice Spinner|p1a: Annihilape\n|-damage|p1a: Annihilape|69/100\n|-fieldend|move: Electric Terrain\n|move|p2a: Zamazenta|Body Press|p1a: Annihilape\n|-immune|p1a: Annihilape\n|move|p1b: Lunala|Trick Room|p1b: Lunala\n|-fieldstart|move: Trick Room|[of] p1b: Lunala\n|\n|upkeep\n|turn|2\n|j| Chilly-Winters\n|inactive|Snow48691412 has 30 seconds left.\n|\n|t:|1772678082\n|-terastallize|p1b: Lunala|Fire\n|-terastallize|p2a: Zamazenta|Dragon\n|move|p2b: Chien-Pao|Sucker Punch|p1b: Lunala\n|-damage|p1b: Lunala|85/100\n|move|p1b: Lunala|Heat Wave|p2b: Chien-Pao|[spread] p2a,p2b\n|-resisted|p2a: Zamazenta\n|-crit|p2a: Zamazenta\n|-supereffective|p2b: Chien-Pao\n|-damage|p2a: Zamazenta|81/100\n|-damage|p2b: Chien-Pao|0 fnt\n|faint|p2b: Chien-Pao\n|move|p1a: Annihilape|Bulk Up|p1a: Annihilape\n|-boost|p1a: Annihilape|atk|1\n|-boost|p1a: Annihilape|def|1\n|move|p2a: Zamazenta|Heavy Slam|p1b: Lunala\n|-resisted|p1b: Lunala\n|-damage|p1b: Lunala|67/100\n|\n|upkeep\n|\n|t:|1772678087\n|switch|p2b: Dragonite|Dragonite, L50, F, shiny|100/100\n|turn|3\n|\n|t:|1772678101\n|switch|p1b: Incineroar|Incineroar, L50, F|100/100\n|-ability|p1b: Incineroar|Intimidate|boost\n|-unboost|p2a: Zamazenta|atk|1\n|-fail|p2b: Dragonite|unboost|Attack|[from] ability: Inner Focus|[of] p2b: Dragonite\n|move|p2b: Dragonite|Outrage|p1a: Annihilape\n|-damage|p1a: Annihilape|15/100\n|move|p1a: Annihilape|Rage Fist|p2b: Dragonite\n|-damage|p2b: Dragonite|0 fnt\n|faint|p2b: Dragonite\n|move|p2a: Zamazenta|Body Press|p1b: Incineroar\n|-supereffective|p1b: Incineroar\n|-damage|p1b: Incineroar|0 fnt\n|faint|p1b: Incineroar\n|\n|upkeep\n|\n|t:|1772678115\n|switch|p1b: Lunala|Lunala, L50, tera:Fire|67/100\n|switch|p2b: Calyrex|Calyrex-Shadow, L50|100/100\n|-ability|p2b: Calyrex|As One\n|-ability|p2b: Calyrex|Unnerve\n|turn|4\n|\n|t:|1772678136\n|move|p1b: Lunala|Moongeist Beam|p2a: Zamazenta\n|-damage|p2a: Zamazenta|44/100\n|move|p1a: Annihilape|Rage Fist|p2a: Zamazenta\n|-damage|p2a: Zamazenta|7/100\n|move|p2a: Zamazenta|Heavy Slam|p1a: Annihilape\n|-crit|p1a: Annihilape\n|-damage|p1a: Annihilape|0 fnt\n|faint|p1a: Annihilape\n|move|p2b: Calyrex|Astral Barrage|p1b: Lunala\n|-damage|p1b: Lunala|15/100\n|\n|upkeep\n|\n|t:|1772678144\n|switch|p1a: Miraidon|Miraidon, L50|100/100\n|-fieldstart|move: Electric Terrain|[from] ability: Hadron Engine|[of] p1a: Miraidon\n|turn|5\n|inactive|VJ2511 has 30 seconds left.\n|inactive|Snow48691412 has 30 seconds left.\n|inactive|VJ2511 has 20 seconds left.\n|inactive|Snow48691412 has 20 seconds left.\n|inactive|Snow48691412 has 15 seconds left.\n|inactive|VJ2511 has 15 seconds left.\n|inactive|Snow48691412 has 10 seconds left.\n|\n|t:|1772678200\n|move|p1b: Lunala|Moongeist Beam|p2a: Zamazenta\n|-damage|p2a: Zamazenta|0 fnt\n|faint|p2a: Zamazenta\n|move|p2b: Calyrex|Astral Barrage|p1a: Miraidon|[spread] p1a,p1b\n|-damage|p1a: Miraidon|54/100\n|-damage|p1b: Lunala|0 fnt\n|faint|p1b: Lunala\n|-ability|p2b: Calyrex|Grim Neigh|boost\n|-boost|p2b: Calyrex|spa|1\n|move|p1a: Miraidon|Snarl|p2b: Calyrex\n|-supereffective|p2b: Calyrex\n|-enditem|p2b: Calyrex|Focus Sash\n|-damage|p2b: Calyrex|1/100\n|-unboost|p2b: Calyrex|spa|1\n|\n|-fieldend|move: Trick Room\n|upkeep\n|turn|6\n|j| BK Sergio\n|\n|t:|1772678216\n|move|p1a: Miraidon|Snarl|p2b: Calyrex\n|-supereffective|p2b: Calyrex\n|-crit|p2b: Calyrex\n|-damage|p2b: Calyrex|0 fnt\n|faint|p2b: Calyrex\n|\n|win|Snow48691412\n|raw|Snow48691412's rating: 1469 &rarr; <strong>1492</strong><br />(+23 for winning)\n|raw|VJ2511's rating: 1519 &rarr; <strong>1496</strong><br />(-23 for losing)\n|l|\u2606VJ2511\n|player|p2|\n|l| Chilly-Winters\n|l|\u2606Snow48691412\n|player|p1|\n","uploadtime":1772678466,"views":16,"formatid":"gen9vgc2026regi","rating":1492,"private":0,"password":null}