{"id":"gen9vgc2026regi-2533940078","format":"[Gen 9] VGC 2026 Reg I","players":["xinshouok","kojimuranishi"],"log":"|j|\u2606xinshouok\n|j|\u2606kojimuranishi\n|t:|1770364191\n|gametype|doubles\n|player|p1|xinshouok|lucas|1397\n|player|p2|kojimuranishi|102|1503\n|gen|9\n|tier|[Gen 9] VGC 2026 Reg I\n|rated|\n|rule|Species Clause: Limit one of each Pok\u00e9mon\n|rule|Item Clause: Limit 1 of each item\n|clearpoke\n|poke|p1|Kyurem-White, L50|\n|poke|p1|Ninetales-Alola, L50, M|\n|poke|p1|Zekrom, L50|\n|poke|p1|Smeargle, L50, M|\n|poke|p1|Annihilape, L50, F|\n|poke|p1|Indeedee-F, L50, F|\n|poke|p2|Whimsicott, L50, M|\n|poke|p2|Calyrex-Ice, L50|\n|poke|p2|Chi-Yu, L50|\n|poke|p2|Miraidon, L50|\n|poke|p2|Landorus, L50, M|\n|poke|p2|Ogerpon-Cornerstone, L50, F|\n|teampreview|4\n|inactive|Battle timer is ON: inactive players will automatically lose when time's up. (requested by xinshouok)\n|\n|t:|1770364213\n|teamsize|p1|4\n|teamsize|p2|4\n|start\n|switch|p1a: Zekrom|Zekrom, L50|100/100\n|switch|p1b: Smeargle|Smeargle, L50, M|100/100\n|switch|p2a: Chi-Yu|Chi-Yu, L50|100/100\n|switch|p2b: Ogerpon|Ogerpon-Cornerstone, L50, F|100/100\n|-ability|p1a: Zekrom|Teravolt\n|-ability|p2a: Chi-Yu|Beads of Ruin\n|turn|1\n|\n|t:|1770364235\n|move|p1b: Smeargle|Fake Out|p2b: Ogerpon\n|-resisted|p2b: Ogerpon\n|-damage|p2b: Ogerpon|97/100\n|cant|p2b: Ogerpon|flinch\n|move|p1a: Zekrom|Scale Shot|p2a: Chi-Yu\n|-damage|p2a: Chi-Yu|73/100\n|-damage|p2a: Chi-Yu|49/100\n|-damage|p2a: Chi-Yu|22/100\n|-crit|p2a: Chi-Yu\n|-damage|p2a: Chi-Yu|0 fnt\n|faint|p2a: Chi-Yu\n|-hitcount|p2: Chi-Yu|4\n|-unboost|p1a: Zekrom|def|1\n|-boost|p1a: Zekrom|spe|1\n|\n|-ability|p1b: Smeargle|Moody|boost\n|-boost|p1b: Smeargle|atk|2\n|-unboost|p1b: Smeargle|spa|1\n|upkeep\n|\n|t:|1770364252\n|switch|p2a: Landorus|Landorus, L50, M|100/100\n|turn|2\n|inactive|xinshouok has 30 seconds left.\n|j| lunala fairy ghost\n|inactive|xinshouok has 20 seconds left.\n|inactive|xinshouok has 15 seconds left.\n|\n|t:|1770364292\n|move|p1a: Zekrom|Protect|p1a: Zekrom\n|-singleturn|p1a: Zekrom|Protect\n|move|p2a: Landorus|Protect|p2a: Landorus\n|-singleturn|p2a: Landorus|Protect\n|move|p2b: Ogerpon|Ivy Cudgel|p1b: Smeargle|[anim] Ivy Cudgel Rock\n|-enditem|p1b: Smeargle|Focus Sash\n|-damage|p1b: Smeargle|1/100\n|move|p1b: Smeargle|Spore|p2a: Landorus\n|-activate|p2a: Landorus|move: Protect\n|\n|-ability|p1b: Smeargle|Moody|boost\n|-boost|p1b: Smeargle|def|2\n|-unboost|p1b: Smeargle|atk|1\n|upkeep\n|turn|3\n|\n|t:|1770364317\n|move|p2b: Ogerpon|Follow Me|p2b: Ogerpon\n|-singleturn|p2b: Ogerpon|move: Follow Me\n|move|p1a: Zekrom|Tailwind|p1a: Zekrom\n|-sidestart|p1: xinshouok|move: Tailwind\n|move|p1b: Smeargle|Spore|p2b: Ogerpon\n|-immune|p2b: Ogerpon\n|move|p2a: Landorus|Sandsear Storm|p1a: Zekrom|[spread] p1a,p1b\n|-supereffective|p1a: Zekrom\n|-damage|p1a: Zekrom|0 fnt\n|-damage|p1b: Smeargle|0 fnt\n|faint|p1a: Zekrom\n|faint|p1b: Smeargle\n|\n|upkeep\n|\n|t:|1770364321\n|switch|p1a: Kyurem|Kyurem-White, L50|100/100\n|switch|p1b: Ninetales|Ninetales-Alola, L50, M|100/100\n|-weather|Snowscape|[from] ability: Snow Warning|[of] p1b: Ninetales\n|-ability|p1a: Kyurem|Turboblaze\n|turn|4\n|l| lunala fairy ghost\n|inactive|kojimuranishi has 30 seconds left.\n|inactive|kojimuranishi has 20 seconds left.\n|\n|t:|1770364359\n|move|p1b: Ninetales|Helping Hand|p1a: Kyurem\n|-singleturn|p1a: Kyurem|Helping Hand|[of] p1b: Ninetales\n|move|p2a: Landorus|Protect|p2a: Landorus\n|-singleturn|p2a: Landorus|Protect\n|move|p1a: Kyurem|Blizzard|p2a: Landorus|[spread] p2b\n|-activate|p2a: Landorus|move: Protect\n|-supereffective|p2b: Ogerpon\n|-damage|p2b: Ogerpon|0 fnt\n|faint|p2b: Ogerpon\n|\n|-weather|Snowscape|[upkeep]\n|upkeep\n|\n|t:|1770364369\n|switch|p2b: Miraidon|Miraidon, L50|100/100\n|-fieldstart|move: Electric Terrain|[from] ability: Hadron Engine|[of] p2b: Miraidon\n|turn|5\n|inactive|xinshouok has 30 seconds left.\n|\n|t:|1770364399\n|-terastallize|p2a: Landorus|Water\n|move|p1b: Ninetales|Helping Hand|p1a: Kyurem\n|-singleturn|p1a: Kyurem|Helping Hand|[of] p1b: Ninetales\n|move|p2b: Miraidon|Draco Meteor|p1a: Kyurem\n|-supereffective|p1a: Kyurem\n|-damage|p1a: Kyurem|16/100\n|-unboost|p2b: Miraidon|spa|2\n|move|p1a: Kyurem|Blizzard|p2b: Miraidon|[spread] p2a,p2b\n|-resisted|p2a: Landorus\n|-supereffective|p2b: Miraidon\n|-damage|p2a: Landorus|47/100\n|-damage|p2b: Miraidon|0 fnt\n|faint|p2b: Miraidon\n|move|p2a: Landorus|Sandsear Storm|p1b: Ninetales|[spread] p1a,p1b\n|-crit|p1a: Kyurem\n|-damage|p1a: Kyurem|0 fnt\n|-damage|p1b: Ninetales|29/100\n|faint|p1a: Kyurem\n|\n|-weather|Snowscape|[upkeep]\n|upkeep\n|turn|6\n|-message|xinshouok forfeited.\n|\n|win|kojimuranishi\n|raw|xinshouok's rating: 1397 &rarr; <strong>1383</strong><br />(-14 for losing)\n|raw|kojimuranishi's rating: 1503 &rarr; <strong>1517</strong><br />(+14 for winning)\n|l|\u2606xinshouok\n|player|p1|\n|l|\u2606kojimuranishi\n|player|p2|\n","uploadtime":1770364673,"views":14,"formatid":"gen9vgc2026regi","rating":1383,"private":0,"password":null}