{"id":"gen9vgc2026regi-2591256765","format":"[Gen 9] VGC 2026 Reg I","players":["Harry Koekenpan","angrybook"],"log":"|j|\u2606Harry Koekenpan\n|j|\u2606angrybook\n|t:|1776884696\n|gametype|doubles\n|player|p1|Harry Koekenpan|101|1512\n|player|p2|angrybook|pokemaniac|1603\n|gen|9\n|tier|[Gen 9] VGC 2026 Reg I\n|rated|\n|rule|Species Clause: Limit one of each Pok\u00e9mon\n|rule|Item Clause: Limit 1 of each item\n|clearpoke\n|poke|p1|Weezing-Galar, L50, M|\n|poke|p1|Calyrex-Shadow, L50|\n|poke|p1|Regigigas, L50|\n|poke|p1|Koraidon, L50|\n|poke|p1|Chi-Yu, L50|\n|poke|p1|Brute Bonnet, L50|\n|poke|p2|Koraidon, L50|\n|poke|p2|Flutter Mane, L50|\n|poke|p2|Incineroar, L50, M|\n|poke|p2|Lunala, L50|\n|poke|p2|Ursaluna, L50, M|\n|poke|p2|Walking Wake, L50|\n|teampreview|4\n|j| maruuram\n|inactive|Battle timer is ON: inactive players will automatically lose when time's up. (requested by Harry Koekenpan)\n|inactive|angrybook has 60 seconds left.\n|\n|t:|1776884742\n|teamsize|p1|4\n|teamsize|p2|4\n|start\n|switch|p1a: Weezing|Weezing-Galar, L50, M|100/100\n|switch|p1b: Regigigas|Regigigas, L50|100/100\n|switch|p2a: Koraidon|Koraidon, L50|100/100\n|switch|p2b: Flutter Mane|Flutter Mane, L50|100/100\n|-ability|p1a: Weezing|Neutralizing Gas\n|turn|1\n|\n|t:|1776884765\n|move|p2b: Flutter Mane|Protect|p2b: Flutter Mane\n|-singleturn|p2b: Flutter Mane|Protect\n|move|p2a: Koraidon|Protect|p2a: Koraidon\n|-singleturn|p2a: Koraidon|Protect\n|move|p1b: Regigigas|Heavy Slam|p2b: Flutter Mane\n|-activate|p2b: Flutter Mane|move: Protect\n|move|p1a: Weezing|Poison Gas|p2a: Koraidon|[spread] \n|-activate|p2a: Koraidon|move: Protect\n|-activate|p2b: Flutter Mane|move: Protect\n|\n|upkeep\n|turn|2\n|\n|t:|1776884781\n|move|p1b: Regigigas|Heavy Slam|p2b: Flutter Mane\n|-supereffective|p2b: Flutter Mane\n|-enditem|p2b: Flutter Mane|Focus Sash\n|-damage|p2b: Flutter Mane|1/100\n|move|p2b: Flutter Mane|Shadow Ball|p1a: Weezing\n|-damage|p1a: Weezing|59/100\n|move|p2a: Koraidon|Flame Charge|p1a: Weezing\n|-damage|p1a: Weezing|42/100\n|-boost|p2a: Koraidon|spe|1\n|-enditem|p1a: Weezing|Sitrus Berry|[eat]\n|-heal|p1a: Weezing|67/100|[from] item: Sitrus Berry\n|move|p1a: Weezing|Poison Gas|p2b: Flutter Mane|[spread] p2a,p2b\n|-status|p2a: Koraidon|psn\n|-status|p2b: Flutter Mane|psn\n|\n|-damage|p2a: Koraidon|88/100 psn|[from] psn\n|-damage|p2b: Flutter Mane|0 fnt|[from] psn\n|faint|p2b: Flutter Mane\n|-end|p2b: Flutter Mane|Protosynthesis|[silent]\n|upkeep\n|\n|t:|1776884786\n|switch|p2b: Walking Wake|Walking Wake, L50|100/100\n|turn|3\n|inactive|Harry Koekenpan has 30 seconds left.\n|\n|t:|1776884814\n|-terastallize|p2a: Koraidon|Fire\n|move|p1a: Weezing|Protect|p1a: Weezing\n|-singleturn|p1a: Weezing|Protect\n|move|p2a: Koraidon|Collision Course|p1b: Regigigas\n|-supereffective|p1b: Regigigas\n|-damage|p1b: Regigigas|0 fnt\n|faint|p1b: Regigigas\n|-end|p1b: Regigigas|Slow Start|[silent]\n|move|p2b: Walking Wake|Hydro Steam|p1a: Weezing\n|-activate|p1a: Weezing|move: Protect\n|\n|-damage|p2a: Koraidon|76/100 psn|[from] psn\n|upkeep\n|\n|t:|1776884839\n|switch|p1b: Koraidon|Koraidon, L50|100/100\n|-weather|SunnyDay|[from] ability: Orichalcum Pulse|[of] p1b: Koraidon\n|-activate|p1b: Koraidon|Orichalcum Pulse|[source]\n|turn|4\n|inactive|Harry Koekenpan has 30 seconds left.\n|\n|t:|1776884870\n|move|p2a: Koraidon|Flare Blitz|p1a: Weezing\n|-damage|p1a: Weezing|0 fnt\n|faint|p1a: Weezing\n|-end|p1a: Weezing|ability: Neutralizing Gas\n|-activate|p2a: Koraidon|ability: Orichalcum Pulse\n|-activate|p2b: Walking Wake|ability: Protosynthesis\n|-start|p2b: Walking Wake|protosynthesisspe\n|-damage|p2a: Koraidon|57/100 psn|[from] Recoil\n|move|p2b: Walking Wake|Draco Meteor|p1b: Koraidon\n|-supereffective|p1b: Koraidon\n|-damage|p1b: Koraidon|0 fnt\n|-unboost|p2b: Walking Wake|spa|2\n|faint|p1b: Koraidon\n|\n|-weather|SunnyDay|[upkeep]\n|-damage|p2a: Koraidon|44/100 psn|[from] psn\n|upkeep\n|\n|t:|1776884885\n|switch|p1b: Chi-Yu|Chi-Yu, L50|100/100\n|-ability|p1b: Chi-Yu|Beads of Ruin\n|turn|5\n|\n|t:|1776884890\n|move|p2b: Walking Wake|Hydro Steam|p1b: Chi-Yu\n|-supereffective|p1b: Chi-Yu\n|-damage|p1b: Chi-Yu|30/100\n|move|p2a: Koraidon|Flare Blitz|p1b: Chi-Yu\n|-resisted|p1b: Chi-Yu\n|-damage|p1b: Chi-Yu|0 fnt\n|faint|p1b: Chi-Yu\n|-damage|p2a: Koraidon|38/100 psn|[from] Recoil\n|\n|win|angrybook\n|raw|Harry Koekenpan's rating: 1512 &rarr; <strong>1497</strong><br />(-15 for losing)\n|raw|angrybook's rating: 1603 &rarr; <strong>1618</strong><br />(+15 for winning)\n|c|\u2606angrybook|gg\n|l|\u2606angrybook\n|player|p2|\n|l|\u2606Harry Koekenpan\n|player|p1|\n|l| maruuram\n","uploadtime":1776885064,"views":15,"formatid":"gen9vgc2026regi","rating":1497,"private":0,"password":null}