{"id":"gen9vgc2026regi-2557023539","format":"[Gen 9] VGC 2026 Reg I","players":["501JFW","b3testing"],"log":"|j|\u2606501JFW\n|j|\u2606b3testing\n|t:|1773271019\n|gametype|doubles\n|player|p1|501JFW|265|1559\n|player|p2|b3testing|169|1477\n|gen|9\n|tier|[Gen 9] VGC 2026 Reg I\n|rated|\n|rule|Species Clause: Limit one of each Pok\u00e9mon\n|rule|Item Clause: Limit 1 of each item\n|clearpoke\n|poke|p1|Calyrex-Shadow, L50|\n|poke|p1|Koraidon, L50|\n|poke|p1|Indeedee-F, L50, F|\n|poke|p1|Maushold, L50|\n|poke|p1|Incineroar, L50, M|\n|poke|p1|Roaring Moon, L50|\n|poke|p2|Terapagos, L50, M|\n|poke|p2|Calyrex-Shadow, L50|\n|poke|p2|Incineroar, L50, M|\n|poke|p2|Amoonguss, L50, F|\n|poke|p2|Tornadus, L50, M|\n|poke|p2|Smeargle, L50, F|\n|teampreview|4\n|inactive|Battle timer is ON: inactive players will automatically lose when time's up. (requested by b3testing)\n|inactive|501JFW has 60 seconds left.\n|inactive|501JFW has 30 seconds left.\n|inactive|501JFW has 20 seconds left.\n|inactive|501JFW has 15 seconds left.\n|inactive|501JFW has 10 seconds left.\n|inactive|501JFW has 5 seconds left.\n|\n|t:|1773271108\n|teamsize|p1|4\n|teamsize|p2|4\n|start\n|switch|p1a: Maushold|Maushold, L50, shiny|100/100\n|switch|p1b: Incineroar|Incineroar, L50, M, shiny|100/100\n|switch|p2a: Incineroar|Incineroar, L50, M|100/100\n|switch|p2b: Terapagos|Terapagos, L50, M|100/100\n|-activate|p2b: Terapagos|ability: Tera Shift\n|detailschange|p2b: Terapagos|Terapagos-Terastal, L50, M\n|-heal|p2b: Terapagos|100/100|[silent]\n|-ability|p1b: Incineroar|Intimidate|boost\n|-unboost|p2a: Incineroar|atk|1\n|-unboost|p2b: Terapagos|atk|1\n|-ability|p2a: Incineroar|Intimidate|boost\n|-unboost|p1a: Maushold|atk|1\n|-unboost|p1b: Incineroar|atk|1\n|turn|1\n|\n|t:|1773271129\n|move|p2b: Terapagos|Protect|p2b: Terapagos\n|-singleturn|p2b: Terapagos|Protect\n|move|p1b: Incineroar|Fake Out|p2a: Incineroar\n|-damage|p2a: Incineroar|94/100\n|move|p1a: Maushold|Population Bomb|p2b: Terapagos\n|-activate|p2b: Terapagos|move: Protect\n|cant|p2a: Incineroar|flinch\n|\n|upkeep\n|turn|2\n|\n|t:|1773271147\n|move|p1a: Maushold|Population Bomb|p2a: Incineroar\n|-damage|p2a: Incineroar|86/100\n|-damage|p2a: Incineroar|78/100\n|-damage|p2a: Incineroar|69/100\n|-damage|p2a: Incineroar|61/100\n|-damage|p2a: Incineroar|53/100\n|-damage|p2a: Incineroar|46/100\n|-damage|p2a: Incineroar|38/100\n|-damage|p2a: Incineroar|30/100\n|-damage|p2a: Incineroar|22/100\n|-damage|p2a: Incineroar|14/100\n|-hitcount|p2a: Incineroar|10\n|move|p2b: Terapagos|Calm Mind|p2b: Terapagos\n|-boost|p2b: Terapagos|spa|1\n|-boost|p2b: Terapagos|spd|1\n|move|p1b: Incineroar|Knock Off|p2b: Terapagos\n|-activate|p2b: Terapagos|ability: Tera Shell\n|-resisted|p2b: Terapagos\n|-damage|p2b: Terapagos|90/100\n|-enditem|p2b: Terapagos|Covert Cloak|[from] move: Knock Off|[of] p1b: Incineroar\n|move|p2a: Incineroar|U-turn|p1a: Maushold\n|-damage|p1a: Maushold|77/100\n|\n|t:|1773271165\n|switch|p2a: Tornadus|Tornadus, L50, M|100/100|[from] U-turn\n|\n|upkeep\n|turn|3\n|inactive|501JFW has 30 seconds left.\n|inactive|501JFW has 20 seconds left.\n|inactive|501JFW has 15 seconds left.\n|\n|t:|1773271206\n|move|p1b: Incineroar|Helping Hand|p1a: Maushold\n|-singleturn|p1a: Maushold|Helping Hand|[of] p1b: Incineroar\n|move|p2a: Tornadus|Tailwind|p2a: Tornadus\n|-sidestart|p2: b3testing|move: Tailwind\n|move|p2b: Terapagos|Tera Starstorm|p1a: Maushold\n|-damage|p1a: Maushold|0 fnt\n|faint|p1a: Maushold\n|\n|upkeep\n|\n|t:|1773271224\n|switch|p1a: Calyrex|Calyrex-Shadow, L50|100/100\n|-ability|p1a: Calyrex|As One\n|-ability|p1a: Calyrex|Unnerve\n|turn|4\n|\n|t:|1773271236\n|-terastallize|p2b: Terapagos|Stellar\n|detailschange|p2b: Terapagos|Terapagos-Stellar, L50, M, tera:Stellar\n|-heal|p2b: Terapagos|92/100|[silent]\n|move|p2a: Tornadus|Bleakwind Storm|p1a: Calyrex|[spread] p1a,p1b\n|-damage|p1a: Calyrex|58/100\n|-damage|p1b: Incineroar|65/100\n|move|p2b: Terapagos|Tera Starstorm|p1a: Calyrex|[spread] p1a,p1b\n|-damage|p1a: Calyrex|3/100\n|-damage|p1b: Incineroar|14/100\n|move|p1a: Calyrex|Astral Barrage|p2a: Tornadus|[spread] p2a\n|-immune|p2b: Terapagos\n|-damage|p2a: Tornadus|2/100\n|move|p1b: Incineroar|U-turn|p2a: Tornadus\n|-resisted|p2a: Tornadus\n|-damage|p2a: Tornadus|0 fnt\n|faint|p2a: Tornadus\n|\n|t:|1773271239\n|switch|p1b: Koraidon|Koraidon, L50, shiny|100/100|[from] U-turn\n|-weather|SunnyDay|[from] ability: Orichalcum Pulse|[of] p1b: Koraidon\n|-activate|p1b: Koraidon|Orichalcum Pulse|[source]\n|\n|-weather|SunnyDay|[upkeep]\n|upkeep\n|\n|t:|1773271248\n|switch|p2a: Calyrex|Calyrex-Shadow, L50|100/100\n|-ability|p2a: Calyrex|As One\n|-ability|p2a: Calyrex|Unnerve\n|turn|5\n|\n|t:|1773271269\n|move|p2a: Calyrex|Astral Barrage|p1a: Calyrex|[spread] p1a,p1b\n|-supereffective|p1a: Calyrex\n|-damage|p1a: Calyrex|0 fnt\n|-damage|p1b: Koraidon|61/100\n|faint|p1a: Calyrex\n|-ability|p2a: Calyrex|Grim Neigh|boost\n|-boost|p2a: Calyrex|spa|1\n|-damage|p2a: Calyrex|91/100|[from] item: Life Orb\n|move|p2b: Terapagos|Tera Starstorm|p1b: Koraidon\n|-damage|p1b: Koraidon|13/100\n|move|p1b: Koraidon|Collision Course|p2b: Terapagos\n|-supereffective|p2b: Terapagos\n|-damage|p2b: Terapagos|0 fnt\n|faint|p2b: Terapagos\n|detailschange|p2: Terapagos|Terapagos, L50, M|[silent]\n|\n|-weather|SunnyDay|[upkeep]\n|upkeep\n|-message|501JFW forfeited.\n|\n|win|b3testing\n|raw|501JFW's rating: 1559 &rarr; <strong>1534</strong><br />(-25 for losing)\n|raw|b3testing's rating: 1477 &rarr; <strong>1502</strong><br />(+25 for winning)\n|l|\u2606501JFW\n|player|p1|\n|l|\u2606b3testing\n|player|p2|\n","uploadtime":1773271436,"views":16,"formatid":"gen9vgc2026regi","rating":1502,"private":0,"password":null}