{"id":"gen9vgc2026regi-2573994624","format":"[Gen 9] VGC 2026 Reg I","players":["bullgod4ever","aa1409452750"],"log":"|j|\u2606bullgod4ever\n|j|\u203daa1409452750\n|t:|1775186448\n|gametype|doubles\n|player|p1|bullgod4ever|102|1501\n|player|p2|aa1409452750|101|1440\n|gen|9\n|tier|[Gen 9] VGC 2026 Reg I\n|rated|\n|rule|Species Clause: Limit one of each Pok\u00e9mon\n|rule|Item Clause: Limit 1 of each item\n|clearpoke\n|poke|p1|Brute Bonnet, L50|\n|poke|p1|Lunala, L50|\n|poke|p1|Flutter Mane, L50|\n|poke|p1|Landorus, L50, M|\n|poke|p1|Incineroar, L50, F|\n|poke|p1|Koraidon, L50|\n|poke|p2|Ho-Oh, L50|\n|poke|p2|Calyrex-Ice, L50|\n|poke|p2|Overqwil, L50, M|\n|poke|p2|Ting-Lu, L50|\n|poke|p2|Rillaboom, L50, F|\n|poke|p2|Ogerpon-Wellspring, L50, F|\n|teampreview|4\n|inactive|Battle timer is ON: inactive players will automatically lose when time's up. (requested by aa1409452750)\n|\n|t:|1775186479\n|teamsize|p1|4\n|teamsize|p2|4\n|start\n|switch|p1a: Lunala|Lunala, L50|100/100\n|switch|p1b: Landorus|Landorus, L50, M|100/100\n|switch|p2a: Calyrex|Calyrex-Ice, L50|100/100\n|switch|p2b: Overqwil|Overqwil, L50, M|100/100\n|-ability|p2a: Calyrex|As One\n|-ability|p2a: Calyrex|Unnerve\n|-ability|p2b: Overqwil|Intimidate|boost\n|-unboost|p1a: Lunala|atk|1\n|-unboost|p1b: Landorus|atk|1\n|turn|1\n|inactive|bullgod4ever has 30 seconds left.\n|\n|t:|1775186509\n|-terastallize|p1b: Landorus|Ground\n|move|p2a: Calyrex|Protect|p2a: Calyrex\n|-singleturn|p2a: Calyrex|Protect\n|move|p1b: Landorus|Sandsear Storm|p2a: Calyrex|[spread] p2b\n|-activate|p2a: Calyrex|move: Protect\n|-supereffective|p2b: Overqwil\n|-crit|p2b: Overqwil\n|-damage|p2b: Overqwil|0 fnt\n|faint|p2b: Overqwil\n|move|p1a: Lunala|Meteor Beam||[still]\n|-prepare|p1a: Lunala|Meteor Beam\n|-boost|p1a: Lunala|spa|1\n|-enditem|p1a: Lunala|Power Herb\n|-anim|p1a: Lunala|Meteor Beam|p2a: Calyrex\n|-activate|p2a: Calyrex|move: Protect\n|\n|upkeep\n|\n|t:|1775186519\n|switch|p2b: Ho-Oh|Ho-Oh, L50|100/100\n|turn|2\n|\n|t:|1775186532\n|-terastallize|p2a: Calyrex|Water\n|move|p1b: Landorus|Sandsear Storm|p2b: Ho-Oh|[spread] p2a\n|-immune|p2b: Ho-Oh\n|-damage|p2a: Calyrex|60/100\n|move|p1a: Lunala|Moongeist Beam|p2a: Calyrex\n|-damage|p2a: Calyrex|11/100\n|move|p2b: Ho-Oh|Life Dew||[still]|[spread] p2a,p2b\n|-heal|p2a: Calyrex|36/100\n|-fail|p2b: Ho-Oh|heal\n|move|p2a: Calyrex|Trick Room|p2a: Calyrex\n|-fieldstart|move: Trick Room|[of] p2a: Calyrex\n|\n|-heal|p2a: Calyrex|42/100|[from] item: Leftovers\n|upkeep\n|turn|3\n|\n|t:|1775186551\n|switch|p2a: Rillaboom|Rillaboom, L50, F|100/100\n|-fieldstart|move: Grassy Terrain|[from] ability: Grassy Surge|[of] p2a: Rillaboom\n|switch|p1b: Flutter Mane|Flutter Mane, L50|100/100\n|move|p2b: Ho-Oh|Sacred Fire|p1a: Lunala\n|-damage|p1a: Lunala|84/100\n|-status|p1a: Lunala|brn\n|move|p1a: Lunala|Trick Room|p1a: Lunala\n|-fieldend|move: Trick Room\n|\n|-heal|p1a: Lunala|90/100 brn|[from] Grassy Terrain\n|-damage|p1a: Lunala|84/100 brn|[from] brn\n|upkeep\n|turn|4\n|\n|t:|1775186574\n|-end|p1b: Flutter Mane|Protosynthesis|[silent]\n|switch|p1b: Landorus|Landorus, L50, M, tera:Ground|100/100\n|move|p1a: Lunala|Moongeist Beam|p2b: Ho-Oh\n|-damage|p2b: Ho-Oh|48/100\n|move|p2a: Rillaboom|Wood Hammer|p1b: Landorus\n|-supereffective|p1b: Landorus\n|-damage|p1b: Landorus|0 fnt\n|faint|p1b: Landorus\n|-damage|p2a: Rillaboom|74/100|[from] Recoil\n|move|p2b: Ho-Oh|Whirlwind|p1a: Lunala\n|drag|p1a: Flutter Mane|Flutter Mane, L50|100/100\n|\n|-heal|p2a: Rillaboom|80/100|[from] Grassy Terrain\n|upkeep\n|\n|t:|1775186592\n|switch|p1b: Koraidon|Koraidon, L50|100/100\n|-weather|SunnyDay|[from] ability: Orichalcum Pulse|[of] p1b: Koraidon\n|-activate|p1a: Flutter Mane|ability: Protosynthesis\n|-start|p1a: Flutter Mane|protosynthesisspe\n|-activate|p1b: Koraidon|Orichalcum Pulse|[source]\n|turn|5\n|\n|t:|1775186612\n|switch|p2a: Calyrex|Calyrex-Ice, L50, tera:Water|42/100\n|-ability|p2a: Calyrex|As One\n|-ability|p2a: Calyrex|Unnerve\n|move|p1a: Flutter Mane|Shadow Ball|p2b: Ho-Oh\n|-damage|p2b: Ho-Oh|22/100\n|move|p1b: Koraidon|Flare Blitz|p2b: Ho-Oh\n|-resisted|p2b: Ho-Oh\n|-damage|p2b: Ho-Oh|0 fnt\n|-damage|p1b: Koraidon|84/100|[from] item: Rocky Helmet|[of] p2b: Ho-Oh\n|faint|p2b: Ho-Oh\n|-damage|p1b: Koraidon|75/100|[from] Recoil\n|-damage|p1b: Koraidon|66/100|[from] item: Life Orb\n|\n|-weather|SunnyDay|[upkeep]\n|-heal|p1b: Koraidon|72/100|[from] Grassy Terrain\n|-heal|p2a: Calyrex|47/100|[from] Grassy Terrain\n|-heal|p2a: Calyrex|53/100|[from] item: Leftovers\n|upkeep\n|\n|t:|1775186623\n|switch|p2b: Rillaboom|Rillaboom, L50, F|80/100\n|turn|6\n|inactive|bullgod4ever has 30 seconds left.\n|\n|t:|1775186653\n|switch|p1b: Lunala|Lunala, L50|84/100 brn\n|move|p2b: Rillaboom|Fake Out|p1b: Lunala\n|-immune|p1b: Lunala\n|move|p1a: Flutter Mane|Moonblast|p2a: Calyrex\n|-damage|p2a: Calyrex|24/100\n|-unboost|p2a: Calyrex|spa|1\n|move|p2a: Calyrex|Trick Room|p2a: Calyrex\n|-fieldstart|move: Trick Room|[of] p2a: Calyrex\n|\n|-weather|SunnyDay|[upkeep]\n|-heal|p2a: Calyrex|29/100|[from] Grassy Terrain\n|-heal|p2a: Calyrex|35/100|[from] item: Leftovers\n|-heal|p2b: Rillaboom|86/100|[from] Grassy Terrain\n|-heal|p1b: Lunala|90/100 brn|[from] Grassy Terrain\n|-damage|p1b: Lunala|84/100 brn|[from] brn\n|upkeep\n|turn|7\n|inactive|bullgod4ever has 30 seconds left.\n|\n|t:|1775186687\n|move|p1a: Flutter Mane|Protect|p1a: Flutter Mane\n|-singleturn|p1a: Flutter Mane|Protect\n|move|p2a: Calyrex|Glacial Lance|p1a: Flutter Mane|[spread] p1b\n|-activate|p1a: Flutter Mane|move: Protect\n|-damage|p1b: Lunala|44/100 brn\n|move|p2b: Rillaboom|Wood Hammer|p1b: Lunala\n|-damage|p1b: Lunala|0 fnt\n|faint|p1b: Lunala\n|-damage|p2b: Rillaboom|70/100|[from] Recoil\n|\n|-weather|SunnyDay|[upkeep]\n|-heal|p2a: Calyrex|41/100|[from] Grassy Terrain\n|-heal|p2a: Calyrex|47/100|[from] item: Leftovers\n|-heal|p2b: Rillaboom|75/100|[from] Grassy Terrain\n|-fieldend|move: Grassy Terrain\n|upkeep\n|\n|t:|1775186706\n|switch|p1b: Koraidon|Koraidon, L50|72/100\n|-activate|p1b: Koraidon|ability: Orichalcum Pulse\n|turn|8\n|\n|t:|1775186730\n|move|p1b: Koraidon|Protect|p1b: Koraidon\n|-singleturn|p1b: Koraidon|Protect\n|move|p2a: Calyrex|Glacial Lance|p1b: Koraidon|[spread] p1a\n|-activate|p1b: Koraidon|move: Protect\n|-damage|p1a: Flutter Mane|4/100\n|move|p2b: Rillaboom|High Horsepower|p1b: Koraidon\n|-activate|p1b: Koraidon|move: Protect\n|move|p1a: Flutter Mane|Moonblast|p2a: Calyrex\n|-damage|p2a: Calyrex|14/100\n|\n|-weather|SunnyDay|[upkeep]\n|-heal|p2a: Calyrex|19/100|[from] item: Leftovers\n|upkeep\n|turn|9\n|-message|bullgod4ever forfeited.\n|\n|win|aa1409452750\n|raw|bullgod4ever's rating: 1501 &rarr; <strong>1478</strong><br />(-23 for losing)\n|raw|aa1409452750's rating: 1440 &rarr; <strong>1463</strong><br />(+23 for winning)\n|l|\u2606bullgod4ever\n|player|p1|\n","uploadtime":1775186955,"views":11,"formatid":"gen9vgc2026regi","rating":1463,"private":0,"password":null}