{"id":"gen9vgc2026regi-2549412226","format":"[Gen 9] VGC 2026 Reg I","players":["EllenJoe2026","ricer33"],"log":"|j|\u2606EllenJoe2026\n|j|\u2606ricer33\n|t:|1772362480\n|gametype|doubles\n|player|p1|EllenJoe2026|iono|1495\n|player|p2|ricer33|viola-masters|1543\n|gen|9\n|tier|[Gen 9] VGC 2026 Reg I\n|rated|\n|rule|Species Clause: Limit one of each Pok\u00e9mon\n|rule|Item Clause: Limit 1 of each item\n|clearpoke\n|poke|p1|Calyrex-Shadow, L50|\n|poke|p1|Zamazenta-*, L50|\n|poke|p1|Chien-Pao, L50|\n|poke|p1|Rillaboom, L50, F|\n|poke|p1|Urshifu-*, L50, F|\n|poke|p1|Tornadus, L50, M|\n|poke|p2|Indeedee-F, L50, F|\n|poke|p2|Pelipper, L50, F|\n|poke|p2|Kyogre, L50|\n|poke|p2|Volcarona, L50, F|\n|poke|p2|Calyrex-Ice, L50|\n|poke|p2|Smeargle, L50, F|\n|teampreview|4\n|inactive|Battle timer is ON: inactive players will automatically lose when time's up. (requested by EllenJoe2026)\n|\n|t:|1772362502\n|teamsize|p1|4\n|teamsize|p2|4\n|start\n|switch|p1a: Chien-Pao|Chien-Pao, L50, shiny|100/100\n|switch|p1b: Urshifu|Urshifu-Rapid-Strike, L50, F|100/100\n|switch|p2a: Volcarona|Volcarona, L50, F|100/100\n|switch|p2b: Calyrex|Calyrex-Ice, L50|100/100\n|-ability|p2b: Calyrex|As One\n|-ability|p2b: Calyrex|Unnerve\n|-ability|p1a: Chien-Pao|Sword of Ruin\n|turn|1\n|inactive|ricer33 has 30 seconds left.\n|inactive|ricer33 has 20 seconds left.\n|inactive|ricer33 has 15 seconds left.\n|inactive|ricer33 has 10 seconds left.\n|inactive|ricer33 has 5 seconds left.\n|\n|t:|1772362555\n|switch|p2a: Indeedee|Indeedee-F, L50, F|100/100\n|-fieldstart|move: Psychic Terrain|[from] ability: Psychic Surge|[of] p2a: Indeedee\n|-enditem|p2a: Indeedee|Psychic Seed\n|-boost|p2a: Indeedee|spd|1|[from] item: Psychic Seed\n|move|p1a: Chien-Pao|Taunt|p2b: Calyrex\n|-start|p2b: Calyrex|move: Taunt\n|move|p1b: Urshifu|Close Combat|p2b: Calyrex\n|-damage|p2b: Calyrex|21/100\n|-unboost|p1b: Urshifu|def|1\n|-unboost|p1b: Urshifu|spd|1\n|move|p2b: Calyrex|Seed Bomb|p1b: Urshifu\n|-supereffective|p1b: Urshifu\n|-damage|p1b: Urshifu|0 fnt\n|faint|p1b: Urshifu\n|-ability|p2b: Calyrex|Chilling Neigh|boost\n|-boost|p2b: Calyrex|atk|1\n|\n|upkeep\n|\n|t:|1772362574\n|switch|p1b: Calyrex|Calyrex-Shadow, L50|100/100\n|-ability|p1b: Calyrex|As One\n|-ability|p1b: Calyrex|Unnerve\n|turn|2\n|\n|t:|1772362595\n|move|p1b: Calyrex|Astral Barrage|p2b: Calyrex|[spread] p2b\n|-immune|p2a: Indeedee\n|-supereffective|p2b: Calyrex\n|-damage|p2b: Calyrex|0 fnt\n|faint|p2b: Calyrex\n|-ability|p1b: Calyrex|Grim Neigh|boost\n|-boost|p1b: Calyrex|spa|1\n|move|p1a: Chien-Pao|Taunt|p2a: Indeedee\n|-start|p2a: Indeedee|move: Taunt\n|move|p2a: Indeedee|Psychic|p1b: Calyrex\n|-resisted|p1b: Calyrex\n|-damage|p1b: Calyrex|83/100\n|\n|upkeep\n|\n|t:|1772362609\n|switch|p2b: Kyogre|Kyogre, L50|100/100\n|-weather|RainDance|[from] ability: Drizzle|[of] p2b: Kyogre\n|turn|3\n|inactive|ricer33 has 30 seconds left.\n|\n|t:|1772362635\n|-terastallize|p2b: Kyogre|Water\n|move|p1b: Calyrex|Protect|p1b: Calyrex\n|-singleturn|p1b: Calyrex|Protect\n|move|p2b: Kyogre|Water Spout|p1a: Chien-Pao|[spread] p1a\n|-activate|p1b: Calyrex|move: Protect\n|-enditem|p1a: Chien-Pao|Focus Sash\n|-damage|p1a: Chien-Pao|1/100\n|move|p1a: Chien-Pao|Ice Spinner|p2b: Kyogre\n|-resisted|p2b: Kyogre\n|-damage|p2b: Kyogre|71/100\n|-fieldend|move: Psychic Terrain\n|move|p2a: Indeedee|Psychic|p1b: Calyrex\n|-activate|p1b: Calyrex|move: Protect\n|\n|-weather|RainDance|[upkeep]\n|upkeep\n|turn|4\n|inactive|EllenJoe2026 has 30 seconds left.\n|\n|t:|1772362665\n|switch|p1b: Zamazenta|Zamazenta-Crowned, L50, shiny|100/100\n|-ability|p1b: Zamazenta|Dauntless Shield|boost\n|-boost|p1b: Zamazenta|def|1\n|move|p1a: Chien-Pao|Sucker Punch|p2b: Kyogre\n|-damage|p2b: Kyogre|21/100\n|move|p2b: Kyogre|Water Spout|p1b: Zamazenta|[spread] p1a,p1b\n|-damage|p1a: Chien-Pao|0 fnt\n|-damage|p1b: Zamazenta|82/100\n|faint|p1a: Chien-Pao\n|move|p2a: Indeedee|Psychic|p1b: Zamazenta\n|-damage|p1b: Zamazenta|60/100\n|\n|-weather|RainDance|[upkeep]\n|-end|p2a: Indeedee|move: Taunt\n|upkeep\n|\n|t:|1772362668\n|switch|p1a: Calyrex|Calyrex-Shadow, L50|83/100\n|-ability|p1a: Calyrex|As One\n|-ability|p1a: Calyrex|Unnerve\n|turn|5\n|inactive|ricer33 has 30 seconds left.\n|inactive|ricer33 has 20 seconds left.\n|inactive|ricer33 has 15 seconds left.\n|inactive|ricer33 has 10 seconds left.\n|\n|t:|1772362717\n|switch|p2b: Volcarona|Volcarona, L50, F|100/100\n|move|p1b: Zamazenta|Wide Guard|p1b: Zamazenta\n|-singleturn|p1b: Zamazenta|Wide Guard\n|move|p1a: Calyrex|Nasty Plot|p1a: Calyrex\n|-boost|p1a: Calyrex|spa|2\n|move|p2a: Indeedee|Psychic|p1b: Zamazenta\n|-damage|p1b: Zamazenta|39/100\n|\n|-weather|RainDance|[upkeep]\n|upkeep\n|turn|6\n|inactive|ricer33 has 30 seconds left.\n|inactive|ricer33 has 20 seconds left.\n|inactive|ricer33 has 15 seconds left.\n|inactive|ricer33 has 10 seconds left.\n|\n|t:|1772362764\n|move|p1a: Calyrex|Astral Barrage|p2b: Volcarona|[spread] p2b\n|-immune|p2a: Indeedee\n|-damage|p2b: Volcarona|0 fnt\n|faint|p2b: Volcarona\n|-ability|p1a: Calyrex|Grim Neigh|boost\n|-boost|p1a: Calyrex|spa|1\n|move|p1b: Zamazenta|Body Press|p2a: Indeedee\n|-damage|p2a: Indeedee|36/100\n|move|p2a: Indeedee|Psychic|p1b: Zamazenta\n|-damage|p1b: Zamazenta|19/100\n|-unboost|p1b: Zamazenta|spd|1\n|\n|-weather|RainDance|[upkeep]\n|upkeep\n|\n|t:|1772362780\n|switch|p2b: Kyogre|Kyogre, L50, tera:Water|21/100\n|turn|7\n|\n|t:|1772362802\n|move|p1a: Calyrex|Protect|p1a: Calyrex\n|-singleturn|p1a: Calyrex|Protect\n|move|p1b: Zamazenta|Protect|p1b: Zamazenta\n|-singleturn|p1b: Zamazenta|Protect\n|move|p2a: Indeedee|Follow Me|p2a: Indeedee\n|-singleturn|p2a: Indeedee|move: Follow Me\n|move|p2b: Kyogre|Hydro Pump|p1a: Calyrex\n|-activate|p1a: Calyrex|move: Protect\n|\n|-weather|none\n|upkeep\n|turn|8\n|\n|t:|1772362825\n|move|p2a: Indeedee|Follow Me|p2a: Indeedee\n|-singleturn|p2a: Indeedee|move: Follow Me\n|move|p2b: Kyogre|Hydro Pump|p1a: Calyrex|[miss]\n|-miss|p2b: Kyogre|p1a: Calyrex\n|move|p1a: Calyrex|Astral Barrage|p2a: Indeedee|[spread] p2b\n|-immune|p2a: Indeedee\n|-damage|p2b: Kyogre|0 fnt\n|faint|p2b: Kyogre\n|-ability|p1a: Calyrex|Grim Neigh|boost\n|-boost|p1a: Calyrex|spa|1\n|move|p1b: Zamazenta|Body Press|p2a: Indeedee\n|-damage|p2a: Indeedee|0 fnt\n|faint|p2a: Indeedee\n|\n|win|EllenJoe2026\n|raw|EllenJoe2026's rating: 1495 &rarr; <strong>1518</strong><br />(+23 for winning)\n|raw|ricer33's rating: 1543 &rarr; <strong>1520</strong><br />(-23 for losing)\n|l|\u2606EllenJoe2026\n|player|p1|\n","uploadtime":1772363010,"views":20,"formatid":"gen9vgc2026regi","rating":1518,"private":0,"password":null}