{"id":"gen9vgc2026regi-2567000968","format":"[Gen 9] VGC 2026 Reg I","players":["slimeslatt252","uao"],"log":"|j|\u2606slimeslatt252\n|j|\u2606uao\n|t:|1774440132\n|gametype|doubles\n|player|p1|slimeslatt252|265|1408\n|player|p2|uao|palmer|1311\n|gen|9\n|tier|[Gen 9] VGC 2026 Reg I\n|rated|\n|rule|Species Clause: Limit one of each Pok\u00e9mon\n|rule|Item Clause: Limit 1 of each item\n|clearpoke\n|poke|p1|Calyrex-Shadow, L50|\n|poke|p1|Koraidon, L50|\n|poke|p1|Incineroar, L50, M|\n|poke|p1|Raging Bolt, L50|\n|poke|p1|Brute Bonnet, L50|\n|poke|p1|Landorus, L50, M|\n|poke|p2|Sandy Shocks, L50|\n|poke|p2|Yanmega, L50, F|\n|poke|p2|Zacian-*, L50|\n|poke|p2|Groudon, L50|\n|poke|p2|Incineroar, L50, F|\n|poke|p2|Rillaboom, L50, M|\n|teampreview|4\n|inactive|Battle timer is ON: inactive players will automatically lose when time's up. (requested by slimeslatt252)\n|\n|t:|1774440151\n|teamsize|p1|4\n|teamsize|p2|4\n|start\n|switch|p1a: Brute Bonnet|Brute Bonnet, L50|100/100\n|switch|p1b: Calyrex|Calyrex-Shadow, L50|100/100\n|switch|p2a: Yanmega|Yanmega, L50, F|100/100\n|switch|p2b: Sandy Shocks|Sandy Shocks, L50, shiny|100/100\n|-ability|p1b: Calyrex|As One\n|-ability|p1b: Calyrex|Unnerve\n|-enditem|p2b: Sandy Shocks|Booster Energy\n|-activate|p2b: Sandy Shocks|ability: Protosynthesis|[fromitem]\n|-start|p2b: Sandy Shocks|protosynthesisspe\n|turn|1\n|inactive|uao has 30 seconds left.\n|inactive|uao has 20 seconds left.\n|\n|t:|1774440187\n|move|p1b: Calyrex|Protect|p1b: Calyrex\n|-singleturn|p1b: Calyrex|Protect\n|move|p2b: Sandy Shocks|Gravity|p2b: Sandy Shocks\n|-fieldstart|move: Gravity\n|move|p2a: Yanmega|Hypnosis|p1a: Brute Bonnet\n|-status|p1a: Brute Bonnet|slp|[from] move: Hypnosis\n|cant|p1a: Brute Bonnet|slp\n|\n|-ability|p2a: Yanmega|Speed Boost|boost\n|-boost|p2a: Yanmega|spe|1\n|upkeep\n|turn|2\n|\n|t:|1774440209\n|-end|p2b: Sandy Shocks|Protosynthesis|[silent]\n|switch|p2b: Groudon|Groudon, L50|100/100\n|-weather|SunnyDay|[from] ability: Drought|[of] p2b: Groudon\n|-activate|p1a: Brute Bonnet|ability: Protosynthesis\n|-start|p1a: Brute Bonnet|protosynthesisdef\n|switch|p1b: Incineroar|Incineroar, L50, M|100/100\n|-ability|p1b: Incineroar|Intimidate|boost\n|-unboost|p2a: Yanmega|atk|1\n|-unboost|p2b: Groudon|atk|1\n|move|p2a: Yanmega|Hypnosis|p1b: Incineroar\n|-status|p1b: Incineroar|slp|[from] move: Hypnosis\n|cant|p1a: Brute Bonnet|slp\n|\n|-weather|SunnyDay|[upkeep]\n|-ability|p2a: Yanmega|Speed Boost|boost\n|-boost|p2a: Yanmega|spe|1\n|upkeep\n|turn|3\n|inactive|uao has 30 seconds left.\n|\n|t:|1774440237\n|-terastallize|p1a: Brute Bonnet|Water\n|move|p2a: Yanmega|Air Slash|p1a: Brute Bonnet\n|-damage|p1a: Brute Bonnet|69/100 slp\n|move|p2b: Groudon|Precipice Blades|p1a: Brute Bonnet|[spread] p1a,p1b\n|-supereffective|p1b: Incineroar\n|-damage|p1a: Brute Bonnet|54/100 slp\n|-damage|p1b: Incineroar|43/100 slp\n|cant|p1a: Brute Bonnet|slp\n|cant|p1b: Incineroar|slp\n|\n|-weather|SunnyDay|[upkeep]\n|-ability|p2a: Yanmega|Speed Boost|boost\n|-boost|p2a: Yanmega|spe|1\n|upkeep\n|turn|4\n|\n|t:|1774440249\n|move|p2a: Yanmega|Air Slash|p1a: Brute Bonnet\n|-damage|p1a: Brute Bonnet|24/100 slp\n|move|p2b: Groudon|Precipice Blades|p1b: Incineroar|[spread] p1a,p1b\n|-supereffective|p1b: Incineroar\n|-damage|p1a: Brute Bonnet|8/100 slp\n|-damage|p1b: Incineroar|0 fnt\n|faint|p1b: Incineroar\n|-curestatus|p1a: Brute Bonnet|slp|[msg]\n|move|p1a: Brute Bonnet|Spore|p2a: Yanmega\n|-status|p2a: Yanmega|slp|[from] move: Spore\n|\n|-weather|SunnyDay|[upkeep]\n|-ability|p2a: Yanmega|Speed Boost|boost\n|-boost|p2a: Yanmega|spe|1\n|upkeep\n|\n|t:|1774440256\n|switch|p1b: Calyrex|Calyrex-Shadow, L50|100/100\n|-ability|p1b: Calyrex|As One\n|-ability|p1b: Calyrex|Unnerve\n|turn|5\n|\n|t:|1774440273\n|move|p1a: Brute Bonnet|Sucker Punch|p2b: Groudon\n|-damage|p2b: Groudon|79/100\n|cant|p2a: Yanmega|slp\n|move|p2b: Groudon|Precipice Blades|p1a: Brute Bonnet|[spread] p1a,p1b\n|-damage|p1a: Brute Bonnet|0 fnt\n|-damage|p1b: Calyrex|56/100\n|faint|p1a: Brute Bonnet\n|-end|p1a: Brute Bonnet|Protosynthesis|[silent]\n|move|p1b: Calyrex|Astral Barrage|p2b: Groudon|[spread] p2a,p2b\n|-damage|p2a: Yanmega|13/100 slp\n|-damage|p2b: Groudon|14/100\n|\n|-weather|SunnyDay|[upkeep]\n|-fieldend|move: Gravity\n|-ability|p2a: Yanmega|Speed Boost|boost\n|-boost|p2a: Yanmega|spe|1\n|upkeep\n|\n|t:|1774440280\n|switch|p1a: Koraidon|Koraidon, L50|100/100\n|-activate|p1a: Koraidon|ability: Orichalcum Pulse\n|turn|6\n|\n|t:|1774440300\n|cant|p2a: Yanmega|slp\n|move|p2b: Groudon|Precipice Blades|p1b: Calyrex|[spread] p1b\n|-miss|p2b: Groudon|p1a: Koraidon\n|-damage|p1b: Calyrex|18/100\n|move|p1b: Calyrex|Astral Barrage|p2b: Groudon|[spread] p2a,p2b\n|-damage|p2a: Yanmega|0 fnt\n|-damage|p2b: Groudon|0 fnt\n|faint|p2a: Yanmega\n|faint|p2b: Groudon\n|-ability|p1b: Calyrex|Grim Neigh|boost\n|-boost|p1b: Calyrex|spa|2\n|move|p1a: Koraidon|Flame Charge|p2: Yanmega|[notarget]\n|-fail|p1a: Koraidon\n|\n|-weather|none\n|upkeep\n|\n|t:|1774440309\n|switch|p2a: Zacian|Zacian-Crowned, L50|100/100\n|switch|p2b: Sandy Shocks|Sandy Shocks, L50, shiny|100/100\n|-ability|p2a: Zacian|Intrepid Sword|boost\n|-boost|p2a: Zacian|atk|1\n|turn|7\n|-message|uao forfeited.\n|\n|win|slimeslatt252\n|raw|slimeslatt252's rating: 1408 &rarr; <strong>1423</strong><br />(+15 for winning)\n|raw|uao's rating: 1311 &rarr; <strong>1296</strong><br />(-15 for losing)\n|l|\u2606uao\n|player|p2|\n|l|\u2606slimeslatt252\n|player|p1|\n","uploadtime":1774440568,"views":10,"formatid":"gen9vgc2026regi","rating":1296,"private":0,"password":null}