{"id":"gen9vgc2026regi-2565531580","format":"[Gen 9] VGC 2026 Reg I","players":["lozraff","ScribbleScribble"],"log":"|j|\u2606lozraff\n|j|\u2606ScribbleScribble\n|t:|1774283043\n|gametype|doubles\n|player|p1|lozraff|170|1444\n|player|p2|ScribbleScribble|mina-lgpe|1564\n|gen|9\n|tier|[Gen 9] VGC 2026 Reg I\n|rated|\n|rule|Species Clause: Limit one of each Pok\u00e9mon\n|rule|Item Clause: Limit 1 of each item\n|clearpoke\n|poke|p1|Eternatus, L50|\n|poke|p1|Urshifu-*, L50, F|\n|poke|p1|Dragonite, L50, F|\n|poke|p1|Incineroar, L50, F|\n|poke|p1|Grimmsnarl, L50, M|\n|poke|p1|Groudon, L50|\n|poke|p2|Calyrex-Ice, L50|\n|poke|p2|Kyogre, L50|\n|poke|p2|Tornadus, L50, M|\n|poke|p2|Indeedee-F, L50, F|\n|poke|p2|Urshifu-*, L50, F|\n|poke|p2|Landorus, L50, M|\n|teampreview|4\n|inactive|Battle timer is ON: inactive players will automatically lose when time's up. (requested by ScribbleScribble)\n|inactive|lozraff also wants the timer to be on.\n|\n|t:|1774283069\n|teamsize|p1|4\n|teamsize|p2|4\n|start\n|switch|p1a: Incineroar|Incineroar, L50, F|100/100\n|switch|p1b: Eternatus|Eternatus, L50|100/100\n|switch|p2a: Tornadus|Tornadus, L50, M|100/100\n|switch|p2b: Calyrex|Calyrex-Ice, L50|100/100\n|-ability|p2b: Calyrex|As One\n|-ability|p2b: Calyrex|Unnerve\n|-ability|p1b: Eternatus|Pressure\n|-ability|p1a: Incineroar|Intimidate|boost\n|-unboost|p2a: Tornadus|atk|1\n|-fail|p2b: Calyrex|unboost|[from] item: Clear Amulet|[of] p2b: Calyrex\n|turn|1\n|\n|t:|1774283088\n|move|p1a: Incineroar|Fake Out|p2b: Calyrex\n|-crit|p2b: Calyrex\n|-damage|p2b: Calyrex|91/100\n|move|p2a: Tornadus|Taunt|p1b: Eternatus\n|-start|p1b: Eternatus|move: Taunt\n|cant|p1b: Eternatus|move: Taunt|Cosmic Power\n|cant|p2b: Calyrex|flinch\n|\n|upkeep\n|turn|2\n|\n|t:|1774283101\n|move|p2a: Tornadus|Tailwind|p2a: Tornadus\n|-sidestart|p2: ScribbleScribble|move: Tailwind\n|move|p2b: Calyrex|Glacial Lance|p1a: Incineroar|[spread] p1a,p1b\n|-resisted|p1a: Incineroar\n|-supereffective|p1b: Eternatus\n|-damage|p1a: Incineroar|78/100\n|-damage|p1b: Eternatus|37/100\n|move|p1b: Eternatus|Flamethrower|p2b: Calyrex\n|-supereffective|p2b: Calyrex\n|-damage|p2b: Calyrex|44/100\n|move|p1a: Incineroar|Knock Off|p2b: Calyrex\n|-supereffective|p2b: Calyrex\n|-damage|p2b: Calyrex|0 fnt\n|-enditem|p2b: Calyrex|Clear Amulet|[from] move: Knock Off|[of] p1a: Incineroar\n|faint|p2b: Calyrex\n|\n|-heal|p1b: Eternatus|43/100|[from] item: Leftovers\n|upkeep\n|\n|t:|1774283116\n|switch|p2b: Kyogre|Kyogre, L50|100/100\n|-weather|RainDance|[from] ability: Drizzle|[of] p2b: Kyogre\n|turn|3\n|\n|t:|1774283131\n|switch|p1b: Grimmsnarl|Grimmsnarl, L50, M|100/100\n|switch|p1a: Groudon|Groudon, L50|100/100\n|-weather|SunnyDay|[from] ability: Drought|[of] p1a: Groudon\n|move|p2a: Tornadus|Rain Dance|p2a: Tornadus\n|-weather|RainDance\n|move|p2b: Kyogre|Water Spout|p1b: Grimmsnarl|[spread] p1a,p1b\n|-supereffective|p1a: Groudon\n|-damage|p1a: Groudon|0 fnt\n|-damage|p1b: Grimmsnarl|0 fnt\n|faint|p1a: Groudon\n|faint|p1b: Grimmsnarl\n|\n|-weather|RainDance|[upkeep]\n|upkeep\n|\n|t:|1774283144\n|switch|p1a: Incineroar|Incineroar, L50, F|78/100\n|switch|p1b: Eternatus|Eternatus, L50|43/100\n|-ability|p1b: Eternatus|Pressure\n|-ability|p1a: Incineroar|Intimidate|boost\n|-unboost|p2a: Tornadus|atk|1\n|-unboost|p2b: Kyogre|atk|1\n|turn|4\n|\n|t:|1774283155\n|move|p1a: Incineroar|Fake Out|p2b: Kyogre\n|-damage|p2b: Kyogre|89/100\n|move|p2a: Tornadus|Bleakwind Storm|p1b: Eternatus|[spread] p1a,p1b\n|-damage|p1a: Incineroar|45/100\n|-damage|p1b: Eternatus|19/100\n|cant|p2b: Kyogre|flinch\n|move|p1b: Eternatus|Recover|p1b: Eternatus\n|-heal|p1b: Eternatus|69/100\n|\n|-weather|RainDance|[upkeep]\n|-heal|p1b: Eternatus|75/100|[from] item: Leftovers\n|upkeep\n|turn|5\n|\n|t:|1774283174\n|move|p2a: Tornadus|Taunt|p1b: Eternatus\n|-start|p1b: Eternatus|move: Taunt\n|move|p2b: Kyogre|Water Spout|p1b: Eternatus|[spread] p1a,p1b\n|-supereffective|p1a: Incineroar\n|-resisted|p1b: Eternatus\n|-damage|p1a: Incineroar|0 fnt\n|-damage|p1b: Eternatus|41/100\n|faint|p1a: Incineroar\n|cant|p1b: Eternatus|move: Taunt|Cosmic Power\n|\n|-weather|RainDance|[upkeep]\n|-heal|p1b: Eternatus|47/100|[from] item: Leftovers\n|-sideend|p2: ScribbleScribble|move: Tailwind\n|upkeep\n|turn|6\n|\n|t:|1774283187\n|move|p2a: Tornadus|Tailwind|p2a: Tornadus\n|-sidestart|p2: ScribbleScribble|move: Tailwind\n|move|p2b: Kyogre|Water Spout|p1b: Eternatus\n|-resisted|p1b: Eternatus\n|-damage|p1b: Eternatus|0 fnt\n|faint|p1b: Eternatus\n|\n|win|ScribbleScribble\n|raw|lozraff's rating: 1444 &rarr; <strong>1431</strong><br />(-13 for losing)\n|raw|ScribbleScribble's rating: 1580 &rarr; <strong>1593</strong><br />(+13 for winning)\n|l|\u2606lozraff\n|player|p1|\n|l|\u2606ScribbleScribble\n|player|p2|\n","uploadtime":1774283398,"views":12,"formatid":"gen9vgc2026regi","rating":1431,"private":0,"password":null}