{"id":"gen9vgc2026regi-2577671725","format":"[Gen 9] VGC 2026 Reg I","players":["N jordan","tism VGC"],"log":"|j|\u2606N jordan\n|j|\u2606tism VGC\n|t:|1775594957\n|gametype|doubles\n|player|p1|N jordan|n|1342\n|player|p2|tism VGC|clown|1388\n|gen|9\n|tier|[Gen 9] VGC 2026 Reg I\n|rated|\n|rule|Species Clause: Limit one of each Pok\u00e9mon\n|rule|Item Clause: Limit 1 of each item\n|clearpoke\n|poke|p1|Calyrex-Ice, L50|\n|poke|p1|Grimmsnarl, L50, M|\n|poke|p1|Incineroar, L50, M|\n|poke|p1|Pelipper, L50, M|\n|poke|p1|Kyurem-Black, L50|\n|poke|p1|Rillaboom, L50, M|\n|poke|p2|Groudon, L50|\n|poke|p2|Lunala, L50|\n|poke|p2|Gouging Fire, L50|\n|poke|p2|Brute Bonnet, L50|\n|poke|p2|Raging Bolt, L50|\n|poke|p2|Grimmsnarl, L50, M|\n|teampreview|4\n|inactive|Battle timer is ON: inactive players will automatically lose when time's up. (requested by N jordan)\n|inactive|tism VGC has 60 seconds left.\n|\n|t:|1775595086\n|teamsize|p1|4\n|teamsize|p2|4\n|start\n|switch|p1a: Grimmsnarl|Grimmsnarl, L50, M|100/100\n|switch|p1b: Calyrex|Calyrex-Ice, L50|100/100\n|switch|p2a: Mr ruin ur day|Grimmsnarl, L50, M|100/100\n|switch|p2b: Big yahu|Groudon, L50|100/100\n|-ability|p1b: Calyrex|As One\n|-ability|p1b: Calyrex|Unnerve\n|-weather|SunnyDay|[from] ability: Drought|[of] p2b: Big yahu\n|turn|1\n|inactive|N jordan has 30 seconds left.\n|inactive|tism VGC has 30 seconds left.\n|inactive|N jordan has 20 seconds left.\n|inactive|tism VGC has 20 seconds left.\n|inactive|N jordan has 15 seconds left.\n|inactive|tism VGC has 15 seconds left.\n|inactive|tism VGC has 10 seconds left.\n|inactive|tism VGC has 5 seconds left.\n|\n|t:|1775595137\n|-terastallize|p2b: Big yahu|Fire\n|-terastallize|p1b: Calyrex|Water\n|move|p2a: Mr ruin ur day|Reflect|p2a: Mr ruin ur day\n|-sidestart|p2: tism VGC|Reflect\n|move|p1a: Grimmsnarl|Reflect|p1a: Grimmsnarl\n|-sidestart|p1: N jordan|Reflect\n|move|p2b: Big yahu|Precipice Blades|p1a: Grimmsnarl|[spread] p1a,p1b\n|-damage|p1a: Grimmsnarl|53/100\n|-damage|p1b: Calyrex|79/100\n|move|p1b: Calyrex|Leech Seed|p2a: Mr ruin ur day\n|-start|p2a: Mr ruin ur day|move: Leech Seed\n|\n|-weather|SunnyDay|[upkeep]\n|-damage|p2a: Mr ruin ur day|88/100|[from] Leech Seed|[of] p1b: Calyrex\n|-heal|p1b: Calyrex|91/100|[silent]\n|upkeep\n|turn|2\n|c|\u2606N jordan|big B is hilarious\n|c|\u2606N jordan|im crine\n|inactive|tism VGC has 30 seconds left.\n|inactive|tism VGC has 20 seconds left.\n|c|\u2606tism VGC|U better watch out\n|inactive|tism VGC has 15 seconds left.\n|c|\u2606tism VGC|U finna get slimed\n|inactive|tism VGC has 10 seconds left.\n|\n|t:|1775595185\n|move|p1a: Grimmsnarl|Light Screen|p1a: Grimmsnarl\n|-sidestart|p1: N jordan|move: Light Screen\n|move|p2b: Big yahu|Precipice Blades|p1a: Grimmsnarl|[spread] p1a,p1b\n|-damage|p1a: Grimmsnarl|4/100\n|-damage|p1b: Calyrex|69/100\n|move|p2a: Mr ruin ur day|Foul Play|p1b: Calyrex\n|-crit|p1b: Calyrex\n|-damage|p1b: Calyrex|23/100\n|move|p1b: Calyrex|Leech Seed|p2b: Big yahu\n|-start|p2b: Big yahu|move: Leech Seed\n|\n|-weather|SunnyDay|[upkeep]\n|-damage|p2b: Big yahu|88/100|[from] Leech Seed|[of] p1b: Calyrex\n|-heal|p1b: Calyrex|35/100|[silent]\n|-damage|p2a: Mr ruin ur day|76/100|[from] Leech Seed|[of] p1b: Calyrex\n|-heal|p1b: Calyrex|47/100|[silent]\n|upkeep\n|turn|3\n|inactive|N jordan has 30 seconds left.\n|inactive|tism VGC has 30 seconds left.\n|inactive|tism VGC has 20 seconds left.\n|inactive|tism VGC has 15 seconds left.\n|inactive|tism VGC has 10 seconds left.\n|inactive|tism VGC has 5 seconds left.\n|\n|t:|1775595236\n|switch|p2a: Good boy|Gouging Fire, L50|100/100\n|-activate|p2a: Good boy|ability: Protosynthesis\n|-start|p2a: Good boy|protosynthesisspe\n|move|p2b: Big yahu|Precipice Blades|p1b: Calyrex|[spread] p1a,p1b\n|-damage|p1a: Grimmsnarl|0 fnt\n|-damage|p1b: Calyrex|26/100\n|faint|p1a: Grimmsnarl\n|move|p1b: Calyrex|Life Dew|p1b: Calyrex\n|-heal|p1b: Calyrex|51/100\n|\n|-weather|SunnyDay|[upkeep]\n|-damage|p2b: Big yahu|76/100|[from] Leech Seed|[of] p1b: Calyrex\n|-heal|p1b: Calyrex|63/100|[silent]\n|upkeep\n|\n|t:|1775595249\n|switch|p1a: Pelipper|Pelipper, L50, M|100/100\n|-weather|RainDance|[from] ability: Drizzle|[of] p1a: Pelipper\n|-end|p2a: Good boy|Protosynthesis\n|turn|4\n|inactive|tism VGC has 30 seconds left.\n|inactive|tism VGC has 20 seconds left.\n|inactive|tism VGC has 15 seconds left.\n|inactive|tism VGC has 10 seconds left.\n|inactive|tism VGC has 5 seconds left.\n|\n|t:|1775595304\n|switch|p2b: The moon|Lunala, L50|100/100\n|move|p2a: Good boy|Breaking Swipe|p1b: Calyrex|[spread] p1a,p1b\n|-damage|p1a: Pelipper|84/100\n|-damage|p1b: Calyrex|55/100\n|-unboost|p1a: Pelipper|atk|1\n|-unboost|p1b: Calyrex|atk|1\n|move|p1a: Pelipper|Muddy Water|p2a: Good boy|[spread] p2a,p2b\n|-damage|p2a: Good boy|57/100\n|-damage|p2b: The moon|85/100\n|move|p1b: Calyrex|Leech Seed|p2a: Good boy\n|-start|p2a: Good boy|move: Leech Seed\n|\n|-weather|RainDance|[upkeep]\n|-damage|p2a: Good boy|44/100|[from] Leech Seed|[of] p1b: Calyrex\n|-heal|p1b: Calyrex|67/100|[silent]\n|upkeep\n|turn|5\n|inactive|tism VGC has 30 seconds left.\n|inactive|tism VGC has 20 seconds left.\n|inactive|tism VGC has 15 seconds left.\n|inactive|tism VGC has 10 seconds left.\n|inactive|tism VGC has 5 seconds left.\n|\n|t:|1775595359\n|move|p2a: Good boy|Breaking Swipe|p1b: Calyrex|[spread] p1a,p1b\n|-damage|p1a: Pelipper|69/100\n|-damage|p1b: Calyrex|59/100\n|-unboost|p1a: Pelipper|atk|1\n|-unboost|p1b: Calyrex|atk|1\n|move|p1a: Pelipper|Muddy Water|p2a: Good boy|[spread] \n|-miss|p1a: Pelipper|p2a: Good boy\n|-miss|p1a: Pelipper|p2b: The moon\n|move|p2b: The moon|Meteor Beam||[still]\n|-prepare|p2b: The moon|Meteor Beam\n|-boost|p2b: The moon|spa|1\n|-enditem|p2b: The moon|Power Herb\n|-anim|p2b: The moon|Meteor Beam|p1a: Pelipper\n|-supereffective|p1a: Pelipper\n|-damage|p1a: Pelipper|0 fnt\n|faint|p1a: Pelipper\n|move|p1b: Calyrex|Leech Seed|p2b: The moon\n|-start|p2b: The moon|move: Leech Seed\n|\n|-weather|RainDance|[upkeep]\n|-damage|p2a: Good boy|32/100|[from] Leech Seed|[of] p1b: Calyrex\n|-heal|p1b: Calyrex|72/100|[silent]\n|-damage|p2b: The moon|73/100|[from] Leech Seed|[of] p1b: Calyrex\n|-heal|p1b: Calyrex|86/100|[silent]\n|upkeep\n|\n|t:|1775595380\n|switch|p1a: Kyurem|Kyurem-Black, L50|100/100\n|-ability|p1a: Kyurem|Teravolt\n|turn|6\n|\n|t:|1775595393\n|move|p2a: Good boy|Breaking Swipe|p1a: Kyurem|[spread] p1a,p1b\n|-supereffective|p1a: Kyurem\n|-crit|p1b: Calyrex\n|-damage|p1a: Kyurem|82/100\n|-damage|p1b: Calyrex|67/100\n|-unboost|p1a: Kyurem|atk|1\n|-unboost|p1b: Calyrex|atk|1\n|move|p1a: Kyurem|Icicle Spear|p2b: The moon\n|-damage|p2b: The moon|65/100\n|-damage|p2b: The moon|57/100\n|-hitcount|p2b: The moon|2\n|move|p2b: The moon|Moongeist Beam|p1b: Calyrex\n|-damage|p1b: Calyrex|39/100\n|move|p1b: Calyrex|Glacial Lance|p2b: The moon|[spread] p2a,p2b\n|-damage|p2a: Good boy|22/100\n|-damage|p2b: The moon|47/100\n|\n|-weather|RainDance|[upkeep]\n|-damage|p2a: Good boy|10/100|[from] Leech Seed|[of] p1b: Calyrex\n|-heal|p1b: Calyrex|51/100|[silent]\n|-damage|p2b: The moon|35/100|[from] Leech Seed|[of] p1b: Calyrex\n|-heal|p1b: Calyrex|66/100|[silent]\n|upkeep\n|turn|7\n|inactive|tism VGC has 30 seconds left.\n|inactive|tism VGC has 20 seconds left.\n|inactive|tism VGC has 15 seconds left.\n|\n|t:|1775595437\n|move|p2b: The moon|Wide Guard|p2b: The moon\n|-singleturn|p2b: The moon|Wide Guard\n|move|p2a: Good boy|Breaking Swipe|p1b: Calyrex|[spread] p1a,p1b\n|-supereffective|p1a: Kyurem\n|-damage|p1a: Kyurem|62/100\n|-damage|p1b: Calyrex|57/100\n|-unboost|p1a: Kyurem|atk|1\n|-unboost|p1b: Calyrex|atk|1\n|move|p1a: Kyurem|Icicle Spear|p2b: The moon\n|-damage|p2b: The moon|28/100\n|-damage|p2b: The moon|21/100\n|-crit|p2b: The moon\n|-damage|p2b: The moon|0 fnt\n|faint|p2b: The moon\n|-hitcount|p2: The moon|3\n|move|p1b: Calyrex|Life Dew|p1b: Calyrex|[spread] p1a,p1b\n|-heal|p1a: Kyurem|87/100\n|-heal|p1b: Calyrex|82/100\n|\n|-weather|RainDance|[upkeep]\n|-damage|p2a: Good boy|0 fnt|[from] Leech Seed|[of] p1b: Calyrex\n|-heal|p1b: Calyrex|92/100|[silent]\n|faint|p2a: Good boy\n|-end|p2a: Good boy|Protosynthesis|[silent]\n|upkeep\n|\n|t:|1775595457\n|switch|p2a: Mr ruin ur day|Grimmsnarl, L50, M|76/100\n|switch|p2b: Big yahu|Groudon, L50, tera:Fire|76/100\n|-weather|SunnyDay|[from] ability: Drought|[of] p2b: Big yahu\n|turn|8\n|inactive|tism VGC has 30 seconds left.\n|inactive|tism VGC has 20 seconds left.\n|\n|t:|1775595492\n|move|p1a: Kyurem|Icicle Spear|p2b: Big yahu\n|-resisted|p2b: Big yahu\n|-damage|p2b: Big yahu|73/100\n|-resisted|p2b: Big yahu\n|-damage|p2b: Big yahu|71/100\n|-resisted|p2b: Big yahu\n|-damage|p2b: Big yahu|68/100\n|-resisted|p2b: Big yahu\n|-damage|p2b: Big yahu|65/100\n|-resisted|p2b: Big yahu\n|-crit|p2b: Big yahu\n|-damage|p2b: Big yahu|52/100\n|-hitcount|p2b: Big yahu|5\n|move|p2b: Big yahu|Stone Edge|p1a: Kyurem|[miss]\n|-miss|p2b: Big yahu|p1a: Kyurem\n|move|p2a: Mr ruin ur day|Foul Play|p1a: Kyurem\n|-damage|p1a: Kyurem|70/100\n|move|p1b: Calyrex|Leech Seed|p2a: Mr ruin ur day\n|-start|p2a: Mr ruin ur day|move: Leech Seed\n|\n|-weather|SunnyDay|[upkeep]\n|-damage|p2a: Mr ruin ur day|63/100|[from] Leech Seed|[of] p1b: Calyrex\n|-heal|p1b: Calyrex|100/100|[silent]\n|-sideend|p1: N jordan|Reflect\n|-sideend|p2: tism VGC|Reflect\n|upkeep\n|turn|9\n|-message|tism VGC forfeited.\n|\n|win|N jordan\n|raw|N jordan's rating: 1342 &rarr; <strong>1365</strong><br />(+23 for winning)\n|raw|tism VGC's rating: 1388 &rarr; <strong>1365</strong><br />(-23 for losing)\n|l|\u2606tism VGC\n|player|p2|\n|l|\u2606N jordan\n|player|p1|\n","uploadtime":1775595740,"views":5,"formatid":"gen9vgc2026regi","rating":1365,"private":0,"password":null}