{"id":"gen9vgc2026regi-2523107720","format":"[Gen 9] VGC 2026 Reg I","players":["Fogdocker","crifab93"],"log":"|j|\u2606Fogdocker\n|j|\u2606crifab93\n|t:|1768988696\n|gametype|doubles\n|player|p1|Fogdocker|266|1506\n|player|p2|crifab93|n|1388\n|gen|9\n|tier|[Gen 9] VGC 2026 Reg I\n|rated|\n|rule|Species Clause: Limit one of each Pok\u00e9mon\n|rule|Item Clause: Limit 1 of each item\n|clearpoke\n|poke|p1|Calyrex-Ice, L50|\n|poke|p1|Kyogre, L50|\n|poke|p1|Urshifu-*, L50, M|\n|poke|p1|Rillaboom, L50, M|\n|poke|p1|Landorus, L50, M|\n|poke|p1|Tornadus, L50, M|\n|poke|p2|Rillaboom, L50, M|\n|poke|p2|Calyrex-Shadow, L50|\n|poke|p2|Zamazenta-*, L50|\n|poke|p2|Incineroar, L50, M|\n|poke|p2|Clefairy, L50, F|\n|poke|p2|Ogerpon-Hearthflame, L50, F|\n|teampreview|4\n|\n|t:|1768988734\n|teamsize|p1|4\n|teamsize|p2|4\n|start\n|switch|p1a: Landorus|Landorus, L50, M|100/100\n|switch|p1b: Tornadus|Tornadus, L50, M|100/100\n|switch|p2a: Rillaboom|Rillaboom, L50, M|100/100\n|switch|p2b: Calyrex|Calyrex-Shadow, L50|100/100\n|-ability|p2b: Calyrex|As One\n|-ability|p2b: Calyrex|Unnerve\n|-fieldstart|move: Grassy Terrain|[from] ability: Grassy Surge|[of] p2a: Rillaboom\n|turn|1\n|\n|t:|1768988746\n|switch|p2a: Clefairy|Clefairy, L50, F, shiny|100/100\n|-terastallize|p2b: Calyrex|Dark\n|move|p1a: Landorus|Protect|p1a: Landorus\n|-singleturn|p1a: Landorus|Protect\n|move|p1b: Tornadus|Tailwind|p1b: Tornadus\n|-sidestart|p1: Fogdocker|move: Tailwind\n|move|p2b: Calyrex|Nasty Plot|p2b: Calyrex\n|-boost|p2b: Calyrex|spa|2\n|\n|upkeep\n|turn|2\n|\n|t:|1768988763\n|move|p2a: Clefairy|Follow Me|p2a: Clefairy\n|-singleturn|p2a: Clefairy|move: Follow Me\n|move|p1a: Landorus|Sludge Bomb|p2a: Clefairy\n|-supereffective|p2a: Clefairy\n|-damage|p2a: Clefairy|27/100\n|move|p1b: Tornadus|Bleakwind Storm|p2b: Calyrex|[spread] p2a\n|-miss|p1b: Tornadus|p2b: Calyrex\n|-damage|p2a: Clefairy|0 fnt\n|faint|p2a: Clefairy\n|move|p2b: Calyrex|Astral Barrage|p1b: Tornadus|[spread] p1a,p1b\n|-damage|p1a: Landorus|0 fnt\n|-damage|p1b: Tornadus|0 fnt\n|faint|p1a: Landorus\n|faint|p1b: Tornadus\n|-ability|p2b: Calyrex|Grim Neigh|boost\n|-boost|p2b: Calyrex|spa|2\n|-damage|p2b: Calyrex|91/100|[from] item: Life Orb\n|\n|-heal|p2b: Calyrex|97/100|[from] Grassy Terrain\n|upkeep\n|\n|t:|1768988775\n|switch|p1a: Urshifu|Urshifu-Rapid-Strike, L50, M|100/100\n|switch|p1b: Kyogre|Kyogre, L50|100/100\n|switch|p2a: Rillaboom|Rillaboom, L50, M|100/100\n|-weather|RainDance|[from] ability: Drizzle|[of] p1b: Kyogre\n|turn|3\n|j| riyuezi\n|\n|t:|1768988797\n|-terastallize|p1a: Urshifu|Water\n|move|p2a: Rillaboom|Fake Out|p1a: Urshifu\n|-damage|p1a: Urshifu|85/100\n|cant|p1a: Urshifu|flinch\n|move|p1b: Kyogre|Water Spout|p2a: Rillaboom|[spread] p2a,p2b\n|-resisted|p2a: Rillaboom\n|-damage|p2a: Rillaboom|50/100\n|-damage|p2b: Calyrex|0 fnt\n|faint|p2b: Calyrex\n|\n|-weather|RainDance|[upkeep]\n|-heal|p1a: Urshifu|91/100|[from] Grassy Terrain\n|-heal|p2a: Rillaboom|56/100|[from] Grassy Terrain\n|upkeep\n|\n|t:|1768988804\n|switch|p2b: Zamazenta|Zamazenta-Crowned, L50|100/100\n|-ability|p2b: Zamazenta|Dauntless Shield|boost\n|-boost|p2b: Zamazenta|def|1\n|turn|4\n|\n|t:|1768988813\n|move|p2a: Rillaboom|Grassy Glide|p1b: Kyogre\n|-supereffective|p1b: Kyogre\n|-damage|p1b: Kyogre|28/100\n|move|p1a: Urshifu|Surging Strikes|p2a: Rillaboom\n|-resisted|p2a: Rillaboom\n|-crit|p2a: Rillaboom\n|-damage|p2a: Rillaboom|25/100\n|-resisted|p2a: Rillaboom\n|-crit|p2a: Rillaboom\n|-damage|p2a: Rillaboom|0 fnt\n|faint|p2a: Rillaboom\n|-hitcount|p2: Rillaboom|2\n|move|p1b: Kyogre|Origin Pulse|p2b: Zamazenta\n|-damage|p2b: Zamazenta|20/100\n|move|p2b: Zamazenta|Body Press|p1a: Urshifu\n|-damage|p1a: Urshifu|27/100\n|\n|-weather|RainDance|[upkeep]\n|-heal|p1a: Urshifu|33/100|[from] Grassy Terrain\n|-heal|p1b: Kyogre|34/100|[from] Grassy Terrain\n|-heal|p2b: Zamazenta|26/100|[from] Grassy Terrain\n|-sideend|p1: Fogdocker|move: Tailwind\n|upkeep\n|turn|5\n|-message|crifab93 forfeited.\n|\n|win|Fogdocker\n|raw|Fogdocker's rating: 1506 &rarr; <strong>1519</strong><br />(+13 for winning)\n|raw|crifab93's rating: 1388 &rarr; <strong>1375</strong><br />(-13 for losing)\n|l|\u2606crifab93\n|player|p2|\n|l|\u2606Fogdocker\n|player|p1|\n|l| riyuezi\n","uploadtime":1768989031,"views":15,"formatid":"gen9vgc2026regi","rating":1375,"private":0,"password":null}