{"id":"gen9vgc2026regi-2564588435","format":"[Gen 9] VGC 2026 Reg I","players":["I\u2764\ufe0f\u5a1c\u7984Forever","nikhil6202"],"log":"|j|\u2606I\u2764\ufe0f\u5a1c\u7984Forever\n|j|\u2606nikhil6202\n|t:|1774169861\n|gametype|doubles\n|player|p1|I\u2764\ufe0f\u5a1c\u7984Forever|youngcouple-gen4dp|1362\n|player|p2|nikhil6202|lance|1279\n|gen|9\n|tier|[Gen 9] VGC 2026 Reg I\n|rated|\n|rule|Species Clause: Limit one of each Pok\u00e9mon\n|rule|Item Clause: Limit 1 of each item\n|clearpoke\n|poke|p1|Groudon, L50|\n|poke|p1|Kyurem-White, L50|\n|poke|p1|Heatran, L50, F|\n|poke|p1|Whimsicott, L50, F|\n|poke|p1|Ditto, L50|\n|poke|p1|Flutter Mane, L50|\n|poke|p2|Kyurem-Black, L50|\n|poke|p2|Calyrex-Shadow, L50|\n|poke|p2|Ninetales-Alola, L50, M|\n|poke|p2|Incineroar, L50, M|\n|poke|p2|Brute Bonnet, L50|\n|poke|p2|Whimsicott, L50, M|\n|teampreview|4\n|inactive|Battle timer is ON: inactive players will automatically lose when time's up. (requested by nikhil6202)\n|\n|t:|1774169891\n|teamsize|p1|4\n|teamsize|p2|4\n|start\n|switch|p1a: Kyurem|Kyurem-White, L50|100/100\n|switch|p1b: Whimsicott|Whimsicott, L50, F|100/100\n|switch|p2a: Calyrex|Calyrex-Shadow, L50|100/100\n|switch|p2b: Incineroar|Incineroar, L50, M|100/100\n|-ability|p2a: Calyrex|As One\n|-ability|p2a: Calyrex|Unnerve\n|-ability|p1a: Kyurem|Turboblaze\n|-ability|p2b: Incineroar|Intimidate|boost\n|-unboost|p1a: Kyurem|atk|1\n|-unboost|p1b: Whimsicott|atk|1\n|turn|1\n|inactive|nikhil6202 has 30 seconds left.\n|inactive|nikhil6202 has 20 seconds left.\n|inactive|nikhil6202 has 15 seconds left.\n|\n|t:|1774169935\n|move|p2b: Incineroar|Fake Out|p1a: Kyurem\n|-damage|p1a: Kyurem|88/100\n|move|p2a: Calyrex|Astral Barrage|p1b: Whimsicott|[spread] p1a,p1b\n|-damage|p1a: Kyurem|48/100\n|-damage|p1b: Whimsicott|5/100\n|move|p1b: Whimsicott|Energy Ball|p2a: Calyrex\n|-damage|p2a: Calyrex|64/100\n|cant|p1a: Kyurem|flinch\n|\n|upkeep\n|turn|2\n|inactive|nikhil6202 has 30 seconds left.\n|\n|t:|1774169967\n|move|p2a: Calyrex|Protect|p2a: Calyrex\n|-singleturn|p2a: Calyrex|Protect\n|move|p1b: Whimsicott|Tailwind|p1b: Whimsicott\n|-sidestart|p1: I\u2764\ufe0f\u5a1c\u7984Forever|move: Tailwind\n|move|p1a: Kyurem|Shadow Ball|p2a: Calyrex\n|-activate|p2a: Calyrex|move: Protect\n|move|p2b: Incineroar|Knock Off|p1b: Whimsicott\n|-resisted|p1b: Whimsicott\n|-damage|p1b: Whimsicott|0 fnt\n|-enditem|p1b: Whimsicott|Focus Sash|[from] move: Knock Off|[of] p2b: Incineroar\n|faint|p1b: Whimsicott\n|\n|upkeep\n|\n|t:|1774169973\n|switch|p1b: Ditto|Ditto, L50|100/100\n|-transform|p1b: Ditto|p2a: Calyrex|[from] ability: Imposter\n|-ability|p1b: Ditto|As One\n|-ability|p1b: Ditto|Unnerve\n|turn|3\n|inactive|nikhil6202 has 30 seconds left.\n|\n|t:|1774170006\n|switch|p2a: Ninetales|Ninetales-Alola, L50, M|100/100\n|-weather|Snowscape|[from] ability: Snow Warning|[of] p2a: Ninetales\n|move|p1b: Ditto|Astral Barrage|p2b: Incineroar|[spread] p2a,p2b\n|-resisted|p2b: Incineroar\n|-damage|p2a: Ninetales|49/100\n|-damage|p2b: Incineroar|75/100\n|move|p1a: Kyurem|Blizzard|p2a: Ninetales|[spread] p2a,p2b\n|-resisted|p2a: Ninetales\n|-resisted|p2b: Incineroar\n|-damage|p2a: Ninetales|21/100\n|-damage|p2b: Incineroar|46/100\n|move|p2b: Incineroar|Knock Off|p1b: Ditto\n|-supereffective|p1b: Ditto\n|-damage|p1b: Ditto|0 fnt\n|-enditem|p1b: Ditto|Bright Powder|[from] move: Knock Off|[of] p2b: Incineroar\n|-enditem|p2b: Incineroar|Sitrus Berry|[eat]\n|-heal|p2b: Incineroar|71/100|[from] item: Sitrus Berry\n|faint|p1b: Ditto\n|\n|-weather|Snowscape|[upkeep]\n|upkeep\n|\n|t:|1774170022\n|switch|p1b: Groudon|Groudon, L50|100/100\n|-weather|SunnyDay|[from] ability: Drought|[of] p1b: Groudon\n|turn|4\n|\n|t:|1774170041\n|switch|p2a: Calyrex|Calyrex-Shadow, L50|64/100\n|-ability|p2a: Calyrex|As One\n|-ability|p2a: Calyrex|Unnerve\n|move|p1a: Kyurem|Blizzard|p2a: Calyrex|[spread] p2b\n|-miss|p1a: Kyurem|p2a: Calyrex\n|-enditem|p1a: Kyurem|Blunder Policy\n|-boost|p1a: Kyurem|spe|2\n|-resisted|p2b: Incineroar\n|-damage|p2b: Incineroar|42/100\n|move|p1b: Groudon|Precipice Blades|p2a: Calyrex|[spread] p2a,p2b\n|-supereffective|p2b: Incineroar\n|-damage|p2a: Calyrex|6/100\n|-damage|p2b: Incineroar|0 fnt\n|faint|p2b: Incineroar\n|\n|-weather|SunnyDay|[upkeep]\n|upkeep\n|\n|t:|1774170056\n|switch|p2b: Ninetales|Ninetales-Alola, L50, M|21/100\n|-weather|Snowscape|[from] ability: Snow Warning|[of] p2b: Ninetales\n|turn|5\n|\n|t:|1774170069\n|move|p2a: Calyrex|Protect|p2a: Calyrex\n|-singleturn|p2a: Calyrex|Protect\n|move|p1a: Kyurem|Blizzard|p2a: Calyrex|[spread] p2b\n|-activate|p2a: Calyrex|move: Protect\n|-resisted|p2b: Ninetales\n|-damage|p2b: Ninetales|0 fnt\n|faint|p2b: Ninetales\n|move|p1b: Groudon|Precipice Blades|p2a: Calyrex\n|-activate|p2a: Calyrex|move: Protect\n|\n|-weather|Snowscape|[upkeep]\n|-sideend|p1: I\u2764\ufe0f\u5a1c\u7984Forever|move: Tailwind\n|upkeep\n|\n|t:|1774170080\n|switch|p2b: Kyurem|Kyurem-Black, L50|100/100\n|-ability|p2b: Kyurem|Teravolt\n|turn|6\n|inactive|nikhil6202 has 30 seconds left.\n|\n|t:|1774170114\n|-terastallize|p2b: Kyurem|Ghost\n|-terastallize|p1b: Groudon|Water\n|move|p1a: Kyurem|Blizzard|p2a: Calyrex|[spread] p2a,p2b\n|-damage|p2a: Calyrex|0 fnt\n|-damage|p2b: Kyurem|40/100\n|-status|p2b: Kyurem|frz\n|faint|p2a: Calyrex\n|cant|p2b: Kyurem|frz\n|move|p1b: Groudon|Iron Head|p2b: Kyurem\n|-damage|p2b: Kyurem|12/100 frz\n|\n|-weather|Snowscape|[upkeep]\n|upkeep\n|turn|7\n|-message|nikhil6202 forfeited.\n|\n|win|I\u2764\ufe0f\u5a1c\u7984Forever\n|raw|I\u2764\ufe0f\u5a1c\u7984Forever's rating: 1362 &rarr; <strong>1377</strong><br />(+15 for winning)\n|raw|nikhil6202's rating: 1279 &rarr; <strong>1260</strong><br />(-19 for losing)\n|l|\u2606nikhil6202\n|player|p2|\n|l|\u2606I\u2764\ufe0f\u5a1c\u7984Forever\n|player|p1|\n","uploadtime":1774170359,"views":11,"formatid":"gen9vgc2026regi","rating":1260,"private":0,"password":null}