{"id":"gen9vgc2026regi-2575599455","format":"[Gen 9] VGC 2026 Reg I","players":["sjysjy","TheManOfSausage"],"log":"|j|\u2606sjysjy\n|j|\u2606TheManOfSausage\n|t:|1775373321\n|gametype|doubles\n|player|p1|sjysjy|265|1522\n|player|p2|TheManOfSausage|miku-water|1521\n|gen|9\n|tier|[Gen 9] VGC 2026 Reg I\n|rated|\n|rule|Species Clause: Limit one of each Pok\u00e9mon\n|rule|Item Clause: Limit 1 of each item\n|clearpoke\n|poke|p1|Raging Bolt, L50|\n|poke|p1|Chien-Pao, L50|\n|poke|p1|Calyrex-Shadow, L50|\n|poke|p1|Rillaboom, L50, M|\n|poke|p1|Amoonguss, L50, M|\n|poke|p1|Zamazenta-*, L50|\n|poke|p2|Calyrex-Ice, L50|\n|poke|p2|Miraidon, L50|\n|poke|p2|Farigiraf, L50, F|\n|poke|p2|Iron Hands, L50|\n|poke|p2|Urshifu-*, L50, M|\n|poke|p2|Landorus, L50, M|\n|teampreview|4\nTheManOfSausage has agreed to open team sheets.\n|\n|t:|1775373346\n|teamsize|p1|4\n|teamsize|p2|4\n|start\n|switch|p1a: Rillaboom|Rillaboom, L50, M|100/100\n|switch|p1b: Calyrex|Calyrex-Shadow, L50|100/100\n|switch|p2a: Magical Mirai|Miraidon, L50|100/100\n|switch|p2b: Ogurin|Calyrex-Ice, L50|100/100\n|-ability|p1b: Calyrex|As One\n|-ability|p1b: Calyrex|Unnerve\n|-ability|p2b: Ogurin|As One\n|-ability|p2b: Ogurin|Unnerve\n|-fieldstart|move: Electric Terrain|[from] ability: Hadron Engine|[of] p2a: Magical Mirai\n|-fieldstart|move: Grassy Terrain|[from] ability: Grassy Surge|[of] p1a: Rillaboom\n|turn|1\n|\n|t:|1775373357\n|move|p2b: Ogurin|Protect|p2b: Ogurin\n|-singleturn|p2b: Ogurin|Protect\n|move|p1a: Rillaboom|Fake Out|p2b: Ogurin\n|-activate|p2b: Ogurin|move: Protect\n|move|p2a: Magical Mirai|Volt Switch|p1b: Calyrex\n|-damage|p1b: Calyrex|61/100\n|\n|t:|1775373363\n|switch|p2a: Farigiraf|Farigiraf, L50, F|100/100|[from] Volt Switch\n|move|p1b: Calyrex|Astral Barrage|p2a: Farigiraf|[spread] \n|-activate|p2b: Ogurin|move: Protect\n|-immune|p2a: Farigiraf\n|\n|-heal|p1b: Calyrex|68/100|[from] Grassy Terrain\n|upkeep\n|turn|2\n|\n|t:|1775373375\n|switch|p2b: Magical Mirai|Miraidon, L50|100/100\n|-fieldstart|move: Electric Terrain|[from] ability: Hadron Engine|[of] p2b: Magical Mirai\n|-enditem|p2a: Farigiraf|Electric Seed\n|-boost|p2a: Farigiraf|def|1|[from] item: Electric Seed\n|move|p1b: Calyrex|Encore||[still]\n|-fail|p1b: Calyrex\n|move|p1a: Rillaboom|U-turn|p2a: Farigiraf\n|-supereffective|p2a: Farigiraf\n|-damage|p2a: Farigiraf|77/100\n|\n|t:|1775373390\n|switch|p1a: Amoonguss|Amoonguss, L50, M|100/100|[from] U-turn\n|move|p2a: Farigiraf|Foul Play|p1b: Calyrex\n|-supereffective|p1b: Calyrex\n|-damage|p1b: Calyrex|0 fnt\n|faint|p1b: Calyrex\n|\n|upkeep\n|\n|t:|1775373398\n|switch|p1b: Rillaboom|Rillaboom, L50, M|100/100\n|-fieldstart|move: Grassy Terrain|[from] ability: Grassy Surge|[of] p1b: Rillaboom\n|turn|3\n|\n|t:|1775373421\n|move|p2b: Magical Mirai|Volt Switch|p1a: Amoonguss\n|-resisted|p1a: Amoonguss\n|-damage|p1a: Amoonguss|83/100\n|\n|t:|1775373425\n|switch|p2b: Landorus|Landorus, L50, M|100/100|[from] Volt Switch\n|move|p1b: Rillaboom|U-turn|p2a: Farigiraf\n|-supereffective|p2a: Farigiraf\n|-damage|p2a: Farigiraf|52/100\n|\n|t:|1775373431\n|switch|p1b: Zamazenta|Zamazenta-Crowned, L50|100/100|[from] U-turn\n|-ability|p1b: Zamazenta|Dauntless Shield|boost\n|-boost|p1b: Zamazenta|def|1\n|move|p2a: Farigiraf|Foul Play|p1a: Amoonguss\n|-damage|p1a: Amoonguss|69/100\n|-damage|p2a: Farigiraf|35/100|[from] item: Rocky Helmet|[of] p1a: Amoonguss\n|move|p1a: Amoonguss|Spore|p2b: Landorus\n|-status|p2b: Landorus|slp|[from] move: Spore\n|\n|-heal|p2a: Farigiraf|41/100|[from] Grassy Terrain\n|-heal|p1a: Amoonguss|75/100|[from] Grassy Terrain\n|upkeep\n|turn|4\n|\n|t:|1775373459\n|switch|p1a: Rillaboom|Rillaboom, L50, M|100/100\n|move|p1b: Zamazenta|Body Press|p2a: Farigiraf\n|-damage|p2a: Farigiraf|6/100\n|cant|p2b: Landorus|slp\n|move|p2a: Farigiraf|Foul Play|p1a: Rillaboom\n|-damage|p1a: Rillaboom|68/100\n|\n|-heal|p1a: Rillaboom|73/100|[from] Grassy Terrain\n|-heal|p2a: Farigiraf|12/100|[from] Grassy Terrain\n|upkeep\n|turn|5\n|\n|t:|1775373481\n|switch|p2a: Magical Mirai|Miraidon, L50|100/100\n|-fieldstart|move: Electric Terrain|[from] ability: Hadron Engine|[of] p2a: Magical Mirai\n|move|p1b: Zamazenta|Body Press|p2b: Landorus\n|-resisted|p2b: Landorus\n|-crit|p2b: Landorus\n|-damage|p2b: Landorus|43/100 slp\n|cant|p2b: Landorus|slp\n|move|p1a: Rillaboom|U-turn|p2a: Magical Mirai\n|-damage|p2a: Magical Mirai|79/100\n|\n|t:|1775373491\n|switch|p1a: Amoonguss|Amoonguss, L50, M|100/100|[from] U-turn\n|\n|upkeep\n|turn|6\n|\n|t:|1775373501\n|switch|p1b: Rillaboom|Rillaboom, L50, M|73/100\n|-fieldstart|move: Grassy Terrain|[from] ability: Grassy Surge|[of] p1b: Rillaboom\n|move|p2a: Magical Mirai|Draco Meteor|p1a: Amoonguss\n|-damage|p1a: Amoonguss|34/100\n|-unboost|p2a: Magical Mirai|spa|2\n|cant|p2b: Landorus|slp\n|move|p1a: Amoonguss|Spore|p2a: Magical Mirai\n|-status|p2a: Magical Mirai|slp|[from] move: Spore\n|\n|-heal|p2a: Magical Mirai|85/100 slp|[from] Grassy Terrain\n|-heal|p1b: Rillaboom|79/100|[from] Grassy Terrain\n|-heal|p1a: Amoonguss|40/100|[from] Grassy Terrain\n|upkeep\n|turn|7\n|\n|t:|1775373522\n|switch|p1a: Zamazenta|Zamazenta-Crowned, L50|100/100\n|-curestatus|p2b: Landorus|slp|[msg]\n|move|p2b: Landorus|Protect|p2b: Landorus\n|-singleturn|p2b: Landorus|Protect\n|cant|p2a: Magical Mirai|slp\n|move|p1b: Rillaboom|U-turn|p2a: Magical Mirai\n|-damage|p2a: Magical Mirai|61/100 slp\n|\n|t:|1775373530\n|switch|p1b: Amoonguss|Amoonguss, L50, M|74/100|[from] U-turn\n|\n|-heal|p2a: Magical Mirai|67/100 slp|[from] Grassy Terrain\n|-heal|p1b: Amoonguss|79/100|[from] Grassy Terrain\n|upkeep\n|turn|8\n|\n|t:|1775373544\n|switch|p2a: Farigiraf|Farigiraf, L50, F|12/100\n|-terastallize|p2b: Landorus|Steel\n|move|p1a: Zamazenta|Protect|p1a: Zamazenta\n|-singleturn|p1a: Zamazenta|Protect\n|move|p2b: Landorus|Earth Power|p1a: Zamazenta\n|-activate|p1a: Zamazenta|move: Protect\n|move|p1b: Amoonguss|Spore|p2b: Landorus\n|-status|p2b: Landorus|slp|[from] move: Spore\n|\n|-heal|p2b: Landorus|49/100 slp|[from] Grassy Terrain\n|-heal|p2a: Farigiraf|18/100|[from] Grassy Terrain\n|-heal|p1b: Amoonguss|85/100|[from] Grassy Terrain\n|upkeep\n|turn|9\n|\n|t:|1775373567\n|switch|p1b: Rillaboom|Rillaboom, L50, M|79/100\n|move|p1a: Zamazenta|Body Press|p2a: Farigiraf\n|-damage|p2a: Farigiraf|0 fnt\n|faint|p2a: Farigiraf\n|cant|p2b: Landorus|slp\n|\n|-heal|p2b: Landorus|54/100 slp|[from] Grassy Terrain\n|-heal|p1b: Rillaboom|85/100|[from] Grassy Terrain\n|upkeep\n|\n|t:|1775373571\n|switch|p2a: Magical Mirai|Miraidon, L50|67/100 slp\n|-fieldstart|move: Electric Terrain|[from] ability: Hadron Engine|[of] p2a: Magical Mirai\n|turn|10\n|\n|t:|1775373577\n|cant|p2a: Magical Mirai|slp\n|move|p1a: Zamazenta|Body Press|p2b: Landorus\n|-supereffective|p2b: Landorus\n|-damage|p2b: Landorus|0 fnt\n|faint|p2b: Landorus\n|move|p1b: Rillaboom|U-turn|p2a: Magical Mirai\n|-damage|p2a: Magical Mirai|43/100 slp\n|-message|TheManOfSausage forfeited.\n|\n|win|sjysjy\n|raw|sjysjy's rating: 1522 &rarr; <strong>1542</strong><br />(+20 for winning)\n|raw|TheManOfSausage's rating: 1521 &rarr; <strong>1501</strong><br />(-20 for losing)\n|l|\u2606TheManOfSausage\n|player|p2|\n","uploadtime":1775373584,"views":21,"formatid":"gen9vgc2026regi","rating":1501,"private":0,"password":null}