{"id":"gen9vgc2026regi-2518504322","format":"[Gen 9] VGC 2026 Reg I","players":["Billlmadz","Schimmli"],"log":"|j|\u2606Billlmadz\n|j|\u2606Schimmli\n|t:|1768398834\n|gametype|doubles\n|player|p1|Billlmadz|red|1332\n|player|p2|Schimmli|1|1425\n|gen|9\n|tier|[Gen 9] VGC 2026 Reg I\n|rated|\n|rule|Species Clause: Limit one of each Pok\u00e9mon\n|rule|Item Clause: Limit 1 of each item\n|clearpoke\n|poke|p1|Miraidon, L50|\n|poke|p1|Zamazenta-*, L50|\n|poke|p1|Chien-Pao, L50|\n|poke|p1|Entei, L50|\n|poke|p1|Iron Hands, L50|\n|poke|p1|Whimsicott, L50, F|\n|poke|p2|Terapagos, L50, M|\n|poke|p2|Calyrex-Shadow, L50|\n|poke|p2|Flutter Mane, L50|\n|poke|p2|Ogerpon-Cornerstone, L50, F|\n|poke|p2|Incineroar, L50, F|\n|poke|p2|Rillaboom, L50, F|\n|teampreview|4\n|j| shihevlpsu9\n|inactive|Battle timer is ON: inactive players will automatically lose when time's up. (requested by Billlmadz)\n|inactive|Schimmli has 60 seconds left.\n|\n|t:|1768398906\n|teamsize|p1|4\n|teamsize|p2|4\n|start\n|switch|p1a: Miraidon|Miraidon, L50|100/100\n|switch|p1b: Zamazenta|Zamazenta-Crowned, L50|100/100\n|switch|p2a: Terapagos|Terapagos, L50, M|100/100\n|switch|p2b: Calyrex|Calyrex-Shadow, L50|100/100\n|-activate|p2a: Terapagos|ability: Tera Shift\n|detailschange|p2a: Terapagos|Terapagos-Terastal, L50, M\n|-heal|p2a: Terapagos|100/100|[silent]\n|-ability|p2b: Calyrex|As One\n|-ability|p2b: Calyrex|Unnerve\n|-ability|p1b: Zamazenta|Dauntless Shield|boost\n|-boost|p1b: Zamazenta|def|1\n|-fieldstart|move: Electric Terrain|[from] ability: Hadron Engine|[of] p1a: Miraidon\n|turn|1\n|\n|t:|1768398927\n|move|p2b: Calyrex|Will-O-Wisp|p1b: Zamazenta\n|-status|p1b: Zamazenta|brn\n|move|p1b: Zamazenta|Body Press|p2a: Terapagos\n|-activate|p2a: Terapagos|ability: Tera Shell\n|-resisted|p2a: Terapagos\n|-damage|p2a: Terapagos|89/100\n|move|p1a: Miraidon|Volt Switch|p2a: Terapagos\n|-crit|p2a: Terapagos\n|-damage|p2a: Terapagos|0 fnt\n|faint|p2a: Terapagos\n|\n|t:|1768398945\n|switch|p1a: Chien-Pao|Chien-Pao, L50, shiny|100/100|[from] Volt Switch\n|-ability|p1a: Chien-Pao|Sword of Ruin\n|\n|-damage|p1b: Zamazenta|94/100 brn|[from] brn\n|upkeep\n|\n|t:|1768398949\n|switch|p2a: Incineroar|Incineroar, L50, F, shiny|100/100\n|-ability|p2a: Incineroar|Intimidate|boost\n|-unboost|p1a: Chien-Pao|atk|1\n|-unboost|p1b: Zamazenta|atk|1\n|turn|2\n|\n|t:|1768398964\n|move|p2a: Incineroar|Fake Out|p1a: Chien-Pao\n|-crit|p1a: Chien-Pao\n|-damage|p1a: Chien-Pao|80/100\n|move|p2b: Calyrex|Astral Barrage|p1b: Zamazenta|[spread] p1a,p1b\n|-resisted|p1a: Chien-Pao\n|-damage|p1a: Chien-Pao|34/100\n|-damage|p1b: Zamazenta|54/100 brn\n|cant|p1a: Chien-Pao|flinch\n|move|p1b: Zamazenta|Body Press|p2a: Incineroar\n|-supereffective|p2a: Incineroar\n|-damage|p2a: Incineroar|35/100\n|-damage|p1b: Zamazenta|37/100 brn|[from] item: Rocky Helmet|[of] p2a: Incineroar\n|\n|-damage|p1b: Zamazenta|31/100 brn|[from] brn\n|upkeep\n|turn|3\n|inactive|Billlmadz has 30 seconds left.\n|inactive|Schimmli has 30 seconds left.\n|\n|t:|1768398996\n|switch|p2a: Ogerpon|Ogerpon-Cornerstone, L50, F|100/100\n|-terastallize|p2b: Calyrex|Water\n|move|p2b: Calyrex|Astral Barrage|p1a: Chien-Pao|[spread] p1a,p1b\n|-resisted|p1a: Chien-Pao\n|-damage|p1a: Chien-Pao|0 fnt\n|-damage|p1b: Zamazenta|0 fnt\n|faint|p1a: Chien-Pao\n|faint|p1b: Zamazenta\n|-ability|p2b: Calyrex|Grim Neigh|boost\n|-boost|p2b: Calyrex|spa|2\n|\n|upkeep\n|\n|t:|1768399005\n|switch|p1a: Miraidon|Miraidon, L50|100/100\n|switch|p1b: Iron Hands|Iron Hands, L50|100/100\n|-activate|p1a: Miraidon|ability: Hadron Engine\n|-activate|p1b: Iron Hands|ability: Quark Drive\n|-start|p1b: Iron Hands|quarkdriveatk\n|turn|4\n|l| shihevlpsu9\n|\n|t:|1768399026\n|move|p2b: Calyrex|Protect|p2b: Calyrex\n|-singleturn|p2b: Calyrex|Protect\n|move|p2a: Ogerpon|Spiky Shield|p2a: Ogerpon\n|-singleturn|p2a: Ogerpon|move: Protect\n|move|p1b: Iron Hands|Fake Out|p2a: Ogerpon\n|-activate|p2a: Ogerpon|move: Protect\n|-damage|p1b: Iron Hands|88/100|[from] Spiky Shield|[of] p2a: Ogerpon\n|move|p1a: Miraidon|Electro Drift|p2a: Ogerpon\n|-activate|p2a: Ogerpon|move: Protect\n|-damage|p1a: Miraidon|88/100|[from] Spiky Shield|[of] p2a: Ogerpon\n|\n|upkeep\n|turn|5\n|inactive|Schimmli has 30 seconds left.\n|\n|t:|1768399053\n|-terastallize|p1b: Iron Hands|Water\n|move|p2b: Calyrex|Astral Barrage|p1a: Miraidon|[spread] p1a,p1b\n|-damage|p1a: Miraidon|3/100\n|-damage|p1b: Iron Hands|30/100\n|move|p2a: Ogerpon|Ivy Cudgel|p1b: Iron Hands|[anim] Ivy Cudgel Rock\n|-damage|p1b: Iron Hands|0 fnt\n|faint|p1b: Iron Hands\n|-end|p1b: Iron Hands|Quark Drive|[silent]\n|move|p1a: Miraidon|Electro Drift|p2b: Calyrex\n|-supereffective|p2b: Calyrex\n|-enditem|p2b: Calyrex|Focus Sash\n|-damage|p2b: Calyrex|1/100\n|\n|-fieldend|move: Electric Terrain\n|upkeep\n|turn|6\n|\n|t:|1768399071\n|move|p2b: Calyrex|Astral Barrage|p1a: Miraidon\n|-damage|p1a: Miraidon|0 fnt\n|faint|p1a: Miraidon\n|\n|win|Schimmli\n|raw|Billlmadz's rating: 1332 &rarr; <strong>1317</strong><br />(-15 for losing)\n|raw|Schimmli's rating: 1425 &rarr; <strong>1440</strong><br />(+15 for winning)\n|l|\u2606Schimmli\n|player|p2|\n","uploadtime":1768399238,"views":12,"formatid":"gen9vgc2026regi","rating":1317,"private":0,"password":null}