{"id":"gen9vgc2026regi-2578332929","format":"[Gen 9] VGC 2026 Reg I","players":["touchgrassyterrain","Realfrytki"],"log":"|j|\u2606touchgrassyterrain\n|j|\u2606Realfrytki\n|html|<table width=\"100%\"><tr><td align=\"left\">touchgrassyterrain</td><td align=\"right\">Realfrytki</tr><tr><td align=\"left\"><i class=\"fa fa-circle\"></i> <i class=\"fa fa-circle-o\"></i> </td><td align=\"right\"><i class=\"fa fa-circle-o\"></i> <i class=\"fa fa-circle-o\"></i> </tr></table>\n|uhtml|bestof|<h2><strong>Game 2</strong> of <a href=\"/game-bestof3-gen9vgc2026regi-2578329318\">a best-of-3</a></h2>\n|t:|1775669237\n|gametype|doubles\n|player|p1|touchgrassyterrain|flannery|\n|player|p2|Realfrytki|veteranf|\n|gen|9\n|tier|[Gen 9] VGC 2026 Reg I\n|rule|Species Clause: Limit one of each Pok\u00e9mon\n|rule|Item Clause: Limit 1 of each item\n|raw|<div class=\"infobox\"><details class=\"readmore\" open><summary><strong>1 custom rule:</strong></summary> Best of = 3</details></div>\n|clearpoke\n|poke|p1|Koraidon, L50|\n|poke|p1|Weezing-Galar, L50, F|\n|poke|p1|Calyrex-Shadow, L50|\n|poke|p1|Raging Bolt, L50|\n|poke|p1|Chi-Yu, L50|\n|poke|p1|Brute Bonnet, L50|\n|poke|p2|Terapagos, L50, M|\n|poke|p2|Grimmsnarl, L50, M|\n|poke|p2|Volcarona, L50, M|\n|poke|p2|Miraidon, L50|\n|poke|p2|Iron Hands, L50|\n|poke|p2|Ogerpon-Cornerstone, L50, F|\n|teampreview|4\n|c|\u2606touchgrassyterrain|glhf\n|c|\u2606Realfrytki|glhf\ntouchgrassyterrain has agreed to open team sheets.\nRealfrytki has agreed to open team sheets.\n|showteam|p1|Koraidon||AbilityShield|OrichalcumPulse|FlareBlitz,CollisionCourse,FlameCharge,Protect||||||50|,,,,,Fire]Weezing-Galar||CovertCloak|NeutralizingGas|DazzlingGleam,Taunt,WillOWisp,Protect|||F|||50|,,,,,Water]Calyrex-Shadow||FocusSash|AsOneSpectrier|AstralBarrage,Psychic,NastyPlot,Protect||||||50|,,,,,Ghost]Raging Bolt||AssaultVest|Protosynthesis|Thunderclap,DracoMeteor,Thunderbolt,Electroweb||||||50|,,,,,Electric]Chi-Yu||ChoiceScarf|BeadsofRuin|HeatWave,Snarl,DarkPulse,Overheat||||||50|,,,,,Ghost]Brute Bonnet||SitrusBerry|Protosynthesis|Spore,RagePowder,SeedBomb,SuckerPunch||||||50|,,,,,Water\n|showteam|p2|Terapagos||ChoiceSpecs|TeraShift|TeraStarstorm,EarthPower,DarkPulse,HyperBeam|||M|||50|,,,,,Stellar]Grimmsnarl||CovertCloak|Prankster|FakeTears,FoulPlay,ThunderWave,FakeOut|||M|||50|,,,,,Steel]Volcarona||ElectricSeed|FlameBody|Protect,QuiverDance,FieryDance,StruggleBug|||M|||50|,,,,,Dragon]Miraidon||ChoiceScarf|HadronEngine|DracoMeteor,ElectroDrift,VoltSwitch,Overheat||||||50|,,,,,Electric]Iron Hands||AssaultVest|QuarkDrive|BrickBreak,FakeOut,WildCharge,LowKick||||||50|,,,,,Water]Ogerpon-Cornerstone||CornerstoneMask|Sturdy|IvyCudgel,PowerWhip,FollowMe,SpikyShield|||F|||50|,,,,,Rock\n|\n|t:|1775669294\n|teamsize|p1|4\n|teamsize|p2|4\n|start\n|switch|p1a: stride|Koraidon, L50|100/100\n|switch|p1b: me IRL|Weezing-Galar, L50, F, shiny|100/100\n|switch|p2a: Iron Hands|Iron Hands, L50|100/100\n|switch|p2b: Miraidon|Miraidon, L50|100/100\n|-ability|p1b: me IRL|Neutralizing Gas\n|-block|p1a: stride|item: Ability Shield\n|-weather|SunnyDay|[from] ability: Orichalcum Pulse|[of] p1a: stride\n|-activate|p1a: stride|Orichalcum Pulse|[source]\n|turn|1\n|\n|t:|1775669315\n|move|p1a: stride|Protect|p1a: stride\n|-singleturn|p1a: stride|Protect\n|move|p2a: Iron Hands|Fake Out|p1a: stride\n|-activate|p1a: stride|move: Protect\n|move|p2b: Miraidon|Electro Drift|p1b: me IRL\n|-damage|p1b: me IRL|41/100\n|move|p1b: me IRL|Will-O-Wisp|p2a: Iron Hands\n|-status|p2a: Iron Hands|brn\n|\n|-weather|SunnyDay|[upkeep]\n|-damage|p2a: Iron Hands|95/100 brn|[from] brn\n|upkeep\n|turn|2\n|\n|t:|1775669342\n|-end|p2a: Iron Hands|Quark Drive|[silent]\n|switch|p2a: Grimmsnarl|Grimmsnarl, L50, M|100/100\n|move|p1b: me IRL|Protect|p1b: me IRL\n|-singleturn|p1b: me IRL|Protect\n|move|p2b: Miraidon|Electro Drift|p1b: me IRL\n|-activate|p1b: me IRL|move: Protect\n|move|p1a: stride|Flame Charge|p2a: Grimmsnarl\n|-damage|p2a: Grimmsnarl|58/100\n|-boost|p1a: stride|spe|1\n|\n|-weather|SunnyDay|[upkeep]\n|upkeep\n|turn|3\n|\n|t:|1775669371\n|-end|p1b: me IRL|ability: Neutralizing Gas\n|-fieldstart|move: Electric Terrain|[from] ability: Hadron Engine|[of] p2b: Miraidon\n|switch|p1b: NYOOM|Raging Bolt, L50|100/100\n|-activate|p1b: NYOOM|ability: Protosynthesis\n|-start|p1b: NYOOM|protosynthesisspa\n|move|p1a: stride|Protect|p1a: stride\n|-singleturn|p1a: stride|Protect\n|move|p2a: Grimmsnarl|Fake Out|p1a: stride\n|-activate|p1a: stride|move: Protect\n|move|p2b: Miraidon|Electro Drift|p1b: NYOOM\n|-resisted|p1b: NYOOM\n|-damage|p1b: NYOOM|87/100\n|\n|-weather|SunnyDay|[upkeep]\n|upkeep\n|turn|4\n|\n|t:|1775669403\n|switch|p1a: feesh.|Chi-Yu, L50|100/100\n|-ability|p1a: feesh.|Beads of Ruin\n|switch|p2b: Iron Hands|Iron Hands, L50|95/100 brn\n|-activate|p2b: Iron Hands|ability: Quark Drive\n|-start|p2b: Iron Hands|quarkdriveatk\n|move|p2a: Grimmsnarl|Thunder Wave|p1a: feesh.\n|-hint|Since gen 7, Dark is immune to Prankster moves.\n|-immune|p1a: feesh.\n|move|p1b: NYOOM|Thunderbolt|p2a: Grimmsnarl\n|-damage|p2a: Grimmsnarl|0 fnt\n|faint|p2a: Grimmsnarl\n|\n|-weather|SunnyDay|[upkeep]\n|-damage|p2b: Iron Hands|89/100 brn|[from] brn\n|upkeep\n|\n|t:|1775669428\n|switch|p2a: Miraidon|Miraidon, L50|100/100\n|-activate|p2a: Miraidon|ability: Hadron Engine\n|turn|5\n|\n|t:|1775669454\n|-terastallize|p2a: Miraidon|Electric\n|move|p2b: Iron Hands|Fake Out|p1b: NYOOM\n|-damage|p1b: NYOOM|80/100\n|move|p2a: Miraidon|Electro Drift|p1a: feesh.\n|-damage|p1a: feesh.|0 fnt\n|faint|p1a: feesh.\n|cant|p1b: NYOOM|flinch\n|\n|-weather|none\n|-end|p1b: NYOOM|Protosynthesis\n|-damage|p2b: Iron Hands|83/100 brn|[from] brn\n|upkeep\n|\n|t:|1775669463\n|switch|p1a: stride|Koraidon, L50|100/100\n|-weather|SunnyDay|[from] ability: Orichalcum Pulse|[of] p1a: stride\n|-activate|p1b: NYOOM|ability: Protosynthesis\n|-start|p1b: NYOOM|protosynthesisspa\n|-activate|p1a: stride|Orichalcum Pulse|[source]\n|turn|6\n|\n|t:|1775669475\n|switch|p2a: Terapagos|Terapagos, L50, M|100/100\n|-activate|p2a: Terapagos|ability: Tera Shift\n|detailschange|p2a: Terapagos|Terapagos-Terastal, L50, M\n|-heal|p2a: Terapagos|100/100|[silent]\n|move|p1a: stride|Flame Charge|p2a: Terapagos\n|-activate|p2a: Terapagos|ability: Tera Shell\n|-resisted|p2a: Terapagos\n|-damage|p2a: Terapagos|82/100\n|-boost|p1a: stride|spe|1\n|move|p1b: NYOOM|Draco Meteor|p2a: Terapagos\n|-damage|p2a: Terapagos|5/100\n|-unboost|p1b: NYOOM|spa|2\n|move|p2b: Iron Hands|Low Kick|p1a: stride\n|-damage|p1a: stride|64/100\n|\n|-weather|SunnyDay|[upkeep]\n|-damage|p2b: Iron Hands|77/100 brn|[from] brn\n|upkeep\n|turn|7\n|j| gerby vgc\n|\n|t:|1775669499\n|-terastallize|p1a: stride|Fire\n|move|p1b: NYOOM|Thunderclap|p2a: Terapagos\n|-damage|p2a: Terapagos|0 fnt\n|faint|p2a: Terapagos\n|move|p1a: stride|Flame Charge|p2b: Iron Hands\n|-damage|p2b: Iron Hands|34/100 brn\n|-boost|p1a: stride|spe|1\n|move|p2b: Iron Hands|Low Kick|p1a: stride\n|-damage|p1a: stride|25/100\n|\n|-weather|SunnyDay|[upkeep]\n|-damage|p2b: Iron Hands|28/100 brn|[from] brn\n|-fieldend|move: Electric Terrain\n|-end|p2b: Iron Hands|Quark Drive\n|upkeep\n|\n|t:|1775669511\n|switch|p2a: Miraidon|Miraidon, L50, tera:Electric|100/100\n|-fieldstart|move: Electric Terrain|[from] ability: Hadron Engine|[of] p2a: Miraidon\n|-activate|p2b: Iron Hands|ability: Quark Drive\n|-start|p2b: Iron Hands|quarkdriveatk\n|turn|8\n|\n|t:|1775669523\n|move|p1a: stride|Flare Blitz|p2a: Miraidon\n|-damage|p2a: Miraidon|0 fnt\n|faint|p2a: Miraidon\n|-damage|p1a: stride|0 fnt|[from] Recoil\n|faint|p1a: stride\n|move|p1b: NYOOM|Draco Meteor|p2b: Iron Hands\n|-damage|p2b: Iron Hands|5/100 brn\n|-unboost|p1b: NYOOM|spa|2\n|move|p2b: Iron Hands|Low Kick|p1b: NYOOM\n|-damage|p1b: NYOOM|48/100\n|\n|-weather|SunnyDay|[upkeep]\n|-damage|p2b: Iron Hands|0 fnt|[from] brn\n|faint|p2b: Iron Hands\n|-end|p2b: Iron Hands|Quark Drive|[silent]\n|\n|win|touchgrassyterrain\n|c|\u2606Realfrytki|ggs\n|c|\u2606touchgrassyterrain|gg\n","uploadtime":1775669549,"views":21,"formatid":"gen9vgc2026regi","rating":null,"private":0,"password":null}