{"id":"gen9vgc2026regi-2553737287","format":"[Gen 9] VGC 2026 Reg I","players":["PowPowP0WER","I\u2764\ufe0f\u5a1c\u7984forever"],"log":"|j|\u2606PowPowP0WER\n|j|\u2606I\u2764\ufe0f\u5a1c\u7984forever\n|t:|1772870539\n|gametype|doubles\n|player|p1|PowPowP0WER|battlegirl-gen4|1232\n|player|p2|I\u2764\ufe0f\u5a1c\u7984forever|youngcouple-gen4dp|1315\n|gen|9\n|tier|[Gen 9] VGC 2026 Reg I\n|rated|\n|rule|Species Clause: Limit one of each Pok\u00e9mon\n|rule|Item Clause: Limit 1 of each item\n|clearpoke\n|poke|p1|Kyurem-White, L50|\n|poke|p1|Zamazenta-*, L50|\n|poke|p1|Ninetales-Alola, L50, F|\n|poke|p1|Tornadus, L50, M|\n|poke|p1|Ogerpon-Cornerstone, L50, F|\n|poke|p1|Urshifu-*, L50, M|\n|poke|p2|Groudon, L50|\n|poke|p2|Kyurem-White, L50|\n|poke|p2|Heatran, L50, M|\n|poke|p2|Whimsicott, L50, M|\n|poke|p2|Roaring Moon, L50|\n|poke|p2|Ditto, L50|\n|teampreview|4\n|\n|t:|1772870607\n|teamsize|p1|4\n|teamsize|p2|4\n|start\n|switch|p1a: Zamazenta|Zamazenta-Crowned, L50|100/100\n|switch|p1b: Urshifu|Urshifu, L50, M|100/100\n|switch|p2a: Kyurem|Kyurem-White, L50|100/100\n|switch|p2b: Heatran|Heatran, L50, M|100/100\n|-ability|p1a: Zamazenta|Dauntless Shield|boost\n|-boost|p1a: Zamazenta|def|1\n|-ability|p2a: Kyurem|Turboblaze\n|turn|1\n|\n|t:|1772870651\n|switch|p2b: Groudon|Groudon, L50|100/100\n|-weather|SunnyDay|[from] ability: Drought|[of] p2b: Groudon\n|-terastallize|p1a: Zamazenta|Dragon\n|-terastallize|p2a: Kyurem|Ghost\n|move|p1a: Zamazenta|Iron Defense|p1a: Zamazenta\n|-boost|p1a: Zamazenta|def|2\n|move|p1b: Urshifu|Close Combat|p2a: Kyurem\n|-immune|p2a: Kyurem\n|move|p2a: Kyurem|Fusion Flare|p1a: Zamazenta\n|-resisted|p1a: Zamazenta\n|-damage|p1a: Zamazenta|75/100\n|\n|-weather|SunnyDay|[upkeep]\n|upkeep\n|turn|2\n|\n|t:|1772870678\n|switch|p2a: Heatran|Heatran, L50, M|100/100\n|move|p1a: Zamazenta|Body Press|p2b: Groudon\n|-damage|p2b: Groudon|28/100\n|move|p1b: Urshifu|Wicked Blow|p2a: Heatran\n|-crit|p2a: Heatran\n|-damage|p2a: Heatran|41/100\n|move|p2b: Groudon|Precipice Blades|p1b: Urshifu|[spread] p1a,p1b\n|-damage|p1a: Zamazenta|64/100\n|-damage|p1b: Urshifu|45/100\n|\n|-weather|SunnyDay|[upkeep]\n|-heal|p2a: Heatran|47/100|[from] item: Leftovers\n|upkeep\n|turn|3\n|\n|t:|1772870704\n|move|p1a: Zamazenta|Body Press|p2b: Groudon\n|-damage|p2b: Groudon|0 fnt\n|faint|p2b: Groudon\n|move|p1b: Urshifu|Wicked Blow|p2a: Heatran\n|-crit|p2a: Heatran\n|-damage|p2a: Heatran|0 fnt\n|faint|p2a: Heatran\n|\n|-weather|SunnyDay|[upkeep]\n|upkeep\n|\n|t:|1772870711\n|switch|p2b: Ditto|Ditto, L50|100/100\n|switch|p2a: Kyurem|Kyurem-White, L50, tera:Ghost|100/100\n|-ability|p2a: Kyurem|Turboblaze\n|-transform|p2b: Ditto|p1a: Zamazenta|[from] ability: Imposter\n|-ability|p2b: Ditto|Dauntless Shield|boost\n|-boost|p2b: Ditto|def|1\n|-start|p2b: Ditto|typechange|Fighting/Steel|[silent]\n|turn|4\n|\n|t:|1772870738\n|move|p2b: Ditto|Body Press|p1b: Urshifu\n|-supereffective|p1b: Urshifu\n|-damage|p1b: Urshifu|0 fnt\n|faint|p1b: Urshifu\n|move|p1a: Zamazenta|Body Press|p2b: Ditto\n|-supereffective|p2b: Ditto\n|-damage|p2b: Ditto|42/100\n|move|p2a: Kyurem|Blizzard|p1a: Zamazenta\n|-supereffective|p1a: Zamazenta\n|-damage|p1a: Zamazenta|0 fnt\n|faint|p1a: Zamazenta\n|\n|-weather|SunnyDay|[upkeep]\n|upkeep\n|\n|t:|1772870741\n|switch|p1a: Kyurem|Kyurem-White, L50|100/100\n|switch|p1b: Ninetales|Ninetales-Alola, L50, F|100/100\n|-weather|Snowscape|[from] ability: Snow Warning|[of] p1b: Ninetales\n|-ability|p1a: Kyurem|Turboblaze\n|turn|5\n|\n|t:|1772870757\n|move|p2b: Ditto|Wide Guard|p2b: Ditto\n|-singleturn|p2b: Ditto|Wide Guard\n|move|p1b: Ninetales|Aurora Veil|p1b: Ninetales\n|-sidestart|p1: PowPowP0WER|move: Aurora Veil\n|move|p1a: Kyurem|Blizzard|p2a: Kyurem|[spread] \n|-activate|p2a: Kyurem|move: Wide Guard\n|-activate|p2b: Ditto|move: Wide Guard\n|move|p2a: Kyurem|Blizzard|p1b: Ninetales|[spread] p1a,p1b\n|-resisted|p1b: Ninetales\n|-damage|p1a: Kyurem|79/100\n|-damage|p1b: Ninetales|82/100\n|\n|-weather|Snowscape|[upkeep]\n|upkeep\n|turn|6\n|\n|t:|1772870789\n|move|p1b: Ninetales|Encore|p2b: Ditto\n|-start|p2b: Ditto|Encore\n|move|p2b: Ditto|Wide Guard|p2b: Ditto\n|-singleturn|p2b: Ditto|Wide Guard\n|move|p1a: Kyurem|Fusion Flare|p2b: Ditto\n|-supereffective|p2b: Ditto\n|-damage|p2b: Ditto|0 fnt\n|faint|p2b: Ditto\n|move|p2a: Kyurem|Blizzard|p1a: Kyurem|[spread] p1a,p1b\n|-resisted|p1b: Ninetales\n|-damage|p1a: Kyurem|59/100\n|-damage|p1b: Ninetales|63/100\n|\n|-weather|Snowscape|[upkeep]\n|upkeep\n|turn|7\n|\n|t:|1772870805\n|move|p1b: Ninetales|Moonblast|p2a: Kyurem\n|-damage|p2a: Kyurem|77/100\n|move|p1a: Kyurem|Blizzard|p2a: Kyurem\n|-damage|p2a: Kyurem|13/100\n|move|p2a: Kyurem|Shadow Ball|p1a: Kyurem\n|-damage|p1a: Kyurem|39/100\n|\n|-weather|Snowscape|[upkeep]\n|upkeep\n|turn|8\n|\n|t:|1772870817\n|move|p1b: Ninetales|Moonblast|p2a: Kyurem\n|-damage|p2a: Kyurem|0 fnt\n|faint|p2a: Kyurem\n|\n|win|PowPowP0WER\n|raw|PowPowP0WER's rating: 1232 &rarr; <strong>1263</strong><br />(+31 for winning)\n|raw|I\u2764\ufe0f\u5a1c\u7984forever's rating: 1315 &rarr; <strong>1290</strong><br />(-25 for losing)\n|l|\u2606I\u2764\ufe0f\u5a1c\u7984forever\n|player|p2|\n|l|\u2606PowPowP0WER\n|player|p1|\n","uploadtime":1772871092,"views":12,"formatid":"gen9vgc2026regi","rating":1263,"private":0,"password":null}