{"id":"gen9vgc2026regi-2551808859","format":"[Gen 9] VGC 2026 Reg I","players":["luisflygon14","Maphoo"],"log":"|j|\u2606luisflygon14\n|j|\u2606Maphoo\n|t:|1772647059\n|gametype|doubles\n|player|p1|luisflygon14|steven|1131\n|player|p2|Maphoo|2|1246\n|gen|9\n|tier|[Gen 9] VGC 2026 Reg I\n|rated|\n|rule|Species Clause: Limit one of each Pok\u00e9mon\n|rule|Item Clause: Limit 1 of each item\n|clearpoke\n|poke|p1|Charjabug, L50, M|\n|poke|p1|Eternatus, L50|\n|poke|p1|Kyogre, L50|\n|poke|p1|Archaludon, L50, M|\n|poke|p1|Whimsicott, L50, F|\n|poke|p1|Incineroar, L50, M|\n|poke|p2|Lunala, L50|\n|poke|p2|Indeedee-F, L50, F|\n|poke|p2|Roaring Moon, L50|\n|poke|p2|Kyogre, L50|\n|poke|p2|Urshifu-*, L50, M|\n|poke|p2|Ursaluna, L50, M|\n|teampreview|4\n|inactive|Battle timer is ON: inactive players will automatically lose when time's up. (requested by luisflygon14)\n|\n|t:|1772647089\n|teamsize|p1|4\n|teamsize|p2|4\n|start\n|switch|p1a: Archaludon|Archaludon, L50, M|100/100\n|switch|p1b: Kyogre|Kyogre, L50|100/100\n|switch|p2a: Lunala|Lunala, L50, shiny|100/100\n|switch|p2b: Urshifu|Urshifu-Rapid-Strike, L50, M|100/100\n|-weather|RainDance|[from] ability: Drizzle|[of] p1b: Kyogre\n|turn|1\n|inactive|luisflygon14 has 30 seconds left.\n|\n|t:|1772647120\n|switch|p1b: CharjaGOAT|Charjabug, L50, M, shiny|100/100\n|move|p2b: Urshifu|Close Combat|p1a: Archaludon\n|-supereffective|p1a: Archaludon\n|-damage|p1a: Archaludon|4/100\n|-unboost|p2b: Urshifu|def|1\n|-unboost|p2b: Urshifu|spd|1\n|move|p2a: Lunala|Meteor Beam||[still]\n|-prepare|p2a: Lunala|Meteor Beam\n|-boost|p2a: Lunala|spa|1\n|-enditem|p2a: Lunala|Power Herb\n|-anim|p2a: Lunala|Meteor Beam|p1a: Archaludon\n|-resisted|p1a: Archaludon\n|-damage|p1a: Archaludon|0 fnt\n|faint|p1a: Archaludon\n|\n|-weather|RainDance|[upkeep]\n|upkeep\n|\n|t:|1772647133\n|switch|p1a: Kyogre|Kyogre, L50|100/100\n|turn|2\n|\n|t:|1772647141\n|switch|p2b: Indeedee|Indeedee-F, L50, F, shiny|100/100\n|-fieldstart|move: Psychic Terrain|[from] ability: Psychic Surge|[of] p2b: Indeedee\n|-enditem|p2b: Indeedee|Psychic Seed\n|-boost|p2b: Indeedee|spd|1|[from] item: Psychic Seed\n|move|p1a: Kyogre|Protect|p1a: Kyogre\n|-singleturn|p1a: Kyogre|Protect\n|move|p2a: Lunala|Expanding Force|p1b: CharjaGOAT|[spread] p1b\n|-activate|p1a: Kyogre|move: Protect\n|-damage|p1b: CharjaGOAT|29/100\n|move|p1b: CharjaGOAT|Electroweb|p2b: Indeedee|[spread] p2a,p2b\n|-damage|p2a: Lunala|98/100\n|-damage|p2b: Indeedee|95/100\n|-unboost|p2a: Lunala|spe|1\n|-unboost|p2b: Indeedee|spe|1\n|\n|-weather|RainDance|[upkeep]\n|upkeep\n|turn|3\n|\n|t:|1772647161\n|switch|p1b: Incineroar|Incineroar, L50, M|100/100\n|-ability|p1b: Incineroar|Intimidate|boost\n|-unboost|p2a: Lunala|atk|1\n|-unboost|p2b: Indeedee|atk|1\n|-terastallize|p1a: Kyogre|Water\n|move|p2a: Lunala|Wide Guard|p2a: Lunala\n|-singleturn|p2a: Lunala|Wide Guard\n|move|p1a: Kyogre|Water Spout|p2a: Lunala|[spread] \n|-activate|p2a: Lunala|move: Wide Guard\n|-activate|p2b: Indeedee|move: Wide Guard\n|move|p2b: Indeedee|Trick Room|p2b: Indeedee\n|-fieldstart|move: Trick Room|[of] p2b: Indeedee\n|\n|-weather|RainDance|[upkeep]\n|upkeep\n|turn|4\n|\n|t:|1772647185\n|-terastallize|p2a: Lunala|Fairy\n|move|p2b: Indeedee|Helping Hand|p2a: Lunala\n|-singleturn|p2a: Lunala|Helping Hand|[of] p2b: Indeedee\n|move|p1a: Kyogre|Protect|p1a: Kyogre\n|-singleturn|p1a: Kyogre|Protect\n|move|p1b: Incineroar|Knock Off|p2a: Lunala\n|-resisted|p2a: Lunala\n|-damage|p2a: Lunala|88/100\n|move|p2a: Lunala|Expanding Force|p1a: Kyogre|[spread] \n|-activate|p1a: Kyogre|move: Protect\n|-immune|p1b: Incineroar\n|\n|-weather|RainDance|[upkeep]\n|upkeep\n|turn|5\n|\n|t:|1772647207\n|switch|p1a: CharjaGOAT|Charjabug, L50, M, shiny|29/100\n|move|p2b: Indeedee|Helping Hand|p2a: Lunala\n|-singleturn|p2a: Lunala|Helping Hand|[of] p2b: Indeedee\n|move|p1b: Incineroar|Parting Shot|p2a: Lunala\n|-unboost|p2a: Lunala|atk|1\n|-unboost|p2a: Lunala|spa|1\n|\n|t:|1772647216\n|switch|p1b: Kyogre|Kyogre, L50, tera:Water|100/100|[from] Parting Shot\n|move|p2a: Lunala|Expanding Force|p1a: CharjaGOAT|[spread] p1a,p1b\n|-damage|p1a: CharjaGOAT|0 fnt\n|-damage|p1b: Kyogre|28/100\n|faint|p1a: CharjaGOAT\n|\n|-weather|none\n|upkeep\n|-message|luisflygon14 forfeited.\n|\n|win|Maphoo\n|raw|luisflygon14's rating: 1131 &rarr; <strong>1114</strong><br />(-17 for losing)\n|raw|Maphoo's rating: 1246 &rarr; <strong>1263</strong><br />(+17 for winning)\n|l|\u2606luisflygon14\n|player|p1|\n|l|\u2606Maphoo\n|player|p2|\n","uploadtime":1772647458,"views":14,"formatid":"gen9vgc2026regi","rating":1114,"private":0,"password":null}