{"id":"gen9vgc2026regi-2561465744","format":"[Gen 9] VGC 2026 Reg I","players":["It'sJustKen VGC","tortapoundervgc"],"log":"|j|\u2606It'sJustKen VGC\n|j|\u2606tortapoundervgc\n|t:|1773799326\n|gametype|doubles\n|player|p1|It'sJustKen VGC|1|1442\n|player|p2|tortapoundervgc|youngster-gen1rb|1420\n|gen|9\n|tier|[Gen 9] VGC 2026 Reg I\n|rated|\n|rule|Species Clause: Limit one of each Pok\u00e9mon\n|rule|Item Clause: Limit 1 of each item\n|clearpoke\n|poke|p1|Iron Hands, L50|\n|poke|p1|Incineroar, L50, M|\n|poke|p1|Calyrex-Shadow, L50|\n|poke|p1|Whimsicott, L50, F|\n|poke|p1|Farigiraf, L50, M|\n|poke|p1|Miraidon, L50|\n|poke|p2|Koraidon, L50|\n|poke|p2|Calyrex-Shadow, L50|\n|poke|p2|Chi-Yu, L50|\n|poke|p2|Mienshao, L50, F|\n|poke|p2|Indeedee-F, L50, F|\n|poke|p2|Whimsicott, L50, F|\n|teampreview|4\n|inactive|Battle timer is ON: inactive players will automatically lose when time's up. (requested by tortapoundervgc)\n|inactive|It'sJustKen VGC also wants the timer to be on.\n|inactive|tortapoundervgc has 60 seconds left.\n|\n|t:|1773799379\n|teamsize|p1|4\n|teamsize|p2|4\n|start\n|switch|p1a: Miraidon|Miraidon, L50, shiny|100/100\n|switch|p1b: Whimsicott|Whimsicott, L50, F|100/100\n|switch|p2a: Diddyfreak|Indeedee-F, L50, F|100/100\n|switch|p2b: Chicken Joe|Koraidon, L50|100/100\n|-weather|SunnyDay|[from] ability: Orichalcum Pulse|[of] p2b: Chicken Joe\n|-activate|p2b: Chicken Joe|Orichalcum Pulse|[source]\n|-fieldstart|move: Electric Terrain|[from] ability: Hadron Engine|[of] p1a: Miraidon\n|-fieldstart|move: Psychic Terrain|[from] ability: Psychic Surge|[of] p2a: Diddyfreak\n|turn|1\n|\n|t:|1773799399\n|switch|p1b: Incineroar|Incineroar, L50, M|100/100\n|-ability|p1b: Incineroar|Intimidate|boost\n|-unboost|p2a: Diddyfreak|atk|1\n|-fail|p2b: Chicken Joe|unboost|[from] item: Clear Amulet|[of] p2b: Chicken Joe\n|-terastallize|p2b: Chicken Joe|Fire\n|move|p2a: Diddyfreak|Follow Me|p2a: Diddyfreak\n|-singleturn|p2a: Diddyfreak|move: Follow Me\n|move|p2b: Chicken Joe|Flame Charge|p1b: Incineroar\n|-resisted|p1b: Incineroar\n|-damage|p1b: Incineroar|77/100\n|-boost|p2b: Chicken Joe|spe|1\n|-damage|p2b: Chicken Joe|84/100|[from] item: Rocky Helmet|[of] p1b: Incineroar\n|move|p1a: Miraidon|Volt Switch|p2a: Diddyfreak\n|-damage|p2a: Diddyfreak|44/100\n|\n|t:|1773799420\n|switch|p1a: Whimsicott|Whimsicott, L50, F|100/100|[from] Volt Switch\n|\n|-weather|SunnyDay|[upkeep]\n|upkeep\n|turn|2\n|\n|t:|1773799434\n|move|p2a: Diddyfreak|Follow Me|p2a: Diddyfreak\n|-singleturn|p2a: Diddyfreak|move: Follow Me\n|move|p1a: Whimsicott|Tailwind|p1a: Whimsicott\n|-sidestart|p1: It'sJustKen VGC|move: Tailwind\n|move|p2b: Chicken Joe|Flame Charge|p1a: Whimsicott\n|-supereffective|p1a: Whimsicott\n|-damage|p1a: Whimsicott|0 fnt\n|-boost|p2b: Chicken Joe|spe|1\n|faint|p1a: Whimsicott\n|move|p1b: Incineroar|Knock Off|p2a: Diddyfreak\n|-supereffective|p2a: Diddyfreak\n|-damage|p2a: Diddyfreak|0 fnt\n|-damage|p1b: Incineroar|60/100|[from] item: Rocky Helmet|[of] p2a: Diddyfreak\n|-enditem|p2a: Diddyfreak|Rocky Helmet|[from] move: Knock Off|[of] p1b: Incineroar\n|faint|p2a: Diddyfreak\n|\n|-weather|SunnyDay|[upkeep]\n|upkeep\n|\n|t:|1773799451\n|switch|p1a: Calyrex|Calyrex-Shadow, L50|100/100\n|switch|p2a: Cottsakr|Whimsicott, L50, F, shiny|100/100\n|-ability|p1a: Calyrex|As One\n|-ability|p1a: Calyrex|Unnerve\n|turn|3\n|j| touchdownJulio\n|inactive|It'sJustKen VGC has 30 seconds left.\n|\n|t:|1773799478\n|-terastallize|p1a: Calyrex|Ghost\n|move|p2a: Cottsakr|Tailwind|p2a: Cottsakr\n|-sidestart|p2: tortapoundervgc|move: Tailwind\n|move|p2b: Chicken Joe|Collision Course|p1b: Incineroar\n|-supereffective|p1b: Incineroar\n|-damage|p1b: Incineroar|0 fnt\n|-damage|p2b: Chicken Joe|67/100|[from] item: Rocky Helmet|[of] p1b: Incineroar\n|faint|p1b: Incineroar\n|move|p1a: Calyrex|Imprison|p1a: Calyrex\n|-start|p1a: Calyrex|move: Imprison\n|\n|-weather|SunnyDay|[upkeep]\n|upkeep\n|\n|t:|1773799485\n|switch|p1b: Miraidon|Miraidon, L50, shiny|100/100\n|-fieldstart|move: Electric Terrain|[from] ability: Hadron Engine|[of] p1b: Miraidon\n|turn|4\n|\n|t:|1773799501\n|move|p2b: Chicken Joe|Flare Blitz|p1a: Calyrex\n|-enditem|p1a: Calyrex|Focus Sash\n|-damage|p1a: Calyrex|1/100\n|-damage|p2b: Chicken Joe|38/100|[from] Recoil\n|move|p1a: Calyrex|Astral Barrage|p2a: Cottsakr|[spread] p2a,p2b\n|-damage|p2a: Cottsakr|2/100\n|-damage|p2b: Chicken Joe|0 fnt\n|faint|p2b: Chicken Joe\n|-ability|p1a: Calyrex|Grim Neigh|boost\n|-boost|p1a: Calyrex|spa|1\n|move|p2a: Cottsakr|Moonblast|p1a: Calyrex\n|-damage|p1a: Calyrex|0 fnt\n|faint|p1a: Calyrex\n|move|p1b: Miraidon|Electro Drift|p2a: Cottsakr\n|-resisted|p2a: Cottsakr\n|-damage|p2a: Cottsakr|0 fnt\n|faint|p2a: Cottsakr\n|\n|-weather|SunnyDay|[upkeep]\n|upkeep\n|\n|t:|1773799504\n|switch|p2b: Shmeatrider|Calyrex-Shadow, L50|100/100\n|-ability|p2b: Shmeatrider|As One\n|-ability|p2b: Shmeatrider|Unnerve\n|turn|5\n|\n|t:|1773799515\n|move|p2b: Shmeatrider|Astral Barrage|p1b: Miraidon\n|-damage|p1b: Miraidon|20/100\n|-damage|p2b: Shmeatrider|91/100|[from] item: Life Orb\n|move|p1b: Miraidon|Electro Drift|p2b: Shmeatrider\n|-damage|p2b: Shmeatrider|0 fnt\n|faint|p2b: Shmeatrider\n|\n|win|It'sJustKen VGC\n|raw|It&apos;sJustKen VGC's rating: 1442 &rarr; <strong>1461</strong><br />(+19 for winning)\n|raw|tortapoundervgc's rating: 1420 &rarr; <strong>1401</strong><br />(-19 for losing)\n","uploadtime":1773799523,"views":12,"formatid":"gen9vgc2026regi","rating":1401,"private":0,"password":null}