{"id":"gen9vgc2026regi-2516183813","format":"[Gen 9] VGC 2026 Reg I","players":["Cello L.","Indeedee Follow"],"log":"|j|\u2606Cello L.\n|j|\u2606Indeedee Follow\n|t:|1768098826\n|gametype|doubles\n|player|p1|Cello L.|cynthia-gen4|1375\n|player|p2|Indeedee Follow|winona|1313\n|gen|9\n|tier|[Gen 9] VGC 2026 Reg I\n|rated|\n|rule|Species Clause: Limit one of each Pok\u00e9mon\n|rule|Item Clause: Limit 1 of each item\n|clearpoke\n|poke|p1|Calyrex-Shadow, L50|\n|poke|p1|Zamazenta-*, L50|\n|poke|p1|Chien-Pao, L50|\n|poke|p1|Dragonite, L50, F|\n|poke|p1|Raging Bolt, L50|\n|poke|p1|Amoonguss, L50, M|\n|poke|p2|Smeargle, L50, F|\n|poke|p2|Muk-Alola, L50, M|\n|poke|p2|Flamigo, L50, M|\n|poke|p2|Indeedee-F, L50, F|\n|poke|p2|Koraidon, L50|\n|poke|p2|Calyrex-Shadow, L50|\n|teampreview|4\n|inactive|Battle timer is ON: inactive players will automatically lose when time's up. (requested by Indeedee Follow)\n|inactive|Cello L. has 60 seconds left.\n|\n|t:|1768098858\n|teamsize|p1|4\n|teamsize|p2|4\n|start\n|switch|p1a: Zamazenta|Zamazenta-Crowned, L50|100/100\n|switch|p1b: Amoonguss|Amoonguss, L50, M|100/100\n|switch|p2a: Smeargle|Smeargle, L50, F, shiny|100/100\n|switch|p2b: Calyrex|Calyrex-Shadow, L50|100/100\n|-ability|p2b: Calyrex|As One\n|-ability|p2b: Calyrex|Unnerve\n|-ability|p1a: Zamazenta|Dauntless Shield|boost\n|-boost|p1a: Zamazenta|def|1\n|turn|1\n|inactive|Cello L. has 30 seconds left.\n|\n|t:|1768098887\n|-terastallize|p2b: Calyrex|Ghost\n|-terastallize|p1b: Amoonguss|Water\n|move|p2a: Smeargle|Feint|p1a: Zamazenta\n|-resisted|p1a: Zamazenta\n|-damage|p1a: Zamazenta|98/100\n|move|p2b: Calyrex|Astral Barrage|p1b: Amoonguss|[spread] p1a,p1b\n|-damage|p1a: Zamazenta|28/100\n|-damage|p1b: Amoonguss|15/100\n|move|p1a: Zamazenta|Heavy Slam|p2a: Smeargle\n|-enditem|p2a: Smeargle|Focus Sash\n|-damage|p2a: Smeargle|1/100\n|move|p1b: Amoonguss|Spore|p2b: Calyrex\n|-status|p2b: Calyrex|slp|[from] move: Spore\n|\n|upkeep\n|turn|2\n|\n|t:|1768098910\n|move|p2a: Smeargle|Feint|p1b: Amoonguss\n|-damage|p1b: Amoonguss|6/100\n|cant|p2b: Calyrex|slp\n|move|p1a: Zamazenta|Body Press|p2a: Smeargle\n|-supereffective|p2a: Smeargle\n|-damage|p2a: Smeargle|0 fnt\n|faint|p2a: Smeargle\n|move|p1b: Amoonguss|Sludge Bomb|p2b: Calyrex\n|-resisted|p2b: Calyrex\n|-damage|p2b: Calyrex|88/100 slp\n|\n|upkeep\n|\n|t:|1768098927\n|switch|p2a: Flamigo|Flamigo, L50, M, shiny|100/100\n|turn|3\n|\n|t:|1768098933\n|switch|p1b: Calyrex|Calyrex-Shadow, L50|100/100\n|-ability|p1b: Calyrex|As One\n|-ability|p1b: Calyrex|Unnerve\n|move|p1a: Zamazenta|Wide Guard|p1a: Zamazenta\n|-singleturn|p1a: Zamazenta|Wide Guard\n|move|p2a: Flamigo|Feint|p1b: Calyrex\n|-activate|p1b: Calyrex|move: Feint\n|-damage|p1b: Calyrex|87/100\n|cant|p2b: Calyrex|slp\n|\n|upkeep\n|turn|4\n|\n|t:|1768098954\n|move|p2a: Flamigo|Wide Guard|p2a: Flamigo\n|-singleturn|p2a: Flamigo|Wide Guard\n|move|p1b: Calyrex|Astral Barrage|p2a: Flamigo|[spread] \n|-activate|p2a: Flamigo|move: Wide Guard\n|-activate|p2b: Calyrex|move: Wide Guard\n|cant|p2b: Calyrex|slp\n|move|p1a: Zamazenta|Body Press|p2a: Flamigo\n|-resisted|p2a: Flamigo\n|-damage|p2a: Flamigo|55/100\n|\n|upkeep\n|turn|5\n|\n|t:|1768098977\n|move|p1a: Zamazenta|Wide Guard|p1a: Zamazenta\n|-singleturn|p1a: Zamazenta|Wide Guard\n|move|p2a: Flamigo|Feint|p1a: Zamazenta\n|-activate|p1a: Zamazenta|move: Feint\n|-resisted|p1a: Zamazenta\n|-damage|p1a: Zamazenta|26/100\n|-curestatus|p2b: Calyrex|slp|[msg]\n|move|p2b: Calyrex|Astral Barrage|p1a: Zamazenta|[spread] p1a,p1b\n|-supereffective|p1b: Calyrex\n|-damage|p1a: Zamazenta|0 fnt\n|-damage|p1b: Calyrex|0 fnt\n|faint|p1a: Zamazenta\n|faint|p1b: Calyrex\n|-ability|p2b: Calyrex|Grim Neigh|boost\n|-boost|p2b: Calyrex|spa|2\n|\n|upkeep\n|\n|t:|1768098991\n|switch|p1b: Amoonguss|Amoonguss, L50, M, tera:Water|40/100\n|switch|p1a: Dragonite|Dragonite, L50, F|100/100\n|turn|6\n|inactive|Indeedee Follow has 30 seconds left.\n|inactive|Indeedee Follow has 20 seconds left.\n|inactive|Indeedee Follow has 15 seconds left.\n|inactive|Indeedee Follow has 10 seconds left.\n|inactive|Indeedee Follow has 5 seconds left.\n|\n|t:|1768099043\n|move|p2a: Flamigo|Upper Hand||[still]\n|-fail|p2a: Flamigo\n|move|p2b: Calyrex|Astral Barrage|p1b: Amoonguss|[spread] p1a,p1b\n|-damage|p1a: Dragonite|0 fnt\n|-damage|p1b: Amoonguss|0 fnt\n|faint|p1a: Dragonite\n|faint|p1b: Amoonguss\n|\n|win|Indeedee Follow\n|raw|Cello L.'s rating: 1375 &rarr; <strong>1351</strong><br />(-24 for losing)\n|raw|Indeedee Follow's rating: 1313 &rarr; <strong>1337</strong><br />(+24 for winning)\n|l|\u2606Cello L.\n|player|p1|\n|l|\u2606Indeedee Follow\n|player|p2|\n|j|\u2606Indeedee Follow\n|player|p2|Indeedee Follow|winona|\n|l|\u2606Indeedee Follow\n|player|p2|\n","uploadtime":1768099309,"views":13,"formatid":"gen9vgc2026regi","rating":1337,"private":0,"password":null}