{"id":"gen9vgc2026regi-2545990072","format":"[Gen 9] VGC 2026 Reg I","players":["fogdocker","Darknight918"],"log":"|j|\u2606fogdocker\n|j|\u2606Darknight918\n|t:|1771910095\n|gametype|doubles\n|player|p1|fogdocker|265|1521\n|player|p2|Darknight918|will|1455\n|gen|9\n|tier|[Gen 9] VGC 2026 Reg I\n|rated|\n|rule|Species Clause: Limit one of each Pok\u00e9mon\n|rule|Item Clause: Limit 1 of each item\n|clearpoke\n|poke|p1|Calyrex-Ice, L50|\n|poke|p1|Koraidon, L50|\n|poke|p1|Flutter Mane, L50|\n|poke|p1|Incineroar, L50, F|\n|poke|p1|Rillaboom, L50, M|\n|poke|p1|Volcarona, L50, F|\n|poke|p2|Miraidon, L50|\n|poke|p2|Lunala, L50|\n|poke|p2|Whimsicott, L50, F|\n|poke|p2|Urshifu-*, L50, F|\n|poke|p2|Incineroar, L50, M|\n|poke|p2|Ursaluna, L50, F|\n|teampreview|4\n|\n|t:|1771910154\n|teamsize|p1|4\n|teamsize|p2|4\n|start\n|switch|p1a: Incineroar|Incineroar, L50, F|100/100\n|switch|p1b: Calyrex|Calyrex-Ice, L50|100/100\n|switch|p2a: Lunala|Lunala, L50|100/100\n|switch|p2b: Incineroar|Incineroar, L50, M|100/100\n|-ability|p1b: Calyrex|As One\n|-ability|p1b: Calyrex|Unnerve\n|-ability|p2b: Incineroar|Intimidate|boost\n|-unboost|p1a: Incineroar|atk|1\n|-unboost|p1b: Calyrex|atk|1\n|-ability|p1a: Incineroar|Intimidate|boost\n|-unboost|p2a: Lunala|atk|1\n|-unboost|p2b: Incineroar|atk|1\n|turn|1\n|\n|t:|1771910170\n|switch|p1a: Rillaboom|Rillaboom, L50, M|100/100\n|-fieldstart|move: Grassy Terrain|[from] ability: Grassy Surge|[of] p1a: Rillaboom\n|move|p1b: Calyrex|Protect|p1b: Calyrex\n|-singleturn|p1b: Calyrex|Protect\n|move|p2a: Lunala|Moongeist Beam|p1b: Calyrex\n|-activate|p1b: Calyrex|move: Protect\n|move|p2b: Incineroar|U-turn|p1a: Rillaboom\n|-supereffective|p1a: Rillaboom\n|-damage|p1a: Rillaboom|70/100\n|\n|t:|1771910187\n|switch|p2b: Ursaluna|Ursaluna, L50, F|100/100|[from] U-turn\n|\n|-heal|p1a: Rillaboom|76/100|[from] Grassy Terrain\n|-status|p2b: Ursaluna|brn|[from] item: Flame Orb\n|upkeep\n|turn|2\n|\n|t:|1771910198\n|move|p2b: Ursaluna|Protect|p2b: Ursaluna\n|-singleturn|p2b: Ursaluna|Protect\n|move|p1a: Rillaboom|U-turn|p2a: Lunala\n|-damage|p2a: Lunala|91/100\n|\n|t:|1771910206\n|switch|p1a: Incineroar|Incineroar, L50, F|100/100|[from] U-turn\n|-ability|p1a: Incineroar|Intimidate|boost\n|-unboost|p2a: Lunala|atk|1\n|-unboost|p2b: Ursaluna|atk|1\n|move|p1b: Calyrex|Leech Seed|p2a: Lunala\n|-start|p2a: Lunala|move: Leech Seed\n|move|p2a: Lunala|Trick Room|p2a: Lunala\n|-fieldstart|move: Trick Room|[of] p2a: Lunala\n|\n|-heal|p2a: Lunala|97/100|[from] Grassy Terrain\n|-damage|p2a: Lunala|85/100|[from] Leech Seed|[of] p1b: Calyrex\n|-damage|p2b: Ursaluna|94/100 brn|[from] brn\n|upkeep\n|turn|3\n|\n|t:|1771910221\n|switch|p2a: Incineroar|Incineroar, L50, M|100/100\n|-ability|p2a: Incineroar|Intimidate|boost\n|-unboost|p1a: Incineroar|atk|1\n|-unboost|p1b: Calyrex|atk|1\n|-terastallize|p2b: Ursaluna|Ghost\n|move|p1b: Calyrex|Glacial Lance|p2a: Incineroar|[spread] p2a,p2b\n|-resisted|p2a: Incineroar\n|-crit|p2b: Ursaluna\n|-damage|p2a: Incineroar|90/100\n|-damage|p2b: Ursaluna|39/100 brn\n|move|p2b: Ursaluna|Facade|p1b: Calyrex\n|-damage|p1b: Calyrex|57/100\n|move|p1a: Incineroar|Knock Off|p2a: Incineroar\n|-resisted|p2a: Incineroar\n|-crit|p2a: Incineroar\n|-damage|p2a: Incineroar|65/100\n|-enditem|p2a: Incineroar|Assault Vest|[from] move: Knock Off|[of] p1a: Incineroar\n|\n|-heal|p1b: Calyrex|63/100|[from] Grassy Terrain\n|-heal|p1b: Calyrex|69/100|[from] item: Leftovers\n|-heal|p2b: Ursaluna|45/100 brn|[from] Grassy Terrain\n|-heal|p2a: Incineroar|71/100|[from] Grassy Terrain\n|-damage|p2b: Ursaluna|39/100 brn|[from] brn\n|upkeep\n|turn|4\n|\n|t:|1771910252\n|move|p2a: Incineroar|Fake Out|p1b: Calyrex\n|-damage|p1b: Calyrex|62/100\n|cant|p1b: Calyrex|flinch\n|move|p2b: Ursaluna|Headlong Rush|p1a: Incineroar\n|-supereffective|p1a: Incineroar\n|-damage|p1a: Incineroar|0 fnt\n|-unboost|p2b: Ursaluna|def|1\n|-unboost|p2b: Ursaluna|spd|1\n|faint|p1a: Incineroar\n|\n|-heal|p1b: Calyrex|68/100|[from] Grassy Terrain\n|-heal|p1b: Calyrex|74/100|[from] item: Leftovers\n|-heal|p2b: Ursaluna|45/100 brn|[from] Grassy Terrain\n|-heal|p2a: Incineroar|77/100|[from] Grassy Terrain\n|-damage|p2b: Ursaluna|39/100 brn|[from] brn\n|upkeep\n|\n|t:|1771910260\n|switch|p1a: Rillaboom|Rillaboom, L50, M|76/100\n|turn|5\n|\n|t:|1771910284\n|move|p2b: Ursaluna|Protect|p2b: Ursaluna\n|-singleturn|p2b: Ursaluna|Protect\n|move|p1b: Calyrex|Glacial Lance|p2b: Ursaluna|[spread] p2a\n|-activate|p2b: Ursaluna|move: Protect\n|-resisted|p2a: Incineroar\n|-damage|p2a: Incineroar|67/100\n|move|p2a: Incineroar|U-turn|p1a: Rillaboom\n|-supereffective|p1a: Rillaboom\n|-damage|p1a: Rillaboom|36/100\n|\n|t:|1771910292\n|switch|p2a: Lunala|Lunala, L50|85/100|[from] U-turn\n|move|p1a: Rillaboom|U-turn|p2a: Lunala\n|-damage|p2a: Lunala|65/100\n|\n|t:|1771910298\n|switch|p1a: Koraidon|Koraidon, L50|100/100|[from] U-turn\n|-weather|SunnyDay|[from] ability: Orichalcum Pulse|[of] p1a: Koraidon\n|-activate|p1a: Koraidon|Orichalcum Pulse|[source]\n|\n|-weather|SunnyDay|[upkeep]\n|-heal|p1b: Calyrex|80/100|[from] Grassy Terrain\n|-heal|p1b: Calyrex|86/100|[from] item: Leftovers\n|-heal|p2b: Ursaluna|45/100 brn|[from] Grassy Terrain\n|-heal|p2a: Lunala|71/100|[from] Grassy Terrain\n|-damage|p2b: Ursaluna|39/100 brn|[from] brn\n|-fieldend|move: Grassy Terrain\n|upkeep\n|turn|6\n|\n|t:|1771910313\n|move|p1b: Calyrex|Protect|p1b: Calyrex\n|-singleturn|p1b: Calyrex|Protect\n|move|p1a: Koraidon|Protect|p1a: Koraidon\n|-singleturn|p1a: Koraidon|Protect\n|move|p2a: Lunala|Wide Guard|p2a: Lunala\n|-singleturn|p2a: Lunala|Wide Guard\n|move|p2b: Ursaluna|Facade|p1a: Koraidon\n|-activate|p1a: Koraidon|move: Protect\n|\n|-weather|SunnyDay|[upkeep]\n|-heal|p1b: Calyrex|91/100|[from] item: Leftovers\n|-damage|p2b: Ursaluna|33/100 brn|[from] brn\n|-fieldend|move: Trick Room\n|upkeep\n|turn|7\n|\n|t:|1771910335\n|switch|p2b: Incineroar|Incineroar, L50, M|67/100\n|-ability|p2b: Incineroar|Intimidate|boost\n|-unboost|p1a: Koraidon|atk|1\n|-unboost|p1b: Calyrex|atk|1\n|-terastallize|p1a: Koraidon|Fire\n|move|p1a: Koraidon|Flare Blitz|p2b: Incineroar\n|-resisted|p2b: Incineroar\n|-damage|p2b: Incineroar|19/100\n|-damage|p1a: Koraidon|82/100|[from] Recoil\n|-damage|p1a: Koraidon|72/100|[from] item: Life Orb\n|move|p2a: Lunala|Moongeist Beam|p1b: Calyrex\n|-supereffective|p1b: Calyrex\n|-damage|p1b: Calyrex|18/100\n|move|p1b: Calyrex|Leech Seed|p2a: Lunala\n|-start|p2a: Lunala|move: Leech Seed\n|\n|-weather|SunnyDay|[upkeep]\n|-heal|p1b: Calyrex|24/100|[from] item: Leftovers\n|-damage|p2a: Lunala|59/100|[from] Leech Seed|[of] p1b: Calyrex\n|-heal|p1b: Calyrex|38/100|[silent]\n|upkeep\n|turn|8\n|\n|t:|1771910360\n|switch|p2a: Ursaluna|Ursaluna, L50, F, tera:Ghost|33/100 brn\n|move|p1a: Koraidon|Protect|p1a: Koraidon\n|-singleturn|p1a: Koraidon|Protect\n|move|p2b: Incineroar|Fake Out|p1a: Koraidon\n|-activate|p1a: Koraidon|move: Protect\n|move|p1b: Calyrex|Glacial Lance|p2a: Ursaluna|[spread] p2a,p2b\n|-resisted|p2b: Incineroar\n|-damage|p2a: Ursaluna|17/100 brn\n|-damage|p2b: Incineroar|11/100\n|\n|-weather|SunnyDay|[upkeep]\n|-heal|p1b: Calyrex|44/100|[from] item: Leftovers\n|-damage|p2a: Ursaluna|11/100 brn|[from] brn\n|upkeep\n|turn|9\n|\n|t:|1771910387\n|move|p2a: Ursaluna|Protect|p2a: Ursaluna\n|-singleturn|p2a: Ursaluna|Protect\n|move|p1a: Koraidon|Flame Charge|p2a: Ursaluna\n|-activate|p2a: Ursaluna|move: Protect\n|move|p2b: Incineroar|U-turn|p1b: Calyrex\n|-supereffective|p1b: Calyrex\n|-damage|p1b: Calyrex|21/100\n|\n|t:|1771910395\n|switch|p2b: Lunala|Lunala, L50|59/100|[from] U-turn\n|move|p1b: Calyrex|Glacial Lance|p2a: Ursaluna|[spread] p2b\n|-activate|p2a: Ursaluna|move: Protect\n|-damage|p2b: Lunala|43/100\n|\n|-weather|none\n|-heal|p1b: Calyrex|27/100|[from] item: Leftovers\n|-damage|p2a: Ursaluna|5/100 brn|[from] brn\n|upkeep\n|turn|10\n|\n|t:|1771910418\n|switch|p2a: Incineroar|Incineroar, L50, M|11/100\n|-ability|p2a: Incineroar|Intimidate|boost\n|-unboost|p1a: Koraidon|atk|1\n|-unboost|p1b: Calyrex|atk|1\n|move|p1a: Koraidon|Protect|p1a: Koraidon\n|-singleturn|p1a: Koraidon|Protect\n|move|p1b: Calyrex|Protect|p1b: Calyrex\n|-singleturn|p1b: Calyrex|Protect\n|move|p2b: Lunala|Moongeist Beam|p1b: Calyrex\n|-activate|p1b: Calyrex|move: Protect\n|\n|-heal|p1b: Calyrex|32/100|[from] item: Leftovers\n|upkeep\n|turn|11\n|\n|t:|1771910425\n|switch|p1a: Rillaboom|Rillaboom, L50, M|36/100\n|-fieldstart|move: Grassy Terrain|[from] ability: Grassy Surge|[of] p1a: Rillaboom\n|move|p2a: Incineroar|Fake Out|p1a: Rillaboom\n|-damage|p1a: Rillaboom|25/100\n|move|p2b: Lunala|Moongeist Beam|p1b: Calyrex\n|-supereffective|p1b: Calyrex\n|-damage|p1b: Calyrex|0 fnt\n|faint|p1b: Calyrex\n|\n|-heal|p2b: Lunala|49/100|[from] Grassy Terrain\n|-heal|p1a: Rillaboom|31/100|[from] Grassy Terrain\n|-heal|p2a: Incineroar|17/100|[from] Grassy Terrain\n|upkeep\n|\n|t:|1771910432\n|switch|p1b: Koraidon|Koraidon, L50, tera:Fire|72/100\n|-weather|SunnyDay|[from] ability: Orichalcum Pulse|[of] p1b: Koraidon\n|-activate|p1b: Koraidon|Orichalcum Pulse|[source]\n|turn|12\n|\n|t:|1771910439\n|switch|p2a: Ursaluna|Ursaluna, L50, F, tera:Ghost|5/100 brn\n|move|p1a: Rillaboom|Fake Out|p2a: Ursaluna\n|-immune|p2a: Ursaluna\n|move|p1b: Koraidon|Flare Blitz|p2b: Lunala\n|-damage|p2b: Lunala|0 fnt\n|faint|p2b: Lunala\n|-damage|p1b: Koraidon|51/100|[from] Recoil\n|-damage|p1b: Koraidon|41/100|[from] item: Life Orb\n|\n|-weather|SunnyDay|[upkeep]\n|-heal|p1b: Koraidon|47/100|[from] Grassy Terrain\n|-heal|p1a: Rillaboom|37/100|[from] Grassy Terrain\n|-heal|p2a: Ursaluna|11/100 brn|[from] Grassy Terrain\n|-damage|p2a: Ursaluna|5/100 brn|[from] brn\n|upkeep\n|\n|t:|1771910443\n|switch|p2b: Miraidon|Miraidon, L50|100/100\n|-fieldstart|move: Electric Terrain|[from] ability: Hadron Engine|[of] p2b: Miraidon\n|turn|13\n|\n|t:|1771910449\n|switch|p2a: Incineroar|Incineroar, L50, M|17/100\n|-ability|p2a: Incineroar|Intimidate|boost\n|-unboost|p1a: Rillaboom|atk|1\n|-unboost|p1b: Koraidon|atk|1\n|move|p1b: Koraidon|Close Combat|p2b: Miraidon\n|-damage|p2b: Miraidon|27/100\n|-unboost|p1b: Koraidon|def|1\n|-unboost|p1b: Koraidon|spd|1\n|-damage|p1b: Koraidon|37/100|[from] item: Life Orb\n|move|p2b: Miraidon|Electro Drift|p1b: Koraidon\n|-damage|p1b: Koraidon|0 fnt\n|faint|p1b: Koraidon\n|move|p1a: Rillaboom|Grassy Glide|p2a: Incineroar\n|-resisted|p2a: Incineroar\n|-damage|p2a: Incineroar|10/100\n|\n|-weather|SunnyDay|[upkeep]\n|upkeep\n|turn|14\n|\n|t:|1771910463\n|move|p2b: Miraidon|Electro Drift|p1a: Rillaboom\n|-resisted|p1a: Rillaboom\n|-damage|p1a: Rillaboom|0 fnt\n|faint|p1a: Rillaboom\n|\n|win|Darknight918\n|raw|fogdocker's rating: 1521 &rarr; <strong>1497</strong><br />(-24 for losing)\n|raw|Darknight918's rating: 1455 &rarr; <strong>1479</strong><br />(+24 for winning)\n|l|\u2606Darknight918\n|player|p2|\n","uploadtime":1771910717,"views":17,"formatid":"gen9vgc2026regi","rating":1479,"private":0,"password":null}