{"id":"gen9vgc2026regi-2559635248","format":"[Gen 9] VGC 2026 Reg I","players":["lilcardscammer","Lacossg"],"log":"|j|\u2606lilcardscammer\n|j|\u2606Lacossg\n|t:|1773594469\n|gametype|doubles\n|player|p1|lilcardscammer|waitress-gen4|1449\n|player|p2|Lacossg|2|1522\n|gen|9\n|tier|[Gen 9] VGC 2026 Reg I\n|rated|\n|rule|Species Clause: Limit one of each Pok\u00e9mon\n|rule|Item Clause: Limit 1 of each item\n|clearpoke\n|poke|p1|Calyrex-Ice, L50|\n|poke|p1|Miraidon, L50|\n|poke|p1|Grimmsnarl, L50, M|\n|poke|p1|Urshifu-*, L50, F|\n|poke|p1|Incineroar, L50, M|\n|poke|p1|Landorus, L50, M|\n|poke|p2|Zacian-*, L50|\n|poke|p2|Iron Valiant, L50|\n|poke|p2|Tyranitar, L50, F|\n|poke|p2|Zamazenta-*, L50|\n|poke|p2|Landorus, L50, M|\n|poke|p2|Tornadus, L50, M|\n|teampreview|4\n|inactive|Battle timer is ON: inactive players will automatically lose when time's up. (requested by lilcardscammer)\n|\n|t:|1773594498\n|teamsize|p1|4\n|teamsize|p2|4\n|start\n|switch|p1a: Calyrex|Calyrex-Ice, L50|100/100\n|switch|p1b: Grimmsnarl|Grimmsnarl, L50, M|100/100\n|switch|p2a: Zacian|Zacian-Crowned, L50|100/100\n|switch|p2b: Landorus|Landorus, L50, M|100/100\n|-ability|p1a: Calyrex|As One\n|-ability|p1a: Calyrex|Unnerve\n|-ability|p2a: Zacian|Intrepid Sword|boost\n|-boost|p2a: Zacian|atk|1\n|turn|1\n|\n|t:|1773594522\n|move|p1a: Calyrex|Protect|p1a: Calyrex\n|-singleturn|p1a: Calyrex|Protect\n|move|p1b: Grimmsnarl|Thunder Wave|p2a: Zacian\n|-status|p2a: Zacian|par\n|move|p2b: Landorus|Sludge Bomb|p1a: Calyrex\n|-activate|p1a: Calyrex|move: Protect\n|move|p2a: Zacian|Behemoth Blade|p1a: Calyrex\n|-activate|p1a: Calyrex|move: Protect\n|\n|upkeep\n|turn|2\n|\n|t:|1773594543\n|-terastallize|p1a: Calyrex|Fire\n|move|p1b: Grimmsnarl|Light Screen|p1b: Grimmsnarl\n|-sidestart|p1: lilcardscammer|move: Light Screen\n|move|p2b: Landorus|Sludge Bomb|p1a: Calyrex\n|-damage|p1a: Calyrex|81/100\n|move|p2a: Zacian|Behemoth Blade|p1a: Calyrex\n|-resisted|p1a: Calyrex\n|-damage|p1a: Calyrex|57/100\n|move|p1a: Calyrex|Glacial Lance|p2b: Landorus|[spread] p2a,p2b\n|-resisted|p2a: Zacian\n|-crit|p2a: Zacian\n|-supereffective|p2b: Landorus\n|-damage|p2a: Zacian|67/100 par\n|-damage|p2b: Landorus|0 fnt\n|faint|p2b: Landorus\n|-ability|p1a: Calyrex|Chilling Neigh|boost\n|-boost|p1a: Calyrex|atk|1\n|\n|upkeep\n|\n|t:|1773594553\n|switch|p2b: Zamazenta|Zamazenta-Crowned, L50|100/100\n|-ability|p2b: Zamazenta|Dauntless Shield|boost\n|-boost|p2b: Zamazenta|def|1\n|turn|3\n|\n|t:|1773594562\n|-terastallize|p2a: Zacian|Ground\n|move|p1b: Grimmsnarl|Thunder Wave|p2b: Zamazenta\n|-status|p2b: Zamazenta|par\n|cant|p2a: Zacian|par\n|cant|p2b: Zamazenta|par\n|move|p1a: Calyrex|Leech Seed|p2b: Zamazenta\n|-start|p2b: Zamazenta|move: Leech Seed\n|\n|-damage|p2b: Zamazenta|88/100 par|[from] Leech Seed|[of] p1a: Calyrex\n|-heal|p1a: Calyrex|68/100|[silent]\n|upkeep\n|turn|4\n|\n|t:|1773594572\n|move|p1b: Grimmsnarl|Reflect|p1b: Grimmsnarl\n|-sidestart|p1: lilcardscammer|Reflect\n|cant|p2a: Zacian|par\n|move|p2b: Zamazenta|Body Press|p1b: Grimmsnarl\n|-damage|p1b: Grimmsnarl|53/100\n|move|p1a: Calyrex|Leech Seed|p2a: Zacian\n|-start|p2a: Zacian|move: Leech Seed\n|\n|-damage|p2a: Zacian|54/100 par|[from] Leech Seed|[of] p1a: Calyrex\n|-heal|p1a: Calyrex|78/100|[silent]\n|-damage|p2b: Zamazenta|76/100 par|[from] Leech Seed|[of] p1a: Calyrex\n|-heal|p1a: Calyrex|90/100|[silent]\n|upkeep\n|turn|5\n|\n|t:|1773594584\n|switch|p1b: Incineroar|Incineroar, L50, M|100/100\n|-ability|p1b: Incineroar|Intimidate|boost\n|-unboost|p2a: Zacian|atk|1\n|-unboost|p2b: Zamazenta|atk|1\n|move|p2a: Zacian|Tera Blast|p1a: Calyrex|[anim] Tera Blast Ground\n|-supereffective|p1a: Calyrex\n|-damage|p1a: Calyrex|55/100\n|move|p2b: Zamazenta|Body Press|p1a: Calyrex\n|-damage|p1a: Calyrex|29/100\n|move|p1a: Calyrex|Glacial Lance|p2b: Zamazenta|[spread] p2a,p2b\n|-supereffective|p2a: Zacian\n|-resisted|p2b: Zamazenta\n|-damage|p2a: Zacian|0 fnt\n|-damage|p2b: Zamazenta|61/100 par\n|faint|p2a: Zacian\n|-ability|p1a: Calyrex|Chilling Neigh|boost\n|-boost|p1a: Calyrex|atk|1\n|\n|-damage|p2b: Zamazenta|49/100 par|[from] Leech Seed|[of] p1a: Calyrex\n|-heal|p1a: Calyrex|41/100|[silent]\n|upkeep\n|\n|t:|1773594594\n|switch|p2a: Tyranitar|Tyranitar, L50, F|100/100\n|-weather|Sandstorm|[from] ability: Sand Stream|[of] p2a: Tyranitar\n|turn|6\n|\n|t:|1773594606\n|move|p1a: Calyrex|Protect|p1a: Calyrex\n|-singleturn|p1a: Calyrex|Protect\n|move|p1b: Incineroar|Knock Off|p2a: Tyranitar\n|-resisted|p2a: Tyranitar\n|-damage|p2a: Tyranitar|82/100\n|-enditem|p2a: Tyranitar|Focus Sash|[from] move: Knock Off|[of] p1b: Incineroar\n|move|p2a: Tyranitar|Rock Slide|p1b: Incineroar|[spread] p1b\n|-activate|p1a: Calyrex|move: Protect\n|-supereffective|p1b: Incineroar\n|-damage|p1b: Incineroar|59/100\n|move|p2b: Zamazenta|Body Press|p1b: Incineroar\n|-supereffective|p1b: Incineroar\n|-damage|p1b: Incineroar|0 fnt\n|faint|p1b: Incineroar\n|\n|-weather|Sandstorm|[upkeep]\n|-damage|p1a: Calyrex|35/100|[from] Sandstorm\n|-damage|p2b: Zamazenta|37/100 par|[from] Leech Seed|[of] p1a: Calyrex\n|-heal|p1a: Calyrex|46/100|[silent]\n|upkeep\n|\n|t:|1773594613\n|switch|p1b: Miraidon|Miraidon, L50|100/100\n|-fieldstart|move: Electric Terrain|[from] ability: Hadron Engine|[of] p1b: Miraidon\n|turn|7\n|\n|t:|1773594634\n|move|p2b: Zamazenta|Wide Guard|p2b: Zamazenta\n|-singleturn|p2b: Zamazenta|Wide Guard\n|move|p1b: Miraidon|Electro Drift|p2a: Tyranitar\n|-damage|p2a: Tyranitar|0 fnt\n|faint|p2a: Tyranitar\n|move|p1a: Calyrex|Leech Seed||[still]\n|-fail|p1a: Calyrex\n|\n|-weather|Sandstorm|[upkeep]\n|-damage|p1b: Miraidon|95/100|[from] Sandstorm\n|-damage|p1a: Calyrex|41/100|[from] Sandstorm\n|-damage|p2b: Zamazenta|25/100 par|[from] Leech Seed|[of] p1a: Calyrex\n|-heal|p1a: Calyrex|52/100|[silent]\n|upkeep\n|turn|8\n|-message|Lacossg forfeited.\n|\n|win|lilcardscammer\n|raw|lilcardscammer's rating: 1449 &rarr; <strong>1473</strong><br />(+24 for winning)\n|raw|Lacossg's rating: 1522 &rarr; <strong>1498</strong><br />(-24 for losing)\n|l|\u2606Lacossg\n|player|p2|\n|l|\u2606lilcardscammer\n|player|p1|\n","uploadtime":1773594803,"views":13,"formatid":"gen9vgc2026regi","rating":1473,"private":0,"password":null}