{"id":"gen9vgc2026regi-2570101006","format":"[Gen 9] VGC 2026 Reg I","players":["nylewong","smartyff"],"log":"|j|\u2606nylewong\n|j|\u2606smartyff\n|t:|1774770484\n|gametype|doubles\n|player|p1|nylewong|akari|\n|player|p2|smartyff|266|\n|gen|9\n|tier|[Gen 9] VGC 2026 Reg I\n|rated|Tournament battle\n|rule|Species Clause: Limit one of each Pok\u00e9mon\n|rule|Item Clause: Limit 1 of each item\n|raw|<div class=\"infobox\"><details class=\"readmore\" open><summary><strong>3 custom rules:</strong></summary> Open Team Sheets, Force Open Team Sheets, !Open Team Sheets</details></div>\n|clearpoke\n|poke|p1|Lunala, L50|\n|poke|p1|Smeargle, L50, M|\n|poke|p1|Tornadus, L50, M|\n|poke|p1|Incineroar, L50, F|\n|poke|p1|Koraidon, L50|\n|poke|p1|Rillaboom, L50, F|\n|poke|p2|Calyrex-Ice, L50|\n|poke|p2|Amoonguss, L50, F|\n|poke|p2|Pelipper, L50, F|\n|poke|p2|Zamazenta-*, L50|\n|poke|p2|Urshifu-*, L50, M|\n|poke|p2|Flutter Mane, L50|\n|teampreview|4\n|showteam|p1|Lunala||Leftovers|ShadowShield|Protect,CalmMind,Moonblast,MoongeistBeam||||||50|,,,,,Fairy]Smeargle||FocusSash|Moody|Spore,Decorate,SpikyShield,FollowMe|||M|||50|,,,,,Grass]Tornadus||SkyPlate|Prankster|Protect,BleakwindStorm,Taunt,Tailwind|||M|||50|,,,,,Dark]Incineroar||SafetyGoggles|Intimidate|KnockOff,FlareBlitz,FakeOut,PartingShot|||F|||50|,,,,,Bug]Koraidon||LifeOrb|OrichalcumPulse|Protect,CloseCombat,FlareBlitz,DragonClaw||||||50|,,,,,Fire]Rillaboom||AssaultVest|GrassySurge|WoodHammer,GrassyGlide,FakeOut,Uturn|||F|||50|,,,,,Fire\n|showteam|p2|Calyrex-Ice||NeverMeltIce|AsOneGlastrier|TrickRoom,GlacialLance,HighHorsepower,Protect||||||50|,,,,,Fairy]Amoonguss||RockyHelmet|Regenerator|Spore,RagePowder,PollenPuff,Protect|||F|||50|,,,,,Water]Pelipper||FocusSash|Drizzle|WeatherBall,Hurricane,WideGuard,Protect|||F|||50|,,,,,Ghost]Zamazenta-Crowned||RustedShield|DauntlessShield|BodyPress,behemothbash,WideGuard,Protect||||||50|,,,,,Grass]Urshifu-Rapid-Strike||ChoiceScarf|UnseenFist|SurgingStrikes,CloseCombat,Uturn,Coaching|||M|||50|,,,,,Water]Flutter Mane||BoosterEnergy|Protosynthesis|Moonblast,Taunt,IcyWind,Protect||||||50|,,,,,Normal\n|j| fowlenjoyer\n|j| Noobilio\n|inactive|Battle timer is ON: inactive players will automatically lose when time's up. (requested by smartyff)\n|j| aurora ltd\n|l| Noobilio\n|j| GoogleDad\n|j| TailwindWickedBlow\n|j| biludbilud\n|inactive|nylewong has 60 seconds left.\n|l| TailwindWickedBlow\n|l| biludbilud\n|j| biludbilud\n|\n|t:|1774770556\n|teamsize|p1|4\n|teamsize|p2|4\n|start\n|switch|p1a: Lunala|Lunala, L50|100/100\n|switch|p1b: Rillaboom|Rillaboom, L50, F|100/100\n|switch|p2a: Calyrex|Calyrex-Ice, L50|100/100\n|switch|p2b: Flutter Mane|Flutter Mane, L50, shiny|100/100\n|-ability|p2a: Calyrex|As One\n|-ability|p2a: Calyrex|Unnerve\n|-fieldstart|move: Grassy Terrain|[from] ability: Grassy Surge|[of] p1b: Rillaboom\n|-enditem|p2b: Flutter Mane|Booster Energy\n|-activate|p2b: Flutter Mane|ability: Protosynthesis|[fromitem]\n|-start|p2b: Flutter Mane|protosynthesisspe\n|turn|1\n|\n|t:|1774770570\n|switch|p1b: Incineroar|Incineroar, L50, F|100/100\n|-ability|p1b: Incineroar|Intimidate|boost\n|-unboost|p2a: Calyrex|atk|1\n|-unboost|p2b: Flutter Mane|atk|1\n|-terastallize|p2a: Calyrex|Fairy\n|move|p2b: Flutter Mane|Taunt|p1a: Lunala\n|-start|p1a: Lunala|move: Taunt\n|move|p1a: Lunala|Moongeist Beam|p2b: Flutter Mane\n|-supereffective|p2b: Flutter Mane\n|-damage|p2b: Flutter Mane|7/100\n|move|p2a: Calyrex|Glacial Lance|p1a: Lunala|[spread] p1a,p1b\n|-resisted|p1b: Incineroar\n|-damage|p1a: Lunala|84/100\n|-damage|p1b: Incineroar|81/100\n|\n|-heal|p2b: Flutter Mane|13/100|[from] Grassy Terrain\n|-heal|p1a: Lunala|90/100|[from] Grassy Terrain\n|-heal|p1a: Lunala|97/100|[from] item: Leftovers\n|-heal|p1b: Incineroar|87/100|[from] Grassy Terrain\n|upkeep\n|turn|2\n|\n|t:|1774770593\n|switch|p2a: Zamazenta|Zamazenta-Crowned, L50, shiny|100/100\n|-ability|p2a: Zamazenta|Dauntless Shield|boost\n|-boost|p2a: Zamazenta|def|1\n|move|p2b: Flutter Mane|Moonblast|p1a: Lunala\n|-damage|p1a: Lunala|67/100\n|move|p1a: Lunala|Moongeist Beam|p2b: Flutter Mane\n|-supereffective|p2b: Flutter Mane\n|-damage|p2b: Flutter Mane|0 fnt\n|faint|p2b: Flutter Mane\n|-end|p2b: Flutter Mane|Protosynthesis|[silent]\n|move|p1b: Incineroar|Parting Shot|p2a: Zamazenta\n|-unboost|p2a: Zamazenta|atk|1\n|-unboost|p2a: Zamazenta|spa|1\n|\n|t:|1774770612\n|switch|p1b: Tornadus|Tornadus, L50, M|100/100|[from] Parting Shot\n|\n|-heal|p1a: Lunala|73/100|[from] Grassy Terrain\n|-heal|p1a: Lunala|79/100|[from] item: Leftovers\n|upkeep\n|\n|t:|1774770627\n|switch|p2b: Calyrex|Calyrex-Ice, L50, tera:Fairy|100/100\n|-ability|p2b: Calyrex|As One\n|-ability|p2b: Calyrex|Unnerve\n|turn|3\n|j| VGCLTJT ido\n|inactive|nylewong has 30 seconds left.\n|l| fowlenjoyer\n|\n|t:|1774770655\n|switch|p1a: Incineroar|Incineroar, L50, F|87/100\n|-ability|p1a: Incineroar|Intimidate|boost\n|-unboost|p2a: Zamazenta|atk|1\n|-unboost|p2b: Calyrex|atk|1\n|move|p2a: Zamazenta|Body Press|p1a: Incineroar\n|-supereffective|p1a: Incineroar\n|-damage|p1a: Incineroar|0 fnt\n|faint|p1a: Incineroar\n|move|p1b: Tornadus|Bleakwind Storm|p2a: Zamazenta|[spread] p2b\n|-miss|p1b: Tornadus|p2a: Zamazenta\n|-damage|p2b: Calyrex|75/100\n|move|p2b: Calyrex|Glacial Lance|p1b: Tornadus\n|-supereffective|p1b: Tornadus\n|-damage|p1b: Tornadus|0 fnt\n|faint|p1b: Tornadus\n|-ability|p2b: Calyrex|Chilling Neigh|boost\n|-boost|p2b: Calyrex|atk|1\n|\n|-heal|p2b: Calyrex|81/100|[from] Grassy Terrain\n|upkeep\n|\n|t:|1774770667\n|switch|p1b: Lunala|Lunala, L50|79/100\n|switch|p1a: Rillaboom|Rillaboom, L50, F|100/100\n|turn|4\n|j| Noobilio\n|inactive|smartyff has 30 seconds left.\n|\n|t:|1774770697\n|switch|p2b: Pelipper|Pelipper, L50, F, shiny|100/100\n|-weather|RainDance|[from] ability: Drizzle|[of] p2b: Pelipper\n|-terastallize|p1a: Rillaboom|Fire\n|move|p1a: Rillaboom|Fake Out|p2a: Zamazenta\n|-resisted|p2a: Zamazenta\n|-damage|p2a: Zamazenta|98/100\n|cant|p2a: Zamazenta|flinch\n|move|p1b: Lunala|Calm Mind|p1b: Lunala\n|-boost|p1b: Lunala|spa|1\n|-boost|p1b: Lunala|spd|1\n|\n|-weather|RainDance|[upkeep]\n|-heal|p2a: Zamazenta|100/100|[from] Grassy Terrain\n|-heal|p1b: Lunala|85/100|[from] Grassy Terrain\n|-heal|p1b: Lunala|92/100|[from] item: Leftovers\n|upkeep\n|turn|5\n|l| VGCLTJT ido\n|\n|t:|1774770710\n|move|p1a: Rillaboom|Grassy Glide|p2b: Pelipper\n|-damage|p2b: Pelipper|52/100\n|move|p2a: Zamazenta|Body Press|p1a: Rillaboom\n|-damage|p1a: Rillaboom|34/100\n|move|p1b: Lunala|Moongeist Beam|p2b: Pelipper\n|-damage|p2b: Pelipper|0 fnt\n|faint|p2b: Pelipper\n|\n|-weather|RainDance|[upkeep]\n|-heal|p1b: Lunala|98/100|[from] Grassy Terrain\n|-heal|p1b: Lunala|100/100|[from] item: Leftovers\n|-heal|p1a: Rillaboom|40/100|[from] Grassy Terrain\n|-fieldend|move: Grassy Terrain\n|upkeep\n|\n|t:|1774770721\n|switch|p2b: Calyrex|Calyrex-Ice, L50, tera:Fairy|81/100\n|-ability|p2b: Calyrex|As One\n|-ability|p2b: Calyrex|Unnerve\n|turn|6\n|j| TailwindWickedBlow\n|\n|t:|1774770734\n|move|p2b: Calyrex|Protect|p2b: Calyrex\n|-singleturn|p2b: Calyrex|Protect\n|move|p2a: Zamazenta|Body Press|p1a: Rillaboom\n|-damage|p1a: Rillaboom|0 fnt\n|faint|p1a: Rillaboom\n|move|p1b: Lunala|Moongeist Beam|p2b: Calyrex\n|-activate|p2b: Calyrex|move: Protect\n|\n|-weather|RainDance|[upkeep]\n|upkeep\n|turn|7\n|\n|t:|1774770740\n|move|p2a: Zamazenta|Behemoth Bash|p1b: Lunala\n|-damage|p1b: Lunala|93/100\n|move|p1b: Lunala|Moongeist Beam|p2b: Calyrex\n|-damage|p2b: Calyrex|28/100\n|move|p2b: Calyrex|Glacial Lance|p1b: Lunala\n|-damage|p1b: Lunala|28/100\n|\n|-weather|RainDance|[upkeep]\n|-heal|p1b: Lunala|35/100|[from] item: Leftovers\n|upkeep\n|turn|8\n|\n|t:|1774770752\n|move|p2a: Zamazenta|Behemoth Bash|p1b: Lunala\n|-damage|p1b: Lunala|21/100\n|move|p1b: Lunala|Moongeist Beam|p2b: Calyrex\n|-damage|p2b: Calyrex|0 fnt\n|faint|p2b: Calyrex\n|\n|-weather|none\n|-heal|p1b: Lunala|27/100|[from] item: Leftovers\n|upkeep\n|turn|9\n|-message|smartyff forfeited.\n|\n|win|nylewong\n|n|\u2606nylewong|nylewong\n|n|\u2606smartyff|smartyff\n|n| aurora ltd|auroraltd\n|n| GoogleDad|googledad\n|n| biludbilud|biludbilud\n|n| Noobilio|noobilio\n|n| TailwindWickedBlow|tailwindwickedblow\n|l|\u2606smartyff\n|player|p2|\n|l| GoogleDad\n|l| Noobilio\n|l| biludbilud\n","uploadtime":1774770755,"views":23,"formatid":"gen9vgc2026regi","rating":null,"private":0,"password":null}