{"id":"gen9vgc2026regi-2580091554","format":"[Gen 9] VGC 2026 Reg I","players":["AquaQuan247","Harry Koekenpan"],"log":"|j|\u2606AquaQuan247\n|j|\u2606Harry Koekenpan\n|t:|1775853349\n|gametype|doubles\n|player|p1|AquaQuan247|101|1383\n|player|p2|Harry Koekenpan|2|1336\n|gen|9\n|tier|[Gen 9] VGC 2026 Reg I\n|rated|\n|rule|Species Clause: Limit one of each Pok\u00e9mon\n|rule|Item Clause: Limit 1 of each item\n|clearpoke\n|poke|p1|Calyrex-Shadow, L50|\n|poke|p1|Whimsicott, L50, F|\n|poke|p1|Miraidon, L50|\n|poke|p1|Chi-Yu, L50|\n|poke|p1|Iron Hands, L50|\n|poke|p1|Farigiraf, L50, F|\n|poke|p2|Weezing-Galar, L50, F|\n|poke|p2|Calyrex-Shadow, L50|\n|poke|p2|Regigigas, L50|\n|poke|p2|Koraidon, L50|\n|poke|p2|Chi-Yu, L50|\n|poke|p2|Jumpluff, L50, M|\n|teampreview|4\n|inactive|Battle timer is ON: inactive players will automatically lose when time's up. (requested by Harry Koekenpan)\n|\n|t:|1775853381\n|teamsize|p1|4\n|teamsize|p2|4\n|start\n|switch|p1a: Whimsicott|Whimsicott, L50, F|100/100\n|switch|p1b: Calyrex|Calyrex-Shadow, L50|100/100\n|switch|p2a: Weezing|Weezing-Galar, L50, F|100/100\n|switch|p2b: Regigigas|Regigigas, L50|100/100\n|-ability|p2a: Weezing|Neutralizing Gas\n|-ability|p1b: Calyrex|As One\n|-ability|p1b: Calyrex|Unnerve\n|turn|1\n|\n|t:|1775853403\n|move|p1b: Calyrex|Protect|p1b: Calyrex\n|-singleturn|p1b: Calyrex|Protect\n|move|p2b: Regigigas|Knock Off|p1b: Calyrex\n|-activate|p1b: Calyrex|move: Protect\n|move|p1a: Whimsicott|Tailwind|p1a: Whimsicott\n|-sidestart|p1: AquaQuan247|move: Tailwind\n|move|p2a: Weezing|Sludge Bomb|p1a: Whimsicott\n|-supereffective|p1a: Whimsicott\n|-damage|p1a: Whimsicott|0 fnt\n|faint|p1a: Whimsicott\n|\n|upkeep\n|\n|t:|1775853420\n|switch|p1a: Chi-Yu|Chi-Yu, L50|100/100\n|turn|2\n|\n|t:|1775853429\n|-terastallize|p1b: Calyrex|Ghost\n|-terastallize|p2a: Weezing|Dark\n|move|p1a: Chi-Yu|Overheat|p2b: Regigigas|[miss]\n|-miss|p1a: Chi-Yu|p2b: Regigigas\n|move|p1b: Calyrex|Astral Barrage|p2b: Regigigas|[spread] p2a\n|-immune|p2b: Regigigas\n|-resisted|p2a: Weezing\n|-damage|p2a: Weezing|64/100\n|move|p2b: Regigigas|Knock Off|p1b: Calyrex\n|-supereffective|p1b: Calyrex\n|-damage|p1b: Calyrex|2/100\n|-enditem|p1b: Calyrex|Focus Sash|[from] move: Knock Off|[of] p2b: Regigigas\n|move|p2a: Weezing|Poison Gas|p1b: Calyrex|[spread] p1a,p1b\n|-status|p1a: Chi-Yu|psn\n|-status|p1b: Calyrex|psn\n|\n|-damage|p1a: Chi-Yu|88/100 psn|[from] psn\n|-damage|p1b: Calyrex|0 fnt|[from] psn\n|faint|p1b: Calyrex\n|upkeep\n|\n|t:|1775853450\n|switch|p1b: Miraidon|Miraidon, L50|100/100\n|turn|3\n|\n|t:|1775853460\n|move|p2a: Weezing|Protect|p2a: Weezing\n|-singleturn|p2a: Weezing|Protect\n|move|p1a: Chi-Yu|Overheat|p2a: Weezing\n|-activate|p2a: Weezing|move: Protect\n|move|p1b: Miraidon|Electro Drift|p2b: Regigigas\n|-crit|p2b: Regigigas\n|-damage|p2b: Regigigas|0 fnt\n|faint|p2b: Regigigas\n|-end|p2b: Regigigas|Slow Start|[silent]\n|\n|-damage|p1a: Chi-Yu|76/100 psn|[from] psn\n|upkeep\n|\n|t:|1775853476\n|switch|p2b: Koraidon|Koraidon, L50|100/100\n|turn|4\n|\n|t:|1775853492\n|move|p2b: Koraidon|Protect|p2b: Koraidon\n|-singleturn|p2b: Koraidon|Protect\n|move|p1a: Chi-Yu|Overheat|p2a: Weezing\n|-damage|p2a: Weezing|0 fnt\n|-unboost|p1a: Chi-Yu|spa|2\n|faint|p2a: Weezing\n|-end|p2a: Weezing|ability: Neutralizing Gas\n|-ability|p1a: Chi-Yu|Beads of Ruin\n|-fieldstart|move: Electric Terrain|[from] ability: Hadron Engine|[of] p1b: Miraidon\n|-weather|SunnyDay|[from] ability: Orichalcum Pulse|[of] p2b: Koraidon\n|-activate|p2b: Koraidon|Orichalcum Pulse|[source]\n|move|p1b: Miraidon|Electro Drift|p2b: Koraidon\n|-activate|p2b: Koraidon|move: Protect\n|\n|-weather|SunnyDay|[upkeep]\n|-damage|p1a: Chi-Yu|64/100 psn|[from] psn\n|-sideend|p1: AquaQuan247|move: Tailwind\n|upkeep\n|\n|t:|1775853511\n|switch|p2a: Calyrex|Calyrex-Shadow, L50|100/100\n|-ability|p2a: Calyrex|As One\n|-ability|p2a: Calyrex|Unnerve\n|turn|5\n|\n|t:|1775853524\n|move|p1a: Chi-Yu|Overheat|p2a: Calyrex\n|-damage|p2a: Calyrex|23/100\n|-unboost|p1a: Chi-Yu|spa|2\n|move|p2a: Calyrex|Astral Barrage|p1a: Chi-Yu|[spread] p1a,p1b\n|-resisted|p1a: Chi-Yu\n|-damage|p1a: Chi-Yu|22/100 psn\n|-damage|p1b: Miraidon|12/100\n|-damage|p2a: Calyrex|14/100|[from] item: Life Orb\n|move|p1b: Miraidon|Electro Drift|p2b: Koraidon\n|-resisted|p2b: Koraidon\n|-damage|p2b: Koraidon|4/100\n|move|p2b: Koraidon|Collision Course|p1b: Miraidon\n|-damage|p1b: Miraidon|0 fnt\n|faint|p1b: Miraidon\n|\n|-weather|SunnyDay|[upkeep]\n|-damage|p1a: Chi-Yu|10/100 psn|[from] psn\n|upkeep\n|turn|6\n|inactive|AquaQuan247 has 30 seconds left.\n|inactive|Harry Koekenpan has 30 seconds left.\n|\n|t:|1775853552\n|move|p2a: Calyrex|Protect|p2a: Calyrex\n|-singleturn|p2a: Calyrex|Protect\n|move|p2b: Koraidon|Protect|p2b: Koraidon\n|-singleturn|p2b: Koraidon|Protect\n|move|p1a: Chi-Yu|Overheat|p2b: Koraidon\n|-activate|p2b: Koraidon|move: Protect\n|\n|-weather|SunnyDay|[upkeep]\n|-damage|p1a: Chi-Yu|0 fnt|[from] psn\n|faint|p1a: Chi-Yu\n|\n|win|Harry Koekenpan\n|raw|AquaQuan247's rating: 1383 &rarr; <strong>1360</strong><br />(-23 for losing)\n|raw|Harry Koekenpan's rating: 1336 &rarr; <strong>1359</strong><br />(+23 for winning)\n|l|\u2606AquaQuan247\n|player|p1|\n|l|\u2606Harry Koekenpan\n|player|p2|\n","uploadtime":1775853793,"views":10,"formatid":"gen9vgc2026regi","rating":1359,"private":0,"password":null}