{"id":"gen9vgc2026regi-2572374885","format":"[Gen 9] VGC 2026 Reg I","players":["markingdra","fallacy277"],"log":"|j|\u2606markingdra\n|j|\u2606fallacy277\n|t:|1775015203\n|gametype|doubles\n|player|p1|markingdra|unknown|1387\n|player|p2|fallacy277|169|1393\n|gen|9\n|tier|[Gen 9] VGC 2026 Reg I\n|rated|\n|rule|Species Clause: Limit one of each Pok\u00e9mon\n|rule|Item Clause: Limit 1 of each item\n|clearpoke\n|poke|p1|Koraidon, L50|\n|poke|p1|Calyrex-Shadow, L50|\n|poke|p1|Incineroar, L50, M|\n|poke|p1|Brute Bonnet, L50|\n|poke|p1|Raging Bolt, L50|\n|poke|p1|Landorus, L50, M|\n|poke|p2|Groudon, L50|\n|poke|p2|Zamazenta-*, L50|\n|poke|p2|Chien-Pao, L50|\n|poke|p2|Gouging Fire, L50|\n|poke|p2|Jumpluff, L50, M|\n|poke|p2|Flutter Mane, L50|\n|teampreview|4\n|inactive|Battle timer is ON: inactive players will automatically lose when time's up. (requested by fallacy277)\n|\n|t:|1775015229\n|teamsize|p1|4\n|teamsize|p2|4\n|start\n|switch|p1a: Incineroar|Incineroar, L50, M, shiny|100/100\n|switch|p1b: Brute Bonnet|Brute Bonnet, L50, shiny|100/100\n|switch|p2a: Groudon|Groudon, L50|100/100\n|switch|p2b: Flutter Mane|Flutter Mane, L50|100/100\n|-weather|SunnyDay|[from] ability: Drought|[of] p2a: Groudon\n|-activate|p2b: Flutter Mane|ability: Protosynthesis\n|-start|p2b: Flutter Mane|protosynthesisspe\n|-activate|p1b: Brute Bonnet|ability: Protosynthesis\n|-start|p1b: Brute Bonnet|protosynthesisdef\n|-ability|p1a: Incineroar|Intimidate|boost\n|-fail|p2a: Groudon|unboost|[from] item: Clear Amulet|[of] p2a: Groudon\n|-unboost|p2b: Flutter Mane|atk|1\n|turn|1\n|\n|t:|1775015239\n|-terastallize|p1b: Brute Bonnet|Water\n|move|p1a: Incineroar|Fake Out|p2a: Groudon\n|-damage|p2a: Groudon|93/100\n|move|p2b: Flutter Mane|Taunt|p1b: Brute Bonnet\n|-start|p1b: Brute Bonnet|move: Taunt\n|cant|p2a: Groudon|flinch\n|cant|p1b: Brute Bonnet|move: Taunt|Spore\n|\n|-weather|SunnyDay|[upkeep]\n|upkeep\n|turn|2\n|\n|t:|1775015257\n|move|p1b: Brute Bonnet|Sucker Punch|p2b: Flutter Mane\n|-damage|p2b: Flutter Mane|56/100\n|move|p2b: Flutter Mane|Moonblast|p1a: Incineroar\n|-damage|p1a: Incineroar|67/100\n|move|p2a: Groudon|Precipice Blades|p1a: Incineroar|[spread] p1b\n|-miss|p2a: Groudon|p1a: Incineroar\n|-damage|p1b: Brute Bonnet|77/100\n|move|p1a: Incineroar|Knock Off|p2b: Flutter Mane\n|-damage|p2b: Flutter Mane|0 fnt\n|-enditem|p2b: Flutter Mane|Sitrus Berry|[from] move: Knock Off|[of] p1a: Incineroar\n|faint|p2b: Flutter Mane\n|-end|p2b: Flutter Mane|Protosynthesis|[silent]\n|\n|-weather|SunnyDay|[upkeep]\n|upkeep\n|\n|t:|1775015273\n|switch|p2b: Chien-Pao|Chien-Pao, L50|100/100\n|-ability|p2b: Chien-Pao|Sword of Ruin\n|turn|3\n|\n|t:|1775015284\n|move|p2b: Chien-Pao|Ruination|p1b: Brute Bonnet\n|-damage|p1b: Brute Bonnet|39/100\n|move|p2a: Groudon|Precipice Blades|p1a: Incineroar|[spread] p1a,p1b\n|-supereffective|p1a: Incineroar\n|-damage|p1a: Incineroar|0 fnt\n|-damage|p1b: Brute Bonnet|5/100\n|faint|p1a: Incineroar\n|move|p1b: Brute Bonnet|Seed Bomb|p2b: Chien-Pao\n|-damage|p2b: Chien-Pao|60/100\n|\n|-weather|SunnyDay|[upkeep]\n|-end|p1b: Brute Bonnet|move: Taunt\n|upkeep\n|\n|t:|1775015291\n|switch|p1a: Koraidon|Koraidon, L50, shiny|100/100\n|-activate|p1a: Koraidon|ability: Orichalcum Pulse\n|turn|4\n|\n|t:|1775015300\n|move|p1b: Brute Bonnet|Rage Powder|p1b: Brute Bonnet\n|-singleturn|p1b: Brute Bonnet|move: Rage Powder\n|move|p2b: Chien-Pao|Icy Wind|p1a: Koraidon|[spread] p1a,p1b\n|-supereffective|p1a: Koraidon\n|-resisted|p1b: Brute Bonnet\n|-damage|p1a: Koraidon|78/100\n|-damage|p1b: Brute Bonnet|0 fnt\n|faint|p1b: Brute Bonnet\n|-end|p1b: Brute Bonnet|Protosynthesis|[silent]\n|move|p1a: Koraidon|Flame Charge|p2b: Chien-Pao\n|-supereffective|p2b: Chien-Pao\n|-damage|p2b: Chien-Pao|0 fnt\n|-boost|p1a: Koraidon|spe|1\n|faint|p2b: Chien-Pao\n|move|p2a: Groudon|Precipice Blades|p1a: Koraidon\n|-damage|p1a: Koraidon|28/100\n|\n|-weather|SunnyDay|[upkeep]\n|upkeep\n|\n|t:|1775015314\n|switch|p2b: Zamazenta|Zamazenta-Crowned, L50|100/100\n|switch|p1b: Calyrex|Calyrex-Shadow, L50|100/100\n|-ability|p1b: Calyrex|As One\n|-ability|p1b: Calyrex|Unnerve\n|-ability|p2b: Zamazenta|Dauntless Shield|boost\n|-boost|p2b: Zamazenta|def|1\n|turn|5\n|\n|t:|1775015326\n|-terastallize|p2b: Zamazenta|Dragon\n|move|p1a: Koraidon|Flare Blitz|p2a: Groudon\n|-damage|p2a: Groudon|44/100\n|-damage|p1a: Koraidon|10/100|[from] Recoil\n|move|p1b: Calyrex|Psychic|p2a: Groudon\n|-damage|p2a: Groudon|0 fnt\n|faint|p2a: Groudon\n|-ability|p1b: Calyrex|Grim Neigh|boost\n|-boost|p1b: Calyrex|spa|1\n|move|p2b: Zamazenta|Body Press|p1a: Koraidon\n|-damage|p1a: Koraidon|0 fnt\n|faint|p1a: Koraidon\n|\n|-weather|none\n|upkeep\n|turn|6\n|\n|t:|1775015339\n|move|p1b: Calyrex|Encore|p2b: Zamazenta\n|-start|p2b: Zamazenta|Encore\n|move|p2b: Zamazenta|Body Press|p1b: Calyrex\n|-immune|p1b: Calyrex\n|\n|upkeep\n|turn|7\n|-message|fallacy277 forfeited.\n|\n|win|markingdra\n|raw|markingdra's rating: 1387 &rarr; <strong>1407</strong><br />(+20 for winning)\n|raw|fallacy277's rating: 1393 &rarr; <strong>1373</strong><br />(-20 for losing)\n|l|\u2606fallacy277\n|player|p2|\n","uploadtime":1775015348,"views":18,"formatid":"gen9vgc2026regi","rating":1373,"private":0,"password":null}