{"id":"gen9vgc2026regi-2578117733","format":"[Gen 9] VGC 2026 Reg I","players":["Bobbychops","dpsicieu"],"log":"|j|\u2606Bobbychops\n|j|\u2606dpsicieu\n|t:|1775650255\n|gametype|doubles\n|player|p1|Bobbychops|brock|1082\n|player|p2|dpsicieu|266|1128\n|gen|9\n|tier|[Gen 9] VGC 2026 Reg I\n|rated|\n|rule|Species Clause: Limit one of each Pok\u00e9mon\n|rule|Item Clause: Limit 1 of each item\n|clearpoke\n|poke|p1|Miraidon, L50|\n|poke|p1|Sableye, L50, F|\n|poke|p1|Glaceon, L50, F|\n|poke|p1|Arcanine-Hisui, L50, F|\n|poke|p1|Amoonguss, L50, F|\n|poke|p1|Dragonite, L50, F|\n|poke|p2|Calyrex-Ice, L50|\n|poke|p2|Miraidon, L50|\n|poke|p2|Iron Hands, L50|\n|poke|p2|Farigiraf, L50, F|\n|poke|p2|Ursaluna-Bloodmoon, L50, M|\n|poke|p2|Torkoal, L50, M|\n|teampreview|4\n|inactive|Battle timer is ON: inactive players will automatically lose when time's up. (requested by dpsicieu)\n|\n|t:|1775650285\n|teamsize|p1|4\n|teamsize|p2|4\n|start\n|switch|p1a: Miraidon|Miraidon, L50|100/100\n|switch|p1b: Sableye|Sableye, L50, F|100/100\n|switch|p2a: Calyrex|Calyrex-Ice, L50|100/100\n|switch|p2b: Miraidon|Miraidon, L50|100/100\n|-ability|p2a: Calyrex|As One\n|-ability|p2a: Calyrex|Unnerve\n|-fieldstart|move: Electric Terrain|[from] ability: Hadron Engine|[of] p2b: Miraidon\n|-activate|p1a: Miraidon|ability: Hadron Engine\n|turn|1\n|\n|t:|1775650301\n|-terastallize|p1a: Miraidon|Electric\n|move|p1b: Sableye|Fake Out|p2b: Miraidon\n|-damage|p2b: Miraidon|94/100\n|cant|p2b: Miraidon|flinch\n|move|p1a: Miraidon|Snarl|p2b: Miraidon|[spread] p2a,p2b\n|-supereffective|p2a: Calyrex\n|-damage|p2a: Calyrex|70/100\n|-damage|p2b: Miraidon|76/100\n|-unboost|p2b: Miraidon|spa|1\n|move|p2a: Calyrex|Trick Room|p2a: Calyrex\n|-fieldstart|move: Trick Room|[of] p2a: Calyrex\n|\n|upkeep\n|turn|2\n|\n|t:|1775650321\n|switch|p2a: Iron Hands|Iron Hands, L50|100/100\n|-activate|p2a: Iron Hands|ability: Quark Drive\n|-start|p2a: Iron Hands|quarkdriveatk\n|move|p1b: Sableye|Will-O-Wisp|p2a: Iron Hands\n|-status|p2a: Iron Hands|brn\n|move|p1a: Miraidon|Electro Drift|p2b: Miraidon\n|-resisted|p2b: Miraidon\n|-damage|p2b: Miraidon|42/100\n|move|p2b: Miraidon|Volt Switch|p1b: Sableye\n|-damage|p1b: Sableye|39/100\n|\n|t:|1775650334\n|switch|p2b: Torkoal|Torkoal, L50, M|100/100|[from] Volt Switch\n|-weather|SunnyDay|[from] ability: Drought|[of] p2b: Torkoal\n|\n|-weather|SunnyDay|[upkeep]\n|-damage|p2a: Iron Hands|94/100 brn|[from] brn\n|upkeep\n|turn|3\n|\n|t:|1775650345\n|-terastallize|p2b: Torkoal|Fire\n|move|p1b: Sableye|Quash|p2a: Iron Hands\n|-activate|p2a: Iron Hands|move: Quash\n|move|p2b: Torkoal|Eruption|p1a: Miraidon|[spread] p1a,p1b\n|-damage|p1a: Miraidon|0 fnt\n|-damage|p1b: Sableye|0 fnt\n|faint|p1a: Miraidon\n|faint|p1b: Sableye\n|move|p2a: Iron Hands|Wild Charge|p1: Miraidon|[notarget]\n|-fail|p2a: Iron Hands\n|\n|-weather|SunnyDay|[upkeep]\n|-damage|p2a: Iron Hands|88/100 brn|[from] brn\n|upkeep\n|\n|t:|1775650352\n|switch|p1b: Arcanine|Arcanine-Hisui, L50, F|100/100\n|switch|p1a: Glaceon|Glaceon, L50, F|100/100\n|-ability|p1b: Arcanine|Intimidate|boost\n|-unboost|p2a: Iron Hands|atk|1\n|-unboost|p2b: Torkoal|atk|1\n|turn|4\n|\n|t:|1775650362\n|move|p2b: Torkoal|Eruption|p1a: Glaceon|[spread] p1a,p1b\n|-supereffective|p1a: Glaceon\n|-resisted|p1b: Arcanine\n|-damage|p1a: Glaceon|0 fnt\n|-damage|p1b: Arcanine|79/100\n|faint|p1a: Glaceon\n|move|p2a: Iron Hands|Drain Punch|p1b: Arcanine\n|-supereffective|p1b: Arcanine\n|-damage|p1b: Arcanine|41/100\n|-heal|p2a: Iron Hands|100/100 brn|[from] drain|[of] p1b: Arcanine\n|move|p1b: Arcanine|Rock Slide|p2b: Torkoal|[spread] p2a,p2b\n|-resisted|p2a: Iron Hands\n|-supereffective|p2b: Torkoal\n|-damage|p2a: Iron Hands|91/100 brn\n|-damage|p2b: Torkoal|59/100\n|\n|-weather|SunnyDay|[upkeep]\n|-damage|p2a: Iron Hands|85/100 brn|[from] brn\n|upkeep\n|turn|5\n|\n|t:|1775650374\n|move|p2b: Torkoal|Eruption|p1b: Arcanine\n|-resisted|p1b: Arcanine\n|-damage|p1b: Arcanine|23/100\n|move|p2a: Iron Hands|Drain Punch|p1b: Arcanine\n|-supereffective|p1b: Arcanine\n|-damage|p1b: Arcanine|0 fnt\n|-heal|p2a: Iron Hands|94/100 brn|[from] drain|[of] p1b: Arcanine\n|faint|p1b: Arcanine\n|\n|win|dpsicieu\n|raw|Bobbychops's rating: 1082 &rarr; <strong>1063</strong><br />(-19 for losing)\n|raw|dpsicieu's rating: 1128 &rarr; <strong>1150</strong><br />(+22 for winning)\n|l|\u2606dpsicieu\n|player|p2|\n|l|\u2606Bobbychops\n|player|p1|\n","uploadtime":1775650726,"views":7,"formatid":"gen9vgc2026regi","rating":1063,"private":0,"password":null}