{"id":"gen9vgc2026regi-2554101883","format":"[Gen 9] VGC 2026 Reg I","players":["lior97h","CHR1SPHX"],"log":"|j|\u2606lior97h\n|j|\u2606CHR1SPHX\n|t:|1772919852\n|gametype|doubles\n|player|p1|lior97h|lucas|1335\n|player|p2|CHR1SPHX|hilbert|1329\n|gen|9\n|tier|[Gen 9] VGC 2026 Reg I\n|rated|\n|rule|Species Clause: Limit one of each Pok\u00e9mon\n|rule|Item Clause: Limit 1 of each item\n|clearpoke\n|poke|p1|Zamazenta-*, L50|\n|poke|p1|Gengar, L50, M|\n|poke|p1|Whimsicott, L50, F|\n|poke|p1|Calyrex-Shadow, L50|\n|poke|p1|Sableye, L50, M|\n|poke|p1|Smeargle, L50, F|\n|poke|p2|Lunala, L50|\n|poke|p2|Amoonguss, L50, M|\n|poke|p2|Ursaluna-Bloodmoon, L50, M|\n|poke|p2|Incineroar, L50, M|\n|poke|p2|Koraidon, L50|\n|poke|p2|Flutter Mane, L50|\n|teampreview|4\n|inactive|Battle timer is ON: inactive players will automatically lose when time's up. (requested by lior97h)\n|inactive|CHR1SPHX also wants the timer to be on.\n|\n|t:|1772919864\n|teamsize|p1|4\n|teamsize|p2|4\n|start\n|switch|p1a: Sableye|Sableye, L50, M|100/100\n|switch|p1b: Calyrex|Calyrex-Shadow, L50|100/100\n|switch|p2a: Lunala|Lunala, L50, shiny|100/100\n|switch|p2b: Amoonguss|Amoonguss, L50, M, shiny|100/100\n|-ability|p1b: Calyrex|As One\n|-ability|p1b: Calyrex|Unnerve\n|turn|1\n|\n|t:|1772919883\n|switch|p2b: Incineroar|Incineroar, L50, M|100/100\n|-ability|p2b: Incineroar|Intimidate|boost\n|-unboost|p1a: Sableye|atk|1\n|-unboost|p1b: Calyrex|atk|1\n|-terastallize|p1b: Calyrex|Dark\n|-terastallize|p2a: Lunala|Fairy\n|move|p1a: Sableye|Fake Out|p2b: Incineroar\n|-damage|p2b: Incineroar|96/100\n|move|p1b: Calyrex|Dark Pulse|p2a: Lunala\n|-resisted|p2a: Lunala\n|-damage|p2a: Lunala|92/100\n|cant|p2a: Lunala|flinch\n|\n|upkeep\n|turn|2\n|inactive|lior97h has 30 seconds left.\n|inactive|lior97h has 20 seconds left.\n|inactive|CHR1SPHX has 30 seconds left.\n|\n|t:|1772919928\n|switch|p1b: Smeargle|Smeargle, L50, F|100/100\n|move|p1a: Sableye|Encore||[still]\n|-fail|p1a: Sableye\n|move|p2a: Lunala|Moonblast|p1b: Smeargle\n|-enditem|p1b: Smeargle|Focus Sash\n|-damage|p1b: Smeargle|1/100\n|move|p2b: Incineroar|Taunt|p1a: Sableye\n|-start|p1a: Sableye|move: Taunt\n|\n|-ability|p1b: Smeargle|Moody|boost\n|-boost|p1b: Smeargle|atk|2\n|-unboost|p1b: Smeargle|spa|1\n|upkeep\n|turn|3\n|inactive|CHR1SPHX has 30 seconds left.\n|\n|t:|1772919955\n|switch|p2a: Amoonguss|Amoonguss, L50, M, shiny|100/100\n|switch|p1a: Zamazenta|Zamazenta-Crowned, L50|100/100\n|-ability|p1a: Zamazenta|Dauntless Shield|boost\n|-boost|p1a: Zamazenta|def|1\n|move|p1b: Smeargle|Spore|p2b: Incineroar\n|-activate|p2b: Incineroar|item: Safety Goggles|Spore\n|move|p2b: Incineroar|Taunt|p1b: Smeargle\n|-start|p1b: Smeargle|move: Taunt\n|\n|-ability|p1b: Smeargle|Moody|boost\n|-boost|p1b: Smeargle|def|2\n|-unboost|p1b: Smeargle|spe|1\n|upkeep\n|turn|4\n|inactive|lior97h has 30 seconds left.\n|\n|t:|1772919980\n|switch|p1b: Sableye|Sableye, L50, M|100/100\n|move|p2a: Amoonguss|Rage Powder|p2a: Amoonguss\n|-singleturn|p2a: Amoonguss|move: Rage Powder\n|move|p1a: Zamazenta|Body Press|p2a: Amoonguss\n|-resisted|p2a: Amoonguss\n|-damage|p2a: Amoonguss|69/100\n|-damage|p1a: Zamazenta|84/100|[from] item: Rocky Helmet|[of] p2a: Amoonguss\n|move|p2b: Incineroar|Parting Shot|p1a: Zamazenta\n|-unboost|p1a: Zamazenta|atk|1\n|-unboost|p1a: Zamazenta|spa|1\n|\n|t:|1772920002\n|switch|p2b: Ursaluna|Ursaluna-Bloodmoon, L50, M|100/100|[from] Parting Shot\n|\n|upkeep\n|turn|5\n|\n|t:|1772920013\n|move|p2b: Ursaluna|Protect|p2b: Ursaluna\n|-singleturn|p2b: Ursaluna|Protect\n|move|p2a: Amoonguss|Rage Powder|p2a: Amoonguss\n|-singleturn|p2a: Amoonguss|move: Rage Powder\n|move|p1b: Sableye|Encore|p2a: Amoonguss\n|-start|p2a: Amoonguss|Encore\n|move|p1a: Zamazenta|Iron Defense|p1a: Zamazenta\n|-boost|p1a: Zamazenta|def|2\n|\n|upkeep\n|turn|6\n|\n|t:|1772920028\n|move|p2a: Amoonguss|Rage Powder|p2a: Amoonguss\n|-singleturn|p2a: Amoonguss|move: Rage Powder\n|move|p1b: Sableye|Disable|p2a: Amoonguss\n|-start|p2a: Amoonguss|Disable|Rage Powder\n|move|p1a: Zamazenta|Iron Defense|p1a: Zamazenta\n|-boost|p1a: Zamazenta|def|2\n|move|p2b: Ursaluna|Earth Power|p1a: Zamazenta\n|-supereffective|p1a: Zamazenta\n|-damage|p1a: Zamazenta|0 fnt\n|faint|p1a: Zamazenta\n|-damage|p2b: Ursaluna|91/100|[from] item: Life Orb\n|\n|upkeep\n|\n|t:|1772920044\n|switch|p1a: Smeargle|Smeargle, L50, F|1/100\n|turn|7\n|\n|t:|1772920054\n|switch|p1b: Calyrex|Calyrex-Shadow, L50, tera:Dark|100/100\n|-ability|p1b: Calyrex|As One\n|-ability|p1b: Calyrex|Unnerve\n|switch|p2a: Incineroar|Incineroar, L50, M|96/100\n|-ability|p2a: Incineroar|Intimidate|boost\n|-unboost|p1a: Smeargle|atk|1\n|-unboost|p1b: Calyrex|atk|1\n|move|p2b: Ursaluna|Protect|p2b: Ursaluna\n|-singleturn|p2b: Ursaluna|Protect\n|move|p1a: Smeargle|Spore|p2b: Ursaluna\n|-activate|p2b: Ursaluna|move: Protect\n|\n|-ability|p1a: Smeargle|Moody|boost\n|-boost|p1a: Smeargle|atk|2\n|-unboost|p1a: Smeargle|def|1\n|upkeep\n|turn|8\n|inactive|lior97h has 30 seconds left.\n|\n|t:|1772920087\n|move|p1a: Smeargle|Burning Bulwark|p1a: Smeargle\n|-singleturn|p1a: Smeargle|move: Protect\n|move|p2a: Incineroar|Fake Out|p1a: Smeargle\n|-activate|p1a: Smeargle|move: Protect\n|move|p1b: Calyrex|Dark Pulse|p2b: Ursaluna\n|-damage|p2b: Ursaluna|48/100\n|move|p2b: Ursaluna|Blood Moon|p1b: Calyrex\n|-damage|p1b: Calyrex|9/100\n|-damage|p2b: Ursaluna|38/100|[from] item: Life Orb\n|\n|-ability|p1a: Smeargle|Moody|boost\n|-boost|p1a: Smeargle|spe|2\n|-unboost|p1a: Smeargle|spd|1\n|upkeep\n|turn|9\n|inactive|lior97h has 30 seconds left.\n|\n|t:|1772920113\n|move|p2b: Ursaluna|Protect|p2b: Ursaluna\n|-singleturn|p2b: Ursaluna|Protect\n|move|p1a: Smeargle|Follow Me|p1a: Smeargle\n|-singleturn|p1a: Smeargle|move: Follow Me\n|move|p1b: Calyrex|Dark Pulse|p2b: Ursaluna\n|-activate|p2b: Ursaluna|move: Protect\n|move|p2a: Incineroar|Knock Off|p1a: Smeargle\n|-damage|p1a: Smeargle|0 fnt\n|faint|p1a: Smeargle\n|\n|upkeep\n|\n|t:|1772920124\n|switch|p1a: Sableye|Sableye, L50, M|100/100\n|turn|10\n|\n|t:|1772920139\n|switch|p2b: Amoonguss|Amoonguss, L50, M, shiny|100/100\n|move|p1a: Sableye|Fake Out|p2a: Incineroar\n|-damage|p2a: Incineroar|88/100\n|move|p1b: Calyrex|Dark Pulse|p2b: Amoonguss\n|-damage|p2b: Amoonguss|59/100\n|cant|p2a: Incineroar|flinch\n|\n|upkeep\n|turn|11\n|\n|t:|1772920155\n|move|p1a: Sableye|Disable||[still]\n|-fail|p1a: Sableye\n|move|p1b: Calyrex|Dark Pulse|p2a: Incineroar\n|-resisted|p2a: Incineroar\n|-damage|p2a: Incineroar|69/100\n|cant|p2a: Incineroar|flinch\n|move|p2b: Amoonguss|Spore|p1b: Calyrex\n|-status|p1b: Calyrex|slp|[from] move: Spore\n|\n|upkeep\n|turn|12\n|-message|lior97h forfeited.\n|\n|win|CHR1SPHX\n|raw|lior97h's rating: 1335 &rarr; <strong>1315</strong><br />(-20 for losing)\n|raw|CHR1SPHX's rating: 1329 &rarr; <strong>1349</strong><br />(+20 for winning)\n|l|\u2606lior97h\n|player|p1|\n|l|\u2606CHR1SPHX\n|player|p2|\n","uploadtime":1772920170,"views":21,"formatid":"gen9vgc2026regi","rating":1315,"private":0,"password":null}