{"id":"gen9vgc2026regi-2552211147","format":"[Gen 9] VGC 2026 Reg I","players":["Voth","cpinalli5"],"log":"|j|\u2606Voth\n|j|\u2606cpinalli5\n|t:|1772690087\n|gametype|doubles\n|player|p1|Voth|dawn|1369\n|player|p2|cpinalli5|elesa|1306\n|gen|9\n|tier|[Gen 9] VGC 2026 Reg I\n|rated|\n|rule|Species Clause: Limit one of each Pok\u00e9mon\n|rule|Item Clause: Limit 1 of each item\n|clearpoke\n|poke|p1|Urshifu-*, L50, M|\n|poke|p1|Calyrex-Ice, L50|\n|poke|p1|Tornadus, L50, M|\n|poke|p1|Landorus, L50, M|\n|poke|p1|Rillaboom, L50, F|\n|poke|p1|Kyogre, L50|\n|poke|p2|Incineroar, L50, M|\n|poke|p2|Scream Tail, L50|\n|poke|p2|Koraidon, L50|\n|poke|p2|Flutter Mane, L50|\n|poke|p2|Gothitelle, L50, F|\n|poke|p2|Amoonguss, L50, F|\n|teampreview|4\n|\n|t:|1772690115\n|teamsize|p1|4\n|teamsize|p2|4\n|start\n|switch|p1a: Korra|Calyrex-Ice, L50|100/100\n|switch|p1b: Mr miyagi|Urshifu-Rapid-Strike, L50, M|100/100\n|switch|p2a: Scream Tail|Scream Tail, L50|100/100\n|switch|p2b: Gothitelle|Gothitelle, L50, F|100/100\n|-ability|p1a: Korra|As One\n|-ability|p1a: Korra|Unnerve\n|-enditem|p2a: Scream Tail|Booster Energy\n|-activate|p2a: Scream Tail|ability: Protosynthesis|[fromitem]\n|-start|p2a: Scream Tail|protosynthesisspe\n|turn|1\n|inactive|Battle timer is ON: inactive players will automatically lose when time's up. (requested by Voth)\n|\n|t:|1772690145\n|-end|p2a: Scream Tail|Protosynthesis|[silent]\n|switch|p2a: Amoonguss|Amoonguss, L50, F|100/100\n|-terastallize|p2b: Gothitelle|Water\n|move|p1b: Mr miyagi|Surging Strikes|p2a: Amoonguss\n|-resisted|p2a: Amoonguss\n|-crit|p2a: Amoonguss\n|-damage|p2a: Amoonguss|82/100\n|-resisted|p2a: Amoonguss\n|-crit|p2a: Amoonguss\n|-damage|p2a: Amoonguss|64/100\n|-resisted|p2a: Amoonguss\n|-crit|p2a: Amoonguss\n|-damage|p2a: Amoonguss|47/100\n|-hitcount|p2a: Amoonguss|3\n|-enditem|p2a: Amoonguss|Eject Button\n|\n|t:|1772690155\n|switch|p2a: Scream Tail|Scream Tail, L50|100/100\n|move|p2b: Gothitelle|Taunt|p1a: Korra\n|-start|p1a: Korra|move: Taunt\n|move|p1a: Korra|Glacial Lance|p2a: Scream Tail|[spread] p2a,p2b\n|-resisted|p2b: Gothitelle\n|-damage|p2a: Scream Tail|61/100\n|-damage|p2b: Gothitelle|77/100\n|\n|-heal|p2b: Gothitelle|84/100|[from] item: Leftovers\n|upkeep\n|turn|2\n|inactive|cpinalli5 has 30 seconds left.\n|\n|t:|1772690183\n|move|p2a: Scream Tail|Disable|p1a: Korra\n|-start|p1a: Korra|Disable|Glacial Lance\n|move|p1b: Mr miyagi|Surging Strikes|p2b: Gothitelle\n|-resisted|p2b: Gothitelle\n|-crit|p2b: Gothitelle\n|-damage|p2b: Gothitelle|71/100\n|-resisted|p2b: Gothitelle\n|-crit|p2b: Gothitelle\n|-damage|p2b: Gothitelle|56/100\n|-resisted|p2b: Gothitelle\n|-crit|p2b: Gothitelle\n|-damage|p2b: Gothitelle|43/100\n|-hitcount|p2b: Gothitelle|3\n|move|p2b: Gothitelle|Psychic|p1b: Mr miyagi\n|-supereffective|p1b: Mr miyagi\n|-damage|p1b: Mr miyagi|11/100\n|-unboost|p1b: Mr miyagi|spd|1\n|cant|p1a: Korra|Disable|Glacial Lance\n|\n|-heal|p2b: Gothitelle|50/100|[from] item: Leftovers\n|upkeep\n|turn|3\n|inactive|cpinalli5 has 30 seconds left.\n|\n|t:|1772690215\n|move|p2a: Scream Tail|Encore|p1a: Korra\n|-start|p1a: Korra|Encore\n|move|p1b: Mr miyagi|Surging Strikes|p2a: Scream Tail\n|-crit|p2a: Scream Tail\n|-damage|p2a: Scream Tail|33/100\n|-crit|p2a: Scream Tail\n|-damage|p2a: Scream Tail|6/100\n|-crit|p2a: Scream Tail\n|-damage|p2a: Scream Tail|0 fnt\n|faint|p2a: Scream Tail\n|-end|p2a: Scream Tail|Protosynthesis|[silent]\n|-hitcount|p2: Scream Tail|3\n|move|p2b: Gothitelle|Psychic|p1b: Mr miyagi\n|-supereffective|p1b: Mr miyagi\n|-damage|p1b: Mr miyagi|0 fnt\n|faint|p1b: Mr miyagi\n|-activate|p1a: Korra|move: Struggle\n|move|p1a: Korra|Struggle|p2b: Gothitelle\n|-damage|p2b: Gothitelle|31/100\n|-damage|p1a: Korra|75/100|[from] recoil\n|\n|-heal|p2b: Gothitelle|37/100|[from] item: Leftovers\n|-heal|p1a: Korra|81/100|[from] item: Leftovers\n|-end|p1a: Korra|move: Taunt\n|upkeep\n|l|\u2606cpinalli5\n|inactive|cpinalli5 disconnected and has a minute to reconnect!\n|player|p2|\n|j|\u2606cpinalli5\n|inactive|cpinalli5 reconnected and has 35 seconds left.\n|player|p2|cpinalli5|elesa|\n|inactive|cpinalli5 has 30 seconds left.\n|\n|t:|1772690241\n|switch|p2a: Koraidon|Koraidon, L50|100/100\n|switch|p1b: Harambe|Rillaboom, L50, F|100/100\n|-weather|SunnyDay|[from] ability: Orichalcum Pulse|[of] p2a: Koraidon\n|-activate|p2a: Koraidon|Orichalcum Pulse|[source]\n|-fieldstart|move: Grassy Terrain|[from] ability: Grassy Surge|[of] p1b: Harambe\n|turn|4\n|\n|t:|1772690252\n|move|p2a: Koraidon|Protect|p2a: Koraidon\n|-singleturn|p2a: Koraidon|Protect\n|move|p1b: Harambe|Fake Out|p2a: Koraidon\n|-activate|p2a: Koraidon|move: Protect\n|move|p2b: Gothitelle|Taunt|p1a: Korra\n|-start|p1a: Korra|move: Taunt\n|-activate|p1a: Korra|move: Struggle\n|move|p1a: Korra|Struggle|p2b: Gothitelle\n|-damage|p2b: Gothitelle|18/100\n|-damage|p1a: Korra|56/100|[from] recoil\n|\n|-weather|SunnyDay|[upkeep]\n|-heal|p2b: Gothitelle|24/100|[from] Grassy Terrain\n|-heal|p2b: Gothitelle|30/100|[from] item: Leftovers\n|-heal|p1a: Korra|62/100|[from] Grassy Terrain\n|-heal|p1a: Korra|68/100|[from] item: Leftovers\n|upkeep\n|turn|5\n|inactive|cpinalli5 has 30 seconds left.\n|\n|t:|1772690278\n|move|p2b: Gothitelle|Protect|p2b: Gothitelle\n|-singleturn|p2b: Gothitelle|Protect\n|move|p1b: Harambe|Grassy Glide|p2b: Gothitelle\n|-activate|p2b: Gothitelle|move: Protect\n|move|p2a: Koraidon|Flare Blitz|p1a: Korra\n|-supereffective|p1a: Korra\n|-damage|p1a: Korra|0 fnt\n|faint|p1a: Korra\n|-damage|p2a: Koraidon|74/100|[from] Recoil\n|-damage|p2a: Koraidon|64/100|[from] item: Life Orb\n|\n|-weather|SunnyDay|[upkeep]\n|-heal|p2a: Koraidon|70/100|[from] Grassy Terrain\n|-heal|p2b: Gothitelle|37/100|[from] Grassy Terrain\n|-heal|p2b: Gothitelle|43/100|[from] item: Leftovers\n|upkeep\n|\n|t:|1772690282\n|switch|p1a: Nuke|Kyogre, L50|100/100\n|-weather|RainDance|[from] ability: Drizzle|[of] p1a: Nuke\n|turn|6\n|\n|t:|1772690304\n|switch|p2a: Amoonguss|Amoonguss, L50, F|80/100\n|move|p1b: Harambe|Grassy Glide|p2b: Gothitelle\n|-supereffective|p2b: Gothitelle\n|-damage|p2b: Gothitelle|0 fnt\n|faint|p2b: Gothitelle\n|move|p1a: Nuke|Origin Pulse|p2a: Amoonguss|[miss]\n|-miss|p1a: Nuke|p2a: Amoonguss\n|\n|-weather|RainDance|[upkeep]\n|-heal|p2a: Amoonguss|86/100|[from] Grassy Terrain\n|upkeep\n|\n|t:|1772690311\n|switch|p2b: Koraidon|Koraidon, L50|70/100\n|-weather|SunnyDay|[from] ability: Orichalcum Pulse|[of] p2b: Koraidon\n|-activate|p2b: Koraidon|Orichalcum Pulse|[source]\n|turn|7\n|\n|t:|1772690327\n|-terastallize|p1b: Harambe|Fire\n|move|p1a: Nuke|Protect|p1a: Nuke\n|-singleturn|p1a: Nuke|Protect\n|move|p2b: Koraidon|Close Combat|p1a: Nuke\n|-activate|p1a: Nuke|move: Protect\n|move|p1b: Harambe|Wood Hammer|p2b: Koraidon\n|-resisted|p2b: Koraidon\n|-damage|p2b: Koraidon|39/100\n|-damage|p1b: Harambe|92/100|[from] Recoil\n|move|p2a: Amoonguss|Sludge Bomb|p1a: Nuke\n|-activate|p1a: Nuke|move: Protect\n|\n|-weather|SunnyDay|[upkeep]\n|-heal|p2b: Koraidon|45/100|[from] Grassy Terrain\n|-heal|p1b: Harambe|98/100|[from] Grassy Terrain\n|-heal|p2a: Amoonguss|91/100|[from] Grassy Terrain\n|upkeep\n|turn|8\n|\n|t:|1772690348\n|move|p2b: Koraidon|Protect|p2b: Koraidon\n|-singleturn|p2b: Koraidon|Protect\n|move|p1a: Nuke|Origin Pulse|p2b: Koraidon|[spread] p2a\n|-activate|p2b: Koraidon|move: Protect\n|-resisted|p2a: Amoonguss\n|-damage|p2a: Amoonguss|82/100\n|move|p1b: Harambe|Wood Hammer|p2b: Koraidon\n|-activate|p2b: Koraidon|move: Protect\n|move|p2a: Amoonguss|Spore|p1a: Nuke\n|-status|p1a: Nuke|slp|[from] move: Spore\n|\n|-weather|SunnyDay|[upkeep]\n|-heal|p2b: Koraidon|51/100|[from] Grassy Terrain\n|-heal|p1b: Harambe|100/100|[from] Grassy Terrain\n|-heal|p2a: Amoonguss|88/100|[from] Grassy Terrain\n|-fieldend|move: Grassy Terrain\n|upkeep\n|turn|9\n|\n|t:|1772690366\n|move|p2a: Amoonguss|Rage Powder|p2a: Amoonguss\n|-singleturn|p2a: Amoonguss|move: Rage Powder\n|move|p2b: Koraidon|Close Combat|p1b: Harambe\n|-damage|p1b: Harambe|0 fnt\n|-unboost|p2b: Koraidon|def|1\n|-unboost|p2b: Koraidon|spd|1\n|faint|p1b: Harambe\n|-damage|p2b: Koraidon|41/100|[from] item: Life Orb\n|cant|p1a: Nuke|slp\n|\n|-weather|SunnyDay|[upkeep]\n|upkeep\n|turn|10\n|-message|Voth forfeited.\n|\n|win|cpinalli5\n|raw|Voth's rating: 1369 &rarr; <strong>1345</strong><br />(-24 for losing)\n|raw|cpinalli5's rating: 1306 &rarr; <strong>1330</strong><br />(+24 for winning)\n|l|\u2606Voth\n|player|p1|\n|l|\u2606cpinalli5\n|player|p2|\n","uploadtime":1772690376,"views":13,"formatid":"gen9vgc2026regi","rating":1330,"private":0,"password":null}