{"id":"gen9vgc2026regi-2570848023","format":"[Gen 9] VGC 2026 Reg I","players":["applinlove","JakeNBake3D"],"log":"|j|\u2606applinlove\n|j|\u2606JakeNBake3D\n|t:|1774858712\n|gametype|doubles\n|player|p1|applinlove|101|1216\n|player|p2|JakeNBake3D|1|1299\n|gen|9\n|tier|[Gen 9] VGC 2026 Reg I\n|rated|\n|rule|Species Clause: Limit one of each Pok\u00e9mon\n|rule|Item Clause: Limit 1 of each item\n|clearpoke\n|poke|p1|Ogerpon-Wellspring, L50, F|\n|poke|p1|Terapagos, L50, M|\n|poke|p1|Incineroar, L50, F|\n|poke|p1|Rillaboom, L50, M|\n|poke|p1|Comfey, L50, M|\n|poke|p1|Dragapult, L50, M|\n|poke|p2|Calyrex-Ice, L50|\n|poke|p2|Lunala, L50|\n|poke|p2|Ursaluna, L50, M|\n|poke|p2|Indeedee-F, L50, F|\n|poke|p2|Urshifu-*, L50, F|\n|poke|p2|Amoonguss, L50, F|\n|teampreview|4\n|inactive|Battle timer is ON: inactive players will automatically lose when time's up. (requested by applinlove)\n|\n|t:|1774858741\n|teamsize|p1|4\n|teamsize|p2|4\n|start\n|switch|p1a: Terapagos|Terapagos, L50, M|100/100\n|switch|p1b: Incineroar|Incineroar, L50, F|100/100\n|switch|p2a: Calyrex|Calyrex-Ice, L50|100/100\n|switch|p2b: Indeedee|Indeedee-F, L50, F|100/100\n|-activate|p1a: Terapagos|ability: Tera Shift\n|detailschange|p1a: Terapagos|Terapagos-Terastal, L50, M\n|-heal|p1a: Terapagos|100/100|[silent]\n|-ability|p2a: Calyrex|As One\n|-ability|p2a: Calyrex|Unnerve\n|-fieldstart|move: Psychic Terrain|[from] ability: Psychic Surge|[of] p2b: Indeedee\n|-ability|p1b: Incineroar|Intimidate|boost\n|-fail|p2a: Calyrex|unboost|[from] item: Clear Amulet|[of] p2a: Calyrex\n|-unboost|p2b: Indeedee|atk|1\n|turn|1\n|\n|t:|1774858765\n|-terastallize|p1a: Terapagos|Stellar\n|detailschange|p1a: Terapagos|Terapagos-Stellar, L50, M, tera:Stellar\n|-heal|p1a: Terapagos|100/100|[silent]\n|-ability|p1a: Terapagos|Teraform Zero\n|-fieldend|move: Psychic Terrain\n|-terastallize|p2a: Calyrex|Fire\n|move|p1b: Incineroar|Fake Out|p2a: Calyrex\n|-damage|p2a: Calyrex|93/100\n|move|p1a: Terapagos|Calm Mind|p1a: Terapagos\n|-boost|p1a: Terapagos|spa|1\n|-boost|p1a: Terapagos|spd|1\n|cant|p2a: Calyrex|flinch\n|move|p2b: Indeedee|Trick Room|p2b: Indeedee\n|-fieldstart|move: Trick Room|[of] p2b: Indeedee\n|\n|upkeep\n|turn|2\n|inactive|applinlove has 30 seconds left.\n|inactive|JakeNBake3D has 30 seconds left.\n|inactive|JakeNBake3D has 20 seconds left.\n|inactive|JakeNBake3D has 15 seconds left.\n|\n|t:|1774858806\n|switch|p2b: Urshifu|Urshifu, L50, F|100/100\n|move|p2a: Calyrex|Body Press|p1a: Terapagos\n|-supereffective|p1a: Terapagos\n|-damage|p1a: Terapagos|71/100\n|move|p1b: Incineroar|Parting Shot|p2b: Urshifu\n|-unboost|p2b: Urshifu|atk|1\n|-unboost|p2b: Urshifu|spa|1\n|\n|t:|1774858814\n|switch|p1b: Comfey|Comfey, L50, M|100/100|[from] Parting Shot\n|move|p1a: Terapagos|Calm Mind|p1a: Terapagos\n|-boost|p1a: Terapagos|spa|1\n|-boost|p1a: Terapagos|spd|1\n|\n|upkeep\n|turn|3\n|\n|t:|1774858834\n|move|p1b: Comfey|Floral Healing|p1a: Terapagos\n|-heal|p1a: Terapagos|100/100\n|move|p2a: Calyrex|Body Press|p1a: Terapagos\n|-supereffective|p1a: Terapagos\n|-damage|p1a: Terapagos|71/100\n|move|p1a: Terapagos|Tera Starstorm|p2a: Calyrex|[spread] p2a,p2b\n|-supereffective|p2a: Calyrex\n|-damage|p2a: Calyrex|0 fnt\n|-damage|p2b: Urshifu|5/100\n|faint|p2a: Calyrex\n|move|p2b: Urshifu|Close Combat|p1a: Terapagos\n|-supereffective|p1a: Terapagos\n|-crit|p1a: Terapagos\n|-damage|p1a: Terapagos|0 fnt\n|-unboost|p2b: Urshifu|def|1\n|-unboost|p2b: Urshifu|spd|1\n|faint|p1a: Terapagos\n|detailschange|p1: Terapagos|Terapagos, L50, M|[silent]\n|\n|upkeep\n|inactive|JakeNBake3D has 30 seconds left.\n|\n|t:|1774858861\n|switch|p2a: Indeedee|Indeedee-F, L50, F|100/100\n|switch|p1a: Dragapult|Dragapult, L50, M|100/100\n|-fieldstart|move: Psychic Terrain|[from] ability: Psychic Surge|[of] p2a: Indeedee\n|turn|4\n|\n|t:|1774858885\n|switch|p2b: Ursaluna|Ursaluna, L50, M|100/100\n|move|p1b: Comfey|Draining Kiss|p2a: Indeedee\n|-activate|p2a: Indeedee|move: Psychic Terrain\n|move|p2a: Indeedee|Follow Me|p2a: Indeedee\n|-singleturn|p2a: Indeedee|move: Follow Me\n|move|p1a: Dragapult|Dragon Darts|p2a: Indeedee\n|-damage|p2a: Indeedee|78/100\n|-anim|p1a: Dragapult|Dragon Darts|p2a: Indeedee\n|-damage|p2a: Indeedee|54/100\n|\n|-status|p2b: Ursaluna|brn|[from] item: Flame Orb\n|upkeep\n|turn|5\n|inactive|applinlove has 30 seconds left.\n|inactive|JakeNBake3D has 30 seconds left.\n|\n|t:|1774858918\n|switch|p1b: Incineroar|Incineroar, L50, F|100/100\n|-ability|p1b: Incineroar|Intimidate|boost\n|-unboost|p2a: Indeedee|atk|1\n|-unboost|p2b: Ursaluna|atk|1\n|move|p2a: Indeedee|Protect|p2a: Indeedee\n|-singleturn|p2a: Indeedee|Protect\n|move|p2b: Ursaluna|Headlong Rush|p1a: Dragapult\n|-enditem|p1a: Dragapult|Focus Sash\n|-damage|p1a: Dragapult|1/100\n|-unboost|p2b: Ursaluna|def|1\n|-unboost|p2b: Ursaluna|spd|1\n|move|p1a: Dragapult|Dragon Darts|p2b: Ursaluna\n|-damage|p2b: Ursaluna|70/100 brn\n|-anim|p1a: Dragapult|Dragon Darts|p2b: Ursaluna\n|-damage|p2b: Ursaluna|42/100 brn\n|\n|-damage|p2b: Ursaluna|36/100 brn|[from] brn\n|-fieldend|move: Trick Room\n|upkeep\n|turn|6\n|inactive|applinlove has 30 seconds left.\n|inactive|JakeNBake3D has 30 seconds left.\n|\n|t:|1774858952\n|move|p2a: Indeedee|Follow Me|p2a: Indeedee\n|-singleturn|p2a: Indeedee|move: Follow Me\n|move|p1a: Dragapult|Dragon Darts|p2a: Indeedee\n|-damage|p2a: Indeedee|29/100\n|-anim|p1a: Dragapult|Dragon Darts|p2a: Indeedee\n|-damage|p2a: Indeedee|3/100\n|move|p1b: Incineroar|Knock Off|p2a: Indeedee\n|-supereffective|p2a: Indeedee\n|-damage|p2a: Indeedee|0 fnt\n|-enditem|p2a: Indeedee|Safety Goggles|[from] move: Knock Off|[of] p1b: Incineroar\n|faint|p2a: Indeedee\n|move|p2b: Ursaluna|Earthquake|p1b: Incineroar|[spread] p1a,p1b\n|-supereffective|p1b: Incineroar\n|-damage|p1a: Dragapult|0 fnt\n|-damage|p1b: Incineroar|22/100\n|faint|p1a: Dragapult\n|\n|-damage|p2b: Ursaluna|31/100 brn|[from] brn\n|upkeep\n|\n|t:|1774858970\n|switch|p1a: Comfey|Comfey, L50, M|100/100\n|switch|p2a: Urshifu|Urshifu, L50, F|5/100\n|turn|7\n|inactive|JakeNBake3D has 30 seconds left.\n|\n|t:|1774859000\n|move|p2b: Ursaluna|Protect|p2b: Ursaluna\n|-singleturn|p2b: Ursaluna|Protect\n|move|p1a: Comfey|Floral Healing|p1b: Incineroar\n|-heal|p1b: Incineroar|72/100\n|move|p2a: Urshifu|Poison Jab|p1a: Comfey\n|-supereffective|p1a: Comfey\n|-damage|p1a: Comfey|10/100\n|-enditem|p1a: Comfey|Sitrus Berry|[eat]\n|-heal|p1a: Comfey|34/100|[from] item: Sitrus Berry\n|move|p1b: Incineroar|Knock Off|p2b: Ursaluna\n|-activate|p2b: Ursaluna|move: Protect\n|\n|-damage|p2b: Ursaluna|25/100 brn|[from] brn\n|upkeep\n|turn|8\n|inactive|applinlove has 30 seconds left.\n|inactive|JakeNBake3D has 30 seconds left.\n|inactive|applinlove has 20 seconds left.\n|inactive|applinlove has 15 seconds left.\n|\n|t:|1774859041\n|move|p1a: Comfey|Draining Kiss|p2a: Urshifu\n|-activate|p2a: Urshifu|move: Psychic Terrain\n|move|p2a: Urshifu|Poison Jab|p1a: Comfey\n|-supereffective|p1a: Comfey\n|-damage|p1a: Comfey|0 fnt\n|faint|p1a: Comfey\n|move|p1b: Incineroar|Parting Shot|p2b: Ursaluna\n|-unboost|p2b: Ursaluna|atk|1\n|-unboost|p2b: Ursaluna|spa|1\n|move|p2b: Ursaluna|Headlong Rush|p1b: Incineroar\n|-supereffective|p1b: Incineroar\n|-damage|p1b: Incineroar|0 fnt\n|-unboost|p2b: Ursaluna|def|1\n|-unboost|p2b: Ursaluna|spd|1\n|faint|p1b: Incineroar\n|\n|win|JakeNBake3D\n|raw|applinlove's rating: 1216 &rarr; <strong>1197</strong><br />(-19 for losing)\n|raw|JakeNBake3D's rating: 1299 &rarr; <strong>1318</strong><br />(+19 for winning)\n|l|\u2606applinlove\n|player|p1|\n|l|\u2606JakeNBake3D\n|player|p2|\n","uploadtime":1774859270,"views":11,"formatid":"gen9vgc2026regi","rating":1197,"private":0,"password":null}