{"id":"gen9vgc2026regi-2566899930","format":"[Gen 9] VGC 2026 Reg I","players":["lstdddsg","saya315"],"log":"|j|\u2606lstdddsg\n|j|\u2606saya315\n|t:|1774426801\n|gametype|doubles\n|player|p1|lstdddsg|riley|1496\n|player|p2|saya315|veteranf|1525\n|gen|9\n|tier|[Gen 9] VGC 2026 Reg I\n|rated|\n|rule|Species Clause: Limit one of each Pok\u00e9mon\n|rule|Item Clause: Limit 1 of each item\n|clearpoke\n|poke|p1|Giratina-Origin, L50|\n|poke|p1|Zamazenta-*, L50|\n|poke|p1|Chien-Pao, L50|\n|poke|p1|Entei, L50|\n|poke|p1|Urshifu-*, L50, M|\n|poke|p1|Rillaboom, L50, F|\n|poke|p2|Kyogre, L50|\n|poke|p2|Calyrex-Ice, L50|\n|poke|p2|Iron Jugulis, L50|\n|poke|p2|Amoonguss, L50, F|\n|poke|p2|Indeedee-F, L50, F|\n|poke|p2|Urshifu-*, L50, M|\n|teampreview|4\n|inactive|Battle timer is ON: inactive players will automatically lose when time's up. (requested by lstdddsg)\n|inactive|saya315 has 60 seconds left.\n|inactive|lstdddsg has 60 seconds left.\n|\n|t:|1774426855\n|teamsize|p1|4\n|teamsize|p2|4\n|start\n|switch|p1a: Zamazenta|Zamazenta-Crowned, L50|100/100\n|switch|p1b: Chien-Pao|Chien-Pao, L50|100/100\n|switch|p2a: Kyogre|Kyogre, L50|100/100\n|switch|p2b: Indeedee|Indeedee-F, L50, F|100/100\n|-ability|p1b: Chien-Pao|Sword of Ruin\n|-ability|p1a: Zamazenta|Dauntless Shield|boost\n|-boost|p1a: Zamazenta|def|1\n|-weather|RainDance|[from] ability: Drizzle|[of] p2a: Kyogre\n|-fieldstart|move: Psychic Terrain|[from] ability: Psychic Surge|[of] p2b: Indeedee\n|turn|1\n|\n|t:|1774426877\n|switch|p1b: Rillaboom|Rillaboom, L50, F|100/100\n|-fieldstart|move: Grassy Terrain|[from] ability: Grassy Surge|[of] p1b: Rillaboom\n|move|p2b: Indeedee|Follow Me|p2b: Indeedee\n|-singleturn|p2b: Indeedee|move: Follow Me\n|move|p1a: Zamazenta|Body Press|p2b: Indeedee\n|-damage|p2b: Indeedee|36/100\n|-enditem|p2b: Indeedee|Eject Button\n|\n|t:|1774426886\n|switch|p2b: Amoonguss|Amoonguss, L50, F, shiny|100/100\n|move|p2a: Kyogre|Hydro Pump|p1a: Zamazenta\n|-damage|p1a: Zamazenta|0 fnt\n|faint|p1a: Zamazenta\n|\n|-weather|RainDance|[upkeep]\n|upkeep\n|\n|t:|1774426896\n|switch|p1a: Chien-Pao|Chien-Pao, L50|100/100\n|-ability|p1a: Chien-Pao|Sword of Ruin\n|turn|2\n|\n|t:|1774426912\n|switch|p2a: Indeedee|Indeedee-F, L50, F|36/100\n|-fieldstart|move: Psychic Terrain|[from] ability: Psychic Surge|[of] p2a: Indeedee\n|-terastallize|p2b: Amoonguss|Water\n|move|p1a: Chien-Pao|Icicle Crash|p2b: Amoonguss\n|-resisted|p2b: Amoonguss\n|-damage|p2b: Amoonguss|77/100\n|move|p1b: Rillaboom|U-turn|p2b: Amoonguss\n|-damage|p2b: Amoonguss|49/100\n|-damage|p1b: Rillaboom|84/100|[from] item: Rocky Helmet|[of] p2b: Amoonguss\n|\n|t:|1774426925\n|switch|p1b: Urshifu|Urshifu-Rapid-Strike, L50, M|100/100|[from] U-turn\n|move|p2b: Amoonguss|Spore|p1a: Chien-Pao\n|-status|p1a: Chien-Pao|slp|[from] move: Spore\n|\n|-weather|RainDance|[upkeep]\n|upkeep\n|turn|3\n|inactive|saya315 has 30 seconds left.\n|inactive|saya315 has 20 seconds left.\n|\n|t:|1774426962\n|switch|p2b: Kyogre|Kyogre, L50|100/100\n|move|p1b: Urshifu|U-turn|p2a: Indeedee\n|-supereffective|p2a: Indeedee\n|-damage|p2a: Indeedee|0 fnt\n|faint|p2a: Indeedee\n|\n|t:|1774426969\n|switch|p1b: Rillaboom|Rillaboom, L50, F|84/100|[from] U-turn\n|-fieldstart|move: Grassy Terrain|[from] ability: Grassy Surge|[of] p1b: Rillaboom\n|cant|p1a: Chien-Pao|slp\n|\n|-weather|RainDance|[upkeep]\n|-heal|p1b: Rillaboom|90/100|[from] Grassy Terrain\n|upkeep\n|\n|t:|1774426979\n|switch|p2a: Calyrex|Calyrex-Ice, L50|100/100\n|-ability|p2a: Calyrex|As One\n|-ability|p2a: Calyrex|Unnerve\n|turn|4\n|inactive|lstdddsg has 30 seconds left.\n|\n|t:|1774427012\n|-terastallize|p1b: Rillaboom|Water\n|cant|p1a: Chien-Pao|slp\n|move|p2b: Kyogre|Origin Pulse|p1b: Rillaboom|[spread] p1a\n|-miss|p2b: Kyogre|p1b: Rillaboom\n|-enditem|p1a: Chien-Pao|Focus Sash\n|-damage|p1a: Chien-Pao|1/100 slp\n|move|p1b: Rillaboom|Wood Hammer|p2b: Kyogre\n|-supereffective|p2b: Kyogre\n|-damage|p2b: Kyogre|0 fnt\n|faint|p2b: Kyogre\n|-damage|p1b: Rillaboom|59/100|[from] Recoil\n|move|p2a: Calyrex|Glacial Lance|p1a: Chien-Pao|[spread] p1a,p1b\n|-resisted|p1a: Chien-Pao\n|-resisted|p1b: Rillaboom\n|-damage|p1a: Chien-Pao|0 fnt\n|-damage|p1b: Rillaboom|28/100\n|faint|p1a: Chien-Pao\n|-ability|p2a: Calyrex|Chilling Neigh|boost\n|-boost|p2a: Calyrex|atk|1\n|\n|-weather|RainDance|[upkeep]\n|-heal|p1b: Rillaboom|34/100|[from] Grassy Terrain\n|upkeep\n|\n|t:|1774427036\n|switch|p1a: Urshifu|Urshifu-Rapid-Strike, L50, M|100/100\n|switch|p2b: Amoonguss|Amoonguss, L50, F, shiny, tera:Water|82/100\n|turn|5\n|inactive|lstdddsg has 30 seconds left.\n|\n|t:|1774427067\n|move|p2b: Amoonguss|Rage Powder|p2b: Amoonguss\n|-singleturn|p2b: Amoonguss|move: Rage Powder\n|move|p1a: Urshifu|Coaching|p1b: Rillaboom\n|-boost|p1b: Rillaboom|atk|1\n|-boost|p1b: Rillaboom|def|1\n|move|p1b: Rillaboom|Wood Hammer|p2b: Amoonguss\n|-supereffective|p2b: Amoonguss\n|-damage|p2b: Amoonguss|0 fnt\n|-damage|p1b: Rillaboom|17/100|[from] item: Rocky Helmet|[of] p2b: Amoonguss\n|faint|p2b: Amoonguss\n|-damage|p1b: Rillaboom|0 fnt|[from] Recoil\n|faint|p1b: Rillaboom\n|move|p2a: Calyrex|Glacial Lance|p1a: Urshifu\n|-resisted|p1a: Urshifu\n|-damage|p1a: Urshifu|40/100\n|\n|-weather|none\n|-heal|p1a: Urshifu|46/100|[from] Grassy Terrain\n|upkeep\n|turn|6\n|\n|t:|1774427087\n|move|p1a: Urshifu|Coaching|p1: Rillaboom|[notarget]\n|-fail|p1a: Urshifu\n|move|p2a: Calyrex|Seed Bomb|p1a: Urshifu\n|-supereffective|p1a: Urshifu\n|-damage|p1a: Urshifu|0 fnt\n|faint|p1a: Urshifu\n|\n|win|saya315\n|raw|lstdddsg's rating: 1496 &rarr; <strong>1478</strong><br />(-18 for losing)\n|raw|saya315's rating: 1525 &rarr; <strong>1543</strong><br />(+18 for winning)\n|l|\u2606saya315\n|player|p2|\n|l|\u2606lstdddsg\n|player|p1|\n","uploadtime":1774427265,"views":17,"formatid":"gen9vgc2026regi","rating":1478,"private":0,"password":null}