{"id":"gen9vgc2026regi-2544197278","format":"[Gen 9] VGC 2026 Reg I","players":["tktkkenzoku","Bef6"],"log":"|j|\u2606tktkkenzoku\n|j|\u2606Bef6\n|t:|1771676309\n|gametype|doubles\n|player|p1|tktkkenzoku|cynthia|1350\n|player|p2|Bef6|265|1533\n|gen|9\n|tier|[Gen 9] VGC 2026 Reg I\n|rated|\n|rule|Species Clause: Limit one of each Pok\u00e9mon\n|rule|Item Clause: Limit 1 of each item\n|clearpoke\n|poke|p1|Calyrex-Ice, L50|\n|poke|p1|Indeedee-F, L50, F|\n|poke|p1|Ursaluna-Bloodmoon, L50, M|\n|poke|p1|Lunala, L50|\n|poke|p1|Torkoal, L50, F|\n|poke|p1|Amoonguss, L50, F|\n|poke|p2|Ho-Oh, L50|\n|poke|p2|Koraidon, L50|\n|poke|p2|Flutter Mane, L50|\n|poke|p2|Incineroar, L50, F|\n|poke|p2|Raging Bolt, L50|\n|poke|p2|Rhydon, L50, F|\n|teampreview|4\n|inactive|Battle timer is ON: inactive players will automatically lose when time's up. (requested by tktkkenzoku)\n|\n|t:|1771676360\n|teamsize|p1|4\n|teamsize|p2|4\n|start\n|switch|p1a: Indeedee|Indeedee-F, L50, F|100/100\n|switch|p1b: Calyrex|Calyrex-Ice, L50|100/100\n|switch|p2a: Incineroar|Incineroar, L50, F|100/100\n|switch|p2b: Koraidon|Koraidon, L50|100/100\n|-ability|p1b: Calyrex|As One\n|-ability|p1b: Calyrex|Unnerve\n|-weather|SunnyDay|[from] ability: Orichalcum Pulse|[of] p2b: Koraidon\n|-activate|p2b: Koraidon|Orichalcum Pulse|[source]\n|-ability|p2a: Incineroar|Intimidate|boost\n|-unboost|p1a: Indeedee|atk|1\n|-fail|p1b: Calyrex|unboost|[from] item: Clear Amulet|[of] p1b: Calyrex\n|-fieldstart|move: Psychic Terrain|[from] ability: Psychic Surge|[of] p1a: Indeedee\n|turn|1\n|\n|t:|1771676376\n|move|p1a: Indeedee|Follow Me|p1a: Indeedee\n|-singleturn|p1a: Indeedee|move: Follow Me\n|move|p2b: Koraidon|Close Combat|p1a: Indeedee\n|-damage|p1a: Indeedee|0 fnt\n|-unboost|p2b: Koraidon|def|1\n|-unboost|p2b: Koraidon|spd|1\n|-damage|p2b: Koraidon|84/100|[from] item: Rocky Helmet|[of] p1a: Indeedee\n|faint|p1a: Indeedee\n|-damage|p2b: Koraidon|74/100|[from] item: Life Orb\n|move|p2a: Incineroar|Knock Off|p1b: Calyrex\n|-supereffective|p1b: Calyrex\n|-damage|p1b: Calyrex|41/100\n|-enditem|p1b: Calyrex|Clear Amulet|[from] move: Knock Off|[of] p2a: Incineroar\n|move|p1b: Calyrex|Trick Room|p1b: Calyrex\n|-fieldstart|move: Trick Room|[of] p1b: Calyrex\n|\n|-weather|SunnyDay|[upkeep]\n|upkeep\n|\n|t:|1771676391\n|switch|p1a: Ursaluna|Ursaluna-Bloodmoon, L50, M|100/100\n|turn|2\n|\n|t:|1771676402\n|switch|p2a: Ho-Oh|Ho-Oh, L50|100/100\n|-terastallize|p1a: Ursaluna|Normal\n|move|p2b: Koraidon|Protect|p2b: Koraidon\n|-singleturn|p2b: Koraidon|Protect\n|move|p1b: Calyrex|Glacial Lance|p2a: Ho-Oh|[spread] p2a\n|-activate|p2b: Koraidon|move: Protect\n|-damage|p2a: Ho-Oh|56/100\n|move|p1a: Ursaluna|Hyper Voice|p2a: Ho-Oh|[spread] p2a\n|-activate|p2b: Koraidon|move: Protect\n|-damage|p2a: Ho-Oh|14/100\n|-damage|p1a: Ursaluna|91/100|[from] item: Life Orb\n|\n|-weather|SunnyDay|[upkeep]\n|upkeep\n|turn|3\n|\n|t:|1771676419\n|switch|p2b: Incineroar|Incineroar, L50, F|100/100\n|-ability|p2b: Incineroar|Intimidate|boost\n|-unboost|p1a: Ursaluna|atk|1\n|-unboost|p1b: Calyrex|atk|1\n|move|p2a: Ho-Oh|Protect|p2a: Ho-Oh\n|-singleturn|p2a: Ho-Oh|Protect\n|move|p1b: Calyrex|Glacial Lance|p2b: Incineroar|[spread] p2b\n|-activate|p2a: Ho-Oh|move: Protect\n|-resisted|p2b: Incineroar\n|-crit|p2b: Incineroar\n|-damage|p2b: Incineroar|68/100\n|move|p1a: Ursaluna|Hyper Voice|p2a: Ho-Oh|[spread] p2b\n|-activate|p2a: Ho-Oh|move: Protect\n|-damage|p2b: Incineroar|9/100\n|-damage|p1a: Ursaluna|81/100|[from] item: Life Orb\n|\n|-weather|SunnyDay|[upkeep]\n|upkeep\n|turn|4\n|inactive|Bef6 has 30 seconds left.\n|inactive|Bef6 has 20 seconds left.\n|\n|t:|1771676458\n|switch|p2a: Rhydon|Rhydon, L50, F|100/100\n|move|p1b: Calyrex|Glacial Lance|p2a: Rhydon|[spread] p2a,p2b\n|-supereffective|p2a: Rhydon\n|-resisted|p2b: Incineroar\n|-damage|p2a: Rhydon|58/100\n|-damage|p2b: Incineroar|0 fnt\n|faint|p2b: Incineroar\n|-ability|p1b: Calyrex|Chilling Neigh|boost\n|-boost|p1b: Calyrex|atk|1\n|move|p1a: Ursaluna|Earth Power|p2a: Rhydon\n|-supereffective|p2a: Rhydon\n|-damage|p2a: Rhydon|0 fnt\n|faint|p2a: Rhydon\n|-damage|p1a: Ursaluna|71/100|[from] item: Life Orb\n|\n|-weather|SunnyDay|[upkeep]\n|upkeep\n|\n|t:|1771676466\n|switch|p2a: Koraidon|Koraidon, L50|74/100\n|switch|p2b: Ho-Oh|Ho-Oh, L50|48/100\n|-activate|p2a: Koraidon|ability: Orichalcum Pulse\n|turn|5\n|\n|t:|1771676488\n|move|p2b: Ho-Oh|Protect|p2b: Ho-Oh\n|-singleturn|p2b: Ho-Oh|Protect\n|move|p2a: Koraidon|Protect|p2a: Koraidon\n|-singleturn|p2a: Koraidon|Protect\n|move|p1b: Calyrex|Glacial Lance|p2a: Koraidon|[spread] \n|-activate|p2a: Koraidon|move: Protect\n|-activate|p2b: Ho-Oh|move: Protect\n|move|p1a: Ursaluna|Earth Power|p2a: Koraidon\n|-activate|p2a: Koraidon|move: Protect\n|\n|-weather|none\n|-fieldend|move: Trick Room\n|-fieldend|move: Psychic Terrain\n|upkeep\n|turn|6\n|\n|t:|1771676498\n|move|p1b: Calyrex|Protect|p1b: Calyrex\n|-singleturn|p1b: Calyrex|Protect\n|move|p2a: Koraidon|Close Combat|p1a: Ursaluna\n|-supereffective|p1a: Ursaluna\n|-damage|p1a: Ursaluna|0 fnt\n|-unboost|p2a: Koraidon|def|1\n|-unboost|p2a: Koraidon|spd|1\n|faint|p1a: Ursaluna\n|-damage|p2a: Koraidon|65/100|[from] item: Life Orb\n|move|p2b: Ho-Oh|Sacred Fire|p1b: Calyrex\n|-activate|p1b: Calyrex|move: Protect\n|\n|upkeep\n|\n|t:|1771676509\n|switch|p1a: Lunala|Lunala, L50|100/100\n|turn|7\n|\n|t:|1771676531\n|move|p2a: Koraidon|Dragon Claw|p1a: Lunala\n|-damage|p1a: Lunala|76/100\n|-damage|p2a: Koraidon|55/100|[from] item: Life Orb\n|move|p2b: Ho-Oh|Sacred Fire|p1b: Calyrex\n|-supereffective|p1b: Calyrex\n|-damage|p1b: Calyrex|0 fnt\n|faint|p1b: Calyrex\n|move|p1a: Lunala|Moongeist Beam|p2a: Koraidon\n|-damage|p2a: Koraidon|0 fnt\n|faint|p2a: Koraidon\n|\n|upkeep\n|turn|8\n|\n|t:|1771676544\n|-terastallize|p2b: Ho-Oh|Grass\n|move|p2b: Ho-Oh|Sacred Fire|p1a: Lunala\n|-damage|p1a: Lunala|36/100\n|move|p1a: Lunala|Meteor Beam||[still]\n|-prepare|p1a: Lunala|Meteor Beam\n|-boost|p1a: Lunala|spa|1\n|-enditem|p1a: Lunala|Power Herb\n|-anim|p1a: Lunala|Meteor Beam|p2b: Ho-Oh\n|-damage|p2b: Ho-Oh|7/100\n|\n|upkeep\n|turn|9\n|\n|t:|1771676556\n|move|p2b: Ho-Oh|Brave Bird|p1a: Lunala\n|-crit|p1a: Lunala\n|-damage|p1a: Lunala|0 fnt\n|faint|p1a: Lunala\n|-damage|p2b: Ho-Oh|0 fnt|[from] Recoil\n|faint|p2b: Ho-Oh\n|\n|win|Bef6\n|raw|tktkkenzoku's rating: 1350 &rarr; <strong>1340</strong><br />(-10 for losing)\n|raw|Bef6's rating: 1533 &rarr; <strong>1543</strong><br />(+10 for winning)\n|l|\u2606Bef6\n|player|p2|\n|l|\u2606tktkkenzoku\n|player|p1|\n","uploadtime":1771676740,"views":13,"formatid":"gen9vgc2026regi","rating":1340,"private":0,"password":null}