{"id":"gen9vgc2026regi-2563557735","format":"[Gen 9] VGC 2026 Reg I","players":["ArisHazard","bigman500"],"log":"|j|\u2606ArisHazard\n|j|\u2606bigman500\n|t:|1774036952\n|gametype|doubles\n|player|p1|ArisHazard|2|1353\n|player|p2|bigman500|1|1418\n|gen|9\n|tier|[Gen 9] VGC 2026 Reg I\n|rated|\n|rule|Species Clause: Limit one of each Pok\u00e9mon\n|rule|Item Clause: Limit 1 of each item\n|clearpoke\n|poke|p1|Calyrex-Ice, L50|\n|poke|p1|Hitmontop, L50, M|\n|poke|p1|Miraidon, L50|\n|poke|p1|Sableye, L50, M|\n|poke|p1|Ting-Lu, L50|\n|poke|p1|Iron Valiant, L50|\n|poke|p2|Incineroar, L50, M|\n|poke|p2|Sinistcha, L50|\n|poke|p2|Urshifu-*, L50, F|\n|poke|p2|Terapagos, L50, M|\n|poke|p2|Iron Treads, L50|\n|poke|p2|Miraidon, L50|\n|teampreview|4\n|inactive|Battle timer is ON: inactive players will automatically lose when time's up. (requested by ArisHazard)\n|\n|t:|1774036978\n|teamsize|p1|4\n|teamsize|p2|4\n|start\n|switch|p1a: Calyrex|Calyrex-Ice, L50|100/100\n|switch|p1b: Hitmontop|Hitmontop, L50, M|100/100\n|switch|p2a: Miraidon|Miraidon, L50|100/100\n|switch|p2b: Iron Treads|Iron Treads, L50|100/100\n|-ability|p1a: Calyrex|As One\n|-ability|p1a: Calyrex|Unnerve\n|-fieldstart|move: Electric Terrain|[from] ability: Hadron Engine|[of] p2a: Miraidon\n|-activate|p2b: Iron Treads|ability: Quark Drive\n|-start|p2b: Iron Treads|quarkdrivespe\n|-ability|p1b: Hitmontop|Intimidate|boost\n|-unboost|p2a: Miraidon|atk|1\n|-unboost|p2b: Iron Treads|atk|1\n|turn|1\n|inactive|bigman500 has 30 seconds left.\n|inactive|bigman500 has 20 seconds left.\n|inactive|bigman500 has 15 seconds left.\n|\n|t:|1774037018\n|move|p1b: Hitmontop|Fake Out|p2a: Miraidon\n|-damage|p2a: Miraidon|92/100\n|move|p2b: Iron Treads|Steel Roller|p1a: Calyrex\n|-supereffective|p1a: Calyrex\n|-damage|p1a: Calyrex|16/100\n|-fieldend|move: Electric Terrain\n|-end|p2b: Iron Treads|Quark Drive\n|cant|p2a: Miraidon|flinch\n|move|p1a: Calyrex|Glacial Lance|p2a: Miraidon|[spread] p2a,p2b\n|-supereffective|p2a: Miraidon\n|-damage|p2a: Miraidon|0 fnt\n|-damage|p2b: Iron Treads|42/100\n|faint|p2a: Miraidon\n|-ability|p1a: Calyrex|Chilling Neigh|boost\n|-boost|p1a: Calyrex|atk|1\n|\n|upkeep\n|\n|t:|1774037032\n|switch|p2a: Incineroar|Incineroar, L50, M|100/100\n|-ability|p2a: Incineroar|Intimidate|boost\n|-fail|p1a: Calyrex|unboost|[from] item: Clear Amulet|[of] p1a: Calyrex\n|-unboost|p1b: Hitmontop|atk|1\n|turn|2\n|\n|t:|1774037051\n|-end|p2b: Iron Treads|Quark Drive|[silent]\n|switch|p2b: Terapagos|Terapagos, L50, M|100/100\n|-activate|p2b: Terapagos|ability: Tera Shift\n|detailschange|p2b: Terapagos|Terapagos-Terastal, L50, M\n|-heal|p2b: Terapagos|100/100|[silent]\n|move|p1a: Calyrex|Protect|p1a: Calyrex\n|-singleturn|p1a: Calyrex|Protect\n|move|p1b: Hitmontop|Close Combat|p2b: Terapagos\n|-activate|p2b: Terapagos|ability: Tera Shell\n|-resisted|p2b: Terapagos\n|-damage|p2b: Terapagos|90/100\n|-unboost|p1b: Hitmontop|def|1\n|-unboost|p1b: Hitmontop|spd|1\n|move|p2a: Incineroar|Knock Off|p1a: Calyrex\n|-activate|p1a: Calyrex|move: Protect\n|\n|upkeep\n|turn|3\n|inactive|bigman500 has 30 seconds left.\n|\n|t:|1774037079\n|switch|p1b: Ting-Lu|Ting-Lu, L50|100/100\n|-ability|p1b: Ting-Lu|Vessel of Ruin\n|-terastallize|p2b: Terapagos|Stellar\n|detailschange|p2b: Terapagos|Terapagos-Stellar, L50, M, tera:Stellar\n|-heal|p2b: Terapagos|92/100|[silent]\n|move|p2b: Terapagos|Calm Mind|p2b: Terapagos\n|-boost|p2b: Terapagos|spa|1\n|-boost|p2b: Terapagos|spd|1\n|move|p2a: Incineroar|Knock Off|p1a: Calyrex\n|-supereffective|p1a: Calyrex\n|-damage|p1a: Calyrex|0 fnt\n|-enditem|p1a: Calyrex|Clear Amulet|[from] move: Knock Off|[of] p2a: Incineroar\n|faint|p1a: Calyrex\n|\n|upkeep\n|\n|t:|1774037095\n|switch|p1a: Sableye|Sableye, L50, M|100/100\n|turn|4\n|\n|t:|1774037106\n|move|p1a: Sableye|Encore|p2b: Terapagos\n|-start|p2b: Terapagos|Encore\n|move|p2b: Terapagos|Calm Mind|p2b: Terapagos\n|-boost|p2b: Terapagos|spa|1\n|-boost|p2b: Terapagos|spd|1\n|move|p2a: Incineroar|Knock Off|p1b: Ting-Lu\n|-resisted|p1b: Ting-Lu\n|-damage|p1b: Ting-Lu|89/100\n|-damage|p2a: Incineroar|84/100|[from] item: Rocky Helmet|[of] p1b: Ting-Lu\n|-enditem|p1b: Ting-Lu|Rocky Helmet|[from] move: Knock Off|[of] p2a: Incineroar\n|move|p1b: Ting-Lu|Sand Tomb|p2a: Incineroar\n|-supereffective|p2a: Incineroar\n|-damage|p2a: Incineroar|56/100\n|-activate|p2a: Incineroar|move: Sand Tomb|[of] p1b: Ting-Lu\n|\n|-damage|p2a: Incineroar|44/100|[from] move: Sand Tomb|[partiallytrapped]\n|upkeep\n|turn|5\n|\n|t:|1774037129\n|move|p2b: Terapagos|Calm Mind|p2b: Terapagos\n|-boost|p2b: Terapagos|spa|1\n|-boost|p2b: Terapagos|spd|1\n|move|p2a: Incineroar|Flare Blitz|p1a: Sableye\n|-damage|p1a: Sableye|25/100\n|-enditem|p1a: Sableye|Sitrus Berry|[eat]\n|-heal|p1a: Sableye|50/100|[from] item: Sitrus Berry\n|-damage|p2a: Incineroar|25/100|[from] Recoil\n|move|p1a: Sableye|Foul Play|p2a: Incineroar\n|-resisted|p2a: Incineroar\n|-damage|p2a: Incineroar|0 fnt\n|-damage|p1a: Sableye|34/100|[from] item: Rocky Helmet|[of] p2a: Incineroar\n|faint|p2a: Incineroar\n|move|p1b: Ting-Lu|Sand Tomb|p2b: Terapagos\n|-damage|p2b: Terapagos|84/100\n|-activate|p2b: Terapagos|move: Sand Tomb|[of] p1b: Ting-Lu\n|\n|-damage|p2b: Terapagos|72/100|[from] move: Sand Tomb|[partiallytrapped]\n|upkeep\n|j| SGillfish\n|\n|t:|1774037144\n|switch|p2a: Iron Treads|Iron Treads, L50|42/100\n|turn|6\n|\n|t:|1774037155\n|move|p1a: Sableye|Protect|p1a: Sableye\n|-singleturn|p1a: Sableye|Protect\n|move|p2a: Iron Treads|High Horsepower|p1a: Sableye\n|-activate|p1a: Sableye|move: Protect\n|move|p2b: Terapagos|Calm Mind|p2b: Terapagos\n|-boost|p2b: Terapagos|spa|1\n|-boost|p2b: Terapagos|spd|1\n|move|p1b: Ting-Lu|Stomping Tantrum|p2a: Iron Treads\n|-supereffective|p2a: Iron Treads\n|-damage|p2a: Iron Treads|0 fnt\n|faint|p2a: Iron Treads\n|-end|p2a: Iron Treads|Quark Drive|[silent]\n|\n|-damage|p2b: Terapagos|60/100|[from] move: Sand Tomb|[partiallytrapped]\n|-end|p2b: Terapagos|Encore\n|upkeep\n|turn|7\n|\n|t:|1774037175\n|move|p2b: Terapagos|Protect|p2b: Terapagos\n|-singleturn|p2b: Terapagos|Protect\n|move|p1a: Sableye|Encore|p2b: Terapagos\n|-activate|p2b: Terapagos|move: Protect\n|move|p1b: Ting-Lu|Ruination|p2b: Terapagos\n|-activate|p2b: Terapagos|move: Protect\n|\n|-damage|p2b: Terapagos|47/100|[from] move: Sand Tomb|[partiallytrapped]\n|upkeep\n|turn|8\n|\n|t:|1774037188\n|move|p1a: Sableye|Encore|p2b: Terapagos\n|-start|p2b: Terapagos|Encore\n|move|p2b: Terapagos|Protect||[still]\n|-fail|p2b: Terapagos\n|move|p1b: Ting-Lu|Stomping Tantrum|p2b: Terapagos\n|-damage|p2b: Terapagos|29/100\n|\n|-damage|p2b: Terapagos|17/100|[from] move: Sand Tomb|[partiallytrapped]\n|upkeep\n|turn|9\n|-message|bigman500 forfeited.\n|\n|win|ArisHazard\n|raw|ArisHazard's rating: 1353 &rarr; <strong>1377</strong><br />(+24 for winning)\n|raw|bigman500's rating: 1418 &rarr; <strong>1394</strong><br />(-24 for losing)\n|l|\u2606bigman500\n|player|p2|\n|l|\u2606ArisHazard\n|player|p1|\n|l| SGillfish\n","uploadtime":1774037355,"views":14,"formatid":"gen9vgc2026regi","rating":1377,"private":0,"password":null}