{"id":"gen9vgc2026regi-2578958850","format":"[Gen 9] VGC 2026 Reg I","players":["asroarri","Smile expression"],"log":"|j|\u2606asroarri\n|j|\u2606Smile expression\n|t:|1775740483\n|gametype|doubles\n|player|p1|asroarri|dawn|1601\n|player|p2|Smile expression|lucas|1548\n|gen|9\n|tier|[Gen 9] VGC 2026 Reg I\n|rated|\n|rule|Species Clause: Limit one of each Pok\u00e9mon\n|rule|Item Clause: Limit 1 of each item\n|clearpoke\n|poke|p1|Calyrex-Ice, L50|\n|poke|p1|Miraidon, L50|\n|poke|p1|Iron Hands, L50|\n|poke|p1|Farigiraf, L50, F|\n|poke|p1|Torkoal, L50, M|\n|poke|p1|Smeargle, L50, F|\n|poke|p2|Zamazenta-*, L50|\n|poke|p2|Calyrex-Shadow, L50|\n|poke|p2|Tornadus, L50, M|\n|poke|p2|Rillaboom, L50, F|\n|poke|p2|Smeargle, L50, F|\n|poke|p2|Raging Bolt, L50|\n|teampreview|4\n|inactive|Battle timer is ON: inactive players will automatically lose when time's up. (requested by asroarri)\n|\n|t:|1775740512\n|teamsize|p1|4\n|teamsize|p2|4\n|start\n|switch|p1a: Calyrex|Calyrex-Ice, L50|100/100\n|switch|p1b: Iron Hands|Iron Hands, L50|100/100\n|switch|p2a: Calyrex|Calyrex-Shadow, L50|100/100\n|switch|p2b: Smeargle|Smeargle, L50, F|100/100\n|-ability|p2a: Calyrex|As One\n|-ability|p2a: Calyrex|Unnerve\n|-ability|p1a: Calyrex|As One\n|-ability|p1a: Calyrex|Unnerve\n|turn|1\n|inactive|Smile expression has 30 seconds left.\n|\n|t:|1775740544\n|switch|p1a: Miraidon|Miraidon, L50|100/100\n|-fieldstart|move: Electric Terrain|[from] ability: Hadron Engine|[of] p1a: Miraidon\n|-activate|p1b: Iron Hands|ability: Quark Drive\n|-start|p1b: Iron Hands|quarkdriveatk\n|move|p2b: Smeargle|Fake Out|p1a: Miraidon\n|-damage|p1a: Miraidon|97/100\n|move|p2a: Calyrex|Psychic|p1b: Iron Hands\n|-supereffective|p1b: Iron Hands\n|-damage|p1b: Iron Hands|15/100\n|-unboost|p1b: Iron Hands|spd|1\n|-damage|p2a: Calyrex|91/100|[from] item: Life Orb\n|move|p1b: Iron Hands|Wild Charge|p2b: Smeargle\n|-enditem|p2b: Smeargle|Focus Sash\n|-damage|p2b: Smeargle|1/100\n|-damage|p1b: Iron Hands|2/100|[from] Recoil\n|\n|-ability|p2b: Smeargle|Moody|boost\n|-boost|p2b: Smeargle|spd|2\n|-unboost|p2b: Smeargle|def|1\n|upkeep\n|turn|2\n|inactive|Smile expression has 30 seconds left.\n|\n|t:|1775740573\n|-end|p1b: Iron Hands|Quark Drive|[silent]\n|switch|p1b: Farigiraf|Farigiraf, L50, F|100/100\n|-enditem|p1b: Farigiraf|Electric Seed\n|-boost|p1b: Farigiraf|def|1|[from] item: Electric Seed\n|move|p2b: Smeargle|Follow Me|p2b: Smeargle\n|-singleturn|p2b: Smeargle|move: Follow Me\n|move|p1a: Miraidon|Snarl|p2b: Smeargle|[spread] p2a,p2b\n|-supereffective|p2a: Calyrex\n|-crit|p2b: Smeargle\n|-damage|p2a: Calyrex|16/100\n|-damage|p2b: Smeargle|0 fnt\n|-unboost|p2a: Calyrex|spa|1\n|faint|p2b: Smeargle\n|move|p2a: Calyrex|Astral Barrage|p1a: Miraidon|[spread] p1a\n|-immune|p1b: Farigiraf\n|-damage|p1a: Miraidon|60/100\n|-damage|p2a: Calyrex|6/100|[from] item: Life Orb\n|\n|upkeep\n|\n|t:|1775740594\n|switch|p2b: Rillaboom|Rillaboom, L50, F, shiny|100/100\n|-fieldstart|move: Grassy Terrain|[from] ability: Grassy Surge|[of] p2b: Rillaboom\n|turn|3\n|\n|t:|1775740605\n|move|p2a: Calyrex|Protect|p2a: Calyrex\n|-singleturn|p2a: Calyrex|Protect\n|move|p1a: Miraidon|Snarl|p2a: Calyrex|[spread] p2b\n|-activate|p2a: Calyrex|move: Protect\n|-damage|p2b: Rillaboom|89/100\n|-unboost|p2b: Rillaboom|spa|1\n|move|p2b: Rillaboom|U-turn|p1b: Farigiraf\n|-supereffective|p1b: Farigiraf\n|-damage|p1b: Farigiraf|70/100\n|\n|t:|1775740615\n|switch|p2b: Zamazenta|Zamazenta-Crowned, L50|100/100|[from] U-turn\n|-ability|p2b: Zamazenta|Dauntless Shield|boost\n|-boost|p2b: Zamazenta|def|1\n|move|p1b: Farigiraf|Trick Room|p1b: Farigiraf\n|-fieldstart|move: Trick Room|[of] p1b: Farigiraf\n|\n|-heal|p1b: Farigiraf|76/100|[from] Grassy Terrain\n|-heal|p2a: Calyrex|12/100|[from] Grassy Terrain\n|-heal|p1a: Miraidon|66/100|[from] Grassy Terrain\n|upkeep\n|turn|4\n|\n|t:|1775740632\n|switch|p2a: Rillaboom|Rillaboom, L50, F, shiny|89/100\n|switch|p1a: Iron Hands|Iron Hands, L50|2/100\n|move|p1b: Farigiraf|Foul Play|p2a: Rillaboom\n|-crit|p2a: Rillaboom\n|-damage|p2a: Rillaboom|53/100\n|move|p2b: Zamazenta|Body Press|p1b: Farigiraf\n|-damage|p1b: Farigiraf|28/100\n|\n|-heal|p1a: Iron Hands|8/100|[from] Grassy Terrain\n|-heal|p1b: Farigiraf|34/100|[from] Grassy Terrain\n|-heal|p2a: Rillaboom|58/100|[from] Grassy Terrain\n|upkeep\n|turn|5\n|\n|t:|1775740657\n|move|p2a: Rillaboom|Grassy Glide||[still]\n|cant|p1b: Farigiraf|ability: Armor Tail|Grassy Glide|[of] p2a: Rillaboom\n|move|p1a: Iron Hands|Drain Punch|p2a: Rillaboom\n|-damage|p2a: Rillaboom|22/100\n|-heal|p1a: Iron Hands|23/100|[from] drain|[of] p2a: Rillaboom\n|move|p1b: Farigiraf|Foul Play|p2a: Rillaboom\n|-damage|p2a: Rillaboom|0 fnt\n|faint|p2a: Rillaboom\n|move|p2b: Zamazenta|Body Press|p1b: Farigiraf\n|-damage|p1b: Farigiraf|0 fnt\n|faint|p1b: Farigiraf\n|\n|-heal|p1a: Iron Hands|29/100|[from] Grassy Terrain\n|upkeep\n|\n|t:|1775740674\n|switch|p1b: Calyrex|Calyrex-Ice, L50|100/100\n|switch|p2a: Calyrex|Calyrex-Shadow, L50|12/100\n|-ability|p1b: Calyrex|As One\n|-ability|p1b: Calyrex|Unnerve\n|-ability|p2a: Calyrex|As One\n|-ability|p2a: Calyrex|Unnerve\n|turn|6\n|\n|t:|1775740695\n|move|p2a: Calyrex|Protect|p2a: Calyrex\n|-singleturn|p2a: Calyrex|Protect\n|move|p1a: Iron Hands|Wild Charge|p2a: Calyrex\n|-activate|p2a: Calyrex|move: Protect\n|move|p1b: Calyrex|High Horsepower|p2b: Zamazenta\n|-supereffective|p2b: Zamazenta\n|-damage|p2b: Zamazenta|66/100\n|move|p2b: Zamazenta|Body Press|p1b: Calyrex\n|-damage|p1b: Calyrex|57/100\n|\n|-heal|p1b: Calyrex|63/100|[from] Grassy Terrain\n|-heal|p1a: Iron Hands|35/100|[from] Grassy Terrain\n|-heal|p2b: Zamazenta|73/100|[from] Grassy Terrain\n|-heal|p2a: Calyrex|18/100|[from] Grassy Terrain\n|upkeep\n|turn|7\n|\n|t:|1775740715\n|move|p1b: Calyrex|High Horsepower|p2b: Zamazenta\n|-supereffective|p2b: Zamazenta\n|-damage|p2b: Zamazenta|41/100\n|move|p1a: Iron Hands|Wild Charge|p2a: Calyrex\n|-damage|p2a: Calyrex|0 fnt\n|faint|p2a: Calyrex\n|-damage|p1a: Iron Hands|32/100|[from] Recoil\n|move|p2b: Zamazenta|Body Press|p1a: Iron Hands\n|-damage|p1a: Iron Hands|0 fnt\n|faint|p1a: Iron Hands\n|-end|p1a: Iron Hands|Quark Drive|[silent]\n|\n|-heal|p1b: Calyrex|69/100|[from] Grassy Terrain\n|-heal|p2b: Zamazenta|48/100|[from] Grassy Terrain\n|-fieldend|move: Trick Room\n|-fieldend|move: Grassy Terrain\n|upkeep\n|\n|t:|1775740725\n|switch|p1a: Miraidon|Miraidon, L50|66/100\n|-fieldstart|move: Electric Terrain|[from] ability: Hadron Engine|[of] p1a: Miraidon\n|turn|8\n|\n|t:|1775740738\n|-terastallize|p1a: Miraidon|Electric\n|-terastallize|p2b: Zamazenta|Grass\n|move|p1a: Miraidon|Electro Drift|p2b: Zamazenta\n|-resisted|p2b: Zamazenta\n|-damage|p2b: Zamazenta|0 fnt\n|faint|p2b: Zamazenta\n|\n|win|asroarri\n|raw|asroarri's rating: 1601 &rarr; <strong>1618</strong><br />(+17 for winning)\n|raw|Smile expression's rating: 1548 &rarr; <strong>1531</strong><br />(-17 for losing)\n|l|\u2606asroarri\n|player|p1|\n|l|\u2606Smile expression\n|player|p2|\n","uploadtime":1775740899,"views":13,"formatid":"gen9vgc2026regi","rating":1531,"private":0,"password":null}