{"id":"gen9vgc2026regi-2535285312","format":"[Gen 9] VGC 2026 Reg I","players":["Luh_simoes-04","lilcardscammer"],"log":"|j|\u2606Luh_simoes-04\n|j|\u2606lilcardscammer\n|t:|1770544517\n|gametype|doubles\n|player|p1|Luh_simoes-04|drayden|1405\n|player|p2|lilcardscammer|waitress-gen4|1367\n|gen|9\n|tier|[Gen 9] VGC 2026 Reg I\n|rated|\n|rule|Species Clause: Limit one of each Pok\u00e9mon\n|rule|Item Clause: Limit 1 of each item\n|clearpoke\n|poke|p1|Lunala, L50|\n|poke|p1|Ogerpon-Cornerstone, L50, F|\n|poke|p1|Calyrex-Ice, L50|\n|poke|p1|Urshifu-*, L50, M|\n|poke|p1|Chi-Yu, L50|\n|poke|p1|Landorus, L50, M|\n|poke|p2|Lunala, L50|\n|poke|p2|Koraidon, L50|\n|poke|p2|Chi-Yu, L50|\n|poke|p2|Flutter Mane, L50|\n|poke|p2|Brute Bonnet, L50|\n|poke|p2|Ursaluna, L50, F|\n|teampreview|4\n|inactive|Battle timer is ON: inactive players will automatically lose when time's up. (requested by lilcardscammer)\n|inactive|Luh_simoes-04 also wants the timer to be on.\n|\n|t:|1770544542\n|teamsize|p1|4\n|teamsize|p2|4\n|start\n|switch|p1a: Ogerpon|Ogerpon-Cornerstone, L50, F|100/100\n|switch|p1b: Lunala|Lunala, L50|100/100\n|switch|p2a: 2k2d tyrant barrel|Chi-Yu, L50, shiny|100/100\n|switch|p2b: LOCKHEED|Koraidon, L50, shiny|100/100\n|-ability|p2a: 2k2d tyrant barrel|Beads of Ruin\n|-weather|SunnyDay|[from] ability: Orichalcum Pulse|[of] p2b: LOCKHEED\n|-activate|p2b: LOCKHEED|Orichalcum Pulse|[source]\n|turn|1\n|\n|t:|1770544559\n|move|p1a: Ogerpon|Follow Me|p1a: Ogerpon\n|-singleturn|p1a: Ogerpon|move: Follow Me\n|move|p2a: 2k2d tyrant barrel|Snarl|p1b: Lunala|[spread] p1a,p1b\n|-supereffective|p1b: Lunala\n|-damage|p1a: Ogerpon|67/100\n|-damage|p1b: Lunala|58/100\n|-unboost|p1a: Ogerpon|spa|1\n|-unboost|p1b: Lunala|spa|1\n|move|p2b: LOCKHEED|Flare Blitz|p1a: Ogerpon\n|-damage|p1a: Ogerpon|0 fnt\n|faint|p1a: Ogerpon\n|-damage|p2b: LOCKHEED|78/100|[from] Recoil\n|-damage|p2b: LOCKHEED|69/100|[from] item: Life Orb\n|move|p1b: Lunala|Trick Room|p1b: Lunala\n|-fieldstart|move: Trick Room|[of] p1b: Lunala\n|\n|-weather|SunnyDay|[upkeep]\n|upkeep\n|\n|t:|1770544568\n|switch|p1a: Urshifu|Urshifu, L50, M|100/100\n|turn|2\n|\n|t:|1770544585\n|switch|p2b: lemon glow|Brute Bonnet, L50, shiny|100/100\n|-activate|p2b: lemon glow|ability: Protosynthesis\n|-start|p2b: lemon glow|protosynthesisdef\n|-terastallize|p1b: Lunala|Fairy\n|-terastallize|p2a: 2k2d tyrant barrel|Ghost\n|move|p1a: Urshifu|Close Combat|p2b: lemon glow\n|-supereffective|p2b: lemon glow\n|-crit|p2b: lemon glow\n|-damage|p2b: lemon glow|0 fnt\n|-unboost|p1a: Urshifu|def|1\n|-unboost|p1a: Urshifu|spd|1\n|-damage|p1a: Urshifu|84/100|[from] item: Rocky Helmet|[of] p2b: lemon glow\n|faint|p2b: lemon glow\n|-end|p2b: lemon glow|Protosynthesis|[silent]\n|move|p1b: Lunala|Meteor Beam||[still]\n|-prepare|p1b: Lunala|Meteor Beam\n|-boost|p1b: Lunala|spa|1\n|-enditem|p1b: Lunala|Power Herb\n|-anim|p1b: Lunala|Meteor Beam|p2a: 2k2d tyrant barrel\n|-damage|p2a: 2k2d tyrant barrel|41/100\n|move|p2a: 2k2d tyrant barrel|Snarl|p1a: Urshifu|[spread] p1a,p1b\n|-resisted|p1a: Urshifu\n|-resisted|p1b: Lunala\n|-damage|p1a: Urshifu|72/100\n|-damage|p1b: Lunala|47/100\n|-unboost|p1a: Urshifu|spa|1\n|-unboost|p1b: Lunala|spa|1\n|\n|-weather|SunnyDay|[upkeep]\n|upkeep\n|\n|t:|1770544591\n|switch|p2b: swoon|Ursaluna, L50, F|100/100\n|turn|3\n|j| sunrakugaming\n|\n|t:|1770544611\n|move|p1a: Urshifu|Close Combat|p2b: swoon\n|-supereffective|p2b: swoon\n|-damage|p2b: swoon|4/100\n|-unboost|p1a: Urshifu|def|1\n|-unboost|p1a: Urshifu|spd|1\n|move|p2b: swoon|Facade|p1a: Urshifu\n|-damage|p1a: Urshifu|0 fnt\n|faint|p1a: Urshifu\n|move|p1b: Lunala|Moongeist Beam|p2a: 2k2d tyrant barrel\n|-supereffective|p2a: 2k2d tyrant barrel\n|-damage|p2a: 2k2d tyrant barrel|0 fnt\n|faint|p2a: 2k2d tyrant barrel\n|\n|-weather|SunnyDay|[upkeep]\n|-status|p2b: swoon|brn|[from] item: Flame Orb\n|upkeep\n|\n|t:|1770544615\n|switch|p1a: Chi-Yu|Chi-Yu, L50|100/100\n|switch|p2a: LOCKHEED|Koraidon, L50, shiny|69/100\n|-ability|p1a: Chi-Yu|Beads of Ruin\n|-activate|p2a: LOCKHEED|ability: Orichalcum Pulse\n|turn|4\n|\n|t:|1770544642\n|move|p2a: LOCKHEED|Protect|p2a: LOCKHEED\n|-singleturn|p2a: LOCKHEED|Protect\n|move|p2b: swoon|Earthquake|p1a: Chi-Yu|[spread] p1a,p1b\n|-activate|p2a: LOCKHEED|move: Protect\n|-supereffective|p1a: Chi-Yu\n|-enditem|p1a: Chi-Yu|Focus Sash\n|-damage|p1a: Chi-Yu|1/100\n|-damage|p1b: Lunala|0 fnt\n|faint|p1b: Lunala\n|move|p1a: Chi-Yu|Dark Pulse|p2a: LOCKHEED\n|-activate|p2a: LOCKHEED|move: Protect\n|\n|-weather|SunnyDay|[upkeep]\n|-damage|p2b: swoon|0 fnt|[from] brn\n|faint|p2b: swoon\n|upkeep\n|turn|5\n|\n|t:|1770544650\n|move|p1a: Chi-Yu|Dark Pulse|p2a: LOCKHEED\n|-resisted|p2a: LOCKHEED\n|-damage|p2a: LOCKHEED|40/100\n|move|p2a: LOCKHEED|Flame Charge|p1a: Chi-Yu\n|-resisted|p1a: Chi-Yu\n|-damage|p1a: Chi-Yu|0 fnt\n|-boost|p2a: LOCKHEED|spe|1\n|faint|p1a: Chi-Yu\n|-damage|p2a: LOCKHEED|30/100|[from] item: Life Orb\n|\n|win|lilcardscammer\n|raw|Luh_simoes-04's rating: 1405 &rarr; <strong>1383</strong><br />(-22 for losing)\n|raw|lilcardscammer's rating: 1367 &rarr; <strong>1389</strong><br />(+22 for winning)\n|l|\u2606Luh_simoes-04\n|player|p1|\n|l| sunrakugaming\n|l|\u2606lilcardscammer\n|player|p2|\n|j|\u2606lilcardscammer\n|player|p2|lilcardscammer|waitress-gen4|\n","uploadtime":1770544777,"views":17,"formatid":"gen9vgc2026regi","rating":1383,"private":0,"password":null}