{"id":"gen9vgc2026regi-2559994920","format":"[Gen 9] VGC 2026 Reg I","players":["INT Leite Ninho","It'sJustKen VGC"],"log":"|j|\u2606INT Leite Ninho\n|j|\u2606It'sJustKen VGC\n|t:|1773633221\n|gametype|doubles\n|player|p1|INT Leite Ninho|elaine|\n|player|p2|It'sJustKen VGC|102|\n|gen|9\n|tier|[Gen 9] VGC 2026 Reg I\n|rated|Tournament battle\n|rule|Species Clause: Limit one of each Pok\u00e9mon\n|rule|Item Clause: Limit 1 of each item\n|raw|<div class=\"infobox\"><details class=\"readmore\" open><summary><strong>3 custom rules:</strong></summary> Open Team Sheets, Force Open Team Sheets, !Open Team Sheets</details></div>\n|clearpoke\n|poke|p1|Calyrex-Shadow, L50|\n|poke|p1|Koraidon, L50|\n|poke|p1|Flutter Mane, L50|\n|poke|p1|Incineroar, L50, M|\n|poke|p1|Rillaboom, L50, F|\n|poke|p1|Amoonguss, L50, M|\n|poke|p2|Landorus, L50, M|\n|poke|p2|Amoonguss, L50, F|\n|poke|p2|Calyrex-Ice, L50|\n|poke|p2|Incineroar, L50, M|\n|poke|p2|Miraidon, L50|\n|poke|p2|Urshifu-*, L50, M|\n|teampreview|4\n|showteam|p1|Calyrex-Shadow||Leftovers|AsOneSpectrier|AstralBarrage,GigaDrain,Protect,LeechSeed||||||50|,,,,,Dark]Koraidon||LifeOrb|OrichalcumPulse|FlareBlitz,CloseCombat,FlameCharge,Protect||||||50|,,,,,Fire]Flutter Mane||FocusSash|Protosynthesis|Moonblast,IcyWind,Protect,ShadowBall||||||50|,,,,,Normal]Incineroar||SafetyGoggles|Intimidate|FlareBlitz,KnockOff,FakeOut,PartingShot|||M|||50|,,,,,Bug]Rillaboom||AssaultVest|GrassySurge|WoodHammer,Uturn,GrassyGlide,FakeOut|||F|||50|,,,,,Fire]Amoonguss||CovertCloak|Regenerator|PollenPuff,Spore,RagePowder,ClearSmog|||M|||50|,,,,,Fire\n|showteam|p2|Landorus||LifeOrb|SheerForce|Protect,EarthPower,SludgeBomb,SandsearStorm|||M|||50|,,,,,Ground]Amoonguss||SitrusBerry|Regenerator|Protect,PollenPuff,Spore,RagePowder|||F|||50|,,,,,Water]Calyrex-Ice||ClearAmulet|AsOneGlastrier|Protect,GlacialLance,HighHorsepower,TrickRoom||||||50|,,,,,Fire]Incineroar||AssaultVest|Intimidate|FakeOut,Uturn,KnockOff,FlareBlitz|||M|||50|,,,,,Grass]Miraidon||ChoiceSpecs|HadronEngine|ElectroDrift,VoltSwitch,Discharge,DracoMeteor||||||50|,,,,,Electric]Urshifu-Rapid-Strike||ChoiceBand|UnseenFist|SurgingStrikes,CloseCombat,Uturn,AquaJet|||M|||50|,,,,,Ghost\n|inactive|Battle timer is ON: inactive players will automatically lose when time's up. (requested by INT Leite Ninho)\n|inactive|It'sJustKen VGC also wants the timer to be on.\n|c|\u2606INT Leite Ninho|glhf\n|j| MEXES\n|j|@Radio Free C-Side\n|inactive|INT Leite Ninho has 60 seconds left.\n|inactive|It'sJustKen VGC has 60 seconds left.\n|c|\u2606It'sJustKen VGC|u2\n|\n|t:|1773633276\n|teamsize|p1|4\n|teamsize|p2|4\n|start\n|switch|p1a: Incineroar|Incineroar, L50, M|100/100\n|switch|p1b: Calyrex|Calyrex-Shadow, L50|100/100\n|switch|p2a: Antonelli|Miraidon, L50|100/100\n|switch|p2b: Russel|Calyrex-Ice, L50|100/100\n|-ability|p1b: Calyrex|As One\n|-ability|p1b: Calyrex|Unnerve\n|-ability|p2b: Russel|As One\n|-ability|p2b: Russel|Unnerve\n|-fieldstart|move: Electric Terrain|[from] ability: Hadron Engine|[of] p2a: Antonelli\n|-ability|p1a: Incineroar|Intimidate|boost\n|-unboost|p2a: Antonelli|atk|1\n|-fail|p2b: Russel|unboost|[from] item: Clear Amulet|[of] p2b: Russel\n|turn|1\n|\n|t:|1773633289\n|-terastallize|p2b: Russel|Fire\n|move|p1a: Incineroar|Fake Out|p2a: Antonelli\n|-damage|p2a: Antonelli|90/100\n|move|p1b: Calyrex|Leech Seed|p2b: Russel|[miss]\n|-miss|p1b: Calyrex|p2b: Russel\n|cant|p2a: Antonelli|flinch\n|move|p2b: Russel|Glacial Lance|p1b: Calyrex|[spread] p1a,p1b\n|-resisted|p1a: Incineroar\n|-damage|p1a: Incineroar|74/100\n|-damage|p1b: Calyrex|38/100\n|\n|-heal|p1b: Calyrex|44/100|[from] item: Leftovers\n|upkeep\n|turn|2\n|\n|t:|1773633312\n|move|p1b: Calyrex|Protect|p1b: Calyrex\n|-singleturn|p1b: Calyrex|Protect\n|move|p2a: Antonelli|Volt Switch|p1a: Incineroar\n|-damage|p1a: Incineroar|0 fnt\n|faint|p1a: Incineroar\n|\n|t:|1773633318\n|switch|p2a: Hamilton|Incineroar, L50, M|100/100|[from] Volt Switch\n|-ability|p2a: Hamilton|Intimidate|boost\n|-unboost|p1b: Calyrex|atk|1\n|move|p2b: Russel|Glacial Lance|p1b: Calyrex\n|-activate|p1b: Calyrex|move: Protect\n|\n|-heal|p1b: Calyrex|50/100|[from] item: Leftovers\n|upkeep\n|\n|t:|1773633323\n|switch|p1a: Rillaboom|Rillaboom, L50, F|100/100\n|-fieldstart|move: Grassy Terrain|[from] ability: Grassy Surge|[of] p1a: Rillaboom\n|turn|3\n|\n|t:|1773633346\n|-terastallize|p1b: Calyrex|Dark\n|move|p1a: Rillaboom|Fake Out|p2b: Russel\n|-damage|p2b: Russel|92/100\n|move|p1b: Calyrex|Giga Drain|p2a: Hamilton\n|-resisted|p2a: Hamilton\n|-damage|p2a: Hamilton|88/100\n|-heal|p1b: Calyrex|55/100|[from] drain|[of] p2a: Hamilton\n|move|p2a: Hamilton|Flare Blitz|p1b: Calyrex\n|-damage|p1b: Calyrex|4/100\n|-damage|p2a: Hamilton|69/100|[from] Recoil\n|cant|p2b: Russel|flinch\n|\n|-heal|p1b: Calyrex|10/100|[from] Grassy Terrain\n|-heal|p1b: Calyrex|16/100|[from] item: Leftovers\n|-heal|p2a: Hamilton|75/100|[from] Grassy Terrain\n|-heal|p2b: Russel|98/100|[from] Grassy Terrain\n|upkeep\n|turn|4\n|j| H4irashi\n|inactive|INT Leite Ninho has 30 seconds left.\n|inactive|INT Leite Ninho has 20 seconds left.\n|\n|t:|1773633386\n|move|p1b: Calyrex|Protect|p1b: Calyrex\n|-singleturn|p1b: Calyrex|Protect\n|move|p1a: Rillaboom|U-turn|p2a: Hamilton\n|-damage|p2a: Hamilton|48/100\n|\n|t:|1773633390\n|switch|p1a: Koraidon|Koraidon, L50|100/100|[from] U-turn\n|-weather|SunnyDay|[from] ability: Orichalcum Pulse|[of] p1a: Koraidon\n|-activate|p1a: Koraidon|Orichalcum Pulse|[source]\n|move|p2a: Hamilton|Flare Blitz|p1a: Koraidon\n|-resisted|p1a: Koraidon\n|-damage|p1a: Koraidon|59/100\n|-damage|p2a: Hamilton|35/100|[from] Recoil\n|move|p2b: Russel|Trick Room|p2b: Russel\n|-fieldstart|move: Trick Room|[of] p2b: Russel\n|\n|-weather|SunnyDay|[upkeep]\n|-heal|p2b: Russel|100/100|[from] Grassy Terrain\n|-heal|p2a: Hamilton|41/100|[from] Grassy Terrain\n|-heal|p1a: Koraidon|65/100|[from] Grassy Terrain\n|-heal|p1b: Calyrex|22/100|[from] Grassy Terrain\n|-heal|p1b: Calyrex|28/100|[from] item: Leftovers\n|upkeep\n|turn|5\n|l| H4irashi\n|\n|t:|1773633411\n|switch|p1b: Rillaboom|Rillaboom, L50, F|100/100\n|move|p1a: Koraidon|Protect|p1a: Koraidon\n|-singleturn|p1a: Koraidon|Protect\n|move|p2b: Russel|Glacial Lance|p1a: Koraidon|[spread] p1b\n|-activate|p1a: Koraidon|move: Protect\n|-supereffective|p1b: Rillaboom\n|-damage|p1b: Rillaboom|0 fnt\n|faint|p1b: Rillaboom\n|-ability|p2b: Russel|Chilling Neigh|boost\n|-boost|p2b: Russel|atk|1\n|move|p2a: Hamilton|Flare Blitz|p1a: Koraidon\n|-activate|p1a: Koraidon|move: Protect\n|\n|-weather|SunnyDay|[upkeep]\n|-heal|p2a: Hamilton|47/100|[from] Grassy Terrain\n|-heal|p1a: Koraidon|72/100|[from] Grassy Terrain\n|upkeep\n|c|\u2606INT Leite Ninho|that leech miss\n|c|\u2606INT Leite Ninho|turn 1\n|\n|t:|1773633420\n|switch|p1b: Calyrex|Calyrex-Shadow, L50, tera:Dark|28/100\n|-ability|p1b: Calyrex|As One\n|-ability|p1b: Calyrex|Unnerve\n|turn|6\n|j| 801344244a\n|\n|t:|1773633425\n|move|p2b: Russel|Glacial Lance|p1a: Koraidon|[spread] p1a,p1b\n|-supereffective|p1a: Koraidon\n|-damage|p1a: Koraidon|0 fnt\n|-damage|p1b: Calyrex|0 fnt\n|faint|p1a: Koraidon\n|faint|p1b: Calyrex\n|\n|win|It'sJustKen VGC\n|n|\u2606INT Leite Ninho|intleiteninho\n|n|\u2606It'sJustKen VGC|itsjustkenvgc\n|n| MEXES|mexes\n|n|+Radio Free C-Side|radiofreecside\n|n| 801344244a|801344244a\n|c|\u2606It'sJustKen VGC|rip\n|c|\u2606INT Leite Ninho|ggs\n|c|\u2606It'sJustKen VGC|ggs\n","uploadtime":1773633433,"views":9,"formatid":"gen9vgc2026regi","rating":null,"private":0,"password":null}