{"id":"gen9vgc2026regi-2523110909","format":"[Gen 9] VGC 2026 Reg I","players":["Fogdocker","Kellen1999"],"log":"|j|\u2606Fogdocker\n|j|\u2606Kellen1999\n|t:|1768989233\n|gametype|doubles\n|player|p1|Fogdocker|266|1477\n|player|p2|Kellen1999|2|1380\n|gen|9\n|tier|[Gen 9] VGC 2026 Reg I\n|rated|\n|rule|Species Clause: Limit one of each Pok\u00e9mon\n|rule|Item Clause: Limit 1 of each item\n|clearpoke\n|poke|p1|Calyrex-Ice, L50|\n|poke|p1|Kyogre, L50|\n|poke|p1|Urshifu-*, L50, M|\n|poke|p1|Rillaboom, L50, F|\n|poke|p1|Landorus, L50, M|\n|poke|p1|Tornadus, L50, M|\n|poke|p2|Calyrex-Ice, L50|\n|poke|p2|Miraidon, L50|\n|poke|p2|Grimmsnarl, L50, M|\n|poke|p2|Urshifu-*, L50, F|\n|poke|p2|Incineroar, L50, F|\n|poke|p2|Landorus, L50, M|\n|teampreview|4\n|inactive|Battle timer is ON: inactive players will automatically lose when time's up. (requested by Kellen1999)\n|j| riyuezi\n|inactive|Kellen1999 has 60 seconds left.\n|\n|t:|1768989266\n|teamsize|p1|4\n|teamsize|p2|4\n|start\n|switch|p1a: Calyrex|Calyrex-Ice, L50|100/100\n|switch|p1b: Rillaboom|Rillaboom, L50, F|100/100\n|switch|p2a: Calyrex|Calyrex-Ice, L50|100/100\n|switch|p2b: Grimmsnarl|Grimmsnarl, L50, M, shiny|100/100\n|-ability|p2a: Calyrex|As One\n|-ability|p2a: Calyrex|Unnerve\n|-ability|p1a: Calyrex|As One\n|-ability|p1a: Calyrex|Unnerve\n|-fieldstart|move: Grassy Terrain|[from] ability: Grassy Surge|[of] p1b: Rillaboom\n|turn|1\n|\n|t:|1768989277\n|switch|p2a: Incineroar|Incineroar, L50, F, shiny|100/100\n|-ability|p2a: Incineroar|Intimidate|boost\n|-unboost|p1a: Calyrex|atk|1\n|-unboost|p1b: Rillaboom|atk|1\n|move|p1b: Rillaboom|Fake Out|p2a: Incineroar\n|-damage|p2a: Incineroar|93/100\n|move|p2b: Grimmsnarl|Foul Play|p1a: Calyrex\n|-supereffective|p1a: Calyrex\n|-damage|p1a: Calyrex|59/100\n|move|p1a: Calyrex|Leech Seed|p2b: Grimmsnarl\n|-start|p2b: Grimmsnarl|move: Leech Seed\n|\n|-heal|p2a: Incineroar|99/100|[from] Grassy Terrain\n|-heal|p1a: Calyrex|65/100|[from] Grassy Terrain\n|-heal|p1a: Calyrex|71/100|[from] item: Leftovers\n|-damage|p2b: Grimmsnarl|88/100|[from] Leech Seed|[of] p1a: Calyrex\n|-heal|p1a: Calyrex|83/100|[silent]\n|upkeep\n|turn|2\n|\n|t:|1768989302\n|move|p1a: Calyrex|Protect|p1a: Calyrex\n|-singleturn|p1a: Calyrex|Protect\n|move|p2b: Grimmsnarl|Reflect|p2b: Grimmsnarl\n|-sidestart|p2: Kellen1999|Reflect\n|move|p2a: Incineroar|U-turn|p1b: Rillaboom\n|-supereffective|p1b: Rillaboom\n|-damage|p1b: Rillaboom|70/100\n|\n|t:|1768989311\n|switch|p2a: Calyrex|Calyrex-Ice, L50|100/100|[from] U-turn\n|-ability|p2a: Calyrex|As One\n|-ability|p2a: Calyrex|Unnerve\n|move|p1b: Rillaboom|U-turn|p2a: Calyrex\n|-supereffective|p2a: Calyrex\n|-damage|p2a: Calyrex|88/100\n|\n|t:|1768989315\n|switch|p1b: Urshifu|Urshifu-Rapid-Strike, L50, M|100/100|[from] U-turn\n|\n|-heal|p2b: Grimmsnarl|94/100|[from] Grassy Terrain\n|-heal|p2a: Calyrex|94/100|[from] Grassy Terrain\n|-heal|p2a: Calyrex|99/100|[from] item: Leftovers\n|-heal|p1a: Calyrex|88/100|[from] Grassy Terrain\n|-heal|p1a: Calyrex|94/100|[from] item: Leftovers\n|-damage|p2b: Grimmsnarl|82/100|[from] Leech Seed|[of] p1a: Calyrex\n|-heal|p1a: Calyrex|100/100|[silent]\n|upkeep\n|turn|3\n|inactive|Kellen1999 has 30 seconds left.\n|inactive|Kellen1999 has 20 seconds left.\n|\n|t:|1768989354\n|switch|p2b: Miraidon|Miraidon, L50, shiny|100/100\n|-fieldstart|move: Electric Terrain|[from] ability: Hadron Engine|[of] p2b: Miraidon\n|move|p1b: Urshifu|Surging Strikes|p2b: Miraidon\n|-resisted|p2b: Miraidon\n|-crit|p2b: Miraidon\n|-damage|p2b: Miraidon|86/100\n|-resisted|p2b: Miraidon\n|-crit|p2b: Miraidon\n|-damage|p2b: Miraidon|71/100\n|-resisted|p2b: Miraidon\n|-crit|p2b: Miraidon\n|-damage|p2b: Miraidon|57/100\n|-hitcount|p2b: Miraidon|3\n|move|p2a: Calyrex|Leech Seed|p1b: Urshifu\n|-start|p1b: Urshifu|move: Leech Seed\n|move|p1a: Calyrex|Leech Seed|p2a: Calyrex|[miss]\n|-miss|p1a: Calyrex|p2a: Calyrex\n|\n|-heal|p2a: Calyrex|100/100|[from] item: Leftovers\n|-damage|p1b: Urshifu|88/100|[from] Leech Seed|[of] p2a: Calyrex\n|upkeep\n|turn|4\n|\n|t:|1768989374\n|switch|p1b: Rillaboom|Rillaboom, L50, F|70/100\n|-fieldstart|move: Grassy Terrain|[from] ability: Grassy Surge|[of] p1b: Rillaboom\n|move|p2b: Miraidon|Volt Switch|p1b: Rillaboom\n|-resisted|p1b: Rillaboom\n|-damage|p1b: Rillaboom|52/100\n|\n|t:|1768989382\n|switch|p2b: Incineroar|Incineroar, L50, F, shiny|99/100|[from] Volt Switch\n|-ability|p2b: Incineroar|Intimidate|boost\n|-unboost|p1a: Calyrex|atk|1\n|-unboost|p1b: Rillaboom|atk|1\n|move|p2a: Calyrex|Glacial Lance|p1b: Rillaboom|[spread] p1a,p1b\n|-resisted|p1a: Calyrex\n|-supereffective|p1b: Rillaboom\n|-damage|p1a: Calyrex|85/100\n|-damage|p1b: Rillaboom|0 fnt\n|faint|p1b: Rillaboom\n|-ability|p2a: Calyrex|Chilling Neigh|boost\n|-boost|p2a: Calyrex|atk|1\n|move|p1a: Calyrex|Leech Seed|p2a: Calyrex|[miss]\n|-miss|p1a: Calyrex|p2a: Calyrex\n|\n|-heal|p2b: Incineroar|100/100|[from] Grassy Terrain\n|-heal|p1a: Calyrex|90/100|[from] Grassy Terrain\n|-heal|p1a: Calyrex|96/100|[from] item: Leftovers\n|upkeep\n|\n|t:|1768989396\n|switch|p1b: Landorus|Landorus, L50, M|100/100\n|turn|5\n|\n|t:|1768989408\n|switch|p1a: Urshifu|Urshifu-Rapid-Strike, L50, M|88/100\n|move|p1b: Landorus|Protect|p1b: Landorus\n|-singleturn|p1b: Landorus|Protect\n|move|p2b: Incineroar|Fake Out|p1b: Landorus\n|-activate|p1b: Landorus|move: Protect\n|move|p2a: Calyrex|Trick Room|p2a: Calyrex\n|-fieldstart|move: Trick Room|[of] p2a: Calyrex\n|\n|-heal|p1a: Urshifu|94/100|[from] Grassy Terrain\n|upkeep\n|turn|6\n|\n|t:|1768989424\n|-terastallize|p2a: Calyrex|Water\n|-terastallize|p1b: Landorus|Poison\n|move|p2a: Calyrex|Glacial Lance|p1b: Landorus|[spread] p1a,p1b\n|-resisted|p1a: Urshifu\n|-crit|p1b: Landorus\n|-damage|p1a: Urshifu|53/100\n|-damage|p1b: Landorus|0 fnt\n|faint|p1b: Landorus\n|-ability|p2a: Calyrex|Chilling Neigh|boost\n|-boost|p2a: Calyrex|atk|1\n|move|p2b: Incineroar|U-turn|p1a: Urshifu\n|-resisted|p1a: Urshifu\n|-damage|p1a: Urshifu|44/100\n|-message|Fogdocker forfeited.\n|\n|win|Kellen1999\n|raw|Fogdocker's rating: 1477 &rarr; <strong>1452</strong><br />(-25 for losing)\n|raw|Kellen1999's rating: 1380 &rarr; <strong>1405</strong><br />(+25 for winning)\n|l|\u2606Fogdocker\n|player|p1|\n|l|\u2606Kellen1999\n|player|p2|\n|l| riyuezi\n","uploadtime":1768989579,"views":16,"formatid":"gen9vgc2026regi","rating":1405,"private":0,"password":null}