{"id":"gen9vgc2026regi-2522419670","format":"[Gen 9] VGC 2026 Reg I","players":["Fogdocker","LinkXSwords"],"log":"|j|\u2606Fogdocker\n|j|\u2606LinkXSwords\n|t:|1768904795\n|gametype|doubles\n|player|p1|Fogdocker|102|1448\n|player|p2|LinkXSwords|cynthia-gen4|1371\n|gen|9\n|tier|[Gen 9] VGC 2026 Reg I\n|rated|\n|rule|Species Clause: Limit one of each Pok\u00e9mon\n|rule|Item Clause: Limit 1 of each item\n|clearpoke\n|poke|p1|Calyrex-Ice, L50|\n|poke|p1|Kyogre, L50|\n|poke|p1|Urshifu-*, L50, M|\n|poke|p1|Rillaboom, L50, M|\n|poke|p1|Landorus, L50, M|\n|poke|p1|Tornadus, L50, M|\n|poke|p2|Calyrex-Ice, L50|\n|poke|p2|Miraidon, L50|\n|poke|p2|Iron Hands, L50|\n|poke|p2|Farigiraf, L50, F|\n|poke|p2|Ogerpon-Hearthflame, L50, F|\n|poke|p2|Urshifu-*, L50, F|\n|teampreview|4\n|inactive|Battle timer is ON: inactive players will automatically lose when time's up. (requested by LinkXSwords)\n|\n|t:|1768904907\n|teamsize|p1|4\n|teamsize|p2|4\n|start\n|switch|p1a: Calyrex|Calyrex-Ice, L50|100/100\n|switch|p1b: Rillaboom|Rillaboom, L50, M|100/100\n|switch|p2a: Belmonda|Miraidon, L50|100/100\n|switch|p2b: Rafa|Farigiraf, L50, F, shiny|100/100\n|-ability|p1a: Calyrex|As One\n|-ability|p1a: Calyrex|Unnerve\n|-fieldstart|move: Electric Terrain|[from] ability: Hadron Engine|[of] p2a: Belmonda\n|-fieldstart|move: Grassy Terrain|[from] ability: Grassy Surge|[of] p1b: Rillaboom\n|turn|1\n|inactive|Fogdocker has 30 seconds left.\n|\n|t:|1768904935\n|move|p2a: Belmonda|Electro Drift|p1a: Calyrex\n|-damage|p1a: Calyrex|45/100\n|move|p1b: Rillaboom|U-turn|p2a: Belmonda\n|-damage|p2a: Belmonda|77/100\n|\n|t:|1768904943\n|switch|p1b: Landorus|Landorus, L50, M|100/100|[from] U-turn\n|move|p2b: Rafa|Foul Play|p1a: Calyrex\n|-supereffective|p1a: Calyrex\n|-damage|p1a: Calyrex|0 fnt\n|faint|p1a: Calyrex\n|\n|-heal|p2a: Belmonda|83/100|[from] Grassy Terrain\n|upkeep\n|\n|t:|1768904967\n|switch|p1a: Rillaboom|Rillaboom, L50, M|100/100\n|turn|2\n|\n|t:|1768904973\n|move|p2a: Belmonda|Electro Drift|p1a: Rillaboom\n|-resisted|p1a: Rillaboom\n|-damage|p1a: Rillaboom|70/100\n|move|p1b: Landorus|Earth Power|p2b: Rafa\n|-damage|p2b: Rafa|33/100\n|move|p1a: Rillaboom|Wood Hammer|p2b: Rafa\n|-damage|p2b: Rafa|0 fnt\n|faint|p2b: Rafa\n|-damage|p1a: Rillaboom|59/100|[from] Recoil\n|\n|-heal|p2a: Belmonda|90/100|[from] Grassy Terrain\n|-heal|p1a: Rillaboom|65/100|[from] Grassy Terrain\n|upkeep\n|\n|t:|1768904987\n|switch|p2b: Cabez\u00f3n|Calyrex-Ice, L50|100/100\n|-ability|p2b: Cabez\u00f3n|As One\n|-ability|p2b: Cabez\u00f3n|Unnerve\n|turn|3\n|\n|t:|1768904999\n|switch|p2a: Ibai|Iron Hands, L50|100/100\n|-terastallize|p1b: Landorus|Poison\n|move|p2b: Cabez\u00f3n|Protect|p2b: Cabez\u00f3n\n|-singleturn|p2b: Cabez\u00f3n|Protect\n|move|p1b: Landorus|Earth Power|p2a: Ibai\n|-supereffective|p2a: Ibai\n|-damage|p2a: Ibai|19/100\n|move|p1a: Rillaboom|U-turn|p2b: Cabez\u00f3n\n|-activate|p2b: Cabez\u00f3n|move: Protect\n|\n|-heal|p1a: Rillaboom|71/100|[from] Grassy Terrain\n|-heal|p2a: Ibai|25/100|[from] Grassy Terrain\n|upkeep\n|turn|4\n|\n|t:|1768905024\n|switch|p1a: Kyogre|Kyogre, L50|100/100\n|-weather|RainDance|[from] ability: Drizzle|[of] p1a: Kyogre\n|move|p2a: Ibai|Fake Out|p1a: Kyogre\n|-damage|p1a: Kyogre|85/100\n|move|p1b: Landorus|Earth Power|p2a: Ibai\n|-supereffective|p2a: Ibai\n|-damage|p2a: Ibai|0 fnt\n|faint|p2a: Ibai\n|-end|p2a: Ibai|Quark Drive|[silent]\n|move|p2b: Cabez\u00f3n|Glacial Lance|p1b: Landorus|[spread] p1a,p1b\n|-resisted|p1a: Kyogre\n|-damage|p1a: Kyogre|56/100\n|-damage|p1b: Landorus|26/100\n|\n|-weather|RainDance|[upkeep]\n|-heal|p1b: Landorus|32/100|[from] Grassy Terrain\n|-heal|p1a: Kyogre|62/100|[from] Grassy Terrain\n|upkeep\n|\n|t:|1768905030\n|switch|p2a: Belmonda|Miraidon, L50|90/100\n|-fieldstart|move: Electric Terrain|[from] ability: Hadron Engine|[of] p2a: Belmonda\n|turn|5\n|\n|t:|1768905053\n|move|p1b: Landorus|Protect|p1b: Landorus\n|-singleturn|p1b: Landorus|Protect\n|move|p2a: Belmonda|Electro Drift|p1a: Kyogre\n|-supereffective|p1a: Kyogre\n|-damage|p1a: Kyogre|0 fnt\n|faint|p1a: Kyogre\n|move|p2b: Cabez\u00f3n|Glacial Lance|p1b: Landorus\n|-activate|p1b: Landorus|move: Protect\n|\n|-weather|RainDance|[upkeep]\n|upkeep\n|\n|t:|1768905055\n|switch|p1a: Rillaboom|Rillaboom, L50, M|71/100\n|-fieldstart|move: Grassy Terrain|[from] ability: Grassy Surge|[of] p1a: Rillaboom\n|turn|6\n|\n|t:|1768905064\n|move|p1a: Rillaboom|Fake Out|p2a: Belmonda\n|-damage|p2a: Belmonda|77/100\n|cant|p2a: Belmonda|flinch\n|move|p1b: Landorus|Sandsear Storm|p2a: Belmonda|[spread] p2a,p2b\n|-supereffective|p2a: Belmonda\n|-damage|p2a: Belmonda|0 fnt\n|-damage|p2b: Cabez\u00f3n|57/100\n|faint|p2a: Belmonda\n|move|p2b: Cabez\u00f3n|Glacial Lance|p1b: Landorus|[spread] p1a,p1b\n|-supereffective|p1a: Rillaboom\n|-damage|p1a: Rillaboom|0 fnt\n|-damage|p1b: Landorus|0 fnt\n|faint|p1a: Rillaboom\n|faint|p1b: Landorus\n|\n|win|LinkXSwords\n|raw|Fogdocker's rating: 1448 &rarr; <strong>1424</strong><br />(-24 for losing)\n|raw|LinkXSwords's rating: 1371 &rarr; <strong>1395</strong><br />(+24 for winning)\n|l|\u2606LinkXSwords\n|player|p2|\n","uploadtime":1768905230,"views":18,"formatid":"gen9vgc2026regi","rating":1395,"private":0,"password":null}