{"id":"gen9vgc2026regi-2534980912","format":"[Gen 9] VGC 2026 Reg I","players":["GoofyRonald756","woodenblab"],"log":"|j|\u2606GoofyRonald756\n|j|\u2606woodenblab\n|t:|1770499467\n|gametype|doubles\n|player|p1|GoofyRonald756|2|1425\n|player|p2|woodenblab|n|1296\n|gen|9\n|tier|[Gen 9] VGC 2026 Reg I\n|rated|\n|rule|Species Clause: Limit one of each Pok\u00e9mon\n|rule|Item Clause: Limit 1 of each item\n|clearpoke\n|poke|p1|Miraidon, L50|\n|poke|p1|Lunala, L50|\n|poke|p1|Sylveon, L50, F|\n|poke|p1|Incineroar, L50, M|\n|poke|p1|Whimsicott, L50, M|\n|poke|p1|Urshifu-*, L50, F|\n|poke|p2|Kyogre, L50|\n|poke|p2|Wo-Chien, L50|\n|poke|p2|Incineroar, L50, M|\n|poke|p2|Tornadus, L50, M|\n|poke|p2|Calyrex-Ice, L50|\n|poke|p2|Raichu, L50, M|\n|teampreview|4\n|\n|t:|1770499495\n|teamsize|p1|4\n|teamsize|p2|4\n|start\n|switch|p1a: Urshifu|Urshifu-Rapid-Strike, L50, F|100/100\n|switch|p1b: Whimsicott|Whimsicott, L50, M, shiny|100/100\n|switch|p2a: Wo-Chien|Wo-Chien, L50|100/100\n|switch|p2b: Kyogre|Kyogre, L50|100/100\n|-ability|p2a: Wo-Chien|Tablets of Ruin\n|-weather|RainDance|[from] ability: Drizzle|[of] p2b: Kyogre\n|turn|1\n|\n|t:|1770499507\n|move|p1b: Whimsicott|Tailwind|p1b: Whimsicott\n|-sidestart|p1: GoofyRonald756|move: Tailwind\n|move|p1a: Urshifu|U-turn|p2a: Wo-Chien\n|-supereffective|p2a: Wo-Chien\n|-damage|p2a: Wo-Chien|3/100\n|-damage|p1a: Urshifu|84/100|[from] item: Rocky Helmet|[of] p2a: Wo-Chien\n|\n|t:|1770499510\n|switch|p1a: Miraidon|Miraidon, L50, shiny|100/100|[from] U-turn\n|-fieldstart|move: Electric Terrain|[from] ability: Hadron Engine|[of] p1a: Miraidon\n|move|p2a: Wo-Chien|Taunt|p1b: Whimsicott\n|-start|p1b: Whimsicott|move: Taunt\n|move|p2b: Kyogre|Water Spout|p1a: Miraidon|[spread] p1a,p1b\n|-resisted|p1a: Miraidon\n|-resisted|p1b: Whimsicott\n|-damage|p1a: Miraidon|59/100\n|-damage|p1b: Whimsicott|20/100\n|\n|-weather|RainDance|[upkeep]\n|upkeep\n|turn|2\n|\n|t:|1770499527\n|switch|p2a: Raichu|Raichu, L50, M|100/100\n|-terastallize|p2b: Kyogre|Fairy\n|move|p1a: Miraidon|Draco Meteor|p2b: Kyogre\n|-immune|p2b: Kyogre\n|move|p1b: Whimsicott|Moonblast|p2a: Raichu\n|-damage|p2a: Raichu|68/100\n|-unboost|p2a: Raichu|spa|1\n|move|p2b: Kyogre|Calm Mind|p2b: Kyogre\n|-boost|p2b: Kyogre|spa|1\n|-boost|p2b: Kyogre|spd|1\n|\n|-weather|RainDance|[upkeep]\n|upkeep\n|turn|3\n|\n|t:|1770499567\n|move|p1a: Miraidon|Draco Meteor|p2a: Raichu\n|-damage|p2a: Raichu|0 fnt\n|-unboost|p1a: Miraidon|spa|2\n|faint|p2a: Raichu\n|move|p1b: Whimsicott|Endeavor|p2b: Kyogre\n|-damage|p2b: Kyogre|12/100\n|move|p2b: Kyogre|Water Spout|p1b: Whimsicott|[spread] p1a,p1b\n|-resisted|p1a: Miraidon\n|-resisted|p1b: Whimsicott\n|-damage|p1a: Miraidon|51/100\n|-damage|p1b: Whimsicott|4/100\n|\n|-weather|RainDance|[upkeep]\n|-heal|p2b: Kyogre|19/100|[from] item: Leftovers\n|upkeep\n|\n|t:|1770499577\n|switch|p2a: Incineroar|Incineroar, L50, M|100/100\n|-ability|p2a: Incineroar|Intimidate|boost\n|-unboost|p1a: Miraidon|atk|1\n|-unboost|p1b: Whimsicott|atk|1\n|turn|4\n|\n|t:|1770499584\n|switch|p1b: Lunala|Lunala, L50|100/100\n|-enditem|p1b: Lunala|Electric Seed\n|-boost|p1b: Lunala|def|1|[from] item: Electric Seed\n|move|p2a: Incineroar|Fake Out|p1a: Miraidon\n|-damage|p1a: Miraidon|40/100\n|cant|p1a: Miraidon|flinch\n|move|p2b: Kyogre|Hydro Pump|p1a: Miraidon\n|-resisted|p1a: Miraidon\n|-damage|p1a: Miraidon|0 fnt\n|faint|p1a: Miraidon\n|\n|-weather|RainDance|[upkeep]\n|-heal|p2b: Kyogre|25/100|[from] item: Leftovers\n|-sideend|p1: GoofyRonald756|move: Tailwind\n|upkeep\n|\n|t:|1770499588\n|switch|p1a: Whimsicott|Whimsicott, L50, M, shiny|4/100\n|turn|5\n|\n|t:|1770499603\n|move|p1a: Whimsicott|Tailwind|p1a: Whimsicott\n|-sidestart|p1: GoofyRonald756|move: Tailwind\n|move|p1b: Lunala|Moongeist Beam|p2b: Kyogre\n|-damage|p2b: Kyogre|0 fnt\n|faint|p2b: Kyogre\n|move|p2a: Incineroar|Knock Off|p1b: Lunala\n|-supereffective|p1b: Lunala\n|-damage|p1b: Lunala|77/100\n|\n|-weather|none\n|-fieldend|move: Electric Terrain\n|upkeep\n|\n|t:|1770499609\n|switch|p2b: Wo-Chien|Wo-Chien, L50|3/100\n|-ability|p2b: Wo-Chien|Tablets of Ruin\n|turn|6\n|\n|t:|1770499621\n|move|p1a: Whimsicott|Endeavor|p2a: Incineroar\n|-damage|p2a: Incineroar|2/100\n|move|p1b: Lunala|Moonblast|p2a: Incineroar\n|-crit|p2a: Incineroar\n|-damage|p2a: Incineroar|0 fnt\n|faint|p2a: Incineroar\n|move|p2b: Wo-Chien|Snarl|p1b: Lunala|[spread] p1a,p1b\n|-resisted|p1a: Whimsicott\n|-supereffective|p1b: Lunala\n|-damage|p1a: Whimsicott|0 fnt\n|-damage|p1b: Lunala|35/100\n|-unboost|p1b: Lunala|spa|1\n|faint|p1a: Whimsicott\n|\n|upkeep\n|\n|t:|1770499623\n|switch|p1a: Urshifu|Urshifu-Rapid-Strike, L50, F|84/100\n|turn|7\n|-message|woodenblab forfeited.\n|\n|win|GoofyRonald756\n|raw|GoofyRonald756's rating: 1425 &rarr; <strong>1438</strong><br />(+13 for winning)\n|raw|woodenblab's rating: 1296 &rarr; <strong>1280</strong><br />(-16 for losing)\n|l|\u2606woodenblab\n|player|p2|\n","uploadtime":1770499805,"views":12,"formatid":"gen9vgc2026regi","rating":1280,"private":0,"password":null}