{"id":"gen9vgc2026regi-2589725639","format":"[Gen 9] VGC 2026 Reg I","players":["unzksakdk","pigduckeater"],"log":"|j|\u2606unzksakdk\n|j|\u2606pigduckeater\n|t:|1776752323\n|gametype|doubles\n|player|p1|unzksakdk|170|1515\n|player|p2|pigduckeater|102|1602\n|gen|9\n|tier|[Gen 9] VGC 2026 Reg I\n|rated|\n|rule|Species Clause: Limit one of each Pok\u00e9mon\n|rule|Item Clause: Limit 1 of each item\n|clearpoke\n|poke|p1|Groudon, L50|\n|poke|p1|Miraidon, L50|\n|poke|p1|Grimmsnarl, L50, M|\n|poke|p1|Incineroar, L50, M|\n|poke|p1|Farigiraf, L50, F|\n|poke|p1|Jumpluff, L50, M|\n|poke|p2|Miraidon, L50|\n|poke|p2|Calyrex-Shadow, L50|\n|poke|p2|Volbeat, L50, M|\n|poke|p2|Wo-Chien, L50|\n|poke|p2|Incineroar, L50, M|\n|poke|p2|Urshifu-*, L50, F|\n|teampreview|4\n|j| eggs egs\n|\n|t:|1776752473\n|teamsize|p1|4\n|teamsize|p2|4\n|start\n|switch|p1a: Grimmsnarl|Grimmsnarl, L50, M|100/100\n|switch|p1b: Incineroar|Incineroar, L50, M|100/100\n|switch|p2a: Miraidon|Miraidon, L50|100/100\n|switch|p2b: Wo-Chien|Wo-Chien, L50|100/100\n|-fieldstart|move: Electric Terrain|[from] ability: Hadron Engine|[of] p2a: Miraidon\n|-enditem|p2b: Wo-Chien|Electric Seed\n|-boost|p2b: Wo-Chien|def|1|[from] item: Electric Seed\n|-ability|p2b: Wo-Chien|Tablets of Ruin\n|-ability|p1b: Incineroar|Intimidate|boost\n|-unboost|p2a: Miraidon|atk|1\n|-unboost|p2b: Wo-Chien|atk|1\n|turn|1\n|\n|t:|1776752493\n|move|p1b: Incineroar|Fake Out|p2a: Miraidon\n|-damage|p2a: Miraidon|92/100\n|move|p1a: Grimmsnarl|Light Screen|p1a: Grimmsnarl\n|-sidestart|p1: unzksakdk|move: Light Screen\n|cant|p2a: Miraidon|flinch\n|move|p2b: Wo-Chien|Leech Seed|p1a: Grimmsnarl\n|-start|p1a: Grimmsnarl|move: Leech Seed\n|\n|-damage|p1a: Grimmsnarl|88/100|[from] Leech Seed|[of] p2b: Wo-Chien\n|upkeep\n|turn|2\n|\n|t:|1776752512\n|move|p2a: Miraidon|Electro Drift|p1b: Incineroar\n|-damage|p1b: Incineroar|37/100\n|-enditem|p1b: Incineroar|Sitrus Berry|[eat]\n|-heal|p1b: Incineroar|62/100|[from] item: Sitrus Berry\n|move|p2b: Wo-Chien|Body Press|p1b: Incineroar\n|-supereffective|p1b: Incineroar\n|-damage|p1b: Incineroar|0 fnt\n|faint|p1b: Incineroar\n|move|p1a: Grimmsnarl|Spirit Break|p2a: Miraidon\n|-supereffective|p2a: Miraidon\n|-damage|p2a: Miraidon|56/100\n|-unboost|p2a: Miraidon|spa|1\n|\n|-damage|p1a: Grimmsnarl|76/100|[from] Leech Seed|[of] p2b: Wo-Chien\n|upkeep\n|\n|t:|1776752525\n|switch|p1b: Groudon|Groudon, L50|100/100\n|-weather|SunnyDay|[from] ability: Drought|[of] p1b: Groudon\n|turn|3\n|\n|t:|1776752534\n|move|p2a: Miraidon|Volt Switch|p1a: Grimmsnarl\n|-damage|p1a: Grimmsnarl|53/100\n|\n|t:|1776752537\n|switch|p2a: Incineroar|Incineroar, L50, M|100/100|[from] Volt Switch\n|-ability|p2a: Incineroar|Intimidate|boost\n|-unboost|p1a: Grimmsnarl|atk|1\n|-fail|p1b: Groudon|unboost|[from] item: Clear Amulet|[of] p1b: Groudon\n|move|p1b: Groudon|Precipice Blades|p2a: Incineroar|[spread] p2a,p2b\n|-supereffective|p2a: Incineroar\n|-resisted|p2b: Wo-Chien\n|-damage|p2a: Incineroar|37/100\n|-damage|p2b: Wo-Chien|90/100\n|move|p2b: Wo-Chien|Leech Seed|p1b: Groudon\n|-start|p1b: Groudon|move: Leech Seed\n|move|p1a: Grimmsnarl|Spirit Break|p2b: Wo-Chien\n|-supereffective|p2b: Wo-Chien\n|-damage|p2b: Wo-Chien|74/100\n|-unboost|p2b: Wo-Chien|spa|1\n|\n|-weather|SunnyDay|[upkeep]\n|-damage|p1b: Groudon|88/100|[from] Leech Seed|[of] p2b: Wo-Chien\n|-heal|p2b: Wo-Chien|87/100|[silent]\n|-damage|p1a: Grimmsnarl|41/100|[from] Leech Seed|[of] p2b: Wo-Chien\n|-heal|p2b: Wo-Chien|100/100|[silent]\n|upkeep\n|turn|4\n|\n|t:|1776752566\n|move|p1b: Groudon|Protect|p1b: Groudon\n|-singleturn|p1b: Groudon|Protect\n|move|p2b: Wo-Chien|Leech Seed||[still]\n|-fail|p2b: Wo-Chien\n|move|p1a: Grimmsnarl|Spirit Break|p2b: Wo-Chien\n|-supereffective|p2b: Wo-Chien\n|-damage|p2b: Wo-Chien|85/100\n|-unboost|p2b: Wo-Chien|spa|1\n|move|p2a: Incineroar|U-turn|p1a: Grimmsnarl\n|-damage|p1a: Grimmsnarl|23/100\n|\n|t:|1776752577\n|switch|p2a: Calyrex|Calyrex-Shadow, L50|100/100|[from] U-turn\n|-ability|p2a: Calyrex|As One\n|-ability|p2a: Calyrex|Unnerve\n|\n|-weather|SunnyDay|[upkeep]\n|-damage|p1b: Groudon|76/100|[from] Leech Seed|[of] p2b: Wo-Chien\n|-heal|p2b: Wo-Chien|98/100|[silent]\n|-damage|p1a: Grimmsnarl|11/100|[from] Leech Seed|[of] p2b: Wo-Chien\n|-heal|p2b: Wo-Chien|100/100|[silent]\n|upkeep\n|turn|5\n|\n|t:|1776752584\n|move|p2a: Calyrex|Protect|p2a: Calyrex\n|-singleturn|p2a: Calyrex|Protect\n|move|p1a: Grimmsnarl|Thunder Wave|p2a: Calyrex\n|-activate|p2a: Calyrex|move: Protect\n|move|p1b: Groudon|Precipice Blades|p2b: Wo-Chien|[spread] p2b\n|-activate|p2a: Calyrex|move: Protect\n|-resisted|p2b: Wo-Chien\n|-damage|p2b: Wo-Chien|91/100\n|move|p2b: Wo-Chien|Foul Play|p1b: Groudon\n|-damage|p1b: Groudon|39/100\n|\n|-weather|SunnyDay|[upkeep]\n|-damage|p1b: Groudon|27/100|[from] Leech Seed|[of] p2b: Wo-Chien\n|-heal|p2b: Wo-Chien|100/100|[silent]\n|-damage|p1a: Grimmsnarl|0 fnt|[from] Leech Seed|[of] p2b: Wo-Chien\n|faint|p1a: Grimmsnarl\n|-fieldend|move: Electric Terrain\n|upkeep\n|\n|t:|1776752587\n|switch|p1a: Miraidon|Miraidon, L50|100/100\n|-fieldstart|move: Electric Terrain|[from] ability: Hadron Engine|[of] p1a: Miraidon\n|turn|6\n|-message|unzksakdk forfeited.\n|\n|win|pigduckeater\n|raw|unzksakdk's rating: 1515 &rarr; <strong>1500</strong><br />(-15 for losing)\n|raw|pigduckeater's rating: 1602 &rarr; <strong>1617</strong><br />(+15 for winning)\n|l|\u2606pigduckeater\n|player|p2|\n","uploadtime":1776752802,"views":9,"formatid":"gen9vgc2026regi","rating":1500,"private":0,"password":null}