{"id":"gen9vgc2026regi-2563324711","format":"[Gen 9] VGC 2026 Reg I","players":["Mirthinion","iifwm"],"log":"|j|\u2606Mirthinion\n|j|\u2606iifwm\n|t:|1774016444\n|gametype|doubles\n|player|p1|Mirthinion|janitor|1374\n|player|p2|iifwm|1|1424\n|gen|9\n|tier|[Gen 9] VGC 2026 Reg I\n|rated|\n|rule|Species Clause: Limit one of each Pok\u00e9mon\n|rule|Item Clause: Limit 1 of each item\n|clearpoke\n|poke|p1|Calyrex-Shadow, L50|\n|poke|p1|Zamazenta-*, L50|\n|poke|p1|Urshifu-*, L50, M|\n|poke|p1|Incineroar, L50, M|\n|poke|p1|Rillaboom, L50, M|\n|poke|p1|Tornadus, L50, M|\n|poke|p2|Koraidon, L50|\n|poke|p2|Calyrex-Shadow, L50|\n|poke|p2|Flutter Mane, L50|\n|poke|p2|Incineroar, L50, F|\n|poke|p2|Clefairy, L50, F|\n|poke|p2|Rillaboom, L50, F|\n|teampreview|4\n|inactive|Battle timer is ON: inactive players will automatically lose when time's up. (requested by Mirthinion)\n|inactive|iifwm also wants the timer to be on.\nMirthinion rejected open team sheets.\n|inactive|Mirthinion has 60 seconds left.\n|\n|t:|1774016483\n|teamsize|p1|4\n|teamsize|p2|4\n|start\n|switch|p1a: Vangwe|Tornadus, L50, M|100/100\n|switch|p1b: Drambor|Zamazenta-Crowned, L50|100/100\n|switch|p2a: Incineroar|Incineroar, L50, F|100/100\n|switch|p2b: Calyrex|Calyrex-Shadow, L50|100/100\n|-ability|p2b: Calyrex|As One\n|-ability|p2b: Calyrex|Unnerve\n|-ability|p1b: Drambor|Dauntless Shield|boost\n|-boost|p1b: Drambor|def|1\n|-ability|p2a: Incineroar|Intimidate|boost\n|-unboost|p1a: Vangwe|atk|1\n|-unboost|p1b: Drambor|atk|1\n|turn|1\n|\n|t:|1774016497\n|move|p1b: Drambor|Protect|p1b: Drambor\n|-singleturn|p1b: Drambor|Protect\n|move|p2a: Incineroar|Fake Out|p1b: Drambor\n|-activate|p1b: Drambor|move: Protect\n|move|p1a: Vangwe|Taunt|p2b: Calyrex\n|-start|p2b: Calyrex|move: Taunt\n|cant|p2b: Calyrex|move: Taunt|Nasty Plot\n|\n|upkeep\n|turn|2\n|\n|t:|1774016513\n|switch|p2a: Flutter Mane|Flutter Mane, L50|100/100\n|move|p1a: Vangwe|Tailwind|p1a: Vangwe\n|-sidestart|p1: Mirthinion|move: Tailwind\n|move|p1b: Drambor|Behemoth Bash|p2b: Calyrex\n|-damage|p2b: Calyrex|71/100\n|move|p2b: Calyrex|Astral Barrage|p1a: Vangwe|[spread] p1a,p1b\n|-damage|p1a: Vangwe|20/100\n|-damage|p1b: Drambor|43/100\n|-damage|p2b: Calyrex|61/100|[from] item: Life Orb\n|\n|upkeep\n|turn|3\n|\n|t:|1774016533\n|-end|p2a: Flutter Mane|Protosynthesis|[silent]\n|switch|p2a: Incineroar|Incineroar, L50, F|100/100\n|-ability|p2a: Incineroar|Intimidate|boost\n|-unboost|p1a: Vangwe|atk|1\n|-unboost|p1b: Drambor|atk|1\n|move|p1b: Drambor|Behemoth Bash|p2a: Incineroar\n|-resisted|p2a: Incineroar\n|-damage|p2a: Incineroar|92/100\n|move|p1a: Vangwe|Bleakwind Storm|p2a: Incineroar|[spread] p2a,p2b\n|-damage|p2a: Incineroar|66/100\n|-damage|p2b: Calyrex|30/100\n|move|p2b: Calyrex|Astral Barrage|p1b: Drambor|[spread] p1a,p1b\n|-damage|p1a: Vangwe|0 fnt\n|-damage|p1b: Drambor|0 fnt\n|faint|p1a: Vangwe\n|faint|p1b: Drambor\n|-ability|p2b: Calyrex|Grim Neigh|boost\n|-boost|p2b: Calyrex|spa|2\n|-damage|p2b: Calyrex|21/100|[from] item: Life Orb\n|\n|-end|p2b: Calyrex|move: Taunt\n|upkeep\n|\n|t:|1774016552\n|switch|p1b: Mithrandir|Calyrex-Shadow, L50|100/100\n|switch|p1a: Beowulf|Urshifu-Rapid-Strike, L50, M|100/100\n|-ability|p1b: Mithrandir|As One\n|-ability|p1b: Mithrandir|Unnerve\n|turn|4\n|inactive|Mirthinion has 30 seconds left.\n|inactive|iifwm has 30 seconds left.\n|inactive|iifwm has 20 seconds left.\n|inactive|iifwm has 15 seconds left.\n|\n|t:|1774016595\n|-terastallize|p1a: Beowulf|Ghost\n|move|p2b: Calyrex|Protect|p2b: Calyrex\n|-singleturn|p2b: Calyrex|Protect\n|move|p1b: Mithrandir|Astral Barrage|p2a: Incineroar|[spread] p2a\n|-activate|p2b: Calyrex|move: Protect\n|-resisted|p2a: Incineroar\n|-damage|p2a: Incineroar|47/100\n|move|p1a: Beowulf|Surging Strikes|p2a: Incineroar\n|-supereffective|p2a: Incineroar\n|-crit|p2a: Incineroar\n|-damage|p2a: Incineroar|0 fnt\n|faint|p2a: Incineroar\n|-hitcount|p2: Incineroar|1\n|\n|upkeep\n|\n|t:|1774016615\n|switch|p2a: Flutter Mane|Flutter Mane, L50|100/100\n|turn|5\n|\n|t:|1774016626\n|switch|p2b: Koraidon|Koraidon, L50|100/100\n|-weather|SunnyDay|[from] ability: Orichalcum Pulse|[of] p2b: Koraidon\n|-activate|p2a: Flutter Mane|ability: Protosynthesis\n|-start|p2a: Flutter Mane|protosynthesisspe\n|-activate|p2b: Koraidon|Orichalcum Pulse|[source]\n|-terastallize|p2a: Flutter Mane|Normal\n|move|p1b: Mithrandir|Astral Barrage|p2a: Flutter Mane|[spread] p2b\n|-immune|p2a: Flutter Mane\n|-damage|p2b: Koraidon|58/100\n|move|p1a: Beowulf|Surging Strikes|p2a: Flutter Mane\n|-crit|p2a: Flutter Mane\n|-damage|p2a: Flutter Mane|71/100\n|-crit|p2a: Flutter Mane\n|-damage|p2a: Flutter Mane|36/100\n|-crit|p2a: Flutter Mane\n|-damage|p2a: Flutter Mane|1/100\n|-hitcount|p2a: Flutter Mane|3\n|move|p2a: Flutter Mane|Icy Wind|p1a: Beowulf|[spread] p1a,p1b\n|-crit|p1b: Mithrandir\n|-damage|p1a: Beowulf|80/100\n|-damage|p1b: Mithrandir|79/100\n|-unboost|p1a: Beowulf|spe|1\n|-unboost|p1b: Mithrandir|spe|1\n|\n|-weather|SunnyDay|[upkeep]\n|-sideend|p1: Mirthinion|move: Tailwind\n|upkeep\n|turn|6\n|inactive|Mirthinion has 30 seconds left.\n|inactive|iifwm has 30 seconds left.\n|\n|t:|1774016656\n|move|p1b: Mithrandir|Protect|p1b: Mithrandir\n|-singleturn|p1b: Mithrandir|Protect\n|move|p2a: Flutter Mane|Shadow Ball|p1a: Beowulf\n|-supereffective|p1a: Beowulf\n|-damage|p1a: Beowulf|0 fnt\n|faint|p1a: Beowulf\n|move|p2b: Koraidon|Flare Blitz|p1b: Mithrandir\n|-activate|p1b: Mithrandir|move: Protect\n|\n|-weather|SunnyDay|[upkeep]\n|upkeep\n|turn|7\n|\n|t:|1774016666\n|move|p2a: Flutter Mane|Shadow Ball|p1b: Mithrandir\n|-supereffective|p1b: Mithrandir\n|-damage|p1b: Mithrandir|0 fnt\n|faint|p1b: Mithrandir\n|\n|win|iifwm\n|raw|Mirthinion's rating: 1374 &rarr; <strong>1357</strong><br />(-17 for losing)\n|raw|iifwm's rating: 1424 &rarr; <strong>1441</strong><br />(+17 for winning)\n","uploadtime":1774016672,"views":79,"formatid":"gen9vgc2026regi","rating":1357,"private":0,"password":null}