{"id":"gen9vgc2026regi-2576753871","format":"[Gen 9] VGC 2026 Reg I","players":["paradox franco","Mirthinion"],"log":"|j|\u2606paradox franco\n|j|\u2606Mirthinion\n|t:|1775502993\n|gametype|doubles\n|player|p1|paradox franco|elesa|1466\n|player|p2|Mirthinion|janitor|1494\n|gen|9\n|tier|[Gen 9] VGC 2026 Reg I\n|rated|\n|rule|Species Clause: Limit one of each Pok\u00e9mon\n|rule|Item Clause: Limit 1 of each item\n|clearpoke\n|poke|p1|Miraidon, L50|\n|poke|p1|Zamazenta-*, L50|\n|poke|p1|Grimmsnarl, L50, M|\n|poke|p1|Chien-Pao, L50|\n|poke|p1|Volcarona, L50, M|\n|poke|p1|Iron Hands, L50|\n|poke|p2|Calyrex-Shadow, L50|\n|poke|p2|Zamazenta-*, L50|\n|poke|p2|Urshifu-*, L50, M|\n|poke|p2|Incineroar, L50, M|\n|poke|p2|Rillaboom, L50, M|\n|poke|p2|Tornadus, L50, M|\n|teampreview|4\n|inactive|Battle timer is ON: inactive players will automatically lose when time's up. (requested by Mirthinion)\n|inactive|paradox franco has 60 seconds left.\n|inactive|Mirthinion has 60 seconds left.\n|\n|t:|1775503044\n|teamsize|p1|4\n|teamsize|p2|4\n|start\n|switch|p1a: Grimmsnarl|Grimmsnarl, L50, M|100/100\n|switch|p1b: Miraidon|Miraidon, L50|100/100\n|switch|p2a: Vangwe|Tornadus, L50, M|100/100\n|switch|p2b: Beowulf|Urshifu-Rapid-Strike, L50, M|100/100\n|-fieldstart|move: Electric Terrain|[from] ability: Hadron Engine|[of] p1b: Miraidon\n|turn|1\n|inactive|Mirthinion has 30 seconds left.\n|\n|t:|1775503071\n|switch|p2b: Hoplite|Rillaboom, L50, M|100/100\n|-fieldstart|move: Grassy Terrain|[from] ability: Grassy Surge|[of] p2b: Hoplite\n|move|p2a: Vangwe|Tailwind|p2a: Vangwe\n|-sidestart|p2: Mirthinion|move: Tailwind\n|move|p1a: Grimmsnarl|Thunder Wave|p2b: Hoplite\n|-status|p2b: Hoplite|par\n|move|p1b: Miraidon|Volt Switch|p2a: Vangwe\n|-supereffective|p2a: Vangwe\n|-damage|p2a: Vangwe|0 fnt\n|faint|p2a: Vangwe\n|\n|t:|1775503083\n|switch|p1b: Zamazenta|Zamazenta-Crowned, L50|100/100|[from] Volt Switch\n|-ability|p1b: Zamazenta|Dauntless Shield|boost\n|-boost|p1b: Zamazenta|def|1\n|\n|upkeep\n|\n|t:|1775503090\n|switch|p2a: Beowulf|Urshifu-Rapid-Strike, L50, M|100/100\n|turn|2\n|\n|t:|1775503115\n|move|p2b: Hoplite|Fake Out|p1a: Grimmsnarl\n|-damage|p1a: Grimmsnarl|88/100\n|move|p2a: Beowulf|Surging Strikes|p1a: Grimmsnarl\n|-crit|p1a: Grimmsnarl\n|-damage|p1a: Grimmsnarl|58/100\n|-crit|p1a: Grimmsnarl\n|-damage|p1a: Grimmsnarl|26/100\n|-crit|p1a: Grimmsnarl\n|-damage|p1a: Grimmsnarl|0 fnt\n|faint|p1a: Grimmsnarl\n|-hitcount|p1: Grimmsnarl|3\n|move|p1b: Zamazenta|Body Press|p2a: Beowulf\n|-damage|p2a: Beowulf|23/100\n|\n|-heal|p2a: Beowulf|29/100|[from] Grassy Terrain\n|upkeep\n|\n|t:|1775503122\n|switch|p1a: Miraidon|Miraidon, L50|100/100\n|-fieldstart|move: Electric Terrain|[from] ability: Hadron Engine|[of] p1a: Miraidon\n|turn|3\n|\n|t:|1775503141\n|move|p2a: Beowulf|Surging Strikes|p1a: Miraidon\n|-resisted|p1a: Miraidon\n|-crit|p1a: Miraidon\n|-damage|p1a: Miraidon|87/100\n|-resisted|p1a: Miraidon\n|-crit|p1a: Miraidon\n|-damage|p1a: Miraidon|71/100\n|-resisted|p1a: Miraidon\n|-crit|p1a: Miraidon\n|-damage|p1a: Miraidon|57/100\n|-hitcount|p1a: Miraidon|3\n|move|p1a: Miraidon|Dazzling Gleam|p2b: Hoplite|[spread] p2a,p2b\n|-supereffective|p2a: Beowulf\n|-damage|p2a: Beowulf|0 fnt\n|-damage|p2b: Hoplite|72/100 par\n|faint|p2a: Beowulf\n|move|p1b: Zamazenta|Body Press|p2b: Hoplite\n|-damage|p2b: Hoplite|10/100 par\n|move|p2b: Hoplite|High Horsepower|p1a: Miraidon\n|-supereffective|p1a: Miraidon\n|-damage|p1a: Miraidon|0 fnt\n|faint|p1a: Miraidon\n|\n|upkeep\n|inactive|paradox franco has 30 seconds left.\n|\n|t:|1775503167\n|switch|p1a: Chien-Pao|Chien-Pao, L50|100/100\n|switch|p2a: Drambor|Zamazenta-Crowned, L50|100/100\n|-ability|p2a: Drambor|Dauntless Shield|boost\n|-boost|p2a: Drambor|def|1\n|-ability|p1a: Chien-Pao|Sword of Ruin\n|turn|4\n|inactive|Mirthinion has 30 seconds left.\n|inactive|Mirthinion has 20 seconds left.\n|\n|t:|1775503206\n|-terastallize|p2a: Drambor|Grass\n|move|p1a: Chien-Pao|Protect|p1a: Chien-Pao\n|-singleturn|p1a: Chien-Pao|Protect\n|move|p1b: Zamazenta|Protect|p1b: Zamazenta\n|-singleturn|p1b: Zamazenta|Protect\n|move|p2a: Drambor|Body Press|p1b: Zamazenta\n|-activate|p1b: Zamazenta|move: Protect\n|move|p2b: Hoplite|U-turn|p1a: Chien-Pao\n|-activate|p1a: Chien-Pao|move: Protect\n|\n|-sideend|p2: Mirthinion|move: Tailwind\n|upkeep\n|turn|5\n|\n|t:|1775503225\n|-terastallize|p1b: Zamazenta|Ghost\n|move|p1a: Chien-Pao|Ice Spinner|p2b: Hoplite\n|-supereffective|p2b: Hoplite\n|-damage|p2b: Hoplite|0 fnt\n|-fieldend|move: Electric Terrain\n|faint|p2b: Hoplite\n|move|p2a: Drambor|Body Press|p1b: Zamazenta\n|-immune|p1b: Zamazenta\n|move|p1b: Zamazenta|Body Press|p2a: Drambor\n|-damage|p2a: Drambor|58/100\n|\n|upkeep\n|turn|6\n|\n|t:|1775503240\n|move|p1a: Chien-Pao|Ice Spinner|p2a: Drambor\n|-supereffective|p2a: Drambor\n|-damage|p2a: Drambor|6/100\n|move|p2a: Drambor|Body Press|p1a: Chien-Pao\n|-supereffective|p1a: Chien-Pao\n|-enditem|p1a: Chien-Pao|Focus Sash\n|-damage|p1a: Chien-Pao|1/100\n|move|p1b: Zamazenta|Body Press|p2a: Drambor\n|-damage|p2a: Drambor|0 fnt\n|faint|p2a: Drambor\n|\n|win|paradox franco\n|raw|paradox franco's rating: 1466 &rarr; <strong>1488</strong><br />(+22 for winning)\n|raw|Mirthinion's rating: 1494 &rarr; <strong>1472</strong><br />(-22 for losing)\n|l|\u2606paradox franco\n|player|p1|\n","uploadtime":1775503252,"views":29,"formatid":"gen9vgc2026regi","rating":1472,"private":0,"password":null}