{"id":"gen9vgc2026regi-2541047767","format":"[Gen 9] VGC 2026 Reg I","players":["j0l0k0","PATOFUJJJY"],"log":"|j|\u2606j0l0k0\n|j|\u2606PATOFUJJJY\n|t:|1771279707\n|gametype|doubles\n|player|p1|j0l0k0|brycen|1358\n|player|p2|PATOFUJJJY|cynthia-gen4|1291\n|gen|9\n|tier|[Gen 9] VGC 2026 Reg I\n|rated|\n|rule|Species Clause: Limit one of each Pok\u00e9mon\n|rule|Item Clause: Limit 1 of each item\n|clearpoke\n|poke|p1|Calyrex-Ice, L50|\n|poke|p1|Kyogre, L50|\n|poke|p1|Indeedee-F, L50, F|\n|poke|p1|Urshifu-*, L50, F|\n|poke|p1|Amoonguss, L50, F|\n|poke|p1|Landorus, L50, M|\n|poke|p2|Solgaleo, L50|\n|poke|p2|Kyogre, L50|\n|poke|p2|Indeedee-F, L50, F|\n|poke|p2|Grimmsnarl, L50, M|\n|poke|p2|Floatzel, L50, F|\n|poke|p2|Iron Leaves, L50|\n|teampreview|4\n|inactive|Battle timer is ON: inactive players will automatically lose when time's up. (requested by j0l0k0)\n|\n|t:|1771279729\n|teamsize|p1|4\n|teamsize|p2|4\n|start\n|switch|p1a: Kyogre|Kyogre, L50, shiny|100/100\n|switch|p1b: Indeedee|Indeedee-F, L50, F, shiny|100/100\n|switch|p2a: Kyogre|Kyogre, L50|100/100\n|switch|p2b: Grimmsnarl|Grimmsnarl, L50, M|100/100\n|-weather|RainDance|[from] ability: Drizzle|[of] p2a: Kyogre\n|-fieldstart|move: Psychic Terrain|[from] ability: Psychic Surge|[of] p1b: Indeedee\n|turn|1\n|inactive|j0l0k0 has 30 seconds left.\n|\n|t:|1771279757\n|move|p1b: Indeedee|Helping Hand|p1a: Kyogre\n|-singleturn|p1a: Kyogre|Helping Hand|[of] p1b: Indeedee\n|move|p2b: Grimmsnarl|Light Screen|p2b: Grimmsnarl\n|-sidestart|p2: PATOFUJJJY|move: Light Screen\n|move|p2a: Kyogre|Thunder|p1a: Kyogre\n|-supereffective|p1a: Kyogre\n|-damage|p1a: Kyogre|60/100\n|move|p1a: Kyogre|Thunder|p2a: Kyogre\n|-supereffective|p2a: Kyogre\n|-damage|p2a: Kyogre|25/100\n|\n|-weather|RainDance|[upkeep]\n|upkeep\n|turn|2\n|\n|t:|1771279778\n|-terastallize|p1a: Kyogre|Grass\n|move|p2a: Kyogre|Origin Pulse|p1b: Indeedee|[spread] p1a,p1b\n|-resisted|p1a: Kyogre\n|-damage|p1a: Kyogre|40/100\n|-damage|p1b: Indeedee|17/100\n|move|p1a: Kyogre|Thunder|p2a: Kyogre\n|-supereffective|p2a: Kyogre\n|-damage|p2a: Kyogre|0 fnt\n|faint|p2a: Kyogre\n|move|p2b: Grimmsnarl|Spirit Break|p1a: Kyogre\n|-damage|p1a: Kyogre|11/100\n|-unboost|p1a: Kyogre|spa|1\n|move|p1b: Indeedee|Trick Room|p1b: Indeedee\n|-fieldstart|move: Trick Room|[of] p1b: Indeedee\n|\n|-weather|RainDance|[upkeep]\n|upkeep\n|\n|t:|1771279798\n|switch|p2a: Indeedee|Indeedee-F, L50, F|100/100\n|-enditem|p2a: Indeedee|Psychic Seed\n|-boost|p2a: Indeedee|spd|1|[from] item: Psychic Seed\n|turn|3\n|\n|t:|1771279806\n|move|p1b: Indeedee|Follow Me|p1b: Indeedee\n|-singleturn|p1b: Indeedee|move: Follow Me\n|move|p2b: Grimmsnarl|Spirit Break|p1b: Indeedee\n|-damage|p1b: Indeedee|0 fnt\n|faint|p1b: Indeedee\n|move|p1a: Kyogre|Hydro Pump|p2b: Grimmsnarl\n|-damage|p2b: Grimmsnarl|56/100\n|move|p2a: Indeedee|Trick Room|p2a: Indeedee\n|-fieldend|move: Trick Room\n|\n|-weather|RainDance|[upkeep]\n|upkeep\n|\n|t:|1771279817\n|switch|p1b: Urshifu|Urshifu, L50, F|100/100\n|turn|4\n|\n|t:|1771279828\n|move|p2a: Indeedee|Follow Me|p2a: Indeedee\n|-singleturn|p2a: Indeedee|move: Follow Me\n|move|p1b: Urshifu|Wicked Blow|p2a: Indeedee\n|-supereffective|p2a: Indeedee\n|-crit|p2a: Indeedee\n|-damage|p2a: Indeedee|0 fnt\n|faint|p2a: Indeedee\n|move|p1a: Kyogre|Hydro Pump|p2b: Grimmsnarl\n|-damage|p2b: Grimmsnarl|13/100\n|move|p2b: Grimmsnarl|Spirit Break|p1b: Urshifu\n|-supereffective|p1b: Urshifu\n|-enditem|p1b: Urshifu|Focus Sash\n|-damage|p1b: Urshifu|1/100\n|-unboost|p1b: Urshifu|spa|1\n|\n|-weather|RainDance|[upkeep]\n|upkeep\n|\n|t:|1771279844\n|switch|p2a: Solgaleo|Solgaleo, L50|100/100\n|turn|5\n|\n|t:|1771279856\n|-terastallize|p2a: Solgaleo|Dark\n|move|p1b: Urshifu|Wicked Blow|p2a: Solgaleo\n|-resisted|p2a: Solgaleo\n|-crit|p2a: Solgaleo\n|-damage|p2a: Solgaleo|75/100\n|move|p2a: Solgaleo|Sunsteel Strike|p1a: Kyogre\n|-damage|p1a: Kyogre|0 fnt\n|faint|p1a: Kyogre\n|-damage|p2a: Solgaleo|65/100|[from] item: Life Orb\n|move|p2b: Grimmsnarl|Spirit Break|p1b: Urshifu\n|-supereffective|p1b: Urshifu\n|-damage|p1b: Urshifu|0 fnt\n|faint|p1b: Urshifu\n|\n|-weather|none\n|-fieldend|move: Psychic Terrain\n|upkeep\n|\n|t:|1771279861\n|switch|p1b: Calyrex|Calyrex-Ice, L50|100/100\n|-ability|p1b: Calyrex|As One\n|-ability|p1b: Calyrex|Unnerve\n|turn|6\n|\n|t:|1771279882\n|move|p2b: Grimmsnarl|Reflect|p2b: Grimmsnarl\n|-sidestart|p2: PATOFUJJJY|Reflect\n|move|p2a: Solgaleo|Sunsteel Strike|p1b: Calyrex\n|-supereffective|p1b: Calyrex\n|-damage|p1b: Calyrex|9/100\n|-damage|p2a: Solgaleo|55/100|[from] item: Life Orb\n|move|p1b: Calyrex|Glacial Lance|p2a: Solgaleo|[spread] p2a,p2b\n|-damage|p2a: Solgaleo|25/100\n|-damage|p2b: Grimmsnarl|0 fnt\n|faint|p2b: Grimmsnarl\n|-ability|p1b: Calyrex|Chilling Neigh|boost\n|-boost|p1b: Calyrex|atk|1\n|\n|upkeep\n|turn|7\n|\n|t:|1771279898\n|move|p2a: Solgaleo|Sunsteel Strike|p1b: Calyrex\n|-supereffective|p1b: Calyrex\n|-damage|p1b: Calyrex|0 fnt\n|faint|p1b: Calyrex\n|-damage|p2a: Solgaleo|15/100|[from] item: Life Orb\n|\n|win|PATOFUJJJY\n|raw|j0l0k0's rating: 1358 &rarr; <strong>1334</strong><br />(-24 for losing)\n|raw|PATOFUJJJY's rating: 1291 &rarr; <strong>1321</strong><br />(+30 for winning)\n|c|\u2606j0l0k0|ggwp\n|l|\u2606j0l0k0\n|player|p1|\n|l|\u2606PATOFUJJJY\n|player|p2|\n","uploadtime":1771280050,"views":33,"formatid":"gen9vgc2026regi","rating":1321,"private":0,"password":null}