{"id":"gen9vgc2026regi-2553275978","format":"[Gen 9] VGC 2026 Reg I","players":["bighamsterbaseball","partigiano jonny"],"log":"|j|\u2606bighamsterbaseball\n|j|\u2606partigiano jonny\n|t:|1772816275\n|gametype|doubles\n|player|p1|bighamsterbaseball|pokemaniac|1361\n|player|p2|partigiano jonny|volkner|1584\n|gen|9\n|tier|[Gen 9] VGC 2026 Reg I\n|rated|\n|rule|Species Clause: Limit one of each Pok\u00e9mon\n|rule|Item Clause: Limit 1 of each item\n|clearpoke\n|poke|p1|Eternatus, L50|\n|poke|p1|Ho-Oh, L50|\n|poke|p1|Tinkaton, L50, F|\n|poke|p1|Ogerpon-Cornerstone, L50, F|\n|poke|p1|Araquanid, L50, M|\n|poke|p1|Flutter Mane, L50|\n|poke|p2|Terapagos, L50, M|\n|poke|p2|Miraidon, L50|\n|poke|p2|Incineroar, L50, F|\n|poke|p2|Iron Treads, L50|\n|poke|p2|Sinistcha, L50|\n|poke|p2|Urshifu-*, L50, F|\n|teampreview|4\n|inactive|Battle timer is ON: inactive players will automatically lose when time's up. (requested by partigiano jonny)\n|\n|t:|1772816371\n|teamsize|p1|4\n|teamsize|p2|4\n|start\n|switch|p1a: Tinkaton|Tinkaton, L50, F|100/100\n|switch|p1b: Flutter Mane|Flutter Mane, L50|100/100\n|switch|p2a: Miraidon|Miraidon, L50|100/100\n|switch|p2b: Iron Treads|Iron Treads, L50|100/100\n|-fieldstart|move: Electric Terrain|[from] ability: Hadron Engine|[of] p2a: Miraidon\n|-activate|p2b: Iron Treads|ability: Quark Drive\n|-start|p2b: Iron Treads|quarkdrivespe\n|-ability|p1a: Tinkaton|Mold Breaker\n|-enditem|p1b: Flutter Mane|Booster Energy\n|-activate|p1b: Flutter Mane|ability: Protosynthesis|[fromitem]\n|-start|p1b: Flutter Mane|protosynthesisspe\n|turn|1\n|\n|t:|1772816396\n|move|p1a: Tinkaton|Fake Out|p2b: Iron Treads\n|-resisted|p2b: Iron Treads\n|-damage|p2b: Iron Treads|97/100\n|move|p1b: Flutter Mane|Icy Wind|p2a: Miraidon|[spread] p2a,p2b\n|-supereffective|p2a: Miraidon\n|-damage|p2a: Miraidon|87/100\n|-damage|p2b: Iron Treads|80/100\n|-unboost|p2a: Miraidon|spe|1\n|-unboost|p2b: Iron Treads|spe|1\n|cant|p2b: Iron Treads|flinch\n|move|p2a: Miraidon|Volt Switch|p1b: Flutter Mane\n|-damage|p1b: Flutter Mane|40/100\n|\n|t:|1772816408\n|switch|p2a: Urshifu|Urshifu-Rapid-Strike, L50, F|100/100|[from] Volt Switch\n|\n|upkeep\n|turn|2\n|inactive|bighamsterbaseball has 30 seconds left.\n|inactive|bighamsterbaseball has 20 seconds left.\n|\n|t:|1772816445\n|-end|p1b: Flutter Mane|Protosynthesis|[silent]\n|switch|p1b: Eternatus|Eternatus, L50|100/100\n|-ability|p1b: Eternatus|Pressure\n|switch|p1a: Ogerpon|Ogerpon-Cornerstone, L50, F|100/100\n|move|p2a: Urshifu|Aqua Jet|p1b: Eternatus\n|-resisted|p1b: Eternatus\n|-crit|p1b: Eternatus\n|-damage|p1b: Eternatus|85/100\n|move|p2b: Iron Treads|High Horsepower|p1a: Ogerpon\n|-damage|p1a: Ogerpon|25/100\n|-damage|p2b: Iron Treads|70/100|[from] item: Life Orb\n|\n|upkeep\n|turn|3\n|inactive|bighamsterbaseball has 30 seconds left.\n|inactive|bighamsterbaseball has 20 seconds left.\n|inactive|bighamsterbaseball has 15 seconds left.\n|\n|t:|1772816489\n|-end|p2b: Iron Treads|Quark Drive|[silent]\n|switch|p2b: Miraidon|Miraidon, L50|87/100\n|-activate|p2b: Miraidon|ability: Hadron Engine\n|move|p2a: Urshifu|Aqua Jet|p1a: Ogerpon\n|-damage|p1a: Ogerpon|0 fnt\n|faint|p1a: Ogerpon\n|move|p1b: Eternatus|Dynamax Cannon|p2b: Miraidon\n|-supereffective|p2b: Miraidon\n|-damage|p2b: Miraidon|0 fnt\n|faint|p2b: Miraidon\n|\n|upkeep\n|\n|t:|1772816502\n|switch|p2b: Iron Treads|Iron Treads, L50|70/100\n|switch|p1a: Tinkaton|Tinkaton, L50, F|100/100\n|-ability|p1a: Tinkaton|Mold Breaker\n|-activate|p2b: Iron Treads|ability: Quark Drive\n|-start|p2b: Iron Treads|quarkdrivespe\n|turn|4\n|inactive|bighamsterbaseball has 30 seconds left.\n|\n|t:|1772816528\n|-terastallize|p1a: Tinkaton|Dragon\n|move|p2b: Iron Treads|Protect|p2b: Iron Treads\n|-singleturn|p2b: Iron Treads|Protect\n|move|p2a: Urshifu|Protect|p2a: Urshifu\n|-singleturn|p2a: Urshifu|Protect\n|move|p1a: Tinkaton|Fake Out|p2b: Iron Treads\n|-activate|p2b: Iron Treads|move: Protect\n|move|p1b: Eternatus|Dynamax Cannon|p2b: Iron Treads\n|-activate|p2b: Iron Treads|move: Protect\n|\n|upkeep\n|turn|5\n|inactive|partigiano jonny has 30 seconds left.\n|\n|t:|1772816560\n|switch|p1b: Flutter Mane|Flutter Mane, L50|40/100\n|move|p2a: Urshifu|Aqua Jet|p1b: Flutter Mane\n|-crit|p1b: Flutter Mane\n|-damage|p1b: Flutter Mane|0 fnt\n|faint|p1b: Flutter Mane\n|-end|p1b: Flutter Mane|Protosynthesis|[silent]\n|move|p2b: Iron Treads|High Horsepower|p1a: Tinkaton\n|-damage|p1a: Tinkaton|45/100\n|-damage|p2b: Iron Treads|61/100|[from] item: Life Orb\n|move|p1a: Tinkaton|Play Rough|p2a: Urshifu\n|-supereffective|p2a: Urshifu\n|-damage|p2a: Urshifu|53/100\n|\n|-fieldend|move: Electric Terrain\n|-end|p2b: Iron Treads|Quark Drive\n|upkeep\n|\n|t:|1772816568\n|switch|p1b: Eternatus|Eternatus, L50|85/100\n|-ability|p1b: Eternatus|Pressure\n|turn|6\n|\n|t:|1772816592\n|move|p2b: Iron Treads|Protect|p2b: Iron Treads\n|-singleturn|p2b: Iron Treads|Protect\n|move|p1a: Tinkaton|Feint|p2b: Iron Treads\n|-activate|p2b: Iron Treads|move: Feint\n|-resisted|p2b: Iron Treads\n|-damage|p2b: Iron Treads|58/100\n|move|p1b: Eternatus|Dynamax Cannon|p2b: Iron Treads\n|-resisted|p2b: Iron Treads\n|-damage|p2b: Iron Treads|0 fnt\n|faint|p2b: Iron Treads\n|-end|p2b: Iron Treads|Quark Drive|[silent]\n|move|p2a: Urshifu|Surging Strikes|p1a: Tinkaton\n|-resisted|p1a: Tinkaton\n|-crit|p1a: Tinkaton\n|-damage|p1a: Tinkaton|32/100\n|-resisted|p1a: Tinkaton\n|-crit|p1a: Tinkaton\n|-damage|p1a: Tinkaton|20/100\n|-resisted|p1a: Tinkaton\n|-crit|p1a: Tinkaton\n|-damage|p1a: Tinkaton|7/100\n|-hitcount|p1a: Tinkaton|3\n|\n|upkeep\n|\n|t:|1772816607\n|switch|p2b: Terapagos|Terapagos, L50, M|100/100\n|-activate|p2b: Terapagos|ability: Tera Shift\n|detailschange|p2b: Terapagos|Terapagos-Terastal, L50, M\n|-heal|p2b: Terapagos|100/100|[silent]\n|turn|7\n|\n|t:|1772816616\n|move|p1a: Tinkaton|Feint|p2b: Terapagos\n|-crit|p2b: Terapagos\n|-damage|p2b: Terapagos|94/100\n|move|p2a: Urshifu|Aqua Jet|p1a: Tinkaton\n|-resisted|p1a: Tinkaton\n|-damage|p1a: Tinkaton|0 fnt\n|faint|p1a: Tinkaton\n|move|p1b: Eternatus|Dynamax Cannon|p2b: Terapagos\n|-damage|p2b: Terapagos|20/100\n|move|p2b: Terapagos|Calm Mind|p2b: Terapagos\n|-boost|p2b: Terapagos|spa|1\n|-boost|p2b: Terapagos|spd|1\n|\n|upkeep\n|turn|8\n|inactive|bighamsterbaseball has 30 seconds left.\n|l|\u2606bighamsterbaseball\n|inactive|bighamsterbaseball disconnected and has a minute to reconnect!\n|player|p1|\n|inactive|bighamsterbaseball has 20 seconds left.\n|inactive|bighamsterbaseball has 15 seconds left.\n|inactive|bighamsterbaseball has 10 seconds left.\n|inactive|bighamsterbaseball has 5 seconds left.\n|-message|bighamsterbaseball lost due to inactivity.\n|\n|win|partigiano jonny\n|raw|bighamsterbaseball's rating: 1361 &rarr; <strong>1352</strong><br />(-9 for losing)\n|raw|partigiano jonny's rating: 1584 &rarr; <strong>1593</strong><br />(+9 for winning)\n","uploadtime":1772816671,"views":17,"formatid":"gen9vgc2026regi","rating":1352,"private":0,"password":null}