{"id":"gen9vgc2026regi-2539896811","format":"[Gen 9] VGC 2026 Reg I","players":["Luca8","bodeylee"],"log":"|j|\u2606Luca8\n|j|\u2606bodeylee\n|t:|1771123940\n|gametype|doubles\n|player|p1|Luca8|flint|1374\n|player|p2|bodeylee|1|1265\n|gen|9\n|tier|[Gen 9] VGC 2026 Reg I\n|rated|\n|rule|Species Clause: Limit one of each Pok\u00e9mon\n|rule|Item Clause: Limit 1 of each item\n|clearpoke\n|poke|p1|Whimsicott, L50, F|\n|poke|p1|Kyogre, L50|\n|poke|p1|Landorus, L50, M|\n|poke|p1|Lunala, L50|\n|poke|p1|Farigiraf, L50, F|\n|poke|p1|Amoonguss, L50, M|\n|poke|p2|Kyogre, L50|\n|poke|p2|Wo-Chien, L50|\n|poke|p2|Annihilape, L50, M|\n|poke|p2|Electrode-Hisui, L50|\n|poke|p2|Murkrow, L50, F|\n|poke|p2|Eternatus, L50|\n|teampreview|4\n|inactive|Battle timer is ON: inactive players will automatically lose when time's up. (requested by bodeylee)\n|\n|t:|1771123984\n|teamsize|p1|4\n|teamsize|p2|4\n|start\n|switch|p1a: Lunala|Lunala, L50|100/100\n|switch|p1b: Whimsicott|Whimsicott, L50, F|100/100\n|switch|p2a: Eternatus|Eternatus, L50|100/100\n|switch|p2b: Murkrow|Murkrow, L50, F|100/100\n|-ability|p2a: Eternatus|Pressure\n|turn|1\n|\n|t:|1771124006\n|-terastallize|p2a: Eternatus|Dark\n|move|p1b: Whimsicott|Misty Terrain|p1b: Whimsicott\n|-fieldstart|move: Misty Terrain\n|move|p2b: Murkrow|Taunt|p1b: Whimsicott\n|-start|p1b: Whimsicott|move: Taunt\n|move|p2a: Eternatus|Sludge Bomb|p1a: Lunala\n|-resisted|p1a: Lunala\n|-damage|p1a: Lunala|90/100\n|move|p1a: Lunala|Meteor Beam||[still]\n|-prepare|p1a: Lunala|Meteor Beam\n|-boost|p1a: Lunala|spa|1\n|-enditem|p1a: Lunala|Power Herb\n|-anim|p1a: Lunala|Meteor Beam|p2a: Eternatus\n|-damage|p2a: Eternatus|43/100\n|\n|-heal|p2a: Eternatus|49/100|[from] item: Leftovers\n|upkeep\n|turn|2\n|\n|t:|1771124029\n|move|p1b: Whimsicott|Moonblast|p2b: Murkrow\n|-supereffective|p2b: Murkrow\n|-enditem|p2b: Murkrow|Focus Sash\n|-damage|p2b: Murkrow|1/100\n|-unboost|p2b: Murkrow|spa|1\n|move|p2b: Murkrow|Foul Play|p1a: Lunala\n|-supereffective|p1a: Lunala\n|-damage|p1a: Lunala|0 fnt\n|faint|p1a: Lunala\n|move|p2a: Eternatus|Sludge Bomb|p1b: Whimsicott\n|-supereffective|p1b: Whimsicott\n|-damage|p1b: Whimsicott|0 fnt\n|faint|p1b: Whimsicott\n|\n|-heal|p2a: Eternatus|56/100|[from] item: Leftovers\n|upkeep\n|\n|t:|1771124046\n|switch|p1b: Landorus|Landorus, L50, M|100/100\n|switch|p1a: Kyogre|Kyogre, L50|100/100\n|-weather|RainDance|[from] ability: Drizzle|[of] p1a: Kyogre\n|turn|3\n|\n|t:|1771124057\n|move|p2b: Murkrow|Tailwind|p2b: Murkrow\n|-sidestart|p2: bodeylee|move: Tailwind\n|move|p2a: Eternatus|Sludge Bomb|p1a: Kyogre\n|-damage|p1a: Kyogre|57/100\n|move|p1a: Kyogre|Water Spout|p2a: Eternatus|[spread] p2a,p2b\n|-damage|p2a: Eternatus|18/100\n|-damage|p2b: Murkrow|0 fnt\n|faint|p2b: Murkrow\n|move|p1b: Landorus|Sandsear Storm|p2a: Eternatus\n|-damage|p2a: Eternatus|0 fnt\n|faint|p2a: Eternatus\n|\n|-weather|RainDance|[upkeep]\n|upkeep\n|\n|t:|1771124073\n|switch|p2b: Wo-Chien|Wo-Chien, L50|100/100\n|switch|p2a: Kyogre|Kyogre, L50|100/100\n|-ability|p2b: Wo-Chien|Tablets of Ruin\n|turn|4\n|\n|t:|1771124086\n|-terastallize|p1b: Landorus|Grass\n|move|p1a: Kyogre|Water Spout|p2b: Wo-Chien|[spread] p2a,p2b\n|-resisted|p2a: Kyogre\n|-crit|p2a: Kyogre\n|-resisted|p2b: Wo-Chien\n|-damage|p2a: Kyogre|84/100\n|-damage|p2b: Wo-Chien|80/100\n|move|p2a: Kyogre|Origin Pulse|p1b: Landorus|[spread] p1a,p1b\n|-resisted|p1a: Kyogre\n|-resisted|p1b: Landorus\n|-damage|p1a: Kyogre|28/100\n|-damage|p1b: Landorus|47/100\n|move|p2b: Wo-Chien|Snarl|p1a: Kyogre|[spread] p1a,p1b\n|-damage|p1a: Kyogre|13/100\n|-damage|p1b: Landorus|22/100\n|-unboost|p1a: Kyogre|spa|1\n|-unboost|p1b: Landorus|spa|1\n|move|p1b: Landorus|Sandsear Storm|p2a: Kyogre|[spread] p2a,p2b\n|-resisted|p2b: Wo-Chien\n|-damage|p2a: Kyogre|67/100\n|-damage|p2b: Wo-Chien|66/100\n|\n|-weather|RainDance|[upkeep]\n|upkeep\n|turn|5\n|-message|Luca8 forfeited.\n|\n|win|bodeylee\n|raw|Luca8's rating: 1374 &rarr; <strong>1348</strong><br />(-26 for losing)\n|raw|bodeylee's rating: 1265 &rarr; <strong>1298</strong><br />(+33 for winning)\n|l|\u2606Luca8\n|player|p1|\n|l|\u2606bodeylee\n|player|p2|\n","uploadtime":1771124353,"views":34,"formatid":"gen9vgc2026regi","rating":1298,"private":0,"password":null}