{"id":"gen9vgc2026regi-2539489118","format":"[Gen 9] VGC 2026 Reg I","players":["Kana_Ryu1","Luca8"],"log":"|j|\u2606Kana_Ryu1\n|j|\u2606Luca8\n|t:|1771069449\n|gametype|doubles\n|player|p1|Kana_Ryu1|cynthia|1260\n|player|p2|Luca8|flint|1355\n|gen|9\n|tier|[Gen 9] VGC 2026 Reg I\n|rated|\n|rule|Species Clause: Limit one of each Pok\u00e9mon\n|rule|Item Clause: Limit 1 of each item\n|clearpoke\n|poke|p1|Groudon, L50|\n|poke|p1|Calyrex-Ice, L50|\n|poke|p1|Brute Bonnet, L50|\n|poke|p1|Flutter Mane, L50|\n|poke|p1|Incineroar, L50, M|\n|poke|p1|Rillaboom, L50, F|\n|poke|p2|Whimsicott, L50, F|\n|poke|p2|Calyrex-Ice, L50|\n|poke|p2|Kyogre, L50|\n|poke|p2|Farigiraf, L50, M|\n|poke|p2|Archaludon, L50, M|\n|poke|p2|Volcarona, L50, F|\n|teampreview|4\n|\n|t:|1771069487\n|teamsize|p1|4\n|teamsize|p2|4\n|start\n|switch|p1a: Calyrex|Calyrex-Ice, L50|100/100\n|switch|p1b: Brute Bonnet|Brute Bonnet, L50|100/100\n|switch|p2a: Whimsicott|Whimsicott, L50, F|100/100\n|switch|p2b: Calyrex|Calyrex-Ice, L50|100/100\n|-ability|p2b: Calyrex|As One\n|-ability|p2b: Calyrex|Unnerve\n|-ability|p1a: Calyrex|As One\n|-ability|p1a: Calyrex|Unnerve\n|turn|1\n|\n|t:|1771069526\n|-terastallize|p1b: Brute Bonnet|Water\n|move|p2a: Whimsicott|Moonblast|p1b: Brute Bonnet\n|-damage|p1b: Brute Bonnet|72/100\n|move|p2b: Calyrex|Glacial Lance|p1b: Brute Bonnet|[spread] p1a,p1b\n|-resisted|p1a: Calyrex\n|-resisted|p1b: Brute Bonnet\n|-damage|p1a: Calyrex|83/100\n|-damage|p1b: Brute Bonnet|54/100\n|move|p1b: Brute Bonnet|Spore|p2b: Calyrex\n|-status|p2b: Calyrex|slp|[from] move: Spore\n|move|p1a: Calyrex|Leech Seed|p2b: Calyrex\n|-start|p2b: Calyrex|move: Leech Seed\n|\n|-heal|p1a: Calyrex|89/100|[from] item: Leftovers\n|-damage|p2b: Calyrex|88/100 slp|[from] Leech Seed|[of] p1a: Calyrex\n|-heal|p1a: Calyrex|99/100|[silent]\n|upkeep\n|turn|2\n|\n|t:|1771069562\n|switch|p2b: Archaludon|Archaludon, L50, M|100/100\n|-end|p1b: Brute Bonnet|Protosynthesis|[silent]\n|switch|p1b: Groudon|Groudon, L50|100/100\n|-weather|SunnyDay|[from] ability: Drought|[of] p1b: Groudon\n|move|p1a: Calyrex|Protect|p1a: Calyrex\n|-singleturn|p1a: Calyrex|Protect\n|move|p2a: Whimsicott|Taunt|p1b: Groudon\n|-start|p1b: Groudon|move: Taunt\n|\n|-weather|SunnyDay|[upkeep]\n|-heal|p1a: Calyrex|100/100|[from] item: Leftovers\n|upkeep\n|turn|3\n|\n|t:|1771069581\n|switch|p1a: Brute Bonnet|Brute Bonnet, L50, tera:Water|54/100\n|-activate|p1a: Brute Bonnet|ability: Protosynthesis\n|-start|p1a: Brute Bonnet|protosynthesisdef\n|move|p2a: Whimsicott|Cotton Spore|p1a: Brute Bonnet|[spread] p1a,p1b\n|-unboost|p1a: Brute Bonnet|spe|2\n|-fail|p1b: Groudon|unboost|[from] item: Clear Amulet|[of] p1b: Groudon\n|move|p2b: Archaludon|Meteor Beam||[still]\n|-prepare|p2b: Archaludon|Meteor Beam\n|-boost|p2b: Archaludon|spa|1\n|-enditem|p2b: Archaludon|Power Herb\n|-anim|p2b: Archaludon|Meteor Beam|p1a: Brute Bonnet\n|-damage|p1a: Brute Bonnet|4/100\n|move|p1b: Groudon|Precipice Blades|p2b: Archaludon|[spread] p2a,p2b\n|-resisted|p2a: Whimsicott\n|-supereffective|p2b: Archaludon\n|-damage|p2a: Whimsicott|63/100\n|-damage|p2b: Archaludon|5/100\n|\n|-weather|SunnyDay|[upkeep]\n|upkeep\n|turn|4\n|\n|t:|1771069613\n|move|p1a: Brute Bonnet|Sucker Punch|p2b: Archaludon\n|-damage|p2b: Archaludon|0 fnt\n|faint|p2b: Archaludon\n|move|p2a: Whimsicott|Moonblast|p1b: Groudon\n|-damage|p1b: Groudon|71/100\n|move|p1b: Groudon|Precipice Blades|p2a: Whimsicott\n|-resisted|p2a: Whimsicott\n|-damage|p2a: Whimsicott|8/100\n|\n|-weather|SunnyDay|[upkeep]\n|-end|p1b: Groudon|move: Taunt\n|upkeep\n|\n|t:|1771069625\n|switch|p2b: Kyogre|Kyogre, L50|100/100\n|-weather|RainDance|[from] ability: Drizzle|[of] p2b: Kyogre\n|-end|p1a: Brute Bonnet|Protosynthesis\n|turn|5\n|\n|t:|1771069639\n|switch|p2a: Calyrex|Calyrex-Ice, L50|88/100 slp\n|-ability|p2a: Calyrex|As One\n|-ability|p2a: Calyrex|Unnerve\n|switch|p1b: Rillaboom|Rillaboom, L50, F|100/100\n|-fieldstart|move: Grassy Terrain|[from] ability: Grassy Surge|[of] p1b: Rillaboom\n|move|p1a: Brute Bonnet|Sucker Punch||[still]\n|-fail|p1a: Brute Bonnet\n|move|p2b: Kyogre|Water Spout|p1a: Brute Bonnet|[spread] p1a,p1b\n|-resisted|p1a: Brute Bonnet\n|-resisted|p1b: Rillaboom\n|-damage|p1a: Brute Bonnet|0 fnt\n|-damage|p1b: Rillaboom|68/100\n|faint|p1a: Brute Bonnet\n|-end|p1a: Brute Bonnet|Protosynthesis|[silent]\n|\n|-weather|RainDance|[upkeep]\n|-heal|p2a: Calyrex|94/100 slp|[from] Grassy Terrain\n|-heal|p1b: Rillaboom|73/100|[from] Grassy Terrain\n|upkeep\n|\n|t:|1771069660\n|switch|p1a: Groudon|Groudon, L50|71/100\n|-weather|SunnyDay|[from] ability: Drought|[of] p1a: Groudon\n|turn|6\n|\n|t:|1771069716\n|switch|p2b: Whimsicott|Whimsicott, L50, F|8/100\n|-terastallize|p2a: Calyrex|Electric\n|cant|p2a: Calyrex|slp\n|move|p1a: Groudon|Precipice Blades|p2a: Calyrex|[spread] \n|-miss|p1a: Groudon|p2a: Calyrex\n|-miss|p1a: Groudon|p2b: Whimsicott\n|move|p1b: Rillaboom|Wood Hammer|p2a: Calyrex\n|-damage|p2a: Calyrex|43/100 slp\n|-damage|p1b: Rillaboom|58/100|[from] Recoil\n|\n|-weather|SunnyDay|[upkeep]\n|-heal|p2b: Whimsicott|14/100|[from] Grassy Terrain\n|-heal|p2a: Calyrex|49/100 slp|[from] Grassy Terrain\n|-heal|p1a: Groudon|77/100|[from] Grassy Terrain\n|-heal|p1b: Rillaboom|64/100|[from] Grassy Terrain\n|upkeep\n|turn|7\n|\n|t:|1771069736\n|move|p2b: Whimsicott|Tailwind|p2b: Whimsicott\n|-sidestart|p2: Luca8|move: Tailwind\n|cant|p2a: Calyrex|slp\n|move|p1a: Groudon|Precipice Blades|p2a: Calyrex|[spread] p2a,p2b\n|-supereffective|p2a: Calyrex\n|-resisted|p2b: Whimsicott\n|-damage|p2a: Calyrex|0 fnt\n|-damage|p2b: Whimsicott|0 fnt\n|faint|p2a: Calyrex\n|faint|p2b: Whimsicott\n|move|p1b: Rillaboom|Wood Hammer|p2: Calyrex|[notarget]\n|-fail|p1b: Rillaboom\n|\n|-weather|SunnyDay|[upkeep]\n|-heal|p1a: Groudon|83/100|[from] Grassy Terrain\n|-heal|p1b: Rillaboom|70/100|[from] Grassy Terrain\n|upkeep\n|\n|t:|1771069751\n|switch|p2b: Kyogre|Kyogre, L50|100/100\n|-weather|RainDance|[from] ability: Drizzle|[of] p2b: Kyogre\n|turn|8\n|\n|t:|1771069758\n|switch|p1a: Calyrex|Calyrex-Ice, L50|100/100\n|-ability|p1a: Calyrex|As One\n|-ability|p1a: Calyrex|Unnerve\n|move|p1b: Rillaboom|Grassy Glide|p2b: Kyogre\n|-supereffective|p2b: Kyogre\n|-damage|p2b: Kyogre|22/100\n|move|p2b: Kyogre|Ice Beam|p1b: Rillaboom\n|-supereffective|p1b: Rillaboom\n|-damage|p1b: Rillaboom|24/100\n|\n|-weather|RainDance|[upkeep]\n|-heal|p2b: Kyogre|27/100|[from] Grassy Terrain\n|-heal|p1b: Rillaboom|29/100|[from] Grassy Terrain\n|upkeep\n|turn|9\n|-message|Luca8 forfeited.\n|\n|win|Kana_Ryu1\n|raw|Kana_Ryu1's rating: 1260 &rarr; <strong>1292</strong><br />(+32 for winning)\n|raw|Luca8's rating: 1355 &rarr; <strong>1330</strong><br />(-25 for losing)\n|l|\u2606Luca8\n|player|p2|\n|l|\u2606Kana_Ryu1\n|player|p1|\n","uploadtime":1771069962,"views":29,"formatid":"gen9vgc2026regi","rating":1292,"private":0,"password":null}