{"id":"gen9vgc2026regi-2559602017","format":"[Gen 9] VGC 2026 Reg I","players":["Voth","biludbiludbilud"],"log":"|j|\u2606Voth\n|j|\u2606biludbiludbilud\n|t:|1773591037\n|gametype|doubles\n|player|p1|Voth|dawn|1403\n|player|p2|biludbiludbilud|lucas|1425\n|gen|9\n|tier|[Gen 9] VGC 2026 Reg I\n|rated|\n|rule|Species Clause: Limit one of each Pok\u00e9mon\n|rule|Item Clause: Limit 1 of each item\n|clearpoke\n|poke|p1|Urshifu-*, L50, M|\n|poke|p1|Calyrex-Ice, L50|\n|poke|p1|Tornadus, L50, M|\n|poke|p1|Landorus, L50, M|\n|poke|p1|Rillaboom, L50, F|\n|poke|p1|Kyogre, L50|\n|poke|p2|Calyrex-Shadow, L50|\n|poke|p2|Zamazenta-*, L50|\n|poke|p2|Ting-Lu, L50|\n|poke|p2|Raging Bolt, L50|\n|poke|p2|Amoonguss, L50, M|\n|poke|p2|Chien-Pao, L50|\n|teampreview|4\n|inactive|Battle timer is ON: inactive players will automatically lose when time's up. (requested by biludbiludbilud)\n|\n|t:|1773591051\n|teamsize|p1|4\n|teamsize|p2|4\n|start\n|switch|p1a: Cassius|Tornadus, L50, M|100/100\n|switch|p1b: Sevro|Urshifu-Rapid-Strike, L50, M|100/100\n|switch|p2a: Calyrex|Calyrex-Shadow, L50|100/100\n|switch|p2b: Zamazenta|Zamazenta-Crowned, L50|100/100\n|-ability|p2a: Calyrex|As One\n|-ability|p2a: Calyrex|Unnerve\n|-ability|p2b: Zamazenta|Dauntless Shield|boost\n|-boost|p2b: Zamazenta|def|1\n|turn|1\n|\n|t:|1773591066\n|switch|p2a: Amoonguss|Amoonguss, L50, M|100/100\n|-terastallize|p1b: Sevro|Water\n|move|p1a: Cassius|Tailwind|p1a: Cassius\n|-sidestart|p1: Voth|move: Tailwind\n|move|p1b: Sevro|Surging Strikes|p2a: Amoonguss\n|-resisted|p2a: Amoonguss\n|-crit|p2a: Amoonguss\n|-damage|p2a: Amoonguss|81/100\n|-damage|p1b: Sevro|84/100|[from] item: Rocky Helmet|[of] p2a: Amoonguss\n|-resisted|p2a: Amoonguss\n|-crit|p2a: Amoonguss\n|-damage|p2a: Amoonguss|63/100\n|-damage|p1b: Sevro|68/100|[from] item: Rocky Helmet|[of] p2a: Amoonguss\n|-resisted|p2a: Amoonguss\n|-crit|p2a: Amoonguss\n|-damage|p2a: Amoonguss|47/100\n|-damage|p1b: Sevro|51/100|[from] item: Rocky Helmet|[of] p2a: Amoonguss\n|-hitcount|p2a: Amoonguss|3\n|move|p2b: Zamazenta|Body Press|p1b: Sevro\n|-damage|p1b: Sevro|0 fnt\n|faint|p1b: Sevro\n|\n|upkeep\n|\n|t:|1773591069\n|switch|p1b: Roque|Landorus, L50, M|100/100\n|turn|2\n|\n|t:|1773591078\n|move|p2b: Zamazenta|Protect|p2b: Zamazenta\n|-singleturn|p2b: Zamazenta|Protect\n|move|p2a: Amoonguss|Protect|p2a: Amoonguss\n|-singleturn|p2a: Amoonguss|Protect\n|move|p1b: Roque|Earth Power|p2b: Zamazenta\n|-activate|p2b: Zamazenta|move: Protect\n|move|p1a: Cassius|Bleakwind Storm|p2b: Zamazenta|[spread] \n|-activate|p2a: Amoonguss|move: Protect\n|-activate|p2b: Zamazenta|move: Protect\n|\n|upkeep\n|turn|3\n|\n|t:|1773591090\n|move|p2b: Zamazenta|Wide Guard|p2b: Zamazenta\n|-singleturn|p2b: Zamazenta|Wide Guard\n|move|p1b: Roque|Earth Power|p2b: Zamazenta\n|-supereffective|p2b: Zamazenta\n|-damage|p2b: Zamazenta|4/100\n|move|p1a: Cassius|Bleakwind Storm|p2b: Zamazenta|[spread] \n|-activate|p2a: Amoonguss|move: Wide Guard\n|-activate|p2b: Zamazenta|move: Wide Guard\n|move|p2a: Amoonguss|Spore|p1b: Roque\n|-status|p1b: Roque|slp|[from] move: Spore\n|\n|upkeep\n|turn|4\n|\n|t:|1773591109\n|move|p2b: Zamazenta|Wide Guard|p2b: Zamazenta\n|-singleturn|p2b: Zamazenta|Wide Guard\n|cant|p1b: Roque|slp\n|move|p1a: Cassius|Bleakwind Storm|p2a: Amoonguss|[spread] \n|-activate|p2a: Amoonguss|move: Wide Guard\n|-activate|p2b: Zamazenta|move: Wide Guard\n|move|p2a: Amoonguss|Spore|p1a: Cassius\n|-status|p1a: Cassius|slp|[from] move: Spore\n|\n|-sideend|p1: Voth|move: Tailwind\n|upkeep\n|turn|5\n|\n|t:|1773591121\n|switch|p1b: Mustang|Calyrex-Ice, L50|100/100\n|-ability|p1b: Mustang|As One\n|-ability|p1b: Mustang|Unnerve\n|switch|p2a: Calyrex|Calyrex-Shadow, L50|100/100\n|-ability|p2a: Calyrex|As One\n|-ability|p2a: Calyrex|Unnerve\n|cant|p1a: Cassius|slp\n|move|p2b: Zamazenta|Heavy Slam|p1a: Cassius\n|-damage|p1a: Cassius|46/100 slp\n|\n|upkeep\n|turn|6\n|\n|t:|1773591137\n|-terastallize|p2a: Calyrex|Ghost\n|-curestatus|p1a: Cassius|slp|[msg]\n|move|p1a: Cassius|Protect|p1a: Cassius\n|-singleturn|p1a: Cassius|Protect\n|move|p1b: Mustang|Protect|p1b: Mustang\n|-singleturn|p1b: Mustang|Protect\n|move|p2a: Calyrex|Astral Barrage|p1a: Cassius|[spread] \n|-activate|p1a: Cassius|move: Protect\n|-activate|p1b: Mustang|move: Protect\n|move|p2b: Zamazenta|Body Press|p1b: Mustang\n|-activate|p1b: Mustang|move: Protect\n|\n|upkeep\n|turn|7\n|\n|t:|1773591152\n|move|p1a: Cassius|Tailwind|p1a: Cassius\n|-sidestart|p1: Voth|move: Tailwind\n|move|p2a: Calyrex|Astral Barrage|p1a: Cassius|[spread] p1a,p1b\n|-supereffective|p1b: Mustang\n|-damage|p1a: Cassius|0 fnt\n|-damage|p1b: Mustang|15/100\n|faint|p1a: Cassius\n|-ability|p2a: Calyrex|Grim Neigh|boost\n|-boost|p2a: Calyrex|spa|1\n|move|p2b: Zamazenta|Body Press|p1b: Mustang\n|-damage|p1b: Mustang|0 fnt\n|faint|p1b: Mustang\n|\n|upkeep\n|\n|t:|1773591157\n|switch|p1b: Roque|Landorus, L50, M|100/100 slp\n|turn|8\n|\n|t:|1773591166\n|cant|p1b: Roque|slp\n|move|p2a: Calyrex|Astral Barrage|p1b: Roque\n|-damage|p1b: Roque|0 fnt\n|faint|p1b: Roque\n|\n|win|biludbiludbilud\n|raw|Voth's rating: 1403 &rarr; <strong>1384</strong><br />(-19 for losing)\n|raw|biludbiludbilud's rating: 1425 &rarr; <strong>1444</strong><br />(+19 for winning)\n","uploadtime":1773591171,"views":31,"formatid":"gen9vgc2026regi","rating":1384,"private":0,"password":null}