{"id":"gen9vgc2026regi-2523502494","format":"[Gen 9] VGC 2026 Reg I","players":["Zordor","zonavideovigilada"],"log":"|j|\u2606Zordor\n|j|\u2606zonavideovigilada\n|t:|1769031558\n|gametype|doubles\n|player|p1|Zordor|pilot|1475\n|player|p2|zonavideovigilada|102|1434\n|gen|9\n|tier|[Gen 9] VGC 2026 Reg I\n|rated|\n|rule|Species Clause: Limit one of each Pok\u00e9mon\n|rule|Item Clause: Limit 1 of each item\n|clearpoke\n|poke|p1|Entei, L50|\n|poke|p1|Walking Wake, L50|\n|poke|p1|Zacian-*, L50|\n|poke|p1|Groudon, L50|\n|poke|p1|Rillaboom, L50, F|\n|poke|p1|Raging Bolt, L50|\n|poke|p2|Chien-Pao, L50|\n|poke|p2|Calyrex-Shadow, L50|\n|poke|p2|Zamazenta-*, L50|\n|poke|p2|Amoonguss, L50, F|\n|poke|p2|Chi-Yu, L50|\n|poke|p2|Rillaboom, L50, M|\n|teampreview|4\n|inactive|Battle timer is ON: inactive players will automatically lose when time's up. (requested by Zordor)\n|\n|t:|1769031578\n|teamsize|p1|4\n|teamsize|p2|4\n|start\n|switch|p1a: Zacian|Zacian-Crowned, L50|100/100\n|switch|p1b: Walking Wake|Walking Wake, L50|100/100\n|switch|p2a: Amoonguss|Amoonguss, L50, F|100/100\n|switch|p2b: Calyrex|Calyrex-Shadow, L50|100/100\n|-ability|p2b: Calyrex|As One\n|-ability|p2b: Calyrex|Unnerve\n|-ability|p1a: Zacian|Intrepid Sword|boost\n|-boost|p1a: Zacian|atk|1\n|-enditem|p1b: Walking Wake|Booster Energy\n|-activate|p1b: Walking Wake|ability: Protosynthesis|[fromitem]\n|-start|p1b: Walking Wake|protosynthesisspe\n|turn|1\n|\n|t:|1769031589\n|-terastallize|p2b: Calyrex|Ghost\n|move|p2a: Amoonguss|Rage Powder|p2a: Amoonguss\n|-singleturn|p2a: Amoonguss|move: Rage Powder\n|move|p1b: Walking Wake|Snarl|p2a: Amoonguss|[spread] p2a,p2b\n|-supereffective|p2b: Calyrex\n|-damage|p2a: Amoonguss|87/100\n|-damage|p2b: Calyrex|71/100\n|-unboost|p2a: Amoonguss|spa|1\n|-unboost|p2b: Calyrex|spa|1\n|move|p2b: Calyrex|Astral Barrage|p1a: Zacian|[spread] p1a,p1b\n|-damage|p1a: Zacian|63/100\n|-damage|p1b: Walking Wake|46/100\n|move|p1a: Zacian|Behemoth Blade|p2a: Amoonguss\n|-crit|p2a: Amoonguss\n|-damage|p2a: Amoonguss|2/100\n|-damage|p1a: Zacian|46/100|[from] item: Rocky Helmet|[of] p2a: Amoonguss\n|\n|upkeep\n|turn|2\n|inactive|zonavideovigilada has 30 seconds left.\n|inactive|Zordor has 30 seconds left.\n|inactive|zonavideovigilada has 20 seconds left.\n|\n|t:|1769031630\n|switch|p2b: Zamazenta|Zamazenta-Crowned, L50|100/100\n|-ability|p2b: Zamazenta|Dauntless Shield|boost\n|-boost|p2b: Zamazenta|def|1\n|move|p1b: Walking Wake|Protect|p1b: Walking Wake\n|-singleturn|p1b: Walking Wake|Protect\n|move|p1a: Zacian|Protect|p1a: Zacian\n|-singleturn|p1a: Zacian|Protect\n|move|p2a: Amoonguss|Protect||[still]\n|-fail|p2a: Amoonguss\n|\n|upkeep\n|turn|3\n|\n|t:|1769031651\n|-terastallize|p1b: Walking Wake|Ghost\n|move|p2a: Amoonguss|Rage Powder|p2a: Amoonguss\n|-singleturn|p2a: Amoonguss|move: Rage Powder\n|move|p1b: Walking Wake|Hydro Steam|p2a: Amoonguss\n|-resisted|p2a: Amoonguss\n|-damage|p2a: Amoonguss|0 fnt\n|faint|p2a: Amoonguss\n|move|p1a: Zacian|Sacred Sword|p2b: Zamazenta\n|-supereffective|p2b: Zamazenta\n|-damage|p2b: Zamazenta|42/100\n|move|p2b: Zamazenta|Body Press|p1b: Walking Wake\n|-immune|p1b: Walking Wake\n|\n|upkeep\n|\n|t:|1769031661\n|switch|p2a: Calyrex|Calyrex-Shadow, L50, tera:Ghost|71/100\n|-ability|p2a: Calyrex|As One\n|-ability|p2a: Calyrex|Unnerve\n|turn|4\n|\n|t:|1769031673\n|move|p1a: Zacian|Protect|p1a: Zacian\n|-singleturn|p1a: Zacian|Protect\n|move|p2b: Zamazenta|Wide Guard|p2b: Zamazenta\n|-singleturn|p2b: Zamazenta|Wide Guard\n|move|p1b: Walking Wake|Draco Meteor|p2a: Calyrex|[miss]\n|-miss|p1b: Walking Wake|p2a: Calyrex\n|move|p2a: Calyrex|Astral Barrage|p1b: Walking Wake|[spread] p1b\n|-activate|p1a: Zacian|move: Protect\n|-supereffective|p1b: Walking Wake\n|-damage|p1b: Walking Wake|0 fnt\n|faint|p1b: Walking Wake\n|-end|p1b: Walking Wake|Protosynthesis|[silent]\n|-ability|p2a: Calyrex|Grim Neigh|boost\n|-boost|p2a: Calyrex|spa|1\n|\n|upkeep\n|\n|t:|1769031686\n|switch|p1b: Raging Bolt|Raging Bolt, L50|100/100\n|turn|5\n|\n|t:|1769031702\n|switch|p1a: Groudon|Groudon, L50|100/100\n|-weather|SunnyDay|[from] ability: Drought|[of] p1a: Groudon\n|-activate|p1b: Raging Bolt|ability: Protosynthesis\n|-start|p1b: Raging Bolt|protosynthesisspa\n|move|p1b: Raging Bolt|Thunderclap|p2a: Calyrex\n|-damage|p2a: Calyrex|25/100\n|move|p2a: Calyrex|Astral Barrage|p1b: Raging Bolt|[spread] p1a,p1b\n|-crit|p1b: Raging Bolt\n|-damage|p1a: Groudon|9/100\n|-damage|p1b: Raging Bolt|0 fnt\n|faint|p1b: Raging Bolt\n|-end|p1b: Raging Bolt|Protosynthesis|[silent]\n|-ability|p2a: Calyrex|Grim Neigh|boost\n|-boost|p2a: Calyrex|spa|1\n|move|p2b: Zamazenta|Body Press|p1a: Groudon\n|-damage|p1a: Groudon|0 fnt\n|faint|p1a: Groudon\n|\n|-weather|SunnyDay|[upkeep]\n|upkeep\n|-message|Zordor forfeited.\n|\n|win|zonavideovigilada\n|raw|Zordor's rating: 1475 &rarr; <strong>1453</strong><br />(-22 for losing)\n|raw|zonavideovigilada's rating: 1434 &rarr; <strong>1456</strong><br />(+22 for winning)\n|l|\u2606Zordor\n|player|p1|\n|l|\u2606zonavideovigilada\n|player|p2|\n","uploadtime":1769031965,"views":23,"formatid":"gen9vgc2026regi","rating":1453,"private":0,"password":null}