{"id":"gen9vgc2026regi-2556534680","format":"[Gen 9] VGC 2026 Reg I","players":["scy0719","drive stone"],"log":"|j|\u2606scy0719\n|j|\u2606drive stone\n|t:|1773222334\n|gametype|doubles\n|player|p1|scy0719|nurse|1433\n|player|p2|drive stone|cilan|1518\n|gen|9\n|tier|[Gen 9] VGC 2026 Reg I\n|rated|\n|rule|Species Clause: Limit one of each Pok\u00e9mon\n|rule|Item Clause: Limit 1 of each item\n|clearpoke\n|poke|p1|Calyrex-Shadow, L50|\n|poke|p1|Zamazenta-*, L50|\n|poke|p1|Chien-Pao, L50|\n|poke|p1|Raging Bolt, L50|\n|poke|p1|Ogerpon-Cornerstone, L50, F|\n|poke|p1|Amoonguss, L50, F|\n|poke|p2|Regieleki, L50|\n|poke|p2|Calyrex-Shadow, L50|\n|poke|p2|Koraidon, L50|\n|poke|p2|Incineroar, L50, M|\n|poke|p2|Rillaboom, L50, F|\n|poke|p2|Volcarona, L50, F|\n|teampreview|4\n|\n|t:|1773222364\n|teamsize|p1|4\n|teamsize|p2|4\n|start\n|switch|p1a: Ogerpon|Ogerpon-Cornerstone, L50, F|100/100\n|switch|p1b: Zamazenta|Zamazenta-Crowned, L50|100/100\n|switch|p2a: Volcarona|Volcarona, L50, F|100/100\n|switch|p2b: Regieleki|Regieleki, L50|100/100\n|-ability|p1b: Zamazenta|Dauntless Shield|boost\n|-boost|p1b: Zamazenta|def|1\n|turn|1\n|\n|t:|1773222388\n|-terastallize|p1b: Zamazenta|Dragon\n|-terastallize|p2a: Volcarona|Water\n|move|p2b: Regieleki|Electroweb|p1a: Ogerpon|[spread] p1b\n|-miss|p2b: Regieleki|p1a: Ogerpon\n|-resisted|p1b: Zamazenta\n|-damage|p1b: Zamazenta|93/100\n|-unboost|p1b: Zamazenta|spe|1\n|move|p1a: Ogerpon|Ivy Cudgel|p2a: Volcarona|[anim] Ivy Cudgel Rock\n|-damage|p2a: Volcarona|47/100\n|move|p2a: Volcarona|Quiver Dance|p2a: Volcarona\n|-boost|p2a: Volcarona|spa|1\n|-boost|p2a: Volcarona|spd|1\n|-boost|p2a: Volcarona|spe|1\n|move|p1b: Zamazenta|Body Press|p2b: Regieleki\n|-enditem|p2b: Regieleki|Focus Sash\n|-damage|p2b: Regieleki|1/100\n|\n|-heal|p2a: Volcarona|54/100|[from] item: Leftovers\n|upkeep\n|turn|2\n|\n|t:|1773222436\n|switch|p2b: Calyrex|Calyrex-Shadow, L50|100/100\n|-ability|p2b: Calyrex|As One\n|-ability|p2b: Calyrex|Unnerve\n|move|p2a: Volcarona|Giga Drain|p1a: Ogerpon\n|-damage|p1a: Ogerpon|66/100\n|-heal|p2a: Volcarona|70/100|[from] drain|[of] p1a: Ogerpon\n|move|p1a: Ogerpon|Ivy Cudgel|p2b: Calyrex|[anim] Ivy Cudgel Rock\n|-damage|p2b: Calyrex|44/100\n|move|p1b: Zamazenta|Body Press|p2a: Volcarona\n|-damage|p2a: Volcarona|5/100\n|\n|-heal|p2a: Volcarona|11/100|[from] item: Leftovers\n|upkeep\n|turn|3\n|\n|t:|1773222457\n|move|p1a: Ogerpon|Spiky Shield|p1a: Ogerpon\n|-singleturn|p1a: Ogerpon|move: Protect\n|move|p1b: Zamazenta|Protect|p1b: Zamazenta\n|-singleturn|p1b: Zamazenta|Protect\n|move|p2b: Calyrex|Psychic|p1a: Ogerpon\n|-activate|p1a: Ogerpon|move: Protect\n|move|p2a: Volcarona|Quiver Dance|p2a: Volcarona\n|-boost|p2a: Volcarona|spa|1\n|-boost|p2a: Volcarona|spd|1\n|-boost|p2a: Volcarona|spe|1\n|\n|-heal|p2a: Volcarona|17/100|[from] item: Leftovers\n|upkeep\n|turn|4\n|\n|t:|1773222490\n|move|p1a: Ogerpon|Follow Me|p1a: Ogerpon\n|-singleturn|p1a: Ogerpon|move: Follow Me\n|move|p2a: Volcarona|Giga Drain|p1a: Ogerpon\n|-damage|p1a: Ogerpon|19/100\n|-heal|p2a: Volcarona|41/100|[from] drain|[of] p1a: Ogerpon\n|move|p2b: Calyrex|Astral Barrage|p1a: Ogerpon|[spread] p1a,p1b\n|-damage|p1a: Ogerpon|0 fnt\n|-damage|p1b: Zamazenta|53/100\n|faint|p1a: Ogerpon\n|-ability|p2b: Calyrex|Grim Neigh|boost\n|-boost|p2b: Calyrex|spa|1\n|-damage|p2b: Calyrex|34/100|[from] item: Life Orb\n|move|p1b: Zamazenta|Body Press|p2a: Volcarona\n|-damage|p2a: Volcarona|0 fnt\n|faint|p2a: Volcarona\n|\n|upkeep\n|inactive|Battle timer is ON: inactive players will automatically lose when time's up. (requested by scy0719)\n|\n|t:|1773222523\n|switch|p1a: Raging Bolt|Raging Bolt, L50|100/100\n|switch|p2a: Regieleki|Regieleki, L50|1/100\n|-enditem|p1a: Raging Bolt|Booster Energy\n|-activate|p1a: Raging Bolt|ability: Protosynthesis|[fromitem]\n|-start|p1a: Raging Bolt|protosynthesisspa\n|turn|5\n|inactive|drive stone has 30 seconds left.\n|\n|t:|1773222555\n|move|p1a: Raging Bolt|Thunderclap||[still]\n|-fail|p1a: Raging Bolt\n|move|p2a: Regieleki|Volt Switch|p1a: Raging Bolt\n|-resisted|p1a: Raging Bolt\n|-damage|p1a: Raging Bolt|90/100\n|\n|t:|1773222560\n|switch|p2a: Koraidon|Koraidon, L50|100/100|[from] Volt Switch\n|-weather|SunnyDay|[from] ability: Orichalcum Pulse|[of] p2a: Koraidon\n|-activate|p2a: Koraidon|Orichalcum Pulse|[source]\n|move|p2b: Calyrex|Nasty Plot|p2b: Calyrex\n|-boost|p2b: Calyrex|spa|2\n|move|p1b: Zamazenta|Behemoth Bash|p2a: Koraidon\n|-damage|p2a: Koraidon|72/100\n|\n|-weather|SunnyDay|[upkeep]\n|upkeep\n|turn|6\n|\n|t:|1773222584\n|move|p2b: Calyrex|Protect|p2b: Calyrex\n|-singleturn|p2b: Calyrex|Protect\n|move|p1a: Raging Bolt|Thunderclap||[still]\n|-fail|p1a: Raging Bolt\n|move|p2a: Koraidon|Collision Course|p1a: Raging Bolt\n|-damage|p1a: Raging Bolt|31/100\n|move|p1b: Zamazenta|Body Press|p2a: Koraidon\n|-damage|p2a: Koraidon|27/100\n|\n|-weather|SunnyDay|[upkeep]\n|upkeep\n|turn|7\n|\n|t:|1773222602\n|move|p2a: Koraidon|Protect|p2a: Koraidon\n|-singleturn|p2a: Koraidon|Protect\n|move|p1a: Raging Bolt|Thunderclap|p2b: Calyrex\n|-crit|p2b: Calyrex\n|-damage|p2b: Calyrex|0 fnt\n|faint|p2b: Calyrex\n|move|p1b: Zamazenta|Body Press|p2a: Koraidon\n|-activate|p2a: Koraidon|move: Protect\n|\n|-weather|SunnyDay|[upkeep]\n|upkeep\n|-message|drive stone forfeited.\n|\n|win|scy0719\n|raw|scy0719's rating: 1433 &rarr; <strong>1458</strong><br />(+25 for winning)\n|raw|drive stone's rating: 1518 &rarr; <strong>1493</strong><br />(-25 for losing)\n|l|\u2606drive stone\n|player|p2|\n|l|\u2606scy0719\n|player|p1|\n","uploadtime":1773222855,"views":20,"formatid":"gen9vgc2026regi","rating":1458,"private":0,"password":null}