{"id":"gen9vgc2026regi-2564135898","format":"[Gen 9] VGC 2026 Reg I","players":["happidoodledoo","abc147"],"log":"|j|\u2606happidoodledoo\n|j|\u2606abc147\n|t:|1774113421\n|gametype|doubles\n|player|p1|happidoodledoo|1|1312\n|player|p2|abc147|winona|1367\n|gen|9\n|tier|[Gen 9] VGC 2026 Reg I\n|rated|\n|rule|Species Clause: Limit one of each Pok\u00e9mon\n|rule|Item Clause: Limit 1 of each item\n|clearpoke\n|poke|p1|Calyrex-Shadow, L50|\n|poke|p1|Weezing-Galar, L50, M|\n|poke|p1|Dondozo, L50, F|\n|poke|p1|Tatsugiri-Droopy, L50, F|\n|poke|p1|Brute Bonnet, L50|\n|poke|p1|Koraidon, L50|\n|poke|p2|Kyogre, L50|\n|poke|p2|Dusclops, L50, F|\n|poke|p2|Calyrex-Ice, L50|\n|poke|p2|Whimsicott, L50, F|\n|poke|p2|Incineroar, L50, F|\n|poke|p2|Sylveon, L50, F|\n|teampreview|4\n|inactive|Battle timer is ON: inactive players will automatically lose when time's up. (requested by abc147)\n|inactive|happidoodledoo has 60 seconds left.\n|inactive|abc147 has 60 seconds left.\n|\n|t:|1774113478\n|teamsize|p1|4\n|teamsize|p2|4\n|start\n|switch|p1a: Weezing|Weezing-Galar, L50, M, shiny|100/100\n|switch|p1b: Calyrex|Calyrex-Shadow, L50|100/100\n|switch|p2a: Dusclops|Dusclops, L50, F|100/100\n|switch|p2b: Calyrex|Calyrex-Ice, L50|100/100\n|-ability|p1a: Weezing|Neutralizing Gas\n|-ability|p1b: Calyrex|As One\n|-ability|p1b: Calyrex|Unnerve\n|-ability|p2b: Calyrex|As One\n|-ability|p2b: Calyrex|Unnerve\n|turn|1\n|\n|t:|1774113492\n|-terastallize|p2b: Calyrex|Dragon\n|move|p2a: Dusclops|Shadow Sneak|p1b: Calyrex\n|-supereffective|p1b: Calyrex\n|-crit|p1b: Calyrex\n|-damage|p1b: Calyrex|30/100\n|move|p1b: Calyrex|Astral Barrage|p2b: Calyrex|[spread] p2a,p2b\n|-supereffective|p2a: Dusclops\n|-damage|p2a: Dusclops|21/100\n|-damage|p2b: Calyrex|48/100\n|-damage|p1b: Calyrex|20/100|[from] item: Life Orb\n|move|p1a: Weezing|Toxic Spikes|p2b: Calyrex\n|-sidestart|p2: abc147|move: Toxic Spikes\n|move|p2b: Calyrex|Trick Room|p2b: Calyrex\n|-fieldstart|move: Trick Room|[of] p2b: Calyrex\n|\n|upkeep\n|turn|2\n|\n|t:|1774113511\n|move|p1b: Calyrex|Protect|p1b: Calyrex\n|-singleturn|p1b: Calyrex|Protect\n|move|p2a: Dusclops|Taunt|p1a: Weezing\n|-start|p1a: Weezing|move: Taunt\n|move|p2b: Calyrex|Glacial Lance|p1b: Calyrex|[spread] p1a\n|-activate|p1b: Calyrex|move: Protect\n|-damage|p1a: Weezing|55/100\n|cant|p1a: Weezing|move: Taunt|Poison Gas\n|\n|upkeep\n|turn|3\n|\n|t:|1774113533\n|-end|p1a: Weezing|ability: Neutralizing Gas\n|-item|p1a: Weezing|Sitrus Berry|[from] ability: Frisk|[of] p2a: Dusclops\n|-item|p1b: Calyrex|Life Orb|[from] ability: Frisk|[of] p2a: Dusclops\n|switch|p1a: Dondozo|Dondozo, L50, F|100/100\n|switch|p1b: Tatsugiri|Tatsugiri-Droopy, L50, F|100/100\n|-activate|p1b: Tatsugiri|ability: Commander|[of] p1a: Dondozo\n|-boost|p1a: Dondozo|atk|2\n|-boost|p1a: Dondozo|spa|2\n|-boost|p1a: Dondozo|spe|2\n|-boost|p1a: Dondozo|def|2\n|-boost|p1a: Dondozo|spd|2\n|move|p2a: Dusclops|Will-O-Wisp|p1a: Dondozo\n|-status|p1a: Dondozo|brn\n|move|p2b: Calyrex|Glacial Lance|p1a: Dondozo|[spread] p1a\n|-miss|p2b: Calyrex|p1b: Tatsugiri\n|-resisted|p1a: Dondozo\n|-damage|p1a: Dondozo|91/100 brn\n|\n|-heal|p1a: Dondozo|97/100 brn|[from] item: Leftovers\n|-damage|p1a: Dondozo|91/100 brn|[from] brn\n|upkeep\n|turn|4\n|inactive|happidoodledoo has 30 seconds left.\n|inactive|happidoodledoo has 20 seconds left.\n|inactive|happidoodledoo has 15 seconds left.\n|\n|t:|1774113576\n|switch|p2b: Sylveon|Sylveon, L50, F|100/100\n|-status|p2b: Sylveon|psn\n|move|p1a: Dondozo|Protect|p1a: Dondozo\n|-singleturn|p1a: Dondozo|Protect\n|move|p2a: Dusclops|Taunt|p1a: Dondozo\n|-activate|p1a: Dondozo|move: Protect\n|\n|-heal|p1a: Dondozo|97/100 brn|[from] item: Leftovers\n|-damage|p2b: Sylveon|88/100 psn|[from] psn\n|-damage|p1a: Dondozo|91/100 brn|[from] brn\n|upkeep\n|turn|5\n|\n|t:|1774113592\n|move|p2a: Dusclops|Taunt|p1a: Dondozo\n|-start|p1a: Dondozo|move: Taunt\n|move|p2b: Sylveon|Tera Blast|p1a: Dondozo\n|-damage|p1a: Dondozo|66/100 brn\n|-damage|p2b: Sylveon|78/100 psn|[from] item: Life Orb\n|move|p1a: Dondozo|Order Up|p2a: Dusclops\n|-damage|p2a: Dusclops|8/100\n|-boost|p1a: Dondozo|def|1\n|\n|-heal|p1a: Dondozo|72/100 brn|[from] item: Leftovers\n|-damage|p2b: Sylveon|66/100 psn|[from] psn\n|-damage|p1a: Dondozo|66/100 brn|[from] brn\n|-fieldend|move: Trick Room\n|upkeep\n|turn|6\n|\n|t:|1774113613\n|move|p1a: Dondozo|Order Up|p2a: Dusclops\n|-crit|p2a: Dusclops\n|-damage|p2a: Dusclops|0 fnt\n|faint|p2a: Dusclops\n|-boost|p1a: Dondozo|def|1\n|move|p2b: Sylveon|Tera Blast|p1a: Dondozo\n|-damage|p1a: Dondozo|43/100 brn\n|-damage|p2b: Sylveon|56/100 psn|[from] item: Life Orb\n|\n|-heal|p1a: Dondozo|49/100 brn|[from] item: Leftovers\n|-damage|p2b: Sylveon|44/100 psn|[from] psn\n|-damage|p1a: Dondozo|43/100 brn|[from] brn\n|upkeep\n|\n|t:|1774113628\n|switch|p2a: Calyrex|Calyrex-Ice, L50, tera:Dragon|48/100\n|-ability|p2a: Calyrex|As One\n|-ability|p2a: Calyrex|Unnerve\n|-status|p2a: Calyrex|psn\n|turn|7\n|inactive|happidoodledoo has 30 seconds left.\n|inactive|happidoodledoo has 20 seconds left.\n|inactive|happidoodledoo has 15 seconds left.\n|inactive|happidoodledoo has 10 seconds left.\n|inactive|happidoodledoo has 5 seconds left.\n|\n|t:|1774113678\n|move|p1a: Dondozo|Body Press|p2a: Calyrex\n|-damage|p2a: Calyrex|31/100 psn\n|move|p2b: Sylveon|Tera Blast|p1a: Dondozo\n|-damage|p1a: Dondozo|20/100 brn\n|-damage|p2b: Sylveon|34/100 psn|[from] item: Life Orb\n|move|p2a: Calyrex|Trick Room|p2a: Calyrex\n|-fieldstart|move: Trick Room|[of] p2a: Calyrex\n|\n|-heal|p1a: Dondozo|26/100 brn|[from] item: Leftovers\n|-damage|p2a: Calyrex|19/100 psn|[from] psn\n|-damage|p2b: Sylveon|21/100 psn|[from] psn\n|-damage|p1a: Dondozo|20/100 brn|[from] brn\n|-end|p1a: Dondozo|move: Taunt\n|upkeep\n|turn|8\n|\n|t:|1774113695\n|switch|p2b: Kyogre|Kyogre, L50|100/100\n|-status|p2b: Kyogre|psn\n|-weather|RainDance|[from] ability: Drizzle|[of] p2b: Kyogre\n|move|p1a: Dondozo|Protect|p1a: Dondozo\n|-singleturn|p1a: Dondozo|Protect\n|move|p2a: Calyrex|Glacial Lance|p1b: Tatsugiri|[spread] \n|-miss|p2a: Calyrex|p1b: Tatsugiri\n|-activate|p1a: Dondozo|move: Protect\n|\n|-weather|RainDance|[upkeep]\n|-heal|p1a: Dondozo|26/100 brn|[from] item: Leftovers\n|-damage|p2a: Calyrex|7/100 psn|[from] psn\n|-damage|p2b: Kyogre|88/100 psn|[from] psn\n|-damage|p1a: Dondozo|20/100 brn|[from] brn\n|upkeep\n|turn|9\n|\n|t:|1774113708\n|move|p2a: Calyrex|Glacial Lance|p1a: Dondozo|[spread] p1a\n|-miss|p2a: Calyrex|p1b: Tatsugiri\n|-resisted|p1a: Dondozo\n|-damage|p1a: Dondozo|13/100 brn\n|move|p2b: Kyogre|Water Spout|p1a: Dondozo|[spread] p1a\n|-miss|p2b: Kyogre|p1b: Tatsugiri\n|-resisted|p1a: Dondozo\n|-damage|p1a: Dondozo|0 fnt\n|faint|p1a: Dondozo\n|\n|-weather|RainDance|[upkeep]\n|-damage|p2a: Calyrex|0 fnt|[from] psn\n|faint|p2a: Calyrex\n|-damage|p2b: Kyogre|76/100 psn|[from] psn\n|upkeep\n|-message|abc147 forfeited.\n|\n|win|happidoodledoo\n|raw|happidoodledoo's rating: 1312 &rarr; <strong>1335</strong><br />(+23 for winning)\n|raw|abc147's rating: 1367 &rarr; <strong>1344</strong><br />(-23 for losing)\n|l|\u2606abc147\n|player|p2|\n|l|\u2606happidoodledoo\n|player|p1|\n","uploadtime":1774113885,"views":24,"formatid":"gen9vgc2026regi","rating":1335,"private":0,"password":null}