{"id":"gen9vgc2026regi-2552161974","format":"[Gen 9] VGC 2026 Reg I","players":["ScribbleScribble","lovelin123799"],"log":"|j|\u2606ScribbleScribble\n|j|\u2606lovelin123799\n|t:|1772682901\n|gametype|doubles\n|player|p1|ScribbleScribble|mina-lgpe|1534\n|player|p2|lovelin123799|101|1494\n|gen|9\n|tier|[Gen 9] VGC 2026 Reg I\n|rated|\n|rule|Species Clause: Limit one of each Pok\u00e9mon\n|rule|Item Clause: Limit 1 of each item\n|clearpoke\n|poke|p1|Calyrex-Ice, L50|\n|poke|p1|Kyogre, L50|\n|poke|p1|Tornadus, L50, M|\n|poke|p1|Indeedee-F, L50, F|\n|poke|p1|Landorus, L50, M|\n|poke|p1|Urshifu-*, L50, M|\n|poke|p2|Calyrex-Ice, L50|\n|poke|p2|Lunala, L50|\n|poke|p2|Smeargle, L50, M|\n|poke|p2|Torkoal, L50, M|\n|poke|p2|Urshifu-*, L50, F|\n|poke|p2|Indeedee-F, L50, F|\n|teampreview|4\n|inactive|Battle timer is ON: inactive players will automatically lose when time's up. (requested by ScribbleScribble)\n|\n|t:|1772682931\n|teamsize|p1|4\n|teamsize|p2|4\n|start\n|switch|p1a: Tornadus|Tornadus, L50, M|100/100\n|switch|p1b: Calyrex|Calyrex-Ice, L50|100/100\n|switch|p2a: Smeargle|Smeargle, L50, M|100/100\n|switch|p2b: Calyrex|Calyrex-Ice, L50|100/100\n|-ability|p1b: Calyrex|As One\n|-ability|p1b: Calyrex|Unnerve\n|-ability|p2b: Calyrex|As One\n|-ability|p2b: Calyrex|Unnerve\n|turn|1\n|inactive|ScribbleScribble has 30 seconds left.\n|inactive|lovelin123799 has 30 seconds left.\n|inactive|lovelin123799 has 20 seconds left.\n|\n|t:|1772682967\n|-terastallize|p1b: Calyrex|Grass\n|move|p1a: Tornadus|Taunt|p2b: Calyrex\n|-start|p2b: Calyrex|move: Taunt\n|move|p2a: Smeargle|Decorate|p2b: Calyrex\n|-boost|p2b: Calyrex|atk|2\n|-boost|p2b: Calyrex|spa|2\n|move|p1b: Calyrex|Imprison|p1b: Calyrex\n|-start|p1b: Calyrex|move: Imprison\n|cant|p2b: Calyrex|move: Imprison|Glacial Lance\n|\n|upkeep\n|turn|2\n|inactive|ScribbleScribble has 30 seconds left.\n|inactive|lovelin123799 has 30 seconds left.\n|inactive|ScribbleScribble has 20 seconds left.\n|inactive|lovelin123799 has 20 seconds left.\n|inactive|ScribbleScribble has 15 seconds left.\n|\n|t:|1772683009\n|switch|p2a: Lunala|Lunala, L50|100/100\n|switch|p2b: Torkoal|Torkoal, L50, M|100/100\n|-weather|SunnyDay|[from] ability: Drought|[of] p2b: Torkoal\n|move|p1a: Tornadus|Taunt|p2a: Lunala\n|-start|p2a: Lunala|move: Taunt\n|move|p1b: Calyrex|Glacial Lance|p2b: Torkoal|[spread] p2a,p2b\n|-resisted|p2b: Torkoal\n|-damage|p2a: Lunala|78/100\n|-damage|p2b: Torkoal|80/100\n|\n|-weather|SunnyDay|[upkeep]\n|upkeep\n|turn|3\n|\n|t:|1772683022\n|move|p1a: Tornadus|Rain Dance|p1a: Tornadus\n|-weather|RainDance\n|move|p2a: Lunala|Meteor Beam||[still]\n|-prepare|p2a: Lunala|Meteor Beam\n|-boost|p2a: Lunala|spa|1\n|-enditem|p2a: Lunala|Power Herb\n|-anim|p2a: Lunala|Meteor Beam|p1a: Tornadus\n|-supereffective|p1a: Tornadus\n|-enditem|p1a: Tornadus|Focus Sash\n|-damage|p1a: Tornadus|1/100\n|move|p1b: Calyrex|Glacial Lance|p2a: Lunala|[spread] p2a,p2b\n|-resisted|p2b: Torkoal\n|-damage|p2a: Lunala|35/100\n|-damage|p2b: Torkoal|59/100\n|move|p2b: Torkoal|Eruption|p1a: Tornadus|[spread] p1a,p1b\n|-supereffective|p1b: Calyrex\n|-damage|p1a: Tornadus|0 fnt\n|-damage|p1b: Calyrex|67/100\n|faint|p1a: Tornadus\n|\n|-weather|RainDance|[upkeep]\n|upkeep\n|\n|t:|1772683039\n|switch|p1a: Kyogre|Kyogre, L50|100/100\n|turn|4\n|\n|t:|1772683050\n|switch|p2b: Smeargle|Smeargle, L50, M|100/100\n|move|p1a: Kyogre|Water Spout|p2b: Smeargle|[spread] p2a,p2b\n|-damage|p2a: Lunala|0 fnt\n|-enditem|p2b: Smeargle|Focus Sash\n|-damage|p2b: Smeargle|1/100\n|faint|p2a: Lunala\n|move|p1b: Calyrex|Glacial Lance|p2b: Smeargle\n|-damage|p2b: Smeargle|0 fnt\n|faint|p2b: Smeargle\n|-ability|p1b: Calyrex|Chilling Neigh|boost\n|-boost|p1b: Calyrex|atk|1\n|\n|-weather|RainDance|[upkeep]\n|upkeep\n|\n|t:|1772683052\n|switch|p2b: Calyrex|Calyrex-Ice, L50|100/100\n|switch|p2a: Torkoal|Torkoal, L50, M|59/100\n|-ability|p2b: Calyrex|As One\n|-ability|p2b: Calyrex|Unnerve\n|-weather|SunnyDay|[from] ability: Drought|[of] p2a: Torkoal\n|turn|5\n|-message|lovelin123799 forfeited.\n|\n|win|ScribbleScribble\n|raw|ScribbleScribble's rating: 1481 &rarr; <strong>1502</strong><br />(+21 for winning)\n|raw|lovelin123799's rating: 1494 &rarr; <strong>1473</strong><br />(-21 for losing)\n|l|\u2606lovelin123799\n|player|p2|\n|l|\u2606ScribbleScribble\n|player|p1|\n","uploadtime":1772683282,"views":18,"formatid":"gen9vgc2026regi","rating":1473,"private":0,"password":null}