{"id":"gen9vgc2026regi-2588863468","format":"[Gen 9] VGC 2026 Reg I","players":["Nahro1001","igrisgoogoodolls"],"log":"|j|\u2606Nahro1001\n|j|\u2606igrisgoogoodolls\n|t:|1776679940\n|gametype|doubles\n|player|p1|Nahro1001|266|1459\n|player|p2|igrisgoogoodolls|266|1359\n|gen|9\n|tier|[Gen 9] VGC 2026 Reg I\n|rated|\n|rule|Species Clause: Limit one of each Pok\u00e9mon\n|rule|Item Clause: Limit 1 of each item\n|clearpoke\n|poke|p1|Zamazenta-*, L50|\n|poke|p1|Chien-Pao, L50|\n|poke|p1|Miraidon, L50|\n|poke|p1|Dragonite, L50, M|\n|poke|p1|Incineroar, L50, M|\n|poke|p1|Volcarona, L50, F|\n|poke|p2|Koraidon, L50|\n|poke|p2|Calyrex-Shadow, L50|\n|poke|p2|Murkrow, L50, F|\n|poke|p2|Raichu, L50, M|\n|poke|p2|Torkoal, L50, F|\n|poke|p2|Typhlosion-Hisui, L50, F|\n|teampreview|4\n|\n|t:|1776679965\n|teamsize|p1|4\n|teamsize|p2|4\n|start\n|switch|p1a: Miranda|Miraidon, L50, shiny|100/100\n|switch|p1b: Chien-Paolo|Chien-Pao, L50, shiny|100/100\n|switch|p2a: Murkrow|Murkrow, L50, F|100/100\n|switch|p2b: Calyrex|Calyrex-Shadow, L50|100/100\n|-ability|p2b: Calyrex|As One\n|-ability|p2b: Calyrex|Unnerve\n|-fieldstart|move: Electric Terrain|[from] ability: Hadron Engine|[of] p1a: Miranda\n|-ability|p1b: Chien-Paolo|Sword of Ruin\n|turn|1\n|\n|t:|1776679987\n|switch|p2b: Raichu|Raichu, L50, M|100/100\n|move|p1a: Miranda|Snarl|p2a: Murkrow|[spread] p2a,p2b\n|-resisted|p2a: Murkrow\n|-damage|p2a: Murkrow|88/100\n|-damage|p2b: Raichu|74/100\n|-unboost|p2a: Murkrow|spa|1\n|-unboost|p2b: Raichu|spa|1\n|move|p1b: Chien-Paolo|Icicle Crash|p2a: Murkrow\n|-supereffective|p2a: Murkrow\n|-damage|p2a: Murkrow|0 fnt\n|faint|p2a: Murkrow\n|\n|upkeep\n|inactive|Battle timer is ON: inactive players will automatically lose when time's up. (requested by Nahro1001)\n|\n|t:|1776680010\n|switch|p2a: Koraidon|Koraidon, L50|100/100\n|-weather|SunnyDay|[from] ability: Orichalcum Pulse|[of] p2a: Koraidon\n|-activate|p2a: Koraidon|Orichalcum Pulse|[source]\n|turn|2\n|\n|t:|1776680023\n|switch|p1a: Incineroar|Incineroar, L50, M|100/100\n|-ability|p1a: Incineroar|Intimidate|boost\n|-unboost|p2a: Koraidon|atk|1\n|-unboost|p2b: Raichu|atk|1\n|-terastallize|p2a: Koraidon|Fire\n|move|p1b: Chien-Paolo|Protect|p1b: Chien-Paolo\n|-singleturn|p1b: Chien-Paolo|Protect\n|move|p2a: Koraidon|Close Combat|p1b: Chien-Paolo\n|-activate|p1b: Chien-Paolo|move: Protect\n|move|p2b: Raichu|Knock Off|p1a: Incineroar\n|-resisted|p1a: Incineroar\n|-damage|p1a: Incineroar|94/100\n|-enditem|p1a: Incineroar|Assault Vest|[from] move: Knock Off|[of] p2b: Raichu\n|\n|-weather|SunnyDay|[upkeep]\n|upkeep\n|turn|3\n|inactive|igrisgoogoodolls has 30 seconds left.\n|\n|t:|1776680049\n|move|p1a: Incineroar|Fake Out|p2a: Koraidon\n|-damage|p2a: Koraidon|88/100\n|cant|p2a: Koraidon|flinch\n|move|p1b: Chien-Paolo|Crunch|p2b: Raichu\n|-damage|p2b: Raichu|0 fnt\n|faint|p2b: Raichu\n|\n|-weather|SunnyDay|[upkeep]\n|upkeep\n|\n|t:|1776680059\n|switch|p2b: Calyrex|Calyrex-Shadow, L50|100/100\n|-ability|p2b: Calyrex|As One\n|-ability|p2b: Calyrex|Unnerve\n|turn|4\n|\n|t:|1776680077\n|-terastallize|p1a: Incineroar|Water\n|move|p1b: Chien-Paolo|Protect|p1b: Chien-Paolo\n|-singleturn|p1b: Chien-Paolo|Protect\n|move|p2b: Calyrex|Nasty Plot|p2b: Calyrex\n|-boost|p2b: Calyrex|spa|2\n|move|p2a: Koraidon|Close Combat|p1a: Incineroar\n|-damage|p1a: Incineroar|24/100\n|-unboost|p2a: Koraidon|def|1\n|-unboost|p2a: Koraidon|spd|1\n|-damage|p2a: Koraidon|78/100|[from] item: Life Orb\n|move|p1a: Incineroar|Knock Off|p2b: Calyrex\n|-supereffective|p2b: Calyrex\n|-damage|p2b: Calyrex|0 fnt\n|-enditem|p2b: Calyrex|Spell Tag|[from] move: Knock Off|[of] p1a: Incineroar\n|faint|p2b: Calyrex\n|\n|-weather|SunnyDay|[upkeep]\n|upkeep\n|turn|5\n|-message|igrisgoogoodolls forfeited.\n|\n|win|Nahro1001\n|raw|Nahro1001's rating: 1459 &rarr; <strong>1473</strong><br />(+14 for winning)\n|raw|igrisgoogoodolls's rating: 1359 &rarr; <strong>1345</strong><br />(-14 for losing)\n|l|\u2606igrisgoogoodolls\n|player|p2|\n|l|\u2606Nahro1001\n|player|p1|\n","uploadtime":1776680233,"views":7,"formatid":"gen9vgc2026regi","rating":1345,"private":0,"password":null}