{"id":"gen9vgc2026regi-2548487153","format":"[Gen 9] VGC 2026 Reg I","players":["NewAdi6","plantscience"],"log":"|j|\u2606NewAdi6\n|j|\u2606plantscience\n|t:|1772219664\n|gametype|doubles\n|player|p1|NewAdi6|1|1190\n|player|p2|plantscience|266|1449\n|gen|9\n|tier|[Gen 9] VGC 2026 Reg I\n|rated|\n|rule|Species Clause: Limit one of each Pok\u00e9mon\n|rule|Item Clause: Limit 1 of each item\n|clearpoke\n|poke|p1|Calyrex-Shadow, L50|\n|poke|p1|Zamazenta-*, L50|\n|poke|p1|Whimsicott, L50, F|\n|poke|p1|Chien-Pao, L50|\n|poke|p1|Raging Bolt, L50|\n|poke|p1|Urshifu-*, L50, F|\n|poke|p2|Chien-Pao, L50|\n|poke|p2|Calyrex-Shadow, L50|\n|poke|p2|Urshifu-*, L50, M|\n|poke|p2|Zamazenta-*, L50|\n|poke|p2|Weezing-Galar, L50, M|\n|poke|p2|Dragonite, L50, M|\n|teampreview|4\n|inactive|Battle timer is ON: inactive players will automatically lose when time's up. (requested by NewAdi6)\n|\n|t:|1772219697\n|teamsize|p1|4\n|teamsize|p2|4\n|start\n|switch|p1a: Zamazenta|Zamazenta-Crowned, L50|100/100\n|switch|p1b: Chien-Pao|Chien-Pao, L50|100/100\n|switch|p2a: Chien-Pao|Chien-Pao, L50|100/100\n|switch|p2b: Dragonite|Dragonite, L50, M|100/100\n|-ability|p1b: Chien-Pao|Sword of Ruin\n|-ability|p2a: Chien-Pao|Sword of Ruin\n|-ability|p1a: Zamazenta|Dauntless Shield|boost\n|-boost|p1a: Zamazenta|def|1\n|turn|1\n|\n|t:|1772219710\n|move|p1b: Chien-Pao|Protect|p1b: Chien-Pao\n|-singleturn|p1b: Chien-Pao|Protect\n|move|p2a: Chien-Pao|Ruination|p1a: Zamazenta\n|-damage|p1a: Zamazenta|50/100\n|move|p1a: Zamazenta|Behemoth Bash|p2a: Chien-Pao\n|-supereffective|p2a: Chien-Pao\n|-damage|p2a: Chien-Pao|19/100\n|move|p2b: Dragonite|Outrage|p1a: Zamazenta\n|-resisted|p1a: Zamazenta\n|-damage|p1a: Zamazenta|28/100\n|\n|upkeep\n|turn|2\n|inactive|NewAdi6 has 30 seconds left.\n|\n|t:|1772219737\n|move|p2a: Chien-Pao|Ice Shard|p1b: Chien-Pao\n|-resisted|p1b: Chien-Pao\n|-damage|p1b: Chien-Pao|89/100\n|move|p1b: Chien-Pao|Icicle Crash|p2b: Dragonite\n|-supereffective|p2b: Dragonite\n|-damage|p2b: Dragonite|0 fnt\n|faint|p2b: Dragonite\n|-damage|p1b: Chien-Pao|80/100|[from] item: Life Orb\n|move|p1a: Zamazenta|Body Press|p2a: Chien-Pao\n|-supereffective|p2a: Chien-Pao\n|-damage|p2a: Chien-Pao|0 fnt\n|faint|p2a: Chien-Pao\n|\n|upkeep\n|\n|t:|1772219757\n|switch|p2a: Calyrex|Calyrex-Shadow, L50|100/100\n|switch|p2b: Zamazenta|Zamazenta-Crowned, L50|100/100\n|-ability|p2a: Calyrex|As One\n|-ability|p2a: Calyrex|Unnerve\n|-ability|p2b: Zamazenta|Dauntless Shield|boost\n|-boost|p2b: Zamazenta|def|1\n|turn|3\n|inactive|NewAdi6 has 30 seconds left.\n|\n|t:|1772219787\n|move|p1a: Zamazenta|Protect|p1a: Zamazenta\n|-singleturn|p1a: Zamazenta|Protect\n|move|p1b: Chien-Pao|Sucker Punch|p2a: Calyrex\n|-supereffective|p2a: Calyrex\n|-enditem|p2a: Calyrex|Focus Sash\n|-damage|p2a: Calyrex|1/100\n|-damage|p1b: Chien-Pao|70/100|[from] item: Life Orb\n|move|p2a: Calyrex|Psychic|p1a: Zamazenta\n|-activate|p1a: Zamazenta|move: Protect\n|move|p2b: Zamazenta|Body Press|p1b: Chien-Pao\n|-supereffective|p1b: Chien-Pao\n|-damage|p1b: Chien-Pao|0 fnt\n|faint|p1b: Chien-Pao\n|\n|upkeep\n|\n|t:|1772219801\n|switch|p1b: Whimsicott|Whimsicott, L50, F|100/100\n|turn|4\n|\n|t:|1772219821\n|move|p1b: Whimsicott|Tailwind|p1b: Whimsicott\n|-sidestart|p1: NewAdi6|move: Tailwind\n|move|p1a: Zamazenta|Behemoth Bash|p2a: Calyrex\n|-damage|p2a: Calyrex|0 fnt\n|faint|p2a: Calyrex\n|move|p2b: Zamazenta|Behemoth Bash|p1b: Whimsicott\n|-supereffective|p1b: Whimsicott\n|-damage|p1b: Whimsicott|17/100\n|\n|upkeep\n|turn|5\n|\n|t:|1772219839\n|-terastallize|p1a: Zamazenta|Ghost\n|move|p1b: Whimsicott|Moonblast|p2b: Zamazenta\n|-damage|p2b: Zamazenta|78/100\n|move|p1a: Zamazenta|Body Press|p2b: Zamazenta\n|-supereffective|p2b: Zamazenta\n|-damage|p2b: Zamazenta|26/100\n|move|p2b: Zamazenta|Body Press|p1a: Zamazenta\n|-immune|p1a: Zamazenta\n|\n|upkeep\n|turn|6\n|-message|plantscience forfeited.\n|\n|win|NewAdi6\n|raw|NewAdi6's rating: 1190 &rarr; <strong>1231</strong><br />(+41 for winning)\n|raw|plantscience's rating: 1449 &rarr; <strong>1416</strong><br />(-33 for losing)\n","uploadtime":1772219852,"views":17,"formatid":"gen9vgc2026regi","rating":1231,"private":0,"password":null}