{"id":"gen9vgc2026regi-2572717737","format":"[Gen 9] VGC 2026 Reg I","players":["benniovyalt","LuixenS"],"log":"|j|\u2606benniovyalt\n|j|\u2606LuixenS\n|html|<table width=\"100%\"><tr><td align=\"left\">benniovyalt</td><td align=\"right\">LuixenS</tr><tr><td align=\"left\"><i class=\"fa fa-circle\"></i> <i class=\"fa fa-circle-o\"></i> </td><td align=\"right\"><i class=\"fa fa-circle-o\"></i> <i class=\"fa fa-circle\"></i> </tr></table>\n|uhtml|bestof|<h2><strong>Game 3</strong> of <a href=\"/game-bestof3-gen9vgc2026regi-2572714436\">a best-of-3</a></h2>\n|t:|1775057932\n|gametype|doubles\n|player|p1|benniovyalt|102|\n|player|p2|LuixenS|canari|\n|gen|9\n|tier|[Gen 9] VGC 2026 Reg I\n|rated|Tournament battle\n|rule|Species Clause: Limit one of each Pok\u00e9mon\n|rule|Item Clause: Limit 1 of each item\n|raw|<div class=\"infobox\"><details class=\"readmore\" open><summary><strong>4 custom rules:</strong></summary> Open Team Sheets, Force Open Team Sheets, !Open Team Sheets, Best of = 3</details></div>\n|clearpoke\n|poke|p1|Calyrex-Shadow, L50|\n|poke|p1|Zamazenta-*, L50|\n|poke|p1|Incineroar, L50, M|\n|poke|p1|Rillaboom, L50, F|\n|poke|p1|Urshifu-*, L50, F|\n|poke|p1|Tornadus, L50, M|\n|poke|p2|Terapagos, L50, M|\n|poke|p2|Incineroar, L50, M|\n|poke|p2|Rillaboom, L50, M|\n|poke|p2|Scream Tail, L50|\n|poke|p2|Ogerpon-Cornerstone, L50, F|\n|poke|p2|Zacian-*, L50|\n|teampreview|4\n|showteam|p1|Calyrex-Shadow||FocusSash|AsOneSpectrier|AstralBarrage,Psychic,NastyPlot,Protect||||||50|,,,,,Ghost]Zamazenta-Crowned||RustedShield|DauntlessShield|BodyPress,behemothbash,WideGuard,Protect||||||50|,,,,,Dragon]Incineroar||RockyHelmet|Intimidate|KnockOff,PartingShot,WillOWisp,FakeOut|||M|||50|,,,,,Bug]Rillaboom||AssaultVest|GrassySurge|WoodHammer,Uturn,GrassyGlide,FakeOut|||F|||50|,,,,,Fire]Urshifu-Rapid-Strike||MysticWater|UnseenFist|SurgingStrikes,AquaJet,CloseCombat,Detect|||F|||50|,,,,,Water]Tornadus||CovertCloak|Prankster|BleakwindStorm,Tailwind,RainDance,Taunt|||M|||50|,,,,,Dark\n|showteam|p2|Terapagos||Leftovers|TeraShift|TeraStarstorm,EarthPower,CalmMind,Protect|||M|||50|,,,,,Stellar]Incineroar||RockyHelmet|Intimidate|KnockOff,FakeOut,PartingShot,WillOWisp|||M|||50|,,,,,Bug]Rillaboom||AssaultVest|GrassySurge|GrassyGlide,WoodHammer,FakeOut,Uturn|||M|||50|,,,,,Water]Scream Tail||BoosterEnergy|Protosynthesis|DazzlingGleam,Encore,Disable,Protect||||||50|,,,,,Grass]Ogerpon-Cornerstone||CornerstoneMask|Sturdy|IvyCudgel,Taunt,FollowMe,SpikyShield|||F|||50|,,,,,Rock]Zacian-Crowned||RustedSword|IntrepidSword|behemothblade,PlayRough,SwordsDance,Protect||||||50|,,,,,Fairy\n|inactive|Battle timer is ON: inactive players will automatically lose when time's up. (requested by LuixenS)\n|j|@radio free c-side\n|\n|t:|1775057943\n|teamsize|p1|4\n|teamsize|p2|4\n|start\n|switch|p1a: Zamazenta|Zamazenta-Crowned, L50|100/100\n|switch|p1b: Incineroar|Incineroar, L50, M|100/100\n|switch|p2a: Terapagos|Terapagos, L50, M|100/100\n|switch|p2b: Incineroar|Incineroar, L50, M, shiny|100/100\n|-activate|p2a: Terapagos|ability: Tera Shift\n|detailschange|p2a: Terapagos|Terapagos-Terastal, L50, M\n|-heal|p2a: Terapagos|100/100|[silent]\n|-ability|p1a: Zamazenta|Dauntless Shield|boost\n|-boost|p1a: Zamazenta|def|1\n|-ability|p2b: Incineroar|Intimidate|boost\n|-unboost|p1a: Zamazenta|atk|1\n|-unboost|p1b: Incineroar|atk|1\n|-ability|p1b: Incineroar|Intimidate|boost\n|-unboost|p2a: Terapagos|atk|1\n|-unboost|p2b: Incineroar|atk|1\n|turn|1\n|j| rain.dot\n|\n|t:|1775057951\n|move|p2b: Incineroar|Fake Out|p1a: Zamazenta\n|-resisted|p1a: Zamazenta\n|-damage|p1a: Zamazenta|99/100\n|move|p1b: Incineroar|Fake Out|p2a: Terapagos\n|-activate|p2a: Terapagos|ability: Tera Shell\n|-resisted|p2a: Terapagos\n|-damage|p2a: Terapagos|98/100\n|cant|p1a: Zamazenta|flinch\n|cant|p2a: Terapagos|flinch\n|\n|-heal|p2a: Terapagos|100/100|[from] item: Leftovers\n|upkeep\n|turn|2\n|\n|t:|1775057967\n|switch|p2b: Scream Tail|Scream Tail, L50, shiny|100/100\n|-enditem|p2b: Scream Tail|Booster Energy\n|-activate|p2b: Scream Tail|ability: Protosynthesis|[fromitem]\n|-start|p2b: Scream Tail|protosynthesisspe\n|move|p1a: Zamazenta|Body Press|p2b: Scream Tail\n|-resisted|p2b: Scream Tail\n|-damage|p2b: Scream Tail|87/100\n|move|p2a: Terapagos|Calm Mind|p2a: Terapagos\n|-boost|p2a: Terapagos|spa|1\n|-boost|p2a: Terapagos|spd|1\n|move|p1b: Incineroar|Parting Shot|p2a: Terapagos\n|-unboost|p2a: Terapagos|atk|1\n|-unboost|p2a: Terapagos|spa|1\n|\n|t:|1775057970\n|switch|p1b: Tornadus|Tornadus, L50, M|100/100|[from] Parting Shot\n|\n|upkeep\n|turn|3\n|\n|t:|1775057982\n|-end|p2b: Scream Tail|Protosynthesis|[silent]\n|switch|p2b: Incineroar|Incineroar, L50, M, shiny|100/100\n|-ability|p2b: Incineroar|Intimidate|boost\n|-unboost|p1a: Zamazenta|atk|1\n|-unboost|p1b: Tornadus|atk|1\n|move|p1b: Tornadus|Taunt|p2b: Incineroar\n|-hint|Since gen 7, Dark is immune to Prankster moves.\n|-immune|p2b: Incineroar\n|move|p1a: Zamazenta|Body Press|p2a: Terapagos\n|-activate|p2a: Terapagos|ability: Tera Shell\n|-resisted|p2a: Terapagos\n|-damage|p2a: Terapagos|79/100\n|move|p2a: Terapagos|Calm Mind|p2a: Terapagos\n|-boost|p2a: Terapagos|spa|1\n|-boost|p2a: Terapagos|spd|1\n|\n|-heal|p2a: Terapagos|85/100|[from] item: Leftovers\n|upkeep\n|turn|4\n|\n|t:|1775058002\n|switch|p1b: Incineroar|Incineroar, L50, M|100/100\n|-ability|p1b: Incineroar|Intimidate|boost\n|-unboost|p2a: Terapagos|atk|1\n|-unboost|p2b: Incineroar|atk|1\n|move|p2b: Incineroar|Fake Out|p1a: Zamazenta\n|-resisted|p1a: Zamazenta\n|-damage|p1a: Zamazenta|97/100\n|cant|p1a: Zamazenta|flinch\n|move|p2a: Terapagos|Tera Starstorm|p1b: Incineroar\n|-damage|p1b: Incineroar|27/100\n|\n|-heal|p2a: Terapagos|91/100|[from] item: Leftovers\n|upkeep\n|turn|5\n|\n|t:|1775058013\n|switch|p2b: Scream Tail|Scream Tail, L50, shiny|87/100\n|move|p2a: Terapagos|Protect|p2a: Terapagos\n|-singleturn|p2a: Terapagos|Protect\n|move|p1b: Incineroar|Fake Out|p2b: Scream Tail\n|-damage|p2b: Scream Tail|79/100\n|move|p1a: Zamazenta|Body Press|p2a: Terapagos\n|-activate|p2a: Terapagos|move: Protect\n|\n|-heal|p2a: Terapagos|97/100|[from] item: Leftovers\n|upkeep\n|turn|6\n|\n|t:|1775058026\n|move|p2b: Scream Tail|Disable|p1a: Zamazenta\n|-start|p1a: Zamazenta|Disable|Body Press\n|move|p1a: Zamazenta|Behemoth Bash|p2b: Scream Tail\n|-supereffective|p2b: Scream Tail\n|-damage|p2b: Scream Tail|48/100\n|move|p2a: Terapagos|Tera Starstorm|p1b: Incineroar\n|-crit|p1b: Incineroar\n|-damage|p1b: Incineroar|0 fnt\n|faint|p1b: Incineroar\n|\n|-heal|p2a: Terapagos|100/100|[from] item: Leftovers\n|upkeep\n|j| mysticmarshtomp\n|\n|t:|1775058035\n|switch|p1b: Tornadus|Tornadus, L50, M|100/100\n|turn|7\n|l|@radio free c-side\n|\n|t:|1775058047\n|-end|p2b: Scream Tail|Protosynthesis|[silent]\n|switch|p2b: Incineroar|Incineroar, L50, M, shiny|100/100\n|-ability|p2b: Incineroar|Intimidate|boost\n|-unboost|p1a: Zamazenta|atk|1\n|-unboost|p1b: Tornadus|atk|1\n|switch|p1a: Urshifu|Urshifu-Rapid-Strike, L50, F|100/100\n|move|p1b: Tornadus|Taunt|p2b: Incineroar\n|-hint|Since gen 7, Dark is immune to Prankster moves.\n|-immune|p2b: Incineroar\n|move|p2a: Terapagos|Calm Mind|p2a: Terapagos\n|-boost|p2a: Terapagos|spa|1\n|-boost|p2a: Terapagos|spd|1\n|\n|upkeep\n|turn|8\n|c|\u2606benniovyalt|god this is so boring\n|inactive|benniovyalt has 30 seconds left.\n|\n|t:|1775058075\n|switch|p2b: Ogerpon|Ogerpon-Cornerstone, L50, F|100/100\n|-terastallize|p2a: Terapagos|Stellar\n|detailschange|p2a: Terapagos|Terapagos-Stellar, L50, M, tera:Stellar\n|-heal|p2a: Terapagos|100/100|[silent]\n|move|p1b: Tornadus|Bleakwind Storm|p2a: Terapagos|[spread] p2a\n|-miss|p1b: Tornadus|p2b: Ogerpon\n|-damage|p2a: Terapagos|92/100\n|move|p1a: Urshifu|Surging Strikes|p2a: Terapagos\n|-crit|p2a: Terapagos\n|-damage|p2a: Terapagos|80/100\n|-crit|p2a: Terapagos\n|-damage|p2a: Terapagos|67/100\n|-crit|p2a: Terapagos\n|-damage|p2a: Terapagos|54/100\n|-hitcount|p2a: Terapagos|3\n|move|p2a: Terapagos|Tera Starstorm|p1a: Urshifu|[spread] p1a,p1b\n|-damage|p1a: Urshifu|4/100\n|-damage|p1b: Tornadus|32/100\n|\n|-heal|p2a: Terapagos|60/100|[from] item: Leftovers\n|upkeep\n|turn|9\n|c|\u2606benniovyalt|that miss is so bad\n|inactive|benniovyalt has 30 seconds left.\n|\n|t:|1775058104\n|move|p1a: Urshifu|Detect|p1a: Urshifu\n|-singleturn|p1a: Urshifu|Protect\n|move|p2b: Ogerpon|Follow Me|p2b: Ogerpon\n|-singleturn|p2b: Ogerpon|move: Follow Me\n|move|p1b: Tornadus|Tailwind|p1b: Tornadus\n|-sidestart|p1: benniovyalt|move: Tailwind\n|move|p2a: Terapagos|Tera Starstorm|p1a: Urshifu|[spread] p1b\n|-activate|p1a: Urshifu|move: Protect\n|-damage|p1b: Tornadus|0 fnt\n|faint|p1b: Tornadus\n|\n|-heal|p2a: Terapagos|67/100|[from] item: Leftovers\n|upkeep\n|\n|t:|1775058109\n|switch|p1b: Zamazenta|Zamazenta-Crowned, L50|97/100\n|turn|10\n|j|@radio free c-side\n|c|\u2606benniovyalt|yeh\n|c|\u2606benniovyalt|gs\n|\n|t:|1775058117\n|move|p1a: Urshifu|Detect||[still]\n|-fail|p1a: Urshifu\n|move|p2b: Ogerpon|Follow Me|p2b: Ogerpon\n|-singleturn|p2b: Ogerpon|move: Follow Me\n|move|p1b: Zamazenta|Body Press|p2b: Ogerpon\n|-supereffective|p2b: Ogerpon\n|-damage|p2b: Ogerpon|5/100\n|move|p2a: Terapagos|Earth Power|p1a: Urshifu\n|-damage|p1a: Urshifu|0 fnt\n|faint|p1a: Urshifu\n|\n|-heal|p2a: Terapagos|73/100|[from] item: Leftovers\n|upkeep\n|turn|11\n|c|\u2606LuixenS|ggs\n|\n|t:|1775058125\n|move|p2b: Ogerpon|Follow Me|p2b: Ogerpon\n|-singleturn|p2b: Ogerpon|move: Follow Me\n|move|p1b: Zamazenta|Body Press|p2b: Ogerpon\n|-supereffective|p2b: Ogerpon\n|-damage|p2b: Ogerpon|0 fnt\n|faint|p2b: Ogerpon\n|move|p2a: Terapagos|Earth Power|p1b: Zamazenta\n|-supereffective|p1b: Zamazenta\n|-damage|p1b: Zamazenta|5/100\n|\n|-heal|p2a: Terapagos|79/100|[from] item: Leftovers\n|upkeep\n|l|@radio free c-side\n|\n|t:|1775058129\n|switch|p2b: Incineroar|Incineroar, L50, M, shiny|100/100\n|-ability|p2b: Incineroar|Intimidate|boost\n|-unboost|p1b: Zamazenta|atk|1\n|turn|12\n|\n|t:|1775058133\n|switch|p2b: Scream Tail|Scream Tail, L50, shiny|48/100\n|move|p2a: Terapagos|Protect|p2a: Terapagos\n|-singleturn|p2a: Terapagos|Protect\n|move|p1b: Zamazenta|Body Press|p2b: Scream Tail\n|-resisted|p2b: Scream Tail\n|-damage|p2b: Scream Tail|39/100\n|\n|-heal|p2a: Terapagos|85/100|[from] item: Leftovers\n|-sideend|p1: benniovyalt|move: Tailwind\n|upkeep\n|turn|13\n|\n|t:|1775058139\n|move|p2b: Scream Tail|Disable|p1b: Zamazenta\n|-start|p1b: Zamazenta|Disable|Body Press\n|move|p1b: Zamazenta|Behemoth Bash|p2b: Scream Tail\n|-supereffective|p2b: Scream Tail\n|-damage|p2b: Scream Tail|0 fnt\n|faint|p2b: Scream Tail\n|-end|p2b: Scream Tail|Protosynthesis|[silent]\n|move|p2a: Terapagos|Earth Power|p1b: Zamazenta\n|-supereffective|p1b: Zamazenta\n|-damage|p1b: Zamazenta|0 fnt\n|faint|p1b: Zamazenta\n|\n|win|LuixenS\n|c|\u2606LuixenS|ggs\n|l| rain.dot\n|l|\u2606benniovyalt\n|player|p1|\n|l| mysticmarshtomp\n","uploadtime":1775058144,"views":26,"formatid":"gen9vgc2026regi","rating":null,"private":0,"password":null}