{"id":"gen9vgc2026regi-2589961205","format":"[Gen 9] VGC 2026 Reg I","players":["Bodfachero","SycrasisEU"],"log":"|j|\u2606Bodfachero\n|j|\u2606SycrasisEU\n|t:|1776777525\n|gametype|doubles\n|player|p1|Bodfachero|hoopster|1390\n|player|p2|SycrasisEU|palmer|1491\n|gen|9\n|tier|[Gen 9] VGC 2026 Reg I\n|rated|\n|rule|Species Clause: Limit one of each Pok\u00e9mon\n|rule|Item Clause: Limit 1 of each item\n|clearpoke\n|poke|p1|Kyogre, L50|\n|poke|p1|Zacian-*, L50|\n|poke|p1|Tornadus, L50, M|\n|poke|p1|Amoonguss, L50, M|\n|poke|p1|Urshifu-*, L50, F|\n|poke|p1|Ditto, L50|\n|poke|p2|Koraidon, L50|\n|poke|p2|Amoonguss, L50, F|\n|poke|p2|Incineroar, L50, F|\n|poke|p2|Walking Wake, L50|\n|poke|p2|Lunala, L50|\n|poke|p2|Tornadus, L50, M|\n|teampreview|4\n|inactive|Battle timer is ON: inactive players will automatically lose when time's up. (requested by SycrasisEU)\n|\n|t:|1776777547\n|teamsize|p1|4\n|teamsize|p2|4\n|start\n|switch|p1a: Jerry Rivera|Kyogre, L50|100/100\n|switch|p1b: Bukele|Tornadus, L50, M|100/100\n|switch|p2a: Tornadus|Tornadus, L50, M|100/100\n|switch|p2b: Lunala|Lunala, L50|100/100\n|-weather|RainDance|[from] ability: Drizzle|[of] p1a: Jerry Rivera\n|turn|1\n|inactive|Bodfachero has 30 seconds left.\n|inactive|Bodfachero has 20 seconds left.\n|inactive|Bodfachero has 15 seconds left.\n|\n|t:|1776777588\n|move|p2b: Lunala|Wide Guard|p2b: Lunala\n|-singleturn|p2b: Lunala|Wide Guard\n|move|p1b: Bukele|Tailwind|p1b: Bukele\n|-sidestart|p1: Bodfachero|move: Tailwind\n|move|p2a: Tornadus|Tailwind|p2a: Tornadus\n|-sidestart|p2: SycrasisEU|move: Tailwind\n|move|p1a: Jerry Rivera|Water Spout|p2b: Lunala|[spread] \n|-activate|p2a: Tornadus|move: Wide Guard\n|-activate|p2b: Lunala|move: Wide Guard\n|\n|-weather|RainDance|[upkeep]\n|upkeep\n|turn|2\n|\n|t:|1776777604\n|-terastallize|p2a: Tornadus|Dark\n|move|p1b: Bukele|Taunt|p2b: Lunala\n|-start|p2b: Lunala|move: Taunt\n|move|p2a: Tornadus|Sunny Day|p2a: Tornadus\n|-weather|SunnyDay\n|move|p1a: Jerry Rivera|Water Spout|p2b: Lunala|[spread] p2a,p2b\n|-damage|p2a: Tornadus|63/100\n|-damage|p2b: Lunala|83/100\n|move|p2b: Lunala|Meteor Beam||[still]\n|-prepare|p2b: Lunala|Meteor Beam\n|-boost|p2b: Lunala|spa|1\n|-enditem|p2b: Lunala|Power Herb\n|-anim|p2b: Lunala|Meteor Beam|p1b: Bukele\n|-supereffective|p1b: Bukele\n|-enditem|p1b: Bukele|Focus Sash\n|-damage|p1b: Bukele|1/100\n|\n|-weather|SunnyDay|[upkeep]\n|upkeep\n|turn|3\n|inactive|SycrasisEU has 30 seconds left.\n|\n|t:|1776777634\n|move|p1b: Bukele|Rain Dance|p1b: Bukele\n|-weather|RainDance\n|move|p2a: Tornadus|Sunny Day|p2a: Tornadus\n|-weather|SunnyDay\n|move|p1a: Jerry Rivera|Water Spout|p2a: Tornadus|[spread] p2a,p2b\n|-crit|p2b: Lunala\n|-damage|p2a: Tornadus|25/100\n|-damage|p2b: Lunala|30/100\n|move|p2b: Lunala|Moongeist Beam|p1b: Bukele\n|-damage|p1b: Bukele|0 fnt\n|faint|p1b: Bukele\n|\n|-weather|SunnyDay|[upkeep]\n|upkeep\n|\n|t:|1776777644\n|switch|p1b: F4b C4nch4|Zacian-Crowned, L50|100/100\n|-ability|p1b: F4b C4nch4|Intrepid Sword|boost\n|-boost|p1b: F4b C4nch4|atk|1\n|turn|4\n|\n|t:|1776777667\n|move|p1b: F4b C4nch4|Play Rough|p2b: Lunala\n|-damage|p2b: Lunala|0 fnt\n|faint|p2b: Lunala\n|move|p1a: Jerry Rivera|Water Spout|p2a: Tornadus\n|-damage|p2a: Tornadus|0 fnt\n|faint|p2a: Tornadus\n|\n|-weather|SunnyDay|[upkeep]\n|-sideend|p1: Bodfachero|move: Tailwind\n|-sideend|p2: SycrasisEU|move: Tailwind\n|upkeep\n|\n|t:|1776777672\n|switch|p2b: Koraidon|Koraidon, L50, shiny|100/100\n|switch|p2a: Walking Wake|Walking Wake, L50|100/100\n|-activate|p2b: Koraidon|ability: Orichalcum Pulse\n|-activate|p2a: Walking Wake|ability: Protosynthesis\n|-start|p2a: Walking Wake|protosynthesisspa\n|turn|5\n|inactive|Bodfachero has 30 seconds left.\n|\n|t:|1776777706\n|switch|p1a: HAO|Ditto, L50|100/100\n|-transform|p1a: HAO|p2b: Koraidon|[from] ability: Imposter\n|-activate|p1a: HAO|ability: Orichalcum Pulse\n|move|p1b: F4b C4nch4|Protect|p1b: F4b C4nch4\n|-singleturn|p1b: F4b C4nch4|Protect\n|move|p2b: Koraidon|Protect|p2b: Koraidon\n|-singleturn|p2b: Koraidon|Protect\n|move|p2a: Walking Wake|Flamethrower|p1b: F4b C4nch4\n|-activate|p1b: F4b C4nch4|move: Protect\n|\n|-weather|SunnyDay|[upkeep]\n|upkeep\n|turn|6\n|inactive|Bodfachero has 30 seconds left.\n|\n|t:|1776777740\n|move|p1a: HAO|Protect|p1a: HAO\n|-singleturn|p1a: HAO|Protect\n|move|p1b: F4b C4nch4|Play Rough|p2b: Koraidon\n|-supereffective|p2b: Koraidon\n|-damage|p2b: Koraidon|0 fnt\n|faint|p2b: Koraidon\n|move|p2a: Walking Wake|Flamethrower|p1b: F4b C4nch4\n|-supereffective|p1b: F4b C4nch4\n|-damage|p1b: F4b C4nch4|0 fnt\n|faint|p1b: F4b C4nch4\n|-damage|p2a: Walking Wake|91/100|[from] item: Life Orb\n|\n|-weather|SunnyDay|[upkeep]\n|upkeep\n|\n|t:|1776777749\n|switch|p1b: Jerry Rivera|Kyogre, L50|100/100\n|-weather|RainDance|[from] ability: Drizzle|[of] p1b: Jerry Rivera\n|-end|p2a: Walking Wake|Protosynthesis\n|turn|7\n|\n|t:|1776777761\n|move|p1a: HAO|Collision Course|p2a: Walking Wake\n|-damage|p2a: Walking Wake|26/100\n|move|p2a: Walking Wake|Dragon Pulse|p1a: HAO\n|-supereffective|p1a: HAO\n|-damage|p1a: HAO|0 fnt\n|faint|p1a: HAO\n|-damage|p2a: Walking Wake|17/100|[from] item: Life Orb\n|move|p1b: Jerry Rivera|Ice Beam|p2a: Walking Wake\n|-damage|p2a: Walking Wake|0 fnt\n|faint|p2a: Walking Wake\n|-end|p2a: Walking Wake|Protosynthesis|[silent]\n|\n|win|Bodfachero\n|raw|Bodfachero's rating: 1390 &rarr; <strong>1416</strong><br />(+26 for winning)\n|raw|SycrasisEU's rating: 1491 &rarr; <strong>1465</strong><br />(-26 for losing)\n|l|\u2606SycrasisEU\n|player|p2|\n|l|\u2606Bodfachero\n|player|p1|\n","uploadtime":1776778027,"views":5,"formatid":"gen9vgc2026regi","rating":1416,"private":0,"password":null}