{"id":"gen9vgc2026regi-2552640120","format":"[Gen 9] VGC 2026 Reg I","players":["hikoco","CHR1SPHX"],"log":"|j|\u2606hikoco\n|j|\u2606CHR1SPHX\n|t:|1772739334\n|gametype|doubles\n|player|p1|hikoco|101|1155\n|player|p2|CHR1SPHX|hilbert|1258\n|gen|9\n|tier|[Gen 9] VGC 2026 Reg I\n|rated|\n|rule|Species Clause: Limit one of each Pok\u00e9mon\n|rule|Item Clause: Limit 1 of each item\n|clearpoke\n|poke|p1|Calyrex-Shadow, L50|\n|poke|p1|Zamazenta-*, L50|\n|poke|p1|Raging Bolt, L50|\n|poke|p1|Tornadus, L50, M|\n|poke|p1|Clodsire, L50, M|\n|poke|p1|Toxapex, L50, F|\n|poke|p2|Lunala, L50|\n|poke|p2|Amoonguss, L50, M|\n|poke|p2|Ursaluna-Bloodmoon, L50, M|\n|poke|p2|Incineroar, L50, M|\n|poke|p2|Koraidon, L50|\n|poke|p2|Flutter Mane, L50|\n|teampreview|4\n|inactive|Battle timer is ON: inactive players will automatically lose when time's up. (requested by CHR1SPHX)\n|inactive|hikoco has 60 seconds left.\n|inactive|hikoco has 30 seconds left.\n|\n|t:|1772739395\n|teamsize|p1|4\n|teamsize|p2|4\n|start\n|switch|p1a: Zamazenta|Zamazenta-Crowned, L50|100/100\n|switch|p1b: Tornadus|Tornadus, L50, M|100/100\n|switch|p2a: Lunala|Lunala, L50, shiny|100/100\n|switch|p2b: Ursaluna|Ursaluna-Bloodmoon, L50, M|100/100\n|-ability|p1a: Zamazenta|Dauntless Shield|boost\n|-boost|p1a: Zamazenta|def|1\n|turn|1\n|inactive|hikoco has 30 seconds left.\n|\n|t:|1772739427\n|-terastallize|p2b: Ursaluna|Ghost\n|move|p1b: Tornadus|Tailwind|p1b: Tornadus\n|-sidestart|p1: hikoco|move: Tailwind\n|move|p1a: Zamazenta|Body Press|p2b: Ursaluna\n|-immune|p2b: Ursaluna\n|move|p2b: Ursaluna|Earth Power|p1a: Zamazenta\n|-supereffective|p1a: Zamazenta\n|-damage|p1a: Zamazenta|8/100\n|-damage|p2b: Ursaluna|91/100|[from] item: Life Orb\n|move|p2a: Lunala|Trick Room|p2a: Lunala\n|-fieldstart|move: Trick Room|[of] p2a: Lunala\n|\n|upkeep\n|turn|2\n|\n|t:|1772739449\n|move|p1b: Tornadus|Protect|p1b: Tornadus\n|-singleturn|p1b: Tornadus|Protect\n|move|p1a: Zamazenta|Protect|p1a: Zamazenta\n|-singleturn|p1a: Zamazenta|Protect\n|move|p2b: Ursaluna|Hyper Voice|p1a: Zamazenta|[spread] \n|-activate|p1a: Zamazenta|move: Protect\n|-activate|p1b: Tornadus|move: Protect\n|move|p2a: Lunala|Moongeist Beam|p1b: Tornadus\n|-activate|p1b: Tornadus|move: Protect\n|\n|upkeep\n|turn|3\n|\n|t:|1772739467\n|switch|p2a: Amoonguss|Amoonguss, L50, M, shiny|100/100\n|move|p1a: Zamazenta|Wide Guard|p1a: Zamazenta\n|-singleturn|p1a: Zamazenta|Wide Guard\n|move|p2b: Ursaluna|Hyper Voice|p1b: Tornadus|[spread] \n|-activate|p1a: Zamazenta|move: Wide Guard\n|-activate|p1b: Tornadus|move: Wide Guard\n|move|p1b: Tornadus|Bleakwind Storm|p2b: Ursaluna|[spread] p2a\n|-miss|p1b: Tornadus|p2b: Ursaluna\n|-supereffective|p2a: Amoonguss\n|-damage|p2a: Amoonguss|26/100\n|\n|upkeep\n|turn|4\n|inactive|CHR1SPHX has 30 seconds left.\n|\n|t:|1772739500\n|move|p1b: Tornadus|Protect|p1b: Tornadus\n|-singleturn|p1b: Tornadus|Protect\n|move|p1a: Zamazenta|Protect||[still]\n|-fail|p1a: Zamazenta\n|move|p2a: Amoonguss|Spore|p1b: Tornadus\n|-activate|p1b: Tornadus|move: Protect\n|move|p2b: Ursaluna|Blood Moon|p1a: Zamazenta\n|-resisted|p1a: Zamazenta\n|-damage|p1a: Zamazenta|0 fnt\n|faint|p1a: Zamazenta\n|-damage|p2b: Ursaluna|81/100|[from] item: Life Orb\n|\n|-sideend|p1: hikoco|move: Tailwind\n|upkeep\n|\n|t:|1772739519\n|switch|p1a: Calyrex|Calyrex-Shadow, L50|100/100\n|-ability|p1a: Calyrex|As One\n|-ability|p1a: Calyrex|Unnerve\n|turn|5\n|\n|t:|1772739541\n|switch|p2a: Incineroar|Incineroar, L50, M|100/100\n|-ability|p2a: Incineroar|Intimidate|boost\n|-unboost|p1a: Calyrex|atk|1\n|-unboost|p1b: Tornadus|atk|1\n|move|p2b: Ursaluna|Protect|p2b: Ursaluna\n|-singleturn|p2b: Ursaluna|Protect\n|move|p1a: Calyrex|Protect|p1a: Calyrex\n|-singleturn|p1a: Calyrex|Protect\n|move|p1b: Tornadus|Taunt|p2a: Incineroar\n|-hint|Since gen 7, Dark is immune to Prankster moves.\n|-immune|p2a: Incineroar\n|\n|-fieldend|move: Trick Room\n|upkeep\n|turn|6\n|inactive|hikoco has 30 seconds left.\n|\n|t:|1772739567\n|switch|p2b: Amoonguss|Amoonguss, L50, M, shiny|59/100\n|move|p1a: Calyrex|Astral Barrage|p2a: Incineroar|[spread] p2a,p2b\n|-resisted|p2a: Incineroar\n|-damage|p2a: Incineroar|75/100\n|-damage|p2b: Amoonguss|6/100\n|-damage|p1a: Calyrex|91/100|[from] item: Life Orb\n|move|p1b: Tornadus|Bleakwind Storm|p2b: Amoonguss|[spread] p2b\n|-miss|p1b: Tornadus|p2a: Incineroar\n|-supereffective|p2b: Amoonguss\n|-damage|p2b: Amoonguss|0 fnt\n|faint|p2b: Amoonguss\n|move|p2a: Incineroar|Knock Off|p1a: Calyrex\n|-supereffective|p1a: Calyrex\n|-damage|p1a: Calyrex|0 fnt\n|-enditem|p1a: Calyrex|Life Orb|[from] move: Knock Off|[of] p2a: Incineroar\n|faint|p1a: Calyrex\n|\n|upkeep\n|\n|t:|1772739584\n|switch|p1a: Toxapex|Toxapex, L50, F|100/100\n|switch|p2b: Lunala|Lunala, L50, shiny|100/100\n|turn|7\n|inactive|hikoco has 30 seconds left.\n|\n|t:|1772739613\n|move|p1b: Tornadus|Bleakwind Storm|p2a: Incineroar|[spread] p2a,p2b\n|-damage|p2a: Incineroar|42/100\n|-damage|p2b: Lunala|86/100\n|move|p2b: Lunala|Moongeist Beam|p1b: Tornadus\n|-damage|p1b: Tornadus|49/100\n|move|p2a: Incineroar|Taunt|p1a: Toxapex\n|-start|p1a: Toxapex|move: Taunt\n|cant|p1a: Toxapex|move: Taunt|Toxic\n|\n|upkeep\n|turn|8\n|\n|t:|1772739633\n|move|p1b: Tornadus|Protect|p1b: Tornadus\n|-singleturn|p1b: Tornadus|Protect\n|move|p2b: Lunala|Moongeist Beam|p1b: Tornadus\n|-activate|p1b: Tornadus|move: Protect\n|move|p2a: Incineroar|Parting Shot|p1a: Toxapex\n|-unboost|p1a: Toxapex|atk|1\n|-unboost|p1a: Toxapex|spa|1\n|\n|t:|1772739638\n|switch|p2a: Ursaluna|Ursaluna-Bloodmoon, L50, M, tera:Ghost|81/100|[from] Parting Shot\n|move|p1a: Toxapex|Chilling Water|p2a: Ursaluna\n|-damage|p2a: Ursaluna|74/100\n|-unboost|p2a: Ursaluna|atk|1\n|\n|upkeep\n|turn|9\n|\n|t:|1772739657\n|move|p1b: Tornadus|Bleakwind Storm|p2a: Ursaluna|[spread] \n|-miss|p1b: Tornadus|p2a: Ursaluna\n|-miss|p1b: Tornadus|p2b: Lunala\n|move|p2b: Lunala|Moongeist Beam|p1b: Tornadus\n|-damage|p1b: Tornadus|0 fnt\n|faint|p1b: Tornadus\n|move|p1a: Toxapex|Chilling Water|p2b: Lunala\n|-damage|p2b: Lunala|81/100\n|-unboost|p2b: Lunala|atk|1\n|move|p2a: Ursaluna|Earth Power|p1a: Toxapex\n|-supereffective|p1a: Toxapex\n|-damage|p1a: Toxapex|0 fnt\n|faint|p1a: Toxapex\n|-damage|p2a: Ursaluna|65/100|[from] item: Life Orb\n|\n|win|CHR1SPHX\n|raw|hikoco's rating: 1155 &rarr; <strong>1137</strong><br />(-18 for losing)\n|raw|CHR1SPHX's rating: 1258 &rarr; <strong>1276</strong><br />(+18 for winning)\n","uploadtime":1772739676,"views":31,"formatid":"gen9vgc2026regi","rating":1137,"private":0,"password":null}