{"id":"gen9vgc2026regi-2553771003","format":"[Gen 9] VGC 2026 Reg I","players":["fogdocker","cpinalli5"],"log":"|j|\u2606fogdocker\n|j|\u2606cpinalli5\n|t:|1772877423\n|gametype|doubles\n|player|p1|fogdocker|2|1534\n|player|p2|cpinalli5|elesa|1623\n|gen|9\n|tier|[Gen 9] VGC 2026 Reg I\n|rated|\n|rule|Species Clause: Limit one of each Pok\u00e9mon\n|rule|Item Clause: Limit 1 of each item\n|clearpoke\n|poke|p1|Calyrex-Ice, L50|\n|poke|p1|Koraidon, L50|\n|poke|p1|Flutter Mane, L50|\n|poke|p1|Incineroar, L50, F|\n|poke|p1|Rillaboom, L50, M|\n|poke|p1|Annihilape, L50, F|\n|poke|p2|Kyogre, L50|\n|poke|p2|Flutter Mane, L50|\n|poke|p2|Urshifu-*, L50, F|\n|poke|p2|Landorus, L50, M|\n|poke|p2|Smeargle, L50, F|\n|poke|p2|Calyrex-Ice, L50|\n|teampreview|4\n|c|\u2606cpinalli5|nooooooooo\n|c|\u2606cpinalli5|gl\n|\n|t:|1772877456\n|teamsize|p1|4\n|teamsize|p2|4\n|start\n|switch|p1a: Calyrex|Calyrex-Ice, L50|100/100\n|switch|p1b: Rillaboom|Rillaboom, L50, M|100/100\n|switch|p2a: Smeargle|Smeargle, L50, F|100/100\n|switch|p2b: Calyrex|Calyrex-Ice, L50|100/100\n|-ability|p1a: Calyrex|As One\n|-ability|p1a: Calyrex|Unnerve\n|-ability|p2b: Calyrex|As One\n|-ability|p2b: Calyrex|Unnerve\n|-fieldstart|move: Grassy Terrain|[from] ability: Grassy Surge|[of] p1b: Rillaboom\n|turn|1\n|\n|t:|1772877475\n|switch|p1b: Incineroar|Incineroar, L50, F|100/100\n|-ability|p1b: Incineroar|Intimidate|boost\n|-unboost|p2a: Smeargle|atk|1\n|-fail|p2b: Calyrex|unboost|[from] item: Clear Amulet|[of] p2b: Calyrex\n|-enditem|p2a: Smeargle|Eject Pack\n|\n|t:|1772877481\n|switch|p2a: alex|Kyogre, L50|100/100\n|-weather|RainDance|[from] ability: Drizzle|[of] p2a: alex\n|move|p1a: Calyrex|Leech Seed|p2b: Calyrex\n|-start|p2b: Calyrex|move: Leech Seed\n|move|p2b: Calyrex|Trick Room|p2b: Calyrex\n|-fieldstart|move: Trick Room|[of] p2b: Calyrex\n|\n|-weather|RainDance|[upkeep]\n|-damage|p2b: Calyrex|88/100|[from] Leech Seed|[of] p1a: Calyrex\n|upkeep\n|turn|2\n|\n|t:|1772877501\n|move|p2a: alex|Protect|p2a: alex\n|-singleturn|p2a: alex|Protect\n|move|p2b: Calyrex|Protect|p2b: Calyrex\n|-singleturn|p2b: Calyrex|Protect\n|move|p1b: Incineroar|Fake Out|p2a: alex\n|-activate|p2a: alex|move: Protect\n|move|p1a: Calyrex|Trick Room|p1a: Calyrex\n|-fieldend|move: Trick Room\n|\n|-weather|RainDance|[upkeep]\n|-heal|p2b: Calyrex|94/100|[from] Grassy Terrain\n|-damage|p2b: Calyrex|82/100|[from] Leech Seed|[of] p1a: Calyrex\n|upkeep\n|turn|3\n|inactive|Battle timer is ON: inactive players will automatically lose when time's up. (requested by cpinalli5)\n|\n|t:|1772877554\n|-terastallize|p2a: alex|Water\n|move|p1b: Incineroar|Parting Shot|p2a: alex\n|-unboost|p2a: alex|atk|1\n|-unboost|p2a: alex|spa|1\n|\n|t:|1772877558\n|switch|p1b: Rillaboom|Rillaboom, L50, M|100/100|[from] Parting Shot\n|move|p1a: Calyrex|Leech Seed|p2a: alex\n|-start|p2a: alex|move: Leech Seed\n|move|p2b: Calyrex|Seed Bomb|p1a: Calyrex\n|-damage|p1a: Calyrex|74/100\n|move|p2a: alex|Origin Pulse|p1b: Rillaboom|[spread] p1b\n|-miss|p2a: alex|p1a: Calyrex\n|-resisted|p1b: Rillaboom\n|-damage|p1b: Rillaboom|80/100\n|\n|-weather|RainDance|[upkeep]\n|-heal|p1b: Rillaboom|86/100|[from] Grassy Terrain\n|-heal|p1a: Calyrex|80/100|[from] Grassy Terrain\n|-heal|p2b: Calyrex|88/100|[from] Grassy Terrain\n|-heal|p1a: Calyrex|86/100|[from] item: Leftovers\n|-damage|p2b: Calyrex|76/100|[from] Leech Seed|[of] p1a: Calyrex\n|-heal|p1a: Calyrex|98/100|[silent]\n|-damage|p2a: alex|88/100|[from] Leech Seed|[of] p1a: Calyrex\n|-heal|p1a: Calyrex|100/100|[silent]\n|upkeep\n|turn|4\n|\n|t:|1772877577\n|switch|p1a: Koraidon|Koraidon, L50|100/100\n|-weather|SunnyDay|[from] ability: Orichalcum Pulse|[of] p1a: Koraidon\n|-activate|p1a: Koraidon|Orichalcum Pulse|[source]\n|switch|p2a: Smeargle|Smeargle, L50, F|100/100\n|move|p2b: Calyrex|Protect|p2b: Calyrex\n|-singleturn|p2b: Calyrex|Protect\n|move|p1b: Rillaboom|Fake Out|p2b: Calyrex\n|-activate|p2b: Calyrex|move: Protect\n|\n|-weather|SunnyDay|[upkeep]\n|-heal|p1b: Rillaboom|92/100|[from] Grassy Terrain\n|-heal|p2b: Calyrex|82/100|[from] Grassy Terrain\n|-damage|p2b: Calyrex|70/100|[from] Leech Seed|[of] p1a: Koraidon\n|-ability|p2a: Smeargle|Moody|boost\n|-boost|p2a: Smeargle|spd|2\n|-unboost|p2a: Smeargle|spe|1\n|upkeep\n|turn|5\n|\n|t:|1772877593\n|-terastallize|p1a: Koraidon|Fire\n|move|p2a: Smeargle|Fake Out|p1b: Rillaboom\n|-damage|p1b: Rillaboom|88/100\n|move|p1a: Koraidon|Close Combat|p2a: Smeargle\n|-supereffective|p2a: Smeargle\n|-damage|p2a: Smeargle|0 fnt\n|-unboost|p1a: Koraidon|def|1\n|-unboost|p1a: Koraidon|spd|1\n|faint|p2a: Smeargle\n|-damage|p1a: Koraidon|91/100|[from] item: Life Orb\n|cant|p1b: Rillaboom|flinch\n|move|p2b: Calyrex|Glacial Lance|p1b: Rillaboom|[spread] p1a,p1b\n|-resisted|p1a: Koraidon\n|-supereffective|p1b: Rillaboom\n|-damage|p1a: Koraidon|50/100\n|-damage|p1b: Rillaboom|0 fnt\n|faint|p1b: Rillaboom\n|-ability|p2b: Calyrex|Chilling Neigh|boost\n|-boost|p2b: Calyrex|atk|1\n|\n|-weather|SunnyDay|[upkeep]\n|-heal|p1a: Koraidon|55/100|[from] Grassy Terrain\n|-heal|p2b: Calyrex|75/100|[from] Grassy Terrain\n|-damage|p2b: Calyrex|63/100|[from] Leech Seed|[of] p1a: Koraidon\n|-heal|p1a: Koraidon|70/100|[silent]\n|-fieldend|move: Grassy Terrain\n|upkeep\n|inactive|fogdocker has 30 seconds left.\n|inactive|fogdocker has 20 seconds left.\n|inactive|fogdocker has 15 seconds left.\n|inactive|fogdocker has 10 seconds left.\n|\n|t:|1772877642\n|switch|p2a: alex|Kyogre, L50, tera:Water|88/100\n|switch|p1b: Calyrex|Calyrex-Ice, L50|100/100\n|-ability|p1b: Calyrex|As One\n|-ability|p1b: Calyrex|Unnerve\n|-weather|RainDance|[from] ability: Drizzle|[of] p2a: alex\n|turn|6\n|\n|t:|1772877657\n|move|p1a: Koraidon|Protect|p1a: Koraidon\n|-singleturn|p1a: Koraidon|Protect\n|move|p2a: alex|Protect|p2a: alex\n|-singleturn|p2a: alex|Protect\n|move|p1b: Calyrex|Glacial Lance|p2b: Calyrex|[spread] p2b\n|-activate|p2a: alex|move: Protect\n|-resisted|p2b: Calyrex\n|-damage|p2b: Calyrex|49/100\n|move|p2b: Calyrex|Trick Room|p2b: Calyrex\n|-fieldstart|move: Trick Room|[of] p2b: Calyrex\n|\n|-weather|RainDance|[upkeep]\n|-damage|p2b: Calyrex|37/100|[from] Leech Seed|[of] p1a: Koraidon\n|-heal|p1a: Koraidon|84/100|[silent]\n|upkeep\n|turn|7\n|inactive|fogdocker has 30 seconds left.\n|\n|t:|1772877682\n|switch|p1a: Incineroar|Incineroar, L50, F|100/100\n|-ability|p1a: Incineroar|Intimidate|boost\n|-unboost|p2a: alex|atk|1\n|-fail|p2b: Calyrex|unboost|[from] item: Clear Amulet|[of] p2b: Calyrex\n|move|p2a: alex|Water Spout|p1a: Incineroar|[spread] p1a,p1b\n|-supereffective|p1a: Incineroar\n|-damage|p1a: Incineroar|0 fnt\n|-damage|p1b: Calyrex|30/100\n|faint|p1a: Incineroar\n|move|p2b: Calyrex|Seed Bomb|p1b: Calyrex\n|-damage|p1b: Calyrex|0 fnt\n|faint|p1b: Calyrex\n|-ability|p2b: Calyrex|Chilling Neigh|boost\n|-boost|p2b: Calyrex|atk|1\n|\n|-weather|RainDance|[upkeep]\n|upkeep\n|j| globalfish39\n|-message|fogdocker forfeited.\n|\n|win|cpinalli5\n|raw|fogdocker's rating: 1534 &rarr; <strong>1519</strong><br />(-15 for losing)\n|raw|cpinalli5's rating: 1623 &rarr; <strong>1638</strong><br />(+15 for winning)\n|l|\u2606fogdocker\n|player|p1|\n|l|\u2606cpinalli5\n|player|p2|\n","uploadtime":1772877825,"views":18,"formatid":"gen9vgc2026regi","rating":1519,"private":0,"password":null}