{"id":"gen9vgc2026regi-2582544846","format":"[Gen 9] VGC 2026 Reg I","players":["Luca8","Sunny_zong3"],"log":"|j|\u2606Luca8\n|j|\u2606Sunny_zong3\n|t:|1776098447\n|gametype|doubles\n|player|p1|Luca8|flint|1471\n|player|p2|Sunny_zong3|bugsy|1431\n|gen|9\n|tier|[Gen 9] VGC 2026 Reg I\n|rated|\n|rule|Species Clause: Limit one of each Pok\u00e9mon\n|rule|Item Clause: Limit 1 of each item\n|clearpoke\n|poke|p1|Zamazenta-*, L50|\n|poke|p1|Indeedee-F, L50, F|\n|poke|p1|Torkoal, L50, F|\n|poke|p1|Calyrex-Shadow, L50|\n|poke|p1|Pelipper, L50, F|\n|poke|p1|Tornadus, L50, M|\n|poke|p2|Muk-Alola, L50, M|\n|poke|p2|Flamigo, L50, F|\n|poke|p2|Miraidon, L50|\n|poke|p2|Calyrex-Shadow, L50|\n|poke|p2|Indeedee, L50, M|\n|poke|p2|Smeargle, L50, F|\n|teampreview|4\n|inactive|Battle timer is ON: inactive players will automatically lose when time's up. (requested by Sunny_zong3)\n|inactive|Luca8 has 60 seconds left.\n|\n|t:|1776098501\n|teamsize|p1|4\n|teamsize|p2|4\n|start\n|switch|p1a: Zamazenta|Zamazenta-Crowned, L50|100/100\n|switch|p1b: Indeedee|Indeedee-F, L50, F|100/100\n|switch|p2a: Smeargle|Smeargle, L50, F|100/100\n|switch|p2b: Miraidon|Miraidon, L50|100/100\n|-fieldstart|move: Electric Terrain|[from] ability: Hadron Engine|[of] p2b: Miraidon\n|-ability|p1a: Zamazenta|Dauntless Shield|boost\n|-boost|p1a: Zamazenta|def|1\n|-fieldstart|move: Psychic Terrain|[from] ability: Psychic Surge|[of] p1b: Indeedee\n|turn|1\n|\n|t:|1776098524\n|move|p1b: Indeedee|Follow Me|p1b: Indeedee\n|-singleturn|p1b: Indeedee|move: Follow Me\n|move|p2b: Miraidon|Electro Drift|p1b: Indeedee\n|-crit|p1b: Indeedee\n|-damage|p1b: Indeedee|0 fnt\n|faint|p1b: Indeedee\n|-damage|p2b: Miraidon|91/100|[from] item: Life Orb\n|move|p1a: Zamazenta|Body Press|p2b: Miraidon\n|-damage|p2b: Miraidon|27/100\n|move|p2a: Smeargle|Minimize|p2a: Smeargle\n|-boost|p2a: Smeargle|evasion|2\n|\n|-ability|p2a: Smeargle|Moody|boost\n|-boost|p2a: Smeargle|spa|2\n|-unboost|p2a: Smeargle|def|1\n|upkeep\n|\n|t:|1776098542\n|switch|p1b: Calyrex|Calyrex-Shadow, L50|100/100\n|-ability|p1b: Calyrex|As One\n|-ability|p1b: Calyrex|Unnerve\n|turn|2\n|\n|t:|1776098552\n|move|p2b: Miraidon|Protect|p2b: Miraidon\n|-singleturn|p2b: Miraidon|Protect\n|move|p1b: Calyrex|Expanding Force|p2a: Smeargle|[spread] p2a\n|-activate|p2b: Miraidon|move: Protect\n|-enditem|p2a: Smeargle|Focus Sash\n|-damage|p2a: Smeargle|1/100\n|move|p1a: Zamazenta|Body Press|p2a: Smeargle\n|-supereffective|p2a: Smeargle\n|-damage|p2a: Smeargle|0 fnt\n|faint|p2a: Smeargle\n|\n|upkeep\n|\n|t:|1776098556\n|switch|p2a: Muk|Muk-Alola, L50, M|100/100\n|turn|3\n|\n|t:|1776098575\n|-terastallize|p1a: Zamazenta|Fighting\n|move|p1b: Calyrex|Astral Barrage|p2a: Muk|[spread] p2a,p2b\n|-resisted|p2a: Muk\n|-damage|p2a: Muk|80/100\n|-damage|p2b: Miraidon|0 fnt\n|faint|p2b: Miraidon\n|-ability|p2a: Muk|Hadron Engine|Power of Alchemy|[from] ability: Power of Alchemy|[of] p2b: Miraidon\n|-fieldstart|move: Electric Terrain|[from] ability: Hadron Engine|[of] p2a: Muk\n|-ability|p1b: Calyrex|Grim Neigh|boost\n|-boost|p1b: Calyrex|spa|1\n|move|p1a: Zamazenta|Body Press|p2a: Muk\n|-damage|p2a: Muk|8/100\n|move|p2a: Muk|Minimize|p2a: Muk\n|-boost|p2a: Muk|evasion|2\n|\n|-heal|p2a: Muk|14/100|[from] item: Leftovers\n|upkeep\n|\n|t:|1776098577\n|switch|p2b: Flamigo|Flamigo, L50, F|100/100\n|-copyboost|p2b: Flamigo|p2a: Muk|[from] ability: Costar\n|turn|4\n|\n|t:|1776098601\n|move|p2a: Muk|Protect|p2a: Muk\n|-singleturn|p2a: Muk|Protect\n|move|p1b: Calyrex|Expanding Force|p2b: Flamigo\n|-supereffective|p2b: Flamigo\n|-damage|p2b: Flamigo|0 fnt\n|faint|p2b: Flamigo\n|-ability|p1b: Calyrex|Grim Neigh|boost\n|-boost|p1b: Calyrex|spa|1\n|move|p1a: Zamazenta|Body Press|p2a: Muk\n|-activate|p2a: Muk|move: Protect\n|\n|-heal|p2a: Muk|20/100|[from] item: Leftovers\n|upkeep\n|turn|5\n|-message|Sunny_zong3 forfeited.\n|\n|win|Luca8\n|raw|Luca8's rating: 1471 &rarr; <strong>1489</strong><br />(+18 for winning)\n|raw|Sunny_zong3's rating: 1431 &rarr; <strong>1413</strong><br />(-18 for losing)\n|l|\u2606Sunny_zong3\n|player|p2|\n|l|\u2606Luca8\n|player|p1|\n","uploadtime":1776098825,"views":11,"formatid":"gen9vgc2026regi","rating":1413,"private":0,"password":null}