{"id":"gen9vgc2026regi-2568512523","format":"[Gen 9] VGC 2026 Reg I","players":["XxxInnovationxxX","Retro_R0B"],"log":"|j|\u2606XxxInnovationxxX\n|j|\u2606Retro_R0B\n|t:|1774588114\n|gametype|doubles\n|player|p1|XxxInnovationxxX|2|1295\n|player|p2|Retro_R0B|101|1224\n|gen|9\n|tier|[Gen 9] VGC 2026 Reg I\n|rated|\n|rule|Species Clause: Limit one of each Pok\u00e9mon\n|rule|Item Clause: Limit 1 of each item\n|clearpoke\n|poke|p1|Whimsicott, L50, F|\n|poke|p1|Koraidon, L50|\n|poke|p1|Gouging Fire, L50|\n|poke|p1|Urshifu-*, L50, F|\n|poke|p1|Indeedee-F, L50, F|\n|poke|p1|Calyrex-Shadow, L50|\n|poke|p2|Zamazenta-*, L50|\n|poke|p2|Kyogre, L50|\n|poke|p2|Rillaboom, L50, F|\n|poke|p2|Iron Jugulis, L50|\n|poke|p2|Scizor, L50, M|\n|poke|p2|Chien-Pao, L50|\n|teampreview|4\n|\n|t:|1774588147\n|teamsize|p1|4\n|teamsize|p2|4\n|start\n|switch|p1a: Whimsicott|Whimsicott, L50, F|100/100\n|switch|p1b: Koraidon|Koraidon, L50|100/100\n|switch|p2a: Iron Jugulis|Iron Jugulis, L50|100/100\n|switch|p2b: Scizor|Scizor, L50, M|100/100\n|-weather|SunnyDay|[from] ability: Orichalcum Pulse|[of] p1b: Koraidon\n|-activate|p1b: Koraidon|Orichalcum Pulse|[source]\n|-enditem|p2a: Iron Jugulis|Booster Energy\n|-activate|p2a: Iron Jugulis|ability: Quark Drive|[fromitem]\n|-start|p2a: Iron Jugulis|quarkdrivespe\n|turn|1\n|inactive|Battle timer is ON: inactive players will automatically lose when time's up. (requested by XxxInnovationxxX)\n|inactive|XxxInnovationxxX has 60 seconds left.\n|\n|t:|1774588196\n|-terastallize|p1b: Koraidon|Fire\n|-terastallize|p2b: Scizor|Dragon\n|move|p1a: Whimsicott|Tailwind|p1a: Whimsicott\n|-sidestart|p1: XxxInnovationxxX|move: Tailwind\n|move|p1b: Koraidon|Flare Blitz|p2b: Scizor\n|-resisted|p2b: Scizor\n|-damage|p2b: Scizor|20/100\n|-damage|p1b: Koraidon|78/100|[from] Recoil\n|move|p2a: Iron Jugulis|Tailwind|p2a: Iron Jugulis\n|-sidestart|p2: Retro_R0B|move: Tailwind\n|move|p2b: Scizor|U-turn|p1a: Whimsicott\n|-damage|p1a: Whimsicott|14/100\n|\n|t:|1774588211\n|switch|p2b: Kyogre|Kyogre, L50|100/100|[from] U-turn\n|-weather|RainDance|[from] ability: Drizzle|[of] p2b: Kyogre\n|\n|-weather|RainDance|[upkeep]\n|upkeep\n|turn|2\n|inactive|XxxInnovationxxX has 30 seconds left.\n|\n|t:|1774588241\n|-end|p2a: Iron Jugulis|Quark Drive|[silent]\n|switch|p2a: Zamazenta|Zamazenta-Crowned, L50|100/100\n|-ability|p2a: Zamazenta|Dauntless Shield|boost\n|-boost|p2a: Zamazenta|def|1\n|move|p1b: Koraidon|Protect|p1b: Koraidon\n|-singleturn|p1b: Koraidon|Protect\n|move|p1a: Whimsicott|Sunny Day|p1a: Whimsicott\n|-weather|SunnyDay\n|move|p2b: Kyogre|Origin Pulse|p1b: Koraidon|[spread] \n|-activate|p1b: Koraidon|move: Protect\n|-miss|p2b: Kyogre|p1a: Whimsicott\n|\n|-weather|SunnyDay|[upkeep]\n|upkeep\n|turn|3\n|inactive|XxxInnovationxxX has 30 seconds left.\n|\n|t:|1774588271\n|switch|p2b: Scizor|Scizor, L50, M, tera:Dragon|20/100\n|move|p1b: Koraidon|Collision Course|p2b: Scizor\n|-damage|p2b: Scizor|0 fnt\n|faint|p2b: Scizor\n|move|p1a: Whimsicott|Moonblast|p2a: Zamazenta\n|-crit|p2a: Zamazenta\n|-damage|p2a: Zamazenta|67/100\n|move|p2a: Zamazenta|Coaching|p2: Scizor|[notarget]\n|-fail|p2a: Zamazenta\n|\n|-weather|SunnyDay|[upkeep]\n|upkeep\n|\n|t:|1774588279\n|switch|p2b: Kyogre|Kyogre, L50|100/100\n|-weather|RainDance|[from] ability: Drizzle|[of] p2b: Kyogre\n|turn|4\n|inactive|XxxInnovationxxX has 30 seconds left.\n|\n|t:|1774588313\n|move|p1b: Koraidon|Protect|p1b: Koraidon\n|-singleturn|p1b: Koraidon|Protect\n|move|p1a: Whimsicott|Moonblast|p2b: Kyogre\n|-damage|p2b: Kyogre|86/100\n|move|p2a: Zamazenta|Heavy Slam|p1a: Whimsicott\n|-supereffective|p1a: Whimsicott\n|-damage|p1a: Whimsicott|0 fnt\n|faint|p1a: Whimsicott\n|move|p2b: Kyogre|Hydro Pump|p1b: Koraidon\n|-activate|p1b: Koraidon|move: Protect\n|\n|-weather|RainDance|[upkeep]\n|-sideend|p1: XxxInnovationxxX|move: Tailwind\n|-sideend|p2: Retro_R0B|move: Tailwind\n|upkeep\n|\n|t:|1774588326\n|switch|p1a: Gouging Fire|Gouging Fire, L50|100/100\n|-enditem|p1a: Gouging Fire|Booster Energy\n|-activate|p1a: Gouging Fire|ability: Protosynthesis|[fromitem]\n|-start|p1a: Gouging Fire|protosynthesisspe\n|turn|5\n|\n|t:|1774588341\n|move|p1a: Gouging Fire|Howl|p1a: Gouging Fire|[spread] p1a,p1b\n|-boost|p1a: Gouging Fire|atk|1\n|-boost|p1b: Koraidon|atk|1\n|move|p1b: Koraidon|Collision Course|p2b: Kyogre\n|-damage|p2b: Kyogre|13/100\n|move|p2a: Zamazenta|Body Press|p1b: Koraidon\n|-damage|p1b: Koraidon|19/100\n|move|p2b: Kyogre|Origin Pulse|p1b: Koraidon|[spread] p1a,p1b\n|-supereffective|p1b: Koraidon\n|-damage|p1a: Gouging Fire|21/100\n|-damage|p1b: Koraidon|0 fnt\n|faint|p1b: Koraidon\n|\n|-weather|RainDance|[upkeep]\n|upkeep\n|\n|t:|1774588354\n|switch|p1b: Indeedee|Indeedee-F, L50, F|100/100\n|-fieldstart|move: Psychic Terrain|[from] ability: Psychic Surge|[of] p1b: Indeedee\n|turn|6\n|-message|XxxInnovationxxX forfeited.\n|\n|win|Retro_R0B\n|raw|XxxInnovationxxX's rating: 1295 &rarr; <strong>1265</strong><br />(-30 for losing)\n|raw|Retro_R0B's rating: 1224 &rarr; <strong>1254</strong><br />(+30 for winning)\n|l|\u2606XxxInnovationxxX\n|player|p1|\n|l|\u2606Retro_R0B\n|player|p2|\n","uploadtime":1774588533,"views":10,"formatid":"gen9vgc2026regi","rating":1254,"private":0,"password":null}