{"id":"gen9vgc2026regi-2529876177","format":"[Gen 9] VGC 2026 Reg I","players":["Kellen1999","blackred123"],"log":"|j|\u2606Kellen1999\n|j|\u2606blackred123\n|t:|1769836868\n|gametype|doubles\n|player|p1|Kellen1999|skierf|1450\n|player|p2|blackred123|iono-masters|1420\n|gen|9\n|tier|[Gen 9] VGC 2026 Reg I\n|rated|\n|rule|Species Clause: Limit one of each Pok\u00e9mon\n|rule|Item Clause: Limit 1 of each item\n|clearpoke\n|poke|p1|Calyrex-Ice, L50|\n|poke|p1|Miraidon, L50|\n|poke|p1|Grimmsnarl, L50, M|\n|poke|p1|Urshifu-*, L50, F|\n|poke|p1|Incineroar, L50, F|\n|poke|p1|Landorus, L50, M|\n|poke|p2|Zacian-*, L50|\n|poke|p2|Kyogre, L50|\n|poke|p2|Amoonguss, L50, F|\n|poke|p2|Incineroar, L50, F|\n|poke|p2|Urshifu-*, L50, M|\n|poke|p2|Iron Jugulis, L50|\n|teampreview|4\n|inactive|Battle timer is ON: inactive players will automatically lose when time's up. (requested by blackred123)\n|inactive|Kellen1999 also wants the timer to be on.\n|l|\u2606Kellen1999\n|inactive|Kellen1999 disconnected and has a minute to reconnect!\n|player|p1|\n|inactive|blackred123 has 60 seconds left.\n|j|\u2606Kellen1999\n|inactive|Kellen1999 reconnected and has 55 seconds left.\n|player|p1|Kellen1999|skierf|\n|\n|t:|1769836920\n|teamsize|p1|4\n|teamsize|p2|4\n|start\n|switch|p1a: Calyrex|Calyrex-Ice, L50|100/100\n|switch|p1b: Incineroar|Incineroar, L50, F, shiny|100/100\n|switch|p2a: \u9a6c\u5243\u5929\u7231\u661f|Kyogre, L50, shiny|100/100\n|switch|p2b: \u4e3b\u4eba\ud83d\ude2d\ud83e\udd75|Incineroar, L50, F|100/100\n|-ability|p1a: Calyrex|As One\n|-ability|p1a: Calyrex|Unnerve\n|-weather|RainDance|[from] ability: Drizzle|[of] p2a: \u9a6c\u5243\u5929\u7231\u661f\n|-ability|p2b: \u4e3b\u4eba\ud83d\ude2d\ud83e\udd75|Intimidate|boost\n|-unboost|p1a: Calyrex|atk|1\n|-unboost|p1b: Incineroar|atk|1\n|-ability|p1b: Incineroar|Intimidate|boost\n|-unboost|p2a: \u9a6c\u5243\u5929\u7231\u661f|atk|1\n|-unboost|p2b: \u4e3b\u4eba\ud83d\ude2d\ud83e\udd75|atk|1\n|turn|1\n|\n|t:|1769836943\n|switch|p1a: Miraidon|Miraidon, L50, shiny|100/100\n|-fieldstart|move: Electric Terrain|[from] ability: Hadron Engine|[of] p1a: Miraidon\n|move|p2b: \u4e3b\u4eba\ud83d\ude2d\ud83e\udd75|Fake Out|p1b: Incineroar\n|-damage|p1b: Incineroar|93/100\n|cant|p1b: Incineroar|flinch\n|move|p2a: \u9a6c\u5243\u5929\u7231\u661f|Water Spout|p1b: Incineroar|[spread] p1a,p1b\n|-resisted|p1a: Miraidon\n|-supereffective|p1b: Incineroar\n|-damage|p1a: Miraidon|68/100\n|-damage|p1b: Incineroar|0 fnt\n|faint|p1b: Incineroar\n|\n|-weather|RainDance|[upkeep]\n|upkeep\n|\n|t:|1769836958\n|switch|p1b: Calyrex|Calyrex-Ice, L50|100/100\n|-ability|p1b: Calyrex|As One\n|-ability|p1b: Calyrex|Unnerve\n|turn|2\n|inactive|Kellen1999 has 30 seconds left.\n|\n|t:|1769836987\n|-terastallize|p2a: \u9a6c\u5243\u5929\u7231\u661f|Electric\n|-terastallize|p1b: Calyrex|Water\n|move|p1a: Miraidon|Volt Switch|p2b: \u4e3b\u4eba\ud83d\ude2d\ud83e\udd75\n|-damage|p2b: \u4e3b\u4eba\ud83d\ude2d\ud83e\udd75|5/100\n|\n|t:|1769836994\n|switch|p1a: Urshifu|Urshifu-Rapid-Strike, L50, F|100/100|[from] Volt Switch\n|move|p2a: \u9a6c\u5243\u5929\u7231\u661f|Ice Beam|p1a: Urshifu\n|-resisted|p1a: Urshifu\n|-damage|p1a: Urshifu|81/100\n|move|p2b: \u4e3b\u4eba\ud83d\ude2d\ud83e\udd75|Will-O-Wisp|p1b: Calyrex\n|-status|p1b: Calyrex|brn\n|move|p1b: Calyrex|Trick Room|p1b: Calyrex\n|-fieldstart|move: Trick Room|[of] p1b: Calyrex\n|\n|-weather|RainDance|[upkeep]\n|-damage|p1b: Calyrex|95/100 brn|[from] brn\n|upkeep\n|turn|3\n|inactive|blackred123 has 30 seconds left.\n|\n|t:|1769837025\n|switch|p2b: \u53eb\u6211\u4e3b\u4eba\ud83d\ude21|Urshifu-Rapid-Strike, L50, M|100/100\n|move|p1b: Calyrex|Glacial Lance|p2a: \u9a6c\u5243\u5929\u7231\u661f|[spread] p2a,p2b\n|-resisted|p2b: \u53eb\u6211\u4e3b\u4eba\ud83d\ude21\n|-damage|p2a: \u9a6c\u5243\u5929\u7231\u661f|76/100\n|-damage|p2b: \u53eb\u6211\u4e3b\u4eba\ud83d\ude21|88/100\n|move|p2a: \u9a6c\u5243\u5929\u7231\u661f|Origin Pulse|p1b: Calyrex|[spread] p1a,p1b\n|-resisted|p1a: Urshifu\n|-resisted|p1b: Calyrex\n|-damage|p1a: Urshifu|42/100\n|-damage|p1b: Calyrex|75/100 brn\n|move|p1a: Urshifu|Surging Strikes|p2a: \u9a6c\u5243\u5929\u7231\u661f\n|-crit|p2a: \u9a6c\u5243\u5929\u7231\u661f\n|-damage|p2a: \u9a6c\u5243\u5929\u7231\u661f|49/100\n|-crit|p2a: \u9a6c\u5243\u5929\u7231\u661f\n|-damage|p2a: \u9a6c\u5243\u5929\u7231\u661f|25/100\n|-crit|p2a: \u9a6c\u5243\u5929\u7231\u661f\n|-damage|p2a: \u9a6c\u5243\u5929\u7231\u661f|0 fnt\n|faint|p2a: \u9a6c\u5243\u5929\u7231\u661f\n|-hitcount|p2: \u9a6c\u5243\u5929\u7231\u661f|3\n|\n|-weather|RainDance|[upkeep]\n|-heal|p1b: Calyrex|81/100 brn|[from] item: Leftovers\n|-damage|p1b: Calyrex|75/100 brn|[from] brn\n|upkeep\n|j| QAQeee\u56fe\u56fe\u72ac\u4fa0\n|\n|t:|1769837036\n|switch|p2a: \u4e3b\u4eba\ud83d\ude2d\ud83e\udd75|Incineroar, L50, F|5/100\n|-ability|p2a: \u4e3b\u4eba\ud83d\ude2d\ud83e\udd75|Intimidate|boost\n|-unboost|p1a: Urshifu|atk|1\n|-unboost|p1b: Calyrex|atk|1\n|turn|4\n|\n|t:|1769837056\n|move|p2a: \u4e3b\u4eba\ud83d\ude2d\ud83e\udd75|Fake Out|p1a: Urshifu\n|-damage|p1a: Urshifu|31/100\n|move|p1b: Calyrex|Leech Seed|p2b: \u53eb\u6211\u4e3b\u4eba\ud83d\ude21\n|-start|p2b: \u53eb\u6211\u4e3b\u4eba\ud83d\ude21|move: Leech Seed\n|move|p1a: Urshifu|U-turn|p2a: \u4e3b\u4eba\ud83d\ude2d\ud83e\udd75\n|-damage|p2a: \u4e3b\u4eba\ud83d\ude2d\ud83e\udd75|0 fnt\n|faint|p2a: \u4e3b\u4eba\ud83d\ude2d\ud83e\udd75\n|\n|t:|1769837064\n|switch|p1a: Miraidon|Miraidon, L50, shiny|68/100|[from] U-turn\n|-activate|p1a: Miraidon|ability: Hadron Engine\n|move|p2b: \u53eb\u6211\u4e3b\u4eba\ud83d\ude21|Surging Strikes|p1a: Miraidon\n|-resisted|p1a: Miraidon\n|-crit|p1a: Miraidon\n|-damage|p1a: Miraidon|55/100\n|-resisted|p1a: Miraidon\n|-crit|p1a: Miraidon\n|-damage|p1a: Miraidon|42/100\n|-resisted|p1a: Miraidon\n|-crit|p1a: Miraidon\n|-damage|p1a: Miraidon|29/100\n|-hitcount|p1a: Miraidon|3\n|\n|-weather|RainDance|[upkeep]\n|-heal|p1b: Calyrex|81/100 brn|[from] item: Leftovers\n|-damage|p2b: \u53eb\u6211\u4e3b\u4eba\ud83d\ude21|76/100|[from] Leech Seed|[of] p1b: Calyrex\n|-heal|p1b: Calyrex|91/100 brn|[silent]\n|-damage|p1b: Calyrex|86/100 brn|[from] brn\n|upkeep\n|\n|t:|1769837069\n|switch|p2a: \u963f\u5c14\u6258\u8389\u96c5|Zacian-Crowned, L50, shiny|100/100\n|-ability|p2a: \u963f\u5c14\u6258\u8389\u96c5|Intrepid Sword|boost\n|-boost|p2a: \u963f\u5c14\u6258\u8389\u96c5|atk|1\n|turn|5\n|\n|t:|1769837080\n|move|p1b: Calyrex|Leech Seed|p2a: \u963f\u5c14\u6258\u8389\u96c5\n|-start|p2a: \u963f\u5c14\u6258\u8389\u96c5|move: Leech Seed\n|move|p1a: Miraidon|Volt Switch|p2b: \u53eb\u6211\u4e3b\u4eba\ud83d\ude21\n|-supereffective|p2b: \u53eb\u6211\u4e3b\u4eba\ud83d\ude21\n|-damage|p2b: \u53eb\u6211\u4e3b\u4eba\ud83d\ude21|0 fnt\n|faint|p2b: \u53eb\u6211\u4e3b\u4eba\ud83d\ude21\n|\n|t:|1769837087\n|switch|p1a: Urshifu|Urshifu-Rapid-Strike, L50, F|31/100|[from] Volt Switch\n|move|p2a: \u963f\u5c14\u6258\u8389\u96c5|Play Rough|p1a: Urshifu\n|-supereffective|p1a: Urshifu\n|-damage|p1a: Urshifu|0 fnt\n|faint|p1a: Urshifu\n|\n|-weather|none\n|-heal|p1b: Calyrex|91/100 brn|[from] item: Leftovers\n|-damage|p2a: \u963f\u5c14\u6258\u8389\u96c5|88/100|[from] Leech Seed|[of] p1b: Calyrex\n|-heal|p1b: Calyrex|100/100 brn|[silent]\n|-damage|p1b: Calyrex|95/100 brn|[from] brn\n|-fieldend|move: Electric Terrain\n|upkeep\n|\n|t:|1769837093\n|switch|p1a: Miraidon|Miraidon, L50, shiny|29/100\n|-fieldstart|move: Electric Terrain|[from] ability: Hadron Engine|[of] p1a: Miraidon\n|turn|6\n|\n|t:|1769837100\n|move|p2a: \u963f\u5c14\u6258\u8389\u96c5|Protect|p2a: \u963f\u5c14\u6258\u8389\u96c5\n|-singleturn|p2a: \u963f\u5c14\u6258\u8389\u96c5|Protect\n|move|p1b: Calyrex|Glacial Lance|p2a: \u963f\u5c14\u6258\u8389\u96c5\n|-activate|p2a: \u963f\u5c14\u6258\u8389\u96c5|move: Protect\n|move|p1a: Miraidon|Electro Drift|p2a: \u963f\u5c14\u6258\u8389\u96c5\n|-activate|p2a: \u963f\u5c14\u6258\u8389\u96c5|move: Protect\n|\n|-heal|p1b: Calyrex|100/100 brn|[from] item: Leftovers\n|-damage|p2a: \u963f\u5c14\u6258\u8389\u96c5|75/100|[from] Leech Seed|[of] p1b: Calyrex\n|-damage|p1b: Calyrex|95/100 brn|[from] brn\n|-fieldend|move: Trick Room\n|upkeep\n|turn|7\n|\n|t:|1769837110\n|move|p2a: \u963f\u5c14\u6258\u8389\u96c5|Play Rough|p1a: Miraidon|[miss]\n|-miss|p2a: \u963f\u5c14\u6258\u8389\u96c5|p1a: Miraidon\n|move|p1a: Miraidon|Electro Drift|p2a: \u963f\u5c14\u6258\u8389\u96c5\n|-damage|p2a: \u963f\u5c14\u6258\u8389\u96c5|0 fnt\n|faint|p2a: \u963f\u5c14\u6258\u8389\u96c5\n|\n|win|Kellen1999\n|raw|Kellen1999's rating: 1450 &rarr; <strong>1468</strong><br />(+18 for winning)\n|raw|blackred123's rating: 1420 &rarr; <strong>1402</strong><br />(-18 for losing)\n|l|\u2606Kellen1999\n|player|p1|\n|l| QAQeee\u56fe\u56fe\u72ac\u4fa0\n","uploadtime":1769837271,"views":16,"formatid":"gen9vgc2026regi","rating":1402,"private":0,"password":null}