{"id":"gen9vgc2026regi-2549033812","format":"[Gen 9] VGC 2026 Reg I","players":["crifab93","partigiano jonny"],"log":"|j|\u2606crifab93\n|j|\u2606partigiano jonny\n|t:|1772298461\n|gametype|doubles\n|player|p1|crifab93|n|1434\n|player|p2|partigiano jonny|volkner|1534\n|gen|9\n|tier|[Gen 9] VGC 2026 Reg I\n|rated|\n|rule|Species Clause: Limit one of each Pok\u00e9mon\n|rule|Item Clause: Limit 1 of each item\n|clearpoke\n|poke|p1|Rillaboom, L50, F|\n|poke|p1|Calyrex-Shadow, L50|\n|poke|p1|Zamazenta-*, L50|\n|poke|p1|Incineroar, L50, M|\n|poke|p1|Clefairy, L50, M|\n|poke|p1|Ogerpon-Hearthflame, L50, F|\n|poke|p2|Terapagos, L50, M|\n|poke|p2|Miraidon, L50|\n|poke|p2|Incineroar, L50, M|\n|poke|p2|Iron Treads, L50|\n|poke|p2|Sinistcha, L50|\n|poke|p2|Urshifu-*, L50, F|\n|teampreview|4\n|inactive|Battle timer is ON: inactive players will automatically lose when time's up. (requested by partigiano jonny)\n|inactive|crifab93 has 60 seconds left.\n|\n|t:|1772298514\n|teamsize|p1|4\n|teamsize|p2|4\n|start\n|switch|p1a: Rillaboom|Rillaboom, L50, F|100/100\n|switch|p1b: Calyrex|Calyrex-Shadow, L50|100/100\n|switch|p2a: Terapagos|Terapagos, L50, M|100/100\n|switch|p2b: Miraidon|Miraidon, L50|100/100\n|-activate|p2a: Terapagos|ability: Tera Shift\n|detailschange|p2a: Terapagos|Terapagos-Terastal, L50, M\n|-heal|p2a: Terapagos|100/100|[silent]\n|-ability|p1b: Calyrex|As One\n|-ability|p1b: Calyrex|Unnerve\n|-fieldstart|move: Electric Terrain|[from] ability: Hadron Engine|[of] p2b: Miraidon\n|-enditem|p2a: Terapagos|Electric Seed\n|-boost|p2a: Terapagos|def|1|[from] item: Electric Seed\n|-fieldstart|move: Grassy Terrain|[from] ability: Grassy Surge|[of] p1a: Rillaboom\n|turn|1\n|\n|t:|1772298521\n|move|p1a: Rillaboom|Fake Out|p2b: Miraidon\n|-damage|p2b: Miraidon|87/100\n|move|p1b: Calyrex|Nasty Plot|p1b: Calyrex\n|-boost|p1b: Calyrex|spa|2\n|cant|p2b: Miraidon|flinch\n|move|p2a: Terapagos|Calm Mind|p2a: Terapagos\n|-boost|p2a: Terapagos|spa|1\n|-boost|p2a: Terapagos|spd|1\n|\n|-heal|p2b: Miraidon|93/100|[from] Grassy Terrain\n|upkeep\n|turn|2\n|\n|t:|1772298536\n|move|p1b: Calyrex|Protect|p1b: Calyrex\n|-singleturn|p1b: Calyrex|Protect\n|move|p2b: Miraidon|Volt Switch|p1b: Calyrex\n|-activate|p1b: Calyrex|move: Protect\n|move|p1a: Rillaboom|U-turn|p2b: Miraidon\n|-damage|p2b: Miraidon|70/100\n|\n|t:|1772298543\n|switch|p1a: Incineroar|Incineroar, L50, M|100/100|[from] U-turn\n|-ability|p1a: Incineroar|Intimidate|boost\n|-unboost|p2a: Terapagos|atk|1\n|-unboost|p2b: Miraidon|atk|1\n|move|p2a: Terapagos|Calm Mind|p2a: Terapagos\n|-boost|p2a: Terapagos|spa|1\n|-boost|p2a: Terapagos|spd|1\n|\n|-heal|p2b: Miraidon|76/100|[from] Grassy Terrain\n|upkeep\n|turn|3\n|\n|t:|1772298557\n|switch|p2b: Incineroar|Incineroar, L50, M|100/100\n|-ability|p2b: Incineroar|Intimidate|boost\n|-unboost|p1a: Incineroar|atk|1\n|-unboost|p1b: Calyrex|atk|1\n|-terastallize|p2a: Terapagos|Stellar\n|detailschange|p2a: Terapagos|Terapagos-Stellar, L50, M, tera:Stellar\n|-heal|p2a: Terapagos|100/100|[silent]\n|-ability|p2a: Terapagos|Teraform Zero\n|-fieldend|move: Grassy Terrain\n|move|p1a: Incineroar|Fake Out|p2a: Terapagos\n|-damage|p2a: Terapagos|97/100\n|move|p1b: Calyrex|Astral Barrage|p2b: Incineroar|[spread] p2b\n|-immune|p2a: Terapagos\n|-resisted|p2b: Incineroar\n|-crit|p2b: Incineroar\n|-damage|p2b: Incineroar|10/100\n|-damage|p1b: Calyrex|91/100|[from] item: Life Orb\n|cant|p2a: Terapagos|flinch\n|\n|upkeep\n|turn|4\n|\n|t:|1772298582\n|move|p1b: Calyrex|Protect|p1b: Calyrex\n|-singleturn|p1b: Calyrex|Protect\n|move|p2a: Terapagos|Tera Starstorm|p1a: Incineroar|[spread] p1a\n|-activate|p1b: Calyrex|move: Protect\n|-damage|p1a: Incineroar|37/100\n|move|p1a: Incineroar|Parting Shot|p2b: Incineroar\n|-unboost|p2b: Incineroar|atk|1\n|-unboost|p2b: Incineroar|spa|1\n|\n|t:|1772298591\n|switch|p1a: Zamazenta|Zamazenta-Crowned, L50|100/100|[from] Parting Shot\n|-ability|p1a: Zamazenta|Dauntless Shield|boost\n|-boost|p1a: Zamazenta|def|1\n|move|p2b: Incineroar|Flare Blitz|p1a: Zamazenta\n|-supereffective|p1a: Zamazenta\n|-damage|p1a: Zamazenta|78/100\n|-damage|p2b: Incineroar|3/100|[from] Recoil\n|\n|upkeep\n|turn|5\n|inactive|partigiano jonny has 30 seconds left.\n|\n|t:|1772298616\n|-terastallize|p1b: Calyrex|Dark\n|move|p1b: Calyrex|Psychic|p2a: Terapagos\n|-crit|p2a: Terapagos\n|-damage|p2a: Terapagos|0 fnt\n|faint|p2a: Terapagos\n|detailschange|p2: Terapagos|Terapagos, L50, M|[silent]\n|-ability|p1b: Calyrex|Grim Neigh|boost\n|-boost|p1b: Calyrex|spa|1\n|-damage|p1b: Calyrex|82/100|[from] item: Life Orb\n|move|p1a: Zamazenta|Body Press|p2b: Incineroar\n|-supereffective|p2b: Incineroar\n|-damage|p2b: Incineroar|0 fnt\n|-damage|p1a: Zamazenta|61/100|[from] item: Rocky Helmet|[of] p2b: Incineroar\n|faint|p2b: Incineroar\n|\n|upkeep\n|-message|partigiano jonny forfeited.\n|\n|win|crifab93\n|raw|crifab93's rating: 1434 &rarr; <strong>1460</strong><br />(+26 for winning)\n|raw|partigiano jonny's rating: 1534 &rarr; <strong>1508</strong><br />(-26 for losing)\n","uploadtime":1772298627,"views":13,"formatid":"gen9vgc2026regi","rating":1460,"private":0,"password":null}