{"id":"gen9vgc2026regi-2573204647","format":"[Gen 9] VGC 2026 Reg I","players":["F00tcream","zestylesty"],"log":"|j|\u2606F00tcream\n|j|\u2606zestylesty\n|t:|1775102591\n|gametype|doubles\n|player|p1|F00tcream|iris-gen5bw2|1255\n|player|p2|zestylesty|cynthia-gen4|1286\n|gen|9\n|tier|[Gen 9] VGC 2026 Reg I\n|rated|\n|rule|Species Clause: Limit one of each Pok\u00e9mon\n|rule|Item Clause: Limit 1 of each item\n|clearpoke\n|poke|p1|Groudon, L50|\n|poke|p1|Walking Wake, L50|\n|poke|p1|Necrozma-Dawn-Wings, L50|\n|poke|p1|Urshifu-*, L50, M|\n|poke|p2|Calyrex-Ice, L50|\n|poke|p2|Miraidon, L50|\n|poke|p2|Grimmsnarl, L50, M|\n|poke|p2|Urshifu-*, L50, F|\n|poke|p2|Incineroar, L50, F|\n|poke|p2|Landorus, L50, M|\n|teampreview|4\n|\n|t:|1775102629\n|teamsize|p1|4\n|teamsize|p2|4\n|start\n|switch|p1a: Groudon|Groudon, L50|100/100\n|switch|p1b: Necrozma|Necrozma-Dawn-Wings, L50|100/100\n|switch|p2a: Calyrex|Calyrex-Ice, L50|100/100\n|switch|p2b: Grimmsnarl|Grimmsnarl, L50, M|100/100\n|-ability|p2a: Calyrex|As One\n|-ability|p2a: Calyrex|Unnerve\n|-weather|SunnyDay|[from] ability: Drought|[of] p1a: Groudon\n|turn|1\n|\n|t:|1775102650\n|move|p2a: Calyrex|Protect|p2a: Calyrex\n|-singleturn|p2a: Calyrex|Protect\n|move|p2b: Grimmsnarl|Light Screen|p2b: Grimmsnarl\n|-sidestart|p2: zestylesty|move: Light Screen\n|move|p1a: Groudon|Precipice Blades|p2b: Grimmsnarl|[spread] p2b\n|-activate|p2a: Calyrex|move: Protect\n|-damage|p2b: Grimmsnarl|44/100\n|move|p1b: Necrozma|Heat Wave|p2b: Grimmsnarl|[spread] p2b\n|-activate|p2a: Calyrex|move: Protect\n|-damage|p2b: Grimmsnarl|8/100\n|-status|p2b: Grimmsnarl|brn\n|-damage|p1b: Necrozma|91/100|[from] item: Life Orb\n|\n|-weather|SunnyDay|[upkeep]\n|-damage|p2b: Grimmsnarl|2/100 brn|[from] brn\n|upkeep\n|turn|2\n|\n|t:|1775102675\n|-terastallize|p2a: Calyrex|Water\n|move|p2b: Grimmsnarl|Reflect|p2b: Grimmsnarl\n|-sidestart|p2: zestylesty|Reflect\n|move|p1a: Groudon|Precipice Blades|p2b: Grimmsnarl|[spread] p2a,p2b\n|-damage|p2a: Calyrex|79/100\n|-damage|p2b: Grimmsnarl|0 fnt\n|faint|p2b: Grimmsnarl\n|move|p1b: Necrozma|Heat Wave|p2a: Calyrex\n|-resisted|p2a: Calyrex\n|-damage|p2a: Calyrex|62/100\n|-damage|p1b: Necrozma|81/100|[from] item: Life Orb\n|move|p2a: Calyrex|Trick Room|p2a: Calyrex\n|-fieldstart|move: Trick Room|[of] p2a: Calyrex\n|\n|-weather|SunnyDay|[upkeep]\n|-heal|p2a: Calyrex|68/100|[from] item: Leftovers\n|upkeep\n|\n|t:|1775102689\n|switch|p2b: Incineroar|Incineroar, L50, F|100/100\n|-ability|p2b: Incineroar|Intimidate|boost\n|-unboost|p1a: Groudon|atk|1\n|-unboost|p1b: Necrozma|atk|1\n|turn|3\n|\n|t:|1775102702\n|-terastallize|p1a: Groudon|Electric\n|move|p2b: Incineroar|Fake Out|p1a: Groudon\n|-damage|p1a: Groudon|92/100\n|move|p2a: Calyrex|Glacial Lance|p1a: Groudon|[spread] p1a,p1b\n|-damage|p1a: Groudon|48/100\n|-damage|p1b: Necrozma|39/100\n|move|p1b: Necrozma|Photon Geyser|p2a: Calyrex\n|-damage|p2a: Calyrex|36/100\n|-damage|p1b: Necrozma|29/100|[from] item: Life Orb\n|cant|p1a: Groudon|flinch\n|\n|-weather|SunnyDay|[upkeep]\n|-heal|p2a: Calyrex|42/100|[from] item: Leftovers\n|upkeep\n|turn|4\n|\n|t:|1775102739\n|move|p2a: Calyrex|Glacial Lance|p1b: Necrozma|[spread] p1a,p1b\n|-damage|p1a: Groudon|7/100\n|-damage|p1b: Necrozma|0 fnt\n|faint|p1b: Necrozma\n|-ability|p2a: Calyrex|Chilling Neigh|boost\n|-boost|p2a: Calyrex|atk|1\n|move|p2b: Incineroar|Knock Off|p1a: Groudon\n|-damage|p1a: Groudon|0 fnt\n|-enditem|p1a: Groudon|Choice Scarf|[from] move: Knock Off|[of] p2b: Incineroar\n|faint|p1a: Groudon\n|\n|-weather|SunnyDay|[upkeep]\n|-heal|p2a: Calyrex|47/100|[from] item: Leftovers\n|upkeep\n|\n|t:|1775102748\n|switch|p1b: Urshifu|Urshifu, L50, M|100/100\n|switch|p1a: Walking Wake|Walking Wake, L50|100/100\n|-activate|p1a: Walking Wake|ability: Protosynthesis\n|-start|p1a: Walking Wake|protosynthesisspe\n|turn|5\n|\n|t:|1775102789\n|move|p2a: Calyrex|Glacial Lance|p1a: Walking Wake|[spread] p1a,p1b\n|-damage|p1a: Walking Wake|19/100\n|-damage|p1b: Urshifu|18/100\n|move|p2b: Incineroar|Flare Blitz|p1b: Urshifu\n|-damage|p1b: Urshifu|0 fnt\n|faint|p1b: Urshifu\n|-damage|p2b: Incineroar|95/100|[from] Recoil\n|move|p1a: Walking Wake|Hydro Steam|p2b: Incineroar\n|-supereffective|p2b: Incineroar\n|-crit|p2b: Incineroar\n|-damage|p2b: Incineroar|0 fnt\n|faint|p2b: Incineroar\n|\n|-weather|none\n|-end|p1a: Walking Wake|Protosynthesis\n|-heal|p2a: Calyrex|53/100|[from] item: Leftovers\n|upkeep\n|\n|t:|1775102802\n|switch|p2b: Miraidon|Miraidon, L50|100/100\n|-fieldstart|move: Electric Terrain|[from] ability: Hadron Engine|[of] p2b: Miraidon\n|turn|6\n|\n|t:|1775102811\n|move|p2a: Calyrex|Glacial Lance|p1a: Walking Wake\n|-damage|p1a: Walking Wake|0 fnt\n|faint|p1a: Walking Wake\n|-end|p1a: Walking Wake|Protosynthesis|[silent]\n|\n|win|zestylesty\n|raw|F00tcream's rating: 1255 &rarr; <strong>1232</strong><br />(-23 for losing)\n|raw|zestylesty's rating: 1286 &rarr; <strong>1309</strong><br />(+23 for winning)\n|l|\u2606F00tcream\n|player|p1|\n","uploadtime":1775102963,"views":11,"formatid":"gen9vgc2026regi","rating":1232,"private":0,"password":null}