{"id":"gen9vgc2026regi-2563477161","format":"[Gen 9] VGC 2026 Reg I","players":["Galact7adi","Gorfgob"],"log":"|j|\u2606Galact7adi\n|j|\u2606Gorfgob\n|t:|1774029613\n|gametype|doubles\n|player|p1|Galact7adi|266|1450\n|player|p2|Gorfgob|169|1360\n|gen|9\n|tier|[Gen 9] VGC 2026 Reg I\n|rated|\n|rule|Species Clause: Limit one of each Pok\u00e9mon\n|rule|Item Clause: Limit 1 of each item\n|clearpoke\n|poke|p1|Calyrex-Shadow, L50|\n|poke|p1|Zamazenta-*, L50|\n|poke|p1|Chien-Pao, L50|\n|poke|p1|Dragonite, L50, M|\n|poke|p1|Raging Bolt, L50|\n|poke|p1|Amoonguss, L50, M|\n|poke|p2|Terapagos, L50, M|\n|poke|p2|Koraidon, L50|\n|poke|p2|Farigiraf, L50, F|\n|poke|p2|Rillaboom, L50, F|\n|poke|p2|Incineroar, L50, M|\n|poke|p2|Primarina, L50, M|\n|teampreview|4\n|inactive|Battle timer is ON: inactive players will automatically lose when time's up. (requested by Galact7adi)\n|inactive|Galact7adi has 60 seconds left.\n|inactive|Gorfgob has 60 seconds left.\n|\n|t:|1774029666\n|teamsize|p1|4\n|teamsize|p2|4\n|start\n|switch|p1a: Calyrex|Calyrex-Shadow, L50|100/100\n|switch|p1b: Chien-Pao|Chien-Pao, L50|100/100\n|switch|p2a: Koraidon|Koraidon, L50|100/100\n|switch|p2b: Farigiraf|Farigiraf, L50, F|100/100\n|-ability|p1a: Calyrex|As One\n|-ability|p1a: Calyrex|Unnerve\n|-weather|SunnyDay|[from] ability: Orichalcum Pulse|[of] p2a: Koraidon\n|-activate|p2a: Koraidon|Orichalcum Pulse|[source]\n|-ability|p1b: Chien-Pao|Sword of Ruin\n|turn|1\n|inactive|Galact7adi has 30 seconds left.\n|\n|t:|1774029697\n|switch|p1a: Amoonguss|Amoonguss, L50, M|100/100\n|switch|p2a: Terapagos|Terapagos, L50, M|100/100\n|-activate|p2a: Terapagos|ability: Tera Shift\n|detailschange|p2a: Terapagos|Terapagos-Terastal, L50, M\n|-heal|p2a: Terapagos|100/100|[silent]\n|move|p1b: Chien-Pao|Ruination|p2b: Farigiraf\n|-damage|p2b: Farigiraf|51/100\n|move|p2b: Farigiraf|Trick Room|p2b: Farigiraf\n|-fieldstart|move: Trick Room|[of] p2b: Farigiraf\n|\n|-weather|SunnyDay|[upkeep]\n|upkeep\n|turn|2\n|\n|t:|1774029717\n|move|p2a: Terapagos|Protect|p2a: Terapagos\n|-singleturn|p2a: Terapagos|Protect\n|move|p1a: Amoonguss|Spore|p2b: Farigiraf\n|-status|p2b: Farigiraf|slp|[from] move: Spore\n|move|p1b: Chien-Pao|Ruination|p2a: Terapagos\n|-activate|p2a: Terapagos|move: Protect\n|cant|p2b: Farigiraf|slp\n|\n|-weather|SunnyDay|[upkeep]\n|upkeep\n|turn|3\n|\n|t:|1774029732\n|move|p1a: Amoonguss|Spore|p2a: Terapagos\n|-status|p2a: Terapagos|slp|[from] move: Spore\n|cant|p2a: Terapagos|slp\n|move|p1b: Chien-Pao|Ruination|p2a: Terapagos\n|-damage|p2a: Terapagos|50/100 slp\n|-curestatus|p2b: Farigiraf|slp|[msg]\n|move|p2b: Farigiraf|Roar|p1a: Amoonguss\n|drag|p1a: Zamazenta|Zamazenta-Crowned, L50|100/100\n|-ability|p1a: Zamazenta|Dauntless Shield|boost\n|-boost|p1a: Zamazenta|def|1\n|\n|-weather|SunnyDay|[upkeep]\n|-heal|p2a: Terapagos|56/100 slp|[from] item: Leftovers\n|upkeep\n|turn|4\n|\n|t:|1774029749\n|switch|p2b: Primarina|Primarina, L50, M|100/100\n|-curestatus|p2a: Terapagos|slp|[msg]\n|move|p2a: Terapagos|Calm Mind|p2a: Terapagos\n|-boost|p2a: Terapagos|spa|1\n|-boost|p2a: Terapagos|spd|1\n|move|p1a: Zamazenta|Body Press|p2a: Terapagos\n|-supereffective|p2a: Terapagos\n|-damage|p2a: Terapagos|0 fnt\n|faint|p2a: Terapagos\n|move|p1b: Chien-Pao|Ice Spinner|p2b: Primarina\n|-resisted|p2b: Primarina\n|-damage|p2b: Primarina|81/100\n|-damage|p1b: Chien-Pao|84/100|[from] item: Rocky Helmet|[of] p2b: Primarina\n|\n|-weather|SunnyDay|[upkeep]\n|upkeep\n|\n|t:|1774029761\n|switch|p2a: Farigiraf|Farigiraf, L50, F|51/100\n|turn|5\n|\n|t:|1774029780\n|switch|p1b: Amoonguss|Amoonguss, L50, M|100/100\n|move|p2a: Farigiraf|Helping Hand|p2b: Primarina\n|-singleturn|p2b: Primarina|Helping Hand|[of] p2a: Farigiraf\n|move|p1a: Zamazenta|Protect|p1a: Zamazenta\n|-singleturn|p1a: Zamazenta|Protect\n|move|p2b: Primarina|Moonblast|p1b: Amoonguss\n|-resisted|p1b: Amoonguss\n|-damage|p1b: Amoonguss|76/100\n|\n|-weather|none\n|-fieldend|move: Trick Room\n|upkeep\n|turn|6\n|\n|t:|1774029790\n|move|p1a: Zamazenta|Body Press|p2a: Farigiraf\n|-damage|p2a: Farigiraf|0 fnt\n|faint|p2a: Farigiraf\n|move|p2b: Primarina|Haze|p2b: Primarina\n|-clearallboost\n|move|p1b: Amoonguss|Spore|p2b: Primarina\n|-status|p2b: Primarina|slp|[from] move: Spore\n|\n|upkeep\n|\n|t:|1774029792\n|switch|p2a: Koraidon|Koraidon, L50|100/100\n|-weather|SunnyDay|[from] ability: Orichalcum Pulse|[of] p2a: Koraidon\n|-activate|p2a: Koraidon|Orichalcum Pulse|[source]\n|turn|7\n|\n|t:|1774029804\n|-terastallize|p2a: Koraidon|Fire\n|move|p1b: Amoonguss|Rage Powder|p1b: Amoonguss\n|-singleturn|p1b: Amoonguss|move: Rage Powder\n|move|p2a: Koraidon|Flame Charge|p1b: Amoonguss\n|-supereffective|p1b: Amoonguss\n|-damage|p1b: Amoonguss|0 fnt\n|-boost|p2a: Koraidon|spe|1\n|-damage|p2a: Koraidon|84/100|[from] item: Rocky Helmet|[of] p1b: Amoonguss\n|faint|p1b: Amoonguss\n|-damage|p2a: Koraidon|74/100|[from] item: Life Orb\n|move|p1a: Zamazenta|Body Press|p2a: Koraidon\n|-crit|p2a: Koraidon\n|-damage|p2a: Koraidon|14/100\n|cant|p2b: Primarina|slp\n|\n|-weather|SunnyDay|[upkeep]\n|upkeep\n|\n|t:|1774029811\n|switch|p1b: Chien-Pao|Chien-Pao, L50|84/100\n|-ability|p1b: Chien-Pao|Sword of Ruin\n|turn|8\n|\n|t:|1774029821\n|-terastallize|p1b: Chien-Pao|Poison\n|move|p2a: Koraidon|Protect|p2a: Koraidon\n|-singleturn|p2a: Koraidon|Protect\n|move|p1b: Chien-Pao|Sucker Punch||[still]\n|-fail|p1b: Chien-Pao\n|move|p1a: Zamazenta|Heavy Slam|p2b: Primarina\n|-damage|p2b: Primarina|26/100 slp\n|-damage|p1a: Zamazenta|84/100|[from] item: Rocky Helmet|[of] p2b: Primarina\n|-curestatus|p2b: Primarina|slp|[msg]\n|move|p2b: Primarina|Life Dew|p2b: Primarina|[spread] p2a,p2b\n|-heal|p2a: Koraidon|39/100\n|-heal|p2b: Primarina|51/100\n|\n|-weather|SunnyDay|[upkeep]\n|upkeep\n|turn|9\n|inactive|Galact7adi has 30 seconds left.\n|-message|Gorfgob forfeited.\n|\n|win|Galact7adi\n|raw|Galact7adi's rating: 1450 &rarr; <strong>1465</strong><br />(+15 for winning)\n|raw|Gorfgob's rating: 1360 &rarr; <strong>1345</strong><br />(-15 for losing)\n|l|\u2606Gorfgob\n|player|p2|\n|l|\u2606Galact7adi\n|player|p1|\n","uploadtime":1774030050,"views":14,"formatid":"gen9vgc2026regi","rating":1345,"private":0,"password":null}