{"id":"gen9vgc2026regi-2562080601","format":"[Gen 9] VGC 2026 Reg I","players":["AnotherDreamer","Mirthinion"],"log":"|j|\u2606AnotherDreamer\n|j|\u2606Mirthinion\n|t:|1773869168\n|gametype|doubles\n|player|p1|AnotherDreamer|170|1322\n|player|p2|Mirthinion|janitor|1430\n|gen|9\n|tier|[Gen 9] VGC 2026 Reg I\n|rated|\n|rule|Species Clause: Limit one of each Pok\u00e9mon\n|rule|Item Clause: Limit 1 of each item\n|clearpoke\n|poke|p1|Calyrex-Ice, L50|\n|poke|p1|Miraidon, L50|\n|poke|p1|Ursaluna, L50, F|\n|poke|p1|Volcarona, L50, M|\n|poke|p1|Grimmsnarl, L50, M|\n|poke|p1|Iron Hands, L50|\n|poke|p2|Calyrex-Shadow, L50|\n|poke|p2|Zamazenta-*, L50|\n|poke|p2|Urshifu-*, L50, M|\n|poke|p2|Incineroar, L50, M|\n|poke|p2|Rillaboom, L50, M|\n|poke|p2|Tornadus, L50, M|\n|teampreview|4\n|inactive|Battle timer is ON: inactive players will automatically lose when time's up. (requested by Mirthinion)\n|inactive|AnotherDreamer also wants the timer to be on.\n|inactive|Mirthinion has 60 seconds left.\n|\n|t:|1773869203\n|teamsize|p1|4\n|teamsize|p2|4\n|start\n|switch|p1a: Volcarona|Volcarona, L50, M|100/100\n|switch|p1b: Calyrex|Calyrex-Ice, L50|100/100\n|switch|p2a: Hoplite|Rillaboom, L50, M|100/100\n|switch|p2b: Beowulf|Urshifu-Rapid-Strike, L50, M|100/100\n|-ability|p1b: Calyrex|As One\n|-ability|p1b: Calyrex|Unnerve\n|-fieldstart|move: Grassy Terrain|[from] ability: Grassy Surge|[of] p2a: Hoplite\n|turn|1\n|\n|t:|1773869222\n|-terastallize|p2a: Hoplite|Fire\n|move|p1a: Volcarona|Rage Powder|p1a: Volcarona\n|-singleturn|p1a: Volcarona|move: Rage Powder\n|move|p2b: Beowulf|Surging Strikes|p1a: Volcarona\n|-supereffective|p1a: Volcarona\n|-crit|p1a: Volcarona\n|-damage|p1a: Volcarona|47/100\n|-damage|p2b: Beowulf|84/100|[from] item: Rocky Helmet|[of] p1a: Volcarona\n|-status|p2b: Beowulf|brn|[from] ability: Flame Body|[of] p1a: Volcarona\n|-supereffective|p1a: Volcarona\n|-crit|p1a: Volcarona\n|-damage|p1a: Volcarona|19/100\n|-damage|p2b: Beowulf|68/100 brn|[from] item: Rocky Helmet|[of] p1a: Volcarona\n|-supereffective|p1a: Volcarona\n|-crit|p1a: Volcarona\n|-damage|p1a: Volcarona|0 fnt\n|-damage|p2b: Beowulf|51/100 brn|[from] item: Rocky Helmet|[of] p1a: Volcarona\n|faint|p1a: Volcarona\n|-hitcount|p1: Volcarona|3\n|move|p2a: Hoplite|Wood Hammer|p1b: Calyrex\n|-damage|p1b: Calyrex|48/100\n|-damage|p2a: Hoplite|83/100|[from] Recoil\n|move|p1b: Calyrex|Trick Room|p1b: Calyrex\n|-fieldstart|move: Trick Room|[of] p1b: Calyrex\n|\n|-heal|p1b: Calyrex|54/100|[from] Grassy Terrain\n|-heal|p1b: Calyrex|60/100|[from] item: Leftovers\n|-heal|p2a: Hoplite|89/100|[from] Grassy Terrain\n|-heal|p2b: Beowulf|57/100 brn|[from] Grassy Terrain\n|-damage|p2b: Beowulf|51/100 brn|[from] brn\n|upkeep\n|\n|t:|1773869232\n|switch|p1a: Grimmsnarl|Grimmsnarl, L50, M|100/100\n|turn|2\n|\n|t:|1773869252\n|move|p1a: Grimmsnarl|Thunder Wave|p2a: Hoplite\n|-status|p2a: Hoplite|par\n|move|p2a: Hoplite|U-turn|p1b: Calyrex\n|-supereffective|p1b: Calyrex\n|-damage|p1b: Calyrex|29/100\n|\n|t:|1773869257\n|switch|p2a: Drambor|Zamazenta-Crowned, L50|100/100|[from] U-turn\n|-ability|p2a: Drambor|Dauntless Shield|boost\n|-boost|p2a: Drambor|def|1\n|move|p1b: Calyrex|Leech Seed|p2a: Drambor|[miss]\n|-miss|p1b: Calyrex|p2a: Drambor\n|move|p2b: Beowulf|Surging Strikes|p1b: Calyrex\n|-crit|p1b: Calyrex\n|-damage|p1b: Calyrex|20/100\n|-crit|p1b: Calyrex\n|-damage|p1b: Calyrex|12/100\n|-crit|p1b: Calyrex\n|-damage|p1b: Calyrex|1/100\n|-hitcount|p1b: Calyrex|3\n|\n|-heal|p1b: Calyrex|7/100|[from] Grassy Terrain\n|-heal|p1b: Calyrex|13/100|[from] item: Leftovers\n|-heal|p2b: Beowulf|57/100 brn|[from] Grassy Terrain\n|-damage|p2b: Beowulf|51/100 brn|[from] brn\n|upkeep\n|turn|3\n|inactive|Mirthinion has 30 seconds left.\n|\n|t:|1773869283\n|move|p1a: Grimmsnarl|Thunder Wave|p2a: Drambor\n|-status|p2a: Drambor|par\n|move|p1b: Calyrex|Leech Seed|p2a: Drambor\n|-start|p2a: Drambor|move: Leech Seed\n|cant|p2a: Drambor|par\n|move|p2b: Beowulf|Surging Strikes|p1a: Grimmsnarl\n|-crit|p1a: Grimmsnarl\n|-damage|p1a: Grimmsnarl|84/100\n|-crit|p1a: Grimmsnarl\n|-damage|p1a: Grimmsnarl|68/100\n|-crit|p1a: Grimmsnarl\n|-damage|p1a: Grimmsnarl|54/100\n|-hitcount|p1a: Grimmsnarl|3\n|\n|-heal|p1b: Calyrex|19/100|[from] Grassy Terrain\n|-heal|p1b: Calyrex|25/100|[from] item: Leftovers\n|-heal|p1a: Grimmsnarl|60/100|[from] Grassy Terrain\n|-heal|p2b: Beowulf|57/100 brn|[from] Grassy Terrain\n|-damage|p2a: Drambor|88/100 par|[from] Leech Seed|[of] p1b: Calyrex\n|-heal|p1b: Calyrex|36/100|[silent]\n|-damage|p2b: Beowulf|51/100 brn|[from] brn\n|upkeep\n|turn|4\n|\n|t:|1773869304\n|switch|p2a: Hoplite|Rillaboom, L50, M, tera:Fire|89/100 par\n|move|p1b: Calyrex|Protect|p1b: Calyrex\n|-singleturn|p1b: Calyrex|Protect\n|move|p1a: Grimmsnarl|Spirit Break|p2b: Beowulf\n|-supereffective|p2b: Beowulf\n|-damage|p2b: Beowulf|0 fnt\n|faint|p2b: Beowulf\n|\n|-heal|p2a: Hoplite|95/100 par|[from] Grassy Terrain\n|-heal|p1b: Calyrex|41/100|[from] Grassy Terrain\n|-heal|p1b: Calyrex|47/100|[from] item: Leftovers\n|-heal|p1a: Grimmsnarl|66/100|[from] Grassy Terrain\n|upkeep\n|\n|t:|1773869321\n|switch|p2b: Drambor|Zamazenta-Crowned, L50|88/100 par\n|turn|5\n|\n|t:|1773869335\n|move|p1a: Grimmsnarl|Reflect|p1a: Grimmsnarl\n|-sidestart|p1: AnotherDreamer|Reflect\n|cant|p2a: Hoplite|par\n|move|p1b: Calyrex|Leech Seed|p2b: Drambor|[miss]\n|-miss|p1b: Calyrex|p2b: Drambor\n|move|p2b: Drambor|Body Press|p1b: Calyrex\n|-damage|p1b: Calyrex|30/100\n|\n|-heal|p2a: Hoplite|100/100 par|[from] Grassy Terrain\n|-heal|p1b: Calyrex|36/100|[from] Grassy Terrain\n|-heal|p1b: Calyrex|41/100|[from] item: Leftovers\n|-heal|p1a: Grimmsnarl|72/100|[from] Grassy Terrain\n|-heal|p2b: Drambor|94/100 par|[from] Grassy Terrain\n|-fieldend|move: Trick Room\n|-fieldend|move: Grassy Terrain\n|upkeep\n|turn|6\n|\n|t:|1773869357\n|cant|p2b: Drambor|par\n|move|p1a: Grimmsnarl|Spirit Break|p2b: Drambor\n|-damage|p2b: Drambor|76/100 par\n|-unboost|p2b: Drambor|spa|1\n|move|p2a: Hoplite|U-turn|p1b: Calyrex\n|-supereffective|p1b: Calyrex\n|-damage|p1b: Calyrex|20/100\n|\n|t:|1773869365\n|switch|p2a: Mithrandir|Calyrex-Shadow, L50|100/100|[from] U-turn\n|-ability|p2a: Mithrandir|As One\n|-ability|p2a: Mithrandir|Unnerve\n|move|p1b: Calyrex|Trick Room|p1b: Calyrex\n|-fieldstart|move: Trick Room|[of] p1b: Calyrex\n|\n|-heal|p1b: Calyrex|26/100|[from] item: Leftovers\n|upkeep\n|turn|7\n|inactive|Mirthinion has 30 seconds left.\n|\n|t:|1773869391\n|cant|p2b: Drambor|par\n|move|p1a: Grimmsnarl|Light Screen|p1a: Grimmsnarl\n|-sidestart|p1: AnotherDreamer|move: Light Screen\n|move|p1b: Calyrex|Leech Seed|p2a: Mithrandir\n|-start|p2a: Mithrandir|move: Leech Seed\n|move|p2a: Mithrandir|Astral Barrage|p1a: Grimmsnarl|[spread] p1a,p1b\n|-resisted|p1a: Grimmsnarl\n|-supereffective|p1b: Calyrex\n|-damage|p1a: Grimmsnarl|57/100\n|-damage|p1b: Calyrex|0 fnt\n|faint|p1b: Calyrex\n|-ability|p2a: Mithrandir|Grim Neigh|boost\n|-boost|p2a: Mithrandir|spa|1\n|\n|upkeep\n|\n|t:|1773869398\n|switch|p1b: Ursaluna|Ursaluna, L50, F|100/100\n|turn|8\n|inactive|AnotherDreamer has 30 seconds left.\n|\n|t:|1773869427\n|move|p2b: Drambor|Protect|p2b: Drambor\n|-singleturn|p2b: Drambor|Protect\n|move|p1a: Grimmsnarl|Spirit Break|p2a: Mithrandir\n|-damage|p2a: Mithrandir|70/100\n|-unboost|p2a: Mithrandir|spa|1\n|move|p1b: Ursaluna|Crunch|p2a: Mithrandir\n|-supereffective|p2a: Mithrandir\n|-damage|p2a: Mithrandir|0 fnt\n|faint|p2a: Mithrandir\n|\n|-status|p1b: Ursaluna|brn|[from] item: Flame Orb\n|upkeep\n|\n|t:|1773869438\n|switch|p2a: Hoplite|Rillaboom, L50, M, tera:Fire|100/100 par\n|-fieldstart|move: Grassy Terrain|[from] ability: Grassy Surge|[of] p2a: Hoplite\n|turn|9\n|\n|t:|1773869454\n|-terastallize|p1b: Ursaluna|Ghost\n|cant|p2a: Hoplite|par\n|move|p1a: Grimmsnarl|Spirit Break|p2b: Drambor\n|-damage|p2b: Drambor|55/100 par\n|-unboost|p2b: Drambor|spa|1\n|move|p1b: Ursaluna|Headlong Rush|p2a: Hoplite\n|-supereffective|p2a: Hoplite\n|-damage|p2a: Hoplite|0 fnt\n|-unboost|p1b: Ursaluna|def|1\n|-unboost|p1b: Ursaluna|spd|1\n|faint|p2a: Hoplite\n|cant|p2b: Drambor|par\n|\n|-heal|p1a: Grimmsnarl|63/100|[from] Grassy Terrain\n|-heal|p2b: Drambor|61/100 par|[from] Grassy Terrain\n|-damage|p1b: Ursaluna|95/100 brn|[from] brn\n|upkeep\n|turn|10\n|\n|t:|1773869471\n|move|p2b: Drambor|Protect|p2b: Drambor\n|-singleturn|p2b: Drambor|Protect\n|move|p1a: Grimmsnarl|Spirit Break|p2b: Drambor\n|-activate|p2b: Drambor|move: Protect\n|move|p1b: Ursaluna|Headlong Rush|p2b: Drambor\n|-activate|p2b: Drambor|move: Protect\n|\n|-heal|p1a: Grimmsnarl|69/100|[from] Grassy Terrain\n|-heal|p1b: Ursaluna|100/100 brn|[from] Grassy Terrain\n|-heal|p2b: Drambor|67/100 par|[from] Grassy Terrain\n|-damage|p1b: Ursaluna|95/100 brn|[from] brn\n|-fieldend|move: Trick Room\n|upkeep\n|turn|11\n|\n|t:|1773869483\n|move|p2b: Drambor|Behemoth Bash|p1b: Ursaluna\n|-damage|p1b: Ursaluna|64/100 brn\n|move|p1b: Ursaluna|Headlong Rush|p2b: Drambor\n|-supereffective|p2b: Drambor\n|-damage|p2b: Drambor|0 fnt\n|-unboost|p1b: Ursaluna|def|1\n|-unboost|p1b: Ursaluna|spd|1\n|faint|p2b: Drambor\n|\n|win|AnotherDreamer\n|raw|AnotherDreamer's rating: 1322 &rarr; <strong>1348</strong><br />(+26 for winning)\n|raw|Mirthinion's rating: 1430 &rarr; <strong>1404</strong><br />(-26 for losing)\n|c|\u2606Mirthinion|gg\n","uploadtime":1773869494,"views":85,"formatid":"gen9vgc2026regi","rating":1348,"private":0,"password":null}