{"id":"gen9vgc2026regi-2520552172","format":"[Gen 9] VGC 2026 Reg I","players":["moyuanjie","marcxhenry"],"log":"|j|\u2606moyuanjie\n|j|\u2606marcxhenry\n|t:|1768653194\n|gametype|doubles\n|player|p1|moyuanjie|169|1375\n|player|p2|marcxhenry|hilbert-wonderlauncher|1451\n|gen|9\n|tier|[Gen 9] VGC 2026 Reg I\n|rated|\n|rule|Species Clause: Limit one of each Pok\u00e9mon\n|rule|Item Clause: Limit 1 of each item\n|clearpoke\n|poke|p1|Miraidon, L50|\n|poke|p1|Calyrex-Ice, L50|\n|poke|p1|Landorus, L50, M|\n|poke|p1|Smeargle, L50, M|\n|poke|p1|Roaring Moon, L50|\n|poke|p1|Incineroar, L50, M|\n|poke|p2|Calyrex-Shadow, L50|\n|poke|p2|Urshifu-*, L50, M|\n|poke|p2|Roaring Moon, L50|\n|poke|p2|Kyogre, L50|\n|poke|p2|Tsareena, L50, F|\n|poke|p2|Kingambit, L50, M|\n|teampreview|4\n|\n|t:|1768653254\n|teamsize|p1|4\n|teamsize|p2|4\n|start\n|switch|p1a: Smeargle|Smeargle, L50, M|100/100\n|switch|p1b: Calyrex|Calyrex-Ice, L50|100/100\n|switch|p2a: Tripitz|Kyogre, L50, shiny|100/100\n|switch|p2b: Eva|Tsareena, L50, F, shiny|100/100\n|-ability|p1b: Calyrex|As One\n|-ability|p1b: Calyrex|Unnerve\n|-weather|RainDance|[from] ability: Drizzle|[of] p2a: Tripitz\n|turn|1\n|\n|t:|1768653274\n|-terastallize|p2b: Eva|Water\n|move|p2a: Tripitz|Protect|p2a: Tripitz\n|-singleturn|p2a: Tripitz|Protect\n|move|p1a: Smeargle|Wide Guard|p1a: Smeargle\n|-singleturn|p1a: Smeargle|Wide Guard\n|move|p2b: Eva|Taunt|p1a: Smeargle\n|-start|p1a: Smeargle|move: Taunt\n|move|p1b: Calyrex|Glacial Lance|p2b: Eva|[spread] p2b\n|-activate|p2a: Tripitz|move: Protect\n|-resisted|p2b: Eva\n|-damage|p2b: Eva|69/100\n|\n|-weather|RainDance|[upkeep]\n|upkeep\n|turn|2\n|\n|t:|1768653293\n|switch|p1a: Landorus|Landorus, L50, M|100/100\n|move|p1b: Calyrex|Protect|p1b: Calyrex\n|-singleturn|p1b: Calyrex|Protect\n|move|p2a: Tripitz|Water Spout|p1b: Calyrex|[spread] p1a\n|-activate|p1b: Calyrex|move: Protect\n|-supereffective|p1a: Landorus\n|-damage|p1a: Landorus|0 fnt\n|faint|p1a: Landorus\n|move|p2b: Eva|Triple Axel|p1b: Calyrex\n|-activate|p1b: Calyrex|move: Protect\n|\n|-weather|RainDance|[upkeep]\n|upkeep\n|\n|t:|1768653309\n|switch|p1a: Miraidon|Miraidon, L50|100/100\n|-fieldstart|move: Electric Terrain|[from] ability: Hadron Engine|[of] p1a: Miraidon\n|turn|3\n|\n|t:|1768653318\n|move|p2a: Tripitz|Protect|p2a: Tripitz\n|-singleturn|p2a: Tripitz|Protect\n|move|p1a: Miraidon|Electro Drift|p2a: Tripitz\n|-activate|p2a: Tripitz|move: Protect\n|move|p2b: Eva|Triple Axel|p1a: Miraidon\n|-supereffective|p1a: Miraidon\n|-damage|p1a: Miraidon|88/100\n|-supereffective|p1a: Miraidon\n|-damage|p1a: Miraidon|60/100\n|-supereffective|p1a: Miraidon\n|-damage|p1a: Miraidon|20/100\n|-hitcount|p1a: Miraidon|3\n|move|p1b: Calyrex|Glacial Lance|p2a: Tripitz|[spread] p2b\n|-activate|p2a: Tripitz|move: Protect\n|-resisted|p2b: Eva\n|-damage|p2b: Eva|35/100\n|\n|-weather|RainDance|[upkeep]\n|upkeep\n|turn|4\n|\n|t:|1768653340\n|move|p1a: Miraidon|Electro Drift|p2a: Tripitz\n|-supereffective|p2a: Tripitz\n|-damage|p2a: Tripitz|0 fnt\n|faint|p2a: Tripitz\n|move|p2b: Eva|Triple Axel|p1a: Miraidon\n|-supereffective|p1a: Miraidon\n|-damage|p1a: Miraidon|6/100\n|-supereffective|p1a: Miraidon\n|-damage|p1a: Miraidon|0 fnt\n|faint|p1a: Miraidon\n|-hitcount|p1: Miraidon|2\n|move|p1b: Calyrex|Glacial Lance|p2b: Eva\n|-resisted|p2b: Eva\n|-damage|p2b: Eva|0 fnt\n|faint|p2b: Eva\n|-ability|p1b: Calyrex|Chilling Neigh|boost\n|-boost|p1b: Calyrex|atk|1\n|\n|-weather|RainDance|[upkeep]\n|upkeep\n|\n|t:|1768653359\n|switch|p1a: Smeargle|Smeargle, L50, M|100/100\n|switch|p2a: Ludwig|Calyrex-Shadow, L50|100/100\n|switch|p2b: Hermann|Kingambit, L50, M, shiny|100/100\n|-ability|p2a: Ludwig|As One\n|-ability|p2a: Ludwig|Unnerve\n|turn|5\n|\n|t:|1768653393\n|-terastallize|p1b: Calyrex|Water\n|move|p2a: Ludwig|Protect|p2a: Ludwig\n|-singleturn|p2a: Ludwig|Protect\n|move|p1a: Smeargle|Fake Out|p2b: Hermann\n|-resisted|p2b: Hermann\n|-damage|p2b: Hermann|98/100\n|move|p1b: Calyrex|Glacial Lance|p2a: Ludwig|[spread] p2b\n|-activate|p2a: Ludwig|move: Protect\n|-resisted|p2b: Hermann\n|-damage|p2b: Hermann|65/100\n|cant|p2b: Hermann|flinch\n|\n|-weather|none\n|upkeep\n|turn|6\n|\n|t:|1768653411\n|move|p1a: Smeargle|Wide Guard|p1a: Smeargle\n|-singleturn|p1a: Smeargle|Wide Guard\n|move|p2a: Ludwig|Psychic|p1a: Smeargle\n|-enditem|p1a: Smeargle|Focus Sash\n|-damage|p1a: Smeargle|1/100\n|move|p1b: Calyrex|High Horsepower|p2b: Hermann\n|-supereffective|p2b: Hermann\n|-damage|p2b: Hermann|0 fnt\n|faint|p2b: Hermann\n|-ability|p1b: Calyrex|Chilling Neigh|boost\n|-boost|p1b: Calyrex|atk|1\n|\n|upkeep\n|turn|7\n|\n|t:|1768653431\n|move|p1a: Smeargle|Wide Guard|p1a: Smeargle\n|-singleturn|p1a: Smeargle|Wide Guard\n|move|p2a: Ludwig|Psychic|p1a: Smeargle\n|-crit|p1a: Smeargle\n|-damage|p1a: Smeargle|0 fnt\n|faint|p1a: Smeargle\n|-ability|p2a: Ludwig|Grim Neigh|boost\n|-boost|p2a: Ludwig|spa|1\n|move|p1b: Calyrex|Glacial Lance|p2a: Ludwig\n|-enditem|p2a: Ludwig|Focus Sash\n|-damage|p2a: Ludwig|1/100\n|\n|-fieldend|move: Electric Terrain\n|upkeep\n|turn|8\n|\n|t:|1768653445\n|move|p2a: Ludwig|Astral Barrage|p1b: Calyrex\n|-damage|p1b: Calyrex|27/100\n|move|p1b: Calyrex|Glacial Lance|p2a: Ludwig\n|-damage|p2a: Ludwig|0 fnt\n|faint|p2a: Ludwig\n|\n|win|moyuanjie\n|raw|moyuanjie's rating: 1375 &rarr; <strong>1399</strong><br />(+24 for winning)\n|raw|marcxhenry's rating: 1451 &rarr; <strong>1427</strong><br />(-24 for losing)\n|l|\u2606marcxhenry\n|player|p2|\n|l|\u2606moyuanjie\n|player|p1|\n","uploadtime":1768653582,"views":22,"formatid":"gen9vgc2026regi","rating":1399,"private":0,"password":null}