{"id":"gen9vgc2026regi-2568972203","format":"[Gen 9] VGC 2026 Reg I","players":["Shagrathisbeast","soahmed"],"log":"|j|\u2606Shagrathisbeast\n|j|\u2606soahmed\n|t:|1774637501\n|gametype|doubles\n|player|p1|Shagrathisbeast|265|1489\n|player|p2|soahmed|backersf|1517\n|gen|9\n|tier|[Gen 9] VGC 2026 Reg I\n|rated|\n|rule|Species Clause: Limit one of each Pok\u00e9mon\n|rule|Item Clause: Limit 1 of each item\n|clearpoke\n|poke|p1|Kyogre, L50|\n|poke|p1|Regieleki, L50|\n|poke|p1|Ogerpon-Cornerstone, L50, F|\n|poke|p1|Indeedee-F, L50, F|\n|poke|p1|Calyrex-Ice, L50|\n|poke|p1|Landorus, L50, M|\n|poke|p2|Calyrex-Shadow, L50|\n|poke|p2|Zamazenta-*, L50|\n|poke|p2|Chien-Pao, L50|\n|poke|p2|Dragonite, L50, F|\n|poke|p2|Amoonguss, L50, M|\n|poke|p2|Ogerpon-Cornerstone, L50, F|\n|teampreview|4\n|inactive|Battle timer is ON: inactive players will automatically lose when time's up. (requested by soahmed)\n|\n|t:|1774637539\n|teamsize|p1|4\n|teamsize|p2|4\n|start\n|switch|p1a: Regieleki|Regieleki, L50|100/100\n|switch|p1b: Landorus|Landorus, L50, M|100/100\n|switch|p2a: Zamazenta|Zamazenta-Crowned, L50|100/100\n|switch|p2b: Chien-Pao|Chien-Pao, L50|100/100\n|-ability|p2b: Chien-Pao|Sword of Ruin\n|-ability|p2a: Zamazenta|Dauntless Shield|boost\n|-boost|p2a: Zamazenta|def|1\n|turn|1\n|inactive|Shagrathisbeast has 30 seconds left.\n|\n|t:|1774637567\n|-terastallize|p2a: Zamazenta|Dragon\n|move|p1b: Landorus|Protect|p1b: Landorus\n|-singleturn|p1b: Landorus|Protect\n|move|p1a: Regieleki|Thunderbolt|p2b: Chien-Pao\n|-damage|p2b: Chien-Pao|58/100\n|-status|p2b: Chien-Pao|par\n|move|p2a: Zamazenta|Body Press|p1a: Regieleki\n|-enditem|p1a: Regieleki|Focus Sash\n|-damage|p1a: Regieleki|1/100\n|cant|p2b: Chien-Pao|par\n|\n|upkeep\n|turn|2\n|inactive|Shagrathisbeast has 30 seconds left.\n|\n|t:|1774637597\n|move|p1a: Regieleki|Protect|p1a: Regieleki\n|-singleturn|p1a: Regieleki|Protect\n|move|p2b: Chien-Pao|Ice Shard|p1b: Landorus\n|-supereffective|p1b: Landorus\n|-damage|p1b: Landorus|7/100\n|move|p2a: Zamazenta|Body Press|p1b: Landorus\n|-resisted|p1b: Landorus\n|-damage|p1b: Landorus|0 fnt\n|faint|p1b: Landorus\n|\n|upkeep\n|inactive|Shagrathisbeast has 30 seconds left.\n|inactive|Shagrathisbeast has 20 seconds left.\n|\n|t:|1774637633\n|switch|p1b: Calyrex|Calyrex-Ice, L50|100/100\n|-ability|p1b: Calyrex|As One\n|-ability|p1b: Calyrex|Unnerve\n|turn|3\n|inactive|soahmed has 30 seconds left.\n|\n|t:|1774637667\n|cant|p2b: Chien-Pao|par\n|move|p1a: Regieleki|Volt Switch|p2b: Chien-Pao\n|-damage|p2b: Chien-Pao|23/100 par\n|\n|t:|1774637672\n|switch|p1a: Kyogre|Kyogre, L50, shiny|100/100|[from] Volt Switch\n|-weather|RainDance|[from] ability: Drizzle|[of] p1a: Kyogre\n|move|p2a: Zamazenta|Body Press|p1b: Calyrex\n|-damage|p1b: Calyrex|49/100\n|move|p1b: Calyrex|Trick Room|p1b: Calyrex\n|-fieldstart|move: Trick Room|[of] p1b: Calyrex\n|\n|-weather|RainDance|[upkeep]\n|upkeep\n|turn|4\n|inactive|soahmed has 30 seconds left.\n|inactive|soahmed has 20 seconds left.\n|inactive|soahmed has 15 seconds left.\n|inactive|soahmed has 10 seconds left.\n|inactive|soahmed has 5 seconds left.\n|\n|t:|1774637726\n|-terastallize|p1b: Calyrex|Dragon\n|move|p2a: Zamazenta|Wide Guard|p2a: Zamazenta\n|-singleturn|p2a: Zamazenta|Wide Guard\n|move|p1b: Calyrex|High Horsepower|p2b: Chien-Pao\n|-damage|p2b: Chien-Pao|0 fnt\n|faint|p2b: Chien-Pao\n|-ability|p1b: Calyrex|Chilling Neigh|boost\n|-boost|p1b: Calyrex|atk|1\n|move|p1a: Kyogre|Water Spout|p2a: Zamazenta\n|-activate|p2a: Zamazenta|move: Wide Guard\n|\n|-weather|RainDance|[upkeep]\n|upkeep\n|\n|t:|1774637751\n|switch|p2b: Calyrex|Calyrex-Shadow, L50|100/100\n|-ability|p2b: Calyrex|As One\n|-ability|p2b: Calyrex|Unnerve\n|turn|5\n|\n|t:|1774637762\n|move|p2b: Calyrex|Protect|p2b: Calyrex\n|-singleturn|p2b: Calyrex|Protect\n|move|p1b: Calyrex|High Horsepower|p2b: Calyrex\n|-activate|p2b: Calyrex|move: Protect\n|move|p1a: Kyogre|Hydro Pump|p2b: Calyrex\n|-activate|p2b: Calyrex|move: Protect\n|move|p2a: Zamazenta|Body Press|p1b: Calyrex\n|-damage|p1b: Calyrex|7/100\n|\n|-weather|RainDance|[upkeep]\n|upkeep\n|turn|6\n|inactive|Shagrathisbeast has 30 seconds left.\n|inactive|soahmed has 30 seconds left.\n|\n|t:|1774637796\n|switch|p2b: Ogerpon|Ogerpon-Cornerstone, L50, F|100/100\n|move|p2a: Zamazenta|Protect|p2a: Zamazenta\n|-singleturn|p2a: Zamazenta|Protect\n|move|p1b: Calyrex|Glacial Lance|p2a: Zamazenta|[spread] p2b\n|-activate|p2a: Zamazenta|move: Protect\n|-supereffective|p2b: Ogerpon\n|-crit|p2b: Ogerpon\n|-ability|p2b: Ogerpon|Sturdy\n|-damage|p2b: Ogerpon|1/100\n|move|p1a: Kyogre|Hydro Pump|p2b: Ogerpon\n|-damage|p2b: Ogerpon|0 fnt\n|faint|p2b: Ogerpon\n|\n|-weather|RainDance|[upkeep]\n|upkeep\n|\n|t:|1774637809\n|switch|p2b: Calyrex|Calyrex-Shadow, L50|100/100\n|-ability|p2b: Calyrex|As One\n|-ability|p2b: Calyrex|Unnerve\n|turn|7\n|\n|t:|1774637830\n|switch|p1a: Regieleki|Regieleki, L50|1/100\n|move|p1b: Calyrex|Glacial Lance|p2a: Zamazenta|[spread] p2a,p2b\n|-supereffective|p2a: Zamazenta\n|-damage|p2a: Zamazenta|34/100\n|-enditem|p2b: Calyrex|Focus Sash\n|-damage|p2b: Calyrex|1/100\n|move|p2a: Zamazenta|Body Press|p1a: Regieleki\n|-damage|p1a: Regieleki|0 fnt\n|faint|p1a: Regieleki\n|move|p2b: Calyrex|Astral Barrage|p1b: Calyrex\n|-damage|p1b: Calyrex|0 fnt\n|faint|p1b: Calyrex\n|-ability|p2b: Calyrex|Grim Neigh|boost\n|-boost|p2b: Calyrex|spa|1\n|\n|-weather|none\n|-fieldend|move: Trick Room\n|upkeep\n|c|\u2606Shagrathisbeast|are you good\n|-message|Shagrathisbeast forfeited.\n|\n|win|soahmed\n|raw|Shagrathisbeast's rating: 1489 &rarr; <strong>1471</strong><br />(-18 for losing)\n|raw|soahmed's rating: 1517 &rarr; <strong>1535</strong><br />(+18 for winning)\n|l|\u2606Shagrathisbeast\n|player|p1|\n|c|\u2606soahmed|no :(\n|l|\u2606soahmed\n|player|p2|\n","uploadtime":1774638079,"views":14,"formatid":"gen9vgc2026regi","rating":1471,"private":0,"password":null}