{"id":"gen9vgc2026regi-2539610386","format":"[Gen 9] VGC 2026 Reg I","players":["Afhdx","SEITA"],"log":"|j|\u2606Afhdx\n|j|\u2606SEITA\n|t:|1771087385\n|gametype|doubles\n|player|p1|Afhdx|265|1130\n|player|p2|SEITA|lucas-gen4pt|1248\n|gen|9\n|tier|[Gen 9] VGC 2026 Reg I\n|rated|\n|rule|Species Clause: Limit one of each Pok\u00e9mon\n|rule|Item Clause: Limit 1 of each item\n|clearpoke\n|poke|p1|Flutter Mane, L50|\n|poke|p1|Tornadus, L50, M|\n|poke|p1|Incineroar, L50, F|\n|poke|p1|Calyrex-Shadow, L50|\n|poke|p1|Clefairy, L50, F|\n|poke|p1|Palkia-Origin, L50|\n|poke|p2|Zamazenta-*, L50|\n|poke|p2|Kyogre, L50|\n|poke|p2|Wo-Chien, L50|\n|poke|p2|Grimmsnarl, L50, M|\n|poke|p2|Landorus, L50, M|\n|poke|p2|Ditto, L50|\n|teampreview|4\n|\n|t:|1771087401\n|teamsize|p1|4\n|teamsize|p2|4\n|start\n|switch|p1a: Palkia|Palkia-Origin, L50|100/100\n|switch|p1b: Clefairy|Clefairy, L50, F|100/100\n|switch|p2a: Grimmsnarl|Grimmsnarl, L50, M|100/100\n|switch|p2b: Zamazenta|Zamazenta-Crowned, L50|100/100\n|-ability|p2b: Zamazenta|Dauntless Shield|boost\n|-boost|p2b: Zamazenta|def|1\n|-ability|p1a: Palkia|Pressure\n|turn|1\n|\n|t:|1771087418\n|-terastallize|p1a: Palkia|Water\n|move|p1b: Clefairy|Helping Hand|p1a: Palkia\n|-singleturn|p1a: Palkia|Helping Hand|[of] p1b: Clefairy\n|move|p2a: Grimmsnarl|Light Screen|p2a: Grimmsnarl\n|-sidestart|p2: SEITA|move: Light Screen\n|move|p2b: Zamazenta|Iron Defense|p2b: Zamazenta\n|-boost|p2b: Zamazenta|def|2\n|move|p1a: Palkia|Hydro Pump|p2b: Zamazenta\n|-damage|p2b: Zamazenta|31/100\n|\n|upkeep\n|turn|2\n|\n|t:|1771087443\n|move|p2b: Zamazenta|Protect|p2b: Zamazenta\n|-singleturn|p2b: Zamazenta|Protect\n|move|p1a: Palkia|Protect|p1a: Palkia\n|-singleturn|p1a: Palkia|Protect\n|move|p1b: Clefairy|Protect|p1b: Clefairy\n|-singleturn|p1b: Clefairy|Protect\n|move|p2a: Grimmsnarl|Parting Shot|p1a: Palkia\n|-activate|p1a: Palkia|move: Protect\n|\n|upkeep\n|turn|3\n|\n|t:|1771087483\n|-terastallize|p2b: Zamazenta|Grass\n|move|p1b: Clefairy|Helping Hand|p1a: Palkia\n|-singleturn|p1a: Palkia|Helping Hand|[of] p1b: Clefairy\n|move|p2a: Grimmsnarl|Parting Shot|p1a: Palkia\n|-unboost|p1a: Palkia|atk|1\n|-unboost|p1a: Palkia|spa|1\n|\n|t:|1771087491\n|switch|p2a: Wo-Chien|Wo-Chien, L50|100/100|[from] Parting Shot\n|-ability|p2a: Wo-Chien|Tablets of Ruin\n|move|p2b: Zamazenta|Behemoth Bash|p1b: Clefairy\n|-supereffective|p1b: Clefairy\n|-damage|p1b: Clefairy|50/100\n|move|p1a: Palkia|Hydro Pump|p2b: Zamazenta|[miss]\n|-miss|p1a: Palkia|p2b: Zamazenta\n|\n|upkeep\n|turn|4\n|\n|t:|1771087520\n|move|p1b: Clefairy|Helping Hand|p1a: Palkia\n|-singleturn|p1a: Palkia|Helping Hand|[of] p1b: Clefairy\n|move|p2b: Zamazenta|Behemoth Bash|p1b: Clefairy\n|-supereffective|p1b: Clefairy\n|-crit|p1b: Clefairy\n|-damage|p1b: Clefairy|0 fnt\n|faint|p1b: Clefairy\n|move|p1a: Palkia|Spacial Rend|p2b: Zamazenta\n|-damage|p2b: Zamazenta|0 fnt\n|faint|p2b: Zamazenta\n|move|p2a: Wo-Chien|Pollen Puff|p2: Zamazenta|[notarget]\n|-fail|p2a: Wo-Chien\n|\n|upkeep\n|\n|t:|1771087535\n|switch|p2b: Grimmsnarl|Grimmsnarl, L50, M|100/100\n|switch|p1b: Incineroar|Incineroar, L50, F, shiny|100/100\n|-ability|p1b: Incineroar|Intimidate|boost\n|-unboost|p2a: Wo-Chien|atk|1\n|-unboost|p2b: Grimmsnarl|atk|1\n|turn|5\n|\n|t:|1771087553\n|switch|p1a: Calyrex|Calyrex-Shadow, L50|100/100\n|-ability|p1a: Calyrex|As One\n|-ability|p1a: Calyrex|Unnerve\n|move|p1b: Incineroar|Fake Out|p2b: Grimmsnarl\n|-damage|p2b: Grimmsnarl|92/100\n|cant|p2b: Grimmsnarl|flinch\n|move|p2a: Wo-Chien|Leech Seed|p1a: Calyrex\n|-start|p1a: Calyrex|move: Leech Seed\n|\n|-damage|p1a: Calyrex|88/100|[from] Leech Seed|[of] p2a: Wo-Chien\n|upkeep\n|turn|6\n|\n|t:|1771087584\n|move|p2b: Grimmsnarl|Reflect|p2b: Grimmsnarl\n|-sidestart|p2: SEITA|Reflect\n|move|p1a: Calyrex|Astral Barrage|p2b: Grimmsnarl|[spread] p2a,p2b\n|-resisted|p2a: Wo-Chien\n|-resisted|p2b: Grimmsnarl\n|-damage|p2a: Wo-Chien|84/100\n|-damage|p2b: Grimmsnarl|65/100\n|-damage|p1a: Calyrex|79/100|[from] item: Life Orb\n|move|p2a: Wo-Chien|Leech Seed|p1b: Incineroar\n|-start|p1b: Incineroar|move: Leech Seed\n|move|p1b: Incineroar|Flare Blitz|p2a: Wo-Chien\n|-supereffective|p2a: Wo-Chien\n|-damage|p2a: Wo-Chien|41/100\n|-damage|p1b: Incineroar|84/100|[from] Recoil\n|\n|-damage|p1a: Calyrex|67/100|[from] Leech Seed|[of] p2a: Wo-Chien\n|-heal|p2a: Wo-Chien|55/100|[silent]\n|-damage|p1b: Incineroar|72/100|[from] Leech Seed|[of] p2a: Wo-Chien\n|-heal|p2a: Wo-Chien|69/100|[silent]\n|upkeep\n|turn|7\n|\n|t:|1771087613\n|move|p2a: Wo-Chien|Protect|p2a: Wo-Chien\n|-singleturn|p2a: Wo-Chien|Protect\n|move|p2b: Grimmsnarl|Parting Shot|p1a: Calyrex\n|-unboost|p1a: Calyrex|atk|1\n|-unboost|p1a: Calyrex|spa|1\n|\n|t:|1771087619\n|switch|p2b: Kyogre|Kyogre, L50|100/100|[from] Parting Shot\n|-weather|RainDance|[from] ability: Drizzle|[of] p2b: Kyogre\n|move|p1a: Calyrex|Astral Barrage|p2a: Wo-Chien|[spread] p2b\n|-activate|p2a: Wo-Chien|move: Protect\n|-damage|p2b: Kyogre|80/100\n|-damage|p1a: Calyrex|57/100|[from] item: Life Orb\n|move|p1b: Incineroar|Flare Blitz|p2a: Wo-Chien\n|-activate|p2a: Wo-Chien|move: Protect\n|\n|-weather|RainDance|[upkeep]\n|-heal|p2b: Kyogre|86/100|[from] item: Leftovers\n|-damage|p1a: Calyrex|45/100|[from] Leech Seed|[of] p2a: Wo-Chien\n|-heal|p2a: Wo-Chien|83/100|[silent]\n|-damage|p1b: Incineroar|59/100|[from] Leech Seed|[of] p2a: Wo-Chien\n|-heal|p2a: Wo-Chien|97/100|[silent]\n|upkeep\n|turn|8\n|\n|t:|1771087651\n|switch|p1a: Palkia|Palkia-Origin, L50, tera:Water|100/100\n|-ability|p1a: Palkia|Pressure\n|move|p1b: Incineroar|Protect|p1b: Incineroar\n|-singleturn|p1b: Incineroar|Protect\n|move|p2a: Wo-Chien|Leech Seed|p1b: Incineroar\n|-activate|p1b: Incineroar|move: Protect\n|move|p2b: Kyogre|Thunder|p1b: Incineroar\n|-activate|p1b: Incineroar|move: Protect\n|\n|-weather|RainDance|[upkeep]\n|-heal|p2b: Kyogre|92/100|[from] item: Leftovers\n|-damage|p1b: Incineroar|47/100|[from] Leech Seed|[of] p2a: Wo-Chien\n|-heal|p2a: Wo-Chien|100/100|[silent]\n|-sideend|p2: SEITA|move: Light Screen\n|upkeep\n|turn|9\n|\n|t:|1771087677\n|switch|p1b: Calyrex|Calyrex-Shadow, L50|45/100\n|-ability|p1b: Calyrex|As One\n|-ability|p1b: Calyrex|Unnerve\n|move|p1a: Palkia|Spacial Rend|p2b: Kyogre\n|-damage|p2b: Kyogre|44/100\n|move|p2a: Wo-Chien|Leech Seed|p1a: Palkia\n|-start|p1a: Palkia|move: Leech Seed\n|move|p2b: Kyogre|Origin Pulse|p1b: Calyrex|[spread] p1b\n|-miss|p2b: Kyogre|p1a: Palkia\n|-damage|p1b: Calyrex|0 fnt\n|faint|p1b: Calyrex\n|\n|-weather|RainDance|[upkeep]\n|-heal|p2b: Kyogre|50/100|[from] item: Leftovers\n|-damage|p1a: Palkia|88/100|[from] Leech Seed|[of] p2a: Wo-Chien\n|upkeep\n|\n|t:|1771087697\n|switch|p1b: Incineroar|Incineroar, L50, F, shiny|47/100\n|-ability|p1b: Incineroar|Intimidate|boost\n|-unboost|p2a: Wo-Chien|atk|1\n|-unboost|p2b: Kyogre|atk|1\n|turn|10\n|\n|t:|1771087710\n|move|p2a: Wo-Chien|Protect|p2a: Wo-Chien\n|-singleturn|p2a: Wo-Chien|Protect\n|move|p2b: Kyogre|Protect|p2b: Kyogre\n|-singleturn|p2b: Kyogre|Protect\n|move|p1b: Incineroar|Fake Out|p2a: Wo-Chien\n|-activate|p2a: Wo-Chien|move: Protect\n|move|p1a: Palkia|Thunderbolt|p2b: Kyogre\n|-activate|p2b: Kyogre|move: Protect\n|\n|-weather|RainDance|[upkeep]\n|-heal|p2b: Kyogre|56/100|[from] item: Leftovers\n|-damage|p1a: Palkia|76/100|[from] Leech Seed|[of] p2a: Wo-Chien\n|upkeep\n|turn|11\n|\n|t:|1771087744\n|move|p1b: Incineroar|Protect|p1b: Incineroar\n|-singleturn|p1b: Incineroar|Protect\n|move|p1a: Palkia|Thunderbolt|p2b: Kyogre\n|-supereffective|p2b: Kyogre\n|-crit|p2b: Kyogre\n|-damage|p2b: Kyogre|0 fnt\n|faint|p2b: Kyogre\n|move|p2a: Wo-Chien|Leech Seed|p1b: Incineroar\n|-activate|p1b: Incineroar|move: Protect\n|\n|-weather|none\n|-damage|p1a: Palkia|64/100|[from] Leech Seed|[of] p2a: Wo-Chien\n|upkeep\n|\n|t:|1771087757\n|switch|p2b: Grimmsnarl|Grimmsnarl, L50, M|65/100\n|turn|12\n|\n|t:|1771087771\n|move|p2b: Grimmsnarl|Light Screen|p2b: Grimmsnarl\n|-sidestart|p2: SEITA|move: Light Screen\n|move|p1a: Palkia|Spacial Rend|p2a: Wo-Chien\n|-damage|p2a: Wo-Chien|65/100\n|move|p2a: Wo-Chien|Leech Seed|p1b: Incineroar\n|-start|p1b: Incineroar|move: Leech Seed\n|move|p1b: Incineroar|Flare Blitz|p2a: Wo-Chien\n|-supereffective|p2a: Wo-Chien\n|-damage|p2a: Wo-Chien|21/100\n|-damage|p1b: Incineroar|30/100|[from] Recoil\n|\n|-damage|p1a: Palkia|52/100|[from] Leech Seed|[of] p2a: Wo-Chien\n|-heal|p2a: Wo-Chien|34/100|[silent]\n|-damage|p1b: Incineroar|18/100|[from] Leech Seed|[of] p2a: Wo-Chien\n|-heal|p2a: Wo-Chien|48/100|[silent]\n|upkeep\n|turn|13\n|\n|t:|1771087793\n|move|p2a: Wo-Chien|Protect|p2a: Wo-Chien\n|-singleturn|p2a: Wo-Chien|Protect\n|move|p2b: Grimmsnarl|Parting Shot|p1a: Palkia\n|-unboost|p1a: Palkia|atk|1\n|-unboost|p1a: Palkia|spa|1\n|move|p1a: Palkia|Spacial Rend|p2a: Wo-Chien\n|-activate|p2a: Wo-Chien|move: Protect\n|move|p1b: Incineroar|Flare Blitz|p2a: Wo-Chien\n|-activate|p2a: Wo-Chien|move: Protect\n|\n|-damage|p1a: Palkia|40/100|[from] Leech Seed|[of] p2a: Wo-Chien\n|-heal|p2a: Wo-Chien|62/100|[silent]\n|-damage|p1b: Incineroar|6/100|[from] Leech Seed|[of] p2a: Wo-Chien\n|-heal|p2a: Wo-Chien|76/100|[silent]\n|-sideend|p2: SEITA|Reflect\n|upkeep\n|turn|14\n|\n|t:|1771087827\n|move|p1a: Palkia|Spacial Rend|p2a: Wo-Chien\n|-damage|p2a: Wo-Chien|50/100\n|move|p2a: Wo-Chien|Pollen Puff|p1b: Incineroar\n|-damage|p1b: Incineroar|0 fnt\n|faint|p1b: Incineroar\n|move|p2b: Grimmsnarl|Spirit Break|p1a: Palkia\n|-damage|p1a: Palkia|16/100\n|-unboost|p1a: Palkia|spa|1\n|\n|-damage|p1a: Palkia|4/100|[from] Leech Seed|[of] p2a: Wo-Chien\n|-heal|p2a: Wo-Chien|64/100|[silent]\n|upkeep\n|turn|15\n|\n|t:|1771087846\n|move|p2a: Wo-Chien|Protect|p2a: Wo-Chien\n|-singleturn|p2a: Wo-Chien|Protect\n|move|p2b: Grimmsnarl|Parting Shot|p1a: Palkia\n|-unboost|p1a: Palkia|atk|1\n|-unboost|p1a: Palkia|spa|1\n|move|p1a: Palkia|Hydro Pump|p2b: Grimmsnarl|[miss]\n|-miss|p1a: Palkia|p2b: Grimmsnarl\n|\n|-damage|p1a: Palkia|0 fnt|[from] Leech Seed|[of] p2a: Wo-Chien\n|-heal|p2a: Wo-Chien|67/100|[silent]\n|faint|p1a: Palkia\n|\n|win|SEITA\n|raw|Afhdx's rating: 1130 &rarr; <strong>1113</strong><br />(-17 for losing)\n|raw|SEITA's rating: 1248 &rarr; <strong>1265</strong><br />(+17 for winning)\n|l|\u2606Afhdx\n|player|p1|\n","uploadtime":1771087870,"views":45,"formatid":"gen9vgc2026regi","rating":1113,"private":0,"password":null}