{"id":"gen9vgc2026regi-2577583408","format":"[Gen 9] VGC 2026 Reg I","players":["ritovic10","itastelikeiron"],"log":"|j|\u2606ritovic10\n|j|\u2606itastelikeiron\n|t:|1775587837\n|gametype|doubles\n|player|p1|ritovic10|blaine|1467\n|player|p2|itastelikeiron|infielder|1595\n|gen|9\n|tier|[Gen 9] VGC 2026 Reg I\n|rated|\n|rule|Species Clause: Limit one of each Pok\u00e9mon\n|rule|Item Clause: Limit 1 of each item\n|clearpoke\n|poke|p1|Roaring Moon, L50|\n|poke|p1|Zacian-*, L50|\n|poke|p1|Chien-Pao, L50|\n|poke|p1|Groudon, L50|\n|poke|p1|Tornadus, L50, M|\n|poke|p1|Ogerpon-Hearthflame, L50, F|\n|poke|p2|Kyogre, L50|\n|poke|p2|Zacian-*, L50|\n|poke|p2|Incineroar, L50, F|\n|poke|p2|Raichu, L50, F|\n|poke|p2|Volcarona, L50, F|\n|poke|p2|Flutter Mane, L50|\n|teampreview|4\n|\n|t:|1775587893\n|teamsize|p1|4\n|teamsize|p2|4\n|start\n|switch|p1a: Zacian|Zacian-Crowned, L50|100/100\n|switch|p1b: Tornadus|Tornadus, L50, M|100/100\n|switch|p2a: Incineroar|Incineroar, L50, F|100/100\n|switch|p2b: Zacian|Zacian-Crowned, L50|100/100\n|-ability|p1a: Zacian|Intrepid Sword|boost\n|-boost|p1a: Zacian|atk|1\n|-ability|p2b: Zacian|Intrepid Sword|boost\n|-boost|p2b: Zacian|atk|1\n|-ability|p2a: Incineroar|Intimidate|boost\n|-unboost|p1a: Zacian|atk|1\n|-unboost|p1b: Tornadus|atk|1\n|turn|1\n|\n|t:|1775587928\n|move|p1b: Tornadus|Protect|p1b: Tornadus\n|-singleturn|p1b: Tornadus|Protect\n|move|p2a: Incineroar|Fake Out|p1a: Zacian\n|-resisted|p1a: Zacian\n|-damage|p1a: Zacian|96/100\n|cant|p1a: Zacian|flinch\n|move|p2b: Zacian|Behemoth Blade|p1b: Tornadus\n|-activate|p1b: Tornadus|move: Protect\n|\n|upkeep\n|turn|2\n|\n|t:|1775587937\n|move|p1b: Tornadus|Tailwind|p1b: Tornadus\n|-sidestart|p1: ritovic10|move: Tailwind\n|move|p1a: Zacian|Behemoth Blade|p2b: Zacian\n|-damage|p2b: Zacian|52/100\n|move|p2b: Zacian|Behemoth Blade|p1b: Tornadus\n|-damage|p1b: Tornadus|0 fnt\n|faint|p1b: Tornadus\n|move|p2a: Incineroar|Parting Shot|p1a: Zacian\n|-unboost|p1a: Zacian|atk|1\n|-unboost|p1a: Zacian|spa|1\n|\n|t:|1775587947\n|switch|p2a: Flutter Mane|Flutter Mane, L50|100/100|[from] Parting Shot\n|\n|upkeep\n|\n|t:|1775587950\n|switch|p1b: Groudon|Groudon, L50|100/100\n|-weather|SunnyDay|[from] ability: Drought|[of] p1b: Groudon\n|-activate|p2a: Flutter Mane|ability: Protosynthesis\n|-start|p2a: Flutter Mane|protosynthesisspe\n|turn|3\n|\n|t:|1775587970\n|move|p2b: Zacian|Protect|p2b: Zacian\n|-singleturn|p2b: Zacian|Protect\n|move|p1a: Zacian|Behemoth Blade|p2a: Flutter Mane\n|-supereffective|p2a: Flutter Mane\n|-enditem|p2a: Flutter Mane|Focus Sash\n|-damage|p2a: Flutter Mane|1/100\n|move|p2a: Flutter Mane|Icy Wind|p1b: Groudon|[spread] p1a,p1b\n|-resisted|p1a: Zacian\n|-supereffective|p1b: Groudon\n|-damage|p1a: Zacian|89/100\n|-damage|p1b: Groudon|83/100\n|-unboost|p1a: Zacian|spe|1\n|-unboost|p1b: Groudon|spe|1\n|move|p1b: Groudon|Precipice Blades|p2b: Zacian|[spread] p2a\n|-activate|p2b: Zacian|move: Protect\n|-damage|p2a: Flutter Mane|0 fnt\n|faint|p2a: Flutter Mane\n|-end|p2a: Flutter Mane|Protosynthesis|[silent]\n|\n|-weather|SunnyDay|[upkeep]\n|upkeep\n|\n|t:|1775587982\n|switch|p2a: Incineroar|Incineroar, L50, F|100/100\n|-ability|p2a: Incineroar|Intimidate|boost\n|-unboost|p1a: Zacian|atk|1\n|-unboost|p1b: Groudon|atk|1\n|turn|4\n|\n|t:|1775587996\n|switch|p1a: Ogerpon|Ogerpon-Hearthflame, L50, F|100/100\n|-ability|p1a: Ogerpon|Mold Breaker\n|move|p2a: Incineroar|Fake Out|p1b: Groudon\n|-damage|p1b: Groudon|75/100\n|move|p2b: Zacian|Behemoth Blade|p1a: Ogerpon\n|-resisted|p1a: Ogerpon\n|-damage|p1a: Ogerpon|43/100\n|cant|p1b: Groudon|flinch\n|\n|-weather|SunnyDay|[upkeep]\n|upkeep\n|turn|5\n|\n|t:|1775588009\n|-terastallize|p2a: Incineroar|Ghost\n|move|p2b: Zacian|Protect|p2b: Zacian\n|-singleturn|p2b: Zacian|Protect\n|move|p1a: Ogerpon|Ivy Cudgel|p2a: Incineroar|[anim] Ivy Cudgel Fire\n|-damage|p2a: Incineroar|39/100\n|move|p1b: Groudon|High Horsepower|p2a: Incineroar\n|-damage|p2a: Incineroar|6/100\n|-damage|p1b: Groudon|58/100|[from] item: Rocky Helmet|[of] p2a: Incineroar\n|move|p2a: Incineroar|Parting Shot|p1b: Groudon\n|-unboost|p1b: Groudon|atk|1\n|-unboost|p1b: Groudon|spa|1\n|\n|t:|1775588017\n|switch|p2a: Kyogre|Kyogre, L50|100/100|[from] Parting Shot\n|-weather|RainDance|[from] ability: Drizzle|[of] p2a: Kyogre\n|\n|-weather|RainDance|[upkeep]\n|-sideend|p1: ritovic10|move: Tailwind\n|upkeep\n|turn|6\n|\n|t:|1775588034\n|switch|p1b: Zacian|Zacian-Crowned, L50|89/100\n|move|p2a: Kyogre|Water Spout|p1a: Ogerpon|[spread] p1a,p1b\n|-damage|p1a: Ogerpon|0 fnt\n|-damage|p1b: Zacian|0 fnt\n|faint|p1a: Ogerpon\n|faint|p1b: Zacian\n|move|p2b: Zacian|Behemoth Blade|p1: Ogerpon|[notarget]\n|-fail|p2b: Zacian\n|\n|-weather|RainDance|[upkeep]\n|upkeep\n|\n|t:|1775588038\n|switch|p1a: Groudon|Groudon, L50|58/100\n|-weather|SunnyDay|[from] ability: Drought|[of] p1a: Groudon\n|turn|7\n|\n|t:|1775588045\n|switch|p2a: Incineroar|Incineroar, L50, F, tera:Ghost|6/100\n|-ability|p2a: Incineroar|Intimidate|boost\n|-unboost|p1a: Groudon|atk|1\n|move|p2b: Zacian|Protect|p2b: Zacian\n|-singleturn|p2b: Zacian|Protect\n|move|p1a: Groudon|Precipice Blades|p2b: Zacian|[spread] p2a\n|-activate|p2b: Zacian|move: Protect\n|-damage|p2a: Incineroar|0 fnt\n|faint|p2a: Incineroar\n|\n|-weather|SunnyDay|[upkeep]\n|upkeep\n|\n|t:|1775588047\n|switch|p2a: Kyogre|Kyogre, L50|100/100\n|-weather|RainDance|[from] ability: Drizzle|[of] p2a: Kyogre\n|turn|8\n|\n|t:|1775588051\n|-terastallize|p1a: Groudon|Dark\n|move|p2a: Kyogre|Water Spout|p1a: Groudon\n|-damage|p1a: Groudon|0 fnt\n|faint|p1a: Groudon\n|\n|win|itastelikeiron\n|raw|ritovic10's rating: 1467 &rarr; <strong>1454</strong><br />(-13 for losing)\n|raw|itastelikeiron's rating: 1595 &rarr; <strong>1608</strong><br />(+13 for winning)\n|l|\u2606ritovic10\n|player|p1|\n","uploadtime":1775588057,"views":9,"formatid":"gen9vgc2026regi","rating":1454,"private":0,"password":null}