{"id":"gen9vgc2026regi-2541931360","format":"[Gen 9] VGC 2026 Reg I","players":["lalo's pollos","Indeedee Follow"],"log":"|j|\u2606lalo's pollos\n|j|\u2606Indeedee Follow\n|t:|1771386412\n|gametype|doubles\n|player|p1|lalo's pollos|265|1469\n|player|p2|Indeedee Follow|101|1537\n|gen|9\n|tier|[Gen 9] VGC 2026 Reg I\n|rated|\n|rule|Species Clause: Limit one of each Pok\u00e9mon\n|rule|Item Clause: Limit 1 of each item\n|clearpoke\n|poke|p1|Zamazenta-*, L50|\n|poke|p1|Lunala, L50|\n|poke|p1|Rillaboom, L50, M|\n|poke|p1|Incineroar, L50, F|\n|poke|p1|Urshifu-*, L50, M|\n|poke|p1|Tornadus, L50, M|\n|poke|p2|Calyrex-Shadow, L50|\n|poke|p2|Zamazenta-*, L50|\n|poke|p2|Rillaboom, L50, F|\n|poke|p2|Clefairy, L50, M|\n|poke|p2|Tornadus, L50, M|\n|poke|p2|Smeargle, L50, M|\n|teampreview|4\n|inactive|Battle timer is ON: inactive players will automatically lose when time's up. (requested by Indeedee Follow)\n|inactive|Indeedee Follow has 60 seconds left.\n|\n|t:|1771386456\n|teamsize|p1|4\n|teamsize|p2|4\n|start\n|switch|p1a: Lunala|Lunala, L50|100/100\n|switch|p1b: Tornadus|Tornadus, L50, M|100/100\n|switch|p2a: Calyrex|Calyrex-Shadow, L50|100/100\n|switch|p2b: Zamazenta|Zamazenta-Crowned, L50, shiny|100/100\n|-ability|p2a: Calyrex|As One\n|-ability|p2a: Calyrex|Unnerve\n|-ability|p2b: Zamazenta|Dauntless Shield|boost\n|-boost|p2b: Zamazenta|def|1\n|turn|1\n|\n|t:|1771386470\n|move|p1a: Lunala|Protect|p1a: Lunala\n|-singleturn|p1a: Lunala|Protect\n|move|p2a: Calyrex|Astral Barrage|p1a: Lunala|[spread] p1b\n|-activate|p1a: Lunala|move: Protect\n|-enditem|p1b: Tornadus|Focus Sash\n|-damage|p1b: Tornadus|1/100\n|-damage|p2a: Calyrex|91/100|[from] item: Life Orb\n|move|p1b: Tornadus|Bleakwind Storm|p2a: Calyrex|[spread] p2a,p2b\n|-damage|p2a: Calyrex|56/100\n|-damage|p2b: Zamazenta|75/100\n|-unboost|p2a: Calyrex|spe|1\n|-unboost|p2b: Zamazenta|spe|1\n|move|p2b: Zamazenta|Heavy Slam|p1a: Lunala\n|-activate|p1a: Lunala|move: Protect\n|\n|upkeep\n|turn|2\n|\n|t:|1771386487\n|move|p1b: Tornadus|Bleakwind Storm|p2a: Calyrex|[spread] p2b\n|-miss|p1b: Tornadus|p2a: Calyrex\n|-damage|p2b: Zamazenta|50/100\n|move|p1a: Lunala|Moonblast|p2a: Calyrex\n|-damage|p2a: Calyrex|24/100\n|move|p2a: Calyrex|Astral Barrage|p1b: Tornadus|[spread] p1a,p1b\n|-supereffective|p1a: Lunala\n|-damage|p1a: Lunala|0 fnt\n|-damage|p1b: Tornadus|0 fnt\n|faint|p1a: Lunala\n|faint|p1b: Tornadus\n|-ability|p2a: Calyrex|Grim Neigh|boost\n|-boost|p2a: Calyrex|spa|2\n|-damage|p2a: Calyrex|15/100|[from] item: Life Orb\n|move|p2b: Zamazenta|Heavy Slam|p1: Lunala|[notarget]\n|-fail|p2b: Zamazenta\n|\n|upkeep\n|\n|t:|1771386493\n|switch|p1b: Urshifu|Urshifu-Rapid-Strike, L50, M|100/100\n|switch|p1a: Zamazenta|Zamazenta-Crowned, L50|100/100\n|-ability|p1a: Zamazenta|Dauntless Shield|boost\n|-boost|p1a: Zamazenta|def|1\n|turn|3\n|inactive|Indeedee Follow has 30 seconds left.\n|\n|t:|1771386525\n|-terastallize|p2b: Zamazenta|Grass\n|move|p1a: Zamazenta|Heavy Slam|p2a: Calyrex\n|-damage|p2a: Calyrex|0 fnt\n|faint|p2a: Calyrex\n|move|p1b: Urshifu|Surging Strikes|p2b: Zamazenta\n|-resisted|p2b: Zamazenta\n|-crit|p2b: Zamazenta\n|-damage|p2b: Zamazenta|43/100\n|-resisted|p2b: Zamazenta\n|-crit|p2b: Zamazenta\n|-damage|p2b: Zamazenta|35/100\n|-resisted|p2b: Zamazenta\n|-crit|p2b: Zamazenta\n|-damage|p2b: Zamazenta|27/100\n|-hitcount|p2b: Zamazenta|3\n|move|p2b: Zamazenta|Body Press|p1a: Zamazenta\n|-supereffective|p1a: Zamazenta\n|-damage|p1a: Zamazenta|43/100\n|\n|upkeep\n|\n|t:|1771386540\n|switch|p2a: Smeargle|Smeargle, L50, M, shiny|100/100\n|turn|4\n|\n|t:|1771386560\n|move|p1a: Zamazenta|Protect|p1a: Zamazenta\n|-singleturn|p1a: Zamazenta|Protect\n|move|p2a: Smeargle|Fake Out|p1a: Zamazenta\n|-activate|p1a: Zamazenta|move: Protect\n|move|p1b: Urshifu|Surging Strikes|p2a: Smeargle\n|-crit|p2a: Smeargle\n|-damage|p2a: Smeargle|43/100\n|-crit|p2a: Smeargle\n|-damage|p2a: Smeargle|0 fnt\n|faint|p2a: Smeargle\n|-hitcount|p2: Smeargle|2\n|move|p2b: Zamazenta|Body Press|p1b: Urshifu\n|-damage|p1b: Urshifu|33/100\n|\n|upkeep\n|\n|t:|1771386563\n|switch|p2a: Tornadus|Tornadus, L50, M, shiny|100/100\n|turn|5\n|inactive|lalo's pollos has 30 seconds left.\n|\n|t:|1771386589\n|-terastallize|p1b: Urshifu|Water\n|move|p1a: Zamazenta|Wide Guard|p1a: Zamazenta\n|-singleturn|p1a: Zamazenta|Wide Guard\n|move|p2a: Tornadus|Tailwind|p2a: Tornadus\n|-sidestart|p2: Indeedee Follow|move: Tailwind\n|move|p2b: Zamazenta|Body Press|p1b: Urshifu\n|-damage|p1b: Urshifu|0 fnt\n|faint|p1b: Urshifu\n|\n|upkeep\n|turn|6\n|-message|lalo's pollos forfeited.\n|\n|win|Indeedee Follow\n|raw|lalo&apos;s pollos's rating: 1469 &rarr; <strong>1453</strong><br />(-16 for losing)\n|raw|Indeedee Follow's rating: 1537 &rarr; <strong>1553</strong><br />(+16 for winning)\n|l|\u2606lalo's pollos\n|player|p1|\n|l|\u2606Indeedee Follow\n|player|p2|\n","uploadtime":1771386742,"views":29,"formatid":"gen9vgc2026regi","rating":1453,"private":0,"password":null}