{"id":"gen9vgc2026regi-2539494298","format":"[Gen 9] VGC 2026 Reg I","players":["Yancy0721\u56fe\u56fe\u72ac\u4fa0","Luca8"],"log":"|j|\u2606Yancy0721\u56fe\u56fe\u72ac\u4fa0\n|j|\u2606Luca8\n|t:|1771070442\n|gametype|doubles\n|player|p1|Yancy0721\u56fe\u56fe\u72ac\u4fa0|may-masters4|1385\n|player|p2|Luca8|flint|1302\n|gen|9\n|tier|[Gen 9] VGC 2026 Reg I\n|rated|\n|rule|Species Clause: Limit one of each Pok\u00e9mon\n|rule|Item Clause: Limit 1 of each item\n|clearpoke\n|poke|p1|Calyrex-Shadow, L50|\n|poke|p1|Zamazenta-*, L50|\n|poke|p1|Chien-Pao, L50|\n|poke|p1|Dragonite, L50, F|\n|poke|p1|Amoonguss, L50, F|\n|poke|p1|Ogerpon-Cornerstone, L50, F|\n|poke|p2|Whimsicott, L50, M|\n|poke|p2|Kyogre, L50|\n|poke|p2|Volcarona, L50, F|\n|poke|p2|Landorus, L50, M|\n|poke|p2|Lunala, L50|\n|poke|p2|Farigiraf, L50, F|\n|teampreview|4\n|\n|t:|1771070527\n|teamsize|p1|4\n|teamsize|p2|4\n|start\n|switch|p1a: Dragonite|Dragonite, L50, F|100/100\n|switch|p1b: Chien-Pao|Chien-Pao, L50|100/100\n|switch|p2a: Whimsicott|Whimsicott, L50, M|100/100\n|switch|p2b: Lunala|Lunala, L50|100/100\n|-ability|p1b: Chien-Pao|Sword of Ruin\n|turn|1\n|\n|t:|1771070557\n|-terastallize|p1a: Dragonite|Normal\n|move|p1a: Dragonite|Extreme Speed|p2b: Lunala\n|-immune|p2b: Lunala\n|move|p1b: Chien-Pao|Sucker Punch|p2b: Lunala\n|-supereffective|p2b: Lunala\n|-damage|p2b: Lunala|30/100\n|move|p2a: Whimsicott|Moonblast|p1b: Chien-Pao\n|-supereffective|p1b: Chien-Pao\n|-damage|p1b: Chien-Pao|38/100\n|move|p2b: Lunala|Meteor Beam||[still]\n|-prepare|p2b: Lunala|Meteor Beam\n|-boost|p2b: Lunala|spa|1\n|-enditem|p2b: Lunala|Power Herb\n|-anim|p2b: Lunala|Meteor Beam|p1b: Chien-Pao\n|-supereffective|p1b: Chien-Pao\n|-damage|p1b: Chien-Pao|0 fnt\n|faint|p1b: Chien-Pao\n|\n|upkeep\n|\n|t:|1771070576\n|switch|p1b: Calyrex|Calyrex-Shadow, L50|100/100\n|-ability|p1b: Calyrex|As One\n|-ability|p1b: Calyrex|Unnerve\n|turn|2\n|\n|t:|1771070586\n|switch|p2a: Farigiraf|Farigiraf, L50, F|100/100\n|-terastallize|p2b: Lunala|Normal\n|move|p1a: Dragonite|Extreme Speed||[still]\n|cant|p2a: Farigiraf|ability: Armor Tail|Extreme Speed|[of] p1a: Dragonite\n|move|p1b: Calyrex|Astral Barrage|p2b: Lunala|[spread] \n|-immune|p2a: Farigiraf\n|-immune|p2b: Lunala\n|move|p2b: Lunala|Moongeist Beam|p1b: Calyrex\n|-supereffective|p1b: Calyrex\n|-enditem|p1b: Calyrex|Focus Sash\n|-damage|p1b: Calyrex|1/100\n|\n|upkeep\n|turn|3\n|\n|t:|1771070619\n|switch|p1a: Ogerpon|Ogerpon-Cornerstone, L50, F|100/100\n|move|p1b: Calyrex|Psychic|p2b: Lunala\n|-damage|p2b: Lunala|0 fnt\n|faint|p2b: Lunala\n|-ability|p1b: Calyrex|Grim Neigh|boost\n|-boost|p1b: Calyrex|spa|1\n|move|p2a: Farigiraf|Expanding Force|p1b: Calyrex\n|-resisted|p1b: Calyrex\n|-damage|p1b: Calyrex|0 fnt\n|faint|p1b: Calyrex\n|\n|upkeep\n|\n|t:|1771070632\n|switch|p1b: Dragonite|Dragonite, L50, F, tera:Normal|100/100\n|switch|p2b: Kyogre|Kyogre, L50|100/100\n|-weather|RainDance|[from] ability: Drizzle|[of] p2b: Kyogre\n|turn|4\n|\n|t:|1771070641\n|move|p2b: Kyogre|Water Spout|p1b: Dragonite|[spread] p1a,p1b\n|-ability|p1a: Ogerpon|Sturdy\n|-damage|p1a: Ogerpon|1/100\n|-damage|p1b: Dragonite|9/100\n|move|p1a: Ogerpon|Power Whip|p2b: Kyogre|[miss]\n|-miss|p1a: Ogerpon|p2b: Kyogre\n|move|p1b: Dragonite|Outrage|p2a: Farigiraf\n|-damage|p2a: Farigiraf|0 fnt\n|faint|p2a: Farigiraf\n|\n|-weather|RainDance|[upkeep]\n|upkeep\n|\n|t:|1771070655\n|switch|p2a: Whimsicott|Whimsicott, L50, M|100/100\n|turn|5\n|-message|Yancy0721\u56fe\u56fe\u72ac\u4fa0 forfeited.\n|\n|win|Luca8\n|raw|Yancy0721\u56fe\u56fe\u72ac\u4fa0's rating: 1385 &rarr; <strong>1360</strong><br />(-25 for losing)\n|raw|Luca8's rating: 1302 &rarr; <strong>1327</strong><br />(+25 for winning)\n|l|\u2606Yancy0721\u56fe\u56fe\u72ac\u4fa0\n|player|p1|\n|l|\u2606Luca8\n|player|p2|\n","uploadtime":1771070917,"views":27,"formatid":"gen9vgc2026regi","rating":1327,"private":0,"password":null}