{"id":"gen9vgc2026regi-2545682237","format":"[Gen 9] VGC 2026 Reg I","players":["ryo8989","Tepig_nNz_498"],"log":"|j|\u2606ryo8989\n|j|\u203dTepig_nNz_498\n|t:|1771874826\n|gametype|doubles\n|player|p1|ryo8989|erika|1377\n|player|p2|Tepig_nNz_498|266|1376\n|gen|9\n|tier|[Gen 9] VGC 2026 Reg I\n|rated|\n|rule|Species Clause: Limit one of each Pok\u00e9mon\n|rule|Item Clause: Limit 1 of each item\n|clearpoke\n|poke|p1|Calyrex-Shadow, L50|\n|poke|p1|Zamazenta-*, L50|\n|poke|p1|Raging Bolt, L50|\n|poke|p1|Tornadus, L50, M|\n|poke|p1|Urshifu-*, L50, F|\n|poke|p1|Indeedee-F, L50, F|\n|poke|p2|Whimsicott, L50, F|\n|poke|p2|Reshiram, L50|\n|poke|p2|Incineroar, L50, M|\n|poke|p2|Lilligant-Hisui, L50, F|\n|poke|p2|Brute Bonnet, L50|\n|poke|p2|Koraidon, L50|\n|teampreview|4\n|inactive|Battle timer is ON: inactive players will automatically lose when time's up. (requested by Tepig_nNz_498)\n|\n|t:|1771874864\n|teamsize|p1|4\n|teamsize|p2|4\n|start\n|switch|p1a: Zamazenta|Zamazenta-Crowned, L50, shiny|100/100\n|switch|p1b: Tornadus|Tornadus, L50, M|100/100\n|switch|p2a: Whimsicott|Whimsicott, L50, F|100/100\n|switch|p2b: Koraidon|Koraidon, L50|100/100\n|-weather|SunnyDay|[from] ability: Orichalcum Pulse|[of] p2b: Koraidon\n|-activate|p2b: Koraidon|Orichalcum Pulse|[source]\n|-ability|p1a: Zamazenta|Dauntless Shield|boost\n|-boost|p1a: Zamazenta|def|1\n|turn|1\n|\n|t:|1771874884\n|switch|p1b: Urshifu|Urshifu-Rapid-Strike, L50, F|100/100\n|move|p2a: Whimsicott|Taunt|p1b: Urshifu\n|-start|p1b: Urshifu|move: Taunt\n|move|p2b: Koraidon|Flare Blitz|p1b: Urshifu\n|-resisted|p1b: Urshifu\n|-damage|p1b: Urshifu|57/100\n|-damage|p2b: Koraidon|85/100|[from] Recoil\n|move|p1a: Zamazenta|Heavy Slam|p2a: Whimsicott\n|-supereffective|p2a: Whimsicott\n|-damage|p2a: Whimsicott|0 fnt\n|faint|p2a: Whimsicott\n|\n|-weather|SunnyDay|[upkeep]\n|upkeep\n|\n|t:|1771874891\n|switch|p2a: Lilligant|Lilligant-Hisui, L50, F|100/100\n|turn|2\n|\n|t:|1771874906\n|move|p1a: Zamazenta|Protect|p1a: Zamazenta\n|-singleturn|p1a: Zamazenta|Protect\n|move|p2a: Lilligant|Solar Blade||[still]\n|-prepare|p2a: Lilligant|Solar Blade\n|-anim|p2a: Lilligant|Solar Blade|p1b: Urshifu\n|-supereffective|p1b: Urshifu\n|-crit|p1b: Urshifu\n|-damage|p1b: Urshifu|0 fnt\n|faint|p1b: Urshifu\n|move|p2b: Koraidon|Close Combat|p1a: Zamazenta\n|-activate|p1a: Zamazenta|move: Protect\n|\n|-weather|SunnyDay|[upkeep]\n|upkeep\n|\n|t:|1771874918\n|switch|p1b: Tornadus|Tornadus, L50, M|100/100\n|turn|3\n|\n|t:|1771874927\n|move|p1b: Tornadus|Rain Dance|p1b: Tornadus\n|-weather|RainDance\n|move|p2b: Koraidon|Close Combat|p1a: Zamazenta\n|-supereffective|p1a: Zamazenta\n|-damage|p1a: Zamazenta|54/100\n|-unboost|p2b: Koraidon|def|1\n|-unboost|p2b: Koraidon|spd|1\n|-enditem|p2b: Koraidon|Eject Pack\n|\n|t:|1771874931\n|switch|p2b: Reshiram|Reshiram, L50|100/100\n|-ability|p2b: Reshiram|Turboblaze\n|move|p2a: Lilligant|Sleep Powder|p1b: Tornadus|[miss]\n|-miss|p2a: Lilligant|p1b: Tornadus\n|move|p1a: Zamazenta|Body Press|p2b: Reshiram\n|-damage|p2b: Reshiram|46/100\n|\n|-weather|RainDance|[upkeep]\n|upkeep\n|turn|4\n|\n|t:|1771874949\n|move|p2b: Reshiram|Protect|p2b: Reshiram\n|-singleturn|p2b: Reshiram|Protect\n|move|p1b: Tornadus|Taunt|p2a: Lilligant\n|-start|p2a: Lilligant|move: Taunt\n|move|p2a: Lilligant|Close Combat|p1a: Zamazenta\n|-supereffective|p1a: Zamazenta\n|-damage|p1a: Zamazenta|8/100\n|-unboost|p2a: Lilligant|def|1\n|-unboost|p2a: Lilligant|spd|1\n|move|p1a: Zamazenta|Body Press|p2b: Reshiram\n|-activate|p2b: Reshiram|move: Protect\n|\n|-weather|RainDance|[upkeep]\n|upkeep\n|turn|5\n|inactive|Tepig_nNz_498 has 30 seconds left.\n|\n|t:|1771874978\n|switch|p2b: Koraidon|Koraidon, L50|85/100\n|-weather|SunnyDay|[from] ability: Orichalcum Pulse|[of] p2b: Koraidon\n|-activate|p2b: Koraidon|Orichalcum Pulse|[source]\n|move|p1b: Tornadus|Tailwind|p1b: Tornadus\n|-sidestart|p1: ryo8989|move: Tailwind\n|move|p2a: Lilligant|Close Combat|p1a: Zamazenta\n|-supereffective|p1a: Zamazenta\n|-damage|p1a: Zamazenta|0 fnt\n|-unboost|p2a: Lilligant|def|1\n|-unboost|p2a: Lilligant|spd|1\n|faint|p1a: Zamazenta\n|\n|-weather|SunnyDay|[upkeep]\n|upkeep\n|\n|t:|1771874993\n|switch|p1a: Calyrex|Calyrex-Shadow, L50|100/100\n|-ability|p1a: Calyrex|As One\n|-ability|p1a: Calyrex|Unnerve\n|turn|6\n|inactive|Tepig_nNz_498 has 30 seconds left.\n|inactive|Tepig_nNz_498 has 20 seconds left.\n|inactive|Tepig_nNz_498 has 15 seconds left.\n|\n|t:|1771875035\n|switch|p2a: Reshiram|Reshiram, L50|46/100\n|-ability|p2a: Reshiram|Turboblaze\n|-terastallize|p2b: Koraidon|Fire\n|move|p1b: Tornadus|Rain Dance|p1b: Tornadus\n|-weather|RainDance\n|move|p1a: Calyrex|Astral Barrage|p2b: Koraidon|[spread] p2a,p2b\n|-damage|p2a: Reshiram|3/100\n|-damage|p2b: Koraidon|25/100\n|move|p2b: Koraidon|Dragon Claw|p1a: Calyrex\n|-damage|p1a: Calyrex|49/100\n|\n|-weather|RainDance|[upkeep]\n|upkeep\n|turn|7\n|-message|Tepig_nNz_498 forfeited.\n|\n|win|ryo8989\n|raw|ryo8989's rating: 1377 &rarr; <strong>1397</strong><br />(+20 for winning)\n|raw|Tepig_nNz_498's rating: 1376 &rarr; <strong>1356</strong><br />(-20 for losing)\n|l|\u203dTepig_nNz_498\n|player|p2|\n|l|\u2606ryo8989\n|player|p1|\n","uploadtime":1771875223,"views":13,"formatid":"gen9vgc2026regi","rating":1356,"private":0,"password":null}