{"id":"gen9vgc2026regi-2520004344","format":"[Gen 9] VGC 2026 Reg I","players":["jpto5","curfy27"],"log":"|j|\u2606jpto5\n|j|\u2606curfy27\n|t:|1768579193\n|gametype|doubles\n|player|p1|jpto5|2|1235\n|player|p2|curfy27|266|1395\n|gen|9\n|tier|[Gen 9] VGC 2026 Reg I\n|rated|\n|rule|Species Clause: Limit one of each Pok\u00e9mon\n|rule|Item Clause: Limit 1 of each item\n|clearpoke\n|poke|p1|Tornadus, L50, M|\n|poke|p1|Kyogre, L50|\n|poke|p1|Zacian-*, L50|\n|poke|p1|Incineroar, L50, F|\n|poke|p1|Basculegion, L50, M|\n|poke|p1|Kilowattrel, L50, F|\n|poke|p2|Zacian-*, L50|\n|poke|p2|Lunala, L50|\n|poke|p2|Umbreon, L50, M|\n|poke|p2|Urshifu-*, L50, M|\n|poke|p2|Rillaboom, L50, M|\n|poke|p2|Thundurus, L50, M|\n|teampreview|4\n|inactive|Battle timer is ON: inactive players will automatically lose when time's up. (requested by jpto5)\n|inactive|jpto5 has 60 seconds left.\n|inactive|curfy27 has 60 seconds left.\n|\n|t:|1768579232\n|teamsize|p1|4\n|teamsize|p2|4\n|start\n|switch|p1a: Tornadus|Tornadus, L50, M|100/100\n|switch|p1b: Kyogre|Kyogre, L50|100/100\n|switch|p2a: Rillaboom|Rillaboom, L50, M|100/100\n|switch|p2b: Thundurus|Thundurus, L50, M|100/100\n|-fieldstart|move: Grassy Terrain|[from] ability: Grassy Surge|[of] p2a: Rillaboom\n|-weather|RainDance|[from] ability: Drizzle|[of] p1b: Kyogre\n|turn|1\n|\n|t:|1768579248\n|switch|p1b: Zacian|Zacian-Crowned, L50|100/100\n|-ability|p1b: Zacian|Intrepid Sword|boost\n|-boost|p1b: Zacian|atk|1\n|move|p2a: Rillaboom|Fake Out|p1b: Zacian\n|-resisted|p1b: Zacian\n|-damage|p1b: Zacian|95/100\n|move|p1a: Tornadus|Tailwind|p1a: Tornadus\n|-sidestart|p1: jpto5|move: Tailwind\n|move|p2b: Thundurus|Thunderbolt|p1a: Tornadus\n|-supereffective|p1a: Tornadus\n|-enditem|p1a: Tornadus|Focus Sash\n|-damage|p1a: Tornadus|1/100\n|\n|-weather|RainDance|[upkeep]\n|-heal|p1b: Zacian|100/100|[from] Grassy Terrain\n|upkeep\n|turn|2\n|inactive|curfy27 has 30 seconds left.\n|\n|t:|1768579278\n|move|p2b: Thundurus|Scary Face|p1b: Zacian\n|-unboost|p1b: Zacian|spe|2\n|move|p2a: Rillaboom|Grassy Glide|p1a: Tornadus\n|-resisted|p1a: Tornadus\n|-damage|p1a: Tornadus|0 fnt\n|faint|p1a: Tornadus\n|move|p1b: Zacian|Play Rough|p2b: Thundurus\n|-damage|p2b: Thundurus|17/100\n|\n|-weather|RainDance|[upkeep]\n|upkeep\n|\n|t:|1768579295\n|switch|p1a: Kyogre|Kyogre, L50|100/100\n|turn|3\n|\n|t:|1768579306\n|move|p2b: Thundurus|Eerie Impulse|p1a: Kyogre\n|-unboost|p1a: Kyogre|spa|2\n|move|p1a: Kyogre|Water Spout|p2b: Thundurus|[spread] p2a,p2b\n|-resisted|p2a: Rillaboom\n|-damage|p2a: Rillaboom|82/100\n|-damage|p2b: Thundurus|0 fnt\n|faint|p2b: Thundurus\n|move|p1b: Zacian|Behemoth Blade|p2a: Rillaboom\n|-damage|p2a: Rillaboom|0 fnt\n|faint|p2a: Rillaboom\n|\n|-weather|RainDance|[upkeep]\n|upkeep\n|\n|t:|1768579317\n|switch|p2b: Lunala|Lunala, L50|100/100\n|switch|p2a: Urshifu|Urshifu-Rapid-Strike, L50, M|100/100\n|turn|4\n|\n|t:|1768579335\n|switch|p1a: Basculegion|Basculegion, L50, M|100/100\n|-terastallize|p2a: Urshifu|Ghost\n|move|p2b: Lunala|Wide Guard|p2b: Lunala\n|-singleturn|p2b: Lunala|Wide Guard\n|move|p2a: Urshifu|Surging Strikes|p1b: Zacian\n|-crit|p1b: Zacian\n|-damage|p1b: Zacian|69/100\n|-crit|p1b: Zacian\n|-damage|p1b: Zacian|37/100\n|-crit|p1b: Zacian\n|-damage|p1b: Zacian|2/100\n|-hitcount|p1b: Zacian|3\n|move|p1b: Zacian|Play Rough|p2a: Urshifu\n|-damage|p2a: Urshifu|15/100\n|\n|-weather|RainDance|[upkeep]\n|-heal|p2a: Urshifu|21/100|[from] Grassy Terrain\n|-heal|p1b: Zacian|8/100|[from] Grassy Terrain\n|-sideend|p1: jpto5|move: Tailwind\n|upkeep\n|turn|5\n|inactive|jpto5 has 30 seconds left.\n|\n|t:|1768579368\n|switch|p1b: Kyogre|Kyogre, L50|100/100\n|move|p1a: Basculegion|Last Respects|p2a: Urshifu\n|-supereffective|p2a: Urshifu\n|-damage|p2a: Urshifu|0 fnt\n|faint|p2a: Urshifu\n|-damage|p1a: Basculegion|91/100|[from] item: Life Orb\n|move|p2b: Lunala|Moongeist Beam|p1a: Basculegion\n|-supereffective|p1a: Basculegion\n|-damage|p1a: Basculegion|0 fnt\n|faint|p1a: Basculegion\n|\n|-weather|none\n|-fieldend|move: Grassy Terrain\n|upkeep\n|\n|t:|1768579382\n|switch|p1a: Zacian|Zacian-Crowned, L50|8/100\n|turn|6\n|\n|t:|1768579385\n|move|p1a: Zacian|Behemoth Blade|p2b: Lunala\n|-damage|p2b: Lunala|75/100\n|move|p1b: Kyogre|Water Spout|p2b: Lunala\n|-damage|p2b: Lunala|3/100\n|move|p2b: Lunala|Moongeist Beam|p1a: Zacian\n|-damage|p1a: Zacian|0 fnt\n|faint|p1a: Zacian\n|\n|upkeep\n|turn|7\n|\n|t:|1768579396\n|move|p2b: Lunala|Wide Guard|p2b: Lunala\n|-singleturn|p2b: Lunala|Wide Guard\n|move|p1b: Kyogre|Ice Beam|p2b: Lunala\n|-damage|p2b: Lunala|0 fnt\n|faint|p2b: Lunala\n|\n|win|jpto5\n|raw|jpto5's rating: 1235 &rarr; <strong>1271</strong><br />(+36 for winning)\n|raw|curfy27's rating: 1395 &rarr; <strong>1366</strong><br />(-29 for losing)\n|l|\u2606curfy27\n|player|p2|\n|l|\u2606jpto5\n|player|p1|\n","uploadtime":1768579587,"views":14,"formatid":"gen9vgc2026regi","rating":1271,"private":0,"password":null}