{"id":"gen9vgc2026regi-2568772845","format":"[Gen 9] VGC 2026 Reg I","players":["Binky11","Hao_poke"],"log":"|j|\u2606Binky11\n|j|\u2606Hao_poke\n|t:|1774621790\n|gametype|doubles\n|player|p1|Binky11|miku-ice|1513\n|player|p2|Hao_poke|169|1436\n|gen|9\n|tier|[Gen 9] VGC 2026 Reg I\n|rated|\n|rule|Species Clause: Limit one of each Pok\u00e9mon\n|rule|Item Clause: Limit 1 of each item\n|clearpoke\n|poke|p1|Kyogre, L50|\n|poke|p1|Necrozma-Dusk-Mane, L50|\n|poke|p1|Amoonguss, L50, M|\n|poke|p1|Iron Jugulis, L50|\n|poke|p1|Raging Bolt, L50|\n|poke|p1|Urshifu-*, L50, F|\n|poke|p2|Mimikyu, L50, F|\n|poke|p2|Farigiraf, L50, F|\n|poke|p2|Ursaluna-Bloodmoon, L50, M|\n|poke|p2|Calyrex-Ice, L50|\n|poke|p2|Pelipper, L50, F|\n|poke|p2|Miraidon, L50|\n|teampreview|4\n|inactive|Battle timer is ON: inactive players will automatically lose when time's up. (requested by Binky11)\n|inactive|Hao_poke has 60 seconds left.\n|\n|t:|1774621834\n|teamsize|p1|4\n|teamsize|p2|4\n|start\n|switch|p1a: Kyogre|Kyogre, L50|100/100\n|switch|p1b: Iron Jugulis|Iron Jugulis, L50|100/100\n|switch|p2a: Mimikyu|Mimikyu, L50, F|100/100\n|switch|p2b: Miraidon|Miraidon, L50|100/100\n|-fieldstart|move: Electric Terrain|[from] ability: Hadron Engine|[of] p2b: Miraidon\n|-activate|p1b: Iron Jugulis|ability: Quark Drive\n|-start|p1b: Iron Jugulis|quarkdrivespe\n|-weather|RainDance|[from] ability: Drizzle|[of] p1a: Kyogre\n|turn|1\n|inactive|Binky11 has 30 seconds left.\n|\n|t:|1774621864\n|move|p2b: Miraidon|Volt Switch|p1a: Kyogre\n|-supereffective|p1a: Kyogre\n|-damage|p1a: Kyogre|13/100\n|\n|t:|1774621870\n|switch|p2b: Calyrex|Calyrex-Ice, L50|100/100|[from] Volt Switch\n|-ability|p2b: Calyrex|As One\n|-ability|p2b: Calyrex|Unnerve\n|move|p1b: Iron Jugulis|Snarl|p2a: Mimikyu|[spread] p2a,p2b\n|-supereffective|p2b: Calyrex\n|-activate|p2a: Mimikyu|ability: Disguise\n|-damage|p2a: Mimikyu|100/100\n|-damage|p2b: Calyrex|79/100\n|-unboost|p2a: Mimikyu|spa|1\n|-unboost|p2b: Calyrex|spa|1\n|-enditem|p2b: Calyrex|Weakness Policy\n|-boost|p2b: Calyrex|atk|2|[from] item: Weakness Policy\n|-boost|p2b: Calyrex|spa|2|[from] item: Weakness Policy\n|detailschange|p2a: Mimikyu|Mimikyu-Busted, L50, F\n|-damage|p2a: Mimikyu|88/100|[from] pokemon: Mimikyu-Busted\n|move|p1a: Kyogre|Water Spout|p2a: Mimikyu|[spread] p2a,p2b\n|-damage|p2a: Mimikyu|73/100\n|-damage|p2b: Calyrex|68/100\n|move|p2a: Mimikyu|Trick Room|p2a: Mimikyu\n|-fieldstart|move: Trick Room|[of] p2a: Mimikyu\n|\n|-weather|RainDance|[upkeep]\n|upkeep\n|turn|2\n|\n|t:|1774621888\n|switch|p2a: Pelipper|Pelipper, L50, F|100/100\n|move|p1a: Kyogre|Protect|p1a: Kyogre\n|-singleturn|p1a: Kyogre|Protect\n|move|p1b: Iron Jugulis|Protect|p1b: Iron Jugulis\n|-singleturn|p1b: Iron Jugulis|Protect\n|move|p2b: Calyrex|Glacial Lance|p1b: Iron Jugulis|[spread] \n|-activate|p1a: Kyogre|move: Protect\n|-activate|p1b: Iron Jugulis|move: Protect\n|\n|-weather|RainDance|[upkeep]\n|upkeep\n|turn|3\n|\n|t:|1774621904\n|switch|p1a: Necrozma|Necrozma-Dusk-Mane, L50|100/100\n|-terastallize|p1b: Iron Jugulis|Steel\n|move|p2b: Calyrex|Glacial Lance|p1b: Iron Jugulis|[spread] p1a,p1b\n|-resisted|p1a: Necrozma\n|-resisted|p1b: Iron Jugulis\n|-damage|p1a: Necrozma|59/100\n|-damage|p1b: Iron Jugulis|42/100\n|move|p2a: Pelipper|Hurricane|p1b: Iron Jugulis\n|-resisted|p1b: Iron Jugulis\n|-damage|p1b: Iron Jugulis|21/100\n|move|p1b: Iron Jugulis|Hurricane|p2b: Calyrex\n|-damage|p2b: Calyrex|34/100\n|-start|p2b: Calyrex|confusion\n|\n|-weather|RainDance|[upkeep]\n|upkeep\n|turn|4\n|inactive|Binky11 has 30 seconds left.\n|inactive|Hao_poke has 30 seconds left.\n|\n|t:|1774621931\n|move|p1a: Necrozma|Protect|p1a: Necrozma\n|-singleturn|p1a: Necrozma|Protect\n|move|p1b: Iron Jugulis|Protect|p1b: Iron Jugulis\n|-singleturn|p1b: Iron Jugulis|Protect\n|-activate|p2b: Calyrex|confusion\n|-damage|p2b: Calyrex|13/100|[from] confusion\n|move|p2a: Pelipper|Weather Ball|p1a: Necrozma\n|-activate|p1a: Necrozma|move: Protect\n|\n|-weather|RainDance|[upkeep]\n|upkeep\n|turn|5\n|inactive|Binky11 has 30 seconds left.\n|\n|t:|1774621957\n|-end|p1b: Iron Jugulis|Quark Drive|[silent]\n|switch|p1b: Kyogre|Kyogre, L50|13/100\n|-end|p2b: Calyrex|confusion\n|move|p2b: Calyrex|Glacial Lance|p1b: Kyogre|[spread] p1a,p1b\n|-resisted|p1a: Necrozma\n|-resisted|p1b: Kyogre\n|-damage|p1a: Necrozma|19/100\n|-damage|p1b: Kyogre|0 fnt\n|faint|p1b: Kyogre\n|-ability|p2b: Calyrex|Chilling Neigh|boost\n|-boost|p2b: Calyrex|atk|1\n|move|p2a: Pelipper|Weather Ball|p1a: Necrozma\n|-damage|p1a: Necrozma|0 fnt\n|faint|p1a: Necrozma\n|\n|-weather|none\n|-fieldend|move: Trick Room\n|-fieldend|move: Electric Terrain\n|upkeep\n|\n|t:|1774621965\n|switch|p1b: Urshifu|Urshifu-Rapid-Strike, L50, F|100/100\n|switch|p1a: Iron Jugulis|Iron Jugulis, L50, tera:Steel|21/100\n|-enditem|p1a: Iron Jugulis|Booster Energy\n|-activate|p1a: Iron Jugulis|ability: Quark Drive|[fromitem]\n|-start|p1a: Iron Jugulis|quarkdrivespe\n|turn|6\n|\n|t:|1774621984\n|-terastallize|p2a: Pelipper|Water\n|move|p1a: Iron Jugulis|Tailwind|p1a: Iron Jugulis\n|-sidestart|p1: Binky11|move: Tailwind\n|move|p1b: Urshifu|Surging Strikes|p2b: Calyrex\n|-crit|p2b: Calyrex\n|-damage|p2b: Calyrex|0 fnt\n|faint|p2b: Calyrex\n|-hitcount|p2: Calyrex|1\n|move|p2a: Pelipper|Muddy Water|p1b: Urshifu|[spread] p1a,p1b\n|-resisted|p1b: Urshifu\n|-damage|p1a: Iron Jugulis|0 fnt\n|-damage|p1b: Urshifu|74/100\n|-unboost|p1b: Urshifu|accuracy|1\n|faint|p1a: Iron Jugulis\n|-end|p1a: Iron Jugulis|Quark Drive|[silent]\n|\n|upkeep\n|-message|Binky11 forfeited.\n|\n|win|Hao_poke\n|raw|Binky11's rating: 1513 &rarr; <strong>1489</strong><br />(-24 for losing)\n|raw|Hao_poke's rating: 1436 &rarr; <strong>1460</strong><br />(+24 for winning)\n|l|\u2606Binky11\n|player|p1|\n|l|\u2606Hao_poke\n|player|p2|\n","uploadtime":1774622231,"views":7,"formatid":"gen9vgc2026regi","rating":1460,"private":0,"password":null}