{"id":"gen9vgc2026regi-2572666100","format":"[Gen 9] VGC 2026 Reg I","players":["parapapa123","blackred123"],"log":"|j|\u2606parapapa123\n|j|\u2606blackred123\n|t:|1775053787\n|gametype|doubles\n|player|p1|parapapa123|dawn|1360\n|player|p2|blackred123|iono-masters|1358\n|gen|9\n|tier|[Gen 9] VGC 2026 Reg I\n|rated|\n|rule|Species Clause: Limit one of each Pok\u00e9mon\n|rule|Item Clause: Limit 1 of each item\n|clearpoke\n|poke|p1|Calyrex-Ice, L50|\n|poke|p1|Miraidon, L50|\n|poke|p1|Urshifu-*, L50, F|\n|poke|p1|Incineroar, L50, F|\n|poke|p1|Landorus, L50, M|\n|poke|p1|Farigiraf, L50, F|\n|poke|p2|Groudon, L50|\n|poke|p2|Volcarona, L50, F|\n|poke|p2|Incineroar, L50, F|\n|poke|p2|Rillaboom, L50, M|\n|poke|p2|Grimmsnarl, L50, M|\n|poke|p2|Miraidon, L50|\n|teampreview|4\n|inactive|Battle timer is ON: inactive players will automatically lose when time's up. (requested by blackred123)\n|\n|t:|1775053799\n|teamsize|p1|4\n|teamsize|p2|4\n|start\n|switch|p1a: Miraidon|Miraidon, L50|100/100\n|switch|p1b: Calyrex|Calyrex-Ice, L50|100/100\n|switch|p2a: \u94f6\u91d1\u5996\u86c7|Miraidon, L50, shiny|100/100\n|switch|p2b: Grimmsnarl|Grimmsnarl, L50, M|100/100\n|-ability|p1b: Calyrex|As One\n|-ability|p1b: Calyrex|Unnerve\n|-fieldstart|move: Electric Terrain|[from] ability: Hadron Engine|[of] p1a: Miraidon\n|-activate|p2a: \u94f6\u91d1\u5996\u86c7|ability: Hadron Engine\n|turn|1\n|\n|t:|1775053820\n|-terastallize|p2a: \u94f6\u91d1\u5996\u86c7|Fairy\n|move|p2b: Grimmsnarl|Reflect|p2b: Grimmsnarl\n|-sidestart|p2: blackred123|Reflect\n|move|p1a: Miraidon|Draco Meteor|p2a: \u94f6\u91d1\u5996\u86c7\n|-immune|p2a: \u94f6\u91d1\u5996\u86c7\n|move|p2a: \u94f6\u91d1\u5996\u86c7|Calm Mind|p2a: \u94f6\u91d1\u5996\u86c7\n|-boost|p2a: \u94f6\u91d1\u5996\u86c7|spa|1\n|-boost|p2a: \u94f6\u91d1\u5996\u86c7|spd|1\n|move|p1b: Calyrex|Glacial Lance|p2a: \u94f6\u91d1\u5996\u86c7|[spread] p2a,p2b\n|-damage|p2a: \u94f6\u91d1\u5996\u86c7|72/100\n|-damage|p2b: Grimmsnarl|70/100\n|\n|upkeep\n|turn|2\n|\n|t:|1775053845\n|switch|p1a: Landorus|Landorus, L50, M|100/100\n|move|p1b: Calyrex|Protect|p1b: Calyrex\n|-singleturn|p1b: Calyrex|Protect\n|move|p2b: Grimmsnarl|Thunder Wave|p1b: Calyrex\n|-activate|p1b: Calyrex|move: Protect\n|move|p2a: \u94f6\u91d1\u5996\u86c7|Calm Mind|p2a: \u94f6\u91d1\u5996\u86c7\n|-boost|p2a: \u94f6\u91d1\u5996\u86c7|spa|1\n|-boost|p2a: \u94f6\u91d1\u5996\u86c7|spd|1\n|\n|upkeep\n|turn|3\n|\n|t:|1775053867\n|-terastallize|p1a: Landorus|Poison\n|move|p2a: \u94f6\u91d1\u5996\u86c7|Electro Drift|p1b: Calyrex\n|-damage|p1b: Calyrex|0 fnt\n|faint|p1b: Calyrex\n|move|p1a: Landorus|Sludge Bomb|p2a: \u94f6\u91d1\u5996\u86c7\n|-supereffective|p2a: \u94f6\u91d1\u5996\u86c7\n|-damage|p2a: \u94f6\u91d1\u5996\u86c7|15/100\n|move|p2b: Grimmsnarl|Spirit Break|p1a: Landorus\n|-resisted|p1a: Landorus\n|-damage|p1a: Landorus|87/100\n|-unboost|p1a: Landorus|spa|1\n|\n|upkeep\n|\n|t:|1775053878\n|switch|p1b: Miraidon|Miraidon, L50|100/100\n|-activate|p1b: Miraidon|ability: Hadron Engine\n|turn|4\n|\n|t:|1775053891\n|switch|p2b: \u6c38\u96cf\u5854\u83f2|Groudon, L50|100/100\n|-weather|SunnyDay|[from] ability: Drought|[of] p2b: \u6c38\u96cf\u5854\u83f2\n|move|p1b: Miraidon|Electro Drift|p2a: \u94f6\u91d1\u5996\u86c7\n|-damage|p2a: \u94f6\u91d1\u5996\u86c7|0 fnt\n|faint|p2a: \u94f6\u91d1\u5996\u86c7\n|move|p1a: Landorus|Sludge Bomb|p2b: \u6c38\u96cf\u5854\u83f2\n|-resisted|p2b: \u6c38\u96cf\u5854\u83f2\n|-damage|p2b: \u6c38\u96cf\u5854\u83f2|86/100\n|\n|-weather|SunnyDay|[upkeep]\n|upkeep\n|\n|t:|1775053901\n|switch|p2a: \u629b\u4e0b\u864e\u54e5\u5578\u7a74|Incineroar, L50, F|100/100\n|-ability|p2a: \u629b\u4e0b\u864e\u54e5\u5578\u7a74|Intimidate|boost\n|-unboost|p1a: Landorus|atk|1\n|-unboost|p1b: Miraidon|atk|1\n|turn|5\n|\n|t:|1775053915\n|switch|p1b: Farigiraf|Farigiraf, L50, F|100/100\n|-enditem|p1b: Farigiraf|Electric Seed\n|-boost|p1b: Farigiraf|def|1|[from] item: Electric Seed\n|move|p2a: \u629b\u4e0b\u864e\u54e5\u5578\u7a74|Fake Out||[still]\n|cant|p1b: Farigiraf|ability: Armor Tail|Fake Out|[of] p2a: \u629b\u4e0b\u864e\u54e5\u5578\u7a74\n|move|p1a: Landorus|Earth Power|p2a: \u629b\u4e0b\u864e\u54e5\u5578\u7a74\n|-supereffective|p2a: \u629b\u4e0b\u864e\u54e5\u5578\u7a74\n|-damage|p2a: \u629b\u4e0b\u864e\u54e5\u5578\u7a74|8/100\n|move|p2b: \u6c38\u96cf\u5854\u83f2|Precipice Blades|p1b: Farigiraf|[spread] p1a,p1b\n|-supereffective|p1a: Landorus\n|-damage|p1a: Landorus|0 fnt\n|-damage|p1b: Farigiraf|74/100\n|faint|p1a: Landorus\n|\n|-weather|SunnyDay|[upkeep]\n|-fieldend|move: Electric Terrain\n|upkeep\n|\n|t:|1775053931\n|switch|p1a: Miraidon|Miraidon, L50|100/100\n|-fieldstart|move: Electric Terrain|[from] ability: Hadron Engine|[of] p1a: Miraidon\n|turn|6\n|\n|t:|1775053940\n|switch|p2b: Grimmsnarl|Grimmsnarl, L50, M|70/100\n|move|p1a: Miraidon|Draco Meteor|p2b: Grimmsnarl\n|-immune|p2b: Grimmsnarl\n|move|p2a: \u629b\u4e0b\u864e\u54e5\u5578\u7a74|Knock Off|p1b: Farigiraf\n|-supereffective|p1b: Farigiraf\n|-damage|p1b: Farigiraf|45/100\n|move|p1b: Farigiraf|Foul Play|p2a: \u629b\u4e0b\u864e\u54e5\u5578\u7a74\n|-resisted|p2a: \u629b\u4e0b\u864e\u54e5\u5578\u7a74\n|-damage|p2a: \u629b\u4e0b\u864e\u54e5\u5578\u7a74|2/100\n|-damage|p1b: Farigiraf|29/100|[from] item: Rocky Helmet|[of] p2a: \u629b\u4e0b\u864e\u54e5\u5578\u7a74\n|\n|-weather|SunnyDay|[upkeep]\n|upkeep\n|turn|7\n|\n|t:|1775053957\n|move|p1a: Miraidon|Draco Meteor|p2a: \u629b\u4e0b\u864e\u54e5\u5578\u7a74|[miss]\n|-miss|p1a: Miraidon|p2a: \u629b\u4e0b\u864e\u54e5\u5578\u7a74\n|move|p2a: \u629b\u4e0b\u864e\u54e5\u5578\u7a74|Knock Off|p1b: Farigiraf\n|-supereffective|p1b: Farigiraf\n|-damage|p1b: Farigiraf|2/100\n|move|p1b: Farigiraf|Foul Play|p2b: Grimmsnarl\n|-resisted|p2b: Grimmsnarl\n|-damage|p2b: Grimmsnarl|67/100\n|move|p2b: Grimmsnarl|Spirit Break|p1b: Farigiraf\n|-damage|p1b: Farigiraf|0 fnt\n|faint|p1b: Farigiraf\n|\n|-weather|SunnyDay|[upkeep]\n|upkeep\n|turn|8\n|-message|parapapa123 forfeited.\n|\n|win|blackred123\n|raw|parapapa123's rating: 1360 &rarr; <strong>1340</strong><br />(-20 for losing)\n|raw|blackred123's rating: 1358 &rarr; <strong>1378</strong><br />(+20 for winning)\n|l|\u2606parapapa123\n|player|p1|\n","uploadtime":1775053973,"views":13,"formatid":"gen9vgc2026regi","rating":1340,"private":0,"password":null}