{"id":"gen9vgc2026regi-2586286080","format":"[Gen 9] VGC 2026 Reg I","players":["Snowsquall brute","yubanmeiqin"],"log":"|j|\u2606Snowsquall brute\n|j|\u2606yubanmeiqin\n|t:|1776421375\n|gametype|doubles\n|player|p1|Snowsquall brute|veteran|1759\n|player|p2|yubanmeiqin|lillie-masters2|1633\n|gen|9\n|tier|[Gen 9] VGC 2026 Reg I\n|rated|\n|rule|Species Clause: Limit one of each Pok\u00e9mon\n|rule|Item Clause: Limit 1 of each item\n|clearpoke\n|poke|p1|Miraidon, L50|\n|poke|p1|Landorus-Therian, L50, M|\n|poke|p1|Kingambit, L50, M|\n|poke|p1|Lunala, L50|\n|poke|p2|Koraidon, L50|\n|poke|p2|Lunala, L50|\n|poke|p2|Tornadus, L50, M|\n|poke|p2|Raging Bolt, L50|\n|poke|p2|Rillaboom, L50, F|\n|poke|p2|Incineroar, L50, F|\n|teampreview|4\n|j| hazima\n|\n|t:|1776421401\n|teamsize|p1|4\n|teamsize|p2|4\n|start\n|switch|p1a: Landorus|Landorus-Therian, L50, M|100/100\n|switch|p1b: Lunala|Lunala, L50|100/100\n|switch|p2a: \u4e24\u4eea\u5f0f|Rillaboom, L50, F|100/100\n|switch|p2b: \u4f24\u75db\u4e4b\u8d64|Koraidon, L50, shiny|100/100\n|-weather|SunnyDay|[from] ability: Orichalcum Pulse|[of] p2b: \u4f24\u75db\u4e4b\u8d64\n|-activate|p2b: \u4f24\u75db\u4e4b\u8d64|Orichalcum Pulse|[source]\n|-fieldstart|move: Grassy Terrain|[from] ability: Grassy Surge|[of] p2a: \u4e24\u4eea\u5f0f\n|-ability|p1a: Landorus|Intimidate|boost\n|-unboost|p2a: \u4e24\u4eea\u5f0f|atk|1\n|-fail|p2b: \u4f24\u75db\u4e4b\u8d64|unboost|[from] item: Clear Amulet|[of] p2b: \u4f24\u75db\u4e4b\u8d64\n|turn|1\n|\n|t:|1776421422\n|switch|p1a: Miraidon|Miraidon, L50|100/100\n|-fieldstart|move: Electric Terrain|[from] ability: Hadron Engine|[of] p1a: Miraidon\n|-enditem|p1a: Miraidon|Electric Seed\n|-boost|p1a: Miraidon|def|1|[from] item: Electric Seed\n|move|p2b: \u4f24\u75db\u4e4b\u8d64|Protect|p2b: \u4f24\u75db\u4e4b\u8d64\n|-singleturn|p2b: \u4f24\u75db\u4e4b\u8d64|Protect\n|move|p1b: Lunala|Will-O-Wisp|p2a: \u4e24\u4eea\u5f0f\n|-status|p2a: \u4e24\u4eea\u5f0f|brn\n|move|p2a: \u4e24\u4eea\u5f0f|Wood Hammer|p1b: Lunala\n|-damage|p1b: Lunala|92/100\n|-damage|p2a: \u4e24\u4eea\u5f0f|98/100 brn|[from] Recoil\n|\n|-weather|SunnyDay|[upkeep]\n|-damage|p2a: \u4e24\u4eea\u5f0f|92/100 brn|[from] brn\n|upkeep\n|turn|2\n|\n|t:|1776421444\n|switch|p2a: \u9759\u5e0c\u8349\u5341\u90ce|Tornadus, L50, M|100/100\n|-terastallize|p2b: \u4f24\u75db\u4e4b\u8d64|Fire\n|move|p2b: \u4f24\u75db\u4e4b\u8d64|Flare Blitz|p1b: Lunala\n|-damage|p1b: Lunala|6/100\n|-enditem|p1b: Lunala|Sitrus Berry|[eat]\n|-heal|p1b: Lunala|31/100|[from] item: Sitrus Berry\n|-damage|p2b: \u4f24\u75db\u4e4b\u8d64|66/100|[from] Recoil\n|move|p1a: Miraidon|Dragon Pulse|p2b: \u4f24\u75db\u4e4b\u8d64\n|-damage|p2b: \u4f24\u75db\u4e4b\u8d64|23/100\n|move|p1b: Lunala|Moongeist Beam|p2b: \u4f24\u75db\u4e4b\u8d64\n|-damage|p2b: \u4f24\u75db\u4e4b\u8d64|0 fnt\n|faint|p2b: \u4f24\u75db\u4e4b\u8d64\n|\n|-weather|SunnyDay|[upkeep]\n|upkeep\n|\n|t:|1776421461\n|switch|p2b: \u82cd\u5d0e\u9752\u5b50|Lunala, L50|100/100\n|turn|3\n|\n|t:|1776421469\n|switch|p1b: Landorus|Landorus-Therian, L50, M|100/100\n|-ability|p1b: Landorus|Intimidate|boost\n|-unboost|p2a: \u9759\u5e0c\u8349\u5341\u90ce|atk|1\n|-unboost|p2b: \u82cd\u5d0e\u9752\u5b50|atk|1\n|move|p2a: \u9759\u5e0c\u8349\u5341\u90ce|Taunt|p1a: Miraidon\n|-start|p1a: Miraidon|move: Taunt\n|move|p1a: Miraidon|Parabolic Charge|p2a: \u9759\u5e0c\u8349\u5341\u90ce|[spread] p2a,p2b\n|-immune|p1b: Landorus\n|-supereffective|p2a: \u9759\u5e0c\u8349\u5341\u90ce\n|-enditem|p2a: \u9759\u5e0c\u8349\u5341\u90ce|Focus Sash\n|-damage|p2a: \u9759\u5e0c\u8349\u5341\u90ce|1/100\n|-damage|p2b: \u82cd\u5d0e\u9752\u5b50|86/100\n|move|p2b: \u82cd\u5d0e\u9752\u5b50|Meteor Beam||[still]\n|-prepare|p2b: \u82cd\u5d0e\u9752\u5b50|Meteor Beam\n|-boost|p2b: \u82cd\u5d0e\u9752\u5b50|spa|1\n|-enditem|p2b: \u82cd\u5d0e\u9752\u5b50|Power Herb\n|-anim|p2b: \u82cd\u5d0e\u9752\u5b50|Meteor Beam|p1b: Landorus\n|-damage|p1b: Landorus|55/100\n|\n|-weather|SunnyDay|[upkeep]\n|upkeep\n|turn|4\n|\n|t:|1776421483\n|switch|p2a: \u4e24\u4eea\u5f0f|Rillaboom, L50, F|92/100 brn\n|-fieldstart|move: Grassy Terrain|[from] ability: Grassy Surge|[of] p2a: \u4e24\u4eea\u5f0f\n|move|p1a: Miraidon|Parabolic Charge|p2a: \u4e24\u4eea\u5f0f|[spread] p2a,p2b\n|-immune|p1b: Landorus\n|-resisted|p2a: \u4e24\u4eea\u5f0f\n|-damage|p2a: \u4e24\u4eea\u5f0f|81/100 brn\n|-damage|p2b: \u82cd\u5d0e\u9752\u5b50|69/100\n|move|p2b: \u82cd\u5d0e\u9752\u5b50|Moonblast|p1a: Miraidon\n|-supereffective|p1a: Miraidon\n|-damage|p1a: Miraidon|29/100\n|-unboost|p1a: Miraidon|spa|1\n|move|p1b: Landorus|Stomping Tantrum|p2b: \u82cd\u5d0e\u9752\u5b50\n|-damage|p2b: \u82cd\u5d0e\u9752\u5b50|29/100\n|\n|-weather|SunnyDay|[upkeep]\n|-heal|p1a: Miraidon|34/100|[from] Grassy Terrain\n|-heal|p2b: \u82cd\u5d0e\u9752\u5b50|35/100|[from] Grassy Terrain\n|-heal|p2a: \u4e24\u4eea\u5f0f|87/100 brn|[from] Grassy Terrain\n|-damage|p2a: \u4e24\u4eea\u5f0f|81/100 brn|[from] brn\n|upkeep\n|turn|5\n|\n|t:|1776421511\n|move|p1a: Miraidon|Parabolic Charge|p2a: \u4e24\u4eea\u5f0f|[spread] p2a,p2b\n|-immune|p1b: Landorus\n|-resisted|p2a: \u4e24\u4eea\u5f0f\n|-damage|p2a: \u4e24\u4eea\u5f0f|74/100 brn\n|-heal|p1a: Miraidon|38/100|[from] drain|[of] p2a: \u4e24\u4eea\u5f0f\n|-damage|p2b: \u82cd\u5d0e\u9752\u5b50|22/100\n|-heal|p1a: Miraidon|45/100|[from] drain|[of] p2b: \u82cd\u5d0e\u9752\u5b50\n|move|p2b: \u82cd\u5d0e\u9752\u5b50|Moonblast|p1a: Miraidon\n|-supereffective|p1a: Miraidon\n|-damage|p1a: Miraidon|0 fnt\n|faint|p1a: Miraidon\n|move|p2a: \u4e24\u4eea\u5f0f|U-turn|p1b: Landorus\n|-resisted|p1b: Landorus\n|-damage|p1b: Landorus|50/100\n|\n|t:|1776421517\n|switch|p2a: \u9759\u5e0c\u8349\u5341\u90ce|Tornadus, L50, M|1/100|[from] U-turn\n|move|p1b: Landorus|Stomping Tantrum|p2b: \u82cd\u5d0e\u9752\u5b50\n|-damage|p2b: \u82cd\u5d0e\u9752\u5b50|0 fnt\n|faint|p2b: \u82cd\u5d0e\u9752\u5b50\n|\n|-weather|none\n|upkeep\n|-message|yubanmeiqin forfeited.\n|\n|win|Snowsquall brute\n|raw|Snowsquall brute's rating: 1759 &rarr; <strong>1772</strong><br />(+13 for winning)\n|raw|yubanmeiqin's rating: 1633 &rarr; <strong>1620</strong><br />(-13 for losing)\n|l|\u2606yubanmeiqin\n|player|p2|\n|l| hazima\n","uploadtime":1776422424,"views":32,"formatid":"gen9vgc2026regi","rating":1620,"private":0,"password":null}