{"id":"gen9vgc2026regi-2546070034","format":"[Gen 9] VGC 2026 Reg I","players":["huanyu0.0","starxxs"],"log":"|j|\u2606huanyu0.0\n|j|\u2606starxxs\n|t:|1771924009\n|gametype|doubles\n|player|p1|huanyu0.0|102|1433\n|player|p2|starxxs|dawn|1307\n|gen|9\n|tier|[Gen 9] VGC 2026 Reg I\n|rated|\n|rule|Species Clause: Limit one of each Pok\u00e9mon\n|rule|Item Clause: Limit 1 of each item\n|clearpoke\n|poke|p1|Terapagos, L50, M|\n|poke|p1|Indeedee-F, L50, F|\n|poke|p1|Groudon, L50|\n|poke|p1|Whimsicott, L50, F|\n|poke|p1|Volcarona, L50, F|\n|poke|p1|Raging Bolt, L50|\n|poke|p2|Ho-Oh, L50|\n|poke|p2|Calyrex-Shadow, L50|\n|poke|p2|Dondozo, L50, F|\n|poke|p2|Tatsugiri, L50, F|\n|poke|p2|Flutter Mane, L50|\n|poke|p2|Indeedee-F, L50, F|\n|teampreview|4\n|inactive|Battle timer is ON: inactive players will automatically lose when time's up. (requested by huanyu0.0)\n|inactive|huanyu0.0 has 60 seconds left.\n|\n|t:|1771924047\n|teamsize|p1|4\n|teamsize|p2|4\n|start\n|switch|p1a: Terapagos|Terapagos, L50, M|100/100\n|switch|p1b: Indeedee|Indeedee-F, L50, F|100/100\n|switch|p2a: Ho-Oh|Ho-Oh, L50|100/100\n|switch|p2b: \u9ad8\u8fbe\u9a7e\u9a76\u5458|Tatsugiri, L50, F|100/100\n|-activate|p1a: Terapagos|ability: Tera Shift\n|detailschange|p1a: Terapagos|Terapagos-Terastal, L50, M\n|-heal|p1a: Terapagos|100/100|[silent]\n|-fieldstart|move: Psychic Terrain|[from] ability: Psychic Surge|[of] p1b: Indeedee\n|turn|1\n|inactive|huanyu0.0 has 30 seconds left.\n|\n|t:|1771924074\n|-terastallize|p1a: Terapagos|Stellar\n|detailschange|p1a: Terapagos|Terapagos-Stellar, L50, M, tera:Stellar\n|-heal|p1a: Terapagos|100/100|[silent]\n|-ability|p1a: Terapagos|Teraform Zero\n|-fieldend|move: Psychic Terrain\n|move|p2b: \u9ad8\u8fbe\u9a7e\u9a76\u5458|Endure|p2b: \u9ad8\u8fbe\u9a7e\u9a76\u5458\n|-singleturn|p2b: \u9ad8\u8fbe\u9a7e\u9a76\u5458|move: Endure\n|move|p1b: Indeedee|Fake Out|p2b: \u9ad8\u8fbe\u9a7e\u9a76\u5458\n|-damage|p2b: \u9ad8\u8fbe\u9a7e\u9a76\u5458|76/100\n|move|p1a: Terapagos|Meteor Beam||[still]\n|-prepare|p1a: Terapagos|Meteor Beam\n|-boost|p1a: Terapagos|spa|1\n|-enditem|p1a: Terapagos|Power Herb\n|-anim|p1a: Terapagos|Meteor Beam|p2a: Ho-Oh\n|-supereffective|p2a: Ho-Oh\n|-damage|p2a: Ho-Oh|0 fnt\n|faint|p2a: Ho-Oh\n|\n|-status|p2b: \u9ad8\u8fbe\u9a7e\u9a76\u5458|tox|[from] item: Toxic Orb\n|upkeep\n|\n|t:|1771924092\n|switch|p2a: \u76ee\u5149\u5446\u6ede|Dondozo, L50, F|100/100\n|-activate|p2b: \u9ad8\u8fbe\u9a7e\u9a76\u5458|ability: Commander|[of] p2a: \u76ee\u5149\u5446\u6ede\n|-boost|p2a: \u76ee\u5149\u5446\u6ede|atk|2\n|-boost|p2a: \u76ee\u5149\u5446\u6ede|spa|2\n|-boost|p2a: \u76ee\u5149\u5446\u6ede|spe|2\n|-boost|p2a: \u76ee\u5149\u5446\u6ede|def|2\n|-boost|p2a: \u76ee\u5149\u5446\u6ede|spd|2\n|turn|2\n|\n|t:|1771924103\n|move|p1b: Indeedee|Helping Hand|p1a: Terapagos\n|-singleturn|p1a: Terapagos|Helping Hand|[of] p1b: Indeedee\n|move|p1a: Terapagos|Tera Starstorm|p2b: \u9ad8\u8fbe\u9a7e\u9a76\u5458|[spread] p2a\n|-miss|p1a: Terapagos|p2b: \u9ad8\u8fbe\u9a7e\u9a76\u5458\n|-damage|p2a: \u76ee\u5149\u5446\u6ede|77/100\n|move|p2a: \u76ee\u5149\u5446\u6ede|Order Up|p1a: Terapagos\n|-crit|p1a: Terapagos\n|-damage|p1a: Terapagos|59/100\n|-boost|p2a: \u76ee\u5149\u5446\u6ede|atk|1\n|\n|-heal|p2a: \u76ee\u5149\u5446\u6ede|83/100|[from] item: Leftovers\n|-damage|p2b: \u9ad8\u8fbe\u9a7e\u9a76\u5458|70/100 tox|[from] psn\n|upkeep\n|turn|3\n|\n|t:|1771924120\n|move|p1b: Indeedee|Follow Me|p1b: Indeedee\n|-singleturn|p1b: Indeedee|move: Follow Me\n|move|p1a: Terapagos|Tera Starstorm|p2a: \u76ee\u5149\u5446\u6ede|[spread] p2a\n|-miss|p1a: Terapagos|p2b: \u9ad8\u8fbe\u9a7e\u9a76\u5458\n|-damage|p2a: \u76ee\u5149\u5446\u6ede|66/100\n|move|p2a: \u76ee\u5149\u5446\u6ede|Order Up|p1b: Indeedee\n|-damage|p1b: Indeedee|57/100\n|-enditem|p1b: Indeedee|Eject Button\n|-boost|p2a: \u76ee\u5149\u5446\u6ede|atk|1\n|\n|t:|1771924131\n|switch|p1b: Raging Bolt|Raging Bolt, L50|100/100\n|\n|-heal|p2a: \u76ee\u5149\u5446\u6ede|73/100|[from] item: Leftovers\n|-damage|p2b: \u9ad8\u8fbe\u9a7e\u9a76\u5458|58/100 tox|[from] psn\n|upkeep\n|turn|4\n|\n|t:|1771924147\n|move|p1b: Raging Bolt|Thunderclap||[still]\n|-fail|p1b: Raging Bolt\n|move|p1a: Terapagos|Tera Starstorm|p2b: \u9ad8\u8fbe\u9a7e\u9a76\u5458|[spread] p2a\n|-miss|p1a: Terapagos|p2b: \u9ad8\u8fbe\u9a7e\u9a76\u5458\n|-damage|p2a: \u76ee\u5149\u5446\u6ede|58/100\n|move|p2a: \u76ee\u5149\u5446\u6ede|Rest|p2a: \u76ee\u5149\u5446\u6ede\n|-status|p2a: \u76ee\u5149\u5446\u6ede|slp|[from] move: Rest\n|-heal|p2a: \u76ee\u5149\u5446\u6ede|100/100 slp|[silent]\n|\n|-damage|p2b: \u9ad8\u8fbe\u9a7e\u9a76\u5458|39/100 tox|[from] psn\n|upkeep\n|turn|5\n|\n|t:|1771924166\n|move|p1a: Terapagos|Tera Starstorm|p2b: \u9ad8\u8fbe\u9a7e\u9a76\u5458|[spread] p2a\n|-miss|p1a: Terapagos|p2b: \u9ad8\u8fbe\u9a7e\u9a76\u5458\n|-damage|p2a: \u76ee\u5149\u5446\u6ede|86/100 slp\n|cant|p2a: \u76ee\u5149\u5446\u6ede|slp\n|move|p2a: \u76ee\u5149\u5446\u6ede|Sleep Talk|p2a: \u76ee\u5149\u5446\u6ede\n|move|p2a: \u76ee\u5149\u5446\u6ede|Heavy Slam|p1b: Raging Bolt|[from] move: Sleep Talk\n|-resisted|p1b: Raging Bolt\n|-damage|p1b: Raging Bolt|89/100\n|move|p1b: Raging Bolt|Volt Switch|p2a: \u76ee\u5149\u5446\u6ede\n|-supereffective|p2a: \u76ee\u5149\u5446\u6ede\n|-damage|p2a: \u76ee\u5149\u5446\u6ede|59/100 slp\n|\n|t:|1771924180\n|-end|p1b: Raging Bolt|Protosynthesis|[silent]\n|switch|p1b: Whimsicott|Whimsicott, L50, F|100/100|[from] Volt Switch\n|\n|-heal|p2a: \u76ee\u5149\u5446\u6ede|65/100 slp|[from] item: Leftovers\n|-damage|p2b: \u9ad8\u8fbe\u9a7e\u9a76\u5458|14/100 tox|[from] psn\n|upkeep\n|turn|6\n|\n|t:|1771924190\n|move|p1b: Whimsicott|Encore||[still]\n|-fail|p1b: Whimsicott\n|move|p1a: Terapagos|Tera Starstorm|p2a: \u76ee\u5149\u5446\u6ede|[spread] p2a\n|-miss|p1a: Terapagos|p2b: \u9ad8\u8fbe\u9a7e\u9a76\u5458\n|-damage|p2a: \u76ee\u5149\u5446\u6ede|50/100 slp\n|cant|p2a: \u76ee\u5149\u5446\u6ede|slp\n|move|p2a: \u76ee\u5149\u5446\u6ede|Sleep Talk|p2a: \u76ee\u5149\u5446\u6ede\n|move|p2a: \u76ee\u5149\u5446\u6ede|Heavy Slam|p1b: Whimsicott|[from] move: Sleep Talk\n|-supereffective|p1b: Whimsicott\n|-enditem|p1b: Whimsicott|Focus Sash\n|-damage|p1b: Whimsicott|1/100\n|\n|-heal|p2a: \u76ee\u5149\u5446\u6ede|56/100 slp|[from] item: Leftovers\n|-damage|p2b: \u9ad8\u8fbe\u9a7e\u9a76\u5458|0 fnt|[from] psn\n|faint|p2b: \u9ad8\u8fbe\u9a7e\u9a76\u5458\n|upkeep\n|j| FlyingSudowoodo\n|\n|t:|1771924205\n|switch|p2b: \u51b0\u9a6c\u738b|Calyrex-Shadow, L50|100/100\n|-ability|p2b: \u51b0\u9a6c\u738b|As One\n|-ability|p2b: \u51b0\u9a6c\u738b|Unnerve\n|turn|7\n|\n|t:|1771924221\n|move|p1b: Whimsicott|Tailwind|p1b: Whimsicott\n|-sidestart|p1: huanyu0.0|move: Tailwind\n|move|p1a: Terapagos|Dark Pulse|p2b: \u51b0\u9a6c\u738b\n|-supereffective|p2b: \u51b0\u9a6c\u738b\n|-enditem|p2b: \u51b0\u9a6c\u738b|Focus Sash\n|-damage|p2b: \u51b0\u9a6c\u738b|1/100\n|move|p2b: \u51b0\u9a6c\u738b|Astral Barrage|p1b: Whimsicott|[spread] p1b\n|-immune|p1a: Terapagos\n|-damage|p1b: Whimsicott|0 fnt\n|faint|p1b: Whimsicott\n|-ability|p2b: \u51b0\u9a6c\u738b|Grim Neigh|boost\n|-boost|p2b: \u51b0\u9a6c\u738b|spa|1\n|-curestatus|p2a: \u76ee\u5149\u5446\u6ede|slp|[msg]\n|move|p2a: \u76ee\u5149\u5446\u6ede|Order Up|p1a: Terapagos\n|-damage|p1a: Terapagos|23/100\n|-boost|p2a: \u76ee\u5149\u5446\u6ede|atk|1\n|\n|-heal|p2a: \u76ee\u5149\u5446\u6ede|62/100|[from] item: Leftovers\n|upkeep\n|\n|t:|1771924242\n|switch|p1b: Indeedee|Indeedee-F, L50, F|57/100\n|-fieldstart|move: Psychic Terrain|[from] ability: Psychic Surge|[of] p1b: Indeedee\n|turn|8\n|\n|t:|1771924253\n|move|p2b: \u51b0\u9a6c\u738b|Protect|p2b: \u51b0\u9a6c\u738b\n|-singleturn|p2b: \u51b0\u9a6c\u738b|Protect\n|move|p1b: Indeedee|Follow Me|p1b: Indeedee\n|-singleturn|p1b: Indeedee|move: Follow Me\n|move|p1a: Terapagos|Tera Starstorm|p2a: \u76ee\u5149\u5446\u6ede|[spread] p2a\n|-activate|p2b: \u51b0\u9a6c\u738b|move: Protect\n|-damage|p2a: \u76ee\u5149\u5446\u6ede|47/100\n|move|p2a: \u76ee\u5149\u5446\u6ede|Heavy Slam|p1b: Indeedee\n|-damage|p1b: Indeedee|0 fnt\n|faint|p1b: Indeedee\n|\n|-heal|p2a: \u76ee\u5149\u5446\u6ede|53/100|[from] item: Leftovers\n|upkeep\n|\n|t:|1771924257\n|switch|p1b: Raging Bolt|Raging Bolt, L50|89/100\n|turn|9\n|\n|t:|1771924273\n|move|p1a: Terapagos|Tera Starstorm|p2a: \u76ee\u5149\u5446\u6ede|[spread] p2a,p2b\n|-damage|p2a: \u76ee\u5149\u5446\u6ede|38/100\n|-damage|p2b: \u51b0\u9a6c\u738b|0 fnt\n|faint|p2b: \u51b0\u9a6c\u738b\n|move|p1b: Raging Bolt|Volt Switch|p2a: \u76ee\u5149\u5446\u6ede\n|-supereffective|p2a: \u76ee\u5149\u5446\u6ede\n|-damage|p2a: \u76ee\u5149\u5446\u6ede|10/100\n|move|p2a: \u76ee\u5149\u5446\u6ede|Rest|p2a: \u76ee\u5149\u5446\u6ede\n|-status|p2a: \u76ee\u5149\u5446\u6ede|slp|[from] move: Rest\n|-heal|p2a: \u76ee\u5149\u5446\u6ede|100/100 slp|[silent]\n|\n|upkeep\n|turn|10\n|\n|t:|1771924286\n|move|p1a: Terapagos|Meteor Beam||[still]\n|-prepare|p1a: Terapagos|Meteor Beam\n|-boost|p1a: Terapagos|spa|1\n|move|p1b: Raging Bolt|Volt Switch|p2a: \u76ee\u5149\u5446\u6ede\n|-supereffective|p2a: \u76ee\u5149\u5446\u6ede\n|-damage|p2a: \u76ee\u5149\u5446\u6ede|71/100 slp\n|cant|p2a: \u76ee\u5149\u5446\u6ede|slp\n|move|p2a: \u76ee\u5149\u5446\u6ede|Sleep Talk|p2a: \u76ee\u5149\u5446\u6ede\n|move|p2a: \u76ee\u5149\u5446\u6ede|Order Up|p1a: Terapagos|[from] move: Sleep Talk\n|-damage|p1a: Terapagos|0 fnt\n|faint|p1a: Terapagos\n|detailschange|p1: Terapagos|Terapagos, L50, M|[silent]\n|-boost|p2a: \u76ee\u5149\u5446\u6ede|atk|1\n|\n|-heal|p2a: \u76ee\u5149\u5446\u6ede|77/100 slp|[from] item: Leftovers\n|-sideend|p1: huanyu0.0|move: Tailwind\n|upkeep\n|turn|11\n|\n|t:|1771924301\n|-terastallize|p2a: \u76ee\u5149\u5446\u6ede|Fairy\n|cant|p2a: \u76ee\u5149\u5446\u6ede|slp\n|move|p2a: \u76ee\u5149\u5446\u6ede|Sleep Talk|p2a: \u76ee\u5149\u5446\u6ede\n|move|p2a: \u76ee\u5149\u5446\u6ede|Heavy Slam|p1b: Raging Bolt|[from] move: Sleep Talk\n|-resisted|p1b: Raging Bolt\n|-damage|p1b: Raging Bolt|75/100\n|move|p1b: Raging Bolt|Volt Switch|p2a: \u76ee\u5149\u5446\u6ede\n|-damage|p2a: \u76ee\u5149\u5446\u6ede|63/100 slp\n|\n|-heal|p2a: \u76ee\u5149\u5446\u6ede|69/100 slp|[from] item: Leftovers\n|upkeep\n|turn|12\n|\n|t:|1771924315\n|-curestatus|p2a: \u76ee\u5149\u5446\u6ede|slp|[msg]\n|move|p2a: \u76ee\u5149\u5446\u6ede|Order Up|p1b: Raging Bolt\n|-supereffective|p1b: Raging Bolt\n|-damage|p1b: Raging Bolt|0 fnt\n|faint|p1b: Raging Bolt\n|-end|p1b: Raging Bolt|Protosynthesis|[silent]\n|\n|win|starxxs\n|raw|huanyu0.0's rating: 1433 &rarr; <strong>1406</strong><br />(-27 for losing)\n|raw|starxxs's rating: 1307 &rarr; <strong>1334</strong><br />(+27 for winning)\n|l|\u2606huanyu0.0\n|player|p1|\n|l|\u2606starxxs\n|player|p2|\n|l| FlyingSudowoodo\n","uploadtime":1771924568,"views":12,"formatid":"gen9vgc2026regi","rating":1334,"private":0,"password":null}