{"id":"gen9vgc2026regi-2566901677","format":"[Gen 9] VGC 2026 Reg I","players":["Galact7adi","AV Azu"],"log":"|j|\u2606Galact7adi\n|j|\u2606AV Azu\n|t:|1774427069\n|gametype|doubles\n|player|p1|Galact7adi|266|1481\n|player|p2|AV Azu|ethan|1473\n|gen|9\n|tier|[Gen 9] VGC 2026 Reg I\n|rated|\n|rule|Species Clause: Limit one of each Pok\u00e9mon\n|rule|Item Clause: Limit 1 of each item\n|clearpoke\n|poke|p1|Miraidon, L50|\n|poke|p1|Calyrex-Ice, L50|\n|poke|p1|Farigiraf, L50, M|\n|poke|p1|Iron Hands, L50|\n|poke|p1|Incineroar, L50, M|\n|poke|p1|Smeargle, L50, F|\n|poke|p2|Rillaboom, L50, F|\n|poke|p2|Iron Jugulis, L50|\n|poke|p2|Amoonguss, L50, F|\n|poke|p2|Kyogre, L50|\n|poke|p2|Calyrex-Ice, L50|\n|poke|p2|Urshifu-*, L50, F|\n|teampreview|4\n|inactive|Battle timer is ON: inactive players will automatically lose when time's up. (requested by Galact7adi)\n|inactive|Galact7adi has 60 seconds left.\n|inactive|Galact7adi has 30 seconds left.\n|inactive|Galact7adi has 20 seconds left.\n|inactive|Galact7adi has 15 seconds left.\n|inactive|Galact7adi has 10 seconds left.\n|\n|t:|1774427153\n|teamsize|p1|4\n|teamsize|p2|4\n|start\n|switch|p1a: Smeargle|Smeargle, L50, F|100/100\n|switch|p1b: Farigiraf|Farigiraf, L50, M|100/100\n|switch|p2a: Goku|Rillaboom, L50, F|100/100\n|switch|p2b: Sharknado|Kyogre, L50|100/100\n|-weather|RainDance|[from] ability: Drizzle|[of] p2b: Sharknado\n|-fieldstart|move: Grassy Terrain|[from] ability: Grassy Surge|[of] p2a: Goku\n|turn|1\n|\n|t:|1774427167\n|switch|p2b: Espor\u00e3o|Amoonguss, L50, F|100/100\n|move|p1a: Smeargle|Fake Out|p2b: Espor\u00e3o\n|-damage|p2b: Espor\u00e3o|96/100\n|-damage|p1a: Smeargle|84/100|[from] item: Rocky Helmet|[of] p2b: Espor\u00e3o\n|move|p2a: Goku|U-turn|p1a: Smeargle\n|-damage|p1a: Smeargle|34/100\n|\n|t:|1774427175\n|switch|p2a: Sharknado|Kyogre, L50|100/100|[from] U-turn\n|move|p1b: Farigiraf|Trick Room|p1b: Farigiraf\n|-fieldstart|move: Trick Room|[of] p1b: Farigiraf\n|\n|-weather|RainDance|[upkeep]\n|-heal|p2b: Espor\u00e3o|100/100|[from] Grassy Terrain\n|-heal|p1a: Smeargle|40/100|[from] Grassy Terrain\n|-ability|p1a: Smeargle|Moody|boost\n|-boost|p1a: Smeargle|def|2\n|-unboost|p1a: Smeargle|atk|1\n|upkeep\n|turn|2\n|inactive|Galact7adi has 30 seconds left.\n|\n|t:|1774427201\n|switch|p1b: Miraidon|Miraidon, L50|100/100\n|-fieldstart|move: Electric Terrain|[from] ability: Hadron Engine|[of] p1b: Miraidon\n|move|p1a: Smeargle|Wide Guard|p1a: Smeargle\n|-singleturn|p1a: Smeargle|Wide Guard\n|move|p2b: Espor\u00e3o|Rage Powder|p2b: Espor\u00e3o\n|-singleturn|p2b: Espor\u00e3o|move: Rage Powder\n|move|p2a: Sharknado|Water Spout|p1a: Smeargle|[spread] \n|-activate|p1a: Smeargle|move: Wide Guard\n|-activate|p1b: Miraidon|move: Wide Guard\n|\n|-weather|RainDance|[upkeep]\n|-ability|p1a: Smeargle|Moody|boost\n|-boost|p1a: Smeargle|spa|2\n|-unboost|p1a: Smeargle|atk|1\n|upkeep\n|turn|3\n|\n|t:|1774427219\n|switch|p2a: Goku|Rillaboom, L50, F|100/100\n|-fieldstart|move: Grassy Terrain|[from] ability: Grassy Surge|[of] p2a: Goku\n|move|p1a: Smeargle|Wide Guard|p1a: Smeargle\n|-singleturn|p1a: Smeargle|Wide Guard\n|move|p2b: Espor\u00e3o|Spore|p1b: Miraidon\n|-status|p1b: Miraidon|slp|[from] move: Spore\n|cant|p1b: Miraidon|slp\n|\n|-weather|RainDance|[upkeep]\n|-heal|p1a: Smeargle|46/100|[from] Grassy Terrain\n|-ability|p1a: Smeargle|Moody|boost\n|-boost|p1a: Smeargle|spd|2\n|-unboost|p1a: Smeargle|spa|1\n|upkeep\n|turn|4\n|\n|t:|1774427238\n|switch|p1b: Calyrex|Calyrex-Ice, L50|100/100\n|-ability|p1b: Calyrex|As One\n|-ability|p1b: Calyrex|Unnerve\n|move|p2b: Espor\u00e3o|Pollen Puff|p1a: Smeargle\n|-damage|p1a: Smeargle|28/100\n|move|p2a: Goku|U-turn|p1a: Smeargle\n|-damage|p1a: Smeargle|5/100\n|\n|t:|1774427250\n|switch|p2a: Snow White|Calyrex-Ice, L50|100/100|[from] U-turn\n|-ability|p2a: Snow White|As One\n|-ability|p2a: Snow White|Unnerve\n|move|p1a: Smeargle|Decorate|p1b: Calyrex\n|-boost|p1b: Calyrex|atk|2\n|-boost|p1b: Calyrex|spa|2\n|\n|-weather|RainDance|[upkeep]\n|-heal|p1a: Smeargle|12/100|[from] Grassy Terrain\n|-ability|p1a: Smeargle|Moody|boost\n|-boost|p1a: Smeargle|atk|2\n|-unboost|p1a: Smeargle|spa|1\n|upkeep\n|turn|5\n|inactive|Galact7adi has 30 seconds left.\n|inactive|Galact7adi has 20 seconds left.\n|\n|t:|1774427286\n|move|p2b: Espor\u00e3o|Protect|p2b: Espor\u00e3o\n|-singleturn|p2b: Espor\u00e3o|Protect\n|move|p1b: Calyrex|Protect|p1b: Calyrex\n|-singleturn|p1b: Calyrex|Protect\n|move|p2a: Snow White|Leech Seed|p1b: Calyrex\n|-activate|p1b: Calyrex|move: Protect\n|move|p1a: Smeargle|Decorate|p1b: Calyrex\n|-boost|p1b: Calyrex|atk|2\n|-boost|p1b: Calyrex|spa|2\n|\n|-weather|none\n|-heal|p1a: Smeargle|18/100|[from] Grassy Terrain\n|-fieldend|move: Trick Room\n|-ability|p1a: Smeargle|Moody|boost\n|-boost|p1a: Smeargle|def|2\n|-unboost|p1a: Smeargle|atk|1\n|upkeep\n|turn|6\n|inactive|Galact7adi has 30 seconds left.\n|inactive|AV Azu has 30 seconds left.\n|\n|t:|1774427319\n|-terastallize|p1b: Calyrex|Water\n|move|p1a: Smeargle|Decorate|p1b: Calyrex\n|-boost|p1b: Calyrex|atk|2\n|-boost|p1b: Calyrex|spa|2\n|move|p1b: Calyrex|Glacial Lance|p2a: Snow White|[spread] p2a,p2b\n|-resisted|p2a: Snow White\n|-supereffective|p2b: Espor\u00e3o\n|-damage|p2a: Snow White|40/100\n|-damage|p2b: Espor\u00e3o|0 fnt\n|faint|p2b: Espor\u00e3o\n|move|p2a: Snow White|Glacial Lance|p1b: Calyrex|[spread] p1a,p1b\n|-crit|p1a: Smeargle\n|-resisted|p1b: Calyrex\n|-damage|p1a: Smeargle|0 fnt\n|-damage|p1b: Calyrex|88/100\n|faint|p1a: Smeargle\n|-ability|p2a: Snow White|Chilling Neigh|boost\n|-boost|p2a: Snow White|atk|1\n|\n|-heal|p1b: Calyrex|94/100|[from] Grassy Terrain\n|-heal|p1b: Calyrex|99/100|[from] item: Leftovers\n|-heal|p2a: Snow White|46/100|[from] Grassy Terrain\n|-heal|p2a: Snow White|52/100|[from] item: Leftovers\n|upkeep\n|\n|t:|1774427329\n|switch|p1a: Miraidon|Miraidon, L50|100/100 slp\n|switch|p2b: Goku|Rillaboom, L50, F|100/100\n|-fieldstart|move: Electric Terrain|[from] ability: Hadron Engine|[of] p1a: Miraidon\n|-fieldstart|move: Grassy Terrain|[from] ability: Grassy Surge|[of] p2b: Goku\n|turn|7\n|\n|t:|1774427339\n|switch|p1a: Farigiraf|Farigiraf, L50, M|100/100\n|move|p2b: Goku|Fake Out||[still]\n|cant|p1a: Farigiraf|ability: Armor Tail|Fake Out|[of] p2b: Goku\n|move|p1b: Calyrex|Glacial Lance|p2b: Goku|[spread] p2a,p2b\n|-resisted|p2a: Snow White\n|-supereffective|p2b: Goku\n|-damage|p2a: Snow White|0 fnt\n|-damage|p2b: Goku|0 fnt\n|faint|p2a: Snow White\n|faint|p2b: Goku\n|\n|-heal|p1b: Calyrex|100/100|[from] Grassy Terrain\n|upkeep\n|\n|t:|1774427348\n|switch|p2b: Sharknado|Kyogre, L50|100/100\n|-weather|RainDance|[from] ability: Drizzle|[of] p2b: Sharknado\n|turn|8\n|\n|t:|1774427359\n|move|p1a: Farigiraf|Helping Hand|p1b: Calyrex\n|-singleturn|p1b: Calyrex|Helping Hand|[of] p1a: Farigiraf\n|move|p2b: Sharknado|Water Spout|p1b: Calyrex|[spread] p1a,p1b\n|-resisted|p1b: Calyrex\n|-damage|p1a: Farigiraf|6/100\n|-damage|p1b: Calyrex|62/100\n|move|p1b: Calyrex|Glacial Lance|p2b: Sharknado\n|-resisted|p2b: Sharknado\n|-damage|p2b: Sharknado|0 fnt\n|faint|p2b: Sharknado\n|\n|win|Galact7adi\n|raw|Galact7adi's rating: 1481 &rarr; <strong>1501</strong><br />(+20 for winning)\n|raw|AV Azu's rating: 1473 &rarr; <strong>1453</strong><br />(-20 for losing)\n|c|\u2606Galact7adi|Gg wp\n|l|\u2606Galact7adi\n|player|p1|\n|l|\u2606AV Azu\n|player|p2|\n","uploadtime":1774427369,"views":11,"formatid":"gen9vgc2026regi","rating":1453,"private":0,"password":null}