{"id":"gen9vgc2026regi-2582276460","format":"[Gen 9] VGC 2026 Reg I","players":["cxy090506","Luca8"],"log":"|j|\u2606cxy090506\n|j|\u2606Luca8\n|t:|1776078913\n|gametype|doubles\n|player|p1|cxy090506|fairytalegirl|1451\n|player|p2|Luca8|flint|1439\n|gen|9\n|tier|[Gen 9] VGC 2026 Reg I\n|rated|\n|rule|Species Clause: Limit one of each Pok\u00e9mon\n|rule|Item Clause: Limit 1 of each item\n|clearpoke\n|poke|p1|Kyogre, L50|\n|poke|p1|Tornadus, L50, M|\n|poke|p1|Urshifu-*, L50, M|\n|poke|p1|Indeedee-F, L50, F|\n|poke|p1|Raichu, L50, M|\n|poke|p1|Miraidon, L50|\n|poke|p2|Zamazenta-*, L50|\n|poke|p2|Indeedee-F, L50, F|\n|poke|p2|Torkoal, L50, F|\n|poke|p2|Fezandipiti, L50, M|\n|poke|p2|Calyrex-Shadow, L50|\n|poke|p2|Pelipper, L50, F|\n|teampreview|4\n|\n|t:|1776078956\n|teamsize|p1|4\n|teamsize|p2|4\n|start\n|switch|p1a: \u6839\u6e90\u6ce2\u52a8miss\u6211\u5c06\u8868\u6f14\u4eba\u5bff\ud83d\ude0b|Kyogre, L50, shiny|100/100\n|switch|p1b: \u6709\u79cd\u522b\u8fc5\u96f7\ud83d\ude21\ud83d\udc4a|Tornadus, L50, M|100/100\n|switch|p2a: Fezandipiti|Fezandipiti, L50, M|100/100\n|switch|p2b: Indeedee|Indeedee-F, L50, F|100/100\n|-weather|RainDance|[from] ability: Drizzle|[of] p1a: \u6839\u6e90\u6ce2\u52a8miss\u6211\u5c06\u8868\u6f14\u4eba\u5bff\ud83d\ude0b\n|-fieldstart|move: Psychic Terrain|[from] ability: Psychic Surge|[of] p2b: Indeedee\n|turn|1\n|inactive|Battle timer is ON: inactive players will automatically lose when time's up. (requested by cxy090506)\n|\n|t:|1776078982\n|switch|p1a: Miraidon|Miraidon, L50|100/100\n|-fieldstart|move: Electric Terrain|[from] ability: Hadron Engine|[of] p1a: Miraidon\n|move|p1b: \u6709\u79cd\u522b\u8fc5\u96f7\ud83d\ude21\ud83d\udc4a|Taunt|p2b: Indeedee\n|-start|p2b: Indeedee|move: Taunt\n|move|p2a: Fezandipiti|Tailwind|p2a: Fezandipiti\n|-sidestart|p2: Luca8|move: Tailwind\n|move|p2b: Indeedee|Psychic|p1a: Miraidon\n|-damage|p1a: Miraidon|73/100\n|\n|-weather|RainDance|[upkeep]\n|upkeep\n|turn|2\n|\n|t:|1776079002\n|switch|p2b: Zamazenta|Zamazenta-Crowned, L50|100/100\n|-ability|p2b: Zamazenta|Dauntless Shield|boost\n|-boost|p2b: Zamazenta|def|1\n|-terastallize|p1a: Miraidon|Fairy\n|move|p1b: \u6709\u79cd\u522b\u8fc5\u96f7\ud83d\ude21\ud83d\udc4a|Tailwind|p1b: \u6709\u79cd\u522b\u8fc5\u96f7\ud83d\ude21\ud83d\udc4a\n|-sidestart|p1: cxy090506|move: Tailwind\n|move|p1a: Miraidon|Dazzling Gleam|p2a: Fezandipiti|[spread] p2a,p2b\n|-resisted|p2a: Fezandipiti\n|-damage|p2a: Fezandipiti|80/100\n|-damage|p2b: Zamazenta|59/100\n|move|p2a: Fezandipiti|Moonblast|p1a: Miraidon\n|-damage|p1a: Miraidon|51/100\n|-status|p1a: Miraidon|tox|[from] ability: Toxic Chain|[of] p2a: Fezandipiti\n|\n|-weather|RainDance|[upkeep]\n|-damage|p1a: Miraidon|45/100 tox|[from] psn\n|upkeep\n|turn|3\n|inactive|Luca8 has 30 seconds left.\n|inactive|Luca8 has 20 seconds left.\n|inactive|Luca8 has 15 seconds left.\n|\n|t:|1776079044\n|switch|p1a: \u6765\u8ffd\u6211\u5440\uff0c\u5c0f\u732b\u54aa\ud83d\ude0b|Indeedee-F, L50, F|100/100\n|-fieldstart|move: Psychic Terrain|[from] ability: Psychic Surge|[of] p1a: \u6765\u8ffd\u6211\u5440\uff0c\u5c0f\u732b\u54aa\ud83d\ude0b\n|-enditem|p1a: \u6765\u8ffd\u6211\u5440\uff0c\u5c0f\u732b\u54aa\ud83d\ude0b|Psychic Seed\n|-boost|p1a: \u6765\u8ffd\u6211\u5440\uff0c\u5c0f\u732b\u54aa\ud83d\ude0b|spd|1|[from] item: Psychic Seed\n|switch|p2a: Indeedee|Indeedee-F, L50, F|100/100\n|move|p1b: \u6709\u79cd\u522b\u8fc5\u96f7\ud83d\ude21\ud83d\udc4a|Bleakwind Storm|p2b: Zamazenta|[spread] p2a,p2b\n|-damage|p2a: Indeedee|62/100\n|-damage|p2b: Zamazenta|33/100\n|move|p2b: Zamazenta|Heavy Slam|p1a: \u6765\u8ffd\u6211\u5440\uff0c\u5c0f\u732b\u54aa\ud83d\ude0b\n|-damage|p1a: \u6765\u8ffd\u6211\u5440\uff0c\u5c0f\u732b\u54aa\ud83d\ude0b|48/100\n|\n|-weather|RainDance|[upkeep]\n|upkeep\n|turn|4\n|inactive|cxy090506 has 30 seconds left.\n|inactive|Luca8 has 30 seconds left.\n|inactive|cxy090506 has 20 seconds left.\n|inactive|cxy090506 has 15 seconds left.\n|inactive|cxy090506 has 10 seconds left.\n|\n|t:|1776079090\n|switch|p1a: Miraidon|Miraidon, L50, tera:Fairy|45/100 tox\n|-fieldstart|move: Electric Terrain|[from] ability: Hadron Engine|[of] p1a: Miraidon\n|move|p1b: \u6709\u79cd\u522b\u8fc5\u96f7\ud83d\ude21\ud83d\udc4a|Taunt|p2a: Indeedee\n|-start|p2a: Indeedee|move: Taunt\n|move|p2b: Zamazenta|Crunch|p1a: Miraidon\n|-resisted|p1a: Miraidon\n|-damage|p1a: Miraidon|34/100 tox\n|-unboost|p1a: Miraidon|def|1\n|move|p2a: Indeedee|Psychic|p1b: \u6709\u79cd\u522b\u8fc5\u96f7\ud83d\ude21\ud83d\udc4a\n|-damage|p1b: \u6709\u79cd\u522b\u8fc5\u96f7\ud83d\ude21\ud83d\udc4a|62/100\n|\n|-weather|RainDance|[upkeep]\n|-damage|p1a: Miraidon|28/100 tox|[from] psn\n|-sideend|p2: Luca8|move: Tailwind\n|upkeep\n|turn|5\n|inactive|Luca8 has 30 seconds left.\n|\n|t:|1776079115\n|move|p2b: Zamazenta|Protect|p2b: Zamazenta\n|-singleturn|p2b: Zamazenta|Protect\n|move|p1a: Miraidon|Electro Drift|p2b: Zamazenta\n|-activate|p2b: Zamazenta|move: Protect\n|move|p1b: \u6709\u79cd\u522b\u8fc5\u96f7\ud83d\ude21\ud83d\udc4a|Bleakwind Storm|p2b: Zamazenta|[spread] p2a\n|-activate|p2b: Zamazenta|move: Protect\n|-damage|p2a: Indeedee|20/100\n|move|p2a: Indeedee|Psychic|p1a: Miraidon\n|-damage|p1a: Miraidon|0 fnt\n|faint|p1a: Miraidon\n|\n|-weather|none\n|-sideend|p1: cxy090506|move: Tailwind\n|upkeep\n|\n|t:|1776079124\n|switch|p1a: \u6839\u6e90\u6ce2\u52a8miss\u6211\u5c06\u8868\u6f14\u4eba\u5bff\ud83d\ude0b|Kyogre, L50, shiny|100/100\n|-weather|RainDance|[from] ability: Drizzle|[of] p1a: \u6839\u6e90\u6ce2\u52a8miss\u6211\u5c06\u8868\u6f14\u4eba\u5bff\ud83d\ude0b\n|turn|6\n|\n|t:|1776079141\n|move|p1a: \u6839\u6e90\u6ce2\u52a8miss\u6211\u5c06\u8868\u6f14\u4eba\u5bff\ud83d\ude0b|Water Spout|p2a: Indeedee|[spread] p2a,p2b\n|-damage|p2a: Indeedee|0 fnt\n|-damage|p2b: Zamazenta|0 fnt\n|faint|p2a: Indeedee\n|faint|p2b: Zamazenta\n|move|p1b: \u6709\u79cd\u522b\u8fc5\u96f7\ud83d\ude21\ud83d\udc4a|Bleakwind Storm|p2: Indeedee|[notarget]\n|-fail|p1b: \u6709\u79cd\u522b\u8fc5\u96f7\ud83d\ude21\ud83d\udc4a\n|\n|-weather|RainDance|[upkeep]\n|upkeep\n|\n|t:|1776079150\n|switch|p2b: Calyrex|Calyrex-Shadow, L50|100/100\n|switch|p2a: Fezandipiti|Fezandipiti, L50, M|80/100\n|-ability|p2b: Calyrex|As One\n|-ability|p2b: Calyrex|Unnerve\n|turn|7\n|\n|t:|1776079165\n|move|p2b: Calyrex|Protect|p2b: Calyrex\n|-singleturn|p2b: Calyrex|Protect\n|move|p1a: \u6839\u6e90\u6ce2\u52a8miss\u6211\u5c06\u8868\u6f14\u4eba\u5bff\ud83d\ude0b|Water Spout|p2a: Fezandipiti|[spread] p2a\n|-activate|p2b: Calyrex|move: Protect\n|-damage|p2a: Fezandipiti|28/100\n|move|p1b: \u6709\u79cd\u522b\u8fc5\u96f7\ud83d\ude21\ud83d\udc4a|Bleakwind Storm|p2a: Fezandipiti|[spread] p2a\n|-activate|p2b: Calyrex|move: Protect\n|-damage|p2a: Fezandipiti|4/100\n|move|p2a: Fezandipiti|Tailwind|p2a: Fezandipiti\n|-sidestart|p2: Luca8|move: Tailwind\n|\n|-weather|RainDance|[upkeep]\n|upkeep\n|turn|8\n|\n|t:|1776079185\n|move|p1b: \u6709\u79cd\u522b\u8fc5\u96f7\ud83d\ude21\ud83d\udc4a|Tailwind|p1b: \u6709\u79cd\u522b\u8fc5\u96f7\ud83d\ude21\ud83d\udc4a\n|-sidestart|p1: cxy090506|move: Tailwind\n|move|p1a: \u6839\u6e90\u6ce2\u52a8miss\u6211\u5c06\u8868\u6f14\u4eba\u5bff\ud83d\ude0b|Water Spout|p2a: Fezandipiti|[spread] p2a,p2b\n|-damage|p2a: Fezandipiti|0 fnt\n|-damage|p2b: Calyrex|4/100\n|faint|p2a: Fezandipiti\n|move|p2b: Calyrex|Astral Barrage|p1b: \u6709\u79cd\u522b\u8fc5\u96f7\ud83d\ude21\ud83d\udc4a|[spread] p1a,p1b\n|-damage|p1a: \u6839\u6e90\u6ce2\u52a8miss\u6211\u5c06\u8868\u6f14\u4eba\u5bff\ud83d\ude0b|58/100\n|-damage|p1b: \u6709\u79cd\u522b\u8fc5\u96f7\ud83d\ude21\ud83d\udc4a|0 fnt\n|faint|p1b: \u6709\u79cd\u522b\u8fc5\u96f7\ud83d\ude21\ud83d\udc4a\n|-ability|p2b: Calyrex|Grim Neigh|boost\n|-boost|p2b: Calyrex|spa|1\n|\n|-weather|RainDance|[upkeep]\n|-fieldend|move: Electric Terrain\n|upkeep\n|\n|t:|1776079191\n|switch|p1b: \u6765\u8ffd\u6211\u5440\uff0c\u5c0f\u732b\u54aa\ud83d\ude0b|Indeedee-F, L50, F|48/100\n|-fieldstart|move: Psychic Terrain|[from] ability: Psychic Surge|[of] p1b: \u6765\u8ffd\u6211\u5440\uff0c\u5c0f\u732b\u54aa\ud83d\ude0b\n|turn|9\n|c|\u2606cxy090506|gg\n|c|\u2606cxy090506|\ud83d\ude0b\ud83d\ude0b\ud83d\ude0b\n|\n|t:|1776079207\n|move|p1b: \u6765\u8ffd\u6211\u5440\uff0c\u5c0f\u732b\u54aa\ud83d\ude0b|Helping Hand|p1a: \u6839\u6e90\u6ce2\u52a8miss\u6211\u5c06\u8868\u6f14\u4eba\u5bff\ud83d\ude0b\n|-singleturn|p1a: \u6839\u6e90\u6ce2\u52a8miss\u6211\u5c06\u8868\u6f14\u4eba\u5bff\ud83d\ude0b|Helping Hand|[of] p1b: \u6765\u8ffd\u6211\u5440\uff0c\u5c0f\u732b\u54aa\ud83d\ude0b\n|move|p2b: Calyrex|Protect|p2b: Calyrex\n|-singleturn|p2b: Calyrex|Protect\n|move|p1a: \u6839\u6e90\u6ce2\u52a8miss\u6211\u5c06\u8868\u6f14\u4eba\u5bff\ud83d\ude0b|Water Spout|p2b: Calyrex\n|-activate|p2b: Calyrex|move: Protect\n|\n|-weather|RainDance|[upkeep]\n|upkeep\n|turn|10\n|-message|Luca8 forfeited.\n|\n|win|cxy090506\n|raw|cxy090506's rating: 1451 &rarr; <strong>1470</strong><br />(+19 for winning)\n|raw|Luca8's rating: 1439 &rarr; <strong>1420</strong><br />(-19 for losing)\n|l|\u2606Luca8\n|player|p2|\n","uploadtime":1776079451,"views":9,"formatid":"gen9vgc2026regi","rating":1420,"private":0,"password":null}