{"id":"gen9vgc2026regi-2560229439","format":"[Gen 9] VGC 2026 Reg I","players":["coderstone","DJCoolAwesome13"],"log":"|j|\u2606coderstone\n|j|\u2606DJCoolAwesome13\n|t:|1773668571\n|gametype|doubles\n|player|p1|coderstone|101|1137\n|player|p2|DJCoolAwesome13|2|1236\n|gen|9\n|tier|[Gen 9] VGC 2026 Reg I\n|rated|\n|rule|Species Clause: Limit one of each Pok\u00e9mon\n|rule|Item Clause: Limit 1 of each item\n|clearpoke\n|poke|p1|Terapagos, L50, M|\n|poke|p1|Pachirisu, L50, F|\n|poke|p1|Incineroar, L50, M|\n|poke|p1|Calyrex-Shadow, L50|\n|poke|p1|Rillaboom, L50, F|\n|poke|p1|Tornadus, L50, M|\n|poke|p2|Lunala, L50|\n|poke|p2|Ursaluna, L50, M|\n|poke|p2|Urshifu-*, L50, M|\n|poke|p2|Miraidon, L50|\n|poke|p2|Grimmsnarl, L50, M|\n|poke|p2|Incineroar, L50, M|\n|teampreview|4\n|\n|t:|1773668597\n|teamsize|p1|4\n|teamsize|p2|4\n|start\n|switch|p1a: Pachirisu|Pachirisu, L50, F|100/100\n|switch|p1b: Terapagos|Terapagos, L50, M|100/100\n|switch|p2a: Lunala|Lunala, L50|100/100\n|switch|p2b: Miraidon|Miraidon, L50|100/100\n|-activate|p1b: Terapagos|ability: Tera Shift\n|detailschange|p1b: Terapagos|Terapagos-Terastal, L50, M\n|-heal|p1b: Terapagos|100/100|[silent]\n|-fieldstart|move: Electric Terrain|[from] ability: Hadron Engine|[of] p2b: Miraidon\n|-enditem|p2a: Lunala|Electric Seed\n|-boost|p2a: Lunala|def|1|[from] item: Electric Seed\n|turn|1\n|\n|t:|1773668609\n|-terastallize|p1a: Pachirisu|Fairy\n|move|p1a: Pachirisu|Follow Me|p1a: Pachirisu\n|-singleturn|p1a: Pachirisu|move: Follow Me\n|move|p2b: Miraidon|Snarl|p1b: Terapagos|[spread] p1a,p1b\n|-resisted|p1a: Pachirisu\n|-activate|p1b: Terapagos|ability: Tera Shell\n|-resisted|p1b: Terapagos\n|-damage|p1a: Pachirisu|86/100\n|-damage|p1b: Terapagos|91/100\n|-unboost|p1a: Pachirisu|spa|1\n|move|p1b: Terapagos|Calm Mind|p1b: Terapagos\n|-boost|p1b: Terapagos|spa|1\n|-boost|p1b: Terapagos|spd|1\n|move|p2a: Lunala|Moongeist Beam|p1a: Pachirisu\n|-damage|p1a: Pachirisu|10/100\n|\n|upkeep\n|turn|2\n|\n|t:|1773668648\n|move|p1a: Pachirisu|Follow Me|p1a: Pachirisu\n|-singleturn|p1a: Pachirisu|move: Follow Me\n|move|p2b: Miraidon|Snarl|p1b: Terapagos|[spread] p1a,p1b\n|-resisted|p1a: Pachirisu\n|-damage|p1a: Pachirisu|0 fnt\n|-damage|p1b: Terapagos|79/100\n|faint|p1a: Pachirisu\n|move|p1b: Terapagos|Calm Mind|p1b: Terapagos\n|-boost|p1b: Terapagos|spa|1\n|-boost|p1b: Terapagos|spd|1\n|move|p2a: Lunala|Moonblast|p1b: Terapagos\n|-damage|p1b: Terapagos|62/100\n|\n|upkeep\n|\n|t:|1773668659\n|switch|p1a: Tornadus|Tornadus, L50, M|100/100\n|turn|3\n|\n|t:|1773668672\n|move|p2a: Lunala|Wide Guard|p2a: Lunala\n|-singleturn|p2a: Lunala|Wide Guard\n|move|p1a: Tornadus|Tailwind|p1a: Tornadus\n|-sidestart|p1: coderstone|move: Tailwind\n|move|p1b: Terapagos|Tera Starstorm|p2b: Miraidon\n|-damage|p2b: Miraidon|49/100\n|move|p2b: Miraidon|Volt Switch|p1a: Tornadus\n|-supereffective|p1a: Tornadus\n|-damage|p1a: Tornadus|0 fnt\n|faint|p1a: Tornadus\n|\n|t:|1773668688\n|switch|p2b: Urshifu|Urshifu-Rapid-Strike, L50, M|100/100|[from] Volt Switch\n|\n|upkeep\n|\n|t:|1773668704\n|switch|p1a: Calyrex|Calyrex-Shadow, L50|100/100\n|-ability|p1a: Calyrex|As One\n|-ability|p1a: Calyrex|Unnerve\n|turn|4\n|\n|t:|1773668747\n|move|p2a: Lunala|Wide Guard|p2a: Lunala\n|-singleturn|p2a: Lunala|Wide Guard\n|move|p2b: Urshifu|Aqua Jet|p1a: Calyrex\n|-damage|p1a: Calyrex|59/100\n|move|p1a: Calyrex|Astral Barrage|p2a: Lunala|[spread] \n|-activate|p2a: Lunala|move: Wide Guard\n|-activate|p2b: Urshifu|move: Wide Guard\n|move|p1b: Terapagos|Tera Starstorm|p2b: Urshifu\n|-damage|p2b: Urshifu|0 fnt\n|faint|p2b: Urshifu\n|\n|upkeep\n|\n|t:|1773668761\n|switch|p2b: Ursaluna|Ursaluna, L50, M|100/100\n|turn|5\n|\n|t:|1773668799\n|-terastallize|p2b: Ursaluna|Ghost\n|move|p2a: Lunala|Wide Guard|p2a: Lunala\n|-singleturn|p2a: Lunala|Wide Guard\n|move|p1a: Calyrex|Psychic|p2a: Lunala\n|-resisted|p2a: Lunala\n|-damage|p2a: Lunala|91/100\n|move|p1b: Terapagos|Flamethrower|p2a: Lunala\n|-damage|p2a: Lunala|51/100\n|-status|p2a: Lunala|brn\n|move|p2b: Ursaluna|Headlong Rush|p1a: Calyrex\n|-damage|p1a: Calyrex|0 fnt\n|-unboost|p2b: Ursaluna|def|1\n|-unboost|p2b: Ursaluna|spd|1\n|faint|p1a: Calyrex\n|\n|-damage|p2a: Lunala|45/100 brn|[from] brn\n|-fieldend|move: Electric Terrain\n|-status|p2b: Ursaluna|brn|[from] item: Flame Orb\n|upkeep\n|turn|6\n|c|\u2606coderstone|gg\n|\n|t:|1773668817\n|move|p2a: Lunala|Wide Guard|p2a: Lunala\n|-singleturn|p2a: Lunala|Wide Guard\n|move|p1b: Terapagos|Flamethrower|p2a: Lunala\n|-damage|p2a: Lunala|3/100 brn\n|move|p2b: Ursaluna|Facade|p1b: Terapagos\n|-damage|p1b: Terapagos|0 fnt\n|faint|p1b: Terapagos\n|\n|win|DJCoolAwesome13\n|raw|coderstone's rating: 1137 &rarr; <strong>1119</strong><br />(-18 for losing)\n|raw|DJCoolAwesome13's rating: 1236 &rarr; <strong>1254</strong><br />(+18 for winning)\n|l|\u2606coderstone\n|player|p1|\n|l|\u2606DJCoolAwesome13\n|player|p2|\n","uploadtime":1773669001,"views":10,"formatid":"gen9vgc2026regi","rating":1119,"private":0,"password":null}