{"id":"gen9vgc2026regi-2573361144","format":"[Gen 9] VGC 2026 Reg I","players":["pokepeiff","swordsdanceurshifu"],"log":"|j|\u2606pokepeiff\n|j|\u2606swordsdanceurshifu\n|t:|1775127895\n|gametype|doubles\n|player|p1|pokepeiff|li|1257\n|player|p2|swordsdanceurshifu|265|1393\n|gen|9\n|tier|[Gen 9] VGC 2026 Reg I\n|rated|\n|rule|Species Clause: Limit one of each Pok\u00e9mon\n|rule|Item Clause: Limit 1 of each item\n|clearpoke\n|poke|p1|Tornadus, L50, M|\n|poke|p1|Smeargle, L50, F|\n|poke|p1|Kyurem-White, L50|\n|poke|p1|Calyrex-Shadow, L50|\n|poke|p1|Meowstic, L50, M|\n|poke|p1|Iron Treads, L50|\n|poke|p2|Terapagos, L50, M|\n|poke|p2|Ho-Oh, L50|\n|poke|p2|Raging Bolt, L50|\n|poke|p2|Urshifu-*, L50, M|\n|poke|p2|Incineroar, L50, M|\n|poke|p2|Sinistcha, L50|\n|teampreview|4\n|inactive|Battle timer is ON: inactive players will automatically lose when time's up. (requested by swordsdanceurshifu)\n|inactive|pokepeiff also wants the timer to be on.\n|c|\u2606swordsdanceurshifu|meowstic cant mega yet\n|c|\u2606swordsdanceurshifu|but cool team\n|c|\u2606pokepeiff|Ty\n|inactive|pokepeiff has 60 seconds left.\n|inactive|swordsdanceurshifu has 60 seconds left.\n|c|\u2606pokepeiff|It's awkward in still working on it\n|\n|t:|1775127954\n|teamsize|p1|4\n|teamsize|p2|4\n|start\n|switch|p1a: Smeargle|Smeargle, L50, F, shiny|100/100\n|switch|p1b: Meowstic|Meowstic, L50, M, shiny|100/100\n|switch|p2a: Terapagos|Terapagos, L50, M|100/100\n|switch|p2b: Incineroar|Incineroar, L50, M|100/100\n|-activate|p2a: Terapagos|ability: Tera Shift\n|detailschange|p2a: Terapagos|Terapagos-Terastal, L50, M\n|-heal|p2a: Terapagos|100/100|[silent]\n|-ability|p2b: Incineroar|Intimidate|boost\n|-unboost|p1a: Smeargle|atk|1\n|-enditem|p1a: Smeargle|Adrenaline Orb\n|-boost|p1a: Smeargle|spe|1|[from] item: Adrenaline Orb\n|-unboost|p1b: Meowstic|atk|1\n|turn|1\n|c|\u2606swordsdanceurshifu|adren orb is crazy hahaha\n|\n|t:|1775127973\n|move|p1a: Smeargle|Baneful Bunker|p1a: Smeargle\n|-singleturn|p1a: Smeargle|move: Protect\n|move|p2b: Incineroar|Fake Out|p1a: Smeargle\n|-activate|p1a: Smeargle|move: Protect\n|-status|p2b: Incineroar|psn\n|move|p1b: Meowstic|Light Screen|p1b: Meowstic\n|-sidestart|p1: pokepeiff|move: Light Screen\n|move|p2a: Terapagos|Calm Mind|p2a: Terapagos\n|-boost|p2a: Terapagos|spa|1\n|-boost|p2a: Terapagos|spd|1\n|\n|-damage|p2b: Incineroar|88/100 psn|[from] psn\n|-ability|p1a: Smeargle|Moody|boost\n|-boost|p1a: Smeargle|spe|2\n|-unboost|p1a: Smeargle|atk|1\n|upkeep\n|turn|2\n|\n|t:|1775127998\n|move|p2a: Terapagos|Protect|p2a: Terapagos\n|-singleturn|p2a: Terapagos|Protect\n|move|p1b: Meowstic|Reflect|p1b: Meowstic\n|-sidestart|p1: pokepeiff|Reflect\n|move|p1a: Smeargle|Spore|p2a: Terapagos\n|-activate|p2a: Terapagos|move: Protect\n|move|p2b: Incineroar|U-turn|p1a: Smeargle\n|-damage|p1a: Smeargle|72/100\n|\n|t:|1775128004\n|switch|p2b: Sinistcha|Sinistcha, L50|100/100|[from] U-turn\n|\n|-ability|p1a: Smeargle|Moody|boost\n|-boost|p1a: Smeargle|spd|2\n|-unboost|p1a: Smeargle|def|1\n|upkeep\n|turn|3\n|inactive|pokepeiff has 30 seconds left.\n|\n|t:|1775128032\n|move|p2b: Sinistcha|Rage Powder|p2b: Sinistcha\n|-singleturn|p2b: Sinistcha|move: Rage Powder\n|move|p1b: Meowstic|Skill Swap|p2b: Sinistcha\n|-activate|p1b: Meowstic|Skill Swap|Hospitality|Prankster|[of] p2b: Sinistcha\n|-heal|p1a: Smeargle|97/100|[from] ability: Hospitality|[of] p1b: Meowstic\n|move|p1a: Smeargle|Spore|p2b: Sinistcha\n|-immune|p2b: Sinistcha\n|move|p2a: Terapagos|Calm Mind|p2a: Terapagos\n|-boost|p2a: Terapagos|spa|1\n|-boost|p2a: Terapagos|spd|1\n|\n|-ability|p1a: Smeargle|Moody|boost\n|-boost|p1a: Smeargle|spd|2\n|-unboost|p1a: Smeargle|spe|1\n|upkeep\n|turn|4\n|inactive|pokepeiff has 30 seconds left.\n|\n|t:|1775128058\n|switch|p1a: Calyrex|Calyrex-Shadow, L50|100/100\n|-ability|p1a: Calyrex|As One\n|-ability|p1a: Calyrex|Unnerve\n|switch|p1b: Kyurem|Kyurem-White, L50, shiny|100/100\n|-ability|p1b: Kyurem|Turboblaze\n|-terastallize|p2a: Terapagos|Stellar\n|detailschange|p2a: Terapagos|Terapagos-Stellar, L50, M, tera:Stellar\n|-heal|p2a: Terapagos|100/100|[silent]\n|move|p2b: Sinistcha|Rage Powder|p2b: Sinistcha\n|-singleturn|p2b: Sinistcha|move: Rage Powder\n|move|p2a: Terapagos|Tera Starstorm|p1a: Calyrex|[spread] p1a,p1b\n|-damage|p1a: Calyrex|50/100\n|-damage|p1b: Kyurem|73/100\n|\n|upkeep\n|turn|5\n|\n|t:|1775128081\n|switch|p2b: Incineroar|Incineroar, L50, M|88/100 psn\n|-ability|p2b: Incineroar|Intimidate|boost\n|-unboost|p1a: Calyrex|atk|1\n|-unboost|p1b: Kyurem|atk|1\n|move|p1a: Calyrex|Protect|p1a: Calyrex\n|-singleturn|p1a: Calyrex|Protect\n|move|p1b: Kyurem|Blizzard|p2a: Terapagos|[spread] p2b\n|-miss|p1b: Kyurem|p2a: Terapagos\n|-resisted|p2b: Incineroar\n|-damage|p2b: Incineroar|74/100 psn\n|move|p2a: Terapagos|Tera Starstorm|p1b: Kyurem|[spread] p1b\n|-activate|p1a: Calyrex|move: Protect\n|-damage|p1b: Kyurem|44/100\n|\n|-damage|p2b: Incineroar|61/100 psn|[from] psn\n|upkeep\n|turn|6\n|\n|t:|1775128095\n|move|p2b: Incineroar|Fake Out|p1b: Kyurem\n|-damage|p1b: Kyurem|38/100\n|move|p1a: Calyrex|Pollen Puff|p1b: Kyurem\n|-heal|p1b: Kyurem|88/100\n|cant|p1b: Kyurem|flinch\n|move|p2a: Terapagos|Tera Starstorm|p1b: Kyurem|[spread] p1a,p1b\n|-damage|p1a: Calyrex|0 fnt\n|-damage|p1b: Kyurem|60/100\n|faint|p1a: Calyrex\n|\n|-damage|p2b: Incineroar|49/100 psn|[from] psn\n|upkeep\n|\n|t:|1775128099\n|switch|p1a: Smeargle|Smeargle, L50, F, shiny|97/100\n|turn|7\n|\n|t:|1775128114\n|move|p2a: Terapagos|Protect|p2a: Terapagos\n|-singleturn|p2a: Terapagos|Protect\n|move|p1a: Smeargle|Spore|p2a: Terapagos\n|-activate|p2a: Terapagos|move: Protect\n|move|p1b: Kyurem|Freeze-Dry|p2b: Incineroar\n|-resisted|p2b: Incineroar\n|-damage|p2b: Incineroar|37/100 psn\n|move|p2b: Incineroar|U-turn|p1a: Smeargle\n|-damage|p1a: Smeargle|67/100\n|\n|t:|1775128122\n|switch|p2b: Sinistcha|Sinistcha, L50|100/100|[from] U-turn\n|\n|-ability|p1a: Smeargle|Moody|boost\n|-boost|p1a: Smeargle|spa|2\n|-unboost|p1a: Smeargle|def|1\n|upkeep\n|turn|8\n|\n|t:|1775128134\n|move|p2b: Sinistcha|Rage Powder|p2b: Sinistcha\n|-singleturn|p2b: Sinistcha|move: Rage Powder\n|move|p1a: Smeargle|Decorate|p2b: Sinistcha\n|-boost|p2b: Sinistcha|atk|2\n|-boost|p2b: Sinistcha|spa|2\n|move|p1b: Kyurem|Blizzard|p2a: Terapagos|[spread] p2b\n|-miss|p1b: Kyurem|p2a: Terapagos\n|-supereffective|p2b: Sinistcha\n|-crit|p2b: Sinistcha\n|-enditem|p2b: Sinistcha|Focus Sash\n|-damage|p2b: Sinistcha|1/100\n|move|p2a: Terapagos|Tera Starstorm|p1a: Smeargle|[spread] p1a,p1b\n|-crit|p1a: Smeargle\n|-damage|p1a: Smeargle|0 fnt\n|-damage|p1b: Kyurem|29/100\n|faint|p1a: Smeargle\n|\n|-sideend|p1: pokepeiff|move: Light Screen\n|upkeep\n|c|\u2606pokepeiff|Gg\n|-message|pokepeiff forfeited.\n|\n|win|swordsdanceurshifu\n|raw|pokepeiff's rating: 1257 &rarr; <strong>1241</strong><br />(-16 for losing)\n|raw|swordsdanceurshifu's rating: 1393 &rarr; <strong>1406</strong><br />(+13 for winning)\n|l|\u2606pokepeiff\n|player|p1|\n|c|\u2606swordsdanceurshifu|gg\n","uploadtime":1775128148,"views":29,"formatid":"gen9vgc2026regi","rating":1241,"private":0,"password":null}