{"id":"gen9vgc2026regi-2542102028","format":"[Gen 9] VGC 2026 Reg I","players":["j0l0k0","mohammed mo7trf"],"log":"|j|\u2606j0l0k0\n|j|\u2606mohammed mo7trf\n|t:|1771414563\n|gametype|doubles\n|player|p1|j0l0k0|brycen|1371\n|player|p2|mohammed mo7trf|nate|1473\n|gen|9\n|tier|[Gen 9] VGC 2026 Reg I\n|rated|\n|rule|Species Clause: Limit one of each Pok\u00e9mon\n|rule|Item Clause: Limit 1 of each item\n|clearpoke\n|poke|p1|Calyrex-Ice, L50|\n|poke|p1|Kyogre, L50|\n|poke|p1|Indeedee-F, L50, F|\n|poke|p1|Urshifu-*, L50, F|\n|poke|p1|Amoonguss, L50, F|\n|poke|p1|Landorus, L50, M|\n|poke|p2|Calyrex-Ice, L50|\n|poke|p2|Lunala, L50|\n|poke|p2|Smeargle, L50, M|\n|poke|p2|Iron Hands, L50|\n|poke|p2|Torkoal, L50, M|\n|poke|p2|Ursaluna, L50, M|\n|teampreview|4\n|inactive|Battle timer is ON: inactive players will automatically lose when time's up. (requested by j0l0k0)\n|j| lunala fairy ghost\n|\n|t:|1771414583\n|teamsize|p1|4\n|teamsize|p2|4\n|start\n|switch|p1a: Kyogre|Kyogre, L50, shiny|100/100\n|switch|p1b: Indeedee|Indeedee-F, L50, F, shiny|100/100\n|switch|p2a: Calyrex|Calyrex-Ice, L50|100/100\n|switch|p2b: deathegg|Iron Hands, L50|100/100\n|-ability|p2a: Calyrex|As One\n|-ability|p2a: Calyrex|Unnerve\n|-fieldstart|move: Psychic Terrain|[from] ability: Psychic Surge|[of] p1b: Indeedee\n|-weather|RainDance|[from] ability: Drizzle|[of] p1a: Kyogre\n|turn|1\n|\n|t:|1771414595\n|-end|p2b: deathegg|Quark Drive|[silent]\n|switch|p2b: Torkoal|Torkoal, L50, M, shiny|100/100\n|-weather|SunnyDay|[from] ability: Drought|[of] p2b: Torkoal\n|-terastallize|p1a: Kyogre|Grass\n|move|p1b: Indeedee|Helping Hand|p1a: Kyogre\n|-singleturn|p1a: Kyogre|Helping Hand|[of] p1b: Indeedee\n|move|p1a: Kyogre|Water Spout|p2a: Calyrex|[spread] p2a,p2b\n|-supereffective|p2b: Torkoal\n|-damage|p2a: Calyrex|66/100\n|-damage|p2b: Torkoal|0 fnt\n|faint|p2b: Torkoal\n|move|p2a: Calyrex|Glacial Lance|p1b: Indeedee|[spread] p1a,p1b\n|-supereffective|p1a: Kyogre\n|-damage|p1a: Kyogre|0 fnt\n|-damage|p1b: Indeedee|34/100\n|faint|p1a: Kyogre\n|-ability|p2a: Calyrex|Chilling Neigh|boost\n|-boost|p2a: Calyrex|atk|1\n|\n|-weather|SunnyDay|[upkeep]\n|upkeep\n|\n|t:|1771414614\n|switch|p1a: Landorus|Landorus, L50, M, shiny|100/100\n|switch|p2b: Lunala|Lunala, L50, shiny|100/100\n|turn|2\n|l| lunala fairy ghost\n|j| lunala fairy ghost\n|l| lunala fairy ghost\n|\n|t:|1771414634\n|move|p1b: Indeedee|Helping Hand|p1a: Landorus\n|-singleturn|p1a: Landorus|Helping Hand|[of] p1b: Indeedee\n|move|p2a: Calyrex|Protect|p2a: Calyrex\n|-singleturn|p2a: Calyrex|Protect\n|move|p1a: Landorus|Sandsear Storm|p2b: Lunala|[spread] p2b\n|-activate|p2a: Calyrex|move: Protect\n|-damage|p2b: Lunala|67/100\n|move|p2b: Lunala|Moonblast|p1a: Landorus\n|-damage|p1a: Landorus|61/100\n|\n|-weather|SunnyDay|[upkeep]\n|-heal|p2b: Lunala|73/100|[from] item: Leftovers\n|upkeep\n|turn|3\n|inactive|j0l0k0 has 30 seconds left.\n|inactive|j0l0k0 has 20 seconds left.\n|inactive|j0l0k0 has 15 seconds left.\n|inactive|j0l0k0 has 10 seconds left.\n|\n|t:|1771414681\n|move|p1b: Indeedee|Helping Hand|p1a: Landorus\n|-singleturn|p1a: Landorus|Helping Hand|[of] p1b: Indeedee\n|move|p2b: Lunala|Wide Guard|p2b: Lunala\n|-singleturn|p2b: Lunala|Wide Guard\n|move|p1a: Landorus|Earth Power|p2a: Calyrex\n|-damage|p2a: Calyrex|0 fnt\n|faint|p2a: Calyrex\n|\n|-weather|SunnyDay|[upkeep]\n|-heal|p2b: Lunala|80/100|[from] item: Leftovers\n|upkeep\n|\n|t:|1771414697\n|switch|p2a: deathegg|Iron Hands, L50|100/100\n|turn|4\n|\n|t:|1771414714\n|-terastallize|p2a: deathegg|Bug\n|move|p1a: Landorus|Sandsear Storm|p2b: Lunala|[spread] p2a,p2b\n|-resisted|p2a: deathegg\n|-damage|p2a: deathegg|83/100\n|-damage|p2b: Lunala|37/100\n|move|p2b: Lunala|Moongeist Beam|p1a: Landorus\n|-damage|p1a: Landorus|0 fnt\n|faint|p1a: Landorus\n|move|p2a: deathegg|Wild Charge|p1b: Indeedee\n|-crit|p1b: Indeedee\n|-damage|p1b: Indeedee|0 fnt\n|faint|p1b: Indeedee\n|-damage|p2a: deathegg|77/100|[from] Recoil\n|\n|-weather|SunnyDay|[upkeep]\n|-heal|p2b: Lunala|43/100|[from] item: Leftovers\n|upkeep\n|\n|t:|1771414720\n|switch|p1b: Calyrex|Calyrex-Ice, L50|100/100\n|-ability|p1b: Calyrex|As One\n|-ability|p1b: Calyrex|Unnerve\n|turn|5\n|\n|t:|1771414737\n|move|p2b: Lunala|Moongeist Beam|p1b: Calyrex\n|-supereffective|p1b: Calyrex\n|-damage|p1b: Calyrex|24/100\n|move|p2a: deathegg|Wild Charge|p1b: Calyrex\n|-damage|p1b: Calyrex|0 fnt\n|faint|p1b: Calyrex\n|-damage|p2a: deathegg|72/100|[from] Recoil\n|\n|win|mohammed mo7trf\n|raw|j0l0k0's rating: 1371 &rarr; <strong>1357</strong><br />(-14 for losing)\n|raw|mohammed mo7trf's rating: 1473 &rarr; <strong>1487</strong><br />(+14 for winning)\n|l|\u2606j0l0k0\n|player|p1|\n","uploadtime":1771414972,"views":12,"formatid":"gen9vgc2026regi","rating":1357,"private":0,"password":null}