{"id":"gen9vgc2026regi-2519447926","format":"[Gen 9] VGC 2026 Reg I","players":["kojimuranishi","Joe Dirtwo"],"log":"|j|\u2606kojimuranishi\n|j|\u2606Joe Dirtwo\n|t:|1768506821\n|gametype|doubles\n|player|p1|kojimuranishi|265|1466\n|player|p2|Joe Dirtwo|gentleman|1324\n|gen|9\n|tier|[Gen 9] VGC 2026 Reg I\n|rated|\n|rule|Species Clause: Limit one of each Pok\u00e9mon\n|rule|Item Clause: Limit 1 of each item\n|clearpoke\n|poke|p1|Zamazenta-*, L50|\n|poke|p1|Lunala, L50|\n|poke|p1|Chien-Pao, L50|\n|poke|p1|Dragonite, L50, M|\n|poke|p1|Chi-Yu, L50|\n|poke|p1|Urshifu-*, L50, F|\n|poke|p2|Kyogre, L50|\n|poke|p2|Rillaboom, L50, F|\n|poke|p2|Incineroar, L50, F|\n|poke|p2|Farigiraf, L50, M|\n|poke|p2|Lugia, L50|\n|poke|p2|Raichu, L50, F|\n|teampreview|4\n|inactive|Battle timer is ON: inactive players will automatically lose when time's up. (requested by kojimuranishi)\n|\n|t:|1768506844\n|teamsize|p1|4\n|teamsize|p2|4\n|start\n|switch|p1a: Zamazenta|Zamazenta-Crowned, L50|100/100\n|switch|p1b: Lunala|Lunala, L50|100/100\n|switch|p2a: Incineroar|Incineroar, L50, F|100/100\n|switch|p2b: Lugia|Lugia, L50|100/100\n|-ability|p1a: Zamazenta|Dauntless Shield|boost\n|-boost|p1a: Zamazenta|def|1\n|-ability|p2a: Incineroar|Intimidate|boost\n|-unboost|p1a: Zamazenta|atk|1\n|-unboost|p1b: Lunala|atk|1\n|turn|1\n|\n|t:|1768506860\n|-terastallize|p2b: Lugia|Water\n|move|p2a: Incineroar|Fake Out|p1a: Zamazenta\n|-resisted|p1a: Zamazenta\n|-damage|p1a: Zamazenta|98/100\n|cant|p1a: Zamazenta|flinch\n|move|p2b: Lugia|Calm Mind|p2b: Lugia\n|-boost|p2b: Lugia|spa|1\n|-boost|p2b: Lugia|spd|1\n|move|p1b: Lunala|Meteor Beam||[still]\n|-prepare|p1b: Lunala|Meteor Beam\n|-boost|p1b: Lunala|spa|1\n|-enditem|p1b: Lunala|Power Herb\n|-anim|p1b: Lunala|Meteor Beam|p2b: Lugia\n|-damage|p2b: Lugia|86/100\n|\n|-heal|p2b: Lugia|92/100|[from] item: Leftovers\n|upkeep\n|turn|2\n|inactive|kojimuranishi has 30 seconds left.\n|\n|t:|1768506890\n|move|p1a: Zamazenta|Body Press|p2a: Incineroar\n|-supereffective|p2a: Incineroar\n|-damage|p2a: Incineroar|0 fnt\n|faint|p2a: Incineroar\n|move|p2b: Lugia|Calm Mind|p2b: Lugia\n|-boost|p2b: Lugia|spa|1\n|-boost|p2b: Lugia|spd|1\n|move|p1b: Lunala|Meteor Beam||[still]\n|-prepare|p1b: Lunala|Meteor Beam\n|-boost|p1b: Lunala|spa|1\n|\n|-heal|p2b: Lugia|98/100|[from] item: Leftovers\n|upkeep\n|\n|t:|1768506901\n|switch|p2a: Kyogre|Kyogre, L50|100/100\n|-weather|RainDance|[from] ability: Drizzle|[of] p2a: Kyogre\n|turn|3\n|\n|t:|1768506915\n|move|p2a: Kyogre|Protect|p2a: Kyogre\n|-singleturn|p2a: Kyogre|Protect\n|move|p1a: Zamazenta|Body Press|p2a: Kyogre\n|-activate|p2a: Kyogre|move: Protect\n|move|p2b: Lugia|Hurricane|p1a: Zamazenta\n|-damage|p1a: Zamazenta|41/100\n|-start|p1a: Zamazenta|confusion\n|move|p1b: Lunala|Meteor Beam|p2a: Kyogre|[from] lockedmove\n|-activate|p2a: Kyogre|move: Protect\n|\n|-weather|RainDance|[upkeep]\n|-heal|p2b: Lugia|100/100|[from] item: Leftovers\n|upkeep\n|turn|4\n|\n|t:|1768506932\n|-activate|p1a: Zamazenta|confusion\n|-damage|p1a: Zamazenta|38/100|[from] confusion\n|move|p2b: Lugia|Hurricane|p1a: Zamazenta\n|-damage|p1a: Zamazenta|0 fnt\n|faint|p1a: Zamazenta\n|move|p2a: Kyogre|Origin Pulse|p1b: Lunala|[miss]\n|-miss|p2a: Kyogre|p1b: Lunala\n|move|p1b: Lunala|Moongeist Beam|p2b: Lugia\n|-damage|p2b: Lugia|68/100\n|\n|-weather|RainDance|[upkeep]\n|-heal|p2b: Lugia|74/100|[from] item: Leftovers\n|upkeep\n|inactive|kojimuranishi has 30 seconds left.\n|\n|t:|1768506961\n|switch|p1a: Dragonite|Dragonite, L50, M|100/100\n|turn|5\n|\n|t:|1768506970\n|move|p2b: Lugia|Psyshock|p1a: Dragonite\n|-damage|p1a: Dragonite|62/100\n|move|p2a: Kyogre|Water Spout|p1a: Dragonite|[spread] p1a,p1b\n|-resisted|p1a: Dragonite\n|-damage|p1a: Dragonite|0 fnt\n|-damage|p1b: Lunala|58/100\n|faint|p1a: Dragonite\n|move|p1b: Lunala|Moongeist Beam|p2b: Lugia\n|-damage|p2b: Lugia|41/100\n|\n|-weather|RainDance|[upkeep]\n|-heal|p2b: Lugia|47/100|[from] item: Leftovers\n|upkeep\n|\n|t:|1768506983\n|switch|p1a: Chien-Pao|Chien-Pao, L50|100/100\n|-ability|p1a: Chien-Pao|Sword of Ruin\n|turn|6\n|\n|t:|1768506990\n|switch|p2a: Farigiraf|Farigiraf, L50, M|100/100\n|move|p1a: Chien-Pao|Sucker Punch||[still]\n|cant|p2a: Farigiraf|ability: Armor Tail|Sucker Punch|[of] p1a: Chien-Pao\n|move|p2b: Lugia|Recover|p2b: Lugia\n|-heal|p2b: Lugia|97/100\n|move|p1b: Lunala|Moongeist Beam|p2a: Farigiraf\n|-immune|p2a: Farigiraf\n|\n|-weather|RainDance|[upkeep]\n|-heal|p2b: Lugia|100/100|[from] item: Leftovers\n|upkeep\n|turn|7\n|\n|t:|1768507008\n|move|p1a: Chien-Pao|Crunch|p2a: Farigiraf\n|-supereffective|p2a: Farigiraf\n|-damage|p2a: Farigiraf|0 fnt\n|faint|p2a: Farigiraf\n|-damage|p1a: Chien-Pao|91/100|[from] item: Life Orb\n|move|p2b: Lugia|Hurricane|p1a: Chien-Pao\n|-damage|p1a: Chien-Pao|0 fnt\n|faint|p1a: Chien-Pao\n|move|p1b: Lunala|Moongeist Beam|p2b: Lugia\n|-damage|p2b: Lugia|66/100\n|\n|-weather|none\n|-heal|p2b: Lugia|73/100|[from] item: Leftovers\n|upkeep\n|-message|kojimuranishi forfeited.\n|\n|win|Joe Dirtwo\n|raw|kojimuranishi's rating: 1466 &rarr; <strong>1438</strong><br />(-28 for losing)\n|raw|Joe Dirtwo's rating: 1324 &rarr; <strong>1352</strong><br />(+28 for winning)\n|l|\u2606kojimuranishi\n|player|p1|\n|l|\u2606Joe Dirtwo\n|player|p2|\n","uploadtime":1768507241,"views":35,"formatid":"gen9vgc2026regi","rating":1352,"private":0,"password":null}