{"id":"gen9vgc2026regi-2549137326","format":"[Gen 9] VGC 2026 Reg I","players":["Gosmerko24","ryo8989"],"log":"|j|\u2606Gosmerko24\n|j|\u2606ryo8989\n|t:|1772310700\n|gametype|doubles\n|player|p1|Gosmerko24|liko|1436\n|player|p2|ryo8989|erika|1433\n|gen|9\n|tier|[Gen 9] VGC 2026 Reg I\n|rated|\n|rule|Species Clause: Limit one of each Pok\u00e9mon\n|rule|Item Clause: Limit 1 of each item\n|clearpoke\n|poke|p1|Calyrex-Ice, L50|\n|poke|p1|Indeedee-F, L50, F|\n|poke|p1|Giratina-Origin, L50|\n|poke|p1|Landorus-Therian, L50, M|\n|poke|p1|Alcremie-Rainbow-Swirl, L50, F|\n|poke|p1|Iron Valiant, L50|\n|poke|p2|Calyrex-Shadow, L50|\n|poke|p2|Zamazenta-*, L50|\n|poke|p2|Whimsicott, L50, M|\n|poke|p2|Rillaboom, L50, F|\n|poke|p2|Incineroar, L50, F|\n|poke|p2|Raging Bolt, L50|\n|teampreview|4\n|inactive|Battle timer is ON: inactive players will automatically lose when time's up. (requested by Gosmerko24)\n|\n|t:|1772310726\n|teamsize|p1|4\n|teamsize|p2|4\n|start\n|switch|p1a: Calyrex|Calyrex-Ice, L50|100/100\n|switch|p1b: Indeedee|Indeedee-F, L50, F|100/100\n|switch|p2a: Calyrex|Calyrex-Shadow, L50|100/100\n|switch|p2b: Incineroar|Incineroar, L50, F|100/100\n|-ability|p2a: Calyrex|As One\n|-ability|p2a: Calyrex|Unnerve\n|-ability|p1a: Calyrex|As One\n|-ability|p1a: Calyrex|Unnerve\n|-fieldstart|move: Psychic Terrain|[from] ability: Psychic Surge|[of] p1b: Indeedee\n|-ability|p2b: Incineroar|Intimidate|boost\n|-fail|p1a: Calyrex|unboost|[from] item: Clear Amulet|[of] p1a: Calyrex\n|-unboost|p1b: Indeedee|atk|1\n|turn|1\n|inactive|ryo8989 has 30 seconds left.\n|\n|t:|1772310757\n|-terastallize|p1a: Calyrex|Normal\n|move|p2a: Calyrex|Pollen Puff|p1b: Indeedee\n|-supereffective|p1b: Indeedee\n|-damage|p1b: Indeedee|0 fnt\n|faint|p1b: Indeedee\n|-ability|p2a: Calyrex|Grim Neigh|boost\n|-boost|p2a: Calyrex|spa|1\n|-damage|p2a: Calyrex|91/100|[from] item: Life Orb\n|move|p2b: Incineroar|Knock Off|p1a: Calyrex\n|-damage|p1a: Calyrex|76/100\n|-enditem|p1a: Calyrex|Clear Amulet|[from] move: Knock Off|[of] p2b: Incineroar\n|move|p1a: Calyrex|Glacial Lance|p2a: Calyrex|[spread] p2a,p2b\n|-resisted|p2b: Incineroar\n|-damage|p2a: Calyrex|30/100\n|-damage|p2b: Incineroar|78/100\n|\n|upkeep\n|\n|t:|1772310764\n|switch|p1b: Landorus|Landorus-Therian, L50, M, shiny|100/100\n|-ability|p1b: Landorus|Intimidate|boost\n|-unboost|p2a: Calyrex|atk|1\n|-unboost|p2b: Incineroar|atk|1\n|turn|2\n|\n|t:|1772310787\n|switch|p2a: Rillaboom|Rillaboom, L50, F|100/100\n|-fieldstart|move: Grassy Terrain|[from] ability: Grassy Surge|[of] p2a: Rillaboom\n|move|p1b: Landorus|Rock Slide|p2b: Incineroar|[spread] \n|-miss|p1b: Landorus|p2a: Rillaboom\n|-miss|p1b: Landorus|p2b: Incineroar\n|move|p2b: Incineroar|Parting Shot|p1a: Calyrex\n|-unboost|p1a: Calyrex|atk|1\n|-unboost|p1a: Calyrex|spa|1\n|\n|t:|1772310798\n|switch|p2b: Zamazenta|Zamazenta-Crowned, L50|100/100|[from] Parting Shot\n|-ability|p2b: Zamazenta|Dauntless Shield|boost\n|-boost|p2b: Zamazenta|def|1\n|move|p1a: Calyrex|High Horsepower|p2b: Zamazenta\n|-supereffective|p2b: Zamazenta\n|-damage|p2b: Zamazenta|77/100\n|\n|-heal|p2b: Zamazenta|83/100|[from] Grassy Terrain\n|-heal|p1a: Calyrex|82/100|[from] Grassy Terrain\n|upkeep\n|turn|3\n|c|\u2606Gosmerko24|hell nah\n|\n|t:|1772310819\n|move|p2b: Zamazenta|Wide Guard|p2b: Zamazenta\n|-singleturn|p2b: Zamazenta|Wide Guard\n|move|p1b: Landorus|Rock Slide|p2b: Zamazenta|[spread] \n|-activate|p2a: Rillaboom|move: Wide Guard\n|-activate|p2b: Zamazenta|move: Wide Guard\n|move|p2a: Rillaboom|U-turn|p1a: Calyrex\n|-damage|p1a: Calyrex|67/100\n|\n|t:|1772310828\n|switch|p2a: Calyrex|Calyrex-Shadow, L50|30/100|[from] U-turn\n|-ability|p2a: Calyrex|As One\n|-ability|p2a: Calyrex|Unnerve\n|move|p1a: Calyrex|Glacial Lance|p2a: Calyrex|[spread] \n|-activate|p2a: Calyrex|move: Wide Guard\n|-activate|p2b: Zamazenta|move: Wide Guard\n|\n|-heal|p2a: Calyrex|36/100|[from] Grassy Terrain\n|-heal|p2b: Zamazenta|89/100|[from] Grassy Terrain\n|-heal|p1a: Calyrex|73/100|[from] Grassy Terrain\n|upkeep\n|turn|4\n|inactive|Gosmerko24 has 30 seconds left.\n|\n|t:|1772310859\n|move|p2b: Zamazenta|Wide Guard|p2b: Zamazenta\n|-singleturn|p2b: Zamazenta|Wide Guard\n|move|p1b: Landorus|Rock Slide|p2b: Zamazenta|[spread] \n|-activate|p2a: Calyrex|move: Wide Guard\n|-activate|p2b: Zamazenta|move: Wide Guard\n|move|p2a: Calyrex|Astral Barrage|p1b: Landorus|[spread] p1b\n|-immune|p1a: Calyrex\n|-damage|p1b: Landorus|6/100\n|-damage|p2a: Calyrex|27/100|[from] item: Life Orb\n|move|p1a: Calyrex|High Horsepower|p2a: Calyrex\n|-damage|p2a: Calyrex|0 fnt\n|faint|p2a: Calyrex\n|-ability|p1a: Calyrex|Chilling Neigh|boost\n|-boost|p1a: Calyrex|atk|1\n|\n|-heal|p2b: Zamazenta|95/100|[from] Grassy Terrain\n|-heal|p1a: Calyrex|79/100|[from] Grassy Terrain\n|upkeep\n|\n|t:|1772310880\n|switch|p2a: Rillaboom|Rillaboom, L50, F|100/100\n|turn|5\n|\n|t:|1772310892\n|move|p1b: Landorus|Rock Slide|p2b: Zamazenta|[spread] p2a,p2b\n|-resisted|p2b: Zamazenta\n|-damage|p2a: Rillaboom|82/100\n|-damage|p2b: Zamazenta|93/100\n|cant|p2b: Zamazenta|flinch\n|move|p2a: Rillaboom|U-turn|p1b: Landorus\n|-resisted|p1b: Landorus\n|-damage|p1b: Landorus|0 fnt\n|faint|p1b: Landorus\n|\n|t:|1772310902\n|switch|p2a: Incineroar|Incineroar, L50, F|78/100|[from] U-turn\n|-ability|p2a: Incineroar|Intimidate|boost\n|-unboost|p1a: Calyrex|atk|1\n|move|p1a: Calyrex|Zen Headbutt|p2a: Incineroar\n|-immune|p2a: Incineroar\n|\n|-heal|p2b: Zamazenta|99/100|[from] Grassy Terrain\n|-heal|p2a: Incineroar|84/100|[from] Grassy Terrain\n|-heal|p1a: Calyrex|85/100|[from] Grassy Terrain\n|upkeep\n|\n|t:|1772310906\n|switch|p1b: Giratina|Giratina-Origin, L50|100/100\n|turn|6\n|\n|t:|1772310921\n|move|p2b: Zamazenta|Body Press|p1a: Calyrex\n|-supereffective|p1a: Calyrex\n|-damage|p1a: Calyrex|8/100\n|move|p1b: Giratina|Shadow Force||[still]\n|-prepare|p1b: Giratina|Shadow Force\n|move|p2a: Incineroar|Knock Off|p1b: Giratina|[miss]\n|-miss|p2a: Incineroar|p1b: Giratina\n|move|p1a: Calyrex|Trick Room|p1a: Calyrex\n|-fieldstart|move: Trick Room|[of] p1a: Calyrex\n|\n|-heal|p1a: Calyrex|14/100|[from] Grassy Terrain\n|-heal|p2a: Incineroar|90/100|[from] Grassy Terrain\n|-heal|p2b: Zamazenta|100/100|[from] Grassy Terrain\n|-fieldend|move: Grassy Terrain\n|upkeep\n|turn|7\n|\n|t:|1772310936\n|switch|p2a: Rillaboom|Rillaboom, L50, F|82/100\n|-fieldstart|move: Grassy Terrain|[from] ability: Grassy Surge|[of] p2a: Rillaboom\n|move|p1a: Calyrex|High Horsepower|p2a: Rillaboom\n|-resisted|p2a: Rillaboom\n|-damage|p2a: Rillaboom|68/100\n|move|p1b: Giratina|Shadow Force|p2a: Rillaboom|[from] lockedmove\n|-damage|p2a: Rillaboom|0 fnt\n|faint|p2a: Rillaboom\n|move|p2b: Zamazenta|Body Press|p1a: Calyrex\n|-supereffective|p1a: Calyrex\n|-damage|p1a: Calyrex|0 fnt\n|faint|p1a: Calyrex\n|\n|upkeep\n|\n|t:|1772310952\n|switch|p2a: Incineroar|Incineroar, L50, F|90/100\n|-ability|p2a: Incineroar|Intimidate|boost\n|-unboost|p1b: Giratina|atk|1\n|turn|8\n|\n|t:|1772310959\n|move|p2a: Incineroar|Knock Off|p1b: Giratina\n|-supereffective|p1b: Giratina\n|-damage|p1b: Giratina|68/100\n|move|p1b: Giratina|Draco Meteor|p2a: Incineroar\n|-damage|p2a: Incineroar|33/100\n|-unboost|p1b: Giratina|spa|2\n|move|p2b: Zamazenta|Body Press|p1b: Giratina\n|-immune|p1b: Giratina\n|\n|-heal|p2a: Incineroar|39/100|[from] Grassy Terrain\n|upkeep\n|turn|9\n|\n|t:|1772310974\n|move|p2a: Incineroar|Knock Off|p1b: Giratina\n|-supereffective|p1b: Giratina\n|-damage|p1b: Giratina|36/100\n|move|p1b: Giratina|Shadow Force||[still]\n|-prepare|p1b: Giratina|Shadow Force\n|move|p2b: Zamazenta|Heavy Slam|p1b: Giratina|[miss]\n|-miss|p2b: Zamazenta|p1b: Giratina\n|\n|-heal|p2a: Incineroar|45/100|[from] Grassy Terrain\n|upkeep\n|turn|10\n|\n|t:|1772310990\n|move|p2a: Incineroar|Parting Shot|p1b: Giratina|[miss]\n|-miss|p2a: Incineroar|p1b: Giratina\n|move|p1b: Giratina|Shadow Force|p2a: Incineroar|[from] lockedmove\n|-resisted|p2a: Incineroar\n|-damage|p2a: Incineroar|26/100\n|move|p2b: Zamazenta|Heavy Slam|p1b: Giratina\n|-damage|p1b: Giratina|26/100\n|\n|-heal|p2a: Incineroar|32/100|[from] Grassy Terrain\n|-fieldend|move: Trick Room\n|upkeep\n|turn|11\n|\n|t:|1772311007\n|move|p2b: Zamazenta|Heavy Slam|p1b: Giratina\n|-damage|p1b: Giratina|15/100\n|move|p1b: Giratina|Draco Meteor|p2a: Incineroar\n|-damage|p2a: Incineroar|3/100\n|-unboost|p1b: Giratina|spa|2\n|move|p2a: Incineroar|Knock Off|p1b: Giratina\n|-supereffective|p1b: Giratina\n|-damage|p1b: Giratina|0 fnt\n|faint|p1b: Giratina\n|\n|win|ryo8989\n|raw|Gosmerko24's rating: 1436 &rarr; <strong>1416</strong><br />(-20 for losing)\n|raw|ryo8989's rating: 1433 &rarr; <strong>1453</strong><br />(+20 for winning)\n|l|\u2606Gosmerko24\n|player|p1|\n|l|\u2606ryo8989\n|player|p2|\n","uploadtime":1772311206,"views":15,"formatid":"gen9vgc2026regi","rating":1416,"private":0,"password":null}