{"id":"gen9vgc2026regi-2580008375","format":"[Gen 9] VGC 2026 Reg I","players":["Luca8","pelucax1456"],"log":"|j|\u2606Luca8\n|j|\u2606pelucax1456\n|t:|1775846061\n|gametype|doubles\n|player|p1|Luca8|flint|1433\n|player|p2|pelucax1456|102|1352\n|gen|9\n|tier|[Gen 9] VGC 2026 Reg I\n|rated|\n|rule|Species Clause: Limit one of each Pok\u00e9mon\n|rule|Item Clause: Limit 1 of each item\n|clearpoke\n|poke|p1|Zamazenta-*, L50|\n|poke|p1|Indeedee-F, L50, F|\n|poke|p1|Torkoal, L50, M|\n|poke|p1|Fezandipiti, L50, M|\n|poke|p1|Raging Bolt, L50|\n|poke|p1|Calyrex-Shadow, L50|\n|poke|p2|Groudon, L50|\n|poke|p2|Koraidon, L50|\n|poke|p2|Walking Wake, L50|\n|poke|p2|Whimsicott, L50, F|\n|poke|p2|Rillaboom, L50, F|\n|poke|p2|Flutter Mane, L50|\n|teampreview|4\n|\n|t:|1775846101\n|teamsize|p1|4\n|teamsize|p2|4\n|start\n|switch|p1a: Fezandipiti|Fezandipiti, L50, M|100/100\n|switch|p1b: Zamazenta|Zamazenta-Crowned, L50|100/100\n|switch|p2a: Windrider|Flutter Mane, L50|100/100\n|switch|p2b: Monke|Rillaboom, L50, F|100/100\n|-ability|p1b: Zamazenta|Dauntless Shield|boost\n|-boost|p1b: Zamazenta|def|1\n|-fieldstart|move: Grassy Terrain|[from] ability: Grassy Surge|[of] p2b: Monke\n|turn|1\n|\n|t:|1775846127\n|move|p2a: Windrider|Moonblast|p1b: Zamazenta\n|-damage|p1b: Zamazenta|70/100\n|-unboost|p1b: Zamazenta|spa|1\n|move|p1b: Zamazenta|Heavy Slam|p2a: Windrider\n|-supereffective|p2a: Windrider\n|-enditem|p2a: Windrider|Focus Sash\n|-damage|p2a: Windrider|1/100\n|move|p1a: Fezandipiti|Tailwind|p1a: Fezandipiti\n|-sidestart|p1: Luca8|move: Tailwind\n|move|p2b: Monke|High Horsepower|p1b: Zamazenta\n|-supereffective|p1b: Zamazenta\n|-damage|p1b: Zamazenta|44/100\n|\n|-heal|p1b: Zamazenta|50/100|[from] Grassy Terrain\n|-heal|p2a: Windrider|7/100|[from] Grassy Terrain\n|upkeep\n|turn|2\n|\n|t:|1775846158\n|-end|p2a: Windrider|Protosynthesis|[silent]\n|switch|p2a: Beef|Groudon, L50|100/100\n|-weather|SunnyDay|[from] ability: Drought|[of] p2a: Beef\n|-terastallize|p2b: Monke|Ground\n|move|p1b: Zamazenta|Body Press|p2b: Monke\n|-damage|p2b: Monke|43/100\n|move|p1a: Fezandipiti|Icy Wind|p2b: Monke|[spread] p2a,p2b\n|-supereffective|p2a: Beef\n|-supereffective|p2b: Monke\n|-damage|p2a: Beef|86/100\n|-damage|p2b: Monke|31/100\n|-unboost|p2a: Beef|spe|1\n|-unboost|p2b: Monke|spe|1\n|-status|p2b: Monke|tox|[from] ability: Toxic Chain|[of] p1a: Fezandipiti\n|move|p2b: Monke|High Horsepower|p1a: Fezandipiti\n|-supereffective|p1a: Fezandipiti\n|-damage|p1a: Fezandipiti|10/100\n|\n|-weather|SunnyDay|[upkeep]\n|-heal|p1b: Zamazenta|56/100|[from] Grassy Terrain\n|-heal|p1a: Fezandipiti|16/100|[from] Grassy Terrain\n|-heal|p2a: Beef|92/100|[from] Grassy Terrain\n|-heal|p2b: Monke|37/100 tox|[from] Grassy Terrain\n|-damage|p2b: Monke|31/100 tox|[from] psn\n|upkeep\n|turn|3\n|\n|t:|1775846187\n|switch|p1a: Indeedee|Indeedee-F, L50, F|100/100\n|-fieldstart|move: Psychic Terrain|[from] ability: Psychic Surge|[of] p1a: Indeedee\n|move|p1b: Zamazenta|Body Press|p2b: Monke\n|-damage|p2b: Monke|0 fnt\n|faint|p2b: Monke\n|move|p2a: Beef|Precipice Blades|p1b: Zamazenta|[spread] p1a,p1b\n|-supereffective|p1b: Zamazenta\n|-damage|p1a: Indeedee|46/100\n|-damage|p1b: Zamazenta|16/100\n|\n|-weather|SunnyDay|[upkeep]\n|upkeep\n|\n|t:|1775846200\n|switch|p2b: CatchTheseHands|Koraidon, L50|100/100\n|-activate|p2b: CatchTheseHands|ability: Orichalcum Pulse\n|turn|4\n|\n|t:|1775846225\n|move|p2b: CatchTheseHands|U-turn|p1a: Indeedee\n|-supereffective|p1a: Indeedee\n|-damage|p1a: Indeedee|0 fnt\n|-damage|p2b: CatchTheseHands|84/100|[from] item: Rocky Helmet|[of] p1a: Indeedee\n|faint|p1a: Indeedee\n|\n|t:|1775846231\n|switch|p2b: Windrider|Flutter Mane, L50|7/100|[from] U-turn\n|-activate|p2b: Windrider|ability: Protosynthesis\n|-start|p2b: Windrider|protosynthesisspe\n|move|p1b: Zamazenta|Body Press|p2a: Beef\n|-damage|p2a: Beef|50/100\n|move|p2a: Beef|Precipice Blades|p1b: Zamazenta\n|-supereffective|p1b: Zamazenta\n|-damage|p1b: Zamazenta|0 fnt\n|faint|p1b: Zamazenta\n|\n|-weather|SunnyDay|[upkeep]\n|-sideend|p1: Luca8|move: Tailwind\n|upkeep\n|\n|t:|1775846246\n|switch|p1b: Calyrex|Calyrex-Shadow, L50|100/100\n|switch|p1a: Fezandipiti|Fezandipiti, L50, M|16/100\n|-ability|p1b: Calyrex|As One\n|-ability|p1b: Calyrex|Unnerve\n|turn|5\n|\n|t:|1775846262\n|move|p2b: Windrider|Shadow Ball|p1b: Calyrex\n|-supereffective|p1b: Calyrex\n|-enditem|p1b: Calyrex|Focus Sash\n|-damage|p1b: Calyrex|1/100\n|-unboost|p1b: Calyrex|spd|1\n|move|p1b: Calyrex|Astral Barrage|p2a: Beef|[spread] p2a,p2b\n|-supereffective|p2b: Windrider\n|-damage|p2a: Beef|0 fnt\n|-damage|p2b: Windrider|0 fnt\n|faint|p2a: Beef\n|faint|p2b: Windrider\n|-end|p2b: Windrider|Protosynthesis|[silent]\n|-ability|p1b: Calyrex|Grim Neigh|boost\n|-boost|p1b: Calyrex|spa|2\n|move|p1a: Fezandipiti|Tailwind|p1a: Fezandipiti\n|-sidestart|p1: Luca8|move: Tailwind\n|\n|-weather|SunnyDay|[upkeep]\n|upkeep\n|\n|t:|1775846275\n|switch|p2b: CatchTheseHands|Koraidon, L50|84/100\n|-activate|p2b: CatchTheseHands|ability: Orichalcum Pulse\n|turn|6\n|\n|t:|1775846289\n|move|p1b: Calyrex|Psychic|p2b: CatchTheseHands\n|-supereffective|p2b: CatchTheseHands\n|-damage|p2b: CatchTheseHands|0 fnt\n|faint|p2b: CatchTheseHands\n|\n|win|Luca8\n|raw|Luca8's rating: 1433 &rarr; <strong>1448</strong><br />(+15 for winning)\n|raw|pelucax1456's rating: 1352 &rarr; <strong>1337</strong><br />(-15 for losing)\n|l|\u2606Luca8\n|player|p1|\n","uploadtime":1775846507,"views":10,"formatid":"gen9vgc2026regi","rating":1337,"private":0,"password":null}