{"id":"gen9vgc2026regi-2549134350","format":"[Gen 9] VGC 2026 Reg I","players":["ryo8989","Gamertag1001"],"log":"|j|\u2606ryo8989\n|j|\u2606Gamertag1001\n|t:|1772310350\n|gametype|doubles\n|player|p1|ryo8989|erika|1455\n|player|p2|Gamertag1001|kieran-champion|1421\n|gen|9\n|tier|[Gen 9] VGC 2026 Reg I\n|rated|\n|rule|Species Clause: Limit one of each Pok\u00e9mon\n|rule|Item Clause: Limit 1 of each item\n|clearpoke\n|poke|p1|Calyrex-Shadow, L50|\n|poke|p1|Zamazenta-*, L50|\n|poke|p1|Whimsicott, L50, F|\n|poke|p1|Rillaboom, L50, F|\n|poke|p1|Incineroar, L50, F|\n|poke|p1|Raging Bolt, L50|\n|poke|p2|Miraidon, L50|\n|poke|p2|Lunala, L50|\n|poke|p2|Ursaluna, L50, M|\n|poke|p2|Whimsicott, L50, M|\n|poke|p2|Incineroar, L50, F|\n|poke|p2|Urshifu-*, L50, M|\n|teampreview|4\n|inactive|Battle timer is ON: inactive players will automatically lose when time's up. (requested by Gamertag1001)\n|inactive|Gamertag1001 has 60 seconds left.\n|\n|t:|1772310382\n|teamsize|p1|4\n|teamsize|p2|4\n|start\n|switch|p1a: Zamazenta|Zamazenta-Crowned, L50|100/100\n|switch|p1b: Rillaboom|Rillaboom, L50, F|100/100\n|switch|p2a: Lunala|Lunala, L50|100/100\n|switch|p2b: Whimsicott|Whimsicott, L50, M|100/100\n|-ability|p1a: Zamazenta|Dauntless Shield|boost\n|-boost|p1a: Zamazenta|def|1\n|-fieldstart|move: Grassy Terrain|[from] ability: Grassy Surge|[of] p1b: Rillaboom\n|turn|1\n|\n|t:|1772310405\n|switch|p2b: Miraidon|Miraidon, L50|100/100\n|-fieldstart|move: Electric Terrain|[from] ability: Hadron Engine|[of] p2b: Miraidon\n|-enditem|p2a: Lunala|Electric Seed\n|-boost|p2a: Lunala|def|1|[from] item: Electric Seed\n|move|p1a: Zamazenta|Heavy Slam|p2b: Miraidon\n|-resisted|p2b: Miraidon\n|-damage|p2b: Miraidon|86/100\n|move|p2a: Lunala|Psyshock|p1b: Rillaboom\n|-damage|p1b: Rillaboom|63/100\n|move|p1b: Rillaboom|U-turn|p2b: Miraidon\n|-damage|p2b: Miraidon|62/100\n|\n|t:|1772310421\n|switch|p1b: Calyrex|Calyrex-Shadow, L50|100/100|[from] U-turn\n|-ability|p1b: Calyrex|As One\n|-ability|p1b: Calyrex|Unnerve\n|\n|upkeep\n|turn|2\n|\n|t:|1772310430\n|switch|p1b: Rillaboom|Rillaboom, L50, F|63/100\n|-fieldstart|move: Grassy Terrain|[from] ability: Grassy Surge|[of] p1b: Rillaboom\n|move|p2a: Lunala|Wide Guard|p2a: Lunala\n|-singleturn|p2a: Lunala|Wide Guard\n|move|p2b: Miraidon|Volt Switch|p1a: Zamazenta\n|-crit|p1a: Zamazenta\n|-damage|p1a: Zamazenta|33/100\n|\n|t:|1772310433\n|switch|p2b: Whimsicott|Whimsicott, L50, M|100/100|[from] Volt Switch\n|move|p1a: Zamazenta|Body Press|p2b: Whimsicott\n|-resisted|p2b: Whimsicott\n|-damage|p2b: Whimsicott|61/100\n|\n|-heal|p1a: Zamazenta|40/100|[from] Grassy Terrain\n|-heal|p2b: Whimsicott|67/100|[from] Grassy Terrain\n|-heal|p1b: Rillaboom|69/100|[from] Grassy Terrain\n|upkeep\n|turn|3\n|\n|t:|1772310452\n|move|p2b: Whimsicott|Tailwind|p2b: Whimsicott\n|-sidestart|p2: Gamertag1001|move: Tailwind\n|move|p2a: Lunala|Moongeist Beam|p1a: Zamazenta\n|-damage|p1a: Zamazenta|0 fnt\n|faint|p1a: Zamazenta\n|move|p1b: Rillaboom|U-turn|p2b: Whimsicott\n|-damage|p2b: Whimsicott|38/100\n|\n|t:|1772310461\n|switch|p1b: Calyrex|Calyrex-Shadow, L50|100/100|[from] U-turn\n|-ability|p1b: Calyrex|As One\n|-ability|p1b: Calyrex|Unnerve\n|\n|-heal|p2b: Whimsicott|44/100|[from] Grassy Terrain\n|upkeep\n|\n|t:|1772310469\n|switch|p1a: Incineroar|Incineroar, L50, F|100/100\n|-ability|p1a: Incineroar|Intimidate|boost\n|-unboost|p2a: Lunala|atk|1\n|-unboost|p2b: Whimsicott|atk|1\n|turn|4\n|inactive|Gamertag1001 has 30 seconds left.\n|\n|t:|1772310499\n|-terastallize|p1b: Calyrex|Dark\n|move|p2b: Whimsicott|Moonblast|p1b: Calyrex\n|-supereffective|p1b: Calyrex\n|-damage|p1b: Calyrex|49/100\n|move|p2a: Lunala|Moongeist Beam|p1b: Calyrex\n|-resisted|p1b: Calyrex\n|-damage|p1b: Calyrex|23/100\n|move|p1b: Calyrex|Psychic|p2b: Whimsicott\n|-damage|p2b: Whimsicott|0 fnt\n|faint|p2b: Whimsicott\n|-ability|p1b: Calyrex|Grim Neigh|boost\n|-boost|p1b: Calyrex|spa|1\n|-damage|p1b: Calyrex|13/100|[from] item: Life Orb\n|move|p1a: Incineroar|Parting Shot|p2a: Lunala\n|-unboost|p2a: Lunala|atk|1\n|-unboost|p2a: Lunala|spa|1\n|\n|t:|1772310518\n|switch|p1a: Rillaboom|Rillaboom, L50, F|69/100|[from] Parting Shot\n|\n|-heal|p1b: Calyrex|19/100|[from] Grassy Terrain\n|-heal|p1a: Rillaboom|74/100|[from] Grassy Terrain\n|upkeep\n|\n|t:|1772310521\n|switch|p2b: Miraidon|Miraidon, L50|62/100\n|-fieldstart|move: Electric Terrain|[from] ability: Hadron Engine|[of] p2b: Miraidon\n|turn|5\n|inactive|Gamertag1001 has 30 seconds left.\n|\n|t:|1772310553\n|switch|p2b: Incineroar|Incineroar, L50, F|100/100\n|-ability|p2b: Incineroar|Intimidate|boost\n|-unboost|p1a: Rillaboom|atk|1\n|-unboost|p1b: Calyrex|atk|1\n|move|p1b: Calyrex|Protect|p1b: Calyrex\n|-singleturn|p1b: Calyrex|Protect\n|move|p2a: Lunala|Moongeist Beam|p1b: Calyrex\n|-activate|p1b: Calyrex|move: Protect\n|move|p1a: Rillaboom|U-turn|p2b: Incineroar\n|-crit|p2b: Incineroar\n|-damage|p2b: Incineroar|77/100\n|-damage|p1a: Rillaboom|58/100|[from] item: Rocky Helmet|[of] p2b: Incineroar\n|\n|t:|1772310568\n|switch|p1a: Incineroar|Incineroar, L50, F|100/100|[from] U-turn\n|-ability|p1a: Incineroar|Intimidate|boost\n|-unboost|p2a: Lunala|atk|1\n|-unboost|p2b: Incineroar|atk|1\n|\n|upkeep\n|turn|6\n|\n|t:|1772310579\n|switch|p1b: Rillaboom|Rillaboom, L50, F|58/100\n|-fieldstart|move: Grassy Terrain|[from] ability: Grassy Surge|[of] p1b: Rillaboom\n|move|p2b: Incineroar|Fake Out|p1b: Rillaboom\n|-damage|p1b: Rillaboom|52/100\n|move|p2a: Lunala|Moongeist Beam|p1b: Rillaboom\n|-damage|p1b: Rillaboom|25/100\n|move|p1a: Incineroar|Knock Off|p2a: Lunala\n|-supereffective|p2a: Lunala\n|-damage|p2a: Lunala|74/100\n|\n|-heal|p2a: Lunala|80/100|[from] Grassy Terrain\n|-heal|p2b: Incineroar|83/100|[from] Grassy Terrain\n|-heal|p1b: Rillaboom|31/100|[from] Grassy Terrain\n|-sideend|p2: Gamertag1001|move: Tailwind\n|upkeep\n|turn|7\n|\n|t:|1772310602\n|move|p2b: Incineroar|Helping Hand|p2a: Lunala\n|-singleturn|p2a: Lunala|Helping Hand|[of] p2b: Incineroar\n|move|p2a: Lunala|Psyshock|p1b: Rillaboom\n|-damage|p1b: Rillaboom|0 fnt\n|faint|p1b: Rillaboom\n|move|p1a: Incineroar|Parting Shot|p2a: Lunala\n|-unboost|p2a: Lunala|atk|1\n|-unboost|p2a: Lunala|spa|1\n|\n|t:|1772310612\n|switch|p1a: Calyrex|Calyrex-Shadow, L50, tera:Dark|19/100|[from] Parting Shot\n|-ability|p1a: Calyrex|As One\n|-ability|p1a: Calyrex|Unnerve\n|\n|-heal|p1a: Calyrex|26/100|[from] Grassy Terrain\n|-heal|p2a: Lunala|87/100|[from] Grassy Terrain\n|-heal|p2b: Incineroar|89/100|[from] Grassy Terrain\n|upkeep\n|\n|t:|1772310621\n|switch|p1b: Incineroar|Incineroar, L50, F|100/100\n|-ability|p1b: Incineroar|Intimidate|boost\n|-unboost|p2a: Lunala|atk|1\n|-unboost|p2b: Incineroar|atk|1\n|turn|8\n|\n|t:|1772310635\n|-terastallize|p2a: Lunala|Water\n|move|p1a: Calyrex|Astral Barrage|p2a: Lunala|[spread] p2a,p2b\n|-resisted|p2b: Incineroar\n|-damage|p2a: Lunala|25/100\n|-damage|p2b: Incineroar|56/100\n|-damage|p1a: Calyrex|16/100|[from] item: Life Orb\n|move|p2b: Incineroar|Parting Shot|p1a: Calyrex\n|-unboost|p1a: Calyrex|atk|1\n|-unboost|p1a: Calyrex|spa|1\n|\n|t:|1772310645\n|switch|p2b: Miraidon|Miraidon, L50|62/100|[from] Parting Shot\n|-fieldstart|move: Electric Terrain|[from] ability: Hadron Engine|[of] p2b: Miraidon\n|move|p1b: Incineroar|Knock Off|p2a: Lunala\n|-damage|p2a: Lunala|12/100\n|move|p2a: Lunala|Trick Room|p2a: Lunala\n|-fieldstart|move: Trick Room|[of] p2a: Lunala\n|\n|upkeep\n|turn|9\n|\n|t:|1772310665\n|switch|p2a: Incineroar|Incineroar, L50, F|56/100\n|-ability|p2a: Incineroar|Intimidate|boost\n|-unboost|p1a: Calyrex|atk|1\n|-unboost|p1b: Incineroar|atk|1\n|move|p1b: Incineroar|Knock Off|p2a: Incineroar\n|-resisted|p2a: Incineroar\n|-damage|p2a: Incineroar|47/100\n|-damage|p1b: Incineroar|84/100|[from] item: Rocky Helmet|[of] p2a: Incineroar\n|-enditem|p2a: Incineroar|Rocky Helmet|[from] move: Knock Off|[of] p1b: Incineroar\n|move|p2b: Miraidon|Dazzling Gleam|p1b: Incineroar|[spread] p1a,p1b\n|-supereffective|p1a: Calyrex\n|-damage|p1a: Calyrex|0 fnt\n|-damage|p1b: Incineroar|43/100\n|faint|p1a: Calyrex\n|\n|upkeep\n|turn|10\n|-message|ryo8989 forfeited.\n|\n|win|Gamertag1001\n|raw|ryo8989's rating: 1455 &rarr; <strong>1433</strong><br />(-22 for losing)\n|raw|Gamertag1001's rating: 1421 &rarr; <strong>1443</strong><br />(+22 for winning)\n|l|\u2606ryo8989\n|player|p1|\n|l|\u2606Gamertag1001\n|player|p2|\n|j|\u2606Gamertag1001\n|player|p2|Gamertag1001|kieran-champion|\n","uploadtime":1772310935,"views":12,"formatid":"gen9vgc2026regi","rating":1433,"private":0,"password":null}