{"id":"gen9vgc2026regi-2537528710","format":"[Gen 9] VGC 2026 Reg I","players":["j0l0k0","ArtianoV."],"log":"|j|\u2606j0l0k0\n|j|\u2606ArtianoV.\n|t:|1770824509\n|gametype|doubles\n|player|p1|j0l0k0|brycen|1453\n|player|p2|ArtianoV.|dahlia|1438\n|gen|9\n|tier|[Gen 9] VGC 2026 Reg I\n|rated|\n|rule|Species Clause: Limit one of each Pok\u00e9mon\n|rule|Item Clause: Limit 1 of each item\n|clearpoke\n|poke|p1|Calyrex-Ice, L50|\n|poke|p1|Kyogre, L50|\n|poke|p1|Indeedee-F, L50, F|\n|poke|p1|Urshifu-*, L50, F|\n|poke|p1|Amoonguss, L50, F|\n|poke|p1|Landorus, L50, M|\n|poke|p2|Koraidon, L50|\n|poke|p2|Lunala, L50|\n|poke|p2|Ursaluna, L50, M|\n|poke|p2|Incineroar, L50, F|\n|poke|p2|Amoonguss, L50, F|\n|poke|p2|Flutter Mane, L50|\n|teampreview|4\n|inactive|Battle timer is ON: inactive players will automatically lose when time's up. (requested by j0l0k0)\n|\n|t:|1770824527\n|teamsize|p1|4\n|teamsize|p2|4\n|start\n|switch|p1a: Indeedee|Indeedee-F, L50, F, shiny|100/100\n|switch|p1b: Calyrex|Calyrex-Ice, L50|100/100\n|switch|p2a: Incineroar|Incineroar, L50, F|100/100\n|switch|p2b: Lunala|Lunala, L50|100/100\n|-ability|p1b: Calyrex|As One\n|-ability|p1b: Calyrex|Unnerve\n|-fieldstart|move: Psychic Terrain|[from] ability: Psychic Surge|[of] p1a: Indeedee\n|-ability|p2a: Incineroar|Intimidate|boost\n|-unboost|p1a: Indeedee|atk|1\n|-fail|p1b: Calyrex|unboost|[from] item: Clear Amulet|[of] p1b: Calyrex\n|turn|1\n|inactive|j0l0k0 has 30 seconds left.\n|\n|t:|1770824553\n|move|p1a: Indeedee|Follow Me|p1a: Indeedee\n|-singleturn|p1a: Indeedee|move: Follow Me\n|move|p2a: Incineroar|Will-O-Wisp|p1a: Indeedee\n|-status|p1a: Indeedee|brn\n|move|p2b: Lunala|Moonblast|p1a: Indeedee\n|-damage|p1a: Indeedee|68/100 brn\n|-unboost|p1a: Indeedee|spa|1\n|move|p1b: Calyrex|Trick Room|p1b: Calyrex\n|-fieldstart|move: Trick Room|[of] p1b: Calyrex\n|\n|-damage|p1a: Indeedee|62/100 brn|[from] brn\n|upkeep\n|turn|2\n|\n|t:|1770824575\n|move|p1a: Indeedee|Follow Me|p1a: Indeedee\n|-singleturn|p1a: Indeedee|move: Follow Me\n|move|p1b: Calyrex|Glacial Lance|p2b: Lunala|[spread] p2a,p2b\n|-resisted|p2a: Incineroar\n|-crit|p2a: Incineroar\n|-damage|p2a: Incineroar|61/100\n|-damage|p2b: Lunala|78/100\n|move|p2b: Lunala|Moonblast|p1a: Indeedee\n|-damage|p1a: Indeedee|32/100 brn\n|-unboost|p1a: Indeedee|spa|1\n|move|p2a: Incineroar|Parting Shot|p1a: Indeedee\n|-unboost|p1a: Indeedee|atk|1\n|-unboost|p1a: Indeedee|spa|1\n|\n|t:|1770824580\n|switch|p2a: Ursaluna|Ursaluna, L50, M|100/100|[from] Parting Shot\n|\n|-damage|p1a: Indeedee|26/100 brn|[from] brn\n|-status|p2a: Ursaluna|brn|[from] item: Flame Orb\n|upkeep\n|turn|3\n|\n|t:|1770824587\n|move|p2b: Lunala|Wide Guard|p2b: Lunala\n|-singleturn|p2b: Lunala|Wide Guard\n|move|p1a: Indeedee|Follow Me|p1a: Indeedee\n|-singleturn|p1a: Indeedee|move: Follow Me\n|move|p1b: Calyrex|Crunch|p2b: Lunala\n|-supereffective|p2b: Lunala\n|-damage|p2b: Lunala|0 fnt\n|faint|p2b: Lunala\n|-ability|p1b: Calyrex|Chilling Neigh|boost\n|-boost|p1b: Calyrex|atk|1\n|move|p2a: Ursaluna|Earthquake|p1b: Calyrex|[spread] p1a,p1b\n|-damage|p1a: Indeedee|0 fnt\n|-damage|p1b: Calyrex|61/100\n|faint|p1a: Indeedee\n|\n|-damage|p2a: Ursaluna|95/100 brn|[from] brn\n|upkeep\n|\n|t:|1770824597\n|switch|p2b: Incineroar|Incineroar, L50, F|61/100\n|switch|p1a: Kyogre|Kyogre, L50, shiny|100/100\n|-ability|p2b: Incineroar|Intimidate|boost\n|-unboost|p1a: Kyogre|atk|1\n|-fail|p1b: Calyrex|unboost|[from] item: Clear Amulet|[of] p1b: Calyrex\n|-weather|RainDance|[from] ability: Drizzle|[of] p1a: Kyogre\n|turn|4\n|\n|t:|1770824619\n|-terastallize|p2a: Ursaluna|Ghost\n|move|p1b: Calyrex|Glacial Lance|p2a: Ursaluna|[spread] p2a,p2b\n|-resisted|p2b: Incineroar\n|-damage|p2a: Ursaluna|30/100 brn\n|-damage|p2b: Incineroar|25/100\n|move|p2a: Ursaluna|Facade|p1a: Kyogre\n|-damage|p1a: Kyogre|0 fnt\n|faint|p1a: Kyogre\n|move|p2b: Incineroar|Will-O-Wisp|p1b: Calyrex\n|-status|p1b: Calyrex|brn\n|\n|-weather|RainDance|[upkeep]\n|-damage|p1b: Calyrex|55/100 brn|[from] brn\n|-damage|p2a: Ursaluna|24/100 brn|[from] brn\n|upkeep\n|\n|t:|1770824626\n|switch|p1a: Urshifu|Urshifu, L50, F|100/100\n|turn|5\n|inactive|ArtianoV. has 30 seconds left.\n|\n|t:|1770824652\n|move|p1b: Calyrex|Crunch|p2a: Ursaluna\n|-supereffective|p2a: Ursaluna\n|-damage|p2a: Ursaluna|0 fnt\n|faint|p2a: Ursaluna\n|-ability|p1b: Calyrex|Chilling Neigh|boost\n|-boost|p1b: Calyrex|atk|1\n|move|p2b: Incineroar|Flare Blitz|p1a: Urshifu\n|-damage|p1a: Urshifu|78/100\n|-damage|p2b: Incineroar|18/100|[from] Recoil\n|move|p1a: Urshifu|Close Combat|p2b: Incineroar\n|-supereffective|p2b: Incineroar\n|-damage|p2b: Incineroar|0 fnt\n|-unboost|p1a: Urshifu|def|1\n|-unboost|p1a: Urshifu|spd|1\n|faint|p2b: Incineroar\n|\n|-weather|RainDance|[upkeep]\n|-damage|p1b: Calyrex|49/100 brn|[from] brn\n|-fieldend|move: Trick Room\n|-fieldend|move: Psychic Terrain\n|upkeep\n|\n|t:|1770824665\n|switch|p2b: Koraidon|Koraidon, L50|100/100\n|-weather|SunnyDay|[from] ability: Orichalcum Pulse|[of] p2b: Koraidon\n|-activate|p2b: Koraidon|Orichalcum Pulse|[source]\n|turn|6\n|\n|t:|1770824682\n|-terastallize|p1a: Urshifu|Ghost\n|move|p2b: Koraidon|Close Combat|p1b: Calyrex\n|-damage|p1b: Calyrex|0 fnt\n|-unboost|p2b: Koraidon|def|1\n|-unboost|p2b: Koraidon|spd|1\n|faint|p1b: Calyrex\n|-damage|p2b: Koraidon|91/100|[from] item: Life Orb\n|move|p1a: Urshifu|Close Combat|p2b: Koraidon\n|-damage|p2b: Koraidon|0 fnt\n|-unboost|p1a: Urshifu|def|1\n|-unboost|p1a: Urshifu|spd|1\n|faint|p2b: Koraidon\n|\n|win|j0l0k0\n|raw|j0l0k0's rating: 1453 &rarr; <strong>1472</strong><br />(+19 for winning)\n|raw|ArtianoV.'s rating: 1438 &rarr; <strong>1419</strong><br />(-19 for losing)\n|l|\u2606j0l0k0\n|player|p1|\n|l|\u2606ArtianoV.\n|player|p2|\n","uploadtime":1770824842,"views":13,"formatid":"gen9vgc2026regi","rating":1419,"private":0,"password":null}