{"id":"gen9vgc2026regi-2563176197","format":"[Gen 9] VGC 2026 Reg I","players":["shangenb4","I\u2764\ufe0f\u5a1c\u7984forever"],"log":"|j|\u2606shangenb4\n|j|\u2606I\u2764\ufe0f\u5a1c\u7984forever\n|t:|1773998748\n|gametype|doubles\n|player|p1|shangenb4|2|1462\n|player|p2|I\u2764\ufe0f\u5a1c\u7984forever|youngcouple-gen4dp|1362\n|gen|9\n|tier|[Gen 9] VGC 2026 Reg I\n|rated|\n|rule|Species Clause: Limit one of each Pok\u00e9mon\n|rule|Item Clause: Limit 1 of each item\n|clearpoke\n|poke|p1|Koraidon, L50|\n|poke|p1|Lunala, L50|\n|poke|p1|Flutter Mane, L50|\n|poke|p1|Chi-Yu, L50|\n|poke|p1|Raging Bolt, L50|\n|poke|p1|Indeedee-F, L50, F|\n|poke|p2|Groudon, L50|\n|poke|p2|Kyurem-White, L50|\n|poke|p2|Heatran, L50, M|\n|poke|p2|Whimsicott, L50, F|\n|poke|p2|Roaring Moon, L50|\n|poke|p2|Ditto, L50|\n|teampreview|4\n|inactive|Battle timer is ON: inactive players will automatically lose when time's up. (requested by shangenb4)\n|inactive|shangenb4 has 60 seconds left.\n|\n|t:|1773998781\n|teamsize|p1|4\n|teamsize|p2|4\n|start\n|switch|p1a: Flutter Mane|Flutter Mane, L50|100/100\n|switch|p1b: Lunala|Lunala, L50|100/100\n|switch|p2a: Kyurem|Kyurem-White, L50|100/100\n|switch|p2b: Heatran|Heatran, L50, M|100/100\n|-ability|p2a: Kyurem|Turboblaze\n|turn|1\n|inactive|shangenb4 has 30 seconds left.\n|\n|t:|1773998811\n|move|p1a: Flutter Mane|Moonblast|p2a: Kyurem\n|-supereffective|p2a: Kyurem\n|-damage|p2a: Kyurem|18/100\n|move|p1b: Lunala|Moongeist Beam|p2a: Kyurem\n|-damage|p2a: Kyurem|0 fnt\n|faint|p2a: Kyurem\n|move|p2b: Heatran|Substitute|p2b: Heatran\n|-start|p2b: Heatran|Substitute\n|-damage|p2b: Heatran|76/100\n|\n|-heal|p2b: Heatran|82/100|[from] item: Leftovers\n|upkeep\n|\n|t:|1773998822\n|switch|p2a: Roaring Moon|Roaring Moon, L50|100/100\n|turn|2\n|\n|t:|1773998833\n|switch|p1b: Koraidon|Koraidon, L50|100/100\n|-weather|SunnyDay|[from] ability: Orichalcum Pulse|[of] p1b: Koraidon\n|-activate|p2a: Roaring Moon|ability: Protosynthesis\n|-start|p2a: Roaring Moon|protosynthesisatk\n|-activate|p1a: Flutter Mane|ability: Protosynthesis\n|-start|p1a: Flutter Mane|protosynthesisspe\n|-activate|p1b: Koraidon|Orichalcum Pulse|[source]\n|move|p1a: Flutter Mane|Moonblast|p2a: Roaring Moon\n|-supereffective|p2a: Roaring Moon\n|-damage|p2a: Roaring Moon|0 fnt\n|faint|p2a: Roaring Moon\n|-end|p2a: Roaring Moon|Protosynthesis|[silent]\n|move|p2b: Heatran|Heat Wave|p1b: Koraidon|[spread] p1a,p1b\n|-resisted|p1b: Koraidon\n|-damage|p1a: Flutter Mane|48/100\n|-damage|p1b: Koraidon|77/100\n|\n|-weather|SunnyDay|[upkeep]\n|-heal|p2b: Heatran|88/100|[from] item: Leftovers\n|upkeep\n|\n|t:|1773998849\n|switch|p2a: Groudon|Groudon, L50|100/100\n|turn|3\n|\n|t:|1773998870\n|-terastallize|p2a: Groudon|Water\n|move|p1a: Flutter Mane|Moonblast|p2a: Groudon\n|-damage|p2a: Groudon|73/100\n|-unboost|p2a: Groudon|spa|1\n|move|p1b: Koraidon|Collision Course|p2a: Groudon\n|-damage|p2a: Groudon|26/100\n|move|p2a: Groudon|Precipice Blades|p1b: Koraidon|[spread] p1a,p1b\n|-damage|p1a: Flutter Mane|0 fnt\n|-damage|p1b: Koraidon|32/100\n|faint|p1a: Flutter Mane\n|-end|p1a: Flutter Mane|Protosynthesis|[silent]\n|move|p2b: Heatran|Heat Wave|p1b: Koraidon\n|-resisted|p1b: Koraidon\n|-damage|p1b: Koraidon|0 fnt\n|faint|p1b: Koraidon\n|\n|-weather|SunnyDay|[upkeep]\n|-heal|p2b: Heatran|94/100|[from] item: Leftovers\n|upkeep\n|\n|t:|1773998892\n|switch|p1a: Lunala|Lunala, L50|100/100\n|switch|p1b: Raging Bolt|Raging Bolt, L50|100/100\n|-activate|p1b: Raging Bolt|ability: Protosynthesis\n|-start|p1b: Raging Bolt|protosynthesisspa\n|turn|4\n|\n|t:|1773998909\n|move|p1a: Lunala|Meteor Beam||[still]\n|-prepare|p1a: Lunala|Meteor Beam\n|-boost|p1a: Lunala|spa|1\n|-enditem|p1a: Lunala|Power Herb\n|-anim|p1a: Lunala|Meteor Beam|p2a: Groudon\n|-damage|p2a: Groudon|0 fnt\n|faint|p2a: Groudon\n|move|p2b: Heatran|Heat Wave|p1a: Lunala|[spread] p1a,p1b\n|-resisted|p1b: Raging Bolt\n|-damage|p1a: Lunala|78/100\n|-damage|p1b: Raging Bolt|86/100\n|move|p1b: Raging Bolt|Thunderbolt|p2b: Heatran\n|-crit|p2b: Heatran\n|-end|p2b: Heatran|Substitute\n|\n|-weather|SunnyDay|[upkeep]\n|-heal|p2b: Heatran|99/100|[from] item: Leftovers\n|upkeep\n|turn|5\n|\n|t:|1773998929\n|-terastallize|p1a: Lunala|Water\n|move|p1a: Lunala|Moongeist Beam|p2b: Heatran\n|-damage|p2b: Heatran|24/100\n|move|p2b: Heatran|Substitute|p2b: Heatran\n|-fail|p2b: Heatran|move: Substitute|[weak]\n|move|p1b: Raging Bolt|Thunderbolt|p2b: Heatran\n|-damage|p2b: Heatran|0 fnt\n|faint|p2b: Heatran\n|\n|win|shangenb4\n|raw|shangenb4's rating: 1462 &rarr; <strong>1476</strong><br />(+14 for winning)\n|raw|I\u2764\ufe0f\u5a1c\u7984forever's rating: 1362 &rarr; <strong>1348</strong><br />(-14 for losing)\n|l|\u2606I\u2764\ufe0f\u5a1c\u7984forever\n|player|p2|\n|l|\u2606shangenb4\n|player|p1|\n","uploadtime":1773998942,"views":11,"formatid":"gen9vgc2026regi","rating":1348,"private":0,"password":null}