{"id":"gen9vgc2026regi-2518032673","format":"[Gen 9] VGC 2026 Reg I","players":["Rillabossman","jkool99"],"log":"|j|\u2606Rillabossman\n|j|\u2606jkool99\n|t:|1768335468\n|gametype|doubles\n|player|p1|Rillabossman|burglar|1334\n|player|p2|jkool99|2|1338\n|gen|9\n|tier|[Gen 9] VGC 2026 Reg I\n|rated|\n|rule|Species Clause: Limit one of each Pok\u00e9mon\n|rule|Item Clause: Limit 1 of each item\n|clearpoke\n|poke|p1|Zacian-*, L50|\n|poke|p1|Kyogre, L50|\n|poke|p1|Tornadus, L50, M|\n|poke|p1|Incineroar, L50, F|\n|poke|p1|Amoonguss, L50, F|\n|poke|p1|Urshifu-*, L50, F|\n|poke|p2|Calyrex-Shadow, L50|\n|poke|p2|Zamazenta-*, L50|\n|poke|p2|Incineroar, L50, F|\n|poke|p2|Urshifu-*, L50, F|\n|poke|p2|Rillaboom, L50, F|\n|poke|p2|Tornadus, L50, M|\n|teampreview|4\n|inactive|Battle timer is ON: inactive players will automatically lose when time's up. (requested by jkool99)\n|c|\u2606Rillabossman|glhf\n|inactive|jkool99 has 60 seconds left.\n|\n|t:|1768335526\n|teamsize|p1|4\n|teamsize|p2|4\n|start\n|switch|p1a: Incineroar|Incineroar, L50, F, shiny|100/100\n|switch|p1b: Urshifu|Urshifu-Rapid-Strike, L50, F|100/100\n|switch|p2a: Zamazenta|Zamazenta-Crowned, L50|100/100\n|switch|p2b: Tornadus|Tornadus, L50, M|100/100\n|-ability|p2a: Zamazenta|Dauntless Shield|boost\n|-boost|p2a: Zamazenta|def|1\n|-ability|p1a: Incineroar|Intimidate|boost\n|-unboost|p2a: Zamazenta|atk|1\n|-unboost|p2b: Tornadus|atk|1\n|turn|1\n|\n|t:|1768335544\n|switch|p2b: Incineroar|Incineroar, L50, F|100/100\n|-ability|p2b: Incineroar|Intimidate|boost\n|-unboost|p1a: Incineroar|atk|1\n|-unboost|p1b: Urshifu|atk|1\n|move|p2a: Zamazenta|Protect|p2a: Zamazenta\n|-singleturn|p2a: Zamazenta|Protect\n|move|p1a: Incineroar|Fake Out|p2a: Zamazenta\n|-activate|p2a: Zamazenta|move: Protect\n|move|p1b: Urshifu|U-turn|p2b: Incineroar\n|-damage|p2b: Incineroar|86/100\n|\n|t:|1768335548\n|switch|p1b: Kyogre|Kyogre, L50|100/100|[from] U-turn\n|-weather|RainDance|[from] ability: Drizzle|[of] p1b: Kyogre\n|\n|-weather|RainDance|[upkeep]\n|upkeep\n|turn|2\n|\n|t:|1768335564\n|switch|p1a: Tornadus|Tornadus, L50, M|100/100\n|move|p1b: Kyogre|Protect|p1b: Kyogre\n|-singleturn|p1b: Kyogre|Protect\n|move|p2b: Incineroar|Fake Out|p1b: Kyogre\n|-activate|p1b: Kyogre|move: Protect\n|move|p2a: Zamazenta|Body Press|p1b: Kyogre\n|-activate|p1b: Kyogre|move: Protect\n|\n|-weather|RainDance|[upkeep]\n|upkeep\n|turn|3\n|\n|t:|1768335585\n|-terastallize|p1b: Kyogre|Water\n|move|p2a: Zamazenta|Wide Guard|p2a: Zamazenta\n|-singleturn|p2a: Zamazenta|Wide Guard\n|move|p1a: Tornadus|Bleakwind Storm|p2b: Incineroar|[spread] \n|-activate|p2a: Zamazenta|move: Wide Guard\n|-activate|p2b: Incineroar|move: Wide Guard\n|move|p1b: Kyogre|Hydro Pump|p2a: Zamazenta\n|-damage|p2a: Zamazenta|0 fnt\n|faint|p2a: Zamazenta\n|move|p2b: Incineroar|Knock Off|p1b: Kyogre\n|-damage|p1b: Kyogre|60/100\n|-enditem|p1b: Kyogre|Mystic Water|[from] move: Knock Off|[of] p2b: Incineroar\n|\n|-weather|RainDance|[upkeep]\n|upkeep\n|\n|t:|1768335600\n|switch|p2a: Tornadus|Tornadus, L50, M|100/100\n|turn|4\n|\n|t:|1768335611\n|-terastallize|p2b: Incineroar|Grass\n|move|p1a: Tornadus|Tailwind|p1a: Tornadus\n|-sidestart|p1: Rillabossman|move: Tailwind\n|move|p2a: Tornadus|Taunt|p1a: Tornadus\n|-start|p1a: Tornadus|move: Taunt\n|move|p1b: Kyogre|Origin Pulse|p2a: Tornadus|[spread] p2b\n|-miss|p1b: Kyogre|p2a: Tornadus\n|-resisted|p2b: Incineroar\n|-damage|p2b: Incineroar|43/100\n|move|p2b: Incineroar|Parting Shot|p1b: Kyogre\n|-unboost|p1b: Kyogre|atk|1\n|-unboost|p1b: Kyogre|spa|1\n|\n|t:|1768335622\n|switch|p2b: Calyrex|Calyrex-Shadow, L50|100/100|[from] Parting Shot\n|-ability|p2b: Calyrex|As One\n|-ability|p2b: Calyrex|Unnerve\n|\n|-weather|RainDance|[upkeep]\n|upkeep\n|turn|5\n|\n|t:|1768335631\n|move|p2a: Tornadus|Tailwind|p2a: Tornadus\n|-sidestart|p2: jkool99|move: Tailwind\n|move|p2b: Calyrex|Astral Barrage|p1a: Tornadus|[spread] p1a,p1b\n|-enditem|p1a: Tornadus|Focus Sash\n|-damage|p1a: Tornadus|1/100\n|-damage|p1b: Kyogre|0 fnt\n|faint|p1b: Kyogre\n|-ability|p2b: Calyrex|Grim Neigh|boost\n|-boost|p2b: Calyrex|spa|1\n|move|p1a: Tornadus|Bleakwind Storm|p2a: Tornadus|[spread] p2a,p2b\n|-damage|p2a: Tornadus|52/100\n|-damage|p2b: Calyrex|62/100\n|\n|-weather|none\n|upkeep\n|\n|t:|1768335645\n|switch|p1b: Urshifu|Urshifu-Rapid-Strike, L50, F|100/100\n|turn|6\n|\n|t:|1768335668\n|switch|p2b: Incineroar|Incineroar, L50, F, tera:Grass|43/100\n|-ability|p2b: Incineroar|Intimidate|boost\n|-unboost|p1a: Tornadus|atk|1\n|-unboost|p1b: Urshifu|atk|1\n|move|p1b: Urshifu|Surging Strikes|p2b: Incineroar\n|-resisted|p2b: Incineroar\n|-crit|p2b: Incineroar\n|-damage|p2b: Incineroar|34/100\n|-resisted|p2b: Incineroar\n|-crit|p2b: Incineroar\n|-damage|p2b: Incineroar|25/100\n|-resisted|p2b: Incineroar\n|-crit|p2b: Incineroar\n|-damage|p2b: Incineroar|16/100\n|-hitcount|p2b: Incineroar|3\n|move|p2a: Tornadus|Hurricane|p1b: Urshifu\n|-supereffective|p1b: Urshifu\n|-damage|p1b: Urshifu|0 fnt\n|faint|p1b: Urshifu\n|move|p1a: Tornadus|Bleakwind Storm|p2b: Incineroar|[spread] p2a,p2b\n|-supereffective|p2b: Incineroar\n|-damage|p2a: Tornadus|0 fnt\n|-damage|p2b: Incineroar|0 fnt\n|faint|p2a: Tornadus\n|faint|p2b: Incineroar\n|\n|upkeep\n|\n|t:|1768335685\n|switch|p1b: Incineroar|Incineroar, L50, F, shiny|100/100\n|switch|p2b: Calyrex|Calyrex-Shadow, L50|62/100\n|-ability|p2b: Calyrex|As One\n|-ability|p2b: Calyrex|Unnerve\n|-ability|p1b: Incineroar|Intimidate|boost\n|-unboost|p2b: Calyrex|atk|1\n|turn|7\n|\n|t:|1768335706\n|move|p2b: Calyrex|Astral Barrage|p1a: Tornadus|[spread] p1a,p1b\n|-resisted|p1b: Incineroar\n|-damage|p1a: Tornadus|0 fnt\n|-damage|p1b: Incineroar|78/100\n|faint|p1a: Tornadus\n|-ability|p2b: Calyrex|Grim Neigh|boost\n|-boost|p2b: Calyrex|spa|1\n|move|p1b: Incineroar|Knock Off|p2b: Calyrex\n|-supereffective|p2b: Calyrex\n|-damage|p2b: Calyrex|0 fnt\n|-enditem|p2b: Calyrex|Choice Specs|[from] move: Knock Off|[of] p1b: Incineroar\n|faint|p2b: Calyrex\n|\n|win|Rillabossman\n|raw|Rillabossman's rating: 1334 &rarr; <strong>1354</strong><br />(+20 for winning)\n|raw|jkool99's rating: 1338 &rarr; <strong>1318</strong><br />(-20 for losing)\n|c|\u2606Rillabossman|gg\n|l|\u2606jkool99\n|player|p2|\n|l|\u2606Rillabossman\n|player|p1|\n|j|\u2606Rillabossman\n|player|p1|Rillabossman|burglar|\n","uploadtime":1768335943,"views":12,"formatid":"gen9vgc2026regi","rating":1318,"private":0,"password":null}