{"id":"gen9vgc2026regi-2567031058","format":"[Gen 9] VGC 2026 Reg I","players":["g0dGun","victor219"],"log":"|j|\u2606g0dGun\n|j|\u2606victor219\n|t:|1774443156\n|gametype|doubles\n|player|p1|g0dGun|blue|1553\n|player|p2|victor219|2|1479\n|gen|9\n|tier|[Gen 9] VGC 2026 Reg I\n|rated|\n|rule|Species Clause: Limit one of each Pok\u00e9mon\n|rule|Item Clause: Limit 1 of each item\n|clearpoke\n|poke|p1|Hitmontop, L50, M|\n|poke|p1|Terapagos, L50, M|\n|poke|p1|Calyrex-Shadow, L50|\n|poke|p1|Ogerpon-Cornerstone, L50, F|\n|poke|p1|Whimsicott, L50, M|\n|poke|p1|Indeedee-F, L50, F|\n|poke|p2|Miraidon, L50|\n|poke|p2|Ursaluna, L50, M|\n|poke|p2|Lunala, L50|\n|poke|p2|Urshifu-*, L50, F|\n|poke|p2|Whimsicott, L50, F|\n|poke|p2|Incineroar, L50, M|\n|teampreview|4\n|inactive|Battle timer is ON: inactive players will automatically lose when time's up. (requested by g0dGun)\n|\n|t:|1774443179\n|teamsize|p1|4\n|teamsize|p2|4\n|start\n|switch|p1a: Hitmontop|Hitmontop, L50, M|100/100\n|switch|p1b: Terapagos|Terapagos, L50, M|100/100\n|switch|p2a: Lunala|Lunala, L50|100/100\n|switch|p2b: Urshifu|Urshifu, L50, F|100/100\n|-activate|p1b: Terapagos|ability: Tera Shift\n|detailschange|p1b: Terapagos|Terapagos-Terastal, L50, M\n|-heal|p1b: Terapagos|100/100|[silent]\n|-ability|p1a: Hitmontop|Intimidate|boost\n|-unboost|p2a: Lunala|atk|1\n|-unboost|p2b: Urshifu|atk|1\n|turn|1\n|inactive|victor219 has 30 seconds left.\n|\n|t:|1774443208\n|-terastallize|p1b: Terapagos|Stellar\n|detailschange|p1b: Terapagos|Terapagos-Stellar, L50, M, tera:Stellar\n|-heal|p1b: Terapagos|100/100|[silent]\n|move|p2b: Urshifu|Detect|p2b: Urshifu\n|-singleturn|p2b: Urshifu|Protect\n|move|p1a: Hitmontop|Vacuum Wave|p1b: Terapagos\n|-supereffective|p1b: Terapagos\n|-damage|p1b: Terapagos|95/100\n|-enditem|p1b: Terapagos|Weakness Policy\n|-boost|p1b: Terapagos|atk|2|[from] item: Weakness Policy\n|-boost|p1b: Terapagos|spa|2|[from] item: Weakness Policy\n|move|p2a: Lunala|Moonblast|p1a: Hitmontop\n|-supereffective|p1a: Hitmontop\n|-damage|p1a: Hitmontop|51/100\n|-enditem|p1a: Hitmontop|Eject Button\n|\n|t:|1774443222\n|switch|p1a: Indeedee|Indeedee-F, L50, F|100/100\n|-fieldstart|move: Psychic Terrain|[from] ability: Psychic Surge|[of] p1a: Indeedee\n|move|p1b: Terapagos|Tera Starstorm|p2a: Lunala|[spread] p2a\n|-activate|p2b: Urshifu|move: Protect\n|-damage|p2a: Lunala|68/100\n|\n|upkeep\n|turn|2\n|inactive|g0dGun has 30 seconds left.\n|\n|t:|1774443250\n|move|p2a: Lunala|Wide Guard|p2a: Lunala\n|-singleturn|p2a: Lunala|Wide Guard\n|move|p2b: Urshifu|Wicked Blow|p1b: Terapagos\n|-crit|p1b: Terapagos\n|-damage|p1b: Terapagos|59/100\n|move|p1b: Terapagos|Rock Polish|p1b: Terapagos\n|-boost|p1b: Terapagos|spe|2\n|move|p1a: Indeedee|Shadow Ball|p2a: Lunala\n|-supereffective|p2a: Lunala\n|-damage|p2a: Lunala|8/100\n|\n|upkeep\n|turn|3\n|\n|t:|1774443269\n|move|p2a: Lunala|Wide Guard|p2a: Lunala\n|-singleturn|p2a: Lunala|Wide Guard\n|move|p1a: Indeedee|Follow Me|p1a: Indeedee\n|-singleturn|p1a: Indeedee|move: Follow Me\n|move|p1b: Terapagos|Earth Power|p2a: Lunala\n|-damage|p2a: Lunala|0 fnt\n|faint|p2a: Lunala\n|move|p2b: Urshifu|Wicked Blow|p1a: Indeedee\n|-supereffective|p1a: Indeedee\n|-crit|p1a: Indeedee\n|-damage|p1a: Indeedee|0 fnt\n|faint|p1a: Indeedee\n|\n|upkeep\n|inactive|victor219 has 30 seconds left.\n|\n|t:|1774443298\n|switch|p2a: Ursaluna|Ursaluna, L50, M|100/100\n|switch|p1a: Calyrex|Calyrex-Shadow, L50|100/100\n|-ability|p1a: Calyrex|As One\n|-ability|p1a: Calyrex|Unnerve\n|turn|4\n|inactive|victor219 has 30 seconds left.\n|\n|t:|1774443332\n|move|p2a: Ursaluna|Protect|p2a: Ursaluna\n|-singleturn|p2a: Ursaluna|Protect\n|move|p1b: Terapagos|Tera Starstorm|p2a: Ursaluna|[spread] p2b\n|-activate|p2a: Ursaluna|move: Protect\n|-enditem|p2b: Urshifu|Focus Sash\n|-damage|p2b: Urshifu|1/100\n|move|p1a: Calyrex|Psychic|p2a: Ursaluna\n|-activate|p2a: Ursaluna|move: Protect\n|move|p2b: Urshifu|Wicked Blow|p1a: Calyrex\n|-supereffective|p1a: Calyrex\n|-crit|p1a: Calyrex\n|-enditem|p1a: Calyrex|Focus Sash\n|-damage|p1a: Calyrex|1/100\n|\n|-status|p2a: Ursaluna|brn|[from] item: Flame Orb\n|upkeep\n|turn|5\n|inactive|victor219 has 30 seconds left.\n|inactive|victor219 has 20 seconds left.\n|inactive|victor219 has 15 seconds left.\n|inactive|victor219 has 10 seconds left.\n|inactive|victor219 has 5 seconds left.\n|\n|t:|1774443387\n|move|p1b: Terapagos|Tera Starstorm|p2a: Ursaluna|[spread] p2a,p2b\n|-damage|p2a: Ursaluna|25/100 brn\n|-damage|p2b: Urshifu|0 fnt\n|faint|p2b: Urshifu\n|move|p1a: Calyrex|Psychic|p2a: Ursaluna\n|-damage|p2a: Ursaluna|0 fnt\n|faint|p2a: Ursaluna\n|-ability|p1a: Calyrex|Grim Neigh|boost\n|-boost|p1a: Calyrex|spa|1\n|\n|-fieldend|move: Psychic Terrain\n|upkeep\n|inactive|victor219 has 30 seconds left.\n|inactive|victor219 has 20 seconds left.\n|inactive|victor219 has 15 seconds left.\n|inactive|victor219 has 10 seconds left.\n|inactive|victor219 has 5 seconds left.\n|\n|t:|1774443442\n|switch|p2a: Miraidon|Miraidon, L50|100/100\n|-fieldstart|move: Electric Terrain|[from] ability: Hadron Engine|[of] p2a: Miraidon\n|turn|6\n|inactive|victor219 has 30 seconds left.\n|inactive|victor219 has 20 seconds left.\n|inactive|victor219 has 15 seconds left.\n|inactive|victor219 has 10 seconds left.\n|inactive|victor219 has 5 seconds left.\n|\n|t:|1774443497\n|move|p1b: Terapagos|Tera Starstorm|p2a: Miraidon\n|-damage|p2a: Miraidon|5/100\n|move|p1a: Calyrex|Astral Barrage|p2a: Miraidon\n|-damage|p2a: Miraidon|0 fnt\n|faint|p2a: Miraidon\n|\n|win|g0dGun\n|raw|g0dGun's rating: 1553 &rarr; <strong>1569</strong><br />(+16 for winning)\n|raw|victor219's rating: 1479 &rarr; <strong>1463</strong><br />(-16 for losing)\n|l|\u2606g0dGun\n|player|p1|\n","uploadtime":1774443510,"views":13,"formatid":"gen9vgc2026regi","rating":1463,"private":0,"password":null}