{"id":"gen9vgc2026regi-2524091641","format":"[Gen 9] VGC 2026 Reg I","players":["zebraschinge","bullgod4ever"],"log":"|j|\u2606zebraschinge\n|j|\u2606bullgod4ever\n|t:|1769107191\n|gametype|doubles\n|player|p1|zebraschinge|101|1353\n|player|p2|bullgod4ever|2|1482\n|gen|9\n|tier|[Gen 9] VGC 2026 Reg I\n|rated|\n|rule|Species Clause: Limit one of each Pok\u00e9mon\n|rule|Item Clause: Limit 1 of each item\n|clearpoke\n|poke|p1|Miraidon, L50|\n|poke|p1|Grimmsnarl, L50, M|\n|poke|p1|Calyrex-Ice, L50|\n|poke|p1|Farigiraf, L50, M|\n|poke|p1|Tornadus, L50, M|\n|poke|p1|Diglett, L50, M|\n|poke|p2|Calyrex-Shadow, L50|\n|poke|p2|Zamazenta-*, L50|\n|poke|p2|Chien-Pao, L50|\n|poke|p2|Dragonite, L50, M|\n|poke|p2|Amoonguss, L50, M|\n|poke|p2|Ogerpon-Cornerstone, L50, F|\n|teampreview|4\n|inactive|Battle timer is ON: inactive players will automatically lose when time's up. (requested by zebraschinge)\n|inactive|zebraschinge has 60 seconds left.\n|\n|t:|1769107229\n|teamsize|p1|4\n|teamsize|p2|4\n|start\n|switch|p1a: Miraidon|Miraidon, L50|100/100\n|switch|p1b: Boreos|Tornadus, L50, M|100/100\n|switch|p2a: Chien-Pao|Chien-Pao, L50|100/100\n|switch|p2b: Dragonite|Dragonite, L50, M|100/100\n|-ability|p2a: Chien-Pao|Sword of Ruin\n|-fieldstart|move: Electric Terrain|[from] ability: Hadron Engine|[of] p1a: Miraidon\n|turn|1\n|\n|t:|1769107251\n|switch|p1b: Farigiraf|Farigiraf, L50, M|100/100\n|-terastallize|p1a: Miraidon|Water\n|-terastallize|p2b: Dragonite|Normal\n|move|p2b: Dragonite|Extreme Speed||[still]\n|cant|p1b: Farigiraf|ability: Armor Tail|Extreme Speed|[of] p2b: Dragonite\n|move|p2a: Chien-Pao|Ice Shard||[still]\n|cant|p1b: Farigiraf|ability: Armor Tail|Ice Shard|[of] p2a: Chien-Pao\n|move|p1a: Miraidon|Dragon Pulse|p2b: Dragonite\n|-damage|p2b: Dragonite|16/100\n|-damage|p1a: Miraidon|91/100|[from] item: Life Orb\n|\n|upkeep\n|turn|2\n|inactive|zebraschinge has 30 seconds left.\n|inactive|bullgod4ever has 30 seconds left.\n|inactive|zebraschinge has 20 seconds left.\n|inactive|zebraschinge has 15 seconds left.\n|inactive|zebraschinge has 10 seconds left.\n|inactive|bullgod4ever has 20 seconds left.\n|inactive|zebraschinge has 5 seconds left.\n|\n|t:|1769107302\n|move|p2b: Dragonite|Extreme Speed||[still]\n|cant|p1b: Farigiraf|ability: Armor Tail|Extreme Speed|[of] p2b: Dragonite\n|move|p2a: Chien-Pao|Ice Spinner|p1b: Farigiraf\n|-damage|p1b: Farigiraf|60/100\n|-fieldend|move: Electric Terrain\n|move|p1a: Miraidon|Electro Drift|p2a: Chien-Pao\n|-damage|p2a: Chien-Pao|34/100\n|-damage|p1a: Miraidon|81/100|[from] item: Life Orb\n|move|p1b: Farigiraf|Foul Play|p2a: Chien-Pao\n|-resisted|p2a: Chien-Pao\n|-damage|p2a: Chien-Pao|19/100\n|\n|upkeep\n|turn|3\n|j| Ronin96\n|inactive|zebraschinge has 30 seconds left.\n|inactive|bullgod4ever has 30 seconds left.\n|inactive|bullgod4ever has 20 seconds left.\n|\n|t:|1769107337\n|switch|p1a: High Horsepow miss|Calyrex-Ice, L50|100/100\n|-ability|p1a: High Horsepow miss|As One\n|-ability|p1a: High Horsepow miss|Unnerve\n|switch|p2b: Amoonguss|Amoonguss, L50, M|100/100\n|move|p1b: Farigiraf|Protect|p1b: Farigiraf\n|-singleturn|p1b: Farigiraf|Protect\n|move|p2a: Chien-Pao|Ruination|p1a: High Horsepow miss\n|-damage|p1a: High Horsepow miss|51/100\n|\n|upkeep\n|turn|4\n|inactive|bullgod4ever has 30 seconds left.\n|inactive|bullgod4ever has 20 seconds left.\n|inactive|bullgod4ever has 15 seconds left.\n|inactive|bullgod4ever has 10 seconds left.\n|\n|t:|1769107384\n|move|p2b: Amoonguss|Protect|p2b: Amoonguss\n|-singleturn|p2b: Amoonguss|Protect\n|move|p2a: Chien-Pao|Ice Spinner|p1b: Farigiraf\n|-damage|p1b: Farigiraf|23/100\n|-enditem|p1b: Farigiraf|Sitrus Berry|[eat]\n|-heal|p1b: Farigiraf|47/100|[from] item: Sitrus Berry\n|move|p1b: Farigiraf|Psychic|p2b: Amoonguss\n|-activate|p2b: Amoonguss|move: Protect\n|move|p1a: High Horsepow miss|Glacial Lance|p2a: Chien-Pao|[spread] p2a\n|-activate|p2b: Amoonguss|move: Protect\n|-resisted|p2a: Chien-Pao\n|-damage|p2a: Chien-Pao|0 fnt\n|faint|p2a: Chien-Pao\n|-ability|p1a: High Horsepow miss|Chilling Neigh|boost\n|-boost|p1a: High Horsepow miss|atk|1\n|\n|upkeep\n|\n|t:|1769107407\n|switch|p2a: Calyrex|Calyrex-Shadow, L50|100/100\n|-ability|p2a: Calyrex|As One\n|-ability|p2a: Calyrex|Unnerve\n|turn|5\n|\n|t:|1769107431\n|move|p2a: Calyrex|Astral Barrage|p1b: Farigiraf|[spread] p1a\n|-immune|p1b: Farigiraf\n|-supereffective|p1a: High Horsepow miss\n|-damage|p1a: High Horsepow miss|0 fnt\n|faint|p1a: High Horsepow miss\n|-ability|p2a: Calyrex|Grim Neigh|boost\n|-boost|p2a: Calyrex|spa|1\n|move|p1b: Farigiraf|Psychic|p2b: Amoonguss\n|-supereffective|p2b: Amoonguss\n|-damage|p2b: Amoonguss|24/100\n|move|p2b: Amoonguss|Spore|p1b: Farigiraf\n|-status|p1b: Farigiraf|slp|[from] move: Spore\n|\n|upkeep\n|\n|t:|1769107447\n|switch|p1a: Boreos|Tornadus, L50, M|100/100\n|turn|6\n|\n|t:|1769107470\n|switch|p2b: Dragonite|Dragonite, L50, M, tera:Normal|16/100\n|move|p1a: Boreos|Tailwind|p1a: Boreos\n|-sidestart|p1: zebraschinge|move: Tailwind\n|move|p2a: Calyrex|Astral Barrage|p1a: Boreos|[spread] p1a\n|-immune|p1b: Farigiraf\n|-damage|p1a: Boreos|16/100\n|cant|p1b: Farigiraf|slp\n|\n|upkeep\n|turn|7\n|\n|t:|1769107493\n|move|p1a: Boreos|Bleakwind Storm|p2a: Calyrex|[spread] p2b\n|-miss|p1a: Boreos|p2a: Calyrex\n|-damage|p2b: Dragonite|0 fnt\n|faint|p2b: Dragonite\n|move|p2a: Calyrex|Psychic|p1b: Farigiraf\n|-resisted|p1b: Farigiraf\n|-damage|p1b: Farigiraf|4/100 slp\n|cant|p1b: Farigiraf|slp\n|\n|upkeep\n|\n|t:|1769107503\n|switch|p2b: Amoonguss|Amoonguss, L50, M|57/100\n|turn|8\n|\n|t:|1769107511\n|move|p2b: Amoonguss|Protect|p2b: Amoonguss\n|-singleturn|p2b: Amoonguss|Protect\n|move|p1a: Boreos|Bleakwind Storm|p2b: Amoonguss|[spread] \n|-activate|p2b: Amoonguss|move: Protect\n|-miss|p1a: Boreos|p2a: Calyrex\n|move|p2a: Calyrex|Astral Barrage|p1b: Farigiraf|[spread] p1a\n|-immune|p1b: Farigiraf\n|-crit|p1a: Boreos\n|-damage|p1a: Boreos|0 fnt\n|faint|p1a: Boreos\n|-ability|p2a: Calyrex|Grim Neigh|boost\n|-boost|p2a: Calyrex|spa|1\n|-curestatus|p1b: Farigiraf|slp|[msg]\n|move|p1b: Farigiraf|Foul Play|p2a: Calyrex\n|-supereffective|p2a: Calyrex\n|-damage|p2a: Calyrex|21/100\n|\n|upkeep\n|\n|t:|1769107532\n|switch|p1a: Miraidon|Miraidon, L50, tera:Water|81/100\n|-fieldstart|move: Electric Terrain|[from] ability: Hadron Engine|[of] p1a: Miraidon\n|turn|9\n|\n|t:|1769107547\n|move|p1b: Farigiraf|Protect|p1b: Farigiraf\n|-singleturn|p1b: Farigiraf|Protect\n|move|p2b: Amoonguss|Rage Powder|p2b: Amoonguss\n|-singleturn|p2b: Amoonguss|move: Rage Powder\n|move|p1a: Miraidon|Parabolic Charge|p2a: Calyrex|[spread] p2a,p2b\n|-activate|p1b: Farigiraf|move: Protect\n|-resisted|p2b: Amoonguss\n|-damage|p2a: Calyrex|0 fnt\n|-heal|p1a: Miraidon|91/100|[from] drain|[of] p2a: Calyrex\n|-damage|p2b: Amoonguss|26/100\n|-heal|p1a: Miraidon|100/100|[from] drain|[of] p2b: Amoonguss\n|faint|p2a: Calyrex\n|-damage|p1a: Miraidon|91/100|[from] item: Life Orb\n|\n|-sideend|p1: zebraschinge|move: Tailwind\n|upkeep\n|turn|10\n|\n|t:|1769107565\n|move|p1a: Miraidon|Dragon Pulse|p2b: Amoonguss\n|-damage|p2b: Amoonguss|0 fnt\n|faint|p2b: Amoonguss\n|-damage|p1a: Miraidon|81/100|[from] item: Life Orb\n|\n|win|zebraschinge\n|raw|zebraschinge's rating: 1353 &rarr; <strong>1380</strong><br />(+27 for winning)\n|raw|bullgod4ever's rating: 1482 &rarr; <strong>1455</strong><br />(-27 for losing)\n|c|\u2606bullgod4ever|Very weird team ggs\n|l|\u2606bullgod4ever\n|player|p2|\n|l| Ronin96\n|l|\u2606zebraschinge\n|player|p1|\n","uploadtime":1769107721,"views":17,"formatid":"gen9vgc2026regi","rating":1380,"private":0,"password":null}