{"id":"gen9vgc2026regi-2560106315","format":"[Gen 9] VGC 2026 Reg I","players":["jonen","kapd19"],"log":"|j|\u2606jonen\n|j|\u2606kapd19\n|t:|1773652785\n|gametype|doubles\n|player|p1|jonen|medium|1134\n|player|p2|kapd19|sailor|1218\n|gen|9\n|tier|[Gen 9] VGC 2026 Reg I\n|rated|\n|rule|Species Clause: Limit one of each Pok\u00e9mon\n|rule|Item Clause: Limit 1 of each item\n|clearpoke\n|poke|p1|Sneasler, L50, F|\n|poke|p1|Ditto, L50|\n|poke|p1|Calyrex-Ice, L50|\n|poke|p1|Miraidon, L50|\n|poke|p1|Urshifu-*, L50, F|\n|poke|p1|Incineroar, L50, M|\n|poke|p2|Calyrex-Shadow, L50|\n|poke|p2|Incineroar, L50, F|\n|poke|p2|Amoonguss, L50, F|\n|poke|p2|Urshifu-*, L50, M|\n|poke|p2|Grimmsnarl, L50, M|\n|poke|p2|Miraidon, L50|\n|teampreview|4\n|\n|t:|1773652901\n|teamsize|p1|4\n|teamsize|p2|4\n|start\n|switch|p1a: Calyrex|Calyrex-Ice, L50|100/100\n|switch|p1b: Incineroar|Incineroar, L50, M|100/100\n|switch|p2a: Calyrex|Calyrex-Shadow, L50|100/100\n|switch|p2b: Incineroar|Incineroar, L50, F|100/100\n|-ability|p2a: Calyrex|As One\n|-ability|p2a: Calyrex|Unnerve\n|-ability|p1a: Calyrex|As One\n|-ability|p1a: Calyrex|Unnerve\n|-ability|p1b: Incineroar|Intimidate|boost\n|-unboost|p2a: Calyrex|atk|1\n|-unboost|p2b: Incineroar|atk|1\n|-ability|p2b: Incineroar|Intimidate|boost\n|-fail|p1a: Calyrex|unboost|[from] item: Clear Amulet|[of] p1a: Calyrex\n|-unboost|p1b: Incineroar|atk|1\n|turn|1\n|\n|t:|1773652960\n|switch|p1a: Ditto|Ditto, L50|100/100\n|-transform|p1a: Ditto|p2b: Incineroar|[from] ability: Imposter\n|-ability|p1a: Ditto|Intimidate|boost\n|-unboost|p2a: Calyrex|atk|1\n|-unboost|p2b: Incineroar|atk|1\n|-terastallize|p2a: Calyrex|Dark\n|move|p2b: Incineroar|Fake Out|p1a: Ditto\n|-damage|p1a: Ditto|95/100\n|move|p2a: Calyrex|Astral Barrage|p1a: Ditto|[spread] p1a,p1b\n|-resisted|p1a: Ditto\n|-resisted|p1b: Incineroar\n|-damage|p1a: Ditto|54/100\n|-damage|p1b: Incineroar|79/100\n|-damage|p2a: Calyrex|91/100|[from] item: Life Orb\n|move|p1b: Incineroar|Knock Off|p2a: Calyrex\n|-resisted|p2a: Calyrex\n|-damage|p2a: Calyrex|78/100\n|-enditem|p2a: Calyrex|Life Orb|[from] move: Knock Off|[of] p1b: Incineroar\n|\n|upkeep\n|turn|2\n|\n|t:|1773653002\n|switch|p2a: Urshifu|Urshifu-Rapid-Strike, L50, M|100/100\n|switch|p1b: Calyrex|Calyrex-Ice, L50|100/100\n|-ability|p1b: Calyrex|As One\n|-ability|p1b: Calyrex|Unnerve\n|move|p1a: Ditto|Fake Out|p2a: Urshifu\n|-damage|p2a: Urshifu|93/100\n|move|p2b: Incineroar|Knock Off|p1a: Ditto\n|-resisted|p1a: Ditto\n|-damage|p1a: Ditto|46/100\n|-enditem|p1a: Ditto|Choice Scarf|[from] move: Knock Off|[of] p2b: Incineroar\n|\n|upkeep\n|turn|3\n|\n|t:|1773653032\n|switch|p2b: Calyrex|Calyrex-Shadow, L50, tera:Dark|78/100\n|-ability|p2b: Calyrex|As One\n|-ability|p2b: Calyrex|Unnerve\n|switch|p1a: Miraidon|Miraidon, L50|100/100\n|-fieldstart|move: Electric Terrain|[from] ability: Hadron Engine|[of] p1a: Miraidon\n|move|p2a: Urshifu|U-turn|p1b: Calyrex\n|-supereffective|p1b: Calyrex\n|-damage|p1b: Calyrex|67/100\n|\n|t:|1773653048\n|switch|p2a: Incineroar|Incineroar, L50, F|100/100|[from] U-turn\n|-ability|p2a: Incineroar|Intimidate|boost\n|-unboost|p1a: Miraidon|atk|1\n|-fail|p1b: Calyrex|unboost|[from] item: Clear Amulet|[of] p1b: Calyrex\n|move|p1b: Calyrex|Trick Room|p1b: Calyrex\n|-fieldstart|move: Trick Room|[of] p1b: Calyrex\n|\n|upkeep\n|turn|4\n|\n|t:|1773653103\n|-terastallize|p1b: Calyrex|Water\n|move|p2a: Incineroar|Fake Out|p1b: Calyrex\n|-damage|p1b: Calyrex|61/100\n|cant|p1b: Calyrex|flinch\n|move|p1a: Miraidon|Draco Meteor|p2b: Calyrex\n|-damage|p2b: Calyrex|0 fnt\n|-unboost|p1a: Miraidon|spa|2\n|faint|p2b: Calyrex\n|-damage|p1a: Miraidon|91/100|[from] item: Life Orb\n|\n|upkeep\n|\n|t:|1773653116\n|switch|p2b: Urshifu|Urshifu-Rapid-Strike, L50, M|93/100\n|turn|5\n|\n|t:|1773653163\n|move|p1b: Calyrex|Close Combat|p2a: Incineroar\n|-supereffective|p2a: Incineroar\n|-damage|p2a: Incineroar|30/100\n|-unboost|p1b: Calyrex|def|1\n|-unboost|p1b: Calyrex|spd|1\n|-damage|p1b: Calyrex|44/100|[from] item: Rocky Helmet|[of] p2a: Incineroar\n|move|p2a: Incineroar|Knock Off|p1b: Calyrex\n|-damage|p1b: Calyrex|9/100\n|-enditem|p1b: Calyrex|Clear Amulet|[from] move: Knock Off|[of] p2a: Incineroar\n|move|p1a: Miraidon|Volt Switch|p2b: Urshifu\n|-supereffective|p2b: Urshifu\n|-damage|p2b: Urshifu|0 fnt\n|faint|p2b: Urshifu\n|-damage|p1a: Miraidon|81/100|[from] item: Life Orb\n|\n|t:|1773653178\n|switch|p1a: Incineroar|Incineroar, L50, M|79/100|[from] Volt Switch\n|-ability|p1a: Incineroar|Intimidate|boost\n|-unboost|p2a: Incineroar|atk|1\n|\n|upkeep\n|\n|t:|1773653182\n|switch|p2b: Amoonguss|Amoonguss, L50, F, shiny|100/100\n|turn|6\n|\n|t:|1773653207\n|move|p1a: Incineroar|Fake Out|p2b: Amoonguss\n|-damage|p2b: Amoonguss|92/100\n|cant|p2b: Amoonguss|flinch\n|move|p1b: Calyrex|High Horsepower|p2a: Incineroar\n|-supereffective|p2a: Incineroar\n|-damage|p2a: Incineroar|0 fnt\n|-damage|p1b: Calyrex|0 fnt|[from] item: Rocky Helmet|[of] p2a: Incineroar\n|faint|p2a: Incineroar\n|faint|p1b: Calyrex\n|\n|upkeep\n|\n|t:|1773653218\n|switch|p1b: Miraidon|Miraidon, L50|81/100\n|-activate|p1b: Miraidon|ability: Hadron Engine\n|turn|7\n|\n|t:|1773653231\n|move|p2b: Amoonguss|Protect|p2b: Amoonguss\n|-singleturn|p2b: Amoonguss|Protect\n|move|p1a: Incineroar|Flare Blitz|p2b: Amoonguss\n|-activate|p2b: Amoonguss|move: Protect\n|move|p1b: Miraidon|Draco Meteor|p2b: Amoonguss\n|-activate|p2b: Amoonguss|move: Protect\n|\n|-fieldend|move: Trick Room\n|-fieldend|move: Electric Terrain\n|upkeep\n|turn|8\n|\n|t:|1773653251\n|move|p1b: Miraidon|Draco Meteor|p2b: Amoonguss\n|-damage|p2b: Amoonguss|5/100\n|-unboost|p1b: Miraidon|spa|2\n|-damage|p1b: Miraidon|71/100|[from] item: Life Orb\n|move|p1a: Incineroar|Flare Blitz|p2b: Amoonguss\n|-supereffective|p2b: Amoonguss\n|-damage|p2b: Amoonguss|0 fnt\n|faint|p2b: Amoonguss\n|-damage|p1a: Incineroar|78/100|[from] Recoil\n|\n|win|jonen\n|raw|jonen's rating: 1134 &rarr; <strong>1165</strong><br />(+31 for winning)\n|raw|kapd19's rating: 1218 &rarr; <strong>1187</strong><br />(-31 for losing)\n|l|\u2606jonen\n|player|p1|\n|l|\u2606kapd19\n|player|p2|\n","uploadtime":1773653252,"views":10,"formatid":"gen9vgc2026regi","rating":1165,"private":0,"password":null}