{"id":"gen9vgc2026regi-2561589683","format":"[Gen 9] VGC 2026 Reg I","players":["Edvinpasta07","It'sJustKen VGC"],"log":"|j|\u2606Edvinpasta07\n|j|\u2606It'sJustKen VGC\n|t:|1773818090\n|gametype|doubles\n|player|p1|Edvinpasta07|molayne|1301\n|player|p2|It'sJustKen VGC|265|1488\n|gen|9\n|tier|[Gen 9] VGC 2026 Reg I\n|rated|\n|rule|Species Clause: Limit one of each Pok\u00e9mon\n|rule|Item Clause: Limit 1 of each item\n|clearpoke\n|poke|p1|Weezing-Galar, L50, F|\n|poke|p1|Koraidon, L50|\n|poke|p1|Calyrex-Shadow, L50|\n|poke|p1|Indeedee-F, L50, F|\n|poke|p1|Dondozo, L50, M|\n|poke|p1|Tatsugiri, L50, F|\n|poke|p2|Iron Hands, L50|\n|poke|p2|Incineroar, L50, F|\n|poke|p2|Calyrex-Shadow, L50|\n|poke|p2|Whimsicott, L50, M|\n|poke|p2|Farigiraf, L50, F|\n|poke|p2|Miraidon, L50|\n|teampreview|4\n|inactive|Battle timer is ON: inactive players will automatically lose when time's up. (requested by Edvinpasta07)\n|inactive|It'sJustKen VGC also wants the timer to be on.\n|inactive|It'sJustKen VGC has 60 seconds left.\n|\n|t:|1773818130\n|teamsize|p1|4\n|teamsize|p2|4\n|start\n|switch|p1a: Weezing|Weezing-Galar, L50, F|100/100\n|switch|p1b: Koraidon|Koraidon, L50|100/100\n|switch|p2a: Farigiraf|Farigiraf, L50, F|100/100\n|switch|p2b: Miraidon|Miraidon, L50, shiny|100/100\n|-ability|p1a: Weezing|Neutralizing Gas\n|-block|p1b: Koraidon|item: Ability Shield\n|-weather|SunnyDay|[from] ability: Orichalcum Pulse|[of] p1b: Koraidon\n|-activate|p1b: Koraidon|Orichalcum Pulse|[source]\n|turn|1\n|\n|t:|1773818141\n|-terastallize|p1b: Koraidon|Fire\n|-terastallize|p2a: Farigiraf|Water\n|move|p1b: Koraidon|Flare Blitz|p2a: Farigiraf\n|-resisted|p2a: Farigiraf\n|-damage|p2a: Farigiraf|50/100\n|-status|p2a: Farigiraf|brn\n|-damage|p1b: Koraidon|79/100|[from] Recoil\n|move|p2b: Miraidon|Volt Switch|p1a: Weezing\n|-damage|p1a: Weezing|38/100\n|\n|t:|1773818149\n|switch|p2b: Iron Hands|Iron Hands, L50|100/100|[from] Volt Switch\n|move|p1a: Weezing|Strange Steam|p2b: Iron Hands\n|-supereffective|p2b: Iron Hands\n|-damage|p2b: Iron Hands|70/100\n|move|p2a: Farigiraf|Trick Room|p2a: Farigiraf\n|-fieldstart|move: Trick Room|[of] p2a: Farigiraf\n|\n|-weather|SunnyDay|[upkeep]\n|-damage|p2a: Farigiraf|44/100 brn|[from] brn\n|upkeep\n|turn|2\n|\n|t:|1773818172\n|move|p1a: Weezing|Protect|p1a: Weezing\n|-singleturn|p1a: Weezing|Protect\n|move|p2b: Iron Hands|Fake Out|p1b: Koraidon\n|-damage|p1b: Koraidon|64/100\n|move|p2a: Farigiraf|Psychic|p1a: Weezing\n|-activate|p1a: Weezing|move: Protect\n|cant|p1b: Koraidon|flinch\n|\n|-weather|SunnyDay|[upkeep]\n|-damage|p2a: Farigiraf|38/100 brn|[from] brn\n|upkeep\n|turn|3\n|\n|t:|1773818197\n|move|p1b: Koraidon|Protect|p1b: Koraidon\n|-singleturn|p1b: Koraidon|Protect\n|move|p2b: Iron Hands|Drain Punch|p1b: Koraidon\n|-activate|p1b: Koraidon|move: Protect\n|move|p1a: Weezing|Strange Steam|p2a: Farigiraf\n|-damage|p2a: Farigiraf|13/100 brn\n|-start|p2a: Farigiraf|confusion\n|-activate|p2a: Farigiraf|confusion\n|-damage|p2a: Farigiraf|8/100 brn|[from] confusion\n|\n|-weather|SunnyDay|[upkeep]\n|-damage|p2a: Farigiraf|2/100 brn|[from] brn\n|upkeep\n|turn|4\n|\n|t:|1773818223\n|move|p2b: Iron Hands|Low Kick|p1b: Koraidon\n|-damage|p1b: Koraidon|0 fnt\n|faint|p1b: Koraidon\n|move|p1a: Weezing|Strange Steam|p2a: Farigiraf\n|-crit|p2a: Farigiraf\n|-damage|p2a: Farigiraf|0 fnt\n|faint|p2a: Farigiraf\n|\n|-weather|SunnyDay|[upkeep]\n|upkeep\n|\n|t:|1773818231\n|switch|p2a: Miraidon|Miraidon, L50, shiny|100/100\n|switch|p1b: Calyrex|Calyrex-Shadow, L50|100/100\n|-ability|p1b: Calyrex|As One\n|-ability|p1b: Calyrex|Unnerve\n|turn|5\n|\n|t:|1773818243\n|-end|p2b: Iron Hands|Quark Drive|[silent]\n|switch|p2b: Incineroar|Incineroar, L50, F|100/100\n|move|p1a: Weezing|Protect|p1a: Weezing\n|-singleturn|p1a: Weezing|Protect\n|move|p1b: Calyrex|Protect|p1b: Calyrex\n|-singleturn|p1b: Calyrex|Protect\n|move|p2a: Miraidon|Volt Switch|p1a: Weezing\n|-activate|p1a: Weezing|move: Protect\n|\n|-weather|none\n|-fieldend|move: Trick Room\n|upkeep\n|turn|6\n|\n|t:|1773818262\n|-end|p1a: Weezing|ability: Neutralizing Gas\n|-fieldstart|move: Electric Terrain|[from] ability: Hadron Engine|[of] p2a: Miraidon\n|-ability|p2b: Incineroar|Intimidate|boost\n|-unboost|p1a: Weezing|atk|1\n|-unboost|p1b: Calyrex|atk|1\n|switch|p1a: Indeedee|Indeedee-F, L50, F|100/100\n|-fieldstart|move: Psychic Terrain|[from] ability: Psychic Surge|[of] p1a: Indeedee\n|-enditem|p1a: Indeedee|Psychic Seed\n|-boost|p1a: Indeedee|spd|1|[from] item: Psychic Seed\n|move|p1b: Calyrex|Expanding Force|p2a: Miraidon|[spread] p2a\n|-immune|p2b: Incineroar\n|-damage|p2a: Miraidon|46/100\n|move|p2a: Miraidon|Volt Switch|p1b: Calyrex\n|-damage|p1b: Calyrex|37/100\n|\n|t:|1773818284\n|switch|p2a: Iron Hands|Iron Hands, L50|70/100|[from] Volt Switch\n|move|p2b: Incineroar|Knock Off|p1b: Calyrex\n|-supereffective|p1b: Calyrex\n|-damage|p1b: Calyrex|0 fnt\n|-enditem|p1b: Calyrex|Focus Sash|[from] move: Knock Off|[of] p2b: Incineroar\n|faint|p1b: Calyrex\n|\n|upkeep\n|\n|t:|1773818285\n|switch|p1b: Weezing|Weezing-Galar, L50, F|38/100\n|-ability|p1b: Weezing|Neutralizing Gas\n|turn|7\n|\n|t:|1773818291\n|move|p1a: Indeedee|Helping Hand|p1b: Weezing\n|-singleturn|p1b: Weezing|Helping Hand|[of] p1a: Indeedee\n|move|p1b: Weezing|Strange Steam|p2a: Iron Hands\n|-supereffective|p2a: Iron Hands\n|-damage|p2a: Iron Hands|27/100\n|move|p2b: Incineroar|U-turn|p1a: Indeedee\n|-supereffective|p1a: Indeedee\n|-damage|p1a: Indeedee|67/100\n|\n|t:|1773818298\n|switch|p2b: Miraidon|Miraidon, L50, shiny|46/100|[from] U-turn\n|move|p2a: Iron Hands|Drain Punch|p1a: Indeedee\n|-damage|p1a: Indeedee|25/100\n|-heal|p2a: Iron Hands|43/100|[from] drain|[of] p1a: Indeedee\n|\n|upkeep\n|turn|8\n|\n|t:|1773818312\n|move|p1a: Indeedee|Protect|p1a: Indeedee\n|-singleturn|p1a: Indeedee|Protect\n|move|p2b: Miraidon|Electro Drift|p1b: Weezing\n|-damage|p1b: Weezing|0 fnt\n|faint|p1b: Weezing\n|-end|p1b: Weezing|ability: Neutralizing Gas\n|-fieldstart|move: Electric Terrain|[from] ability: Hadron Engine|[of] p2b: Miraidon\n|-activate|p2a: Iron Hands|ability: Quark Drive\n|-start|p2a: Iron Hands|quarkdriveatk\n|-fieldstart|move: Psychic Terrain|[from] ability: Psychic Surge|[of] p1a: Indeedee\n|-end|p2a: Iron Hands|Quark Drive\n|move|p2a: Iron Hands|Wild Charge|p1a: Indeedee\n|-activate|p1a: Indeedee|move: Protect\n|\n|upkeep\n|turn|9\n|\n|t:|1773818318\n|move|p1a: Indeedee|Helping Hand|p1: Weezing|[notarget]\n|-fail|p1a: Indeedee\n|move|p2b: Miraidon|Electro Drift|p1a: Indeedee\n|-damage|p1a: Indeedee|0 fnt\n|faint|p1a: Indeedee\n|\n|win|It'sJustKen VGC\n|raw|Edvinpasta07's rating: 1301 &rarr; <strong>1290</strong><br />(-11 for losing)\n|raw|It&apos;sJustKen VGC's rating: 1466 &rarr; <strong>1477</strong><br />(+11 for winning)\n|l|\u2606Edvinpasta07\n|player|p1|\n","uploadtime":1773818345,"views":11,"formatid":"gen9vgc2026regi","rating":1290,"private":0,"password":null}