{"id":"gen9vgc2026regi-2570207540","format":"[Gen 9] VGC 2026 Reg I","players":["I\u2764\ufe0f\u5a1c\u7984Forever","QVQ\u6c34\u83b2Lana"],"log":"|j|\u2606I\u2764\ufe0f\u5a1c\u7984Forever\n|j|\u2606QVQ\u6c34\u83b2Lana\n|t:|1774788628\n|gametype|doubles\n|player|p1|I\u2764\ufe0f\u5a1c\u7984Forever|youngcouple-gen4dp|1461\n|player|p2|QVQ\u6c34\u83b2Lana|lana|1414\n|gen|9\n|tier|[Gen 9] VGC 2026 Reg I\n|rated|\n|rule|Species Clause: Limit one of each Pok\u00e9mon\n|rule|Item Clause: Limit 1 of each item\n|clearpoke\n|poke|p1|Groudon, L50|\n|poke|p1|Kyurem-White, L50|\n|poke|p1|Heatran, L50, M|\n|poke|p1|Whimsicott, L50, M|\n|poke|p1|Ditto, L50|\n|poke|p1|Flutter Mane, L50|\n|poke|p2|Kyogre, L50|\n|poke|p2|Zamazenta-*, L50|\n|poke|p2|Chien-Pao, L50|\n|poke|p2|Amoonguss, L50, F|\n|poke|p2|Dragonite, L50, M|\n|poke|p2|Rillaboom, L50, F|\n|teampreview|4\n|l|\u2606QVQ\u6c34\u83b2Lana\n|player|p2|\n|j|\u2606QVQ\u6c34\u83b2Lana\n|player|p2|QVQ\u6c34\u83b2Lana|lana|\n|inactive|Battle timer is ON: inactive players will automatically lose when time's up. (requested by QVQ\u6c34\u83b2Lana)\n|\n|t:|1774788698\n|teamsize|p1|4\n|teamsize|p2|4\n|start\n|switch|p1a: Whimsicott|Whimsicott, L50, M|100/100\n|switch|p1b: Kyurem|Kyurem-White, L50|100/100\n|switch|p2a: \u9b54\u53e4\u8c79\u5b50|Chien-Pao, L50|100/100\n|switch|p2b: \u7262\u88c2\u5076\u50cf|Dragonite, L50, M|100/100\n|-ability|p2a: \u9b54\u53e4\u8c79\u5b50|Sword of Ruin\n|-ability|p1b: Kyurem|Turboblaze\n|turn|1\n|\n|t:|1774788716\n|-terastallize|p2b: \u7262\u88c2\u5076\u50cf|Normal\n|-terastallize|p1b: Kyurem|Ghost\n|move|p2b: \u7262\u88c2\u5076\u50cf|Extreme Speed|p1b: Kyurem\n|-immune|p1b: Kyurem\n|move|p2a: \u9b54\u53e4\u8c79\u5b50|Sacred Sword|p1b: Kyurem\n|-immune|p1b: Kyurem\n|move|p1a: Whimsicott|Energy Ball|p2a: \u9b54\u53e4\u8c79\u5b50\n|-damage|p2a: \u9b54\u53e4\u8c79\u5b50|32/100\n|-unboost|p2a: \u9b54\u53e4\u8c79\u5b50|spd|1\n|move|p1b: Kyurem|Blizzard|p2b: \u7262\u88c2\u5076\u50cf|[spread] p2a,p2b\n|-resisted|p2a: \u9b54\u53e4\u8c79\u5b50\n|-damage|p2a: \u9b54\u53e4\u8c79\u5b50|0 fnt\n|-damage|p2b: \u7262\u88c2\u5076\u50cf|40/100\n|faint|p2a: \u9b54\u53e4\u8c79\u5b50\n|\n|upkeep\n|\n|t:|1774788736\n|switch|p2a: \u82cd\u54cd\u8ff7\u5f1f|Zamazenta-Crowned, L50|100/100\n|-ability|p2a: \u82cd\u54cd\u8ff7\u5f1f|Dauntless Shield|boost\n|-boost|p2a: \u82cd\u54cd\u8ff7\u5f1f|def|1\n|turn|2\n|\n|t:|1774788747\n|move|p2a: \u82cd\u54cd\u8ff7\u5f1f|Wide Guard|p2a: \u82cd\u54cd\u8ff7\u5f1f\n|-singleturn|p2a: \u82cd\u54cd\u8ff7\u5f1f|Wide Guard\n|move|p2b: \u7262\u88c2\u5076\u50cf|Extreme Speed|p1a: Whimsicott\n|-enditem|p1a: Whimsicott|Focus Sash\n|-damage|p1a: Whimsicott|1/100\n|move|p1a: Whimsicott|Tailwind|p1a: Whimsicott\n|-sidestart|p1: I\u2764\ufe0f\u5a1c\u7984Forever|move: Tailwind\n|move|p1b: Kyurem|Fusion Flare|p2a: \u82cd\u54cd\u8ff7\u5f1f\n|-supereffective|p2a: \u82cd\u54cd\u8ff7\u5f1f\n|-damage|p2a: \u82cd\u54cd\u8ff7\u5f1f|41/100\n|\n|upkeep\n|turn|3\n|\n|t:|1774788764\n|move|p2b: \u7262\u88c2\u5076\u50cf|Extreme Speed|p1a: Whimsicott\n|-damage|p1a: Whimsicott|0 fnt\n|faint|p1a: Whimsicott\n|move|p1b: Kyurem|Fusion Flare|p2a: \u82cd\u54cd\u8ff7\u5f1f\n|-supereffective|p2a: \u82cd\u54cd\u8ff7\u5f1f\n|-damage|p2a: \u82cd\u54cd\u8ff7\u5f1f|0 fnt\n|faint|p2a: \u82cd\u54cd\u8ff7\u5f1f\n|\n|upkeep\n|\n|t:|1774788772\n|switch|p2a: \u6c34\u83b2\u8ff7\u5f1f|Kyogre, L50|100/100\n|switch|p1a: Groudon|Groudon, L50|100/100\n|-weather|RainDance|[from] ability: Drizzle|[of] p2a: \u6c34\u83b2\u8ff7\u5f1f\n|-weather|SunnyDay|[from] ability: Drought|[of] p1a: Groudon\n|turn|4\n|inactive|I\u2764\ufe0f\u5a1c\u7984Forever has 30 seconds left.\n|\n|t:|1774788797\n|move|p2b: \u7262\u88c2\u5076\u50cf|Extreme Speed|p1a: Groudon\n|-crit|p1a: Groudon\n|-damage|p1a: Groudon|34/100\n|move|p1b: Kyurem|Freeze-Dry|p2a: \u6c34\u83b2\u8ff7\u5f1f\n|-supereffective|p2a: \u6c34\u83b2\u8ff7\u5f1f\n|-damage|p2a: \u6c34\u83b2\u8ff7\u5f1f|21/100\n|move|p2a: \u6c34\u83b2\u8ff7\u5f1f|Ice Beam|p1a: Groudon\n|-supereffective|p1a: Groudon\n|-damage|p1a: Groudon|0 fnt\n|faint|p1a: Groudon\n|\n|-weather|SunnyDay|[upkeep]\n|upkeep\n|\n|t:|1774788806\n|switch|p1a: Ditto|Ditto, L50|100/100\n|-transform|p1a: Ditto|p2b: \u7262\u88c2\u5076\u50cf|[from] ability: Imposter\n|-start|p1a: Ditto|typechange|Dragon/Flying|[silent]\n|turn|5\n|\n|t:|1774788815\n|move|p1a: Ditto|Extreme Speed|p2b: \u7262\u88c2\u5076\u50cf\n|-damage|p2b: \u7262\u88c2\u5076\u50cf|7/100\n|move|p2b: \u7262\u88c2\u5076\u50cf|Extreme Speed|p1a: Ditto\n|-damage|p1a: Ditto|11/100\n|move|p1b: Kyurem|Freeze-Dry|p2a: \u6c34\u83b2\u8ff7\u5f1f\n|-supereffective|p2a: \u6c34\u83b2\u8ff7\u5f1f\n|-damage|p2a: \u6c34\u83b2\u8ff7\u5f1f|0 fnt\n|faint|p2a: \u6c34\u83b2\u8ff7\u5f1f\n|\n|-weather|SunnyDay|[upkeep]\n|-sideend|p1: I\u2764\ufe0f\u5a1c\u7984Forever|move: Tailwind\n|upkeep\n|turn|6\n|-message|QVQ\u6c34\u83b2Lana forfeited.\n|\n|win|I\u2764\ufe0f\u5a1c\u7984Forever\n|raw|I\u2764\ufe0f\u5a1c\u7984Forever's rating: 1461 &rarr; <strong>1478</strong><br />(+17 for winning)\n|raw|QVQ\u6c34\u83b2Lana's rating: 1414 &rarr; <strong>1397</strong><br />(-17 for losing)\n|l|\u2606QVQ\u6c34\u83b2Lana\n|player|p2|\n|l|\u2606I\u2764\ufe0f\u5a1c\u7984Forever\n|player|p1|\n","uploadtime":1774789037,"views":10,"formatid":"gen9vgc2026regi","rating":1397,"private":0,"password":null}