{"id":"gen9vgc2026regi-2587837613","format":"[Gen 9] VGC 2026 Reg I","players":["be_011","pigduckeater"],"log":"|j|\u2606be_011\n|j|\u2606pigduckeater\n|t:|1776569140\n|gametype|doubles\n|player|p1|be_011|101|1363\n|player|p2|pigduckeater|266|1466\n|gen|9\n|tier|[Gen 9] VGC 2026 Reg I\n|rated|\n|rule|Species Clause: Limit one of each Pok\u00e9mon\n|rule|Item Clause: Limit 1 of each item\n|clearpoke\n|poke|p1|Tyranitar, L50, M|\n|poke|p1|Ho-Oh, L50|\n|poke|p1|Ogerpon-Cornerstone, L50, F|\n|poke|p1|Rillaboom, L50, F|\n|poke|p1|Zacian-*, L50|\n|poke|p1|Hitmontop, L50, M|\n|poke|p2|Wo-Chien, L50|\n|poke|p2|Miraidon, L50|\n|poke|p2|Farigiraf, L50, M|\n|poke|p2|Calyrex-Shadow, L50|\n|poke|p2|Alcremie, L50, F|\n|poke|p2|Urshifu-*, L50, M|\n|teampreview|4\n|inactive|Battle timer is ON: inactive players will automatically lose when time's up. (requested by be_011)\n|inactive|pigduckeater has 60 seconds left.\n|\n|t:|1776569211\n|teamsize|p1|4\n|teamsize|p2|4\n|start\n|switch|p1a: Tyranitar|Tyranitar, L50, M|100/100\n|switch|p1b: Rillaboom|Rillaboom, L50, F|100/100\n|switch|p2a: Miraidon|Miraidon, L50|100/100\n|switch|p2b: Farigiraf|Farigiraf, L50, M|100/100\n|-fieldstart|move: Electric Terrain|[from] ability: Hadron Engine|[of] p2a: Miraidon\n|-enditem|p2b: Farigiraf|Electric Seed\n|-boost|p2b: Farigiraf|def|1|[from] item: Electric Seed\n|-fieldstart|move: Grassy Terrain|[from] ability: Grassy Surge|[of] p1b: Rillaboom\n|-weather|Sandstorm|[from] ability: Sand Stream|[of] p1a: Tyranitar\n|turn|1\n|\n|t:|1776569232\n|switch|p2a: Wo-Chien|Wo-Chien, L50|100/100\n|-ability|p2a: Wo-Chien|Tablets of Ruin\n|move|p1b: Rillaboom|Knock Off|p2a: Wo-Chien\n|-resisted|p2a: Wo-Chien\n|-damage|p2a: Wo-Chien|92/100\n|-enditem|p2a: Wo-Chien|Assault Vest|[from] move: Knock Off|[of] p1b: Rillaboom\n|move|p1a: Tyranitar|Snarl|p2b: Farigiraf|[spread] p2a,p2b\n|-resisted|p2a: Wo-Chien\n|-supereffective|p2b: Farigiraf\n|-damage|p2a: Wo-Chien|87/100\n|-damage|p2b: Farigiraf|80/100\n|-unboost|p2a: Wo-Chien|spa|1\n|-unboost|p2b: Farigiraf|spa|1\n|move|p2b: Farigiraf|Baton Pass|p2b: Farigiraf\n|\n|t:|1776569242\n|switch|p2b: Alcremie|Alcremie, L50, F|100/100|[from] Baton Pass\n|\n|-weather|Sandstorm|[upkeep]\n|-damage|p1b: Rillaboom|95/100|[from] Sandstorm\n|-damage|p2a: Wo-Chien|81/100|[from] Sandstorm\n|-damage|p2b: Alcremie|95/100|[from] Sandstorm\n|-heal|p1b: Rillaboom|100/100|[from] Grassy Terrain\n|-heal|p2a: Wo-Chien|87/100|[from] Grassy Terrain\n|-heal|p2b: Alcremie|100/100|[from] Grassy Terrain\n|upkeep\n|turn|2\n|\n|t:|1776569259\n|move|p1b: Rillaboom|U-turn|p2a: Wo-Chien\n|-supereffective|p2a: Wo-Chien\n|-damage|p2a: Wo-Chien|37/100\n|\n|t:|1776569264\n|switch|p1b: Ogerpon|Ogerpon-Cornerstone, L50, F|100/100|[from] U-turn\n|move|p2a: Wo-Chien|Body Press|p1a: Tyranitar\n|-supereffective|p1a: Tyranitar\n|-damage|p1a: Tyranitar|37/100\n|move|p1a: Tyranitar|Taunt|p2b: Alcremie\n|-block|p2b: Alcremie|ability: Aroma Veil|[of] p2b: Alcremie\n|move|p2b: Alcremie|Decorate|p2a: Wo-Chien\n|-boost|p2a: Wo-Chien|atk|2\n|-boost|p2a: Wo-Chien|spa|2\n|\n|-weather|Sandstorm|[upkeep]\n|-damage|p2a: Wo-Chien|31/100|[from] Sandstorm\n|-damage|p2b: Alcremie|95/100|[from] Sandstorm\n|-heal|p2a: Wo-Chien|37/100|[from] Grassy Terrain\n|-heal|p1a: Tyranitar|43/100|[from] Grassy Terrain\n|-heal|p1a: Tyranitar|48/100|[from] item: Leftovers\n|-heal|p2b: Alcremie|100/100|[from] Grassy Terrain\n|upkeep\n|turn|3\n|inactive|pigduckeater has 30 seconds left.\n|\n|t:|1776569294\n|move|p1b: Ogerpon|Ivy Cudgel|p2a: Wo-Chien|[anim] Ivy Cudgel Rock\n|-damage|p2a: Wo-Chien|8/100\n|move|p2a: Wo-Chien|Giga Drain|p1b: Ogerpon\n|-damage|p1b: Ogerpon|69/100\n|-heal|p2a: Wo-Chien|23/100|[from] drain|[of] p1b: Ogerpon\n|move|p1a: Tyranitar|Rock Slide|p2a: Wo-Chien|[spread] p2a,p2b\n|-damage|p2a: Wo-Chien|9/100\n|-damage|p2b: Alcremie|82/100\n|cant|p2b: Alcremie|flinch\n|\n|-weather|Sandstorm|[upkeep]\n|-damage|p2a: Wo-Chien|3/100|[from] Sandstorm\n|-damage|p2b: Alcremie|76/100|[from] Sandstorm\n|-heal|p1b: Ogerpon|75/100|[from] Grassy Terrain\n|-heal|p2a: Wo-Chien|9/100|[from] Grassy Terrain\n|-heal|p1a: Tyranitar|54/100|[from] Grassy Terrain\n|-heal|p1a: Tyranitar|60/100|[from] item: Leftovers\n|-heal|p2b: Alcremie|82/100|[from] Grassy Terrain\n|upkeep\n|turn|4\n|\n|t:|1776569315\n|switch|p2a: Miraidon|Miraidon, L50|100/100\n|-fieldstart|move: Electric Terrain|[from] ability: Hadron Engine|[of] p2a: Miraidon\n|move|p1b: Ogerpon|Grassy Glide|p2a: Miraidon\n|-resisted|p2a: Miraidon\n|-damage|p2a: Miraidon|90/100\n|move|p1a: Tyranitar|Rock Slide|p2a: Miraidon|[spread] p2a,p2b\n|-damage|p2a: Miraidon|67/100\n|-damage|p2b: Alcremie|62/100\n|move|p2b: Alcremie|Decorate|p2a: Miraidon\n|-boost|p2a: Miraidon|atk|2\n|-boost|p2a: Miraidon|spa|2\n|\n|-weather|Sandstorm|[upkeep]\n|-damage|p2a: Miraidon|61/100|[from] Sandstorm\n|-damage|p2b: Alcremie|56/100|[from] Sandstorm\n|-heal|p1a: Tyranitar|66/100|[from] item: Leftovers\n|upkeep\n|turn|5\n|\n|t:|1776569338\n|switch|p1a: Rillaboom|Rillaboom, L50, F|100/100\n|-fieldstart|move: Grassy Terrain|[from] ability: Grassy Surge|[of] p1a: Rillaboom\n|move|p2a: Miraidon|Electro Drift|p1a: Rillaboom\n|-resisted|p1a: Rillaboom\n|-damage|p1a: Rillaboom|67/100\n|move|p1b: Ogerpon|Ivy Cudgel|p2a: Miraidon|[anim] Ivy Cudgel Rock\n|-damage|p2a: Miraidon|16/100\n|move|p2b: Alcremie|Decorate|p2a: Miraidon\n|-boost|p2a: Miraidon|atk|2\n|-boost|p2a: Miraidon|spa|2\n|\n|-weather|none\n|-heal|p2a: Miraidon|22/100|[from] Grassy Terrain\n|-heal|p1b: Ogerpon|81/100|[from] Grassy Terrain\n|-heal|p1a: Rillaboom|73/100|[from] Grassy Terrain\n|-heal|p2b: Alcremie|62/100|[from] Grassy Terrain\n|upkeep\n|turn|6\n|\n|t:|1776569363\n|move|p2a: Miraidon|Protect|p2a: Miraidon\n|-singleturn|p2a: Miraidon|Protect\n|move|p1a: Rillaboom|Fake Out|p2a: Miraidon\n|-activate|p2a: Miraidon|move: Protect\n|move|p1b: Ogerpon|Swords Dance|p1b: Ogerpon\n|-boost|p1b: Ogerpon|atk|2\n|move|p2b: Alcremie|Decorate|p2a: Miraidon\n|-boost|p2a: Miraidon|atk|2\n|-boost|p2a: Miraidon|spa|2\n|\n|-heal|p2a: Miraidon|28/100|[from] Grassy Terrain\n|-heal|p1b: Ogerpon|87/100|[from] Grassy Terrain\n|-heal|p1a: Rillaboom|79/100|[from] Grassy Terrain\n|-heal|p2b: Alcremie|68/100|[from] Grassy Terrain\n|upkeep\n|turn|7\n|\n|t:|1776569387\n|switch|p1a: Tyranitar|Tyranitar, L50, M|66/100\n|-weather|Sandstorm|[from] ability: Sand Stream|[of] p1a: Tyranitar\n|move|p1b: Ogerpon|Spiky Shield|p1b: Ogerpon\n|-singleturn|p1b: Ogerpon|move: Protect\n|move|p2a: Miraidon|Draco Meteor|p1b: Ogerpon\n|-activate|p1b: Ogerpon|move: Protect\n|move|p2b: Alcremie|Recover|p2b: Alcremie\n|-heal|p2b: Alcremie|100/100\n|\n|-weather|Sandstorm|[upkeep]\n|-damage|p2a: Miraidon|22/100|[from] Sandstorm\n|-damage|p2b: Alcremie|95/100|[from] Sandstorm\n|-heal|p2a: Miraidon|28/100|[from] Grassy Terrain\n|-heal|p1b: Ogerpon|93/100|[from] Grassy Terrain\n|-heal|p1a: Tyranitar|72/100|[from] Grassy Terrain\n|-heal|p1a: Tyranitar|77/100|[from] item: Leftovers\n|-heal|p2b: Alcremie|100/100|[from] Grassy Terrain\n|upkeep\n|turn|8\n|inactive|pigduckeater has 30 seconds left.\n|inactive|pigduckeater has 20 seconds left.\n|inactive|pigduckeater has 15 seconds left.\n|\n|t:|1776569436\n|-terastallize|p2a: Miraidon|Electric\n|move|p1b: Ogerpon|Grassy Glide|p2a: Miraidon\n|-damage|p2a: Miraidon|0 fnt\n|faint|p2a: Miraidon\n|move|p1a: Tyranitar|Snarl|p2b: Alcremie|[miss]\n|-miss|p1a: Tyranitar|p2b: Alcremie\n|move|p2b: Alcremie|Recover||[still]\n|-fail|p2b: Alcremie|heal\n|\n|-weather|Sandstorm|[upkeep]\n|-damage|p2b: Alcremie|95/100|[from] Sandstorm\n|-heal|p1b: Ogerpon|99/100|[from] Grassy Terrain\n|-heal|p1a: Tyranitar|83/100|[from] Grassy Terrain\n|-heal|p1a: Tyranitar|89/100|[from] item: Leftovers\n|-heal|p2b: Alcremie|100/100|[from] Grassy Terrain\n|upkeep\n|-message|pigduckeater forfeited.\n|\n|win|be_011\n|raw|be_011's rating: 1363 &rarr; <strong>1389</strong><br />(+26 for winning)\n|raw|pigduckeater's rating: 1466 &rarr; <strong>1440</strong><br />(-26 for losing)\n|l|\u2606pigduckeater\n|player|p2|\n|l|\u2606be_011\n|player|p1|\n","uploadtime":1776569663,"views":8,"formatid":"gen9vgc2026regi","rating":1389,"private":0,"password":null}