{"id":"gen9vgc2026regi-2540579071","format":"[Gen 9] VGC 2026 Reg I","players":["Dfhvng","blackred123"],"log":"|j|\u2606Dfhvng\n|j|\u2606blackred123\n|t:|1771221095\n|gametype|doubles\n|player|p1|Dfhvng|1|1308\n|player|p2|blackred123|iono-masters|1375\n|gen|9\n|tier|[Gen 9] VGC 2026 Reg I\n|rated|\n|rule|Species Clause: Limit one of each Pok\u00e9mon\n|rule|Item Clause: Limit 1 of each item\n|clearpoke\n|poke|p1|Lunala, L50|\n|poke|p1|Calyrex-Ice, L50|\n|poke|p1|Smeargle, L50, F|\n|poke|p1|Indeedee-F, L50, F|\n|poke|p1|Torkoal, L50, F|\n|poke|p1|Urshifu-*, L50, F|\n|poke|p2|Lunala, L50|\n|poke|p2|Koraidon, L50|\n|poke|p2|Chi-Yu, L50|\n|poke|p2|Flutter Mane, L50|\n|poke|p2|Brute Bonnet, L50|\n|poke|p2|Ursaluna, L50, F|\n|teampreview|4\n|inactive|Battle timer is ON: inactive players will automatically lose when time's up. (requested by Dfhvng)\n|inactive|blackred123 also wants the timer to be on.\n|inactive|blackred123 has 60 seconds left.\n|j| Yancy0721\u56fe\u56fe\u72ac\u4fa0\n|\n|t:|1771221132\n|teamsize|p1|4\n|teamsize|p2|4\n|start\n|switch|p1a: Calyrex|Calyrex-Ice, L50|100/100\n|switch|p1b: Smeargle|Smeargle, L50, F|100/100\n|switch|p2a: Lunala|Lunala, L50, shiny|100/100\n|switch|p2b: Chi-Yu|Chi-Yu, L50|100/100\n|-ability|p1a: Calyrex|As One\n|-ability|p1a: Calyrex|Unnerve\n|-ability|p2b: Chi-Yu|Beads of Ruin\n|turn|1\n|\n|t:|1771221149\n|-terastallize|p1a: Calyrex|Fire\n|move|p1b: Smeargle|Follow Me|p1b: Smeargle\n|-singleturn|p1b: Smeargle|move: Follow Me\n|move|p2b: Chi-Yu|Heat Wave|p1b: Smeargle|[spread] p1a,p1b\n|-resisted|p1a: Calyrex\n|-damage|p1a: Calyrex|80/100\n|-enditem|p1b: Smeargle|Focus Sash\n|-damage|p1b: Smeargle|1/100\n|move|p2a: Lunala|Meteor Beam||[still]\n|-prepare|p2a: Lunala|Meteor Beam\n|-boost|p2a: Lunala|spa|1\n|-enditem|p2a: Lunala|Power Herb\n|-anim|p2a: Lunala|Meteor Beam|p1b: Smeargle\n|-damage|p1b: Smeargle|0 fnt\n|faint|p1b: Smeargle\n|move|p1a: Calyrex|Trick Room|p1a: Calyrex\n|-fieldstart|move: Trick Room|[of] p1a: Calyrex\n|\n|upkeep\n|\n|t:|1771221164\n|switch|p1b: Urshifu|Urshifu, L50, F|100/100\n|turn|2\n|\n|t:|1771221177\n|switch|p2b: Brute Bonnet|Brute Bonnet, L50, shiny|100/100\n|-terastallize|p2a: Lunala|Water\n|move|p1a: Calyrex|High Horsepower|p2b: Brute Bonnet\n|-resisted|p2b: Brute Bonnet\n|-damage|p2b: Brute Bonnet|86/100\n|move|p1b: Urshifu|U-turn|p2a: Lunala\n|-damage|p2a: Lunala|84/100\n|\n|t:|1771221188\n|switch|p1b: Torkoal|Torkoal, L50, F|100/100|[from] U-turn\n|-weather|SunnyDay|[from] ability: Drought|[of] p1b: Torkoal\n|-activate|p2b: Brute Bonnet|ability: Protosynthesis\n|-start|p2b: Brute Bonnet|protosynthesisdef\n|move|p2a: Lunala|Moongeist Beam|p1a: Calyrex\n|-damage|p1a: Calyrex|18/100\n|\n|-weather|SunnyDay|[upkeep]\n|upkeep\n|turn|3\n|\n|t:|1771221208\n|switch|p1a: Urshifu|Urshifu, L50, F|100/100\n|move|p1b: Torkoal|Eruption|p2b: Brute Bonnet|[spread] p2a,p2b\n|-resisted|p2a: Lunala\n|-supereffective|p2b: Brute Bonnet\n|-damage|p2a: Lunala|48/100\n|-damage|p2b: Brute Bonnet|0 fnt\n|faint|p2b: Brute Bonnet\n|-end|p2b: Brute Bonnet|Protosynthesis|[silent]\n|move|p2a: Lunala|Moongeist Beam|p1b: Torkoal\n|-damage|p1b: Torkoal|0 fnt\n|faint|p1b: Torkoal\n|\n|-weather|SunnyDay|[upkeep]\n|upkeep\n|inactive|blackred123 has 30 seconds left.\n|\n|t:|1771221234\n|switch|p1b: Calyrex|Calyrex-Ice, L50, tera:Fire|18/100\n|switch|p2b: Chi-Yu|Chi-Yu, L50|100/100\n|-ability|p1b: Calyrex|As One\n|-ability|p1b: Calyrex|Unnerve\n|-ability|p2b: Chi-Yu|Beads of Ruin\n|turn|4\n|\n|t:|1771221245\n|move|p1b: Calyrex|High Horsepower|p2b: Chi-Yu\n|-supereffective|p2b: Chi-Yu\n|-damage|p2b: Chi-Yu|0 fnt\n|faint|p2b: Chi-Yu\n|-ability|p1b: Calyrex|Chilling Neigh|boost\n|-boost|p1b: Calyrex|atk|1\n|move|p1a: Urshifu|Close Combat|p2a: Lunala\n|-damage|p2a: Lunala|0 fnt\n|-unboost|p1a: Urshifu|def|1\n|-unboost|p1a: Urshifu|spd|1\n|faint|p2a: Lunala\n|\n|-weather|SunnyDay|[upkeep]\n|upkeep\n|\n|t:|1771221249\n|switch|p2b: Ursaluna|Ursaluna, L50, F, shiny|100/100\n|turn|5\n|\n|t:|1771221259\n|move|p2b: Ursaluna|Headlong Rush|p1a: Urshifu\n|-damage|p1a: Urshifu|7/100\n|-unboost|p2b: Ursaluna|def|1\n|-unboost|p2b: Ursaluna|spd|1\n|move|p1b: Calyrex|Glacial Lance|p2b: Ursaluna\n|-supereffective|p2b: Ursaluna\n|-damage|p2b: Ursaluna|0 fnt\n|faint|p2b: Ursaluna\n|\n|win|Dfhvng\n|raw|Dfhvng's rating: 1308 &rarr; <strong>1332</strong><br />(+24 for winning)\n|raw|blackred123's rating: 1375 &rarr; <strong>1351</strong><br />(-24 for losing)\n|l|\u2606blackred123\n|player|p2|\n|l| Yancy0721\u56fe\u56fe\u72ac\u4fa0\n","uploadtime":1771221448,"views":26,"formatid":"gen9vgc2026regi","rating":1332,"private":0,"password":null}