{"id":"gen9vgc2026regi-2561959171","format":"[Gen 9] VGC 2026 Reg I","players":["fernsthedruids","theboyparris"],"log":"|j|\u2606fernsthedruids\n|j|\u2606theboyparris\n|t:|1773858186\n|gametype|doubles\n|player|p1|fernsthedruids|2|1399\n|player|p2|theboyparris|policeman|1466\n|gen|9\n|tier|[Gen 9] VGC 2026 Reg I\n|rated|\n|rule|Species Clause: Limit one of each Pok\u00e9mon\n|rule|Item Clause: Limit 1 of each item\n|clearpoke\n|poke|p1|Kyogre, L50|\n|poke|p1|Calyrex-Ice, L50|\n|poke|p1|Raging Bolt, L50|\n|poke|p1|Tornadus, L50, M|\n|poke|p1|Incineroar, L50, F|\n|poke|p1|Basculegion, L50, M|\n|poke|p2|Calyrex-Shadow, L50|\n|poke|p2|Miraidon, L50|\n|poke|p2|Grimmsnarl, L50, M|\n|poke|p2|Iron Hands, L50|\n|poke|p2|Iron Jugulis, L50|\n|poke|p2|Iron Treads, L50|\n|teampreview|4\n|inactive|Battle timer is ON: inactive players will automatically lose when time's up. (requested by theboyparris)\n|inactive|fernsthedruids has 60 seconds left.\n|\n|t:|1773858219\n|teamsize|p1|4\n|teamsize|p2|4\n|start\n|switch|p1a: Kyogre|Kyogre, L50|100/100\n|switch|p1b: Incineroar|Incineroar, L50, F|100/100\n|switch|p2a: Calyrex|Calyrex-Shadow, L50|100/100\n|switch|p2b: Grimmsnarl|Grimmsnarl, L50, M, shiny|100/100\n|-ability|p2a: Calyrex|As One\n|-ability|p2a: Calyrex|Unnerve\n|-weather|RainDance|[from] ability: Drizzle|[of] p1a: Kyogre\n|-ability|p1b: Incineroar|Intimidate|boost\n|-unboost|p2a: Calyrex|atk|1\n|-unboost|p2b: Grimmsnarl|atk|1\n|turn|1\n|inactive|theboyparris has 30 seconds left.\n|\n|t:|1773858247\n|-terastallize|p2a: Calyrex|Fairy\n|move|p1b: Incineroar|Fake Out|p2b: Grimmsnarl\n|-damage|p2b: Grimmsnarl|91/100\n|cant|p2b: Grimmsnarl|flinch\n|move|p2a: Calyrex|Astral Barrage|p1b: Incineroar|[spread] p1a,p1b\n|-resisted|p1b: Incineroar\n|-damage|p1a: Kyogre|69/100\n|-damage|p1b: Incineroar|81/100\n|move|p1a: Kyogre|Water Spout|p2a: Calyrex|[spread] p2a,p2b\n|-damage|p2a: Calyrex|31/100\n|-damage|p2b: Grimmsnarl|4/100\n|\n|-weather|RainDance|[upkeep]\n|upkeep\n|turn|2\n|\n|t:|1773858271\n|move|p2a: Calyrex|Protect|p2a: Calyrex\n|-singleturn|p2a: Calyrex|Protect\n|move|p2b: Grimmsnarl|Thunder Wave|p1a: Kyogre\n|-status|p1a: Kyogre|par\n|move|p1b: Incineroar|Parting Shot|p2b: Grimmsnarl\n|-unboost|p2b: Grimmsnarl|atk|1\n|-unboost|p2b: Grimmsnarl|spa|1\n|\n|t:|1773858280\n|switch|p1b: Basculegion|Basculegion, L50, M|100/100|[from] Parting Shot\n|cant|p1a: Kyogre|par\n|\n|-weather|RainDance|[upkeep]\n|upkeep\n|turn|3\n|\n|t:|1773858292\n|move|p1b: Basculegion|Protect|p1b: Basculegion\n|-singleturn|p1b: Basculegion|Protect\n|move|p2b: Grimmsnarl|Thunder Wave|p1b: Basculegion\n|-activate|p1b: Basculegion|move: Protect\n|move|p2a: Calyrex|Astral Barrage|p1b: Basculegion|[spread] p1a\n|-activate|p1b: Basculegion|move: Protect\n|-damage|p1a: Kyogre|34/100 par\n|cant|p1a: Kyogre|par\n|\n|-weather|RainDance|[upkeep]\n|upkeep\n|turn|4\n|c|\u2606theboyparris|:P\n|c|\u2606fernsthedruids|I'm going to lose it lol\n|inactive|fernsthedruids has 30 seconds left.\n|\n|t:|1773858321\n|switch|p1a: Incineroar|Incineroar, L50, F|81/100\n|-ability|p1a: Incineroar|Intimidate|boost\n|-unboost|p2a: Calyrex|atk|1\n|-unboost|p2b: Grimmsnarl|atk|1\n|-terastallize|p1b: Basculegion|Normal\n|move|p1b: Basculegion|Aqua Jet|p2b: Grimmsnarl\n|-damage|p2b: Grimmsnarl|0 fnt\n|faint|p2b: Grimmsnarl\n|move|p2a: Calyrex|Astral Barrage|p1a: Incineroar|[spread] p1a\n|-immune|p1b: Basculegion\n|-resisted|p1a: Incineroar\n|-damage|p1a: Incineroar|60/100\n|\n|-weather|RainDance|[upkeep]\n|upkeep\n|c|\u2606theboyparris|gng i parad someone's lunala for 6 turns\n|\n|t:|1773858336\n|switch|p2b: Iron Hands|Iron Hands, L50|100/100\n|turn|5\n|\n|t:|1773858356\n|move|p2b: Iron Hands|Fake Out|p1b: Basculegion\n|-damage|p1b: Basculegion|83/100\n|move|p1a: Incineroar|Fake Out|p2b: Iron Hands\n|-crit|p2b: Iron Hands\n|-damage|p2b: Iron Hands|89/100\n|cant|p1b: Basculegion|flinch\n|move|p2a: Calyrex|Nasty Plot|p2a: Calyrex\n|-boost|p2a: Calyrex|spa|2\n|\n|-weather|none\n|upkeep\n|turn|6\n|c|\u2606theboyparris|be grateful\n|c|\u2606theboyparris|heh\n|\n|t:|1773858378\n|switch|p1a: Kyogre|Kyogre, L50|34/100 par\n|-weather|RainDance|[from] ability: Drizzle|[of] p1a: Kyogre\n|move|p2a: Calyrex|Protect|p2a: Calyrex\n|-singleturn|p2a: Calyrex|Protect\n|move|p1b: Basculegion|Wave Crash|p2a: Calyrex\n|-activate|p2a: Calyrex|move: Protect\n|move|p2b: Iron Hands|Low Kick|p1b: Basculegion\n|-supereffective|p1b: Basculegion\n|-damage|p1b: Basculegion|0 fnt\n|faint|p1b: Basculegion\n|\n|-weather|RainDance|[upkeep]\n|upkeep\n|c|\u2606theboyparris|turbo hands\n|\n|t:|1773858383\n|switch|p1b: Incineroar|Incineroar, L50, F|60/100\n|-ability|p1b: Incineroar|Intimidate|boost\n|-unboost|p2a: Calyrex|atk|1\n|-unboost|p2b: Iron Hands|atk|1\n|turn|7\n|\n|t:|1773858392\n|move|p1b: Incineroar|Fake Out|p2a: Calyrex\n|-damage|p2a: Calyrex|23/100\n|cant|p2a: Calyrex|flinch\n|move|p2b: Iron Hands|Wild Charge|p1a: Kyogre\n|-supereffective|p1a: Kyogre\n|-damage|p1a: Kyogre|0 fnt\n|faint|p1a: Kyogre\n|-damage|p2b: Iron Hands|83/100|[from] Recoil\n|\n|-weather|RainDance|[upkeep]\n|upkeep\n|\n|t:|1773858399\n|switch|p1a: Calyrex|Calyrex-Ice, L50|100/100\n|-ability|p1a: Calyrex|As One\n|-ability|p1a: Calyrex|Unnerve\n|turn|8\n|\n|t:|1773858411\n|-end|p2b: Iron Hands|Quark Drive|[silent]\n|switch|p2b: Miraidon|Miraidon, L50|100/100\n|-fieldstart|move: Electric Terrain|[from] ability: Hadron Engine|[of] p2b: Miraidon\n|-enditem|p2a: Calyrex|Electric Seed\n|-boost|p2a: Calyrex|def|1|[from] item: Electric Seed\n|move|p1a: Calyrex|Protect|p1a: Calyrex\n|-singleturn|p1a: Calyrex|Protect\n|move|p2a: Calyrex|Astral Barrage|p1a: Calyrex|[spread] p1b\n|-activate|p1a: Calyrex|move: Protect\n|-resisted|p1b: Incineroar\n|-damage|p1b: Incineroar|18/100\n|move|p1b: Incineroar|Knock Off|p2a: Calyrex\n|-resisted|p2a: Calyrex\n|-damage|p2a: Calyrex|17/100\n|\n|-weather|RainDance|[upkeep]\n|upkeep\n|turn|9\n|c|\u2606fernsthedruids|last game I got crit by zamazenta and then missed with incin's willow  wisp\n|c|\u2606theboyparris|\ud83e\udd76\n|-message|fernsthedruids forfeited.\n|\n|win|theboyparris\n|raw|fernsthedruids's rating: 1399 &rarr; <strong>1383</strong><br />(-16 for losing)\n|raw|theboyparris's rating: 1466 &rarr; <strong>1482</strong><br />(+16 for winning)\n|l|\u2606fernsthedruids\n|player|p1|\n|l|\u2606theboyparris\n|player|p2|\n","uploadtime":1773858574,"views":10,"formatid":"gen9vgc2026regi","rating":1383,"private":0,"password":null}