{"id":"gen9vgc2026regi-2585946992","format":"[Gen 9] VGC 2026 Reg I","players":["kyoshimon","DannyDayChurch"],"log":"|j|\u2606kyoshimon\n|j|\u2606DannyDayChurch\n|t:|1776384031\n|gametype|doubles\n|player|p1|kyoshimon|cynthia-gen4|1346\n|player|p2|DannyDayChurch|guitarist-gen4|1410\n|gen|9\n|tier|[Gen 9] VGC 2026 Reg I\n|rated|\n|rule|Species Clause: Limit one of each Pok\u00e9mon\n|rule|Item Clause: Limit 1 of each item\n|clearpoke\n|poke|p1|Chien-Pao, L50|\n|poke|p1|Kyogre, L50|\n|poke|p1|Amoonguss, L50, M|\n|poke|p1|Landorus, L50, M|\n|poke|p1|Iron Jugulis, L50|\n|poke|p1|Zamazenta-*, L50|\n|poke|p2|Whimsicott, L50, F|\n|poke|p2|Kyogre, L50|\n|poke|p2|Urshifu-*, L50, M|\n|poke|p2|Ursaluna-Bloodmoon, L50, M|\n|poke|p2|Miraidon, L50|\n|poke|p2|Incineroar, L50, M|\n|teampreview|4\n|inactive|Battle timer is ON: inactive players will automatically lose when time's up. (requested by kyoshimon)\nDannyDayChurch rejected open team sheets.\n|\n|t:|1776384045\n|teamsize|p1|4\n|teamsize|p2|4\n|start\n|switch|p1a: Amoonguss|Amoonguss, L50, M|100/100\n|switch|p1b: Kyogre|Kyogre, L50|100/100\n|switch|p2a: Whimsicott|Whimsicott, L50, F, shiny|100/100\n|switch|p2b: Urshifu|Urshifu-Rapid-Strike, L50, M|100/100\n|-weather|RainDance|[from] ability: Drizzle|[of] p1b: Kyogre\n|turn|1\n|\n|t:|1776384069\n|move|p2b: Urshifu|Detect|p2b: Urshifu\n|-singleturn|p2b: Urshifu|Protect\n|move|p1a: Amoonguss|Rage Powder|p1a: Amoonguss\n|-singleturn|p1a: Amoonguss|move: Rage Powder\n|move|p2a: Whimsicott|Tailwind|p2a: Whimsicott\n|-sidestart|p2: DannyDayChurch|move: Tailwind\n|move|p1b: Kyogre|Water Spout|p2a: Whimsicott|[spread] p2a\n|-activate|p2b: Urshifu|move: Protect\n|-resisted|p2a: Whimsicott\n|-enditem|p2a: Whimsicott|Focus Sash\n|-damage|p2a: Whimsicott|1/100\n|\n|-weather|RainDance|[upkeep]\n|upkeep\n|turn|2\n|\n|t:|1776384090\n|switch|p2b: Miraidon|Miraidon, L50, shiny|100/100\n|-fieldstart|move: Electric Terrain|[from] ability: Hadron Engine|[of] p2b: Miraidon\n|move|p1a: Amoonguss|Rage Powder|p1a: Amoonguss\n|-singleturn|p1a: Amoonguss|move: Rage Powder\n|move|p2a: Whimsicott|Endeavor|p1b: Kyogre\n|-damage|p1b: Kyogre|1/100\n|move|p1b: Kyogre|Water Spout|p2a: Whimsicott|[spread] p2a,p2b\n|-resisted|p2a: Whimsicott\n|-resisted|p2b: Miraidon\n|-damage|p2a: Whimsicott|0 fnt\n|-damage|p2b: Miraidon|99/100\n|faint|p2a: Whimsicott\n|\n|-weather|RainDance|[upkeep]\n|upkeep\n|\n|t:|1776384109\n|switch|p2a: Urshifu|Urshifu-Rapid-Strike, L50, M|100/100\n|turn|3\n|\n|t:|1776384116\n|move|p2a: Urshifu|Detect|p2a: Urshifu\n|-singleturn|p2a: Urshifu|Protect\n|move|p1a: Amoonguss|Protect|p1a: Amoonguss\n|-singleturn|p1a: Amoonguss|Protect\n|move|p2b: Miraidon|Discharge|p1a: Amoonguss|[spread] p1b\n|-activate|p2a: Urshifu|move: Protect\n|-activate|p1a: Amoonguss|move: Protect\n|-supereffective|p1b: Kyogre\n|-damage|p1b: Kyogre|0 fnt\n|faint|p1b: Kyogre\n|\n|-weather|RainDance|[upkeep]\n|upkeep\n|\n|t:|1776384130\n|switch|p1b: Chien-Pao|Chien-Pao, L50|100/100\n|-ability|p1b: Chien-Pao|Sword of Ruin\n|turn|4\n|\n|t:|1776384143\n|move|p1a: Amoonguss|Rage Powder|p1a: Amoonguss\n|-singleturn|p1a: Amoonguss|move: Rage Powder\n|move|p2b: Miraidon|Volt Switch|p1a: Amoonguss\n|-resisted|p1a: Amoonguss\n|-damage|p1a: Amoonguss|62/100\n|\n|t:|1776384149\n|switch|p2b: Kyogre|Kyogre, L50|100/100|[from] Volt Switch\n|move|p2a: Urshifu|Surging Strikes|p1a: Amoonguss\n|-resisted|p1a: Amoonguss\n|-crit|p1a: Amoonguss\n|-damage|p1a: Amoonguss|43/100\n|-damage|p2a: Urshifu|84/100|[from] item: Rocky Helmet|[of] p1a: Amoonguss\n|-resisted|p1a: Amoonguss\n|-crit|p1a: Amoonguss\n|-damage|p1a: Amoonguss|26/100\n|-damage|p2a: Urshifu|67/100|[from] item: Rocky Helmet|[of] p1a: Amoonguss\n|-resisted|p1a: Amoonguss\n|-crit|p1a: Amoonguss\n|-damage|p1a: Amoonguss|7/100\n|-damage|p2a: Urshifu|51/100|[from] item: Rocky Helmet|[of] p1a: Amoonguss\n|-hitcount|p1a: Amoonguss|3\n|move|p1b: Chien-Pao|Ice Spinner|p2b: Kyogre\n|-resisted|p2b: Kyogre\n|-crit|p2b: Kyogre\n|-damage|p2b: Kyogre|56/100\n|-fieldend|move: Electric Terrain\n|\n|-weather|RainDance|[upkeep]\n|-sideend|p2: DannyDayChurch|move: Tailwind\n|upkeep\n|turn|5\n|inactive|DannyDayChurch has 30 seconds left.\n|inactive|kyoshimon has 30 seconds left.\n|\n|t:|1776384185\n|switch|p1a: Zamazenta|Zamazenta-Crowned, L50|100/100\n|-ability|p1a: Zamazenta|Dauntless Shield|boost\n|-boost|p1a: Zamazenta|def|1\n|move|p1b: Chien-Pao|Protect|p1b: Chien-Pao\n|-singleturn|p1b: Chien-Pao|Protect\n|move|p2a: Urshifu|Detect|p2a: Urshifu\n|-singleturn|p2a: Urshifu|Protect\n|move|p2b: Kyogre|Origin Pulse|p1a: Zamazenta|[spread] \n|-activate|p1b: Chien-Pao|move: Protect\n|-miss|p2b: Kyogre|p1a: Zamazenta\n|\n|-weather|none\n|upkeep\n|turn|6\n|\n|t:|1776384208\n|switch|p1b: Amoonguss|Amoonguss, L50, M|40/100\n|move|p2a: Urshifu|Surging Strikes|p1b: Amoonguss\n|-resisted|p1b: Amoonguss\n|-crit|p1b: Amoonguss\n|-damage|p1b: Amoonguss|31/100\n|-damage|p2a: Urshifu|34/100|[from] item: Rocky Helmet|[of] p1b: Amoonguss\n|-resisted|p1b: Amoonguss\n|-crit|p1b: Amoonguss\n|-damage|p1b: Amoonguss|22/100\n|-damage|p2a: Urshifu|18/100|[from] item: Rocky Helmet|[of] p1b: Amoonguss\n|-resisted|p1b: Amoonguss\n|-crit|p1b: Amoonguss\n|-damage|p1b: Amoonguss|13/100\n|-damage|p2a: Urshifu|1/100|[from] item: Rocky Helmet|[of] p1b: Amoonguss\n|-hitcount|p1b: Amoonguss|3\n|move|p1a: Zamazenta|Body Press|p2a: Urshifu\n|-damage|p2a: Urshifu|0 fnt\n|faint|p2a: Urshifu\n|move|p2b: Kyogre|Origin Pulse|p1b: Amoonguss|[spread] p1a\n|-miss|p2b: Kyogre|p1b: Amoonguss\n|-damage|p1a: Zamazenta|52/100\n|\n|upkeep\n|\n|t:|1776384229\n|switch|p2a: Miraidon|Miraidon, L50, shiny|99/100\n|-fieldstart|move: Electric Terrain|[from] ability: Hadron Engine|[of] p2a: Miraidon\n|turn|7\n|\n|t:|1776384247\n|-terastallize|p1a: Zamazenta|Grass\n|move|p1b: Amoonguss|Rage Powder|p1b: Amoonguss\n|-singleturn|p1b: Amoonguss|move: Rage Powder\n|move|p2a: Miraidon|Electro Drift|p1b: Amoonguss\n|-resisted|p1b: Amoonguss\n|-damage|p1b: Amoonguss|0 fnt\n|-damage|p2a: Miraidon|83/100|[from] item: Rocky Helmet|[of] p1b: Amoonguss\n|faint|p1b: Amoonguss\n|move|p1a: Zamazenta|Body Press|p2a: Miraidon\n|-damage|p2a: Miraidon|7/100\n|move|p2b: Kyogre|Origin Pulse|p1a: Zamazenta\n|-resisted|p1a: Zamazenta\n|-damage|p1a: Zamazenta|16/100\n|\n|upkeep\n|\n|t:|1776384254\n|switch|p1b: Chien-Pao|Chien-Pao, L50|100/100\n|-ability|p1b: Chien-Pao|Sword of Ruin\n|turn|8\n|\n|t:|1776384267\n|move|p1a: Zamazenta|Protect|p1a: Zamazenta\n|-singleturn|p1a: Zamazenta|Protect\n|move|p2a: Miraidon|Electro Drift|p1b: Chien-Pao\n|-enditem|p1b: Chien-Pao|Focus Sash\n|-damage|p1b: Chien-Pao|1/100\n|move|p1b: Chien-Pao|Icy Wind|p2b: Kyogre|[spread] p2a,p2b\n|-supereffective|p2a: Miraidon\n|-resisted|p2b: Kyogre\n|-damage|p2a: Miraidon|0 fnt\n|-damage|p2b: Kyogre|51/100\n|-unboost|p2b: Kyogre|spe|1\n|faint|p2a: Miraidon\n|move|p2b: Kyogre|Origin Pulse|p1b: Chien-Pao|[spread] p1b\n|-activate|p1a: Zamazenta|move: Protect\n|-damage|p1b: Chien-Pao|0 fnt\n|faint|p1b: Chien-Pao\n|\n|upkeep\n|turn|9\n|\n|t:|1776384286\n|move|p1a: Zamazenta|Body Press|p2b: Kyogre\n|-damage|p2b: Kyogre|0 fnt\n|faint|p2b: Kyogre\n|\n|win|kyoshimon\n|raw|kyoshimon's rating: 1346 &rarr; <strong>1370</strong><br />(+24 for winning)\n|raw|DannyDayChurch's rating: 1410 &rarr; <strong>1386</strong><br />(-24 for losing)\n|c|\u2606DannyDayChurch|GG\n|c|\u2606kyoshimon|Gg\n|l|\u2606DannyDayChurch\n|player|p2|\n","uploadtime":1776384302,"views":118,"formatid":"gen9vgc2026regi","rating":1370,"private":0,"password":null}