{"id":"gen9vgc2026regi-2559484830","format":"[Gen 9] VGC 2026 Reg I","players":["lilcardscammer","bigevilbananan"],"log":"|j|\u2606lilcardscammer\n|j|\u2606bigevilbananan\n|t:|1773575813\n|gametype|doubles\n|player|p1|lilcardscammer|waitress-gen4|1346\n|player|p2|bigevilbananan|hilbert-wonderlauncher|1337\n|gen|9\n|tier|[Gen 9] VGC 2026 Reg I\n|rated|\n|rule|Species Clause: Limit one of each Pok\u00e9mon\n|rule|Item Clause: Limit 1 of each item\n|clearpoke\n|poke|p1|Calyrex-Ice, L50|\n|poke|p1|Miraidon, L50|\n|poke|p1|Grimmsnarl, L50, M|\n|poke|p1|Urshifu-*, L50, F|\n|poke|p1|Incineroar, L50, M|\n|poke|p1|Landorus, L50, M|\n|poke|p2|Calyrex-Shadow, L50|\n|poke|p2|Zamazenta-*, L50|\n|poke|p2|Raging Bolt, L50|\n|poke|p2|Incineroar, L50, M|\n|poke|p2|Rillaboom, L50, M|\n|poke|p2|Urshifu-*, L50, M|\n|teampreview|4\n|inactive|Battle timer is ON: inactive players will automatically lose when time's up. (requested by lilcardscammer)\n|inactive|bigevilbananan has 60 seconds left.\n|\n|t:|1773575847\n|teamsize|p1|4\n|teamsize|p2|4\n|start\n|switch|p1a: Calyrex|Calyrex-Ice, L50|100/100\n|switch|p1b: Incineroar|Incineroar, L50, M|100/100\n|switch|p2a: Calyrex|Calyrex-Shadow, L50|100/100\n|switch|p2b: Incineroar|Incineroar, L50, M|100/100\n|-ability|p2a: Calyrex|As One\n|-ability|p2a: Calyrex|Unnerve\n|-ability|p1a: Calyrex|As One\n|-ability|p1a: Calyrex|Unnerve\n|-ability|p1b: Incineroar|Intimidate|boost\n|-unboost|p2a: Calyrex|atk|1\n|-unboost|p2b: Incineroar|atk|1\n|-ability|p2b: Incineroar|Intimidate|boost\n|-fail|p1a: Calyrex|unboost|[from] item: Clear Amulet|[of] p1a: Calyrex\n|-unboost|p1b: Incineroar|atk|1\n|turn|1\n|\n|t:|1773575870\n|switch|p2a: Zamazenta|Zamazenta-Crowned, L50|100/100\n|-ability|p2a: Zamazenta|Dauntless Shield|boost\n|-boost|p2a: Zamazenta|def|1\n|-terastallize|p1a: Calyrex|Fire\n|move|p1b: Incineroar|Fake Out|p2b: Incineroar\n|-damage|p2b: Incineroar|94/100\n|cant|p2b: Incineroar|flinch\n|move|p1a: Calyrex|Trick Room|p1a: Calyrex\n|-fieldstart|move: Trick Room|[of] p1a: Calyrex\n|\n|upkeep\n|turn|2\n|\n|t:|1773575892\n|move|p1a: Calyrex|Leech Seed|p2a: Zamazenta\n|-start|p2a: Zamazenta|move: Leech Seed\n|move|p2b: Incineroar|Knock Off|p1a: Calyrex\n|-damage|p1a: Calyrex|85/100\n|-enditem|p1a: Calyrex|Clear Amulet|[from] move: Knock Off|[of] p2b: Incineroar\n|move|p1b: Incineroar|U-turn|p2b: Incineroar\n|-damage|p2b: Incineroar|84/100\n|\n|t:|1773575899\n|switch|p1b: Urshifu|Urshifu-Rapid-Strike, L50, F|100/100|[from] U-turn\n|move|p2a: Zamazenta|Body Press|p1b: Urshifu\n|-damage|p1b: Urshifu|31/100\n|\n|-damage|p2a: Zamazenta|88/100|[from] Leech Seed|[of] p1a: Calyrex\n|-heal|p1a: Calyrex|96/100|[silent]\n|upkeep\n|turn|3\n|\n|t:|1773575922\n|move|p1a: Calyrex|Leech Seed|p2b: Incineroar\n|-start|p2b: Incineroar|move: Leech Seed\n|move|p2b: Incineroar|Knock Off|p1b: Urshifu\n|-resisted|p1b: Urshifu\n|-damage|p1b: Urshifu|18/100\n|-enditem|p1b: Urshifu|Choice Band|[from] move: Knock Off|[of] p2b: Incineroar\n|move|p1b: Urshifu|Surging Strikes|p2a: Zamazenta\n|-crit|p2a: Zamazenta\n|-damage|p2a: Zamazenta|74/100\n|-crit|p2a: Zamazenta\n|-damage|p2a: Zamazenta|61/100\n|-crit|p2a: Zamazenta\n|-damage|p2a: Zamazenta|49/100\n|-hitcount|p2a: Zamazenta|3\n|move|p2a: Zamazenta|Body Press|p1a: Calyrex\n|-damage|p1a: Calyrex|53/100\n|\n|-damage|p2b: Incineroar|72/100|[from] Leech Seed|[of] p1a: Calyrex\n|-heal|p1a: Calyrex|65/100|[silent]\n|-damage|p2a: Zamazenta|37/100|[from] Leech Seed|[of] p1a: Calyrex\n|-heal|p1a: Calyrex|76/100|[silent]\n|upkeep\n|turn|4\n|j| Tarifa Zero\n|\n|t:|1773575941\n|switch|p2a: Rillaboom|Rillaboom, L50, M|100/100\n|-fieldstart|move: Grassy Terrain|[from] ability: Grassy Surge|[of] p2a: Rillaboom\n|move|p1a: Calyrex|Glacial Lance|p2b: Incineroar|[spread] p2a,p2b\n|-supereffective|p2a: Rillaboom\n|-resisted|p2b: Incineroar\n|-damage|p2a: Rillaboom|13/100\n|-damage|p2b: Incineroar|47/100\n|move|p2b: Incineroar|Parting Shot|p1a: Calyrex\n|-unboost|p1a: Calyrex|atk|1\n|-unboost|p1a: Calyrex|spa|1\n|\n|t:|1773575954\n|switch|p2b: Zamazenta|Zamazenta-Crowned, L50|37/100|[from] Parting Shot\n|move|p1b: Urshifu|Surging Strikes|p2b: Zamazenta\n|-crit|p2b: Zamazenta\n|-damage|p2b: Zamazenta|26/100\n|-crit|p2b: Zamazenta\n|-damage|p2b: Zamazenta|14/100\n|-crit|p2b: Zamazenta\n|-damage|p2b: Zamazenta|3/100\n|-hitcount|p2b: Zamazenta|3\n|\n|-heal|p1a: Calyrex|82/100|[from] Grassy Terrain\n|-heal|p2a: Rillaboom|19/100|[from] Grassy Terrain\n|-heal|p1b: Urshifu|24/100|[from] Grassy Terrain\n|-heal|p2b: Zamazenta|8/100|[from] Grassy Terrain\n|upkeep\n|turn|5\n|\n|t:|1773575970\n|move|p2a: Rillaboom|Grassy Glide|p1b: Urshifu\n|-supereffective|p1b: Urshifu\n|-damage|p1b: Urshifu|0 fnt\n|faint|p1b: Urshifu\n|move|p1a: Calyrex|Glacial Lance|p2b: Zamazenta|[spread] p2a,p2b\n|-supereffective|p2a: Rillaboom\n|-resisted|p2b: Zamazenta\n|-damage|p2a: Rillaboom|0 fnt\n|-damage|p2b: Zamazenta|0 fnt\n|faint|p2a: Rillaboom\n|faint|p2b: Zamazenta\n|-ability|p1a: Calyrex|Chilling Neigh|boost\n|-boost|p1a: Calyrex|atk|2\n|\n|-heal|p1a: Calyrex|87/100|[from] Grassy Terrain\n|-fieldend|move: Trick Room\n|upkeep\n|\n|t:|1773575979\n|switch|p2b: Incineroar|Incineroar, L50, M|47/100\n|switch|p1b: Incineroar|Incineroar, L50, M|100/100\n|switch|p2a: Calyrex|Calyrex-Shadow, L50|100/100\n|-ability|p2a: Calyrex|As One\n|-ability|p2a: Calyrex|Unnerve\n|-ability|p1b: Incineroar|Intimidate|boost\n|-unboost|p2a: Calyrex|atk|1\n|-unboost|p2b: Incineroar|atk|1\n|-ability|p2b: Incineroar|Intimidate|boost\n|-unboost|p1a: Calyrex|atk|1\n|-unboost|p1b: Incineroar|atk|1\n|turn|6\n|\n|t:|1773575987\n|-terastallize|p2a: Calyrex|Ghost\n|move|p1b: Incineroar|Fake Out|p2b: Incineroar\n|-crit|p2b: Incineroar\n|-damage|p2b: Incineroar|33/100\n|cant|p2b: Incineroar|flinch\n|move|p2a: Calyrex|Astral Barrage|p1a: Calyrex|[spread] p1a,p1b\n|-resisted|p1b: Incineroar\n|-damage|p1a: Calyrex|35/100\n|-damage|p1b: Incineroar|70/100\n|-damage|p2a: Calyrex|91/100|[from] item: Life Orb\n|move|p1a: Calyrex|Glacial Lance|p2b: Incineroar|[spread] p2a,p2b\n|-resisted|p2b: Incineroar\n|-damage|p2a: Calyrex|24/100\n|-damage|p2b: Incineroar|9/100\n|\n|-heal|p2a: Calyrex|31/100|[from] Grassy Terrain\n|-heal|p1b: Incineroar|77/100|[from] Grassy Terrain\n|-heal|p2b: Incineroar|15/100|[from] Grassy Terrain\n|-heal|p1a: Calyrex|41/100|[from] Grassy Terrain\n|upkeep\n|turn|7\n|-message|bigevilbananan forfeited.\n|\n|win|lilcardscammer\n|raw|lilcardscammer's rating: 1346 &rarr; <strong>1365</strong><br />(+19 for winning)\n|raw|bigevilbananan's rating: 1337 &rarr; <strong>1318</strong><br />(-19 for losing)\n|l|\u2606bigevilbananan\n|player|p2|\n|l| Tarifa Zero\n","uploadtime":1773576135,"views":14,"formatid":"gen9vgc2026regi","rating":1318,"private":0,"password":null}