{"id":"gen9vgc2026regi-2519460665","format":"[Gen 9] VGC 2026 Reg I","players":["Supermembrane","kojimuranishi"],"log":"|j|\u2606Supermembrane\n|j|\u2606kojimuranishi\n|t:|1768507999\n|gametype|doubles\n|player|p1|Supermembrane|cynthia-gen4|1335\n|player|p2|kojimuranishi|265|1457\n|gen|9\n|tier|[Gen 9] VGC 2026 Reg I\n|rated|\n|rule|Species Clause: Limit one of each Pok\u00e9mon\n|rule|Item Clause: Limit 1 of each item\n|clearpoke\n|poke|p1|Roaring Moon, L50|\n|poke|p1|Calyrex-Shadow, L50|\n|poke|p1|Koraidon, L50|\n|poke|p1|Flutter Mane, L50|\n|poke|p1|Rillaboom, L50, M|\n|poke|p1|Chi-Yu, L50|\n|poke|p2|Zamazenta-*, L50|\n|poke|p2|Lunala, L50|\n|poke|p2|Chien-Pao, L50|\n|poke|p2|Dragonite, L50, M|\n|poke|p2|Chi-Yu, L50|\n|poke|p2|Urshifu-*, L50, M|\n|teampreview|4\n|inactive|Battle timer is ON: inactive players will automatically lose when time's up. (requested by Supermembrane)\n|\n|t:|1768508025\n|teamsize|p1|4\n|teamsize|p2|4\n|start\n|switch|p1a: Calyrex|Calyrex-Shadow, L50|100/100\n|switch|p1b: Roaring Moon|Roaring Moon, L50|100/100\n|switch|p2a: Zamazenta|Zamazenta-Crowned, L50|100/100\n|switch|p2b: Lunala|Lunala, L50|100/100\n|-ability|p1a: Calyrex|As One\n|-ability|p1a: Calyrex|Unnerve\n|-ability|p2a: Zamazenta|Dauntless Shield|boost\n|-boost|p2a: Zamazenta|def|1\n|turn|1\n|\n|t:|1768508048\n|-terastallize|p1b: Roaring Moon|Poison\n|-terastallize|p2b: Lunala|Normal\n|move|p1a: Calyrex|Nasty Plot|p1a: Calyrex\n|-boost|p1a: Calyrex|spa|2\n|move|p1b: Roaring Moon|Taunt|p2b: Lunala\n|-start|p2b: Lunala|move: Taunt\n|move|p2a: Zamazenta|Body Press|p1b: Roaring Moon\n|-resisted|p1b: Roaring Moon\n|-damage|p1b: Roaring Moon|59/100\n|cant|p2b: Lunala|move: Taunt|Trick Room\n|\n|upkeep\n|turn|2\n|inactive|Supermembrane has 30 seconds left.\n|\n|t:|1768508077\n|move|p2a: Zamazenta|Wide Guard|p2a: Zamazenta\n|-singleturn|p2a: Zamazenta|Wide Guard\n|move|p1a: Calyrex|Psychic|p2a: Zamazenta\n|-damage|p2a: Zamazenta|32/100\n|move|p1b: Roaring Moon|Rock Slide|p2b: Lunala|[spread] \n|-activate|p2a: Zamazenta|move: Wide Guard\n|-activate|p2b: Lunala|move: Wide Guard\n|move|p2b: Lunala|Moongeist Beam|p1a: Calyrex\n|-supereffective|p1a: Calyrex\n|-damage|p1a: Calyrex|0 fnt\n|faint|p1a: Calyrex\n|\n|upkeep\n|\n|t:|1768508090\n|switch|p1a: Koraidon|Koraidon, L50|100/100\n|-weather|SunnyDay|[from] ability: Orichalcum Pulse|[of] p1a: Koraidon\n|-activate|p1b: Roaring Moon|ability: Protosynthesis\n|-start|p1b: Roaring Moon|protosynthesisspe\n|-activate|p1a: Koraidon|Orichalcum Pulse|[source]\n|turn|3\n|\n|t:|1768508112\n|move|p1b: Roaring Moon|U-turn|p2b: Lunala\n|-damage|p2b: Lunala|91/100\n|\n|t:|1768508115\n|-end|p1b: Roaring Moon|Protosynthesis|[silent]\n|switch|p1b: Flutter Mane|Flutter Mane, L50|100/100|[from] U-turn\n|-activate|p1b: Flutter Mane|ability: Protosynthesis\n|-start|p1b: Flutter Mane|protosynthesisspe\n|move|p1a: Koraidon|Flare Blitz|p2a: Zamazenta\n|-supereffective|p2a: Zamazenta\n|-damage|p2a: Zamazenta|0 fnt\n|faint|p2a: Zamazenta\n|-damage|p1a: Koraidon|89/100|[from] Recoil\n|-damage|p1a: Koraidon|79/100|[from] item: Life Orb\n|move|p2b: Lunala|Moonblast|p1a: Koraidon\n|-supereffective|p1a: Koraidon\n|-damage|p1a: Koraidon|0 fnt\n|faint|p1a: Koraidon\n|\n|-weather|SunnyDay|[upkeep]\n|-end|p2b: Lunala|move: Taunt\n|upkeep\n|\n|t:|1768508139\n|switch|p1a: Roaring Moon|Roaring Moon, L50, tera:Poison|59/100\n|switch|p2a: Dragonite|Dragonite, L50, M|100/100\n|-activate|p1a: Roaring Moon|ability: Protosynthesis\n|-start|p1a: Roaring Moon|protosynthesisspe\n|turn|4\n|\n|t:|1768508159\n|move|p1b: Flutter Mane|Moonblast|p2a: Dragonite\n|-supereffective|p2a: Dragonite\n|-damage|p2a: Dragonite|53/100\n|-unboost|p2a: Dragonite|spa|1\n|move|p1a: Roaring Moon|Rock Slide|p2b: Lunala|[spread] p2a,p2b\n|-supereffective|p2a: Dragonite\n|-damage|p2a: Dragonite|9/100\n|-damage|p2b: Lunala|73/100\n|cant|p2a: Dragonite|flinch\n|cant|p2b: Lunala|flinch\n|\n|-weather|SunnyDay|[upkeep]\n|upkeep\n|turn|5\n|\n|t:|1768508176\n|move|p2a: Dragonite|Extreme Speed|p1a: Roaring Moon\n|-crit|p1a: Roaring Moon\n|-damage|p1a: Roaring Moon|0 fnt\n|faint|p1a: Roaring Moon\n|-end|p1a: Roaring Moon|Protosynthesis|[silent]\n|move|p1b: Flutter Mane|Moonblast|p2b: Lunala\n|-damage|p2b: Lunala|44/100\n|move|p2b: Lunala|Trick Room|p2b: Lunala\n|-fieldstart|move: Trick Room|[of] p2b: Lunala\n|\n|-weather|SunnyDay|[upkeep]\n|upkeep\n|turn|6\n|\n|t:|1768508189\n|switch|p2a: Chien-Pao|Chien-Pao, L50|100/100\n|-ability|p2a: Chien-Pao|Sword of Ruin\n|move|p1b: Flutter Mane|Protect|p1b: Flutter Mane\n|-singleturn|p1b: Flutter Mane|Protect\n|move|p2b: Lunala|Moongeist Beam|p1b: Flutter Mane\n|-activate|p1b: Flutter Mane|move: Protect\n|\n|-weather|SunnyDay|[upkeep]\n|upkeep\n|turn|7\n|-message|Supermembrane forfeited.\n|\n|win|kojimuranishi\n|raw|Supermembrane's rating: 1335 &rarr; <strong>1322</strong><br />(-13 for losing)\n|raw|kojimuranishi's rating: 1457 &rarr; <strong>1470</strong><br />(+13 for winning)\n|l|\u2606Supermembrane\n|player|p1|\n|l|\u2606kojimuranishi\n|player|p2|\n","uploadtime":1768508350,"views":17,"formatid":"gen9vgc2026regi","rating":1322,"private":0,"password":null}