{"id":"gen9vgc2026regi-2573773029","format":"[Gen 9] VGC 2026 Reg I","players":["Van Halen Jumpluff","1VLTSQ Joker"],"log":"|raw|<div class=\"broadcast-blue\"><strong>This battle is required to be public due to a player having a name starting with '1vltsq'.</div>\n|j|\u2606Van Halen Jumpluff\n|j|\u26061VLTSQ Joker\n|t:|1775163656\n|gametype|doubles\n|player|p1|Van Halen Jumpluff|drayden|1451\n|player|p2|1VLTSQ Joker|blue|1518\n|gen|9\n|tier|[Gen 9] VGC 2026 Reg I\n|rated|\n|rule|Species Clause: Limit one of each Pok\u00e9mon\n|rule|Item Clause: Limit 1 of each item\n|clearpoke\n|poke|p1|Incineroar, L50, F|\n|poke|p1|Miraidon, L50|\n|poke|p1|Terapagos, L50, M|\n|poke|p1|Iron Treads, L50|\n|poke|p1|Urshifu-*, L50, F|\n|poke|p1|Sinistcha, L50|\n|poke|p2|Calyrex-Ice, L50|\n|poke|p2|Smeargle, L50, F|\n|poke|p2|Kyogre, L50|\n|poke|p2|Maushold, L50|\n|poke|p2|Volcarona, L50, M|\n|poke|p2|Pawmot, L50, F|\n|teampreview|4\n|inactive|Battle timer is ON: inactive players will automatically lose when time's up. (requested by Van Halen Jumpluff)\n|\n|t:|1775163680\n|teamsize|p1|4\n|teamsize|p2|4\n|start\n|switch|p1a: Terapagos|Terapagos, L50, M|100/100\n|switch|p1b: Miraidon|Miraidon, L50|100/100\n|switch|p2a: Calyrex|Calyrex-Ice, L50|100/100\n|switch|p2b: Smeargle|Smeargle, L50, F|100/100\n|-activate|p1a: Terapagos|ability: Tera Shift\n|detailschange|p1a: Terapagos|Terapagos-Terastal, L50, M\n|-heal|p1a: Terapagos|100/100|[silent]\n|-ability|p2a: Calyrex|As One\n|-ability|p2a: Calyrex|Unnerve\n|-fieldstart|move: Electric Terrain|[from] ability: Hadron Engine|[of] p1b: Miraidon\n|-enditem|p1a: Terapagos|Electric Seed\n|-boost|p1a: Terapagos|def|1|[from] item: Electric Seed\n|turn|1\n|\n|t:|1775163688\n|switch|p1b: Urshifu|Urshifu-Rapid-Strike, L50, F|100/100\n|move|p2b: Smeargle|Fake Out|p1b: Urshifu\n|-damage|p1b: Urshifu|96/100\n|move|p1a: Terapagos|Tera Starstorm|p2b: Smeargle\n|-damage|p2b: Smeargle|8/100\n|move|p2a: Calyrex|Glacial Lance|p1a: Terapagos|[spread] p1a,p1b\n|-activate|p1a: Terapagos|ability: Tera Shell\n|-resisted|p1a: Terapagos\n|-resisted|p1b: Urshifu\n|-damage|p1a: Terapagos|88/100\n|-damage|p1b: Urshifu|68/100\n|\n|-ability|p2b: Smeargle|Moody|boost\n|-boost|p2b: Smeargle|atk|2\n|-unboost|p2b: Smeargle|spe|1\n|upkeep\n|turn|2\n|\n|t:|1775163706\n|move|p2b: Smeargle|Follow Me|p2b: Smeargle\n|-singleturn|p2b: Smeargle|move: Follow Me\n|move|p1b: Urshifu|Aqua Jet|p2b: Smeargle\n|-damage|p2b: Smeargle|0 fnt\n|faint|p2b: Smeargle\n|move|p1a: Terapagos|Calm Mind|p1a: Terapagos\n|-boost|p1a: Terapagos|spa|1\n|-boost|p1a: Terapagos|spd|1\n|move|p2a: Calyrex|Glacial Lance|p1b: Urshifu|[spread] p1a,p1b\n|-resisted|p1b: Urshifu\n|-damage|p1a: Terapagos|64/100\n|-damage|p1b: Urshifu|43/100\n|\n|upkeep\n|\n|t:|1775163715\n|switch|p2b: Maushold|Maushold, L50|100/100\n|turn|3\n|\n|t:|1775163738\n|move|p2b: Maushold|Population Bomb|p1b: Urshifu\n|-crit|p1b: Urshifu\n|-damage|p1b: Urshifu|29/100\n|-damage|p1b: Urshifu|18/100\n|-damage|p1b: Urshifu|7/100\n|-damage|p1b: Urshifu|0 fnt\n|faint|p1b: Urshifu\n|-hitcount|p1: Urshifu|4\n|move|p1a: Terapagos|Tera Starstorm|p2a: Calyrex\n|-damage|p2a: Calyrex|68/100\n|move|p2a: Calyrex|Glacial Lance|p1a: Terapagos\n|-damage|p1a: Terapagos|29/100\n|\n|upkeep\n|\n|t:|1775163742\n|switch|p1b: Miraidon|Miraidon, L50|100/100\n|-activate|p1b: Miraidon|ability: Hadron Engine\n|turn|4\n|inactive|1VLTSQ Joker has 30 seconds left.\n|\n|t:|1775163777\n|move|p1b: Miraidon|Volt Switch|p2a: Calyrex\n|-damage|p2a: Calyrex|38/100\n|\n|t:|1775163780\n|switch|p1b: Sinistcha|Sinistcha, L50|100/100|[from] Volt Switch\n|-heal|p1a: Terapagos|54/100|[from] ability: Hospitality|[of] p1b: Sinistcha\n|move|p2b: Maushold|Population Bomb|p1a: Terapagos\n|-damage|p1a: Terapagos|48/100\n|-damage|p1a: Terapagos|43/100\n|-damage|p1a: Terapagos|38/100\n|-damage|p1a: Terapagos|33/100\n|-damage|p1a: Terapagos|29/100\n|-damage|p1a: Terapagos|23/100\n|-damage|p1a: Terapagos|18/100\n|-damage|p1a: Terapagos|13/100\n|-damage|p1a: Terapagos|8/100\n|-damage|p1a: Terapagos|3/100\n|-hitcount|p1a: Terapagos|10\n|move|p1a: Terapagos|Tera Starstorm|p2a: Calyrex\n|-damage|p2a: Calyrex|5/100\n|move|p2a: Calyrex|Glacial Lance|p1b: Sinistcha|[spread] p1a,p1b\n|-supereffective|p1b: Sinistcha\n|-damage|p1a: Terapagos|0 fnt\n|-damage|p1b: Sinistcha|12/100\n|faint|p1a: Terapagos\n|-ability|p2a: Calyrex|Chilling Neigh|boost\n|-boost|p2a: Calyrex|atk|1\n|\n|upkeep\n|\n|t:|1775163800\n|switch|p1a: Miraidon|Miraidon, L50|100/100\n|-activate|p1a: Miraidon|ability: Hadron Engine\n|turn|5\n|-message|Van Halen Jumpluff forfeited.\n|\n|win|1VLTSQ Joker\n|raw|Van Halen Jumpluff's rating: 1451 &rarr; <strong>1435</strong><br />(-16 for losing)\n|raw|1VLTSQ Joker's rating: 1518 &rarr; <strong>1534</strong><br />(+16 for winning)\n|l|\u2606Van Halen Jumpluff\n|player|p1|\n|l|\u26061VLTSQ Joker\n|player|p2|\n","uploadtime":1775164066,"views":9,"formatid":"gen9vgc2026regi","rating":1435,"private":0,"password":null}