{"id":"gen9vgc2026regi-2560595027","format":"[Gen 9] VGC 2026 Reg I","players":["curfy119","navinsachump"],"log":"|j|\u2606curfy119\n|j|\u2606navinsachump\n|t:|1773702642\n|gametype|doubles\n|player|p1|curfy119|1|1478\n|player|p2|navinsachump|265|1515\n|gen|9\n|tier|[Gen 9] VGC 2026 Reg I\n|rated|\n|rule|Species Clause: Limit one of each Pok\u00e9mon\n|rule|Item Clause: Limit 1 of each item\n|clearpoke\n|poke|p1|Zacian-*, L50|\n|poke|p1|Lunala, L50|\n|poke|p1|Umbreon, L50, F|\n|poke|p1|Urshifu-*, L50, M|\n|poke|p1|Rillaboom, L50, F|\n|poke|p1|Thundurus, L50, M|\n|poke|p2|Calyrex-Ice, L50|\n|poke|p2|Miraidon, L50|\n|poke|p2|Incineroar, L50, F|\n|poke|p2|Landorus, L50, M|\n|poke|p2|Whimsicott, L50, F|\n|poke|p2|Urshifu-*, L50, M|\n|teampreview|4\n|inactive|Battle timer is ON: inactive players will automatically lose when time's up. (requested by curfy119)\n|inactive|navinsachump has 60 seconds left.\n|\n|t:|1773702694\n|teamsize|p1|4\n|teamsize|p2|4\n|start\n|switch|p1a: Lunala|Lunala, L50|100/100\n|switch|p1b: Umbreon|Umbreon, L50, F, shiny|100/100\n|switch|p2a: Calyrex|Calyrex-Ice, L50|100/100\n|switch|p2b: Incineroar|Incineroar, L50, F|100/100\n|-ability|p2a: Calyrex|As One\n|-ability|p2a: Calyrex|Unnerve\n|-ability|p2b: Incineroar|Intimidate|boost\n|-unboost|p1a: Lunala|atk|1\n|-fail|p1b: Umbreon|unboost|Attack|[from] ability: Inner Focus|[of] p1b: Umbreon\n|turn|1\n|inactive|navinsachump has 30 seconds left.\n|\n|t:|1773702720\n|switch|p2b: Urshifu|Urshifu-Rapid-Strike, L50, M|100/100\n|-terastallize|p2a: Calyrex|Normal\n|move|p1b: Umbreon|Helping Hand|p1a: Lunala\n|-singleturn|p1a: Lunala|Helping Hand|[of] p1b: Umbreon\n|move|p1a: Lunala|Meteor Beam||[still]\n|-prepare|p1a: Lunala|Meteor Beam\n|-boost|p1a: Lunala|spa|1\n|-enditem|p1a: Lunala|Power Herb\n|-anim|p1a: Lunala|Meteor Beam|p2b: Urshifu\n|-resisted|p2b: Urshifu\n|-damage|p2b: Urshifu|41/100\n|move|p2a: Calyrex|Leech Seed|p1a: Lunala\n|-start|p1a: Lunala|move: Leech Seed\n|\n|-damage|p1a: Lunala|88/100|[from] Leech Seed|[of] p2a: Calyrex\n|upkeep\n|turn|2\n|inactive|curfy119 has 30 seconds left.\n|inactive|navinsachump has 30 seconds left.\n|\n|t:|1773702753\n|move|p2b: Urshifu|Taunt|p1b: Umbreon\n|-start|p1b: Umbreon|move: Taunt\n|move|p1a: Lunala|Moongeist Beam|p2b: Urshifu\n|-damage|p2b: Urshifu|0 fnt\n|faint|p2b: Urshifu\n|cant|p1b: Umbreon|move: Taunt|Taunt\n|move|p2a: Calyrex|Glacial Lance|p1a: Lunala|[spread] p1a,p1b\n|-damage|p1a: Lunala|42/100\n|-damage|p1b: Umbreon|61/100\n|\n|-damage|p1a: Lunala|29/100|[from] Leech Seed|[of] p2a: Calyrex\n|upkeep\n|\n|t:|1773702765\n|switch|p2b: Miraidon|Miraidon, L50|100/100\n|-fieldstart|move: Electric Terrain|[from] ability: Hadron Engine|[of] p2b: Miraidon\n|turn|3\n|\n|t:|1773702778\n|switch|p1a: Rillaboom|Rillaboom, L50, F|100/100\n|-fieldstart|move: Grassy Terrain|[from] ability: Grassy Surge|[of] p1a: Rillaboom\n|move|p2b: Miraidon|Volt Switch|p1a: Rillaboom\n|-resisted|p1a: Rillaboom\n|-damage|p1a: Rillaboom|86/100\n|\n|t:|1773702783\n|switch|p2b: Incineroar|Incineroar, L50, F|100/100|[from] Volt Switch\n|-ability|p2b: Incineroar|Intimidate|boost\n|-unboost|p1a: Rillaboom|atk|1\n|-fail|p1b: Umbreon|unboost|Attack|[from] ability: Inner Focus|[of] p1b: Umbreon\n|move|p1b: Umbreon|Snarl|p2a: Calyrex|[spread] p2a,p2b\n|-resisted|p2b: Incineroar\n|-damage|p2a: Calyrex|94/100\n|-damage|p2b: Incineroar|97/100\n|-unboost|p2b: Incineroar|spa|1\n|move|p2a: Calyrex|Trick Room|p2a: Calyrex\n|-fieldstart|move: Trick Room|[of] p2a: Calyrex\n|\n|-heal|p2a: Calyrex|99/100|[from] Grassy Terrain\n|-heal|p2b: Incineroar|100/100|[from] Grassy Terrain\n|-heal|p1b: Umbreon|67/100|[from] Grassy Terrain\n|-heal|p1a: Rillaboom|93/100|[from] Grassy Terrain\n|upkeep\n|turn|4\n|inactive|curfy119 has 30 seconds left.\n|\n|t:|1773702812\n|switch|p1a: Zacian|Zacian-Crowned, L50|100/100\n|-ability|p1a: Zacian|Intrepid Sword|boost\n|-boost|p1a: Zacian|atk|1\n|move|p2b: Incineroar|Fake Out|p1a: Zacian\n|-resisted|p1a: Zacian\n|-damage|p1a: Zacian|95/100\n|move|p2a: Calyrex|Glacial Lance|p1a: Zacian|[spread] p1a,p1b\n|-resisted|p1a: Zacian\n|-damage|p1a: Zacian|69/100\n|-damage|p1b: Umbreon|26/100\n|move|p1b: Umbreon|Foul Play|p2a: Calyrex\n|-damage|p2a: Calyrex|63/100\n|\n|-heal|p2a: Calyrex|69/100|[from] Grassy Terrain\n|-heal|p1b: Umbreon|32/100|[from] Grassy Terrain\n|-heal|p1a: Zacian|75/100|[from] Grassy Terrain\n|-end|p1b: Umbreon|move: Taunt\n|upkeep\n|turn|5\n|\n|t:|1773702837\n|-terastallize|p1b: Umbreon|Water\n|move|p1b: Umbreon|Helping Hand|p1a: Zacian\n|-singleturn|p1a: Zacian|Helping Hand|[of] p1b: Umbreon\n|move|p2a: Calyrex|Glacial Lance|p1b: Umbreon|[spread] p1a,p1b\n|-resisted|p1a: Zacian\n|-resisted|p1b: Umbreon\n|-damage|p1a: Zacian|51/100\n|-damage|p1b: Umbreon|14/100\n|move|p2b: Incineroar|Parting Shot|p1a: Zacian\n|-unboost|p1a: Zacian|atk|1\n|-unboost|p1a: Zacian|spa|1\n|\n|t:|1773702845\n|switch|p2b: Miraidon|Miraidon, L50|100/100|[from] Parting Shot\n|-fieldstart|move: Electric Terrain|[from] ability: Hadron Engine|[of] p2b: Miraidon\n|move|p1a: Zacian|Sacred Sword|p2b: Miraidon\n|-damage|p2b: Miraidon|51/100\n|\n|upkeep\n|turn|6\n|\n|t:|1773702869\n|move|p1a: Zacian|Protect|p1a: Zacian\n|-singleturn|p1a: Zacian|Protect\n|move|p2a: Calyrex|Glacial Lance|p1a: Zacian|[spread] p1b\n|-activate|p1a: Zacian|move: Protect\n|-resisted|p1b: Umbreon\n|-damage|p1b: Umbreon|0 fnt\n|faint|p1b: Umbreon\n|-ability|p2a: Calyrex|Chilling Neigh|boost\n|-boost|p2a: Calyrex|atk|1\n|move|p2b: Miraidon|Volt Switch|p1a: Zacian\n|-activate|p1a: Zacian|move: Protect\n|\n|upkeep\n|\n|t:|1773702884\n|switch|p1b: Rillaboom|Rillaboom, L50, F|93/100\n|-fieldstart|move: Grassy Terrain|[from] ability: Grassy Surge|[of] p1b: Rillaboom\n|turn|7\n|\n|t:|1773702899\n|switch|p2b: Incineroar|Incineroar, L50, F|100/100\n|-ability|p2b: Incineroar|Intimidate|boost\n|-unboost|p1a: Zacian|atk|1\n|-unboost|p1b: Rillaboom|atk|1\n|move|p2a: Calyrex|Protect|p2a: Calyrex\n|-singleturn|p2a: Calyrex|Protect\n|move|p1b: Rillaboom|U-turn|p2b: Incineroar\n|-damage|p2b: Incineroar|89/100\n|-damage|p1b: Rillaboom|76/100|[from] item: Rocky Helmet|[of] p2b: Incineroar\n|\n|t:|1773702908\n|switch|p1b: Lunala|Lunala, L50|29/100|[from] U-turn\n|move|p1a: Zacian|Sacred Sword|p2b: Incineroar\n|-supereffective|p2b: Incineroar\n|-damage|p2b: Incineroar|46/100\n|-damage|p1a: Zacian|35/100|[from] item: Rocky Helmet|[of] p2b: Incineroar\n|\n|-heal|p2a: Calyrex|75/100|[from] Grassy Terrain\n|-heal|p2b: Incineroar|52/100|[from] Grassy Terrain\n|-heal|p1b: Lunala|35/100|[from] Grassy Terrain\n|-heal|p1a: Zacian|41/100|[from] Grassy Terrain\n|-fieldend|move: Trick Room\n|upkeep\n|turn|8\n|\n|t:|1773702925\n|move|p2b: Incineroar|Fake Out|p1a: Zacian\n|-resisted|p1a: Zacian\n|-damage|p1a: Zacian|36/100\n|cant|p1a: Zacian|flinch\n|move|p1b: Lunala|Expanding Force|p2a: Calyrex\n|-damage|p2a: Calyrex|48/100\n|move|p2a: Calyrex|Leech Seed|p1b: Lunala\n|-start|p1b: Lunala|move: Leech Seed\n|\n|-heal|p1a: Zacian|43/100|[from] Grassy Terrain\n|-heal|p1b: Lunala|42/100|[from] Grassy Terrain\n|-heal|p2b: Incineroar|58/100|[from] Grassy Terrain\n|-heal|p2a: Calyrex|54/100|[from] Grassy Terrain\n|-damage|p1b: Lunala|29/100|[from] Leech Seed|[of] p2a: Calyrex\n|-heal|p2a: Calyrex|69/100|[silent]\n|upkeep\n|turn|9\n|-message|curfy119 forfeited.\n|\n|win|navinsachump\n|raw|curfy119's rating: 1478 &rarr; <strong>1460</strong><br />(-18 for losing)\n|raw|navinsachump's rating: 1515 &rarr; <strong>1533</strong><br />(+18 for winning)\n|l|\u2606curfy119\n|player|p1|\n|l|\u2606navinsachump\n|player|p2|\n","uploadtime":1773703129,"views":13,"formatid":"gen9vgc2026regi","rating":1460,"private":0,"password":null}