{"id":"gen9vgc2026regi-2573481499","format":"[Gen 9] VGC 2026 Reg I","players":["Erifuuuu","benniovyalt"],"log":"|j|\u2606Erifuuuu\n|j|\u2606benniovyalt\n|t:|1775140470\n|gametype|doubles\n|player|p1|Erifuuuu|2|1316\n|player|p2|benniovyalt|102|1444\n|gen|9\n|tier|[Gen 9] VGC 2026 Reg I\n|rated|\n|rule|Species Clause: Limit one of each Pok\u00e9mon\n|rule|Item Clause: Limit 1 of each item\n|clearpoke\n|poke|p1|Maushold-Four, L50|\n|poke|p1|Miraidon, L50|\n|poke|p1|Pawmot, L50, F|\n|poke|p1|Terapagos, L50, M|\n|poke|p1|Murkrow, L50, F|\n|poke|p1|Gholdengo, L50|\n|poke|p2|Calyrex-Shadow, L50|\n|poke|p2|Zamazenta-*, L50|\n|poke|p2|Incineroar, L50, F|\n|poke|p2|Rillaboom, L50, M|\n|poke|p2|Tornadus, L50, M|\n|poke|p2|Chien-Pao, L50|\n|teampreview|4\n|inactive|Battle timer is ON: inactive players will automatically lose when time's up. (requested by Erifuuuu)\nbenniovyalt has agreed to open team sheets.\n|\n|t:|1775140489\n|teamsize|p1|4\n|teamsize|p2|4\n|start\n|switch|p1a: Miraidon|Miraidon, L50|100/100\n|switch|p1b: Murkrow|Murkrow, L50, F|100/100\n|switch|p2a: Zamazenta|Zamazenta-Crowned, L50|100/100\n|switch|p2b: Rillaboom|Rillaboom, L50, M|100/100\n|-fieldstart|move: Electric Terrain|[from] ability: Hadron Engine|[of] p1a: Miraidon\n|-ability|p2a: Zamazenta|Dauntless Shield|boost\n|-boost|p2a: Zamazenta|def|1\n|-fieldstart|move: Grassy Terrain|[from] ability: Grassy Surge|[of] p2b: Rillaboom\n|turn|1\n|inactive|Erifuuuu has 30 seconds left.\n|\n|t:|1775140516\n|move|p2b: Rillaboom|Fake Out|p1a: Miraidon\n|-damage|p1a: Miraidon|86/100\n|move|p1b: Murkrow|Tailwind|p1b: Murkrow\n|-sidestart|p1: Erifuuuu|move: Tailwind\n|cant|p1a: Miraidon|flinch\n|move|p2a: Zamazenta|Body Press|p1b: Murkrow\n|-damage|p1b: Murkrow|24/100\n|\n|-heal|p1a: Miraidon|92/100|[from] Grassy Terrain\n|upkeep\n|turn|2\n|inactive|benniovyalt has 30 seconds left.\n|\n|t:|1775140547\n|move|p1b: Murkrow|Haze|p1b: Murkrow\n|-clearallboost\n|move|p1a: Miraidon|Overheat|p2a: Zamazenta\n|-supereffective|p2a: Zamazenta\n|-damage|p2a: Zamazenta|7/100\n|-unboost|p1a: Miraidon|spa|2\n|move|p2a: Zamazenta|Body Press|p1a: Miraidon\n|-damage|p1a: Miraidon|48/100\n|move|p2b: Rillaboom|U-turn|p1b: Murkrow\n|-damage|p1b: Murkrow|0 fnt\n|faint|p1b: Murkrow\n|\n|t:|1775140563\n|switch|p2b: Calyrex|Calyrex-Shadow, L50|100/100|[from] U-turn\n|-ability|p2b: Calyrex|As One\n|-ability|p2b: Calyrex|Unnerve\n|\n|-heal|p1a: Miraidon|54/100|[from] Grassy Terrain\n|-heal|p2a: Zamazenta|13/100|[from] Grassy Terrain\n|upkeep\n|\n|t:|1775140573\n|switch|p1b: Terapagos|Terapagos, L50, M|100/100\n|-activate|p1b: Terapagos|ability: Tera Shift\n|detailschange|p1b: Terapagos|Terapagos-Terastal, L50, M\n|-heal|p1b: Terapagos|100/100|[silent]\n|turn|3\n|\n|t:|1775140589\n|switch|p1a: Maushold|Maushold-Four, L50|100/100\n|switch|p2a: Incineroar|Incineroar, L50, F|100/100\n|-ability|p2a: Incineroar|Intimidate|boost\n|-unboost|p1a: Maushold|atk|1\n|-unboost|p1b: Terapagos|atk|1\n|move|p1b: Terapagos|Calm Mind|p1b: Terapagos\n|-boost|p1b: Terapagos|spa|1\n|-boost|p1b: Terapagos|spd|1\n|move|p2b: Calyrex|Astral Barrage|p1a: Maushold|[spread] \n|-immune|p1a: Maushold\n|-immune|p1b: Terapagos\n|\n|upkeep\n|turn|4\n|\n|t:|1775140609\n|-terastallize|p1b: Terapagos|Stellar\n|detailschange|p1b: Terapagos|Terapagos-Stellar, L50, M, tera:Stellar\n|-heal|p1b: Terapagos|100/100|[silent]\n|-ability|p1b: Terapagos|Teraform Zero\n|-fieldend|move: Grassy Terrain\n|move|p2a: Incineroar|Fake Out|p1a: Maushold\n|-damage|p1a: Maushold|83/100\n|cant|p1a: Maushold|flinch\n|move|p1b: Terapagos|Tera Starstorm|p2a: Incineroar|[spread] p2a,p2b\n|-damage|p2a: Incineroar|54/100\n|-damage|p2b: Calyrex|56/100\n|move|p2b: Calyrex|Psychic|p1a: Maushold\n|-crit|p1a: Maushold\n|-damage|p1a: Maushold|0 fnt\n|faint|p1a: Maushold\n|-ability|p2b: Calyrex|Grim Neigh|boost\n|-boost|p2b: Calyrex|spa|1\n|-damage|p2b: Calyrex|46/100|[from] item: Life Orb\n|\n|-sideend|p1: Erifuuuu|move: Tailwind\n|upkeep\n|\n|t:|1775140627\n|switch|p1a: Miraidon|Miraidon, L50|54/100\n|-fieldstart|move: Electric Terrain|[from] ability: Hadron Engine|[of] p1a: Miraidon\n|-enditem|p1b: Terapagos|Electric Seed\n|-boost|p1b: Terapagos|def|1|[from] item: Electric Seed\n|turn|5\n|\n|t:|1775140637\n|move|p2b: Calyrex|Astral Barrage|p1b: Terapagos|[spread] p1a\n|-immune|p1b: Terapagos\n|-damage|p1a: Miraidon|0 fnt\n|faint|p1a: Miraidon\n|-ability|p2b: Calyrex|Grim Neigh|boost\n|-boost|p2b: Calyrex|spa|1\n|-damage|p2b: Calyrex|36/100|[from] item: Life Orb\n|move|p1b: Terapagos|Tera Starstorm|p2a: Incineroar|[spread] p2a,p2b\n|-damage|p2a: Incineroar|7/100\n|-damage|p2b: Calyrex|0 fnt\n|faint|p2b: Calyrex\n|move|p2a: Incineroar|Knock Off|p1b: Terapagos\n|-damage|p1b: Terapagos|91/100\n|\n|upkeep\n|\n|t:|1775140649\n|switch|p2b: Zamazenta|Zamazenta-Crowned, L50|13/100\n|turn|6\n|c|\u2606benniovyalt|im an idiot\n|\n|t:|1775140663\n|move|p2a: Incineroar|Helping Hand|p2b: Zamazenta\n|-singleturn|p2b: Zamazenta|Helping Hand|[of] p2a: Incineroar\n|move|p2b: Zamazenta|Body Press|p1b: Terapagos\n|-supereffective|p1b: Terapagos\n|-damage|p1b: Terapagos|42/100\n|move|p1b: Terapagos|Tera Starstorm|p2a: Incineroar|[spread] p2a,p2b\n|-damage|p2a: Incineroar|0 fnt\n|-damage|p2b: Zamazenta|0 fnt\n|faint|p2a: Incineroar\n|faint|p2b: Zamazenta\n|\n|upkeep\n|\n|t:|1775140670\n|switch|p2b: Rillaboom|Rillaboom, L50, M|100/100\n|-fieldstart|move: Grassy Terrain|[from] ability: Grassy Surge|[of] p2b: Rillaboom\n|turn|7\n|\n|t:|1775140678\n|move|p1b: Terapagos|Protect|p1b: Terapagos\n|-singleturn|p1b: Terapagos|Protect\n|move|p2b: Rillaboom|Wood Hammer|p1b: Terapagos\n|-activate|p1b: Terapagos|move: Protect\n|\n|-heal|p1b: Terapagos|48/100|[from] Grassy Terrain\n|upkeep\n|turn|8\n|\n|t:|1775140686\n|move|p1b: Terapagos|Tera Starstorm|p2b: Rillaboom\n|-damage|p2b: Rillaboom|54/100\n|move|p2b: Rillaboom|Wood Hammer|p1b: Terapagos\n|-damage|p1b: Terapagos|24/100\n|-damage|p2b: Rillaboom|44/100|[from] Recoil\n|\n|-heal|p1b: Terapagos|30/100|[from] Grassy Terrain\n|-heal|p2b: Rillaboom|50/100|[from] Grassy Terrain\n|upkeep\n|turn|9\n|inactive|benniovyalt has 30 seconds left.\n|\n|t:|1775140712\n|move|p1b: Terapagos|Tera Starstorm|p2b: Rillaboom\n|-damage|p2b: Rillaboom|5/100\n|move|p2b: Rillaboom|Wood Hammer|p1b: Terapagos\n|-damage|p1b: Terapagos|4/100\n|-damage|p2b: Rillaboom|0 fnt|[from] Recoil\n|faint|p2b: Rillaboom\n|\n|win|Erifuuuu\n|raw|Erifuuuu's rating: 1316 &rarr; <strong>1343</strong><br />(+27 for winning)\n|raw|benniovyalt's rating: 1444 &rarr; <strong>1417</strong><br />(-27 for losing)\n|l|\u2606benniovyalt\n|player|p2|\n|l|\u2606Erifuuuu\n|player|p1|\n","uploadtime":1775140971,"views":11,"formatid":"gen9vgc2026regi","rating":1343,"private":0,"password":null}