{"id":"gen9vgc2026regi-2569028771","format":"[Gen 9] VGC 2026 Reg I","players":["hdhsjsko","Cellpab1"],"log":"|j|\u2606hdhsjsko\n|j|\u2606Cellpab1\n|t:|1774642299\n|gametype|doubles\n|player|p1|hdhsjsko|backpacker|1360\n|player|p2|Cellpab1|101|1432\n|gen|9\n|tier|[Gen 9] VGC 2026 Reg I\n|rated|\n|rule|Species Clause: Limit one of each Pok\u00e9mon\n|rule|Item Clause: Limit 1 of each item\n|clearpoke\n|poke|p1|Calyrex-Ice, L50|\n|poke|p1|Indeedee-F, L50, F|\n|poke|p1|Amoonguss, L50, F|\n|poke|p1|Torkoal, L50, M|\n|poke|p1|Lunala, L50|\n|poke|p1|Ursaluna, L50, M|\n|poke|p2|Miraidon, L50|\n|poke|p2|Zamazenta-*, L50|\n|poke|p2|Chien-Pao, L50|\n|poke|p2|Landorus, L50, M|\n|poke|p2|Farigiraf, L50, F|\n|poke|p2|Araquanid, L50, F|\n|teampreview|4\n|j| turtwigappreciater\n|inactive|Battle timer is ON: inactive players will automatically lose when time's up. (requested by Cellpab1)\n|\n|t:|1774642336\n|teamsize|p1|4\n|teamsize|p2|4\n|start\n|switch|p1a: Amoonguss|Amoonguss, L50, F|100/100\n|switch|p1b: Calyrex|Calyrex-Ice, L50|100/100\n|switch|p2a: Miraidon|Miraidon, L50|100/100\n|switch|p2b: Chien-Pao|Chien-Pao, L50|100/100\n|-ability|p1b: Calyrex|As One\n|-ability|p1b: Calyrex|Unnerve\n|-ability|p2b: Chien-Pao|Sword of Ruin\n|-fieldstart|move: Electric Terrain|[from] ability: Hadron Engine|[of] p2a: Miraidon\n|turn|1\n|inactive|Cellpab1 has 30 seconds left.\n|inactive|Cellpab1 has 20 seconds left.\n|inactive|Cellpab1 has 15 seconds left.\n|\n|t:|1774642381\n|switch|p2b: Araquanid|Araquanid, L50, F|100/100\n|-terastallize|p2a: Miraidon|Fairy\n|-terastallize|p1b: Calyrex|Fire\n|move|p1a: Amoonguss|Rage Powder|p1a: Amoonguss\n|-singleturn|p1a: Amoonguss|move: Rage Powder\n|move|p2a: Miraidon|Dazzling Gleam|p1b: Calyrex|[spread] p1a,p1b\n|-resisted|p1a: Amoonguss\n|-resisted|p1b: Calyrex\n|-damage|p1a: Amoonguss|79/100\n|-damage|p1b: Calyrex|80/100\n|move|p1b: Calyrex|Trick Room|p1b: Calyrex\n|-fieldstart|move: Trick Room|[of] p1b: Calyrex\n|\n|upkeep\n|turn|2\n|inactive|Cellpab1 has 30 seconds left.\n|\n|t:|1774642410\n|move|p1a: Amoonguss|Sludge Bomb|p2a: Miraidon\n|-supereffective|p2a: Miraidon\n|-damage|p2a: Miraidon|57/100\n|-status|p2a: Miraidon|psn\n|move|p2b: Araquanid|Infestation|p1a: Amoonguss\n|-damage|p1a: Amoonguss|76/100\n|-activate|p1a: Amoonguss|move: Infestation|[of] p2b: Araquanid\n|-damage|p2b: Araquanid|84/100|[from] item: Rocky Helmet|[of] p1a: Amoonguss\n|move|p1b: Calyrex|High Horsepower|p2a: Miraidon\n|-damage|p2a: Miraidon|21/100 psn\n|move|p2a: Miraidon|Dazzling Gleam|p1b: Calyrex|[spread] p1a,p1b\n|-resisted|p1a: Amoonguss\n|-resisted|p1b: Calyrex\n|-damage|p1a: Amoonguss|52/100\n|-damage|p1b: Calyrex|59/100\n|\n|-damage|p2a: Miraidon|9/100 psn|[from] psn\n|-damage|p1a: Amoonguss|39/100|[from] move: Infestation|[partiallytrapped]\n|upkeep\n|turn|3\n|\n|t:|1774642430\n|move|p1a: Amoonguss|Rage Powder|p1a: Amoonguss\n|-singleturn|p1a: Amoonguss|move: Rage Powder\n|move|p2b: Araquanid|Liquidation|p1a: Amoonguss\n|-resisted|p1a: Amoonguss\n|-damage|p1a: Amoonguss|7/100\n|-damage|p2b: Araquanid|67/100|[from] item: Rocky Helmet|[of] p1a: Amoonguss\n|move|p1b: Calyrex|Glacial Lance|p2b: Araquanid|[spread] p2a,p2b\n|-resisted|p2b: Araquanid\n|-damage|p2a: Miraidon|0 fnt\n|-damage|p2b: Araquanid|34/100\n|faint|p2a: Miraidon\n|-ability|p1b: Calyrex|Chilling Neigh|boost\n|-boost|p1b: Calyrex|atk|1\n|\n|-damage|p1a: Amoonguss|0 fnt|[from] move: Infestation|[partiallytrapped]\n|faint|p1a: Amoonguss\n|upkeep\n|inactive|Cellpab1 has 30 seconds left.\n|inactive|Cellpab1 has 20 seconds left.\n|inactive|Cellpab1 has 15 seconds left.\n|\n|t:|1774642474\n|switch|p1a: Lunala|Lunala, L50|100/100\n|switch|p2a: Chien-Pao|Chien-Pao, L50|100/100\n|-ability|p2a: Chien-Pao|Sword of Ruin\n|turn|4\n|\n|t:|1774642497\n|move|p2b: Araquanid|Liquidation|p1b: Calyrex\n|-supereffective|p1b: Calyrex\n|-damage|p1b: Calyrex|0 fnt\n|faint|p1b: Calyrex\n|move|p1a: Lunala|Meteor Beam||[still]\n|-prepare|p1a: Lunala|Meteor Beam\n|-boost|p1a: Lunala|spa|1\n|-enditem|p1a: Lunala|Power Herb\n|-anim|p1a: Lunala|Meteor Beam|p2b: Araquanid\n|-supereffective|p2b: Araquanid\n|-damage|p2b: Araquanid|0 fnt\n|faint|p2b: Araquanid\n|move|p2a: Chien-Pao|Ruination|p1a: Lunala\n|-damage|p1a: Lunala|50/100\n|\n|upkeep\n|\n|t:|1774642508\n|switch|p2b: Zamazenta|Zamazenta-Crowned, L50|100/100\n|switch|p1b: Ursaluna|Ursaluna, L50, M|100/100\n|-ability|p2b: Zamazenta|Dauntless Shield|boost\n|-boost|p2b: Zamazenta|def|1\n|turn|5\n|inactive|Cellpab1 has 30 seconds left.\n|\n|t:|1774642535\n|move|p2b: Zamazenta|Protect|p2b: Zamazenta\n|-singleturn|p2b: Zamazenta|Protect\n|move|p2a: Chien-Pao|Sucker Punch|p1a: Lunala\n|-supereffective|p1a: Lunala\n|-damage|p1a: Lunala|0 fnt\n|faint|p1a: Lunala\n|move|p1b: Ursaluna|Facade|p2a: Chien-Pao\n|-damage|p2a: Chien-Pao|46/100\n|\n|-fieldend|move: Trick Room\n|-fieldend|move: Electric Terrain\n|-status|p1b: Ursaluna|brn|[from] item: Flame Orb\n|upkeep\n|turn|6\n|-message|hdhsjsko forfeited.\n|\n|win|Cellpab1\n|raw|hdhsjsko's rating: 1360 &rarr; <strong>1344</strong><br />(-16 for losing)\n|raw|Cellpab1's rating: 1432 &rarr; <strong>1448</strong><br />(+16 for winning)\n|l|\u2606hdhsjsko\n|player|p1|\n|l|\u2606Cellpab1\n|player|p2|\n|l| turtwigappreciater\n","uploadtime":1774642711,"views":14,"formatid":"gen9vgc2026regi","rating":1344,"private":0,"password":null}