{"id":"gen9vgc2026regi-2579628403","format":"[Gen 9] VGC 2026 Reg I","players":["markingdra","renlovgc"],"log":"|j|\u2606markingdra\n|j|\u2606renlovgc\n|t:|1775808111\n|gametype|doubles\n|player|p1|markingdra|102|1510\n|player|p2|renlovgc|1|1524\n|gen|9\n|tier|[Gen 9] VGC 2026 Reg I\n|rated|\n|rule|Species Clause: Limit one of each Pok\u00e9mon\n|rule|Item Clause: Limit 1 of each item\n|clearpoke\n|poke|p1|Koraidon, L50|\n|poke|p1|Calyrex-Shadow, L50|\n|poke|p1|Incineroar, L50, M|\n|poke|p1|Brute Bonnet, L50|\n|poke|p1|Raging Bolt, L50|\n|poke|p1|Ogerpon-Cornerstone, L50, F|\n|poke|p2|Calyrex-Shadow, L50|\n|poke|p2|Zamazenta-*, L50|\n|poke|p2|Chien-Pao, L50|\n|poke|p2|Dragonite, L50, F|\n|poke|p2|Ogerpon-Cornerstone, L50, F|\n|poke|p2|Amoonguss, L50, M|\n|teampreview|4\n|inactive|Battle timer is ON: inactive players will automatically lose when time's up. (requested by renlovgc)\n|l|\u2606renlovgc\n|inactive|renlovgc disconnected and has a minute to reconnect!\n|player|p2|\n|j|\u2606renlovgc\n|inactive|renlovgc reconnected and has 70 seconds left.\n|player|p2|renlovgc|1|\n|\n|t:|1775808138\n|teamsize|p1|4\n|teamsize|p2|4\n|start\n|switch|p1a: Koraidon|Koraidon, L50, shiny|100/100\n|switch|p1b: Raging Bolt|Raging Bolt, L50|100/100\n|switch|p2a: Zamazenta|Zamazenta-Crowned, L50|100/100\n|switch|p2b: Chien-Pao|Chien-Pao, L50|100/100\n|-ability|p2b: Chien-Pao|Sword of Ruin\n|-weather|SunnyDay|[from] ability: Orichalcum Pulse|[of] p1a: Koraidon\n|-activate|p1b: Raging Bolt|ability: Protosynthesis\n|-start|p1b: Raging Bolt|protosynthesisspa\n|-activate|p1a: Koraidon|Orichalcum Pulse|[source]\n|-ability|p2a: Zamazenta|Dauntless Shield|boost\n|-boost|p2a: Zamazenta|def|1\n|turn|1\n|inactive|markingdra has 30 seconds left.\n|\n|t:|1775808165\n|-terastallize|p1a: Koraidon|Fire\n|move|p2b: Chien-Pao|Icy Wind|p1b: Raging Bolt|[spread] p1a,p1b\n|-resisted|p1a: Koraidon\n|-supereffective|p1b: Raging Bolt\n|-damage|p1a: Koraidon|95/100\n|-damage|p1b: Raging Bolt|86/100\n|-unboost|p1b: Raging Bolt|spe|1\n|move|p1a: Koraidon|Flame Charge|p2b: Chien-Pao\n|-supereffective|p2b: Chien-Pao\n|-damage|p2b: Chien-Pao|0 fnt\n|-boost|p1a: Koraidon|spe|1\n|faint|p2b: Chien-Pao\n|move|p2a: Zamazenta|Body Press|p1a: Koraidon\n|-damage|p1a: Koraidon|39/100\n|move|p1b: Raging Bolt|Volt Switch|p2a: Zamazenta\n|-damage|p2a: Zamazenta|60/100\n|\n|t:|1775808188\n|-end|p1b: Raging Bolt|Protosynthesis|[silent]\n|switch|p1b: Brute Bonnet|Brute Bonnet, L50, shiny|100/100|[from] Volt Switch\n|-activate|p1b: Brute Bonnet|ability: Protosynthesis\n|-start|p1b: Brute Bonnet|protosynthesisdef\n|\n|-weather|SunnyDay|[upkeep]\n|upkeep\n|l|\u2606renlovgc\n|inactive|renlovgc disconnected and has a minute to reconnect!\n|player|p2|\n|j|\u2606renlovgc\n|inactive|renlovgc reconnected and has 35 seconds left.\n|player|p2|renlovgc|1|\n|\n|t:|1775808211\n|switch|p2b: Ogerpon|Ogerpon-Cornerstone, L50, F|100/100\n|turn|2\n|\n|t:|1775808228\n|move|p1a: Koraidon|Protect|p1a: Koraidon\n|-singleturn|p1a: Koraidon|Protect\n|move|p2a: Zamazenta|Protect|p2a: Zamazenta\n|-singleturn|p2a: Zamazenta|Protect\n|move|p2b: Ogerpon|Ivy Cudgel|p1a: Koraidon|[anim] Ivy Cudgel Rock\n|-activate|p1a: Koraidon|move: Protect\n|move|p1b: Brute Bonnet|Spore|p2a: Zamazenta\n|-activate|p2a: Zamazenta|move: Protect\n|\n|-weather|SunnyDay|[upkeep]\n|upkeep\n|turn|3\n|\n|t:|1775808243\n|move|p1b: Brute Bonnet|Sucker Punch|p2b: Ogerpon\n|-damage|p2b: Ogerpon|61/100\n|move|p1a: Koraidon|Flame Charge|p2b: Ogerpon\n|-damage|p2b: Ogerpon|0 fnt\n|-boost|p1a: Koraidon|spe|1\n|faint|p2b: Ogerpon\n|move|p2a: Zamazenta|Body Press|p1b: Brute Bonnet\n|-supereffective|p1b: Brute Bonnet\n|-damage|p1b: Brute Bonnet|32/100\n|\n|-weather|SunnyDay|[upkeep]\n|upkeep\n|\n|t:|1775808253\n|switch|p2b: Calyrex|Calyrex-Shadow, L50|100/100\n|-ability|p2b: Calyrex|As One\n|-ability|p2b: Calyrex|Unnerve\n|turn|4\n|\n|t:|1775808275\n|move|p2a: Zamazenta|Protect|p2a: Zamazenta\n|-singleturn|p2a: Zamazenta|Protect\n|move|p1b: Brute Bonnet|Sucker Punch||[still]\n|-fail|p1b: Brute Bonnet\n|move|p1a: Koraidon|Flame Charge|p2b: Calyrex\n|-damage|p2b: Calyrex|27/100\n|-boost|p1a: Koraidon|spe|1\n|move|p2b: Calyrex|Encore|p1b: Brute Bonnet\n|-start|p1b: Brute Bonnet|Encore\n|\n|-weather|SunnyDay|[upkeep]\n|upkeep\n|turn|5\n|\n|t:|1775808293\n|-terastallize|p2a: Zamazenta|Fairy\n|move|p2b: Calyrex|Protect|p2b: Calyrex\n|-singleturn|p2b: Calyrex|Protect\n|move|p1b: Brute Bonnet|Sucker Punch||[still]\n|-fail|p1b: Brute Bonnet\n|move|p1a: Koraidon|Flare Blitz|p2a: Zamazenta\n|-damage|p2a: Zamazenta|14/100\n|-damage|p1a: Koraidon|25/100|[from] Recoil\n|move|p2a: Zamazenta|Body Press|p1a: Koraidon\n|-damage|p1a: Koraidon|0 fnt\n|faint|p1a: Koraidon\n|\n|-weather|none\n|-end|p1b: Brute Bonnet|Protosynthesis\n|upkeep\n|\n|t:|1775808305\n|switch|p1a: Calyrex|Calyrex-Shadow, L50|100/100\n|-ability|p1a: Calyrex|As One\n|-ability|p1a: Calyrex|Unnerve\n|turn|6\n|l|\u2606renlovgc\n|inactive|renlovgc disconnected and has a minute to reconnect!\n|player|p2|\n|j|\u2606renlovgc\n|inactive|renlovgc reconnected and has 35 seconds left.\n|player|p2|renlovgc|1|\n|\n|t:|1775808329\n|move|p2a: Zamazenta|Wide Guard|p2a: Zamazenta\n|-singleturn|p2a: Zamazenta|Wide Guard\n|move|p1b: Brute Bonnet|Sucker Punch||[still]\n|-fail|p1b: Brute Bonnet\n|move|p1a: Calyrex|Psychic|p2a: Zamazenta\n|-damage|p2a: Zamazenta|0 fnt\n|faint|p2a: Zamazenta\n|-ability|p1a: Calyrex|Grim Neigh|boost\n|-boost|p1a: Calyrex|spa|1\n|move|p2b: Calyrex|Encore|p1a: Calyrex\n|-start|p1a: Calyrex|Encore\n|\n|upkeep\n|turn|7\n|\n|t:|1775808343\n|move|p2b: Calyrex|Protect|p2b: Calyrex\n|-singleturn|p2b: Calyrex|Protect\n|move|p1b: Brute Bonnet|Sucker Punch||[still]\n|-fail|p1b: Brute Bonnet\n|move|p1a: Calyrex|Psychic|p2b: Calyrex\n|-activate|p2b: Calyrex|move: Protect\n|\n|-end|p1b: Brute Bonnet|Encore\n|upkeep\n|turn|8\n|\n|t:|1775808356\n|move|p1b: Brute Bonnet|Sucker Punch||[still]\n|-fail|p1b: Brute Bonnet\n|move|p2b: Calyrex|Encore|p1b: Brute Bonnet\n|-start|p1b: Brute Bonnet|Encore\n|move|p1a: Calyrex|Psychic|p2b: Calyrex\n|-resisted|p2b: Calyrex\n|-damage|p2b: Calyrex|0 fnt\n|faint|p2b: Calyrex\n|\n|win|markingdra\n|raw|markingdra's rating: 1510 &rarr; <strong>1531</strong><br />(+21 for winning)\n|raw|renlovgc's rating: 1524 &rarr; <strong>1503</strong><br />(-21 for losing)\n|l|\u2606markingdra\n|player|p1|\n|l|\u2606renlovgc\n|player|p2|\n","uploadtime":1775808564,"views":11,"formatid":"gen9vgc2026regi","rating":1503,"private":0,"password":null}