{"id":"gen9vgc2026regi-2550120930","format":"[Gen 9] VGC 2026 Reg I","players":["imperialjav","b3testing"],"log":"|j|\u2606imperialjav\n|j|\u2606b3testing\n|t:|1772457543\n|gametype|doubles\n|player|p1|imperialjav|102|1451\n|player|p2|b3testing|102|1452\n|gen|9\n|tier|[Gen 9] VGC 2026 Reg I\n|rated|\n|rule|Species Clause: Limit one of each Pok\u00e9mon\n|rule|Item Clause: Limit 1 of each item\n|clearpoke\n|poke|p1|Kyogre, L50|\n|poke|p1|Calyrex-Ice, L50|\n|poke|p1|Amoonguss, L50, M|\n|poke|p1|Indeedee-F, L50, F|\n|poke|p1|Iron Jugulis, L50|\n|poke|p1|Urshifu-*, L50, F|\n|poke|p2|Terapagos, L50, M|\n|poke|p2|Calyrex-Shadow, L50|\n|poke|p2|Incineroar, L50, F|\n|poke|p2|Amoonguss, L50, M|\n|poke|p2|Tornadus, L50, M|\n|poke|p2|Smeargle, L50, M|\n|teampreview|4\n|inactive|Battle timer is ON: inactive players will automatically lose when time's up. (requested by b3testing)\n|inactive|imperialjav has 60 seconds left.\n|\n|t:|1772457584\n|teamsize|p1|4\n|teamsize|p2|4\n|start\n|switch|p1a: Iron Jugulis|Iron Jugulis, L50|100/100\n|switch|p1b: Kyogre|Kyogre, L50|100/100\n|switch|p2a: Smeargle|Smeargle, L50, M|100/100\n|switch|p2b: Terapagos|Terapagos, L50, M|100/100\n|-activate|p2b: Terapagos|ability: Tera Shift\n|detailschange|p2b: Terapagos|Terapagos-Terastal, L50, M\n|-heal|p2b: Terapagos|100/100|[silent]\n|-weather|RainDance|[from] ability: Drizzle|[of] p1b: Kyogre\n|-enditem|p1a: Iron Jugulis|Booster Energy\n|-activate|p1a: Iron Jugulis|ability: Quark Drive|[fromitem]\n|-start|p1a: Iron Jugulis|quarkdrivespe\n|turn|1\n|inactive|imperialjav has 30 seconds left.\n|\n|t:|1772457609\n|move|p2a: Smeargle|Fake Out|p1b: Kyogre\n|-damage|p1b: Kyogre|95/100\n|move|p1a: Iron Jugulis|Taunt|p2b: Terapagos\n|-start|p2b: Terapagos|move: Taunt\n|cant|p1b: Kyogre|flinch\n|cant|p2b: Terapagos|move: Taunt|Calm Mind\n|\n|-weather|RainDance|[upkeep]\n|-ability|p2a: Smeargle|Moody|boost\n|-boost|p2a: Smeargle|def|2\n|-unboost|p2a: Smeargle|spa|1\n|upkeep\n|turn|2\n|inactive|imperialjav has 30 seconds left.\n|\n|t:|1772457635\n|-terastallize|p1b: Kyogre|Water\n|-terastallize|p2b: Terapagos|Stellar\n|detailschange|p2b: Terapagos|Terapagos-Stellar, L50, M, tera:Stellar\n|-heal|p2b: Terapagos|100/100|[silent]\n|-ability|p2b: Terapagos|Teraform Zero\n|-weather|none\n|move|p1a: Iron Jugulis|Taunt|p2a: Smeargle\n|-start|p2a: Smeargle|move: Taunt\n|cant|p2a: Smeargle|move: Taunt|Decorate\n|move|p1b: Kyogre|Water Spout|p2a: Smeargle|[spread] p2a,p2b\n|-enditem|p2a: Smeargle|Focus Sash\n|-damage|p2a: Smeargle|1/100\n|-damage|p2b: Terapagos|19/100\n|move|p2b: Terapagos|Tera Starstorm|p1b: Kyogre|[spread] p1a,p1b\n|-supereffective|p1b: Kyogre\n|-damage|p1a: Iron Jugulis|58/100\n|-damage|p1b: Kyogre|40/100\n|\n|-ability|p2a: Smeargle|Moody|boost\n|-boost|p2a: Smeargle|atk|2\n|-unboost|p2a: Smeargle|def|1\n|upkeep\n|turn|3\n|inactive|imperialjav has 30 seconds left.\n|\n|t:|1772457665\n|switch|p2a: Amoonguss|Amoonguss, L50, M|100/100\n|move|p1a: Iron Jugulis|Snarl|p2a: Amoonguss|[spread] p2a,p2b\n|-crit|p2a: Amoonguss\n|-damage|p2a: Amoonguss|77/100\n|-damage|p2b: Terapagos|8/100\n|-unboost|p2a: Amoonguss|spa|1\n|move|p1b: Kyogre|Water Spout|p2b: Terapagos|[spread] p2a,p2b\n|-resisted|p2a: Amoonguss\n|-damage|p2a: Amoonguss|52/100\n|-damage|p2b: Terapagos|0 fnt\n|faint|p2b: Terapagos\n|detailschange|p2: Terapagos|Terapagos, L50, M|[silent]\n|\n|upkeep\n|\n|t:|1772457671\n|switch|p2b: Calyrex|Calyrex-Shadow, L50|100/100\n|-ability|p2b: Calyrex|As One\n|-ability|p2b: Calyrex|Unnerve\n|turn|4\n|inactive|imperialjav has 30 seconds left.\n|inactive|imperialjav has 20 seconds left.\n|\n|t:|1772457706\n|switch|p1b: Indeedee|Indeedee-F, L50, F|100/100\n|-fieldstart|move: Psychic Terrain|[from] ability: Psychic Surge|[of] p1b: Indeedee\n|move|p1a: Iron Jugulis|Taunt|p2a: Amoonguss\n|-start|p2a: Amoonguss|move: Taunt\n|move|p2b: Calyrex|Astral Barrage|p1b: Indeedee|[spread] p1a\n|-immune|p1b: Indeedee\n|-resisted|p1a: Iron Jugulis\n|-damage|p1a: Iron Jugulis|26/100\n|-damage|p2b: Calyrex|91/100|[from] item: Life Orb\n|move|p2a: Amoonguss|Pollen Puff|p2b: Calyrex\n|-heal|p2b: Calyrex|100/100\n|\n|upkeep\n|turn|5\n|inactive|imperialjav has 30 seconds left.\n|-message|b3testing forfeited.\n|\n|win|imperialjav\n|raw|imperialjav's rating: 1451 &rarr; <strong>1471</strong><br />(+20 for winning)\n|raw|b3testing's rating: 1452 &rarr; <strong>1432</strong><br />(-20 for losing)\n|l|\u2606b3testing\n|player|p2|\n|l|\u2606imperialjav\n|player|p1|\n","uploadtime":1772457919,"views":13,"formatid":"gen9vgc2026regi","rating":1432,"private":0,"password":null}