{"id":"gen9vgc2026regi-2590987074","format":"[Gen 9] VGC 2026 Reg I","players":["SycrasisEU","pumpkinflame"],"log":"|j|\u2606SycrasisEU\n|j|\u2606pumpkinflame\n|t:|1776866683\n|gametype|doubles\n|player|p1|SycrasisEU|byron|1478\n|player|p2|pumpkinflame|adaman-masters|1448\n|gen|9\n|tier|[Gen 9] VGC 2026 Reg I\n|rated|\n|rule|Species Clause: Limit one of each Pok\u00e9mon\n|rule|Item Clause: Limit 1 of each item\n|clearpoke\n|poke|p1|Koraidon, L50|\n|poke|p1|Lunala, L50|\n|poke|p1|Walking Wake, L50|\n|poke|p1|Incineroar, L50, M|\n|poke|p1|Clefairy, L50, M|\n|poke|p1|Roaring Moon, L50|\n|poke|p2|Kyogre, L50|\n|poke|p2|Archaludon, L50, F|\n|poke|p2|Rillaboom, L50, F|\n|poke|p2|Roaring Moon, L50|\n|poke|p2|Calyrex-Ice, L50|\n|poke|p2|Incineroar, L50, F|\n|teampreview|4\n|\n|t:|1776866706\n|teamsize|p1|4\n|teamsize|p2|4\n|start\n|switch|p1a: Incineroar|Incineroar, L50, M, shiny|100/100\n|switch|p1b: Lunala|Lunala, L50|100/100\n|switch|p2a: Salamence Megav2|Roaring Moon, L50|100/100\n|switch|p2b: K.O|Kyogre, L50|100/100\n|-weather|RainDance|[from] ability: Drizzle|[of] p2b: K.O\n|-ability|p1a: Incineroar|Intimidate|boost\n|-unboost|p2a: Salamence Megav2|atk|1\n|-unboost|p2b: K.O|atk|1\n|-enditem|p2a: Salamence Megav2|Booster Energy\n|-activate|p2a: Salamence Megav2|ability: Protosynthesis|[fromitem]\n|-start|p2a: Salamence Megav2|protosynthesisspe\n|turn|1\n|\n|t:|1776866726\n|-terastallize|p1b: Lunala|Fairy\n|move|p2b: K.O|Protect|p2b: K.O\n|-singleturn|p2b: K.O|Protect\n|move|p1a: Incineroar|Fake Out|p2b: K.O\n|-activate|p2b: K.O|move: Protect\n|move|p2a: Salamence Megav2|Tailwind|p2a: Salamence Megav2\n|-sidestart|p2: pumpkinflame|move: Tailwind\n|move|p1b: Lunala|Meteor Beam||[still]\n|-prepare|p1b: Lunala|Meteor Beam\n|-boost|p1b: Lunala|spa|1\n|-enditem|p1b: Lunala|Power Herb\n|-anim|p1b: Lunala|Meteor Beam|p2b: K.O\n|-activate|p2b: K.O|move: Protect\n|\n|-weather|RainDance|[upkeep]\n|upkeep\n|turn|2\n|\n|t:|1776866746\n|switch|p1a: Koraidon|Koraidon, L50, shiny|100/100\n|-weather|SunnyDay|[from] ability: Orichalcum Pulse|[of] p1a: Koraidon\n|-activate|p1a: Koraidon|Orichalcum Pulse|[source]\n|move|p2a: Salamence Megav2|Acrobatics|p1b: Lunala\n|-damage|p1b: Lunala|89/100\n|move|p2b: K.O|Water Spout|p1b: Lunala|[spread] p1a,p1b\n|-resisted|p1a: Koraidon\n|-damage|p1a: Koraidon|80/100\n|-damage|p1b: Lunala|56/100\n|move|p1b: Lunala|Moonblast|p2b: K.O\n|-damage|p2b: K.O|47/100\n|\n|-weather|SunnyDay|[upkeep]\n|upkeep\n|turn|3\n|\n|t:|1776866765\n|-end|p2a: Salamence Megav2|Protosynthesis|[silent]\n|switch|p2a: Chilly and Willy|Calyrex-Ice, L50|100/100\n|-ability|p2a: Chilly and Willy|As One\n|-ability|p2a: Chilly and Willy|Unnerve\n|switch|p1a: Incineroar|Incineroar, L50, M, shiny|100/100\n|-ability|p1a: Incineroar|Intimidate|boost\n|-unboost|p2a: Chilly and Willy|atk|1\n|-unboost|p2b: K.O|atk|1\n|move|p2b: K.O|Origin Pulse|p1b: Lunala|[spread] p1a,p1b\n|-supereffective|p1a: Incineroar\n|-damage|p1a: Incineroar|55/100\n|-damage|p1b: Lunala|35/100\n|move|p1b: Lunala|Moonblast|p2a: Chilly and Willy\n|-damage|p2a: Chilly and Willy|54/100\n|\n|-weather|SunnyDay|[upkeep]\n|-heal|p2a: Chilly and Willy|59/100|[from] item: Leftovers\n|upkeep\n|turn|4\n|\n|t:|1776866799\n|switch|p2b: Mrs. Dreads|Rillaboom, L50, F, shiny|100/100\n|-fieldstart|move: Grassy Terrain|[from] ability: Grassy Surge|[of] p2b: Mrs. Dreads\n|move|p2a: Chilly and Willy|Protect|p2a: Chilly and Willy\n|-singleturn|p2a: Chilly and Willy|Protect\n|move|p1a: Incineroar|Fake Out|p2a: Chilly and Willy\n|-activate|p2a: Chilly and Willy|move: Protect\n|move|p1b: Lunala|Moongeist Beam|p2a: Chilly and Willy\n|-activate|p2a: Chilly and Willy|move: Protect\n|\n|-weather|SunnyDay|[upkeep]\n|-heal|p1b: Lunala|41/100|[from] Grassy Terrain\n|-heal|p2a: Chilly and Willy|65/100|[from] Grassy Terrain\n|-heal|p2a: Chilly and Willy|71/100|[from] item: Leftovers\n|-heal|p1a: Incineroar|61/100|[from] Grassy Terrain\n|-sideend|p2: pumpkinflame|move: Tailwind\n|upkeep\n|turn|5\n|\n|t:|1776866817\n|-terastallize|p2a: Chilly and Willy|Normal\n|move|p1b: Lunala|Wide Guard|p1b: Lunala\n|-singleturn|p1b: Lunala|Wide Guard\n|move|p2b: Mrs. Dreads|High Horsepower|p1a: Incineroar\n|-supereffective|p1a: Incineroar\n|-damage|p1a: Incineroar|3/100\n|move|p1a: Incineroar|Knock Off|p2a: Chilly and Willy\n|-damage|p2a: Chilly and Willy|46/100\n|-enditem|p2a: Chilly and Willy|Leftovers|[from] move: Knock Off|[of] p1a: Incineroar\n|move|p2a: Chilly and Willy|Trick Room|p2a: Chilly and Willy\n|-fieldstart|move: Trick Room|[of] p2a: Chilly and Willy\n|\n|-weather|SunnyDay|[upkeep]\n|-heal|p2a: Chilly and Willy|52/100|[from] Grassy Terrain\n|-heal|p1a: Incineroar|9/100|[from] Grassy Terrain\n|-heal|p1b: Lunala|47/100|[from] Grassy Terrain\n|upkeep\n|turn|6\n|\n|t:|1776866847\n|switch|p1a: Walking Wake|Walking Wake, L50|100/100\n|-activate|p1a: Walking Wake|ability: Protosynthesis\n|-start|p1a: Walking Wake|protosynthesisspa\n|move|p1b: Lunala|Wide Guard|p1b: Lunala\n|-singleturn|p1b: Lunala|Wide Guard\n|move|p2b: Mrs. Dreads|Grassy Glide|p1a: Walking Wake\n|-damage|p1a: Walking Wake|45/100\n|move|p2a: Chilly and Willy|Leech Seed|p1b: Lunala\n|-start|p1b: Lunala|move: Leech Seed\n|\n|-weather|none\n|-end|p1a: Walking Wake|Protosynthesis\n|-heal|p2a: Chilly and Willy|58/100|[from] Grassy Terrain\n|-heal|p1b: Lunala|53/100|[from] Grassy Terrain\n|-heal|p1a: Walking Wake|50/100|[from] Grassy Terrain\n|-damage|p1b: Lunala|41/100|[from] Leech Seed|[of] p2a: Chilly and Willy\n|-heal|p2a: Chilly and Willy|70/100|[silent]\n|upkeep\n|turn|7\n|\n|t:|1776866864\n|switch|p1b: Incineroar|Incineroar, L50, M, shiny|9/100\n|-ability|p1b: Incineroar|Intimidate|boost\n|-unboost|p2a: Chilly and Willy|atk|1\n|-unboost|p2b: Mrs. Dreads|atk|1\n|move|p1a: Walking Wake|Protect|p1a: Walking Wake\n|-singleturn|p1a: Walking Wake|Protect\n|move|p2a: Chilly and Willy|Glacial Lance|p1b: Incineroar|[spread] p1b\n|-activate|p1a: Walking Wake|move: Protect\n|-resisted|p1b: Incineroar\n|-damage|p1b: Incineroar|0 fnt\n|faint|p1b: Incineroar\n|-ability|p2a: Chilly and Willy|Chilling Neigh|boost\n|-boost|p2a: Chilly and Willy|atk|1\n|move|p2b: Mrs. Dreads|Wood Hammer|p1a: Walking Wake\n|-activate|p1a: Walking Wake|move: Protect\n|\n|-heal|p2a: Chilly and Willy|76/100|[from] Grassy Terrain\n|-heal|p1a: Walking Wake|56/100|[from] Grassy Terrain\n|upkeep\n|\n|t:|1776866875\n|switch|p1b: Lunala|Lunala, L50, tera:Fairy|41/100\n|turn|8\n|-message|SycrasisEU forfeited.\n|\n|win|pumpkinflame\n|raw|SycrasisEU's rating: 1478 &rarr; <strong>1456</strong><br />(-22 for losing)\n|raw|pumpkinflame's rating: 1448 &rarr; <strong>1470</strong><br />(+22 for winning)\n|l|\u2606SycrasisEU\n|player|p1|\n|l|\u2606pumpkinflame\n|player|p2|\n","uploadtime":1776867036,"views":9,"formatid":"gen9vgc2026regi","rating":1456,"private":0,"password":null}