{"id":"gen9vgc2026regi-2551263477","format":"[Gen 9] VGC 2026 Reg I","players":["Baguley2Worlds","ryo8989"],"log":"|j|\u2606Baguley2Worlds\n|j|\u2606ryo8989\n|t:|1772580221\n|gametype|doubles\n|player|p1|Baguley2Worlds|170|1442\n|player|p2|ryo8989|erika|1507\n|gen|9\n|tier|[Gen 9] VGC 2026 Reg I\n|rated|\n|rule|Species Clause: Limit one of each Pok\u00e9mon\n|rule|Item Clause: Limit 1 of each item\n|clearpoke\n|poke|p1|Calyrex-Shadow, L50|\n|poke|p1|Zamazenta-*, L50|\n|poke|p1|Chien-Pao, L50|\n|poke|p1|Dragonite, L50, F|\n|poke|p1|Amoonguss, L50, F|\n|poke|p1|Ogerpon-Cornerstone, L50, F|\n|poke|p2|Calyrex-Shadow, L50|\n|poke|p2|Zamazenta-*, L50|\n|poke|p2|Rillaboom, L50, M|\n|poke|p2|Incineroar, L50, M|\n|poke|p2|Raging Bolt, L50|\n|poke|p2|Tornadus, L50, M|\n|teampreview|4\n|\n|t:|1772580251\n|teamsize|p1|4\n|teamsize|p2|4\n|start\n|switch|p1a: Calyrex|Calyrex-Shadow, L50|100/100\n|switch|p1b: Zamazenta|Zamazenta-Crowned, L50|100/100\n|switch|p2a: Zamazenta|Zamazenta-Crowned, L50|100/100\n|switch|p2b: Tornadus|Tornadus, L50, M|100/100\n|-ability|p1a: Calyrex|As One\n|-ability|p1a: Calyrex|Unnerve\n|-ability|p2a: Zamazenta|Dauntless Shield|boost\n|-boost|p2a: Zamazenta|def|1\n|-ability|p1b: Zamazenta|Dauntless Shield|boost\n|-boost|p1b: Zamazenta|def|1\n|turn|1\n|\n|t:|1772580277\n|-terastallize|p2a: Zamazenta|Grass\n|move|p2b: Tornadus|Tailwind|p2b: Tornadus\n|-sidestart|p2: ryo8989|move: Tailwind\n|move|p2a: Zamazenta|Body Press|p1b: Zamazenta\n|-supereffective|p1b: Zamazenta\n|-damage|p1b: Zamazenta|54/100\n|move|p1a: Calyrex|Astral Barrage|p2b: Tornadus|[spread] p2a,p2b\n|-crit|p2b: Tornadus\n|-damage|p2a: Zamazenta|62/100\n|-damage|p2b: Tornadus|0 fnt\n|faint|p2b: Tornadus\n|-ability|p1a: Calyrex|Grim Neigh|boost\n|-boost|p1a: Calyrex|spa|1\n|move|p1b: Zamazenta|Body Press|p2a: Zamazenta\n|-damage|p2a: Zamazenta|36/100\n|\n|upkeep\n|\n|t:|1772580295\n|switch|p2b: Calyrex|Calyrex-Shadow, L50|100/100\n|-ability|p2b: Calyrex|As One\n|-ability|p2b: Calyrex|Unnerve\n|turn|2\n|\n|t:|1772580322\n|move|p2a: Zamazenta|Wide Guard|p2a: Zamazenta\n|-singleturn|p2a: Zamazenta|Wide Guard\n|move|p1b: Zamazenta|Wide Guard|p1b: Zamazenta\n|-singleturn|p1b: Zamazenta|Wide Guard\n|move|p2b: Calyrex|Psychic|p1b: Zamazenta\n|-damage|p1b: Zamazenta|3/100\n|-unboost|p1b: Zamazenta|spd|1\n|-damage|p2b: Calyrex|91/100|[from] item: Life Orb\n|move|p1a: Calyrex|Astral Barrage|p2b: Calyrex|[spread] \n|-activate|p2a: Zamazenta|move: Wide Guard\n|-activate|p2b: Calyrex|move: Wide Guard\n|\n|upkeep\n|turn|3\n|\n|t:|1772580354\n|move|p1b: Zamazenta|Wide Guard|p1b: Zamazenta\n|-singleturn|p1b: Zamazenta|Wide Guard\n|move|p2b: Calyrex|Pollen Puff|p1a: Calyrex\n|-damage|p1a: Calyrex|50/100\n|-damage|p2b: Calyrex|82/100|[from] item: Life Orb\n|move|p2a: Zamazenta|Heavy Slam|p1a: Calyrex\n|-crit|p1a: Calyrex\n|-damage|p1a: Calyrex|0 fnt\n|faint|p1a: Calyrex\n|\n|upkeep\n|\n|t:|1772580366\n|switch|p1a: Dragonite|Dragonite, L50, F|100/100\n|turn|4\n|\n|t:|1772580381\n|-terastallize|p1a: Dragonite|Normal\n|move|p2a: Zamazenta|Protect|p2a: Zamazenta\n|-singleturn|p2a: Zamazenta|Protect\n|move|p2b: Calyrex|Astral Barrage|p1b: Zamazenta|[spread] p1b\n|-immune|p1a: Dragonite\n|-crit|p1b: Zamazenta\n|-damage|p1b: Zamazenta|0 fnt\n|faint|p1b: Zamazenta\n|-ability|p2b: Calyrex|Grim Neigh|boost\n|-boost|p2b: Calyrex|spa|1\n|-damage|p2b: Calyrex|72/100|[from] item: Life Orb\n|move|p1a: Dragonite|Outrage|p2b: Calyrex\n|-damage|p2b: Calyrex|0 fnt\n|faint|p2b: Calyrex\n|\n|-sideend|p2: ryo8989|move: Tailwind\n|upkeep\n|\n|t:|1772580400\n|switch|p2b: Incineroar|Incineroar, L50, M|100/100\n|switch|p1b: Amoonguss|Amoonguss, L50, F|100/100\n|-ability|p2b: Incineroar|Intimidate|boost\n|-fail|p1a: Dragonite|unboost|Attack|[from] ability: Inner Focus|[of] p1a: Dragonite\n|-unboost|p1b: Amoonguss|atk|1\n|turn|5\n|\n|t:|1772580418\n|move|p2a: Zamazenta|Body Press|p1a: Dragonite\n|-supereffective|p1a: Dragonite\n|-damage|p1a: Dragonite|0 fnt\n|faint|p1a: Dragonite\n|move|p2b: Incineroar|Flare Blitz|p1b: Amoonguss\n|-supereffective|p1b: Amoonguss\n|-damage|p1b: Amoonguss|32/100\n|-damage|p2b: Incineroar|84/100|[from] item: Rocky Helmet|[of] p1b: Amoonguss\n|-damage|p2b: Incineroar|59/100|[from] Recoil\n|move|p1b: Amoonguss|Sludge Bomb|p2a: Zamazenta\n|-supereffective|p2a: Zamazenta\n|-damage|p2a: Zamazenta|0 fnt\n|faint|p2a: Zamazenta\n|\n|upkeep\n|turn|6\n|-message|Baguley2Worlds forfeited.\n|\n|win|ryo8989\n|raw|Baguley2Worlds's rating: 1442 &rarr; <strong>1426</strong><br />(-16 for losing)\n|raw|ryo8989's rating: 1507 &rarr; <strong>1523</strong><br />(+16 for winning)\n|l|\u2606Baguley2Worlds\n|player|p1|\n|l|\u2606ryo8989\n|player|p2|\n","uploadtime":1772580702,"views":16,"formatid":"gen9vgc2026regi","rating":1426,"private":0,"password":null}