{"id":"gen9vgc2026regi-2525209981","format":"[Gen 9] VGC 2026 Reg I","players":["Fogdocker","4Ze1F"],"log":"|j|\u2606Fogdocker\n|j|\u26064Ze1F\n|t:|1769249620\n|gametype|doubles\n|player|p1|Fogdocker|265|1372\n|player|p2|4Ze1F|blue|1457\n|gen|9\n|tier|[Gen 9] VGC 2026 Reg I\n|rated|\n|rule|Species Clause: Limit one of each Pok\u00e9mon\n|rule|Item Clause: Limit 1 of each item\n|clearpoke\n|poke|p1|Calyrex-Ice, L50|\n|poke|p1|Koraidon, L50|\n|poke|p1|Flutter Mane, L50|\n|poke|p1|Incineroar, L50, F|\n|poke|p1|Rillaboom, L50, F|\n|poke|p1|Amoonguss, L50, F|\n|poke|p2|Hitmontop, L50, M|\n|poke|p2|Terapagos, L50, M|\n|poke|p2|Calyrex-Shadow, L50|\n|poke|p2|Ogerpon-Cornerstone, L50, F|\n|poke|p2|Urshifu-*, L50, F|\n|poke|p2|Ditto, L50|\n|teampreview|4\n|inactive|Battle timer is ON: inactive players will automatically lose when time's up. (requested by 4Ze1F)\n|inactive|Fogdocker has 60 seconds left.\n|\n|t:|1769249667\n|teamsize|p1|4\n|teamsize|p2|4\n|start\n|switch|p1a: Koraidon|Koraidon, L50|100/100\n|switch|p1b: Flutter Mane|Flutter Mane, L50|100/100\n|switch|p2a: Hitmontop|Hitmontop, L50, M|100/100\n|switch|p2b: Terapagos|Terapagos, L50, M|100/100\n|-activate|p2b: Terapagos|ability: Tera Shift\n|detailschange|p2b: Terapagos|Terapagos-Terastal, L50, M\n|-heal|p2b: Terapagos|100/100|[silent]\n|-weather|SunnyDay|[from] ability: Orichalcum Pulse|[of] p1a: Koraidon\n|-activate|p1b: Flutter Mane|ability: Protosynthesis\n|-start|p1b: Flutter Mane|protosynthesisspe\n|-activate|p1a: Koraidon|Orichalcum Pulse|[source]\n|-ability|p2a: Hitmontop|Intimidate|boost\n|-unboost|p1a: Koraidon|atk|1\n|-unboost|p1b: Flutter Mane|atk|1\n|turn|1\n|inactive|4Ze1F has 30 seconds left.\n|\n|t:|1769249699\n|-end|p1b: Flutter Mane|Protosynthesis|[silent]\n|switch|p1b: Incineroar|Incineroar, L50, F|100/100\n|-ability|p1b: Incineroar|Intimidate|boost\n|-unboost|p2a: Hitmontop|atk|1\n|-unboost|p2b: Terapagos|atk|1\n|move|p1a: Koraidon|Protect|p1a: Koraidon\n|-singleturn|p1a: Koraidon|Protect\n|move|p2a: Hitmontop|Fake Out|p1a: Koraidon\n|-activate|p1a: Koraidon|move: Protect\n|move|p2b: Terapagos|Rock Polish|p2b: Terapagos\n|-boost|p2b: Terapagos|spe|2\n|\n|-weather|SunnyDay|[upkeep]\n|upkeep\n|turn|2\n|\n|t:|1769249721\n|switch|p2a: Ogerpon|Ogerpon-Cornerstone, L50, F|100/100\n|move|p2b: Terapagos|Protect|p2b: Terapagos\n|-singleturn|p2b: Terapagos|Protect\n|move|p1b: Incineroar|Fake Out|p2b: Terapagos\n|-activate|p2b: Terapagos|move: Protect\n|move|p1a: Koraidon|Flame Charge|p2a: Ogerpon\n|-damage|p2a: Ogerpon|60/100\n|-boost|p1a: Koraidon|spe|1\n|-damage|p1a: Koraidon|91/100|[from] item: Life Orb\n|\n|-weather|SunnyDay|[upkeep]\n|upkeep\n|turn|3\n|\n|t:|1769249740\n|move|p1a: Koraidon|Protect|p1a: Koraidon\n|-singleturn|p1a: Koraidon|Protect\n|move|p2a: Ogerpon|Follow Me|p2a: Ogerpon\n|-singleturn|p2a: Ogerpon|move: Follow Me\n|move|p2b: Terapagos|Tera Starstorm|p1a: Koraidon\n|-activate|p1a: Koraidon|move: Protect\n|move|p1b: Incineroar|Parting Shot|p2a: Ogerpon\n|-unboost|p2a: Ogerpon|atk|1\n|-unboost|p2a: Ogerpon|spa|1\n|\n|t:|1769249747\n|switch|p1b: Flutter Mane|Flutter Mane, L50|100/100|[from] Parting Shot\n|-activate|p1b: Flutter Mane|ability: Protosynthesis\n|-start|p1b: Flutter Mane|protosynthesisspe\n|\n|-weather|SunnyDay|[upkeep]\n|upkeep\n|turn|4\n|inactive|Fogdocker has 30 seconds left.\n|\n|t:|1769249778\n|-terastallize|p2b: Terapagos|Stellar\n|detailschange|p2b: Terapagos|Terapagos-Stellar, L50, M, tera:Stellar\n|-heal|p2b: Terapagos|100/100|[silent]\n|-ability|p2b: Terapagos|Teraform Zero\n|-weather|none\n|-end|p1b: Flutter Mane|Protosynthesis\n|move|p2a: Ogerpon|Follow Me|p2a: Ogerpon\n|-singleturn|p2a: Ogerpon|move: Follow Me\n|move|p1a: Koraidon|Close Combat|p2a: Ogerpon\n|-supereffective|p2a: Ogerpon\n|-damage|p2a: Ogerpon|0 fnt\n|-unboost|p1a: Koraidon|def|1\n|-unboost|p1a: Koraidon|spd|1\n|faint|p2a: Ogerpon\n|-damage|p1a: Koraidon|81/100|[from] item: Life Orb\n|move|p2b: Terapagos|Tera Starstorm|p1b: Flutter Mane|[spread] p1a,p1b\n|-damage|p1a: Koraidon|19/100\n|-damage|p1b: Flutter Mane|56/100\n|move|p1b: Flutter Mane|Icy Wind|p2b: Terapagos\n|-damage|p2b: Terapagos|88/100\n|-unboost|p2b: Terapagos|spe|1\n|\n|upkeep\n|j| sunrakugaming\n|\n|t:|1769249799\n|switch|p2a: Hitmontop|Hitmontop, L50, M|100/100\n|-ability|p2a: Hitmontop|Intimidate|boost\n|-unboost|p1a: Koraidon|atk|1\n|-unboost|p1b: Flutter Mane|atk|1\n|turn|5\n|\n|t:|1769249808\n|-end|p1b: Flutter Mane|Protosynthesis|[silent]\n|switch|p1b: Incineroar|Incineroar, L50, F|100/100\n|-ability|p1b: Incineroar|Intimidate|boost\n|-unboost|p2a: Hitmontop|atk|1\n|-unboost|p2b: Terapagos|atk|1\n|move|p1a: Koraidon|Protect|p1a: Koraidon\n|-singleturn|p1a: Koraidon|Protect\n|move|p2a: Hitmontop|Fake Out|p1a: Koraidon\n|-activate|p1a: Koraidon|move: Protect\n|move|p2b: Terapagos|Rock Polish|p2b: Terapagos\n|-boost|p2b: Terapagos|spe|2\n|\n|upkeep\n|turn|6\n|inactive|Fogdocker has 30 seconds left.\n|j| RobinsonIsaMe\n|\n|t:|1769249840\n|switch|p1a: Calyrex|Calyrex-Ice, L50|100/100\n|-ability|p1a: Calyrex|As One\n|-ability|p1a: Calyrex|Unnerve\n|move|p2b: Terapagos|Protect|p2b: Terapagos\n|-singleturn|p2b: Terapagos|Protect\n|move|p2a: Hitmontop|Brick Break|p1a: Calyrex\n|-damage|p1a: Calyrex|91/100\n|move|p1b: Incineroar|Parting Shot|p2a: Hitmontop\n|-unboost|p2a: Hitmontop|atk|1\n|-unboost|p2a: Hitmontop|spa|1\n|\n|t:|1769249860\n|switch|p1b: Koraidon|Koraidon, L50|19/100|[from] Parting Shot\n|-weather|SunnyDay|[from] ability: Orichalcum Pulse|[of] p1b: Koraidon\n|-activate|p1b: Koraidon|Orichalcum Pulse|[source]\n|\n|-weather|SunnyDay|[upkeep]\n|-heal|p1a: Calyrex|97/100|[from] item: Leftovers\n|upkeep\n|turn|7\n|\n|t:|1769249871\n|switch|p1b: Incineroar|Incineroar, L50, F|100/100\n|-ability|p1b: Incineroar|Intimidate|boost\n|-unboost|p2a: Hitmontop|atk|1\n|-unboost|p2b: Terapagos|atk|1\n|move|p2a: Hitmontop|Vacuum Wave|p2b: Terapagos\n|-supereffective|p2b: Terapagos\n|-crit|p2b: Terapagos\n|-damage|p2b: Terapagos|79/100\n|-enditem|p2b: Terapagos|Weakness Policy\n|-boost|p2b: Terapagos|atk|2|[from] item: Weakness Policy\n|-boost|p2b: Terapagos|spa|2|[from] item: Weakness Policy\n|move|p2b: Terapagos|Tera Starstorm|p1a: Calyrex|[spread] p1a,p1b\n|-crit|p1b: Incineroar\n|-damage|p1a: Calyrex|46/100\n|-damage|p1b: Incineroar|0 fnt\n|faint|p1b: Incineroar\n|move|p1a: Calyrex|Leech Seed|p2b: Terapagos\n|-start|p2b: Terapagos|move: Leech Seed\n|\n|-weather|SunnyDay|[upkeep]\n|-heal|p1a: Calyrex|52/100|[from] item: Leftovers\n|-damage|p2b: Terapagos|67/100|[from] Leech Seed|[of] p1a: Calyrex\n|-heal|p1a: Calyrex|67/100|[silent]\n|upkeep\n|\n|t:|1769249884\n|switch|p1b: Flutter Mane|Flutter Mane, L50|56/100\n|-activate|p1b: Flutter Mane|ability: Protosynthesis\n|-start|p1b: Flutter Mane|protosynthesisspe\n|turn|8\n|\n|t:|1769249896\n|move|p1b: Flutter Mane|Protect|p1b: Flutter Mane\n|-singleturn|p1b: Flutter Mane|Protect\n|move|p1a: Calyrex|Protect|p1a: Calyrex\n|-singleturn|p1a: Calyrex|Protect\n|move|p2a: Hitmontop|Wide Guard|p2a: Hitmontop\n|-singleturn|p2a: Hitmontop|Wide Guard\n|move|p2b: Terapagos|Tera Starstorm|p1a: Calyrex|[spread] \n|-activate|p1a: Calyrex|move: Protect\n|-activate|p1b: Flutter Mane|move: Protect\n|\n|-weather|SunnyDay|[upkeep]\n|-heal|p1a: Calyrex|73/100|[from] item: Leftovers\n|-damage|p2b: Terapagos|55/100|[from] Leech Seed|[of] p1a: Calyrex\n|-heal|p1a: Calyrex|88/100|[silent]\n|upkeep\n|turn|9\n|inactive|Fogdocker has 30 seconds left.\n|l| sunrakugaming\n|inactive|Fogdocker has 20 seconds left.\n|inactive|Fogdocker has 15 seconds left.\n|\n|t:|1769249940\n|move|p1b: Flutter Mane|Icy Wind|p2b: Terapagos|[spread] p2a,p2b\n|-damage|p2a: Hitmontop|90/100\n|-damage|p2b: Terapagos|45/100\n|-unboost|p2b: Terapagos|spe|1\n|move|p2b: Terapagos|Tera Starstorm|p1a: Calyrex|[spread] p1a,p1b\n|-crit|p1a: Calyrex\n|-damage|p1a: Calyrex|11/100\n|-damage|p1b: Flutter Mane|0 fnt\n|faint|p1b: Flutter Mane\n|-end|p1b: Flutter Mane|Protosynthesis|[silent]\n|move|p2a: Hitmontop|Brick Break|p1a: Calyrex\n|-crit|p1a: Calyrex\n|-damage|p1a: Calyrex|0 fnt\n|faint|p1a: Calyrex\n|\n|-weather|SunnyDay|[upkeep]\n|upkeep\n|inactive|Fogdocker has 30 seconds left.\n|inactive|Fogdocker has 20 seconds left.\n|-message|Fogdocker forfeited.\n|\n|win|4Ze1F\n|raw|Fogdocker's rating: 1372 &rarr; <strong>1357</strong><br />(-15 for losing)\n|raw|4Ze1F's rating: 1457 &rarr; <strong>1472</strong><br />(+15 for winning)\n|l|\u2606Fogdocker\n|player|p1|\n|l| RobinsonIsaMe\n","uploadtime":1769249990,"views":15,"formatid":"gen9vgc2026regi","rating":1357,"private":0,"password":null}