{"id":"gen9vgc2026regi-2589624313","format":"[Gen 9] VGC 2026 Reg I","players":["Glaceon_1740","qinuo123"],"log":"|j|\u203dGlaceon_1740\n|j|\u2606qinuo123\n|t:|1776740341\n|gametype|doubles\n|player|p1|Glaceon_1740|dawn-gen4pt|1317\n|player|p2|qinuo123|266|1488\n|gen|9\n|tier|[Gen 9] VGC 2026 Reg I\n|rated|\n|rule|Species Clause: Limit one of each Pok\u00e9mon\n|rule|Item Clause: Limit 1 of each item\n|clearpoke\n|poke|p1|Meowscarada, L50, F|\n|poke|p1|Murkrow, L50, M|\n|poke|p1|Kyogre, L50|\n|poke|p1|Zacian-*, L50|\n|poke|p1|Incineroar, L50, F|\n|poke|p1|Rillaboom, L50, F|\n|poke|p2|Miraidon, L50|\n|poke|p2|Calyrex-Ice, L50|\n|poke|p2|Whimsicott, L50, F|\n|poke|p2|Incineroar, L50, F|\n|poke|p2|Urshifu-*, L50, M|\n|poke|p2|Brute Bonnet, L50|\n|teampreview|4\n|inactive|Battle timer is ON: inactive players will automatically lose when time's up. (requested by Glaceon_1740)\n|\n|t:|1776740361\n|teamsize|p1|4\n|teamsize|p2|4\n|start\n|switch|p1a: Meowscarada|Meowscarada, L50, F|100/100\n|switch|p1b: Kyogre|Kyogre, L50|100/100\n|switch|p2a: Miraidon|Miraidon, L50, shiny|100/100\n|switch|p2b: Whimsicott|Whimsicott, L50, F|100/100\n|-fieldstart|move: Electric Terrain|[from] ability: Hadron Engine|[of] p2a: Miraidon\n|-enditem|p2b: Whimsicott|Electric Seed\n|-boost|p2b: Whimsicott|def|1|[from] item: Electric Seed\n|-weather|RainDance|[from] ability: Drizzle|[of] p1b: Kyogre\n|turn|1\n|inactive|qinuo123 has 30 seconds left.\n|\n|t:|1776740387\n|move|p1b: Kyogre|Protect|p1b: Kyogre\n|-singleturn|p1b: Kyogre|Protect\n|move|p2b: Whimsicott|Tailwind|p2b: Whimsicott\n|-sidestart|p2: qinuo123|move: Tailwind\n|move|p2a: Miraidon|Electro Drift|p1b: Kyogre\n|-activate|p1b: Kyogre|move: Protect\n|move|p1a: Meowscarada|Triple Axel|p2a: Miraidon\n|-start|p1a: Meowscarada|typechange|Ice|[from] ability: Protean\n|-supereffective|p2a: Miraidon\n|-damage|p2a: Miraidon|83/100\n|-supereffective|p2a: Miraidon\n|-damage|p2a: Miraidon|50/100\n|-supereffective|p2a: Miraidon\n|-damage|p2a: Miraidon|0 fnt\n|faint|p2a: Miraidon\n|-hitcount|p2: Miraidon|3\n|\n|-weather|RainDance|[upkeep]\n|upkeep\n|\n|t:|1776740408\n|switch|p2a: Calyrex|Calyrex-Ice, L50|100/100\n|-ability|p2a: Calyrex|As One\n|-ability|p2a: Calyrex|Unnerve\n|turn|2\n|inactive|Glaceon_1740 has 30 seconds left.\n|inactive|Glaceon_1740 has 20 seconds left.\n|inactive|Glaceon_1740 has 15 seconds left.\n|\n|t:|1776740448\n|switch|p1b: Incineroar|Incineroar, L50, F, shiny|100/100\n|-ability|p1b: Incineroar|Intimidate|boost\n|-unboost|p2a: Calyrex|atk|1\n|-unboost|p2b: Whimsicott|atk|1\n|move|p2b: Whimsicott|Light Screen|p2b: Whimsicott\n|-sidestart|p2: qinuo123|move: Light Screen\n|move|p1a: Meowscarada|Triple Axel|p2b: Whimsicott|[miss]\n|-miss|p1a: Meowscarada|p2b: Whimsicott\n|move|p2a: Calyrex|Glacial Lance|p1a: Meowscarada|[spread] p1a,p1b\n|-resisted|p1a: Meowscarada\n|-resisted|p1b: Incineroar\n|-damage|p1a: Meowscarada|78/100\n|-damage|p1b: Incineroar|86/100\n|\n|-weather|RainDance|[upkeep]\n|upkeep\n|turn|3\n|inactive|Glaceon_1740 has 30 seconds left.\n|inactive|qinuo123 has 30 seconds left.\n|inactive|qinuo123 has 20 seconds left.\n|\n|t:|1776740484\n|move|p2b: Whimsicott|Taunt|p1a: Meowscarada\n|-start|p1a: Meowscarada|move: Taunt\n|move|p1a: Meowscarada|Triple Axel|p2b: Whimsicott\n|-supereffective|p2b: Whimsicott\n|-damage|p2b: Whimsicott|85/100\n|-supereffective|p2b: Whimsicott\n|-damage|p2b: Whimsicott|51/100\n|-supereffective|p2b: Whimsicott\n|-damage|p2b: Whimsicott|5/100\n|-hitcount|p2b: Whimsicott|3\n|move|p2a: Calyrex|Leech Seed|p1a: Meowscarada\n|-start|p1a: Meowscarada|move: Leech Seed\n|move|p1b: Incineroar|Will-O-Wisp|p2a: Calyrex\n|-status|p2a: Calyrex|brn\n|\n|-weather|RainDance|[upkeep]\n|-damage|p1a: Meowscarada|66/100|[from] Leech Seed|[of] p2a: Calyrex\n|-damage|p2a: Calyrex|95/100 brn|[from] brn\n|upkeep\n|turn|4\n|inactive|Glaceon_1740 has 30 seconds left.\n|inactive|qinuo123 has 30 seconds left.\n|\n|t:|1776740513\n|switch|p1a: Zacian|Zacian-Crowned, L50|100/100\n|-ability|p1a: Zacian|Intrepid Sword|boost\n|-boost|p1a: Zacian|atk|1\n|move|p2b: Whimsicott|Encore|p1b: Incineroar\n|-hint|Since gen 7, Dark is immune to Prankster moves.\n|-immune|p1b: Incineroar\n|move|p2a: Calyrex|Leech Seed|p1b: Incineroar\n|-start|p1b: Incineroar|move: Leech Seed\n|move|p1b: Incineroar|Knock Off|p2b: Whimsicott\n|-resisted|p2b: Whimsicott\n|-damage|p2b: Whimsicott|0 fnt\n|faint|p2b: Whimsicott\n|\n|-weather|RainDance|[upkeep]\n|-heal|p2a: Calyrex|100/100 brn|[from] item: Leftovers\n|-damage|p1b: Incineroar|73/100|[from] Leech Seed|[of] p2a: Calyrex\n|-damage|p2a: Calyrex|95/100 brn|[from] brn\n|-sideend|p2: qinuo123|move: Tailwind\n|upkeep\n|\n|t:|1776740531\n|switch|p2b: Urshifu|Urshifu-Rapid-Strike, L50, M|100/100\n|turn|5\n|\n|t:|1776740540\n|move|p1a: Zacian|Play Rough|p2b: Urshifu\n|-supereffective|p2b: Urshifu\n|-enditem|p2b: Urshifu|Focus Sash\n|-damage|p2b: Urshifu|1/100\n|-unboost|p2b: Urshifu|atk|1\n|move|p2b: Urshifu|Close Combat|p1a: Zacian\n|-damage|p1a: Zacian|62/100\n|-unboost|p2b: Urshifu|def|1\n|-unboost|p2b: Urshifu|spd|1\n|move|p1b: Incineroar|Parting Shot|p2b: Urshifu\n|-unboost|p2b: Urshifu|atk|1\n|-unboost|p2b: Urshifu|spa|1\n|\n|t:|1776740556\n|switch|p1b: Kyogre|Kyogre, L50|100/100|[from] Parting Shot\n|move|p2a: Calyrex|Glacial Lance|p1a: Zacian|[spread] p1a,p1b\n|-resisted|p1a: Zacian\n|-resisted|p1b: Kyogre\n|-damage|p1a: Zacian|54/100\n|-damage|p1b: Kyogre|94/100\n|\n|-weather|none\n|-heal|p2a: Calyrex|100/100 brn|[from] item: Leftovers\n|-damage|p2a: Calyrex|95/100 brn|[from] brn\n|-fieldend|move: Electric Terrain\n|upkeep\n|turn|6\n|-message|qinuo123 forfeited.\n|\n|win|Glaceon_1740\n|raw|Glaceon_1740's rating: 1317 &rarr; <strong>1346</strong><br />(+29 for winning)\n|raw|qinuo123's rating: 1488 &rarr; <strong>1459</strong><br />(-29 for losing)\n|l|\u2606qinuo123\n|player|p2|\n|l|\u203dGlaceon_1740\n|player|p1|\n","uploadtime":1776740739,"views":9,"formatid":"gen9vgc2026regi","rating":1346,"private":0,"password":null}