{"id":"gen9vgc2026regi-2586893917","format":"[Gen 9] VGC 2026 Reg I","players":["Luca8","avarussurava"],"log":"|j|\u2606Luca8\n|j|\u2606avarussurava\n|t:|1776469321\n|gametype|doubles\n|player|p1|Luca8|flint|1517\n|player|p2|avarussurava|2|1492\n|gen|9\n|tier|[Gen 9] VGC 2026 Reg I\n|rated|\n|rule|Species Clause: Limit one of each Pok\u00e9mon\n|rule|Item Clause: Limit 1 of each item\n|clearpoke\n|poke|p1|Zamazenta-*, L50|\n|poke|p1|Indeedee-F, L50, F|\n|poke|p1|Torkoal, L50, M|\n|poke|p1|Calyrex-Shadow, L50|\n|poke|p1|Pelipper, L50, F|\n|poke|p1|Tornadus, L50, M|\n|poke|p2|Kyogre, L50|\n|poke|p2|Tyranitar, L50, F|\n|poke|p2|Zamazenta-*, L50|\n|poke|p2|Gastrodon, L50, M|\n|poke|p2|Sinistcha, L50|\n|poke|p2|Ceruledge, L50, F|\n|teampreview|4\n|l|\u2606avarussurava\n|player|p2|\n|j|\u2606avarussurava\n|player|p2|avarussurava|2|\n|\n|t:|1776469365\n|teamsize|p1|4\n|teamsize|p2|4\n|start\n|switch|p1a: Tornadus|Tornadus, L50, M|100/100\n|switch|p1b: Zamazenta|Zamazenta-Crowned, L50|100/100\n|switch|p2a: Zamazenta|Zamazenta-Crowned, L50|100/100\n|switch|p2b: Ceruledge|Ceruledge, L50, F|100/100\n|-ability|p2a: Zamazenta|Dauntless Shield|boost\n|-boost|p2a: Zamazenta|def|1\n|-ability|p1b: Zamazenta|Dauntless Shield|boost\n|-boost|p1b: Zamazenta|def|1\n|turn|1\n|\n|t:|1776469381\n|-terastallize|p2a: Zamazenta|Ground\n|-terastallize|p1b: Zamazenta|Fighting\n|move|p1a: Tornadus|Tailwind|p1a: Tornadus\n|-sidestart|p1: Luca8|move: Tailwind\n|move|p1b: Zamazenta|Body Press|p2a: Zamazenta\n|-damage|p2a: Zamazenta|62/100\n|move|p2a: Zamazenta|Iron Defense|p2a: Zamazenta\n|-boost|p2a: Zamazenta|def|2\n|move|p2b: Ceruledge|Bitter Blade|p1a: Tornadus\n|-damage|p1a: Tornadus|50/100\n|\n|upkeep\n|turn|2\n|\n|t:|1776469408\n|move|p2a: Zamazenta|Wide Guard|p2a: Zamazenta\n|-singleturn|p2a: Zamazenta|Wide Guard\n|move|p1b: Zamazenta|Body Press|p2a: Zamazenta\n|-damage|p2a: Zamazenta|39/100\n|move|p1a: Tornadus|Bleakwind Storm|p2a: Zamazenta|[spread] \n|-activate|p2a: Zamazenta|move: Wide Guard\n|-activate|p2b: Ceruledge|move: Wide Guard\n|move|p2b: Ceruledge|Bitter Blade|p1a: Tornadus\n|-crit|p1a: Tornadus\n|-damage|p1a: Tornadus|0 fnt\n|faint|p1a: Tornadus\n|\n|upkeep\n|\n|t:|1776469423\n|switch|p1a: Calyrex|Calyrex-Shadow, L50|100/100\n|-ability|p1a: Calyrex|As One\n|-ability|p1a: Calyrex|Unnerve\n|turn|3\n|\n|t:|1776469433\n|move|p2a: Zamazenta|Wide Guard|p2a: Zamazenta\n|-singleturn|p2a: Zamazenta|Wide Guard\n|move|p2b: Ceruledge|Shadow Sneak|p1a: Calyrex\n|-supereffective|p1a: Calyrex\n|-enditem|p1a: Calyrex|Focus Sash\n|-damage|p1a: Calyrex|1/100\n|move|p1a: Calyrex|Shadow Ball|p2b: Ceruledge\n|-supereffective|p2b: Ceruledge\n|-damage|p2b: Ceruledge|3/100\n|move|p1b: Zamazenta|Crunch|p2b: Ceruledge\n|-supereffective|p2b: Ceruledge\n|-damage|p2b: Ceruledge|0 fnt\n|faint|p2b: Ceruledge\n|\n|upkeep\n|\n|t:|1776469448\n|switch|p2b: Tyranitar|Tyranitar, L50, F|100/100\n|-weather|Sandstorm|[from] ability: Sand Stream|[of] p2b: Tyranitar\n|turn|4\n|\n|t:|1776469457\n|switch|p2b: Sinistcha|Sinistcha, L50|100/100\n|-heal|p2a: Zamazenta|64/100|[from] ability: Hospitality|[of] p2b: Sinistcha\n|move|p1a: Calyrex|Shadow Ball|p2a: Zamazenta\n|-damage|p2a: Zamazenta|33/100\n|move|p1b: Zamazenta|Body Press|p2b: Sinistcha\n|-immune|p2b: Sinistcha\n|move|p2a: Zamazenta|Body Press|p1b: Zamazenta\n|-damage|p1b: Zamazenta|54/100\n|\n|-weather|Sandstorm|[upkeep]\n|-damage|p1a: Calyrex|0 fnt|[from] Sandstorm\n|-damage|p1b: Zamazenta|48/100|[from] Sandstorm\n|-damage|p2b: Sinistcha|94/100|[from] Sandstorm\n|faint|p1a: Calyrex\n|-sideend|p1: Luca8|move: Tailwind\n|upkeep\n|\n|t:|1776469476\n|switch|p1a: Torkoal|Torkoal, L50, M|100/100\n|-weather|SunnyDay|[from] ability: Drought|[of] p1a: Torkoal\n|turn|5\n|\n|t:|1776469490\n|move|p2a: Zamazenta|Body Press|p1a: Torkoal\n|-damage|p1a: Torkoal|6/100\n|move|p1b: Zamazenta|Crunch|p2b: Sinistcha\n|-supereffective|p2b: Sinistcha\n|-damage|p2b: Sinistcha|52/100\n|move|p2b: Sinistcha|Shadow Ball|p1a: Torkoal\n|-damage|p1a: Torkoal|0 fnt\n|faint|p1a: Torkoal\n|\n|-weather|SunnyDay|[upkeep]\n|upkeep\n|turn|6\n|-message|Luca8 forfeited.\n|\n|win|avarussurava\n|raw|Luca8's rating: 1517 &rarr; <strong>1496</strong><br />(-21 for losing)\n|raw|avarussurava's rating: 1492 &rarr; <strong>1513</strong><br />(+21 for winning)\n|l|\u2606Luca8\n|player|p1|\n","uploadtime":1776469505,"views":10,"formatid":"gen9vgc2026regi","rating":1496,"private":0,"password":null}