{"id":"gen9vgc2026regi-2529460433","format":"[Gen 9] VGC 2026 Reg I","players":["AlZombie","BOMAtheFireEnjoyer"],"log":"|j|\u2606AlZombie\n|j|\u2606BOMAtheFireEnjoyer\n|t:|1769789522\n|gametype|doubles\n|player|p1|AlZombie|2|1261\n|player|p2|BOMAtheFireEnjoyer|2|1323\n|gen|9\n|tier|[Gen 9] VGC 2026 Reg I\n|rated|\n|rule|Species Clause: Limit one of each Pok\u00e9mon\n|rule|Item Clause: Limit 1 of each item\n|clearpoke\n|poke|p1|Lunala, L50|\n|poke|p1|Ursaluna, L50, M|\n|poke|p1|Urshifu-*, L50, F|\n|poke|p1|Miraidon, L50|\n|poke|p1|Grimmsnarl, L50, M|\n|poke|p1|Incineroar, L50, F|\n|poke|p2|Reshiram, L50|\n|poke|p2|Groudon, L50|\n|poke|p2|Walking Wake, L50|\n|poke|p2|Iron Hands, L50|\n|poke|p2|Farigiraf, L50, F|\n|poke|p2|Whimsicott, L50, F|\n|teampreview|4\n|\n|t:|1769789552\n|teamsize|p1|4\n|teamsize|p2|4\n|start\n|switch|p1a: Miraidon|Miraidon, L50|100/100\n|switch|p1b: Grimmsnarl|Grimmsnarl, L50, M|100/100\n|switch|p2a: Reshiram|Reshiram, L50|100/100\n|switch|p2b: Groudon|Groudon, L50|100/100\n|-fieldstart|move: Electric Terrain|[from] ability: Hadron Engine|[of] p1a: Miraidon\n|-ability|p2a: Reshiram|Turboblaze\n|-weather|SunnyDay|[from] ability: Drought|[of] p2b: Groudon\n|turn|1\n|\n|t:|1769789582\n|-terastallize|p2a: Reshiram|Fire\n|move|p1b: Grimmsnarl|Reflect|p1b: Grimmsnarl\n|-sidestart|p1: AlZombie|Reflect\n|move|p1a: Miraidon|Volt Switch|p2a: Reshiram\n|-damage|p2a: Reshiram|46/100\n|\n|t:|1769789589\n|switch|p1a: Lunala|Lunala, L50|100/100|[from] Volt Switch\n|-enditem|p1a: Lunala|Electric Seed\n|-boost|p1a: Lunala|def|1|[from] item: Electric Seed\n|move|p2a: Reshiram|Heat Wave|p1b: Grimmsnarl|[spread] p1a,p1b\n|-damage|p1a: Lunala|48/100\n|-damage|p1b: Grimmsnarl|0 fnt\n|faint|p1b: Grimmsnarl\n|move|p2b: Groudon|Precipice Blades|p1a: Lunala\n|-damage|p1a: Lunala|25/100\n|\n|-weather|SunnyDay|[upkeep]\n|upkeep\n|\n|t:|1769789604\n|switch|p1b: Miraidon|Miraidon, L50|100/100\n|-activate|p1b: Miraidon|ability: Hadron Engine\n|turn|2\n|\n|t:|1769789630\n|switch|p2a: Iron Hands|Iron Hands, L50|100/100\n|-activate|p2a: Iron Hands|ability: Quark Drive\n|-start|p2a: Iron Hands|quarkdriveatk\n|move|p1a: Lunala|Wide Guard|p1a: Lunala\n|-singleturn|p1a: Lunala|Wide Guard\n|move|p1b: Miraidon|Snarl|p2b: Groudon|[spread] p2a\n|-miss|p1b: Miraidon|p2b: Groudon\n|-resisted|p2a: Iron Hands\n|-damage|p2a: Iron Hands|95/100\n|-unboost|p2a: Iron Hands|spa|1\n|move|p2b: Groudon|Heat Crash|p1a: Lunala\n|-damage|p1a: Lunala|3/100\n|\n|-weather|SunnyDay|[upkeep]\n|upkeep\n|turn|3\n|\n|t:|1769789674\n|move|p1b: Miraidon|Volt Switch|p2a: Iron Hands\n|-resisted|p2a: Iron Hands\n|-crit|p2a: Iron Hands\n|-damage|p2a: Iron Hands|67/100\n|\n|t:|1769789677\n|switch|p1b: Ursaluna|Ursaluna, L50, M|100/100|[from] Volt Switch\n|move|p1a: Lunala|Moonblast|p2b: Groudon\n|-damage|p2b: Groudon|66/100\n|move|p2b: Groudon|Precipice Blades|p1b: Ursaluna|[spread] p1a,p1b\n|-damage|p1a: Lunala|0 fnt\n|-damage|p1b: Ursaluna|72/100\n|faint|p1a: Lunala\n|move|p2a: Iron Hands|Drain Punch|p1b: Ursaluna\n|-supereffective|p1b: Ursaluna\n|-damage|p1b: Ursaluna|15/100\n|-heal|p2a: Iron Hands|94/100|[from] drain|[of] p1b: Ursaluna\n|\n|-weather|SunnyDay|[upkeep]\n|-status|p1b: Ursaluna|brn|[from] item: Flame Orb\n|upkeep\n|\n|t:|1769789695\n|switch|p1a: Miraidon|Miraidon, L50|100/100\n|-activate|p1a: Miraidon|ability: Hadron Engine\n|turn|4\n|\n|t:|1769789710\n|move|p1a: Miraidon|Draco Meteor|p2a: Iron Hands\n|-damage|p2a: Iron Hands|42/100\n|-unboost|p1a: Miraidon|spa|2\n|move|p2b: Groudon|Precipice Blades|p1a: Miraidon|[spread] p1a,p1b\n|-supereffective|p1a: Miraidon\n|-damage|p1a: Miraidon|46/100\n|-damage|p1b: Ursaluna|0 fnt\n|faint|p1b: Ursaluna\n|move|p2a: Iron Hands|Drain Punch|p1a: Miraidon\n|-damage|p1a: Miraidon|13/100\n|-heal|p2a: Iron Hands|57/100|[from] drain|[of] p1a: Miraidon\n|\n|-weather|SunnyDay|[upkeep]\n|upkeep\n|turn|5\n|c|\u2606BOMAtheFireEnjoyer|gg\n|-message|AlZombie forfeited.\n|\n|win|BOMAtheFireEnjoyer\n|raw|AlZombie's rating: 1261 &rarr; <strong>1240</strong><br />(-21 for losing)\n|raw|BOMAtheFireEnjoyer's rating: 1323 &rarr; <strong>1339</strong><br />(+16 for winning)\n|l|\u2606AlZombie\n|player|p1|\n|l|\u2606BOMAtheFireEnjoyer\n|player|p2|\n","uploadtime":1769789970,"views":12,"formatid":"gen9vgc2026regi","rating":1240,"private":0,"password":null}