{"id":"gen9vgc2026regi-2541427813","format":"[Gen 9] VGC 2026 Reg I","players":["SEITA","jiuhaili"],"log":"|j|\u2606SEITA\n|j|\u2606jiuhaili\n|t:|1771333843\n|gametype|doubles\n|player|p1|SEITA|lucas-gen4pt|1581\n|player|p2|jiuhaili|sada-ai|1464\n|gen|9\n|tier|[Gen 9] VGC 2026 Reg I\n|rated|\n|rule|Species Clause: Limit one of each Pok\u00e9mon\n|rule|Item Clause: Limit 1 of each item\n|clearpoke\n|poke|p1|Zacian-*, L50|\n|poke|p1|Kyogre, L50|\n|poke|p1|Tornadus, L50, M|\n|poke|p1|Raging Bolt, L50|\n|poke|p1|Landorus, L50, M|\n|poke|p1|Chien-Pao, L50|\n|poke|p2|Kyogre, L50|\n|poke|p2|Calyrex-Ice, L50|\n|poke|p2|Rillaboom, L50, M|\n|poke|p2|Farigiraf, L50, M|\n|poke|p2|Urshifu-*, L50, F|\n|poke|p2|Whimsicott, L50, F|\n|teampreview|4\n|j| lunala fairy ghost\n|\n|t:|1771333903\n|teamsize|p1|4\n|teamsize|p2|4\n|start\n|switch|p1a: Zacian|Zacian-Crowned, L50|100/100\n|switch|p1b: Chien-Pao|Chien-Pao, L50|100/100\n|switch|p2a: Farigiraf|Farigiraf, L50, M|100/100\n|switch|p2b: Kyogre|Kyogre, L50|100/100\n|-ability|p1a: Zacian|Intrepid Sword|boost\n|-boost|p1a: Zacian|atk|1\n|-ability|p1b: Chien-Pao|Sword of Ruin\n|-weather|RainDance|[from] ability: Drizzle|[of] p2b: Kyogre\n|turn|1\n|\n|t:|1771333938\n|switch|p2a: Rillaboom|Rillaboom, L50, M|100/100\n|-fieldstart|move: Grassy Terrain|[from] ability: Grassy Surge|[of] p2a: Rillaboom\n|move|p1a: Zacian|Play Rough|p2a: Rillaboom\n|-damage|p2a: Rillaboom|11/100\n|-unboost|p2a: Rillaboom|atk|1\n|move|p1b: Chien-Pao|Sacred Sword|p2a: Rillaboom\n|-damage|p2a: Rillaboom|0 fnt\n|faint|p2a: Rillaboom\n|move|p2b: Kyogre|Origin Pulse|p1a: Zacian|[spread] p1a\n|-miss|p2b: Kyogre|p1b: Chien-Pao\n|-damage|p1a: Zacian|4/100\n|\n|-weather|RainDance|[upkeep]\n|-heal|p1a: Zacian|10/100|[from] Grassy Terrain\n|upkeep\n|\n|t:|1771333966\n|switch|p2a: Calyrex|Calyrex-Ice, L50|100/100\n|-ability|p2a: Calyrex|As One\n|-ability|p2a: Calyrex|Unnerve\n|turn|2\n|\n|t:|1771333978\n|move|p2a: Calyrex|Protect|p2a: Calyrex\n|-singleturn|p2a: Calyrex|Protect\n|move|p1a: Zacian|Play Rough|p2a: Calyrex\n|-activate|p2a: Calyrex|move: Protect\n|move|p1b: Chien-Pao|Sacred Sword|p2a: Calyrex\n|-activate|p2a: Calyrex|move: Protect\n|move|p2b: Kyogre|Origin Pulse|p1a: Zacian|[spread] p1a,p1b\n|-damage|p1a: Zacian|0 fnt\n|-enditem|p1b: Chien-Pao|Focus Sash\n|-damage|p1b: Chien-Pao|1/100\n|faint|p1a: Zacian\n|\n|-weather|RainDance|[upkeep]\n|-heal|p1b: Chien-Pao|7/100|[from] Grassy Terrain\n|upkeep\n|\n|t:|1771333996\n|switch|p1a: Kyogre|Kyogre, L50|100/100\n|turn|3\n|\n|t:|1771334012\n|-terastallize|p2b: Kyogre|Grass\n|move|p1b: Chien-Pao|Ice Spinner|p2a: Calyrex\n|-resisted|p2a: Calyrex\n|-damage|p2a: Calyrex|83/100\n|-fieldend|move: Grassy Terrain\n|move|p1a: Kyogre|Water Spout|p2a: Calyrex|[spread] p2a,p2b\n|-resisted|p2b: Kyogre\n|-damage|p2a: Calyrex|23/100\n|-damage|p2b: Kyogre|66/100\n|move|p2b: Kyogre|Origin Pulse|p1a: Kyogre|[spread] p1b\n|-miss|p2b: Kyogre|p1a: Kyogre\n|-damage|p1b: Chien-Pao|0 fnt\n|faint|p1b: Chien-Pao\n|move|p2a: Calyrex|Leech Seed|p1a: Kyogre\n|-start|p1a: Kyogre|move: Leech Seed\n|\n|-weather|RainDance|[upkeep]\n|-damage|p1a: Kyogre|88/100|[from] Leech Seed|[of] p2a: Calyrex\n|-heal|p2a: Calyrex|35/100|[silent]\n|upkeep\n|\n|t:|1771334031\n|switch|p1b: Raging Bolt|Raging Bolt, L50|100/100\n|turn|4\n|\n|t:|1771334054\n|switch|p2b: Farigiraf|Farigiraf, L50, M|100/100\n|move|p2a: Calyrex|Protect|p2a: Calyrex\n|-singleturn|p2a: Calyrex|Protect\n|move|p1b: Raging Bolt|Thunderbolt|p2a: Calyrex\n|-activate|p2a: Calyrex|move: Protect\n|move|p1a: Kyogre|Ice Beam|p2b: Farigiraf\n|-damage|p2b: Farigiraf|69/100\n|\n|-weather|RainDance|[upkeep]\n|-damage|p1a: Kyogre|76/100|[from] Leech Seed|[of] p2a: Calyrex\n|-heal|p2a: Calyrex|47/100|[silent]\n|upkeep\n|turn|5\n|\n|t:|1771334090\n|move|p1b: Raging Bolt|Thunderbolt|p2b: Farigiraf\n|-damage|p2b: Farigiraf|8/100\n|move|p1a: Kyogre|Water Spout|p2b: Farigiraf|[spread] p2a,p2b\n|-damage|p2a: Calyrex|2/100\n|-damage|p2b: Farigiraf|0 fnt\n|faint|p2b: Farigiraf\n|move|p2a: Calyrex|Glacial Lance|p1b: Raging Bolt|[spread] p1a,p1b\n|-resisted|p1a: Kyogre\n|-supereffective|p1b: Raging Bolt\n|-damage|p1a: Kyogre|52/100\n|-damage|p1b: Raging Bolt|0 fnt\n|faint|p1b: Raging Bolt\n|-end|p1b: Raging Bolt|Protosynthesis|[silent]\n|-ability|p2a: Calyrex|Chilling Neigh|boost\n|-boost|p2a: Calyrex|atk|1\n|\n|-weather|none\n|-damage|p1a: Kyogre|40/100|[from] Leech Seed|[of] p2a: Calyrex\n|-heal|p2a: Calyrex|15/100|[silent]\n|upkeep\n|\n|t:|1771334104\n|switch|p2b: Kyogre|Kyogre, L50, tera:Grass|66/100\n|-weather|RainDance|[from] ability: Drizzle|[of] p2b: Kyogre\n|turn|6\n|\n|t:|1771334122\n|-terastallize|p1a: Kyogre|Grass\n|move|p1a: Kyogre|Ice Beam|p2b: Kyogre\n|-supereffective|p2b: Kyogre\n|-damage|p2b: Kyogre|21/100\n|move|p2b: Kyogre|Thunder|p1a: Kyogre\n|-resisted|p1a: Kyogre\n|-damage|p1a: Kyogre|25/100\n|move|p2a: Calyrex|Glacial Lance|p1a: Kyogre\n|-supereffective|p1a: Kyogre\n|-damage|p1a: Kyogre|0 fnt\n|faint|p1a: Kyogre\n|\n|win|jiuhaili\n|raw|SEITA's rating: 1581 &rarr; <strong>1555</strong><br />(-26 for losing)\n|raw|jiuhaili's rating: 1464 &rarr; <strong>1490</strong><br />(+26 for winning)\n|l|\u2606SEITA\n|player|p1|\n|l|\u2606jiuhaili\n|player|p2|\n","uploadtime":1771334308,"views":21,"formatid":"gen9vgc2026regi","rating":1490,"private":0,"password":null}