{"id":"gen9vgc2026regi-2569768564","format":"[Gen 9] VGC 2026 Reg I","players":["Kwaglen","pigs2fly"],"log":"|j|\u2606Kwaglen\n|j|\u2606pigs2fly\n|t:|1774730808\n|gametype|doubles\n|player|p1|Kwaglen|101|1498\n|player|p2|pigs2fly|dexio|1623\n|gen|9\n|tier|[Gen 9] VGC 2026 Reg I\n|rated|\n|rule|Species Clause: Limit one of each Pok\u00e9mon\n|rule|Item Clause: Limit 1 of each item\n|clearpoke\n|poke|p1|Miraidon, L50|\n|poke|p1|Calyrex-Ice, L50|\n|poke|p1|Incineroar, L50, M|\n|poke|p1|Grimmsnarl, L50, M|\n|poke|p1|Ting-Lu, L50|\n|poke|p1|Urshifu-*, L50, M|\n|poke|p2|Annihilape, L50, M|\n|poke|p2|Tornadus, L50, M|\n|poke|p2|Dondozo, L50, M|\n|poke|p2|Tatsugiri, L50, M|\n|poke|p2|Zacian-*, L50|\n|poke|p2|Kyogre, L50|\n|teampreview|4\n|inactive|Battle timer is ON: inactive players will automatically lose when time's up. (requested by Kwaglen)\n|\n|t:|1774730836\n|teamsize|p1|4\n|teamsize|p2|4\n|start\n|switch|p1a: Miraidon|Miraidon, L50|100/100\n|switch|p1b: Grimmsnarl|Grimmsnarl, L50, M|100/100\n|switch|p2a: Zacian|Zacian-Crowned, L50, shiny|100/100\n|switch|p2b: Annihilape|Annihilape, L50, M|100/100\n|-ability|p2a: Zacian|Intrepid Sword|boost\n|-boost|p2a: Zacian|atk|1\n|-fieldstart|move: Electric Terrain|[from] ability: Hadron Engine|[of] p1a: Miraidon\n|turn|1\n|j| testbandedflutter\n|\n|t:|1774730860\n|switch|p1a: Incineroar|Incineroar, L50, M|100/100\n|-ability|p1a: Incineroar|Intimidate|boost\n|-unboost|p2a: Zacian|atk|1\n|-unboost|p2b: Annihilape|atk|1\n|-ability|p2b: Annihilape|Defiant|boost\n|-boost|p2b: Annihilape|atk|2\n|-terastallize|p2b: Annihilape|Ground\n|move|p1b: Grimmsnarl|Thunder Wave|p2a: Zacian|[miss]\n|-miss|p1b: Grimmsnarl|p2a: Zacian\n|move|p2b: Annihilape|Final Gambit|p1a: Incineroar\n|-damage|p1a: Incineroar|0 fnt\n|faint|p2b: Annihilape\n|faint|p1a: Incineroar\n|move|p2a: Zacian|Behemoth Blade|p1b: Grimmsnarl\n|-supereffective|p1b: Grimmsnarl\n|-damage|p1b: Grimmsnarl|0 fnt\n|faint|p1b: Grimmsnarl\n|\n|upkeep\n|\n|t:|1774730876\n|switch|p2b: Dondozo|Dondozo, L50, M|100/100\n|switch|p1b: Miraidon|Miraidon, L50|100/100\n|switch|p1a: Ting-Lu|Ting-Lu, L50|100/100\n|-activate|p1b: Miraidon|ability: Hadron Engine\n|-ability|p1a: Ting-Lu|Vessel of Ruin\n|turn|2\n|inactive|Kwaglen has 30 seconds left.\n|inactive|Kwaglen has 20 seconds left.\n|inactive|Kwaglen has 15 seconds left.\n|inactive|Kwaglen has 10 seconds left.\n|\n|t:|1774730923\n|-terastallize|p1b: Miraidon|Fairy\n|move|p2b: Dondozo|Protect|p2b: Dondozo\n|-singleturn|p2b: Dondozo|Protect\n|move|p2a: Zacian|Play Rough|p1b: Miraidon\n|-damage|p1b: Miraidon|54/100\n|move|p1b: Miraidon|Electro Drift|p2a: Zacian\n|-damage|p2a: Zacian|16/100\n|move|p1a: Ting-Lu|Sand Tomb|p2b: Dondozo\n|-activate|p2b: Dondozo|move: Protect\n|\n|upkeep\n|turn|3\n|\n|t:|1774730945\n|move|p2a: Zacian|Behemoth Blade|p1b: Miraidon\n|-supereffective|p1b: Miraidon\n|-damage|p1b: Miraidon|0 fnt\n|faint|p1b: Miraidon\n|move|p1a: Ting-Lu|Sand Tomb|p2b: Dondozo|[miss]\n|-miss|p1a: Ting-Lu|p2b: Dondozo\n|move|p2b: Dondozo|Order Up|p1a: Ting-Lu\n|-damage|p1a: Ting-Lu|89/100\n|\n|upkeep\n|turn|4\n|\n|t:|1774730956\n|move|p2b: Dondozo|Protect|p2b: Dondozo\n|-singleturn|p2b: Dondozo|Protect\n|move|p2a: Zacian|Play Rough|p1a: Ting-Lu\n|-supereffective|p1a: Ting-Lu\n|-damage|p1a: Ting-Lu|30/100\n|-damage|p2a: Zacian|0 fnt|[from] item: Rocky Helmet|[of] p1a: Ting-Lu\n|faint|p2a: Zacian\n|move|p1a: Ting-Lu|Sand Tomb|p2b: Dondozo\n|-activate|p2b: Dondozo|move: Protect\n|\n|upkeep\n|\n|t:|1774730958\n|switch|p2a: Tatsugiri|Tatsugiri, L50, M|100/100\n|-activate|p2a: Tatsugiri|ability: Commander|[of] p2b: Dondozo\n|-boost|p2b: Dondozo|atk|2\n|-boost|p2b: Dondozo|spa|2\n|-boost|p2b: Dondozo|spe|2\n|-boost|p2b: Dondozo|def|2\n|-boost|p2b: Dondozo|spd|2\n|turn|5\n|\n|t:|1774730968\n|move|p2b: Dondozo|Order Up|p1a: Ting-Lu\n|-damage|p1a: Ting-Lu|5/100\n|-boost|p2b: Dondozo|atk|1\n|move|p1a: Ting-Lu|Sand Tomb|p2b: Dondozo\n|-damage|p2b: Dondozo|95/100\n|-activate|p2b: Dondozo|move: Sand Tomb|[of] p1a: Ting-Lu\n|\n|-heal|p2b: Dondozo|100/100|[from] item: Leftovers\n|-damage|p2b: Dondozo|88/100|[from] move: Sand Tomb|[partiallytrapped]\n|-fieldend|move: Electric Terrain\n|upkeep\n|turn|6\n|\n|t:|1774730977\n|move|p1a: Ting-Lu|Protect|p1a: Ting-Lu\n|-singleturn|p1a: Ting-Lu|Protect\n|move|p2b: Dondozo|Order Up|p1a: Ting-Lu\n|-activate|p1a: Ting-Lu|move: Protect\n|\n|-heal|p2b: Dondozo|94/100|[from] item: Leftovers\n|-damage|p2b: Dondozo|82/100|[from] move: Sand Tomb|[partiallytrapped]\n|upkeep\n|turn|7\n|\n|t:|1774730985\n|move|p2b: Dondozo|Order Up|p1a: Ting-Lu\n|-damage|p1a: Ting-Lu|0 fnt\n|faint|p1a: Ting-Lu\n|\n|win|pigs2fly\n|raw|Kwaglen's rating: 1498 &rarr; <strong>1485</strong><br />(-13 for losing)\n|raw|pigs2fly's rating: 1623 &rarr; <strong>1636</strong><br />(+13 for winning)\n|l| testbandedflutter\n|c|\u2606Kwaglen|g\n|c|\u2606Kwaglen|g\n","uploadtime":1774730990,"views":27,"formatid":"gen9vgc2026regi","rating":1485,"private":0,"password":null}