{"id":"gen9vgc2026regi-2557286564","format":"[Gen 9] VGC 2026 Reg I","players":["jj11j1","Erseo05"],"log":"|j|\u2606jj11j1\n|j|\u2606Erseo05\n|t:|1773308415\n|gametype|doubles\n|player|p1|jj11j1|265|1444\n|player|p2|Erseo05|lucas|1476\n|gen|9\n|tier|[Gen 9] VGC 2026 Reg I\n|rated|\n|rule|Species Clause: Limit one of each Pok\u00e9mon\n|rule|Item Clause: Limit 1 of each item\n|clearpoke\n|poke|p1|Kyogre, L50|\n|poke|p1|Calyrex-Ice, L50|\n|poke|p1|Landorus, L50, M|\n|poke|p1|Urshifu-*, L50, F|\n|poke|p1|Smeargle, L50, M|\n|poke|p1|Flutter Mane, L50|\n|poke|p2|Lunala, L50|\n|poke|p2|Indeedee-F, L50, F|\n|poke|p2|Calyrex-Ice, L50|\n|poke|p2|Raging Bolt, L50|\n|poke|p2|Brute Bonnet, L50|\n|poke|p2|Torkoal, L50, M|\n|teampreview|4\n|inactive|Battle timer is ON: inactive players will automatically lose when time's up. (requested by jj11j1)\n|inactive|Erseo05 has 60 seconds left.\n|\n|t:|1773308468\n|teamsize|p1|4\n|teamsize|p2|4\n|start\n|switch|p1a: Smeargle|Smeargle, L50, M|100/100\n|switch|p1b: Calyrex|Calyrex-Ice, L50|100/100\n|switch|p2a: Lunala|Lunala, L50|100/100\n|switch|p2b: Indeedee|Indeedee-F, L50, F|100/100\n|-ability|p1b: Calyrex|As One\n|-ability|p1b: Calyrex|Unnerve\n|-fieldstart|move: Psychic Terrain|[from] ability: Psychic Surge|[of] p2b: Indeedee\n|turn|1\n|inactive|Erseo05 has 30 seconds left.\n|inactive|jj11j1 has 30 seconds left.\n|inactive|Erseo05 has 20 seconds left.\n|\n|t:|1773308507\n|-terastallize|p1b: Calyrex|Grass\n|move|p2b: Indeedee|Follow Me|p2b: Indeedee\n|-singleturn|p2b: Indeedee|move: Follow Me\n|move|p1a: Smeargle|Spore|p2b: Indeedee\n|-status|p2b: Indeedee|slp|[from] move: Spore\n|move|p2a: Lunala|Expanding Force|p1b: Calyrex|[spread] p1a,p1b\n|-damage|p1a: Smeargle|0 fnt\n|-damage|p1b: Calyrex|52/100\n|faint|p1a: Smeargle\n|move|p1b: Calyrex|Imprison|p1b: Calyrex\n|-start|p1b: Calyrex|move: Imprison\n|\n|upkeep\n|\n|t:|1773308530\n|switch|p1a: Landorus|Landorus, L50, M|100/100\n|turn|2\n|inactive|Erseo05 has 30 seconds left.\n|\n|t:|1773308555\n|move|p1a: Landorus|Earth Power|p2a: Lunala\n|-damage|p2a: Lunala|73/100\n|move|p2a: Lunala|Expanding Force|p1a: Landorus|[spread] p1a,p1b\n|-damage|p1a: Landorus|5/100\n|-damage|p1b: Calyrex|2/100\n|cant|p2b: Indeedee|slp\n|move|p1b: Calyrex|Trick Room|p1b: Calyrex\n|-fieldstart|move: Trick Room|[of] p1b: Calyrex\n|\n|-heal|p2a: Lunala|79/100|[from] item: Leftovers\n|upkeep\n|turn|3\n|\n|t:|1773308572\n|move|p1b: Calyrex|High Horsepower|p2a: Lunala\n|-damage|p2a: Lunala|46/100\n|-curestatus|p2b: Indeedee|slp|[msg]\n|move|p2b: Indeedee|Psychic|p1a: Landorus\n|-damage|p1a: Landorus|0 fnt\n|faint|p1a: Landorus\n|move|p2a: Lunala|Expanding Force|p1b: Calyrex\n|-damage|p1b: Calyrex|0 fnt\n|faint|p1b: Calyrex\n|\n|-heal|p2a: Lunala|52/100|[from] item: Leftovers\n|upkeep\n|\n|t:|1773308586\n|switch|p1b: Kyogre|Kyogre, L50|100/100\n|-weather|RainDance|[from] ability: Drizzle|[of] p1b: Kyogre\n|turn|4\n|\n|t:|1773308607\n|move|p2a: Lunala|Wide Guard|p2a: Lunala\n|-singleturn|p2a: Lunala|Wide Guard\n|move|p1b: Kyogre|Water Spout|p2a: Lunala|[spread] \n|-activate|p2a: Lunala|move: Wide Guard\n|-activate|p2b: Indeedee|move: Wide Guard\n|move|p2b: Indeedee|Psychic|p1b: Kyogre\n|-damage|p1b: Kyogre|75/100\n|\n|-weather|RainDance|[upkeep]\n|-heal|p2a: Lunala|58/100|[from] item: Leftovers\n|upkeep\n|turn|5\n|inactive|Erseo05 has 30 seconds left.\n|\n|t:|1773308640\n|switch|p2b: Raging Bolt|Raging Bolt, L50|100/100\n|-terastallize|p2a: Lunala|Grass\n|move|p1b: Kyogre|Water Spout|p2a: Lunala|[spread] p2a,p2b\n|-resisted|p2a: Lunala\n|-resisted|p2b: Raging Bolt\n|-damage|p2a: Lunala|30/100\n|-damage|p2b: Raging Bolt|75/100\n|move|p2a: Lunala|Expanding Force|p1b: Kyogre\n|-damage|p1b: Kyogre|13/100\n|\n|-weather|RainDance|[upkeep]\n|-heal|p2a: Lunala|37/100|[from] item: Leftovers\n|-fieldend|move: Psychic Terrain\n|upkeep\n|turn|6\n|\n|t:|1773308659\n|move|p1b: Kyogre|Hydro Pump|p2a: Lunala\n|-resisted|p2a: Lunala\n|-damage|p2a: Lunala|0 fnt\n|faint|p2a: Lunala\n|move|p2b: Raging Bolt|Thunderbolt|p1b: Kyogre\n|-supereffective|p1b: Kyogre\n|-damage|p1b: Kyogre|0 fnt\n|faint|p1b: Kyogre\n|\n|win|Erseo05\n|raw|jj11j1's rating: 1444 &rarr; <strong>1426</strong><br />(-18 for losing)\n|raw|Erseo05's rating: 1476 &rarr; <strong>1494</strong><br />(+18 for winning)\n|l|\u2606jj11j1\n|player|p1|\n|l|\u2606Erseo05\n|player|p2|\n","uploadtime":1773308872,"views":12,"formatid":"gen9vgc2026regi","rating":1426,"private":0,"password":null}