{"id":"gen9vgc2026regi-2589665005","format":"[Gen 9] VGC 2026 Reg I","players":["clessvgc","tendgt01"],"log":"|j|\u2606clessvgc\n|j|\u2606tendgt01\n|t:|1776744675\n|gametype|doubles\n|player|p1|clessvgc|proton|1466\n|player|p2|tendgt01|169|1482\n|gen|9\n|tier|[Gen 9] VGC 2026 Reg I\n|rated|\n|rule|Species Clause: Limit one of each Pok\u00e9mon\n|rule|Item Clause: Limit 1 of each item\n|clearpoke\n|poke|p1|Landorus-Therian, L50, M|\n|poke|p1|Calyrex-Shadow, L50|\n|poke|p1|Iron Moth, L50|\n|poke|p1|Tornadus, L50, M|\n|poke|p1|Tinkaton, L50, F|\n|poke|p1|Kyogre, L50|\n|poke|p2|Zamazenta-*, L50|\n|poke|p2|Calyrex-Shadow, L50|\n|poke|p2|Amoonguss, L50, M|\n|poke|p2|Chien-Pao, L50|\n|poke|p2|Dragonite, L50, M|\n|poke|p2|Ogerpon-Cornerstone, L50, F|\n|teampreview|4\n|inactive|Battle timer is ON: inactive players will automatically lose when time's up. (requested by clessvgc)\n|\n|t:|1776744697\n|teamsize|p1|4\n|teamsize|p2|4\n|start\n|switch|p1a: Tinkaton|Tinkaton, L50, F|100/100\n|switch|p1b: Iron Moth|Iron Moth, L50|100/100\n|switch|p2a: Amoonguss|Amoonguss, L50, M|100/100\n|switch|p2b: Calyrex|Calyrex-Shadow, L50|100/100\n|-ability|p2b: Calyrex|As One\n|-ability|p2b: Calyrex|Unnerve\n|-ability|p1a: Tinkaton|Mold Breaker\n|turn|1\n|\n|t:|1776744722\n|move|p1b: Iron Moth|Protect|p1b: Iron Moth\n|-singleturn|p1b: Iron Moth|Protect\n|move|p2b: Calyrex|Psychic|p1b: Iron Moth\n|-activate|p1b: Iron Moth|move: Protect\n|move|p1a: Tinkaton|Gigaton Hammer|p2b: Calyrex\n|-crit|p2b: Calyrex\n|-damage|p2b: Calyrex|32/100\n|move|p2a: Amoonguss|Spore|p1a: Tinkaton\n|-status|p1a: Tinkaton|slp|[from] move: Spore\n|\n|upkeep\n|turn|2\n|inactive|tendgt01 has 30 seconds left.\n|\n|t:|1776744749\n|-terastallize|p2b: Calyrex|Ghost\n|-terastallize|p1b: Iron Moth|Grass\n|cant|p1a: Tinkaton|slp\n|move|p2b: Calyrex|Astral Barrage|p1b: Iron Moth|[spread] p1a,p1b\n|-damage|p1a: Tinkaton|65/100 slp\n|-damage|p1b: Iron Moth|26/100\n|move|p1b: Iron Moth|Heat Wave|p2b: Calyrex|[spread] p2b\n|-miss|p1b: Iron Moth|p2a: Amoonguss\n|-damage|p2b: Calyrex|0 fnt\n|faint|p2b: Calyrex\n|-damage|p1b: Iron Moth|16/100|[from] item: Life Orb\n|move|p2a: Amoonguss|Sludge Bomb|p1b: Iron Moth\n|-supereffective|p1b: Iron Moth\n|-damage|p1b: Iron Moth|0 fnt\n|faint|p1b: Iron Moth\n|-end|p1b: Iron Moth|Quark Drive|[silent]\n|\n|upkeep\n|\n|t:|1776744771\n|switch|p2b: Zamazenta|Zamazenta-Crowned, L50|100/100\n|switch|p1b: Calyrex|Calyrex-Shadow, L50|100/100\n|-ability|p1b: Calyrex|As One\n|-ability|p1b: Calyrex|Unnerve\n|-ability|p2b: Zamazenta|Dauntless Shield|boost\n|-boost|p2b: Zamazenta|def|1\n|turn|3\n|\n|t:|1776744787\n|move|p2a: Amoonguss|Protect|p2a: Amoonguss\n|-singleturn|p2a: Amoonguss|Protect\n|move|p1b: Calyrex|Encore|p2a: Amoonguss\n|-activate|p2a: Amoonguss|move: Protect\n|move|p2b: Zamazenta|Behemoth Bash|p1b: Calyrex\n|-crit|p1b: Calyrex\n|-damage|p1b: Calyrex|33/100\n|-curestatus|p1a: Tinkaton|slp|[msg]\n|move|p1a: Tinkaton|Play Rough|p2b: Zamazenta\n|-damage|p2b: Zamazenta|92/100\n|\n|upkeep\n|turn|4\n|\n|t:|1776744806\n|switch|p2a: Chien-Pao|Chien-Pao, L50, shiny|100/100\n|-ability|p2a: Chien-Pao|Sword of Ruin\n|move|p1b: Calyrex|Astral Barrage|p2b: Zamazenta|[spread] p2a,p2b\n|-resisted|p2a: Chien-Pao\n|-damage|p2a: Chien-Pao|72/100\n|-damage|p2b: Zamazenta|51/100\n|move|p2b: Zamazenta|Body Press|p1a: Tinkaton\n|-damage|p1a: Tinkaton|0 fnt\n|faint|p1a: Tinkaton\n|\n|upkeep\n|\n|t:|1776744809\n|switch|p1a: Kyogre|Kyogre, L50|100/100\n|-weather|RainDance|[from] ability: Drizzle|[of] p1a: Kyogre\n|turn|5\n|\n|t:|1776744829\n|move|p2b: Zamazenta|Wide Guard|p2b: Zamazenta\n|-singleturn|p2b: Zamazenta|Wide Guard\n|move|p2a: Chien-Pao|Sucker Punch||[still]\n|-fail|p2a: Chien-Pao\n|move|p1b: Calyrex|Encore|p2b: Zamazenta\n|-start|p2b: Zamazenta|Encore\n|move|p1a: Kyogre|Origin Pulse|p2b: Zamazenta|[spread] \n|-activate|p2a: Chien-Pao|move: Wide Guard\n|-activate|p2b: Zamazenta|move: Wide Guard\n|\n|-weather|RainDance|[upkeep]\n|upkeep\n|turn|6\n|\n|t:|1776744851\n|move|p2b: Zamazenta|Wide Guard|p2b: Zamazenta\n|-singleturn|p2b: Zamazenta|Wide Guard\n|move|p2a: Chien-Pao|Sucker Punch||[still]\n|-fail|p2a: Chien-Pao\n|move|p1b: Calyrex|Encore|p2a: Chien-Pao\n|-start|p2a: Chien-Pao|Encore\n|move|p1a: Kyogre|Ice Beam|p2a: Chien-Pao\n|-resisted|p2a: Chien-Pao\n|-crit|p2a: Chien-Pao\n|-damage|p2a: Chien-Pao|45/100\n|\n|-weather|RainDance|[upkeep]\n|upkeep\n|turn|7\n|\n|t:|1776744866\n|switch|p2b: Amoonguss|Amoonguss, L50, M|100/100\n|move|p1b: Calyrex|Protect|p1b: Calyrex\n|-singleturn|p1b: Calyrex|Protect\n|move|p2a: Chien-Pao|Sucker Punch|p1a: Kyogre\n|-damage|p1a: Kyogre|49/100\n|move|p1a: Kyogre|Ice Beam|p2a: Chien-Pao\n|-resisted|p2a: Chien-Pao\n|-damage|p2a: Chien-Pao|25/100\n|\n|-weather|RainDance|[upkeep]\n|upkeep\n|turn|8\n|inactive|tendgt01 has 30 seconds left.\n|\n|t:|1776744893\n|move|p2a: Chien-Pao|Sucker Punch||[still]\n|-fail|p2a: Chien-Pao\n|move|p1b: Calyrex|Encore||[still]\n|-fail|p1b: Calyrex\n|move|p1a: Kyogre|Water Spout|p2b: Amoonguss|[spread] p2a,p2b\n|-resisted|p2b: Amoonguss\n|-damage|p2a: Chien-Pao|0 fnt\n|-damage|p2b: Amoonguss|75/100\n|faint|p2a: Chien-Pao\n|move|p2b: Amoonguss|Spore|p1a: Kyogre\n|-status|p1a: Kyogre|slp|[from] move: Spore\n|\n|-weather|RainDance|[upkeep]\n|upkeep\n|\n|t:|1776744907\n|switch|p2a: Zamazenta|Zamazenta-Crowned, L50|51/100\n|turn|9\n|\n|t:|1776744913\n|move|p2b: Amoonguss|Protect|p2b: Amoonguss\n|-singleturn|p2b: Amoonguss|Protect\n|move|p1b: Calyrex|Psychic|p2b: Amoonguss\n|-activate|p2b: Amoonguss|move: Protect\n|cant|p1a: Kyogre|slp\n|move|p2a: Zamazenta|Behemoth Bash|p1b: Calyrex\n|-damage|p1b: Calyrex|0 fnt\n|faint|p1b: Calyrex\n|\n|-weather|none\n|upkeep\n|turn|10\n|c|\u2606tendgt01|Noob\n|\n|t:|1776744936\n|cant|p1a: Kyogre|slp\n|move|p2a: Zamazenta|Body Press|p1a: Kyogre\n|-damage|p1a: Kyogre|0 fnt\n|faint|p1a: Kyogre\n|\n|win|tendgt01\n|raw|clessvgc's rating: 1466 &rarr; <strong>1447</strong><br />(-19 for losing)\n|raw|tendgt01's rating: 1482 &rarr; <strong>1501</strong><br />(+19 for winning)\n|l|\u2606clessvgc\n|player|p1|\n|l|\u2606tendgt01\n|player|p2|\n","uploadtime":1776745109,"views":8,"formatid":"gen9vgc2026regi","rating":1447,"private":0,"password":null}