{"id":"gen9vgc2026regi-2579743416","format":"[Gen 9] VGC 2026 Reg I","players":["F0-H0","sunny_zong4"],"log":"|j|\u2606F0-H0\n|j|\u2606sunny_zong4\n|t:|1775823692\n|gametype|doubles\n|player|p1|F0-H0|palmer|1389\n|player|p2|sunny_zong4|2|1302\n|gen|9\n|tier|[Gen 9] VGC 2026 Reg I\n|rated|\n|rule|Species Clause: Limit one of each Pok\u00e9mon\n|rule|Item Clause: Limit 1 of each item\n|clearpoke\n|poke|p1|Koraidon, L50|\n|poke|p1|Sunflora, L50, M|\n|poke|p1|Flutter Mane, L50|\n|poke|p1|Charizard, L50, M|\n|poke|p1|Walking Wake, L50|\n|poke|p1|Groudon, L50|\n|poke|p2|Typhlosion-Hisui, L50, F|\n|poke|p2|Miraidon, L50|\n|poke|p2|Calyrex-Shadow, L50|\n|poke|p2|Scizor, L50, M|\n|poke|p2|Rillaboom, L50, M|\n|poke|p2|Urshifu-*, L50, F|\n|teampreview|4\n|inactive|Battle timer is ON: inactive players will automatically lose when time's up. (requested by sunny_zong4)\n|inactive|F0-H0 also wants the timer to be on.\n|inactive|sunny_zong4 has 60 seconds left.\n|\n|t:|1775823723\n|teamsize|p1|4\n|teamsize|p2|4\n|start\n|switch|p1a: Koraidon|Koraidon, L50|100/100\n|switch|p1b: Flutter Mane|Flutter Mane, L50|100/100\n|switch|p2a: Calyrex|Calyrex-Shadow, L50|100/100\n|switch|p2b: Miraidon|Miraidon, L50|100/100\n|-ability|p2a: Calyrex|As One\n|-ability|p2a: Calyrex|Unnerve\n|-weather|SunnyDay|[from] ability: Orichalcum Pulse|[of] p1a: Koraidon\n|-activate|p1b: Flutter Mane|ability: Protosynthesis\n|-start|p1b: Flutter Mane|protosynthesisspe\n|-activate|p1a: Koraidon|Orichalcum Pulse|[source]\n|-fieldstart|move: Electric Terrain|[from] ability: Hadron Engine|[of] p2b: Miraidon\n|turn|1\n|\n|t:|1775823744\n|switch|p2a: Scizor|Scizor, L50, M|100/100\n|-terastallize|p2b: Miraidon|Fairy\n|move|p1b: Flutter Mane|Protect|p1b: Flutter Mane\n|-singleturn|p1b: Flutter Mane|Protect\n|move|p1a: Koraidon|Protect|p1a: Koraidon\n|-singleturn|p1a: Koraidon|Protect\n|move|p2b: Miraidon|Dazzling Gleam|p1a: Koraidon|[spread] \n|-activate|p1a: Koraidon|move: Protect\n|-activate|p1b: Flutter Mane|move: Protect\n|\n|-weather|SunnyDay|[upkeep]\n|upkeep\n|turn|2\n|inactive|F0-H0 has 30 seconds left.\n|\n|t:|1775823770\n|-terastallize|p1a: Koraidon|Fire\n|move|p2a: Scizor|Bullet Punch|p1b: Flutter Mane\n|-supereffective|p1b: Flutter Mane\n|-enditem|p1b: Flutter Mane|Focus Sash\n|-damage|p1b: Flutter Mane|1/100\n|move|p1b: Flutter Mane|Icy Wind|p2b: Miraidon|[spread] p2a,p2b\n|-resisted|p2a: Scizor\n|-crit|p2a: Scizor\n|-damage|p2a: Scizor|88/100\n|-damage|p2b: Miraidon|89/100\n|-unboost|p2a: Scizor|spe|1\n|-unboost|p2b: Miraidon|spe|1\n|move|p1a: Koraidon|Flame Charge|p2a: Scizor\n|-supereffective|p2a: Scizor\n|-damage|p2a: Scizor|0 fnt\n|-boost|p1a: Koraidon|spe|1\n|faint|p2a: Scizor\n|move|p2b: Miraidon|Dazzling Gleam|p1a: Koraidon|[spread] p1a,p1b\n|-resisted|p1a: Koraidon\n|-damage|p1a: Koraidon|65/100\n|-damage|p1b: Flutter Mane|0 fnt\n|faint|p1b: Flutter Mane\n|-end|p1b: Flutter Mane|Protosynthesis|[silent]\n|\n|-weather|SunnyDay|[upkeep]\n|upkeep\n|\n|t:|1775823790\n|switch|p1b: Walking Wake|Walking Wake, L50|100/100\n|switch|p2a: Calyrex|Calyrex-Shadow, L50|100/100\n|-ability|p2a: Calyrex|As One\n|-ability|p2a: Calyrex|Unnerve\n|-activate|p1b: Walking Wake|ability: Protosynthesis\n|-start|p1b: Walking Wake|protosynthesisspe\n|turn|3\n|\n|t:|1775823799\n|move|p1a: Koraidon|Flare Blitz|p2a: Calyrex\n|-damage|p2a: Calyrex|0 fnt\n|faint|p2a: Calyrex\n|-damage|p1a: Koraidon|27/100|[from] Recoil\n|move|p1b: Walking Wake|Hydro Steam|p2b: Miraidon\n|-damage|p2b: Miraidon|18/100\n|move|p2b: Miraidon|Dazzling Gleam|p1b: Walking Wake|[spread] p1a,p1b\n|-resisted|p1a: Koraidon\n|-supereffective|p1b: Walking Wake\n|-damage|p1a: Koraidon|0 fnt\n|-damage|p1b: Walking Wake|0 fnt\n|faint|p1a: Koraidon\n|faint|p1b: Walking Wake\n|-end|p1b: Walking Wake|Protosynthesis|[silent]\n|\n|-weather|SunnyDay|[upkeep]\n|upkeep\n|\n|t:|1775823811\n|switch|p1a: Groudon|Groudon, L50|100/100\n|switch|p2a: Rillaboom|Rillaboom, L50, M|100/100\n|-fieldstart|move: Grassy Terrain|[from] ability: Grassy Surge|[of] p2a: Rillaboom\n|turn|4\n|\n|t:|1775823819\n|move|p2a: Rillaboom|Fake Out|p1a: Groudon\n|-damage|p1a: Groudon|89/100\n|cant|p1a: Groudon|flinch\n|move|p2b: Miraidon|Dazzling Gleam|p1a: Groudon\n|-damage|p1a: Groudon|28/100\n|\n|-weather|SunnyDay|[upkeep]\n|-heal|p2b: Miraidon|24/100|[from] Grassy Terrain\n|-heal|p1a: Groudon|34/100|[from] Grassy Terrain\n|upkeep\n|turn|5\n|\n|t:|1775823830\n|move|p1a: Groudon|Heat Crash|p2a: Rillaboom\n|-supereffective|p2a: Rillaboom\n|-damage|p2a: Rillaboom|0 fnt\n|faint|p2a: Rillaboom\n|move|p2b: Miraidon|Dazzling Gleam|p1a: Groudon\n|-damage|p1a: Groudon|0 fnt\n|faint|p1a: Groudon\n|\n|win|sunny_zong4\n|raw|F0-H0's rating: 1389 &rarr; <strong>1364</strong><br />(-25 for losing)\n|raw|sunny_zong4's rating: 1302 &rarr; <strong>1327</strong><br />(+25 for winning)\n|l|\u2606sunny_zong4\n|player|p2|\n|l|\u2606F0-H0\n|player|p1|\n","uploadtime":1775824055,"views":13,"formatid":"gen9vgc2026regi","rating":1327,"private":0,"password":null}