{"id":"gen9vgc2026regi-2552111769","format":"[Gen 9] VGC 2026 Reg I","players":["hawktuahvgc","Cello L."],"log":"|j|\u2606hawktuahvgc\n|j|\u2606Cello L.\n|t:|1772676854\n|gametype|doubles\n|player|p1|hawktuahvgc|101|1412\n|player|p2|Cello L.|psychic-gen4|1499\n|gen|9\n|tier|[Gen 9] VGC 2026 Reg I\n|rated|\n|rule|Species Clause: Limit one of each Pok\u00e9mon\n|rule|Item Clause: Limit 1 of each item\n|clearpoke\n|poke|p1|Calyrex-Shadow, L50|\n|poke|p1|Koraidon, L50|\n|poke|p1|Indeedee-F, L50, F|\n|poke|p1|Chi-Yu, L50|\n|poke|p1|Jumpluff, L50, M|\n|poke|p1|Umbreon, L50, F|\n|poke|p2|Calyrex-Shadow, L50|\n|poke|p2|Zamazenta-*, L50|\n|poke|p2|Raging Bolt, L50|\n|poke|p2|Rillaboom, L50, F|\n|poke|p2|Incineroar, L50, F|\n|poke|p2|Amoonguss, L50, M|\n|teampreview|4\n|\n|t:|1772676891\n|teamsize|p1|4\n|teamsize|p2|4\n|start\n|switch|p1a: Koraidon|Koraidon, L50|100/100\n|switch|p1b: Jumpluff|Jumpluff, L50, M, shiny|100/100\n|switch|p2a: Raging Bolt|Raging Bolt, L50|100/100\n|switch|p2b: Incineroar|Incineroar, L50, F|100/100\n|-weather|SunnyDay|[from] ability: Orichalcum Pulse|[of] p1a: Koraidon\n|-activate|p2a: Raging Bolt|ability: Protosynthesis\n|-start|p2a: Raging Bolt|protosynthesisspa\n|-activate|p1a: Koraidon|Orichalcum Pulse|[source]\n|-ability|p2b: Incineroar|Intimidate|boost\n|-fail|p1a: Koraidon|unboost|[from] item: Clear Amulet|[of] p1a: Koraidon\n|-unboost|p1b: Jumpluff|atk|1\n|turn|1\n|j| Normal Cello\n|\n|t:|1772676928\n|move|p2b: Incineroar|Fake Out|p1a: Koraidon\n|-damage|p1a: Koraidon|92/100\n|move|p1b: Jumpluff|Tailwind|p1b: Jumpluff\n|-sidestart|p1: hawktuahvgc|move: Tailwind\n|cant|p1a: Koraidon|flinch\n|move|p2a: Raging Bolt|Dragon Pulse|p1a: Koraidon\n|-supereffective|p1a: Koraidon\n|-damage|p1a: Koraidon|0 fnt\n|faint|p1a: Koraidon\n|\n|-weather|SunnyDay|[upkeep]\n|upkeep\n|\n|t:|1772676940\n|switch|p1a: Calyrex|Calyrex-Shadow, L50|100/100\n|-ability|p1a: Calyrex|As One\n|-ability|p1a: Calyrex|Unnerve\n|turn|2\n|\n|t:|1772676972\n|-terastallize|p1a: Calyrex|Ground\n|move|p2a: Raging Bolt|Protect|p2a: Raging Bolt\n|-singleturn|p2a: Raging Bolt|Protect\n|move|p1b: Jumpluff|Encore|p2b: Incineroar\n|-start|p2b: Incineroar|Encore\n|move|p1a: Calyrex|Tera Blast|p2a: Raging Bolt|[anim] Tera Blast Ground\n|-activate|p2a: Raging Bolt|move: Protect\n|move|p2b: Incineroar|Fake Out||[still]\n|-hint|Fake Out only works on your first turn out.\n|-fail|p2b: Incineroar\n|\n|-weather|SunnyDay|[upkeep]\n|upkeep\n|turn|3\n|\n|t:|1772677017\n|switch|p2b: Calyrex|Calyrex-Shadow, L50|100/100\n|-ability|p2b: Calyrex|As One\n|-ability|p2b: Calyrex|Unnerve\n|move|p1b: Jumpluff|Encore|p2a: Raging Bolt\n|-start|p2a: Raging Bolt|Encore\n|move|p1a: Calyrex|Astral Barrage|p2b: Calyrex|[spread] p2a,p2b\n|-supereffective|p2b: Calyrex\n|-damage|p2a: Raging Bolt|35/100\n|-damage|p2b: Calyrex|0 fnt\n|faint|p2b: Calyrex\n|-ability|p1a: Calyrex|Grim Neigh|boost\n|-boost|p1a: Calyrex|spa|1\n|-damage|p1a: Calyrex|91/100|[from] item: Life Orb\n|move|p2a: Raging Bolt|Protect||[still]\n|-fail|p2a: Raging Bolt\n|\n|-weather|SunnyDay|[upkeep]\n|upkeep\n|\n|t:|1772677034\n|switch|p2b: Zamazenta|Zamazenta-Crowned, L50|100/100\n|-ability|p2b: Zamazenta|Dauntless Shield|boost\n|-boost|p2b: Zamazenta|def|1\n|turn|4\n|\n|t:|1772677067\n|-end|p2a: Raging Bolt|Protosynthesis|[silent]\n|switch|p2a: Incineroar|Incineroar, L50, F|100/100\n|-ability|p2a: Incineroar|Intimidate|boost\n|-unboost|p1a: Calyrex|atk|1\n|-unboost|p1b: Jumpluff|atk|1\n|-terastallize|p2b: Zamazenta|Water\n|move|p1b: Jumpluff|Grass Knot|p2b: Zamazenta\n|-supereffective|p2b: Zamazenta\n|-damage|p2b: Zamazenta|53/100\n|move|p1a: Calyrex|Astral Barrage|p2a: Incineroar|[spread] p2a,p2b\n|-resisted|p2a: Incineroar\n|-damage|p2a: Incineroar|52/100\n|-damage|p2b: Zamazenta|0 fnt\n|faint|p2b: Zamazenta\n|-ability|p1a: Calyrex|Grim Neigh|boost\n|-boost|p1a: Calyrex|spa|1\n|-damage|p1a: Calyrex|82/100|[from] item: Life Orb\n|\n|-weather|SunnyDay|[upkeep]\n|-sideend|p1: hawktuahvgc|move: Tailwind\n|upkeep\n|\n|t:|1772677083\n|switch|p2b: Raging Bolt|Raging Bolt, L50|35/100\n|-activate|p2b: Raging Bolt|ability: Protosynthesis\n|-start|p2b: Raging Bolt|protosynthesisspa\n|turn|5\n|c|\u2606hawktuahvgc|lol\n|j| BK Sergio\n|\n|t:|1772677117\n|switch|p1b: Indeedee|Indeedee-F, L50, F|100/100\n|-fieldstart|move: Psychic Terrain|[from] ability: Psychic Surge|[of] p1b: Indeedee\n|move|p2a: Incineroar|Helping Hand|p2b: Raging Bolt\n|-singleturn|p2b: Raging Bolt|Helping Hand|[of] p2a: Incineroar\n|move|p1a: Calyrex|Astral Barrage|p2a: Incineroar|[spread] p2a,p2b\n|-resisted|p2a: Incineroar\n|-damage|p2a: Incineroar|0 fnt\n|-damage|p2b: Raging Bolt|0 fnt\n|faint|p2a: Incineroar\n|faint|p2b: Raging Bolt\n|-end|p2b: Raging Bolt|Protosynthesis|[silent]\n|-damage|p1a: Calyrex|72/100|[from] item: Life Orb\n|\n|win|hawktuahvgc\n|raw|hawktuahvgc's rating: 1412 &rarr; <strong>1437</strong><br />(+25 for winning)\n|raw|Cello L.'s rating: 1499 &rarr; <strong>1474</strong><br />(-25 for losing)\n","uploadtime":1772677120,"views":30,"formatid":"gen9vgc2026regi","rating":1437,"private":0,"password":null}