{"id":"gen9vgc2026regi-2536533223","format":"[Gen 9] VGC 2026 Reg I","players":["EllenJoe2026","no1.pokemon"],"log":"|j|\u2606EllenJoe2026\n|j|\u2606no1.pokemon\n|t:|1770700798\n|gametype|doubles\n|player|p1|EllenJoe2026|iono|1346\n|player|p2|no1.pokemon|n-masters|1297\n|gen|9\n|tier|[Gen 9] VGC 2026 Reg I\n|rated|\n|rule|Species Clause: Limit one of each Pok\u00e9mon\n|rule|Item Clause: Limit 1 of each item\n|clearpoke\n|poke|p1|Calyrex-Ice, L50|\n|poke|p1|Kyogre, L50|\n|poke|p1|Tornadus, L50, M|\n|poke|p1|Urshifu-*, L50, F|\n|poke|p1|Indeedee-F, L50, F|\n|poke|p1|Smeargle, L50, F|\n|poke|p2|Koraidon, L50|\n|poke|p2|Farigiraf, L50, F|\n|poke|p2|Whimsicott, L50, F|\n|poke|p2|Miraidon, L50|\n|poke|p2|Chien-Pao, L50|\n|poke|p2|Entei, L50|\n|teampreview|4\n|inactive|Battle timer is ON: inactive players will automatically lose when time's up. (requested by no1.pokemon)\n|inactive|EllenJoe2026 also wants the timer to be on.\n|\n|t:|1770700813\n|teamsize|p1|4\n|teamsize|p2|4\n|start\n|switch|p1a: Calyrex|Calyrex-Ice, L50|100/100\n|switch|p1b: Indeedee|Indeedee-F, L50, F, shiny|100/100\n|switch|p2a: Chien-Pao|Chien-Pao, L50|100/100\n|switch|p2b: Farigiraf|Farigiraf, L50, F|100/100\n|-ability|p1a: Calyrex|As One\n|-ability|p1a: Calyrex|Unnerve\n|-ability|p2a: Chien-Pao|Sword of Ruin\n|-fieldstart|move: Psychic Terrain|[from] ability: Psychic Surge|[of] p1b: Indeedee\n|turn|1\n|inactive|EllenJoe2026 has 30 seconds left.\n|\n|t:|1770700845\n|move|p1b: Indeedee|Follow Me|p1b: Indeedee\n|-singleturn|p1b: Indeedee|move: Follow Me\n|move|p2a: Chien-Pao|Crunch|p1b: Indeedee\n|-supereffective|p1b: Indeedee\n|-damage|p1b: Indeedee|8/100\n|-enditem|p1b: Indeedee|Eject Button\n|\n|t:|1770700851\n|switch|p1b: Tornadus|Tornadus, L50, M, shiny|100/100\n|move|p1a: Calyrex|Glacial Lance|p2b: Farigiraf|[spread] p2a,p2b\n|-resisted|p2a: Chien-Pao\n|-damage|p2a: Chien-Pao|60/100\n|-damage|p2b: Farigiraf|29/100\n|move|p2b: Farigiraf|Imprison|p2b: Farigiraf\n|-start|p2b: Farigiraf|move: Imprison\n|\n|upkeep\n|turn|2\n|inactive|EllenJoe2026 has 30 seconds left.\n|inactive|EllenJoe2026 has 20 seconds left.\n|inactive|EllenJoe2026 has 15 seconds left.\n|inactive|EllenJoe2026 has 10 seconds left.\n|\n|t:|1770700898\n|switch|p1a: Indeedee|Indeedee-F, L50, F, shiny|8/100\n|move|p1b: Tornadus|Tailwind|p1b: Tornadus\n|-sidestart|p1: EllenJoe2026|move: Tailwind\n|move|p2a: Chien-Pao|Icicle Crash|p1b: Tornadus\n|-supereffective|p1b: Tornadus\n|-damage|p1b: Tornadus|0 fnt\n|faint|p1b: Tornadus\n|move|p2b: Farigiraf|Foul Play|p1a: Indeedee\n|-supereffective|p1a: Indeedee\n|-damage|p1a: Indeedee|0 fnt\n|faint|p1a: Indeedee\n|\n|upkeep\n|\n|t:|1770700906\n|switch|p1b: Kyogre|Kyogre, L50, shiny|100/100\n|switch|p1a: Calyrex|Calyrex-Ice, L50|100/100\n|-ability|p1a: Calyrex|As One\n|-ability|p1a: Calyrex|Unnerve\n|-weather|RainDance|[from] ability: Drizzle|[of] p1b: Kyogre\n|turn|3\n|inactive|EllenJoe2026 has 30 seconds left.\n|inactive|EllenJoe2026 has 20 seconds left.\n|inactive|EllenJoe2026 has 15 seconds left.\n|inactive|EllenJoe2026 has 10 seconds left.\n|inactive|EllenJoe2026 has 5 seconds left.\n|\n|t:|1770700961\n|switch|p2b: Miraidon|Miraidon, L50|100/100\n|-fieldstart|move: Electric Terrain|[from] ability: Hadron Engine|[of] p2b: Miraidon\n|move|p2a: Chien-Pao|Sucker Punch|p1b: Kyogre\n|-damage|p1b: Kyogre|49/100\n|move|p1b: Kyogre|Water Spout|p2a: Chien-Pao|[spread] p2a,p2b\n|-resisted|p2b: Miraidon\n|-damage|p2a: Chien-Pao|0 fnt\n|-damage|p2b: Miraidon|81/100\n|faint|p2a: Chien-Pao\n|move|p1a: Calyrex|Glacial Lance|p2b: Miraidon\n|-supereffective|p2b: Miraidon\n|-damage|p2b: Miraidon|0 fnt\n|faint|p2b: Miraidon\n|-ability|p1a: Calyrex|Chilling Neigh|boost\n|-boost|p1a: Calyrex|atk|1\n|\n|-weather|RainDance|[upkeep]\n|upkeep\n|\n|t:|1770700972\n|switch|p2b: Koraidon|Koraidon, L50, shiny|100/100\n|switch|p2a: Farigiraf|Farigiraf, L50, F|29/100\n|-weather|SunnyDay|[from] ability: Orichalcum Pulse|[of] p2b: Koraidon\n|-activate|p2b: Koraidon|Orichalcum Pulse|[source]\n|-enditem|p2a: Farigiraf|Electric Seed\n|-boost|p2a: Farigiraf|def|1|[from] item: Electric Seed\n|turn|4\n|\n|t:|1770700985\n|-terastallize|p2b: Koraidon|Fire\n|move|p1b: Kyogre|Water Spout|p2b: Koraidon|[spread] p2a,p2b\n|-supereffective|p2b: Koraidon\n|-damage|p2a: Farigiraf|17/100\n|-damage|p2b: Koraidon|83/100\n|move|p2b: Koraidon|Flare Blitz|p1a: Calyrex\n|-supereffective|p1a: Calyrex\n|-damage|p1a: Calyrex|0 fnt\n|faint|p1a: Calyrex\n|-damage|p2b: Koraidon|50/100|[from] Recoil\n|move|p2a: Farigiraf|Foul Play|p1b: Kyogre\n|-damage|p1b: Kyogre|31/100\n|\n|-weather|SunnyDay|[upkeep]\n|upkeep\n|turn|5\n|-message|EllenJoe2026 forfeited.\n|\n|win|no1.pokemon\n|raw|EllenJoe2026's rating: 1346 &rarr; <strong>1323</strong><br />(-23 for losing)\n|raw|no1.pokemon's rating: 1288 &rarr; <strong>1317</strong><br />(+29 for winning)\n|l|\u2606EllenJoe2026\n|player|p1|\n|l|\u2606no1.pokemon\n|player|p2|\n","uploadtime":1770701257,"views":11,"formatid":"gen9vgc2026regi","rating":1317,"private":0,"password":null}