{"id":"gen9vgc2026regi-2567053374","format":"[Gen 9] VGC 2026 Reg I","players":["Highkage2","kojimuranishi"],"log":"|j|\u203dHighkage2\n|j|\u2606kojimuranishi\n|t:|1774445189\n|gametype|doubles\n|player|p1|Highkage2|doubleteam|1627\n|player|p2|kojimuranishi|102|1595\n|gen|9\n|tier|[Gen 9] VGC 2026 Reg I\n|rated|\n|rule|Species Clause: Limit one of each Pok\u00e9mon\n|rule|Item Clause: Limit 1 of each item\n|clearpoke\n|poke|p1|Incineroar, L50, F|\n|poke|p1|Calyrex-Ice, L50|\n|poke|p1|Miraidon, L50|\n|poke|p1|Pelipper, L50, F|\n|poke|p1|Iron Treads, L50|\n|poke|p1|Volcarona, L50, F|\n|poke|p2|Whimsicott, L50, M|\n|poke|p2|Calyrex-Ice, L50|\n|poke|p2|Miraidon, L50|\n|poke|p2|Chi-Yu, L50|\n|poke|p2|Landorus, L50, M|\n|poke|p2|Porygon2, L50|\n|teampreview|4\n|inactive|Battle timer is ON: inactive players will automatically lose when time's up. (requested by kojimuranishi)\n|inactive|Highkage2 has 60 seconds left.\n|\n|t:|1774445233\n|teamsize|p1|4\n|teamsize|p2|4\n|start\n|switch|p1a: Incineroar|Incineroar, L50, F|100/100\n|switch|p1b: Miraidon|Miraidon, L50|100/100\n|switch|p2a: Chi-Yu|Chi-Yu, L50|100/100\n|switch|p2b: Landorus|Landorus, L50, M|100/100\n|-fieldstart|move: Electric Terrain|[from] ability: Hadron Engine|[of] p1b: Miraidon\n|-ability|p2a: Chi-Yu|Beads of Ruin\n|-ability|p1a: Incineroar|Intimidate|boost\n|-unboost|p2a: Chi-Yu|atk|1\n|-unboost|p2b: Landorus|atk|1\n|turn|1\n|inactive|Highkage2 has 30 seconds left.\n|inactive|Highkage2 has 20 seconds left.\n|inactive|Highkage2 has 15 seconds left.\n|inactive|Highkage2 has 10 seconds left.\n|\n|t:|1774445280\n|move|p1b: Miraidon|Draco Meteor|p2b: Landorus\n|-damage|p2b: Landorus|0 fnt\n|-unboost|p1b: Miraidon|spa|2\n|faint|p2b: Landorus\n|move|p2a: Chi-Yu|Heat Wave|p1a: Incineroar|[spread] p1a,p1b\n|-resisted|p1a: Incineroar\n|-resisted|p1b: Miraidon\n|-damage|p1a: Incineroar|77/100\n|-damage|p1b: Miraidon|70/100\n|move|p1a: Incineroar|U-turn|p2a: Chi-Yu\n|-damage|p2a: Chi-Yu|71/100\n|\n|t:|1774445290\n|switch|p1a: Iron Treads|Iron Treads, L50|100/100|[from] U-turn\n|-activate|p1a: Iron Treads|ability: Quark Drive\n|-start|p1a: Iron Treads|quarkdrivespe\n|\n|upkeep\n|\n|t:|1774445296\n|switch|p2b: Whimsicott|Whimsicott, L50, M|100/100\n|turn|2\n|inactive|Highkage2 has 30 seconds left.\n|\n|t:|1774445330\n|-end|p1a: Iron Treads|Quark Drive|[silent]\n|switch|p1a: Incineroar|Incineroar, L50, F|77/100\n|-ability|p1a: Incineroar|Intimidate|boost\n|-unboost|p2a: Chi-Yu|atk|1\n|-unboost|p2b: Whimsicott|atk|1\n|move|p2b: Whimsicott|Tailwind|p2b: Whimsicott\n|-sidestart|p2: kojimuranishi|move: Tailwind\n|move|p2a: Chi-Yu|Heat Wave|p1b: Miraidon|[spread] p1a,p1b\n|-resisted|p1a: Incineroar\n|-resisted|p1b: Miraidon\n|-damage|p1a: Incineroar|51/100\n|-damage|p1b: Miraidon|38/100\n|move|p1b: Miraidon|Draco Meteor|p2a: Chi-Yu\n|-damage|p2a: Chi-Yu|0 fnt\n|-unboost|p1b: Miraidon|spa|2\n|faint|p2a: Chi-Yu\n|\n|upkeep\n|\n|t:|1774445346\n|switch|p2a: Calyrex|Calyrex-Ice, L50|100/100\n|-ability|p2a: Calyrex|As One\n|-ability|p2a: Calyrex|Unnerve\n|turn|3\n|\n|t:|1774445362\n|switch|p1b: Calyrex|Calyrex-Ice, L50|100/100\n|-ability|p1b: Calyrex|As One\n|-ability|p1b: Calyrex|Unnerve\n|move|p1a: Incineroar|Fake Out|p2a: Calyrex\n|-damage|p2a: Calyrex|94/100\n|move|p2b: Whimsicott|Moonblast|p1a: Incineroar\n|-damage|p1a: Incineroar|28/100\n|cant|p2a: Calyrex|flinch\n|\n|upkeep\n|turn|4\n|\n|t:|1774445384\n|switch|p1a: Iron Treads|Iron Treads, L50|100/100\n|-activate|p1a: Iron Treads|ability: Quark Drive\n|-start|p1a: Iron Treads|quarkdrivespe\n|-terastallize|p2a: Calyrex|Ice\n|move|p2b: Whimsicott|Moonblast|p1b: Calyrex\n|-damage|p1b: Calyrex|79/100\n|move|p2a: Calyrex|Glacial Lance|p1a: Iron Treads|[spread] p1a,p1b\n|-resisted|p1b: Calyrex\n|-damage|p1a: Iron Treads|0 fnt\n|-damage|p1b: Calyrex|45/100\n|faint|p1a: Iron Treads\n|-end|p1a: Iron Treads|Quark Drive|[silent]\n|-ability|p2a: Calyrex|Chilling Neigh|boost\n|-boost|p2a: Calyrex|atk|1\n|move|p1b: Calyrex|Glacial Lance|p2b: Whimsicott|[spread] p2a,p2b\n|-resisted|p2a: Calyrex\n|-supereffective|p2b: Whimsicott\n|-damage|p2a: Calyrex|75/100\n|-enditem|p2b: Whimsicott|Focus Sash\n|-damage|p2b: Whimsicott|1/100\n|\n|-heal|p1b: Calyrex|51/100|[from] item: Leftovers\n|upkeep\n|\n|t:|1774445396\n|switch|p1a: Incineroar|Incineroar, L50, F|28/100\n|-ability|p1a: Incineroar|Intimidate|boost\n|-unboost|p2a: Calyrex|atk|1\n|-unboost|p2b: Whimsicott|atk|1\n|turn|5\n|\n|t:|1774445411\n|move|p1a: Incineroar|Fake Out|p2a: Calyrex\n|-damage|p2a: Calyrex|68/100\n|move|p2b: Whimsicott|Moonblast|p1b: Calyrex\n|-damage|p1b: Calyrex|28/100\n|cant|p2a: Calyrex|flinch\n|move|p1b: Calyrex|Glacial Lance|p2a: Calyrex|[spread] p2a,p2b\n|-resisted|p2a: Calyrex\n|-supereffective|p2b: Whimsicott\n|-damage|p2a: Calyrex|47/100\n|-damage|p2b: Whimsicott|0 fnt\n|faint|p2b: Whimsicott\n|-ability|p1b: Calyrex|Chilling Neigh|boost\n|-boost|p1b: Calyrex|atk|1\n|\n|-heal|p1b: Calyrex|34/100|[from] item: Leftovers\n|-sideend|p2: kojimuranishi|move: Tailwind\n|-fieldend|move: Electric Terrain\n|upkeep\n|turn|6\n|\n|t:|1774445431\n|move|p2a: Calyrex|Glacial Lance|p1b: Calyrex|[spread] p1a,p1b\n|-resisted|p1a: Incineroar\n|-resisted|p1b: Calyrex\n|-damage|p1a: Incineroar|0 fnt\n|-damage|p1b: Calyrex|2/100\n|faint|p1a: Incineroar\n|-ability|p2a: Calyrex|Chilling Neigh|boost\n|-boost|p2a: Calyrex|atk|1\n|move|p1b: Calyrex|Glacial Lance|p2a: Calyrex\n|-resisted|p2a: Calyrex\n|-crit|p2a: Calyrex\n|-damage|p2a: Calyrex|0 fnt\n|faint|p2a: Calyrex\n|\n|win|Highkage2\n|raw|Highkage2's rating: 1627 &rarr; <strong>1645</strong><br />(+18 for winning)\n|raw|kojimuranishi's rating: 1595 &rarr; <strong>1577</strong><br />(-18 for losing)\n|l|\u2606kojimuranishi\n|player|p2|\n","uploadtime":1774445616,"views":25,"formatid":"gen9vgc2026regi","rating":1577,"private":0,"password":null}