{"id":"gen9vgc2026regi-2565416196","format":"[Gen 9] VGC 2026 Reg I","players":["xxdalaldacx","SycrasisEU"],"log":"|j|\u2606xxdalaldacx\n|j|\u2606SycrasisEU\n|t:|1774273394\n|gametype|doubles\n|player|p1|xxdalaldacx|169|1210\n|player|p2|SycrasisEU|byron|1172\n|gen|9\n|tier|[Gen 9] VGC 2026 Reg I\n|rated|\n|rule|Species Clause: Limit one of each Pok\u00e9mon\n|rule|Item Clause: Limit 1 of each item\n|clearpoke\n|poke|p1|Koraidon, L50|\n|poke|p1|Calyrex-Shadow, L50|\n|poke|p1|Flutter Mane, L50|\n|poke|p1|Incineroar, L50, F|\n|poke|p1|Clefairy, L50, F|\n|poke|p1|Rillaboom, L50, F|\n|poke|p2|Calyrex-Shadow, L50|\n|poke|p2|Clefairy, L50, M|\n|poke|p2|Toxapex, L50, M|\n|poke|p2|Koraidon, L50|\n|poke|p2|Raichu, L50, F|\n|poke|p2|Urshifu-*, L50, M|\n|teampreview|4\n|\n|t:|1774273425\n|teamsize|p1|4\n|teamsize|p2|4\n|start\n|switch|p1a: Flutter Mane|Flutter Mane, L50|100/100\n|switch|p1b: Koraidon|Koraidon, L50|100/100\n|switch|p2a: Raichu|Raichu, L50, F|100/100\n|switch|p2b: Toxapex|Toxapex, L50, M|100/100\n|-weather|SunnyDay|[from] ability: Orichalcum Pulse|[of] p1b: Koraidon\n|-activate|p1a: Flutter Mane|ability: Protosynthesis\n|-start|p1a: Flutter Mane|protosynthesisspe\n|-activate|p1b: Koraidon|Orichalcum Pulse|[source]\n|turn|1\n|inactive|Battle timer is ON: inactive players will automatically lose when time's up. (requested by xxdalaldacx)\n|\n|t:|1774273447\n|move|p2a: Raichu|Fake Out|p1b: Koraidon\n|-damage|p1b: Koraidon|94/100\n|move|p1a: Flutter Mane|Moonblast|p2a: Raichu\n|-damage|p2a: Raichu|25/100\n|-unboost|p2a: Raichu|spa|1\n|cant|p1b: Koraidon|flinch\n|move|p2b: Toxapex|Icy Wind|p1b: Koraidon|[spread] p1a,p1b\n|-supereffective|p1b: Koraidon\n|-damage|p1a: Flutter Mane|94/100\n|-damage|p1b: Koraidon|83/100\n|-unboost|p1a: Flutter Mane|spe|1\n|\n|-weather|SunnyDay|[upkeep]\n|upkeep\n|turn|2\n|inactive|xxdalaldacx has 30 seconds left.\n|inactive|SycrasisEU has 30 seconds left.\n|\n|t:|1774273478\n|move|p2a: Raichu|Protect|p2a: Raichu\n|-singleturn|p2a: Raichu|Protect\n|move|p1a: Flutter Mane|Shadow Ball|p2b: Toxapex\n|-damage|p2b: Toxapex|66/100\n|move|p1b: Koraidon|Flame Charge|p2a: Raichu\n|-activate|p2a: Raichu|move: Protect\n|move|p2b: Toxapex|Toxic Spikes|p1a: Flutter Mane\n|-sidestart|p1: xxdalaldacx|move: Toxic Spikes\n|\n|-weather|SunnyDay|[upkeep]\n|-heal|p2b: Toxapex|72/100|[from] item: Leftovers\n|upkeep\n|turn|3\n|inactive|SycrasisEU has 30 seconds left.\n|\n|t:|1774273508\n|move|p1a: Flutter Mane|Shadow Ball|p2b: Toxapex\n|-damage|p2b: Toxapex|37/100\n|move|p2a: Raichu|Nuzzle|p1b: Koraidon\n|-resisted|p1b: Koraidon\n|-damage|p1b: Koraidon|81/100\n|-status|p1b: Koraidon|par\n|cant|p1b: Koraidon|par\n|move|p2b: Toxapex|Icy Wind|p1a: Flutter Mane|[spread] p1a,p1b\n|-supereffective|p1b: Koraidon\n|-damage|p1a: Flutter Mane|88/100\n|-damage|p1b: Koraidon|71/100 par\n|-unboost|p1a: Flutter Mane|spe|1\n|\n|-weather|SunnyDay|[upkeep]\n|-heal|p2b: Toxapex|43/100|[from] item: Leftovers\n|upkeep\n|turn|4\n|inactive|SycrasisEU has 30 seconds left.\n|\n|t:|1774273534\n|-end|p1a: Flutter Mane|Protosynthesis|[silent]\n|switch|p1a: Clefairy|Clefairy, L50, F|100/100\n|-status|p1a: Clefairy|psn\n|move|p2b: Toxapex|Baneful Bunker|p2b: Toxapex\n|-singleturn|p2b: Toxapex|move: Protect\n|move|p2a: Raichu|Nuzzle|p1a: Clefairy\n|-damage|p1a: Clefairy|95/100 psn\n|cant|p1b: Koraidon|par\n|\n|-weather|SunnyDay|[upkeep]\n|-heal|p2b: Toxapex|49/100|[from] item: Leftovers\n|-damage|p1a: Clefairy|83/100 psn|[from] psn\n|upkeep\n|turn|5\n|\n|t:|1774273552\n|move|p1a: Clefairy|Follow Me|p1a: Clefairy\n|-singleturn|p1a: Clefairy|move: Follow Me\n|move|p2a: Raichu|Thunderbolt|p1a: Clefairy\n|-crit|p1a: Clefairy\n|-damage|p1a: Clefairy|30/100 psn\n|move|p1b: Koraidon|Flame Charge|p2a: Raichu\n|-damage|p2a: Raichu|0 fnt\n|-boost|p1b: Koraidon|spe|1\n|faint|p2a: Raichu\n|move|p2b: Toxapex|Toxic Spikes|p1b: Koraidon\n|-sidestart|p1: xxdalaldacx|move: Toxic Spikes\n|\n|-weather|none\n|-heal|p2b: Toxapex|55/100|[from] item: Leftovers\n|-damage|p1a: Clefairy|18/100 psn|[from] psn\n|upkeep\n|\n|t:|1774273566\n|switch|p2a: Calyrex|Calyrex-Shadow, L50|100/100\n|-ability|p2a: Calyrex|As One\n|-ability|p2a: Calyrex|Unnerve\n|turn|6\n|inactive|xxdalaldacx has 30 seconds left.\n|\n|t:|1774273592\n|-terastallize|p2a: Calyrex|Ghost\n|move|p1a: Clefairy|Follow Me|p1a: Clefairy\n|-singleturn|p1a: Clefairy|move: Follow Me\n|move|p2a: Calyrex|Astral Barrage|p1a: Clefairy|[spread] p1a,p1b\n|-damage|p1a: Clefairy|0 fnt\n|-damage|p1b: Koraidon|0 fnt\n|faint|p1a: Clefairy\n|faint|p1b: Koraidon\n|-ability|p2a: Calyrex|Grim Neigh|boost\n|-boost|p2a: Calyrex|spa|2\n|move|p2b: Toxapex|Icy Wind|p1: Clefairy|[notarget]\n|-fail|p2b: Toxapex\n|\n|-heal|p2b: Toxapex|60/100|[from] item: Leftovers\n|upkeep\n|\n|t:|1774273606\n|switch|p1b: Flutter Mane|Flutter Mane, L50|88/100\n|switch|p1a: Calyrex|Calyrex-Shadow, L50|100/100\n|-ability|p1a: Calyrex|As One\n|-ability|p1a: Calyrex|Unnerve\n|-status|p1b: Flutter Mane|tox\n|-status|p1a: Calyrex|tox\n|turn|7\n|\n|t:|1774273623\n|-terastallize|p1a: Calyrex|Dark\n|move|p2b: Toxapex|Wide Guard|p2b: Toxapex\n|-singleturn|p2b: Toxapex|Wide Guard\n|move|p2a: Calyrex|Astral Barrage|p1b: Flutter Mane|[spread] p1a,p1b\n|-resisted|p1a: Calyrex\n|-supereffective|p1b: Flutter Mane\n|-crit|p1b: Flutter Mane\n|-damage|p1a: Calyrex|0 fnt\n|-damage|p1b: Flutter Mane|0 fnt\n|faint|p1a: Calyrex\n|faint|p1b: Flutter Mane\n|-end|p1b: Flutter Mane|Protosynthesis|[silent]\n|\n|win|SycrasisEU\n|raw|xxdalaldacx's rating: 1210 &rarr; <strong>1182</strong><br />(-28 for losing)\n|raw|SycrasisEU's rating: 1172 &rarr; <strong>1200</strong><br />(+28 for winning)\n|l|\u2606xxdalaldacx\n|player|p1|\n|l|\u2606SycrasisEU\n|player|p2|\n","uploadtime":1774273787,"views":10,"formatid":"gen9vgc2026regi","rating":1182,"private":0,"password":null}