{"id":"gen9vgc2026regi-2559451137","format":"[Gen 9] VGC 2026 Reg I","players":["gato_can","Jonen"],"log":"|j|\u2606gato_can\n|j|\u2606Jonen\n|t:|1773569807\n|gametype|doubles\n|player|p1|gato_can|1|1214\n|player|p2|Jonen|hiker-gen4|1263\n|gen|9\n|tier|[Gen 9] VGC 2026 Reg I\n|rated|\n|rule|Species Clause: Limit one of each Pok\u00e9mon\n|rule|Item Clause: Limit 1 of each item\n|clearpoke\n|poke|p1|Tornadus, L50, M|\n|poke|p1|Incineroar, L50, M|\n|poke|p1|Flutter Mane, L50|\n|poke|p1|Groudon, L50|\n|poke|p1|Rillaboom, L50, M|\n|poke|p1|Calyrex-Ice, L50|\n|poke|p2|Groudon, L50|\n|poke|p2|Lunala, L50|\n|poke|p2|Sableye, L50, F|\n|poke|p2|Chi-Yu, L50|\n|poke|p2|Rillaboom, L50, F|\n|poke|p2|Jumpluff, L50, M|\n|teampreview|4\n|inactive|Battle timer is ON: inactive players will automatically lose when time's up. (requested by gato_can)\n|inactive|Jonen has 60 seconds left.\n|\n|t:|1773569854\n|teamsize|p1|4\n|teamsize|p2|4\n|start\n|switch|p1a: Tornadus|Tornadus, L50, M|100/100\n|switch|p1b: Flutter Mane|Flutter Mane, L50|100/100\n|switch|p2a: Lunala|Lunala, L50|100/100\n|switch|p2b: Sableye|Sableye, L50, F|100/100\n|turn|1\n|\n|t:|1773569870\n|-terastallize|p1b: Flutter Mane|Fairy\n|move|p2a: Lunala|Protect|p2a: Lunala\n|-singleturn|p2a: Lunala|Protect\n|move|p1a: Tornadus|Taunt|p2a: Lunala\n|-activate|p2a: Lunala|move: Protect\n|move|p2b: Sableye|Gravity|p2b: Sableye\n|-fieldstart|move: Gravity\n|move|p1b: Flutter Mane|Dazzling Gleam|p2b: Sableye|[spread] p2b\n|-activate|p2a: Lunala|move: Protect\n|-supereffective|p2b: Sableye\n|-enditem|p2b: Sableye|Focus Sash\n|-damage|p2b: Sableye|1/100\n|\n|upkeep\n|turn|2\n|\n|t:|1773569883\n|move|p1a: Tornadus|Taunt|p2a: Lunala\n|-start|p2a: Lunala|move: Taunt\n|-enditem|p2a: Lunala|Mental Herb\n|-end|p2a: Lunala|move: Taunt\n|move|p2b: Sableye|Quash|p1b: Flutter Mane\n|-activate|p1b: Flutter Mane|move: Quash\n|move|p2a: Lunala|Hypnosis|p1b: Flutter Mane\n|-status|p1b: Flutter Mane|slp|[from] move: Hypnosis\n|cant|p1b: Flutter Mane|slp\n|\n|upkeep\n|turn|3\n|inactive|Jonen has 30 seconds left.\n|\n|t:|1773569910\n|switch|p2b: Groudon|Groudon, L50|100/100\n|-weather|SunnyDay|[from] ability: Drought|[of] p2b: Groudon\n|-activate|p1b: Flutter Mane|ability: Protosynthesis\n|-start|p1b: Flutter Mane|protosynthesisspe\n|move|p1a: Tornadus|Taunt|p2a: Lunala\n|-start|p2a: Lunala|move: Taunt\n|-curestatus|p1b: Flutter Mane|slp|[msg]\n|move|p1b: Flutter Mane|Dazzling Gleam|p2a: Lunala|[spread] p2a,p2b\n|-damage|p2a: Lunala|76/100\n|-damage|p2b: Groudon|30/100\n|move|p2a: Lunala|Moongeist Beam|p1b: Flutter Mane\n|-damage|p1b: Flutter Mane|42/100\n|\n|-weather|SunnyDay|[upkeep]\n|upkeep\n|turn|4\n|\n|t:|1773569926\n|-terastallize|p2b: Groudon|Fire\n|move|p1b: Flutter Mane|Dazzling Gleam|p2b: Groudon|[spread] p2a,p2b\n|-resisted|p2b: Groudon\n|-damage|p2a: Lunala|29/100\n|-damage|p2b: Groudon|0 fnt\n|faint|p2b: Groudon\n|move|p2a: Lunala|Moongeist Beam|p1b: Flutter Mane\n|-damage|p1b: Flutter Mane|0 fnt\n|faint|p1b: Flutter Mane\n|-end|p1b: Flutter Mane|Protosynthesis|[silent]\n|move|p1a: Tornadus|Bleakwind Storm|p2a: Lunala\n|-crit|p2a: Lunala\n|-damage|p2a: Lunala|0 fnt\n|faint|p2a: Lunala\n|\n|-weather|SunnyDay|[upkeep]\n|upkeep\n|\n|t:|1773569935\n|switch|p1b: Calyrex|Calyrex-Ice, L50|100/100\n|switch|p2a: Sableye|Sableye, L50, F|1/100\n|switch|p2b: Chi-Yu|Chi-Yu, L50|100/100\n|-ability|p1b: Calyrex|As One\n|-ability|p1b: Calyrex|Unnerve\n|-ability|p2b: Chi-Yu|Beads of Ruin\n|turn|5\n|\n|t:|1773569951\n|move|p1b: Calyrex|Protect|p1b: Calyrex\n|-singleturn|p1b: Calyrex|Protect\n|move|p1a: Tornadus|Tailwind|p1a: Tornadus\n|-sidestart|p1: gato_can|move: Tailwind\n|move|p2a: Sableye|Quash||[still]\n|-fail|p2a: Sableye\n|move|p2b: Chi-Yu|Heat Wave|p1b: Calyrex|[spread] p1a\n|-activate|p1b: Calyrex|move: Protect\n|-damage|p1a: Tornadus|31/100\n|\n|-weather|SunnyDay|[upkeep]\n|-fieldend|move: Gravity\n|upkeep\n|turn|6\n|\n|t:|1773569967\n|move|p2a: Sableye|Quash|p1b: Calyrex\n|-activate|p1b: Calyrex|move: Quash\n|move|p1a: Tornadus|Bleakwind Storm|p2b: Chi-Yu|[spread] p2a\n|-miss|p1a: Tornadus|p2b: Chi-Yu\n|-crit|p2a: Sableye\n|-damage|p2a: Sableye|0 fnt\n|faint|p2a: Sableye\n|move|p2b: Chi-Yu|Heat Wave|p1a: Tornadus|[spread] p1a,p1b\n|-supereffective|p1b: Calyrex\n|-damage|p1a: Tornadus|0 fnt\n|-damage|p1b: Calyrex|0 fnt\n|faint|p1a: Tornadus\n|faint|p1b: Calyrex\n|\n|-weather|SunnyDay|[upkeep]\n|upkeep\n|\n|t:|1773569978\n|switch|p1a: Incineroar|Incineroar, L50, M|100/100\n|-ability|p1a: Incineroar|Intimidate|boost\n|-unboost|p2b: Chi-Yu|atk|1\n|turn|7\n|\n|t:|1773569983\n|move|p1a: Incineroar|Fake Out|p2b: Chi-Yu\n|-damage|p2b: Chi-Yu|81/100\n|cant|p2b: Chi-Yu|flinch\n|\n|-weather|none\n|upkeep\n|turn|8\n|c|\u2606Jonen|gg\n|\n|t:|1773569992\n|move|p2b: Chi-Yu|Heat Wave|p1a: Incineroar\n|-resisted|p1a: Incineroar\n|-crit|p1a: Incineroar\n|-damage|p1a: Incineroar|53/100\n|move|p1a: Incineroar|Knock Off|p2b: Chi-Yu\n|-resisted|p2b: Chi-Yu\n|-damage|p2b: Chi-Yu|47/100\n|-enditem|p2b: Chi-Yu|Choice Scarf|[from] move: Knock Off|[of] p1a: Incineroar\n|\n|-sideend|p1: gato_can|move: Tailwind\n|upkeep\n|turn|9\n|\n|t:|1773570002\n|move|p2b: Chi-Yu|Fire Blast|p1a: Incineroar|[miss]\n|-miss|p2b: Chi-Yu|p1a: Incineroar\n|move|p1a: Incineroar|Flare Blitz|p2b: Chi-Yu\n|-resisted|p2b: Chi-Yu\n|-damage|p2b: Chi-Yu|6/100\n|-damage|p1a: Incineroar|44/100|[from] Recoil\n|-enditem|p1a: Incineroar|Sitrus Berry|[eat]\n|-heal|p1a: Incineroar|68/100|[from] item: Sitrus Berry\n|\n|upkeep\n|turn|10\n|\n|t:|1773570011\n|move|p2b: Chi-Yu|Fire Blast|p1a: Incineroar\n|-resisted|p1a: Incineroar\n|-damage|p1a: Incineroar|29/100\n|move|p1a: Incineroar|Knock Off|p2b: Chi-Yu\n|-resisted|p2b: Chi-Yu\n|-damage|p2b: Chi-Yu|0 fnt\n|faint|p2b: Chi-Yu\n|\n|win|gato_can\n|raw|gato_can's rating: 1214 &rarr; <strong>1243</strong><br />(+29 for winning)\n|raw|Jonen's rating: 1263 &rarr; <strong>1234</strong><br />(-29 for losing)\n","uploadtime":1773570011,"views":14,"formatid":"gen9vgc2026regi","rating":1234,"private":0,"password":null}