{"id":"gen9vgc2026regi-2567597371","format":"[Gen 9] VGC 2026 Reg I","players":["TheManOfSausage","The Legend SC"],"log":"|j|\u2606TheManOfSausage\n|j|\u2606The Legend SC\n|t:|1774491994\n|gametype|doubles\n|player|p1|TheManOfSausage|265|1455\n|player|p2|The Legend SC|170|1397\n|gen|9\n|tier|[Gen 9] VGC 2026 Reg I\n|rated|\n|rule|Species Clause: Limit one of each Pok\u00e9mon\n|rule|Item Clause: Limit 1 of each item\n|clearpoke\n|poke|p1|Calyrex-Shadow, L50|\n|poke|p1|Miraidon, L50|\n|poke|p1|Clefairy, L50, M|\n|poke|p1|Rillaboom, L50, M|\n|poke|p1|Incineroar, L50, M|\n|poke|p1|Iron Bundle, L50|\n|poke|p2|Groudon, L50|\n|poke|p2|Ho-Oh, L50|\n|poke|p2|Gouging Fire, L50|\n|poke|p2|Flutter Mane, L50|\n|poke|p2|Ogerpon-Cornerstone, L50, F|\n|poke|p2|Farigiraf, L50, F|\n|teampreview|4\n|inactive|Battle timer is ON: inactive players will automatically lose when time's up. (requested by The Legend SC)\n|inactive|The Legend SC has 60 seconds left.\n|\n|t:|1774492029\n|teamsize|p1|4\n|teamsize|p2|4\n|start\n|switch|p1a: Magical Mirai|Miraidon, L50|100/100\n|switch|p1b: Rice Shower|Calyrex-Shadow, L50|100/100\n|switch|p2a: Flutter Mane|Flutter Mane, L50|100/100\n|switch|p2b: Farigiraf|Farigiraf, L50, F|100/100\n|-ability|p1b: Rice Shower|As One\n|-ability|p1b: Rice Shower|Unnerve\n|-fieldstart|move: Electric Terrain|[from] ability: Hadron Engine|[of] p1a: Magical Mirai\n|turn|1\n|inactive|The Legend SC has 30 seconds left.\n|inactive|The Legend SC has 20 seconds left.\n|\n|t:|1774492067\n|-terastallize|p1b: Rice Shower|Fairy\n|move|p1a: Magical Mirai|Volt Switch|p2a: Flutter Mane\n|-damage|p2a: Flutter Mane|27/100\n|\n|t:|1774492071\n|switch|p1a: Incineroar|Incineroar, L50, M, shiny|100/100|[from] Volt Switch\n|-ability|p1a: Incineroar|Intimidate|boost\n|-unboost|p2a: Flutter Mane|atk|1\n|-unboost|p2b: Farigiraf|atk|1\n|move|p1b: Rice Shower|Nasty Plot|p1b: Rice Shower\n|-boost|p1b: Rice Shower|spa|2\n|move|p2a: Flutter Mane|Dazzling Gleam|p1a: Incineroar|[spread] p1a,p1b\n|-damage|p1a: Incineroar|70/100\n|-damage|p1b: Rice Shower|69/100\n|move|p2b: Farigiraf|Trick Room|p2b: Farigiraf\n|-fieldstart|move: Trick Room|[of] p2b: Farigiraf\n|\n|upkeep\n|turn|2\n|inactive|The Legend SC has 30 seconds left.\n|inactive|The Legend SC has 20 seconds left.\n|inactive|The Legend SC has 15 seconds left.\n|\n|t:|1774492113\n|-terastallize|p2a: Flutter Mane|Fairy\n|move|p2b: Farigiraf|Helping Hand|p2a: Flutter Mane\n|-singleturn|p2a: Flutter Mane|Helping Hand|[of] p2b: Farigiraf\n|move|p1a: Incineroar|Parting Shot|p2a: Flutter Mane\n|-unboost|p2a: Flutter Mane|atk|1\n|-unboost|p2a: Flutter Mane|spa|1\n|\n|t:|1774492116\n|switch|p1a: Clefairy|Clefairy, L50, M|100/100|[from] Parting Shot\n|move|p2a: Flutter Mane|Dazzling Gleam|p1a: Clefairy|[spread] p1a,p1b\n|-damage|p1a: Clefairy|66/100\n|-damage|p1b: Rice Shower|39/100\n|move|p1b: Rice Shower|Nasty Plot|p1b: Rice Shower\n|-boost|p1b: Rice Shower|spa|2\n|\n|upkeep\n|turn|3\n|inactive|The Legend SC has 30 seconds left.\n|inactive|The Legend SC has 20 seconds left.\n|inactive|The Legend SC has 15 seconds left.\n|\n|t:|1774492159\n|move|p1a: Clefairy|After You|p1b: Rice Shower\n|-activate|p1b: Rice Shower|move: After You\n|move|p1b: Rice Shower|Draining Kiss|p2b: Farigiraf\n|-damage|p2b: Farigiraf|8/100\n|-heal|p1b: Rice Shower|100/100|[from] drain|[of] p2b: Farigiraf\n|move|p2b: Farigiraf|Imprison|p2b: Farigiraf\n|-start|p2b: Farigiraf|move: Imprison\n|move|p2a: Flutter Mane|Dazzling Gleam|p1a: Clefairy|[spread] p1a,p1b\n|-damage|p1a: Clefairy|44/100\n|-damage|p1b: Rice Shower|79/100\n|\n|upkeep\n|turn|4\n|inactive|The Legend SC has 30 seconds left.\n|\n|t:|1774492185\n|move|p2b: Farigiraf|Helping Hand|p2a: Flutter Mane\n|-singleturn|p2a: Flutter Mane|Helping Hand|[of] p2b: Farigiraf\n|move|p1a: Clefairy|After You|p1b: Rice Shower\n|-activate|p1b: Rice Shower|move: After You\n|move|p1b: Rice Shower|Draining Kiss|p2a: Flutter Mane\n|-crit|p2a: Flutter Mane\n|-damage|p2a: Flutter Mane|0 fnt\n|-heal|p1b: Rice Shower|93/100|[from] drain|[of] p2a: Flutter Mane\n|faint|p2a: Flutter Mane\n|-end|p2a: Flutter Mane|Protosynthesis|[silent]\n|-ability|p1b: Rice Shower|Grim Neigh|boost\n|-boost|p1b: Rice Shower|spa|1\n|\n|upkeep\n|l|\u2606TheManOfSausage\n|inactive|TheManOfSausage disconnected and has a minute to reconnect!\n|player|p1|\n|j|\u2606TheManOfSausage\n|inactive|TheManOfSausage reconnected.\n|player|p1|TheManOfSausage|265|\n|\n|t:|1774492201\n|switch|p2a: Gouging Fire|Gouging Fire, L50|100/100\n|turn|5\n|\n|t:|1774492214\n|move|p2a: Gouging Fire|Burning Bulwark|p2a: Gouging Fire\n|-singleturn|p2a: Gouging Fire|move: Protect\n|move|p1a: Clefairy|After You|p1b: Rice Shower\n|-activate|p1b: Rice Shower|move: After You\n|move|p1b: Rice Shower|Draining Kiss|p2a: Gouging Fire\n|-activate|p2a: Gouging Fire|move: Protect\n|-status|p1b: Rice Shower|brn\n|move|p2b: Farigiraf|Foul Play|p1b: Rice Shower\n|-resisted|p1b: Rice Shower\n|-damage|p1b: Rice Shower|87/100 brn\n|\n|-damage|p1b: Rice Shower|81/100 brn|[from] brn\n|-fieldend|move: Trick Room\n|-fieldend|move: Electric Terrain\n|upkeep\n|turn|6\n|inactive|The Legend SC has 30 seconds left.\n|inactive|The Legend SC has 20 seconds left.\n|\n|t:|1774492252\n|switch|p1a: Incineroar|Incineroar, L50, M, shiny|70/100\n|-ability|p1a: Incineroar|Intimidate|boost\n|-unboost|p2a: Gouging Fire|atk|1\n|-unboost|p2b: Farigiraf|atk|1\n|move|p2b: Farigiraf|Helping Hand|p2a: Gouging Fire\n|-singleturn|p2a: Gouging Fire|Helping Hand|[of] p2b: Farigiraf\n|move|p1b: Rice Shower|Draining Kiss|p2b: Farigiraf\n|-damage|p2b: Farigiraf|0 fnt\n|-heal|p1b: Rice Shower|87/100 brn|[from] drain|[of] p2b: Farigiraf\n|faint|p2b: Farigiraf\n|-ability|p1b: Rice Shower|Grim Neigh|boost\n|-boost|p1b: Rice Shower|spa|1\n|move|p2a: Gouging Fire|Flare Blitz|p1b: Rice Shower\n|-damage|p1b: Rice Shower|34/100 brn\n|-damage|p2a: Gouging Fire|85/100|[from] Recoil\n|\n|-damage|p1b: Rice Shower|28/100 brn|[from] brn\n|upkeep\n|\n|t:|1774492271\n|switch|p2b: Groudon|Groudon, L50|100/100\n|-weather|SunnyDay|[from] ability: Drought|[of] p2b: Groudon\n|-activate|p2a: Gouging Fire|ability: Protosynthesis\n|-start|p2a: Gouging Fire|protosynthesisspe\n|turn|7\n|\n|t:|1774492279\n|move|p2a: Gouging Fire|Burning Bulwark|p2a: Gouging Fire\n|-singleturn|p2a: Gouging Fire|move: Protect\n|move|p2b: Groudon|Protect|p2b: Groudon\n|-singleturn|p2b: Groudon|Protect\n|move|p1a: Incineroar|Fake Out|p2a: Gouging Fire\n|-activate|p2a: Gouging Fire|move: Protect\n|move|p1b: Rice Shower|Astral Barrage|p2b: Groudon|[spread] \n|-activate|p2a: Gouging Fire|move: Protect\n|-activate|p2b: Groudon|move: Protect\n|\n|-weather|SunnyDay|[upkeep]\n|-damage|p1b: Rice Shower|22/100 brn|[from] brn\n|upkeep\n|turn|8\n|\n|t:|1774492303\n|move|p1b: Rice Shower|Protect|p1b: Rice Shower\n|-singleturn|p1b: Rice Shower|Protect\n|move|p2a: Gouging Fire|Flare Blitz|p1b: Rice Shower\n|-activate|p1b: Rice Shower|move: Protect\n|move|p2b: Groudon|Precipice Blades|p1b: Rice Shower|[spread] \n|-activate|p1b: Rice Shower|move: Protect\n|-miss|p2b: Groudon|p1a: Incineroar\n|move|p1a: Incineroar|Parting Shot|p2a: Gouging Fire\n|-unboost|p2a: Gouging Fire|atk|1\n|-unboost|p2a: Gouging Fire|spa|1\n|\n|t:|1774492309\n|switch|p1a: Clefairy|Clefairy, L50, M|44/100|[from] Parting Shot\n|\n|-weather|SunnyDay|[upkeep]\n|-damage|p1b: Rice Shower|16/100 brn|[from] brn\n|upkeep\n|turn|9\n|\n|t:|1774492332\n|move|p2a: Gouging Fire|Burning Bulwark|p2a: Gouging Fire\n|-singleturn|p2a: Gouging Fire|move: Protect\n|move|p2b: Groudon|Protect|p2b: Groudon\n|-singleturn|p2b: Groudon|Protect\n|move|p1a: Clefairy|Follow Me|p1a: Clefairy\n|-singleturn|p1a: Clefairy|move: Follow Me\n|move|p1b: Rice Shower|Astral Barrage|p2a: Gouging Fire|[spread] \n|-activate|p2a: Gouging Fire|move: Protect\n|-activate|p2b: Groudon|move: Protect\n|\n|-weather|SunnyDay|[upkeep]\n|-damage|p1b: Rice Shower|10/100 brn|[from] brn\n|upkeep\n|turn|10\n|inactive|The Legend SC has 30 seconds left.\n|inactive|The Legend SC has 20 seconds left.\n|inactive|The Legend SC has 15 seconds left.\n|\n|t:|1774492373\n|move|p1a: Clefairy|Follow Me|p1a: Clefairy\n|-singleturn|p1a: Clefairy|move: Follow Me\n|move|p2a: Gouging Fire|Flare Blitz|p1a: Clefairy\n|-damage|p1a: Clefairy|7/100\n|-damage|p2a: Gouging Fire|76/100|[from] Recoil\n|move|p1b: Rice Shower|Astral Barrage|p2b: Groudon|[spread] p2a,p2b\n|-damage|p2a: Gouging Fire|0 fnt\n|-damage|p2b: Groudon|0 fnt\n|faint|p2a: Gouging Fire\n|-end|p2a: Gouging Fire|Protosynthesis|[silent]\n|faint|p2b: Groudon\n|\n|win|TheManOfSausage\n|raw|TheManOfSausage's rating: 1455 &rarr; <strong>1472</strong><br />(+17 for winning)\n|raw|The Legend SC's rating: 1397 &rarr; <strong>1380</strong><br />(-17 for losing)\n|c|\u2606TheManOfSausage|gg\n|l|\u2606TheManOfSausage\n|player|p1|\n|l|\u2606The Legend SC\n|player|p2|\n","uploadtime":1774492600,"views":12,"formatid":"gen9vgc2026regi","rating":1380,"private":0,"password":null}