{"id":"gen9vgc2026regi-2565426469","format":"[Gen 9] VGC 2026 Reg I","players":["Aronsan09","Sunny_zong1"],"log":"|j|\u2606Aronsan09\n|j|\u2606Sunny_zong1\n|t:|1774274353\n|gametype|doubles\n|player|p1|Aronsan09|ghetsis-gen5bw|1246\n|player|p2|Sunny_zong1|169|1199\n|gen|9\n|tier|[Gen 9] VGC 2026 Reg I\n|rated|\n|rule|Species Clause: Limit one of each Pok\u00e9mon\n|rule|Item Clause: Limit 1 of each item\n|clearpoke\n|poke|p1|Calyrex-Ice, L50|\n|poke|p1|Ursaluna, L50, F|\n|poke|p1|Farigiraf, L50, F|\n|poke|p1|Rillaboom, L50, F|\n|poke|p1|Annihilape, L50, F|\n|poke|p1|Lunala, L50|\n|poke|p2|Lugia, L50|\n|poke|p2|Flamigo, L50, F|\n|poke|p2|Muk-Alola, L50, M|\n|poke|p2|Calyrex-Shadow, L50|\n|poke|p2|Indeedee, L50, M|\n|poke|p2|Glalie, L50, F|\n|teampreview|4\n|inactive|Battle timer is ON: inactive players will automatically lose when time's up. (requested by Aronsan09)\n|inactive|Aronsan09 has 60 seconds left.\n|inactive|Sunny_zong1 has 60 seconds left.\n|\n|t:|1774274390\n|teamsize|p1|4\n|teamsize|p2|4\n|start\n|switch|p1a: Lunala|Lunala, L50|100/100\n|switch|p1b: Ursaluna|Ursaluna, L50, F|100/100\n|switch|p2a: Muk|Muk-Alola, L50, M|100/100\n|switch|p2b: Glalie|Glalie, L50, F|100/100\n|turn|1\n|\n|t:|1774274414\n|switch|p1b: Calyrex|Calyrex-Ice, L50|100/100\n|-ability|p1b: Calyrex|As One\n|-ability|p1b: Calyrex|Unnerve\n|move|p2b: Glalie|Double Team|p2b: Glalie\n|-boost|p2b: Glalie|evasion|1\n|move|p2a: Muk|Minimize|p2a: Muk\n|-boost|p2a: Muk|evasion|2\n|move|p1a: Lunala|Trick Room|p1a: Lunala\n|-fieldstart|move: Trick Room|[of] p1a: Lunala\n|\n|-ability|p2b: Glalie|Moody|boost\n|-boost|p2b: Glalie|spd|2\n|-unboost|p2b: Glalie|spa|1\n|upkeep\n|turn|2\n|inactive|Sunny_zong1 has 30 seconds left.\n|\n|t:|1774274440\n|move|p2a: Muk|Minimize|p2a: Muk\n|-boost|p2a: Muk|evasion|2\n|move|p1b: Calyrex|Glacial Lance|p2a: Muk|[spread] p2a,p2b\n|-resisted|p2b: Glalie\n|-damage|p2a: Muk|50/100\n|-damage|p2b: Glalie|64/100\n|move|p1a: Lunala|Will-O-Wisp|p2a: Muk|[miss]\n|-miss|p1a: Lunala|p2a: Muk\n|move|p2b: Glalie|Double Team|p2b: Glalie\n|-boost|p2b: Glalie|evasion|1\n|\n|-heal|p2a: Muk|56/100|[from] item: Black Sludge\n|-ability|p2b: Glalie|Moody|boost\n|-boost|p2b: Glalie|spd|2\n|-unboost|p2b: Glalie|spe|1\n|upkeep\n|turn|3\n|inactive|Aronsan09 has 30 seconds left.\n|\n|t:|1774274467\n|move|p2a: Muk|Protect|p2a: Muk\n|-singleturn|p2a: Muk|Protect\n|move|p1b: Calyrex|Glacial Lance|p2b: Glalie|[spread] \n|-activate|p2a: Muk|move: Protect\n|-miss|p1b: Calyrex|p2b: Glalie\n|move|p2b: Glalie|Sheer Cold|p1b: Calyrex\n|-immune|p1b: Calyrex|[ohko]\n|move|p1a: Lunala|Will-O-Wisp|p2a: Muk\n|-activate|p2a: Muk|move: Protect\n|\n|-heal|p2a: Muk|62/100|[from] item: Black Sludge\n|-ability|p2b: Glalie|Moody|boost\n|-boost|p2b: Glalie|spd|2\n|-unboost|p2b: Glalie|spe|1\n|upkeep\n|turn|4\n|\n|t:|1774274477\n|move|p1b: Calyrex|Glacial Lance|p2a: Muk|[spread] p2a,p2b\n|-resisted|p2b: Glalie\n|-damage|p2a: Muk|9/100\n|-damage|p2b: Glalie|32/100\n|move|p2a: Muk|Minimize|p2a: Muk\n|-boost|p2a: Muk|evasion|2\n|move|p2b: Glalie|Sheer Cold|p1b: Calyrex\n|-immune|p1b: Calyrex|[ohko]\n|move|p1a: Lunala|Will-O-Wisp|p2b: Glalie\n|-status|p2b: Glalie|brn\n|\n|-heal|p2a: Muk|15/100|[from] item: Black Sludge\n|-damage|p2b: Glalie|26/100 brn|[from] brn\n|-ability|p2b: Glalie|Moody|boost\n|-boost|p2b: Glalie|def|2\n|-unboost|p2b: Glalie|spe|1\n|upkeep\n|turn|5\n|inactive|Aronsan09 has 30 seconds left.\n|\n|t:|1774274502\n|move|p2a: Muk|Protect|p2a: Muk\n|-singleturn|p2a: Muk|Protect\n|move|p2b: Glalie|Sheer Cold|p1b: Calyrex\n|-immune|p1b: Calyrex|[ohko]\n|move|p1b: Calyrex|Glacial Lance|p2a: Muk|[spread] p2b\n|-activate|p2a: Muk|move: Protect\n|-resisted|p2b: Glalie\n|-damage|p2b: Glalie|10/100 brn\n|move|p1a: Lunala|Will-O-Wisp|p2a: Muk\n|-activate|p2a: Muk|move: Protect\n|\n|-heal|p2a: Muk|21/100|[from] item: Black Sludge\n|-damage|p2b: Glalie|4/100 brn|[from] brn\n|-fieldend|move: Trick Room\n|-ability|p2b: Glalie|Moody|boost\n|-boost|p2b: Glalie|spe|2\n|-unboost|p2b: Glalie|def|1\n|upkeep\n|turn|6\n|\n|t:|1774274524\n|move|p2b: Glalie|Sheer Cold|p1b: Calyrex\n|-immune|p1b: Calyrex|[ohko]\n|move|p1b: Calyrex|Glacial Lance|p2b: Glalie|[spread] p2b\n|-miss|p1b: Calyrex|p2a: Muk\n|-resisted|p2b: Glalie\n|-damage|p2b: Glalie|0 fnt\n|faint|p2b: Glalie\n|-ability|p2a: Muk|Moody|Power of Alchemy|[from] ability: Power of Alchemy|[of] p2b: Glalie\n|-ability|p1b: Calyrex|Chilling Neigh|boost\n|-boost|p1b: Calyrex|atk|1\n|move|p2a: Muk|Rest|p2a: Muk\n|-status|p2a: Muk|slp|[from] move: Rest\n|-heal|p2a: Muk|100/100 slp|[silent]\n|move|p1a: Lunala|Trick Room|p1a: Lunala\n|-fieldstart|move: Trick Room|[of] p1a: Lunala\n|\n|-ability|p2a: Muk|Moody|boost\n|-boost|p2a: Muk|spe|2\n|-unboost|p2a: Muk|def|1\n|upkeep\n|\n|t:|1774274532\n|switch|p2b: Lugia|Lugia, L50|100/100\n|-ability|p2b: Lugia|Pressure\n|turn|7\n|\n|t:|1774274555\n|-terastallize|p2b: Lugia|Normal\n|move|p1b: Calyrex|Glacial Lance|p2a: Muk|[spread] p2b\n|-miss|p1b: Calyrex|p2a: Muk\n|-damage|p2b: Lugia|46/100\n|move|p1a: Lunala|Will-O-Wisp|p2b: Lugia\n|-status|p2b: Lugia|brn\n|move|p2b: Lugia|Psych Up|p2a: Muk\n|-copyboost|p2b: Lugia|p2a: Muk|[from] move: Psych Up\n|cant|p2a: Muk|slp\n|\n|-heal|p2b: Lugia|52/100 brn|[from] item: Leftovers\n|-damage|p2b: Lugia|46/100 brn|[from] brn\n|-ability|p2a: Muk|Moody|boost\n|-boost|p2a: Muk|spa|2\n|-unboost|p2a: Muk|spe|1\n|upkeep\n|turn|8\n|inactive|Aronsan09 has 30 seconds left.\n|inactive|Aronsan09 has 20 seconds left.\n|\n|t:|1774274595\n|move|p1b: Calyrex|Glacial Lance|p2a: Muk|[spread] \n|-miss|p1b: Calyrex|p2a: Muk\n|-miss|p1b: Calyrex|p2b: Lugia\n|cant|p2a: Muk|slp\n|move|p1a: Lunala|Will-O-Wisp||[still]\n|-fail|p1a: Lunala\n|move|p2b: Lugia|Recover|p2b: Lugia\n|-heal|p2b: Lugia|96/100 brn\n|\n|-heal|p2b: Lugia|100/100 brn|[from] item: Leftovers\n|-damage|p2b: Lugia|94/100 brn|[from] brn\n|-ability|p2a: Muk|Moody|boost\n|-boost|p2a: Muk|def|2\n|-unboost|p2a: Muk|spa|1\n|upkeep\n|turn|9\n|inactive|Aronsan09 has 30 seconds left.\n|inactive|Aronsan09 has 20 seconds left.\n|\n|t:|1774274632\n|switch|p1a: Ursaluna|Ursaluna, L50, F|100/100\n|move|p1b: Calyrex|Heavy Slam|p2a: Muk\n|-damage|p2a: Muk|20/100 slp\n|-curestatus|p2a: Muk|slp|[msg]\n|move|p2a: Muk|Poison Jab|p1b: Calyrex\n|-damage|p1b: Calyrex|81/100\n|-status|p1b: Calyrex|psn\n|move|p2b: Lugia|Calm Mind|p2b: Lugia\n|-boost|p2b: Lugia|spa|1\n|-boost|p2b: Lugia|spd|1\n|\n|-heal|p2a: Muk|26/100|[from] item: Black Sludge\n|-heal|p2b: Lugia|100/100 brn|[from] item: Leftovers\n|-damage|p1b: Calyrex|69/100 psn|[from] psn\n|-damage|p2b: Lugia|94/100 brn|[from] brn\n|-status|p1a: Ursaluna|brn|[from] item: Flame Orb\n|-ability|p2a: Muk|Moody|boost\n|-boost|p2a: Muk|spa|2\n|-unboost|p2a: Muk|spd|1\n|upkeep\n|turn|10\n|inactive|Aronsan09 has 30 seconds left.\n|\n|t:|1774274662\n|move|p2a: Muk|Protect|p2a: Muk\n|-singleturn|p2a: Muk|Protect\n|move|p1b: Calyrex|Heavy Slam|p2a: Muk\n|-activate|p2a: Muk|move: Protect\n|move|p1a: Ursaluna|Drain Punch|p2b: Lugia\n|-supereffective|p2b: Lugia\n|-damage|p2b: Lugia|22/100 brn\n|move|p2b: Lugia|Aeroblast|p1b: Calyrex|[miss]\n|-miss|p2b: Lugia|p1b: Calyrex\n|\n|-heal|p2a: Muk|33/100|[from] item: Black Sludge\n|-heal|p2b: Lugia|28/100 brn|[from] item: Leftovers\n|-damage|p1b: Calyrex|57/100 psn|[from] psn\n|-damage|p1a: Ursaluna|94/100 brn|[from] brn\n|-damage|p2b: Lugia|22/100 brn|[from] brn\n|-fieldend|move: Trick Room\n|-ability|p2a: Muk|Moody|boost\n|-boost|p2a: Muk|spe|2\n|-unboost|p2a: Muk|def|1\n|upkeep\n|turn|11\n|\n|t:|1774274681\n|move|p2b: Lugia|Recover|p2b: Lugia\n|-heal|p2b: Lugia|72/100 brn\n|move|p2a: Muk|Rest|p2a: Muk\n|-status|p2a: Muk|slp|[from] move: Rest\n|-heal|p2a: Muk|100/100 slp|[silent]\n|move|p1a: Ursaluna|Drain Punch|p2b: Lugia\n|-supereffective|p2b: Lugia\n|-damage|p2b: Lugia|2/100 brn\n|-heal|p1a: Ursaluna|100/100 brn|[from] drain|[of] p2b: Lugia\n|move|p1b: Calyrex|Heavy Slam|p2a: Muk\n|-damage|p2a: Muk|0 fnt\n|faint|p2a: Muk\n|-ability|p1b: Calyrex|Chilling Neigh|boost\n|-boost|p1b: Calyrex|atk|1\n|\n|-heal|p2b: Lugia|8/100 brn|[from] item: Leftovers\n|-damage|p1b: Calyrex|45/100 psn|[from] psn\n|-damage|p2b: Lugia|2/100 brn|[from] brn\n|-damage|p1a: Ursaluna|94/100 brn|[from] brn\n|upkeep\n|-enditem|p1b: Calyrex|Sitrus Berry|[eat]\n|-heal|p1b: Calyrex|70/100 psn|[from] item: Sitrus Berry\n|\n|t:|1774274683\n|switch|p2a: Flamigo|Flamigo, L50, F|100/100\n|-copyboost|p2a: Flamigo|p2b: Lugia|[from] ability: Costar\n|-enditem|p2a: Flamigo|White Herb\n|-clearnegativeboost|p2a: Flamigo|[silent]\n|turn|12\n|inactive|Aronsan09 has 30 seconds left.\n|inactive|Aronsan09 has 20 seconds left.\n|inactive|Aronsan09 has 15 seconds left.\n|inactive|Aronsan09 has 10 seconds left.\n|\n|t:|1774274728\n|move|p2a: Flamigo|Substitute|p2a: Flamigo\n|-start|p2a: Flamigo|Substitute\n|-damage|p2a: Flamigo|76/100\n|move|p2b: Lugia|Recover|p2b: Lugia\n|-heal|p2b: Lugia|52/100 brn\n|move|p1b: Calyrex|Heavy Slam|p2b: Lugia|[miss]\n|-miss|p1b: Calyrex|p2b: Lugia\n|move|p1a: Ursaluna|Facade|p2a: Flamigo\n|-end|p2a: Flamigo|Substitute\n|\n|-heal|p2b: Lugia|58/100 brn|[from] item: Leftovers\n|-damage|p1b: Calyrex|58/100 psn|[from] psn\n|-damage|p2b: Lugia|52/100 brn|[from] brn\n|-damage|p1a: Ursaluna|88/100 brn|[from] brn\n|upkeep\n|turn|13\n|\n|t:|1774274747\n|move|p2a: Flamigo|Substitute|p2a: Flamigo\n|-start|p2a: Flamigo|Substitute\n|-damage|p2a: Flamigo|51/100\n|move|p2b: Lugia|Recover|p2b: Lugia\n|-heal|p2b: Lugia|100/100 brn\n|move|p1b: Calyrex|Heavy Slam|p2a: Flamigo|[miss]\n|-miss|p1b: Calyrex|p2a: Flamigo\n|move|p1a: Ursaluna|Facade|p2a: Flamigo|[miss]\n|-miss|p1a: Ursaluna|p2a: Flamigo\n|\n|-damage|p1b: Calyrex|45/100 psn|[from] psn\n|-damage|p2b: Lugia|94/100 brn|[from] brn\n|-damage|p1a: Ursaluna|82/100 brn|[from] brn\n|upkeep\n|turn|14\n|\n|t:|1774274771\n|move|p2a: Flamigo|Roost|p2a: Flamigo\n|-heal|p2a: Flamigo|100/100\n|-singleturn|p2a: Flamigo|move: Roost\n|move|p2b: Lugia|Calm Mind|p2b: Lugia\n|-boost|p2b: Lugia|spa|1\n|-boost|p2b: Lugia|spd|1\n|move|p1a: Ursaluna|Facade|p2a: Flamigo|[miss]\n|-miss|p1a: Ursaluna|p2a: Flamigo\n|move|p1b: Calyrex|Heavy Slam|p2a: Flamigo|[miss]\n|-miss|p1b: Calyrex|p2a: Flamigo\n|\n|-heal|p2b: Lugia|100/100 brn|[from] item: Leftovers\n|-damage|p1b: Calyrex|33/100 psn|[from] psn\n|-damage|p2b: Lugia|94/100 brn|[from] brn\n|-damage|p1a: Ursaluna|76/100 brn|[from] brn\n|upkeep\n|turn|15\n|inactive|Aronsan09 has 30 seconds left.\n|\n|t:|1774274800\n|move|p2a: Flamigo|Close Combat|p1a: Ursaluna\n|-supereffective|p1a: Ursaluna\n|-damage|p1a: Ursaluna|0 fnt\n|-unboost|p2a: Flamigo|def|1\n|-unboost|p2a: Flamigo|spd|1\n|faint|p1a: Ursaluna\n|move|p2b: Lugia|Calm Mind|p2b: Lugia\n|-boost|p2b: Lugia|spa|1\n|-boost|p2b: Lugia|spd|1\n|move|p1b: Calyrex|Heavy Slam|p2b: Lugia|[miss]\n|-miss|p1b: Calyrex|p2b: Lugia\n|\n|-heal|p2b: Lugia|100/100 brn|[from] item: Leftovers\n|-damage|p1b: Calyrex|21/100 psn|[from] psn\n|-damage|p2b: Lugia|94/100 brn|[from] brn\n|upkeep\n|-message|Aronsan09 forfeited.\n|\n|win|Sunny_zong1\n|raw|Aronsan09's rating: 1246 &rarr; <strong>1218</strong><br />(-28 for losing)\n|raw|Sunny_zong1's rating: 1199 &rarr; <strong>1227</strong><br />(+28 for winning)\n|l|\u2606Aronsan09\n|player|p1|\n|l|\u2606Sunny_zong1\n|player|p2|\n","uploadtime":1774275021,"views":13,"formatid":"gen9vgc2026regi","rating":1218,"private":0,"password":null}