{"id":"gen9vgc2026regi-2577708136","format":"[Gen 9] VGC 2026 Reg I","players":["jorgeta","KaiMVGC"],"log":"|j|\u2606jorgeta\n|j|\u2606KaiMVGC\n|t:|1775598145\n|gametype|doubles\n|player|p1|jorgeta|hilda|1486\n|player|p2|KaiMVGC|boarder|1548\n|gen|9\n|tier|[Gen 9] VGC 2026 Reg I\n|rated|\n|rule|Species Clause: Limit one of each Pok\u00e9mon\n|rule|Item Clause: Limit 1 of each item\n|clearpoke\n|poke|p1|Lunala, L50|\n|poke|p1|Koraidon, L50|\n|poke|p1|Flutter Mane, L50|\n|poke|p1|Indeedee-F, L50, F|\n|poke|p1|Amoonguss, L50, M|\n|poke|p1|Chi-Yu, L50|\n|poke|p2|Calyrex-Shadow, L50|\n|poke|p2|Zamazenta-*, L50|\n|poke|p2|Rillaboom, L50, F|\n|poke|p2|Raging Bolt, L50|\n|poke|p2|Smeargle, L50, M|\n|poke|p2|Tornadus, L50, M|\n|teampreview|4\n|c|\u2606jorgeta|glhf\n|c|\u2606KaiMVGC|u2\n|\n|t:|1775598162\n|teamsize|p1|4\n|teamsize|p2|4\n|start\n|switch|p1a: Chi-Yu|Chi-Yu, L50|100/100\n|switch|p1b: Koraidon|Koraidon, L50|100/100\n|switch|p2a: Notorious CSR|Calyrex-Shadow, L50|100/100\n|switch|p2b: Dark Void X|Smeargle, L50, M|100/100\n|-ability|p2a: Notorious CSR|As One\n|-ability|p2a: Notorious CSR|Unnerve\n|-ability|p1a: Chi-Yu|Beads of Ruin\n|-weather|SunnyDay|[from] ability: Orichalcum Pulse|[of] p1b: Koraidon\n|-activate|p1b: Koraidon|Orichalcum Pulse|[source]\n|turn|1\n|\n|t:|1775598186\n|switch|p1b: Indeedee|Indeedee-F, L50, F|100/100\n|-fieldstart|move: Psychic Terrain|[from] ability: Psychic Surge|[of] p1b: Indeedee\n|-terastallize|p2a: Notorious CSR|Dark\n|move|p2b: Dark Void X|Fake Out|p1b: Indeedee\n|-activate|p1b: Indeedee|move: Psychic Terrain\n|move|p1a: Chi-Yu|Snarl|p2a: Notorious CSR|[spread] p2a,p2b\n|-resisted|p2a: Notorious CSR\n|-damage|p2a: Notorious CSR|84/100\n|-damage|p2b: Dark Void X|20/100\n|-unboost|p2a: Notorious CSR|spa|1\n|-unboost|p2b: Dark Void X|spa|1\n|move|p2a: Notorious CSR|Nasty Plot|p2a: Notorious CSR\n|-boost|p2a: Notorious CSR|spa|2\n|\n|-weather|SunnyDay|[upkeep]\n|-ability|p2b: Dark Void X|Moody|boost\n|-boost|p2b: Dark Void X|spd|2\n|-unboost|p2b: Dark Void X|spe|1\n|upkeep\n|turn|2\n|\n|t:|1775598200\n|move|p2b: Dark Void X|Wide Guard|p2b: Dark Void X\n|-singleturn|p2b: Dark Void X|Wide Guard\n|move|p1b: Indeedee|Follow Me|p1b: Indeedee\n|-singleturn|p1b: Indeedee|move: Follow Me\n|move|p1a: Chi-Yu|Snarl|p2a: Notorious CSR|[spread] \n|-activate|p2a: Notorious CSR|move: Wide Guard\n|-activate|p2b: Dark Void X|move: Wide Guard\n|move|p2a: Notorious CSR|Astral Barrage|p1a: Chi-Yu|[spread] p1a\n|-immune|p1b: Indeedee\n|-resisted|p1a: Chi-Yu\n|-damage|p1a: Chi-Yu|31/100\n|-damage|p2a: Notorious CSR|75/100|[from] item: Life Orb\n|\n|-weather|SunnyDay|[upkeep]\n|-ability|p2b: Dark Void X|Moody|boost\n|-boost|p2b: Dark Void X|spa|2\n|-unboost|p2b: Dark Void X|atk|1\n|upkeep\n|turn|3\n|\n|t:|1775598216\n|move|p2b: Dark Void X|Wide Guard|p2b: Dark Void X\n|-singleturn|p2b: Dark Void X|Wide Guard\n|move|p1a: Chi-Yu|Snarl|p2a: Notorious CSR|[spread] \n|-activate|p2a: Notorious CSR|move: Wide Guard\n|-activate|p2b: Dark Void X|move: Wide Guard\n|move|p2a: Notorious CSR|Psychic|p1b: Indeedee\n|-resisted|p1b: Indeedee\n|-damage|p1b: Indeedee|8/100\n|-enditem|p1b: Indeedee|Eject Button\n|-damage|p2a: Notorious CSR|65/100|[from] item: Life Orb\n|\n|t:|1775598226\n|switch|p1b: Lunala|Lunala, L50, shiny|100/100\n|\n|-weather|SunnyDay|[upkeep]\n|-ability|p2b: Dark Void X|Moody|boost\n|-boost|p2b: Dark Void X|spd|2\n|-unboost|p2b: Dark Void X|spa|1\n|upkeep\n|turn|4\n|\n|t:|1775598236\n|switch|p1a: Indeedee|Indeedee-F, L50, F|8/100\n|-terastallize|p1b: Lunala|Water\n|move|p2a: Notorious CSR|Protect|p2a: Notorious CSR\n|-singleturn|p2a: Notorious CSR|Protect\n|move|p1b: Lunala|Meteor Beam||[still]\n|-prepare|p1b: Lunala|Meteor Beam\n|-boost|p1b: Lunala|spa|1\n|-enditem|p1b: Lunala|Power Herb\n|-anim|p1b: Lunala|Meteor Beam|p2a: Notorious CSR\n|-activate|p2a: Notorious CSR|move: Protect\n|move|p2b: Dark Void X|Spore|p1b: Lunala\n|-status|p1b: Lunala|slp|[from] move: Spore\n|\n|-weather|SunnyDay|[upkeep]\n|-ability|p2b: Dark Void X|Moody|boost\n|-boost|p2b: Dark Void X|spa|2\n|-unboost|p2b: Dark Void X|spd|1\n|upkeep\n|turn|5\n|j| heybetch\n|\n|t:|1775598254\n|move|p1a: Indeedee|Follow Me|p1a: Indeedee\n|-singleturn|p1a: Indeedee|move: Follow Me\n|move|p2a: Notorious CSR|Astral Barrage|p1a: Indeedee|[spread] p1b\n|-immune|p1a: Indeedee\n|-damage|p1b: Lunala|59/100 slp\n|-damage|p2a: Notorious CSR|56/100|[from] item: Life Orb\n|cant|p1b: Lunala|slp\n|move|p2b: Dark Void X|Spore|p1a: Indeedee\n|-status|p1a: Indeedee|slp|[from] move: Spore\n|\n|-weather|none\n|-fieldend|move: Psychic Terrain\n|-ability|p2b: Dark Void X|Moody|boost\n|-boost|p2b: Dark Void X|spe|2\n|-unboost|p2b: Dark Void X|atk|1\n|upkeep\n|turn|6\n|\n|t:|1775598272\n|move|p2b: Dark Void X|Follow Me|p2b: Dark Void X\n|-singleturn|p2b: Dark Void X|move: Follow Me\n|move|p2a: Notorious CSR|Astral Barrage|p1b: Lunala|[spread] p1b\n|-immune|p1a: Indeedee\n|-damage|p1b: Lunala|0 fnt\n|faint|p1b: Lunala\n|-ability|p2a: Notorious CSR|Grim Neigh|boost\n|-boost|p2a: Notorious CSR|spa|1\n|-damage|p2a: Notorious CSR|46/100|[from] item: Life Orb\n|cant|p1a: Indeedee|slp\n|\n|-ability|p2b: Dark Void X|Moody|boost\n|-boost|p2b: Dark Void X|spd|2\n|-unboost|p2b: Dark Void X|def|1\n|upkeep\n|\n|t:|1775598278\n|switch|p1b: Chi-Yu|Chi-Yu, L50|31/100\n|-ability|p1b: Chi-Yu|Beads of Ruin\n|turn|7\n|\n|t:|1775598289\n|switch|p1a: Koraidon|Koraidon, L50|100/100\n|-weather|SunnyDay|[from] ability: Orichalcum Pulse|[of] p1a: Koraidon\n|-activate|p1a: Koraidon|Orichalcum Pulse|[source]\n|move|p2b: Dark Void X|Follow Me|p2b: Dark Void X\n|-singleturn|p2b: Dark Void X|move: Follow Me\n|move|p1b: Chi-Yu|Overheat|p2b: Dark Void X\n|-damage|p2b: Dark Void X|0 fnt\n|-unboost|p1b: Chi-Yu|spa|2\n|faint|p2b: Dark Void X\n|move|p2a: Notorious CSR|Astral Barrage|p1b: Chi-Yu|[spread] p1a,p1b\n|-crit|p1a: Koraidon\n|-resisted|p1b: Chi-Yu\n|-damage|p1a: Koraidon|0 fnt\n|-damage|p1b: Chi-Yu|0 fnt\n|faint|p1a: Koraidon\n|faint|p1b: Chi-Yu\n|-ability|p2a: Notorious CSR|Grim Neigh|boost\n|-boost|p2a: Notorious CSR|spa|2\n|-damage|p2a: Notorious CSR|36/100|[from] item: Life Orb\n|\n|-weather|SunnyDay|[upkeep]\n|upkeep\n|c|\u2606jorgeta|gg\n|-message|jorgeta forfeited.\n|\n|win|KaiMVGC\n|raw|jorgeta's rating: 1486 &rarr; <strong>1470</strong><br />(-16 for losing)\n|raw|KaiMVGC's rating: 1548 &rarr; <strong>1564</strong><br />(+16 for winning)\n|c|\u2606KaiMVGC|gg\n|l|\u2606jorgeta\n|player|p1|\n|l|\u2606KaiMVGC\n|player|p2|\n","uploadtime":1775598495,"views":8,"formatid":"gen9vgc2026regi","rating":1470,"private":0,"password":null}