{"id":"gen9vgc2026regi-2540803211","format":"[Gen 9] VGC 2026 Reg I","players":["kazu1003","kojimuranishi"],"log":"|j|\u2606kazu1003\n|j|\u2606kojimuranishi\n|t:|1771255661\n|gametype|doubles\n|player|p1|kazu1003|ethan|1560\n|player|p2|kojimuranishi|102|1499\n|gen|9\n|tier|[Gen 9] VGC 2026 Reg I\n|rated|\n|rule|Species Clause: Limit one of each Pok\u00e9mon\n|rule|Item Clause: Limit 1 of each item\n|clearpoke\n|poke|p1|Miraidon, L50|\n|poke|p1|Calyrex-Ice, L50|\n|poke|p1|Incineroar, L50, F|\n|poke|p1|Urshifu-*, L50, M|\n|poke|p1|Whimsicott, L50, M|\n|poke|p1|Volcarona, L50, F|\n|poke|p2|Whimsicott, L50, F|\n|poke|p2|Calyrex-Ice, L50|\n|poke|p2|Miraidon, L50|\n|poke|p2|Chi-Yu, L50|\n|poke|p2|Landorus, L50, M|\n|poke|p2|Iron Hands, L50|\n|teampreview|4\n|inactive|Battle timer is ON: inactive players will automatically lose when time's up. (requested by kazu1003)\n|inactive|kojimuranishi has 60 seconds left.\n|inactive|kojimuranishi has 30 seconds left.\n|\n|t:|1771255727\n|teamsize|p1|4\n|teamsize|p2|4\n|start\n|switch|p1a: Miraidon|Miraidon, L50, shiny|100/100\n|switch|p1b: Whimsicott|Whimsicott, L50, M|100/100\n|switch|p2a: Chi-Yu|Chi-Yu, L50|100/100\n|switch|p2b: Miraidon|Miraidon, L50|100/100\n|-fieldstart|move: Electric Terrain|[from] ability: Hadron Engine|[of] p2b: Miraidon\n|-activate|p1a: Miraidon|ability: Hadron Engine\n|-ability|p2a: Chi-Yu|Beads of Ruin\n|turn|1\n|inactive|kazu1003 has 30 seconds left.\n|inactive|kojimuranishi has 30 seconds left.\n|inactive|kazu1003 has 20 seconds left.\n|inactive|kojimuranishi has 20 seconds left.\n|inactive|kazu1003 has 15 seconds left.\n|\n|t:|1771255768\n|-terastallize|p1a: Miraidon|Electric\n|-terastallize|p2a: Chi-Yu|Ground\n|move|p1b: Whimsicott|Tailwind|p1b: Whimsicott\n|-sidestart|p1: kazu1003|move: Tailwind\n|move|p1a: Miraidon|Electro Drift|p2a: Chi-Yu\n|-immune|p2a: Chi-Yu\n|move|p2b: Miraidon|Volt Switch|p1a: Miraidon\n|-resisted|p1a: Miraidon\n|-damage|p1a: Miraidon|64/100\n|\n|t:|1771255780\n|switch|p2b: Calyrex|Calyrex-Ice, L50|100/100|[from] Volt Switch\n|-ability|p2b: Calyrex|As One\n|-ability|p2b: Calyrex|Unnerve\n|move|p2a: Chi-Yu|Heat Wave|p1a: Miraidon|[spread] p1a,p1b\n|-supereffective|p1b: Whimsicott\n|-damage|p1a: Miraidon|0 fnt\n|-damage|p1b: Whimsicott|0 fnt\n|faint|p1a: Miraidon\n|faint|p1b: Whimsicott\n|\n|upkeep\n|\n|t:|1771255785\n|switch|p1a: Calyrex|Calyrex-Ice, L50|100/100\n|switch|p1b: Urshifu|Urshifu, L50, M|100/100\n|-ability|p1a: Calyrex|As One\n|-ability|p1a: Calyrex|Unnerve\n|turn|2\n|inactive|kojimuranishi has 30 seconds left.\n|\n|t:|1771255815\n|switch|p2a: Iron Hands|Iron Hands, L50|100/100\n|-activate|p2a: Iron Hands|ability: Quark Drive\n|-start|p2a: Iron Hands|quarkdriveatk\n|move|p1b: Urshifu|Wicked Blow|p2b: Calyrex\n|-supereffective|p2b: Calyrex\n|-crit|p2b: Calyrex\n|-damage|p2b: Calyrex|5/100\n|move|p1a: Calyrex|High Horsepower|p2a: Iron Hands\n|-supereffective|p2a: Iron Hands\n|-damage|p2a: Iron Hands|40/100\n|move|p2b: Calyrex|Glacial Lance|p1b: Urshifu|[spread] p1a,p1b\n|-resisted|p1a: Calyrex\n|-damage|p1a: Calyrex|75/100\n|-damage|p1b: Urshifu|17/100\n|\n|upkeep\n|turn|3\n|inactive|kojimuranishi has 30 seconds left.\n|inactive|kojimuranishi has 20 seconds left.\n|inactive|kojimuranishi has 15 seconds left.\n|\n|t:|1771255856\n|move|p1b: Urshifu|Detect|p1b: Urshifu\n|-singleturn|p1b: Urshifu|Protect\n|move|p1a: Calyrex|Protect|p1a: Calyrex\n|-singleturn|p1a: Calyrex|Protect\n|move|p2a: Iron Hands|Fake Out|p1b: Urshifu\n|-activate|p1b: Urshifu|move: Protect\n|move|p2b: Calyrex|Glacial Lance|p1a: Calyrex|[spread] \n|-activate|p1a: Calyrex|move: Protect\n|-activate|p1b: Urshifu|move: Protect\n|\n|upkeep\n|turn|4\n|inactive|kazu1003 has 30 seconds left.\n|inactive|kojimuranishi has 30 seconds left.\n|\n|t:|1771255890\n|move|p1b: Urshifu|Close Combat|p2a: Iron Hands\n|-damage|p2a: Iron Hands|0 fnt\n|-unboost|p1b: Urshifu|def|1\n|-unboost|p1b: Urshifu|spd|1\n|faint|p2a: Iron Hands\n|-end|p2a: Iron Hands|Quark Drive|[silent]\n|move|p2b: Calyrex|Glacial Lance|p1b: Urshifu|[spread] p1a,p1b\n|-resisted|p1a: Calyrex\n|-damage|p1a: Calyrex|51/100\n|-damage|p1b: Urshifu|0 fnt\n|faint|p1b: Urshifu\n|-ability|p2b: Calyrex|Chilling Neigh|boost\n|-boost|p2b: Calyrex|atk|1\n|move|p1a: Calyrex|Trick Room|p1a: Calyrex\n|-fieldstart|move: Trick Room|[of] p1a: Calyrex\n|\n|-sideend|p1: kazu1003|move: Tailwind\n|upkeep\n|\n|t:|1771255907\n|switch|p2a: Miraidon|Miraidon, L50|100/100\n|-activate|p2a: Miraidon|ability: Hadron Engine\n|turn|5\n|\n|t:|1771255914\n|move|p1a: Calyrex|Glacial Lance|p2a: Miraidon|[spread] p2a,p2b\n|-supereffective|p2a: Miraidon\n|-resisted|p2b: Calyrex\n|-damage|p2a: Miraidon|0 fnt\n|-damage|p2b: Calyrex|0 fnt\n|faint|p2a: Miraidon\n|faint|p2b: Calyrex\n|-ability|p1a: Calyrex|Chilling Neigh|boost\n|-boost|p1a: Calyrex|atk|2\n|\n|-fieldend|move: Electric Terrain\n|upkeep\n|-message|kojimuranishi forfeited.\n|\n|win|kazu1003\n|raw|kazu1003's rating: 1560 &rarr; <strong>1577</strong><br />(+17 for winning)\n|raw|kojimuranishi's rating: 1499 &rarr; <strong>1482</strong><br />(-17 for losing)\n|l|\u2606kojimuranishi\n|player|p2|\n|j|\u2606kojimuranishi\n|player|p2|kojimuranishi|102|\n|l|\u2606kojimuranishi\n|player|p2|\n|l|\u2606kazu1003\n|player|p1|\n","uploadtime":1771255921,"views":37,"formatid":"gen9vgc2026regi","rating":1482,"private":0,"password":null}