{"id":"gen9vgc2026regi-2549133531","format":"[Gen 9] VGC 2026 Reg I","players":["BooperDooper16","b3testing"],"log":"|j|\u2606BooperDooper16\n|j|\u2606b3testing\n|t:|1772310247\n|gametype|doubles\n|player|p1|BooperDooper16|grimsley|1071\n|player|p2|b3testing|102|1107\n|gen|9\n|tier|[Gen 9] VGC 2026 Reg I\n|rated|\n|rule|Species Clause: Limit one of each Pok\u00e9mon\n|rule|Item Clause: Limit 1 of each item\n|clearpoke\n|poke|p1|Koraidon, L50|\n|poke|p1|Terapagos, L50, M|\n|poke|p1|Tornadus, L50, M|\n|poke|p1|Amoonguss, L50, M|\n|poke|p1|Flutter Mane, L50|\n|poke|p1|Chi-Yu, L50|\n|poke|p2|Terapagos, L50, M|\n|poke|p2|Calyrex-Shadow, L50|\n|poke|p2|Incineroar, L50, M|\n|poke|p2|Amoonguss, L50, M|\n|poke|p2|Tornadus, L50, M|\n|poke|p2|Smeargle, L50, F|\n|teampreview|4\n|inactive|Battle timer is ON: inactive players will automatically lose when time's up. (requested by b3testing)\n|inactive|BooperDooper16 also wants the timer to be on.\n|inactive|b3testing has 60 seconds left.\n|\n|t:|1772310292\n|teamsize|p1|4\n|teamsize|p2|4\n|start\n|switch|p1a: Dragon Wagon|Koraidon, L50|100/100\n|switch|p1b: Windy Basement|Tornadus, L50, M|100/100\n|switch|p2a: Terapagos|Terapagos, L50, M|100/100\n|switch|p2b: Smeargle|Smeargle, L50, F|100/100\n|-activate|p2a: Terapagos|ability: Tera Shift\n|detailschange|p2a: Terapagos|Terapagos-Terastal, L50, M\n|-heal|p2a: Terapagos|100/100|[silent]\n|-weather|SunnyDay|[from] ability: Orichalcum Pulse|[of] p1a: Dragon Wagon\n|-activate|p1a: Dragon Wagon|Orichalcum Pulse|[source]\n|turn|1\n|\n|t:|1772310316\n|move|p2b: Smeargle|Fake Out|p1a: Dragon Wagon\n|-damage|p1a: Dragon Wagon|95/100\n|move|p1b: Windy Basement|Tailwind|p1b: Windy Basement\n|-sidestart|p1: BooperDooper16|move: Tailwind\n|cant|p1a: Dragon Wagon|flinch\n|move|p2a: Terapagos|Calm Mind|p2a: Terapagos\n|-boost|p2a: Terapagos|spa|1\n|-boost|p2a: Terapagos|spd|1\n|\n|-weather|SunnyDay|[upkeep]\n|-ability|p2b: Smeargle|Moody|boost\n|-boost|p2b: Smeargle|atk|2\n|-unboost|p2b: Smeargle|spe|1\n|upkeep\n|turn|2\n|inactive|b3testing has 30 seconds left.\n|\n|t:|1772310346\n|-terastallize|p2a: Terapagos|Stellar\n|detailschange|p2a: Terapagos|Terapagos-Stellar, L50, M, tera:Stellar\n|-heal|p2a: Terapagos|100/100|[silent]\n|-ability|p2a: Terapagos|Teraform Zero\n|-weather|none\n|move|p2b: Smeargle|Follow Me|p2b: Smeargle\n|-singleturn|p2b: Smeargle|move: Follow Me\n|move|p1b: Windy Basement|Taunt|p2b: Smeargle\n|-start|p2b: Smeargle|move: Taunt\n|move|p1a: Dragon Wagon|Collision Course|p2b: Smeargle\n|-supereffective|p2b: Smeargle\n|-enditem|p2b: Smeargle|Focus Sash\n|-damage|p2b: Smeargle|1/100\n|move|p2a: Terapagos|Tera Starstorm|p1a: Dragon Wagon|[spread] p1a,p1b\n|-damage|p1a: Dragon Wagon|55/100\n|-damage|p1b: Windy Basement|35/100\n|\n|-ability|p2b: Smeargle|Moody|boost\n|-boost|p2b: Smeargle|spa|2\n|-unboost|p2b: Smeargle|spe|1\n|upkeep\n|turn|3\n|inactive|BooperDooper16 has 30 seconds left.\n|inactive|b3testing has 30 seconds left.\n|\n|t:|1772310380\n|switch|p2b: Tornadus|Tornadus, L50, M|100/100\n|move|p2a: Terapagos|Protect|p2a: Terapagos\n|-singleturn|p2a: Terapagos|Protect\n|move|p1b: Windy Basement|Sunny Day|p1b: Windy Basement\n|-weather|SunnyDay\n|move|p1a: Dragon Wagon|Collision Course|p2a: Terapagos\n|-activate|p2a: Terapagos|move: Protect\n|\n|-weather|SunnyDay|[upkeep]\n|upkeep\n|turn|4\n|inactive|b3testing has 30 seconds left.\n|\n|t:|1772310410\n|switch|p2a: Calyrex|Calyrex-Shadow, L50|100/100\n|-ability|p2a: Calyrex|As One\n|-ability|p2a: Calyrex|Unnerve\n|move|p1b: Windy Basement|Taunt|p2b: Tornadus\n|-start|p2b: Tornadus|move: Taunt\n|move|p1a: Dragon Wagon|Collision Course|p2a: Calyrex\n|-immune|p2a: Calyrex\n|move|p2b: Tornadus|Bleakwind Storm|p1b: Windy Basement|[spread] p1a\n|-miss|p2b: Tornadus|p1b: Windy Basement\n|-supereffective|p1a: Dragon Wagon\n|-crit|p1a: Dragon Wagon\n|-damage|p1a: Dragon Wagon|0 fnt\n|faint|p1a: Dragon Wagon\n|\n|-weather|SunnyDay|[upkeep]\n|-sideend|p1: BooperDooper16|move: Tailwind\n|upkeep\n|\n|t:|1772310430\n|switch|p1a: Turtle Blast!|Terapagos, L50, M|100/100\n|-activate|p1a: Turtle Blast!|ability: Tera Shift\n|detailschange|p1a: Turtle Blast!|Terapagos-Terastal, L50, M\n|-heal|p1a: Turtle Blast!|100/100|[silent]\n|turn|5\n|\n|t:|1772310446\n|-terastallize|p1a: Turtle Blast!|Stellar\n|detailschange|p1a: Turtle Blast!|Terapagos-Stellar, L50, M, tera:Stellar\n|-heal|p1a: Turtle Blast!|100/100|[silent]\n|-ability|p1a: Turtle Blast!|Teraform Zero\n|-weather|none\n|move|p1b: Windy Basement|Tailwind|p1b: Windy Basement\n|-sidestart|p1: BooperDooper16|move: Tailwind\n|move|p1a: Turtle Blast!|Tera Starstorm|p2b: Tornadus|[spread] p2a,p2b\n|-damage|p2a: Calyrex|40/100\n|-damage|p2b: Tornadus|38/100\n|move|p2a: Calyrex|Astral Barrage|p1a: Turtle Blast!|[spread] p1b\n|-immune|p1a: Turtle Blast!\n|-damage|p1b: Windy Basement|0 fnt\n|faint|p1b: Windy Basement\n|-ability|p2a: Calyrex|Grim Neigh|boost\n|-boost|p2a: Calyrex|spa|1\n|-damage|p2a: Calyrex|30/100|[from] item: Life Orb\n|move|p2b: Tornadus|Bleakwind Storm|p1a: Turtle Blast!\n|-damage|p1a: Turtle Blast!|57/100\n|\n|upkeep\n|\n|t:|1772310468\n|switch|p1b: FishnessGram\u2122 Test|Chi-Yu, L50|100/100\n|-ability|p1b: FishnessGram\u2122 Test|Beads of Ruin\n|turn|6\n|\n|t:|1772310474\n|switch|p2b: Smeargle|Smeargle, L50, F|1/100\n|move|p2a: Calyrex|Protect|p2a: Calyrex\n|-singleturn|p2a: Calyrex|Protect\n|move|p1b: FishnessGram\u2122 Test|Heat Wave|p2b: Smeargle|[spread] p2b\n|-activate|p2a: Calyrex|move: Protect\n|-damage|p2b: Smeargle|0 fnt\n|faint|p2b: Smeargle\n|move|p1a: Turtle Blast!|Tera Starstorm|p2a: Calyrex\n|-activate|p2a: Calyrex|move: Protect\n|\n|upkeep\n|\n|t:|1772310484\n|switch|p2b: Tornadus|Tornadus, L50, M|38/100\n|turn|7\n|\n|t:|1772310492\n|move|p2b: Tornadus|Tailwind|p2b: Tornadus\n|-sidestart|p2: b3testing|move: Tailwind\n|move|p1b: FishnessGram\u2122 Test|Heat Wave|p2b: Tornadus|[spread] p2a,p2b\n|-damage|p2a: Calyrex|0 fnt\n|-damage|p2b: Tornadus|0 fnt\n|faint|p2a: Calyrex\n|faint|p2b: Tornadus\n|move|p1a: Turtle Blast!|Tera Starstorm|p2: Calyrex|[notarget]\n|-fail|p1a: Turtle Blast!\n|\n|upkeep\n|\n|t:|1772310498\n|switch|p2b: Terapagos|Terapagos-Stellar, L50, M, tera:Stellar|100/100\n|turn|8\n|\n|t:|1772310504\n|move|p2b: Terapagos|Protect|p2b: Terapagos\n|-singleturn|p2b: Terapagos|Protect\n|move|p1b: FishnessGram\u2122 Test|Heat Wave|p2b: Terapagos\n|-activate|p2b: Terapagos|move: Protect\n|move|p1a: Turtle Blast!|Tera Starstorm|p2b: Terapagos\n|-activate|p2b: Terapagos|move: Protect\n|\n|-sideend|p1: BooperDooper16|move: Tailwind\n|upkeep\n|turn|9\n|\n|t:|1772310514\n|move|p2b: Terapagos|Tera Starstorm|p1a: Turtle Blast!|[spread] p1a,p1b\n|-supereffective|p1a: Turtle Blast!\n|-damage|p1a: Turtle Blast!|0 fnt\n|-damage|p1b: FishnessGram\u2122 Test|50/100\n|faint|p1a: Turtle Blast!\n|detailschange|p1: Turtle Blast!|Terapagos, L50, M|[silent]\n|move|p1b: FishnessGram\u2122 Test|Heat Wave|p2b: Terapagos\n|-damage|p2b: Terapagos|56/100\n|\n|upkeep\n|turn|10\n|c|\u2606BooperDooper16|GGs\n|c|\u2606BooperDooper16|That was a good play\n|-message|BooperDooper16 forfeited.\n|\n|win|b3testing\n|raw|BooperDooper16's rating: 1071 &rarr; <strong>1052</strong><br />(-19 for losing)\n|raw|b3testing's rating: 1107 &rarr; <strong>1129</strong><br />(+22 for winning)\n|l|\u2606BooperDooper16\n|player|p1|\n","uploadtime":1772310539,"views":14,"formatid":"gen9vgc2026regi","rating":1052,"private":0,"password":null}