{"id":"gen9vgc2026regi-2563943223","format":"[Gen 9] VGC 2026 Reg I","players":["jyotsha","KaiMVGC"],"log":"|j|\u2606jyotsha\n|j|\u2606KaiMVGC\n|t:|1774089188\n|gametype|doubles\n|player|p1|jyotsha|102|1362\n|player|p2|KaiMVGC|boarder|1361\n|gen|9\n|tier|[Gen 9] VGC 2026 Reg I\n|rated|\n|rule|Species Clause: Limit one of each Pok\u00e9mon\n|rule|Item Clause: Limit 1 of each item\n|clearpoke\n|poke|p1|Reshiram, L50|\n|poke|p1|Koraidon, L50|\n|poke|p1|Rillaboom, L50, F|\n|poke|p1|Farigiraf, L50, M|\n|poke|p1|Urshifu-*, L50, M|\n|poke|p1|Gyarados, L50, F|\n|poke|p2|Calyrex-Shadow, L50|\n|poke|p2|Zamazenta-*, L50|\n|poke|p2|Rillaboom, L50, M|\n|poke|p2|Raging Bolt, L50|\n|poke|p2|Smeargle, L50, M|\n|poke|p2|Incineroar, L50, M|\n|teampreview|4\njyotsha rejected open team sheets.\n|inactive|Battle timer is ON: inactive players will automatically lose when time's up. (requested by jyotsha)\n|\n|t:|1774089207\n|teamsize|p1|4\n|teamsize|p2|4\n|start\n|switch|p1a: Reshiram|Reshiram, L50|100/100\n|switch|p1b: Koraidon|Koraidon, L50|100/100\n|switch|p2a: Incineroar|Incineroar, L50, M|100/100\n|switch|p2b: Smeargle|Smeargle, L50, M|100/100\n|-weather|SunnyDay|[from] ability: Orichalcum Pulse|[of] p1b: Koraidon\n|-activate|p1b: Koraidon|Orichalcum Pulse|[source]\n|-ability|p1a: Reshiram|Turboblaze\n|-ability|p2a: Incineroar|Intimidate|boost\n|-unboost|p1a: Reshiram|atk|1\n|-unboost|p1b: Koraidon|atk|1\n|turn|1\n|\n|t:|1774089231\n|switch|p1b: Farigiraf|Farigiraf, L50, M|100/100\n|move|p2a: Incineroar|Fake Out||[still]\n|cant|p1b: Farigiraf|ability: Armor Tail|Fake Out|[of] p2a: Incineroar\n|move|p2b: Smeargle|Spore|p1a: Reshiram\n|-status|p1a: Reshiram|slp|[from] move: Spore\n|cant|p1a: Reshiram|slp\n|\n|-weather|SunnyDay|[upkeep]\n|-ability|p2b: Smeargle|Moody|boost\n|-boost|p2b: Smeargle|def|2\n|-unboost|p2b: Smeargle|atk|1\n|upkeep\n|turn|2\n|inactive|jyotsha has 30 seconds left.\n|\n|t:|1774089259\n|move|p2b: Smeargle|Spore|p1b: Farigiraf\n|-status|p1b: Farigiraf|slp|[from] move: Spore\n|-curestatus|p1a: Reshiram|slp|[msg]\n|move|p1a: Reshiram|Heat Wave|p2a: Incineroar|[spread] p2a\n|-miss|p1a: Reshiram|p2b: Smeargle\n|-resisted|p2a: Incineroar\n|-damage|p2a: Incineroar|68/100\n|move|p2a: Incineroar|Knock Off|p1b: Farigiraf\n|-supereffective|p1b: Farigiraf\n|-damage|p1b: Farigiraf|34/100 slp\n|-enditem|p1b: Farigiraf|Grassy Seed|[from] move: Knock Off|[of] p2a: Incineroar\n|cant|p1b: Farigiraf|slp\n|\n|-weather|SunnyDay|[upkeep]\n|-ability|p2b: Smeargle|Moody|boost\n|-boost|p2b: Smeargle|spa|2\n|-unboost|p2b: Smeargle|spe|1\n|upkeep\n|turn|3\n|\n|t:|1774089277\n|move|p1a: Reshiram|Heat Wave|p2a: Incineroar|[spread] p2a\n|-miss|p1a: Reshiram|p2b: Smeargle\n|-resisted|p2a: Incineroar\n|-damage|p2a: Incineroar|38/100\n|move|p2b: Smeargle|Spore|p1a: Reshiram\n|-status|p1a: Reshiram|slp|[from] move: Spore\n|move|p2a: Incineroar|Knock Off|p1a: Reshiram\n|-damage|p1a: Reshiram|67/100 slp\n|-enditem|p1a: Reshiram|Assault Vest|[from] move: Knock Off|[of] p2a: Incineroar\n|cant|p1b: Farigiraf|slp\n|\n|-weather|SunnyDay|[upkeep]\n|-ability|p2b: Smeargle|Moody|boost\n|-boost|p2b: Smeargle|spa|2\n|-unboost|p2b: Smeargle|atk|1\n|upkeep\n|turn|4\n|\n|t:|1774089291\n|move|p2b: Smeargle|Wide Guard|p2b: Smeargle\n|-singleturn|p2b: Smeargle|Wide Guard\n|cant|p1a: Reshiram|slp\n|move|p2a: Incineroar|Knock Off|p1b: Farigiraf\n|-supereffective|p1b: Farigiraf\n|-damage|p1b: Farigiraf|0 fnt\n|faint|p1b: Farigiraf\n|\n|-weather|SunnyDay|[upkeep]\n|-ability|p2b: Smeargle|Moody|boost\n|-boost|p2b: Smeargle|atk|2\n|-unboost|p2b: Smeargle|spa|1\n|upkeep\n|\n|t:|1774089304\n|switch|p1b: Koraidon|Koraidon, L50|100/100\n|-activate|p1b: Koraidon|ability: Orichalcum Pulse\n|turn|5\n|inactive|jyotsha has 30 seconds left.\n|\n|t:|1774089337\n|move|p1b: Koraidon|Drain Punch|p2b: Smeargle\n|-supereffective|p2b: Smeargle\n|-enditem|p2b: Smeargle|Focus Sash\n|-damage|p2b: Smeargle|1/100\n|-curestatus|p1a: Reshiram|slp|[msg]\n|move|p1a: Reshiram|Dragon Pulse|p2a: Incineroar\n|-damage|p2a: Incineroar|0 fnt\n|faint|p2a: Incineroar\n|move|p2b: Smeargle|Spore|p1b: Koraidon\n|-status|p1b: Koraidon|slp|[from] move: Spore\n|\n|-weather|none\n|-ability|p2b: Smeargle|Moody|boost\n|-boost|p2b: Smeargle|spa|2\n|-unboost|p2b: Smeargle|def|1\n|upkeep\n|\n|t:|1774089343\n|switch|p2a: Calyrex|Calyrex-Shadow, L50|100/100\n|-ability|p2a: Calyrex|As One\n|-ability|p2a: Calyrex|Unnerve\n|turn|6\n|inactive|jyotsha has 30 seconds left.\n|\n|t:|1774089375\n|move|p2b: Smeargle|Follow Me|p2b: Smeargle\n|-singleturn|p2b: Smeargle|move: Follow Me\n|move|p2a: Calyrex|Nasty Plot|p2a: Calyrex\n|-boost|p2a: Calyrex|spa|2\n|cant|p1b: Koraidon|slp\n|move|p1a: Reshiram|Blue Flare|p2b: Smeargle\n|-damage|p2b: Smeargle|0 fnt\n|faint|p2b: Smeargle\n|\n|upkeep\n|\n|t:|1774089378\n|switch|p2b: Zamazenta|Zamazenta-Crowned, L50|100/100\n|-ability|p2b: Zamazenta|Dauntless Shield|boost\n|-boost|p2b: Zamazenta|def|1\n|turn|7\n|\n|t:|1774089397\n|move|p2b: Zamazenta|Protect|p2b: Zamazenta\n|-singleturn|p2b: Zamazenta|Protect\n|move|p2a: Calyrex|Astral Barrage|p1b: Koraidon|[spread] p1a,p1b\n|-damage|p1a: Reshiram|0 fnt\n|-damage|p1b: Koraidon|0 fnt\n|faint|p1a: Reshiram\n|faint|p1b: Koraidon\n|-ability|p2a: Calyrex|Grim Neigh|boost\n|-boost|p2a: Calyrex|spa|2\n|-damage|p2a: Calyrex|91/100|[from] item: Life Orb\n|\n|upkeep\n|-message|jyotsha forfeited.\n|\n|win|KaiMVGC\n|raw|jyotsha's rating: 1362 &rarr; <strong>1342</strong><br />(-20 for losing)\n|raw|KaiMVGC's rating: 1361 &rarr; <strong>1381</strong><br />(+20 for winning)\n|l|\u2606jyotsha\n|player|p1|\n|l|\u2606KaiMVGC\n|player|p2|\n","uploadtime":1774089598,"views":14,"formatid":"gen9vgc2026regi","rating":1342,"private":0,"password":null}