{"id":"gen9vgc2026regi-2536071578","format":"[Gen 9] VGC 2026 Reg I","players":["SaltyCore69","Cello L."],"log":"|j|\u2606SaltyCore69\n|j|\u2606Cello L.\n|t:|1770651544\n|gametype|doubles\n|player|p1|SaltyCore69|veteran|1300\n|player|p2|Cello L.|psychic-gen4|1438\n|gen|9\n|tier|[Gen 9] VGC 2026 Reg I\n|rated|\n|rule|Species Clause: Limit one of each Pok\u00e9mon\n|rule|Item Clause: Limit 1 of each item\n|clearpoke\n|poke|p1|Kyurem-White, L50|\n|poke|p1|Milotic, L50, M|\n|poke|p1|Ninetales-Alola, L50, M|\n|poke|p1|Lunala, L50|\n|poke|p1|Urshifu-*, L50, F|\n|poke|p1|Indeedee-F, L50, F|\n|poke|p2|Kyogre, L50|\n|poke|p2|Calyrex-Ice, L50|\n|poke|p2|Flutter Mane, L50|\n|poke|p2|Basculegion, L50, M|\n|poke|p2|Amoonguss, L50, F|\n|poke|p2|Grimmsnarl, L50, M|\n|teampreview|4\n|inactive|Battle timer is ON: inactive players will automatically lose when time's up. (requested by SaltyCore69)\n|inactive|SaltyCore69 has 60 seconds left.\n|\n|t:|1770651590\n|teamsize|p1|4\n|teamsize|p2|4\n|start\n|switch|p1a: Milotic|Milotic, L50, M|100/100\n|switch|p1b: Lunala|Lunala, L50|100/100\n|switch|p2a: Calyrex|Calyrex-Ice, L50|100/100\n|switch|p2b: Grimmsnarl|Grimmsnarl, L50, M|100/100\n|-ability|p2a: Calyrex|As One\n|-ability|p2a: Calyrex|Unnerve\n|turn|1\n|inactive|Cello L. has 30 seconds left.\n|inactive|Cello L. has 20 seconds left.\n|inactive|Cello L. has 15 seconds left.\n|\n|t:|1770651632\n|-terastallize|p2a: Calyrex|Fairy\n|move|p2b: Grimmsnarl|Light Screen|p2b: Grimmsnarl\n|-sidestart|p2: Cello L.|move: Light Screen\n|move|p1b: Lunala|Meteor Beam||[still]\n|-prepare|p1b: Lunala|Meteor Beam\n|-boost|p1b: Lunala|spa|1\n|-enditem|p1b: Lunala|Power Herb\n|-anim|p1b: Lunala|Meteor Beam|p2b: Grimmsnarl\n|-damage|p2b: Grimmsnarl|60/100\n|move|p1a: Milotic|Coil|p1a: Milotic\n|-boost|p1a: Milotic|atk|1\n|-boost|p1a: Milotic|def|1\n|-boost|p1a: Milotic|accuracy|1\n|move|p2a: Calyrex|Trick Room|p2a: Calyrex\n|-fieldstart|move: Trick Room|[of] p2a: Calyrex\n|\n|upkeep\n|turn|2\n|inactive|Cello L. has 30 seconds left.\n|\n|t:|1770651657\n|move|p1b: Lunala|Wide Guard|p1b: Lunala\n|-singleturn|p1b: Lunala|Wide Guard\n|move|p2b: Grimmsnarl|Sucker Punch||[still]\n|-fail|p2b: Grimmsnarl\n|move|p2a: Calyrex|Leech Seed|p1a: Milotic\n|-start|p1a: Milotic|move: Leech Seed\n|move|p1a: Milotic|Hypnosis|p2b: Grimmsnarl\n|-status|p2b: Grimmsnarl|slp|[from] move: Hypnosis\n|\n|-damage|p1a: Milotic|88/100|[from] Leech Seed|[of] p2a: Calyrex\n|upkeep\n|turn|3\n|\n|t:|1770651677\n|cant|p2b: Grimmsnarl|slp\n|move|p2a: Calyrex|Leech Seed|p1b: Lunala\n|-start|p1b: Lunala|move: Leech Seed\n|move|p1a: Milotic|Hypnosis|p2a: Calyrex\n|-status|p2a: Calyrex|slp|[from] move: Hypnosis\n|move|p1b: Lunala|Trick Room|p1b: Lunala\n|-fieldend|move: Trick Room\n|\n|-heal|p1a: Milotic|94/100|[from] item: Leftovers\n|-damage|p1b: Lunala|88/100|[from] Leech Seed|[of] p2a: Calyrex\n|-damage|p1a: Milotic|82/100|[from] Leech Seed|[of] p2a: Calyrex\n|upkeep\n|turn|4\n|\n|t:|1770651698\n|-curestatus|p2b: Grimmsnarl|slp|[msg]\n|move|p2b: Grimmsnarl|Sucker Punch|p1b: Lunala\n|-supereffective|p1b: Lunala\n|-damage|p1b: Lunala|0 fnt\n|faint|p1b: Lunala\n|move|p1a: Milotic|Life Dew|p1a: Milotic\n|-heal|p1a: Milotic|100/100\n|cant|p2a: Calyrex|slp\n|\n|-damage|p1a: Milotic|88/100|[from] Leech Seed|[of] p2a: Calyrex\n|upkeep\n|\n|t:|1770651712\n|switch|p1b: Urshifu|Urshifu, L50, F|100/100\n|turn|5\n|\n|t:|1770651725\n|switch|p1b: Kyurem|Kyurem-White, L50|100/100\n|-ability|p1b: Kyurem|Turboblaze\n|move|p2b: Grimmsnarl|Reflect|p2b: Grimmsnarl\n|-sidestart|p2: Cello L.|Reflect\n|move|p1a: Milotic|Hypnosis|p2b: Grimmsnarl|[miss]\n|-miss|p1a: Milotic|p2b: Grimmsnarl\n|cant|p2a: Calyrex|slp\n|\n|-heal|p1a: Milotic|94/100|[from] item: Leftovers\n|-damage|p1a: Milotic|82/100|[from] Leech Seed|[of] p2a: Calyrex\n|upkeep\n|turn|6\n|inactive|Cello L. has 30 seconds left.\n|inactive|Cello L. has 20 seconds left.\n|\n|t:|1770651761\n|switch|p1b: Urshifu|Urshifu, L50, F|100/100\n|move|p1a: Milotic|Hypnosis|p2b: Grimmsnarl\n|-status|p2b: Grimmsnarl|slp|[from] move: Hypnosis\n|cant|p2b: Grimmsnarl|slp\n|-curestatus|p2a: Calyrex|slp|[msg]\n|move|p2a: Calyrex|Glacial Lance|p1a: Milotic|[spread] p1a,p1b\n|-resisted|p1a: Milotic\n|-damage|p1a: Milotic|64/100\n|-damage|p1b: Urshifu|48/100\n|\n|-heal|p1a: Milotic|70/100|[from] item: Leftovers\n|-damage|p1a: Milotic|57/100|[from] Leech Seed|[of] p2a: Calyrex\n|upkeep\n|turn|7\n|\n|t:|1770651783\n|switch|p1b: Kyurem|Kyurem-White, L50|100/100\n|-ability|p1b: Kyurem|Turboblaze\n|move|p1a: Milotic|Hypnosis|p2a: Calyrex\n|-status|p2a: Calyrex|slp|[from] move: Hypnosis\n|cant|p2b: Grimmsnarl|slp\n|cant|p2a: Calyrex|slp\n|\n|-heal|p1a: Milotic|63/100|[from] item: Leftovers\n|-damage|p1a: Milotic|51/100|[from] Leech Seed|[of] p2a: Calyrex\n|upkeep\n|turn|8\n|\n|t:|1770651800\n|-terastallize|p1b: Kyurem|Fire\n|move|p1b: Kyurem|Fusion Flare|p2b: Grimmsnarl\n|-damage|p2b: Grimmsnarl|22/100 slp\n|move|p1a: Milotic|Life Dew||[still]|[spread] p1a,p1b\n|-heal|p1a: Milotic|76/100\n|-fail|p1b: Kyurem|heal\n|cant|p2b: Grimmsnarl|slp\n|-curestatus|p2a: Calyrex|slp|[msg]\n|move|p2a: Calyrex|Glacial Lance|p1b: Kyurem|[spread] p1a,p1b\n|-resisted|p1a: Milotic\n|-resisted|p1b: Kyurem\n|-damage|p1a: Milotic|58/100\n|-damage|p1b: Kyurem|76/100\n|\n|-heal|p1a: Milotic|64/100|[from] item: Leftovers\n|-damage|p1a: Milotic|51/100|[from] Leech Seed|[of] p2a: Calyrex\n|-sideend|p2: Cello L.|move: Light Screen\n|upkeep\n|turn|9\n|inactive|Cello L. has 30 seconds left.\n|\n|t:|1770651827\n|move|p2a: Calyrex|Protect|p2a: Calyrex\n|-singleturn|p2a: Calyrex|Protect\n|-curestatus|p2b: Grimmsnarl|slp|[msg]\n|move|p2b: Grimmsnarl|Light Screen|p2b: Grimmsnarl\n|-sidestart|p2: Cello L.|move: Light Screen\n|move|p1b: Kyurem|Fusion Flare|p2b: Grimmsnarl\n|-damage|p2b: Grimmsnarl|0 fnt\n|faint|p2b: Grimmsnarl\n|move|p1a: Milotic|Hypnosis|p2a: Calyrex\n|-activate|p2a: Calyrex|move: Protect\n|\n|-heal|p1a: Milotic|57/100|[from] item: Leftovers\n|-damage|p1a: Milotic|45/100|[from] Leech Seed|[of] p2a: Calyrex\n|upkeep\n|\n|t:|1770651840\n|switch|p2b: Basculegion|Basculegion, L50, M|100/100\n|turn|10\n|\n|t:|1770651845\n|switch|p1b: Urshifu|Urshifu, L50, F|48/100\n|switch|p2a: Kyogre|Kyogre, L50|100/100\n|-weather|RainDance|[from] ability: Drizzle|[of] p2a: Kyogre\n|move|p2b: Basculegion|Wave Crash|p1b: Urshifu\n|-damage|p1b: Urshifu|0 fnt\n|faint|p1b: Urshifu\n|-damage|p2b: Basculegion|88/100|[from] Recoil\n|-damage|p2b: Basculegion|78/100|[from] item: Life Orb\n|move|p1a: Milotic|Hypnosis|p2a: Kyogre\n|-status|p2a: Kyogre|slp|[from] move: Hypnosis\n|\n|-weather|RainDance|[upkeep]\n|-heal|p1a: Milotic|51/100|[from] item: Leftovers\n|-damage|p1a: Milotic|39/100|[from] Leech Seed|[of] p2a: Kyogre\n|upkeep\n|\n|t:|1770651861\n|switch|p1b: Kyurem|Kyurem-White, L50, tera:Fire|76/100\n|-ability|p1b: Kyurem|Turboblaze\n|turn|11\n|\n|t:|1770651870\n|move|p2b: Basculegion|Last Respects|p1a: Milotic\n|-damage|p1a: Milotic|0 fnt\n|faint|p1a: Milotic\n|-damage|p2b: Basculegion|68/100|[from] item: Life Orb\n|cant|p2a: Kyogre|slp\n|move|p1b: Kyurem|Freeze-Dry|p2a: Kyogre\n|-supereffective|p2a: Kyogre\n|-damage|p2a: Kyogre|56/100 slp\n|\n|-weather|RainDance|[upkeep]\n|upkeep\n|turn|12\n|-message|SaltyCore69 forfeited.\n|\n|win|Cello L.\n|raw|SaltyCore69's rating: 1300 &rarr; <strong>1284</strong><br />(-16 for losing)\n|raw|Cello L.'s rating: 1438 &rarr; <strong>1450</strong><br />(+12 for winning)\n|l|\u2606SaltyCore69\n|player|p1|\n|l|\u2606Cello L.\n|player|p2|\n","uploadtime":1770652020,"views":14,"formatid":"gen9vgc2026regi","rating":1284,"private":0,"password":null}