{"id":"gen9vgc2026regi-2515185404","format":"[Gen 9] VGC 2026 Reg I","players":["dasabe\u76d6\u6b27\u5361\u4fa0","ted7106061408"],"log":"|j|\u2606dasabe\u76d6\u6b27\u5361\u4fa0\n|j|\u2606ted7106061408\n|t:|1767965530\n|gametype|doubles\n|player|p1|dasabe\u76d6\u6b27\u5361\u4fa0|may-masters4|1396\n|player|p2|ted7106061408|1|1328\n|gen|9\n|tier|[Gen 9] VGC 2026 Reg I\n|rated|\n|rule|Species Clause: Limit one of each Pok\u00e9mon\n|rule|Item Clause: Limit 1 of each item\n|clearpoke\n|poke|p1|Kyogre, L50|\n|poke|p1|Miraidon, L50|\n|poke|p1|Whimsicott, L50, F|\n|poke|p1|Iron Hands, L50|\n|poke|p1|Farigiraf, L50, F|\n|poke|p1|Urshifu-*, L50, M|\n|poke|p2|Calyrex-Shadow, L50|\n|poke|p2|Zamazenta-*, L50|\n|poke|p2|Chien-Pao, L50|\n|poke|p2|Dragonite, L50, M|\n|poke|p2|Raging Bolt, L50|\n|poke|p2|Amoonguss, L50, F|\n|teampreview|4\n|inactive|Battle timer is ON: inactive players will automatically lose when time's up. (requested by ted7106061408)\n|\n|t:|1767965539\n|teamsize|p1|4\n|teamsize|p2|4\n|start\n|switch|p1a: \u5996\u820d\u7cbe\u62c9|Whimsicott, L50, F, shiny|100/100\n|switch|p1b: \u94f6\u91d1\u5996\u86c7|Miraidon, L50, shiny|100/100\n|switch|p2a: Verizon|Amoonguss, L50, F|100/100\n|switch|p2b: Arlie|Chien-Pao, L50|100/100\n|-ability|p2b: Arlie|Sword of Ruin\n|-fieldstart|move: Electric Terrain|[from] ability: Hadron Engine|[of] p1b: \u94f6\u91d1\u5996\u86c7\n|turn|1\n|\n|t:|1767965563\n|move|p1b: \u94f6\u91d1\u5996\u86c7|Protect|p1b: \u94f6\u91d1\u5996\u86c7\n|-singleturn|p1b: \u94f6\u91d1\u5996\u86c7|Protect\n|move|p2b: Arlie|Ice Spinner|p1b: \u94f6\u91d1\u5996\u86c7\n|-activate|p1b: \u94f6\u91d1\u5996\u86c7|move: Protect\n|move|p1a: \u5996\u820d\u7cbe\u62c9|Moonblast|p2b: Arlie\n|-supereffective|p2b: Arlie\n|-damage|p2b: Arlie|35/100\n|-unboost|p2b: Arlie|spa|1\n|move|p2a: Verizon|Spore|p1b: \u94f6\u91d1\u5996\u86c7\n|-activate|p1b: \u94f6\u91d1\u5996\u86c7|move: Protect\n|\n|upkeep\n|turn|2\n|\n|t:|1767965571\n|-terastallize|p1b: \u94f6\u91d1\u5996\u86c7|Fairy\n|move|p1a: \u5996\u820d\u7cbe\u62c9|Tailwind|p1a: \u5996\u820d\u7cbe\u62c9\n|-sidestart|p1: dasabe\u76d6\u6b27\u5361\u4fa0|move: Tailwind\n|move|p1b: \u94f6\u91d1\u5996\u86c7|Dazzling Gleam|p2a: Verizon|[spread] p2a,p2b\n|-resisted|p2a: Verizon\n|-supereffective|p2b: Arlie\n|-damage|p2a: Verizon|78/100\n|-damage|p2b: Arlie|0 fnt\n|faint|p2b: Arlie\n|-damage|p1b: \u94f6\u91d1\u5996\u86c7|91/100|[from] item: Life Orb\n|move|p2a: Verizon|Spore|p1b: \u94f6\u91d1\u5996\u86c7\n|-activate|p1b: \u94f6\u91d1\u5996\u86c7|move: Electric Terrain\n|\n|upkeep\n|\n|t:|1767965582\n|switch|p2b: protec|Zamazenta-Crowned, L50|100/100\n|-ability|p2b: protec|Dauntless Shield|boost\n|-boost|p2b: protec|def|1\n|turn|3\n|\n|t:|1767965593\n|move|p1a: \u5996\u820d\u7cbe\u62c9|Endeavor|p2b: protec\n|-damage|p2b: protec|61/100\n|move|p1b: \u94f6\u91d1\u5996\u86c7|Draco Meteor|p2a: Verizon\n|-damage|p2a: Verizon|0 fnt\n|-unboost|p1b: \u94f6\u91d1\u5996\u86c7|spa|2\n|faint|p2a: Verizon\n|-damage|p1b: \u94f6\u91d1\u5996\u86c7|81/100|[from] item: Life Orb\n|move|p2b: protec|Heavy Slam|p1b: \u94f6\u91d1\u5996\u86c7\n|-supereffective|p1b: \u94f6\u91d1\u5996\u86c7\n|-damage|p1b: \u94f6\u91d1\u5996\u86c7|23/100\n|\n|upkeep\n|\n|t:|1767965605\n|switch|p2a: PinkPonyClub|Calyrex-Shadow, L50|100/100\n|-ability|p2a: PinkPonyClub|As One\n|-ability|p2a: PinkPonyClub|Unnerve\n|turn|4\n|\n|t:|1767965616\n|-terastallize|p2a: PinkPonyClub|Ghost\n|move|p1a: \u5996\u820d\u7cbe\u62c9|Moonblast|p2a: PinkPonyClub\n|-damage|p2a: PinkPonyClub|64/100\n|move|p1b: \u94f6\u91d1\u5996\u86c7|Electro Drift|p2a: PinkPonyClub\n|-damage|p2a: PinkPonyClub|0 fnt\n|faint|p2a: PinkPonyClub\n|-damage|p1b: \u94f6\u91d1\u5996\u86c7|13/100|[from] item: Life Orb\n|move|p2b: protec|Heavy Slam|p1a: \u5996\u820d\u7cbe\u62c9\n|-supereffective|p1a: \u5996\u820d\u7cbe\u62c9\n|-enditem|p1a: \u5996\u820d\u7cbe\u62c9|Focus Sash\n|-damage|p1a: \u5996\u820d\u7cbe\u62c9|1/100\n|\n|upkeep\n|turn|5\n|-message|ted7106061408 forfeited.\n|\n|win|dasabe\u76d6\u6b27\u5361\u4fa0\n|raw|dasabe\u76d6\u6b27\u5361\u4fa0's rating: 1396 &rarr; <strong>1412</strong><br />(+16 for winning)\n|raw|ted7106061408's rating: 1328 &rarr; <strong>1312</strong><br />(-16 for losing)\n|l|\u2606ted7106061408\n|player|p2|\n|l|\u2606dasabe\u76d6\u6b27\u5361\u4fa0\n|player|p1|\n","uploadtime":1767965805,"views":14,"formatid":"gen9vgc2026regi","rating":1312,"private":0,"password":null}