{"id":"gen9vgc2026regi-2563329973","format":"[Gen 9] VGC 2026 Reg I","players":["Mirthinion","lokithered"],"log":"|j|\u2606Mirthinion\n|j|\u2606lokithered\n|t:|1774016915\n|gametype|doubles\n|player|p1|Mirthinion|janitor|1343\n|player|p2|lokithered|265|1378\n|gen|9\n|tier|[Gen 9] VGC 2026 Reg I\n|rated|\n|rule|Species Clause: Limit one of each Pok\u00e9mon\n|rule|Item Clause: Limit 1 of each item\n|clearpoke\n|poke|p1|Calyrex-Shadow, L50|\n|poke|p1|Zamazenta-*, L50|\n|poke|p1|Urshifu-*, L50, M|\n|poke|p1|Incineroar, L50, M|\n|poke|p1|Rillaboom, L50, M|\n|poke|p1|Tornadus, L50, M|\n|poke|p2|Calyrex-Ice, L50|\n|poke|p2|Terapagos, L50, M|\n|poke|p2|Farigiraf, L50, F|\n|poke|p2|Torkoal, L50, F|\n|poke|p2|Iron Hands, L50|\n|poke|p2|Urshifu-*, L50, F|\n|teampreview|4\n|inactive|Battle timer is ON: inactive players will automatically lose when time's up. (requested by Mirthinion)\nMirthinion rejected open team sheets.\n|inactive|Mirthinion has 60 seconds left.\n|\n|t:|1774016953\n|teamsize|p1|4\n|teamsize|p2|4\n|start\n|switch|p1a: Drambor|Zamazenta-Crowned, L50|100/100\n|switch|p1b: Beowulf|Urshifu-Rapid-Strike, L50, M|100/100\n|switch|p2a: Farigiraf|Farigiraf, L50, F|100/100\n|switch|p2b: Urshifu|Urshifu, L50, F|100/100\n|-ability|p1a: Drambor|Dauntless Shield|boost\n|-boost|p1a: Drambor|def|1\n|turn|1\n|\n|t:|1774016976\n|-terastallize|p1a: Drambor|Grass\n|move|p1a: Drambor|Body Press|p2b: Urshifu\n|-supereffective|p2b: Urshifu\n|-enditem|p2b: Urshifu|Focus Sash\n|-damage|p2b: Urshifu|1/100\n|move|p1b: Beowulf|U-turn|p2b: Urshifu\n|-damage|p2b: Urshifu|0 fnt\n|faint|p2b: Urshifu\n|\n|t:|1774016986\n|switch|p1b: Wolfgang|Incineroar, L50, M|100/100|[from] U-turn\n|-ability|p1b: Wolfgang|Intimidate|boost\n|-unboost|p2a: Farigiraf|atk|1\n|move|p2a: Farigiraf|Trick Room|p2a: Farigiraf\n|-fieldstart|move: Trick Room|[of] p2a: Farigiraf\n|\n|upkeep\n|\n|t:|1774016994\n|switch|p2b: Terapagos|Terapagos, L50, M|100/100\n|-activate|p2b: Terapagos|ability: Tera Shift\n|detailschange|p2b: Terapagos|Terapagos-Terastal, L50, M\n|-heal|p2b: Terapagos|100/100|[silent]\n|turn|2\n|\n|t:|1774017004\n|move|p1a: Drambor|Protect|p1a: Drambor\n|-singleturn|p1a: Drambor|Protect\n|move|p2a: Farigiraf|Hyper Voice|p1b: Wolfgang|[spread] p1b\n|-activate|p1a: Drambor|move: Protect\n|-damage|p1b: Wolfgang|84/100\n|-enditem|p2a: Farigiraf|Throat Spray\n|-boost|p2a: Farigiraf|spa|1|[from] item: Throat Spray\n|move|p1b: Wolfgang|Parting Shot|p2b: Terapagos\n|-unboost|p2b: Terapagos|atk|1\n|-unboost|p2b: Terapagos|spa|1\n|\n|t:|1774017017\n|switch|p1b: Vangwe|Tornadus, L50, M|100/100|[from] Parting Shot\n|move|p2b: Terapagos|Calm Mind|p2b: Terapagos\n|-boost|p2b: Terapagos|spa|1\n|-boost|p2b: Terapagos|spd|1\n|\n|upkeep\n|turn|3\n|\n|t:|1774017035\n|move|p1a: Drambor|Wide Guard|p1a: Drambor\n|-singleturn|p1a: Drambor|Wide Guard\n|move|p2a: Farigiraf|Hyper Voice|p1a: Drambor|[spread] \n|-activate|p1a: Drambor|move: Wide Guard\n|-activate|p1b: Vangwe|move: Wide Guard\n|move|p2b: Terapagos|Calm Mind|p2b: Terapagos\n|-boost|p2b: Terapagos|spa|1\n|-boost|p2b: Terapagos|spd|1\n|move|p1b: Vangwe|Bleakwind Storm|p2a: Farigiraf|[spread] p2a,p2b\n|-activate|p2b: Terapagos|ability: Tera Shell\n|-resisted|p2b: Terapagos\n|-damage|p2a: Farigiraf|75/100\n|-damage|p2b: Terapagos|94/100\n|-unboost|p2a: Farigiraf|spe|1\n|\n|-heal|p2b: Terapagos|99/100|[from] item: Leftovers\n|upkeep\n|turn|4\n|\n|t:|1774017056\n|switch|p1b: Wolfgang|Incineroar, L50, M|84/100\n|-ability|p1b: Wolfgang|Intimidate|boost\n|-unboost|p2a: Farigiraf|atk|1\n|-unboost|p2b: Terapagos|atk|1\n|move|p2b: Terapagos|Protect|p2b: Terapagos\n|-singleturn|p2b: Terapagos|Protect\n|move|p2a: Farigiraf|Hyper Voice|p1a: Drambor|[spread] p1a,p1b\n|-damage|p1a: Drambor|69/100\n|-damage|p1b: Wolfgang|57/100\n|move|p1a: Drambor|Body Press|p2b: Terapagos\n|-activate|p2b: Terapagos|move: Protect\n|\n|-heal|p2b: Terapagos|100/100|[from] item: Leftovers\n|upkeep\n|turn|5\n|\n|t:|1774017075\n|move|p1a: Drambor|Wide Guard|p1a: Drambor\n|-singleturn|p1a: Drambor|Wide Guard\n|move|p2a: Farigiraf|Hyper Voice|p1a: Drambor|[spread] \n|-activate|p1a: Drambor|move: Wide Guard\n|-activate|p1b: Wolfgang|move: Wide Guard\n|move|p1b: Wolfgang|Parting Shot|p2b: Terapagos\n|-unboost|p2b: Terapagos|atk|1\n|-unboost|p2b: Terapagos|spa|1\n|\n|t:|1774017084\n|switch|p1b: Beowulf|Urshifu-Rapid-Strike, L50, M|100/100|[from] Parting Shot\n|move|p2b: Terapagos|Earth Power|p1b: Beowulf\n|-damage|p1b: Beowulf|54/100\n|-unboost|p1b: Beowulf|spd|1\n|\n|-fieldend|move: Trick Room\n|upkeep\n|turn|6\n|inactive|lokithered has 30 seconds left.\n|\n|t:|1774017110\n|move|p2a: Farigiraf|Ally Switch|p2a: Farigiraf\n|swap|p2a: Farigiraf|1|[from] move: Ally Switch\n|move|p1a: Drambor|Body Press|p2b: Farigiraf\n|-damage|p2b: Farigiraf|3/100\n|move|p1b: Beowulf|Close Combat|p2b: Farigiraf\n|-damage|p2b: Farigiraf|0 fnt\n|-unboost|p1b: Beowulf|def|1\n|-unboost|p1b: Beowulf|spd|1\n|faint|p2b: Farigiraf\n|move|p2a: Terapagos|Tera Starstorm|p1b: Beowulf\n|-damage|p1b: Beowulf|0 fnt\n|faint|p1b: Beowulf\n|\n|upkeep\n|\n|t:|1774017124\n|switch|p1b: Vangwe|Tornadus, L50, M|100/100\n|switch|p2b: Calyrex|Calyrex-Ice, L50|100/100\n|-ability|p2b: Calyrex|As One\n|-ability|p2b: Calyrex|Unnerve\n|turn|7\n|\n|t:|1774017135\n|move|p2a: Terapagos|Protect|p2a: Terapagos\n|-singleturn|p2a: Terapagos|Protect\n|move|p1a: Drambor|Wide Guard|p1a: Drambor\n|-singleturn|p1a: Drambor|Wide Guard\n|move|p1b: Vangwe|Taunt|p2a: Terapagos\n|-activate|p2a: Terapagos|move: Protect\n|move|p2b: Calyrex|Trick Room|p2b: Calyrex\n|-fieldstart|move: Trick Room|[of] p2b: Calyrex\n|\n|upkeep\n|turn|8\n|\n|t:|1774017150\n|move|p1a: Drambor|Wide Guard|p1a: Drambor\n|-singleturn|p1a: Drambor|Wide Guard\n|move|p2b: Calyrex|Glacial Lance|p1b: Vangwe|[spread] \n|-activate|p1a: Drambor|move: Wide Guard\n|-activate|p1b: Vangwe|move: Wide Guard\n|move|p2a: Terapagos|Calm Mind|p2a: Terapagos\n|-boost|p2a: Terapagos|spa|1\n|-boost|p2a: Terapagos|spd|1\n|move|p1b: Vangwe|Bleakwind Storm|p2a: Terapagos|[spread] p2a,p2b\n|-activate|p2a: Terapagos|ability: Tera Shell\n|-resisted|p2a: Terapagos\n|-crit|p2a: Terapagos\n|-damage|p2a: Terapagos|79/100\n|-damage|p2b: Calyrex|77/100\n|-unboost|p2a: Terapagos|spe|1\n|\n|-heal|p2a: Terapagos|85/100|[from] item: Leftovers\n|upkeep\n|turn|9\n|\n|t:|1774017168\n|switch|p1b: Wolfgang|Incineroar, L50, M|57/100\n|-ability|p1b: Wolfgang|Intimidate|boost\n|-unboost|p2a: Terapagos|atk|1\n|-unboost|p2b: Calyrex|atk|1\n|move|p1a: Drambor|Wide Guard|p1a: Drambor\n|-singleturn|p1a: Drambor|Wide Guard\n|move|p2b: Calyrex|Glacial Lance|p1b: Wolfgang|[spread] \n|-activate|p1a: Drambor|move: Wide Guard\n|-activate|p1b: Wolfgang|move: Wide Guard\n|move|p2a: Terapagos|Tera Starstorm|p1b: Wolfgang\n|-damage|p1b: Wolfgang|0 fnt\n|faint|p1b: Wolfgang\n|\n|-heal|p2a: Terapagos|91/100|[from] item: Leftovers\n|upkeep\n|\n|t:|1774017182\n|switch|p1b: Vangwe|Tornadus, L50, M|100/100\n|turn|10\n|\n|t:|1774017194\n|move|p1a: Drambor|Wide Guard|p1a: Drambor\n|-singleturn|p1a: Drambor|Wide Guard\n|move|p1b: Vangwe|Taunt|p2a: Terapagos\n|-start|p2a: Terapagos|move: Taunt\n|move|p2b: Calyrex|Glacial Lance|p1b: Vangwe|[spread] \n|-activate|p1a: Drambor|move: Wide Guard\n|-activate|p1b: Vangwe|move: Wide Guard\n|move|p2a: Terapagos|Tera Starstorm|p1b: Vangwe\n|-damage|p1b: Vangwe|11/100\n|\n|-heal|p2a: Terapagos|97/100|[from] item: Leftovers\n|upkeep\n|turn|11\n|\n|t:|1774017215\n|move|p1b: Vangwe|Taunt|p2b: Calyrex\n|-start|p2b: Calyrex|move: Taunt\n|move|p2b: Calyrex|Glacial Lance|p1b: Vangwe|[spread] p1a,p1b\n|-supereffective|p1a: Drambor\n|-supereffective|p1b: Vangwe\n|-damage|p1a: Drambor|34/100\n|-damage|p1b: Vangwe|0 fnt\n|faint|p1b: Vangwe\n|-ability|p2b: Calyrex|Chilling Neigh|boost\n|-boost|p2b: Calyrex|atk|1\n|move|p2a: Terapagos|Tera Starstorm|p1a: Drambor\n|-damage|p1a: Drambor|0 fnt\n|faint|p1a: Drambor\n|\n|win|lokithered\n|raw|Mirthinion's rating: 1343 &rarr; <strong>1325</strong><br />(-18 for losing)\n|raw|lokithered's rating: 1378 &rarr; <strong>1396</strong><br />(+18 for winning)\n","uploadtime":1774017228,"views":74,"formatid":"gen9vgc2026regi","rating":1325,"private":0,"password":null}