{"id":"gen9vgc2026regi-2579267468","format":"[Gen 9] VGC 2026 Reg I","players":["FRESHmustard","BrickedUpVGC"],"log":"|j|\u2606FRESHmustard\n|j|\u2606BrickedUpVGC\n|t:|1775765530\n|gametype|doubles\n|player|p1|FRESHmustard|clair|1419\n|player|p2|BrickedUpVGC|2|1303\n|gen|9\n|tier|[Gen 9] VGC 2026 Reg I\n|rated|\n|rule|Species Clause: Limit one of each Pok\u00e9mon\n|rule|Item Clause: Limit 1 of each item\n|clearpoke\n|poke|p1|Lunala, L50|\n|poke|p1|Ursaluna, L50, M|\n|poke|p1|Urshifu-*, L50, F|\n|poke|p1|Miraidon, L50|\n|poke|p1|Grimmsnarl, L50, M|\n|poke|p1|Incineroar, L50, F|\n|poke|p2|Sableye, L50, M|\n|poke|p2|Gholdengo, L50|\n|poke|p2|Ursaluna, L50, F|\n|poke|p2|Calyrex-Ice, L50|\n|poke|p2|Miraidon, L50|\n|poke|p2|Indeedee-F, L50, F|\n|teampreview|4\n|\n|t:|1775765556\n|teamsize|p1|4\n|teamsize|p2|4\n|start\n|switch|p1a: Grimmsnarl|Grimmsnarl, L50, M|100/100\n|switch|p1b: Miraidon|Miraidon, L50|100/100\n|switch|p2a: Calyrex|Calyrex-Ice, L50|100/100\n|switch|p2b: Sableye|Sableye, L50, M|100/100\n|-ability|p2a: Calyrex|As One\n|-ability|p2a: Calyrex|Unnerve\n|-fieldstart|move: Electric Terrain|[from] ability: Hadron Engine|[of] p1b: Miraidon\n|turn|1\n|inactive|Battle timer is ON: inactive players will automatically lose when time's up. (requested by FRESHmustard)\n|\n|t:|1775765586\n|-terastallize|p2a: Calyrex|Ground\n|move|p2b: Sableye|Fake Out|p1b: Miraidon\n|-damage|p1b: Miraidon|94/100\n|move|p1a: Grimmsnarl|Reflect|p1a: Grimmsnarl\n|-sidestart|p1: FRESHmustard|Reflect\n|cant|p1b: Miraidon|flinch\n|move|p2a: Calyrex|Glacial Lance|p1b: Miraidon|[spread] p1a,p1b\n|-supereffective|p1b: Miraidon\n|-damage|p1a: Grimmsnarl|62/100\n|-damage|p1b: Miraidon|20/100\n|\n|upkeep\n|turn|2\n|\n|t:|1775765610\n|switch|p2b: Miraidon|Miraidon, L50|100/100\n|-activate|p2b: Miraidon|ability: Hadron Engine\n|move|p1a: Grimmsnarl|Light Screen|p1a: Grimmsnarl\n|-sidestart|p1: FRESHmustard|move: Light Screen\n|move|p1b: Miraidon|Volt Switch|p2b: Miraidon\n|-resisted|p2b: Miraidon\n|-damage|p2b: Miraidon|86/100\n|\n|t:|1775765618\n|switch|p1b: Lunala|Lunala, L50|100/100|[from] Volt Switch\n|-enditem|p1b: Lunala|Electric Seed\n|-boost|p1b: Lunala|def|1|[from] item: Electric Seed\n|move|p2a: Calyrex|Glacial Lance|p1a: Grimmsnarl|[spread] p1a,p1b\n|-damage|p1a: Grimmsnarl|23/100\n|-damage|p1b: Lunala|91/100\n|\n|upkeep\n|turn|3\n|inactive|BrickedUpVGC has 30 seconds left.\n|inactive|BrickedUpVGC has 20 seconds left.\n|inactive|BrickedUpVGC has 15 seconds left.\n|inactive|BrickedUpVGC has 10 seconds left.\n|\n|t:|1775765667\n|switch|p2a: Gholdengo|Gholdengo, L50|100/100\n|move|p1b: Lunala|Wide Guard|p1b: Lunala\n|-singleturn|p1b: Lunala|Wide Guard\n|move|p2b: Miraidon|Electro Drift|p1b: Lunala\n|-damage|p1b: Lunala|28/100\n|move|p1a: Grimmsnarl|Spirit Break|p2b: Miraidon\n|-supereffective|p2b: Miraidon\n|-damage|p2b: Miraidon|20/100\n|-unboost|p2b: Miraidon|spa|1\n|\n|upkeep\n|turn|4\n|inactive|FRESHmustard has 30 seconds left.\n|\n|t:|1775765697\n|switch|p1b: Ursaluna|Ursaluna, L50, M|100/100\n|move|p1a: Grimmsnarl|Thunder Wave|p2a: Gholdengo\n|-immune|p2a: Gholdengo|[from] ability: Good as Gold\n|move|p2a: Gholdengo|Make It Rain|p1a: Grimmsnarl|[spread] p1a,p1b\n|-supereffective|p1a: Grimmsnarl\n|-damage|p1a: Grimmsnarl|0 fnt\n|-damage|p1b: Ursaluna|72/100\n|-unboost|p2a: Gholdengo|spa|1\n|faint|p1a: Grimmsnarl\n|move|p2b: Miraidon|Electro Drift|p1b: Ursaluna\n|-immune|p1b: Ursaluna\n|\n|-status|p1b: Ursaluna|brn|[from] item: Flame Orb\n|upkeep\n|\n|t:|1775765707\n|switch|p1a: Miraidon|Miraidon, L50|20/100\n|-activate|p1a: Miraidon|ability: Hadron Engine\n|turn|5\n|inactive|BrickedUpVGC has 30 seconds left.\n|\n|t:|1775765740\n|switch|p2a: Calyrex|Calyrex-Ice, L50, tera:Ground|100/100\n|-ability|p2a: Calyrex|As One\n|-ability|p2a: Calyrex|Unnerve\n|switch|p2b: Sableye|Sableye, L50, M|100/100\n|move|p1a: Miraidon|Snarl|p2a: Calyrex|[spread] p2a,p2b\n|-damage|p2a: Calyrex|84/100\n|-damage|p2b: Sableye|67/100\n|-unboost|p2b: Sableye|spa|1\n|move|p1b: Ursaluna|Headlong Rush|p2a: Calyrex\n|-damage|p2a: Calyrex|11/100\n|-unboost|p1b: Ursaluna|def|1\n|-unboost|p1b: Ursaluna|spd|1\n|\n|-damage|p1b: Ursaluna|66/100 brn|[from] brn\n|-fieldend|move: Electric Terrain\n|upkeep\n|turn|6\n|inactive|BrickedUpVGC has 30 seconds left.\n|inactive|BrickedUpVGC has 20 seconds left.\n|inactive|BrickedUpVGC has 15 seconds left.\n|\n|t:|1775765780\n|move|p2b: Sableye|Fake Out|p1a: Miraidon\n|-damage|p1a: Miraidon|15/100\n|cant|p1a: Miraidon|flinch\n|move|p2a: Calyrex|Glacial Lance|p1a: Miraidon|[spread] p1a,p1b\n|-supereffective|p1a: Miraidon\n|-supereffective|p1b: Ursaluna\n|-damage|p1a: Miraidon|0 fnt\n|-damage|p1b: Ursaluna|0 fnt\n|faint|p1a: Miraidon\n|faint|p1b: Ursaluna\n|-ability|p2a: Calyrex|Chilling Neigh|boost\n|-boost|p2a: Calyrex|atk|2\n|\n|upkeep\n|-message|FRESHmustard forfeited.\n|\n|win|BrickedUpVGC\n|raw|FRESHmustard's rating: 1419 &rarr; <strong>1393</strong><br />(-26 for losing)\n|raw|BrickedUpVGC's rating: 1303 &rarr; <strong>1329</strong><br />(+26 for winning)\n|l|\u2606FRESHmustard\n|player|p1|\n|l|\u2606BrickedUpVGC\n|player|p2|\n","uploadtime":1775766059,"views":8,"formatid":"gen9vgc2026regi","rating":1329,"private":0,"password":null}