{"id":"gen9vgc2026regi-2567516790","format":"[Gen 9] VGC 2026 Reg I","players":["ChazzItUp4200","MegaBadHector"],"log":"|j|\u2606ChazzItUp4200\n|j|\u2606MegaBadHector\n|t:|1774483546\n|gametype|doubles\n|player|p1|ChazzItUp4200|cheren-gen5bw2|1359\n|player|p2|MegaBadHector|169|1440\n|gen|9\n|tier|[Gen 9] VGC 2026 Reg I\n|rated|\n|rule|Species Clause: Limit one of each Pok\u00e9mon\n|rule|Item Clause: Limit 1 of each item\n|clearpoke\n|poke|p1|Miraidon, L50|\n|poke|p1|Chesnaught, L50, F|\n|poke|p1|Clefairy, L50, F|\n|poke|p1|Rayquaza, L50|\n|poke|p1|Chien-Pao, L50|\n|poke|p1|Farigiraf, L50, M|\n|poke|p2|Miraidon, L50|\n|poke|p2|Calyrex-Ice, L50|\n|poke|p2|Incineroar, L50, M|\n|poke|p2|Whimsicott, L50, M|\n|poke|p2|Pelipper, L50, M|\n|poke|p2|Grimmsnarl, L50, M|\n|teampreview|4\n|inactive|Battle timer is ON: inactive players will automatically lose when time's up. (requested by ChazzItUp4200)\n|inactive|MegaBadHector has 60 seconds left.\n|\n|t:|1774483601\n|teamsize|p1|4\n|teamsize|p2|4\n|start\n|switch|p1a: Wattson|Miraidon, L50|100/100\n|switch|p1b: Wraith|Rayquaza, L50|100/100\n|switch|p2a: Miraidon|Miraidon, L50|100/100\n|switch|p2b: Whimsicott|Whimsicott, L50, M|100/100\n|-fieldstart|move: Electric Terrain|[from] ability: Hadron Engine|[of] p1a: Wattson\n|-activate|p2a: Miraidon|ability: Hadron Engine\n|-ability|p1b: Wraith|Air Lock\n|turn|1\n|inactive|ChazzItUp4200 has 30 seconds left.\n|inactive|MegaBadHector has 30 seconds left.\n|\n|t:|1774483635\n|-terastallize|p2a: Miraidon|Fairy\n|move|p1a: Wattson|Volt Switch|p2a: Miraidon\n|-damage|p2a: Miraidon|40/100\n|\n|t:|1774483640\n|switch|p1a: Lifeline|Clefairy, L50, F|100/100|[from] Volt Switch\n|move|p2b: Whimsicott|Moonblast|p1b: Wraith\n|-supereffective|p1b: Wraith\n|-crit|p1b: Wraith\n|-damage|p1b: Wraith|41/100\n|move|p2a: Miraidon|Dazzling Gleam|p1a: Lifeline|[spread] p1a,p1b\n|-supereffective|p1b: Wraith\n|-damage|p1a: Lifeline|33/100\n|-damage|p1b: Wraith|0 fnt\n|faint|p1b: Wraith\n|\n|upkeep\n|\n|t:|1774483654\n|switch|p1b: Gibraltar|Chesnaught, L50, F|100/100\n|-enditem|p1b: Gibraltar|Electric Seed\n|-boost|p1b: Gibraltar|def|1|[from] item: Electric Seed\n|turn|2\n|\n|t:|1774483678\n|switch|p2a: Incineroar|Incineroar, L50, M|100/100\n|-ability|p2a: Incineroar|Intimidate|boost\n|-unboost|p1a: Lifeline|atk|1\n|-unboost|p1b: Gibraltar|atk|1\n|move|p1b: Gibraltar|Wide Guard|p1b: Gibraltar\n|-singleturn|p1b: Gibraltar|Wide Guard\n|move|p2b: Whimsicott|Moonblast|p1a: Lifeline\n|-damage|p1a: Lifeline|8/100\n|move|p1a: Lifeline|Life Dew||[still]|[spread] p1a,p1b\n|-heal|p1a: Lifeline|33/100\n|-fail|p1b: Gibraltar|heal\n|\n|upkeep\n|turn|3\n|inactive|MegaBadHector has 30 seconds left.\n|inactive|MegaBadHector has 20 seconds left.\n|\n|t:|1774483715\n|move|p2a: Incineroar|Fake Out|p1a: Lifeline\n|-damage|p1a: Lifeline|25/100\n|move|p2b: Whimsicott|Encore|p1b: Gibraltar\n|-start|p1b: Gibraltar|Encore\n|move|p1b: Gibraltar|Wide Guard|p1b: Gibraltar\n|-singleturn|p1b: Gibraltar|Wide Guard\n|cant|p1a: Lifeline|flinch\n|\n|upkeep\n|turn|4\n|\n|t:|1774483732\n|switch|p1b: Wattson|Miraidon, L50|100/100\n|-activate|p1b: Wattson|ability: Hadron Engine\n|move|p2b: Whimsicott|Moonblast|p1a: Lifeline\n|-damage|p1a: Lifeline|0 fnt\n|faint|p1a: Lifeline\n|move|p2a: Incineroar|Flare Blitz|p1b: Wattson\n|-resisted|p1b: Wattson\n|-damage|p1b: Wattson|76/100\n|-status|p1b: Wattson|brn\n|-damage|p2a: Incineroar|93/100|[from] Recoil\n|\n|-damage|p1b: Wattson|71/100 brn|[from] brn\n|upkeep\n|\n|t:|1774483739\n|switch|p1a: Gibraltar|Chesnaught, L50, F|100/100\n|turn|5\n|\n|t:|1774483761\n|-terastallize|p1b: Wattson|Electric\n|move|p2b: Whimsicott|Tickle|p1a: Gibraltar\n|-unboost|p1a: Gibraltar|atk|1\n|-unboost|p1a: Gibraltar|def|1\n|move|p1b: Wattson|Electro Drift|p2a: Incineroar\n|-damage|p2a: Incineroar|0 fnt\n|-damage|p1b: Wattson|54/100 brn|[from] item: Rocky Helmet|[of] p2a: Incineroar\n|faint|p2a: Incineroar\n|move|p1a: Gibraltar|Leech Seed|p2b: Whimsicott\n|-immune|p2b: Whimsicott\n|\n|-damage|p1b: Wattson|48/100 brn|[from] brn\n|-fieldend|move: Electric Terrain\n|upkeep\n|\n|t:|1774483783\n|switch|p2a: Miraidon|Miraidon, L50, tera:Fairy|40/100\n|-fieldstart|move: Electric Terrain|[from] ability: Hadron Engine|[of] p2a: Miraidon\n|turn|6\n|\n|t:|1774483792\n|move|p1a: Gibraltar|Wide Guard|p1a: Gibraltar\n|-singleturn|p1a: Gibraltar|Wide Guard\n|move|p2b: Whimsicott|Tailwind|p2b: Whimsicott\n|-sidestart|p2: MegaBadHector|move: Tailwind\n|move|p2a: Miraidon|Draco Meteor|p1b: Wattson\n|-damage|p1b: Wattson|0 fnt\n|-unboost|p2a: Miraidon|spa|2\n|faint|p1b: Wattson\n|\n|upkeep\n|turn|7\n|-message|ChazzItUp4200 forfeited.\n|\n|win|MegaBadHector\n|raw|ChazzItUp4200's rating: 1359 &rarr; <strong>1344</strong><br />(-15 for losing)\n|raw|MegaBadHector's rating: 1440 &rarr; <strong>1455</strong><br />(+15 for winning)\n|l|\u2606ChazzItUp4200\n|player|p1|\n|l|\u2606MegaBadHector\n|player|p2|\n","uploadtime":1774484043,"views":12,"formatid":"gen9vgc2026regi","rating":1344,"private":0,"password":null}