{"id":"gen9vgc2026regi-2560197340","format":"[Gen 9] VGC 2026 Reg I","players":["Ice124567890","dasabe\u76d6\u6b27\u5361\u4fa0"],"log":"|j|\u2606Ice124567890\n|j|\u2606dasabe\u76d6\u6b27\u5361\u4fa0\n|t:|1773665140\n|gametype|doubles\n|player|p1|Ice124567890|265|1419\n|player|p2|dasabe\u76d6\u6b27\u5361\u4fa0|may-masters4|1426\n|gen|9\n|tier|[Gen 9] VGC 2026 Reg I\n|rated|\n|rule|Species Clause: Limit one of each Pok\u00e9mon\n|rule|Item Clause: Limit 1 of each item\n|clearpoke\n|poke|p1|Calyrex-Ice, L50|\n|poke|p1|Chi-Yu, L50|\n|poke|p1|Koraidon, L50|\n|poke|p1|Flutter Mane, L50|\n|poke|p1|Raging Bolt, L50|\n|poke|p1|Incineroar, L50, F|\n|poke|p2|Calyrex-Shadow, L50|\n|poke|p2|Koraidon, L50|\n|poke|p2|Chi-Yu, L50|\n|poke|p2|Tornadus, L50, M|\n|poke|p2|Indeedee-F, L50, F|\n|poke|p2|Smeargle, L50, F|\n|teampreview|4\n|inactive|Battle timer is ON: inactive players will automatically lose when time's up. (requested by Ice124567890)\n|\n|t:|1773665164\n|teamsize|p1|4\n|teamsize|p2|4\n|start\n|switch|p1a: Calyrex|Calyrex-Ice, L50|100/100\n|switch|p1b: Incineroar|Incineroar, L50, F|100/100\n|switch|p2a: \u9a6c\u6b7b\u4e86|Calyrex-Shadow, L50|100/100\n|switch|p2b: \u5c0f\u7b14\u7ea2\u80bf|Smeargle, L50, F, shiny|100/100\n|-ability|p2a: \u9a6c\u6b7b\u4e86|As One\n|-ability|p2a: \u9a6c\u6b7b\u4e86|Unnerve\n|-ability|p1a: Calyrex|As One\n|-ability|p1a: Calyrex|Unnerve\n|-ability|p1b: Incineroar|Intimidate|boost\n|-unboost|p2a: \u9a6c\u6b7b\u4e86|atk|1\n|-unboost|p2b: \u5c0f\u7b14\u7ea2\u80bf|atk|1\n|turn|1\n|\n|t:|1773665172\n|-terastallize|p2a: \u9a6c\u6b7b\u4e86|Ghost\n|move|p1a: Calyrex|Protect|p1a: Calyrex\n|-singleturn|p1a: Calyrex|Protect\n|move|p2b: \u5c0f\u7b14\u7ea2\u80bf|Fake Out|p1b: Incineroar\n|-damage|p1b: Incineroar|97/100\n|move|p2a: \u9a6c\u6b7b\u4e86|Astral Barrage|p1b: Incineroar|[spread] p1b\n|-activate|p1a: Calyrex|move: Protect\n|-resisted|p1b: Incineroar\n|-damage|p1b: Incineroar|58/100\n|cant|p1b: Incineroar|flinch\n|\n|-ability|p2b: \u5c0f\u7b14\u7ea2\u80bf|Moody|boost\n|-boost|p2b: \u5c0f\u7b14\u7ea2\u80bf|def|2\n|-unboost|p2b: \u5c0f\u7b14\u7ea2\u80bf|spe|1\n|upkeep\n|turn|2\n|\n|t:|1773665183\n|-terastallize|p1a: Calyrex|Fire\n|move|p2a: \u9a6c\u6b7b\u4e86|Astral Barrage|p1a: Calyrex|[spread] p1a,p1b\n|-resisted|p1b: Incineroar\n|-damage|p1a: Calyrex|29/100\n|-damage|p1b: Incineroar|16/100\n|move|p2b: \u5c0f\u7b14\u7ea2\u80bf|Spore|p1b: Incineroar\n|-status|p1b: Incineroar|slp|[from] move: Spore\n|cant|p1b: Incineroar|slp\n|move|p1a: Calyrex|Glacial Lance|p2a: \u9a6c\u6b7b\u4e86|[spread] p2a,p2b\n|-damage|p2a: \u9a6c\u6b7b\u4e86|31/100\n|-damage|p2b: \u5c0f\u7b14\u7ea2\u80bf|36/100\n|\n|-heal|p1a: Calyrex|35/100|[from] item: Leftovers\n|-ability|p2b: \u5c0f\u7b14\u7ea2\u80bf|Moody|boost\n|-boost|p2b: \u5c0f\u7b14\u7ea2\u80bf|def|2\n|-unboost|p2b: \u5c0f\u7b14\u7ea2\u80bf|spe|1\n|upkeep\n|turn|3\n|\n|t:|1773665201\n|move|p1a: Calyrex|Protect|p1a: Calyrex\n|-singleturn|p1a: Calyrex|Protect\n|move|p2a: \u9a6c\u6b7b\u4e86|Astral Barrage|p1a: Calyrex|[spread] p1b\n|-activate|p1a: Calyrex|move: Protect\n|-resisted|p1b: Incineroar\n|-damage|p1b: Incineroar|0 fnt\n|faint|p1b: Incineroar\n|-ability|p2a: \u9a6c\u6b7b\u4e86|Grim Neigh|boost\n|-boost|p2a: \u9a6c\u6b7b\u4e86|spa|1\n|move|p2b: \u5c0f\u7b14\u7ea2\u80bf|Spore|p1a: Calyrex\n|-activate|p1a: Calyrex|move: Protect\n|\n|-heal|p1a: Calyrex|41/100|[from] item: Leftovers\n|-ability|p2b: \u5c0f\u7b14\u7ea2\u80bf|Moody|boost\n|-boost|p2b: \u5c0f\u7b14\u7ea2\u80bf|atk|2\n|-unboost|p2b: \u5c0f\u7b14\u7ea2\u80bf|def|1\n|upkeep\n|\n|t:|1773665203\n|switch|p1b: Chi-Yu|Chi-Yu, L50|100/100\n|-ability|p1b: Chi-Yu|Beads of Ruin\n|turn|4\n|\n|t:|1773665214\n|move|p2b: \u5c0f\u7b14\u7ea2\u80bf|Wide Guard|p2b: \u5c0f\u7b14\u7ea2\u80bf\n|-singleturn|p2b: \u5c0f\u7b14\u7ea2\u80bf|Wide Guard\n|move|p1b: Chi-Yu|Heat Wave|p2a: \u9a6c\u6b7b\u4e86|[spread] \n|-activate|p2a: \u9a6c\u6b7b\u4e86|move: Wide Guard\n|-activate|p2b: \u5c0f\u7b14\u7ea2\u80bf|move: Wide Guard\n|move|p2a: \u9a6c\u6b7b\u4e86|Astral Barrage|p1a: Calyrex|[spread] p1a,p1b\n|-resisted|p1b: Chi-Yu\n|-damage|p1a: Calyrex|0 fnt\n|-damage|p1b: Chi-Yu|19/100\n|faint|p1a: Calyrex\n|-ability|p2a: \u9a6c\u6b7b\u4e86|Grim Neigh|boost\n|-boost|p2a: \u9a6c\u6b7b\u4e86|spa|1\n|\n|-ability|p2b: \u5c0f\u7b14\u7ea2\u80bf|Moody|boost\n|-boost|p2b: \u5c0f\u7b14\u7ea2\u80bf|def|2\n|-unboost|p2b: \u5c0f\u7b14\u7ea2\u80bf|atk|1\n|upkeep\n|\n|t:|1773665218\n|switch|p1a: Koraidon|Koraidon, L50|100/100\n|-weather|SunnyDay|[from] ability: Orichalcum Pulse|[of] p1a: Koraidon\n|-activate|p1a: Koraidon|Orichalcum Pulse|[source]\n|turn|5\n|-message|Ice124567890 forfeited.\n|\n|win|dasabe\u76d6\u6b27\u5361\u4fa0\n|raw|Ice124567890's rating: 1419 &rarr; <strong>1399</strong><br />(-20 for losing)\n|raw|dasabe\u76d6\u6b27\u5361\u4fa0's rating: 1426 &rarr; <strong>1446</strong><br />(+20 for winning)\n|l|\u2606Ice124567890\n|player|p1|\n|l|\u2606dasabe\u76d6\u6b27\u5361\u4fa0\n|player|p2|\n","uploadtime":1773665491,"views":10,"formatid":"gen9vgc2026regi","rating":1399,"private":0,"password":null}