{"id":"gen9vgc2026regi-2556023603","format":"[Gen 9] VGC 2026 Reg I","players":["bbqsus","ArisHazard"],"log":"|j|\u2606bbqsus\n|j|\u2606ArisHazard\n|t:|1773161108\n|gametype|doubles\n|player|p1|bbqsus|brycenman|1471\n|player|p2|ArisHazard|266|1373\n|gen|9\n|tier|[Gen 9] VGC 2026 Reg I\n|rated|\n|rule|Species Clause: Limit one of each Pok\u00e9mon\n|rule|Item Clause: Limit 1 of each item\n|clearpoke\n|poke|p1|Lunala, L50|\n|poke|p1|Indeedee-F, L50, F|\n|poke|p1|Torkoal, L50, F|\n|poke|p1|Ursaluna, L50, M|\n|poke|p1|Eternatus, L50|\n|poke|p1|Wo-Chien, L50|\n|poke|p2|Calyrex-Ice, L50|\n|poke|p2|Urshifu-*, L50, M|\n|poke|p2|Miraidon, L50|\n|poke|p2|Tornadus, L50, M|\n|poke|p2|Sableye, L50, F|\n|poke|p2|Ting-Lu, L50|\n|teampreview|4\n|inactive|Battle timer is ON: inactive players will automatically lose when time's up. (requested by bbqsus)\n|\n|t:|1773161130\n|teamsize|p1|4\n|teamsize|p2|4\n|start\n|switch|p1a: Lunala|Lunala, L50, shiny|100/100\n|switch|p1b: Indeedee|Indeedee-F, L50, F, shiny|100/100\n|switch|p2a: Calyrex|Calyrex-Ice, L50|100/100\n|switch|p2b: Urshifu|Urshifu-Rapid-Strike, L50, M|100/100\n|-ability|p2a: Calyrex|As One\n|-ability|p2a: Calyrex|Unnerve\n|-fieldstart|move: Psychic Terrain|[from] ability: Psychic Surge|[of] p1b: Indeedee\n|turn|1\n|\n|t:|1773161145\n|move|p2a: Calyrex|Protect|p2a: Calyrex\n|-singleturn|p2a: Calyrex|Protect\n|move|p2b: Urshifu|Coaching|p2a: Calyrex\n|-boost|p2a: Calyrex|atk|1\n|-boost|p2a: Calyrex|def|1\n|move|p1a: Lunala|Meteor Beam||[still]\n|-prepare|p1a: Lunala|Meteor Beam\n|-boost|p1a: Lunala|spa|1\n|-enditem|p1a: Lunala|Power Herb\n|-anim|p1a: Lunala|Meteor Beam|p2a: Calyrex\n|-activate|p2a: Calyrex|move: Protect\n|move|p1b: Indeedee|Trick Room|p1b: Indeedee\n|-fieldstart|move: Trick Room|[of] p1b: Indeedee\n|\n|upkeep\n|turn|2\n|\n|t:|1773161161\n|switch|p1b: Torkoal|Torkoal, L50, F, shiny|100/100\n|-weather|SunnyDay|[from] ability: Drought|[of] p1b: Torkoal\n|switch|p2b: Ting-Lu|Ting-Lu, L50|100/100\n|-ability|p2b: Ting-Lu|Vessel of Ruin\n|-terastallize|p2a: Calyrex|Fire\n|move|p1a: Lunala|Wide Guard|p1a: Lunala\n|-singleturn|p1a: Lunala|Wide Guard\n|move|p2a: Calyrex|Glacial Lance|p1a: Lunala|[spread] \n|-activate|p1a: Lunala|move: Wide Guard\n|-activate|p1b: Torkoal|move: Wide Guard\n|\n|-weather|SunnyDay|[upkeep]\n|upkeep\n|turn|3\n|inactive|bbqsus has 30 seconds left.\n|\n|t:|1773161193\n|switch|p1b: Ursaluna|Ursaluna, L50, M|100/100\n|move|p2a: Calyrex|Stomping Tantrum|p1b: Ursaluna\n|-damage|p1b: Ursaluna|63/100\n|move|p2b: Ting-Lu|Ruination|p1a: Lunala\n|-damage|p1a: Lunala|50/100\n|move|p1a: Lunala|Expanding Force|p2b: Ting-Lu|[spread] p2a\n|-immune|p2b: Ting-Lu\n|-damage|p2a: Calyrex|48/100\n|\n|-weather|SunnyDay|[upkeep]\n|-status|p1b: Ursaluna|brn|[from] item: Flame Orb\n|upkeep\n|turn|4\n|\n|t:|1773161210\n|move|p2a: Calyrex|Protect|p2a: Calyrex\n|-singleturn|p2a: Calyrex|Protect\n|move|p2b: Ting-Lu|Protect|p2b: Ting-Lu\n|-singleturn|p2b: Ting-Lu|Protect\n|move|p1a: Lunala|Wide Guard|p1a: Lunala\n|-singleturn|p1a: Lunala|Wide Guard\n|move|p1b: Ursaluna|Facade|p2b: Ting-Lu\n|-activate|p2b: Ting-Lu|move: Protect\n|\n|-weather|SunnyDay|[upkeep]\n|-damage|p1b: Ursaluna|57/100 brn|[from] brn\n|upkeep\n|turn|5\n|\n|t:|1773161230\n|move|p1a: Lunala|Wide Guard|p1a: Lunala\n|-singleturn|p1a: Lunala|Wide Guard\n|move|p1b: Ursaluna|Facade|p2a: Calyrex\n|-damage|p2a: Calyrex|0 fnt\n|faint|p2a: Calyrex\n|move|p2b: Ting-Lu|Stomping Tantrum|p1b: Ursaluna\n|-damage|p1b: Ursaluna|35/100 brn\n|\n|-weather|SunnyDay|[upkeep]\n|-damage|p1b: Ursaluna|29/100 brn|[from] brn\n|-fieldend|move: Trick Room\n|-fieldend|move: Psychic Terrain\n|upkeep\n|\n|t:|1773161243\n|switch|p2a: Miraidon|Miraidon, L50|100/100\n|-fieldstart|move: Electric Terrain|[from] ability: Hadron Engine|[of] p2a: Miraidon\n|turn|6\n|\n|t:|1773161256\n|switch|p1b: Indeedee|Indeedee-F, L50, F, shiny|100/100\n|-fieldstart|move: Psychic Terrain|[from] ability: Psychic Surge|[of] p1b: Indeedee\n|move|p2a: Miraidon|Volt Switch|p1a: Lunala\n|-damage|p1a: Lunala|29/100\n|\n|t:|1773161263\n|switch|p2a: Urshifu|Urshifu-Rapid-Strike, L50, M|100/100|[from] Volt Switch\n|move|p2b: Ting-Lu|Stomping Tantrum|p1a: Lunala\n|-crit|p1a: Lunala\n|-damage|p1a: Lunala|0 fnt\n|faint|p1a: Lunala\n|\n|-weather|none\n|upkeep\n|\n|t:|1773161271\n|switch|p1a: Torkoal|Torkoal, L50, F, shiny|100/100\n|-weather|SunnyDay|[from] ability: Drought|[of] p1a: Torkoal\n|turn|7\n|\n|t:|1773161292\n|-terastallize|p1a: Torkoal|Grass\n|move|p2a: Urshifu|Close Combat|p1a: Torkoal\n|-damage|p1a: Torkoal|52/100\n|-unboost|p2a: Urshifu|def|1\n|-unboost|p2a: Urshifu|spd|1\n|move|p2b: Ting-Lu|Stomping Tantrum|p1b: Indeedee\n|-damage|p1b: Indeedee|56/100\n|move|p1a: Torkoal|Eruption|p2b: Ting-Lu|[spread] p2a,p2b\n|-resisted|p2a: Urshifu\n|-damage|p2a: Urshifu|70/100\n|-damage|p2b: Ting-Lu|78/100\n|move|p1b: Indeedee|Trick Room|p1b: Indeedee\n|-fieldstart|move: Trick Room|[of] p1b: Indeedee\n|\n|-weather|SunnyDay|[upkeep]\n|upkeep\n|turn|8\n|\n|t:|1773161312\n|move|p2a: Urshifu|Detect|p2a: Urshifu\n|-singleturn|p2a: Urshifu|Protect\n|move|p1a: Torkoal|Eruption|p2a: Urshifu|[spread] p2b\n|-activate|p2a: Urshifu|move: Protect\n|-damage|p2b: Ting-Lu|56/100\n|move|p2b: Ting-Lu|Sand Tomb|p1b: Indeedee\n|-damage|p1b: Indeedee|38/100\n|-activate|p1b: Indeedee|move: Sand Tomb|[of] p2b: Ting-Lu\n|move|p1b: Indeedee|Dazzling Gleam|p2b: Ting-Lu|[spread] p2b\n|-activate|p2a: Urshifu|move: Protect\n|-supereffective|p2b: Ting-Lu\n|-damage|p2b: Ting-Lu|41/100\n|\n|-weather|SunnyDay|[upkeep]\n|-damage|p1b: Indeedee|25/100|[from] move: Sand Tomb|[partiallytrapped]\n|upkeep\n|turn|9\n|\n|t:|1773161336\n|move|p1a: Torkoal|Eruption|p2a: Urshifu|[spread] p2a,p2b\n|-resisted|p2a: Urshifu\n|-damage|p2a: Urshifu|39/100\n|-damage|p2b: Ting-Lu|17/100\n|move|p2b: Ting-Lu|Sand Tomb|p1a: Torkoal\n|-resisted|p1a: Torkoal\n|-damage|p1a: Torkoal|47/100\n|-activate|p1a: Torkoal|move: Sand Tomb|[of] p2b: Ting-Lu\n|move|p1b: Indeedee|Dazzling Gleam|p2b: Ting-Lu|[spread] p2a,p2b\n|-supereffective|p2a: Urshifu\n|-supereffective|p2b: Ting-Lu\n|-damage|p2a: Urshifu|4/100\n|-damage|p2b: Ting-Lu|4/100\n|move|p2a: Urshifu|Close Combat|p1a: Torkoal\n|-damage|p1a: Torkoal|0 fnt\n|-unboost|p2a: Urshifu|def|1\n|-unboost|p2a: Urshifu|spd|1\n|faint|p1a: Torkoal\n|\n|-weather|SunnyDay|[upkeep]\n|-damage|p1b: Indeedee|13/100|[from] move: Sand Tomb|[partiallytrapped]\n|upkeep\n|\n|t:|1773161346\n|switch|p1a: Ursaluna|Ursaluna, L50, M|29/100 brn\n|turn|10\n|\n|t:|1773161359\n|move|p2b: Ting-Lu|Protect|p2b: Ting-Lu\n|-singleturn|p2b: Ting-Lu|Protect\n|move|p2a: Urshifu|Detect|p2a: Urshifu\n|-singleturn|p2a: Urshifu|Protect\n|move|p1a: Ursaluna|Substitute|p1a: Ursaluna\n|-start|p1a: Ursaluna|Substitute\n|-damage|p1a: Ursaluna|4/100 brn\n|move|p1b: Indeedee|Dazzling Gleam|p2b: Ting-Lu|[spread] \n|-activate|p2a: Urshifu|move: Protect\n|-activate|p2b: Ting-Lu|move: Protect\n|\n|-weather|SunnyDay|[upkeep]\n|-damage|p1a: Ursaluna|0 fnt|[from] brn\n|faint|p1a: Ursaluna\n|-damage|p1b: Indeedee|0 fnt|[from] move: Sand Tomb|[partiallytrapped]\n|faint|p1b: Indeedee\n|\n|win|ArisHazard\n|raw|bbqsus's rating: 1471 &rarr; <strong>1446</strong><br />(-25 for losing)\n|raw|ArisHazard's rating: 1373 &rarr; <strong>1398</strong><br />(+25 for winning)\n|l|\u2606bbqsus\n|player|p1|\n|c|\u2606ArisHazard|Xd\n|l|\u2606ArisHazard\n|player|p2|\n","uploadtime":1773161586,"views":16,"formatid":"gen9vgc2026regi","rating":1398,"private":0,"password":null}