{"id":"gen9vgc2026regi-2538189961","format":"[Gen 9] VGC 2026 Reg I","players":["blackred123","EllenJoe2026"],"log":"|j|\u2606blackred123\n|j|\u2606EllenJoe2026\n|t:|1770904535\n|gametype|doubles\n|player|p1|blackred123|iono-masters|1462\n|player|p2|EllenJoe2026|iono|1515\n|gen|9\n|tier|[Gen 9] VGC 2026 Reg I\n|rated|\n|rule|Species Clause: Limit one of each Pok\u00e9mon\n|rule|Item Clause: Limit 1 of each item\n|clearpoke\n|poke|p1|Calyrex-Shadow, L50|\n|poke|p1|Zamazenta-*, L50|\n|poke|p1|Roaring Moon, L50|\n|poke|p1|Maushold-Four, L50|\n|poke|p1|Weezing, L50, F|\n|poke|p1|Amoonguss, L50, F|\n|poke|p2|Kyogre, L50|\n|poke|p2|Calyrex-Shadow, L50|\n|poke|p2|Indeedee-F, L50, F|\n|poke|p2|Tornadus, L50, M|\n|poke|p2|Urshifu-*, L50, F|\n|poke|p2|Smeargle, L50, F|\n|teampreview|4\n|inactive|Battle timer is ON: inactive players will automatically lose when time's up. (requested by blackred123)\n|inactive|EllenJoe2026 also wants the timer to be on.\n|inactive|EllenJoe2026 has 60 seconds left.\n|\n|t:|1770904568\n|teamsize|p1|4\n|teamsize|p2|4\n|start\n|switch|p1a: Zamazenta|Zamazenta-Crowned, L50|100/100\n|switch|p1b: Roaring Moon|Roaring Moon, L50, shiny|100/100\n|switch|p2a: Calyrex|Calyrex-Shadow, L50|100/100\n|switch|p2b: Smeargle|Smeargle, L50, F, shiny|100/100\n|-ability|p2a: Calyrex|As One\n|-ability|p2a: Calyrex|Unnerve\n|-ability|p1a: Zamazenta|Dauntless Shield|boost\n|-boost|p1a: Zamazenta|def|1\n|-enditem|p1b: Roaring Moon|Booster Energy\n|-activate|p1b: Roaring Moon|ability: Protosynthesis|[fromitem]\n|-start|p1b: Roaring Moon|protosynthesisspe\n|turn|1\n|inactive|blackred123 has 30 seconds left.\n|\n|t:|1770904600\n|-terastallize|p2a: Calyrex|Grass\n|move|p2b: Smeargle|Feint|p1a: Zamazenta\n|-resisted|p1a: Zamazenta\n|-damage|p1a: Zamazenta|99/100\n|move|p1b: Roaring Moon|Knock Off|p2a: Calyrex\n|-damage|p2a: Calyrex|39/100\n|-enditem|p2a: Calyrex|Choice Specs|[from] move: Knock Off|[of] p1b: Roaring Moon\n|move|p2a: Calyrex|Astral Barrage|p1b: Roaring Moon|[spread] p1a,p1b\n|-resisted|p1b: Roaring Moon\n|-damage|p1a: Zamazenta|62/100\n|-damage|p1b: Roaring Moon|75/100\n|move|p1a: Zamazenta|Body Press|p2b: Smeargle\n|-supereffective|p2b: Smeargle\n|-enditem|p2b: Smeargle|Focus Sash\n|-damage|p2b: Smeargle|1/100\n|\n|upkeep\n|turn|2\n|inactive|EllenJoe2026 has 30 seconds left.\n|inactive|blackred123 has 30 seconds left.\n|\n|t:|1770904636\n|switch|p2a: Tornadus|Tornadus, L50, M, shiny|100/100\n|move|p1b: Roaring Moon|Tailwind|p1b: Roaring Moon\n|-sidestart|p1: blackred123|move: Tailwind\n|move|p1a: Zamazenta|Body Press|p2b: Smeargle\n|-supereffective|p2b: Smeargle\n|-damage|p2b: Smeargle|0 fnt\n|faint|p2b: Smeargle\n|\n|upkeep\n|\n|t:|1770904657\n|switch|p2b: Calyrex|Calyrex-Shadow, L50, tera:Grass|39/100\n|-ability|p2b: Calyrex|As One\n|-ability|p2b: Calyrex|Unnerve\n|turn|3\n|\n|t:|1770904675\n|move|p2a: Tornadus|Taunt|p1a: Zamazenta\n|-start|p1a: Zamazenta|move: Taunt\n|move|p1b: Roaring Moon|Acrobatics|p2b: Calyrex\n|-supereffective|p2b: Calyrex\n|-damage|p2b: Calyrex|0 fnt\n|faint|p2b: Calyrex\n|move|p1a: Zamazenta|Heavy Slam|p2a: Tornadus\n|-damage|p2a: Tornadus|55/100\n|\n|upkeep\n|\n|t:|1770904678\n|switch|p2b: Kyogre|Kyogre, L50, shiny|100/100\n|-weather|RainDance|[from] ability: Drizzle|[of] p2b: Kyogre\n|turn|4\n|\n|t:|1770904694\n|move|p2a: Tornadus|Tailwind|p2a: Tornadus\n|-sidestart|p2: EllenJoe2026|move: Tailwind\n|move|p1b: Roaring Moon|Knock Off|p2b: Kyogre\n|-damage|p2b: Kyogre|39/100\n|-enditem|p2b: Kyogre|Choice Scarf|[from] move: Knock Off|[of] p1b: Roaring Moon\n|move|p2b: Kyogre|Origin Pulse|p1b: Roaring Moon|[spread] p1a,p1b\n|-resisted|p1b: Roaring Moon\n|-damage|p1a: Zamazenta|15/100\n|-damage|p1b: Roaring Moon|43/100\n|move|p1a: Zamazenta|Body Press|p2b: Kyogre\n|-damage|p2b: Kyogre|0 fnt\n|faint|p2b: Kyogre\n|\n|-weather|RainDance|[upkeep]\n|upkeep\n|turn|5\n|-message|EllenJoe2026 forfeited.\n|\n|win|blackred123\n|raw|blackred123's rating: 1462 &rarr; <strong>1485</strong><br />(+23 for winning)\n|raw|EllenJoe2026's rating: 1515 &rarr; <strong>1492</strong><br />(-23 for losing)\n|l|\u2606EllenJoe2026\n|player|p2|\n|j| Yancy0721\u56fe\u56fe\u72ac\u4fa0\n|j| sz52g3\n|l| sz52g3\n|l| Yancy0721\u56fe\u56fe\u72ac\u4fa0\n","uploadtime":1770904708,"views":19,"formatid":"gen9vgc2026regi","rating":1485,"private":0,"password":null}