{"id":"gen9vgc2026regi-2526043843","format":"[Gen 9] VGC 2026 Reg I","players":["Shellos Gang 1","i\u2764\u5a1c\u7984forever"],"log":"|j|\u2606Shellos Gang 1\n|j|\u2606i\u2764\u5a1c\u7984forever\n|t:|1769365921\n|gametype|doubles\n|player|p1|Shellos Gang 1|colress|1252\n|player|p2|i\u2764\u5a1c\u7984forever|youngcouple-gen4dp|1256\n|gen|9\n|tier|[Gen 9] VGC 2026 Reg I\n|rated|\n|rule|Species Clause: Limit one of each Pok\u00e9mon\n|rule|Item Clause: Limit 1 of each item\n|clearpoke\n|poke|p1|Koraidon, L50|\n|poke|p1|Flutter Mane, L50|\n|poke|p1|Raging Bolt, L50|\n|poke|p1|Ursaluna, L50, M|\n|poke|p1|Lunala, L50|\n|poke|p1|Chi-Yu, L50|\n|poke|p2|Groudon, L50|\n|poke|p2|Kyurem-White, L50|\n|poke|p2|Sableye, L50, M|\n|poke|p2|Articuno-Galar, L50|\n|poke|p2|Rillaboom, L50, M|\n|poke|p2|Primarina, L50, M|\n|teampreview|4\n|\n|t:|1769366018\n|teamsize|p1|4\n|teamsize|p2|4\n|start\n|switch|p1a: Koraidon|Koraidon, L50|100/100\n|switch|p1b: Flutter Mane|Flutter Mane, L50|100/100\n|switch|p2a: Sableye|Sableye, L50, M|100/100\n|switch|p2b: Articuno|Articuno-Galar, L50|100/100\n|-weather|SunnyDay|[from] ability: Orichalcum Pulse|[of] p1a: Koraidon\n|-activate|p1b: Flutter Mane|ability: Protosynthesis\n|-start|p1b: Flutter Mane|protosynthesisspe\n|-activate|p1a: Koraidon|Orichalcum Pulse|[source]\n|turn|1\n|inactive|Battle timer is ON: inactive players will automatically lose when time's up. (requested by Shellos Gang 1)\n|\n|t:|1769366042\n|move|p1a: Koraidon|Protect|p1a: Koraidon\n|-singleturn|p1a: Koraidon|Protect\n|move|p2a: Sableye|Fake Out|p1a: Koraidon\n|-activate|p1a: Koraidon|move: Protect\n|move|p1b: Flutter Mane|Shadow Ball|p2b: Articuno\n|-supereffective|p2b: Articuno\n|-damage|p2b: Articuno|2/100\n|move|p2b: Articuno|Tailwind|p2b: Articuno\n|-sidestart|p2: i\u2764\u5a1c\u7984forever|move: Tailwind\n|\n|-weather|SunnyDay|[upkeep]\n|upkeep\n|turn|2\n|inactive|Shellos Gang 1 has 30 seconds left.\n|inactive|Shellos Gang 1 has 20 seconds left.\n|\n|t:|1769366080\n|move|p2a: Sableye|Gravity|p2a: Sableye\n|-fieldstart|move: Gravity\n|move|p2b: Articuno|Hypnosis|p1b: Flutter Mane\n|-status|p1b: Flutter Mane|slp|[from] move: Hypnosis\n|cant|p1b: Flutter Mane|slp\n|move|p1a: Koraidon|Flame Charge|p2b: Articuno\n|-damage|p2b: Articuno|0 fnt\n|-boost|p1a: Koraidon|spe|1\n|faint|p2b: Articuno\n|-damage|p1a: Koraidon|91/100|[from] item: Life Orb\n|\n|-weather|SunnyDay|[upkeep]\n|upkeep\n|\n|t:|1769366098\n|switch|p2b: Groudon|Groudon, L50|100/100\n|turn|3\n|inactive|Shellos Gang 1 has 30 seconds left.\n|inactive|Shellos Gang 1 has 20 seconds left.\n|\n|t:|1769366137\n|move|p1a: Koraidon|Close Combat|p2b: Groudon\n|-damage|p2b: Groudon|27/100\n|-unboost|p1a: Koraidon|def|1\n|-unboost|p1a: Koraidon|spd|1\n|-damage|p1a: Koraidon|81/100|[from] item: Life Orb\n|cant|p1b: Flutter Mane|slp\n|move|p2b: Groudon|Precipice Blades|p1a: Koraidon|[spread] p1a,p1b\n|-damage|p1a: Koraidon|6/100\n|-enditem|p1b: Flutter Mane|Focus Sash\n|-damage|p1b: Flutter Mane|1/100 slp\n|move|p2a: Sableye|Foul Play|p1a: Koraidon\n|-resisted|p1a: Koraidon\n|-damage|p1a: Koraidon|0 fnt\n|faint|p1a: Koraidon\n|\n|-weather|SunnyDay|[upkeep]\n|upkeep\n|inactive|Shellos Gang 1 has 30 seconds left.\n|inactive|Shellos Gang 1 has 20 seconds left.\n|inactive|Shellos Gang 1 has 15 seconds left.\n|\n|t:|1769366179\n|switch|p1a: Chi-Yu|Chi-Yu, L50|100/100\n|-ability|p1a: Chi-Yu|Beads of Ruin\n|turn|4\n|inactive|Shellos Gang 1 has 30 seconds left.\n|\n|t:|1769366207\n|-terastallize|p1a: Chi-Yu|Grass\n|cant|p1b: Flutter Mane|slp\n|move|p1a: Chi-Yu|Heat Wave|p2b: Groudon|[spread] p2a,p2b\n|-damage|p2a: Sableye|17/100\n|-damage|p2b: Groudon|0 fnt\n|faint|p2b: Groudon\n|move|p2a: Sableye|Foul Play|p1b: Flutter Mane\n|-damage|p1b: Flutter Mane|0 fnt\n|faint|p1b: Flutter Mane\n|-end|p1b: Flutter Mane|Protosynthesis|[silent]\n|\n|-weather|SunnyDay|[upkeep]\n|-sideend|p2: i\u2764\u5a1c\u7984forever|move: Tailwind\n|upkeep\n|\n|t:|1769366217\n|switch|p1b: Lunala|Lunala, L50|100/100\n|switch|p2b: Kyurem|Kyurem-White, L50|100/100\n|-ability|p2b: Kyurem|Turboblaze\n|turn|5\n|\n|t:|1769366229\n|move|p1a: Chi-Yu|Heat Wave|p2b: Kyurem|[spread] p2a,p2b\n|-damage|p2a: Sableye|0 fnt\n|-damage|p2b: Kyurem|37/100\n|faint|p2a: Sableye\n|move|p2b: Kyurem|Blizzard|p1a: Chi-Yu|[spread] p1a,p1b\n|-supereffective|p1a: Chi-Yu\n|-damage|p1a: Chi-Yu|0 fnt\n|-damage|p1b: Lunala|75/100\n|faint|p1a: Chi-Yu\n|move|p1b: Lunala|Meteor Beam||[still]\n|-prepare|p1b: Lunala|Meteor Beam\n|-boost|p1b: Lunala|spa|1\n|-enditem|p1b: Lunala|Power Herb\n|-anim|p1b: Lunala|Meteor Beam|p2b: Kyurem\n|-supereffective|p2b: Kyurem\n|-damage|p2b: Kyurem|0 fnt\n|faint|p2b: Kyurem\n|\n|win|Shellos Gang 1\n|raw|Shellos Gang 1's rating: 1252 &rarr; <strong>1277</strong><br />(+25 for winning)\n|raw|i\u2764\u5a1c\u7984forever's rating: 1256 &rarr; <strong>1231</strong><br />(-25 for losing)\n|l|\u2606Shellos Gang 1\n|player|p1|\n|l|\u2606i\u2764\u5a1c\u7984forever\n|player|p2|\n","uploadtime":1769366458,"views":11,"formatid":"gen9vgc2026regi","rating":1231,"private":0,"password":null}