{"id":"gen9vgc2026regi-2588321846","format":"[Gen 9] VGC 2026 Reg I","players":["Bodfachero","BenSon_A27_Zong"],"log":"|j|\u2606Bodfachero\n|j|\u2606BenSon_A27_Zong\n|t:|1776623961\n|gametype|doubles\n|player|p1|Bodfachero|hoopster|1370\n|player|p2|BenSon_A27_Zong|bugsy|1402\n|gen|9\n|tier|[Gen 9] VGC 2026 Reg I\n|rated|\n|rule|Species Clause: Limit one of each Pok\u00e9mon\n|rule|Item Clause: Limit 1 of each item\n|clearpoke\n|poke|p1|Kyogre, L50|\n|poke|p1|Zacian-*, L50|\n|poke|p1|Tornadus, L50, M|\n|poke|p1|Amoonguss, L50, F|\n|poke|p1|Urshifu-*, L50, M|\n|poke|p1|Ditto, L50|\n|poke|p2|Calyrex-Shadow, L50|\n|poke|p2|Muk-Alola, L50, M|\n|poke|p2|Flamigo, L50, M|\n|poke|p2|Miraidon, L50|\n|poke|p2|Dragonite, L50, M|\n|poke|p2|Smeargle, L50, F|\n|teampreview|4\n|inactive|Battle timer is ON: inactive players will automatically lose when time's up. (requested by BenSon_A27_Zong)\n|\n|t:|1776623990\n|teamsize|p1|4\n|teamsize|p2|4\n|start\n|switch|p1a: Jerry Rivera|Kyogre, L50|100/100\n|switch|p1b: Bukele|Tornadus, L50, M|100/100\n|switch|p2a: Smeargle|Smeargle, L50, F|100/100\n|switch|p2b: Dragonite|Dragonite, L50, M|100/100\n|-weather|RainDance|[from] ability: Drizzle|[of] p1a: Jerry Rivera\n|turn|1\n|\n|t:|1776624005\n|-terastallize|p2b: Dragonite|Normal\n|move|p2a: Smeargle|Wide Guard|p2a: Smeargle\n|-singleturn|p2a: Smeargle|Wide Guard\n|move|p2b: Dragonite|Extreme Speed|p1b: Bukele\n|-enditem|p1b: Bukele|Focus Sash\n|-damage|p1b: Bukele|1/100\n|move|p1b: Bukele|Bleakwind Storm|p2b: Dragonite|[spread] \n|-activate|p2a: Smeargle|move: Wide Guard\n|-activate|p2b: Dragonite|move: Wide Guard\n|move|p1a: Jerry Rivera|Origin Pulse|p2a: Smeargle|[spread] \n|-activate|p2a: Smeargle|move: Wide Guard\n|-activate|p2b: Dragonite|move: Wide Guard\n|\n|-weather|RainDance|[upkeep]\n|-ability|p2a: Smeargle|Moody|boost\n|-boost|p2a: Smeargle|def|2\n|-unboost|p2a: Smeargle|atk|1\n|upkeep\n|turn|2\n|\n|t:|1776624025\n|move|p2b: Dragonite|Extreme Speed|p1b: Bukele\n|-damage|p1b: Bukele|0 fnt\n|faint|p1b: Bukele\n|move|p1a: Jerry Rivera|Origin Pulse|p2a: Smeargle|[spread] p2a,p2b\n|-enditem|p2a: Smeargle|Focus Sash\n|-damage|p2a: Smeargle|1/100\n|-damage|p2b: Dragonite|0 fnt\n|faint|p2b: Dragonite\n|move|p2a: Smeargle|Spore|p1a: Jerry Rivera\n|-status|p1a: Jerry Rivera|slp|[from] move: Spore\n|\n|-weather|RainDance|[upkeep]\n|-ability|p2a: Smeargle|Moody|boost\n|-boost|p2a: Smeargle|spa|2\n|-unboost|p2a: Smeargle|spd|1\n|upkeep\n|\n|t:|1776624037\n|switch|p1b: F4b C4nch4|Zacian-Crowned, L50|100/100\n|switch|p2b: Muk|Muk-Alola, L50, M|100/100\n|-ability|p1b: F4b C4nch4|Intrepid Sword|boost\n|-boost|p1b: F4b C4nch4|atk|1\n|turn|3\n|inactive|Bodfachero has 30 seconds left.\n|\n|t:|1776624070\n|-terastallize|p1b: F4b C4nch4|Dragon\n|move|p2a: Smeargle|Follow Me|p2a: Smeargle\n|-singleturn|p2a: Smeargle|move: Follow Me\n|move|p1b: F4b C4nch4|Behemoth Blade|p2a: Smeargle\n|-damage|p2a: Smeargle|0 fnt\n|faint|p2a: Smeargle\n|-ability|p2b: Muk|Moody|Power of Alchemy|[from] ability: Power of Alchemy|[of] p2a: Smeargle\n|cant|p1a: Jerry Rivera|slp\n|move|p2b: Muk|Minimize|p2b: Muk\n|-boost|p2b: Muk|evasion|2\n|\n|-weather|RainDance|[upkeep]\n|-ability|p2b: Muk|Moody|boost\n|-boost|p2b: Muk|def|2\n|-unboost|p2b: Muk|spe|1\n|upkeep\n|\n|t:|1776624072\n|switch|p2a: Flamigo|Flamigo, L50, M|100/100\n|-copyboost|p2a: Flamigo|p2b: Muk|[from] ability: Costar\n|-enditem|p2a: Flamigo|White Herb\n|-clearnegativeboost|p2a: Flamigo|[silent]\n|turn|4\n|\n|t:|1776624095\n|move|p1b: F4b C4nch4|Sacred Sword|p2a: Flamigo\n|-resisted|p2a: Flamigo\n|-damage|p2a: Flamigo|64/100\n|cant|p1a: Jerry Rivera|slp\n|move|p2a: Flamigo|Substitute|p2a: Flamigo\n|-start|p2a: Flamigo|Substitute\n|-damage|p2a: Flamigo|39/100\n|move|p2b: Muk|Minimize|p2b: Muk\n|-boost|p2b: Muk|evasion|2\n|\n|-weather|RainDance|[upkeep]\n|-ability|p2b: Muk|Moody|boost\n|-boost|p2b: Muk|spd|2\n|-unboost|p2b: Muk|spe|1\n|upkeep\n|turn|5\n|\n|t:|1776624117\n|move|p2b: Muk|Protect|p2b: Muk\n|-singleturn|p2b: Muk|Protect\n|move|p1b: F4b C4nch4|Behemoth Blade|p2a: Flamigo|[miss]\n|-miss|p1b: F4b C4nch4|p2a: Flamigo\n|move|p2a: Flamigo|Roost|p2a: Flamigo\n|-heal|p2a: Flamigo|90/100\n|-singleturn|p2a: Flamigo|move: Roost\n|-curestatus|p1a: Jerry Rivera|slp|[msg]\n|move|p1a: Jerry Rivera|Origin Pulse|p2a: Flamigo|[spread] \n|-activate|p2b: Muk|move: Protect\n|-miss|p1a: Jerry Rivera|p2a: Flamigo\n|\n|-weather|none\n|-ability|p2b: Muk|Moody|boost\n|-boost|p2b: Muk|spa|2\n|-unboost|p2b: Muk|spd|1\n|upkeep\n|turn|6\n|\n|t:|1776624135\n|switch|p1a: HAO|Ditto, L50|100/100\n|-transform|p1a: HAO|p2b: Muk|[from] ability: Imposter\n|move|p1b: F4b C4nch4|Protect|p1b: F4b C4nch4\n|-singleturn|p1b: F4b C4nch4|Protect\n|move|p2a: Flamigo|Brave Bird|p1b: F4b C4nch4\n|-activate|p1b: F4b C4nch4|move: Protect\n|move|p2b: Muk|Minimize|p2b: Muk\n|-boost|p2b: Muk|evasion|2\n|\n|-ability|p1a: HAO|Moody|boost\n|-boost|p1a: HAO|spa|2\n|-unboost|p1a: HAO|spd|1\n|-ability|p2b: Muk|Moody|boost\n|-boost|p2b: Muk|spe|2\n|-unboost|p2b: Muk|def|1\n|upkeep\n|turn|7\n|inactive|Bodfachero has 30 seconds left.\n|\n|t:|1776624160\n|move|p1b: F4b C4nch4|Play Rough|p2a: Flamigo\n|-supereffective|p2a: Flamigo\n|-end|p2a: Flamigo|Substitute\n|move|p2a: Flamigo|Brave Bird|p1b: F4b C4nch4\n|-damage|p1b: F4b C4nch4|49/100\n|-damage|p2a: Flamigo|71/100|[from] Recoil\n|move|p2b: Muk|Poison Jab|p1b: F4b C4nch4\n|-damage|p1b: F4b C4nch4|23/100\n|move|p1a: HAO|Minimize|p1a: HAO\n|-boost|p1a: HAO|evasion|2\n|\n|-ability|p2b: Muk|Moody|boost\n|-boost|p2b: Muk|spd|2\n|-unboost|p2b: Muk|spa|1\n|-ability|p1a: HAO|Moody|boost\n|-boost|p1a: HAO|spa|2\n|-unboost|p1a: HAO|def|1\n|upkeep\n|turn|8\n|\n|t:|1776624180\n|move|p1b: F4b C4nch4|Play Rough|p2a: Flamigo\n|-supereffective|p2a: Flamigo\n|-damage|p2a: Flamigo|0 fnt\n|faint|p2a: Flamigo\n|move|p2b: Muk|Poison Jab|p1b: F4b C4nch4\n|-damage|p1b: F4b C4nch4|0 fnt\n|faint|p1b: F4b C4nch4\n|move|p1a: HAO|Poison Jab|p2b: Muk|[miss]\n|-miss|p1a: HAO|p2b: Muk\n|\n|-ability|p2b: Muk|Moody|boost\n|-boost|p2b: Muk|atk|2\n|-unboost|p2b: Muk|spe|1\n|-ability|p1a: HAO|Moody|boost\n|-boost|p1a: HAO|spe|2\n|-unboost|p1a: HAO|atk|1\n|upkeep\n|\n|t:|1776624188\n|switch|p1b: Jerry Rivera|Kyogre, L50|100/100\n|-weather|RainDance|[from] ability: Drizzle|[of] p1b: Jerry Rivera\n|turn|9\n|\n|t:|1776624194\n|move|p2b: Muk|Protect|p2b: Muk\n|-singleturn|p2b: Muk|Protect\n|move|p1b: Jerry Rivera|Water Spout|p2b: Muk\n|-activate|p2b: Muk|move: Protect\n|move|p1a: HAO|Poison Jab|p2b: Muk\n|-activate|p2b: Muk|move: Protect\n|\n|-weather|RainDance|[upkeep]\n|-ability|p1a: HAO|Moody|boost\n|-boost|p1a: HAO|def|2\n|-unboost|p1a: HAO|spe|1\n|-ability|p2b: Muk|Moody|boost\n|-boost|p2b: Muk|def|2\n|-unboost|p2b: Muk|atk|1\n|upkeep\n|turn|10\n|\n|t:|1776624199\n|move|p1b: Jerry Rivera|Water Spout|p2b: Muk|[miss]\n|-miss|p1b: Jerry Rivera|p2b: Muk\n|move|p1a: HAO|Poison Jab|p2b: Muk|[miss]\n|-miss|p1a: HAO|p2b: Muk\n|move|p2b: Muk|Poison Jab|p1b: Jerry Rivera\n|-damage|p1b: Jerry Rivera|54/100\n|-status|p1b: Jerry Rivera|psn\n|\n|-weather|RainDance|[upkeep]\n|-damage|p1b: Jerry Rivera|42/100 psn|[from] psn\n|-ability|p1a: HAO|Moody|boost\n|-boost|p1a: HAO|atk|2\n|-unboost|p1a: HAO|spd|1\n|-ability|p2b: Muk|Moody|boost\n|-boost|p2b: Muk|spe|2\n|-unboost|p2b: Muk|atk|1\n|upkeep\n|turn|11\n|\n|t:|1776624208\n|move|p2b: Muk|Protect|p2b: Muk\n|-singleturn|p2b: Muk|Protect\n|move|p1b: Jerry Rivera|Water Spout|p2b: Muk\n|-activate|p2b: Muk|move: Protect\n|move|p1a: HAO|Poison Jab|p2b: Muk\n|-activate|p2b: Muk|move: Protect\n|\n|-weather|RainDance|[upkeep]\n|-damage|p1b: Jerry Rivera|30/100 psn|[from] psn\n|-ability|p2b: Muk|Moody|boost\n|-boost|p2b: Muk|spa|2\n|-unboost|p2b: Muk|spe|1\n|-ability|p1a: HAO|Moody|boost\n|-boost|p1a: HAO|spe|2\n|-unboost|p1a: HAO|atk|1\n|upkeep\n|turn|12\n|\n|t:|1776624212\n|move|p1b: Jerry Rivera|Water Spout|p2b: Muk|[miss]\n|-miss|p1b: Jerry Rivera|p2b: Muk\n|move|p1a: HAO|Poison Jab|p2b: Muk|[miss]\n|-miss|p1a: HAO|p2b: Muk\n|move|p2b: Muk|Poison Jab|p1b: Jerry Rivera\n|-damage|p1b: Jerry Rivera|0 fnt\n|faint|p1b: Jerry Rivera\n|\n|-weather|RainDance|[upkeep]\n|-ability|p1a: HAO|Moody|boost\n|-boost|p1a: HAO|spd|2\n|-unboost|p1a: HAO|spe|1\n|-ability|p2b: Muk|Moody|boost\n|-boost|p2b: Muk|atk|2\n|-unboost|p2b: Muk|spa|1\n|upkeep\n|turn|13\n|\n|t:|1776624230\n|move|p1a: HAO|Protect|p1a: HAO\n|-singleturn|p1a: HAO|Protect\n|move|p2b: Muk|Poison Jab|p1a: HAO\n|-activate|p1a: HAO|move: Protect\n|\n|-weather|none\n|-ability|p2b: Muk|Moody|boost\n|-boost|p2b: Muk|spa|2\n|-unboost|p2b: Muk|spe|1\n|-ability|p1a: HAO|Moody|boost\n|-boost|p1a: HAO|def|2\n|-unboost|p1a: HAO|spd|1\n|upkeep\n|turn|14\n|\n|t:|1776624248\n|move|p1a: HAO|Minimize|p1a: HAO\n|-boost|p1a: HAO|evasion|0\n|move|p2b: Muk|Poison Jab|p1a: HAO\n|-resisted|p1a: HAO\n|-damage|p1a: HAO|91/100\n|\n|-ability|p1a: HAO|Moody|boost\n|-boost|p1a: HAO|spd|2\n|-unboost|p1a: HAO|spa|1\n|-ability|p2b: Muk|Moody|boost\n|-boost|p2b: Muk|spd|2\n|-unboost|p2b: Muk|spa|1\n|upkeep\n|turn|15\n|\n|t:|1776624263\n|move|p1a: HAO|Minimize|p1a: HAO\n|-boost|p1a: HAO|evasion|0\n|move|p2b: Muk|Minimize|p2b: Muk\n|-boost|p2b: Muk|evasion|0\n|\n|-ability|p1a: HAO|Moody|boost\n|-boost|p1a: HAO|def|1\n|-unboost|p1a: HAO|spd|1\n|-ability|p2b: Muk|Moody|boost\n|-boost|p2b: Muk|atk|2\n|-unboost|p2b: Muk|def|1\n|upkeep\n|turn|16\n|\n|t:|1776624269\n|move|p1a: HAO|Minimize|p1a: HAO\n|-boost|p1a: HAO|evasion|0\n|move|p2b: Muk|Minimize|p2b: Muk\n|-boost|p2b: Muk|evasion|0\n|\n|-ability|p1a: HAO|Moody|boost\n|-boost|p1a: HAO|spa|1\n|-unboost|p1a: HAO|spd|1\n|-ability|p2b: Muk|Moody|boost\n|-boost|p2b: Muk|def|2\n|-unboost|p2b: Muk|spe|1\n|upkeep\n|turn|17\n|\n|t:|1776624284\n|move|p1a: HAO|Minimize|p1a: HAO\n|-boost|p1a: HAO|evasion|0\n|move|p2b: Muk|Minimize|p2b: Muk\n|-boost|p2b: Muk|evasion|0\n|\n|-ability|p1a: HAO|Moody|boost\n|-boost|p1a: HAO|atk|2\n|-unboost|p1a: HAO|spe|1\n|-ability|p2b: Muk|Moody|boost\n|-boost|p2b: Muk|atk|2\n|-unboost|p2b: Muk|def|1\n|upkeep\n|turn|18\n|\n|t:|1776624298\n|move|p1a: HAO|Protect|p1a: HAO\n|-singleturn|p1a: HAO|Protect\n|move|p2b: Muk|Minimize|p2b: Muk\n|-boost|p2b: Muk|evasion|0\n|\n|-ability|p1a: HAO|Moody|boost\n|-boost|p1a: HAO|spe|2\n|-unboost|p1a: HAO|spa|1\n|-ability|p2b: Muk|Moody|boost\n|-boost|p2b: Muk|spd|1\n|-unboost|p2b: Muk|def|1\n|upkeep\n|turn|19\n|\n|t:|1776624311\n|move|p1a: HAO|Protect||[still]\n|-fail|p1a: HAO\n|move|p2b: Muk|Minimize|p2b: Muk\n|-boost|p2b: Muk|evasion|0\n|\n|-ability|p1a: HAO|Moody|boost\n|-boost|p1a: HAO|spa|1\n|-unboost|p1a: HAO|spe|1\n|-ability|p2b: Muk|Moody|boost\n|-boost|p2b: Muk|def|2\n|-unboost|p2b: Muk|spe|1\n|upkeep\n|turn|20\n|\n|t:|1776624317\n|move|p1a: HAO|Protect|p1a: HAO\n|-singleturn|p1a: HAO|Protect\n|move|p2b: Muk|Minimize|p2b: Muk\n|-boost|p2b: Muk|evasion|0\n|\n|-ability|p1a: HAO|Moody|boost\n|-boost|p1a: HAO|spd|2\n|-unboost|p1a: HAO|spe|1\n|-ability|p2b: Muk|Moody|boost\n|-boost|p2b: Muk|spa|2\n|-unboost|p2b: Muk|spd|1\n|upkeep\n|turn|21\n|\n|t:|1776624328\n|move|p1a: HAO|Rest|p1a: HAO\n|-status|p1a: HAO|slp|[from] move: Rest\n|-heal|p1a: HAO|100/100 slp|[silent]\n|move|p2b: Muk|Minimize|p2b: Muk\n|-boost|p2b: Muk|evasion|0\n|\n|-ability|p1a: HAO|Moody|boost\n|-boost|p1a: HAO|atk|2\n|-unboost|p1a: HAO|spa|1\n|-ability|p2b: Muk|Moody|boost\n|-boost|p2b: Muk|spa|1\n|-unboost|p2b: Muk|spe|1\n|upkeep\n|turn|22\n|\n|t:|1776624336\n|cant|p1a: HAO|slp\n|move|p2b: Muk|Minimize|p2b: Muk\n|-boost|p2b: Muk|evasion|0\n|\n|-ability|p1a: HAO|Moody|boost\n|-boost|p1a: HAO|spd|2\n|-unboost|p1a: HAO|def|1\n|-ability|p2b: Muk|Moody|boost\n|-boost|p2b: Muk|spd|1\n|-unboost|p2b: Muk|spa|1\n|upkeep\n|turn|23\n|\n|t:|1776624348\n|cant|p1a: HAO|slp\n|move|p2b: Muk|Minimize|p2b: Muk\n|-boost|p2b: Muk|evasion|0\n|\n|-ability|p1a: HAO|Moody|boost\n|-boost|p1a: HAO|spa|1\n|-unboost|p1a: HAO|spd|1\n|-ability|p2b: Muk|Moody|boost\n|-boost|p2b: Muk|spa|1\n|-unboost|p2b: Muk|spd|1\n|upkeep\n|turn|24\n|\n|t:|1776624356\n|-curestatus|p1a: HAO|slp|[msg]\n|move|p1a: HAO|Protect|p1a: HAO\n|-singleturn|p1a: HAO|Protect\n|move|p2b: Muk|Minimize|p2b: Muk\n|-boost|p2b: Muk|evasion|0\n|\n|-ability|p1a: HAO|Moody|boost\n|-boost|p1a: HAO|def|1\n|-unboost|p1a: HAO|spe|1\n|-ability|p2b: Muk|Moody|boost\n|-boost|p2b: Muk|spe|2\n|-unboost|p2b: Muk|spa|1\n|upkeep\n|turn|25\n|\n|t:|1776624370\n|move|p2b: Muk|Minimize|p2b: Muk\n|-boost|p2b: Muk|evasion|0\n|move|p1a: HAO|Rest|p1a: HAO\n|-fail|p1a: HAO|heal\n|\n|-ability|p2b: Muk|Moody|boost\n|-boost|p2b: Muk|spd|1\n|-unboost|p2b: Muk|spa|1\n|-ability|p1a: HAO|Moody|boost\n|-boost|p1a: HAO|spe|2\n|-unboost|p1a: HAO|spa|1\n|upkeep\n|turn|26\n|\n|t:|1776624374\n|move|p1a: HAO|Rest|p1a: HAO\n|-fail|p1a: HAO|heal\n|move|p2b: Muk|Minimize|p2b: Muk\n|-boost|p2b: Muk|evasion|0\n|\n|-ability|p1a: HAO|Moody|boost\n|-boost|p1a: HAO|spe|2\n|-unboost|p1a: HAO|def|1\n|-ability|p2b: Muk|Moody|boost\n|-boost|p2b: Muk|def|2\n|-unboost|p2b: Muk|spa|1\n|upkeep\n|turn|27\n|\n|t:|1776624379\n|move|p1a: HAO|Rest|p1a: HAO\n|-fail|p1a: HAO|heal\n|move|p2b: Muk|Minimize|p2b: Muk\n|-boost|p2b: Muk|evasion|0\n|\n|-ability|p1a: HAO|Moody|boost\n|-boost|p1a: HAO|def|1\n|-unboost|p1a: HAO|spe|1\n|-ability|p2b: Muk|Moody|boost\n|-boost|p2b: Muk|spa|2\n|-unboost|p2b: Muk|atk|1\n|upkeep\n|turn|28\n|\n|t:|1776624386\n|move|p1a: HAO|Rest|p1a: HAO\n|-fail|p1a: HAO|heal\n|move|p2b: Muk|Rest|p2b: Muk\n|-fail|p2b: Muk|heal\n|\n|-ability|p1a: HAO|Moody|boost\n|-boost|p1a: HAO|atk|2\n|-unboost|p1a: HAO|def|1\n|-ability|p2b: Muk|Moody|boost\n|-boost|p2b: Muk|spe|2\n|-unboost|p2b: Muk|spd|1\n|upkeep\n|turn|29\n|\n|t:|1776624394\n|-activate|p1a: HAO|move: Struggle\n|move|p1a: HAO|Struggle|p2b: Muk\n|-damage|p2b: Muk|91/100\n|-damage|p1a: HAO|75/100|[from] recoil\n|move|p2b: Muk|Rest|p2b: Muk\n|-status|p2b: Muk|slp|[from] move: Rest\n|-heal|p2b: Muk|100/100 slp|[silent]\n|\n|-ability|p1a: HAO|Moody|boost\n|-boost|p1a: HAO|spe|2\n|-unboost|p1a: HAO|def|1\n|-ability|p2b: Muk|Moody|boost\n|-boost|p2b: Muk|spe|2\n|-unboost|p2b: Muk|spd|1\n|upkeep\n|turn|30\n|\n|t:|1776624403\n|-activate|p1a: HAO|move: Struggle\n|move|p1a: HAO|Struggle|p2b: Muk\n|-damage|p2b: Muk|90/100 slp\n|-damage|p1a: HAO|50/100|[from] recoil\n|cant|p2b: Muk|slp\n|\n|-heal|p2b: Muk|96/100 slp|[from] item: Leftovers\n|-ability|p1a: HAO|Moody|boost\n|-boost|p1a: HAO|spe|2\n|-unboost|p1a: HAO|spd|1\n|-ability|p2b: Muk|Moody|boost\n|-boost|p2b: Muk|spe|2\n|-unboost|p2b: Muk|def|1\n|upkeep\n|turn|31\n|\n|t:|1776624407\n|-activate|p1a: HAO|move: Struggle\n|move|p1a: HAO|Struggle|p2b: Muk\n|-damage|p2b: Muk|85/100 slp\n|-damage|p1a: HAO|25/100|[from] recoil\n|cant|p2b: Muk|slp\n|\n|-heal|p2b: Muk|92/100 slp|[from] item: Leftovers\n|-ability|p1a: HAO|Moody|boost\n|-boost|p1a: HAO|spe|1\n|-unboost|p1a: HAO|spd|1\n|-ability|p2b: Muk|Moody|boost\n|-boost|p2b: Muk|spe|2\n|-unboost|p2b: Muk|spa|1\n|upkeep\n|turn|32\n|\n|t:|1776624410\n|-activate|p1a: HAO|move: Struggle\n|move|p1a: HAO|Struggle|p2b: Muk\n|-damage|p2b: Muk|80/100 slp\n|-damage|p1a: HAO|0 fnt|[from] recoil\n|faint|p1a: HAO\n|\n|win|BenSon_A27_Zong\n|raw|Bodfachero's rating: 1370 &rarr; <strong>1350</strong><br />(-20 for losing)\n|raw|BenSon_A27_Zong's rating: 1377 &rarr; <strong>1397</strong><br />(+20 for winning)\n|l|\u2606BenSon_A27_Zong\n|player|p2|\n","uploadtime":1776624602,"views":10,"formatid":"gen9vgc2026regi","rating":1350,"private":0,"password":null}