{"id":"gen9vgc2026regi-2588693474","format":"[Gen 9] VGC 2026 Reg I","players":["nowaythisistaken","pigduckeater"],"log":"|j|\u2606nowaythisistaken\n|j|\u2606pigduckeater\n|t:|1776658497\n|gametype|doubles\n|player|p1|nowaythisistaken|ninjaboy|1326\n|player|p2|pigduckeater|265|1439\n|gen|9\n|tier|[Gen 9] VGC 2026 Reg I\n|rated|\n|rule|Species Clause: Limit one of each Pok\u00e9mon\n|rule|Item Clause: Limit 1 of each item\n|clearpoke\n|poke|p1|Kyogre, L50|\n|poke|p1|Tsareena, L50, F|\n|poke|p1|Urshifu-*, L50, M|\n|poke|p1|Zacian-*, L50|\n|poke|p1|Tornadus, L50, M|\n|poke|p1|Iron Hands, L50|\n|poke|p2|Miraidon, L50|\n|poke|p2|Terapagos, L50, M|\n|poke|p2|Illumise, L50, F|\n|poke|p2|Wo-Chien, L50|\n|poke|p2|Hitmontop, L50, M|\n|poke|p2|Farigiraf, L50, M|\n|teampreview|4\n|inactive|Battle timer is ON: inactive players will automatically lose when time's up. (requested by nowaythisistaken)\n|\n|t:|1776658554\n|teamsize|p1|4\n|teamsize|p2|4\n|start\n|switch|p1a: Kyogre|Kyogre, L50|100/100\n|switch|p1b: Urshifu|Urshifu-Rapid-Strike, L50, M|100/100\n|switch|p2a: Farigiraf|Farigiraf, L50, M|100/100\n|switch|p2b: Miraidon|Miraidon, L50|100/100\n|-fieldstart|move: Electric Terrain|[from] ability: Hadron Engine|[of] p2b: Miraidon\n|-weather|RainDance|[from] ability: Drizzle|[of] p1a: Kyogre\n|turn|1\n|inactive|pigduckeater has 30 seconds left.\n|\n|t:|1776658582\n|-terastallize|p1a: Kyogre|Grass\n|move|p1b: Urshifu|Surging Strikes|p2a: Farigiraf\n|-crit|p2a: Farigiraf\n|-damage|p2a: Farigiraf|72/100\n|-damage|p1b: Urshifu|84/100|[from] item: Rocky Helmet|[of] p2a: Farigiraf\n|-crit|p2a: Farigiraf\n|-damage|p2a: Farigiraf|42/100\n|-damage|p1b: Urshifu|68/100|[from] item: Rocky Helmet|[of] p2a: Farigiraf\n|-crit|p2a: Farigiraf\n|-damage|p2a: Farigiraf|12/100\n|-damage|p1b: Urshifu|51/100|[from] item: Rocky Helmet|[of] p2a: Farigiraf\n|-hitcount|p2a: Farigiraf|3\n|move|p2b: Miraidon|Electro Drift|p1a: Kyogre\n|-resisted|p1a: Kyogre\n|-damage|p1a: Kyogre|56/100\n|-damage|p2b: Miraidon|91/100|[from] item: Life Orb\n|move|p1a: Kyogre|Ice Beam|p2b: Miraidon\n|-supereffective|p2b: Miraidon\n|-damage|p2b: Miraidon|37/100\n|move|p2a: Farigiraf|Baton Pass|p2a: Farigiraf\n|\n|t:|1776658589\n|switch|p2a: Terapagos|Terapagos, L50, M|100/100|[from] Baton Pass\n|-activate|p2a: Terapagos|ability: Tera Shift\n|detailschange|p2a: Terapagos|Terapagos-Terastal, L50, M\n|-heal|p2a: Terapagos|100/100|[silent]\n|\n|-weather|RainDance|[upkeep]\n|upkeep\n|turn|2\n|inactive|nowaythisistaken has 30 seconds left.\n|\n|t:|1776658622\n|switch|p1b: Zacian|Zacian-Crowned, L50|100/100\n|-ability|p1b: Zacian|Intrepid Sword|boost\n|-boost|p1b: Zacian|atk|1\n|switch|p2b: Farigiraf|Farigiraf, L50, M|12/100\n|-terastallize|p2a: Terapagos|Stellar\n|detailschange|p2a: Terapagos|Terapagos-Stellar, L50, M, tera:Stellar\n|-heal|p2a: Terapagos|100/100|[silent]\n|-ability|p2a: Terapagos|Teraform Zero\n|-weather|none\n|-fieldend|move: Electric Terrain\n|move|p1a: Kyogre|Protect|p1a: Kyogre\n|-singleturn|p1a: Kyogre|Protect\n|move|p2a: Terapagos|Tera Starstorm|p1a: Kyogre|[spread] p1b\n|-activate|p1a: Kyogre|move: Protect\n|-damage|p1b: Zacian|66/100\n|\n|upkeep\n|turn|3\n|inactive|nowaythisistaken has 30 seconds left.\n|\n|t:|1776658650\n|move|p2b: Farigiraf|Helping Hand|p2a: Terapagos\n|-singleturn|p2a: Terapagos|Helping Hand|[of] p2b: Farigiraf\n|move|p2a: Terapagos|Tera Starstorm|p1a: Kyogre|[spread] p1a,p1b\n|-supereffective|p1a: Kyogre\n|-damage|p1a: Kyogre|0 fnt\n|-damage|p1b: Zacian|13/100\n|faint|p1a: Kyogre\n|move|p1b: Zacian|Behemoth Blade|p2a: Terapagos\n|-crit|p2a: Terapagos\n|-damage|p2a: Terapagos|10/100\n|\n|upkeep\n|\n|t:|1776658669\n|switch|p1a: Tsareena|Tsareena, L50, F|100/100\n|turn|4\n|\n|t:|1776658676\n|move|p1b: Zacian|Protect|p1b: Zacian\n|-singleturn|p1b: Zacian|Protect\n|move|p2a: Terapagos|Tera Starstorm|p1a: Tsareena|[spread] p1a\n|-activate|p1b: Zacian|move: Protect\n|-damage|p1a: Tsareena|54/100\n|move|p1a: Tsareena|Triple Axel|p2a: Terapagos\n|-damage|p2a: Terapagos|5/100\n|-damage|p2a: Terapagos|0 fnt\n|faint|p2a: Terapagos\n|detailschange|p2: Terapagos|Terapagos, L50, M|[silent]\n|-hitcount|p2: Terapagos|2\n|move|p2b: Farigiraf|Trick Room|p2b: Farigiraf\n|-fieldstart|move: Trick Room|[of] p2b: Farigiraf\n|\n|upkeep\n|\n|t:|1776658680\n|switch|p2a: Hitmontop|Hitmontop, L50, M|100/100\n|-ability|p2a: Hitmontop|Intimidate|boost\n|-unboost|p1a: Tsareena|atk|1\n|-unboost|p1b: Zacian|atk|1\n|turn|5\n|inactive|nowaythisistaken has 30 seconds left.\n|\n|t:|1776658707\n|switch|p1b: Urshifu|Urshifu-Rapid-Strike, L50, M|51/100\n|move|p2b: Farigiraf|Psychic Noise|p1a: Tsareena\n|-damage|p1a: Tsareena|20/100\n|-start|p1a: Tsareena|move: Heal Block\n|move|p2a: Hitmontop|Close Combat|p1b: Urshifu\n|-damage|p1b: Urshifu|13/100\n|-unboost|p2a: Hitmontop|def|1\n|-unboost|p2a: Hitmontop|spd|1\n|move|p1a: Tsareena|Triple Axel|p2a: Hitmontop\n|-damage|p2a: Hitmontop|92/100\n|-damage|p2a: Hitmontop|75/100\n|-damage|p2a: Hitmontop|50/100\n|-hitcount|p2a: Hitmontop|3\n|\n|upkeep\n|turn|6\n|inactive|nowaythisistaken has 30 seconds left.\n|\n|t:|1776658738\n|move|p1a: Tsareena|Protect|p1a: Tsareena\n|-singleturn|p1a: Tsareena|Protect\n|move|p2b: Farigiraf|Psychic Noise|p1a: Tsareena\n|-activate|p1a: Tsareena|move: Protect\n|move|p2a: Hitmontop|Close Combat|p1b: Urshifu\n|-damage|p1b: Urshifu|0 fnt\n|-unboost|p2a: Hitmontop|def|1\n|-unboost|p2a: Hitmontop|spd|1\n|faint|p1b: Urshifu\n|\n|-end|p1a: Tsareena|move: Heal Block\n|upkeep\n|\n|t:|1776658746\n|switch|p1b: Zacian|Zacian-Crowned, L50|13/100\n|turn|7\n|\n|t:|1776658757\n|move|p1a: Tsareena|Protect|p1a: Tsareena\n|-singleturn|p1a: Tsareena|Protect\n|move|p1b: Zacian|Protect|p1b: Zacian\n|-singleturn|p1b: Zacian|Protect\n|move|p2b: Farigiraf|Psychic Noise|p1a: Tsareena\n|-activate|p1a: Tsareena|move: Protect\n|move|p2a: Hitmontop|Close Combat|p1b: Zacian\n|-activate|p1b: Zacian|move: Protect\n|\n|upkeep\n|turn|8\n|\n|t:|1776658773\n|move|p1a: Tsareena|Protect||[still]\n|-fail|p1a: Tsareena\n|move|p1b: Zacian|Protect||[still]\n|-fail|p1b: Zacian\n|move|p2b: Farigiraf|Psychic Noise|p1a: Tsareena\n|-damage|p1a: Tsareena|0 fnt\n|faint|p1a: Tsareena\n|move|p2a: Hitmontop|Close Combat|p1b: Zacian\n|-damage|p1b: Zacian|0 fnt\n|-unboost|p2a: Hitmontop|def|1\n|-unboost|p2a: Hitmontop|spd|1\n|faint|p1b: Zacian\n|\n|win|pigduckeater\n|raw|nowaythisistaken's rating: 1326 &rarr; <strong>1312</strong><br />(-14 for losing)\n|raw|pigduckeater's rating: 1439 &rarr; <strong>1453</strong><br />(+14 for winning)\n|l|\u2606pigduckeater\n|player|p2|\n|l|\u2606nowaythisistaken\n|player|p1|\n","uploadtime":1776659104,"views":7,"formatid":"gen9vgc2026regi","rating":1312,"private":0,"password":null}