{"id":"gen9vgc2026regi-2540754861","format":"[Gen 9] VGC 2026 Reg I","players":["Lewissquire","Luca8"],"log":"|j|\u2606Lewissquire\n|j|\u2606Luca8\n|t:|1771250183\n|gametype|doubles\n|player|p1|Lewissquire|2|1412\n|player|p2|Luca8|flint|1464\n|gen|9\n|tier|[Gen 9] VGC 2026 Reg I\n|rated|\n|rule|Species Clause: Limit one of each Pok\u00e9mon\n|rule|Item Clause: Limit 1 of each item\n|clearpoke\n|poke|p1|Miraidon, L50|\n|poke|p1|Calyrex-Ice, L50|\n|poke|p1|Incineroar, L50, M|\n|poke|p1|Urshifu-*, L50, M|\n|poke|p1|Amoonguss, L50, M|\n|poke|p1|Volcarona, L50, F|\n|poke|p2|Whimsicott, L50, M|\n|poke|p2|Kyogre, L50|\n|poke|p2|Landorus, L50, M|\n|poke|p2|Lunala, L50|\n|poke|p2|Farigiraf, L50, M|\n|poke|p2|Amoonguss, L50, M|\n|teampreview|4\n|\n|t:|1771250202\n|teamsize|p1|4\n|teamsize|p2|4\n|start\n|switch|p1a: Miraidon|Miraidon, L50|100/100\n|switch|p1b: Volcarona|Volcarona, L50, F|100/100\n|switch|p2a: Landorus|Landorus, L50, M|100/100\n|switch|p2b: Whimsicott|Whimsicott, L50, M|100/100\n|-fieldstart|move: Electric Terrain|[from] ability: Hadron Engine|[of] p1a: Miraidon\n|-enditem|p1b: Volcarona|Electric Seed\n|-boost|p1b: Volcarona|def|1|[from] item: Electric Seed\n|turn|1\n|inactive|Battle timer is ON: inactive players will automatically lose when time's up. (requested by Lewissquire)\n|\n|t:|1771250224\n|switch|p1a: Urshifu|Urshifu-Rapid-Strike, L50, M|100/100\n|move|p2b: Whimsicott|Tailwind|p2b: Whimsicott\n|-sidestart|p2: Luca8|move: Tailwind\n|move|p2a: Landorus|Sandsear Storm|p1a: Urshifu|[spread] p1a\n|-miss|p2a: Landorus|p1b: Volcarona\n|-damage|p1a: Urshifu|27/100\n|move|p1b: Volcarona|Struggle Bug|p2b: Whimsicott|[spread] p2a,p2b\n|-resisted|p2a: Landorus\n|-crit|p2b: Whimsicott\n|-damage|p2a: Landorus|91/100\n|-damage|p2b: Whimsicott|60/100\n|-unboost|p2a: Landorus|spa|1\n|-unboost|p2b: Whimsicott|spa|1\n|\n|upkeep\n|turn|2\n|\n|t:|1771250245\n|switch|p2b: Kyogre|Kyogre, L50|100/100\n|-weather|RainDance|[from] ability: Drizzle|[of] p2b: Kyogre\n|switch|p1a: Calyrex|Calyrex-Ice, L50|100/100\n|-ability|p1a: Calyrex|As One\n|-ability|p1a: Calyrex|Unnerve\n|move|p2a: Landorus|Sandsear Storm|p1b: Volcarona|[spread] p1a,p1b\n|-crit|p1a: Calyrex\n|-damage|p1a: Calyrex|42/100\n|-damage|p1b: Volcarona|64/100\n|move|p1b: Volcarona|Struggle Bug|p2a: Landorus|[spread] p2a,p2b\n|-resisted|p2a: Landorus\n|-damage|p2a: Landorus|81/100\n|-damage|p2b: Kyogre|88/100\n|-unboost|p2a: Landorus|spa|1\n|-unboost|p2b: Kyogre|spa|1\n|\n|-weather|RainDance|[upkeep]\n|upkeep\n|turn|3\n|\n|t:|1771250268\n|-terastallize|p1b: Volcarona|Grass\n|move|p1a: Calyrex|Protect|p1a: Calyrex\n|-singleturn|p1a: Calyrex|Protect\n|move|p2b: Kyogre|Water Spout|p1a: Calyrex|[spread] p1b\n|-activate|p1a: Calyrex|move: Protect\n|-resisted|p1b: Volcarona\n|-damage|p1b: Volcarona|39/100\n|move|p2a: Landorus|Sandsear Storm|p1a: Calyrex|[spread] p1b\n|-activate|p1a: Calyrex|move: Protect\n|-resisted|p1b: Volcarona\n|-damage|p1b: Volcarona|27/100\n|move|p1b: Volcarona|Struggle Bug|p2b: Kyogre|[spread] p2a,p2b\n|-resisted|p2a: Landorus\n|-damage|p2a: Landorus|70/100\n|-damage|p2b: Kyogre|75/100\n|-unboost|p2a: Landorus|spa|1\n|-unboost|p2b: Kyogre|spa|1\n|\n|-weather|RainDance|[upkeep]\n|upkeep\n|turn|4\n|inactive|Lewissquire has 30 seconds left.\n|\n|t:|1771250294\n|move|p2b: Kyogre|Water Spout|p1a: Calyrex|[spread] p1a,p1b\n|-resisted|p1b: Volcarona\n|-damage|p1a: Calyrex|21/100\n|-damage|p1b: Volcarona|10/100\n|move|p2a: Landorus|Sludge Bomb|p1b: Volcarona\n|-supereffective|p1b: Volcarona\n|-damage|p1b: Volcarona|0 fnt\n|faint|p1b: Volcarona\n|move|p1a: Calyrex|Trick Room|p1a: Calyrex\n|-fieldstart|move: Trick Room|[of] p1a: Calyrex\n|\n|-weather|RainDance|[upkeep]\n|-sideend|p2: Luca8|move: Tailwind\n|upkeep\n|\n|t:|1771250302\n|switch|p1b: Urshifu|Urshifu-Rapid-Strike, L50, M|27/100\n|turn|5\n|inactive|Luca8 has 30 seconds left.\n|\n|t:|1771250328\n|switch|p2a: Whimsicott|Whimsicott, L50, M|60/100\n|move|p1a: Calyrex|Glacial Lance|p2a: Whimsicott|[spread] p2a,p2b\n|-supereffective|p2a: Whimsicott\n|-crit|p2a: Whimsicott\n|-resisted|p2b: Kyogre\n|-damage|p2a: Whimsicott|0 fnt\n|-damage|p2b: Kyogre|44/100\n|faint|p2a: Whimsicott\n|-ability|p1a: Calyrex|Chilling Neigh|boost\n|-boost|p1a: Calyrex|atk|1\n|move|p1b: Urshifu|Surging Strikes|p2b: Kyogre\n|-resisted|p2b: Kyogre\n|-crit|p2b: Kyogre\n|-damage|p2b: Kyogre|19/100\n|-resisted|p2b: Kyogre\n|-crit|p2b: Kyogre\n|-damage|p2b: Kyogre|0 fnt\n|faint|p2b: Kyogre\n|-hitcount|p2: Kyogre|2\n|\n|-weather|RainDance|[upkeep]\n|-fieldend|move: Electric Terrain\n|upkeep\n|\n|t:|1771250347\n|switch|p2b: Landorus|Landorus, L50, M|70/100\n|switch|p2a: Lunala|Lunala, L50|100/100\n|turn|6\n|\n|t:|1771250368\n|-terastallize|p2b: Landorus|Electric\n|move|p1a: Calyrex|Glacial Lance|p2a: Lunala|[spread] p2a,p2b\n|-damage|p2a: Lunala|68/100\n|-damage|p2b: Landorus|0 fnt\n|faint|p2b: Landorus\n|-ability|p1a: Calyrex|Chilling Neigh|boost\n|-boost|p1a: Calyrex|atk|1\n|move|p1b: Urshifu|Surging Strikes|p2a: Lunala\n|-crit|p2a: Lunala\n|-damage|p2a: Lunala|30/100\n|-crit|p2a: Lunala\n|-damage|p2a: Lunala|0 fnt\n|faint|p2a: Lunala\n|-hitcount|p2: Lunala|2\n|\n|win|Lewissquire\n|raw|Lewissquire's rating: 1412 &rarr; <strong>1435</strong><br />(+23 for winning)\n|raw|Luca8's rating: 1464 &rarr; <strong>1441</strong><br />(-23 for losing)\n|l|\u2606Luca8\n|player|p2|\n|l|\u2606Lewissquire\n|player|p1|\n","uploadtime":1771250517,"views":32,"formatid":"gen9vgc2026regi","rating":1435,"private":0,"password":null}