{"id":"gen9vgc2026regi-2550681544","format":"[Gen 9] VGC 2026 Reg I","players":["blackred123","ConnerTEP"],"log":"|j|\u2606blackred123\n|j|\u2606ConnerTEP\n|t:|1772516035\n|gametype|doubles\n|player|p1|blackred123|iono-masters|1399\n|player|p2|ConnerTEP|acerola-masters2|1478\n|gen|9\n|tier|[Gen 9] VGC 2026 Reg I\n|rated|\n|rule|Species Clause: Limit one of each Pok\u00e9mon\n|rule|Item Clause: Limit 1 of each item\n|clearpoke\n|poke|p1|Kyogre, L50|\n|poke|p1|Zamazenta-*, L50|\n|poke|p1|Chien-Pao, L50|\n|poke|p1|Amoonguss, L50, M|\n|poke|p1|Dragonite, L50, M|\n|poke|p1|Rillaboom, L50, M|\n|poke|p2|Groudon, L50|\n|poke|p2|Miraidon, L50|\n|poke|p2|Volcarona, L50, M|\n|poke|p2|Gouging Fire, L50|\n|poke|p2|Farigiraf, L50, F|\n|poke|p2|Iron Hands, L50|\n|teampreview|4\n|inactive|Battle timer is ON: inactive players will automatically lose when time's up. (requested by ConnerTEP)\n|inactive|blackred123 also wants the timer to be on.\n|inactive|ConnerTEP has 60 seconds left.\n|inactive|ConnerTEP has 30 seconds left.\n|\n|t:|1772516101\n|teamsize|p1|4\n|teamsize|p2|4\n|start\n|switch|p1a: Zamazenta|Zamazenta-Crowned, L50|100/100\n|switch|p1b: Chien-Pao|Chien-Pao, L50|100/100\n|switch|p2a: Miraidon|Miraidon, L50|100/100\n|switch|p2b: Volcarona|Volcarona, L50, M|100/100\n|-fieldstart|move: Electric Terrain|[from] ability: Hadron Engine|[of] p2a: Miraidon\n|-ability|p1b: Chien-Pao|Sword of Ruin\n|-ability|p1a: Zamazenta|Dauntless Shield|boost\n|-boost|p1a: Zamazenta|def|1\n|turn|1\n|\n|t:|1772516118\n|-terastallize|p1a: Zamazenta|Grass\n|move|p2b: Volcarona|Rage Powder|p2b: Volcarona\n|-singleturn|p2b: Volcarona|move: Rage Powder\n|move|p2a: Miraidon|Volt Switch|p1b: Chien-Pao\n|-enditem|p1b: Chien-Pao|Focus Sash\n|-damage|p1b: Chien-Pao|1/100\n|\n|t:|1772516123\n|switch|p2a: Gouging Fire|Gouging Fire, L50|100/100|[from] Volt Switch\n|move|p1b: Chien-Pao|Ice Spinner|p2b: Volcarona\n|-resisted|p2b: Volcarona\n|-damage|p2b: Volcarona|75/100\n|-damage|p1b: Chien-Pao|0 fnt|[from] item: Rocky Helmet|[of] p2b: Volcarona\n|faint|p1b: Chien-Pao\n|move|p1a: Zamazenta|Body Press|p2a: Gouging Fire\n|-damage|p2a: Gouging Fire|55/100\n|\n|upkeep\n|\n|t:|1772516136\n|switch|p1b: Kyogre|Kyogre, L50|100/100\n|-weather|RainDance|[from] ability: Drizzle|[of] p1b: Kyogre\n|turn|2\n|\n|t:|1772516151\n|-end|p2a: Gouging Fire|Protosynthesis|[silent]\n|switch|p2a: Groudon|Groudon, L50|100/100\n|-weather|SunnyDay|[from] ability: Drought|[of] p2a: Groudon\n|-terastallize|p2b: Volcarona|Water\n|move|p1b: Kyogre|Water Spout|p2b: Volcarona|[spread] p2a,p2b\n|-supereffective|p2a: Groudon\n|-resisted|p2b: Volcarona\n|-damage|p2a: Groudon|53/100\n|-damage|p2b: Volcarona|63/100\n|move|p1a: Zamazenta|Body Press|p2b: Volcarona\n|-damage|p2b: Volcarona|8/100\n|-damage|p1a: Zamazenta|84/100|[from] item: Rocky Helmet|[of] p2b: Volcarona\n|move|p2b: Volcarona|Overheat|p1a: Zamazenta\n|-supereffective|p1a: Zamazenta\n|-damage|p1a: Zamazenta|0 fnt\n|-unboost|p2b: Volcarona|spa|2\n|faint|p1a: Zamazenta\n|\n|-weather|SunnyDay|[upkeep]\n|upkeep\n|\n|t:|1772516164\n|switch|p1a: Dragonite|Dragonite, L50, M|100/100\n|turn|3\n|\n|t:|1772516171\n|move|p2a: Groudon|Protect|p2a: Groudon\n|-singleturn|p2a: Groudon|Protect\n|move|p1a: Dragonite|Extreme Speed|p2a: Groudon\n|-activate|p2a: Groudon|move: Protect\n|move|p2b: Volcarona|Rage Powder|p2b: Volcarona\n|-singleturn|p2b: Volcarona|move: Rage Powder\n|move|p1b: Kyogre|Water Spout|p2a: Groudon|[spread] p2b\n|-activate|p2a: Groudon|move: Protect\n|-resisted|p2b: Volcarona\n|-damage|p2b: Volcarona|0 fnt\n|faint|p2b: Volcarona\n|\n|-weather|SunnyDay|[upkeep]\n|upkeep\n|inactive|ConnerTEP has 30 seconds left.\n|inactive|ConnerTEP has 20 seconds left.\n|\n|t:|1772516206\n|switch|p2b: Miraidon|Miraidon, L50|100/100\n|-activate|p2b: Miraidon|ability: Hadron Engine\n|turn|4\n|\n|t:|1772516211\n|move|p1a: Dragonite|Extreme Speed|p2b: Miraidon\n|-damage|p2b: Miraidon|57/100\n|move|p2b: Miraidon|Electro Drift|p1a: Dragonite\n|-damage|p1a: Dragonite|0 fnt\n|faint|p1a: Dragonite\n|move|p1b: Kyogre|Water Spout|p2a: Groudon|[spread] p2a,p2b\n|-supereffective|p2a: Groudon\n|-resisted|p2b: Miraidon\n|-damage|p2a: Groudon|2/100\n|-damage|p2b: Miraidon|47/100\n|move|p2a: Groudon|Precipice Blades|p1b: Kyogre\n|-damage|p1b: Kyogre|23/100\n|\n|-weather|SunnyDay|[upkeep]\n|upkeep\n|turn|5\n|-message|blackred123 forfeited.\n|\n|win|ConnerTEP\n|raw|blackred123's rating: 1399 &rarr; <strong>1385</strong><br />(-14 for losing)\n|raw|ConnerTEP's rating: 1506 &rarr; <strong>1520</strong><br />(+14 for winning)\n|l|\u2606blackred123\n|player|p1|\n|l|\u2606ConnerTEP\n|player|p2|\n","uploadtime":1772516360,"views":12,"formatid":"gen9vgc2026regi","rating":1385,"private":0,"password":null}