{"id":"gen9vgc2026regi-2542060929","format":"[Gen 9] VGC 2026 Reg I","players":["LinkXSwords","dthk1216"],"log":"|j|\u2606LinkXSwords\n|j|\u2606dthk1216\n|t:|1771408008\n|gametype|doubles\n|player|p1|LinkXSwords|cynthia-gen4|1472\n|player|p2|dthk1216|dawn|1598\n|gen|9\n|tier|[Gen 9] VGC 2026 Reg I\n|rated|\n|rule|Species Clause: Limit one of each Pok\u00e9mon\n|rule|Item Clause: Limit 1 of each item\n|clearpoke\n|poke|p1|Calyrex-Ice, L50|\n|poke|p1|Miraidon, L50|\n|poke|p1|Iron Hands, L50|\n|poke|p1|Farigiraf, L50, F|\n|poke|p1|Ogerpon-Hearthflame, L50, F|\n|poke|p1|Urshifu-*, L50, M|\n|poke|p2|Calyrex-Ice, L50|\n|poke|p2|Kyogre, L50|\n|poke|p2|Urshifu-*, L50, M|\n|poke|p2|Rillaboom, L50, M|\n|poke|p2|Grimmsnarl, L50, M|\n|poke|p2|Amoonguss, L50, F|\n|teampreview|4\n|inactive|Battle timer is ON: inactive players will automatically lose when time's up. (requested by dthk1216)\n|\n|t:|1771408046\n|teamsize|p1|4\n|teamsize|p2|4\n|start\n|switch|p1a: Belmonda|Miraidon, L50|100/100\n|switch|p1b: Rafa|Farigiraf, L50, F, shiny|100/100\n|switch|p2a: Kyogre|Kyogre, L50|100/100\n|switch|p2b: Urshifu|Urshifu-Rapid-Strike, L50, M|100/100\n|-fieldstart|move: Electric Terrain|[from] ability: Hadron Engine|[of] p1a: Belmonda\n|-weather|RainDance|[from] ability: Drizzle|[of] p2a: Kyogre\n|turn|1\n|\n|t:|1771408057\n|switch|p2a: Rillaboom|Rillaboom, L50, M|100/100\n|-fieldstart|move: Grassy Terrain|[from] ability: Grassy Surge|[of] p2a: Rillaboom\n|move|p2b: Urshifu|U-turn|p1b: Rafa\n|-supereffective|p1b: Rafa\n|-damage|p1b: Rafa|63/100\n|\n|t:|1771408063\n|switch|p2b: Calyrex|Calyrex-Ice, L50|100/100|[from] U-turn\n|-ability|p2b: Calyrex|As One\n|-ability|p2b: Calyrex|Unnerve\n|move|p1a: Belmonda|Electro Drift|p2a: Rillaboom\n|-resisted|p2a: Rillaboom\n|-damage|p2a: Rillaboom|67/100\n|move|p1b: Rafa|Hyper Voice|p2a: Rillaboom|[spread] p2a,p2b\n|-damage|p2a: Rillaboom|48/100\n|-damage|p2b: Calyrex|86/100\n|-enditem|p1b: Rafa|Throat Spray\n|-boost|p1b: Rafa|spa|1|[from] item: Throat Spray\n|\n|-weather|RainDance|[upkeep]\n|-heal|p2a: Rillaboom|54/100|[from] Grassy Terrain\n|-heal|p1b: Rafa|69/100|[from] Grassy Terrain\n|-heal|p2b: Calyrex|92/100|[from] Grassy Terrain\n|-heal|p2b: Calyrex|98/100|[from] item: Leftovers\n|upkeep\n|turn|2\n|inactive|dthk1216 has 30 seconds left.\n|\n|t:|1771408089\n|move|p1a: Belmonda|Electro Drift|p2b: Calyrex\n|-damage|p2b: Calyrex|48/100\n|move|p2a: Rillaboom|U-turn|p1b: Rafa\n|-supereffective|p1b: Rafa\n|-damage|p1b: Rafa|32/100\n|\n|t:|1771408094\n|switch|p2a: Kyogre|Kyogre, L50|100/100|[from] U-turn\n|move|p1b: Rafa|Foul Play|p2b: Calyrex\n|-supereffective|p2b: Calyrex\n|-damage|p2b: Calyrex|6/100\n|move|p2b: Calyrex|Leech Seed|p1a: Belmonda\n|-start|p1a: Belmonda|move: Leech Seed\n|\n|-weather|RainDance|[upkeep]\n|-heal|p1b: Rafa|38/100|[from] Grassy Terrain\n|-heal|p2b: Calyrex|12/100|[from] Grassy Terrain\n|-heal|p2b: Calyrex|17/100|[from] item: Leftovers\n|-damage|p1a: Belmonda|88/100|[from] Leech Seed|[of] p2b: Calyrex\n|-heal|p2b: Calyrex|28/100|[silent]\n|upkeep\n|turn|3\n|\n|t:|1771408118\n|switch|p2a: Rillaboom|Rillaboom, L50, M|54/100\n|move|p2b: Calyrex|Protect|p2b: Calyrex\n|-singleturn|p2b: Calyrex|Protect\n|move|p1a: Belmonda|Electro Drift|p2a: Rillaboom\n|-resisted|p2a: Rillaboom\n|-damage|p2a: Rillaboom|24/100\n|move|p1b: Rafa|Foul Play|p2b: Calyrex\n|-activate|p2b: Calyrex|move: Protect\n|\n|-weather|RainDance|[upkeep]\n|-heal|p1a: Belmonda|94/100|[from] Grassy Terrain\n|-heal|p2a: Rillaboom|29/100|[from] Grassy Terrain\n|-heal|p1b: Rafa|44/100|[from] Grassy Terrain\n|-heal|p2b: Calyrex|34/100|[from] Grassy Terrain\n|-heal|p2b: Calyrex|40/100|[from] item: Leftovers\n|-damage|p1a: Belmonda|82/100|[from] Leech Seed|[of] p2b: Calyrex\n|-heal|p2b: Calyrex|50/100|[silent]\n|upkeep\n|turn|4\n|\n|t:|1771408142\n|switch|p2b: Kyogre|Kyogre, L50|100/100\n|move|p1a: Belmonda|Electro Drift|p2b: Kyogre\n|-supereffective|p2b: Kyogre\n|-damage|p2b: Kyogre|0 fnt\n|faint|p2b: Kyogre\n|move|p2a: Rillaboom|U-turn|p1b: Rafa\n|-supereffective|p1b: Rafa\n|-damage|p1b: Rafa|6/100\n|\n|t:|1771408150\n|switch|p2a: Urshifu|Urshifu-Rapid-Strike, L50, M|100/100|[from] U-turn\n|move|p1b: Rafa|Foul Play|p2a: Urshifu\n|-resisted|p2a: Urshifu\n|-crit|p2a: Urshifu\n|-damage|p2a: Urshifu|72/100\n|\n|-weather|RainDance|[upkeep]\n|-heal|p2a: Urshifu|78/100|[from] Grassy Terrain\n|-heal|p1a: Belmonda|88/100|[from] Grassy Terrain\n|-heal|p1b: Rafa|12/100|[from] Grassy Terrain\n|upkeep\n|\n|t:|1771408153\n|switch|p2b: Rillaboom|Rillaboom, L50, M|29/100\n|turn|5\n|\n|t:|1771408170\n|switch|p1a: Ibai|Iron Hands, L50|100/100\n|move|p2a: Urshifu|Surging Strikes|p1a: Ibai\n|-crit|p1a: Ibai\n|-damage|p1a: Ibai|77/100\n|-crit|p1a: Ibai\n|-damage|p1a: Ibai|54/100\n|-crit|p1a: Ibai\n|-damage|p1a: Ibai|31/100\n|-hitcount|p1a: Ibai|3\n|move|p2b: Rillaboom|Wood Hammer|p1b: Rafa\n|-damage|p1b: Rafa|0 fnt\n|faint|p1b: Rafa\n|-damage|p2b: Rillaboom|26/100|[from] Recoil\n|\n|-weather|none\n|-heal|p2a: Urshifu|84/100|[from] Grassy Terrain\n|-heal|p2b: Rillaboom|31/100|[from] Grassy Terrain\n|-heal|p1a: Ibai|36/100|[from] Grassy Terrain\n|-fieldend|move: Grassy Terrain\n|upkeep\n|\n|t:|1771408181\n|switch|p1b: Cabez\u00f3n|Calyrex-Ice, L50|100/100\n|-ability|p1b: Cabez\u00f3n|As One\n|-ability|p1b: Cabez\u00f3n|Unnerve\n|turn|6\n|\n|t:|1771408192\n|switch|p2b: Calyrex|Calyrex-Ice, L50|50/100\n|-ability|p2b: Calyrex|As One\n|-ability|p2b: Calyrex|Unnerve\n|move|p1a: Ibai|Fake Out|p2b: Calyrex\n|-crit|p2b: Calyrex\n|-damage|p2b: Calyrex|35/100\n|move|p2a: Urshifu|Surging Strikes|p1a: Ibai\n|-crit|p1a: Ibai\n|-damage|p1a: Ibai|22/100\n|-crit|p1a: Ibai\n|-damage|p1a: Ibai|7/100\n|-crit|p1a: Ibai\n|-damage|p1a: Ibai|0 fnt\n|faint|p1a: Ibai\n|-end|p1a: Ibai|Quark Drive|[silent]\n|-hitcount|p1: Ibai|3\n|move|p1b: Cabez\u00f3n|Glacial Lance|p2b: Calyrex|[spread] p2a,p2b\n|-resisted|p2a: Urshifu\n|-resisted|p2b: Calyrex\n|-crit|p2b: Calyrex\n|-damage|p2a: Urshifu|54/100\n|-damage|p2b: Calyrex|9/100\n|\n|-heal|p2b: Calyrex|15/100|[from] item: Leftovers\n|upkeep\n|\n|t:|1771408198\n|switch|p1a: Belmonda|Miraidon, L50|88/100\n|-fieldstart|move: Electric Terrain|[from] ability: Hadron Engine|[of] p1a: Belmonda\n|turn|7\n|\n|t:|1771408218\n|-terastallize|p1a: Belmonda|Fairy\n|move|p2a: Urshifu|Surging Strikes|p1b: Cabez\u00f3n\n|-crit|p1b: Cabez\u00f3n\n|-damage|p1b: Cabez\u00f3n|88/100\n|-crit|p1b: Cabez\u00f3n\n|-damage|p1b: Cabez\u00f3n|74/100\n|-crit|p1b: Cabez\u00f3n\n|-damage|p1b: Cabez\u00f3n|61/100\n|-hitcount|p1b: Cabez\u00f3n|3\n|move|p1a: Belmonda|Dazzling Gleam|p2a: Urshifu|[spread] p2a,p2b\n|-supereffective|p2a: Urshifu\n|-damage|p2a: Urshifu|0 fnt\n|-damage|p2b: Calyrex|0 fnt\n|faint|p2a: Urshifu\n|faint|p2b: Calyrex\n|move|p1b: Cabez\u00f3n|Glacial Lance|p2: Urshifu|[notarget]\n|-fail|p1b: Cabez\u00f3n\n|\n|upkeep\n|-message|dthk1216 forfeited.\n|\n|win|LinkXSwords\n|raw|LinkXSwords's rating: 1472 &rarr; <strong>1499</strong><br />(+27 for winning)\n|raw|dthk1216's rating: 1598 &rarr; <strong>1571</strong><br />(-27 for losing)\n|l|\u2606dthk1216\n|player|p2|\n|l|\u2606LinkXSwords\n|player|p1|\n","uploadtime":1771408372,"views":23,"formatid":"gen9vgc2026regi","rating":1499,"private":0,"password":null}