{"id":"gen9vgc2026regi-2566971499","format":"[Gen 9] VGC 2026 Reg I","players":["Sheevp","Wawesome"],"log":"|j|\u2606Sheevp\n|j|\u203dWawesome\n|t:|1774436708\n|gametype|doubles\n|player|p1|Sheevp|265|1521\n|player|p2|Wawesome|265|1443\n|gen|9\n|tier|[Gen 9] VGC 2026 Reg I\n|rated|\n|rule|Species Clause: Limit one of each Pok\u00e9mon\n|rule|Item Clause: Limit 1 of each item\n|clearpoke\n|poke|p1|Incineroar, L50, F|\n|poke|p1|Rillaboom, L50, M|\n|poke|p1|Landorus, L50, M|\n|poke|p1|Smeargle, L50, F|\n|poke|p1|Koraidon, L50|\n|poke|p1|Calyrex-Ice, L50|\n|poke|p2|Lunala, L50|\n|poke|p2|Groudon, L50|\n|poke|p2|Whimsicott, L50, F|\n|poke|p2|Raging Bolt, L50|\n|poke|p2|Entei, L50|\n|poke|p2|Kingambit, L50, F|\n|teampreview|4\n|\n|t:|1774436753\n|teamsize|p1|4\n|teamsize|p2|4\n|start\n|switch|p1a: Smeargle|Smeargle, L50, F|100/100\n|switch|p1b: Koraidon|Koraidon, L50|100/100\n|switch|p2a: Lunala|Lunala, L50|100/100\n|switch|p2b: Groudon|Groudon, L50|100/100\n|-weather|SunnyDay|[from] ability: Orichalcum Pulse|[of] p1b: Koraidon\n|-activate|p1b: Koraidon|Orichalcum Pulse|[source]\n|turn|1\n|\n|t:|1774436776\n|move|p1b: Koraidon|Low Kick|p2b: Groudon\n|-damage|p2b: Groudon|40/100\n|move|p2a: Lunala|Dazzling Gleam|p1a: Smeargle|[spread] p1a,p1b\n|-supereffective|p1b: Koraidon\n|-damage|p1a: Smeargle|14/100\n|-damage|p1b: Koraidon|0 fnt\n|faint|p1b: Koraidon\n|move|p1a: Smeargle|Spore|p2a: Lunala\n|-status|p2a: Lunala|slp|[from] move: Spore\n|move|p2b: Groudon|Precipice Blades|p1a: Smeargle\n|-damage|p1a: Smeargle|0 fnt\n|faint|p1a: Smeargle\n|\n|-weather|SunnyDay|[upkeep]\n|upkeep\n|\n|t:|1774436786\n|switch|p1b: Calyrex|Calyrex-Ice, L50|100/100\n|switch|p1a: Landorus|Landorus, L50, M|100/100\n|-ability|p1b: Calyrex|As One\n|-ability|p1b: Calyrex|Unnerve\n|turn|2\n|\n|t:|1774436797\n|-terastallize|p1b: Calyrex|Fairy\n|cant|p2a: Lunala|slp\n|move|p1a: Landorus|Earth Power|p2a: Lunala\n|-damage|p2a: Lunala|70/100 slp\n|move|p2b: Groudon|Heat Crash|p1a: Landorus\n|-damage|p1a: Landorus|21/100\n|move|p1b: Calyrex|Glacial Lance|p2b: Groudon|[spread] p2a,p2b\n|-supereffective|p2b: Groudon\n|-damage|p2a: Lunala|17/100 slp\n|-damage|p2b: Groudon|0 fnt\n|faint|p2b: Groudon\n|-ability|p1b: Calyrex|Chilling Neigh|boost\n|-boost|p1b: Calyrex|atk|1\n|\n|-weather|SunnyDay|[upkeep]\n|upkeep\n|\n|t:|1774436811\n|switch|p2b: Kingambit|Kingambit, L50, F|100/100\n|turn|3\n|\n|t:|1774436833\n|move|p1a: Landorus|Protect|p1a: Landorus\n|-singleturn|p1a: Landorus|Protect\n|move|p2b: Kingambit|Sucker Punch||[still]\n|-fail|p2b: Kingambit\n|-curestatus|p2a: Lunala|slp|[msg]\n|move|p2a: Lunala|Dazzling Gleam|p1b: Calyrex|[spread] p1b\n|-activate|p1a: Landorus|move: Protect\n|-damage|p1b: Calyrex|80/100\n|move|p1b: Calyrex|Leech Seed|p2b: Kingambit\n|-start|p2b: Kingambit|move: Leech Seed\n|\n|-weather|SunnyDay|[upkeep]\n|-heal|p1b: Calyrex|86/100|[from] item: Leftovers\n|-damage|p2b: Kingambit|88/100|[from] Leech Seed|[of] p1b: Calyrex\n|-heal|p1b: Calyrex|98/100|[silent]\n|upkeep\n|turn|4\n|\n|t:|1774436850\n|move|p2b: Kingambit|Sucker Punch|p1a: Landorus\n|-damage|p1a: Landorus|0 fnt\n|faint|p1a: Landorus\n|move|p2a: Lunala|Dazzling Gleam|p1b: Calyrex\n|-damage|p1b: Calyrex|69/100\n|move|p1b: Calyrex|Glacial Lance|p2b: Kingambit|[spread] p2a,p2b\n|-resisted|p2b: Kingambit\n|-crit|p2b: Kingambit\n|-damage|p2a: Lunala|0 fnt\n|-damage|p2b: Kingambit|43/100\n|faint|p2a: Lunala\n|-ability|p1b: Calyrex|Chilling Neigh|boost\n|-boost|p1b: Calyrex|atk|1\n|\n|-weather|SunnyDay|[upkeep]\n|-heal|p1b: Calyrex|74/100|[from] item: Leftovers\n|-damage|p2b: Kingambit|31/100|[from] Leech Seed|[of] p1b: Calyrex\n|-heal|p1b: Calyrex|86/100|[silent]\n|upkeep\n|\n|t:|1774436859\n|switch|p2a: Raging Bolt|Raging Bolt, L50|100/100\n|-activate|p2a: Raging Bolt|ability: Protosynthesis\n|-start|p2a: Raging Bolt|protosynthesisspa\n|turn|5\n|\n|t:|1774436867\n|-terastallize|p2a: Raging Bolt|Normal\n|move|p1b: Calyrex|Protect|p1b: Calyrex\n|-singleturn|p1b: Calyrex|Protect\n|move|p2a: Raging Bolt|Thunderbolt|p1b: Calyrex\n|-activate|p1b: Calyrex|move: Protect\n|move|p2b: Kingambit|Iron Head|p1b: Calyrex\n|-activate|p1b: Calyrex|move: Protect\n|\n|-weather|none\n|-end|p2a: Raging Bolt|Protosynthesis\n|-heal|p1b: Calyrex|92/100|[from] item: Leftovers\n|-damage|p2b: Kingambit|19/100|[from] Leech Seed|[of] p1b: Calyrex\n|-heal|p1b: Calyrex|100/100|[silent]\n|upkeep\n|turn|6\n|\n|t:|1774436885\n|move|p2a: Raging Bolt|Thunderbolt|p1b: Calyrex\n|-damage|p1b: Calyrex|59/100\n|-status|p1b: Calyrex|par\n|-damage|p2a: Raging Bolt|91/100|[from] item: Life Orb\n|move|p2b: Kingambit|Iron Head|p1b: Calyrex\n|-supereffective|p1b: Calyrex\n|-damage|p1b: Calyrex|3/100 par\n|cant|p1b: Calyrex|flinch\n|\n|-heal|p1b: Calyrex|9/100 par|[from] item: Leftovers\n|-damage|p2b: Kingambit|7/100|[from] Leech Seed|[of] p1b: Calyrex\n|-heal|p1b: Calyrex|21/100 par|[silent]\n|upkeep\n|turn|7\n|-message|Sheevp forfeited.\n|\n|win|Wawesome\n|raw|Sheevp's rating: 1521 &rarr; <strong>1497</strong><br />(-24 for losing)\n|raw|Wawesome's rating: 1443 &rarr; <strong>1467</strong><br />(+24 for winning)\n|l|\u2606Sheevp\n|player|p1|\n","uploadtime":1774437159,"views":10,"formatid":"gen9vgc2026regi","rating":1467,"private":0,"password":null}