{"id":"gen9vgc2026regi-2586944956","format":"[Gen 9] VGC 2026 Reg I","players":["clessvgc","Vestibulan"],"log":"|j|\u2606clessvgc\n|j|\u2606Vestibulan\n|t:|1776474302\n|gametype|doubles\n|player|p1|clessvgc|proton|1257\n|player|p2|Vestibulan|102|1371\n|gen|9\n|tier|[Gen 9] VGC 2026 Reg I\n|rated|\n|rule|Species Clause: Limit one of each Pok\u00e9mon\n|rule|Item Clause: Limit 1 of each item\n|clearpoke\n|poke|p1|Grimmsnarl, L50, M|\n|poke|p1|Landorus-Therian, L50, M|\n|poke|p1|Weezing-Galar, L50, M|\n|poke|p1|Calyrex-Shadow, L50|\n|poke|p1|Rayquaza, L50|\n|poke|p1|Typhlosion-Hisui, L50, M|\n|poke|p2|Arcanine, L50, F|\n|poke|p2|Whimsicott, L50, F|\n|poke|p2|Zacian-*, L50|\n|poke|p2|Farigiraf, L50, M|\n|poke|p2|Terapagos, L50, M|\n|poke|p2|Weezing-Galar, L50, M|\n|teampreview|4\n|inactive|Battle timer is ON: inactive players will automatically lose when time's up. (requested by clessvgc)\n|\n|t:|1776474318\n|teamsize|p1|4\n|teamsize|p2|4\n|start\n|switch|p1a: Typhlosion|Typhlosion-Hisui, L50, M|100/100\n|switch|p1b: Weezing|Weezing-Galar, L50, M|100/100\n|switch|p2a: Whimsicott|Whimsicott, L50, F|100/100\n|switch|p2b: Terapagos|Terapagos, L50, M|100/100\n|-activate|p2b: Terapagos|ability: Tera Shift\n|detailschange|p2b: Terapagos|Terapagos-Terastal, L50, M\n|-heal|p2b: Terapagos|100/100|[silent]\n|-ability|p1b: Weezing|Neutralizing Gas\n|turn|1\n|inactive|Vestibulan has 30 seconds left.\n|inactive|Vestibulan has 20 seconds left.\n|\n|t:|1776474356\n|-terastallize|p2b: Terapagos|Stellar\n|detailschange|p2b: Terapagos|Terapagos-Stellar, L50, M, tera:Stellar\n|-heal|p2b: Terapagos|100/100|[silent]\n|move|p1a: Typhlosion|Eruption|p2b: Terapagos|[spread] p2a,p2b\n|-supereffective|p2a: Whimsicott\n|-damage|p2a: Whimsicott|0 fnt\n|-damage|p2b: Terapagos|62/100\n|faint|p2a: Whimsicott\n|move|p2b: Terapagos|Tera Starstorm|p1b: Weezing|[spread] p1a,p1b\n|-damage|p1a: Typhlosion|12/100\n|-damage|p1b: Weezing|35/100\n|-enditem|p1b: Weezing|Sitrus Berry|[eat]\n|-heal|p1b: Weezing|60/100|[from] item: Sitrus Berry\n|move|p1b: Weezing|Haze|p1b: Weezing\n|-clearallboost\n|\n|upkeep\n|\n|t:|1776474367\n|switch|p2a: Zacian|Zacian-Crowned, L50|100/100\n|turn|2\n|\n|t:|1776474375\n|switch|p1a: Rayquaza|Rayquaza, L50|100/100\n|move|p2a: Zacian|Protect|p2a: Zacian\n|-singleturn|p2a: Zacian|Protect\n|move|p1b: Weezing|Protect|p1b: Weezing\n|-singleturn|p1b: Weezing|Protect\n|move|p2b: Terapagos|Tera Starstorm|p1b: Weezing|[spread] p1a\n|-activate|p1b: Weezing|move: Protect\n|-damage|p1a: Rayquaza|43/100\n|\n|upkeep\n|turn|3\n|\n|t:|1776474388\n|move|p1a: Rayquaza|Protect|p1a: Rayquaza\n|-singleturn|p1a: Rayquaza|Protect\n|move|p2a: Zacian|Behemoth Blade|p1b: Weezing\n|-supereffective|p1b: Weezing\n|-damage|p1b: Weezing|0 fnt\n|faint|p1b: Weezing\n|-end|p1b: Weezing|ability: Neutralizing Gas\n|-ability|p2a: Zacian|Intrepid Sword|boost\n|-boost|p2a: Zacian|atk|1\n|move|p2b: Terapagos|Tera Starstorm|p1a: Rayquaza\n|-activate|p1a: Rayquaza|move: Protect\n|\n|upkeep\n|\n|t:|1776474394\n|switch|p1b: Typhlosion|Typhlosion-Hisui, L50, M|12/100\n|-item|p2a: Zacian|Rusted Sword|[from] ability: Frisk|[of] p1b: Typhlosion\n|-item|p2b: Terapagos|Choice Specs|[from] ability: Frisk|[of] p1b: Typhlosion\n|turn|4\n|\n|t:|1776474407\n|-terastallize|p1a: Rayquaza|Normal\n|move|p1a: Rayquaza|Extreme Speed|p2b: Terapagos\n|-damage|p2b: Terapagos|23/100\n|move|p1b: Typhlosion|Heat Wave|p2b: Terapagos|[spread] p2a\n|-miss|p1b: Typhlosion|p2b: Terapagos\n|-supereffective|p2a: Zacian\n|-damage|p2a: Zacian|36/100\n|move|p2a: Zacian|Behemoth Blade|p1b: Typhlosion\n|-resisted|p1b: Typhlosion\n|-damage|p1b: Typhlosion|0 fnt\n|faint|p1b: Typhlosion\n|move|p2b: Terapagos|Tera Starstorm|p1a: Rayquaza\n|-supereffective|p1a: Rayquaza\n|-damage|p1a: Rayquaza|0 fnt\n|faint|p1a: Rayquaza\n|\n|upkeep\n|\n|t:|1776474414\n|switch|p1b: Calyrex|Calyrex-Shadow, L50|100/100\n|-ability|p1b: Calyrex|As One\n|-ability|p1b: Calyrex|Unnerve\n|turn|5\n|\n|t:|1776474427\n|move|p1b: Calyrex|Protect|p1b: Calyrex\n|-singleturn|p1b: Calyrex|Protect\n|move|p2a: Zacian|Protect|p2a: Zacian\n|-singleturn|p2a: Zacian|Protect\n|move|p2b: Terapagos|Tera Starstorm|p1b: Calyrex\n|-activate|p1b: Calyrex|move: Protect\n|\n|upkeep\n|turn|6\n|\n|t:|1776474435\n|move|p1b: Calyrex|Encore|p2a: Zacian\n|-start|p2a: Zacian|Encore\n|move|p2a: Zacian|Protect|p2a: Zacian\n|-singleturn|p2a: Zacian|Protect\n|move|p2b: Terapagos|Tera Starstorm|p1b: Calyrex\n|-damage|p1b: Calyrex|14/100\n|\n|upkeep\n|turn|7\n|\n|t:|1776474444\n|switch|p2a: Arcanine|Arcanine, L50, F|100/100\n|move|p1b: Calyrex|Psychic|p2b: Terapagos\n|-damage|p2b: Terapagos|0 fnt\n|faint|p2b: Terapagos\n|detailschange|p2: Terapagos|Terapagos, L50, M|[silent]\n|-ability|p1b: Calyrex|Grim Neigh|boost\n|-boost|p1b: Calyrex|spa|1\n|\n|upkeep\n|\n|t:|1776474448\n|switch|p2b: Zacian|Zacian-Crowned, L50|36/100\n|turn|8\n|\n|t:|1776474454\n|move|p1b: Calyrex|Protect|p1b: Calyrex\n|-singleturn|p1b: Calyrex|Protect\n|move|p2b: Zacian|Behemoth Blade|p1b: Calyrex\n|-activate|p1b: Calyrex|move: Protect\n|move|p2a: Arcanine|Flare Blitz|p1b: Calyrex\n|-activate|p1b: Calyrex|move: Protect\n|\n|upkeep\n|turn|9\n|\n|t:|1776474459\n|move|p1b: Calyrex|Astral Barrage|p2a: Arcanine|[spread] p2a,p2b\n|-damage|p2a: Arcanine|32/100\n|-damage|p2b: Zacian|0 fnt\n|faint|p2b: Zacian\n|-ability|p1b: Calyrex|Grim Neigh|boost\n|-boost|p1b: Calyrex|spa|1\n|move|p2a: Arcanine|Flare Blitz|p1b: Calyrex\n|-damage|p1b: Calyrex|0 fnt\n|faint|p1b: Calyrex\n|-damage|p2a: Arcanine|28/100|[from] Recoil\n|\n|win|Vestibulan\n|raw|clessvgc's rating: 1257 &rarr; <strong>1240</strong><br />(-17 for losing)\n|raw|Vestibulan's rating: 1371 &rarr; <strong>1385</strong><br />(+14 for winning)\n|l|\u2606clessvgc\n|player|p1|\n|l|\u2606Vestibulan\n|player|p2|\n","uploadtime":1776474678,"views":10,"formatid":"gen9vgc2026regi","rating":1240,"private":0,"password":null}