{"id":"gen9vgc2026regi-2554475343","format":"[Gen 9] VGC 2026 Reg I","players":["blackred123","xjazuu"],"log":"|j|\u2606blackred123\n|j|\u2606xjazuu\n|t:|1772976036\n|gametype|doubles\n|player|p1|blackred123|iono-masters|1422\n|player|p2|xjazuu|youngcouple|1499\n|gen|9\n|tier|[Gen 9] VGC 2026 Reg I\n|rated|\n|rule|Species Clause: Limit one of each Pok\u00e9mon\n|rule|Item Clause: Limit 1 of each item\n|clearpoke\n|poke|p1|Miraidon, L50|\n|poke|p1|Groudon, L50|\n|poke|p1|Volcarona, L50, F|\n|poke|p1|Rillaboom, L50, F|\n|poke|p1|Incineroar, L50, M|\n|poke|p1|Chi-Yu, L50|\n|poke|p2|Calyrex-Ice, L50|\n|poke|p2|Miraidon, L50|\n|poke|p2|Urshifu-*, L50, F|\n|poke|p2|Grimmsnarl, L50, M|\n|poke|p2|Pelipper, L50, F|\n|poke|p2|Farigiraf, L50, F|\n|teampreview|4\n|inactive|Battle timer is ON: inactive players will automatically lose when time's up. (requested by blackred123)\n|inactive|xjazuu has 60 seconds left.\n|\n|t:|1772976068\n|teamsize|p1|4\n|teamsize|p2|4\n|start\n|switch|p1a: Miraidon|Miraidon, L50, shiny|100/100\n|switch|p1b: Volcarona|Volcarona, L50, F|100/100\n|switch|p2a: Grimmsnarl|Grimmsnarl, L50, M|100/100\n|switch|p2b: Calyrex|Calyrex-Ice, L50|100/100\n|-ability|p2b: Calyrex|As One\n|-ability|p2b: Calyrex|Unnerve\n|-fieldstart|move: Electric Terrain|[from] ability: Hadron Engine|[of] p1a: Miraidon\n|-enditem|p1b: Volcarona|Electric Seed\n|-boost|p1b: Volcarona|def|1|[from] item: Electric Seed\n|turn|1\n|\n|t:|1772976086\n|-terastallize|p1a: Miraidon|Fairy\n|-terastallize|p2b: Calyrex|Water\n|move|p2a: Grimmsnarl|Fake Out|p1a: Miraidon\n|-damage|p1a: Miraidon|91/100\n|cant|p1a: Miraidon|flinch\n|move|p1b: Volcarona|Fiery Dance|p2a: Grimmsnarl\n|-damage|p2a: Grimmsnarl|68/100\n|-boost|p1b: Volcarona|spa|1\n|move|p2b: Calyrex|Trick Room|p2b: Calyrex\n|-fieldstart|move: Trick Room|[of] p2b: Calyrex\n|\n|upkeep\n|turn|2\n|inactive|xjazuu has 30 seconds left.\n|\n|t:|1772976117\n|switch|p1a: Incineroar|Incineroar, L50, M|100/100\n|-ability|p1a: Incineroar|Intimidate|boost\n|-unboost|p2a: Grimmsnarl|atk|1\n|-unboost|p2b: Calyrex|atk|1\n|move|p2b: Calyrex|Protect|p2b: Calyrex\n|-singleturn|p2b: Calyrex|Protect\n|move|p2a: Grimmsnarl|Spirit Break|p1a: Incineroar\n|-damage|p1a: Incineroar|83/100\n|-unboost|p1a: Incineroar|spa|1\n|-damage|p2a: Grimmsnarl|51/100|[from] item: Rocky Helmet|[of] p1a: Incineroar\n|move|p1b: Volcarona|Fiery Dance|p2a: Grimmsnarl\n|-damage|p2a: Grimmsnarl|2/100\n|-boost|p1b: Volcarona|spa|1\n|\n|upkeep\n|turn|3\n|\n|t:|1772976137\n|switch|p2a: Farigiraf|Farigiraf, L50, F|100/100\n|-enditem|p2a: Farigiraf|Electric Seed\n|-boost|p2a: Farigiraf|def|1|[from] item: Electric Seed\n|move|p1a: Incineroar|Fake Out||[still]\n|cant|p2a: Farigiraf|ability: Armor Tail|Fake Out|[of] p1a: Incineroar\n|move|p2b: Calyrex|Leech Seed|p1b: Volcarona\n|-start|p1b: Volcarona|move: Leech Seed\n|move|p1b: Volcarona|Fiery Dance|p2b: Calyrex\n|-resisted|p2b: Calyrex\n|-damage|p2b: Calyrex|74/100\n|-boost|p1b: Volcarona|spa|1\n|\n|-heal|p2b: Calyrex|80/100|[from] item: Leftovers\n|-damage|p1b: Volcarona|88/100|[from] Leech Seed|[of] p2b: Calyrex\n|-heal|p2b: Calyrex|90/100|[silent]\n|upkeep\n|turn|4\n|\n|t:|1772976151\n|move|p2a: Farigiraf|Helping Hand|p2b: Calyrex\n|-singleturn|p2b: Calyrex|Helping Hand|[of] p2a: Farigiraf\n|move|p2b: Calyrex|Glacial Lance|p1a: Incineroar|[spread] p1a,p1b\n|-resisted|p1a: Incineroar\n|-resisted|p1b: Volcarona\n|-damage|p1a: Incineroar|62/100\n|-damage|p1b: Volcarona|64/100\n|move|p1a: Incineroar|Knock Off|p2b: Calyrex\n|-damage|p2b: Calyrex|66/100\n|-enditem|p2b: Calyrex|Leftovers|[from] move: Knock Off|[of] p1a: Incineroar\n|move|p1b: Volcarona|Quiver Dance|p1b: Volcarona\n|-boost|p1b: Volcarona|spa|1\n|-boost|p1b: Volcarona|spd|1\n|-boost|p1b: Volcarona|spe|1\n|\n|-damage|p1b: Volcarona|52/100|[from] Leech Seed|[of] p2b: Calyrex\n|-heal|p2b: Calyrex|76/100|[silent]\n|upkeep\n|turn|5\n|\n|t:|1772976174\n|move|p1a: Incineroar|Parting Shot|p2a: Farigiraf\n|-unboost|p2a: Farigiraf|atk|1\n|-unboost|p2a: Farigiraf|spa|1\n|\n|t:|1772976179\n|switch|p1a: Miraidon|Miraidon, L50, shiny, tera:Fairy|91/100|[from] Parting Shot\n|-activate|p1a: Miraidon|ability: Hadron Engine\n|move|p1b: Volcarona|Fiery Dance|p2a: Farigiraf\n|-damage|p2a: Farigiraf|0 fnt\n|faint|p2a: Farigiraf\n|move|p2b: Calyrex|Trick Room|p2b: Calyrex\n|-fieldend|move: Trick Room\n|\n|-damage|p1b: Volcarona|40/100|[from] Leech Seed|[of] p2b: Calyrex\n|-heal|p2b: Calyrex|86/100|[silent]\n|-fieldend|move: Electric Terrain\n|upkeep\n|\n|t:|1772976193\n|switch|p2a: Grimmsnarl|Grimmsnarl, L50, M|2/100\n|turn|6\n|\n|t:|1772976205\n|switch|p1a: Incineroar|Incineroar, L50, M|62/100\n|-ability|p1a: Incineroar|Intimidate|boost\n|-unboost|p2a: Grimmsnarl|atk|1\n|-unboost|p2b: Calyrex|atk|1\n|switch|p2a: Miraidon|Miraidon, L50|100/100\n|-fieldstart|move: Electric Terrain|[from] ability: Hadron Engine|[of] p2a: Miraidon\n|move|p1b: Volcarona|Fiery Dance|p2a: Miraidon\n|-resisted|p2a: Miraidon\n|-damage|p2a: Miraidon|73/100\n|-boost|p1b: Volcarona|spa|1\n|move|p2b: Calyrex|Glacial Lance|p1a: Incineroar|[spread] p1a,p1b\n|-resisted|p1a: Incineroar\n|-resisted|p1b: Volcarona\n|-damage|p1a: Incineroar|51/100\n|-damage|p1b: Volcarona|28/100\n|\n|-damage|p1b: Volcarona|16/100|[from] Leech Seed|[of] p2b: Calyrex\n|-heal|p2b: Calyrex|97/100|[silent]\n|upkeep\n|turn|7\n|\n|t:|1772976221\n|move|p1a: Incineroar|Fake Out|p2b: Calyrex\n|-damage|p2b: Calyrex|90/100\n|move|p1b: Volcarona|Fiery Dance|p2a: Miraidon\n|-resisted|p2a: Miraidon\n|-damage|p2a: Miraidon|37/100\n|move|p2a: Miraidon|Electro Drift|p1a: Incineroar\n|-damage|p1a: Incineroar|0 fnt\n|-damage|p2a: Miraidon|21/100|[from] item: Rocky Helmet|[of] p1a: Incineroar\n|faint|p1a: Incineroar\n|cant|p2b: Calyrex|flinch\n|\n|-damage|p1b: Volcarona|4/100|[from] Leech Seed|[of] p2b: Calyrex\n|-heal|p2b: Calyrex|99/100|[silent]\n|upkeep\n|\n|t:|1772976230\n|switch|p1a: Miraidon|Miraidon, L50, shiny, tera:Fairy|91/100\n|-activate|p1a: Miraidon|ability: Hadron Engine\n|turn|8\n|\n|t:|1772976236\n|move|p2b: Calyrex|Protect|p2b: Calyrex\n|-singleturn|p2b: Calyrex|Protect\n|move|p1b: Volcarona|Fiery Dance|p2a: Miraidon\n|-resisted|p2a: Miraidon\n|-damage|p2a: Miraidon|0 fnt\n|faint|p2a: Miraidon\n|move|p1a: Miraidon|Electro Drift|p2b: Calyrex\n|-activate|p2b: Calyrex|move: Protect\n|\n|-damage|p1b: Volcarona|0 fnt|[from] Leech Seed|[of] p2b: Calyrex\n|-heal|p2b: Calyrex|100/100|[silent]\n|faint|p1b: Volcarona\n|upkeep\n|\n|t:|1772976242\n|switch|p2a: Grimmsnarl|Grimmsnarl, L50, M|2/100\n|switch|p1b: Groudon|Groudon, L50|100/100\n|-weather|SunnyDay|[from] ability: Drought|[of] p1b: Groudon\n|turn|9\n|\n|t:|1772976247\n|move|p2a: Grimmsnarl|Fake Out|p1a: Miraidon\n|-damage|p1a: Miraidon|81/100\n|cant|p1a: Miraidon|flinch\n|move|p1b: Groudon|Precipice Blades|p2b: Calyrex|[spread] p2a\n|-miss|p1b: Groudon|p2b: Calyrex\n|-damage|p2a: Grimmsnarl|0 fnt\n|faint|p2a: Grimmsnarl\n|move|p2b: Calyrex|Trick Room|p2b: Calyrex\n|-fieldstart|move: Trick Room|[of] p2b: Calyrex\n|\n|-weather|SunnyDay|[upkeep]\n|upkeep\n|turn|10\n|\n|t:|1772976259\n|move|p2b: Calyrex|Glacial Lance|p1a: Miraidon|[spread] p1a,p1b\n|-supereffective|p1b: Groudon\n|-damage|p1a: Miraidon|56/100\n|-damage|p1b: Groudon|61/100\n|move|p1b: Groudon|Precipice Blades|p2b: Calyrex\n|-damage|p2b: Calyrex|53/100\n|move|p1a: Miraidon|Electro Drift|p2b: Calyrex\n|-supereffective|p2b: Calyrex\n|-damage|p2b: Calyrex|0 fnt\n|faint|p2b: Calyrex\n|-damage|p1a: Miraidon|46/100|[from] item: Life Orb\n|\n|win|blackred123\n|raw|blackred123's rating: 1422 &rarr; <strong>1446</strong><br />(+24 for winning)\n|raw|xjazuu's rating: 1499 &rarr; <strong>1475</strong><br />(-24 for losing)\n|l|\u2606xjazuu\n|player|p2|\n|n|\u2606blackred123\u6c38\u96cf\u5854\u83f2\u4fa0|blackred123\n","uploadtime":1772976275,"views":28,"formatid":"gen9vgc2026regi","rating":1446,"private":0,"password":null}