{"id":"gen9vgc2026regi-2525758433","format":"[Gen 9] VGC 2026 Reg I","players":["no1.pokemon","xiaoliyunVGC"],"log":"|j|\u2606no1.pokemon\n|j|\u2606xiaoliyunVGC\n|t:|1769320930\n|gametype|doubles\n|player|p1|no1.pokemon|n-masters|1420\n|player|p2|xiaoliyunVGC|liko|1502\n|gen|9\n|tier|[Gen 9] VGC 2026 Reg I\n|rated|\n|rule|Species Clause: Limit one of each Pok\u00e9mon\n|rule|Item Clause: Limit 1 of each item\n|clearpoke\n|poke|p1|Koraidon, L50|\n|poke|p1|Whimsicott, L50, F|\n|poke|p1|Calyrex-Shadow, L50|\n|poke|p1|Indeedee-F, L50, F|\n|poke|p1|Smeargle, L50, M|\n|poke|p1|Rillaboom, L50, M|\n|poke|p2|Zamazenta-*, L50|\n|poke|p2|Kyogre, L50|\n|poke|p2|Raichu, L50, M|\n|poke|p2|Flutter Mane, L50|\n|poke|p2|Tornadus, L50, M|\n|poke|p2|Kingambit, L50, F|\n|teampreview|4\n|inactive|Battle timer is ON: inactive players will automatically lose when time's up. (requested by no1.pokemon)\n|inactive|xiaoliyunVGC also wants the timer to be on.\n|\n|t:|1769320947\n|teamsize|p1|4\n|teamsize|p2|4\n|start\n|switch|p1a: Calyrex|Calyrex-Shadow, L50|100/100\n|switch|p1b: Whimsicott|Whimsicott, L50, F, shiny|100/100\n|switch|p2a: Zamazenta|Zamazenta-Crowned, L50, shiny|100/100\n|switch|p2b: Raichu|Raichu, L50, M|100/100\n|-ability|p1a: Calyrex|As One\n|-ability|p1a: Calyrex|Unnerve\n|-ability|p2a: Zamazenta|Dauntless Shield|boost\n|-boost|p2a: Zamazenta|def|1\n|turn|1\n|\n|t:|1769320967\n|move|p1b: Whimsicott|Tailwind|p1b: Whimsicott\n|-sidestart|p1: no1.pokemon|move: Tailwind\n|move|p1a: Calyrex|Astral Barrage|p2a: Zamazenta|[spread] p2a,p2b\n|-damage|p2a: Zamazenta|44/100\n|-enditem|p2b: Raichu|Focus Sash\n|-damage|p2b: Raichu|1/100\n|move|p2b: Raichu|Nuzzle|p1a: Calyrex\n|-damage|p1a: Calyrex|93/100\n|-status|p1a: Calyrex|par\n|move|p2a: Zamazenta|Behemoth Bash|p1b: Whimsicott\n|-supereffective|p1b: Whimsicott\n|-damage|p1b: Whimsicott|7/100\n|\n|upkeep\n|turn|2\n|\n|t:|1769320985\n|switch|p1b: Smeargle|Smeargle, L50, M|100/100\n|move|p2a: Zamazenta|Wide Guard|p2a: Zamazenta\n|-singleturn|p2a: Zamazenta|Wide Guard\n|move|p2b: Raichu|Feint|p1b: Smeargle\n|-damage|p1b: Smeargle|86/100\n|move|p1a: Calyrex|Astral Barrage|p2b: Raichu|[spread] \n|-activate|p2a: Zamazenta|move: Wide Guard\n|-activate|p2b: Raichu|move: Wide Guard\n|\n|-ability|p1b: Smeargle|Moody|boost\n|-boost|p1b: Smeargle|def|2\n|-unboost|p1b: Smeargle|spa|1\n|upkeep\n|turn|3\n|inactive|xiaoliyunVGC has 30 seconds left.\n|\n|t:|1769321015\n|switch|p2a: Kingambit|Kingambit, L50, F|100/100\n|move|p2b: Raichu|Feint|p1b: Smeargle\n|-damage|p1b: Smeargle|78/100\n|move|p1b: Smeargle|Spore|p2a: Kingambit\n|-status|p2a: Kingambit|slp|[from] move: Spore\n|cant|p1a: Calyrex|par\n|\n|-ability|p1b: Smeargle|Moody|boost\n|-boost|p1b: Smeargle|spe|2\n|-unboost|p1b: Smeargle|atk|1\n|upkeep\n|turn|4\n|\n|t:|1769321036\n|move|p1b: Smeargle|Decorate|p1a: Calyrex\n|-boost|p1a: Calyrex|atk|2\n|-boost|p1a: Calyrex|spa|2\n|move|p1a: Calyrex|Astral Barrage|p2a: Kingambit|[spread] p2a,p2b\n|-resisted|p2a: Kingambit\n|-damage|p2a: Kingambit|27/100 slp\n|-damage|p2b: Raichu|0 fnt\n|faint|p2b: Raichu\n|-ability|p1a: Calyrex|Grim Neigh|boost\n|-boost|p1a: Calyrex|spa|1\n|cant|p2a: Kingambit|slp\n|\n|-sideend|p1: no1.pokemon|move: Tailwind\n|-ability|p1b: Smeargle|Moody|boost\n|-boost|p1b: Smeargle|def|2\n|-unboost|p1b: Smeargle|spa|1\n|upkeep\n|\n|t:|1769321053\n|switch|p2b: Zamazenta|Zamazenta-Crowned, L50, shiny|44/100\n|turn|5\n|\n|t:|1769321063\n|switch|p2a: Kyogre|Kyogre, L50|100/100\n|-weather|RainDance|[from] ability: Drizzle|[of] p2a: Kyogre\n|-terastallize|p1a: Calyrex|Dark\n|move|p2b: Zamazenta|Wide Guard|p2b: Zamazenta\n|-singleturn|p2b: Zamazenta|Wide Guard\n|move|p1b: Smeargle|Spore|p2b: Zamazenta\n|-status|p2b: Zamazenta|slp|[from] move: Spore\n|move|p1a: Calyrex|Astral Barrage|p2a: Kyogre|[spread] \n|-activate|p2a: Kyogre|move: Wide Guard\n|-activate|p2b: Zamazenta|move: Wide Guard\n|\n|-weather|RainDance|[upkeep]\n|-ability|p1b: Smeargle|Moody|boost\n|-boost|p1b: Smeargle|spa|2\n|-unboost|p1b: Smeargle|def|1\n|upkeep\n|turn|6\n|\n|t:|1769321077\n|-terastallize|p2a: Kyogre|Water\n|cant|p2b: Zamazenta|slp\n|move|p1b: Smeargle|Spore|p2a: Kyogre\n|-status|p2a: Kyogre|slp|[from] move: Spore\n|cant|p2a: Kyogre|slp\n|move|p1a: Calyrex|Astral Barrage|p2a: Kyogre|[spread] p2a,p2b\n|-damage|p2a: Kyogre|0 fnt\n|-damage|p2b: Zamazenta|0 fnt\n|faint|p2a: Kyogre\n|faint|p2b: Zamazenta\n|-ability|p1a: Calyrex|Grim Neigh|boost\n|-boost|p1a: Calyrex|spa|2\n|\n|-weather|RainDance|[upkeep]\n|-ability|p1b: Smeargle|Moody|boost\n|-boost|p1b: Smeargle|spe|2\n|-unboost|p1b: Smeargle|def|1\n|upkeep\n|-message|xiaoliyunVGC forfeited.\n|\n|win|no1.pokemon\n|raw|no1.pokemon's rating: 1409 &rarr; <strong>1434</strong><br />(+25 for winning)\n|raw|xiaoliyunVGC's rating: 1502 &rarr; <strong>1477</strong><br />(-25 for losing)\n|l|\u2606xiaoliyunVGC\n|player|p2|\n|l|\u2606no1.pokemon\n|player|p1|\n","uploadtime":1769321264,"views":15,"formatid":"gen9vgc2026regi","rating":1434,"private":0,"password":null}