{"id":"gen9vgc2026regi-2524251746","format":"[Gen 9] VGC 2026 Reg I","players":["zonavideovigilada","Zin_yugami"],"log":"|j|\u2606zonavideovigilada\n|j|\u2606Zin_yugami\n|t:|1769122716\n|gametype|doubles\n|player|p1|zonavideovigilada|169|1489\n|player|p2|Zin_yugami|2|1485\n|gen|9\n|tier|[Gen 9] VGC 2026 Reg I\n|rated|\n|rule|Species Clause: Limit one of each Pok\u00e9mon\n|rule|Item Clause: Limit 1 of each item\n|clearpoke\n|poke|p1|Chien-Pao, L50|\n|poke|p1|Calyrex-Shadow, L50|\n|poke|p1|Zamazenta-*, L50|\n|poke|p1|Amoonguss, L50, M|\n|poke|p1|Chi-Yu, L50|\n|poke|p1|Rillaboom, L50, M|\n|poke|p2|Iron Moth, L50|\n|poke|p2|Miraidon, L50|\n|poke|p2|Calyrex-Ice, L50|\n|poke|p2|Tyranitar, L50, F|\n|poke|p2|Sinistcha, L50|\n|poke|p2|Iron Valiant, L50|\n|teampreview|4\n|\n|t:|1769122739\n|teamsize|p1|4\n|teamsize|p2|4\n|start\n|switch|p1a: Zamazenta|Zamazenta-Crowned, L50|100/100\n|switch|p1b: Rillaboom|Rillaboom, L50, M|100/100\n|switch|p2a: Iron Moth|Iron Moth, L50|100/100\n|switch|p2b: Miraidon|Miraidon, L50|100/100\n|-fieldstart|move: Electric Terrain|[from] ability: Hadron Engine|[of] p2b: Miraidon\n|-activate|p2a: Iron Moth|ability: Quark Drive\n|-start|p2a: Iron Moth|quarkdrivespe\n|-ability|p1a: Zamazenta|Dauntless Shield|boost\n|-boost|p1a: Zamazenta|def|1\n|-fieldstart|move: Grassy Terrain|[from] ability: Grassy Surge|[of] p1b: Rillaboom\n|-end|p2a: Iron Moth|Quark Drive\n|turn|1\n|\n|t:|1769122765\n|-terastallize|p2b: Miraidon|Ghost\n|-terastallize|p1b: Rillaboom|Fire\n|move|p2a: Iron Moth|Protect|p2a: Iron Moth\n|-singleturn|p2a: Iron Moth|Protect\n|move|p2b: Miraidon|Volt Switch|p1a: Zamazenta\n|-damage|p1a: Zamazenta|70/100\n|\n|t:|1769122775\n|switch|p2b: Calyrex|Calyrex-Ice, L50|100/100|[from] Volt Switch\n|-ability|p2b: Calyrex|As One\n|-ability|p2b: Calyrex|Unnerve\n|move|p1a: Zamazenta|Body Press|p2b: Calyrex\n|-damage|p2b: Calyrex|67/100\n|move|p1b: Rillaboom|High Horsepower|p2a: Iron Moth\n|-activate|p2a: Iron Moth|move: Protect\n|\n|-heal|p1a: Zamazenta|76/100|[from] Grassy Terrain\n|-heal|p2b: Calyrex|73/100|[from] Grassy Terrain\n|upkeep\n|turn|2\n|\n|t:|1769122808\n|-end|p2a: Iron Moth|Quark Drive|[silent]\n|switch|p2a: Miraidon|Miraidon, L50, tera:Ghost|100/100\n|-fieldstart|move: Electric Terrain|[from] ability: Hadron Engine|[of] p2a: Miraidon\n|-enditem|p2b: Calyrex|Electric Seed\n|-boost|p2b: Calyrex|def|1|[from] item: Electric Seed\n|move|p1a: Zamazenta|Body Press|p2b: Calyrex\n|-damage|p2b: Calyrex|53/100\n|move|p1b: Rillaboom|High Horsepower|p2a: Miraidon\n|-damage|p2a: Miraidon|56/100\n|-damage|p1b: Rillaboom|91/100|[from] item: Life Orb\n|move|p2b: Calyrex|Leech Seed|p1a: Zamazenta\n|-start|p1a: Zamazenta|move: Leech Seed\n|\n|-damage|p1a: Zamazenta|64/100|[from] Leech Seed|[of] p2b: Calyrex\n|-heal|p2b: Calyrex|64/100|[silent]\n|upkeep\n|turn|3\n|inactive|Battle timer is ON: inactive players will automatically lose when time's up. (requested by zonavideovigilada)\n|\n|t:|1769122856\n|switch|p1b: Chien-Pao|Chien-Pao, L50|100/100\n|-ability|p1b: Chien-Pao|Sword of Ruin\n|move|p2a: Miraidon|Volt Switch|p1b: Chien-Pao\n|-damage|p1b: Chien-Pao|39/100\n|\n|t:|1769122863\n|switch|p2a: Iron Moth|Iron Moth, L50|100/100|[from] Volt Switch\n|-activate|p2a: Iron Moth|ability: Quark Drive\n|-start|p2a: Iron Moth|quarkdrivespe\n|move|p1a: Zamazenta|Body Press|p2b: Calyrex\n|-damage|p2b: Calyrex|34/100\n|move|p2b: Calyrex|Body Press|p1a: Zamazenta\n|-supereffective|p1a: Zamazenta\n|-crit|p1a: Zamazenta\n|-damage|p1a: Zamazenta|0 fnt\n|faint|p1a: Zamazenta\n|-ability|p2b: Calyrex|Chilling Neigh|boost\n|-boost|p2b: Calyrex|atk|1\n|\n|upkeep\n|\n|t:|1769122875\n|switch|p1a: Calyrex|Calyrex-Shadow, L50|100/100\n|-ability|p1a: Calyrex|As One\n|-ability|p1a: Calyrex|Unnerve\n|turn|4\n|\n|t:|1769122885\n|switch|p2b: Tyranitar|Tyranitar, L50, F|100/100\n|-weather|Sandstorm|[from] ability: Sand Stream|[of] p2b: Tyranitar\n|move|p1b: Chien-Pao|Sucker Punch|p2a: Iron Moth\n|-damage|p2a: Iron Moth|50/100\n|move|p2a: Iron Moth|Struggle Bug|p1b: Chien-Pao|[spread] p1a,p1b\n|-supereffective|p1b: Chien-Pao\n|-damage|p1a: Calyrex|89/100\n|-damage|p1b: Chien-Pao|22/100\n|-unboost|p1a: Calyrex|spa|1\n|-unboost|p1b: Chien-Pao|spa|1\n|move|p1a: Calyrex|Astral Barrage|p2a: Iron Moth|[spread] p2a,p2b\n|-resisted|p2b: Tyranitar\n|-damage|p2a: Iron Moth|12/100\n|-damage|p2b: Tyranitar|90/100\n|\n|-weather|Sandstorm|[upkeep]\n|-damage|p2a: Iron Moth|7/100|[from] Sandstorm\n|-damage|p1a: Calyrex|83/100|[from] Sandstorm\n|-damage|p1b: Chien-Pao|16/100|[from] Sandstorm\n|upkeep\n|turn|5\n|inactive|zonavideovigilada has 30 seconds left.\n|inactive|Zin_yugami has 30 seconds left.\n|inactive|zonavideovigilada has 20 seconds left.\n|inactive|Zin_yugami has 20 seconds left.\n|inactive|zonavideovigilada has 15 seconds left.\n|\n|t:|1769122926\n|switch|p1a: Rillaboom|Rillaboom, L50, M, tera:Fire|91/100\n|-fieldstart|move: Grassy Terrain|[from] ability: Grassy Surge|[of] p1a: Rillaboom\n|-end|p2a: Iron Moth|Quark Drive\n|move|p1b: Chien-Pao|Ice Shard|p2a: Iron Moth\n|-resisted|p2a: Iron Moth\n|-damage|p2a: Iron Moth|0 fnt\n|faint|p2a: Iron Moth\n|-end|p2a: Iron Moth|Quark Drive|[silent]\n|move|p2b: Tyranitar|Rock Blast|p1b: Chien-Pao\n|-supereffective|p1b: Chien-Pao\n|-damage|p1b: Chien-Pao|0 fnt\n|faint|p1b: Chien-Pao\n|-hitcount|p1: Chien-Pao|1\n|\n|-weather|Sandstorm|[upkeep]\n|-damage|p1a: Rillaboom|85/100|[from] Sandstorm\n|-heal|p1a: Rillaboom|91/100|[from] Grassy Terrain\n|-heal|p2b: Tyranitar|96/100|[from] Grassy Terrain\n|upkeep\n|\n|t:|1769122944\n|switch|p1b: Calyrex|Calyrex-Shadow, L50|83/100\n|switch|p2a: Miraidon|Miraidon, L50, tera:Ghost|56/100\n|-ability|p1b: Calyrex|As One\n|-ability|p1b: Calyrex|Unnerve\n|-fieldstart|move: Electric Terrain|[from] ability: Hadron Engine|[of] p2a: Miraidon\n|turn|6\n|\n|t:|1769122961\n|move|p2a: Miraidon|Electro Drift|p1b: Calyrex\n|-damage|p1b: Calyrex|0 fnt\n|faint|p1b: Calyrex\n|move|p1a: Rillaboom|Wood Hammer|p2b: Tyranitar\n|-supereffective|p2b: Tyranitar\n|-damage|p2b: Tyranitar|0 fnt\n|faint|p2b: Tyranitar\n|-damage|p1a: Rillaboom|59/100|[from] Recoil\n|-damage|p1a: Rillaboom|50/100|[from] item: Life Orb\n|\n|-weather|Sandstorm|[upkeep]\n|-damage|p2a: Miraidon|50/100|[from] Sandstorm\n|-damage|p1a: Rillaboom|44/100|[from] Sandstorm\n|upkeep\n|\n|t:|1769122975\n|switch|p2b: Calyrex|Calyrex-Ice, L50|34/100\n|-ability|p2b: Calyrex|As One\n|-ability|p2b: Calyrex|Unnerve\n|turn|7\n|-message|zonavideovigilada forfeited.\n|\n|win|Zin_yugami\n|raw|zonavideovigilada's rating: 1489 &rarr; <strong>1469</strong><br />(-20 for losing)\n|raw|Zin_yugami's rating: 1485 &rarr; <strong>1505</strong><br />(+20 for winning)\n|l|\u2606zonavideovigilada\n|player|p1|\n|l|\u2606Zin_yugami\n|player|p2|\n","uploadtime":1769123200,"views":16,"formatid":"gen9vgc2026regi","rating":1469,"private":0,"password":null}