{"id":"gen9vgc2026regi-2563340898","format":"[Gen 9] VGC 2026 Reg I","players":["AlejoB7","nerd159"],"log":"|j|\u2606AlejoB7\n|j|\u2606nerd159\n|t:|1774017878\n|gametype|doubles\n|player|p1|AlejoB7|artist|1359\n|player|p2|nerd159|169|1374\n|gen|9\n|tier|[Gen 9] VGC 2026 Reg I\n|rated|\n|rule|Species Clause: Limit one of each Pok\u00e9mon\n|rule|Item Clause: Limit 1 of each item\n|clearpoke\n|poke|p1|Miraidon, L50|\n|poke|p1|Lunala, L50|\n|poke|p1|Whimsicott, L50, F|\n|poke|p1|Urshifu-*, L50, F|\n|poke|p1|Incineroar, L50, M|\n|poke|p1|Ursaluna, L50, M|\n|poke|p2|Zamazenta-*, L50|\n|poke|p2|Calyrex-Shadow, L50|\n|poke|p2|Excadrill, L50, M|\n|poke|p2|Tyranitar, L50, F|\n|poke|p2|Ogerpon-Wellspring, L50, F|\n|poke|p2|Farigiraf, L50, M|\n|teampreview|4\n|inactive|Battle timer is ON: inactive players will automatically lose when time's up. (requested by AlejoB7)\n|inactive|AlejoB7 has 60 seconds left.\n|inactive|AlejoB7 has 30 seconds left.\n|inactive|AlejoB7 has 20 seconds left.\n|inactive|AlejoB7 has 15 seconds left.\n|inactive|AlejoB7 has 10 seconds left.\n|\n|t:|1774017963\n|teamsize|p1|4\n|teamsize|p2|4\n|start\n|switch|p1a: Whimsicott|Whimsicott, L50, F|100/100\n|switch|p1b: Urshifu|Urshifu-Rapid-Strike, L50, F|100/100\n|switch|p2a: Excadrill|Excadrill, L50, M|100/100\n|switch|p2b: Zamazenta|Zamazenta-Crowned, L50|100/100\n|-ability|p2b: Zamazenta|Dauntless Shield|boost\n|-boost|p2b: Zamazenta|def|1\n|turn|1\n|\n|t:|1774017977\n|-terastallize|p1b: Urshifu|Ghost\n|move|p1a: Whimsicott|Tailwind|p1a: Whimsicott\n|-sidestart|p1: AlejoB7|move: Tailwind\n|move|p1b: Urshifu|Surging Strikes|p2a: Excadrill\n|-supereffective|p2a: Excadrill\n|-crit|p2a: Excadrill\n|-damage|p2a: Excadrill|9/100\n|-supereffective|p2a: Excadrill\n|-crit|p2a: Excadrill\n|-damage|p2a: Excadrill|0 fnt\n|faint|p2a: Excadrill\n|-hitcount|p2: Excadrill|2\n|move|p2b: Zamazenta|Body Press|p1b: Urshifu\n|-immune|p1b: Urshifu\n|\n|upkeep\n|\n|t:|1774017981\n|switch|p2a: Tyranitar|Tyranitar, L50, F|100/100\n|-weather|Sandstorm|[from] ability: Sand Stream|[of] p2a: Tyranitar\n|turn|2\n|\n|t:|1774017992\n|-terastallize|p2a: Tyranitar|Grass\n|move|p1a: Whimsicott|Encore|p2b: Zamazenta\n|-start|p2b: Zamazenta|Encore\n|move|p1b: Urshifu|Surging Strikes|p2a: Tyranitar\n|-resisted|p2a: Tyranitar\n|-crit|p2a: Tyranitar\n|-damage|p2a: Tyranitar|86/100\n|-resisted|p2a: Tyranitar\n|-crit|p2a: Tyranitar\n|-damage|p2a: Tyranitar|71/100\n|-resisted|p2a: Tyranitar\n|-crit|p2a: Tyranitar\n|-damage|p2a: Tyranitar|57/100\n|-hitcount|p2a: Tyranitar|3\n|move|p2b: Zamazenta|Body Press|p1a: Whimsicott\n|-resisted|p1a: Whimsicott\n|-damage|p1a: Whimsicott|57/100\n|move|p2a: Tyranitar|Knock Off|p1b: Urshifu\n|-supereffective|p1b: Urshifu\n|-damage|p1b: Urshifu|0 fnt\n|-enditem|p1b: Urshifu|Choice Band|[from] move: Knock Off|[of] p2a: Tyranitar\n|faint|p1b: Urshifu\n|\n|-weather|Sandstorm|[upkeep]\n|-damage|p1a: Whimsicott|51/100|[from] Sandstorm\n|-damage|p2a: Tyranitar|51/100|[from] Sandstorm\n|upkeep\n|\n|t:|1774018004\n|switch|p1b: Miraidon|Miraidon, L50|100/100\n|-fieldstart|move: Electric Terrain|[from] ability: Hadron Engine|[of] p1b: Miraidon\n|turn|3\n|\n|t:|1774018022\n|move|p1b: Miraidon|Electro Drift|p2b: Zamazenta\n|-damage|p2b: Zamazenta|9/100\n|-damage|p1b: Miraidon|91/100|[from] item: Life Orb\n|move|p1a: Whimsicott|Moonblast|p2b: Zamazenta\n|-damage|p2b: Zamazenta|0 fnt\n|faint|p2b: Zamazenta\n|move|p2a: Tyranitar|Rock Slide|p1a: Whimsicott|[spread] p1a,p1b\n|-damage|p1a: Whimsicott|15/100\n|-damage|p1b: Miraidon|61/100\n|\n|-weather|Sandstorm|[upkeep]\n|-damage|p1b: Miraidon|55/100|[from] Sandstorm\n|-damage|p1a: Whimsicott|9/100|[from] Sandstorm\n|-damage|p2a: Tyranitar|45/100|[from] Sandstorm\n|upkeep\n|\n|t:|1774018026\n|switch|p2b: Calyrex|Calyrex-Shadow, L50|100/100\n|-ability|p2b: Calyrex|As One\n|-ability|p2b: Calyrex|Unnerve\n|turn|4\n|inactive|AlejoB7 has 30 seconds left.\n|\n|t:|1774018057\n|move|p1a: Whimsicott|Light Screen|p1a: Whimsicott\n|-sidestart|p1: AlejoB7|move: Light Screen\n|move|p1b: Miraidon|Electro Drift|p2a: Tyranitar\n|-resisted|p2a: Tyranitar\n|-damage|p2a: Tyranitar|14/100\n|-damage|p1b: Miraidon|45/100|[from] item: Life Orb\n|move|p2b: Calyrex|Astral Barrage|p1b: Miraidon|[spread] p1a,p1b\n|-crit|p1a: Whimsicott\n|-damage|p1a: Whimsicott|0 fnt\n|-damage|p1b: Miraidon|3/100\n|faint|p1a: Whimsicott\n|-ability|p2b: Calyrex|Grim Neigh|boost\n|-boost|p2b: Calyrex|spa|1\n|move|p2a: Tyranitar|Rock Slide|p1b: Miraidon\n|-damage|p1b: Miraidon|0 fnt\n|faint|p1b: Miraidon\n|\n|-weather|Sandstorm|[upkeep]\n|-damage|p2b: Calyrex|95/100|[from] Sandstorm\n|-damage|p2a: Tyranitar|8/100|[from] Sandstorm\n|-sideend|p1: AlejoB7|move: Tailwind\n|upkeep\n|\n|t:|1774018062\n|switch|p1a: Lunala|Lunala, L50|100/100\n|-enditem|p1a: Lunala|Electric Seed\n|-boost|p1a: Lunala|def|1|[from] item: Electric Seed\n|turn|5\n|inactive|AlejoB7 has 30 seconds left.\n|\n|t:|1774018088\n|move|p2b: Calyrex|Astral Barrage|p1a: Lunala\n|-supereffective|p1a: Lunala\n|-damage|p1a: Lunala|0 fnt\n|faint|p1a: Lunala\n|\n|win|nerd159\n|raw|AlejoB7's rating: 1359 &rarr; <strong>1340</strong><br />(-19 for losing)\n|raw|nerd159's rating: 1374 &rarr; <strong>1393</strong><br />(+19 for winning)\n|c|\u2606AlejoB7|gg\n|l|\u2606nerd159\n|player|p2|\n|l|\u2606AlejoB7\n|player|p1|\n","uploadtime":1774018271,"views":17,"formatid":"gen9vgc2026regi","rating":1340,"private":0,"password":null}