{"id":"gen9vgc2026regi-2540062283","format":"[Gen 9] VGC 2026 Reg I","players":["SEITA","Rxu"],"log":"|j|\u2606SEITA\n|j|\u2606Rxu\n|t:|1771154933\n|gametype|doubles\n|player|p1|SEITA|lucas-gen4pt|1446\n|player|p2|Rxu|caitlin|1494\n|gen|9\n|tier|[Gen 9] VGC 2026 Reg I\n|rated|\n|rule|Species Clause: Limit one of each Pok\u00e9mon\n|rule|Item Clause: Limit 1 of each item\n|clearpoke\n|poke|p1|Zamazenta-*, L50|\n|poke|p1|Kyogre, L50|\n|poke|p1|Wo-Chien, L50|\n|poke|p1|Grimmsnarl, L50, M|\n|poke|p1|Rhyperior, L50, M|\n|poke|p1|Ditto, L50|\n|poke|p2|Calyrex-Shadow, L50|\n|poke|p2|Zamazenta-*, L50|\n|poke|p2|Whimsicott, L50, F|\n|poke|p2|Maushold-Four, L50|\n|poke|p2|Chi-Yu, L50|\n|poke|p2|Amoonguss, L50, F|\n|teampreview|4\n|\n|t:|1771154961\n|teamsize|p1|4\n|teamsize|p2|4\n|start\n|switch|p1a: Grimmsnarl|Grimmsnarl, L50, M|100/100\n|switch|p1b: Zamazenta|Zamazenta-Crowned, L50|100/100\n|switch|p2a: Whimsicott|Whimsicott, L50, F|100/100\n|switch|p2b: Maushold|Maushold-Four, L50|100/100\n|-ability|p1b: Zamazenta|Dauntless Shield|boost\n|-boost|p1b: Zamazenta|def|1\n|turn|1\n|\n|t:|1771154976\n|move|p2a: Whimsicott|Tailwind|p2a: Whimsicott\n|-sidestart|p2: Rxu|move: Tailwind\n|move|p1a: Grimmsnarl|Reflect|p1a: Grimmsnarl\n|-sidestart|p1: SEITA|Reflect\n|move|p2b: Maushold|Population Bomb|p1a: Grimmsnarl\n|-damage|p1a: Grimmsnarl|95/100\n|-damage|p1a: Grimmsnarl|88/100\n|-damage|p1a: Grimmsnarl|82/100\n|-damage|p1a: Grimmsnarl|75/100\n|-damage|p1a: Grimmsnarl|69/100\n|-damage|p1a: Grimmsnarl|62/100\n|-damage|p1a: Grimmsnarl|55/100\n|-damage|p1a: Grimmsnarl|49/100\n|-damage|p1a: Grimmsnarl|43/100\n|-damage|p1a: Grimmsnarl|36/100\n|-hitcount|p1a: Grimmsnarl|10\n|move|p1b: Zamazenta|Body Press|p2b: Maushold\n|-supereffective|p2b: Maushold\n|-damage|p2b: Maushold|0 fnt\n|faint|p2b: Maushold\n|\n|upkeep\n|\n|t:|1771154999\n|switch|p2b: Calyrex|Calyrex-Shadow, L50|100/100\n|-ability|p2b: Calyrex|As One\n|-ability|p2b: Calyrex|Unnerve\n|turn|2\n|\n|t:|1771155014\n|move|p2a: Whimsicott|Encore|p1b: Zamazenta\n|-start|p1b: Zamazenta|Encore\n|move|p1a: Grimmsnarl|Light Screen|p1a: Grimmsnarl\n|-sidestart|p1: SEITA|move: Light Screen\n|move|p2b: Calyrex|Nasty Plot|p2b: Calyrex\n|-boost|p2b: Calyrex|spa|2\n|move|p1b: Zamazenta|Body Press|p2a: Whimsicott\n|-resisted|p2a: Whimsicott\n|-crit|p2a: Whimsicott\n|-damage|p2a: Whimsicott|23/100\n|\n|upkeep\n|turn|3\n|\n|t:|1771155028\n|move|p1a: Grimmsnarl|Parting Shot|p2b: Calyrex\n|-unboost|p2b: Calyrex|atk|1\n|-unboost|p2b: Calyrex|spa|1\n|\n|t:|1771155039\n|switch|p1a: Kyogre|Kyogre, L50|100/100|[from] Parting Shot\n|-weather|RainDance|[from] ability: Drizzle|[of] p1a: Kyogre\n|move|p2b: Calyrex|Astral Barrage|p1a: Kyogre|[spread] p1a,p1b\n|-damage|p1a: Kyogre|54/100\n|-damage|p1b: Zamazenta|55/100\n|-damage|p2b: Calyrex|91/100|[from] item: Life Orb\n|move|p2a: Whimsicott|Endeavor|p1b: Zamazenta\n|-damage|p1b: Zamazenta|16/100\n|move|p1b: Zamazenta|Body Press|p2a: Whimsicott\n|-resisted|p2a: Whimsicott\n|-damage|p2a: Whimsicott|0 fnt\n|faint|p2a: Whimsicott\n|\n|-weather|RainDance|[upkeep]\n|-heal|p1a: Kyogre|59/100|[from] item: Leftovers\n|upkeep\n|\n|t:|1771155041\n|switch|p2a: Zamazenta|Zamazenta-Crowned, L50|100/100\n|-ability|p2a: Zamazenta|Dauntless Shield|boost\n|-boost|p2a: Zamazenta|def|1\n|turn|4\n|\n|t:|1771155079\n|move|p2b: Calyrex|Psychic|p1a: Kyogre\n|-damage|p1a: Kyogre|14/100\n|-damage|p2b: Calyrex|81/100|[from] item: Life Orb\n|move|p2a: Zamazenta|Imprison|p2a: Zamazenta\n|-start|p2a: Zamazenta|move: Imprison\n|cant|p1b: Zamazenta|move: Imprison|Body Press\n|move|p1a: Kyogre|Origin Pulse|p2b: Calyrex|[spread] \n|-miss|p1a: Kyogre|p2a: Zamazenta\n|-miss|p1a: Kyogre|p2b: Calyrex\n|\n|-weather|RainDance|[upkeep]\n|-heal|p1a: Kyogre|20/100|[from] item: Leftovers\n|-end|p1b: Zamazenta|Encore\n|-sideend|p2: Rxu|move: Tailwind\n|upkeep\n|turn|5\n|\n|t:|1771155111\n|move|p1a: Kyogre|Protect|p1a: Kyogre\n|-singleturn|p1a: Kyogre|Protect\n|move|p2b: Calyrex|Astral Barrage|p1a: Kyogre|[spread] p1b\n|-activate|p1a: Kyogre|move: Protect\n|-damage|p1b: Zamazenta|0 fnt\n|faint|p1b: Zamazenta\n|-ability|p2b: Calyrex|Grim Neigh|boost\n|-boost|p2b: Calyrex|spa|1\n|-damage|p2b: Calyrex|72/100|[from] item: Life Orb\n|move|p2a: Zamazenta|Body Press|p1a: Kyogre\n|-activate|p1a: Kyogre|move: Protect\n|\n|-weather|RainDance|[upkeep]\n|-heal|p1a: Kyogre|26/100|[from] item: Leftovers\n|upkeep\n|\n|t:|1771155134\n|switch|p1b: Wo-Chien|Wo-Chien, L50|100/100\n|-ability|p1b: Wo-Chien|Tablets of Ruin\n|turn|6\n|\n|t:|1771155148\n|move|p1a: Kyogre|Protect||[still]\n|-fail|p1a: Kyogre\n|move|p2b: Calyrex|Astral Barrage|p1a: Kyogre|[spread] p1a,p1b\n|-resisted|p1b: Wo-Chien\n|-damage|p1a: Kyogre|0 fnt\n|-damage|p1b: Wo-Chien|66/100\n|faint|p1a: Kyogre\n|-ability|p2b: Calyrex|Grim Neigh|boost\n|-boost|p2b: Calyrex|spa|1\n|-damage|p2b: Calyrex|62/100|[from] item: Life Orb\n|move|p2a: Zamazenta|Body Press|p1b: Wo-Chien\n|-supereffective|p1b: Wo-Chien\n|-damage|p1b: Wo-Chien|7/100\n|move|p1b: Wo-Chien|Foul Play|p2b: Calyrex\n|-supereffective|p2b: Calyrex\n|-damage|p2b: Calyrex|0 fnt\n|faint|p2b: Calyrex\n|\n|-weather|RainDance|[upkeep]\n|upkeep\n|\n|t:|1771155167\n|switch|p1a: Grimmsnarl|Grimmsnarl, L50, M|36/100\n|turn|7\n|\n|t:|1771155185\n|-terastallize|p1b: Wo-Chien|Poison\n|move|p1a: Grimmsnarl|Parting Shot|p2a: Zamazenta\n|-unboost|p2a: Zamazenta|atk|1\n|-unboost|p2a: Zamazenta|spa|1\n|move|p2a: Zamazenta|Body Press|p1b: Wo-Chien\n|-resisted|p1b: Wo-Chien\n|-damage|p1b: Wo-Chien|0 fnt\n|faint|p1b: Wo-Chien\n|\n|-weather|none\n|upkeep\n|turn|8\n|-message|SEITA forfeited.\n|\n|win|Rxu\n|raw|SEITA's rating: 1446 &rarr; <strong>1429</strong><br />(-17 for losing)\n|raw|Rxu's rating: 1494 &rarr; <strong>1511</strong><br />(+17 for winning)\n|l|\u2606SEITA\n|player|p1|\n|l|\u2606Rxu\n|player|p2|\n","uploadtime":1771155409,"views":37,"formatid":"gen9vgc2026regi","rating":1429,"private":0,"password":null}