{"id":"gen9vgc2026regi-2575623036","format":"[Gen 9] VGC 2026 Reg I","players":["Forever1507","yubanmeiqin\u7a7a\u4e4b\u5883\u754c"],"log":"|j|\u2606Forever1507\n|j|\u2606yubanmeiqin\u7a7a\u4e4b\u5883\u754c\n|t:|1775377377\n|gametype|doubles\n|player|p1|Forever1507|101|1386\n|player|p2|yubanmeiqin\u7a7a\u4e4b\u5883\u754c|lillie-masters2|1466\n|gen|9\n|tier|[Gen 9] VGC 2026 Reg I\n|rated|\n|rule|Species Clause: Limit one of each Pok\u00e9mon\n|rule|Item Clause: Limit 1 of each item\n|clearpoke\n|poke|p1|Miraidon, L50|\n|poke|p1|Calyrex-Ice, L50|\n|poke|p1|Ting-Lu, L50|\n|poke|p1|Volcarona, L50, F|\n|poke|p1|Iron Hands, L50|\n|poke|p1|Iron Bundle, L50|\n|poke|p2|Calyrex-Shadow, L50|\n|poke|p2|Zamazenta-*, L50|\n|poke|p2|Chien-Pao, L50|\n|poke|p2|Raging Bolt, L50|\n|poke|p2|Whimsicott, L50, F|\n|poke|p2|Ogerpon-Cornerstone, L50, F|\n|teampreview|4\n|\n|t:|1775377409\n|teamsize|p1|4\n|teamsize|p2|4\n|start\n|switch|p1a: Miraidon|Miraidon, L50|100/100\n|switch|p1b: Volcarona|Volcarona, L50, F|100/100\n|switch|p2a: Calyrex|Calyrex-Shadow, L50|100/100\n|switch|p2b: Chien-Pao|Chien-Pao, L50|100/100\n|-ability|p2a: Calyrex|As One\n|-ability|p2a: Calyrex|Unnerve\n|-fieldstart|move: Electric Terrain|[from] ability: Hadron Engine|[of] p1a: Miraidon\n|-enditem|p1b: Volcarona|Electric Seed\n|-boost|p1b: Volcarona|def|1|[from] item: Electric Seed\n|-ability|p2b: Chien-Pao|Sword of Ruin\n|turn|1\n|inactive|Battle timer is ON: inactive players will automatically lose when time's up. (requested by Forever1507)\n|\n|t:|1775377438\n|-terastallize|p2b: Chien-Pao|Ground\n|move|p1a: Miraidon|Electro Drift|p2b: Chien-Pao\n|-immune|p2b: Chien-Pao\n|move|p2a: Calyrex|Astral Barrage|p1a: Miraidon|[spread] p1a,p1b\n|-damage|p1a: Miraidon|58/100\n|-damage|p1b: Volcarona|54/100\n|move|p2b: Chien-Pao|Taunt|p1b: Volcarona\n|-start|p1b: Volcarona|move: Taunt\n|cant|p1b: Volcarona|move: Taunt|Quiver Dance\n|\n|upkeep\n|turn|2\n|c|\u2606Forever1507|\u4f60\u597d\u554a\n|c|\u2606yubanmeiqin\u7a7a\u4e4b\u5883\u754c|\u997f\u554a\n|c|\u2606yubanmeiqin\u7a7a\u4e4b\u5883\u754c|\u6211\u5728\u770b\u89c6\u9891\u6ca1\u6ce8\u610f\u4eba\u540d\n|c|\u2606yubanmeiqin\u7a7a\u4e4b\u5883\u754c|\u597d\u55b5\n|inactive|yubanmeiqin\u7a7a\u4e4b\u5883\u754c has 30 seconds left.\n|\n|t:|1775377465\n|move|p1a: Miraidon|Electro Drift|p2a: Calyrex\n|-enditem|p2a: Calyrex|Focus Sash\n|-damage|p2a: Calyrex|1/100\n|move|p2a: Calyrex|Astral Barrage|p1a: Miraidon|[spread] p1a,p1b\n|-damage|p1a: Miraidon|11/100\n|-damage|p1b: Volcarona|6/100\n|move|p2b: Chien-Pao|Icy Wind|p1b: Volcarona|[spread] p1a,p1b\n|-supereffective|p1a: Miraidon\n|-resisted|p1b: Volcarona\n|-damage|p1a: Miraidon|0 fnt\n|-damage|p1b: Volcarona|0 fnt\n|faint|p1a: Miraidon\n|faint|p1b: Volcarona\n|\n|upkeep\n|\n|t:|1775377471\n|switch|p1a: Calyrex|Calyrex-Ice, L50|100/100\n|switch|p1b: Iron Hands|Iron Hands, L50|100/100\n|-ability|p1a: Calyrex|As One\n|-ability|p1a: Calyrex|Unnerve\n|-activate|p1b: Iron Hands|ability: Quark Drive\n|-start|p1b: Iron Hands|quarkdriveatk\n|turn|3\n|\n|t:|1775377482\n|switch|p2b: Zamazenta|Zamazenta-Crowned, L50|100/100\n|-ability|p2b: Zamazenta|Dauntless Shield|boost\n|-boost|p2b: Zamazenta|def|1\n|-terastallize|p1a: Calyrex|Water\n|move|p2a: Calyrex|Protect|p2a: Calyrex\n|-singleturn|p2a: Calyrex|Protect\n|move|p1b: Iron Hands|Fake Out|p2b: Zamazenta\n|-resisted|p2b: Zamazenta\n|-damage|p2b: Zamazenta|97/100\n|move|p1a: Calyrex|Trick Room|p1a: Calyrex\n|-fieldstart|move: Trick Room|[of] p1a: Calyrex\n|\n|upkeep\n|turn|4\n|inactive|yubanmeiqin\u7a7a\u4e4b\u5883\u754c has 30 seconds left.\n|\n|t:|1775377508\n|switch|p2a: Chien-Pao|Chien-Pao, L50, tera:Ground|100/100\n|-ability|p2a: Chien-Pao|Sword of Ruin\n|move|p2b: Zamazenta|Wide Guard|p2b: Zamazenta\n|-singleturn|p2b: Zamazenta|Wide Guard\n|move|p1a: Calyrex|High Horsepower|p2a: Chien-Pao\n|-damage|p2a: Chien-Pao|54/100\n|move|p1b: Iron Hands|Low Kick|p2b: Zamazenta\n|-supereffective|p2b: Zamazenta\n|-damage|p2b: Zamazenta|10/100\n|\n|upkeep\n|turn|5\n|inactive|Forever1507 has 30 seconds left.\n|inactive|yubanmeiqin\u7a7a\u4e4b\u5883\u754c has 30 seconds left.\n|\n|t:|1775377537\n|switch|p2b: Ogerpon|Ogerpon-Cornerstone, L50, F|100/100\n|switch|p2a: Calyrex|Calyrex-Shadow, L50|1/100\n|-ability|p2a: Calyrex|As One\n|-ability|p2a: Calyrex|Unnerve\n|move|p1a: Calyrex|High Horsepower|p2b: Ogerpon\n|-damage|p2b: Ogerpon|45/100\n|move|p1b: Iron Hands|Drain Punch|p2a: Calyrex\n|-immune|p2a: Calyrex\n|\n|-fieldend|move: Electric Terrain\n|-end|p1b: Iron Hands|Quark Drive\n|upkeep\n|turn|6\n|inactive|yubanmeiqin\u7a7a\u4e4b\u5883\u754c has 30 seconds left.\n|\n|t:|1775377571\n|switch|p2b: Zamazenta|Zamazenta-Crowned, L50|10/100\n|move|p2a: Calyrex|Protect|p2a: Calyrex\n|-singleturn|p2a: Calyrex|Protect\n|move|p1a: Calyrex|Glacial Lance|p2a: Calyrex|[spread] p2b\n|-activate|p2a: Calyrex|move: Protect\n|-resisted|p2b: Zamazenta\n|-damage|p2b: Zamazenta|0 fnt\n|faint|p2b: Zamazenta\n|-ability|p1a: Calyrex|Chilling Neigh|boost\n|-boost|p1a: Calyrex|atk|1\n|move|p1b: Iron Hands|Drain Punch|p2a: Calyrex\n|-activate|p2a: Calyrex|move: Protect\n|\n|upkeep\n|\n|t:|1775377577\n|switch|p2b: Ogerpon|Ogerpon-Cornerstone, L50, F|45/100\n|turn|7\n|\n|t:|1775377582\n|move|p2b: Ogerpon|Spiky Shield|p2b: Ogerpon\n|-singleturn|p2b: Ogerpon|move: Protect\n|move|p1a: Calyrex|Glacial Lance|p2b: Ogerpon|[spread] p2a\n|-activate|p2b: Ogerpon|move: Protect\n|-damage|p2a: Calyrex|0 fnt\n|faint|p2a: Calyrex\n|-ability|p1a: Calyrex|Chilling Neigh|boost\n|-boost|p1a: Calyrex|atk|1\n|move|p1b: Iron Hands|Wild Charge|p2b: Ogerpon\n|-activate|p2b: Ogerpon|move: Protect\n|-damage|p1b: Iron Hands|88/100|[from] Spiky Shield|[of] p2b: Ogerpon\n|\n|-fieldend|move: Trick Room\n|upkeep\n|\n|t:|1775377586\n|switch|p2a: Chien-Pao|Chien-Pao, L50, tera:Ground|54/100\n|-ability|p2a: Chien-Pao|Sword of Ruin\n|turn|8\n|\n|t:|1775377597\n|move|p2a: Chien-Pao|Ruination|p1b: Iron Hands\n|-damage|p1b: Iron Hands|44/100\n|move|p2b: Ogerpon|Wood Hammer|p1b: Iron Hands\n|-damage|p1b: Iron Hands|0 fnt\n|faint|p1b: Iron Hands\n|-end|p1b: Iron Hands|Quark Drive|[silent]\n|-damage|p2b: Ogerpon|22/100|[from] Recoil\n|move|p1a: Calyrex|Glacial Lance|p2b: Ogerpon|[spread] p2a,p2b\n|-supereffective|p2a: Chien-Pao\n|-supereffective|p2b: Ogerpon\n|-damage|p2a: Chien-Pao|0 fnt\n|-damage|p2b: Ogerpon|0 fnt\n|faint|p2a: Chien-Pao\n|faint|p2b: Ogerpon\n|\n|win|Forever1507\n|raw|Forever1507's rating: 1386 &rarr; <strong>1411</strong><br />(+25 for winning)\n|raw|yubanmeiqin\u7a7a\u4e4b\u5883\u754c's rating: 1466 &rarr; <strong>1441</strong><br />(-25 for losing)\n","uploadtime":1775377601,"views":13,"formatid":"gen9vgc2026regi","rating":1411,"private":0,"password":null}