{"id":"gen9vgc2026regi-2573776372","format":"[Gen 9] VGC 2026 Reg I","players":["aka_tmt","1VLTSQ Joker"],"log":"|raw|<div class=\"broadcast-blue\"><strong>This battle is required to be public due to a player having a name starting with '1vltsq'.</div>\n|j|\u2606aka_tmt\n|j|\u26061VLTSQ Joker\n|t:|1775163960\n|gametype|doubles\n|player|p1|aka_tmt|2|1451\n|player|p2|1VLTSQ Joker|blue|1552\n|gen|9\n|tier|[Gen 9] VGC 2026 Reg I\n|rated|\n|rule|Species Clause: Limit one of each Pok\u00e9mon\n|rule|Item Clause: Limit 1 of each item\n|clearpoke\n|poke|p1|Miraidon, L50|\n|poke|p1|Lunala, L50|\n|poke|p1|Whimsicott, L50, F|\n|poke|p1|Urshifu-*, L50, M|\n|poke|p1|Incineroar, L50, M|\n|poke|p1|Ursaluna, L50, M|\n|poke|p2|Calyrex-Ice, L50|\n|poke|p2|Smeargle, L50, F|\n|poke|p2|Kyogre, L50|\n|poke|p2|Maushold, L50|\n|poke|p2|Volcarona, L50, M|\n|poke|p2|Pawmot, L50, M|\n|teampreview|4\n|\n|t:|1775164010\n|teamsize|p1|4\n|teamsize|p2|4\n|start\n|switch|p1a: Incineroar|Incineroar, L50, M|100/100\n|switch|p1b: Urshifu|Urshifu-Rapid-Strike, L50, M|100/100\n|switch|p2a: Calyrex|Calyrex-Ice, L50|100/100\n|switch|p2b: Smeargle|Smeargle, L50, F|100/100\n|-ability|p2a: Calyrex|As One\n|-ability|p2a: Calyrex|Unnerve\n|-ability|p1a: Incineroar|Intimidate|boost\n|-unboost|p2a: Calyrex|atk|1\n|-unboost|p2b: Smeargle|atk|1\n|turn|1\n|\n|t:|1775164044\n|move|p1b: Urshifu|U-turn|p2b: Smeargle\n|-crit|p2b: Smeargle\n|-enditem|p2b: Smeargle|Focus Sash\n|-damage|p2b: Smeargle|1/100\n|\n|t:|1775164066\n|switch|p1b: Lunala|Lunala, L50|100/100|[from] U-turn\n|move|p2b: Smeargle|Spore|p1b: Lunala\n|-status|p1b: Lunala|slp|[from] move: Spore\n|move|p1a: Incineroar|U-turn|p2b: Smeargle\n|-crit|p2b: Smeargle\n|-damage|p2b: Smeargle|0 fnt\n|faint|p2b: Smeargle\n|\n|t:|1775164077\n|switch|p1a: Urshifu|Urshifu-Rapid-Strike, L50, M|100/100|[from] U-turn\n|move|p2a: Calyrex|Seed Bomb|p1b: Lunala\n|-damage|p1b: Lunala|91/100 slp\n|\n|upkeep\n|\n|t:|1775164088\n|switch|p2b: Kyogre|Kyogre, L50|100/100\n|-weather|RainDance|[from] ability: Drizzle|[of] p2b: Kyogre\n|turn|2\n|\n|t:|1775164120\n|switch|p2a: Maushold|Maushold, L50|100/100\n|-terastallize|p2b: Kyogre|Water\n|cant|p1b: Lunala|slp\n|move|p2b: Kyogre|Water Spout|p1b: Lunala|[spread] p1a,p1b\n|-resisted|p1a: Urshifu\n|-damage|p1a: Urshifu|10/100\n|-damage|p1b: Lunala|3/100 slp\n|move|p1a: Urshifu|Surging Strikes|p2b: Kyogre\n|-resisted|p2b: Kyogre\n|-crit|p2b: Kyogre\n|-damage|p2b: Kyogre|73/100\n|-resisted|p2b: Kyogre\n|-crit|p2b: Kyogre\n|-damage|p2b: Kyogre|46/100\n|-resisted|p2b: Kyogre\n|-crit|p2b: Kyogre\n|-damage|p2b: Kyogre|18/100\n|-hitcount|p2b: Kyogre|3\n|\n|-weather|RainDance|[upkeep]\n|upkeep\n|turn|3\n|\n|t:|1775164161\n|switch|p1a: Miraidon|Miraidon, L50|100/100\n|-fieldstart|move: Electric Terrain|[from] ability: Hadron Engine|[of] p1a: Miraidon\n|-enditem|p1b: Lunala|Electric Seed\n|-boost|p1b: Lunala|def|1|[from] item: Electric Seed\n|cant|p1b: Lunala|slp\n|move|p2b: Kyogre|Water Spout|p1a: Miraidon|[spread] p1a,p1b\n|-resisted|p1a: Miraidon\n|-crit|p1a: Miraidon\n|-damage|p1a: Miraidon|85/100\n|-damage|p1b: Lunala|0 fnt\n|faint|p1b: Lunala\n|move|p2a: Maushold|Bite|p1a: Miraidon\n|-damage|p1a: Miraidon|65/100\n|\n|-weather|RainDance|[upkeep]\n|upkeep\n|j| tapu_fume\n|\n|t:|1775164182\n|switch|p1b: Incineroar|Incineroar, L50, M|100/100\n|-ability|p1b: Incineroar|Intimidate|boost\n|-unboost|p2a: Maushold|atk|1\n|-unboost|p2b: Kyogre|atk|1\n|turn|4\n|j| nakedbabe\n|l| nakedbabe\n|\n|t:|1775164222\n|switch|p2b: Calyrex|Calyrex-Ice, L50|100/100\n|-ability|p2b: Calyrex|As One\n|-ability|p2b: Calyrex|Unnerve\n|move|p1a: Miraidon|Electro Drift|p2b: Calyrex\n|-damage|p2b: Calyrex|43/100\n|-damage|p1a: Miraidon|55/100|[from] item: Life Orb\n|move|p2a: Maushold|Population Bomb|p1a: Miraidon\n|-damage|p1a: Miraidon|48/100\n|-damage|p1a: Miraidon|41/100\n|-damage|p1a: Miraidon|34/100\n|-damage|p1a: Miraidon|26/100\n|-damage|p1a: Miraidon|19/100\n|-hitcount|p1a: Miraidon|5\n|move|p1b: Incineroar|U-turn|p2b: Calyrex\n|-supereffective|p2b: Calyrex\n|-damage|p2b: Calyrex|16/100\n|\n|t:|1775164243\n|switch|p1b: Urshifu|Urshifu-Rapid-Strike, L50, M|10/100|[from] U-turn\n|\n|-weather|RainDance|[upkeep]\n|upkeep\n|turn|5\n|\n|t:|1775164289\n|switch|p1b: Incineroar|Incineroar, L50, M|100/100\n|-ability|p1b: Incineroar|Intimidate|boost\n|-unboost|p2a: Maushold|atk|1\n|-unboost|p2b: Calyrex|atk|1\n|move|p2a: Maushold|Protect|p2a: Maushold\n|-singleturn|p2a: Maushold|Protect\n|move|p1a: Miraidon|Volt Switch|p2a: Maushold\n|-activate|p2a: Maushold|move: Protect\n|move|p2b: Calyrex|Glacial Lance|p1a: Miraidon|[spread] p1a,p1b\n|-supereffective|p1a: Miraidon\n|-resisted|p1b: Incineroar\n|-damage|p1a: Miraidon|0 fnt\n|-damage|p1b: Incineroar|83/100\n|faint|p1a: Miraidon\n|-ability|p2b: Calyrex|Chilling Neigh|boost\n|-boost|p2b: Calyrex|atk|1\n|\n|-weather|RainDance|[upkeep]\n|upkeep\n|\n|t:|1775164306\n|switch|p1a: Urshifu|Urshifu-Rapid-Strike, L50, M|10/100\n|turn|6\n|\n|t:|1775164338\n|move|p1b: Incineroar|Fake Out|p2a: Maushold\n|-damage|p2a: Maushold|81/100\n|move|p1a: Urshifu|Aqua Jet|p2b: Calyrex\n|-damage|p2b: Calyrex|0 fnt\n|faint|p2b: Calyrex\n|cant|p2a: Maushold|flinch\n|\n|-weather|none\n|upkeep\n|\n|t:|1775164344\n|switch|p2b: Kyogre|Kyogre, L50, tera:Water|18/100\n|-weather|RainDance|[from] ability: Drizzle|[of] p2b: Kyogre\n|turn|7\n|\n|t:|1775164367\n|-terastallize|p1b: Incineroar|Bug\n|move|p2a: Maushold|Follow Me|p2a: Maushold\n|-singleturn|p2a: Maushold|move: Follow Me\n|move|p1a: Urshifu|Aqua Jet|p2a: Maushold\n|-crit|p2a: Maushold\n|-damage|p2a: Maushold|0 fnt\n|faint|p2a: Maushold\n|move|p2b: Kyogre|Origin Pulse|p1a: Urshifu|[spread] p1a,p1b\n|-resisted|p1a: Urshifu\n|-damage|p1a: Urshifu|0 fnt\n|-damage|p1b: Incineroar|26/100\n|faint|p1a: Urshifu\n|move|p1b: Incineroar|Knock Off|p2b: Kyogre\n|-damage|p2b: Kyogre|0 fnt\n|-enditem|p2b: Kyogre|Choice Scarf|[from] move: Knock Off|[of] p1b: Incineroar\n|faint|p2b: Kyogre\n|\n|win|aka_tmt\n|raw|aka_tmt's rating: 1451 &rarr; <strong>1477</strong><br />(+26 for winning)\n|raw|1VLTSQ Joker's rating: 1552 &rarr; <strong>1526</strong><br />(-26 for losing)\n|l|\u26061VLTSQ Joker\n|player|p2|\n","uploadtime":1775164620,"views":9,"formatid":"gen9vgc2026regi","rating":1477,"private":0,"password":null}