{"id":"gen9vgc2026regi-2543443440","format":"[Gen 9] VGC 2026 Reg I","players":["ryo8989","SEITA"],"log":"|j|\u2606ryo8989\n|j|\u2606SEITA\n|t:|1771574595\n|gametype|doubles\n|player|p1|ryo8989|erika|1445\n|player|p2|SEITA|lucas-gen4pt|1736\n|gen|9\n|tier|[Gen 9] VGC 2026 Reg I\n|rated|\n|rule|Species Clause: Limit one of each Pok\u00e9mon\n|rule|Item Clause: Limit 1 of each item\n|clearpoke\n|poke|p1|Calyrex-Shadow, L50|\n|poke|p1|Zamazenta-*, L50|\n|poke|p1|Raging Bolt, L50|\n|poke|p1|Tornadus, L50, M|\n|poke|p1|Urshifu-*, L50, F|\n|poke|p1|Indeedee-F, L50, F|\n|poke|p2|Zacian-*, L50|\n|poke|p2|Kyogre, L50|\n|poke|p2|Tornadus, L50, M|\n|poke|p2|Raging Bolt, L50|\n|poke|p2|Landorus, L50, M|\n|poke|p2|Chien-Pao, L50|\n|teampreview|4\n|\n|t:|1771574650\n|teamsize|p1|4\n|teamsize|p2|4\n|start\n|switch|p1a: Zamazenta|Zamazenta-Crowned, L50, shiny|100/100\n|switch|p1b: Tornadus|Tornadus, L50, M|100/100\n|switch|p2a: Tornadus|Tornadus, L50, M|100/100\n|switch|p2b: Zacian|Zacian-Crowned, L50|100/100\n|-ability|p2b: Zacian|Intrepid Sword|boost\n|-boost|p2b: Zacian|atk|1\n|-ability|p1a: Zamazenta|Dauntless Shield|boost\n|-boost|p1a: Zamazenta|def|1\n|turn|1\n|\n|t:|1771574669\n|-terastallize|p1a: Zamazenta|Dragon\n|move|p1b: Tornadus|Taunt|p2a: Tornadus\n|-start|p2a: Tornadus|move: Taunt\n|-enditem|p2a: Tornadus|Mental Herb\n|-end|p2a: Tornadus|move: Taunt\n|move|p2b: Zacian|Sacred Sword|p1a: Zamazenta\n|-damage|p1a: Zamazenta|66/100\n|move|p1a: Zamazenta|Body Press|p2b: Zacian\n|-damage|p2b: Zacian|47/100\n|move|p2a: Tornadus|Bleakwind Storm|p1b: Tornadus|[spread] p1a\n|-miss|p2a: Tornadus|p1b: Tornadus\n|-damage|p1a: Zamazenta|39/100\n|\n|upkeep\n|turn|2\n|\n|t:|1771574715\n|move|p1a: Zamazenta|Protect|p1a: Zamazenta\n|-singleturn|p1a: Zamazenta|Protect\n|move|p1b: Tornadus|Taunt|p2a: Tornadus\n|-start|p2a: Tornadus|move: Taunt\n|cant|p2a: Tornadus|move: Taunt|Tailwind\n|move|p2b: Zacian|Play Rough|p1a: Zamazenta\n|-activate|p1a: Zamazenta|move: Protect\n|\n|upkeep\n|turn|3\n|\n|t:|1771574749\n|move|p1b: Tornadus|Tailwind|p1b: Tornadus\n|-sidestart|p1: ryo8989|move: Tailwind\n|move|p1a: Zamazenta|Body Press|p2b: Zacian\n|-damage|p2b: Zacian|0 fnt\n|faint|p2b: Zacian\n|move|p2a: Tornadus|Bleakwind Storm|p1b: Tornadus|[spread] p1b\n|-miss|p2a: Tornadus|p1a: Zamazenta\n|-damage|p1b: Tornadus|51/100\n|\n|upkeep\n|\n|t:|1771574764\n|switch|p2b: Raging Bolt|Raging Bolt, L50|100/100\n|-enditem|p2b: Raging Bolt|Booster Energy\n|-activate|p2b: Raging Bolt|ability: Protosynthesis|[fromitem]\n|-start|p2b: Raging Bolt|protosynthesisspa\n|turn|4\n|\n|t:|1771574784\n|move|p2b: Raging Bolt|Protect|p2b: Raging Bolt\n|-singleturn|p2b: Raging Bolt|Protect\n|move|p1a: Zamazenta|Body Press|p2b: Raging Bolt\n|-activate|p2b: Raging Bolt|move: Protect\n|move|p1b: Tornadus|Bleakwind Storm|p2a: Tornadus|[spread] p2a\n|-activate|p2b: Raging Bolt|move: Protect\n|-damage|p2a: Tornadus|59/100\n|move|p2a: Tornadus|Bleakwind Storm|p1a: Zamazenta|[spread] p1a\n|-miss|p2a: Tornadus|p1b: Tornadus\n|-damage|p1a: Zamazenta|9/100\n|\n|-end|p2a: Tornadus|move: Taunt\n|upkeep\n|turn|5\n|\n|t:|1771574817\n|move|p1a: Zamazenta|Protect|p1a: Zamazenta\n|-singleturn|p1a: Zamazenta|Protect\n|move|p1b: Tornadus|Taunt|p2a: Tornadus\n|-start|p2a: Tornadus|move: Taunt\n|move|p2b: Raging Bolt|Thunderclap||[still]\n|-fail|p2b: Raging Bolt\n|move|p2a: Tornadus|Bleakwind Storm|p1b: Tornadus|[spread] p1b\n|-activate|p1a: Zamazenta|move: Protect\n|-damage|p1b: Tornadus|2/100\n|\n|upkeep\n|turn|6\n|\n|t:|1771574839\n|move|p2b: Raging Bolt|Thunderclap|p1a: Zamazenta\n|-resisted|p1a: Zamazenta\n|-damage|p1a: Zamazenta|0 fnt\n|faint|p1a: Zamazenta\n|move|p1b: Tornadus|Bleakwind Storm|p2b: Raging Bolt|[spread] p2a,p2b\n|-resisted|p2b: Raging Bolt\n|-damage|p2a: Tornadus|17/100\n|-damage|p2b: Raging Bolt|84/100\n|move|p2a: Tornadus|Bleakwind Storm|p1b: Tornadus\n|-damage|p1b: Tornadus|0 fnt\n|faint|p1b: Tornadus\n|\n|-sideend|p1: ryo8989|move: Tailwind\n|upkeep\n|\n|t:|1771574853\n|switch|p1a: Urshifu|Urshifu-Rapid-Strike, L50, F|100/100\n|switch|p1b: Calyrex|Calyrex-Shadow, L50|100/100\n|-ability|p1b: Calyrex|As One\n|-ability|p1b: Calyrex|Unnerve\n|turn|7\n|\n|t:|1771574873\n|-terastallize|p2a: Tornadus|Normal\n|move|p1a: Urshifu|Aqua Jet|p2b: Raging Bolt\n|-resisted|p2b: Raging Bolt\n|-damage|p2b: Raging Bolt|70/100\n|move|p2b: Raging Bolt|Thunderclap||[still]\n|-fail|p2b: Raging Bolt\n|move|p1b: Calyrex|Astral Barrage|p2b: Raging Bolt|[spread] p2b\n|-immune|p2a: Tornadus\n|-damage|p2b: Raging Bolt|21/100\n|move|p2a: Tornadus|Bleakwind Storm|p1b: Calyrex|[spread] p1a,p1b\n|-supereffective|p1a: Urshifu\n|-damage|p1a: Urshifu|0 fnt\n|-damage|p1b: Calyrex|55/100\n|faint|p1a: Urshifu\n|\n|-end|p2a: Tornadus|move: Taunt\n|upkeep\n|turn|8\n|\n|t:|1771574897\n|move|p2a: Tornadus|Tailwind|p2a: Tornadus\n|-sidestart|p2: SEITA|move: Tailwind\n|move|p2b: Raging Bolt|Thunderbolt|p1b: Calyrex\n|-damage|p1b: Calyrex|0 fnt\n|faint|p1b: Calyrex\n|\n|win|SEITA\n|raw|ryo8989's rating: 1445 &rarr; <strong>1439</strong><br />(-6 for losing)\n|raw|SEITA's rating: 1736 &rarr; <strong>1742</strong><br />(+6 for winning)\n|l|\u2606SEITA\n|player|p2|\n|l|\u2606ryo8989\n|player|p1|\n","uploadtime":1771575144,"views":59,"formatid":"gen9vgc2026regi","rating":1439,"private":0,"password":null}