{"id":"gen9vgc2026regi-2554139074","format":"[Gen 9] VGC 2026 Reg I","players":["Bb4210","BanKingambit69247"],"log":"|j|\u2606Bb4210\n|j|\u2606BanKingambit69247\n|t:|1772923970\n|gametype|doubles\n|player|p1|Bb4210|2|1312\n|player|p2|BanKingambit69247|266|1498\n|gen|9\n|tier|[Gen 9] VGC 2026 Reg I\n|rated|\n|rule|Species Clause: Limit one of each Pok\u00e9mon\n|rule|Item Clause: Limit 1 of each item\n|clearpoke\n|poke|p1|Zamazenta-*, L50|\n|poke|p1|Flutter Mane, L50|\n|poke|p1|Raging Bolt, L50|\n|poke|p1|Kyogre, L50|\n|poke|p1|Incineroar, L50, F|\n|poke|p1|Tornadus, L50, M|\n|poke|p2|Calyrex-Shadow, L50|\n|poke|p2|Zamazenta-*, L50|\n|poke|p2|Chien-Pao, L50|\n|poke|p2|Smeargle, L50, M|\n|poke|p2|Tatsugiri-Droopy, L50, F|\n|poke|p2|Dondozo, L50, F|\n|teampreview|4\n|inactive|Battle timer is ON: inactive players will automatically lose when time's up. (requested by BanKingambit69247)\n|inactive|Bb4210 has 60 seconds left.\n|\n|t:|1772924014\n|teamsize|p1|4\n|teamsize|p2|4\n|start\n|switch|p1a: Incineroar|Incineroar, L50, F|100/100\n|switch|p1b: Kyogre|Kyogre, L50|100/100\n|switch|p2a: \u8bf6\u4f60\u600e\u4e48\u6b7b\u4e86?\u267f\u267f\u267f|Calyrex-Shadow, L50|100/100\n|switch|p2b: \u773c\u795e\u5446\u6ede\ud83e\udd2a|Dondozo, L50, F, shiny|100/100\n|-ability|p2a: \u8bf6\u4f60\u600e\u4e48\u6b7b\u4e86?\u267f\u267f\u267f|As One\n|-ability|p2a: \u8bf6\u4f60\u600e\u4e48\u6b7b\u4e86?\u267f\u267f\u267f|Unnerve\n|-weather|RainDance|[from] ability: Drizzle|[of] p1b: Kyogre\n|-ability|p1a: Incineroar|Intimidate|boost\n|-unboost|p2a: \u8bf6\u4f60\u600e\u4e48\u6b7b\u4e86?\u267f\u267f\u267f|atk|1\n|-unboost|p2b: \u773c\u795e\u5446\u6ede\ud83e\udd2a|atk|1\n|turn|1\n|\n|t:|1772924027\n|switch|p2a: \u767d\u8272\u5c0f\u6590\u6d4e\u5317\ud83d\ude0b|Tatsugiri-Droopy, L50, F, shiny|100/100\n|-activate|p2a: \u767d\u8272\u5c0f\u6590\u6d4e\u5317\ud83d\ude0b|ability: Commander|[of] p2b: \u773c\u795e\u5446\u6ede\ud83e\udd2a\n|-boost|p2b: \u773c\u795e\u5446\u6ede\ud83e\udd2a|atk|2\n|-boost|p2b: \u773c\u795e\u5446\u6ede\ud83e\udd2a|spa|2\n|-boost|p2b: \u773c\u795e\u5446\u6ede\ud83e\udd2a|spe|2\n|-boost|p2b: \u773c\u795e\u5446\u6ede\ud83e\udd2a|def|2\n|-boost|p2b: \u773c\u795e\u5446\u6ede\ud83e\udd2a|spd|2\n|move|p1b: Kyogre|Water Spout|p2b: \u773c\u795e\u5446\u6ede\ud83e\udd2a|[spread] p2b\n|-miss|p1b: Kyogre|p2a: \u767d\u8272\u5c0f\u6590\u6d4e\u5317\ud83d\ude0b\n|-resisted|p2b: \u773c\u795e\u5446\u6ede\ud83e\udd2a\n|-damage|p2b: \u773c\u795e\u5446\u6ede\ud83e\udd2a|82/100\n|move|p2b: \u773c\u795e\u5446\u6ede\ud83e\udd2a|Order Up|p1b: Kyogre\n|-damage|p1b: Kyogre|68/100\n|-boost|p2b: \u773c\u795e\u5446\u6ede\ud83e\udd2a|def|1\n|move|p1a: Incineroar|Will-O-Wisp|p2b: \u773c\u795e\u5446\u6ede\ud83e\udd2a\n|-status|p2b: \u773c\u795e\u5446\u6ede\ud83e\udd2a|brn\n|\n|-weather|RainDance|[upkeep]\n|-heal|p2b: \u773c\u795e\u5446\u6ede\ud83e\udd2a|88/100 brn|[from] item: Leftovers\n|-damage|p2b: \u773c\u795e\u5446\u6ede\ud83e\udd2a|82/100 brn|[from] brn\n|upkeep\n|turn|2\n|\n|t:|1772924047\n|switch|p1b: Zamazenta|Zamazenta-Crowned, L50|100/100\n|-ability|p1b: Zamazenta|Dauntless Shield|boost\n|-boost|p1b: Zamazenta|def|1\n|move|p2b: \u773c\u795e\u5446\u6ede\ud83e\udd2a|Body Press|p1a: Incineroar\n|-supereffective|p1a: Incineroar\n|-damage|p1a: Incineroar|52/100\n|move|p1a: Incineroar|Knock Off|p2b: \u773c\u795e\u5446\u6ede\ud83e\udd2a\n|-damage|p2b: \u773c\u795e\u5446\u6ede\ud83e\udd2a|72/100 brn\n|-enditem|p2b: \u773c\u795e\u5446\u6ede\ud83e\udd2a|Leftovers|[from] move: Knock Off|[of] p1a: Incineroar\n|\n|-weather|RainDance|[upkeep]\n|-damage|p2b: \u773c\u795e\u5446\u6ede\ud83e\udd2a|66/100 brn|[from] brn\n|upkeep\n|turn|3\n|\n|t:|1772924063\n|move|p1b: Zamazenta|Iron Defense|p1b: Zamazenta\n|-boost|p1b: Zamazenta|def|2\n|move|p2b: \u773c\u795e\u5446\u6ede\ud83e\udd2a|Order Up|p1b: Zamazenta\n|-resisted|p1b: Zamazenta\n|-damage|p1b: Zamazenta|96/100\n|-boost|p2b: \u773c\u795e\u5446\u6ede\ud83e\udd2a|def|1\n|move|p1a: Incineroar|Parting Shot|p2b: \u773c\u795e\u5446\u6ede\ud83e\udd2a\n|-unboost|p2b: \u773c\u795e\u5446\u6ede\ud83e\udd2a|atk|1\n|-unboost|p2b: \u773c\u795e\u5446\u6ede\ud83e\udd2a|spa|1\n|\n|t:|1772924073\n|switch|p1a: Kyogre|Kyogre, L50|68/100|[from] Parting Shot\n|\n|-weather|RainDance|[upkeep]\n|-damage|p2b: \u773c\u795e\u5446\u6ede\ud83e\udd2a|60/100 brn|[from] brn\n|upkeep\n|turn|4\n|\n|t:|1772924084\n|move|p1a: Kyogre|Thunder|p2b: \u773c\u795e\u5446\u6ede\ud83e\udd2a\n|-supereffective|p2b: \u773c\u795e\u5446\u6ede\ud83e\udd2a\n|-damage|p2b: \u773c\u795e\u5446\u6ede\ud83e\udd2a|28/100 brn\n|move|p1b: Zamazenta|Body Press|p2b: \u773c\u795e\u5446\u6ede\ud83e\udd2a\n|-damage|p2b: \u773c\u795e\u5446\u6ede\ud83e\udd2a|21/100 brn\n|move|p2b: \u773c\u795e\u5446\u6ede\ud83e\udd2a|Body Press|p1a: Kyogre\n|-damage|p1a: Kyogre|35/100\n|\n|-weather|RainDance|[upkeep]\n|-damage|p2b: \u773c\u795e\u5446\u6ede\ud83e\udd2a|15/100 brn|[from] brn\n|upkeep\n|turn|5\n|\n|t:|1772924093\n|move|p1a: Kyogre|Thunder|p2b: \u773c\u795e\u5446\u6ede\ud83e\udd2a\n|-supereffective|p2b: \u773c\u795e\u5446\u6ede\ud83e\udd2a\n|-damage|p2b: \u773c\u795e\u5446\u6ede\ud83e\udd2a|0 fnt\n|faint|p2b: \u773c\u795e\u5446\u6ede\ud83e\udd2a\n|move|p1b: Zamazenta|Body Press|p2a: \u767d\u8272\u5c0f\u6590\u6d4e\u5317\ud83d\ude0b\n|-damage|p2a: \u767d\u8272\u5c0f\u6590\u6d4e\u5317\ud83d\ude0b|0 fnt\n|faint|p2a: \u767d\u8272\u5c0f\u6590\u6d4e\u5317\ud83d\ude0b\n|\n|-weather|none\n|upkeep\n|\n|t:|1772924096\n|switch|p2a: \u8bf6\u4f60\u600e\u4e48\u6b7b\u4e86?\u267f\u267f\u267f|Calyrex-Shadow, L50|100/100\n|switch|p2b: \u9a6c\u5934\u725b\u903c\ud83d\udc36\ud83d\udc36\ud83d\udc36|Zamazenta-Crowned, L50|100/100\n|-ability|p2a: \u8bf6\u4f60\u600e\u4e48\u6b7b\u4e86?\u267f\u267f\u267f|As One\n|-ability|p2a: \u8bf6\u4f60\u600e\u4e48\u6b7b\u4e86?\u267f\u267f\u267f|Unnerve\n|-ability|p2b: \u9a6c\u5934\u725b\u903c\ud83d\udc36\ud83d\udc36\ud83d\udc36|Dauntless Shield|boost\n|-boost|p2b: \u9a6c\u5934\u725b\u903c\ud83d\udc36\ud83d\udc36\ud83d\udc36|def|1\n|turn|6\n|\n|t:|1772924108\n|-terastallize|p2a: \u8bf6\u4f60\u600e\u4e48\u6b7b\u4e86?\u267f\u267f\u267f|Ghost\n|move|p1a: Kyogre|Thunder|p2a: \u8bf6\u4f60\u600e\u4e48\u6b7b\u4e86?\u267f\u267f\u267f\n|-damage|p2a: \u8bf6\u4f60\u600e\u4e48\u6b7b\u4e86?\u267f\u267f\u267f|55/100\n|move|p2a: \u8bf6\u4f60\u600e\u4e48\u6b7b\u4e86?\u267f\u267f\u267f|Astral Barrage|p1a: Kyogre|[spread] p1a,p1b\n|-damage|p1a: Kyogre|0 fnt\n|-damage|p1b: Zamazenta|23/100\n|faint|p1a: Kyogre\n|-ability|p2a: \u8bf6\u4f60\u600e\u4e48\u6b7b\u4e86?\u267f\u267f\u267f|Grim Neigh|boost\n|-boost|p2a: \u8bf6\u4f60\u600e\u4e48\u6b7b\u4e86?\u267f\u267f\u267f|spa|1\n|move|p1b: Zamazenta|Body Press|p2b: \u9a6c\u5934\u725b\u903c\ud83d\udc36\ud83d\udc36\ud83d\udc36\n|-supereffective|p2b: \u9a6c\u5934\u725b\u903c\ud83d\udc36\ud83d\udc36\ud83d\udc36\n|-damage|p2b: \u9a6c\u5934\u725b\u903c\ud83d\udc36\ud83d\udc36\ud83d\udc36|37/100\n|move|p2b: \u9a6c\u5934\u725b\u903c\ud83d\udc36\ud83d\udc36\ud83d\udc36|Imprison|p2b: \u9a6c\u5934\u725b\u903c\ud83d\udc36\ud83d\udc36\ud83d\udc36\n|-start|p2b: \u9a6c\u5934\u725b\u903c\ud83d\udc36\ud83d\udc36\ud83d\udc36|move: Imprison\n|\n|upkeep\n|\n|t:|1772924116\n|switch|p1a: Incineroar|Incineroar, L50, F|52/100\n|-ability|p1a: Incineroar|Intimidate|boost\n|-unboost|p2a: \u8bf6\u4f60\u600e\u4e48\u6b7b\u4e86?\u267f\u267f\u267f|atk|1\n|-unboost|p2b: \u9a6c\u5934\u725b\u903c\ud83d\udc36\ud83d\udc36\ud83d\udc36|atk|1\n|turn|7\n|\n|t:|1772924132\n|move|p1a: Incineroar|Fake Out|p2b: \u9a6c\u5934\u725b\u903c\ud83d\udc36\ud83d\udc36\ud83d\udc36\n|-resisted|p2b: \u9a6c\u5934\u725b\u903c\ud83d\udc36\ud83d\udc36\ud83d\udc36\n|-damage|p2b: \u9a6c\u5934\u725b\u903c\ud83d\udc36\ud83d\udc36\ud83d\udc36|35/100\n|move|p2a: \u8bf6\u4f60\u600e\u4e48\u6b7b\u4e86?\u267f\u267f\u267f|Astral Barrage|p1b: Zamazenta|[spread] p1a,p1b\n|-resisted|p1a: Incineroar\n|-damage|p1a: Incineroar|0 fnt\n|-damage|p1b: Zamazenta|0 fnt\n|faint|p1a: Incineroar\n|faint|p1b: Zamazenta\n|-ability|p2a: \u8bf6\u4f60\u600e\u4e48\u6b7b\u4e86?\u267f\u267f\u267f|Grim Neigh|boost\n|-boost|p2a: \u8bf6\u4f60\u600e\u4e48\u6b7b\u4e86?\u267f\u267f\u267f|spa|2\n|cant|p2b: \u9a6c\u5934\u725b\u903c\ud83d\udc36\ud83d\udc36\ud83d\udc36|flinch\n|\n|upkeep\n|inactive|Bb4210 has 30 seconds left.\n|inactive|Bb4210 has 20 seconds left.\n|inactive|Bb4210 has 15 seconds left.\n|inactive|Bb4210 has 10 seconds left.\n|l|\u2606Bb4210\n|inactive|Bb4210 disconnected and has a minute to reconnect!\n|player|p1|\n|inactive|Bb4210 has 5 seconds left.\n|-message|Bb4210 lost due to inactivity.\n|\n|win|BanKingambit69247\n|raw|Bb4210's rating: 1312 &rarr; <strong>1302</strong><br />(-10 for losing)\n|raw|BanKingambit69247's rating: 1498 &rarr; <strong>1508</strong><br />(+10 for winning)\n","uploadtime":1772924191,"views":16,"formatid":"gen9vgc2026regi","rating":1302,"private":0,"password":null}