{"id":"gen9vgc2026regi-2530152606","format":"[Gen 9] VGC 2026 Reg I","players":["PATOFUJJJY","CHR1SPHX"],"log":"|j|\u2606PATOFUJJJY\n|j|\u2606CHR1SPHX\n|t:|1769882054\n|gametype|doubles\n|player|p1|PATOFUJJJY|cynthia-gen4|1176\n|player|p2|CHR1SPHX|hilbert-wonderlauncher|1200\n|gen|9\n|tier|[Gen 9] VGC 2026 Reg I\n|rated|\n|rule|Species Clause: Limit one of each Pok\u00e9mon\n|rule|Item Clause: Limit 1 of each item\n|clearpoke\n|poke|p1|Giratina-Origin, L50|\n|poke|p1|Miraidon, L50|\n|poke|p1|Decidueye-Hisui, L50, F|\n|poke|p1|Indeedee-F, L50, F|\n|poke|p1|Raichu-Alola, L50, F|\n|poke|p1|Sinistcha, L50|\n|poke|p2|Incineroar, L50, M|\n|poke|p2|Koraidon, L50|\n|poke|p2|Flutter Mane, L50|\n|poke|p2|Brute Bonnet, L50|\n|poke|p2|Indeedee-F, L50, F|\n|poke|p2|Calyrex-Ice, L50|\n|teampreview|4\n|inactive|Battle timer is ON: inactive players will automatically lose when time's up. (requested by CHR1SPHX)\n|inactive|PATOFUJJJY has 60 seconds left.\n|inactive|CHR1SPHX has 60 seconds left.\n|\n|t:|1769882095\n|teamsize|p1|4\n|teamsize|p2|4\n|start\n|switch|p1a: Decidueye|Decidueye-Hisui, L50, F|100/100\n|switch|p1b: Raichu|Raichu-Alola, L50, F|100/100\n|switch|p2a: Koraidon|Koraidon, L50|100/100\n|switch|p2b: Flutter Mane|Flutter Mane, L50|100/100\n|-weather|SunnyDay|[from] ability: Orichalcum Pulse|[of] p2a: Koraidon\n|-activate|p2b: Flutter Mane|ability: Protosynthesis\n|-start|p2b: Flutter Mane|protosynthesisspe\n|-activate|p2a: Koraidon|Orichalcum Pulse|[source]\n|turn|1\n|\n|t:|1769882118\n|-terastallize|p1a: Decidueye|Fire\n|move|p1b: Raichu|Fake Out|p2a: Koraidon\n|-damage|p2a: Koraidon|94/100\n|move|p2b: Flutter Mane|Dazzling Gleam|p1a: Decidueye|[spread] p1a,p1b\n|-resisted|p1a: Decidueye\n|-damage|p1a: Decidueye|84/100\n|-damage|p1b: Raichu|53/100\n|cant|p2a: Koraidon|flinch\n|move|p1a: Decidueye|Triple Arrows|p2b: Flutter Mane\n|-resisted|p2b: Flutter Mane\n|-damage|p2b: Flutter Mane|49/100\n|\n|-weather|SunnyDay|[upkeep]\n|upkeep\n|turn|2\n|\n|t:|1769882140\n|switch|p1a: Miraidon|Miraidon, L50|100/100\n|-fieldstart|move: Electric Terrain|[from] ability: Hadron Engine|[of] p1a: Miraidon\n|move|p1b: Raichu|Nuzzle|p2a: Koraidon\n|-resisted|p2a: Koraidon\n|-damage|p2a: Koraidon|91/100\n|-status|p2a: Koraidon|par\n|move|p2b: Flutter Mane|Shadow Ball|p1a: Miraidon\n|-damage|p1a: Miraidon|64/100\n|move|p2a: Koraidon|Breaking Swipe|p1b: Raichu|[spread] p1a,p1b\n|-supereffective|p1a: Miraidon\n|-damage|p1a: Miraidon|5/100\n|-damage|p1b: Raichu|0 fnt\n|-unboost|p1a: Miraidon|atk|1\n|faint|p1b: Raichu\n|\n|-weather|SunnyDay|[upkeep]\n|upkeep\n|inactive|PATOFUJJJY has 30 seconds left.\n|\n|t:|1769882170\n|switch|p1b: Decidueye|Decidueye-Hisui, L50, F, tera:Fire|84/100\n|turn|3\n|\n|t:|1769882178\n|switch|p2a: Incineroar|Incineroar, L50, M|100/100\n|-ability|p2a: Incineroar|Intimidate|boost\n|-unboost|p1a: Miraidon|atk|1\n|-fail|p1b: Decidueye|unboost|Attack|[from] ability: Scrappy|[of] p1b: Decidueye\n|move|p1a: Miraidon|Protect|p1a: Miraidon\n|-singleturn|p1a: Miraidon|Protect\n|move|p2b: Flutter Mane|Dazzling Gleam|p1a: Miraidon|[spread] p1b\n|-activate|p1a: Miraidon|move: Protect\n|-resisted|p1b: Decidueye\n|-damage|p1b: Decidueye|68/100\n|move|p1b: Decidueye|Triple Arrows|p2b: Flutter Mane\n|-resisted|p2b: Flutter Mane\n|-damage|p2b: Flutter Mane|0 fnt\n|faint|p2b: Flutter Mane\n|-end|p2b: Flutter Mane|Protosynthesis|[silent]\n|\n|-weather|SunnyDay|[upkeep]\n|upkeep\n|\n|t:|1769882192\n|switch|p2b: Brute Bonnet|Brute Bonnet, L50, shiny|100/100\n|-activate|p2b: Brute Bonnet|ability: Protosynthesis\n|-start|p2b: Brute Bonnet|protosynthesisdef\n|turn|4\n|\n|t:|1769882208\n|switch|p1b: Indeedee|Indeedee-F, L50, F|100/100\n|-fieldstart|move: Psychic Terrain|[from] ability: Psychic Surge|[of] p1b: Indeedee\n|-enditem|p1b: Indeedee|Psychic Seed\n|-boost|p1b: Indeedee|spd|1|[from] item: Psychic Seed\n|move|p2b: Brute Bonnet|Sucker Punch|p1a: Miraidon\n|-activate|p1a: Miraidon|move: Psychic Terrain\n|move|p1a: Miraidon|Dazzling Gleam|p2b: Brute Bonnet|[spread] p2a,p2b\n|-crit|p2a: Incineroar\n|-supereffective|p2b: Brute Bonnet\n|-damage|p2a: Incineroar|64/100\n|-damage|p2b: Brute Bonnet|60/100\n|-damage|p1a: Miraidon|0 fnt|[from] item: Life Orb\n|faint|p1a: Miraidon\n|move|p2a: Incineroar|Parting Shot|p1b: Indeedee\n|-unboost|p1b: Indeedee|atk|1\n|-unboost|p1b: Indeedee|spa|1\n|\n|t:|1769882222\n|switch|p2a: Koraidon|Koraidon, L50|91/100 par|[from] Parting Shot\n|-activate|p2a: Koraidon|ability: Orichalcum Pulse\n|\n|-weather|SunnyDay|[upkeep]\n|upkeep\n|\n|t:|1769882229\n|switch|p1a: Decidueye|Decidueye-Hisui, L50, F, tera:Fire|68/100\n|turn|5\n|\n|t:|1769882239\n|move|p1b: Indeedee|Psychic|p2a: Koraidon\n|-supereffective|p2a: Koraidon\n|-damage|p2a: Koraidon|61/100 par\n|cant|p2a: Koraidon|par\n|move|p1a: Decidueye|Triple Arrows|p2b: Brute Bonnet\n|-supereffective|p2b: Brute Bonnet\n|-damage|p2b: Brute Bonnet|5/100\n|-enditem|p2b: Brute Bonnet|Sitrus Berry|[eat]\n|-heal|p2b: Brute Bonnet|30/100|[from] item: Sitrus Berry\n|move|p2b: Brute Bonnet|Spore|p1b: Indeedee\n|-status|p1b: Indeedee|slp|[from] move: Spore\n|\n|-weather|none\n|-end|p2b: Brute Bonnet|Protosynthesis\n|upkeep\n|turn|6\n|\n|t:|1769882258\n|cant|p1b: Indeedee|slp\n|cant|p2a: Koraidon|par\n|move|p1a: Decidueye|Triple Arrows|p2b: Brute Bonnet\n|-supereffective|p2b: Brute Bonnet\n|-damage|p2b: Brute Bonnet|0 fnt\n|faint|p2b: Brute Bonnet\n|-end|p2b: Brute Bonnet|Protosynthesis|[silent]\n|\n|upkeep\n|\n|t:|1769882268\n|switch|p2b: Incineroar|Incineroar, L50, M|64/100\n|-ability|p2b: Incineroar|Intimidate|boost\n|-fail|p1a: Decidueye|unboost|Attack|[from] ability: Scrappy|[of] p1a: Decidueye\n|-unboost|p1b: Indeedee|atk|1\n|turn|7\n|\n|t:|1769882282\n|move|p1a: Decidueye|Protect|p1a: Decidueye\n|-singleturn|p1a: Decidueye|Protect\n|cant|p1b: Indeedee|slp\n|cant|p2a: Koraidon|par\n|move|p2b: Incineroar|Flare Blitz|p1b: Indeedee\n|-damage|p1b: Indeedee|51/100 slp\n|-damage|p2b: Incineroar|50/100|[from] Recoil\n|\n|upkeep\n|turn|8\n|c|\u2606CHR1SPHX|what the hell\n|\n|t:|1769882303\n|-curestatus|p1b: Indeedee|slp|[msg]\n|move|p1b: Indeedee|Follow Me|p1b: Indeedee\n|-singleturn|p1b: Indeedee|move: Follow Me\n|move|p2a: Koraidon|Breaking Swipe|p1a: Decidueye|[spread] p1a,p1b\n|-damage|p1a: Decidueye|44/100\n|-damage|p1b: Indeedee|31/100\n|-unboost|p1a: Decidueye|atk|1\n|-unboost|p1b: Indeedee|atk|1\n|move|p2b: Incineroar|Flare Blitz|p1b: Indeedee\n|-damage|p1b: Indeedee|0 fnt\n|faint|p1b: Indeedee\n|-damage|p2b: Incineroar|41/100|[from] Recoil\n|move|p1a: Decidueye|Triple Arrows|p2b: Incineroar\n|-supereffective|p2b: Incineroar\n|-damage|p2b: Incineroar|0 fnt\n|faint|p2b: Incineroar\n|\n|-fieldend|move: Psychic Terrain\n|upkeep\n|turn|9\n|\n|t:|1769882326\n|move|p2a: Koraidon|Collision Course|p1a: Decidueye\n|-damage|p1a: Decidueye|0 fnt\n|faint|p1a: Decidueye\n|\n|win|CHR1SPHX\n|raw|PATOFUJJJY's rating: 1176 &rarr; <strong>1153</strong><br />(-23 for losing)\n|raw|CHR1SPHX's rating: 1200 &rarr; <strong>1223</strong><br />(+23 for winning)\n|l|\u2606PATOFUJJJY\n|player|p1|\n|l|\u2606CHR1SPHX\n|player|p2|\n","uploadtime":1769882567,"views":14,"formatid":"gen9vgc2026regi","rating":1153,"private":0,"password":null}