{"id":"gen9vgc2026regi-2561761221","format":"[Gen 9] VGC 2026 Reg I","players":["lambjun","CHR1SPHX"],"log":"|j|\u2606lambjun\n|j|\u2606CHR1SPHX\n|t:|1773841155\n|gametype|doubles\n|player|p1|lambjun|burglar|1185\n|player|p2|CHR1SPHX|hilbert|1196\n|gen|9\n|tier|[Gen 9] VGC 2026 Reg I\n|rated|\n|rule|Species Clause: Limit one of each Pok\u00e9mon\n|rule|Item Clause: Limit 1 of each item\n|clearpoke\n|poke|p1|Kyurem-White, L50|\n|poke|p1|Zekrom, L50|\n|poke|p1|Incineroar, L50, M|\n|poke|p1|Iron Crown, L50|\n|poke|p1|Indeedee-F, L50, F|\n|poke|p1|Urshifu-*, L50, M|\n|poke|p2|Flutter Mane, L50|\n|poke|p2|Incineroar, L50, M|\n|poke|p2|Ursaluna-Bloodmoon, L50, M|\n|poke|p2|Amoonguss, L50, M|\n|poke|p2|Koraidon, L50|\n|poke|p2|Lunala, L50|\n|teampreview|4\n|\n|t:|1773841180\n|teamsize|p1|4\n|teamsize|p2|4\n|start\n|switch|p1a: \u9670|Zekrom, L50|100/100\n|switch|p1b: \u7cbe\u795e\u5834\u5730\u4e0d\u80fd\u64ca\u638c|Incineroar, L50, M|100/100\n|switch|p2a: Lunala|Lunala, L50, shiny|100/100\n|switch|p2b: Ursaluna|Ursaluna-Bloodmoon, L50, M|100/100\n|-ability|p1a: \u9670|Teravolt\n|-ability|p1b: \u7cbe\u795e\u5834\u5730\u4e0d\u80fd\u64ca\u638c|Intimidate|boost\n|-unboost|p2a: Lunala|atk|1\n|-unboost|p2b: Ursaluna|atk|1\n|turn|1\n|\n|t:|1773841208\n|switch|p1b: \u5c0f\u5fc3\u51f9\u51f8\u982d\u76d4|Urshifu-Rapid-Strike, L50, M|100/100\n|-terastallize|p2b: Ursaluna|Ghost\n|move|p1a: \u9670|Scale Shot|p2a: Lunala\n|-damage|p2a: Lunala|95/100\n|-damage|p2a: Lunala|84/100\n|-damage|p2a: Lunala|73/100\n|-damage|p2a: Lunala|62/100\n|-hitcount|p2a: Lunala|4\n|-unboost|p1a: \u9670|def|1\n|-boost|p1a: \u9670|spe|1\n|move|p2b: Ursaluna|Earth Power|p1a: \u9670\n|-supereffective|p1a: \u9670\n|-damage|p1a: \u9670|0 fnt\n|faint|p1a: \u9670\n|-damage|p2b: Ursaluna|91/100|[from] item: Life Orb\n|move|p2a: Lunala|Trick Room|p2a: Lunala\n|-fieldstart|move: Trick Room|[of] p2a: Lunala\n|\n|upkeep\n|\n|t:|1773841233\n|switch|p1a: \u7cbe\u795e\u5834\u5730\u4e0d\u80fd\u64ca\u638c|Incineroar, L50, M|100/100\n|-ability|p1a: \u7cbe\u795e\u5834\u5730\u4e0d\u80fd\u64ca\u638c|Intimidate|boost\n|-unboost|p2a: Lunala|atk|1\n|-unboost|p2b: Ursaluna|atk|1\n|turn|2\n|\n|t:|1773841246\n|-terastallize|p1a: \u7cbe\u795e\u5834\u5730\u4e0d\u80fd\u64ca\u638c|Bug\n|move|p2b: Ursaluna|Hyper Voice|p1a: \u7cbe\u795e\u5834\u5730\u4e0d\u80fd\u64ca\u638c|[spread] p1a,p1b\n|-damage|p1a: \u7cbe\u795e\u5834\u5730\u4e0d\u80fd\u64ca\u638c|72/100\n|-damage|p1b: \u5c0f\u5fc3\u51f9\u51f8\u982d\u76d4|33/100\n|-damage|p2b: Ursaluna|81/100|[from] item: Life Orb\n|move|p1a: \u7cbe\u795e\u5834\u5730\u4e0d\u80fd\u64ca\u638c|Knock Off|p2a: Lunala\n|-supereffective|p2a: Lunala\n|-damage|p2a: Lunala|0 fnt\n|-enditem|p2a: Lunala|Mental Herb|[from] move: Knock Off|[of] p1a: \u7cbe\u795e\u5834\u5730\u4e0d\u80fd\u64ca\u638c\n|faint|p2a: Lunala\n|move|p1b: \u5c0f\u5fc3\u51f9\u51f8\u982d\u76d4|Coaching|p1a: \u7cbe\u795e\u5834\u5730\u4e0d\u80fd\u64ca\u638c\n|-boost|p1a: \u7cbe\u795e\u5834\u5730\u4e0d\u80fd\u64ca\u638c|atk|1\n|-boost|p1a: \u7cbe\u795e\u5834\u5730\u4e0d\u80fd\u64ca\u638c|def|1\n|\n|upkeep\n|\n|t:|1773841258\n|switch|p2a: Amoonguss|Amoonguss, L50, M, shiny|100/100\n|turn|3\n|\n|t:|1773841274\n|move|p2a: Amoonguss|Rage Powder|p2a: Amoonguss\n|-singleturn|p2a: Amoonguss|move: Rage Powder\n|move|p2b: Ursaluna|Blood Moon|p1a: \u7cbe\u795e\u5834\u5730\u4e0d\u80fd\u64ca\u638c\n|-damage|p1a: \u7cbe\u795e\u5834\u5730\u4e0d\u80fd\u64ca\u638c|17/100\n|-damage|p2b: Ursaluna|72/100|[from] item: Life Orb\n|move|p1a: \u7cbe\u795e\u5834\u5730\u4e0d\u80fd\u64ca\u638c|Flare Blitz|p2a: Amoonguss\n|-supereffective|p2a: Amoonguss\n|-damage|p2a: Amoonguss|0 fnt\n|-damage|p1a: \u7cbe\u795e\u5834\u5730\u4e0d\u80fd\u64ca\u638c|1/100|[from] item: Rocky Helmet|[of] p2a: Amoonguss\n|faint|p2a: Amoonguss\n|-damage|p1a: \u7cbe\u795e\u5834\u5730\u4e0d\u80fd\u64ca\u638c|0 fnt|[from] Recoil\n|faint|p1a: \u7cbe\u795e\u5834\u5730\u4e0d\u80fd\u64ca\u638c\n|move|p1b: \u5c0f\u5fc3\u51f9\u51f8\u982d\u76d4|Coaching|p1: \u7cbe\u795e\u5834\u5730\u4e0d\u80fd\u64ca\u638c|[notarget]\n|-fail|p1b: \u5c0f\u5fc3\u51f9\u51f8\u982d\u76d4\n|\n|upkeep\n|\n|t:|1773841291\n|switch|p2a: Incineroar|Incineroar, L50, M|100/100\n|switch|p1a: \u967d|Kyurem-White, L50|100/100\n|-ability|p2a: Incineroar|Intimidate|boost\n|-unboost|p1a: \u967d|atk|1\n|-unboost|p1b: \u5c0f\u5fc3\u51f9\u51f8\u982d\u76d4|atk|1\n|-ability|p1a: \u967d|Turboblaze\n|turn|4\n|\n|t:|1773841315\n|move|p2a: Incineroar|Fake Out|p1a: \u967d\n|-damage|p1a: \u967d|90/100\n|move|p2b: Ursaluna|Hyper Voice|p1a: \u967d|[spread] p1a,p1b\n|-crit|p1a: \u967d\n|-damage|p1a: \u967d|33/100\n|-damage|p1b: \u5c0f\u5fc3\u51f9\u51f8\u982d\u76d4|0 fnt\n|faint|p1b: \u5c0f\u5fc3\u51f9\u51f8\u982d\u76d4\n|-damage|p2b: Ursaluna|62/100|[from] item: Life Orb\n|cant|p1a: \u967d|flinch\n|\n|upkeep\n|turn|5\n|\n|t:|1773841331\n|move|p2b: Ursaluna|Blood Moon|p1a: \u967d\n|-damage|p1a: \u967d|0 fnt\n|faint|p1a: \u967d\n|-damage|p2b: Ursaluna|53/100|[from] item: Life Orb\n|\n|win|CHR1SPHX\n|raw|lambjun's rating: 1185 &rarr; <strong>1161</strong><br />(-24 for losing)\n|raw|CHR1SPHX's rating: 1196 &rarr; <strong>1220</strong><br />(+24 for winning)\n|l|\u2606CHR1SPHX\n|player|p2|\n|l|\u2606lambjun\n|player|p1|\n","uploadtime":1773841588,"views":10,"formatid":"gen9vgc2026regi","rating":1161,"private":0,"password":null}