{"id":"gen9vgc2026regi-2549992738","format":"[Gen 9] VGC 2026 Reg I","players":["RandomcatFFR","I\u2764\ufe0f\u5a1c\u7984forever"],"log":"|j|\u2606RandomcatFFR\n|j|\u2606I\u2764\ufe0f\u5a1c\u7984forever\n|t:|1772438074\n|gametype|doubles\n|player|p1|RandomcatFFR|artist-gen4|1461\n|player|p2|I\u2764\ufe0f\u5a1c\u7984forever|youngcouple-gen4dp|1425\n|gen|9\n|tier|[Gen 9] VGC 2026 Reg I\n|rated|\n|rule|Species Clause: Limit one of each Pok\u00e9mon\n|rule|Item Clause: Limit 1 of each item\n|clearpoke\n|poke|p1|Lunala, L50|\n|poke|p1|Incineroar, L50, F|\n|poke|p1|Brute Bonnet, L50|\n|poke|p1|Ursaluna, L50, F|\n|poke|p1|Flutter Mane, L50|\n|poke|p1|Koraidon, L50|\n|poke|p2|Groudon, L50|\n|poke|p2|Kyurem-White, L50|\n|poke|p2|Heatran, L50, M|\n|poke|p2|Whimsicott, L50, F|\n|poke|p2|Roaring Moon, L50|\n|poke|p2|Ditto, L50|\n|teampreview|4\n|j| jiu6666\n|c|\u2606RandomcatFFR|uhhhhhh\n|\n|t:|1772438131\n|teamsize|p1|4\n|teamsize|p2|4\n|start\n|switch|p1a: Incineroar|Incineroar, L50, F|100/100\n|switch|p1b: Lunala|Lunala, L50|100/100\n|switch|p2a: Kyurem|Kyurem-White, L50|100/100\n|switch|p2b: Roaring Moon|Roaring Moon, L50|100/100\n|-ability|p2a: Kyurem|Turboblaze\n|-ability|p1a: Incineroar|Intimidate|boost\n|-unboost|p2a: Kyurem|atk|1\n|-unboost|p2b: Roaring Moon|atk|1\n|turn|1\n|\n|t:|1772438150\n|move|p1a: Incineroar|Fake Out|p2b: Roaring Moon\n|-damage|p2b: Roaring Moon|89/100\n|cant|p2b: Roaring Moon|flinch\n|move|p2a: Kyurem|Earth Power|p1b: Lunala\n|-damage|p1b: Lunala|86/100\n|move|p1b: Lunala|Trick Room|p1b: Lunala\n|-fieldstart|move: Trick Room|[of] p1b: Lunala\n|\n|upkeep\n|turn|2\n|\n|t:|1772438178\n|move|p1a: Incineroar|Parting Shot|p2b: Roaring Moon\n|-unboost|p2b: Roaring Moon|atk|1\n|-unboost|p2b: Roaring Moon|spa|1\n|\n|t:|1772438181\n|switch|p1a: Ursaluna|Ursaluna, L50, F|100/100|[from] Parting Shot\n|move|p2a: Kyurem|Shadow Ball|p1b: Lunala\n|-supereffective|p1b: Lunala\n|-damage|p1b: Lunala|0 fnt\n|faint|p1b: Lunala\n|move|p2b: Roaring Moon|U-turn|p1a: Ursaluna\n|-damage|p1a: Ursaluna|90/100\n|\n|t:|1772438191\n|-end|p2b: Roaring Moon|Protosynthesis|[silent]\n|switch|p2b: Groudon|Groudon, L50|100/100|[from] U-turn\n|-weather|SunnyDay|[from] ability: Drought|[of] p2b: Groudon\n|\n|-weather|SunnyDay|[upkeep]\n|-status|p1a: Ursaluna|brn|[from] item: Flame Orb\n|upkeep\n|\n|t:|1772438196\n|switch|p1b: Incineroar|Incineroar, L50, F|100/100\n|-ability|p1b: Incineroar|Intimidate|boost\n|-unboost|p2a: Kyurem|atk|1\n|-unboost|p2b: Groudon|atk|1\n|turn|3\n|\n|t:|1772438218\n|switch|p2b: Heatran|Heatran, L50, M|100/100\n|-terastallize|p2a: Kyurem|Ghost\n|move|p1b: Incineroar|Fake Out|p2b: Heatran\n|-resisted|p2b: Heatran\n|-damage|p2b: Heatran|96/100\n|move|p1a: Ursaluna|Facade|p2a: Kyurem\n|-immune|p2a: Kyurem\n|move|p2a: Kyurem|Blizzard|p1a: Ursaluna|[spread] p1a,p1b\n|-supereffective|p1a: Ursaluna\n|-resisted|p1b: Incineroar\n|-damage|p1a: Ursaluna|0 fnt\n|-damage|p1b: Incineroar|71/100\n|faint|p1a: Ursaluna\n|\n|-weather|SunnyDay|[upkeep]\n|-heal|p2b: Heatran|100/100|[from] item: Leftovers\n|upkeep\n|\n|t:|1772438225\n|switch|p1a: Koraidon|Koraidon, L50|100/100\n|-activate|p1a: Koraidon|ability: Orichalcum Pulse\n|turn|4\n|\n|t:|1772438244\n|move|p1a: Koraidon|Protect|p1a: Koraidon\n|-singleturn|p1a: Koraidon|Protect\n|move|p1b: Incineroar|Knock Off|p2a: Kyurem\n|-supereffective|p2a: Kyurem\n|-damage|p2a: Kyurem|32/100\n|-enditem|p2a: Kyurem|Blunder Policy|[from] move: Knock Off|[of] p1b: Incineroar\n|move|p2b: Heatran|Substitute|p2b: Heatran\n|-start|p2b: Heatran|Substitute\n|-damage|p2b: Heatran|76/100\n|move|p2a: Kyurem|Blizzard|p1b: Incineroar|[spread] \n|-activate|p1a: Koraidon|move: Protect\n|-miss|p2a: Kyurem|p1b: Incineroar\n|\n|-weather|SunnyDay|[upkeep]\n|-heal|p2b: Heatran|82/100|[from] item: Leftovers\n|upkeep\n|turn|5\n|\n|t:|1772438266\n|-terastallize|p1a: Koraidon|Fire\n|move|p1b: Incineroar|Knock Off|p2a: Kyurem\n|-supereffective|p2a: Kyurem\n|-damage|p2a: Kyurem|0 fnt\n|faint|p2a: Kyurem\n|move|p2b: Heatran|Earth Power|p1b: Incineroar\n|-supereffective|p1b: Incineroar\n|-damage|p1b: Incineroar|15/100\n|move|p1a: Koraidon|Close Combat|p2b: Heatran\n|-supereffective|p2b: Heatran\n|-end|p2b: Heatran|Substitute\n|-unboost|p1a: Koraidon|def|1\n|-unboost|p1a: Koraidon|spd|1\n|-damage|p1a: Koraidon|91/100|[from] item: Life Orb\n|\n|-weather|SunnyDay|[upkeep]\n|-heal|p2b: Heatran|88/100|[from] item: Leftovers\n|-fieldend|move: Trick Room\n|upkeep\n|\n|t:|1772438279\n|switch|p2a: Roaring Moon|Roaring Moon, L50|89/100\n|-activate|p2a: Roaring Moon|ability: Protosynthesis\n|-start|p2a: Roaring Moon|protosynthesisatk\n|turn|6\n|\n|t:|1772438312\n|move|p2a: Roaring Moon|Rock Slide|p1a: Koraidon|[spread] p1a,p1b\n|-supereffective|p1a: Koraidon\n|-supereffective|p1b: Incineroar\n|-damage|p1a: Koraidon|19/100\n|-damage|p1b: Incineroar|0 fnt\n|faint|p1b: Incineroar\n|move|p1a: Koraidon|Close Combat|p2b: Heatran\n|-supereffective|p2b: Heatran\n|-crit|p2b: Heatran\n|-damage|p2b: Heatran|0 fnt\n|-unboost|p1a: Koraidon|def|1\n|-unboost|p1a: Koraidon|spd|1\n|faint|p2b: Heatran\n|-damage|p1a: Koraidon|10/100|[from] item: Life Orb\n|\n|-weather|none\n|-end|p2a: Roaring Moon|Protosynthesis\n|upkeep\n|c|\u2606RandomcatFFR|gg\n|-message|RandomcatFFR forfeited.\n|\n|win|I\u2764\ufe0f\u5a1c\u7984forever\n|raw|RandomcatFFR's rating: 1461 &rarr; <strong>1439</strong><br />(-22 for losing)\n|raw|I\u2764\ufe0f\u5a1c\u7984forever's rating: 1425 &rarr; <strong>1447</strong><br />(+22 for winning)\n|l|\u2606I\u2764\ufe0f\u5a1c\u7984forever\n|player|p2|\n|l|\u2606RandomcatFFR\n|player|p1|\n","uploadtime":1772438590,"views":17,"formatid":"gen9vgc2026regi","rating":1439,"private":0,"password":null}