{"id":"gen9vgc2026regi-2551989555","format":"[Gen 9] VGC 2026 Reg I","players":["woodenfish43","Pokemonst3r"],"log":"|j|\u2606woodenfish43\n|j|\u2606Pokemonst3r\n|t:|1772663167\n|gametype|doubles\n|player|p1|woodenfish43|266|1355\n|player|p2|Pokemonst3r|169|1634\n|gen|9\n|tier|[Gen 9] VGC 2026 Reg I\n|rated|\n|rule|Species Clause: Limit one of each Pok\u00e9mon\n|rule|Item Clause: Limit 1 of each item\n|clearpoke\n|poke|p1|Necrozma-Dawn-Wings, L50|\n|poke|p1|Brute Bonnet, L50|\n|poke|p1|Araquanid, L50, M|\n|poke|p1|Kyogre, L50|\n|poke|p1|Rhydon, L50, F|\n|poke|p1|Rillaboom, L50, M|\n|poke|p2|Chien-Pao, L50|\n|poke|p2|Calyrex-Shadow, L50|\n|poke|p2|Dondozo, L50, F|\n|poke|p2|Zamazenta-*, L50|\n|poke|p2|Dragonite, L50, F|\n|poke|p2|Tatsugiri, L50, F|\n|teampreview|4\n|inactive|Battle timer is ON: inactive players will automatically lose when time's up. (requested by Pokemonst3r)\n|\n|t:|1772663191\n|teamsize|p1|4\n|teamsize|p2|4\n|start\n|switch|p1a: Necrozma|Necrozma-Dawn-Wings, L50, shiny|100/100\n|switch|p1b: Brute Bonnet|Brute Bonnet, L50|100/100\n|switch|p2a: Chien-Pao|Chien-Pao, L50|100/100\n|switch|p2b: Calyrex|Calyrex-Shadow, L50|100/100\n|-ability|p2b: Calyrex|As One\n|-ability|p2b: Calyrex|Unnerve\n|-ability|p2a: Chien-Pao|Sword of Ruin\n|turn|1\n|\n|t:|1772663205\n|-terastallize|p1a: Necrozma|Dark\n|move|p2b: Calyrex|Trick|p1a: Necrozma\n|-activate|p2b: Calyrex|move: Trick|[of] p1a: Necrozma\n|-item|p1a: Necrozma|Choice Scarf|[from] move: Trick\n|-item|p2b: Calyrex|Life Orb|[from] move: Trick\n|move|p2a: Chien-Pao|Taunt|p1b: Brute Bonnet\n|-start|p1b: Brute Bonnet|move: Taunt\n|-enditem|p1b: Brute Bonnet|Mental Herb\n|-end|p1b: Brute Bonnet|move: Taunt\n|move|p1b: Brute Bonnet|Pollen Puff|p2a: Chien-Pao\n|-supereffective|p2a: Chien-Pao\n|-damage|p2a: Chien-Pao|35/100\n|move|p1a: Necrozma|Trick Room|p1a: Necrozma\n|-fieldstart|move: Trick Room|[of] p1a: Necrozma\n|\n|upkeep\n|turn|2\n|inactive|Pokemonst3r has 30 seconds left.\n|\n|t:|1772663232\n|switch|p1a: Araquanid|Araquanid, L50, M, shiny|100/100\n|-terastallize|p2b: Calyrex|Ghost\n|move|p1b: Brute Bonnet|Pollen Puff|p2a: Chien-Pao\n|-supereffective|p2a: Chien-Pao\n|-damage|p2a: Chien-Pao|0 fnt\n|faint|p2a: Chien-Pao\n|move|p2b: Calyrex|Astral Barrage|p1b: Brute Bonnet|[spread] p1a,p1b\n|-resisted|p1b: Brute Bonnet\n|-damage|p1a: Araquanid|28/100\n|-damage|p1b: Brute Bonnet|68/100\n|-damage|p2b: Calyrex|91/100|[from] item: Life Orb\n|\n|upkeep\n|\n|t:|1772663245\n|switch|p2a: Dragonite|Dragonite, L50, F|100/100\n|turn|3\n|\n|t:|1772663264\n|switch|p2b: Zamazenta|Zamazenta-Crowned, L50|100/100\n|-ability|p2b: Zamazenta|Dauntless Shield|boost\n|-boost|p2b: Zamazenta|def|1\n|move|p1a: Araquanid|Protect|p1a: Araquanid\n|-singleturn|p1a: Araquanid|Protect\n|move|p2a: Dragonite|Extreme Speed|p1a: Araquanid\n|-activate|p1a: Araquanid|move: Protect\n|move|p1b: Brute Bonnet|Spore|p2a: Dragonite\n|-status|p2a: Dragonite|slp|[from] move: Spore\n|\n|upkeep\n|turn|4\n|inactive|woodenfish43 has 30 seconds left.\n|\n|t:|1772663293\n|switch|p1a: Necrozma|Necrozma-Dawn-Wings, L50, shiny, tera:Dark|100/100\n|move|p2b: Zamazenta|Protect|p2b: Zamazenta\n|-singleturn|p2b: Zamazenta|Protect\n|cant|p2a: Dragonite|slp\n|move|p1b: Brute Bonnet|Pollen Puff|p2a: Dragonite\n|-resisted|p2a: Dragonite\n|-damage|p2a: Dragonite|93/100 slp\n|\n|upkeep\n|turn|5\n|\n|t:|1772663307\n|cant|p2a: Dragonite|slp\n|move|p1b: Brute Bonnet|Spore|p2b: Zamazenta\n|-status|p2b: Zamazenta|slp|[from] move: Spore\n|move|p1a: Necrozma|Moongeist Beam|p2a: Dragonite\n|-damage|p2a: Dragonite|34/100 slp\n|cant|p2b: Zamazenta|slp\n|\n|-fieldend|move: Trick Room\n|upkeep\n|turn|6\n|\n|t:|1772663320\n|cant|p2a: Dragonite|slp\n|move|p1b: Brute Bonnet|Rage Powder|p1b: Brute Bonnet\n|-singleturn|p1b: Brute Bonnet|move: Rage Powder\n|cant|p2b: Zamazenta|slp\n|move|p1a: Necrozma|Moongeist Beam|p2a: Dragonite\n|-damage|p2a: Dragonite|0 fnt\n|faint|p2a: Dragonite\n|\n|upkeep\n|\n|t:|1772663328\n|switch|p2a: Calyrex|Calyrex-Shadow, L50, tera:Ghost|91/100\n|-ability|p2a: Calyrex|As One\n|-ability|p2a: Calyrex|Unnerve\n|turn|7\n|\n|t:|1772663341\n|move|p1b: Brute Bonnet|Rage Powder|p1b: Brute Bonnet\n|-singleturn|p1b: Brute Bonnet|move: Rage Powder\n|move|p2a: Calyrex|Astral Barrage|p1a: Necrozma|[spread] p1a,p1b\n|-resisted|p1a: Necrozma\n|-resisted|p1b: Brute Bonnet\n|-damage|p1a: Necrozma|63/100\n|-damage|p1b: Brute Bonnet|35/100\n|-damage|p2a: Calyrex|81/100|[from] item: Life Orb\n|-curestatus|p2b: Zamazenta|slp|[msg]\n|move|p2b: Zamazenta|Body Press|p1b: Brute Bonnet\n|-supereffective|p1b: Brute Bonnet\n|-damage|p1b: Brute Bonnet|0 fnt\n|faint|p1b: Brute Bonnet\n|-end|p1b: Brute Bonnet|Protosynthesis|[silent]\n|move|p1a: Necrozma|Moongeist Beam|p2a: Calyrex\n|-supereffective|p2a: Calyrex\n|-damage|p2a: Calyrex|0 fnt\n|faint|p2a: Calyrex\n|\n|upkeep\n|\n|t:|1772663353\n|switch|p1b: clipfarmer|Kyogre, L50|100/100\n|-weather|RainDance|[from] ability: Drizzle|[of] p1b: clipfarmer\n|turn|8\n|\n|t:|1772663363\n|move|p2b: Zamazenta|Body Press|p1b: clipfarmer\n|-damage|p1b: clipfarmer|31/100\n|move|p1a: Necrozma|Moongeist Beam|p2b: Zamazenta\n|-damage|p2b: Zamazenta|55/100\n|move|p1b: clipfarmer|Water Spout|p2b: Zamazenta\n|-damage|p2b: Zamazenta|21/100\n|\n|-weather|RainDance|[upkeep]\n|upkeep\n|turn|9\n|\n|t:|1772663375\n|move|p2b: Zamazenta|Body Press|p1a: Necrozma\n|-supereffective|p1a: Necrozma\n|-damage|p1a: Necrozma|0 fnt\n|faint|p1a: Necrozma\n|move|p1b: clipfarmer|Thunder|p2b: Zamazenta\n|-damage|p2b: Zamazenta|0 fnt\n|faint|p2b: Zamazenta\n|\n|win|woodenfish43\n|raw|woodenfish43's rating: 1355 &rarr; <strong>1388</strong><br />(+33 for winning)\n|raw|Pokemonst3r's rating: 1634 &rarr; <strong>1601</strong><br />(-33 for losing)\n|l|\u2606Pokemonst3r\n|player|p2|\n|l|\u2606woodenfish43\n|player|p1|\n","uploadtime":1772663579,"views":12,"formatid":"gen9vgc2026regi","rating":1388,"private":0,"password":null}