{"id":"gen9vgc2026regi-2555015516","format":"[Gen 9] VGC 2026 Reg I","players":["EllenJoe2026","cel1504364"],"log":"|j|\u2606EllenJoe2026\n|j|\u2606cel1504364\n|t:|1773044790\n|gametype|doubles\n|player|p1|EllenJoe2026|iono|1441\n|player|p2|cel1504364|101|1288\n|gen|9\n|tier|[Gen 9] VGC 2026 Reg I\n|rated|\n|rule|Species Clause: Limit one of each Pok\u00e9mon\n|rule|Item Clause: Limit 1 of each item\n|clearpoke\n|poke|p1|Calyrex-Shadow, L50|\n|poke|p1|Zamazenta-*, L50|\n|poke|p1|Chien-Pao, L50|\n|poke|p1|Dragonite, L50, F|\n|poke|p1|Tornadus, L50, M|\n|poke|p1|Urshifu-*, L50, F|\n|poke|p2|Lunala, L50|\n|poke|p2|Incineroar, L50, F|\n|poke|p2|Grimmsnarl, L50, M|\n|poke|p2|Raging Bolt, L50|\n|poke|p2|Ogerpon-Hearthflame, L50, F|\n|poke|p2|Miraidon, L50|\n|teampreview|4\n|inactive|Battle timer is ON: inactive players will automatically lose when time's up. (requested by EllenJoe2026)\n|inactive|cel1504364 has 60 seconds left.\n|\n|t:|1773044824\n|teamsize|p1|4\n|teamsize|p2|4\n|start\n|switch|p1a: Dragonite|Dragonite, L50, F|100/100\n|switch|p1b: Chien-Pao|Chien-Pao, L50, shiny|100/100\n|switch|p2a: Miraidon|Miraidon, L50|100/100\n|switch|p2b: Incineroar|Incineroar, L50, F|100/100\n|-fieldstart|move: Electric Terrain|[from] ability: Hadron Engine|[of] p2a: Miraidon\n|-ability|p1b: Chien-Pao|Sword of Ruin\n|-ability|p2b: Incineroar|Intimidate|boost\n|-fail|p1a: Dragonite|unboost|Attack|[from] ability: Inner Focus|[of] p1a: Dragonite\n|-unboost|p1b: Chien-Pao|atk|1\n|turn|1\n|\n|t:|1773044847\n|-terastallize|p1a: Dragonite|Normal\n|move|p1b: Chien-Pao|Protect|p1b: Chien-Pao\n|-singleturn|p1b: Chien-Pao|Protect\n|move|p1a: Dragonite|Extreme Speed|p2a: Miraidon\n|-damage|p2a: Miraidon|5/100\n|move|p2a: Miraidon|Volt Switch|p1a: Dragonite\n|-damage|p1a: Dragonite|4/100\n|\n|t:|1773044856\n|switch|p2a: Ogerpon|Ogerpon-Hearthflame, L50, F|100/100|[from] Volt Switch\n|-ability|p2a: Ogerpon|Mold Breaker\n|move|p2b: Incineroar|Knock Off|p1a: Dragonite\n|-damage|p1a: Dragonite|0 fnt\n|-enditem|p1a: Dragonite|Choice Band|[from] move: Knock Off|[of] p2b: Incineroar\n|faint|p1a: Dragonite\n|\n|upkeep\n|\n|t:|1773044870\n|switch|p1a: Zamazenta|Zamazenta-Crowned, L50, shiny|100/100\n|-ability|p1a: Zamazenta|Dauntless Shield|boost\n|-boost|p1a: Zamazenta|def|1\n|turn|2\n|\n|t:|1773044885\n|-terastallize|p2b: Incineroar|Bug\n|move|p1b: Chien-Pao|Ice Spinner|p2a: Ogerpon\n|-damage|p2a: Ogerpon|57/100\n|-fieldend|move: Electric Terrain\n|move|p1a: Zamazenta|Body Press|p2b: Incineroar\n|-resisted|p2b: Incineroar\n|-damage|p2b: Incineroar|53/100\n|move|p2a: Ogerpon|Ivy Cudgel|p1b: Chien-Pao|[anim] Ivy Cudgel Fire\n|-supereffective|p1b: Chien-Pao\n|-enditem|p1b: Chien-Pao|Focus Sash\n|-damage|p1b: Chien-Pao|1/100\n|move|p2b: Incineroar|U-turn|p1b: Chien-Pao\n|-supereffective|p1b: Chien-Pao\n|-damage|p1b: Chien-Pao|0 fnt\n|faint|p1b: Chien-Pao\n|\n|t:|1773044902\n|switch|p2b: Lunala|Lunala, L50|100/100|[from] U-turn\n|\n|upkeep\n|\n|t:|1773044905\n|switch|p1b: Calyrex|Calyrex-Shadow, L50|100/100\n|-ability|p1b: Calyrex|As One\n|-ability|p1b: Calyrex|Unnerve\n|turn|3\n|\n|t:|1773044923\n|move|p1b: Calyrex|Taunt|p2b: Lunala\n|-start|p2b: Lunala|move: Taunt\n|move|p1a: Zamazenta|Body Press|p2a: Ogerpon\n|-damage|p2a: Ogerpon|0 fnt\n|faint|p2a: Ogerpon\n|cant|p2b: Lunala|move: Taunt|Tailwind\n|\n|upkeep\n|\n|t:|1773044931\n|switch|p2a: Incineroar|Incineroar, L50, F, tera:Bug|53/100\n|-ability|p2a: Incineroar|Intimidate|boost\n|-unboost|p1a: Zamazenta|atk|1\n|-unboost|p1b: Calyrex|atk|1\n|turn|4\n|inactive|EllenJoe2026 has 30 seconds left.\n|\n|t:|1773044965\n|move|p1b: Calyrex|Astral Barrage|p2a: Incineroar|[spread] p2a,p2b\n|-supereffective|p2b: Lunala\n|-damage|p2a: Incineroar|14/100\n|-damage|p2b: Lunala|0 fnt\n|faint|p2b: Lunala\n|-ability|p1b: Calyrex|Grim Neigh|boost\n|-boost|p1b: Calyrex|spa|1\n|-damage|p1b: Calyrex|91/100|[from] item: Life Orb\n|move|p1a: Zamazenta|Heavy Slam|p2a: Incineroar\n|-damage|p2a: Incineroar|0 fnt\n|faint|p2a: Incineroar\n|\n|upkeep\n|\n|t:|1773044979\n|switch|p2a: Miraidon|Miraidon, L50|5/100\n|-fieldstart|move: Electric Terrain|[from] ability: Hadron Engine|[of] p2a: Miraidon\n|turn|5\n|-message|cel1504364 forfeited.\n|\n|win|EllenJoe2026\n|raw|EllenJoe2026's rating: 1441 &rarr; <strong>1453</strong><br />(+12 for winning)\n|raw|cel1504364's rating: 1288 &rarr; <strong>1273</strong><br />(-15 for losing)\n|l|\u2606cel1504364\n|player|p2|\n|l|\u2606EllenJoe2026\n|player|p1|\n","uploadtime":1773045128,"views":16,"formatid":"gen9vgc2026regi","rating":1273,"private":0,"password":null}