{"id":"gen9vgc2026regi-2518643425","format":"[Gen 9] VGC 2026 Reg I","players":["Kenobi_1","VJ2511"],"log":"|j|\u2606Kenobi_1\n|j|\u2606VJ2511\n|t:|1768412508\n|gametype|doubles\n|player|p1|Kenobi_1|ash-alola|\n|player|p2|VJ2511|red-masters3|\n|gen|9\n|tier|[Gen 9] VGC 2026 Reg I\n|rule|Species Clause: Limit one of each Pok\u00e9mon\n|rule|Item Clause: Limit 1 of each item\n|clearpoke\n|poke|p1|Calyrex-Shadow, L50|\n|poke|p1|Zamazenta-*, L50|\n|poke|p1|Smeargle, L50, M|\n|poke|p1|Raging Bolt, L50|\n|poke|p1|Rillaboom, L50, F|\n|poke|p1|Tornadus, L50, M|\n|poke|p2|Miraidon, L50|\n|poke|p2|Lunala, L50|\n|poke|p2|Incineroar, L50, M|\n|poke|p2|Ursaluna, L50, M|\n|poke|p2|Whimsicott, L50, F|\n|poke|p2|Urshifu-*, L50, F|\n|teampreview|4\n|inactive|Battle timer is ON: inactive players will automatically lose when time's up. (requested by Kenobi_1)\n|inactive|VJ2511 also wants the timer to be on.\n|\n|t:|1768412523\n|teamsize|p1|4\n|teamsize|p2|4\n|start\n|switch|p1a: Smeargle|Smeargle, L50, M, shiny|100/100\n|switch|p1b: Tornadus|Tornadus, L50, M, shiny|100/100\n|switch|p2a: Urshifu|Urshifu-Rapid-Strike, L50, F|100/100\n|switch|p2b: Whimsicott|Whimsicott, L50, F|100/100\n|turn|1\n|\n|t:|1768412535\n|-terastallize|p2a: Urshifu|Ghost\n|move|p2b: Whimsicott|Tailwind|p2b: Whimsicott\n|-sidestart|p2: VJ2511|move: Tailwind\n|move|p1b: Tornadus|Tailwind|p1b: Tornadus\n|-sidestart|p1: Kenobi_1|move: Tailwind\n|move|p1a: Smeargle|Spore|p2a: Urshifu\n|-status|p2a: Urshifu|slp|[from] move: Spore\n|cant|p2a: Urshifu|slp\n|\n|-ability|p1a: Smeargle|Moody|boost\n|-boost|p1a: Smeargle|spa|2\n|-unboost|p1a: Smeargle|def|1\n|upkeep\n|turn|2\n|\n|t:|1768412550\n|move|p2b: Whimsicott|Encore|p1b: Tornadus\n|-start|p1b: Tornadus|Encore\n|move|p1a: Smeargle|Decorate|p1b: Tornadus\n|-boost|p1b: Tornadus|atk|2\n|-boost|p1b: Tornadus|spa|2\n|move|p1b: Tornadus|Tailwind||[still]\n|-fail|p1b: Tornadus\n|cant|p2a: Urshifu|slp\n|\n|-ability|p1a: Smeargle|Moody|boost\n|-boost|p1a: Smeargle|atk|2\n|-unboost|p1a: Smeargle|spe|1\n|upkeep\n|turn|3\n|\n|t:|1768412566\n|move|p2b: Whimsicott|Light Screen|p2b: Whimsicott\n|-sidestart|p2: VJ2511|move: Light Screen\n|move|p1b: Tornadus|Tailwind||[still]\n|-fail|p1b: Tornadus\n|-curestatus|p2a: Urshifu|slp|[msg]\n|move|p2a: Urshifu|Surging Strikes|p1a: Smeargle\n|-crit|p1a: Smeargle\n|-damage|p1a: Smeargle|5/100\n|-crit|p1a: Smeargle\n|-damage|p1a: Smeargle|0 fnt\n|faint|p1a: Smeargle\n|-hitcount|p1: Smeargle|2\n|\n|upkeep\n|\n|t:|1768412575\n|switch|p1a: Calyrex|Calyrex-Shadow, L50|100/100\n|-ability|p1a: Calyrex|As One\n|-ability|p1a: Calyrex|Unnerve\n|turn|4\n|\n|t:|1768412586\n|switch|p2a: Miraidon|Miraidon, L50|100/100\n|-fieldstart|move: Electric Terrain|[from] ability: Hadron Engine|[of] p2a: Miraidon\n|-terastallize|p1a: Calyrex|Dark\n|move|p1b: Tornadus|Tailwind||[still]\n|-fail|p1b: Tornadus\n|move|p1a: Calyrex|Astral Barrage|p2a: Miraidon|[spread] p2a,p2b\n|-damage|p2a: Miraidon|59/100\n|-damage|p2b: Whimsicott|56/100\n|-damage|p1a: Calyrex|91/100|[from] item: Life Orb\n|move|p2b: Whimsicott|Moonblast|p1a: Calyrex\n|-supereffective|p1a: Calyrex\n|-damage|p1a: Calyrex|37/100\n|-unboost|p1a: Calyrex|spa|1\n|\n|-end|p1b: Tornadus|Encore\n|-sideend|p1: Kenobi_1|move: Tailwind\n|-sideend|p2: VJ2511|move: Tailwind\n|upkeep\n|turn|5\n|\n|t:|1768412607\n|move|p1b: Tornadus|Protect|p1b: Tornadus\n|-singleturn|p1b: Tornadus|Protect\n|move|p2b: Whimsicott|Tailwind|p2b: Whimsicott\n|-sidestart|p2: VJ2511|move: Tailwind\n|move|p2a: Miraidon|Dazzling Gleam|p1a: Calyrex|[spread] p1a\n|-activate|p1b: Tornadus|move: Protect\n|-supereffective|p1a: Calyrex\n|-damage|p1a: Calyrex|0 fnt\n|faint|p1a: Calyrex\n|\n|upkeep\n|\n|t:|1768412614\n|switch|p1a: Zamazenta|Zamazenta-Crowned, L50, shiny|100/100\n|-ability|p1a: Zamazenta|Dauntless Shield|boost\n|-boost|p1a: Zamazenta|def|1\n|turn|6\n|\n|t:|1768412621\n|move|p1a: Zamazenta|Wide Guard|p1a: Zamazenta\n|-singleturn|p1a: Zamazenta|Wide Guard\n|move|p2b: Whimsicott|Encore|p1b: Tornadus\n|-start|p1b: Tornadus|Encore\n|move|p2a: Miraidon|Dazzling Gleam|p1b: Tornadus|[spread] \n|-activate|p1a: Zamazenta|move: Wide Guard\n|-activate|p1b: Tornadus|move: Wide Guard\n|move|p1b: Tornadus|Protect||[still]\n|-fail|p1b: Tornadus\n|\n|upkeep\n|turn|7\n|-message|Kenobi_1 forfeited.\n|\n|win|VJ2511\n|l|\u2606Kenobi_1\n|player|p1|\n","uploadtime":1768412634,"views":19,"formatid":"gen9vgc2026regi","rating":null,"private":0,"password":null}