{"id":"gen9vgc2026regi-2538710220","format":"[Gen 9] VGC 2026 Reg I","players":["yamato-tak","TheManOfSausage"],"log":"|j|\u2606yamato-tak\n|j|\u2606TheManOfSausage\n|t:|1770960740\n|gametype|doubles\n|player|p1|yamato-tak|101|1474\n|player|p2|TheManOfSausage|miku-water|1582\n|gen|9\n|tier|[Gen 9] VGC 2026 Reg I\n|rated|\n|rule|Species Clause: Limit one of each Pok\u00e9mon\n|rule|Item Clause: Limit 1 of each item\n|clearpoke\n|poke|p1|Miraidon, L50|\n|poke|p1|Calyrex-Ice, L50|\n|poke|p1|Volcarona, L50, F|\n|poke|p1|Araquanid, L50, F|\n|poke|p1|Grimmsnarl, L50, M|\n|poke|p1|Rillaboom, L50, F|\n|poke|p2|Calyrex-Ice, L50|\n|poke|p2|Miraidon, L50|\n|poke|p2|Amoonguss, L50, F|\n|poke|p2|Incineroar, L50, M|\n|poke|p2|Urshifu-*, L50, M|\n|poke|p2|Farigiraf, L50, F|\n|teampreview|4\n|inactive|Battle timer is ON: inactive players will automatically lose when time's up. (requested by yamato-tak)\n|\n|t:|1770960759\n|teamsize|p1|4\n|teamsize|p2|4\n|start\n|switch|p1a: Grimmsnarl|Grimmsnarl, L50, M, shiny|100/100\n|switch|p1b: Miraidon|Miraidon, L50, shiny|100/100\n|switch|p2a: Tama|Miraidon, L50|100/100\n|switch|p2b: Incineroar|Incineroar, L50, M, shiny|100/100\n|-fieldstart|move: Electric Terrain|[from] ability: Hadron Engine|[of] p2a: Tama\n|-activate|p1b: Miraidon|ability: Hadron Engine\n|-ability|p2b: Incineroar|Intimidate|boost\n|-unboost|p1a: Grimmsnarl|atk|1\n|-unboost|p1b: Miraidon|atk|1\n|turn|1\n|\n|t:|1770960782\n|move|p2b: Incineroar|Fake Out|p1b: Miraidon\n|-damage|p1b: Miraidon|91/100\n|move|p1a: Grimmsnarl|Fake Out|p2a: Tama\n|-damage|p2a: Tama|93/100\n|cant|p2a: Tama|flinch\n|move|p1b: Miraidon|Calm Mind|p1b: Miraidon\n|-boost|p1b: Miraidon|spa|1\n|-boost|p1b: Miraidon|spd|1\n|\n|upkeep\n|turn|2\n|\n|t:|1770960806\n|-terastallize|p1b: Miraidon|Electric\n|move|p1a: Grimmsnarl|Light Screen|p1a: Grimmsnarl\n|-sidestart|p1: yamato-tak|move: Light Screen\n|move|p2a: Tama|Snarl|p1b: Miraidon|[spread] p1a,p1b\n|-resisted|p1a: Grimmsnarl\n|-crit|p1a: Grimmsnarl\n|-damage|p1a: Grimmsnarl|93/100\n|-damage|p1b: Miraidon|84/100\n|-unboost|p1a: Grimmsnarl|spa|1\n|move|p1b: Miraidon|Parabolic Charge|p2b: Incineroar|[spread] p1a,p2a,p2b\n|-resisted|p2a: Tama\n|-damage|p1a: Grimmsnarl|43/100\n|-heal|p1b: Miraidon|100/100|[from] drain|[of] p1a: Grimmsnarl\n|-damage|p2a: Tama|78/100\n|-damage|p2b: Incineroar|52/100\n|move|p2b: Incineroar|U-turn|p1a: Grimmsnarl\n|-damage|p1a: Grimmsnarl|22/100\n|\n|t:|1770960812\n|switch|p2b: Ogurin|Calyrex-Ice, L50|100/100|[from] U-turn\n|-ability|p2b: Ogurin|As One\n|-ability|p2b: Ogurin|Unnerve\n|\n|upkeep\n|turn|3\n|\n|t:|1770960824\n|switch|p2a: Incineroar|Incineroar, L50, M, shiny|52/100\n|-ability|p2a: Incineroar|Intimidate|boost\n|-unboost|p1a: Grimmsnarl|atk|1\n|-unboost|p1b: Miraidon|atk|1\n|move|p1a: Grimmsnarl|Reflect|p1a: Grimmsnarl\n|-sidestart|p1: yamato-tak|Reflect\n|move|p1b: Miraidon|Electro Drift|p2b: Ogurin\n|-crit|p2b: Ogurin\n|-damage|p2b: Ogurin|0 fnt\n|faint|p2b: Ogurin\n|\n|upkeep\n|\n|t:|1770960831\n|switch|p2b: Urshifu|Urshifu-Rapid-Strike, L50, M|100/100\n|turn|4\n|\n|t:|1770960848\n|move|p2b: Urshifu|Detect|p2b: Urshifu\n|-singleturn|p2b: Urshifu|Protect\n|move|p1a: Grimmsnarl|Parting Shot|p2b: Urshifu\n|-activate|p2b: Urshifu|move: Protect\n|move|p1b: Miraidon|Parabolic Charge|p2a: Incineroar|[spread] p1a,p2a\n|-activate|p2b: Urshifu|move: Protect\n|-damage|p1a: Grimmsnarl|0 fnt\n|-damage|p2a: Incineroar|0 fnt\n|faint|p1a: Grimmsnarl\n|faint|p2a: Incineroar\n|\n|upkeep\n|\n|t:|1770960856\n|switch|p2a: Tama|Miraidon, L50|78/100\n|switch|p1a: Calyrex|Calyrex-Ice, L50|100/100\n|-ability|p1a: Calyrex|As One\n|-ability|p1a: Calyrex|Unnerve\n|-activate|p2a: Tama|ability: Hadron Engine\n|turn|5\n|c|\u2606TheManOfSausage|gg\n|-message|TheManOfSausage forfeited.\n|\n|win|yamato-tak\n|raw|yamato-tak's rating: 1474 &rarr; <strong>1500</strong><br />(+26 for winning)\n|raw|TheManOfSausage's rating: 1582 &rarr; <strong>1556</strong><br />(-26 for losing)\n|l|\u2606TheManOfSausage\n|player|p2|\n|l|\u2606yamato-tak\n|player|p1|\n","uploadtime":1770961123,"views":32,"formatid":"gen9vgc2026regi","rating":1500,"private":0,"password":null}