{"id":"gen9vgc2026regi-2560615846","format":"[Gen 9] VGC 2026 Reg I","players":["caltond","eye-zitt"],"log":"|j|\u2606caltond\n|j|\u2606eye-zitt\n|t:|1773704791\n|gametype|doubles\n|player|p1|caltond|1|1160\n|player|p2|eye-zitt|hilbert|1248\n|gen|9\n|tier|[Gen 9] VGC 2026 Reg I\n|rated|\n|rule|Species Clause: Limit one of each Pok\u00e9mon\n|rule|Item Clause: Limit 1 of each item\n|clearpoke\n|poke|p1|Miraidon, L50|\n|poke|p1|Raikou, L50|\n|poke|p1|Calyrex-Ice, L50|\n|poke|p1|Urshifu-*, L50, M|\n|poke|p1|Whimsicott, L50, M|\n|poke|p1|Dipplin, L50, F|\n|poke|p2|Terapagos, L50, M|\n|poke|p2|Incineroar, L50, F|\n|poke|p2|Rillaboom, L50, F|\n|poke|p2|Ogerpon-Cornerstone, L50, F|\n|poke|p2|Flutter Mane, L50|\n|poke|p2|Calyrex-Shadow, L50|\n|teampreview|4\n|inactive|Battle timer is ON: inactive players will automatically lose when time's up. (requested by caltond)\n|\n|t:|1773704820\n|teamsize|p1|4\n|teamsize|p2|4\n|start\n|switch|p1a: Raikou|Raikou, L50|100/100\n|switch|p1b: Dipplin|Dipplin, L50, F|100/100\n|switch|p2a: Flutter Mane|Flutter Mane, L50|100/100\n|switch|p2b: Terapagos|Terapagos, L50, M|100/100\n|-activate|p2b: Terapagos|ability: Tera Shift\n|detailschange|p2b: Terapagos|Terapagos-Terastal, L50, M\n|-heal|p2b: Terapagos|100/100|[silent]\n|-ability|p1b: Dipplin|Supersweet Syrup\n|-unboost|p2a: Flutter Mane|evasion|1\n|-unboost|p2b: Terapagos|evasion|1\n|-enditem|p2a: Flutter Mane|Booster Energy\n|-activate|p2a: Flutter Mane|ability: Protosynthesis|[fromitem]\n|-start|p2a: Flutter Mane|protosynthesisspe\n|turn|1\n|\n|t:|1773704844\n|move|p2a: Flutter Mane|Taunt|p1b: Dipplin\n|-start|p1b: Dipplin|move: Taunt\n|move|p1a: Raikou|Light Screen|p1a: Raikou\n|-sidestart|p1: caltond|move: Light Screen\n|move|p2b: Terapagos|Calm Mind|p2b: Terapagos\n|-boost|p2b: Terapagos|spa|1\n|-boost|p2b: Terapagos|spd|1\n|move|p1b: Dipplin|Pollen Puff|p2b: Terapagos\n|-activate|p2b: Terapagos|ability: Tera Shell\n|-resisted|p2b: Terapagos\n|-damage|p2b: Terapagos|95/100\n|\n|-heal|p2b: Terapagos|100/100|[from] item: Leftovers\n|upkeep\n|turn|2\n|\n|t:|1773704864\n|move|p2a: Flutter Mane|Icy Wind|p1a: Raikou|[spread] p1a,p1b\n|-supereffective|p1b: Dipplin\n|-damage|p1a: Raikou|95/100\n|-damage|p1b: Dipplin|79/100\n|-unboost|p1a: Raikou|spe|1\n|-unboost|p1b: Dipplin|spe|1\n|move|p2b: Terapagos|Calm Mind|p2b: Terapagos\n|-boost|p2b: Terapagos|spa|1\n|-boost|p2b: Terapagos|spd|1\n|move|p1a: Raikou|Snarl|p2a: Flutter Mane|[spread] p2a,p2b\n|-activate|p2b: Terapagos|ability: Tera Shell\n|-resisted|p2b: Terapagos\n|-damage|p2a: Flutter Mane|92/100\n|-damage|p2b: Terapagos|98/100\n|-unboost|p2a: Flutter Mane|spa|1\n|-unboost|p2b: Terapagos|spa|1\n|move|p1b: Dipplin|Pollen Puff|p1a: Raikou\n|-heal|p1a: Raikou|100/100\n|\n|-heal|p2b: Terapagos|100/100|[from] item: Leftovers\n|upkeep\n|turn|3\n|inactive|caltond has 30 seconds left.\n|\n|t:|1773704890\n|move|p2a: Flutter Mane|Icy Wind|p1a: Raikou|[spread] p1a,p1b\n|-supereffective|p1b: Dipplin\n|-damage|p1a: Raikou|97/100\n|-damage|p1b: Dipplin|64/100\n|-unboost|p1a: Raikou|spe|1\n|-unboost|p1b: Dipplin|spe|1\n|move|p2b: Terapagos|Calm Mind|p2b: Terapagos\n|-boost|p2b: Terapagos|spa|1\n|-boost|p2b: Terapagos|spd|1\n|move|p1a: Raikou|Snarl|p2b: Terapagos|[spread] p2a,p2b\n|-activate|p2b: Terapagos|ability: Tera Shell\n|-resisted|p2b: Terapagos\n|-damage|p2a: Flutter Mane|81/100\n|-damage|p2b: Terapagos|98/100\n|-unboost|p2a: Flutter Mane|spa|1\n|-unboost|p2b: Terapagos|spa|1\n|move|p1b: Dipplin|Pollen Puff|p1a: Raikou\n|-heal|p1a: Raikou|100/100\n|\n|-heal|p2b: Terapagos|100/100|[from] item: Leftovers\n|-end|p1b: Dipplin|move: Taunt\n|upkeep\n|turn|4\n|inactive|caltond has 30 seconds left.\n|\n|t:|1773704924\n|move|p2a: Flutter Mane|Taunt|p1b: Dipplin\n|-start|p1b: Dipplin|move: Taunt\n|move|p2b: Terapagos|Calm Mind|p2b: Terapagos\n|-boost|p2b: Terapagos|spa|1\n|-boost|p2b: Terapagos|spd|1\n|move|p1a: Raikou|Volt Switch|p2b: Terapagos\n|-activate|p2b: Terapagos|ability: Tera Shell\n|-resisted|p2b: Terapagos\n|-damage|p2b: Terapagos|97/100\n|\n|t:|1773704928\n|switch|p1a: Miraidon|Miraidon, L50|100/100|[from] Volt Switch\n|-fieldstart|move: Electric Terrain|[from] ability: Hadron Engine|[of] p1a: Miraidon\n|cant|p1b: Dipplin|move: Taunt|Dragon Cheer\n|\n|-heal|p2b: Terapagos|100/100|[from] item: Leftovers\n|upkeep\n|turn|5\n|\n|t:|1773704948\n|move|p2a: Flutter Mane|Moonblast|p1a: Miraidon\n|-supereffective|p1a: Miraidon\n|-damage|p1a: Miraidon|79/100\n|move|p1a: Miraidon|Parabolic Charge|p2b: Terapagos|[spread] p1b,p2a,p2b\n|-resisted|p1b: Dipplin\n|-activate|p2b: Terapagos|ability: Tera Shell\n|-resisted|p2b: Terapagos\n|-damage|p1b: Dipplin|59/100\n|-heal|p1a: Miraidon|81/100|[from] drain|[of] p1b: Dipplin\n|-damage|p2a: Flutter Mane|44/100\n|-heal|p1a: Miraidon|95/100|[from] drain|[of] p2a: Flutter Mane\n|-damage|p2b: Terapagos|94/100\n|-heal|p1a: Miraidon|98/100|[from] drain|[of] p2b: Terapagos\n|move|p2b: Terapagos|Earth Power|p1a: Miraidon\n|-supereffective|p1a: Miraidon\n|-damage|p1a: Miraidon|52/100\n|move|p1b: Dipplin|Draco Meteor|p2b: Terapagos\n|-damage|p2b: Terapagos|81/100\n|-unboost|p1b: Dipplin|spa|2\n|\n|-heal|p2b: Terapagos|87/100|[from] item: Leftovers\n|upkeep\n|turn|6\n|inactive|caltond has 30 seconds left.\n|inactive|eye-zitt has 30 seconds left.\n|\n|t:|1773704976\n|-terastallize|p1a: Miraidon|Fairy\n|move|p2b: Terapagos|Protect|p2b: Terapagos\n|-singleturn|p2b: Terapagos|Protect\n|move|p2a: Flutter Mane|Icy Wind|p1b: Dipplin|[spread] p1a,p1b\n|-supereffective|p1b: Dipplin\n|-damage|p1a: Miraidon|49/100\n|-damage|p1b: Dipplin|48/100\n|-unboost|p1a: Miraidon|spe|1\n|-unboost|p1b: Dipplin|spe|1\n|move|p1a: Miraidon|Parabolic Charge|p2b: Terapagos|[spread] p1b,p2a\n|-activate|p2b: Terapagos|move: Protect\n|-resisted|p1b: Dipplin\n|-damage|p1b: Dipplin|43/100\n|-heal|p1a: Miraidon|51/100|[from] drain|[of] p1b: Dipplin\n|-damage|p2a: Flutter Mane|8/100\n|-heal|p1a: Miraidon|65/100|[from] drain|[of] p2a: Flutter Mane\n|move|p1b: Dipplin|Pollen Puff|p1a: Miraidon\n|-heal|p1a: Miraidon|100/100\n|\n|-heal|p2b: Terapagos|94/100|[from] item: Leftovers\n|-end|p1b: Dipplin|move: Taunt\n|upkeep\n|turn|7\n|inactive|caltond has 30 seconds left.\n|\n|t:|1773705003\n|-terastallize|p2b: Terapagos|Stellar\n|detailschange|p2b: Terapagos|Terapagos-Stellar, L50, M, tera:Stellar\n|-heal|p2b: Terapagos|95/100|[silent]\n|-ability|p2b: Terapagos|Teraform Zero\n|-fieldend|move: Electric Terrain\n|move|p2a: Flutter Mane|Icy Wind|p1b: Dipplin|[spread] p1b\n|-miss|p2a: Flutter Mane|p1a: Miraidon\n|-supereffective|p1b: Dipplin\n|-damage|p1b: Dipplin|32/100\n|-unboost|p1b: Dipplin|spe|1\n|move|p2b: Terapagos|Tera Starstorm|p1a: Miraidon|[spread] p1a,p1b\n|-supereffective|p1a: Miraidon\n|-damage|p1a: Miraidon|33/100\n|-damage|p1b: Dipplin|0 fnt\n|faint|p1b: Dipplin\n|move|p1a: Miraidon|Parabolic Charge|p2b: Terapagos|[spread] p2a,p2b\n|-damage|p2a: Flutter Mane|0 fnt\n|-heal|p1a: Miraidon|36/100|[from] drain|[of] p2a: Flutter Mane\n|-damage|p2b: Terapagos|90/100\n|-heal|p1a: Miraidon|40/100|[from] drain|[of] p2b: Terapagos\n|faint|p2a: Flutter Mane\n|-end|p2a: Flutter Mane|Protosynthesis|[silent]\n|\n|-heal|p2b: Terapagos|96/100|[from] item: Leftovers\n|upkeep\n|\n|t:|1773705027\n|switch|p2a: Calyrex|Calyrex-Shadow, L50|100/100\n|switch|p1b: Urshifu|Urshifu-Rapid-Strike, L50, M|100/100\n|-ability|p2a: Calyrex|As One\n|-ability|p2a: Calyrex|Unnerve\n|turn|8\n|\n|t:|1773705038\n|move|p1a: Miraidon|Protect|p1a: Miraidon\n|-singleturn|p1a: Miraidon|Protect\n|move|p2a: Calyrex|Astral Barrage|p1a: Miraidon|[spread] p1b\n|-activate|p1a: Miraidon|move: Protect\n|-damage|p1b: Urshifu|52/100\n|move|p1b: Urshifu|Surging Strikes|p2a: Calyrex\n|-crit|p2a: Calyrex\n|-damage|p2a: Calyrex|69/100\n|-crit|p2a: Calyrex\n|-damage|p2a: Calyrex|35/100\n|-crit|p2a: Calyrex\n|-damage|p2a: Calyrex|4/100\n|-hitcount|p2a: Calyrex|3\n|move|p2b: Terapagos|Tera Starstorm|p1a: Miraidon|[spread] p1b\n|-activate|p1a: Miraidon|move: Protect\n|-damage|p1b: Urshifu|0 fnt\n|faint|p1b: Urshifu\n|\n|-heal|p2b: Terapagos|100/100|[from] item: Leftovers\n|-sideend|p1: caltond|move: Light Screen\n|upkeep\n|\n|t:|1773705055\n|switch|p1b: Raikou|Raikou, L50|100/100\n|turn|9\n|\n|t:|1773705068\n|move|p2a: Calyrex|Astral Barrage|p1b: Raikou|[spread] p1a,p1b\n|-damage|p1a: Miraidon|2/100\n|-damage|p1b: Raikou|62/100\n|move|p1b: Raikou|Light Screen|p1b: Raikou\n|-sidestart|p1: caltond|move: Light Screen\n|move|p2b: Terapagos|Tera Starstorm|p1a: Miraidon|[spread] p1a,p1b\n|-supereffective|p1a: Miraidon\n|-damage|p1a: Miraidon|0 fnt\n|-damage|p1b: Raikou|28/100\n|faint|p1a: Miraidon\n|\n|upkeep\n|turn|10\n|-message|caltond forfeited.\n|\n|win|eye-zitt\n|raw|caltond's rating: 1160 &rarr; <strong>1141</strong><br />(-19 for losing)\n|raw|eye-zitt's rating: 1248 &rarr; <strong>1267</strong><br />(+19 for winning)\n|l|\u2606caltond\n|player|p1|\n","uploadtime":1773705082,"views":7,"formatid":"gen9vgc2026regi","rating":1141,"private":0,"password":null}