{"id":"gen9vgc2026regi-2580812794","format":"[Gen 9] VGC 2026 Reg I","players":["JoeBro8","alexfind"],"log":"|j|\u2606JoeBro8\n|j|\u203dalexfind\n|t:|1775934525\n|gametype|doubles\n|player|p1|JoeBro8|n|1473\n|player|p2|alexfind|2|1461\n|gen|9\n|tier|[Gen 9] VGC 2026 Reg I\n|rated|\n|rule|Species Clause: Limit one of each Pok\u00e9mon\n|rule|Item Clause: Limit 1 of each item\n|clearpoke\n|poke|p1|Terapagos, L50, M|\n|poke|p1|Rillaboom, L50, M|\n|poke|p1|Incineroar, L50, M|\n|poke|p1|Ogerpon-Cornerstone, L50, F|\n|poke|p1|Calyrex-Shadow, L50|\n|poke|p1|Flutter Mane, L50|\n|poke|p2|Ting-Lu, L50|\n|poke|p2|Volcarona, L50, M|\n|poke|p2|Zamazenta-*, L50|\n|poke|p2|Rayquaza, L50|\n|poke|p2|Chien-Pao, L50|\n|poke|p2|Ogerpon-Wellspring, L50, F|\n|teampreview|4\n|\n|t:|1775934544\n|teamsize|p1|4\n|teamsize|p2|4\n|start\n|switch|p1a: Ogerpon|Ogerpon-Cornerstone, L50, F|100/100\n|switch|p1b: Terapagos|Terapagos, L50, M|100/100\n|switch|p2a: Volcarona|Volcarona, L50, M|100/100\n|switch|p2b: Zamazenta|Zamazenta-Crowned, L50|100/100\n|-activate|p1b: Terapagos|ability: Tera Shift\n|detailschange|p1b: Terapagos|Terapagos-Terastal, L50, M\n|-heal|p1b: Terapagos|100/100|[silent]\n|-ability|p2b: Zamazenta|Dauntless Shield|boost\n|-boost|p2b: Zamazenta|def|1\n|turn|1\n|inactive|Battle timer is ON: inactive players will automatically lose when time's up. (requested by alexfind)\n|j| Jdca\n|\n|t:|1775934559\n|-terastallize|p2a: Volcarona|Water\n|move|p1a: Ogerpon|Ivy Cudgel|p2a: Volcarona|[anim] Ivy Cudgel Rock\n|-damage|p2a: Volcarona|52/100\n|move|p2b: Zamazenta|Body Press|p1a: Ogerpon\n|-supereffective|p1a: Ogerpon\n|-ability|p1a: Ogerpon|Sturdy\n|-damage|p1a: Ogerpon|1/100\n|move|p2a: Volcarona|Tailwind|p2a: Volcarona\n|-sidestart|p2: alexfind|move: Tailwind\n|move|p1b: Terapagos|Calm Mind|p1b: Terapagos\n|-boost|p1b: Terapagos|spa|1\n|-boost|p1b: Terapagos|spd|1\n|\n|-heal|p2a: Volcarona|57/100|[from] item: Leftovers\n|upkeep\n|turn|2\n|\n|t:|1775934577\n|move|p2b: Zamazenta|Body Press|p1a: Ogerpon\n|-supereffective|p1a: Ogerpon\n|-damage|p1a: Ogerpon|0 fnt\n|faint|p1a: Ogerpon\n|move|p1b: Terapagos|Earth Power|p2b: Zamazenta\n|-supereffective|p2b: Zamazenta\n|-damage|p2b: Zamazenta|50/100\n|move|p2a: Volcarona|Whirlwind|p1b: Terapagos\n|drag|p1b: Incineroar|Incineroar, L50, M|100/100\n|-ability|p1b: Incineroar|Intimidate|boost\n|-unboost|p2a: Volcarona|atk|1\n|-unboost|p2b: Zamazenta|atk|1\n|\n|-heal|p2a: Volcarona|63/100|[from] item: Leftovers\n|upkeep\n|\n|t:|1775934590\n|switch|p1a: Terapagos|Terapagos-Terastal, L50, M|100/100\n|turn|3\n|\n|t:|1775934613\n|move|p1b: Incineroar|Fake Out|p2a: Volcarona\n|-damage|p2a: Volcarona|54/100\n|move|p2b: Zamazenta|Body Press|p1b: Incineroar\n|-supereffective|p1b: Incineroar\n|-damage|p1b: Incineroar|0 fnt\n|-damage|p2b: Zamazenta|34/100|[from] item: Rocky Helmet|[of] p1b: Incineroar\n|faint|p1b: Incineroar\n|move|p1a: Terapagos|Earth Power|p2b: Zamazenta\n|-supereffective|p2b: Zamazenta\n|-damage|p2b: Zamazenta|0 fnt\n|faint|p2b: Zamazenta\n|cant|p2a: Volcarona|flinch\n|\n|-heal|p2a: Volcarona|60/100|[from] item: Leftovers\n|upkeep\n|\n|t:|1775934629\n|switch|p2b: Ting-Lu|Ting-Lu, L50|100/100\n|switch|p1b: Calyrex|Calyrex-Shadow, L50|100/100\n|-ability|p1b: Calyrex|As One\n|-ability|p1b: Calyrex|Unnerve\n|-ability|p2b: Ting-Lu|Vessel of Ruin\n|turn|4\n|\n|t:|1775934642\n|move|p1b: Calyrex|Protect|p1b: Calyrex\n|-singleturn|p1b: Calyrex|Protect\n|move|p2a: Volcarona|Fiery Dance|p1a: Terapagos\n|-activate|p1a: Terapagos|ability: Tera Shell\n|-resisted|p1a: Terapagos\n|-damage|p1a: Terapagos|90/100\n|move|p1a: Terapagos|Calm Mind|p1a: Terapagos\n|-boost|p1a: Terapagos|spa|1\n|-boost|p1a: Terapagos|spd|1\n|move|p2b: Ting-Lu|Snarl|p1b: Calyrex|[spread] p1a\n|-activate|p1b: Calyrex|move: Protect\n|-damage|p1a: Terapagos|84/100\n|-unboost|p1a: Terapagos|spa|1\n|\n|-heal|p2a: Volcarona|66/100|[from] item: Leftovers\n|-heal|p1a: Terapagos|91/100|[from] item: Leftovers\n|-sideend|p2: alexfind|move: Tailwind\n|upkeep\n|turn|5\n|inactive|JoeBro8 has 30 seconds left.\n|\n|t:|1775934669\n|move|p1b: Calyrex|Astral Barrage|p2b: Ting-Lu|[spread] p2a,p2b\n|-resisted|p2b: Ting-Lu\n|-damage|p2a: Volcarona|26/100\n|-damage|p2b: Ting-Lu|92/100\n|move|p2a: Volcarona|Tailwind|p2a: Volcarona\n|-sidestart|p2: alexfind|move: Tailwind\n|move|p1a: Terapagos|Calm Mind|p1a: Terapagos\n|-boost|p1a: Terapagos|spa|1\n|-boost|p1a: Terapagos|spd|1\n|move|p2b: Ting-Lu|Snarl|p1a: Terapagos|[spread] p1a,p1b\n|-supereffective|p1b: Calyrex\n|-damage|p1a: Terapagos|87/100\n|-damage|p1b: Calyrex|60/100\n|-unboost|p1a: Terapagos|spa|1\n|-unboost|p1b: Calyrex|spa|1\n|\n|-heal|p2a: Volcarona|32/100|[from] item: Leftovers\n|-heal|p1a: Terapagos|93/100|[from] item: Leftovers\n|upkeep\n|turn|6\n|\n|t:|1775934688\n|move|p1a: Terapagos|Protect|p1a: Terapagos\n|-singleturn|p1a: Terapagos|Protect\n|move|p2a: Volcarona|Fiery Dance|p1b: Calyrex\n|-damage|p1b: Calyrex|32/100\n|-boost|p2a: Volcarona|spa|1\n|move|p1b: Calyrex|Astral Barrage|p2b: Ting-Lu|[spread] p2a,p2b\n|-resisted|p2b: Ting-Lu\n|-damage|p2a: Volcarona|9/100\n|-damage|p2b: Ting-Lu|85/100\n|move|p2b: Ting-Lu|Ruination|p1a: Terapagos\n|-activate|p1a: Terapagos|move: Protect\n|\n|-heal|p2a: Volcarona|15/100|[from] item: Leftovers\n|-heal|p1a: Terapagos|99/100|[from] item: Leftovers\n|upkeep\n|turn|7\n|\n|t:|1775934705\n|move|p2a: Volcarona|Fiery Dance|p1a: Terapagos\n|-damage|p1a: Terapagos|82/100\n|move|p1b: Calyrex|Astral Barrage|p2b: Ting-Lu|[spread] p2a,p2b\n|-resisted|p2b: Ting-Lu\n|-damage|p2a: Volcarona|0 fnt\n|-damage|p2b: Ting-Lu|79/100\n|faint|p2a: Volcarona\n|-ability|p1b: Calyrex|Grim Neigh|boost\n|-boost|p1b: Calyrex|spa|1\n|move|p1a: Terapagos|Calm Mind|p1a: Terapagos\n|-boost|p1a: Terapagos|spa|1\n|-boost|p1a: Terapagos|spd|1\n|move|p2b: Ting-Lu|Snarl|p1b: Calyrex|[spread] p1a,p1b\n|-supereffective|p1b: Calyrex\n|-damage|p1a: Terapagos|79/100\n|-damage|p1b: Calyrex|0 fnt\n|-unboost|p1a: Terapagos|spa|1\n|faint|p1b: Calyrex\n|\n|-heal|p1a: Terapagos|85/100|[from] item: Leftovers\n|upkeep\n|\n|t:|1775934709\n|switch|p2a: Chien-Pao|Chien-Pao, L50|100/100\n|-ability|p2a: Chien-Pao|Sword of Ruin\n|turn|8\n|\n|t:|1775934720\n|move|p1a: Terapagos|Protect|p1a: Terapagos\n|-singleturn|p1a: Terapagos|Protect\n|move|p2a: Chien-Pao|Throat Chop|p1a: Terapagos\n|-activate|p1a: Terapagos|move: Protect\n|move|p2b: Ting-Lu|Ruination|p1a: Terapagos\n|-activate|p1a: Terapagos|move: Protect\n|\n|-heal|p1a: Terapagos|91/100|[from] item: Leftovers\n|-sideend|p2: alexfind|move: Tailwind\n|upkeep\n|turn|9\n|\n|t:|1775934728\n|-terastallize|p1a: Terapagos|Stellar\n|detailschange|p1a: Terapagos|Terapagos-Stellar, L50, M, tera:Stellar\n|-heal|p1a: Terapagos|93/100|[silent]\n|move|p2a: Chien-Pao|Throat Chop|p1a: Terapagos\n|-damage|p1a: Terapagos|65/100\n|-start|p1a: Terapagos|Throat Chop|[silent]\n|move|p1a: Terapagos|Tera Starstorm|p2b: Ting-Lu|[spread] p2a,p2b\n|-damage|p2a: Chien-Pao|57/100\n|-damage|p2b: Ting-Lu|68/100\n|move|p2b: Ting-Lu|Body Press|p1a: Terapagos\n|-supereffective|p1a: Terapagos\n|-damage|p1a: Terapagos|25/100\n|\n|-heal|p1a: Terapagos|31/100|[from] item: Leftovers\n|upkeep\n|turn|10\n|\n|t:|1775934743\n|move|p2a: Chien-Pao|Throat Chop|p1a: Terapagos\n|-damage|p1a: Terapagos|4/100\n|move|p1a: Terapagos|Tera Starstorm|p2a: Chien-Pao|[spread] p2a,p2b\n|-damage|p2a: Chien-Pao|10/100\n|-damage|p2b: Ting-Lu|56/100\n|move|p2b: Ting-Lu|Body Press|p1a: Terapagos\n|-supereffective|p1a: Terapagos\n|-damage|p1a: Terapagos|0 fnt\n|faint|p1a: Terapagos\n|detailschange|p1: Terapagos|Terapagos, L50, M|[silent]\n|\n|win|alexfind\n|raw|JoeBro8's rating: 1473 &rarr; <strong>1452</strong><br />(-21 for losing)\n|raw|alexfind's rating: 1461 &rarr; <strong>1482</strong><br />(+21 for winning)\n|l|\u2606JoeBro8\n|player|p1|\n|l|\u203dalexfind\n|player|p2|\n|l| Jdca\n","uploadtime":1775934951,"views":15,"formatid":"gen9vgc2026regi","rating":1452,"private":0,"password":null}