{"id":"gen9vgc2026regi-2544179447","format":"[Gen 9] VGC 2026 Reg I","players":["extracute","Bef6"],"log":"|j|\u203dextracute\n|j|\u2606Bef6\n|t:|1771673007\n|gametype|doubles\n|player|p1|extracute|102|1307\n|player|p2|Bef6|265|1605\n|gen|9\n|tier|[Gen 9] VGC 2026 Reg I\n|rated|\n|rule|Species Clause: Limit one of each Pok\u00e9mon\n|rule|Item Clause: Limit 1 of each item\n|clearpoke\n|poke|p1|Lunala, L50|\n|poke|p1|Ursaluna, L50, M|\n|poke|p1|Urshifu-*, L50, F|\n|poke|p1|Miraidon, L50|\n|poke|p1|Grimmsnarl, L50, M|\n|poke|p1|Incineroar, L50, F|\n|poke|p2|Ho-Oh, L50|\n|poke|p2|Koraidon, L50|\n|poke|p2|Flutter Mane, L50|\n|poke|p2|Incineroar, L50, F|\n|poke|p2|Raging Bolt, L50|\n|poke|p2|Rhydon, L50, F|\n|teampreview|4\n|\n|t:|1771673043\n|teamsize|p1|4\n|teamsize|p2|4\n|start\n|switch|p1a: Grimmsnarl|Grimmsnarl, L50, M|100/100\n|switch|p1b: Incineroar|Incineroar, L50, F|100/100\n|switch|p2a: Koraidon|Koraidon, L50|100/100\n|switch|p2b: Incineroar|Incineroar, L50, F|100/100\n|-weather|SunnyDay|[from] ability: Orichalcum Pulse|[of] p2a: Koraidon\n|-activate|p2a: Koraidon|Orichalcum Pulse|[source]\n|-ability|p2b: Incineroar|Intimidate|boost\n|-unboost|p1a: Grimmsnarl|atk|1\n|-unboost|p1b: Incineroar|atk|1\n|-ability|p1b: Incineroar|Intimidate|boost\n|-unboost|p2a: Koraidon|atk|1\n|-unboost|p2b: Incineroar|atk|1\n|turn|1\n|\n|t:|1771673057\n|move|p2b: Incineroar|Fake Out|p1a: Grimmsnarl\n|-damage|p1a: Grimmsnarl|92/100\n|move|p1b: Incineroar|Fake Out|p2a: Koraidon\n|-damage|p2a: Koraidon|94/100\n|cant|p1a: Grimmsnarl|flinch\n|cant|p2a: Koraidon|flinch\n|\n|-weather|SunnyDay|[upkeep]\n|upkeep\n|turn|2\n|\n|t:|1771673084\n|switch|p2a: Ho-Oh|Ho-Oh, L50|100/100\n|move|p1a: Grimmsnarl|Reflect|p1a: Grimmsnarl\n|-sidestart|p1: extracute|Reflect\n|move|p2b: Incineroar|Knock Off|p1b: Incineroar\n|-resisted|p1b: Incineroar\n|-damage|p1b: Incineroar|95/100\n|-damage|p2b: Incineroar|84/100|[from] item: Rocky Helmet|[of] p1b: Incineroar\n|-enditem|p1b: Incineroar|Rocky Helmet|[from] move: Knock Off|[of] p2b: Incineroar\n|move|p1b: Incineroar|Will-O-Wisp|p2a: Ho-Oh\n|-immune|p2a: Ho-Oh\n|\n|-weather|SunnyDay|[upkeep]\n|upkeep\n|turn|3\n|\n|t:|1771673111\n|switch|p2b: Rhydon|Rhydon, L50, F|100/100\n|switch|p1a: Lunala|Lunala, L50|100/100\n|move|p2a: Ho-Oh|Sacred Fire|p1a: Lunala\n|-damage|p1a: Lunala|83/100\n|-status|p1a: Lunala|brn\n|move|p1b: Incineroar|Knock Off|p2b: Rhydon\n|-damage|p2b: Rhydon|88/100\n|-enditem|p2b: Rhydon|Eviolite|[from] move: Knock Off|[of] p1b: Incineroar\n|\n|-weather|SunnyDay|[upkeep]\n|-damage|p1a: Lunala|77/100 brn|[from] brn\n|upkeep\n|turn|4\n|\n|t:|1771673139\n|move|p2a: Ho-Oh|Sacred Fire|p1a: Lunala\n|-damage|p1a: Lunala|40/100 brn\n|move|p1b: Incineroar|Parting Shot|p2a: Ho-Oh\n|-fail|p2a: Ho-Oh|unboost|[from] item: Clear Amulet|[of] p2a: Ho-Oh\n|move|p2b: Rhydon|High Horsepower|p1a: Lunala\n|-damage|p1a: Lunala|20/100 brn\n|move|p1a: Lunala|Trick Room|p1a: Lunala\n|-fieldstart|move: Trick Room|[of] p1a: Lunala\n|\n|-weather|SunnyDay|[upkeep]\n|-damage|p1a: Lunala|14/100 brn|[from] brn\n|upkeep\n|turn|5\n|\n|t:|1771673172\n|move|p2b: Rhydon|High Horsepower|p1a: Lunala\n|-damage|p1a: Lunala|0 fnt\n|faint|p1a: Lunala\n|move|p1b: Incineroar|Parting Shot|p2b: Rhydon\n|-unboost|p2b: Rhydon|atk|1\n|-unboost|p2b: Rhydon|spa|1\n|\n|t:|1771673182\n|switch|p1b: Ursaluna|Ursaluna, L50, M|100/100|[from] Parting Shot\n|move|p2a: Ho-Oh|Sacred Fire|p1b: Ursaluna\n|-crit|p1b: Ursaluna\n|-damage|p1b: Ursaluna|9/100\n|-status|p1b: Ursaluna|brn\n|\n|-weather|none\n|-damage|p1b: Ursaluna|3/100 brn|[from] brn\n|upkeep\n|-message|extracute forfeited.\n|\n|win|Bef6\n|raw|extracute's rating: 1307 &rarr; <strong>1301</strong><br />(-6 for losing)\n|raw|Bef6's rating: 1605 &rarr; <strong>1611</strong><br />(+6 for winning)\n|l|\u203dextracute\n|player|p1|\n|l|\u2606Bef6\n|player|p2|\n","uploadtime":1771673351,"views":15,"formatid":"gen9vgc2026regi","rating":1301,"private":0,"password":null}