{"id":"gen9vgc2026regi-2573647786","format":"[Gen 9] VGC 2026 Reg I","players":["Snowsquall brute","the gamblerler"],"log":"|j|\u2606Snowsquall brute\n|j|\u2606the gamblerler\n|t:|1775153566\n|gametype|doubles\n|player|p1|Snowsquall brute|veteran|1448\n|player|p2|the gamblerler|giovanni|1495\n|gen|9\n|tier|[Gen 9] VGC 2026 Reg I\n|rated|\n|rule|Species Clause: Limit one of each Pok\u00e9mon\n|rule|Item Clause: Limit 1 of each item\n|clearpoke\n|poke|p1|Miraidon, L50|\n|poke|p1|Landorus-Therian, L50, M|\n|poke|p1|Iron Crown, L50|\n|poke|p1|Urshifu-*, L50, M|\n|poke|p2|Calyrex-Shadow, L50|\n|poke|p2|Miraidon, L50|\n|poke|p2|Incineroar, L50, F|\n|poke|p2|Sneasler, L50, M|\n|poke|p2|Araquanid, L50, F|\n|poke|p2|Whimsicott, L50, F|\n|teampreview|4\n|inactive|Battle timer is ON: inactive players will automatically lose when time's up. (requested by the gamblerler)\n|\n|t:|1775153588\n|teamsize|p1|4\n|teamsize|p2|4\n|start\n|switch|p1a: Miraidon|Miraidon, L50|100/100\n|switch|p1b: Landorus|Landorus-Therian, L50, M|100/100\n|switch|p2a: Calyrex|Calyrex-Shadow, L50|100/100\n|switch|p2b: Sneasler|Sneasler, L50, M|100/100\n|-ability|p2a: Calyrex|As One\n|-ability|p2a: Calyrex|Unnerve\n|-fieldstart|move: Electric Terrain|[from] ability: Hadron Engine|[of] p1a: Miraidon\n|-enditem|p1a: Miraidon|Electric Seed\n|-boost|p1a: Miraidon|def|1|[from] item: Electric Seed\n|-enditem|p2b: Sneasler|Electric Seed\n|-boost|p2b: Sneasler|def|1|[from] item: Electric Seed\n|-ability|p1b: Landorus|Intimidate|boost\n|-unboost|p2a: Calyrex|atk|1\n|-unboost|p2b: Sneasler|atk|1\n|turn|1\n|\n|t:|1775153601\n|-terastallize|p2a: Calyrex|Ghost\n|-terastallize|p1a: Miraidon|Electric\n|move|p2b: Sneasler|Fake Out|p1b: Landorus\n|-crit|p1b: Landorus\n|-damage|p1b: Landorus|76/100\n|move|p2a: Calyrex|Astral Barrage|p1b: Landorus|[spread] p1a,p1b\n|-damage|p1a: Miraidon|57/100\n|-damage|p1b: Landorus|32/100\n|move|p1a: Miraidon|Parabolic Charge|p2b: Sneasler|[spread] p2a,p2b\n|-immune|p1b: Landorus\n|-damage|p2a: Calyrex|51/100\n|-heal|p1a: Miraidon|78/100|[from] drain|[of] p2a: Calyrex\n|-damage|p2b: Sneasler|40/100\n|-heal|p1a: Miraidon|100/100|[from] drain|[of] p2b: Sneasler\n|cant|p1b: Landorus|flinch\n|\n|upkeep\n|turn|2\n|j| touchdownJulio\n|\n|t:|1775153621\n|switch|p2b: Miraidon|Miraidon, L50|100/100\n|-activate|p2b: Miraidon|ability: Hadron Engine\n|move|p2a: Calyrex|Astral Barrage|p1b: Landorus|[spread] p1a,p1b\n|-crit|p1b: Landorus\n|-damage|p1a: Miraidon|54/100\n|-damage|p1b: Landorus|0 fnt\n|faint|p1b: Landorus\n|-ability|p2a: Calyrex|Grim Neigh|boost\n|-boost|p2a: Calyrex|spa|1\n|move|p1a: Miraidon|Parabolic Charge|p2a: Calyrex|[spread] p2a,p2b\n|-crit|p2a: Calyrex\n|-resisted|p2b: Miraidon\n|-damage|p2a: Calyrex|0 fnt\n|-heal|p1a: Miraidon|76/100|[from] drain|[of] p2a: Calyrex\n|-damage|p2b: Miraidon|91/100\n|-heal|p1a: Miraidon|81/100|[from] drain|[of] p2b: Miraidon\n|faint|p2a: Calyrex\n|\n|upkeep\n|\n|t:|1775153636\n|switch|p2a: Incineroar|Incineroar, L50, F|100/100\n|switch|p1b: Iron Crown|Iron Crown, L50|100/100\n|-ability|p2a: Incineroar|Intimidate|boost\n|-unboost|p1a: Miraidon|atk|1\n|-unboost|p1b: Iron Crown|atk|1\n|-activate|p1b: Iron Crown|ability: Quark Drive\n|-start|p1b: Iron Crown|quarkdrivespe\n|turn|3\n|\n|t:|1775153651\n|move|p2a: Incineroar|Fake Out|p1a: Miraidon\n|-damage|p1a: Miraidon|75/100\n|move|p2b: Miraidon|Electro Drift|p1b: Iron Crown\n|-damage|p1b: Iron Crown|7/100\n|move|p1b: Iron Crown|Psychic|p2b: Miraidon\n|-damage|p2b: Miraidon|47/100\n|cant|p1a: Miraidon|flinch\n|\n|upkeep\n|turn|4\n|\n|t:|1775153664\n|move|p2b: Miraidon|Electro Drift|p1b: Iron Crown\n|-damage|p1b: Iron Crown|0 fnt\n|faint|p1b: Iron Crown\n|-end|p1b: Iron Crown|Quark Drive|[silent]\n|move|p1a: Miraidon|Dragon Pulse|p2b: Miraidon\n|-supereffective|p2b: Miraidon\n|-damage|p2b: Miraidon|0 fnt\n|faint|p2b: Miraidon\n|move|p2a: Incineroar|U-turn|p1a: Miraidon\n|-damage|p1a: Miraidon|66/100\n|\n|t:|1775153671\n|switch|p2a: Sneasler|Sneasler, L50, M|40/100|[from] U-turn\n|\n|upkeep\n|\n|t:|1775153675\n|switch|p2b: Incineroar|Incineroar, L50, F|100/100\n|switch|p1b: Urshifu|Urshifu-Rapid-Strike, L50, M|100/100\n|-ability|p2b: Incineroar|Intimidate|boost\n|-unboost|p1a: Miraidon|atk|1\n|-unboost|p1b: Urshifu|atk|1\n|turn|5\n|\n|t:|1775153684\n|move|p1a: Miraidon|Protect|p1a: Miraidon\n|-singleturn|p1a: Miraidon|Protect\n|move|p1b: Urshifu|Protect|p1b: Urshifu\n|-singleturn|p1b: Urshifu|Protect\n|move|p2b: Incineroar|Fake Out|p1b: Urshifu\n|-activate|p1b: Urshifu|move: Protect\n|move|p2a: Sneasler|Close Combat|p1a: Miraidon\n|-activate|p1a: Miraidon|move: Protect\n|\n|-fieldend|move: Electric Terrain\n|upkeep\n|turn|6\n|\n|t:|1775153700\n|move|p1a: Miraidon|Dragon Pulse|p2a: Sneasler\n|-damage|p2a: Sneasler|0 fnt\n|faint|p2a: Sneasler\n|move|p1b: Urshifu|Surging Strikes|p2b: Incineroar\n|-supereffective|p2b: Incineroar\n|-crit|p2b: Incineroar\n|-damage|p2b: Incineroar|70/100\n|-supereffective|p2b: Incineroar\n|-crit|p2b: Incineroar\n|-damage|p2b: Incineroar|37/100\n|-supereffective|p2b: Incineroar\n|-crit|p2b: Incineroar\n|-damage|p2b: Incineroar|3/100\n|-hitcount|p2b: Incineroar|3\n|move|p2b: Incineroar|Flare Blitz|p1a: Miraidon\n|-damage|p1a: Miraidon|42/100\n|-damage|p2b: Incineroar|0 fnt|[from] Recoil\n|faint|p2b: Incineroar\n|\n|win|Snowsquall brute\n|raw|Snowsquall brute's rating: 1448 &rarr; <strong>1471</strong><br />(+23 for winning)\n|raw|the gamblerler's rating: 1495 &rarr; <strong>1472</strong><br />(-23 for losing)\n|l|\u2606the gamblerler\n|player|p2|\n|l|\u2606Snowsquall brute\n|player|p1|\n|l| touchdownJulio\n","uploadtime":1775153888,"views":19,"formatid":"gen9vgc2026regi","rating":1471,"private":0,"password":null}