{"id":"gen9vgc2026regi-2554813924","format":"[Gen 9] VGC 2026 Reg I","players":["jj11j1","WilfredVGC"],"log":"|j|\u2606jj11j1\n|j|\u2606WilfredVGC\n|t:|1773014747\n|gametype|doubles\n|player|p1|jj11j1|266|1076\n|player|p2|WilfredVGC|policeman-gen4|1259\n|gen|9\n|tier|[Gen 9] VGC 2026 Reg I\n|rated|\n|rule|Species Clause: Limit one of each Pok\u00e9mon\n|rule|Item Clause: Limit 1 of each item\n|clearpoke\n|poke|p1|Kyogre, L50|\n|poke|p1|Calyrex-Ice, L50|\n|poke|p1|Landorus, L50, M|\n|poke|p1|Urshifu-*, L50, M|\n|poke|p1|Smeargle, L50, F|\n|poke|p1|Flutter Mane, L50|\n|poke|p2|Koraidon, L50|\n|poke|p2|Smeargle, L50, F|\n|poke|p2|Incineroar, L50, F|\n|poke|p2|Flutter Mane, L50|\n|poke|p2|Terapagos, L50, M|\n|poke|p2|Raging Bolt, L50|\n|teampreview|4\n|\n|t:|1773014773\n|teamsize|p1|4\n|teamsize|p2|4\n|start\n|switch|p1a: Flutter Mane|Flutter Mane, L50|100/100\n|switch|p1b: Landorus|Landorus, L50, M|100/100\n|switch|p2a: Smeargle|Smeargle, L50, F|100/100\n|switch|p2b: Terapagos|Terapagos, L50, M|100/100\n|-activate|p2b: Terapagos|ability: Tera Shift\n|detailschange|p2b: Terapagos|Terapagos-Terastal, L50, M\n|-heal|p2b: Terapagos|100/100|[silent]\n|turn|1\n|\n|t:|1773014791\n|move|p1b: Landorus|Sandsear Storm|p2b: Terapagos|[spread] p2a,p2b\n|-activate|p2b: Terapagos|ability: Tera Shell\n|-resisted|p2b: Terapagos\n|-crit|p2b: Terapagos\n|-damage|p2a: Smeargle|0 fnt\n|-damage|p2b: Terapagos|55/100\n|faint|p2a: Smeargle\n|move|p2b: Terapagos|Meteor Beam||[still]\n|-prepare|p2b: Terapagos|Meteor Beam\n|-boost|p2b: Terapagos|spa|1\n|-enditem|p2b: Terapagos|Power Herb\n|-anim|p2b: Terapagos|Meteor Beam|p1a: Flutter Mane\n|-damage|p1a: Flutter Mane|40/100\n|move|p1a: Flutter Mane|Trick Room|p1a: Flutter Mane\n|-fieldstart|move: Trick Room|[of] p1a: Flutter Mane\n|\n|upkeep\n|\n|t:|1773014797\n|switch|p2a: Incineroar|Incineroar, L50, F|100/100\n|-ability|p2a: Incineroar|Intimidate|boost\n|-unboost|p1a: Flutter Mane|atk|1\n|-unboost|p1b: Landorus|atk|1\n|turn|2\n|\n|t:|1773014815\n|move|p1b: Landorus|Protect|p1b: Landorus\n|-singleturn|p1b: Landorus|Protect\n|move|p2a: Incineroar|Parting Shot|p1b: Landorus\n|-activate|p1b: Landorus|move: Protect\n|move|p2b: Terapagos|Tera Starstorm|p1b: Landorus\n|-activate|p1b: Landorus|move: Protect\n|move|p1a: Flutter Mane|Moonblast|p2a: Incineroar\n|-damage|p2a: Incineroar|59/100\n|\n|upkeep\n|turn|3\n|\n|t:|1773014832\n|move|p2a: Incineroar|Knock Off|p1a: Flutter Mane\n|-damage|p1a: Flutter Mane|0 fnt\n|-enditem|p1a: Flutter Mane|Focus Sash|[from] move: Knock Off|[of] p2a: Incineroar\n|faint|p1a: Flutter Mane\n|-end|p1a: Flutter Mane|Protosynthesis|[silent]\n|move|p2b: Terapagos|Tera Starstorm|p1b: Landorus\n|-damage|p1b: Landorus|0 fnt\n|faint|p1b: Landorus\n|\n|upkeep\n|\n|t:|1773014842\n|switch|p1b: Calyrex|Calyrex-Ice, L50|100/100\n|switch|p1a: Kyogre|Kyogre, L50|100/100\n|-ability|p1b: Calyrex|As One\n|-ability|p1b: Calyrex|Unnerve\n|-weather|RainDance|[from] ability: Drizzle|[of] p1a: Kyogre\n|turn|4\n|\n|t:|1773014856\n|-terastallize|p1a: Kyogre|Water\n|move|p2b: Terapagos|Protect|p2b: Terapagos\n|-singleturn|p2b: Terapagos|Protect\n|move|p1a: Kyogre|Water Spout|p2b: Terapagos|[spread] p2a\n|-activate|p2b: Terapagos|move: Protect\n|-supereffective|p2a: Incineroar\n|-damage|p2a: Incineroar|0 fnt\n|faint|p2a: Incineroar\n|move|p1b: Calyrex|Glacial Lance|p2b: Terapagos\n|-activate|p2b: Terapagos|move: Protect\n|\n|-weather|RainDance|[upkeep]\n|upkeep\n|\n|t:|1773014874\n|switch|p2a: Koraidon|Koraidon, L50|100/100\n|-weather|SunnyDay|[from] ability: Orichalcum Pulse|[of] p2a: Koraidon\n|-activate|p2a: Koraidon|Orichalcum Pulse|[source]\n|turn|5\n|\n|t:|1773014881\n|move|p2b: Terapagos|Protect||[still]\n|-fail|p2b: Terapagos\n|move|p2a: Koraidon|Protect|p2a: Koraidon\n|-singleturn|p2a: Koraidon|Protect\n|move|p1a: Kyogre|Water Spout|p2b: Terapagos|[spread] p2b\n|-activate|p2a: Koraidon|move: Protect\n|-damage|p2b: Terapagos|9/100\n|move|p1b: Calyrex|Glacial Lance|p2b: Terapagos|[spread] p2b\n|-activate|p2a: Koraidon|move: Protect\n|-damage|p2b: Terapagos|0 fnt\n|faint|p2b: Terapagos\n|-ability|p1b: Calyrex|Chilling Neigh|boost\n|-boost|p1b: Calyrex|atk|1\n|\n|-weather|SunnyDay|[upkeep]\n|-fieldend|move: Trick Room\n|upkeep\n|turn|6\n|l|\u2606WilfredVGC\n|player|p2|\n|j|\u2606WilfredVGC\n|player|p2|WilfredVGC|policeman-gen4|\n|\n|t:|1773014917\n|move|p2a: Koraidon|Low Kick|p1a: Kyogre\n|-damage|p1a: Kyogre|15/100\n|move|p1a: Kyogre|Water Spout|p2a: Koraidon\n|-resisted|p2a: Koraidon\n|-damage|p2a: Koraidon|96/100\n|move|p1b: Calyrex|Trick Room|p1b: Calyrex\n|-fieldstart|move: Trick Room|[of] p1b: Calyrex\n|\n|-weather|SunnyDay|[upkeep]\n|upkeep\n|turn|7\n|-message|WilfredVGC forfeited.\n|\n|win|jj11j1\n|raw|jj11j1's rating: 1076 &rarr; <strong>1118</strong><br />(+42 for winning)\n|raw|WilfredVGC's rating: 1259 &rarr; <strong>1222</strong><br />(-37 for losing)\n|l|\u2606WilfredVGC\n|player|p2|\n|l|\u2606jj11j1\n|player|p1|\n","uploadtime":1773015232,"views":8,"formatid":"gen9vgc2026regi","rating":1118,"private":0,"password":null}