{"id":"gen9vgc2026regi-2570877197","format":"[Gen 9] VGC 2026 Reg I","players":["D4RKEVA","Noobilio"],"log":"|j|\u2606D4RKEVA\n|j|\u2606Noobilio\n|t:|1774863308\n|gametype|doubles\n|player|p1|D4RKEVA|170|1431\n|player|p2|Noobilio|nurse|1331\n|gen|9\n|tier|[Gen 9] VGC 2026 Reg I\n|rated|\n|rule|Species Clause: Limit one of each Pok\u00e9mon\n|rule|Item Clause: Limit 1 of each item\n|clearpoke\n|poke|p1|Lunala, L50|\n|poke|p1|Koraidon, L50|\n|poke|p1|Flutter Mane, L50|\n|poke|p1|Brute Bonnet, L50|\n|poke|p1|Chi-Yu, L50|\n|poke|p1|Ursaluna, L50, F|\n|poke|p2|Miraidon, L50|\n|poke|p2|Lunala, L50|\n|poke|p2|Whimsicott, L50, F|\n|poke|p2|Urshifu-*, L50, F|\n|poke|p2|Incineroar, L50, F|\n|poke|p2|Ursaluna, L50, F|\n|teampreview|4\n|inactive|Battle timer is ON: inactive players will automatically lose when time's up. (requested by D4RKEVA)\nD4RKEVA rejected open team sheets.\n|\n|t:|1774863331\n|teamsize|p1|4\n|teamsize|p2|4\n|start\n|switch|p1a: MoonMoon|Lunala, L50|100/100\n|switch|p1b: Girl Math|Ursaluna, L50, F|100/100\n|switch|p2a: bro is him|Whimsicott, L50, F|100/100\n|switch|p2b: Theo|Miraidon, L50|100/100\n|-fieldstart|move: Electric Terrain|[from] ability: Hadron Engine|[of] p2b: Theo\n|turn|1\n|inactive|Noobilio has 30 seconds left.\n|inactive|Noobilio has 20 seconds left.\n|\n|t:|1774863369\n|move|p2a: bro is him|Light Screen|p2a: bro is him\n|-sidestart|p2: Noobilio|move: Light Screen\n|move|p2b: Theo|Volt Switch|p1a: MoonMoon\n|-damage|p1a: MoonMoon|68/100\n|-damage|p2b: Theo|91/100|[from] item: Life Orb\n|j| canismellyoursweat\n|\n|t:|1774863375\n|switch|p2b: Merp|Incineroar, L50, F|100/100|[from] Volt Switch\n|-ability|p2b: Merp|Intimidate|boost\n|-unboost|p1a: MoonMoon|atk|1\n|-unboost|p1b: Girl Math|atk|1\n|move|p1b: Girl Math|Headlong Rush|p2b: Merp\n|-supereffective|p2b: Merp\n|-damage|p2b: Merp|20/100\n|-unboost|p1b: Girl Math|def|1\n|-unboost|p1b: Girl Math|spd|1\n|move|p1a: MoonMoon|Trick Room|p1a: MoonMoon\n|-fieldstart|move: Trick Room|[of] p1a: MoonMoon\n|\n|-status|p1b: Girl Math|brn|[from] item: Flame Orb\n|upkeep\n|turn|2\n|\n|t:|1774863394\n|move|p2b: Merp|Fake Out|p1b: Girl Math\n|-damage|p1b: Girl Math|87/100 brn\n|move|p2a: bro is him|Encore|p1a: MoonMoon\n|-start|p1a: MoonMoon|Encore\n|cant|p1b: Girl Math|flinch\n|move|p1a: MoonMoon|Trick Room|p1a: MoonMoon\n|-fieldend|move: Trick Room\n|\n|-damage|p1b: Girl Math|81/100 brn|[from] brn\n|upkeep\n|turn|3\n|inactive|Noobilio has 30 seconds left.\n|\n|t:|1774863421\n|-terastallize|p1a: MoonMoon|Fairy\n|move|p2a: bro is him|Moonblast|p1b: Girl Math\n|-damage|p1b: Girl Math|45/100 brn\n|-unboost|p1b: Girl Math|spa|1\n|move|p2b: Merp|Knock Off|p1a: MoonMoon\n|-resisted|p1a: MoonMoon\n|-damage|p1a: MoonMoon|54/100\n|-enditem|p1a: MoonMoon|Power Herb|[from] move: Knock Off|[of] p2b: Merp\n|move|p1b: Girl Math|Earthquake|p2b: Merp|[spread] p1a,p2a,p2b\n|-resisted|p2a: bro is him\n|-supereffective|p2b: Merp\n|-damage|p1a: MoonMoon|25/100\n|-damage|p2a: bro is him|73/100\n|-damage|p2b: Merp|0 fnt\n|faint|p2b: Merp\n|move|p1a: MoonMoon|Trick Room|p1a: MoonMoon\n|-fieldstart|move: Trick Room|[of] p1a: MoonMoon\n|\n|-damage|p1b: Girl Math|40/100 brn|[from] brn\n|upkeep\n|\n|t:|1774863436\n|switch|p2b: A WOMAN! RUNNN|Lunala, L50|100/100\n|-enditem|p2b: A WOMAN! RUNNN|Electric Seed\n|-boost|p2b: A WOMAN! RUNNN|def|1|[from] item: Electric Seed\n|turn|4\n|\n|t:|1774863448\n|switch|p1a: Flutter Mane|Flutter Mane, L50|100/100\n|move|p2b: A WOMAN! RUNNN|Wide Guard|p2b: A WOMAN! RUNNN\n|-singleturn|p2b: A WOMAN! RUNNN|Wide Guard\n|move|p2a: bro is him|Encore|p1b: Girl Math\n|-start|p1b: Girl Math|Encore\n|move|p1b: Girl Math|Earthquake|p2a: bro is him|[spread] p1a\n|-activate|p2a: bro is him|move: Wide Guard\n|-activate|p2b: A WOMAN! RUNNN|move: Wide Guard\n|-damage|p1a: Flutter Mane|4/100\n|\n|-damage|p1b: Girl Math|34/100 brn|[from] brn\n|upkeep\n|turn|5\n|inactive|Noobilio has 30 seconds left.\n|\n|t:|1774863474\n|switch|p1b: MoonMoon|Lunala, L50, tera:Fairy|25/100\n|move|p1a: Flutter Mane|Protect|p1a: Flutter Mane\n|-singleturn|p1a: Flutter Mane|Protect\n|move|p2b: A WOMAN! RUNNN|Wide Guard|p2b: A WOMAN! RUNNN\n|-singleturn|p2b: A WOMAN! RUNNN|Wide Guard\n|move|p2a: bro is him|Moonblast|p1b: MoonMoon\n|-damage|p1b: MoonMoon|4/100\n|\n|-sideend|p2: Noobilio|move: Light Screen\n|-fieldend|move: Electric Terrain\n|upkeep\n|turn|6\n|\n|t:|1774863492\n|-end|p1a: Flutter Mane|Protosynthesis|[silent]\n|switch|p1a: Girl Math|Ursaluna, L50, F|34/100 brn\n|-terastallize|p2b: A WOMAN! RUNNN|Fairy\n|move|p2a: bro is him|Encore||[still]\n|-fail|p2a: bro is him\n|move|p2b: A WOMAN! RUNNN|Moonblast|p1b: MoonMoon\n|-damage|p1b: MoonMoon|0 fnt\n|faint|p1b: MoonMoon\n|\n|-damage|p1a: Girl Math|28/100 brn|[from] brn\n|upkeep\n|\n|t:|1774863512\n|switch|p1b: Clydeon|Koraidon, L50|100/100\n|-weather|SunnyDay|[from] ability: Orichalcum Pulse|[of] p1b: Clydeon\n|-activate|p1b: Clydeon|Orichalcum Pulse|[source]\n|turn|7\n|inactive|Noobilio has 30 seconds left.\n|\n|t:|1774863538\n|move|p2a: bro is him|Tailwind|p2a: bro is him\n|-sidestart|p2: Noobilio|move: Tailwind\n|move|p1a: Girl Math|Earthquake|p2b: A WOMAN! RUNNN|[spread] p1b,p2a,p2b\n|-resisted|p2a: bro is him\n|-damage|p1b: Clydeon|44/100\n|-damage|p2a: bro is him|34/100\n|-damage|p2b: A WOMAN! RUNNN|83/100\n|move|p1b: Clydeon|Flame Charge|p2a: bro is him\n|-supereffective|p2a: bro is him\n|-damage|p2a: bro is him|0 fnt\n|-boost|p1b: Clydeon|spe|1\n|faint|p2a: bro is him\n|-damage|p1b: Clydeon|34/100|[from] item: Life Orb\n|move|p2b: A WOMAN! RUNNN|Moonblast|p1a: Girl Math\n|-damage|p1a: Girl Math|0 fnt\n|faint|p1a: Girl Math\n|\n|-weather|SunnyDay|[upkeep]\n|-fieldend|move: Trick Room\n|upkeep\n|\n|t:|1774863546\n|switch|p2a: Theo|Miraidon, L50|91/100\n|switch|p1a: Flutter Mane|Flutter Mane, L50|4/100\n|-fieldstart|move: Electric Terrain|[from] ability: Hadron Engine|[of] p2a: Theo\n|-activate|p1a: Flutter Mane|ability: Protosynthesis\n|-start|p1a: Flutter Mane|protosynthesisspe\n|turn|8\n|\n|t:|1774863563\n|move|p1a: Flutter Mane|Protect|p1a: Flutter Mane\n|-singleturn|p1a: Flutter Mane|Protect\n|move|p2a: Theo|Electro Drift|p1b: Clydeon\n|-resisted|p1b: Clydeon\n|-damage|p1b: Clydeon|0 fnt\n|faint|p1b: Clydeon\n|-damage|p2a: Theo|82/100|[from] item: Life Orb\n|move|p2b: A WOMAN! RUNNN|Moonblast|p1a: Flutter Mane\n|-activate|p1a: Flutter Mane|move: Protect\n|\n|-weather|SunnyDay|[upkeep]\n|upkeep\n|turn|9\n|-message|D4RKEVA forfeited.\n|\n|win|Noobilio\n|raw|D4RKEVA's rating: 1431 &rarr; <strong>1405</strong><br />(-26 for losing)\n|raw|Noobilio's rating: 1331 &rarr; <strong>1357</strong><br />(+26 for winning)\n|l|\u2606D4RKEVA\n|player|p1|\n","uploadtime":1774863576,"views":38,"formatid":"gen9vgc2026regi","rating":1357,"private":0,"password":null}