{"id":"gen9vgc2026regi-2573744160","format":"[Gen 9] VGC 2026 Reg I","players":["Nd103","Luca8"],"log":"|j|\u203dNd103\n|j|\u2606Luca8\n|t:|1775161210\n|gametype|doubles\n|player|p1|Nd103|101|1471\n|player|p2|Luca8|flint|1576\n|gen|9\n|tier|[Gen 9] VGC 2026 Reg I\n|rated|\n|rule|Species Clause: Limit one of each Pok\u00e9mon\n|rule|Item Clause: Limit 1 of each item\n|clearpoke\n|poke|p1|Ho-Oh, L50|\n|poke|p1|Miraidon, L50|\n|poke|p1|Farigiraf, L50, M|\n|poke|p1|Iron Hands, L50|\n|poke|p1|Urshifu-*, L50, M|\n|poke|p1|Ursaluna-Bloodmoon, L50, M|\n|poke|p2|Urshifu-*, L50, F|\n|poke|p2|Kyogre, L50|\n|poke|p2|Farigiraf, L50, M|\n|poke|p2|Smeargle, L50, M|\n|poke|p2|Calyrex-Ice, L50|\n|poke|p2|Camerupt, L50, M|\n|teampreview|4\n|\n|t:|1775161246\n|teamsize|p1|4\n|teamsize|p2|4\n|start\n|switch|p1a: Iron Hands|Iron Hands, L50|100/100\n|switch|p1b: Urshifu|Urshifu-Rapid-Strike, L50, M|100/100\n|switch|p2a: Calyrex|Calyrex-Ice, L50|100/100\n|switch|p2b: Smeargle|Smeargle, L50, M|100/100\n|-ability|p2a: Calyrex|As One\n|-ability|p2a: Calyrex|Unnerve\n|turn|1\n|\n|t:|1775161266\n|move|p1b: Urshifu|Surging Strikes|p2b: Smeargle\n|-crit|p2b: Smeargle\n|-damage|p2b: Smeargle|52/100\n|-crit|p2b: Smeargle\n|-damage|p2b: Smeargle|5/100\n|-crit|p2b: Smeargle\n|-damage|p2b: Smeargle|0 fnt\n|faint|p2b: Smeargle\n|-hitcount|p2: Smeargle|3\n|move|p1a: Iron Hands|Low Kick|p2a: Calyrex\n|-damage|p2a: Calyrex|52/100\n|move|p2a: Calyrex|Glacial Lance|p1a: Iron Hands|[spread] p1a,p1b\n|-resisted|p1b: Urshifu\n|-damage|p1a: Iron Hands|64/100\n|-damage|p1b: Urshifu|72/100\n|\n|upkeep\n|\n|t:|1775161284\n|switch|p2b: Camerupt|Camerupt, L50, M|100/100\n|turn|2\n|\n|t:|1775161297\n|move|p1b: Urshifu|Surging Strikes|p2b: Camerupt\n|-supereffective|p2b: Camerupt\n|-crit|p2b: Camerupt\n|-damage|p2b: Camerupt|19/100\n|-supereffective|p2b: Camerupt\n|-crit|p2b: Camerupt\n|-damage|p2b: Camerupt|0 fnt\n|faint|p2b: Camerupt\n|-hitcount|p2: Camerupt|2\n|move|p1a: Iron Hands|Drain Punch|p2a: Calyrex\n|-damage|p2a: Calyrex|24/100\n|-heal|p1a: Iron Hands|75/100|[from] drain|[of] p2a: Calyrex\n|move|p2a: Calyrex|Trick Room|p2a: Calyrex\n|-fieldstart|move: Trick Room|[of] p2a: Calyrex\n|\n|upkeep\n|\n|t:|1775161310\n|switch|p2b: Kyogre|Kyogre, L50|100/100\n|-weather|RainDance|[from] ability: Drizzle|[of] p2b: Kyogre\n|-enditem|p2b: Kyogre|Room Service\n|-unboost|p2b: Kyogre|spe|1|[from] item: Room Service\n|turn|3\n|\n|t:|1775161355\n|move|p2a: Calyrex|High Horsepower|p1a: Iron Hands\n|-supereffective|p1a: Iron Hands\n|-damage|p1a: Iron Hands|20/100\n|move|p2b: Kyogre|Thunder|p1b: Urshifu\n|-supereffective|p1b: Urshifu\n|-damage|p1b: Urshifu|0 fnt\n|faint|p1b: Urshifu\n|move|p1a: Iron Hands|Low Kick|p2b: Kyogre\n|-damage|p2b: Kyogre|28/100\n|\n|-weather|RainDance|[upkeep]\n|upkeep\n|\n|t:|1775161376\n|switch|p1b: Farigiraf|Farigiraf, L50, M|100/100\n|turn|4\n|\n|t:|1775161406\n|move|p2a: Calyrex|Glacial Lance|p1b: Farigiraf|[spread] p1a,p1b\n|-crit|p1b: Farigiraf\n|-damage|p1a: Iron Hands|0 fnt\n|-damage|p1b: Farigiraf|4/100\n|faint|p1a: Iron Hands\n|-end|p1a: Iron Hands|Quark Drive|[silent]\n|-ability|p2a: Calyrex|Chilling Neigh|boost\n|-boost|p2a: Calyrex|atk|1\n|move|p2b: Kyogre|Hydro Pump|p1b: Farigiraf\n|-damage|p1b: Farigiraf|0 fnt\n|faint|p1b: Farigiraf\n|\n|-weather|RainDance|[upkeep]\n|upkeep\n|\n|t:|1775161420\n|switch|p1b: Miraidon|Miraidon, L50|100/100\n|-fieldstart|move: Electric Terrain|[from] ability: Hadron Engine|[of] p1b: Miraidon\n|turn|5\n|inactive|Battle timer is ON: inactive players will automatically lose when time's up. (requested by Nd103)\n|\n|t:|1775161432\n|-terastallize|p2b: Kyogre|Ground\n|-terastallize|p1b: Miraidon|Fairy\n|move|p2a: Calyrex|Glacial Lance|p1b: Miraidon\n|-damage|p1b: Miraidon|0 fnt\n|faint|p1b: Miraidon\n|\n|win|Luca8\n|raw|Nd103's rating: 1471 &rarr; <strong>1457</strong><br />(-14 for losing)\n|raw|Luca8's rating: 1576 &rarr; <strong>1590</strong><br />(+14 for winning)\n|l|\u203dNd103\n|player|p1|\n|l|\u2606Luca8\n|player|p2|\n","uploadtime":1775161572,"views":13,"formatid":"gen9vgc2026regi","rating":1457,"private":0,"password":null}