{"id":"gen9vgc2026regi-2559462613","format":"[Gen 9] VGC 2026 Reg I","players":["EllenJoe2026","itszachstone"],"log":"|j|\u2606EllenJoe2026\n|j|\u2606itszachstone\n|t:|1773571947\n|gametype|doubles\n|player|p1|EllenJoe2026|102|1511\n|player|p2|itszachstone|flannery|1460\n|gen|9\n|tier|[Gen 9] VGC 2026 Reg I\n|rated|\n|rule|Species Clause: Limit one of each Pok\u00e9mon\n|rule|Item Clause: Limit 1 of each item\n|clearpoke\n|poke|p1|Calyrex-Shadow, L50|\n|poke|p1|Zamazenta-*, L50|\n|poke|p1|Chien-Pao, L50|\n|poke|p1|Dragonite, L50, F|\n|poke|p1|Tornadus, L50, M|\n|poke|p1|Urshifu-*, L50, F|\n|poke|p2|Calyrex-Ice, L50|\n|poke|p2|Iron Bundle, L50|\n|poke|p2|Miraidon, L50|\n|poke|p2|Ogerpon-Hearthflame, L50, F|\n|poke|p2|Incineroar, L50, F|\n|poke|p2|Hitmonlee, L50, M|\n|teampreview|4\n|inactive|Battle timer is ON: inactive players will automatically lose when time's up. (requested by itszachstone)\n|inactive|EllenJoe2026 also wants the timer to be on.\n|inactive|EllenJoe2026 has 60 seconds left.\n|inactive|itszachstone has 60 seconds left.\n|\n|t:|1773571996\n|teamsize|p1|4\n|teamsize|p2|4\n|start\n|switch|p1a: Zamazenta|Zamazenta-Crowned, L50, shiny|100/100\n|switch|p1b: Urshifu|Urshifu-Rapid-Strike, L50, F|100/100\n|switch|p2a: Miraidon|Miraidon, L50|100/100\n|switch|p2b: Hitmonlee|Hitmonlee, L50, M|100/100\n|-ability|p1a: Zamazenta|Dauntless Shield|boost\n|-boost|p1a: Zamazenta|def|1\n|-fieldstart|move: Electric Terrain|[from] ability: Hadron Engine|[of] p2a: Miraidon\n|-enditem|p2b: Hitmonlee|Electric Seed\n|-boost|p2b: Hitmonlee|def|1|[from] item: Electric Seed\n|turn|1\n|\n|t:|1773572020\n|-terastallize|p1a: Zamazenta|Grass\n|move|p2b: Hitmonlee|Fake Out|p1a: Zamazenta\n|-damage|p1a: Zamazenta|95/100\n|move|p1b: Urshifu|Close Combat|p2a: Miraidon\n|-damage|p2a: Miraidon|38/100\n|-unboost|p1b: Urshifu|def|1\n|-unboost|p1b: Urshifu|spd|1\n|cant|p1a: Zamazenta|flinch\n|move|p2a: Miraidon|Dazzling Gleam|p1b: Urshifu|[spread] p1a,p1b\n|-supereffective|p1b: Urshifu\n|-damage|p1a: Zamazenta|75/100\n|-damage|p1b: Urshifu|0 fnt\n|faint|p1b: Urshifu\n|\n|upkeep\n|\n|t:|1773572039\n|switch|p1b: Calyrex|Calyrex-Shadow, L50|100/100\n|-ability|p1b: Calyrex|As One\n|-ability|p1b: Calyrex|Unnerve\n|turn|2\n|\n|t:|1773572048\n|move|p2b: Hitmonlee|Wide Guard|p2b: Hitmonlee\n|-singleturn|p2b: Hitmonlee|Wide Guard\n|move|p1b: Calyrex|Psychic|p2a: Miraidon\n|-damage|p2a: Miraidon|0 fnt\n|faint|p2a: Miraidon\n|-ability|p1b: Calyrex|Grim Neigh|boost\n|-boost|p1b: Calyrex|spa|1\n|-damage|p1b: Calyrex|91/100|[from] item: Life Orb\n|move|p1a: Zamazenta|Imprison|p1a: Zamazenta\n|-start|p1a: Zamazenta|move: Imprison\n|\n|upkeep\n|\n|t:|1773572060\n|switch|p2a: Calyrex|Calyrex-Ice, L50|100/100\n|-ability|p2a: Calyrex|As One\n|-ability|p2a: Calyrex|Unnerve\n|turn|3\n|\n|t:|1773572073\n|-terastallize|p2a: Calyrex|Water\n|move|p2b: Hitmonlee|Knock Off|p1b: Calyrex\n|-supereffective|p1b: Calyrex\n|-damage|p1b: Calyrex|0 fnt\n|-enditem|p1b: Calyrex|Life Orb|[from] move: Knock Off|[of] p2b: Hitmonlee\n|faint|p1b: Calyrex\n|move|p1a: Zamazenta|Body Press|p2a: Calyrex\n|-damage|p2a: Calyrex|57/100\n|move|p2a: Calyrex|Trick Room|p2a: Calyrex\n|-fieldstart|move: Trick Room|[of] p2a: Calyrex\n|\n|-heal|p2a: Calyrex|63/100|[from] item: Leftovers\n|upkeep\n|\n|t:|1773572082\n|switch|p1b: Chien-Pao|Chien-Pao, L50, shiny|100/100\n|-ability|p1b: Chien-Pao|Sword of Ruin\n|turn|4\n|\n|t:|1773572105\n|switch|p2a: Incineroar|Incineroar, L50, F|100/100\n|-ability|p2a: Incineroar|Intimidate|boost\n|-unboost|p1a: Zamazenta|atk|1\n|-unboost|p1b: Chien-Pao|atk|1\n|move|p1a: Zamazenta|Wide Guard|p1a: Zamazenta\n|-singleturn|p1a: Zamazenta|Wide Guard\n|move|p1b: Chien-Pao|Sucker Punch||[still]\n|-fail|p1b: Chien-Pao\n|move|p2b: Hitmonlee|Knock Off|p1b: Chien-Pao\n|-resisted|p1b: Chien-Pao\n|-damage|p1b: Chien-Pao|79/100\n|-enditem|p1b: Chien-Pao|Focus Sash|[from] move: Knock Off|[of] p2b: Hitmonlee\n|\n|upkeep\n|turn|5\n|inactive|itszachstone has 30 seconds left.\n|\n|t:|1773572134\n|switch|p2b: Calyrex|Calyrex-Ice, L50, tera:Water|63/100\n|-ability|p2b: Calyrex|As One\n|-ability|p2b: Calyrex|Unnerve\n|move|p1b: Chien-Pao|Protect|p1b: Chien-Pao\n|-singleturn|p1b: Chien-Pao|Protect\n|move|p2a: Incineroar|Fake Out|p1a: Zamazenta\n|-damage|p1a: Zamazenta|68/100\n|cant|p1a: Zamazenta|flinch\n|\n|-heal|p2b: Calyrex|69/100|[from] item: Leftovers\n|-fieldend|move: Electric Terrain\n|upkeep\n|turn|6\n|\n|t:|1773572156\n|switch|p2a: Hitmonlee|Hitmonlee, L50, M|100/100\n|move|p1b: Chien-Pao|Protect||[still]\n|-fail|p1b: Chien-Pao\n|move|p2b: Calyrex|Leech Seed|p1b: Chien-Pao\n|-start|p1b: Chien-Pao|move: Leech Seed\n|move|p1a: Zamazenta|Body Press|p2a: Hitmonlee\n|-damage|p2a: Hitmonlee|0 fnt\n|faint|p2a: Hitmonlee\n|\n|-heal|p2b: Calyrex|74/100|[from] item: Leftovers\n|-damage|p1b: Chien-Pao|67/100|[from] Leech Seed|[of] p2b: Calyrex\n|-heal|p2b: Calyrex|84/100|[silent]\n|upkeep\n|\n|t:|1773572171\n|switch|p2a: Incineroar|Incineroar, L50, F|100/100\n|-ability|p2a: Incineroar|Intimidate|boost\n|-unboost|p1a: Zamazenta|atk|1\n|-unboost|p1b: Chien-Pao|atk|1\n|turn|7\n|\n|t:|1773572186\n|move|p2a: Incineroar|Fake Out|p1a: Zamazenta\n|-damage|p1a: Zamazenta|62/100\n|cant|p1a: Zamazenta|flinch\n|move|p2b: Calyrex|Glacial Lance|p1a: Zamazenta|[spread] p1a,p1b\n|-supereffective|p1a: Zamazenta\n|-resisted|p1b: Chien-Pao\n|-damage|p1a: Zamazenta|14/100\n|-damage|p1b: Chien-Pao|36/100\n|move|p1b: Chien-Pao|Taunt|p2b: Calyrex\n|-start|p2b: Calyrex|move: Taunt\n|\n|-heal|p2b: Calyrex|89/100|[from] item: Leftovers\n|-damage|p1b: Chien-Pao|24/100|[from] Leech Seed|[of] p2b: Calyrex\n|-heal|p2b: Calyrex|99/100|[silent]\n|-fieldend|move: Trick Room\n|upkeep\n|turn|8\n|\n|t:|1773572205\n|move|p1a: Zamazenta|Wide Guard|p1a: Zamazenta\n|-singleturn|p1a: Zamazenta|Wide Guard\n|move|p1b: Chien-Pao|Sucker Punch|p2b: Calyrex\n|-damage|p2b: Calyrex|82/100\n|move|p2a: Incineroar|Flare Blitz|p1a: Zamazenta\n|-supereffective|p1a: Zamazenta\n|-damage|p1a: Zamazenta|0 fnt\n|faint|p1a: Zamazenta\n|-damage|p2a: Incineroar|97/100|[from] Recoil\n|move|p2b: Calyrex|Glacial Lance|p1b: Chien-Pao\n|-activate|p1b: Chien-Pao|move: Wide Guard\n|\n|-heal|p2b: Calyrex|88/100|[from] item: Leftovers\n|-damage|p1b: Chien-Pao|11/100|[from] Leech Seed|[of] p2b: Calyrex\n|-heal|p2b: Calyrex|97/100|[silent]\n|upkeep\n|turn|9\n|-message|EllenJoe2026 forfeited.\n|\n|win|itszachstone\n|raw|EllenJoe2026's rating: 1511 &rarr; <strong>1488</strong><br />(-23 for losing)\n|raw|itszachstone's rating: 1460 &rarr; <strong>1483</strong><br />(+23 for winning)\n|l|\u2606EllenJoe2026\n|player|p1|\n|l|\u2606itszachstone\n|player|p2|\n","uploadtime":1773572391,"views":18,"formatid":"gen9vgc2026regi","rating":1483,"private":0,"password":null}