{"id":"gen9vgc2026regi-2528603308","format":"[Gen 9] VGC 2026 Reg I","players":["ky123456","CCdeal"],"log":"|j|\u2606ky123456\n|j|\u2606CCdeal\n|t:|1769684378\n|gametype|doubles\n|player|p1|ky123456|cynthia-gen4|1422\n|player|p2|CCdeal|170|1427\n|gen|9\n|tier|[Gen 9] VGC 2026 Reg I\n|rated|\n|rule|Species Clause: Limit one of each Pok\u00e9mon\n|rule|Item Clause: Limit 1 of each item\n|clearpoke\n|poke|p1|Calyrex-Shadow, L50|\n|poke|p1|Incineroar, L50, F|\n|poke|p1|Clefairy, L50, M|\n|poke|p1|Miraidon, L50|\n|poke|p1|Grimmsnarl, L50, M|\n|poke|p1|Rillaboom, L50, M|\n|poke|p2|Miraidon, L50|\n|poke|p2|Calyrex-Ice, L50|\n|poke|p2|Iron Bundle, L50|\n|poke|p2|Thundurus, L50, M|\n|poke|p2|Chi-Yu, L50|\n|poke|p2|Farigiraf, L50, F|\n|teampreview|4\n|\n|t:|1769684482\n|teamsize|p1|4\n|teamsize|p2|4\n|start\n|switch|p1a: Calyrex|Calyrex-Shadow, L50|100/100\n|switch|p1b: Incineroar|Incineroar, L50, F|100/100\n|switch|p2a: Calyrex|Calyrex-Ice, L50|100/100\n|switch|p2b: Thundurus|Thundurus, L50, M|100/100\n|-ability|p1a: Calyrex|As One\n|-ability|p1a: Calyrex|Unnerve\n|-ability|p2a: Calyrex|As One\n|-ability|p2a: Calyrex|Unnerve\n|-ability|p1b: Incineroar|Intimidate|boost\n|-fail|p2a: Calyrex|unboost|[from] item: Clear Amulet|[of] p2a: Calyrex\n|-unboost|p2b: Thundurus|atk|1\n|turn|1\n|\n|t:|1769684503\n|switch|p2b: Farigiraf|Farigiraf, L50, F, shiny|100/100\n|-terastallize|p2a: Calyrex|Fire\n|move|p1b: Incineroar|Fake Out||[still]\n|cant|p2b: Farigiraf|ability: Armor Tail|Fake Out|[of] p1b: Incineroar\n|move|p1a: Calyrex|Nasty Plot|p1a: Calyrex\n|-boost|p1a: Calyrex|spa|2\n|move|p2a: Calyrex|Trick Room|p2a: Calyrex\n|-fieldstart|move: Trick Room|[of] p2a: Calyrex\n|\n|upkeep\n|turn|2\n|\n|t:|1769684530\n|switch|p2b: Thundurus|Thundurus, L50, M|100/100\n|move|p1a: Calyrex|Protect|p1a: Calyrex\n|-singleturn|p1a: Calyrex|Protect\n|move|p2a: Calyrex|Glacial Lance|p1b: Incineroar|[spread] p1b\n|-activate|p1a: Calyrex|move: Protect\n|-resisted|p1b: Incineroar\n|-damage|p1b: Incineroar|78/100\n|move|p1b: Incineroar|Parting Shot|p2b: Thundurus\n|-unboost|p2b: Thundurus|atk|1\n|-unboost|p2b: Thundurus|spa|1\n|\n|t:|1769684542\n|switch|p1b: Rillaboom|Rillaboom, L50, M|100/100|[from] Parting Shot\n|-fieldstart|move: Grassy Terrain|[from] ability: Grassy Surge|[of] p1b: Rillaboom\n|\n|upkeep\n|turn|3\n|\n|t:|1769684578\n|switch|p1b: Incineroar|Incineroar, L50, F|78/100\n|-ability|p1b: Incineroar|Intimidate|boost\n|-fail|p2a: Calyrex|unboost|[from] item: Clear Amulet|[of] p2a: Calyrex\n|-unboost|p2b: Thundurus|atk|1\n|switch|p2b: Farigiraf|Farigiraf, L50, F, shiny|100/100\n|move|p2a: Calyrex|Glacial Lance|p1b: Incineroar|[spread] p1a,p1b\n|-resisted|p1b: Incineroar\n|-damage|p1a: Calyrex|41/100\n|-damage|p1b: Incineroar|55/100\n|move|p1a: Calyrex|Astral Barrage|p2b: Farigiraf|[spread] p2a\n|-immune|p2b: Farigiraf\n|-damage|p2a: Calyrex|40/100\n|\n|-heal|p2a: Calyrex|45/100|[from] Grassy Terrain\n|-heal|p1b: Incineroar|61/100|[from] Grassy Terrain\n|-heal|p1a: Calyrex|47/100|[from] Grassy Terrain\n|upkeep\n|turn|4\n|\n|t:|1769684621\n|move|p2b: Farigiraf|Helping Hand|p2a: Calyrex\n|-singleturn|p2a: Calyrex|Helping Hand|[of] p2b: Farigiraf\n|move|p1a: Calyrex|Protect|p1a: Calyrex\n|-singleturn|p1a: Calyrex|Protect\n|move|p2a: Calyrex|Glacial Lance|p1a: Calyrex|[spread] p1b\n|-activate|p1a: Calyrex|move: Protect\n|-resisted|p1b: Incineroar\n|-damage|p1b: Incineroar|32/100\n|move|p1b: Incineroar|Knock Off|p2b: Farigiraf\n|-supereffective|p2b: Farigiraf\n|-damage|p2b: Farigiraf|35/100\n|-enditem|p2b: Farigiraf|Electric Seed|[from] move: Knock Off|[of] p1b: Incineroar\n|\n|-heal|p2a: Calyrex|51/100|[from] Grassy Terrain\n|-heal|p2b: Farigiraf|42/100|[from] Grassy Terrain\n|-heal|p1b: Incineroar|38/100|[from] Grassy Terrain\n|-heal|p1a: Calyrex|52/100|[from] Grassy Terrain\n|upkeep\n|turn|5\n|\n|t:|1769684655\n|switch|p1a: Rillaboom|Rillaboom, L50, M|100/100\n|move|p2b: Farigiraf|Helping Hand|p2a: Calyrex\n|-singleturn|p2a: Calyrex|Helping Hand|[of] p2b: Farigiraf\n|move|p2a: Calyrex|Glacial Lance|p1b: Incineroar|[spread] p1a,p1b\n|-supereffective|p1a: Rillaboom\n|-resisted|p1b: Incineroar\n|-damage|p1a: Rillaboom|0 fnt\n|-damage|p1b: Incineroar|4/100\n|faint|p1a: Rillaboom\n|-ability|p2a: Calyrex|Chilling Neigh|boost\n|-boost|p2a: Calyrex|atk|1\n|move|p1b: Incineroar|Knock Off|p2b: Farigiraf\n|-supereffective|p2b: Farigiraf\n|-damage|p2b: Farigiraf|0 fnt\n|faint|p2b: Farigiraf\n|\n|-heal|p2a: Calyrex|57/100|[from] Grassy Terrain\n|-heal|p1b: Incineroar|10/100|[from] Grassy Terrain\n|-fieldend|move: Trick Room\n|upkeep\n|\n|t:|1769684699\n|switch|p1a: Miraidon|Miraidon, L50|100/100\n|switch|p2b: Thundurus|Thundurus, L50, M|100/100\n|-fieldstart|move: Electric Terrain|[from] ability: Hadron Engine|[of] p1a: Miraidon\n|turn|6\n|\n|t:|1769684751\n|switch|p1b: Calyrex|Calyrex-Shadow, L50|52/100\n|-ability|p1b: Calyrex|As One\n|-ability|p1b: Calyrex|Unnerve\n|switch|p2a: Miraidon|Miraidon, L50|100/100\n|-activate|p2a: Miraidon|ability: Hadron Engine\n|-terastallize|p1a: Miraidon|Electric\n|move|p1a: Miraidon|Electro Drift|p2a: Miraidon\n|-resisted|p2a: Miraidon\n|-damage|p2a: Miraidon|77/100\n|move|p2b: Thundurus|Wildbolt Storm|p1a: Miraidon|[spread] p1a,p1b\n|-resisted|p1a: Miraidon\n|-damage|p1a: Miraidon|86/100\n|-damage|p1b: Calyrex|23/100\n|\n|upkeep\n|turn|7\n|\n|t:|1769684791\n|move|p2b: Thundurus|Thunder Wave|p1b: Calyrex\n|-status|p1b: Calyrex|par\n|move|p1a: Miraidon|Electro Drift|p2b: Thundurus\n|-damage|p2b: Thundurus|0 fnt\n|faint|p2b: Thundurus\n|move|p2a: Miraidon|Volt Switch|p1b: Calyrex\n|-damage|p1b: Calyrex|0 fnt\n|faint|p1b: Calyrex\n|-damage|p2a: Miraidon|68/100|[from] item: Life Orb\n|\n|t:|1769684804\n|switch|p2a: Calyrex|Calyrex-Ice, L50, tera:Fire|57/100|[from] Volt Switch\n|-ability|p2a: Calyrex|As One\n|-ability|p2a: Calyrex|Unnerve\n|\n|upkeep\n|\n|t:|1769684811\n|switch|p1b: Incineroar|Incineroar, L50, F|10/100\n|switch|p2b: Miraidon|Miraidon, L50|68/100\n|-activate|p2b: Miraidon|ability: Hadron Engine\n|-ability|p1b: Incineroar|Intimidate|boost\n|-fail|p2a: Calyrex|unboost|[from] item: Clear Amulet|[of] p2a: Calyrex\n|-unboost|p2b: Miraidon|atk|1\n|turn|8\n|\n|t:|1769684823\n|move|p2b: Miraidon|Protect|p2b: Miraidon\n|-singleturn|p2b: Miraidon|Protect\n|move|p2a: Calyrex|Protect|p2a: Calyrex\n|-singleturn|p2a: Calyrex|Protect\n|move|p1b: Incineroar|Fake Out|p2b: Miraidon\n|-activate|p2b: Miraidon|move: Protect\n|move|p1a: Miraidon|Electro Drift|p2b: Miraidon\n|-activate|p2b: Miraidon|move: Protect\n|\n|upkeep\n|turn|9\n|\n|t:|1769684843\n|move|p1a: Miraidon|Electro Drift|p2a: Calyrex\n|-damage|p2a: Calyrex|0 fnt\n|faint|p2a: Calyrex\n|move|p2b: Miraidon|Electro Drift|p1b: Incineroar\n|-damage|p1b: Incineroar|0 fnt\n|faint|p1b: Incineroar\n|-damage|p2b: Miraidon|58/100|[from] item: Life Orb\n|\n|upkeep\n|turn|10\n|\n|t:|1769684866\n|move|p2b: Miraidon|Protect|p2b: Miraidon\n|-singleturn|p2b: Miraidon|Protect\n|move|p1a: Miraidon|Electro Drift|p2b: Miraidon\n|-activate|p2b: Miraidon|move: Protect\n|\n|-fieldend|move: Electric Terrain\n|upkeep\n|turn|11\n|\n|t:|1769684875\n|move|p1a: Miraidon|Electro Drift|p2b: Miraidon\n|-resisted|p2b: Miraidon\n|-damage|p2b: Miraidon|44/100\n|move|p2b: Miraidon|Draco Meteor|p1a: Miraidon\n|-damage|p1a: Miraidon|0 fnt\n|-unboost|p2b: Miraidon|spa|2\n|faint|p1a: Miraidon\n|-damage|p2b: Miraidon|34/100|[from] item: Life Orb\n|\n|win|CCdeal\n|raw|ky123456's rating: 1422 &rarr; <strong>1402</strong><br />(-20 for losing)\n|raw|CCdeal's rating: 1427 &rarr; <strong>1447</strong><br />(+20 for winning)\n|l|\u2606ky123456\n|player|p1|\n|j|\u2606ky123456\n|player|p1|ky123456|cynthia-gen4|\n|l|\u2606ky123456\n|player|p1|\n|l|\u2606CCdeal\n|player|p2|\n","uploadtime":1769685026,"views":27,"formatid":"gen9vgc2026regi","rating":1402,"private":0,"password":null}