{"id":"gen9vgc2026regi-2587902498","format":"[Gen 9] VGC 2026 Reg I","players":["pigduckeater","Nova85"],"log":"|j|\u2606pigduckeater\n|j|\u2606Nova85\n|t:|1776576763\n|gametype|doubles\n|player|p1|pigduckeater|266|1432\n|player|p2|Nova85|cyrus|1319\n|gen|9\n|tier|[Gen 9] VGC 2026 Reg I\n|rated|\n|rule|Species Clause: Limit one of each Pok\u00e9mon\n|rule|Item Clause: Limit 1 of each item\n|clearpoke\n|poke|p1|Miraidon, L50|\n|poke|p1|Wo-Chien, L50|\n|poke|p1|Illumise, L50, F|\n|poke|p1|Terapagos, L50, M|\n|poke|p1|Smeargle, L50, M|\n|poke|p1|Farigiraf, L50, F|\n|poke|p2|Calyrex-Shadow, L50|\n|poke|p2|Indeedee-F, L50, F|\n|poke|p2|Torkoal, L50, M|\n|poke|p2|Farigiraf, L50, M|\n|poke|p2|Flutter Mane, L50|\n|poke|p2|Zamazenta-*, L50|\n|teampreview|4\n|inactive|Battle timer is ON: inactive players will automatically lose when time's up. (requested by Nova85)\n|\n|t:|1776576791\n|teamsize|p1|4\n|teamsize|p2|4\n|start\n|switch|p1a: Miraidon|Miraidon, L50|100/100\n|switch|p1b: Illumise|Illumise, L50, F|100/100\n|switch|p2a: Calyrex|Calyrex-Shadow, L50|100/100\n|switch|p2b: Indeedee|Indeedee-F, L50, F|100/100\n|-ability|p2a: Calyrex|As One\n|-ability|p2a: Calyrex|Unnerve\n|-fieldstart|move: Electric Terrain|[from] ability: Hadron Engine|[of] p1a: Miraidon\n|-enditem|p1b: Illumise|Electric Seed\n|-boost|p1b: Illumise|def|1|[from] item: Electric Seed\n|-fieldstart|move: Psychic Terrain|[from] ability: Psychic Surge|[of] p2b: Indeedee\n|-enditem|p2b: Indeedee|Psychic Seed\n|-boost|p2b: Indeedee|spd|1|[from] item: Psychic Seed\n|turn|1\n|inactive|Nova85 has 30 seconds left.\n|\n|t:|1776576820\n|switch|p1a: Terapagos|Terapagos, L50, M|100/100\n|-activate|p1a: Terapagos|ability: Tera Shift\n|detailschange|p1a: Terapagos|Terapagos-Terastal, L50, M\n|-heal|p1a: Terapagos|100/100|[silent]\n|move|p2b: Indeedee|Follow Me|p2b: Indeedee\n|-singleturn|p2b: Indeedee|move: Follow Me\n|move|p1b: Illumise|Baton Pass|p1b: Illumise\n|\n|t:|1776576828\n|switch|p1b: Miraidon|Miraidon, L50|100/100|[from] Baton Pass\n|-fieldstart|move: Electric Terrain|[from] ability: Hadron Engine|[of] p1b: Miraidon\n|move|p2a: Calyrex|Expanding Force|p1a: Terapagos\n|-activate|p1a: Terapagos|ability: Tera Shell\n|-resisted|p1a: Terapagos\n|-damage|p1a: Terapagos|73/100\n|-damage|p2a: Calyrex|91/100|[from] item: Life Orb\n|\n|upkeep\n|turn|2\n|inactive|pigduckeater has 30 seconds left.\n|inactive|Nova85 has 30 seconds left.\n|\n|t:|1776576863\n|switch|p1a: Illumise|Illumise, L50, F|100/100\n|switch|p2b: Flutter Mane|Flutter Mane, L50, shiny|100/100\n|-enditem|p2b: Flutter Mane|Booster Energy\n|-activate|p2b: Flutter Mane|ability: Protosynthesis|[fromitem]\n|-start|p2b: Flutter Mane|protosynthesisspd\n|move|p2a: Calyrex|Draining Kiss|p1b: Miraidon\n|-supereffective|p1b: Miraidon\n|-damage|p1b: Miraidon|79/100\n|-heal|p2a: Calyrex|100/100|[from] drain|[of] p1b: Miraidon\n|-damage|p2a: Calyrex|91/100|[from] item: Life Orb\n|move|p1b: Miraidon|Electro Drift|p2a: Calyrex\n|-damage|p2a: Calyrex|15/100\n|\n|upkeep\n|turn|3\n|inactive|pigduckeater has 30 seconds left.\n|inactive|Nova85 has 30 seconds left.\n|inactive|Nova85 has 20 seconds left.\n|\n|t:|1776576901\n|switch|p2a: Zamazenta|Zamazenta-Crowned, L50|100/100\n|-ability|p2a: Zamazenta|Dauntless Shield|boost\n|-boost|p2a: Zamazenta|def|1\n|move|p2b: Flutter Mane|Protect|p2b: Flutter Mane\n|-singleturn|p2b: Flutter Mane|Protect\n|move|p1a: Illumise|Light Screen|p1a: Illumise\n|-sidestart|p1: pigduckeater|move: Light Screen\n|move|p1b: Miraidon|Parabolic Charge|p2a: Zamazenta|[spread] p1a,p2a\n|-activate|p2b: Flutter Mane|move: Protect\n|-damage|p1a: Illumise|72/100\n|-heal|p1b: Miraidon|91/100|[from] drain|[of] p1a: Illumise\n|-damage|p2a: Zamazenta|76/100\n|-heal|p1b: Miraidon|100/100|[from] drain|[of] p2a: Zamazenta\n|\n|upkeep\n|turn|4\n|inactive|Nova85 has 30 seconds left.\n|\n|t:|1776576933\n|move|p1a: Illumise|Tailwind|p1a: Illumise\n|-sidestart|p1: pigduckeater|move: Tailwind\n|move|p1b: Miraidon|Electro Drift|p2b: Flutter Mane\n|-damage|p2b: Flutter Mane|52/100\n|move|p2a: Zamazenta|Body Press|p1b: Miraidon\n|-damage|p1b: Miraidon|67/100\n|move|p2b: Flutter Mane|Dazzling Gleam|p1b: Miraidon|[spread] p1a,p1b\n|-supereffective|p1b: Miraidon\n|-damage|p1a: Illumise|55/100\n|-damage|p1b: Miraidon|54/100\n|\n|upkeep\n|turn|5\n|inactive|pigduckeater has 30 seconds left.\n|inactive|Nova85 has 30 seconds left.\n|\n|t:|1776576966\n|move|p1b: Miraidon|Parabolic Charge|p2b: Flutter Mane|[spread] p1a,p2a,p2b\n|-damage|p1a: Illumise|27/100\n|-heal|p1b: Miraidon|65/100|[from] drain|[of] p1a: Illumise\n|-damage|p2a: Zamazenta|49/100\n|-heal|p1b: Miraidon|79/100|[from] drain|[of] p2a: Zamazenta\n|-damage|p2b: Flutter Mane|28/100\n|-heal|p1b: Miraidon|88/100|[from] drain|[of] p2b: Flutter Mane\n|move|p1a: Illumise|Struggle Bug|p2a: Zamazenta|[spread] p2a,p2b\n|-resisted|p2a: Zamazenta\n|-resisted|p2b: Flutter Mane\n|-damage|p2a: Zamazenta|47/100\n|-damage|p2b: Flutter Mane|26/100\n|-unboost|p2a: Zamazenta|spa|1\n|-unboost|p2b: Flutter Mane|spa|1\n|move|p2a: Zamazenta|Body Press|p1b: Miraidon\n|-damage|p1b: Miraidon|52/100\n|move|p2b: Flutter Mane|Shadow Ball|p1b: Miraidon\n|-damage|p1b: Miraidon|45/100\n|\n|-fieldend|move: Electric Terrain\n|upkeep\n|turn|6\n|inactive|Nova85 has 30 seconds left.\n|\n|t:|1776577000\n|move|p1a: Illumise|Baton Pass|p1a: Illumise\n|\n|t:|1776577001\n|switch|p1a: Smeargle|Smeargle, L50, M|100/100|[from] Baton Pass\n|move|p1b: Miraidon|Electro Drift|p2b: Flutter Mane\n|-damage|p2b: Flutter Mane|0 fnt\n|faint|p2b: Flutter Mane\n|-end|p2b: Flutter Mane|Protosynthesis|[silent]\n|move|p2a: Zamazenta|Body Press|p1b: Miraidon\n|-damage|p1b: Miraidon|12/100\n|\n|-ability|p1a: Smeargle|Moody|boost\n|-boost|p1a: Smeargle|spd|2\n|-unboost|p1a: Smeargle|spa|1\n|upkeep\n|\n|t:|1776577015\n|switch|p2b: Calyrex|Calyrex-Shadow, L50|15/100\n|-ability|p2b: Calyrex|As One\n|-ability|p2b: Calyrex|Unnerve\n|turn|7\n|\n|t:|1776577039\n|switch|p1a: Illumise|Illumise, L50, F|27/100\n|move|p1b: Miraidon|Parabolic Charge|p2a: Zamazenta|[spread] p1a,p2a,p2b\n|-damage|p1a: Illumise|12/100\n|-heal|p1b: Miraidon|18/100|[from] drain|[of] p1a: Illumise\n|-damage|p2a: Zamazenta|31/100\n|-heal|p1b: Miraidon|27/100|[from] drain|[of] p2a: Zamazenta\n|-damage|p2b: Calyrex|0 fnt\n|-heal|p1b: Miraidon|33/100|[from] drain|[of] p2b: Calyrex\n|faint|p2b: Calyrex\n|move|p2a: Zamazenta|Body Press|p1a: Illumise\n|-resisted|p1a: Illumise\n|-damage|p1a: Illumise|0 fnt\n|faint|p1a: Illumise\n|\n|-sideend|p1: pigduckeater|move: Light Screen\n|-sideend|p1: pigduckeater|move: Tailwind\n|upkeep\n|\n|t:|1776577055\n|switch|p2b: Indeedee|Indeedee-F, L50, F|100/100\n|switch|p1a: Smeargle|Smeargle, L50, M|100/100\n|-fieldstart|move: Psychic Terrain|[from] ability: Psychic Surge|[of] p2b: Indeedee\n|turn|8\n|\n|t:|1776577075\n|move|p2b: Indeedee|Follow Me|p2b: Indeedee\n|-singleturn|p2b: Indeedee|move: Follow Me\n|move|p2a: Zamazenta|Body Press|p1a: Smeargle\n|-supereffective|p1a: Smeargle\n|-enditem|p1a: Smeargle|Focus Sash\n|-damage|p1a: Smeargle|1/100\n|move|p1b: Miraidon|Electro Drift|p2b: Indeedee\n|-damage|p2b: Indeedee|54/100\n|move|p1a: Smeargle|Spore|p2b: Indeedee\n|-status|p2b: Indeedee|slp|[from] move: Spore\n|\n|-ability|p1a: Smeargle|Moody|boost\n|-boost|p1a: Smeargle|def|2\n|-unboost|p1a: Smeargle|atk|1\n|upkeep\n|turn|9\n|inactive|Nova85 has 30 seconds left.\n|\n|t:|1776577102\n|move|p1a: Smeargle|Burning Bulwark|p1a: Smeargle\n|-singleturn|p1a: Smeargle|move: Protect\n|move|p2a: Zamazenta|Body Press|p1a: Smeargle\n|-activate|p1a: Smeargle|move: Protect\n|-status|p2a: Zamazenta|brn\n|move|p1b: Miraidon|Electro Drift|p2a: Zamazenta\n|-damage|p2a: Zamazenta|0 fnt\n|faint|p2a: Zamazenta\n|cant|p2b: Indeedee|slp\n|\n|-ability|p1a: Smeargle|Moody|boost\n|-boost|p1a: Smeargle|spa|2\n|-unboost|p1a: Smeargle|spe|1\n|upkeep\n|turn|10\n|-message|Nova85 forfeited.\n|\n|win|pigduckeater\n|raw|pigduckeater's rating: 1432 &rarr; <strong>1446</strong><br />(+14 for winning)\n|raw|Nova85's rating: 1319 &rarr; <strong>1305</strong><br />(-14 for losing)\n|l|\u2606Nova85\n|player|p2|\n|l|\u2606pigduckeater\n|player|p1|\n","uploadtime":1776577289,"views":13,"formatid":"gen9vgc2026regi","rating":1305,"private":0,"password":null}