{"id":"gen9vgc2026regi-2551505259","format":"[Gen 9] VGC 2026 Reg I","players":["drive stone","tanld"],"log":"|j|\u2606drive stone\n|j|\u2606tanld\n|t:|1772613013\n|gametype|doubles\n|player|p1|drive stone|cilan|1407\n|player|p2|tanld|265|1402\n|gen|9\n|tier|[Gen 9] VGC 2026 Reg I\n|rated|\n|rule|Species Clause: Limit one of each Pok\u00e9mon\n|rule|Item Clause: Limit 1 of each item\n|clearpoke\n|poke|p1|Calyrex-Ice, L50|\n|poke|p1|Ho-Oh, L50|\n|poke|p1|Overqwil, L50, F|\n|poke|p1|Rillaboom, L50, M|\n|poke|p1|Ting-Lu, L50|\n|poke|p1|Ogerpon-Wellspring, L50, F|\n|poke|p2|Dondozo, L50, F|\n|poke|p2|Calyrex-Shadow, L50|\n|poke|p2|Chien-Pao, L50|\n|poke|p2|Dragonite, L50, M|\n|poke|p2|Zamazenta-*, L50|\n|poke|p2|Tatsugiri, L50, F|\n|teampreview|4\n|\n|t:|1772613041\n|teamsize|p1|4\n|teamsize|p2|4\n|start\n|switch|p1a: Calyrex|Calyrex-Ice, L50|100/100\n|switch|p1b: Overqwil|Overqwil, L50, F|100/100\n|switch|p2a: Chien-Pao|Chien-Pao, L50|100/100\n|switch|p2b: Zamazenta|Zamazenta-Crowned, L50|100/100\n|-ability|p1a: Calyrex|As One\n|-ability|p1a: Calyrex|Unnerve\n|-ability|p2a: Chien-Pao|Sword of Ruin\n|-ability|p2b: Zamazenta|Dauntless Shield|boost\n|-boost|p2b: Zamazenta|def|1\n|-ability|p1b: Overqwil|Intimidate|boost\n|-unboost|p2a: Chien-Pao|atk|1\n|-unboost|p2b: Zamazenta|atk|1\n|turn|1\n|\n|t:|1772613060\n|-terastallize|p1a: Calyrex|Water\n|move|p2a: Chien-Pao|Ruination|p1a: Calyrex\n|-damage|p1a: Calyrex|51/100\n|move|p2b: Zamazenta|Body Press|p1a: Calyrex\n|-damage|p1a: Calyrex|6/100\n|move|p1b: Overqwil|Toxic Spikes|p2b: Zamazenta\n|-sidestart|p2: tanld|move: Toxic Spikes\n|move|p1a: Calyrex|Trick Room|p1a: Calyrex\n|-fieldstart|move: Trick Room|[of] p1a: Calyrex\n|\n|-heal|p1a: Calyrex|12/100|[from] item: Leftovers\n|upkeep\n|turn|2\n|\n|t:|1772613082\n|switch|p1b: Ho-Oh|Ho-Oh, L50|100/100\n|move|p1a: Calyrex|Protect|p1a: Calyrex\n|-singleturn|p1a: Calyrex|Protect\n|move|p2a: Chien-Pao|Sucker Punch||[still]\n|-fail|p2a: Chien-Pao\n|move|p2b: Zamazenta|Body Press|p1b: Ho-Oh\n|-resisted|p1b: Ho-Oh\n|-damage|p1b: Ho-Oh|71/100\n|-damage|p2b: Zamazenta|84/100|[from] item: Rocky Helmet|[of] p1b: Ho-Oh\n|\n|-heal|p1a: Calyrex|17/100|[from] item: Leftovers\n|upkeep\n|turn|3\n|\n|t:|1772613099\n|-terastallize|p2b: Zamazenta|Water\n|move|p2a: Chien-Pao|Sucker Punch||[still]\n|-fail|p2a: Chien-Pao\n|move|p1a: Calyrex|Leech Seed|p2b: Zamazenta\n|-start|p2b: Zamazenta|move: Leech Seed\n|move|p1b: Ho-Oh|Sacred Fire|p2b: Zamazenta\n|-resisted|p2b: Zamazenta\n|-damage|p2b: Zamazenta|73/100\n|-status|p2b: Zamazenta|brn\n|move|p2b: Zamazenta|Body Press|p1b: Ho-Oh\n|-resisted|p1b: Ho-Oh\n|-damage|p1b: Ho-Oh|55/100\n|-damage|p2b: Zamazenta|56/100 brn|[from] item: Rocky Helmet|[of] p1b: Ho-Oh\n|\n|-heal|p1a: Calyrex|23/100|[from] item: Leftovers\n|-damage|p2b: Zamazenta|44/100 brn|[from] Leech Seed|[of] p1a: Calyrex\n|-heal|p1a: Calyrex|34/100|[silent]\n|-damage|p2b: Zamazenta|38/100 brn|[from] brn\n|upkeep\n|turn|4\n|\n|t:|1772613124\n|switch|p2b: Calyrex|Calyrex-Shadow, L50|100/100\n|-ability|p2b: Calyrex|As One\n|-ability|p2b: Calyrex|Unnerve\n|-status|p2b: Calyrex|psn\n|move|p1a: Calyrex|Protect|p1a: Calyrex\n|-singleturn|p1a: Calyrex|Protect\n|move|p2a: Chien-Pao|Sucker Punch||[still]\n|-fail|p2a: Chien-Pao\n|move|p1b: Ho-Oh|Sacred Fire|p2a: Chien-Pao\n|-supereffective|p2a: Chien-Pao\n|-enditem|p2a: Chien-Pao|Focus Sash\n|-damage|p2a: Chien-Pao|1/100\n|\n|-heal|p1a: Calyrex|40/100|[from] item: Leftovers\n|-damage|p2b: Calyrex|88/100 psn|[from] psn\n|upkeep\n|turn|5\n|\n|t:|1772613145\n|move|p2a: Chien-Pao|Protect|p2a: Chien-Pao\n|-singleturn|p2a: Chien-Pao|Protect\n|move|p1a: Calyrex|Glacial Lance|p2b: Calyrex|[spread] p2b\n|-activate|p2a: Chien-Pao|move: Protect\n|-damage|p2b: Calyrex|19/100 psn\n|move|p1b: Ho-Oh|Life Dew|p1b: Ho-Oh|[spread] p1a,p1b\n|-heal|p1a: Calyrex|65/100\n|-heal|p1b: Ho-Oh|80/100\n|move|p2b: Calyrex|Astral Barrage|p1b: Ho-Oh|[spread] p1a,p1b\n|-damage|p1a: Calyrex|32/100\n|-damage|p1b: Ho-Oh|50/100\n|\n|-heal|p1a: Calyrex|38/100|[from] item: Leftovers\n|-damage|p2b: Calyrex|7/100 psn|[from] psn\n|-fieldend|move: Trick Room\n|upkeep\n|turn|6\n|\n|t:|1772613166\n|switch|p1b: Overqwil|Overqwil, L50, F|100/100\n|-ability|p1b: Overqwil|Intimidate|boost\n|-unboost|p2a: Chien-Pao|atk|1\n|-unboost|p2b: Calyrex|atk|1\n|move|p1a: Calyrex|Protect|p1a: Calyrex\n|-singleturn|p1a: Calyrex|Protect\n|move|p2b: Calyrex|Astral Barrage|p1b: Overqwil|[spread] p1b\n|-activate|p1a: Calyrex|move: Protect\n|-resisted|p1b: Overqwil\n|-damage|p1b: Overqwil|74/100\n|move|p2a: Chien-Pao|Ice Spinner|p1b: Overqwil\n|-damage|p1b: Overqwil|49/100\n|\n|-heal|p1b: Overqwil|56/100|[from] item: Black Sludge\n|-heal|p1a: Calyrex|43/100|[from] item: Leftovers\n|-damage|p2b: Calyrex|0 fnt|[from] psn\n|faint|p2b: Calyrex\n|upkeep\n|\n|t:|1772613175\n|switch|p2b: Dragonite|Dragonite, L50, M|100/100\n|turn|7\n|\n|t:|1772613195\n|switch|p1a: Ho-Oh|Ho-Oh, L50|84/100\n|move|p2b: Dragonite|Extreme Speed|p1a: Ho-Oh\n|-damage|p1a: Ho-Oh|39/100\n|-damage|p2b: Dragonite|84/100|[from] item: Rocky Helmet|[of] p1a: Ho-Oh\n|move|p2a: Chien-Pao|Ice Spinner|p1a: Ho-Oh\n|-damage|p1a: Ho-Oh|22/100\n|-damage|p2a: Chien-Pao|0 fnt|[from] item: Rocky Helmet|[of] p1a: Ho-Oh\n|faint|p2a: Chien-Pao\n|move|p1b: Overqwil|Barb Barrage|p2b: Dragonite\n|-damage|p2b: Dragonite|62/100\n|-status|p2b: Dragonite|psn\n|\n|-heal|p1b: Overqwil|62/100|[from] item: Black Sludge\n|-damage|p2b: Dragonite|50/100 psn|[from] psn\n|upkeep\n|\n|t:|1772613205\n|switch|p2a: Zamazenta|Zamazenta-Crowned, L50, tera:Water|38/100 brn\n|turn|8\n|-message|tanld forfeited.\n|\n|win|drive stone\n|raw|drive stone's rating: 1407 &rarr; <strong>1427</strong><br />(+20 for winning)\n|raw|tanld's rating: 1402 &rarr; <strong>1382</strong><br />(-20 for losing)\n|l|\u2606tanld\n|player|p2|\n|l|\u2606drive stone\n|player|p1|\n","uploadtime":1772613422,"views":14,"formatid":"gen9vgc2026regi","rating":1382,"private":0,"password":null}