{"id":"gen9vgc2026regi-2577685016","format":"[Gen 9] VGC 2026 Reg I","players":["Bicentenario","jd8erh"],"log":"|j|\u2606Bicentenario\n|j|\u2606jd8erh\n|t:|1775596120\n|gametype|doubles\n|player|p1|Bicentenario|2|1611\n|player|p2|jd8erh|101|1560\n|gen|9\n|tier|[Gen 9] VGC 2026 Reg I\n|rated|\n|rule|Species Clause: Limit one of each Pok\u00e9mon\n|rule|Item Clause: Limit 1 of each item\n|clearpoke\n|poke|p1|Calyrex-Ice, L50|\n|poke|p1|Indeedee-F, L50, F|\n|poke|p1|Urshifu-*, L50, M|\n|poke|p1|Lunala, L50|\n|poke|p1|Torkoal, L50, F|\n|poke|p1|Smeargle, L50, F|\n|poke|p2|Calyrex-Ice, L50|\n|poke|p2|Miraidon, L50|\n|poke|p2|Incineroar, L50, M|\n|poke|p2|Farigiraf, L50, F|\n|poke|p2|Volcarona, L50, F|\n|poke|p2|Grimmsnarl, L50, M|\n|teampreview|4\n|inactive|Battle timer is ON: inactive players will automatically lose when time's up. (requested by jd8erh)\njd8erh has agreed to open team sheets.\n|\n|t:|1775596138\n|teamsize|p1|4\n|teamsize|p2|4\n|start\n|switch|p1a: Indeedee|Indeedee-F, L50, F|100/100\n|switch|p1b: Calyrex|Calyrex-Ice, L50|100/100\n|switch|p2a: Grimmsnarl|Grimmsnarl, L50, M|100/100\n|switch|p2b: Calyrex|Calyrex-Ice, L50|100/100\n|-ability|p2b: Calyrex|As One\n|-ability|p2b: Calyrex|Unnerve\n|-ability|p1b: Calyrex|As One\n|-ability|p1b: Calyrex|Unnerve\n|-fieldstart|move: Psychic Terrain|[from] ability: Psychic Surge|[of] p1a: Indeedee\n|turn|1\n|\n|t:|1775596143\n|move|p1a: Indeedee|Follow Me|p1a: Indeedee\n|-singleturn|p1a: Indeedee|move: Follow Me\n|move|p2a: Grimmsnarl|Reflect|p2a: Grimmsnarl\n|-sidestart|p2: jd8erh|Reflect\n|move|p2b: Calyrex|Glacial Lance|p1a: Indeedee|[spread] p1a,p1b\n|-resisted|p1b: Calyrex\n|-damage|p1a: Indeedee|51/100\n|-damage|p1b: Calyrex|85/100\n|move|p1b: Calyrex|Trick Room|p1b: Calyrex\n|-fieldstart|move: Trick Room|[of] p1b: Calyrex\n|\n|upkeep\n|turn|2\n|\n|t:|1775596154\n|switch|p2a: Incineroar|Incineroar, L50, M|100/100\n|-ability|p2a: Incineroar|Intimidate|boost\n|-unboost|p1a: Indeedee|atk|1\n|-fail|p1b: Calyrex|unboost|[from] item: Clear Amulet|[of] p1b: Calyrex\n|move|p1a: Indeedee|Helping Hand|p1b: Calyrex\n|-singleturn|p1b: Calyrex|Helping Hand|[of] p1a: Indeedee\n|move|p1b: Calyrex|Glacial Lance|p2b: Calyrex|[spread] p2a,p2b\n|-resisted|p2a: Incineroar\n|-resisted|p2b: Calyrex\n|-damage|p2a: Incineroar|73/100\n|-damage|p2b: Calyrex|83/100\n|move|p2b: Calyrex|Leech Seed|p1b: Calyrex\n|-start|p1b: Calyrex|move: Leech Seed\n|\n|-heal|p2b: Calyrex|88/100|[from] item: Leftovers\n|-damage|p1b: Calyrex|72/100|[from] Leech Seed|[of] p2b: Calyrex\n|-heal|p2b: Calyrex|100/100|[silent]\n|upkeep\n|turn|3\n|\n|t:|1775596164\n|move|p1a: Indeedee|Follow Me|p1a: Indeedee\n|-singleturn|p1a: Indeedee|move: Follow Me\n|move|p1b: Calyrex|High Horsepower|p2a: Incineroar\n|-supereffective|p2a: Incineroar\n|-damage|p2a: Incineroar|20/100\n|move|p2b: Calyrex|Glacial Lance|p1b: Calyrex|[spread] p1a,p1b\n|-resisted|p1b: Calyrex\n|-damage|p1a: Indeedee|1/100\n|-damage|p1b: Calyrex|56/100\n|move|p2a: Incineroar|Knock Off|p1a: Indeedee\n|-supereffective|p1a: Indeedee\n|-damage|p1a: Indeedee|0 fnt\n|-damage|p2a: Incineroar|3/100|[from] item: Rocky Helmet|[of] p1a: Indeedee\n|-enditem|p1a: Indeedee|Rocky Helmet|[from] move: Knock Off|[of] p2a: Incineroar\n|faint|p1a: Indeedee\n|\n|-damage|p1b: Calyrex|43/100|[from] Leech Seed|[of] p2b: Calyrex\n|upkeep\n|\n|t:|1775596170\n|switch|p1a: Torkoal|Torkoal, L50, F|100/100\n|-weather|SunnyDay|[from] ability: Drought|[of] p1a: Torkoal\n|turn|4\n|\n|t:|1775596181\n|switch|p1b: Urshifu|Urshifu, L50, M|100/100\n|switch|p2a: Grimmsnarl|Grimmsnarl, L50, M|100/100\n|-terastallize|p1a: Torkoal|Fire\n|-terastallize|p2b: Calyrex|Water\n|move|p1a: Torkoal|Eruption|p2b: Calyrex|[spread] p2a,p2b\n|-resisted|p2b: Calyrex\n|-damage|p2a: Grimmsnarl|0 fnt\n|-damage|p2b: Calyrex|56/100\n|faint|p2a: Grimmsnarl\n|move|p2b: Calyrex|Leech Seed|p1a: Torkoal\n|-start|p1a: Torkoal|move: Leech Seed\n|\n|-weather|SunnyDay|[upkeep]\n|-heal|p2b: Calyrex|61/100|[from] item: Leftovers\n|-damage|p1a: Torkoal|88/100|[from] Leech Seed|[of] p2b: Calyrex\n|-heal|p2b: Calyrex|72/100|[silent]\n|upkeep\n|\n|t:|1775596186\n|switch|p2a: Miraidon|Miraidon, L50|100/100\n|-fieldstart|move: Electric Terrain|[from] ability: Hadron Engine|[of] p2a: Miraidon\n|turn|5\n|\n|t:|1775596198\n|move|p1a: Torkoal|Eruption|p2a: Miraidon|[spread] p2a,p2b\n|-resisted|p2a: Miraidon\n|-resisted|p2b: Calyrex\n|-damage|p2a: Miraidon|52/100\n|-damage|p2b: Calyrex|31/100\n|move|p1b: Urshifu|Wicked Blow|p2a: Miraidon\n|-crit|p2a: Miraidon\n|-damage|p2a: Miraidon|0 fnt\n|faint|p2a: Miraidon\n|move|p2b: Calyrex|Glacial Lance|p1a: Torkoal|[spread] p1a,p1b\n|-resisted|p1a: Torkoal\n|-damage|p1a: Torkoal|67/100\n|-damage|p1b: Urshifu|58/100\n|\n|-weather|SunnyDay|[upkeep]\n|-heal|p2b: Calyrex|37/100|[from] item: Leftovers\n|-damage|p1a: Torkoal|55/100|[from] Leech Seed|[of] p2b: Calyrex\n|-heal|p2b: Calyrex|47/100|[silent]\n|-fieldend|move: Trick Room\n|upkeep\n|\n|t:|1775596204\n|switch|p2a: Incineroar|Incineroar, L50, M|3/100\n|-ability|p2a: Incineroar|Intimidate|boost\n|-unboost|p1a: Torkoal|atk|1\n|-unboost|p1b: Urshifu|atk|1\n|turn|6\n|\n|t:|1775596209\n|move|p2a: Incineroar|Fake Out|p1b: Urshifu\n|-damage|p1b: Urshifu|48/100\n|move|p2b: Calyrex|Glacial Lance|p1a: Torkoal|[spread] p1a,p1b\n|-resisted|p1a: Torkoal\n|-damage|p1a: Torkoal|36/100\n|-damage|p1b: Urshifu|0 fnt\n|faint|p1b: Urshifu\n|-ability|p2b: Calyrex|Chilling Neigh|boost\n|-boost|p2b: Calyrex|atk|1\n|move|p1a: Torkoal|Eruption|p2b: Calyrex|[spread] p2a,p2b\n|-resisted|p2a: Incineroar\n|-resisted|p2b: Calyrex\n|-damage|p2a: Incineroar|0 fnt\n|-damage|p2b: Calyrex|30/100\n|faint|p2a: Incineroar\n|\n|-weather|SunnyDay|[upkeep]\n|-heal|p2b: Calyrex|36/100|[from] item: Leftovers\n|-damage|p1a: Torkoal|24/100|[from] Leech Seed|[of] p2b: Calyrex\n|-heal|p2b: Calyrex|47/100|[silent]\n|upkeep\n|\n|t:|1775596215\n|switch|p1b: Calyrex|Calyrex-Ice, L50|43/100\n|-ability|p1b: Calyrex|As One\n|-ability|p1b: Calyrex|Unnerve\n|turn|7\n|\n|t:|1775596220\n|move|p2b: Calyrex|Protect|p2b: Calyrex\n|-singleturn|p2b: Calyrex|Protect\n|move|p1b: Calyrex|Seed Bomb|p2b: Calyrex\n|-activate|p2b: Calyrex|move: Protect\n|move|p1a: Torkoal|Eruption|p2b: Calyrex\n|-activate|p2b: Calyrex|move: Protect\n|\n|-weather|SunnyDay|[upkeep]\n|-heal|p2b: Calyrex|53/100|[from] item: Leftovers\n|-damage|p1a: Torkoal|11/100|[from] Leech Seed|[of] p2b: Calyrex\n|-heal|p2b: Calyrex|63/100|[silent]\n|upkeep\n|turn|8\n|\n|t:|1775596229\n|move|p2b: Calyrex|Leech Seed|p1b: Calyrex\n|-start|p1b: Calyrex|move: Leech Seed\n|move|p1b: Calyrex|Seed Bomb|p2b: Calyrex\n|-supereffective|p2b: Calyrex\n|-damage|p2b: Calyrex|33/100\n|move|p1a: Torkoal|Eruption|p2b: Calyrex\n|-resisted|p2b: Calyrex\n|-damage|p2b: Calyrex|26/100\n|\n|-weather|none\n|-heal|p2b: Calyrex|31/100|[from] item: Leftovers\n|-damage|p1b: Calyrex|31/100|[from] Leech Seed|[of] p2b: Calyrex\n|-heal|p2b: Calyrex|43/100|[silent]\n|-damage|p1a: Torkoal|0 fnt|[from] Leech Seed|[of] p2b: Calyrex\n|-heal|p2b: Calyrex|53/100|[silent]\n|faint|p1a: Torkoal\n|-sideend|p2: jd8erh|Reflect\n|upkeep\n|turn|9\n|\n|t:|1775596237\n|move|p2b: Calyrex|Protect|p2b: Calyrex\n|-singleturn|p2b: Calyrex|Protect\n|move|p1b: Calyrex|Seed Bomb|p2b: Calyrex\n|-activate|p2b: Calyrex|move: Protect\n|\n|-heal|p2b: Calyrex|58/100|[from] item: Leftovers\n|-damage|p1b: Calyrex|19/100|[from] Leech Seed|[of] p2b: Calyrex\n|-heal|p2b: Calyrex|71/100|[silent]\n|-fieldend|move: Electric Terrain\n|upkeep\n|turn|10\n|-message|Bicentenario forfeited.\n|\n|win|jd8erh\n|raw|Bicentenario's rating: 1611 &rarr; <strong>1588</strong><br />(-23 for losing)\n|raw|jd8erh's rating: 1560 &rarr; <strong>1583</strong><br />(+23 for winning)\n|l|\u2606Bicentenario\n|player|p1|\n|l|\u2606jd8erh\n|player|p2|\n","uploadtime":1775596429,"views":11,"formatid":"gen9vgc2026regi","rating":1583,"private":0,"password":null}