{"id":"gen9vgc2026regi-2543962844","format":"[Gen 9] VGC 2026 Reg I","players":["bbqsus","SnarkyShane"],"log":"|j|\u2606bbqsus\n|j|\u2606SnarkyShane\n|t:|1771635939\n|gametype|doubles\n|player|p1|bbqsus|brycenman|1385\n|player|p2|SnarkyShane|gambler|1494\n|gen|9\n|tier|[Gen 9] VGC 2026 Reg I\n|rated|\n|rule|Species Clause: Limit one of each Pok\u00e9mon\n|rule|Item Clause: Limit 1 of each item\n|clearpoke\n|poke|p1|Calyrex-Shadow, L50|\n|poke|p1|Smeargle, L50, F|\n|poke|p1|Torkoal, L50, F|\n|poke|p1|Flamigo, L50, F|\n|poke|p1|Eternatus, L50|\n|poke|p1|Muk-Alola, L50, M|\n|poke|p2|Rayquaza, L50|\n|poke|p2|Calyrex-Shadow, L50|\n|poke|p2|Chien-Pao, L50|\n|poke|p2|Ting-Lu, L50|\n|poke|p2|Amoonguss, L50, F|\n|poke|p2|Avalugg-Hisui, L50, M|\n|teampreview|4\n|inactive|Battle timer is ON: inactive players will automatically lose when time's up. (requested by SnarkyShane)\n|\n|t:|1771635960\n|teamsize|p1|4\n|teamsize|p2|4\n|start\n|switch|p1a: Smeargle|Smeargle, L50, F, shiny|100/100\n|switch|p1b: Muk|Muk-Alola, L50, M, shiny|100/100\n|switch|p2a: FesterinEquestrian|Calyrex-Shadow, L50|100/100\n|switch|p2b: Big Gulp|Ting-Lu, L50|100/100\n|-ability|p2a: FesterinEquestrian|As One\n|-ability|p2a: FesterinEquestrian|Unnerve\n|-ability|p2b: Big Gulp|Vessel of Ruin\n|turn|1\n|\n|t:|1771635975\n|move|p1a: Smeargle|Fake Out|p2b: Big Gulp\n|-damage|p2b: Big Gulp|98/100\n|move|p2a: FesterinEquestrian|Taunt|p1a: Smeargle\n|-start|p1a: Smeargle|move: Taunt\n|move|p1b: Muk|Minimize|p1b: Muk\n|-boost|p1b: Muk|evasion|2\n|cant|p2b: Big Gulp|flinch\n|\n|-ability|p1a: Smeargle|Moody|boost\n|-boost|p1a: Smeargle|spe|2\n|-unboost|p1a: Smeargle|spd|1\n|upkeep\n|turn|2\n|\n|t:|1771635994\n|move|p1a: Smeargle|Salt Cure|p2a: FesterinEquestrian\n|-damage|p2a: FesterinEquestrian|96/100\n|-start|p2a: FesterinEquestrian|Salt Cure\n|move|p2a: FesterinEquestrian|Astral Barrage|p1a: Smeargle|[spread] \n|-immune|p1a: Smeargle\n|-miss|p2a: FesterinEquestrian|p1b: Muk\n|move|p1b: Muk|Minimize|p1b: Muk\n|-boost|p1b: Muk|evasion|2\n|move|p2b: Big Gulp|Stomping Tantrum|p1a: Smeargle\n|-damage|p1a: Smeargle|0 fnt\n|faint|p1a: Smeargle\n|-ability|p1b: Muk|Moody|Power of Alchemy|[from] ability: Power of Alchemy|[of] p1a: Smeargle\n|\n|-damage|p2a: FesterinEquestrian|84/100|[from] Salt Cure\n|-ability|p1b: Muk|Moody|boost\n|-boost|p1b: Muk|spe|2\n|-unboost|p1b: Muk|def|1\n|upkeep\n|\n|t:|1771636011\n|switch|p1a: Flamigo|Flamigo, L50, F, shiny|100/100\n|-copyboost|p1a: Flamigo|p1b: Muk|[from] ability: Costar\n|-enditem|p1a: Flamigo|White Herb\n|-clearnegativeboost|p1a: Flamigo|[silent]\n|turn|3\n|\n|t:|1771636020\n|move|p1a: Flamigo|Tailwind|p1a: Flamigo\n|-sidestart|p1: bbqsus|move: Tailwind\n|move|p1b: Muk|Minimize|p1b: Muk\n|-boost|p1b: Muk|evasion|2\n|move|p2a: FesterinEquestrian|Psychic|p1a: Flamigo|[miss]\n|-miss|p2a: FesterinEquestrian|p1a: Flamigo\n|move|p2b: Big Gulp|Heavy Slam|p1b: Muk\n|-damage|p1b: Muk|0 fnt\n|faint|p1b: Muk\n|\n|-damage|p2a: FesterinEquestrian|72/100|[from] Salt Cure\n|upkeep\n|\n|t:|1771636032\n|switch|p1b: Calyrex|Calyrex-Shadow, L50|100/100\n|-ability|p1b: Calyrex|As One\n|-ability|p1b: Calyrex|Unnerve\n|turn|4\n|\n|t:|1771636044\n|-terastallize|p1b: Calyrex|Fairy\n|-terastallize|p2b: Big Gulp|Poison\n|move|p2a: FesterinEquestrian|Protect|p2a: FesterinEquestrian\n|-singleturn|p2a: FesterinEquestrian|Protect\n|move|p1a: Flamigo|Close Combat|p2b: Big Gulp\n|-resisted|p2b: Big Gulp\n|-damage|p2b: Big Gulp|83/100\n|-unboost|p1a: Flamigo|def|1\n|-unboost|p1a: Flamigo|spd|1\n|move|p1b: Calyrex|Draining Kiss|p2b: Big Gulp\n|-resisted|p2b: Big Gulp\n|-damage|p2b: Big Gulp|76/100\n|move|p2b: Big Gulp|Throat Chop|p1b: Calyrex\n|-resisted|p1b: Calyrex\n|-damage|p1b: Calyrex|75/100\n|-start|p1b: Calyrex|Throat Chop|[silent]\n|\n|-damage|p2a: FesterinEquestrian|60/100|[from] Salt Cure\n|upkeep\n|turn|5\n|\n|t:|1771636060\n|move|p1a: Flamigo|Brave Bird|p2b: Big Gulp\n|-damage|p2b: Big Gulp|41/100\n|-damage|p1a: Flamigo|81/100|[from] Recoil\n|move|p1b: Calyrex|Astral Barrage|p2b: Big Gulp|[spread] p2a,p2b\n|-supereffective|p2a: FesterinEquestrian\n|-damage|p2a: FesterinEquestrian|0 fnt\n|-damage|p2b: Big Gulp|21/100\n|faint|p2a: FesterinEquestrian\n|-ability|p1b: Calyrex|Grim Neigh|boost\n|-boost|p1b: Calyrex|spa|1\n|move|p2b: Big Gulp|Heavy Slam|p1b: Calyrex\n|-supereffective|p1b: Calyrex\n|-damage|p1b: Calyrex|0 fnt\n|faint|p1b: Calyrex\n|\n|upkeep\n|\n|t:|1771636069\n|switch|p2a: Noodle Del Muerte|Rayquaza, L50|100/100\n|-ability|p2a: Noodle Del Muerte|Air Lock\n|turn|6\n|-message|bbqsus forfeited.\n|\n|win|SnarkyShane\n|raw|bbqsus's rating: 1385 &rarr; <strong>1371</strong><br />(-14 for losing)\n|raw|SnarkyShane's rating: 1494 &rarr; <strong>1508</strong><br />(+14 for winning)\n|l|\u2606bbqsus\n|player|p1|\n|l|\u2606SnarkyShane\n|player|p2|\n","uploadtime":1771636297,"views":19,"formatid":"gen9vgc2026regi","rating":1371,"private":0,"password":null}