{"id":"gen9vgc2026regi-2574058675","format":"[Gen 9] VGC 2026 Reg I","players":["migrainelad2","blackred123"],"log":"|j|\u2606migrainelad2\n|j|\u2606blackred123\n|t:|1775195029\n|gametype|doubles\n|player|p1|migrainelad2|flint|1338\n|player|p2|blackred123|iono-masters|1436\n|gen|9\n|tier|[Gen 9] VGC 2026 Reg I\n|rated|\n|rule|Species Clause: Limit one of each Pok\u00e9mon\n|rule|Item Clause: Limit 1 of each item\n|clearpoke\n|poke|p1|Raichu-Alola, L50, F|\n|poke|p1|Miraidon, L50|\n|poke|p1|Farigiraf, L50, M|\n|poke|p1|Kyogre, L50|\n|poke|p1|Araquanid, L50, F|\n|poke|p1|Rhyperior, L50, M|\n|poke|p2|Kyogre, L50|\n|poke|p2|Zamazenta-*, L50|\n|poke|p2|Chien-Pao, L50|\n|poke|p2|Amoonguss, L50, F|\n|poke|p2|Dragonite, L50, M|\n|poke|p2|Rillaboom, L50, F|\n|teampreview|4\n|inactive|Battle timer is ON: inactive players will automatically lose when time's up. (requested by blackred123)\n|inactive|migrainelad2 has 60 seconds left.\n|\n|t:|1775195070\n|teamsize|p1|4\n|teamsize|p2|4\n|start\n|switch|p1a: Raichu|Raichu-Alola, L50, F|100/100\n|switch|p1b: Farigiraf|Farigiraf, L50, M|100/100\n|switch|p2a: Zamazenta|Zamazenta-Crowned, L50|100/100\n|switch|p2b: Rillaboom|Rillaboom, L50, F|100/100\n|-ability|p2a: Zamazenta|Dauntless Shield|boost\n|-boost|p2a: Zamazenta|def|1\n|-fieldstart|move: Grassy Terrain|[from] ability: Grassy Surge|[of] p2b: Rillaboom\n|turn|1\n|\n|t:|1775195084\n|switch|p1a: Miraidon|Miraidon, L50|100/100\n|-fieldstart|move: Electric Terrain|[from] ability: Hadron Engine|[of] p1a: Miraidon\n|move|p2a: Zamazenta|Heavy Slam|p1b: Farigiraf\n|-damage|p1b: Farigiraf|59/100\n|move|p2b: Rillaboom|U-turn|p1b: Farigiraf\n|-supereffective|p1b: Farigiraf\n|-damage|p1b: Farigiraf|11/100\n|\n|t:|1775195094\n|switch|p2b: Dragonite|Dragonite, L50, M|100/100|[from] U-turn\n|move|p1b: Farigiraf|Hyper Voice|p2b: Dragonite|[spread] p2a,p2b\n|-resisted|p2a: Zamazenta\n|-damage|p2a: Zamazenta|89/100\n|-damage|p2b: Dragonite|71/100\n|-enditem|p1b: Farigiraf|Throat Spray\n|-boost|p1b: Farigiraf|spa|1|[from] item: Throat Spray\n|\n|upkeep\n|turn|2\n|\n|t:|1775195112\n|switch|p2b: Rillaboom|Rillaboom, L50, F|100/100\n|-fieldstart|move: Grassy Terrain|[from] ability: Grassy Surge|[of] p2b: Rillaboom\n|move|p1b: Farigiraf|Helping Hand|p1a: Miraidon\n|-singleturn|p1a: Miraidon|Helping Hand|[of] p1b: Farigiraf\n|move|p1a: Miraidon|Volt Switch|p2a: Zamazenta\n|-damage|p2a: Zamazenta|19/100\n|\n|t:|1775195121\n|switch|p1a: Kyogre|Kyogre, L50|100/100|[from] Volt Switch\n|-weather|RainDance|[from] ability: Drizzle|[of] p1a: Kyogre\n|move|p2a: Zamazenta|Heavy Slam|p1b: Farigiraf\n|-damage|p1b: Farigiraf|0 fnt\n|faint|p1b: Farigiraf\n|\n|-weather|RainDance|[upkeep]\n|-heal|p2a: Zamazenta|25/100|[from] Grassy Terrain\n|upkeep\n|\n|t:|1775195127\n|switch|p1b: Miraidon|Miraidon, L50|100/100\n|-fieldstart|move: Electric Terrain|[from] ability: Hadron Engine|[of] p1b: Miraidon\n|turn|3\n|j| zacattack110\n|\n|t:|1775195140\n|-terastallize|p1b: Miraidon|Flying\n|move|p2b: Rillaboom|Fake Out|p1b: Miraidon\n|-damage|p1b: Miraidon|89/100\n|move|p1a: Kyogre|Water Spout|p2b: Rillaboom|[spread] p2a,p2b\n|-resisted|p2b: Rillaboom\n|-damage|p2a: Zamazenta|0 fnt\n|-damage|p2b: Rillaboom|62/100\n|faint|p2a: Zamazenta\n|cant|p1b: Miraidon|flinch\n|\n|-weather|RainDance|[upkeep]\n|upkeep\n|\n|t:|1775195151\n|switch|p2a: Kyogre|Kyogre, L50|100/100\n|turn|4\n|\n|t:|1775195161\n|move|p1a: Kyogre|Water Spout|p2a: Kyogre|[spread] p2a,p2b\n|-resisted|p2a: Kyogre\n|-resisted|p2b: Rillaboom\n|-crit|p2b: Rillaboom\n|-damage|p2a: Kyogre|63/100\n|-damage|p2b: Rillaboom|7/100\n|move|p2a: Kyogre|Water Spout|p1b: Miraidon|[spread] p1a,p1b\n|-resisted|p1a: Kyogre\n|-damage|p1a: Kyogre|75/100\n|-damage|p1b: Miraidon|43/100\n|move|p1b: Miraidon|Volt Switch|p2a: Kyogre\n|-supereffective|p2a: Kyogre\n|-damage|p2a: Kyogre|0 fnt\n|faint|p2a: Kyogre\n|\n|t:|1775195170\n|switch|p1b: Raichu|Raichu-Alola, L50, F|100/100|[from] Volt Switch\n|move|p2b: Rillaboom|Wood Hammer|p1a: Kyogre\n|-supereffective|p1a: Kyogre\n|-damage|p1a: Kyogre|0 fnt\n|faint|p1a: Kyogre\n|-damage|p2b: Rillaboom|0 fnt|[from] Recoil\n|faint|p2b: Rillaboom\n|\n|-weather|RainDance|[upkeep]\n|upkeep\n|\n|t:|1775195175\n|switch|p1a: Miraidon|Miraidon, L50, tera:Flying|43/100\n|switch|p2b: Dragonite|Dragonite, L50, M|71/100\n|-activate|p1a: Miraidon|ability: Hadron Engine\n|turn|5\n|\n|t:|1775195185\n|-terastallize|p2b: Dragonite|Normal\n|move|p2b: Dragonite|Extreme Speed|p1a: Miraidon\n|-damage|p1a: Miraidon|0 fnt\n|faint|p1a: Miraidon\n|move|p1b: Raichu|Nuzzle|p2b: Dragonite\n|-damage|p2b: Dragonite|61/100\n|-status|p2b: Dragonite|par\n|\n|-weather|RainDance|[upkeep]\n|upkeep\n|turn|6\n|\n|t:|1775195193\n|move|p2b: Dragonite|Extreme Speed|p1b: Raichu\n|-damage|p1b: Raichu|0 fnt\n|faint|p1b: Raichu\n|\n|win|blackred123\n|raw|migrainelad2's rating: 1338 &rarr; <strong>1323</strong><br />(-15 for losing)\n|raw|blackred123's rating: 1436 &rarr; <strong>1451</strong><br />(+15 for winning)\n|l|\u2606migrainelad2\n|player|p1|\n|l|\u2606blackred123\n|player|p2|\n|l| zacattack110\n","uploadtime":1775195402,"views":10,"formatid":"gen9vgc2026regi","rating":1323,"private":0,"password":null}