{"id":"gen9vgc2026regi-2584389181","format":"[Gen 9] VGC 2026 Reg I","players":["avarussurava","shecallmedada"],"log":"|j|\u2606avarussurava\n|j|\u2606shecallmedada\n|t:|1776257221\n|gametype|doubles\n|player|p1|avarussurava|101|1364\n|player|p2|shecallmedada|burglar-gen1rb|1464\n|gen|9\n|tier|[Gen 9] VGC 2026 Reg I\n|rated|\n|rule|Species Clause: Limit one of each Pok\u00e9mon\n|rule|Item Clause: Limit 1 of each item\n|clearpoke\n|poke|p1|Kyogre, L50|\n|poke|p1|Tyranitar, L50, F|\n|poke|p1|Zamazenta-*, L50|\n|poke|p1|Gastrodon, L50, F|\n|poke|p1|Sinistcha, L50|\n|poke|p1|Ceruledge, L50, M|\n|poke|p2|Iron Bundle, L50|\n|poke|p2|Farigiraf, L50, M|\n|poke|p2|Calyrex-Ice, L50|\n|poke|p2|Miraidon, L50|\n|poke|p2|Iron Hands, L50|\n|poke|p2|Annihilape, L50, F|\n|teampreview|4\navarussurava rejected open team sheets.\n|\n|t:|1776257285\n|teamsize|p1|4\n|teamsize|p2|4\n|start\n|switch|p1a: Zamazenta|Zamazenta-Crowned, L50|100/100\n|switch|p1b: Ceruledge|Ceruledge, L50, M|100/100\n|switch|p2a: Miraidon|Miraidon, L50|100/100\n|switch|p2b: Calyrex|Calyrex-Ice, L50|100/100\n|-ability|p2b: Calyrex|As One\n|-ability|p2b: Calyrex|Unnerve\n|-fieldstart|move: Electric Terrain|[from] ability: Hadron Engine|[of] p2a: Miraidon\n|-ability|p1a: Zamazenta|Dauntless Shield|boost\n|-boost|p1a: Zamazenta|def|1\n|turn|1\n|\n|t:|1776257321\n|-terastallize|p1a: Zamazenta|Ground\n|-terastallize|p2b: Calyrex|Fairy\n|move|p2a: Miraidon|Volt Switch|p1a: Zamazenta\n|-immune|p1a: Zamazenta\n|move|p1a: Zamazenta|Iron Defense|p1a: Zamazenta\n|-boost|p1a: Zamazenta|def|2\n|move|p1b: Ceruledge|Taunt|p2b: Calyrex\n|-start|p2b: Calyrex|move: Taunt\n|cant|p2b: Calyrex|move: Taunt|Trick Room\n|\n|upkeep\n|turn|2\n|\n|t:|1776257338\n|switch|p1b: Gastrodon|Gastrodon, L50, F|100/100\n|move|p2a: Miraidon|Volt Switch|p1b: Gastrodon\n|-immune|p1b: Gastrodon\n|move|p1a: Zamazenta|Body Press|p2a: Miraidon\n|-damage|p2a: Miraidon|0 fnt\n|faint|p2a: Miraidon\n|move|p2b: Calyrex|Glacial Lance|p1a: Zamazenta|[spread] p1a,p1b\n|-supereffective|p1a: Zamazenta\n|-damage|p1a: Zamazenta|71/100\n|-damage|p1b: Gastrodon|37/100\n|\n|upkeep\n|\n|t:|1776257345\n|switch|p2a: Iron Hands|Iron Hands, L50|100/100\n|-activate|p2a: Iron Hands|ability: Quark Drive\n|-start|p2a: Iron Hands|quarkdriveatk\n|turn|3\n|\n|t:|1776257358\n|move|p1b: Gastrodon|Protect|p1b: Gastrodon\n|-singleturn|p1b: Gastrodon|Protect\n|move|p2a: Iron Hands|Fake Out|p1a: Zamazenta\n|-damage|p1a: Zamazenta|66/100\n|cant|p1a: Zamazenta|flinch\n|move|p2b: Calyrex|Glacial Lance|p1b: Gastrodon|[spread] p1a\n|-activate|p1b: Gastrodon|move: Protect\n|-supereffective|p1a: Zamazenta\n|-damage|p1a: Zamazenta|39/100\n|\n|-end|p2b: Calyrex|move: Taunt\n|upkeep\n|turn|4\n|\n|t:|1776257386\n|switch|p1b: Sinistcha|Sinistcha, L50|100/100\n|-heal|p1a: Zamazenta|64/100|[from] ability: Hospitality|[of] p1b: Sinistcha\n|move|p1a: Zamazenta|Iron Defense|p1a: Zamazenta\n|-boost|p1a: Zamazenta|def|2\n|move|p2a: Iron Hands|Drain Punch|p1b: Sinistcha\n|-immune|p1b: Sinistcha\n|move|p2b: Calyrex|Trick Room|p2b: Calyrex\n|-fieldstart|move: Trick Room|[of] p2b: Calyrex\n|\n|upkeep\n|turn|5\n|\n|t:|1776257402\n|move|p1a: Zamazenta|Wide Guard|p1a: Zamazenta\n|-singleturn|p1a: Zamazenta|Wide Guard\n|move|p2a: Iron Hands|Low Kick|p1a: Zamazenta\n|-damage|p1a: Zamazenta|49/100\n|move|p2b: Calyrex|Glacial Lance|p1a: Zamazenta|[spread] \n|-activate|p1a: Zamazenta|move: Wide Guard\n|-activate|p1b: Sinistcha|move: Wide Guard\n|move|p1b: Sinistcha|Matcha Gotcha|p2b: Calyrex|[spread] p2a,p2b\n|-damage|p2a: Iron Hands|84/100\n|-damage|p2b: Calyrex|83/100\n|\n|-heal|p2b: Calyrex|88/100|[from] item: Leftovers\n|-fieldend|move: Electric Terrain\n|-end|p2a: Iron Hands|Quark Drive\n|upkeep\n|turn|6\n|\n|t:|1776257423\n|move|p1a: Zamazenta|Wide Guard|p1a: Zamazenta\n|-singleturn|p1a: Zamazenta|Wide Guard\n|move|p1b: Sinistcha|Rage Powder|p1b: Sinistcha\n|-singleturn|p1b: Sinistcha|move: Rage Powder\n|move|p2a: Iron Hands|Low Kick|p1b: Sinistcha\n|-immune|p1b: Sinistcha\n|move|p2b: Calyrex|Leech Seed|p1b: Sinistcha\n|-immune|p1b: Sinistcha\n|\n|-heal|p2b: Calyrex|94/100|[from] item: Leftovers\n|upkeep\n|turn|7\n|-message|shecallmedada forfeited.\n|\n|win|avarussurava\n|raw|avarussurava's rating: 1364 &rarr; <strong>1390</strong><br />(+26 for winning)\n|raw|shecallmedada's rating: 1464 &rarr; <strong>1438</strong><br />(-26 for losing)\n|l|\u2606shecallmedada\n|player|p2|\n","uploadtime":1776257437,"views":9,"formatid":"gen9vgc2026regi","rating":1390,"private":0,"password":null}