{"id":"gen9vgc2026regi-2545395419","format":"[Gen 9] VGC 2026 Reg I","players":["ryo8989","boundman101"],"log":"|j|\u2606ryo8989\n|j|\u2606boundman101\n|t:|1771842855\n|gametype|doubles\n|player|p1|ryo8989|erika|1363\n|player|p2|boundman101|2|1246\n|gen|9\n|tier|[Gen 9] VGC 2026 Reg I\n|rated|\n|rule|Species Clause: Limit one of each Pok\u00e9mon\n|rule|Item Clause: Limit 1 of each item\n|clearpoke\n|poke|p1|Calyrex-Shadow, L50|\n|poke|p1|Zamazenta-*, L50|\n|poke|p1|Raging Bolt, L50|\n|poke|p1|Tornadus, L50, M|\n|poke|p1|Urshifu-*, L50, F|\n|poke|p1|Indeedee-F, L50, F|\n|poke|p2|Calyrex-Shadow, L50|\n|poke|p2|Zamazenta-*, L50|\n|poke|p2|Rillaboom, L50, F|\n|poke|p2|Incineroar, L50, F|\n|poke|p2|Ditto, L50|\n|poke|p2|Whimsicott, L50, M|\n|teampreview|4\n|\n|t:|1771842876\n|teamsize|p1|4\n|teamsize|p2|4\n|start\n|switch|p1a: Zamazenta|Zamazenta-Crowned, L50, shiny|100/100\n|switch|p1b: Tornadus|Tornadus, L50, M|100/100\n|switch|p2a: Incineroar|Incineroar, L50, F|100/100\n|switch|p2b: Calyrex|Calyrex-Shadow, L50|100/100\n|-ability|p2b: Calyrex|As One\n|-ability|p2b: Calyrex|Unnerve\n|-ability|p1a: Zamazenta|Dauntless Shield|boost\n|-boost|p1a: Zamazenta|def|1\n|-ability|p2a: Incineroar|Intimidate|boost\n|-unboost|p1a: Zamazenta|atk|1\n|-unboost|p1b: Tornadus|atk|1\n|turn|1\n|inactive|Battle timer is ON: inactive players will automatically lose when time's up. (requested by boundman101)\n|\n|t:|1771842905\n|switch|p2a: Ditto|Ditto, L50|100/100\n|-transform|p2a: Ditto|p1b: Tornadus|[from] ability: Imposter\n|move|p1a: Zamazenta|Wide Guard|p1a: Zamazenta\n|-singleturn|p1a: Zamazenta|Wide Guard\n|move|p1b: Tornadus|Taunt|p2b: Calyrex\n|-start|p2b: Calyrex|move: Taunt\n|cant|p2b: Calyrex|move: Taunt|Nasty Plot\n|\n|upkeep\n|turn|2\n|inactive|boundman101 has 30 seconds left.\n|\n|t:|1771842937\n|-terastallize|p2b: Calyrex|Fighting\n|move|p2a: Ditto|Taunt|p1b: Tornadus\n|-start|p1b: Tornadus|move: Taunt\n|cant|p1b: Tornadus|move: Taunt|Tailwind\n|move|p2b: Calyrex|Tera Blast|p1a: Zamazenta|[anim] Tera Blast Fighting\n|-supereffective|p1a: Zamazenta\n|-damage|p1a: Zamazenta|40/100\n|move|p1a: Zamazenta|Heavy Slam|p2b: Calyrex\n|-damage|p2b: Calyrex|60/100\n|\n|upkeep\n|turn|3\n|\n|t:|1771842953\n|move|p1a: Zamazenta|Wide Guard|p1a: Zamazenta\n|-singleturn|p1a: Zamazenta|Wide Guard\n|move|p2a: Ditto|Taunt|p1a: Zamazenta\n|-start|p1a: Zamazenta|move: Taunt\n|move|p2b: Calyrex|Astral Barrage|p1b: Tornadus|[spread] \n|-activate|p1a: Zamazenta|move: Wide Guard\n|-activate|p1b: Tornadus|move: Wide Guard\n|move|p1b: Tornadus|Bleakwind Storm|p2a: Ditto|[spread] p2a,p2b\n|-supereffective|p2b: Calyrex\n|-damage|p2a: Ditto|44/100\n|-damage|p2b: Calyrex|0 fnt\n|faint|p2b: Calyrex\n|\n|upkeep\n|\n|t:|1771842968\n|switch|p2b: Zamazenta|Zamazenta-Crowned, L50|100/100\n|-ability|p2b: Zamazenta|Dauntless Shield|boost\n|-boost|p2b: Zamazenta|def|1\n|turn|4\n|\n|t:|1771842980\n|switch|p2a: Incineroar|Incineroar, L50, F|100/100\n|-ability|p2a: Incineroar|Intimidate|boost\n|-unboost|p1a: Zamazenta|atk|1\n|-unboost|p1b: Tornadus|atk|1\n|move|p1a: Zamazenta|Heavy Slam|p2a: Incineroar\n|-resisted|p2a: Incineroar\n|-damage|p2a: Incineroar|92/100\n|move|p1b: Tornadus|Bleakwind Storm|p2a: Incineroar|[spread] p2a,p2b\n|-damage|p2a: Incineroar|64/100\n|-damage|p2b: Zamazenta|78/100\n|-unboost|p2b: Zamazenta|spe|1\n|move|p2b: Zamazenta|Iron Defense|p2b: Zamazenta\n|-boost|p2b: Zamazenta|def|2\n|\n|-end|p1b: Tornadus|move: Taunt\n|upkeep\n|turn|5\n|inactive|ryo8989 has 30 seconds left.\n|inactive|boundman101 has 30 seconds left.\n|inactive|boundman101 has 20 seconds left.\n|inactive|boundman101 has 15 seconds left.\n|inactive|boundman101 has 10 seconds left.\n|\n|t:|1771843025\n|move|p2a: Incineroar|Fake Out|p1a: Zamazenta\n|-resisted|p1a: Zamazenta\n|-damage|p1a: Zamazenta|38/100\n|move|p1b: Tornadus|Taunt|p2b: Zamazenta\n|-start|p2b: Zamazenta|move: Taunt\n|cant|p1a: Zamazenta|flinch\n|move|p2b: Zamazenta|Body Press|p1a: Zamazenta\n|-supereffective|p1a: Zamazenta\n|-damage|p1a: Zamazenta|0 fnt\n|faint|p1a: Zamazenta\n|\n|upkeep\n|\n|t:|1771843039\n|switch|p1a: Calyrex|Calyrex-Shadow, L50|100/100\n|-ability|p1a: Calyrex|As One\n|-ability|p1a: Calyrex|Unnerve\n|turn|6\n|\n|t:|1771843053\n|-terastallize|p1a: Calyrex|Ground\n|move|p1a: Calyrex|Tera Blast|p2a: Incineroar|[anim] Tera Blast Ground\n|-supereffective|p2a: Incineroar\n|-damage|p2a: Incineroar|0 fnt\n|faint|p2a: Incineroar\n|-ability|p1a: Calyrex|Grim Neigh|boost\n|-boost|p1a: Calyrex|spa|1\n|move|p1b: Tornadus|Bleakwind Storm|p2b: Zamazenta\n|-damage|p2b: Zamazenta|46/100\n|-unboost|p2b: Zamazenta|spe|1\n|move|p2b: Zamazenta|Behemoth Bash|p1a: Calyrex\n|-damage|p1a: Calyrex|56/100\n|\n|upkeep\n|\n|t:|1771843070\n|switch|p2a: Ditto|Ditto, L50|44/100\n|-transform|p2a: Ditto|p1b: Tornadus|[from] ability: Imposter\n|turn|7\n|\n|t:|1771843084\n|move|p1b: Tornadus|Tailwind|p1b: Tornadus\n|-sidestart|p1: ryo8989|move: Tailwind\n|move|p1a: Calyrex|Tera Blast|p2b: Zamazenta|[anim] Tera Blast Ground\n|-supereffective|p2b: Zamazenta\n|-crit|p2b: Zamazenta\n|-damage|p2b: Zamazenta|0 fnt\n|faint|p2b: Zamazenta\n|-ability|p1a: Calyrex|Grim Neigh|boost\n|-boost|p1a: Calyrex|spa|1\n|move|p2a: Ditto|Bleakwind Storm|p1a: Calyrex|[spread] p1a\n|-miss|p2a: Ditto|p1b: Tornadus\n|-damage|p1a: Calyrex|18/100\n|\n|upkeep\n|turn|8\n|-message|boundman101 forfeited.\n|\n|win|ryo8989\n|raw|ryo8989's rating: 1363 &rarr; <strong>1377</strong><br />(+14 for winning)\n|raw|boundman101's rating: 1246 &rarr; <strong>1229</strong><br />(-17 for losing)\n|l|\u2606boundman101\n|player|p2|\n|l|\u2606ryo8989\n|player|p1|\n","uploadtime":1771843237,"views":12,"formatid":"gen9vgc2026regi","rating":1229,"private":0,"password":null}