{"id":"gen9vgc2026regi-2530559747","format":"[Gen 9] VGC 2026 Reg I","players":["tmpoke","blackred123"],"log":"|j|\u2606tmpoke\n|j|\u2606blackred123\n|t:|1769939381\n|gametype|doubles\n|player|p1|tmpoke|265|1214\n|player|p2|blackred123|iono-masters|1355\n|gen|9\n|tier|[Gen 9] VGC 2026 Reg I\n|rated|\n|rule|Species Clause: Limit one of each Pok\u00e9mon\n|rule|Item Clause: Limit 1 of each item\n|clearpoke\n|poke|p1|Miraidon, L50|\n|poke|p1|Calyrex-Ice, L50|\n|poke|p1|Urshifu-*, L50, F|\n|poke|p1|Ting-Lu, L50|\n|poke|p1|Whimsicott, L50, F|\n|poke|p1|Ogerpon-Hearthflame, L50, F|\n|poke|p2|Zacian-*, L50|\n|poke|p2|Kyogre, L50|\n|poke|p2|Amoonguss, L50, F|\n|poke|p2|Incineroar, L50, F|\n|poke|p2|Urshifu-*, L50, M|\n|poke|p2|Iron Jugulis, L50|\n|teampreview|4\n|inactive|Battle timer is ON: inactive players will automatically lose when time's up. (requested by blackred123)\n|inactive|tmpoke has 60 seconds left.\n|\n|t:|1769939432\n|teamsize|p1|4\n|teamsize|p2|4\n|start\n|switch|p1a: Whimsicott|Whimsicott, L50, F|100/100\n|switch|p1b: Miraidon|Miraidon, L50|100/100\n|switch|p2a: \u963f\u5c14\u6258\u8389\u96c5|Zacian-Crowned, L50, shiny|100/100\n|switch|p2b: \u4e3b\u4eba\ud83d\ude2d\ud83e\udd75|Incineroar, L50, F|100/100\n|-ability|p2a: \u963f\u5c14\u6258\u8389\u96c5|Intrepid Sword|boost\n|-boost|p2a: \u963f\u5c14\u6258\u8389\u96c5|atk|1\n|-fieldstart|move: Electric Terrain|[from] ability: Hadron Engine|[of] p1b: Miraidon\n|-ability|p2b: \u4e3b\u4eba\ud83d\ude2d\ud83e\udd75|Intimidate|boost\n|-unboost|p1a: Whimsicott|atk|1\n|-unboost|p1b: Miraidon|atk|1\n|turn|1\n|inactive|tmpoke has 30 seconds left.\n|\n|t:|1769939462\n|switch|p1b: Ogerpon|Ogerpon-Hearthflame, L50, F|100/100\n|-ability|p1b: Ogerpon|Mold Breaker\n|-terastallize|p1a: Whimsicott|Ghost\n|move|p2b: \u4e3b\u4eba\ud83d\ude2d\ud83e\udd75|Fake Out|p1b: Ogerpon\n|-damage|p1b: Ogerpon|87/100\n|move|p1a: Whimsicott|Tailwind|p1a: Whimsicott\n|-sidestart|p1: tmpoke|move: Tailwind\n|move|p2a: \u963f\u5c14\u6258\u8389\u96c5|Behemoth Blade|p1a: Whimsicott\n|-enditem|p1a: Whimsicott|Focus Sash\n|-damage|p1a: Whimsicott|1/100\n|\n|upkeep\n|turn|2\n|\n|t:|1769939483\n|move|p2a: \u963f\u5c14\u6258\u8389\u96c5|Protect|p2a: \u963f\u5c14\u6258\u8389\u96c5\n|-singleturn|p2a: \u963f\u5c14\u6258\u8389\u96c5|Protect\n|move|p1a: Whimsicott|Sunny Day|p1a: Whimsicott\n|-weather|SunnyDay\n|move|p1b: Ogerpon|Ivy Cudgel|p2a: \u963f\u5c14\u6258\u8389\u96c5|[anim] Ivy Cudgel Fire\n|-activate|p2a: \u963f\u5c14\u6258\u8389\u96c5|move: Protect\n|move|p2b: \u4e3b\u4eba\ud83d\ude2d\ud83e\udd75|Will-O-Wisp|p1b: Ogerpon\n|-immune|p1b: Ogerpon\n|\n|-weather|SunnyDay|[upkeep]\n|upkeep\n|turn|3\n|inactive|tmpoke has 30 seconds left.\n|inactive|blackred123 has 30 seconds left.\n|\n|t:|1769939515\n|switch|p1a: Urshifu|Urshifu-Rapid-Strike, L50, F|100/100\n|switch|p2a: \u55f7\u545c\uff5e|Iron Jugulis, L50|100/100\n|-activate|p2a: \u55f7\u545c\uff5e|ability: Quark Drive\n|-start|p2a: \u55f7\u545c\uff5e|quarkdrivespe\n|move|p1b: Ogerpon|Spiky Shield|p1b: Ogerpon\n|-singleturn|p1b: Ogerpon|move: Protect\n|move|p2b: \u4e3b\u4eba\ud83d\ude2d\ud83e\udd75|Knock Off|p1a: Urshifu\n|-resisted|p1a: Urshifu\n|-damage|p1a: Urshifu|80/100\n|-enditem|p1a: Urshifu|Choice Scarf|[from] move: Knock Off|[of] p2b: \u4e3b\u4eba\ud83d\ude2d\ud83e\udd75\n|\n|-weather|SunnyDay|[upkeep]\n|upkeep\n|turn|4\n|inactive|tmpoke has 30 seconds left.\n|inactive|blackred123 has 30 seconds left.\n|\n|t:|1769939551\n|switch|p2b: \u9a6c\u5243\u5929\u7231\u661f|Kyogre, L50, shiny|100/100\n|-weather|RainDance|[from] ability: Drizzle|[of] p2b: \u9a6c\u5243\u5929\u7231\u661f\n|move|p1b: Ogerpon|Follow Me|p1b: Ogerpon\n|-singleturn|p1b: Ogerpon|move: Follow Me\n|move|p1a: Urshifu|Close Combat|p2b: \u9a6c\u5243\u5929\u7231\u661f\n|-crit|p2b: \u9a6c\u5243\u5929\u7231\u661f\n|-damage|p2b: \u9a6c\u5243\u5929\u7231\u661f|15/100\n|-unboost|p1a: Urshifu|def|1\n|-unboost|p1a: Urshifu|spd|1\n|move|p2a: \u55f7\u545c\uff5e|Tailwind|p2a: \u55f7\u545c\uff5e\n|-sidestart|p2: blackred123|move: Tailwind\n|\n|-weather|RainDance|[upkeep]\n|-sideend|p1: tmpoke|move: Tailwind\n|upkeep\n|turn|5\n|\n|t:|1769939575\n|move|p1b: Ogerpon|Spiky Shield|p1b: Ogerpon\n|-singleturn|p1b: Ogerpon|move: Protect\n|move|p1a: Urshifu|Aqua Jet|p2b: \u9a6c\u5243\u5929\u7231\u661f\n|-resisted|p2b: \u9a6c\u5243\u5929\u7231\u661f\n|-damage|p2b: \u9a6c\u5243\u5929\u7231\u661f|1/100\n|move|p2a: \u55f7\u545c\uff5e|Hurricane|p1b: Ogerpon\n|-activate|p1b: Ogerpon|move: Protect\n|move|p2b: \u9a6c\u5243\u5929\u7231\u661f|Thunder|p1a: Urshifu\n|-supereffective|p1a: Urshifu\n|-damage|p1a: Urshifu|0 fnt\n|faint|p1a: Urshifu\n|\n|-weather|RainDance|[upkeep]\n|-fieldend|move: Electric Terrain\n|-end|p2a: \u55f7\u545c\uff5e|Quark Drive\n|upkeep\n|-enditem|p2a: \u55f7\u545c\uff5e|Booster Energy\n|-activate|p2a: \u55f7\u545c\uff5e|ability: Quark Drive|[fromitem]\n|-start|p2a: \u55f7\u545c\uff5e|quarkdrivespe\n|\n|t:|1769939596\n|switch|p1a: Whimsicott|Whimsicott, L50, F, tera:Ghost|1/100\n|turn|6\n|\n|t:|1769939611\n|move|p1a: Whimsicott|Sunny Day|p1a: Whimsicott\n|-weather|SunnyDay\n|move|p2a: \u55f7\u545c\uff5e|Hurricane|p1b: Ogerpon|[miss]\n|-miss|p2a: \u55f7\u545c\uff5e|p1b: Ogerpon\n|move|p2b: \u9a6c\u5243\u5929\u7231\u661f|Origin Pulse|p1a: Whimsicott|[spread] p1a,p1b\n|-damage|p1a: Whimsicott|0 fnt\n|-damage|p1b: Ogerpon|63/100\n|faint|p1a: Whimsicott\n|move|p1b: Ogerpon|Ivy Cudgel|p2a: \u55f7\u545c\uff5e|[anim] Ivy Cudgel Fire\n|-damage|p2a: \u55f7\u545c\uff5e|12/100\n|\n|-weather|SunnyDay|[upkeep]\n|upkeep\n|\n|t:|1769939624\n|switch|p1a: Miraidon|Miraidon, L50|100/100\n|-fieldstart|move: Electric Terrain|[from] ability: Hadron Engine|[of] p1a: Miraidon\n|turn|7\n|\n|t:|1769939643\n|move|p2a: \u55f7\u545c\uff5e|Protect|p2a: \u55f7\u545c\uff5e\n|-singleturn|p2a: \u55f7\u545c\uff5e|Protect\n|move|p2b: \u9a6c\u5243\u5929\u7231\u661f|Ice Beam|p1a: Miraidon\n|-supereffective|p1a: Miraidon\n|-damage|p1a: Miraidon|35/100\n|move|p1a: Miraidon|Electro Drift|p2b: \u9a6c\u5243\u5929\u7231\u661f\n|-supereffective|p2b: \u9a6c\u5243\u5929\u7231\u661f\n|-damage|p2b: \u9a6c\u5243\u5929\u7231\u661f|0 fnt\n|faint|p2b: \u9a6c\u5243\u5929\u7231\u661f\n|move|p1b: Ogerpon|Ivy Cudgel|p2a: \u55f7\u545c\uff5e|[anim] Ivy Cudgel Fire\n|-activate|p2a: \u55f7\u545c\uff5e|move: Protect\n|\n|-weather|SunnyDay|[upkeep]\n|-sideend|p2: blackred123|move: Tailwind\n|upkeep\n|\n|t:|1769939652\n|switch|p2b: \u963f\u5c14\u6258\u8389\u96c5|Zacian-Crowned, L50, shiny|100/100\n|turn|8\n|inactive|blackred123 has 30 seconds left.\n|\n|t:|1769939696\n|move|p2b: \u963f\u5c14\u6258\u8389\u96c5|Protect|p2b: \u963f\u5c14\u6258\u8389\u96c5\n|-singleturn|p2b: \u963f\u5c14\u6258\u8389\u96c5|Protect\n|move|p1b: Ogerpon|Follow Me|p1b: Ogerpon\n|-singleturn|p1b: Ogerpon|move: Follow Me\n|move|p2a: \u55f7\u545c\uff5e|Hurricane|p1b: Ogerpon\n|-supereffective|p1b: Ogerpon\n|-damage|p1b: Ogerpon|0 fnt\n|faint|p1b: Ogerpon\n|move|p1a: Miraidon|Electro Drift|p2a: \u55f7\u545c\uff5e\n|-supereffective|p2a: \u55f7\u545c\uff5e\n|-damage|p2a: \u55f7\u545c\uff5e|0 fnt\n|faint|p2a: \u55f7\u545c\uff5e\n|-end|p2a: \u55f7\u545c\uff5e|Quark Drive|[silent]\n|\n|-weather|SunnyDay|[upkeep]\n|upkeep\n|\n|t:|1769939707\n|switch|p2a: \u4e3b\u4eba\ud83d\ude2d\ud83e\udd75|Incineroar, L50, F|100/100\n|-ability|p2a: \u4e3b\u4eba\ud83d\ude2d\ud83e\udd75|Intimidate|boost\n|-unboost|p1a: Miraidon|atk|1\n|turn|9\n|inactive|tmpoke has 30 seconds left.\n|\n|t:|1769939740\n|move|p2a: \u4e3b\u4eba\ud83d\ude2d\ud83e\udd75|Fake Out|p1a: Miraidon\n|-damage|p1a: Miraidon|25/100\n|move|p2b: \u963f\u5c14\u6258\u8389\u96c5|Play Rough|p1a: Miraidon\n|-supereffective|p1a: Miraidon\n|-damage|p1a: Miraidon|0 fnt\n|faint|p1a: Miraidon\n|\n|win|blackred123\n|raw|tmpoke's rating: 1214 &rarr; <strong>1199</strong><br />(-15 for losing)\n|raw|blackred123's rating: 1355 &rarr; <strong>1367</strong><br />(+12 for winning)\n|l|\u2606tmpoke\n|player|p1|\n|l|\u2606blackred123\n|player|p2|\n","uploadtime":1769940078,"views":12,"formatid":"gen9vgc2026regi","rating":1199,"private":0,"password":null}