{"id":"gen9vgc2026regi-2550018561","format":"[Gen 9] VGC 2026 Reg I","players":["sddfghh","EllenJoe2026"],"log":"|j|\u2606sddfghh\n|j|\u2606EllenJoe2026\n|t:|1772442564\n|gametype|doubles\n|player|p1|sddfghh|101|1272\n|player|p2|EllenJoe2026|iono|1456\n|gen|9\n|tier|[Gen 9] VGC 2026 Reg I\n|rated|\n|rule|Species Clause: Limit one of each Pok\u00e9mon\n|rule|Item Clause: Limit 1 of each item\n|clearpoke\n|poke|p1|Miraidon, L50|\n|poke|p1|Lunala, L50|\n|poke|p1|Incineroar, L50, M|\n|poke|p1|Urshifu-*, L50, M|\n|poke|p1|Zoroark-Hisui, L50, F|\n|poke|p1|Decidueye-Hisui, L50, F|\n|poke|p2|Calyrex-Shadow, L50|\n|poke|p2|Zamazenta-*, L50|\n|poke|p2|Incineroar, L50, F|\n|poke|p2|Rillaboom, L50, F|\n|poke|p2|Smeargle, L50, F|\n|poke|p2|Tornadus, L50, M|\n|teampreview|4\n|inactive|Battle timer is ON: inactive players will automatically lose when time's up. (requested by EllenJoe2026)\n|inactive|sddfghh also wants the timer to be on.\n|inactive|EllenJoe2026 has 60 seconds left.\n|\n|t:|1772442613\n|teamsize|p1|4\n|teamsize|p2|4\n|start\n|switch|p1a: Lunala|Lunala, L50, shiny|100/100\n|switch|p1b: Decidueye|Decidueye-Hisui, L50, F, shiny|100/100\n|switch|p2a: Calyrex|Calyrex-Shadow, L50|100/100\n|switch|p2b: Smeargle|Smeargle, L50, F, shiny|100/100\n|-ability|p2a: Calyrex|As One\n|-ability|p2a: Calyrex|Unnerve\n|turn|1\n|inactive|EllenJoe2026 has 30 seconds left.\n|inactive|EllenJoe2026 has 20 seconds left.\n|inactive|EllenJoe2026 has 15 seconds left.\n|\n|t:|1772442657\n|move|p2b: Smeargle|Follow Me|p2b: Smeargle\n|-singleturn|p2b: Smeargle|move: Follow Me\n|move|p1a: Lunala|Snarl|p2a: Calyrex|[spread] p2a,p2b\n|-supereffective|p2a: Calyrex\n|-damage|p2a: Calyrex|46/100\n|-damage|p2b: Smeargle|65/100\n|-unboost|p2a: Calyrex|spa|1\n|-unboost|p2b: Smeargle|spa|1\n|move|p2a: Calyrex|Nasty Plot|p2a: Calyrex\n|-boost|p2a: Calyrex|spa|2\n|move|p1b: Decidueye|Tailwind|p1b: Decidueye\n|-sidestart|p1: sddfghh|move: Tailwind\n|\n|upkeep\n|turn|2\n|\n|t:|1772442681\n|move|p2a: Calyrex|Protect|p2a: Calyrex\n|-singleturn|p2a: Calyrex|Protect\n|move|p1a: Lunala|Snarl|p2b: Smeargle|[spread] p2b\n|-activate|p2a: Calyrex|move: Protect\n|-damage|p2b: Smeargle|27/100\n|-unboost|p2b: Smeargle|spa|1\n|move|p1b: Decidueye|Knock Off|p2a: Calyrex\n|-activate|p2a: Calyrex|move: Protect\n|move|p2b: Smeargle|Decorate|p2a: Calyrex\n|-boost|p2a: Calyrex|atk|2\n|-boost|p2a: Calyrex|spa|2\n|\n|upkeep\n|turn|3\n|inactive|EllenJoe2026 has 30 seconds left.\n|\n|t:|1772442710\n|-terastallize|p2a: Calyrex|Dark\n|move|p2b: Smeargle|Follow Me|p2b: Smeargle\n|-singleturn|p2b: Smeargle|move: Follow Me\n|move|p1a: Lunala|Snarl|p2b: Smeargle|[spread] p2a,p2b\n|-resisted|p2a: Calyrex\n|-damage|p2a: Calyrex|39/100\n|-damage|p2b: Smeargle|0 fnt\n|-unboost|p2a: Calyrex|spa|1\n|faint|p2b: Smeargle\n|move|p1b: Decidueye|Knock Off|p2a: Calyrex\n|-resisted|p2a: Calyrex\n|-damage|p2a: Calyrex|20/100\n|-enditem|p2a: Calyrex|Spooky Plate|[from] move: Knock Off|[of] p1b: Decidueye\n|move|p2a: Calyrex|Astral Barrage|p1b: Decidueye|[spread] p1b\n|-immune|p1a: Lunala\n|-enditem|p1b: Decidueye|Focus Sash\n|-damage|p1b: Decidueye|1/100\n|\n|upkeep\n|\n|t:|1772442722\n|switch|p2b: Rillaboom|Rillaboom, L50, F, shiny|100/100\n|-fieldstart|move: Grassy Terrain|[from] ability: Grassy Surge|[of] p2b: Rillaboom\n|turn|4\n|\n|t:|1772442739\n|move|p2a: Calyrex|Protect|p2a: Calyrex\n|-singleturn|p2a: Calyrex|Protect\n|move|p1a: Lunala|Snarl|p2b: Rillaboom|[spread] p2b\n|-activate|p2a: Calyrex|move: Protect\n|-damage|p2b: Rillaboom|91/100\n|-unboost|p2b: Rillaboom|spa|1\n|move|p1b: Decidueye|Close Combat|p2a: Calyrex\n|-activate|p2a: Calyrex|move: Protect\n|move|p2b: Rillaboom|Wood Hammer|p1a: Lunala\n|-damage|p1a: Lunala|0 fnt\n|replace|p1a: Zoroark|Zoroark-Hisui, L50, F, shiny\n|-end|p1a: Zoroark|Illusion\n|faint|p1a: Zoroark\n|-damage|p2b: Rillaboom|70/100|[from] Recoil\n|\n|-heal|p1b: Decidueye|7/100|[from] Grassy Terrain\n|-heal|p2a: Calyrex|26/100|[from] Grassy Terrain\n|-heal|p2b: Rillaboom|76/100|[from] Grassy Terrain\n|-sideend|p1: sddfghh|move: Tailwind\n|upkeep\n|\n|t:|1772442761\n|switch|p1a: Lunala|Lunala, L50, shiny|100/100\n|turn|5\n|\n|t:|1772442777\n|move|p1a: Lunala|Wide Guard|p1a: Lunala\n|-singleturn|p1a: Lunala|Wide Guard\n|move|p2b: Rillaboom|Grassy Glide|p1b: Decidueye\n|-resisted|p1b: Decidueye\n|-damage|p1b: Decidueye|0 fnt\n|faint|p1b: Decidueye\n|move|p2a: Calyrex|Astral Barrage|p1a: Lunala\n|-activate|p1a: Lunala|move: Wide Guard\n|\n|-heal|p2a: Calyrex|31/100|[from] Grassy Terrain\n|-heal|p2b: Rillaboom|82/100|[from] Grassy Terrain\n|upkeep\n|\n|t:|1772442791\n|switch|p1b: Miraidon|Miraidon, L50, shiny|100/100\n|-fieldstart|move: Electric Terrain|[from] ability: Hadron Engine|[of] p1b: Miraidon\n|-enditem|p1a: Lunala|Electric Seed\n|-boost|p1a: Lunala|def|1|[from] item: Electric Seed\n|turn|6\n|\n|t:|1772442803\n|-terastallize|p1b: Miraidon|Fairy\n|move|p2a: Calyrex|Protect|p2a: Calyrex\n|-singleturn|p2a: Calyrex|Protect\n|move|p1a: Lunala|Wide Guard|p1a: Lunala\n|-singleturn|p1a: Lunala|Wide Guard\n|move|p1b: Miraidon|Dazzling Gleam|p2a: Calyrex|[spread] p2b\n|-activate|p2a: Calyrex|move: Protect\n|-damage|p2b: Rillaboom|39/100\n|move|p2b: Rillaboom|U-turn|p1a: Lunala\n|-damage|p1a: Lunala|95/100\n|\n|t:|1772442816\n|switch|p2b: Zamazenta|Zamazenta-Crowned, L50, shiny|100/100|[from] U-turn\n|-ability|p2b: Zamazenta|Dauntless Shield|boost\n|-boost|p2b: Zamazenta|def|1\n|\n|upkeep\n|turn|7\n|\n|t:|1772442830\n|move|p1a: Lunala|Wide Guard|p1a: Lunala\n|-singleturn|p1a: Lunala|Wide Guard\n|move|p2a: Calyrex|Psychic|p1b: Miraidon\n|-damage|p1b: Miraidon|1/100\n|move|p1b: Miraidon|Dazzling Gleam|p2a: Calyrex|[spread] p2a,p2b\n|-supereffective|p2a: Calyrex\n|-damage|p2a: Calyrex|0 fnt\n|-damage|p2b: Zamazenta|58/100\n|faint|p2a: Calyrex\n|move|p2b: Zamazenta|Heavy Slam|p1b: Miraidon\n|-supereffective|p1b: Miraidon\n|-crit|p1b: Miraidon\n|-damage|p1b: Miraidon|0 fnt\n|faint|p1b: Miraidon\n|\n|upkeep\n|\n|t:|1772442838\n|switch|p2a: Rillaboom|Rillaboom, L50, F, shiny|39/100\n|-fieldstart|move: Grassy Terrain|[from] ability: Grassy Surge|[of] p2a: Rillaboom\n|turn|8\n|inactive|sddfghh has 30 seconds left.\n|\n|t:|1772442864\n|move|p2b: Zamazenta|Heavy Slam|p1a: Lunala\n|-damage|p1a: Lunala|71/100\n|move|p1a: Lunala|Moongeist Beam|p2b: Zamazenta\n|-damage|p2b: Zamazenta|23/100\n|move|p2a: Rillaboom|Wood Hammer|p1a: Lunala\n|-damage|p1a: Lunala|31/100\n|-damage|p2a: Rillaboom|25/100|[from] Recoil\n|\n|-heal|p2b: Zamazenta|29/100|[from] Grassy Terrain\n|-heal|p1a: Lunala|37/100|[from] Grassy Terrain\n|-heal|p2a: Rillaboom|31/100|[from] Grassy Terrain\n|upkeep\n|turn|9\n|\n|t:|1772442884\n|move|p2b: Zamazenta|Heavy Slam|p1a: Lunala\n|-damage|p1a: Lunala|13/100\n|move|p1a: Lunala|Moongeist Beam|p2a: Rillaboom\n|-damage|p2a: Rillaboom|0 fnt\n|faint|p2a: Rillaboom\n|\n|-heal|p2b: Zamazenta|35/100|[from] Grassy Terrain\n|-heal|p1a: Lunala|19/100|[from] Grassy Terrain\n|upkeep\n|turn|10\n|\n|t:|1772442896\n|move|p2b: Zamazenta|Heavy Slam|p1a: Lunala\n|-damage|p1a: Lunala|0 fnt\n|faint|p1a: Lunala\n|\n|win|EllenJoe2026\n|raw|sddfghh's rating: 1272 &rarr; <strong>1259</strong><br />(-13 for losing)\n|raw|EllenJoe2026's rating: 1456 &rarr; <strong>1466</strong><br />(+10 for winning)\n|l|\u2606EllenJoe2026\n|player|p2|\n|l|\u2606sddfghh\n|player|p1|\n","uploadtime":1772443104,"views":12,"formatid":"gen9vgc2026regi","rating":1259,"private":0,"password":null}