{"id":"gen9vgc2026regi-2559948123","format":"[Gen 9] VGC 2026 Reg I","players":["GucciSoup","It'sJustKen VGC"],"log":"|j|\u2606GucciSoup\n|j|\u2606It'sJustKen VGC\n|t:|1773627248\n|gametype|doubles\n|player|p1|GucciSoup|wallace|1334\n|player|p2|It'sJustKen VGC|102|1369\n|gen|9\n|tier|[Gen 9] VGC 2026 Reg I\n|rated|\n|rule|Species Clause: Limit one of each Pok\u00e9mon\n|rule|Item Clause: Limit 1 of each item\n|clearpoke\n|poke|p1|Grimmsnarl, L50, M|\n|poke|p1|Okidogi, L50, M|\n|poke|p1|Landorus-Therian, L50, M|\n|poke|p1|Sableye, L50, F|\n|poke|p1|Calyrex-Ice, L50|\n|poke|p1|Miraidon, L50|\n|poke|p2|Urshifu-*, L50, F|\n|poke|p2|Incineroar, L50, F|\n|poke|p2|Calyrex-Shadow, L50|\n|poke|p2|Amoonguss, L50, M|\n|poke|p2|Tornadus, L50, M|\n|poke|p2|Kyogre, L50|\n|teampreview|4\n|inactive|Battle timer is ON: inactive players will automatically lose when time's up. (requested by It'sJustKen VGC)\n|\n|t:|1773627277\n|teamsize|p1|4\n|teamsize|p2|4\n|start\n|switch|p1a: Sableye|Sableye, L50, F|100/100\n|switch|p1b: Ruh-Roh|Okidogi, L50, M|100/100\n|switch|p2a: Calyrex|Calyrex-Shadow, L50|100/100\n|switch|p2b: Kyogre|Kyogre, L50|100/100\n|-ability|p2a: Calyrex|As One\n|-ability|p2a: Calyrex|Unnerve\n|-weather|RainDance|[from] ability: Drizzle|[of] p2b: Kyogre\n|turn|1\n|\n|t:|1773627297\n|switch|p2a: Amoonguss|Amoonguss, L50, M|100/100\n|-terastallize|p2b: Kyogre|Water\n|move|p1a: Sableye|Light Screen|p1a: Sableye\n|-sidestart|p1: GucciSoup|move: Light Screen\n|move|p2b: Kyogre|Water Spout|p1a: Sableye|[spread] p1a,p1b\n|-damage|p1a: Sableye|0 fnt\n|-damage|p1b: Ruh-Roh|18/100\n|faint|p1a: Sableye\n|move|p1b: Ruh-Roh|Snarl|p2b: Kyogre|[spread] p2a,p2b\n|-damage|p2a: Amoonguss|95/100\n|-damage|p2b: Kyogre|97/100\n|-unboost|p2a: Amoonguss|spa|1\n|-unboost|p2b: Kyogre|spa|1\n|\n|-weather|RainDance|[upkeep]\n|upkeep\n|\n|t:|1773627314\n|switch|p1a: Metal Overlord|Miraidon, L50|100/100\n|-fieldstart|move: Electric Terrain|[from] ability: Hadron Engine|[of] p1a: Metal Overlord\n|-enditem|p1a: Metal Overlord|Electric Seed\n|-boost|p1a: Metal Overlord|def|1|[from] item: Electric Seed\n|turn|2\n|\n|t:|1773627328\n|switch|p2a: Calyrex|Calyrex-Shadow, L50|100/100\n|-ability|p2a: Calyrex|As One\n|-ability|p2a: Calyrex|Unnerve\n|move|p1a: Metal Overlord|Calm Mind|p1a: Metal Overlord\n|-boost|p1a: Metal Overlord|spa|1\n|-boost|p1a: Metal Overlord|spd|1\n|move|p2b: Kyogre|Water Spout|p1b: Ruh-Roh|[spread] p1a,p1b\n|-resisted|p1a: Metal Overlord\n|-damage|p1a: Metal Overlord|80/100\n|-damage|p1b: Ruh-Roh|0 fnt\n|faint|p1b: Ruh-Roh\n|\n|-weather|RainDance|[upkeep]\n|upkeep\n|j| wrtwgr\n|\n|t:|1773627339\n|switch|p1b: Cryotherapy|Calyrex-Ice, L50|100/100\n|-ability|p1b: Cryotherapy|As One\n|-ability|p1b: Cryotherapy|Unnerve\n|turn|3\n|\n|t:|1773627348\n|switch|p2b: Incineroar|Incineroar, L50, F|100/100\n|-ability|p2b: Incineroar|Intimidate|boost\n|-unboost|p1a: Metal Overlord|atk|1\n|-fail|p1b: Cryotherapy|unboost|[from] item: Clear Amulet|[of] p1b: Cryotherapy\n|move|p2a: Calyrex|Protect|p2a: Calyrex\n|-singleturn|p2a: Calyrex|Protect\n|move|p1a: Metal Overlord|Parabolic Charge|p2b: Incineroar|[spread] p1b,p2b\n|-activate|p2a: Calyrex|move: Protect\n|-damage|p1b: Cryotherapy|77/100\n|-heal|p1a: Metal Overlord|92/100|[from] drain|[of] p1b: Cryotherapy\n|-damage|p2b: Incineroar|57/100\n|-heal|p1a: Metal Overlord|100/100|[from] drain|[of] p2b: Incineroar\n|move|p1b: Cryotherapy|Glacial Lance|p2a: Calyrex|[spread] p2b\n|-activate|p2a: Calyrex|move: Protect\n|-resisted|p2b: Incineroar\n|-damage|p2b: Incineroar|32/100\n|\n|-weather|RainDance|[upkeep]\n|upkeep\n|turn|4\n|inactive|GucciSoup has 30 seconds left.\n|\n|t:|1773627374\n|move|p1a: Metal Overlord|Protect|p1a: Metal Overlord\n|-singleturn|p1a: Metal Overlord|Protect\n|move|p2b: Incineroar|Fake Out|p1a: Metal Overlord\n|-activate|p1a: Metal Overlord|move: Protect\n|move|p2a: Calyrex|Nasty Plot|p2a: Calyrex\n|-boost|p2a: Calyrex|spa|2\n|move|p1b: Cryotherapy|Glacial Lance|p2b: Incineroar|[spread] p2a,p2b\n|-resisted|p2b: Incineroar\n|-damage|p2a: Calyrex|48/100\n|-damage|p2b: Incineroar|7/100\n|\n|-weather|RainDance|[upkeep]\n|upkeep\n|turn|5\n|\n|t:|1773627390\n|switch|p2b: Amoonguss|Amoonguss, L50, M|100/100\n|-terastallize|p1b: Cryotherapy|Fire\n|move|p2a: Calyrex|Astral Barrage|p1b: Cryotherapy|[spread] p1a,p1b\n|-damage|p1a: Metal Overlord|44/100\n|-damage|p1b: Cryotherapy|14/100\n|-damage|p2a: Calyrex|38/100|[from] item: Life Orb\n|move|p1a: Metal Overlord|Dragon Pulse|p2a: Calyrex\n|-damage|p2a: Calyrex|0 fnt\n|faint|p2a: Calyrex\n|move|p1b: Cryotherapy|Glacial Lance|p2b: Amoonguss\n|-supereffective|p2b: Amoonguss\n|-damage|p2b: Amoonguss|3/100\n|\n|-weather|none\n|-sideend|p1: GucciSoup|move: Light Screen\n|upkeep\n|\n|t:|1773627410\n|switch|p2a: Incineroar|Incineroar, L50, F|7/100\n|-ability|p2a: Incineroar|Intimidate|boost\n|-unboost|p1a: Metal Overlord|atk|1\n|-fail|p1b: Cryotherapy|unboost|[from] item: Clear Amulet|[of] p1b: Cryotherapy\n|turn|6\n|-message|It'sJustKen VGC forfeited.\n|\n|win|GucciSoup\n|raw|GucciSoup's rating: 1334 &rarr; <strong>1356</strong><br />(+22 for winning)\n|raw|It&apos;sJustKen VGC's rating: 1369 &rarr; <strong>1347</strong><br />(-22 for losing)\n|l|\u2606GucciSoup\n|player|p1|\n|l| wrtwgr\n|l|\u2606It'sJustKen VGC\n|player|p2|\n","uploadtime":1773627617,"views":11,"formatid":"gen9vgc2026regi","rating":1347,"private":0,"password":null}