{"id":"gen9vgc2026regi-2563313962","format":"[Gen 9] VGC 2026 Reg I","players":["CarajilloMan","Jonen"],"log":"|j|\u2606CarajilloMan\n|j|\u2606Jonen\n|t:|1774015444\n|gametype|doubles\n|player|p1|CarajilloMan|ninjaboy|1248\n|player|p2|Jonen|medium|1274\n|gen|9\n|tier|[Gen 9] VGC 2026 Reg I\n|rated|\n|rule|Species Clause: Limit one of each Pok\u00e9mon\n|rule|Item Clause: Limit 1 of each item\n|clearpoke\n|poke|p1|Miraidon, L50|\n|poke|p1|Excadrill, L50, F|\n|poke|p1|Tyranitar, L50, F|\n|poke|p1|Farigiraf, L50, F|\n|poke|p1|Ogerpon-Wellspring, L50, F|\n|poke|p1|Lunala, L50|\n|poke|p2|Groudon, L50|\n|poke|p2|Lunala, L50|\n|poke|p2|Sableye, L50, M|\n|poke|p2|Chi-Yu, L50|\n|poke|p2|Rillaboom, L50, F|\n|poke|p2|Jumpluff, L50, F|\n|teampreview|4\n|\n|t:|1774015486\n|teamsize|p1|4\n|teamsize|p2|4\n|start\n|switch|p1a: Miraidon|Miraidon, L50|100/100\n|switch|p1b: Lunala|Lunala, L50|100/100\n|switch|p2a: Groudon|Groudon, L50|100/100\n|switch|p2b: Sableye|Sableye, L50, M|100/100\n|-fieldstart|move: Electric Terrain|[from] ability: Hadron Engine|[of] p1a: Miraidon\n|-weather|SunnyDay|[from] ability: Drought|[of] p2a: Groudon\n|turn|1\n|\n|t:|1774015516\n|move|p2a: Groudon|Protect|p2a: Groudon\n|-singleturn|p2a: Groudon|Protect\n|move|p1b: Lunala|Wide Guard|p1b: Lunala\n|-singleturn|p1b: Lunala|Wide Guard\n|move|p2b: Sableye|Gravity|p2b: Sableye\n|-fieldstart|move: Gravity\n|move|p1a: Miraidon|Volt Switch|p2b: Sableye\n|-enditem|p2b: Sableye|Focus Sash\n|-damage|p2b: Sableye|1/100\n|\n|t:|1774015524\n|switch|p1a: Tyranitar|Tyranitar, L50, F|100/100|[from] Volt Switch\n|-weather|Sandstorm|[from] ability: Sand Stream|[of] p1a: Tyranitar\n|\n|-weather|Sandstorm|[upkeep]\n|-damage|p1b: Lunala|94/100|[from] Sandstorm\n|-damage|p2b: Sableye|0 fnt|[from] Sandstorm\n|faint|p2b: Sableye\n|upkeep\n|\n|t:|1774015536\n|switch|p2b: Lunala|Lunala, L50|100/100\n|turn|2\n|inactive|Battle timer is ON: inactive players will automatically lose when time's up. (requested by Jonen)\n|\n|t:|1774015570\n|switch|p1a: Farigiraf|Farigiraf, L50, F|100/100\n|-terastallize|p1b: Lunala|Fairy\n|move|p2b: Lunala|Moongeist Beam|p1b: Lunala\n|-damage|p1b: Lunala|51/100\n|move|p2a: Groudon|Substitute|p2a: Groudon\n|-start|p2a: Groudon|Substitute\n|-damage|p2a: Groudon|76/100\n|move|p1b: Lunala|Tailwind|p1b: Lunala\n|-sidestart|p1: CarajilloMan|move: Tailwind\n|\n|-weather|Sandstorm|[upkeep]\n|-damage|p1b: Lunala|45/100|[from] Sandstorm\n|-damage|p2b: Lunala|94/100|[from] Sandstorm\n|-damage|p1a: Farigiraf|94/100|[from] Sandstorm\n|upkeep\n|turn|3\n|\n|t:|1774015591\n|-terastallize|p2b: Lunala|Fairy\n|move|p1b: Lunala|Moongeist Beam|p2b: Lunala\n|-damage|p2b: Lunala|52/100\n|move|p2b: Lunala|Hypnosis|p1a: Farigiraf\n|-activate|p1a: Farigiraf|move: Electric Terrain\n|move|p1a: Farigiraf|Foul Play|p2a: Groudon\n|-end|p2a: Groudon|Substitute\n|move|p2a: Groudon|Precipice Blades|p1b: Lunala|[spread] p1a,p1b\n|-damage|p1a: Farigiraf|35/100\n|-damage|p1b: Lunala|0 fnt\n|-enditem|p1a: Farigiraf|Sitrus Berry|[eat]\n|-heal|p1a: Farigiraf|60/100|[from] item: Sitrus Berry\n|faint|p1b: Lunala\n|-damage|p2a: Groudon|66/100|[from] item: Life Orb\n|\n|-weather|Sandstorm|[upkeep]\n|-damage|p2b: Lunala|46/100|[from] Sandstorm\n|-damage|p1a: Farigiraf|54/100|[from] Sandstorm\n|upkeep\n|\n|t:|1774015605\n|switch|p1b: Miraidon|Miraidon, L50|100/100\n|-activate|p1b: Miraidon|ability: Hadron Engine\n|turn|4\n|\n|t:|1774015615\n|move|p1a: Farigiraf|Helping Hand|p1b: Miraidon\n|-singleturn|p1b: Miraidon|Helping Hand|[of] p1a: Farigiraf\n|move|p2a: Groudon|Protect|p2a: Groudon\n|-singleturn|p2a: Groudon|Protect\n|move|p1b: Miraidon|Dazzling Gleam|p2b: Lunala|[spread] p2b\n|-activate|p2a: Groudon|move: Protect\n|-damage|p2b: Lunala|0 fnt\n|faint|p2b: Lunala\n|\n|-weather|Sandstorm|[upkeep]\n|-damage|p1b: Miraidon|95/100|[from] Sandstorm\n|-damage|p1a: Farigiraf|48/100|[from] Sandstorm\n|upkeep\n|\n|t:|1774015621\n|switch|p2b: Rillaboom|Rillaboom, L50, F|100/100\n|-fieldstart|move: Grassy Terrain|[from] ability: Grassy Surge|[of] p2b: Rillaboom\n|turn|5\n|\n|t:|1774015634\n|switch|p1b: Tyranitar|Tyranitar, L50, F|100/100\n|move|p1a: Farigiraf|Foul Play|p2a: Groudon\n|-damage|p2a: Groudon|33/100\n|move|p2a: Groudon|Precipice Blades|p1a: Farigiraf|[spread] p1a,p1b\n|-supereffective|p1b: Tyranitar\n|-damage|p1a: Farigiraf|0 fnt\n|-damage|p1b: Tyranitar|0 fnt\n|faint|p1a: Farigiraf\n|faint|p1b: Tyranitar\n|-damage|p2a: Groudon|23/100|[from] item: Life Orb\n|move|p2b: Rillaboom|Wood Hammer|p1: Farigiraf|[notarget]\n|-fail|p2b: Rillaboom\n|\n|-weather|none\n|-heal|p2a: Groudon|29/100|[from] Grassy Terrain\n|-sideend|p1: CarajilloMan|move: Tailwind\n|-fieldend|move: Gravity\n|upkeep\n|\n|t:|1774015641\n|switch|p1a: Miraidon|Miraidon, L50|95/100\n|-fieldstart|move: Electric Terrain|[from] ability: Hadron Engine|[of] p1a: Miraidon\n|turn|6\n|\n|t:|1774015646\n|move|p2a: Groudon|Protect|p2a: Groudon\n|-singleturn|p2a: Groudon|Protect\n|move|p1a: Miraidon|Dazzling Gleam|p2b: Rillaboom|[spread] p2b\n|-activate|p2a: Groudon|move: Protect\n|-damage|p2b: Rillaboom|75/100\n|move|p2b: Rillaboom|Wood Hammer|p1a: Miraidon\n|-resisted|p1a: Miraidon\n|-damage|p1a: Miraidon|67/100\n|-damage|p2b: Rillaboom|67/100|[from] Recoil\n|\n|upkeep\n|turn|7\n|\n|t:|1774015664\n|move|p1a: Miraidon|Dazzling Gleam|p2b: Rillaboom|[spread] p2a,p2b\n|-damage|p2a: Groudon|0 fnt\n|-damage|p2b: Rillaboom|41/100\n|faint|p2a: Groudon\n|move|p2b: Rillaboom|Wood Hammer|p1a: Miraidon\n|-resisted|p1a: Miraidon\n|-damage|p1a: Miraidon|37/100\n|-damage|p2b: Rillaboom|32/100|[from] Recoil\n|\n|upkeep\n|turn|8\n|\n|t:|1774015673\n|move|p1a: Miraidon|Dazzling Gleam|p2b: Rillaboom\n|-crit|p2b: Rillaboom\n|-damage|p2b: Rillaboom|0 fnt\n|faint|p2b: Rillaboom\n|\n|win|CarajilloMan\n|raw|CarajilloMan's rating: 1248 &rarr; <strong>1275</strong><br />(+27 for winning)\n|raw|Jonen's rating: 1274 &rarr; <strong>1247</strong><br />(-27 for losing)\n","uploadtime":1774015674,"views":11,"formatid":"gen9vgc2026regi","rating":1247,"private":0,"password":null}