{"id":"gen9vgc2026regi-2566951655","format":"[Gen 9] VGC 2026 Reg I","players":["Crash0utVGC","Sunny_zong1"],"log":"|j|\u2606Crash0utVGC\n|j|\u2606Sunny_zong1\n|t:|1774434149\n|gametype|doubles\n|player|p1|Crash0utVGC|colress|1420\n|player|p2|Sunny_zong1|1|1345\n|gen|9\n|tier|[Gen 9] VGC 2026 Reg I\n|rated|\n|rule|Species Clause: Limit one of each Pok\u00e9mon\n|rule|Item Clause: Limit 1 of each item\n|clearpoke\n|poke|p1|Incineroar, L50, M|\n|poke|p1|Calyrex-Ice, L50|\n|poke|p1|Rillaboom, L50, F|\n|poke|p1|Smeargle, L50, F|\n|poke|p1|Landorus, L50, M|\n|poke|p1|Koraidon, L50|\n|poke|p2|Glimmora, L50, F|\n|poke|p2|Eternatus, L50|\n|poke|p2|Miraidon, L50|\n|poke|p2|Chi-Yu, L50|\n|poke|p2|Grimmsnarl, L50, M|\n|poke|p2|Muk-Alola, L50, F|\n|teampreview|4\n|inactive|Battle timer is ON: inactive players will automatically lose when time's up. (requested by Sunny_zong1)\n|\n|t:|1774434178\n|teamsize|p1|4\n|teamsize|p2|4\n|start\n|switch|p1a: Smeargle|Smeargle, L50, F|100/100\n|switch|p1b: Koraidon|Koraidon, L50|100/100\n|switch|p2a: Grimmsnarl|Grimmsnarl, L50, M|100/100\n|switch|p2b: Glimmora|Glimmora, L50, F|100/100\n|-weather|SunnyDay|[from] ability: Orichalcum Pulse|[of] p1b: Koraidon\n|-activate|p1b: Koraidon|Orichalcum Pulse|[source]\n|turn|1\n|\n|t:|1774434198\n|-terastallize|p1b: Koraidon|Fire\n|move|p2a: Grimmsnarl|Fake Out|p1b: Koraidon\n|-damage|p1b: Koraidon|92/100\n|cant|p1b: Koraidon|flinch\n|move|p2b: Glimmora|Mortal Spin|p1b: Koraidon|[spread] p1a,p1b\n|-damage|p1a: Smeargle|92/100\n|-damage|p1b: Koraidon|88/100\n|-status|p1a: Smeargle|psn\n|-status|p1b: Koraidon|psn\n|move|p1a: Smeargle|Spore|p2b: Glimmora\n|-status|p2b: Glimmora|slp|[from] move: Spore\n|\n|-weather|SunnyDay|[upkeep]\n|-damage|p1b: Koraidon|76/100 psn|[from] psn\n|-damage|p1a: Smeargle|79/100 psn|[from] psn\n|-ability|p1a: Smeargle|Moody|boost\n|-boost|p1a: Smeargle|atk|2\n|-unboost|p1a: Smeargle|spd|1\n|upkeep\n|turn|2\n|\n|t:|1774434210\n|switch|p2b: Miraidon|Miraidon, L50|100/100\n|-fieldstart|move: Electric Terrain|[from] ability: Hadron Engine|[of] p2b: Miraidon\n|switch|p1a: Calyrex|Calyrex-Ice, L50|100/100\n|-ability|p1a: Calyrex|As One\n|-ability|p1a: Calyrex|Unnerve\n|move|p2a: Grimmsnarl|Reflect|p2a: Grimmsnarl\n|-sidestart|p2: Sunny_zong1|Reflect\n|move|p1b: Koraidon|Flare Blitz|p2a: Grimmsnarl\n|-damage|p2a: Grimmsnarl|0 fnt\n|faint|p2a: Grimmsnarl\n|-damage|p1b: Koraidon|42/100 psn|[from] Recoil\n|\n|-weather|SunnyDay|[upkeep]\n|-damage|p1b: Koraidon|30/100 psn|[from] psn\n|upkeep\n|\n|t:|1774434217\n|switch|p2a: Eternatus|Eternatus, L50|100/100\n|-ability|p2a: Eternatus|Pressure\n|turn|3\n|\n|t:|1774434230\n|switch|p1b: Rillaboom|Rillaboom, L50, F|100/100\n|-fieldstart|move: Grassy Terrain|[from] ability: Grassy Surge|[of] p1b: Rillaboom\n|-terastallize|p2a: Eternatus|Ground\n|move|p2b: Miraidon|Parabolic Charge|p1b: Rillaboom|[spread] p1a,p1b\n|-immune|p2a: Eternatus\n|-resisted|p1b: Rillaboom\n|-damage|p1a: Calyrex|76/100\n|-damage|p1b: Rillaboom|82/100\n|move|p2a: Eternatus|Sludge Bomb|p1a: Calyrex\n|-damage|p1a: Calyrex|49/100\n|move|p1a: Calyrex|Glacial Lance|p2a: Eternatus|[spread] p2a,p2b\n|-supereffective|p2a: Eternatus\n|-supereffective|p2b: Miraidon\n|-damage|p2a: Eternatus|50/100\n|-damage|p2b: Miraidon|34/100\n|\n|-weather|SunnyDay|[upkeep]\n|-heal|p2b: Miraidon|40/100|[from] Grassy Terrain\n|-heal|p2a: Eternatus|56/100|[from] Grassy Terrain\n|-heal|p2a: Eternatus|62/100|[from] item: Leftovers\n|-heal|p1b: Rillaboom|88/100|[from] Grassy Terrain\n|-heal|p1a: Calyrex|55/100|[from] Grassy Terrain\n|-heal|p1a: Calyrex|61/100|[from] item: Leftovers\n|upkeep\n|turn|4\n|\n|t:|1774434249\n|switch|p2b: Glimmora|Glimmora, L50, F|100/100 slp\n|move|p2a: Eternatus|Protect|p2a: Eternatus\n|-singleturn|p2a: Eternatus|Protect\n|move|p1a: Calyrex|Protect|p1a: Calyrex\n|-singleturn|p1a: Calyrex|Protect\n|move|p1b: Rillaboom|Wood Hammer|p2a: Eternatus\n|-activate|p2a: Eternatus|move: Protect\n|\n|-weather|SunnyDay|[upkeep]\n|-heal|p2a: Eternatus|69/100|[from] Grassy Terrain\n|-heal|p2a: Eternatus|75/100|[from] item: Leftovers\n|-heal|p1b: Rillaboom|94/100|[from] Grassy Terrain\n|-heal|p1a: Calyrex|67/100|[from] Grassy Terrain\n|-heal|p1a: Calyrex|72/100|[from] item: Leftovers\n|upkeep\n|turn|5\n|\n|t:|1774434262\n|move|p2a: Eternatus|Cosmic Power|p2a: Eternatus\n|-boost|p2a: Eternatus|def|1\n|-boost|p2a: Eternatus|spd|1\n|cant|p2b: Glimmora|slp\n|move|p1b: Rillaboom|U-turn|p2a: Eternatus\n|-damage|p2a: Eternatus|69/100\n|\n|t:|1774434265\n|switch|p1b: Smeargle|Smeargle, L50, F|79/100 psn|[from] U-turn\n|move|p1a: Calyrex|Glacial Lance|p2b: Glimmora|[spread] p2a,p2b\n|-supereffective|p2a: Eternatus\n|-damage|p2a: Eternatus|39/100\n|-damage|p2b: Glimmora|55/100 slp\n|-activate|p2b: Glimmora|ability: Toxic Debris\n|-sidestart|p1: Crash0utVGC|move: Toxic Spikes\n|\n|-weather|none\n|-heal|p2a: Eternatus|45/100|[from] Grassy Terrain\n|-heal|p2b: Glimmora|61/100 slp|[from] Grassy Terrain\n|-heal|p2a: Eternatus|52/100|[from] item: Leftovers\n|-heal|p1b: Smeargle|85/100 psn|[from] Grassy Terrain\n|-heal|p1a: Calyrex|78/100|[from] Grassy Terrain\n|-heal|p1a: Calyrex|84/100|[from] item: Leftovers\n|-damage|p1b: Smeargle|73/100 psn|[from] psn\n|-ability|p1b: Smeargle|Moody|boost\n|-boost|p1b: Smeargle|atk|2\n|-unboost|p1b: Smeargle|def|1\n|upkeep\n|turn|6\n|\n|t:|1774434278\n|move|p2a: Eternatus|Protect|p2a: Eternatus\n|-singleturn|p2a: Eternatus|Protect\n|cant|p2b: Glimmora|slp\n|move|p1b: Smeargle|Spore|p2a: Eternatus\n|-activate|p2a: Eternatus|move: Protect\n|move|p1a: Calyrex|Glacial Lance|p2a: Eternatus|[spread] p2b\n|-activate|p2a: Eternatus|move: Protect\n|-damage|p2b: Glimmora|15/100 slp\n|-activate|p2b: Glimmora|ability: Toxic Debris\n|-sidestart|p1: Crash0utVGC|move: Toxic Spikes\n|\n|-heal|p2b: Glimmora|21/100 slp|[from] Grassy Terrain\n|-heal|p2a: Eternatus|58/100|[from] Grassy Terrain\n|-heal|p2a: Eternatus|64/100|[from] item: Leftovers\n|-heal|p1b: Smeargle|79/100 psn|[from] Grassy Terrain\n|-heal|p1a: Calyrex|90/100|[from] Grassy Terrain\n|-heal|p1a: Calyrex|96/100|[from] item: Leftovers\n|-damage|p1b: Smeargle|66/100 psn|[from] psn\n|-ability|p1b: Smeargle|Moody|boost\n|-boost|p1b: Smeargle|spa|2\n|-unboost|p1b: Smeargle|def|1\n|upkeep\n|turn|7\n|\n|t:|1774434296\n|switch|p2b: Miraidon|Miraidon, L50|40/100\n|-fieldstart|move: Electric Terrain|[from] ability: Hadron Engine|[of] p2b: Miraidon\n|move|p2a: Eternatus|Recover|p2a: Eternatus\n|-heal|p2a: Eternatus|100/100\n|move|p1b: Smeargle|Spore|p2a: Eternatus\n|-activate|p2a: Eternatus|move: Electric Terrain\n|move|p1a: Calyrex|Leech Seed|p2a: Eternatus|[miss]\n|-miss|p1a: Calyrex|p2a: Eternatus\n|\n|-heal|p1a: Calyrex|100/100|[from] item: Leftovers\n|-damage|p1b: Smeargle|54/100 psn|[from] psn\n|-ability|p1b: Smeargle|Moody|boost\n|-boost|p1b: Smeargle|def|2\n|-unboost|p1b: Smeargle|spa|1\n|upkeep\n|turn|8\n|-message|Crash0utVGC forfeited.\n|\n|win|Sunny_zong1\n|raw|Crash0utVGC's rating: 1420 &rarr; <strong>1396</strong><br />(-24 for losing)\n|raw|Sunny_zong1's rating: 1345 &rarr; <strong>1369</strong><br />(+24 for winning)\n|l|\u2606Crash0utVGC\n|player|p1|\n|l|\u2606Sunny_zong1\n|player|p2|\n","uploadtime":1774434302,"views":16,"formatid":"gen9vgc2026regi","rating":1369,"private":0,"password":null}