{"id":"gen9vgc2026regi-2535627288","format":"[Gen 9] VGC 2026 Reg I","players":["Cello L.","Colonelsquid"],"log":"|j|\u2606Cello L.\n|j|\u2606Colonelsquid\n|t:|1770588508\n|gametype|doubles\n|player|p1|Cello L.|psychic-gen4|1403\n|player|p2|Colonelsquid|101|1404\n|gen|9\n|tier|[Gen 9] VGC 2026 Reg I\n|rated|\n|rule|Species Clause: Limit one of each Pok\u00e9mon\n|rule|Item Clause: Limit 1 of each item\n|clearpoke\n|poke|p1|Kyogre, L50|\n|poke|p1|Calyrex-Ice, L50|\n|poke|p1|Flutter Mane, L50|\n|poke|p1|Basculegion, L50, M|\n|poke|p1|Amoonguss, L50, M|\n|poke|p1|Grimmsnarl, L50, M|\n|poke|p2|Smeargle, L50, M|\n|poke|p2|Calyrex-Ice, L50|\n|poke|p2|Lunala, L50|\n|poke|p2|Indeedee-F, L50, F|\n|poke|p2|Raging Bolt, L50|\n|poke|p2|Urshifu-*, L50, F|\n|teampreview|4\n|inactive|Battle timer is ON: inactive players will automatically lose when time's up. (requested by Colonelsquid)\n|\n|t:|1770588532\n|teamsize|p1|4\n|teamsize|p2|4\n|start\n|switch|p1a: Calyrex|Calyrex-Ice, L50|100/100\n|switch|p1b: Grimmsnarl|Grimmsnarl, L50, M|100/100\n|switch|p2a: Lunala|Lunala, L50|100/100\n|switch|p2b: Smeargle|Smeargle, L50, M|100/100\n|-ability|p1a: Calyrex|As One\n|-ability|p1a: Calyrex|Unnerve\n|turn|1\n|\n|t:|1770588549\n|move|p2b: Smeargle|Decorate|p2a: Lunala\n|-boost|p2a: Lunala|atk|2\n|-boost|p2a: Lunala|spa|2\n|move|p2a: Lunala|Meteor Beam||[still]\n|-prepare|p2a: Lunala|Meteor Beam\n|-boost|p2a: Lunala|spa|1\n|-enditem|p2a: Lunala|Power Herb\n|-anim|p2a: Lunala|Meteor Beam|p1b: Grimmsnarl\n|-damage|p1b: Grimmsnarl|0 fnt\n|faint|p1b: Grimmsnarl\n|move|p1a: Calyrex|Glacial Lance|p2b: Smeargle|[spread] p2a,p2b\n|-damage|p2a: Lunala|84/100\n|-enditem|p2b: Smeargle|Focus Sash\n|-damage|p2b: Smeargle|1/100\n|\n|-ability|p2b: Smeargle|Moody|boost\n|-boost|p2b: Smeargle|spa|2\n|-unboost|p2b: Smeargle|spd|1\n|upkeep\n|c|\u2606Colonelsquid|dear basketball.\n|\n|t:|1770588572\n|switch|p1b: Basculegion|Basculegion, L50, M|100/100\n|turn|2\n|\n|t:|1770588580\n|-terastallize|p1a: Calyrex|Fairy\n|move|p2b: Smeargle|Follow Me|p2b: Smeargle\n|-singleturn|p2b: Smeargle|move: Follow Me\n|move|p1b: Basculegion|Aqua Jet|p2b: Smeargle\n|-damage|p2b: Smeargle|0 fnt\n|faint|p2b: Smeargle\n|-damage|p1b: Basculegion|91/100|[from] item: Life Orb\n|move|p2a: Lunala|Moongeist Beam|p1a: Calyrex\n|-damage|p1a: Calyrex|9/100\n|move|p1a: Calyrex|Glacial Lance|p2a: Lunala\n|-damage|p2a: Lunala|34/100\n|\n|-heal|p1a: Calyrex|15/100|[from] item: Leftovers\n|upkeep\n|\n|t:|1770588593\n|switch|p2b: Indeedee|Indeedee-F, L50, F|100/100\n|-fieldstart|move: Psychic Terrain|[from] ability: Psychic Surge|[of] p2b: Indeedee\n|turn|3\n|inactive|Cello L. has 30 seconds left.\n|inactive|Cello L. has 20 seconds left.\n|inactive|Cello L. has 15 seconds left.\n|\n|t:|1770588634\n|move|p2b: Indeedee|Follow Me|p2b: Indeedee\n|-singleturn|p2b: Indeedee|move: Follow Me\n|move|p2a: Lunala|Expanding Force|p1b: Basculegion|[spread] p1a,p1b\n|-damage|p1a: Calyrex|0 fnt\n|-damage|p1b: Basculegion|0 fnt\n|faint|p1a: Calyrex\n|faint|p1b: Basculegion\n|\n|upkeep\n|\n|t:|1770588640\n|switch|p1a: Kyogre|Kyogre, L50|100/100\n|-weather|RainDance|[from] ability: Drizzle|[of] p1a: Kyogre\n|turn|4\n|\n|t:|1770588664\n|move|p2b: Indeedee|Helping Hand|p2a: Lunala\n|-singleturn|p2a: Lunala|Helping Hand|[of] p2b: Indeedee\n|move|p1a: Kyogre|Water Spout|p2b: Indeedee|[spread] p2a,p2b\n|-damage|p2a: Lunala|0 fnt\n|-damage|p2b: Indeedee|0 fnt\n|faint|p2a: Lunala\n|faint|p2b: Indeedee\n|\n|-weather|RainDance|[upkeep]\n|upkeep\n|\n|t:|1770588670\n|switch|p2b: Calyrex|Calyrex-Ice, L50|100/100\n|-ability|p2b: Calyrex|As One\n|-ability|p2b: Calyrex|Unnerve\n|turn|5\n|\n|t:|1770588676\n|move|p2b: Calyrex|Protect|p2b: Calyrex\n|-singleturn|p2b: Calyrex|Protect\n|move|p1a: Kyogre|Water Spout|p2b: Calyrex\n|-activate|p2b: Calyrex|move: Protect\n|\n|-weather|RainDance|[upkeep]\n|upkeep\n|turn|6\n|\n|t:|1770588681\n|move|p1a: Kyogre|Water Spout|p2b: Calyrex\n|-damage|p2b: Calyrex|0 fnt\n|faint|p2b: Calyrex\n|\n|win|Cello L.\n|raw|Cello L.'s rating: 1403 &rarr; <strong>1423</strong><br />(+20 for winning)\n|raw|Colonelsquid's rating: 1404 &rarr; <strong>1384</strong><br />(-20 for losing)\n|l|\u2606Colonelsquid\n|player|p2|\n|l|\u2606Cello L.\n|player|p1|\n","uploadtime":1770588875,"views":18,"formatid":"gen9vgc2026regi","rating":1384,"private":0,"password":null}