{"id":"gen9vgc2026regi-2565296950","format":"[Gen 9] VGC 2026 Reg I","players":["Hazweioh","Barber1"],"log":"|j|\u2606Hazweioh\n|j|\u2606Barber1\n|t:|1774259294\n|gametype|doubles\n|player|p1|Hazweioh|2|1326\n|player|p2|Barber1|cynthia-gen4|1353\n|gen|9\n|tier|[Gen 9] VGC 2026 Reg I\n|rated|\n|rule|Species Clause: Limit one of each Pok\u00e9mon\n|rule|Item Clause: Limit 1 of each item\n|clearpoke\n|poke|p1|Brute Bonnet, L50|\n|poke|p1|Lunala, L50|\n|poke|p1|Ursaluna, L50, M|\n|poke|p1|Chi-Yu, L50|\n|poke|p1|Koraidon, L50|\n|poke|p1|Flutter Mane, L50|\n|poke|p2|Calyrex-Shadow, L50|\n|poke|p2|Zamazenta-*, L50|\n|poke|p2|Amoonguss, L50, F|\n|poke|p2|Raging Bolt, L50|\n|poke|p2|Tornadus, L50, M|\n|poke|p2|Chien-Pao, L50|\n|teampreview|4\n|inactive|Battle timer is ON: inactive players will automatically lose when time's up. (requested by Barber1)\n|inactive|Hazweioh has 60 seconds left.\n|\n|t:|1774259338\n|teamsize|p1|4\n|teamsize|p2|4\n|start\n|switch|p1a: Flutter Mane|Flutter Mane, L50|100/100\n|switch|p1b: Chi-Yu|Chi-Yu, L50|100/100\n|switch|p2a: Zamazenta|Zamazenta-Crowned, L50|100/100\n|switch|p2b: Tornadus|Tornadus, L50, M|100/100\n|-ability|p1b: Chi-Yu|Beads of Ruin\n|-ability|p2a: Zamazenta|Dauntless Shield|boost\n|-boost|p2a: Zamazenta|def|1\n|turn|1\n|inactive|Barber1 has 30 seconds left.\n|\n|t:|1774259364\n|-terastallize|p2a: Zamazenta|Dragon\n|move|p1b: Chi-Yu|Overheat|p2a: Zamazenta\n|-resisted|p2a: Zamazenta\n|-damage|p2a: Zamazenta|66/100\n|-unboost|p1b: Chi-Yu|spa|2\n|move|p1a: Flutter Mane|Moonblast|p2b: Tornadus\n|-damage|p2b: Tornadus|29/100\n|move|p2a: Zamazenta|Heavy Slam|p1a: Flutter Mane\n|-supereffective|p1a: Flutter Mane\n|-enditem|p1a: Flutter Mane|Focus Sash\n|-damage|p1a: Flutter Mane|1/100\n|move|p2b: Tornadus|Bleakwind Storm|p1a: Flutter Mane|[spread] p1b\n|-miss|p2b: Tornadus|p1a: Flutter Mane\n|-damage|p1b: Chi-Yu|61/100\n|\n|upkeep\n|turn|2\n|inactive|Barber1 has 30 seconds left.\n|\n|t:|1774259397\n|-end|p1a: Flutter Mane|Protosynthesis|[silent]\n|switch|p1a: Lunala|Lunala, L50|100/100\n|move|p2b: Tornadus|Tailwind|p2b: Tornadus\n|-sidestart|p2: Barber1|move: Tailwind\n|move|p2a: Zamazenta|Heavy Slam|p1a: Lunala\n|-damage|p1a: Lunala|80/100\n|move|p1b: Chi-Yu|Overheat|p2b: Tornadus\n|-damage|p2b: Tornadus|0 fnt\n|-unboost|p1b: Chi-Yu|spa|2\n|faint|p2b: Tornadus\n|\n|upkeep\n|\n|t:|1774259421\n|switch|p2b: Raging Bolt|Raging Bolt, L50|100/100\n|turn|3\n|\n|t:|1774259439\n|move|p2a: Zamazenta|Heavy Slam|p1a: Lunala\n|-damage|p1a: Lunala|41/100\n|move|p1b: Chi-Yu|Overheat|p2a: Zamazenta\n|-resisted|p2a: Zamazenta\n|-damage|p2a: Zamazenta|54/100\n|-unboost|p1b: Chi-Yu|spa|2\n|move|p2b: Raging Bolt|Thunderbolt|p1a: Lunala\n|-damage|p1a: Lunala|0 fnt\n|faint|p1a: Lunala\n|-damage|p2b: Raging Bolt|91/100|[from] item: Life Orb\n|\n|upkeep\n|\n|t:|1774259453\n|switch|p1a: Koraidon|Koraidon, L50|100/100\n|-weather|SunnyDay|[from] ability: Orichalcum Pulse|[of] p1a: Koraidon\n|-activate|p2b: Raging Bolt|ability: Protosynthesis\n|-start|p2b: Raging Bolt|protosynthesisspa\n|-activate|p1a: Koraidon|Orichalcum Pulse|[source]\n|turn|4\n|inactive|Barber1 has 30 seconds left.\n|\n|t:|1774259483\n|move|p2a: Zamazenta|Body Press|p1a: Koraidon\n|-damage|p1a: Koraidon|39/100\n|move|p1b: Chi-Yu|Overheat|p2b: Raging Bolt|[miss]\n|-miss|p1b: Chi-Yu|p2b: Raging Bolt\n|move|p1a: Koraidon|Close Combat|p2b: Raging Bolt\n|-damage|p2b: Raging Bolt|0 fnt\n|-unboost|p1a: Koraidon|def|1\n|-unboost|p1a: Koraidon|spd|1\n|faint|p2b: Raging Bolt\n|-end|p2b: Raging Bolt|Protosynthesis|[silent]\n|-damage|p1a: Koraidon|29/100|[from] item: Life Orb\n|\n|-weather|SunnyDay|[upkeep]\n|upkeep\n|\n|t:|1774259487\n|switch|p2b: Calyrex|Calyrex-Shadow, L50|100/100\n|-ability|p2b: Calyrex|As One\n|-ability|p2b: Calyrex|Unnerve\n|turn|5\n|\n|t:|1774259502\n|move|p1a: Koraidon|Protect|p1a: Koraidon\n|-singleturn|p1a: Koraidon|Protect\n|move|p2b: Calyrex|Astral Barrage|p1b: Chi-Yu|[spread] p1b\n|-activate|p1a: Koraidon|move: Protect\n|-resisted|p1b: Chi-Yu\n|-damage|p1b: Chi-Yu|30/100\n|move|p2a: Zamazenta|Body Press|p1b: Chi-Yu\n|-supereffective|p1b: Chi-Yu\n|-damage|p1b: Chi-Yu|0 fnt\n|faint|p1b: Chi-Yu\n|\n|-weather|SunnyDay|[upkeep]\n|-sideend|p2: Barber1|move: Tailwind\n|upkeep\n|\n|t:|1774259513\n|switch|p1b: Flutter Mane|Flutter Mane, L50|1/100\n|-activate|p1b: Flutter Mane|ability: Protosynthesis\n|-start|p1b: Flutter Mane|protosynthesisspe\n|turn|6\n|inactive|Hazweioh has 30 seconds left.\n|\n|t:|1774259538\n|move|p1b: Flutter Mane|Protect|p1b: Flutter Mane\n|-singleturn|p1b: Flutter Mane|Protect\n|move|p2a: Zamazenta|Protect|p2a: Zamazenta\n|-singleturn|p2a: Zamazenta|Protect\n|move|p2b: Calyrex|Astral Barrage|p1b: Flutter Mane|[spread] p1a\n|-activate|p1b: Flutter Mane|move: Protect\n|-damage|p1a: Koraidon|0 fnt\n|faint|p1a: Koraidon\n|-ability|p2b: Calyrex|Grim Neigh|boost\n|-boost|p2b: Calyrex|spa|1\n|\n|-weather|SunnyDay|[upkeep]\n|upkeep\n|turn|7\n|c|\u2606Hazweioh|What ?\n|inactive|Hazweioh has 30 seconds left.\n|c|\u2606Hazweioh|that would have been kill \ud83d\ude05\n|inactive|Hazweioh has 20 seconds left.\n|\n|t:|1774259574\n|-terastallize|p1b: Flutter Mane|Stellar\n|move|p1b: Flutter Mane|Moonblast|p2a: Zamazenta\n|-supereffective|p2a: Zamazenta\n|-damage|p2a: Zamazenta|0 fnt\n|faint|p2a: Zamazenta\n|move|p2b: Calyrex|Astral Barrage|p1b: Flutter Mane\n|-supereffective|p1b: Flutter Mane\n|-damage|p1b: Flutter Mane|0 fnt\n|faint|p1b: Flutter Mane\n|-end|p1b: Flutter Mane|Protosynthesis|[silent]\n|\n|win|Barber1\n|raw|Hazweioh's rating: 1326 &rarr; <strong>1308</strong><br />(-18 for losing)\n|raw|Barber1's rating: 1353 &rarr; <strong>1371</strong><br />(+18 for winning)\n|l|\u2606Hazweioh\n|player|p1|\n","uploadtime":1774259593,"views":13,"formatid":"gen9vgc2026regi","rating":1308,"private":0,"password":null}