{"id":"gen9vgc2026regi-2575216512","format":"[Gen 9] VGC 2026 Reg I","players":["GAPDHD","Dag291"],"log":"|j|\u2606GAPDHD\n|j|\u203dDag291\n|t:|1775329925\n|gametype|doubles\n|player|p1|GAPDHD|ruinmaniac|1459\n|player|p2|Dag291|1|1420\n|gen|9\n|tier|[Gen 9] VGC 2026 Reg I\n|rated|\n|rule|Species Clause: Limit one of each Pok\u00e9mon\n|rule|Item Clause: Limit 1 of each item\n|clearpoke\n|poke|p1|Lunala, L50|\n|poke|p1|Groudon, L50|\n|poke|p1|Indeedee-F, L50, F|\n|poke|p1|Incineroar, L50, F|\n|poke|p1|Brute Bonnet, L50|\n|poke|p1|Walking Wake, L50|\n|poke|p2|Tornadus, L50, M|\n|poke|p2|Incineroar, L50, M|\n|poke|p2|Kyogre, L50|\n|poke|p2|Zacian-*, L50|\n|poke|p2|Rillaboom, L50, M|\n|poke|p2|Landorus, L50, M|\n|teampreview|4\n|inactive|Battle timer is ON: inactive players will automatically lose when time's up. (requested by Dag291)\nGAPDHD has agreed to open team sheets.\n|\n|t:|1775329954\n|teamsize|p1|4\n|teamsize|p2|4\n|start\n|switch|p1a: Lunala|Lunala, L50|100/100\n|switch|p1b: Incineroar|Incineroar, L50, F|100/100\n|switch|p2a: Tornadus|Tornadus, L50, M|100/100\n|switch|p2b: Kyogre|Kyogre, L50|100/100\n|-weather|RainDance|[from] ability: Drizzle|[of] p2b: Kyogre\n|-ability|p1b: Incineroar|Intimidate|boost\n|-unboost|p2a: Tornadus|atk|1\n|-unboost|p2b: Kyogre|atk|1\n|turn|1\n|\n|t:|1775329968\n|-terastallize|p1a: Lunala|Dark\n|move|p1b: Incineroar|Fake Out|p2b: Kyogre\n|-damage|p2b: Kyogre|88/100\n|move|p2a: Tornadus|Bleakwind Storm|p1b: Incineroar|[spread] p1a,p1b\n|-damage|p1a: Lunala|86/100\n|-damage|p1b: Incineroar|61/100\n|cant|p2b: Kyogre|flinch\n|move|p1a: Lunala|Trick Room|p1a: Lunala\n|-fieldstart|move: Trick Room|[of] p1a: Lunala\n|\n|-weather|RainDance|[upkeep]\n|upkeep\n|turn|2\n|inactive|Dag291 has 30 seconds left.\n|\n|t:|1775330002\n|move|p1b: Incineroar|Knock Off|p2b: Kyogre\n|-crit|p2b: Kyogre\n|-damage|p2b: Kyogre|19/100\n|-enditem|p2b: Kyogre|Mystic Water|[from] move: Knock Off|[of] p1b: Incineroar\n|move|p1a: Lunala|Meteor Beam||[still]\n|-prepare|p1a: Lunala|Meteor Beam\n|-boost|p1a: Lunala|spa|1\n|-enditem|p1a: Lunala|Power Herb\n|-anim|p1a: Lunala|Meteor Beam|p2b: Kyogre\n|-damage|p2b: Kyogre|0 fnt\n|faint|p2b: Kyogre\n|move|p2a: Tornadus|Bleakwind Storm|p1b: Incineroar|[spread] p1a,p1b\n|-damage|p1a: Lunala|59/100\n|-damage|p1b: Incineroar|23/100\n|\n|-weather|RainDance|[upkeep]\n|upkeep\n|\n|t:|1775330017\n|switch|p2b: Rillaboom|Rillaboom, L50, M|100/100\n|-fieldstart|move: Grassy Terrain|[from] ability: Grassy Surge|[of] p2b: Rillaboom\n|turn|3\n|\n|t:|1775330035\n|-terastallize|p2b: Rillaboom|Water\n|move|p2a: Tornadus|Protect|p2a: Tornadus\n|-singleturn|p2a: Tornadus|Protect\n|move|p1b: Incineroar|Knock Off|p2a: Tornadus\n|-activate|p2a: Tornadus|move: Protect\n|move|p2b: Rillaboom|Wood Hammer|p1a: Lunala\n|-damage|p1a: Lunala|0 fnt\n|faint|p1a: Lunala\n|-damage|p2b: Rillaboom|77/100|[from] Recoil\n|\n|-weather|RainDance|[upkeep]\n|-heal|p1b: Incineroar|29/100|[from] Grassy Terrain\n|-heal|p2b: Rillaboom|83/100|[from] Grassy Terrain\n|upkeep\n|\n|t:|1775330041\n|switch|p1a: Groudon|Groudon, L50|100/100\n|-weather|SunnyDay|[from] ability: Drought|[of] p1a: Groudon\n|turn|4\n|\n|t:|1775330064\n|switch|p1a: Brute Bonnet|Brute Bonnet, L50|100/100\n|-activate|p1a: Brute Bonnet|ability: Protosynthesis\n|-start|p1a: Brute Bonnet|protosynthesisdef\n|move|p2a: Tornadus|Rain Dance|p2a: Tornadus\n|-weather|RainDance\n|-end|p1a: Brute Bonnet|Protosynthesis\n|move|p1b: Incineroar|Flare Blitz|p2a: Tornadus\n|-damage|p2a: Tornadus|62/100\n|-damage|p1b: Incineroar|12/100|[from] item: Rocky Helmet|[of] p2a: Tornadus\n|-damage|p1b: Incineroar|0 fnt|[from] Recoil\n|faint|p1b: Incineroar\n|move|p2b: Rillaboom|Wood Hammer|p1a: Brute Bonnet\n|-resisted|p1a: Brute Bonnet\n|-damage|p1a: Brute Bonnet|72/100\n|-damage|p2b: Rillaboom|74/100|[from] Recoil\n|\n|-weather|RainDance|[upkeep]\n|-heal|p1a: Brute Bonnet|78/100|[from] Grassy Terrain\n|-heal|p2b: Rillaboom|80/100|[from] Grassy Terrain\n|upkeep\n|\n|t:|1775330077\n|switch|p1b: Groudon|Groudon, L50|100/100\n|-weather|SunnyDay|[from] ability: Drought|[of] p1b: Groudon\n|-activate|p1a: Brute Bonnet|ability: Protosynthesis\n|-start|p1a: Brute Bonnet|protosynthesisdef\n|turn|5\n|\n|t:|1775330091\n|move|p2a: Tornadus|Rain Dance|p2a: Tornadus\n|-weather|RainDance\n|-end|p1a: Brute Bonnet|Protosynthesis\n|move|p1a: Brute Bonnet|Spore|p2b: Rillaboom\n|-status|p2b: Rillaboom|slp|[from] move: Spore\n|cant|p2b: Rillaboom|slp\n|move|p1b: Groudon|Heat Crash|p2a: Tornadus\n|-damage|p2a: Tornadus|15/100\n|-damage|p1b: Groudon|84/100|[from] item: Rocky Helmet|[of] p2a: Tornadus\n|\n|-weather|RainDance|[upkeep]\n|-heal|p1a: Brute Bonnet|84/100|[from] Grassy Terrain\n|-heal|p2b: Rillaboom|86/100 slp|[from] Grassy Terrain\n|-heal|p1b: Groudon|90/100|[from] Grassy Terrain\n|-fieldend|move: Trick Room\n|upkeep\n|turn|6\n|\n|t:|1775330115\n|move|p2a: Tornadus|Protect|p2a: Tornadus\n|-singleturn|p2a: Tornadus|Protect\n|cant|p2b: Rillaboom|slp\n|move|p1b: Groudon|Heat Crash|p2a: Tornadus\n|-activate|p2a: Tornadus|move: Protect\n|move|p1a: Brute Bonnet|Seed Bomb|p2b: Rillaboom\n|-supereffective|p2b: Rillaboom\n|-damage|p2b: Rillaboom|0 fnt\n|faint|p2b: Rillaboom\n|\n|-weather|RainDance|[upkeep]\n|-heal|p1b: Groudon|96/100|[from] Grassy Terrain\n|-heal|p1a: Brute Bonnet|90/100|[from] Grassy Terrain\n|upkeep\n|\n|t:|1775330121\n|switch|p2b: Zacian|Zacian-Crowned, L50|100/100\n|-ability|p2b: Zacian|Intrepid Sword|boost\n|-boost|p2b: Zacian|atk|1\n|turn|7\n|\n|t:|1775330138\n|move|p1a: Brute Bonnet|Sucker Punch|p2a: Tornadus\n|-damage|p2a: Tornadus|0 fnt\n|-damage|p1a: Brute Bonnet|74/100|[from] item: Rocky Helmet|[of] p2a: Tornadus\n|faint|p2a: Tornadus\n|move|p2b: Zacian|Behemoth Blade|p1b: Groudon\n|-damage|p1b: Groudon|45/100\n|move|p1b: Groudon|Heat Crash|p2b: Zacian\n|-supereffective|p2b: Zacian\n|-damage|p2b: Zacian|70/100\n|\n|-weather|RainDance|[upkeep]\n|-heal|p2b: Zacian|76/100|[from] Grassy Terrain\n|-heal|p1b: Groudon|51/100|[from] Grassy Terrain\n|-heal|p1a: Brute Bonnet|80/100|[from] Grassy Terrain\n|-fieldend|move: Grassy Terrain\n|upkeep\n|turn|8\n|\n|t:|1775330153\n|move|p1a: Brute Bonnet|Rage Powder|p1a: Brute Bonnet\n|-singleturn|p1a: Brute Bonnet|move: Rage Powder\n|move|p2b: Zacian|Play Rough|p1a: Brute Bonnet\n|-supereffective|p1a: Brute Bonnet\n|-damage|p1a: Brute Bonnet|0 fnt\n|faint|p1a: Brute Bonnet\n|-end|p1a: Brute Bonnet|Protosynthesis|[silent]\n|move|p1b: Groudon|Heat Crash|p2b: Zacian\n|-supereffective|p2b: Zacian\n|-damage|p2b: Zacian|47/100\n|\n|-weather|RainDance|[upkeep]\n|upkeep\n|turn|9\n|\n|t:|1775330163\n|move|p2b: Zacian|Behemoth Blade|p1b: Groudon\n|-damage|p1b: Groudon|0 fnt\n|faint|p1b: Groudon\n|\n|win|Dag291\n|raw|GAPDHD's rating: 1459 &rarr; <strong>1437</strong><br />(-22 for losing)\n|raw|Dag291's rating: 1420 &rarr; <strong>1442</strong><br />(+22 for winning)\n|l|\u2606GAPDHD\n|player|p1|\n","uploadtime":1775330168,"views":10,"formatid":"gen9vgc2026regi","rating":1437,"private":0,"password":null}