{"id":"gen9vgc2026regi-2532661964","format":"[Gen 9] VGC 2026 Reg I","players":["prueba y cositas","501JFW"],"log":"|j|\u2606prueba y cositas\n|j|\u2606501JFW\n|t:|1770212016\n|gametype|doubles\n|player|p1|prueba y cositas|lucas-gen4pt|1293\n|player|p2|501JFW|170|1302\n|gen|9\n|tier|[Gen 9] VGC 2026 Reg I\n|rated|\n|rule|Species Clause: Limit one of each Pok\u00e9mon\n|rule|Item Clause: Limit 1 of each item\n|clearpoke\n|poke|p1|Calyrex-Ice, L50|\n|poke|p1|Murkrow, L50, M|\n|poke|p1|Landorus, L50, M|\n|poke|p1|Iron Treads, L50|\n|poke|p1|Ogerpon-Wellspring, L50, F|\n|poke|p1|Lunala, L50|\n|poke|p2|Kyogre, L50|\n|poke|p2|Calyrex-Ice, L50|\n|poke|p2|Amoonguss, L50, M|\n|poke|p2|Iron Jugulis, L50|\n|poke|p2|Urshifu-*, L50, F|\n|poke|p2|Indeedee-F, L50, F|\n|teampreview|4\n|inactive|Battle timer is ON: inactive players will automatically lose when time's up. (requested by prueba y cositas)\n|inactive|501JFW has 60 seconds left.\n|inactive|501JFW has 30 seconds left.\n|inactive|501JFW has 20 seconds left.\n|\n|t:|1770212096\n|teamsize|p1|4\n|teamsize|p2|4\n|start\n|switch|p1a: Calyrex|Calyrex-Ice, L50|100/100\n|switch|p1b: Lunala|Lunala, L50, shiny|100/100\n|switch|p2a: Kyogre|Kyogre, L50, shiny|100/100\n|switch|p2b: Indeedee|Indeedee-F, L50, F, shiny|100/100\n|-ability|p1a: Calyrex|As One\n|-ability|p1a: Calyrex|Unnerve\n|-weather|RainDance|[from] ability: Drizzle|[of] p2a: Kyogre\n|-fieldstart|move: Psychic Terrain|[from] ability: Psychic Surge|[of] p2b: Indeedee\n|-enditem|p2b: Indeedee|Psychic Seed\n|-boost|p2b: Indeedee|spd|1|[from] item: Psychic Seed\n|turn|1\n|\n|t:|1770212111\n|move|p1b: Lunala|Wide Guard|p1b: Lunala\n|-singleturn|p1b: Lunala|Wide Guard\n|move|p1a: Calyrex|Glacial Lance|p2a: Kyogre|[spread] p2a,p2b\n|-resisted|p2a: Kyogre\n|-damage|p2a: Kyogre|77/100\n|-damage|p2b: Indeedee|52/100\n|move|p2a: Kyogre|Hydro Pump|p1a: Calyrex\n|-damage|p1a: Calyrex|0 fnt\n|faint|p1a: Calyrex\n|move|p2b: Indeedee|Psychic|p1b: Lunala\n|-resisted|p1b: Lunala\n|-damage|p1b: Lunala|93/100\n|\n|-weather|RainDance|[upkeep]\n|upkeep\n|\n|t:|1770212115\n|switch|p1a: Ogerpon|Ogerpon-Wellspring, L50, F|100/100\n|turn|2\n|\n|t:|1770212132\n|move|p1a: Ogerpon|Ivy Cudgel|p2b: Indeedee|[anim] Ivy Cudgel Water\n|-damage|p2b: Indeedee|0 fnt\n|faint|p2b: Indeedee\n|move|p1b: Lunala|Meteor Beam||[still]\n|-prepare|p1b: Lunala|Meteor Beam\n|-boost|p1b: Lunala|spa|1\n|-enditem|p1b: Lunala|Power Herb\n|-anim|p1b: Lunala|Meteor Beam|p2a: Kyogre\n|-damage|p2a: Kyogre|31/100\n|move|p2a: Kyogre|Hydro Pump|p1b: Lunala\n|-damage|p1b: Lunala|0 fnt\n|faint|p1b: Lunala\n|\n|-weather|RainDance|[upkeep]\n|upkeep\n|\n|t:|1770212142\n|switch|p1b: Murkrow|Murkrow, L50, M|100/100\n|switch|p2b: Calyrex|Calyrex-Ice, L50|100/100\n|-ability|p2b: Calyrex|As One\n|-ability|p2b: Calyrex|Unnerve\n|turn|3\n|\n|t:|1770212161\n|-terastallize|p1a: Ogerpon|Water\n|detailschange|p1a: Ogerpon|Ogerpon-Wellspring-Tera, L50, F, tera:Water\n|-ability|p1a: Ogerpon|Embody Aspect (Wellspring)|boost\n|-boost|p1a: Ogerpon|spd|1\n|-terastallize|p2b: Calyrex|Grass\n|move|p1b: Murkrow|Foul Play|p2b: Calyrex\n|-damage|p2b: Calyrex|64/100\n|move|p1a: Ogerpon|Ivy Cudgel|p2b: Calyrex|[anim] Ivy Cudgel Water\n|-resisted|p2b: Calyrex\n|-damage|p2b: Calyrex|26/100\n|move|p2a: Kyogre|Hydro Pump|p1b: Murkrow|[miss]\n|-miss|p2a: Kyogre|p1b: Murkrow\n|move|p2b: Calyrex|Trick Room|p2b: Calyrex\n|-fieldstart|move: Trick Room|[of] p2b: Calyrex\n|\n|-weather|RainDance|[upkeep]\n|upkeep\n|turn|4\n|\n|t:|1770212181\n|move|p1a: Ogerpon|Follow Me|p1a: Ogerpon\n|-singleturn|p1a: Ogerpon|move: Follow Me\n|move|p2b: Calyrex|Glacial Lance|p1a: Ogerpon|[spread] p1a,p1b\n|-resisted|p1a: Ogerpon\n|-supereffective|p1b: Murkrow\n|-damage|p1a: Ogerpon|68/100\n|-enditem|p1b: Murkrow|Focus Sash\n|-damage|p1b: Murkrow|1/100\n|move|p2a: Kyogre|Hydro Pump|p1a: Ogerpon\n|-resisted|p1a: Ogerpon\n|-damage|p1a: Ogerpon|22/100\n|move|p1b: Murkrow|Foul Play|p2b: Calyrex\n|-damage|p2b: Calyrex|0 fnt\n|faint|p2b: Calyrex\n|\n|-weather|RainDance|[upkeep]\n|upkeep\n|\n|t:|1770212187\n|switch|p2b: Urshifu|Urshifu-Rapid-Strike, L50, F|100/100\n|turn|5\n|\n|t:|1770212201\n|move|p2a: Kyogre|Hydro Pump|p1b: Murkrow\n|-damage|p1b: Murkrow|0 fnt\n|faint|p1b: Murkrow\n|move|p2b: Urshifu|Surging Strikes|p1a: Ogerpon\n|-resisted|p1a: Ogerpon\n|-crit|p1a: Ogerpon\n|-damage|p1a: Ogerpon|0 fnt\n|faint|p1a: Ogerpon\n|detailschange|p1: Ogerpon|Ogerpon-Wellspring, L50, F|[silent]\n|-hitcount|p1: Ogerpon|1\n|\n|win|501JFW\n|raw|prueba y cositas's rating: 1293 &rarr; <strong>1269</strong><br />(-24 for losing)\n|raw|501JFW's rating: 1302 &rarr; <strong>1321</strong><br />(+19 for winning)\n|l|\u2606prueba y cositas\n|player|p1|\n|l|\u2606501JFW\n|player|p2|\n","uploadtime":1770212366,"views":12,"formatid":"gen9vgc2026regi","rating":1269,"private":0,"password":null}