{"id":"gen9vgc2026regi-2538547546","format":"[Gen 9] VGC 2026 Reg I","players":["SnarkyShane","Zkprep"],"log":"|j|\u2606SnarkyShane\n|j|\u2606Zkprep\n|t:|1770938993\n|gametype|doubles\n|player|p1|SnarkyShane|gambler|1425\n|player|p2|Zkprep|102|1489\n|gen|9\n|tier|[Gen 9] VGC 2026 Reg I\n|rated|\n|rule|Species Clause: Limit one of each Pok\u00e9mon\n|rule|Item Clause: Limit 1 of each item\n|clearpoke\n|poke|p1|Rayquaza, L50|\n|poke|p1|Calyrex-Shadow, L50|\n|poke|p1|Chien-Pao, L50|\n|poke|p1|Ting-Lu, L50|\n|poke|p1|Amoonguss, L50, F|\n|poke|p1|Avalugg-Hisui, L50, M|\n|poke|p2|Calyrex-Shadow, L50|\n|poke|p2|Miraidon, L50|\n|poke|p2|Whimsicott, L50, F|\n|poke|p2|Chien-Pao, L50|\n|poke|p2|Heatran, L50, F|\n|poke|p2|Ogerpon-Wellspring, L50, F|\n|teampreview|4\n|inactive|Battle timer is ON: inactive players will automatically lose when time's up. (requested by SnarkyShane)\n|inactive|SnarkyShane has 60 seconds left.\n|inactive|Zkprep has 60 seconds left.\n|\n|t:|1770939030\n|teamsize|p1|4\n|teamsize|p2|4\n|start\n|switch|p1a: FesterinEquestrian|Calyrex-Shadow, L50|100/100\n|switch|p1b: Victor Creed|Chien-Pao, L50|100/100\n|switch|p2a: Calyrex|Calyrex-Shadow, L50|100/100\n|switch|p2b: Whimsicott|Whimsicott, L50, F|100/100\n|-ability|p2a: Calyrex|As One\n|-ability|p2a: Calyrex|Unnerve\n|-ability|p1a: FesterinEquestrian|As One\n|-ability|p1a: FesterinEquestrian|Unnerve\n|-ability|p1b: Victor Creed|Sword of Ruin\n|turn|1\n|inactive|SnarkyShane has 30 seconds left.\n|inactive|SnarkyShane has 20 seconds left.\n|inactive|SnarkyShane has 15 seconds left.\n|inactive|SnarkyShane has 10 seconds left.\n|\n|t:|1770939076\n|move|p2a: Calyrex|Protect|p2a: Calyrex\n|-singleturn|p2a: Calyrex|Protect\n|move|p2b: Whimsicott|Tailwind|p2b: Whimsicott\n|-sidestart|p2: Zkprep|move: Tailwind\n|move|p1b: Victor Creed|Sacred Sword|p2a: Calyrex\n|-activate|p2a: Calyrex|move: Protect\n|move|p1a: FesterinEquestrian|Astral Barrage|p2a: Calyrex|[spread] p2b\n|-activate|p2a: Calyrex|move: Protect\n|-damage|p2b: Whimsicott|17/100\n|\n|upkeep\n|turn|2\n|inactive|Zkprep has 30 seconds left.\n|inactive|Zkprep has 20 seconds left.\n|inactive|Zkprep has 15 seconds left.\n|\n|t:|1770939119\n|-terastallize|p2a: Calyrex|Fighting\n|move|p2a: Calyrex|Tera Blast|p1b: Victor Creed|[anim] Tera Blast Fighting\n|-supereffective|p1b: Victor Creed\n|-damage|p1b: Victor Creed|0 fnt\n|faint|p1b: Victor Creed\n|-ability|p2a: Calyrex|Grim Neigh|boost\n|-boost|p2a: Calyrex|spa|1\n|move|p2b: Whimsicott|Moonblast|p1a: FesterinEquestrian\n|-damage|p1a: FesterinEquestrian|75/100\n|-unboost|p1a: FesterinEquestrian|spa|1\n|move|p1a: FesterinEquestrian|Astral Barrage|p2b: Whimsicott|[spread] p2a,p2b\n|-damage|p2a: Calyrex|66/100\n|-damage|p2b: Whimsicott|0 fnt\n|faint|p2b: Whimsicott\n|-ability|p1a: FesterinEquestrian|Grim Neigh|boost\n|-boost|p1a: FesterinEquestrian|spa|1\n|\n|upkeep\n|inactive|Zkprep has 30 seconds left.\n|\n|t:|1770939149\n|switch|p1b: Noodle Del Muerte|Rayquaza, L50|100/100\n|switch|p2b: Chien-Pao|Chien-Pao, L50|100/100\n|-ability|p2b: Chien-Pao|Sword of Ruin\n|-ability|p1b: Noodle Del Muerte|Air Lock\n|turn|3\n|inactive|SnarkyShane has 30 seconds left.\n|\n|t:|1770939182\n|-terastallize|p1b: Noodle Del Muerte|Normal\n|move|p1b: Noodle Del Muerte|Extreme Speed|p2b: Chien-Pao\n|-damage|p2b: Chien-Pao|34/100\n|move|p2a: Calyrex|Astral Barrage|p1b: Noodle Del Muerte|[spread] p1a\n|-immune|p1b: Noodle Del Muerte\n|-supereffective|p1a: FesterinEquestrian\n|-damage|p1a: FesterinEquestrian|0 fnt\n|faint|p1a: FesterinEquestrian\n|-ability|p2a: Calyrex|Grim Neigh|boost\n|-boost|p2a: Calyrex|spa|1\n|move|p2b: Chien-Pao|Ice Spinner|p1b: Noodle Del Muerte\n|-damage|p1b: Noodle Del Muerte|55/100\n|\n|upkeep\n|\n|t:|1770939191\n|switch|p1a: Big Gulp|Ting-Lu, L50|100/100\n|-ability|p1a: Big Gulp|Vessel of Ruin\n|turn|4\n|inactive|SnarkyShane has 30 seconds left.\n|\n|t:|1770939218\n|move|p1b: Noodle Del Muerte|Extreme Speed|p2a: Calyrex\n|-damage|p2a: Calyrex|0 fnt\n|faint|p2a: Calyrex\n|move|p2b: Chien-Pao|Sacred Sword|p1b: Noodle Del Muerte\n|-supereffective|p1b: Noodle Del Muerte\n|-damage|p1b: Noodle Del Muerte|0 fnt\n|faint|p1b: Noodle Del Muerte\n|move|p1a: Big Gulp|Heavy Slam|p2b: Chien-Pao\n|-supereffective|p2b: Chien-Pao\n|-crit|p2b: Chien-Pao\n|-damage|p2b: Chien-Pao|0 fnt\n|faint|p2b: Chien-Pao\n|\n|-sideend|p2: Zkprep|move: Tailwind\n|upkeep\n|\n|t:|1770939236\n|switch|p2a: Miraidon|Miraidon, L50|100/100\n|-fieldstart|move: Electric Terrain|[from] ability: Hadron Engine|[of] p2a: Miraidon\n|turn|5\n|\n|t:|1770939247\n|move|p2a: Miraidon|Dazzling Gleam|p1a: Big Gulp\n|-supereffective|p1a: Big Gulp\n|-damage|p1a: Big Gulp|75/100\n|move|p1a: Big Gulp|Stomping Tantrum|p2a: Miraidon\n|-supereffective|p2a: Miraidon\n|-damage|p2a: Miraidon|24/100\n|\n|upkeep\n|turn|6\n|\n|t:|1770939259\n|move|p2a: Miraidon|Draco Meteor|p1a: Big Gulp\n|-damage|p1a: Big Gulp|43/100\n|-unboost|p2a: Miraidon|spa|2\n|move|p1a: Big Gulp|Stomping Tantrum|p2a: Miraidon\n|-supereffective|p2a: Miraidon\n|-damage|p2a: Miraidon|0 fnt\n|faint|p2a: Miraidon\n|\n|win|SnarkyShane\n|raw|SnarkyShane's rating: 1425 &rarr; <strong>1449</strong><br />(+24 for winning)\n|raw|Zkprep's rating: 1489 &rarr; <strong>1465</strong><br />(-24 for losing)\n|l|\u2606SnarkyShane\n|player|p1|\n|l|\u2606Zkprep\n|player|p2|\n","uploadtime":1770939512,"views":42,"formatid":"gen9vgc2026regi","rating":1449,"private":0,"password":null}