{"id":"gen9vgc2026regi-2579001210","format":"[Gen 9] VGC 2026 Reg I","players":["cxy090506","jj11j1"],"log":"|j|\u2606cxy090506\n|j|\u2606jj11j1\n|t:|1775744202\n|gametype|doubles\n|player|p1|cxy090506|fairytalegirl|1476\n|player|p2|jj11j1|101|1525\n|gen|9\n|tier|[Gen 9] VGC 2026 Reg I\n|rated|\n|rule|Species Clause: Limit one of each Pok\u00e9mon\n|rule|Item Clause: Limit 1 of each item\n|clearpoke\n|poke|p1|Kyogre, L50|\n|poke|p1|Tornadus, L50, M|\n|poke|p1|Urshifu-*, L50, F|\n|poke|p1|Indeedee-F, L50, F|\n|poke|p1|Raichu, L50, M|\n|poke|p1|Miraidon, L50|\n|poke|p2|Ho-Oh, L50|\n|poke|p2|Calyrex-Ice, L50|\n|poke|p2|Overqwil, L50, F|\n|poke|p2|Ting-Lu, L50|\n|poke|p2|Rillaboom, L50, F|\n|poke|p2|Ogerpon-Wellspring, L50, F|\n|teampreview|4\n|inactive|Battle timer is ON: inactive players will automatically lose when time's up. (requested by cxy090506)\n|\n|t:|1775744227\n|teamsize|p1|4\n|teamsize|p2|4\n|start\n|switch|p1a: \u6839\u6e90\u6ce2\u52a8miss\u6211\u5c06\u8868\u6f14\u4eba\u5bff\ud83d\ude0b|Kyogre, L50, shiny|100/100\n|switch|p1b: \u6765\u8ffd\u6211\u5440\uff0c\u5c0f\u732b\u54aa\ud83d\ude0b|Indeedee-F, L50, F|100/100\n|switch|p2a: Overqwil|Overqwil, L50, F|100/100\n|switch|p2b: Rillaboom|Rillaboom, L50, F|100/100\n|-weather|RainDance|[from] ability: Drizzle|[of] p1a: \u6839\u6e90\u6ce2\u52a8miss\u6211\u5c06\u8868\u6f14\u4eba\u5bff\ud83d\ude0b\n|-fieldstart|move: Grassy Terrain|[from] ability: Grassy Surge|[of] p2b: Rillaboom\n|-ability|p2a: Overqwil|Intimidate|boost\n|-unboost|p1a: \u6839\u6e90\u6ce2\u52a8miss\u6211\u5c06\u8868\u6f14\u4eba\u5bff\ud83d\ude0b|atk|1\n|-unboost|p1b: \u6765\u8ffd\u6211\u5440\uff0c\u5c0f\u732b\u54aa\ud83d\ude0b|atk|1\n|-fieldstart|move: Psychic Terrain|[from] ability: Psychic Surge|[of] p1b: \u6765\u8ffd\u6211\u5440\uff0c\u5c0f\u732b\u54aa\ud83d\ude0b\n|-enditem|p1b: \u6765\u8ffd\u6211\u5440\uff0c\u5c0f\u732b\u54aa\ud83d\ude0b|Psychic Seed\n|-boost|p1b: \u6765\u8ffd\u6211\u5440\uff0c\u5c0f\u732b\u54aa\ud83d\ude0b|spd|1|[from] item: Psychic Seed\n|turn|1\n|inactive|jj11j1 has 30 seconds left.\n|\n|t:|1775744258\n|-terastallize|p1a: \u6839\u6e90\u6ce2\u52a8miss\u6211\u5c06\u8868\u6f14\u4eba\u5bff\ud83d\ude0b|Water\n|move|p2b: Rillaboom|Fake Out|p1a: \u6839\u6e90\u6ce2\u52a8miss\u6211\u5c06\u8868\u6f14\u4eba\u5bff\ud83d\ude0b\n|-activate|p1a: \u6839\u6e90\u6ce2\u52a8miss\u6211\u5c06\u8868\u6f14\u4eba\u5bff\ud83d\ude0b|move: Psychic Terrain\n|move|p1b: \u6765\u8ffd\u6211\u5440\uff0c\u5c0f\u732b\u54aa\ud83d\ude0b|Follow Me|p1b: \u6765\u8ffd\u6211\u5440\uff0c\u5c0f\u732b\u54aa\ud83d\ude0b\n|-singleturn|p1b: \u6765\u8ffd\u6211\u5440\uff0c\u5c0f\u732b\u54aa\ud83d\ude0b|move: Follow Me\n|move|p1a: \u6839\u6e90\u6ce2\u52a8miss\u6211\u5c06\u8868\u6f14\u4eba\u5bff\ud83d\ude0b|Water Spout|p2a: Overqwil|[spread] p2a,p2b\n|-resisted|p2b: Rillaboom\n|-damage|p2a: Overqwil|0 fnt\n|-damage|p2b: Rillaboom|57/100\n|faint|p2a: Overqwil\n|\n|-weather|RainDance|[upkeep]\n|upkeep\n|\n|t:|1775744272\n|switch|p2a: Calyrex|Calyrex-Ice, L50|100/100\n|-ability|p2a: Calyrex|As One\n|-ability|p2a: Calyrex|Unnerve\n|turn|2\n|inactive|cxy090506 has 30 seconds left.\n|inactive|cxy090506 has 20 seconds left.\n|inactive|cxy090506 has 15 seconds left.\n|inactive|cxy090506 has 10 seconds left.\n|inactive|cxy090506 has 5 seconds left.\n|\n|t:|1775744327\n|-terastallize|p2a: Calyrex|Water\n|move|p1b: \u6765\u8ffd\u6211\u5440\uff0c\u5c0f\u732b\u54aa\ud83d\ude0b|Follow Me|p1b: \u6765\u8ffd\u6211\u5440\uff0c\u5c0f\u732b\u54aa\ud83d\ude0b\n|-singleturn|p1b: \u6765\u8ffd\u6211\u5440\uff0c\u5c0f\u732b\u54aa\ud83d\ude0b|move: Follow Me\n|move|p1a: \u6839\u6e90\u6ce2\u52a8miss\u6211\u5c06\u8868\u6f14\u4eba\u5bff\ud83d\ude0b|Water Spout|p2a: Calyrex|[spread] p2a,p2b\n|-resisted|p2a: Calyrex\n|-resisted|p2b: Rillaboom\n|-damage|p2a: Calyrex|64/100\n|-damage|p2b: Rillaboom|14/100\n|move|p2b: Rillaboom|Wood Hammer|p1b: \u6765\u8ffd\u6211\u5440\uff0c\u5c0f\u732b\u54aa\ud83d\ude0b\n|-damage|p1b: \u6765\u8ffd\u6211\u5440\uff0c\u5c0f\u732b\u54aa\ud83d\ude0b|29/100\n|-damage|p2b: Rillaboom|0 fnt|[from] Recoil\n|faint|p2b: Rillaboom\n|move|p2a: Calyrex|Leech Seed|p1b: \u6765\u8ffd\u6211\u5440\uff0c\u5c0f\u732b\u54aa\ud83d\ude0b\n|-start|p1b: \u6765\u8ffd\u6211\u5440\uff0c\u5c0f\u732b\u54aa\ud83d\ude0b|move: Leech Seed\n|\n|-weather|RainDance|[upkeep]\n|-heal|p2a: Calyrex|70/100|[from] item: Leftovers\n|-damage|p1b: \u6765\u8ffd\u6211\u5440\uff0c\u5c0f\u732b\u54aa\ud83d\ude0b|16/100|[from] Leech Seed|[of] p2a: Calyrex\n|-heal|p2a: Calyrex|80/100|[silent]\n|upkeep\n|\n|t:|1775744352\n|switch|p2b: Ting-Lu|Ting-Lu, L50|100/100\n|-ability|p2b: Ting-Lu|Vessel of Ruin\n|turn|3\n|inactiveoff|Battle timer is now OFF.\n|\n|t:|1775744371\n|move|p1a: \u6839\u6e90\u6ce2\u52a8miss\u6211\u5c06\u8868\u6f14\u4eba\u5bff\ud83d\ude0b|Water Spout|p2b: Ting-Lu|[spread] p2a,p2b\n|-resisted|p2a: Calyrex\n|-supereffective|p2b: Ting-Lu\n|-damage|p2a: Calyrex|50/100\n|-damage|p2b: Ting-Lu|0 fnt\n|faint|p2b: Ting-Lu\n|move|p1b: \u6765\u8ffd\u6211\u5440\uff0c\u5c0f\u732b\u54aa\ud83d\ude0b|Imprison|p1b: \u6765\u8ffd\u6211\u5440\uff0c\u5c0f\u732b\u54aa\ud83d\ude0b\n|-start|p1b: \u6765\u8ffd\u6211\u5440\uff0c\u5c0f\u732b\u54aa\ud83d\ude0b|move: Imprison\n|cant|p2a: Calyrex|move: Imprison|Trick Room\n|\n|-weather|RainDance|[upkeep]\n|-heal|p2a: Calyrex|56/100|[from] item: Leftovers\n|-damage|p1b: \u6765\u8ffd\u6211\u5440\uff0c\u5c0f\u732b\u54aa\ud83d\ude0b|4/100|[from] Leech Seed|[of] p2a: Calyrex\n|-heal|p2a: Calyrex|66/100|[silent]\n|upkeep\n|turn|4\n|inactive|Battle timer is ON: inactive players will automatically lose when time's up. (requested by jj11j1)\n|\n|t:|1775744388\n|move|p1b: \u6765\u8ffd\u6211\u5440\uff0c\u5c0f\u732b\u54aa\ud83d\ude0b|Helping Hand|p1a: \u6839\u6e90\u6ce2\u52a8miss\u6211\u5c06\u8868\u6f14\u4eba\u5bff\ud83d\ude0b\n|-singleturn|p1a: \u6839\u6e90\u6ce2\u52a8miss\u6211\u5c06\u8868\u6f14\u4eba\u5bff\ud83d\ude0b|Helping Hand|[of] p1b: \u6765\u8ffd\u6211\u5440\uff0c\u5c0f\u732b\u54aa\ud83d\ude0b\n|move|p2a: Calyrex|Protect|p2a: Calyrex\n|-singleturn|p2a: Calyrex|Protect\n|move|p1a: \u6839\u6e90\u6ce2\u52a8miss\u6211\u5c06\u8868\u6f14\u4eba\u5bff\ud83d\ude0b|Water Spout|p2a: Calyrex\n|-activate|p2a: Calyrex|move: Protect\n|\n|-weather|RainDance|[upkeep]\n|-heal|p2a: Calyrex|72/100|[from] item: Leftovers\n|-damage|p1b: \u6765\u8ffd\u6211\u5440\uff0c\u5c0f\u732b\u54aa\ud83d\ude0b|0 fnt|[from] Leech Seed|[of] p2a: Calyrex\n|-heal|p2a: Calyrex|75/100|[silent]\n|faint|p1b: \u6765\u8ffd\u6211\u5440\uff0c\u5c0f\u732b\u54aa\ud83d\ude0b\n|upkeep\n|\n|t:|1775744393\n|switch|p1b: Miraidon|Miraidon, L50|100/100\n|-fieldstart|move: Electric Terrain|[from] ability: Hadron Engine|[of] p1b: Miraidon\n|turn|5\n|\n|t:|1775744403\n|move|p1a: \u6839\u6e90\u6ce2\u52a8miss\u6211\u5c06\u8868\u6f14\u4eba\u5bff\ud83d\ude0b|Water Spout|p2a: Calyrex\n|-resisted|p2a: Calyrex\n|-damage|p2a: Calyrex|19/100\n|move|p1b: Miraidon|Electro Drift|p2a: Calyrex\n|-supereffective|p2a: Calyrex\n|-damage|p2a: Calyrex|0 fnt\n|faint|p2a: Calyrex\n|\n|win|cxy090506\n|raw|cxy090506's rating: 1476 &rarr; <strong>1499</strong><br />(+23 for winning)\n|raw|jj11j1's rating: 1525 &rarr; <strong>1502</strong><br />(-23 for losing)\n|l|\u2606jj11j1\n|player|p2|\n","uploadtime":1775744574,"views":11,"formatid":"gen9vgc2026regi","rating":1499,"private":0,"password":null}