{"id":"gen9vgc2026regi-2540145935","format":"[Gen 9] VGC 2026 Reg I","players":["crabominable 740","Luca8"],"log":"|j|\u2606crabominable 740\n|j|\u2606Luca8\n|t:|1771168352\n|gametype|doubles\n|player|p1|crabominable 740|hiker-gen4|1218\n|player|p2|Luca8|flint|1342\n|gen|9\n|tier|[Gen 9] VGC 2026 Reg I\n|rated|\n|rule|Species Clause: Limit one of each Pok\u00e9mon\n|rule|Item Clause: Limit 1 of each item\n|clearpoke\n|poke|p1|Calyrex-Ice, L50|\n|poke|p1|Giratina-Origin, L50|\n|poke|p1|Iron Hands, L50|\n|poke|p1|Primarina, L50, M|\n|poke|p1|Grimmsnarl, L50, M|\n|poke|p1|Farigiraf, L50, F|\n|poke|p2|Whimsicott, L50, M|\n|poke|p2|Kyogre, L50|\n|poke|p2|Landorus, L50, M|\n|poke|p2|Lunala, L50|\n|poke|p2|Farigiraf, L50, F|\n|poke|p2|Amoonguss, L50, F|\n|teampreview|4\n|inactive|Battle timer is ON: inactive players will automatically lose when time's up. (requested by crabominable 740)\n|\n|t:|1771168407\n|teamsize|p1|4\n|teamsize|p2|4\n|start\n|switch|p1a: \uce7c\ub0a0|Calyrex-Ice, L50|100/100\n|switch|p1b: \uc624\uac10\uc790|Grimmsnarl, L50, M|100/100\n|switch|p2a: Lunala|Lunala, L50|100/100\n|switch|p2b: Farigiraf|Farigiraf, L50, F|100/100\n|-ability|p1a: \uce7c\ub0a0|As One\n|-ability|p1a: \uce7c\ub0a0|Unnerve\n|turn|1\n|\n|t:|1771168430\n|-terastallize|p1a: \uce7c\ub0a0|Water\n|move|p2a: Lunala|Will-O-Wisp|p1a: \uce7c\ub0a0\n|-status|p1a: \uce7c\ub0a0|brn\n|move|p1b: \uc624\uac10\uc790|Foul Play|p2a: Lunala\n|-supereffective|p2a: Lunala\n|-damage|p2a: Lunala|52/100\n|move|p2b: Farigiraf|Hyper Voice|p1a: \uce7c\ub0a0|[spread] p1a,p1b\n|-damage|p1a: \uce7c\ub0a0|83/100 brn\n|-damage|p1b: \uc624\uac10\uc790|74/100\n|-enditem|p2b: Farigiraf|Throat Spray\n|-boost|p2b: Farigiraf|spa|1|[from] item: Throat Spray\n|move|p1a: \uce7c\ub0a0|Throat Chop|p2a: Lunala\n|-supereffective|p2a: Lunala\n|-damage|p2a: Lunala|0 fnt\n|faint|p2a: Lunala\n|-ability|p1a: \uce7c\ub0a0|Chilling Neigh|boost\n|-boost|p1a: \uce7c\ub0a0|atk|1\n|\n|-damage|p1a: \uce7c\ub0a0|77/100 brn|[from] brn\n|upkeep\n|\n|t:|1771168452\n|switch|p2a: Kyogre|Kyogre, L50|100/100\n|-weather|RainDance|[from] ability: Drizzle|[of] p2a: Kyogre\n|turn|2\n|\n|t:|1771168467\n|move|p2a: Kyogre|Water Spout|p1a: \uce7c\ub0a0|[spread] p1a,p1b\n|-resisted|p1a: \uce7c\ub0a0\n|-damage|p1a: \uce7c\ub0a0|47/100 brn\n|-damage|p1b: \uc624\uac10\uc790|0 fnt\n|faint|p1b: \uc624\uac10\uc790\n|move|p2b: Farigiraf|Foul Play|p1a: \uce7c\ub0a0\n|-damage|p1a: \uce7c\ub0a0|10/100 brn\n|move|p1a: \uce7c\ub0a0|Trick Room|p1a: \uce7c\ub0a0\n|-fieldstart|move: Trick Room|[of] p1a: \uce7c\ub0a0\n|\n|-weather|RainDance|[upkeep]\n|-damage|p1a: \uce7c\ub0a0|4/100 brn|[from] brn\n|upkeep\n|\n|t:|1771168472\n|switch|p1b: \ubb34\uc1e0\ud765\ubbfc|Iron Hands, L50|100/100\n|turn|3\n|\n|t:|1771168484\n|switch|p2a: Amoonguss|Amoonguss, L50, F|100/100\n|move|p1a: \uce7c\ub0a0|Throat Chop|p2b: Farigiraf\n|-supereffective|p2b: Farigiraf\n|-damage|p2b: Farigiraf|52/100\n|-start|p2b: Farigiraf|Throat Chop|[silent]\n|move|p1b: \ubb34\uc1e0\ud765\ubbfc|Drain Punch|p2b: Farigiraf\n|-damage|p2b: Farigiraf|15/100\n|move|p2b: Farigiraf|Trick Room|p2b: Farigiraf\n|-fieldend|move: Trick Room\n|\n|-weather|RainDance|[upkeep]\n|-damage|p1a: \uce7c\ub0a0|0 fnt|[from] brn\n|faint|p1a: \uce7c\ub0a0\n|upkeep\n|\n|t:|1771168490\n|switch|p1a: MKleo|Giratina-Origin, L50|100/100\n|turn|4\n|inactive|Luca8 has 30 seconds left.\n|inactive|Luca8 has 20 seconds left.\n|\n|t:|1771168526\n|move|p1a: MKleo|Dragon Pulse|p2a: Amoonguss\n|-damage|p2a: Amoonguss|45/100\n|move|p2a: Amoonguss|Spore|p1b: \ubb34\uc1e0\ud765\ubbfc\n|-status|p1b: \ubb34\uc1e0\ud765\ubbfc|slp|[from] move: Spore\n|move|p2b: Farigiraf|Foul Play|p1a: MKleo\n|-supereffective|p1a: MKleo\n|-damage|p1a: MKleo|69/100\n|cant|p1b: \ubb34\uc1e0\ud765\ubbfc|slp\n|\n|-weather|RainDance|[upkeep]\n|-end|p2b: Farigiraf|Throat Chop|[silent]\n|upkeep\n|turn|5\n|inactive|Luca8 has 30 seconds left.\n|\n|t:|1771168560\n|move|p1a: MKleo|Dragon Pulse|p2a: Amoonguss\n|-damage|p2a: Amoonguss|0 fnt\n|faint|p2a: Amoonguss\n|move|p2b: Farigiraf|Foul Play|p1a: MKleo\n|-supereffective|p1a: MKleo\n|-damage|p1a: MKleo|41/100\n|cant|p1b: \ubb34\uc1e0\ud765\ubbfc|slp\n|\n|-weather|RainDance|[upkeep]\n|upkeep\n|\n|t:|1771168570\n|switch|p2a: Kyogre|Kyogre, L50|100/100\n|turn|6\n|\n|t:|1771168581\n|-terastallize|p2a: Kyogre|Grass\n|move|p2a: Kyogre|Water Spout|p1a: MKleo|[spread] p1a,p1b\n|-resisted|p1a: MKleo\n|-damage|p1a: MKleo|9/100\n|-damage|p1b: \ubb34\uc1e0\ud765\ubbfc|52/100 slp\n|move|p1a: MKleo|Dragon Pulse|p2b: Farigiraf\n|-damage|p2b: Farigiraf|0 fnt\n|faint|p2b: Farigiraf\n|cant|p1b: \ubb34\uc1e0\ud765\ubbfc|slp\n|\n|-weather|none\n|upkeep\n|turn|7\n|\n|t:|1771168594\n|move|p2a: Kyogre|Water Spout|p1a: MKleo|[spread] p1a,p1b\n|-resisted|p1a: MKleo\n|-damage|p1a: MKleo|0 fnt\n|-damage|p1b: \ubb34\uc1e0\ud765\ubbfc|21/100 slp\n|faint|p1a: MKleo\n|-curestatus|p1b: \ubb34\uc1e0\ud765\ubbfc|slp|[msg]\n|move|p1b: \ubb34\uc1e0\ud765\ubbfc|Drain Punch|p2a: Kyogre\n|-damage|p2a: Kyogre|52/100\n|-heal|p1b: \ubb34\uc1e0\ud765\ubbfc|41/100|[from] drain|[of] p2a: Kyogre\n|\n|upkeep\n|turn|8\n|\n|t:|1771168606\n|move|p2a: Kyogre|Water Spout|p1b: \ubb34\uc1e0\ud765\ubbfc\n|-damage|p1b: \ubb34\uc1e0\ud765\ubbfc|19/100\n|move|p1b: \ubb34\uc1e0\ud765\ubbfc|Drain Punch|p2a: Kyogre\n|-damage|p2a: Kyogre|0 fnt\n|-heal|p1b: \ubb34\uc1e0\ud765\ubbfc|40/100|[from] drain|[of] p2a: Kyogre\n|faint|p2a: Kyogre\n|\n|win|crabominable 740\n|raw|crabominable 740's rating: 1218 &rarr; <strong>1252</strong><br />(+34 for winning)\n|raw|Luca8's rating: 1342 &rarr; <strong>1315</strong><br />(-27 for losing)\n|l|\u2606Luca8\n|player|p2|\n|l|\u2606crabominable 740\n|player|p1|\n","uploadtime":1771168792,"views":29,"formatid":"gen9vgc2026regi","rating":1252,"private":0,"password":null}