{"id":"gen9vgc2026regi-2574448561","format":"[Gen 9] VGC 2026 Reg I","players":["kyouw7","testhan92"],"log":"|j|\u2606kyouw7\n|j|\u2606testhan92\n|t:|1775241110\n|gametype|doubles\n|player|p1|kyouw7|lucas|1372\n|player|p2|testhan92|1|1349\n|gen|9\n|tier|[Gen 9] VGC 2026 Reg I\n|rated|\n|rule|Species Clause: Limit one of each Pok\u00e9mon\n|rule|Item Clause: Limit 1 of each item\n|clearpoke\n|poke|p1|Calyrex-Shadow, L50|\n|poke|p1|Zamazenta-*, L50|\n|poke|p1|Chien-Pao, L50|\n|poke|p1|Amoonguss, L50, M|\n|poke|p1|Raging Bolt, L50|\n|poke|p1|Tornadus, L50, M|\n|poke|p2|Terapagos, L50, M|\n|poke|p2|Incineroar, L50, M|\n|poke|p2|Amoonguss, L50, M|\n|poke|p2|Raging Bolt, L50|\n|poke|p2|Flutter Mane, L50|\n|poke|p2|Koraidon, L50|\n|teampreview|4\n|inactive|Battle timer is ON: inactive players will automatically lose when time's up. (requested by testhan92)\n|\n|t:|1775241153\n|teamsize|p1|4\n|teamsize|p2|4\n|start\n|switch|p1a: Zamazenta|Zamazenta-Crowned, L50|100/100\n|switch|p1b: Chien-Pao|Chien-Pao, L50|100/100\n|switch|p2a: Terapagos|Terapagos, L50, M|100/100\n|switch|p2b: Flutter Mane|Flutter Mane, L50|100/100\n|-activate|p2a: Terapagos|ability: Tera Shift\n|detailschange|p2a: Terapagos|Terapagos-Terastal, L50, M\n|-heal|p2a: Terapagos|100/100|[silent]\n|-ability|p1b: Chien-Pao|Sword of Ruin\n|-ability|p1a: Zamazenta|Dauntless Shield|boost\n|-boost|p1a: Zamazenta|def|1\n|turn|1\n|inactive|testhan92 has 30 seconds left.\n|\n|t:|1775241179\n|move|p2b: Flutter Mane|Icy Wind|p1b: Chien-Pao|[spread] p1a,p1b\n|-resisted|p1a: Zamazenta\n|-resisted|p1b: Chien-Pao\n|-damage|p1a: Zamazenta|95/100\n|-damage|p1b: Chien-Pao|95/100\n|-unboost|p1a: Zamazenta|spe|1\n|-unboost|p1b: Chien-Pao|spe|1\n|move|p2a: Terapagos|Meteor Beam||[still]\n|-prepare|p2a: Terapagos|Meteor Beam\n|-boost|p2a: Terapagos|spa|1\n|-enditem|p2a: Terapagos|Power Herb\n|-anim|p2a: Terapagos|Meteor Beam|p1b: Chien-Pao\n|-supereffective|p1b: Chien-Pao\n|-damage|p1b: Chien-Pao|11/100\n|move|p1b: Chien-Pao|Icy Wind|p2b: Flutter Mane|[spread] p2a,p2b\n|-activate|p2a: Terapagos|ability: Tera Shell\n|-resisted|p2a: Terapagos\n|-damage|p2a: Terapagos|95/100\n|-damage|p2b: Flutter Mane|87/100\n|-unboost|p2a: Terapagos|spe|1\n|-unboost|p2b: Flutter Mane|spe|1\n|move|p1a: Zamazenta|Heavy Slam|p2b: Flutter Mane\n|-supereffective|p2b: Flutter Mane\n|-damage|p2b: Flutter Mane|0 fnt\n|faint|p2b: Flutter Mane\n|-end|p2b: Flutter Mane|Protosynthesis|[silent]\n|\n|upkeep\n|\n|t:|1775241188\n|switch|p2b: Koraidon|Koraidon, L50|100/100\n|-weather|SunnyDay|[from] ability: Orichalcum Pulse|[of] p2b: Koraidon\n|-activate|p2b: Koraidon|Orichalcum Pulse|[source]\n|turn|2\n|inactive|kyouw7 has 30 seconds left.\n|inactive|testhan92 has 30 seconds left.\n|\n|t:|1775241226\n|-terastallize|p1a: Zamazenta|Dragon\n|move|p2b: Koraidon|Flame Charge|p1b: Chien-Pao\n|-supereffective|p1b: Chien-Pao\n|-damage|p1b: Chien-Pao|0 fnt\n|-boost|p2b: Koraidon|spe|1\n|faint|p1b: Chien-Pao\n|move|p1a: Zamazenta|Body Press|p2a: Terapagos\n|-supereffective|p2a: Terapagos\n|-damage|p2a: Terapagos|0 fnt\n|faint|p2a: Terapagos\n|\n|-weather|SunnyDay|[upkeep]\n|upkeep\n|\n|t:|1775241231\n|switch|p1b: Tornadus|Tornadus, L50, M|100/100\n|switch|p2a: Raging Bolt|Raging Bolt, L50|100/100\n|-activate|p2a: Raging Bolt|ability: Protosynthesis\n|-start|p2a: Raging Bolt|protosynthesisspa\n|turn|3\n|inactive|kyouw7 has 30 seconds left.\n|\n|t:|1775241260\n|-terastallize|p2b: Koraidon|Fire\n|move|p1a: Zamazenta|Protect|p1a: Zamazenta\n|-singleturn|p1a: Zamazenta|Protect\n|move|p1b: Tornadus|Tailwind|p1b: Tornadus\n|-sidestart|p1: kyouw7|move: Tailwind\n|move|p2b: Koraidon|Low Kick|p1a: Zamazenta\n|-activate|p1a: Zamazenta|move: Protect\n|move|p2a: Raging Bolt|Thunderbolt|p1b: Tornadus\n|-supereffective|p1b: Tornadus\n|-damage|p1b: Tornadus|0 fnt\n|faint|p1b: Tornadus\n|-damage|p2a: Raging Bolt|91/100|[from] item: Life Orb\n|\n|-weather|SunnyDay|[upkeep]\n|upkeep\n|\n|t:|1775241268\n|switch|p1b: Calyrex|Calyrex-Shadow, L50|100/100\n|-ability|p1b: Calyrex|As One\n|-ability|p1b: Calyrex|Unnerve\n|turn|4\n|\n|t:|1775241285\n|move|p2a: Raging Bolt|Thunderclap||[still]\n|-fail|p2a: Raging Bolt\n|move|p1b: Calyrex|Encore|p2b: Koraidon\n|-start|p2b: Koraidon|Encore\n|move|p2b: Koraidon|Low Kick|p1b: Calyrex\n|-immune|p1b: Calyrex\n|move|p1a: Zamazenta|Body Press|p2a: Raging Bolt\n|-damage|p2a: Raging Bolt|37/100\n|\n|-weather|SunnyDay|[upkeep]\n|upkeep\n|turn|5\n|\n|t:|1775241298\n|move|p2a: Raging Bolt|Thunderclap|p1b: Calyrex\n|-damage|p1b: Calyrex|33/100\n|-damage|p2a: Raging Bolt|27/100|[from] item: Life Orb\n|move|p1b: Calyrex|Astral Barrage|p2b: Koraidon|[spread] p2a,p2b\n|-damage|p2a: Raging Bolt|0 fnt\n|-damage|p2b: Koraidon|58/100\n|faint|p2a: Raging Bolt\n|-end|p2a: Raging Bolt|Protosynthesis|[silent]\n|-ability|p1b: Calyrex|Grim Neigh|boost\n|-boost|p1b: Calyrex|spa|1\n|move|p2b: Koraidon|Low Kick|p1a: Zamazenta\n|-damage|p1a: Zamazenta|63/100\n|move|p1a: Zamazenta|Body Press|p2b: Koraidon\n|-damage|p2b: Koraidon|5/100\n|\n|-weather|SunnyDay|[upkeep]\n|upkeep\n|turn|6\n|-message|testhan92 forfeited.\n|\n|win|kyouw7\n|raw|kyouw7's rating: 1372 &rarr; <strong>1391</strong><br />(+19 for winning)\n|raw|testhan92's rating: 1349 &rarr; <strong>1330</strong><br />(-19 for losing)\n","uploadtime":1775241313,"views":12,"formatid":"gen9vgc2026regi","rating":1330,"private":0,"password":null}