{"id":"gen9vgc2026regi-2560204002","format":"[Gen 9] VGC 2026 Reg I","players":["randomcatffr","SHyperdestroyerVGC"],"log":"|j|\u2606randomcatffr\n|j|\u2606SHyperdestroyerVGC\n|t:|1773665885\n|gametype|doubles\n|player|p1|randomcatffr|bugcatcher-gen4dp|1425\n|player|p2|SHyperdestroyerVGC|lady|1495\n|gen|9\n|tier|[Gen 9] VGC 2026 Reg I\n|rated|\n|rule|Species Clause: Limit one of each Pok\u00e9mon\n|rule|Item Clause: Limit 1 of each item\n|clearpoke\n|poke|p1|Calyrex-Shadow, L50|\n|poke|p1|Zamazenta-*, L50|\n|poke|p1|Ogerpon-Hearthflame, L50, F|\n|poke|p1|Incineroar, L50, M|\n|poke|p1|Rillaboom, L50, M|\n|poke|p1|Raging Bolt, L50|\n|poke|p2|Miraidon, L50|\n|poke|p2|Lunala, L50|\n|poke|p2|Whimsicott, L50, M|\n|poke|p2|Ursaluna, L50, M|\n|poke|p2|Incineroar, L50, F|\n|poke|p2|Urshifu-*, L50, F|\n|teampreview|4\nSHyperdestroyerVGC has agreed to open team sheets.\n|\n|t:|1773665905\n|teamsize|p1|4\n|teamsize|p2|4\n|start\n|switch|p1a: Rillaboom|Rillaboom, L50, M, shiny|100/100\n|switch|p1b: Incineroar|Incineroar, L50, M, shiny|100/100\n|switch|p2a: Incineroar|Incineroar, L50, F|100/100\n|switch|p2b: Lunala|Lunala, L50|100/100\n|-fieldstart|move: Grassy Terrain|[from] ability: Grassy Surge|[of] p1a: Rillaboom\n|-ability|p2a: Incineroar|Intimidate|boost\n|-unboost|p1a: Rillaboom|atk|1\n|-unboost|p1b: Incineroar|atk|1\n|-ability|p1b: Incineroar|Intimidate|boost\n|-unboost|p2a: Incineroar|atk|1\n|-unboost|p2b: Lunala|atk|1\n|turn|1\n|\n|t:|1773665925\n|move|p1a: Rillaboom|Fake Out|p2a: Incineroar\n|-crit|p2a: Incineroar\n|-damage|p2a: Incineroar|86/100\n|cant|p2a: Incineroar|flinch\n|move|p1b: Incineroar|Knock Off|p2b: Lunala\n|-supereffective|p2b: Lunala\n|-damage|p2b: Lunala|61/100\n|-enditem|p2b: Lunala|Electric Seed|[from] move: Knock Off|[of] p1b: Incineroar\n|move|p2b: Lunala|Trick Room|p2b: Lunala\n|-fieldstart|move: Trick Room|[of] p2b: Lunala\n|\n|-heal|p2a: Incineroar|92/100|[from] Grassy Terrain\n|-heal|p2b: Lunala|67/100|[from] Grassy Terrain\n|upkeep\n|turn|2\n|\n|t:|1773665951\n|-terastallize|p2b: Lunala|Fairy\n|move|p1b: Incineroar|Parting Shot|p2a: Incineroar\n|-unboost|p2a: Incineroar|atk|1\n|-unboost|p2a: Incineroar|spa|1\n|\n|t:|1773665958\n|switch|p1b: Ogerpon|Ogerpon-Hearthflame, L50, F|100/100|[from] Parting Shot\n|-ability|p1b: Ogerpon|Mold Breaker\n|move|p2a: Incineroar|U-turn|p1a: Rillaboom\n|-supereffective|p1a: Rillaboom\n|-damage|p1a: Rillaboom|83/100\n|\n|t:|1773665966\n|switch|p2a: Ursaluna|Ursaluna, L50, M|100/100|[from] U-turn\n|move|p1a: Rillaboom|U-turn|p2b: Lunala\n|-resisted|p2b: Lunala\n|-damage|p2b: Lunala|61/100\n|\n|t:|1773665973\n|switch|p1a: Incineroar|Incineroar, L50, M, shiny|100/100|[from] U-turn\n|-ability|p1a: Incineroar|Intimidate|boost\n|-unboost|p2a: Ursaluna|atk|1\n|-unboost|p2b: Lunala|atk|1\n|move|p2b: Lunala|Moonblast|p1a: Incineroar\n|-damage|p1a: Incineroar|49/100\n|-unboost|p1a: Incineroar|spa|1\n|\n|-heal|p1a: Incineroar|54/100|[from] Grassy Terrain\n|-heal|p2b: Lunala|67/100|[from] Grassy Terrain\n|-status|p2a: Ursaluna|brn|[from] item: Flame Orb\n|upkeep\n|turn|3\n|\n|t:|1773666000\n|switch|p2b: Incineroar|Incineroar, L50, F|92/100\n|-ability|p2b: Incineroar|Intimidate|boost\n|-unboost|p1a: Incineroar|atk|1\n|-unboost|p1b: Ogerpon|atk|1\n|move|p2a: Ursaluna|Protect|p2a: Ursaluna\n|-singleturn|p2a: Ursaluna|Protect\n|move|p1a: Incineroar|Fake Out|p2a: Ursaluna\n|-activate|p2a: Ursaluna|move: Protect\n|move|p1b: Ogerpon|Ivy Cudgel|p2b: Incineroar|[anim] Ivy Cudgel Fire\n|-resisted|p2b: Incineroar\n|-damage|p2b: Incineroar|76/100\n|\n|-heal|p1a: Incineroar|60/100|[from] Grassy Terrain\n|-heal|p2b: Incineroar|82/100|[from] Grassy Terrain\n|-damage|p2a: Ursaluna|94/100 brn|[from] brn\n|upkeep\n|turn|4\n|\n|t:|1773666027\n|switch|p1a: Rillaboom|Rillaboom, L50, M, shiny|83/100\n|move|p1b: Ogerpon|Follow Me|p1b: Ogerpon\n|-singleturn|p1b: Ogerpon|move: Follow Me\n|move|p2a: Ursaluna|Facade|p1b: Ogerpon\n|-damage|p1b: Ogerpon|23/100\n|move|p2b: Incineroar|U-turn|p1b: Ogerpon\n|-damage|p1b: Ogerpon|4/100\n|\n|t:|1773666041\n|switch|p2b: Miraidon|Miraidon, L50|100/100|[from] U-turn\n|-fieldstart|move: Electric Terrain|[from] ability: Hadron Engine|[of] p2b: Miraidon\n|\n|-damage|p2a: Ursaluna|88/100 brn|[from] brn\n|upkeep\n|turn|5\n|\n|t:|1773666079\n|switch|p2a: Incineroar|Incineroar, L50, F|82/100\n|-ability|p2a: Incineroar|Intimidate|boost\n|-unboost|p1a: Rillaboom|atk|1\n|-unboost|p1b: Ogerpon|atk|1\n|move|p1a: Rillaboom|Fake Out|p2a: Incineroar\n|-damage|p2a: Incineroar|76/100\n|move|p1b: Ogerpon|Follow Me|p1b: Ogerpon\n|-singleturn|p1b: Ogerpon|move: Follow Me\n|move|p2b: Miraidon|Volt Switch|p1b: Ogerpon\n|-resisted|p1b: Ogerpon\n|-damage|p1b: Ogerpon|0 fnt\n|faint|p1b: Ogerpon\n|\n|t:|1773666093\n|switch|p2b: Lunala|Lunala, L50, tera:Fairy|67/100|[from] Volt Switch\n|\n|-fieldend|move: Trick Room\n|upkeep\n|\n|t:|1773666096\n|switch|p1b: Incineroar|Incineroar, L50, M, shiny|60/100\n|-ability|p1b: Incineroar|Intimidate|boost\n|-unboost|p2a: Incineroar|atk|1\n|-unboost|p2b: Lunala|atk|1\n|turn|6\n|\n|t:|1773666123\n|move|p2a: Incineroar|Fake Out|p1b: Incineroar\n|-damage|p1b: Incineroar|55/100\n|-damage|p2a: Incineroar|60/100|[from] item: Rocky Helmet|[of] p1b: Incineroar\n|cant|p1b: Incineroar|flinch\n|move|p1a: Rillaboom|U-turn|p2a: Incineroar\n|-damage|p2a: Incineroar|47/100\n|\n|t:|1773666130\n|switch|p1a: Calyrex|Calyrex-Shadow, L50|100/100|[from] U-turn\n|-ability|p1a: Calyrex|As One\n|-ability|p1a: Calyrex|Unnerve\n|move|p2b: Lunala|Trick Room|p2b: Lunala\n|-fieldstart|move: Trick Room|[of] p2b: Lunala\n|\n|upkeep\n|turn|7\n|\n|t:|1773666171\n|move|p1a: Calyrex|Protect|p1a: Calyrex\n|-singleturn|p1a: Calyrex|Protect\n|move|p1b: Incineroar|Parting Shot|p2b: Lunala\n|-unboost|p2b: Lunala|atk|1\n|-unboost|p2b: Lunala|spa|1\n|\n|t:|1773666175\n|switch|p1b: Rillaboom|Rillaboom, L50, M, shiny|83/100|[from] Parting Shot\n|-fieldstart|move: Grassy Terrain|[from] ability: Grassy Surge|[of] p1b: Rillaboom\n|move|p2a: Incineroar|U-turn|p1b: Rillaboom\n|-supereffective|p1b: Rillaboom\n|-damage|p1b: Rillaboom|63/100\n|\n|t:|1773666185\n|switch|p2a: Miraidon|Miraidon, L50|100/100|[from] U-turn\n|-fieldstart|move: Electric Terrain|[from] ability: Hadron Engine|[of] p2a: Miraidon\n|move|p2b: Lunala|Moonblast|p1b: Rillaboom\n|-damage|p1b: Rillaboom|41/100\n|-unboost|p1b: Rillaboom|spa|1\n|\n|upkeep\n|turn|8\n|\n|t:|1773666235\n|switch|p2b: Ursaluna|Ursaluna, L50, M|88/100 brn\n|-terastallize|p1a: Calyrex|Dark\n|move|p1b: Rillaboom|Fake Out|p2a: Miraidon\n|-damage|p2a: Miraidon|88/100\n|cant|p2a: Miraidon|flinch\n|move|p1a: Calyrex|Astral Barrage|p2b: Ursaluna|[spread] p2a\n|-immune|p2b: Ursaluna\n|-damage|p2a: Miraidon|30/100\n|-damage|p1a: Calyrex|91/100|[from] item: Life Orb\n|\n|-damage|p2b: Ursaluna|82/100 brn|[from] brn\n|upkeep\n|turn|9\n|\n|t:|1773666278\n|switch|p1b: Incineroar|Incineroar, L50, M, shiny|55/100\n|-ability|p1b: Incineroar|Intimidate|boost\n|-unboost|p2a: Miraidon|atk|1\n|-unboost|p2b: Ursaluna|atk|1\n|move|p1a: Calyrex|Protect|p1a: Calyrex\n|-singleturn|p1a: Calyrex|Protect\n|move|p2b: Ursaluna|Facade|p1b: Incineroar\n|-damage|p1b: Incineroar|2/100\n|-damage|p2b: Ursaluna|66/100 brn|[from] item: Rocky Helmet|[of] p1b: Incineroar\n|move|p2a: Miraidon|Volt Switch|p1a: Calyrex\n|-activate|p1a: Calyrex|move: Protect\n|\n|-damage|p2b: Ursaluna|59/100 brn|[from] brn\n|upkeep\n|turn|10\n|\n|t:|1773666300\n|switch|p2a: Incineroar|Incineroar, L50, F|47/100\n|-ability|p2a: Incineroar|Intimidate|boost\n|-unboost|p1a: Calyrex|atk|1\n|-unboost|p1b: Incineroar|atk|1\n|switch|p1a: Rillaboom|Rillaboom, L50, M, shiny|41/100\n|-fieldstart|move: Grassy Terrain|[from] ability: Grassy Surge|[of] p1a: Rillaboom\n|move|p1b: Incineroar|Fake Out|p2a: Incineroar\n|-damage|p2a: Incineroar|41/100\n|move|p2b: Ursaluna|Facade|p1a: Rillaboom\n|-damage|p1a: Rillaboom|0 fnt\n|faint|p1a: Rillaboom\n|\n|-heal|p2b: Ursaluna|66/100 brn|[from] Grassy Terrain\n|-heal|p1b: Incineroar|8/100|[from] Grassy Terrain\n|-heal|p2a: Incineroar|47/100|[from] Grassy Terrain\n|-damage|p2b: Ursaluna|59/100 brn|[from] brn\n|-fieldend|move: Trick Room\n|upkeep\n|\n|t:|1773666303\n|switch|p1a: Calyrex|Calyrex-Shadow, L50, tera:Dark|91/100\n|-ability|p1a: Calyrex|As One\n|-ability|p1a: Calyrex|Unnerve\n|turn|11\n|\n|t:|1773666321\n|move|p1a: Calyrex|Protect|p1a: Calyrex\n|-singleturn|p1a: Calyrex|Protect\n|move|p2a: Incineroar|Fake Out|p1a: Calyrex\n|-activate|p1a: Calyrex|move: Protect\n|move|p1b: Incineroar|Knock Off|p2a: Incineroar\n|-resisted|p2a: Incineroar\n|-damage|p2a: Incineroar|37/100\n|-enditem|p2a: Incineroar|Assault Vest|[from] move: Knock Off|[of] p1b: Incineroar\n|move|p2b: Ursaluna|Facade|p1b: Incineroar\n|-damage|p1b: Incineroar|0 fnt\n|-damage|p2b: Ursaluna|43/100 brn|[from] item: Rocky Helmet|[of] p1b: Incineroar\n|faint|p1b: Incineroar\n|\n|-heal|p1a: Calyrex|97/100|[from] Grassy Terrain\n|-heal|p2a: Incineroar|43/100|[from] Grassy Terrain\n|-heal|p2b: Ursaluna|49/100 brn|[from] Grassy Terrain\n|-damage|p2b: Ursaluna|43/100 brn|[from] brn\n|upkeep\n|turn|12\n|\n|t:|1773666342\n|move|p1a: Calyrex|Psychic|p2b: Ursaluna\n|-damage|p2b: Ursaluna|0 fnt\n|faint|p2b: Ursaluna\n|-ability|p1a: Calyrex|Grim Neigh|boost\n|-boost|p1a: Calyrex|spa|1\n|-damage|p1a: Calyrex|88/100|[from] item: Life Orb\n|move|p2a: Incineroar|U-turn|p1a: Calyrex\n|-supereffective|p1a: Calyrex\n|-damage|p1a: Calyrex|49/100\n|\n|t:|1773666351\n|switch|p2a: Lunala|Lunala, L50, tera:Fairy|67/100|[from] U-turn\n|\n|-heal|p1a: Calyrex|55/100|[from] Grassy Terrain\n|-heal|p2a: Lunala|74/100|[from] Grassy Terrain\n|upkeep\n|\n|t:|1773666354\n|switch|p2b: Incineroar|Incineroar, L50, F|43/100\n|-ability|p2b: Incineroar|Intimidate|boost\n|-unboost|p1a: Calyrex|atk|1\n|turn|13\n|\n|t:|1773666359\n|move|p1a: Calyrex|Protect|p1a: Calyrex\n|-singleturn|p1a: Calyrex|Protect\n|move|p2b: Incineroar|Fake Out|p1a: Calyrex\n|-activate|p1a: Calyrex|move: Protect\n|move|p2a: Lunala|Trick Room|p2a: Lunala\n|-fieldstart|move: Trick Room|[of] p2a: Lunala\n|\n|-heal|p2b: Incineroar|49/100|[from] Grassy Terrain\n|-heal|p2a: Lunala|80/100|[from] Grassy Terrain\n|-heal|p1a: Calyrex|62/100|[from] Grassy Terrain\n|upkeep\n|turn|14\n|-message|randomcatffr forfeited.\n|\n|win|SHyperdestroyerVGC\n|raw|randomcatffr's rating: 1425 &rarr; <strong>1409</strong><br />(-16 for losing)\n|raw|SHyperdestroyerVGC's rating: 1495 &rarr; <strong>1511</strong><br />(+16 for winning)\n|l|\u2606randomcatffr\n|player|p1|\n|l|\u2606SHyperdestroyerVGC\n|player|p2|\n","uploadtime":1773666376,"views":11,"formatid":"gen9vgc2026regi","rating":1409,"private":0,"password":null}