{"id":"gen9vgc2026regi-2549198982","format":"[Gen 9] VGC 2026 Reg I","players":["ryo8989","SnarkyShane"],"log":"|j|\u2606ryo8989\n|j|\u2606SnarkyShane\n|t:|1772326923\n|gametype|doubles\n|player|p1|ryo8989|erika|1392\n|player|p2|SnarkyShane|gambler|1457\n|gen|9\n|tier|[Gen 9] VGC 2026 Reg I\n|rated|\n|rule|Species Clause: Limit one of each Pok\u00e9mon\n|rule|Item Clause: Limit 1 of each item\n|clearpoke\n|poke|p1|Calyrex-Shadow, L50|\n|poke|p1|Zamazenta-*, L50|\n|poke|p1|Rillaboom, L50, F|\n|poke|p1|Incineroar, L50, M|\n|poke|p1|Raging Bolt, L50|\n|poke|p1|Tornadus, L50, M|\n|poke|p2|Rayquaza, L50|\n|poke|p2|Calyrex-Shadow, L50|\n|poke|p2|Chien-Pao, L50|\n|poke|p2|Ting-Lu, L50|\n|poke|p2|Amoonguss, L50, F|\n|poke|p2|Avalugg-Hisui, L50, M|\n|teampreview|4\n|inactive|Battle timer is ON: inactive players will automatically lose when time's up. (requested by SnarkyShane)\n|inactive|SnarkyShane has 60 seconds left.\n|\n|t:|1772326979\n|teamsize|p1|4\n|teamsize|p2|4\n|start\n|switch|p1a: Calyrex|Calyrex-Shadow, L50|100/100\n|switch|p1b: Incineroar|Incineroar, L50, M|100/100\n|switch|p2a: FesterinEquestrian|Calyrex-Shadow, L50|100/100\n|switch|p2b: Noodle Del Muerte|Rayquaza, L50|100/100\n|-ability|p2a: FesterinEquestrian|As One\n|-ability|p2a: FesterinEquestrian|Unnerve\n|-ability|p1a: Calyrex|As One\n|-ability|p1a: Calyrex|Unnerve\n|-ability|p2b: Noodle Del Muerte|Air Lock\n|-ability|p1b: Incineroar|Intimidate|boost\n|-unboost|p2a: FesterinEquestrian|atk|1\n|-fail|p2b: Noodle Del Muerte|unboost|[from] item: Clear Amulet|[of] p2b: Noodle Del Muerte\n|turn|1\n|inactive|ryo8989 has 30 seconds left.\n|inactive|ryo8989 has 20 seconds left.\n|\n|t:|1772327022\n|switch|p2a: Big Gulp|Ting-Lu, L50|100/100\n|-ability|p2a: Big Gulp|Vessel of Ruin\n|-terastallize|p1a: Calyrex|Dark\n|move|p1a: Calyrex|Astral Barrage|p2a: Big Gulp|[spread] p2a,p2b\n|-resisted|p2a: Big Gulp\n|-damage|p2a: Big Gulp|86/100\n|-damage|p2b: Noodle Del Muerte|42/100\n|-damage|p1a: Calyrex|91/100|[from] item: Life Orb\n|move|p2b: Noodle Del Muerte|Swords Dance|p2b: Noodle Del Muerte\n|-boost|p2b: Noodle Del Muerte|atk|2\n|move|p1b: Incineroar|Knock Off|p2b: Noodle Del Muerte\n|-damage|p2b: Noodle Del Muerte|8/100\n|-enditem|p2b: Noodle Del Muerte|Clear Amulet|[from] move: Knock Off|[of] p1b: Incineroar\n|\n|upkeep\n|turn|2\n|inactive|ryo8989 has 30 seconds left.\n|inactive|SnarkyShane has 30 seconds left.\n|\n|t:|1772327051\n|move|p1a: Calyrex|Protect|p1a: Calyrex\n|-singleturn|p1a: Calyrex|Protect\n|move|p2b: Noodle Del Muerte|Protect|p2b: Noodle Del Muerte\n|-singleturn|p2b: Noodle Del Muerte|Protect\n|move|p1b: Incineroar|Knock Off|p2b: Noodle Del Muerte\n|-activate|p2b: Noodle Del Muerte|move: Protect\n|move|p2a: Big Gulp|Ruination|p1b: Incineroar\n|-damage|p1b: Incineroar|51/100\n|\n|upkeep\n|turn|3\n|inactive|SnarkyShane has 30 seconds left.\n|\n|t:|1772327078\n|switch|p1a: Zamazenta|Zamazenta-Crowned, L50|100/100\n|-ability|p1a: Zamazenta|Dauntless Shield|boost\n|-boost|p1a: Zamazenta|def|1\n|move|p2b: Noodle Del Muerte|Extreme Speed|p1b: Incineroar\n|-crit|p1b: Incineroar\n|-damage|p1b: Incineroar|0 fnt\n|faint|p1b: Incineroar\n|move|p2a: Big Gulp|Stomping Tantrum|p1a: Zamazenta\n|-supereffective|p1a: Zamazenta\n|-damage|p1a: Zamazenta|72/100\n|\n|upkeep\n|\n|t:|1772327091\n|switch|p1b: Calyrex|Calyrex-Shadow, L50, tera:Dark|91/100\n|-ability|p1b: Calyrex|As One\n|-ability|p1b: Calyrex|Unnerve\n|turn|4\n|\n|t:|1772327110\n|move|p1b: Calyrex|Protect|p1b: Calyrex\n|-singleturn|p1b: Calyrex|Protect\n|move|p2b: Noodle Del Muerte|Extreme Speed|p1b: Calyrex\n|-activate|p1b: Calyrex|move: Protect\n|move|p1a: Zamazenta|Body Press|p2b: Noodle Del Muerte\n|-resisted|p2b: Noodle Del Muerte\n|-damage|p2b: Noodle Del Muerte|0 fnt\n|faint|p2b: Noodle Del Muerte\n|move|p2a: Big Gulp|Ruination|p1a: Zamazenta\n|-damage|p1a: Zamazenta|37/100\n|\n|upkeep\n|\n|t:|1772327125\n|switch|p2b: Victor Creed|Chien-Pao, L50|100/100\n|-ability|p2b: Victor Creed|Sword of Ruin\n|turn|5\n|\n|t:|1772327138\n|switch|p1b: Rillaboom|Rillaboom, L50, F|100/100\n|-fieldstart|move: Grassy Terrain|[from] ability: Grassy Surge|[of] p1b: Rillaboom\n|move|p2b: Victor Creed|Sacred Sword|p1a: Zamazenta\n|-supereffective|p1a: Zamazenta\n|-damage|p1a: Zamazenta|0 fnt\n|faint|p1a: Zamazenta\n|-damage|p2b: Victor Creed|91/100|[from] item: Life Orb\n|move|p2a: Big Gulp|Stomping Tantrum|p1b: Rillaboom\n|-resisted|p1b: Rillaboom\n|-damage|p1b: Rillaboom|79/100\n|\n|-heal|p2b: Victor Creed|97/100|[from] Grassy Terrain\n|-heal|p1b: Rillaboom|85/100|[from] Grassy Terrain\n|-heal|p2a: Big Gulp|92/100|[from] Grassy Terrain\n|upkeep\n|\n|t:|1772327155\n|switch|p1a: Calyrex|Calyrex-Shadow, L50, tera:Dark|91/100\n|-ability|p1a: Calyrex|As One\n|-ability|p1a: Calyrex|Unnerve\n|turn|6\n|inactive|SnarkyShane has 30 seconds left.\n|inactive|SnarkyShane has 20 seconds left.\n|inactive|SnarkyShane has 15 seconds left.\n|inactive|SnarkyShane has 10 seconds left.\n|\n|t:|1772327201\n|move|p1b: Rillaboom|Fake Out|p2b: Victor Creed\n|-damage|p2b: Victor Creed|79/100\n|cant|p2b: Victor Creed|flinch\n|move|p1a: Calyrex|Pollen Puff|p2b: Victor Creed\n|-supereffective|p2b: Victor Creed\n|-damage|p2b: Victor Creed|0 fnt\n|faint|p2b: Victor Creed\n|-ability|p1a: Calyrex|Grim Neigh|boost\n|-boost|p1a: Calyrex|spa|1\n|-damage|p1a: Calyrex|82/100|[from] item: Life Orb\n|move|p2a: Big Gulp|Heavy Slam|p1b: Rillaboom\n|-damage|p1b: Rillaboom|52/100\n|\n|-heal|p1a: Calyrex|88/100|[from] Grassy Terrain\n|-heal|p1b: Rillaboom|58/100|[from] Grassy Terrain\n|-heal|p2a: Big Gulp|98/100|[from] Grassy Terrain\n|upkeep\n|\n|t:|1772327217\n|switch|p2b: FesterinEquestrian|Calyrex-Shadow, L50|100/100\n|-ability|p2b: FesterinEquestrian|As One\n|-ability|p2b: FesterinEquestrian|Unnerve\n|turn|7\n|inactive|SnarkyShane has 30 seconds left.\n|\n|t:|1772327245\n|-terastallize|p2a: Big Gulp|Poison\n|move|p2b: FesterinEquestrian|Astral Barrage|p1b: Rillaboom|[spread] p1a,p1b\n|-resisted|p1a: Calyrex\n|-damage|p1a: Calyrex|69/100\n|-damage|p1b: Rillaboom|31/100\n|move|p1a: Calyrex|Astral Barrage|p2a: Big Gulp|[spread] p2a,p2b\n|-supereffective|p2b: FesterinEquestrian\n|-damage|p2a: Big Gulp|57/100\n|-enditem|p2b: FesterinEquestrian|Focus Sash\n|-damage|p2b: FesterinEquestrian|1/100\n|-damage|p1a: Calyrex|59/100|[from] item: Life Orb\n|move|p1b: Rillaboom|Wood Hammer|p2a: Big Gulp\n|-resisted|p2a: Big Gulp\n|-damage|p2a: Big Gulp|35/100\n|-damage|p1b: Rillaboom|22/100|[from] Recoil\n|move|p2a: Big Gulp|Heavy Slam|p1a: Calyrex\n|-damage|p1a: Calyrex|16/100\n|\n|-heal|p2b: FesterinEquestrian|7/100|[from] Grassy Terrain\n|-heal|p1a: Calyrex|22/100|[from] Grassy Terrain\n|-heal|p1b: Rillaboom|28/100|[from] Grassy Terrain\n|-heal|p2a: Big Gulp|41/100|[from] Grassy Terrain\n|upkeep\n|turn|8\n|inactive|ryo8989 has 30 seconds left.\n|inactive|SnarkyShane has 30 seconds left.\n|\n|t:|1772327275\n|move|p2b: FesterinEquestrian|Protect|p2b: FesterinEquestrian\n|-singleturn|p2b: FesterinEquestrian|Protect\n|move|p1b: Rillaboom|Grassy Glide|p2b: FesterinEquestrian\n|-activate|p2b: FesterinEquestrian|move: Protect\n|move|p1a: Calyrex|Psychic|p2a: Big Gulp\n|-supereffective|p2a: Big Gulp\n|-damage|p2a: Big Gulp|0 fnt\n|faint|p2a: Big Gulp\n|-ability|p1a: Calyrex|Grim Neigh|boost\n|-boost|p1a: Calyrex|spa|1\n|-damage|p1a: Calyrex|13/100|[from] item: Life Orb\n|\n|-heal|p2b: FesterinEquestrian|12/100|[from] Grassy Terrain\n|-heal|p1a: Calyrex|19/100|[from] Grassy Terrain\n|-heal|p1b: Rillaboom|34/100|[from] Grassy Terrain\n|upkeep\n|turn|9\n|\n|t:|1772327299\n|move|p2b: FesterinEquestrian|Protect||[still]\n|-fail|p2b: FesterinEquestrian\n|move|p1b: Rillaboom|Grassy Glide|p2b: FesterinEquestrian\n|-damage|p2b: FesterinEquestrian|0 fnt\n|faint|p2b: FesterinEquestrian\n|\n|win|ryo8989\n|raw|ryo8989's rating: 1392 &rarr; <strong>1416</strong><br />(+24 for winning)\n|raw|SnarkyShane's rating: 1457 &rarr; <strong>1433</strong><br />(-24 for losing)\n|l|\u2606ryo8989\n|player|p1|\n|l|\u2606SnarkyShane\n|player|p2|\n","uploadtime":1772327491,"views":12,"formatid":"gen9vgc2026regi","rating":1416,"private":0,"password":null}