{"id":"gen9vgc2026regi-2533702279","format":"[Gen 9] VGC 2026 Reg I","players":["SnarkyShane","Northgdh"],"log":"|j|\u2606SnarkyShane\n|j|\u2606Northgdh\n|t:|1770330680\n|gametype|doubles\n|player|p1|SnarkyShane|gambler|1305\n|player|p2|Northgdh|pokemonranger-gen4|1464\n|gen|9\n|tier|[Gen 9] VGC 2026 Reg I\n|rated|\n|rule|Species Clause: Limit one of each Pok\u00e9mon\n|rule|Item Clause: Limit 1 of each item\n|clearpoke\n|poke|p1|Rayquaza, L50|\n|poke|p1|Calyrex-Shadow, L50|\n|poke|p1|Chien-Pao, L50|\n|poke|p1|Ting-Lu, L50|\n|poke|p1|Amoonguss, L50, M|\n|poke|p1|Avalugg-Hisui, L50, M|\n|poke|p2|Kyogre, L50|\n|poke|p2|Amoonguss, L50, F|\n|poke|p2|Tornadus, L50, M|\n|poke|p2|Landorus, L50, M|\n|poke|p2|Chien-Pao, L50|\n|poke|p2|Zamazenta-*, L50|\n|teampreview|4\n|inactive|Battle timer is ON: inactive players will automatically lose when time's up. (requested by Northgdh)\n|inactive|SnarkyShane also wants the timer to be on.\n|inactive|SnarkyShane has 60 seconds left.\n|inactive|Northgdh has 60 seconds left.\n|\n|t:|1770330735\n|teamsize|p1|4\n|teamsize|p2|4\n|start\n|switch|p1a: Noodle Del Muerte|Rayquaza, L50|100/100\n|switch|p1b: Avalugg|Avalugg-Hisui, L50, M|100/100\n|switch|p2a: Olruggio|Chien-Pao, L50, shiny|100/100\n|switch|p2b: Coco|Zamazenta-Crowned, L50, shiny|100/100\n|-ability|p2a: Olruggio|Sword of Ruin\n|-ability|p2b: Coco|Dauntless Shield|boost\n|-boost|p2b: Coco|def|1\n|-ability|p1a: Noodle Del Muerte|Air Lock\n|turn|1\n|\n|t:|1770330751\n|-terastallize|p2a: Olruggio|Ghost\n|move|p1a: Noodle Del Muerte|Protect|p1a: Noodle Del Muerte\n|-singleturn|p1a: Noodle Del Muerte|Protect\n|move|p2a: Olruggio|Ice Spinner|p1a: Noodle Del Muerte\n|-activate|p1a: Noodle Del Muerte|move: Protect\n|move|p2b: Coco|Body Press|p1a: Noodle Del Muerte\n|-activate|p1a: Noodle Del Muerte|move: Protect\n|move|p1b: Avalugg|Rock Blast|p2a: Olruggio\n|-damage|p2a: Olruggio|79/100\n|-damage|p2a: Olruggio|58/100\n|-damage|p2a: Olruggio|36/100\n|-damage|p2a: Olruggio|18/100\n|-damage|p2a: Olruggio|0 fnt\n|faint|p2a: Olruggio\n|-hitcount|p2: Olruggio|5\n|\n|upkeep\n|\n|t:|1770330762\n|switch|p2a: Qiffrey|Kyogre, L50|100/100\n|-weather|RainDance|[from] ability: Drizzle|[of] p2a: Qiffrey\n|turn|2\n|\n|t:|1770330780\n|move|p2b: Coco|Body Press|p1b: Avalugg\n|-supereffective|p1b: Avalugg\n|-ability|p1b: Avalugg|Sturdy\n|-damage|p1b: Avalugg|1/100\n|move|p1a: Noodle Del Muerte|Swords Dance|p1a: Noodle Del Muerte\n|-boost|p1a: Noodle Del Muerte|atk|2\n|move|p2a: Qiffrey|Ice Beam|p1a: Noodle Del Muerte\n|-supereffective|p1a: Noodle Del Muerte\n|-crit|p1a: Noodle Del Muerte\n|-damage|p1a: Noodle Del Muerte|0 fnt\n|faint|p1a: Noodle Del Muerte\n|move|p1b: Avalugg|Rock Blast|p2a: Qiffrey\n|-damage|p2a: Qiffrey|89/100\n|-damage|p2a: Qiffrey|78/100\n|-damage|p2a: Qiffrey|65/100\n|-damage|p2a: Qiffrey|54/100\n|-hitcount|p2a: Qiffrey|4\n|\n|-weather|RainDance|[upkeep]\n|upkeep\n|inactive|SnarkyShane has 30 seconds left.\n|\n|t:|1770330805\n|switch|p1a: FesterinEquestrian|Calyrex-Shadow, L50|100/100\n|-ability|p1a: FesterinEquestrian|As One\n|-ability|p1a: FesterinEquestrian|Unnerve\n|turn|3\n|\n|t:|1770330817\n|move|p1a: FesterinEquestrian|Protect|p1a: FesterinEquestrian\n|-singleturn|p1a: FesterinEquestrian|Protect\n|move|p2b: Coco|Wide Guard|p2b: Coco\n|-singleturn|p2b: Coco|Wide Guard\n|move|p2a: Qiffrey|Water Spout|p1b: Avalugg|[spread] p1b\n|-activate|p1a: FesterinEquestrian|move: Protect\n|-supereffective|p1b: Avalugg\n|-damage|p1b: Avalugg|0 fnt\n|faint|p1b: Avalugg\n|\n|-weather|RainDance|[upkeep]\n|upkeep\n|\n|t:|1770330825\n|switch|p1b: Victor Creed|Chien-Pao, L50|100/100\n|-ability|p1b: Victor Creed|Sword of Ruin\n|turn|4\n|\n|t:|1770330839\n|-terastallize|p1b: Victor Creed|Ghost\n|move|p2b: Coco|Wide Guard|p2b: Coco\n|-singleturn|p2b: Coco|Wide Guard\n|move|p1b: Victor Creed|Sacred Sword|p2a: Qiffrey\n|-damage|p2a: Qiffrey|19/100\n|move|p1a: FesterinEquestrian|Psychic|p2a: Qiffrey\n|-damage|p2a: Qiffrey|0 fnt\n|faint|p2a: Qiffrey\n|-ability|p1a: FesterinEquestrian|Grim Neigh|boost\n|-boost|p1a: FesterinEquestrian|spa|1\n|\n|-weather|RainDance|[upkeep]\n|upkeep\n|\n|t:|1770330847\n|switch|p2a: Tetia|Tornadus, L50, M|100/100\n|turn|5\n|\n|t:|1770330870\n|move|p2a: Tetia|Tailwind|p2a: Tetia\n|-sidestart|p2: Northgdh|move: Tailwind\n|move|p2b: Coco|Heavy Slam|p1a: FesterinEquestrian\n|-damage|p1a: FesterinEquestrian|27/100\n|move|p1b: Victor Creed|Sacred Sword|p2a: Tetia\n|-resisted|p2a: Tetia\n|-damage|p2a: Tetia|73/100\n|move|p1a: FesterinEquestrian|Psychic|p2a: Tetia\n|-damage|p2a: Tetia|0 fnt\n|faint|p2a: Tetia\n|-ability|p1a: FesterinEquestrian|Grim Neigh|boost\n|-boost|p1a: FesterinEquestrian|spa|1\n|\n|-weather|RainDance|[upkeep]\n|upkeep\n|turn|6\n|\n|t:|1770330899\n|move|p2b: Coco|Heavy Slam|p1a: FesterinEquestrian\n|-damage|p1a: FesterinEquestrian|0 fnt\n|faint|p1a: FesterinEquestrian\n|move|p1b: Victor Creed|Sacred Sword|p2b: Coco\n|-supereffective|p2b: Coco\n|-damage|p2b: Coco|50/100\n|\n|-weather|none\n|upkeep\n|turn|7\n|\n|t:|1770330907\n|move|p2b: Coco|Heavy Slam|p1b: Victor Creed\n|-damage|p1b: Victor Creed|42/100\n|move|p1b: Victor Creed|Sacred Sword|p2b: Coco\n|-supereffective|p2b: Coco\n|-damage|p2b: Coco|3/100\n|\n|upkeep\n|turn|8\n|\n|t:|1770330922\n|move|p2b: Coco|Protect|p2b: Coco\n|-singleturn|p2b: Coco|Protect\n|move|p1b: Victor Creed|Sacred Sword|p2b: Coco\n|-activate|p2b: Coco|move: Protect\n|\n|-sideend|p2: Northgdh|move: Tailwind\n|upkeep\n|turn|9\n|\n|t:|1770330929\n|move|p1b: Victor Creed|Sacred Sword|p2b: Coco\n|-supereffective|p2b: Coco\n|-damage|p2b: Coco|0 fnt\n|faint|p2b: Coco\n|\n|win|SnarkyShane\n|raw|SnarkyShane's rating: 1305 &rarr; <strong>1334</strong><br />(+29 for winning)\n|raw|Northgdh's rating: 1464 &rarr; <strong>1435</strong><br />(-29 for losing)\n|c|\u2606Northgdh|Nooooi there\n|c|\u2606Northgdh|I threw\n|c|\u2606Northgdh|in sik\n|c|\u2606SnarkyShane|Eh it happens\n|c|\u2606SnarkyShane|Gg\n|c|\u2606Northgdh|im sick\n|l|\u2606Northgdh\n|player|p2|\n|c|\u2606SnarkyShane|Get em on the next one\n|l|\u2606SnarkyShane\n|player|p1|\n","uploadtime":1770331119,"views":11,"formatid":"gen9vgc2026regi","rating":1334,"private":0,"password":null}