{"id":"gen9vgc2026regi-2544855777","format":"[Gen 9] VGC 2026 Reg I","players":["EllenJoe2026","ethnol1816"],"log":"|j|\u2606EllenJoe2026\n|j|\u2606ethnol1816\n|t:|1771771193\n|gametype|doubles\n|player|p1|EllenJoe2026|iono|1331\n|player|p2|ethnol1816|boarder|1274\n|gen|9\n|tier|[Gen 9] VGC 2026 Reg I\n|rated|\n|rule|Species Clause: Limit one of each Pok\u00e9mon\n|rule|Item Clause: Limit 1 of each item\n|clearpoke\n|poke|p1|Calyrex-Shadow, L50|\n|poke|p1|Zamazenta-*, L50|\n|poke|p1|Incineroar, L50, M|\n|poke|p1|Rillaboom, L50, F|\n|poke|p1|Ogerpon-Cornerstone, L50, F|\n|poke|p1|Tornadus, L50, M|\n|poke|p2|Calyrex-Shadow, L50|\n|poke|p2|Koraidon, L50|\n|poke|p2|Raging Bolt, L50|\n|poke|p2|Indeedee-F, L50, F|\n|poke|p2|Incineroar, L50, F|\n|poke|p2|Brute Bonnet, L50|\n|teampreview|4\n|inactive|Battle timer is ON: inactive players will automatically lose when time's up. (requested by ethnol1816)\n|inactive|EllenJoe2026 also wants the timer to be on.\n|inactive|EllenJoe2026 has 60 seconds left.\n|inactive|ethnol1816 has 60 seconds left.\n|\n|t:|1771771248\n|teamsize|p1|4\n|teamsize|p2|4\n|start\n|switch|p1a: Calyrex|Calyrex-Shadow, L50|100/100\n|switch|p1b: Zamazenta|Zamazenta-Crowned, L50|100/100\n|switch|p2a: Ebony|Incineroar, L50, F, shiny|100/100\n|switch|p2b: Management|Brute Bonnet, L50, shiny|100/100\n|-ability|p1a: Calyrex|As One\n|-ability|p1a: Calyrex|Unnerve\n|-ability|p1b: Zamazenta|Dauntless Shield|boost\n|-boost|p1b: Zamazenta|def|1\n|-ability|p2a: Ebony|Intimidate|boost\n|-unboost|p1a: Calyrex|atk|1\n|-unboost|p1b: Zamazenta|atk|1\n|turn|1\n|inactive|ethnol1816 has 30 seconds left.\n|\n|t:|1771771280\n|switch|p1a: Incineroar|Incineroar, L50, M|100/100\n|-ability|p1a: Incineroar|Intimidate|boost\n|-unboost|p2a: Ebony|atk|1\n|-unboost|p2b: Management|atk|1\n|move|p1b: Zamazenta|Protect|p1b: Zamazenta\n|-singleturn|p1b: Zamazenta|Protect\n|move|p2a: Ebony|Fake Out|p1b: Zamazenta\n|-activate|p1b: Zamazenta|move: Protect\n|move|p2b: Management|Spore|p1a: Incineroar\n|-status|p1a: Incineroar|slp|[from] move: Spore\n|\n|upkeep\n|turn|2\n|\n|t:|1771771303\n|-terastallize|p2b: Management|Water\n|move|p1b: Zamazenta|Body Press|p2a: Ebony\n|-supereffective|p2a: Ebony\n|-damage|p2a: Ebony|0 fnt\n|-damage|p1b: Zamazenta|84/100|[from] item: Rocky Helmet|[of] p2a: Ebony\n|faint|p2a: Ebony\n|move|p2b: Management|Spore|p1b: Zamazenta\n|-status|p1b: Zamazenta|slp|[from] move: Spore\n|cant|p1a: Incineroar|slp\n|\n|upkeep\n|\n|t:|1771771312\n|switch|p2a: Ross|Koraidon, L50|100/100\n|-weather|SunnyDay|[from] ability: Orichalcum Pulse|[of] p2a: Ross\n|-activate|p2b: Management|ability: Protosynthesis\n|-start|p2b: Management|protosynthesisdef\n|-activate|p2a: Ross|Orichalcum Pulse|[source]\n|turn|3\n|inactive|EllenJoe2026 has 30 seconds left.\n|\n|t:|1771771343\n|-terastallize|p1b: Zamazenta|Dragon\n|move|p2b: Management|Rage Powder|p2b: Management\n|-singleturn|p2b: Management|move: Rage Powder\n|move|p2a: Ross|Collision Course|p1a: Incineroar\n|-supereffective|p1a: Incineroar\n|-damage|p1a: Incineroar|0 fnt\n|-damage|p2a: Ross|84/100|[from] item: Rocky Helmet|[of] p1a: Incineroar\n|faint|p1a: Incineroar\n|cant|p1b: Zamazenta|slp\n|\n|-weather|SunnyDay|[upkeep]\n|upkeep\n|\n|t:|1771771355\n|switch|p1a: Rillaboom|Rillaboom, L50, F|100/100\n|-fieldstart|move: Grassy Terrain|[from] ability: Grassy Surge|[of] p1a: Rillaboom\n|turn|4\n|\n|t:|1771771374\n|move|p1a: Rillaboom|Fake Out|p2a: Ross\n|-damage|p2a: Ross|73/100\n|move|p2b: Management|Sucker Punch||[still]\n|-fail|p2b: Management\n|cant|p2a: Ross|flinch\n|cant|p1b: Zamazenta|slp\n|\n|-weather|SunnyDay|[upkeep]\n|-heal|p2a: Ross|79/100|[from] Grassy Terrain\n|-heal|p1b: Zamazenta|90/100 slp|[from] Grassy Terrain\n|upkeep\n|turn|5\n|inactive|EllenJoe2026 has 30 seconds left.\n|\n|t:|1771771403\n|move|p2b: Management|Rage Powder|p2b: Management\n|-singleturn|p2b: Management|move: Rage Powder\n|move|p1a: Rillaboom|Grassy Glide|p2b: Management\n|-supereffective|p2b: Management\n|-damage|p2b: Management|64/100\n|move|p2a: Ross|Flame Charge|p1a: Rillaboom\n|-supereffective|p1a: Rillaboom\n|-damage|p1a: Rillaboom|30/100\n|-boost|p2a: Ross|spe|1\n|cant|p1b: Zamazenta|slp\n|\n|-weather|SunnyDay|[upkeep]\n|-heal|p2a: Ross|85/100|[from] Grassy Terrain\n|-heal|p1b: Zamazenta|96/100 slp|[from] Grassy Terrain\n|-heal|p1a: Rillaboom|35/100|[from] Grassy Terrain\n|-heal|p2b: Management|70/100|[from] Grassy Terrain\n|upkeep\n|turn|6\n|\n|t:|1771771422\n|move|p2b: Management|Rage Powder|p2b: Management\n|-singleturn|p2b: Management|move: Rage Powder\n|move|p1a: Rillaboom|Grassy Glide|p2a: Ross\n|-resisted|p2a: Ross\n|-damage|p2a: Ross|71/100\n|move|p2a: Ross|Flame Charge|p1a: Rillaboom\n|-supereffective|p1a: Rillaboom\n|-damage|p1a: Rillaboom|0 fnt\n|-boost|p2a: Ross|spe|1\n|faint|p1a: Rillaboom\n|-curestatus|p1b: Zamazenta|slp|[msg]\n|move|p1b: Zamazenta|Body Press|p2b: Management\n|-damage|p2b: Management|34/100\n|\n|-weather|SunnyDay|[upkeep]\n|-heal|p2a: Ross|78/100|[from] Grassy Terrain\n|-heal|p1b: Zamazenta|100/100|[from] Grassy Terrain\n|-heal|p2b: Management|40/100|[from] Grassy Terrain\n|upkeep\n|\n|t:|1771771437\n|switch|p1a: Calyrex|Calyrex-Shadow, L50|100/100\n|-ability|p1a: Calyrex|As One\n|-ability|p1a: Calyrex|Unnerve\n|turn|7\n|inactive|EllenJoe2026 has 30 seconds left.\n|\n|t:|1771771464\n|move|p1a: Calyrex|Protect|p1a: Calyrex\n|-singleturn|p1a: Calyrex|Protect\n|move|p2b: Management|Sucker Punch||[still]\n|-fail|p2b: Management\n|move|p2a: Ross|Flare Blitz|p1a: Calyrex\n|-activate|p1a: Calyrex|move: Protect\n|move|p1b: Zamazenta|Body Press|p2b: Management\n|-damage|p2b: Management|2/100\n|\n|-weather|none\n|-end|p2b: Management|Protosynthesis\n|-heal|p2a: Ross|84/100|[from] Grassy Terrain\n|-heal|p2b: Management|8/100|[from] Grassy Terrain\n|upkeep\n|turn|8\n|\n|t:|1771771485\n|move|p2a: Ross|Protect|p2a: Ross\n|-singleturn|p2a: Ross|Protect\n|move|p2b: Management|Sucker Punch||[still]\n|-fail|p2b: Management\n|move|p1a: Calyrex|Nasty Plot|p1a: Calyrex\n|-boost|p1a: Calyrex|spa|2\n|move|p1b: Zamazenta|Body Press|p2a: Ross\n|-activate|p2a: Ross|move: Protect\n|\n|-heal|p2a: Ross|90/100|[from] Grassy Terrain\n|-heal|p2b: Management|14/100|[from] Grassy Terrain\n|-fieldend|move: Grassy Terrain\n|upkeep\n|turn|9\n|\n|t:|1771771499\n|move|p1a: Calyrex|Protect|p1a: Calyrex\n|-singleturn|p1a: Calyrex|Protect\n|move|p2b: Management|Sucker Punch||[still]\n|-fail|p2b: Management\n|move|p2a: Ross|Flare Blitz|p1a: Calyrex\n|-activate|p1a: Calyrex|move: Protect\n|move|p1b: Zamazenta|Body Press|p2b: Management\n|-damage|p2b: Management|0 fnt\n|faint|p2b: Management\n|-end|p2b: Management|Protosynthesis|[silent]\n|\n|upkeep\n|\n|t:|1771771501\n|switch|p2b: Calyrex|Calyrex-Shadow, L50|100/100\n|-ability|p2b: Calyrex|As One\n|-ability|p2b: Calyrex|Unnerve\n|turn|10\n|\n|t:|1771771516\n|move|p2a: Ross|Flare Blitz|p1a: Calyrex\n|-damage|p1a: Calyrex|49/100\n|-damage|p2a: Ross|75/100|[from] Recoil\n|move|p2b: Calyrex|Psychic|p1a: Calyrex\n|-resisted|p1a: Calyrex\n|-damage|p1a: Calyrex|22/100\n|move|p1a: Calyrex|Astral Barrage|p2a: Ross|[spread] p2a,p2b\n|-supereffective|p2b: Calyrex\n|-damage|p2a: Ross|0 fnt\n|-enditem|p2b: Calyrex|Focus Sash\n|-damage|p2b: Calyrex|1/100\n|faint|p2a: Ross\n|-ability|p1a: Calyrex|Grim Neigh|boost\n|-boost|p1a: Calyrex|spa|1\n|move|p1b: Zamazenta|Heavy Slam|p2b: Calyrex\n|-damage|p2b: Calyrex|0 fnt\n|faint|p2b: Calyrex\n|\n|win|EllenJoe2026\n|raw|EllenJoe2026's rating: 1331 &rarr; <strong>1348</strong><br />(+17 for winning)\n|raw|ethnol1816's rating: 1274 &rarr; <strong>1253</strong><br />(-21 for losing)\n","uploadtime":1771771516,"views":12,"formatid":"gen9vgc2026regi","rating":1253,"private":0,"password":null}