{"id":"gen9vgc2026regi-2536708932","format":"[Gen 9] VGC 2026 Reg I","players":["jiratajiri","Schimmli"],"log":"|j|\u2606jiratajiri\n|j|\u2606Schimmli\n|t:|1770728762\n|gametype|doubles\n|player|p1|jiratajiri|sage|1354\n|player|p2|Schimmli|101|1505\n|gen|9\n|tier|[Gen 9] VGC 2026 Reg I\n|rated|\n|rule|Species Clause: Limit one of each Pok\u00e9mon\n|rule|Item Clause: Limit 1 of each item\n|clearpoke\n|poke|p1|Kyogre, L50|\n|poke|p1|Calyrex-Ice, L50|\n|poke|p1|Rillaboom, L50, F|\n|poke|p1|Farigiraf, L50, M|\n|poke|p1|Urshifu-*, L50, F|\n|poke|p1|Whimsicott, L50, F|\n|poke|p2|Terapagos, L50, M|\n|poke|p2|Calyrex-Shadow, L50|\n|poke|p2|Flutter Mane, L50|\n|poke|p2|Ogerpon-Cornerstone, L50, F|\n|poke|p2|Incineroar, L50, M|\n|poke|p2|Rillaboom, L50, F|\n|teampreview|4\n|inactive|Battle timer is ON: inactive players will automatically lose when time's up. (requested by Schimmli)\n|\n|t:|1770728804\n|teamsize|p1|4\n|teamsize|p2|4\n|start\n|switch|p1a: Whimsicott|Whimsicott, L50, F|100/100\n|switch|p1b: Kyogre|Kyogre, L50|100/100\n|switch|p2a: Terapagos|Terapagos, L50, M|100/100\n|switch|p2b: Rillaboom|Rillaboom, L50, F|100/100\n|-activate|p2a: Terapagos|ability: Tera Shift\n|detailschange|p2a: Terapagos|Terapagos-Terastal, L50, M\n|-heal|p2a: Terapagos|100/100|[silent]\n|-weather|RainDance|[from] ability: Drizzle|[of] p1b: Kyogre\n|-fieldstart|move: Grassy Terrain|[from] ability: Grassy Surge|[of] p2b: Rillaboom\n|turn|1\n|inactive|jiratajiri has 30 seconds left.\n|inactive|jiratajiri has 20 seconds left.\n|inactive|jiratajiri has 15 seconds left.\n|inactive|jiratajiri has 10 seconds left.\n|\n|t:|1770728852\n|-terastallize|p1b: Kyogre|Grass\n|move|p1a: Whimsicott|Taunt|p2a: Terapagos\n|-start|p2a: Terapagos|move: Taunt\n|cant|p2a: Terapagos|move: Taunt|Calm Mind\n|move|p1b: Kyogre|Origin Pulse|p2a: Terapagos|[spread] p2a,p2b\n|-activate|p2a: Terapagos|ability: Tera Shell\n|-resisted|p2a: Terapagos\n|-resisted|p2b: Rillaboom\n|-damage|p2a: Terapagos|50/100\n|-damage|p2b: Rillaboom|63/100\n|move|p2b: Rillaboom|Wood Hammer|p1a: Whimsicott\n|-resisted|p1a: Whimsicott\n|-damage|p1a: Whimsicott|61/100\n|-damage|p2b: Rillaboom|53/100|[from] Recoil\n|\n|-weather|RainDance|[upkeep]\n|-heal|p1a: Whimsicott|67/100|[from] Grassy Terrain\n|-heal|p2a: Terapagos|57/100|[from] Grassy Terrain\n|-heal|p2a: Terapagos|63/100|[from] item: Leftovers\n|-heal|p2b: Rillaboom|58/100|[from] Grassy Terrain\n|upkeep\n|turn|2\n|\n|t:|1770728876\n|-terastallize|p2a: Terapagos|Stellar\n|detailschange|p2a: Terapagos|Terapagos-Stellar, L50, M, tera:Stellar\n|-heal|p2a: Terapagos|72/100|[silent]\n|-ability|p2a: Terapagos|Teraform Zero\n|-weather|none\n|-fieldend|move: Grassy Terrain\n|move|p1a: Whimsicott|Encore|p2b: Rillaboom\n|-start|p2b: Rillaboom|Encore\n|move|p2a: Terapagos|Tera Starstorm|p1b: Kyogre|[spread] p1a,p1b\n|-supereffective|p1b: Kyogre\n|-damage|p1a: Whimsicott|19/100\n|-damage|p1b: Kyogre|56/100\n|move|p1b: Kyogre|Origin Pulse|p2b: Rillaboom|[spread] p2a,p2b\n|-resisted|p2b: Rillaboom\n|-damage|p2a: Terapagos|25/100\n|-damage|p2b: Rillaboom|37/100\n|move|p2b: Rillaboom|Wood Hammer|p1b: Kyogre\n|-resisted|p1b: Kyogre\n|-crit|p1b: Kyogre\n|-damage|p1b: Kyogre|15/100\n|-damage|p2b: Rillaboom|23/100|[from] Recoil\n|\n|-heal|p2a: Terapagos|32/100|[from] item: Leftovers\n|upkeep\n|turn|3\n|inactive|Schimmli has 30 seconds left.\n|\n|t:|1770728903\n|move|p1a: Whimsicott|Moonblast|p2a: Terapagos\n|-damage|p2a: Terapagos|15/100\n|-unboost|p2a: Terapagos|spa|1\n|move|p2a: Terapagos|Tera Starstorm|p1a: Whimsicott|[spread] p1a,p1b\n|-supereffective|p1b: Kyogre\n|-damage|p1a: Whimsicott|0 fnt\n|-damage|p1b: Kyogre|0 fnt\n|faint|p1a: Whimsicott\n|faint|p1b: Kyogre\n|move|p2b: Rillaboom|Wood Hammer|p1: Whimsicott|[notarget]\n|-fail|p2b: Rillaboom\n|\n|-heal|p2a: Terapagos|21/100|[from] item: Leftovers\n|-end|p2a: Terapagos|move: Taunt\n|upkeep\n|\n|t:|1770728916\n|switch|p1a: Farigiraf|Farigiraf, L50, M|100/100\n|switch|p1b: Calyrex|Calyrex-Ice, L50|100/100\n|-ability|p1b: Calyrex|As One\n|-ability|p1b: Calyrex|Unnerve\n|turn|4\n|\n|t:|1770728937\n|switch|p2b: Incineroar|Incineroar, L50, M, shiny|100/100\n|-ability|p2b: Incineroar|Intimidate|boost\n|-unboost|p1a: Farigiraf|atk|1\n|-fail|p1b: Calyrex|unboost|[from] item: Clear Amulet|[of] p1b: Calyrex\n|move|p2a: Terapagos|Protect|p2a: Terapagos\n|-singleturn|p2a: Terapagos|Protect\n|move|p1b: Calyrex|Glacial Lance|p2a: Terapagos|[spread] p2b\n|-activate|p2a: Terapagos|move: Protect\n|-resisted|p2b: Incineroar\n|-damage|p2b: Incineroar|82/100\n|move|p1a: Farigiraf|Trick Room|p1a: Farigiraf\n|-fieldstart|move: Trick Room|[of] p1a: Farigiraf\n|\n|-heal|p2a: Terapagos|27/100|[from] item: Leftovers\n|upkeep\n|turn|5\n|inactive|jiratajiri has 30 seconds left.\n|inactive|Schimmli has 30 seconds left.\n|\n|t:|1770728968\n|move|p1b: Calyrex|Glacial Lance|p2b: Incineroar|[spread] p2a,p2b\n|-resisted|p2b: Incineroar\n|-damage|p2a: Terapagos|0 fnt\n|-damage|p2b: Incineroar|62/100\n|faint|p2a: Terapagos\n|detailschange|p2: Terapagos|Terapagos, L50, M|[silent]\n|-ability|p1b: Calyrex|Chilling Neigh|boost\n|-boost|p1b: Calyrex|atk|1\n|move|p1a: Farigiraf|Foul Play|p2b: Incineroar\n|-resisted|p2b: Incineroar\n|-damage|p2b: Incineroar|53/100\n|-damage|p1a: Farigiraf|84/100|[from] item: Rocky Helmet|[of] p2b: Incineroar\n|move|p2b: Incineroar|Knock Off|p1a: Farigiraf\n|-supereffective|p1a: Farigiraf\n|-damage|p1a: Farigiraf|25/100\n|-enditem|p1a: Farigiraf|Safety Goggles|[from] move: Knock Off|[of] p2b: Incineroar\n|\n|upkeep\n|\n|t:|1770728985\n|switch|p2a: Calyrex|Calyrex-Shadow, L50|100/100\n|-ability|p2a: Calyrex|As One\n|-ability|p2a: Calyrex|Unnerve\n|turn|6\n|\n|t:|1770729006\n|move|p1b: Calyrex|Glacial Lance|p2a: Calyrex|[spread] p2a,p2b\n|-resisted|p2b: Incineroar\n|-damage|p2a: Calyrex|2/100\n|-damage|p2b: Incineroar|27/100\n|move|p1a: Farigiraf|Foul Play|p2a: Calyrex\n|-supereffective|p2a: Calyrex\n|-damage|p2a: Calyrex|0 fnt\n|faint|p2a: Calyrex\n|move|p2b: Incineroar|Knock Off|p1a: Farigiraf\n|-supereffective|p1a: Farigiraf\n|-damage|p1a: Farigiraf|0 fnt\n|faint|p1a: Farigiraf\n|\n|upkeep\n|\n|t:|1770729016\n|switch|p2a: Rillaboom|Rillaboom, L50, F|23/100\n|-fieldstart|move: Grassy Terrain|[from] ability: Grassy Surge|[of] p2a: Rillaboom\n|turn|7\n|\n|t:|1770729025\n|move|p1b: Calyrex|Protect|p1b: Calyrex\n|-singleturn|p1b: Calyrex|Protect\n|move|p2a: Rillaboom|Fake Out|p1b: Calyrex\n|-activate|p1b: Calyrex|move: Protect\n|move|p2b: Incineroar|Will-O-Wisp|p1b: Calyrex\n|-activate|p1b: Calyrex|move: Protect\n|\n|-heal|p2b: Incineroar|33/100|[from] Grassy Terrain\n|-heal|p2a: Rillaboom|29/100|[from] Grassy Terrain\n|upkeep\n|turn|8\n|\n|t:|1770729035\n|move|p2a: Rillaboom|Grassy Glide|p1b: Calyrex\n|-damage|p1b: Calyrex|78/100\n|move|p1b: Calyrex|Glacial Lance|p2a: Rillaboom|[spread] p2a,p2b\n|-supereffective|p2a: Rillaboom\n|-resisted|p2b: Incineroar\n|-damage|p2a: Rillaboom|0 fnt\n|-damage|p2b: Incineroar|2/100\n|faint|p2a: Rillaboom\n|-ability|p1b: Calyrex|Chilling Neigh|boost\n|-boost|p1b: Calyrex|atk|1\n|move|p2b: Incineroar|Will-O-Wisp|p1b: Calyrex\n|-status|p1b: Calyrex|brn\n|\n|-heal|p1b: Calyrex|84/100 brn|[from] Grassy Terrain\n|-heal|p2b: Incineroar|8/100|[from] Grassy Terrain\n|-damage|p1b: Calyrex|78/100 brn|[from] brn\n|-fieldend|move: Trick Room\n|upkeep\n|turn|9\n|j| lunala fairy ghost\n|l| lunala fairy ghost\n|\n|t:|1770729052\n|move|p2b: Incineroar|Knock Off|p1b: Calyrex\n|-supereffective|p1b: Calyrex\n|-damage|p1b: Calyrex|34/100 brn\n|-enditem|p1b: Calyrex|Clear Amulet|[from] move: Knock Off|[of] p2b: Incineroar\n|move|p1b: Calyrex|Glacial Lance|p2b: Incineroar\n|-resisted|p2b: Incineroar\n|-damage|p2b: Incineroar|0 fnt\n|faint|p2b: Incineroar\n|\n|win|jiratajiri\n|raw|jiratajiri's rating: 1354 &rarr; <strong>1382</strong><br />(+28 for winning)\n|raw|Schimmli's rating: 1505 &rarr; <strong>1477</strong><br />(-28 for losing)\n|l|\u2606Schimmli\n|player|p2|\n","uploadtime":1770729232,"views":17,"formatid":"gen9vgc2026regi","rating":1382,"private":0,"password":null}