{"id":"gen9vgc2026regi-2547460299","format":"[Gen 9] VGC 2026 Reg I","players":["Voth","coolcool4567"],"log":"|j|\u2606Voth\n|j|\u2606coolcool4567\n|t:|1772092465\n|gametype|doubles\n|player|p1|Voth|dawn|1395\n|player|p2|coolcool4567|266|1306\n|gen|9\n|tier|[Gen 9] VGC 2026 Reg I\n|rated|\n|rule|Species Clause: Limit one of each Pok\u00e9mon\n|rule|Item Clause: Limit 1 of each item\n|clearpoke\n|poke|p1|Urshifu-*, L50, M|\n|poke|p1|Calyrex-Ice, L50|\n|poke|p1|Tornadus, L50, M|\n|poke|p1|Landorus, L50, M|\n|poke|p1|Rillaboom, L50, F|\n|poke|p1|Kyogre, L50|\n|poke|p2|Calyrex-Ice, L50|\n|poke|p2|Lunala, L50|\n|poke|p2|Indeedee-F, L50, F|\n|poke|p2|Grimmsnarl, L50, M|\n|poke|p2|Tornadus, L50, M|\n|poke|p2|Ursaluna, L50, M|\n|teampreview|4\n|inactive|Battle timer is ON: inactive players will automatically lose when time's up. (requested by coolcool4567)\n|inactive|coolcool4567 has 60 seconds left.\n|\n|t:|1772092510\n|teamsize|p1|4\n|teamsize|p2|4\n|start\n|switch|p1a: Korra|Calyrex-Ice, L50|100/100\n|switch|p1b: Mr miyagi|Urshifu-Rapid-Strike, L50, M|100/100\n|switch|p2a: Indeedee|Indeedee-F, L50, F|100/100\n|switch|p2b: Lunala|Lunala, L50|100/100\n|-ability|p1a: Korra|As One\n|-ability|p1a: Korra|Unnerve\n|-fieldstart|move: Psychic Terrain|[from] ability: Psychic Surge|[of] p2a: Indeedee\n|turn|1\n|l|\u2606Voth\n|inactive|Voth disconnected and has a minute to reconnect!\n|player|p1|\n|inactive|Voth has 30 seconds left.\n|j|\u2606Voth\n|inactive|Voth reconnected and has 30 seconds left.\n|player|p1|Voth|dawn|\n|\n|t:|1772092545\n|switch|p1b: Harambe|Rillaboom, L50, F|100/100\n|-fieldstart|move: Grassy Terrain|[from] ability: Grassy Surge|[of] p1b: Harambe\n|-terastallize|p1a: Korra|Water\n|move|p2a: Indeedee|Follow Me|p2a: Indeedee\n|-singleturn|p2a: Indeedee|move: Follow Me\n|move|p2b: Lunala|Meteor Beam||[still]\n|-prepare|p2b: Lunala|Meteor Beam\n|-boost|p2b: Lunala|spa|1\n|-enditem|p2b: Lunala|Power Herb\n|-anim|p2b: Lunala|Meteor Beam|p1a: Korra|[miss]\n|-miss|p2b: Lunala|p1a: Korra\n|move|p1a: Korra|Glacial Lance|p2b: Lunala|[spread] p2a,p2b\n|-crit|p2a: Indeedee\n|-damage|p2a: Indeedee|26/100\n|-damage|p2b: Lunala|82/100\n|\n|-heal|p2b: Lunala|88/100|[from] Grassy Terrain\n|-heal|p2a: Indeedee|32/100|[from] Grassy Terrain\n|upkeep\n|turn|2\n|inactive|Voth has 30 seconds left.\n|inactive|coolcool4567 has 30 seconds left.\n|\n|t:|1772092576\n|-terastallize|p2b: Lunala|Fairy\n|move|p2a: Indeedee|Helping Hand|p2b: Lunala\n|-singleturn|p2b: Lunala|Helping Hand|[of] p2a: Indeedee\n|move|p1b: Harambe|Fake Out|p2a: Indeedee\n|-damage|p2a: Indeedee|20/100\n|-damage|p1b: Harambe|84/100|[from] item: Rocky Helmet|[of] p2a: Indeedee\n|move|p2b: Lunala|Dazzling Gleam|p1a: Korra|[spread] p1a,p1b\n|-damage|p1a: Korra|57/100\n|-damage|p1b: Harambe|33/100\n|move|p1a: Korra|Leech Seed|p2b: Lunala\n|-start|p2b: Lunala|move: Leech Seed\n|\n|-heal|p2b: Lunala|94/100|[from] Grassy Terrain\n|-heal|p1b: Harambe|39/100|[from] Grassy Terrain\n|-heal|p2a: Indeedee|26/100|[from] Grassy Terrain\n|-heal|p1a: Korra|63/100|[from] Grassy Terrain\n|-heal|p1a: Korra|69/100|[from] item: Leftovers\n|-damage|p2b: Lunala|82/100|[from] Leech Seed|[of] p1a: Korra\n|-heal|p1a: Korra|83/100|[silent]\n|upkeep\n|turn|3\n|inactive|coolcool4567 has 30 seconds left.\n|\n|t:|1772092602\n|move|p2a: Indeedee|Helping Hand|p2b: Lunala\n|-singleturn|p2b: Lunala|Helping Hand|[of] p2a: Indeedee\n|move|p2b: Lunala|Moongeist Beam|p1a: Korra\n|-damage|p1a: Korra|14/100\n|move|p1b: Harambe|Wood Hammer|p2b: Lunala\n|-damage|p2b: Lunala|34/100\n|-damage|p1b: Harambe|20/100|[from] Recoil\n|move|p1a: Korra|Glacial Lance|p2a: Indeedee|[spread] p2a,p2b\n|-crit|p2a: Indeedee\n|-damage|p2a: Indeedee|0 fnt\n|-damage|p2b: Lunala|0 fnt\n|faint|p2a: Indeedee\n|faint|p2b: Lunala\n|-ability|p1a: Korra|Chilling Neigh|boost\n|-boost|p1a: Korra|atk|2\n|\n|-heal|p1b: Harambe|26/100|[from] Grassy Terrain\n|-heal|p1a: Korra|19/100|[from] Grassy Terrain\n|-heal|p1a: Korra|25/100|[from] item: Leftovers\n|upkeep\n|\n|t:|1772092615\n|switch|p2b: Tornadus|Tornadus, L50, M|100/100\n|switch|p2a: Calyrex|Calyrex-Ice, L50|100/100\n|-ability|p2a: Calyrex|As One\n|-ability|p2a: Calyrex|Unnerve\n|turn|4\n|\n|t:|1772092633\n|move|p1a: Korra|Protect|p1a: Korra\n|-singleturn|p1a: Korra|Protect\n|move|p2b: Tornadus|Bleakwind Storm|p1b: Harambe|[spread] p1b\n|-activate|p1a: Korra|move: Protect\n|-supereffective|p1b: Harambe\n|-damage|p1b: Harambe|0 fnt\n|faint|p1b: Harambe\n|move|p2a: Calyrex|Trick Room|p2a: Calyrex\n|-fieldstart|move: Trick Room|[of] p2a: Calyrex\n|\n|-heal|p1a: Korra|31/100|[from] Grassy Terrain\n|-heal|p1a: Korra|37/100|[from] item: Leftovers\n|upkeep\n|\n|t:|1772092645\n|switch|p1b: Nuke|Kyogre, L50|100/100\n|-weather|RainDance|[from] ability: Drizzle|[of] p1b: Nuke\n|turn|5\n|\n|t:|1772092662\n|move|p1a: Korra|Glacial Lance|p2a: Calyrex|[spread] p2a,p2b\n|-resisted|p2a: Calyrex\n|-supereffective|p2b: Tornadus\n|-damage|p2a: Calyrex|64/100\n|-damage|p2b: Tornadus|0 fnt\n|faint|p2b: Tornadus\n|-ability|p1a: Korra|Chilling Neigh|boost\n|-boost|p1a: Korra|atk|1\n|move|p2a: Calyrex|High Horsepower|p1a: Korra\n|-damage|p1a: Korra|9/100\n|move|p1b: Nuke|Water Spout|p2a: Calyrex\n|-damage|p2a: Calyrex|0 fnt\n|faint|p2a: Calyrex\n|\n|win|Voth\n|raw|Voth's rating: 1395 &rarr; <strong>1410</strong><br />(+15 for winning)\n|raw|coolcool4567's rating: 1306 &rarr; <strong>1291</strong><br />(-15 for losing)\n|l|\u2606coolcool4567\n|player|p2|\n|l|\u2606Voth\n|player|p1|\n","uploadtime":1772092869,"views":12,"formatid":"gen9vgc2026regi","rating":1291,"private":0,"password":null}