{"id":"gen9vgc2026regi-2579803488","format":"[Gen 9] VGC 2026 Reg I","players":["Mr.checkmate\u65e0\u5fc3\u65e0\u68a6","DHTL"],"log":"|j|\u2606Mr.checkmate\u65e0\u5fc3\u65e0\u68a6\n|j|\u2606DHTL\n|t:|1775829480\n|gametype|doubles\n|player|p1|Mr.checkmate\u65e0\u5fc3\u65e0\u68a6|cynthia-masters4|1516\n|player|p2|DHTL|266|1424\n|gen|9\n|tier|[Gen 9] VGC 2026 Reg I\n|rated|\n|rule|Species Clause: Limit one of each Pok\u00e9mon\n|rule|Item Clause: Limit 1 of each item\n|clearpoke\n|poke|p1|Calyrex-Shadow, L50|\n|poke|p1|Zamazenta-*, L50|\n|poke|p1|Chien-Pao, L50|\n|poke|p1|Dragonite, L50, F|\n|poke|p1|Raging Bolt, L50|\n|poke|p1|Amoonguss, L50, F|\n|poke|p2|Zamazenta-*, L50|\n|poke|p2|Ditto, L50|\n|poke|p2|Mewtwo, L50|\n|poke|p2|Whimsicott, L50, F|\n|poke|p2|Indeedee-F, L50, F|\n|poke|p2|Sylveon, L50, F|\n|teampreview|4\n|\n|t:|1775829506\n|teamsize|p1|4\n|teamsize|p2|4\n|start\n|switch|p1a: Zamazenta|Zamazenta-Crowned, L50|100/100\n|switch|p1b: Chien-Pao|Chien-Pao, L50|100/100\n|switch|p2a: Whimsicott|Whimsicott, L50, F|100/100\n|switch|p2b: Mewtwo|Mewtwo, L50, shiny|100/100\n|-ability|p2b: Mewtwo|Unnerve\n|-ability|p1b: Chien-Pao|Sword of Ruin\n|-ability|p1a: Zamazenta|Dauntless Shield|boost\n|-boost|p1a: Zamazenta|def|1\n|turn|1\n|\n|t:|1775829524\n|move|p1b: Chien-Pao|Sucker Punch||[still]\n|-fail|p1b: Chien-Pao\n|move|p2a: Whimsicott|Tailwind|p2a: Whimsicott\n|-sidestart|p2: DHTL|move: Tailwind\n|move|p2b: Mewtwo|Nasty Plot|p2b: Mewtwo\n|-boost|p2b: Mewtwo|spa|2\n|move|p1a: Zamazenta|Heavy Slam|p2a: Whimsicott\n|-supereffective|p2a: Whimsicott\n|-damage|p2a: Whimsicott|0 fnt\n|faint|p2a: Whimsicott\n|\n|upkeep\n|\n|t:|1775829546\n|switch|p2a: Indeedee|Indeedee-F, L50, F|100/100\n|-fieldstart|move: Psychic Terrain|[from] ability: Psychic Surge|[of] p2a: Indeedee\n|-enditem|p2a: Indeedee|Psychic Seed\n|-boost|p2a: Indeedee|spd|1|[from] item: Psychic Seed\n|turn|2\n|\n|t:|1775829567\n|switch|p1b: Amoonguss|Amoonguss, L50, F|100/100\n|move|p2a: Indeedee|Follow Me|p2a: Indeedee\n|-singleturn|p2a: Indeedee|move: Follow Me\n|move|p2b: Mewtwo|Aura Sphere|p1a: Zamazenta\n|-supereffective|p1a: Zamazenta\n|-damage|p1a: Zamazenta|23/100\n|move|p1a: Zamazenta|Body Press|p2a: Indeedee\n|-damage|p2a: Indeedee|34/100\n|\n|upkeep\n|turn|3\n|\n|t:|1775829587\n|switch|p1b: Chien-Pao|Chien-Pao, L50|100/100\n|-ability|p1b: Chien-Pao|Sword of Ruin\n|move|p1a: Zamazenta|Protect|p1a: Zamazenta\n|-singleturn|p1a: Zamazenta|Protect\n|move|p2a: Indeedee|Follow Me|p2a: Indeedee\n|-singleturn|p2a: Indeedee|move: Follow Me\n|move|p2b: Mewtwo|Expanding Force|p1b: Chien-Pao|[spread] \n|-activate|p1a: Zamazenta|move: Protect\n|-immune|p1b: Chien-Pao\n|\n|upkeep\n|turn|4\n|\n|t:|1775829638\n|-terastallize|p1b: Chien-Pao|Poison\n|move|p2a: Indeedee|Follow Me|p2a: Indeedee\n|-singleturn|p2a: Indeedee|move: Follow Me\n|move|p2b: Mewtwo|Expanding Force|p1b: Chien-Pao|[spread] p1a,p1b\n|-supereffective|p1b: Chien-Pao\n|-damage|p1a: Zamazenta|0 fnt\n|-damage|p1b: Chien-Pao|0 fnt\n|faint|p1a: Zamazenta\n|faint|p1b: Chien-Pao\n|\n|-sideend|p2: DHTL|move: Tailwind\n|upkeep\n|\n|t:|1775829644\n|switch|p1b: Amoonguss|Amoonguss, L50, F|100/100\n|switch|p1a: Calyrex|Calyrex-Shadow, L50|100/100\n|-ability|p1a: Calyrex|As One\n|-ability|p1a: Calyrex|Unnerve\n|turn|5\n|l|\u2606Mr.checkmate\u65e0\u5fc3\u65e0\u68a6\n|player|p1|\n|j|\u2606Mr.checkmate\u65e0\u5fc3\u65e0\u68a6\n|player|p1|Mr.checkmate\u65e0\u5fc3\u65e0\u68a6|cynthia-masters4|\n|\n|t:|1775829713\n|move|p2a: Indeedee|Helping Hand|p2b: Mewtwo\n|-singleturn|p2b: Mewtwo|Helping Hand|[of] p2a: Indeedee\n|move|p1b: Amoonguss|Protect|p1b: Amoonguss\n|-singleturn|p1b: Amoonguss|Protect\n|move|p1a: Calyrex|Astral Barrage|p2a: Indeedee|[spread] p2b\n|-immune|p2a: Indeedee\n|-supereffective|p2b: Mewtwo\n|-enditem|p2b: Mewtwo|Focus Sash\n|-damage|p2b: Mewtwo|1/100\n|move|p2b: Mewtwo|Expanding Force|p1b: Amoonguss|[spread] p1a\n|-activate|p1b: Amoonguss|move: Protect\n|-resisted|p1a: Calyrex\n|-damage|p1a: Calyrex|4/100\n|\n|upkeep\n|turn|6\n|\n|t:|1775829741\n|move|p2b: Mewtwo|Protect|p2b: Mewtwo\n|-singleturn|p2b: Mewtwo|Protect\n|move|p1b: Amoonguss|Rage Powder|p1b: Amoonguss\n|-singleturn|p1b: Amoonguss|move: Rage Powder\n|move|p1a: Calyrex|Astral Barrage|p2a: Indeedee|[spread] \n|-activate|p2b: Mewtwo|move: Protect\n|-immune|p2a: Indeedee\n|move|p2a: Indeedee|Healing Wish|p2a: Indeedee\n|faint|p2a: Indeedee\n|\n|-fieldend|move: Psychic Terrain\n|upkeep\n|\n|t:|1775829760\n|switch|p2a: Zamazenta|Zamazenta-Crowned, L50|100/100\n|-ability|p2a: Zamazenta|Dauntless Shield|boost\n|-boost|p2a: Zamazenta|def|1\n|turn|7\n|\n|t:|1775829773\n|move|p2a: Zamazenta|Wide Guard|p2a: Zamazenta\n|-singleturn|p2a: Zamazenta|Wide Guard\n|move|p1b: Amoonguss|Rage Powder|p1b: Amoonguss\n|-singleturn|p1b: Amoonguss|move: Rage Powder\n|move|p1a: Calyrex|Psychic|p2b: Mewtwo\n|-resisted|p2b: Mewtwo\n|-damage|p2b: Mewtwo|0 fnt\n|faint|p2b: Mewtwo\n|-ability|p1a: Calyrex|Grim Neigh|boost\n|-boost|p1a: Calyrex|spa|1\n|\n|upkeep\n|turn|8\n|\n|t:|1775829791\n|-terastallize|p2a: Zamazenta|Ground\n|move|p1a: Calyrex|Encore|p2a: Zamazenta\n|-start|p2a: Zamazenta|Encore\n|move|p2a: Zamazenta|Wide Guard|p2a: Zamazenta\n|-singleturn|p2a: Zamazenta|Wide Guard\n|move|p1b: Amoonguss|Spore|p2a: Zamazenta\n|-status|p2a: Zamazenta|slp|[from] move: Spore\n|\n|upkeep\n|turn|9\n|-message|DHTL forfeited.\n|\n|win|Mr.checkmate\u65e0\u5fc3\u65e0\u68a6\n|raw|Mr.checkmate\u65e0\u5fc3\u65e0\u68a6's rating: 1516 &rarr; <strong>1531</strong><br />(+15 for winning)\n|raw|DHTL's rating: 1424 &rarr; <strong>1409</strong><br />(-15 for losing)\n|l|\u2606DHTL\n|player|p2|\n|l|\u2606Mr.checkmate\u65e0\u5fc3\u65e0\u68a6\n|player|p1|\n","uploadtime":1775829954,"views":12,"formatid":"gen9vgc2026regi","rating":1409,"private":0,"password":null}