{"id":"gen9vgc2026regi-2549455258","format":"[Gen 9] VGC 2026 Reg I","players":["marcxhenry","partigiano jonny"],"log":"|j|\u2606marcxhenry\n|j|\u2606partigiano jonny\n|t:|1772370264\n|gametype|doubles\n|player|p1|marcxhenry|hilbert-wonderlauncher|1376\n|player|p2|partigiano jonny|265|1622\n|gen|9\n|tier|[Gen 9] VGC 2026 Reg I\n|rated|\n|rule|Species Clause: Limit one of each Pok\u00e9mon\n|rule|Item Clause: Limit 1 of each item\n|clearpoke\n|poke|p1|Calyrex-Shadow, L50|\n|poke|p1|Urshifu-*, L50, M|\n|poke|p1|Roaring Moon, L50|\n|poke|p1|Kyogre, L50|\n|poke|p1|Tsareena, L50, F|\n|poke|p1|Kingambit, L50, M|\n|poke|p2|Terapagos, L50, M|\n|poke|p2|Miraidon, L50|\n|poke|p2|Incineroar, L50, M|\n|poke|p2|Iron Treads, L50|\n|poke|p2|Sinistcha, L50|\n|poke|p2|Urshifu-*, L50, M|\n|teampreview|4\n|inactive|Battle timer is ON: inactive players will automatically lose when time's up. (requested by partigiano jonny)\n|\n|t:|1772370292\n|teamsize|p1|4\n|teamsize|p2|4\n|start\n|switch|p1a: Rhein\u00fcbung|Urshifu-Rapid-Strike, L50, M|100/100\n|switch|p1b: Tripitz|Kyogre, L50, shiny|100/100\n|switch|p2a: Terapagos|Terapagos, L50, M|100/100\n|switch|p2b: Miraidon|Miraidon, L50|100/100\n|-activate|p2a: Terapagos|ability: Tera Shift\n|detailschange|p2a: Terapagos|Terapagos-Terastal, L50, M\n|-heal|p2a: Terapagos|100/100|[silent]\n|-fieldstart|move: Electric Terrain|[from] ability: Hadron Engine|[of] p2b: Miraidon\n|-enditem|p2a: Terapagos|Electric Seed\n|-boost|p2a: Terapagos|def|1|[from] item: Electric Seed\n|-weather|RainDance|[from] ability: Drizzle|[of] p1b: Tripitz\n|turn|1\n|\n|t:|1772370315\n|-terastallize|p1b: Tripitz|Ground\n|-terastallize|p2a: Terapagos|Stellar\n|detailschange|p2a: Terapagos|Terapagos-Stellar, L50, M, tera:Stellar\n|-heal|p2a: Terapagos|100/100|[silent]\n|-ability|p2a: Terapagos|Teraform Zero\n|-weather|none\n|-fieldend|move: Electric Terrain\n|move|p1a: Rhein\u00fcbung|U-turn|p2b: Miraidon\n|-damage|p2b: Miraidon|77/100\n|\n|t:|1772370323\n|switch|p1a: Hitmonshe|Tsareena, L50, F, shiny|100/100|[from] U-turn\n|move|p2b: Miraidon|Volt Switch|p1a: Hitmonshe\n|-resisted|p1a: Hitmonshe\n|-damage|p1a: Hitmonshe|79/100\n|\n|t:|1772370329\n|switch|p2b: Urshifu|Urshifu-Rapid-Strike, L50, M|100/100|[from] Volt Switch\n|move|p1b: Tripitz|Water Spout|p2b: Urshifu|[spread] p2a,p2b\n|-resisted|p2b: Urshifu\n|-damage|p2a: Terapagos|45/100\n|-damage|p2b: Urshifu|46/100\n|move|p2a: Terapagos|Tera Starstorm|p1a: Hitmonshe|[spread] p1a,p1b\n|-supereffective|p1b: Tripitz\n|-damage|p1a: Hitmonshe|35/100\n|-damage|p1b: Tripitz|45/100\n|\n|upkeep\n|turn|2\n|\n|t:|1772370350\n|move|p1b: Tripitz|Origin Pulse|p2b: Urshifu|[spread] p2a,p2b\n|-resisted|p2b: Urshifu\n|-damage|p2a: Terapagos|2/100\n|-damage|p2b: Urshifu|5/100\n|move|p2b: Urshifu|Surging Strikes|p1a: Hitmonshe\n|-resisted|p1a: Hitmonshe\n|-crit|p1a: Hitmonshe\n|-damage|p1a: Hitmonshe|22/100\n|-resisted|p1a: Hitmonshe\n|-crit|p1a: Hitmonshe\n|-damage|p1a: Hitmonshe|8/100\n|-resisted|p1a: Hitmonshe\n|-crit|p1a: Hitmonshe\n|-damage|p1a: Hitmonshe|0 fnt\n|faint|p1a: Hitmonshe\n|-hitcount|p1: Hitmonshe|3\n|move|p2a: Terapagos|Tera Starstorm|p1b: Tripitz\n|-supereffective|p1b: Tripitz\n|-damage|p1b: Tripitz|0 fnt\n|faint|p1b: Tripitz\n|\n|upkeep\n|\n|t:|1772370365\n|switch|p1b: Roter Baron|Roaring Moon, L50, shiny|100/100\n|switch|p1a: Rhein\u00fcbung|Urshifu-Rapid-Strike, L50, M|100/100\n|-enditem|p1b: Roter Baron|Booster Energy\n|-activate|p1b: Roter Baron|ability: Protosynthesis|[fromitem]\n|-start|p1b: Roter Baron|protosynthesisspe\n|turn|3\n|\n|t:|1772370388\n|move|p2b: Urshifu|Aqua Jet|p1a: Rhein\u00fcbung\n|-resisted|p1a: Rhein\u00fcbung\n|-damage|p1a: Rhein\u00fcbung|87/100\n|move|p1b: Roter Baron|Knock Off|p2b: Urshifu\n|-resisted|p2b: Urshifu\n|-damage|p2b: Urshifu|0 fnt\n|-enditem|p2b: Urshifu|Mystic Water|[from] move: Knock Off|[of] p1b: Roter Baron\n|faint|p2b: Urshifu\n|move|p1a: Rhein\u00fcbung|Surging Strikes|p2a: Terapagos\n|-crit|p2a: Terapagos\n|-damage|p2a: Terapagos|0 fnt\n|faint|p2a: Terapagos\n|detailschange|p2: Terapagos|Terapagos, L50, M|[silent]\n|-hitcount|p2: Terapagos|1\n|\n|upkeep\n|\n|t:|1772370391\n|switch|p2b: Miraidon|Miraidon, L50|77/100\n|switch|p2a: Sinistcha|Sinistcha, L50|100/100\n|-fieldstart|move: Electric Terrain|[from] ability: Hadron Engine|[of] p2b: Miraidon\n|-heal|p2b: Miraidon|100/100|[from] ability: Hospitality|[of] p2a: Sinistcha\n|turn|4\n|\n|t:|1772370410\n|move|p2a: Sinistcha|Rage Powder|p2a: Sinistcha\n|-singleturn|p2a: Sinistcha|move: Rage Powder\n|move|p1b: Roter Baron|Knock Off|p2a: Sinistcha\n|-supereffective|p2a: Sinistcha\n|-damage|p2a: Sinistcha|19/100\n|-enditem|p2a: Sinistcha|Focus Sash|[from] move: Knock Off|[of] p1b: Roter Baron\n|move|p1a: Rhein\u00fcbung|Surging Strikes|p2a: Sinistcha\n|-resisted|p2a: Sinistcha\n|-crit|p2a: Sinistcha\n|-damage|p2a: Sinistcha|11/100\n|-resisted|p2a: Sinistcha\n|-crit|p2a: Sinistcha\n|-damage|p2a: Sinistcha|2/100\n|-resisted|p2a: Sinistcha\n|-crit|p2a: Sinistcha\n|-damage|p2a: Sinistcha|0 fnt\n|faint|p2a: Sinistcha\n|-hitcount|p2: Sinistcha|3\n|move|p2b: Miraidon|Electro Drift|p1a: Rhein\u00fcbung\n|-supereffective|p1a: Rhein\u00fcbung\n|-damage|p1a: Rhein\u00fcbung|0 fnt\n|faint|p1a: Rhein\u00fcbung\n|\n|upkeep\n|turn|5\n|\n|t:|1772370428\n|move|p1b: Roter Baron|Knock Off|p2b: Miraidon\n|-damage|p2b: Miraidon|53/100\n|-enditem|p2b: Miraidon|Assault Vest|[from] move: Knock Off|[of] p1b: Roter Baron\n|move|p2b: Miraidon|Draco Meteor|p1b: Roter Baron\n|-supereffective|p1b: Roter Baron\n|-damage|p1b: Roter Baron|0 fnt\n|-unboost|p2b: Miraidon|spa|2\n|faint|p1b: Roter Baron\n|-end|p1b: Roter Baron|Protosynthesis|[silent]\n|\n|win|partigiano jonny\n|raw|marcxhenry's rating: 1376 &rarr; <strong>1368</strong><br />(-8 for losing)\n|raw|partigiano jonny's rating: 1622 &rarr; <strong>1630</strong><br />(+8 for winning)\n|l|\u2606partigiano jonny\n|player|p2|\n|l|\u2606marcxhenry\n|player|p1|\n","uploadtime":1772370428,"views":14,"formatid":"gen9vgc2026regi","rating":1368,"private":0,"password":null}