{"id":"gen9vgc2026regi-2544763993","format":"[Gen 9] VGC 2026 Reg I","players":["sujisuji","blackred123"],"log":"|j|\u2606sujisuji\n|j|\u2606blackred123\n|t:|1771754876\n|gametype|doubles\n|player|p1|sujisuji|eusine|1278\n|player|p2|blackred123|iono-masters|1407\n|gen|9\n|tier|[Gen 9] VGC 2026 Reg I\n|rated|\n|rule|Species Clause: Limit one of each Pok\u00e9mon\n|rule|Item Clause: Limit 1 of each item\n|clearpoke\n|poke|p1|Snorlax, L50, F|\n|poke|p1|Cresselia, L50, F|\n|poke|p1|Sinistcha, L50|\n|poke|p1|Kyogre, L50|\n|poke|p1|Garchomp, L50, M|\n|poke|p1|Zamazenta-*, L50|\n|poke|p2|Miraidon, L50|\n|poke|p2|Calyrex-Ice, L50|\n|poke|p2|Incineroar, L50, M|\n|poke|p2|Grimmsnarl, L50, M|\n|poke|p2|Urshifu-*, L50, M|\n|poke|p2|Ursaluna-Bloodmoon, L50, M|\n|teampreview|4\n|inactive|Battle timer is ON: inactive players will automatically lose when time's up. (requested by sujisuji)\n|inactive|blackred123 also wants the timer to be on.\n|inactive|sujisuji has 60 seconds left.\n|\n|t:|1771754926\n|teamsize|p1|4\n|teamsize|p2|4\n|start\n|switch|p1a: Cresselia|Cresselia, L50, F|100/100\n|switch|p1b: Kyogre|Kyogre, L50|100/100\n|switch|p2a: \u94f6\u91d1\u7535\u86c7|Miraidon, L50, shiny|100/100\n|switch|p2b: \u5de8\u6839\u7537\u6a21|Grimmsnarl, L50, M|100/100\n|-fieldstart|move: Electric Terrain|[from] ability: Hadron Engine|[of] p2a: \u94f6\u91d1\u7535\u86c7\n|-weather|RainDance|[from] ability: Drizzle|[of] p1b: Kyogre\n|turn|1\n|\n|t:|1771754943\n|-terastallize|p1b: Kyogre|Electric\n|move|p2b: \u5de8\u6839\u7537\u6a21|Light Screen|p2b: \u5de8\u6839\u7537\u6a21\n|-sidestart|p2: blackred123|move: Light Screen\n|move|p2a: \u94f6\u91d1\u7535\u86c7|Draco Meteor|p1b: Kyogre\n|-damage|p1b: Kyogre|51/100\n|-unboost|p2a: \u94f6\u91d1\u7535\u86c7|spa|2\n|move|p1b: Kyogre|Calm Mind|p1b: Kyogre\n|-boost|p1b: Kyogre|spa|1\n|-boost|p1b: Kyogre|spd|1\n|move|p1a: Cresselia|Thunder Wave|p2b: \u5de8\u6839\u7537\u6a21\n|-status|p2b: \u5de8\u6839\u7537\u6a21|par\n|\n|-weather|RainDance|[upkeep]\n|upkeep\n|turn|2\n|\n|t:|1771754962\n|move|p2a: \u94f6\u91d1\u7535\u86c7|Draco Meteor|p1b: Kyogre\n|-damage|p1b: Kyogre|33/100\n|-unboost|p2a: \u94f6\u91d1\u7535\u86c7|spa|2\n|move|p1b: Kyogre|Origin Pulse|p2b: \u5de8\u6839\u7537\u6a21|[spread] p2a,p2b\n|-resisted|p2a: \u94f6\u91d1\u7535\u86c7\n|-damage|p2a: \u94f6\u91d1\u7535\u86c7|72/100\n|-damage|p2b: \u5de8\u6839\u7537\u6a21|36/100 par\n|move|p1a: Cresselia|Lunar Blessing|p1a: Cresselia|[spread] p1a,p1b\n|-heal|p1b: Kyogre|58/100\n|cant|p2b: \u5de8\u6839\u7537\u6a21|par\n|\n|-weather|RainDance|[upkeep]\n|upkeep\n|turn|3\n|\n|t:|1771754984\n|switch|p2a: \u5996\u64b8\u51a0\u4e86|Calyrex-Ice, L50|100/100\n|-ability|p2a: \u5996\u64b8\u51a0\u4e86|As One\n|-ability|p2a: \u5996\u64b8\u51a0\u4e86|Unnerve\n|cant|p2b: \u5de8\u6839\u7537\u6a21|par\n|move|p1b: Kyogre|Origin Pulse|p2a: \u5996\u64b8\u51a0\u4e86|[spread] p2a,p2b\n|-crit|p2a: \u5996\u64b8\u51a0\u4e86\n|-damage|p2a: \u5996\u64b8\u51a0\u4e86|12/100\n|-damage|p2b: \u5de8\u6839\u7537\u6a21|0 fnt\n|faint|p2b: \u5de8\u6839\u7537\u6a21\n|move|p1a: Cresselia|Lunar Blessing|p1a: Cresselia|[spread] p1a,p1b\n|-heal|p1b: Kyogre|84/100\n|\n|-weather|RainDance|[upkeep]\n|-heal|p2a: \u5996\u64b8\u51a0\u4e86|18/100|[from] item: Leftovers\n|upkeep\n|\n|t:|1771754998\n|switch|p2b: \u4e09\u4e0b\u5c31\u6d41\u6c34\u4e86|Urshifu-Rapid-Strike, L50, M|100/100\n|turn|4\n|inactive|sujisuji has 30 seconds left.\n|inactive|sujisuji has 20 seconds left.\n|inactive|blackred123 has 30 seconds left.\n|\n|t:|1771755042\n|switch|p1b: Garchomp|Garchomp, L50, M|100/100\n|move|p2b: \u4e09\u4e0b\u5c31\u6d41\u6c34\u4e86|Close Combat|p1b: Garchomp\n|-damage|p1b: Garchomp|32/100\n|-unboost|p2b: \u4e09\u4e0b\u5c31\u6d41\u6c34\u4e86|def|1\n|-unboost|p2b: \u4e09\u4e0b\u5c31\u6d41\u6c34\u4e86|spd|1\n|-damage|p2b: \u4e09\u4e0b\u5c31\u6d41\u6c34\u4e86|88/100|[from] ability: Rough Skin|[of] p1b: Garchomp\n|-damage|p2b: \u4e09\u4e0b\u5c31\u6d41\u6c34\u4e86|72/100|[from] item: Rocky Helmet|[of] p1b: Garchomp\n|move|p1a: Cresselia|Psychic|p2b: \u4e09\u4e0b\u5c31\u6d41\u6c34\u4e86\n|-supereffective|p2b: \u4e09\u4e0b\u5c31\u6d41\u6c34\u4e86\n|-damage|p2b: \u4e09\u4e0b\u5c31\u6d41\u6c34\u4e86|0 fnt\n|faint|p2b: \u4e09\u4e0b\u5c31\u6d41\u6c34\u4e86\n|move|p2a: \u5996\u64b8\u51a0\u4e86|Leech Seed|p1a: Cresselia\n|-start|p1a: Cresselia|move: Leech Seed\n|\n|-weather|RainDance|[upkeep]\n|-heal|p2a: \u5996\u64b8\u51a0\u4e86|24/100|[from] item: Leftovers\n|-damage|p1a: Cresselia|88/100|[from] Leech Seed|[of] p2a: \u5996\u64b8\u51a0\u4e86\n|-heal|p2a: \u5996\u64b8\u51a0\u4e86|37/100|[silent]\n|upkeep\n|\n|t:|1771755054\n|switch|p2b: \u94f6\u91d1\u7535\u86c7|Miraidon, L50, shiny|72/100\n|-activate|p2b: \u94f6\u91d1\u7535\u86c7|ability: Hadron Engine\n|turn|5\n|inactive|blackred123 has 30 seconds left.\n|inactive|sujisuji has 30 seconds left.\n|inactive|blackred123 has 20 seconds left.\n|inactive|sujisuji has 20 seconds left.\n|\n|t:|1771755095\n|switch|p1a: Kyogre|Kyogre, L50, tera:Electric|84/100\n|move|p2b: \u94f6\u91d1\u7535\u86c7|Electro Drift|p1a: Kyogre\n|-resisted|p1a: Kyogre\n|-crit|p1a: Kyogre\n|-damage|p1a: Kyogre|46/100\n|move|p1b: Garchomp|Sand Tomb|p2b: \u94f6\u91d1\u7535\u86c7\n|-supereffective|p2b: \u94f6\u91d1\u7535\u86c7\n|-damage|p2b: \u94f6\u91d1\u7535\u86c7|40/100\n|-activate|p2b: \u94f6\u91d1\u7535\u86c7|move: Sand Tomb|[of] p1b: Garchomp\n|move|p2a: \u5996\u64b8\u51a0\u4e86|Glacial Lance|p1b: Garchomp|[spread] p1a,p1b\n|-supereffective|p1b: Garchomp\n|-damage|p1a: Kyogre|3/100\n|-damage|p1b: Garchomp|0 fnt\n|faint|p1b: Garchomp\n|-ability|p2a: \u5996\u64b8\u51a0\u4e86|Chilling Neigh|boost\n|-boost|p2a: \u5996\u64b8\u51a0\u4e86|atk|1\n|\n|-weather|none\n|-heal|p2a: \u5996\u64b8\u51a0\u4e86|43/100|[from] item: Leftovers\n|-end|p2b: \u94f6\u91d1\u7535\u86c7|Sand Tomb|[partiallytrapped]|[silent]\n|-fieldend|move: Electric Terrain\n|upkeep\n|inactive|sujisuji has 30 seconds left.\n|\n|t:|1771755121\n|switch|p1b: Zamazenta|Zamazenta-Crowned, L50|100/100\n|-ability|p1b: Zamazenta|Dauntless Shield|boost\n|-boost|p1b: Zamazenta|def|1\n|turn|6\n|\n|t:|1771755137\n|-terastallize|p2a: \u5996\u64b8\u51a0\u4e86|Fairy\n|move|p2b: \u94f6\u91d1\u7535\u86c7|Electro Drift|p1a: Kyogre\n|-resisted|p1a: Kyogre\n|-damage|p1a: Kyogre|0 fnt\n|faint|p1a: Kyogre\n|move|p1b: Zamazenta|Body Press|p2b: \u94f6\u91d1\u7535\u86c7\n|-damage|p2b: \u94f6\u91d1\u7535\u86c7|0 fnt\n|faint|p2b: \u94f6\u91d1\u7535\u86c7\n|move|p2a: \u5996\u64b8\u51a0\u4e86|Leech Seed|p1b: Zamazenta\n|-start|p1b: Zamazenta|move: Leech Seed\n|\n|-heal|p2a: \u5996\u64b8\u51a0\u4e86|49/100|[from] item: Leftovers\n|-damage|p1b: Zamazenta|88/100|[from] Leech Seed|[of] p2a: \u5996\u64b8\u51a0\u4e86\n|-heal|p2a: \u5996\u64b8\u51a0\u4e86|60/100|[silent]\n|upkeep\n|\n|t:|1771755149\n|switch|p1a: Cresselia|Cresselia, L50, F|88/100\n|turn|7\n|\n|t:|1771755159\n|move|p1b: Zamazenta|Heavy Slam|p2a: \u5996\u64b8\u51a0\u4e86\n|-supereffective|p2a: \u5996\u64b8\u51a0\u4e86\n|-damage|p2a: \u5996\u64b8\u51a0\u4e86|39/100\n|move|p1a: Cresselia|Thunder Wave|p2a: \u5996\u64b8\u51a0\u4e86\n|-status|p2a: \u5996\u64b8\u51a0\u4e86|par\n|move|p2a: \u5996\u64b8\u51a0\u4e86|Leech Seed|p1a: Cresselia\n|-start|p1a: Cresselia|move: Leech Seed\n|\n|-heal|p2a: \u5996\u64b8\u51a0\u4e86|45/100 par|[from] item: Leftovers\n|-damage|p1b: Zamazenta|76/100|[from] Leech Seed|[of] p2a: \u5996\u64b8\u51a0\u4e86\n|-heal|p2a: \u5996\u64b8\u51a0\u4e86|57/100 par|[silent]\n|-damage|p1a: Cresselia|76/100|[from] Leech Seed|[of] p2a: \u5996\u64b8\u51a0\u4e86\n|-heal|p2a: \u5996\u64b8\u51a0\u4e86|70/100 par|[silent]\n|upkeep\n|turn|8\n|\n|t:|1771755178\n|move|p2a: \u5996\u64b8\u51a0\u4e86|Protect|p2a: \u5996\u64b8\u51a0\u4e86\n|-singleturn|p2a: \u5996\u64b8\u51a0\u4e86|Protect\n|move|p1b: Zamazenta|Iron Defense|p1b: Zamazenta\n|-boost|p1b: Zamazenta|def|2\n|move|p1a: Cresselia|Lunar Blessing|p1a: Cresselia|[spread] p1a,p1b\n|-heal|p1a: Cresselia|100/100\n|-heal|p1b: Zamazenta|100/100\n|\n|-heal|p2a: \u5996\u64b8\u51a0\u4e86|76/100 par|[from] item: Leftovers\n|-damage|p1b: Zamazenta|88/100|[from] Leech Seed|[of] p2a: \u5996\u64b8\u51a0\u4e86\n|-heal|p2a: \u5996\u64b8\u51a0\u4e86|87/100 par|[silent]\n|-damage|p1a: Cresselia|88/100|[from] Leech Seed|[of] p2a: \u5996\u64b8\u51a0\u4e86\n|-heal|p2a: \u5996\u64b8\u51a0\u4e86|100/100 par|[silent]\n|-sideend|p2: blackred123|move: Light Screen\n|upkeep\n|turn|9\n|\n|t:|1771755196\n|move|p1b: Zamazenta|Body Press|p2a: \u5996\u64b8\u51a0\u4e86\n|-resisted|p2a: \u5996\u64b8\u51a0\u4e86\n|-damage|p2a: \u5996\u64b8\u51a0\u4e86|67/100 par\n|move|p1a: Cresselia|Psychic|p2a: \u5996\u64b8\u51a0\u4e86\n|-damage|p2a: \u5996\u64b8\u51a0\u4e86|51/100 par\n|move|p2a: \u5996\u64b8\u51a0\u4e86|Trick Room|p2a: \u5996\u64b8\u51a0\u4e86\n|-fieldstart|move: Trick Room|[of] p2a: \u5996\u64b8\u51a0\u4e86\n|\n|-heal|p2a: \u5996\u64b8\u51a0\u4e86|57/100 par|[from] item: Leftovers\n|-damage|p1a: Cresselia|76/100|[from] Leech Seed|[of] p2a: \u5996\u64b8\u51a0\u4e86\n|-heal|p2a: \u5996\u64b8\u51a0\u4e86|71/100 par|[silent]\n|-damage|p1b: Zamazenta|76/100|[from] Leech Seed|[of] p2a: \u5996\u64b8\u51a0\u4e86\n|-heal|p2a: \u5996\u64b8\u51a0\u4e86|82/100 par|[silent]\n|upkeep\n|turn|10\n|\n|t:|1771755219\n|move|p2a: \u5996\u64b8\u51a0\u4e86|Glacial Lance|p1a: Cresselia|[spread] p1a,p1b\n|-crit|p1a: Cresselia\n|-resisted|p1b: Zamazenta\n|-damage|p1a: Cresselia|0 fnt\n|-damage|p1b: Zamazenta|69/100\n|faint|p1a: Cresselia\n|-ability|p2a: \u5996\u64b8\u51a0\u4e86|Chilling Neigh|boost\n|-boost|p2a: \u5996\u64b8\u51a0\u4e86|atk|1\n|move|p1b: Zamazenta|Iron Defense|p1b: Zamazenta\n|-boost|p1b: Zamazenta|def|2\n|\n|-heal|p2a: \u5996\u64b8\u51a0\u4e86|88/100 par|[from] item: Leftovers\n|-damage|p1b: Zamazenta|57/100|[from] Leech Seed|[of] p2a: \u5996\u64b8\u51a0\u4e86\n|-heal|p2a: \u5996\u64b8\u51a0\u4e86|99/100 par|[silent]\n|upkeep\n|turn|11\n|\n|t:|1771755237\n|cant|p2a: \u5996\u64b8\u51a0\u4e86|par\n|move|p1b: Zamazenta|Body Press|p2a: \u5996\u64b8\u51a0\u4e86\n|-resisted|p2a: \u5996\u64b8\u51a0\u4e86\n|-crit|p2a: \u5996\u64b8\u51a0\u4e86\n|-damage|p2a: \u5996\u64b8\u51a0\u4e86|28/100 par\n|\n|-heal|p2a: \u5996\u64b8\u51a0\u4e86|34/100 par|[from] item: Leftovers\n|-damage|p1b: Zamazenta|45/100|[from] Leech Seed|[of] p2a: \u5996\u64b8\u51a0\u4e86\n|-heal|p2a: \u5996\u64b8\u51a0\u4e86|45/100 par|[silent]\n|upkeep\n|turn|12\n|\n|t:|1771755255\n|move|p2a: \u5996\u64b8\u51a0\u4e86|Protect|p2a: \u5996\u64b8\u51a0\u4e86\n|-singleturn|p2a: \u5996\u64b8\u51a0\u4e86|Protect\n|move|p1b: Zamazenta|Iron Defense|p1b: Zamazenta\n|-boost|p1b: Zamazenta|def|1\n|\n|-heal|p2a: \u5996\u64b8\u51a0\u4e86|51/100 par|[from] item: Leftovers\n|-damage|p1b: Zamazenta|33/100|[from] Leech Seed|[of] p2a: \u5996\u64b8\u51a0\u4e86\n|-heal|p2a: \u5996\u64b8\u51a0\u4e86|63/100 par|[silent]\n|upkeep\n|turn|13\n|\n|t:|1771755271\n|move|p2a: \u5996\u64b8\u51a0\u4e86|Glacial Lance|p1b: Zamazenta\n|-resisted|p1b: Zamazenta\n|-damage|p1b: Zamazenta|24/100\n|move|p1b: Zamazenta|Body Press|p2a: \u5996\u64b8\u51a0\u4e86\n|-resisted|p2a: \u5996\u64b8\u51a0\u4e86\n|-damage|p2a: \u5996\u64b8\u51a0\u4e86|1/100 par\n|\n|-heal|p2a: \u5996\u64b8\u51a0\u4e86|7/100 par|[from] item: Leftovers\n|-damage|p1b: Zamazenta|12/100|[from] Leech Seed|[of] p2a: \u5996\u64b8\u51a0\u4e86\n|-heal|p2a: \u5996\u64b8\u51a0\u4e86|19/100 par|[silent]\n|-fieldend|move: Trick Room\n|upkeep\n|turn|14\n|\n|t:|1771755281\n|cant|p2a: \u5996\u64b8\u51a0\u4e86|par\n|move|p1b: Zamazenta|Body Press|p2a: \u5996\u64b8\u51a0\u4e86\n|-resisted|p2a: \u5996\u64b8\u51a0\u4e86\n|-damage|p2a: \u5996\u64b8\u51a0\u4e86|0 fnt\n|faint|p2a: \u5996\u64b8\u51a0\u4e86\n|\n|win|sujisuji\n|raw|sujisuji's rating: 1278 &rarr; <strong>1312</strong><br />(+34 for winning)\n|raw|blackred123's rating: 1407 &rarr; <strong>1380</strong><br />(-27 for losing)\n|c|\u2606sujisuji|wow\n","uploadtime":1771755295,"views":11,"formatid":"gen9vgc2026regi","rating":1312,"private":0,"password":null}