{"id":"gen9vgc2026regi-2588091557","format":"[Gen 9] VGC 2026 Reg I","players":["Harry Koekenpan","lyzark"],"log":"|j|\u2606Harry Koekenpan\n|j|\u2606lyzark\n|t:|1776603287\n|gametype|doubles\n|player|p1|Harry Koekenpan|1|1379\n|player|p2|lyzark|red|1323\n|gen|9\n|tier|[Gen 9] VGC 2026 Reg I\n|rated|\n|rule|Species Clause: Limit one of each Pok\u00e9mon\n|rule|Item Clause: Limit 1 of each item\n|clearpoke\n|poke|p1|Weezing-Galar, L50, M|\n|poke|p1|Calyrex-Shadow, L50|\n|poke|p1|Regigigas, L50|\n|poke|p1|Koraidon, L50|\n|poke|p1|Chi-Yu, L50|\n|poke|p1|Brute Bonnet, L50|\n|poke|p2|Miraidon, L50|\n|poke|p2|Calyrex-Shadow, L50|\n|poke|p2|Sneasler, L50, M|\n|poke|p2|Incineroar, L50, F|\n|poke|p2|Farigiraf, L50, M|\n|poke|p2|Whimsicott, L50, M|\n|teampreview|4\n|inactive|Battle timer is ON: inactive players will automatically lose when time's up. (requested by Harry Koekenpan)\n|inactive|lyzark has 60 seconds left.\n|\n|t:|1776603323\n|teamsize|p1|4\n|teamsize|p2|4\n|start\n|switch|p1a: Weezing|Weezing-Galar, L50, M|100/100\n|switch|p1b: Regigigas|Regigigas, L50|100/100\n|switch|p2a: Miraidon|Miraidon, L50|100/100\n|switch|p2b: Whimsicott|Whimsicott, L50, M|100/100\n|-ability|p1a: Weezing|Neutralizing Gas\n|turn|1\n|\n|t:|1776603344\n|move|p1b: Regigigas|Heavy Slam|p2b: Whimsicott\n|-supereffective|p2b: Whimsicott\n|-damage|p2b: Whimsicott|0 fnt\n|faint|p2b: Whimsicott\n|move|p2a: Miraidon|Electro Drift|p1b: Regigigas\n|-damage|p1b: Regigigas|25/100\n|move|p1a: Weezing|Poison Gas|p2a: Miraidon\n|-status|p2a: Miraidon|psn\n|\n|-damage|p2a: Miraidon|88/100 psn|[from] psn\n|upkeep\n|\n|t:|1776603358\n|switch|p2b: Sneasler|Sneasler, L50, M|100/100\n|turn|2\n|\n|t:|1776603367\n|move|p1a: Weezing|Protect|p1a: Weezing\n|-singleturn|p1a: Weezing|Protect\n|move|p1b: Regigigas|Heavy Slam|p2b: Sneasler\n|-damage|p2b: Sneasler|23/100\n|move|p2a: Miraidon|Electro Drift|p1b: Regigigas\n|-damage|p1b: Regigigas|0 fnt\n|faint|p1b: Regigigas\n|-end|p1b: Regigigas|Slow Start|[silent]\n|move|p2b: Sneasler|Gunk Shot|p1a: Weezing\n|-activate|p1a: Weezing|move: Protect\n|\n|-damage|p2a: Miraidon|75/100 psn|[from] psn\n|upkeep\n|\n|t:|1776603375\n|switch|p1b: Calyrex|Calyrex-Shadow, L50|100/100\n|-ability|p1b: Calyrex|As One\n|-ability|p1b: Calyrex|Unnerve\n|turn|3\n|\n|t:|1776603393\n|switch|p2b: Calyrex|Calyrex-Shadow, L50|100/100\n|-ability|p2b: Calyrex|As One\n|-ability|p2b: Calyrex|Unnerve\n|-terastallize|p2a: Miraidon|Fairy\n|move|p1b: Calyrex|Astral Barrage|p2b: Calyrex|[spread] p2a,p2b\n|-supereffective|p2b: Calyrex\n|-damage|p2a: Miraidon|14/100 psn\n|-enditem|p2b: Calyrex|Focus Sash\n|-damage|p2b: Calyrex|1/100\n|-damage|p1b: Calyrex|91/100|[from] item: Life Orb\n|move|p2a: Miraidon|Electro Drift|p1b: Calyrex\n|-damage|p1b: Calyrex|2/100\n|move|p1a: Weezing|Sludge Bomb|p2a: Miraidon\n|-supereffective|p2a: Miraidon\n|-damage|p2a: Miraidon|0 fnt\n|faint|p2a: Miraidon\n|\n|upkeep\n|\n|t:|1776603413\n|switch|p2a: Sneasler|Sneasler, L50, M|23/100\n|turn|4\n|\n|t:|1776603420\n|move|p1b: Calyrex|Protect|p1b: Calyrex\n|-singleturn|p1b: Calyrex|Protect\n|move|p1a: Weezing|Protect|p1a: Weezing\n|-singleturn|p1a: Weezing|Protect\n|move|p2a: Sneasler|Fake Out|p1a: Weezing\n|-activate|p1a: Weezing|move: Protect\n|move|p2b: Calyrex|Astral Barrage|p1b: Calyrex|[spread] \n|-activate|p1a: Weezing|move: Protect\n|-activate|p1b: Calyrex|move: Protect\n|\n|upkeep\n|turn|5\n|\n|t:|1776603438\n|move|p2b: Calyrex|Astral Barrage|p1a: Weezing|[spread] p1a,p1b\n|-supereffective|p1b: Calyrex\n|-damage|p1a: Weezing|53/100\n|-damage|p1b: Calyrex|0 fnt\n|faint|p1b: Calyrex\n|-ability|p2b: Calyrex|Grim Neigh|boost\n|-boost|p2b: Calyrex|spa|1\n|move|p2a: Sneasler|Gunk Shot|p1a: Weezing\n|-damage|p1a: Weezing|0 fnt\n|faint|p1a: Weezing\n|-end|p1a: Weezing|ability: Neutralizing Gas\n|\n|upkeep\n|\n|t:|1776603446\n|switch|p1b: Koraidon|Koraidon, L50|100/100\n|-weather|SunnyDay|[from] ability: Orichalcum Pulse|[of] p1b: Koraidon\n|-activate|p1b: Koraidon|Orichalcum Pulse|[source]\n|turn|6\n|\n|t:|1776603468\n|-terastallize|p1b: Koraidon|Fire\n|move|p2b: Calyrex|Psychic|p1b: Koraidon\n|-damage|p1b: Koraidon|22/100\n|move|p1b: Koraidon|Flame Charge|p2b: Calyrex\n|-damage|p2b: Calyrex|0 fnt\n|-boost|p1b: Koraidon|spe|1\n|faint|p2b: Calyrex\n|move|p2a: Sneasler|Close Combat|p1b: Koraidon\n|-crit|p1b: Koraidon\n|-damage|p1b: Koraidon|0 fnt\n|-unboost|p2a: Sneasler|def|1\n|-unboost|p2a: Sneasler|spd|1\n|faint|p1b: Koraidon\n|\n|win|lyzark\n|raw|Harry Koekenpan's rating: 1379 &rarr; <strong>1356</strong><br />(-23 for losing)\n|raw|lyzark's rating: 1323 &rarr; <strong>1346</strong><br />(+23 for winning)\n|l|\u2606Harry Koekenpan\n|player|p1|\n|l|\u2606lyzark\n|player|p2|\n","uploadtime":1776603718,"views":8,"formatid":"gen9vgc2026regi","rating":1346,"private":0,"password":null}