{"id":"gen9vgc2026regi-2586750134","format":"[Gen 9] VGC 2026 Reg I","players":["Amaroqsg","Sheeshshane925"],"log":"|j|\u2606Amaroqsg\n|j|\u2606Sheeshshane925\n|t:|1776456951\n|gametype|doubles\n|player|p1|Amaroqsg|2|1304\n|player|p2|Sheeshshane925|chuck|1595\n|gen|9\n|tier|[Gen 9] VGC 2026 Reg I\n|rated|\n|rule|Species Clause: Limit one of each Pok\u00e9mon\n|rule|Item Clause: Limit 1 of each item\n|clearpoke\n|poke|p1|Calyrex-Shadow, L50|\n|poke|p1|Tornadus, L50, M|\n|poke|p1|Chi-Yu, L50|\n|poke|p1|Skeledirge, L50, F|\n|poke|p1|Basculegion, L50, M|\n|poke|p1|Kyogre, L50|\n|poke|p2|Calyrex-Ice, L50|\n|poke|p2|Miraidon, L50|\n|poke|p2|Farigiraf, L50, F|\n|poke|p2|Iron Hands, L50|\n|poke|p2|Scraggy, L50, F|\n|poke|p2|Iron Bundle, L50|\n|teampreview|4\n|\n|t:|1776456979\n|teamsize|p1|4\n|teamsize|p2|4\n|start\n|switch|p1a: Tornadus|Tornadus, L50, M|100/100\n|switch|p1b: Kyogre|Kyogre, L50|100/100\n|switch|p2a: Miraidon|Miraidon, L50, shiny|100/100\n|switch|p2b: Iron Bundle|Iron Bundle, L50, shiny|100/100\n|-fieldstart|move: Electric Terrain|[from] ability: Hadron Engine|[of] p2a: Miraidon\n|-activate|p2b: Iron Bundle|ability: Quark Drive\n|-start|p2b: Iron Bundle|quarkdrivespe\n|-weather|RainDance|[from] ability: Drizzle|[of] p1b: Kyogre\n|turn|1\n|inactive|Battle timer is ON: inactive players will automatically lose when time's up. (requested by Sheeshshane925)\n|\n|t:|1776457000\n|move|p1a: Tornadus|Tailwind|p1a: Tornadus\n|-sidestart|p1: Amaroqsg|move: Tailwind\n|move|p2b: Iron Bundle|Icy Wind|p1a: Tornadus|[spread] p1a,p1b\n|-supereffective|p1a: Tornadus\n|-resisted|p1b: Kyogre\n|-damage|p1a: Tornadus|51/100\n|-damage|p1b: Kyogre|96/100\n|-unboost|p1a: Tornadus|spe|1\n|-unboost|p1b: Kyogre|spe|1\n|move|p1b: Kyogre|Water Spout|p2a: Miraidon|[spread] p2a,p2b\n|-resisted|p2a: Miraidon\n|-resisted|p2b: Iron Bundle\n|-damage|p2a: Miraidon|64/100\n|-enditem|p2b: Iron Bundle|Focus Sash\n|-damage|p2b: Iron Bundle|1/100\n|move|p2a: Miraidon|Dazzling Gleam|p1b: Kyogre|[spread] p1a,p1b\n|-crit|p1a: Tornadus\n|-damage|p1a: Tornadus|0 fnt\n|-damage|p1b: Kyogre|77/100\n|faint|p1a: Tornadus\n|-damage|p2a: Miraidon|55/100|[from] item: Life Orb\n|\n|-weather|RainDance|[upkeep]\n|upkeep\n|\n|t:|1776457022\n|switch|p1a: Chi-Yu|Chi-Yu, L50|100/100\n|-ability|p1a: Chi-Yu|Beads of Ruin\n|turn|2\n|\n|t:|1776457037\n|move|p1a: Chi-Yu|Snarl|p2b: Iron Bundle|[spread] p2a,p2b\n|-damage|p2a: Miraidon|33/100\n|-damage|p2b: Iron Bundle|0 fnt\n|-unboost|p2a: Miraidon|spa|1\n|faint|p2b: Iron Bundle\n|-end|p2b: Iron Bundle|Quark Drive|[silent]\n|move|p1b: Kyogre|Ice Beam|p2a: Miraidon\n|-supereffective|p2a: Miraidon\n|-damage|p2a: Miraidon|0 fnt\n|faint|p2a: Miraidon\n|\n|-weather|RainDance|[upkeep]\n|upkeep\n|\n|t:|1776457040\n|switch|p2b: Iron Hands|Iron Hands, L50|100/100\n|switch|p2a: Calyrex|Calyrex-Ice, L50|100/100\n|-ability|p2a: Calyrex|As One\n|-ability|p2a: Calyrex|Unnerve\n|-activate|p2b: Iron Hands|ability: Quark Drive\n|-start|p2b: Iron Hands|quarkdriveatk\n|turn|3\n|\n|t:|1776457062\n|-terastallize|p2a: Calyrex|Fire\n|move|p2b: Iron Hands|Fake Out|p1b: Kyogre\n|-damage|p1b: Kyogre|57/100\n|move|p1a: Chi-Yu|Snarl|p2b: Iron Hands|[spread] p2a,p2b\n|-resisted|p2b: Iron Hands\n|-damage|p2a: Calyrex|80/100\n|-damage|p2b: Iron Hands|93/100\n|-unboost|p2b: Iron Hands|spa|1\n|cant|p1b: Kyogre|flinch\n|move|p2a: Calyrex|Trick Room|p2a: Calyrex\n|-fieldstart|move: Trick Room|[of] p2a: Calyrex\n|\n|-weather|RainDance|[upkeep]\n|upkeep\n|turn|4\n|\n|t:|1776457078\n|move|p2a: Calyrex|Glacial Lance|p1a: Chi-Yu|[spread] p1a,p1b\n|-resisted|p1a: Chi-Yu\n|-resisted|p1b: Kyogre\n|-damage|p1a: Chi-Yu|54/100\n|-damage|p1b: Kyogre|27/100\n|move|p2b: Iron Hands|Wild Charge|p1b: Kyogre\n|-supereffective|p1b: Kyogre\n|-damage|p1b: Kyogre|0 fnt\n|faint|p1b: Kyogre\n|-damage|p2b: Iron Hands|88/100|[from] Recoil\n|move|p1a: Chi-Yu|Snarl|p2b: Iron Hands|[spread] p2a,p2b\n|-resisted|p2b: Iron Hands\n|-damage|p2a: Calyrex|61/100\n|-damage|p2b: Iron Hands|80/100\n|-unboost|p2b: Iron Hands|spa|1\n|\n|-weather|RainDance|[upkeep]\n|-sideend|p1: Amaroqsg|move: Tailwind\n|upkeep\n|\n|t:|1776457098\n|switch|p1b: Calyrex|Calyrex-Shadow, L50|100/100\n|-ability|p1b: Calyrex|As One\n|-ability|p1b: Calyrex|Unnerve\n|turn|5\n|\n|t:|1776457123\n|-terastallize|p1b: Calyrex|Fighting\n|move|p2a: Calyrex|Glacial Lance|p1a: Chi-Yu|[spread] p1a,p1b\n|-resisted|p1a: Chi-Yu\n|-damage|p1a: Chi-Yu|1/100\n|-damage|p1b: Calyrex|30/100\n|move|p2b: Iron Hands|Wild Charge|p1b: Calyrex\n|-damage|p1b: Calyrex|0 fnt\n|faint|p1b: Calyrex\n|-damage|p2b: Iron Hands|74/100|[from] Recoil\n|move|p1a: Chi-Yu|Snarl|p2b: Iron Hands|[spread] p2a,p2b\n|-resisted|p2b: Iron Hands\n|-damage|p2a: Calyrex|41/100\n|-damage|p2b: Iron Hands|67/100\n|-unboost|p2b: Iron Hands|spa|1\n|\n|-weather|none\n|-fieldend|move: Electric Terrain\n|-end|p2b: Iron Hands|Quark Drive\n|upkeep\n|turn|6\n|\n|t:|1776457141\n|move|p2b: Iron Hands|Wild Charge|p1a: Chi-Yu\n|-damage|p1a: Chi-Yu|0 fnt\n|faint|p1a: Chi-Yu\n|-damage|p2b: Iron Hands|66/100|[from] Recoil\n|\n|win|Sheeshshane925\n|raw|Amaroqsg's rating: 1304 &rarr; <strong>1298</strong><br />(-6 for losing)\n|raw|Sheeshshane925's rating: 1595 &rarr; <strong>1601</strong><br />(+6 for winning)\n|l|\u2606Amaroqsg\n|player|p1|\n|l|\u2606Sheeshshane925\n|player|p2|\n","uploadtime":1776457391,"views":11,"formatid":"gen9vgc2026regi","rating":1298,"private":0,"password":null}