{"id":"gen9vgc2026regi-2559656559","format":"[Gen 9] VGC 2026 Reg I","players":["Raging Sol","shecallmedada"],"log":"|j|\u2606Raging Sol\n|j|\u2606shecallmedada\n|t:|1773596661\n|gametype|doubles\n|player|p1|Raging Sol|2|1203\n|player|p2|shecallmedada|burglar-gen1rb|1123\n|gen|9\n|tier|[Gen 9] VGC 2026 Reg I\n|rated|\n|rule|Species Clause: Limit one of each Pok\u00e9mon\n|rule|Item Clause: Limit 1 of each item\n|clearpoke\n|poke|p1|Amoonguss, L50, F|\n|poke|p1|Kyogre, L50|\n|poke|p1|Calyrex-Ice, L50|\n|poke|p1|Regieleki, L50|\n|poke|p1|Landorus, L50, M|\n|poke|p1|Rillaboom, L50, M|\n|poke|p2|Koraidon, L50|\n|poke|p2|Miraidon, L50|\n|poke|p2|Flutter Mane, L50|\n|poke|p2|Ogerpon-Cornerstone, L50, F|\n|poke|p2|Incineroar, L50, M|\n|poke|p2|Toxapex, L50, F|\n|teampreview|4\n|inactive|Battle timer is ON: inactive players will automatically lose when time's up. (requested by Raging Sol)\n|inactive|shecallmedada has 60 seconds left.\n|inactive|shecallmedada has 30 seconds left.\n|inactive|shecallmedada has 20 seconds left.\n|\n|t:|1773596732\n|teamsize|p1|4\n|teamsize|p2|4\n|start\n|switch|p1a: Regieleki|Regieleki, L50|100/100\n|switch|p1b: Calyrex|Calyrex-Ice, L50|100/100\n|switch|p2a: Fatbike|Miraidon, L50|100/100\n|switch|p2b: Flintmobile|Koraidon, L50|100/100\n|-ability|p1b: Calyrex|As One\n|-ability|p1b: Calyrex|Unnerve\n|-fieldstart|move: Electric Terrain|[from] ability: Hadron Engine|[of] p2a: Fatbike\n|-enditem|p2b: Flintmobile|Electric Seed\n|-boost|p2b: Flintmobile|def|1|[from] item: Electric Seed\n|-weather|SunnyDay|[from] ability: Orichalcum Pulse|[of] p2b: Flintmobile\n|-activate|p2b: Flintmobile|Orichalcum Pulse|[source]\n|turn|1\n|inactive|shecallmedada has 30 seconds left.\n|inactive|shecallmedada has 20 seconds left.\n|inactive|shecallmedada has 15 seconds left.\n|\n|t:|1773596776\n|move|p1b: Calyrex|Protect|p1b: Calyrex\n|-singleturn|p1b: Calyrex|Protect\n|move|p1a: Regieleki|Eerie Impulse|p2a: Fatbike\n|-unboost|p2a: Fatbike|spa|2\n|move|p2a: Fatbike|Volt Switch|p1a: Regieleki\n|-resisted|p1a: Regieleki\n|-damage|p1a: Regieleki|71/100\n|\n|t:|1773596801\n|switch|p2a: PivotPurpleWatrPex|Toxapex, L50, F|100/100|[from] Volt Switch\n|move|p2b: Flintmobile|Body Press|p1a: Regieleki\n|-damage|p1a: Regieleki|0 fnt\n|faint|p1a: Regieleki\n|\n|-weather|SunnyDay|[upkeep]\n|upkeep\n|\n|t:|1773596808\n|switch|p1a: Kyogre|Kyogre, L50, shiny|100/100\n|-weather|RainDance|[from] ability: Drizzle|[of] p1a: Kyogre\n|turn|2\n|inactive|shecallmedada has 30 seconds left.\n|inactive|shecallmedada has 20 seconds left.\n|inactive|shecallmedada has 15 seconds left.\n|\n|t:|1773596849\n|move|p1a: Kyogre|Protect|p1a: Kyogre\n|-singleturn|p1a: Kyogre|Protect\n|move|p2b: Flintmobile|Body Press|p1a: Kyogre\n|-activate|p1a: Kyogre|move: Protect\n|move|p2a: PivotPurpleWatrPex|Toxic|p1b: Calyrex\n|-status|p1b: Calyrex|tox\n|move|p1b: Calyrex|Trick Room|p1b: Calyrex\n|-fieldstart|move: Trick Room|[of] p1b: Calyrex\n|\n|-weather|RainDance|[upkeep]\n|-damage|p1b: Calyrex|95/100 tox|[from] psn\n|upkeep\n|turn|3\n|inactive|shecallmedada has 30 seconds left.\n|\n|t:|1773596877\n|move|p2a: PivotPurpleWatrPex|Toxic|p1a: Kyogre\n|-status|p1a: Kyogre|tox\n|move|p1b: Calyrex|High Horsepower|p2a: PivotPurpleWatrPex\n|-supereffective|p2a: PivotPurpleWatrPex\n|-damage|p2a: PivotPurpleWatrPex|42/100\n|-damage|p1b: Calyrex|78/100 tox|[from] item: Rocky Helmet|[of] p2a: PivotPurpleWatrPex\n|move|p1a: Kyogre|Water Spout|p2b: Flintmobile|[spread] p2a,p2b\n|-resisted|p2a: PivotPurpleWatrPex\n|-resisted|p2b: Flintmobile\n|-damage|p2a: PivotPurpleWatrPex|0 fnt\n|-damage|p2b: Flintmobile|44/100\n|faint|p2a: PivotPurpleWatrPex\n|move|p2b: Flintmobile|Body Press|p1a: Kyogre\n|-damage|p1a: Kyogre|29/100 tox\n|\n|-weather|RainDance|[upkeep]\n|-damage|p1b: Calyrex|67/100 tox|[from] psn\n|-damage|p1a: Kyogre|23/100 tox|[from] psn\n|upkeep\n|\n|t:|1773596894\n|switch|p2a: 3.1415926534|Flutter Mane, L50|100/100\n|turn|4\n|\n|t:|1773596911\n|move|p2b: Flintmobile|Protect|p2b: Flintmobile\n|-singleturn|p2b: Flintmobile|Protect\n|move|p2a: 3.1415926534|Protect|p2a: 3.1415926534\n|-singleturn|p2a: 3.1415926534|Protect\n|move|p1b: Calyrex|Glacial Lance|p2a: 3.1415926534|[spread] \n|-activate|p2a: 3.1415926534|move: Protect\n|-activate|p2b: Flintmobile|move: Protect\n|move|p1a: Kyogre|Origin Pulse|p2a: 3.1415926534|[spread] \n|-activate|p2a: 3.1415926534|move: Protect\n|-activate|p2b: Flintmobile|move: Protect\n|\n|-weather|RainDance|[upkeep]\n|-damage|p1b: Calyrex|49/100 tox|[from] psn\n|-damage|p1a: Kyogre|11/100 tox|[from] psn\n|upkeep\n|turn|5\n|inactive|shecallmedada has 30 seconds left.\n|\n|t:|1773596938\n|switch|p2b: Fatbike|Miraidon, L50|100/100\n|-activate|p2b: Fatbike|ability: Hadron Engine\n|move|p1b: Calyrex|Glacial Lance|p2a: 3.1415926534|[spread] p2a,p2b\n|-crit|p2a: 3.1415926534\n|-supereffective|p2b: Fatbike\n|-enditem|p2a: 3.1415926534|Focus Sash\n|-damage|p2a: 3.1415926534|1/100\n|-damage|p2b: Fatbike|0 fnt\n|faint|p2b: Fatbike\n|-ability|p1b: Calyrex|Chilling Neigh|boost\n|-boost|p1b: Calyrex|atk|1\n|move|p1a: Kyogre|Origin Pulse|p2a: 3.1415926534|[miss]\n|-miss|p1a: Kyogre|p2a: 3.1415926534\n|move|p2a: 3.1415926534|Shadow Ball|p1b: Calyrex\n|-supereffective|p1b: Calyrex\n|-damage|p1b: Calyrex|0 fnt\n|faint|p1b: Calyrex\n|\n|-weather|RainDance|[upkeep]\n|-damage|p1a: Kyogre|0 fnt|[from] psn\n|faint|p1a: Kyogre\n|-fieldend|move: Electric Terrain\n|upkeep\n|\n|t:|1773596953\n|switch|p1b: Rillaboom|Rillaboom, L50, M|100/100\n|switch|p2b: Flintmobile|Koraidon, L50|44/100\n|-fieldstart|move: Grassy Terrain|[from] ability: Grassy Surge|[of] p1b: Rillaboom\n|-weather|SunnyDay|[from] ability: Orichalcum Pulse|[of] p2b: Flintmobile\n|-activate|p2a: 3.1415926534|ability: Protosynthesis\n|-start|p2a: 3.1415926534|protosynthesisspe\n|-activate|p2b: Flintmobile|Orichalcum Pulse|[source]\n|turn|6\n|\n|t:|1773596959\n|-terastallize|p1b: Rillaboom|Fire\n|move|p2b: Flintmobile|Protect|p2b: Flintmobile\n|-singleturn|p2b: Flintmobile|Protect\n|move|p2a: 3.1415926534|Protect|p2a: 3.1415926534\n|-singleturn|p2a: 3.1415926534|Protect\n|move|p1b: Rillaboom|Grassy Glide|p2a: 3.1415926534\n|-activate|p2a: 3.1415926534|move: Protect\n|\n|-weather|SunnyDay|[upkeep]\n|-heal|p2b: Flintmobile|50/100|[from] Grassy Terrain\n|-heal|p2a: 3.1415926534|7/100|[from] Grassy Terrain\n|-fieldend|move: Trick Room\n|upkeep\n|turn|7\n|\n|t:|1773596968\n|move|p1b: Rillaboom|Grassy Glide|p2a: 3.1415926534\n|-damage|p2a: 3.1415926534|0 fnt\n|faint|p2a: 3.1415926534\n|-end|p2a: 3.1415926534|Protosynthesis|[silent]\n|move|p2b: Flintmobile|Body Press|p1b: Rillaboom\n|-damage|p1b: Rillaboom|52/100\n|\n|-weather|SunnyDay|[upkeep]\n|-heal|p2b: Flintmobile|56/100|[from] Grassy Terrain\n|-heal|p1b: Rillaboom|58/100|[from] Grassy Terrain\n|upkeep\n|turn|8\n|\n|t:|1773596976\n|move|p2b: Flintmobile|Protect|p2b: Flintmobile\n|-singleturn|p2b: Flintmobile|Protect\n|move|p1b: Rillaboom|Wood Hammer|p2b: Flintmobile\n|-activate|p2b: Flintmobile|move: Protect\n|\n|-weather|SunnyDay|[upkeep]\n|-heal|p2b: Flintmobile|62/100|[from] Grassy Terrain\n|-heal|p1b: Rillaboom|64/100|[from] Grassy Terrain\n|upkeep\n|turn|9\n|\n|t:|1773596980\n|move|p2b: Flintmobile|Body Press|p1b: Rillaboom\n|-damage|p1b: Rillaboom|16/100\n|move|p1b: Rillaboom|Wood Hammer|p2b: Flintmobile\n|-resisted|p2b: Flintmobile\n|-damage|p2b: Flintmobile|39/100\n|-damage|p1b: Rillaboom|8/100|[from] Recoil\n|\n|-weather|SunnyDay|[upkeep]\n|-heal|p2b: Flintmobile|45/100|[from] Grassy Terrain\n|-heal|p1b: Rillaboom|14/100|[from] Grassy Terrain\n|upkeep\n|turn|10\n|\n|t:|1773596988\n|move|p1b: Rillaboom|Grassy Glide|p2b: Flintmobile\n|-resisted|p2b: Flintmobile\n|-crit|p2b: Flintmobile\n|-damage|p2b: Flintmobile|29/100\n|move|p2b: Flintmobile|Body Press|p1b: Rillaboom\n|-damage|p1b: Rillaboom|0 fnt\n|faint|p1b: Rillaboom\n|\n|win|shecallmedada\n|raw|Raging Sol's rating: 1203 &rarr; <strong>1172</strong><br />(-31 for losing)\n|raw|shecallmedada's rating: 1123 &rarr; <strong>1154</strong><br />(+31 for winning)\n|l|\u2606Raging Sol\n|player|p1|\n|l|\u2606shecallmedada\n|player|p2|\n","uploadtime":1773597211,"views":10,"formatid":"gen9vgc2026regi","rating":1154,"private":0,"password":null}