{"id":"gen9vgc2026regi-2580179029","format":"[Gen 9] VGC 2026 Reg I","players":["Hugo22222","datbishgames"],"log":"|j|\u2606Hugo22222\n|j|\u2606datbishgames\n|t:|1775862086\n|gametype|doubles\n|player|p1|Hugo22222|hilbert|1485\n|player|p2|datbishgames|mira|1533\n|gen|9\n|tier|[Gen 9] VGC 2026 Reg I\n|rated|\n|rule|Species Clause: Limit one of each Pok\u00e9mon\n|rule|Item Clause: Limit 1 of each item\n|clearpoke\n|poke|p1|Whimsicott, L50, F|\n|poke|p1|Calyrex-Shadow, L50|\n|poke|p1|Zamazenta-*, L50|\n|poke|p1|Ogerpon-Cornerstone, L50, F|\n|poke|p1|Raging Bolt, L50|\n|poke|p1|Urshifu-*, L50, F|\n|poke|p2|Dialga-Origin, L50|\n|poke|p2|Ho-Oh, L50|\n|poke|p2|Rotom-Wash, L50|\n|poke|p2|Amoonguss, L50, M|\n|poke|p2|Ursaluna, L50, M|\n|poke|p2|Zoroark-Hisui, L50, M|\n|teampreview|4\n|inactive|Battle timer is ON: inactive players will automatically lose when time's up. (requested by datbishgames)\n|inactive|Hugo22222 has 60 seconds left.\n|\n|t:|1775862145\n|teamsize|p1|4\n|teamsize|p2|4\n|start\n|switch|p1a: Urshifu|Urshifu-Rapid-Strike, L50, F|100/100\n|switch|p1b: Calyrex|Calyrex-Shadow, L50|100/100\n|switch|p2a: Dialga|Dialga-Origin, L50|100/100\n|switch|p2b: Ho-Oh|Ho-Oh, L50|100/100\n|-ability|p1b: Calyrex|As One\n|-ability|p1b: Calyrex|Unnerve\n|turn|1\n|inactive|Hugo22222 has 30 seconds left.\n|\n|t:|1775862180\n|-terastallize|p2b: Ho-Oh|Grass\n|move|p1b: Calyrex|Astral Barrage|p2b: Ho-Oh|[spread] p2b\n|-immune|p2a: Dialga\n|-damage|p2b: Ho-Oh|66/100\n|move|p2a: Dialga|Will-O-Wisp|p1a: Urshifu\n|-status|p1a: Urshifu|brn\n|move|p1a: Urshifu|Surging Strikes|p2b: Ho-Oh\n|-resisted|p2b: Ho-Oh\n|-crit|p2b: Ho-Oh\n|-damage|p2b: Ho-Oh|61/100\n|-resisted|p2b: Ho-Oh\n|-crit|p2b: Ho-Oh\n|-damage|p2b: Ho-Oh|55/100\n|-resisted|p2b: Ho-Oh\n|-crit|p2b: Ho-Oh\n|-damage|p2b: Ho-Oh|49/100\n|-hitcount|p2b: Ho-Oh|3\n|move|p2b: Ho-Oh|Tailwind|p2b: Ho-Oh\n|-sidestart|p2: datbishgames|move: Tailwind\n|\n|-damage|p1a: Urshifu|94/100 brn|[from] brn\n|upkeep\n|turn|2\n|inactive|Hugo22222 has 30 seconds left.\n|\n|t:|1775862212\n|move|p1b: Calyrex|Protect|p1b: Calyrex\n|-singleturn|p1b: Calyrex|Protect\n|move|p2a: Dialga|Bitter Malice|p1b: Calyrex\n|-activate|p1b: Calyrex|move: Protect\n|move|p2b: Ho-Oh|Brave Bird|p1a: Urshifu\n|-supereffective|p1a: Urshifu\n|-damage|p1a: Urshifu|0 fnt\n|faint|p1a: Urshifu\n|-damage|p2b: Ho-Oh|23/100|[from] Recoil\n|\n|upkeep\n|inactive|Hugo22222 has 30 seconds left.\n|inactive|Hugo22222 has 20 seconds left.\n|\n|t:|1775862248\n|switch|p1a: Ogerpon|Ogerpon-Cornerstone, L50, F|100/100\n|turn|3\n|\n|t:|1775862263\n|switch|p2b: Ursaluna|Ursaluna, L50, M|100/100\n|move|p2a: Dialga|Icy Wind|p1b: Calyrex|[spread] p1a,p1b\n|-supereffective|p1a: Ogerpon\n|-damage|p1a: Ogerpon|67/100\n|-damage|p1b: Calyrex|87/100\n|-unboost|p1a: Ogerpon|spe|1\n|-unboost|p1b: Calyrex|spe|1\n|move|p1b: Calyrex|Astral Barrage|p2a: Dialga|[spread] \n|-immune|p2a: Dialga\n|-immune|p2b: Ursaluna\n|move|p1a: Ogerpon|Ivy Cudgel|p2a: Dialga|[anim] Ivy Cudgel Rock\n|-enditem|p2a: Dialga|Focus Sash\n|-damage|p2a: Dialga|1/100\n|replace|p2a: Zoroark|Zoroark-Hisui, L50, M\n|-end|p2a: Zoroark|Illusion\n|\n|-status|p2b: Ursaluna|brn|[from] item: Flame Orb\n|upkeep\n|turn|4\n|inactive|Hugo22222 has 30 seconds left.\n|\n|t:|1775862296\n|move|p1b: Calyrex|Protect|p1b: Calyrex\n|-singleturn|p1b: Calyrex|Protect\n|move|p2a: Zoroark|Icy Wind|p1a: Ogerpon|[spread] p1a\n|-activate|p1b: Calyrex|move: Protect\n|-supereffective|p1a: Ogerpon\n|-damage|p1a: Ogerpon|40/100\n|-unboost|p1a: Ogerpon|spe|1\n|move|p2b: Ursaluna|Earthquake|p1b: Calyrex|[spread] p2a,p1a\n|-activate|p1b: Calyrex|move: Protect\n|-damage|p2a: Zoroark|0 fnt\n|-damage|p1a: Ogerpon|0 fnt\n|faint|p2a: Zoroark\n|faint|p1a: Ogerpon\n|\n|-damage|p2b: Ursaluna|95/100 brn|[from] brn\n|-sideend|p2: datbishgames|move: Tailwind\n|upkeep\n|\n|t:|1775862313\n|switch|p2a: Ho-Oh|Ho-Oh, L50, tera:Grass|56/100\n|switch|p1a: Zamazenta|Zamazenta-Crowned, L50, shiny|100/100\n|-ability|p1a: Zamazenta|Dauntless Shield|boost\n|-boost|p1a: Zamazenta|def|1\n|turn|5\n|\n|t:|1775862336\n|move|p1a: Zamazenta|Body Press|p2a: Ho-Oh\n|-damage|p2a: Ho-Oh|0 fnt\n|faint|p2a: Ho-Oh\n|move|p1b: Calyrex|Psychic|p2b: Ursaluna\n|-damage|p2b: Ursaluna|41/100 brn\n|move|p2b: Ursaluna|Earthquake|p1b: Calyrex|[spread] p1a,p1b\n|-supereffective|p1a: Zamazenta\n|-damage|p1a: Zamazenta|57/100\n|-damage|p1b: Calyrex|23/100\n|\n|-damage|p2b: Ursaluna|36/100 brn|[from] brn\n|upkeep\n|\n|t:|1775862346\n|switch|p2a: Dialga|Dialga-Origin, L50|100/100\n|turn|6\n|\n|t:|1775862367\n|-terastallize|p1a: Zamazenta|Dragon\n|move|p1a: Zamazenta|Body Press|p2a: Dialga\n|-supereffective|p2a: Dialga\n|-damage|p2a: Dialga|7/100\n|move|p1b: Calyrex|Psychic|p2b: Ursaluna\n|-damage|p2b: Ursaluna|0 fnt\n|faint|p2b: Ursaluna\n|-ability|p1b: Calyrex|Grim Neigh|boost\n|-boost|p1b: Calyrex|spa|1\n|move|p2a: Dialga|Trick Room|p2a: Dialga\n|-fieldstart|move: Trick Room|[of] p2a: Dialga\n|\n|upkeep\n|turn|7\n|\n|t:|1775862384\n|move|p2a: Dialga|Draco Meteor|p1a: Zamazenta\n|-supereffective|p1a: Zamazenta\n|-damage|p1a: Zamazenta|0 fnt\n|-unboost|p2a: Dialga|spa|2\n|faint|p1a: Zamazenta\n|move|p1b: Calyrex|Psychic|p2a: Dialga\n|-resisted|p2a: Dialga\n|-damage|p2a: Dialga|0 fnt\n|faint|p2a: Dialga\n|\n|win|Hugo22222\n|raw|Hugo22222's rating: 1485 &rarr; <strong>1508</strong><br />(+23 for winning)\n|raw|datbishgames's rating: 1533 &rarr; <strong>1510</strong><br />(-23 for losing)\n|l|\u2606datbishgames\n|player|p2|\n|l|\u2606Hugo22222\n|player|p1|\n","uploadtime":1775862585,"views":11,"formatid":"gen9vgc2026regi","rating":1508,"private":0,"password":null}