{"id":"gen9vgc2026regi-2531766144","format":"[Gen 9] VGC 2026 Reg I","players":["dodgemeifyoucan","lalo's pollos"],"log":"|j|\u2606dodgemeifyoucan\n|j|\u2606lalo's pollos\n|t:|1770094877\n|gametype|doubles\n|player|p1|dodgemeifyoucan|steven|1248\n|player|p2|lalo's pollos|2|1352\n|gen|9\n|tier|[Gen 9] VGC 2026 Reg I\n|rated|\n|rule|Species Clause: Limit one of each Pok\u00e9mon\n|rule|Item Clause: Limit 1 of each item\n|clearpoke\n|poke|p1|Urshifu-*, L50, M|\n|poke|p1|Whimsicott, L50, M|\n|poke|p1|Calyrex-Shadow, L50|\n|poke|p1|Zamazenta-*, L50|\n|poke|p1|Incineroar, L50, M|\n|poke|p1|Ursaluna-Bloodmoon, L50, M|\n|poke|p2|Zamazenta-*, L50|\n|poke|p2|Lunala, L50|\n|poke|p2|Rillaboom, L50, M|\n|poke|p2|Incineroar, L50, M|\n|poke|p2|Urshifu-*, L50, M|\n|poke|p2|Tornadus, L50, M|\n|teampreview|4\n|\n|t:|1770094903\n|teamsize|p1|4\n|teamsize|p2|4\n|start\n|switch|p1a: Incineroar|Incineroar, L50, M|100/100\n|switch|p1b: Zamazenta|Zamazenta-Crowned, L50|100/100\n|switch|p2a: Zamazenta|Zamazenta-Crowned, L50|100/100\n|switch|p2b: Tornadus|Tornadus, L50, M|100/100\n|-ability|p1b: Zamazenta|Dauntless Shield|boost\n|-boost|p1b: Zamazenta|def|1\n|-ability|p2a: Zamazenta|Dauntless Shield|boost\n|-boost|p2a: Zamazenta|def|1\n|-ability|p1a: Incineroar|Intimidate|boost\n|-unboost|p2a: Zamazenta|atk|1\n|-unboost|p2b: Tornadus|atk|1\n|turn|1\n|\n|t:|1770094918\n|move|p1a: Incineroar|Fake Out|p2a: Zamazenta\n|-resisted|p2a: Zamazenta\n|-damage|p2a: Zamazenta|98/100\n|move|p1b: Zamazenta|Body Press|p2a: Zamazenta\n|-supereffective|p2a: Zamazenta\n|-damage|p2a: Zamazenta|56/100\n|move|p2b: Tornadus|Bleakwind Storm|p1a: Incineroar|[spread] p1b\n|-miss|p2b: Tornadus|p1a: Incineroar\n|-damage|p1b: Zamazenta|74/100\n|cant|p2a: Zamazenta|flinch\n|\n|upkeep\n|turn|2\n|\n|t:|1770094951\n|switch|p1a: Calyrex|Calyrex-Shadow, L50|100/100\n|-ability|p1a: Calyrex|As One\n|-ability|p1a: Calyrex|Unnerve\n|move|p2a: Zamazenta|Protect|p2a: Zamazenta\n|-singleturn|p2a: Zamazenta|Protect\n|move|p1b: Zamazenta|Body Press|p2a: Zamazenta\n|-activate|p2a: Zamazenta|move: Protect\n|move|p2b: Tornadus|Bleakwind Storm|p1a: Calyrex|[spread] p1a,p1b\n|-damage|p1a: Calyrex|66/100\n|-damage|p1b: Zamazenta|48/100\n|\n|upkeep\n|turn|3\n|\n|t:|1770094972\n|switch|p1a: Incineroar|Incineroar, L50, M|100/100\n|-ability|p1a: Incineroar|Intimidate|boost\n|-unboost|p2a: Zamazenta|atk|1\n|-unboost|p2b: Tornadus|atk|1\n|move|p2b: Tornadus|Tailwind|p2b: Tornadus\n|-sidestart|p2: lalo's pollos|move: Tailwind\n|move|p2a: Zamazenta|Heavy Slam|p1a: Incineroar\n|-resisted|p1a: Incineroar\n|-damage|p1a: Incineroar|89/100\n|move|p1b: Zamazenta|Body Press|p2a: Zamazenta\n|-supereffective|p2a: Zamazenta\n|-damage|p2a: Zamazenta|16/100\n|\n|upkeep\n|turn|4\n|\n|t:|1770095007\n|move|p2a: Zamazenta|Protect|p2a: Zamazenta\n|-singleturn|p2a: Zamazenta|Protect\n|move|p2b: Tornadus|Bleakwind Storm|p1a: Incineroar|[spread] p1a\n|-miss|p2b: Tornadus|p1b: Zamazenta\n|-damage|p1a: Incineroar|70/100\n|move|p1b: Zamazenta|Body Press|p2b: Tornadus\n|-resisted|p2b: Tornadus\n|-damage|p2b: Tornadus|58/100\n|move|p1a: Incineroar|Knock Off|p2b: Tornadus\n|-damage|p2b: Tornadus|0 fnt\n|-enditem|p2b: Tornadus|Focus Sash|[from] move: Knock Off|[of] p1a: Incineroar\n|faint|p2b: Tornadus\n|\n|upkeep\n|\n|t:|1770095019\n|switch|p2b: Urshifu|Urshifu-Rapid-Strike, L50, M|100/100\n|turn|5\n|\n|t:|1770095038\n|switch|p1a: Calyrex|Calyrex-Shadow, L50|66/100\n|-ability|p1a: Calyrex|As One\n|-ability|p1a: Calyrex|Unnerve\n|move|p2a: Zamazenta|Body Press|p1b: Zamazenta\n|-supereffective|p1b: Zamazenta\n|-crit|p1b: Zamazenta\n|-damage|p1b: Zamazenta|0 fnt\n|faint|p1b: Zamazenta\n|move|p2b: Urshifu|Surging Strikes|p1a: Calyrex\n|-crit|p1a: Calyrex\n|-damage|p1a: Calyrex|31/100\n|-crit|p1a: Calyrex\n|-damage|p1a: Calyrex|0 fnt\n|faint|p1a: Calyrex\n|-hitcount|p1: Calyrex|2\n|\n|upkeep\n|\n|t:|1770095050\n|switch|p1a: Incineroar|Incineroar, L50, M|70/100\n|switch|p1b: Ursaluna|Ursaluna-Bloodmoon, L50, M|100/100\n|-ability|p1a: Incineroar|Intimidate|boost\n|-unboost|p2a: Zamazenta|atk|1\n|-unboost|p2b: Urshifu|atk|1\n|turn|6\n|\n|t:|1770095070\n|-terastallize|p1b: Ursaluna|Normal\n|move|p2a: Zamazenta|Protect|p2a: Zamazenta\n|-singleturn|p2a: Zamazenta|Protect\n|move|p2b: Urshifu|Detect|p2b: Urshifu\n|-singleturn|p2b: Urshifu|Protect\n|move|p1a: Incineroar|Fake Out|p2b: Urshifu\n|-activate|p2b: Urshifu|move: Protect\n|move|p1b: Ursaluna|Hyper Voice|p2b: Urshifu|[spread] \n|-activate|p2a: Zamazenta|move: Protect\n|-activate|p2b: Urshifu|move: Protect\n|\n|-sideend|p2: lalo's pollos|move: Tailwind\n|upkeep\n|turn|7\n|\n|t:|1770095093\n|move|p1b: Ursaluna|Protect|p1b: Ursaluna\n|-singleturn|p1b: Ursaluna|Protect\n|move|p2a: Zamazenta|Body Press|p1b: Ursaluna\n|-activate|p1b: Ursaluna|move: Protect\n|move|p2b: Urshifu|Surging Strikes|p1a: Incineroar\n|-supereffective|p1a: Incineroar\n|-crit|p1a: Incineroar\n|-damage|p1a: Incineroar|22/100\n|-supereffective|p1a: Incineroar\n|-crit|p1a: Incineroar\n|-damage|p1a: Incineroar|0 fnt\n|faint|p1a: Incineroar\n|-hitcount|p1: Incineroar|2\n|\n|upkeep\n|turn|8\n|-message|dodgemeifyoucan forfeited.\n|\n|win|lalo's pollos\n|raw|dodgemeifyoucan's rating: 1248 &rarr; <strong>1230</strong><br />(-18 for losing)\n|raw|lalo&apos;s pollos's rating: 1352 &rarr; <strong>1366</strong><br />(+14 for winning)\n|c|\u2606dodgemeifyoucan|GGs\n|c|\u2606lalo's pollos|gg\n|l|\u2606dodgemeifyoucan\n|player|p1|\n","uploadtime":1770095356,"views":14,"formatid":"gen9vgc2026regi","rating":1230,"private":0,"password":null}