{"id":"gen9vgc2026regi-2517036846","format":"[Gen 9] VGC 2026 Reg I","players":["VJ2511","Troubledsome"],"log":"|j|\u2606VJ2511\n|j|\u2606Troubledsome\n|t:|1768220845\n|gametype|doubles\n|player|p1|VJ2511|red-masters3|1296\n|player|p2|Troubledsome|drayton|1218\n|gen|9\n|tier|[Gen 9] VGC 2026 Reg I\n|rated|\n|rule|Species Clause: Limit one of each Pok\u00e9mon\n|rule|Item Clause: Limit 1 of each item\n|clearpoke\n|poke|p1|Calyrex-Shadow, L50|\n|poke|p1|Zamazenta-*, L50|\n|poke|p1|Chien-Pao, L50|\n|poke|p1|Dragonite, L50, M|\n|poke|p1|Raging Bolt, L50|\n|poke|p1|Amoonguss, L50, F|\n|poke|p2|Tornadus, L50, M|\n|poke|p2|Landorus, L50, M|\n|poke|p2|Kyogre, L50|\n|poke|p2|Calyrex-Ice, L50|\n|poke|p2|Urshifu-*, L50, M|\n|poke|p2|Archaludon, L50, F|\n|teampreview|4\n|inactive|Battle timer is ON: inactive players will automatically lose when time's up. (requested by VJ2511)\n|\n|t:|1768220855\n|teamsize|p1|4\n|teamsize|p2|4\n|start\n|switch|p1a: Zamazenta|Zamazenta-Crowned, L50|100/100\n|switch|p1b: Chien-Pao|Chien-Pao, L50|100/100\n|switch|p2a: Urshifu|Urshifu-Rapid-Strike, L50, M|100/100\n|switch|p2b: Kyogre|Kyogre, L50|100/100\n|-ability|p1b: Chien-Pao|Sword of Ruin\n|-ability|p1a: Zamazenta|Dauntless Shield|boost\n|-boost|p1a: Zamazenta|def|1\n|-weather|RainDance|[from] ability: Drizzle|[of] p2b: Kyogre\n|turn|1\n|\n|t:|1768220861\n|switch|p1b: Dragonite|Dragonite, L50, M, shiny|100/100\n|-terastallize|p1a: Zamazenta|Dragon\n|move|p2a: Urshifu|Surging Strikes|p1b: Dragonite\n|-resisted|p1b: Dragonite\n|-crit|p1b: Dragonite\n|-damage|p1b: Dragonite|85/100\n|-resisted|p1b: Dragonite\n|-crit|p1b: Dragonite\n|-damage|p1b: Dragonite|70/100\n|-resisted|p1b: Dragonite\n|-crit|p1b: Dragonite\n|-damage|p1b: Dragonite|53/100\n|-hitcount|p1b: Dragonite|3\n|move|p1a: Zamazenta|Body Press|p2a: Urshifu\n|-damage|p2a: Urshifu|26/100\n|move|p2b: Kyogre|Origin Pulse|p1b: Dragonite|[spread] p1b\n|-miss|p2b: Kyogre|p1a: Zamazenta\n|-resisted|p1b: Dragonite\n|-damage|p1b: Dragonite|16/100\n|\n|-weather|RainDance|[upkeep]\n|upkeep\n|turn|2\n|\n|t:|1768220867\n|switch|p2a: Archaludon|Archaludon, L50, F|100/100\n|move|p1b: Dragonite|Extreme Speed|p2a: Archaludon\n|-resisted|p2a: Archaludon\n|-crit|p2a: Archaludon\n|-damage|p2a: Archaludon|75/100\n|-ability|p2a: Archaludon|Stamina|boost\n|-boost|p2a: Archaludon|def|1\n|move|p1a: Zamazenta|Body Press|p2b: Kyogre\n|-crit|p2b: Kyogre\n|-damage|p2b: Kyogre|3/100\n|move|p2b: Kyogre|Origin Pulse|p1b: Dragonite|[spread] p1a,p1b\n|-resisted|p1a: Zamazenta\n|-resisted|p1b: Dragonite\n|-damage|p1a: Zamazenta|72/100\n|-damage|p1b: Dragonite|0 fnt\n|faint|p1b: Dragonite\n|\n|-weather|RainDance|[upkeep]\n|upkeep\n|\n|t:|1768220884\n|switch|p1b: Calyrex|Calyrex-Shadow, L50|100/100\n|-ability|p1b: Calyrex|As One\n|-ability|p1b: Calyrex|Unnerve\n|turn|3\n|\n|t:|1768220891\n|move|p2b: Kyogre|Protect|p2b: Kyogre\n|-singleturn|p2b: Kyogre|Protect\n|move|p1b: Calyrex|Astral Barrage|p2a: Archaludon|[spread] p2a\n|-activate|p2b: Kyogre|move: Protect\n|-damage|p2a: Archaludon|38/100\n|-ability|p2a: Archaludon|Stamina|boost\n|-boost|p2a: Archaludon|def|1\n|move|p1a: Zamazenta|Body Press|p2a: Archaludon\n|-supereffective|p2a: Archaludon\n|-damage|p2a: Archaludon|0 fnt\n|faint|p2a: Archaludon\n|\n|-weather|RainDance|[upkeep]\n|upkeep\n|\n|t:|1768220893\n|switch|p2a: Urshifu|Urshifu-Rapid-Strike, L50, M|26/100\n|turn|4\n|\n|t:|1768220910\n|switch|p1b: Chien-Pao|Chien-Pao, L50|100/100\n|-ability|p1b: Chien-Pao|Sword of Ruin\n|switch|p2b: Calyrex|Calyrex-Ice, L50|100/100\n|-ability|p2b: Calyrex|As One\n|-ability|p2b: Calyrex|Unnerve\n|move|p2a: Urshifu|Surging Strikes|p1b: Chien-Pao\n|-crit|p1b: Chien-Pao\n|-damage|p1b: Chien-Pao|59/100\n|-crit|p1b: Chien-Pao\n|-damage|p1b: Chien-Pao|15/100\n|-crit|p1b: Chien-Pao\n|-damage|p1b: Chien-Pao|0 fnt\n|faint|p1b: Chien-Pao\n|-hitcount|p1: Chien-Pao|3\n|move|p1a: Zamazenta|Body Press|p2a: Urshifu\n|-damage|p2a: Urshifu|0 fnt\n|faint|p2a: Urshifu\n|\n|-weather|RainDance|[upkeep]\n|upkeep\n|\n|t:|1768220914\n|switch|p1b: Calyrex|Calyrex-Shadow, L50|100/100\n|switch|p2a: Kyogre|Kyogre, L50|3/100\n|-ability|p1b: Calyrex|As One\n|-ability|p1b: Calyrex|Unnerve\n|turn|5\n|\n|t:|1768220918\n|-terastallize|p2b: Calyrex|Fire\n|move|p2a: Kyogre|Protect|p2a: Kyogre\n|-singleturn|p2a: Kyogre|Protect\n|move|p1b: Calyrex|Astral Barrage|p2a: Kyogre|[spread] p2b\n|-activate|p2a: Kyogre|move: Protect\n|-damage|p2b: Calyrex|62/100\n|move|p1a: Zamazenta|Body Press|p2b: Calyrex\n|-damage|p2b: Calyrex|21/100\n|move|p2b: Calyrex|Trick Room|p2b: Calyrex\n|-fieldstart|move: Trick Room|[of] p2b: Calyrex\n|\n|-weather|none\n|upkeep\n|turn|6\n|inactive|VJ2511 has 30 seconds left.\n|\n|t:|1768220945\n|move|p1a: Zamazenta|Wide Guard|p1a: Zamazenta\n|-singleturn|p1a: Zamazenta|Wide Guard\n|move|p2b: Calyrex|High Horsepower|p1b: Calyrex|[miss]\n|-miss|p2b: Calyrex|p1b: Calyrex\n|move|p2a: Kyogre|Ice Beam|p1b: Calyrex\n|-damage|p1b: Calyrex|64/100\n|move|p1b: Calyrex|Astral Barrage|p2b: Calyrex|[spread] p2a,p2b\n|-damage|p2a: Kyogre|0 fnt\n|-damage|p2b: Calyrex|0 fnt\n|faint|p2a: Kyogre\n|faint|p2b: Calyrex\n|\n|win|VJ2511\n|raw|VJ2511's rating: 1296 &rarr; <strong>1315</strong><br />(+19 for winning)\n|raw|Troubledsome's rating: 1218 &rarr; <strong>1199</strong><br />(-19 for losing)\n|l|\u2606Troubledsome\n|player|p2|\n|l|\u2606VJ2511\n|player|p1|\n","uploadtime":1768221141,"views":16,"formatid":"gen9vgc2026regi","rating":1199,"private":0,"password":null}