{"id":"gen9vgc2026regi-2554514215","format":"[Gen 9] VGC 2026 Reg I","players":["yaochangzhe","SHyperdestroyerVGC"],"log":"|j|\u2606yaochangzhe\n|j|\u2606SHyperdestroyerVGC\n|t:|1772981540\n|gametype|doubles\n|player|p1|yaochangzhe|101|1334\n|player|p2|SHyperdestroyerVGC|lady|1401\n|gen|9\n|tier|[Gen 9] VGC 2026 Reg I\n|rated|\n|rule|Species Clause: Limit one of each Pok\u00e9mon\n|rule|Item Clause: Limit 1 of each item\n|clearpoke\n|poke|p1|Grimmsnarl, L50, M|\n|poke|p1|Kyogre, L50|\n|poke|p1|Calyrex-Ice, L50|\n|poke|p1|Rillaboom, L50, M|\n|poke|p1|Landorus, L50, M|\n|poke|p1|Urshifu-*, L50, F|\n|poke|p2|Miraidon, L50|\n|poke|p2|Lunala, L50|\n|poke|p2|Ursaluna, L50, F|\n|poke|p2|Whimsicott, L50, M|\n|poke|p2|Incineroar, L50, F|\n|poke|p2|Urshifu-*, L50, F|\n|teampreview|4\n|inactive|Battle timer is ON: inactive players will automatically lose when time's up. (requested by yaochangzhe)\n|\n|t:|1772981561\n|teamsize|p1|4\n|teamsize|p2|4\n|start\n|switch|p1a: Grimmsnarl|Grimmsnarl, L50, M|100/100\n|switch|p1b: Calyrex|Calyrex-Ice, L50|100/100\n|switch|p2a: Whimsicott|Whimsicott, L50, M|100/100\n|switch|p2b: Lunala|Lunala, L50|100/100\n|-ability|p1b: Calyrex|As One\n|-ability|p1b: Calyrex|Unnerve\n|turn|1\n|\n|t:|1772981580\n|switch|p2a: Urshifu|Urshifu-Rapid-Strike, L50, F|100/100\n|move|p1a: Grimmsnarl|Taunt|p2a: Urshifu\n|-start|p2a: Urshifu|move: Taunt\n|move|p2b: Lunala|Moongeist Beam|p1b: Calyrex\n|-supereffective|p1b: Calyrex\n|-damage|p1b: Calyrex|30/100\n|move|p1b: Calyrex|Trick Room|p1b: Calyrex\n|-fieldstart|move: Trick Room|[of] p1b: Calyrex\n|\n|-heal|p1b: Calyrex|36/100|[from] item: Leftovers\n|upkeep\n|turn|2\n|\n|t:|1772981601\n|move|p1b: Calyrex|Glacial Lance|p2a: Urshifu|[spread] p2a,p2b\n|-resisted|p2a: Urshifu\n|-damage|p2a: Urshifu|73/100\n|-damage|p2b: Lunala|77/100\n|move|p1a: Grimmsnarl|Foul Play|p2b: Lunala\n|-supereffective|p2b: Lunala\n|-damage|p2b: Lunala|0 fnt\n|faint|p2b: Lunala\n|move|p2a: Urshifu|U-turn|p1b: Calyrex\n|-supereffective|p1b: Calyrex\n|-damage|p1b: Calyrex|0 fnt\n|faint|p1b: Calyrex\n|\n|t:|1772981615\n|switch|p2a: Miraidon|Miraidon, L50|100/100|[from] U-turn\n|-fieldstart|move: Electric Terrain|[from] ability: Hadron Engine|[of] p2a: Miraidon\n|\n|upkeep\n|\n|t:|1772981619\n|switch|p1b: Kyogre|Kyogre, L50|100/100\n|switch|p2b: Whimsicott|Whimsicott, L50, M|100/100\n|-weather|RainDance|[from] ability: Drizzle|[of] p1b: Kyogre\n|turn|3\n|\n|t:|1772981641\n|-terastallize|p1b: Kyogre|Grass\n|move|p1a: Grimmsnarl|Light Screen|p1a: Grimmsnarl\n|-sidestart|p1: yaochangzhe|move: Light Screen\n|move|p2b: Whimsicott|Fake Tears|p1b: Kyogre\n|-unboost|p1b: Kyogre|spd|2\n|move|p1b: Kyogre|Ice Beam|p2b: Whimsicott\n|-supereffective|p2b: Whimsicott\n|-damage|p2b: Whimsicott|23/100\n|move|p2a: Miraidon|Dazzling Gleam|p1b: Kyogre|[spread] p1a,p1b\n|-supereffective|p1a: Grimmsnarl\n|-damage|p1a: Grimmsnarl|36/100\n|-damage|p1b: Kyogre|75/100\n|\n|-weather|RainDance|[upkeep]\n|upkeep\n|turn|4\n|inactive|yaochangzhe has 30 seconds left.\n|inactive|yaochangzhe has 20 seconds left.\n|inactive|yaochangzhe has 15 seconds left.\n|inactive|yaochangzhe has 10 seconds left.\n|inactive|yaochangzhe has 5 seconds left.\n|inactive|SHyperdestroyerVGC has 30 seconds left.\n|\n|t:|1772981696\n|-terastallize|p2a: Miraidon|Fairy\n|move|p1a: Grimmsnarl|Taunt|p2a: Miraidon\n|-start|p2a: Miraidon|move: Taunt\n|move|p2b: Whimsicott|Encore|p1b: Kyogre\n|-start|p1b: Kyogre|Encore\n|move|p1b: Kyogre|Ice Beam|p2a: Miraidon\n|-damage|p2a: Miraidon|67/100\n|move|p2a: Miraidon|Dazzling Gleam|p1a: Grimmsnarl|[spread] p1a,p1b\n|-supereffective|p1a: Grimmsnarl\n|-damage|p1a: Grimmsnarl|0 fnt\n|-damage|p1b: Kyogre|31/100\n|faint|p1a: Grimmsnarl\n|\n|-weather|RainDance|[upkeep]\n|upkeep\n|\n|t:|1772981707\n|switch|p1a: Landorus|Landorus, L50, M|100/100\n|turn|5\n|\n|t:|1772981725\n|move|p1b: Kyogre|Ice Beam|p2a: Miraidon\n|-damage|p2a: Miraidon|33/100\n|move|p2b: Whimsicott|Moonblast|p1a: Landorus\n|-damage|p1a: Landorus|77/100\n|-unboost|p1a: Landorus|spa|1\n|move|p2a: Miraidon|Dazzling Gleam|p1a: Landorus|[spread] p1a,p1b\n|-damage|p1a: Landorus|18/100\n|-damage|p1b: Kyogre|0 fnt\n|faint|p1b: Kyogre\n|move|p1a: Landorus|Sandsear Storm|p2b: Whimsicott|[spread] p2a,p2b\n|-resisted|p2b: Whimsicott\n|-damage|p2a: Miraidon|3/100\n|-damage|p2b: Whimsicott|7/100\n|\n|-weather|RainDance|[upkeep]\n|-fieldend|move: Trick Room\n|upkeep\n|turn|6\n|\n|t:|1772981740\n|move|p2b: Whimsicott|Tailwind|p2b: Whimsicott\n|-sidestart|p2: SHyperdestroyerVGC|move: Tailwind\n|move|p2a: Miraidon|Dazzling Gleam|p1a: Landorus\n|-damage|p1a: Landorus|0 fnt\n|faint|p1a: Landorus\n|\n|win|SHyperdestroyerVGC\n|raw|yaochangzhe's rating: 1334 &rarr; <strong>1318</strong><br />(-16 for losing)\n|raw|SHyperdestroyerVGC's rating: 1401 &rarr; <strong>1417</strong><br />(+16 for winning)\n","uploadtime":1772981751,"views":27,"formatid":"gen9vgc2026regi","rating":1318,"private":0,"password":null}