{"id":"gen9vgc2026regi-2549432213","format":"[Gen 9] VGC 2026 Reg I","players":["blackred123\u6c38\u96cf\u5854\u83f2\u4fa0","Dalamuder61"],"log":"|j|\u2606blackred123\u6c38\u96cf\u5854\u83f2\u4fa0\n|j|\u2606Dalamuder61\n|t:|1772366293\n|gametype|doubles\n|player|p1|blackred123\u6c38\u96cf\u5854\u83f2\u4fa0|iono-masters|1378\n|player|p2|Dalamuder61|drayden|1313\n|gen|9\n|tier|[Gen 9] VGC 2026 Reg I\n|rated|\n|rule|Species Clause: Limit one of each Pok\u00e9mon\n|rule|Item Clause: Limit 1 of each item\n|clearpoke\n|poke|p1|Calyrex-Shadow, L50|\n|poke|p1|Zamazenta-*, L50|\n|poke|p1|Chien-Pao, L50|\n|poke|p1|Raging Bolt, L50|\n|poke|p1|Whimsicott, L50, F|\n|poke|p1|Ogerpon-Cornerstone, L50, F|\n|poke|p2|Palkia-Origin, L50|\n|poke|p2|Miraidon, L50|\n|poke|p2|Bastiodon, L50, F|\n|poke|p2|Chi-Yu, L50|\n|poke|p2|Ursaluna, L50, M|\n|poke|p2|Tornadus, L50, M|\n|teampreview|4\n|inactive|Battle timer is ON: inactive players will automatically lose when time's up. (requested by Dalamuder61)\n|inactive|blackred123\u6c38\u96cf\u5854\u83f2\u4fa0 also wants the timer to be on.\n|\n|t:|1772366307\n|teamsize|p1|4\n|teamsize|p2|4\n|start\n|switch|p1a: \u55f7\u55f7\u55f7\u55f7|Zamazenta-Crowned, L50|100/100\n|switch|p1b: \u829d\u58eb\u96ea\u8c79|Chien-Pao, L50|100/100\n|switch|p2a: Todo|Bastiodon, L50, F|100/100\n|switch|p2b: Yuji Itadori|Palkia-Origin, L50|100/100\n|-ability|p1b: \u829d\u58eb\u96ea\u8c79|Sword of Ruin\n|-ability|p1a: \u55f7\u55f7\u55f7\u55f7|Dauntless Shield|boost\n|-boost|p1a: \u55f7\u55f7\u55f7\u55f7|def|1\n|turn|1\n|inactive|Dalamuder61 has 30 seconds left.\n|inactive|Dalamuder61 has 20 seconds left.\n|inactive|Dalamuder61 has 15 seconds left.\n|\n|t:|1772366348\n|move|p2a: Todo|Protect|p2a: Todo\n|-singleturn|p2a: Todo|Protect\n|move|p1b: \u829d\u58eb\u96ea\u8c79|Taunt|p2b: Yuji Itadori\n|-start|p2b: Yuji Itadori|move: Taunt\n|move|p1a: \u55f7\u55f7\u55f7\u55f7|Body Press|p2a: Todo\n|-activate|p2a: Todo|move: Protect\n|cant|p2b: Yuji Itadori|move: Taunt|Trick Room\n|\n|upkeep\n|turn|2\n|inactive|Dalamuder61 has 30 seconds left.\n|\n|t:|1772366376\n|-terastallize|p2a: Todo|Fighting\n|move|p1b: \u829d\u58eb\u96ea\u8c79|Ruination|p2b: Yuji Itadori\n|-damage|p2b: Yuji Itadori|51/100\n|move|p1a: \u55f7\u55f7\u55f7\u55f7|Body Press|p2b: Yuji Itadori\n|-damage|p2b: Yuji Itadori|0 fnt\n|faint|p2b: Yuji Itadori\n|move|p2a: Todo|Body Press|p1b: \u829d\u58eb\u96ea\u8c79\n|-supereffective|p1b: \u829d\u58eb\u96ea\u8c79\n|-damage|p1b: \u829d\u58eb\u96ea\u8c79|0 fnt\n|faint|p1b: \u829d\u58eb\u96ea\u8c79\n|\n|upkeep\n|\n|t:|1772366393\n|switch|p1b: \u6211\u8fd8\u53ef\u4ee5|Ogerpon-Cornerstone, L50, F|100/100\n|switch|p2b: Kashimo|Miraidon, L50|100/100\n|-fieldstart|move: Electric Terrain|[from] ability: Hadron Engine|[of] p2b: Kashimo\n|turn|3\n|\n|t:|1772366412\n|-terastallize|p1a: \u55f7\u55f7\u55f7\u55f7|Dragon\n|move|p1a: \u55f7\u55f7\u55f7\u55f7|Body Press|p2b: Kashimo\n|-damage|p2b: Kashimo|47/100\n|move|p1b: \u6211\u8fd8\u53ef\u4ee5|Ivy Cudgel|p2b: Kashimo|[anim] Ivy Cudgel Rock\n|-damage|p2b: Kashimo|0 fnt\n|faint|p2b: Kashimo\n|move|p2a: Todo|Body Press|p1b: \u6211\u8fd8\u53ef\u4ee5\n|-supereffective|p1b: \u6211\u8fd8\u53ef\u4ee5\n|-ability|p1b: \u6211\u8fd8\u53ef\u4ee5|Sturdy\n|-damage|p1b: \u6211\u8fd8\u53ef\u4ee5|1/100\n|\n|upkeep\n|\n|t:|1772366419\n|switch|p2b: Panda|Ursaluna, L50, M|100/100\n|turn|4\n|\n|t:|1772366437\n|move|p2b: Panda|Protect|p2b: Panda\n|-singleturn|p2b: Panda|Protect\n|move|p1a: \u55f7\u55f7\u55f7\u55f7|Body Press|p2b: Panda\n|-activate|p2b: Panda|move: Protect\n|move|p1b: \u6211\u8fd8\u53ef\u4ee5|Ivy Cudgel|p2a: Todo|[anim] Ivy Cudgel Rock\n|-resisted|p2a: Todo\n|-damage|p2a: Todo|80/100\n|move|p2a: Todo|Body Press|p1a: \u55f7\u55f7\u55f7\u55f7\n|-damage|p1a: \u55f7\u55f7\u55f7\u55f7|83/100\n|\n|-status|p2b: Panda|brn|[from] item: Flame Orb\n|upkeep\n|turn|5\n|\n|t:|1772366454\n|move|p1a: \u55f7\u55f7\u55f7\u55f7|Body Press|p2b: Panda\n|-supereffective|p2b: Panda\n|-damage|p2b: Panda|9/100 brn\n|move|p1b: \u6211\u8fd8\u53ef\u4ee5|Ivy Cudgel|p2a: Todo|[anim] Ivy Cudgel Rock\n|-resisted|p2a: Todo\n|-damage|p2a: Todo|62/100\n|move|p2b: Panda|Facade|p1a: \u55f7\u55f7\u55f7\u55f7\n|-damage|p1a: \u55f7\u55f7\u55f7\u55f7|34/100\n|move|p2a: Todo|Body Press|p1b: \u6211\u8fd8\u53ef\u4ee5\n|-supereffective|p1b: \u6211\u8fd8\u53ef\u4ee5\n|-damage|p1b: \u6211\u8fd8\u53ef\u4ee5|0 fnt\n|faint|p1b: \u6211\u8fd8\u53ef\u4ee5\n|\n|-damage|p2b: Panda|3/100 brn|[from] brn\n|upkeep\n|\n|t:|1772366460\n|switch|p1b: \u53f8\u9a6c|Calyrex-Shadow, L50|100/100\n|-ability|p1b: \u53f8\u9a6c|As One\n|-ability|p1b: \u53f8\u9a6c|Unnerve\n|turn|6\n|\n|t:|1772366473\n|move|p2b: Panda|Protect|p2b: Panda\n|-singleturn|p2b: Panda|Protect\n|move|p1b: \u53f8\u9a6c|Psychic|p2a: Todo\n|-supereffective|p2a: Todo\n|-damage|p2a: Todo|0 fnt\n|faint|p2a: Todo\n|-ability|p1b: \u53f8\u9a6c|Grim Neigh|boost\n|-boost|p1b: \u53f8\u9a6c|spa|1\n|move|p1a: \u55f7\u55f7\u55f7\u55f7|Body Press|p2b: Panda\n|-activate|p2b: Panda|move: Protect\n|\n|-damage|p2b: Panda|0 fnt|[from] brn\n|faint|p2b: Panda\n|\n|win|blackred123\u6c38\u96cf\u5854\u83f2\u4fa0\n|raw|blackred123\u6c38\u96cf\u5854\u83f2\u4fa0's rating: 1378 &rarr; <strong>1394</strong><br />(+16 for winning)\n|raw|Dalamuder61's rating: 1313 &rarr; <strong>1297</strong><br />(-16 for losing)\n|l|\u2606Dalamuder61\n|player|p2|\n","uploadtime":1772366710,"views":14,"formatid":"gen9vgc2026regi","rating":1297,"private":0,"password":null}