{"id":"gen9vgc2026regi-2546055942","format":"[Gen 9] VGC 2026 Reg I","players":["LelloCartello","fogdocker"],"log":"|j|\u2606LelloCartello\n|j|\u2606fogdocker\n|t:|1771921613\n|gametype|doubles\n|player|p1|LelloCartello|zinnia|1436\n|player|p2|fogdocker|169|1425\n|gen|9\n|tier|[Gen 9] VGC 2026 Reg I\n|rated|\n|rule|Species Clause: Limit one of each Pok\u00e9mon\n|rule|Item Clause: Limit 1 of each item\n|clearpoke\n|poke|p1|Ho-Oh, L50|\n|poke|p1|Miraidon, L50|\n|poke|p1|Iron Hands, L50|\n|poke|p1|Farigiraf, L50, M|\n|poke|p1|Grimmsnarl, L50, M|\n|poke|p1|Ursaluna, L50, M|\n|poke|p2|Calyrex-Ice, L50|\n|poke|p2|Koraidon, L50|\n|poke|p2|Flutter Mane, L50|\n|poke|p2|Incineroar, L50, M|\n|poke|p2|Rillaboom, L50, F|\n|poke|p2|Volcarona, L50, F|\n|teampreview|4\n|inactive|Battle timer is ON: inactive players will automatically lose when time's up. (requested by LelloCartello)\n|\n|t:|1771921633\n|teamsize|p1|4\n|teamsize|p2|4\n|start\n|switch|p1a: Jupiter|Ho-Oh, L50|100/100\n|switch|p1b: Mercury|Grimmsnarl, L50, M|100/100\n|switch|p2a: Calyrex|Calyrex-Ice, L50|100/100\n|switch|p2b: Incineroar|Incineroar, L50, M|100/100\n|-ability|p2a: Calyrex|As One\n|-ability|p2a: Calyrex|Unnerve\n|-ability|p2b: Incineroar|Intimidate|boost\n|-fail|p1a: Jupiter|unboost|[from] item: Clear Amulet|[of] p1a: Jupiter\n|-unboost|p1b: Mercury|atk|1\n|turn|1\n|\n|t:|1771921657\n|switch|p1b: Venus|Farigiraf, L50, M|100/100\n|-terastallize|p2a: Calyrex|Water\n|move|p1a: Jupiter|Sacred Fire|p2a: Calyrex\n|-resisted|p2a: Calyrex\n|-damage|p2a: Calyrex|85/100\n|-status|p2a: Calyrex|brn\n|move|p2b: Incineroar|Knock Off|p1a: Jupiter\n|-damage|p1a: Jupiter|66/100\n|-enditem|p1a: Jupiter|Clear Amulet|[from] move: Knock Off|[of] p2b: Incineroar\n|move|p2a: Calyrex|Glacial Lance|p1b: Venus|[spread] p1a,p1b\n|-damage|p1a: Jupiter|43/100\n|-damage|p1b: Venus|80/100\n|\n|-heal|p2a: Calyrex|90/100 brn|[from] item: Leftovers\n|-damage|p2a: Calyrex|85/100 brn|[from] brn\n|upkeep\n|turn|2\n|inactive|fogdocker has 30 seconds left.\n|\n|t:|1771921683\n|switch|p1a: Mercury|Grimmsnarl, L50, M|100/100\n|move|p1b: Venus|Psychic|p2a: Calyrex\n|-damage|p2a: Calyrex|65/100 brn\n|move|p2b: Incineroar|Knock Off|p1b: Venus\n|-supereffective|p1b: Venus\n|-damage|p1b: Venus|7/100\n|-enditem|p1b: Venus|Electric Seed|[from] move: Knock Off|[of] p2b: Incineroar\n|move|p2a: Calyrex|Leech Seed|p1b: Venus\n|-start|p1b: Venus|move: Leech Seed\n|\n|-heal|p2a: Calyrex|71/100 brn|[from] item: Leftovers\n|-damage|p1b: Venus|0 fnt|[from] Leech Seed|[of] p2a: Calyrex\n|-heal|p2a: Calyrex|78/100 brn|[silent]\n|faint|p1b: Venus\n|-damage|p2a: Calyrex|72/100 brn|[from] brn\n|upkeep\n|\n|t:|1771921694\n|switch|p1b: Saturn|Miraidon, L50|100/100\n|-fieldstart|move: Electric Terrain|[from] ability: Hadron Engine|[of] p1b: Saturn\n|turn|3\n|\n|t:|1771921710\n|switch|p2a: Rillaboom|Rillaboom, L50, F|100/100\n|-fieldstart|move: Grassy Terrain|[from] ability: Grassy Surge|[of] p2a: Rillaboom\n|move|p1a: Mercury|Reflect|p1a: Mercury\n|-sidestart|p1: LelloCartello|Reflect\n|move|p1b: Saturn|Volt Switch|p2b: Incineroar\n|-crit|p2b: Incineroar\n|-damage|p2b: Incineroar|32/100\n|\n|t:|1771921718\n|switch|p1b: Jupiter|Ho-Oh, L50|76/100|[from] Volt Switch\n|move|p2b: Incineroar|Knock Off|p1b: Jupiter\n|-damage|p1b: Jupiter|60/100\n|\n|-heal|p2b: Incineroar|38/100|[from] Grassy Terrain\n|upkeep\n|turn|4\n|\n|t:|1771921728\n|switch|p1b: Saturn|Miraidon, L50|100/100\n|-fieldstart|move: Electric Terrain|[from] ability: Hadron Engine|[of] p1b: Saturn\n|switch|p2a: Calyrex|Calyrex-Ice, L50, tera:Water|72/100 brn\n|-ability|p2a: Calyrex|As One\n|-ability|p2a: Calyrex|Unnerve\n|move|p1a: Mercury|Thunder Wave||[still]\n|-fail|p1a: Mercury\n|move|p2b: Incineroar|Parting Shot|p1b: Saturn\n|-unboost|p1b: Saturn|atk|1\n|-unboost|p1b: Saturn|spa|1\n|\n|t:|1771921741\n|switch|p2b: Rillaboom|Rillaboom, L50, F|100/100|[from] Parting Shot\n|-fieldstart|move: Grassy Terrain|[from] ability: Grassy Surge|[of] p2b: Rillaboom\n|\n|-heal|p2a: Calyrex|78/100 brn|[from] Grassy Terrain\n|-heal|p2a: Calyrex|84/100 brn|[from] item: Leftovers\n|-damage|p2a: Calyrex|78/100 brn|[from] brn\n|upkeep\n|turn|5\n|\n|t:|1771921750\n|switch|p1b: Jupiter|Ho-Oh, L50|93/100\n|move|p2b: Rillaboom|Fake Out|p1a: Mercury\n|-damage|p1a: Mercury|92/100\n|cant|p1a: Mercury|flinch\n|move|p2a: Calyrex|Leech Seed|p1a: Mercury\n|-start|p1a: Mercury|move: Leech Seed\n|\n|-heal|p1a: Mercury|98/100|[from] Grassy Terrain\n|-heal|p2a: Calyrex|84/100 brn|[from] Grassy Terrain\n|-heal|p2a: Calyrex|89/100 brn|[from] item: Leftovers\n|-damage|p1a: Mercury|85/100|[from] Leech Seed|[of] p2a: Calyrex\n|-heal|p2a: Calyrex|100/100 brn|[silent]\n|-damage|p2a: Calyrex|95/100 brn|[from] brn\n|upkeep\n|turn|6\n|\n|t:|1771921764\n|switch|p2b: Incineroar|Incineroar, L50, M|38/100\n|-ability|p2b: Incineroar|Intimidate|boost\n|-unboost|p1a: Mercury|atk|1\n|-unboost|p1b: Jupiter|atk|1\n|switch|p1a: Saturn|Miraidon, L50|100/100\n|-fieldstart|move: Electric Terrain|[from] ability: Hadron Engine|[of] p1a: Saturn\n|move|p1b: Jupiter|Sacred Fire|p2b: Incineroar\n|-resisted|p2b: Incineroar\n|-damage|p2b: Incineroar|25/100\n|move|p2a: Calyrex|Leech Seed|p1b: Jupiter|[miss]\n|-miss|p2a: Calyrex|p1b: Jupiter\n|\n|-heal|p2a: Calyrex|100/100 brn|[from] item: Leftovers\n|-damage|p2a: Calyrex|95/100 brn|[from] brn\n|upkeep\n|turn|7\n|inactive|fogdocker has 30 seconds left.\n|\n|t:|1771921790\n|move|p2b: Incineroar|Fake Out|p1a: Saturn\n|-damage|p1a: Saturn|94/100\n|cant|p1a: Saturn|flinch\n|move|p1b: Jupiter|Sacred Fire|p2b: Incineroar\n|-resisted|p2b: Incineroar\n|-damage|p2b: Incineroar|10/100\n|move|p2a: Calyrex|Leech Seed|p1a: Saturn\n|-start|p1a: Saturn|move: Leech Seed\n|\n|-heal|p2a: Calyrex|100/100 brn|[from] item: Leftovers\n|-damage|p1a: Saturn|81/100|[from] Leech Seed|[of] p2a: Calyrex\n|-damage|p2a: Calyrex|95/100 brn|[from] brn\n|upkeep\n|turn|8\n|\n|t:|1771921803\n|switch|p2a: Rillaboom|Rillaboom, L50, F|100/100\n|-fieldstart|move: Grassy Terrain|[from] ability: Grassy Surge|[of] p2a: Rillaboom\n|move|p1a: Saturn|Volt Switch|p2b: Incineroar\n|-damage|p2b: Incineroar|0 fnt\n|faint|p2b: Incineroar\n|\n|t:|1771921811\n|switch|p1a: Mercury|Grimmsnarl, L50, M|85/100|[from] Volt Switch\n|move|p1b: Jupiter|Sacred Fire|p2a: Rillaboom\n|-supereffective|p2a: Rillaboom\n|-damage|p2a: Rillaboom|31/100\n|\n|-heal|p2a: Rillaboom|37/100|[from] Grassy Terrain\n|-heal|p1a: Mercury|91/100|[from] Grassy Terrain\n|upkeep\n|\n|t:|1771921816\n|switch|p2b: Calyrex|Calyrex-Ice, L50, tera:Water|95/100 brn\n|-ability|p2b: Calyrex|As One\n|-ability|p2b: Calyrex|Unnerve\n|turn|9\n|\n|t:|1771921827\n|move|p1a: Mercury|Thunder Wave|p2a: Rillaboom\n|-status|p2a: Rillaboom|par\n|move|p1b: Jupiter|Sacred Fire|p2a: Rillaboom\n|-supereffective|p2a: Rillaboom\n|-damage|p2a: Rillaboom|0 fnt\n|faint|p2a: Rillaboom\n|move|p2b: Calyrex|Leech Seed|p1b: Jupiter\n|-start|p1b: Jupiter|move: Leech Seed\n|\n|-heal|p1a: Mercury|97/100|[from] Grassy Terrain\n|-heal|p2b: Calyrex|100/100 brn|[from] Grassy Terrain\n|-damage|p1b: Jupiter|81/100|[from] Leech Seed|[of] p2b: Calyrex\n|-damage|p2b: Calyrex|95/100 brn|[from] brn\n|upkeep\n|\n|t:|1771921833\n|switch|p2a: Koraidon|Koraidon, L50|100/100\n|-weather|SunnyDay|[from] ability: Orichalcum Pulse|[of] p2a: Koraidon\n|-activate|p2a: Koraidon|Orichalcum Pulse|[source]\n|turn|10\n|\n|t:|1771921852\n|switch|p1b: Saturn|Miraidon, L50|81/100\n|-fieldstart|move: Electric Terrain|[from] ability: Hadron Engine|[of] p1b: Saturn\n|move|p2a: Koraidon|Protect|p2a: Koraidon\n|-singleturn|p2a: Koraidon|Protect\n|move|p1a: Mercury|Thunder Wave|p2a: Koraidon\n|-activate|p2a: Koraidon|move: Protect\n|move|p2b: Calyrex|Leech Seed|p1a: Mercury|[miss]\n|-miss|p2b: Calyrex|p1a: Mercury\n|\n|-weather|SunnyDay|[upkeep]\n|-heal|p2b: Calyrex|100/100 brn|[from] item: Leftovers\n|-damage|p2b: Calyrex|95/100 brn|[from] brn\n|-sideend|p1: LelloCartello|Reflect\n|upkeep\n|turn|11\n|\n|t:|1771921872\n|-terastallize|p1b: Saturn|Fairy\n|move|p1a: Mercury|Reflect|p1a: Mercury\n|-sidestart|p1: LelloCartello|Reflect\n|move|p1b: Saturn|Draco Meteor|p2a: Koraidon\n|-supereffective|p2a: Koraidon\n|-damage|p2a: Koraidon|0 fnt\n|-unboost|p1b: Saturn|spa|2\n|faint|p2a: Koraidon\n|move|p2b: Calyrex|Glacial Lance|p1b: Saturn|[spread] p1a,p1b\n|-damage|p1a: Mercury|79/100\n|-damage|p1b: Saturn|65/100\n|\n|-weather|SunnyDay|[upkeep]\n|-heal|p2b: Calyrex|100/100 brn|[from] item: Leftovers\n|-damage|p2b: Calyrex|95/100 brn|[from] brn\n|upkeep\n|turn|12\n|-message|fogdocker forfeited.\n|\n|win|LelloCartello\n|raw|LelloCartello's rating: 1436 &rarr; <strong>1455</strong><br />(+19 for winning)\n|raw|fogdocker's rating: 1425 &rarr; <strong>1406</strong><br />(-19 for losing)\n|l|\u2606fogdocker\n|player|p2|\n|l|\u2606LelloCartello\n|player|p1|\n","uploadtime":1771922102,"views":14,"formatid":"gen9vgc2026regi","rating":1406,"private":0,"password":null}