{"id":"gen9vgc2026regi-2541983530","format":"[Gen 9] VGC 2026 Reg I","players":["kelii","EllenJoe2026"],"log":"|j|\u2606kelii\n|j|\u2606EllenJoe2026\n|t:|1771394199\n|gametype|doubles\n|player|p1|kelii|dawn|1326\n|player|p2|EllenJoe2026|iono|1429\n|gen|9\n|tier|[Gen 9] VGC 2026 Reg I\n|rated|\n|rule|Species Clause: Limit one of each Pok\u00e9mon\n|rule|Item Clause: Limit 1 of each item\n|clearpoke\n|poke|p1|Incineroar, L50, F|\n|poke|p1|Rillaboom, L50, F|\n|poke|p1|Calyrex-Shadow, L50|\n|poke|p1|Koraidon, L50|\n|poke|p1|Flutter Mane, L50|\n|poke|p1|Ogerpon-Hearthflame, L50, F|\n|poke|p2|Calyrex-Ice, L50|\n|poke|p2|Miraidon, L50|\n|poke|p2|Tornadus, L50, M|\n|poke|p2|Urshifu-*, L50, F|\n|poke|p2|Grimmsnarl, L50, M|\n|poke|p2|Indeedee-F, L50, F|\n|teampreview|4\n|inactive|Battle timer is ON: inactive players will automatically lose when time's up. (requested by EllenJoe2026)\n|inactive|EllenJoe2026 has 60 seconds left.\n|\n|t:|1771394231\n|teamsize|p1|4\n|teamsize|p2|4\n|start\n|switch|p1a: Calyrex|Calyrex-Shadow, L50|100/100\n|switch|p1b: Koraidon|Koraidon, L50, shiny|100/100\n|switch|p2a: Tornadus|Tornadus, L50, M, shiny|100/100\n|switch|p2b: Urshifu|Urshifu-Rapid-Strike, L50, F|100/100\n|-ability|p1a: Calyrex|As One\n|-ability|p1a: Calyrex|Unnerve\n|-weather|SunnyDay|[from] ability: Orichalcum Pulse|[of] p1b: Koraidon\n|-activate|p1b: Koraidon|Orichalcum Pulse|[source]\n|turn|1\n|inactive|kelii has 30 seconds left.\n|inactive|kelii has 20 seconds left.\n|\n|t:|1771394269\n|-terastallize|p1a: Calyrex|Dark\n|move|p2b: Urshifu|Aqua Jet|p1a: Calyrex\n|-damage|p1a: Calyrex|83/100\n|move|p1a: Calyrex|Psychic|p2b: Urshifu\n|-supereffective|p2b: Urshifu\n|-damage|p2b: Urshifu|0 fnt\n|faint|p2b: Urshifu\n|-ability|p1a: Calyrex|Grim Neigh|boost\n|-boost|p1a: Calyrex|spa|1\n|-damage|p1a: Calyrex|74/100|[from] item: Life Orb\n|move|p2a: Tornadus|Dark Pulse|p1a: Calyrex\n|-resisted|p1a: Calyrex\n|-damage|p1a: Calyrex|61/100\n|move|p1b: Koraidon|Flame Charge|p2a: Tornadus\n|-damage|p2a: Tornadus|43/100\n|-boost|p1b: Koraidon|spe|1\n|\n|-weather|SunnyDay|[upkeep]\n|upkeep\n|\n|t:|1771394277\n|switch|p2b: Miraidon|Miraidon, L50, shiny|100/100\n|-fieldstart|move: Electric Terrain|[from] ability: Hadron Engine|[of] p2b: Miraidon\n|turn|2\n|inactive|EllenJoe2026 has 30 seconds left.\n|\n|t:|1771394311\n|move|p2a: Tornadus|Tailwind|p2a: Tornadus\n|-sidestart|p2: EllenJoe2026|move: Tailwind\n|move|p2b: Miraidon|Electro Drift|p1a: Calyrex\n|-damage|p1a: Calyrex|0 fnt\n|faint|p1a: Calyrex\n|move|p1b: Koraidon|Collision Course|p2b: Miraidon\n|-damage|p2b: Miraidon|36/100\n|\n|-weather|SunnyDay|[upkeep]\n|upkeep\n|\n|t:|1771394324\n|switch|p1a: Incineroar|Incineroar, L50, F, shiny|100/100\n|-ability|p1a: Incineroar|Intimidate|boost\n|-unboost|p2a: Tornadus|atk|1\n|-unboost|p2b: Miraidon|atk|1\n|turn|3\n|\n|t:|1771394334\n|switch|p2b: Calyrex|Calyrex-Ice, L50|100/100\n|-ability|p2b: Calyrex|As One\n|-ability|p2b: Calyrex|Unnerve\n|move|p1a: Incineroar|Fake Out|p2b: Calyrex\n|-damage|p2b: Calyrex|95/100\n|move|p2a: Tornadus|Rain Dance|p2a: Tornadus\n|-weather|RainDance\n|move|p1b: Koraidon|Collision Course|p2a: Tornadus\n|-resisted|p2a: Tornadus\n|-damage|p2a: Tornadus|2/100\n|\n|-weather|RainDance|[upkeep]\n|upkeep\n|turn|4\n|inactive|kelii has 30 seconds left.\n|inactive|EllenJoe2026 has 30 seconds left.\n|inactive|EllenJoe2026 has 20 seconds left.\n|inactive|EllenJoe2026 has 15 seconds left.\n|inactive|EllenJoe2026 has 10 seconds left.\n|\n|t:|1771394381\n|-terastallize|p2b: Calyrex|Grass\n|move|p2a: Tornadus|Dark Pulse|p1b: Koraidon\n|-resisted|p1b: Koraidon\n|-damage|p1b: Koraidon|89/100\n|cant|p1b: Koraidon|flinch\n|move|p2b: Calyrex|Glacial Lance|p1b: Koraidon|[spread] p1a,p1b\n|-resisted|p1a: Incineroar\n|-supereffective|p1b: Koraidon\n|-damage|p1a: Incineroar|80/100\n|-damage|p1b: Koraidon|1/100\n|move|p1a: Incineroar|Will-O-Wisp|p2b: Calyrex\n|-status|p2b: Calyrex|brn\n|\n|-weather|RainDance|[upkeep]\n|-damage|p2b: Calyrex|89/100 brn|[from] brn\n|upkeep\n|turn|5\n|inactive|kelii has 30 seconds left.\n|\n|t:|1771394415\n|move|p1b: Koraidon|Protect|p1b: Koraidon\n|-singleturn|p1b: Koraidon|Protect\n|move|p2a: Tornadus|Dark Pulse|p1b: Koraidon\n|-activate|p1b: Koraidon|move: Protect\n|move|p2b: Calyrex|Glacial Lance|p1b: Koraidon|[spread] p1a\n|-activate|p1b: Koraidon|move: Protect\n|-resisted|p1a: Incineroar\n|-damage|p1a: Incineroar|69/100\n|move|p1a: Incineroar|Knock Off|p2b: Calyrex\n|-crit|p2b: Calyrex\n|-damage|p2b: Calyrex|54/100 brn\n|-enditem|p2b: Calyrex|Clear Amulet|[from] move: Knock Off|[of] p1a: Incineroar\n|\n|-weather|RainDance|[upkeep]\n|-damage|p2b: Calyrex|48/100 brn|[from] brn\n|-sideend|p2: EllenJoe2026|move: Tailwind\n|upkeep\n|turn|6\n|inactive|kelii has 30 seconds left.\n|inactive|kelii has 20 seconds left.\n|inactive|kelii has 15 seconds left.\n|inactive|kelii has 10 seconds left.\n|\n|t:|1771394462\n|move|p2a: Tornadus|Tailwind|p2a: Tornadus\n|-sidestart|p2: EllenJoe2026|move: Tailwind\n|move|p1b: Koraidon|Flame Charge|p2b: Calyrex\n|-supereffective|p2b: Calyrex\n|-damage|p2b: Calyrex|38/100 brn\n|-boost|p1b: Koraidon|spe|1\n|move|p2b: Calyrex|Glacial Lance|p1a: Incineroar|[spread] p1a,p1b\n|-resisted|p1a: Incineroar\n|-supereffective|p1b: Koraidon\n|-damage|p1a: Incineroar|58/100\n|-damage|p1b: Koraidon|0 fnt\n|faint|p1b: Koraidon\n|-ability|p2b: Calyrex|Chilling Neigh|boost\n|-boost|p2b: Calyrex|atk|1\n|move|p1a: Incineroar|Parting Shot|p2b: Calyrex\n|-unboost|p2b: Calyrex|atk|1\n|-unboost|p2b: Calyrex|spa|1\n|\n|t:|1771394471\n|switch|p1a: Flutter Mane|Flutter Mane, L50, shiny|100/100|[from] Parting Shot\n|\n|-weather|RainDance|[upkeep]\n|-damage|p2b: Calyrex|32/100 brn|[from] brn\n|-fieldend|move: Electric Terrain\n|upkeep\n|\n|t:|1771394474\n|switch|p1b: Incineroar|Incineroar, L50, F, shiny|58/100\n|-ability|p1b: Incineroar|Intimidate|boost\n|-unboost|p2a: Tornadus|atk|1\n|-unboost|p2b: Calyrex|atk|1\n|turn|7\n|\n|t:|1771394485\n|move|p1b: Incineroar|Fake Out|p2a: Tornadus\n|-damage|p2a: Tornadus|0 fnt\n|faint|p2a: Tornadus\n|move|p1a: Flutter Mane|Shadow Ball|p2b: Calyrex\n|-damage|p2b: Calyrex|3/100 brn\n|move|p2b: Calyrex|Glacial Lance|p1b: Incineroar|[spread] p1a,p1b\n|-resisted|p1b: Incineroar\n|-damage|p1a: Flutter Mane|62/100\n|-damage|p1b: Incineroar|51/100\n|\n|-weather|none\n|-damage|p2b: Calyrex|0 fnt|[from] brn\n|faint|p2b: Calyrex\n|upkeep\n|\n|t:|1771394489\n|switch|p2b: Miraidon|Miraidon, L50, shiny|36/100\n|-fieldstart|move: Electric Terrain|[from] ability: Hadron Engine|[of] p2b: Miraidon\n|turn|8\n|\n|t:|1771394505\n|move|p1a: Flutter Mane|Protect|p1a: Flutter Mane\n|-singleturn|p1a: Flutter Mane|Protect\n|move|p2b: Miraidon|Electro Drift|p1b: Incineroar\n|-damage|p1b: Incineroar|0 fnt\n|faint|p1b: Incineroar\n|\n|upkeep\n|turn|9\n|\n|t:|1771394514\n|move|p1a: Flutter Mane|Protect|p1a: Flutter Mane\n|-singleturn|p1a: Flutter Mane|Protect\n|move|p2b: Miraidon|Electro Drift|p1a: Flutter Mane\n|-activate|p1a: Flutter Mane|move: Protect\n|\n|-sideend|p2: EllenJoe2026|move: Tailwind\n|upkeep\n|turn|10\n|\n|t:|1771394518\n|move|p1a: Flutter Mane|Moonblast|p2b: Miraidon\n|-supereffective|p2b: Miraidon\n|-damage|p2b: Miraidon|0 fnt\n|faint|p2b: Miraidon\n|\n|win|kelii\n|raw|kelii's rating: 1326 &rarr; <strong>1352</strong><br />(+26 for winning)\n|raw|EllenJoe2026's rating: 1429 &rarr; <strong>1403</strong><br />(-26 for losing)\n|l|\u2606EllenJoe2026\n|player|p2|\n|l|\u2606kelii\n|player|p1|\n","uploadtime":1771394790,"views":12,"formatid":"gen9vgc2026regi","rating":1352,"private":0,"password":null}