{"id":"gen9vgc2026regi-2565118439","format":"[Gen 9] VGC 2026 Reg I","players":["alexit93","daniiivgc"],"log":"|j|\u2606alexit93\n|j|\u203ddaniiivgc\n|t:|1774231456\n|gametype|doubles\n|player|p1|alexit93|lucas-gen4pt|1419\n|player|p2|daniiivgc|giovanni|1430\n|gen|9\n|tier|[Gen 9] VGC 2026 Reg I\n|rated|\n|rule|Species Clause: Limit one of each Pok\u00e9mon\n|rule|Item Clause: Limit 1 of each item\n|clearpoke\n|poke|p1|Zamazenta-*, L50|\n|poke|p1|Chien-Pao, L50|\n|poke|p1|Calyrex-Shadow, L50|\n|poke|p1|Whimsicott, L50, F|\n|poke|p1|Rillaboom, L50, F|\n|poke|p1|Landorus, L50, M|\n|poke|p2|Miraidon, L50|\n|poke|p2|Lunala, L50|\n|poke|p2|Whimsicott, L50, F|\n|poke|p2|Terrakion, L50|\n|poke|p2|Cresselia, L50, F|\n|poke|p2|Ursaluna, L50, F|\n|teampreview|4\n|\n|t:|1774231486\n|teamsize|p1|4\n|teamsize|p2|4\n|start\n|switch|p1a: Calyrex|Calyrex-Shadow, L50|100/100\n|switch|p1b: Rillaboom|Rillaboom, L50, F|100/100\n|switch|p2a: Whimsicott|Whimsicott, L50, F|100/100\n|switch|p2b: Miraidon|Miraidon, L50|100/100\n|-ability|p1a: Calyrex|As One\n|-ability|p1a: Calyrex|Unnerve\n|-fieldstart|move: Electric Terrain|[from] ability: Hadron Engine|[of] p2b: Miraidon\n|-fieldstart|move: Grassy Terrain|[from] ability: Grassy Surge|[of] p1b: Rillaboom\n|turn|1\n|inactive|Battle timer is ON: inactive players will automatically lose when time's up. (requested by daniiivgc)\n|inactive|daniiivgc has 60 seconds left.\n|\n|t:|1774231519\n|move|p1b: Rillaboom|Fake Out|p2b: Miraidon\n|-damage|p2b: Miraidon|88/100\n|move|p2a: Whimsicott|Tailwind|p2a: Whimsicott\n|-sidestart|p2: daniiivgc|move: Tailwind\n|cant|p2b: Miraidon|flinch\n|move|p1a: Calyrex|Astral Barrage|p2a: Whimsicott|[spread] p2a,p2b\n|-damage|p2a: Whimsicott|28/100\n|-damage|p2b: Miraidon|42/100\n|\n|-heal|p2b: Miraidon|49/100|[from] Grassy Terrain\n|-heal|p2a: Whimsicott|34/100|[from] Grassy Terrain\n|upkeep\n|turn|2\n|\n|t:|1774231542\n|move|p2b: Miraidon|Volt Switch|p1b: Rillaboom\n|-resisted|p1b: Rillaboom\n|-damage|p1b: Rillaboom|78/100\n|\n|t:|1774231546\n|switch|p2b: Terrakion|Terrakion, L50|100/100|[from] Volt Switch\n|move|p2a: Whimsicott|Moonblast|p1a: Calyrex\n|-damage|p1a: Calyrex|75/100\n|move|p1a: Calyrex|Astral Barrage|p2a: Whimsicott|[spread] p2a,p2b\n|-damage|p2a: Whimsicott|0 fnt\n|-damage|p2b: Terrakion|44/100\n|faint|p2a: Whimsicott\n|-ability|p1a: Calyrex|Grim Neigh|boost\n|-boost|p1a: Calyrex|spa|1\n|move|p1b: Rillaboom|Wood Hammer|p2b: Terrakion\n|-supereffective|p2b: Terrakion\n|-damage|p2b: Terrakion|0 fnt\n|faint|p2b: Terrakion\n|-damage|p1b: Rillaboom|64/100|[from] Recoil\n|\n|-heal|p1a: Calyrex|81/100|[from] Grassy Terrain\n|-heal|p1b: Rillaboom|70/100|[from] Grassy Terrain\n|upkeep\n|\n|t:|1774231556\n|switch|p2a: Miraidon|Miraidon, L50|49/100\n|switch|p2b: Lunala|Lunala, L50|100/100\n|-fieldstart|move: Electric Terrain|[from] ability: Hadron Engine|[of] p2a: Miraidon\n|turn|3\n|\n|t:|1774231579\n|switch|p1b: Chien-Pao|Chien-Pao, L50|100/100\n|-ability|p1b: Chien-Pao|Sword of Ruin\n|move|p1a: Calyrex|Protect|p1a: Calyrex\n|-singleturn|p1a: Calyrex|Protect\n|move|p2a: Miraidon|Electro Drift|p1b: Chien-Pao\n|-damage|p1b: Chien-Pao|0 fnt\n|faint|p1b: Chien-Pao\n|move|p2b: Lunala|Calm Mind|p2b: Lunala\n|-boost|p2b: Lunala|spa|1\n|-boost|p2b: Lunala|spd|1\n|\n|upkeep\n|\n|t:|1774231588\n|switch|p1b: Rillaboom|Rillaboom, L50, F|70/100\n|-fieldstart|move: Grassy Terrain|[from] ability: Grassy Surge|[of] p1b: Rillaboom\n|turn|4\n|\n|t:|1774231606\n|-terastallize|p2b: Lunala|Fairy\n|-terastallize|p1a: Calyrex|Dark\n|move|p1b: Rillaboom|Fake Out|p2a: Miraidon\n|-damage|p2a: Miraidon|37/100\n|cant|p2a: Miraidon|flinch\n|move|p2b: Lunala|Moonblast|p1a: Calyrex\n|-supereffective|p1a: Calyrex\n|-damage|p1a: Calyrex|0 fnt\n|faint|p1a: Calyrex\n|\n|-heal|p2a: Miraidon|44/100|[from] Grassy Terrain\n|-heal|p1b: Rillaboom|75/100|[from] Grassy Terrain\n|-sideend|p2: daniiivgc|move: Tailwind\n|upkeep\n|\n|t:|1774231615\n|switch|p1a: Zamazenta|Zamazenta-Crowned, L50, shiny|100/100\n|-ability|p1a: Zamazenta|Dauntless Shield|boost\n|-boost|p1a: Zamazenta|def|1\n|turn|5\n|\n|t:|1774231624\n|move|p2a: Miraidon|Electro Drift|p1a: Zamazenta\n|-damage|p1a: Zamazenta|39/100\n|move|p1a: Zamazenta|Behemoth Bash|p2b: Lunala\n|-supereffective|p2b: Lunala\n|-damage|p2b: Lunala|75/100\n|move|p1b: Rillaboom|High Horsepower|p2a: Miraidon|[miss]\n|-miss|p1b: Rillaboom|p2a: Miraidon\n|move|p2b: Lunala|Moongeist Beam|p1a: Zamazenta\n|-damage|p1a: Zamazenta|0 fnt\n|faint|p1a: Zamazenta\n|\n|-heal|p2a: Miraidon|50/100|[from] Grassy Terrain\n|-heal|p1b: Rillaboom|81/100|[from] Grassy Terrain\n|-heal|p2b: Lunala|81/100|[from] Grassy Terrain\n|-heal|p2b: Lunala|88/100|[from] item: Leftovers\n|upkeep\n|turn|6\n|-message|alexit93 forfeited.\n|\n|win|daniiivgc\n|raw|alexit93's rating: 1419 &rarr; <strong>1400</strong><br />(-19 for losing)\n|raw|daniiivgc's rating: 1430 &rarr; <strong>1449</strong><br />(+19 for winning)\n|l|\u2606alexit93\n|player|p1|\n|l|\u203ddaniiivgc\n|player|p2|\n","uploadtime":1774231852,"views":11,"formatid":"gen9vgc2026regi","rating":1400,"private":0,"password":null}