{"id":"gen9vgc2026regi-2568213007","format":"[Gen 9] VGC 2026 Reg I","players":["ASlabOfBacon","slimeslatt252"],"log":"|j|\u2606ASlabOfBacon\n|j|\u2606slimeslatt252\n|t:|1774556394\n|gametype|doubles\n|player|p1|ASlabOfBacon|265|1417\n|player|p2|slimeslatt252|169|1432\n|gen|9\n|tier|[Gen 9] VGC 2026 Reg I\n|rated|\n|rule|Species Clause: Limit one of each Pok\u00e9mon\n|rule|Item Clause: Limit 1 of each item\n|clearpoke\n|poke|p1|Calyrex-Ice, L50|\n|poke|p1|Miraidon, L50|\n|poke|p1|Incineroar, L50, M|\n|poke|p1|Urshifu-*, L50, F|\n|poke|p1|Whimsicott, L50, M|\n|poke|p1|Farigiraf, L50, F|\n|poke|p2|Calyrex-Shadow, L50|\n|poke|p2|Koraidon, L50|\n|poke|p2|Incineroar, L50, M|\n|poke|p2|Raging Bolt, L50|\n|poke|p2|Brute Bonnet, L50|\n|poke|p2|Landorus, L50, M|\n|teampreview|4\n|inactive|Battle timer is ON: inactive players will automatically lose when time's up. (requested by slimeslatt252)\n|\n|t:|1774556423\n|teamsize|p1|4\n|teamsize|p2|4\n|start\n|switch|p1a: Whimsicott|Whimsicott, L50, M|100/100\n|switch|p1b: Miraidon|Miraidon, L50|100/100\n|switch|p2a: Incineroar|Incineroar, L50, M|100/100\n|switch|p2b: raging dingus|Raging Bolt, L50|100/100\n|-fieldstart|move: Electric Terrain|[from] ability: Hadron Engine|[of] p1b: Miraidon\n|-ability|p2a: Incineroar|Intimidate|boost\n|-unboost|p1a: Whimsicott|atk|1\n|-unboost|p1b: Miraidon|atk|1\n|turn|1\n|inactive|ASlabOfBacon has 30 seconds left.\n|\n|t:|1774556452\n|switch|p1b: Farigiraf|Farigiraf, L50, F|100/100\n|-enditem|p1b: Farigiraf|Electric Seed\n|-boost|p1b: Farigiraf|def|1|[from] item: Electric Seed\n|-terastallize|p2b: raging dingus|Electric\n|move|p2a: Incineroar|Fake Out||[still]\n|cant|p1b: Farigiraf|ability: Armor Tail|Fake Out|[of] p2a: Incineroar\n|move|p1a: Whimsicott|Light Screen|p1a: Whimsicott\n|-sidestart|p1: ASlabOfBacon|move: Light Screen\n|move|p2b: raging dingus|Thunderbolt|p1b: Farigiraf\n|-damage|p1b: Farigiraf|49/100\n|\n|upkeep\n|turn|2\n|inactive|ASlabOfBacon has 30 seconds left.\n|\n|t:|1774556487\n|move|p1a: Whimsicott|Moonblast|p2b: raging dingus\n|-damage|p2b: raging dingus|84/100\n|move|p2b: raging dingus|Thunderbolt|p1b: Farigiraf\n|-damage|p1b: Farigiraf|0 fnt\n|faint|p1b: Farigiraf\n|move|p2a: Incineroar|Knock Off|p1a: Whimsicott\n|-resisted|p1a: Whimsicott\n|-damage|p1a: Whimsicott|76/100\n|-enditem|p1a: Whimsicott|Covert Cloak|[from] move: Knock Off|[of] p2a: Incineroar\n|\n|upkeep\n|\n|t:|1774556496\n|switch|p1b: Miraidon|Miraidon, L50|100/100\n|-activate|p1b: Miraidon|ability: Hadron Engine\n|turn|3\n|inactive|ASlabOfBacon has 30 seconds left.\n|inactive|ASlabOfBacon has 20 seconds left.\n|inactive|slimeslatt252 has 30 seconds left.\n|\n|t:|1774556535\n|move|p1a: Whimsicott|Moonblast|p2a: Incineroar\n|-damage|p2a: Incineroar|80/100\n|-unboost|p2a: Incineroar|spa|1\n|move|p1b: Miraidon|Electro Drift|p2a: Incineroar\n|-damage|p2a: Incineroar|0 fnt\n|-damage|p1b: Miraidon|84/100|[from] item: Rocky Helmet|[of] p2a: Incineroar\n|faint|p2a: Incineroar\n|move|p2b: raging dingus|Thunderbolt|p1b: Miraidon\n|-resisted|p1b: Miraidon\n|-damage|p1b: Miraidon|73/100\n|\n|upkeep\n|\n|t:|1774556544\n|switch|p2a: Calyrex|Calyrex-Shadow, L50|100/100\n|-ability|p2a: Calyrex|As One\n|-ability|p2a: Calyrex|Unnerve\n|turn|4\n|j| KittyPON2\n|\n|t:|1774556554\n|move|p1a: Whimsicott|Tailwind|p1a: Whimsicott\n|-sidestart|p1: ASlabOfBacon|move: Tailwind\n|move|p1b: Miraidon|Electro Drift|p2a: Calyrex\n|-enditem|p2a: Calyrex|Focus Sash\n|-damage|p2a: Calyrex|1/100\n|move|p2a: Calyrex|Astral Barrage|p1b: Miraidon|[spread] p1a,p1b\n|-damage|p1a: Whimsicott|30/100\n|-damage|p1b: Miraidon|41/100\n|move|p2b: raging dingus|Dragon Pulse|p1b: Miraidon\n|-supereffective|p1b: Miraidon\n|-damage|p1b: Miraidon|0 fnt\n|faint|p1b: Miraidon\n|\n|upkeep\n|\n|t:|1774556566\n|switch|p1b: Calyrex|Calyrex-Ice, L50|100/100\n|-ability|p1b: Calyrex|As One\n|-ability|p1b: Calyrex|Unnerve\n|turn|5\n|inactive|ASlabOfBacon has 30 seconds left.\n|\n|t:|1774556593\n|-terastallize|p1b: Calyrex|Water\n|move|p2a: Calyrex|Protect|p2a: Calyrex\n|-singleturn|p2a: Calyrex|Protect\n|move|p1a: Whimsicott|Encore|p2b: raging dingus\n|-start|p2b: raging dingus|Encore\n|move|p1b: Calyrex|Glacial Lance|p2a: Calyrex|[spread] p2b\n|-activate|p2a: Calyrex|move: Protect\n|-damage|p2b: raging dingus|41/100\n|move|p2b: raging dingus|Dragon Pulse|p1a: Whimsicott\n|-immune|p1a: Whimsicott\n|\n|-sideend|p1: ASlabOfBacon|move: Light Screen\n|-fieldend|move: Electric Terrain\n|upkeep\n|turn|6\n|\n|t:|1774556613\n|switch|p2a: Koraidon|Koraidon, L50|100/100\n|-weather|SunnyDay|[from] ability: Orichalcum Pulse|[of] p2a: Koraidon\n|-activate|p2b: raging dingus|ability: Protosynthesis\n|-start|p2b: raging dingus|protosynthesisspa\n|-activate|p2a: Koraidon|Orichalcum Pulse|[source]\n|move|p1a: Whimsicott|Encore||[still]\n|-fail|p1a: Whimsicott\n|move|p1b: Calyrex|Glacial Lance|p2a: Koraidon|[spread] p2a,p2b\n|-supereffective|p2a: Koraidon\n|-damage|p2a: Koraidon|10/100\n|-damage|p2b: raging dingus|0 fnt\n|faint|p2b: raging dingus\n|-end|p2b: raging dingus|Protosynthesis|[silent]\n|-ability|p1b: Calyrex|Chilling Neigh|boost\n|-boost|p1b: Calyrex|atk|1\n|\n|-weather|SunnyDay|[upkeep]\n|upkeep\n|\n|t:|1774556626\n|switch|p2b: Calyrex|Calyrex-Shadow, L50|1/100\n|-ability|p2b: Calyrex|As One\n|-ability|p2b: Calyrex|Unnerve\n|turn|7\n|\n|t:|1774556643\n|move|p2a: Koraidon|Protect|p2a: Koraidon\n|-singleturn|p2a: Koraidon|Protect\n|move|p1a: Whimsicott|Moonblast|p2a: Koraidon\n|-activate|p2a: Koraidon|move: Protect\n|move|p2b: Calyrex|Astral Barrage|p1b: Calyrex|[spread] p1a,p1b\n|-damage|p1a: Whimsicott|0 fnt\n|-damage|p1b: Calyrex|67/100\n|faint|p1a: Whimsicott\n|-ability|p2b: Calyrex|Grim Neigh|boost\n|-boost|p2b: Calyrex|spa|1\n|move|p1b: Calyrex|Trick Room|p1b: Calyrex\n|-fieldstart|move: Trick Room|[of] p1b: Calyrex\n|\n|-weather|SunnyDay|[upkeep]\n|-heal|p1b: Calyrex|73/100|[from] item: Leftovers\n|-sideend|p1: ASlabOfBacon|move: Tailwind\n|upkeep\n|turn|8\n|\n|t:|1774556658\n|move|p2a: Koraidon|Protect|p2a: Koraidon\n|-singleturn|p2a: Koraidon|Protect\n|move|p2b: Calyrex|Protect|p2b: Calyrex\n|-singleturn|p2b: Calyrex|Protect\n|move|p1b: Calyrex|Glacial Lance|p2b: Calyrex|[spread] \n|-activate|p2a: Koraidon|move: Protect\n|-activate|p2b: Calyrex|move: Protect\n|\n|-weather|SunnyDay|[upkeep]\n|-heal|p1b: Calyrex|79/100|[from] item: Leftovers\n|upkeep\n|turn|9\n|\n|t:|1774556662\n|move|p2a: Koraidon|Protect||[still]\n|-fail|p2a: Koraidon\n|move|p2b: Calyrex|Protect||[still]\n|-fail|p2b: Calyrex\n|move|p1b: Calyrex|Glacial Lance|p2b: Calyrex|[spread] p2a,p2b\n|-supereffective|p2a: Koraidon\n|-damage|p2a: Koraidon|0 fnt\n|-damage|p2b: Calyrex|0 fnt\n|faint|p2a: Koraidon\n|faint|p2b: Calyrex\n|\n|win|ASlabOfBacon\n|raw|ASlabOfBacon's rating: 1417 &rarr; <strong>1438</strong><br />(+21 for winning)\n|raw|slimeslatt252's rating: 1432 &rarr; <strong>1411</strong><br />(-21 for losing)\n|l|\u2606slimeslatt252\n|player|p2|\n|l|\u2606ASlabOfBacon\n|player|p1|\n|l| KittyPON2\n","uploadtime":1774556862,"views":12,"formatid":"gen9vgc2026regi","rating":1411,"private":0,"password":null}