{"id":"gen9vgc2026regi-2553718966","format":"[Gen 9] VGC 2026 Reg I","players":["cpinalli5","b3testing"],"log":"|j|\u2606cpinalli5\n|j|\u2606b3testing\n|t:|1772866955\n|gametype|doubles\n|player|p1|cpinalli5|elesa|1393\n|player|p2|b3testing|265|1518\n|gen|9\n|tier|[Gen 9] VGC 2026 Reg I\n|rated|\n|rule|Species Clause: Limit one of each Pok\u00e9mon\n|rule|Item Clause: Limit 1 of each item\n|clearpoke\n|poke|p1|Kyogre, L50|\n|poke|p1|Flutter Mane, L50|\n|poke|p1|Urshifu-*, L50, M|\n|poke|p1|Landorus, L50, M|\n|poke|p1|Smeargle, L50, F|\n|poke|p1|Calyrex-Ice, L50|\n|poke|p2|Terapagos, L50, M|\n|poke|p2|Calyrex-Shadow, L50|\n|poke|p2|Incineroar, L50, M|\n|poke|p2|Amoonguss, L50, M|\n|poke|p2|Tornadus, L50, M|\n|poke|p2|Smeargle, L50, M|\n|teampreview|4\n|inactive|Battle timer is ON: inactive players will automatically lose when time's up. (requested by b3testing)\n|inactive|b3testing has 60 seconds left.\n|\n|t:|1772866996\n|teamsize|p1|4\n|teamsize|p2|4\n|start\n|switch|p1a: Calyrex|Calyrex-Ice, L50|100/100\n|switch|p1b: Smeargle|Smeargle, L50, F|100/100\n|switch|p2a: Calyrex|Calyrex-Shadow, L50|100/100\n|switch|p2b: Smeargle|Smeargle, L50, M|100/100\n|-ability|p2a: Calyrex|As One\n|-ability|p2a: Calyrex|Unnerve\n|-ability|p1a: Calyrex|As One\n|-ability|p1a: Calyrex|Unnerve\n|turn|1\n|inactive|cpinalli5 has 30 seconds left.\n|inactive|b3testing has 30 seconds left.\n|inactive|cpinalli5 has 20 seconds left.\n|inactive|cpinalli5 has 15 seconds left.\n|\n|t:|1772867036\n|-terastallize|p1a: Calyrex|Grass\n|move|p2a: Calyrex|Protect|p2a: Calyrex\n|-singleturn|p2a: Calyrex|Protect\n|move|p2b: Smeargle|Fake Out|p1a: Calyrex\n|-damage|p1a: Calyrex|97/100\n|move|p1b: Smeargle|Spore|p2b: Smeargle\n|-status|p2b: Smeargle|slp|[from] move: Spore\n|cant|p1a: Calyrex|flinch\n|\n|-ability|p2b: Smeargle|Moody|boost\n|-boost|p2b: Smeargle|spd|2\n|-unboost|p2b: Smeargle|spe|1\n|-ability|p1b: Smeargle|Moody|boost\n|-boost|p1b: Smeargle|def|2\n|-unboost|p1b: Smeargle|atk|1\n|-enditem|p1b: Smeargle|Eject Pack\n|upkeep\n|inactive|cpinalli5 has 30 seconds left.\n|\n|t:|1772867061\n|switch|p1b: Landorus|Landorus, L50, M|100/100\n|turn|2\n|\n|t:|1772867079\n|move|p1b: Landorus|Protect|p1b: Landorus\n|-singleturn|p1b: Landorus|Protect\n|move|p2a: Calyrex|Astral Barrage|p1b: Landorus|[spread] p1a\n|-activate|p1b: Landorus|move: Protect\n|-damage|p1a: Calyrex|44/100\n|-damage|p2a: Calyrex|91/100|[from] item: Life Orb\n|cant|p2b: Smeargle|slp\n|move|p1a: Calyrex|Trick Room|p1a: Calyrex\n|-fieldstart|move: Trick Room|[of] p1a: Calyrex\n|\n|-ability|p2b: Smeargle|Moody|boost\n|-boost|p2b: Smeargle|spe|2\n|-unboost|p2b: Smeargle|spa|1\n|upkeep\n|turn|3\n|inactive|b3testing has 30 seconds left.\n|\n|t:|1772867109\n|move|p1a: Calyrex|Seed Bomb|p2a: Calyrex\n|-damage|p2a: Calyrex|24/100\n|move|p1b: Landorus|Earth Power|p2a: Calyrex\n|-damage|p2a: Calyrex|0 fnt\n|faint|p2a: Calyrex\n|-curestatus|p2b: Smeargle|slp|[msg]\n|move|p2b: Smeargle|Spore|p1b: Landorus\n|-status|p1b: Landorus|slp|[from] move: Spore\n|\n|-ability|p2b: Smeargle|Moody|boost\n|-boost|p2b: Smeargle|spa|2\n|-unboost|p2b: Smeargle|def|1\n|upkeep\n|\n|t:|1772867115\n|switch|p2a: Terapagos|Terapagos, L50, M|100/100\n|-activate|p2a: Terapagos|ability: Tera Shift\n|detailschange|p2a: Terapagos|Terapagos-Terastal, L50, M\n|-heal|p2a: Terapagos|100/100|[silent]\n|turn|4\n|\n|t:|1772867133\n|switch|p1b: Smeargle|Smeargle, L50, F|100/100\n|move|p2a: Terapagos|Protect|p2a: Terapagos\n|-singleturn|p2a: Terapagos|Protect\n|move|p1a: Calyrex|Seed Bomb|p2b: Smeargle\n|-enditem|p2b: Smeargle|Focus Sash\n|-damage|p2b: Smeargle|1/100\n|move|p2b: Smeargle|Decorate|p2a: Terapagos\n|-boost|p2a: Terapagos|atk|2\n|-boost|p2a: Terapagos|spa|2\n|\n|-ability|p1b: Smeargle|Moody|boost\n|-boost|p1b: Smeargle|atk|2\n|-unboost|p1b: Smeargle|spe|1\n|-ability|p2b: Smeargle|Moody|boost\n|-boost|p2b: Smeargle|spe|2\n|-unboost|p2b: Smeargle|spd|1\n|upkeep\n|turn|5\n|inactive|b3testing has 30 seconds left.\n|\n|t:|1772867162\n|-terastallize|p2a: Terapagos|Stellar\n|detailschange|p2a: Terapagos|Terapagos-Stellar, L50, M, tera:Stellar\n|-heal|p2a: Terapagos|100/100|[silent]\n|move|p1b: Smeargle|Fake Out|p2a: Terapagos\n|-damage|p2a: Terapagos|94/100\n|move|p2b: Smeargle|Follow Me|p2b: Smeargle\n|-singleturn|p2b: Smeargle|move: Follow Me\n|move|p1a: Calyrex|Glacial Lance|p2a: Terapagos|[spread] p2a,p2b\n|-damage|p2a: Terapagos|55/100\n|-damage|p2b: Smeargle|0 fnt\n|faint|p2b: Smeargle\n|-ability|p1a: Calyrex|Chilling Neigh|boost\n|-boost|p1a: Calyrex|atk|1\n|move|p2a: Terapagos|Tera Starstorm|p1a: Calyrex|[spread] p1a,p1b\n|-supereffective|p1a: Calyrex\n|-damage|p1a: Calyrex|0 fnt\n|-damage|p1b: Smeargle|0 fnt\n|faint|p1a: Calyrex\n|faint|p1b: Smeargle\n|\n|upkeep\n|\n|t:|1772867180\n|switch|p1a: Landorus|Landorus, L50, M|100/100 slp\n|switch|p1b: alex|Kyogre, L50|100/100\n|switch|p2b: Amoonguss|Amoonguss, L50, M|100/100\n|-weather|RainDance|[from] ability: Drizzle|[of] p1b: alex\n|turn|6\n|\n|t:|1772867201\n|move|p2b: Amoonguss|Pollen Puff|p2a: Terapagos\n|-heal|p2a: Terapagos|100/100\n|move|p1b: alex|Water Spout|p2b: Amoonguss|[spread] p2a,p2b\n|-resisted|p2b: Amoonguss\n|-damage|p2a: Terapagos|38/100\n|-damage|p2b: Amoonguss|46/100\n|move|p2a: Terapagos|Tera Starstorm|p1b: alex|[spread] p1a,p1b\n|-damage|p1a: Landorus|4/100 slp\n|-damage|p1b: alex|45/100\n|cant|p1a: Landorus|slp\n|\n|-weather|RainDance|[upkeep]\n|-fieldend|move: Trick Room\n|upkeep\n|turn|7\n|\n|t:|1772867223\n|move|p2b: Amoonguss|Rage Powder|p2b: Amoonguss\n|-singleturn|p2b: Amoonguss|move: Rage Powder\n|-curestatus|p1a: Landorus|slp|[msg]\n|move|p1a: Landorus|Sandsear Storm|p2a: Terapagos|[spread] p2a,p2b\n|-damage|p2a: Terapagos|0 fnt\n|-damage|p2b: Amoonguss|0 fnt\n|faint|p2a: Terapagos\n|detailschange|p2: Terapagos|Terapagos, L50, M|[silent]\n|faint|p2b: Amoonguss\n|\n|win|cpinalli5\n|raw|cpinalli5's rating: 1393 &rarr; <strong>1420</strong><br />(+27 for winning)\n|raw|b3testing's rating: 1518 &rarr; <strong>1491</strong><br />(-27 for losing)\n|c|\u2606cpinalli5|gg\n|l|\u2606b3testing\n|player|p2|\n","uploadtime":1772867253,"views":15,"formatid":"gen9vgc2026regi","rating":1420,"private":0,"password":null}