{"id":"gen9vgc2026regi-2525355398","format":"[Gen 9] VGC 2026 Reg I","players":["i\u2764\u5a1c\u7984forever","kerzz49"],"log":"|j|\u2606i\u2764\u5a1c\u7984forever\n|j|\u2606kerzz49\n|t:|1769272159\n|gametype|doubles\n|player|p1|i\u2764\u5a1c\u7984forever|youngcouple-gen4dp|1232\n|player|p2|kerzz49|cilan|1251\n|gen|9\n|tier|[Gen 9] VGC 2026 Reg I\n|rated|\n|rule|Species Clause: Limit one of each Pok\u00e9mon\n|rule|Item Clause: Limit 1 of each item\n|clearpoke\n|poke|p1|Groudon, L50|\n|poke|p1|Kyurem-White, L50|\n|poke|p1|Sableye, L50, M|\n|poke|p1|Articuno-Galar, L50|\n|poke|p1|Rillaboom, L50, F|\n|poke|p1|Primarina, L50, M|\n|poke|p2|Zacian-*, L50|\n|poke|p2|Kyogre, L50|\n|poke|p2|Amoonguss, L50, M|\n|poke|p2|Roaring Moon, L50|\n|poke|p2|Urshifu-*, L50, F|\n|poke|p2|Chien-Pao, L50|\n|teampreview|4\n|inactive|Battle timer is ON: inactive players will automatically lose when time's up. (requested by kerzz49)\n|\n|t:|1769272218\n|teamsize|p1|4\n|teamsize|p2|4\n|start\n|switch|p1a: Sableye|Sableye, L50, M|100/100\n|switch|p1b: Kyurem|Kyurem-White, L50|100/100\n|switch|p2a: Urshifu|Urshifu-Rapid-Strike, L50, F|100/100\n|switch|p2b: Chien-Pao|Chien-Pao, L50|100/100\n|-ability|p1b: Kyurem|Turboblaze\n|-ability|p2b: Chien-Pao|Sword of Ruin\n|turn|1\n|inactive|i\u2764\u5a1c\u7984forever has 30 seconds left.\n|inactive|kerzz49 has 30 seconds left.\n|\n|t:|1769272248\n|move|p1a: Sableye|Fake Out|p2a: Urshifu\n|-damage|p2a: Urshifu|90/100\n|move|p1b: Kyurem|Blizzard|p2a: Urshifu|[spread] p2b\n|-miss|p1b: Kyurem|p2a: Urshifu\n|-resisted|p2b: Chien-Pao\n|-damage|p2b: Chien-Pao|56/100\n|move|p2b: Chien-Pao|Ice Spinner|p1a: Sableye\n|-damage|p1a: Sableye|25/100\n|cant|p2a: Urshifu|flinch\n|\n|upkeep\n|turn|2\n|\n|t:|1769272267\n|move|p1a: Sableye|Gravity|p1a: Sableye\n|-fieldstart|move: Gravity\n|move|p1b: Kyurem|Blizzard|p2b: Chien-Pao|[spread] p2a,p2b\n|-resisted|p2a: Urshifu\n|-resisted|p2b: Chien-Pao\n|-damage|p2a: Urshifu|50/100\n|-damage|p2b: Chien-Pao|11/100\n|move|p2b: Chien-Pao|Ice Spinner|p1a: Sableye\n|-damage|p1a: Sableye|0 fnt\n|faint|p1a: Sableye\n|move|p2a: Urshifu|Surging Strikes|p1b: Kyurem\n|-resisted|p1b: Kyurem\n|-crit|p1b: Kyurem\n|-damage|p1b: Kyurem|88/100\n|-resisted|p1b: Kyurem\n|-crit|p1b: Kyurem\n|-damage|p1b: Kyurem|73/100\n|-resisted|p1b: Kyurem\n|-crit|p1b: Kyurem\n|-damage|p1b: Kyurem|59/100\n|-hitcount|p1b: Kyurem|3\n|\n|upkeep\n|\n|t:|1769272279\n|switch|p1a: Primarina|Primarina, L50, M|100/100\n|turn|3\n|\n|t:|1769272299\n|switch|p2a: Kyogre|Kyogre, L50|100/100\n|-weather|RainDance|[from] ability: Drizzle|[of] p2a: Kyogre\n|move|p2b: Chien-Pao|Sucker Punch|p1b: Kyurem\n|-damage|p1b: Kyurem|13/100\n|move|p1b: Kyurem|Blizzard|p2a: Kyogre|[spread] p2a,p2b\n|-resisted|p2a: Kyogre\n|-resisted|p2b: Chien-Pao\n|-damage|p2a: Kyogre|82/100\n|-damage|p2b: Chien-Pao|0 fnt\n|-status|p2a: Kyogre|frz\n|faint|p2b: Chien-Pao\n|move|p1a: Primarina|Hyper Voice|p2a: Kyogre\n|-resisted|p2a: Kyogre\n|-damage|p2a: Kyogre|59/100 frz\n|-enditem|p1a: Primarina|Throat Spray\n|-boost|p1a: Primarina|spa|1|[from] item: Throat Spray\n|\n|-weather|RainDance|[upkeep]\n|upkeep\n|\n|t:|1769272311\n|switch|p2b: Zacian|Zacian-Crowned, L50|100/100\n|-ability|p2b: Zacian|Intrepid Sword|boost\n|-boost|p2b: Zacian|atk|1\n|turn|4\n|\n|t:|1769272323\n|move|p1b: Kyurem|Blizzard|p2b: Zacian|[spread] p2a,p2b\n|-resisted|p2a: Kyogre\n|-resisted|p2b: Zacian\n|-damage|p2a: Kyogre|41/100 frz\n|-damage|p2b: Zacian|79/100\n|move|p2b: Zacian|Behemoth Blade|p1b: Kyurem\n|-supereffective|p1b: Kyurem\n|-damage|p1b: Kyurem|0 fnt\n|faint|p1b: Kyurem\n|cant|p2a: Kyogre|frz\n|move|p1a: Primarina|Energy Ball|p2a: Kyogre\n|-supereffective|p2a: Kyogre\n|-damage|p2a: Kyogre|0 fnt\n|faint|p2a: Kyogre\n|\n|-weather|RainDance|[upkeep]\n|upkeep\n|\n|t:|1769272331\n|switch|p1b: Groudon|Groudon, L50|100/100\n|switch|p2a: Urshifu|Urshifu-Rapid-Strike, L50, F|50/100\n|-weather|SunnyDay|[from] ability: Drought|[of] p1b: Groudon\n|turn|5\n|\n|t:|1769272348\n|-terastallize|p2b: Zacian|Fairy\n|-terastallize|p1b: Groudon|Water\n|move|p2b: Zacian|Play Rough|p1b: Groudon\n|-damage|p1b: Groudon|41/100\n|move|p2a: Urshifu|Surging Strikes|p1b: Groudon\n|-resisted|p1b: Groudon\n|-crit|p1b: Groudon\n|-damage|p1b: Groudon|38/100\n|-resisted|p1b: Groudon\n|-crit|p1b: Groudon\n|-damage|p1b: Groudon|35/100\n|-resisted|p1b: Groudon\n|-crit|p1b: Groudon\n|-damage|p1b: Groudon|32/100\n|-hitcount|p1b: Groudon|3\n|move|p1b: Groudon|Precipice Blades|p2a: Urshifu|[spread] p2a,p2b\n|-damage|p2a: Urshifu|0 fnt\n|-damage|p2b: Zacian|34/100\n|faint|p2a: Urshifu\n|move|p1a: Primarina|Moonblast|p2b: Zacian\n|-damage|p2b: Zacian|0 fnt\n|faint|p2b: Zacian\n|\n|win|i\u2764\u5a1c\u7984forever\n|raw|i\u2764\u5a1c\u7984forever's rating: 1232 &rarr; <strong>1258</strong><br />(+26 for winning)\n|raw|kerzz49's rating: 1251 &rarr; <strong>1225</strong><br />(-26 for losing)\n|l|\u2606kerzz49\n|player|p2|\n","uploadtime":1769272496,"views":11,"formatid":"gen9vgc2026regi","rating":1225,"private":0,"password":null}