{"id":"gen9vgc2026regi-2560436959","format":"[Gen 9] VGC 2026 Reg I","players":["benniOVY","sleemo2"],"log":"|j|\u2606benniOVY\n|j|\u2606sleemo2\n|t:|1773687127\n|gametype|doubles\n|player|p1|benniOVY|psychic-gen4|1456\n|player|p2|sleemo2|acetrainerf|1455\n|gen|9\n|tier|[Gen 9] VGC 2026 Reg I\n|rated|\n|rule|Species Clause: Limit one of each Pok\u00e9mon\n|rule|Item Clause: Limit 1 of each item\n|clearpoke\n|poke|p1|Calyrex-Shadow, L50|\n|poke|p1|Koraidon, L50|\n|poke|p1|Brute Bonnet, L50|\n|poke|p1|Incineroar, L50, M|\n|poke|p1|Landorus, L50, M|\n|poke|p1|Raging Bolt, L50|\n|poke|p2|Chien-Pao, L50|\n|poke|p2|Zacian-*, L50|\n|poke|p2|Kyogre, L50|\n|poke|p2|Urshifu-*, L50, M|\n|poke|p2|Roaring Moon, L50|\n|poke|p2|Amoonguss, L50, M|\n|teampreview|4\n|\n|t:|1773687170\n|teamsize|p1|4\n|teamsize|p2|4\n|start\n|switch|p1a: Brute Bonnet|Brute Bonnet, L50|100/100\n|switch|p1b: Raging Bolt|Raging Bolt, L50|100/100\n|switch|p2a: Prince|Zacian-Crowned, L50, shiny|100/100\n|switch|p2b: Stars|Roaring Moon, L50|100/100\n|-ability|p2a: Prince|Intrepid Sword|boost\n|-boost|p2a: Prince|atk|1\n|-enditem|p2b: Stars|Booster Energy\n|-activate|p2b: Stars|ability: Protosynthesis|[fromitem]\n|-start|p2b: Stars|protosynthesisspe\n|-enditem|p1a: Brute Bonnet|Booster Energy\n|-activate|p1a: Brute Bonnet|ability: Protosynthesis|[fromitem]\n|-start|p1a: Brute Bonnet|protosynthesisdef\n|turn|1\n|\n|t:|1773687189\n|-terastallize|p1a: Brute Bonnet|Fire\n|move|p1a: Brute Bonnet|Sucker Punch|p2a: Prince\n|-resisted|p2a: Prince\n|-damage|p2a: Prince|86/100\n|move|p2b: Stars|Acrobatics|p1a: Brute Bonnet\n|-damage|p1a: Brute Bonnet|82/100\n|move|p2a: Prince|Play Rough|p1a: Brute Bonnet\n|-resisted|p1a: Brute Bonnet\n|-damage|p1a: Brute Bonnet|61/100\n|move|p1b: Raging Bolt|Electroweb|p2a: Prince|[spread] p2a,p2b\n|-resisted|p2b: Stars\n|-damage|p2a: Prince|65/100\n|-damage|p2b: Stars|90/100\n|-unboost|p2a: Prince|spe|1\n|-unboost|p2b: Stars|spe|1\n|\n|upkeep\n|turn|2\n|c|\u2606benniOVY|fuck\n|c|\u2606benniOVY|i have the moves in the wrong slot\n|\n|t:|1773687209\n|move|p2b: Stars|Protect|p2b: Stars\n|-singleturn|p2b: Stars|Protect\n|move|p2a: Prince|Play Rough|p1b: Raging Bolt|[miss]\n|-miss|p2a: Prince|p1b: Raging Bolt\n|move|p1b: Raging Bolt|Draco Meteor|p2b: Stars\n|-activate|p2b: Stars|move: Protect\n|move|p1a: Brute Bonnet|Spore|p2a: Prince\n|-status|p2a: Prince|slp|[from] move: Spore\n|\n|upkeep\n|turn|3\n|c|\u2606sleemo2|its fine i missed my play rough\n|\n|t:|1773687239\n|-end|p1a: Brute Bonnet|Protosynthesis|[silent]\n|switch|p1a: Calyrex|Calyrex-Shadow, L50|100/100\n|-ability|p1a: Calyrex|As One\n|-ability|p1a: Calyrex|Unnerve\n|move|p2b: Stars|Tailwind|p2b: Stars\n|-sidestart|p2: sleemo2|move: Tailwind\n|cant|p2a: Prince|slp\n|move|p1b: Raging Bolt|Draco Meteor|p2b: Stars\n|-supereffective|p2b: Stars\n|-damage|p2b: Stars|0 fnt\n|-unboost|p1b: Raging Bolt|spa|2\n|faint|p2b: Stars\n|-end|p2b: Stars|Protosynthesis|[silent]\n|\n|upkeep\n|\n|t:|1773687247\n|switch|p2b: Runaway|Kyogre, L50, shiny|100/100\n|-weather|RainDance|[from] ability: Drizzle|[of] p2b: Runaway\n|turn|4\n|\n|t:|1773687252\n|-end|p1b: Raging Bolt|Protosynthesis|[silent]\n|switch|p1b: Koraidon|Koraidon, L50|100/100\n|-weather|SunnyDay|[from] ability: Orichalcum Pulse|[of] p1b: Koraidon\n|-activate|p1b: Koraidon|Orichalcum Pulse|[source]\n|-terastallize|p2b: Runaway|Grass\n|-curestatus|p2a: Prince|slp|[msg]\n|move|p2a: Prince|Behemoth Blade|p1a: Calyrex\n|-enditem|p1a: Calyrex|Focus Sash\n|-damage|p1a: Calyrex|1/100\n|move|p2b: Runaway|Water Spout|p1b: Koraidon|[spread] p1a,p1b\n|-crit|p1a: Calyrex\n|-resisted|p1b: Koraidon\n|-damage|p1a: Calyrex|0 fnt\n|-damage|p1b: Koraidon|83/100\n|faint|p1a: Calyrex\n|\n|-weather|SunnyDay|[upkeep]\n|upkeep\n|c|\u2606benniOVY|but you get the t1 wake\n|\n|t:|1773687264\n|switch|p1a: Brute Bonnet|Brute Bonnet, L50, tera:Fire|61/100\n|-activate|p1a: Brute Bonnet|ability: Protosynthesis\n|-start|p1a: Brute Bonnet|protosynthesisdef\n|turn|5\n|\n|t:|1773687312\n|move|p1a: Brute Bonnet|Rage Powder|p1a: Brute Bonnet\n|-singleturn|p1a: Brute Bonnet|move: Rage Powder\n|move|p2a: Prince|Swords Dance|p2a: Prince\n|-boost|p2a: Prince|atk|2\n|move|p2b: Runaway|Water Spout|p1a: Brute Bonnet|[spread] p1a,p1b\n|-supereffective|p1a: Brute Bonnet\n|-resisted|p1b: Koraidon\n|-damage|p1a: Brute Bonnet|0 fnt\n|-damage|p1b: Koraidon|65/100\n|faint|p1a: Brute Bonnet\n|-end|p1a: Brute Bonnet|Protosynthesis|[silent]\n|move|p1b: Koraidon|Flame Charge|p2a: Prince\n|-supereffective|p2a: Prince\n|-damage|p2a: Prince|3/100\n|-boost|p1b: Koraidon|spe|1\n|\n|-weather|SunnyDay|[upkeep]\n|upkeep\n|\n|t:|1773687319\n|switch|p1a: Raging Bolt|Raging Bolt, L50|100/100\n|-activate|p1a: Raging Bolt|ability: Protosynthesis\n|-start|p1a: Raging Bolt|protosynthesisspa\n|turn|6\n|\n|t:|1773687333\n|switch|p2b: Frostbite|Chien-Pao, L50|100/100\n|-ability|p2b: Frostbite|Sword of Ruin\n|move|p1a: Raging Bolt|Thunderclap||[still]\n|-fail|p1a: Raging Bolt\n|move|p2a: Prince|Swords Dance|p2a: Prince\n|-boost|p2a: Prince|atk|2\n|move|p1b: Koraidon|Flare Blitz|p2b: Frostbite\n|-supereffective|p2b: Frostbite\n|-enditem|p2b: Frostbite|Focus Sash\n|-damage|p2b: Frostbite|1/100\n|-damage|p1b: Koraidon|38/100|[from] Recoil\n|\n|-weather|SunnyDay|[upkeep]\n|-sideend|p2: sleemo2|move: Tailwind\n|upkeep\n|turn|7\n|\n|t:|1773687352\n|move|p2b: Frostbite|Sucker Punch|p1b: Koraidon\n|-resisted|p1b: Koraidon\n|-damage|p1b: Koraidon|17/100\n|move|p1a: Raging Bolt|Thunderclap|p2a: Prince\n|-damage|p2a: Prince|0 fnt\n|faint|p2a: Prince\n|move|p1b: Koraidon|Flame Charge|p2b: Frostbite\n|-supereffective|p2b: Frostbite\n|-damage|p2b: Frostbite|0 fnt\n|-boost|p1b: Koraidon|spe|1\n|faint|p2b: Frostbite\n|\n|-weather|SunnyDay|[upkeep]\n|upkeep\n|\n|t:|1773687357\n|switch|p2a: Runaway|Kyogre, L50, shiny, tera:Grass|100/100\n|-weather|RainDance|[from] ability: Drizzle|[of] p2a: Runaway\n|-end|p1a: Raging Bolt|Protosynthesis\n|turn|8\n|\n|t:|1773687364\n|move|p1b: Koraidon|Protect|p1b: Koraidon\n|-singleturn|p1b: Koraidon|Protect\n|move|p2a: Runaway|Water Spout|p1b: Koraidon|[spread] p1a\n|-activate|p1b: Koraidon|move: Protect\n|-resisted|p1a: Raging Bolt\n|-damage|p1a: Raging Bolt|64/100\n|move|p1a: Raging Bolt|Snarl|p2a: Runaway\n|-damage|p2a: Runaway|87/100\n|-unboost|p2a: Runaway|spa|1\n|\n|-weather|RainDance|[upkeep]\n|upkeep\n|turn|9\n|\n|t:|1773687383\n|move|p1b: Koraidon|Close Combat|p2a: Runaway\n|-damage|p2a: Runaway|25/100\n|-unboost|p1b: Koraidon|def|1\n|-unboost|p1b: Koraidon|spd|1\n|move|p2a: Runaway|Origin Pulse|p1a: Raging Bolt|[spread] p1a\n|-miss|p2a: Runaway|p1b: Koraidon\n|-resisted|p1a: Raging Bolt\n|-damage|p1a: Raging Bolt|48/100\n|move|p1a: Raging Bolt|Draco Meteor|p2a: Runaway\n|-damage|p2a: Runaway|0 fnt\n|-unboost|p1a: Raging Bolt|spa|2\n|faint|p2a: Runaway\n|\n|win|benniOVY\n|raw|benniOVY's rating: 1456 &rarr; <strong>1476</strong><br />(+20 for winning)\n|raw|sleemo2's rating: 1455 &rarr; <strong>1435</strong><br />(-20 for losing)\n|l|\u2606sleemo2\n|player|p2|\n|c|\u2606benniOVY|ggs\n|l|\u2606benniOVY\n|player|p1|\n","uploadtime":1773687658,"views":20,"formatid":"gen9vgc2026regi","rating":1435,"private":0,"password":null}