{"id":"gen9vgc2026regi-2537133165","format":"[Gen 9] VGC 2026 Reg I","players":["SnarkyShane","ConnerTEP"],"log":"|j|\u2606SnarkyShane\n|j|\u2606ConnerTEP\n|t:|1770769783\n|gametype|doubles\n|player|p1|SnarkyShane|gambler|1415\n|player|p2|ConnerTEP|acerola-masters2|1493\n|gen|9\n|tier|[Gen 9] VGC 2026 Reg I\n|rated|\n|rule|Species Clause: Limit one of each Pok\u00e9mon\n|rule|Item Clause: Limit 1 of each item\n|clearpoke\n|poke|p1|Rayquaza, L50|\n|poke|p1|Calyrex-Shadow, L50|\n|poke|p1|Chien-Pao, L50|\n|poke|p1|Ting-Lu, L50|\n|poke|p1|Amoonguss, L50, M|\n|poke|p1|Avalugg-Hisui, L50, M|\n|poke|p2|Groudon, L50|\n|poke|p2|Miraidon, L50|\n|poke|p2|Farigiraf, L50, F|\n|poke|p2|Walking Wake, L50|\n|poke|p2|Iron Hands, L50|\n|poke|p2|Ogerpon-Hearthflame, L50, F|\n|teampreview|4\n|inactive|Battle timer is ON: inactive players will automatically lose when time's up. (requested by ConnerTEP)\n|inactive|SnarkyShane also wants the timer to be on.\n|c|\u2606ConnerTEP|We really running out of mons to use\n|inactive|SnarkyShane has 60 seconds left.\n|\n|t:|1770769831\n|teamsize|p1|4\n|teamsize|p2|4\n|start\n|switch|p1a: Noodle Del Muerte|Rayquaza, L50|100/100\n|switch|p1b: Breathe Deep|Amoonguss, L50, M|100/100\n|switch|p2a: Miraidon|Miraidon, L50|100/100\n|switch|p2b: Farigiraf|Farigiraf, L50, F|100/100\n|-fieldstart|move: Electric Terrain|[from] ability: Hadron Engine|[of] p2a: Miraidon\n|-enditem|p2b: Farigiraf|Electric Seed\n|-boost|p2b: Farigiraf|def|1|[from] item: Electric Seed\n|-ability|p1a: Noodle Del Muerte|Air Lock\n|turn|1\n|inactive|ConnerTEP has 30 seconds left.\n|\n|t:|1770769859\n|move|p1b: Breathe Deep|Rage Powder|p1b: Breathe Deep\n|-singleturn|p1b: Breathe Deep|move: Rage Powder\n|move|p2a: Miraidon|Volt Switch|p1b: Breathe Deep\n|-resisted|p1b: Breathe Deep\n|-damage|p1b: Breathe Deep|72/100\n|\n|t:|1770769863\n|switch|p2a: Iron Hands|Iron Hands, L50|100/100|[from] Volt Switch\n|-activate|p2a: Iron Hands|ability: Quark Drive\n|-start|p2a: Iron Hands|quarkdriveatk\n|move|p1a: Noodle Del Muerte|Swords Dance|p1a: Noodle Del Muerte\n|-boost|p1a: Noodle Del Muerte|atk|2\n|move|p2b: Farigiraf|Psychic|p1b: Breathe Deep\n|-supereffective|p1b: Breathe Deep\n|-damage|p1b: Breathe Deep|20/100\n|-enditem|p1b: Breathe Deep|Sitrus Berry|[eat]\n|-heal|p1b: Breathe Deep|44/100|[from] item: Sitrus Berry\n|\n|upkeep\n|turn|2\n|inactive|SnarkyShane has 30 seconds left.\n|inactive|SnarkyShane has 20 seconds left.\n|inactive|SnarkyShane has 15 seconds left.\n|inactive|SnarkyShane has 10 seconds left.\n|\n|t:|1770769911\n|move|p1a: Noodle Del Muerte|Protect|p1a: Noodle Del Muerte\n|-singleturn|p1a: Noodle Del Muerte|Protect\n|move|p1b: Breathe Deep|Protect|p1b: Breathe Deep\n|-singleturn|p1b: Breathe Deep|Protect\n|move|p2a: Iron Hands|Fake Out|p1a: Noodle Del Muerte\n|-activate|p1a: Noodle Del Muerte|move: Protect\n|move|p2b: Farigiraf|Trick Room|p2b: Farigiraf\n|-fieldstart|move: Trick Room|[of] p2b: Farigiraf\n|\n|upkeep\n|turn|3\n|j| jamel1\n|inactive|SnarkyShane has 30 seconds left.\n|l| jamel1\n|inactive|SnarkyShane has 20 seconds left.\n|inactive|SnarkyShane has 15 seconds left.\n|inactive|SnarkyShane has 10 seconds left.\n|\n|t:|1770769956\n|switch|p1b: Victor Creed|Chien-Pao, L50|100/100\n|-ability|p1b: Victor Creed|Sword of Ruin\n|move|p2a: Iron Hands|Wild Charge|p1a: Noodle Del Muerte\n|-damage|p1a: Noodle Del Muerte|0 fnt\n|faint|p1a: Noodle Del Muerte\n|-damage|p2a: Iron Hands|79/100|[from] Recoil\n|move|p2b: Farigiraf|Psychic|p1b: Victor Creed\n|-immune|p1b: Victor Creed\n|\n|upkeep\n|\n|t:|1770769970\n|switch|p1a: FesterinEquestrian|Calyrex-Shadow, L50|100/100\n|-ability|p1a: FesterinEquestrian|As One\n|-ability|p1a: FesterinEquestrian|Unnerve\n|turn|4\n|\n|t:|1770769981\n|move|p2a: Iron Hands|Drain Punch|p1b: Victor Creed\n|-supereffective|p1b: Victor Creed\n|-damage|p1b: Victor Creed|0 fnt\n|-heal|p2a: Iron Hands|100/100|[from] drain|[of] p1b: Victor Creed\n|faint|p1b: Victor Creed\n|move|p2b: Farigiraf|Foul Play|p1a: FesterinEquestrian\n|-supereffective|p1a: FesterinEquestrian\n|-damage|p1a: FesterinEquestrian|34/100\n|move|p1a: FesterinEquestrian|Psychic|p2a: Iron Hands\n|-supereffective|p2a: Iron Hands\n|-damage|p2a: Iron Hands|43/100\n|\n|upkeep\n|\n|t:|1770769987\n|switch|p1b: Breathe Deep|Amoonguss, L50, M|77/100\n|turn|5\n|\n|t:|1770770007\n|move|p1a: FesterinEquestrian|Protect|p1a: FesterinEquestrian\n|-singleturn|p1a: FesterinEquestrian|Protect\n|move|p1b: Breathe Deep|Pollen Puff|p2b: Farigiraf\n|-supereffective|p2b: Farigiraf\n|-damage|p2b: Farigiraf|64/100\n|move|p2a: Iron Hands|Wild Charge|p1b: Breathe Deep\n|-resisted|p1b: Breathe Deep\n|-damage|p1b: Breathe Deep|40/100\n|-damage|p2a: Iron Hands|34/100|[from] Recoil\n|move|p2b: Farigiraf|Psychic|p1b: Breathe Deep\n|-supereffective|p1b: Breathe Deep\n|-damage|p1b: Breathe Deep|0 fnt\n|faint|p1b: Breathe Deep\n|\n|-fieldend|move: Electric Terrain\n|-end|p2a: Iron Hands|Quark Drive\n|upkeep\n|turn|6\n|-message|SnarkyShane forfeited.\n|\n|win|ConnerTEP\n|raw|SnarkyShane's rating: 1415 &rarr; <strong>1399</strong><br />(-16 for losing)\n|raw|ConnerTEP's rating: 1493 &rarr; <strong>1509</strong><br />(+16 for winning)\n|l|\u2606SnarkyShane\n|player|p1|\n|l|\u2606ConnerTEP\n|player|p2|\n","uploadtime":1770770154,"views":30,"formatid":"gen9vgc2026regi","rating":1399,"private":0,"password":null}