{"id":"gen9vgc2026regi-2563475588","format":"[Gen 9] VGC 2026 Reg I","players":["Galact7adi","DontFuckWithMeBro"],"log":"|j|\u2606Galact7adi\n|j|\u2606DontFuckWithMeBro\n|t:|1774029478\n|gametype|doubles\n|player|p1|Galact7adi|266|1433\n|player|p2|DontFuckWithMeBro|2|1382\n|gen|9\n|tier|[Gen 9] VGC 2026 Reg I\n|rated|\n|rule|Species Clause: Limit one of each Pok\u00e9mon\n|rule|Item Clause: Limit 1 of each item\n|clearpoke\n|poke|p1|Calyrex-Shadow, L50|\n|poke|p1|Zamazenta-*, L50|\n|poke|p1|Chien-Pao, L50|\n|poke|p1|Dragonite, L50, M|\n|poke|p1|Raging Bolt, L50|\n|poke|p1|Amoonguss, L50, M|\n|poke|p2|Miraidon, L50|\n|poke|p2|Ursaluna, L50, M|\n|poke|p2|Drifblim, L50, F|\n|poke|p2|Calyrex-Ice, L50|\n|poke|p2|Incineroar, L50, M|\n|poke|p2|Ogerpon-Wellspring, L50, F|\n|teampreview|4\n|inactive|Battle timer is ON: inactive players will automatically lose when time's up. (requested by Galact7adi)\n|inactive|Galact7adi has 60 seconds left.\n|\n|t:|1774029511\n|teamsize|p1|4\n|teamsize|p2|4\n|start\n|switch|p1a: Calyrex|Calyrex-Shadow, L50|100/100\n|switch|p1b: Chien-Pao|Chien-Pao, L50|100/100\n|switch|p2a: Ogerpon|Ogerpon-Wellspring, L50, F|100/100\n|switch|p2b: Calyrex|Calyrex-Ice, L50|100/100\n|-ability|p1a: Calyrex|As One\n|-ability|p1a: Calyrex|Unnerve\n|-ability|p2b: Calyrex|As One\n|-ability|p2b: Calyrex|Unnerve\n|-ability|p1b: Chien-Pao|Sword of Ruin\n|turn|1\n|\n|t:|1774029524\n|-terastallize|p1a: Calyrex|Ghost\n|-terastallize|p2b: Calyrex|Water\n|move|p1a: Calyrex|Astral Barrage|p2b: Calyrex|[spread] p2a,p2b\n|-damage|p2a: Ogerpon|27/100\n|-damage|p2b: Calyrex|58/100\n|move|p1b: Chien-Pao|Ice Spinner|p2b: Calyrex\n|-resisted|p2b: Calyrex\n|-damage|p2b: Calyrex|44/100\n|move|p2a: Ogerpon|Ivy Cudgel|p1a: Calyrex|[anim] Ivy Cudgel Water\n|-damage|p1a: Calyrex|6/100\n|move|p2b: Calyrex|Glacial Lance|p1a: Calyrex|[spread] p1a,p1b\n|-resisted|p1b: Chien-Pao\n|-damage|p1a: Calyrex|0 fnt\n|-damage|p1b: Chien-Pao|65/100\n|faint|p1a: Calyrex\n|-ability|p2b: Calyrex|Chilling Neigh|boost\n|-boost|p2b: Calyrex|atk|1\n|\n|upkeep\n|\n|t:|1774029541\n|switch|p1a: Raging Bolt|Raging Bolt, L50|100/100\n|-enditem|p1a: Raging Bolt|Booster Energy\n|-activate|p1a: Raging Bolt|ability: Protosynthesis|[fromitem]\n|-start|p1a: Raging Bolt|protosynthesisspa\n|turn|2\n|\n|t:|1774029545\n|switch|p2a: Incineroar|Incineroar, L50, M|100/100\n|-ability|p2a: Incineroar|Intimidate|boost\n|-unboost|p1a: Raging Bolt|atk|1\n|-unboost|p1b: Chien-Pao|atk|1\n|move|p2b: Calyrex|Protect|p2b: Calyrex\n|-singleturn|p2b: Calyrex|Protect\n|move|p1b: Chien-Pao|Ice Spinner|p2a: Incineroar\n|-resisted|p2a: Incineroar\n|-damage|p2a: Incineroar|89/100\n|move|p1a: Raging Bolt|Thunderbolt|p2b: Calyrex\n|-activate|p2b: Calyrex|move: Protect\n|\n|upkeep\n|turn|3\n|\n|t:|1774029561\n|move|p1a: Raging Bolt|Protect|p1a: Raging Bolt\n|-singleturn|p1a: Raging Bolt|Protect\n|move|p2a: Incineroar|Fake Out|p1a: Raging Bolt\n|-activate|p1a: Raging Bolt|move: Protect\n|move|p1b: Chien-Pao|Ruination|p2a: Incineroar\n|-damage|p2a: Incineroar|45/100\n|move|p2b: Calyrex|Trick Room|p2b: Calyrex\n|-fieldstart|move: Trick Room|[of] p2b: Calyrex\n|\n|upkeep\n|turn|4\n|\n|t:|1774029572\n|switch|p2b: Ursaluna|Ursaluna, L50, M|100/100\n|move|p1a: Raging Bolt|Thunderclap||[still]\n|-fail|p1a: Raging Bolt\n|move|p1b: Chien-Pao|Sucker Punch||[still]\n|-fail|p1b: Chien-Pao\n|move|p2a: Incineroar|Flare Blitz|p1b: Chien-Pao\n|-supereffective|p1b: Chien-Pao\n|-damage|p1b: Chien-Pao|0 fnt\n|faint|p1b: Chien-Pao\n|-damage|p2a: Incineroar|28/100|[from] Recoil\n|\n|-status|p2b: Ursaluna|brn|[from] item: Flame Orb\n|upkeep\n|\n|t:|1774029575\n|switch|p1b: Zamazenta|Zamazenta-Crowned, L50|100/100\n|-ability|p1b: Zamazenta|Dauntless Shield|boost\n|-boost|p1b: Zamazenta|def|1\n|turn|5\n|\n|t:|1774029596\n|switch|p2a: Ogerpon|Ogerpon-Wellspring, L50, F|27/100\n|move|p1a: Raging Bolt|Protect|p1a: Raging Bolt\n|-singleturn|p1a: Raging Bolt|Protect\n|move|p2b: Ursaluna|Headlong Rush|p1a: Raging Bolt\n|-activate|p1a: Raging Bolt|move: Protect\n|move|p1b: Zamazenta|Body Press|p2b: Ursaluna\n|-supereffective|p2b: Ursaluna\n|-damage|p2b: Ursaluna|0 fnt\n|faint|p2b: Ursaluna\n|\n|upkeep\n|-message|DontFuckWithMeBro forfeited.\n|\n|win|Galact7adi\n|raw|Galact7adi's rating: 1433 &rarr; <strong>1450</strong><br />(+17 for winning)\n|raw|DontFuckWithMeBro's rating: 1382 &rarr; <strong>1365</strong><br />(-17 for losing)\n","uploadtime":1774029602,"views":13,"formatid":"gen9vgc2026regi","rating":1365,"private":0,"password":null}