{"id":"gen9vgc2026regi-2563080573","format":"[Gen 9] VGC 2026 Reg I","players":["something123","Bman311"],"log":"|j|\u2606something123\n|j|\u2606Bman311\n|t:|1773982221\n|gametype|doubles\n|player|p1|something123|169|1483\n|player|p2|Bman311|cynthia-gen7|1506\n|gen|9\n|tier|[Gen 9] VGC 2026 Reg I\n|rated|\n|rule|Species Clause: Limit one of each Pok\u00e9mon\n|rule|Item Clause: Limit 1 of each item\n|clearpoke\n|poke|p1|Koraidon, L50|\n|poke|p1|Iron Treads, L50|\n|poke|p1|Incineroar, L50, M|\n|poke|p1|Raging Bolt, L50|\n|poke|p1|Flutter Mane, L50|\n|poke|p1|Ho-Oh, L50|\n|poke|p2|Koraidon, L50|\n|poke|p2|Lunala, L50|\n|poke|p2|Incineroar, L50, F|\n|poke|p2|Brute Bonnet, L50|\n|poke|p2|Flutter Mane, L50|\n|poke|p2|Ursaluna, L50, M|\n|teampreview|4\n|inactive|Battle timer is ON: inactive players will automatically lose when time's up. (requested by Bman311)\nBman311 has agreed to open team sheets.\n|inactive|something123 has 60 seconds left.\n|\n|t:|1773982264\n|teamsize|p1|4\n|teamsize|p2|4\n|start\n|switch|p1a: Ho-Oh|Ho-Oh, L50|100/100\n|switch|p1b: Incineroar|Incineroar, L50, M|100/100\n|switch|p2a: Lunala|Lunala, L50|100/100\n|switch|p2b: Incineroar|Incineroar, L50, F|100/100\n|-ability|p2b: Incineroar|Intimidate|boost\n|-fail|p1a: Ho-Oh|unboost|[from] item: Clear Amulet|[of] p1a: Ho-Oh\n|-unboost|p1b: Incineroar|atk|1\n|-ability|p1b: Incineroar|Intimidate|boost\n|-unboost|p2a: Lunala|atk|1\n|-unboost|p2b: Incineroar|atk|1\n|turn|1\n|\n|t:|1773982284\n|switch|p1b: Koraidon|Koraidon, L50|100/100\n|-weather|SunnyDay|[from] ability: Orichalcum Pulse|[of] p1b: Koraidon\n|-activate|p1b: Koraidon|Orichalcum Pulse|[source]\n|move|p1a: Ho-Oh|Protect|p1a: Ho-Oh\n|-singleturn|p1a: Ho-Oh|Protect\n|move|p2b: Incineroar|Fake Out|p1b: Koraidon\n|-damage|p1b: Koraidon|93/100\n|move|p2a: Lunala|Meteor Beam||[still]\n|-prepare|p2a: Lunala|Meteor Beam\n|-boost|p2a: Lunala|spa|1\n|-enditem|p2a: Lunala|Power Herb\n|-anim|p2a: Lunala|Meteor Beam|p1a: Ho-Oh\n|-activate|p1a: Ho-Oh|move: Protect\n|\n|-weather|SunnyDay|[upkeep]\n|upkeep\n|turn|2\n|inactive|something123 has 30 seconds left.\n|\n|t:|1773982314\n|-terastallize|p2a: Lunala|Water\n|move|p1b: Koraidon|Collision Course|p2b: Incineroar\n|-supereffective|p2b: Incineroar\n|-damage|p2b: Incineroar|0 fnt\n|faint|p2b: Incineroar\n|move|p1a: Ho-Oh|Sacred Fire|p2a: Lunala\n|-resisted|p2a: Lunala\n|-damage|p2a: Lunala|87/100\n|-status|p2a: Lunala|brn\n|move|p2a: Lunala|Trick Room|p2a: Lunala\n|-fieldstart|move: Trick Room|[of] p2a: Lunala\n|\n|-weather|SunnyDay|[upkeep]\n|-damage|p2a: Lunala|80/100 brn|[from] brn\n|upkeep\n|\n|t:|1773982319\n|switch|p2b: Brute Bonnet|Brute Bonnet, L50|100/100\n|-activate|p2b: Brute Bonnet|ability: Protosynthesis\n|-start|p2b: Brute Bonnet|protosynthesisdef\n|turn|3\n|\n|t:|1773982337\n|move|p1a: Ho-Oh|Protect|p1a: Ho-Oh\n|-singleturn|p1a: Ho-Oh|Protect\n|move|p1b: Koraidon|Protect|p1b: Koraidon\n|-singleturn|p1b: Koraidon|Protect\n|move|p2b: Brute Bonnet|Spore|p1a: Ho-Oh\n|-activate|p1a: Ho-Oh|move: Protect\n|move|p2a: Lunala|Moongeist Beam|p1b: Koraidon\n|-activate|p1b: Koraidon|move: Protect\n|\n|-weather|SunnyDay|[upkeep]\n|-damage|p2a: Lunala|74/100 brn|[from] brn\n|upkeep\n|turn|4\n|inactive|something123 has 30 seconds left.\n|\n|t:|1773982363\n|switch|p2a: Ursaluna|Ursaluna, L50, M|100/100\n|move|p2b: Brute Bonnet|Spore|p1b: Koraidon\n|-status|p1b: Koraidon|slp|[from] move: Spore\n|move|p1a: Ho-Oh|Sacred Fire|p2b: Brute Bonnet\n|-supereffective|p2b: Brute Bonnet\n|-damage|p2b: Brute Bonnet|30/100\n|cant|p1b: Koraidon|slp\n|\n|-weather|SunnyDay|[upkeep]\n|-status|p2a: Ursaluna|brn|[from] item: Flame Orb\n|upkeep\n|turn|5\n|inactive|something123 has 30 seconds left.\n|inactive|something123 has 20 seconds left.\n|inactive|something123 has 15 seconds left.\n|inactive|something123 has 10 seconds left.\n|inactive|something123 has 5 seconds left.\n|\n|t:|1773982413\n|switch|p1b: Incineroar|Incineroar, L50, M|100/100\n|-ability|p1b: Incineroar|Intimidate|boost\n|-unboost|p2a: Ursaluna|atk|1\n|-unboost|p2b: Brute Bonnet|atk|1\n|move|p1a: Ho-Oh|Protect|p1a: Ho-Oh\n|-singleturn|p1a: Ho-Oh|Protect\n|move|p2a: Ursaluna|Facade|p1b: Incineroar\n|-damage|p1b: Incineroar|38/100\n|-damage|p2a: Ursaluna|84/100 brn|[from] item: Rocky Helmet|[of] p1b: Incineroar\n|move|p2b: Brute Bonnet|Spore|p1a: Ho-Oh\n|-activate|p1a: Ho-Oh|move: Protect\n|\n|-weather|none\n|-end|p2b: Brute Bonnet|Protosynthesis\n|-damage|p2a: Ursaluna|78/100 brn|[from] brn\n|upkeep\n|turn|6\n|\n|t:|1773982437\n|-end|p2b: Brute Bonnet|Protosynthesis|[silent]\n|switch|p2b: Lunala|Lunala, L50, tera:Water|74/100 brn\n|move|p1b: Incineroar|Fake Out|p2b: Lunala\n|-damage|p2b: Lunala|66/100 brn\n|move|p2a: Ursaluna|Facade|p1a: Ho-Oh\n|-damage|p1a: Ho-Oh|32/100\n|move|p1a: Ho-Oh|Sacred Fire|p2b: Lunala\n|-resisted|p2b: Lunala\n|-damage|p2b: Lunala|48/100 brn\n|\n|-damage|p2a: Ursaluna|72/100 brn|[from] brn\n|-damage|p2b: Lunala|42/100 brn|[from] brn\n|-fieldend|move: Trick Room\n|upkeep\n|turn|7\n|\n|t:|1773982454\n|move|p1a: Ho-Oh|Brave Bird|p2b: Lunala\n|-damage|p2b: Lunala|0 fnt\n|faint|p2b: Lunala\n|-damage|p1a: Ho-Oh|16/100|[from] Recoil\n|move|p1b: Incineroar|Knock Off|p2a: Ursaluna\n|-damage|p2a: Ursaluna|42/100 brn\n|-enditem|p2a: Ursaluna|Flame Orb|[from] move: Knock Off|[of] p1b: Incineroar\n|move|p2a: Ursaluna|Facade|p1a: Ho-Oh\n|-damage|p1a: Ho-Oh|0 fnt\n|faint|p1a: Ho-Oh\n|\n|-damage|p2a: Ursaluna|36/100 brn|[from] brn\n|upkeep\n|\n|t:|1773982465\n|switch|p2b: Brute Bonnet|Brute Bonnet, L50|30/100\n|switch|p1a: Flutter Mane|Flutter Mane, L50|100/100\n|turn|8\n|\n|t:|1773982481\n|move|p2b: Brute Bonnet|Sucker Punch|p1a: Flutter Mane\n|-damage|p1a: Flutter Mane|39/100\n|move|p1a: Flutter Mane|Moonblast|p2b: Brute Bonnet\n|-supereffective|p2b: Brute Bonnet\n|-damage|p2b: Brute Bonnet|0 fnt\n|faint|p2b: Brute Bonnet\n|-end|p2b: Brute Bonnet|Protosynthesis|[silent]\n|move|p1b: Incineroar|Knock Off|p2a: Ursaluna\n|-damage|p2a: Ursaluna|19/100 brn\n|move|p2a: Ursaluna|Earthquake|p1a: Flutter Mane|[spread] p1a,p1b\n|-supereffective|p1b: Incineroar\n|-damage|p1a: Flutter Mane|0 fnt\n|-damage|p1b: Incineroar|0 fnt\n|faint|p1a: Flutter Mane\n|-end|p1a: Flutter Mane|Protosynthesis|[silent]\n|faint|p1b: Incineroar\n|\n|-damage|p2a: Ursaluna|13/100 brn|[from] brn\n|upkeep\n|\n|t:|1773982492\n|switch|p1b: Koraidon|Koraidon, L50|93/100 slp\n|-weather|SunnyDay|[from] ability: Orichalcum Pulse|[of] p1b: Koraidon\n|-activate|p1b: Koraidon|Orichalcum Pulse|[source]\n|turn|9\n|\n|t:|1773982495\n|cant|p1b: Koraidon|slp\n|move|p2a: Ursaluna|Facade|p1b: Koraidon\n|-damage|p1b: Koraidon|23/100 slp\n|\n|-weather|SunnyDay|[upkeep]\n|-damage|p2a: Ursaluna|7/100 brn|[from] brn\n|upkeep\n|turn|10\n|\n|t:|1773982498\n|cant|p1b: Koraidon|slp\n|move|p2a: Ursaluna|Facade|p1b: Koraidon\n|-damage|p1b: Koraidon|0 fnt\n|faint|p1b: Koraidon\n|\n|win|Bman311\n|raw|something123's rating: 1483 &rarr; <strong>1464</strong><br />(-19 for losing)\n|raw|Bman311's rating: 1506 &rarr; <strong>1525</strong><br />(+19 for winning)\n|l|\u2606something123\n|player|p1|\n|l|\u2606Bman311\n|player|p2|\n","uploadtime":1773982711,"views":15,"formatid":"gen9vgc2026regi","rating":1464,"private":0,"password":null}