{"id":"gen9vgc2026regi-2561262107","format":"[Gen 9] VGC 2026 Reg I","players":["mitosisbaby","SnorlaxPikachu1"],"log":"|j|\u2606mitosisbaby\n|j|\u2606SnorlaxPikachu1\n|t:|1773778333\n|gametype|doubles\n|player|p1|mitosisbaby|n|1540\n|player|p2|SnorlaxPikachu1|palmer|1601\n|gen|9\n|tier|[Gen 9] VGC 2026 Reg I\n|rated|\n|rule|Species Clause: Limit one of each Pok\u00e9mon\n|rule|Item Clause: Limit 1 of each item\n|clearpoke\n|poke|p1|Lunala, L50|\n|poke|p1|Miraidon, L50|\n|poke|p1|Chi-Yu, L50|\n|poke|p1|Flutter Mane, L50|\n|poke|p1|Glastrier, L50|\n|poke|p1|Ursaluna, L50, M|\n|poke|p2|Koraidon, L50|\n|poke|p2|Calyrex-Shadow, L50|\n|poke|p2|Roaring Moon, L50|\n|poke|p2|Ogerpon-Hearthflame, L50, F|\n|poke|p2|Glimmora, L50, M|\n|poke|p2|Incineroar, L50, M|\n|teampreview|4\n|inactive|Battle timer is ON: inactive players will automatically lose when time's up. (requested by mitosisbaby)\n|\n|t:|1773778356\n|teamsize|p1|4\n|teamsize|p2|4\n|start\n|switch|p1a: Chi-Yu|Chi-Yu, L50, shiny|100/100\n|switch|p1b: Flutter Mane|Flutter Mane, L50|100/100\n|switch|p2a: Roaring Moon|Roaring Moon, L50|100/100\n|switch|p2b: Koraidon|Koraidon, L50|100/100\n|-weather|SunnyDay|[from] ability: Orichalcum Pulse|[of] p2b: Koraidon\n|-activate|p1b: Flutter Mane|ability: Protosynthesis\n|-start|p1b: Flutter Mane|protosynthesisspe\n|-activate|p2a: Roaring Moon|ability: Protosynthesis\n|-start|p2a: Roaring Moon|protosynthesisspe\n|-activate|p2b: Koraidon|Orichalcum Pulse|[source]\n|-ability|p1a: Chi-Yu|Beads of Ruin\n|turn|1\n|\n|t:|1773778378\n|-terastallize|p2a: Roaring Moon|Water\n|move|p2b: Koraidon|Protect|p2b: Koraidon\n|-singleturn|p2b: Koraidon|Protect\n|move|p1b: Flutter Mane|Dazzling Gleam|p2a: Roaring Moon|[spread] p2a\n|-activate|p2b: Koraidon|move: Protect\n|-damage|p2a: Roaring Moon|67/100\n|move|p2a: Roaring Moon|Tailwind|p2a: Roaring Moon\n|-sidestart|p2: SnorlaxPikachu1|move: Tailwind\n|move|p1a: Chi-Yu|Heat Wave|p2b: Koraidon|[spread] p2a\n|-activate|p2b: Koraidon|move: Protect\n|-resisted|p2a: Roaring Moon\n|-damage|p2a: Roaring Moon|30/100\n|\n|-weather|SunnyDay|[upkeep]\n|upkeep\n|turn|2\n|\n|t:|1773778393\n|move|p1a: Chi-Yu|Protect|p1a: Chi-Yu\n|-singleturn|p1a: Chi-Yu|Protect\n|move|p2a: Roaring Moon|Knock Off|p1b: Flutter Mane\n|-damage|p1b: Flutter Mane|39/100\n|move|p2b: Koraidon|Flame Charge|p1b: Flutter Mane\n|-damage|p1b: Flutter Mane|0 fnt\n|-boost|p2b: Koraidon|spe|1\n|faint|p1b: Flutter Mane\n|-end|p1b: Flutter Mane|Protosynthesis|[silent]\n|-damage|p2b: Koraidon|91/100|[from] item: Life Orb\n|\n|-weather|SunnyDay|[upkeep]\n|upkeep\n|\n|t:|1773778406\n|switch|p1b: Miraidon|Miraidon, L50|100/100\n|-fieldstart|move: Electric Terrain|[from] ability: Hadron Engine|[of] p1b: Miraidon\n|turn|3\n|\n|t:|1773778414\n|move|p2b: Koraidon|Close Combat|p1b: Miraidon\n|-damage|p1b: Miraidon|0 fnt\n|-unboost|p2b: Koraidon|def|1\n|-unboost|p2b: Koraidon|spd|1\n|faint|p1b: Miraidon\n|-damage|p2b: Koraidon|82/100|[from] item: Life Orb\n|move|p2a: Roaring Moon|Knock Off|p1a: Chi-Yu\n|-resisted|p1a: Chi-Yu\n|-damage|p1a: Chi-Yu|65/100\n|-enditem|p1a: Chi-Yu|Focus Sash|[from] move: Knock Off|[of] p2a: Roaring Moon\n|move|p1a: Chi-Yu|Heat Wave|p2b: Koraidon|[spread] p2a,p2b\n|-resisted|p2a: Roaring Moon\n|-resisted|p2b: Koraidon\n|-damage|p2a: Roaring Moon|0 fnt\n|-damage|p2b: Koraidon|19/100\n|-status|p2b: Koraidon|brn\n|faint|p2a: Roaring Moon\n|-end|p2a: Roaring Moon|Protosynthesis|[silent]\n|\n|-weather|SunnyDay|[upkeep]\n|-damage|p2b: Koraidon|13/100 brn|[from] brn\n|upkeep\n|\n|t:|1773778432\n|switch|p1b: Lunala|Lunala, L50, shiny|100/100\n|switch|p2a: Calyrex|Calyrex-Shadow, L50|100/100\n|-ability|p2a: Calyrex|As One\n|-ability|p2a: Calyrex|Unnerve\n|-enditem|p1b: Lunala|Electric Seed\n|-boost|p1b: Lunala|def|1|[from] item: Electric Seed\n|turn|4\n|\n|t:|1773778450\n|-terastallize|p1a: Chi-Yu|Ghost\n|move|p1b: Lunala|Wide Guard|p1b: Lunala\n|-singleturn|p1b: Lunala|Wide Guard\n|move|p2b: Koraidon|Close Combat|p1a: Chi-Yu\n|-immune|p1a: Chi-Yu\n|move|p2a: Calyrex|Astral Barrage|p1a: Chi-Yu|[spread] \n|-activate|p1a: Chi-Yu|move: Wide Guard\n|-activate|p1b: Lunala|move: Wide Guard\n|move|p1a: Chi-Yu|Dark Pulse|p2a: Calyrex\n|-supereffective|p2a: Calyrex\n|-enditem|p2a: Calyrex|Focus Sash\n|-damage|p2a: Calyrex|1/100\n|\n|-weather|SunnyDay|[upkeep]\n|-damage|p2b: Koraidon|7/100 brn|[from] brn\n|-sideend|p2: SnorlaxPikachu1|move: Tailwind\n|upkeep\n|turn|5\n|inactive|mitosisbaby has 30 seconds left.\n|\n|t:|1773778483\n|move|p1a: Chi-Yu|Protect|p1a: Chi-Yu\n|-singleturn|p1a: Chi-Yu|Protect\n|move|p2b: Koraidon|Flare Blitz|p1a: Chi-Yu\n|-activate|p1a: Chi-Yu|move: Protect\n|move|p2a: Calyrex|Astral Barrage|p1b: Lunala|[spread] p1b\n|-activate|p1a: Chi-Yu|move: Protect\n|-supereffective|p1b: Lunala\n|-damage|p1b: Lunala|0 fnt\n|faint|p1b: Lunala\n|-ability|p2a: Calyrex|Grim Neigh|boost\n|-boost|p2a: Calyrex|spa|1\n|\n|-weather|none\n|-damage|p2b: Koraidon|0 fnt|[from] brn\n|faint|p2b: Koraidon\n|upkeep\n|\n|t:|1773778493\n|switch|p2b: Glimmora|Glimmora, L50, M|100/100\n|turn|6\n|\n|t:|1773778499\n|move|p2a: Calyrex|Astral Barrage|p1a: Chi-Yu\n|-supereffective|p1a: Chi-Yu\n|-damage|p1a: Chi-Yu|0 fnt\n|faint|p1a: Chi-Yu\n|\n|win|SnorlaxPikachu1\n|raw|mitosisbaby's rating: 1540 &rarr; <strong>1523</strong><br />(-17 for losing)\n|raw|SnorlaxPikachu1's rating: 1601 &rarr; <strong>1618</strong><br />(+17 for winning)\n|c|\u2606mitosisbaby|ggs\n|l|\u2606SnorlaxPikachu1\n|player|p2|\n|l|\u2606mitosisbaby\n|player|p1|\n","uploadtime":1773778730,"views":15,"formatid":"gen9vgc2026regi","rating":1523,"private":0,"password":null}