{"id":"gen9vgc2026regi-2558559010","format":"[Gen 9] VGC 2026 Reg I","players":["TinkerBilll","SnarkyShane"],"log":"|j|\u2606TinkerBilll\n|j|\u2606SnarkyShane\n|t:|1773447448\n|gametype|doubles\n|player|p1|TinkerBilll|red|1459\n|player|p2|SnarkyShane|gambler|1503\n|gen|9\n|tier|[Gen 9] VGC 2026 Reg I\n|rated|\n|rule|Species Clause: Limit one of each Pok\u00e9mon\n|rule|Item Clause: Limit 1 of each item\n|clearpoke\n|poke|p1|Miraidon, L50|\n|poke|p1|Lunala, L50|\n|poke|p1|Whimsicott, L50, F|\n|poke|p1|Incineroar, L50, M|\n|poke|p1|Urshifu-*, L50, M|\n|poke|p1|Ursaluna, L50, M|\n|poke|p2|Rayquaza, L50|\n|poke|p2|Calyrex-Shadow, L50|\n|poke|p2|Chien-Pao, L50|\n|poke|p2|Ting-Lu, L50|\n|poke|p2|Amoonguss, L50, F|\n|poke|p2|Avalugg-Hisui, L50, F|\n|teampreview|4\n|inactive|Battle timer is ON: inactive players will automatically lose when time's up. (requested by SnarkyShane)\n|inactive|SnarkyShane has 60 seconds left.\n|\n|t:|1773447508\n|teamsize|p1|4\n|teamsize|p2|4\n|start\n|switch|p1a: Miraidon|Miraidon, L50|100/100\n|switch|p1b: Lunala|Lunala, L50, shiny|100/100\n|switch|p2a: Noodle Del Muerte|Rayquaza, L50|100/100\n|switch|p2b: Breathe Deep|Amoonguss, L50, F|100/100\n|-fieldstart|move: Electric Terrain|[from] ability: Hadron Engine|[of] p1a: Miraidon\n|-enditem|p1b: Lunala|Electric Seed\n|-boost|p1b: Lunala|def|1|[from] item: Electric Seed\n|-ability|p2a: Noodle Del Muerte|Air Lock\n|turn|1\n|inactive|TinkerBilll has 30 seconds left.\n|inactive|TinkerBilll has 20 seconds left.\n|inactive|TinkerBilll has 15 seconds left.\n|inactive|TinkerBilll has 10 seconds left.\n|inactive|TinkerBilll has 5 seconds left.\n|\n|t:|1773447565\n|move|p2b: Breathe Deep|Rage Powder|p2b: Breathe Deep\n|-singleturn|p2b: Breathe Deep|move: Rage Powder\n|move|p1a: Miraidon|Dazzling Gleam|p2a: Noodle Del Muerte|[spread] p2a,p2b\n|-supereffective|p2a: Noodle Del Muerte\n|-resisted|p2b: Breathe Deep\n|-damage|p2a: Noodle Del Muerte|25/100\n|-damage|p2b: Breathe Deep|84/100\n|move|p1b: Lunala|Moonblast|p2b: Breathe Deep\n|-resisted|p2b: Breathe Deep\n|-damage|p2b: Breathe Deep|69/100\n|-unboost|p2b: Breathe Deep|spa|1\n|move|p2a: Noodle Del Muerte|Swords Dance|p2a: Noodle Del Muerte\n|-boost|p2a: Noodle Del Muerte|atk|2\n|\n|upkeep\n|turn|2\n|inactive|SnarkyShane has 30 seconds left.\n|inactive|SnarkyShane has 20 seconds left.\n|\n|t:|1773447602\n|move|p2a: Noodle Del Muerte|Protect|p2a: Noodle Del Muerte\n|-singleturn|p2a: Noodle Del Muerte|Protect\n|move|p1a: Miraidon|Dazzling Gleam|p2b: Breathe Deep|[spread] p2b\n|-activate|p2a: Noodle Del Muerte|move: Protect\n|-resisted|p2b: Breathe Deep\n|-damage|p2b: Breathe Deep|52/100\n|move|p2b: Breathe Deep|Pollen Puff|p1a: Miraidon\n|-damage|p1a: Miraidon|90/100\n|move|p1b: Lunala|Trick Room|p1b: Lunala\n|-fieldstart|move: Trick Room|[of] p1b: Lunala\n|\n|upkeep\n|turn|3\n|\n|t:|1773447626\n|-terastallize|p2a: Noodle Del Muerte|Normal\n|move|p2b: Breathe Deep|Pollen Puff|p2a: Noodle Del Muerte\n|-heal|p2a: Noodle Del Muerte|75/100\n|move|p2a: Noodle Del Muerte|Dragon Ascent|p1a: Miraidon\n|-resisted|p1a: Miraidon\n|-damage|p1a: Miraidon|24/100\n|-unboost|p2a: Noodle Del Muerte|def|1\n|-unboost|p2a: Noodle Del Muerte|spd|1\n|move|p1b: Lunala|Moongeist Beam|p2a: Noodle Del Muerte\n|-immune|p2a: Noodle Del Muerte\n|move|p1a: Miraidon|Dazzling Gleam|p2b: Breathe Deep|[spread] p2a,p2b\n|-resisted|p2b: Breathe Deep\n|-damage|p2a: Noodle Del Muerte|16/100\n|-damage|p2b: Breathe Deep|33/100\n|-enditem|p2b: Breathe Deep|Sitrus Berry|[eat]\n|-heal|p2b: Breathe Deep|58/100|[from] item: Sitrus Berry\n|\n|upkeep\n|turn|4\n|inactive|SnarkyShane has 30 seconds left.\n|inactive|SnarkyShane has 20 seconds left.\n|inactive|SnarkyShane has 15 seconds left.\n|inactive|SnarkyShane has 10 seconds left.\n|\n|t:|1773447677\n|switch|p1a: Incineroar|Incineroar, L50, M, shiny|100/100\n|-ability|p1a: Incineroar|Intimidate|boost\n|-fail|p2a: Noodle Del Muerte|unboost|[from] item: Clear Amulet|[of] p2a: Noodle Del Muerte\n|-unboost|p2b: Breathe Deep|atk|1\n|move|p2b: Breathe Deep|Pollen Puff|p1b: Lunala\n|-damage|p1b: Lunala|96/100\n|move|p2a: Noodle Del Muerte|Dragon Ascent|p1b: Lunala\n|-damage|p1b: Lunala|23/100\n|-unboost|p2a: Noodle Del Muerte|def|1\n|-unboost|p2a: Noodle Del Muerte|spd|1\n|move|p1b: Lunala|Moonblast|p2a: Noodle Del Muerte\n|-damage|p2a: Noodle Del Muerte|0 fnt\n|faint|p2a: Noodle Del Muerte\n|\n|upkeep\n|\n|t:|1773447695\n|switch|p2a: Big Gulp|Ting-Lu, L50|100/100\n|-ability|p2a: Big Gulp|Vessel of Ruin\n|turn|5\n|\n|t:|1773447710\n|switch|p1b: Ursaluna|Ursaluna, L50, M|100/100\n|move|p2b: Breathe Deep|Protect|p2b: Breathe Deep\n|-singleturn|p2b: Breathe Deep|Protect\n|move|p2a: Big Gulp|Stomping Tantrum|p1a: Incineroar\n|-supereffective|p1a: Incineroar\n|-damage|p1a: Incineroar|40/100\n|move|p1a: Incineroar|Flare Blitz|p2b: Breathe Deep\n|-activate|p2b: Breathe Deep|move: Protect\n|\n|-fieldend|move: Electric Terrain\n|-status|p1b: Ursaluna|brn|[from] item: Flame Orb\n|upkeep\n|turn|6\n|inactive|SnarkyShane has 30 seconds left.\n|\n|t:|1773447739\n|move|p2b: Breathe Deep|Rage Powder|p2b: Breathe Deep\n|-singleturn|p2b: Breathe Deep|move: Rage Powder\n|move|p2a: Big Gulp|Throat Chop|p1b: Ursaluna\n|-damage|p1b: Ursaluna|70/100 brn\n|-start|p1b: Ursaluna|Throat Chop|[silent]\n|move|p1b: Ursaluna|Facade|p2b: Breathe Deep\n|-damage|p2b: Breathe Deep|0 fnt\n|faint|p2b: Breathe Deep\n|move|p1a: Incineroar|U-turn|p2a: Big Gulp\n|-supereffective|p2a: Big Gulp\n|-damage|p2a: Big Gulp|81/100\n|\n|t:|1773447747\n|switch|p1a: Miraidon|Miraidon, L50|24/100|[from] U-turn\n|-fieldstart|move: Electric Terrain|[from] ability: Hadron Engine|[of] p1a: Miraidon\n|\n|-damage|p1b: Ursaluna|65/100 brn|[from] brn\n|-fieldend|move: Trick Room\n|upkeep\n|\n|t:|1773447756\n|switch|p2b: FesterinEquestrian|Calyrex-Shadow, L50|100/100\n|-ability|p2b: FesterinEquestrian|As One\n|-ability|p2b: FesterinEquestrian|Unnerve\n|turn|7\n|inactive|SnarkyShane has 30 seconds left.\n|\n|t:|1773447787\n|switch|p1a: Incineroar|Incineroar, L50, M, shiny|40/100\n|-ability|p1a: Incineroar|Intimidate|boost\n|-unboost|p2a: Big Gulp|atk|1\n|-unboost|p2b: FesterinEquestrian|atk|1\n|move|p2b: FesterinEquestrian|Protect|p2b: FesterinEquestrian\n|-singleturn|p2b: FesterinEquestrian|Protect\n|move|p1b: Ursaluna|Headlong Rush|p2b: FesterinEquestrian\n|-activate|p2b: FesterinEquestrian|move: Protect\n|move|p2a: Big Gulp|Throat Chop|p1b: Ursaluna\n|-damage|p1b: Ursaluna|46/100 brn\n|\n|-damage|p1b: Ursaluna|40/100 brn|[from] brn\n|-end|p1b: Ursaluna|Throat Chop|[silent]\n|upkeep\n|turn|8\n|\n|t:|1773447806\n|move|p2b: FesterinEquestrian|Psychic|p1b: Ursaluna\n|-damage|p1b: Ursaluna|4/100 brn\n|move|p1a: Incineroar|Knock Off|p2b: FesterinEquestrian\n|-supereffective|p2b: FesterinEquestrian\n|-enditem|p2b: FesterinEquestrian|Focus Sash\n|-damage|p2b: FesterinEquestrian|1/100\n|move|p1b: Ursaluna|Headlong Rush|p2b: FesterinEquestrian\n|-damage|p2b: FesterinEquestrian|0 fnt\n|-unboost|p1b: Ursaluna|def|1\n|-unboost|p1b: Ursaluna|spd|1\n|faint|p2b: FesterinEquestrian\n|move|p2a: Big Gulp|Stomping Tantrum|p1a: Incineroar\n|-supereffective|p1a: Incineroar\n|-crit|p1a: Incineroar\n|-damage|p1a: Incineroar|0 fnt\n|faint|p1a: Incineroar\n|\n|-damage|p1b: Ursaluna|0 fnt|[from] brn\n|faint|p1b: Ursaluna\n|upkeep\n|\n|t:|1773447813\n|switch|p1a: Lunala|Lunala, L50, shiny|23/100\n|switch|p1b: Miraidon|Miraidon, L50|24/100\n|-activate|p1b: Miraidon|ability: Hadron Engine\n|turn|9\n|\n|t:|1773447826\n|-terastallize|p1b: Miraidon|Fairy\n|move|p1b: Miraidon|Dazzling Gleam|p2a: Big Gulp\n|-supereffective|p2a: Big Gulp\n|-damage|p2a: Big Gulp|20/100\n|move|p1a: Lunala|Moonblast|p2a: Big Gulp\n|-supereffective|p2a: Big Gulp\n|-damage|p2a: Big Gulp|0 fnt\n|faint|p2a: Big Gulp\n|\n|win|TinkerBilll\n|raw|TinkerBilll's rating: 1459 &rarr; <strong>1482</strong><br />(+23 for winning)\n|raw|SnarkyShane's rating: 1503 &rarr; <strong>1480</strong><br />(-23 for losing)\n|l|\u2606SnarkyShane\n|player|p2|\n","uploadtime":1773448058,"views":22,"formatid":"gen9vgc2026regi","rating":1480,"private":0,"password":null}