{"id":"gen9vgc2026regi-2573699030","format":"[Gen 9] VGC 2026 Reg I","players":["Dbzone9001","EllenJoe2026"],"log":"|j|\u2606Dbzone9001\n|j|\u2606EllenJoe2026\n|t:|1775157552\n|gametype|doubles\n|player|p1|Dbzone9001|1|1529\n|player|p2|EllenJoe2026|elesa|1596\n|gen|9\n|tier|[Gen 9] VGC 2026 Reg I\n|rated|\n|rule|Species Clause: Limit one of each Pok\u00e9mon\n|rule|Item Clause: Limit 1 of each item\n|clearpoke\n|poke|p1|Calyrex-Ice, L50|\n|poke|p1|Miraidon, L50|\n|poke|p1|Pelipper, L50, F|\n|poke|p1|Iron Valiant, L50|\n|poke|p1|Iron Hands, L50|\n|poke|p1|Grimmsnarl, L50, M|\n|poke|p2|Calyrex-Ice, L50|\n|poke|p2|Miraidon, L50|\n|poke|p2|Tornadus, L50, M|\n|poke|p2|Urshifu-*, L50, F|\n|poke|p2|Volcarona, L50, F|\n|poke|p2|Indeedee-F, L50, F|\n|teampreview|4\n|inactive|Battle timer is ON: inactive players will automatically lose when time's up. (requested by EllenJoe2026)\n|j| Keltr1ck\n|inactive|Dbzone9001 has 60 seconds left.\n|inactive|EllenJoe2026 has 60 seconds left.\n|\n|t:|1775157593\n|teamsize|p1|4\n|teamsize|p2|4\n|start\n|switch|p1a: Iron Valiant|Iron Valiant, L50|100/100\n|switch|p1b: Miraidon|Miraidon, L50|100/100\n|switch|p2a: Urshifu|Urshifu-Rapid-Strike, L50, F|100/100\n|switch|p2b: Tornadus|Tornadus, L50, M, shiny|100/100\n|-fieldstart|move: Electric Terrain|[from] ability: Hadron Engine|[of] p1b: Miraidon\n|-activate|p1a: Iron Valiant|ability: Quark Drive\n|-start|p1a: Iron Valiant|quarkdrivespe\n|turn|1\n|\n|t:|1775157605\n|move|p2b: Tornadus|Tailwind|p2b: Tornadus\n|-sidestart|p2: EllenJoe2026|move: Tailwind\n|move|p2a: Urshifu|Surging Strikes|p1a: Iron Valiant\n|-crit|p1a: Iron Valiant\n|-damage|p1a: Iron Valiant|70/100\n|-crit|p1a: Iron Valiant\n|-damage|p1a: Iron Valiant|42/100\n|-crit|p1a: Iron Valiant\n|-damage|p1a: Iron Valiant|14/100\n|-hitcount|p1a: Iron Valiant|3\n|move|p1a: Iron Valiant|Coaching|p1b: Miraidon\n|-boost|p1b: Miraidon|atk|1\n|-boost|p1b: Miraidon|def|1\n|move|p1b: Miraidon|Volt Switch|p2b: Tornadus\n|-supereffective|p2b: Tornadus\n|-damage|p2b: Tornadus|0 fnt\n|faint|p2b: Tornadus\n|-damage|p1b: Miraidon|91/100|[from] item: Life Orb\n|\n|t:|1775157620\n|switch|p1b: Calyrex|Calyrex-Ice, L50|100/100|[from] Volt Switch\n|-ability|p1b: Calyrex|As One\n|-ability|p1b: Calyrex|Unnerve\n|\n|upkeep\n|l|\u2606EllenJoe2026\n|inactive|EllenJoe2026 disconnected and has a minute to reconnect!\n|player|p2|\n|j|\u2606EllenJoe2026\n|inactive|EllenJoe2026 reconnected and has 50 seconds left.\n|player|p2|EllenJoe2026|elesa|\n|\n|t:|1775157632\n|switch|p2b: Calyrex|Calyrex-Ice, L50|100/100\n|-ability|p2b: Calyrex|As One\n|-ability|p2b: Calyrex|Unnerve\n|turn|2\n|\n|t:|1775157648\n|move|p1a: Iron Valiant|Wide Guard|p1a: Iron Valiant\n|-singleturn|p1a: Iron Valiant|Wide Guard\n|move|p2a: Urshifu|Surging Strikes|p1a: Iron Valiant\n|-crit|p1a: Iron Valiant\n|-damage|p1a: Iron Valiant|0 fnt\n|faint|p1a: Iron Valiant\n|-end|p1a: Iron Valiant|Quark Drive|[silent]\n|-hitcount|p1: Iron Valiant|1\n|move|p2b: Calyrex|Imprison|p2b: Calyrex\n|-start|p2b: Calyrex|move: Imprison\n|move|p1b: Calyrex|Leech Seed|p2b: Calyrex|[miss]\n|-miss|p1b: Calyrex|p2b: Calyrex\n|\n|upkeep\n|\n|t:|1775157661\n|switch|p1a: Pelipper|Pelipper, L50, F|100/100\n|-weather|RainDance|[from] ability: Drizzle|[of] p1a: Pelipper\n|turn|3\n|\n|t:|1775157675\n|-terastallize|p2b: Calyrex|Grass\n|move|p2a: Urshifu|Surging Strikes|p1a: Pelipper\n|-resisted|p1a: Pelipper\n|-crit|p1a: Pelipper\n|-damage|p1a: Pelipper|86/100\n|-resisted|p1a: Pelipper\n|-crit|p1a: Pelipper\n|-damage|p1a: Pelipper|72/100\n|-resisted|p1a: Pelipper\n|-crit|p1a: Pelipper\n|-damage|p1a: Pelipper|57/100\n|-hitcount|p1a: Pelipper|3\n|move|p2b: Calyrex|Seed Bomb|p1a: Pelipper\n|-damage|p1a: Pelipper|16/100\n|move|p1a: Pelipper|Hurricane|p2a: Urshifu\n|-supereffective|p2a: Urshifu\n|-damage|p2a: Urshifu|0 fnt\n|faint|p2a: Urshifu\n|move|p1b: Calyrex|Leech Seed|p2b: Calyrex\n|-immune|p2b: Calyrex\n|\n|-weather|RainDance|[upkeep]\n|upkeep\n|\n|t:|1775157679\n|switch|p2a: Miraidon|Miraidon, L50, shiny|100/100\n|-activate|p2a: Miraidon|ability: Hadron Engine\n|turn|4\n|inactive|EllenJoe2026 has 30 seconds left.\n|inactive|Dbzone9001 has 30 seconds left.\n|inactive|EllenJoe2026 has 20 seconds left.\n|inactive|EllenJoe2026 has 15 seconds left.\n|\n|t:|1775157724\n|move|p1a: Pelipper|Protect|p1a: Pelipper\n|-singleturn|p1a: Pelipper|Protect\n|move|p2a: Miraidon|Electro Drift|p1b: Calyrex\n|-damage|p1b: Calyrex|7/100\n|move|p2b: Calyrex|Seed Bomb|p1a: Pelipper\n|-activate|p1a: Pelipper|move: Protect\n|move|p1b: Calyrex|Leech Seed|p2a: Miraidon\n|-start|p2a: Miraidon|move: Leech Seed\n|\n|-weather|RainDance|[upkeep]\n|-heal|p1b: Calyrex|13/100|[from] item: Leftovers\n|-damage|p2a: Miraidon|88/100|[from] Leech Seed|[of] p1b: Calyrex\n|-heal|p1b: Calyrex|24/100|[silent]\n|-sideend|p2: EllenJoe2026|move: Tailwind\n|upkeep\n|turn|5\n|\n|t:|1775157746\n|move|p1b: Calyrex|Protect|p1b: Calyrex\n|-singleturn|p1b: Calyrex|Protect\n|move|p1a: Pelipper|Wide Guard|p1a: Pelipper\n|-singleturn|p1a: Pelipper|Wide Guard\n|move|p2a: Miraidon|Electro Drift|p1a: Pelipper\n|-supereffective|p1a: Pelipper\n|-damage|p1a: Pelipper|0 fnt\n|faint|p1a: Pelipper\n|move|p2b: Calyrex|Trick Room|p2b: Calyrex\n|-fieldstart|move: Trick Room|[of] p2b: Calyrex\n|\n|-weather|RainDance|[upkeep]\n|-heal|p1b: Calyrex|30/100|[from] item: Leftovers\n|-damage|p2a: Miraidon|75/100|[from] Leech Seed|[of] p1b: Calyrex\n|-heal|p1b: Calyrex|41/100|[silent]\n|-fieldend|move: Electric Terrain\n|upkeep\n|\n|t:|1775157761\n|switch|p1a: Miraidon|Miraidon, L50|91/100\n|-fieldstart|move: Electric Terrain|[from] ability: Hadron Engine|[of] p1a: Miraidon\n|turn|6\n|inactive|Dbzone9001 has 30 seconds left.\n|inactive|Dbzone9001 has 20 seconds left.\n|inactive|Dbzone9001 has 15 seconds left.\n|inactive|Dbzone9001 has 10 seconds left.\n|\n|t:|1775157811\n|-terastallize|p1a: Miraidon|Fairy\n|move|p1b: Calyrex|Protect||[still]\n|-fail|p1b: Calyrex\n|move|p2b: Calyrex|Glacial Lance|p1b: Calyrex|[spread] p1a,p1b\n|-resisted|p1b: Calyrex\n|-damage|p1a: Miraidon|38/100\n|-damage|p1b: Calyrex|25/100\n|move|p1a: Miraidon|Draco Meteor|p2a: Miraidon\n|-supereffective|p2a: Miraidon\n|-damage|p2a: Miraidon|0 fnt\n|-unboost|p1a: Miraidon|spa|2\n|faint|p2a: Miraidon\n|-damage|p1a: Miraidon|29/100|[from] item: Life Orb\n|\n|-weather|RainDance|[upkeep]\n|-heal|p1b: Calyrex|31/100|[from] item: Leftovers\n|upkeep\n|turn|7\n|inactive|Dbzone9001 has 30 seconds left.\n|\n|t:|1775157838\n|move|p1b: Calyrex|Protect|p1b: Calyrex\n|-singleturn|p1b: Calyrex|Protect\n|move|p1a: Miraidon|Protect|p1a: Miraidon\n|-singleturn|p1a: Miraidon|Protect\n|move|p2b: Calyrex|Glacial Lance|p1b: Calyrex|[spread] \n|-activate|p1a: Miraidon|move: Protect\n|-activate|p1b: Calyrex|move: Protect\n|\n|-weather|none\n|-heal|p1b: Calyrex|37/100|[from] item: Leftovers\n|upkeep\n|turn|8\n|\n|t:|1775157842\n|move|p1b: Calyrex|Protect||[still]\n|-fail|p1b: Calyrex\n|move|p1a: Miraidon|Protect|p1a: Miraidon\n|-singleturn|p1a: Miraidon|Protect\n|move|p2b: Calyrex|Glacial Lance|p1b: Calyrex|[spread] p1b\n|-activate|p1a: Miraidon|move: Protect\n|-resisted|p1b: Calyrex\n|-crit|p1b: Calyrex\n|-damage|p1b: Calyrex|12/100\n|\n|-heal|p1b: Calyrex|18/100|[from] item: Leftovers\n|upkeep\n|turn|9\n|\n|t:|1775157850\n|move|p1b: Calyrex|Protect|p1b: Calyrex\n|-singleturn|p1b: Calyrex|Protect\n|move|p1a: Miraidon|Protect||[still]\n|-fail|p1a: Miraidon\n|move|p2b: Calyrex|Glacial Lance|p1b: Calyrex|[spread] p1a\n|-activate|p1b: Calyrex|move: Protect\n|-damage|p1a: Miraidon|0 fnt\n|faint|p1a: Miraidon\n|-ability|p2b: Calyrex|Chilling Neigh|boost\n|-boost|p2b: Calyrex|atk|1\n|\n|-heal|p1b: Calyrex|24/100|[from] item: Leftovers\n|-fieldend|move: Trick Room\n|upkeep\n|turn|10\n|-message|Dbzone9001 forfeited.\n|\n|win|EllenJoe2026\n|raw|Dbzone9001's rating: 1529 &rarr; <strong>1513</strong><br />(-16 for losing)\n|raw|EllenJoe2026's rating: 1596 &rarr; <strong>1612</strong><br />(+16 for winning)\n|l|\u2606EllenJoe2026\n|player|p2|\n|l|\u2606Dbzone9001\n|player|p1|\n|l| Keltr1ck\n","uploadtime":1775158024,"views":13,"formatid":"gen9vgc2026regi","rating":1513,"private":0,"password":null}