{"id":"gen9vgc2026regi-2576777919","format":"[Gen 9] VGC 2026 Reg I","players":["Mirthinion","ScribbleScribble"],"log":"|j|\u2606Mirthinion\n|j|\u2606ScribbleScribble\n|t:|1775504907\n|gametype|doubles\n|player|p1|Mirthinion|janitor|1532\n|player|p2|ScribbleScribble|mina-lgpe|1689\n|gen|9\n|tier|[Gen 9] VGC 2026 Reg I\n|rated|\n|rule|Species Clause: Limit one of each Pok\u00e9mon\n|rule|Item Clause: Limit 1 of each item\n|clearpoke\n|poke|p1|Calyrex-Shadow, L50|\n|poke|p1|Zamazenta-*, L50|\n|poke|p1|Urshifu-*, L50, M|\n|poke|p1|Incineroar, L50, M|\n|poke|p1|Rillaboom, L50, M|\n|poke|p1|Tornadus, L50, M|\n|poke|p2|Calyrex-Ice, L50|\n|poke|p2|Kyogre, L50|\n|poke|p2|Tornadus, L50, M|\n|poke|p2|Indeedee-F, L50, F|\n|poke|p2|Urshifu-*, L50, M|\n|poke|p2|Landorus, L50, M|\n|teampreview|4\n|inactive|Battle timer is ON: inactive players will automatically lose when time's up. (requested by ScribbleScribble)\n|inactive|Mirthinion also wants the timer to be on.\n|\n|t:|1775504927\n|teamsize|p1|4\n|teamsize|p2|4\n|start\n|switch|p1a: Vangwe|Tornadus, L50, M|100/100\n|switch|p1b: Beowulf|Urshifu-Rapid-Strike, L50, M|100/100\n|switch|p2a: Tornadus|Tornadus, L50, M|100/100\n|switch|p2b: Calyrex|Calyrex-Ice, L50|100/100\n|-ability|p2b: Calyrex|As One\n|-ability|p2b: Calyrex|Unnerve\n|turn|1\n|inactive|Mirthinion has 30 seconds left.\n|inactive|Mirthinion has 20 seconds left.\n|\n|t:|1775504964\n|-terastallize|p1b: Beowulf|Ghost\n|move|p2a: Tornadus|Bleakwind Storm|p1b: Beowulf|[spread] p1b\n|-miss|p2a: Tornadus|p1a: Vangwe\n|-damage|p1b: Beowulf|40/100\n|move|p1b: Beowulf|Close Combat|p2b: Calyrex\n|-damage|p2b: Calyrex|36/100\n|-unboost|p1b: Beowulf|def|1\n|-unboost|p1b: Beowulf|spd|1\n|move|p1a: Vangwe|Bleakwind Storm|p2b: Calyrex|[spread] p2a,p2b\n|-damage|p2a: Tornadus|50/100\n|-damage|p2b: Calyrex|9/100\n|move|p2b: Calyrex|Trick Room|p2b: Calyrex\n|-fieldstart|move: Trick Room|[of] p2b: Calyrex\n|\n|upkeep\n|turn|2\n|\n|t:|1775504988\n|switch|p1b: Drambor|Zamazenta-Crowned, L50|100/100\n|-ability|p1b: Drambor|Dauntless Shield|boost\n|-boost|p1b: Drambor|def|1\n|switch|p2a: Indeedee|Indeedee-F, L50, F, shiny|100/100\n|-fieldstart|move: Psychic Terrain|[from] ability: Psychic Surge|[of] p2a: Indeedee\n|-enditem|p2a: Indeedee|Psychic Seed\n|-boost|p2a: Indeedee|spd|1|[from] item: Psychic Seed\n|move|p2b: Calyrex|Glacial Lance|p1a: Vangwe|[spread] p1a,p1b\n|-supereffective|p1a: Vangwe\n|-resisted|p1b: Drambor\n|-damage|p1a: Vangwe|0 fnt\n|-damage|p1b: Drambor|90/100\n|faint|p1a: Vangwe\n|-ability|p2b: Calyrex|Chilling Neigh|boost\n|-boost|p2b: Calyrex|atk|1\n|\n|upkeep\n|\n|t:|1775505006\n|switch|p1a: Mithrandir|Calyrex-Shadow, L50|100/100\n|-ability|p1a: Mithrandir|As One\n|-ability|p1a: Mithrandir|Unnerve\n|turn|3\n|\n|t:|1775505020\n|move|p1b: Drambor|Protect|p1b: Drambor\n|-singleturn|p1b: Drambor|Protect\n|move|p1a: Mithrandir|Protect|p1a: Mithrandir\n|-singleturn|p1a: Mithrandir|Protect\n|move|p2a: Indeedee|Psychic|p1b: Drambor\n|-activate|p1b: Drambor|move: Protect\n|move|p2b: Calyrex|Seed Bomb|p1a: Mithrandir\n|-activate|p1a: Mithrandir|move: Protect\n|\n|upkeep\n|turn|4\n|\n|t:|1775505038\n|-terastallize|p2b: Calyrex|Grass\n|move|p2a: Indeedee|Psychic|p1a: Mithrandir\n|-resisted|p1a: Mithrandir\n|-damage|p1a: Mithrandir|82/100\n|move|p2b: Calyrex|Seed Bomb|p1a: Mithrandir\n|-damage|p1a: Mithrandir|6/100\n|move|p1b: Drambor|Body Press|p2a: Indeedee\n|-damage|p2a: Indeedee|34/100\n|move|p1a: Mithrandir|Astral Barrage|p2a: Indeedee|[spread] p2b\n|-immune|p2a: Indeedee\n|-damage|p2b: Calyrex|0 fnt\n|faint|p2b: Calyrex\n|-ability|p1a: Mithrandir|Grim Neigh|boost\n|-boost|p1a: Mithrandir|spa|1\n|\n|upkeep\n|\n|t:|1775505044\n|switch|p2b: Kyogre|Kyogre, L50|100/100\n|-weather|RainDance|[from] ability: Drizzle|[of] p2b: Kyogre\n|turn|5\n|\n|t:|1775505061\n|switch|p2a: Tornadus|Tornadus, L50, M|50/100\n|move|p1a: Mithrandir|Protect|p1a: Mithrandir\n|-singleturn|p1a: Mithrandir|Protect\n|move|p2b: Kyogre|Water Spout|p1a: Mithrandir|[spread] p1b\n|-activate|p1a: Mithrandir|move: Protect\n|-damage|p1b: Drambor|0 fnt\n|faint|p1b: Drambor\n|\n|-weather|RainDance|[upkeep]\n|-fieldend|move: Trick Room\n|upkeep\n|\n|t:|1775505071\n|switch|p1b: Beowulf|Urshifu-Rapid-Strike, L50, M, tera:Ghost|40/100\n|turn|6\n|\n|t:|1775505076\n|move|p2a: Tornadus|Tailwind|p2a: Tornadus\n|-sidestart|p2: ScribbleScribble|move: Tailwind\n|move|p1b: Beowulf|Aqua Jet|p2a: Tornadus\n|-hint|Psychic Terrain doesn't affect airborne Pok\u00e9mon.\n|-damage|p2a: Tornadus|0 fnt\n|faint|p2a: Tornadus\n|move|p2b: Kyogre|Water Spout|p1b: Beowulf|[spread] p1a,p1b\n|-damage|p1a: Mithrandir|0 fnt\n|-damage|p1b: Beowulf|0 fnt\n|faint|p1a: Mithrandir\n|faint|p1b: Beowulf\n|\n|win|ScribbleScribble\n|raw|Mirthinion's rating: 1532 &rarr; <strong>1520</strong><br />(-12 for losing)\n|raw|ScribbleScribble's rating: 1689 &rarr; <strong>1701</strong><br />(+12 for winning)\n|l|\u2606ScribbleScribble\n|player|p2|\n","uploadtime":1775505091,"views":32,"formatid":"gen9vgc2026regi","rating":1520,"private":0,"password":null}