{"id":"gen9vgc2026regi-2553486571","format":"[Gen 9] VGC 2026 Reg I","players":["Pokemonst3r","bullgod4ever"],"log":"|j|\u2606Pokemonst3r\n|j|\u2606bullgod4ever\n|t:|1772835984\n|gametype|doubles\n|player|p1|Pokemonst3r|169|1579\n|player|p2|bullgod4ever|170|1586\n|gen|9\n|tier|[Gen 9] VGC 2026 Reg I\n|rated|\n|rule|Species Clause: Limit one of each Pok\u00e9mon\n|rule|Item Clause: Limit 1 of each item\n|clearpoke\n|poke|p1|Chien-Pao, L50|\n|poke|p1|Calyrex-Shadow, L50|\n|poke|p1|Dondozo, L50, M|\n|poke|p1|Zamazenta-*, L50|\n|poke|p1|Dragonite, L50, M|\n|poke|p1|Tatsugiri, L50, F|\n|poke|p2|Calyrex-Shadow, L50|\n|poke|p2|Zamazenta-*, L50|\n|poke|p2|Chien-Pao, L50|\n|poke|p2|Dragonite, L50, M|\n|poke|p2|Amoonguss, L50, F|\n|poke|p2|Ogerpon-Cornerstone, L50, F|\n|teampreview|4\n|inactive|Battle timer is ON: inactive players will automatically lose when time's up. (requested by Pokemonst3r)\n|inactive|bullgod4ever has 60 seconds left.\n|\n|t:|1772836025\n|teamsize|p1|4\n|teamsize|p2|4\n|start\n|switch|p1a: Chien-Pao|Chien-Pao, L50|100/100\n|switch|p1b: Zamazenta|Zamazenta-Crowned, L50|100/100\n|switch|p2a: Calyrex|Calyrex-Shadow, L50|100/100\n|switch|p2b: Zamazenta|Zamazenta-Crowned, L50|100/100\n|-ability|p2a: Calyrex|As One\n|-ability|p2a: Calyrex|Unnerve\n|-ability|p1a: Chien-Pao|Sword of Ruin\n|-ability|p1b: Zamazenta|Dauntless Shield|boost\n|-boost|p1b: Zamazenta|def|1\n|-ability|p2b: Zamazenta|Dauntless Shield|boost\n|-boost|p2b: Zamazenta|def|1\n|turn|1\n|inactive|bullgod4ever has 30 seconds left.\n|\n|t:|1772836058\n|-terastallize|p2b: Zamazenta|Dragon\n|move|p2a: Calyrex|Astral Barrage|p1a: Chien-Pao|[spread] p1a,p1b\n|-resisted|p1a: Chien-Pao\n|-damage|p1a: Chien-Pao|47/100\n|-damage|p1b: Zamazenta|63/100\n|move|p1a: Chien-Pao|Ruination|p2b: Zamazenta|[miss]\n|-miss|p1a: Chien-Pao|p2b: Zamazenta\n|move|p1b: Zamazenta|Body Press|p2b: Zamazenta\n|-damage|p2b: Zamazenta|68/100\n|move|p2b: Zamazenta|Body Press|p1a: Chien-Pao\n|-supereffective|p1a: Chien-Pao\n|-damage|p1a: Chien-Pao|0 fnt\n|faint|p1a: Chien-Pao\n|\n|upkeep\n|\n|t:|1772836073\n|switch|p1a: Calyrex|Calyrex-Shadow, L50|100/100\n|-ability|p1a: Calyrex|As One\n|-ability|p1a: Calyrex|Unnerve\n|turn|2\n|\n|t:|1772836083\n|move|p1b: Zamazenta|Wide Guard|p1b: Zamazenta\n|-singleturn|p1b: Zamazenta|Wide Guard\n|move|p2b: Zamazenta|Wide Guard|p2b: Zamazenta\n|-singleturn|p2b: Zamazenta|Wide Guard\n|move|p1a: Calyrex|Shadow Ball|p2a: Calyrex\n|-supereffective|p2a: Calyrex\n|-enditem|p2a: Calyrex|Focus Sash\n|-damage|p2a: Calyrex|1/100\n|-unboost|p2a: Calyrex|spd|1\n|move|p2a: Calyrex|Astral Barrage|p1b: Zamazenta|[spread] \n|-activate|p1a: Calyrex|move: Wide Guard\n|-activate|p1b: Zamazenta|move: Wide Guard\n|\n|upkeep\n|turn|3\n|\n|t:|1772836103\n|-terastallize|p1a: Calyrex|Ghost\n|move|p2a: Calyrex|Protect|p2a: Calyrex\n|-singleturn|p2a: Calyrex|Protect\n|move|p1a: Calyrex|Shadow Ball|p2b: Zamazenta\n|-damage|p2b: Zamazenta|19/100\n|move|p1b: Zamazenta|Behemoth Bash|p2a: Calyrex\n|-activate|p2a: Calyrex|move: Protect\n|move|p2b: Zamazenta|Body Press|p1b: Zamazenta\n|-supereffective|p1b: Zamazenta\n|-damage|p1b: Zamazenta|6/100\n|\n|upkeep\n|turn|4\n|inactive|bullgod4ever has 30 seconds left.\n|\n|t:|1772836132\n|move|p2b: Zamazenta|Wide Guard|p2b: Zamazenta\n|-singleturn|p2b: Zamazenta|Wide Guard\n|move|p1a: Calyrex|Shadow Ball|p2a: Calyrex\n|-supereffective|p2a: Calyrex\n|-damage|p2a: Calyrex|0 fnt\n|faint|p2a: Calyrex\n|-ability|p1a: Calyrex|Grim Neigh|boost\n|-boost|p1a: Calyrex|spa|1\n|move|p1b: Zamazenta|Body Press|p2b: Zamazenta\n|-damage|p2b: Zamazenta|0 fnt\n|faint|p2b: Zamazenta\n|\n|upkeep\n|\n|t:|1772836145\n|switch|p2a: Chien-Pao|Chien-Pao, L50|100/100\n|switch|p2b: Amoonguss|Amoonguss, L50, F|100/100\n|-ability|p2a: Chien-Pao|Sword of Ruin\n|turn|5\n|\n|t:|1772836168\n|switch|p1a: Dragonite|Dragonite, L50, M|100/100\n|move|p2b: Amoonguss|Protect|p2b: Amoonguss\n|-singleturn|p2b: Amoonguss|Protect\n|move|p2a: Chien-Pao|Ice Spinner|p1b: Zamazenta\n|-resisted|p1b: Zamazenta\n|-damage|p1b: Zamazenta|0 fnt\n|faint|p1b: Zamazenta\n|\n|upkeep\n|\n|t:|1772836176\n|switch|p1b: Calyrex|Calyrex-Shadow, L50, tera:Ghost|100/100\n|-ability|p1b: Calyrex|As One\n|-ability|p1b: Calyrex|Unnerve\n|turn|6\n|\n|t:|1772836187\n|move|p1a: Dragonite|Extreme Speed|p2a: Chien-Pao\n|-damage|p2a: Chien-Pao|45/100\n|move|p2a: Chien-Pao|Sucker Punch||[still]\n|-fail|p2a: Chien-Pao\n|move|p1b: Calyrex|Trick|p2a: Chien-Pao\n|-activate|p1b: Calyrex|move: Trick|[of] p2a: Chien-Pao\n|-item|p2a: Chien-Pao|Choice Scarf|[from] move: Trick\n|-item|p1b: Calyrex|Assault Vest|[from] move: Trick\n|move|p2b: Amoonguss|Spore|p1a: Dragonite\n|-status|p1a: Dragonite|slp|[from] move: Spore\n|\n|upkeep\n|turn|7\n|inactive|bullgod4ever has 30 seconds left.\n|inactive|bullgod4ever has 20 seconds left.\n|inactive|bullgod4ever has 15 seconds left.\n|\n|t:|1772836229\n|cant|p1a: Dragonite|slp\n|move|p2a: Chien-Pao|Sucker Punch|p1b: Calyrex\n|-supereffective|p1b: Calyrex\n|-damage|p1b: Calyrex|14/100\n|move|p1b: Calyrex|Astral Barrage|p2a: Chien-Pao|[spread] p2a,p2b\n|-resisted|p2a: Chien-Pao\n|-damage|p2a: Chien-Pao|1/100\n|-damage|p2b: Amoonguss|37/100\n|move|p2b: Amoonguss|Sludge Bomb|p1a: Dragonite\n|-damage|p1a: Dragonite|77/100 slp\n|\n|upkeep\n|turn|8\n|\n|t:|1772836251\n|-curestatus|p1a: Dragonite|slp|[msg]\n|move|p1a: Dragonite|Extreme Speed|p2a: Chien-Pao\n|-damage|p2a: Chien-Pao|0 fnt\n|faint|p2a: Chien-Pao\n|move|p1b: Calyrex|Astral Barrage|p2b: Amoonguss\n|-damage|p2b: Amoonguss|0 fnt\n|faint|p2b: Amoonguss\n|\n|win|Pokemonst3r\n|raw|Pokemonst3r's rating: 1579 &rarr; <strong>1599</strong><br />(+20 for winning)\n|raw|bullgod4ever's rating: 1586 &rarr; <strong>1566</strong><br />(-20 for losing)\n|l|\u2606Pokemonst3r\n|player|p1|\n|c|\u2606bullgod4ever|Haha the throw set on ur caly haha troll on brah good for u haha gg\n|l|\u2606bullgod4ever\n|player|p2|\n","uploadtime":1772836424,"views":47,"formatid":"gen9vgc2026regi","rating":1566,"private":0,"password":null}