{"id":"gen9vgc2026regi-2544914269","format":"[Gen 9] VGC 2026 Reg I","players":["Fr3aky B1lly","EllenJoe2026"],"log":"|j|\u2606Fr3aky B1lly\n|j|\u203dEllenJoe2026\n|t:|1771778774\n|gametype|doubles\n|player|p1|Fr3aky B1lly|169|1409\n|player|p2|EllenJoe2026|iono|1386\n|gen|9\n|tier|[Gen 9] VGC 2026 Reg I\n|rated|\n|rule|Species Clause: Limit one of each Pok\u00e9mon\n|rule|Item Clause: Limit 1 of each item\n|clearpoke\n|poke|p1|Miraidon, L50|\n|poke|p1|Calyrex-Ice, L50|\n|poke|p1|Farigiraf, L50, M|\n|poke|p1|Iron Hands, L50|\n|poke|p1|Landorus, L50, M|\n|poke|p1|Ogerpon-Hearthflame, L50, F|\n|poke|p2|Calyrex-Shadow, L50|\n|poke|p2|Zamazenta-*, L50|\n|poke|p2|Incineroar, L50, M|\n|poke|p2|Rillaboom, L50, M|\n|poke|p2|Ogerpon-Cornerstone, L50, F|\n|poke|p2|Tornadus, L50, M|\n|teampreview|4\n|inactive|Battle timer is ON: inactive players will automatically lose when time's up. (requested by EllenJoe2026)\n|c|\u2606Fr3aky B1lly|ellen joe is a crazy name\n|inactive|Fr3aky B1lly has 60 seconds left.\n|\n|t:|1771778834\n|teamsize|p1|4\n|teamsize|p2|4\n|start\n|switch|p1a: Queen|Miraidon, L50|100/100\n|switch|p1b: Gyftrot|Farigiraf, L50, M, shiny|100/100\n|switch|p2a: Rillaboom|Rillaboom, L50, M|100/100\n|switch|p2b: Zamazenta|Zamazenta-Crowned, L50|100/100\n|-fieldstart|move: Electric Terrain|[from] ability: Hadron Engine|[of] p1a: Queen\n|-enditem|p1b: Gyftrot|Electric Seed\n|-boost|p1b: Gyftrot|def|1|[from] item: Electric Seed\n|-ability|p2b: Zamazenta|Dauntless Shield|boost\n|-boost|p2b: Zamazenta|def|1\n|-fieldstart|move: Grassy Terrain|[from] ability: Grassy Surge|[of] p2a: Rillaboom\n|turn|1\n|inactive|Fr3aky B1lly has 30 seconds left.\n|\n|t:|1771778861\n|move|p1a: Queen|Volt Switch|p2a: Rillaboom\n|-resisted|p2a: Rillaboom\n|-damage|p2a: Rillaboom|88/100\n|\n|t:|1771778864\n|switch|p1a: Snowdrake|Calyrex-Ice, L50|100/100|[from] Volt Switch\n|-ability|p1a: Snowdrake|As One\n|-ability|p1a: Snowdrake|Unnerve\n|move|p2b: Zamazenta|Body Press|p1b: Gyftrot\n|-damage|p1b: Gyftrot|66/100\n|move|p2a: Rillaboom|U-turn|p1b: Gyftrot\n|-supereffective|p1b: Gyftrot\n|-damage|p1b: Gyftrot|42/100\n|\n|t:|1771778876\n|switch|p2a: Incineroar|Incineroar, L50, M|100/100|[from] U-turn\n|-ability|p2a: Incineroar|Intimidate|boost\n|-fail|p1a: Snowdrake|unboost|[from] item: Clear Amulet|[of] p1a: Snowdrake\n|-unboost|p1b: Gyftrot|atk|1\n|move|p1b: Gyftrot|Trick Room|p1b: Gyftrot\n|-fieldstart|move: Trick Room|[of] p1b: Gyftrot\n|\n|-heal|p1b: Gyftrot|48/100|[from] Grassy Terrain\n|upkeep\n|turn|2\n|inactive|EllenJoe2026 has 30 seconds left.\n|inactive|EllenJoe2026 has 20 seconds left.\n|\n|t:|1771778913\n|move|p1b: Gyftrot|Helping Hand|p1a: Snowdrake\n|-singleturn|p1a: Snowdrake|Helping Hand|[of] p1b: Gyftrot\n|move|p1a: Snowdrake|High Horsepower|p2b: Zamazenta|[miss]\n|-miss|p1a: Snowdrake|p2b: Zamazenta\n|move|p2a: Incineroar|Knock Off|p1a: Snowdrake\n|-supereffective|p1a: Snowdrake\n|-damage|p1a: Snowdrake|54/100\n|-enditem|p1a: Snowdrake|Clear Amulet|[from] move: Knock Off|[of] p2a: Incineroar\n|move|p2b: Zamazenta|Body Press|p1b: Gyftrot\n|-damage|p1b: Gyftrot|11/100\n|\n|-heal|p1b: Gyftrot|17/100|[from] Grassy Terrain\n|-heal|p1a: Snowdrake|60/100|[from] Grassy Terrain\n|upkeep\n|turn|3\n|c|\u2606Fr3aky B1lly|i have missed more high horsepowers in the past DAY\n|inactive|Fr3aky B1lly has 30 seconds left.\n|inactive|EllenJoe2026 has 30 seconds left.\n|c|\u2606Fr3aky B1lly|than icicle crashes EVER\n|inactive|Fr3aky B1lly has 20 seconds left.\n|inactive|EllenJoe2026 has 20 seconds left.\n|inactive|Fr3aky B1lly has 15 seconds left.\n|inactive|EllenJoe2026 has 15 seconds left.\n|inactive|Fr3aky B1lly has 10 seconds left.\n|\n|t:|1771778959\n|-terastallize|p1a: Snowdrake|Fire\n|-terastallize|p2a: Incineroar|Grass\n|move|p1b: Gyftrot|Helping Hand|p1a: Snowdrake\n|-singleturn|p1a: Snowdrake|Helping Hand|[of] p1b: Gyftrot\n|move|p2b: Zamazenta|Protect|p2b: Zamazenta\n|-singleturn|p2b: Zamazenta|Protect\n|move|p1a: Snowdrake|High Horsepower|p2b: Zamazenta\n|-activate|p2b: Zamazenta|move: Protect\n|move|p2a: Incineroar|Parting Shot|p1a: Snowdrake\n|-unboost|p1a: Snowdrake|atk|1\n|-unboost|p1a: Snowdrake|spa|1\n|\n|t:|1771778982\n|switch|p2a: Calyrex|Calyrex-Shadow, L50|100/100|[from] Parting Shot\n|-ability|p2a: Calyrex|As One\n|-ability|p2a: Calyrex|Unnerve\n|\n|-heal|p1b: Gyftrot|23/100|[from] Grassy Terrain\n|-heal|p1a: Snowdrake|66/100|[from] Grassy Terrain\n|upkeep\n|turn|4\n|\n|t:|1771778994\n|switch|p1a: Zapper|Iron Hands, L50, shiny|100/100\n|move|p2b: Zamazenta|Wide Guard|p2b: Zamazenta\n|-singleturn|p2b: Zamazenta|Wide Guard\n|move|p1b: Gyftrot|Foul Play|p2a: Calyrex\n|-supereffective|p2a: Calyrex\n|-crit|p2a: Calyrex\n|-damage|p2a: Calyrex|0 fnt\n|faint|p2a: Calyrex\n|\n|-heal|p1b: Gyftrot|29/100|[from] Grassy Terrain\n|upkeep\n|\n|t:|1771779004\n|switch|p2a: Incineroar|Incineroar, L50, M, tera:Grass|100/100\n|-ability|p2a: Incineroar|Intimidate|boost\n|-unboost|p1a: Zapper|atk|1\n|-unboost|p1b: Gyftrot|atk|1\n|turn|5\n|inactive|Fr3aky B1lly has 30 seconds left.\n|\n|t:|1771779032\n|move|p1a: Zapper|Low Kick|p2b: Zamazenta\n|-supereffective|p2b: Zamazenta\n|-damage|p2b: Zamazenta|67/100\n|move|p1b: Gyftrot|Psychic Noise|p2b: Zamazenta\n|-damage|p2b: Zamazenta|47/100\n|-start|p2b: Zamazenta|move: Heal Block\n|move|p2a: Incineroar|Parting Shot|p1a: Zapper\n|-unboost|p1a: Zapper|atk|1\n|-unboost|p1a: Zapper|spa|1\n|\n|t:|1771779044\n|switch|p2a: Rillaboom|Rillaboom, L50, M|88/100|[from] Parting Shot\n|move|p2b: Zamazenta|Body Press|p1b: Gyftrot\n|-damage|p1b: Gyftrot|0 fnt\n|faint|p1b: Gyftrot\n|\n|-heal|p2a: Rillaboom|94/100|[from] Grassy Terrain\n|-fieldend|move: Trick Room\n|-fieldend|move: Grassy Terrain\n|upkeep\n|\n|t:|1771779056\n|switch|p1b: Snowdrake|Calyrex-Ice, L50, tera:Fire|66/100\n|-ability|p1b: Snowdrake|As One\n|-ability|p1b: Snowdrake|Unnerve\n|turn|6\n|inactive|EllenJoe2026 has 30 seconds left.\n|inactive|EllenJoe2026 has 20 seconds left.\n|\n|t:|1771779097\n|-end|p1a: Zapper|Quark Drive|[silent]\n|switch|p1a: Queen|Miraidon, L50|100/100\n|-fieldstart|move: Electric Terrain|[from] ability: Hadron Engine|[of] p1a: Queen\n|move|p2b: Zamazenta|Protect|p2b: Zamazenta\n|-singleturn|p2b: Zamazenta|Protect\n|move|p2a: Rillaboom|U-turn|p1b: Snowdrake\n|-resisted|p1b: Snowdrake\n|-damage|p1b: Snowdrake|59/100\n|\n|t:|1771779106\n|switch|p2a: Incineroar|Incineroar, L50, M, tera:Grass|100/100|[from] U-turn\n|-ability|p2a: Incineroar|Intimidate|boost\n|-unboost|p1a: Queen|atk|1\n|-unboost|p1b: Snowdrake|atk|1\n|move|p1b: Snowdrake|Glacial Lance|p2b: Zamazenta|[spread] p2a\n|-activate|p2b: Zamazenta|move: Protect\n|-supereffective|p2a: Incineroar\n|-damage|p2a: Incineroar|47/100\n|\n|-end|p2b: Zamazenta|move: Heal Block\n|upkeep\n|turn|7\n|inactive|EllenJoe2026 has 30 seconds left.\n|inactive|EllenJoe2026 has 20 seconds left.\n|\n|t:|1771779142\n|switch|p1a: Zapper|Iron Hands, L50, shiny|100/100\n|-activate|p1a: Zapper|ability: Quark Drive\n|-start|p1a: Zapper|quarkdriveatk\n|switch|p2a: Rillaboom|Rillaboom, L50, M|94/100\n|-fieldstart|move: Grassy Terrain|[from] ability: Grassy Surge|[of] p2a: Rillaboom\n|-end|p1a: Zapper|Quark Drive\n|move|p2b: Zamazenta|Body Press|p1b: Snowdrake\n|-damage|p1b: Snowdrake|17/100\n|move|p1b: Snowdrake|Glacial Lance|p2a: Rillaboom|[spread] p2a,p2b\n|-supereffective|p2a: Rillaboom\n|-resisted|p2b: Zamazenta\n|-damage|p2a: Rillaboom|21/100\n|-damage|p2b: Zamazenta|41/100\n|\n|-heal|p2b: Zamazenta|47/100|[from] Grassy Terrain\n|-heal|p2a: Rillaboom|27/100|[from] Grassy Terrain\n|-heal|p1b: Snowdrake|23/100|[from] Grassy Terrain\n|upkeep\n|turn|8\n|inactive|EllenJoe2026 has 30 seconds left.\n|inactive|Fr3aky B1lly has 30 seconds left.\n|inactive|EllenJoe2026 has 20 seconds left.\n|inactive|EllenJoe2026 has 15 seconds left.\n|inactive|EllenJoe2026 has 10 seconds left.\n|\n|t:|1771779189\n|switch|p1b: Queen|Miraidon, L50|100/100\n|-fieldstart|move: Electric Terrain|[from] ability: Hadron Engine|[of] p1b: Queen\n|-activate|p1a: Zapper|ability: Quark Drive\n|-start|p1a: Zapper|quarkdriveatk\n|move|p2a: Rillaboom|Fake Out|p1a: Zapper\n|-crit|p1a: Zapper\n|-damage|p1a: Zapper|87/100\n|move|p2b: Zamazenta|Body Press|p1b: Queen\n|-damage|p1b: Queen|31/100\n|cant|p1a: Zapper|flinch\n|\n|upkeep\n|turn|9\n|inactive|Fr3aky B1lly has 30 seconds left.\n|inactive|Fr3aky B1lly has 20 seconds left.\n|inactive|Fr3aky B1lly has 15 seconds left.\n|inactive|Fr3aky B1lly has 10 seconds left.\n|\n|t:|1771779237\n|switch|p2a: Incineroar|Incineroar, L50, M, tera:Grass|47/100\n|-ability|p2a: Incineroar|Intimidate|boost\n|-unboost|p1a: Zapper|atk|1\n|-unboost|p1b: Queen|atk|1\n|move|p2b: Zamazenta|Protect|p2b: Zamazenta\n|-singleturn|p2b: Zamazenta|Protect\n|move|p1b: Queen|Electro Drift|p2a: Incineroar\n|-resisted|p2a: Incineroar\n|-damage|p2a: Incineroar|2/100\n|move|p1a: Zapper|Low Kick|p2b: Zamazenta\n|-activate|p2b: Zamazenta|move: Protect\n|\n|upkeep\n|turn|10\n|\n|t:|1771779261\n|switch|p2a: Rillaboom|Rillaboom, L50, M|27/100\n|-fieldstart|move: Grassy Terrain|[from] ability: Grassy Surge|[of] p2a: Rillaboom\n|-end|p1a: Zapper|Quark Drive\n|move|p1b: Queen|Electro Drift|p2b: Zamazenta\n|-damage|p2b: Zamazenta|4/100\n|move|p2b: Zamazenta|Body Press|p1b: Queen\n|-damage|p1b: Queen|0 fnt\n|faint|p1b: Queen\n|move|p1a: Zapper|Drain Punch|p2a: Rillaboom\n|-damage|p2a: Rillaboom|0 fnt\n|-heal|p1a: Zapper|97/100|[from] drain|[of] p2a: Rillaboom\n|faint|p2a: Rillaboom\n|\n|-heal|p2b: Zamazenta|10/100|[from] Grassy Terrain\n|-heal|p1a: Zapper|100/100|[from] Grassy Terrain\n|upkeep\n|\n|t:|1771779278\n|switch|p1b: Snowdrake|Calyrex-Ice, L50, tera:Fire|23/100\n|switch|p2a: Incineroar|Incineroar, L50, M, tera:Grass|2/100\n|-ability|p1b: Snowdrake|As One\n|-ability|p1b: Snowdrake|Unnerve\n|-ability|p2a: Incineroar|Intimidate|boost\n|-unboost|p1a: Zapper|atk|1\n|-unboost|p1b: Snowdrake|atk|1\n|turn|11\n|\n|t:|1771779298\n|move|p2a: Incineroar|Fake Out|p1a: Zapper\n|-damage|p1a: Zapper|94/100\n|move|p2b: Zamazenta|Body Press|p1b: Snowdrake\n|-damage|p1b: Snowdrake|0 fnt\n|faint|p1b: Snowdrake\n|cant|p1a: Zapper|flinch\n|\n|-heal|p2b: Zamazenta|16/100|[from] Grassy Terrain\n|-heal|p2a: Incineroar|8/100|[from] Grassy Terrain\n|-heal|p1a: Zapper|99/100|[from] Grassy Terrain\n|upkeep\n|turn|12\n|\n|t:|1771779319\n|move|p2b: Zamazenta|Protect|p2b: Zamazenta\n|-singleturn|p2b: Zamazenta|Protect\n|move|p2a: Incineroar|Parting Shot|p1a: Zapper\n|-unboost|p1a: Zapper|atk|1\n|-unboost|p1a: Zapper|spa|1\n|move|p1a: Zapper|Drain Punch|p2a: Incineroar\n|-damage|p2a: Incineroar|0 fnt\n|-heal|p1a: Zapper|100/100|[from] drain|[of] p2a: Incineroar\n|faint|p2a: Incineroar\n|\n|-heal|p2b: Zamazenta|22/100|[from] Grassy Terrain\n|upkeep\n|turn|13\n|\n|t:|1771779332\n|move|p2b: Zamazenta|Body Press|p1a: Zapper\n|-damage|p1a: Zapper|53/100\n|move|p1a: Zapper|Low Kick|p2b: Zamazenta\n|-supereffective|p2b: Zamazenta\n|-damage|p2b: Zamazenta|1/100\n|\n|-heal|p2b: Zamazenta|7/100|[from] Grassy Terrain\n|-heal|p1a: Zapper|59/100|[from] Grassy Terrain\n|upkeep\n|turn|14\n|\n|t:|1771779345\n|move|p2b: Zamazenta|Protect|p2b: Zamazenta\n|-singleturn|p2b: Zamazenta|Protect\n|move|p1a: Zapper|Low Kick|p2b: Zamazenta\n|-activate|p2b: Zamazenta|move: Protect\n|\n|-heal|p2b: Zamazenta|13/100|[from] Grassy Terrain\n|-heal|p1a: Zapper|65/100|[from] Grassy Terrain\n|-fieldend|move: Grassy Terrain\n|upkeep\n|turn|15\n|\n|t:|1771779354\n|move|p2b: Zamazenta|Body Press|p1a: Zapper\n|-crit|p1a: Zapper\n|-damage|p1a: Zapper|0 fnt\n|faint|p1a: Zapper\n|-end|p1a: Zapper|Quark Drive|[silent]\n|\n|win|EllenJoe2026\n|raw|Fr3aky B1lly's rating: 1409 &rarr; <strong>1388</strong><br />(-21 for losing)\n|raw|EllenJoe2026's rating: 1386 &rarr; <strong>1407</strong><br />(+21 for winning)\n|l|\u203dEllenJoe2026\n|player|p2|\n|c|\u2606Fr3aky B1lly|holy bs\n","uploadtime":1771779371,"views":28,"formatid":"gen9vgc2026regi","rating":1388,"private":0,"password":null}