{"id":"gen9vgc2026regi-2517869950","format":"[Gen 9] VGC 2026 Reg I","players":["Erp_0","VJ2511"],"log":"|j|\u2606Erp_0\n|j|\u2606VJ2511\n|t:|1768320792\n|gametype|doubles\n|player|p1|Erp_0|crispin|1234\n|player|p2|VJ2511|red-masters3|1293\n|gen|9\n|tier|[Gen 9] VGC 2026 Reg I\n|rated|\n|rule|Species Clause: Limit one of each Pok\u00e9mon\n|rule|Item Clause: Limit 1 of each item\n|clearpoke\n|poke|p1|Koraidon, L50|\n|poke|p1|Flutter Mane, L50|\n|poke|p1|Chi-Yu, L50|\n|poke|p1|Calyrex-Shadow, L50|\n|poke|p1|Brute Bonnet, L50|\n|poke|p1|Raging Bolt, L50|\n|poke|p2|Calyrex-Shadow, L50|\n|poke|p2|Zamazenta-*, L50|\n|poke|p2|Maushold, L50|\n|poke|p2|Whimsicott, L50, F|\n|poke|p2|Ursaluna-Bloodmoon, L50, M|\n|poke|p2|Roaring Moon, L50|\n|teampreview|4\n|inactive|Battle timer is ON: inactive players will automatically lose when time's up. (requested by VJ2511)\n|\n|t:|1768320826\n|teamsize|p1|4\n|teamsize|p2|4\n|start\n|switch|p1a: Koraidon|Koraidon, L50|100/100\n|switch|p1b: Chi-Yu|Chi-Yu, L50|100/100\n|switch|p2a: Ursaluna|Ursaluna-Bloodmoon, L50, M|100/100\n|switch|p2b: Roaring Moon|Roaring Moon, L50|100/100\n|-ability|p1b: Chi-Yu|Beads of Ruin\n|-weather|SunnyDay|[from] ability: Orichalcum Pulse|[of] p1a: Koraidon\n|-activate|p2b: Roaring Moon|ability: Protosynthesis\n|-start|p2b: Roaring Moon|protosynthesisspe\n|-activate|p1a: Koraidon|Orichalcum Pulse|[source]\n|turn|1\n|\n|t:|1768320842\n|move|p2a: Ursaluna|Protect|p2a: Ursaluna\n|-singleturn|p2a: Ursaluna|Protect\n|move|p2b: Roaring Moon|Breaking Swipe|p1a: Koraidon|[spread] p1a,p1b\n|-supereffective|p1a: Koraidon\n|-damage|p1a: Koraidon|62/100\n|-damage|p1b: Chi-Yu|65/100\n|-unboost|p1b: Chi-Yu|atk|1\n|move|p1b: Chi-Yu|Heat Wave|p2b: Roaring Moon|[spread] p2b\n|-activate|p2a: Ursaluna|move: Protect\n|-resisted|p2b: Roaring Moon\n|-damage|p2b: Roaring Moon|66/100\n|move|p1a: Koraidon|Flame Charge|p2a: Ursaluna\n|-activate|p2a: Ursaluna|move: Protect\n|\n|-weather|SunnyDay|[upkeep]\n|upkeep\n|turn|2\n|\n|t:|1768320852\n|-terastallize|p2a: Ursaluna|Normal\n|move|p1a: Koraidon|Protect|p1a: Koraidon\n|-singleturn|p1a: Koraidon|Protect\n|move|p2b: Roaring Moon|Tailwind|p2b: Roaring Moon\n|-sidestart|p2: VJ2511|move: Tailwind\n|move|p1b: Chi-Yu|Heat Wave|p2a: Ursaluna|[spread] p2a,p2b\n|-resisted|p2b: Roaring Moon\n|-damage|p2a: Ursaluna|3/100\n|-damage|p2b: Roaring Moon|29/100\n|move|p2a: Ursaluna|Hyper Voice|p1a: Koraidon|[spread] p1b\n|-activate|p1a: Koraidon|move: Protect\n|-damage|p1b: Chi-Yu|0 fnt\n|faint|p1b: Chi-Yu\n|-damage|p2a: Ursaluna|0 fnt|[from] item: Life Orb\n|faint|p2a: Ursaluna\n|\n|-weather|SunnyDay|[upkeep]\n|upkeep\n|\n|t:|1768320868\n|switch|p1b: Brute Bonnet|Brute Bonnet, L50|100/100\n|switch|p2a: Calyrex|Calyrex-Shadow, L50|100/100\n|-ability|p2a: Calyrex|As One\n|-ability|p2a: Calyrex|Unnerve\n|-activate|p1b: Brute Bonnet|ability: Protosynthesis\n|-start|p1b: Brute Bonnet|protosynthesisdef\n|turn|3\n|\n|t:|1768320883\n|-terastallize|p1a: Koraidon|Fire\n|move|p2b: Roaring Moon|Breaking Swipe|p1b: Brute Bonnet|[spread] p1a,p1b\n|-damage|p1a: Koraidon|41/100\n|-damage|p1b: Brute Bonnet|89/100\n|-unboost|p1b: Brute Bonnet|atk|1\n|move|p2a: Calyrex|Pollen Puff|p1b: Brute Bonnet\n|-supereffective|p1b: Brute Bonnet\n|-damage|p1b: Brute Bonnet|0 fnt\n|faint|p1b: Brute Bonnet\n|-end|p1b: Brute Bonnet|Protosynthesis|[silent]\n|-ability|p2a: Calyrex|Grim Neigh|boost\n|-boost|p2a: Calyrex|spa|1\n|move|p1a: Koraidon|Flame Charge|p2b: Roaring Moon\n|-resisted|p2b: Roaring Moon\n|-damage|p2b: Roaring Moon|0 fnt\n|-boost|p1a: Koraidon|spe|1\n|faint|p2b: Roaring Moon\n|-end|p2b: Roaring Moon|Protosynthesis|[silent]\n|\n|-weather|SunnyDay|[upkeep]\n|upkeep\n|\n|t:|1768320892\n|switch|p2b: Maushold|Maushold, L50|100/100\n|switch|p1b: Flutter Mane|Flutter Mane, L50|100/100\n|-activate|p1b: Flutter Mane|ability: Protosynthesis\n|-start|p1b: Flutter Mane|protosynthesisspe\n|turn|4\n|\n|t:|1768320903\n|move|p2b: Maushold|Helping Hand|p2a: Calyrex\n|-singleturn|p2a: Calyrex|Helping Hand|[of] p2b: Maushold\n|move|p2a: Calyrex|Pollen Puff|p1a: Koraidon\n|-resisted|p1a: Koraidon\n|-damage|p1a: Koraidon|0 fnt\n|faint|p1a: Koraidon\n|-ability|p2a: Calyrex|Grim Neigh|boost\n|-boost|p2a: Calyrex|spa|1\n|move|p1b: Flutter Mane|Icy Wind|p2b: Maushold|[spread] p2a,p2b\n|-damage|p2a: Calyrex|90/100\n|-damage|p2b: Maushold|81/100\n|-unboost|p2a: Calyrex|spe|1\n|-unboost|p2b: Maushold|spe|1\n|\n|-weather|SunnyDay|[upkeep]\n|upkeep\n|turn|5\n|\n|t:|1768320916\n|move|p2b: Maushold|Follow Me|p2b: Maushold\n|-singleturn|p2b: Maushold|move: Follow Me\n|move|p1b: Flutter Mane|Shadow Ball|p2b: Maushold\n|-immune|p2b: Maushold\n|move|p2a: Calyrex|Pollen Puff|p1b: Flutter Mane\n|-resisted|p1b: Flutter Mane\n|-crit|p1b: Flutter Mane\n|-damage|p1b: Flutter Mane|51/100\n|\n|-weather|none\n|-end|p1b: Flutter Mane|Protosynthesis\n|-sideend|p2: VJ2511|move: Tailwind\n|upkeep\n|turn|6\n|\n|t:|1768320924\n|move|p2b: Maushold|Follow Me|p2b: Maushold\n|-singleturn|p2b: Maushold|move: Follow Me\n|move|p1b: Flutter Mane|Moonblast|p2b: Maushold\n|-damage|p2b: Maushold|12/100\n|move|p2a: Calyrex|Pollen Puff|p1b: Flutter Mane\n|-resisted|p1b: Flutter Mane\n|-damage|p1b: Flutter Mane|18/100\n|\n|upkeep\n|turn|7\n|\n|t:|1768320933\n|move|p2b: Maushold|Follow Me|p2b: Maushold\n|-singleturn|p2b: Maushold|move: Follow Me\n|move|p1b: Flutter Mane|Moonblast|p2b: Maushold\n|-damage|p2b: Maushold|0 fnt\n|faint|p2b: Maushold\n|move|p2a: Calyrex|Pollen Puff|p1b: Flutter Mane\n|-resisted|p1b: Flutter Mane\n|-damage|p1b: Flutter Mane|0 fnt\n|faint|p1b: Flutter Mane\n|-end|p1b: Flutter Mane|Protosynthesis|[silent]\n|\n|win|VJ2511\n|raw|Erp_0's rating: 1234 &rarr; <strong>1213</strong><br />(-21 for losing)\n|raw|VJ2511's rating: 1293 &rarr; <strong>1314</strong><br />(+21 for winning)\n|l|\u2606Erp_0\n|player|p1|\n|l|\u2606VJ2511\n|player|p2|\n","uploadtime":1768321183,"views":12,"formatid":"gen9vgc2026regi","rating":1213,"private":0,"password":null}