{"id":"gen9vgc2026regi-2533069828","format":"[Gen 9] VGC 2026 Reg I","players":["pondemonium","alexit93"],"log":"|j|\u2606pondemonium\n|j|\u2606alexit93\n|t:|1770253213\n|gametype|doubles\n|player|p1|pondemonium|skyla|1183\n|player|p2|alexit93|lucas-gen4pt|1281\n|gen|9\n|tier|[Gen 9] VGC 2026 Reg I\n|rated|\n|rule|Species Clause: Limit one of each Pok\u00e9mon\n|rule|Item Clause: Limit 1 of each item\n|clearpoke\n|poke|p1|Terapagos, L50, M|\n|poke|p1|Whimsicott, L50, F|\n|poke|p1|Flamigo, L50, F|\n|poke|p1|Zacian-*, L50|\n|poke|p1|Ogerpon-Wellspring, L50, F|\n|poke|p1|Clefairy, L50, F|\n|poke|p2|Zamazenta-*, L50|\n|poke|p2|Riolu, L50, F|\n|poke|p2|Calyrex-Ice, L50|\n|poke|p2|Rillaboom, L50, M|\n|poke|p2|Incineroar, L50, M|\n|poke|p2|Urshifu-*, L50, F|\n|teampreview|4\n|\n|t:|1770253252\n|teamsize|p1|4\n|teamsize|p2|4\n|start\n|switch|p1a: Terapagos|Terapagos, L50, M|100/100\n|switch|p1b: Whimsicott|Whimsicott, L50, F|100/100\n|switch|p2a: Zamazenta|Zamazenta-Crowned, L50, shiny|100/100\n|switch|p2b: Riolu|Riolu, L50, F|100/100\n|-activate|p1a: Terapagos|ability: Tera Shift\n|detailschange|p1a: Terapagos|Terapagos-Terastal, L50, M\n|-heal|p1a: Terapagos|100/100|[silent]\n|-ability|p2a: Zamazenta|Dauntless Shield|boost\n|-boost|p2a: Zamazenta|def|1\n|turn|1\n|\n|t:|1770253262\n|move|p2b: Riolu|Feint|p1a: Terapagos\n|-activate|p1a: Terapagos|ability: Tera Shell\n|-resisted|p1a: Terapagos\n|-damage|p1a: Terapagos|98/100\n|move|p1b: Whimsicott|Taunt|p2b: Riolu\n|-start|p2b: Riolu|move: Taunt\n|move|p2a: Zamazenta|Body Press|p1a: Terapagos\n|-supereffective|p1a: Terapagos\n|-damage|p1a: Terapagos|0 fnt\n|faint|p1a: Terapagos\n|\n|upkeep\n|\n|t:|1770253271\n|switch|p1a: Zacian|Zacian-Crowned, L50|100/100\n|-ability|p1a: Zacian|Intrepid Sword|boost\n|-boost|p1a: Zacian|atk|1\n|turn|2\n|\n|t:|1770253297\n|switch|p2b: Incineroar|Incineroar, L50, M|100/100\n|-ability|p2b: Incineroar|Intimidate|boost\n|-unboost|p1a: Zacian|atk|1\n|-unboost|p1b: Whimsicott|atk|1\n|move|p1a: Zacian|Swords Dance|p1a: Zacian\n|-boost|p1a: Zacian|atk|2\n|move|p1b: Whimsicott|Dazzling Gleam|p2b: Incineroar|[spread] p2a,p2b\n|-damage|p2a: Zamazenta|82/100\n|-damage|p2b: Incineroar|79/100\n|move|p2a: Zamazenta|Body Press|p1a: Zacian\n|-damage|p1a: Zacian|38/100\n|\n|upkeep\n|turn|3\n|\n|t:|1770253328\n|switch|p1a: Ogerpon|Ogerpon-Wellspring, L50, F|100/100\n|move|p2b: Incineroar|Fake Out|p1a: Ogerpon\n|-damage|p1a: Ogerpon|89/100\n|move|p1b: Whimsicott|Tailwind|p1b: Whimsicott\n|-sidestart|p1: pondemonium|move: Tailwind\n|move|p2a: Zamazenta|Behemoth Bash|p1b: Whimsicott\n|-supereffective|p1b: Whimsicott\n|-damage|p1b: Whimsicott|0 fnt\n|faint|p1b: Whimsicott\n|\n|upkeep\n|\n|t:|1770253336\n|switch|p1b: Zacian|Zacian-Crowned, L50|38/100\n|turn|4\n|\n|t:|1770253345\n|switch|p2b: Riolu|Riolu, L50, F|100/100\n|move|p2a: Zamazenta|Protect|p2a: Zamazenta\n|-singleturn|p2a: Zamazenta|Protect\n|move|p1b: Zacian|Sacred Sword|p2b: Riolu\n|-damage|p2b: Riolu|57/100\n|move|p1a: Ogerpon|Swords Dance|p1a: Ogerpon\n|-boost|p1a: Ogerpon|atk|2\n|\n|upkeep\n|turn|5\n|\n|t:|1770253365\n|-terastallize|p1b: Zacian|Fighting\n|-terastallize|p2a: Zamazenta|Dragon\n|move|p2b: Riolu|Coaching|p2a: Zamazenta\n|-boost|p2a: Zamazenta|atk|1\n|-boost|p2a: Zamazenta|def|1\n|move|p1b: Zacian|Sacred Sword|p2a: Zamazenta\n|-damage|p2a: Zamazenta|50/100\n|move|p1a: Ogerpon|Horn Leech|p2b: Riolu\n|-damage|p2b: Riolu|0 fnt\n|-heal|p1a: Ogerpon|100/100|[from] drain|[of] p2b: Riolu\n|faint|p2b: Riolu\n|move|p2a: Zamazenta|Body Press|p1b: Zacian\n|-damage|p1b: Zacian|0 fnt\n|faint|p1b: Zacian\n|\n|upkeep\n|\n|t:|1770253378\n|switch|p2b: Incineroar|Incineroar, L50, M|79/100\n|-ability|p2b: Incineroar|Intimidate|boost\n|-unboost|p1a: Ogerpon|atk|1\n|turn|6\n|\n|t:|1770253384\n|switch|p2b: Urshifu|Urshifu-Rapid-Strike, L50, F|100/100\n|move|p2a: Zamazenta|Protect|p2a: Zamazenta\n|-singleturn|p2a: Zamazenta|Protect\n|move|p1a: Ogerpon|Swords Dance|p1a: Ogerpon\n|-boost|p1a: Ogerpon|atk|2\n|\n|-sideend|p1: pondemonium|move: Tailwind\n|upkeep\n|turn|7\n|\n|t:|1770253399\n|move|p2b: Urshifu|Close Combat|p1a: Ogerpon\n|-damage|p1a: Ogerpon|35/100\n|-unboost|p2b: Urshifu|def|1\n|-unboost|p2b: Urshifu|spd|1\n|move|p2a: Zamazenta|Body Press|p1a: Ogerpon\n|-damage|p1a: Ogerpon|0 fnt\n|faint|p1a: Ogerpon\n|\n|win|alexit93\n|raw|pondemonium's rating: 1183 &rarr; <strong>1165</strong><br />(-18 for losing)\n|raw|alexit93's rating: 1281 &rarr; <strong>1299</strong><br />(+18 for winning)\n","uploadtime":1770253419,"views":19,"formatid":"gen9vgc2026regi","rating":1165,"private":0,"password":null}