{"id":"gen9vgc2026regi-2521827467","format":"[Gen 9] VGC 2026 Reg I","players":["blackred123","ilwill"],"log":"|j|\u2606blackred123\n|j|\u2606ilwill\n|t:|1768830946\n|gametype|doubles\n|player|p1|blackred123|iono-masters|1241\n|player|p2|ilwill|265|1191\n|gen|9\n|tier|[Gen 9] VGC 2026 Reg I\n|rated|\n|rule|Species Clause: Limit one of each Pok\u00e9mon\n|rule|Item Clause: Limit 1 of each item\n|clearpoke\n|poke|p1|Zacian-*, L50|\n|poke|p1|Kyogre, L50|\n|poke|p1|Amoonguss, L50, F|\n|poke|p1|Incineroar, L50, F|\n|poke|p1|Urshifu-*, L50, M|\n|poke|p1|Iron Jugulis, L50|\n|poke|p2|Calyrex-Ice, L50|\n|poke|p2|Scraggy, L50, M|\n|poke|p2|Miraidon, L50|\n|poke|p2|Ditto, L50|\n|poke|p2|Iron Treads, L50|\n|poke|p2|Landorus, L50, M|\n|teampreview|4\n|inactive|Battle timer is ON: inactive players will automatically lose when time's up. (requested by blackred123)\n|\n|t:|1768830964\n|teamsize|p1|4\n|teamsize|p2|4\n|start\n|switch|p1a: \u4e3b\u4eba\ud83d\ude2d\ud83e\udd75|Incineroar, L50, F|100/100\n|switch|p1b: \u55f7\u545c\uff5e|Iron Jugulis, L50|100/100\n|switch|p2a: Miraidon|Miraidon, L50|100/100\n|switch|p2b: Iron Treads|Iron Treads, L50|100/100\n|-fieldstart|move: Electric Terrain|[from] ability: Hadron Engine|[of] p2a: Miraidon\n|-activate|p2b: Iron Treads|ability: Quark Drive\n|-start|p2b: Iron Treads|quarkdrivespe\n|-activate|p1b: \u55f7\u545c\uff5e|ability: Quark Drive\n|-start|p1b: \u55f7\u545c\uff5e|quarkdrivespe\n|-ability|p1a: \u4e3b\u4eba\ud83d\ude2d\ud83e\udd75|Intimidate|boost\n|-unboost|p2a: Miraidon|atk|1\n|-unboost|p2b: Iron Treads|atk|1\n|turn|1\n|inactive|blackred123 has 30 seconds left.\n|inactive|ilwill has 30 seconds left.\n|inactive|blackred123 has 20 seconds left.\n|\n|t:|1768831005\n|move|p1a: \u4e3b\u4eba\ud83d\ude2d\ud83e\udd75|Fake Out|p2a: Miraidon\n|-damage|p2a: Miraidon|92/100\n|move|p2b: Iron Treads|High Horsepower|p1a: \u4e3b\u4eba\ud83d\ude2d\ud83e\udd75\n|-supereffective|p1a: \u4e3b\u4eba\ud83d\ude2d\ud83e\udd75\n|-damage|p1a: \u4e3b\u4eba\ud83d\ude2d\ud83e\udd75|23/100\n|-damage|p2b: Iron Treads|91/100|[from] item: Life Orb\n|move|p1b: \u55f7\u545c\uff5e|Snarl|p2a: Miraidon|[spread] p2a,p2b\n|-damage|p2a: Miraidon|80/100\n|-damage|p2b: Iron Treads|66/100\n|-unboost|p2a: Miraidon|spa|1\n|-unboost|p2b: Iron Treads|spa|1\n|cant|p2a: Miraidon|flinch\n|\n|upkeep\n|turn|2\n|inactive|blackred123 has 30 seconds left.\n|\n|t:|1768831032\n|move|p2b: Iron Treads|High Horsepower|p1a: \u4e3b\u4eba\ud83d\ude2d\ud83e\udd75\n|-supereffective|p1a: \u4e3b\u4eba\ud83d\ude2d\ud83e\udd75\n|-damage|p1a: \u4e3b\u4eba\ud83d\ude2d\ud83e\udd75|0 fnt\n|faint|p1a: \u4e3b\u4eba\ud83d\ude2d\ud83e\udd75\n|-damage|p2b: Iron Treads|56/100|[from] item: Life Orb\n|move|p1b: \u55f7\u545c\uff5e|Tailwind|p1b: \u55f7\u545c\uff5e\n|-sidestart|p1: blackred123|move: Tailwind\n|move|p2a: Miraidon|Volt Switch|p1b: \u55f7\u545c\uff5e\n|-supereffective|p1b: \u55f7\u545c\uff5e\n|-damage|p1b: \u55f7\u545c\uff5e|0 fnt\n|faint|p1b: \u55f7\u545c\uff5e\n|-end|p1b: \u55f7\u545c\uff5e|Quark Drive|[silent]\n|\n|t:|1768831047\n|switch|p2a: Calyrex|Calyrex-Ice, L50|100/100|[from] Volt Switch\n|-ability|p2a: Calyrex|As One\n|-ability|p2a: Calyrex|Unnerve\n|\n|upkeep\n|\n|t:|1768831049\n|switch|p1b: \u9a6c\u5243\u5929\u7231\u661f|Kyogre, L50, shiny|100/100\n|switch|p1a: \u963f\u5c14\u6258\u8389\u96c5|Zacian-Crowned, L50, shiny|100/100\n|-ability|p1a: \u963f\u5c14\u6258\u8389\u96c5|Intrepid Sword|boost\n|-boost|p1a: \u963f\u5c14\u6258\u8389\u96c5|atk|1\n|-weather|RainDance|[from] ability: Drizzle|[of] p1b: \u9a6c\u5243\u5929\u7231\u661f\n|turn|3\n|inactive|ilwill has 30 seconds left.\n|inactive|ilwill has 20 seconds left.\n|\n|t:|1768831087\n|move|p2b: Iron Treads|Protect|p2b: Iron Treads\n|-singleturn|p2b: Iron Treads|Protect\n|move|p1a: \u963f\u5c14\u6258\u8389\u96c5|Behemoth Blade|p2a: Calyrex\n|-supereffective|p2a: Calyrex\n|-damage|p2a: Calyrex|0 fnt\n|faint|p2a: Calyrex\n|move|p1b: \u9a6c\u5243\u5929\u7231\u661f|Water Spout|p2b: Iron Treads\n|-activate|p2b: Iron Treads|move: Protect\n|\n|-weather|RainDance|[upkeep]\n|upkeep\n|\n|t:|1768831109\n|switch|p2a: Miraidon|Miraidon, L50|80/100\n|-activate|p2a: Miraidon|ability: Hadron Engine\n|turn|4\n|inactive|ilwill has 30 seconds left.\n|\n|t:|1768831138\n|-terastallize|p1b: \u9a6c\u5243\u5929\u7231\u661f|Electric\n|move|p2b: Iron Treads|Protect||[still]\n|-fail|p2b: Iron Treads\n|move|p1a: \u963f\u5c14\u6258\u8389\u96c5|Behemoth Blade|p2a: Miraidon\n|-resisted|p2a: Miraidon\n|-damage|p2a: Miraidon|40/100\n|move|p1b: \u9a6c\u5243\u5929\u7231\u661f|Water Spout|p2a: Miraidon|[spread] p2a,p2b\n|-resisted|p2a: Miraidon\n|-supereffective|p2b: Iron Treads\n|-damage|p2a: Miraidon|9/100\n|-damage|p2b: Iron Treads|0 fnt\n|faint|p2b: Iron Treads\n|-end|p2b: Iron Treads|Quark Drive|[silent]\n|move|p2a: Miraidon|Electro Drift|p1b: \u9a6c\u5243\u5929\u7231\u661f\n|-resisted|p1b: \u9a6c\u5243\u5929\u7231\u661f\n|-damage|p1b: \u9a6c\u5243\u5929\u7231\u661f|72/100\n|\n|-weather|RainDance|[upkeep]\n|upkeep\n|\n|t:|1768831157\n|switch|p2b: Landorus|Landorus, L50, M|100/100\n|turn|5\n|\n|t:|1768831175\n|move|p1a: \u963f\u5c14\u6258\u8389\u96c5|Behemoth Blade|p2a: Miraidon\n|-resisted|p2a: Miraidon\n|-damage|p2a: Miraidon|0 fnt\n|faint|p2a: Miraidon\n|move|p1b: \u9a6c\u5243\u5929\u7231\u661f|Ice Beam|p2b: Landorus\n|-supereffective|p2b: Landorus\n|-damage|p2b: Landorus|0 fnt\n|faint|p2b: Landorus\n|\n|win|blackred123\n|raw|blackred123's rating: 1241 &rarr; <strong>1262</strong><br />(+21 for winning)\n|raw|ilwill's rating: 1191 &rarr; <strong>1170</strong><br />(-21 for losing)\n|l|\u2606ilwill\n|player|p2|\n|l|\u2606blackred123\n|player|p1|\n","uploadtime":1768831444,"views":12,"formatid":"gen9vgc2026regi","rating":1170,"private":0,"password":null}