{"id":"gen9vgc2026regi-2589955983","format":"[Gen 9] VGC 2026 Reg I","players":["Isuckatthishaha","24kpure"],"log":"|j|\u203dIsuckatthishaha\n|j|\u260624kpure\n|t:|1776777124\n|gametype|doubles\n|player|p1|Isuckatthishaha|lady|1565\n|player|p2|24kpure|170|1562\n|gen|9\n|tier|[Gen 9] VGC 2026 Reg I\n|rated|\n|rule|Species Clause: Limit one of each Pok\u00e9mon\n|rule|Item Clause: Limit 1 of each item\n|clearpoke\n|poke|p1|Rayquaza, L50|\n|poke|p1|Kyogre, L50|\n|poke|p1|Tornadus, L50, M|\n|poke|p1|Chien-Pao, L50|\n|poke|p1|Rhyperior, L50, F|\n|poke|p1|Urshifu-*, L50, F|\n|poke|p2|Muk-Alola, L50, M|\n|poke|p2|Smeargle, L50, F|\n|poke|p2|Rillaboom, L50, F|\n|poke|p2|Flamigo, L50, F|\n|poke|p2|Koraidon, L50|\n|poke|p2|Incineroar, L50, M|\n|teampreview|4\n|inactive|Battle timer is ON: inactive players will automatically lose when time's up. (requested by Isuckatthishaha)\n|inactive|24kpure has 60 seconds left.\n|\n|t:|1776777163\n|teamsize|p1|4\n|teamsize|p2|4\n|start\n|switch|p1a: Tornadus|Tornadus, L50, M|100/100\n|switch|p1b: Kyogre|Kyogre, L50|100/100\n|switch|p2a: Muk|Muk-Alola, L50, M|100/100\n|switch|p2b: Smeargle|Smeargle, L50, F|100/100\n|-weather|RainDance|[from] ability: Drizzle|[of] p1b: Kyogre\n|turn|1\n|\n|t:|1776777174\n|-terastallize|p1b: Kyogre|Ghost\n|move|p2b: Smeargle|Fake Out|p1b: Kyogre\n|-immune|p1b: Kyogre\n|move|p1a: Tornadus|Rain Dance||[still]\n|-fail|p1a: Tornadus\n|move|p1b: Kyogre|Water Spout|p2b: Smeargle|[spread] p2a,p2b\n|-damage|p2a: Muk|5/100\n|-enditem|p2b: Smeargle|Focus Sash\n|-damage|p2b: Smeargle|1/100\n|move|p2a: Muk|Minimize|p2a: Muk\n|-boost|p2a: Muk|evasion|2\n|\n|-weather|RainDance|[upkeep]\n|-heal|p2a: Muk|11/100|[from] item: Leftovers\n|-ability|p2b: Smeargle|Moody|boost\n|-boost|p2b: Smeargle|spe|2\n|-unboost|p2b: Smeargle|atk|1\n|upkeep\n|turn|2\n|inactive|24kpure has 30 seconds left.\n|\n|t:|1776777206\n|move|p2b: Smeargle|Wide Guard|p2b: Smeargle\n|-singleturn|p2b: Smeargle|Wide Guard\n|move|p1a: Tornadus|Taunt|p2b: Smeargle\n|-start|p2b: Smeargle|move: Taunt\n|move|p1b: Kyogre|Water Spout|p2a: Muk|[spread] \n|-activate|p2a: Muk|move: Wide Guard\n|-activate|p2b: Smeargle|move: Wide Guard\n|move|p2a: Muk|Minimize|p2a: Muk\n|-boost|p2a: Muk|evasion|2\n|\n|-weather|RainDance|[upkeep]\n|-heal|p2a: Muk|17/100|[from] item: Leftovers\n|-ability|p2b: Smeargle|Moody|boost\n|-boost|p2b: Smeargle|spd|2\n|-unboost|p2b: Smeargle|spe|1\n|upkeep\n|turn|3\n|\n|t:|1776777230\n|switch|p2b: Koraidon|Koraidon, L50|100/100\n|-weather|SunnyDay|[from] ability: Orichalcum Pulse|[of] p2b: Koraidon\n|-activate|p2b: Koraidon|Orichalcum Pulse|[source]\n|move|p1a: Tornadus|Tailwind|p1a: Tornadus\n|-sidestart|p1: Isuckatthishaha|move: Tailwind\n|move|p1b: Kyogre|Ice Beam|p2a: Muk|[miss]\n|-miss|p1b: Kyogre|p2a: Muk\n|move|p2a: Muk|Knock Off|p1b: Kyogre\n|-supereffective|p1b: Kyogre\n|-damage|p1b: Kyogre|30/100\n|-enditem|p1b: Kyogre|Mystic Water|[from] move: Knock Off|[of] p2a: Muk\n|\n|-weather|SunnyDay|[upkeep]\n|-heal|p2a: Muk|24/100|[from] item: Leftovers\n|upkeep\n|turn|4\n|\n|t:|1776777253\n|switch|p2b: Smeargle|Smeargle, L50, F|1/100\n|move|p2a: Muk|Protect|p2a: Muk\n|-singleturn|p2a: Muk|Protect\n|move|p1a: Tornadus|Rain Dance|p1a: Tornadus\n|-weather|RainDance\n|move|p1b: Kyogre|Ice Beam|p2b: Smeargle\n|-damage|p2b: Smeargle|0 fnt\n|faint|p2b: Smeargle\n|-ability|p2a: Muk|Moody|Power of Alchemy|[from] ability: Power of Alchemy|[of] p2b: Smeargle\n|\n|-weather|RainDance|[upkeep]\n|-heal|p2a: Muk|30/100|[from] item: Leftovers\n|-ability|p2a: Muk|Moody|boost\n|-boost|p2a: Muk|def|2\n|-unboost|p2a: Muk|spd|1\n|upkeep\n|\n|t:|1776777278\n|switch|p2b: Koraidon|Koraidon, L50|100/100\n|-weather|SunnyDay|[from] ability: Orichalcum Pulse|[of] p2b: Koraidon\n|-activate|p2b: Koraidon|Orichalcum Pulse|[source]\n|turn|5\n|\n|t:|1776777296\n|move|p1a: Tornadus|Rain Dance|p1a: Tornadus\n|-weather|RainDance\n|move|p2b: Koraidon|Outrage|p1a: Tornadus\n|-damage|p1a: Tornadus|11/100\n|move|p1b: Kyogre|Ice Beam|p2b: Koraidon\n|-supereffective|p2b: Koraidon\n|-damage|p2b: Koraidon|30/100\n|move|p2a: Muk|Knock Off|p1b: Kyogre\n|-supereffective|p1b: Kyogre\n|-damage|p1b: Kyogre|0 fnt\n|faint|p1b: Kyogre\n|\n|-weather|RainDance|[upkeep]\n|-heal|p2a: Muk|36/100|[from] item: Leftovers\n|-ability|p2a: Muk|Moody|boost\n|-boost|p2a: Muk|spd|2\n|-unboost|p2a: Muk|def|1\n|upkeep\n|\n|t:|1776777304\n|switch|p1b: Urshifu|Urshifu-Rapid-Strike, L50, F|100/100\n|turn|6\n|\n|t:|1776777319\n|-terastallize|p2a: Muk|Grass\n|move|p2a: Muk|Protect|p2a: Muk\n|-singleturn|p2a: Muk|Protect\n|move|p1b: Urshifu|Surging Strikes|p2a: Muk|[miss]\n|-miss|p1b: Urshifu|p2a: Muk\n|move|p1a: Tornadus|Bleakwind Storm|p2a: Muk|[spread] p2b\n|-activate|p2a: Muk|move: Protect\n|-supereffective|p2b: Koraidon\n|-damage|p2b: Koraidon|0 fnt\n|faint|p2b: Koraidon\n|\n|-weather|RainDance|[upkeep]\n|-heal|p2a: Muk|42/100|[from] item: Leftovers\n|-sideend|p1: Isuckatthishaha|move: Tailwind\n|-ability|p2a: Muk|Moody|boost\n|-boost|p2a: Muk|atk|2\n|-unboost|p2a: Muk|spe|1\n|upkeep\n|\n|t:|1776777328\n|switch|p2b: Flamigo|Flamigo, L50, F|100/100\n|-copyboost|p2b: Flamigo|p2a: Muk|[from] ability: Costar\n|turn|7\n|\n|t:|1776777338\n|move|p1b: Urshifu|Surging Strikes|p2b: Flamigo|[miss]\n|-miss|p1b: Urshifu|p2b: Flamigo\n|move|p1a: Tornadus|Bleakwind Storm|p2a: Muk|[spread] p2a,p2b\n|-supereffective|p2a: Muk\n|-supereffective|p2b: Flamigo\n|-damage|p2a: Muk|10/100\n|-damage|p2b: Flamigo|36/100\n|move|p2b: Flamigo|Brave Bird|p1a: Tornadus\n|-damage|p1a: Tornadus|0 fnt\n|faint|p1a: Tornadus\n|-damage|p2b: Flamigo|32/100|[from] Recoil\n|move|p2a: Muk|Knock Off|p1b: Urshifu\n|-resisted|p1b: Urshifu\n|-damage|p1b: Urshifu|66/100\n|-enditem|p1b: Urshifu|Choice Scarf|[from] move: Knock Off|[of] p2a: Muk\n|\n|-weather|RainDance|[upkeep]\n|-heal|p2a: Muk|16/100|[from] item: Leftovers\n|-ability|p2a: Muk|Moody|boost\n|-boost|p2a: Muk|spa|2\n|-unboost|p2a: Muk|spe|1\n|upkeep\n|\n|t:|1776777344\n|switch|p1a: Rayquaza|Rayquaza, L50|100/100\n|-ability|p1a: Rayquaza|Air Lock\n|turn|8\n|\n|t:|1776777366\n|move|p1a: Rayquaza|Dragon Ascent|p2a: Muk|[miss]\n|-miss|p1a: Rayquaza|p2a: Muk\n|move|p1b: Urshifu|Surging Strikes|p2b: Flamigo\n|-crit|p2b: Flamigo\n|-damage|p2b: Flamigo|1/100\n|-crit|p2b: Flamigo\n|-damage|p2b: Flamigo|0 fnt\n|faint|p2b: Flamigo\n|-hitcount|p2: Flamigo|2\n|move|p2a: Muk|Knock Off|p1a: Rayquaza\n|-damage|p1a: Rayquaza|31/100\n|-enditem|p1a: Rayquaza|Focus Sash|[from] move: Knock Off|[of] p2a: Muk\n|\n|-weather|RainDance|[upkeep]\n|-heal|p2a: Muk|22/100|[from] item: Leftovers\n|-ability|p2a: Muk|Moody|boost\n|-boost|p2a: Muk|atk|2\n|-unboost|p2a: Muk|spd|1\n|upkeep\n|turn|9\n|inactive|24kpure has 30 seconds left.\n|inactive|24kpure has 20 seconds left.\n|inactive|24kpure has 15 seconds left.\n|inactive|24kpure has 10 seconds left.\n|\n|t:|1776777411\n|move|p1a: Rayquaza|Dragon Ascent|p2a: Muk|[miss]\n|-miss|p1a: Rayquaza|p2a: Muk\n|move|p1b: Urshifu|Ice Spinner|p2a: Muk|[miss]\n|-miss|p1b: Urshifu|p2a: Muk\n|move|p2a: Muk|Knock Off|p1b: Urshifu\n|-resisted|p1b: Urshifu\n|-damage|p1b: Urshifu|29/100\n|\n|-weather|none\n|-heal|p2a: Muk|28/100|[from] item: Leftovers\n|-ability|p2a: Muk|Moody|boost\n|-boost|p2a: Muk|atk|2\n|-unboost|p2a: Muk|spd|1\n|upkeep\n|turn|10\n|\n|t:|1776777426\n|move|p1a: Rayquaza|Dragon Ascent|p2a: Muk|[miss]\n|-miss|p1a: Rayquaza|p2a: Muk\n|move|p1b: Urshifu|Ice Spinner|p2a: Muk|[miss]\n|-miss|p1b: Urshifu|p2a: Muk\n|move|p2a: Muk|Knock Off|p1a: Rayquaza\n|-damage|p1a: Rayquaza|0 fnt\n|faint|p1a: Rayquaza\n|\n|-heal|p2a: Muk|34/100|[from] item: Leftovers\n|-ability|p2a: Muk|Moody|boost\n|-boost|p2a: Muk|spe|2\n|-unboost|p2a: Muk|def|1\n|upkeep\n|turn|11\n|\n|t:|1776777431\n|move|p1b: Urshifu|Ice Spinner|p2a: Muk|[miss]\n|-miss|p1b: Urshifu|p2a: Muk\n|move|p2a: Muk|Knock Off|p1b: Urshifu\n|-resisted|p1b: Urshifu\n|-damage|p1b: Urshifu|0 fnt\n|faint|p1b: Urshifu\n|\n|win|24kpure\n|raw|Isuckatthishaha's rating: 1565 &rarr; <strong>1545</strong><br />(-20 for losing)\n|raw|24kpure's rating: 1562 &rarr; <strong>1582</strong><br />(+20 for winning)\n|c|\u260624kpure|luckey\n|l|\u203dIsuckatthishaha\n|player|p1|\n","uploadtime":1776777616,"views":20,"formatid":"gen9vgc2026regi","rating":1545,"private":0,"password":null}