{"id":"gen9vgc2026regi-2547215110","format":"[Gen 9] VGC 2026 Reg I","players":["lalo's pollos","epicpokegamer123"],"log":"|j|\u2606lalo's pollos\n|j|\u2606epicpokegamer123\n|t:|1772058057\n|gametype|doubles\n|player|p1|lalo's pollos|266|1417\n|player|p2|epicpokegamer123|2|1350\n|gen|9\n|tier|[Gen 9] VGC 2026 Reg I\n|rated|\n|rule|Species Clause: Limit one of each Pok\u00e9mon\n|rule|Item Clause: Limit 1 of each item\n|clearpoke\n|poke|p1|Zamazenta-*, L50|\n|poke|p1|Lunala, L50|\n|poke|p1|Rillaboom, L50, F|\n|poke|p1|Incineroar, L50, M|\n|poke|p1|Urshifu-*, L50, F|\n|poke|p1|Tornadus, L50, M|\n|poke|p2|Torterra, L50, M|\n|poke|p2|Zamazenta-*, L50|\n|poke|p2|Ting-Lu, L50|\n|poke|p2|Entei, L50|\n|poke|p2|Tyranitar, L50, F|\n|poke|p2|Giratina, L50|\n|teampreview|4\n|inactive|Battle timer is ON: inactive players will automatically lose when time's up. (requested by epicpokegamer123)\n|j| HibikiVGC\n|\n|t:|1772058081\n|teamsize|p1|4\n|teamsize|p2|4\n|start\n|switch|p1a: Zamazenta|Zamazenta-Crowned, L50|100/100\n|switch|p1b: Tornadus|Tornadus, L50, M|100/100\n|switch|p2a: Ting-Lu|Ting-Lu, L50|100/100\n|switch|p2b: Zamazenta|Zamazenta-Crowned, L50|100/100\n|-ability|p2b: Zamazenta|Dauntless Shield|boost\n|-boost|p2b: Zamazenta|def|1\n|-ability|p1a: Zamazenta|Dauntless Shield|boost\n|-boost|p1a: Zamazenta|def|1\n|-ability|p2a: Ting-Lu|Vessel of Ruin\n|turn|1\n|\n|t:|1772058097\n|move|p1a: Zamazenta|Protect|p1a: Zamazenta\n|-singleturn|p1a: Zamazenta|Protect\n|move|p1b: Tornadus|Rain Dance|p1b: Tornadus\n|-weather|RainDance\n|move|p2b: Zamazenta|Body Press|p1a: Zamazenta\n|-activate|p1a: Zamazenta|move: Protect\n|move|p2a: Ting-Lu|Sand Tomb|p1a: Zamazenta\n|-activate|p1a: Zamazenta|move: Protect\n|\n|-weather|RainDance|[upkeep]\n|upkeep\n|turn|2\n|\n|t:|1772058110\n|move|p2b: Zamazenta|Body Press|p1a: Zamazenta\n|-supereffective|p1a: Zamazenta\n|-damage|p1a: Zamazenta|52/100\n|move|p1b: Tornadus|Bleakwind Storm|p2a: Ting-Lu|[spread] p2a,p2b\n|-damage|p2a: Ting-Lu|82/100\n|-damage|p2b: Zamazenta|80/100\n|move|p1a: Zamazenta|Body Press|p2a: Ting-Lu\n|-supereffective|p2a: Ting-Lu\n|-damage|p2a: Ting-Lu|1/100\n|move|p2a: Ting-Lu|Sand Tomb|p1a: Zamazenta\n|-supereffective|p1a: Zamazenta\n|-damage|p1a: Zamazenta|41/100\n|-activate|p1a: Zamazenta|move: Sand Tomb|[of] p2a: Ting-Lu\n|\n|-weather|RainDance|[upkeep]\n|-damage|p1a: Zamazenta|28/100|[from] move: Sand Tomb|[partiallytrapped]\n|upkeep\n|turn|3\n|\n|t:|1772058127\n|move|p1b: Tornadus|Tailwind|p1b: Tornadus\n|-sidestart|p1: lalo's pollos|move: Tailwind\n|move|p1a: Zamazenta|Body Press|p2b: Zamazenta\n|-supereffective|p2b: Zamazenta\n|-damage|p2b: Zamazenta|15/100\n|move|p2b: Zamazenta|Body Press|p1a: Zamazenta\n|-supereffective|p1a: Zamazenta\n|-damage|p1a: Zamazenta|0 fnt\n|faint|p1a: Zamazenta\n|move|p2a: Ting-Lu|Ruination|p1b: Tornadus\n|-damage|p1b: Tornadus|51/100\n|\n|-weather|RainDance|[upkeep]\n|upkeep\n|\n|t:|1772058134\n|switch|p1a: Lunala|Lunala, L50|100/100\n|turn|4\n|\n|t:|1772058156\n|move|p1b: Tornadus|Bleakwind Storm|p2a: Ting-Lu|[spread] p2a,p2b\n|-damage|p2a: Ting-Lu|0 fnt\n|-damage|p2b: Zamazenta|0 fnt\n|faint|p2a: Ting-Lu\n|faint|p2b: Zamazenta\n|move|p1a: Lunala|Moongeist Beam|p2: Ting-Lu|[notarget]\n|-fail|p1a: Lunala\n|\n|-weather|RainDance|[upkeep]\n|upkeep\n|\n|t:|1772058165\n|switch|p2b: Entei|Entei, L50|100/100\n|switch|p2a: Giratina|Giratina, L50|100/100\n|turn|5\n|l| HibikiVGC\n|\n|t:|1772058177\n|-terastallize|p1a: Lunala|Fairy\n|move|p1b: Tornadus|Bleakwind Storm|p2a: Giratina|[spread] p2a,p2b\n|-damage|p2a: Giratina|85/100\n|-damage|p2b: Entei|56/100\n|-unboost|p2b: Entei|spe|1\n|move|p1a: Lunala|Moongeist Beam|p2a: Giratina\n|-supereffective|p2a: Giratina\n|-damage|p2a: Giratina|45/100\n|move|p2a: Giratina|Shadow Ball|p1a: Lunala\n|-crit|p1a: Lunala\n|-damage|p1a: Lunala|81/100\n|move|p2b: Entei|Snarl|p1a: Lunala|[spread] p1a,p1b\n|-resisted|p1a: Lunala\n|-damage|p1a: Lunala|78/100\n|-damage|p1b: Tornadus|39/100\n|-unboost|p1a: Lunala|spa|1\n|-unboost|p1b: Tornadus|spa|1\n|\n|-weather|none\n|-heal|p1a: Lunala|84/100|[from] item: Leftovers\n|upkeep\n|turn|6\n|inactive|epicpokegamer123 has 30 seconds left.\n|c|\u2606lalo's pollos|40%????????????\n|c|\u2606lalo's pollos|gotta be av\n|inactive|epicpokegamer123 has 20 seconds left.\n|\n|t:|1772058213\n|-terastallize|p2a: Giratina|Fairy\n|move|p2b: Entei|Extreme Speed|p1b: Tornadus\n|-damage|p1b: Tornadus|0 fnt\n|faint|p1b: Tornadus\n|move|p1a: Lunala|Moongeist Beam|p2a: Giratina\n|-crit|p2a: Giratina\n|-damage|p2a: Giratina|17/100\n|move|p2a: Giratina|Shadow Ball|p1a: Lunala\n|-crit|p1a: Lunala\n|-damage|p1a: Lunala|44/100\n|\n|-heal|p1a: Lunala|50/100|[from] item: Leftovers\n|-sideend|p1: lalo's pollos|move: Tailwind\n|upkeep\n|\n|t:|1772058221\n|switch|p1b: Incineroar|Incineroar, L50, M|100/100\n|-ability|p1b: Incineroar|Intimidate|boost\n|-unboost|p2a: Giratina|atk|1\n|-fail|p2b: Entei|unboost|Attack|[from] ability: Inner Focus|[of] p2b: Entei\n|turn|7\n|\n|t:|1772058240\n|move|p1b: Incineroar|Fake Out|p2a: Giratina\n|-damage|p2a: Giratina|10/100\n|move|p1a: Lunala|Moongeist Beam|p2a: Giratina\n|-damage|p2a: Giratina|0 fnt\n|faint|p2a: Giratina\n|move|p2b: Entei|Bulldoze|p1b: Incineroar|[spread] p1a,p1b\n|-supereffective|p1b: Incineroar\n|-damage|p1a: Lunala|35/100\n|-damage|p1b: Incineroar|74/100\n|-unboost|p1a: Lunala|spe|1\n|-unboost|p1b: Incineroar|spe|1\n|\n|-heal|p1a: Lunala|41/100|[from] item: Leftovers\n|upkeep\n|turn|8\n|\n|t:|1772058264\n|move|p1a: Lunala|Protect|p1a: Lunala\n|-singleturn|p1a: Lunala|Protect\n|move|p2b: Entei|Sacred Fire|p1a: Lunala\n|-activate|p1a: Lunala|move: Protect\n|move|p1b: Incineroar|Knock Off|p2b: Entei\n|-damage|p2b: Entei|27/100\n|-enditem|p2b: Entei|Safety Goggles|[from] move: Knock Off|[of] p1b: Incineroar\n|\n|-heal|p1a: Lunala|47/100|[from] item: Leftovers\n|upkeep\n|turn|9\n|\n|t:|1772058278\n|move|p1a: Lunala|Moongeist Beam|p2b: Entei\n|-damage|p2b: Entei|0 fnt\n|faint|p2b: Entei\n|\n|win|lalo's pollos\n|raw|lalo&apos;s pollos's rating: 1417 &rarr; <strong>1433</strong><br />(+16 for winning)\n|raw|epicpokegamer123's rating: 1350 &rarr; <strong>1334</strong><br />(-16 for losing)\n|l|\u2606epicpokegamer123\n|player|p2|\n","uploadtime":1772058527,"views":13,"formatid":"gen9vgc2026regi","rating":1334,"private":0,"password":null}