{"id":"gen9vgc2026regi-2540576734","format":"[Gen 9] VGC 2026 Reg I","players":["Cannon14","blackred123"],"log":"|j|\u2606Cannon14\n|j|\u2606blackred123\n|t:|1771220716\n|gametype|doubles\n|player|p1|Cannon14|steven|1390\n|player|p2|blackred123|iono-masters|1353\n|gen|9\n|tier|[Gen 9] VGC 2026 Reg I\n|rated|\n|rule|Species Clause: Limit one of each Pok\u00e9mon\n|rule|Item Clause: Limit 1 of each item\n|clearpoke\n|poke|p1|Grimmsnarl, L50, M|\n|poke|p1|Urshifu-*, L50, M|\n|poke|p1|Ursaluna, L50, F|\n|poke|p1|Miraidon, L50|\n|poke|p1|Lunala, L50|\n|poke|p1|Incineroar, L50, F|\n|poke|p2|Lunala, L50|\n|poke|p2|Koraidon, L50|\n|poke|p2|Chi-Yu, L50|\n|poke|p2|Flutter Mane, L50|\n|poke|p2|Brute Bonnet, L50|\n|poke|p2|Ursaluna, L50, F|\n|teampreview|4\n|inactive|Battle timer is ON: inactive players will automatically lose when time's up. (requested by Cannon14)\n|inactive|blackred123 also wants the timer to be on.\n|inactive|blackred123 has 60 seconds left.\n|\n|t:|1771220754\n|teamsize|p1|4\n|teamsize|p2|4\n|start\n|switch|p1a: Grimmsnarl|Grimmsnarl, L50, M|100/100\n|switch|p1b: Miraidon|Miraidon, L50|100/100\n|switch|p2a: Koraidon|Koraidon, L50|100/100\n|switch|p2b: Chi-Yu|Chi-Yu, L50|100/100\n|-ability|p2b: Chi-Yu|Beads of Ruin\n|-weather|SunnyDay|[from] ability: Orichalcum Pulse|[of] p2a: Koraidon\n|-activate|p2a: Koraidon|Orichalcum Pulse|[source]\n|-fieldstart|move: Electric Terrain|[from] ability: Hadron Engine|[of] p1b: Miraidon\n|turn|1\n|inactive|Cannon14 has 30 seconds left.\n|\n|t:|1771220788\n|-terastallize|p2a: Koraidon|Fire\n|-terastallize|p1b: Miraidon|Fairy\n|move|p1a: Grimmsnarl|Light Screen|p1a: Grimmsnarl\n|-sidestart|p1: Cannon14|move: Light Screen\n|move|p2b: Chi-Yu|Heat Wave|p1a: Grimmsnarl|[spread] p1a\n|-miss|p2b: Chi-Yu|p1b: Miraidon\n|-damage|p1a: Grimmsnarl|55/100\n|move|p2a: Koraidon|Close Combat|p1b: Miraidon\n|-resisted|p1b: Miraidon\n|-damage|p1b: Miraidon|41/100\n|-unboost|p2a: Koraidon|def|1\n|-unboost|p2a: Koraidon|spd|1\n|-damage|p2a: Koraidon|91/100|[from] item: Life Orb\n|move|p1b: Miraidon|Dazzling Gleam|p2b: Chi-Yu|[spread] p2a,p2b\n|-resisted|p2a: Koraidon\n|-damage|p2a: Koraidon|23/100\n|-damage|p2b: Chi-Yu|28/100\n|\n|-weather|SunnyDay|[upkeep]\n|upkeep\n|turn|2\n|\n|t:|1771220810\n|switch|p1b: Lunala|Lunala, L50|100/100\n|-enditem|p1b: Lunala|Electric Seed\n|-boost|p1b: Lunala|def|1|[from] item: Electric Seed\n|move|p2b: Chi-Yu|Heat Wave|p1a: Grimmsnarl|[spread] p1a,p1b\n|-damage|p1a: Grimmsnarl|9/100\n|-damage|p1b: Lunala|83/100\n|move|p2a: Koraidon|Flare Blitz|p1a: Grimmsnarl\n|-damage|p1a: Grimmsnarl|0 fnt\n|faint|p1a: Grimmsnarl\n|-damage|p2a: Koraidon|19/100|[from] Recoil\n|-damage|p2a: Koraidon|10/100|[from] item: Life Orb\n|\n|-weather|SunnyDay|[upkeep]\n|upkeep\n|\n|t:|1771220820\n|switch|p1a: Incineroar|Incineroar, L50, F|100/100\n|-ability|p1a: Incineroar|Intimidate|boost\n|-unboost|p2a: Koraidon|atk|1\n|-unboost|p2b: Chi-Yu|atk|1\n|turn|3\n|\n|t:|1771220836\n|switch|p2a: Ursaluna|Ursaluna, L50, F, shiny|100/100\n|move|p1a: Incineroar|Fake Out|p2b: Chi-Yu\n|-damage|p2b: Chi-Yu|7/100\n|cant|p2b: Chi-Yu|flinch\n|move|p1b: Lunala|Trick Room|p1b: Lunala\n|-fieldstart|move: Trick Room|[of] p1b: Lunala\n|\n|-weather|SunnyDay|[upkeep]\n|-status|p2a: Ursaluna|brn|[from] item: Flame Orb\n|upkeep\n|turn|4\n|\n|t:|1771220856\n|move|p2a: Ursaluna|Headlong Rush|p1a: Incineroar\n|-supereffective|p1a: Incineroar\n|-damage|p1a: Incineroar|0 fnt\n|-unboost|p2a: Ursaluna|def|1\n|-unboost|p2a: Ursaluna|spd|1\n|faint|p1a: Incineroar\n|move|p1b: Lunala|Moonblast|p2a: Ursaluna\n|-damage|p2a: Ursaluna|51/100 brn\n|move|p2b: Chi-Yu|Heat Wave|p1b: Lunala\n|-damage|p1b: Lunala|42/100\n|\n|-weather|SunnyDay|[upkeep]\n|-damage|p2a: Ursaluna|45/100 brn|[from] brn\n|upkeep\n|\n|t:|1771220867\n|switch|p1a: Miraidon|Miraidon, L50, tera:Fairy|41/100\n|-activate|p1a: Miraidon|ability: Hadron Engine\n|turn|5\n|\n|t:|1771220872\n|move|p2a: Ursaluna|Headlong Rush|p1b: Lunala\n|-damage|p1b: Lunala|0 fnt\n|-unboost|p2a: Ursaluna|def|1\n|-unboost|p2a: Ursaluna|spd|1\n|faint|p1b: Lunala\n|move|p1a: Miraidon|Dazzling Gleam|p2b: Chi-Yu|[spread] p2a,p2b\n|-damage|p2a: Ursaluna|0 fnt\n|-damage|p2b: Chi-Yu|0 fnt\n|faint|p2a: Ursaluna\n|faint|p2b: Chi-Yu\n|\n|-weather|none\n|-fieldend|move: Electric Terrain\n|upkeep\n|\n|t:|1771220880\n|switch|p2a: Lunala|Lunala, L50, shiny|100/100\n|switch|p2b: Koraidon|Koraidon, L50, tera:Fire|10/100\n|-weather|SunnyDay|[from] ability: Orichalcum Pulse|[of] p2b: Koraidon\n|-activate|p2b: Koraidon|Orichalcum Pulse|[source]\n|turn|6\n|\n|t:|1771220888\n|move|p2b: Koraidon|Protect|p2b: Koraidon\n|-singleturn|p2b: Koraidon|Protect\n|move|p2a: Lunala|Meteor Beam||[still]\n|-prepare|p2a: Lunala|Meteor Beam\n|-boost|p2a: Lunala|spa|1\n|-enditem|p2a: Lunala|Power Herb\n|-anim|p2a: Lunala|Meteor Beam|p1a: Miraidon\n|-damage|p1a: Miraidon|3/100\n|move|p1a: Miraidon|Dazzling Gleam|p2b: Koraidon|[spread] p2a\n|-activate|p2b: Koraidon|move: Protect\n|-damage|p2a: Lunala|83/100\n|\n|-weather|SunnyDay|[upkeep]\n|upkeep\n|turn|7\n|\n|t:|1771220901\n|move|p2a: Lunala|Moongeist Beam|p1a: Miraidon\n|-damage|p1a: Miraidon|0 fnt\n|faint|p1a: Miraidon\n|\n|win|blackred123\n|raw|Cannon14's rating: 1390 &rarr; <strong>1368</strong><br />(-22 for losing)\n|raw|blackred123's rating: 1353 &rarr; <strong>1375</strong><br />(+22 for winning)\n|l|\u2606Cannon14\n|player|p1|\n|j| Yancy0721\u56fe\u56fe\u72ac\u4fa0\n|j| yubanmeiqin\n|l| yubanmeiqin\n|l| Yancy0721\u56fe\u56fe\u72ac\u4fa0\n","uploadtime":1771220905,"views":27,"formatid":"gen9vgc2026regi","rating":1368,"private":0,"password":null}