{"id":"gen9vgc2026regi-2554546218","format":"[Gen 9] VGC 2026 Reg I","players":["Cello L.","Battle club"],"log":"|j|\u2606Cello L.\n|j|\u2606Battle club\n|t:|1772985479\n|gametype|doubles\n|player|p1|Cello L.|psychic-gen4|1376\n|player|p2|Battle club|harlequin|1387\n|gen|9\n|tier|[Gen 9] VGC 2026 Reg I\n|rated|\n|rule|Species Clause: Limit one of each Pok\u00e9mon\n|rule|Item Clause: Limit 1 of each item\n|clearpoke\n|poke|p1|Calyrex-Shadow, L50|\n|poke|p1|Koraidon, L50|\n|poke|p1|Regieleki, L50|\n|poke|p1|Volcarona, L50, M|\n|poke|p1|Rillaboom, L50, F|\n|poke|p1|Incineroar, L50, M|\n|poke|p2|Chien-Pao, L50|\n|poke|p2|Zamazenta-*, L50|\n|poke|p2|Miraidon, L50|\n|poke|p2|Iron Hands, L50|\n|poke|p2|Ogerpon-Wellspring, L50, F|\n|teampreview|4\n|\n|t:|1772985513\n|teamsize|p1|4\n|teamsize|p2|4\n|start\n|switch|p1a: Volcarona|Volcarona, L50, M|100/100\n|switch|p1b: Rillaboom|Rillaboom, L50, F|100/100\n|switch|p2a: Chien-Pao|Chien-Pao, L50|100/100\n|switch|p2b: Zamazenta|Zamazenta-Crowned, L50, shiny|100/100\n|-ability|p2a: Chien-Pao|Sword of Ruin\n|-ability|p2b: Zamazenta|Dauntless Shield|boost\n|-boost|p2b: Zamazenta|def|1\n|-fieldstart|move: Grassy Terrain|[from] ability: Grassy Surge|[of] p1b: Rillaboom\n|turn|1\n|\n|t:|1772985540\n|switch|p1b: Incineroar|Incineroar, L50, M|100/100\n|-ability|p1b: Incineroar|Intimidate|boost\n|-unboost|p2a: Chien-Pao|atk|1\n|-unboost|p2b: Zamazenta|atk|1\n|-terastallize|p2b: Zamazenta|Dragon\n|move|p2a: Chien-Pao|Icicle Crash|p1b: Incineroar\n|-resisted|p1b: Incineroar\n|-crit|p1b: Incineroar\n|-damage|p1b: Incineroar|71/100\n|move|p2b: Zamazenta|Body Press|p1a: Volcarona\n|-resisted|p1a: Volcarona\n|-damage|p1a: Volcarona|49/100\n|move|p1a: Volcarona|Quiver Dance|p1a: Volcarona\n|-boost|p1a: Volcarona|spa|1\n|-boost|p1a: Volcarona|spd|1\n|-boost|p1a: Volcarona|spe|1\n|\n|-heal|p1a: Volcarona|56/100|[from] Grassy Terrain\n|-heal|p1a: Volcarona|62/100|[from] item: Leftovers\n|-heal|p1b: Incineroar|77/100|[from] Grassy Terrain\n|upkeep\n|turn|2\n|\n|t:|1772985560\n|move|p1b: Incineroar|Fake Out|p2b: Zamazenta\n|-damage|p2b: Zamazenta|94/100\n|move|p2a: Chien-Pao|Sucker Punch||[still]\n|-fail|p2a: Chien-Pao\n|move|p1a: Volcarona|Quiver Dance|p1a: Volcarona\n|-boost|p1a: Volcarona|spa|1\n|-boost|p1a: Volcarona|spd|1\n|-boost|p1a: Volcarona|spe|1\n|cant|p2b: Zamazenta|flinch\n|\n|-heal|p1a: Volcarona|68/100|[from] Grassy Terrain\n|-heal|p1a: Volcarona|74/100|[from] item: Leftovers\n|-heal|p2b: Zamazenta|100/100|[from] Grassy Terrain\n|-heal|p1b: Incineroar|83/100|[from] Grassy Terrain\n|upkeep\n|turn|3\n|inactive|Battle timer is ON: inactive players will automatically lose when time's up. (requested by Battle club)\n|\n|t:|1772985623\n|-terastallize|p1b: Incineroar|Bug\n|move|p1a: Volcarona|Protect|p1a: Volcarona\n|-singleturn|p1a: Volcarona|Protect\n|move|p2a: Chien-Pao|Sucker Punch||[still]\n|-fail|p2a: Chien-Pao\n|move|p2b: Zamazenta|Body Press|p1a: Volcarona\n|-activate|p1a: Volcarona|move: Protect\n|move|p1b: Incineroar|Parting Shot|p2b: Zamazenta\n|-unboost|p2b: Zamazenta|atk|1\n|-unboost|p2b: Zamazenta|spa|1\n|\n|t:|1772985633\n|switch|p1b: Koraidon|Koraidon, L50|100/100|[from] Parting Shot\n|-weather|SunnyDay|[from] ability: Orichalcum Pulse|[of] p1b: Koraidon\n|-activate|p1b: Koraidon|Orichalcum Pulse|[source]\n|\n|-weather|SunnyDay|[upkeep]\n|-heal|p1a: Volcarona|81/100|[from] Grassy Terrain\n|-heal|p1a: Volcarona|87/100|[from] item: Leftovers\n|upkeep\n|turn|4\n|inactive|Cello L. has 30 seconds left.\n|\n|t:|1772985661\n|switch|p1b: Incineroar|Incineroar, L50, M, tera:Bug|83/100\n|-ability|p1b: Incineroar|Intimidate|boost\n|-unboost|p2a: Chien-Pao|atk|1\n|-unboost|p2b: Zamazenta|atk|1\n|move|p2a: Chien-Pao|Sucker Punch|p1a: Volcarona\n|-damage|p1a: Volcarona|63/100\n|move|p1a: Volcarona|Giga Drain|p2a: Chien-Pao\n|-damage|p2a: Chien-Pao|1/100\n|-heal|p1a: Volcarona|100/100|[from] drain|[of] p2a: Chien-Pao\n|move|p2b: Zamazenta|Body Press|p1a: Volcarona\n|-resisted|p1a: Volcarona\n|-crit|p1a: Volcarona\n|-damage|p1a: Volcarona|22/100\n|\n|-weather|SunnyDay|[upkeep]\n|-heal|p1a: Volcarona|29/100|[from] Grassy Terrain\n|-heal|p1a: Volcarona|35/100|[from] item: Leftovers\n|-heal|p2a: Chien-Pao|7/100|[from] Grassy Terrain\n|-heal|p1b: Incineroar|89/100|[from] Grassy Terrain\n|upkeep\n|turn|5\n|\n|t:|1772985686\n|move|p1b: Incineroar|Fake Out|p2b: Zamazenta\n|-damage|p2b: Zamazenta|94/100\n|move|p2a: Chien-Pao|Sucker Punch||[still]\n|-fail|p2a: Chien-Pao\n|move|p1a: Volcarona|Quiver Dance|p1a: Volcarona\n|-boost|p1a: Volcarona|spa|1\n|-boost|p1a: Volcarona|spd|1\n|-boost|p1a: Volcarona|spe|1\n|cant|p2b: Zamazenta|flinch\n|\n|-weather|SunnyDay|[upkeep]\n|-heal|p1a: Volcarona|41/100|[from] Grassy Terrain\n|-heal|p1a: Volcarona|47/100|[from] item: Leftovers\n|-heal|p2a: Chien-Pao|13/100|[from] Grassy Terrain\n|-heal|p2b: Zamazenta|100/100|[from] Grassy Terrain\n|-heal|p1b: Incineroar|95/100|[from] Grassy Terrain\n|-fieldend|move: Grassy Terrain\n|upkeep\n|turn|6\n|\n|t:|1772985703\n|switch|p2a: Iron Hands|Iron Hands, L50|100/100\n|switch|p2b: Miraidon|Miraidon, L50|100/100\n|-fieldstart|move: Electric Terrain|[from] ability: Hadron Engine|[of] p2b: Miraidon\n|-activate|p2a: Iron Hands|ability: Quark Drive\n|-start|p2a: Iron Hands|quarkdriveatk\n|move|p1a: Volcarona|Protect|p1a: Volcarona\n|-singleturn|p1a: Volcarona|Protect\n|move|p1b: Incineroar|Parting Shot|p2a: Iron Hands\n|-unboost|p2a: Iron Hands|atk|1\n|-unboost|p2a: Iron Hands|spa|1\n|\n|t:|1772985714\n|switch|p1b: Rillaboom|Rillaboom, L50, F|100/100|[from] Parting Shot\n|-fieldstart|move: Grassy Terrain|[from] ability: Grassy Surge|[of] p1b: Rillaboom\n|-end|p2a: Iron Hands|Quark Drive\n|\n|-weather|SunnyDay|[upkeep]\n|-heal|p1a: Volcarona|54/100|[from] Grassy Terrain\n|-heal|p1a: Volcarona|60/100|[from] item: Leftovers\n|upkeep\n|turn|7\n|\n|t:|1772985733\n|move|p1b: Rillaboom|Fake Out|p2b: Miraidon\n|-damage|p2b: Miraidon|87/100\n|move|p1a: Volcarona|Giga Drain|p2a: Iron Hands\n|-damage|p2a: Iron Hands|58/100\n|-heal|p1a: Volcarona|86/100|[from] drain|[of] p2a: Iron Hands\n|cant|p2b: Miraidon|flinch\n|move|p2a: Iron Hands|Wild Charge|p1a: Volcarona\n|-damage|p1a: Volcarona|50/100\n|-damage|p2a: Iron Hands|50/100|[from] Recoil\n|\n|-weather|none\n|-heal|p1a: Volcarona|56/100|[from] Grassy Terrain\n|-heal|p1a: Volcarona|62/100|[from] item: Leftovers\n|-heal|p2b: Miraidon|93/100|[from] Grassy Terrain\n|-heal|p2a: Iron Hands|56/100|[from] Grassy Terrain\n|upkeep\n|turn|8\n|-message|Battle club forfeited.\n|\n|win|Cello L.\n|raw|Cello L.'s rating: 1376 &rarr; <strong>1397</strong><br />(+21 for winning)\n|raw|Battle club's rating: 1387 &rarr; <strong>1366</strong><br />(-21 for losing)\n|l|\u2606Battle club\n|player|p2|\n","uploadtime":1772985748,"views":19,"formatid":"gen9vgc2026regi","rating":1366,"private":0,"password":null}