{"id":"gen9vgc2026regi-2543482636","format":"[Gen 9] VGC 2026 Reg I","players":["Galact7adi","priviv"],"log":"|j|\u2606Galact7adi\n|j|\u2606priviv\n|t:|1771581602\n|gametype|doubles\n|player|p1|Galact7adi|2|1302\n|player|p2|priviv|169|1344\n|gen|9\n|tier|[Gen 9] VGC 2026 Reg I\n|rated|\n|rule|Species Clause: Limit one of each Pok\u00e9mon\n|rule|Item Clause: Limit 1 of each item\n|clearpoke\n|poke|p1|Brute Bonnet, L50|\n|poke|p1|Lunala, L50|\n|poke|p1|Ursaluna, L50, M|\n|poke|p1|Chi-Yu, L50|\n|poke|p1|Koraidon, L50|\n|poke|p1|Flutter Mane, L50|\n|poke|p2|Indeedee-F, L50, F|\n|poke|p2|Calyrex-Ice, L50|\n|poke|p2|Ursaluna-Bloodmoon, L50, M|\n|poke|p2|Ogerpon-Wellspring, L50, F|\n|poke|p2|Flutter Mane, L50|\n|poke|p2|Miraidon, L50|\n|teampreview|4\n|inactive|Battle timer is ON: inactive players will automatically lose when time's up. (requested by Galact7adi)\n|inactive|priviv has 60 seconds left.\n|\n|t:|1771581637\n|teamsize|p1|4\n|teamsize|p2|4\n|start\n|switch|p1a: Lunala|Lunala, L50|100/100\n|switch|p1b: Brute Bonnet|Brute Bonnet, L50|100/100\n|switch|p2a: Miraidon|Miraidon, L50|100/100\n|switch|p2b: Flutter Mane|Flutter Mane, L50|100/100\n|-fieldstart|move: Electric Terrain|[from] ability: Hadron Engine|[of] p2a: Miraidon\n|-enditem|p2b: Flutter Mane|Booster Energy\n|-activate|p2b: Flutter Mane|ability: Protosynthesis|[fromitem]\n|-start|p2b: Flutter Mane|protosynthesisspe\n|turn|1\n|\n|t:|1771581656\n|-end|p1b: Brute Bonnet|Protosynthesis|[silent]\n|switch|p1b: Ursaluna|Ursaluna, L50, M|100/100\n|-terastallize|p1a: Lunala|Water\n|move|p2b: Flutter Mane|Shadow Ball|p1a: Lunala\n|-damage|p1a: Lunala|84/100\n|move|p2a: Miraidon|Draco Meteor|p1b: Ursaluna\n|-damage|p1b: Ursaluna|0 fnt\n|-unboost|p2a: Miraidon|spa|2\n|faint|p1b: Ursaluna\n|move|p1a: Lunala|Trick Room|p1a: Lunala\n|-fieldstart|move: Trick Room|[of] p1a: Lunala\n|\n|upkeep\n|\n|t:|1771581666\n|switch|p1b: Brute Bonnet|Brute Bonnet, L50|100/100\n|turn|2\n|\n|t:|1771581681\n|switch|p2a: Calyrex|Calyrex-Ice, L50|100/100\n|-ability|p2a: Calyrex|As One\n|-ability|p2a: Calyrex|Unnerve\n|move|p1b: Brute Bonnet|Seed Bomb|p2b: Flutter Mane\n|-damage|p2b: Flutter Mane|37/100\n|move|p1a: Lunala|Meteor Beam||[still]\n|-prepare|p1a: Lunala|Meteor Beam\n|-boost|p1a: Lunala|spa|1\n|-enditem|p1a: Lunala|Power Herb\n|-anim|p1a: Lunala|Meteor Beam|p2a: Calyrex\n|-supereffective|p2a: Calyrex\n|-damage|p2a: Calyrex|10/100\n|move|p2b: Flutter Mane|Mystical Fire|p1b: Brute Bonnet\n|-supereffective|p1b: Brute Bonnet\n|-damage|p1b: Brute Bonnet|58/100\n|-unboost|p1b: Brute Bonnet|spa|1\n|\n|-heal|p2a: Calyrex|15/100|[from] item: Leftovers\n|upkeep\n|turn|3\n|\n|t:|1771581706\n|move|p2a: Calyrex|Protect|p2a: Calyrex\n|-singleturn|p2a: Calyrex|Protect\n|move|p1b: Brute Bonnet|Sucker Punch||[still]\n|-fail|p1b: Brute Bonnet\n|move|p1a: Lunala|Moongeist Beam|p2b: Flutter Mane\n|-supereffective|p2b: Flutter Mane\n|-damage|p2b: Flutter Mane|0 fnt\n|faint|p2b: Flutter Mane\n|-end|p2b: Flutter Mane|Protosynthesis|[silent]\n|\n|-heal|p2a: Calyrex|21/100|[from] item: Leftovers\n|upkeep\n|\n|t:|1771581713\n|switch|p2b: Ursaluna|Ursaluna-Bloodmoon, L50, M|100/100\n|turn|4\n|\n|t:|1771581735\n|move|p1a: Lunala|Wide Guard|p1a: Lunala\n|-singleturn|p1a: Lunala|Wide Guard\n|move|p2a: Calyrex|Glacial Lance|p1b: Brute Bonnet|[spread] \n|-activate|p1a: Lunala|move: Wide Guard\n|-activate|p1b: Brute Bonnet|move: Wide Guard\n|move|p2b: Ursaluna|Blood Moon|p1a: Lunala\n|-damage|p1a: Lunala|31/100\n|move|p1b: Brute Bonnet|Spore|p2b: Ursaluna\n|-activate|p2b: Ursaluna|move: Electric Terrain\n|\n|-heal|p2a: Calyrex|27/100|[from] item: Leftovers\n|upkeep\n|turn|5\n|inactive|Galact7adi has 30 seconds left.\n|inactive|priviv has 30 seconds left.\n|\n|t:|1771581768\n|move|p1a: Lunala|Wide Guard|p1a: Lunala\n|-singleturn|p1a: Lunala|Wide Guard\n|move|p2a: Calyrex|High Horsepower|p1a: Lunala\n|-damage|p1a: Lunala|0 fnt\n|faint|p1a: Lunala\n|-ability|p2a: Calyrex|Chilling Neigh|boost\n|-boost|p2a: Calyrex|atk|1\n|move|p2b: Ursaluna|Hyper Voice|p1b: Brute Bonnet\n|-activate|p1b: Brute Bonnet|move: Wide Guard\n|move|p1b: Brute Bonnet|Seed Bomb|p2b: Ursaluna\n|-supereffective|p2b: Ursaluna\n|-damage|p2b: Ursaluna|56/100\n|\n|-heal|p2a: Calyrex|33/100|[from] item: Leftovers\n|-fieldend|move: Trick Room\n|-fieldend|move: Electric Terrain\n|upkeep\n|\n|t:|1771581774\n|switch|p1a: Koraidon|Koraidon, L50|100/100\n|-weather|SunnyDay|[from] ability: Orichalcum Pulse|[of] p1a: Koraidon\n|-activate|p1b: Brute Bonnet|ability: Protosynthesis\n|-start|p1b: Brute Bonnet|protosynthesisdef\n|-activate|p1a: Koraidon|Orichalcum Pulse|[source]\n|turn|6\n|\n|t:|1771581787\n|move|p2a: Calyrex|Protect|p2a: Calyrex\n|-singleturn|p2a: Calyrex|Protect\n|move|p1b: Brute Bonnet|Sucker Punch||[still]\n|-fail|p1b: Brute Bonnet\n|move|p2b: Ursaluna|Vacuum Wave|p1b: Brute Bonnet\n|-supereffective|p1b: Brute Bonnet\n|-damage|p1b: Brute Bonnet|34/100\n|move|p1a: Koraidon|Close Combat|p2b: Ursaluna\n|-supereffective|p2b: Ursaluna\n|-damage|p2b: Ursaluna|0 fnt\n|-unboost|p1a: Koraidon|def|1\n|-unboost|p1a: Koraidon|spd|1\n|faint|p2b: Ursaluna\n|-damage|p1a: Koraidon|91/100|[from] item: Life Orb\n|\n|-weather|SunnyDay|[upkeep]\n|-heal|p2a: Calyrex|39/100|[from] item: Leftovers\n|upkeep\n|\n|t:|1771581795\n|switch|p2b: Miraidon|Miraidon, L50|100/100\n|-fieldstart|move: Electric Terrain|[from] ability: Hadron Engine|[of] p2b: Miraidon\n|turn|7\n|\n|t:|1771581810\n|-terastallize|p2b: Miraidon|Fairy\n|move|p1a: Koraidon|Protect|p1a: Koraidon\n|-singleturn|p1a: Koraidon|Protect\n|move|p1b: Brute Bonnet|Sucker Punch|p2a: Calyrex\n|-supereffective|p2a: Calyrex\n|-damage|p2a: Calyrex|1/100\n|move|p2b: Miraidon|Dazzling Gleam|p1a: Koraidon|[spread] p1b\n|-activate|p1a: Koraidon|move: Protect\n|-supereffective|p1b: Brute Bonnet\n|-damage|p1b: Brute Bonnet|0 fnt\n|faint|p1b: Brute Bonnet\n|-end|p1b: Brute Bonnet|Protosynthesis|[silent]\n|move|p2a: Calyrex|Glacial Lance|p1a: Koraidon\n|-activate|p1a: Koraidon|move: Protect\n|\n|-weather|SunnyDay|[upkeep]\n|-heal|p2a: Calyrex|7/100|[from] item: Leftovers\n|upkeep\n|turn|8\n|\n|t:|1771581822\n|move|p2a: Calyrex|Protect|p2a: Calyrex\n|-singleturn|p2a: Calyrex|Protect\n|move|p2b: Miraidon|Dazzling Gleam|p1a: Koraidon\n|-supereffective|p1a: Koraidon\n|-damage|p1a: Koraidon|0 fnt\n|faint|p1a: Koraidon\n|\n|win|priviv\n|raw|Galact7adi's rating: 1302 &rarr; <strong>1284</strong><br />(-18 for losing)\n|raw|priviv's rating: 1344 &rarr; <strong>1362</strong><br />(+18 for winning)\n|l|\u2606priviv\n|player|p2|\n|l|\u2606Galact7adi\n|player|p1|\n","uploadtime":1771582076,"views":13,"formatid":"gen9vgc2026regi","rating":1284,"private":0,"password":null}