{"id":"gen9vgc2026regi-2543575225","format":"[Gen 9] VGC 2026 Reg I","players":["epicpokegamer123","j0l0k0"],"log":"|j|\u2606epicpokegamer123\n|j|\u2606j0l0k0\n|t:|1771595052\n|gametype|doubles\n|player|p1|epicpokegamer123|169|1274\n|player|p2|j0l0k0|brycen|1434\n|gen|9\n|tier|[Gen 9] VGC 2026 Reg I\n|rated|\n|rule|Species Clause: Limit one of each Pok\u00e9mon\n|rule|Item Clause: Limit 1 of each item\n|clearpoke\n|poke|p1|Torterra, L50, M|\n|poke|p1|Zamazenta-*, L50|\n|poke|p1|Ting-Lu, L50|\n|poke|p1|Suicune, L50|\n|poke|p1|Tyranitar, L50, M|\n|poke|p1|Groudon, L50|\n|poke|p2|Calyrex-Ice, L50|\n|poke|p2|Kyogre, L50|\n|poke|p2|Indeedee-F, L50, F|\n|poke|p2|Urshifu-*, L50, F|\n|poke|p2|Amoonguss, L50, F|\n|poke|p2|Landorus, L50, M|\n|teampreview|4\n|inactive|Battle timer is ON: inactive players will automatically lose when time's up. (requested by j0l0k0)\n|inactive|epicpokegamer123 also wants the timer to be on.\n|inactive|j0l0k0 has 60 seconds left.\n|\n|t:|1771595089\n|teamsize|p1|4\n|teamsize|p2|4\n|start\n|switch|p1a: Ting-Lu|Ting-Lu, L50|100/100\n|switch|p1b: Zamazenta|Zamazenta-Crowned, L50|100/100\n|switch|p2a: Indeedee|Indeedee-F, L50, F, shiny|100/100\n|switch|p2b: Calyrex|Calyrex-Ice, L50|100/100\n|-ability|p2b: Calyrex|As One\n|-ability|p2b: Calyrex|Unnerve\n|-ability|p1b: Zamazenta|Dauntless Shield|boost\n|-boost|p1b: Zamazenta|def|1\n|-fieldstart|move: Psychic Terrain|[from] ability: Psychic Surge|[of] p2a: Indeedee\n|-ability|p1a: Ting-Lu|Vessel of Ruin\n|turn|1\n|inactive|epicpokegamer123 has 30 seconds left.\n|\n|t:|1771595115\n|move|p2a: Indeedee|Follow Me|p2a: Indeedee\n|-singleturn|p2a: Indeedee|move: Follow Me\n|move|p1b: Zamazenta|Iron Defense|p1b: Zamazenta\n|-boost|p1b: Zamazenta|def|2\n|move|p1a: Ting-Lu|Taunt|p2a: Indeedee\n|-start|p2a: Indeedee|move: Taunt\n|move|p2b: Calyrex|Trick Room|p2b: Calyrex\n|-fieldstart|move: Trick Room|[of] p2b: Calyrex\n|\n|upkeep\n|turn|2\n|\n|t:|1771595127\n|move|p2b: Calyrex|Close Combat|p1a: Ting-Lu\n|-supereffective|p1a: Ting-Lu\n|-damage|p1a: Ting-Lu|42/100\n|-unboost|p2b: Calyrex|def|1\n|-unboost|p2b: Calyrex|spd|1\n|-damage|p2b: Calyrex|84/100|[from] item: Rocky Helmet|[of] p1a: Ting-Lu\n|move|p1a: Ting-Lu|Ruination|p2b: Calyrex\n|-damage|p2b: Calyrex|43/100\n|move|p2a: Indeedee|Psychic|p1b: Zamazenta\n|-damage|p1b: Zamazenta|77/100\n|move|p1b: Zamazenta|Body Press|p2b: Calyrex\n|-damage|p2b: Calyrex|0 fnt\n|faint|p2b: Calyrex\n|\n|upkeep\n|\n|t:|1771595134\n|switch|p2b: Kyogre|Kyogre, L50, shiny|100/100\n|-weather|RainDance|[from] ability: Drizzle|[of] p2b: Kyogre\n|turn|3\n|l|\u2606j0l0k0\n|inactive|j0l0k0 disconnected and has a minute to reconnect!\n|player|p2|\n|j|\u2606j0l0k0\n|inactive|j0l0k0 reconnected and has 40 seconds left.\n|player|p2|j0l0k0|brycen|\n|inactive|j0l0k0 has 30 seconds left.\n|\n|t:|1771595162\n|-terastallize|p1b: Zamazenta|Dragon\n|move|p1a: Ting-Lu|Sandstorm|p1a: Ting-Lu\n|-weather|Sandstorm\n|move|p2b: Kyogre|Water Spout|p1a: Ting-Lu|[spread] p1a,p1b\n|-supereffective|p1a: Ting-Lu\n|-resisted|p1b: Zamazenta\n|-damage|p1a: Ting-Lu|0 fnt\n|-damage|p1b: Zamazenta|57/100\n|faint|p1a: Ting-Lu\n|move|p2a: Indeedee|Psychic|p1b: Zamazenta\n|-damage|p1b: Zamazenta|25/100\n|move|p1b: Zamazenta|Body Press|p2b: Kyogre\n|-crit|p2b: Kyogre\n|-damage|p2b: Kyogre|0 fnt\n|faint|p2b: Kyogre\n|\n|-weather|Sandstorm|[upkeep]\n|-damage|p1b: Zamazenta|19/100|[from] Sandstorm\n|upkeep\n|\n|t:|1771595187\n|switch|p1a: Groudon|Groudon, L50|100/100\n|switch|p2b: Landorus|Landorus, L50, M, shiny|100/100\n|-weather|SunnyDay|[from] ability: Drought|[of] p1a: Groudon\n|turn|4\n|\n|t:|1771595208\n|move|p2b: Landorus|Sandsear Storm|p1b: Zamazenta|[spread] p1a\n|-miss|p2b: Landorus|p1b: Zamazenta\n|-damage|p1a: Groudon|44/100\n|move|p2a: Indeedee|Psychic|p1b: Zamazenta\n|-damage|p1b: Zamazenta|0 fnt\n|faint|p1b: Zamazenta\n|move|p1a: Groudon|Heat Crash|p2b: Landorus\n|-damage|p2b: Landorus|33/100\n|\n|-weather|SunnyDay|[upkeep]\n|-end|p2a: Indeedee|move: Taunt\n|upkeep\n|\n|t:|1771595221\n|switch|p1b: Torterra|Torterra, L50, M|100/100\n|turn|5\n|\n|t:|1771595229\n|move|p2a: Indeedee|Helping Hand|p2b: Landorus\n|-singleturn|p2b: Landorus|Helping Hand|[of] p2a: Indeedee\n|move|p1a: Groudon|Protect|p1a: Groudon\n|-singleturn|p1a: Groudon|Protect\n|move|p1b: Torterra|Leech Seed|p2a: Indeedee\n|-start|p2a: Indeedee|move: Leech Seed\n|move|p2b: Landorus|Sandsear Storm|p1b: Torterra|[spread] p1b\n|-activate|p1a: Groudon|move: Protect\n|-resisted|p1b: Torterra\n|-damage|p1b: Torterra|53/100\n|\n|-weather|SunnyDay|[upkeep]\n|-heal|p1b: Torterra|59/100|[from] item: Leftovers\n|-damage|p2a: Indeedee|88/100|[from] Leech Seed|[of] p1b: Torterra\n|-heal|p1b: Torterra|70/100|[silent]\n|-fieldend|move: Trick Room\n|-fieldend|move: Psychic Terrain\n|upkeep\n|turn|6\n|\n|t:|1771595253\n|move|p1b: Torterra|Wide Guard|p1b: Torterra\n|-singleturn|p1b: Torterra|Wide Guard\n|move|p2a: Indeedee|Follow Me|p2a: Indeedee\n|-singleturn|p2a: Indeedee|move: Follow Me\n|move|p1a: Groudon|Heat Crash|p2a: Indeedee\n|-damage|p2a: Indeedee|5/100\n|move|p2b: Landorus|Sandsear Storm|p1a: Groudon|[spread] \n|-activate|p1a: Groudon|move: Wide Guard\n|-activate|p1b: Torterra|move: Wide Guard\n|\n|-weather|SunnyDay|[upkeep]\n|-heal|p1b: Torterra|76/100|[from] item: Leftovers\n|-damage|p2a: Indeedee|0 fnt|[from] Leech Seed|[of] p1b: Torterra\n|-heal|p1b: Torterra|80/100|[silent]\n|faint|p2a: Indeedee\n|upkeep\n|turn|7\n|\n|t:|1771595276\n|move|p1a: Groudon|Heat Crash|p2b: Landorus\n|-damage|p2b: Landorus|0 fnt\n|faint|p2b: Landorus\n|\n|win|epicpokegamer123\n|raw|epicpokegamer123's rating: 1274 &rarr; <strong>1310</strong><br />(+36 for winning)\n|raw|j0l0k0's rating: 1434 &rarr; <strong>1405</strong><br />(-29 for losing)\n|l|\u2606epicpokegamer123\n|player|p1|\n|j| Markzard\n","uploadtime":1771595424,"views":31,"formatid":"gen9vgc2026regi","rating":1310,"private":0,"password":null}