{"id":"gen9vgc2026regi-2580359208","format":"[Gen 9] VGC 2026 Reg I","players":["Smile expression","fallacy277"],"log":"|j|\u2606Smile expression\n|j|\u2606fallacy277\n|t:|1775884986\n|gametype|doubles\n|player|p1|Smile expression|lucas|1535\n|player|p2|fallacy277|265|1570\n|gen|9\n|tier|[Gen 9] VGC 2026 Reg I\n|rated|\n|rule|Species Clause: Limit one of each Pok\u00e9mon\n|rule|Item Clause: Limit 1 of each item\n|clearpoke\n|poke|p1|Zamazenta-*, L50|\n|poke|p1|Calyrex-Shadow, L50|\n|poke|p1|Tornadus, L50, M|\n|poke|p1|Rillaboom, L50, F|\n|poke|p1|Smeargle, L50, F|\n|poke|p1|Raging Bolt, L50|\n|poke|p2|Calyrex-Ice, L50|\n|poke|p2|Miraidon, L50|\n|poke|p2|Iron Hands, L50|\n|poke|p2|Farigiraf, L50, F|\n|poke|p2|Torkoal, L50, M|\n|poke|p2|Smeargle, L50, M|\n|teampreview|4\n|inactive|Battle timer is ON: inactive players will automatically lose when time's up. (requested by fallacy277)\n|inactive|Smile expression has 60 seconds left.\n|\n|t:|1775885028\n|teamsize|p1|4\n|teamsize|p2|4\n|start\n|switch|p1a: Zamazenta|Zamazenta-Crowned, L50|100/100\n|switch|p1b: Smeargle|Smeargle, L50, F|100/100\n|switch|p2a: Calyrex|Calyrex-Ice, L50|100/100\n|switch|p2b: Iron Hands|Iron Hands, L50|100/100\n|-ability|p2a: Calyrex|As One\n|-ability|p2a: Calyrex|Unnerve\n|-ability|p1a: Zamazenta|Dauntless Shield|boost\n|-boost|p1a: Zamazenta|def|1\n|turn|1\n|inactive|fallacy277 has 30 seconds left.\n|\n|t:|1775885057\n|-end|p2b: Iron Hands|Quark Drive|[silent]\n|switch|p2b: Miraidon|Miraidon, L50|100/100\n|-fieldstart|move: Electric Terrain|[from] ability: Hadron Engine|[of] p2b: Miraidon\n|move|p2a: Calyrex|Protect|p2a: Calyrex\n|-singleturn|p2a: Calyrex|Protect\n|move|p1b: Smeargle|Fake Out|p2a: Calyrex\n|-activate|p2a: Calyrex|move: Protect\n|move|p1a: Zamazenta|Body Press|p2b: Miraidon\n|-damage|p2b: Miraidon|31/100\n|\n|-ability|p1b: Smeargle|Moody|boost\n|-boost|p1b: Smeargle|spd|2\n|-unboost|p1b: Smeargle|spe|1\n|upkeep\n|turn|2\n|inactive|Smile expression has 30 seconds left.\n|inactive|fallacy277 has 30 seconds left.\n|\n|t:|1775885090\n|move|p1b: Smeargle|Follow Me|p1b: Smeargle\n|-singleturn|p1b: Smeargle|move: Follow Me\n|move|p2b: Miraidon|Volt Switch|p1b: Smeargle\n|-damage|p1b: Smeargle|18/100\n|\n|t:|1775885094\n|switch|p2b: Iron Hands|Iron Hands, L50|100/100|[from] Volt Switch\n|-activate|p2b: Iron Hands|ability: Quark Drive\n|-start|p2b: Iron Hands|quarkdriveatk\n|move|p1a: Zamazenta|Body Press|p2a: Calyrex\n|-damage|p2a: Calyrex|56/100\n|move|p2a: Calyrex|Trick Room|p2a: Calyrex\n|-fieldstart|move: Trick Room|[of] p2a: Calyrex\n|\n|-ability|p1b: Smeargle|Moody|boost\n|-boost|p1b: Smeargle|atk|2\n|-unboost|p1b: Smeargle|spa|1\n|upkeep\n|turn|3\n|inactive|Smile expression has 30 seconds left.\n|\n|t:|1775885121\n|move|p1b: Smeargle|Follow Me|p1b: Smeargle\n|-singleturn|p1b: Smeargle|move: Follow Me\n|move|p2a: Calyrex|High Horsepower|p1b: Smeargle\n|-crit|p1b: Smeargle\n|-damage|p1b: Smeargle|0 fnt\n|faint|p1b: Smeargle\n|-ability|p2a: Calyrex|Chilling Neigh|boost\n|-boost|p2a: Calyrex|atk|1\n|move|p2b: Iron Hands|Low Kick|p1a: Zamazenta\n|-supereffective|p1a: Zamazenta\n|-damage|p1a: Zamazenta|34/100\n|move|p1a: Zamazenta|Body Press|p2b: Iron Hands\n|-damage|p2b: Iron Hands|57/100\n|\n|upkeep\n|\n|t:|1775885135\n|switch|p1b: Rillaboom|Rillaboom, L50, F, shiny|100/100\n|-fieldstart|move: Grassy Terrain|[from] ability: Grassy Surge|[of] p1b: Rillaboom\n|-end|p2b: Iron Hands|Quark Drive\n|turn|4\n|\n|t:|1775885145\n|-end|p2b: Iron Hands|Quark Drive|[silent]\n|switch|p2b: Farigiraf|Farigiraf, L50, F|100/100\n|move|p1a: Zamazenta|Protect|p1a: Zamazenta\n|-singleturn|p1a: Zamazenta|Protect\n|move|p1b: Rillaboom|Fake Out||[still]\n|cant|p2b: Farigiraf|ability: Armor Tail|Fake Out|[of] p1b: Rillaboom\n|move|p2a: Calyrex|High Horsepower|p1a: Zamazenta\n|-activate|p1a: Zamazenta|move: Protect\n|\n|-heal|p2a: Calyrex|61/100|[from] Grassy Terrain\n|-heal|p1a: Zamazenta|40/100|[from] Grassy Terrain\n|upkeep\n|turn|5\n|\n|t:|1775885165\n|move|p1a: Zamazenta|Wide Guard|p1a: Zamazenta\n|-singleturn|p1a: Zamazenta|Wide Guard\n|move|p2a: Calyrex|High Horsepower|p1a: Zamazenta\n|-supereffective|p1a: Zamazenta\n|-damage|p1a: Zamazenta|0 fnt\n|faint|p1a: Zamazenta\n|-ability|p2a: Calyrex|Chilling Neigh|boost\n|-boost|p2a: Calyrex|atk|1\n|move|p2b: Farigiraf|Foul Play|p1b: Rillaboom\n|-damage|p1b: Rillaboom|74/100\n|move|p1b: Rillaboom|U-turn|p2b: Farigiraf\n|-supereffective|p2b: Farigiraf\n|-damage|p2b: Farigiraf|56/100\n|\n|t:|1775885178\n|switch|p1b: Calyrex|Calyrex-Shadow, L50|100/100|[from] U-turn\n|-ability|p1b: Calyrex|As One\n|-ability|p1b: Calyrex|Unnerve\n|\n|-heal|p2a: Calyrex|67/100|[from] Grassy Terrain\n|-heal|p2b: Farigiraf|62/100|[from] Grassy Terrain\n|upkeep\n|\n|t:|1775885187\n|switch|p1a: Rillaboom|Rillaboom, L50, F, shiny|74/100\n|turn|6\n|\n|t:|1775885202\n|-terastallize|p1a: Rillaboom|Fire\n|move|p1b: Calyrex|Protect|p1b: Calyrex\n|-singleturn|p1b: Calyrex|Protect\n|move|p2a: Calyrex|Glacial Lance|p1a: Rillaboom|[spread] p1a\n|-activate|p1b: Calyrex|move: Protect\n|-resisted|p1a: Rillaboom\n|-damage|p1a: Rillaboom|22/100\n|move|p2b: Farigiraf|Foul Play|p1a: Rillaboom\n|-crit|p1a: Rillaboom\n|-damage|p1a: Rillaboom|0 fnt\n|faint|p1a: Rillaboom\n|\n|-heal|p2a: Calyrex|73/100|[from] Grassy Terrain\n|-heal|p2b: Farigiraf|68/100|[from] Grassy Terrain\n|-fieldend|move: Trick Room\n|upkeep\n|turn|7\n|\n|t:|1775885219\n|-terastallize|p2a: Calyrex|Ground\n|move|p1b: Calyrex|Astral Barrage|p2a: Calyrex|[spread] p2a\n|-immune|p2b: Farigiraf\n|-damage|p2a: Calyrex|29/100\n|-damage|p1b: Calyrex|91/100|[from] item: Life Orb\n|move|p2b: Farigiraf|Foul Play|p1b: Calyrex\n|-supereffective|p1b: Calyrex\n|-crit|p1b: Calyrex\n|-damage|p1b: Calyrex|0 fnt\n|faint|p1b: Calyrex\n|\n|win|fallacy277\n|raw|Smile expression's rating: 1535 &rarr; <strong>1517</strong><br />(-18 for losing)\n|raw|fallacy277's rating: 1570 &rarr; <strong>1588</strong><br />(+18 for winning)\n|l|\u2606Smile expression\n|player|p1|\n|l|\u2606fallacy277\n|player|p2|\n","uploadtime":1775885362,"views":16,"formatid":"gen9vgc2026regi","rating":1517,"private":0,"password":null}