{"id":"gen9vgc2026regi-2563639576","format":"[Gen 9] VGC 2026 Reg I","players":["EllenJoe2026","Cordab"],"log":"|j|\u2606EllenJoe2026\n|j|\u2606Cordab\n|t:|1774045087\n|gametype|doubles\n|player|p1|EllenJoe2026|102|1470\n|player|p2|Cordab|cynthia|1398\n|gen|9\n|tier|[Gen 9] VGC 2026 Reg I\n|rated|\n|rule|Species Clause: Limit one of each Pok\u00e9mon\n|rule|Item Clause: Limit 1 of each item\n|clearpoke\n|poke|p1|Calyrex-Shadow, L50|\n|poke|p1|Zamazenta-*, L50|\n|poke|p1|Incineroar, L50, F|\n|poke|p1|Rillaboom, L50, F|\n|poke|p1|Ogerpon-Cornerstone, L50, F|\n|poke|p1|Tornadus, L50, M|\n|poke|p2|Dialga-Origin, L50|\n|poke|p2|Ursaluna, L50, F|\n|poke|p2|Cresselia, L50, F|\n|poke|p2|Lunala, L50|\n|poke|p2|Urshifu-*, L50, F|\n|poke|p2|Amoonguss, L50, M|\n|teampreview|4\n|inactive|Battle timer is ON: inactive players will automatically lose when time's up. (requested by EllenJoe2026)\n|inactive|EllenJoe2026 has 60 seconds left.\n|inactive|Cordab has 60 seconds left.\n|\n|t:|1774045139\n|teamsize|p1|4\n|teamsize|p2|4\n|start\n|switch|p1a: Rillaboom|Rillaboom, L50, F, shiny|100/100\n|switch|p1b: Ogerpon|Ogerpon-Cornerstone, L50, F|100/100\n|switch|p2a: Urshifu|Urshifu, L50, F|100/100\n|switch|p2b: Lunala|Lunala, L50|100/100\n|-fieldstart|move: Grassy Terrain|[from] ability: Grassy Surge|[of] p1a: Rillaboom\n|turn|1\n|\n|t:|1774045162\n|move|p2a: Urshifu|Detect|p2a: Urshifu\n|-singleturn|p2a: Urshifu|Protect\n|move|p1a: Rillaboom|Grassy Glide|p2b: Lunala\n|-damage|p2b: Lunala|86/100\n|move|p1b: Ogerpon|Knock Off|p2b: Lunala\n|-supereffective|p2b: Lunala\n|-damage|p2b: Lunala|0 fnt\n|-enditem|p2b: Lunala|Sitrus Berry|[from] move: Knock Off|[of] p1b: Ogerpon\n|faint|p2b: Lunala\n|\n|upkeep\n|\n|t:|1774045167\n|switch|p2b: Dialga|Dialga-Origin, L50|100/100\n|turn|2\n|\n|t:|1774045192\n|move|p1b: Ogerpon|Knock Off|p2b: Dialga\n|-damage|p2b: Dialga|84/100\n|move|p2a: Urshifu|Wicked Blow|p1a: Rillaboom\n|-crit|p1a: Rillaboom\n|-damage|p1a: Rillaboom|42/100\n|move|p1a: Rillaboom|U-turn|p2a: Urshifu\n|-damage|p2a: Urshifu|78/100\n|\n|t:|1774045201\n|switch|p1a: Zamazenta|Zamazenta-Crowned, L50, shiny|100/100|[from] U-turn\n|-ability|p1a: Zamazenta|Dauntless Shield|boost\n|-boost|p1a: Zamazenta|def|1\n|move|p2b: Dialga|Trick Room|p2b: Dialga\n|-fieldstart|move: Trick Room|[of] p2b: Dialga\n|\n|-heal|p2b: Dialga|90/100|[from] Grassy Terrain\n|-heal|p2a: Urshifu|83/100|[from] Grassy Terrain\n|upkeep\n|turn|3\n|inactive|EllenJoe2026 has 30 seconds left.\n|\n|t:|1774045228\n|-terastallize|p2b: Dialga|Fighting\n|move|p1b: Ogerpon|Follow Me|p1b: Ogerpon\n|-singleturn|p1b: Ogerpon|move: Follow Me\n|move|p2b: Dialga|Iron Defense|p2b: Dialga\n|-boost|p2b: Dialga|def|2\n|move|p2a: Urshifu|Wicked Blow|p1b: Ogerpon\n|-crit|p1b: Ogerpon\n|-damage|p1b: Ogerpon|21/100\n|move|p1a: Zamazenta|Body Press|p2b: Dialga\n|-damage|p2b: Dialga|66/100\n|\n|-heal|p2b: Dialga|73/100|[from] Grassy Terrain\n|-heal|p2a: Urshifu|89/100|[from] Grassy Terrain\n|-heal|p1b: Ogerpon|27/100|[from] Grassy Terrain\n|upkeep\n|turn|4\n|inactive|EllenJoe2026 has 30 seconds left.\n|\n|t:|1774045259\n|switch|p2a: Ursaluna|Ursaluna, L50, F|100/100\n|-terastallize|p1a: Zamazenta|Grass\n|move|p1b: Ogerpon|Follow Me|p1b: Ogerpon\n|-singleturn|p1b: Ogerpon|move: Follow Me\n|move|p2b: Dialga|Body Press|p1b: Ogerpon\n|-supereffective|p1b: Ogerpon\n|-damage|p1b: Ogerpon|0 fnt\n|faint|p1b: Ogerpon\n|move|p1a: Zamazenta|Imprison|p1a: Zamazenta\n|-start|p1a: Zamazenta|move: Imprison\n|\n|-heal|p2b: Dialga|79/100|[from] Grassy Terrain\n|-status|p2a: Ursaluna|brn|[from] item: Flame Orb\n|upkeep\n|c|\u2606Cordab|whaty\n|\n|t:|1774045280\n|switch|p1b: Rillaboom|Rillaboom, L50, F, shiny|42/100\n|turn|5\n|inactive|Cordab has 30 seconds left.\n|c|\u2606Cordab|what is this zxama\n|c|\u2606Cordab|bo1 special\n|inactive|Cordab has 20 seconds left.\n|inactive|Cordab has 15 seconds left.\n|\n|t:|1774045323\n|move|p2a: Ursaluna|Protect|p2a: Ursaluna\n|-singleturn|p2a: Ursaluna|Protect\n|move|p1b: Rillaboom|Fake Out|p2a: Ursaluna\n|-activate|p2a: Ursaluna|move: Protect\n|move|p2b: Dialga|Draco Meteor|p1a: Zamazenta\n|-damage|p1a: Zamazenta|48/100\n|-unboost|p2b: Dialga|spa|2\n|move|p1a: Zamazenta|Body Press|p2a: Ursaluna\n|-activate|p2a: Ursaluna|move: Protect\n|\n|-heal|p1b: Rillaboom|48/100|[from] Grassy Terrain\n|-heal|p2b: Dialga|85/100|[from] Grassy Terrain\n|-heal|p1a: Zamazenta|54/100|[from] Grassy Terrain\n|-damage|p2a: Ursaluna|94/100 brn|[from] brn\n|-fieldend|move: Grassy Terrain\n|upkeep\n|turn|6\n|\n|t:|1774045345\n|move|p2a: Ursaluna|Facade|p1a: Zamazenta\n|-damage|p1a: Zamazenta|11/100\n|move|p1b: Rillaboom|Wood Hammer|p2a: Ursaluna\n|-supereffective|p2a: Ursaluna\n|-damage|p2a: Ursaluna|0 fnt\n|faint|p2a: Ursaluna\n|-damage|p1b: Rillaboom|14/100|[from] Recoil\n|move|p2b: Dialga|Iron Defense|p2b: Dialga\n|-boost|p2b: Dialga|def|2\n|move|p1a: Zamazenta|Body Press|p2b: Dialga\n|-damage|p2b: Dialga|70/100\n|\n|-fieldend|move: Trick Room\n|upkeep\n|\n|t:|1774045349\n|switch|p2a: Urshifu|Urshifu, L50, F|89/100\n|turn|7\n|\n|t:|1774045364\n|move|p1a: Zamazenta|Body Press|p2a: Urshifu\n|-supereffective|p2a: Urshifu\n|-damage|p2a: Urshifu|0 fnt\n|faint|p2a: Urshifu\n|move|p1b: Rillaboom|U-turn|p2b: Dialga\n|-resisted|p2b: Dialga\n|-damage|p2b: Dialga|67/100\n|\n|t:|1774045371\n|switch|p1b: Calyrex|Calyrex-Shadow, L50|100/100|[from] U-turn\n|-ability|p1b: Calyrex|As One\n|-ability|p1b: Calyrex|Unnerve\n|move|p2b: Dialga|Trick Room|p2b: Dialga\n|-fieldstart|move: Trick Room|[of] p2b: Dialga\n|\n|upkeep\n|turn|8\n|-message|Cordab forfeited.\n|\n|win|EllenJoe2026\n|raw|EllenJoe2026's rating: 1470 &rarr; <strong>1486</strong><br />(+16 for winning)\n|raw|Cordab's rating: 1398 &rarr; <strong>1382</strong><br />(-16 for losing)\n|l|\u2606Cordab\n|player|p2|\n|l|\u2606EllenJoe2026\n|player|p1|\n","uploadtime":1774045609,"views":11,"formatid":"gen9vgc2026regi","rating":1382,"private":0,"password":null}