{"id":"gen9vgc2026regi-2575873841","format":"[Gen 9] VGC 2026 Reg I","players":["TheNamesBetty","minkeyman"],"log":"|j|\u2606TheNamesBetty\n|j|\u2606minkeyman\n|t:|1775408920\n|gametype|doubles\n|player|p1|TheNamesBetty|koga|1269\n|player|p2|minkeyman|marshal|1390\n|gen|9\n|tier|[Gen 9] VGC 2026 Reg I\n|rated|\n|rule|Species Clause: Limit one of each Pok\u00e9mon\n|rule|Item Clause: Limit 1 of each item\n|clearpoke\n|poke|p1|Koraidon, L50|\n|poke|p1|Calyrex-Shadow, L50|\n|poke|p1|Tornadus, L50, M|\n|poke|p1|Chi-Yu, L50|\n|poke|p1|Clefairy, L50, F|\n|poke|p1|Dewgong, L50, F|\n|poke|p2|Calyrex-Ice, L50|\n|poke|p2|Landorus, L50, M|\n|poke|p2|Grimmsnarl, L50, M|\n|poke|p2|Miraidon, L50|\n|poke|p2|Torkoal, L50, M|\n|poke|p2|Iron Hands, L50|\n|teampreview|4\n|inactive|Battle timer is ON: inactive players will automatically lose when time's up. (requested by minkeyman)\nTheNamesBetty has agreed to open team sheets.\n|inactive|TheNamesBetty has 60 seconds left.\n|inactive|minkeyman has 60 seconds left.\n|\n|t:|1775408959\n|teamsize|p1|4\n|teamsize|p2|4\n|start\n|switch|p1a: DDDMaxVerstappeb|Dewgong, L50, F|100/100\n|switch|p1b: Chi-Yu|Chi-Yu, L50, shiny|100/100\n|switch|p2a: Miraidon|Miraidon, L50|100/100\n|switch|p2b: Grimmsnarl|Grimmsnarl, L50, M|100/100\n|-ability|p1b: Chi-Yu|Beads of Ruin\n|-fieldstart|move: Electric Terrain|[from] ability: Hadron Engine|[of] p2a: Miraidon\n|turn|1\n|\n|t:|1775408975\n|move|p1a: DDDMaxVerstappeb|Fake Out|p2a: Miraidon\n|-damage|p2a: Miraidon|93/100\n|move|p2b: Grimmsnarl|Light Screen|p2b: Grimmsnarl\n|-sidestart|p2: minkeyman|move: Light Screen\n|move|p1b: Chi-Yu|Snarl|p2a: Miraidon|[spread] p2a,p2b\n|-resisted|p2b: Grimmsnarl\n|-crit|p2b: Grimmsnarl\n|-damage|p2a: Miraidon|71/100\n|-damage|p2b: Grimmsnarl|89/100\n|-unboost|p2a: Miraidon|spa|1\n|-unboost|p2b: Grimmsnarl|spa|1\n|cant|p2a: Miraidon|flinch\n|\n|upkeep\n|turn|2\n|\n|t:|1775408991\n|move|p1a: DDDMaxVerstappeb|Ice Shard|p2a: Miraidon\n|-supereffective|p2a: Miraidon\n|-damage|p2a: Miraidon|47/100\n|move|p2b: Grimmsnarl|Reflect|p2b: Grimmsnarl\n|-sidestart|p2: minkeyman|Reflect\n|move|p1b: Chi-Yu|Snarl|p2a: Miraidon|[spread] p2a,p2b\n|-resisted|p2b: Grimmsnarl\n|-damage|p2a: Miraidon|27/100\n|-damage|p2b: Grimmsnarl|84/100\n|-unboost|p2a: Miraidon|spa|1\n|-unboost|p2b: Grimmsnarl|spa|1\n|move|p2a: Miraidon|Volt Switch|p1a: DDDMaxVerstappeb\n|-supereffective|p1a: DDDMaxVerstappeb\n|-damage|p1a: DDDMaxVerstappeb|8/100\n|\n|t:|1775408995\n|switch|p2a: Calyrex|Calyrex-Ice, L50|100/100|[from] Volt Switch\n|-ability|p2a: Calyrex|As One\n|-ability|p2a: Calyrex|Unnerve\n|\n|upkeep\n|turn|3\n|inactive|TheNamesBetty has 30 seconds left.\n|\n|t:|1775409023\n|switch|p1b: Jan\u017di\u017ekaZTrocnova|Koraidon, L50|100/100\n|-weather|SunnyDay|[from] ability: Orichalcum Pulse|[of] p1b: Jan\u017di\u017ekaZTrocnova\n|-activate|p1b: Jan\u017di\u017ekaZTrocnova|Orichalcum Pulse|[source]\n|switch|p2b: Miraidon|Miraidon, L50|27/100\n|-activate|p2b: Miraidon|ability: Hadron Engine\n|-terastallize|p2a: Calyrex|Water\n|move|p1a: DDDMaxVerstappeb|Perish Song|p1a: DDDMaxVerstappeb\n|-start|p1a: DDDMaxVerstappeb|perish3|[silent]\n|-start|p1b: Jan\u017di\u017ekaZTrocnova|perish3|[silent]\n|-start|p2a: Calyrex|perish3|[silent]\n|-start|p2b: Miraidon|perish3|[silent]\n|-fieldactivate|move: Perish Song\n|move|p2a: Calyrex|Trick Room|p2a: Calyrex\n|-fieldstart|move: Trick Room|[of] p2a: Calyrex\n|\n|-weather|SunnyDay|[upkeep]\n|-start|p2a: Calyrex|perish3\n|-start|p1a: DDDMaxVerstappeb|perish3\n|-start|p1b: Jan\u017di\u017ekaZTrocnova|perish3\n|-start|p2b: Miraidon|perish3\n|upkeep\n|turn|4\n|inactive|TheNamesBetty has 30 seconds left.\n|\n|t:|1775409056\n|-terastallize|p1b: Jan\u017di\u017ekaZTrocnova|Fire\n|move|p1a: DDDMaxVerstappeb|Ice Shard|p2b: Miraidon\n|-supereffective|p2b: Miraidon\n|-crit|p2b: Miraidon\n|-damage|p2b: Miraidon|0 fnt\n|faint|p2b: Miraidon\n|move|p2a: Calyrex|Glacial Lance|p1b: Jan\u017di\u017ekaZTrocnova|[spread] p1a,p1b\n|-resisted|p1a: DDDMaxVerstappeb\n|-resisted|p1b: Jan\u017di\u017ekaZTrocnova\n|-damage|p1a: DDDMaxVerstappeb|1/100\n|-damage|p1b: Jan\u017di\u017ekaZTrocnova|79/100\n|move|p1b: Jan\u017di\u017ekaZTrocnova|Collision Course|p2a: Calyrex\n|-damage|p2a: Calyrex|73/100\n|\n|-weather|SunnyDay|[upkeep]\n|-start|p2a: Calyrex|perish2\n|-start|p1a: DDDMaxVerstappeb|perish2\n|-start|p1b: Jan\u017di\u017ekaZTrocnova|perish2\n|upkeep\n|\n|t:|1775409062\n|switch|p2b: Grimmsnarl|Grimmsnarl, L50, M|84/100\n|turn|5\n|\n|t:|1775409084\n|switch|p2a: Torkoal|Torkoal, L50, M|100/100\n|switch|p1a: Chi-Yu|Chi-Yu, L50, shiny|100/100\n|-ability|p1a: Chi-Yu|Beads of Ruin\n|move|p1b: Jan\u017di\u017ekaZTrocnova|Protect|p1b: Jan\u017di\u017ekaZTrocnova\n|-singleturn|p1b: Jan\u017di\u017ekaZTrocnova|Protect\n|move|p2b: Grimmsnarl|Foul Play|p1b: Jan\u017di\u017ekaZTrocnova\n|-activate|p1b: Jan\u017di\u017ekaZTrocnova|move: Protect\n|\n|-weather|SunnyDay|[upkeep]\n|-start|p1b: Jan\u017di\u017ekaZTrocnova|perish1\n|-fieldend|move: Electric Terrain\n|upkeep\n|turn|6\n|inactive|TheNamesBetty has 30 seconds left.\n|inactive|TheNamesBetty has 20 seconds left.\n|\n|t:|1775409121\n|move|p2a: Torkoal|Eruption|p1b: Jan\u017di\u017ekaZTrocnova|[spread] p1a,p1b\n|-resisted|p1a: Chi-Yu\n|-resisted|p1b: Jan\u017di\u017ekaZTrocnova\n|-damage|p1a: Chi-Yu|54/100\n|-damage|p1b: Jan\u017di\u017ekaZTrocnova|27/100\n|move|p2b: Grimmsnarl|Foul Play|p1b: Jan\u017di\u017ekaZTrocnova\n|-damage|p1b: Jan\u017di\u017ekaZTrocnova|0 fnt\n|faint|p1b: Jan\u017di\u017ekaZTrocnova\n|move|p1a: Chi-Yu|Heat Wave|p2b: Grimmsnarl|[spread] p2a,p2b\n|-resisted|p2a: Torkoal\n|-damage|p2a: Torkoal|63/100\n|-damage|p2b: Grimmsnarl|31/100\n|\n|-weather|SunnyDay|[upkeep]\n|upkeep\n|\n|t:|1775409135\n|switch|p1b: DDDMaxVerstappeb|Dewgong, L50, F|1/100\n|turn|7\n|\n|t:|1775409143\n|move|p1b: DDDMaxVerstappeb|Fake Out|p2a: Torkoal\n|-damage|p2a: Torkoal|59/100\n|cant|p2a: Torkoal|flinch\n|move|p2b: Grimmsnarl|Foul Play|p1a: Chi-Yu\n|-resisted|p1a: Chi-Yu\n|-damage|p1a: Chi-Yu|35/100\n|move|p1a: Chi-Yu|Heat Wave|p2b: Grimmsnarl|[spread] p2a,p2b\n|-resisted|p2a: Torkoal\n|-damage|p2a: Torkoal|19/100\n|-damage|p2b: Grimmsnarl|0 fnt\n|faint|p2b: Grimmsnarl\n|\n|-weather|none\n|-fieldend|move: Trick Room\n|upkeep\n|inactive|minkeyman has 30 seconds left.\n|\n|t:|1775409178\n|switch|p2b: Calyrex|Calyrex-Ice, L50, tera:Water|73/100\n|-ability|p2b: Calyrex|As One\n|-ability|p2b: Calyrex|Unnerve\n|turn|8\n|\n|t:|1775409192\n|move|p2a: Torkoal|Protect|p2a: Torkoal\n|-singleturn|p2a: Torkoal|Protect\n|move|p1a: Chi-Yu|Heat Wave|p2b: Calyrex|[spread] p2b\n|-activate|p2a: Torkoal|move: Protect\n|-resisted|p2b: Calyrex\n|-damage|p2b: Calyrex|62/100\n|move|p1b: DDDMaxVerstappeb|Perish Song|p1b: DDDMaxVerstappeb\n|-start|p1a: Chi-Yu|perish3|[silent]\n|-start|p1b: DDDMaxVerstappeb|perish3|[silent]\n|-start|p2a: Torkoal|perish3|[silent]\n|-start|p2b: Calyrex|perish3|[silent]\n|-fieldactivate|move: Perish Song\n|move|p2b: Calyrex|Trick Room|p2b: Calyrex\n|-fieldstart|move: Trick Room|[of] p2b: Calyrex\n|\n|-start|p2a: Torkoal|perish3\n|-start|p2b: Calyrex|perish3\n|-start|p1b: DDDMaxVerstappeb|perish3\n|-start|p1a: Chi-Yu|perish3\n|-sideend|p2: minkeyman|move: Light Screen\n|upkeep\n|turn|9\n|inactive|TheNamesBetty has 30 seconds left.\n|\n|t:|1775409223\n|switch|p1b: Kedluben|Calyrex-Shadow, L50|100/100\n|-ability|p1b: Kedluben|As One\n|-ability|p1b: Kedluben|Unnerve\n|move|p2a: Torkoal|Helping Hand|p2b: Calyrex\n|-singleturn|p2b: Calyrex|Helping Hand|[of] p2a: Torkoal\n|move|p2b: Calyrex|Glacial Lance|p1a: Chi-Yu|[spread] p1a,p1b\n|-resisted|p1a: Chi-Yu\n|-damage|p1a: Chi-Yu|0 fnt\n|-damage|p1b: Kedluben|0 fnt\n|faint|p1a: Chi-Yu\n|faint|p1b: Kedluben\n|-ability|p2b: Calyrex|Chilling Neigh|boost\n|-boost|p2b: Calyrex|atk|2\n|\n|-start|p2a: Torkoal|perish2\n|-start|p2b: Calyrex|perish2\n|-sideend|p2: minkeyman|Reflect\n|upkeep\n|\n|t:|1775409226\n|switch|p1b: DDDMaxVerstappeb|Dewgong, L50, F|1/100\n|turn|10\n|\n|t:|1775409230\n|move|p1b: DDDMaxVerstappeb|Protect|p1b: DDDMaxVerstappeb\n|-singleturn|p1b: DDDMaxVerstappeb|Protect\n|move|p2a: Torkoal|Eruption|p1b: DDDMaxVerstappeb\n|-activate|p1b: DDDMaxVerstappeb|move: Protect\n|move|p2b: Calyrex|Glacial Lance|p1b: DDDMaxVerstappeb\n|-activate|p1b: DDDMaxVerstappeb|move: Protect\n|\n|-start|p2a: Torkoal|perish1\n|-start|p2b: Calyrex|perish1\n|upkeep\n|turn|11\n|\n|t:|1775409232\n|move|p1b: DDDMaxVerstappeb|Protect||[still]\n|-fail|p1b: DDDMaxVerstappeb\n|move|p2a: Torkoal|Eruption|p1b: DDDMaxVerstappeb\n|-damage|p1b: DDDMaxVerstappeb|0 fnt\n|faint|p1b: DDDMaxVerstappeb\n|\n|win|minkeyman\n|raw|TheNamesBetty's rating: 1269 &rarr; <strong>1252</strong><br />(-17 for losing)\n|raw|minkeyman's rating: 1390 &rarr; <strong>1403</strong><br />(+13 for winning)\n","uploadtime":1775409239,"views":9,"formatid":"gen9vgc2026regi","rating":1252,"private":0,"password":null}