{"id":"gen9vgc2026regi-2578787641","format":"[Gen 9] VGC 2026 Reg I","players":["TheNamesBetty","gigicipolla"],"log":"|j|\u2606TheNamesBetty\n|j|\u2606gigicipolla\n|t:|1775718157\n|gametype|doubles\n|player|p1|TheNamesBetty|koga|1321\n|player|p2|gigicipolla|gambler|1260\n|gen|9\n|tier|[Gen 9] VGC 2026 Reg I\n|rated|\n|rule|Species Clause: Limit one of each Pok\u00e9mon\n|rule|Item Clause: Limit 1 of each item\n|clearpoke\n|poke|p1|Koraidon, L50|\n|poke|p1|Calyrex-Shadow, L50|\n|poke|p1|Tornadus, L50, M|\n|poke|p1|Urshifu-*, L50, F|\n|poke|p1|Jumpluff, L50, M|\n|poke|p1|Dewgong, L50, M|\n|poke|p2|Rillaboom, L50, M|\n|poke|p2|Oranguru, L50, M|\n|poke|p2|Calyrex-Ice, L50|\n|poke|p2|Torkoal, L50, M|\n|poke|p2|Kyogre, L50|\n|poke|p2|Raging Bolt, L50|\n|teampreview|4\n|\n|t:|1775718184\n|teamsize|p1|4\n|teamsize|p2|4\n|start\n|switch|p1a: Houska se sal\u00e1mem|Urshifu, L50, F|100/100\n|switch|p1b: Kedluben|Calyrex-Shadow, L50|100/100\n|switch|p2a: Oranguru|Oranguru, L50, M|100/100\n|switch|p2b: Calyrex|Calyrex-Ice, L50|100/100\n|-ability|p1b: Kedluben|As One\n|-ability|p1b: Kedluben|Unnerve\n|-ability|p2b: Calyrex|As One\n|-ability|p2b: Calyrex|Unnerve\n|turn|1\n|\n|t:|1775718209\n|-terastallize|p2b: Calyrex|Fire\n|move|p1a: Houska se sal\u00e1mem|Wicked Blow|p2b: Calyrex\n|-crit|p2b: Calyrex\n|-damage|p2b: Calyrex|64/100\n|move|p1b: Kedluben|Psychic|p2b: Calyrex\n|-damage|p2b: Calyrex|11/100\n|-damage|p1b: Kedluben|91/100|[from] item: Life Orb\n|move|p2a: Oranguru|Yawn|p1a: Houska se sal\u00e1mem\n|-start|p1a: Houska se sal\u00e1mem|move: Yawn|[of] p2a: Oranguru\n|move|p2b: Calyrex|Trick Room|p2b: Calyrex\n|-fieldstart|move: Trick Room|[of] p2b: Calyrex\n|\n|upkeep\n|turn|2\n|\n|t:|1775718223\n|switch|p1a: DDDMaxVerstappen|Dewgong, L50, M|100/100\n|move|p1b: Kedluben|Protect|p1b: Kedluben\n|-singleturn|p1b: Kedluben|Protect\n|move|p2b: Calyrex|Glacial Lance|p1b: Kedluben|[spread] p1a\n|-activate|p1b: Kedluben|move: Protect\n|-resisted|p1a: DDDMaxVerstappen\n|-damage|p1a: DDDMaxVerstappen|93/100\n|move|p2a: Oranguru|Instruct|p2b: Calyrex\n|-singleturn|p2b: Calyrex|move: Instruct|[of] p2a: Oranguru\n|move|p2b: Calyrex|Glacial Lance|p1a: DDDMaxVerstappen|[spread] p1a\n|-activate|p1b: Kedluben|move: Protect\n|-resisted|p1a: DDDMaxVerstappen\n|-damage|p1a: DDDMaxVerstappen|85/100\n|\n|upkeep\n|turn|3\n|\n|t:|1775718239\n|switch|p2b: Raging Bolt|Raging Bolt, L50|100/100\n|switch|p1b: Houska se sal\u00e1mem|Urshifu, L50, F|100/100\n|move|p1a: DDDMaxVerstappen|Aqua Jet|p2b: Raging Bolt\n|-resisted|p2b: Raging Bolt\n|-damage|p2b: Raging Bolt|97/100\n|move|p2a: Oranguru|Foul Play|p1b: Houska se sal\u00e1mem\n|-resisted|p1b: Houska se sal\u00e1mem\n|-damage|p1b: Houska se sal\u00e1mem|91/100\n|\n|upkeep\n|turn|4\n|\n|t:|1775718275\n|move|p1a: DDDMaxVerstappen|Protect|p1a: DDDMaxVerstappen\n|-singleturn|p1a: DDDMaxVerstappen|Protect\n|move|p2a: Oranguru|Instruct||[still]\n|-fail|p2a: Oranguru\n|move|p2b: Raging Bolt|Draco Meteor|p1b: Houska se sal\u00e1mem\n|-damage|p1b: Houska se sal\u00e1mem|0 fnt\n|-unboost|p2b: Raging Bolt|spa|2\n|faint|p1b: Houska se sal\u00e1mem\n|\n|upkeep\n|\n|t:|1775718283\n|switch|p1b: Jan\u017di\u017ekaZTrocnova|Koraidon, L50|100/100\n|-weather|SunnyDay|[from] ability: Orichalcum Pulse|[of] p1b: Jan\u017di\u017ekaZTrocnova\n|-activate|p2b: Raging Bolt|ability: Protosynthesis\n|-start|p2b: Raging Bolt|protosynthesisdef\n|-activate|p1b: Jan\u017di\u017ekaZTrocnova|Orichalcum Pulse|[source]\n|turn|5\n|\n|t:|1775718309\n|switch|p1a: Kedluben|Calyrex-Shadow, L50|91/100\n|-ability|p1a: Kedluben|As One\n|-ability|p1a: Kedluben|Unnerve\n|move|p2a: Oranguru|Instruct|p2b: Raging Bolt\n|-singleturn|p2b: Raging Bolt|move: Instruct|[of] p2a: Oranguru\n|move|p2b: Raging Bolt|Draco Meteor|p1b: Jan\u017di\u017ekaZTrocnova\n|-supereffective|p1b: Jan\u017di\u017ekaZTrocnova\n|-damage|p1b: Jan\u017di\u017ekaZTrocnova|39/100\n|-unboost|p2b: Raging Bolt|spa|2\n|move|p2b: Raging Bolt|Draco Meteor|p1b: Jan\u017di\u017ekaZTrocnova\n|-supereffective|p1b: Jan\u017di\u017ekaZTrocnova\n|-damage|p1b: Jan\u017di\u017ekaZTrocnova|0 fnt\n|-unboost|p2b: Raging Bolt|spa|2\n|faint|p1b: Jan\u017di\u017ekaZTrocnova\n|\n|-weather|SunnyDay|[upkeep]\n|-fieldend|move: Trick Room\n|upkeep\n|\n|t:|1775718324\n|switch|p1b: DDDMaxVerstappen|Dewgong, L50, M|85/100\n|turn|6\n|c|\u2606TheNamesBetty|Well, that was way more than I expected\n|\n|t:|1775718358\n|move|p1b: DDDMaxVerstappen|Fake Out|p2b: Raging Bolt\n|-damage|p2b: Raging Bolt|91/100\n|cant|p2b: Raging Bolt|flinch\n|move|p1a: Kedluben|Nasty Plot|p1a: Kedluben\n|-boost|p1a: Kedluben|spa|2\n|move|p2a: Oranguru|Trick Room|p2a: Oranguru\n|-fieldstart|move: Trick Room|[of] p2a: Oranguru\n|\n|-weather|SunnyDay|[upkeep]\n|upkeep\n|turn|7\n|\n|t:|1775718381\n|move|p1b: DDDMaxVerstappen|Aqua Jet|p2b: Raging Bolt\n|-resisted|p2b: Raging Bolt\n|-damage|p2b: Raging Bolt|90/100\n|move|p2a: Oranguru|Foul Play|p1a: Kedluben\n|-supereffective|p1a: Kedluben\n|-damage|p1a: Kedluben|13/100\n|move|p2b: Raging Bolt|Thunderbolt|p1b: DDDMaxVerstappen\n|-supereffective|p1b: DDDMaxVerstappen\n|-damage|p1b: DDDMaxVerstappen|60/100\n|move|p1a: Kedluben|Psychic|p2b: Raging Bolt\n|-damage|p2b: Raging Bolt|0 fnt\n|faint|p2b: Raging Bolt\n|-end|p2b: Raging Bolt|Protosynthesis|[silent]\n|-ability|p1a: Kedluben|Grim Neigh|boost\n|-boost|p1a: Kedluben|spa|1\n|-damage|p1a: Kedluben|3/100|[from] item: Life Orb\n|\n|-weather|SunnyDay|[upkeep]\n|upkeep\n|\n|t:|1775718393\n|switch|p2b: Torkoal|Torkoal, L50, M|100/100\n|turn|8\n|-message|TheNamesBetty forfeited.\n|\n|win|gigicipolla\n|raw|TheNamesBetty's rating: 1321 &rarr; <strong>1298</strong><br />(-23 for losing)\n|raw|gigicipolla's rating: 1260 &rarr; <strong>1289</strong><br />(+29 for winning)\n|l|\u2606TheNamesBetty\n|player|p1|\n|c|\u2606gigicipolla|gg\n|l|\u2606gigicipolla\n|player|p2|\n","uploadtime":1775718620,"views":8,"formatid":"gen9vgc2026regi","rating":1289,"private":0,"password":null}