{"id":"gen9vgc2026regi-2551846155","format":"[Gen 9] VGC 2026 Reg I","players":["KingOfGreed64","j0l0k0"],"log":"|j|\u2606KingOfGreed64\n|j|\u2606j0l0k0\n|t:|1772650150\n|gametype|doubles\n|player|p1|KingOfGreed64|guzma|1253\n|player|p2|j0l0k0|brycen|1445\n|gen|9\n|tier|[Gen 9] VGC 2026 Reg I\n|rated|\n|rule|Species Clause: Limit one of each Pok\u00e9mon\n|rule|Item Clause: Limit 1 of each item\n|clearpoke\n|poke|p1|Venomoth, L50, F|\n|poke|p1|Kyogre, L50|\n|poke|p1|Tornadus, L50, M|\n|poke|p1|Incineroar, L50, F|\n|poke|p1|Indeedee-F, L50, F|\n|poke|p1|Calyrex-Ice, L50|\n|poke|p2|Calyrex-Ice, L50|\n|poke|p2|Kyogre, L50|\n|poke|p2|Indeedee-F, L50, F|\n|poke|p2|Urshifu-*, L50, F|\n|poke|p2|Amoonguss, L50, F|\n|poke|p2|Landorus, L50, M|\n|teampreview|4\n|inactive|Battle timer is ON: inactive players will automatically lose when time's up. (requested by j0l0k0)\n|\n|t:|1772650174\n|teamsize|p1|4\n|teamsize|p2|4\n|start\n|switch|p1a: lakitu|Tornadus, L50, M|100/100\n|switch|p1b: le fishe|Kyogre, L50|100/100\n|switch|p2a: Kyogre|Kyogre, L50, shiny|100/100\n|switch|p2b: Indeedee|Indeedee-F, L50, F, shiny|100/100\n|-weather|RainDance|[from] ability: Drizzle|[of] p1b: le fishe\n|-fieldstart|move: Psychic Terrain|[from] ability: Psychic Surge|[of] p2b: Indeedee\n|turn|1\n|\n|t:|1772650196\n|move|p2b: Indeedee|Helping Hand|p2a: Kyogre\n|-singleturn|p2a: Kyogre|Helping Hand|[of] p2b: Indeedee\n|move|p1a: lakitu|Bleakwind Storm|p2b: Indeedee|[spread] p2a,p2b\n|-damage|p2a: Kyogre|87/100\n|-damage|p2b: Indeedee|76/100\n|move|p1b: le fishe|Calm Mind|p1b: le fishe\n|-boost|p1b: le fishe|spa|1\n|-boost|p1b: le fishe|spd|1\n|move|p2a: Kyogre|Thunder|p1b: le fishe\n|-supereffective|p1b: le fishe\n|-damage|p1b: le fishe|33/100\n|\n|-weather|RainDance|[upkeep]\n|-heal|p1b: le fishe|39/100|[from] item: Leftovers\n|upkeep\n|turn|2\n|\n|t:|1772650218\n|-terastallize|p1b: le fishe|Grass\n|move|p2b: Indeedee|Helping Hand|p2a: Kyogre\n|-singleturn|p2a: Kyogre|Helping Hand|[of] p2b: Indeedee\n|move|p1a: lakitu|Bleakwind Storm|p2b: Indeedee|[spread] p2a,p2b\n|-damage|p2a: Kyogre|74/100\n|-damage|p2b: Indeedee|51/100\n|move|p1b: le fishe|Calm Mind|p1b: le fishe\n|-boost|p1b: le fishe|spa|1\n|-boost|p1b: le fishe|spd|1\n|move|p2a: Kyogre|Thunder|p1b: le fishe\n|-resisted|p1b: le fishe\n|-damage|p1b: le fishe|26/100\n|\n|-weather|RainDance|[upkeep]\n|-heal|p1b: le fishe|32/100|[from] item: Leftovers\n|upkeep\n|turn|3\n|inactive|KingOfGreed64 has 30 seconds left.\n|\n|t:|1772650244\n|switch|p1a: mothman|Venomoth, L50, F, shiny|100/100\n|move|p2b: Indeedee|Helping Hand|p2a: Kyogre\n|-singleturn|p2a: Kyogre|Helping Hand|[of] p2b: Indeedee\n|move|p1b: le fishe|Protect|p1b: le fishe\n|-singleturn|p1b: le fishe|Protect\n|move|p2a: Kyogre|Ice Beam|p1b: le fishe\n|-activate|p1b: le fishe|move: Protect\n|\n|-weather|RainDance|[upkeep]\n|-heal|p1b: le fishe|39/100|[from] item: Leftovers\n|upkeep\n|turn|4\n|inactive|j0l0k0 has 30 seconds left.\n|\n|t:|1772650271\n|move|p2b: Indeedee|Helping Hand|p2a: Kyogre\n|-singleturn|p2a: Kyogre|Helping Hand|[of] p2b: Indeedee\n|move|p1a: mothman|Skill Swap|p1b: le fishe\n|-activate|p1a: mothman|Skill Swap\n|move|p1b: le fishe|Origin Pulse|p2a: Kyogre|[spread] p2a\n|-miss|p1b: le fishe|p2b: Indeedee\n|-resisted|p2a: Kyogre\n|-damage|p2a: Kyogre|3/100\n|move|p2a: Kyogre|Ice Beam|p1b: le fishe\n|-supereffective|p1b: le fishe\n|-damage|p1b: le fishe|1/100\n|-status|p1b: le fishe|frz\n|\n|-weather|RainDance|[upkeep]\n|-heal|p1b: le fishe|7/100 frz|[from] item: Leftovers\n|upkeep\n|turn|5\n|\n|t:|1772650289\n|move|p1a: mothman|Rage Powder|p1a: mothman\n|-singleturn|p1a: mothman|move: Rage Powder\n|-curestatus|p1b: le fishe|frz|[msg]\n|move|p1b: le fishe|Origin Pulse|p2b: Indeedee|[spread] p2a\n|-miss|p1b: le fishe|p2b: Indeedee\n|-resisted|p2a: Kyogre\n|-damage|p2a: Kyogre|0 fnt\n|faint|p2a: Kyogre\n|move|p2b: Indeedee|Trick Room|p2b: Indeedee\n|-fieldstart|move: Trick Room|[of] p2b: Indeedee\n|\n|-weather|none\n|-heal|p1b: le fishe|14/100|[from] item: Leftovers\n|-fieldend|move: Psychic Terrain\n|upkeep\n|\n|t:|1772650299\n|switch|p2a: Calyrex|Calyrex-Ice, L50|100/100\n|-ability|p2a: Calyrex|As One\n|-ability|p2a: Calyrex|Unnerve\n|turn|6\n|\n|t:|1772650309\n|move|p2b: Indeedee|Helping Hand|p2a: Calyrex\n|-singleturn|p2a: Calyrex|Helping Hand|[of] p2b: Indeedee\n|move|p1b: le fishe|Protect|p1b: le fishe\n|-singleturn|p1b: le fishe|Protect\n|move|p1a: mothman|Protect|p1a: mothman\n|-singleturn|p1a: mothman|Protect\n|move|p2a: Calyrex|Glacial Lance|p1a: mothman|[spread] \n|-activate|p1a: mothman|move: Protect\n|-activate|p1b: le fishe|move: Protect\n|\n|-heal|p1b: le fishe|20/100|[from] item: Leftovers\n|upkeep\n|turn|7\n|\n|t:|1772650334\n|switch|p1b: ice honse|Calyrex-Ice, L50|100/100\n|-ability|p1b: ice honse|As One\n|-ability|p1b: ice honse|Unnerve\n|move|p2b: Indeedee|Helping Hand|p2a: Calyrex\n|-singleturn|p2a: Calyrex|Helping Hand|[of] p2b: Indeedee\n|move|p2a: Calyrex|Glacial Lance|p1b: ice honse|[spread] p1a,p1b\n|-resisted|p1b: ice honse\n|-enditem|p1a: mothman|Focus Sash\n|-damage|p1a: mothman|1/100\n|-damage|p1b: ice honse|73/100\n|move|p1a: mothman|Skill Swap||[still]\n|-fail|p1a: mothman\n|\n|upkeep\n|turn|8\n|c|\u2606KingOfGreed64|the more u know\n|inactive|j0l0k0 has 30 seconds left.\n|inactive|j0l0k0 has 20 seconds left.\n|\n|t:|1772650370\n|move|p2b: Indeedee|Helping Hand|p2a: Calyrex\n|-singleturn|p2a: Calyrex|Helping Hand|[of] p2b: Indeedee\n|move|p1b: ice honse|Protect|p1b: ice honse\n|-singleturn|p1b: ice honse|Protect\n|move|p1a: mothman|Protect|p1a: mothman\n|-singleturn|p1a: mothman|Protect\n|move|p2a: Calyrex|Glacial Lance|p1b: ice honse|[spread] \n|-activate|p1a: mothman|move: Protect\n|-activate|p1b: ice honse|move: Protect\n|\n|upkeep\n|turn|9\n|\n|t:|1772650383\n|move|p2b: Indeedee|Helping Hand|p2a: Calyrex\n|-singleturn|p2a: Calyrex|Helping Hand|[of] p2b: Indeedee\n|move|p2a: Calyrex|Glacial Lance|p1a: mothman|[spread] p1a,p1b\n|-resisted|p1b: ice honse\n|-damage|p1a: mothman|0 fnt\n|-damage|p1b: ice honse|45/100\n|faint|p1a: mothman\n|-ability|p2a: Calyrex|Chilling Neigh|boost\n|-boost|p2a: Calyrex|atk|1\n|move|p1b: ice honse|Glacial Lance|p2a: Calyrex|[spread] p2a,p2b\n|-resisted|p2a: Calyrex\n|-damage|p2a: Calyrex|83/100\n|-damage|p2b: Indeedee|0 fnt\n|faint|p2b: Indeedee\n|-ability|p1b: ice honse|Chilling Neigh|boost\n|-boost|p1b: ice honse|atk|1\n|\n|-fieldend|move: Trick Room\n|upkeep\n|\n|t:|1772650400\n|switch|p1a: lakitu|Tornadus, L50, M|100/100\n|switch|p2b: Urshifu|Urshifu, L50, F|100/100\n|turn|10\n|\n|t:|1772650407\n|move|p1a: lakitu|Tailwind|p1a: lakitu\n|-sidestart|p1: KingOfGreed64|move: Tailwind\n|move|p2b: Urshifu|Wicked Blow|p1b: ice honse\n|-supereffective|p1b: ice honse\n|-crit|p1b: ice honse\n|-damage|p1b: ice honse|0 fnt\n|faint|p1b: ice honse\n|move|p2a: Calyrex|Glacial Lance|p1a: lakitu\n|-supereffective|p1a: lakitu\n|-damage|p1a: lakitu|0 fnt\n|faint|p1a: lakitu\n|-ability|p2a: Calyrex|Chilling Neigh|boost\n|-boost|p2a: Calyrex|atk|1\n|\n|upkeep\n|\n|t:|1772650412\n|switch|p1a: le fishe|Kyogre, L50, tera:Grass|20/100\n|-weather|RainDance|[from] ability: Drizzle|[of] p1a: le fishe\n|turn|11\n|\n|t:|1772650416\n|move|p1a: le fishe|Origin Pulse|p2a: Calyrex|[spread] p2a,p2b\n|-damage|p2a: Calyrex|28/100\n|-enditem|p2b: Urshifu|Focus Sash\n|-damage|p2b: Urshifu|1/100\n|move|p2b: Urshifu|Poison Jab|p1a: le fishe\n|-supereffective|p1a: le fishe\n|-damage|p1a: le fishe|0 fnt\n|faint|p1a: le fishe\n|\n|win|j0l0k0\n|raw|KingOfGreed64's rating: 1253 &rarr; <strong>1241</strong><br />(-12 for losing)\n|raw|j0l0k0's rating: 1445 &rarr; <strong>1455</strong><br />(+10 for winning)\n|c|\u2606KingOfGreed64|gg\n|c|\u2606j0l0k0|GGWP\n|l|\u2606j0l0k0\n|player|p2|\n|l|\u2606KingOfGreed64\n|player|p1|\n","uploadtime":1772650614,"views":14,"formatid":"gen9vgc2026regi","rating":1241,"private":0,"password":null}