{"id":"gen9vgc2026regi-2513828411","format":"[Gen 9] VGC 2026 Reg I","players":["maihuyvuan","Schimmli"],"log":"|j|\u2606maihuyvuan\n|j|\u2606Schimmli\n|t:|1767789305\n|gametype|doubles\n|player|p1|maihuyvuan|lucas|1275\n|player|p2|Schimmli|101|1238\n|gen|9\n|tier|[Gen 9] VGC 2026 Reg I\n|rated|\n|rule|Species Clause: Limit one of each Pok\u00e9mon\n|rule|Item Clause: Limit 1 of each item\n|clearpoke\n|poke|p1|Kyogre, L50|\n|poke|p1|Zacian-*, L50|\n|poke|p1|Urshifu-*, L50, M|\n|poke|p1|Tornadus, L50, M|\n|poke|p1|Sableye, L50, M|\n|poke|p1|Grimmsnarl, L50, M|\n|poke|p2|Farigiraf, L50, F|\n|poke|p2|Miraidon, L50|\n|poke|p2|Rayquaza, L50|\n|poke|p2|Chien-Pao, L50|\n|poke|p2|Iron Hands, L50|\n|poke|p2|Volcarona, L50, F|\n|teampreview|4\n|inactive|Battle timer is ON: inactive players will automatically lose when time's up. (requested by Schimmli)\n|\n|t:|1767789385\n|teamsize|p1|4\n|teamsize|p2|4\n|start\n|switch|p1a: Kyogre|Kyogre, L50|100/100\n|switch|p1b: Sableye|Sableye, L50, M|100/100\n|switch|p2a: Miraidon|Miraidon, L50|100/100\n|switch|p2b: Iron Hands|Iron Hands, L50|100/100\n|-fieldstart|move: Electric Terrain|[from] ability: Hadron Engine|[of] p2a: Miraidon\n|-activate|p2b: Iron Hands|ability: Quark Drive\n|-start|p2b: Iron Hands|quarkdriveatk\n|-weather|RainDance|[from] ability: Drizzle|[of] p1a: Kyogre\n|turn|1\n|\n|t:|1767789406\n|-terastallize|p1a: Kyogre|Grass\n|move|p2b: Iron Hands|Fake Out|p1a: Kyogre\n|-damage|p1a: Kyogre|80/100\n|move|p1b: Sableye|Fake Out|p2a: Miraidon\n|-damage|p2a: Miraidon|94/100\n|cant|p2a: Miraidon|flinch\n|cant|p1a: Kyogre|flinch\n|\n|-weather|RainDance|[upkeep]\n|upkeep\n|turn|2\n|\n|t:|1767789428\n|move|p1b: Sableye|Quash|p2a: Miraidon\n|-activate|p2a: Miraidon|move: Quash\n|move|p1a: Kyogre|Ice Beam|p2a: Miraidon\n|-supereffective|p2a: Miraidon\n|-damage|p2a: Miraidon|37/100\n|move|p2b: Iron Hands|Low Kick|p1a: Kyogre\n|-damage|p1a: Kyogre|0 fnt\n|faint|p1a: Kyogre\n|move|p2a: Miraidon|Volt Switch|p1b: Sableye\n|-damage|p1b: Sableye|22/100\n|-enditem|p1b: Sableye|Sitrus Berry|[eat]\n|-heal|p1b: Sableye|46/100|[from] item: Sitrus Berry\n|\n|t:|1767789440\n|switch|p2a: Rayquaza|Rayquaza, L50|100/100|[from] Volt Switch\n|-ability|p2a: Rayquaza|Air Lock\n|\n|-weather|RainDance|[upkeep]\n|upkeep\n|\n|t:|1767789450\n|switch|p1a: Zacian|Zacian-Crowned, L50|100/100\n|-ability|p1a: Zacian|Intrepid Sword|boost\n|-boost|p1a: Zacian|atk|1\n|turn|3\n|\n|t:|1767789458\n|-end|p2b: Iron Hands|Quark Drive|[silent]\n|switch|p2b: Volcarona|Volcarona, L50, F|100/100\n|move|p2a: Rayquaza|Protect|p2a: Rayquaza\n|-singleturn|p2a: Rayquaza|Protect\n|move|p1b: Sableye|Gravity|p1b: Sableye\n|-fieldstart|move: Gravity\n|move|p1a: Zacian|Play Rough|p2b: Volcarona\n|-resisted|p2b: Volcarona\n|-damage|p2b: Volcarona|64/100\n|-damage|p1a: Zacian|84/100|[from] item: Rocky Helmet|[of] p2b: Volcarona\n|\n|-weather|RainDance|[upkeep]\n|upkeep\n|turn|4\n|\n|t:|1767789474\n|switch|p1b: Tornadus|Tornadus, L50, M|100/100\n|move|p1a: Zacian|Protect|p1a: Zacian\n|-singleturn|p1a: Zacian|Protect\n|move|p2b: Volcarona|Rage Powder|p2b: Volcarona\n|-singleturn|p2b: Volcarona|move: Rage Powder\n|move|p2a: Rayquaza|Dragon Ascent|p1b: Tornadus\n|-damage|p1b: Tornadus|10/100\n|-unboost|p2a: Rayquaza|def|1\n|-unboost|p2a: Rayquaza|spd|1\n|\n|-weather|RainDance|[upkeep]\n|upkeep\n|turn|5\n|\n|t:|1767789496\n|move|p2a: Rayquaza|Extreme Speed|p1b: Tornadus\n|-damage|p1b: Tornadus|0 fnt\n|faint|p1b: Tornadus\n|move|p2b: Volcarona|Rage Powder|p2b: Volcarona\n|-singleturn|p2b: Volcarona|move: Rage Powder\n|move|p1a: Zacian|Play Rough|p2b: Volcarona\n|-resisted|p2b: Volcarona\n|-damage|p2b: Volcarona|27/100\n|-damage|p1a: Zacian|68/100|[from] item: Rocky Helmet|[of] p2b: Volcarona\n|\n|-weather|none\n|-fieldend|move: Electric Terrain\n|upkeep\n|\n|t:|1767789509\n|switch|p1b: Sableye|Sableye, L50, M|46/100\n|turn|6\n|\n|t:|1767789515\n|move|p1a: Zacian|Protect|p1a: Zacian\n|-singleturn|p1a: Zacian|Protect\n|move|p2b: Volcarona|Rage Powder|p2b: Volcarona\n|-singleturn|p2b: Volcarona|move: Rage Powder\n|move|p2a: Rayquaza|Dragon Ascent|p1b: Sableye\n|-damage|p1b: Sableye|0 fnt\n|-unboost|p2a: Rayquaza|def|1\n|-unboost|p2a: Rayquaza|spd|1\n|faint|p1b: Sableye\n|\n|upkeep\n|turn|7\n|-message|maihuyvuan forfeited.\n|\n|win|Schimmli\n|raw|maihuyvuan's rating: 1275 &rarr; <strong>1247</strong><br />(-28 for losing)\n|raw|Schimmli's rating: 1238 &rarr; <strong>1266</strong><br />(+28 for winning)\n|l|\u2606maihuyvuan\n|player|p1|\n|l|\u2606Schimmli\n|player|p2|\n","uploadtime":1767789720,"views":58,"formatid":"gen9vgc2026regi","rating":1247,"private":0,"password":null}