{"id":"gen9vgc2026regi-2573747182","format":"[Gen 9] VGC 2026 Reg I","players":["Nd103","EllenJoe2026"],"log":"|j|\u203dNd103\n|j|\u2606EllenJoe2026\n|t:|1775161460\n|gametype|doubles\n|player|p1|Nd103|101|1457\n|player|p2|EllenJoe2026|elesa|1566\n|gen|9\n|tier|[Gen 9] VGC 2026 Reg I\n|rated|\n|rule|Species Clause: Limit one of each Pok\u00e9mon\n|rule|Item Clause: Limit 1 of each item\n|clearpoke\n|poke|p1|Ho-Oh, L50|\n|poke|p1|Miraidon, L50|\n|poke|p1|Farigiraf, L50, F|\n|poke|p1|Iron Hands, L50|\n|poke|p1|Urshifu-*, L50, F|\n|poke|p1|Ursaluna-Bloodmoon, L50, M|\n|poke|p2|Calyrex-Ice, L50|\n|poke|p2|Miraidon, L50|\n|poke|p2|Tornadus, L50, M|\n|poke|p2|Urshifu-*, L50, F|\n|poke|p2|Volcarona, L50, F|\n|poke|p2|Indeedee-F, L50, F|\n|teampreview|4\n|inactive|Battle timer is ON: inactive players will automatically lose when time's up. (requested by EllenJoe2026)\n|j| temeister\n|inactive|Nd103 has 60 seconds left.\n|inactive|Nd103 has 30 seconds left.\n|\n|t:|1775161523\n|teamsize|p1|4\n|teamsize|p2|4\n|start\n|switch|p1a: Ho-Oh|Ho-Oh, L50|100/100\n|switch|p1b: Iron Hands|Iron Hands, L50|100/100\n|switch|p2a: Calyrex|Calyrex-Ice, L50|100/100\n|switch|p2b: Indeedee|Indeedee-F, L50, F, shiny|100/100\n|-ability|p2a: Calyrex|As One\n|-ability|p2a: Calyrex|Unnerve\n|-fieldstart|move: Psychic Terrain|[from] ability: Psychic Surge|[of] p2b: Indeedee\n|turn|1\n|inactive|Nd103 has 30 seconds left.\n|\n|t:|1775161557\n|switch|p1a: Miraidon|Miraidon, L50|100/100\n|-fieldstart|move: Electric Terrain|[from] ability: Hadron Engine|[of] p1a: Miraidon\n|-activate|p1b: Iron Hands|ability: Quark Drive\n|-start|p1b: Iron Hands|quarkdriveatk\n|move|p1b: Iron Hands|Fake Out|p2a: Calyrex\n|-damage|p2a: Calyrex|86/100\n|move|p2b: Indeedee|Follow Me|p2b: Indeedee\n|-singleturn|p2b: Indeedee|move: Follow Me\n|cant|p2a: Calyrex|flinch\n|\n|upkeep\n|turn|2\n|inactive|Nd103 has 30 seconds left.\n|inactive|Nd103 has 20 seconds left.\n|\n|t:|1775161593\n|move|p2b: Indeedee|Follow Me|p2b: Indeedee\n|-singleturn|p2b: Indeedee|move: Follow Me\n|move|p1a: Miraidon|Volt Switch|p2b: Indeedee\n|-damage|p2b: Indeedee|34/100\n|-enditem|p2b: Indeedee|Eject Button\n|\n|t:|1775161599\n|switch|p2b: Miraidon|Miraidon, L50, shiny|100/100\n|-activate|p2b: Miraidon|ability: Hadron Engine\n|move|p2a: Calyrex|Glacial Lance|p1a: Miraidon|[spread] p1a,p1b\n|-supereffective|p1a: Miraidon\n|-damage|p1a: Miraidon|16/100\n|-damage|p1b: Iron Hands|66/100\n|move|p1b: Iron Hands|Drain Punch|p2a: Calyrex\n|-damage|p2a: Calyrex|45/100\n|-heal|p1b: Iron Hands|81/100|[from] drain|[of] p2a: Calyrex\n|\n|upkeep\n|turn|3\n|inactive|Nd103 has 30 seconds left.\n|inactive|EllenJoe2026 has 30 seconds left.\n|c| temeister|ellen gonna tera fairy dazzling..>??? That could cook\n|inactive|Nd103 has 20 seconds left.\n|inactive|Nd103 has 15 seconds left.\n|\n|t:|1775161643\n|-terastallize|p2a: Calyrex|Grass\n|-terastallize|p1b: Iron Hands|Bug\n|move|p2b: Miraidon|Draco Meteor|p1b: Iron Hands\n|-damage|p1b: Iron Hands|0 fnt\n|-unboost|p2b: Miraidon|spa|2\n|faint|p1b: Iron Hands\n|-end|p1b: Iron Hands|Quark Drive|[silent]\n|move|p1a: Miraidon|Dazzling Gleam|p2b: Miraidon|[spread] p2a,p2b\n|-supereffective|p2b: Miraidon\n|-damage|p2a: Calyrex|22/100\n|-damage|p2b: Miraidon|41/100\n|move|p2a: Calyrex|Glacial Lance|p1a: Miraidon\n|-supereffective|p1a: Miraidon\n|-damage|p1a: Miraidon|0 fnt\n|faint|p1a: Miraidon\n|-ability|p2a: Calyrex|Chilling Neigh|boost\n|-boost|p2a: Calyrex|atk|1\n|\n|upkeep\n|\n|t:|1775161652\n|switch|p1a: Ho-Oh|Ho-Oh, L50|100/100\n|switch|p1b: Ursaluna|Ursaluna-Bloodmoon, L50, M|100/100\n|turn|4\n|inactive|Nd103 has 30 seconds left.\n|inactive|EllenJoe2026 has 30 seconds left.\n|inactive|Nd103 has 20 seconds left.\n|inactive|EllenJoe2026 has 20 seconds left.\n|inactive|Nd103 has 15 seconds left.\n|inactive|EllenJoe2026 has 15 seconds left.\n|inactive|Nd103 has 10 seconds left.\n|inactive|EllenJoe2026 has 10 seconds left.\n|\n|t:|1775161701\n|switch|p2b: Indeedee|Indeedee-F, L50, F, shiny|34/100\n|-fieldstart|move: Psychic Terrain|[from] ability: Psychic Surge|[of] p2b: Indeedee\n|move|p1a: Ho-Oh|Sacred Fire|p2a: Calyrex\n|-supereffective|p2a: Calyrex\n|-damage|p2a: Calyrex|0 fnt\n|faint|p2a: Calyrex\n|move|p1b: Ursaluna|Hyper Voice|p2b: Indeedee\n|-damage|p2b: Indeedee|0 fnt\n|faint|p2b: Indeedee\n|-enditem|p1b: Ursaluna|Throat Spray\n|-boost|p1b: Ursaluna|spa|1|[from] item: Throat Spray\n|\n|upkeep\n|c| temeister|this is an awkward positon\n|\n|t:|1775161709\n|switch|p2a: Miraidon|Miraidon, L50, shiny|41/100\n|switch|p2b: Urshifu|Urshifu-Rapid-Strike, L50, F|100/100\n|-fieldstart|move: Electric Terrain|[from] ability: Hadron Engine|[of] p2a: Miraidon\n|turn|5\n|c| temeister|has nd used his tera?\n|inactive|Nd103 has 30 seconds left.\n|\n|t:|1775161735\n|move|p2b: Urshifu|Surging Strikes|p1b: Ursaluna\n|-supereffective|p1b: Ursaluna\n|-crit|p1b: Ursaluna\n|-damage|p1b: Ursaluna|68/100\n|-supereffective|p1b: Ursaluna\n|-crit|p1b: Ursaluna\n|-damage|p1b: Ursaluna|35/100\n|-supereffective|p1b: Ursaluna\n|-crit|p1b: Ursaluna\n|-damage|p1b: Ursaluna|5/100\n|-hitcount|p1b: Ursaluna|3\n|move|p2a: Miraidon|Electro Drift|p1a: Ho-Oh\n|-supereffective|p1a: Ho-Oh\n|-damage|p1a: Ho-Oh|0 fnt\n|faint|p1a: Ho-Oh\n|move|p1b: Ursaluna|Earth Power|p2a: Miraidon\n|-supereffective|p2a: Miraidon\n|-damage|p2a: Miraidon|0 fnt\n|faint|p2a: Miraidon\n|\n|upkeep\n|turn|6\n|c| temeister|WOW BARELY LIVES\n|inactive|Nd103 has 30 seconds left.\n|\n|t:|1775161762\n|move|p2b: Urshifu|Surging Strikes|p1b: Ursaluna\n|-supereffective|p1b: Ursaluna\n|-crit|p1b: Ursaluna\n|-damage|p1b: Ursaluna|0 fnt\n|faint|p1b: Ursaluna\n|-hitcount|p1: Ursaluna|1\n|\n|win|EllenJoe2026\n|raw|Nd103's rating: 1457 &rarr; <strong>1443</strong><br />(-14 for losing)\n|raw|EllenJoe2026's rating: 1566 &rarr; <strong>1580</strong><br />(+14 for winning)\n|l| temeister\n|l|\u203dNd103\n|player|p1|\n","uploadtime":1775161989,"views":11,"formatid":"gen9vgc2026regi","rating":1443,"private":0,"password":null}