{"id":"gen9vgc2026regi-2556683992","format":"[Gen 9] VGC 2026 Reg I","players":["Finoss1x","fogdocker"],"log":"|j|\u2606Finoss1x\n|j|\u2606fogdocker\n|t:|1773239793\n|gametype|doubles\n|player|p1|Finoss1x|kimonogirl|1282\n|player|p2|fogdocker|101|1426\n|gen|9\n|tier|[Gen 9] VGC 2026 Reg I\n|rated|\n|rule|Species Clause: Limit one of each Pok\u00e9mon\n|rule|Item Clause: Limit 1 of each item\n|clearpoke\n|poke|p1|Iron Hands, L50|\n|poke|p1|Miraidon, L50|\n|poke|p1|Zacian-*, L50|\n|poke|p1|Farigiraf, L50, M|\n|poke|p1|Whimsicott, L50, F|\n|poke|p1|Incineroar, L50, F|\n|poke|p2|Calyrex-Ice, L50|\n|poke|p2|Koraidon, L50|\n|poke|p2|Flutter Mane, L50|\n|poke|p2|Incineroar, L50, M|\n|poke|p2|Rillaboom, L50, F|\n|poke|p2|Annihilape, L50, F|\n|teampreview|4\n|inactive|Battle timer is ON: inactive players will automatically lose when time's up. (requested by Finoss1x)\n|inactive|fogdocker has 60 seconds left.\n|\n|t:|1773239846\n|teamsize|p1|4\n|teamsize|p2|4\n|start\n|switch|p1a: Whimsicott|Whimsicott, L50, F|100/100\n|switch|p1b: Miraidon|Miraidon, L50|100/100\n|switch|p2a: Calyrex|Calyrex-Ice, L50|100/100\n|switch|p2b: Koraidon|Koraidon, L50|100/100\n|-ability|p2a: Calyrex|As One\n|-ability|p2a: Calyrex|Unnerve\n|-weather|SunnyDay|[from] ability: Orichalcum Pulse|[of] p2b: Koraidon\n|-activate|p2b: Koraidon|Orichalcum Pulse|[source]\n|-fieldstart|move: Electric Terrain|[from] ability: Hadron Engine|[of] p1b: Miraidon\n|turn|1\n|inactive|Finoss1x has 30 seconds left.\n|\n|t:|1773239879\n|switch|p2b: Rillaboom|Rillaboom, L50, F|100/100\n|-fieldstart|move: Grassy Terrain|[from] ability: Grassy Surge|[of] p2b: Rillaboom\n|move|p1a: Whimsicott|Fake Tears|p2b: Rillaboom\n|-unboost|p2b: Rillaboom|spd|2\n|move|p1b: Miraidon|Volt Switch|p2b: Rillaboom\n|-resisted|p2b: Rillaboom\n|-damage|p2b: Rillaboom|69/100\n|\n|t:|1773239891\n|switch|p1b: Zacian|Zacian-Crowned, L50|100/100|[from] Volt Switch\n|-ability|p1b: Zacian|Intrepid Sword|boost\n|-boost|p1b: Zacian|atk|1\n|move|p2a: Calyrex|Glacial Lance|p1b: Zacian|[spread] p1a,p1b\n|-supereffective|p1a: Whimsicott\n|-resisted|p1b: Zacian\n|-enditem|p1a: Whimsicott|Focus Sash\n|-damage|p1a: Whimsicott|1/100\n|-damage|p1b: Zacian|77/100\n|\n|-weather|SunnyDay|[upkeep]\n|-heal|p1b: Zacian|84/100|[from] Grassy Terrain\n|-heal|p1a: Whimsicott|7/100|[from] Grassy Terrain\n|-heal|p2b: Rillaboom|75/100|[from] Grassy Terrain\n|upkeep\n|turn|2\n|inactive|fogdocker has 30 seconds left.\n|inactive|fogdocker has 20 seconds left.\n|\n|t:|1773239928\n|switch|p1a: Iron Hands|Iron Hands, L50|100/100\n|switch|p2b: Incineroar|Incineroar, L50, M|100/100\n|-ability|p2b: Incineroar|Intimidate|boost\n|-unboost|p1a: Iron Hands|atk|1\n|-unboost|p1b: Zacian|atk|1\n|move|p2a: Calyrex|Protect|p2a: Calyrex\n|-singleturn|p2a: Calyrex|Protect\n|move|p1b: Zacian|Behemoth Blade|p2a: Calyrex\n|-activate|p2a: Calyrex|move: Protect\n|\n|-weather|SunnyDay|[upkeep]\n|-heal|p1b: Zacian|90/100|[from] Grassy Terrain\n|upkeep\n|turn|3\n|inactive|Finoss1x has 30 seconds left.\n|\n|t:|1773239960\n|switch|p1b: Miraidon|Miraidon, L50|100/100\n|-fieldstart|move: Electric Terrain|[from] ability: Hadron Engine|[of] p1b: Miraidon\n|-activate|p1a: Iron Hands|ability: Quark Drive\n|-start|p1a: Iron Hands|quarkdrivedef\n|move|p2b: Incineroar|Fake Out|p1b: Miraidon\n|-damage|p1b: Miraidon|90/100\n|move|p1a: Iron Hands|Heavy Slam|p2a: Calyrex\n|-supereffective|p2a: Calyrex\n|-damage|p2a: Calyrex|88/100\n|move|p2a: Calyrex|Leech Seed|p1a: Iron Hands\n|-start|p1a: Iron Hands|move: Leech Seed\n|\n|-weather|SunnyDay|[upkeep]\n|-heal|p2a: Calyrex|94/100|[from] item: Leftovers\n|-damage|p1a: Iron Hands|88/100|[from] Leech Seed|[of] p2a: Calyrex\n|-heal|p2a: Calyrex|100/100|[silent]\n|upkeep\n|turn|4\n|inactive|Finoss1x has 30 seconds left.\n|\n|t:|1773239993\n|switch|p2b: Rillaboom|Rillaboom, L50, F|75/100\n|-fieldstart|move: Grassy Terrain|[from] ability: Grassy Surge|[of] p2b: Rillaboom\n|-end|p1a: Iron Hands|Quark Drive\n|-terastallize|p1b: Miraidon|Fairy\n|move|p1b: Miraidon|Dazzling Gleam|p2b: Rillaboom|[spread] p2a,p2b\n|-damage|p2a: Calyrex|71/100\n|-damage|p2b: Rillaboom|45/100\n|move|p1a: Iron Hands|Heavy Slam|p2b: Rillaboom\n|-damage|p2b: Rillaboom|20/100\n|move|p2a: Calyrex|Glacial Lance|p1a: Iron Hands|[spread] p1a,p1b\n|-damage|p1a: Iron Hands|60/100\n|-damage|p1b: Miraidon|44/100\n|\n|-weather|SunnyDay|[upkeep]\n|-heal|p1b: Miraidon|50/100|[from] Grassy Terrain\n|-heal|p2b: Rillaboom|26/100|[from] Grassy Terrain\n|-heal|p1a: Iron Hands|66/100|[from] Grassy Terrain\n|-heal|p2a: Calyrex|77/100|[from] Grassy Terrain\n|-heal|p2a: Calyrex|83/100|[from] item: Leftovers\n|-damage|p1a: Iron Hands|54/100|[from] Leech Seed|[of] p2a: Calyrex\n|-heal|p2a: Calyrex|96/100|[silent]\n|upkeep\n|turn|5\n|inactive|fogdocker has 30 seconds left.\n|inactive|fogdocker has 20 seconds left.\n|inactive|fogdocker has 15 seconds left.\n|inactive|fogdocker has 10 seconds left.\n|\n|t:|1773240042\n|move|p2b: Rillaboom|Fake Out|p1a: Iron Hands\n|-damage|p1a: Iron Hands|46/100\n|move|p1b: Miraidon|Dazzling Gleam|p2b: Rillaboom|[spread] p2a,p2b\n|-damage|p2a: Calyrex|70/100\n|-damage|p2b: Rillaboom|0 fnt\n|faint|p2b: Rillaboom\n|cant|p1a: Iron Hands|flinch\n|move|p2a: Calyrex|Glacial Lance|p1b: Miraidon|[spread] p1a,p1b\n|-damage|p1a: Iron Hands|14/100\n|-damage|p1b: Miraidon|3/100\n|\n|-weather|none\n|-heal|p1b: Miraidon|9/100|[from] Grassy Terrain\n|-heal|p1a: Iron Hands|21/100|[from] Grassy Terrain\n|-heal|p2a: Calyrex|75/100|[from] Grassy Terrain\n|-heal|p2a: Calyrex|81/100|[from] item: Leftovers\n|-damage|p1a: Iron Hands|8/100|[from] Leech Seed|[of] p2a: Calyrex\n|-heal|p2a: Calyrex|95/100|[silent]\n|upkeep\n|\n|t:|1773240061\n|switch|p2b: Koraidon|Koraidon, L50|100/100\n|-weather|SunnyDay|[from] ability: Orichalcum Pulse|[of] p2b: Koraidon\n|-activate|p2b: Koraidon|Orichalcum Pulse|[source]\n|turn|6\n|\n|t:|1773240081\n|move|p2b: Koraidon|Protect|p2b: Koraidon\n|-singleturn|p2b: Koraidon|Protect\n|move|p1b: Miraidon|Dazzling Gleam|p2a: Calyrex|[spread] p2a\n|-activate|p2b: Koraidon|move: Protect\n|-damage|p2a: Calyrex|67/100\n|move|p1a: Iron Hands|Drain Punch|p2b: Koraidon\n|-activate|p2b: Koraidon|move: Protect\n|move|p2a: Calyrex|Trick Room|p2a: Calyrex\n|-fieldstart|move: Trick Room|[of] p2a: Calyrex\n|\n|-weather|SunnyDay|[upkeep]\n|-heal|p2a: Calyrex|72/100|[from] Grassy Terrain\n|-heal|p2a: Calyrex|78/100|[from] item: Leftovers\n|-heal|p1a: Iron Hands|14/100|[from] Grassy Terrain\n|-heal|p1b: Miraidon|15/100|[from] Grassy Terrain\n|-damage|p1a: Iron Hands|2/100|[from] Leech Seed|[of] p2a: Calyrex\n|-heal|p2a: Calyrex|92/100|[silent]\n|upkeep\n|turn|7\n|\n|t:|1773240102\n|move|p2a: Calyrex|Glacial Lance|p1a: Iron Hands|[spread] p1a,p1b\n|-damage|p1a: Iron Hands|0 fnt\n|-damage|p1b: Miraidon|0 fnt\n|faint|p1a: Iron Hands\n|-end|p1a: Iron Hands|Quark Drive|[silent]\n|faint|p1b: Miraidon\n|-ability|p2a: Calyrex|Chilling Neigh|boost\n|-boost|p2a: Calyrex|atk|2\n|move|p2b: Koraidon|Flare Blitz|p1: Iron Hands|[notarget]\n|-fail|p2b: Koraidon\n|\n|-weather|SunnyDay|[upkeep]\n|-heal|p2a: Calyrex|98/100|[from] Grassy Terrain\n|-heal|p2a: Calyrex|100/100|[from] item: Leftovers\n|upkeep\n|\n|t:|1773240106\n|switch|p1a: Zacian|Zacian-Crowned, L50|90/100\n|switch|p1b: Whimsicott|Whimsicott, L50, F|7/100\n|turn|8\n|-message|Finoss1x forfeited.\n|\n|win|fogdocker\n|raw|Finoss1x's rating: 1282 &rarr; <strong>1267</strong><br />(-15 for losing)\n|raw|fogdocker's rating: 1426 &rarr; <strong>1438</strong><br />(+12 for winning)\n|l|\u2606Finoss1x\n|player|p1|\n","uploadtime":1773240111,"views":10,"formatid":"gen9vgc2026regi","rating":1267,"private":0,"password":null}