{"id":"gen9vgc2026regi-2575210245","format":"[Gen 9] VGC 2026 Reg I","players":["asouleoe","invertedf"],"log":"|j|\u2606asouleoe\n|j|\u2606invertedf\n|t:|1775329334\n|gametype|doubles\n|player|p1|asouleoe|blue|1488\n|player|p2|invertedf|caitlin|1513\n|gen|9\n|tier|[Gen 9] VGC 2026 Reg I\n|rated|\n|rule|Species Clause: Limit one of each Pok\u00e9mon\n|rule|Item Clause: Limit 1 of each item\n|clearpoke\n|poke|p1|Hitmontop, L50, M|\n|poke|p1|Terapagos, L50, M|\n|poke|p1|Calyrex-Shadow, L50|\n|poke|p1|Ogerpon-Cornerstone, L50, F|\n|poke|p1|Whimsicott, L50, M|\n|poke|p1|Indeedee-F, L50, F|\n|poke|p2|Koraidon, L50|\n|poke|p2|Weezing-Galar, L50, M|\n|poke|p2|Wo-Chien, L50|\n|poke|p2|Calyrex-Shadow, L50|\n|poke|p2|Incineroar, L50, M|\n|poke|p2|Tornadus, L50, M|\n|teampreview|4\n|inactive|Battle timer is ON: inactive players will automatically lose when time's up. (requested by invertedf)\n|inactive|asouleoe also wants the timer to be on.\n|inactive|invertedf has 60 seconds left.\n|inactive|invertedf has 30 seconds left.\n|\n|t:|1775329396\n|teamsize|p1|4\n|teamsize|p2|4\n|start\n|switch|p1a: Hitmontop|Hitmontop, L50, M|100/100\n|switch|p1b: Terapagos|Terapagos, L50, M|100/100\n|switch|p2a: Weezing|Weezing-Galar, L50, M|100/100\n|switch|p2b: Koraidon|Koraidon, L50|100/100\n|-activate|p1b: Terapagos|ability: Tera Shift\n|detailschange|p1b: Terapagos|Terapagos-Terastal, L50, M\n|-heal|p1b: Terapagos|100/100|[silent]\n|-ability|p2a: Weezing|Neutralizing Gas\n|-block|p2b: Koraidon|item: Ability Shield\n|-weather|SunnyDay|[from] ability: Orichalcum Pulse|[of] p2b: Koraidon\n|-activate|p2b: Koraidon|Orichalcum Pulse|[source]\n|turn|1\n|\n|t:|1775329414\n|move|p2b: Koraidon|Protect|p2b: Koraidon\n|-singleturn|p2b: Koraidon|Protect\n|move|p1a: Hitmontop|Fake Out|p2b: Koraidon\n|-activate|p2b: Koraidon|move: Protect\n|move|p1b: Terapagos|Rock Polish|p1b: Terapagos\n|-boost|p1b: Terapagos|spe|2\n|move|p2a: Weezing|Taunt|p1b: Terapagos\n|-start|p1b: Terapagos|move: Taunt\n|\n|-weather|SunnyDay|[upkeep]\n|upkeep\n|turn|2\n|\n|t:|1775329428\n|-terastallize|p1b: Terapagos|Stellar\n|detailschange|p1b: Terapagos|Terapagos-Stellar, L50, M, tera:Stellar\n|-heal|p1b: Terapagos|100/100|[silent]\n|move|p1a: Hitmontop|Vacuum Wave|p1b: Terapagos\n|-supereffective|p1b: Terapagos\n|-damage|p1b: Terapagos|95/100\n|-enditem|p1b: Terapagos|Weakness Policy\n|-boost|p1b: Terapagos|atk|2|[from] item: Weakness Policy\n|-boost|p1b: Terapagos|spa|2|[from] item: Weakness Policy\n|move|p1b: Terapagos|Tera Starstorm|p2a: Weezing|[spread] p2a,p2b\n|-damage|p2a: Weezing|16/100\n|-damage|p2b: Koraidon|30/100\n|-enditem|p2a: Weezing|Sitrus Berry|[eat]\n|-heal|p2a: Weezing|41/100|[from] item: Sitrus Berry\n|move|p2b: Koraidon|Collision Course|p1b: Terapagos\n|-supereffective|p1b: Terapagos\n|-damage|p1b: Terapagos|0 fnt\n|faint|p1b: Terapagos\n|detailschange|p1: Terapagos|Terapagos, L50, M|[silent]\n|move|p2a: Weezing|Taunt|p1a: Hitmontop\n|-start|p1a: Hitmontop|move: Taunt\n|\n|-weather|SunnyDay|[upkeep]\n|upkeep\n|\n|t:|1775329450\n|switch|p1b: Calyrex|Calyrex-Shadow, L50|100/100\n|-ability|p1b: Calyrex|As One\n|-ability|p1b: Calyrex|Unnerve\n|turn|3\n|\n|t:|1775329463\n|switch|p1a: Whimsicott|Whimsicott, L50, M|100/100\n|move|p2b: Koraidon|Protect|p2b: Koraidon\n|-singleturn|p2b: Koraidon|Protect\n|move|p1b: Calyrex|Astral Barrage|p2b: Koraidon|[spread] p2a\n|-activate|p2b: Koraidon|move: Protect\n|-damage|p2a: Weezing|0 fnt\n|faint|p2a: Weezing\n|-end|p2a: Weezing|ability: Neutralizing Gas\n|-ability|p1b: Calyrex|Grim Neigh|boost\n|-boost|p1b: Calyrex|spa|1\n|\n|-weather|SunnyDay|[upkeep]\n|upkeep\n|\n|t:|1775329467\n|switch|p2a: Tornadus|Tornadus, L50, M|100/100\n|turn|4\n|\n|t:|1775329482\n|move|p1a: Whimsicott|Tailwind|p1a: Whimsicott\n|-sidestart|p1: asouleoe|move: Tailwind\n|move|p2a: Tornadus|Tailwind|p2a: Tornadus\n|-sidestart|p2: invertedf|move: Tailwind\n|move|p1b: Calyrex|Astral Barrage|p2a: Tornadus|[spread] p2a,p2b\n|-damage|p2a: Tornadus|0 fnt\n|-damage|p2b: Koraidon|0 fnt\n|faint|p2a: Tornadus\n|faint|p2b: Koraidon\n|-ability|p1b: Calyrex|Grim Neigh|boost\n|-boost|p1b: Calyrex|spa|2\n|\n|-weather|SunnyDay|[upkeep]\n|upkeep\n|\n|t:|1775329485\n|switch|p2b: Calyrex|Calyrex-Shadow, L50|100/100\n|-ability|p2b: Calyrex|As One\n|-ability|p2b: Calyrex|Unnerve\n|turn|5\n|\n|t:|1775329502\n|-terastallize|p2b: Calyrex|Normal\n|move|p1a: Whimsicott|Protect|p1a: Whimsicott\n|-singleturn|p1a: Whimsicott|Protect\n|move|p1b: Calyrex|Protect|p1b: Calyrex\n|-singleturn|p1b: Calyrex|Protect\n|move|p2b: Calyrex|Astral Barrage|p1b: Calyrex|[spread] \n|-activate|p1a: Whimsicott|move: Protect\n|-activate|p1b: Calyrex|move: Protect\n|\n|-weather|none\n|upkeep\n|turn|6\n|\n|t:|1775329518\n|move|p1b: Calyrex|Psychic|p2b: Calyrex\n|-damage|p2b: Calyrex|20/100\n|move|p2b: Calyrex|Astral Barrage|p1b: Calyrex|[spread] p1a,p1b\n|-supereffective|p1b: Calyrex\n|-damage|p1a: Whimsicott|23/100\n|-enditem|p1b: Calyrex|Focus Sash\n|-damage|p1b: Calyrex|1/100\n|move|p1a: Whimsicott|Moonblast|p2b: Calyrex\n|-damage|p2b: Calyrex|4/100\n|-unboost|p2b: Calyrex|spa|1\n|\n|upkeep\n|turn|7\n|\n|t:|1775329535\n|move|p1b: Calyrex|Protect|p1b: Calyrex\n|-singleturn|p1b: Calyrex|Protect\n|move|p2b: Calyrex|Astral Barrage|p1a: Whimsicott|[spread] p1a\n|-activate|p1b: Calyrex|move: Protect\n|-crit|p1a: Whimsicott\n|-damage|p1a: Whimsicott|0 fnt\n|faint|p1a: Whimsicott\n|-ability|p2b: Calyrex|Grim Neigh|boost\n|-boost|p2b: Calyrex|spa|1\n|\n|-sideend|p1: asouleoe|move: Tailwind\n|-sideend|p2: invertedf|move: Tailwind\n|upkeep\n|\n|t:|1775329547\n|switch|p1a: Hitmontop|Hitmontop, L50, M|100/100\n|-ability|p1a: Hitmontop|Intimidate|boost\n|-unboost|p2b: Calyrex|atk|1\n|turn|8\n|\n|t:|1775329554\n|move|p1a: Hitmontop|Fake Out|p2b: Calyrex\n|-damage|p2b: Calyrex|0 fnt\n|faint|p2b: Calyrex\n|\n|win|asouleoe\n|raw|asouleoe's rating: 1488 &rarr; <strong>1509</strong><br />(+21 for winning)\n|raw|invertedf's rating: 1513 &rarr; <strong>1492</strong><br />(-21 for losing)\n|l|\u2606invertedf\n|player|p2|\n","uploadtime":1775329570,"views":14,"formatid":"gen9vgc2026regi","rating":1492,"private":0,"password":null}