{"id":"gen9vgc2026regi-2586837474","format":"[Gen 9] VGC 2026 Reg I","players":["Lil Tic","krabybbybyb787"],"log":"|j|\u2606Lil Tic\n|j|\u2606krabybbybyb787\n|t:|1776464082\n|gametype|doubles\n|player|p1|Lil Tic|101|1406\n|player|p2|krabybbybyb787|chuck|1459\n|gen|9\n|tier|[Gen 9] VGC 2026 Reg I\n|rated|\n|rule|Species Clause: Limit one of each Pok\u00e9mon\n|rule|Item Clause: Limit 1 of each item\n|clearpoke\n|poke|p1|Koraidon, L50|\n|poke|p1|Flutter Mane, L50|\n|poke|p1|Ho-Oh, L50|\n|poke|p1|Incineroar, L50, F|\n|poke|p1|Amoonguss, L50, F|\n|poke|p1|Ting-Lu, L50|\n|poke|p2|Calyrex-Ice, L50|\n|poke|p2|Miraidon, L50|\n|poke|p2|Farigiraf, L50, M|\n|poke|p2|Incineroar, L50, M|\n|poke|p2|Iron Hands, L50|\n|poke|p2|Annihilape, L50, M|\n|teampreview|4\n|inactive|Battle timer is ON: inactive players will automatically lose when time's up. (requested by krabybbybyb787)\nkrabybbybyb787 has agreed to open team sheets.\n|inactive|Lil Tic has 60 seconds left.\n|inactive|krabybbybyb787 has 60 seconds left.\n|\n|t:|1776464127\n|teamsize|p1|4\n|teamsize|p2|4\n|start\n|switch|p1a: Ho-Oh|Ho-Oh, L50|100/100\n|switch|p1b: Koraidon|Koraidon, L50|100/100\n|switch|p2a: Incineroar|Incineroar, L50, M|100/100\n|switch|p2b: Farigiraf|Farigiraf, L50, M|100/100\n|-weather|SunnyDay|[from] ability: Orichalcum Pulse|[of] p1b: Koraidon\n|-activate|p1b: Koraidon|Orichalcum Pulse|[source]\n|-ability|p2a: Incineroar|Intimidate|boost\n|-fail|p1a: Ho-Oh|unboost|[from] item: Clear Amulet|[of] p1a: Ho-Oh\n|-unboost|p1b: Koraidon|atk|1\n|turn|1\n|\n|t:|1776464152\n|move|p2a: Incineroar|Fake Out|p1b: Koraidon\n|-damage|p1b: Koraidon|90/100\n|cant|p1b: Koraidon|flinch\n|move|p1a: Ho-Oh|Sacred Fire|p2b: Farigiraf\n|-damage|p2b: Farigiraf|37/100\n|-status|p2b: Farigiraf|brn\n|move|p2b: Farigiraf|Trick Room|p2b: Farigiraf\n|-fieldstart|move: Trick Room|[of] p2b: Farigiraf\n|\n|-weather|SunnyDay|[upkeep]\n|-damage|p2b: Farigiraf|30/100 brn|[from] brn\n|upkeep\n|turn|2\n|\n|t:|1776464171\n|move|p1a: Ho-Oh|Protect|p1a: Ho-Oh\n|-singleturn|p1a: Ho-Oh|Protect\n|move|p1b: Koraidon|Protect|p1b: Koraidon\n|-singleturn|p1b: Koraidon|Protect\n|move|p2b: Farigiraf|Psychic Noise|p1a: Ho-Oh\n|-activate|p1a: Ho-Oh|move: Protect\n|move|p2a: Incineroar|Will-O-Wisp|p1b: Koraidon\n|-activate|p1b: Koraidon|move: Protect\n|\n|-weather|SunnyDay|[upkeep]\n|-damage|p2b: Farigiraf|24/100 brn|[from] brn\n|upkeep\n|turn|3\n|inactive|krabybbybyb787 has 30 seconds left.\n|\n|t:|1776464199\n|switch|p2a: Calyrex|Calyrex-Ice, L50|100/100\n|-ability|p2a: Calyrex|As One\n|-ability|p2a: Calyrex|Unnerve\n|switch|p1b: Incineroar|Incineroar, L50, F|100/100\n|-ability|p1b: Incineroar|Intimidate|boost\n|-fail|p2a: Calyrex|unboost|[from] item: Clear Amulet|[of] p2a: Calyrex\n|-unboost|p2b: Farigiraf|atk|1\n|move|p1a: Ho-Oh|Sacred Fire|p2b: Farigiraf\n|-damage|p2b: Farigiraf|0 fnt\n|faint|p2b: Farigiraf\n|\n|-weather|SunnyDay|[upkeep]\n|upkeep\n|\n|t:|1776464212\n|switch|p2b: Incineroar|Incineroar, L50, M|100/100\n|-ability|p2b: Incineroar|Intimidate|boost\n|-fail|p1a: Ho-Oh|unboost|[from] item: Clear Amulet|[of] p1a: Ho-Oh\n|-unboost|p1b: Incineroar|atk|1\n|turn|4\n|\n|t:|1776464234\n|-terastallize|p2a: Calyrex|Fire\n|move|p2b: Incineroar|Fake Out|p1a: Ho-Oh\n|-damage|p1a: Ho-Oh|90/100\n|move|p2a: Calyrex|Glacial Lance|p1b: Incineroar|[spread] p1a,p1b\n|-resisted|p1b: Incineroar\n|-damage|p1a: Ho-Oh|35/100\n|-damage|p1b: Incineroar|73/100\n|move|p1b: Incineroar|Knock Off|p2a: Calyrex\n|-damage|p2a: Calyrex|80/100\n|-enditem|p2a: Calyrex|Clear Amulet|[from] move: Knock Off|[of] p1b: Incineroar\n|cant|p1a: Ho-Oh|flinch\n|\n|-weather|SunnyDay|[upkeep]\n|upkeep\n|turn|5\n|inactive|Lil Tic has 30 seconds left.\n|inactive|Lil Tic has 20 seconds left.\n|\n|t:|1776464269\n|move|p1a: Ho-Oh|Protect|p1a: Ho-Oh\n|-singleturn|p1a: Ho-Oh|Protect\n|move|p2a: Calyrex|High Horsepower|p1b: Incineroar\n|-supereffective|p1b: Incineroar\n|-damage|p1b: Incineroar|0 fnt\n|faint|p1b: Incineroar\n|-ability|p2a: Calyrex|Chilling Neigh|boost\n|-boost|p2a: Calyrex|atk|1\n|move|p2b: Incineroar|Knock Off|p1a: Ho-Oh\n|-activate|p1a: Ho-Oh|move: Protect\n|\n|-weather|none\n|-fieldend|move: Trick Room\n|upkeep\n|\n|t:|1776464281\n|switch|p1b: Koraidon|Koraidon, L50|90/100\n|-weather|SunnyDay|[from] ability: Orichalcum Pulse|[of] p1b: Koraidon\n|-activate|p1b: Koraidon|Orichalcum Pulse|[source]\n|turn|6\n|inactive|krabybbybyb787 has 30 seconds left.\n|\n|t:|1776464329\n|-terastallize|p1b: Koraidon|Fire\n|move|p1b: Koraidon|Collision Course|p2a: Calyrex\n|-damage|p2a: Calyrex|15/100\n|-damage|p1b: Koraidon|80/100|[from] item: Life Orb\n|move|p1a: Ho-Oh|Brave Bird|p2a: Calyrex\n|-damage|p2a: Calyrex|0 fnt\n|faint|p2a: Calyrex\n|-damage|p1a: Ho-Oh|31/100|[from] Recoil\n|move|p2b: Incineroar|Parting Shot|p1b: Koraidon\n|-unboost|p1b: Koraidon|atk|1\n|-unboost|p1b: Koraidon|spa|1\n|\n|t:|1776464340\n|switch|p2b: Miraidon|Miraidon, L50|100/100|[from] Parting Shot\n|-fieldstart|move: Electric Terrain|[from] ability: Hadron Engine|[of] p2b: Miraidon\n|\n|-weather|SunnyDay|[upkeep]\n|upkeep\n|\n|t:|1776464341\n|switch|p2a: Incineroar|Incineroar, L50, M|100/100\n|-ability|p2a: Incineroar|Intimidate|boost\n|-fail|p1a: Ho-Oh|unboost|[from] item: Clear Amulet|[of] p1a: Ho-Oh\n|-unboost|p1b: Koraidon|atk|1\n|turn|7\n|inactive|Lil Tic has 30 seconds left.\n|\n|t:|1776464372\n|move|p1b: Koraidon|Protect|p1b: Koraidon\n|-singleturn|p1b: Koraidon|Protect\n|move|p1a: Ho-Oh|Protect|p1a: Ho-Oh\n|-singleturn|p1a: Ho-Oh|Protect\n|move|p2b: Miraidon|Electro Drift|p1b: Koraidon\n|-activate|p1b: Koraidon|move: Protect\n|move|p2a: Incineroar|Knock Off|p1b: Koraidon\n|-activate|p1b: Koraidon|move: Protect\n|\n|-weather|SunnyDay|[upkeep]\n|upkeep\n|turn|8\n|inactive|krabybbybyb787 has 30 seconds left.\n|\n|t:|1776464400\n|switch|p1b: Ting-Lu|Ting-Lu, L50|100/100\n|-ability|p1b: Ting-Lu|Vessel of Ruin\n|move|p2b: Miraidon|Electro Drift|p1b: Ting-Lu\n|-immune|p1b: Ting-Lu\n|move|p1a: Ho-Oh|Brave Bird|p2a: Incineroar\n|-damage|p2a: Incineroar|50/100\n|-damage|p1a: Ho-Oh|14/100|[from] item: Rocky Helmet|[of] p2a: Incineroar\n|-damage|p1a: Ho-Oh|0 fnt|[from] Recoil\n|faint|p1a: Ho-Oh\n|move|p2a: Incineroar|Knock Off|p1b: Ting-Lu\n|-resisted|p1b: Ting-Lu\n|-damage|p1b: Ting-Lu|92/100\n|-enditem|p1b: Ting-Lu|Leftovers|[from] move: Knock Off|[of] p2a: Incineroar\n|\n|-weather|SunnyDay|[upkeep]\n|upkeep\n|\n|t:|1776464424\n|switch|p1a: Koraidon|Koraidon, L50, tera:Fire|80/100\n|-activate|p1a: Koraidon|ability: Orichalcum Pulse\n|turn|9\n|\n|t:|1776464442\n|move|p1a: Koraidon|Dragon Claw|p2b: Miraidon\n|-supereffective|p2b: Miraidon\n|-damage|p2b: Miraidon|0 fnt\n|faint|p2b: Miraidon\n|-damage|p1a: Koraidon|71/100|[from] item: Life Orb\n|move|p2a: Incineroar|Will-O-Wisp|p1b: Ting-Lu\n|-status|p1b: Ting-Lu|brn\n|move|p1b: Ting-Lu|Stomping Tantrum|p2a: Incineroar\n|-supereffective|p2a: Incineroar\n|-damage|p2a: Incineroar|27/100\n|-damage|p1b: Ting-Lu|75/100 brn|[from] item: Rocky Helmet|[of] p2a: Incineroar\n|\n|-weather|SunnyDay|[upkeep]\n|-damage|p1b: Ting-Lu|69/100 brn|[from] brn\n|upkeep\n|turn|10\n|\n|t:|1776464456\n|move|p1a: Koraidon|Collision Course|p2a: Incineroar\n|-supereffective|p2a: Incineroar\n|-damage|p2a: Incineroar|0 fnt\n|-damage|p1a: Koraidon|54/100|[from] item: Rocky Helmet|[of] p2a: Incineroar\n|faint|p2a: Incineroar\n|-damage|p1a: Koraidon|44/100|[from] item: Life Orb\n|\n|win|Lil Tic\n|raw|Lil Tic's rating: 1406 &rarr; <strong>1429</strong><br />(+23 for winning)\n|raw|krabybbybyb787's rating: 1459 &rarr; <strong>1436</strong><br />(-23 for losing)\n|l|\u2606krabybbybyb787\n|player|p2|\n|l|\u2606Lil Tic\n|player|p1|\n","uploadtime":1776464716,"views":8,"formatid":"gen9vgc2026regi","rating":1429,"private":0,"password":null}