{"id":"gen9vgc2026regi-2573083200","format":"[Gen 9] VGC 2026 Reg I","players":["alexit93","Rypassed 2"],"log":"|j|\u2606alexit93\n|j|\u2606Rypassed 2\n|t:|1775088941\n|gametype|doubles\n|player|p1|alexit93|lucas-gen4pt|1356\n|player|p2|Rypassed 2|drayton|1325\n|gen|9\n|tier|[Gen 9] VGC 2026 Reg I\n|rated|\n|rule|Species Clause: Limit one of each Pok\u00e9mon\n|rule|Item Clause: Limit 1 of each item\n|clearpoke\n|poke|p1|Zamazenta-*, L50|\n|poke|p1|Chien-Pao, L50|\n|poke|p1|Calyrex-Shadow, L50|\n|poke|p1|Whimsicott, L50, M|\n|poke|p1|Rillaboom, L50, F|\n|poke|p1|Urshifu-*, L50, F|\n|poke|p2|Calyrex-Shadow, L50|\n|poke|p2|Koraidon, L50|\n|poke|p2|Whimsicott, L50, F|\n|poke|p2|Indeedee-F, L50, F|\n|poke|p2|Incineroar, L50, M|\n|poke|p2|Flutter Mane, L50|\n|teampreview|4\n|inactive|Battle timer is ON: inactive players will automatically lose when time's up. (requested by Rypassed 2)\n|inactive|alexit93 has 60 seconds left.\n|\n|t:|1775088986\n|teamsize|p1|4\n|teamsize|p2|4\n|start\n|switch|p1a: Calyrex|Calyrex-Shadow, L50|100/100\n|switch|p1b: Whimsicott|Whimsicott, L50, M|100/100\n|switch|p2a: Cotton Ball|Whimsicott, L50, F|100/100\n|switch|p2b: Toothless|Koraidon, L50|100/100\n|-ability|p1a: Calyrex|As One\n|-ability|p1a: Calyrex|Unnerve\n|-weather|SunnyDay|[from] ability: Orichalcum Pulse|[of] p2b: Toothless\n|-activate|p2b: Toothless|Orichalcum Pulse|[source]\n|turn|1\n|\n|t:|1775088994\n|-terastallize|p2b: Toothless|Fire\n|move|p1a: Calyrex|Protect|p1a: Calyrex\n|-singleturn|p1a: Calyrex|Protect\n|move|p1b: Whimsicott|Tailwind|p1b: Whimsicott\n|-sidestart|p1: alexit93|move: Tailwind\n|move|p2a: Cotton Ball|Tailwind|p2a: Cotton Ball\n|-sidestart|p2: Rypassed 2|move: Tailwind\n|move|p2b: Toothless|Flame Charge|p1a: Calyrex\n|-activate|p1a: Calyrex|move: Protect\n|\n|-weather|SunnyDay|[upkeep]\n|upkeep\n|turn|2\n|\n|t:|1775089008\n|-terastallize|p1a: Calyrex|Dark\n|move|p1b: Whimsicott|Encore|p2b: Toothless\n|-start|p2b: Toothless|Encore\n|move|p2a: Cotton Ball|Encore|p1a: Calyrex\n|-hint|Since gen 7, Dark is immune to Prankster moves.\n|-immune|p1a: Calyrex\n|move|p1a: Calyrex|Astral Barrage|p2b: Toothless|[spread] p2a,p2b\n|-damage|p2a: Cotton Ball|28/100\n|-damage|p2b: Toothless|41/100\n|move|p2b: Toothless|Flame Charge|p1a: Calyrex\n|-enditem|p1a: Calyrex|Focus Sash\n|-damage|p1a: Calyrex|1/100\n|-boost|p2b: Toothless|spe|1\n|-damage|p2b: Toothless|31/100|[from] item: Life Orb\n|\n|-weather|SunnyDay|[upkeep]\n|upkeep\n|turn|3\n|\n|t:|1775089024\n|switch|p2a: 8 year old girl|Indeedee-F, L50, F|100/100\n|-fieldstart|move: Psychic Terrain|[from] ability: Psychic Surge|[of] p2a: 8 year old girl\n|move|p1a: Calyrex|Protect|p1a: Calyrex\n|-singleturn|p1a: Calyrex|Protect\n|move|p2b: Toothless|Flame Charge|p1b: Whimsicott\n|-supereffective|p1b: Whimsicott\n|-damage|p1b: Whimsicott|0 fnt\n|-boost|p2b: Toothless|spe|1\n|faint|p1b: Whimsicott\n|-damage|p2b: Toothless|22/100|[from] item: Life Orb\n|\n|-weather|SunnyDay|[upkeep]\n|upkeep\n|\n|t:|1775089036\n|switch|p1b: Zamazenta|Zamazenta-Crowned, L50, shiny|100/100\n|-ability|p1b: Zamazenta|Dauntless Shield|boost\n|-boost|p1b: Zamazenta|def|1\n|turn|4\n|\n|t:|1775089057\n|move|p2a: 8 year old girl|Follow Me|p2a: 8 year old girl\n|-singleturn|p2a: 8 year old girl|move: Follow Me\n|move|p2b: Toothless|Flame Charge|p1a: Calyrex\n|-damage|p1a: Calyrex|0 fnt\n|-boost|p2b: Toothless|spe|1\n|faint|p1a: Calyrex\n|-damage|p2b: Toothless|12/100|[from] item: Life Orb\n|move|p1b: Zamazenta|Body Press|p2a: 8 year old girl\n|-damage|p2a: 8 year old girl|30/100\n|\n|-weather|SunnyDay|[upkeep]\n|-end|p2b: Toothless|Encore\n|-sideend|p2: Rypassed 2|move: Tailwind\n|-sideend|p1: alexit93|move: Tailwind\n|upkeep\n|\n|t:|1775089061\n|switch|p1a: Urshifu|Urshifu-Rapid-Strike, L50, F|100/100\n|turn|5\n|\n|t:|1775089076\n|move|p2a: 8 year old girl|Helping Hand|p2b: Toothless\n|-singleturn|p2b: Toothless|Helping Hand|[of] p2a: 8 year old girl\n|move|p2b: Toothless|Flare Blitz|p1b: Zamazenta\n|-supereffective|p1b: Zamazenta\n|-damage|p1b: Zamazenta|0 fnt\n|faint|p1b: Zamazenta\n|-damage|p2b: Toothless|0 fnt|[from] Recoil\n|faint|p2b: Toothless\n|move|p1a: Urshifu|Surging Strikes|p2a: 8 year old girl\n|-crit|p2a: 8 year old girl\n|-damage|p2a: 8 year old girl|21/100\n|-crit|p2a: 8 year old girl\n|-damage|p2a: 8 year old girl|13/100\n|-crit|p2a: 8 year old girl\n|-damage|p2a: 8 year old girl|3/100\n|-hitcount|p2a: 8 year old girl|3\n|\n|-weather|none\n|upkeep\n|-message|alexit93 forfeited.\n|\n|win|Rypassed 2\n|raw|alexit93's rating: 1356 &rarr; <strong>1334</strong><br />(-22 for losing)\n|raw|Rypassed 2's rating: 1325 &rarr; <strong>1347</strong><br />(+22 for winning)\n|l|\u2606alexit93\n|player|p1|\n|l|\u2606Rypassed 2\n|player|p2|\n","uploadtime":1775089268,"views":10,"formatid":"gen9vgc2026regi","rating":1334,"private":0,"password":null}