{"id":"gen9vgc2026regi-2578127819","format":"[Gen 9] VGC 2026 Reg I","players":["24kpure","draco azm"],"log":"|j|\u260624kpure\n|j|\u2606draco azm\n|t:|1775651409\n|gametype|doubles\n|player|p1|24kpure|101|1284\n|player|p2|draco azm|cynthia|1219\n|gen|9\n|tier|[Gen 9] VGC 2026 Reg I\n|rated|\n|rule|Species Clause: Limit one of each Pok\u00e9mon\n|rule|Item Clause: Limit 1 of each item\n|clearpoke\n|poke|p1|Muk-Alola, L50, M|\n|poke|p1|Smeargle, L50, F|\n|poke|p1|Rillaboom, L50, M|\n|poke|p1|Flamigo, L50, M|\n|poke|p1|Koraidon, L50|\n|poke|p1|Incineroar, L50, M|\n|poke|p2|Calyrex-Shadow, L50|\n|poke|p2|Tornadus, L50, M|\n|poke|p2|Annihilape, L50, M|\n|poke|p2|Incineroar, L50, M|\n|poke|p2|Zamazenta-*, L50|\n|poke|p2|Iron Moth, L50|\n|teampreview|4\n|inactive|Battle timer is ON: inactive players will automatically lose when time's up. (requested by 24kpure)\n|inactive|draco azm has 60 seconds left.\n|\n|t:|1775651451\n|teamsize|p1|4\n|teamsize|p2|4\n|start\n|switch|p1a: Muk|Muk-Alola, L50, M|100/100\n|switch|p1b: Smeargle|Smeargle, L50, F|100/100\n|switch|p2a: Annihilape|Annihilape, L50, M|100/100\n|switch|p2b: Calyrex|Calyrex-Shadow, L50|100/100\n|-ability|p2b: Calyrex|As One\n|-ability|p2b: Calyrex|Unnerve\n|turn|1\n|inactive|draco azm has 30 seconds left.\n|\n|t:|1775651485\n|move|p1b: Smeargle|Follow Me|p1b: Smeargle\n|-singleturn|p1b: Smeargle|move: Follow Me\n|move|p2a: Annihilape|Throat Chop|p1b: Smeargle\n|-damage|p1b: Smeargle|35/100\n|-start|p1b: Smeargle|Throat Chop|[silent]\n|move|p2b: Calyrex|Psychic|p1b: Smeargle\n|-damage|p1b: Smeargle|0 fnt\n|faint|p1b: Smeargle\n|-ability|p1a: Muk|Moody|Power of Alchemy|[from] ability: Power of Alchemy|[of] p1b: Smeargle\n|-ability|p2b: Calyrex|Grim Neigh|boost\n|-boost|p2b: Calyrex|spa|1\n|move|p1a: Muk|Minimize|p1a: Muk\n|-boost|p1a: Muk|evasion|2\n|\n|-ability|p1a: Muk|Moody|boost\n|-boost|p1a: Muk|spd|2\n|-unboost|p1a: Muk|spe|1\n|upkeep\n|\n|t:|1775651505\n|switch|p1b: Flamigo|Flamigo, L50, M|100/100\n|-copyboost|p1b: Flamigo|p1a: Muk|[from] ability: Costar\n|turn|2\n|\n|t:|1775651517\n|move|p1b: Flamigo|Protect|p1b: Flamigo\n|-singleturn|p1b: Flamigo|Protect\n|move|p2a: Annihilape|Throat Chop|p1b: Flamigo\n|-activate|p1b: Flamigo|move: Protect\n|move|p2b: Calyrex|Astral Barrage|p1a: Muk|[spread] p1a\n|-activate|p1b: Flamigo|move: Protect\n|-resisted|p1a: Muk\n|-damage|p1a: Muk|84/100\n|move|p1a: Muk|Minimize|p1a: Muk\n|-boost|p1a: Muk|evasion|2\n|\n|-heal|p1a: Muk|90/100|[from] item: Leftovers\n|-ability|p1a: Muk|Moody|boost\n|-boost|p1a: Muk|def|2\n|-unboost|p1a: Muk|spe|1\n|upkeep\n|turn|3\n|\n|t:|1775651534\n|switch|p1b: Incineroar|Incineroar, L50, M|100/100\n|-ability|p1b: Incineroar|Intimidate|boost\n|-unboost|p2a: Annihilape|atk|1\n|-ability|p2a: Annihilape|Defiant|boost\n|-boost|p2a: Annihilape|atk|2\n|-unboost|p2b: Calyrex|atk|1\n|move|p2a: Annihilape|Throat Chop|p1a: Muk\n|-resisted|p1a: Muk\n|-damage|p1a: Muk|83/100\n|-start|p1a: Muk|Throat Chop|[silent]\n|move|p2b: Calyrex|Astral Barrage|p1a: Muk|[spread] p1b\n|-miss|p2b: Calyrex|p1a: Muk\n|-resisted|p1b: Incineroar\n|-damage|p1b: Incineroar|72/100\n|move|p1a: Muk|Minimize|p1a: Muk\n|-boost|p1a: Muk|evasion|2\n|\n|-heal|p1a: Muk|89/100|[from] item: Leftovers\n|-ability|p1a: Muk|Moody|boost\n|-boost|p1a: Muk|atk|2\n|-unboost|p1a: Muk|spe|1\n|upkeep\n|turn|4\n|\n|t:|1775651550\n|switch|p2a: Zamazenta|Zamazenta-Crowned, L50|100/100\n|-ability|p2a: Zamazenta|Dauntless Shield|boost\n|-boost|p2a: Zamazenta|def|1\n|move|p2b: Calyrex|Protect|p2b: Calyrex\n|-singleturn|p2b: Calyrex|Protect\n|move|p1b: Incineroar|Will-O-Wisp|p2a: Zamazenta\n|-status|p2a: Zamazenta|brn\n|move|p1a: Muk|Knock Off|p2b: Calyrex\n|-activate|p2b: Calyrex|move: Protect\n|\n|-heal|p1a: Muk|95/100|[from] item: Leftovers\n|-damage|p2a: Zamazenta|94/100 brn|[from] brn\n|-end|p1a: Muk|Throat Chop|[silent]\n|-ability|p1a: Muk|Moody|boost\n|-boost|p1a: Muk|def|2\n|-unboost|p1a: Muk|atk|1\n|upkeep\n|turn|5\n|\n|t:|1775651569\n|switch|p1b: Flamigo|Flamigo, L50, M|100/100\n|-copyboost|p1b: Flamigo|p1a: Muk|[from] ability: Costar\n|move|p2b: Calyrex|Astral Barrage|p1b: Flamigo|[spread] p1a\n|-miss|p2b: Calyrex|p1b: Flamigo\n|-resisted|p1a: Muk\n|-damage|p1a: Muk|78/100\n|move|p2a: Zamazenta|Body Press|p1a: Muk\n|-damage|p1a: Muk|68/100\n|move|p1a: Muk|Knock Off|p2b: Calyrex\n|-supereffective|p2b: Calyrex\n|-enditem|p2b: Calyrex|Focus Sash\n|-damage|p2b: Calyrex|1/100\n|\n|-heal|p1a: Muk|75/100|[from] item: Leftovers\n|-damage|p2a: Zamazenta|88/100 brn|[from] brn\n|-ability|p1a: Muk|Moody|boost\n|-boost|p1a: Muk|def|2\n|-unboost|p1a: Muk|spe|1\n|upkeep\n|turn|6\n|\n|t:|1775651593\n|move|p2b: Calyrex|Psychic|p1b: Flamigo|[miss]\n|-miss|p2b: Calyrex|p1b: Flamigo\n|move|p2a: Zamazenta|Behemoth Bash|p1a: Muk\n|-damage|p1a: Muk|70/100\n|move|p1b: Flamigo|Substitute|p1b: Flamigo\n|-start|p1b: Flamigo|Substitute\n|-damage|p1b: Flamigo|76/100\n|move|p1a: Muk|Knock Off|p2b: Calyrex\n|-supereffective|p2b: Calyrex\n|-damage|p2b: Calyrex|0 fnt\n|faint|p2b: Calyrex\n|\n|-heal|p1a: Muk|76/100|[from] item: Leftovers\n|-damage|p2a: Zamazenta|82/100 brn|[from] brn\n|-ability|p1a: Muk|Moody|boost\n|-boost|p1a: Muk|spd|2\n|-unboost|p1a: Muk|def|1\n|upkeep\n|-message|draco azm forfeited.\n|\n|win|24kpure\n|raw|24kpure's rating: 1284 &rarr; <strong>1304</strong><br />(+20 for winning)\n|raw|draco azm's rating: 1219 &rarr; <strong>1199</strong><br />(-20 for losing)\n|l|\u2606draco azm\n|player|p2|\n|l|\u260624kpure\n|player|p1|\n","uploadtime":1775651849,"views":7,"formatid":"gen9vgc2026regi","rating":1199,"private":0,"password":null}