{"id":"gen9vgc2026regi-2536625239","format":"[Gen 9] VGC 2026 Reg I","players":["avarussurava","blackred123"],"log":"|j|\u2606avarussurava\n|j|\u2606blackred123\n|t:|1770716824\n|gametype|doubles\n|player|p1|avarussurava|170|1401\n|player|p2|blackred123|iono-masters|1372\n|gen|9\n|tier|[Gen 9] VGC 2026 Reg I\n|rated|\n|rule|Species Clause: Limit one of each Pok\u00e9mon\n|rule|Item Clause: Limit 1 of each item\n|clearpoke\n|poke|p1|Tyranitar, L50, F|\n|poke|p1|Kyogre, L50|\n|poke|p1|Zamazenta-*, L50|\n|poke|p1|Gastrodon, L50, F|\n|poke|p1|Sinistcha, L50|\n|poke|p1|Ceruledge, L50, F|\n|poke|p2|Calyrex-Shadow, L50|\n|poke|p2|Zamazenta-*, L50|\n|poke|p2|Incineroar, L50, M|\n|poke|p2|Rillaboom, L50, F|\n|poke|p2|Ogerpon-Cornerstone, L50, F|\n|poke|p2|Tornadus, L50, M|\n|teampreview|4\n|inactive|Battle timer is ON: inactive players will automatically lose when time's up. (requested by blackred123)\n|inactive|blackred123 has 60 seconds left.\n|inactive|avarussurava has 60 seconds left.\n|\n|t:|1770716883\n|teamsize|p1|4\n|teamsize|p2|4\n|start\n|switch|p1a: Zamazenta|Zamazenta-Crowned, L50|100/100\n|switch|p1b: Ceruledge|Ceruledge, L50, F|100/100\n|switch|p2a: \u5636\u9a6c\u51a0\u54e5|Calyrex-Shadow, L50|100/100\n|switch|p2b: \u54c7\u8884\uff08\u72d7\u53eb\u58f0\uff09|Zamazenta-Crowned, L50|100/100\n|-ability|p2a: \u5636\u9a6c\u51a0\u54e5|As One\n|-ability|p2a: \u5636\u9a6c\u51a0\u54e5|Unnerve\n|-ability|p2b: \u54c7\u8884\uff08\u72d7\u53eb\u58f0\uff09|Dauntless Shield|boost\n|-boost|p2b: \u54c7\u8884\uff08\u72d7\u53eb\u58f0\uff09|def|1\n|-ability|p1a: Zamazenta|Dauntless Shield|boost\n|-boost|p1a: Zamazenta|def|1\n|turn|1\n|\n|t:|1770716899\n|-terastallize|p2a: \u5636\u9a6c\u51a0\u54e5|Dark\n|-terastallize|p1a: Zamazenta|Ground\n|move|p1a: Zamazenta|Wide Guard|p1a: Zamazenta\n|-singleturn|p1a: Zamazenta|Wide Guard\n|move|p1b: Ceruledge|Shadow Sneak|p2a: \u5636\u9a6c\u51a0\u54e5\n|-resisted|p2a: \u5636\u9a6c\u51a0\u54e5\n|-damage|p2a: \u5636\u9a6c\u51a0\u54e5|89/100\n|move|p2a: \u5636\u9a6c\u51a0\u54e5|Astral Barrage|p1b: Ceruledge|[spread] \n|-activate|p1a: Zamazenta|move: Wide Guard\n|-activate|p1b: Ceruledge|move: Wide Guard\n|move|p2b: \u54c7\u8884\uff08\u72d7\u53eb\u58f0\uff09|Body Press|p1a: Zamazenta\n|-damage|p1a: Zamazenta|72/100\n|\n|upkeep\n|turn|2\n|inactive|avarussurava has 30 seconds left.\n|\n|t:|1770716930\n|move|p2a: \u5636\u9a6c\u51a0\u54e5|Astral Barrage|p1a: Zamazenta|[spread] p1a,p1b\n|-supereffective|p1b: Ceruledge\n|-damage|p1a: Zamazenta|33/100\n|-damage|p1b: Ceruledge|0 fnt\n|faint|p1b: Ceruledge\n|-ability|p2a: \u5636\u9a6c\u51a0\u54e5|Grim Neigh|boost\n|-boost|p2a: \u5636\u9a6c\u51a0\u54e5|spa|1\n|move|p2b: \u54c7\u8884\uff08\u72d7\u53eb\u58f0\uff09|Heavy Slam|p1a: Zamazenta\n|-crit|p1a: Zamazenta\n|-damage|p1a: Zamazenta|18/100\n|move|p1a: Zamazenta|Body Press|p2a: \u5636\u9a6c\u51a0\u54e5\n|-supereffective|p2a: \u5636\u9a6c\u51a0\u54e5\n|-damage|p2a: \u5636\u9a6c\u51a0\u54e5|0 fnt\n|faint|p2a: \u5636\u9a6c\u51a0\u54e5\n|\n|upkeep\n|\n|t:|1770716949\n|switch|p2a: \u90a3\u6211\u7f3a\u7684\u8425\u517b\u8fd9\u5757\u8c01\u7ed9\u6211\u8865\u554a\uff08\u6307\u8349\u573a\uff09|Rillaboom, L50, F|100/100\n|switch|p1b: Sinistcha|Sinistcha, L50|100/100\n|-fieldstart|move: Grassy Terrain|[from] ability: Grassy Surge|[of] p2a: \u90a3\u6211\u7f3a\u7684\u8425\u517b\u8fd9\u5757\u8c01\u7ed9\u6211\u8865\u554a\uff08\u6307\u8349\u573a\uff09\n|-heal|p1a: Zamazenta|43/100|[from] ability: Hospitality|[of] p1b: Sinistcha\n|turn|3\n|\n|t:|1770716974\n|move|p2a: \u90a3\u6211\u7f3a\u7684\u8425\u517b\u8fd9\u5757\u8c01\u7ed9\u6211\u8865\u554a\uff08\u6307\u8349\u573a\uff09|Fake Out|p1a: Zamazenta\n|-damage|p1a: Zamazenta|37/100\n|move|p1b: Sinistcha|Rage Powder|p1b: Sinistcha\n|-singleturn|p1b: Sinistcha|move: Rage Powder\n|move|p2b: \u54c7\u8884\uff08\u72d7\u53eb\u58f0\uff09|Heavy Slam|p1b: Sinistcha\n|-damage|p1b: Sinistcha|51/100\n|cant|p1a: Zamazenta|flinch\n|\n|-heal|p1a: Zamazenta|43/100|[from] Grassy Terrain\n|-heal|p1b: Sinistcha|57/100|[from] Grassy Terrain\n|upkeep\n|turn|4\n|\n|t:|1770716989\n|move|p2b: \u54c7\u8884\uff08\u72d7\u53eb\u58f0\uff09|Heavy Slam|p1b: Sinistcha\n|-damage|p1b: Sinistcha|8/100\n|-enditem|p1b: Sinistcha|Sitrus Berry|[eat]\n|-heal|p1b: Sinistcha|33/100|[from] item: Sitrus Berry\n|move|p1a: Zamazenta|Iron Defense|p1a: Zamazenta\n|-boost|p1a: Zamazenta|def|2\n|move|p2a: \u90a3\u6211\u7f3a\u7684\u8425\u517b\u8fd9\u5757\u8c01\u7ed9\u6211\u8865\u554a\uff08\u6307\u8349\u573a\uff09|Wood Hammer|p1b: Sinistcha\n|-resisted|p1b: Sinistcha\n|-crit|p1b: Sinistcha\n|-damage|p1b: Sinistcha|0 fnt\n|faint|p1b: Sinistcha\n|-damage|p2a: \u90a3\u6211\u7f3a\u7684\u8425\u517b\u8fd9\u5757\u8c01\u7ed9\u6211\u8865\u554a\uff08\u6307\u8349\u573a\uff09|93/100|[from] Recoil\n|\n|-heal|p1a: Zamazenta|49/100|[from] Grassy Terrain\n|-heal|p2a: \u90a3\u6211\u7f3a\u7684\u8425\u517b\u8fd9\u5757\u8c01\u7ed9\u6211\u8865\u554a\uff08\u6307\u8349\u573a\uff09|99/100|[from] Grassy Terrain\n|upkeep\n|\n|t:|1770717003\n|switch|p1b: Gastrodon|Gastrodon, L50, F|100/100\n|turn|5\n|\n|t:|1770717015\n|switch|p2a: \u6211\u559c\u6b22\u4f60|Ogerpon-Cornerstone, L50, F|100/100\n|move|p1b: Gastrodon|Protect|p1b: Gastrodon\n|-singleturn|p1b: Gastrodon|Protect\n|move|p2b: \u54c7\u8884\uff08\u72d7\u53eb\u58f0\uff09|Body Press|p1a: Zamazenta\n|-damage|p1a: Zamazenta|31/100\n|move|p1a: Zamazenta|Body Press|p2a: \u6211\u559c\u6b22\u4f60\n|-supereffective|p2a: \u6211\u559c\u6b22\u4f60\n|-ability|p2a: \u6211\u559c\u6b22\u4f60|Sturdy\n|-damage|p2a: \u6211\u559c\u6b22\u4f60|1/100\n|\n|-heal|p2a: \u6211\u559c\u6b22\u4f60|7/100|[from] Grassy Terrain\n|-heal|p1a: Zamazenta|37/100|[from] Grassy Terrain\n|upkeep\n|turn|6\n|\n|t:|1770717033\n|move|p1b: Gastrodon|Protect||[still]\n|-fail|p1b: Gastrodon\n|move|p2a: \u6211\u559c\u6b22\u4f60|Wood Hammer|p1a: Zamazenta\n|-supereffective|p1a: Zamazenta\n|-damage|p1a: Zamazenta|0 fnt\n|faint|p1a: Zamazenta\n|-damage|p2a: \u6211\u559c\u6b22\u4f60|0 fnt|[from] Recoil\n|faint|p2a: \u6211\u559c\u6b22\u4f60\n|move|p2b: \u54c7\u8884\uff08\u72d7\u53eb\u58f0\uff09|Body Press|p1b: Gastrodon\n|-crit|p1b: Gastrodon\n|-damage|p1b: Gastrodon|0 fnt\n|faint|p1b: Gastrodon\n|\n|win|blackred123\n|raw|avarussurava's rating: 1401 &rarr; <strong>1379</strong><br />(-22 for losing)\n|raw|blackred123's rating: 1372 &rarr; <strong>1394</strong><br />(+22 for winning)\n|l|\u2606avarussurava\n|player|p1|\n","uploadtime":1770717255,"views":24,"formatid":"gen9vgc2026regi","rating":1379,"private":0,"password":null}