{"id":"gen9vgc2026regi-2553094519","format":"[Gen 9] VGC 2026 Reg I","players":["Hi jump kicker","CHR1SPHX"],"log":"|j|\u2606Hi jump kicker\n|j|\u2606CHR1SPHX\n|t:|1772797672\n|gametype|doubles\n|player|p1|Hi jump kicker|blackbelt-gen4dp|1165\n|player|p2|CHR1SPHX|hilbert|1202\n|gen|9\n|tier|[Gen 9] VGC 2026 Reg I\n|rated|\n|rule|Species Clause: Limit one of each Pok\u00e9mon\n|rule|Item Clause: Limit 1 of each item\n|clearpoke\n|poke|p1|Murkrow, L50, F|\n|poke|p1|Reshiram, L50|\n|poke|p1|Zekrom, L50|\n|poke|p1|Landorus, L50, M|\n|poke|p1|Flutter Mane, L50|\n|poke|p1|Urshifu-*, L50, M|\n|poke|p2|Lunala, L50|\n|poke|p2|Amoonguss, L50, M|\n|poke|p2|Ursaluna-Bloodmoon, L50, M|\n|poke|p2|Incineroar, L50, M|\n|poke|p2|Koraidon, L50|\n|poke|p2|Flutter Mane, L50|\n|teampreview|4\n|inactive|Battle timer is ON: inactive players will automatically lose when time's up. (requested by CHR1SPHX)\n|inactive|Hi jump kicker has 60 seconds left.\n|\n|t:|1772797715\n|teamsize|p1|4\n|teamsize|p2|4\n|start\n|switch|p1a: Reshiram|Reshiram, L50|100/100\n|switch|p1b: Flutter Mane|Flutter Mane, L50|100/100\n|switch|p2a: Ursaluna|Ursaluna-Bloodmoon, L50, M|100/100\n|switch|p2b: Lunala|Lunala, L50, shiny|100/100\n|-ability|p1a: Reshiram|Turboblaze\n|-enditem|p1b: Flutter Mane|Booster Energy\n|-activate|p1b: Flutter Mane|ability: Protosynthesis|[fromitem]\n|-start|p1b: Flutter Mane|protosynthesisspe\n|turn|1\n|\n|t:|1772797733\n|-terastallize|p2b: Lunala|Fairy\n|move|p2a: Ursaluna|Protect|p2a: Ursaluna\n|-singleturn|p2a: Ursaluna|Protect\n|move|p1b: Flutter Mane|Imprison|p1b: Flutter Mane\n|-start|p1b: Flutter Mane|move: Imprison\n|move|p1a: Reshiram|Heat Wave|p2a: Ursaluna|[spread] p2b\n|-activate|p2a: Ursaluna|move: Protect\n|-damage|p2b: Lunala|87/100\n|cant|p2b: Lunala|move: Imprison|Trick Room\n|\n|upkeep\n|turn|2\n|\n|t:|1772797757\n|-terastallize|p1a: Reshiram|Fire\n|move|p2b: Lunala|Wide Guard|p2b: Lunala\n|-singleturn|p2b: Lunala|Wide Guard\n|move|p1b: Flutter Mane|Moonblast|p2a: Ursaluna\n|-damage|p2a: Ursaluna|56/100\n|move|p1a: Reshiram|Heat Wave|p2b: Lunala|[spread] \n|-activate|p2a: Ursaluna|move: Wide Guard\n|-activate|p2b: Lunala|move: Wide Guard\n|move|p2a: Ursaluna|Earth Power|p1a: Reshiram\n|-supereffective|p1a: Reshiram\n|-damage|p1a: Reshiram|2/100\n|-damage|p2a: Ursaluna|47/100|[from] item: Life Orb\n|\n|upkeep\n|turn|3\n|inactive|Hi jump kicker has 30 seconds left.\n|inactive|CHR1SPHX has 30 seconds left.\n|\n|t:|1772797783\n|switch|p2b: Incineroar|Incineroar, L50, M|100/100\n|-ability|p2b: Incineroar|Intimidate|boost\n|-unboost|p1a: Reshiram|atk|1\n|-unboost|p1b: Flutter Mane|atk|1\n|move|p2a: Ursaluna|Protect|p2a: Ursaluna\n|-singleturn|p2a: Ursaluna|Protect\n|move|p1b: Flutter Mane|Moonblast|p2b: Incineroar\n|-damage|p2b: Incineroar|69/100\n|-unboost|p2b: Incineroar|spa|1\n|move|p1a: Reshiram|Fusion Flare|p2b: Incineroar\n|-resisted|p2b: Incineroar\n|-damage|p2b: Incineroar|39/100\n|\n|upkeep\n|turn|4\n|inactive|Hi jump kicker has 30 seconds left.\n|\n|t:|1772797810\n|switch|p1a: Zekrom|Zekrom, L50|100/100\n|-ability|p1a: Zekrom|Teravolt\n|switch|p2a: Amoonguss|Amoonguss, L50, M, shiny|100/100\n|move|p2b: Incineroar|Fake Out|p1a: Zekrom\n|-damage|p1a: Zekrom|92/100\n|move|p1b: Flutter Mane|Moonblast|p2a: Amoonguss\n|-resisted|p2a: Amoonguss\n|-crit|p2a: Amoonguss\n|-damage|p2a: Amoonguss|73/100\n|\n|upkeep\n|turn|5\n|\n|t:|1772797830\n|-end|p1b: Flutter Mane|Protosynthesis|[silent]\n|switch|p1b: Reshiram|Reshiram, L50, tera:Fire|2/100\n|-ability|p1b: Reshiram|Turboblaze\n|move|p2a: Amoonguss|Rage Powder|p2a: Amoonguss\n|-singleturn|p2a: Amoonguss|move: Rage Powder\n|move|p1a: Zekrom|Fusion Bolt|p2a: Amoonguss\n|-resisted|p2a: Amoonguss\n|-damage|p2a: Amoonguss|46/100\n|move|p2b: Incineroar|Parting Shot|p1b: Reshiram\n|-unboost|p1b: Reshiram|atk|1\n|-unboost|p1b: Reshiram|spa|1\n|\n|t:|1772797848\n|switch|p2b: Lunala|Lunala, L50, shiny, tera:Fairy|87/100|[from] Parting Shot\n|\n|upkeep\n|turn|6\n|inactive|CHR1SPHX has 30 seconds left.\n|inactive|CHR1SPHX has 20 seconds left.\n|\n|t:|1772797884\n|switch|p2a: Incineroar|Incineroar, L50, M|39/100\n|-ability|p2a: Incineroar|Intimidate|boost\n|-fail|p1a: Zekrom|unboost|[from] item: Clear Amulet|[of] p1a: Zekrom\n|-unboost|p1b: Reshiram|atk|1\n|move|p1b: Reshiram|Fusion Flare|p2a: Incineroar\n|-resisted|p2a: Incineroar\n|-crit|p2a: Incineroar\n|-damage|p2a: Incineroar|0 fnt\n|faint|p2a: Incineroar\n|move|p1a: Zekrom|Fusion Bolt|p2b: Lunala\n|-crit|p2b: Lunala\n|-damage|p2b: Lunala|0 fnt\n|faint|p2b: Lunala\n|\n|upkeep\n|inactive|CHR1SPHX has 30 seconds left.\n|\n|t:|1772797911\n|switch|p2b: Ursaluna|Ursaluna-Bloodmoon, L50, M|47/100\n|switch|p2a: Amoonguss|Amoonguss, L50, M, shiny|79/100\n|turn|7\n|\n|t:|1772797922\n|move|p2a: Amoonguss|Rage Powder|p2a: Amoonguss\n|-singleturn|p2a: Amoonguss|move: Rage Powder\n|move|p1b: Reshiram|Fusion Flare|p2a: Amoonguss\n|-supereffective|p2a: Amoonguss\n|-damage|p2a: Amoonguss|0 fnt\n|faint|p2a: Amoonguss\n|move|p1a: Zekrom|Fusion Bolt|p2b: Ursaluna\n|-immune|p2b: Ursaluna\n|move|p2b: Ursaluna|Hyper Voice|p1a: Zekrom|[spread] p1a,p1b\n|-damage|p1a: Zekrom|49/100\n|-damage|p1b: Reshiram|0 fnt\n|faint|p1b: Reshiram\n|-damage|p2b: Ursaluna|37/100|[from] item: Life Orb\n|\n|upkeep\n|\n|t:|1772797937\n|switch|p1b: Urshifu|Urshifu, L50, M|100/100\n|turn|8\n|\n|t:|1772797947\n|move|p1b: Urshifu|Close Combat|p2b: Ursaluna\n|-supereffective|p2b: Ursaluna\n|-damage|p2b: Ursaluna|0 fnt\n|-unboost|p1b: Urshifu|def|1\n|-unboost|p1b: Urshifu|spd|1\n|faint|p2b: Ursaluna\n|\n|win|Hi jump kicker\n|raw|Hi jump kicker's rating: 1165 &rarr; <strong>1193</strong><br />(+28 for winning)\n|raw|CHR1SPHX's rating: 1202 &rarr; <strong>1174</strong><br />(-28 for losing)\n|l|\u2606CHR1SPHX\n|player|p2|\n","uploadtime":1772797956,"views":15,"formatid":"gen9vgc2026regi","rating":1174,"private":0,"password":null}