{"id":"gen9vgc2026regi-2556978182","format":"[Gen 9] VGC 2026 Reg I","players":["RavenSMG","Cello L."],"log":"|j|\u2606RavenSMG\n|j|\u2606Cello L.\n|t:|1773266171\n|gametype|doubles\n|player|p1|RavenSMG|caitlin|1379\n|player|p2|Cello L.|2|1469\n|gen|9\n|tier|[Gen 9] VGC 2026 Reg I\n|rated|\n|rule|Species Clause: Limit one of each Pok\u00e9mon\n|rule|Item Clause: Limit 1 of each item\n|clearpoke\n|poke|p1|Terapagos, L50, M|\n|poke|p1|Rillaboom, L50, F|\n|poke|p1|Incineroar, L50, M|\n|poke|p1|Urshifu-*, L50, F|\n|poke|p1|Amoonguss, L50, M|\n|poke|p1|Calyrex-Shadow, L50|\n|poke|p2|Calyrex-Shadow, L50|\n|poke|p2|Zamazenta-*, L50|\n|poke|p2|Raging Bolt, L50|\n|poke|p2|Ogerpon-Hearthflame, L50, F|\n|poke|p2|Rillaboom, L50, M|\n|poke|p2|Incineroar, L50, M|\n|teampreview|4\n|inactive|Battle timer is ON: inactive players will automatically lose when time's up. (requested by RavenSMG)\n|\n|t:|1773266221\n|teamsize|p1|4\n|teamsize|p2|4\n|start\n|switch|p1a: Calyrex|Calyrex-Shadow, L50|100/100\n|switch|p1b: Amoonguss|Amoonguss, L50, M|100/100\n|switch|p2a: Calyrex|Calyrex-Shadow, L50|100/100\n|switch|p2b: Raging Bolt|Raging Bolt, L50|100/100\n|-ability|p2a: Calyrex|As One\n|-ability|p2a: Calyrex|Unnerve\n|-ability|p1a: Calyrex|As One\n|-ability|p1a: Calyrex|Unnerve\n|-enditem|p2b: Raging Bolt|Booster Energy\n|-activate|p2b: Raging Bolt|ability: Protosynthesis|[fromitem]\n|-start|p2b: Raging Bolt|protosynthesisspa\n|turn|1\n|\n|t:|1773266238\n|-terastallize|p2a: Calyrex|Dark\n|move|p2a: Calyrex|Astral Barrage|p1a: Calyrex|[spread] p1a,p1b\n|-supereffective|p1a: Calyrex\n|-enditem|p1a: Calyrex|Focus Sash\n|-damage|p1a: Calyrex|1/100\n|-damage|p1b: Amoonguss|39/100\n|-damage|p2a: Calyrex|91/100|[from] item: Life Orb\n|move|p1a: Calyrex|Astral Barrage|p2a: Calyrex|[spread] p2a,p2b\n|-resisted|p2a: Calyrex\n|-damage|p2a: Calyrex|67/100\n|-damage|p2b: Raging Bolt|53/100\n|move|p2b: Raging Bolt|Dragon Pulse|p1b: Amoonguss\n|-damage|p1b: Amoonguss|0 fnt\n|faint|p1b: Amoonguss\n|\n|upkeep\n|\n|t:|1773266254\n|switch|p1b: Incineroar|Incineroar, L50, M|100/100\n|-ability|p1b: Incineroar|Intimidate|boost\n|-unboost|p2a: Calyrex|atk|1\n|-unboost|p2b: Raging Bolt|atk|1\n|turn|2\n|inactive|RavenSMG has 30 seconds left.\n|inactive|Cello L. has 30 seconds left.\n|inactive|RavenSMG has 20 seconds left.\n|\n|t:|1773266289\n|move|p1b: Incineroar|Fake Out|p2b: Raging Bolt\n|-damage|p2b: Raging Bolt|44/100\n|cant|p2b: Raging Bolt|flinch\n|move|p1a: Calyrex|Astral Barrage|p2a: Calyrex|[spread] p2a,p2b\n|-resisted|p2a: Calyrex\n|-damage|p2a: Calyrex|39/100\n|-damage|p2b: Raging Bolt|0 fnt\n|faint|p2b: Raging Bolt\n|-end|p2b: Raging Bolt|Protosynthesis|[silent]\n|-ability|p1a: Calyrex|Grim Neigh|boost\n|-boost|p1a: Calyrex|spa|1\n|move|p2a: Calyrex|Astral Barrage|p1b: Incineroar|[spread] p1a,p1b\n|-supereffective|p1a: Calyrex\n|-resisted|p1b: Incineroar\n|-damage|p1a: Calyrex|0 fnt\n|-damage|p1b: Incineroar|69/100\n|faint|p1a: Calyrex\n|-ability|p2a: Calyrex|Grim Neigh|boost\n|-boost|p2a: Calyrex|spa|1\n|-damage|p2a: Calyrex|29/100|[from] item: Life Orb\n|\n|upkeep\n|\n|t:|1773266314\n|switch|p1a: Terapagos|Terapagos, L50, M|100/100\n|switch|p2b: Zamazenta|Zamazenta-Crowned, L50|100/100\n|-activate|p1a: Terapagos|ability: Tera Shift\n|detailschange|p1a: Terapagos|Terapagos-Terastal, L50, M\n|-heal|p1a: Terapagos|100/100|[silent]\n|-ability|p2b: Zamazenta|Dauntless Shield|boost\n|-boost|p2b: Zamazenta|def|1\n|turn|3\n|\n|t:|1773266329\n|move|p2a: Calyrex|Astral Barrage|p1b: Incineroar|[spread] p1b\n|-immune|p1a: Terapagos\n|-resisted|p1b: Incineroar\n|-damage|p1b: Incineroar|26/100\n|-damage|p2a: Calyrex|20/100|[from] item: Life Orb\n|move|p2b: Zamazenta|Body Press|p1b: Incineroar\n|-supereffective|p1b: Incineroar\n|-damage|p1b: Incineroar|0 fnt\n|faint|p1b: Incineroar\n|move|p1a: Terapagos|Calm Mind|p1a: Terapagos\n|-boost|p1a: Terapagos|spa|1\n|-boost|p1a: Terapagos|spd|1\n|\n|upkeep\n|turn|4\n|inactive|Cello L. has 30 seconds left.\n|\n|t:|1773266360\n|move|p1a: Terapagos|Protect|p1a: Terapagos\n|-singleturn|p1a: Terapagos|Protect\n|move|p2a: Calyrex|Psychic|p1a: Terapagos\n|-activate|p1a: Terapagos|move: Protect\n|move|p2b: Zamazenta|Body Press|p1a: Terapagos\n|-activate|p1a: Terapagos|move: Protect\n|\n|upkeep\n|turn|5\n|inactive|RavenSMG has 30 seconds left.\n|\n|t:|1773266391\n|-terastallize|p1a: Terapagos|Stellar\n|detailschange|p1a: Terapagos|Terapagos-Stellar, L50, M, tera:Stellar\n|-heal|p1a: Terapagos|100/100|[silent]\n|move|p2a: Calyrex|Psychic|p1a: Terapagos\n|-damage|p1a: Terapagos|55/100\n|-damage|p2a: Calyrex|10/100|[from] item: Life Orb\n|move|p2b: Zamazenta|Body Press|p1a: Terapagos\n|-supereffective|p1a: Terapagos\n|-damage|p1a: Terapagos|0 fnt\n|faint|p1a: Terapagos\n|detailschange|p1: Terapagos|Terapagos, L50, M|[silent]\n|\n|win|Cello L.\n|raw|RavenSMG's rating: 1379 &rarr; <strong>1364</strong><br />(-15 for losing)\n|raw|Cello L.'s rating: 1469 &rarr; <strong>1484</strong><br />(+15 for winning)\n|l|\u2606RavenSMG\n|player|p1|\n","uploadtime":1773266415,"views":14,"formatid":"gen9vgc2026regi","rating":1364,"private":0,"password":null}