{"id":"gen9vgc2026regi-2519591575","format":"[Gen 9] VGC 2026 Reg I","players":["Riskiohizz","photon sheister"],"log":"|j|\u2606Riskiohizz\n|j|\u2606photon sheister\n|t:|1768521515\n|gametype|doubles\n|player|p1|Riskiohizz|1|1165\n|player|p2|photon sheister|169|1260\n|gen|9\n|tier|[Gen 9] VGC 2026 Reg I\n|rated|\n|rule|Species Clause: Limit one of each Pok\u00e9mon\n|rule|Item Clause: Limit 1 of each item\n|clearpoke\n|poke|p1|Rayquaza, L50|\n|poke|p1|Iron Jugulis, L50|\n|poke|p1|Volcarona, L50, M|\n|poke|p1|Rillaboom, L50, F|\n|poke|p1|Ursaluna-Bloodmoon, L50, M|\n|poke|p1|Necrozma-Dusk-Mane, L50|\n|poke|p2|Eternatus, L50|\n|poke|p2|Ho-Oh, L50|\n|poke|p2|Rillaboom, L50, M|\n|poke|p2|Incineroar, L50, M|\n|poke|p2|Ting-Lu, L50|\n|poke|p2|Vaporeon, L50, F|\n|teampreview|4\n|\n|t:|1768521548\n|teamsize|p1|4\n|teamsize|p2|4\n|start\n|switch|p1a: Rillaboom|Rillaboom, L50, F|100/100\n|switch|p1b: Necrozma|Necrozma-Dusk-Mane, L50|100/100\n|switch|p2a: Eternatus|Eternatus, L50|100/100\n|switch|p2b: Vaporeon|Vaporeon, L50, F|100/100\n|-ability|p2a: Eternatus|Pressure\n|-fieldstart|move: Grassy Terrain|[from] ability: Grassy Surge|[of] p1a: Rillaboom\n|turn|1\n|\n|t:|1768521556\n|switch|p2b: Incineroar|Incineroar, L50, M|100/100\n|-ability|p2b: Incineroar|Intimidate|boost\n|-unboost|p1a: Rillaboom|atk|1\n|-fail|p1b: Necrozma|unboost|[from] item: Clear Amulet|[of] p1b: Necrozma\n|move|p1a: Rillaboom|Fake Out|p2a: Eternatus\n|-damage|p2a: Eternatus|93/100\n|move|p2a: Eternatus|Toxic Spikes|p1a: Rillaboom\n|-sidestart|p1: Riskiohizz|move: Toxic Spikes\n|move|p1b: Necrozma|Trick Room|p1b: Necrozma\n|-fieldstart|move: Trick Room|[of] p1b: Necrozma\n|\n|-heal|p2a: Eternatus|99/100|[from] Grassy Terrain\n|upkeep\n|turn|2\n|\n|t:|1768521575\n|switch|p1a: Rayquaza|Rayquaza, L50, shiny|100/100\n|-ability|p1a: Rayquaza|Air Lock\n|move|p2a: Eternatus|Protect|p2a: Eternatus\n|-singleturn|p2a: Eternatus|Protect\n|move|p1b: Necrozma|Rock Slide|p2b: Incineroar|[spread] p2b\n|-activate|p2a: Eternatus|move: Protect\n|-supereffective|p2b: Incineroar\n|-damage|p2b: Incineroar|59/100\n|cant|p2b: Incineroar|flinch\n|\n|-heal|p2b: Incineroar|65/100|[from] Grassy Terrain\n|-heal|p2a: Eternatus|100/100|[from] Grassy Terrain\n|upkeep\n|turn|3\n|\n|t:|1768521590\n|move|p1b: Necrozma|Rock Slide|p2b: Incineroar|[spread] p2a,p2b\n|-supereffective|p2b: Incineroar\n|-damage|p2a: Eternatus|81/100\n|-damage|p2b: Incineroar|20/100\n|cant|p2b: Incineroar|flinch\n|move|p1a: Rayquaza|Draco Meteor|p2a: Eternatus|[miss]\n|-miss|p1a: Rayquaza|p2a: Eternatus\n|move|p2a: Eternatus|Dynamax Cannon|p1a: Rayquaza\n|-supereffective|p1a: Rayquaza\n|-damage|p1a: Rayquaza|0 fnt\n|faint|p1a: Rayquaza\n|\n|-heal|p2b: Incineroar|26/100|[from] Grassy Terrain\n|-heal|p2a: Eternatus|87/100|[from] Grassy Terrain\n|upkeep\n|\n|t:|1768521601\n|switch|p1a: Ursaluna|Ursaluna-Bloodmoon, L50, M|100/100\n|-status|p1a: Ursaluna|psn\n|turn|4\n|\n|t:|1768521611\n|move|p2b: Incineroar|Protect|p2b: Incineroar\n|-singleturn|p2b: Incineroar|Protect\n|move|p2a: Eternatus|Protect|p2a: Eternatus\n|-singleturn|p2a: Eternatus|Protect\n|move|p1a: Ursaluna|Earth Power|p2a: Eternatus\n|-activate|p2a: Eternatus|move: Protect\n|move|p1b: Necrozma|Rock Slide|p2a: Eternatus|[spread] \n|-activate|p2a: Eternatus|move: Protect\n|-activate|p2b: Incineroar|move: Protect\n|\n|-heal|p2b: Incineroar|32/100|[from] Grassy Terrain\n|-heal|p2a: Eternatus|93/100|[from] Grassy Terrain\n|-damage|p1a: Ursaluna|88/100 psn|[from] psn\n|upkeep\n|turn|5\n|\n|t:|1768521619\n|switch|p2a: Ho-Oh|Ho-Oh, L50|100/100\n|move|p1a: Ursaluna|Earth Power|p2a: Ho-Oh\n|-immune|p2a: Ho-Oh\n|move|p1b: Necrozma|Rock Slide|p2b: Incineroar|[spread] p2a,p2b\n|-supereffective|p2a: Ho-Oh\n|-supereffective|p2b: Incineroar\n|-damage|p2a: Ho-Oh|33/100\n|-damage|p2b: Incineroar|0 fnt\n|faint|p2b: Incineroar\n|-enditem|p2a: Ho-Oh|Red Card|[of] p1b: Necrozma\n|drag|p1b: Rillaboom|Rillaboom, L50, F|100/100\n|-status|p1b: Rillaboom|psn\n|\n|-heal|p1a: Ursaluna|94/100 psn|[from] Grassy Terrain\n|-damage|p1a: Ursaluna|82/100 psn|[from] psn\n|-damage|p1b: Rillaboom|88/100 psn|[from] psn\n|-fieldend|move: Trick Room\n|-fieldend|move: Grassy Terrain\n|upkeep\n|\n|t:|1768521630\n|switch|p2b: Eternatus|Eternatus, L50|93/100\n|-ability|p2b: Eternatus|Pressure\n|turn|6\n|\n|t:|1768521651\n|move|p1b: Rillaboom|Fake Out|p2a: Ho-Oh\n|-damage|p2a: Ho-Oh|23/100\n|move|p2b: Eternatus|Dynamax Cannon|p1a: Ursaluna\n|-damage|p1a: Ursaluna|49/100 psn\n|cant|p2a: Ho-Oh|flinch\n|move|p1a: Ursaluna|Earth Power|p2b: Eternatus\n|-supereffective|p2b: Eternatus\n|-damage|p2b: Eternatus|24/100\n|\n|-damage|p1b: Rillaboom|76/100 psn|[from] psn\n|-damage|p1a: Ursaluna|36/100 psn|[from] psn\n|upkeep\n|turn|7\n|\n|t:|1768521662\n|switch|p1b: Necrozma|Necrozma-Dusk-Mane, L50|100/100\n|move|p2b: Eternatus|Dynamax Cannon|p1a: Ursaluna\n|-damage|p1a: Ursaluna|1/100 psn\n|move|p2a: Ho-Oh|Sacred Fire|p1b: Necrozma\n|-supereffective|p1b: Necrozma\n|-damage|p1b: Necrozma|50/100\n|move|p1a: Ursaluna|Hyper Voice|p2b: Eternatus|[spread] p2a,p2b\n|-damage|p2a: Ho-Oh|1/100\n|-damage|p2b: Eternatus|1/100\n|\n|-damage|p1a: Ursaluna|0 fnt|[from] psn\n|faint|p1a: Ursaluna\n|upkeep\n|\n|t:|1768521675\n|switch|p1a: Rillaboom|Rillaboom, L50, F|76/100 psn\n|-fieldstart|move: Grassy Terrain|[from] ability: Grassy Surge|[of] p1a: Rillaboom\n|turn|8\n|\n|t:|1768521684\n|move|p1a: Rillaboom|Fake Out|p2a: Ho-Oh\n|-damage|p2a: Ho-Oh|0 fnt\n|faint|p2a: Ho-Oh\n|move|p2b: Eternatus|Dynamax Cannon|p1a: Rillaboom\n|-damage|p1a: Rillaboom|7/100 psn\n|move|p1b: Necrozma|Trick Room|p1b: Necrozma\n|-fieldstart|move: Trick Room|[of] p1b: Necrozma\n|\n|-heal|p1b: Necrozma|56/100|[from] Grassy Terrain\n|-heal|p1a: Rillaboom|13/100 psn|[from] Grassy Terrain\n|-heal|p2b: Eternatus|7/100|[from] Grassy Terrain\n|-damage|p1a: Rillaboom|1/100 psn|[from] psn\n|upkeep\n|\n|t:|1768521686\n|switch|p2a: Vaporeon|Vaporeon, L50, F|100/100\n|turn|9\n|\n|t:|1768521699\n|move|p2a: Vaporeon|Detect|p2a: Vaporeon\n|-singleturn|p2a: Vaporeon|Protect\n|move|p2b: Eternatus|Protect|p2b: Eternatus\n|-singleturn|p2b: Eternatus|Protect\n|move|p1a: Rillaboom|Grassy Glide|p2a: Vaporeon\n|-activate|p2a: Vaporeon|move: Protect\n|move|p1b: Necrozma|Rock Slide|p2b: Eternatus|[spread] \n|-activate|p2a: Vaporeon|move: Protect\n|-activate|p2b: Eternatus|move: Protect\n|\n|-heal|p1b: Necrozma|62/100|[from] Grassy Terrain\n|-heal|p1a: Rillaboom|7/100 psn|[from] Grassy Terrain\n|-heal|p2b: Eternatus|13/100|[from] Grassy Terrain\n|-damage|p1a: Rillaboom|0 fnt|[from] psn\n|faint|p1a: Rillaboom\n|upkeep\n|turn|10\n|\n|t:|1768521705\n|move|p1b: Necrozma|Rock Slide|p2a: Vaporeon|[spread] p2a,p2b\n|-crit|p2b: Eternatus\n|-damage|p2a: Vaporeon|82/100\n|-damage|p2b: Eternatus|0 fnt\n|faint|p2b: Eternatus\n|cant|p2a: Vaporeon|flinch\n|\n|-heal|p1b: Necrozma|68/100|[from] Grassy Terrain\n|-heal|p2a: Vaporeon|87/100|[from] Grassy Terrain\n|upkeep\n|turn|11\n|\n|t:|1768521711\n|move|p2a: Vaporeon|Detect|p2a: Vaporeon\n|-singleturn|p2a: Vaporeon|Protect\n|move|p1b: Necrozma|Sunsteel Strike|p2a: Vaporeon\n|-activate|p2a: Vaporeon|move: Protect\n|\n|-heal|p1b: Necrozma|74/100|[from] Grassy Terrain\n|-heal|p2a: Vaporeon|93/100|[from] Grassy Terrain\n|upkeep\n|turn|12\n|\n|t:|1768521731\n|move|p1b: Necrozma|Rock Slide|p2a: Vaporeon\n|-crit|p2a: Vaporeon\n|-damage|p2a: Vaporeon|55/100\n|move|p2a: Vaporeon|Scald|p1b: Necrozma\n|-damage|p1b: Necrozma|47/100\n|\n|-heal|p1b: Necrozma|52/100|[from] Grassy Terrain\n|-heal|p2a: Vaporeon|60/100|[from] Grassy Terrain\n|-fieldend|move: Trick Room\n|-fieldend|move: Grassy Terrain\n|upkeep\n|turn|13\n|\n|t:|1768521737\n|move|p2a: Vaporeon|Scald|p1b: Necrozma\n|-damage|p1b: Necrozma|30/100\n|move|p1b: Necrozma|Rock Slide|p2a: Vaporeon\n|-damage|p2a: Vaporeon|38/100\n|\n|upkeep\n|turn|14\n|\n|t:|1768521743\n|move|p2a: Vaporeon|Scald|p1b: Necrozma\n|-damage|p1b: Necrozma|7/100\n|move|p1b: Necrozma|Sunsteel Strike|p2a: Vaporeon\n|-resisted|p2a: Vaporeon\n|-damage|p2a: Vaporeon|14/100\n|\n|upkeep\n|turn|15\n|\n|t:|1768521751\n|move|p1b: Necrozma|Protect|p1b: Necrozma\n|-singleturn|p1b: Necrozma|Protect\n|move|p2a: Vaporeon|Scald|p1b: Necrozma\n|-activate|p1b: Necrozma|move: Protect\n|\n|upkeep\n|turn|16\n|\n|t:|1768521755\n|move|p2a: Vaporeon|Scald|p1b: Necrozma\n|-damage|p1b: Necrozma|0 fnt\n|faint|p1b: Necrozma\n|\n|win|photon sheister\n|raw|Riskiohizz's rating: 1165 &rarr; <strong>1147</strong><br />(-18 for losing)\n|raw|photon sheister's rating: 1260 &rarr; <strong>1278</strong><br />(+18 for winning)\n|l|\u2606photon sheister\n|player|p2|\n","uploadtime":1768521956,"views":14,"formatid":"gen9vgc2026regi","rating":1147,"private":0,"password":null}