{"id":"gen9vgc2026regi-2578838026","format":"[Gen 9] VGC 2026 Reg I","players":["SycrasisEU","benniguds"],"log":"|j|\u2606SycrasisEU\n|j|\u2606benniguds\n|t:|1775725669\n|gametype|doubles\n|player|p1|SycrasisEU|byron|1334\n|player|p2|benniguds|gambler|1335\n|gen|9\n|tier|[Gen 9] VGC 2026 Reg I\n|rated|\n|rule|Species Clause: Limit one of each Pok\u00e9mon\n|rule|Item Clause: Limit 1 of each item\n|clearpoke\n|poke|p1|Terapagos, L50, M|\n|poke|p1|Rillaboom, L50, M|\n|poke|p1|Incineroar, L50, M|\n|poke|p1|Clefairy, L50, F|\n|poke|p1|Koraidon, L50|\n|poke|p1|Klefki, L50, F|\n|poke|p2|Lunala, L50|\n|poke|p2|Groudon, L50|\n|poke|p2|Whimsicott, L50, M|\n|poke|p2|Raging Bolt, L50|\n|poke|p2|Typhlosion-Hisui, L50, M|\n|poke|p2|Kingambit, L50, F|\n|teampreview|4\n|inactive|Battle timer is ON: inactive players will automatically lose when time's up. (requested by SycrasisEU)\nSycrasisEU has agreed to open team sheets.\n|\n|t:|1775725686\n|teamsize|p1|4\n|teamsize|p2|4\n|start\n|switch|p1a: Terapagos|Terapagos, L50, M|100/100\n|switch|p1b: Incineroar|Incineroar, L50, M, shiny|100/100\n|switch|p2a: Lunala|Lunala, L50, shiny|100/100\n|switch|p2b: Whimsicott|Whimsicott, L50, M|100/100\n|-activate|p1a: Terapagos|ability: Tera Shift\n|detailschange|p1a: Terapagos|Terapagos-Terastal, L50, M\n|-heal|p1a: Terapagos|100/100|[silent]\n|-ability|p1b: Incineroar|Intimidate|boost\n|-unboost|p2a: Lunala|atk|1\n|-unboost|p2b: Whimsicott|atk|1\n|turn|1\n|\n|t:|1775725700\n|-terastallize|p2a: Lunala|Fairy\n|move|p1b: Incineroar|Fake Out|p2b: Whimsicott\n|-damage|p2b: Whimsicott|80/100\n|cant|p2b: Whimsicott|flinch\n|move|p2a: Lunala|Dazzling Gleam|p1a: Terapagos|[spread] p1a,p1b\n|-activate|p1a: Terapagos|ability: Tera Shell\n|-resisted|p1a: Terapagos\n|-crit|p1a: Terapagos\n|-crit|p1b: Incineroar\n|-damage|p1a: Terapagos|69/100\n|-damage|p1b: Incineroar|39/100\n|move|p1a: Terapagos|Calm Mind|p1a: Terapagos\n|-boost|p1a: Terapagos|spa|1\n|-boost|p1a: Terapagos|spd|1\n|\n|-heal|p1a: Terapagos|75/100|[from] item: Leftovers\n|upkeep\n|turn|2\n|\n|t:|1775725722\n|move|p1a: Terapagos|Protect|p1a: Terapagos\n|-singleturn|p1a: Terapagos|Protect\n|move|p2b: Whimsicott|Tailwind|p2b: Whimsicott\n|-sidestart|p2: benniguds|move: Tailwind\n|move|p2a: Lunala|Dazzling Gleam|p1b: Incineroar|[spread] p1b\n|-activate|p1a: Terapagos|move: Protect\n|-damage|p1b: Incineroar|0 fnt\n|faint|p1b: Incineroar\n|\n|-heal|p1a: Terapagos|81/100|[from] item: Leftovers\n|upkeep\n|\n|t:|1775725731\n|switch|p1b: Klefki|Klefki, L50, F|100/100\n|turn|3\n|\n|t:|1775725741\n|switch|p2a: Groudon|Groudon, L50|100/100\n|-weather|SunnyDay|[from] ability: Drought|[of] p2a: Groudon\n|-terastallize|p1a: Terapagos|Stellar\n|detailschange|p1a: Terapagos|Terapagos-Stellar, L50, M, tera:Stellar\n|-heal|p1a: Terapagos|86/100|[silent]\n|-ability|p1a: Terapagos|Teraform Zero\n|-weather|none\n|move|p2b: Whimsicott|Encore|p1a: Terapagos\n|-start|p1a: Terapagos|Encore\n|move|p1b: Klefki|Light Screen|p1b: Klefki\n|-sidestart|p1: SycrasisEU|move: Light Screen\n|move|p1a: Terapagos|Protect||[still]\n|-fail|p1a: Terapagos\n|\n|-heal|p1a: Terapagos|92/100|[from] item: Leftovers\n|upkeep\n|turn|4\n|inactive|SycrasisEU has 30 seconds left.\n|inactive|benniguds has 30 seconds left.\n|inactive|SycrasisEU has 20 seconds left.\n|inactive|benniguds has 20 seconds left.\n|inactive|SycrasisEU has 15 seconds left.\n|\n|t:|1775725784\n|switch|p2b: Lunala|Lunala, L50, shiny, tera:Fairy|100/100\n|move|p1a: Terapagos|Protect|p1a: Terapagos\n|-singleturn|p1a: Terapagos|Protect\n|move|p1b: Klefki|Reflect|p1b: Klefki\n|-sidestart|p1: SycrasisEU|Reflect\n|move|p2a: Groudon|Heat Crash|p1b: Klefki\n|-supereffective|p1b: Klefki\n|-damage|p1b: Klefki|30/100\n|\n|-heal|p1a: Terapagos|98/100|[from] item: Leftovers\n|upkeep\n|turn|5\n|\n|t:|1775725809\n|move|p1a: Terapagos|Protect||[still]\n|-fail|p1a: Terapagos\n|move|p1b: Klefki|Thunder Wave|p2b: Lunala\n|-status|p2b: Lunala|par\n|move|p2a: Groudon|Precipice Blades|p1a: Terapagos|[spread] p1a,p1b\n|-supereffective|p1b: Klefki\n|-damage|p1a: Terapagos|74/100\n|-damage|p1b: Klefki|0 fnt\n|faint|p1b: Klefki\n|move|p2b: Lunala|Moonblast|p1a: Terapagos\n|-damage|p1a: Terapagos|50/100\n|-unboost|p1a: Terapagos|spa|1\n|\n|-heal|p1a: Terapagos|56/100|[from] item: Leftovers\n|-end|p1a: Terapagos|Encore\n|-sideend|p2: benniguds|move: Tailwind\n|upkeep\n|\n|t:|1775725819\n|switch|p1b: Koraidon|Koraidon, L50, shiny|100/100\n|-weather|SunnyDay|[from] ability: Orichalcum Pulse|[of] p1b: Koraidon\n|-activate|p1b: Koraidon|Orichalcum Pulse|[source]\n|turn|6\n|-message|SycrasisEU forfeited.\n|\n|win|benniguds\n|raw|SycrasisEU's rating: 1334 &rarr; <strong>1314</strong><br />(-20 for losing)\n|raw|benniguds's rating: 1335 &rarr; <strong>1355</strong><br />(+20 for winning)\n|l|\u2606SycrasisEU\n|player|p1|\n","uploadtime":1775726001,"views":11,"formatid":"gen9vgc2026regi","rating":1314,"private":0,"password":null}