{"id":"gen9vgc2026regi-2522505028","format":"[Gen 9] VGC 2026 Reg I","players":["Brendan B Keating","kojimuranishi"],"log":"|j|\u2606Brendan B Keating\n|j|\u2606kojimuranishi\n|t:|1768916991\n|gametype|doubles\n|player|p1|Brendan B Keating|lady-gen4|1291\n|player|p2|kojimuranishi|266|1381\n|gen|9\n|tier|[Gen 9] VGC 2026 Reg I\n|rated|\n|rule|Species Clause: Limit one of each Pok\u00e9mon\n|rule|Item Clause: Limit 1 of each item\n|clearpoke\n|poke|p1|Calyrex-Shadow, L50|\n|poke|p1|Zamazenta-*, L50|\n|poke|p1|Urshifu-*, L50, F|\n|poke|p1|Indeedee-F, L50, F|\n|poke|p1|Ogerpon-Cornerstone, L50, F|\n|poke|p1|Raging Bolt, L50|\n|poke|p2|Miraidon, L50|\n|poke|p2|Lunala, L50|\n|poke|p2|Chien-Pao, L50|\n|poke|p2|Dragonite, L50, F|\n|poke|p2|Ursaluna, L50, M|\n|poke|p2|Urshifu-*, L50, F|\n|teampreview|4\n|inactive|Battle timer is ON: inactive players will automatically lose when time's up. (requested by kojimuranishi)\n|inactive|Brendan B Keating has 60 seconds left.\n|inactive|kojimuranishi has 60 seconds left.\n|inactive|Brendan B Keating has 30 seconds left.\n|\n|t:|1768917062\n|teamsize|p1|4\n|teamsize|p2|4\n|start\n|switch|p1a: Indeedee|Indeedee-F, L50, F|100/100\n|switch|p1b: Calyrex|Calyrex-Shadow, L50|100/100\n|switch|p2a: Miraidon|Miraidon, L50|100/100\n|switch|p2b: Lunala|Lunala, L50|100/100\n|-ability|p1b: Calyrex|As One\n|-ability|p1b: Calyrex|Unnerve\n|-fieldstart|move: Electric Terrain|[from] ability: Hadron Engine|[of] p2a: Miraidon\n|-fieldstart|move: Psychic Terrain|[from] ability: Psychic Surge|[of] p1a: Indeedee\n|turn|1\n|\n|t:|1768917085\n|move|p1b: Calyrex|Protect|p1b: Calyrex\n|-singleturn|p1b: Calyrex|Protect\n|move|p2a: Miraidon|Snarl|p1a: Indeedee|[spread] p1a\n|-activate|p1b: Calyrex|move: Protect\n|-supereffective|p1a: Indeedee\n|-damage|p1a: Indeedee|73/100\n|-unboost|p1a: Indeedee|spa|1\n|move|p1a: Indeedee|Imprison|p1a: Indeedee\n|-start|p1a: Indeedee|move: Imprison\n|cant|p2b: Lunala|move: Imprison|Trick Room\n|\n|upkeep\n|turn|2\n|c|\u2606Brendan B Keating|GLHF!\n|inactive|Brendan B Keating has 30 seconds left.\n|inactive|kojimuranishi has 30 seconds left.\n|inactive|Brendan B Keating has 20 seconds left.\n|inactive|kojimuranishi has 20 seconds left.\n|inactive|kojimuranishi has 15 seconds left.\n|inactive|kojimuranishi has 10 seconds left.\n|inactive|kojimuranishi has 5 seconds left.\n|\n|t:|1768917137\n|-terastallize|p1b: Calyrex|Dark\n|move|p1a: Indeedee|Follow Me|p1a: Indeedee\n|-singleturn|p1a: Indeedee|move: Follow Me\n|move|p2a: Miraidon|Snarl|p1b: Calyrex|[spread] p1a,p1b\n|-supereffective|p1a: Indeedee\n|-resisted|p1b: Calyrex\n|-damage|p1a: Indeedee|46/100\n|-damage|p1b: Calyrex|93/100\n|-unboost|p1a: Indeedee|spa|1\n|-unboost|p1b: Calyrex|spa|1\n|move|p1b: Calyrex|Psychic|p2a: Miraidon\n|-crit|p2a: Miraidon\n|-damage|p2a: Miraidon|0 fnt\n|faint|p2a: Miraidon\n|-ability|p1b: Calyrex|Grim Neigh|boost\n|-boost|p1b: Calyrex|spa|1\n|move|p2b: Lunala|Meteor Beam||[still]\n|-prepare|p2b: Lunala|Meteor Beam\n|-boost|p2b: Lunala|spa|1\n|-enditem|p2b: Lunala|Power Herb\n|-anim|p2b: Lunala|Meteor Beam|p1a: Indeedee\n|-damage|p1a: Indeedee|0 fnt\n|faint|p1a: Indeedee\n|\n|upkeep\n|inactive|kojimuranishi has 30 seconds left.\n|\n|t:|1768917164\n|switch|p2a: Ursaluna|Ursaluna, L50, M|100/100\n|switch|p1a: Urshifu|Urshifu-Rapid-Strike, L50, F|100/100\n|turn|3\n|inactive|kojimuranishi has 30 seconds left.\n|\n|t:|1768917195\n|switch|p2a: Chien-Pao|Chien-Pao, L50|100/100\n|-ability|p2a: Chien-Pao|Sword of Ruin\n|-terastallize|p2b: Lunala|Normal\n|move|p1a: Urshifu|Surging Strikes|p2a: Chien-Pao\n|-crit|p2a: Chien-Pao\n|-damage|p2a: Chien-Pao|68/100\n|-crit|p2a: Chien-Pao\n|-damage|p2a: Chien-Pao|34/100\n|-crit|p2a: Chien-Pao\n|-damage|p2a: Chien-Pao|0 fnt\n|faint|p2a: Chien-Pao\n|-hitcount|p2: Chien-Pao|3\n|move|p1b: Calyrex|Astral Barrage|p2b: Lunala\n|-immune|p2b: Lunala\n|move|p2b: Lunala|Trick Room|p2b: Lunala\n|-fieldstart|move: Trick Room|[of] p2b: Lunala\n|\n|upkeep\n|\n|t:|1768917213\n|switch|p2a: Ursaluna|Ursaluna, L50, M|100/100\n|turn|4\n|\n|t:|1768917225\n|switch|p1b: Zamazenta|Zamazenta-Crowned, L50, shiny|100/100\n|-ability|p1b: Zamazenta|Dauntless Shield|boost\n|-boost|p1b: Zamazenta|def|1\n|move|p2a: Ursaluna|Rock Slide|p1b: Zamazenta|[spread] p1a,p1b\n|-resisted|p1a: Urshifu\n|-resisted|p1b: Zamazenta\n|-damage|p1a: Urshifu|90/100\n|-damage|p1b: Zamazenta|98/100\n|move|p2b: Lunala|Moonblast|p1a: Urshifu\n|-supereffective|p1a: Urshifu\n|-damage|p1a: Urshifu|0 fnt\n|faint|p1a: Urshifu\n|\n|-status|p2a: Ursaluna|brn|[from] item: Flame Orb\n|upkeep\n|\n|t:|1768917235\n|switch|p1a: Calyrex|Calyrex-Shadow, L50, tera:Dark|93/100\n|-ability|p1a: Calyrex|As One\n|-ability|p1a: Calyrex|Unnerve\n|turn|5\n|\n|t:|1768917254\n|move|p1a: Calyrex|Protect|p1a: Calyrex\n|-singleturn|p1a: Calyrex|Protect\n|move|p2a: Ursaluna|Headlong Rush|p1b: Zamazenta\n|-supereffective|p1b: Zamazenta\n|-damage|p1b: Zamazenta|28/100\n|-unboost|p2a: Ursaluna|def|1\n|-unboost|p2a: Ursaluna|spd|1\n|move|p2b: Lunala|Moonblast|p1b: Zamazenta\n|-damage|p1b: Zamazenta|0 fnt\n|faint|p1b: Zamazenta\n|\n|-damage|p2a: Ursaluna|95/100 brn|[from] brn\n|-fieldend|move: Psychic Terrain\n|upkeep\n|turn|6\n|c|\u2606Brendan B Keating|damn wp\n|-message|Brendan B Keating forfeited.\n|\n|win|kojimuranishi\n|raw|Brendan B Keating's rating: 1291 &rarr; <strong>1272</strong><br />(-19 for losing)\n|raw|kojimuranishi's rating: 1381 &rarr; <strong>1396</strong><br />(+15 for winning)\n","uploadtime":1768917273,"views":13,"formatid":"gen9vgc2026regi","rating":1272,"private":0,"password":null}