{"id":"gen9vgc2026regi-2563216050","format":"[Gen 9] VGC 2026 Reg I","players":["clefci","lpelpe"],"log":"|j|\u2606clefci\n|j|\u2606lpelpe\n|t:|1774004473\n|gametype|doubles\n|player|p1|clefci|266|1183\n|player|p2|lpelpe|101|1254\n|gen|9\n|tier|[Gen 9] VGC 2026 Reg I\n|rated|\n|rule|Species Clause: Limit one of each Pok\u00e9mon\n|rule|Item Clause: Limit 1 of each item\n|clearpoke\n|poke|p1|Solgaleo, L50|\n|poke|p1|Koraidon, L50|\n|poke|p1|Armarouge, L50, M|\n|poke|p1|Indeedee-F, L50, F|\n|poke|p1|Grimmsnarl, L50, M|\n|poke|p1|Flutter Mane, L50|\n|poke|p2|Indeedee-F, L50, F|\n|poke|p2|Calyrex-Ice, L50|\n|poke|p2|Reshiram, L50|\n|poke|p2|Ursaluna-Bloodmoon, L50, M|\n|poke|p2|Hatterene, L50, F|\n|poke|p2|Urshifu-*, L50, F|\n|teampreview|4\n|inactive|Battle timer is ON: inactive players will automatically lose when time's up. (requested by clefci)\n|inactive|clefci has 60 seconds left.\n|inactive|lpelpe has 60 seconds left.\n|\n|t:|1774004518\n|teamsize|p1|4\n|teamsize|p2|4\n|start\n|switch|p1a: Solgaleo|Solgaleo, L50|100/100\n|switch|p1b: Grimmsnarl|Grimmsnarl, L50, M|100/100\n|switch|p2a: Reshiram|Reshiram, L50|100/100\n|switch|p2b: Calyrex|Calyrex-Ice, L50|100/100\n|-ability|p2b: Calyrex|As One\n|-ability|p2b: Calyrex|Unnerve\n|-ability|p2a: Reshiram|Turboblaze\n|turn|1\n|\n|t:|1774004537\n|-terastallize|p1a: Solgaleo|Fire\n|-terastallize|p2b: Calyrex|Dragon\n|move|p1b: Grimmsnarl|Fake Out|p2b: Calyrex\n|-damage|p2b: Calyrex|93/100\n|move|p1a: Solgaleo|Calm Mind|p1a: Solgaleo\n|-boost|p1a: Solgaleo|spa|1\n|-boost|p1a: Solgaleo|spd|1\n|move|p2a: Reshiram|Fusion Flare|p1b: Grimmsnarl\n|-damage|p1b: Grimmsnarl|45/100\n|cant|p2b: Calyrex|flinch\n|\n|upkeep\n|turn|2\n|\n|t:|1774004556\n|switch|p1b: Indeedee|Indeedee-F, L50, F|100/100\n|-fieldstart|move: Psychic Terrain|[from] ability: Psychic Surge|[of] p1b: Indeedee\n|-enditem|p1a: Solgaleo|Psychic Seed\n|-boost|p1a: Solgaleo|spd|1|[from] item: Psychic Seed\n|move|p1a: Solgaleo|Expanding Force|p2b: Calyrex|[spread] p2a,p2b\n|-damage|p2a: Reshiram|30/100\n|-damage|p2b: Calyrex|39/100\n|move|p2b: Calyrex|Leech Seed|p1a: Solgaleo\n|-start|p1a: Solgaleo|move: Leech Seed\n|move|p2a: Reshiram|Fusion Flare|p1b: Indeedee\n|-damage|p1b: Indeedee|42/100\n|\n|-damage|p1a: Solgaleo|88/100|[from] Leech Seed|[of] p2b: Calyrex\n|-heal|p2b: Calyrex|54/100|[silent]\n|upkeep\n|turn|3\n|\n|t:|1774004575\n|move|p1b: Indeedee|Helping Hand|p1a: Solgaleo\n|-singleturn|p1a: Solgaleo|Helping Hand|[of] p1b: Indeedee\n|move|p2b: Calyrex|Protect|p2b: Calyrex\n|-singleturn|p2b: Calyrex|Protect\n|move|p2a: Reshiram|Protect|p2a: Reshiram\n|-singleturn|p2a: Reshiram|Protect\n|move|p1a: Solgaleo|Expanding Force|p2b: Calyrex|[spread] \n|-activate|p2a: Reshiram|move: Protect\n|-activate|p2b: Calyrex|move: Protect\n|\n|-damage|p1a: Solgaleo|76/100|[from] Leech Seed|[of] p2b: Calyrex\n|-heal|p2b: Calyrex|69/100|[silent]\n|upkeep\n|turn|4\n|\n|t:|1774004592\n|switch|p2a: Urshifu|Urshifu, L50, F|100/100\n|move|p1b: Indeedee|Helping Hand|p1a: Solgaleo\n|-singleturn|p1a: Solgaleo|Helping Hand|[of] p1b: Indeedee\n|move|p1a: Solgaleo|Expanding Force|p2a: Urshifu|[spread] p2b\n|-immune|p2a: Urshifu\n|-damage|p2b: Calyrex|0 fnt\n|faint|p2b: Calyrex\n|\n|upkeep\n|\n|t:|1774004602\n|switch|p2b: Reshiram|Reshiram, L50|30/100\n|-ability|p2b: Reshiram|Turboblaze\n|turn|5\n|\n|t:|1774004609\n|move|p1b: Indeedee|Helping Hand|p1a: Solgaleo\n|-singleturn|p1a: Solgaleo|Helping Hand|[of] p1b: Indeedee\n|move|p2b: Reshiram|Protect|p2b: Reshiram\n|-singleturn|p2b: Reshiram|Protect\n|move|p1a: Solgaleo|Flamethrower|p2a: Urshifu\n|-damage|p2a: Urshifu|0 fnt\n|faint|p2a: Urshifu\n|\n|-damage|p1a: Solgaleo|64/100|[from] Leech Seed|[of] p2b: Reshiram\n|-heal|p2b: Reshiram|46/100|[silent]\n|upkeep\n|-message|lpelpe forfeited.\n|\n|win|clefci\n|raw|clefci's rating: 1183 &rarr; <strong>1213</strong><br />(+30 for winning)\n|raw|lpelpe's rating: 1254 &rarr; <strong>1224</strong><br />(-30 for losing)\n|l|\u2606lpelpe\n|player|p2|\n|l|\u2606clefci\n|player|p1|\n","uploadtime":1774004861,"views":11,"formatid":"gen9vgc2026regi","rating":1213,"private":0,"password":null}