{"id":"gen9vgc2026regi-2551499504","format":"[Gen 9] VGC 2026 Reg I","players":["drive stone","Stinky61"],"log":"|j|\u2606drive stone\n|j|\u2606Stinky61\n|t:|1772612073\n|gametype|doubles\n|player|p1|drive stone|cilan|1443\n|player|p2|Stinky61|170|1431\n|gen|9\n|tier|[Gen 9] VGC 2026 Reg I\n|rated|\n|rule|Species Clause: Limit one of each Pok\u00e9mon\n|rule|Item Clause: Limit 1 of each item\n|clearpoke\n|poke|p1|Calyrex-Ice, L50|\n|poke|p1|Ho-Oh, L50|\n|poke|p1|Overqwil, L50, F|\n|poke|p1|Rillaboom, L50, F|\n|poke|p1|Ting-Lu, L50|\n|poke|p1|Ogerpon-Wellspring, L50, F|\n|poke|p2|Kyogre, L50|\n|poke|p2|Necrozma-Dusk-Mane, L50|\n|poke|p2|Amoonguss, L50, M|\n|poke|p2|Roaring Moon, L50|\n|poke|p2|Ursaluna-Bloodmoon, L50, M|\n|poke|p2|Urshifu-*, L50, F|\n|teampreview|4\n|inactive|Battle timer is ON: inactive players will automatically lose when time's up. (requested by Stinky61)\n|inactive|Stinky61 has 60 seconds left.\n|\n|t:|1772612115\n|teamsize|p1|4\n|teamsize|p2|4\n|start\n|switch|p1a: Calyrex|Calyrex-Ice, L50|100/100\n|switch|p1b: Overqwil|Overqwil, L50, F|100/100\n|switch|p2a: Roaring Moon|Roaring Moon, L50|100/100\n|switch|p2b: Kyogre|Kyogre, L50|100/100\n|-ability|p1a: Calyrex|As One\n|-ability|p1a: Calyrex|Unnerve\n|-weather|RainDance|[from] ability: Drizzle|[of] p2b: Kyogre\n|-ability|p1b: Overqwil|Intimidate|boost\n|-unboost|p2a: Roaring Moon|atk|1\n|-unboost|p2b: Kyogre|atk|1\n|-enditem|p2a: Roaring Moon|Booster Energy\n|-activate|p2a: Roaring Moon|ability: Protosynthesis|[fromitem]\n|-start|p2a: Roaring Moon|protosynthesisspe\n|turn|1\n|\n|t:|1772612139\n|switch|p1b: Ogerpon|Ogerpon-Wellspring, L50, F|100/100\n|-terastallize|p1a: Calyrex|Water\n|move|p2a: Roaring Moon|Knock Off|p1a: Calyrex\n|-damage|p1a: Calyrex|83/100\n|-enditem|p1a: Calyrex|Leftovers|[from] move: Knock Off|[of] p2a: Roaring Moon\n|move|p2b: Kyogre|Water Spout|p1a: Calyrex|[spread] p1a\n|-immune|p1b: Ogerpon|[from] ability: Water Absorb\n|-resisted|p1a: Calyrex\n|-damage|p1a: Calyrex|45/100\n|move|p1a: Calyrex|Trick Room|p1a: Calyrex\n|-fieldstart|move: Trick Room|[of] p1a: Calyrex\n|\n|-weather|RainDance|[upkeep]\n|upkeep\n|turn|2\n|inactive|Stinky61 has 30 seconds left.\n|\n|t:|1772612166\n|-end|p2a: Roaring Moon|Protosynthesis|[silent]\n|switch|p2a: Necrozma|Necrozma-Dusk-Mane, L50|100/100\n|move|p1a: Calyrex|Glacial Lance|p2b: Kyogre|[spread] p2a,p2b\n|-resisted|p2a: Necrozma\n|-resisted|p2b: Kyogre\n|-damage|p2a: Necrozma|83/100\n|-damage|p2b: Kyogre|79/100\n|move|p1b: Ogerpon|Horn Leech|p2b: Kyogre\n|-supereffective|p2b: Kyogre\n|-damage|p2b: Kyogre|0 fnt\n|faint|p2b: Kyogre\n|\n|-weather|RainDance|[upkeep]\n|upkeep\n|\n|t:|1772612185\n|switch|p2b: Ursaluna|Ursaluna-Bloodmoon, L50, M|100/100\n|turn|3\n|\n|t:|1772612199\n|-terastallize|p2b: Ursaluna|Ghost\n|move|p2a: Necrozma|Protect|p2a: Necrozma\n|-singleturn|p2a: Necrozma|Protect\n|move|p1a: Calyrex|Glacial Lance|p2a: Necrozma|[spread] p2b\n|-activate|p2a: Necrozma|move: Protect\n|-damage|p2b: Ursaluna|62/100\n|move|p2b: Ursaluna|Blood Moon|p1a: Calyrex\n|-damage|p1a: Calyrex|0 fnt\n|faint|p1a: Calyrex\n|-damage|p2b: Ursaluna|52/100|[from] item: Life Orb\n|move|p1b: Ogerpon|Ivy Cudgel|p2a: Necrozma|[anim] Ivy Cudgel Water\n|-activate|p2a: Necrozma|move: Protect\n|\n|-weather|RainDance|[upkeep]\n|upkeep\n|\n|t:|1772612218\n|switch|p1a: Overqwil|Overqwil, L50, F|100/100\n|-ability|p1a: Overqwil|Intimidate|boost\n|-fail|p2a: Necrozma|unboost|[from] item: Clear Amulet|[of] p2a: Necrozma\n|-unboost|p2b: Ursaluna|atk|1\n|turn|4\n|\n|t:|1772612240\n|move|p1a: Overqwil|Toxic Spikes|p2b: Ursaluna\n|-sidestart|p2: Stinky61|move: Toxic Spikes\n|move|p2a: Necrozma|Photon Geyser|p1b: Ogerpon\n|-damage|p1b: Ogerpon|36/100\n|move|p2b: Ursaluna|Hyper Voice|p1a: Overqwil|[spread] p1a,p1b\n|-damage|p1a: Overqwil|55/100\n|-damage|p1b: Ogerpon|0 fnt\n|faint|p1b: Ogerpon\n|-damage|p2b: Ursaluna|43/100|[from] item: Life Orb\n|\n|-weather|RainDance|[upkeep]\n|-heal|p1a: Overqwil|61/100|[from] item: Black Sludge\n|upkeep\n|\n|t:|1772612255\n|switch|p1b: Rillaboom|Rillaboom, L50, F|100/100\n|-fieldstart|move: Grassy Terrain|[from] ability: Grassy Surge|[of] p1b: Rillaboom\n|turn|5\n|\n|t:|1772612262\n|move|p1b: Rillaboom|Fake Out|p2a: Necrozma\n|-resisted|p2a: Necrozma\n|-damage|p2a: Necrozma|78/100\n|move|p1a: Overqwil|Throat Chop|p2b: Ursaluna\n|-supereffective|p2b: Ursaluna\n|-damage|p2b: Ursaluna|0 fnt\n|faint|p2b: Ursaluna\n|cant|p2a: Necrozma|flinch\n|\n|-weather|none\n|-heal|p1a: Overqwil|68/100|[from] Grassy Terrain\n|-heal|p1a: Overqwil|74/100|[from] item: Black Sludge\n|-heal|p2a: Necrozma|84/100|[from] Grassy Terrain\n|-fieldend|move: Trick Room\n|upkeep\n|\n|t:|1772612268\n|switch|p2b: Roaring Moon|Roaring Moon, L50|100/100\n|-status|p2b: Roaring Moon|psn\n|turn|6\n|\n|t:|1772612287\n|move|p2b: Roaring Moon|Acrobatics|p1b: Rillaboom\n|-supereffective|p1b: Rillaboom\n|-damage|p1b: Rillaboom|20/100\n|move|p1b: Rillaboom|High Horsepower|p2a: Necrozma\n|-supereffective|p2a: Necrozma\n|-damage|p2a: Necrozma|47/100\n|move|p2a: Necrozma|Sunsteel Strike|p1b: Rillaboom\n|-damage|p1b: Rillaboom|0 fnt\n|faint|p1b: Rillaboom\n|move|p1a: Overqwil|Throat Chop|p2a: Necrozma\n|-supereffective|p2a: Necrozma\n|-damage|p2a: Necrozma|12/100\n|-start|p2a: Necrozma|Throat Chop|[silent]\n|\n|-heal|p2a: Necrozma|18/100|[from] Grassy Terrain\n|-heal|p1a: Overqwil|80/100|[from] Grassy Terrain\n|-heal|p1a: Overqwil|86/100|[from] item: Black Sludge\n|-damage|p2b: Roaring Moon|88/100 psn|[from] psn\n|upkeep\n|turn|7\n|\n|t:|1772612306\n|move|p1a: Overqwil|Protect|p1a: Overqwil\n|-singleturn|p1a: Overqwil|Protect\n|move|p2b: Roaring Moon|Knock Off|p1a: Overqwil\n|-activate|p1a: Overqwil|move: Protect\n|move|p2a: Necrozma|Sunsteel Strike|p1a: Overqwil\n|-activate|p1a: Overqwil|move: Protect\n|\n|-heal|p2b: Roaring Moon|94/100 psn|[from] Grassy Terrain\n|-heal|p2a: Necrozma|24/100|[from] Grassy Terrain\n|-heal|p1a: Overqwil|93/100|[from] Grassy Terrain\n|-heal|p1a: Overqwil|99/100|[from] item: Black Sludge\n|-damage|p2b: Roaring Moon|81/100 psn|[from] psn\n|-end|p2a: Necrozma|Throat Chop|[silent]\n|upkeep\n|turn|8\n|\n|t:|1772612321\n|move|p2b: Roaring Moon|Knock Off|p1a: Overqwil\n|-resisted|p1a: Overqwil\n|-damage|p1a: Overqwil|74/100\n|-enditem|p1a: Overqwil|Black Sludge|[from] move: Knock Off|[of] p2b: Roaring Moon\n|move|p2a: Necrozma|Sunsteel Strike|p1a: Overqwil\n|-damage|p1a: Overqwil|18/100\n|move|p1a: Overqwil|Throat Chop|p2a: Necrozma\n|-supereffective|p2a: Necrozma\n|-damage|p2a: Necrozma|0 fnt\n|faint|p2a: Necrozma\n|\n|-heal|p2b: Roaring Moon|87/100 psn|[from] Grassy Terrain\n|-heal|p1a: Overqwil|24/100|[from] Grassy Terrain\n|-damage|p2b: Roaring Moon|75/100 psn|[from] psn\n|upkeep\n|turn|9\n|\n|t:|1772612337\n|move|p1a: Overqwil|Protect|p1a: Overqwil\n|-singleturn|p1a: Overqwil|Protect\n|move|p2b: Roaring Moon|Acrobatics|p1a: Overqwil\n|-activate|p1a: Overqwil|move: Protect\n|\n|-heal|p2b: Roaring Moon|81/100 psn|[from] Grassy Terrain\n|-heal|p1a: Overqwil|30/100|[from] Grassy Terrain\n|-damage|p2b: Roaring Moon|68/100 psn|[from] psn\n|-fieldend|move: Grassy Terrain\n|upkeep\n|turn|10\n|\n|t:|1772612348\n|move|p2b: Roaring Moon|Acrobatics|p1a: Overqwil\n|-damage|p1a: Overqwil|0 fnt\n|faint|p1a: Overqwil\n|\n|win|Stinky61\n|raw|drive stone's rating: 1443 &rarr; <strong>1422</strong><br />(-21 for losing)\n|raw|Stinky61's rating: 1431 &rarr; <strong>1452</strong><br />(+21 for winning)\n|l|\u2606Stinky61\n|player|p2|\n|l|\u2606drive stone\n|player|p1|\n","uploadtime":1772612608,"views":23,"formatid":"gen9vgc2026regi","rating":1422,"private":0,"password":null}