{"id":"gen9vgc2026regi-2525785280","format":"[Gen 9] VGC 2026 Reg I","players":["Fogdocker","lior97h"],"log":"|j|\u2606Fogdocker\n|j|\u2606lior97h\n|t:|1769325866\n|gametype|doubles\n|player|p1|Fogdocker|169|1393\n|player|p2|lior97h|lucas|1392\n|gen|9\n|tier|[Gen 9] VGC 2026 Reg I\n|rated|\n|rule|Species Clause: Limit one of each Pok\u00e9mon\n|rule|Item Clause: Limit 1 of each item\n|clearpoke\n|poke|p1|Koraidon, L50|\n|poke|p1|Flutter Mane, L50|\n|poke|p1|Calyrex-Ice, L50|\n|poke|p1|Incineroar, L50, M|\n|poke|p1|Rillaboom, L50, F|\n|poke|p1|Amoonguss, L50, F|\n|poke|p2|Zamazenta-*, L50|\n|poke|p2|Gengar, L50, M|\n|poke|p2|Whimsicott, L50, M|\n|poke|p2|Calyrex-Shadow, L50|\n|poke|p2|Sableye, L50, F|\n|poke|p2|Oranguru, L50, M|\n|teampreview|4\n|inactive|Battle timer is ON: inactive players will automatically lose when time's up. (requested by lior97h)\n|\n|t:|1769325890\n|teamsize|p1|4\n|teamsize|p2|4\n|start\n|switch|p1a: Koraidon|Koraidon, L50|100/100\n|switch|p1b: Flutter Mane|Flutter Mane, L50|100/100\n|switch|p2a: Whimsicott|Whimsicott, L50, M|100/100\n|switch|p2b: Zamazenta|Zamazenta-Crowned, L50|100/100\n|-weather|SunnyDay|[from] ability: Orichalcum Pulse|[of] p1a: Koraidon\n|-activate|p1b: Flutter Mane|ability: Protosynthesis\n|-start|p1b: Flutter Mane|protosynthesisspe\n|-activate|p1a: Koraidon|Orichalcum Pulse|[source]\n|-ability|p2b: Zamazenta|Dauntless Shield|boost\n|-boost|p2b: Zamazenta|def|1\n|turn|1\n|\n|t:|1769325907\n|-terastallize|p2b: Zamazenta|Fighting\n|move|p2a: Whimsicott|Tailwind|p2a: Whimsicott\n|-sidestart|p2: lior97h|move: Tailwind\n|move|p2b: Zamazenta|Body Press|p1a: Koraidon\n|-damage|p1a: Koraidon|23/100\n|move|p1b: Flutter Mane|Moonblast|p2a: Whimsicott\n|-damage|p2a: Whimsicott|9/100\n|move|p1a: Koraidon|Flame Charge|p2a: Whimsicott\n|-supereffective|p2a: Whimsicott\n|-damage|p2a: Whimsicott|0 fnt\n|-boost|p1a: Koraidon|spe|1\n|faint|p2a: Whimsicott\n|-damage|p1a: Koraidon|13/100|[from] item: Life Orb\n|\n|-weather|SunnyDay|[upkeep]\n|upkeep\n|\n|t:|1769325925\n|switch|p2a: Calyrex|Calyrex-Shadow, L50|100/100\n|-ability|p2a: Calyrex|As One\n|-ability|p2a: Calyrex|Unnerve\n|turn|2\n|\n|t:|1769325941\n|-terastallize|p1b: Flutter Mane|Normal\n|move|p1a: Koraidon|Protect|p1a: Koraidon\n|-singleturn|p1a: Koraidon|Protect\n|move|p2a: Calyrex|Astral Barrage|p1b: Flutter Mane|[spread] \n|-activate|p1a: Koraidon|move: Protect\n|-immune|p1b: Flutter Mane\n|move|p2b: Zamazenta|Crunch|p1b: Flutter Mane\n|-damage|p1b: Flutter Mane|47/100\n|-unboost|p1b: Flutter Mane|def|1\n|move|p1b: Flutter Mane|Icy Wind|p2b: Zamazenta|[spread] p2a,p2b\n|-damage|p2a: Calyrex|85/100\n|-damage|p2b: Zamazenta|89/100\n|-unboost|p2a: Calyrex|spe|1\n|-unboost|p2b: Zamazenta|spe|1\n|\n|-weather|SunnyDay|[upkeep]\n|upkeep\n|turn|3\n|\n|t:|1769325967\n|move|p2a: Calyrex|Astral Barrage|p1a: Koraidon|[spread] p1a\n|-immune|p1b: Flutter Mane\n|-damage|p1a: Koraidon|0 fnt\n|faint|p1a: Koraidon\n|-ability|p2a: Calyrex|Grim Neigh|boost\n|-boost|p2a: Calyrex|spa|1\n|move|p1b: Flutter Mane|Moonblast|p2b: Zamazenta\n|-supereffective|p2b: Zamazenta\n|-damage|p2b: Zamazenta|13/100\n|move|p2b: Zamazenta|Body Press|p1b: Flutter Mane\n|-supereffective|p1b: Flutter Mane\n|-damage|p1b: Flutter Mane|0 fnt\n|faint|p1b: Flutter Mane\n|-end|p1b: Flutter Mane|Protosynthesis|[silent]\n|\n|-weather|SunnyDay|[upkeep]\n|upkeep\n|\n|t:|1769325978\n|switch|p1a: Amoonguss|Amoonguss, L50, F|100/100\n|switch|p1b: Calyrex|Calyrex-Ice, L50|100/100\n|-ability|p1b: Calyrex|As One\n|-ability|p1b: Calyrex|Unnerve\n|turn|4\n|inactive|lior97h has 30 seconds left.\n|\n|t:|1769326008\n|move|p1a: Amoonguss|Rage Powder|p1a: Amoonguss\n|-singleturn|p1a: Amoonguss|move: Rage Powder\n|move|p2a: Calyrex|Astral Barrage|p1a: Amoonguss|[spread] p1a,p1b\n|-supereffective|p1b: Calyrex\n|-damage|p1a: Amoonguss|16/100\n|-damage|p1b: Calyrex|2/100\n|move|p2b: Zamazenta|Body Press|p1a: Amoonguss\n|-resisted|p1a: Amoonguss\n|-damage|p1a: Amoonguss|0 fnt\n|-damage|p2b: Zamazenta|0 fnt|[from] item: Rocky Helmet|[of] p1a: Amoonguss\n|faint|p1a: Amoonguss\n|faint|p2b: Zamazenta\n|move|p1b: Calyrex|Trick Room|p1b: Calyrex\n|-fieldstart|move: Trick Room|[of] p1b: Calyrex\n|\n|-weather|SunnyDay|[upkeep]\n|-heal|p1b: Calyrex|8/100|[from] item: Leftovers\n|-sideend|p2: lior97h|move: Tailwind\n|upkeep\n|\n|t:|1769326024\n|switch|p2b: Sableye|Sableye, L50, F|100/100\n|turn|5\n|\n|t:|1769326028\n|move|p2b: Sableye|Encore|p1b: Calyrex\n|-start|p1b: Calyrex|Encore\n|move|p1b: Calyrex|Trick Room|p1b: Calyrex\n|-fieldend|move: Trick Room\n|move|p2a: Calyrex|Astral Barrage|p1b: Calyrex\n|-supereffective|p1b: Calyrex\n|-damage|p1b: Calyrex|0 fnt\n|faint|p1b: Calyrex\n|\n|win|lior97h\n|raw|Fogdocker's rating: 1393 &rarr; <strong>1373</strong><br />(-20 for losing)\n|raw|lior97h's rating: 1392 &rarr; <strong>1412</strong><br />(+20 for winning)\n|l|\u2606Fogdocker\n|player|p1|\n|l|\u2606lior97h\n|player|p2|\n","uploadtime":1769326258,"views":13,"formatid":"gen9vgc2026regi","rating":1373,"private":0,"password":null}