{"id":"gen9vgc2026regi-2573224025","format":"[Gen 9] VGC 2026 Reg I","players":["sheeshshane925","popandpop"],"log":"|j|\u2606sheeshshane925\n|j|\u2606popandpop\n|t:|1775105194\n|gametype|doubles\n|player|p1|sheeshshane925|chuck|1540\n|player|p2|popandpop|backersf|1481\n|gen|9\n|tier|[Gen 9] VGC 2026 Reg I\n|rated|\n|rule|Species Clause: Limit one of each Pok\u00e9mon\n|rule|Item Clause: Limit 1 of each item\n|clearpoke\n|poke|p1|Calyrex-Ice, L50|\n|poke|p1|Miraidon, L50|\n|poke|p1|Farigiraf, L50, F|\n|poke|p1|Iron Hands, L50|\n|poke|p1|Scraggy, L50, M|\n|poke|p1|Iron Bundle, L50|\n|poke|p2|Lunala, L50|\n|poke|p2|Whimsicott, L50, F|\n|poke|p2|Terapagos, L50, M|\n|poke|p2|Annihilape, L50, F|\n|poke|p2|Spiritomb, L50, M|\n|poke|p2|Torkoal, L50, M|\n|teampreview|4\n|inactive|Battle timer is ON: inactive players will automatically lose when time's up. (requested by popandpop)\npopandpop rejected open team sheets.\n|\n|t:|1775105222\n|teamsize|p1|4\n|teamsize|p2|4\n|start\n|switch|p1a: Miraidon|Miraidon, L50, shiny|100/100\n|switch|p1b: Iron Bundle|Iron Bundle, L50, shiny|100/100\n|switch|p2a: Whimsicott|Whimsicott, L50, F|100/100\n|switch|p2b: Annihilape|Annihilape, L50, F|100/100\n|-fieldstart|move: Electric Terrain|[from] ability: Hadron Engine|[of] p1a: Miraidon\n|-activate|p1b: Iron Bundle|ability: Quark Drive\n|-start|p1b: Iron Bundle|quarkdrivespe\n|turn|1\n|inactive|sheeshshane925 has 30 seconds left.\n|inactive|sheeshshane925 has 20 seconds left.\n|inactive|sheeshshane925 has 15 seconds left.\n|\n|t:|1775105263\n|move|p2a: Whimsicott|Tailwind|p2a: Whimsicott\n|-sidestart|p2: popandpop|move: Tailwind\n|move|p2b: Annihilape|Final Gambit|p1a: Miraidon\n|-damage|p1a: Miraidon|0 fnt\n|faint|p2b: Annihilape\n|faint|p1a: Miraidon\n|move|p1b: Iron Bundle|Icy Wind|p2a: Whimsicott\n|-supereffective|p2a: Whimsicott\n|-enditem|p2a: Whimsicott|Focus Sash\n|-damage|p2a: Whimsicott|1/100\n|-unboost|p2a: Whimsicott|spe|1\n|\n|upkeep\n|\n|t:|1775105270\n|switch|p2b: Terapagos|Terapagos, L50, M|100/100\n|switch|p1a: Calyrex|Calyrex-Ice, L50|100/100\n|-activate|p2b: Terapagos|ability: Tera Shift\n|detailschange|p2b: Terapagos|Terapagos-Terastal, L50, M\n|-heal|p2b: Terapagos|100/100|[silent]\n|-ability|p1a: Calyrex|As One\n|-ability|p1a: Calyrex|Unnerve\n|turn|2\n|\n|t:|1775105286\n|-terastallize|p2b: Terapagos|Stellar\n|detailschange|p2b: Terapagos|Terapagos-Stellar, L50, M, tera:Stellar\n|-heal|p2b: Terapagos|100/100|[silent]\n|-ability|p2b: Terapagos|Teraform Zero\n|-fieldend|move: Electric Terrain\n|-end|p1b: Iron Bundle|Quark Drive\n|move|p2a: Whimsicott|Protect|p2a: Whimsicott\n|-singleturn|p2a: Whimsicott|Protect\n|move|p1a: Calyrex|Protect|p1a: Calyrex\n|-singleturn|p1a: Calyrex|Protect\n|move|p2b: Terapagos|Tera Starstorm|p1b: Iron Bundle|[spread] p1b\n|-activate|p1a: Calyrex|move: Protect\n|-enditem|p1b: Iron Bundle|Focus Sash\n|-damage|p1b: Iron Bundle|1/100\n|move|p1b: Iron Bundle|Icy Wind|p2a: Whimsicott|[spread] \n|-activate|p2a: Whimsicott|move: Protect\n|-miss|p1b: Iron Bundle|p2b: Terapagos\n|\n|upkeep\n|turn|3\n|\n|t:|1775105307\n|switch|p1a: Scraggy|Scraggy, L50, M|100/100\n|-ability|p1a: Scraggy|Intimidate|boost\n|-unboost|p2a: Whimsicott|atk|1\n|-unboost|p2b: Terapagos|atk|1\n|move|p2a: Whimsicott|Encore|p1a: Scraggy\n|-hint|Since gen 7, Dark is immune to Prankster moves.\n|-immune|p1a: Scraggy\n|move|p2b: Terapagos|Tera Starstorm|p1a: Scraggy|[spread] p1a,p1b\n|-damage|p1a: Scraggy|47/100\n|-damage|p1b: Iron Bundle|0 fnt\n|faint|p1b: Iron Bundle\n|-end|p1b: Iron Bundle|Quark Drive|[silent]\n|\n|upkeep\n|\n|t:|1775105311\n|switch|p1b: Calyrex|Calyrex-Ice, L50|100/100\n|-ability|p1b: Calyrex|As One\n|-ability|p1b: Calyrex|Unnerve\n|turn|4\n|inactive|sheeshshane925 has 30 seconds left.\n|\n|t:|1775105343\n|move|p2a: Whimsicott|Protect|p2a: Whimsicott\n|-singleturn|p2a: Whimsicott|Protect\n|move|p1a: Scraggy|Fake Out|p2a: Whimsicott\n|-activate|p2a: Whimsicott|move: Protect\n|move|p2b: Terapagos|Tera Starstorm|p1a: Scraggy|[spread] p1a,p1b\n|-damage|p1a: Scraggy|0 fnt\n|-damage|p1b: Calyrex|62/100\n|faint|p1a: Scraggy\n|move|p1b: Calyrex|Trick Room|p1b: Calyrex\n|-fieldstart|move: Trick Room|[of] p1b: Calyrex\n|\n|-sideend|p2: popandpop|move: Tailwind\n|upkeep\n|turn|5\n|\n|t:|1775105356\n|move|p2a: Whimsicott|Encore|p1b: Calyrex\n|-start|p1b: Calyrex|Encore\n|move|p1b: Calyrex|Trick Room|p1b: Calyrex\n|-fieldend|move: Trick Room\n|move|p2b: Terapagos|Tera Starstorm|p1b: Calyrex\n|-damage|p1b: Calyrex|8/100\n|\n|upkeep\n|turn|6\n|-message|sheeshshane925 forfeited.\n|\n|win|popandpop\n|raw|sheeshshane925's rating: 1540 &rarr; <strong>1517</strong><br />(-23 for losing)\n|raw|popandpop's rating: 1481 &rarr; <strong>1504</strong><br />(+23 for winning)\n|l|\u2606sheeshshane925\n|player|p1|\n|l|\u2606popandpop\n|player|p2|\n","uploadtime":1775105626,"views":14,"formatid":"gen9vgc2026regi","rating":1504,"private":0,"password":null}