{"id":"gen9vgc2026regi-2563008550","format":"[Gen 9] VGC 2026 Reg I","players":["Cello L.","iron cornbreads"],"log":"|j|\u2606Cello L.\n|j|\u2606iron cornbreads\n|t:|1773972714\n|gametype|doubles\n|player|p1|Cello L.|cynthia-gen4|1431\n|player|p2|iron cornbreads|n-masters3|1480\n|gen|9\n|tier|[Gen 9] VGC 2026 Reg I\n|rated|\n|rule|Species Clause: Limit one of each Pok\u00e9mon\n|rule|Item Clause: Limit 1 of each item\n|clearpoke\n|poke|p1|Kyogre, L50|\n|poke|p1|Calyrex-Ice, L50|\n|poke|p1|Flutter Mane, L50|\n|poke|p1|Urshifu-*, L50, M|\n|poke|p1|Rillaboom, L50, M|\n|poke|p1|Amoonguss, L50, M|\n|poke|p2|Palkia-Origin, L50|\n|poke|p2|Grimmsnarl, L50, M|\n|poke|p2|Pelipper, L50, M|\n|poke|p2|Necrozma-Dusk-Mane, L50|\n|poke|p2|Ursaluna, L50, F|\n|poke|p2|Ogerpon-Cornerstone, L50, F|\n|teampreview|4\n|\n|t:|1773972734\n|teamsize|p1|4\n|teamsize|p2|4\n|start\n|switch|p1a: Calyrex|Calyrex-Ice, L50|100/100\n|switch|p1b: Flutter Mane|Flutter Mane, L50|100/100\n|switch|p2a: Palkia|Palkia-Origin, L50, shiny|100/100\n|switch|p2b: Grimmsnarl|Grimmsnarl, L50, M|100/100\n|-ability|p1a: Calyrex|As One\n|-ability|p1a: Calyrex|Unnerve\n|turn|1\n|\n|t:|1773972747\n|-terastallize|p1a: Calyrex|Fairy\n|move|p2b: Grimmsnarl|Light Screen|p2b: Grimmsnarl\n|-sidestart|p2: iron cornbreads|move: Light Screen\n|move|p1b: Flutter Mane|Moonblast|p2b: Grimmsnarl\n|-supereffective|p2b: Grimmsnarl\n|-damage|p2b: Grimmsnarl|29/100\n|-unboost|p2b: Grimmsnarl|spa|1\n|move|p2a: Palkia|Hydro Pump|p1a: Calyrex|[miss]\n|-miss|p2a: Palkia|p1a: Calyrex\n|move|p1a: Calyrex|Glacial Lance|p2a: Palkia|[spread] p2a,p2b\n|-damage|p2a: Palkia|55/100\n|-damage|p2b: Grimmsnarl|0 fnt\n|faint|p2b: Grimmsnarl\n|-ability|p1a: Calyrex|Chilling Neigh|boost\n|-boost|p1a: Calyrex|atk|1\n|\n|upkeep\n|\n|t:|1773972755\n|switch|p2b: Necrozma|Necrozma-Dusk-Mane, L50|100/100\n|turn|2\n|\n|t:|1773972773\n|-terastallize|p2a: Palkia|Steel\n|move|p1a: Calyrex|Protect|p1a: Calyrex\n|-singleturn|p1a: Calyrex|Protect\n|move|p1b: Flutter Mane|Icy Wind|p2a: Palkia|[spread] p2a,p2b\n|-resisted|p2a: Palkia\n|-resisted|p2b: Necrozma\n|-damage|p2a: Palkia|52/100\n|-damage|p2b: Necrozma|97/100\n|-unboost|p2a: Palkia|spe|1\n|move|p2a: Palkia|Hydro Pump|p1a: Calyrex\n|-activate|p1a: Calyrex|move: Protect\n|move|p2b: Necrozma|Sunsteel Strike|p1a: Calyrex\n|-activate|p1a: Calyrex|move: Protect\n|\n|upkeep\n|turn|3\n|\n|t:|1773972804\n|switch|p1a: Kyogre|Kyogre, L50|100/100\n|-weather|RainDance|[from] ability: Drizzle|[of] p1a: Kyogre\n|move|p1b: Flutter Mane|Shadow Ball|p2a: Palkia\n|-damage|p2a: Palkia|26/100\n|move|p2b: Necrozma|Sunsteel Strike|p1a: Kyogre\n|-resisted|p1a: Kyogre\n|-damage|p1a: Kyogre|70/100\n|move|p2a: Palkia|Trick Room|p2a: Palkia\n|-fieldstart|move: Trick Room|[of] p2a: Palkia\n|\n|-weather|RainDance|[upkeep]\n|upkeep\n|turn|4\n|\n|t:|1773972826\n|-end|p1b: Flutter Mane|Protosynthesis|[silent]\n|switch|p1b: Amoonguss|Amoonguss, L50, M|100/100\n|move|p1a: Kyogre|Protect|p1a: Kyogre\n|-singleturn|p1a: Kyogre|Protect\n|move|p2b: Necrozma|Sunsteel Strike|p1b: Amoonguss\n|-damage|p1b: Amoonguss|45/100\n|-damage|p2b: Necrozma|80/100|[from] item: Rocky Helmet|[of] p1b: Amoonguss\n|move|p2a: Palkia|Spacial Rend|p1a: Kyogre\n|-activate|p1a: Kyogre|move: Protect\n|\n|-weather|RainDance|[upkeep]\n|upkeep\n|turn|5\n|\n|t:|1773972839\n|switch|p2a: Ogerpon|Ogerpon-Cornerstone, L50, F|100/100\n|move|p1b: Amoonguss|Spore|p2b: Necrozma\n|-status|p2b: Necrozma|slp|[from] move: Spore\n|cant|p2b: Necrozma|slp\n|move|p1a: Kyogre|Water Spout|p2b: Necrozma|[spread] p2a,p2b\n|-damage|p2a: Ogerpon|33/100\n|-damage|p2b: Necrozma|38/100 slp\n|\n|-weather|RainDance|[upkeep]\n|upkeep\n|turn|6\n|-message|iron cornbreads forfeited.\n|\n|win|Cello L.\n|raw|Cello L.'s rating: 1431 &rarr; <strong>1454</strong><br />(+23 for winning)\n|raw|iron cornbreads's rating: 1480 &rarr; <strong>1457</strong><br />(-23 for losing)\n|l|\u2606iron cornbreads\n|player|p2|\n|l|\u2606Cello L.\n|player|p1|\n","uploadtime":1773973057,"views":11,"formatid":"gen9vgc2026regi","rating":1454,"private":0,"password":null}