{"id":"gen9vgc2026regi-2558800978","format":"[Gen 9] VGC 2026 Reg I","players":["blackred123","fogdocker"],"log":"|j|\u2606blackred123\n|j|\u2606fogdocker\n|t:|1773485193\n|gametype|doubles\n|player|p1|blackred123|iono-masters|1392\n|player|p2|fogdocker|265|1581\n|gen|9\n|tier|[Gen 9] VGC 2026 Reg I\n|rated|\n|rule|Species Clause: Limit one of each Pok\u00e9mon\n|rule|Item Clause: Limit 1 of each item\n|clearpoke\n|poke|p1|Groudon, L50|\n|poke|p1|Volcarona, L50, M|\n|poke|p1|Incineroar, L50, M|\n|poke|p1|Miraidon, L50|\n|poke|p1|Flutter Mane, L50|\n|poke|p1|Chien-Pao, L50|\n|poke|p2|Calyrex-Ice, L50|\n|poke|p2|Koraidon, L50|\n|poke|p2|Flutter Mane, L50|\n|poke|p2|Incineroar, L50, F|\n|poke|p2|Rillaboom, L50, M|\n|poke|p2|Annihilape, L50, M|\n|teampreview|4\n|inactive|Battle timer is ON: inactive players will automatically lose when time's up. (requested by blackred123)\n|inactive|fogdocker has 60 seconds left.\n|inactive|fogdocker has 30 seconds left.\n|\n|t:|1773485259\n|teamsize|p1|4\n|teamsize|p2|4\n|start\n|switch|p1a: \u6c38\u96cf\u5854\u83f2|Groudon, L50|100/100\n|switch|p1b: \u548c\u6211\u6574\u7ffc\u53d1|Flutter Mane, L50|100/100\n|switch|p2a: Koraidon|Koraidon, L50|100/100\n|switch|p2b: Incineroar|Incineroar, L50, F|100/100\n|-weather|SunnyDay|[from] ability: Orichalcum Pulse|[of] p2a: Koraidon\n|-activate|p1b: \u548c\u6211\u6574\u7ffc\u53d1|ability: Protosynthesis\n|-start|p1b: \u548c\u6211\u6574\u7ffc\u53d1|protosynthesisspe\n|-activate|p2a: Koraidon|Orichalcum Pulse|[source]\n|-ability|p2b: Incineroar|Intimidate|boost\n|-unboost|p1a: \u6c38\u96cf\u5854\u83f2|atk|1\n|-unboost|p1b: \u548c\u6211\u6574\u7ffc\u53d1|atk|1\n|turn|1\n|inactive|fogdocker has 30 seconds left.\n|\n|t:|1773485289\n|switch|p2b: Rillaboom|Rillaboom, L50, M|100/100\n|-fieldstart|move: Grassy Terrain|[from] ability: Grassy Surge|[of] p2b: Rillaboom\n|move|p1b: \u548c\u6211\u6574\u7ffc\u53d1|Protect|p1b: \u548c\u6211\u6574\u7ffc\u53d1\n|-singleturn|p1b: \u548c\u6211\u6574\u7ffc\u53d1|Protect\n|move|p2a: Koraidon|Protect|p2a: Koraidon\n|-singleturn|p2a: Koraidon|Protect\n|move|p1a: \u6c38\u96cf\u5854\u83f2|Precipice Blades|p2b: Rillaboom|[spread] p2b\n|-activate|p2a: Koraidon|move: Protect\n|-resisted|p2b: Rillaboom\n|-damage|p2b: Rillaboom|83/100\n|\n|-weather|SunnyDay|[upkeep]\n|-heal|p2b: Rillaboom|89/100|[from] Grassy Terrain\n|upkeep\n|turn|2\n|\n|t:|1773485307\n|-end|p1b: \u548c\u6211\u6574\u7ffc\u53d1|Protosynthesis|[silent]\n|switch|p1b: \u516d\u7ffc\u4e01\u771f|Volcarona, L50, M|100/100\n|switch|p1a: \u94f6\u91d1\u5996\u86c7|Miraidon, L50, shiny|100/100\n|-fieldstart|move: Electric Terrain|[from] ability: Hadron Engine|[of] p1a: \u94f6\u91d1\u5996\u86c7\n|-enditem|p1b: \u516d\u7ffc\u4e01\u771f|Electric Seed\n|-boost|p1b: \u516d\u7ffc\u4e01\u771f|def|1|[from] item: Electric Seed\n|-terastallize|p2a: Koraidon|Fire\n|move|p2b: Rillaboom|Fake Out|p1a: \u94f6\u91d1\u5996\u86c7\n|-damage|p1a: \u94f6\u91d1\u5996\u86c7|90/100\n|move|p2a: Koraidon|Flame Charge|p1b: \u516d\u7ffc\u4e01\u771f\n|-damage|p1b: \u516d\u7ffc\u4e01\u771f|24/100\n|-boost|p2a: Koraidon|spe|1\n|-damage|p2a: Koraidon|91/100|[from] item: Life Orb\n|\n|-weather|SunnyDay|[upkeep]\n|upkeep\n|turn|3\n|\n|t:|1773485331\n|switch|p2b: Incineroar|Incineroar, L50, F|100/100\n|-ability|p2b: Incineroar|Intimidate|boost\n|-unboost|p1a: \u94f6\u91d1\u5996\u86c7|atk|1\n|-unboost|p1b: \u516d\u7ffc\u4e01\u771f|atk|1\n|move|p2a: Koraidon|Protect|p2a: Koraidon\n|-singleturn|p2a: Koraidon|Protect\n|move|p1a: \u94f6\u91d1\u5996\u86c7|Draco Meteor|p2b: Incineroar\n|-damage|p2b: Incineroar|18/100\n|-unboost|p1a: \u94f6\u91d1\u5996\u86c7|spa|2\n|move|p1b: \u516d\u7ffc\u4e01\u771f|Quiver Dance|p1b: \u516d\u7ffc\u4e01\u771f\n|-boost|p1b: \u516d\u7ffc\u4e01\u771f|spa|1\n|-boost|p1b: \u516d\u7ffc\u4e01\u771f|spd|1\n|-boost|p1b: \u516d\u7ffc\u4e01\u771f|spe|1\n|\n|-weather|SunnyDay|[upkeep]\n|upkeep\n|turn|4\n|\n|t:|1773485351\n|move|p1b: \u516d\u7ffc\u4e01\u771f|Protect|p1b: \u516d\u7ffc\u4e01\u771f\n|-singleturn|p1b: \u516d\u7ffc\u4e01\u771f|Protect\n|move|p2b: Incineroar|Fake Out|p1a: \u94f6\u91d1\u5996\u86c7\n|-damage|p1a: \u94f6\u91d1\u5996\u86c7|80/100\n|move|p2a: Koraidon|Flare Blitz|p1b: \u516d\u7ffc\u4e01\u771f\n|-activate|p1b: \u516d\u7ffc\u4e01\u771f|move: Protect\n|cant|p1a: \u94f6\u91d1\u5996\u86c7|flinch\n|\n|-weather|SunnyDay|[upkeep]\n|upkeep\n|turn|5\n|\n|t:|1773485369\n|switch|p2b: Rillaboom|Rillaboom, L50, M|89/100\n|-fieldstart|move: Grassy Terrain|[from] ability: Grassy Surge|[of] p2b: Rillaboom\n|move|p2a: Koraidon|Flare Blitz|p1b: \u516d\u7ffc\u4e01\u771f\n|-damage|p1b: \u516d\u7ffc\u4e01\u771f|0 fnt\n|faint|p1b: \u516d\u7ffc\u4e01\u771f\n|-damage|p2a: Koraidon|83/100|[from] Recoil\n|-damage|p2a: Koraidon|73/100|[from] item: Life Orb\n|move|p1a: \u94f6\u91d1\u5996\u86c7|Draco Meteor|p2b: Rillaboom\n|-crit|p2b: Rillaboom\n|-damage|p2b: Rillaboom|22/100\n|-unboost|p1a: \u94f6\u91d1\u5996\u86c7|spa|2\n|\n|-weather|none\n|-heal|p2a: Koraidon|79/100|[from] Grassy Terrain\n|-heal|p1a: \u94f6\u91d1\u5996\u86c7|86/100|[from] Grassy Terrain\n|-heal|p2b: Rillaboom|28/100|[from] Grassy Terrain\n|upkeep\n|\n|t:|1773485377\n|switch|p1b: \u548c\u6211\u6574\u7ffc\u53d1|Flutter Mane, L50|100/100\n|turn|6\n|\n|t:|1773485388\n|switch|p1a: \u6c38\u96cf\u5854\u83f2|Groudon, L50|100/100\n|-weather|SunnyDay|[from] ability: Drought|[of] p1a: \u6c38\u96cf\u5854\u83f2\n|-activate|p1b: \u548c\u6211\u6574\u7ffc\u53d1|ability: Protosynthesis\n|-start|p1b: \u548c\u6211\u6574\u7ffc\u53d1|protosynthesisspe\n|move|p2b: Rillaboom|Grassy Glide|p1b: \u548c\u6211\u6574\u7ffc\u53d1\n|-crit|p1b: \u548c\u6211\u6574\u7ffc\u53d1\n|-enditem|p1b: \u548c\u6211\u6574\u7ffc\u53d1|Focus Sash\n|-damage|p1b: \u548c\u6211\u6574\u7ffc\u53d1|1/100\n|move|p2a: Koraidon|Close Combat|p1a: \u6c38\u96cf\u5854\u83f2\n|-damage|p1a: \u6c38\u96cf\u5854\u83f2|33/100\n|-unboost|p2a: Koraidon|def|1\n|-unboost|p2a: Koraidon|spd|1\n|-damage|p2a: Koraidon|69/100|[from] item: Life Orb\n|move|p1b: \u548c\u6211\u6574\u7ffc\u53d1|Moonblast|p2b: Rillaboom\n|-damage|p2b: Rillaboom|0 fnt\n|faint|p2b: Rillaboom\n|\n|-weather|SunnyDay|[upkeep]\n|-heal|p2a: Koraidon|75/100|[from] Grassy Terrain\n|-heal|p1b: \u548c\u6211\u6574\u7ffc\u53d1|7/100|[from] Grassy Terrain\n|-heal|p1a: \u6c38\u96cf\u5854\u83f2|39/100|[from] Grassy Terrain\n|upkeep\n|\n|t:|1773485406\n|switch|p2b: Calyrex|Calyrex-Ice, L50|100/100\n|-ability|p2b: Calyrex|As One\n|-ability|p2b: Calyrex|Unnerve\n|turn|7\n|\n|t:|1773485422\n|-terastallize|p1a: \u6c38\u96cf\u5854\u83f2|Fire\n|move|p1b: \u548c\u6211\u6574\u7ffc\u53d1|Shadow Ball|p2b: Calyrex\n|-supereffective|p2b: Calyrex\n|-damage|p2b: Calyrex|47/100\n|move|p2a: Koraidon|Close Combat|p1a: \u6c38\u96cf\u5854\u83f2\n|-damage|p1a: \u6c38\u96cf\u5854\u83f2|0 fnt\n|-unboost|p2a: Koraidon|def|1\n|-unboost|p2a: Koraidon|spd|1\n|faint|p1a: \u6c38\u96cf\u5854\u83f2\n|-damage|p2a: Koraidon|65/100|[from] item: Life Orb\n|move|p2b: Calyrex|Trick Room|p2b: Calyrex\n|-fieldstart|move: Trick Room|[of] p2b: Calyrex\n|\n|-weather|SunnyDay|[upkeep]\n|-heal|p2b: Calyrex|53/100|[from] Grassy Terrain\n|-heal|p2b: Calyrex|59/100|[from] item: Leftovers\n|-heal|p2a: Koraidon|71/100|[from] Grassy Terrain\n|-heal|p1b: \u548c\u6211\u6574\u7ffc\u53d1|14/100|[from] Grassy Terrain\n|upkeep\n|\n|t:|1773485431\n|switch|p1a: \u94f6\u91d1\u5996\u86c7|Miraidon, L50, shiny|86/100\n|-fieldstart|move: Electric Terrain|[from] ability: Hadron Engine|[of] p1a: \u94f6\u91d1\u5996\u86c7\n|turn|8\n|-message|blackred123 forfeited.\n|\n|win|fogdocker\n|raw|blackred123's rating: 1392 &rarr; <strong>1382</strong><br />(-10 for losing)\n|raw|fogdocker's rating: 1581 &rarr; <strong>1591</strong><br />(+10 for winning)\n|l|\u2606blackred123\n|player|p1|\n","uploadtime":1773485446,"views":15,"formatid":"gen9vgc2026regi","rating":1382,"private":0,"password":null}