{"id":"gen9vgc2026regi-2582823573","format":"[Gen 9] VGC 2026 Reg I","players":["zonavideovigilada","identityline1"],"log":"|j|\u2606zonavideovigilada\n|j|\u2606identityline1\n|t:|1776116846\n|gametype|doubles\n|player|p1|zonavideovigilada|1|1510\n|player|p2|identityline1|1|1440\n|gen|9\n|tier|[Gen 9] VGC 2026 Reg I\n|rated|\n|rule|Species Clause: Limit one of each Pok\u00e9mon\n|rule|Item Clause: Limit 1 of each item\n|clearpoke\n|poke|p1|Miraidon, L50|\n|poke|p1|Calyrex-Ice, L50|\n|poke|p1|Urshifu-*, L50, M|\n|poke|p1|Ogerpon-Wellspring, L50, F|\n|poke|p1|Talonflame, L50, F|\n|poke|p1|Iron Crown, L50|\n|poke|p2|Calyrex-Shadow, L50|\n|poke|p2|Zamazenta-*, L50|\n|poke|p2|Incineroar, L50, M|\n|poke|p2|Rillaboom, L50, M|\n|poke|p2|Urshifu-*, L50, F|\n|poke|p2|Tornadus, L50, M|\n|teampreview|4\n|\n|t:|1776116884\n|teamsize|p1|4\n|teamsize|p2|4\n|start\n|switch|p1a: Miraidon|Miraidon, L50|100/100\n|switch|p1b: Talonflame|Talonflame, L50, F|100/100\n|switch|p2a: Calyrex|Calyrex-Shadow, L50|100/100\n|switch|p2b: Tornadus|Tornadus, L50, M|100/100\n|-ability|p2a: Calyrex|As One\n|-ability|p2a: Calyrex|Unnerve\n|-fieldstart|move: Electric Terrain|[from] ability: Hadron Engine|[of] p1a: Miraidon\n|turn|1\n|\n|t:|1776116905\n|switch|p2b: Rillaboom|Rillaboom, L50, M|100/100\n|-fieldstart|move: Grassy Terrain|[from] ability: Grassy Surge|[of] p2b: Rillaboom\n|move|p1b: Talonflame|Tailwind|p1b: Talonflame\n|-sidestart|p1: zonavideovigilada|move: Tailwind\n|move|p1a: Miraidon|Snarl|p2a: Calyrex|[spread] p2a,p2b\n|-supereffective|p2a: Calyrex\n|-damage|p2a: Calyrex|46/100\n|-damage|p2b: Rillaboom|92/100\n|-unboost|p2a: Calyrex|spa|1\n|-unboost|p2b: Rillaboom|spa|1\n|move|p2a: Calyrex|Astral Barrage|p1b: Talonflame|[spread] p1a,p1b\n|-damage|p1a: Miraidon|70/100\n|-damage|p1b: Talonflame|38/100\n|\n|-heal|p1a: Miraidon|76/100|[from] Grassy Terrain\n|-heal|p2a: Calyrex|51/100|[from] Grassy Terrain\n|-heal|p2b: Rillaboom|98/100|[from] Grassy Terrain\n|upkeep\n|turn|2\n|\n|t:|1776116944\n|move|p2a: Calyrex|Protect|p2a: Calyrex\n|-singleturn|p2a: Calyrex|Protect\n|move|p1a: Miraidon|Snarl|p2a: Calyrex|[spread] p2b\n|-activate|p2a: Calyrex|move: Protect\n|-damage|p2b: Rillaboom|91/100\n|-unboost|p2b: Rillaboom|spa|1\n|move|p1b: Talonflame|Flare Blitz|p2b: Rillaboom\n|-supereffective|p2b: Rillaboom\n|-damage|p2b: Rillaboom|0 fnt\n|faint|p2b: Rillaboom\n|-damage|p1b: Talonflame|0 fnt|[from] Recoil\n|faint|p1b: Talonflame\n|\n|-heal|p1a: Miraidon|82/100|[from] Grassy Terrain\n|-heal|p2a: Calyrex|57/100|[from] Grassy Terrain\n|upkeep\n|\n|t:|1776116972\n|switch|p1b: Urshifu|Urshifu, L50, M|100/100\n|switch|p2b: Tornadus|Tornadus, L50, M|100/100\n|turn|3\n|\n|t:|1776116995\n|switch|p2a: Zamazenta|Zamazenta-Crowned, L50|100/100\n|-ability|p2a: Zamazenta|Dauntless Shield|boost\n|-boost|p2a: Zamazenta|def|1\n|move|p1a: Miraidon|Snarl|p2a: Zamazenta|[spread] p2a,p2b\n|-resisted|p2a: Zamazenta\n|-damage|p2a: Zamazenta|95/100\n|-damage|p2b: Tornadus|82/100\n|-unboost|p2a: Zamazenta|spa|1\n|move|p1b: Urshifu|Wicked Blow|p2b: Tornadus\n|-crit|p2b: Tornadus\n|-damage|p2b: Tornadus|0 fnt\n|faint|p2b: Tornadus\n|\n|-heal|p1a: Miraidon|87/100|[from] Grassy Terrain\n|-heal|p2a: Zamazenta|100/100|[from] Grassy Terrain\n|upkeep\n|\n|t:|1776117012\n|switch|p2b: Calyrex|Calyrex-Shadow, L50|57/100\n|-ability|p2b: Calyrex|As One\n|-ability|p2b: Calyrex|Unnerve\n|turn|4\n|\n|t:|1776117032\n|switch|p1a: Calyrex|Calyrex-Ice, L50|100/100\n|-ability|p1a: Calyrex|As One\n|-ability|p1a: Calyrex|Unnerve\n|move|p1b: Urshifu|Wicked Blow|p2b: Calyrex\n|-supereffective|p2b: Calyrex\n|-crit|p2b: Calyrex\n|-damage|p2b: Calyrex|0 fnt\n|faint|p2b: Calyrex\n|move|p2a: Zamazenta|Body Press|p1b: Urshifu\n|-supereffective|p1b: Urshifu\n|-crit|p1b: Urshifu\n|-enditem|p1b: Urshifu|Focus Sash\n|-damage|p1b: Urshifu|1/100\n|\n|-heal|p1b: Urshifu|7/100|[from] Grassy Terrain\n|-sideend|p1: zonavideovigilada|move: Tailwind\n|upkeep\n|turn|5\n|\n|t:|1776117064\n|move|p1b: Urshifu|Protect|p1b: Urshifu\n|-singleturn|p1b: Urshifu|Protect\n|move|p2a: Zamazenta|Behemoth Bash|p1a: Calyrex\n|-supereffective|p1a: Calyrex\n|-crit|p1a: Calyrex\n|-damage|p1a: Calyrex|27/100\n|move|p1a: Calyrex|Body Press|p2a: Zamazenta\n|-supereffective|p2a: Zamazenta\n|-damage|p2a: Zamazenta|79/100\n|\n|-heal|p2a: Zamazenta|85/100|[from] Grassy Terrain\n|-heal|p1b: Urshifu|14/100|[from] Grassy Terrain\n|-heal|p1a: Calyrex|33/100|[from] Grassy Terrain\n|-fieldend|move: Grassy Terrain\n|upkeep\n|turn|6\n|\n|t:|1776117080\n|move|p2a: Zamazenta|Body Press|p1b: Urshifu\n|-supereffective|p1b: Urshifu\n|-damage|p1b: Urshifu|0 fnt\n|faint|p1b: Urshifu\n|move|p1a: Calyrex|Imprison|p1a: Calyrex\n|-start|p1a: Calyrex|move: Imprison\n|\n|upkeep\n|\n|t:|1776117083\n|switch|p1b: Miraidon|Miraidon, L50|87/100\n|-fieldstart|move: Electric Terrain|[from] ability: Hadron Engine|[of] p1b: Miraidon\n|turn|7\n|inactive|Battle timer is ON: inactive players will automatically lose when time's up. (requested by zonavideovigilada)\n|\n|t:|1776117107\n|-terastallize|p2a: Zamazenta|Dragon\n|-terastallize|p1a: Calyrex|Fire\n|move|p1b: Miraidon|Electro Drift|p2a: Zamazenta\n|-resisted|p2a: Zamazenta\n|-damage|p2a: Zamazenta|54/100\n|move|p2a: Zamazenta|Behemoth Bash|p1a: Calyrex\n|-resisted|p1a: Calyrex\n|-damage|p1a: Calyrex|20/100\n|move|p1a: Calyrex|Glacial Lance|p2a: Zamazenta\n|-supereffective|p2a: Zamazenta\n|-damage|p2a: Zamazenta|0 fnt\n|faint|p2a: Zamazenta\n|\n|win|zonavideovigilada\n|raw|zonavideovigilada's rating: 1510 &rarr; <strong>1526</strong><br />(+16 for winning)\n|raw|identityline1's rating: 1440 &rarr; <strong>1424</strong><br />(-16 for losing)\n|l|\u2606identityline1\n|player|p2|\n|l|\u2606zonavideovigilada\n|player|p1|\n","uploadtime":1776117310,"views":9,"formatid":"gen9vgc2026regi","rating":1424,"private":0,"password":null}