{"id":"gen9vgc2026regi-2523186065","format":"[Gen 9] VGC 2026 Reg I","players":["suc vat vk","kojimuranishi"],"log":"|j|\u2606suc vat vk\n|j|\u2606kojimuranishi\n|t:|1769000662\n|gametype|doubles\n|player|p1|suc vat vk|kimonogirl|1302\n|player|p2|kojimuranishi|2|1479\n|gen|9\n|tier|[Gen 9] VGC 2026 Reg I\n|rated|\n|rule|Species Clause: Limit one of each Pok\u00e9mon\n|rule|Item Clause: Limit 1 of each item\n|clearpoke\n|poke|p1|Calyrex-Shadow, L50|\n|poke|p1|Incineroar, L50, M|\n|poke|p1|Smeargle, L50, F|\n|poke|p1|Whimsicott, L50, M|\n|poke|p1|Kyurem-White, L50|\n|poke|p1|Ogerpon-Cornerstone, L50, F|\n|poke|p2|Zamazenta-*, L50|\n|poke|p2|Lunala, L50|\n|poke|p2|Chien-Pao, L50|\n|poke|p2|Dragonite, L50, F|\n|poke|p2|Landorus, L50, M|\n|poke|p2|Urshifu-*, L50, M|\n|teampreview|4\n|inactive|Battle timer is ON: inactive players will automatically lose when time's up. (requested by kojimuranishi)\n|\n|t:|1769000685\n|teamsize|p1|4\n|teamsize|p2|4\n|start\n|switch|p1a: Whimsicott|Whimsicott, L50, M, shiny|100/100\n|switch|p1b: Kyurem|Kyurem-White, L50, shiny|100/100\n|switch|p2a: Urshifu|Urshifu-Rapid-Strike, L50, M|100/100\n|switch|p2b: Zamazenta|Zamazenta-Crowned, L50|100/100\n|-ability|p2b: Zamazenta|Dauntless Shield|boost\n|-boost|p2b: Zamazenta|def|1\n|-ability|p1b: Kyurem|Turboblaze\n|turn|1\n|inactive|kojimuranishi has 30 seconds left.\n|\n|t:|1769000712\n|-terastallize|p2b: Zamazenta|Water\n|-terastallize|p1b: Kyurem|Fire\n|move|p1a: Whimsicott|Tailwind|p1a: Whimsicott\n|-sidestart|p1: suc vat vk|move: Tailwind\n|move|p1b: Kyurem|Freeze-Dry|p2a: Urshifu\n|-supereffective|p2a: Urshifu\n|-enditem|p2a: Urshifu|Focus Sash\n|-damage|p2a: Urshifu|1/100\n|-damage|p1b: Kyurem|91/100|[from] item: Life Orb\n|move|p2a: Urshifu|Close Combat|p1b: Kyurem\n|-damage|p1b: Kyurem|23/100\n|-unboost|p2a: Urshifu|def|1\n|-unboost|p2a: Urshifu|spd|1\n|move|p2b: Zamazenta|Behemoth Bash|p1a: Whimsicott\n|-supereffective|p1a: Whimsicott\n|-damage|p1a: Whimsicott|0 fnt\n|faint|p1a: Whimsicott\n|\n|upkeep\n|inactive|suc vat vk has 30 seconds left.\n|\n|t:|1769000743\n|switch|p1a: Smeargle|Smeargle, L50, F|100/100\n|turn|2\n|\n|t:|1769000758\n|move|p2a: Urshifu|Detect|p2a: Urshifu\n|-singleturn|p2a: Urshifu|Protect\n|move|p1a: Smeargle|Fake Out|p2a: Urshifu\n|-activate|p2a: Urshifu|move: Protect\n|move|p1b: Kyurem|Freeze-Dry|p2b: Zamazenta\n|-supereffective|p2b: Zamazenta\n|-damage|p2b: Zamazenta|22/100\n|-damage|p1b: Kyurem|13/100|[from] item: Life Orb\n|move|p2b: Zamazenta|Body Press|p1a: Smeargle\n|-supereffective|p1a: Smeargle\n|-enditem|p1a: Smeargle|Focus Sash\n|-damage|p1a: Smeargle|1/100\n|\n|-ability|p1a: Smeargle|Moody|boost\n|-boost|p1a: Smeargle|spd|2\n|-unboost|p1a: Smeargle|def|1\n|upkeep\n|turn|3\n|inactive|suc vat vk has 30 seconds left.\n|\n|t:|1769000785\n|move|p2a: Urshifu|Aqua Jet|p1a: Smeargle\n|-damage|p1a: Smeargle|0 fnt\n|faint|p1a: Smeargle\n|move|p1b: Kyurem|Freeze-Dry|p2a: Urshifu\n|-supereffective|p2a: Urshifu\n|-damage|p2a: Urshifu|0 fnt\n|faint|p2a: Urshifu\n|-damage|p1b: Kyurem|3/100|[from] item: Life Orb\n|move|p2b: Zamazenta|Behemoth Bash|p1b: Kyurem\n|-resisted|p1b: Kyurem\n|-damage|p1b: Kyurem|0 fnt\n|faint|p1b: Kyurem\n|\n|upkeep\n|\n|t:|1769000800\n|switch|p2a: Lunala|Lunala, L50|100/100\n|switch|p1b: Calyrex|Calyrex-Shadow, L50|100/100\n|-ability|p1b: Calyrex|As One\n|-ability|p1b: Calyrex|Unnerve\n|turn|4\n|\n|t:|1769000811\n|move|p2b: Zamazenta|Wide Guard|p2b: Zamazenta\n|-singleturn|p2b: Zamazenta|Wide Guard\n|move|p1b: Calyrex|Astral Barrage|p2a: Lunala|[spread] \n|-activate|p2a: Lunala|move: Wide Guard\n|-activate|p2b: Zamazenta|move: Wide Guard\n|move|p2a: Lunala|Trick Room|p2a: Lunala\n|-fieldstart|move: Trick Room|[of] p2a: Lunala\n|\n|-sideend|p1: suc vat vk|move: Tailwind\n|upkeep\n|turn|5\n|-message|suc vat vk forfeited.\n|\n|win|kojimuranishi\n|raw|suc vat vk's rating: 1302 &rarr; <strong>1291</strong><br />(-11 for losing)\n|raw|kojimuranishi's rating: 1479 &rarr; <strong>1490</strong><br />(+11 for winning)\n|l|\u2606suc vat vk\n|player|p1|\n|l|\u2606kojimuranishi\n|player|p2|\n","uploadtime":1769000955,"views":13,"formatid":"gen9vgc2026regi","rating":1291,"private":0,"password":null}