{"id":"gen9vgc2026regi-2568309346","format":"[Gen 9] VGC 2026 Reg I","players":["minkeyman","myminiman"],"log":"|j|\u2606minkeyman\n|j|\u2606myminiman\n|t:|1774565058\n|gametype|doubles\n|player|p1|minkeyman|marshal|1326\n|player|p2|myminiman|bea|1372\n|gen|9\n|tier|[Gen 9] VGC 2026 Reg I\n|rated|\n|rule|Species Clause: Limit one of each Pok\u00e9mon\n|rule|Item Clause: Limit 1 of each item\n|clearpoke\n|poke|p1|Koraidon, L50|\n|poke|p1|Calyrex-Shadow, L50|\n|poke|p1|Brute Bonnet, L50|\n|poke|p1|Incineroar, L50, F|\n|poke|p1|Walking Wake, L50|\n|poke|p1|Annihilape, L50, M|\n|poke|p2|Calyrex-Ice, L50|\n|poke|p2|Kyogre, L50|\n|poke|p2|Raging Bolt, L50|\n|poke|p2|Urshifu-*, L50, F|\n|poke|p2|Incineroar, L50, M|\n|poke|p2|Rillaboom, L50, F|\n|teampreview|4\n|inactive|Battle timer is ON: inactive players will automatically lose when time's up. (requested by minkeyman)\n|\n|t:|1774565088\n|teamsize|p1|4\n|teamsize|p2|4\n|start\n|switch|p1a: Calyrex|Calyrex-Shadow, L50|100/100\n|switch|p1b: Annihilape|Annihilape, L50, M|100/100\n|switch|p2a: Calyrex|Calyrex-Ice, L50|100/100\n|switch|p2b: Raging Bolt|Raging Bolt, L50|100/100\n|-ability|p1a: Calyrex|As One\n|-ability|p1a: Calyrex|Unnerve\n|-ability|p2a: Calyrex|As One\n|-ability|p2a: Calyrex|Unnerve\n|-enditem|p2b: Raging Bolt|Booster Energy\n|-activate|p2b: Raging Bolt|ability: Protosynthesis|[fromitem]\n|-start|p2b: Raging Bolt|protosynthesisspa\n|turn|1\n|\n|t:|1774565102\n|move|p2a: Calyrex|Protect|p2a: Calyrex\n|-singleturn|p2a: Calyrex|Protect\n|move|p2b: Raging Bolt|Thunderclap|p1b: Annihilape\n|-damage|p1b: Annihilape|49/100\n|move|p1b: Annihilape|Final Gambit|p2b: Raging Bolt\n|-damage|p2b: Raging Bolt|53/100\n|faint|p1b: Annihilape\n|move|p1a: Calyrex|Astral Barrage|p2b: Raging Bolt|[spread] p2b\n|-activate|p2a: Calyrex|move: Protect\n|-damage|p2b: Raging Bolt|6/100\n|\n|upkeep\n|\n|t:|1774565122\n|switch|p1b: Koraidon|Koraidon, L50|100/100\n|-weather|SunnyDay|[from] ability: Orichalcum Pulse|[of] p1b: Koraidon\n|-activate|p1b: Koraidon|Orichalcum Pulse|[source]\n|turn|2\n|inactive|myminiman has 30 seconds left.\n|\n|t:|1774565150\n|-end|p2b: Raging Bolt|Protosynthesis|[silent]\n|switch|p2b: Kyogre|Kyogre, L50|100/100\n|-weather|RainDance|[from] ability: Drizzle|[of] p2b: Kyogre\n|-terastallize|p2a: Calyrex|Grass\n|move|p1a: Calyrex|Astral Barrage|p2a: Calyrex|[spread] p2a,p2b\n|-damage|p2a: Calyrex|63/100\n|-damage|p2b: Kyogre|65/100\n|move|p1b: Koraidon|Close Combat|p2a: Calyrex\n|-damage|p2a: Calyrex|12/100\n|-unboost|p1b: Koraidon|def|1\n|-unboost|p1b: Koraidon|spd|1\n|-damage|p1b: Koraidon|91/100|[from] item: Life Orb\n|move|p2a: Calyrex|Trick Room|p2a: Calyrex\n|-fieldstart|move: Trick Room|[of] p2a: Calyrex\n|\n|-weather|RainDance|[upkeep]\n|upkeep\n|turn|3\n|\n|t:|1774565170\n|switch|p1b: Walking Wake|Walking Wake, L50|100/100\n|move|p1a: Calyrex|Protect|p1a: Calyrex\n|-singleturn|p1a: Calyrex|Protect\n|move|p2a: Calyrex|Glacial Lance|p1a: Calyrex|[spread] p1b\n|-activate|p1a: Calyrex|move: Protect\n|-damage|p1b: Walking Wake|43/100\n|move|p2b: Kyogre|Origin Pulse|p1a: Calyrex|[spread] p1b\n|-activate|p1a: Calyrex|move: Protect\n|-resisted|p1b: Walking Wake\n|-damage|p1b: Walking Wake|17/100\n|\n|-weather|RainDance|[upkeep]\n|upkeep\n|turn|4\n|\n|t:|1774565184\n|switch|p1a: Koraidon|Koraidon, L50|91/100\n|-weather|SunnyDay|[from] ability: Orichalcum Pulse|[of] p1a: Koraidon\n|-activate|p1b: Walking Wake|ability: Protosynthesis\n|-start|p1b: Walking Wake|protosynthesisspe\n|-activate|p1a: Koraidon|Orichalcum Pulse|[source]\n|move|p2a: Calyrex|Glacial Lance|p1b: Walking Wake|[spread] p1a,p1b\n|-supereffective|p1a: Koraidon\n|-crit|p1b: Walking Wake\n|-damage|p1a: Koraidon|0 fnt\n|-damage|p1b: Walking Wake|0 fnt\n|faint|p1a: Koraidon\n|faint|p1b: Walking Wake\n|-end|p1b: Walking Wake|Protosynthesis|[silent]\n|-ability|p2a: Calyrex|Chilling Neigh|boost\n|-boost|p2a: Calyrex|atk|2\n|move|p2b: Kyogre|Thunder|p1: Koraidon|[notarget]\n|-fail|p2b: Kyogre\n|\n|-weather|SunnyDay|[upkeep]\n|upkeep\n|\n|t:|1774565187\n|switch|p1b: Calyrex|Calyrex-Shadow, L50|100/100\n|-ability|p1b: Calyrex|As One\n|-ability|p1b: Calyrex|Unnerve\n|turn|5\n|\n|t:|1774565196\n|move|p2a: Calyrex|Glacial Lance|p1b: Calyrex\n|-enditem|p1b: Calyrex|Focus Sash\n|-damage|p1b: Calyrex|1/100\n|move|p2b: Kyogre|Thunder|p1b: Calyrex\n|-damage|p1b: Calyrex|0 fnt\n|faint|p1b: Calyrex\n|\n|win|myminiman\n|raw|minkeyman's rating: 1340 &rarr; <strong>1322</strong><br />(-18 for losing)\n|raw|myminiman's rating: 1372 &rarr; <strong>1390</strong><br />(+18 for winning)\n|l|\u2606myminiman\n|player|p2|\n|l|\u2606minkeyman\n|player|p1|\n","uploadtime":1774565398,"views":12,"formatid":"gen9vgc2026regi","rating":1322,"private":0,"password":null}