{"id":"gen9vgc2026regi-2553147057","format":"[Gen 9] VGC 2026 Reg I","players":["blackred123","kaiSSTX"],"log":"|j|\u2606blackred123\n|j|\u2606kaiSSTX\n|t:|1772804210\n|gametype|doubles\n|player|p1|blackred123|iono-masters|1449\n|player|p2|kaiSSTX|cynthia|1448\n|gen|9\n|tier|[Gen 9] VGC 2026 Reg I\n|rated|\n|rule|Species Clause: Limit one of each Pok\u00e9mon\n|rule|Item Clause: Limit 1 of each item\n|clearpoke\n|poke|p1|Kyogre, L50|\n|poke|p1|Zamazenta-*, L50|\n|poke|p1|Chien-Pao, L50|\n|poke|p1|Amoonguss, L50, F|\n|poke|p1|Dragonite, L50, F|\n|poke|p1|Rillaboom, L50, F|\n|poke|p2|Ho-Oh, L50|\n|poke|p2|Miraidon, L50|\n|poke|p2|Iron Treads, L50|\n|poke|p2|Iron Bundle, L50|\n|poke|p2|Urshifu-*, L50, M|\n|poke|p2|Farigiraf, L50, F|\n|teampreview|4\n|inactive|Battle timer is ON: inactive players will automatically lose when time's up. (requested by blackred123)\n|inactive|kaiSSTX has 60 seconds left.\n|\n|t:|1772804253\n|teamsize|p1|4\n|teamsize|p2|4\n|start\n|switch|p1a: Zamazenta|Zamazenta-Crowned, L50|100/100\n|switch|p1b: Chien-Pao|Chien-Pao, L50|100/100\n|switch|p2a: Iron Bundle|Iron Bundle, L50|100/100\n|switch|p2b: Miraidon|Miraidon, L50|100/100\n|-ability|p1b: Chien-Pao|Sword of Ruin\n|-fieldstart|move: Electric Terrain|[from] ability: Hadron Engine|[of] p2b: Miraidon\n|-activate|p2a: Iron Bundle|ability: Quark Drive\n|-start|p2a: Iron Bundle|quarkdrivespe\n|-ability|p1a: Zamazenta|Dauntless Shield|boost\n|-boost|p1a: Zamazenta|def|1\n|turn|1\n|j| SaltyCore69\n|inactive|kaiSSTX has 30 seconds left.\n|\n|t:|1772804279\n|-terastallize|p1a: Zamazenta|Grass\n|move|p1b: Chien-Pao|Protect|p1b: Chien-Pao\n|-singleturn|p1b: Chien-Pao|Protect\n|move|p2a: Iron Bundle|Icy Wind|p1b: Chien-Pao|[spread] p1a\n|-activate|p1b: Chien-Pao|move: Protect\n|-supereffective|p1a: Zamazenta\n|-damage|p1a: Zamazenta|72/100\n|-unboost|p1a: Zamazenta|spe|1\n|move|p2b: Miraidon|Volt Switch|p1b: Chien-Pao\n|-activate|p1b: Chien-Pao|move: Protect\n|move|p1a: Zamazenta|Body Press|p2a: Iron Bundle\n|-supereffective|p2a: Iron Bundle\n|-enditem|p2a: Iron Bundle|Focus Sash\n|-damage|p2a: Iron Bundle|1/100\n|\n|upkeep\n|turn|2\n|inactive|kaiSSTX has 30 seconds left.\n|inactive|blackred123 has 30 seconds left.\n|inactive|kaiSSTX has 20 seconds left.\n|inactive|kaiSSTX has 15 seconds left.\n|\n|t:|1772804320\n|switch|p2b: Farigiraf|Farigiraf, L50, F|100/100\n|-enditem|p2b: Farigiraf|Electric Seed\n|-boost|p2b: Farigiraf|def|1|[from] item: Electric Seed\n|move|p1a: Zamazenta|Wide Guard|p1a: Zamazenta\n|-singleturn|p1a: Zamazenta|Wide Guard\n|move|p2a: Iron Bundle|Freeze-Dry|p1a: Zamazenta\n|-supereffective|p1a: Zamazenta\n|-damage|p1a: Zamazenta|28/100\n|move|p1b: Chien-Pao|Ice Spinner|p2b: Farigiraf\n|-damage|p2b: Farigiraf|66/100\n|-fieldend|move: Electric Terrain\n|-end|p2a: Iron Bundle|Quark Drive\n|\n|upkeep\n|turn|3\n|inactive|blackred123 has 30 seconds left.\n|\n|t:|1772804350\n|move|p2a: Iron Bundle|Freeze-Dry|p1a: Zamazenta\n|-supereffective|p1a: Zamazenta\n|-damage|p1a: Zamazenta|0 fnt\n|faint|p1a: Zamazenta\n|move|p1b: Chien-Pao|Taunt|p2b: Farigiraf\n|-start|p2b: Farigiraf|move: Taunt\n|move|p2b: Farigiraf|Hyper Voice|p1b: Chien-Pao\n|-damage|p1b: Chien-Pao|26/100\n|\n|upkeep\n|\n|t:|1772804356\n|switch|p1a: Kyogre|Kyogre, L50|100/100\n|-weather|RainDance|[from] ability: Drizzle|[of] p1a: Kyogre\n|turn|4\n|\n|t:|1772804380\n|switch|p1b: Dragonite|Dragonite, L50, F|100/100\n|move|p1a: Kyogre|Origin Pulse|p2b: Farigiraf|[spread] p2a,p2b\n|-resisted|p2a: Iron Bundle\n|-damage|p2a: Iron Bundle|0 fnt\n|-damage|p2b: Farigiraf|10/100\n|faint|p2a: Iron Bundle\n|-end|p2a: Iron Bundle|Quark Drive|[silent]\n|move|p2b: Farigiraf|Hyper Voice|p1a: Kyogre|[spread] p1a,p1b\n|-damage|p1a: Kyogre|80/100\n|-damage|p1b: Dragonite|73/100\n|\n|-weather|RainDance|[upkeep]\n|upkeep\n|\n|t:|1772804389\n|switch|p2a: Miraidon|Miraidon, L50|100/100\n|-fieldstart|move: Electric Terrain|[from] ability: Hadron Engine|[of] p2a: Miraidon\n|turn|5\n|inactive|kaiSSTX has 30 seconds left.\n|\n|t:|1772804416\n|switch|p2b: Ho-Oh|Ho-Oh, L50|100/100\n|move|p1a: Kyogre|Origin Pulse|p2a: Miraidon|[spread] p2b\n|-miss|p1a: Kyogre|p2a: Miraidon\n|-supereffective|p2b: Ho-Oh\n|-damage|p2b: Ho-Oh|26/100\n|move|p2a: Miraidon|Volt Switch|p1a: Kyogre\n|-supereffective|p1a: Kyogre\n|-crit|p1a: Kyogre\n|-damage|p1a: Kyogre|0 fnt\n|faint|p1a: Kyogre\n|\n|t:|1772804426\n|switch|p2a: Farigiraf|Farigiraf, L50, F|10/100|[from] Volt Switch\n|move|p1b: Dragonite|Low Kick|p2a: Farigiraf\n|-damage|p2a: Farigiraf|0 fnt\n|faint|p2a: Farigiraf\n|\n|-weather|RainDance|[upkeep]\n|upkeep\n|\n|t:|1772804431\n|switch|p1a: Chien-Pao|Chien-Pao, L50|26/100\n|switch|p2a: Miraidon|Miraidon, L50|100/100\n|-ability|p1a: Chien-Pao|Sword of Ruin\n|-activate|p2a: Miraidon|ability: Hadron Engine\n|turn|6\n|\n|t:|1772804446\n|-terastallize|p2a: Miraidon|Fairy\n|move|p1a: Chien-Pao|Sucker Punch||[still]\n|-fail|p1a: Chien-Pao\n|move|p2a: Miraidon|Dazzling Gleam|p1b: Dragonite|[spread] p1a,p1b\n|-supereffective|p1a: Chien-Pao\n|-supereffective|p1b: Dragonite\n|-damage|p1a: Chien-Pao|0 fnt\n|-damage|p1b: Dragonite|0 fnt\n|faint|p1a: Chien-Pao\n|faint|p1b: Dragonite\n|\n|win|kaiSSTX\n|raw|blackred123's rating: 1449 &rarr; <strong>1429</strong><br />(-20 for losing)\n|raw|kaiSSTX's rating: 1448 &rarr; <strong>1468</strong><br />(+20 for winning)\n|l|\u2606blackred123\n|player|p1|\n|l|\u2606kaiSSTX\n|player|p2|\n","uploadtime":1772804615,"views":17,"formatid":"gen9vgc2026regi","rating":1429,"private":0,"password":null}