{"id":"gen9vgc2026regi-2537538480","format":"[Gen 9] VGC 2026 Reg I","players":["j0l0k0","Galaxiangg"],"log":"|j|\u2606j0l0k0\n|j|\u2606Galaxiangg\n|t:|1770825405\n|gametype|doubles\n|player|p1|j0l0k0|brycen|1487\n|player|p2|Galaxiangg|aromalady|1389\n|gen|9\n|tier|[Gen 9] VGC 2026 Reg I\n|rated|\n|rule|Species Clause: Limit one of each Pok\u00e9mon\n|rule|Item Clause: Limit 1 of each item\n|clearpoke\n|poke|p1|Calyrex-Ice, L50|\n|poke|p1|Kyogre, L50|\n|poke|p1|Indeedee-F, L50, F|\n|poke|p1|Urshifu-*, L50, F|\n|poke|p1|Amoonguss, L50, F|\n|poke|p1|Landorus, L50, M|\n|poke|p2|Miraidon, L50|\n|poke|p2|Farigiraf, L50, F|\n|poke|p2|Salamence, L50, F|\n|poke|p2|Flutter Mane, L50|\n|poke|p2|Kingambit, L50, F|\n|poke|p2|Kyogre, L50|\n|teampreview|4\n|inactive|Battle timer is ON: inactive players will automatically lose when time's up. (requested by j0l0k0)\n|inactive|Galaxiangg has 60 seconds left.\n|inactive|Galaxiangg has 30 seconds left.\n|\n|t:|1770825469\n|teamsize|p1|4\n|teamsize|p2|4\n|start\n|switch|p1a: Kyogre|Kyogre, L50, shiny|100/100\n|switch|p1b: Indeedee|Indeedee-F, L50, F, shiny|100/100\n|switch|p2a: Kingambit|Kingambit, L50, F, shiny|100/100\n|switch|p2b: Kyogre|Kyogre, L50, shiny|100/100\n|-weather|RainDance|[from] ability: Drizzle|[of] p2b: Kyogre\n|-fieldstart|move: Psychic Terrain|[from] ability: Psychic Surge|[of] p1b: Indeedee\n|turn|1\n|inactive|j0l0k0 has 30 seconds left.\n|\n|t:|1770825499\n|move|p1b: Indeedee|Helping Hand|p1a: Kyogre\n|-singleturn|p1a: Kyogre|Helping Hand|[of] p1b: Indeedee\n|move|p2a: Kingambit|Protect|p2a: Kingambit\n|-singleturn|p2a: Kingambit|Protect\n|move|p2b: Kyogre|Water Spout|p1b: Indeedee|[spread] p1a,p1b\n|-resisted|p1a: Kyogre\n|-crit|p1a: Kyogre\n|-damage|p1a: Kyogre|72/100\n|-damage|p1b: Indeedee|16/100\n|move|p1a: Kyogre|Thunder|p2b: Kyogre\n|-supereffective|p2b: Kyogre\n|-damage|p2b: Kyogre|43/100\n|\n|-weather|RainDance|[upkeep]\n|upkeep\n|turn|2\n|inactive|Galaxiangg has 30 seconds left.\n|\n|t:|1770825528\n|-terastallize|p2b: Kyogre|Grass\n|move|p1b: Indeedee|Helping Hand|p1a: Kyogre\n|-singleturn|p1a: Kyogre|Helping Hand|[of] p1b: Indeedee\n|move|p2b: Kyogre|Tera Blast|p1a: Kyogre|[anim] Tera Blast Grass\n|-supereffective|p1a: Kyogre\n|-damage|p1a: Kyogre|28/100\n|move|p1a: Kyogre|Thunder|p2b: Kyogre\n|-resisted|p2b: Kyogre\n|-damage|p2b: Kyogre|28/100\n|move|p2a: Kingambit|Kowtow Cleave|p1a: Kyogre\n|-damage|p1a: Kyogre|0 fnt\n|faint|p1a: Kyogre\n|\n|-weather|RainDance|[upkeep]\n|upkeep\n|\n|t:|1770825537\n|switch|p1a: Calyrex|Calyrex-Ice, L50|100/100\n|-ability|p1a: Calyrex|As One\n|-ability|p1a: Calyrex|Unnerve\n|turn|3\n|\n|t:|1770825551\n|-terastallize|p1a: Calyrex|Normal\n|move|p1b: Indeedee|Helping Hand|p1a: Calyrex\n|-singleturn|p1a: Calyrex|Helping Hand|[of] p1b: Indeedee\n|move|p2b: Kyogre|Origin Pulse|p1b: Indeedee|[spread] p1a,p1b\n|-damage|p1a: Calyrex|55/100\n|-damage|p1b: Indeedee|0 fnt\n|faint|p1b: Indeedee\n|move|p2a: Kingambit|Kowtow Cleave|p1a: Calyrex\n|-damage|p1a: Calyrex|23/100\n|move|p1a: Calyrex|Glacial Lance|p2a: Kingambit|[spread] p2a,p2b\n|-resisted|p2a: Kingambit\n|-supereffective|p2b: Kyogre\n|-damage|p2a: Kingambit|65/100\n|-damage|p2b: Kyogre|0 fnt\n|faint|p2b: Kyogre\n|-ability|p1a: Calyrex|Chilling Neigh|boost\n|-boost|p1a: Calyrex|atk|1\n|\n|-weather|RainDance|[upkeep]\n|upkeep\n|\n|t:|1770825571\n|switch|p2b: Salamence|Salamence, L50, F, shiny|100/100\n|switch|p1b: Landorus|Landorus, L50, M, shiny|100/100\n|-ability|p2b: Salamence|Intimidate|boost\n|-fail|p1a: Calyrex|unboost|[from] item: Clear Amulet|[of] p1a: Calyrex\n|-unboost|p1b: Landorus|atk|1\n|turn|4\n|\n|t:|1770825585\n|move|p2a: Kingambit|Sucker Punch|p1b: Landorus\n|-hint|Psychic Terrain doesn't affect Pok\u00e9mon immune to Ground.\n|-damage|p1b: Landorus|54/100\n|move|p2b: Salamence|Hurricane|p1a: Calyrex\n|-damage|p1a: Calyrex|0 fnt\n|faint|p1a: Calyrex\n|-damage|p2b: Salamence|91/100|[from] item: Life Orb\n|move|p1b: Landorus|Sandsear Storm|p2b: Salamence|[spread] p2a\n|-immune|p2b: Salamence\n|-supereffective|p2a: Kingambit\n|-crit|p2a: Kingambit\n|-damage|p2a: Kingambit|0 fnt\n|faint|p2a: Kingambit\n|\n|-weather|RainDance|[upkeep]\n|upkeep\n|\n|t:|1770825594\n|switch|p2a: Miraidon|Miraidon, L50, shiny|100/100\n|-fieldstart|move: Electric Terrain|[from] ability: Hadron Engine|[of] p2a: Miraidon\n|turn|5\n|\n|t:|1770825598\n|move|p2a: Miraidon|Dragon Pulse|p1b: Landorus\n|-damage|p1b: Landorus|0 fnt\n|faint|p1b: Landorus\n|\n|win|Galaxiangg\n|raw|j0l0k0's rating: 1487 &rarr; <strong>1462</strong><br />(-25 for losing)\n|raw|Galaxiangg's rating: 1389 &rarr; <strong>1414</strong><br />(+25 for winning)\n|c|\u2606j0l0k0|ggwp\n|l|\u2606Galaxiangg\n|player|p2|\n|l|\u2606j0l0k0\n|player|p1|\n","uploadtime":1770825600,"views":36,"formatid":"gen9vgc2026regi","rating":1414,"private":0,"password":null}