{"id":"gen9vgc2026regi-2564510066","format":"[Gen 9] VGC 2026 Reg I","players":["alexit93","BringBackKabutops"],"log":"|j|\u2606alexit93\n|j|\u2606BringBackKabutops\n|t:|1774155070\n|gametype|doubles\n|player|p1|alexit93|lucas-gen4pt|1395\n|player|p2|BringBackKabutops|102|1356\n|gen|9\n|tier|[Gen 9] VGC 2026 Reg I\n|rated|\n|rule|Species Clause: Limit one of each Pok\u00e9mon\n|rule|Item Clause: Limit 1 of each item\n|clearpoke\n|poke|p1|Zamazenta-*, L50|\n|poke|p1|Chien-Pao, L50|\n|poke|p1|Calyrex-Shadow, L50|\n|poke|p1|Whimsicott, L50, M|\n|poke|p1|Rillaboom, L50, M|\n|poke|p1|Landorus, L50, M|\n|poke|p2|Groudon, L50|\n|poke|p2|Smeargle, L50, M|\n|poke|p2|Raging Bolt, L50|\n|poke|p2|Chi-Yu, L50|\n|poke|p2|Flutter Mane, L50|\n|poke|p2|Calyrex-Ice, L50|\n|teampreview|4\n|inactive|Battle timer is ON: inactive players will automatically lose when time's up. (requested by BringBackKabutops)\n|\n|t:|1774155118\n|teamsize|p1|4\n|teamsize|p2|4\n|start\n|switch|p1a: Calyrex|Calyrex-Shadow, L50|100/100\n|switch|p1b: Whimsicott|Whimsicott, L50, M|100/100\n|switch|p2a: Blessed|Groudon, L50|100/100\n|switch|p2b: Creation|Flutter Mane, L50|100/100\n|-ability|p1a: Calyrex|As One\n|-ability|p1a: Calyrex|Unnerve\n|-weather|SunnyDay|[from] ability: Drought|[of] p2a: Blessed\n|-activate|p2b: Creation|ability: Protosynthesis\n|-start|p2b: Creation|protosynthesisspe\n|turn|1\n|inactive|BringBackKabutops has 30 seconds left.\n|\n|t:|1774155150\n|switch|p2a: Home|Smeargle, L50, M|100/100\n|-terastallize|p1a: Calyrex|Dark\n|move|p1b: Whimsicott|Tailwind|p1b: Whimsicott\n|-sidestart|p1: alexit93|move: Tailwind\n|move|p1a: Calyrex|Astral Barrage|p2a: Home|[spread] p2b\n|-immune|p2a: Home\n|-supereffective|p2b: Creation\n|-crit|p2b: Creation\n|-damage|p2b: Creation|0 fnt\n|faint|p2b: Creation\n|-end|p2b: Creation|Protosynthesis|[silent]\n|-ability|p1a: Calyrex|Grim Neigh|boost\n|-boost|p1a: Calyrex|spa|1\n|\n|-weather|SunnyDay|[upkeep]\n|-ability|p2a: Home|Moody|boost\n|-boost|p2a: Home|def|2\n|-unboost|p2a: Home|atk|1\n|upkeep\n|\n|t:|1774155166\n|switch|p2b: Calyrex|Calyrex-Ice, L50|100/100\n|-ability|p2b: Calyrex|As One\n|-ability|p2b: Calyrex|Unnerve\n|turn|2\n|\n|t:|1774155175\n|move|p2a: Home|Fake Out|p1a: Calyrex\n|-damage|p1a: Calyrex|97/100\n|cant|p1a: Calyrex|flinch\n|move|p1b: Whimsicott|Moonblast|p2a: Home\n|-damage|p2a: Home|16/100\n|move|p2b: Calyrex|Glacial Lance|p1b: Whimsicott|[spread] p1a,p1b\n|-supereffective|p1b: Whimsicott\n|-damage|p1a: Calyrex|28/100\n|-damage|p1b: Whimsicott|0 fnt\n|faint|p1b: Whimsicott\n|-ability|p2b: Calyrex|Chilling Neigh|boost\n|-boost|p2b: Calyrex|atk|1\n|\n|-weather|SunnyDay|[upkeep]\n|-ability|p2a: Home|Moody|boost\n|-boost|p2a: Home|def|2\n|-unboost|p2a: Home|spa|1\n|upkeep\n|\n|t:|1774155181\n|switch|p1b: Zamazenta|Zamazenta-Crowned, L50, shiny|100/100\n|-ability|p1b: Zamazenta|Dauntless Shield|boost\n|-boost|p1b: Zamazenta|def|1\n|turn|3\n|inactive|BringBackKabutops has 30 seconds left.\n|\n|t:|1774155209\n|move|p2b: Calyrex|Protect|p2b: Calyrex\n|-singleturn|p2b: Calyrex|Protect\n|move|p1a: Calyrex|Astral Barrage|p2b: Calyrex|[spread] \n|-activate|p2b: Calyrex|move: Protect\n|-immune|p2a: Home\n|move|p1b: Zamazenta|Body Press|p2a: Home\n|-supereffective|p2a: Home\n|-damage|p2a: Home|0 fnt\n|faint|p2a: Home\n|\n|-weather|SunnyDay|[upkeep]\n|upkeep\n|\n|t:|1774155222\n|switch|p2a: Blessed|Groudon, L50|100/100\n|turn|4\n|\n|t:|1774155236\n|-terastallize|p2b: Calyrex|Fairy\n|move|p1a: Calyrex|Astral Barrage|p2b: Calyrex|[spread] p2a,p2b\n|-damage|p2a: Blessed|22/100\n|-damage|p2b: Calyrex|50/100\n|move|p1b: Zamazenta|Body Press|p2b: Calyrex\n|-resisted|p2b: Calyrex\n|-damage|p2b: Calyrex|28/100\n|move|p2a: Blessed|High Horsepower|p1a: Calyrex\n|-damage|p1a: Calyrex|0 fnt\n|faint|p1a: Calyrex\n|move|p2b: Calyrex|Leech Seed|p1b: Zamazenta\n|-start|p1b: Zamazenta|move: Leech Seed\n|\n|-weather|SunnyDay|[upkeep]\n|-heal|p2b: Calyrex|34/100|[from] item: Leftovers\n|-damage|p1b: Zamazenta|89/100|[from] Leech Seed|[of] p2b: Calyrex\n|-heal|p2b: Calyrex|44/100|[silent]\n|-sideend|p1: alexit93|move: Tailwind\n|upkeep\n|\n|t:|1774155245\n|switch|p1a: Chien-Pao|Chien-Pao, L50|100/100\n|-ability|p1a: Chien-Pao|Sword of Ruin\n|turn|5\n|\n|t:|1774155266\n|move|p2a: Blessed|Protect|p2a: Blessed\n|-singleturn|p2a: Blessed|Protect\n|move|p1a: Chien-Pao|Ice Spinner|p2b: Calyrex\n|-damage|p2b: Calyrex|0 fnt\n|faint|p2b: Calyrex\n|move|p1b: Zamazenta|Body Press|p2a: Blessed\n|-activate|p2a: Blessed|move: Protect\n|\n|-weather|none\n|upkeep\n|turn|6\n|\n|t:|1774155284\n|move|p1a: Chien-Pao|Ice Spinner|p2a: Blessed\n|-supereffective|p2a: Blessed\n|-damage|p2a: Blessed|0 fnt\n|faint|p2a: Blessed\n|\n|win|alexit93\n|raw|alexit93's rating: 1395 &rarr; <strong>1413</strong><br />(+18 for winning)\n|raw|BringBackKabutops's rating: 1356 &rarr; <strong>1338</strong><br />(-18 for losing)\n|l|\u2606BringBackKabutops\n|player|p2|\n|l|\u2606alexit93\n|player|p1|\n","uploadtime":1774155506,"views":12,"formatid":"gen9vgc2026regi","rating":1338,"private":0,"password":null}