{"id":"gen9vgc2026regi-2515896928","format":"[Gen 9] VGC 2026 Reg I","players":["darkest_contender","kojimuranishi"],"log":"|j|\u2606darkest_contender\n|j|\u2606kojimuranishi\n|t:|1768057654\n|gametype|doubles\n|player|p1|darkest_contender|n|1252\n|player|p2|kojimuranishi|266|1339\n|gen|9\n|tier|[Gen 9] VGC 2026 Reg I\n|rated|\n|rule|Species Clause: Limit one of each Pok\u00e9mon\n|rule|Item Clause: Limit 1 of each item\n|clearpoke\n|poke|p1|Calyrex-Shadow, L50|\n|poke|p1|Ogerpon-Cornerstone, L50, F|\n|poke|p1|Zamazenta-*, L50|\n|poke|p1|Flutter Mane, L50|\n|poke|p1|Torkoal, L50, M|\n|poke|p1|Tornadus, L50, M|\n|poke|p2|Raging Bolt, L50|\n|poke|p2|Calyrex-Ice, L50|\n|poke|p2|Kyogre, L50|\n|poke|p2|Indeedee-F, L50, F|\n|poke|p2|Landorus, L50, M|\n|poke|p2|Urshifu-*, L50, M|\n|teampreview|4\n|inactive|Battle timer is ON: inactive players will automatically lose when time's up. (requested by kojimuranishi)\n|\n|t:|1768057675\n|teamsize|p1|4\n|teamsize|p2|4\n|start\n|switch|p1a: Calyrex|Calyrex-Shadow, L50|100/100\n|switch|p1b: Ogerpon|Ogerpon-Cornerstone, L50, F|100/100\n|switch|p2a: Indeedee|Indeedee-F, L50, F|100/100\n|switch|p2b: Calyrex|Calyrex-Ice, L50|100/100\n|-ability|p1a: Calyrex|As One\n|-ability|p1a: Calyrex|Unnerve\n|-ability|p2b: Calyrex|As One\n|-ability|p2b: Calyrex|Unnerve\n|-fieldstart|move: Psychic Terrain|[from] ability: Psychic Surge|[of] p2a: Indeedee\n|turn|1\n|\n|t:|1768057694\n|-terastallize|p2b: Calyrex|Fairy\n|move|p2a: Indeedee|Follow Me|p2a: Indeedee\n|-singleturn|p2a: Indeedee|move: Follow Me\n|move|p1a: Calyrex|Astral Barrage|p2a: Indeedee|[spread] p2b\n|-immune|p2a: Indeedee\n|-damage|p2b: Calyrex|70/100\n|move|p1b: Ogerpon|Ivy Cudgel|p2a: Indeedee|[anim] Ivy Cudgel Rock\n|-damage|p2a: Indeedee|36/100\n|move|p2b: Calyrex|Trick Room|p2b: Calyrex\n|-fieldstart|move: Trick Room|[of] p2b: Calyrex\n|\n|-heal|p2b: Calyrex|75/100|[from] item: Leftovers\n|upkeep\n|turn|2\n|\n|t:|1768057715\n|switch|p1a: Zamazenta|Zamazenta-Crowned, L50|100/100\n|-ability|p1a: Zamazenta|Dauntless Shield|boost\n|-boost|p1a: Zamazenta|def|1\n|move|p1b: Ogerpon|Spiky Shield|p1b: Ogerpon\n|-singleturn|p1b: Ogerpon|move: Protect\n|move|p2b: Calyrex|Glacial Lance|p1b: Ogerpon|[spread] p1a\n|-activate|p1b: Ogerpon|move: Protect\n|-resisted|p1a: Zamazenta\n|-damage|p1a: Zamazenta|91/100\n|move|p2a: Indeedee|Psychic|p1b: Ogerpon\n|-activate|p1b: Ogerpon|move: Protect\n|\n|-heal|p2b: Calyrex|81/100|[from] item: Leftovers\n|upkeep\n|turn|3\n|\n|t:|1768057733\n|move|p2b: Calyrex|Leech Seed|p1a: Zamazenta\n|-start|p1a: Zamazenta|move: Leech Seed\n|move|p2a: Indeedee|Psychic|p1b: Ogerpon\n|-damage|p1b: Ogerpon|52/100\n|move|p1a: Zamazenta|Behemoth Bash|p2b: Calyrex\n|-supereffective|p2b: Calyrex\n|-damage|p2b: Calyrex|34/100\n|move|p1b: Ogerpon|Ivy Cudgel|p2a: Indeedee|[anim] Ivy Cudgel Rock\n|-damage|p2a: Indeedee|0 fnt\n|faint|p2a: Indeedee\n|\n|-heal|p2b: Calyrex|40/100|[from] item: Leftovers\n|-damage|p1a: Zamazenta|79/100|[from] Leech Seed|[of] p2b: Calyrex\n|-heal|p2b: Calyrex|50/100|[silent]\n|upkeep\n|\n|t:|1768057750\n|switch|p2a: Raging Bolt|Raging Bolt, L50|100/100\n|-enditem|p2a: Raging Bolt|Booster Energy\n|-activate|p2a: Raging Bolt|ability: Protosynthesis|[fromitem]\n|-start|p2a: Raging Bolt|protosynthesisspa\n|turn|4\n|\n|t:|1768057759\n|move|p2b: Calyrex|Protect|p2b: Calyrex\n|-singleturn|p2b: Calyrex|Protect\n|move|p2a: Raging Bolt|Thunderbolt|p1a: Zamazenta\n|-damage|p1a: Zamazenta|31/100\n|move|p1a: Zamazenta|Iron Defense|p1a: Zamazenta\n|-boost|p1a: Zamazenta|def|2\n|move|p1b: Ogerpon|Ivy Cudgel|p2a: Raging Bolt|[anim] Ivy Cudgel Rock\n|-damage|p2a: Raging Bolt|48/100\n|\n|-heal|p2b: Calyrex|56/100|[from] item: Leftovers\n|-damage|p1a: Zamazenta|19/100|[from] Leech Seed|[of] p2b: Calyrex\n|-heal|p2b: Calyrex|67/100|[silent]\n|upkeep\n|turn|5\n|\n|t:|1768057779\n|move|p2a: Raging Bolt|Protect|p2a: Raging Bolt\n|-singleturn|p2a: Raging Bolt|Protect\n|move|p2b: Calyrex|Glacial Lance|p1b: Ogerpon|[spread] p1a,p1b\n|-resisted|p1a: Zamazenta\n|-supereffective|p1b: Ogerpon\n|-damage|p1a: Zamazenta|13/100\n|-damage|p1b: Ogerpon|0 fnt\n|faint|p1b: Ogerpon\n|-ability|p2b: Calyrex|Chilling Neigh|boost\n|-boost|p2b: Calyrex|atk|1\n|move|p1a: Zamazenta|Body Press|p2a: Raging Bolt\n|-activate|p2a: Raging Bolt|move: Protect\n|\n|-heal|p2b: Calyrex|72/100|[from] item: Leftovers\n|-damage|p1a: Zamazenta|1/100|[from] Leech Seed|[of] p2b: Calyrex\n|-heal|p2b: Calyrex|83/100|[silent]\n|-fieldend|move: Trick Room\n|-fieldend|move: Psychic Terrain\n|upkeep\n|\n|t:|1768057784\n|switch|p1b: Calyrex|Calyrex-Shadow, L50|100/100\n|-ability|p1b: Calyrex|As One\n|-ability|p1b: Calyrex|Unnerve\n|turn|6\n|\n|t:|1768057802\n|move|p2b: Calyrex|Protect|p2b: Calyrex\n|-singleturn|p2b: Calyrex|Protect\n|move|p2a: Raging Bolt|Thunderclap|p1b: Calyrex\n|-damage|p1b: Calyrex|49/100\n|move|p1b: Calyrex|Astral Barrage|p2b: Calyrex|[spread] p2a\n|-activate|p2b: Calyrex|move: Protect\n|-damage|p2a: Raging Bolt|2/100\n|move|p1a: Zamazenta|Body Press|p2a: Raging Bolt\n|-damage|p2a: Raging Bolt|0 fnt\n|faint|p2a: Raging Bolt\n|-end|p2a: Raging Bolt|Protosynthesis|[silent]\n|\n|-heal|p2b: Calyrex|89/100|[from] item: Leftovers\n|-damage|p1a: Zamazenta|0 fnt|[from] Leech Seed|[of] p2b: Calyrex\n|-heal|p2b: Calyrex|89/100|[silent]\n|faint|p1a: Zamazenta\n|upkeep\n|\n|t:|1768057820\n|switch|p1a: Flutter Mane|Flutter Mane, L50|100/100\n|switch|p2a: Kyogre|Kyogre, L50|100/100\n|-weather|RainDance|[from] ability: Drizzle|[of] p2a: Kyogre\n|-enditem|p1a: Flutter Mane|Booster Energy\n|-activate|p1a: Flutter Mane|ability: Protosynthesis|[fromitem]\n|-start|p1a: Flutter Mane|protosynthesisspe\n|turn|7\n|\n|t:|1768057830\n|-terastallize|p1a: Flutter Mane|Fairy\n|move|p1a: Flutter Mane|Moonblast|p2a: Kyogre\n|-damage|p2a: Kyogre|46/100\n|move|p2a: Kyogre|Water Spout|p1a: Flutter Mane|[spread] p1a,p1b\n|-damage|p1a: Flutter Mane|56/100\n|-damage|p1b: Calyrex|4/100\n|move|p1b: Calyrex|Astral Barrage|p2a: Kyogre|[spread] p2a,p2b\n|-damage|p2a: Kyogre|3/100\n|-damage|p2b: Calyrex|59/100\n|move|p2b: Calyrex|Glacial Lance|p1a: Flutter Mane|[spread] p1a,p1b\n|-damage|p1a: Flutter Mane|0 fnt\n|-damage|p1b: Calyrex|0 fnt\n|faint|p1a: Flutter Mane\n|-end|p1a: Flutter Mane|Protosynthesis|[silent]\n|faint|p1b: Calyrex\n|\n|win|kojimuranishi\n|raw|darkest_contender's rating: 1252 &rarr; <strong>1233</strong><br />(-19 for losing)\n|raw|kojimuranishi's rating: 1339 &rarr; <strong>1354</strong><br />(+15 for winning)\n|l|\u2606darkest_contender\n|player|p1|\n|l|\u2606kojimuranishi\n|player|p2|\n","uploadtime":1768058105,"views":13,"formatid":"gen9vgc2026regi","rating":1233,"private":0,"password":null}