{"id":"gen9vgc2026regi-2561208966","format":"[Gen 9] VGC 2026 Reg I","players":["vestige666","falafeeeel"],"log":"|j|\u2606vestige666\n|j|\u2606falafeeeel\n|t:|1773773692\n|gametype|doubles\n|player|p1|vestige666|1|1312\n|player|p2|falafeeeel|ghetsis|1290\n|gen|9\n|tier|[Gen 9] VGC 2026 Reg I\n|rated|\n|rule|Species Clause: Limit one of each Pok\u00e9mon\n|rule|Item Clause: Limit 1 of each item\n|clearpoke\n|poke|p1|Chi-Yu, L50|\n|poke|p1|Urshifu-*, L50, F|\n|poke|p1|Farigiraf, L50, F|\n|poke|p1|Whimsicott, L50, M|\n|poke|p1|Miraidon, L50|\n|poke|p1|Zacian-*, L50|\n|poke|p2|Groudon, L50|\n|poke|p2|Calyrex-Shadow, L50|\n|poke|p2|Chi-Yu, L50|\n|poke|p2|Brute Bonnet, L50|\n|poke|p2|Indeedee-F, L50, F|\n|poke|p2|Ogerpon-Cornerstone, L50, F|\n|teampreview|4\n|inactive|Battle timer is ON: inactive players will automatically lose when time's up. (requested by falafeeeel)\n|\n|t:|1773773706\n|teamsize|p1|4\n|teamsize|p2|4\n|start\n|switch|p1a: cotton|Whimsicott, L50, M|100/100\n|switch|p1b: fish|Chi-Yu, L50|100/100\n|switch|p2a: Groudon|Groudon, L50, shiny|100/100\n|switch|p2b: Chi-Yu|Chi-Yu, L50|100/100\n|-ability|p1b: fish|Beads of Ruin\n|-ability|p2b: Chi-Yu|Beads of Ruin\n|-weather|SunnyDay|[from] ability: Drought|[of] p2a: Groudon\n|turn|1\n|\n|t:|1773773731\n|-terastallize|p2a: Groudon|Fire\n|move|p1a: cotton|Tailwind|p1a: cotton\n|-sidestart|p1: vestige666|move: Tailwind\n|move|p1b: fish|Heat Wave|p2b: Chi-Yu|[spread] p2a,p2b\n|-resisted|p2a: Groudon\n|-resisted|p2b: Chi-Yu\n|-damage|p2a: Groudon|74/100\n|-damage|p2b: Chi-Yu|66/100\n|move|p2b: Chi-Yu|Heat Wave|p1a: cotton|[spread] p1a,p1b\n|-supereffective|p1a: cotton\n|-resisted|p1b: fish\n|-enditem|p1a: cotton|Focus Sash\n|-damage|p1a: cotton|1/100\n|-damage|p1b: fish|69/100\n|move|p2a: Groudon|Stomping Tantrum|p1b: fish\n|-supereffective|p1b: fish\n|-damage|p1b: fish|0 fnt\n|faint|p1b: fish\n|\n|-weather|SunnyDay|[upkeep]\n|upkeep\n|\n|t:|1773773751\n|switch|p1b: snake|Miraidon, L50|100/100\n|-fieldstart|move: Electric Terrain|[from] ability: Hadron Engine|[of] p1b: snake\n|turn|2\n|\n|t:|1773773764\n|switch|p2a: Indeedee|Indeedee-F, L50, F, shiny|100/100\n|-fieldstart|move: Psychic Terrain|[from] ability: Psychic Surge|[of] p2a: Indeedee\n|move|p1a: cotton|Protect|p1a: cotton\n|-singleturn|p1a: cotton|Protect\n|move|p1b: snake|Electro Drift|p2a: Indeedee\n|-damage|p2a: Indeedee|0 fnt\n|faint|p2a: Indeedee\n|move|p2b: Chi-Yu|Heat Wave|p1b: snake|[spread] p1b\n|-activate|p1a: cotton|move: Protect\n|-resisted|p1b: snake\n|-damage|p1b: snake|68/100\n|\n|-weather|SunnyDay|[upkeep]\n|upkeep\n|\n|t:|1773773776\n|switch|p2a: Groudon|Groudon, L50, shiny, tera:Fire|74/100\n|turn|3\n|inactive|vestige666 has 30 seconds left.\n|\n|t:|1773773801\n|-terastallize|p1b: snake|Fairy\n|move|p1a: cotton|Moonblast|p2a: Groudon\n|-resisted|p2a: Groudon\n|-damage|p2a: Groudon|59/100\n|move|p1b: snake|Electro Drift|p2b: Chi-Yu\n|-damage|p2b: Chi-Yu|0 fnt\n|faint|p2b: Chi-Yu\n|move|p2a: Groudon|Stomping Tantrum|p1b: snake\n|-damage|p1b: snake|26/100\n|\n|-weather|SunnyDay|[upkeep]\n|upkeep\n|\n|t:|1773773813\n|switch|p2b: Calyrex|Calyrex-Shadow, L50|100/100\n|-ability|p2b: Calyrex|As One\n|-ability|p2b: Calyrex|Unnerve\n|turn|4\n|\n|t:|1773773837\n|move|p1a: cotton|Protect|p1a: cotton\n|-singleturn|p1a: cotton|Protect\n|move|p2b: Calyrex|Protect|p2b: Calyrex\n|-singleturn|p2b: Calyrex|Protect\n|move|p1b: snake|Electro Drift|p2a: Groudon\n|-damage|p2a: Groudon|6/100\n|move|p2a: Groudon|Precipice Blades|p1b: snake|[spread] p1b\n|-activate|p1a: cotton|move: Protect\n|-damage|p1b: snake|0 fnt\n|faint|p1b: snake\n|\n|-weather|SunnyDay|[upkeep]\n|-sideend|p1: vestige666|move: Tailwind\n|upkeep\n|\n|t:|1773773850\n|switch|p1b: sword dog|Zacian-Crowned, L50|100/100\n|-ability|p1b: sword dog|Intrepid Sword|boost\n|-boost|p1b: sword dog|atk|1\n|turn|5\n|\n|t:|1773773857\n|move|p1a: cotton|Encore|p2b: Calyrex\n|-activate|p2b: Calyrex|move: Psychic Terrain\n|move|p2b: Calyrex|Astral Barrage|p1a: cotton|[spread] p1a,p1b\n|-damage|p1a: cotton|0 fnt\n|-damage|p1b: sword dog|49/100\n|faint|p1a: cotton\n|-ability|p2b: Calyrex|Grim Neigh|boost\n|-boost|p2b: Calyrex|spa|1\n|move|p1b: sword dog|Sacred Sword|p2a: Groudon\n|-damage|p2a: Groudon|0 fnt\n|faint|p2a: Groudon\n|\n|-weather|none\n|upkeep\n|turn|6\n|c|\u2606vestige666|gg\n|c|\u2606vestige666|forgoot\n|\n|t:|1773773878\n|move|p2b: Calyrex|Astral Barrage|p1b: sword dog\n|-damage|p1b: sword dog|0 fnt\n|faint|p1b: sword dog\n|\n|win|falafeeeel\n|raw|vestige666's rating: 1312 &rarr; <strong>1291</strong><br />(-21 for losing)\n|raw|falafeeeel's rating: 1290 &rarr; <strong>1317</strong><br />(+27 for winning)\n","uploadtime":1773773880,"views":11,"formatid":"gen9vgc2026regi","rating":1291,"private":0,"password":null}