{"id":"gen9vgc2026regi-2550556581","format":"[Gen 9] VGC 2026 Reg I","players":["it'sjustken vgc","bola696"],"log":"|j|\u2606it'sjustken vgc\n|j|\u2606bola696\n|t:|1772500041\n|gametype|doubles\n|player|p1|it'sjustken vgc|2|1391\n|player|p2|bola696|red|1283\n|gen|9\n|tier|[Gen 9] VGC 2026 Reg I\n|rated|\n|rule|Species Clause: Limit one of each Pok\u00e9mon\n|rule|Item Clause: Limit 1 of each item\n|clearpoke\n|poke|p1|Koraidon, L50|\n|poke|p1|Incineroar, L50, M|\n|poke|p1|Calyrex-Shadow, L50|\n|poke|p1|Amoonguss, L50, F|\n|poke|p1|Urshifu-*, L50, M|\n|poke|p1|Tornadus, L50, M|\n|poke|p2|Terapagos, L50, M|\n|poke|p2|Incineroar, L50, M|\n|poke|p2|Flutter Mane, L50|\n|poke|p2|Miraidon, L50|\n|poke|p2|Smeargle, L50, M|\n|poke|p2|Urshifu-*, L50, M|\n|teampreview|4\n|inactive|Battle timer is ON: inactive players will automatically lose when time's up. (requested by it'sjustken vgc)\n|\n|t:|1772500050\n|teamsize|p1|4\n|teamsize|p2|4\n|start\n|switch|p1a: Calyrex|Calyrex-Shadow, L50|100/100\n|switch|p1b: Incineroar|Incineroar, L50, M|100/100\n|switch|p2a: Terapagos|Terapagos, L50, M|100/100\n|switch|p2b: Incineroar|Incineroar, L50, M, shiny|100/100\n|-activate|p2a: Terapagos|ability: Tera Shift\n|detailschange|p2a: Terapagos|Terapagos-Terastal, L50, M\n|-heal|p2a: Terapagos|100/100|[silent]\n|-ability|p1a: Calyrex|As One\n|-ability|p1a: Calyrex|Unnerve\n|-ability|p1b: Incineroar|Intimidate|boost\n|-unboost|p2a: Terapagos|atk|1\n|-unboost|p2b: Incineroar|atk|1\n|-ability|p2b: Incineroar|Intimidate|boost\n|-unboost|p1a: Calyrex|atk|1\n|-unboost|p1b: Incineroar|atk|1\n|turn|1\n|\n|t:|1772500058\n|move|p1b: Incineroar|Fake Out|p2b: Incineroar\n|-damage|p2b: Incineroar|95/100\n|cant|p2b: Incineroar|flinch\n|move|p1a: Calyrex|Nasty Plot|p1a: Calyrex\n|-boost|p1a: Calyrex|spa|2\n|move|p2a: Terapagos|Calm Mind|p2a: Terapagos\n|-boost|p2a: Terapagos|spa|1\n|-boost|p2a: Terapagos|spd|1\n|\n|upkeep\n|turn|2\n|\n|t:|1772500069\n|move|p2a: Terapagos|Protect|p2a: Terapagos\n|-singleturn|p2a: Terapagos|Protect\n|move|p1a: Calyrex|Nasty Plot|p1a: Calyrex\n|-boost|p1a: Calyrex|spa|2\n|move|p1b: Incineroar|U-turn|p2b: Incineroar\n|-damage|p2b: Incineroar|83/100\n|\n|t:|1772500073\n|switch|p1b: Urshifu|Urshifu-Rapid-Strike, L50, M|100/100|[from] U-turn\n|move|p2b: Incineroar|Knock Off|p1a: Calyrex\n|-supereffective|p1a: Calyrex\n|-damage|p1a: Calyrex|0 fnt\n|-enditem|p1a: Calyrex|Life Orb|[from] move: Knock Off|[of] p2b: Incineroar\n|faint|p1a: Calyrex\n|\n|upkeep\n|\n|t:|1772500078\n|switch|p1a: Koraidon|Koraidon, L50|100/100\n|-weather|SunnyDay|[from] ability: Orichalcum Pulse|[of] p1a: Koraidon\n|-activate|p1a: Koraidon|Orichalcum Pulse|[source]\n|turn|3\n|\n|t:|1772500093\n|move|p1b: Urshifu|Close Combat|p2a: Terapagos\n|-activate|p2a: Terapagos|ability: Tera Shell\n|-resisted|p2a: Terapagos\n|-damage|p2a: Terapagos|66/100\n|-unboost|p1b: Urshifu|def|1\n|-unboost|p1b: Urshifu|spd|1\n|move|p1a: Koraidon|Close Combat|p2a: Terapagos\n|-supereffective|p2a: Terapagos\n|-damage|p2a: Terapagos|0 fnt\n|-unboost|p1a: Koraidon|def|1\n|-unboost|p1a: Koraidon|spd|1\n|faint|p2a: Terapagos\n|move|p2b: Incineroar|Parting Shot|p1b: Urshifu\n|-unboost|p1b: Urshifu|atk|1\n|-unboost|p1b: Urshifu|spa|1\n|\n|t:|1772500099\n|switch|p2b: Miraidon|Miraidon, L50, shiny|100/100|[from] Parting Shot\n|-fieldstart|move: Electric Terrain|[from] ability: Hadron Engine|[of] p2b: Miraidon\n|\n|-weather|SunnyDay|[upkeep]\n|upkeep\n|\n|t:|1772500100\n|switch|p2a: Incineroar|Incineroar, L50, M, shiny|83/100\n|-ability|p2a: Incineroar|Intimidate|boost\n|-fail|p1a: Koraidon|unboost|[from] item: Clear Amulet|[of] p1a: Koraidon\n|-unboost|p1b: Urshifu|atk|1\n|turn|4\n|\n|t:|1772500111\n|switch|p1b: Incineroar|Incineroar, L50, M|100/100\n|-ability|p1b: Incineroar|Intimidate|boost\n|-unboost|p2a: Incineroar|atk|1\n|-unboost|p2b: Miraidon|atk|1\n|-terastallize|p2b: Miraidon|Fairy\n|move|p1a: Koraidon|Protect|p1a: Koraidon\n|-singleturn|p1a: Koraidon|Protect\n|move|p2a: Incineroar|Fake Out|p1a: Koraidon\n|-activate|p1a: Koraidon|move: Protect\n|move|p2b: Miraidon|Dazzling Gleam|p1b: Incineroar|[spread] p1b\n|-activate|p1a: Koraidon|move: Protect\n|-damage|p1b: Incineroar|69/100\n|\n|-weather|SunnyDay|[upkeep]\n|upkeep\n|turn|5\n|\n|t:|1772500124\n|-terastallize|p1a: Koraidon|Fire\n|move|p1b: Incineroar|Fake Out|p2b: Miraidon\n|-damage|p2b: Miraidon|89/100\n|move|p1a: Koraidon|Close Combat|p2a: Incineroar\n|-supereffective|p2a: Incineroar\n|-damage|p2a: Incineroar|0 fnt\n|-unboost|p1a: Koraidon|def|1\n|-unboost|p1a: Koraidon|spd|1\n|faint|p2a: Incineroar\n|cant|p2b: Miraidon|flinch\n|\n|-weather|SunnyDay|[upkeep]\n|upkeep\n|\n|t:|1772500128\n|switch|p2a: Flutter Mane|Flutter Mane, L50, shiny|100/100\n|-activate|p2a: Flutter Mane|ability: Protosynthesis\n|-start|p2a: Flutter Mane|protosynthesisspe\n|turn|6\n|\n|t:|1772500138\n|move|p2a: Flutter Mane|Icy Wind|p1b: Incineroar|[spread] p1b\n|-miss|p2a: Flutter Mane|p1a: Koraidon\n|-resisted|p1b: Incineroar\n|-damage|p1b: Incineroar|64/100\n|-unboost|p1b: Incineroar|spe|1\n|move|p1a: Koraidon|Flare Blitz|p2b: Miraidon\n|-damage|p2b: Miraidon|0 fnt\n|faint|p2b: Miraidon\n|-damage|p1a: Koraidon|66/100|[from] Recoil\n|move|p1b: Incineroar|Flare Blitz|p2a: Flutter Mane\n|-damage|p2a: Flutter Mane|0 fnt\n|faint|p2a: Flutter Mane\n|-end|p2a: Flutter Mane|Protosynthesis|[silent]\n|-damage|p1b: Incineroar|41/100|[from] Recoil\n|\n|win|it'sjustken vgc\n|raw|it&apos;sjustken vgc's rating: 1391 &rarr; <strong>1405</strong><br />(+14 for winning)\n|raw|bola696's rating: 1283 &rarr; <strong>1266</strong><br />(-17 for losing)\n","uploadtime":1772500142,"views":12,"formatid":"gen9vgc2026regi","rating":1266,"private":0,"password":null}