{"id":"gen9vgc2026regi-2520545888","format":"[Gen 9] VGC 2026 Reg I","players":["GetCuboned","blackred123\u6c38\u96cf\u5854\u83f2\u4fa0"],"log":"|j|\u2606GetCuboned\n|j|\u2606blackred123\u6c38\u96cf\u5854\u83f2\u4fa0\n|t:|1768652090\n|gametype|doubles\n|player|p1|GetCuboned|170|1138\n|player|p2|blackred123\u6c38\u96cf\u5854\u83f2\u4fa0|iono-masters|1129\n|gen|9\n|tier|[Gen 9] VGC 2026 Reg I\n|rated|\n|rule|Species Clause: Limit one of each Pok\u00e9mon\n|rule|Item Clause: Limit 1 of each item\n|clearpoke\n|poke|p1|Calyrex-Ice, L50|\n|poke|p1|Iron Hands, L50|\n|poke|p1|Farigiraf, L50, F|\n|poke|p1|Chi-Yu, L50|\n|poke|p1|Passimian, L50, F|\n|poke|p1|Miraidon, L50|\n|poke|p2|Calyrex-Shadow, L50|\n|poke|p2|Zamazenta-*, L50|\n|poke|p2|Incineroar, L50, M|\n|poke|p2|Rillaboom, L50, M|\n|poke|p2|Ogerpon-Cornerstone, L50, F|\n|poke|p2|Tornadus, L50, M|\n|teampreview|4\n|inactive|Battle timer is ON: inactive players will automatically lose when time's up. (requested by blackred123\u6c38\u96cf\u5854\u83f2\u4fa0)\n|inactive|GetCuboned has 60 seconds left.\n|\n|t:|1768652131\n|teamsize|p1|4\n|teamsize|p2|4\n|start\n|switch|p1a: MY KING|Passimian, L50, F|100/100\n|switch|p1b: Calyrex|Calyrex-Ice, L50|100/100\n|switch|p2a: \u54c7\u8884\uff08\u72d7\u53eb\u58f0\uff09|Zamazenta-Crowned, L50|100/100\n|switch|p2b: \u90a3\u6211\u7f3a\u7684\u8425\u517b\u8fd9\u5757\u8c01\u7ed9\u6211\u8865\u554a\uff08\u6307\u8349\u573a\uff09|Rillaboom, L50, M|100/100\n|-ability|p1b: Calyrex|As One\n|-ability|p1b: Calyrex|Unnerve\n|-ability|p2a: \u54c7\u8884\uff08\u72d7\u53eb\u58f0\uff09|Dauntless Shield|boost\n|-boost|p2a: \u54c7\u8884\uff08\u72d7\u53eb\u58f0\uff09|def|1\n|-fieldstart|move: Grassy Terrain|[from] ability: Grassy Surge|[of] p2b: \u90a3\u6211\u7f3a\u7684\u8425\u517b\u8fd9\u5757\u8c01\u7ed9\u6211\u8865\u554a\uff08\u6307\u8349\u573a\uff09\n|turn|1\n|inactive|GetCuboned has 30 seconds left.\n|inactive|GetCuboned has 20 seconds left.\n|inactive|GetCuboned has 15 seconds left.\n|\n|t:|1768652171\n|move|p1b: Calyrex|Protect|p1b: Calyrex\n|-singleturn|p1b: Calyrex|Protect\n|move|p2b: \u90a3\u6211\u7f3a\u7684\u8425\u517b\u8fd9\u5757\u8c01\u7ed9\u6211\u8865\u554a\uff08\u6307\u8349\u573a\uff09|Fake Out|p1b: Calyrex\n|-activate|p1b: Calyrex|move: Protect\n|move|p2a: \u54c7\u8884\uff08\u72d7\u53eb\u58f0\uff09|Body Press|p1a: MY KING\n|-damage|p1a: MY KING|28/100\n|move|p1a: MY KING|Coaching|p1b: Calyrex\n|-boost|p1b: Calyrex|atk|1\n|-boost|p1b: Calyrex|def|1\n|\n|-heal|p1a: MY KING|34/100|[from] Grassy Terrain\n|upkeep\n|turn|2\n|inactive|GetCuboned has 30 seconds left.\n|j| QAQeee\u5609\u7136\u4fa0\n|\n|t:|1768652200\n|-terastallize|p2b: \u90a3\u6211\u7f3a\u7684\u8425\u517b\u8fd9\u5757\u8c01\u7ed9\u6211\u8865\u554a\uff08\u6307\u8349\u573a\uff09|Fire\n|move|p2a: \u54c7\u8884\uff08\u72d7\u53eb\u58f0\uff09|Body Press|p1b: Calyrex\n|-damage|p1b: Calyrex|70/100\n|move|p1a: MY KING|Knock Off|p2a: \u54c7\u8884\uff08\u72d7\u53eb\u58f0\uff09\n|-resisted|p2a: \u54c7\u8884\uff08\u72d7\u53eb\u58f0\uff09\n|-damage|p2a: \u54c7\u8884\uff08\u72d7\u53eb\u58f0\uff09|96/100\n|move|p2b: \u90a3\u6211\u7f3a\u7684\u8425\u517b\u8fd9\u5757\u8c01\u7ed9\u6211\u8865\u554a\uff08\u6307\u8349\u573a\uff09|Wood Hammer|p1b: Calyrex\n|-damage|p1b: Calyrex|38/100\n|-damage|p2b: \u90a3\u6211\u7f3a\u7684\u8425\u517b\u8fd9\u5757\u8c01\u7ed9\u6211\u8865\u554a\uff08\u6307\u8349\u573a\uff09|90/100|[from] Recoil\n|move|p1b: Calyrex|Glacial Lance|p2b: \u90a3\u6211\u7f3a\u7684\u8425\u517b\u8fd9\u5757\u8c01\u7ed9\u6211\u8865\u554a\uff08\u6307\u8349\u573a\uff09|[spread] p2a,p2b\n|-resisted|p2a: \u54c7\u8884\uff08\u72d7\u53eb\u58f0\uff09\n|-resisted|p2b: \u90a3\u6211\u7f3a\u7684\u8425\u517b\u8fd9\u5757\u8c01\u7ed9\u6211\u8865\u554a\uff08\u6307\u8349\u573a\uff09\n|-damage|p2a: \u54c7\u8884\uff08\u72d7\u53eb\u58f0\uff09|80/100\n|-damage|p2b: \u90a3\u6211\u7f3a\u7684\u8425\u517b\u8fd9\u5757\u8c01\u7ed9\u6211\u8865\u554a\uff08\u6307\u8349\u573a\uff09|47/100\n|\n|-heal|p2a: \u54c7\u8884\uff08\u72d7\u53eb\u58f0\uff09|86/100|[from] Grassy Terrain\n|-heal|p1a: MY KING|39/100|[from] Grassy Terrain\n|-heal|p2b: \u90a3\u6211\u7f3a\u7684\u8425\u517b\u8fd9\u5757\u8c01\u7ed9\u6211\u8865\u554a\uff08\u6307\u8349\u573a\uff09|52/100|[from] Grassy Terrain\n|-heal|p1b: Calyrex|44/100|[from] Grassy Terrain\n|upkeep\n|turn|3\n|inactive|blackred123\u6c38\u96cf\u5854\u83f2\u4fa0 has 30 seconds left.\n|\n|t:|1768652225\n|move|p2a: \u54c7\u8884\uff08\u72d7\u53eb\u58f0\uff09|Body Press|p1b: Calyrex\n|-damage|p1b: Calyrex|15/100\n|move|p1a: MY KING|Rock Slide|p2a: \u54c7\u8884\uff08\u72d7\u53eb\u58f0\uff09|[spread] p2a,p2b\n|-resisted|p2a: \u54c7\u8884\uff08\u72d7\u53eb\u58f0\uff09\n|-supereffective|p2b: \u90a3\u6211\u7f3a\u7684\u8425\u517b\u8fd9\u5757\u8c01\u7ed9\u6211\u8865\u554a\uff08\u6307\u8349\u573a\uff09\n|-damage|p2a: \u54c7\u8884\uff08\u72d7\u53eb\u58f0\uff09|84/100\n|-damage|p2b: \u90a3\u6211\u7f3a\u7684\u8425\u517b\u8fd9\u5757\u8c01\u7ed9\u6211\u8865\u554a\uff08\u6307\u8349\u573a\uff09|19/100\n|move|p2b: \u90a3\u6211\u7f3a\u7684\u8425\u517b\u8fd9\u5757\u8c01\u7ed9\u6211\u8865\u554a\uff08\u6307\u8349\u573a\uff09|Wood Hammer|p1a: MY KING\n|-damage|p1a: MY KING|0 fnt\n|faint|p1a: MY KING\n|-damage|p2b: \u90a3\u6211\u7f3a\u7684\u8425\u517b\u8fd9\u5757\u8c01\u7ed9\u6211\u8865\u554a\uff08\u6307\u8349\u573a\uff09|9/100|[from] Recoil\n|move|p1b: Calyrex|High Horsepower|p2b: \u90a3\u6211\u7f3a\u7684\u8425\u517b\u8fd9\u5757\u8c01\u7ed9\u6211\u8865\u554a\uff08\u6307\u8349\u573a\uff09\n|-supereffective|p2b: \u90a3\u6211\u7f3a\u7684\u8425\u517b\u8fd9\u5757\u8c01\u7ed9\u6211\u8865\u554a\uff08\u6307\u8349\u573a\uff09\n|-damage|p2b: \u90a3\u6211\u7f3a\u7684\u8425\u517b\u8fd9\u5757\u8c01\u7ed9\u6211\u8865\u554a\uff08\u6307\u8349\u573a\uff09|0 fnt\n|faint|p2b: \u90a3\u6211\u7f3a\u7684\u8425\u517b\u8fd9\u5757\u8c01\u7ed9\u6211\u8865\u554a\uff08\u6307\u8349\u573a\uff09\n|-ability|p1b: Calyrex|Chilling Neigh|boost\n|-boost|p1b: Calyrex|atk|1\n|\n|-heal|p2a: \u54c7\u8884\uff08\u72d7\u53eb\u58f0\uff09|90/100|[from] Grassy Terrain\n|-heal|p1b: Calyrex|20/100|[from] Grassy Terrain\n|upkeep\n|n| Yancy0902\u56fe\u56fe\u72ac\u4fa0|qaqeee\n|j| QUQeee\n|c| QUQeee|\ud83d\udc40\n|\n|t:|1768652246\n|switch|p1a: Chi-Yu|Chi-Yu, L50|100/100\n|switch|p2b: \u5636\u9a6c\u51a0\u54e5|Calyrex-Shadow, L50|100/100\n|-ability|p2b: \u5636\u9a6c\u51a0\u54e5|As One\n|-ability|p2b: \u5636\u9a6c\u51a0\u54e5|Unnerve\n|-ability|p1a: Chi-Yu|Beads of Ruin\n|turn|4\n|\n|t:|1768652264\n|switch|p2b: \u5e05otto\u5e05|Incineroar, L50, M|100/100\n|-ability|p2b: \u5e05otto\u5e05|Intimidate|boost\n|-unboost|p1a: Chi-Yu|atk|1\n|-fail|p1b: Calyrex|unboost|[from] item: Clear Amulet|[of] p1b: Calyrex\n|move|p1b: Calyrex|Protect|p1b: Calyrex\n|-singleturn|p1b: Calyrex|Protect\n|move|p1a: Chi-Yu|Snarl|p2b: \u5e05otto\u5e05|[spread] p2a,p2b\n|-resisted|p2a: \u54c7\u8884\uff08\u72d7\u53eb\u58f0\uff09\n|-resisted|p2b: \u5e05otto\u5e05\n|-damage|p2a: \u54c7\u8884\uff08\u72d7\u53eb\u58f0\uff09|80/100\n|-damage|p2b: \u5e05otto\u5e05|87/100\n|-unboost|p2a: \u54c7\u8884\uff08\u72d7\u53eb\u58f0\uff09|spa|1\n|-unboost|p2b: \u5e05otto\u5e05|spa|1\n|move|p2a: \u54c7\u8884\uff08\u72d7\u53eb\u58f0\uff09|Body Press|p1b: Calyrex\n|-activate|p1b: Calyrex|move: Protect\n|\n|-heal|p2a: \u54c7\u8884\uff08\u72d7\u53eb\u58f0\uff09|86/100|[from] Grassy Terrain\n|-heal|p2b: \u5e05otto\u5e05|93/100|[from] Grassy Terrain\n|-heal|p1b: Calyrex|26/100|[from] Grassy Terrain\n|upkeep\n|turn|5\n|inactive|GetCuboned has 30 seconds left.\n|\n|t:|1768652297\n|move|p1a: Chi-Yu|Overheat|p2a: \u54c7\u8884\uff08\u72d7\u53eb\u58f0\uff09\n|-supereffective|p2a: \u54c7\u8884\uff08\u72d7\u53eb\u58f0\uff09\n|-damage|p2a: \u54c7\u8884\uff08\u72d7\u53eb\u58f0\uff09|0 fnt\n|-unboost|p1a: Chi-Yu|spa|2\n|faint|p2a: \u54c7\u8884\uff08\u72d7\u53eb\u58f0\uff09\n|move|p2b: \u5e05otto\u5e05|Knock Off|p1b: Calyrex\n|-supereffective|p1b: Calyrex\n|-damage|p1b: Calyrex|0 fnt\n|-enditem|p1b: Calyrex|Clear Amulet|[from] move: Knock Off|[of] p2b: \u5e05otto\u5e05\n|faint|p1b: Calyrex\n|\n|-heal|p2b: \u5e05otto\u5e05|99/100|[from] Grassy Terrain\n|-fieldend|move: Grassy Terrain\n|upkeep\n|\n|t:|1768652308\n|switch|p2a: \u5636\u9a6c\u51a0\u54e5|Calyrex-Shadow, L50|100/100\n|switch|p1b: Miraidon|Miraidon, L50|100/100\n|-ability|p2a: \u5636\u9a6c\u51a0\u54e5|As One\n|-ability|p2a: \u5636\u9a6c\u51a0\u54e5|Unnerve\n|-fieldstart|move: Electric Terrain|[from] ability: Hadron Engine|[of] p1b: Miraidon\n|turn|6\n|inactive|GetCuboned has 30 seconds left.\n|\n|t:|1768652340\n|-terastallize|p1b: Miraidon|Electric\n|move|p2a: \u5636\u9a6c\u51a0\u54e5|Protect|p2a: \u5636\u9a6c\u51a0\u54e5\n|-singleturn|p2a: \u5636\u9a6c\u51a0\u54e5|Protect\n|move|p1b: Miraidon|Electro Drift|p2a: \u5636\u9a6c\u51a0\u54e5\n|-activate|p2a: \u5636\u9a6c\u51a0\u54e5|move: Protect\n|move|p1a: Chi-Yu|Snarl|p2b: \u5e05otto\u5e05|[spread] p2b\n|-activate|p2a: \u5636\u9a6c\u51a0\u54e5|move: Protect\n|-resisted|p2b: \u5e05otto\u5e05\n|-damage|p2b: \u5e05otto\u5e05|92/100\n|-unboost|p2b: \u5e05otto\u5e05|spa|1\n|move|p2b: \u5e05otto\u5e05|Parting Shot|p1b: Miraidon\n|-unboost|p1b: Miraidon|atk|1\n|-unboost|p1b: Miraidon|spa|1\n|\n|upkeep\n|turn|7\n|inactive|blackred123\u6c38\u96cf\u5854\u83f2\u4fa0 has 30 seconds left.\n|l| Yancy0902\u56fe\u56fe\u72ac\u4fa0\n|inactive|blackred123\u6c38\u96cf\u5854\u83f2\u4fa0 has 20 seconds left.\n|\n|t:|1768652380\n|move|p1b: Miraidon|Electro Drift|p2a: \u5636\u9a6c\u51a0\u54e5\n|-damage|p2a: \u5636\u9a6c\u51a0\u54e5|0 fnt\n|faint|p2a: \u5636\u9a6c\u51a0\u54e5\n|move|p1a: Chi-Yu|Snarl|p2b: \u5e05otto\u5e05\n|-resisted|p2b: \u5e05otto\u5e05\n|-damage|p2b: \u5e05otto\u5e05|83/100\n|-unboost|p2b: \u5e05otto\u5e05|spa|1\n|move|p2b: \u5e05otto\u5e05|Parting Shot|p1b: Miraidon\n|-unboost|p1b: Miraidon|atk|1\n|-unboost|p1b: Miraidon|spa|1\n|\n|upkeep\n|turn|8\n|c|\u2606GetCuboned|wow im very surprised that ohkod\n|\n|t:|1768652402\n|move|p1b: Miraidon|Electro Drift|p2b: \u5e05otto\u5e05\n|-damage|p2b: \u5e05otto\u5e05|14/100\n|-damage|p1b: Miraidon|84/100|[from] item: Rocky Helmet|[of] p2b: \u5e05otto\u5e05\n|move|p1a: Chi-Yu|Heat Wave|p2b: \u5e05otto\u5e05\n|-resisted|p2b: \u5e05otto\u5e05\n|-damage|p2b: \u5e05otto\u5e05|0 fnt\n|faint|p2b: \u5e05otto\u5e05\n|\n|win|GetCuboned\n|raw|GetCuboned's rating: 1138 &rarr; <strong>1162</strong><br />(+24 for winning)\n|raw|blackred123\u6c38\u96cf\u5854\u83f2\u4fa0's rating: 1129 &rarr; <strong>1105</strong><br />(-24 for losing)\n|j| QAQeee\u5609\u7136\u4fa0\n|c|\u2606GetCuboned|gg\n|l|\u2606blackred123\u6c38\u96cf\u5854\u83f2\u4fa0\n|player|p2|\n|l| QAQeee\u5609\u7136\u4fa0\n|l|\u2606GetCuboned\n|player|p1|\n","uploadtime":1768652759,"views":14,"formatid":"gen9vgc2026regi","rating":1105,"private":0,"password":null}