{"id":"gen9vgc2026regi-2561680052","format":"[Gen 9] VGC 2026 Reg I","players":["Jerald Jimes","slimeslatt252"],"log":"|j|\u2606Jerald Jimes\n|j|\u2606slimeslatt252\n|t:|1773831973\n|gametype|doubles\n|player|p1|Jerald Jimes|turo|1521\n|player|p2|slimeslatt252|101|1472\n|gen|9\n|tier|[Gen 9] VGC 2026 Reg I\n|rated|\n|rule|Species Clause: Limit one of each Pok\u00e9mon\n|rule|Item Clause: Limit 1 of each item\n|clearpoke\n|poke|p1|Chi-Yu, L50|\n|poke|p1|Landorus, L50, M|\n|poke|p1|Tornadus, L50, M|\n|poke|p1|Calyrex-Shadow, L50|\n|poke|p1|Zamazenta-*, L50|\n|poke|p1|Rillaboom, L50, M|\n|poke|p2|Calyrex-Shadow, L50|\n|poke|p2|Koraidon, L50|\n|poke|p2|Incineroar, L50, M|\n|poke|p2|Raging Bolt, L50|\n|poke|p2|Brute Bonnet, L50|\n|poke|p2|Landorus, L50, M|\n|teampreview|4\n|inactive|Battle timer is ON: inactive players will automatically lose when time's up. (requested by slimeslatt252)\n|inactive|Jerald Jimes has 60 seconds left.\n|inactive|Jerald Jimes has 30 seconds left.\n|inactive|Jerald Jimes has 20 seconds left.\n|inactive|Jerald Jimes has 15 seconds left.\nslimeslatt252 rejected open team sheets.\n|inactive|Jerald Jimes has 10 seconds left.\n|inactive|Jerald Jimes has 5 seconds left.\n|\n|t:|1773832062\n|teamsize|p1|4\n|teamsize|p2|4\n|start\n|switch|p1a: Tornadus|Tornadus, L50, M, shiny|100/100\n|switch|p1b: Landorus|Landorus, L50, M, shiny|100/100\n|switch|p2a: Calyrex|Calyrex-Shadow, L50|100/100\n|switch|p2b: Brute Bonnet|Brute Bonnet, L50|100/100\n|-ability|p2a: Calyrex|As One\n|-ability|p2a: Calyrex|Unnerve\n|turn|1\n|inactive|slimeslatt252 has 30 seconds left.\n|\n|t:|1773832090\n|move|p2a: Calyrex|Protect|p2a: Calyrex\n|-singleturn|p2a: Calyrex|Protect\n|move|p1a: Tornadus|Bleakwind Storm|p2a: Calyrex|[spread] p2b\n|-activate|p2a: Calyrex|move: Protect\n|-supereffective|p2b: Brute Bonnet\n|-damage|p2b: Brute Bonnet|39/100\n|move|p1b: Landorus|Earth Power|p2b: Brute Bonnet\n|-resisted|p2b: Brute Bonnet\n|-damage|p2b: Brute Bonnet|11/100\n|move|p2b: Brute Bonnet|Spore|p1b: Landorus\n|-status|p1b: Landorus|slp|[from] move: Spore\n|\n|upkeep\n|turn|2\n|\n|t:|1773832109\n|-terastallize|p2a: Calyrex|Ghost\n|move|p2b: Brute Bonnet|Sucker Punch|p1a: Tornadus\n|-damage|p1a: Tornadus|70/100\n|move|p2a: Calyrex|Astral Barrage|p1a: Tornadus|[spread] p1a,p1b\n|-damage|p1a: Tornadus|0 fnt\n|-damage|p1b: Landorus|27/100 slp\n|faint|p1a: Tornadus\n|-ability|p2a: Calyrex|Grim Neigh|boost\n|-boost|p2a: Calyrex|spa|1\n|cant|p1b: Landorus|slp\n|\n|upkeep\n|inactive|Jerald Jimes has 30 seconds left.\n|\n|t:|1773832139\n|switch|p1a: Calyrex|Calyrex-Shadow, L50|100/100\n|-ability|p1a: Calyrex|As One\n|-ability|p1a: Calyrex|Unnerve\n|turn|3\n|\n|t:|1773832144\n|switch|p1b: Zamazenta|Zamazenta-Crowned, L50|100/100\n|-ability|p1b: Zamazenta|Dauntless Shield|boost\n|-boost|p1b: Zamazenta|def|1\n|move|p1a: Calyrex|Protect|p1a: Calyrex\n|-singleturn|p1a: Calyrex|Protect\n|move|p2b: Brute Bonnet|Sucker Punch||[still]\n|-fail|p2b: Brute Bonnet\n|move|p2a: Calyrex|Astral Barrage|p1b: Zamazenta|[spread] p1b\n|-activate|p1a: Calyrex|move: Protect\n|-damage|p1b: Zamazenta|30/100\n|\n|upkeep\n|turn|4\n|inactive|Jerald Jimes has 30 seconds left.\n|\n|t:|1773832178\n|-terastallize|p1a: Calyrex|Ghost\n|move|p2b: Brute Bonnet|Sucker Punch|p1a: Calyrex\n|-supereffective|p1a: Calyrex\n|-damage|p1a: Calyrex|25/100\n|move|p2a: Calyrex|Psychic|p1b: Zamazenta\n|-damage|p1b: Zamazenta|0 fnt\n|faint|p1b: Zamazenta\n|-ability|p2a: Calyrex|Grim Neigh|boost\n|-boost|p2a: Calyrex|spa|1\n|move|p1a: Calyrex|Astral Barrage|p2a: Calyrex|[spread] p2a,p2b\n|-supereffective|p2a: Calyrex\n|-resisted|p2b: Brute Bonnet\n|-enditem|p2a: Calyrex|Focus Sash\n|-damage|p2a: Calyrex|1/100\n|-damage|p2b: Brute Bonnet|0 fnt\n|faint|p2b: Brute Bonnet\n|-end|p2b: Brute Bonnet|Protosynthesis|[silent]\n|-ability|p1a: Calyrex|Grim Neigh|boost\n|-boost|p1a: Calyrex|spa|1\n|\n|upkeep\n|\n|t:|1773832190\n|switch|p1b: Landorus|Landorus, L50, M, shiny|27/100 slp\n|switch|p2b: raging dingus|Raging Bolt, L50|100/100\n|turn|5\n|c|\u2606slimeslatt252|gg\n|-message|Jerald Jimes forfeited.\n|\n|win|slimeslatt252\n|raw|Jerald Jimes's rating: 1521 &rarr; <strong>1498</strong><br />(-23 for losing)\n|raw|slimeslatt252's rating: 1472 &rarr; <strong>1495</strong><br />(+23 for winning)\n|l|\u2606slimeslatt252\n|player|p2|\n|l|\u2606Jerald Jimes\n|player|p1|\n","uploadtime":1773832204,"views":33,"formatid":"gen9vgc2026regi","rating":1495,"private":0,"password":null}