{"id":"gen9vgc2026regi-2529769720","format":"[Gen 9] VGC 2026 Reg I","players":["jpto5","Sariel90"],"log":"|j|\u2606jpto5\n|j|\u2606Sariel90\n|t:|1769821962\n|gametype|doubles\n|player|p1|jpto5|101|1151\n|player|p2|Sariel90|brycen|1123\n|gen|9\n|tier|[Gen 9] VGC 2026 Reg I\n|rated|\n|rule|Species Clause: Limit one of each Pok\u00e9mon\n|rule|Item Clause: Limit 1 of each item\n|clearpoke\n|poke|p1|Tornadus, L50, M|\n|poke|p1|Kyogre, L50|\n|poke|p1|Zacian-*, L50|\n|poke|p1|Archaludon, L50, M|\n|poke|p1|Basculegion, L50, M|\n|poke|p1|Chien-Pao, L50|\n|poke|p2|Calyrex-Ice, L50|\n|poke|p2|Miraidon, L50|\n|poke|p2|Cresselia, L50, F|\n|poke|p2|Indeedee-F, L50, F|\n|poke|p2|Rhyperior, L50, M|\n|poke|p2|Ursaluna, L50, M|\n|teampreview|4\n|inactive|Battle timer is ON: inactive players will automatically lose when time's up. (requested by jpto5)\n|inactive|jpto5 has 60 seconds left.\n|\n|t:|1769822015\n|teamsize|p1|4\n|teamsize|p2|4\n|start\n|switch|p1a: Tornadus|Tornadus, L50, M|100/100\n|switch|p1b: Archaludon|Archaludon, L50, M|100/100\n|switch|p2a: Calyrex|Calyrex-Ice, L50|100/100\n|switch|p2b: Miraidon|Miraidon, L50, shiny|100/100\n|-ability|p2a: Calyrex|As One\n|-ability|p2a: Calyrex|Unnerve\n|-fieldstart|move: Electric Terrain|[from] ability: Hadron Engine|[of] p2b: Miraidon\n|turn|1\n|\n|t:|1769822034\n|switch|p2b: Rhyperior|Rhyperior, L50, M, shiny|100/100\n|move|p1a: Tornadus|Taunt|p2a: Calyrex\n|-start|p2a: Calyrex|move: Taunt\n|move|p1b: Archaludon|Dragon Pulse|p2b: Rhyperior\n|-damage|p2b: Rhyperior|63/100\n|move|p2a: Calyrex|Glacial Lance|p1a: Tornadus|[spread] p1a,p1b\n|-supereffective|p1a: Tornadus\n|-enditem|p1a: Tornadus|Focus Sash\n|-damage|p1a: Tornadus|1/100\n|-damage|p1b: Archaludon|62/100\n|\n|upkeep\n|turn|2\n|inactive|jpto5 has 30 seconds left.\n|\n|t:|1769822061\n|move|p1a: Tornadus|Bleakwind Storm|p2a: Calyrex|[spread] p2a,p2b\n|-resisted|p2b: Rhyperior\n|-damage|p2a: Calyrex|75/100\n|-damage|p2b: Rhyperior|45/100\n|move|p1b: Archaludon|Flash Cannon|p2a: Calyrex\n|-supereffective|p2a: Calyrex\n|-damage|p2a: Calyrex|6/100\n|move|p2a: Calyrex|Glacial Lance|p1b: Archaludon|[spread] p1a,p1b\n|-supereffective|p1a: Tornadus\n|-damage|p1a: Tornadus|0 fnt\n|-damage|p1b: Archaludon|24/100\n|faint|p1a: Tornadus\n|-ability|p2a: Calyrex|Chilling Neigh|boost\n|-boost|p2a: Calyrex|atk|1\n|move|p2b: Rhyperior|Rock Slide|p1b: Archaludon\n|-resisted|p1b: Archaludon\n|-damage|p1b: Archaludon|13/100\n|\n|upkeep\n|inactive|jpto5 has 30 seconds left.\n|\n|t:|1769822096\n|switch|p1a: Chien-Pao|Chien-Pao, L50|100/100\n|-ability|p1a: Chien-Pao|Sword of Ruin\n|turn|3\n|inactive|jpto5 has 30 seconds left.\n|\n|t:|1769822128\n|move|p1a: Chien-Pao|Ice Spinner|p2b: Rhyperior\n|-supereffective|p2b: Rhyperior\n|-damage|p2b: Rhyperior|0 fnt\n|-fieldend|move: Electric Terrain\n|faint|p2b: Rhyperior\n|move|p1b: Archaludon|Dragon Pulse|p2a: Calyrex\n|-damage|p2a: Calyrex|0 fnt\n|faint|p2a: Calyrex\n|\n|upkeep\n|\n|t:|1769822137\n|switch|p2a: Indeedee|Indeedee-F, L50, F, shiny|100/100\n|switch|p2b: Miraidon|Miraidon, L50, shiny|100/100\n|-fieldstart|move: Electric Terrain|[from] ability: Hadron Engine|[of] p2b: Miraidon\n|-fieldstart|move: Psychic Terrain|[from] ability: Psychic Surge|[of] p2a: Indeedee\n|-enditem|p2a: Indeedee|Psychic Seed\n|-boost|p2a: Indeedee|spd|1|[from] item: Psychic Seed\n|turn|4\n|\n|t:|1769822161\n|-terastallize|p2b: Miraidon|Electric\n|move|p2a: Indeedee|Follow Me|p2a: Indeedee\n|-singleturn|p2a: Indeedee|move: Follow Me\n|move|p1a: Chien-Pao|Night Slash|p2a: Indeedee\n|-supereffective|p2a: Indeedee\n|-damage|p2a: Indeedee|0 fnt\n|faint|p2a: Indeedee\n|move|p2b: Miraidon|Parabolic Charge|p1b: Archaludon|[spread] p1a,p1b\n|-resisted|p1b: Archaludon\n|-damage|p1a: Chien-Pao|40/100\n|-damage|p1b: Archaludon|0 fnt\n|faint|p1b: Archaludon\n|\n|upkeep\n|\n|t:|1769822172\n|switch|p1b: Basculegion|Basculegion, L50, M|100/100\n|turn|5\n|inactive|jpto5 has 30 seconds left.\n|\n|t:|1769822204\n|move|p1a: Chien-Pao|Ice Spinner|p2b: Miraidon\n|-damage|p2b: Miraidon|54/100\n|-fieldend|move: Psychic Terrain\n|move|p2b: Miraidon|Parabolic Charge|p1a: Chien-Pao|[spread] p1a,p1b\n|-supereffective|p1b: Basculegion\n|-damage|p1a: Chien-Pao|0 fnt\n|-heal|p2b: Miraidon|69/100|[from] drain|[of] p1a: Chien-Pao\n|-damage|p1b: Basculegion|9/100\n|-heal|p2b: Miraidon|100/100|[from] drain|[of] p1b: Basculegion\n|faint|p1a: Chien-Pao\n|move|p1b: Basculegion|Last Respects|p2b: Miraidon\n|-damage|p2b: Miraidon|10/100\n|\n|-heal|p2b: Miraidon|16/100|[from] item: Leftovers\n|upkeep\n|turn|6\n|\n|t:|1769822222\n|-terastallize|p1b: Basculegion|Water\n|move|p2b: Miraidon|Electro Drift|p1b: Basculegion\n|-supereffective|p1b: Basculegion\n|-damage|p1b: Basculegion|0 fnt\n|faint|p1b: Basculegion\n|\n|win|Sariel90\n|raw|jpto5's rating: 1151 &rarr; <strong>1124</strong><br />(-27 for losing)\n|raw|Sariel90's rating: 1123 &rarr; <strong>1150</strong><br />(+27 for winning)\n|l|\u2606jpto5\n|player|p1|\n|l|\u2606Sariel90\n|player|p2|\n","uploadtime":1769822597,"views":11,"formatid":"gen9vgc2026regi","rating":1124,"private":0,"password":null}