{"id":"gen9vgc2026regi-2577681057","format":"[Gen 9] VGC 2026 Reg I","players":["N jordan","ZJESKIN"],"log":"|j|\u2606N jordan\n|j|\u2606ZJESKIN\n|t:|1775595775\n|gametype|doubles\n|player|p1|N jordan|n|1365\n|player|p2|ZJESKIN|101|1364\n|gen|9\n|tier|[Gen 9] VGC 2026 Reg I\n|rated|\n|rule|Species Clause: Limit one of each Pok\u00e9mon\n|rule|Item Clause: Limit 1 of each item\n|clearpoke\n|poke|p1|Calyrex-Ice, L50|\n|poke|p1|Grimmsnarl, L50, M|\n|poke|p1|Incineroar, L50, M|\n|poke|p1|Pelipper, L50, F|\n|poke|p1|Kyurem-Black, L50|\n|poke|p1|Rillaboom, L50, F|\n|poke|p2|Kingambit, L50, F|\n|poke|p2|Kyogre, L50|\n|poke|p2|Rillaboom, L50, M|\n|poke|p2|Landorus, L50, M|\n|poke|p2|Zamazenta-*, L50|\n|poke|p2|Tornadus, L50, M|\n|teampreview|4\n|inactive|Battle timer is ON: inactive players will automatically lose when time's up. (requested by ZJESKIN)\n|\n|t:|1775595805\n|teamsize|p1|4\n|teamsize|p2|4\n|start\n|switch|p1a: USA's tax money|Grimmsnarl, L50, M|100/100\n|switch|p1b: BB nethanyahu|Calyrex-Ice, L50|100/100\n|switch|p2a: Kingambit|Kingambit, L50, F, shiny|100/100\n|switch|p2b: Zamazenta|Zamazenta-Crowned, L50, shiny|100/100\n|-ability|p1b: BB nethanyahu|As One\n|-ability|p1b: BB nethanyahu|Unnerve\n|-ability|p2b: Zamazenta|Dauntless Shield|boost\n|-boost|p2b: Zamazenta|def|1\n|turn|1\n|j| cornstarchII\n|\n|t:|1775595825\n|-terastallize|p1b: BB nethanyahu|Water\n|move|p1a: USA's tax money|Reflect|p1a: USA's tax money\n|-sidestart|p1: N jordan|Reflect\n|move|p2b: Zamazenta|Heavy Slam|p1a: USA's tax money\n|-supereffective|p1a: USA's tax money\n|-damage|p1a: USA's tax money|15/100\n|move|p1b: BB nethanyahu|Leech Seed|p2a: Kingambit\n|-start|p2a: Kingambit|move: Leech Seed\n|move|p2a: Kingambit|Taunt|p1b: BB nethanyahu\n|-start|p1b: BB nethanyahu|move: Taunt\n|-enditem|p1b: BB nethanyahu|Mental Herb\n|-end|p1b: BB nethanyahu|move: Taunt\n|\n|-damage|p2a: Kingambit|88/100|[from] Leech Seed|[of] p1b: BB nethanyahu\n|upkeep\n|turn|2\n|\n|t:|1775595844\n|move|p1a: USA's tax money|Light Screen|p1a: USA's tax money\n|-sidestart|p1: N jordan|move: Light Screen\n|move|p2b: Zamazenta|Iron Defense|p2b: Zamazenta\n|-boost|p2b: Zamazenta|def|2\n|move|p1b: BB nethanyahu|Leech Seed|p2b: Zamazenta\n|-start|p2b: Zamazenta|move: Leech Seed\n|move|p2a: Kingambit|Brick Break|p1a: USA's tax money\n|-sideend|p1: N jordan|Reflect\n|-sideend|p1: N jordan|move: Light Screen\n|-damage|p1a: USA's tax money|0 fnt\n|faint|p1a: USA's tax money\n|\n|-damage|p2b: Zamazenta|88/100|[from] Leech Seed|[of] p1b: BB nethanyahu\n|-damage|p2a: Kingambit|76/100|[from] Leech Seed|[of] p1b: BB nethanyahu\n|upkeep\n|\n|t:|1775595856\n|switch|p1a: goons|Rillaboom, L50, F|100/100\n|-fieldstart|move: Grassy Terrain|[from] ability: Grassy Surge|[of] p1a: goons\n|turn|3\n|\n|t:|1775595874\n|-terastallize|p2a: Kingambit|Ghost\n|move|p2b: Zamazenta|Body Press|p1a: goons\n|-damage|p1a: goons|0 fnt\n|faint|p1a: goons\n|move|p1b: BB nethanyahu|Life Dew||[still]\n|-fail|p1b: BB nethanyahu|heal\n|move|p2a: Kingambit|Taunt|p1b: BB nethanyahu\n|-start|p1b: BB nethanyahu|move: Taunt\n|\n|-heal|p2b: Zamazenta|94/100|[from] Grassy Terrain\n|-heal|p2a: Kingambit|82/100|[from] Grassy Terrain\n|-damage|p2b: Zamazenta|81/100|[from] Leech Seed|[of] p1b: BB nethanyahu\n|-damage|p2a: Kingambit|70/100|[from] Leech Seed|[of] p1b: BB nethanyahu\n|upkeep\n|\n|t:|1775595882\n|switch|p1a: Nethanyu is a hero|Kyurem-Black, L50|100/100\n|-ability|p1a: Nethanyu is a hero|Teravolt\n|turn|4\n|\n|t:|1775595895\n|move|p2a: Kingambit|Sucker Punch|p1a: Nethanyu is a hero\n|-damage|p1a: Nethanyu is a hero|74/100\n|move|p2b: Zamazenta|Body Press|p1a: Nethanyu is a hero\n|-supereffective|p1a: Nethanyu is a hero\n|-damage|p1a: Nethanyu is a hero|0 fnt\n|faint|p1a: Nethanyu is a hero\n|move|p1b: BB nethanyahu|Glacial Lance|p2b: Zamazenta|[spread] p2a,p2b\n|-resisted|p2b: Zamazenta\n|-damage|p2a: Kingambit|42/100\n|-damage|p2b: Zamazenta|75/100\n|\n|-heal|p2b: Zamazenta|81/100|[from] Grassy Terrain\n|-heal|p2a: Kingambit|48/100|[from] Grassy Terrain\n|-damage|p2b: Zamazenta|69/100|[from] Leech Seed|[of] p1b: BB nethanyahu\n|-damage|p2a: Kingambit|36/100|[from] Leech Seed|[of] p1b: BB nethanyahu\n|upkeep\n|turn|5\n|\n|t:|1775595904\n|move|p2a: Kingambit|Sucker Punch|p1b: BB nethanyahu\n|-damage|p1b: BB nethanyahu|81/100\n|move|p2b: Zamazenta|Body Press|p1b: BB nethanyahu\n|-damage|p1b: BB nethanyahu|12/100\n|move|p1b: BB nethanyahu|Glacial Lance|p2a: Kingambit|[spread] p2a,p2b\n|-resisted|p2b: Zamazenta\n|-damage|p2a: Kingambit|8/100\n|-damage|p2b: Zamazenta|64/100\n|\n|-heal|p2b: Zamazenta|70/100|[from] Grassy Terrain\n|-heal|p2a: Kingambit|14/100|[from] Grassy Terrain\n|-heal|p1b: BB nethanyahu|17/100|[from] Grassy Terrain\n|-damage|p2b: Zamazenta|57/100|[from] Leech Seed|[of] p1b: BB nethanyahu\n|-heal|p1b: BB nethanyahu|28/100|[silent]\n|-damage|p2a: Kingambit|1/100|[from] Leech Seed|[of] p1b: BB nethanyahu\n|-heal|p1b: BB nethanyahu|40/100|[silent]\n|upkeep\n|turn|6\n|-message|N jordan forfeited.\n|\n|win|ZJESKIN\n|raw|N jordan's rating: 1365 &rarr; <strong>1345</strong><br />(-20 for losing)\n|raw|ZJESKIN's rating: 1364 &rarr; <strong>1384</strong><br />(+20 for winning)\n|l|\u2606N jordan\n|player|p1|\n|l|\u2606ZJESKIN\n|player|p2|\n|l| cornstarchII\n","uploadtime":1775596154,"views":7,"formatid":"gen9vgc2026regi","rating":1345,"private":0,"password":null}