{"id":"gen9vgc2026regi-2523354231","format":"[Gen 9] VGC 2026 Reg I","players":["j0l0k0","Tepig_nNz_498"],"log":"|j|\u2606j0l0k0\n|j|\u2606Tepig_nNz_498\n|t:|1769017860\n|gametype|doubles\n|player|p1|j0l0k0|brycen|1350\n|player|p2|Tepig_nNz_498|102|1299\n|gen|9\n|tier|[Gen 9] VGC 2026 Reg I\n|rated|\n|rule|Species Clause: Limit one of each Pok\u00e9mon\n|rule|Item Clause: Limit 1 of each item\n|clearpoke\n|poke|p1|Calyrex-Ice, L50|\n|poke|p1|Kyogre, L50|\n|poke|p1|Indeedee-F, L50, F|\n|poke|p1|Urshifu-*, L50, F|\n|poke|p1|Amoonguss, L50, F|\n|poke|p1|Landorus, L50, M|\n|poke|p2|Whimsicott, L50, F|\n|poke|p2|Reshiram, L50|\n|poke|p2|Incineroar, L50, M|\n|poke|p2|Lilligant-Hisui, L50, F|\n|poke|p2|Brute Bonnet, L50|\n|poke|p2|Koraidon, L50|\n|teampreview|4\n|inactive|Battle timer is ON: inactive players will automatically lose when time's up. (requested by j0l0k0)\n|\n|t:|1769017886\n|teamsize|p1|4\n|teamsize|p2|4\n|start\n|switch|p1a: Kyogre|Kyogre, L50, shiny|100/100\n|switch|p1b: Indeedee|Indeedee-F, L50, F, shiny|100/100\n|switch|p2a: Incineroar|Incineroar, L50, M|100/100\n|switch|p2b: Reshiram|Reshiram, L50|100/100\n|-ability|p2b: Reshiram|Turboblaze\n|-fieldstart|move: Psychic Terrain|[from] ability: Psychic Surge|[of] p1b: Indeedee\n|-weather|RainDance|[from] ability: Drizzle|[of] p1a: Kyogre\n|-ability|p2a: Incineroar|Intimidate|boost\n|-unboost|p1a: Kyogre|atk|1\n|-unboost|p1b: Indeedee|atk|1\n|turn|1\n|\n|t:|1769017901\n|switch|p2a: Koraidon|Koraidon, L50|100/100\n|-weather|SunnyDay|[from] ability: Orichalcum Pulse|[of] p2a: Koraidon\n|-activate|p2a: Koraidon|Orichalcum Pulse|[source]\n|move|p1b: Indeedee|Follow Me|p1b: Indeedee\n|-singleturn|p1b: Indeedee|move: Follow Me\n|move|p2b: Reshiram|Heat Wave|p1a: Kyogre|[spread] p1a,p1b\n|-resisted|p1a: Kyogre\n|-damage|p1a: Kyogre|82/100\n|-damage|p1b: Indeedee|25/100\n|-status|p1b: Indeedee|brn\n|-damage|p2b: Reshiram|91/100|[from] item: Life Orb\n|move|p1a: Kyogre|Water Spout|p2a: Koraidon|[spread] p2a,p2b\n|-resisted|p2a: Koraidon\n|-damage|p2a: Koraidon|87/100\n|-damage|p2b: Reshiram|68/100\n|\n|-weather|SunnyDay|[upkeep]\n|-damage|p1b: Indeedee|19/100 brn|[from] brn\n|upkeep\n|turn|2\n|\n|t:|1769017922\n|move|p1b: Indeedee|Follow Me|p1b: Indeedee\n|-singleturn|p1b: Indeedee|move: Follow Me\n|move|p2a: Koraidon|Close Combat|p1b: Indeedee\n|-damage|p1b: Indeedee|0 fnt\n|-unboost|p2a: Koraidon|def|1\n|-unboost|p2a: Koraidon|spd|1\n|faint|p1b: Indeedee\n|-enditem|p2a: Koraidon|Eject Pack\n|\n|t:|1769017926\n|switch|p2a: Brute Bonnet|Brute Bonnet, L50|100/100\n|-activate|p2a: Brute Bonnet|ability: Protosynthesis\n|-start|p2a: Brute Bonnet|protosynthesisdef\n|move|p2b: Reshiram|Heat Wave|p1a: Kyogre\n|-resisted|p1a: Kyogre\n|-damage|p1a: Kyogre|54/100\n|-damage|p2b: Reshiram|59/100|[from] item: Life Orb\n|move|p1a: Kyogre|Ice Beam|p2a: Brute Bonnet\n|-supereffective|p2a: Brute Bonnet\n|-damage|p2a: Brute Bonnet|48/100\n|\n|-weather|SunnyDay|[upkeep]\n|upkeep\n|\n|t:|1769017942\n|switch|p1b: Calyrex|Calyrex-Ice, L50|100/100\n|-ability|p1b: Calyrex|As One\n|-ability|p1b: Calyrex|Unnerve\n|turn|3\n|\n|t:|1769017959\n|-end|p2a: Brute Bonnet|Protosynthesis|[silent]\n|switch|p2a: Incineroar|Incineroar, L50, M|100/100\n|-ability|p2a: Incineroar|Intimidate|boost\n|-unboost|p1a: Kyogre|atk|1\n|-fail|p1b: Calyrex|unboost|[from] item: Clear Amulet|[of] p1b: Calyrex\n|-terastallize|p1b: Calyrex|Normal\n|move|p2b: Reshiram|Heat Wave|p1a: Kyogre|[spread] p1a,p1b\n|-resisted|p1a: Kyogre\n|-damage|p1a: Kyogre|33/100\n|-damage|p1b: Calyrex|40/100\n|-damage|p2b: Reshiram|49/100|[from] item: Life Orb\n|move|p1a: Kyogre|Ice Beam|p2a: Incineroar\n|-resisted|p2a: Incineroar\n|-damage|p2a: Incineroar|85/100\n|move|p1b: Calyrex|Trick Room|p1b: Calyrex\n|-fieldstart|move: Trick Room|[of] p1b: Calyrex\n|\n|-weather|SunnyDay|[upkeep]\n|upkeep\n|turn|4\n|inactive|Tepig_nNz_498 has 30 seconds left.\n|inactive|j0l0k0 has 30 seconds left.\n|\n|t:|1769017995\n|-terastallize|p2b: Reshiram|Fire\n|move|p1b: Calyrex|Glacial Lance|p2a: Incineroar|[spread] p2a,p2b\n|-resisted|p2a: Incineroar\n|-resisted|p2b: Reshiram\n|-damage|p2a: Incineroar|60/100\n|-damage|p2b: Reshiram|21/100\n|move|p2a: Incineroar|Knock Off|p1a: Kyogre\n|-damage|p1a: Kyogre|0 fnt\n|-enditem|p1a: Kyogre|Assault Vest|[from] move: Knock Off|[of] p2a: Incineroar\n|faint|p1a: Kyogre\n|move|p2b: Reshiram|Heat Wave|p1b: Calyrex\n|-damage|p1b: Calyrex|0 fnt\n|faint|p1b: Calyrex\n|-damage|p2b: Reshiram|12/100|[from] item: Life Orb\n|\n|-weather|SunnyDay|[upkeep]\n|upkeep\n|\n|t:|1769018010\n|switch|p1b: Landorus|Landorus, L50, M, shiny|100/100\n|turn|5\n|\n|t:|1769018015\n|move|p2a: Incineroar|Knock Off|p1b: Landorus\n|-damage|p1b: Landorus|61/100\n|-enditem|p1b: Landorus|Life Orb|[from] move: Knock Off|[of] p2a: Incineroar\n|move|p1b: Landorus|Sandsear Storm|p2a: Incineroar|[spread] p2a,p2b\n|-supereffective|p2a: Incineroar\n|-supereffective|p2b: Reshiram\n|-damage|p2a: Incineroar|0 fnt\n|-damage|p2b: Reshiram|0 fnt\n|faint|p2a: Incineroar\n|faint|p2b: Reshiram\n|\n|-weather|none\n|-fieldend|move: Psychic Terrain\n|upkeep\n|\n|t:|1769018022\n|switch|p2a: Brute Bonnet|Brute Bonnet, L50|48/100\n|switch|p2b: Koraidon|Koraidon, L50|87/100\n|-weather|SunnyDay|[from] ability: Orichalcum Pulse|[of] p2b: Koraidon\n|-activate|p2a: Brute Bonnet|ability: Protosynthesis\n|-start|p2a: Brute Bonnet|protosynthesisdef\n|-activate|p2b: Koraidon|Orichalcum Pulse|[source]\n|turn|6\n|\n|t:|1769018033\n|move|p2a: Brute Bonnet|Spore|p1b: Landorus\n|-status|p1b: Landorus|slp|[from] move: Spore\n|cant|p1b: Landorus|slp\n|move|p2b: Koraidon|Flare Blitz|p1b: Landorus\n|-damage|p1b: Landorus|0 fnt\n|faint|p1b: Landorus\n|-damage|p2b: Koraidon|65/100|[from] Recoil\n|\n|win|Tepig_nNz_498\n|raw|j0l0k0's rating: 1350 &rarr; <strong>1327</strong><br />(-23 for losing)\n|raw|Tepig_nNz_498's rating: 1299 &rarr; <strong>1328</strong><br />(+29 for winning)\n|l|\u2606j0l0k0\n|player|p1|\n|l|\u2606Tepig_nNz_498\n|player|p2|\n","uploadtime":1769018283,"views":13,"formatid":"gen9vgc2026regi","rating":1327,"private":0,"password":null}