{"id":"gen9vgc2026regi-2525680503","format":"[Gen 9] VGC 2026 Reg I","players":["Cello L.","Unskilled99"],"log":"|j|\u2606Cello L.\n|j|\u2606Unskilled99\n|t:|1769309865\n|gametype|doubles\n|player|p1|Cello L.|psychic-gen4|1491\n|player|p2|Unskilled99|unknown|1555\n|gen|9\n|tier|[Gen 9] VGC 2026 Reg I\n|rated|\n|rule|Species Clause: Limit one of each Pok\u00e9mon\n|rule|Item Clause: Limit 1 of each item\n|clearpoke\n|poke|p1|Miraidon, L50|\n|poke|p1|Lunala, L50|\n|poke|p1|Ursaluna, L50, F|\n|poke|p1|Urshifu-*, L50, M|\n|poke|p1|Whimsicott, L50, M|\n|poke|p1|Incineroar, L50, M|\n|poke|p2|Calyrex-Shadow, L50|\n|poke|p2|Zamazenta-*, L50|\n|poke|p2|Chien-Pao, L50|\n|poke|p2|Dragonite, L50, M|\n|poke|p2|Raging Bolt, L50|\n|poke|p2|Amoonguss, L50, F|\n|teampreview|4\n|j| riyuezi\n|\n|t:|1769309916\n|teamsize|p1|4\n|teamsize|p2|4\n|start\n|switch|p1a: Urshifu|Urshifu-Rapid-Strike, L50, M|100/100\n|switch|p1b: Whimsicott|Whimsicott, L50, M|100/100\n|switch|p2a: Zamazenta|Zamazenta-Crowned, L50|100/100\n|switch|p2b: Calyrex|Calyrex-Shadow, L50|100/100\n|-ability|p2b: Calyrex|As One\n|-ability|p2b: Calyrex|Unnerve\n|-ability|p2a: Zamazenta|Dauntless Shield|boost\n|-boost|p2a: Zamazenta|def|1\n|turn|1\n|\n|t:|1769309935\n|switch|p2b: Dragonite|Dragonite, L50, M|100/100\n|-terastallize|p2a: Zamazenta|Dragon\n|move|p1b: Whimsicott|Tailwind|p1b: Whimsicott\n|-sidestart|p1: Cello L.|move: Tailwind\n|move|p1a: Urshifu|Surging Strikes|p2b: Dragonite\n|-resisted|p2b: Dragonite\n|-crit|p2b: Dragonite\n|-damage|p2b: Dragonite|86/100\n|-resisted|p2b: Dragonite\n|-crit|p2b: Dragonite\n|-damage|p2b: Dragonite|71/100\n|-resisted|p2b: Dragonite\n|-crit|p2b: Dragonite\n|-damage|p2b: Dragonite|56/100\n|-hitcount|p2b: Dragonite|3\n|move|p2a: Zamazenta|Body Press|p1b: Whimsicott\n|-resisted|p1b: Whimsicott\n|-damage|p1b: Whimsicott|68/100\n|\n|upkeep\n|turn|2\n|c|\u2606Unskilled99|ah\n|c|\u2606Unskilled99|misclicked\n|\n|t:|1769309990\n|switch|p1a: Lunala|Lunala, L50|100/100\n|move|p2b: Dragonite|Extreme Speed|p1b: Whimsicott\n|-damage|p1b: Whimsicott|21/100\n|move|p1b: Whimsicott|Encore|p2a: Zamazenta\n|-start|p2a: Zamazenta|Encore\n|move|p2a: Zamazenta|Body Press|p1a: Lunala\n|-immune|p1a: Lunala\n|\n|upkeep\n|turn|3\n|\n|t:|1769310020\n|switch|p2b: Chien-Pao|Chien-Pao, L50|100/100\n|-ability|p2b: Chien-Pao|Sword of Ruin\n|move|p1b: Whimsicott|Light Screen|p1b: Whimsicott\n|-sidestart|p1: Cello L.|move: Light Screen\n|move|p1a: Lunala|Moongeist Beam|p2b: Chien-Pao\n|-resisted|p2b: Chien-Pao\n|-damage|p2b: Chien-Pao|76/100\n|move|p2a: Zamazenta|Body Press|p1b: Whimsicott\n|-resisted|p1b: Whimsicott\n|-damage|p1b: Whimsicott|0 fnt\n|faint|p1b: Whimsicott\n|\n|upkeep\n|\n|t:|1769310036\n|switch|p1b: Miraidon|Miraidon, L50|100/100\n|-fieldstart|move: Electric Terrain|[from] ability: Hadron Engine|[of] p1b: Miraidon\n|-enditem|p1a: Lunala|Electric Seed\n|-boost|p1a: Lunala|def|1|[from] item: Electric Seed\n|turn|4\n|\n|t:|1769310064\n|move|p1b: Miraidon|Volt Switch|p2b: Chien-Pao\n|-damage|p2b: Chien-Pao|0 fnt\n|faint|p2b: Chien-Pao\n|\n|t:|1769310068\n|switch|p1b: Urshifu|Urshifu-Rapid-Strike, L50, M|100/100|[from] Volt Switch\n|move|p1a: Lunala|Moonblast|p2a: Zamazenta\n|-supereffective|p2a: Zamazenta\n|-damage|p2a: Zamazenta|55/100\n|move|p2a: Zamazenta|Body Press|p1b: Urshifu\n|-damage|p1b: Urshifu|37/100\n|\n|-end|p2a: Zamazenta|Encore\n|-sideend|p1: Cello L.|move: Tailwind\n|upkeep\n|\n|t:|1769310080\n|switch|p2b: Calyrex|Calyrex-Shadow, L50|100/100\n|-ability|p2b: Calyrex|As One\n|-ability|p2b: Calyrex|Unnerve\n|turn|5\n|\n|t:|1769310101\n|move|p1a: Lunala|Wide Guard|p1a: Lunala\n|-singleturn|p1a: Lunala|Wide Guard\n|move|p2b: Calyrex|Encore|p1a: Lunala\n|-start|p1a: Lunala|Encore\n|move|p2a: Zamazenta|Body Press|p1b: Urshifu\n|-damage|p1b: Urshifu|0 fnt\n|faint|p1b: Urshifu\n|\n|upkeep\n|\n|t:|1769310108\n|switch|p1b: Miraidon|Miraidon, L50|100/100\n|-activate|p1b: Miraidon|ability: Hadron Engine\n|turn|6\n|\n|t:|1769310123\n|-terastallize|p1b: Miraidon|Fairy\n|move|p1a: Lunala|Wide Guard|p1a: Lunala\n|-singleturn|p1a: Lunala|Wide Guard\n|move|p2b: Calyrex|Psychic|p1b: Miraidon\n|-damage|p1b: Miraidon|68/100\n|move|p1b: Miraidon|Dazzling Gleam|p2a: Zamazenta|[spread] p2a,p2b\n|-supereffective|p2a: Zamazenta\n|-damage|p2a: Zamazenta|0 fnt\n|-damage|p2b: Calyrex|24/100\n|faint|p2a: Zamazenta\n|\n|upkeep\n|\n|t:|1769310131\n|switch|p2a: Dragonite|Dragonite, L50, M|56/100\n|turn|7\n|\n|t:|1769310136\n|move|p1a: Lunala|Wide Guard|p1a: Lunala\n|-singleturn|p1a: Lunala|Wide Guard\n|move|p2a: Dragonite|Extreme Speed|p1b: Miraidon\n|-damage|p1b: Miraidon|22/100\n|move|p2b: Calyrex|Psychic|p1b: Miraidon\n|-damage|p1b: Miraidon|0 fnt\n|faint|p1b: Miraidon\n|-ability|p2b: Calyrex|Grim Neigh|boost\n|-boost|p2b: Calyrex|spa|1\n|\n|-sideend|p1: Cello L.|move: Light Screen\n|upkeep\n|turn|8\n|c|\u2606Cello L.|gg\n|\n|t:|1769310148\n|move|p1a: Lunala|Wide Guard|p1a: Lunala\n|-singleturn|p1a: Lunala|Wide Guard\n|move|p2a: Dragonite|Extreme Speed|p1a: Lunala\n|-immune|p1a: Lunala\n|move|p2b: Calyrex|Psychic|p1a: Lunala\n|-resisted|p1a: Lunala\n|-damage|p1a: Lunala|86/100\n|\n|-end|p1a: Lunala|Encore\n|-fieldend|move: Electric Terrain\n|upkeep\n|turn|9\n|c|\u2606Unskilled99|gg\n|\n|t:|1769310164\n|move|p2a: Dragonite|Extreme Speed|p1a: Lunala\n|-immune|p1a: Lunala\n|move|p2b: Calyrex|Encore|p1a: Lunala\n|-start|p1a: Lunala|Encore\n|move|p1a: Lunala|Wide Guard||[still]\n|-fail|p1a: Lunala\n|\n|upkeep\n|turn|10\n|\n|t:|1769310172\n|move|p1a: Lunala|Wide Guard|p1a: Lunala\n|-singleturn|p1a: Lunala|Wide Guard\n|move|p2a: Dragonite|Extreme Speed|p1a: Lunala\n|-immune|p1a: Lunala\n|move|p2b: Calyrex|Psychic|p1a: Lunala\n|-resisted|p1a: Lunala\n|-damage|p1a: Lunala|57/100\n|\n|upkeep\n|turn|11\n|\n|t:|1769310180\n|move|p1a: Lunala|Wide Guard|p1a: Lunala\n|-singleturn|p1a: Lunala|Wide Guard\n|move|p2a: Dragonite|Extreme Speed|p1a: Lunala\n|-immune|p1a: Lunala\n|move|p2b: Calyrex|Psychic|p1a: Lunala\n|-resisted|p1a: Lunala\n|-damage|p1a: Lunala|28/100\n|\n|-end|p1a: Lunala|Encore\n|upkeep\n|turn|12\n|\n|t:|1769310193\n|move|p2a: Dragonite|Extreme Speed|p1a: Lunala\n|-immune|p1a: Lunala\n|move|p2b: Calyrex|Encore|p1a: Lunala\n|-start|p1a: Lunala|Encore\n|move|p1a: Lunala|Wide Guard||[still]\n|-fail|p1a: Lunala\n|\n|upkeep\n|turn|13\n|\n|t:|1769310200\n|move|p1a: Lunala|Wide Guard|p1a: Lunala\n|-singleturn|p1a: Lunala|Wide Guard\n|move|p2a: Dragonite|Extreme Speed|p1a: Lunala\n|-immune|p1a: Lunala\n|move|p2b: Calyrex|Psychic|p1a: Lunala\n|-resisted|p1a: Lunala\n|-damage|p1a: Lunala|0 fnt\n|faint|p1a: Lunala\n|\n|win|Unskilled99\n|raw|Cello L.'s rating: 1491 &rarr; <strong>1475</strong><br />(-16 for losing)\n|raw|Unskilled99's rating: 1555 &rarr; <strong>1571</strong><br />(+16 for winning)\n|l|\u2606Cello L.\n|player|p1|\n|l|\u2606Unskilled99\n|player|p2|\n|l| riyuezi\n","uploadtime":1769310364,"views":12,"formatid":"gen9vgc2026regi","rating":1475,"private":0,"password":null}