{"id":"gen9vgc2026regi-2588646853","format":"[Gen 9] VGC 2026 Reg I","players":["clessvgc","Vestibulan"],"log":"|j|\u2606clessvgc\n|j|\u2606Vestibulan\n|t:|1776653471\n|gametype|doubles\n|player|p1|clessvgc|proton|1428\n|player|p2|Vestibulan|101|1525\n|gen|9\n|tier|[Gen 9] VGC 2026 Reg I\n|rated|\n|rule|Species Clause: Limit one of each Pok\u00e9mon\n|rule|Item Clause: Limit 1 of each item\n|clearpoke\n|poke|p1|Landorus-Therian, L50, M|\n|poke|p1|Calyrex-Shadow, L50|\n|poke|p1|Iron Moth, L50|\n|poke|p1|Tornadus, L50, M|\n|poke|p1|Tinkaton, L50, F|\n|poke|p1|Kyogre, L50|\n|poke|p2|Arcanine, L50, M|\n|poke|p2|Whimsicott, L50, M|\n|poke|p2|Zacian-*, L50|\n|poke|p2|Farigiraf, L50, F|\n|poke|p2|Terapagos, L50, M|\n|poke|p2|Weezing-Galar, L50, M|\n|teampreview|4\n|inactive|Battle timer is ON: inactive players will automatically lose when time's up. (requested by clessvgc)\n|\n|t:|1776653484\n|teamsize|p1|4\n|teamsize|p2|4\n|start\n|switch|p1a: Tinkaton|Tinkaton, L50, F|100/100\n|switch|p1b: Iron Moth|Iron Moth, L50|100/100\n|switch|p2a: Whimsicott|Whimsicott, L50, M|100/100\n|switch|p2b: Terapagos|Terapagos, L50, M|100/100\n|-activate|p2b: Terapagos|ability: Tera Shift\n|detailschange|p2b: Terapagos|Terapagos-Terastal, L50, M\n|-heal|p2b: Terapagos|100/100|[silent]\n|-ability|p1a: Tinkaton|Mold Breaker\n|turn|1\n|\n|t:|1776653508\n|move|p1a: Tinkaton|Fake Out|p2b: Terapagos\n|-damage|p2b: Terapagos|94/100\n|move|p2a: Whimsicott|Tailwind|p2a: Whimsicott\n|-sidestart|p2: Vestibulan|move: Tailwind\n|cant|p2b: Terapagos|flinch\n|move|p1b: Iron Moth|Sludge Wave|p2b: Terapagos|[spread] p2a,p2b\n|-immune|p1a: Tinkaton\n|-supereffective|p2a: Whimsicott\n|-damage|p2a: Whimsicott|0 fnt\n|-damage|p2b: Terapagos|53/100\n|faint|p2a: Whimsicott\n|-damage|p1b: Iron Moth|91/100|[from] item: Life Orb\n|\n|upkeep\n|\n|t:|1776653520\n|switch|p2a: Arcanine|Arcanine, L50, M|100/100\n|turn|2\n|\n|t:|1776653542\n|-terastallize|p2b: Terapagos|Stellar\n|detailschange|p2b: Terapagos|Terapagos-Stellar, L50, M, tera:Stellar\n|-heal|p2b: Terapagos|66/100|[silent]\n|move|p2b: Terapagos|Tera Starstorm|p1a: Tinkaton|[spread] p1a,p1b\n|-damage|p1a: Tinkaton|72/100\n|-damage|p1b: Iron Moth|33/100\n|move|p2a: Arcanine|Curse|p2a: Arcanine\n|-unboost|p2a: Arcanine|spe|1\n|-boost|p2a: Arcanine|atk|1\n|-boost|p2a: Arcanine|def|1\n|move|p1b: Iron Moth|Sludge Wave|p2b: Terapagos|[spread] p2a,p2b\n|-immune|p1a: Tinkaton\n|-damage|p2a: Arcanine|67/100\n|-damage|p2b: Terapagos|36/100\n|-damage|p1b: Iron Moth|24/100|[from] item: Life Orb\n|move|p1a: Tinkaton|Gigaton Hammer|p2b: Terapagos\n|-damage|p2b: Terapagos|6/100\n|\n|upkeep\n|turn|3\n|\n|t:|1776653557\n|move|p1b: Iron Moth|Protect|p1b: Iron Moth\n|-singleturn|p1b: Iron Moth|Protect\n|move|p2a: Arcanine|Extreme Speed|p1b: Iron Moth\n|-activate|p1b: Iron Moth|move: Protect\n|move|p1a: Tinkaton|Feint|p2b: Terapagos\n|-damage|p2b: Terapagos|2/100\n|move|p2b: Terapagos|Tera Starstorm|p1b: Iron Moth|[spread] p1a\n|-activate|p1b: Iron Moth|move: Protect\n|-damage|p1a: Tinkaton|45/100\n|\n|upkeep\n|turn|4\n|\n|t:|1776653565\n|-end|p1b: Iron Moth|Quark Drive|[silent]\n|switch|p1b: Calyrex|Calyrex-Shadow, L50|100/100\n|-ability|p1b: Calyrex|As One\n|-ability|p1b: Calyrex|Unnerve\n|move|p2a: Arcanine|Extreme Speed|p1b: Calyrex\n|-immune|p1b: Calyrex\n|move|p1a: Tinkaton|Feint|p2b: Terapagos\n|-crit|p2b: Terapagos\n|-damage|p2b: Terapagos|0 fnt\n|faint|p2b: Terapagos\n|detailschange|p2: Terapagos|Terapagos, L50, M|[silent]\n|\n|-sideend|p2: Vestibulan|move: Tailwind\n|upkeep\n|\n|t:|1776653571\n|switch|p2b: Zacian|Zacian-Crowned, L50|100/100\n|-ability|p2b: Zacian|Intrepid Sword|boost\n|-boost|p2b: Zacian|atk|1\n|turn|5\n|\n|t:|1776653583\n|move|p1b: Calyrex|Encore|p2a: Arcanine\n|-start|p2a: Arcanine|Encore\n|move|p2b: Zacian|Behemoth Blade|p1b: Calyrex\n|-enditem|p1b: Calyrex|Focus Sash\n|-damage|p1b: Calyrex|1/100\n|move|p1a: Tinkaton|Play Rough|p2b: Zacian\n|-resisted|p2b: Zacian\n|-damage|p2b: Zacian|90/100\n|move|p2a: Arcanine|Extreme Speed|p1b: Calyrex\n|-immune|p1b: Calyrex\n|\n|upkeep\n|turn|6\n|\n|t:|1776653595\n|move|p1a: Tinkaton|Feint|p2b: Zacian\n|-resisted|p2b: Zacian\n|-damage|p2b: Zacian|87/100\n|move|p2a: Arcanine|Extreme Speed|p1a: Tinkaton\n|-resisted|p1a: Tinkaton\n|-damage|p1a: Tinkaton|28/100\n|move|p1b: Calyrex|Astral Barrage|p2b: Zacian|[spread] p2a,p2b\n|-damage|p2a: Arcanine|21/100\n|-damage|p2b: Zacian|36/100\n|move|p2b: Zacian|Behemoth Blade|p1b: Calyrex\n|-damage|p1b: Calyrex|0 fnt\n|faint|p1b: Calyrex\n|\n|upkeep\n|\n|t:|1776653606\n|switch|p1b: Iron Moth|Iron Moth, L50|24/100\n|turn|7\n|\n|t:|1776653614\n|move|p2a: Arcanine|Extreme Speed|p1b: Iron Moth\n|-damage|p1b: Iron Moth|0 fnt\n|faint|p1b: Iron Moth\n|-end|p1b: Iron Moth|Quark Drive|[silent]\n|move|p2b: Zacian|Sacred Sword|p1a: Tinkaton\n|-damage|p1a: Tinkaton|0 fnt\n|faint|p1a: Tinkaton\n|\n|-end|p2a: Arcanine|Encore\n|upkeep\n|\n|t:|1776653616\n|switch|p1b: Kyogre|Kyogre, L50|100/100\n|-weather|RainDance|[from] ability: Drizzle|[of] p1b: Kyogre\n|turn|8\n|\n|t:|1776653625\n|move|p2a: Arcanine|Extreme Speed|p1b: Kyogre\n|-damage|p1b: Kyogre|65/100\n|move|p2b: Zacian|Play Rough|p1b: Kyogre|[miss]\n|-miss|p2b: Zacian|p1b: Kyogre\n|move|p1b: Kyogre|Water Spout|p2a: Arcanine|[spread] p2a,p2b\n|-supereffective|p2a: Arcanine\n|-damage|p2a: Arcanine|0 fnt\n|-damage|p2b: Zacian|0 fnt\n|faint|p2a: Arcanine\n|faint|p2b: Zacian\n|\n|win|clessvgc\n|raw|clessvgc's rating: 1428 &rarr; <strong>1453</strong><br />(+25 for winning)\n|raw|Vestibulan's rating: 1525 &rarr; <strong>1500</strong><br />(-25 for losing)\n|l|\u2606Vestibulan\n|player|p2|\n|l|\u2606clessvgc\n|player|p1|\n","uploadtime":1776653776,"views":11,"formatid":"gen9vgc2026regi","rating":1453,"private":0,"password":null}