{"id":"gen9vgc2026regi-2514592632","format":"[Gen 9] VGC 2026 Reg I","players":["sfghfdsfgg","SnorlaxPikachu1"],"log":"|j|\u2606sfghfdsfgg\n|j|\u2606SnorlaxPikachu1\n|t:|1767888957\n|gametype|doubles\n|player|p1|sfghfdsfgg|unknown|1269\n|player|p2|SnorlaxPikachu1|palmer|1344\n|gen|9\n|tier|[Gen 9] VGC 2026 Reg I\n|rated|\n|rule|Species Clause: Limit one of each Pok\u00e9mon\n|rule|Item Clause: Limit 1 of each item\n|clearpoke\n|poke|p1|Sableye, L50, M|\n|poke|p1|Miraidon, L50|\n|poke|p1|Rillaboom, L50, M|\n|poke|p1|Smeargle, L50, M|\n|poke|p1|Kyogre, L50|\n|poke|p1|Iron Valiant, L50|\n|poke|p2|Terapagos, L50, M|\n|poke|p2|Calyrex-Shadow, L50|\n|poke|p2|Incineroar, L50, M|\n|poke|p2|Flutter Mane, L50|\n|poke|p2|Ogerpon-Cornerstone, L50, F|\n|poke|p2|Rillaboom, L50, M|\n|teampreview|4\n|inactive|Battle timer is ON: inactive players will automatically lose when time's up. (requested by sfghfdsfgg)\n|inactive|SnorlaxPikachu1 has 60 seconds left.\n|\n|t:|1767888999\n|teamsize|p1|4\n|teamsize|p2|4\n|start\n|switch|p1a: Scooter|Smeargle, L50, M|100/100\n|switch|p1b: Ogre|Kyogre, L50|100/100\n|switch|p2a: Flutter Mane|Flutter Mane, L50|100/100\n|switch|p2b: Terapagos|Terapagos, L50, M|100/100\n|-activate|p2b: Terapagos|ability: Tera Shift\n|detailschange|p2b: Terapagos|Terapagos-Terastal, L50, M\n|-heal|p2b: Terapagos|100/100|[silent]\n|-weather|RainDance|[from] ability: Drizzle|[of] p1b: Ogre\n|-enditem|p2a: Flutter Mane|Booster Energy\n|-activate|p2a: Flutter Mane|ability: Protosynthesis|[fromitem]\n|-start|p2a: Flutter Mane|protosynthesisspe\n|turn|1\n|inactive|sfghfdsfgg has 30 seconds left.\n|\n|t:|1767889026\n|move|p2b: Terapagos|Protect|p2b: Terapagos\n|-singleturn|p2b: Terapagos|Protect\n|move|p1a: Scooter|Fake Out|p2b: Terapagos\n|-activate|p2b: Terapagos|move: Protect\n|move|p2a: Flutter Mane|Taunt|p1a: Scooter\n|-start|p1a: Scooter|move: Taunt\n|move|p1b: Ogre|Origin Pulse|p2a: Flutter Mane|[spread] p2a\n|-activate|p2b: Terapagos|move: Protect\n|-damage|p2a: Flutter Mane|4/100\n|\n|-weather|RainDance|[upkeep]\n|-ability|p1a: Scooter|Moody|boost\n|-boost|p1a: Scooter|spd|2\n|-unboost|p1a: Scooter|spa|1\n|-enditem|p1a: Scooter|Eject Pack\n|upkeep\n|\n|t:|1767889028\n|switch|p1a: Twin|Sableye, L50, M|100/100\n|turn|2\n|inactive|SnorlaxPikachu1 has 30 seconds left.\n|\n|t:|1767889059\n|switch|p2b: Ogerpon|Ogerpon-Cornerstone, L50, F|100/100\n|move|p1a: Twin|Encore||[still]\n|-fail|p1a: Twin\n|move|p2a: Flutter Mane|Thunder Wave|p1b: Ogre\n|-status|p1b: Ogre|par\n|move|p1b: Ogre|Water Spout|p2b: Ogerpon|[spread] p2a,p2b\n|-damage|p2a: Flutter Mane|0 fnt\n|-ability|p2b: Ogerpon|Sturdy\n|-damage|p2b: Ogerpon|1/100\n|faint|p2a: Flutter Mane\n|-end|p2a: Flutter Mane|Protosynthesis|[silent]\n|\n|-weather|RainDance|[upkeep]\n|upkeep\n|\n|t:|1767889070\n|switch|p2a: Calyrex|Calyrex-Shadow, L50|100/100\n|-ability|p2a: Calyrex|As One\n|-ability|p2a: Calyrex|Unnerve\n|turn|3\n|\n|t:|1767889077\n|-terastallize|p2a: Calyrex|Ghost\n|-terastallize|p1b: Ogre|Normal\n|move|p1a: Twin|Quash|p2b: Ogerpon\n|-activate|p2b: Ogerpon|move: Quash\n|move|p2a: Calyrex|Astral Barrage|p1b: Ogre|[spread] p1a\n|-immune|p1b: Ogre\n|-enditem|p1a: Twin|Focus Sash\n|-damage|p1a: Twin|1/100\n|cant|p1b: Ogre|par\n|move|p2b: Ogerpon|Ivy Cudgel|p1b: Ogre|[anim] Ivy Cudgel Rock\n|-damage|p1b: Ogre|45/100 par\n|\n|-weather|RainDance|[upkeep]\n|upkeep\n|turn|4\n|inactive|SnorlaxPikachu1 has 30 seconds left.\n|inactive|SnorlaxPikachu1 has 20 seconds left.\n|\n|t:|1767889112\n|move|p2b: Ogerpon|Spiky Shield|p2b: Ogerpon\n|-singleturn|p2b: Ogerpon|move: Protect\n|move|p1b: Ogre|Protect|p1b: Ogre\n|-singleturn|p1b: Ogre|Protect\n|move|p1a: Twin|Disable|p2a: Calyrex\n|-start|p2a: Calyrex|Disable|Astral Barrage\n|move|p2a: Calyrex|Pollen Puff|p1a: Twin\n|-damage|p1a: Twin|0 fnt\n|faint|p1a: Twin\n|-ability|p2a: Calyrex|Grim Neigh|boost\n|-boost|p2a: Calyrex|spa|1\n|\n|-weather|RainDance|[upkeep]\n|upkeep\n|\n|t:|1767889121\n|switch|p1a: Scooter|Smeargle, L50, M|100/100\n|turn|5\n|\n|t:|1767889133\n|move|p1b: Ogre|Protect||[still]\n|-fail|p1b: Ogre\n|move|p1a: Scooter|Fake Out|p2b: Ogerpon\n|-resisted|p2b: Ogerpon\n|-damage|p2b: Ogerpon|0 fnt\n|faint|p2b: Ogerpon\n|move|p2a: Calyrex|Pollen Puff|p1b: Ogre\n|-damage|p1b: Ogre|8/100 par\n|\n|-weather|none\n|-ability|p1a: Scooter|Moody|boost\n|-boost|p1a: Scooter|def|2\n|-unboost|p1a: Scooter|atk|1\n|upkeep\n|\n|t:|1767889137\n|switch|p2b: Terapagos|Terapagos-Terastal, L50, M|100/100\n|turn|6\n|\n|t:|1767889147\n|move|p1a: Scooter|Follow Me|p1a: Scooter\n|-singleturn|p1a: Scooter|move: Follow Me\n|move|p2a: Calyrex|Pollen Puff|p1a: Scooter\n|-crit|p1a: Scooter\n|-damage|p1a: Scooter|0 fnt\n|faint|p1a: Scooter\n|-ability|p2a: Calyrex|Grim Neigh|boost\n|-boost|p2a: Calyrex|spa|1\n|move|p2b: Terapagos|Tera Starstorm|p1b: Ogre\n|-damage|p1b: Ogre|0 fnt\n|faint|p1b: Ogre\n|\n|upkeep\n|-message|sfghfdsfgg forfeited.\n|\n|win|SnorlaxPikachu1\n|raw|sfghfdsfgg's rating: 1269 &rarr; <strong>1249</strong><br />(-20 for losing)\n|raw|SnorlaxPikachu1's rating: 1344 &rarr; <strong>1360</strong><br />(+16 for winning)\n|l|\u2606SnorlaxPikachu1\n|player|p2|\n","uploadtime":1767889320,"views":12,"formatid":"gen9vgc2026regi","rating":1249,"private":0,"password":null}