{"id":"gen9vgc2026regi-2559252759","format":"[Gen 9] VGC 2026 Reg I","players":["Cello L.","IXx Cuda xXI"],"log":"|j|\u2606Cello L.\n|j|\u2606IXx Cuda xXI\n|t:|1773537981\n|gametype|doubles\n|player|p1|Cello L.|cynthia-gen4|1439\n|player|p2|IXx Cuda xXI|169|1312\n|gen|9\n|tier|[Gen 9] VGC 2026 Reg I\n|rated|\n|rule|Species Clause: Limit one of each Pok\u00e9mon\n|rule|Item Clause: Limit 1 of each item\n|clearpoke\n|poke|p1|Miraidon, L50|\n|poke|p1|Lunala, L50|\n|poke|p1|Ursaluna, L50, F|\n|poke|p1|Urshifu-*, L50, M|\n|poke|p1|Whimsicott, L50, M|\n|poke|p1|Incineroar, L50, M|\n|poke|p2|Kyogre, L50|\n|poke|p2|Kyurem-Black, L50|\n|poke|p2|Murkrow, L50, F|\n|poke|p2|Indeedee-F, L50, F|\n|poke|p2|Amoonguss, L50, F|\n|poke|p2|Iron Valiant, L50|\n|teampreview|4\n|inactive|Battle timer is ON: inactive players will automatically lose when time's up. (requested by IXx Cuda xXI)\n|\n|t:|1773538036\n|teamsize|p1|4\n|teamsize|p2|4\n|start\n|switch|p1a: Miraidon|Miraidon, L50|100/100\n|switch|p1b: Lunala|Lunala, L50|100/100\n|switch|p2a: Kyurem|Kyurem-Black, L50|100/100\n|switch|p2b: Amoonguss|Amoonguss, L50, F|100/100\n|-fieldstart|move: Electric Terrain|[from] ability: Hadron Engine|[of] p1a: Miraidon\n|-enditem|p1b: Lunala|Electric Seed\n|-boost|p1b: Lunala|def|1|[from] item: Electric Seed\n|-ability|p2a: Kyurem|Teravolt\n|turn|1\n|\n|t:|1773538053\n|switch|p2a: Indeedee|Indeedee-F, L50, F|100/100\n|-fieldstart|move: Psychic Terrain|[from] ability: Psychic Surge|[of] p2a: Indeedee\n|-terastallize|p1a: Miraidon|Fairy\n|move|p1a: Miraidon|Dazzling Gleam|p2a: Indeedee|[spread] p2a,p2b\n|-resisted|p2b: Amoonguss\n|-damage|p2a: Indeedee|55/100\n|-damage|p2b: Amoonguss|76/100\n|move|p1b: Lunala|Moongeist Beam|p2b: Amoonguss\n|-damage|p2b: Amoonguss|26/100\n|move|p2b: Amoonguss|Spore|p1b: Lunala\n|-status|p1b: Lunala|slp|[from] move: Spore\n|\n|upkeep\n|turn|2\n|\n|t:|1773538076\n|switch|p2a: Kyurem|Kyurem-Black, L50|100/100\n|-ability|p2a: Kyurem|Teravolt\n|move|p1a: Miraidon|Dazzling Gleam|p2b: Amoonguss|[spread] p2a,p2b\n|-supereffective|p2a: Kyurem\n|-resisted|p2b: Amoonguss\n|-damage|p2a: Kyurem|15/100\n|-damage|p2b: Amoonguss|2/100\n|cant|p1b: Lunala|slp\n|move|p2b: Amoonguss|Spore|p1a: Miraidon\n|-status|p1a: Miraidon|slp|[from] move: Spore\n|\n|upkeep\n|turn|3\n|\n|t:|1773538094\n|cant|p1a: Miraidon|slp\n|move|p2a: Kyurem|Dragon Dance|p2a: Kyurem\n|-boost|p2a: Kyurem|atk|1\n|-boost|p2a: Kyurem|spe|1\n|-curestatus|p1b: Lunala|slp|[msg]\n|move|p1b: Lunala|Moonblast|p2b: Amoonguss\n|-resisted|p2b: Amoonguss\n|-damage|p2b: Amoonguss|0 fnt\n|faint|p2b: Amoonguss\n|\n|upkeep\n|\n|t:|1773538106\n|switch|p2b: Kyogre|Kyogre, L50|100/100\n|-weather|RainDance|[from] ability: Drizzle|[of] p2b: Kyogre\n|turn|4\n|\n|t:|1773538112\n|-terastallize|p2b: Kyogre|Water\n|move|p1b: Lunala|Wide Guard|p1b: Lunala\n|-singleturn|p1b: Lunala|Wide Guard\n|move|p2a: Kyurem|Icicle Spear|p1a: Miraidon\n|-damage|p1a: Miraidon|79/100 slp\n|-damage|p1a: Miraidon|57/100 slp\n|-damage|p1a: Miraidon|34/100 slp\n|-damage|p1a: Miraidon|14/100 slp\n|-damage|p1a: Miraidon|0 fnt\n|faint|p1a: Miraidon\n|-hitcount|p1: Miraidon|5\n|move|p2b: Kyogre|Water Spout|p1b: Lunala\n|-activate|p1b: Lunala|move: Wide Guard\n|\n|-weather|RainDance|[upkeep]\n|upkeep\n|\n|t:|1773538130\n|switch|p1a: Urshifu|Urshifu-Rapid-Strike, L50, M|100/100\n|turn|5\n|\n|t:|1773538136\n|move|p1b: Lunala|Wide Guard|p1b: Lunala\n|-singleturn|p1b: Lunala|Wide Guard\n|move|p2a: Kyurem|Fusion Bolt|p1a: Urshifu\n|-supereffective|p1a: Urshifu\n|-damage|p1a: Urshifu|0 fnt\n|faint|p1a: Urshifu\n|move|p2b: Kyogre|Water Spout|p1b: Lunala\n|-activate|p1b: Lunala|move: Wide Guard\n|\n|-weather|RainDance|[upkeep]\n|-fieldend|move: Psychic Terrain\n|upkeep\n|\n|t:|1773538146\n|switch|p1a: Ursaluna|Ursaluna, L50, F|100/100\n|turn|6\n|\n|t:|1773538167\n|move|p1b: Lunala|Wide Guard|p1b: Lunala\n|-singleturn|p1b: Lunala|Wide Guard\n|move|p2a: Kyurem|Icicle Spear|p1b: Lunala\n|-damage|p1b: Lunala|95/100\n|-damage|p1b: Lunala|85/100\n|-damage|p1b: Lunala|74/100\n|-damage|p1b: Lunala|63/100\n|-hitcount|p1b: Lunala|4\n|move|p2b: Kyogre|Water Spout|p1a: Ursaluna|[spread] \n|-activate|p1a: Ursaluna|move: Wide Guard\n|-activate|p1b: Lunala|move: Wide Guard\n|move|p1a: Ursaluna|Earthquake|p2a: Kyurem|[spread] p2a,p2b\n|-activate|p1b: Lunala|move: Wide Guard\n|-damage|p2a: Kyurem|0 fnt\n|-damage|p2b: Kyogre|54/100\n|faint|p2a: Kyurem\n|\n|-weather|RainDance|[upkeep]\n|-status|p1a: Ursaluna|brn|[from] item: Flame Orb\n|upkeep\n|-message|IXx Cuda xXI forfeited.\n|\n|win|Cello L.\n|raw|Cello L.'s rating: 1439 &rarr; <strong>1452</strong><br />(+13 for winning)\n|raw|IXx Cuda xXI's rating: 1312 &rarr; <strong>1299</strong><br />(-13 for losing)\n|l|\u2606IXx Cuda xXI\n|player|p2|\n|l|\u2606Cello L.\n|player|p1|\n","uploadtime":1773538394,"views":14,"formatid":"gen9vgc2026regi","rating":1299,"private":0,"password":null}