{"id":"gen9vgc2026regi-2565467157","format":"[Gen 9] VGC 2026 Reg I","players":["sheeshshane925","mylox1"],"log":"|j|\u2606sheeshshane925\n|j|\u2606mylox1\n|t:|1774277856\n|gametype|doubles\n|player|p1|sheeshshane925|chuck|1456\n|player|p2|mylox1|266|1454\n|gen|9\n|tier|[Gen 9] VGC 2026 Reg I\n|rated|\n|rule|Species Clause: Limit one of each Pok\u00e9mon\n|rule|Item Clause: Limit 1 of each item\n|clearpoke\n|poke|p1|Calyrex-Ice, L50|\n|poke|p1|Miraidon, L50|\n|poke|p1|Farigiraf, L50, M|\n|poke|p1|Iron Hands, L50|\n|poke|p1|Scraggy, L50, F|\n|poke|p1|Iron Bundle, L50|\n|poke|p2|Brute Bonnet, L50|\n|poke|p2|Lunala, L50|\n|poke|p2|Ursaluna, L50, F|\n|poke|p2|Chi-Yu, L50|\n|poke|p2|Koraidon, L50|\n|poke|p2|Flutter Mane, L50|\n|teampreview|4\n|inactive|Battle timer is ON: inactive players will automatically lose when time's up. (requested by sheeshshane925)\n|inactive|mylox1 has 60 seconds left.\n|\n|t:|1774277939\n|teamsize|p1|4\n|teamsize|p2|4\n|start\n|switch|p1a: Miraidon|Miraidon, L50, shiny|100/100\n|switch|p1b: Iron Bundle|Iron Bundle, L50|100/100\n|switch|p2a: Koraidon|Koraidon, L50|100/100\n|switch|p2b: Chi-Yu|Chi-Yu, L50|100/100\n|-ability|p2b: Chi-Yu|Beads of Ruin\n|-weather|SunnyDay|[from] ability: Orichalcum Pulse|[of] p2a: Koraidon\n|-activate|p2a: Koraidon|Orichalcum Pulse|[source]\n|-fieldstart|move: Electric Terrain|[from] ability: Hadron Engine|[of] p1a: Miraidon\n|-activate|p1b: Iron Bundle|ability: Quark Drive\n|-start|p1b: Iron Bundle|quarkdrivespe\n|turn|1\n|\n|t:|1774277963\n|move|p1b: Iron Bundle|Icy Wind|p2b: Chi-Yu|[spread] p2a,p2b\n|-supereffective|p2a: Koraidon\n|-resisted|p2b: Chi-Yu\n|-damage|p2a: Koraidon|46/100\n|-damage|p2b: Chi-Yu|88/100\n|-unboost|p2a: Koraidon|spe|1\n|-unboost|p2b: Chi-Yu|spe|1\n|move|p1a: Miraidon|Electro Drift|p2b: Chi-Yu\n|-damage|p2b: Chi-Yu|0 fnt\n|faint|p2b: Chi-Yu\n|-damage|p1a: Miraidon|91/100|[from] item: Life Orb\n|move|p2a: Koraidon|Flame Charge|p1b: Iron Bundle\n|-damage|p1b: Iron Bundle|48/100\n|-boost|p2a: Koraidon|spe|1\n|-damage|p2a: Koraidon|36/100|[from] item: Life Orb\n|\n|-weather|SunnyDay|[upkeep]\n|upkeep\n|\n|t:|1774277973\n|switch|p2b: Lunala|Lunala, L50|100/100\n|turn|2\n|\n|t:|1774277993\n|move|p1b: Iron Bundle|Protect|p1b: Iron Bundle\n|-singleturn|p1b: Iron Bundle|Protect\n|move|p2a: Koraidon|Close Combat|p1a: Miraidon\n|-damage|p1a: Miraidon|0 fnt\n|-unboost|p2a: Koraidon|def|1\n|-unboost|p2a: Koraidon|spd|1\n|faint|p1a: Miraidon\n|-damage|p2a: Koraidon|27/100|[from] item: Life Orb\n|move|p2b: Lunala|Trick Room|p2b: Lunala\n|-fieldstart|move: Trick Room|[of] p2b: Lunala\n|\n|-weather|SunnyDay|[upkeep]\n|upkeep\n|\n|t:|1774278002\n|switch|p1a: Calyrex|Calyrex-Ice, L50|100/100\n|-ability|p1a: Calyrex|As One\n|-ability|p1a: Calyrex|Unnerve\n|turn|3\n|\n|t:|1774278018\n|-end|p1b: Iron Bundle|Quark Drive|[silent]\n|switch|p1b: Scraggy|Scraggy, L50, F|100/100\n|-ability|p1b: Scraggy|Intimidate|boost\n|-unboost|p2a: Koraidon|atk|1\n|-unboost|p2b: Lunala|atk|1\n|-terastallize|p1a: Calyrex|Fire\n|move|p2b: Lunala|Wide Guard|p2b: Lunala\n|-singleturn|p2b: Lunala|Wide Guard\n|move|p1a: Calyrex|High Horsepower|p2a: Koraidon\n|-damage|p2a: Koraidon|0 fnt\n|faint|p2a: Koraidon\n|-ability|p1a: Calyrex|Chilling Neigh|boost\n|-boost|p1a: Calyrex|atk|1\n|\n|-weather|SunnyDay|[upkeep]\n|upkeep\n|\n|t:|1774278029\n|switch|p2a: Ursaluna|Ursaluna, L50, F|100/100\n|turn|4\n|\n|t:|1774278043\n|switch|p1b: Iron Bundle|Iron Bundle, L50|48/100\n|-activate|p1b: Iron Bundle|ability: Quark Drive\n|-start|p1b: Iron Bundle|quarkdrivespe\n|-terastallize|p2b: Lunala|Water\n|move|p1a: Calyrex|Protect|p1a: Calyrex\n|-singleturn|p1a: Calyrex|Protect\n|move|p2a: Ursaluna|Protect|p2a: Ursaluna\n|-singleturn|p2a: Ursaluna|Protect\n|move|p2b: Lunala|Trick Room|p2b: Lunala\n|-fieldend|move: Trick Room\n|\n|-weather|SunnyDay|[upkeep]\n|-status|p2a: Ursaluna|brn|[from] item: Flame Orb\n|upkeep\n|turn|5\n|inactive|sheeshshane925 has 30 seconds left.\n|inactive|mylox1 has 30 seconds left.\n|inactive|sheeshshane925 has 20 seconds left.\n|\n|t:|1774278079\n|move|p1b: Iron Bundle|Encore|p2a: Ursaluna\n|-start|p2a: Ursaluna|Encore\n|move|p2b: Lunala|Meteor Beam||[still]\n|-prepare|p2b: Lunala|Meteor Beam\n|-boost|p2b: Lunala|spa|1\n|-enditem|p2b: Lunala|Power Herb\n|-anim|p2b: Lunala|Meteor Beam|p1a: Calyrex\n|-supereffective|p1a: Calyrex\n|-damage|p1a: Calyrex|15/100\n|move|p1a: Calyrex|Glacial Lance|p2a: Ursaluna|[spread] p2a,p2b\n|-supereffective|p2a: Ursaluna\n|-resisted|p2b: Lunala\n|-damage|p2a: Ursaluna|0 fnt\n|-damage|p2b: Lunala|81/100\n|faint|p2a: Ursaluna\n|-ability|p1a: Calyrex|Chilling Neigh|boost\n|-boost|p1a: Calyrex|atk|1\n|\n|-weather|none\n|-fieldend|move: Electric Terrain\n|-end|p1b: Iron Bundle|Quark Drive\n|upkeep\n|turn|6\n|\n|t:|1774278098\n|move|p1a: Calyrex|Protect|p1a: Calyrex\n|-singleturn|p1a: Calyrex|Protect\n|move|p1b: Iron Bundle|Freeze-Dry|p2b: Lunala\n|-supereffective|p2b: Lunala\n|-damage|p2b: Lunala|33/100\n|move|p2b: Lunala|Moongeist Beam|p1a: Calyrex\n|-activate|p1a: Calyrex|move: Protect\n|\n|upkeep\n|turn|7\n|-message|mylox1 forfeited.\n|\n|win|sheeshshane925\n|raw|sheeshshane925's rating: 1456 &rarr; <strong>1476</strong><br />(+20 for winning)\n|raw|mylox1's rating: 1454 &rarr; <strong>1434</strong><br />(-20 for losing)\n|l|\u2606mylox1\n|player|p2|\n|l|\u2606sheeshshane925\n|player|p1|\n","uploadtime":1774278310,"views":12,"formatid":"gen9vgc2026regi","rating":1434,"private":0,"password":null}