{"id":"gen9vgc2026regi-2586978843","format":"[Gen 9] VGC 2026 Reg I","players":["yellowcrayon","wasaad5"],"log":"|j|\u2606yellowcrayon\n|j|\u2606wasaad5\n|t:|1776477703\n|gametype|doubles\n|player|p1|yellowcrayon|102|1175\n|player|p2|wasaad5|blue|1277\n|gen|9\n|tier|[Gen 9] VGC 2026 Reg I\n|rated|\n|rule|Species Clause: Limit one of each Pok\u00e9mon\n|rule|Item Clause: Limit 1 of each item\n|clearpoke\n|poke|p1|Tinkaton, L50, F|\n|poke|p1|Tornadus, L50, M|\n|poke|p1|Kyogre, L50|\n|poke|p1|Miraidon, L50|\n|poke|p1|Basculegion, L50, M|\n|poke|p1|Chien-Pao, L50|\n|poke|p2|Kyurem-White, L50|\n|poke|p2|Zacian-*, L50|\n|poke|p2|Sableye, L50, M|\n|poke|p2|Urshifu-*, L50, F|\n|poke|p2|Amoonguss, L50, M|\n|poke|p2|Incineroar, L50, M|\n|teampreview|4\n|\n|t:|1776477730\n|teamsize|p1|4\n|teamsize|p2|4\n|start\n|switch|p1a: Kyogre|Kyogre, L50|100/100\n|switch|p1b: Basculegion|Basculegion, L50, M|100/100\n|switch|p2a: Amoonguss|Amoonguss, L50, M|100/100\n|switch|p2b: Kyurem|Kyurem-White, L50, shiny|100/100\n|-ability|p2b: Kyurem|Turboblaze\n|-weather|RainDance|[from] ability: Drizzle|[of] p1a: Kyogre\n|turn|1\n|\n|t:|1776477768\n|move|p1b: Basculegion|Flip Turn|p2b: Kyurem\n|-resisted|p2b: Kyurem\n|-damage|p2b: Kyurem|68/100\n|\n|t:|1776477773\n|switch|p1b: Tinkaton|Tinkaton, L50, F|100/100|[from] Flip Turn\n|-ability|p1b: Tinkaton|Mold Breaker\n|move|p2b: Kyurem|Freeze-Dry|p1a: Kyogre\n|-supereffective|p1a: Kyogre\n|-damage|p1a: Kyogre|11/100\n|-damage|p2b: Kyurem|58/100|[from] item: Life Orb\n|move|p1a: Kyogre|Ice Beam|p2b: Kyurem\n|-damage|p2b: Kyurem|30/100\n|move|p2a: Amoonguss|Spore|p1b: Tinkaton\n|-status|p1b: Tinkaton|slp|[from] move: Spore\n|\n|-weather|RainDance|[upkeep]\n|upkeep\n|turn|2\n|\n|t:|1776477797\n|move|p1a: Kyogre|Protect|p1a: Kyogre\n|-singleturn|p1a: Kyogre|Protect\n|move|p2b: Kyurem|Earth Power|p1b: Tinkaton\n|-supereffective|p1b: Tinkaton\n|-crit|p1b: Tinkaton\n|-damage|p1b: Tinkaton|0 fnt\n|faint|p1b: Tinkaton\n|-damage|p2b: Kyurem|20/100|[from] item: Life Orb\n|move|p2a: Amoonguss|Sludge Bomb|p1a: Kyogre\n|-activate|p1a: Kyogre|move: Protect\n|\n|-weather|RainDance|[upkeep]\n|upkeep\n|\n|t:|1776477810\n|switch|p1b: Basculegion|Basculegion, L50, M|100/100\n|turn|3\n|\n|t:|1776477836\n|move|p2b: Kyurem|Protect|p2b: Kyurem\n|-singleturn|p2b: Kyurem|Protect\n|move|p1b: Basculegion|Last Respects|p2b: Kyurem\n|-activate|p2b: Kyurem|move: Protect\n|move|p1a: Kyogre|Ice Beam|p2a: Amoonguss\n|-supereffective|p2a: Amoonguss\n|-damage|p2a: Amoonguss|49/100\n|-enditem|p2a: Amoonguss|Sitrus Berry|[eat]\n|-heal|p2a: Amoonguss|74/100|[from] item: Sitrus Berry\n|move|p2a: Amoonguss|Spore|p1b: Basculegion\n|-status|p1b: Basculegion|slp|[from] move: Spore\n|\n|-weather|RainDance|[upkeep]\n|upkeep\n|turn|4\n|\n|t:|1776477853\n|move|p1a: Kyogre|Protect|p1a: Kyogre\n|-singleturn|p1a: Kyogre|Protect\n|cant|p1b: Basculegion|slp\n|move|p2b: Kyurem|Freeze-Dry|p1b: Basculegion\n|-supereffective|p1b: Basculegion\n|-damage|p1b: Basculegion|0 fnt\n|faint|p1b: Basculegion\n|-damage|p2b: Kyurem|10/100|[from] item: Life Orb\n|move|p2a: Amoonguss|Sludge Bomb|p1a: Kyogre\n|-activate|p1a: Kyogre|move: Protect\n|\n|-weather|RainDance|[upkeep]\n|upkeep\n|\n|t:|1776477868\n|switch|p1b: Miraidon|Miraidon, L50|100/100\n|-fieldstart|move: Electric Terrain|[from] ability: Hadron Engine|[of] p1b: Miraidon\n|turn|5\n|\n|t:|1776477879\n|move|p2b: Kyurem|Protect|p2b: Kyurem\n|-singleturn|p2b: Kyurem|Protect\n|move|p2a: Amoonguss|Protect|p2a: Amoonguss\n|-singleturn|p2a: Amoonguss|Protect\n|move|p1b: Miraidon|Electro Drift|p2b: Kyurem\n|-activate|p2b: Kyurem|move: Protect\n|move|p1a: Kyogre|Ice Beam|p2a: Amoonguss\n|-activate|p2a: Amoonguss|move: Protect\n|\n|-weather|none\n|upkeep\n|turn|6\n|\n|t:|1776477907\n|move|p2a: Amoonguss|Rage Powder|p2a: Amoonguss\n|-singleturn|p2a: Amoonguss|move: Rage Powder\n|move|p1b: Miraidon|U-turn|p2a: Amoonguss\n|-damage|p2a: Amoonguss|61/100\n|move|p2b: Kyurem|Freeze-Dry|p1a: Kyogre\n|-supereffective|p1a: Kyogre\n|-damage|p1a: Kyogre|0 fnt\n|faint|p1a: Kyogre\n|-damage|p2b: Kyurem|0 fnt|[from] item: Life Orb\n|faint|p2b: Kyurem\n|\n|upkeep\n|\n|t:|1776477918\n|switch|p2b: Zacian|Zacian-Crowned, L50|100/100\n|-ability|p2b: Zacian|Intrepid Sword|boost\n|-boost|p2b: Zacian|atk|1\n|turn|7\n|\n|t:|1776477924\n|-terastallize|p2b: Zacian|Ground\n|-terastallize|p1b: Miraidon|Electric\n|move|p2a: Amoonguss|Rage Powder|p2a: Amoonguss\n|-singleturn|p2a: Amoonguss|move: Rage Powder\n|move|p2b: Zacian|Tera Blast|p1b: Miraidon|[anim] Tera Blast Ground\n|-supereffective|p1b: Miraidon\n|-damage|p1b: Miraidon|0 fnt\n|faint|p1b: Miraidon\n|\n|win|wasaad5\n|raw|yellowcrayon's rating: 1175 &rarr; <strong>1157</strong><br />(-18 for losing)\n|raw|wasaad5's rating: 1277 &rarr; <strong>1295</strong><br />(+18 for winning)\n|l|\u2606wasaad5\n|player|p2|\n|l|\u2606yellowcrayon\n|player|p1|\n","uploadtime":1776478121,"views":10,"formatid":"gen9vgc2026regi","rating":1157,"private":0,"password":null}