{"id":"gen9vgc2026regi-2577182289","format":"[Gen 9] VGC 2026 Reg I","players":["emily_lernaea","sjysjy"],"log":"|j|\u2606emily_lernaea\n|j|\u2606sjysjy\n|t:|1775549942\n|gametype|doubles\n|player|p1|emily_lernaea|169|1408\n|player|p2|sjysjy|169|1503\n|gen|9\n|tier|[Gen 9] VGC 2026 Reg I\n|rated|\n|rule|Species Clause: Limit one of each Pok\u00e9mon\n|rule|Item Clause: Limit 1 of each item\n|clearpoke\n|poke|p1|Calyrex-Ice, L50|\n|poke|p1|Miraidon, L50|\n|poke|p1|Incineroar, L50, F|\n|poke|p1|Iron Hands, L50|\n|poke|p1|Farigiraf, L50, F|\n|poke|p1|Urshifu-*, L50, F|\n|poke|p2|Raging Bolt, L50|\n|poke|p2|Chien-Pao, L50|\n|poke|p2|Calyrex-Shadow, L50|\n|poke|p2|Rillaboom, L50, F|\n|poke|p2|Amoonguss, L50, M|\n|poke|p2|Zamazenta-*, L50|\n|teampreview|4\n|inactive|Battle timer is ON: inactive players will automatically lose when time's up. (requested by emily_lernaea)\n|\n|t:|1775549957\n|teamsize|p1|4\n|teamsize|p2|4\n|start\n|switch|p1a: Urshifu|Urshifu-Rapid-Strike, L50, F|100/100\n|switch|p1b: Miraidon|Miraidon, L50, shiny|100/100\n|switch|p2a: Rillaboom|Rillaboom, L50, F|100/100\n|switch|p2b: Calyrex|Calyrex-Shadow, L50|100/100\n|-ability|p2b: Calyrex|As One\n|-ability|p2b: Calyrex|Unnerve\n|-fieldstart|move: Electric Terrain|[from] ability: Hadron Engine|[of] p1b: Miraidon\n|-fieldstart|move: Grassy Terrain|[from] ability: Grassy Surge|[of] p2a: Rillaboom\n|turn|1\n|\n|t:|1775549968\n|switch|p1b: Farigiraf|Farigiraf, L50, F, shiny|100/100\n|-terastallize|p1a: Urshifu|Water\n|move|p2a: Rillaboom|Fake Out||[still]\n|cant|p1b: Farigiraf|ability: Armor Tail|Fake Out|[of] p2a: Rillaboom\n|move|p1a: Urshifu|Surging Strikes|p2b: Calyrex\n|-crit|p2b: Calyrex\n|-damage|p2b: Calyrex|62/100\n|-crit|p2b: Calyrex\n|-damage|p2b: Calyrex|29/100\n|-crit|p2b: Calyrex\n|-damage|p2b: Calyrex|0 fnt\n|faint|p2b: Calyrex\n|-hitcount|p2: Calyrex|3\n|\n|upkeep\n|\n|t:|1775549982\n|switch|p2b: Zamazenta|Zamazenta-Crowned, L50|100/100\n|-ability|p2b: Zamazenta|Dauntless Shield|boost\n|-boost|p2b: Zamazenta|def|1\n|turn|2\n|\n|t:|1775549998\n|switch|p1a: Calyrex|Calyrex-Ice, L50|100/100\n|-ability|p1a: Calyrex|As One\n|-ability|p1a: Calyrex|Unnerve\n|-terastallize|p2b: Zamazenta|Water\n|move|p2b: Zamazenta|Body Press|p1b: Farigiraf\n|-damage|p1b: Farigiraf|53/100\n|move|p2a: Rillaboom|Wood Hammer|p1a: Calyrex\n|-damage|p1a: Calyrex|54/100\n|-damage|p2a: Rillaboom|85/100|[from] Recoil\n|move|p1b: Farigiraf|Trick Room|p1b: Farigiraf\n|-fieldstart|move: Trick Room|[of] p1b: Farigiraf\n|\n|-heal|p1a: Calyrex|60/100|[from] Grassy Terrain\n|-heal|p1b: Farigiraf|59/100|[from] Grassy Terrain\n|-heal|p2a: Rillaboom|91/100|[from] Grassy Terrain\n|upkeep\n|turn|3\n|\n|t:|1775550015\n|move|p2b: Zamazenta|Wide Guard|p2b: Zamazenta\n|-singleturn|p2b: Zamazenta|Wide Guard\n|move|p1a: Calyrex|Glacial Lance|p2b: Zamazenta|[spread] \n|-activate|p2a: Rillaboom|move: Wide Guard\n|-activate|p2b: Zamazenta|move: Wide Guard\n|move|p1b: Farigiraf|Psychic|p2b: Zamazenta\n|-damage|p2b: Zamazenta|78/100\n|move|p2a: Rillaboom|U-turn|p1b: Farigiraf\n|-supereffective|p1b: Farigiraf\n|-damage|p1b: Farigiraf|26/100\n|\n|t:|1775550022\n|switch|p2a: Amoonguss|Amoonguss, L50, M|100/100|[from] U-turn\n|\n|-heal|p1a: Calyrex|66/100|[from] Grassy Terrain\n|-heal|p1b: Farigiraf|33/100|[from] Grassy Terrain\n|-heal|p2b: Zamazenta|84/100|[from] Grassy Terrain\n|upkeep\n|turn|4\n|\n|t:|1775550038\n|switch|p1b: Miraidon|Miraidon, L50, shiny|100/100\n|-fieldstart|move: Electric Terrain|[from] ability: Hadron Engine|[of] p1b: Miraidon\n|move|p2a: Amoonguss|Pollen Puff|p1a: Calyrex\n|-supereffective|p1a: Calyrex\n|-damage|p1a: Calyrex|43/100\n|move|p1a: Calyrex|Leech Seed|p2b: Zamazenta\n|-start|p2b: Zamazenta|move: Leech Seed\n|move|p2b: Zamazenta|Body Press|p1a: Calyrex\n|-damage|p1a: Calyrex|1/100\n|\n|-damage|p2b: Zamazenta|72/100|[from] Leech Seed|[of] p1a: Calyrex\n|-heal|p1a: Calyrex|13/100|[silent]\n|upkeep\n|turn|5\n|\n|t:|1775550056\n|switch|p2b: Rillaboom|Rillaboom, L50, F|91/100\n|-fieldstart|move: Grassy Terrain|[from] ability: Grassy Surge|[of] p2b: Rillaboom\n|move|p1a: Calyrex|Protect|p1a: Calyrex\n|-singleturn|p1a: Calyrex|Protect\n|move|p2a: Amoonguss|Spore|p1b: Miraidon\n|-status|p1b: Miraidon|slp|[from] move: Spore\n|cant|p1b: Miraidon|slp\n|\n|-heal|p1a: Calyrex|18/100|[from] Grassy Terrain\n|-heal|p2b: Rillaboom|97/100|[from] Grassy Terrain\n|upkeep\n|turn|6\n|\n|t:|1775550075\n|switch|p1b: Farigiraf|Farigiraf, L50, F, shiny|33/100\n|move|p1a: Calyrex|Protect||[still]\n|-fail|p1a: Calyrex\n|move|p2a: Amoonguss|Pollen Puff|p1a: Calyrex\n|-supereffective|p1a: Calyrex\n|-damage|p1a: Calyrex|0 fnt\n|faint|p1a: Calyrex\n|move|p2b: Rillaboom|Wood Hammer|p1b: Farigiraf\n|-damage|p1b: Farigiraf|0 fnt\n|faint|p1b: Farigiraf\n|-damage|p2b: Rillaboom|85/100|[from] Recoil\n|\n|-heal|p2b: Rillaboom|91/100|[from] Grassy Terrain\n|-fieldend|move: Trick Room\n|upkeep\n|\n|t:|1775550086\n|switch|p1b: Urshifu|Urshifu-Rapid-Strike, L50, F, tera:Water|100/100\n|switch|p1a: Miraidon|Miraidon, L50, shiny|100/100 slp\n|-fieldstart|move: Electric Terrain|[from] ability: Hadron Engine|[of] p1a: Miraidon\n|turn|7\n|\n|t:|1775550098\n|move|p1b: Urshifu|Close Combat|p2b: Rillaboom\n|-damage|p2b: Rillaboom|26/100\n|-unboost|p1b: Urshifu|def|1\n|-unboost|p1b: Urshifu|spd|1\n|-curestatus|p1a: Miraidon|slp|[msg]\n|move|p1a: Miraidon|Electro Drift|p2b: Rillaboom\n|-resisted|p2b: Rillaboom\n|-damage|p2b: Rillaboom|0 fnt\n|faint|p2b: Rillaboom\n|move|p2a: Amoonguss|Spore|p1b: Urshifu\n|-activate|p1b: Urshifu|move: Electric Terrain\n|\n|upkeep\n|\n|t:|1775550103\n|switch|p2b: Zamazenta|Zamazenta-Crowned, L50, tera:Water|72/100\n|turn|8\n|\n|t:|1775550118\n|move|p2a: Amoonguss|Rage Powder|p2a: Amoonguss\n|-singleturn|p2a: Amoonguss|move: Rage Powder\n|move|p1b: Urshifu|Close Combat|p2a: Amoonguss\n|-resisted|p2a: Amoonguss\n|-damage|p2a: Amoonguss|76/100\n|-unboost|p1b: Urshifu|def|1\n|-unboost|p1b: Urshifu|spd|1\n|-damage|p1b: Urshifu|84/100|[from] item: Rocky Helmet|[of] p2a: Amoonguss\n|move|p1a: Miraidon|Electro Drift|p2a: Amoonguss\n|-resisted|p2a: Amoonguss\n|-damage|p2a: Amoonguss|11/100\n|-damage|p1a: Miraidon|84/100|[from] item: Rocky Helmet|[of] p2a: Amoonguss\n|move|p2b: Zamazenta|Body Press|p1b: Urshifu\n|-damage|p1b: Urshifu|0 fnt\n|faint|p1b: Urshifu\n|\n|upkeep\n|turn|9\n|\n|t:|1775550140\n|move|p2a: Amoonguss|Protect|p2a: Amoonguss\n|-singleturn|p2a: Amoonguss|Protect\n|move|p1a: Miraidon|Electro Drift|p2a: Amoonguss\n|-activate|p2a: Amoonguss|move: Protect\n|move|p2b: Zamazenta|Body Press|p1a: Miraidon\n|-damage|p1a: Miraidon|40/100\n|\n|upkeep\n|turn|10\n|\n|t:|1775550147\n|move|p2a: Amoonguss|Rage Powder|p2a: Amoonguss\n|-singleturn|p2a: Amoonguss|move: Rage Powder\n|move|p1a: Miraidon|Electro Drift|p2a: Amoonguss\n|-resisted|p2a: Amoonguss\n|-damage|p2a: Amoonguss|0 fnt\n|-damage|p1a: Miraidon|23/100|[from] item: Rocky Helmet|[of] p2a: Amoonguss\n|faint|p2a: Amoonguss\n|move|p2b: Zamazenta|Body Press|p1a: Miraidon\n|-damage|p1a: Miraidon|0 fnt\n|faint|p1a: Miraidon\n|\n|win|sjysjy\n|raw|emily_lernaea's rating: 1408 &rarr; <strong>1393</strong><br />(-15 for losing)\n|raw|sjysjy's rating: 1503 &rarr; <strong>1518</strong><br />(+15 for winning)\n|l|\u2606emily_lernaea\n|player|p1|\n","uploadtime":1775550171,"views":17,"formatid":"gen9vgc2026regi","rating":1393,"private":0,"password":null}