{"id":"gen9vgc2026regi-2520430886","format":"[Gen 9] VGC 2026 Reg I","players":["echinacea0109","ky123456"],"log":"|j|\u2606echinacea0109\n|j|\u2606ky123456\n|t:|1768629248\n|gametype|doubles\n|player|p1|echinacea0109|dawn-gen4pt|1452\n|player|p2|ky123456|cynthia-gen4|1416\n|gen|9\n|tier|[Gen 9] VGC 2026 Reg I\n|rated|\n|rule|Species Clause: Limit one of each Pok\u00e9mon\n|rule|Item Clause: Limit 1 of each item\n|clearpoke\n|poke|p1|Ting-Lu, L50|\n|poke|p1|Calyrex-Ice, L50|\n|poke|p1|Sneasler, L50, F|\n|poke|p1|Miraidon, L50|\n|poke|p1|Incineroar, L50, M|\n|poke|p1|Ogerpon-Wellspring, L50, F|\n|poke|p2|Miraidon, L50|\n|poke|p2|Incineroar, L50, M|\n|poke|p2|Calyrex-Ice, L50|\n|poke|p2|Landorus, L50, M|\n|poke|p2|Urshifu-*, L50, M|\n|poke|p2|Grimmsnarl, L50, M|\n|teampreview|4\n|inactive|Battle timer is ON: inactive players will automatically lose when time's up. (requested by echinacea0109)\n|inactive|echinacea0109 has 60 seconds left.\n|\n|t:|1768629279\n|teamsize|p1|4\n|teamsize|p2|4\n|start\n|switch|p1a: Sneasler|Sneasler, L50, F|100/100\n|switch|p1b: Miraidon|Miraidon, L50|100/100\n|switch|p2a: Calyrex|Calyrex-Ice, L50|100/100\n|switch|p2b: Grimmsnarl|Grimmsnarl, L50, M|100/100\n|-ability|p2a: Calyrex|As One\n|-ability|p2a: Calyrex|Unnerve\n|-fieldstart|move: Electric Terrain|[from] ability: Hadron Engine|[of] p1b: Miraidon\n|-enditem|p1a: Sneasler|Electric Seed\n|-boost|p1a: Sneasler|def|1|[from] item: Electric Seed\n|turn|1\n|\n|t:|1768629291\n|switch|p1b: Calyrex|Calyrex-Ice, L50|100/100\n|-ability|p1b: Calyrex|As One\n|-ability|p1b: Calyrex|Unnerve\n|move|p2a: Calyrex|Protect|p2a: Calyrex\n|-singleturn|p2a: Calyrex|Protect\n|move|p2b: Grimmsnarl|Light Screen|p2b: Grimmsnarl\n|-sidestart|p2: ky123456|move: Light Screen\n|move|p1a: Sneasler|Coaching|p1b: Calyrex\n|-boost|p1b: Calyrex|atk|1\n|-boost|p1b: Calyrex|def|1\n|\n|upkeep\n|turn|2\n|\n|t:|1768629302\n|move|p2b: Grimmsnarl|Reflect|p2b: Grimmsnarl\n|-sidestart|p2: ky123456|Reflect\n|move|p1a: Sneasler|Coaching|p1b: Calyrex\n|-boost|p1b: Calyrex|atk|1\n|-boost|p1b: Calyrex|def|1\n|move|p2a: Calyrex|Leech Seed|p1b: Calyrex\n|-start|p1b: Calyrex|move: Leech Seed\n|move|p1b: Calyrex|Leech Seed|p2a: Calyrex\n|-start|p2a: Calyrex|move: Leech Seed\n|\n|-damage|p2a: Calyrex|88/100|[from] Leech Seed|[of] p1b: Calyrex\n|-damage|p1b: Calyrex|88/100|[from] Leech Seed|[of] p2a: Calyrex\n|-heal|p2a: Calyrex|100/100|[silent]\n|upkeep\n|turn|3\n|\n|t:|1768629321\n|move|p2a: Calyrex|Protect|p2a: Calyrex\n|-singleturn|p2a: Calyrex|Protect\n|move|p2b: Grimmsnarl|Thunder Wave|p1a: Sneasler|[miss]\n|-miss|p2b: Grimmsnarl|p1a: Sneasler\n|move|p1a: Sneasler|Toxic Spikes|p2a: Calyrex\n|-sidestart|p2: ky123456|move: Toxic Spikes\n|move|p1b: Calyrex|Glacial Lance|p2a: Calyrex|[spread] p2b\n|-activate|p2a: Calyrex|move: Protect\n|-damage|p2b: Grimmsnarl|30/100\n|\n|-heal|p1b: Calyrex|94/100|[from] item: Leftovers\n|-damage|p2a: Calyrex|88/100|[from] Leech Seed|[of] p1b: Calyrex\n|-heal|p1b: Calyrex|100/100|[silent]\n|-damage|p1b: Calyrex|88/100|[from] Leech Seed|[of] p2a: Calyrex\n|-heal|p2a: Calyrex|100/100|[silent]\n|upkeep\n|turn|4\n|\n|t:|1768629339\n|move|p2b: Grimmsnarl|Thunder Wave|p1a: Sneasler\n|-status|p1a: Sneasler|par\n|move|p1a: Sneasler|Coaching|p1b: Calyrex\n|-boost|p1b: Calyrex|atk|1\n|-boost|p1b: Calyrex|def|1\n|move|p2a: Calyrex|Glacial Lance|p1a: Sneasler|[spread] p1a,p1b\n|-resisted|p1b: Calyrex\n|-damage|p1a: Sneasler|65/100 par\n|-damage|p1b: Calyrex|83/100\n|move|p1b: Calyrex|Trick Room|p1b: Calyrex\n|-fieldstart|move: Trick Room|[of] p1b: Calyrex\n|\n|-heal|p1b: Calyrex|89/100|[from] item: Leftovers\n|-damage|p1b: Calyrex|77/100|[from] Leech Seed|[of] p2a: Calyrex\n|-damage|p2a: Calyrex|88/100|[from] Leech Seed|[of] p1b: Calyrex\n|-heal|p1b: Calyrex|89/100|[silent]\n|upkeep\n|turn|5\n|\n|t:|1768629363\n|move|p1b: Calyrex|Glacial Lance|p2a: Calyrex|[spread] p2a,p2b\n|-resisted|p2a: Calyrex\n|-damage|p2a: Calyrex|65/100\n|-damage|p2b: Grimmsnarl|0 fnt\n|faint|p2b: Grimmsnarl\n|-ability|p1b: Calyrex|Chilling Neigh|boost\n|-boost|p1b: Calyrex|atk|1\n|move|p1a: Sneasler|Coaching|p1b: Calyrex\n|-boost|p1b: Calyrex|atk|1\n|-boost|p1b: Calyrex|def|1\n|move|p2a: Calyrex|Trick Room|p2a: Calyrex\n|-fieldend|move: Trick Room\n|\n|-heal|p2a: Calyrex|71/100|[from] item: Leftovers\n|-heal|p1b: Calyrex|95/100|[from] item: Leftovers\n|-damage|p2a: Calyrex|59/100|[from] Leech Seed|[of] p1b: Calyrex\n|-heal|p1b: Calyrex|100/100|[silent]\n|-damage|p1b: Calyrex|88/100|[from] Leech Seed|[of] p2a: Calyrex\n|-heal|p2a: Calyrex|71/100|[silent]\n|-fieldend|move: Electric Terrain\n|upkeep\n|\n|t:|1768629369\n|switch|p2b: Miraidon|Miraidon, L50, shiny|100/100\n|-status|p2b: Miraidon|psn\n|-fieldstart|move: Electric Terrain|[from] ability: Hadron Engine|[of] p2b: Miraidon\n|turn|6\n|\n|t:|1768629386\n|switch|p1a: Incineroar|Incineroar, L50, M|100/100\n|-ability|p1a: Incineroar|Intimidate|boost\n|-unboost|p2a: Calyrex|atk|1\n|-unboost|p2b: Miraidon|atk|1\n|move|p1b: Calyrex|Protect|p1b: Calyrex\n|-singleturn|p1b: Calyrex|Protect\n|move|p2b: Miraidon|Electro Drift|p1b: Calyrex\n|-activate|p1b: Calyrex|move: Protect\n|move|p2a: Calyrex|Glacial Lance|p1b: Calyrex|[spread] p1a\n|-activate|p1b: Calyrex|move: Protect\n|-resisted|p1a: Incineroar\n|-damage|p1a: Incineroar|87/100\n|\n|-heal|p2a: Calyrex|77/100|[from] item: Leftovers\n|-heal|p1b: Calyrex|94/100|[from] item: Leftovers\n|-damage|p2a: Calyrex|65/100|[from] Leech Seed|[of] p1b: Calyrex\n|-heal|p1b: Calyrex|100/100|[silent]\n|-damage|p1b: Calyrex|88/100|[from] Leech Seed|[of] p2a: Calyrex\n|-heal|p2a: Calyrex|77/100|[silent]\n|-damage|p2b: Miraidon|88/100 psn|[from] psn\n|upkeep\n|turn|7\n|inactive|ky123456 has 30 seconds left.\n|\n|t:|1768629412\n|switch|p2b: Landorus|Landorus, L50, M|100/100\n|move|p1a: Incineroar|Fake Out|p2b: Landorus\n|-damage|p2b: Landorus|94/100\n|move|p2a: Calyrex|Leech Seed|p1a: Incineroar\n|-start|p1a: Incineroar|move: Leech Seed\n|move|p1b: Calyrex|Glacial Lance|p2b: Landorus|[spread] p2a,p2b\n|-resisted|p2a: Calyrex\n|-supereffective|p2b: Landorus\n|-damage|p2a: Calyrex|43/100\n|-damage|p2b: Landorus|0 fnt\n|faint|p2b: Landorus\n|-ability|p1b: Calyrex|Chilling Neigh|boost\n|-boost|p1b: Calyrex|atk|1\n|\n|-heal|p2a: Calyrex|49/100|[from] item: Leftovers\n|-heal|p1b: Calyrex|94/100|[from] item: Leftovers\n|-damage|p1a: Incineroar|75/100|[from] Leech Seed|[of] p2a: Calyrex\n|-heal|p2a: Calyrex|61/100|[silent]\n|-damage|p2a: Calyrex|49/100|[from] Leech Seed|[of] p1b: Calyrex\n|-heal|p1b: Calyrex|100/100|[silent]\n|-damage|p1b: Calyrex|88/100|[from] Leech Seed|[of] p2a: Calyrex\n|-heal|p2a: Calyrex|61/100|[silent]\n|upkeep\n|\n|t:|1768629414\n|switch|p2b: Miraidon|Miraidon, L50, shiny|88/100 psn\n|-activate|p2b: Miraidon|ability: Hadron Engine\n|turn|8\n|inactive|echinacea0109 has 30 seconds left.\n|\n|t:|1768629443\n|switch|p1a: Sneasler|Sneasler, L50, F|65/100 par\n|move|p2a: Calyrex|Protect|p2a: Calyrex\n|-singleturn|p2a: Calyrex|Protect\n|move|p1b: Calyrex|Protect|p1b: Calyrex\n|-singleturn|p1b: Calyrex|Protect\n|move|p2b: Miraidon|Electro Drift|p1b: Calyrex\n|-activate|p1b: Calyrex|move: Protect\n|\n|-heal|p2a: Calyrex|67/100|[from] item: Leftovers\n|-heal|p1b: Calyrex|94/100|[from] item: Leftovers\n|-damage|p2a: Calyrex|55/100|[from] Leech Seed|[of] p1b: Calyrex\n|-heal|p1b: Calyrex|100/100|[silent]\n|-damage|p1b: Calyrex|88/100|[from] Leech Seed|[of] p2a: Calyrex\n|-heal|p2a: Calyrex|67/100|[silent]\n|-damage|p2b: Miraidon|76/100 psn|[from] psn\n|-sideend|p2: ky123456|move: Light Screen\n|upkeep\n|turn|9\n|\n|t:|1768629464\n|move|p2b: Miraidon|Electro Drift|p1b: Calyrex\n|-damage|p1b: Calyrex|9/100\n|move|p2a: Calyrex|Glacial Lance|p1a: Sneasler|[spread] p1a,p1b\n|-resisted|p1b: Calyrex\n|-damage|p1a: Sneasler|29/100 par\n|-damage|p1b: Calyrex|6/100\n|move|p1a: Sneasler|Dire Claw|p2a: Calyrex\n|-damage|p2a: Calyrex|52/100\n|-status|p2a: Calyrex|psn\n|move|p1b: Calyrex|Glacial Lance|p2b: Miraidon|[spread] p2a,p2b\n|-resisted|p2a: Calyrex\n|-supereffective|p2b: Miraidon\n|-damage|p2a: Calyrex|14/100 psn\n|-damage|p2b: Miraidon|0 fnt\n|faint|p2b: Miraidon\n|\n|-heal|p2a: Calyrex|20/100 psn|[from] item: Leftovers\n|-heal|p1b: Calyrex|12/100|[from] item: Leftovers\n|-damage|p2a: Calyrex|8/100 psn|[from] Leech Seed|[of] p1b: Calyrex\n|-heal|p1b: Calyrex|24/100|[silent]\n|-damage|p1b: Calyrex|12/100|[from] Leech Seed|[of] p2a: Calyrex\n|-heal|p2a: Calyrex|20/100 psn|[silent]\n|-damage|p2a: Calyrex|8/100 psn|[from] psn\n|-sideend|p2: ky123456|Reflect\n|upkeep\n|turn|10\n|\n|t:|1768629475\n|switch|p1a: Incineroar|Incineroar, L50, M|75/100\n|-ability|p1a: Incineroar|Intimidate|boost\n|-unboost|p2a: Calyrex|atk|1\n|move|p1b: Calyrex|Protect|p1b: Calyrex\n|-singleturn|p1b: Calyrex|Protect\n|move|p2a: Calyrex|Glacial Lance|p1b: Calyrex|[spread] p1a\n|-activate|p1b: Calyrex|move: Protect\n|-resisted|p1a: Incineroar\n|-damage|p1a: Incineroar|65/100\n|\n|-heal|p2a: Calyrex|14/100 psn|[from] item: Leftovers\n|-heal|p1b: Calyrex|17/100|[from] item: Leftovers\n|-damage|p2a: Calyrex|1/100 psn|[from] Leech Seed|[of] p1b: Calyrex\n|-heal|p1b: Calyrex|29/100|[silent]\n|-damage|p1b: Calyrex|17/100|[from] Leech Seed|[of] p2a: Calyrex\n|-heal|p2a: Calyrex|14/100 psn|[silent]\n|-damage|p2a: Calyrex|1/100 psn|[from] psn\n|-fieldend|move: Electric Terrain\n|upkeep\n|turn|11\n|-message|ky123456 forfeited.\n|\n|win|echinacea0109\n|raw|echinacea0109's rating: 1452 &rarr; <strong>1470</strong><br />(+18 for winning)\n|raw|ky123456's rating: 1416 &rarr; <strong>1398</strong><br />(-18 for losing)\n|l|\u2606echinacea0109\n|player|p1|\n|l|\u2606ky123456\n|player|p2|\n","uploadtime":1768629750,"views":20,"formatid":"gen9vgc2026regi","rating":1398,"private":0,"password":null}