{"id":"gen9vgc2026regi-2513854517","format":"[Gen 9] VGC 2026 Reg I","players":["dasabe\u76d6\u6b27\u5361\u4fa0","blackred123\u6c38\u96cf\u5854\u83f2\u4fa0"],"log":"|j|\u2606dasabe\u76d6\u6b27\u5361\u4fa0\n|j|\u2606blackred123\u6c38\u96cf\u5854\u83f2\u4fa0\n|t:|1767792870\n|gametype|doubles\n|player|p1|dasabe\u76d6\u6b27\u5361\u4fa0|may-masters4|1315\n|player|p2|blackred123\u6c38\u96cf\u5854\u83f2\u4fa0|iono-masters|1190\n|gen|9\n|tier|[Gen 9] VGC 2026 Reg I\n|rated|\n|rule|Species Clause: Limit one of each Pok\u00e9mon\n|rule|Item Clause: Limit 1 of each item\n|clearpoke\n|poke|p1|Calyrex-Ice, L50|\n|poke|p1|Kyogre, L50|\n|poke|p1|Smeargle, L50, M|\n|poke|p1|Rillaboom, L50, F|\n|poke|p1|Urshifu-*, L50, F|\n|poke|p1|Landorus, L50, M|\n|poke|p2|Calyrex-Ice, L50|\n|poke|p2|Lunala, L50|\n|poke|p2|Smeargle, L50, F|\n|poke|p2|Torkoal, L50, M|\n|poke|p2|Urshifu-*, L50, F|\n|poke|p2|Indeedee-F, L50, F|\n|teampreview|4\n|inactive|Battle timer is ON: inactive players will automatically lose when time's up. (requested by blackred123\u6c38\u96cf\u5854\u83f2\u4fa0)\n|inactive|blackred123\u6c38\u96cf\u5854\u83f2\u4fa0 has 60 seconds left.\n|\n|t:|1767792902\n|teamsize|p1|4\n|teamsize|p2|4\n|start\n|switch|p1a: \u9e7f\u51a0\u738b|Calyrex-Ice, L50|100/100\n|switch|p1b: \u5c0f\u7b14\u7ea2\u80bf|Smeargle, L50, M, shiny|100/100\n|switch|p2a: \u6708\u4eae|Lunala, L50|100/100\n|switch|p2b: \u53f2\u9a6c\u72d7|Smeargle, L50, F|100/100\n|-ability|p1a: \u9e7f\u51a0\u738b|As One\n|-ability|p1a: \u9e7f\u51a0\u738b|Unnerve\n|turn|1\n|\n|t:|1767792913\n|-terastallize|p1a: \u9e7f\u51a0\u738b|Fairy\n|move|p2b: \u53f2\u9a6c\u72d7|Fake Out|p1b: \u5c0f\u7b14\u7ea2\u80bf\n|-damage|p1b: \u5c0f\u7b14\u7ea2\u80bf|89/100\n|cant|p1b: \u5c0f\u7b14\u7ea2\u80bf|flinch\n|move|p2a: \u6708\u4eae|Moongeist Beam|p1a: \u9e7f\u51a0\u738b\n|-damage|p1a: \u9e7f\u51a0\u738b|69/100\n|move|p1a: \u9e7f\u51a0\u738b|Glacial Lance|p2a: \u6708\u4eae|[spread] p2a,p2b\n|-damage|p2a: \u6708\u4eae|79/100\n|-enditem|p2b: \u53f2\u9a6c\u72d7|Focus Sash\n|-damage|p2b: \u53f2\u9a6c\u72d7|1/100\n|\n|-heal|p1a: \u9e7f\u51a0\u738b|74/100|[from] item: Leftovers\n|-ability|p1b: \u5c0f\u7b14\u7ea2\u80bf|Moody|boost\n|-boost|p1b: \u5c0f\u7b14\u7ea2\u80bf|spd|2\n|-unboost|p1b: \u5c0f\u7b14\u7ea2\u80bf|atk|1\n|-ability|p2b: \u53f2\u9a6c\u72d7|Moody|boost\n|-boost|p2b: \u53f2\u9a6c\u72d7|spa|2\n|-unboost|p2b: \u53f2\u9a6c\u72d7|spe|1\n|upkeep\n|turn|2\n|\n|t:|1767792937\n|move|p1b: \u5c0f\u7b14\u7ea2\u80bf|Spore|p2b: \u53f2\u9a6c\u72d7\n|-status|p2b: \u53f2\u9a6c\u72d7|slp|[from] move: Spore\n|move|p2a: \u6708\u4eae|Meteor Beam||[still]\n|-prepare|p2a: \u6708\u4eae|Meteor Beam\n|-boost|p2a: \u6708\u4eae|spa|1\n|-enditem|p2a: \u6708\u4eae|Power Herb\n|-anim|p2a: \u6708\u4eae|Meteor Beam|p1b: \u5c0f\u7b14\u7ea2\u80bf|[miss]\n|-miss|p2a: \u6708\u4eae|p1b: \u5c0f\u7b14\u7ea2\u80bf\n|cant|p2b: \u53f2\u9a6c\u72d7|slp\n|move|p1a: \u9e7f\u51a0\u738b|Leech Seed|p2a: \u6708\u4eae\n|-start|p2a: \u6708\u4eae|move: Leech Seed\n|\n|-heal|p1a: \u9e7f\u51a0\u738b|80/100|[from] item: Leftovers\n|-damage|p2a: \u6708\u4eae|66/100|[from] Leech Seed|[of] p1a: \u9e7f\u51a0\u738b\n|-heal|p1a: \u9e7f\u51a0\u738b|95/100|[silent]\n|-ability|p1b: \u5c0f\u7b14\u7ea2\u80bf|Moody|boost\n|-boost|p1b: \u5c0f\u7b14\u7ea2\u80bf|spd|2\n|-unboost|p1b: \u5c0f\u7b14\u7ea2\u80bf|def|1\n|-ability|p2b: \u53f2\u9a6c\u72d7|Moody|boost\n|-boost|p2b: \u53f2\u9a6c\u72d7|atk|2\n|-unboost|p2b: \u53f2\u9a6c\u72d7|spa|1\n|upkeep\n|turn|3\n|inactive|blackred123\u6c38\u96cf\u5854\u83f2\u4fa0 has 30 seconds left.\n|\n|t:|1767792967\n|-terastallize|p2a: \u6708\u4eae|Grass\n|move|p1b: \u5c0f\u7b14\u7ea2\u80bf|Follow Me|p1b: \u5c0f\u7b14\u7ea2\u80bf\n|-singleturn|p1b: \u5c0f\u7b14\u7ea2\u80bf|move: Follow Me\n|move|p2a: \u6708\u4eae|Expanding Force|p1b: \u5c0f\u7b14\u7ea2\u80bf\n|-damage|p1b: \u5c0f\u7b14\u7ea2\u80bf|41/100\n|cant|p2b: \u53f2\u9a6c\u72d7|slp\n|move|p1a: \u9e7f\u51a0\u738b|Glacial Lance|p2b: \u53f2\u9a6c\u72d7|[spread] p2a,p2b\n|-supereffective|p2a: \u6708\u4eae\n|-damage|p2a: \u6708\u4eae|0 fnt\n|-damage|p2b: \u53f2\u9a6c\u72d7|0 fnt\n|faint|p2a: \u6708\u4eae\n|faint|p2b: \u53f2\u9a6c\u72d7\n|-ability|p1a: \u9e7f\u51a0\u738b|Chilling Neigh|boost\n|-boost|p1a: \u9e7f\u51a0\u738b|atk|2\n|\n|-heal|p1a: \u9e7f\u51a0\u738b|100/100|[from] item: Leftovers\n|-ability|p1b: \u5c0f\u7b14\u7ea2\u80bf|Moody|boost\n|-boost|p1b: \u5c0f\u7b14\u7ea2\u80bf|def|2\n|-unboost|p1b: \u5c0f\u7b14\u7ea2\u80bf|spa|1\n|upkeep\n|\n|t:|1767792976\n|switch|p2b: \u8098\u51fb\u4f60|Urshifu, L50, F|100/100\n|switch|p2a: \u9e7f\u51a0\u738b|Calyrex-Ice, L50|100/100\n|-ability|p2a: \u9e7f\u51a0\u738b|As One\n|-ability|p2a: \u9e7f\u51a0\u738b|Unnerve\n|turn|4\n|inactive|blackred123\u6c38\u96cf\u5854\u83f2\u4fa0 has 30 seconds left.\n|\n|t:|1767793009\n|move|p1b: \u5c0f\u7b14\u7ea2\u80bf|Spore|p2b: \u8098\u51fb\u4f60\n|-status|p2b: \u8098\u51fb\u4f60|slp|[from] move: Spore\n|cant|p2b: \u8098\u51fb\u4f60|slp\n|move|p1a: \u9e7f\u51a0\u738b|Leech Seed|p2a: \u9e7f\u51a0\u738b|[miss]\n|-miss|p1a: \u9e7f\u51a0\u738b|p2a: \u9e7f\u51a0\u738b\n|move|p2a: \u9e7f\u51a0\u738b|Glacial Lance|p1a: \u9e7f\u51a0\u738b|[spread] p1a,p1b\n|-damage|p1a: \u9e7f\u51a0\u738b|62/100\n|-damage|p1b: \u5c0f\u7b14\u7ea2\u80bf|0 fnt\n|faint|p1b: \u5c0f\u7b14\u7ea2\u80bf\n|-ability|p2a: \u9e7f\u51a0\u738b|Chilling Neigh|boost\n|-boost|p2a: \u9e7f\u51a0\u738b|atk|1\n|\n|-heal|p1a: \u9e7f\u51a0\u738b|68/100|[from] item: Leftovers\n|upkeep\n|\n|t:|1767793015\n|switch|p1b: \u6210\u90fd\u8001\u76d6|Kyogre, L50|100/100\n|-weather|RainDance|[from] ability: Drizzle|[of] p1b: \u6210\u90fd\u8001\u76d6\n|turn|5\n|\n|t:|1767793024\n|-curestatus|p2b: \u8098\u51fb\u4f60|slp|[msg]\n|move|p2b: \u8098\u51fb\u4f60|Sucker Punch|p1b: \u6210\u90fd\u8001\u76d6\n|-damage|p1b: \u6210\u90fd\u8001\u76d6|35/100\n|move|p1b: \u6210\u90fd\u8001\u76d6|Water Spout|p2b: \u8098\u51fb\u4f60|[spread] p2a,p2b\n|-damage|p2a: \u9e7f\u51a0\u738b|62/100\n|-damage|p2b: \u8098\u51fb\u4f60|29/100\n|move|p1a: \u9e7f\u51a0\u738b|Glacial Lance|p2a: \u9e7f\u51a0\u738b|[spread] p2a,p2b\n|-resisted|p2a: \u9e7f\u51a0\u738b\n|-damage|p2a: \u9e7f\u51a0\u738b|29/100\n|-damage|p2b: \u8098\u51fb\u4f60|0 fnt\n|faint|p2b: \u8098\u51fb\u4f60\n|-ability|p1a: \u9e7f\u51a0\u738b|Chilling Neigh|boost\n|-boost|p1a: \u9e7f\u51a0\u738b|atk|1\n|move|p2a: \u9e7f\u51a0\u738b|Trick Room|p2a: \u9e7f\u51a0\u738b\n|-fieldstart|move: Trick Room|[of] p2a: \u9e7f\u51a0\u738b\n|\n|-weather|RainDance|[upkeep]\n|-heal|p1a: \u9e7f\u51a0\u738b|74/100|[from] item: Leftovers\n|upkeep\n|turn|6\n|\n|t:|1767793037\n|move|p2a: \u9e7f\u51a0\u738b|Glacial Lance|p1a: \u9e7f\u51a0\u738b|[spread] p1a,p1b\n|-resisted|p1b: \u6210\u90fd\u8001\u76d6\n|-damage|p1a: \u9e7f\u51a0\u738b|25/100\n|-damage|p1b: \u6210\u90fd\u8001\u76d6|0 fnt\n|faint|p1b: \u6210\u90fd\u8001\u76d6\n|-ability|p2a: \u9e7f\u51a0\u738b|Chilling Neigh|boost\n|-boost|p2a: \u9e7f\u51a0\u738b|atk|1\n|move|p1a: \u9e7f\u51a0\u738b|Leech Seed|p2a: \u9e7f\u51a0\u738b\n|-start|p2a: \u9e7f\u51a0\u738b|move: Leech Seed\n|\n|-weather|RainDance|[upkeep]\n|-heal|p1a: \u9e7f\u51a0\u738b|30/100|[from] item: Leftovers\n|-damage|p2a: \u9e7f\u51a0\u738b|17/100|[from] Leech Seed|[of] p1a: \u9e7f\u51a0\u738b\n|-heal|p1a: \u9e7f\u51a0\u738b|43/100|[silent]\n|upkeep\n|\n|t:|1767793040\n|switch|p1b: \u8981\u9646\u4e91\u4e86|Landorus, L50, M|100/100\n|turn|7\n|\n|t:|1767793043\n|move|p1a: \u9e7f\u51a0\u738b|Protect|p1a: \u9e7f\u51a0\u738b\n|-singleturn|p1a: \u9e7f\u51a0\u738b|Protect\n|move|p1b: \u8981\u9646\u4e91\u4e86|Protect|p1b: \u8981\u9646\u4e91\u4e86\n|-singleturn|p1b: \u8981\u9646\u4e91\u4e86|Protect\n|move|p2a: \u9e7f\u51a0\u738b|Glacial Lance|p1a: \u9e7f\u51a0\u738b|[spread] \n|-activate|p1a: \u9e7f\u51a0\u738b|move: Protect\n|-activate|p1b: \u8981\u9646\u4e91\u4e86|move: Protect\n|\n|-weather|RainDance|[upkeep]\n|-heal|p1a: \u9e7f\u51a0\u738b|48/100|[from] item: Leftovers\n|-damage|p2a: \u9e7f\u51a0\u738b|5/100|[from] Leech Seed|[of] p1a: \u9e7f\u51a0\u738b\n|-heal|p1a: \u9e7f\u51a0\u738b|60/100|[silent]\n|upkeep\n|turn|8\n|\n|t:|1767793049\n|move|p1a: \u9e7f\u51a0\u738b|Protect|p1a: \u9e7f\u51a0\u738b\n|-singleturn|p1a: \u9e7f\u51a0\u738b|Protect\n|move|p1b: \u8981\u9646\u4e91\u4e86|Protect|p1b: \u8981\u9646\u4e91\u4e86\n|-singleturn|p1b: \u8981\u9646\u4e91\u4e86|Protect\n|move|p2a: \u9e7f\u51a0\u738b|Glacial Lance|p1b: \u8981\u9646\u4e91\u4e86|[spread] \n|-activate|p1a: \u9e7f\u51a0\u738b|move: Protect\n|-activate|p1b: \u8981\u9646\u4e91\u4e86|move: Protect\n|\n|-weather|RainDance|[upkeep]\n|-heal|p1a: \u9e7f\u51a0\u738b|66/100|[from] item: Leftovers\n|-damage|p2a: \u9e7f\u51a0\u738b|0 fnt|[from] Leech Seed|[of] p1a: \u9e7f\u51a0\u738b\n|-heal|p1a: \u9e7f\u51a0\u738b|71/100|[silent]\n|faint|p2a: \u9e7f\u51a0\u738b\n|\n|win|dasabe\u76d6\u6b27\u5361\u4fa0\n|raw|dasabe\u76d6\u6b27\u5361\u4fa0's rating: 1315 &rarr; <strong>1328</strong><br />(+13 for winning)\n|raw|blackred123\u6c38\u96cf\u5854\u83f2\u4fa0's rating: 1190 &rarr; <strong>1174</strong><br />(-16 for losing)\n|l|\u2606dasabe\u76d6\u6b27\u5361\u4fa0\n|player|p1|\n","uploadtime":1767793099,"views":14,"formatid":"gen9vgc2026regi","rating":1174,"private":0,"password":null}