{"id":"gen9vgc2026regi-2565875437","format":"[Gen 9] VGC 2026 Reg I","players":["Cello L.","defiantvgc"],"log":"|j|\u2606Cello L.\n|j|\u2606defiantvgc\n|t:|1774313080\n|gametype|doubles\n|player|p1|Cello L.|cynthia-gen4|\n|player|p2|defiantvgc|spark-casual|\n|gen|9\n|tier|[Gen 9] VGC 2026 Reg I\n|rated|Tournament battle\n|rule|Species Clause: Limit one of each Pok\u00e9mon\n|rule|Item Clause: Limit 1 of each item\n|raw|<div class=\"infobox\"><details class=\"readmore\" open><summary><strong>3 custom rules:</strong></summary> Open Team Sheets, Force Open Team Sheets, !Open Team Sheets</details></div>\n|clearpoke\n|poke|p1|Kyogre, L50|\n|poke|p1|Calyrex-Ice, L50|\n|poke|p1|Flutter Mane, L50|\n|poke|p1|Urshifu-*, L50, M|\n|poke|p1|Rillaboom, L50, M|\n|poke|p1|Amoonguss, L50, F|\n|poke|p2|Koraidon, L50|\n|poke|p2|Calyrex-Ice, L50|\n|poke|p2|Grimmsnarl, L50, M|\n|poke|p2|Brute Bonnet, L50|\n|poke|p2|Raging Bolt, L50|\n|poke|p2|Incineroar, L50, F|\n|teampreview|4\n|showteam|p1|Kyogre||MysticWater|Drizzle|WaterSpout,OriginPulse,HydroPump,Protect||||||50|,,,,,Grass]Calyrex-Ice||Leftovers|AsOneGlastrier|GlacialLance,LeechSeed,TrickRoom,Protect||||||50|,,,,,Fairy]Flutter Mane||FocusSash|Protosynthesis|Moonblast,ShadowBall,IcyWind,Taunt||||||50|,,,,,Fairy]Urshifu-Rapid-Strike||ChoiceScarf|UnseenFist|SurgingStrikes,CloseCombat,AquaJet,Uturn|||M|||50|,,,,,Ghost]Rillaboom||AssaultVest|GrassySurge|WoodHammer,GrassyGlide,FakeOut,Uturn|||M|||50|,,,,,Water]Amoonguss||RockyHelmet|Regenerator|Spore,RagePowder,PollenPuff,Protect|||F|||50|,,,,,Water\n|showteam|p2|Koraidon||LifeOrb|OrichalcumPulse|CloseCombat,FlareBlitz,FlameCharge,Protect||||||50|,,,,,Fire]Calyrex-Ice||Leftovers|AsOneGlastrier|GlacialLance,LeechSeed,Imprison,Protect||||||50|,,,,,Water]Grimmsnarl||LightClay|Prankster|Reflect,SpiritBreak,LightScreen,ScaryFace|||M|||50|,,,,,Ghost]Brute Bonnet||CovertCloak|Protosynthesis|SeedBomb,SuckerPunch,Spore,RagePowder||||||50|,,,,,Water]Raging Bolt||AssaultVest|Protosynthesis|DracoMeteor,Thunderclap,Thunderbolt,Snarl||||||50|,,,,,Fairy]Incineroar||RockyHelmet|Intimidate|FakeOut,KnockOff,FlareBlitz,PartingShot|||F|||50|,,,,,Ghost\n|j|@Radio Free C-Side\n|\n|t:|1774313121\n|teamsize|p1|4\n|teamsize|p2|4\n|start\n|switch|p1a: Kyogre|Kyogre, L50|100/100\n|switch|p1b: Flutter Mane|Flutter Mane, L50|100/100\n|switch|p2a: Calyrex|Calyrex-Ice, L50|100/100\n|switch|p2b: Grimmsnarl|Grimmsnarl, L50, M|100/100\n|-ability|p2a: Calyrex|As One\n|-ability|p2a: Calyrex|Unnerve\n|-weather|RainDance|[from] ability: Drizzle|[of] p1a: Kyogre\n|turn|1\n|\n|t:|1774313160\n|-terastallize|p2a: Calyrex|Water\n|move|p2b: Grimmsnarl|Light Screen|p2b: Grimmsnarl\n|-sidestart|p2: defiantvgc|move: Light Screen\n|move|p1b: Flutter Mane|Moonblast|p2a: Calyrex\n|-damage|p2a: Calyrex|81/100\n|move|p1a: Kyogre|Water Spout|p2a: Calyrex|[spread] p2a,p2b\n|-resisted|p2a: Calyrex\n|-damage|p2a: Calyrex|57/100\n|-damage|p2b: Grimmsnarl|24/100\n|move|p2a: Calyrex|Glacial Lance|p1a: Kyogre|[spread] p1a,p1b\n|-resisted|p1a: Kyogre\n|-damage|p1a: Kyogre|75/100\n|-enditem|p1b: Flutter Mane|Focus Sash\n|-damage|p1b: Flutter Mane|1/100\n|\n|-weather|RainDance|[upkeep]\n|-heal|p2a: Calyrex|63/100|[from] item: Leftovers\n|upkeep\n|turn|2\n|\n|t:|1774313181\n|-end|p1b: Flutter Mane|Protosynthesis|[silent]\n|switch|p1b: Calyrex|Calyrex-Ice, L50|100/100\n|-ability|p1b: Calyrex|As One\n|-ability|p1b: Calyrex|Unnerve\n|move|p2b: Grimmsnarl|Reflect|p2b: Grimmsnarl\n|-sidestart|p2: defiantvgc|Reflect\n|move|p1a: Kyogre|Water Spout|p2b: Grimmsnarl|[spread] p2a,p2b\n|-resisted|p2a: Calyrex\n|-crit|p2b: Grimmsnarl\n|-damage|p2a: Calyrex|47/100\n|-damage|p2b: Grimmsnarl|0 fnt\n|faint|p2b: Grimmsnarl\n|move|p2a: Calyrex|Glacial Lance|p1a: Kyogre|[spread] p1a,p1b\n|-resisted|p1a: Kyogre\n|-resisted|p1b: Calyrex\n|-damage|p1a: Kyogre|49/100\n|-damage|p1b: Calyrex|86/100\n|\n|-weather|RainDance|[upkeep]\n|-heal|p2a: Calyrex|53/100|[from] item: Leftovers\n|-heal|p1b: Calyrex|92/100|[from] item: Leftovers\n|upkeep\n|j| H4irashi\n|\n|t:|1774313187\n|switch|p2b: Koraidon|Koraidon, L50|100/100\n|-weather|SunnyDay|[from] ability: Orichalcum Pulse|[of] p2b: Koraidon\n|-activate|p2b: Koraidon|Orichalcum Pulse|[source]\n|turn|3\n|l| H4irashi\n|j| speedyturtle87\n|l| speedyturtle87\n|j| A Regu1ar Guy\n|\n|t:|1774313258\n|switch|p1a: Amoonguss|Amoonguss, L50, F|100/100\n|-terastallize|p1b: Calyrex|Fairy\n|move|p2b: Koraidon|Flame Charge|p1a: Amoonguss\n|-supereffective|p1a: Amoonguss\n|-damage|p1a: Amoonguss|20/100\n|-boost|p2b: Koraidon|spe|1\n|-damage|p2b: Koraidon|84/100|[from] item: Rocky Helmet|[of] p1a: Amoonguss\n|-damage|p2b: Koraidon|74/100|[from] item: Life Orb\n|move|p2a: Calyrex|Imprison|p2a: Calyrex\n|-start|p2a: Calyrex|move: Imprison\n|move|p1b: Calyrex|Trick Room|p1b: Calyrex\n|-fieldstart|move: Trick Room|[of] p1b: Calyrex\n|\n|-weather|SunnyDay|[upkeep]\n|-heal|p1b: Calyrex|98/100|[from] item: Leftovers\n|-heal|p2a: Calyrex|59/100|[from] item: Leftovers\n|upkeep\n|turn|4\n|\n|t:|1774313295\n|move|p1a: Amoonguss|Spore|p2b: Koraidon\n|-status|p2b: Koraidon|slp|[from] move: Spore\n|move|p2a: Calyrex|Glacial Lance|p1a: Amoonguss|[spread] p1a,p1b\n|-supereffective|p1a: Amoonguss\n|-damage|p1a: Amoonguss|0 fnt\n|-damage|p1b: Calyrex|69/100\n|faint|p1a: Amoonguss\n|-ability|p2a: Calyrex|Chilling Neigh|boost\n|-boost|p2a: Calyrex|atk|1\n|cant|p2b: Koraidon|slp\n|move|p1b: Calyrex|Trick Room|p1b: Calyrex\n|-fieldend|move: Trick Room\n|\n|-weather|SunnyDay|[upkeep]\n|-heal|p2a: Calyrex|65/100|[from] item: Leftovers\n|-heal|p1b: Calyrex|74/100|[from] item: Leftovers\n|upkeep\n|\n|t:|1774313309\n|switch|p1a: Flutter Mane|Flutter Mane, L50|1/100\n|-activate|p1a: Flutter Mane|ability: Protosynthesis\n|-start|p1a: Flutter Mane|protosynthesisspe\n|turn|5\n|\n|t:|1774313326\n|switch|p2b: Raging Bolt|Raging Bolt, L50|100/100\n|-activate|p2b: Raging Bolt|ability: Protosynthesis\n|-start|p2b: Raging Bolt|protosynthesisspa\n|move|p1a: Flutter Mane|Shadow Ball|p2a: Calyrex\n|-damage|p2a: Calyrex|48/100\n|move|p2a: Calyrex|Glacial Lance|p1b: Calyrex|[spread] p1a,p1b\n|-damage|p1a: Flutter Mane|0 fnt\n|-damage|p1b: Calyrex|32/100\n|faint|p1a: Flutter Mane\n|-end|p1a: Flutter Mane|Protosynthesis|[silent]\n|-ability|p2a: Calyrex|Chilling Neigh|boost\n|-boost|p2a: Calyrex|atk|1\n|move|p1b: Calyrex|Trick Room|p1b: Calyrex\n|-fieldstart|move: Trick Room|[of] p1b: Calyrex\n|\n|-weather|SunnyDay|[upkeep]\n|-heal|p1b: Calyrex|38/100|[from] item: Leftovers\n|-heal|p2a: Calyrex|54/100|[from] item: Leftovers\n|upkeep\n|l| A Regu1ar Guy\n|\n|t:|1774313336\n|switch|p1a: Kyogre|Kyogre, L50|49/100\n|-weather|RainDance|[from] ability: Drizzle|[of] p1a: Kyogre\n|-end|p2b: Raging Bolt|Protosynthesis\n|turn|6\n|\n|t:|1774313348\n|move|p2a: Calyrex|Protect|p2a: Calyrex\n|-singleturn|p2a: Calyrex|Protect\n|move|p2b: Raging Bolt|Thunderbolt|p1a: Kyogre\n|-supereffective|p1a: Kyogre\n|-damage|p1a: Kyogre|0 fnt\n|faint|p1a: Kyogre\n|move|p1b: Calyrex|Trick Room|p1b: Calyrex\n|-fieldend|move: Trick Room\n|\n|-weather|RainDance|[upkeep]\n|-heal|p2a: Calyrex|60/100|[from] item: Leftovers\n|-heal|p1b: Calyrex|43/100|[from] item: Leftovers\n|upkeep\n|turn|7\n|-message|Cello L. forfeited.\n|\n|win|defiantvgc\n|n|\u2606Cello L.|cellol\n|n|\u2606defiantvgc|defiantvgc\n|n|+Radio Free C-Side|radiofreecside\n","uploadtime":1774313363,"views":30,"formatid":"gen9vgc2026regi","rating":null,"private":0,"password":null}