{"id":"gen9vgc2026regi-2588092961","format":"[Gen 9] VGC 2026 Reg I","players":["Junebey","roykeenkennedy"],"log":"|j|\u2606Junebey\n|j|\u2606roykeenkennedy\n|t:|1776603443\n|gametype|doubles\n|player|p1|Junebey|266|1551\n|player|p2|roykeenkennedy|102|1649\n|gen|9\n|tier|[Gen 9] VGC 2026 Reg I\n|rated|\n|rule|Species Clause: Limit one of each Pok\u00e9mon\n|rule|Item Clause: Limit 1 of each item\n|clearpoke\n|poke|p1|Whimsicott, L50, F|\n|poke|p1|Calyrex-Shadow, L50|\n|poke|p1|Miraidon, L50|\n|poke|p1|Iron Hands, L50|\n|poke|p1|Chi-Yu, L50|\n|poke|p1|Farigiraf, L50, M|\n|poke|p2|Calyrex-Ice, L50|\n|poke|p2|Annihilape, L50, M|\n|poke|p2|Grimmsnarl, L50, M|\n|poke|p2|Sinistcha-Masterpiece, L50|\n|poke|p2|Miraidon, L50|\n|poke|p2|Iron Hands, L50|\n|teampreview|4\n|inactive|Battle timer is ON: inactive players will automatically lose when time's up. (requested by roykeenkennedy)\n|inactive|Junebey has 60 seconds left.\n|\n|t:|1776603494\n|teamsize|p1|4\n|teamsize|p2|4\n|start\n|switch|p1a: Miraidon|Miraidon, L50|100/100\n|switch|p1b: Whimsicott|Whimsicott, L50, F|100/100\n|switch|p2a: Miraidon|Miraidon, L50|100/100\n|switch|p2b: Grimmsnarl|Grimmsnarl, L50, M|100/100\n|-fieldstart|move: Electric Terrain|[from] ability: Hadron Engine|[of] p1a: Miraidon\n|-activate|p2a: Miraidon|ability: Hadron Engine\n|turn|1\n|inactive|Junebey has 30 seconds left.\n|inactive|Junebey has 20 seconds left.\n|\n|t:|1776603530\n|-terastallize|p2a: Miraidon|Electric\n|move|p1b: Whimsicott|Tailwind|p1b: Whimsicott\n|-sidestart|p1: Junebey|move: Tailwind\n|move|p2b: Grimmsnarl|Light Screen|p2b: Grimmsnarl\n|-sidestart|p2: roykeenkennedy|move: Light Screen\n|move|p1a: Miraidon|Draco Meteor|p2a: Miraidon\n|-damage|p2a: Miraidon|49/100\n|-unboost|p1a: Miraidon|spa|2\n|move|p2a: Miraidon|Volt Switch|p1a: Miraidon\n|-resisted|p1a: Miraidon\n|-damage|p1a: Miraidon|82/100\n|\n|t:|1776603544\n|switch|p2a: Sinistcha|Sinistcha-Masterpiece, L50|100/100|[from] Volt Switch\n|\n|upkeep\n|turn|2\n|\n|t:|1776603559\n|switch|p1a: Chi-Yu|Chi-Yu, L50|100/100\n|-ability|p1a: Chi-Yu|Beads of Ruin\n|switch|p2b: Calyrex|Calyrex-Ice, L50|100/100\n|-ability|p2b: Calyrex|As One\n|-ability|p2b: Calyrex|Unnerve\n|move|p1b: Whimsicott|Fake Tears|p2a: Sinistcha\n|-unboost|p2a: Sinistcha|spd|2\n|move|p2a: Sinistcha|Trick Room|p2a: Sinistcha\n|-fieldstart|move: Trick Room|[of] p2a: Sinistcha\n|\n|upkeep\n|turn|3\n|inactive|Junebey has 30 seconds left.\n|inactive|Junebey has 20 seconds left.\n|inactive|Junebey has 15 seconds left.\n|inactive|Junebey has 10 seconds left.\n|\n|t:|1776603608\n|switch|p2a: Grimmsnarl|Grimmsnarl, L50, M|100/100\n|-terastallize|p1a: Chi-Yu|Ghost\n|move|p1b: Whimsicott|Encore|p2a: Grimmsnarl\n|-hint|Since gen 7, Dark is immune to Prankster moves.\n|-immune|p2a: Grimmsnarl\n|move|p2b: Calyrex|High Horsepower|p1a: Chi-Yu\n|-damage|p1a: Chi-Yu|35/100\n|move|p1a: Chi-Yu|Heat Wave|p2a: Grimmsnarl|[spread] p2a,p2b\n|-supereffective|p2b: Calyrex\n|-damage|p2a: Grimmsnarl|70/100\n|-damage|p2b: Calyrex|54/100\n|\n|upkeep\n|turn|4\n|inactive|Junebey has 30 seconds left.\n|inactive|roykeenkennedy has 30 seconds left.\n|\n|t:|1776603638\n|move|p1b: Whimsicott|Encore|p2b: Calyrex\n|-start|p2b: Calyrex|Encore\n|move|p2b: Calyrex|High Horsepower|p1b: Whimsicott\n|-resisted|p1b: Whimsicott\n|-damage|p1b: Whimsicott|75/100\n|move|p2a: Grimmsnarl|Spirit Break|p1a: Chi-Yu\n|-damage|p1a: Chi-Yu|0 fnt\n|faint|p1a: Chi-Yu\n|\n|-sideend|p1: Junebey|move: Tailwind\n|upkeep\n|\n|t:|1776603660\n|switch|p1a: Calyrex|Calyrex-Shadow, L50|100/100\n|-ability|p1a: Calyrex|As One\n|-ability|p1a: Calyrex|Unnerve\n|turn|5\n|\n|t:|1776603671\n|move|p2b: Calyrex|High Horsepower|p1a: Calyrex\n|-damage|p1a: Calyrex|56/100\n|move|p2a: Grimmsnarl|Spirit Break|p1a: Calyrex\n|-damage|p1a: Calyrex|19/100\n|-unboost|p1a: Calyrex|spa|1\n|move|p1b: Whimsicott|Moonblast|p2a: Grimmsnarl\n|-supereffective|p2a: Grimmsnarl\n|-damage|p2a: Grimmsnarl|36/100\n|move|p1a: Calyrex|Nasty Plot|p1a: Calyrex\n|-boost|p1a: Calyrex|spa|2\n|\n|-sideend|p2: roykeenkennedy|move: Light Screen\n|-fieldend|move: Electric Terrain\n|upkeep\n|turn|6\n|inactive|Junebey has 30 seconds left.\n|inactive|roykeenkennedy has 30 seconds left.\n|inactive|roykeenkennedy has 20 seconds left.\n|inactive|roykeenkennedy has 15 seconds left.\n|inactive|roykeenkennedy has 10 seconds left.\n|inactive|roykeenkennedy has 5 seconds left.\n|\n|t:|1776603723\n|move|p1a: Calyrex|Protect|p1a: Calyrex\n|-singleturn|p1a: Calyrex|Protect\n|move|p2b: Calyrex|High Horsepower|p1b: Whimsicott\n|-resisted|p1b: Whimsicott\n|-damage|p1b: Whimsicott|48/100\n|move|p2a: Grimmsnarl|Spirit Break|p1b: Whimsicott\n|-damage|p1b: Whimsicott|6/100\n|move|p1b: Whimsicott|Moonblast|p2a: Grimmsnarl\n|-supereffective|p2a: Grimmsnarl\n|-damage|p2a: Grimmsnarl|0 fnt\n|faint|p2a: Grimmsnarl\n|\n|-end|p2b: Calyrex|Encore\n|-fieldend|move: Trick Room\n|upkeep\n|\n|t:|1776603739\n|switch|p2a: Miraidon|Miraidon, L50, tera:Electric|49/100\n|-fieldstart|move: Electric Terrain|[from] ability: Hadron Engine|[of] p2a: Miraidon\n|turn|7\n|\n|t:|1776603759\n|move|p2b: Calyrex|Protect|p2b: Calyrex\n|-singleturn|p2b: Calyrex|Protect\n|move|p1b: Whimsicott|Tailwind|p1b: Whimsicott\n|-sidestart|p1: Junebey|move: Tailwind\n|move|p1a: Calyrex|Astral Barrage|p2a: Miraidon|[spread] p2a\n|-activate|p2b: Calyrex|move: Protect\n|-damage|p2a: Miraidon|6/100\n|move|p2a: Miraidon|Snarl|p1a: Calyrex|[spread] p1a,p1b\n|-supereffective|p1a: Calyrex\n|-resisted|p1b: Whimsicott\n|-damage|p1a: Calyrex|0 fnt\n|-damage|p1b: Whimsicott|0 fnt\n|faint|p1a: Calyrex\n|faint|p1b: Whimsicott\n|\n|upkeep\n|\n|t:|1776603782\n|switch|p1b: Miraidon|Miraidon, L50|82/100\n|-activate|p1b: Miraidon|ability: Hadron Engine\n|turn|8\n|\n|t:|1776603796\n|switch|p2a: Sinistcha|Sinistcha-Masterpiece, L50|100/100\n|-heal|p2b: Calyrex|78/100|[from] ability: Hospitality|[of] p2a: Sinistcha\n|move|p1b: Miraidon|Dazzling Gleam|p2a: Sinistcha|[spread] p2a,p2b\n|-damage|p2a: Sinistcha|52/100\n|-damage|p2b: Calyrex|50/100\n|move|p2b: Calyrex|Glacial Lance|p1b: Miraidon\n|-supereffective|p1b: Miraidon\n|-damage|p1b: Miraidon|0 fnt\n|faint|p1b: Miraidon\n|\n|win|roykeenkennedy\n|raw|Junebey's rating: 1551 &rarr; <strong>1536</strong><br />(-15 for losing)\n|raw|roykeenkennedy's rating: 1649 &rarr; <strong>1664</strong><br />(+15 for winning)\n|l|\u2606Junebey\n|player|p1|\n|j| ky123456\n|l|\u2606roykeenkennedy\n|player|p2|\n|l| ky123456\n|j| ky123456\n|l| ky123456\n","uploadtime":1776603992,"views":10,"formatid":"gen9vgc2026regi","rating":1536,"private":0,"password":null}