{"id":"gen9vgc2026regi-2549326125","format":"[Gen 9] VGC 2026 Reg I","players":["luckymudstar","ryo8989"],"log":"|j|\u2606luckymudstar\n|j|\u2606ryo8989\n|t:|1772344452\n|gametype|doubles\n|player|p1|luckymudstar|jupiter|1220\n|player|p2|ryo8989|erika|1374\n|gen|9\n|tier|[Gen 9] VGC 2026 Reg I\n|rated|\n|rule|Species Clause: Limit one of each Pok\u00e9mon\n|rule|Item Clause: Limit 1 of each item\n|clearpoke\n|poke|p1|Koraidon, L50|\n|poke|p1|Whimsicott, L50, F|\n|poke|p1|Incineroar, L50, F|\n|poke|p1|Flutter Mane, L50|\n|poke|p1|Calyrex-Shadow, L50|\n|poke|p1|Grimmsnarl, L50, M|\n|poke|p2|Calyrex-Shadow, L50|\n|poke|p2|Zamazenta-*, L50|\n|poke|p2|Rillaboom, L50, M|\n|poke|p2|Incineroar, L50, F|\n|poke|p2|Raging Bolt, L50|\n|poke|p2|Tornadus, L50, M|\n|teampreview|4\n|\n|t:|1772344474\n|teamsize|p1|4\n|teamsize|p2|4\n|start\n|switch|p1a: Grimmsnarl|Grimmsnarl, L50, M|100/100\n|switch|p1b: Flutter Mane|Flutter Mane, L50|100/100\n|switch|p2a: Zamazenta|Zamazenta-Crowned, L50|100/100\n|switch|p2b: Tornadus|Tornadus, L50, M|100/100\n|-ability|p2a: Zamazenta|Dauntless Shield|boost\n|-boost|p2a: Zamazenta|def|1\n|turn|1\n|\n|t:|1772344502\n|move|p1b: Flutter Mane|Protect|p1b: Flutter Mane\n|-singleturn|p1b: Flutter Mane|Protect\n|move|p1a: Grimmsnarl|Reflect|p1a: Grimmsnarl\n|-sidestart|p1: luckymudstar|Reflect\n|move|p2a: Zamazenta|Heavy Slam|p1b: Flutter Mane\n|-activate|p1b: Flutter Mane|move: Protect\n|move|p2b: Tornadus|Bleakwind Storm|p1a: Grimmsnarl|[spread] \n|-activate|p1b: Flutter Mane|move: Protect\n|-miss|p2b: Tornadus|p1a: Grimmsnarl\n|\n|upkeep\n|turn|2\n|\n|t:|1772344520\n|move|p1a: Grimmsnarl|Parting Shot|p2a: Zamazenta\n|-unboost|p2a: Zamazenta|atk|1\n|-unboost|p2a: Zamazenta|spa|1\n|\n|t:|1772344524\n|switch|p1a: Koraidon|Koraidon, L50, shiny|100/100|[from] Parting Shot\n|-weather|SunnyDay|[from] ability: Orichalcum Pulse|[of] p1a: Koraidon\n|-activate|p1b: Flutter Mane|ability: Protosynthesis\n|-start|p1b: Flutter Mane|protosynthesisspe\n|-activate|p1a: Koraidon|Orichalcum Pulse|[source]\n|move|p1b: Flutter Mane|Dazzling Gleam|p2a: Zamazenta|[spread] p2a,p2b\n|-damage|p2a: Zamazenta|79/100\n|-damage|p2b: Tornadus|65/100\n|move|p2a: Zamazenta|Heavy Slam|p1b: Flutter Mane\n|-supereffective|p1b: Flutter Mane\n|-damage|p1b: Flutter Mane|6/100\n|move|p2b: Tornadus|Bleakwind Storm|p1a: Koraidon|[spread] p1a\n|-miss|p2b: Tornadus|p1b: Flutter Mane\n|-supereffective|p1a: Koraidon\n|-damage|p1a: Koraidon|24/100\n|\n|-weather|SunnyDay|[upkeep]\n|upkeep\n|turn|3\n|\n|t:|1772344559\n|move|p2b: Tornadus|Tailwind|p2b: Tornadus\n|-sidestart|p2: ryo8989|move: Tailwind\n|move|p2a: Zamazenta|Body Press|p1a: Koraidon\n|-damage|p1a: Koraidon|0 fnt\n|faint|p1a: Koraidon\n|move|p1b: Flutter Mane|Moonblast|p2b: Tornadus\n|-damage|p2b: Tornadus|2/100\n|\n|-weather|SunnyDay|[upkeep]\n|upkeep\n|\n|t:|1772344565\n|switch|p1a: Calyrex|Calyrex-Shadow, L50|100/100\n|-ability|p1a: Calyrex|As One\n|-ability|p1a: Calyrex|Unnerve\n|turn|4\n|\n|t:|1772344589\n|move|p2b: Tornadus|Taunt|p1a: Calyrex\n|-start|p1a: Calyrex|move: Taunt\n|move|p2a: Zamazenta|Heavy Slam|p1a: Calyrex\n|-damage|p1a: Calyrex|75/100\n|move|p1b: Flutter Mane|Dazzling Gleam|p2a: Zamazenta|[spread] p2a,p2b\n|-damage|p2a: Zamazenta|56/100\n|-damage|p2b: Tornadus|0 fnt\n|faint|p2b: Tornadus\n|move|p1a: Calyrex|Astral Barrage|p2a: Zamazenta\n|-damage|p2a: Zamazenta|11/100\n|\n|-weather|SunnyDay|[upkeep]\n|upkeep\n|\n|t:|1772344604\n|switch|p2b: Calyrex|Calyrex-Shadow, L50|100/100\n|-ability|p2b: Calyrex|As One\n|-ability|p2b: Calyrex|Unnerve\n|turn|5\n|\n|t:|1772344636\n|-terastallize|p2b: Calyrex|Dark\n|-terastallize|p1a: Calyrex|Dark\n|move|p1b: Flutter Mane|Protect|p1b: Flutter Mane\n|-singleturn|p1b: Flutter Mane|Protect\n|move|p2b: Calyrex|Astral Barrage|p1b: Flutter Mane|[spread] p1a\n|-activate|p1b: Flutter Mane|move: Protect\n|-resisted|p1a: Calyrex\n|-damage|p1a: Calyrex|38/100\n|-damage|p2b: Calyrex|91/100|[from] item: Life Orb\n|move|p2a: Zamazenta|Body Press|p1a: Calyrex\n|-supereffective|p1a: Calyrex\n|-damage|p1a: Calyrex|0 fnt\n|faint|p1a: Calyrex\n|\n|-weather|SunnyDay|[upkeep]\n|upkeep\n|\n|t:|1772344642\n|switch|p1a: Grimmsnarl|Grimmsnarl, L50, M|100/100\n|turn|6\n|\n|t:|1772344662\n|move|p1a: Grimmsnarl|Light Screen|p1a: Grimmsnarl\n|-sidestart|p1: luckymudstar|move: Light Screen\n|move|p2b: Calyrex|Astral Barrage|p1a: Grimmsnarl|[spread] p1a,p1b\n|-resisted|p1a: Grimmsnarl\n|-supereffective|p1b: Flutter Mane\n|-damage|p1a: Grimmsnarl|75/100\n|-damage|p1b: Flutter Mane|0 fnt\n|faint|p1b: Flutter Mane\n|-end|p1b: Flutter Mane|Protosynthesis|[silent]\n|-ability|p2b: Calyrex|Grim Neigh|boost\n|-boost|p2b: Calyrex|spa|1\n|-damage|p2b: Calyrex|82/100|[from] item: Life Orb\n|move|p2a: Zamazenta|Heavy Slam|p1a: Grimmsnarl\n|-supereffective|p1a: Grimmsnarl\n|-damage|p1a: Grimmsnarl|33/100\n|\n|-weather|none\n|-sideend|p2: ryo8989|move: Tailwind\n|upkeep\n|turn|7\n|\n|t:|1772344679\n|move|p2b: Calyrex|Astral Barrage|p1a: Grimmsnarl\n|-resisted|p1a: Grimmsnarl\n|-damage|p1a: Grimmsnarl|0 fnt\n|faint|p1a: Grimmsnarl\n|-damage|p2b: Calyrex|72/100|[from] item: Life Orb\n|\n|win|ryo8989\n|raw|luckymudstar's rating: 1220 &rarr; <strong>1205</strong><br />(-15 for losing)\n|raw|ryo8989's rating: 1374 &rarr; <strong>1386</strong><br />(+12 for winning)\n|l|\u2606luckymudstar\n|player|p1|\n|l|\u2606ryo8989\n|player|p2|\n","uploadtime":1772344860,"views":13,"formatid":"gen9vgc2026regi","rating":1205,"private":0,"password":null}