{"id":"gen9vgc2026regi-2568775835","format":"[Gen 9] VGC 2026 Reg I","players":["MarzipanTheFirst","SycrasisEU"],"log":"|j|\u2606MarzipanTheFirst\n|j|\u2606SycrasisEU\n|t:|1774622033\n|gametype|doubles\n|player|p1|MarzipanTheFirst|proton|1087\n|player|p2|SycrasisEU|byron|1175\n|gen|9\n|tier|[Gen 9] VGC 2026 Reg I\n|rated|\n|rule|Species Clause: Limit one of each Pok\u00e9mon\n|rule|Item Clause: Limit 1 of each item\n|clearpoke\n|poke|p1|Raichu-Alola, L50, M|\n|poke|p1|Miraidon, L50|\n|poke|p1|Lunala, L50|\n|poke|p1|Chien-Pao, L50|\n|poke|p1|Urshifu-*, L50, M|\n|poke|p1|Indeedee-F, L50, F|\n|poke|p2|Mewtwo, L50|\n|poke|p2|Indeedee-F, L50, F|\n|poke|p2|Sneasler, L50, F|\n|poke|p2|Zacian-*, L50|\n|poke|p2|Clefairy, L50, F|\n|poke|p2|Chi-Yu, L50|\n|teampreview|4\n|inactive|Battle timer is ON: inactive players will automatically lose when time's up. (requested by MarzipanTheFirst)\n|\n|t:|1774622052\n|teamsize|p1|4\n|teamsize|p2|4\n|start\n|switch|p1a: Indeedee|Indeedee-F, L50, F|100/100\n|switch|p1b: Chien-Pao|Chien-Pao, L50|100/100\n|switch|p2a: Chi-Yu|Chi-Yu, L50|100/100\n|switch|p2b: Indeedee|Indeedee-F, L50, F|100/100\n|-ability|p2a: Chi-Yu|Beads of Ruin\n|-ability|p1b: Chien-Pao|Sword of Ruin\n|-fieldstart|move: Psychic Terrain|[from] ability: Psychic Surge|[of] p1a: Indeedee\n|turn|1\n|inactive|MarzipanTheFirst has 30 seconds left.\n|\n|t:|1774622078\n|-terastallize|p2b: Indeedee|Fairy\n|move|p1a: Indeedee|Helping Hand|p1b: Chien-Pao\n|-singleturn|p1b: Chien-Pao|Helping Hand|[of] p1a: Indeedee\n|move|p2b: Indeedee|Follow Me|p2b: Indeedee\n|-singleturn|p2b: Indeedee|move: Follow Me\n|move|p2a: Chi-Yu|Heat Wave|p1b: Chien-Pao|[spread] p1a,p1b\n|-supereffective|p1b: Chien-Pao\n|-damage|p1a: Indeedee|52/100\n|-enditem|p1b: Chien-Pao|Focus Sash\n|-damage|p1b: Chien-Pao|1/100\n|-enditem|p1a: Indeedee|Eject Button\n|\n|t:|1774622090\n|switch|p1a: Lunala|Lunala, L50|100/100\n|move|p1b: Chien-Pao|Sacred Sword|p2b: Indeedee\n|-resisted|p2b: Indeedee\n|-damage|p2b: Indeedee|72/100\n|\n|upkeep\n|turn|2\n|c|\u2606MarzipanTheFirst|Ts not fair\n|inactive|SycrasisEU has 30 seconds left.\n|inactive|SycrasisEU has 20 seconds left.\n|\n|t:|1774622128\n|move|p1a: Lunala|Wide Guard|p1a: Lunala\n|-singleturn|p1a: Lunala|Wide Guard\n|move|p2b: Indeedee|Follow Me|p2b: Indeedee\n|-singleturn|p2b: Indeedee|move: Follow Me\n|move|p2a: Chi-Yu|Heat Wave|p1a: Lunala|[spread] \n|-activate|p1a: Lunala|move: Wide Guard\n|-activate|p1b: Chien-Pao|move: Wide Guard\n|move|p1b: Chien-Pao|Sacred Sword|p2b: Indeedee\n|-resisted|p2b: Indeedee\n|-damage|p2b: Indeedee|51/100\n|\n|upkeep\n|turn|3\n|c|\u2606SycrasisEU|whats not fair\n|\n|t:|1774622143\n|switch|p2a: Sneasler|Sneasler, L50, F|100/100\n|-enditem|p2a: Sneasler|Psychic Seed\n|-boost|p2a: Sneasler|spd|1|[from] item: Psychic Seed\n|move|p1b: Chien-Pao|Protect|p1b: Chien-Pao\n|-singleturn|p1b: Chien-Pao|Protect\n|move|p2b: Indeedee|Follow Me|p2b: Indeedee\n|-singleturn|p2b: Indeedee|move: Follow Me\n|move|p1a: Lunala|Expanding Force|p2b: Indeedee|[spread] p2a,p2b\n|-supereffective|p2a: Sneasler\n|-damage|p2a: Sneasler|0 fnt\n|-damage|p2b: Indeedee|0 fnt\n|faint|p2a: Sneasler\n|faint|p2b: Indeedee\n|\n|upkeep\n|\n|t:|1774622149\n|switch|p2a: Mewtwo|Mewtwo, L50|100/100\n|switch|p2b: Chi-Yu|Chi-Yu, L50|100/100\n|-ability|p2a: Mewtwo|Unnerve\n|-ability|p2b: Chi-Yu|Beads of Ruin\n|turn|4\n|\n|t:|1774622170\n|move|p1a: Lunala|Wide Guard|p1a: Lunala\n|-singleturn|p1a: Lunala|Wide Guard\n|move|p2b: Chi-Yu|Dark Pulse|p1b: Chien-Pao\n|-resisted|p1b: Chien-Pao\n|-damage|p1b: Chien-Pao|0 fnt\n|faint|p1b: Chien-Pao\n|move|p2a: Mewtwo|Psystrike|p1a: Lunala\n|-resisted|p1a: Lunala\n|-damage|p1a: Lunala|81/100\n|-damage|p2a: Mewtwo|91/100|[from] item: Life Orb\n|\n|-heal|p1a: Lunala|87/100|[from] item: Leftovers\n|upkeep\n|\n|t:|1774622181\n|switch|p1b: Miraidon|Miraidon, L50|100/100\n|-fieldstart|move: Electric Terrain|[from] ability: Hadron Engine|[of] p1b: Miraidon\n|turn|5\n|\n|t:|1774622194\n|move|p2b: Chi-Yu|Dark Pulse|p1a: Lunala\n|-supereffective|p1a: Lunala\n|-damage|p1a: Lunala|0 fnt\n|faint|p1a: Lunala\n|move|p2a: Mewtwo|Psystrike|p1b: Miraidon\n|-damage|p1b: Miraidon|25/100\n|-damage|p2a: Mewtwo|81/100|[from] item: Life Orb\n|move|p1b: Miraidon|Electro Drift|p2a: Mewtwo\n|-damage|p2a: Mewtwo|0 fnt\n|faint|p2a: Mewtwo\n|\n|upkeep\n|\n|t:|1774622198\n|switch|p1a: Indeedee|Indeedee-F, L50, F|52/100\n|-fieldstart|move: Psychic Terrain|[from] ability: Psychic Surge|[of] p1a: Indeedee\n|turn|6\n|\n|t:|1774622207\n|move|p1a: Indeedee|Helping Hand|p1b: Miraidon\n|-singleturn|p1b: Miraidon|Helping Hand|[of] p1a: Indeedee\n|move|p2b: Chi-Yu|Dark Pulse|p1b: Miraidon\n|-damage|p1b: Miraidon|0 fnt\n|faint|p1b: Miraidon\n|\n|upkeep\n|turn|7\n|\n|t:|1774622215\n|-terastallize|p1a: Indeedee|Water\n|move|p2b: Chi-Yu|Dark Pulse|p1a: Indeedee\n|-damage|p1a: Indeedee|0 fnt\n|faint|p1a: Indeedee\n|\n|win|SycrasisEU\n|raw|MarzipanTheFirst's rating: 1087 &rarr; <strong>1070</strong><br />(-17 for losing)\n|raw|SycrasisEU's rating: 1175 &rarr; <strong>1194</strong><br />(+19 for winning)\n|l|\u2606SycrasisEU\n|player|p2|\n|c|\u2606MarzipanTheFirst|Son\n","uploadtime":1774622223,"views":10,"formatid":"gen9vgc2026regi","rating":1070,"private":0,"password":null}