{"id":"gen9vgc2026regi-2539760244","format":"[Gen 9] VGC 2026 Reg I","players":["Low Tier Goodra","SEITA"],"log":"|j|\u2606Low Tier Goodra\n|j|\u2606SEITA\n|t:|1771105495\n|gametype|doubles\n|player|p1|Low Tier Goodra|jasmine|1395\n|player|p2|SEITA|lucas-gen4pt|1304\n|gen|9\n|tier|[Gen 9] VGC 2026 Reg I\n|rated|\n|rule|Species Clause: Limit one of each Pok\u00e9mon\n|rule|Item Clause: Limit 1 of each item\n|clearpoke\n|poke|p1|Calyrex-Ice, L50|\n|poke|p1|Kyogre, L50|\n|poke|p1|Sinistcha-Masterpiece, L50|\n|poke|p1|Rillaboom, L50, M|\n|poke|p1|Ursaluna, L50, M|\n|poke|p1|Incineroar, L50, M|\n|poke|p2|Zamazenta-*, L50|\n|poke|p2|Kyogre, L50|\n|poke|p2|Wo-Chien, L50|\n|poke|p2|Grimmsnarl, L50, M|\n|poke|p2|Landorus, L50, M|\n|poke|p2|Ditto, L50|\n|teampreview|4\n|inactive|Battle timer is ON: inactive players will automatically lose when time's up. (requested by Low Tier Goodra)\n|\n|t:|1771105544\n|teamsize|p1|4\n|teamsize|p2|4\n|start\n|switch|p1a: Rillaboom|Rillaboom, L50, M|100/100\n|switch|p1b: Calyrex|Calyrex-Ice, L50|100/100\n|switch|p2a: Grimmsnarl|Grimmsnarl, L50, M|100/100\n|switch|p2b: Zamazenta|Zamazenta-Crowned, L50|100/100\n|-ability|p1b: Calyrex|As One\n|-ability|p1b: Calyrex|Unnerve\n|-ability|p2b: Zamazenta|Dauntless Shield|boost\n|-boost|p2b: Zamazenta|def|1\n|-fieldstart|move: Grassy Terrain|[from] ability: Grassy Surge|[of] p1a: Rillaboom\n|turn|1\n|\n|t:|1771105567\n|move|p1a: Rillaboom|Fake Out|p2b: Zamazenta\n|-resisted|p2b: Zamazenta\n|-damage|p2b: Zamazenta|97/100\n|move|p2a: Grimmsnarl|Reflect|p2a: Grimmsnarl\n|-sidestart|p2: SEITA|Reflect\n|cant|p2b: Zamazenta|flinch\n|move|p1b: Calyrex|Trick Room|p1b: Calyrex\n|-fieldstart|move: Trick Room|[of] p1b: Calyrex\n|\n|-heal|p2b: Zamazenta|100/100|[from] Grassy Terrain\n|upkeep\n|turn|2\n|inactive|SEITA has 30 seconds left.\n|\n|t:|1771105593\n|move|p2a: Grimmsnarl|Light Screen|p2a: Grimmsnarl\n|-sidestart|p2: SEITA|move: Light Screen\n|move|p1b: Calyrex|Leech Seed|p2b: Zamazenta\n|-start|p2b: Zamazenta|move: Leech Seed\n|move|p1a: Rillaboom|Taunt|p2b: Zamazenta\n|-start|p2b: Zamazenta|move: Taunt\n|cant|p2b: Zamazenta|move: Taunt|Iron Defense\n|\n|-damage|p2b: Zamazenta|88/100|[from] Leech Seed|[of] p1b: Calyrex\n|upkeep\n|turn|3\n|inactive|SEITA has 30 seconds left.\n|inactive|SEITA has 20 seconds left.\n|inactive|SEITA has 15 seconds left.\n|\n|t:|1771105633\n|move|p1b: Calyrex|Leech Seed|p2a: Grimmsnarl\n|-start|p2a: Grimmsnarl|move: Leech Seed\n|move|p2a: Grimmsnarl|Spirit Break|p1a: Rillaboom\n|-crit|p1a: Rillaboom\n|-damage|p1a: Rillaboom|50/100\n|move|p1a: Rillaboom|Wood Hammer|p2a: Grimmsnarl\n|-damage|p2a: Grimmsnarl|50/100\n|-damage|p1a: Rillaboom|31/100|[from] Recoil\n|move|p2b: Zamazenta|Body Press|p1a: Rillaboom\n|-damage|p1a: Rillaboom|0 fnt\n|faint|p1a: Rillaboom\n|\n|-heal|p2a: Grimmsnarl|55/100|[from] Grassy Terrain\n|-heal|p2b: Zamazenta|94/100|[from] Grassy Terrain\n|-damage|p2a: Grimmsnarl|43/100|[from] Leech Seed|[of] p1b: Calyrex\n|-damage|p2b: Zamazenta|82/100|[from] Leech Seed|[of] p1b: Calyrex\n|upkeep\n|\n|t:|1771105648\n|switch|p1a: Kyogre|Kyogre, L50|100/100\n|-weather|RainDance|[from] ability: Drizzle|[of] p1a: Kyogre\n|turn|4\n|inactive|SEITA has 30 seconds left.\n|\n|t:|1771105678\n|move|p2a: Grimmsnarl|Parting Shot|p1a: Kyogre\n|-unboost|p1a: Kyogre|atk|1\n|-unboost|p1a: Kyogre|spa|1\n|\n|t:|1771105682\n|switch|p2a: Kyogre|Kyogre, L50|100/100|[from] Parting Shot\n|move|p1a: Kyogre|Water Spout|p2b: Zamazenta|[spread] p2a,p2b\n|-resisted|p2a: Kyogre\n|-damage|p2a: Kyogre|85/100\n|-damage|p2b: Zamazenta|51/100\n|move|p1b: Calyrex|Glacial Lance|p2b: Zamazenta|[spread] p2a,p2b\n|-resisted|p2a: Kyogre\n|-crit|p2a: Kyogre\n|-resisted|p2b: Zamazenta\n|-damage|p2a: Kyogre|55/100\n|-damage|p2b: Zamazenta|45/100\n|move|p2b: Zamazenta|Body Press|p1a: Kyogre\n|-crit|p1a: Kyogre\n|-damage|p1a: Kyogre|2/100\n|\n|-weather|RainDance|[upkeep]\n|-heal|p1a: Kyogre|8/100|[from] Grassy Terrain\n|-heal|p2a: Kyogre|60/100|[from] Grassy Terrain\n|-heal|p2a: Kyogre|66/100|[from] item: Leftovers\n|-heal|p2b: Zamazenta|51/100|[from] Grassy Terrain\n|-damage|p2b: Zamazenta|39/100|[from] Leech Seed|[of] p1b: Calyrex\n|-end|p2b: Zamazenta|move: Taunt\n|upkeep\n|turn|5\n|inactive|Low Tier Goodra has 30 seconds left.\n|inactive|SEITA has 30 seconds left.\n|\n|t:|1771105714\n|move|p1a: Kyogre|Thunder|p2b: Zamazenta\n|-damage|p2b: Zamazenta|26/100\n|move|p1b: Calyrex|Leech Seed|p2a: Kyogre\n|-start|p2a: Kyogre|move: Leech Seed\n|move|p2a: Kyogre|Origin Pulse|p1a: Kyogre|[spread] p1a,p1b\n|-resisted|p1a: Kyogre\n|-damage|p1a: Kyogre|0 fnt\n|-damage|p1b: Calyrex|65/100\n|faint|p1a: Kyogre\n|move|p2b: Zamazenta|Body Press|p1b: Calyrex\n|-damage|p1b: Calyrex|28/100\n|\n|-weather|RainDance|[upkeep]\n|-heal|p1b: Calyrex|33/100|[from] Grassy Terrain\n|-heal|p2a: Kyogre|72/100|[from] Grassy Terrain\n|-heal|p2a: Kyogre|78/100|[from] item: Leftovers\n|-heal|p2b: Zamazenta|32/100|[from] Grassy Terrain\n|-damage|p2a: Kyogre|66/100|[from] Leech Seed|[of] p1b: Calyrex\n|-heal|p1b: Calyrex|45/100|[silent]\n|-damage|p2b: Zamazenta|20/100|[from] Leech Seed|[of] p1b: Calyrex\n|-heal|p1b: Calyrex|57/100|[silent]\n|-fieldend|move: Trick Room\n|-fieldend|move: Grassy Terrain\n|upkeep\n|\n|t:|1771105732\n|switch|p1a: Sinistcha|Sinistcha-Masterpiece, L50|100/100\n|turn|6\n|\n|t:|1771105756\n|move|p1b: Calyrex|Protect|p1b: Calyrex\n|-singleturn|p1b: Calyrex|Protect\n|move|p2b: Zamazenta|Iron Defense|p2b: Zamazenta\n|-boost|p2b: Zamazenta|def|2\n|move|p2a: Kyogre|Origin Pulse|p1b: Calyrex|[spread] p1a\n|-activate|p1b: Calyrex|move: Protect\n|-resisted|p1a: Sinistcha\n|-damage|p1a: Sinistcha|58/100\n|move|p1a: Sinistcha|Trick Room|p1a: Sinistcha\n|-fieldstart|move: Trick Room|[of] p1a: Sinistcha\n|\n|-weather|RainDance|[upkeep]\n|-heal|p2a: Kyogre|72/100|[from] item: Leftovers\n|-damage|p2a: Kyogre|59/100|[from] Leech Seed|[of] p1b: Calyrex\n|-heal|p1b: Calyrex|69/100|[silent]\n|-damage|p2b: Zamazenta|8/100|[from] Leech Seed|[of] p1b: Calyrex\n|-heal|p1b: Calyrex|81/100|[silent]\n|upkeep\n|turn|7\n|inactive|SEITA has 30 seconds left.\n|inactive|SEITA has 20 seconds left.\n|\n|t:|1771105792\n|move|p1b: Calyrex|Glacial Lance|p2b: Zamazenta|[spread] p2a,p2b\n|-resisted|p2a: Kyogre\n|-resisted|p2b: Zamazenta\n|-damage|p2a: Kyogre|46/100\n|-damage|p2b: Zamazenta|4/100\n|move|p1a: Sinistcha|Matcha Gotcha|p2a: Kyogre|[spread] p2a,p2b\n|-supereffective|p2a: Kyogre\n|-resisted|p2b: Zamazenta\n|-damage|p2a: Kyogre|18/100\n|-heal|p1a: Sinistcha|75/100|[from] drain|[of] p2a: Kyogre\n|-damage|p2b: Zamazenta|0 fnt\n|-heal|p1a: Sinistcha|77/100|[from] drain|[of] p2b: Zamazenta\n|faint|p2b: Zamazenta\n|move|p2a: Kyogre|Ice Beam|p1a: Sinistcha\n|-supereffective|p1a: Sinistcha\n|-damage|p1a: Sinistcha|0 fnt\n|faint|p1a: Sinistcha\n|\n|-weather|RainDance|[upkeep]\n|-heal|p2a: Kyogre|24/100|[from] item: Leftovers\n|-damage|p2a: Kyogre|12/100|[from] Leech Seed|[of] p1b: Calyrex\n|-heal|p1b: Calyrex|93/100|[silent]\n|upkeep\n|\n|t:|1771105816\n|switch|p2b: Grimmsnarl|Grimmsnarl, L50, M|43/100\n|turn|8\n|\n|t:|1771105834\n|switch|p2a: Ditto|Ditto, L50|100/100\n|-transform|p2a: Ditto|p1b: Calyrex|[from] ability: Imposter\n|-ability|p2a: Ditto|As One\n|-ability|p2a: Ditto|Unnerve\n|move|p1b: Calyrex|Protect|p1b: Calyrex\n|-singleturn|p1b: Calyrex|Protect\n|move|p2b: Grimmsnarl|Parting Shot|p1b: Calyrex\n|-activate|p1b: Calyrex|move: Protect\n|\n|-weather|none\n|-sideend|p2: SEITA|Reflect\n|upkeep\n|turn|9\n|inactive|SEITA has 30 seconds left.\n|\n|t:|1771105869\n|move|p2b: Grimmsnarl|Reflect|p2b: Grimmsnarl\n|-sidestart|p2: SEITA|Reflect\n|move|p1b: Calyrex|Leech Seed|p2b: Grimmsnarl\n|-start|p2b: Grimmsnarl|move: Leech Seed\n|move|p2a: Ditto|Leech Seed|p1b: Calyrex\n|-start|p1b: Calyrex|move: Leech Seed\n|\n|-damage|p1b: Calyrex|81/100|[from] Leech Seed|[of] p2a: Ditto\n|-damage|p2b: Grimmsnarl|31/100|[from] Leech Seed|[of] p1b: Calyrex\n|-heal|p1b: Calyrex|93/100|[silent]\n|-sideend|p2: SEITA|move: Light Screen\n|upkeep\n|turn|10\n|\n|t:|1771105890\n|move|p1b: Calyrex|Protect|p1b: Calyrex\n|-singleturn|p1b: Calyrex|Protect\n|move|p2a: Ditto|Glacial Lance|p1b: Calyrex\n|-activate|p1b: Calyrex|move: Protect\n|move|p2b: Grimmsnarl|Spirit Break|p1b: Calyrex\n|-activate|p1b: Calyrex|move: Protect\n|\n|-damage|p1b: Calyrex|81/100|[from] Leech Seed|[of] p2a: Ditto\n|-damage|p2b: Grimmsnarl|18/100|[from] Leech Seed|[of] p1b: Calyrex\n|-heal|p1b: Calyrex|93/100|[silent]\n|-fieldend|move: Trick Room\n|upkeep\n|turn|11\n|\n|t:|1771105911\n|move|p2b: Grimmsnarl|Spirit Break|p1b: Calyrex\n|-damage|p1b: Calyrex|75/100\n|-unboost|p1b: Calyrex|spa|1\n|move|p2a: Ditto|Glacial Lance|p1b: Calyrex\n|-resisted|p1b: Calyrex\n|-damage|p1b: Calyrex|55/100\n|move|p1b: Calyrex|Trick Room|p1b: Calyrex\n|-fieldstart|move: Trick Room|[of] p1b: Calyrex\n|\n|-damage|p1b: Calyrex|43/100|[from] Leech Seed|[of] p2a: Ditto\n|-damage|p2b: Grimmsnarl|6/100|[from] Leech Seed|[of] p1b: Calyrex\n|-heal|p1b: Calyrex|55/100|[silent]\n|upkeep\n|turn|12\n|\n|t:|1771105933\n|move|p2b: Grimmsnarl|Parting Shot|p1b: Calyrex\n|-unboost|p1b: Calyrex|atk|1\n|-unboost|p1b: Calyrex|spa|1\n|\n|t:|1771105936\n|switch|p2b: Kyogre|Kyogre, L50|12/100|[from] Parting Shot\n|-weather|RainDance|[from] ability: Drizzle|[of] p2b: Kyogre\n|move|p2a: Ditto|Glacial Lance|p1b: Calyrex\n|-resisted|p1b: Calyrex\n|-damage|p1b: Calyrex|36/100\n|move|p1b: Calyrex|Leech Seed|p2a: Ditto\n|-start|p2a: Ditto|move: Leech Seed\n|\n|-weather|RainDance|[upkeep]\n|-heal|p2b: Kyogre|18/100|[from] item: Leftovers\n|-damage|p1b: Calyrex|24/100|[from] Leech Seed|[of] p2a: Ditto\n|-damage|p2a: Ditto|88/100|[from] Leech Seed|[of] p1b: Calyrex\n|-heal|p1b: Calyrex|33/100|[silent]\n|upkeep\n|turn|13\n|\n|t:|1771105955\n|-terastallize|p1b: Calyrex|Water\n|move|p1b: Calyrex|Leech Seed|p2b: Kyogre\n|-start|p2b: Kyogre|move: Leech Seed\n|move|p2a: Ditto|Glacial Lance|p1b: Calyrex\n|-resisted|p1b: Calyrex\n|-damage|p1b: Calyrex|14/100\n|move|p2b: Kyogre|Thunder|p1b: Calyrex\n|-supereffective|p1b: Calyrex\n|-damage|p1b: Calyrex|0 fnt\n|faint|p1b: Calyrex\n|\n|win|SEITA\n|raw|Low Tier Goodra's rating: 1395 &rarr; <strong>1370</strong><br />(-25 for losing)\n|raw|SEITA's rating: 1304 &rarr; <strong>1329</strong><br />(+25 for winning)\n|l|\u2606SEITA\n|player|p2|\n","uploadtime":1771106124,"views":27,"formatid":"gen9vgc2026regi","rating":1329,"private":0,"password":null}