{"id":"gen9vgc2026regi-2581845133","format":"[Gen 9] VGC 2026 Reg I","players":["JoeBro8","phoeniKSP"],"log":"|j|\u2606JoeBro8\n|j|\u2606phoeniKSP\n|t:|1776033151\n|gametype|doubles\n|player|p1|JoeBro8|n|1477\n|player|p2|phoeniKSP|barry|1527\n|gen|9\n|tier|[Gen 9] VGC 2026 Reg I\n|rated|\n|rule|Species Clause: Limit one of each Pok\u00e9mon\n|rule|Item Clause: Limit 1 of each item\n|clearpoke\n|poke|p1|Incineroar, L50, M|\n|poke|p1|Landorus, L50, M|\n|poke|p1|Calyrex-Shadow, L50|\n|poke|p1|Koraidon, L50|\n|poke|p1|Brute Bonnet, L50|\n|poke|p1|Raging Bolt, L50|\n|poke|p2|Giratina-Origin, L50|\n|poke|p2|Zamazenta-*, L50|\n|poke|p2|Chien-Pao, L50|\n|poke|p2|Entei, L50|\n|poke|p2|Urshifu-*, L50, F|\n|poke|p2|Rillaboom, L50, M|\n|teampreview|4\n|\n|t:|1776033167\n|teamsize|p1|4\n|teamsize|p2|4\n|start\n|switch|p1a: Koraidon|Koraidon, L50|100/100\n|switch|p1b: Brute Bonnet|Brute Bonnet, L50|100/100\n|switch|p2a: Entei|Entei, L50|100/100\n|switch|p2b: Chien-Pao|Chien-Pao, L50|100/100\n|-ability|p2b: Chien-Pao|Sword of Ruin\n|-weather|SunnyDay|[from] ability: Orichalcum Pulse|[of] p1a: Koraidon\n|-activate|p1b: Brute Bonnet|ability: Protosynthesis\n|-start|p1b: Brute Bonnet|protosynthesisdef\n|-activate|p1a: Koraidon|Orichalcum Pulse|[source]\n|turn|1\n|\n|t:|1776033190\n|switch|p1a: Incineroar|Incineroar, L50, M|100/100\n|-ability|p1a: Incineroar|Intimidate|boost\n|-fail|p2a: Entei|unboost|Attack|[from] ability: Inner Focus|[of] p2a: Entei\n|-unboost|p2b: Chien-Pao|atk|1\n|-terastallize|p1b: Brute Bonnet|Water\n|move|p2b: Chien-Pao|Protect|p2b: Chien-Pao\n|-singleturn|p2b: Chien-Pao|Protect\n|move|p2a: Entei|Sacred Fire|p1b: Brute Bonnet\n|-resisted|p1b: Brute Bonnet\n|-damage|p1b: Brute Bonnet|66/100\n|-damage|p2a: Entei|91/100|[from] item: Life Orb\n|move|p1b: Brute Bonnet|Spore|p2a: Entei\n|-status|p2a: Entei|slp|[from] move: Spore\n|\n|-weather|SunnyDay|[upkeep]\n|upkeep\n|turn|2\n|\n|t:|1776033217\n|move|p2b: Chien-Pao|Protect||[still]\n|-fail|p2b: Chien-Pao\n|cant|p2a: Entei|slp\n|move|p1b: Brute Bonnet|Spore|p2b: Chien-Pao\n|-status|p2b: Chien-Pao|slp|[from] move: Spore\n|move|p1a: Incineroar|Knock Off|p2a: Entei\n|-damage|p2a: Entei|45/100 slp\n|-enditem|p2a: Entei|Life Orb|[from] move: Knock Off|[of] p1a: Incineroar\n|\n|-weather|SunnyDay|[upkeep]\n|upkeep\n|turn|3\n|\n|t:|1776033249\n|cant|p2b: Chien-Pao|slp\n|-curestatus|p2a: Entei|slp|[msg]\n|move|p2a: Entei|Stone Edge|p1a: Incineroar\n|-supereffective|p1a: Incineroar\n|-damage|p1a: Incineroar|29/100\n|move|p1b: Brute Bonnet|Seed Bomb|p2b: Chien-Pao\n|-damage|p2b: Chien-Pao|55/100 slp\n|move|p1a: Incineroar|Parting Shot|p2a: Entei\n|-unboost|p2a: Entei|atk|1\n|-unboost|p2a: Entei|spa|1\n|\n|t:|1776033255\n|switch|p1a: Koraidon|Koraidon, L50|100/100|[from] Parting Shot\n|-activate|p1a: Koraidon|ability: Orichalcum Pulse\n|\n|-weather|SunnyDay|[upkeep]\n|upkeep\n|turn|4\n|\n|t:|1776033280\n|switch|p2a: Giratina|Giratina-Origin, L50|100/100\n|-terastallize|p2b: Chien-Pao|Ghost\n|move|p1b: Brute Bonnet|Rage Powder|p1b: Brute Bonnet\n|-singleturn|p1b: Brute Bonnet|move: Rage Powder\n|cant|p2b: Chien-Pao|slp\n|move|p1a: Koraidon|Flame Charge|p2b: Chien-Pao\n|-damage|p2b: Chien-Pao|7/100 slp\n|-boost|p1a: Koraidon|spe|1\n|\n|-weather|SunnyDay|[upkeep]\n|upkeep\n|turn|5\n|\n|t:|1776033300\n|move|p1a: Koraidon|Flame Charge|p2b: Chien-Pao\n|-damage|p2b: Chien-Pao|0 fnt\n|-boost|p1a: Koraidon|spe|1\n|faint|p2b: Chien-Pao\n|move|p2a: Giratina|Draco Meteor|p1a: Koraidon\n|-supereffective|p1a: Koraidon\n|-damage|p1a: Koraidon|0 fnt\n|-unboost|p2a: Giratina|spa|2\n|faint|p1a: Koraidon\n|move|p1b: Brute Bonnet|Spore|p2a: Giratina\n|-status|p2a: Giratina|slp|[from] move: Spore\n|\n|-weather|none\n|-end|p1b: Brute Bonnet|Protosynthesis\n|upkeep\n|\n|t:|1776033325\n|switch|p2b: Zamazenta|Zamazenta-Crowned, L50|100/100\n|switch|p1a: Calyrex|Calyrex-Shadow, L50|100/100\n|-ability|p1a: Calyrex|As One\n|-ability|p1a: Calyrex|Unnerve\n|-ability|p2b: Zamazenta|Dauntless Shield|boost\n|-boost|p2b: Zamazenta|def|1\n|turn|6\n|\n|t:|1776033342\n|switch|p2a: Entei|Entei, L50|45/100\n|move|p1a: Calyrex|Protect|p1a: Calyrex\n|-singleturn|p1a: Calyrex|Protect\n|move|p2b: Zamazenta|Body Press|p1b: Brute Bonnet\n|-damage|p1b: Brute Bonnet|25/100\n|move|p1b: Brute Bonnet|Spore|p2b: Zamazenta\n|-status|p2b: Zamazenta|slp|[from] move: Spore\n|\n|upkeep\n|turn|7\n|\n|t:|1776033370\n|cant|p2b: Zamazenta|slp\n|move|p2a: Entei|Extreme Speed|p1b: Brute Bonnet\n|-damage|p1b: Brute Bonnet|6/100\n|move|p1b: Brute Bonnet|Rage Powder|p1b: Brute Bonnet\n|-singleturn|p1b: Brute Bonnet|move: Rage Powder\n|move|p1a: Calyrex|Astral Barrage|p2a: Entei|[spread] p2a,p2b\n|-damage|p2a: Entei|0 fnt\n|-damage|p2b: Zamazenta|58/100 slp\n|faint|p2a: Entei\n|-ability|p1a: Calyrex|Grim Neigh|boost\n|-boost|p1a: Calyrex|spa|1\n|\n|upkeep\n|\n|t:|1776033380\n|switch|p2a: Giratina|Giratina-Origin, L50|100/100 slp\n|turn|8\n|\n|t:|1776033406\n|-curestatus|p2b: Zamazenta|slp|[msg]\n|move|p2b: Zamazenta|Wide Guard|p2b: Zamazenta\n|-singleturn|p2b: Zamazenta|Wide Guard\n|cant|p2a: Giratina|slp\n|move|p1a: Calyrex|Astral Barrage|p2b: Zamazenta|[spread] \n|-activate|p2a: Giratina|move: Wide Guard\n|-activate|p2b: Zamazenta|move: Wide Guard\n|move|p1b: Brute Bonnet|Spore|p2b: Zamazenta\n|-status|p2b: Zamazenta|slp|[from] move: Spore\n|\n|upkeep\n|turn|9\n|\n|t:|1776033425\n|cant|p2a: Giratina|slp\n|move|p1b: Brute Bonnet|Sucker Punch||[still]\n|-fail|p1b: Brute Bonnet\n|move|p1a: Calyrex|Astral Barrage|p2a: Giratina|[spread] p2a,p2b\n|-supereffective|p2a: Giratina\n|-damage|p2a: Giratina|0 fnt\n|-damage|p2b: Zamazenta|0 fnt\n|faint|p2a: Giratina\n|faint|p2b: Zamazenta\n|\n|win|JoeBro8\n|raw|JoeBro8's rating: 1477 &rarr; <strong>1500</strong><br />(+23 for winning)\n|raw|phoeniKSP's rating: 1527 &rarr; <strong>1504</strong><br />(-23 for losing)\n|l|\u2606phoeniKSP\n|player|p2|\n|l|\u2606JoeBro8\n|player|p1|\n","uploadtime":1776033598,"views":11,"formatid":"gen9vgc2026regi","rating":1500,"private":0,"password":null}