{"id":"gen9vgc2026regi-2565812531","format":"[Gen 9] VGC 2026 Reg I","players":["It'sJustKen VGC","superidol9527"],"log":"|j|\u2606It'sJustKen VGC\n|j|\u2606superidol9527\n|t:|1774306678\n|gametype|doubles\n|player|p1|It'sJustKen VGC|1|1433\n|player|p2|superidol9527|102|1328\n|gen|9\n|tier|[Gen 9] VGC 2026 Reg I\n|rated|\n|rule|Species Clause: Limit one of each Pok\u00e9mon\n|rule|Item Clause: Limit 1 of each item\n|clearpoke\n|poke|p1|Iron Hands, L50|\n|poke|p1|Incineroar, L50, F|\n|poke|p1|Calyrex-Shadow, L50|\n|poke|p1|Whimsicott, L50, M|\n|poke|p1|Farigiraf, L50, M|\n|poke|p1|Miraidon, L50|\n|poke|p2|Calyrex-Ice, L50|\n|poke|p2|Miraidon, L50|\n|poke|p2|Volcarona, L50, F|\n|poke|p2|Grimmsnarl, L50, M|\n|poke|p2|Iron Hands, L50|\n|poke|p2|Ursaluna, L50, M|\n|teampreview|4\n|inactive|Battle timer is ON: inactive players will automatically lose when time's up. (requested by It'sJustKen VGC)\n|inactive|superidol9527 has 60 seconds left.\n|\n|t:|1774306710\n|teamsize|p1|4\n|teamsize|p2|4\n|start\n|switch|p1a: Mercedes|Calyrex-Shadow, L50|100/100\n|switch|p1b: Red Bull|Incineroar, L50, F|100/100\n|switch|p2a: Calyrex|Calyrex-Ice, L50|100/100\n|switch|p2b: Miraidon|Miraidon, L50|100/100\n|-ability|p1a: Mercedes|As One\n|-ability|p1a: Mercedes|Unnerve\n|-ability|p2a: Calyrex|As One\n|-ability|p2a: Calyrex|Unnerve\n|-fieldstart|move: Electric Terrain|[from] ability: Hadron Engine|[of] p2b: Miraidon\n|-ability|p1b: Red Bull|Intimidate|boost\n|-unboost|p2a: Calyrex|atk|1\n|-unboost|p2b: Miraidon|atk|1\n|turn|1\n|\n|t:|1774306731\n|-terastallize|p1a: Mercedes|Ghost\n|-terastallize|p2a: Calyrex|Water\n|move|p1b: Red Bull|Fake Out|p2b: Miraidon\n|-damage|p2b: Miraidon|89/100\n|cant|p2b: Miraidon|flinch\n|move|p1a: Mercedes|Astral Barrage|p2b: Miraidon|[spread] p2a,p2b\n|-damage|p2a: Calyrex|57/100\n|-damage|p2b: Miraidon|18/100\n|move|p2a: Calyrex|Glacial Lance|p1a: Mercedes|[spread] p1a,p1b\n|-resisted|p1b: Red Bull\n|-damage|p1a: Mercedes|61/100\n|-damage|p1b: Red Bull|88/100\n|\n|-heal|p2a: Calyrex|62/100|[from] item: Leftovers\n|upkeep\n|turn|2\n|\n|t:|1774306754\n|move|p1a: Mercedes|Protect|p1a: Mercedes\n|-singleturn|p1a: Mercedes|Protect\n|move|p2b: Miraidon|Snarl|p1b: Red Bull|[spread] p1b\n|-activate|p1a: Mercedes|move: Protect\n|-resisted|p1b: Red Bull\n|-damage|p1b: Red Bull|80/100\n|-unboost|p1b: Red Bull|spa|1\n|move|p1b: Red Bull|Knock Off|p2b: Miraidon\n|-damage|p2b: Miraidon|0 fnt\n|-enditem|p2b: Miraidon|Choice Scarf|[from] move: Knock Off|[of] p1b: Red Bull\n|faint|p2b: Miraidon\n|move|p2a: Calyrex|Trick Room|p2a: Calyrex\n|-fieldstart|move: Trick Room|[of] p2a: Calyrex\n|\n|-heal|p2a: Calyrex|68/100|[from] item: Leftovers\n|upkeep\n|\n|t:|1774306772\n|switch|p2b: Iron Hands|Iron Hands, L50|100/100\n|-activate|p2b: Iron Hands|ability: Quark Drive\n|-start|p2b: Iron Hands|quarkdriveatk\n|turn|3\n|\n|t:|1774306787\n|switch|p1a: McLaren|Farigiraf, L50, M|100/100\n|-enditem|p1a: McLaren|Electric Seed\n|-boost|p1a: McLaren|def|1|[from] item: Electric Seed\n|move|p1b: Red Bull|U-turn|p2a: Calyrex\n|-damage|p2a: Calyrex|58/100\n|\n|t:|1774306802\n|switch|p1b: Mercedes|Calyrex-Shadow, L50, tera:Ghost|61/100|[from] U-turn\n|-ability|p1b: Mercedes|As One\n|-ability|p1b: Mercedes|Unnerve\n|move|p2a: Calyrex|Glacial Lance|p1a: McLaren|[spread] p1a,p1b\n|-damage|p1a: McLaren|82/100\n|-damage|p1b: Mercedes|20/100\n|move|p2b: Iron Hands|Low Kick|p1b: Mercedes\n|-immune|p1b: Mercedes\n|\n|-heal|p2a: Calyrex|63/100|[from] item: Leftovers\n|upkeep\n|turn|4\n|\n|t:|1774306820\n|switch|p1b: Red Bull|Incineroar, L50, F|80/100\n|-ability|p1b: Red Bull|Intimidate|boost\n|-unboost|p2a: Calyrex|atk|1\n|-unboost|p2b: Iron Hands|atk|1\n|move|p2a: Calyrex|Glacial Lance|p1a: McLaren|[spread] p1a,p1b\n|-resisted|p1b: Red Bull\n|-damage|p1a: McLaren|67/100\n|-damage|p1b: Red Bull|71/100\n|move|p2b: Iron Hands|Wild Charge|p1a: McLaren\n|-damage|p1a: McLaren|36/100\n|-damage|p2b: Iron Hands|93/100|[from] Recoil\n|move|p1a: McLaren|Psychic|p2b: Iron Hands\n|-supereffective|p2b: Iron Hands\n|-damage|p2b: Iron Hands|56/100\n|-unboost|p2b: Iron Hands|spd|1\n|\n|-heal|p2a: Calyrex|69/100|[from] item: Leftovers\n|upkeep\n|turn|5\n|\n|t:|1774306841\n|switch|p2a: Ursaluna|Ursaluna, L50, M|100/100\n|move|p1b: Red Bull|Knock Off|p2b: Iron Hands\n|-resisted|p2b: Iron Hands\n|-damage|p2b: Iron Hands|42/100\n|-enditem|p2b: Iron Hands|Assault Vest|[from] move: Knock Off|[of] p1b: Red Bull\n|move|p2b: Iron Hands|Low Kick|p1b: Red Bull\n|-supereffective|p1b: Red Bull\n|-damage|p1b: Red Bull|13/100\n|-damage|p2b: Iron Hands|26/100|[from] item: Rocky Helmet|[of] p1b: Red Bull\n|move|p1a: McLaren|Psychic|p2b: Iron Hands\n|-supereffective|p2b: Iron Hands\n|-damage|p2b: Iron Hands|0 fnt\n|faint|p2b: Iron Hands\n|-end|p2b: Iron Hands|Quark Drive|[silent]\n|\n|-fieldend|move: Electric Terrain\n|-status|p2a: Ursaluna|brn|[from] item: Flame Orb\n|upkeep\n|\n|t:|1774306859\n|switch|p2b: Calyrex|Calyrex-Ice, L50, tera:Water|69/100\n|-ability|p2b: Calyrex|As One\n|-ability|p2b: Calyrex|Unnerve\n|turn|6\n|\n|t:|1774306874\n|move|p1a: McLaren|Helping Hand|p1b: Red Bull\n|-singleturn|p1b: Red Bull|Helping Hand|[of] p1a: McLaren\n|move|p1b: Red Bull|Knock Off|p2b: Calyrex\n|-damage|p2b: Calyrex|37/100\n|-enditem|p2b: Calyrex|Leftovers|[from] move: Knock Off|[of] p1b: Red Bull\n|move|p2b: Calyrex|Glacial Lance|p1b: Red Bull|[spread] p1a,p1b\n|-resisted|p1b: Red Bull\n|-damage|p1a: McLaren|6/100\n|-damage|p1b: Red Bull|0 fnt\n|faint|p1b: Red Bull\n|-ability|p2b: Calyrex|Chilling Neigh|boost\n|-boost|p2b: Calyrex|atk|1\n|move|p2a: Ursaluna|Crunch|p1a: McLaren\n|-supereffective|p1a: McLaren\n|-damage|p1a: McLaren|0 fnt\n|faint|p1a: McLaren\n|\n|-damage|p2a: Ursaluna|95/100 brn|[from] brn\n|-fieldend|move: Trick Room\n|upkeep\n|\n|t:|1774306880\n|switch|p1a: Mercedes|Calyrex-Shadow, L50, tera:Ghost|20/100\n|switch|p1b: Ferrari|Miraidon, L50, shiny|100/100\n|-ability|p1a: Mercedes|As One\n|-ability|p1a: Mercedes|Unnerve\n|-fieldstart|move: Electric Terrain|[from] ability: Hadron Engine|[of] p1b: Ferrari\n|turn|7\n|-message|superidol9527 forfeited.\n|\n|win|It'sJustKen VGC\n|raw|It&apos;sJustKen VGC's rating: 1433 &rarr; <strong>1447</strong><br />(+14 for winning)\n|raw|superidol9527's rating: 1328 &rarr; <strong>1314</strong><br />(-14 for losing)\n|l|\u2606superidol9527\n|player|p2|\n","uploadtime":1774306891,"views":12,"formatid":"gen9vgc2026regi","rating":1314,"private":0,"password":null}