{"id":"gen9vgc2026regi-2547032916","format":"[Gen 9] VGC 2026 Reg I","players":["epicpokegamer123","jepeg"],"log":"|j|\u2606epicpokegamer123\n|j|\u2606jepeg\n|t:|1772040497\n|gametype|doubles\n|player|p1|epicpokegamer123|266|1304\n|player|p2|jepeg|beauty-gen4dp|1207\n|gen|9\n|tier|[Gen 9] VGC 2026 Reg I\n|rated|\n|rule|Species Clause: Limit one of each Pok\u00e9mon\n|rule|Item Clause: Limit 1 of each item\n|clearpoke\n|poke|p1|Torterra, L50, F|\n|poke|p1|Zamazenta-*, L50|\n|poke|p1|Ting-Lu, L50|\n|poke|p1|Entei, L50|\n|poke|p1|Tyranitar, L50, M|\n|poke|p1|Giratina, L50|\n|poke|p2|Calyrex-Shadow, L50|\n|poke|p2|Oranguru, L50, F|\n|poke|p2|Miraidon, L50|\n|poke|p2|Ogerpon-Hearthflame, L50, F|\n|poke|p2|Bruxish, L50, F|\n|poke|p2|Torkoal, L50, F|\n|teampreview|4\n|inactive|Battle timer is ON: inactive players will automatically lose when time's up. (requested by epicpokegamer123)\n|inactive|epicpokegamer123 has 60 seconds left.\n|inactive|jepeg has 60 seconds left.\n|\n|t:|1772040531\n|teamsize|p1|4\n|teamsize|p2|4\n|start\n|switch|p1a: Ting-Lu|Ting-Lu, L50|100/100\n|switch|p1b: Tyranitar|Tyranitar, L50, M|100/100\n|switch|p2a: Calyrex|Calyrex-Shadow, L50|100/100\n|switch|p2b: Bruxish|Bruxish, L50, F, shiny|100/100\n|-ability|p2a: Calyrex|As One\n|-ability|p2a: Calyrex|Unnerve\n|-weather|Sandstorm|[from] ability: Sand Stream|[of] p1b: Tyranitar\n|-ability|p1a: Ting-Lu|Vessel of Ruin\n|turn|1\n|\n|t:|1772040551\n|-terastallize|p2a: Calyrex|Fire\n|move|p2b: Bruxish|Surf|p1a: Ting-Lu|[spread] p2a,p1a,p1b\n|-supereffective|p2a: Calyrex\n|-supereffective|p1a: Ting-Lu\n|-supereffective|p1b: Tyranitar\n|-damage|p2a: Calyrex|80/100\n|-damage|p1a: Ting-Lu|87/100\n|-damage|p1b: Tyranitar|86/100\n|-enditem|p2a: Calyrex|Weakness Policy\n|-boost|p2a: Calyrex|atk|2|[from] item: Weakness Policy\n|-boost|p2a: Calyrex|spa|2|[from] item: Weakness Policy\n|-enditem|p1b: Tyranitar|Weakness Policy\n|-boost|p1b: Tyranitar|atk|2|[from] item: Weakness Policy\n|-boost|p1b: Tyranitar|spa|2|[from] item: Weakness Policy\n|move|p2a: Calyrex|Pollen Puff|p1b: Tyranitar\n|-supereffective|p1b: Tyranitar\n|-damage|p1b: Tyranitar|15/100\n|move|p1b: Tyranitar|Knock Off|p2a: Calyrex\n|-damage|p2a: Calyrex|0 fnt\n|faint|p2a: Calyrex\n|move|p1a: Ting-Lu|Taunt|p2b: Bruxish\n|-start|p2b: Bruxish|move: Taunt\n|\n|-weather|Sandstorm|[upkeep]\n|-damage|p2b: Bruxish|95/100|[from] Sandstorm\n|upkeep\n|\n|t:|1772040571\n|switch|p2a: Ogerpon|Ogerpon-Hearthflame, L50, F|100/100\n|-ability|p2a: Ogerpon|Mold Breaker\n|turn|2\n|\n|t:|1772040580\n|switch|p2b: Miraidon|Miraidon, L50|100/100\n|-fieldstart|move: Electric Terrain|[from] ability: Hadron Engine|[of] p2b: Miraidon\n|switch|p1a: Torterra|Torterra, L50, F|100/100\n|move|p1b: Tyranitar|Protect|p1b: Tyranitar\n|-singleturn|p1b: Tyranitar|Protect\n|move|p2a: Ogerpon|Wood Hammer|p1a: Torterra\n|-damage|p1a: Torterra|44/100\n|-damage|p2a: Ogerpon|77/100|[from] Recoil\n|\n|-weather|Sandstorm|[upkeep]\n|-damage|p2a: Ogerpon|70/100|[from] Sandstorm\n|-damage|p2b: Miraidon|95/100|[from] Sandstorm\n|-heal|p1a: Torterra|50/100|[from] item: Leftovers\n|upkeep\n|turn|3\n|inactive|epicpokegamer123 has 30 seconds left.\n|\n|t:|1772040615\n|switch|p1b: Ting-Lu|Ting-Lu, L50|87/100\n|-ability|p1b: Ting-Lu|Vessel of Ruin\n|move|p2a: Ogerpon|Ivy Cudgel|p1a: Torterra|[anim] Ivy Cudgel Fire\n|-supereffective|p1a: Torterra\n|-damage|p1a: Torterra|0 fnt\n|faint|p1a: Torterra\n|move|p2b: Miraidon|Dazzling Gleam|p1b: Ting-Lu\n|-supereffective|p1b: Ting-Lu\n|-crit|p1b: Ting-Lu\n|-damage|p1b: Ting-Lu|33/100\n|\n|-weather|Sandstorm|[upkeep]\n|-damage|p2a: Ogerpon|64/100|[from] Sandstorm\n|-damage|p2b: Miraidon|89/100|[from] Sandstorm\n|upkeep\n|\n|t:|1772040630\n|switch|p1a: Giratina|Giratina, L50|100/100\n|turn|4\n|\n|t:|1772040645\n|move|p2a: Ogerpon|Wood Hammer|p1b: Ting-Lu\n|-supereffective|p1b: Ting-Lu\n|-damage|p1b: Ting-Lu|0 fnt\n|faint|p1b: Ting-Lu\n|-damage|p2a: Ogerpon|49/100|[from] Recoil\n|move|p2b: Miraidon|Electro Drift|p1a: Giratina\n|-resisted|p1a: Giratina\n|-damage|p1a: Giratina|85/100\n|move|p1a: Giratina|Dragon Pulse|p2b: Miraidon\n|-supereffective|p2b: Miraidon\n|-damage|p2b: Miraidon|25/100\n|\n|-weather|Sandstorm|[upkeep]\n|-damage|p2a: Ogerpon|42/100|[from] Sandstorm\n|-damage|p2b: Miraidon|19/100|[from] Sandstorm\n|-damage|p1a: Giratina|79/100|[from] Sandstorm\n|upkeep\n|\n|t:|1772040661\n|switch|p1b: Tyranitar|Tyranitar, L50, M|15/100\n|turn|5\n|inactive|epicpokegamer123 has 30 seconds left.\n|\n|t:|1772040692\n|switch|p2a: Bruxish|Bruxish, L50, F, shiny|95/100\n|move|p1a: Giratina|Shadow Sneak||[still]\n|cant|p2a: Bruxish|ability: Dazzling|Shadow Sneak|[of] p1a: Giratina\n|move|p2b: Miraidon|Dazzling Gleam|p1a: Giratina|[spread] p1a,p1b\n|-supereffective|p1a: Giratina\n|-supereffective|p1b: Tyranitar\n|-damage|p1a: Giratina|59/100\n|-damage|p1b: Tyranitar|0 fnt\n|faint|p1b: Tyranitar\n|\n|-weather|none\n|upkeep\n|turn|6\n|\n|t:|1772040711\n|move|p2a: Bruxish|Icy Wind|p1a: Giratina\n|-supereffective|p1a: Giratina\n|-damage|p1a: Giratina|52/100\n|-unboost|p1a: Giratina|spe|1\n|move|p2b: Miraidon|Dazzling Gleam|p1a: Giratina\n|-supereffective|p1a: Giratina\n|-damage|p1a: Giratina|22/100\n|move|p1a: Giratina|Dragon Pulse|p2b: Miraidon\n|-supereffective|p2b: Miraidon\n|-damage|p2b: Miraidon|0 fnt\n|faint|p2b: Miraidon\n|\n|-fieldend|move: Electric Terrain\n|upkeep\n|\n|t:|1772040721\n|switch|p2b: Ogerpon|Ogerpon-Hearthflame, L50, F|42/100\n|-ability|p2b: Ogerpon|Mold Breaker\n|turn|7\n|\n|t:|1772040730\n|move|p2a: Bruxish|Icy Wind|p1a: Giratina\n|-supereffective|p1a: Giratina\n|-damage|p1a: Giratina|15/100\n|-unboost|p1a: Giratina|spe|1\n|move|p2b: Ogerpon|Ivy Cudgel|p1a: Giratina|[anim] Ivy Cudgel Fire\n|-resisted|p1a: Giratina\n|-damage|p1a: Giratina|0 fnt\n|faint|p1a: Giratina\n|\n|win|jepeg\n|raw|epicpokegamer123's rating: 1304 &rarr; <strong>1279</strong><br />(-25 for losing)\n|raw|jepeg's rating: 1207 &rarr; <strong>1239</strong><br />(+32 for winning)\n|l|\u2606epicpokegamer123\n|player|p1|\n|l|\u2606jepeg\n|player|p2|\n","uploadtime":1772040876,"views":12,"formatid":"gen9vgc2026regi","rating":1239,"private":0,"password":null}