{"id":"gen9vgc2026regi-2559392303","format":"[Gen 9] VGC 2026 Reg I","players":["pokeminegod123","Highkage2"],"log":"|j|\u2606pokeminegod123\n|j|\u203dHighkage2\n|t:|1773557582\n|gametype|doubles\n|player|p1|pokeminegod123|266|1101\n|player|p2|Highkage2|doubleteam|1120\n|gen|9\n|tier|[Gen 9] VGC 2026 Reg I\n|rated|\n|rule|Species Clause: Limit one of each Pok\u00e9mon\n|rule|Item Clause: Limit 1 of each item\n|clearpoke\n|poke|p1|Ho-Oh, L50|\n|poke|p1|Necrozma-Dusk-Mane, L50|\n|poke|p1|Iron Thorns, L50|\n|poke|p1|Krookodile, L50, F|\n|poke|p1|Overqwil, L50, F|\n|poke|p1|Annihilape, L50, F|\n|poke|p2|Incineroar, L50, F|\n|poke|p2|Landorus, L50, M|\n|poke|p2|Calyrex-Ice, L50|\n|poke|p2|Miraidon, L50|\n|poke|p2|Farigiraf, L50, M|\n|poke|p2|Urshifu-*, L50, F|\n|teampreview|4\n|inactive|Battle timer is ON: inactive players will automatically lose when time's up. (requested by Highkage2)\n|inactive|pokeminegod123 has 60 seconds left.\n|\n|t:|1773557623\n|teamsize|p1|4\n|teamsize|p2|4\n|start\n|switch|p1a: Mister ok?|Overqwil, L50, F|100/100\n|switch|p1b: Bluck bluck|Ho-Oh, L50, shiny|100/100\n|switch|p2a: Miraidon|Miraidon, L50|100/100\n|switch|p2b: Farigiraf|Farigiraf, L50, M|100/100\n|-fieldstart|move: Electric Terrain|[from] ability: Hadron Engine|[of] p2a: Miraidon\n|-enditem|p2b: Farigiraf|Electric Seed\n|-boost|p2b: Farigiraf|def|1|[from] item: Electric Seed\n|-ability|p1a: Mister ok?|Intimidate|boost\n|-unboost|p2a: Miraidon|atk|1\n|-unboost|p2b: Farigiraf|atk|1\n|turn|1\n|inactive|Highkage2 has 30 seconds left.\n|\n|t:|1773557655\n|move|p2a: Miraidon|Volt Switch|p1a: Mister ok?\n|-damage|p1a: Mister ok?|0 fnt\n|faint|p1a: Mister ok?\n|\n|t:|1773557661\n|switch|p2a: Incineroar|Incineroar, L50, F|100/100|[from] Volt Switch\n|-ability|p2a: Incineroar|Intimidate|boost\n|-unboost|p1b: Bluck bluck|atk|1\n|move|p1b: Bluck bluck|Sacred Fire|p2b: Farigiraf\n|-damage|p2b: Farigiraf|82/100\n|-status|p2b: Farigiraf|brn\n|move|p2b: Farigiraf|Foul Play|p1b: Bluck bluck\n|-damage|p1b: Bluck bluck|93/100\n|\n|-heal|p1b: Bluck bluck|99/100|[from] item: Leftovers\n|-damage|p2b: Farigiraf|75/100 brn|[from] brn\n|upkeep\n|\n|t:|1773557674\n|switch|p1a: Idk?|Krookodile, L50, F|100/100\n|turn|2\n|inactive|Highkage2 has 30 seconds left.\n|\n|t:|1773557709\n|move|p2b: Farigiraf|Helping Hand|p2a: Incineroar\n|-singleturn|p2a: Incineroar|Helping Hand|[of] p2b: Farigiraf\n|move|p1a: Idk?|High Horsepower|p2a: Incineroar\n|-supereffective|p2a: Incineroar\n|-damage|p2a: Incineroar|31/100\n|move|p1b: Bluck bluck|Brave Bird|p2b: Farigiraf\n|-damage|p2b: Farigiraf|56/100 brn\n|-damage|p1b: Bluck bluck|92/100|[from] Recoil\n|move|p2a: Incineroar|Knock Off|p1b: Bluck bluck\n|-damage|p1b: Bluck bluck|43/100\n|-enditem|p1b: Bluck bluck|Leftovers|[from] move: Knock Off|[of] p2a: Incineroar\n|\n|-damage|p2b: Farigiraf|49/100 brn|[from] brn\n|upkeep\n|turn|3\n|inactive|pokeminegod123 has 30 seconds left.\n|inactive|Highkage2 has 30 seconds left.\n|\n|t:|1773557742\n|move|p1a: Idk?|Close Combat|p2b: Farigiraf\n|-damage|p2b: Farigiraf|28/100 brn\n|-unboost|p1a: Idk?|def|1\n|-unboost|p1a: Idk?|spd|1\n|move|p1b: Bluck bluck|Earthquake|p2a: Incineroar|[spread] p1a,p2a,p2b\n|-supereffective|p2a: Incineroar\n|-damage|p1a: Idk?|69/100\n|-damage|p2a: Incineroar|6/100\n|-damage|p2b: Farigiraf|20/100 brn\n|move|p2b: Farigiraf|Psychic|p1b: Bluck bluck\n|-damage|p1b: Bluck bluck|23/100\n|move|p2a: Incineroar|U-turn|p1a: Idk?\n|-supereffective|p1a: Idk?\n|-damage|p1a: Idk?|0 fnt\n|faint|p1a: Idk?\n|inactive|Highkage2 has 30 seconds left.\n|inactive|Highkage2 has 20 seconds left.\n|inactive|Highkage2 has 15 seconds left.\n|\n|t:|1773557783\n|switch|p2a: Miraidon|Miraidon, L50|100/100|[from] U-turn\n|-activate|p2a: Miraidon|ability: Hadron Engine\n|\n|-damage|p2b: Farigiraf|14/100 brn|[from] brn\n|upkeep\n|\n|t:|1773557789\n|switch|p1a: Annihilape|Annihilape, L50, F|100/100\n|turn|4\n|inactive|Highkage2 has 30 seconds left.\n|inactive|Highkage2 has 20 seconds left.\n|\n|t:|1773557828\n|move|p2a: Miraidon|Dazzling Gleam|p1a: Annihilape|[spread] p1a,p1b\n|-supereffective|p1a: Annihilape\n|-resisted|p1b: Bluck bluck\n|-damage|p1a: Annihilape|21/100\n|-damage|p1b: Bluck bluck|12/100\n|move|p1a: Annihilape|Ice Punch|p2a: Miraidon\n|-supereffective|p2a: Miraidon\n|-damage|p2a: Miraidon|48/100\n|move|p1b: Bluck bluck|Earthquake|p2b: Farigiraf|[spread] p1a,p2a,p2b\n|-supereffective|p2a: Miraidon\n|-damage|p1a: Annihilape|7/100\n|-damage|p2a: Miraidon|21/100\n|-damage|p2b: Farigiraf|5/100 brn\n|move|p2b: Farigiraf|Psychic|p1a: Annihilape\n|-supereffective|p1a: Annihilape\n|-damage|p1a: Annihilape|0 fnt\n|faint|p1a: Annihilape\n|\n|-damage|p2b: Farigiraf|0 fnt|[from] brn\n|faint|p2b: Farigiraf\n|upkeep\n|\n|t:|1773557842\n|switch|p2b: Urshifu|Urshifu-Rapid-Strike, L50, F|100/100\n|turn|5\n|inactive|pokeminegod123 has 30 seconds left.\n|\n|t:|1773557873\n|switch|p2a: Incineroar|Incineroar, L50, F|6/100\n|-ability|p2a: Incineroar|Intimidate|boost\n|-unboost|p1b: Bluck bluck|atk|1\n|-terastallize|p1b: Bluck bluck|Steel\n|move|p2b: Urshifu|Surging Strikes|p1b: Bluck bluck\n|-crit|p1b: Bluck bluck\n|-damage|p1b: Bluck bluck|0 fnt\n|faint|p1b: Bluck bluck\n|-hitcount|p1: Bluck bluck|1\n|\n|win|Highkage2\n|raw|pokeminegod123's rating: 1101 &rarr; <strong>1077</strong><br />(-24 for losing)\n|raw|Highkage2's rating: 1120 &rarr; <strong>1144</strong><br />(+24 for winning)\n|l|\u2606pokeminegod123\n|player|p1|\n","uploadtime":1773558236,"views":11,"formatid":"gen9vgc2026regi","rating":1077,"private":0,"password":null}