{"id":"gen9vgc2026regi-2566768802","format":"[Gen 9] VGC 2026 Reg I","players":["slimeslatt252","Poliwhirl100"],"log":"|j|\u2606slimeslatt252\n|j|\u2606Poliwhirl100\n|t:|1774406975\n|gametype|doubles\n|player|p1|slimeslatt252|170|1366\n|player|p2|Poliwhirl100|parasollady|1459\n|gen|9\n|tier|[Gen 9] VGC 2026 Reg I\n|rated|\n|rule|Species Clause: Limit one of each Pok\u00e9mon\n|rule|Item Clause: Limit 1 of each item\n|clearpoke\n|poke|p1|Calyrex-Shadow, L50|\n|poke|p1|Koraidon, L50|\n|poke|p1|Incineroar, L50, M|\n|poke|p1|Raging Bolt, L50|\n|poke|p1|Brute Bonnet, L50|\n|poke|p1|Landorus, L50, M|\n|poke|p2|Calyrex-Ice, L50|\n|poke|p2|Incineroar, L50, M|\n|poke|p2|Rillaboom, L50, F|\n|poke|p2|Lunala, L50|\n|poke|p2|Amoonguss, L50, F|\n|poke|p2|Exeggutor-Alola, L50, F|\n|teampreview|4\n|inactive|Battle timer is ON: inactive players will automatically lose when time's up. (requested by slimeslatt252)\nslimeslatt252 has agreed to open team sheets.\n|inactive|Poliwhirl100 has 60 seconds left.\n|\n|t:|1774407008\n|teamsize|p1|4\n|teamsize|p2|4\n|start\n|switch|p1a: Incineroar|Incineroar, L50, M|100/100\n|switch|p1b: Calyrex|Calyrex-Shadow, L50|100/100\n|switch|p2a: Lunala|Lunala, L50|100/100\n|switch|p2b: Amoonguss|Amoonguss, L50, F|100/100\n|-ability|p1b: Calyrex|As One\n|-ability|p1b: Calyrex|Unnerve\n|-ability|p1a: Incineroar|Intimidate|boost\n|-unboost|p2a: Lunala|atk|1\n|-unboost|p2b: Amoonguss|atk|1\n|turn|1\n|\n|t:|1774407019\n|-terastallize|p2a: Lunala|Dark\n|move|p1b: Calyrex|Protect|p1b: Calyrex\n|-singleturn|p1b: Calyrex|Protect\n|move|p2b: Amoonguss|Protect|p2b: Amoonguss\n|-singleturn|p2b: Amoonguss|Protect\n|move|p2a: Lunala|Meteor Beam||[still]\n|-prepare|p2a: Lunala|Meteor Beam\n|-boost|p2a: Lunala|spa|1\n|-enditem|p2a: Lunala|Power Herb\n|-anim|p2a: Lunala|Meteor Beam|p1a: Incineroar\n|-supereffective|p1a: Incineroar\n|-damage|p1a: Incineroar|0 fnt\n|faint|p1a: Incineroar\n|\n|upkeep\n|\n|t:|1774407029\n|switch|p1a: Brute Bonnet|Brute Bonnet, L50|100/100\n|turn|2\n|\n|t:|1774407042\n|move|p1b: Calyrex|Encore|p2b: Amoonguss\n|-start|p2b: Amoonguss|Encore\n|-enditem|p2b: Amoonguss|Mental Herb\n|-end|p2b: Amoonguss|Encore\n|move|p2a: Lunala|Moongeist Beam|p1b: Calyrex\n|-supereffective|p1b: Calyrex\n|-enditem|p1b: Calyrex|Focus Sash\n|-damage|p1b: Calyrex|1/100\n|move|p1a: Brute Bonnet|Spore|p2a: Lunala\n|-status|p2a: Lunala|slp|[from] move: Spore\n|move|p2b: Amoonguss|Spore|p1b: Calyrex\n|-status|p1b: Calyrex|slp|[from] move: Spore\n|\n|upkeep\n|turn|3\n|\n|t:|1774407056\n|cant|p1b: Calyrex|slp\n|move|p1a: Brute Bonnet|Seed Bomb|p2a: Lunala\n|-damage|p2a: Lunala|86/100 slp\n|move|p2b: Amoonguss|Sludge Bomb|p1b: Calyrex\n|-resisted|p1b: Calyrex\n|-damage|p1b: Calyrex|0 fnt\n|faint|p1b: Calyrex\n|cant|p2a: Lunala|slp\n|\n|upkeep\n|\n|t:|1774407059\n|switch|p1b: Koraidon|Koraidon, L50|100/100\n|-weather|SunnyDay|[from] ability: Orichalcum Pulse|[of] p1b: Koraidon\n|-activate|p1a: Brute Bonnet|ability: Protosynthesis\n|-start|p1a: Brute Bonnet|protosynthesisdef\n|-activate|p1b: Koraidon|Orichalcum Pulse|[source]\n|turn|4\n|\n|t:|1774407071\n|-terastallize|p1b: Koraidon|Fire\n|move|p2b: Amoonguss|Protect|p2b: Amoonguss\n|-singleturn|p2b: Amoonguss|Protect\n|move|p1b: Koraidon|Flare Blitz|p2b: Amoonguss\n|-activate|p2b: Amoonguss|move: Protect\n|move|p1a: Brute Bonnet|Seed Bomb|p2b: Amoonguss\n|-activate|p2b: Amoonguss|move: Protect\n|cant|p2a: Lunala|slp\n|\n|-weather|SunnyDay|[upkeep]\n|upkeep\n|turn|5\n|\n|t:|1774407082\n|switch|p2b: Incineroar|Incineroar, L50, M|100/100\n|-ability|p2b: Incineroar|Intimidate|boost\n|-unboost|p1a: Brute Bonnet|atk|1\n|-fail|p1b: Koraidon|unboost|[from] item: Clear Amulet|[of] p1b: Koraidon\n|move|p1b: Koraidon|Flare Blitz|p2b: Incineroar\n|-resisted|p2b: Incineroar\n|-damage|p2b: Incineroar|43/100\n|-damage|p1b: Koraidon|84/100|[from] item: Rocky Helmet|[of] p2b: Incineroar\n|-damage|p1b: Koraidon|64/100|[from] Recoil\n|move|p1a: Brute Bonnet|Spore|p2a: Lunala\n|-fail|p2a: Lunala|slp\n|-curestatus|p2a: Lunala|slp|[msg]\n|move|p2a: Lunala|Trick Room|p2a: Lunala\n|-fieldstart|move: Trick Room|[of] p2a: Lunala\n|\n|-weather|SunnyDay|[upkeep]\n|upkeep\n|turn|6\n|inactive|Poliwhirl100 has 30 seconds left.\n|\n|t:|1774407112\n|move|p1b: Koraidon|Protect|p1b: Koraidon\n|-singleturn|p1b: Koraidon|Protect\n|move|p1a: Brute Bonnet|Spore|p2a: Lunala\n|-status|p2a: Lunala|slp|[from] move: Spore\n|cant|p2a: Lunala|slp\n|move|p2b: Incineroar|Will-O-Wisp|p1a: Brute Bonnet\n|-status|p1a: Brute Bonnet|brn\n|\n|-weather|SunnyDay|[upkeep]\n|-damage|p1a: Brute Bonnet|95/100 brn|[from] brn\n|upkeep\n|turn|7\n|\n|t:|1774407125\n|move|p1a: Brute Bonnet|Spore|p2b: Incineroar\n|-status|p2b: Incineroar|slp|[from] move: Spore\n|-curestatus|p2a: Lunala|slp|[msg]\n|move|p2a: Lunala|Moongeist Beam|p1b: Koraidon\n|-damage|p1b: Koraidon|0 fnt\n|faint|p1b: Koraidon\n|cant|p2b: Incineroar|slp\n|\n|-weather|SunnyDay|[upkeep]\n|-damage|p1a: Brute Bonnet|89/100 brn|[from] brn\n|upkeep\n|turn|8\n|-message|slimeslatt252 forfeited.\n|\n|win|Poliwhirl100\n|raw|slimeslatt252's rating: 1366 &rarr; <strong>1351</strong><br />(-15 for losing)\n|raw|Poliwhirl100's rating: 1459 &rarr; <strong>1474</strong><br />(+15 for winning)\n|l|\u2606slimeslatt252\n|player|p1|\n|j|\u2606slimeslatt252\n|player|p1|slimeslatt252|170|\n|c|\u2606Poliwhirl100|Nice\n|c|\u2606Poliwhirl100|Gg\n","uploadtime":1774407155,"views":17,"formatid":"gen9vgc2026regi","rating":1351,"private":0,"password":null}