{"id":"gen9vgc2026regi-2526302318","format":"[Gen 9] VGC 2026 Reg I","players":["Fogdocker","hiker stahl"],"log":"|j|\u2606Fogdocker\n|j|\u2606hiker stahl\n|t:|1769393997\n|gametype|doubles\n|player|p1|Fogdocker|169|1406\n|player|p2|hiker stahl|hiker-gen4|1396\n|gen|9\n|tier|[Gen 9] VGC 2026 Reg I\n|rated|\n|rule|Species Clause: Limit one of each Pok\u00e9mon\n|rule|Item Clause: Limit 1 of each item\n|clearpoke\n|poke|p1|Koraidon, L50|\n|poke|p1|Flutter Mane, L50|\n|poke|p1|Calyrex-Ice, L50|\n|poke|p1|Incineroar, L50, M|\n|poke|p1|Rillaboom, L50, M|\n|poke|p1|Amoonguss, L50, F|\n|poke|p2|Groudon, L50|\n|poke|p2|Miraidon, L50|\n|poke|p2|Tatsugiri, L50, F|\n|poke|p2|Dondozo, L50, F|\n|poke|p2|Sneasler, L50, F|\n|poke|p2|Garganacl, L50, F|\n|teampreview|4\n|\n|t:|1769394052\n|teamsize|p1|4\n|teamsize|p2|4\n|start\n|switch|p1a: Rillaboom|Rillaboom, L50, M|100/100\n|switch|p1b: Calyrex|Calyrex-Ice, L50|100/100\n|switch|p2a: Groudon|Groudon, L50, shiny|100/100\n|switch|p2b: Garganacl|Garganacl, L50, F, shiny|100/100\n|-ability|p1b: Calyrex|As One\n|-ability|p1b: Calyrex|Unnerve\n|-weather|SunnyDay|[from] ability: Drought|[of] p2a: Groudon\n|-fieldstart|move: Grassy Terrain|[from] ability: Grassy Surge|[of] p1a: Rillaboom\n|turn|1\n|\n|t:|1769394074\n|-terastallize|p2a: Groudon|Fire\n|move|p1a: Rillaboom|Fake Out|p2a: Groudon\n|-damage|p2a: Groudon|92/100\n|cant|p2a: Groudon|flinch\n|move|p1b: Calyrex|Glacial Lance|p2a: Groudon|[spread] p2a,p2b\n|-resisted|p2a: Groudon\n|-crit|p2a: Groudon\n|-damage|p2a: Groudon|69/100\n|-damage|p2b: Garganacl|61/100\n|move|p2b: Garganacl|Stealth Rock|p1a: Rillaboom\n|-sidestart|p1: Fogdocker|move: Stealth Rock\n|\n|-weather|SunnyDay|[upkeep]\n|-heal|p2a: Groudon|74/100|[from] Grassy Terrain\n|-heal|p2b: Garganacl|67/100|[from] Grassy Terrain\n|upkeep\n|turn|2\n|\n|t:|1769394108\n|-terastallize|p1b: Calyrex|Water\n|move|p2a: Groudon|Heat Crash|p1a: Rillaboom\n|-supereffective|p1a: Rillaboom\n|-damage|p1a: Rillaboom|0 fnt\n|faint|p1a: Rillaboom\n|move|p1b: Calyrex|Glacial Lance|p2a: Groudon|[spread] p2a,p2b\n|-resisted|p2a: Groudon\n|-damage|p2a: Groudon|58/100\n|-damage|p2b: Garganacl|30/100\n|move|p2b: Garganacl|Salt Cure|p1b: Calyrex\n|-damage|p1b: Calyrex|93/100\n|-start|p1b: Calyrex|Salt Cure\n|\n|-weather|SunnyDay|[upkeep]\n|-heal|p2a: Groudon|64/100|[from] Grassy Terrain\n|-heal|p1b: Calyrex|99/100|[from] Grassy Terrain\n|-heal|p1b: Calyrex|100/100|[from] item: Leftovers\n|-heal|p2b: Garganacl|36/100|[from] Grassy Terrain\n|-damage|p1b: Calyrex|76/100|[from] Salt Cure\n|upkeep\n|\n|t:|1769394115\n|switch|p1a: Koraidon|Koraidon, L50|100/100\n|-damage|p1a: Koraidon|95/100|[from] Stealth Rock\n|-activate|p1a: Koraidon|ability: Orichalcum Pulse\n|turn|3\n|\n|t:|1769394127\n|switch|p2a: Dondozo|Dondozo, L50, F, shiny|100/100\n|switch|p2b: Tatsugiri|Tatsugiri, L50, F, shiny|100/100\n|-activate|p2b: Tatsugiri|ability: Commander|[of] p2a: Dondozo\n|-boost|p2a: Dondozo|atk|2\n|-boost|p2a: Dondozo|spa|2\n|-boost|p2a: Dondozo|spe|2\n|-boost|p2a: Dondozo|def|2\n|-boost|p2a: Dondozo|spd|2\n|move|p1a: Koraidon|Close Combat|p2a: Dondozo\n|-damage|p2a: Dondozo|61/100\n|-unboost|p1a: Koraidon|def|1\n|-unboost|p1a: Koraidon|spd|1\n|-damage|p1a: Koraidon|85/100|[from] item: Life Orb\n|move|p1b: Calyrex|Glacial Lance|p2a: Dondozo|[spread] p2a\n|-miss|p1b: Calyrex|p2b: Tatsugiri\n|-resisted|p2a: Dondozo\n|-damage|p2a: Dondozo|52/100\n|\n|-weather|SunnyDay|[upkeep]\n|-heal|p1a: Koraidon|91/100|[from] Grassy Terrain\n|-heal|p2a: Dondozo|58/100|[from] Grassy Terrain\n|-heal|p2a: Dondozo|64/100|[from] item: Leftovers\n|-heal|p1b: Calyrex|82/100|[from] Grassy Terrain\n|-heal|p1b: Calyrex|87/100|[from] item: Leftovers\n|-damage|p1b: Calyrex|63/100|[from] Salt Cure\n|upkeep\n|turn|4\n|\n|t:|1769394134\n|switch|p1a: Amoonguss|Amoonguss, L50, F|100/100\n|-damage|p1a: Amoonguss|88/100|[from] Stealth Rock\n|move|p2a: Dondozo|Order Up|p1a: Amoonguss\n|-damage|p1a: Amoonguss|52/100\n|-boost|p2a: Dondozo|atk|1\n|move|p1b: Calyrex|Leech Seed|p2a: Dondozo\n|-start|p2a: Dondozo|move: Leech Seed\n|\n|-weather|SunnyDay|[upkeep]\n|-heal|p2a: Dondozo|70/100|[from] Grassy Terrain\n|-heal|p2a: Dondozo|76/100|[from] item: Leftovers\n|-heal|p1b: Calyrex|69/100|[from] Grassy Terrain\n|-heal|p1b: Calyrex|74/100|[from] item: Leftovers\n|-heal|p1a: Amoonguss|58/100|[from] Grassy Terrain\n|-damage|p2a: Dondozo|64/100|[from] Leech Seed|[of] p1b: Calyrex\n|-heal|p1b: Calyrex|89/100|[silent]\n|-damage|p1b: Calyrex|64/100|[from] Salt Cure\n|upkeep\n|turn|5\n|\n|t:|1769394154\n|move|p1b: Calyrex|Protect|p1b: Calyrex\n|-singleturn|p1b: Calyrex|Protect\n|move|p2a: Dondozo|Order Up|p1a: Amoonguss\n|-damage|p1a: Amoonguss|16/100\n|-boost|p2a: Dondozo|atk|1\n|move|p1a: Amoonguss|Spore|p2a: Dondozo\n|-status|p2a: Dondozo|slp|[from] move: Spore\n|\n|-weather|none\n|-heal|p2a: Dondozo|70/100 slp|[from] Grassy Terrain\n|-heal|p2a: Dondozo|76/100 slp|[from] item: Leftovers\n|-heal|p1b: Calyrex|70/100|[from] Grassy Terrain\n|-heal|p1b: Calyrex|76/100|[from] item: Leftovers\n|-heal|p1a: Amoonguss|22/100|[from] Grassy Terrain\n|-damage|p2a: Dondozo|64/100 slp|[from] Leech Seed|[of] p1b: Calyrex\n|-heal|p1b: Calyrex|90/100|[silent]\n|-damage|p1b: Calyrex|66/100|[from] Salt Cure\n|-fieldend|move: Grassy Terrain\n|upkeep\n|turn|6\n|\n|t:|1769394165\n|cant|p2a: Dondozo|slp\n|move|p1a: Amoonguss|Pollen Puff|p1b: Calyrex\n|-heal|p1b: Calyrex|100/100\n|move|p1b: Calyrex|Trick Room|p1b: Calyrex\n|-fieldstart|move: Trick Room|[of] p1b: Calyrex\n|\n|-heal|p2a: Dondozo|70/100 slp|[from] item: Leftovers\n|-damage|p2a: Dondozo|58/100 slp|[from] Leech Seed|[of] p1b: Calyrex\n|-damage|p1b: Calyrex|76/100|[from] Salt Cure\n|upkeep\n|turn|7\n|\n|t:|1769394177\n|switch|p1a: Koraidon|Koraidon, L50|91/100\n|-damage|p1a: Koraidon|85/100|[from] Stealth Rock\n|-weather|SunnyDay|[from] ability: Orichalcum Pulse|[of] p1a: Koraidon\n|-activate|p1a: Koraidon|Orichalcum Pulse|[source]\n|move|p1b: Calyrex|Glacial Lance|p2a: Dondozo|[spread] p2a\n|-miss|p1b: Calyrex|p2b: Tatsugiri\n|-resisted|p2a: Dondozo\n|-damage|p2a: Dondozo|49/100 slp\n|cant|p2a: Dondozo|slp\n|\n|-weather|SunnyDay|[upkeep]\n|-heal|p1b: Calyrex|82/100|[from] item: Leftovers\n|-heal|p2a: Dondozo|56/100 slp|[from] item: Leftovers\n|-damage|p2a: Dondozo|43/100 slp|[from] Leech Seed|[of] p1b: Calyrex\n|-heal|p1b: Calyrex|96/100|[silent]\n|-damage|p1b: Calyrex|72/100|[from] Salt Cure\n|upkeep\n|turn|8\n|\n|t:|1769394202\n|switch|p1a: Amoonguss|Amoonguss, L50, F|55/100\n|-damage|p1a: Amoonguss|43/100|[from] Stealth Rock\n|move|p1b: Calyrex|Glacial Lance|p2b: Tatsugiri|[spread] p2a\n|-miss|p1b: Calyrex|p2b: Tatsugiri\n|-resisted|p2a: Dondozo\n|-damage|p2a: Dondozo|36/100 slp\n|-curestatus|p2a: Dondozo|slp|[msg]\n|move|p2a: Dondozo|Order Up|p1a: Amoonguss\n|-damage|p1a: Amoonguss|0 fnt\n|faint|p1a: Amoonguss\n|-boost|p2a: Dondozo|atk|1\n|\n|-weather|SunnyDay|[upkeep]\n|-heal|p1b: Calyrex|77/100|[from] item: Leftovers\n|-heal|p2a: Dondozo|42/100|[from] item: Leftovers\n|-damage|p2a: Dondozo|29/100|[from] Leech Seed|[of] p1b: Calyrex\n|-heal|p1b: Calyrex|92/100|[silent]\n|-damage|p1b: Calyrex|67/100|[from] Salt Cure\n|upkeep\n|\n|t:|1769394205\n|switch|p1a: Koraidon|Koraidon, L50|85/100\n|-damage|p1a: Koraidon|79/100|[from] Stealth Rock\n|-activate|p1a: Koraidon|ability: Orichalcum Pulse\n|turn|9\n|\n|t:|1769394218\n|move|p1a: Koraidon|Protect|p1a: Koraidon\n|-singleturn|p1a: Koraidon|Protect\n|move|p2a: Dondozo|Earthquake|p1b: Calyrex|[spread] p1b\n|-miss|p2a: Dondozo|p2b: Tatsugiri\n|-activate|p1a: Koraidon|move: Protect\n|-damage|p1b: Calyrex|19/100\n|move|p1b: Calyrex|Trick Room|p1b: Calyrex\n|-fieldend|move: Trick Room\n|\n|-weather|SunnyDay|[upkeep]\n|-heal|p2a: Dondozo|36/100|[from] item: Leftovers\n|-heal|p1b: Calyrex|25/100|[from] item: Leftovers\n|-damage|p2a: Dondozo|23/100|[from] Leech Seed|[of] p1b: Calyrex\n|-heal|p1b: Calyrex|40/100|[silent]\n|-damage|p1b: Calyrex|15/100|[from] Salt Cure\n|upkeep\n|turn|10\n|\n|t:|1769394234\n|move|p1a: Koraidon|Close Combat|p2a: Dondozo\n|-damage|p2a: Dondozo|0 fnt\n|-unboost|p1a: Koraidon|def|1\n|-unboost|p1a: Koraidon|spd|1\n|faint|p2a: Dondozo\n|-damage|p1a: Koraidon|70/100|[from] item: Life Orb\n|move|p1b: Calyrex|Glacial Lance|p2b: Tatsugiri\n|-enditem|p2b: Tatsugiri|Focus Sash\n|-damage|p2b: Tatsugiri|1/100\n|\n|-weather|SunnyDay|[upkeep]\n|-heal|p1b: Calyrex|21/100|[from] item: Leftovers\n|-damage|p1b: Calyrex|0 fnt|[from] Salt Cure\n|faint|p1b: Calyrex\n|upkeep\n|\n|t:|1769394240\n|switch|p2a: Garganacl|Garganacl, L50, F, shiny|36/100\n|turn|11\n|\n|t:|1769394252\n|move|p1a: Koraidon|Flame Charge|p2b: Tatsugiri\n|-resisted|p2b: Tatsugiri\n|-damage|p2b: Tatsugiri|0 fnt\n|-boost|p1a: Koraidon|spe|1\n|faint|p2b: Tatsugiri\n|-damage|p1a: Koraidon|60/100|[from] item: Life Orb\n|move|p2a: Garganacl|Salt Cure|p1a: Koraidon\n|-resisted|p1a: Koraidon\n|-damage|p1a: Koraidon|51/100\n|-start|p1a: Koraidon|Salt Cure\n|\n|-weather|none\n|-damage|p1a: Koraidon|39/100|[from] Salt Cure\n|upkeep\n|\n|t:|1769394255\n|switch|p2b: Groudon|Groudon, L50, shiny, tera:Fire|64/100\n|-weather|SunnyDay|[from] ability: Drought|[of] p2b: Groudon\n|turn|12\n|\n|t:|1769394265\n|move|p1a: Koraidon|Close Combat|p2b: Groudon\n|-damage|p2b: Groudon|0 fnt\n|-unboost|p1a: Koraidon|def|1\n|-unboost|p1a: Koraidon|spd|1\n|faint|p2b: Groudon\n|-damage|p1a: Koraidon|30/100|[from] item: Life Orb\n|move|p2a: Garganacl|Salt Cure|p1a: Koraidon\n|-resisted|p1a: Koraidon\n|-damage|p1a: Koraidon|16/100\n|\n|-weather|SunnyDay|[upkeep]\n|-damage|p1a: Koraidon|4/100|[from] Salt Cure\n|upkeep\n|turn|13\n|\n|t:|1769394275\n|move|p1a: Koraidon|Close Combat|p2a: Garganacl\n|-supereffective|p2a: Garganacl\n|-damage|p2a: Garganacl|0 fnt\n|-unboost|p1a: Koraidon|def|1\n|-unboost|p1a: Koraidon|spd|1\n|-damage|p1a: Koraidon|0 fnt|[from] item: Rocky Helmet|[of] p2a: Garganacl\n|faint|p2a: Garganacl\n|faint|p1a: Koraidon\n|\n|win|Fogdocker\n|raw|Fogdocker's rating: 1406 &rarr; <strong>1425</strong><br />(+19 for winning)\n|raw|hiker stahl's rating: 1396 &rarr; <strong>1377</strong><br />(-19 for losing)\n|l|\u2606hiker stahl\n|player|p2|\n|l|\u2606Fogdocker\n|player|p1|\n","uploadtime":1769394497,"views":20,"formatid":"gen9vgc2026regi","rating":1377,"private":0,"password":null}