{"id":"gen9vgc2026regi-2520262599","format":"[Gen 9] VGC 2026 Reg I","players":["infinitygroudon","ScribbleScribble"],"log":"|j|\u2606infinitygroudon\n|j|\u2606ScribbleScribble\n|t:|1768605734\n|gametype|doubles\n|player|p1|infinitygroudon|101|1390\n|player|p2|ScribbleScribble|mina-lgpe|1485\n|gen|9\n|tier|[Gen 9] VGC 2026 Reg I\n|rated|\n|rule|Species Clause: Limit one of each Pok\u00e9mon\n|rule|Item Clause: Limit 1 of each item\n|clearpoke\n|poke|p1|Kyogre, L50|\n|poke|p1|Palkia-Origin, L50|\n|poke|p1|Farigiraf, L50, M|\n|poke|p1|Archaludon, L50, M|\n|poke|p1|Iron Jugulis, L50|\n|poke|p1|Raging Bolt, L50|\n|poke|p2|Calyrex-Ice, L50|\n|poke|p2|Kyogre, L50|\n|poke|p2|Tornadus, L50, M|\n|poke|p2|Indeedee-F, L50, F|\n|poke|p2|Landorus, L50, M|\n|poke|p2|Urshifu-*, L50, F|\n|teampreview|4\n|inactive|Battle timer is ON: inactive players will automatically lose when time's up. (requested by ScribbleScribble)\n|inactive|ScribbleScribble has 60 seconds left.\n|\n|t:|1768605775\n|teamsize|p1|4\n|teamsize|p2|4\n|start\n|switch|p1a: Secretariat|Palkia-Origin, L50|100/100\n|switch|p1b: Jorris|Iron Jugulis, L50|100/100\n|switch|p2a: Kyogre|Kyogre, L50|100/100\n|switch|p2b: Tornadus|Tornadus, L50, M|100/100\n|-ability|p1a: Secretariat|Pressure\n|-weather|RainDance|[from] ability: Drizzle|[of] p2a: Kyogre\n|-enditem|p1b: Jorris|Booster Energy\n|-activate|p1b: Jorris|ability: Quark Drive|[fromitem]\n|-start|p1b: Jorris|quarkdrivespe\n|turn|1\n|\n|t:|1768605791\n|move|p2b: Tornadus|Tailwind|p2b: Tornadus\n|-sidestart|p2: ScribbleScribble|move: Tailwind\n|move|p2a: Kyogre|Water Spout|p1b: Jorris|[spread] p1a,p1b\n|-resisted|p1a: Secretariat\n|-damage|p1a: Secretariat|76/100\n|-damage|p1b: Jorris|0 fnt\n|faint|p1b: Jorris\n|-end|p1b: Jorris|Quark Drive|[silent]\n|move|p1a: Secretariat|Spacial Rend|p2a: Kyogre\n|-damage|p2a: Kyogre|57/100\n|\n|-weather|RainDance|[upkeep]\n|upkeep\n|\n|t:|1768605797\n|switch|p1b: Archibald|Archaludon, L50, M, shiny|100/100\n|turn|2\n|\n|t:|1768605804\n|move|p2b: Tornadus|Bleakwind Storm|p1a: Secretariat|[spread] p1a,p1b\n|-resisted|p1b: Archibald\n|-damage|p1a: Secretariat|47/100\n|-damage|p1b: Archibald|85/100\n|-ability|p1b: Archibald|Stamina|boost\n|-boost|p1b: Archibald|def|1\n|move|p2a: Kyogre|Thunder|p1a: Secretariat\n|-damage|p1a: Secretariat|15/100\n|move|p1a: Secretariat|Spacial Rend|p2b: Tornadus\n|-damage|p2b: Tornadus|24/100\n|move|p1b: Archibald|Electro Shot||[still]\n|-prepare|p1b: Archibald|Electro Shot\n|-boost|p1b: Archibald|spa|1\n|-anim|p1b: Archibald|Electro Shot|p2a: Kyogre\n|-supereffective|p2a: Kyogre\n|-damage|p2a: Kyogre|0 fnt\n|faint|p2a: Kyogre\n|\n|-weather|RainDance|[upkeep]\n|upkeep\n|\n|t:|1768605807\n|switch|p2a: Landorus|Landorus, L50, M|100/100\n|turn|3\n|\n|t:|1768605818\n|-terastallize|p1b: Archibald|Fairy\n|move|p1a: Secretariat|Protect|p1a: Secretariat\n|-singleturn|p1a: Secretariat|Protect\n|move|p2b: Tornadus|Bleakwind Storm|p1b: Archibald|[spread] p1b\n|-activate|p1a: Secretariat|move: Protect\n|-damage|p1b: Archibald|52/100\n|-ability|p1b: Archibald|Stamina|boost\n|-boost|p1b: Archibald|def|1\n|move|p2a: Landorus|Sandsear Storm|p1a: Secretariat|[spread] p1b\n|-activate|p1a: Secretariat|move: Protect\n|-damage|p1b: Archibald|0 fnt\n|faint|p1b: Archibald\n|\n|-weather|RainDance|[upkeep]\n|upkeep\n|\n|t:|1768605821\n|switch|p1b: Piratebeard|Kyogre, L50|100/100\n|turn|4\n|\n|t:|1768605828\n|move|p1a: Secretariat|Protect||[still]\n|-fail|p1a: Secretariat\n|move|p2b: Tornadus|Bleakwind Storm|p1b: Piratebeard|[spread] p1a,p1b\n|-damage|p1a: Secretariat|0 fnt\n|-damage|p1b: Piratebeard|72/100\n|-unboost|p1b: Piratebeard|spe|1\n|faint|p1a: Secretariat\n|move|p2a: Landorus|Sandsear Storm|p1b: Piratebeard\n|-damage|p1b: Piratebeard|7/100\n|move|p1b: Piratebeard|Origin Pulse|p2b: Tornadus|[spread] p2a,p2b\n|-supereffective|p2a: Landorus\n|-damage|p2a: Landorus|0 fnt\n|-damage|p2b: Tornadus|0 fnt\n|faint|p2a: Landorus\n|faint|p2b: Tornadus\n|\n|-weather|RainDance|[upkeep]\n|-sideend|p2: ScribbleScribble|move: Tailwind\n|upkeep\n|\n|t:|1768605834\n|switch|p2b: Calyrex|Calyrex-Ice, L50|100/100\n|-ability|p2b: Calyrex|As One\n|-ability|p2b: Calyrex|Unnerve\n|turn|5\n|\n|t:|1768605836\n|-terastallize|p2b: Calyrex|Grass\n|move|p1b: Piratebeard|Origin Pulse|p2b: Calyrex\n|-resisted|p2b: Calyrex\n|-damage|p2b: Calyrex|62/100\n|move|p2b: Calyrex|Seed Bomb|p1b: Piratebeard\n|-supereffective|p1b: Piratebeard\n|-damage|p1b: Piratebeard|0 fnt\n|faint|p1b: Piratebeard\n|\n|win|ScribbleScribble\n|raw|infinitygroudon's rating: 1390 &rarr; <strong>1375</strong><br />(-15 for losing)\n|raw|ScribbleScribble's rating: 1485 &rarr; <strong>1500</strong><br />(+15 for winning)\n|l|\u2606infinitygroudon\n|player|p1|\n|l|\u2606ScribbleScribble\n|player|p2|\n","uploadtime":1768606043,"views":17,"formatid":"gen9vgc2026regi","rating":1375,"private":0,"password":null}