{"id":"gen9vgc2026regi-2523212754","format":"[Gen 9] VGC 2026 Reg I","players":["hegelian anprim","BOMAtheFireEnjoyer"],"log":"|j|\u2606hegelian anprim\n|j|\u2606BOMAtheFireEnjoyer\n|t:|1769003969\n|gametype|doubles\n|player|p1|hegelian anprim|hilbert|1135\n|player|p2|BOMAtheFireEnjoyer|266|1123\n|gen|9\n|tier|[Gen 9] VGC 2026 Reg I\n|rated|\n|rule|Species Clause: Limit one of each Pok\u00e9mon\n|rule|Item Clause: Limit 1 of each item\n|clearpoke\n|poke|p1|Luxray, L50, M|\n|poke|p1|Flutter Mane, L50|\n|poke|p1|Miraidon, L50|\n|poke|p1|Calyrex-Shadow, L50|\n|poke|p1|Hatterene, L50, F|\n|poke|p1|Incineroar, L50, F|\n|poke|p2|Reshiram, L50|\n|poke|p2|Groudon, L50|\n|poke|p2|Walking Wake, L50|\n|poke|p2|Iron Hands, L50|\n|poke|p2|Farigiraf, L50, F|\n|poke|p2|Whimsicott, L50, F|\n|teampreview|4\n|inactive|Battle timer is ON: inactive players will automatically lose when time's up. (requested by hegelian anprim)\n|\n|t:|1769004000\n|teamsize|p1|4\n|teamsize|p2|4\n|start\n|switch|p1a: Incineroar|Incineroar, L50, F|100/100\n|switch|p1b: Luxray|Luxray, L50, M|100/100\n|switch|p2a: Reshiram|Reshiram, L50|100/100\n|switch|p2b: Whimsicott|Whimsicott, L50, F|100/100\n|-ability|p2a: Reshiram|Turboblaze\n|-ability|p1a: Incineroar|Intimidate|boost\n|-unboost|p2a: Reshiram|atk|1\n|-unboost|p2b: Whimsicott|atk|1\n|turn|1\n|\n|t:|1769004018\n|switch|p2b: Farigiraf|Farigiraf, L50, F|100/100\n|move|p1b: Luxray|Protect|p1b: Luxray\n|-singleturn|p1b: Luxray|Protect\n|move|p1a: Incineroar|Fake Out||[still]\n|cant|p2b: Farigiraf|ability: Armor Tail|Fake Out|[of] p1a: Incineroar\n|move|p2a: Reshiram|Blue Flare|p1b: Luxray\n|-activate|p1b: Luxray|move: Protect\n|\n|-status|p1b: Luxray|brn|[from] item: Flame Orb\n|upkeep\n|turn|2\n|\n|t:|1769004039\n|switch|p2a: Groudon|Groudon, L50|100/100\n|-weather|SunnyDay|[from] ability: Drought|[of] p2a: Groudon\n|move|p1a: Incineroar|Knock Off|p2b: Farigiraf\n|-supereffective|p2b: Farigiraf\n|-damage|p2b: Farigiraf|12/100\n|-enditem|p2b: Farigiraf|Throat Spray|[from] move: Knock Off|[of] p1a: Incineroar\n|move|p2b: Farigiraf|Hyper Voice|p1a: Incineroar|[spread] p1a,p1b\n|-damage|p1a: Incineroar|74/100\n|-damage|p1b: Luxray|62/100 brn\n|move|p1b: Luxray|Facade|p2a: Groudon\n|-damage|p2a: Groudon|46/100\n|\n|-weather|SunnyDay|[upkeep]\n|-damage|p1b: Luxray|56/100 brn|[from] brn\n|upkeep\n|turn|3\n|inactive|hegelian anprim has 30 seconds left.\n|\n|t:|1769004070\n|-terastallize|p1b: Luxray|Grass\n|move|p2b: Farigiraf|Helping Hand|p2a: Groudon\n|-singleturn|p2a: Groudon|Helping Hand|[of] p2b: Farigiraf\n|move|p2a: Groudon|Precipice Blades|p1a: Incineroar|[spread] p1a,p1b\n|-supereffective|p1a: Incineroar\n|-resisted|p1b: Luxray\n|-damage|p1a: Incineroar|0 fnt\n|-damage|p1b: Luxray|12/100 brn\n|faint|p1a: Incineroar\n|move|p1b: Luxray|Facade|p2a: Groudon\n|-damage|p2a: Groudon|0 fnt\n|faint|p2a: Groudon\n|\n|-weather|SunnyDay|[upkeep]\n|-damage|p1b: Luxray|6/100 brn|[from] brn\n|upkeep\n|\n|t:|1769004087\n|switch|p2a: Whimsicott|Whimsicott, L50, F|100/100\n|switch|p1a: Miraidon|Miraidon, L50|100/100\n|-fieldstart|move: Electric Terrain|[from] ability: Hadron Engine|[of] p1a: Miraidon\n|turn|4\n|\n|t:|1769004110\n|move|p2a: Whimsicott|Tailwind|p2a: Whimsicott\n|-sidestart|p2: BOMAtheFireEnjoyer|move: Tailwind\n|move|p1a: Miraidon|Electro Drift|p2a: Whimsicott\n|-resisted|p2a: Whimsicott\n|-enditem|p2a: Whimsicott|Focus Sash\n|-damage|p2a: Whimsicott|1/100\n|move|p2b: Farigiraf|Hyper Voice|p1a: Miraidon|[spread] p1a,p1b\n|-damage|p1a: Miraidon|73/100\n|-damage|p1b: Luxray|0 fnt\n|faint|p1b: Luxray\n|\n|-weather|SunnyDay|[upkeep]\n|upkeep\n|\n|t:|1769004120\n|switch|p1b: Hatterene|Hatterene, L50, F|100/100\n|turn|5\n|\n|t:|1769004131\n|move|p2b: Farigiraf|Helping Hand|p2a: Whimsicott\n|-singleturn|p2a: Whimsicott|Helping Hand|[of] p2b: Farigiraf\n|move|p2a: Whimsicott|Moonblast|p1a: Miraidon\n|-supereffective|p1a: Miraidon\n|-damage|p1a: Miraidon|0 fnt\n|faint|p1a: Miraidon\n|move|p1b: Hatterene|Dazzling Gleam|p2b: Farigiraf|[spread] p2a,p2b\n|-damage|p2a: Whimsicott|0 fnt\n|-damage|p2b: Farigiraf|0 fnt\n|faint|p2a: Whimsicott\n|faint|p2b: Farigiraf\n|-damage|p1b: Hatterene|91/100|[from] item: Life Orb\n|\n|-weather|SunnyDay|[upkeep]\n|upkeep\n|\n|t:|1769004134\n|switch|p2b: Reshiram|Reshiram, L50|100/100\n|-ability|p2b: Reshiram|Turboblaze\n|turn|6\n|\n|t:|1769004142\n|-terastallize|p2b: Reshiram|Fire\n|move|p2b: Reshiram|Blue Flare|p1b: Hatterene\n|-damage|p1b: Hatterene|0 fnt\n|faint|p1b: Hatterene\n|\n|win|BOMAtheFireEnjoyer\n|raw|hegelian anprim's rating: 1135 &rarr; <strong>1109</strong><br />(-26 for losing)\n|raw|BOMAtheFireEnjoyer's rating: 1123 &rarr; <strong>1149</strong><br />(+26 for winning)\n|l|\u2606hegelian anprim\n|player|p1|\n|l|\u2606BOMAtheFireEnjoyer\n|player|p2|\n","uploadtime":1769004520,"views":13,"formatid":"gen9vgc2026regi","rating":1109,"private":0,"password":null}