{"id":"gen9vgc2026regi-2568709123","format":"[Gen 9] VGC 2026 Reg I","players":["elychee267","SeaWolfMikes"],"log":"|j|\u2606elychee267\n|j|\u2606SeaWolfMikes\n|t:|1774616232\n|gametype|doubles\n|player|p1|elychee267|kieran|\n|player|p2|SeaWolfMikes|policeman-gen4|\n|gen|9\n|tier|[Gen 9] VGC 2026 Reg I\n|rated|Tournament battle\n|rule|Species Clause: Limit one of each Pok\u00e9mon\n|rule|Item Clause: Limit 1 of each item\n|raw|<div class=\"infobox\"><details class=\"readmore\" open><summary><strong>3 custom rules:</strong></summary> Open Team Sheets, Force Open Team Sheets, !Open Team Sheets</details></div>\n|clearpoke\n|poke|p1|Lunala, L50|\n|poke|p1|Indeedee-F, L50, F|\n|poke|p1|Incineroar, L50, M|\n|poke|p1|Koraidon, L50|\n|poke|p1|Ursaluna, L50, F|\n|poke|p1|Flutter Mane, L50|\n|poke|p2|Flutter Mane, L50|\n|poke|p2|Koraidon, L50|\n|poke|p2|Chi-Yu, L50|\n|poke|p2|Brute Bonnet, L50|\n|poke|p2|Lunala, L50|\n|poke|p2|Ursaluna, L50, M|\n|teampreview|4\n|showteam|p1|Lunala||Leftovers|ShadowShield|MoongeistBeam,ExpandingForce,WideGuard,TrickRoom||||||50|,,,,,Water]Indeedee-F||SafetyGoggles|PsychicSurge|TrickRoom,HelpingHand,FollowMe,DazzlingGleam|||F|||50|,,,,,Fairy]Incineroar||AssaultVest|Intimidate|FakeOut,FlareBlitz,KnockOff,Uturn|||M|||50|,,,,,Ghost]Koraidon||LifeOrb|OrichalcumPulse|CloseCombat,Protect,FlareBlitz,FlameCharge||||||50|,,,,,Fire]Ursaluna||FlameOrb|Guts|Facade,Earthquake,HeadlongRush,Protect|||F|||50|,,,,,Ghost]Flutter Mane||FocusSash|Protosynthesis|Moonblast,IcyWind,Protect,Taunt||||||50|,,,,,Normal\n|showteam|p2|Flutter Mane||FocusSash|Protosynthesis|Moonblast,ShadowBall,IcyWind,Protect||||||50|,,,,,Stellar]Koraidon||LifeOrb|OrichalcumPulse|CloseCombat,FlareBlitz,FlameCharge,Protect||||||50|,,,,,Fire]Chi-Yu||ChoiceScarf|BeadsofRuin|HeatWave,DarkPulse,Overheat,Snarl||||||50|,,,,,Ghost]Brute Bonnet||SitrusBerry|Protosynthesis|SeedBomb,SuckerPunch,Spore,RagePowder||||||50|,,,,,Water]Lunala||PowerHerb|ShadowShield|MoongeistBeam,MeteorBeam,WideGuard,TrickRoom||||||50|,,,,,Water]Ursaluna||FlameOrb|Guts|Facade,HeadlongRush,Earthquake,Protect|||M|||50|,,,,,Ghost\n|inactive|Battle timer is ON: inactive players will automatically lose when time's up. (requested by elychee267)\n|j| mysticmarshtomp\n|j| Billlmads\n|inactive|elychee267 has 60 seconds left.\n|\n|t:|1774616281\n|teamsize|p1|4\n|teamsize|p2|4\n|start\n|switch|p1a: Koraidon|Koraidon, L50|100/100\n|switch|p1b: Flutter Mane|Flutter Mane, L50, shiny|100/100\n|switch|p2a: Brute Bonnet|Brute Bonnet, L50|100/100\n|switch|p2b: Koraidon|Koraidon, L50|100/100\n|-weather|SunnyDay|[from] ability: Orichalcum Pulse|[of] p1a: Koraidon\n|-activate|p1b: Flutter Mane|ability: Protosynthesis\n|-start|p1b: Flutter Mane|protosynthesisspe\n|-activate|p2a: Brute Bonnet|ability: Protosynthesis\n|-start|p2a: Brute Bonnet|protosynthesisdef\n|-activate|p1a: Koraidon|Orichalcum Pulse|[source]\n|-activate|p2b: Koraidon|ability: Orichalcum Pulse\n|turn|1\n|\n|t:|1774616293\n|-terastallize|p2a: Brute Bonnet|Water\n|move|p1a: Koraidon|Protect|p1a: Koraidon\n|-singleturn|p1a: Koraidon|Protect\n|move|p1b: Flutter Mane|Taunt|p2a: Brute Bonnet\n|-start|p2a: Brute Bonnet|move: Taunt\n|move|p2b: Koraidon|Flame Charge|p1b: Flutter Mane\n|-enditem|p1b: Flutter Mane|Focus Sash\n|-damage|p1b: Flutter Mane|1/100\n|-boost|p2b: Koraidon|spe|1\n|-damage|p2b: Koraidon|91/100|[from] item: Life Orb\n|move|p2a: Brute Bonnet|Seed Bomb|p1b: Flutter Mane\n|-damage|p1b: Flutter Mane|0 fnt\n|faint|p1b: Flutter Mane\n|-end|p1b: Flutter Mane|Protosynthesis|[silent]\n|\n|-weather|SunnyDay|[upkeep]\n|upkeep\n|\n|t:|1774616310\n|switch|p1b: Lunala|Lunala, L50|100/100\n|turn|2\n|\n|t:|1774616332\n|move|p2a: Brute Bonnet|Sucker Punch|p1a: Koraidon\n|-resisted|p1a: Koraidon\n|-damage|p1a: Koraidon|87/100\n|move|p2b: Koraidon|Close Combat|p1a: Koraidon\n|-damage|p1a: Koraidon|0 fnt\n|-unboost|p2b: Koraidon|def|1\n|-unboost|p2b: Koraidon|spd|1\n|faint|p1a: Koraidon\n|-damage|p2b: Koraidon|81/100|[from] item: Life Orb\n|move|p1b: Lunala|Expanding Force|p2b: Koraidon\n|-supereffective|p2b: Koraidon\n|-damage|p2b: Koraidon|0 fnt\n|faint|p2b: Koraidon\n|\n|-weather|SunnyDay|[upkeep]\n|upkeep\n|\n|t:|1774616344\n|switch|p1a: Ursaluna|Ursaluna, L50, F|100/100\n|switch|p2b: Chi-Yu|Chi-Yu, L50|100/100\n|-ability|p2b: Chi-Yu|Beads of Ruin\n|turn|3\n|\n|t:|1774616358\n|-terastallize|p1b: Lunala|Water\n|move|p1a: Ursaluna|Protect|p1a: Ursaluna\n|-singleturn|p1a: Ursaluna|Protect\n|move|p2b: Chi-Yu|Dark Pulse|p1b: Lunala\n|-damage|p1b: Lunala|80/100\n|move|p2a: Brute Bonnet|Seed Bomb|p1b: Lunala\n|-supereffective|p1b: Lunala\n|-damage|p1b: Lunala|33/100\n|move|p1b: Lunala|Trick Room|p1b: Lunala\n|-fieldstart|move: Trick Room|[of] p1b: Lunala\n|\n|-weather|SunnyDay|[upkeep]\n|-heal|p1b: Lunala|39/100|[from] item: Leftovers\n|-end|p2a: Brute Bonnet|move: Taunt\n|-status|p1a: Ursaluna|brn|[from] item: Flame Orb\n|upkeep\n|turn|4\n|inactive|elychee267 has 30 seconds left.\n|\n|t:|1774616385\n|move|p1b: Lunala|Wide Guard|p1b: Lunala\n|-singleturn|p1b: Lunala|Wide Guard\n|move|p1a: Ursaluna|Earthquake|p2b: Chi-Yu|[spread] p2a,p2b\n|-activate|p1b: Lunala|move: Wide Guard\n|-supereffective|p2b: Chi-Yu\n|-damage|p2a: Brute Bonnet|69/100\n|-damage|p2b: Chi-Yu|0 fnt\n|faint|p2b: Chi-Yu\n|move|p2a: Brute Bonnet|Seed Bomb|p1b: Lunala\n|-supereffective|p1b: Lunala\n|-damage|p1b: Lunala|0 fnt\n|faint|p1b: Lunala\n|\n|-weather|SunnyDay|[upkeep]\n|-damage|p1a: Ursaluna|95/100 brn|[from] brn\n|upkeep\n|\n|t:|1774616389\n|switch|p2b: Flutter Mane|Flutter Mane, L50|100/100\n|-activate|p2b: Flutter Mane|ability: Protosynthesis\n|-start|p2b: Flutter Mane|protosynthesisspe\n|turn|5\n|\n|t:|1774616403\n|move|p2b: Flutter Mane|Protect|p2b: Flutter Mane\n|-singleturn|p2b: Flutter Mane|Protect\n|move|p2a: Brute Bonnet|Sucker Punch|p1a: Ursaluna\n|-damage|p1a: Ursaluna|73/100 brn\n|move|p1a: Ursaluna|Facade|p2a: Brute Bonnet\n|-damage|p2a: Brute Bonnet|7/100\n|-enditem|p2a: Brute Bonnet|Sitrus Berry|[eat]\n|-heal|p2a: Brute Bonnet|32/100|[from] item: Sitrus Berry\n|\n|-weather|none\n|-end|p2a: Brute Bonnet|Protosynthesis\n|-end|p2b: Flutter Mane|Protosynthesis\n|-damage|p1a: Ursaluna|67/100 brn|[from] brn\n|upkeep\n|turn|6\n|\n|t:|1774616411\n|move|p2a: Brute Bonnet|Sucker Punch|p1a: Ursaluna\n|-damage|p1a: Ursaluna|44/100 brn\n|move|p1a: Ursaluna|Earthquake|p2a: Brute Bonnet|[spread] p2a,p2b\n|-damage|p2a: Brute Bonnet|0 fnt\n|-enditem|p2b: Flutter Mane|Focus Sash\n|-damage|p2b: Flutter Mane|1/100\n|faint|p2a: Brute Bonnet\n|-end|p2a: Brute Bonnet|Protosynthesis|[silent]\n|move|p2b: Flutter Mane|Moonblast|p1a: Ursaluna\n|-damage|p1a: Ursaluna|0 fnt\n|faint|p1a: Ursaluna\n|\n|win|SeaWolfMikes\n|n|\u2606elychee267|elychee267\n|n|\u2606SeaWolfMikes|seawolfmikes\n|n| mysticmarshtomp|mysticmarshtomp\n|n| Billlmads|billlmads\n|l|\u2606SeaWolfMikes\n|player|p2|\n|c|\u2606elychee267|gg\n|l|\u2606elychee267\n|player|p1|\n","uploadtime":1774616464,"views":23,"formatid":"gen9vgc2026regi","rating":null,"private":0,"password":null}