{"id":"gen9vgc2026regi-2516482285","format":"[Gen 9] VGC 2026 Reg I","players":["hello343","liam.2025"],"log":"|j|\u2606hello343\n|j|\u2606liam.2025\n|t:|1768146946\n|gametype|doubles\n|player|p1|hello343|lucas|1186\n|player|p2|liam.2025|policeman|1249\n|gen|9\n|tier|[Gen 9] VGC 2026 Reg I\n|rated|\n|rule|Species Clause: Limit one of each Pok\u00e9mon\n|rule|Item Clause: Limit 1 of each item\n|clearpoke\n|poke|p1|Koraidon, L50|\n|poke|p1|Lilligant-Hisui, L50, F|\n|poke|p1|Miraidon, L50|\n|poke|p1|Sableye, L50, M|\n|poke|p1|Grimmsnarl, L50, M|\n|poke|p1|Iron Hands, L50|\n|poke|p2|Murkrow, L50, F|\n|poke|p2|Weezing-Galar, L50, F|\n|poke|p2|Terapagos, L50, M|\n|poke|p2|Smeargle, L50, F|\n|poke|p2|Calyrex-Ice, L50|\n|poke|p2|Ursaluna, L50, M|\n|teampreview|4\n|\n|t:|1768146958\n|teamsize|p1|4\n|teamsize|p2|4\n|start\n|switch|p1a: Koraidon|Koraidon, L50|100/100\n|switch|p1b: Sableye|Sableye, L50, M|100/100\n|switch|p2a: Murkrow|Murkrow, L50, F|100/100\n|switch|p2b: Weezing|Weezing-Galar, L50, F|100/100\n|-ability|p2b: Weezing|Neutralizing Gas\n|-block|p2a: Murkrow|item: Ability Shield\n|turn|1\n|inactive|Battle timer is ON: inactive players will automatically lose when time's up. (requested by liam.2025)\n|\n|t:|1768146987\n|-terastallize|p1a: Koraidon|Fire\n|move|p2a: Murkrow|Protect|p2a: Murkrow\n|-singleturn|p2a: Murkrow|Protect\n|move|p2b: Weezing|Protect|p2b: Weezing\n|-singleturn|p2b: Weezing|Protect\n|move|p1a: Koraidon|Flare Blitz|p2a: Murkrow\n|-activate|p2a: Murkrow|move: Protect\n|move|p1b: Sableye|Will-O-Wisp|p2b: Weezing\n|-activate|p2b: Weezing|move: Protect\n|\n|upkeep\n|turn|2\n|\n|t:|1768147002\n|move|p1b: Sableye|Protect|p1b: Sableye\n|-singleturn|p1b: Sableye|Protect\n|move|p2a: Murkrow|Tailwind|p2a: Murkrow\n|-sidestart|p2: liam.2025|move: Tailwind\n|move|p2b: Weezing|Misty Explosion|p1a: Koraidon|[spread] p2a,p1a\n|-activate|p1b: Sableye|move: Protect\n|-supereffective|p2a: Murkrow\n|-resisted|p1a: Koraidon\n|-damage|p2a: Murkrow|0 fnt\n|-damage|p1a: Koraidon|79/100\n|faint|p2b: Weezing\n|-end|p2b: Weezing|ability: Neutralizing Gas\n|-weather|SunnyDay|[from] ability: Orichalcum Pulse|[of] p1a: Koraidon\n|-activate|p1a: Koraidon|Orichalcum Pulse|[source]\n|faint|p2a: Murkrow\n|move|p1a: Koraidon|Flare Blitz|p2: Murkrow|[notarget]\n|-fail|p1a: Koraidon\n|\n|-weather|SunnyDay|[upkeep]\n|upkeep\n|\n|t:|1768147016\n|switch|p2b: Smeargle|Smeargle, L50, F|100/100\n|switch|p2a: Terapagos|Terapagos, L50, M|100/100\n|-activate|p2a: Terapagos|ability: Tera Shift\n|detailschange|p2a: Terapagos|Terapagos-Terastal, L50, M\n|-heal|p2a: Terapagos|100/100|[silent]\n|turn|3\n|\n|t:|1768147038\n|-terastallize|p2a: Terapagos|Stellar\n|detailschange|p2a: Terapagos|Terapagos-Stellar, L50, M, tera:Stellar\n|-heal|p2a: Terapagos|100/100|[silent]\n|-ability|p2a: Terapagos|Teraform Zero\n|-weather|none\n|move|p1b: Sableye|Will-O-Wisp|p2b: Smeargle\n|-status|p2b: Smeargle|brn\n|move|p2b: Smeargle|Decorate|p2a: Terapagos\n|-boost|p2a: Terapagos|atk|2\n|-boost|p2a: Terapagos|spa|2\n|move|p2a: Terapagos|Tera Starstorm|p1b: Sableye|[spread] p1a,p1b\n|-supereffective|p1a: Koraidon\n|-crit|p1a: Koraidon\n|-damage|p1a: Koraidon|0 fnt\n|-damage|p1b: Sableye|0 fnt\n|faint|p1a: Koraidon\n|faint|p1b: Sableye\n|\n|-damage|p2b: Smeargle|94/100 brn|[from] brn\n|upkeep\n|\n|t:|1768147056\n|switch|p1a: Miraidon|Miraidon, L50|100/100\n|switch|p1b: Iron Hands|Iron Hands, L50|100/100\n|-fieldstart|move: Electric Terrain|[from] ability: Hadron Engine|[of] p1a: Miraidon\n|-activate|p1b: Iron Hands|ability: Quark Drive\n|-start|p1b: Iron Hands|quarkdriveatk\n|turn|4\n|\n|t:|1768147067\n|move|p2b: Smeargle|Quick Guard|p2b: Smeargle\n|-singleturn|p2b: Smeargle|Quick Guard\n|move|p1b: Iron Hands|Fake Out|p2b: Smeargle\n|-activate|p2b: Smeargle|move: Quick Guard\n|move|p2a: Terapagos|Tera Starstorm|p1a: Miraidon|[spread] p1a,p1b\n|-damage|p1a: Miraidon|0 fnt\n|-damage|p1b: Iron Hands|22/100\n|faint|p1a: Miraidon\n|\n|-damage|p2b: Smeargle|88/100 brn|[from] brn\n|upkeep\n|turn|5\n|c|\u2606liam.2025|gg\n|-message|hello343 forfeited.\n|\n|win|liam.2025\n|raw|hello343's rating: 1186 &rarr; <strong>1165</strong><br />(-21 for losing)\n|raw|liam.2025's rating: 1249 &rarr; <strong>1270</strong><br />(+21 for winning)\n|l|\u2606hello343\n|player|p1|\n","uploadtime":1768147239,"views":15,"formatid":"gen9vgc2026regi","rating":1165,"private":0,"password":null}