{"id":"gen9vgc2026regi-2564650981","format":"[Gen 9] VGC 2026 Reg I","players":["ricepresident666","blackred123"],"log":"|j|\u2606ricepresident666\n|j|\u2606blackred123\n|t:|1774181116\n|gametype|doubles\n|player|p1|ricepresident666|gambler|1369\n|player|p2|blackred123|iono-masters|1344\n|gen|9\n|tier|[Gen 9] VGC 2026 Reg I\n|rated|\n|rule|Species Clause: Limit one of each Pok\u00e9mon\n|rule|Item Clause: Limit 1 of each item\n|clearpoke\n|poke|p1|Brute Bonnet, L50|\n|poke|p1|Lunala, L50|\n|poke|p1|Ursaluna, L50, M|\n|poke|p1|Chi-Yu, L50|\n|poke|p1|Koraidon, L50|\n|poke|p1|Flutter Mane, L50|\n|poke|p2|Groudon, L50|\n|poke|p2|Smeargle, L50, F|\n|poke|p2|Raging Bolt, L50|\n|poke|p2|Chi-Yu, L50|\n|poke|p2|Calyrex-Ice, L50|\n|poke|p2|Flutter Mane, L50|\n|teampreview|4\n|inactive|Battle timer is ON: inactive players will automatically lose when time's up. (requested by ricepresident666)\n|inactive|blackred123 also wants the timer to be on.\n|\n|t:|1774181137\n|teamsize|p1|4\n|teamsize|p2|4\n|start\n|switch|p1a: Lunala|Lunala, L50|100/100\n|switch|p1b: Chi-Yu|Chi-Yu, L50, shiny|100/100\n|switch|p2a: Calyrex|Calyrex-Ice, L50|100/100\n|switch|p2b: Smeargle|Smeargle, L50, F|100/100\n|-ability|p2a: Calyrex|As One\n|-ability|p2a: Calyrex|Unnerve\n|-ability|p1b: Chi-Yu|Beads of Ruin\n|turn|1\n|\n|t:|1774181149\n|-terastallize|p2a: Calyrex|Water\n|move|p1b: Chi-Yu|Heat Wave|p2b: Smeargle|[spread] p2a,p2b\n|-resisted|p2a: Calyrex\n|-crit|p2b: Smeargle\n|-damage|p2a: Calyrex|83/100\n|-enditem|p2b: Smeargle|Focus Sash\n|-damage|p2b: Smeargle|1/100\n|move|p2b: Smeargle|Spore|p1a: Lunala\n|-status|p1a: Lunala|slp|[from] move: Spore\n|cant|p1a: Lunala|slp\n|move|p2a: Calyrex|Trick Room|p2a: Calyrex\n|-fieldstart|move: Trick Room|[of] p2a: Calyrex\n|\n|-ability|p2b: Smeargle|Moody|boost\n|-boost|p2b: Smeargle|spd|2\n|-unboost|p2b: Smeargle|atk|1\n|upkeep\n|turn|2\n|\n|t:|1774181157\n|-terastallize|p1a: Lunala|Water\n|move|p2a: Calyrex|High Horsepower|p1b: Chi-Yu\n|-supereffective|p1b: Chi-Yu\n|-damage|p1b: Chi-Yu|0 fnt\n|faint|p1b: Chi-Yu\n|-ability|p2a: Calyrex|Chilling Neigh|boost\n|-boost|p2a: Calyrex|atk|1\n|cant|p1a: Lunala|slp\n|move|p2b: Smeargle|Decorate|p2a: Calyrex\n|-boost|p2a: Calyrex|atk|2\n|-boost|p2a: Calyrex|spa|2\n|\n|-ability|p2b: Smeargle|Moody|boost\n|-boost|p2b: Smeargle|spe|2\n|-unboost|p2b: Smeargle|atk|1\n|upkeep\n|\n|t:|1774181169\n|switch|p1b: Ursaluna|Ursaluna, L50, M, shiny|100/100\n|turn|3\n|\n|t:|1774181180\n|move|p1b: Ursaluna|Protect|p1b: Ursaluna\n|-singleturn|p1b: Ursaluna|Protect\n|-curestatus|p1a: Lunala|slp|[msg]\n|move|p1a: Lunala|Moongeist Beam|p2a: Calyrex\n|-damage|p2a: Calyrex|45/100\n|move|p2b: Smeargle|Spore|p1b: Ursaluna\n|-activate|p1b: Ursaluna|move: Protect\n|move|p2a: Calyrex|Trick Room|p2a: Calyrex\n|-fieldend|move: Trick Room\n|\n|-ability|p2b: Smeargle|Moody|boost\n|-boost|p2b: Smeargle|spd|2\n|-unboost|p2b: Smeargle|spa|1\n|-status|p1b: Ursaluna|brn|[from] item: Flame Orb\n|upkeep\n|turn|4\n|\n|t:|1774181201\n|move|p2a: Calyrex|Protect|p2a: Calyrex\n|-singleturn|p2a: Calyrex|Protect\n|move|p1a: Lunala|Wide Guard|p1a: Lunala\n|-singleturn|p1a: Lunala|Wide Guard\n|move|p2b: Smeargle|Spore|p1a: Lunala\n|-status|p1a: Lunala|slp|[from] move: Spore\n|move|p1b: Ursaluna|Earthquake|p2a: Calyrex|[spread] p2b\n|-activate|p1a: Lunala|move: Wide Guard\n|-activate|p2a: Calyrex|move: Protect\n|-damage|p2b: Smeargle|0 fnt\n|faint|p2b: Smeargle\n|\n|-damage|p1b: Ursaluna|95/100 brn|[from] brn\n|upkeep\n|\n|t:|1774181213\n|switch|p2b: Raging Bolt|Raging Bolt, L50|100/100\n|turn|5\n|\n|t:|1774181221\n|move|p1b: Ursaluna|Protect|p1b: Ursaluna\n|-singleturn|p1b: Ursaluna|Protect\n|cant|p1a: Lunala|slp\n|move|p2b: Raging Bolt|Thunderbolt|p1a: Lunala\n|-supereffective|p1a: Lunala\n|-damage|p1a: Lunala|60/100 slp\n|-damage|p2b: Raging Bolt|91/100|[from] item: Life Orb\n|move|p2a: Calyrex|Glacial Lance|p1a: Lunala|[spread] p1a\n|-activate|p1b: Ursaluna|move: Protect\n|-resisted|p1a: Lunala\n|-damage|p1a: Lunala|0 fnt\n|faint|p1a: Lunala\n|-ability|p2a: Calyrex|Chilling Neigh|boost\n|-boost|p2a: Calyrex|atk|1\n|\n|-damage|p1b: Ursaluna|89/100 brn|[from] brn\n|upkeep\n|\n|t:|1774181226\n|switch|p1a: Koraidon|Koraidon, L50, shiny|100/100\n|-weather|SunnyDay|[from] ability: Orichalcum Pulse|[of] p1a: Koraidon\n|-activate|p2b: Raging Bolt|ability: Protosynthesis\n|-start|p2b: Raging Bolt|protosynthesisspa\n|-activate|p1a: Koraidon|Orichalcum Pulse|[source]\n|turn|6\n|\n|t:|1774181235\n|move|p1a: Koraidon|Close Combat|p2a: Calyrex\n|-damage|p2a: Calyrex|0 fnt\n|-unboost|p1a: Koraidon|def|1\n|-unboost|p1a: Koraidon|spd|1\n|faint|p2a: Calyrex\n|-damage|p1a: Koraidon|91/100|[from] item: Life Orb\n|move|p2b: Raging Bolt|Draco Meteor|p1a: Koraidon\n|-supereffective|p1a: Koraidon\n|-damage|p1a: Koraidon|0 fnt\n|-unboost|p2b: Raging Bolt|spa|2\n|faint|p1a: Koraidon\n|-damage|p2b: Raging Bolt|81/100|[from] item: Life Orb\n|move|p1b: Ursaluna|Headlong Rush|p2b: Raging Bolt\n|-supereffective|p2b: Raging Bolt\n|-damage|p2b: Raging Bolt|0 fnt\n|-unboost|p1b: Ursaluna|def|1\n|-unboost|p1b: Ursaluna|spd|1\n|faint|p2b: Raging Bolt\n|-end|p2b: Raging Bolt|Protosynthesis|[silent]\n|\n|-weather|SunnyDay|[upkeep]\n|-damage|p1b: Ursaluna|83/100 brn|[from] brn\n|upkeep\n|\n|t:|1774181246\n|switch|p2b: Groudon|Groudon, L50|100/100\n|turn|7\n|\n|t:|1774181254\n|move|p2b: Groudon|Precipice Blades|p1b: Ursaluna\n|-damage|p1b: Ursaluna|10/100 brn\n|move|p1b: Ursaluna|Facade|p2b: Groudon\n|-damage|p2b: Groudon|14/100\n|\n|-weather|SunnyDay|[upkeep]\n|-damage|p1b: Ursaluna|4/100 brn|[from] brn\n|upkeep\n|turn|8\n|\n|t:|1774181261\n|move|p2b: Groudon|Heat Crash|p1b: Ursaluna\n|-crit|p1b: Ursaluna\n|-damage|p1b: Ursaluna|0 fnt\n|faint|p1b: Ursaluna\n|\n|win|blackred123\n|raw|ricepresident666's rating: 1369 &rarr; <strong>1348</strong><br />(-21 for losing)\n|raw|blackred123's rating: 1344 &rarr; <strong>1365</strong><br />(+21 for winning)\n|c|\u2606ricepresident666|Ggs\n|c|\u2606ricepresident666|Great game\n","uploadtime":1774181274,"views":11,"formatid":"gen9vgc2026regi","rating":1348,"private":0,"password":null}