{"id":"gen9vgc2026regi-2515864522","format":"[Gen 9] VGC 2026 Reg I","players":["Pacek_Panama","kojimuranishi"],"log":"|j|\u2606Pacek_Panama\n|j|\u2606kojimuranishi\n|t:|1768053242\n|gametype|doubles\n|player|p1|Pacek_Panama|hiker-gen4|1322\n|player|p2|kojimuranishi|266|1348\n|gen|9\n|tier|[Gen 9] VGC 2026 Reg I\n|rated|\n|rule|Species Clause: Limit one of each Pok\u00e9mon\n|rule|Item Clause: Limit 1 of each item\n|clearpoke\n|poke|p1|Koraidon, L50|\n|poke|p1|Lunala, L50|\n|poke|p1|Flutter Mane, L50|\n|poke|p1|Amoonguss, L50, M|\n|poke|p1|Incineroar, L50, M|\n|poke|p1|Ursaluna, L50, F|\n|poke|p2|Raging Bolt, L50|\n|poke|p2|Calyrex-Ice, L50|\n|poke|p2|Kyogre, L50|\n|poke|p2|Indeedee-F, L50, F|\n|poke|p2|Landorus, L50, M|\n|poke|p2|Urshifu-*, L50, F|\n|teampreview|4\n|j| dexpolg\n|inactive|Battle timer is ON: inactive players will automatically lose when time's up. (requested by kojimuranishi)\n|l| dexpolg\n|inactive|kojimuranishi has 60 seconds left.\n|\n|t:|1768053307\n|teamsize|p1|4\n|teamsize|p2|4\n|start\n|switch|p1a: Lunala|Lunala, L50|100/100\n|switch|p1b: Amoonguss|Amoonguss, L50, M|100/100\n|switch|p2a: Urshifu|Urshifu-Rapid-Strike, L50, F|100/100\n|switch|p2b: Indeedee|Indeedee-F, L50, F|100/100\n|-fieldstart|move: Psychic Terrain|[from] ability: Psychic Surge|[of] p2b: Indeedee\n|turn|1\n|inactive|Pacek_Panama has 30 seconds left.\n|inactive|Pacek_Panama has 20 seconds left.\n|inactive|Pacek_Panama has 15 seconds left.\n|\n|t:|1768053351\n|switch|p1a: Koraidon|Koraidon, L50|100/100\n|-weather|SunnyDay|[from] ability: Orichalcum Pulse|[of] p1a: Koraidon\n|-activate|p1a: Koraidon|Orichalcum Pulse|[source]\n|move|p2b: Indeedee|Follow Me|p2b: Indeedee\n|-singleturn|p2b: Indeedee|move: Follow Me\n|move|p2a: Urshifu|Taunt|p1b: Amoonguss\n|-start|p1b: Amoonguss|move: Taunt\n|-enditem|p1b: Amoonguss|Mental Herb\n|-end|p1b: Amoonguss|move: Taunt\n|move|p1b: Amoonguss|Spore|p2b: Indeedee\n|-status|p2b: Indeedee|slp|[from] move: Spore\n|\n|-weather|SunnyDay|[upkeep]\n|upkeep\n|turn|2\n|inactive|Pacek_Panama has 30 seconds left.\n|inactive|Pacek_Panama has 20 seconds left.\n|inactive|Pacek_Panama has 15 seconds left.\n|\n|t:|1768053392\n|move|p2a: Urshifu|Detect|p2a: Urshifu\n|-singleturn|p2a: Urshifu|Protect\n|move|p1a: Koraidon|Close Combat|p2a: Urshifu\n|-activate|p2a: Urshifu|move: Protect\n|cant|p2b: Indeedee|slp\n|move|p1b: Amoonguss|Sludge Bomb|p2a: Urshifu\n|-activate|p2a: Urshifu|move: Protect\n|\n|-weather|SunnyDay|[upkeep]\n|upkeep\n|turn|3\n|inactive|kojimuranishi has 30 seconds left.\n|j| here's where king!\n|inactive|Pacek_Panama has 30 seconds left.\n|\n|t:|1768053426\n|move|p1a: Koraidon|Close Combat|p2a: Urshifu\n|-enditem|p2a: Urshifu|Focus Sash\n|-damage|p2a: Urshifu|1/100\n|-unboost|p1a: Koraidon|def|1\n|-unboost|p1a: Koraidon|spd|1\n|-damage|p1a: Koraidon|91/100|[from] item: Life Orb\n|move|p2a: Urshifu|Taunt|p1b: Amoonguss\n|-start|p1b: Amoonguss|move: Taunt\n|move|p1b: Amoonguss|Sludge Bomb|p2a: Urshifu\n|-crit|p2a: Urshifu\n|-damage|p2a: Urshifu|0 fnt\n|faint|p2a: Urshifu\n|cant|p2b: Indeedee|slp\n|\n|-weather|SunnyDay|[upkeep]\n|upkeep\n|\n|t:|1768053443\n|switch|p2a: Kyogre|Kyogre, L50|100/100\n|-weather|RainDance|[from] ability: Drizzle|[of] p2a: Kyogre\n|turn|4\n|inactive|Pacek_Panama has 30 seconds left.\n|\n|t:|1768053469\n|switch|p1b: Lunala|Lunala, L50|100/100\n|-terastallize|p2a: Kyogre|Water\n|move|p2a: Kyogre|Water Spout|p1a: Koraidon|[spread] p1a,p1b\n|-resisted|p1a: Koraidon\n|-damage|p1a: Koraidon|0 fnt\n|-damage|p1b: Lunala|53/100\n|faint|p1a: Koraidon\n|cant|p2b: Indeedee|slp\n|\n|-weather|RainDance|[upkeep]\n|-heal|p1b: Lunala|59/100|[from] item: Leftovers\n|upkeep\n|\n|t:|1768053484\n|switch|p1a: Ursaluna|Ursaluna, L50, F|100/100\n|turn|5\n|\n|t:|1768053501\n|switch|p2a: Calyrex|Calyrex-Ice, L50|100/100\n|-ability|p2a: Calyrex|As One\n|-ability|p2a: Calyrex|Unnerve\n|move|p1b: Lunala|Wide Guard|p1b: Lunala\n|-singleturn|p1b: Lunala|Wide Guard\n|-curestatus|p2b: Indeedee|slp|[msg]\n|move|p2b: Indeedee|Follow Me|p2b: Indeedee\n|-singleturn|p2b: Indeedee|move: Follow Me\n|move|p1a: Ursaluna|Facade|p2b: Indeedee\n|-damage|p2b: Indeedee|58/100\n|-damage|p1a: Ursaluna|84/100|[from] item: Rocky Helmet|[of] p2b: Indeedee\n|\n|-weather|RainDance|[upkeep]\n|-heal|p1b: Lunala|66/100|[from] item: Leftovers\n|-fieldend|move: Psychic Terrain\n|-status|p1a: Ursaluna|brn|[from] item: Flame Orb\n|upkeep\n|turn|6\n|inactive|kojimuranishi has 30 seconds left.\n|inactive|Pacek_Panama has 30 seconds left.\n|inactive|kojimuranishi has 20 seconds left.\n|inactive|kojimuranishi has 15 seconds left.\n|inactive|kojimuranishi has 10 seconds left.\n|\n|t:|1768053546\n|move|p1b: Lunala|Wide Guard|p1b: Lunala\n|-singleturn|p1b: Lunala|Wide Guard\n|move|p2b: Indeedee|Psychic|p1b: Lunala\n|-resisted|p1b: Lunala\n|-damage|p1b: Lunala|56/100\n|move|p2a: Calyrex|Leech Seed|p1b: Lunala\n|-start|p1b: Lunala|move: Leech Seed\n|move|p1a: Ursaluna|Earthquake|p2a: Calyrex|[spread] p2a,p2b\n|-activate|p1b: Lunala|move: Wide Guard\n|-damage|p2a: Calyrex|59/100\n|-damage|p2b: Indeedee|0 fnt\n|faint|p2b: Indeedee\n|\n|-weather|RainDance|[upkeep]\n|-heal|p1b: Lunala|62/100|[from] item: Leftovers\n|-heal|p2a: Calyrex|65/100|[from] item: Leftovers\n|-damage|p1b: Lunala|50/100|[from] Leech Seed|[of] p2a: Calyrex\n|-heal|p2a: Calyrex|79/100|[silent]\n|-damage|p1a: Ursaluna|78/100 brn|[from] brn\n|upkeep\n|\n|t:|1768053565\n|switch|p2b: Kyogre|Kyogre, L50, tera:Water|100/100\n|turn|7\n|inactive|kojimuranishi has 30 seconds left.\n|\n|t:|1768053596\n|switch|p1b: Amoonguss|Amoonguss, L50, M|100/100\n|move|p1a: Ursaluna|Protect|p1a: Ursaluna\n|-singleturn|p1a: Ursaluna|Protect\n|move|p2b: Kyogre|Hydro Pump|p1a: Ursaluna\n|-activate|p1a: Ursaluna|move: Protect\n|move|p2a: Calyrex|Glacial Lance|p1a: Ursaluna|[spread] p1b\n|-activate|p1a: Ursaluna|move: Protect\n|-supereffective|p1b: Amoonguss\n|-damage|p1b: Amoonguss|9/100\n|\n|-weather|RainDance|[upkeep]\n|-heal|p2a: Calyrex|85/100|[from] item: Leftovers\n|-damage|p1a: Ursaluna|72/100 brn|[from] brn\n|upkeep\n|turn|8\n|inactive|Pacek_Panama has 30 seconds left.\n|\n|t:|1768053625\n|-terastallize|p1a: Ursaluna|Ghost\n|move|p1b: Amoonguss|Rage Powder|p1b: Amoonguss\n|-singleturn|p1b: Amoonguss|move: Rage Powder\n|move|p2b: Kyogre|Hydro Pump|p1b: Amoonguss\n|-resisted|p1b: Amoonguss\n|-damage|p1b: Amoonguss|0 fnt\n|faint|p1b: Amoonguss\n|move|p2a: Calyrex|Glacial Lance|p1a: Ursaluna\n|-damage|p1a: Ursaluna|23/100 brn\n|move|p1a: Ursaluna|Facade|p2b: Kyogre\n|-damage|p2b: Kyogre|0 fnt\n|faint|p2b: Kyogre\n|\n|-weather|none\n|-heal|p2a: Calyrex|90/100|[from] item: Leftovers\n|-damage|p1a: Ursaluna|17/100 brn|[from] brn\n|upkeep\n|\n|t:|1768053639\n|switch|p1b: Lunala|Lunala, L50|50/100\n|turn|9\n|\n|t:|1768053662\n|move|p1b: Lunala|Wide Guard|p1b: Lunala\n|-singleturn|p1b: Lunala|Wide Guard\n|move|p2a: Calyrex|Leech Seed|p1a: Ursaluna\n|-start|p1a: Ursaluna|move: Leech Seed\n|move|p1a: Ursaluna|Facade|p2a: Calyrex\n|-damage|p2a: Calyrex|8/100\n|\n|-heal|p1b: Lunala|56/100|[from] item: Leftovers\n|-heal|p2a: Calyrex|14/100|[from] item: Leftovers\n|-damage|p1a: Ursaluna|5/100 brn|[from] Leech Seed|[of] p2a: Calyrex\n|-heal|p2a: Calyrex|28/100|[silent]\n|-damage|p1a: Ursaluna|0 fnt|[from] brn\n|faint|p1a: Ursaluna\n|upkeep\n|turn|10\n|\n|t:|1768053676\n|move|p2a: Calyrex|Protect|p2a: Calyrex\n|-singleturn|p2a: Calyrex|Protect\n|move|p1b: Lunala|Moongeist Beam|p2a: Calyrex\n|-activate|p2a: Calyrex|move: Protect\n|\n|-heal|p1b: Lunala|62/100|[from] item: Leftovers\n|-heal|p2a: Calyrex|33/100|[from] item: Leftovers\n|upkeep\n|turn|11\n|\n|t:|1768053687\n|move|p1b: Lunala|Moongeist Beam|p2a: Calyrex\n|-supereffective|p2a: Calyrex\n|-damage|p2a: Calyrex|0 fnt\n|faint|p2a: Calyrex\n|\n|win|Pacek_Panama\n|raw|Pacek_Panama's rating: 1322 &rarr; <strong>1343</strong><br />(+21 for winning)\n|raw|kojimuranishi's rating: 1348 &rarr; <strong>1327</strong><br />(-21 for losing)\n|l|\u2606kojimuranishi\n|player|p2|\n|l| here's where king!\n|l|\u2606Pacek_Panama\n|player|p1|\n","uploadtime":1768053845,"views":13,"formatid":"gen9vgc2026regi","rating":1327,"private":0,"password":null}