{"id":"gen9vgc2026regi-2564856725","format":"[Gen 9] VGC 2026 Reg I","players":["theyh8_meagan","Jonen"],"log":"|j|\u2606theyh8_meagan\n|j|\u2606Jonen\n|t:|1774204454\n|gametype|doubles\n|player|p1|theyh8_meagan|shauntal|1308\n|player|p2|Jonen|hiker-gen4|1357\n|gen|9\n|tier|[Gen 9] VGC 2026 Reg I\n|rated|\n|rule|Species Clause: Limit one of each Pok\u00e9mon\n|rule|Item Clause: Limit 1 of each item\n|clearpoke\n|poke|p1|Miraidon, L50|\n|poke|p1|Calyrex-Shadow, L50|\n|poke|p1|Serperior, L50, M|\n|poke|p1|Grimmsnarl, L50, M|\n|poke|p1|Iron Valiant, L50|\n|poke|p1|Clefairy, L50, F|\n|poke|p2|Zacian-*, L50|\n|poke|p2|Kyogre, L50|\n|poke|p2|Iron Hands, L50|\n|poke|p2|Amoonguss, L50, F|\n|poke|p2|Whimsicott, L50, F|\n|poke|p2|Ditto, L50|\n|teampreview|4\n|\n|t:|1774204487\n|teamsize|p1|4\n|teamsize|p2|4\n|start\n|switch|p1a: Miraidon|Miraidon, L50|100/100\n|switch|p1b: Grimmsnarl|Grimmsnarl, L50, M, shiny|100/100\n|switch|p2a: Zacian|Zacian-Crowned, L50|100/100\n|switch|p2b: Iron Hands|Iron Hands, L50|100/100\n|-ability|p2a: Zacian|Intrepid Sword|boost\n|-boost|p2a: Zacian|atk|1\n|-fieldstart|move: Electric Terrain|[from] ability: Hadron Engine|[of] p1a: Miraidon\n|-enditem|p1b: Grimmsnarl|Electric Seed\n|-boost|p1b: Grimmsnarl|def|1|[from] item: Electric Seed\n|-activate|p2b: Iron Hands|ability: Quark Drive\n|-start|p2b: Iron Hands|quarkdriveatk\n|turn|1\n|\n|t:|1774204509\n|-terastallize|p2a: Zacian|Fairy\n|move|p1b: Grimmsnarl|Fake Out|p2a: Zacian\n|-damage|p2a: Zacian|93/100\n|move|p2b: Iron Hands|Fake Out|p1b: Grimmsnarl\n|-damage|p1b: Grimmsnarl|86/100\n|cant|p2a: Zacian|flinch\n|move|p1a: Miraidon|Electro Drift|p2a: Zacian\n|-crit|p2a: Zacian\n|-damage|p2a: Zacian|0 fnt\n|faint|p2a: Zacian\n|\n|upkeep\n|\n|t:|1774204517\n|switch|p2a: Kyogre|Kyogre, L50|100/100\n|-weather|RainDance|[from] ability: Drizzle|[of] p2a: Kyogre\n|turn|2\n|\n|t:|1774204530\n|move|p2a: Kyogre|Protect|p2a: Kyogre\n|-singleturn|p2a: Kyogre|Protect\n|move|p1b: Grimmsnarl|Scary Face|p2a: Kyogre\n|-activate|p2a: Kyogre|move: Protect\n|move|p1a: Miraidon|Electro Drift|p2a: Kyogre\n|-activate|p2a: Kyogre|move: Protect\n|move|p2b: Iron Hands|Volt Switch|p1b: Grimmsnarl\n|-damage|p1b: Grimmsnarl|70/100\n|\n|t:|1774204537\n|-end|p2b: Iron Hands|Quark Drive|[silent]\n|switch|p2b: Ditto|Ditto, L50|100/100|[from] Volt Switch\n|-transform|p2b: Ditto|p1a: Miraidon|[from] ability: Imposter\n|-activate|p2b: Ditto|ability: Hadron Engine\n|\n|-weather|RainDance|[upkeep]\n|upkeep\n|turn|3\n|\n|t:|1774204551\n|switch|p2a: Iron Hands|Iron Hands, L50|100/100\n|-activate|p2a: Iron Hands|ability: Quark Drive\n|-start|p2a: Iron Hands|quarkdriveatk\n|move|p1b: Grimmsnarl|Scary Face|p2b: Ditto\n|-unboost|p2b: Ditto|spe|2\n|move|p1a: Miraidon|Electro Drift|p2a: Iron Hands\n|-resisted|p2a: Iron Hands\n|-damage|p2a: Iron Hands|63/100\n|move|p2b: Ditto|Dazzling Gleam|p1a: Miraidon|[spread] p1a,p1b\n|-supereffective|p1a: Miraidon\n|-supereffective|p1b: Grimmsnarl\n|-damage|p1a: Miraidon|51/100\n|-damage|p1b: Grimmsnarl|21/100\n|\n|-weather|RainDance|[upkeep]\n|upkeep\n|turn|4\n|\n|t:|1774204584\n|-terastallize|p1a: Miraidon|Fairy\n|move|p2a: Iron Hands|Fake Out|p1a: Miraidon\n|-damage|p1a: Miraidon|30/100\n|move|p1b: Grimmsnarl|Fake Tears|p2a: Iron Hands\n|-unboost|p2a: Iron Hands|spd|2\n|cant|p1a: Miraidon|flinch\n|move|p2b: Ditto|Dazzling Gleam|p1a: Miraidon|[spread] p1a,p1b\n|-supereffective|p1b: Grimmsnarl\n|-damage|p1a: Miraidon|6/100\n|-damage|p1b: Grimmsnarl|0 fnt\n|faint|p1b: Grimmsnarl\n|\n|-weather|RainDance|[upkeep]\n|upkeep\n|\n|t:|1774204598\n|switch|p1b: Iron Valiant|Iron Valiant, L50|100/100\n|-activate|p1b: Iron Valiant|ability: Quark Drive\n|-start|p1b: Iron Valiant|quarkdrivespe\n|turn|5\n|\n|t:|1774204617\n|move|p1b: Iron Valiant|Spirit Break|p2b: Ditto\n|-supereffective|p2b: Ditto\n|-damage|p2b: Ditto|4/100\n|-unboost|p2b: Ditto|spa|1\n|move|p1a: Miraidon|Electro Drift|p2a: Iron Hands\n|-resisted|p2a: Iron Hands\n|-damage|p2a: Iron Hands|0 fnt\n|faint|p2a: Iron Hands\n|-end|p2a: Iron Hands|Quark Drive|[silent]\n|move|p2b: Ditto|Volt Switch|p1a: Miraidon\n|-damage|p1a: Miraidon|0 fnt\n|faint|p1a: Miraidon\n|\n|t:|1774204626\n|switch|p2b: Kyogre|Kyogre, L50|100/100|[from] Volt Switch\n|\n|-weather|RainDance|[upkeep]\n|-fieldend|move: Electric Terrain\n|-end|p1b: Iron Valiant|Quark Drive\n|upkeep\n|\n|t:|1774204633\n|switch|p1a: Calyrex|Calyrex-Shadow, L50|100/100\n|switch|p2a: Ditto|Ditto, L50|4/100\n|-ability|p1a: Calyrex|As One\n|-ability|p1a: Calyrex|Unnerve\n|-transform|p2a: Ditto|p1b: Iron Valiant|[from] ability: Imposter\n|turn|6\n|\n|t:|1774204651\n|move|p1a: Calyrex|Protect|p1a: Calyrex\n|-singleturn|p1a: Calyrex|Protect\n|move|p2a: Ditto|Wide Guard|p2a: Ditto\n|-singleturn|p2a: Ditto|Wide Guard\n|move|p1b: Iron Valiant|Spirit Break|p2a: Ditto\n|-supereffective|p2a: Ditto\n|-damage|p2a: Ditto|0 fnt\n|faint|p2a: Ditto\n|-end|p2a: Ditto|Quark Drive|[silent]\n|move|p2b: Kyogre|Hydro Pump|p1a: Calyrex\n|-activate|p1a: Calyrex|move: Protect\n|\n|-weather|none\n|upkeep\n|turn|7\n|\n|t:|1774204665\n|move|p1a: Calyrex|Astral Barrage|p2b: Kyogre\n|-damage|p2b: Kyogre|36/100\n|-damage|p1a: Calyrex|91/100|[from] item: Life Orb\n|move|p1b: Iron Valiant|Spirit Break|p2b: Kyogre\n|-damage|p2b: Kyogre|0 fnt\n|faint|p2b: Kyogre\n|\n|win|theyh8_meagan\n|raw|theyh8_meagan's rating: 1308 &rarr; <strong>1331</strong><br />(+23 for winning)\n|raw|Jonen's rating: 1357 &rarr; <strong>1334</strong><br />(-23 for losing)\n","uploadtime":1774204665,"views":10,"formatid":"gen9vgc2026regi","rating":1331,"private":0,"password":null}