{"id":"gen9vgc2026regi-2559220205","format":"[Gen 9] VGC 2026 Reg I","players":["Yamanohito","PATRIOTS_VG"],"log":"|j|\u2606Yamanohito\n|j|\u2606PATRIOTS_VG\n|t:|1773534116\n|gametype|doubles\n|player|p1|Yamanohito|265|1513\n|player|p2|PATRIOTS_VG|drayden|1472\n|gen|9\n|tier|[Gen 9] VGC 2026 Reg I\n|rated|\n|rule|Species Clause: Limit one of each Pok\u00e9mon\n|rule|Item Clause: Limit 1 of each item\n|clearpoke\n|poke|p1|Calyrex-Shadow, L50|\n|poke|p1|Miraidon, L50|\n|poke|p1|Rillaboom, L50, F|\n|poke|p1|Incineroar, L50, M|\n|poke|p1|Grimmsnarl, L50, M|\n|poke|p1|Clefairy, L50, M|\n|poke|p2|Incineroar, L50, F|\n|poke|p2|Calyrex-Shadow, L50|\n|poke|p2|Flutter Mane, L50|\n|poke|p2|Ogerpon-Cornerstone, L50, F|\n|poke|p2|Rillaboom, L50, F|\n|poke|p2|Terapagos, L50, M|\n|teampreview|4\n|l|\u2606PATRIOTS_VG\n|player|p2|\n|j|\u2606PATRIOTS_VG\n|player|p2|PATRIOTS_VG|drayden|\n|inactive|Battle timer is ON: inactive players will automatically lose when time's up. (requested by PATRIOTS_VG)\n|\n|t:|1773534183\n|teamsize|p1|4\n|teamsize|p2|4\n|start\n|switch|p1a: Calyrex|Calyrex-Shadow, L50|100/100\n|switch|p1b: Miraidon|Miraidon, L50|100/100\n|switch|p2a: Calyrex|Calyrex-Shadow, L50|100/100\n|switch|p2b: Flutter Mane|Flutter Mane, L50|100/100\n|-ability|p2a: Calyrex|As One\n|-ability|p2a: Calyrex|Unnerve\n|-ability|p1a: Calyrex|As One\n|-ability|p1a: Calyrex|Unnerve\n|-fieldstart|move: Electric Terrain|[from] ability: Hadron Engine|[of] p1b: Miraidon\n|-enditem|p2b: Flutter Mane|Booster Energy\n|-activate|p2b: Flutter Mane|ability: Protosynthesis|[fromitem]\n|-start|p2b: Flutter Mane|protosynthesisspe\n|turn|1\n|inactive|Yamanohito has 30 seconds left.\n|inactive|PATRIOTS_VG has 30 seconds left.\n|inactive|Yamanohito has 20 seconds left.\n|inactive|PATRIOTS_VG has 20 seconds left.\n|inactive|Yamanohito has 15 seconds left.\n|inactive|Yamanohito has 10 seconds left.\n|inactive|PATRIOTS_VG has 15 seconds left.\n|inactive|Yamanohito has 5 seconds left.\n|\n|t:|1773534233\n|move|p1a: Calyrex|Protect|p1a: Calyrex\n|-singleturn|p1a: Calyrex|Protect\n|move|p1b: Miraidon|Snarl|p2a: Calyrex|[spread] p2a,p2b\n|-supereffective|p2a: Calyrex\n|-damage|p2a: Calyrex|19/100\n|-damage|p2b: Flutter Mane|85/100\n|-unboost|p2a: Calyrex|spa|1\n|-unboost|p2b: Flutter Mane|spa|1\n|move|p2b: Flutter Mane|Moonblast|p1b: Miraidon\n|-supereffective|p1b: Miraidon\n|-damage|p1b: Miraidon|56/100\n|move|p2a: Calyrex|Astral Barrage|p1a: Calyrex|[spread] p1b\n|-activate|p1a: Calyrex|move: Protect\n|-damage|p1b: Miraidon|26/100\n|\n|upkeep\n|turn|2\n|inactive|Yamanohito has 30 seconds left.\n|\n|t:|1773534264\n|-terastallize|p1a: Calyrex|Fairy\n|move|p2a: Calyrex|Protect|p2a: Calyrex\n|-singleturn|p2a: Calyrex|Protect\n|move|p1b: Miraidon|Snarl|p2a: Calyrex|[spread] p2b\n|-activate|p2a: Calyrex|move: Protect\n|-damage|p2b: Flutter Mane|66/100\n|-unboost|p2b: Flutter Mane|spa|1\n|move|p2b: Flutter Mane|Thunder Wave|p1a: Calyrex\n|-status|p1a: Calyrex|par\n|cant|p1a: Calyrex|par\n|\n|upkeep\n|turn|3\n|\n|t:|1773534281\n|switch|p2a: Ogerpon|Ogerpon-Cornerstone, L50, F|100/100\n|move|p1b: Miraidon|Snarl|p2a: Ogerpon|[spread] p2a,p2b\n|-damage|p2a: Ogerpon|77/100\n|-damage|p2b: Flutter Mane|50/100\n|-unboost|p2a: Ogerpon|spa|1\n|-unboost|p2b: Flutter Mane|spa|1\n|move|p2b: Flutter Mane|Moonblast|p1b: Miraidon\n|-supereffective|p1b: Miraidon\n|-damage|p1b: Miraidon|0 fnt\n|faint|p1b: Miraidon\n|move|p1a: Calyrex|Calm Mind|p1a: Calyrex\n|-boost|p1a: Calyrex|spa|1\n|-boost|p1a: Calyrex|spd|1\n|\n|upkeep\n|\n|t:|1773534293\n|switch|p1b: Incineroar|Incineroar, L50, M|100/100\n|-ability|p1b: Incineroar|Intimidate|boost\n|-unboost|p2a: Ogerpon|atk|1\n|-unboost|p2b: Flutter Mane|atk|1\n|turn|4\n|inactive|Yamanohito has 30 seconds left.\n|\n|t:|1773534326\n|move|p2a: Ogerpon|Spiky Shield|p2a: Ogerpon\n|-singleturn|p2a: Ogerpon|move: Protect\n|move|p1b: Incineroar|Fake Out|p2a: Ogerpon\n|-activate|p2a: Ogerpon|move: Protect\n|-damage|p1b: Incineroar|88/100|[from] Spiky Shield|[of] p2a: Ogerpon\n|move|p2b: Flutter Mane|Taunt|p1a: Calyrex\n|-start|p1a: Calyrex|move: Taunt\n|move|p1a: Calyrex|Astral Barrage|p2b: Flutter Mane|[spread] p2b\n|-activate|p2a: Ogerpon|move: Protect\n|-supereffective|p2b: Flutter Mane\n|-damage|p2b: Flutter Mane|0 fnt\n|faint|p2b: Flutter Mane\n|-end|p2b: Flutter Mane|Protosynthesis|[silent]\n|-ability|p1a: Calyrex|Grim Neigh|boost\n|-boost|p1a: Calyrex|spa|1\n|\n|upkeep\n|\n|t:|1773534337\n|switch|p2b: Terapagos|Terapagos, L50, M|100/100\n|-activate|p2b: Terapagos|ability: Tera Shift\n|detailschange|p2b: Terapagos|Terapagos-Terastal, L50, M\n|-heal|p2b: Terapagos|100/100|[silent]\n|turn|5\n|inactive|Yamanohito has 30 seconds left.\n|inactive|Yamanohito has 20 seconds left.\n|\n|t:|1773534373\n|move|p2a: Ogerpon|Ivy Cudgel|p1b: Incineroar|[anim] Ivy Cudgel Rock\n|-supereffective|p1b: Incineroar\n|-damage|p1b: Incineroar|31/100\n|move|p2b: Terapagos|Calm Mind|p2b: Terapagos\n|-boost|p2b: Terapagos|spa|1\n|-boost|p2b: Terapagos|spd|1\n|move|p1a: Calyrex|Draining Kiss|p2a: Ogerpon\n|-damage|p2a: Ogerpon|1/100\n|move|p1b: Incineroar|Parting Shot|p2b: Terapagos\n|-unboost|p2b: Terapagos|atk|1\n|-unboost|p2b: Terapagos|spa|1\n|\n|t:|1773534384\n|switch|p1b: Grimmsnarl|Grimmsnarl, L50, M|100/100|[from] Parting Shot\n|\n|-fieldend|move: Electric Terrain\n|upkeep\n|turn|6\n|\n|t:|1773534404\n|move|p2a: Ogerpon|Follow Me|p2a: Ogerpon\n|-singleturn|p2a: Ogerpon|move: Follow Me\n|move|p2b: Terapagos|Calm Mind|p2b: Terapagos\n|-boost|p2b: Terapagos|spa|1\n|-boost|p2b: Terapagos|spd|1\n|cant|p1a: Calyrex|par\n|move|p1b: Grimmsnarl|Spirit Break|p2a: Ogerpon\n|-damage|p2a: Ogerpon|0 fnt\n|faint|p2a: Ogerpon\n|\n|-end|p1a: Calyrex|move: Taunt\n|upkeep\n|\n|t:|1773534411\n|switch|p2a: Calyrex|Calyrex-Shadow, L50|19/100\n|-ability|p2a: Calyrex|As One\n|-ability|p2a: Calyrex|Unnerve\n|turn|7\n|inactive|PATRIOTS_VG has 30 seconds left.\n|\n|t:|1773534438\n|move|p2b: Terapagos|Protect|p2b: Terapagos\n|-singleturn|p2b: Terapagos|Protect\n|move|p1b: Grimmsnarl|Light Screen|p1b: Grimmsnarl\n|-sidestart|p1: Yamanohito|move: Light Screen\n|move|p2a: Calyrex|Astral Barrage|p1a: Calyrex|[spread] p1a,p1b\n|-resisted|p1b: Grimmsnarl\n|-damage|p1a: Calyrex|81/100 par\n|-damage|p1b: Grimmsnarl|86/100\n|cant|p1a: Calyrex|par\n|\n|upkeep\n|turn|8\n|\n|t:|1773534460\n|-terastallize|p2b: Terapagos|Stellar\n|detailschange|p2b: Terapagos|Terapagos-Stellar, L50, M, tera:Stellar\n|-heal|p2b: Terapagos|100/100|[silent]\n|move|p2a: Calyrex|Astral Barrage|p1a: Calyrex|[spread] p1a,p1b\n|-resisted|p1b: Grimmsnarl\n|-damage|p1a: Calyrex|58/100 par\n|-damage|p1b: Grimmsnarl|70/100\n|move|p2b: Terapagos|Tera Starstorm|p1a: Calyrex|[spread] p1a,p1b\n|-supereffective|p1a: Calyrex\n|-damage|p1a: Calyrex|19/100 par\n|-damage|p1b: Grimmsnarl|39/100\n|cant|p1a: Calyrex|par\n|move|p1b: Grimmsnarl|Spirit Break|p2b: Terapagos\n|-damage|p2b: Terapagos|83/100\n|-unboost|p2b: Terapagos|spa|1\n|\n|-heal|p2b: Terapagos|89/100|[from] item: Leftovers\n|upkeep\n|turn|9\n|-message|Yamanohito forfeited.\n|\n|win|PATRIOTS_VG\n|raw|Yamanohito's rating: 1513 &rarr; <strong>1491</strong><br />(-22 for losing)\n|raw|PATRIOTS_VG's rating: 1472 &rarr; <strong>1494</strong><br />(+22 for winning)\n|l|\u2606Yamanohito\n|player|p1|\n|l|\u2606PATRIOTS_VG\n|player|p2|\n","uploadtime":1773534729,"views":15,"formatid":"gen9vgc2026regi","rating":1491,"private":0,"password":null}