{"id":"gen9vgc2026regi-2561526268","format":"[Gen 9] VGC 2026 Reg I","players":["sheeshshane925","daniiivgc"],"log":"|j|\u2606sheeshshane925\n|j|\u203ddaniiivgc\n|t:|1773807036\n|gametype|doubles\n|player|p1|sheeshshane925|chuck|1379\n|player|p2|daniiivgc|giovanni|1507\n|gen|9\n|tier|[Gen 9] VGC 2026 Reg I\n|rated|\n|rule|Species Clause: Limit one of each Pok\u00e9mon\n|rule|Item Clause: Limit 1 of each item\n|clearpoke\n|poke|p1|Miraidon, L50|\n|poke|p1|Lunala, L50|\n|poke|p1|Ursaluna, L50, M|\n|poke|p1|Whimsicott, L50, F|\n|poke|p1|Incineroar, L50, F|\n|poke|p1|Urshifu-*, L50, F|\n|poke|p2|Infernape, L50, F|\n|poke|p2|Groudon, L50|\n|poke|p2|Walking Wake, L50|\n|poke|p2|Raging Bolt, L50|\n|poke|p2|Zacian-*, L50|\n|poke|p2|Annihilape, L50, F|\n|teampreview|4\n|\n|t:|1773807078\n|teamsize|p1|4\n|teamsize|p2|4\n|start\n|switch|p1a: Whimsicott|Whimsicott, L50, F|100/100\n|switch|p1b: Miraidon|Miraidon, L50|100/100\n|switch|p2a: Annihilape|Annihilape, L50, F|100/100\n|switch|p2b: Groudon|Groudon, L50|100/100\n|-fieldstart|move: Electric Terrain|[from] ability: Hadron Engine|[of] p1b: Miraidon\n|-weather|SunnyDay|[from] ability: Drought|[of] p2b: Groudon\n|turn|1\n|inactive|Battle timer is ON: inactive players will automatically lose when time's up. (requested by sheeshshane925)\n|\n|t:|1773807102\n|switch|p2a: Raging Bolt|Raging Bolt, L50|100/100\n|-activate|p2a: Raging Bolt|ability: Protosynthesis\n|-start|p2a: Raging Bolt|protosynthesisspa\n|move|p1a: Whimsicott|Tailwind|p1a: Whimsicott\n|-sidestart|p1: sheeshshane925|move: Tailwind\n|move|p1b: Miraidon|Volt Switch|p2a: Raging Bolt\n|-resisted|p2a: Raging Bolt\n|-crit|p2a: Raging Bolt\n|-damage|p2a: Raging Bolt|70/100\n|-damage|p1b: Miraidon|91/100|[from] item: Life Orb\n|\n|t:|1773807117\n|switch|p1b: Ursaluna|Ursaluna, L50, M|100/100|[from] Volt Switch\n|move|p2b: Groudon|Heat Crash|p1a: Whimsicott\n|-supereffective|p1a: Whimsicott\n|-damage|p1a: Whimsicott|0 fnt\n|faint|p1a: Whimsicott\n|\n|-weather|SunnyDay|[upkeep]\n|-status|p1b: Ursaluna|brn|[from] item: Flame Orb\n|upkeep\n|inactive|sheeshshane925 has 30 seconds left.\n|\n|t:|1773807145\n|switch|p1a: Lunala|Lunala, L50|100/100\n|-enditem|p1a: Lunala|Electric Seed\n|-boost|p1a: Lunala|def|1|[from] item: Electric Seed\n|turn|2\n|\n|t:|1773807168\n|move|p2a: Raging Bolt|Protect|p2a: Raging Bolt\n|-singleturn|p2a: Raging Bolt|Protect\n|move|p1a: Lunala|Wide Guard|p1a: Lunala\n|-singleturn|p1a: Lunala|Wide Guard\n|move|p1b: Ursaluna|Earthquake|p2b: Groudon|[spread] p2b\n|-activate|p1a: Lunala|move: Wide Guard\n|-activate|p2a: Raging Bolt|move: Protect\n|-damage|p2b: Groudon|59/100\n|move|p2b: Groudon|Crunch|p1a: Lunala\n|-supereffective|p1a: Lunala\n|-damage|p1a: Lunala|69/100\n|\n|-weather|SunnyDay|[upkeep]\n|-damage|p1b: Ursaluna|94/100 brn|[from] brn\n|upkeep\n|turn|3\n|\n|t:|1773807193\n|-terastallize|p1a: Lunala|Fairy\n|move|p2a: Raging Bolt|Thunderclap|p1a: Lunala\n|-damage|p1a: Lunala|2/100\n|-damage|p2a: Raging Bolt|61/100|[from] item: Life Orb\n|move|p1a: Lunala|Moonblast|p2a: Raging Bolt\n|-supereffective|p2a: Raging Bolt\n|-damage|p2a: Raging Bolt|0 fnt\n|faint|p2a: Raging Bolt\n|-end|p2a: Raging Bolt|Protosynthesis|[silent]\n|move|p1b: Ursaluna|Facade|p2b: Groudon\n|-damage|p2b: Groudon|0 fnt\n|faint|p2b: Groudon\n|\n|-weather|SunnyDay|[upkeep]\n|-damage|p1b: Ursaluna|88/100 brn|[from] brn\n|upkeep\n|\n|t:|1773807203\n|switch|p2b: Zacian|Zacian-Crowned, L50|100/100\n|switch|p2a: Annihilape|Annihilape, L50, F|100/100\n|-ability|p2b: Zacian|Intrepid Sword|boost\n|-boost|p2b: Zacian|atk|1\n|turn|4\n|inactive|daniiivgc has 30 seconds left.\n|\n|t:|1773807229\n|move|p2b: Zacian|Protect|p2b: Zacian\n|-singleturn|p2b: Zacian|Protect\n|move|p2a: Annihilape|Close Combat|p1b: Ursaluna\n|-supereffective|p1b: Ursaluna\n|-damage|p1b: Ursaluna|16/100 brn\n|-unboost|p2a: Annihilape|def|1\n|-unboost|p2a: Annihilape|spd|1\n|move|p1b: Ursaluna|Headlong Rush|p2b: Zacian\n|-activate|p2b: Zacian|move: Protect\n|move|p1a: Lunala|Trick Room|p1a: Lunala\n|-fieldstart|move: Trick Room|[of] p1a: Lunala\n|\n|-weather|SunnyDay|[upkeep]\n|-damage|p1b: Ursaluna|10/100 brn|[from] brn\n|-sideend|p1: sheeshshane925|move: Tailwind\n|upkeep\n|turn|5\n|inactive|daniiivgc has 30 seconds left.\n|\n|t:|1773807257\n|move|p1a: Lunala|Wide Guard|p1a: Lunala\n|-singleturn|p1a: Lunala|Wide Guard\n|move|p2b: Zacian|Quick Attack|p1b: Ursaluna\n|-damage|p1b: Ursaluna|0 fnt\n|faint|p1b: Ursaluna\n|move|p2a: Annihilape|Close Combat|p1a: Lunala\n|-resisted|p1a: Lunala\n|-damage|p1a: Lunala|0 fnt\n|-unboost|p2a: Annihilape|def|1\n|-unboost|p2a: Annihilape|spd|1\n|faint|p1a: Lunala\n|\n|-weather|none\n|-fieldend|move: Electric Terrain\n|upkeep\n|\n|t:|1773807263\n|switch|p1b: Miraidon|Miraidon, L50|91/100\n|-fieldstart|move: Electric Terrain|[from] ability: Hadron Engine|[of] p1b: Miraidon\n|turn|6\n|inactive|daniiivgc has 30 seconds left.\n|inactive|daniiivgc has 20 seconds left.\n|inactive|daniiivgc has 15 seconds left.\n|inactive|daniiivgc has 10 seconds left.\n|\n|t:|1773807311\n|move|p1b: Miraidon|Protect|p1b: Miraidon\n|-singleturn|p1b: Miraidon|Protect\n|move|p2b: Zacian|Protect|p2b: Zacian\n|-singleturn|p2b: Zacian|Protect\n|move|p2a: Annihilape|Close Combat|p1b: Miraidon\n|-activate|p1b: Miraidon|move: Protect\n|\n|upkeep\n|turn|7\n|\n|t:|1773807322\n|move|p1b: Miraidon|Electro Drift|p2b: Zacian\n|-crit|p2b: Zacian\n|-damage|p2b: Zacian|0 fnt\n|faint|p2b: Zacian\n|-damage|p1b: Miraidon|82/100|[from] item: Life Orb\n|move|p2a: Annihilape|Close Combat|p1b: Miraidon\n|-damage|p1b: Miraidon|35/100\n|-unboost|p2a: Annihilape|def|1\n|-unboost|p2a: Annihilape|spd|1\n|\n|upkeep\n|turn|8\n|\n|t:|1773807332\n|move|p1b: Miraidon|Electro Drift|p2a: Annihilape\n|-damage|p2a: Annihilape|0 fnt\n|faint|p2a: Annihilape\n|-damage|p1b: Miraidon|25/100|[from] item: Life Orb\n|\n|win|sheeshshane925\n|raw|sheeshshane925's rating: 1379 &rarr; <strong>1406</strong><br />(+27 for winning)\n|raw|daniiivgc's rating: 1507 &rarr; <strong>1480</strong><br />(-27 for losing)\n|l|\u2606sheeshshane925\n|player|p1|\n|l|\u203ddaniiivgc\n|player|p2|\n","uploadtime":1773807500,"views":11,"formatid":"gen9vgc2026regi","rating":1406,"private":0,"password":null}