{"id":"gen9vgc2026regi-2531217190","format":"[Gen 9] VGC 2026 Reg I","players":["Luh_simoes-04","blackred123"],"log":"|j|\u2606Luh_simoes-04\n|j|\u2606blackred123\n|t:|1770033253\n|gametype|doubles\n|player|p1|Luh_simoes-04|drayden|1421\n|player|p2|blackred123|iono-masters|1455\n|gen|9\n|tier|[Gen 9] VGC 2026 Reg I\n|rated|\n|rule|Species Clause: Limit one of each Pok\u00e9mon\n|rule|Item Clause: Limit 1 of each item\n|clearpoke\n|poke|p1|Lunala, L50|\n|poke|p1|Ogerpon-Cornerstone, L50, F|\n|poke|p1|Calyrex-Ice, L50|\n|poke|p1|Urshifu-*, L50, M|\n|poke|p1|Indeedee-F, L50, F|\n|poke|p1|Chi-Yu, L50|\n|poke|p2|Calyrex-Shadow, L50|\n|poke|p2|Zamazenta-*, L50|\n|poke|p2|Chien-Pao, L50|\n|poke|p2|Dragonite, L50, M|\n|poke|p2|Amoonguss, L50, M|\n|poke|p2|Ogerpon-Cornerstone, L50, F|\n|teampreview|4\n|inactive|Battle timer is ON: inactive players will automatically lose when time's up. (requested by Luh_simoes-04)\n|inactive|blackred123 also wants the timer to be on.\n|\n|t:|1770033270\n|teamsize|p1|4\n|teamsize|p2|4\n|start\n|switch|p1a: Indeedee|Indeedee-F, L50, F|100/100\n|switch|p1b: Lunala|Lunala, L50|100/100\n|switch|p2a: Chien-Pao|Chien-Pao, L50|100/100\n|switch|p2b: Dragonite|Dragonite, L50, M|100/100\n|-ability|p2a: Chien-Pao|Sword of Ruin\n|-fieldstart|move: Psychic Terrain|[from] ability: Psychic Surge|[of] p1a: Indeedee\n|turn|1\n|inactive|blackred123 has 30 seconds left.\n|\n|t:|1770033299\n|move|p1a: Indeedee|Follow Me|p1a: Indeedee\n|-singleturn|p1a: Indeedee|move: Follow Me\n|move|p2a: Chien-Pao|Ruination|p1a: Indeedee\n|-damage|p1a: Indeedee|51/100\n|move|p2b: Dragonite|Outrage|p1a: Indeedee\n|-damage|p1a: Indeedee|0 fnt\n|faint|p1a: Indeedee\n|move|p1b: Lunala|Trick Room|p1b: Lunala\n|-fieldstart|move: Trick Room|[of] p1b: Lunala\n|\n|upkeep\n|\n|t:|1770033310\n|switch|p1a: Urshifu|Urshifu, L50, M|100/100\n|turn|2\n|\n|t:|1770033322\n|-terastallize|p1b: Lunala|Fairy\n|move|p1a: Urshifu|Detect|p1a: Urshifu\n|-singleturn|p1a: Urshifu|Protect\n|move|p2a: Chien-Pao|Sucker Punch|p1b: Lunala\n|-activate|p1b: Lunala|move: Psychic Terrain\n|move|p1b: Lunala|Meteor Beam||[still]\n|-prepare|p1b: Lunala|Meteor Beam\n|-boost|p1b: Lunala|spa|1\n|-enditem|p1b: Lunala|Power Herb\n|-anim|p1b: Lunala|Meteor Beam|p2b: Dragonite\n|-supereffective|p2b: Dragonite\n|-damage|p2b: Dragonite|0 fnt\n|faint|p2b: Dragonite\n|\n|upkeep\n|\n|t:|1770033333\n|switch|p2b: Zamazenta|Zamazenta-Crowned, L50|100/100\n|-ability|p2b: Zamazenta|Dauntless Shield|boost\n|-boost|p2b: Zamazenta|def|1\n|turn|3\n|\n|t:|1770033347\n|-terastallize|p2b: Zamazenta|Dragon\n|move|p1a: Urshifu|Close Combat|p2b: Zamazenta\n|-damage|p2b: Zamazenta|65/100\n|-unboost|p1a: Urshifu|def|1\n|-unboost|p1a: Urshifu|spd|1\n|move|p1b: Lunala|Moongeist Beam|p2b: Zamazenta\n|-damage|p2b: Zamazenta|0 fnt\n|faint|p2b: Zamazenta\n|move|p2a: Chien-Pao|Ice Spinner|p1b: Lunala\n|-damage|p1b: Lunala|83/100\n|-fieldend|move: Psychic Terrain\n|\n|upkeep\n|\n|t:|1770033360\n|switch|p2b: Calyrex|Calyrex-Shadow, L50|100/100\n|-ability|p2b: Calyrex|As One\n|-ability|p2b: Calyrex|Unnerve\n|turn|4\n|\n|t:|1770033368\n|move|p2a: Chien-Pao|Sucker Punch|p1a: Urshifu\n|-resisted|p1a: Urshifu\n|-damage|p1a: Urshifu|85/100\n|move|p1a: Urshifu|Wicked Blow|p2b: Calyrex\n|-supereffective|p2b: Calyrex\n|-crit|p2b: Calyrex\n|-enditem|p2b: Calyrex|Focus Sash\n|-damage|p2b: Calyrex|1/100\n|move|p1b: Lunala|Moongeist Beam|p2b: Calyrex\n|-supereffective|p2b: Calyrex\n|-damage|p2b: Calyrex|0 fnt\n|faint|p2b: Calyrex\n|\n|upkeep\n|turn|5\n|-message|blackred123 forfeited.\n|\n|win|Luh_simoes-04\n|raw|Luh_simoes-04's rating: 1421 &rarr; <strong>1443</strong><br />(+22 for winning)\n|raw|blackred123's rating: 1455 &rarr; <strong>1433</strong><br />(-22 for losing)\n|l|\u2606blackred123\n|player|p2|\n|l|\u2606Luh_simoes-04\n|player|p1|\n","uploadtime":1770033531,"views":19,"formatid":"gen9vgc2026regi","rating":1433,"private":0,"password":null}