{"id":"gen9vgc2026regi-2587510334","format":"[Gen 9] VGC 2026 Reg I","players":["N4nD1tt0","pumpkinflame"],"log":"|j|\u2606N4nD1tt0\n|j|\u2606pumpkinflame\n|t:|1776537972\n|gametype|doubles\n|player|p1|N4nD1tt0|pokefan-gen4|1318\n|player|p2|pumpkinflame|adaman-masters|1412\n|gen|9\n|tier|[Gen 9] VGC 2026 Reg I\n|rated|\n|rule|Species Clause: Limit one of each Pok\u00e9mon\n|rule|Item Clause: Limit 1 of each item\n|clearpoke\n|poke|p1|Miraidon, L50|\n|poke|p1|Calyrex-Ice, L50|\n|poke|p1|Iron Hands, L50|\n|poke|p1|Farigiraf, L50, M|\n|poke|p1|Ditto, L50|\n|poke|p1|Urshifu-*, L50, F|\n|poke|p2|Kyogre, L50|\n|poke|p2|Archaludon, L50, F|\n|poke|p2|Rillaboom, L50, F|\n|poke|p2|Roaring Moon, L50|\n|poke|p2|Calyrex-Ice, L50|\n|poke|p2|Incineroar, L50, F|\n|teampreview|4\n|inactive|Battle timer is ON: inactive players will automatically lose when time's up. (requested by N4nD1tt0)\n|\n|t:|1776537999\n|teamsize|p1|4\n|teamsize|p2|4\n|start\n|switch|p1a: Miraidon|Miraidon, L50|100/100\n|switch|p1b: Farigiraf|Farigiraf, L50, M|100/100\n|switch|p2a: K.O|Kyogre, L50|100/100\n|switch|p2b: Miraidon 2|Archaludon, L50, F|100/100\n|-fieldstart|move: Electric Terrain|[from] ability: Hadron Engine|[of] p1a: Miraidon\n|-enditem|p1b: Farigiraf|Electric Seed\n|-boost|p1b: Farigiraf|def|1|[from] item: Electric Seed\n|-weather|RainDance|[from] ability: Drizzle|[of] p2a: K.O\n|turn|1\n|\n|t:|1776538012\n|switch|p2a: Chilly and Willy|Calyrex-Ice, L50|100/100\n|-ability|p2a: Chilly and Willy|As One\n|-ability|p2a: Chilly and Willy|Unnerve\n|move|p1b: Farigiraf|Helping Hand|p1a: Miraidon\n|-singleturn|p1a: Miraidon|Helping Hand|[of] p1b: Farigiraf\n|move|p1a: Miraidon|Volt Switch|p2a: Chilly and Willy\n|-damage|p2a: Chilly and Willy|16/100\n|\n|t:|1776538027\n|switch|p1a: Iron Hands|Iron Hands, L50|100/100|[from] Volt Switch\n|-activate|p1a: Iron Hands|ability: Quark Drive\n|-start|p1a: Iron Hands|quarkdriveatk\n|move|p2b: Miraidon 2|Electro Shot||[still]\n|-prepare|p2b: Miraidon 2|Electro Shot\n|-boost|p2b: Miraidon 2|spa|1\n|-anim|p2b: Miraidon 2|Electro Shot|p1b: Farigiraf\n|-damage|p1b: Farigiraf|45/100\n|\n|-weather|RainDance|[upkeep]\n|-heal|p2a: Chilly and Willy|22/100|[from] item: Leftovers\n|upkeep\n|turn|2\n|\n|t:|1776538048\n|move|p2a: Chilly and Willy|Protect|p2a: Chilly and Willy\n|-singleturn|p2a: Chilly and Willy|Protect\n|move|p2b: Miraidon 2|Electro Shot||[still]\n|-prepare|p2b: Miraidon 2|Electro Shot\n|-boost|p2b: Miraidon 2|spa|1\n|-anim|p2b: Miraidon 2|Electro Shot|p1b: Farigiraf\n|-damage|p1b: Farigiraf|0 fnt\n|faint|p1b: Farigiraf\n|move|p1a: Iron Hands|Low Kick|p2b: Miraidon 2\n|-supereffective|p2b: Miraidon 2\n|-damage|p2b: Miraidon 2|6/100\n|-ability|p2b: Miraidon 2|Stamina|boost\n|-boost|p2b: Miraidon 2|def|1\n|\n|-weather|RainDance|[upkeep]\n|-heal|p2a: Chilly and Willy|28/100|[from] item: Leftovers\n|upkeep\n|\n|t:|1776538052\n|switch|p1b: Ditto|Ditto, L50|100/100\n|-transform|p1b: Ditto|p2a: Chilly and Willy|[from] ability: Imposter\n|-ability|p1b: Ditto|As One\n|-ability|p1b: Ditto|Unnerve\n|turn|3\n|inactive|pumpkinflame has 30 seconds left.\n|\n|t:|1776538086\n|switch|p2a: Mrs. Dreads|Rillaboom, L50, F, shiny|100/100\n|-fieldstart|move: Grassy Terrain|[from] ability: Grassy Surge|[of] p2a: Mrs. Dreads\n|-end|p1a: Iron Hands|Quark Drive\n|move|p2b: Miraidon 2|Electro Shot||[still]\n|-prepare|p2b: Miraidon 2|Electro Shot\n|-boost|p2b: Miraidon 2|spa|1\n|-anim|p2b: Miraidon 2|Electro Shot|p1b: Ditto\n|-damage|p1b: Ditto|24/100\n|move|p1b: Ditto|Glacial Lance|p2b: Miraidon 2|[spread] p2a,p2b\n|-supereffective|p2a: Mrs. Dreads\n|-damage|p2a: Mrs. Dreads|8/100\n|-damage|p2b: Miraidon 2|0 fnt\n|faint|p2b: Miraidon 2\n|-ability|p1b: Ditto|Chilling Neigh|boost\n|-boost|p1b: Ditto|atk|1\n|move|p1a: Iron Hands|Wild Charge|p2a: Mrs. Dreads\n|-resisted|p2a: Mrs. Dreads\n|-damage|p2a: Mrs. Dreads|0 fnt\n|faint|p2a: Mrs. Dreads\n|-damage|p1a: Iron Hands|99/100|[from] Recoil\n|\n|-weather|RainDance|[upkeep]\n|-heal|p1b: Ditto|30/100|[from] Grassy Terrain\n|-heal|p1a: Iron Hands|100/100|[from] Grassy Terrain\n|upkeep\n|\n|t:|1776538100\n|switch|p2a: K.O|Kyogre, L50|100/100\n|switch|p2b: Chilly and Willy|Calyrex-Ice, L50|28/100\n|-ability|p2b: Chilly and Willy|As One\n|-ability|p2b: Chilly and Willy|Unnerve\n|turn|4\n|\n|t:|1776538122\n|move|p2a: K.O|Water Spout|p1b: Ditto|[spread] p1a,p1b\n|-damage|p1a: Iron Hands|24/100\n|-damage|p1b: Ditto|0 fnt\n|faint|p1b: Ditto\n|move|p2b: Chilly and Willy|Glacial Lance|p1a: Iron Hands\n|-damage|p1a: Iron Hands|0 fnt\n|faint|p1a: Iron Hands\n|-end|p1a: Iron Hands|Quark Drive|[silent]\n|-ability|p2b: Chilly and Willy|Chilling Neigh|boost\n|-boost|p2b: Chilly and Willy|atk|1\n|\n|-weather|RainDance|[upkeep]\n|-heal|p2b: Chilly and Willy|33/100|[from] Grassy Terrain\n|-heal|p2b: Chilly and Willy|39/100|[from] item: Leftovers\n|upkeep\n|\n|t:|1776538130\n|switch|p1b: Miraidon|Miraidon, L50|100/100\n|-fieldstart|move: Electric Terrain|[from] ability: Hadron Engine|[of] p1b: Miraidon\n|turn|5\n|inactive|pumpkinflame has 30 seconds left.\n|\n|t:|1776538164\n|-terastallize|p1b: Miraidon|Fairy\n|-terastallize|p2a: K.O|Dragon\n|move|p1b: Miraidon|Dazzling Gleam|p2a: K.O|[spread] p2a,p2b\n|-supereffective|p2a: K.O\n|-damage|p2a: K.O|10/100\n|-damage|p2b: Chilly and Willy|0 fnt\n|faint|p2b: Chilly and Willy\n|move|p2a: K.O|Ice Beam|p1b: Miraidon\n|-damage|p1b: Miraidon|68/100\n|\n|-weather|none\n|upkeep\n|turn|6\n|\n|t:|1776538180\n|move|p1b: Miraidon|Dazzling Gleam|p2a: K.O\n|-supereffective|p2a: K.O\n|-damage|p2a: K.O|0 fnt\n|faint|p2a: K.O\n|\n|win|N4nD1tt0\n|raw|N4nD1tt0's rating: 1318 &rarr; <strong>1343</strong><br />(+25 for winning)\n|raw|pumpkinflame's rating: 1412 &rarr; <strong>1387</strong><br />(-25 for losing)\n|l|\u2606pumpkinflame\n|player|p2|\n|l|\u2606N4nD1tt0\n|player|p1|\n","uploadtime":1776538331,"views":10,"formatid":"gen9vgc2026regi","rating":1343,"private":0,"password":null}