{"id":"gen9vgc2026regi-2542033148","format":"[Gen 9] VGC 2026 Reg I","players":["liamvgc1","huanyu0.0"],"log":"|j|\u2606liamvgc1\n|j|\u2606huanyu0.0\n|t:|1771403274\n|gametype|doubles\n|player|p1|liamvgc1|giovanni|1297\n|player|p2|huanyu0.0|1|1383\n|gen|9\n|tier|[Gen 9] VGC 2026 Reg I\n|rated|\n|rule|Species Clause: Limit one of each Pok\u00e9mon\n|rule|Item Clause: Limit 1 of each item\n|clearpoke\n|poke|p1|Chi-Yu, L50|\n|poke|p1|Urshifu-*, L50, M|\n|poke|p1|Farigiraf, L50, F|\n|poke|p1|Whimsicott, L50, F|\n|poke|p1|Miraidon, L50|\n|poke|p1|Zacian-*, L50|\n|poke|p2|Miraidon, L50|\n|poke|p2|Calyrex-Ice, L50|\n|poke|p2|Landorus, L50, M|\n|poke|p2|Volcarona, L50, F|\n|poke|p2|Grimmsnarl, L50, M|\n|poke|p2|Farigiraf, L50, M|\n|teampreview|4\n|inactive|Battle timer is ON: inactive players will automatically lose when time's up. (requested by liamvgc1)\n|\n|t:|1771403301\n|teamsize|p1|4\n|teamsize|p2|4\n|start\n|switch|p1a: Miraidon|Miraidon, L50|100/100\n|switch|p1b: Zacian|Zacian-Crowned, L50|100/100\n|switch|p2a: Miraidon|Miraidon, L50|100/100\n|switch|p2b: Farigiraf|Farigiraf, L50, M|100/100\n|-ability|p1b: Zacian|Intrepid Sword|boost\n|-boost|p1b: Zacian|atk|1\n|-fieldstart|move: Electric Terrain|[from] ability: Hadron Engine|[of] p1a: Miraidon\n|-enditem|p2b: Farigiraf|Electric Seed\n|-boost|p2b: Farigiraf|def|1|[from] item: Electric Seed\n|-activate|p2a: Miraidon|ability: Hadron Engine\n|turn|1\n|inactive|huanyu0.0 has 30 seconds left.\n|\n|t:|1771403329\n|-terastallize|p2a: Miraidon|Electric\n|move|p1b: Zacian|Protect|p1b: Zacian\n|-singleturn|p1b: Zacian|Protect\n|move|p1a: Miraidon|Volt Switch|p2b: Farigiraf\n|-damage|p2b: Farigiraf|5/100\n|\n|t:|1771403336\n|switch|p1a: Farigiraf|Farigiraf, L50, F|100/100|[from] Volt Switch\n|-enditem|p1a: Farigiraf|Electric Seed\n|-boost|p1a: Farigiraf|def|1|[from] item: Electric Seed\n|move|p2a: Miraidon|Volt Switch|p1b: Zacian\n|-activate|p1b: Zacian|move: Protect\n|move|p2b: Farigiraf|Trick Room|p2b: Farigiraf\n|-fieldstart|move: Trick Room|[of] p2b: Farigiraf\n|\n|upkeep\n|turn|2\n|\n|t:|1771403353\n|move|p2b: Farigiraf|Helping Hand|p2a: Miraidon\n|-singleturn|p2a: Miraidon|Helping Hand|[of] p2b: Farigiraf\n|move|p1a: Farigiraf|Foul Play|p2b: Farigiraf\n|-supereffective|p2b: Farigiraf\n|-damage|p2b: Farigiraf|0 fnt\n|faint|p2b: Farigiraf\n|move|p2a: Miraidon|Electro Drift|p1a: Farigiraf\n|-damage|p1a: Farigiraf|0 fnt\n|faint|p1a: Farigiraf\n|move|p1b: Zacian|Play Rough|p2a: Miraidon|[miss]\n|-miss|p1b: Zacian|p2a: Miraidon\n|\n|upkeep\n|\n|t:|1771403369\n|switch|p2b: Landorus|Landorus, L50, M|100/100\n|switch|p1a: Urshifu|Urshifu-Rapid-Strike, L50, M|100/100\n|turn|3\n|\n|t:|1771403385\n|move|p2b: Landorus|Sandsear Storm|p1a: Urshifu|[spread] p1a,p1b\n|-supereffective|p1b: Zacian\n|-damage|p1a: Urshifu|22/100\n|-damage|p1b: Zacian|0 fnt\n|faint|p1b: Zacian\n|move|p1a: Urshifu|Surging Strikes|p2b: Landorus\n|-supereffective|p2b: Landorus\n|-crit|p2b: Landorus\n|-damage|p2b: Landorus|50/100\n|-supereffective|p2b: Landorus\n|-crit|p2b: Landorus\n|-damage|p2b: Landorus|0 fnt\n|faint|p2b: Landorus\n|-hitcount|p2: Landorus|2\n|move|p2a: Miraidon|Electro Drift|p1a: Urshifu\n|-supereffective|p1a: Urshifu\n|-damage|p1a: Urshifu|0 fnt\n|faint|p1a: Urshifu\n|\n|upkeep\n|\n|t:|1771403393\n|switch|p2b: Calyrex|Calyrex-Ice, L50|100/100\n|switch|p1b: Miraidon|Miraidon, L50|100/100\n|-ability|p2b: Calyrex|As One\n|-ability|p2b: Calyrex|Unnerve\n|-activate|p1b: Miraidon|ability: Hadron Engine\n|turn|4\n|\n|t:|1771403403\n|-terastallize|p1b: Miraidon|Fairy\n|move|p2b: Calyrex|Glacial Lance|p1b: Miraidon\n|-damage|p1b: Miraidon|29/100\n|move|p2a: Miraidon|Draco Meteor|p1b: Miraidon\n|-immune|p1b: Miraidon\n|move|p1b: Miraidon|Dazzling Gleam|p2a: Miraidon|[spread] p2a,p2b\n|-damage|p2a: Miraidon|65/100\n|-damage|p2b: Calyrex|56/100\n|\n|upkeep\n|turn|5\n|\n|t:|1771403415\n|move|p2b: Calyrex|Glacial Lance|p1b: Miraidon\n|-damage|p1b: Miraidon|0 fnt\n|faint|p1b: Miraidon\n|\n|win|huanyu0.0\n|raw|liamvgc1's rating: 1297 &rarr; <strong>1278</strong><br />(-19 for losing)\n|raw|huanyu0.0's rating: 1383 &rarr; <strong>1398</strong><br />(+15 for winning)\n|l|\u2606liamvgc1\n|player|p1|\n|l|\u2606huanyu0.0\n|player|p2|\n","uploadtime":1771403577,"views":11,"formatid":"gen9vgc2026regi","rating":1278,"private":0,"password":null}