{"id":"gen9vgc2026regi-2558637127","format":"[Gen 9] VGC 2026 Reg I","players":["pigs2fly","TheGuyWithACloak"],"log":"|j|\u2606pigs2fly\n|j|\u2606TheGuyWithACloak\n|html|<table width=\"100%\"><tr><td align=\"left\">pigs2fly</td><td align=\"right\">TheGuyWithACloak</tr><tr><td align=\"left\"><i class=\"fa fa-circle\"></i> <i class=\"fa fa-circle-o\"></i> </td><td align=\"right\"><i class=\"fa fa-circle-o\"></i> <i class=\"fa fa-circle-o\"></i> </tr></table>\n|uhtml|bestof|<h2><strong>Game 2</strong> of <a href=\"/game-bestof3-gen9vgc2026regi-2558635155\">a best-of-3</a></h2>\n|t:|1773456845\n|gametype|doubles\n|player|p1|pigs2fly|dexio|\n|player|p2|TheGuyWithACloak|cynthia-gen4|\n|gen|9\n|tier|[Gen 9] VGC 2026 Reg I\n|rated|Tournament battle\n|rule|Species Clause: Limit one of each Pok\u00e9mon\n|rule|Item Clause: Limit 1 of each item\n|raw|<div class=\"infobox\"><details class=\"readmore\" open><summary><strong>4 custom rules:</strong></summary> Open Team Sheets, Force Open Team Sheets, !Open Team Sheets, Best of = 3</details></div>\n|clearpoke\n|poke|p1|Annihilape, L50, M|\n|poke|p1|Tornadus, L50, M|\n|poke|p1|Dondozo, L50, M|\n|poke|p1|Tatsugiri, L50, M|\n|poke|p1|Zacian-*, L50|\n|poke|p1|Kyogre, L50|\n|poke|p2|Raging Bolt, L50|\n|poke|p2|Ogerpon-Wellspring, L50, F|\n|poke|p2|Landorus, L50, M|\n|poke|p2|Flutter Mane, L50|\n|poke|p2|Calyrex-Ice, L50|\n|poke|p2|Terapagos, L50, M|\n|teampreview|4\n|showteam|p1|Annihilape||ChoiceScarf|Defiant|FinalGambit,Coaching,CloseCombat,ShadowClaw|||M|||50|,,,,,Ground]Tornadus||AbilityShield|Prankster|Protect,Tailwind,Hurricane,RainDance|||M|||50|,,,,,Steel]Dondozo||Leftovers|Unaware|Protect,OrderUp,Earthquake,WaveCrash|||M|||50|,,,,,Grass]Tatsugiri||FocusSash|Commander|Protect,Taunt,MuddyWater,DragonPulse|||M|||50|,,,,,Stellar]Zacian-Crowned||RustedSword|IntrepidSword|Protect,Substitute,PlayRough,behemothblade||||||50|,,,,,Fairy]Kyogre||ChoiceSpecs|Drizzle|IceBeam,HydroPump,OriginPulse,WaterSpout||||||50|,,,,,Ghost\n|showteam|p2|Raging Bolt||AssaultVest|Protosynthesis|DracoMeteor,Thunderbolt,Snarl,Thunderclap||||||50|,,,,,Fairy]Ogerpon-Wellspring||WellspringMask|WaterAbsorb|IvyCudgel,HornLeech,SpikyShield,FollowMe|||F|||50|,,,,,Water]Landorus||LifeOrb|SheerForce|SandsearStorm,EarthPower,SludgeBomb,Protect|||M|||50|,,,,,Water]Flutter Mane||BoosterEnergy|Protosynthesis|ThunderWave,Taunt,IcyWind,Moonblast||||||50|,,,,,Normal]Calyrex-Ice||ClearAmulet|AsOneGlastrier|GlacialLance,HighHorsepower,TrickRoom,Protect||||||50|,,,,,Water]Terapagos||ChoiceSpecs|TeraShift|TeraStarstorm,EarthPower,DarkPulse,SleepTalk|||M|||50|,,,,,Stellar\n|j|+Flarefox\n|j| Unskilled99\n|l| Unskilled99\n|c|\u2606TheGuyWithACloak|I must do this\n|j| TheHorrorHare\n|j| MEXES\n|j| Tindall64\n|j| Ali_0009\n|j| Unskilled99\n|j|%Tb0lt\n|\n|t:|1773456881\n|teamsize|p1|4\n|teamsize|p2|4\n|start\n|switch|p1a: Zacian|Zacian-Crowned, L50, shiny|100/100\n|switch|p1b: Annihilape|Annihilape, L50, M|100/100\n|switch|p2a: Flutter Mane|Flutter Mane, L50, shiny|100/100\n|switch|p2b: Calyrex|Calyrex-Ice, L50|100/100\n|-ability|p2b: Calyrex|As One\n|-ability|p2b: Calyrex|Unnerve\n|-ability|p1a: Zacian|Intrepid Sword|boost\n|-boost|p1a: Zacian|atk|1\n|-enditem|p2a: Flutter Mane|Booster Energy\n|-activate|p2a: Flutter Mane|ability: Protosynthesis|[fromitem]\n|-start|p2a: Flutter Mane|protosynthesisspe\n|turn|1\n|\n|t:|1773456913\n|switch|p1b: Tatsugiri|Tatsugiri, L50, M|100/100\n|switch|p1a: Dondozo|Dondozo, L50, M|100/100\n|-activate|p1b: Tatsugiri|ability: Commander|[of] p1a: Dondozo\n|-boost|p1a: Dondozo|atk|2\n|-boost|p1a: Dondozo|spa|2\n|-boost|p1a: Dondozo|spe|2\n|-boost|p1a: Dondozo|def|2\n|-boost|p1a: Dondozo|spd|2\n|move|p2b: Calyrex|Protect|p2b: Calyrex\n|-singleturn|p2b: Calyrex|Protect\n|move|p2a: Flutter Mane|Thunder Wave|p1a: Dondozo\n|-status|p1a: Dondozo|par\n|\n|upkeep\n|turn|2\n|j| paldean ice cream\n|l| TheHorrorHare\n|l| paldean ice cream\n|\n|t:|1773456935\n|switch|p2b: Landorus|Landorus, L50, M|100/100\n|move|p2a: Flutter Mane|Icy Wind|p1a: Dondozo|[spread] p1a\n|-miss|p2a: Flutter Mane|p1b: Tatsugiri\n|-resisted|p1a: Dondozo\n|-damage|p1a: Dondozo|98/100 par\n|-unboost|p1a: Dondozo|spe|1\n|move|p1a: Dondozo|Earthquake|p2b: Landorus|[spread] p2a\n|-miss|p1a: Dondozo|p1b: Tatsugiri\n|-immune|p2b: Landorus\n|-damage|p2a: Flutter Mane|51/100\n|\n|-heal|p1a: Dondozo|100/100 par|[from] item: Leftovers\n|upkeep\n|turn|3\n|\n|t:|1773456944\n|-end|p2a: Flutter Mane|Protosynthesis|[silent]\n|switch|p2a: Raging Bolt|Raging Bolt, L50|100/100\n|move|p2b: Landorus|Protect|p2b: Landorus\n|-singleturn|p2b: Landorus|Protect\n|cant|p1a: Dondozo|par\n|\n|upkeep\n|turn|4\n|j| TimeforCHILLI\n|l| TimeforCHILLI\n|\n|t:|1773456967\n|move|p2b: Landorus|Sludge Bomb|p1a: Dondozo\n|-damage|p1a: Dondozo|78/100 par\n|move|p2a: Raging Bolt|Thunderbolt|p1a: Dondozo\n|-supereffective|p1a: Dondozo\n|-damage|p1a: Dondozo|35/100 par\n|move|p1a: Dondozo|Earthquake|p2a: Raging Bolt|[spread] p2a\n|-miss|p1a: Dondozo|p1b: Tatsugiri\n|-immune|p2b: Landorus\n|-supereffective|p2a: Raging Bolt\n|-damage|p2a: Raging Bolt|34/100\n|\n|-heal|p1a: Dondozo|41/100 par|[from] item: Leftovers\n|upkeep\n|turn|5\n|\n|t:|1773456979\n|move|p1a: Dondozo|Protect|p1a: Dondozo\n|-singleturn|p1a: Dondozo|Protect\n|move|p2b: Landorus|Sludge Bomb|p1a: Dondozo\n|-activate|p1a: Dondozo|move: Protect\n|move|p2a: Raging Bolt|Thunderbolt|p1a: Dondozo\n|-activate|p1a: Dondozo|move: Protect\n|\n|-heal|p1a: Dondozo|48/100 par|[from] item: Leftovers\n|upkeep\n|turn|6\n|\n|t:|1773456984\n|move|p2b: Landorus|Sludge Bomb|p1a: Dondozo\n|-damage|p1a: Dondozo|28/100 par\n|move|p2a: Raging Bolt|Thunderbolt|p1a: Dondozo\n|-supereffective|p1a: Dondozo\n|-damage|p1a: Dondozo|0 fnt\n|faint|p1a: Dondozo\n|\n|upkeep\n|\n|t:|1773456993\n|switch|p1a: Zacian|Zacian-Crowned, L50, shiny|100/100\n|turn|7\n|\n|t:|1773457025\n|-terastallize|p1a: Zacian|Fairy\n|-terastallize|p2b: Landorus|Water\n|move|p1a: Zacian|Play Rough|p2a: Raging Bolt\n|-supereffective|p2a: Raging Bolt\n|-damage|p2a: Raging Bolt|0 fnt\n|faint|p2a: Raging Bolt\n|-end|p2a: Raging Bolt|Protosynthesis|[silent]\n|move|p2b: Landorus|Earth Power|p1a: Zacian\n|-damage|p1a: Zacian|43/100\n|move|p1b: Tatsugiri|Muddy Water|p2b: Landorus\n|-resisted|p2b: Landorus\n|-damage|p2b: Landorus|74/100\n|-unboost|p2b: Landorus|accuracy|1\n|\n|upkeep\n|\n|t:|1773457036\n|switch|p2a: Calyrex|Calyrex-Ice, L50|100/100\n|-ability|p2a: Calyrex|As One\n|-ability|p2a: Calyrex|Unnerve\n|turn|8\n|l| Unskilled99\n|\n|t:|1773457059\n|switch|p2b: Flutter Mane|Flutter Mane, L50, shiny|51/100\n|move|p1a: Zacian|Protect|p1a: Zacian\n|-singleturn|p1a: Zacian|Protect\n|move|p1b: Tatsugiri|Taunt|p2a: Calyrex\n|-start|p2a: Calyrex|move: Taunt\n|cant|p2a: Calyrex|move: Taunt|Trick Room\n|\n|upkeep\n|turn|9\n|\n|t:|1773457071\n|move|p1a: Zacian|Behemoth Blade|p2b: Flutter Mane\n|-supereffective|p2b: Flutter Mane\n|-damage|p2b: Flutter Mane|0 fnt\n|faint|p2b: Flutter Mane\n|-end|p2b: Flutter Mane|Protosynthesis|[silent]\n|move|p1b: Tatsugiri|Muddy Water|p2a: Calyrex\n|-damage|p2a: Calyrex|72/100\n|move|p2a: Calyrex|Glacial Lance|p1b: Tatsugiri|[spread] p1a,p1b\n|-damage|p1a: Zacian|0 fnt\n|-enditem|p1b: Tatsugiri|Focus Sash\n|-damage|p1b: Tatsugiri|1/100\n|faint|p1a: Zacian\n|-ability|p2a: Calyrex|Chilling Neigh|boost\n|-boost|p2a: Calyrex|atk|1\n|\n|upkeep\n|\n|t:|1773457076\n|switch|p1a: Annihilape|Annihilape, L50, M|100/100\n|switch|p2b: Landorus|Landorus, L50, M, tera:Water|74/100\n|turn|10\n|\n|t:|1773457088\n|move|p1a: Annihilape|Shadow Claw|p2a: Calyrex\n|-supereffective|p2a: Calyrex\n|-damage|p2a: Calyrex|40/100\n|move|p2b: Landorus|Sandsear Storm|p1b: Tatsugiri|[spread] p1a\n|-miss|p2b: Landorus|p1b: Tatsugiri\n|-damage|p1a: Annihilape|43/100\n|move|p1b: Tatsugiri|Dragon Pulse|p2a: Calyrex\n|-damage|p2a: Calyrex|14/100\n|move|p2a: Calyrex|Glacial Lance|p1a: Annihilape|[spread] p1a,p1b\n|-damage|p1a: Annihilape|0 fnt\n|-damage|p1b: Tatsugiri|0 fnt\n|faint|p1a: Annihilape\n|faint|p1b: Tatsugiri\n|\n|win|TheGuyWithACloak\n","uploadtime":1773457089,"views":12,"formatid":"gen9vgc2026regi","rating":null,"private":0,"password":null}