{"id":"gen9vgc2026regi-2578956424","format":"[Gen 9] VGC 2026 Reg I","players":["fogdocker","buggybrain"],"log":"|j|\u2606fogdocker\n|j|\u2606buggybrain\n|t:|1775740252\n|gametype|doubles\n|player|p1|fogdocker|101|1583\n|player|p2|buggybrain|hiker-gen4|1589\n|gen|9\n|tier|[Gen 9] VGC 2026 Reg I\n|rated|\n|rule|Species Clause: Limit one of each Pok\u00e9mon\n|rule|Item Clause: Limit 1 of each item\n|clearpoke\n|poke|p1|Calyrex-Ice, L50|\n|poke|p1|Koraidon, L50|\n|poke|p1|Flutter Mane, L50|\n|poke|p1|Incineroar, L50, M|\n|poke|p1|Rillaboom, L50, F|\n|poke|p1|Volcarona, L50, M|\n|poke|p2|Chien-Pao, L50|\n|poke|p2|Zacian-*, L50|\n|poke|p2|Kyogre, L50|\n|poke|p2|Urshifu-*, L50, M|\n|poke|p2|Roaring Moon, L50|\n|poke|p2|Amoonguss, L50, M|\n|teampreview|4\n|inactive|Battle timer is ON: inactive players will automatically lose when time's up. (requested by fogdocker)\n|\n|t:|1775740278\n|teamsize|p1|4\n|teamsize|p2|4\n|start\n|switch|p1a: Calyrex|Calyrex-Ice, L50|100/100\n|switch|p1b: Rillaboom|Rillaboom, L50, F|100/100\n|switch|p2a: Vulcan|Urshifu-Rapid-Strike, L50, M|100/100\n|switch|p2b: Runaway|Kyogre, L50, shiny|100/100\n|-ability|p1a: Calyrex|As One\n|-ability|p1a: Calyrex|Unnerve\n|-weather|RainDance|[from] ability: Drizzle|[of] p2b: Runaway\n|-fieldstart|move: Grassy Terrain|[from] ability: Grassy Surge|[of] p1b: Rillaboom\n|turn|1\n|inactive|fogdocker has 30 seconds left.\n|inactive|buggybrain has 30 seconds left.\n|inactive|fogdocker has 20 seconds left.\n|inactive|buggybrain has 20 seconds left.\n|inactive|fogdocker has 15 seconds left.\n|inactive|buggybrain has 15 seconds left.\n|inactive|buggybrain has 10 seconds left.\n|\n|t:|1775740328\n|switch|p2b: Prince|Zacian-Crowned, L50, shiny|100/100\n|-ability|p2b: Prince|Intrepid Sword|boost\n|-boost|p2b: Prince|atk|1\n|-terastallize|p1a: Calyrex|Water\n|move|p2a: Vulcan|Detect|p2a: Vulcan\n|-singleturn|p2a: Vulcan|Protect\n|move|p1b: Rillaboom|Wood Hammer|p2b: Prince\n|-resisted|p2b: Prince\n|-damage|p2b: Prince|66/100\n|-damage|p1b: Rillaboom|90/100|[from] Recoil\n|move|p1a: Calyrex|Leech Seed|p2a: Vulcan\n|-activate|p2a: Vulcan|move: Protect\n|\n|-weather|RainDance|[upkeep]\n|-heal|p2b: Prince|72/100|[from] Grassy Terrain\n|-heal|p1b: Rillaboom|96/100|[from] Grassy Terrain\n|upkeep\n|turn|2\n|inactive|fogdocker has 30 seconds left.\n|inactive|fogdocker has 20 seconds left.\n|inactive|fogdocker has 15 seconds left.\n|inactive|fogdocker has 10 seconds left.\n|inactive|fogdocker has 5 seconds left.\n|\n|t:|1775740379\n|switch|p1b: Incineroar|Incineroar, L50, M|100/100\n|-ability|p1b: Incineroar|Intimidate|boost\n|-unboost|p2a: Vulcan|atk|1\n|-unboost|p2b: Prince|atk|1\n|move|p2b: Prince|Play Rough|p1b: Incineroar\n|-damage|p1b: Incineroar|62/100\n|move|p2a: Vulcan|Surging Strikes|p1b: Incineroar\n|-supereffective|p1b: Incineroar\n|-crit|p1b: Incineroar\n|-damage|p1b: Incineroar|5/100\n|-supereffective|p1b: Incineroar\n|-crit|p1b: Incineroar\n|-damage|p1b: Incineroar|0 fnt\n|faint|p1b: Incineroar\n|-hitcount|p1: Incineroar|2\n|move|p1a: Calyrex|Leech Seed|p2b: Prince\n|-start|p2b: Prince|move: Leech Seed\n|\n|-weather|RainDance|[upkeep]\n|-heal|p2b: Prince|78/100|[from] Grassy Terrain\n|-damage|p2b: Prince|66/100|[from] Leech Seed|[of] p1a: Calyrex\n|upkeep\n|\n|t:|1775740391\n|switch|p1b: Rillaboom|Rillaboom, L50, F|96/100\n|turn|3\n|inactive|buggybrain has 30 seconds left.\n|\n|t:|1775740419\n|move|p1b: Rillaboom|Fake Out|p2b: Prince\n|-resisted|p2b: Prince\n|-damage|p2b: Prince|61/100\n|cant|p2b: Prince|flinch\n|move|p2a: Vulcan|Surging Strikes|p1b: Rillaboom\n|-resisted|p1b: Rillaboom\n|-crit|p1b: Rillaboom\n|-damage|p1b: Rillaboom|78/100\n|-resisted|p1b: Rillaboom\n|-crit|p1b: Rillaboom\n|-damage|p1b: Rillaboom|58/100\n|-resisted|p1b: Rillaboom\n|-crit|p1b: Rillaboom\n|-damage|p1b: Rillaboom|40/100\n|-hitcount|p1b: Rillaboom|3\n|move|p1a: Calyrex|Trick Room|p1a: Calyrex\n|-fieldstart|move: Trick Room|[of] p1a: Calyrex\n|\n|-weather|RainDance|[upkeep]\n|-heal|p1b: Rillaboom|46/100|[from] Grassy Terrain\n|-heal|p2b: Prince|67/100|[from] Grassy Terrain\n|-damage|p2b: Prince|55/100|[from] Leech Seed|[of] p1a: Calyrex\n|upkeep\n|turn|4\n|inactive|buggybrain has 30 seconds left.\n|inactive|buggybrain has 20 seconds left.\n|\n|t:|1775740458\n|move|p2a: Vulcan|Detect|p2a: Vulcan\n|-singleturn|p2a: Vulcan|Protect\n|move|p1a: Calyrex|Glacial Lance|p2b: Prince|[spread] p2b\n|-activate|p2a: Vulcan|move: Protect\n|-resisted|p2b: Prince\n|-damage|p2b: Prince|33/100\n|move|p1b: Rillaboom|Wood Hammer|p2a: Vulcan\n|-activate|p2a: Vulcan|move: Protect\n|move|p2b: Prince|Behemoth Blade|p1b: Rillaboom\n|-damage|p1b: Rillaboom|0 fnt\n|faint|p1b: Rillaboom\n|\n|-weather|RainDance|[upkeep]\n|-heal|p2b: Prince|39/100|[from] Grassy Terrain\n|-damage|p2b: Prince|27/100|[from] Leech Seed|[of] p1a: Calyrex\n|upkeep\n|\n|t:|1775740462\n|switch|p1b: Koraidon|Koraidon, L50|100/100\n|-weather|SunnyDay|[from] ability: Orichalcum Pulse|[of] p1b: Koraidon\n|-activate|p1b: Koraidon|Orichalcum Pulse|[source]\n|turn|5\n|\n|t:|1775740484\n|switch|p2b: Runaway|Kyogre, L50, shiny|100/100\n|-weather|RainDance|[from] ability: Drizzle|[of] p2b: Runaway\n|move|p1a: Calyrex|Glacial Lance|p2a: Vulcan|[spread] p2a,p2b\n|-resisted|p2a: Vulcan\n|-resisted|p2b: Runaway\n|-damage|p2a: Vulcan|78/100\n|-damage|p2b: Runaway|79/100\n|move|p2a: Vulcan|Surging Strikes|p1a: Calyrex\n|-resisted|p1a: Calyrex\n|-crit|p1a: Calyrex\n|-damage|p1a: Calyrex|91/100\n|-resisted|p1a: Calyrex\n|-crit|p1a: Calyrex\n|-damage|p1a: Calyrex|82/100\n|-resisted|p1a: Calyrex\n|-crit|p1a: Calyrex\n|-damage|p1a: Calyrex|72/100\n|-hitcount|p1a: Calyrex|3\n|move|p1b: Koraidon|Close Combat|p2a: Vulcan\n|-damage|p2a: Vulcan|0 fnt\n|-unboost|p1b: Koraidon|def|1\n|-unboost|p1b: Koraidon|spd|1\n|faint|p2a: Vulcan\n|-damage|p1b: Koraidon|91/100|[from] item: Life Orb\n|\n|-weather|RainDance|[upkeep]\n|-heal|p1a: Calyrex|77/100|[from] Grassy Terrain\n|-heal|p1a: Calyrex|83/100|[from] item: Leftovers\n|-heal|p2b: Runaway|85/100|[from] Grassy Terrain\n|-heal|p1b: Koraidon|96/100|[from] Grassy Terrain\n|-fieldend|move: Grassy Terrain\n|upkeep\n|\n|t:|1775740507\n|switch|p2a: METAVISION|Amoonguss, L50, M, shiny|100/100\n|turn|6\n|\n|t:|1775740518\n|move|p2a: METAVISION|Spore|p1a: Calyrex\n|-status|p1a: Calyrex|slp|[from] move: Spore\n|cant|p1a: Calyrex|slp\n|move|p2b: Runaway|Water Spout|p1b: Koraidon|[spread] p1a,p1b\n|-resisted|p1a: Calyrex\n|-resisted|p1b: Koraidon\n|-damage|p1a: Calyrex|51/100 slp\n|-damage|p1b: Koraidon|16/100\n|move|p1b: Koraidon|Close Combat|p2b: Runaway\n|-damage|p2b: Runaway|2/100\n|-unboost|p1b: Koraidon|def|1\n|-unboost|p1b: Koraidon|spd|1\n|-damage|p1b: Koraidon|6/100|[from] item: Life Orb\n|\n|-weather|RainDance|[upkeep]\n|-heal|p1a: Calyrex|57/100 slp|[from] item: Leftovers\n|upkeep\n|turn|7\n|inactive|buggybrain has 30 seconds left.\n|\n|t:|1775740551\n|-terastallize|p2a: METAVISION|Water\n|move|p1b: Koraidon|Protect|p1b: Koraidon\n|-singleturn|p1b: Koraidon|Protect\n|move|p2a: METAVISION|Pollen Puff|p2b: Runaway\n|-heal|p2b: Runaway|52/100\n|-curestatus|p1a: Calyrex|slp|[msg]\n|move|p1a: Calyrex|Glacial Lance|p2a: METAVISION|[spread] p2a,p2b\n|-resisted|p2a: METAVISION\n|-resisted|p2b: Runaway\n|-damage|p2a: METAVISION|84/100\n|-damage|p2b: Runaway|29/100\n|move|p2b: Runaway|Origin Pulse|p1a: Calyrex|[spread] p1a\n|-activate|p1b: Koraidon|move: Protect\n|-resisted|p1a: Calyrex\n|-damage|p1a: Calyrex|28/100\n|\n|-weather|RainDance|[upkeep]\n|-heal|p1a: Calyrex|34/100|[from] item: Leftovers\n|-fieldend|move: Trick Room\n|upkeep\n|turn|8\n|inactive|fogdocker has 30 seconds left.\n|inactive|fogdocker has 20 seconds left.\n|inactive|fogdocker has 15 seconds left.\n|\n|t:|1775740596\n|move|p1b: Koraidon|Close Combat|p2a: METAVISION\n|-damage|p2a: METAVISION|25/100\n|-unboost|p1b: Koraidon|def|1\n|-unboost|p1b: Koraidon|spd|1\n|-damage|p1b: Koraidon|0 fnt|[from] item: Rocky Helmet|[of] p2a: METAVISION\n|faint|p1b: Koraidon\n|move|p2b: Runaway|Origin Pulse|p1a: Calyrex\n|-resisted|p1a: Calyrex\n|-damage|p1a: Calyrex|0 fnt\n|faint|p1a: Calyrex\n|\n|win|buggybrain\n|raw|fogdocker's rating: 1583 &rarr; <strong>1563</strong><br />(-20 for losing)\n|raw|buggybrain's rating: 1589 &rarr; <strong>1609</strong><br />(+20 for winning)\n|l|\u2606fogdocker\n|player|p1|\n|l|\u2606buggybrain\n|player|p2|\n","uploadtime":1775740764,"views":20,"formatid":"gen9vgc2026regi","rating":1563,"private":0,"password":null}