{"id":"gen9vgc2026regi-2564878047","format":"[Gen 9] VGC 2026 Reg I","players":["Bowman10454","Jonen"],"log":"|j|\u2606Bowman10454\n|j|\u2606Jonen\n|t:|1774206524\n|gametype|doubles\n|player|p1|Bowman10454|1|1361\n|player|p2|Jonen|hiker-gen4|1308\n|gen|9\n|tier|[Gen 9] VGC 2026 Reg I\n|rated|\n|rule|Species Clause: Limit one of each Pok\u00e9mon\n|rule|Item Clause: Limit 1 of each item\n|clearpoke\n|poke|p1|Calyrex-Ice, L50|\n|poke|p1|Ursaluna-Bloodmoon, L50, M|\n|poke|p1|Whimsicott, L50, M|\n|poke|p1|Miraidon, L50|\n|poke|p1|Ogerpon-Wellspring, L50, F|\n|poke|p1|Walking Wake, L50|\n|poke|p2|Groudon, L50|\n|poke|p2|Lunala, L50|\n|poke|p2|Sableye, L50, M|\n|poke|p2|Chi-Yu, L50|\n|poke|p2|Rillaboom, L50, M|\n|poke|p2|Jumpluff, L50, F|\n|teampreview|4\n|\n|t:|1774206563\n|teamsize|p1|4\n|teamsize|p2|4\n|start\n|switch|p1a: Walking Wake|Walking Wake, L50|100/100\n|switch|p1b: Whimsicott|Whimsicott, L50, M|100/100\n|switch|p2a: Groudon|Groudon, L50|100/100\n|switch|p2b: Sableye|Sableye, L50, M|100/100\n|-weather|SunnyDay|[from] ability: Drought|[of] p2a: Groudon\n|-activate|p1a: Walking Wake|ability: Protosynthesis\n|-start|p1a: Walking Wake|protosynthesisspe\n|turn|1\n|\n|t:|1774206589\n|move|p2a: Groudon|Protect|p2a: Groudon\n|-singleturn|p2a: Groudon|Protect\n|move|p1b: Whimsicott|Tailwind|p1b: Whimsicott\n|-sidestart|p1: Bowman10454|move: Tailwind\n|move|p2b: Sableye|Gravity|p2b: Sableye\n|-fieldstart|move: Gravity\n|move|p1a: Walking Wake|Hydro Steam|p2a: Groudon\n|-activate|p2a: Groudon|move: Protect\n|\n|-weather|SunnyDay|[upkeep]\n|upkeep\n|turn|2\n|\n|t:|1774206598\n|switch|p2a: Lunala|Lunala, L50|100/100\n|move|p2b: Sableye|Disable|p1a: Walking Wake\n|-start|p1a: Walking Wake|Disable|Hydro Steam\n|cant|p1a: Walking Wake|Disable|Hydro Steam\n|move|p1b: Whimsicott|Moonblast|p2b: Sableye\n|-supereffective|p2b: Sableye\n|-enditem|p2b: Sableye|Focus Sash\n|-damage|p2b: Sableye|1/100\n|-unboost|p2b: Sableye|spa|1\n|\n|-weather|SunnyDay|[upkeep]\n|upkeep\n|turn|3\n|\n|t:|1774206619\n|switch|p2b: Groudon|Groudon, L50|100/100\n|move|p1a: Walking Wake|Snarl|p2a: Lunala|[spread] p2a,p2b\n|-supereffective|p2a: Lunala\n|-damage|p2a: Lunala|78/100\n|-damage|p2b: Groudon|85/100\n|-unboost|p2a: Lunala|spa|1\n|-unboost|p2b: Groudon|spa|1\n|move|p1b: Whimsicott|Moonblast|p2a: Lunala\n|-damage|p2a: Lunala|50/100\n|move|p2a: Lunala|Hypnosis|p1b: Whimsicott\n|-status|p1b: Whimsicott|slp|[from] move: Hypnosis\n|\n|-weather|SunnyDay|[upkeep]\n|upkeep\n|turn|4\n|\n|t:|1774206654\n|-terastallize|p2a: Lunala|Fairy\n|move|p1a: Walking Wake|Snarl|p2a: Lunala|[spread] p2a,p2b\n|-resisted|p2a: Lunala\n|-damage|p2a: Lunala|44/100\n|-damage|p2b: Groudon|70/100\n|-unboost|p2a: Lunala|spa|1\n|-unboost|p2b: Groudon|spa|1\n|cant|p1b: Whimsicott|slp\n|move|p2a: Lunala|Hypnosis|p1a: Walking Wake\n|-status|p1a: Walking Wake|slp|[from] move: Hypnosis\n|move|p2b: Groudon|Precipice Blades|p1b: Whimsicott|[spread] p1a,p1b\n|-resisted|p1b: Whimsicott\n|-damage|p1a: Walking Wake|15/100 slp\n|-damage|p1b: Whimsicott|36/100 slp\n|-damage|p2b: Groudon|60/100|[from] item: Life Orb\n|\n|-weather|SunnyDay|[upkeep]\n|-sideend|p1: Bowman10454|move: Tailwind\n|upkeep\n|turn|5\n|\n|t:|1774206679\n|cant|p1b: Whimsicott|slp\n|cant|p1a: Walking Wake|slp\n|move|p2a: Lunala|Hypnosis|p1b: Whimsicott\n|-fail|p1b: Whimsicott|slp\n|move|p2b: Groudon|Precipice Blades|p1a: Walking Wake|[spread] p1a,p1b\n|-resisted|p1b: Whimsicott\n|-damage|p1a: Walking Wake|0 fnt\n|-damage|p1b: Whimsicott|0 fnt\n|faint|p1a: Walking Wake\n|-end|p1a: Walking Wake|Protosynthesis|[silent]\n|faint|p1b: Whimsicott\n|-damage|p2b: Groudon|50/100|[from] item: Life Orb\n|\n|-weather|none\n|-fieldend|move: Gravity\n|upkeep\n|\n|t:|1774206681\n|switch|p1b: Calyrex|Calyrex-Ice, L50|100/100\n|switch|p1a: Miraidon|Miraidon, L50|100/100\n|-ability|p1b: Calyrex|As One\n|-ability|p1b: Calyrex|Unnerve\n|-fieldstart|move: Electric Terrain|[from] ability: Hadron Engine|[of] p1a: Miraidon\n|turn|6\n|\n|t:|1774206703\n|-terastallize|p1b: Calyrex|Ground\n|move|p2b: Groudon|Protect|p2b: Groudon\n|-singleturn|p2b: Groudon|Protect\n|move|p1a: Miraidon|Electro Drift|p2a: Lunala\n|-damage|p2a: Lunala|0 fnt\n|faint|p2a: Lunala\n|move|p1b: Calyrex|Glacial Lance|p2b: Groudon\n|-activate|p2b: Groudon|move: Protect\n|\n|upkeep\n|\n|t:|1774206717\n|switch|p2a: Sableye|Sableye, L50, M|1/100\n|turn|7\n|\n|t:|1774206733\n|move|p2b: Groudon|Protect|p2b: Groudon\n|-singleturn|p2b: Groudon|Protect\n|move|p2a: Sableye|Disable|p1b: Calyrex\n|-start|p1b: Calyrex|Disable|Glacial Lance\n|move|p1a: Miraidon|Electro Drift|p2a: Sableye\n|-damage|p2a: Sableye|0 fnt\n|faint|p2a: Sableye\n|cant|p1b: Calyrex|Disable|Glacial Lance\n|\n|upkeep\n|\n|t:|1774206739\n|switch|p2a: Rillaboom|Rillaboom, L50, M|100/100\n|-fieldstart|move: Grassy Terrain|[from] ability: Grassy Surge|[of] p2a: Rillaboom\n|turn|8\n|\n|t:|1774206765\n|move|p1a: Miraidon|Electro Drift|p2a: Rillaboom\n|-resisted|p2a: Rillaboom\n|-damage|p2a: Rillaboom|86/100\n|move|p2b: Groudon|Precipice Blades|p1a: Miraidon|[spread] p1a,p1b\n|-supereffective|p1a: Miraidon\n|-damage|p1a: Miraidon|0 fnt\n|-damage|p1b: Calyrex|43/100\n|faint|p1a: Miraidon\n|-damage|p2b: Groudon|40/100|[from] item: Life Orb\n|move|p2a: Rillaboom|Wood Hammer|p1b: Calyrex\n|-supereffective|p1b: Calyrex\n|-damage|p1b: Calyrex|0 fnt\n|faint|p1b: Calyrex\n|-damage|p2a: Rillaboom|73/100|[from] Recoil\n|\n|win|Jonen\n|raw|Bowman10454's rating: 1361 &rarr; <strong>1338</strong><br />(-23 for losing)\n|raw|Jonen's rating: 1308 &rarr; <strong>1331</strong><br />(+23 for winning)\n","uploadtime":1774206765,"views":10,"formatid":"gen9vgc2026regi","rating":1331,"private":0,"password":null}