{"id":"gen9vgc2026regi-2563725551","format":"[Gen 9] VGC 2026 Reg I","players":["vestige666","DevDad"],"log":"|j|\u2606vestige666\n|j|\u2606DevDad\n|t:|1774054703\n|gametype|doubles\n|player|p1|vestige666|blackbelt-gen4dp|1236\n|player|p2|DevDad|266|1319\n|gen|9\n|tier|[Gen 9] VGC 2026 Reg I\n|rated|\n|rule|Species Clause: Limit one of each Pok\u00e9mon\n|rule|Item Clause: Limit 1 of each item\n|clearpoke\n|poke|p1|Calyrex-Shadow, L50|\n|poke|p1|Koraidon, L50|\n|poke|p1|Rillaboom, L50, F|\n|poke|p1|Incineroar, L50, F|\n|poke|p1|Volcarona, L50, F|\n|poke|p1|Regieleki, L50|\n|poke|p2|Calyrex-Ice, L50|\n|poke|p2|Lunala, L50|\n|poke|p2|Enamorus-Therian, L50, F|\n|poke|p2|Okidogi, L50, M|\n|poke|p2|Indeedee-F, L50, F|\n|poke|p2|Smeargle, L50, M|\n|teampreview|4\n|c|\u2606DevDad|glhf\n|inactive|Battle timer is ON: inactive players will automatically lose when time's up. (requested by vestige666)\n|c|\u2606vestige666|Gl\nvestige666 has agreed to open team sheets.\n|inactive|DevDad has 60 seconds left.\n|\n|t:|1774054774\n|teamsize|p1|4\n|teamsize|p2|4\n|start\n|switch|p1a: Calyrex|Calyrex-Shadow, L50|100/100\n|switch|p1b: Incineroar|Incineroar, L50, F|100/100\n|switch|p2a: Indeedee|Indeedee-F, L50, F|100/100\n|switch|p2b: Calyrex|Calyrex-Ice, L50|100/100\n|-ability|p1a: Calyrex|As One\n|-ability|p1a: Calyrex|Unnerve\n|-ability|p2b: Calyrex|As One\n|-ability|p2b: Calyrex|Unnerve\n|-ability|p1b: Incineroar|Intimidate|boost\n|-unboost|p2a: Indeedee|atk|1\n|-fail|p2b: Calyrex|unboost|[from] item: Clear Amulet|[of] p2b: Calyrex\n|-fieldstart|move: Psychic Terrain|[from] ability: Psychic Surge|[of] p2a: Indeedee\n|-enditem|p2a: Indeedee|Psychic Seed\n|-boost|p2a: Indeedee|spd|1|[from] item: Psychic Seed\n|turn|1\n|inactive|vestige666 has 30 seconds left.\n|inactive|vestige666 has 20 seconds left.\n|inactive|vestige666 has 15 seconds left.\n|inactive|vestige666 has 10 seconds left.\n|inactive|vestige666 has 5 seconds left.\n|\n|t:|1774054829\n|-terastallize|p2b: Calyrex|Water\n|move|p1b: Incineroar|Fake Out|p2b: Calyrex\n|-activate|p2b: Calyrex|move: Psychic Terrain\n|move|p2a: Indeedee|Follow Me|p2a: Indeedee\n|-singleturn|p2a: Indeedee|move: Follow Me\n|move|p1a: Calyrex|Astral Barrage|p2b: Calyrex|[spread] p2b\n|-immune|p2a: Indeedee\n|-damage|p2b: Calyrex|61/100\n|-damage|p1a: Calyrex|91/100|[from] item: Life Orb\n|move|p2b: Calyrex|Trick Room|p2b: Calyrex\n|-fieldstart|move: Trick Room|[of] p2b: Calyrex\n|\n|upkeep\n|turn|2\n|inactive|vestige666 has 30 seconds left.\n|inactive|DevDad has 30 seconds left.\n|inactive|vestige666 has 20 seconds left.\n|inactive|vestige666 has 15 seconds left.\n|inactive|DevDad has 20 seconds left.\n|inactive|vestige666 has 10 seconds left.\n|inactive|DevDad has 15 seconds left.\n|inactive|DevDad has 10 seconds left.\n|c|\u2606vestige666|afk on first turn sry\n|\n|t:|1774054886\n|move|p2a: Indeedee|Helping Hand|p2b: Calyrex\n|-singleturn|p2b: Calyrex|Helping Hand|[of] p2a: Indeedee\n|move|p1a: Calyrex|Protect|p1a: Calyrex\n|-singleturn|p1a: Calyrex|Protect\n|move|p2b: Calyrex|Glacial Lance|p1a: Calyrex|[spread] p1b\n|-activate|p1a: Calyrex|move: Protect\n|-resisted|p1b: Incineroar\n|-damage|p1b: Incineroar|68/100\n|move|p1b: Incineroar|Knock Off|p2a: Indeedee\n|-supereffective|p2a: Indeedee\n|-damage|p2a: Indeedee|49/100\n|\n|upkeep\n|turn|3\n|inactive|vestige666 has 30 seconds left.\n|\n|t:|1774054914\n|move|p2a: Indeedee|Helping Hand|p2b: Calyrex\n|-singleturn|p2b: Calyrex|Helping Hand|[of] p2a: Indeedee\n|move|p2b: Calyrex|High Horsepower|p1b: Incineroar\n|-supereffective|p1b: Incineroar\n|-damage|p1b: Incineroar|0 fnt\n|faint|p1b: Incineroar\n|-ability|p2b: Calyrex|Chilling Neigh|boost\n|-boost|p2b: Calyrex|atk|1\n|move|p1a: Calyrex|Astral Barrage|p2a: Indeedee|[spread] p2b\n|-immune|p2a: Indeedee\n|-damage|p2b: Calyrex|17/100\n|-damage|p1a: Calyrex|81/100|[from] item: Life Orb\n|\n|upkeep\n|\n|t:|1774054932\n|switch|p1b: Koraidon|Koraidon, L50|100/100\n|-weather|SunnyDay|[from] ability: Orichalcum Pulse|[of] p1b: Koraidon\n|-activate|p1b: Koraidon|Orichalcum Pulse|[source]\n|turn|4\n|c|\u2606DevDad|np\n|inactive|DevDad has 30 seconds left.\n|inactive|DevDad has 20 seconds left.\n|\n|t:|1774054968\n|-terastallize|p1b: Koraidon|Fire\n|move|p1a: Calyrex|Protect|p1a: Calyrex\n|-singleturn|p1a: Calyrex|Protect\n|move|p2b: Calyrex|Glacial Lance|p1a: Calyrex|[spread] p1b\n|-activate|p1a: Calyrex|move: Protect\n|-resisted|p1b: Koraidon\n|-damage|p1b: Koraidon|71/100\n|move|p2a: Indeedee|Alluring Voice|p1b: Koraidon\n|-resisted|p1b: Koraidon\n|-damage|p1b: Koraidon|64/100\n|move|p1b: Koraidon|Collision Course|p2b: Calyrex\n|-damage|p2b: Calyrex|0 fnt\n|faint|p2b: Calyrex\n|\n|-weather|SunnyDay|[upkeep]\n|upkeep\n|\n|t:|1774054980\n|switch|p2b: Enamorus|Enamorus-Therian, L50, F|100/100\n|turn|5\n|inactive|DevDad has 30 seconds left.\n|\n|t:|1774055006\n|switch|p2a: Okidogi|Okidogi, L50, M|100/100\n|switch|p1a: Rillaboom|Rillaboom, L50, F|100/100\n|-fieldstart|move: Grassy Terrain|[from] ability: Grassy Surge|[of] p1a: Rillaboom\n|move|p1b: Koraidon|Protect|p1b: Koraidon\n|-singleturn|p1b: Koraidon|Protect\n|move|p2b: Enamorus|Dazzling Gleam|p1a: Rillaboom|[spread] p1a\n|-activate|p1b: Koraidon|move: Protect\n|-damage|p1a: Rillaboom|70/100\n|\n|-weather|SunnyDay|[upkeep]\n|-heal|p1a: Rillaboom|76/100|[from] Grassy Terrain\n|-heal|p1b: Koraidon|70/100|[from] Grassy Terrain\n|-fieldend|move: Trick Room\n|upkeep\n|turn|6\n|\n|t:|1774055030\n|switch|p2a: Indeedee|Indeedee-F, L50, F|49/100\n|-fieldstart|move: Psychic Terrain|[from] ability: Psychic Surge|[of] p2a: Indeedee\n|move|p1a: Rillaboom|Fake Out|p2a: Indeedee\n|-activate|p2a: Indeedee|move: Psychic Terrain\n|move|p1b: Koraidon|Flare Blitz|p2b: Enamorus\n|-damage|p2b: Enamorus|0 fnt\n|faint|p2b: Enamorus\n|-damage|p1b: Koraidon|41/100|[from] Recoil\n|\n|-weather|SunnyDay|[upkeep]\n|upkeep\n|\n|t:|1774055040\n|switch|p2b: Okidogi|Okidogi, L50, M|100/100\n|turn|7\n|\n|t:|1774055064\n|move|p2a: Indeedee|Follow Me|p2a: Indeedee\n|-singleturn|p2a: Indeedee|move: Follow Me\n|move|p1b: Koraidon|Flame Charge|p2a: Indeedee\n|-damage|p2a: Indeedee|0 fnt\n|-boost|p1b: Koraidon|spe|1\n|faint|p2a: Indeedee\n|move|p1a: Rillaboom|U-turn|p2b: Okidogi\n|-resisted|p2b: Okidogi\n|-damage|p2b: Okidogi|96/100\n|\n|t:|1774055073\n|switch|p1a: Calyrex|Calyrex-Shadow, L50|81/100|[from] U-turn\n|-ability|p1a: Calyrex|As One\n|-ability|p1a: Calyrex|Unnerve\n|move|p2b: Okidogi|Gunk Shot|p1b: Koraidon\n|-damage|p1b: Koraidon|0 fnt\n|faint|p1b: Koraidon\n|-damage|p2b: Okidogi|86/100|[from] item: Life Orb\n|\n|-weather|SunnyDay|[upkeep]\n|upkeep\n|\n|t:|1774055087\n|switch|p1b: Rillaboom|Rillaboom, L50, F|76/100\n|-fieldstart|move: Grassy Terrain|[from] ability: Grassy Surge|[of] p1b: Rillaboom\n|turn|8\n|\n|t:|1774055094\n|move|p2b: Okidogi|Protect|p2b: Okidogi\n|-singleturn|p2b: Okidogi|Protect\n|move|p1b: Rillaboom|Fake Out|p2b: Okidogi\n|-activate|p2b: Okidogi|move: Protect\n|move|p1a: Calyrex|Nasty Plot|p1a: Calyrex\n|-boost|p1a: Calyrex|spa|2\n|\n|-weather|none\n|-heal|p1a: Calyrex|87/100|[from] Grassy Terrain\n|-heal|p1b: Rillaboom|82/100|[from] Grassy Terrain\n|-heal|p2b: Okidogi|92/100|[from] Grassy Terrain\n|upkeep\n|turn|9\n|c|\u2606DevDad|gg\n|\n|t:|1774055109\n|move|p1a: Calyrex|Astral Barrage|p2b: Okidogi\n|-damage|p2b: Okidogi|0 fnt\n|faint|p2b: Okidogi\n|-damage|p1a: Calyrex|78/100|[from] item: Life Orb\n|\n|win|vestige666\n|raw|vestige666's rating: 1236 &rarr; <strong>1267</strong><br />(+31 for winning)\n|raw|DevDad's rating: 1319 &rarr; <strong>1294</strong><br />(-25 for losing)\n|l|\u2606DevDad\n|player|p2|\n|c|\u2606vestige666|Gg\n|l|\u2606vestige666\n|player|p1|\n","uploadtime":1774055279,"views":19,"formatid":"gen9vgc2026regi","rating":1267,"private":0,"password":null}