{"id":"gen9vgc2026regi-2570261568","format":"[Gen 9] VGC 2026 Reg I","players":["ahfoong0411","KilamanolaVGC"],"log":"|j|\u2606ahfoong0411\n|j|\u203dKilamanolaVGC\n|t:|1774795062\n|gametype|doubles\n|player|p1|ahfoong0411|102|1485\n|player|p2|KilamanolaVGC|benga|1444\n|gen|9\n|tier|[Gen 9] VGC 2026 Reg I\n|rated|\n|rule|Species Clause: Limit one of each Pok\u00e9mon\n|rule|Item Clause: Limit 1 of each item\n|clearpoke\n|poke|p1|Calyrex-Ice, L50|\n|poke|p1|Miraidon, L50|\n|poke|p1|Grimmsnarl, L50, M|\n|poke|p1|Urshifu-*, L50, F|\n|poke|p1|Incineroar, L50, M|\n|poke|p1|Landorus, L50, M|\n|poke|p2|Ditto, L50|\n|poke|p2|Urshifu-*, L50, M|\n|poke|p2|Calyrex-Ice, L50|\n|poke|p2|Miraidon, L50|\n|poke|p2|Sneasler, L50, M|\n|poke|p2|Incineroar, L50, M|\n|teampreview|4\n|inactive|Battle timer is ON: inactive players will automatically lose when time's up. (requested by KilamanolaVGC)\nKilamanolaVGC has agreed to open team sheets.\n|inactive|ahfoong0411 has 60 seconds left.\n|inactive|ahfoong0411 has 30 seconds left.\n|\n|t:|1774795132\n|teamsize|p1|4\n|teamsize|p2|4\n|start\n|switch|p1a: Grimmsnarl|Grimmsnarl, L50, M|100/100\n|switch|p1b: Miraidon|Miraidon, L50|100/100\n|switch|p2a: Miraidon|Miraidon, L50|100/100\n|switch|p2b: Incineroar|Incineroar, L50, M, shiny|100/100\n|-fieldstart|move: Electric Terrain|[from] ability: Hadron Engine|[of] p2a: Miraidon\n|-activate|p1b: Miraidon|ability: Hadron Engine\n|-ability|p2b: Incineroar|Intimidate|boost\n|-unboost|p1a: Grimmsnarl|atk|1\n|-unboost|p1b: Miraidon|atk|1\n|turn|1\n|inactive|ahfoong0411 has 30 seconds left.\n|inactive|ahfoong0411 has 20 seconds left.\n|inactive|ahfoong0411 has 15 seconds left.\n|inactive|ahfoong0411 has 10 seconds left.\n|\n|t:|1774795179\n|-terastallize|p2a: Miraidon|Electric\n|-terastallize|p1a: Grimmsnarl|Ghost\n|move|p2b: Incineroar|Fake Out|p1b: Miraidon\n|-damage|p1b: Miraidon|90/100\n|move|p1a: Grimmsnarl|Light Screen|p1a: Grimmsnarl\n|-sidestart|p1: ahfoong0411|move: Light Screen\n|move|p2a: Miraidon|Electro Drift|p1a: Grimmsnarl\n|-damage|p1a: Grimmsnarl|5/100\n|-damage|p2a: Miraidon|91/100|[from] item: Life Orb\n|cant|p1b: Miraidon|flinch\n|\n|upkeep\n|turn|2\n|inactive|ahfoong0411 has 30 seconds left.\n|inactive|KilamanolaVGC has 30 seconds left.\n|\n|t:|1774795214\n|move|p1a: Grimmsnarl|Reflect|p1a: Grimmsnarl\n|-sidestart|p1: ahfoong0411|Reflect\n|move|p2a: Miraidon|Draco Meteor|p1b: Miraidon\n|-supereffective|p1b: Miraidon\n|-damage|p1b: Miraidon|0 fnt\n|-unboost|p2a: Miraidon|spa|2\n|faint|p1b: Miraidon\n|-damage|p2a: Miraidon|81/100|[from] item: Life Orb\n|move|p2b: Incineroar|Knock Off|p1a: Grimmsnarl\n|-supereffective|p1a: Grimmsnarl\n|-damage|p1a: Grimmsnarl|0 fnt\n|-enditem|p1a: Grimmsnarl|Light Clay|[from] move: Knock Off|[of] p2b: Incineroar\n|faint|p1a: Grimmsnarl\n|\n|upkeep\n|\n|t:|1774795232\n|switch|p1b: Calyrex|Calyrex-Ice, L50|100/100\n|switch|p1a: Urshifu|Urshifu-Rapid-Strike, L50, F|100/100\n|-ability|p1b: Calyrex|As One\n|-ability|p1b: Calyrex|Unnerve\n|turn|3\n|inactive|ahfoong0411 has 30 seconds left.\n|inactive|ahfoong0411 has 20 seconds left.\n|\n|t:|1774795270\n|switch|p2b: Calyrex|Calyrex-Ice, L50|100/100\n|-ability|p2b: Calyrex|As One\n|-ability|p2b: Calyrex|Unnerve\n|move|p2a: Miraidon|Volt Switch|p1a: Urshifu\n|-supereffective|p1a: Urshifu\n|-damage|p1a: Urshifu|5/100\n|-damage|p2a: Miraidon|72/100|[from] item: Life Orb\n|\n|t:|1774795281\n|switch|p2a: Ditto|Ditto, L50, shiny|100/100|[from] Volt Switch\n|-transform|p2a: Ditto|p1b: Calyrex|[from] ability: Imposter\n|-ability|p2a: Ditto|As One\n|-ability|p2a: Ditto|Unnerve\n|move|p1a: Urshifu|Surging Strikes|p2b: Calyrex\n|-crit|p2b: Calyrex\n|-damage|p2b: Calyrex|81/100\n|-crit|p2b: Calyrex\n|-damage|p2b: Calyrex|59/100\n|-crit|p2b: Calyrex\n|-damage|p2b: Calyrex|38/100\n|-hitcount|p2b: Calyrex|3\n|move|p1b: Calyrex|Trick Room|p1b: Calyrex\n|-fieldstart|move: Trick Room|[of] p1b: Calyrex\n|\n|upkeep\n|turn|4\n|inactive|ahfoong0411 has 30 seconds left.\n|\n|t:|1774795308\n|switch|p2b: Incineroar|Incineroar, L50, M, shiny|100/100\n|-ability|p2b: Incineroar|Intimidate|boost\n|-unboost|p1a: Urshifu|atk|1\n|-fail|p1b: Calyrex|unboost|[from] item: Clear Amulet|[of] p1b: Calyrex\n|move|p1b: Calyrex|Leech Seed|p2a: Ditto\n|-start|p2a: Ditto|move: Leech Seed\n|move|p2a: Ditto|Glacial Lance|p1b: Calyrex|[spread] p1a,p1b\n|-resisted|p1a: Urshifu\n|-resisted|p1b: Calyrex\n|-damage|p1a: Urshifu|0 fnt\n|-damage|p1b: Calyrex|90/100\n|faint|p1a: Urshifu\n|-ability|p2a: Ditto|Chilling Neigh|boost\n|-boost|p2a: Ditto|atk|1\n|\n|-damage|p2a: Ditto|88/100|[from] Leech Seed|[of] p1b: Calyrex\n|-heal|p1b: Calyrex|99/100|[silent]\n|upkeep\n|turn|5\n|\n|t:|1774795326\n|move|p1b: Calyrex|Protect|p1b: Calyrex\n|-singleturn|p1b: Calyrex|Protect\n|move|p2b: Incineroar|Flare Blitz|p1b: Calyrex\n|-activate|p1b: Calyrex|move: Protect\n|move|p2a: Ditto|Glacial Lance|p1b: Calyrex\n|-activate|p1b: Calyrex|move: Protect\n|\n|-damage|p2a: Ditto|76/100|[from] Leech Seed|[of] p1b: Calyrex\n|-heal|p1b: Calyrex|100/100|[silent]\n|-fieldend|move: Electric Terrain\n|upkeep\n|turn|6\n|\n|t:|1774795335\n|move|p1b: Calyrex|Leech Seed|p2b: Incineroar\n|-start|p2b: Incineroar|move: Leech Seed\n|move|p2b: Incineroar|Flare Blitz|p1b: Calyrex\n|-supereffective|p1b: Calyrex\n|-damage|p1b: Calyrex|60/100\n|-damage|p2b: Incineroar|87/100|[from] Recoil\n|move|p2a: Ditto|Glacial Lance|p1b: Calyrex\n|-resisted|p1b: Calyrex\n|-damage|p1b: Calyrex|40/100\n|\n|-damage|p2b: Incineroar|74/100|[from] Leech Seed|[of] p1b: Calyrex\n|-heal|p1b: Calyrex|52/100|[silent]\n|-damage|p2a: Ditto|64/100|[from] Leech Seed|[of] p1b: Calyrex\n|-heal|p1b: Calyrex|61/100|[silent]\n|upkeep\n|turn|7\n|inactive|KilamanolaVGC has 30 seconds left.\n|\n|t:|1774795364\n|move|p1b: Calyrex|Leech Seed||[still]\n|-fail|p1b: Calyrex\n|move|p2b: Incineroar|Flare Blitz|p1b: Calyrex\n|-supereffective|p1b: Calyrex\n|-damage|p1b: Calyrex|16/100\n|-damage|p2b: Incineroar|59/100|[from] Recoil\n|move|p2a: Ditto|Glacial Lance|p1b: Calyrex\n|-resisted|p1b: Calyrex\n|-damage|p1b: Calyrex|0 fnt\n|faint|p1b: Calyrex\n|\n|win|KilamanolaVGC\n|raw|ahfoong0411's rating: 1485 &rarr; <strong>1463</strong><br />(-22 for losing)\n|raw|KilamanolaVGC's rating: 1444 &rarr; <strong>1466</strong><br />(+22 for winning)\n|l|\u2606ahfoong0411\n|player|p1|\n","uploadtime":1774795379,"views":21,"formatid":"gen9vgc2026regi","rating":1463,"private":0,"password":null}