{"id":"gen9vgc2026regi-2520260437","format":"[Gen 9] VGC 2026 Reg I","players":["crifab93","ScribbleScribble"],"log":"|j|\u2606crifab93\n|j|\u2606ScribbleScribble\n|t:|1768605476\n|gametype|doubles\n|player|p1|crifab93|n|1440\n|player|p2|ScribbleScribble|mina-lgpe|1457\n|gen|9\n|tier|[Gen 9] VGC 2026 Reg I\n|rated|\n|rule|Species Clause: Limit one of each Pok\u00e9mon\n|rule|Item Clause: Limit 1 of each item\n|clearpoke\n|poke|p1|Rillaboom, L50, M|\n|poke|p1|Calyrex-Shadow, L50|\n|poke|p1|Zamazenta-*, L50|\n|poke|p1|Incineroar, L50, M|\n|poke|p1|Clefairy, L50, F|\n|poke|p1|Ogerpon-Hearthflame, L50, F|\n|poke|p2|Calyrex-Ice, L50|\n|poke|p2|Kyogre, L50|\n|poke|p2|Tornadus, L50, M|\n|poke|p2|Indeedee-F, L50, F|\n|poke|p2|Landorus, L50, M|\n|poke|p2|Urshifu-*, L50, F|\n|teampreview|4\n|inactive|Battle timer is ON: inactive players will automatically lose when time's up. (requested by ScribbleScribble)\n|inactive|crifab93 has 60 seconds left.\n|inactive|ScribbleScribble has 60 seconds left.\n|\n|t:|1768605515\n|teamsize|p1|4\n|teamsize|p2|4\n|start\n|switch|p1a: Rillaboom|Rillaboom, L50, M|100/100\n|switch|p1b: Calyrex|Calyrex-Shadow, L50|100/100\n|switch|p2a: Tornadus|Tornadus, L50, M|100/100\n|switch|p2b: Kyogre|Kyogre, L50|100/100\n|-ability|p1b: Calyrex|As One\n|-ability|p1b: Calyrex|Unnerve\n|-weather|RainDance|[from] ability: Drizzle|[of] p2b: Kyogre\n|-fieldstart|move: Grassy Terrain|[from] ability: Grassy Surge|[of] p1a: Rillaboom\n|turn|1\n|j| TheCadKid\n|\n|t:|1768605532\n|-terastallize|p2b: Kyogre|Grass\n|move|p1b: Calyrex|Protect|p1b: Calyrex\n|-singleturn|p1b: Calyrex|Protect\n|move|p2a: Tornadus|Tailwind|p2a: Tornadus\n|-sidestart|p2: ScribbleScribble|move: Tailwind\n|move|p2b: Kyogre|Water Spout|p1a: Rillaboom|[spread] p1a\n|-activate|p1b: Calyrex|move: Protect\n|-resisted|p1a: Rillaboom\n|-damage|p1a: Rillaboom|56/100\n|move|p1a: Rillaboom|U-turn|p2b: Kyogre\n|-supereffective|p2b: Kyogre\n|-damage|p2b: Kyogre|47/100\n|\n|t:|1768605543\n|switch|p1a: Zamazenta|Zamazenta-Crowned, L50|100/100|[from] U-turn\n|-ability|p1a: Zamazenta|Dauntless Shield|boost\n|-boost|p1a: Zamazenta|def|1\n|\n|-weather|RainDance|[upkeep]\n|-heal|p2b: Kyogre|53/100|[from] Grassy Terrain\n|upkeep\n|turn|2\n|inactive|ScribbleScribble has 30 seconds left.\n|\n|t:|1768605568\n|switch|p1b: Clefairy|Clefairy, L50, F, shiny|100/100\n|-terastallize|p1a: Zamazenta|Water\n|move|p2a: Tornadus|Taunt|p1a: Zamazenta\n|-start|p1a: Zamazenta|move: Taunt\n|move|p2b: Kyogre|Hydro Pump|p1b: Clefairy\n|-damage|p1b: Clefairy|11/100\n|move|p1a: Zamazenta|Body Press|p2b: Kyogre\n|-damage|p2b: Kyogre|0 fnt\n|faint|p2b: Kyogre\n|\n|-weather|RainDance|[upkeep]\n|-heal|p1b: Clefairy|18/100|[from] Grassy Terrain\n|upkeep\n|\n|t:|1768605576\n|switch|p2b: Landorus|Landorus, L50, M|100/100\n|turn|3\n|\n|t:|1768605590\n|move|p1b: Clefairy|Protect|p1b: Clefairy\n|-singleturn|p1b: Clefairy|Protect\n|move|p2a: Tornadus|Bleakwind Storm|p1a: Zamazenta|[spread] p1a\n|-activate|p1b: Clefairy|move: Protect\n|-damage|p1a: Zamazenta|81/100\n|move|p2b: Landorus|Sandsear Storm|p1b: Clefairy|[spread] p1a\n|-activate|p1b: Clefairy|move: Protect\n|-damage|p1a: Zamazenta|51/100\n|move|p1a: Zamazenta|Heavy Slam|p2a: Tornadus\n|-damage|p2a: Tornadus|28/100\n|\n|-weather|RainDance|[upkeep]\n|-heal|p1a: Zamazenta|57/100|[from] Grassy Terrain\n|-heal|p1b: Clefairy|24/100|[from] Grassy Terrain\n|upkeep\n|turn|4\n|\n|t:|1768605614\n|move|p1b: Clefairy|Follow Me|p1b: Clefairy\n|-singleturn|p1b: Clefairy|move: Follow Me\n|move|p2a: Tornadus|Bleakwind Storm|p1b: Clefairy|[spread] p1a,p1b\n|-damage|p1a: Zamazenta|41/100\n|-damage|p1b: Clefairy|0 fnt\n|-unboost|p1a: Zamazenta|spe|1\n|faint|p1b: Clefairy\n|move|p2b: Landorus|Sandsear Storm|p1a: Zamazenta\n|-damage|p1a: Zamazenta|0 fnt\n|faint|p1a: Zamazenta\n|\n|-weather|RainDance|[upkeep]\n|-sideend|p2: ScribbleScribble|move: Tailwind\n|upkeep\n|\n|t:|1768605620\n|switch|p1a: Calyrex|Calyrex-Shadow, L50|100/100\n|switch|p1b: Rillaboom|Rillaboom, L50, M|56/100\n|-ability|p1a: Calyrex|As One\n|-ability|p1a: Calyrex|Unnerve\n|turn|5\n|\n|t:|1768605630\n|switch|p2a: Indeedee|Indeedee-F, L50, F, shiny|100/100\n|-fieldstart|move: Psychic Terrain|[from] ability: Psychic Surge|[of] p2a: Indeedee\n|-enditem|p2a: Indeedee|Psychic Seed\n|-boost|p2a: Indeedee|spd|1|[from] item: Psychic Seed\n|move|p1a: Calyrex|Astral Barrage|p2b: Landorus|[spread] p2b\n|-immune|p2a: Indeedee\n|-damage|p2b: Landorus|26/100\n|-damage|p1a: Calyrex|91/100|[from] item: Life Orb\n|move|p2b: Landorus|Sludge Bomb|p1b: Rillaboom\n|-supereffective|p1b: Rillaboom\n|-crit|p1b: Rillaboom\n|-damage|p1b: Rillaboom|0 fnt\n|faint|p1b: Rillaboom\n|\n|-weather|none\n|upkeep\n|turn|6\n|\n|t:|1768605654\n|move|p2b: Landorus|Protect|p2b: Landorus\n|-singleturn|p2b: Landorus|Protect\n|move|p1a: Calyrex|Nasty Plot|p1a: Calyrex\n|-boost|p1a: Calyrex|spa|2\n|move|p2a: Indeedee|Trick Room|p2a: Indeedee\n|-fieldstart|move: Trick Room|[of] p2a: Indeedee\n|\n|upkeep\n|turn|7\n|\n|t:|1768605664\n|move|p2a: Indeedee|Psychic|p1a: Calyrex\n|-resisted|p1a: Calyrex\n|-damage|p1a: Calyrex|73/100\n|move|p2b: Landorus|Earth Power|p1a: Calyrex\n|-damage|p1a: Calyrex|3/100\n|move|p1a: Calyrex|Astral Barrage|p2b: Landorus|[spread] p2b\n|-immune|p2a: Indeedee\n|-damage|p2b: Landorus|0 fnt\n|faint|p2b: Landorus\n|-ability|p1a: Calyrex|Grim Neigh|boost\n|-boost|p1a: Calyrex|spa|1\n|-damage|p1a: Calyrex|0 fnt|[from] item: Life Orb\n|faint|p1a: Calyrex\n|\n|win|ScribbleScribble\n|raw|crifab93's rating: 1440 &rarr; <strong>1422</strong><br />(-18 for losing)\n|raw|ScribbleScribble's rating: 1467 &rarr; <strong>1485</strong><br />(+18 for winning)\n|l|\u2606ScribbleScribble\n|player|p2|\n|l|\u2606crifab93\n|player|p1|\n|l| TheCadKid\n","uploadtime":1768605905,"views":17,"formatid":"gen9vgc2026regi","rating":1422,"private":0,"password":null}