{"id":"gen9vgc2026regi-2528634656","format":"[Gen 9] VGC 2026 Reg I","players":["ted7106061408","i\u2764\u5a1c\u7984forever"],"log":"|j|\u2606ted7106061408\n|j|\u2606i\u2764\u5a1c\u7984forever\n|t:|1769689149\n|gametype|doubles\n|player|p1|ted7106061408|266|1395\n|player|p2|i\u2764\u5a1c\u7984forever|youngcouple-gen4dp|1516\n|gen|9\n|tier|[Gen 9] VGC 2026 Reg I\n|rated|\n|rule|Species Clause: Limit one of each Pok\u00e9mon\n|rule|Item Clause: Limit 1 of each item\n|clearpoke\n|poke|p1|Calyrex-Shadow, L50|\n|poke|p1|Zamazenta-*, L50|\n|poke|p1|Chien-Pao, L50|\n|poke|p1|Dragonite, L50, M|\n|poke|p1|Raging Bolt, L50|\n|poke|p1|Amoonguss, L50, F|\n|poke|p2|Groudon, L50|\n|poke|p2|Kyurem-White, L50|\n|poke|p2|Heatran, L50, M|\n|poke|p2|Whimsicott, L50, F|\n|poke|p2|Roaring Moon, L50|\n|poke|p2|Ditto, L50|\n|teampreview|4\n|inactive|Battle timer is ON: inactive players will automatically lose when time's up. (requested by ted7106061408)\n|\n|t:|1769689167\n|teamsize|p1|4\n|teamsize|p2|4\n|start\n|switch|p1a: protec|Zamazenta-Crowned, L50|100/100\n|switch|p1b: Arlie|Chien-Pao, L50|100/100\n|switch|p2a: Whimsicott|Whimsicott, L50, F|100/100\n|switch|p2b: Kyurem|Kyurem-White, L50|100/100\n|-ability|p1b: Arlie|Sword of Ruin\n|-ability|p1a: protec|Dauntless Shield|boost\n|-boost|p1a: protec|def|1\n|-ability|p2b: Kyurem|Turboblaze\n|turn|1\n|\n|t:|1769689179\n|move|p1b: Arlie|Icy Wind|p2a: Whimsicott|[spread] p2a,p2b\n|-supereffective|p2a: Whimsicott\n|-damage|p2a: Whimsicott|59/100\n|-damage|p2b: Kyurem|91/100\n|-unboost|p2a: Whimsicott|spe|1\n|-unboost|p2b: Kyurem|spe|1\n|move|p1a: protec|Body Press|p2b: Kyurem\n|-supereffective|p2b: Kyurem\n|-damage|p2b: Kyurem|0 fnt\n|faint|p2b: Kyurem\n|move|p2a: Whimsicott|Endeavor|p1a: protec\n|-damage|p1a: protec|36/100\n|\n|upkeep\n|\n|t:|1769689193\n|switch|p2b: Ditto|Ditto, L50|100/100\n|-transform|p2b: Ditto|p1a: protec|[from] ability: Imposter\n|-ability|p2b: Ditto|Dauntless Shield|boost\n|-boost|p2b: Ditto|def|1\n|turn|2\n|\n|t:|1769689209\n|move|p1a: protec|Protect|p1a: protec\n|-singleturn|p1a: protec|Protect\n|move|p2a: Whimsicott|Tailwind|p2a: Whimsicott\n|-sidestart|p2: i\u2764\u5a1c\u7984forever|move: Tailwind\n|move|p2b: Ditto|Body Press|p1a: protec\n|-activate|p1a: protec|move: Protect\n|move|p1b: Arlie|Icy Wind|p2b: Ditto|[spread] p2a,p2b\n|-supereffective|p2a: Whimsicott\n|-resisted|p2b: Ditto\n|-damage|p2a: Whimsicott|14/100\n|-damage|p2b: Ditto|97/100\n|-unboost|p2a: Whimsicott|spe|1\n|-unboost|p2b: Ditto|spe|1\n|\n|upkeep\n|turn|3\n|\n|t:|1769689223\n|switch|p1a: Verizon|Amoonguss, L50, F|100/100\n|-terastallize|p1b: Arlie|Ghost\n|move|p1b: Arlie|Icy Wind|p2b: Ditto|[spread] p2b\n|-miss|p1b: Arlie|p2a: Whimsicott\n|-resisted|p2b: Ditto\n|-damage|p2b: Ditto|93/100\n|-unboost|p2b: Ditto|spe|1\n|move|p2a: Whimsicott|Energy Ball|p1b: Arlie\n|-damage|p1b: Arlie|67/100\n|move|p2b: Ditto|Body Press|p1a: Verizon\n|-resisted|p1a: Verizon\n|-damage|p1a: Verizon|48/100\n|-damage|p2b: Ditto|77/100|[from] item: Rocky Helmet|[of] p1a: Verizon\n|\n|upkeep\n|turn|4\n|inactive|i\u2764\u5a1c\u7984forever has 30 seconds left.\n|\n|t:|1769689251\n|switch|p1a: protec|Zamazenta-Crowned, L50|36/100\n|move|p1b: Arlie|Icy Wind|p2a: Whimsicott|[spread] p2a,p2b\n|-supereffective|p2a: Whimsicott\n|-resisted|p2b: Ditto\n|-damage|p2a: Whimsicott|0 fnt\n|-damage|p2b: Ditto|73/100\n|-unboost|p2b: Ditto|spe|1\n|faint|p2a: Whimsicott\n|move|p2b: Ditto|Heavy Slam|p1b: Arlie\n|-damage|p1b: Arlie|6/100\n|\n|upkeep\n|\n|t:|1769689258\n|switch|p2a: Groudon|Groudon, L50|100/100\n|-weather|SunnyDay|[from] ability: Drought|[of] p2a: Groudon\n|turn|5\n|\n|t:|1769689274\n|move|p1a: protec|Wide Guard|p1a: protec\n|-singleturn|p1a: protec|Wide Guard\n|move|p2a: Groudon|Precipice Blades|p1a: protec|[spread] \n|-activate|p1a: protec|move: Wide Guard\n|-activate|p1b: Arlie|move: Wide Guard\n|move|p1b: Arlie|Icy Wind|p2b: Ditto|[spread] p2a,p2b\n|-supereffective|p2a: Groudon\n|-resisted|p2b: Ditto\n|-damage|p2a: Groudon|88/100\n|-damage|p2b: Ditto|68/100\n|-unboost|p2a: Groudon|spe|1\n|-unboost|p2b: Ditto|spe|1\n|move|p2b: Ditto|Body Press|p1a: protec\n|-supereffective|p1a: protec\n|-damage|p1a: protec|0 fnt\n|faint|p1a: protec\n|\n|-weather|SunnyDay|[upkeep]\n|-sideend|p2: i\u2764\u5a1c\u7984forever|move: Tailwind\n|upkeep\n|\n|t:|1769689288\n|switch|p1a: PinkPonyClub|Calyrex-Shadow, L50|100/100\n|-ability|p1a: PinkPonyClub|As One\n|-ability|p1a: PinkPonyClub|Unnerve\n|turn|6\n|\n|t:|1769689311\n|move|p2b: Ditto|Protect|p2b: Ditto\n|-singleturn|p2b: Ditto|Protect\n|move|p1a: PinkPonyClub|Astral Barrage|p2a: Groudon|[spread] p2a\n|-activate|p2b: Ditto|move: Protect\n|-damage|p2a: Groudon|54/100\n|move|p1b: Arlie|Ice Spinner|p2a: Groudon\n|-supereffective|p2a: Groudon\n|-damage|p2a: Groudon|0 fnt\n|faint|p2a: Groudon\n|\n|-weather|SunnyDay|[upkeep]\n|upkeep\n|turn|7\n|\n|t:|1769689325\n|-terastallize|p2b: Ditto|Dark\n|move|p1a: PinkPonyClub|Encore|p2b: Ditto\n|-start|p2b: Ditto|Encore\n|move|p1b: Arlie|Ruination|p2b: Ditto\n|-damage|p2b: Ditto|34/100\n|move|p2b: Ditto|Protect||[still]\n|-fail|p2b: Ditto\n|\n|-weather|SunnyDay|[upkeep]\n|upkeep\n|turn|8\n|-message|i\u2764\u5a1c\u7984forever forfeited.\n|\n|win|ted7106061408\n|raw|ted7106061408's rating: 1395 &rarr; <strong>1422</strong><br />(+27 for winning)\n|raw|i\u2764\u5a1c\u7984forever's rating: 1516 &rarr; <strong>1489</strong><br />(-27 for losing)\n|l|\u2606i\u2764\u5a1c\u7984forever\n|player|p2|\n|l|\u2606ted7106061408\n|player|p1|\n","uploadtime":1769689552,"views":22,"formatid":"gen9vgc2026regi","rating":1422,"private":0,"password":null}