{"id":"gen9vgc2026regi-2577342119","format":"[Gen 9] VGC 2026 Reg I","players":["Guivila","TheNamesBetty"],"log":"|j|\u2606Guivila\n|j|\u2606TheNamesBetty\n|t:|1775569323\n|gametype|doubles\n|player|p1|Guivila|2|1335\n|player|p2|TheNamesBetty|koga|1400\n|gen|9\n|tier|[Gen 9] VGC 2026 Reg I\n|rated|\n|rule|Species Clause: Limit one of each Pok\u00e9mon\n|rule|Item Clause: Limit 1 of each item\n|clearpoke\n|poke|p1|Kyogre, L50|\n|poke|p1|Calyrex-Ice, L50|\n|poke|p1|Gastrodon, L50, F|\n|poke|p1|Indeedee-F, L50, F|\n|poke|p1|Urshifu-*, L50, F|\n|poke|p1|Hitmontop, L50, M|\n|poke|p2|Koraidon, L50|\n|poke|p2|Calyrex-Shadow, L50|\n|poke|p2|Tornadus, L50, M|\n|poke|p2|Chi-Yu, L50|\n|poke|p2|Clefairy, L50, M|\n|poke|p2|Dewgong, L50, F|\n|teampreview|4\n|inactive|Battle timer is ON: inactive players will automatically lose when time's up. (requested by Guivila)\n|inactive|Guivila has 60 seconds left.\n|\n|t:|1775569362\n|teamsize|p1|4\n|teamsize|p2|4\n|start\n|switch|p1a: Hitmontop|Hitmontop, L50, M|100/100\n|switch|p1b: Calyrex|Calyrex-Ice, L50|100/100\n|switch|p2a: Kedluben|Calyrex-Shadow, L50|100/100\n|switch|p2b: Ch\u010di-ju|Chi-Yu, L50, shiny|100/100\n|-ability|p2a: Kedluben|As One\n|-ability|p2a: Kedluben|Unnerve\n|-ability|p1b: Calyrex|As One\n|-ability|p1b: Calyrex|Unnerve\n|-ability|p2b: Ch\u010di-ju|Beads of Ruin\n|-ability|p1a: Hitmontop|Intimidate|boost\n|-unboost|p2a: Kedluben|atk|1\n|-unboost|p2b: Ch\u010di-ju|atk|1\n|turn|1\n|inactive|TheNamesBetty has 30 seconds left.\n|inactive|TheNamesBetty has 20 seconds left.\n|inactive|TheNamesBetty has 15 seconds left.\n|\n|t:|1775569406\n|-terastallize|p1b: Calyrex|Fire\n|move|p1a: Hitmontop|Wide Guard|p1a: Hitmontop\n|-singleturn|p1a: Hitmontop|Wide Guard\n|move|p2b: Ch\u010di-ju|Overheat|p1b: Calyrex\n|-resisted|p1b: Calyrex\n|-damage|p1b: Calyrex|67/100\n|-unboost|p2b: Ch\u010di-ju|spa|2\n|move|p2a: Kedluben|Psychic|p1a: Hitmontop\n|-supereffective|p1a: Hitmontop\n|-enditem|p1a: Hitmontop|Focus Sash\n|-damage|p1a: Hitmontop|1/100\n|-damage|p2a: Kedluben|91/100|[from] item: Life Orb\n|move|p1b: Calyrex|Trick Room|p1b: Calyrex\n|-fieldstart|move: Trick Room|[of] p1b: Calyrex\n|\n|upkeep\n|turn|2\n|\n|t:|1775569428\n|switch|p2b: DDDMaxVerstappen|Dewgong, L50, F|100/100\n|move|p1b: Calyrex|Glacial Lance|p2a: Kedluben|[spread] p2a,p2b\n|-resisted|p2b: DDDMaxVerstappen\n|-damage|p2a: Kedluben|20/100\n|-damage|p2b: DDDMaxVerstappen|92/100\n|move|p1a: Hitmontop|Brick Break|p2b: DDDMaxVerstappen\n|-supereffective|p2b: DDDMaxVerstappen\n|-damage|p2b: DDDMaxVerstappen|21/100\n|move|p2a: Kedluben|Astral Barrage|p1b: Calyrex|[spread] p1a,p1b\n|-damage|p1a: Hitmontop|0 fnt\n|-damage|p1b: Calyrex|16/100\n|faint|p1a: Hitmontop\n|-ability|p2a: Kedluben|Grim Neigh|boost\n|-boost|p2a: Kedluben|spa|1\n|-damage|p2a: Kedluben|10/100|[from] item: Life Orb\n|\n|upkeep\n|\n|t:|1775569442\n|switch|p1a: Indeedee|Indeedee-F, L50, F|100/100\n|-fieldstart|move: Psychic Terrain|[from] ability: Psychic Surge|[of] p1a: Indeedee\n|-enditem|p1a: Indeedee|Psychic Seed\n|-boost|p1a: Indeedee|spd|1|[from] item: Psychic Seed\n|turn|3\n|inactive|TheNamesBetty has 30 seconds left.\n|\n|t:|1775569469\n|switch|p2a: Ch\u010di-ju|Chi-Yu, L50, shiny|100/100\n|-ability|p2a: Ch\u010di-ju|Beads of Ruin\n|move|p1a: Indeedee|Helping Hand|p1b: Calyrex\n|-singleturn|p1b: Calyrex|Helping Hand|[of] p1a: Indeedee\n|move|p1b: Calyrex|Glacial Lance|p2a: Ch\u010di-ju|[spread] p2a,p2b\n|-resisted|p2a: Ch\u010di-ju\n|-resisted|p2b: DDDMaxVerstappen\n|-damage|p2a: Ch\u010di-ju|29/100\n|-damage|p2b: DDDMaxVerstappen|9/100\n|move|p2b: DDDMaxVerstappen|Perish Song|p2b: DDDMaxVerstappen\n|-start|p1a: Indeedee|perish3|[silent]\n|-start|p1b: Calyrex|perish3|[silent]\n|-start|p2a: Ch\u010di-ju|perish3|[silent]\n|-start|p2b: DDDMaxVerstappen|perish3|[silent]\n|-fieldactivate|move: Perish Song\n|\n|-start|p1b: Calyrex|perish3\n|-start|p2b: DDDMaxVerstappen|perish3\n|-start|p1a: Indeedee|perish3\n|-start|p2a: Ch\u010di-ju|perish3\n|upkeep\n|turn|4\n|\n|t:|1775569483\n|move|p1a: Indeedee|Helping Hand|p1b: Calyrex\n|-singleturn|p1b: Calyrex|Helping Hand|[of] p1a: Indeedee\n|move|p2b: DDDMaxVerstappen|Protect|p2b: DDDMaxVerstappen\n|-singleturn|p2b: DDDMaxVerstappen|Protect\n|move|p1b: Calyrex|Glacial Lance|p2b: DDDMaxVerstappen|[spread] p2a\n|-activate|p2b: DDDMaxVerstappen|move: Protect\n|-resisted|p2a: Ch\u010di-ju\n|-damage|p2a: Ch\u010di-ju|0 fnt\n|faint|p2a: Ch\u010di-ju\n|-ability|p1b: Calyrex|Chilling Neigh|boost\n|-boost|p1b: Calyrex|atk|1\n|\n|-start|p1b: Calyrex|perish2\n|-start|p2b: DDDMaxVerstappen|perish2\n|-start|p1a: Indeedee|perish2\n|upkeep\n|\n|t:|1775569491\n|switch|p2a: Kedluben|Calyrex-Shadow, L50|10/100\n|-ability|p2a: Kedluben|As One\n|-ability|p2a: Kedluben|Unnerve\n|turn|5\n|\n|t:|1775569507\n|move|p1a: Indeedee|Helping Hand|p1b: Calyrex\n|-singleturn|p1b: Calyrex|Helping Hand|[of] p1a: Indeedee\n|move|p2a: Kedluben|Protect|p2a: Kedluben\n|-singleturn|p2a: Kedluben|Protect\n|move|p2b: DDDMaxVerstappen|Fake Out||[still]\n|-hint|Fake Out only works on your first turn out.\n|-fail|p2b: DDDMaxVerstappen\n|move|p1b: Calyrex|Glacial Lance|p2a: Kedluben|[spread] p2b\n|-activate|p2a: Kedluben|move: Protect\n|-resisted|p2b: DDDMaxVerstappen\n|-damage|p2b: DDDMaxVerstappen|0 fnt\n|faint|p2b: DDDMaxVerstappen\n|-ability|p1b: Calyrex|Chilling Neigh|boost\n|-boost|p1b: Calyrex|atk|1\n|\n|-start|p1b: Calyrex|perish1\n|-start|p1a: Indeedee|perish1\n|-fieldend|move: Trick Room\n|upkeep\n|\n|t:|1775569512\n|switch|p2b: Jan\u017di\u017ekaZTrocnova|Koraidon, L50|100/100\n|-weather|SunnyDay|[from] ability: Orichalcum Pulse|[of] p2b: Jan\u017di\u017ekaZTrocnova\n|-activate|p2b: Jan\u017di\u017ekaZTrocnova|Orichalcum Pulse|[source]\n|turn|6\n|\n|t:|1775569528\n|move|p2a: Kedluben|Protect||[still]\n|-fail|p2a: Kedluben\n|move|p2b: Jan\u017di\u017ekaZTrocnova|Protect|p2b: Jan\u017di\u017ekaZTrocnova\n|-singleturn|p2b: Jan\u017di\u017ekaZTrocnova|Protect\n|move|p1a: Indeedee|Trick Room|p1a: Indeedee\n|-fieldstart|move: Trick Room|[of] p1a: Indeedee\n|move|p1b: Calyrex|Trick Room|p1b: Calyrex\n|-fieldend|move: Trick Room\n|\n|-weather|SunnyDay|[upkeep]\n|-start|p1a: Indeedee|perish0\n|-start|p1b: Calyrex|perish0\n|faint|p1a: Indeedee\n|faint|p1b: Calyrex\n|upkeep\n|-message|Guivila forfeited.\n|\n|win|TheNamesBetty\n|raw|Guivila's rating: 1335 &rarr; <strong>1319</strong><br />(-16 for losing)\n|raw|TheNamesBetty's rating: 1400 &rarr; <strong>1416</strong><br />(+16 for winning)\n|l|\u2606Guivila\n|player|p1|\n","uploadtime":1775569547,"views":13,"formatid":"gen9vgc2026regi","rating":1319,"private":0,"password":null}