{"id":"gen9vgc2026regi-2539606391","format":"[Gen 9] VGC 2026 Reg I","players":["Cloaxy","SEITA"],"log":"|j|\u2606Cloaxy\n|j|\u2606SEITA\n|t:|1771086875\n|gametype|doubles\n|player|p1|Cloaxy|266|1181\n|player|p2|SEITA|lucas-gen4pt|1210\n|gen|9\n|tier|[Gen 9] VGC 2026 Reg I\n|rated|\n|rule|Species Clause: Limit one of each Pok\u00e9mon\n|rule|Item Clause: Limit 1 of each item\n|clearpoke\n|poke|p1|Koraidon, L50|\n|poke|p1|Flutter Mane, L50|\n|poke|p1|Incineroar, L50, F|\n|poke|p1|Lunala, L50|\n|poke|p1|Gothitelle, L50, M|\n|poke|p1|Scream Tail, L50|\n|poke|p2|Zamazenta-*, L50|\n|poke|p2|Kyogre, L50|\n|poke|p2|Wo-Chien, L50|\n|poke|p2|Grimmsnarl, L50, M|\n|poke|p2|Landorus, L50, M|\n|poke|p2|Ditto, L50|\n|teampreview|4\n|inactive|Battle timer is ON: inactive players will automatically lose when time's up. (requested by Cloaxy)\n|\n|t:|1771086921\n|teamsize|p1|4\n|teamsize|p2|4\n|start\n|switch|p1a: Gothitelle|Gothitelle, L50, M|100/100\n|switch|p1b: Scream Tail|Scream Tail, L50, shiny|100/100\n|switch|p2a: Grimmsnarl|Grimmsnarl, L50, M|100/100\n|switch|p2b: Zamazenta|Zamazenta-Crowned, L50|100/100\n|-ability|p2b: Zamazenta|Dauntless Shield|boost\n|-boost|p2b: Zamazenta|def|1\n|-enditem|p1b: Scream Tail|Booster Energy\n|-activate|p1b: Scream Tail|ability: Protosynthesis|[fromitem]\n|-start|p1b: Scream Tail|protosynthesisspe\n|turn|1\n|inactive|SEITA has 30 seconds left.\n|inactive|SEITA has 20 seconds left.\n|\n|t:|1771086958\n|move|p1a: Gothitelle|Fake Out|p2b: Zamazenta\n|-resisted|p2b: Zamazenta\n|-damage|p2b: Zamazenta|99/100\n|move|p2a: Grimmsnarl|Light Screen|p2a: Grimmsnarl\n|-sidestart|p2: SEITA|move: Light Screen\n|move|p1b: Scream Tail|Perish Song|p1b: Scream Tail\n|-start|p1a: Gothitelle|perish3|[silent]\n|-start|p1b: Scream Tail|perish3|[silent]\n|-start|p2a: Grimmsnarl|perish3|[silent]\n|-start|p2b: Zamazenta|perish3|[silent]\n|-fieldactivate|move: Perish Song\n|cant|p2b: Zamazenta|flinch\n|\n|-start|p1b: Scream Tail|perish3\n|-start|p2b: Zamazenta|perish3\n|-start|p1a: Gothitelle|perish3\n|-start|p2a: Grimmsnarl|perish3\n|upkeep\n|turn|2\n|\n|t:|1771086978\n|move|p1b: Scream Tail|Protect|p1b: Scream Tail\n|-singleturn|p1b: Scream Tail|Protect\n|move|p2b: Zamazenta|Behemoth Bash|p1a: Gothitelle\n|-damage|p1a: Gothitelle|66/100\n|move|p1a: Gothitelle|Taunt|p2a: Grimmsnarl\n|-start|p2a: Grimmsnarl|move: Taunt\n|move|p2a: Grimmsnarl|Spirit Break|p1a: Gothitelle\n|-damage|p1a: Gothitelle|42/100\n|-unboost|p1a: Gothitelle|spa|1\n|\n|-heal|p1a: Gothitelle|48/100|[from] item: Leftovers\n|-start|p1b: Scream Tail|perish2\n|-start|p2b: Zamazenta|perish2\n|-start|p1a: Gothitelle|perish2\n|-start|p2a: Grimmsnarl|perish2\n|upkeep\n|turn|3\n|inactive|SEITA has 30 seconds left.\n|\n|t:|1771087006\n|-terastallize|p1b: Scream Tail|Dark\n|move|p1a: Gothitelle|Protect|p1a: Gothitelle\n|-singleturn|p1a: Gothitelle|Protect\n|move|p1b: Scream Tail|Disable|p2a: Grimmsnarl\n|-start|p2a: Grimmsnarl|Disable|Spirit Break\n|move|p2b: Zamazenta|Body Press|p1b: Scream Tail\n|-supereffective|p1b: Scream Tail\n|-damage|p1b: Scream Tail|4/100\n|cant|p2a: Grimmsnarl|Disable|Spirit Break\n|\n|-heal|p1a: Gothitelle|54/100|[from] item: Leftovers\n|-start|p1b: Scream Tail|perish1\n|-start|p2b: Zamazenta|perish1\n|-start|p1a: Gothitelle|perish1\n|-start|p2a: Grimmsnarl|perish1\n|upkeep\n|turn|4\n|inactive|SEITA has 30 seconds left.\n|inactive|SEITA has 20 seconds left.\n|\n|t:|1771087044\n|-end|p1b: Scream Tail|Protosynthesis|[silent]\n|switch|p1b: Koraidon|Koraidon, L50, shiny|100/100\n|-weather|SunnyDay|[from] ability: Orichalcum Pulse|[of] p1b: Koraidon\n|-activate|p1b: Koraidon|Orichalcum Pulse|[source]\n|switch|p1a: Incineroar|Incineroar, L50, F|100/100\n|-ability|p1a: Incineroar|Intimidate|boost\n|-unboost|p2a: Grimmsnarl|atk|1\n|-unboost|p2b: Zamazenta|atk|1\n|move|p2b: Zamazenta|Behemoth Bash|p1b: Koraidon\n|-damage|p1b: Koraidon|76/100\n|-activate|p2a: Grimmsnarl|move: Struggle\n|move|p2a: Grimmsnarl|Struggle|p1b: Koraidon\n|-damage|p1b: Koraidon|68/100\n|-damage|p2a: Grimmsnarl|75/100|[from] recoil\n|\n|-weather|SunnyDay|[upkeep]\n|-end|p2a: Grimmsnarl|move: Taunt\n|-start|p2b: Zamazenta|perish0\n|-start|p2a: Grimmsnarl|perish0\n|faint|p2b: Zamazenta\n|faint|p2a: Grimmsnarl\n|upkeep\n|\n|t:|1771087064\n|switch|p2b: Kyogre|Kyogre, L50|100/100\n|switch|p2a: Landorus|Landorus, L50, M|100/100\n|-weather|RainDance|[from] ability: Drizzle|[of] p2b: Kyogre\n|turn|5\n|\n|t:|1771087084\n|switch|p1b: Gothitelle|Gothitelle, L50, M|54/100\n|move|p1a: Incineroar|Fake Out|p2b: Kyogre\n|-damage|p2b: Kyogre|92/100\n|move|p2a: Landorus|Sandsear Storm|p1b: Gothitelle|[spread] p1a,p1b\n|-supereffective|p1a: Incineroar\n|-damage|p1a: Incineroar|31/100\n|-damage|p1b: Gothitelle|10/100\n|cant|p2b: Kyogre|flinch\n|\n|-weather|RainDance|[upkeep]\n|-heal|p2b: Kyogre|98/100|[from] item: Leftovers\n|-heal|p1b: Gothitelle|16/100|[from] item: Leftovers\n|upkeep\n|turn|6\n|\n|t:|1771087104\n|move|p1b: Gothitelle|Protect|p1b: Gothitelle\n|-singleturn|p1b: Gothitelle|Protect\n|move|p2a: Landorus|Sandsear Storm|p1a: Incineroar|[spread] p1a\n|-activate|p1b: Gothitelle|move: Protect\n|-supereffective|p1a: Incineroar\n|-damage|p1a: Incineroar|0 fnt\n|faint|p1a: Incineroar\n|move|p2b: Kyogre|Ice Beam|p1b: Gothitelle\n|-activate|p1b: Gothitelle|move: Protect\n|\n|-weather|RainDance|[upkeep]\n|-heal|p2b: Kyogre|100/100|[from] item: Leftovers\n|-heal|p1b: Gothitelle|23/100|[from] item: Leftovers\n|upkeep\n|\n|t:|1771087112\n|switch|p1a: Scream Tail|Scream Tail, L50, shiny, tera:Dark|4/100\n|turn|7\n|\n|t:|1771087132\n|move|p2a: Landorus|Sandsear Storm|p1b: Gothitelle|[spread] p1a,p1b\n|-damage|p1a: Scream Tail|0 fnt\n|-damage|p1b: Gothitelle|0 fnt\n|faint|p1a: Scream Tail\n|-end|p1a: Scream Tail|Protosynthesis|[silent]\n|faint|p1b: Gothitelle\n|move|p2b: Kyogre|Origin Pulse|p1: Scream Tail|[notarget]\n|-fail|p2b: Kyogre\n|\n|-weather|RainDance|[upkeep]\n|upkeep\n|\n|t:|1771087138\n|switch|p1b: Koraidon|Koraidon, L50, shiny|68/100\n|-weather|SunnyDay|[from] ability: Orichalcum Pulse|[of] p1b: Koraidon\n|-activate|p1b: Koraidon|Orichalcum Pulse|[source]\n|turn|8\n|\n|t:|1771087150\n|-terastallize|p2a: Landorus|Water\n|move|p2a: Landorus|Sandsear Storm|p1b: Koraidon\n|-damage|p1b: Koraidon|0 fnt\n|faint|p1b: Koraidon\n|\n|win|SEITA\n|raw|Cloaxy's rating: 1181 &rarr; <strong>1158</strong><br />(-23 for losing)\n|raw|SEITA's rating: 1210 &rarr; <strong>1233</strong><br />(+23 for winning)\n|l|\u2606Cloaxy\n|player|p1|\n","uploadtime":1771087335,"views":27,"formatid":"gen9vgc2026regi","rating":1158,"private":0,"password":null}