{"id":"gen9vgc2026regi-2555706093","format":"[Gen 9] VGC 2026 Reg I","players":["NatRus3","EllenJoe2026"],"log":"|j|\u2606NatRus3\n|j|\u2606EllenJoe2026\n|t:|1773122061\n|gametype|doubles\n|player|p1|NatRus3|170|1403\n|player|p2|EllenJoe2026|2|1537\n|gen|9\n|tier|[Gen 9] VGC 2026 Reg I\n|rated|\n|rule|Species Clause: Limit one of each Pok\u00e9mon\n|rule|Item Clause: Limit 1 of each item\n|clearpoke\n|poke|p1|Groudon, L50|\n|poke|p1|Miraidon, L50|\n|poke|p1|Volcarona, L50, F|\n|poke|p1|Urshifu-*, L50, M|\n|poke|p1|Incineroar, L50, M|\n|poke|p1|Flutter Mane, L50|\n|poke|p2|Calyrex-Shadow, L50|\n|poke|p2|Zamazenta-*, L50|\n|poke|p2|Chien-Pao, L50|\n|poke|p2|Dragonite, L50, F|\n|poke|p2|Tornadus, L50, M|\n|poke|p2|Urshifu-*, L50, F|\n|teampreview|4\n|inactive|Battle timer is ON: inactive players will automatically lose when time's up. (requested by EllenJoe2026)\n|\n|t:|1773122088\n|teamsize|p1|4\n|teamsize|p2|4\n|start\n|switch|p1a: PapaHet|Volcarona, L50, F|100/100\n|switch|p1b: Subie|Miraidon, L50|100/100\n|switch|p2a: Tornadus|Tornadus, L50, M, shiny|100/100\n|switch|p2b: Urshifu|Urshifu-Rapid-Strike, L50, F|100/100\n|-fieldstart|move: Electric Terrain|[from] ability: Hadron Engine|[of] p1b: Subie\n|-enditem|p1a: PapaHet|Electric Seed\n|-boost|p1a: PapaHet|def|1|[from] item: Electric Seed\n|turn|1\n|\n|t:|1773122108\n|-terastallize|p1a: PapaHet|Water\n|move|p1a: PapaHet|Rage Powder|p1a: PapaHet\n|-singleturn|p1a: PapaHet|move: Rage Powder\n|move|p2a: Tornadus|Rain Dance|p2a: Tornadus\n|-weather|RainDance\n|move|p2b: Urshifu|Surging Strikes|p1a: PapaHet\n|-resisted|p1a: PapaHet\n|-crit|p1a: PapaHet\n|-damage|p1a: PapaHet|85/100\n|-resisted|p1a: PapaHet\n|-crit|p1a: PapaHet\n|-damage|p1a: PapaHet|68/100\n|-resisted|p1a: PapaHet\n|-crit|p1a: PapaHet\n|-damage|p1a: PapaHet|54/100\n|-hitcount|p1a: PapaHet|3\n|move|p1b: Subie|Electro Drift|p2a: Tornadus\n|-supereffective|p2a: Tornadus\n|-damage|p2a: Tornadus|0 fnt\n|faint|p2a: Tornadus\n|-damage|p1b: Subie|91/100|[from] item: Life Orb\n|\n|-weather|RainDance|[upkeep]\n|upkeep\n|\n|t:|1773122121\n|switch|p2a: Calyrex|Calyrex-Shadow, L50|100/100\n|-ability|p2a: Calyrex|As One\n|-ability|p2a: Calyrex|Unnerve\n|turn|2\n|\n|t:|1773122141\n|switch|p1a: Tony|Incineroar, L50, M|100/100\n|-ability|p1a: Tony|Intimidate|boost\n|-unboost|p2a: Calyrex|atk|1\n|-unboost|p2b: Urshifu|atk|1\n|move|p2a: Calyrex|Protect|p2a: Calyrex\n|-singleturn|p2a: Calyrex|Protect\n|move|p2b: Urshifu|Surging Strikes|p1b: Subie\n|-resisted|p1b: Subie\n|-crit|p1b: Subie\n|-damage|p1b: Subie|75/100\n|-resisted|p1b: Subie\n|-crit|p1b: Subie\n|-damage|p1b: Subie|58/100\n|-resisted|p1b: Subie\n|-crit|p1b: Subie\n|-damage|p1b: Subie|41/100\n|-hitcount|p1b: Subie|3\n|move|p1b: Subie|Electro Drift|p2a: Calyrex\n|-activate|p2a: Calyrex|move: Protect\n|\n|-weather|RainDance|[upkeep]\n|upkeep\n|turn|3\n|\n|t:|1773122166\n|-terastallize|p2b: Urshifu|Ghost\n|move|p1b: Subie|Protect|p1b: Subie\n|-singleturn|p1b: Subie|Protect\n|move|p2b: Urshifu|Surging Strikes|p1a: Tony\n|-supereffective|p1a: Tony\n|-crit|p1a: Tony\n|-damage|p1a: Tony|43/100\n|-damage|p2b: Urshifu|84/100|[from] item: Rocky Helmet|[of] p1a: Tony\n|-supereffective|p1a: Tony\n|-crit|p1a: Tony\n|-damage|p1a: Tony|0 fnt\n|-damage|p2b: Urshifu|68/100|[from] item: Rocky Helmet|[of] p1a: Tony\n|faint|p1a: Tony\n|-hitcount|p1: Tony|2\n|move|p2a: Calyrex|Astral Barrage|p1b: Subie\n|-activate|p1b: Subie|move: Protect\n|\n|-weather|RainDance|[upkeep]\n|upkeep\n|\n|t:|1773122186\n|switch|p1a: PapaHet|Volcarona, L50, F, tera:Water|54/100\n|turn|4\n|\n|t:|1773122194\n|move|p2b: Urshifu|Surging Strikes|p1b: Subie\n|-resisted|p1b: Subie\n|-crit|p1b: Subie\n|-damage|p1b: Subie|23/100\n|-resisted|p1b: Subie\n|-crit|p1b: Subie\n|-damage|p1b: Subie|5/100\n|-resisted|p1b: Subie\n|-crit|p1b: Subie\n|-damage|p1b: Subie|0 fnt\n|faint|p1b: Subie\n|-hitcount|p1: Subie|3\n|move|p2a: Calyrex|Astral Barrage|p1a: PapaHet\n|-damage|p1a: PapaHet|0 fnt\n|faint|p1a: PapaHet\n|-ability|p2a: Calyrex|Grim Neigh|boost\n|-boost|p2a: Calyrex|spa|1\n|-damage|p2a: Calyrex|91/100|[from] item: Life Orb\n|\n|-weather|RainDance|[upkeep]\n|upkeep\n|\n|t:|1773122212\n|switch|p1a: Roman|Urshifu, L50, M|100/100\n|turn|5\n|\n|t:|1773122217\n|move|p1a: Roman|Sucker Punch|p2b: Urshifu\n|-supereffective|p2b: Urshifu\n|-damage|p2b: Urshifu|0 fnt\n|faint|p2b: Urshifu\n|move|p2a: Calyrex|Astral Barrage|p1a: Roman\n|-resisted|p1a: Roman\n|-damage|p1a: Roman|0 fnt\n|faint|p1a: Roman\n|-damage|p2a: Calyrex|81/100|[from] item: Life Orb\n|\n|win|EllenJoe2026\n|raw|NatRus3's rating: 1403 &rarr; <strong>1390</strong><br />(-13 for losing)\n|raw|EllenJoe2026's rating: 1537 &rarr; <strong>1550</strong><br />(+13 for winning)\n|l|\u2606EllenJoe2026\n|player|p2|\n|l|\u2606NatRus3\n|player|p1|\n","uploadtime":1773122379,"views":14,"formatid":"gen9vgc2026regi","rating":1390,"private":0,"password":null}