{"id":"gen9vgc2026regi-2590074641","format":"[Gen 9] VGC 2026 Reg I","players":["Sunny_zong1","Sheeshshane925"],"log":"|j|\u2606Sunny_zong1\n|j|\u2606Sheeshshane925\n|t:|1776785319\n|gametype|doubles\n|player|p1|Sunny_zong1|bugsy|1505\n|player|p2|Sheeshshane925|chuck|1652\n|gen|9\n|tier|[Gen 9] VGC 2026 Reg I\n|rated|\n|rule|Species Clause: Limit one of each Pok\u00e9mon\n|rule|Item Clause: Limit 1 of each item\n|clearpoke\n|poke|p1|Annihilape, L50, M|\n|poke|p1|Miraidon, L50|\n|poke|p1|Calyrex-Shadow, L50|\n|poke|p1|Wo-Chien, L50|\n|poke|p1|Ting-Lu, L50|\n|poke|p1|Grimmsnarl, L50, M|\n|poke|p2|Calyrex-Ice, L50|\n|poke|p2|Miraidon, L50|\n|poke|p2|Farigiraf, L50, F|\n|poke|p2|Iron Hands, L50|\n|poke|p2|Scraggy, L50, F|\n|poke|p2|Iron Bundle, L50|\n|teampreview|4\n|inactive|Battle timer is ON: inactive players will automatically lose when time's up. (requested by Sunny_zong1)\n|\n|t:|1776785343\n|teamsize|p1|4\n|teamsize|p2|4\n|start\n|switch|p1a: Grimmsnarl|Grimmsnarl, L50, M|100/100\n|switch|p1b: Wo-Chien|Wo-Chien, L50|100/100\n|switch|p2a: Miraidon|Miraidon, L50, shiny|100/100\n|switch|p2b: Iron Bundle|Iron Bundle, L50, shiny|100/100\n|-fieldstart|move: Electric Terrain|[from] ability: Hadron Engine|[of] p2a: Miraidon\n|-activate|p2b: Iron Bundle|ability: Quark Drive\n|-start|p2b: Iron Bundle|quarkdrivespe\n|-ability|p1b: Wo-Chien|Tablets of Ruin\n|turn|1\n|\n|t:|1776785355\n|-terastallize|p2a: Miraidon|Fairy\n|-terastallize|p1b: Wo-Chien|Fairy\n|move|p1a: Grimmsnarl|Light Screen|p1a: Grimmsnarl\n|-sidestart|p1: Sunny_zong1|move: Light Screen\n|move|p2b: Iron Bundle|Encore|p1a: Grimmsnarl\n|-start|p1a: Grimmsnarl|Encore\n|move|p2a: Miraidon|Dazzling Gleam|p1a: Grimmsnarl|[spread] p1a,p1b\n|-supereffective|p1a: Grimmsnarl\n|-damage|p1a: Grimmsnarl|35/100\n|-damage|p1b: Wo-Chien|76/100\n|-damage|p2a: Miraidon|91/100|[from] item: Life Orb\n|move|p1b: Wo-Chien|Snarl|p2b: Iron Bundle|[spread] p2a,p2b\n|-resisted|p2a: Miraidon\n|-damage|p2a: Miraidon|86/100\n|-damage|p2b: Iron Bundle|69/100\n|-unboost|p2a: Miraidon|spa|1\n|-unboost|p2b: Iron Bundle|spa|1\n|\n|-heal|p1b: Wo-Chien|82/100|[from] item: Leftovers\n|upkeep\n|turn|2\n|\n|t:|1776785372\n|move|p1a: Grimmsnarl|Light Screen||[still]\n|-fail|p1a: Grimmsnarl\n|move|p2b: Iron Bundle|Icy Wind|p1a: Grimmsnarl|[spread] p1a,p1b\n|-damage|p1a: Grimmsnarl|27/100\n|-damage|p1b: Wo-Chien|78/100\n|-unboost|p1a: Grimmsnarl|spe|1\n|-unboost|p1b: Wo-Chien|spe|1\n|move|p2a: Miraidon|Electro Drift|p1b: Wo-Chien\n|-damage|p1b: Wo-Chien|46/100\n|-damage|p2a: Miraidon|76/100|[from] item: Life Orb\n|move|p1b: Wo-Chien|Leech Seed|p2b: Iron Bundle\n|-start|p2b: Iron Bundle|move: Leech Seed\n|\n|-heal|p1b: Wo-Chien|53/100|[from] item: Leftovers\n|-damage|p2b: Iron Bundle|57/100|[from] Leech Seed|[of] p1b: Wo-Chien\n|-heal|p1b: Wo-Chien|61/100|[silent]\n|upkeep\n|turn|3\n|\n|t:|1776785394\n|-end|p2b: Iron Bundle|Quark Drive|[silent]\n|switch|p2b: Scraggy|Scraggy, L50, F|100/100\n|-ability|p2b: Scraggy|Intimidate|boost\n|-unboost|p1a: Grimmsnarl|atk|1\n|-unboost|p1b: Wo-Chien|atk|1\n|switch|p2a: Calyrex|Calyrex-Ice, L50|100/100\n|-ability|p2a: Calyrex|As One\n|-ability|p2a: Calyrex|Unnerve\n|switch|p1a: Miraidon|Miraidon, L50|100/100\n|-activate|p1a: Miraidon|ability: Hadron Engine\n|move|p1b: Wo-Chien|Leech Seed|p2a: Calyrex\n|-start|p2a: Calyrex|move: Leech Seed\n|\n|-heal|p1b: Wo-Chien|67/100|[from] item: Leftovers\n|-damage|p2a: Calyrex|88/100|[from] Leech Seed|[of] p1b: Wo-Chien\n|-heal|p1b: Wo-Chien|80/100|[silent]\n|upkeep\n|turn|4\n|\n|t:|1776785406\n|move|p2b: Scraggy|Fake Out|p1a: Miraidon\n|-damage|p1a: Miraidon|95/100\n|cant|p1a: Miraidon|flinch\n|move|p1b: Wo-Chien|Leech Seed|p2b: Scraggy|[miss]\n|-miss|p1b: Wo-Chien|p2b: Scraggy\n|move|p2a: Calyrex|Trick Room|p2a: Calyrex\n|-fieldstart|move: Trick Room|[of] p2a: Calyrex\n|\n|-heal|p1b: Wo-Chien|86/100|[from] item: Leftovers\n|-damage|p2a: Calyrex|76/100|[from] Leech Seed|[of] p1b: Wo-Chien\n|-heal|p1b: Wo-Chien|99/100|[silent]\n|upkeep\n|turn|5\n|\n|t:|1776785415\n|move|p1a: Miraidon|Protect|p1a: Miraidon\n|-singleturn|p1a: Miraidon|Protect\n|move|p2b: Scraggy|Coaching|p2a: Calyrex\n|-boost|p2a: Calyrex|atk|1\n|-boost|p2a: Calyrex|def|1\n|move|p2a: Calyrex|Glacial Lance|p1a: Miraidon|[spread] p1b\n|-activate|p1a: Miraidon|move: Protect\n|-damage|p1b: Wo-Chien|33/100\n|move|p1b: Wo-Chien|Leech Seed|p2b: Scraggy\n|-start|p2b: Scraggy|move: Leech Seed\n|\n|-heal|p1b: Wo-Chien|40/100|[from] item: Leftovers\n|-damage|p2b: Scraggy|89/100|[from] Leech Seed|[of] p1b: Wo-Chien\n|-heal|p1b: Wo-Chien|47/100|[silent]\n|-damage|p2a: Calyrex|64/100|[from] Leech Seed|[of] p1b: Wo-Chien\n|-heal|p1b: Wo-Chien|60/100|[silent]\n|-fieldend|move: Electric Terrain\n|upkeep\n|turn|6\n|\n|t:|1776785430\n|move|p1b: Wo-Chien|Protect|p1b: Wo-Chien\n|-singleturn|p1b: Wo-Chien|Protect\n|move|p2b: Scraggy|Coaching|p2a: Calyrex\n|-boost|p2a: Calyrex|atk|1\n|-boost|p2a: Calyrex|def|1\n|move|p2a: Calyrex|Glacial Lance|p1a: Miraidon|[spread] p1a\n|-activate|p1b: Wo-Chien|move: Protect\n|-supereffective|p1a: Miraidon\n|-damage|p1a: Miraidon|0 fnt\n|faint|p1a: Miraidon\n|-ability|p2a: Calyrex|Chilling Neigh|boost\n|-boost|p2a: Calyrex|atk|1\n|\n|-heal|p1b: Wo-Chien|67/100|[from] item: Leftovers\n|-damage|p2b: Scraggy|77/100|[from] Leech Seed|[of] p1b: Wo-Chien\n|-heal|p1b: Wo-Chien|74/100|[silent]\n|-damage|p2a: Calyrex|52/100|[from] Leech Seed|[of] p1b: Wo-Chien\n|-heal|p1b: Wo-Chien|87/100|[silent]\n|upkeep\n|\n|t:|1776785432\n|switch|p1a: Grimmsnarl|Grimmsnarl, L50, M|27/100\n|turn|7\n|\n|t:|1776785449\n|move|p1a: Grimmsnarl|Reflect|p1a: Grimmsnarl\n|-sidestart|p1: Sunny_zong1|Reflect\n|move|p2b: Scraggy|Endeavor|p1b: Wo-Chien\n|-damage|p1b: Wo-Chien|50/100\n|move|p2a: Calyrex|Glacial Lance|p1a: Grimmsnarl|[spread] p1a,p1b\n|-damage|p1a: Grimmsnarl|0 fnt\n|-damage|p1b: Wo-Chien|0 fnt\n|faint|p1a: Grimmsnarl\n|faint|p1b: Wo-Chien\n|-ability|p2a: Calyrex|Chilling Neigh|boost\n|-boost|p2a: Calyrex|atk|2\n|\n|upkeep\n|-message|Sunny_zong1 forfeited.\n|\n|win|Sheeshshane925\n|raw|Sunny_zong1's rating: 1505 &rarr; <strong>1493</strong><br />(-12 for losing)\n|raw|Sheeshshane925's rating: 1652 &rarr; <strong>1664</strong><br />(+12 for winning)\n|l|\u2606Sunny_zong1\n|player|p1|\n|l|\u2606Sheeshshane925\n|player|p2|\n","uploadtime":1776785700,"views":14,"formatid":"gen9vgc2026regi","rating":1493,"private":0,"password":null}