{"id":"gen9vgc2026regi-2577861062","format":"[Gen 9] VGC 2026 Reg I","players":["Danny3over","jerry rivera"],"log":"|j|\u2606Danny3over\n|j|\u2606jerry rivera\n|t:|1775613536\n|gametype|doubles\n|player|p1|Danny3over|twins-gen4dp|1617\n|player|p2|jerry rivera|silver|1757\n|gen|9\n|tier|[Gen 9] VGC 2026 Reg I\n|rated|\n|rule|Species Clause: Limit one of each Pok\u00e9mon\n|rule|Item Clause: Limit 1 of each item\n|clearpoke\n|poke|p1|Calyrex-Ice, L50|\n|poke|p1|Miraidon, L50|\n|poke|p1|Grimmsnarl, L50, M|\n|poke|p1|Urshifu-*, L50, F|\n|poke|p1|Incineroar, L50, F|\n|poke|p1|Landorus, L50, M|\n|poke|p2|Kyogre, L50|\n|poke|p2|Zacian-*, L50|\n|poke|p2|Tornadus, L50, M|\n|poke|p2|Indeedee-F, L50, F|\n|poke|p2|Urshifu-*, L50, F|\n|poke|p2|Ditto, L50|\n|teampreview|4\n|inactive|Battle timer is ON: inactive players will automatically lose when time's up. (requested by Danny3over)\n|\n|t:|1775613558\n|teamsize|p1|4\n|teamsize|p2|4\n|start\n|switch|p1a: Miraidon|Miraidon, L50|100/100\n|switch|p1b: Grimmsnarl|Grimmsnarl, L50, M|100/100\n|switch|p2a: Jerry Rivera|Kyogre, L50|100/100\n|switch|p2b: Bukele|Tornadus, L50, M|100/100\n|-fieldstart|move: Electric Terrain|[from] ability: Hadron Engine|[of] p1a: Miraidon\n|-weather|RainDance|[from] ability: Drizzle|[of] p2a: Jerry Rivera\n|turn|1\n|\n|t:|1775613574\n|-terastallize|p2a: Jerry Rivera|Ghost\n|move|p2b: Bukele|Tailwind|p2b: Bukele\n|-sidestart|p2: jerry rivera|move: Tailwind\n|move|p1b: Grimmsnarl|Light Screen|p1b: Grimmsnarl\n|-sidestart|p1: Danny3over|move: Light Screen\n|move|p2a: Jerry Rivera|Water Spout|p1b: Grimmsnarl|[spread] p1a,p1b\n|-resisted|p1a: Miraidon\n|-damage|p1a: Miraidon|64/100\n|-damage|p1b: Grimmsnarl|14/100\n|move|p1a: Miraidon|Volt Switch|p2a: Jerry Rivera\n|-damage|p2a: Jerry Rivera|30/100\n|\n|t:|1775613586\n|switch|p1a: Calyrex|Calyrex-Ice, L50|100/100|[from] Volt Switch\n|-ability|p1a: Calyrex|As One\n|-ability|p1a: Calyrex|Unnerve\n|\n|-weather|RainDance|[upkeep]\n|upkeep\n|turn|2\n|\n|t:|1775613610\n|-terastallize|p1a: Calyrex|Water\n|move|p2b: Bukele|Taunt|p1a: Calyrex\n|-start|p1a: Calyrex|move: Taunt\n|move|p1b: Grimmsnarl|Thunder Wave|p2b: Bukele|[miss]\n|-miss|p1b: Grimmsnarl|p2b: Bukele\n|move|p2a: Jerry Rivera|Water Spout|p1a: Calyrex|[spread] p1a,p1b\n|-resisted|p1a: Calyrex\n|-crit|p1b: Grimmsnarl\n|-damage|p1a: Calyrex|93/100\n|-damage|p1b: Grimmsnarl|0 fnt\n|faint|p1b: Grimmsnarl\n|move|p1a: Calyrex|Glacial Lance|p2b: Bukele|[spread] p2a,p2b\n|-supereffective|p2b: Bukele\n|-damage|p2a: Jerry Rivera|0 fnt\n|-enditem|p2b: Bukele|Focus Sash\n|-damage|p2b: Bukele|1/100\n|faint|p2a: Jerry Rivera\n|-ability|p1a: Calyrex|Chilling Neigh|boost\n|-boost|p1a: Calyrex|atk|1\n|\n|-weather|RainDance|[upkeep]\n|-heal|p1a: Calyrex|99/100|[from] item: Leftovers\n|upkeep\n|\n|t:|1775613626\n|switch|p2a: F4b C4nch4|Zacian-Crowned, L50|100/100\n|switch|p1b: Miraidon|Miraidon, L50|64/100\n|-ability|p2a: F4b C4nch4|Intrepid Sword|boost\n|-boost|p2a: F4b C4nch4|atk|1\n|-activate|p1b: Miraidon|ability: Hadron Engine\n|turn|3\n|\n|t:|1775613637\n|move|p2a: F4b C4nch4|Play Rough|p1b: Miraidon\n|-supereffective|p1b: Miraidon\n|-damage|p1b: Miraidon|0 fnt\n|faint|p1b: Miraidon\n|move|p2b: Bukele|Bleakwind Storm|p1a: Calyrex\n|-damage|p1a: Calyrex|78/100\n|move|p1a: Calyrex|Glacial Lance|p2b: Bukele|[spread] p2a,p2b\n|-resisted|p2a: F4b C4nch4\n|-supereffective|p2b: Bukele\n|-damage|p2a: F4b C4nch4|66/100\n|-damage|p2b: Bukele|0 fnt\n|faint|p2b: Bukele\n|-ability|p1a: Calyrex|Chilling Neigh|boost\n|-boost|p1a: Calyrex|atk|1\n|\n|-weather|RainDance|[upkeep]\n|-heal|p1a: Calyrex|84/100|[from] item: Leftovers\n|upkeep\n|\n|t:|1775613645\n|switch|p2b: HAO|Ditto, L50|100/100\n|switch|p1b: Urshifu|Urshifu-Rapid-Strike, L50, F|100/100\n|-transform|p2b: HAO|p1a: Calyrex|[from] ability: Imposter\n|-ability|p2b: HAO|As One\n|-ability|p2b: HAO|Unnerve\n|-start|p2b: HAO|typechange|Psychic/Ice|[silent]\n|turn|4\n|\n|t:|1775613668\n|move|p1b: Urshifu|Aqua Jet|p2a: F4b C4nch4\n|-damage|p2a: F4b C4nch4|18/100\n|move|p2a: F4b C4nch4|Play Rough|p1b: Urshifu\n|-supereffective|p1b: Urshifu\n|-damage|p1b: Urshifu|0 fnt\n|faint|p1b: Urshifu\n|move|p2b: HAO|Glacial Lance|p1a: Calyrex\n|-resisted|p1a: Calyrex\n|-damage|p1a: Calyrex|42/100\n|move|p1a: Calyrex|Glacial Lance|p2a: F4b C4nch4|[spread] p2a,p2b\n|-resisted|p2a: F4b C4nch4\n|-resisted|p2b: HAO\n|-crit|p2b: HAO\n|-damage|p2a: F4b C4nch4|0 fnt\n|-damage|p2b: HAO|31/100\n|faint|p2a: F4b C4nch4\n|-ability|p1a: Calyrex|Chilling Neigh|boost\n|-boost|p1a: Calyrex|atk|1\n|\n|-weather|RainDance|[upkeep]\n|-heal|p1a: Calyrex|47/100|[from] item: Leftovers\n|-end|p1a: Calyrex|move: Taunt\n|-sideend|p2: jerry rivera|move: Tailwind\n|upkeep\n|turn|5\n|\n|t:|1775613696\n|move|p1a: Calyrex|Protect|p1a: Calyrex\n|-singleturn|p1a: Calyrex|Protect\n|move|p2b: HAO|Glacial Lance|p1a: Calyrex\n|-activate|p1a: Calyrex|move: Protect\n|\n|-weather|none\n|-heal|p1a: Calyrex|53/100|[from] item: Leftovers\n|-fieldend|move: Electric Terrain\n|upkeep\n|turn|6\n|\n|t:|1775613701\n|move|p2b: HAO|Glacial Lance|p1a: Calyrex\n|-resisted|p1a: Calyrex\n|-damage|p1a: Calyrex|11/100\n|move|p1a: Calyrex|Glacial Lance|p2b: HAO\n|-resisted|p2b: HAO\n|-damage|p2b: HAO|0 fnt\n|faint|p2b: HAO\n|\n|win|Danny3over\n|raw|Danny3over's rating: 1617 &rarr; <strong>1645</strong><br />(+28 for winning)\n|raw|jerry rivera's rating: 1757 &rarr; <strong>1729</strong><br />(-28 for losing)\n|l|\u2606jerry rivera\n|player|p2|\n|l|\u2606Danny3over\n|player|p1|\n","uploadtime":1775613959,"views":30,"formatid":"gen9vgc2026regi","rating":1645,"private":0,"password":null}