{"id":"gen9vgc2026regi-2537118263","format":"[Gen 9] VGC 2026 Reg I","players":["yubanmeiqin","schisch"],"log":"|j|\u2606yubanmeiqin\n|j|\u2606schisch\n|t:|1770767980\n|gametype|doubles\n|player|p1|yubanmeiqin|iono-masters|1371\n|player|p2|schisch|169|1288\n|gen|9\n|tier|[Gen 9] VGC 2026 Reg I\n|rated|\n|rule|Species Clause: Limit one of each Pok\u00e9mon\n|rule|Item Clause: Limit 1 of each item\n|clearpoke\n|poke|p1|Miraidon, L50|\n|poke|p1|Ho-Oh, L50|\n|poke|p1|Farigiraf, L50, F|\n|poke|p1|Iron Hands, L50|\n|poke|p1|Iron Valiant, L50|\n|poke|p1|Whimsicott, L50, M|\n|poke|p2|Dialga-Origin, L50|\n|poke|p2|Ursaluna, L50, M|\n|poke|p2|Ogerpon-Wellspring, L50, F|\n|poke|p2|Ho-Oh, L50|\n|poke|p2|Flutter Mane, L50|\n|poke|p2|Enamorus-Therian, L50, F|\n|teampreview|4\n|inactive|Battle timer is ON: inactive players will automatically lose when time's up. (requested by schisch)\n|\n|t:|1770767999\n|teamsize|p1|4\n|teamsize|p2|4\n|start\n|switch|p1a: Farigiraf|Farigiraf, L50, F|100/100\n|switch|p1b: Miraidon|Miraidon, L50|100/100\n|switch|p2a: Dialga|Dialga-Origin, L50|100/100\n|switch|p2b: Flutter Mane|Flutter Mane, L50|100/100\n|-fieldstart|move: Electric Terrain|[from] ability: Hadron Engine|[of] p1b: Miraidon\n|-enditem|p1a: Farigiraf|Electric Seed\n|-boost|p1a: Farigiraf|def|1|[from] item: Electric Seed\n|turn|1\n|inactive|schisch has 30 seconds left.\n|\n|t:|1770768031\n|-end|p2b: Flutter Mane|Protosynthesis|[silent]\n|switch|p2b: Ursaluna|Ursaluna, L50, M|100/100\n|-terastallize|p1b: Miraidon|Electric\n|move|p1a: Farigiraf|Helping Hand|p1b: Miraidon\n|-singleturn|p1b: Miraidon|Helping Hand|[of] p1a: Farigiraf\n|move|p1b: Miraidon|Electro Drift|p2a: Dialga\n|-resisted|p2a: Dialga\n|-damage|p2a: Dialga|0 fnt\n|faint|p2a: Dialga\n|\n|-status|p2b: Ursaluna|brn|[from] item: Flame Orb\n|upkeep\n|\n|t:|1770768048\n|switch|p2a: Flutter Mane|Flutter Mane, L50|100/100\n|turn|2\n|\n|t:|1770768057\n|switch|p1b: Ho-Oh|Ho-Oh, L50|100/100\n|move|p2a: Flutter Mane|Protect|p2a: Flutter Mane\n|-singleturn|p2a: Flutter Mane|Protect\n|move|p2b: Ursaluna|Earthquake|p1a: Farigiraf|[spread] p1a\n|-activate|p2a: Flutter Mane|move: Protect\n|-immune|p1b: Ho-Oh\n|-crit|p1a: Farigiraf\n|-damage|p1a: Farigiraf|20/100\n|move|p1a: Farigiraf|Foul Play|p2a: Flutter Mane\n|-activate|p2a: Flutter Mane|move: Protect\n|\n|-damage|p2b: Ursaluna|94/100 brn|[from] brn\n|upkeep\n|turn|3\n|\n|t:|1770768076\n|move|p2a: Flutter Mane|Dazzling Gleam|p1a: Farigiraf|[spread] p1a,p1b\n|-resisted|p1b: Ho-Oh\n|-damage|p1a: Farigiraf|0 fnt\n|-damage|p1b: Ho-Oh|92/100\n|faint|p1a: Farigiraf\n|move|p1b: Ho-Oh|Sacred Fire|p2a: Flutter Mane\n|-enditem|p2a: Flutter Mane|Focus Sash\n|-damage|p2a: Flutter Mane|1/100\n|move|p2b: Ursaluna|Facade|p1b: Ho-Oh\n|-damage|p1b: Ho-Oh|0 fnt\n|-damage|p2b: Ursaluna|78/100 brn|[from] item: Rocky Helmet|[of] p1b: Ho-Oh\n|faint|p1b: Ho-Oh\n|\n|-damage|p2b: Ursaluna|72/100 brn|[from] brn\n|upkeep\n|\n|t:|1770768081\n|switch|p1b: Iron Hands|Iron Hands, L50|100/100\n|switch|p1a: Miraidon|Miraidon, L50, tera:Electric|100/100\n|-activate|p1a: Miraidon|ability: Hadron Engine\n|-activate|p1b: Iron Hands|ability: Quark Drive\n|-start|p1b: Iron Hands|quarkdriveatk\n|turn|4\n|inactive|schisch has 30 seconds left.\n|\n|t:|1770768114\n|move|p2b: Ursaluna|Protect|p2b: Ursaluna\n|-singleturn|p2b: Ursaluna|Protect\n|move|p1a: Miraidon|Draco Meteor|p2b: Ursaluna\n|-activate|p2b: Ursaluna|move: Protect\n|move|p2a: Flutter Mane|Icy Wind|p1a: Miraidon|[spread] p1a,p1b\n|-damage|p1a: Miraidon|87/100\n|-damage|p1b: Iron Hands|93/100\n|-unboost|p1a: Miraidon|spe|1\n|-unboost|p1b: Iron Hands|spe|1\n|move|p1b: Iron Hands|Wild Charge|p2a: Flutter Mane\n|-damage|p2a: Flutter Mane|0 fnt\n|faint|p2a: Flutter Mane\n|-end|p2a: Flutter Mane|Protosynthesis|[silent]\n|-damage|p1b: Iron Hands|93/100|[from] Recoil\n|\n|-damage|p2b: Ursaluna|65/100 brn|[from] brn\n|upkeep\n|\n|t:|1770768132\n|switch|p2a: Enamorus|Enamorus-Therian, L50, F|100/100\n|turn|5\n|\n|t:|1770768141\n|-terastallize|p2a: Enamorus|Fairy\n|move|p1a: Miraidon|Draco Meteor|p2b: Ursaluna\n|-damage|p2b: Ursaluna|0 fnt\n|-unboost|p1a: Miraidon|spa|2\n|faint|p2b: Ursaluna\n|move|p2a: Enamorus|Moonblast|p1b: Iron Hands\n|-supereffective|p1b: Iron Hands\n|-damage|p1b: Iron Hands|9/100\n|move|p1b: Iron Hands|Wild Charge|p2a: Enamorus\n|-damage|p2a: Enamorus|25/100\n|-damage|p1b: Iron Hands|0 fnt|[from] item: Rocky Helmet|[of] p2a: Enamorus\n|faint|p1b: Iron Hands\n|-end|p1b: Iron Hands|Quark Drive|[silent]\n|\n|-fieldend|move: Electric Terrain\n|upkeep\n|turn|6\n|-message|yubanmeiqin forfeited.\n|\n|win|schisch\n|raw|yubanmeiqin's rating: 1371 &rarr; <strong>1346</strong><br />(-25 for losing)\n|raw|schisch's rating: 1288 &rarr; <strong>1319</strong><br />(+31 for winning)\n|l|\u2606yubanmeiqin\n|player|p1|\n|l|\u2606schisch\n|player|p2|\n","uploadtime":1770768364,"views":10,"formatid":"gen9vgc2026regi","rating":1319,"private":0,"password":null}