{"id":"gen9vgc2026regi-2554560171","format":"[Gen 9] VGC 2026 Reg I","players":["Battle club","xiaoliyunVGC"],"log":"|j|\u2606Battle club\n|j|\u2606xiaoliyunVGC\n|t:|1772987107\n|gametype|doubles\n|player|p1|Battle club|harlequin|1399\n|player|p2|xiaoliyunVGC|liko|1424\n|gen|9\n|tier|[Gen 9] VGC 2026 Reg I\n|rated|\n|rule|Species Clause: Limit one of each Pok\u00e9mon\n|rule|Item Clause: Limit 1 of each item\n|clearpoke\n|poke|p1|Chien-Pao, L50|\n|poke|p1|Zamazenta-*, L50|\n|poke|p1|Miraidon, L50|\n|poke|p1|Iron Hands, L50|\n|poke|p1|Ogerpon-Wellspring, L50, F|\n|poke|p2|Zamazenta-*, L50|\n|poke|p2|Kyogre, L50|\n|poke|p2|Raichu, L50, M|\n|poke|p2|Flutter Mane, L50|\n|poke|p2|Tornadus, L50, M|\n|poke|p2|Urshifu-*, L50, M|\n|teampreview|4\n|inactive|Battle timer is ON: inactive players will automatically lose when time's up. (requested by xiaoliyunVGC)\n|inactive|Battle club has 60 seconds left.\n|\n|t:|1772987150\n|teamsize|p1|4\n|teamsize|p2|4\n|start\n|switch|p1a: Ogerpon|Ogerpon-Wellspring, L50, F|100/100\n|switch|p1b: Zamazenta|Zamazenta-Crowned, L50, shiny|100/100\n|switch|p2a: Zamazenta|Zamazenta-Crowned, L50, shiny|100/100\n|switch|p2b: Raichu|Raichu, L50, M, shiny|100/100\n|-ability|p1b: Zamazenta|Dauntless Shield|boost\n|-boost|p1b: Zamazenta|def|1\n|-ability|p2a: Zamazenta|Dauntless Shield|boost\n|-boost|p2a: Zamazenta|def|1\n|turn|1\n|\n|t:|1772987160\n|-terastallize|p2a: Zamazenta|Fighting\n|move|p2b: Raichu|Feint|p1b: Zamazenta\n|-resisted|p1b: Zamazenta\n|-damage|p1b: Zamazenta|99/100\n|move|p1a: Ogerpon|Follow Me|p1a: Ogerpon\n|-singleturn|p1a: Ogerpon|move: Follow Me\n|move|p1b: Zamazenta|Body Press|p2a: Zamazenta\n|-damage|p2a: Zamazenta|76/100\n|move|p2a: Zamazenta|Body Press|p1a: Ogerpon\n|-damage|p1a: Ogerpon|9/100\n|\n|upkeep\n|turn|2\n|\n|t:|1772987182\n|move|p1a: Ogerpon|Follow Me|p1a: Ogerpon\n|-singleturn|p1a: Ogerpon|move: Follow Me\n|move|p2b: Raichu|Nuzzle|p1a: Ogerpon\n|-damage|p1a: Ogerpon|2/100\n|-status|p1a: Ogerpon|par\n|move|p1b: Zamazenta|Body Press|p2a: Zamazenta\n|-damage|p2a: Zamazenta|50/100\n|move|p2a: Zamazenta|Body Press|p1a: Ogerpon\n|-damage|p1a: Ogerpon|0 fnt\n|faint|p1a: Ogerpon\n|\n|upkeep\n|\n|t:|1772987191\n|switch|p1a: Miraidon|Miraidon, L50|100/100\n|-fieldstart|move: Electric Terrain|[from] ability: Hadron Engine|[of] p1a: Miraidon\n|turn|3\n|\n|t:|1772987210\n|-terastallize|p1a: Miraidon|Fairy\n|move|p2a: Zamazenta|Protect|p2a: Zamazenta\n|-singleturn|p2a: Zamazenta|Protect\n|move|p1a: Miraidon|Dazzling Gleam|p2b: Raichu|[spread] p2b\n|-activate|p2a: Zamazenta|move: Protect\n|-damage|p2b: Raichu|25/100\n|move|p2b: Raichu|Nuzzle|p1b: Zamazenta\n|-damage|p1b: Zamazenta|95/100\n|-status|p1b: Zamazenta|par\n|move|p1b: Zamazenta|Body Press|p2b: Raichu\n|-damage|p2b: Raichu|0 fnt\n|faint|p2b: Raichu\n|\n|upkeep\n|\n|t:|1772987223\n|switch|p2b: Flutter Mane|Flutter Mane, L50, shiny|100/100\n|-enditem|p2b: Flutter Mane|Booster Energy\n|-activate|p2b: Flutter Mane|ability: Protosynthesis|[fromitem]\n|-start|p2b: Flutter Mane|protosynthesisspe\n|turn|4\n|\n|t:|1772987233\n|move|p2b: Flutter Mane|Icy Wind|p1b: Zamazenta|[spread] p1a,p1b\n|-resisted|p1b: Zamazenta\n|-damage|p1a: Miraidon|87/100\n|-damage|p1b: Zamazenta|90/100 par\n|-unboost|p1a: Miraidon|spe|1\n|-unboost|p1b: Zamazenta|spe|1\n|move|p2a: Zamazenta|Behemoth Bash|p1a: Miraidon\n|-supereffective|p1a: Miraidon\n|-damage|p1a: Miraidon|4/100\n|move|p1a: Miraidon|Dazzling Gleam|p2a: Zamazenta|[spread] p2a,p2b\n|-supereffective|p2a: Zamazenta\n|-damage|p2a: Zamazenta|0 fnt\n|-damage|p2b: Flutter Mane|34/100\n|faint|p2a: Zamazenta\n|move|p1b: Zamazenta|Heavy Slam|p2b: Flutter Mane\n|-supereffective|p2b: Flutter Mane\n|-damage|p2b: Flutter Mane|0 fnt\n|faint|p2b: Flutter Mane\n|-end|p2b: Flutter Mane|Protosynthesis|[silent]\n|\n|upkeep\n|\n|t:|1772987247\n|switch|p2a: Kyogre|Kyogre, L50, shiny|100/100\n|-weather|RainDance|[from] ability: Drizzle|[of] p2a: Kyogre\n|turn|5\n|\n|t:|1772987250\n|cant|p1b: Zamazenta|par\n|move|p2a: Kyogre|Water Spout|p1a: Miraidon|[spread] p1a,p1b\n|-damage|p1a: Miraidon|0 fnt\n|-damage|p1b: Zamazenta|15/100 par\n|faint|p1a: Miraidon\n|\n|-weather|RainDance|[upkeep]\n|upkeep\n|\n|t:|1772987252\n|switch|p1a: Iron Hands|Iron Hands, L50|100/100\n|-activate|p1a: Iron Hands|ability: Quark Drive\n|-start|p1a: Iron Hands|quarkdriveatk\n|turn|6\n|\n|t:|1772987255\n|move|p1a: Iron Hands|Fake Out|p2a: Kyogre\n|-damage|p2a: Kyogre|78/100\n|cant|p2a: Kyogre|flinch\n|move|p1b: Zamazenta|Body Press|p2a: Kyogre\n|-damage|p2a: Kyogre|0 fnt\n|faint|p2a: Kyogre\n|\n|win|Battle club\n|raw|Battle club's rating: 1399 &rarr; <strong>1420</strong><br />(+21 for winning)\n|raw|xiaoliyunVGC's rating: 1424 &rarr; <strong>1403</strong><br />(-21 for losing)\n|l|\u2606xiaoliyunVGC\n|player|p2|\n|l|\u2606Battle club\n|player|p1|\n","uploadtime":1772987433,"views":23,"formatid":"gen9vgc2026regi","rating":1403,"private":0,"password":null}