{"id":"gen9vgc2026regi-2568660756","format":"[Gen 9] VGC 2026 Reg I","players":["kilothegreat","Highkage2"],"log":"|j|\u2606kilothegreat\n|j|\u203dHighkage2\n|t:|1774611096\n|gametype|doubles\n|player|p1|kilothegreat|265|1424\n|player|p2|Highkage2|doubleteam|1555\n|gen|9\n|tier|[Gen 9] VGC 2026 Reg I\n|rated|\n|rule|Species Clause: Limit one of each Pok\u00e9mon\n|rule|Item Clause: Limit 1 of each item\n|clearpoke\n|poke|p1|Miraidon, L50|\n|poke|p1|Calyrex-Ice, L50|\n|poke|p1|Incineroar, L50, F|\n|poke|p1|Amoonguss, L50, F|\n|poke|p1|Landorus, L50, M|\n|poke|p1|Urshifu-*, L50, F|\n|poke|p2|Incineroar, L50, M|\n|poke|p2|Calyrex-Ice, L50|\n|poke|p2|Miraidon, L50|\n|poke|p2|Iron Treads, L50|\n|poke|p2|Volcarona, L50, F|\n|poke|p2|Farigiraf, L50, F|\n|teampreview|4\n|inactive|Battle timer is ON: inactive players will automatically lose when time's up. (requested by Highkage2)\n|inactive|kilothegreat has 60 seconds left.\n|\n|t:|1774611154\n|teamsize|p1|4\n|teamsize|p2|4\n|start\n|switch|p1a: Calyrex|Calyrex-Ice, L50|100/100\n|switch|p1b: Incineroar|Incineroar, L50, F|100/100\n|switch|p2a: Miraidon|Miraidon, L50|100/100\n|switch|p2b: Incineroar|Incineroar, L50, M|100/100\n|-ability|p1a: Calyrex|As One\n|-ability|p1a: Calyrex|Unnerve\n|-fieldstart|move: Electric Terrain|[from] ability: Hadron Engine|[of] p2a: Miraidon\n|-ability|p1b: Incineroar|Intimidate|boost\n|-unboost|p2a: Miraidon|atk|1\n|-unboost|p2b: Incineroar|atk|1\n|-ability|p2b: Incineroar|Intimidate|boost\n|-unboost|p1a: Calyrex|atk|1\n|-unboost|p1b: Incineroar|atk|1\n|turn|1\n|inactive|Highkage2 has 30 seconds left.\n|inactive|Highkage2 has 20 seconds left.\n|inactive|Highkage2 has 15 seconds left.\n|\n|t:|1774611195\n|move|p1b: Incineroar|Fake Out|p2b: Incineroar\n|-damage|p2b: Incineroar|94/100\n|cant|p2b: Incineroar|flinch\n|move|p2a: Miraidon|Volt Switch|p1b: Incineroar\n|-damage|p1b: Incineroar|43/100\n|\n|t:|1774611204\n|switch|p2a: Calyrex|Calyrex-Ice, L50|100/100|[from] Volt Switch\n|-ability|p2a: Calyrex|As One\n|-ability|p2a: Calyrex|Unnerve\n|move|p1a: Calyrex|Leech Seed|p2a: Calyrex|[miss]\n|-miss|p1a: Calyrex|p2a: Calyrex\n|\n|upkeep\n|turn|2\n|\n|t:|1774611226\n|switch|p1b: Urshifu|Urshifu-Rapid-Strike, L50, F|100/100\n|move|p2a: Calyrex|Protect|p2a: Calyrex\n|-singleturn|p2a: Calyrex|Protect\n|move|p1a: Calyrex|Leech Seed|p2a: Calyrex\n|-activate|p2a: Calyrex|move: Protect\n|move|p2b: Incineroar|Knock Off|p1a: Calyrex\n|-supereffective|p1a: Calyrex\n|-damage|p1a: Calyrex|69/100\n|-enditem|p1a: Calyrex|Leftovers|[from] move: Knock Off|[of] p2b: Incineroar\n|\n|upkeep\n|turn|3\n|inactive|kilothegreat has 30 seconds left.\n|inactive|Highkage2 has 30 seconds left.\n|inactive|Highkage2 has 20 seconds left.\n|inactive|Highkage2 has 15 seconds left.\n|inactive|Highkage2 has 10 seconds left.\n|\n|t:|1774611271\n|-terastallize|p2b: Incineroar|Bug\n|move|p1b: Urshifu|Surging Strikes|p2b: Incineroar\n|-crit|p2b: Incineroar\n|-damage|p2b: Incineroar|76/100\n|-crit|p2b: Incineroar\n|-damage|p2b: Incineroar|60/100\n|-crit|p2b: Incineroar\n|-damage|p2b: Incineroar|44/100\n|-hitcount|p2b: Incineroar|3\n|move|p1a: Calyrex|Leech Seed|p2a: Calyrex\n|-start|p2a: Calyrex|move: Leech Seed\n|move|p2b: Incineroar|U-turn|p1b: Urshifu\n|-resisted|p1b: Urshifu\n|-damage|p1b: Urshifu|91/100\n|inactive|Highkage2 has 30 seconds left.\n|\n|t:|1774611297\n|switch|p2b: Miraidon|Miraidon, L50|100/100|[from] U-turn\n|-activate|p2b: Miraidon|ability: Hadron Engine\n|move|p2a: Calyrex|Glacial Lance|p1a: Calyrex|[spread] p1a,p1b\n|-resisted|p1a: Calyrex\n|-resisted|p1b: Urshifu\n|-damage|p1a: Calyrex|53/100\n|-damage|p1b: Urshifu|63/100\n|\n|-damage|p2a: Calyrex|88/100|[from] Leech Seed|[of] p1a: Calyrex\n|-heal|p1a: Calyrex|65/100|[silent]\n|upkeep\n|turn|4\n|inactive|kilothegreat has 30 seconds left.\n|\n|t:|1774611323\n|move|p1b: Urshifu|Detect|p1b: Urshifu\n|-singleturn|p1b: Urshifu|Protect\n|move|p1a: Calyrex|Protect|p1a: Calyrex\n|-singleturn|p1a: Calyrex|Protect\n|move|p2b: Miraidon|Electro Drift|p1a: Calyrex\n|-activate|p1a: Calyrex|move: Protect\n|move|p2a: Calyrex|Leech Seed|p1b: Urshifu\n|-activate|p1b: Urshifu|move: Protect\n|\n|-heal|p2a: Calyrex|94/100|[from] item: Leftovers\n|-damage|p2a: Calyrex|82/100|[from] Leech Seed|[of] p1a: Calyrex\n|-heal|p1a: Calyrex|77/100|[silent]\n|upkeep\n|turn|5\n|inactive|Highkage2 has 30 seconds left.\n|inactive|Highkage2 has 20 seconds left.\n|inactive|Highkage2 has 15 seconds left.\n|inactive|Highkage2 has 10 seconds left.\n|\n|t:|1774611368\n|switch|p1a: Landorus|Landorus, L50, M|100/100\n|move|p2b: Miraidon|Electro Drift|p1a: Landorus\n|-immune|p1a: Landorus\n|move|p1b: Urshifu|Surging Strikes|p2a: Calyrex\n|-crit|p2a: Calyrex\n|-damage|p2a: Calyrex|69/100\n|-crit|p2a: Calyrex\n|-damage|p2a: Calyrex|56/100\n|-crit|p2a: Calyrex\n|-damage|p2a: Calyrex|42/100\n|-hitcount|p2a: Calyrex|3\n|move|p2a: Calyrex|Glacial Lance|p1b: Urshifu|[spread] p1a,p1b\n|-supereffective|p1a: Landorus\n|-resisted|p1b: Urshifu\n|-damage|p1a: Landorus|0 fnt\n|-damage|p1b: Urshifu|36/100\n|faint|p1a: Landorus\n|-ability|p2a: Calyrex|Chilling Neigh|boost\n|-boost|p2a: Calyrex|atk|1\n|\n|-heal|p2a: Calyrex|48/100|[from] item: Leftovers\n|-fieldend|move: Electric Terrain\n|upkeep\n|\n|t:|1774611380\n|switch|p1a: Incineroar|Incineroar, L50, F|43/100\n|-ability|p1a: Incineroar|Intimidate|boost\n|-unboost|p2a: Calyrex|atk|1\n|-unboost|p2b: Miraidon|atk|1\n|turn|6\n|\n|t:|1774611398\n|switch|p2b: Iron Treads|Iron Treads, L50|100/100\n|switch|p1a: Calyrex|Calyrex-Ice, L50|77/100\n|-ability|p1a: Calyrex|As One\n|-ability|p1a: Calyrex|Unnerve\n|switch|p2a: Incineroar|Incineroar, L50, M, tera:Bug|44/100\n|-ability|p2a: Incineroar|Intimidate|boost\n|-unboost|p1a: Calyrex|atk|1\n|-unboost|p1b: Urshifu|atk|1\n|move|p1b: Urshifu|Surging Strikes|p2b: Iron Treads\n|-supereffective|p2b: Iron Treads\n|-crit|p2b: Iron Treads\n|-damage|p2b: Iron Treads|60/100\n|-supereffective|p2b: Iron Treads\n|-crit|p2b: Iron Treads\n|-damage|p2b: Iron Treads|22/100\n|-supereffective|p2b: Iron Treads\n|-crit|p2b: Iron Treads\n|-damage|p2b: Iron Treads|0 fnt\n|faint|p2b: Iron Treads\n|-end|p2b: Iron Treads|Quark Drive|[silent]\n|-hitcount|p2: Iron Treads|3\n|\n|upkeep\n|\n|t:|1774611415\n|switch|p2b: Miraidon|Miraidon, L50|100/100\n|-fieldstart|move: Electric Terrain|[from] ability: Hadron Engine|[of] p2b: Miraidon\n|turn|7\n|inactive|Highkage2 has 30 seconds left.\n|\n|t:|1774611442\n|switch|p1b: Incineroar|Incineroar, L50, F|43/100\n|-ability|p1b: Incineroar|Intimidate|boost\n|-unboost|p2a: Incineroar|atk|1\n|-unboost|p2b: Miraidon|atk|1\n|move|p1a: Calyrex|Protect|p1a: Calyrex\n|-singleturn|p1a: Calyrex|Protect\n|move|p2b: Miraidon|Electro Drift|p1a: Calyrex\n|-activate|p1a: Calyrex|move: Protect\n|move|p2a: Incineroar|U-turn|p1b: Incineroar\n|-damage|p1b: Incineroar|26/100\n|\n|t:|1774611448\n|switch|p2a: Calyrex|Calyrex-Ice, L50|48/100|[from] U-turn\n|-ability|p2a: Calyrex|As One\n|-ability|p2a: Calyrex|Unnerve\n|\n|-heal|p2a: Calyrex|54/100|[from] item: Leftovers\n|upkeep\n|turn|8\n|\n|t:|1774611460\n|switch|p2b: Incineroar|Incineroar, L50, M, tera:Bug|44/100\n|-ability|p2b: Incineroar|Intimidate|boost\n|-unboost|p1a: Calyrex|atk|1\n|-unboost|p1b: Incineroar|atk|1\n|move|p1b: Incineroar|Fake Out|p2b: Incineroar\n|-damage|p2b: Incineroar|37/100\n|move|p2a: Calyrex|Leech Seed|p1a: Calyrex\n|-start|p1a: Calyrex|move: Leech Seed\n|move|p1a: Calyrex|Trick Room|p1a: Calyrex\n|-fieldstart|move: Trick Room|[of] p1a: Calyrex\n|\n|-heal|p2a: Calyrex|59/100|[from] item: Leftovers\n|-damage|p1a: Calyrex|65/100|[from] Leech Seed|[of] p2a: Calyrex\n|-heal|p2a: Calyrex|72/100|[silent]\n|upkeep\n|turn|9\n|\n|t:|1774611479\n|switch|p1a: Urshifu|Urshifu-Rapid-Strike, L50, F|36/100\n|move|p2a: Calyrex|Glacial Lance|p1b: Incineroar|[spread] p1a,p1b\n|-resisted|p1a: Urshifu\n|-resisted|p1b: Incineroar\n|-damage|p1a: Urshifu|10/100\n|-damage|p1b: Incineroar|0 fnt\n|faint|p1b: Incineroar\n|-ability|p2a: Calyrex|Chilling Neigh|boost\n|-boost|p2a: Calyrex|atk|1\n|move|p2b: Incineroar|Flare Blitz|p1a: Urshifu\n|-resisted|p1a: Urshifu\n|-damage|p1a: Urshifu|0 fnt\n|faint|p1a: Urshifu\n|-damage|p2b: Incineroar|34/100|[from] Recoil\n|\n|-heal|p2a: Calyrex|77/100|[from] item: Leftovers\n|upkeep\n|-message|kilothegreat forfeited.\n|\n|win|Highkage2\n|raw|kilothegreat's rating: 1424 &rarr; <strong>1411</strong><br />(-13 for losing)\n|raw|Highkage2's rating: 1555 &rarr; <strong>1568</strong><br />(+13 for winning)\n|l|\u2606kilothegreat\n|player|p1|\n","uploadtime":1774611705,"views":16,"formatid":"gen9vgc2026regi","rating":1411,"private":0,"password":null}