{"id":"gen9vgc2026regi-2531996027","format":"[Gen 9] VGC 2026 Reg I","players":["duck 7457546765","VJ2511"],"log":"|j|\u2606duck 7457546765\n|j|\u2606VJ2511\n|t:|1770130178\n|gametype|doubles\n|player|p1|duck 7457546765|cynthia|1301\n|player|p2|VJ2511|red-masters3|1397\n|gen|9\n|tier|[Gen 9] VGC 2026 Reg I\n|rated|\n|rule|Species Clause: Limit one of each Pok\u00e9mon\n|rule|Item Clause: Limit 1 of each item\n|clearpoke\n|poke|p1|Zacian-*, L50|\n|poke|p1|Lugia, L50|\n|poke|p1|Urshifu-*, L50, M|\n|poke|p1|Rillaboom, L50, M|\n|poke|p1|Chi-Yu, L50|\n|poke|p1|Sableye, L50, M|\n|poke|p2|Calyrex-Shadow, L50|\n|poke|p2|Zamazenta-*, L50|\n|poke|p2|Chien-Pao, L50|\n|poke|p2|Dragonite, L50, M|\n|poke|p2|Raging Bolt, L50|\n|poke|p2|Amoonguss, L50, M|\n|teampreview|4\n|inactive|Battle timer is ON: inactive players will automatically lose when time's up. (requested by VJ2511)\n|\n|t:|1770130196\n|teamsize|p1|4\n|teamsize|p2|4\n|start\n|switch|p1a: Lugia|Lugia, L50|100/100\n|switch|p1b: Sableye|Sableye, L50, M|100/100\n|switch|p2a: Zamazenta|Zamazenta-Crowned, L50|100/100\n|switch|p2b: Chien-Pao|Chien-Pao, L50|100/100\n|-ability|p2b: Chien-Pao|Sword of Ruin\n|-ability|p2a: Zamazenta|Dauntless Shield|boost\n|-boost|p2a: Zamazenta|def|1\n|turn|1\n|\n|t:|1770130217\n|move|p1b: Sableye|Reflect|p1b: Sableye\n|-sidestart|p1: duck 7457546765|Reflect\n|move|p2b: Chien-Pao|Ice Spinner|p1b: Sableye\n|-damage|p1b: Sableye|59/100\n|move|p2a: Zamazenta|Heavy Slam|p1b: Sableye\n|-damage|p1b: Sableye|2/100\n|move|p1a: Lugia|Earth Power|p2a: Zamazenta\n|-supereffective|p2a: Zamazenta\n|-damage|p2a: Zamazenta|70/100\n|\n|upkeep\n|turn|2\n|inactive|duck 7457546765 has 30 seconds left.\n|inactive|duck 7457546765 has 20 seconds left.\n|\n|t:|1770130259\n|move|p1b: Sableye|Will-O-Wisp|p2a: Zamazenta\n|-status|p2a: Zamazenta|brn\n|move|p2b: Chien-Pao|Icy Wind|p1a: Lugia|[spread] p1a,p1b\n|-supereffective|p1a: Lugia\n|-damage|p1a: Lugia|93/100\n|-damage|p1b: Sableye|0 fnt\n|-unboost|p1a: Lugia|spe|1\n|-enditem|p1a: Lugia|Weakness Policy\n|-boost|p1a: Lugia|atk|2|[from] item: Weakness Policy\n|-boost|p1a: Lugia|spa|2|[from] item: Weakness Policy\n|faint|p1b: Sableye\n|move|p2a: Zamazenta|Heavy Slam|p1a: Lugia\n|-damage|p1a: Lugia|85/100\n|move|p1a: Lugia|Earth Power|p2a: Zamazenta\n|-supereffective|p2a: Zamazenta\n|-damage|p2a: Zamazenta|17/100 brn\n|\n|-damage|p2a: Zamazenta|11/100 brn|[from] brn\n|upkeep\n|\n|t:|1770130277\n|switch|p1b: Chi-Yu|Chi-Yu, L50|100/100\n|-ability|p1b: Chi-Yu|Beads of Ruin\n|turn|3\n|\n|t:|1770130283\n|-terastallize|p1a: Lugia|Fairy\n|move|p2a: Zamazenta|Wide Guard|p2a: Zamazenta\n|-singleturn|p2a: Zamazenta|Wide Guard\n|move|p2b: Chien-Pao|Sucker Punch|p1a: Lugia\n|-resisted|p1a: Lugia\n|-damage|p1a: Lugia|77/100\n|move|p1b: Chi-Yu|Heat Wave|p2b: Chien-Pao|[spread] \n|-activate|p2a: Zamazenta|move: Wide Guard\n|-activate|p2b: Chien-Pao|move: Wide Guard\n|move|p1a: Lugia|Aeroblast|p2b: Chien-Pao\n|-damage|p2b: Chien-Pao|5/100\n|\n|-damage|p2a: Zamazenta|5/100 brn|[from] brn\n|upkeep\n|turn|4\n|inactive|duck 7457546765 has 30 seconds left.\n|\n|t:|1770130311\n|switch|p1b: Zacian|Zacian-Crowned, L50|100/100\n|-ability|p1b: Zacian|Intrepid Sword|boost\n|-boost|p1b: Zacian|atk|1\n|move|p2a: Zamazenta|Wide Guard|p2a: Zamazenta\n|-singleturn|p2a: Zamazenta|Wide Guard\n|move|p2b: Chien-Pao|Ice Spinner|p1a: Lugia\n|-damage|p1a: Lugia|58/100\n|move|p1a: Lugia|Aeroblast|p2b: Chien-Pao\n|-damage|p2b: Chien-Pao|0 fnt\n|faint|p2b: Chien-Pao\n|\n|-damage|p2a: Zamazenta|0 fnt|[from] brn\n|faint|p2a: Zamazenta\n|upkeep\n|\n|t:|1770130315\n|switch|p2b: Raging Bolt|Raging Bolt, L50|100/100\n|switch|p2a: Calyrex|Calyrex-Shadow, L50|100/100\n|-ability|p2a: Calyrex|As One\n|-ability|p2a: Calyrex|Unnerve\n|-enditem|p2b: Raging Bolt|Booster Energy\n|-activate|p2b: Raging Bolt|ability: Protosynthesis|[fromitem]\n|-start|p2b: Raging Bolt|protosynthesisspa\n|turn|5\n|j| riyuezi\n|\n|t:|1770130337\n|-terastallize|p2b: Raging Bolt|Electric\n|move|p2a: Calyrex|Protect|p2a: Calyrex\n|-singleturn|p2a: Calyrex|Protect\n|move|p1b: Zacian|Behemoth Blade|p2a: Calyrex\n|-activate|p2a: Calyrex|move: Protect\n|move|p2b: Raging Bolt|Thunderbolt|p1b: Zacian\n|-damage|p1b: Zacian|19/100\n|move|p1a: Lugia|Aeroblast|p2a: Calyrex\n|-activate|p2a: Calyrex|move: Protect\n|\n|upkeep\n|turn|6\n|\n|t:|1770130353\n|move|p1b: Zacian|Protect|p1b: Zacian\n|-singleturn|p1b: Zacian|Protect\n|move|p2b: Raging Bolt|Thunderclap|p1a: Lugia\n|-damage|p1a: Lugia|15/100\n|move|p2a: Calyrex|Astral Barrage|p1b: Zacian|[spread] p1a\n|-activate|p1b: Zacian|move: Protect\n|-damage|p1a: Lugia|0 fnt\n|faint|p1a: Lugia\n|-ability|p2a: Calyrex|Grim Neigh|boost\n|-boost|p2a: Calyrex|spa|1\n|\n|upkeep\n|\n|t:|1770130359\n|switch|p1a: Chi-Yu|Chi-Yu, L50|100/100\n|-ability|p1a: Chi-Yu|Beads of Ruin\n|turn|7\n|\n|t:|1770130368\n|move|p2b: Raging Bolt|Thunderclap|p1a: Chi-Yu\n|-damage|p1a: Chi-Yu|13/100\n|move|p1a: Chi-Yu|Heat Wave|p2a: Calyrex|[spread] p2a,p2b\n|-damage|p2a: Calyrex|49/100\n|-damage|p2b: Raging Bolt|56/100\n|move|p2a: Calyrex|Astral Barrage|p1a: Chi-Yu|[spread] p1a,p1b\n|-resisted|p1a: Chi-Yu\n|-damage|p1a: Chi-Yu|0 fnt\n|-damage|p1b: Zacian|0 fnt\n|faint|p1a: Chi-Yu\n|faint|p1b: Zacian\n|\n|win|VJ2511\n|raw|duck 7457546765's rating: 1301 &rarr; <strong>1286</strong><br />(-15 for losing)\n|raw|VJ2511's rating: 1397 &rarr; <strong>1412</strong><br />(+15 for winning)\n|l|\u2606duck 7457546765\n|player|p1|\n|l|\u2606VJ2511\n|player|p2|\n|l| riyuezi\n","uploadtime":1770130591,"views":11,"formatid":"gen9vgc2026regi","rating":1286,"private":0,"password":null}