{"id":"gen9vgc2026regi-2573999984","format":"[Gen 9] VGC 2026 Reg I","players":["kwthn","1VLTSQ Joker"],"log":"|raw|<div class=\"broadcast-blue\"><strong>This battle is required to be public due to a player having a name starting with '1vltsq'.</div>\n|j|\u2606kwthn\n|j|\u26061VLTSQ Joker\n|t:|1775187087\n|gametype|doubles\n|player|p1|kwthn|170|1634\n|player|p2|1VLTSQ Joker|blue|1624\n|gen|9\n|tier|[Gen 9] VGC 2026 Reg I\n|rated|\n|rule|Species Clause: Limit one of each Pok\u00e9mon\n|rule|Item Clause: Limit 1 of each item\n|clearpoke\n|poke|p1|Koraidon, L50|\n|poke|p1|Calyrex-Shadow, L50|\n|poke|p1|Incineroar, L50, F|\n|poke|p1|Clefairy, L50, M|\n|poke|p1|Flutter Mane, L50|\n|poke|p1|Rillaboom, L50, F|\n|poke|p2|Calyrex-Ice, L50|\n|poke|p2|Smeargle, L50, F|\n|poke|p2|Kyogre, L50|\n|poke|p2|Maushold, L50|\n|poke|p2|Volcarona, L50, F|\n|poke|p2|Pawmot, L50, M|\n|teampreview|4\n|inactive|Battle timer is ON: inactive players will automatically lose when time's up. (requested by kwthn)\n|\n|t:|1775187119\n|teamsize|p1|4\n|teamsize|p2|4\n|start\n|switch|p1a: Calyrex|Calyrex-Shadow, L50|100/100\n|switch|p1b: Incineroar|Incineroar, L50, F|100/100\n|switch|p2a: Calyrex|Calyrex-Ice, L50|100/100\n|switch|p2b: Smeargle|Smeargle, L50, F|100/100\n|-ability|p1a: Calyrex|As One\n|-ability|p1a: Calyrex|Unnerve\n|-ability|p2a: Calyrex|As One\n|-ability|p2a: Calyrex|Unnerve\n|-ability|p1b: Incineroar|Intimidate|boost\n|-unboost|p2a: Calyrex|atk|1\n|-unboost|p2b: Smeargle|atk|1\n|turn|1\n|inactive|1VLTSQ Joker has 30 seconds left.\n|\n|t:|1775187152\n|-terastallize|p2a: Calyrex|Grass\n|move|p2b: Smeargle|Fake Out|p1b: Incineroar\n|-damage|p1b: Incineroar|98/100\n|cant|p1b: Incineroar|flinch\n|move|p1a: Calyrex|Nasty Plot|p1a: Calyrex\n|-boost|p1a: Calyrex|spa|2\n|move|p2a: Calyrex|Crunch|p1a: Calyrex\n|-supereffective|p1a: Calyrex\n|-damage|p1a: Calyrex|4/100\n|\n|-ability|p2b: Smeargle|Moody|boost\n|-boost|p2b: Smeargle|spa|2\n|-unboost|p2b: Smeargle|spd|1\n|upkeep\n|turn|2\n|inactive|1VLTSQ Joker has 30 seconds left.\n|\n|t:|1775187181\n|move|p1a: Calyrex|Protect|p1a: Calyrex\n|-singleturn|p1a: Calyrex|Protect\n|move|p2b: Smeargle|Follow Me|p2b: Smeargle\n|-singleturn|p2b: Smeargle|move: Follow Me\n|move|p2a: Calyrex|Glacial Lance|p1a: Calyrex|[spread] p1b\n|-activate|p1a: Calyrex|move: Protect\n|-resisted|p1b: Incineroar\n|-damage|p1b: Incineroar|83/100\n|move|p1b: Incineroar|U-turn|p2b: Smeargle\n|-damage|p2b: Smeargle|57/100\n|\n|t:|1775187193\n|switch|p1b: Rillaboom|Rillaboom, L50, F|100/100|[from] U-turn\n|-fieldstart|move: Grassy Terrain|[from] ability: Grassy Surge|[of] p1b: Rillaboom\n|\n|-heal|p1a: Calyrex|10/100|[from] Grassy Terrain\n|-heal|p2b: Smeargle|63/100|[from] Grassy Terrain\n|-ability|p2b: Smeargle|Moody|boost\n|-boost|p2b: Smeargle|spd|2\n|-unboost|p2b: Smeargle|spa|1\n|upkeep\n|turn|3\n|\n|t:|1775187204\n|switch|p2a: Maushold|Maushold, L50|100/100\n|move|p1b: Rillaboom|Fake Out|p2a: Maushold\n|-damage|p2a: Maushold|82/100\n|move|p1a: Calyrex|Nasty Plot|p1a: Calyrex\n|-boost|p1a: Calyrex|spa|2\n|move|p2b: Smeargle|Spore|p1a: Calyrex\n|-status|p1a: Calyrex|slp|[from] move: Spore\n|\n|-heal|p1a: Calyrex|16/100 slp|[from] Grassy Terrain\n|-heal|p2a: Maushold|88/100|[from] Grassy Terrain\n|-heal|p2b: Smeargle|70/100|[from] Grassy Terrain\n|-ability|p2b: Smeargle|Moody|boost\n|-boost|p2b: Smeargle|spa|2\n|-unboost|p2b: Smeargle|atk|1\n|upkeep\n|turn|4\n|\n|t:|1775187221\n|cant|p1a: Calyrex|slp\n|move|p2a: Maushold|Population Bomb|p1b: Rillaboom\n|-damage|p1b: Rillaboom|90/100\n|-damage|p1b: Rillaboom|82/100\n|-damage|p1b: Rillaboom|72/100\n|-damage|p1b: Rillaboom|62/100\n|-damage|p1b: Rillaboom|53/100\n|-damage|p1b: Rillaboom|44/100\n|-damage|p1b: Rillaboom|34/100\n|-damage|p1b: Rillaboom|24/100\n|-damage|p1b: Rillaboom|15/100\n|-damage|p1b: Rillaboom|6/100\n|-hitcount|p1b: Rillaboom|10\n|move|p2b: Smeargle|Decorate|p2a: Maushold\n|-boost|p2a: Maushold|atk|2\n|-boost|p2a: Maushold|spa|2\n|move|p1b: Rillaboom|Wood Hammer|p2b: Smeargle\n|-damage|p2b: Smeargle|0 fnt\n|faint|p2b: Smeargle\n|-damage|p1b: Rillaboom|0 fnt|[from] Recoil\n|faint|p1b: Rillaboom\n|\n|-heal|p1a: Calyrex|22/100 slp|[from] Grassy Terrain\n|-heal|p2a: Maushold|94/100|[from] Grassy Terrain\n|upkeep\n|\n|t:|1775187244\n|switch|p2b: Calyrex|Calyrex-Ice, L50, tera:Grass|100/100\n|switch|p1b: Incineroar|Incineroar, L50, F|83/100\n|-ability|p2b: Calyrex|As One\n|-ability|p2b: Calyrex|Unnerve\n|-ability|p1b: Incineroar|Intimidate|boost\n|-unboost|p2a: Maushold|atk|1\n|-unboost|p2b: Calyrex|atk|1\n|turn|5\n|\n|t:|1775187255\n|move|p1b: Incineroar|Fake Out|p2b: Calyrex\n|-damage|p2b: Calyrex|93/100\n|-curestatus|p1a: Calyrex|slp|[msg]\n|move|p1a: Calyrex|Psychic|p2a: Maushold\n|-damage|p2a: Maushold|0 fnt\n|faint|p2a: Maushold\n|-ability|p1a: Calyrex|Grim Neigh|boost\n|-boost|p1a: Calyrex|spa|1\n|-damage|p1a: Calyrex|12/100|[from] item: Life Orb\n|cant|p2b: Calyrex|flinch\n|\n|-heal|p1a: Calyrex|18/100|[from] Grassy Terrain\n|-heal|p2b: Calyrex|99/100|[from] Grassy Terrain\n|-heal|p1b: Incineroar|89/100|[from] Grassy Terrain\n|upkeep\n|\n|t:|1775187260\n|switch|p2a: Kyogre|Kyogre, L50|100/100\n|-weather|RainDance|[from] ability: Drizzle|[of] p2a: Kyogre\n|turn|6\n|\n|t:|1775187273\n|switch|p1b: Koraidon|Koraidon, L50|100/100\n|-weather|SunnyDay|[from] ability: Orichalcum Pulse|[of] p1b: Koraidon\n|-activate|p1b: Koraidon|Orichalcum Pulse|[source]\n|move|p2a: Kyogre|Water Spout|p1b: Koraidon|[spread] p1a,p1b\n|-resisted|p1b: Koraidon\n|-damage|p1a: Calyrex|0 fnt\n|-damage|p1b: Koraidon|86/100\n|faint|p1a: Calyrex\n|move|p2b: Calyrex|Glacial Lance|p1b: Koraidon\n|-supereffective|p1b: Koraidon\n|-damage|p1b: Koraidon|8/100\n|\n|-weather|SunnyDay|[upkeep]\n|-heal|p1b: Koraidon|14/100|[from] Grassy Terrain\n|-heal|p2b: Calyrex|100/100|[from] Grassy Terrain\n|-fieldend|move: Grassy Terrain\n|upkeep\n|\n|t:|1775187280\n|switch|p1a: Incineroar|Incineroar, L50, F|89/100\n|-ability|p1a: Incineroar|Intimidate|boost\n|-unboost|p2a: Kyogre|atk|1\n|-unboost|p2b: Calyrex|atk|1\n|turn|7\n|\n|t:|1775187290\n|-terastallize|p1b: Koraidon|Fire\n|move|p1a: Incineroar|Fake Out|p2a: Kyogre\n|-damage|p2a: Kyogre|88/100\n|cant|p2a: Kyogre|flinch\n|move|p1b: Koraidon|Low Kick|p2a: Kyogre\n|-damage|p2a: Kyogre|0 fnt\n|faint|p2a: Kyogre\n|move|p2b: Calyrex|Glacial Lance|p1b: Koraidon|[spread] p1a,p1b\n|-resisted|p1a: Incineroar\n|-resisted|p1b: Koraidon\n|-damage|p1a: Incineroar|75/100\n|-damage|p1b: Koraidon|4/100\n|\n|-weather|SunnyDay|[upkeep]\n|upkeep\n|turn|8\n|c|\u26061VLTSQ Joker|nice\n|\n|t:|1775187304\n|move|p1b: Koraidon|Flare Blitz|p2b: Calyrex\n|-supereffective|p2b: Calyrex\n|-damage|p2b: Calyrex|0 fnt\n|faint|p2b: Calyrex\n|-damage|p1b: Koraidon|0 fnt|[from] Recoil\n|faint|p1b: Koraidon\n|\n|win|kwthn\n|raw|kwthn's rating: 1634 &rarr; <strong>1653</strong><br />(+19 for winning)\n|raw|1VLTSQ Joker's rating: 1624 &rarr; <strong>1605</strong><br />(-19 for losing)\n|l|\u26061VLTSQ Joker\n|player|p2|\n|l|\u2606kwthn\n|player|p1|\n","uploadtime":1775187505,"views":43,"formatid":"gen9vgc2026regi","rating":1605,"private":0,"password":null}