{"id":"gen9vgc2026regi-2563114643","format":"[Gen 9] VGC 2026 Reg I","players":["The76Wave","TheManOfSausage"],"log":"|j|\u2606The76Wave\n|j|\u2606TheManOfSausage\n|t:|1773988171\n|gametype|doubles\n|player|p1|The76Wave|skier|1338\n|player|p2|TheManOfSausage|miku-water|1384\n|gen|9\n|tier|[Gen 9] VGC 2026 Reg I\n|rated|\n|rule|Species Clause: Limit one of each Pok\u00e9mon\n|rule|Item Clause: Limit 1 of each item\n|clearpoke\n|poke|p1|Terapagos, L50, M|\n|poke|p1|Incineroar, L50, M|\n|poke|p1|Rillaboom, L50, F|\n|poke|p1|Ogerpon-Cornerstone, L50, F|\n|poke|p1|Flutter Mane, L50|\n|poke|p1|Calyrex-Shadow, L50|\n|poke|p2|Calyrex-Shadow, L50|\n|poke|p2|Miraidon, L50|\n|poke|p2|Clefairy, L50, M|\n|poke|p2|Rillaboom, L50, M|\n|poke|p2|Incineroar, L50, M|\n|poke|p2|Iron Bundle, L50|\n|teampreview|4\n|inactive|Battle timer is ON: inactive players will automatically lose when time's up. (requested by The76Wave)\nTheManOfSausage has agreed to open team sheets.\n|j| RealJustified\n|\n|t:|1773988184\n|teamsize|p1|4\n|teamsize|p2|4\n|start\n|switch|p1a: Terapagos|Terapagos, L50, M|100/100\n|switch|p1b: Incineroar|Incineroar, L50, M, shiny|100/100\n|switch|p2a: Rice Shower|Calyrex-Shadow, L50|100/100\n|switch|p2b: Magical Mirai|Miraidon, L50|100/100\n|-activate|p1a: Terapagos|ability: Tera Shift\n|detailschange|p1a: Terapagos|Terapagos-Terastal, L50, M\n|-heal|p1a: Terapagos|100/100|[silent]\n|-ability|p2a: Rice Shower|As One\n|-ability|p2a: Rice Shower|Unnerve\n|-fieldstart|move: Electric Terrain|[from] ability: Hadron Engine|[of] p2b: Magical Mirai\n|-ability|p1b: Incineroar|Intimidate|boost\n|-unboost|p2a: Rice Shower|atk|1\n|-unboost|p2b: Magical Mirai|atk|1\n|turn|1\n|\n|t:|1773988192\n|move|p1b: Incineroar|Fake Out|p2b: Magical Mirai\n|-damage|p2b: Magical Mirai|90/100\n|cant|p2b: Magical Mirai|flinch\n|move|p2a: Rice Shower|Nasty Plot|p2a: Rice Shower\n|-boost|p2a: Rice Shower|spa|2\n|move|p1a: Terapagos|Calm Mind|p1a: Terapagos\n|-boost|p1a: Terapagos|spa|1\n|-boost|p1a: Terapagos|spd|1\n|\n|upkeep\n|turn|2\n|\n|t:|1773988209\n|move|p2a: Rice Shower|Protect|p2a: Rice Shower\n|-singleturn|p2a: Rice Shower|Protect\n|move|p2b: Magical Mirai|Volt Switch|p1b: Incineroar\n|-damage|p1b: Incineroar|27/100\n|\n|t:|1773988212\n|switch|p2b: Incineroar|Incineroar, L50, M, shiny|100/100|[from] Volt Switch\n|-ability|p2b: Incineroar|Intimidate|boost\n|-unboost|p1a: Terapagos|atk|1\n|-unboost|p1b: Incineroar|atk|1\n|move|p1a: Terapagos|Calm Mind|p1a: Terapagos\n|-boost|p1a: Terapagos|spa|1\n|-boost|p1a: Terapagos|spd|1\n|move|p1b: Incineroar|Knock Off|p2a: Rice Shower\n|-activate|p2a: Rice Shower|move: Protect\n|\n|upkeep\n|turn|3\n|\n|t:|1773988228\n|switch|p1b: Calyrex|Calyrex-Shadow, L50|100/100\n|-ability|p1b: Calyrex|As One\n|-ability|p1b: Calyrex|Unnerve\n|move|p2b: Incineroar|Fake Out|p1b: Calyrex\n|-immune|p1b: Calyrex\n|move|p2a: Rice Shower|Nasty Plot|p2a: Rice Shower\n|-boost|p2a: Rice Shower|spa|2\n|move|p1a: Terapagos|Calm Mind|p1a: Terapagos\n|-boost|p1a: Terapagos|spa|1\n|-boost|p1a: Terapagos|spd|1\n|\n|upkeep\n|turn|4\n|\n|t:|1773988243\n|move|p2a: Rice Shower|Protect|p2a: Rice Shower\n|-singleturn|p2a: Rice Shower|Protect\n|move|p1b: Calyrex|Protect|p1b: Calyrex\n|-singleturn|p1b: Calyrex|Protect\n|move|p1a: Terapagos|Calm Mind|p1a: Terapagos\n|-boost|p1a: Terapagos|spa|1\n|-boost|p1a: Terapagos|spd|1\n|move|p2b: Incineroar|Knock Off|p1a: Terapagos\n|-activate|p1a: Terapagos|ability: Tera Shell\n|-resisted|p1a: Terapagos\n|-damage|p1a: Terapagos|88/100\n|-enditem|p1a: Terapagos|Leftovers|[from] move: Knock Off|[of] p2b: Incineroar\n|\n|upkeep\n|turn|5\n|\n|t:|1773988257\n|move|p1a: Terapagos|Protect|p1a: Terapagos\n|-singleturn|p1a: Terapagos|Protect\n|move|p2a: Rice Shower|Astral Barrage|p1b: Calyrex|[spread] p1b\n|-activate|p1a: Terapagos|move: Protect\n|-supereffective|p1b: Calyrex\n|-enditem|p1b: Calyrex|Focus Sash\n|-damage|p1b: Calyrex|1/100\n|move|p1b: Calyrex|Astral Barrage|p2a: Rice Shower|[spread] p2a,p2b\n|-supereffective|p2a: Rice Shower\n|-resisted|p2b: Incineroar\n|-damage|p2a: Rice Shower|0 fnt\n|-damage|p2b: Incineroar|75/100\n|faint|p2a: Rice Shower\n|-ability|p1b: Calyrex|Grim Neigh|boost\n|-boost|p1b: Calyrex|spa|1\n|move|p2b: Incineroar|Parting Shot|p1a: Terapagos\n|-activate|p1a: Terapagos|move: Protect\n|\n|-fieldend|move: Electric Terrain\n|upkeep\n|\n|t:|1773988262\n|switch|p2a: Magical Mirai|Miraidon, L50|90/100\n|-fieldstart|move: Electric Terrain|[from] ability: Hadron Engine|[of] p2a: Magical Mirai\n|turn|6\n|-message|TheManOfSausage forfeited.\n|\n|win|The76Wave\n|raw|The76Wave's rating: 1338 &rarr; <strong>1361</strong><br />(+23 for winning)\n|raw|TheManOfSausage's rating: 1384 &rarr; <strong>1361</strong><br />(-23 for losing)\n|l|\u2606TheManOfSausage\n|player|p2|\n|l|\u2606The76Wave\n|player|p1|\n|l| RealJustified\n","uploadtime":1773988455,"views":11,"formatid":"gen9vgc2026regi","rating":1361,"private":0,"password":null}