{"id":"gen9vgc2026regi-2548073452","format":"[Gen 9] VGC 2026 Reg I","players":["inb_178","Zkprep"],"log":"|j|\u2606inb_178\n|j|\u2606Zkprep\n|t:|1772164305\n|gametype|doubles\n|player|p1|inb_178|1|1390\n|player|p2|Zkprep|265|1443\n|gen|9\n|tier|[Gen 9] VGC 2026 Reg I\n|rated|\n|rule|Species Clause: Limit one of each Pok\u00e9mon\n|rule|Item Clause: Limit 1 of each item\n|clearpoke\n|poke|p1|Miraidon, L50|\n|poke|p1|Zamazenta-*, L50|\n|poke|p1|Incineroar, L50, F|\n|poke|p1|Iron Bundle, L50|\n|poke|p1|Urshifu-*, L50, F|\n|poke|p1|Sneasler, L50, M|\n|poke|p2|Calyrex-Shadow, L50|\n|poke|p2|Miraidon, L50|\n|poke|p2|Whimsicott, L50, F|\n|poke|p2|Chien-Pao, L50|\n|poke|p2|Heatran, L50, F|\n|poke|p2|Ogerpon-Wellspring, L50, F|\n|teampreview|4\n|\n|t:|1772164336\n|teamsize|p1|4\n|teamsize|p2|4\n|start\n|switch|p1a: Miraidon|Miraidon, L50|100/100\n|switch|p1b: Iron Bundle|Iron Bundle, L50|100/100\n|switch|p2a: Calyrex|Calyrex-Shadow, L50|100/100\n|switch|p2b: Whimsicott|Whimsicott, L50, F|100/100\n|-ability|p2a: Calyrex|As One\n|-ability|p2a: Calyrex|Unnerve\n|-fieldstart|move: Electric Terrain|[from] ability: Hadron Engine|[of] p1a: Miraidon\n|-activate|p1b: Iron Bundle|ability: Quark Drive\n|-start|p1b: Iron Bundle|quarkdrivespe\n|turn|1\n|inactive|Battle timer is ON: inactive players will automatically lose when time's up. (requested by Zkprep)\n|\n|t:|1772164366\n|move|p1b: Iron Bundle|Protect|p1b: Iron Bundle\n|-singleturn|p1b: Iron Bundle|Protect\n|move|p2a: Calyrex|Protect|p2a: Calyrex\n|-singleturn|p2a: Calyrex|Protect\n|move|p2b: Whimsicott|Tailwind|p2b: Whimsicott\n|-sidestart|p2: Zkprep|move: Tailwind\n|move|p1a: Miraidon|Parabolic Charge|p2b: Whimsicott|[spread] p2b\n|-activate|p1b: Iron Bundle|move: Protect\n|-activate|p2a: Calyrex|move: Protect\n|-resisted|p2b: Whimsicott\n|-damage|p2b: Whimsicott|64/100\n|\n|upkeep\n|turn|2\n|inactive|inb_178 has 30 seconds left.\n|inactive|Zkprep has 30 seconds left.\n|inactive|inb_178 has 20 seconds left.\n|\n|t:|1772164404\n|-end|p1b: Iron Bundle|Quark Drive|[silent]\n|switch|p1b: Zamazenta|Zamazenta-Crowned, L50|100/100\n|-ability|p1b: Zamazenta|Dauntless Shield|boost\n|-boost|p1b: Zamazenta|def|1\n|move|p2b: Whimsicott|Fake Tears|p1a: Miraidon\n|-unboost|p1a: Miraidon|spd|2\n|move|p2a: Calyrex|Astral Barrage|p1a: Miraidon|[spread] p1a,p1b\n|-damage|p1a: Miraidon|39/100\n|-damage|p1b: Zamazenta|66/100\n|move|p1a: Miraidon|Electro Drift|p2a: Calyrex\n|-enditem|p2a: Calyrex|Focus Sash\n|-damage|p2a: Calyrex|1/100\n|\n|upkeep\n|turn|3\n|inactive|Zkprep has 30 seconds left.\n|\n|t:|1772164430\n|switch|p1a: Iron Bundle|Iron Bundle, L50|100/100\n|-activate|p1a: Iron Bundle|ability: Quark Drive\n|-start|p1a: Iron Bundle|quarkdrivespe\n|-terastallize|p2a: Calyrex|Fighting\n|move|p2a: Calyrex|Tera Blast|p1b: Zamazenta|[anim] Tera Blast Fighting\n|-supereffective|p1b: Zamazenta\n|-damage|p1b: Zamazenta|5/100\n|move|p2b: Whimsicott|Moonblast|p1a: Iron Bundle\n|-damage|p1a: Iron Bundle|47/100\n|move|p1b: Zamazenta|Behemoth Bash|p2a: Calyrex\n|-damage|p2a: Calyrex|0 fnt\n|faint|p2a: Calyrex\n|\n|upkeep\n|\n|t:|1772164451\n|switch|p2a: Miraidon|Miraidon, L50|100/100\n|-activate|p2a: Miraidon|ability: Hadron Engine\n|turn|4\n|\n|t:|1772164468\n|move|p1b: Zamazenta|Protect|p1b: Zamazenta\n|-singleturn|p1b: Zamazenta|Protect\n|move|p2a: Miraidon|Electro Drift|p1a: Iron Bundle\n|-supereffective|p1a: Iron Bundle\n|-damage|p1a: Iron Bundle|0 fnt\n|faint|p1a: Iron Bundle\n|-end|p1a: Iron Bundle|Quark Drive|[silent]\n|move|p2b: Whimsicott|Moonblast|p1b: Zamazenta\n|-activate|p1b: Zamazenta|move: Protect\n|\n|-sideend|p2: Zkprep|move: Tailwind\n|upkeep\n|\n|t:|1772164485\n|switch|p1a: Miraidon|Miraidon, L50|39/100\n|-activate|p1a: Miraidon|ability: Hadron Engine\n|turn|5\n|inactive|Zkprep has 30 seconds left.\n|inactive|Zkprep has 20 seconds left.\n|inactive|Zkprep has 15 seconds left.\n|\n|t:|1772164529\n|-terastallize|p1a: Miraidon|Electric\n|move|p1b: Zamazenta|Wide Guard|p1b: Zamazenta\n|-singleturn|p1b: Zamazenta|Wide Guard\n|move|p2b: Whimsicott|Tailwind|p2b: Whimsicott\n|-sidestart|p2: Zkprep|move: Tailwind\n|move|p2a: Miraidon|Dazzling Gleam|p1a: Miraidon|[spread] \n|-activate|p1a: Miraidon|move: Wide Guard\n|-activate|p1b: Zamazenta|move: Wide Guard\n|move|p1a: Miraidon|Parabolic Charge|p2b: Whimsicott|[spread] p2a,p2b\n|-activate|p1b: Zamazenta|move: Wide Guard\n|-resisted|p2a: Miraidon\n|-resisted|p2b: Whimsicott\n|-damage|p2a: Miraidon|91/100\n|-heal|p1a: Miraidon|44/100|[from] drain|[of] p2a: Miraidon\n|-damage|p2b: Whimsicott|13/100\n|-heal|p1a: Miraidon|64/100|[from] drain|[of] p2b: Whimsicott\n|\n|-fieldend|move: Electric Terrain\n|upkeep\n|turn|6\n|inactive|inb_178 has 30 seconds left.\n|inactive|Zkprep has 30 seconds left.\n|\n|t:|1772164558\n|move|p2a: Miraidon|Draco Meteor|p1a: Miraidon\n|-damage|p1a: Miraidon|29/100\n|-unboost|p2a: Miraidon|spa|2\n|move|p2b: Whimsicott|Moonblast|p1a: Miraidon\n|-damage|p1a: Miraidon|13/100\n|-unboost|p1a: Miraidon|spa|1\n|move|p1a: Miraidon|Volt Switch|p2b: Whimsicott\n|-resisted|p2b: Whimsicott\n|-damage|p2b: Whimsicott|0 fnt\n|faint|p2b: Whimsicott\n|\n|t:|1772164571\n|switch|p1a: Sneasler|Sneasler, L50, M|100/100|[from] Volt Switch\n|move|p1b: Zamazenta|Body Press|p2a: Miraidon\n|-damage|p2a: Miraidon|28/100\n|\n|upkeep\n|\n|t:|1772164578\n|switch|p2b: Ogerpon|Ogerpon-Wellspring, L50, F|100/100\n|turn|7\n|inactive|Zkprep has 30 seconds left.\n|\n|t:|1772164609\n|move|p2a: Miraidon|Dazzling Gleam|p1a: Sneasler|[spread] p1a,p1b\n|-damage|p1a: Sneasler|87/100\n|-damage|p1b: Zamazenta|0 fnt\n|faint|p1b: Zamazenta\n|move|p2b: Ogerpon|Ivy Cudgel|p1a: Sneasler|[anim] Ivy Cudgel Water\n|-damage|p1a: Sneasler|0 fnt\n|faint|p1a: Sneasler\n|\n|upkeep\n|-message|inb_178 forfeited.\n|\n|win|Zkprep\n|raw|inb_178's rating: 1390 &rarr; <strong>1373</strong><br />(-17 for losing)\n|raw|Zkprep's rating: 1443 &rarr; <strong>1460</strong><br />(+17 for winning)\n|l|\u2606inb_178\n|player|p1|\n|l|\u2606Zkprep\n|player|p2|\n","uploadtime":1772164770,"views":13,"formatid":"gen9vgc2026regi","rating":1373,"private":0,"password":null}