{"id":"gen9vgc2026regi-2560007591","format":"[Gen 9] VGC 2026 Reg I","players":["Sparklucario","It'sJustKen VGC"],"log":"|j|\u2606Sparklucario\n|j|\u2606It'sJustKen VGC\n|t:|1773635082\n|gametype|doubles\n|player|p1|Sparklucario|169|1402\n|player|p2|It'sJustKen VGC|102|1348\n|gen|9\n|tier|[Gen 9] VGC 2026 Reg I\n|rated|\n|rule|Species Clause: Limit one of each Pok\u00e9mon\n|rule|Item Clause: Limit 1 of each item\n|clearpoke\n|poke|p1|Calyrex-Shadow, L50|\n|poke|p1|Zamazenta-*, L50|\n|poke|p1|Dragonite, L50, F|\n|poke|p1|Raging Bolt, L50|\n|poke|p1|Amoonguss, L50, F|\n|poke|p1|Chien-Pao, L50|\n|poke|p2|Landorus, L50, M|\n|poke|p2|Amoonguss, L50, F|\n|poke|p2|Calyrex-Ice, L50|\n|poke|p2|Incineroar, L50, M|\n|poke|p2|Urshifu-*, L50, M|\n|poke|p2|Miraidon, L50|\n|teampreview|4\n|inactive|Battle timer is ON: inactive players will automatically lose when time's up. (requested by It'sJustKen VGC)\n|c|\u2606Sparklucario|Glhf\nSparklucario has agreed to open team sheets.\n|c|\u2606It'sJustKen VGC|u2\nIt'sJustKen VGC has agreed to open team sheets.\n|showteam|p1|Calyrex-Shadow||FocusSash|AsOneSpectrier|Protect,AstralBarrage,Psychic,Encore||||||50|,,,,,Ghost]Zamazenta-Crowned||RustedShield|DauntlessShield|Protect,BodyPress,behemothbash,WideGuard||||||50|,,,,,Dragon]Dragonite||ChoiceBand|InnerFocus|ExtremeSpeed,Outrage,Waterfall,StompingTantrum|||F|||50|,,,,,Normal]Raging Bolt||BoosterEnergy|Protosynthesis|Protect,Thunderbolt,Thunderclap,DracoMeteor||||||50|,,,,,Fairy]Amoonguss||RockyHelmet|Regenerator|Protect,Spore,RagePowder,PollenPuff|||F|||50|,,,,,Water]Chien-Pao||AssaultVest|SwordofRuin|IcyWind,SuckerPunch,Ruination,IceSpinner||||||50|,,,,,Ghost\n|showteam|p2|Landorus||LifeOrb|SheerForce|Protect,EarthPower,SludgeBomb,SandsearStorm|||M|||50|,,,,,Ground]Amoonguss||SitrusBerry|Regenerator|Protect,PollenPuff,Spore,RagePowder|||F|||50|,,,,,Water]Calyrex-Ice||ClearAmulet|AsOneGlastrier|Protect,GlacialLance,HighHorsepower,TrickRoom||||||50|,,,,,Fire]Incineroar||AssaultVest|Intimidate|FakeOut,Uturn,KnockOff,FlareBlitz|||M|||50|,,,,,Grass]Urshifu-Rapid-Strike||FocusSash|UnseenFist|Detect,SurgingStrikes,CloseCombat,AquaJet|||M|||50|,,,,,Stellar]Miraidon||ChoiceScarf|HadronEngine|ElectroDrift,Snarl,VoltSwitch,DracoMeteor||||||50|,,,,,Electric\n|inactive|Sparklucario has 60 seconds left.\n|inactive|It'sJustKen VGC has 60 seconds left.\n|inactive|It'sJustKen VGC has 30 seconds left.\n|inactive|It'sJustKen VGC has 20 seconds left.\n|inactive|It'sJustKen VGC has 15 seconds left.\n|inactive|It'sJustKen VGC has 10 seconds left.\n|inactive|It'sJustKen VGC has 5 seconds left.\n|\n|t:|1773635173\n|teamsize|p1|4\n|teamsize|p2|4\n|start\n|switch|p1a: Zamazenta|Zamazenta-Crowned, L50, shiny|100/100\n|switch|p1b: Calyrex|Calyrex-Shadow, L50|100/100\n|switch|p2a: Leclerc|Landorus, L50, M|100/100\n|switch|p2b: Piastri|Amoonguss, L50, F|100/100\n|-ability|p1b: Calyrex|As One\n|-ability|p1b: Calyrex|Unnerve\n|-ability|p1a: Zamazenta|Dauntless Shield|boost\n|-boost|p1a: Zamazenta|def|1\n|turn|1\n|inactive|Sparklucario has 30 seconds left.\n|inactive|It'sJustKen VGC has 30 seconds left.\n|inactive|It'sJustKen VGC has 20 seconds left.\n|inactive|It'sJustKen VGC has 15 seconds left.\n|inactive|Sparklucario has 20 seconds left.\n|inactive|It'sJustKen VGC has 10 seconds left.\n|inactive|Sparklucario has 15 seconds left.\n|inactive|It'sJustKen VGC has 5 seconds left.\n|\n|t:|1773635228\n|move|p1a: Zamazenta|Protect|p1a: Zamazenta\n|-singleturn|p1a: Zamazenta|Protect\n|move|p2a: Leclerc|Protect|p2a: Leclerc\n|-singleturn|p2a: Leclerc|Protect\n|move|p2b: Piastri|Protect|p2b: Piastri\n|-singleturn|p2b: Piastri|Protect\n|move|p1b: Calyrex|Astral Barrage|p2a: Leclerc|[spread] \n|-activate|p2a: Leclerc|move: Protect\n|-activate|p2b: Piastri|move: Protect\n|\n|upkeep\n|turn|2\n|inactive|It'sJustKen VGC has 30 seconds left.\n|\n|t:|1773635261\n|-terastallize|p1a: Zamazenta|Dragon\n|-terastallize|p2a: Leclerc|Ground\n|move|p1b: Calyrex|Psychic|p2b: Piastri\n|-supereffective|p2b: Piastri\n|-damage|p2b: Piastri|1/100\n|move|p1a: Zamazenta|Body Press|p2b: Piastri\n|-resisted|p2b: Piastri\n|-damage|p2b: Piastri|0 fnt\n|faint|p2b: Piastri\n|move|p2a: Leclerc|Earth Power|p1a: Zamazenta\n|-damage|p1a: Zamazenta|32/100\n|\n|upkeep\n|\n|t:|1773635269\n|switch|p2b: Hamilton|Incineroar, L50, M|100/100\n|-ability|p2b: Hamilton|Intimidate|boost\n|-unboost|p1a: Zamazenta|atk|1\n|-unboost|p1b: Calyrex|atk|1\n|turn|3\n|\n|t:|1773635281\n|switch|p2b: Russel|Calyrex-Ice, L50|100/100\n|-ability|p2b: Russel|As One\n|-ability|p2b: Russel|Unnerve\n|move|p1b: Calyrex|Protect|p1b: Calyrex\n|-singleturn|p1b: Calyrex|Protect\n|move|p1a: Zamazenta|Protect|p1a: Zamazenta\n|-singleturn|p1a: Zamazenta|Protect\n|move|p2a: Leclerc|Sandsear Storm|p1a: Zamazenta|[spread] \n|-activate|p1a: Zamazenta|move: Protect\n|-activate|p1b: Calyrex|move: Protect\n|\n|upkeep\n|turn|4\n|j| KittyPON2\n|\n|t:|1773635293\n|switch|p2a: Hamilton|Incineroar, L50, M|100/100\n|-ability|p2a: Hamilton|Intimidate|boost\n|-unboost|p1a: Zamazenta|atk|1\n|-unboost|p1b: Calyrex|atk|1\n|move|p2b: Russel|Protect|p2b: Russel\n|-singleturn|p2b: Russel|Protect\n|move|p1b: Calyrex|Astral Barrage|p2a: Hamilton|[spread] p2a\n|-activate|p2b: Russel|move: Protect\n|-resisted|p2a: Hamilton\n|-damage|p2a: Hamilton|81/100\n|move|p1a: Zamazenta|Body Press|p2b: Russel\n|-activate|p2b: Russel|move: Protect\n|\n|upkeep\n|turn|5\n|inactive|Sparklucario has 30 seconds left.\n|inactive|Sparklucario has 20 seconds left.\n|\n|t:|1773635329\n|move|p2a: Hamilton|Fake Out|p1a: Zamazenta\n|-damage|p1a: Zamazenta|26/100\n|move|p1b: Calyrex|Astral Barrage|p2a: Hamilton|[spread] p2a,p2b\n|-resisted|p2a: Hamilton\n|-supereffective|p2b: Russel\n|-damage|p2a: Hamilton|63/100\n|-damage|p2b: Russel|27/100\n|cant|p1a: Zamazenta|flinch\n|move|p2b: Russel|Trick Room|p2b: Russel\n|-fieldstart|move: Trick Room|[of] p2b: Russel\n|\n|upkeep\n|turn|6\n|inactive|It'sJustKen VGC has 30 seconds left.\n|\n|t:|1773635355\n|move|p1a: Zamazenta|Protect|p1a: Zamazenta\n|-singleturn|p1a: Zamazenta|Protect\n|move|p2b: Russel|High Horsepower|p1a: Zamazenta\n|-activate|p1a: Zamazenta|move: Protect\n|move|p2a: Hamilton|U-turn|p1a: Zamazenta\n|-activate|p1a: Zamazenta|move: Protect\n|move|p1b: Calyrex|Astral Barrage|p2b: Russel|[spread] p2a,p2b\n|-resisted|p2a: Hamilton\n|-crit|p2a: Hamilton\n|-supereffective|p2b: Russel\n|-damage|p2a: Hamilton|35/100\n|-damage|p2b: Russel|0 fnt\n|faint|p2b: Russel\n|-ability|p1b: Calyrex|Grim Neigh|boost\n|-boost|p1b: Calyrex|spa|1\n|\n|upkeep\n|\n|t:|1773635357\n|switch|p2b: Leclerc|Landorus, L50, M, tera:Ground|100/100\n|turn|7\n|inactive|Sparklucario has 30 seconds left.\n|\n|t:|1773635384\n|move|p2a: Hamilton|Knock Off|p1b: Calyrex\n|-supereffective|p1b: Calyrex\n|-enditem|p1b: Calyrex|Focus Sash\n|-damage|p1b: Calyrex|1/100\n|move|p2b: Leclerc|Sandsear Storm|p1a: Zamazenta|[spread] p1a,p1b\n|-damage|p1a: Zamazenta|0 fnt\n|-damage|p1b: Calyrex|0 fnt\n|faint|p1a: Zamazenta\n|faint|p1b: Calyrex\n|\n|upkeep\n|\n|t:|1773635394\n|switch|p1a: Dragonite|Dragonite, L50, F, shiny|100/100\n|switch|p1b: Chien-Pao|Chien-Pao, L50, shiny|100/100\n|-ability|p1b: Chien-Pao|Sword of Ruin\n|turn|8\n|inactive|Sparklucario has 30 seconds left.\n|inactive|It'sJustKen VGC has 30 seconds left.\n|inactive|Sparklucario has 20 seconds left.\n|inactive|Sparklucario has 15 seconds left.\n|inactive|Sparklucario has 10 seconds left.\n|\n|t:|1773635442\n|move|p2a: Hamilton|Flare Blitz|p1b: Chien-Pao\n|-supereffective|p1b: Chien-Pao\n|-damage|p1b: Chien-Pao|0 fnt\n|faint|p1b: Chien-Pao\n|-damage|p2a: Hamilton|8/100|[from] Recoil\n|move|p1a: Dragonite|Waterfall|p2a: Hamilton\n|-supereffective|p2a: Hamilton\n|-damage|p2a: Hamilton|0 fnt\n|faint|p2a: Hamilton\n|move|p2b: Leclerc|Earth Power|p1a: Dragonite\n|-immune|p1a: Dragonite\n|\n|upkeep\n|turn|9\n|c|\u2606Sparklucario|Gg\n|\n|t:|1773635453\n|move|p1a: Dragonite|Waterfall|p2b: Leclerc\n|-supereffective|p2b: Leclerc\n|-damage|p2b: Leclerc|0 fnt\n|faint|p2b: Leclerc\n|\n|win|Sparklucario\n|raw|Sparklucario's rating: 1402 &rarr; <strong>1419</strong><br />(+17 for winning)\n|raw|It&apos;sJustKen VGC's rating: 1348 &rarr; <strong>1331</strong><br />(-17 for losing)\n|l|\u2606It'sJustKen VGC\n|player|p2|\n|l|\u2606Sparklucario\n|player|p1|\n|l| KittyPON2\n","uploadtime":1773635456,"views":11,"formatid":"gen9vgc2026regi","rating":1331,"private":0,"password":null}