{"id":"gen9vgc2026regi-2575777362","format":"[Gen 9] VGC 2026 Reg I","players":["dkapflzksh","Freecko99"],"log":"|j|\u2606dkapflzksh\n|j|\u2606Freecko99\n|t:|1775399645\n|gametype|doubles\n|player|p1|dkapflzksh|thorton|1375\n|player|p2|Freecko99|266|1402\n|gen|9\n|tier|[Gen 9] VGC 2026 Reg I\n|rated|\n|rule|Species Clause: Limit one of each Pok\u00e9mon\n|rule|Item Clause: Limit 1 of each item\n|clearpoke\n|poke|p1|Grimmsnarl, L50, M|\n|poke|p1|Lunala, L50|\n|poke|p1|Chi-Yu, L50|\n|poke|p1|Miraidon, L50|\n|poke|p1|Farigiraf, L50, M|\n|poke|p1|Ursaluna, L50, M|\n|poke|p2|Miraidon, L50|\n|poke|p2|Chien-Pao, L50|\n|poke|p2|Farigiraf, L50, F|\n|poke|p2|Zamazenta-*, L50|\n|poke|p2|Iron Hands, L50|\n|poke|p2|Volcarona, L50, M|\n|teampreview|4\n|inactive|Battle timer is ON: inactive players will automatically lose when time's up. (requested by dkapflzksh)\n|inactive|Freecko99 has 60 seconds left.\n|\n|t:|1775399704\n|teamsize|p1|4\n|teamsize|p2|4\n|start\n|switch|p1a: Lunala|Lunala, L50|100/100\n|switch|p1b: Chi-Yu|Chi-Yu, L50, shiny|100/100\n|switch|p2a: Chien-Pao|Chien-Pao, L50|100/100\n|switch|p2b: Miraidon|Miraidon, L50|100/100\n|-ability|p2a: Chien-Pao|Sword of Ruin\n|-fieldstart|move: Electric Terrain|[from] ability: Hadron Engine|[of] p2b: Miraidon\n|-ability|p1b: Chi-Yu|Beads of Ruin\n|turn|1\n|inactive|dkapflzksh has 30 seconds left.\n|\n|t:|1775399737\n|-terastallize|p1a: Lunala|Fairy\n|move|p2a: Chien-Pao|Icy Wind|p1a: Lunala|[spread] p1a,p1b\n|-resisted|p1b: Chi-Yu\n|-damage|p1a: Lunala|96/100\n|-damage|p1b: Chi-Yu|94/100\n|-unboost|p1a: Lunala|spe|1\n|-unboost|p1b: Chi-Yu|spe|1\n|move|p2b: Miraidon|Volt Switch|p1b: Chi-Yu\n|-damage|p1b: Chi-Yu|0 fnt\n|faint|p1b: Chi-Yu\n|\n|t:|1775399748\n|switch|p2b: Iron Hands|Iron Hands, L50|100/100|[from] Volt Switch\n|-activate|p2b: Iron Hands|ability: Quark Drive\n|-start|p2b: Iron Hands|quarkdriveatk\n|move|p1a: Lunala|Dazzling Gleam|p2a: Chien-Pao|[spread] p2a,p2b\n|-supereffective|p2a: Chien-Pao\n|-supereffective|p2b: Iron Hands\n|-enditem|p2a: Chien-Pao|Focus Sash\n|-damage|p2a: Chien-Pao|1/100\n|-damage|p2b: Iron Hands|65/100\n|\n|upkeep\n|\n|t:|1775399757\n|switch|p1b: Grimmsnarl|Grimmsnarl, L50, M|100/100\n|turn|2\n|inactive|Freecko99 has 30 seconds left.\n|\n|t:|1775399790\n|move|p1b: Grimmsnarl|Fake Out|p2a: Chien-Pao\n|-damage|p2a: Chien-Pao|0 fnt\n|faint|p2a: Chien-Pao\n|move|p2b: Iron Hands|Fake Out|p1b: Grimmsnarl\n|-damage|p1b: Grimmsnarl|80/100\n|-damage|p2b: Iron Hands|48/100|[from] item: Rocky Helmet|[of] p1b: Grimmsnarl\n|move|p1a: Lunala|Moonblast|p2b: Iron Hands\n|-supereffective|p2b: Iron Hands\n|-damage|p2b: Iron Hands|0 fnt\n|faint|p2b: Iron Hands\n|-end|p2b: Iron Hands|Quark Drive|[silent]\n|\n|upkeep\n|\n|t:|1775399803\n|switch|p2a: Zamazenta|Zamazenta-Crowned, L50|100/100\n|switch|p2b: Miraidon|Miraidon, L50|100/100\n|-ability|p2a: Zamazenta|Dauntless Shield|boost\n|-boost|p2a: Zamazenta|def|1\n|-activate|p2b: Miraidon|ability: Hadron Engine\n|turn|3\n|inactive|dkapflzksh has 30 seconds left.\n|inactive|dkapflzksh has 20 seconds left.\n|inactive|Freecko99 has 30 seconds left.\n|\n|t:|1775399844\n|move|p1b: Grimmsnarl|Scary Face|p2a: Zamazenta\n|-unboost|p2a: Zamazenta|spe|2\n|move|p2b: Miraidon|Electro Drift|p1a: Lunala\n|-damage|p1a: Lunala|3/100\n|move|p2a: Zamazenta|Behemoth Bash|p1a: Lunala\n|-supereffective|p1a: Lunala\n|-damage|p1a: Lunala|0 fnt\n|faint|p1a: Lunala\n|\n|upkeep\n|\n|t:|1775399854\n|switch|p1a: Miraidon|Miraidon, L50, shiny|100/100\n|-activate|p1a: Miraidon|ability: Hadron Engine\n|turn|4\n|\n|t:|1775399866\n|-terastallize|p2b: Miraidon|Fairy\n|move|p1b: Grimmsnarl|Fake Tears|p2b: Miraidon\n|-unboost|p2b: Miraidon|spd|2\n|move|p1a: Miraidon|Dazzling Gleam|p2a: Zamazenta|[spread] p2a,p2b\n|-damage|p2a: Zamazenta|76/100\n|-damage|p2b: Miraidon|47/100\n|move|p2b: Miraidon|Electro Drift|p1b: Grimmsnarl\n|-damage|p1b: Grimmsnarl|0 fnt\n|-damage|p2b: Miraidon|30/100|[from] item: Rocky Helmet|[of] p1b: Grimmsnarl\n|faint|p1b: Grimmsnarl\n|move|p2a: Zamazenta|Body Press|p1a: Miraidon\n|-damage|p1a: Miraidon|28/100\n|\n|upkeep\n|turn|5\n|\n|t:|1775399891\n|move|p1a: Miraidon|Electro Drift|p2a: Zamazenta\n|-damage|p2a: Zamazenta|0 fnt\n|faint|p2a: Zamazenta\n|move|p2b: Miraidon|Electro Drift|p1a: Miraidon\n|-resisted|p1a: Miraidon\n|-damage|p1a: Miraidon|0 fnt\n|faint|p1a: Miraidon\n|\n|win|Freecko99\n|raw|dkapflzksh's rating: 1375 &rarr; <strong>1357</strong><br />(-18 for losing)\n|raw|Freecko99's rating: 1402 &rarr; <strong>1420</strong><br />(+18 for winning)\n|l|\u2606dkapflzksh\n|player|p1|\n","uploadtime":1775399891,"views":18,"formatid":"gen9vgc2026regi","rating":1357,"private":0,"password":null}