{"id":"gen9vgc2026regi-2585317280","format":"[Gen 9] VGC 2026 Reg I","players":["RandomcatFFR","a_wood_is_good4"],"log":"|j|\u2606RandomcatFFR\n|j|\u2606a_wood_is_good4\n|t:|1776337148\n|gametype|doubles\n|player|p1|RandomcatFFR|bugcatcher-gen4dp|1529\n|player|p2|a_wood_is_good4|266|1431\n|gen|9\n|tier|[Gen 9] VGC 2026 Reg I\n|rated|\n|rule|Species Clause: Limit one of each Pok\u00e9mon\n|rule|Item Clause: Limit 1 of each item\n|clearpoke\n|poke|p1|Calyrex-Shadow, L50|\n|poke|p1|Zamazenta-*, L50|\n|poke|p1|Chi-Yu, L50|\n|poke|p1|Indeedee-F, L50, F|\n|poke|p1|Amoonguss, L50, M|\n|poke|p1|Raging Bolt, L50|\n|poke|p2|Kyogre, L50|\n|poke|p2|Urshifu-*, L50, F|\n|poke|p2|Calyrex-Ice, L50|\n|poke|p2|Amoonguss, L50, F|\n|poke|p2|Rillaboom, L50, F|\n|poke|p2|Incineroar, L50, M|\n|teampreview|4\n|inactive|Battle timer is ON: inactive players will automatically lose when time's up. (requested by RandomcatFFR)\n|\n|t:|1776337217\n|teamsize|p1|4\n|teamsize|p2|4\n|start\n|switch|p1a: Zamazenta|Zamazenta-Crowned, L50|100/100\n|switch|p1b: Raging Bolt|Raging Bolt, L50|100/100\n|switch|p2a: Kyogre|Kyogre, L50|100/100\n|switch|p2b: Urshifu|Urshifu-Rapid-Strike, L50, F|100/100\n|-ability|p1a: Zamazenta|Dauntless Shield|boost\n|-boost|p1a: Zamazenta|def|1\n|-weather|RainDance|[from] ability: Drizzle|[of] p2a: Kyogre\n|turn|1\n|inactive|a_wood_is_good4 has 30 seconds left.\n|\n|t:|1776337252\n|switch|p2b: Amoonguss|Amoonguss, L50, F|100/100\n|-terastallize|p1a: Zamazenta|Water\n|move|p2a: Kyogre|Protect|p2a: Kyogre\n|-singleturn|p2a: Kyogre|Protect\n|move|p1a: Zamazenta|Body Press|p2b: Amoonguss\n|-resisted|p2b: Amoonguss\n|-damage|p2b: Amoonguss|74/100\n|move|p1b: Raging Bolt|Electroweb|p2b: Amoonguss|[spread] \n|-activate|p2a: Kyogre|move: Protect\n|-miss|p1b: Raging Bolt|p2b: Amoonguss\n|\n|-weather|RainDance|[upkeep]\n|upkeep\n|turn|2\n|inactive|a_wood_is_good4 has 30 seconds left.\n|inactive|a_wood_is_good4 has 20 seconds left.\n|inactive|a_wood_is_good4 has 15 seconds left.\n|inactive|a_wood_is_good4 has 10 seconds left.\n|inactive|a_wood_is_good4 has 5 seconds left.\n|\n|t:|1776337305\n|move|p2b: Amoonguss|Protect|p2b: Amoonguss\n|-singleturn|p2b: Amoonguss|Protect\n|move|p1a: Zamazenta|Body Press|p2a: Kyogre\n|-damage|p2a: Kyogre|24/100\n|move|p2a: Kyogre|Origin Pulse|p1a: Zamazenta|[spread] p1a,p1b\n|-resisted|p1a: Zamazenta\n|-resisted|p1b: Raging Bolt\n|-damage|p1a: Zamazenta|64/100\n|-damage|p1b: Raging Bolt|79/100\n|move|p1b: Raging Bolt|Draco Meteor|p2b: Amoonguss\n|-activate|p2b: Amoonguss|move: Protect\n|\n|-weather|RainDance|[upkeep]\n|upkeep\n|turn|3\n|inactive|RandomcatFFR has 30 seconds left.\n|inactive|a_wood_is_good4 has 30 seconds left.\n|inactive|RandomcatFFR has 20 seconds left.\n|inactive|a_wood_is_good4 has 20 seconds left.\n|inactive|a_wood_is_good4 has 15 seconds left.\n|inactive|a_wood_is_good4 has 10 seconds left.\n|inactive|a_wood_is_good4 has 5 seconds left.\n|\n|t:|1776337356\n|switch|p2a: Urshifu|Urshifu-Rapid-Strike, L50, F|100/100\n|switch|p2b: Calyrex|Calyrex-Ice, L50|100/100\n|-ability|p2b: Calyrex|As One\n|-ability|p2b: Calyrex|Unnerve\n|move|p1a: Zamazenta|Body Press|p2b: Calyrex\n|-damage|p2b: Calyrex|58/100\n|move|p1b: Raging Bolt|Draco Meteor|p2b: Calyrex\n|-damage|p2b: Calyrex|13/100\n|-unboost|p1b: Raging Bolt|spa|2\n|\n|-weather|RainDance|[upkeep]\n|upkeep\n|turn|4\n|inactive|a_wood_is_good4 has 30 seconds left.\n|inactive|a_wood_is_good4 has 20 seconds left.\n|\n|t:|1776337393\n|switch|p2b: Amoonguss|Amoonguss, L50, F|100/100\n|move|p2a: Urshifu|Surging Strikes|p1a: Zamazenta\n|-resisted|p1a: Zamazenta\n|-crit|p1a: Zamazenta\n|-damage|p1a: Zamazenta|54/100\n|-resisted|p1a: Zamazenta\n|-crit|p1a: Zamazenta\n|-damage|p1a: Zamazenta|44/100\n|-resisted|p1a: Zamazenta\n|-crit|p1a: Zamazenta\n|-damage|p1a: Zamazenta|35/100\n|-hitcount|p1a: Zamazenta|3\n|move|p1a: Zamazenta|Body Press|p2b: Amoonguss\n|-resisted|p2b: Amoonguss\n|-damage|p2b: Amoonguss|73/100\n|move|p1b: Raging Bolt|Electroweb|p2a: Urshifu|[spread] p2a,p2b\n|-supereffective|p2a: Urshifu\n|-resisted|p2b: Amoonguss\n|-damage|p2a: Urshifu|69/100\n|-damage|p2b: Amoonguss|67/100\n|-unboost|p2a: Urshifu|spe|1\n|-unboost|p2b: Amoonguss|spe|1\n|\n|-weather|RainDance|[upkeep]\n|upkeep\n|turn|5\n|inactive|RandomcatFFR has 30 seconds left.\n|inactive|a_wood_is_good4 has 30 seconds left.\n|inactive|RandomcatFFR has 20 seconds left.\n|inactive|RandomcatFFR has 15 seconds left.\n|\n|t:|1776337434\n|move|p1a: Zamazenta|Body Press|p2a: Urshifu\n|-damage|p2a: Urshifu|0 fnt\n|faint|p2a: Urshifu\n|move|p1b: Raging Bolt|Draco Meteor|p2b: Amoonguss\n|-damage|p2b: Amoonguss|36/100\n|-unboost|p1b: Raging Bolt|spa|2\n|move|p2b: Amoonguss|Spore|p1b: Raging Bolt\n|-status|p1b: Raging Bolt|slp|[from] move: Spore\n|\n|-weather|none\n|upkeep\n|\n|t:|1776337444\n|switch|p2a: Calyrex|Calyrex-Ice, L50|13/100\n|-ability|p2a: Calyrex|As One\n|-ability|p2a: Calyrex|Unnerve\n|turn|6\n|\n|t:|1776337453\n|-end|p1b: Raging Bolt|Protosynthesis|[silent]\n|switch|p1b: Calyrex|Calyrex-Shadow, L50|100/100\n|-ability|p1b: Calyrex|As One\n|-ability|p1b: Calyrex|Unnerve\n|move|p2b: Amoonguss|Rage Powder|p2b: Amoonguss\n|-singleturn|p2b: Amoonguss|move: Rage Powder\n|move|p1a: Zamazenta|Body Press|p2b: Amoonguss\n|-resisted|p2b: Amoonguss\n|-damage|p2b: Amoonguss|8/100\n|move|p2a: Calyrex|Trick Room|p2a: Calyrex\n|-fieldstart|move: Trick Room|[of] p2a: Calyrex\n|\n|upkeep\n|turn|7\n|inactive|RandomcatFFR has 30 seconds left.\n|inactive|a_wood_is_good4 has 30 seconds left.\n|inactive|a_wood_is_good4 has 20 seconds left.\n|inactive|a_wood_is_good4 has 15 seconds left.\n|inactive|a_wood_is_good4 has 10 seconds left.\n|\n|t:|1776337503\n|switch|p1b: Amoonguss|Amoonguss, L50, M|100/100\n|move|p1a: Zamazenta|Wide Guard|p1a: Zamazenta\n|-singleturn|p1a: Zamazenta|Wide Guard\n|move|p2b: Amoonguss|Spore|p1b: Amoonguss\n|-immune|p1b: Amoonguss\n|move|p2a: Calyrex|Glacial Lance|p1a: Zamazenta|[spread] \n|-activate|p1a: Zamazenta|move: Wide Guard\n|-activate|p1b: Amoonguss|move: Wide Guard\n|\n|upkeep\n|turn|8\n|inactive|RandomcatFFR has 30 seconds left.\n|inactive|a_wood_is_good4 has 30 seconds left.\n|inactive|RandomcatFFR has 20 seconds left.\n|inactive|RandomcatFFR has 15 seconds left.\n|\n|t:|1776337543\n|-terastallize|p2a: Calyrex|Grass\n|move|p1a: Zamazenta|Wide Guard|p1a: Zamazenta\n|-singleturn|p1a: Zamazenta|Wide Guard\n|move|p2b: Amoonguss|Spore|p1a: Zamazenta\n|-status|p1a: Zamazenta|slp|[from] move: Spore\n|move|p1b: Amoonguss|Pollen Puff|p2a: Calyrex\n|-supereffective|p2a: Calyrex\n|-crit|p2a: Calyrex\n|-damage|p2a: Calyrex|0 fnt\n|faint|p2a: Calyrex\n|\n|upkeep\n|\n|t:|1776337555\n|switch|p2a: Kyogre|Kyogre, L50|24/100\n|-weather|RainDance|[from] ability: Drizzle|[of] p2a: Kyogre\n|turn|9\n|\n|t:|1776337565\n|switch|p1a: Calyrex|Calyrex-Shadow, L50|100/100\n|-ability|p1a: Calyrex|As One\n|-ability|p1a: Calyrex|Unnerve\n|move|p2b: Amoonguss|Pollen Puff|p2a: Kyogre\n|-heal|p2a: Kyogre|74/100\n|move|p1b: Amoonguss|Spore|p2a: Kyogre\n|-status|p2a: Kyogre|slp|[from] move: Spore\n|cant|p2a: Kyogre|slp\n|\n|-weather|RainDance|[upkeep]\n|upkeep\n|turn|10\n|inactive|a_wood_is_good4 has 30 seconds left.\n|inactive|a_wood_is_good4 has 20 seconds left.\n|inactive|a_wood_is_good4 has 15 seconds left.\n|inactive|a_wood_is_good4 has 10 seconds left.\n|inactive|a_wood_is_good4 has 5 seconds left.\n|\n|t:|1776337616\n|move|p1a: Calyrex|Protect|p1a: Calyrex\n|-singleturn|p1a: Calyrex|Protect\n|move|p2b: Amoonguss|Pollen Puff|p1a: Calyrex\n|-activate|p1a: Calyrex|move: Protect\n|move|p1b: Amoonguss|Pollen Puff|p2a: Kyogre\n|-damage|p2a: Kyogre|61/100 slp\n|cant|p2a: Kyogre|slp\n|\n|-weather|RainDance|[upkeep]\n|-fieldend|move: Trick Room\n|upkeep\n|turn|11\n|\n|t:|1776337639\n|move|p1a: Calyrex|Astral Barrage|p2b: Amoonguss|[spread] p2a,p2b\n|-damage|p2a: Kyogre|25/100 slp\n|-damage|p2b: Amoonguss|0 fnt\n|faint|p2b: Amoonguss\n|-ability|p1a: Calyrex|Grim Neigh|boost\n|-boost|p1a: Calyrex|spa|1\n|cant|p2a: Kyogre|slp\n|move|p1b: Amoonguss|Spore|p2a: Kyogre\n|-fail|p2a: Kyogre|slp\n|\n|-weather|RainDance|[upkeep]\n|upkeep\n|turn|12\n|\n|t:|1776337647\n|move|p1a: Calyrex|Astral Barrage|p2a: Kyogre\n|-damage|p2a: Kyogre|0 fnt\n|faint|p2a: Kyogre\n|\n|win|RandomcatFFR\n|raw|RandomcatFFR's rating: 1529 &rarr; <strong>1544</strong><br />(+15 for winning)\n|raw|a_wood_is_good4's rating: 1431 &rarr; <strong>1416</strong><br />(-15 for losing)\n|c|\u2606a_wood_is_good4|Gg\n","uploadtime":1776337652,"views":25,"formatid":"gen9vgc2026regi","rating":1416,"private":0,"password":null}