{"id":"gen9vgc2026regi-2552408267","format":"[Gen 9] VGC 2026 Reg I","players":["jontar gurning","blackred123\u6c38\u96cf\u5854\u83f2\u4fa0"],"log":"|j|\u2606jontar gurning\n|j|\u2606blackred123\u6c38\u96cf\u5854\u83f2\u4fa0\n|t:|1772718836\n|gametype|doubles\n|player|p1|jontar gurning|swimmerf-gen4dp|1393\n|player|p2|blackred123\u6c38\u96cf\u5854\u83f2\u4fa0|iono-masters|1402\n|gen|9\n|tier|[Gen 9] VGC 2026 Reg I\n|rated|\n|rule|Species Clause: Limit one of each Pok\u00e9mon\n|rule|Item Clause: Limit 1 of each item\n|clearpoke\n|poke|p1|Koraidon, L50|\n|poke|p1|Chi-Yu, L50|\n|poke|p1|Flutter Mane, L50|\n|poke|p1|Brute Bonnet, L50|\n|poke|p1|Lunala, L50|\n|poke|p1|Ursaluna, L50, M|\n|poke|p2|Kyogre, L50|\n|poke|p2|Zamazenta-*, L50|\n|poke|p2|Chien-Pao, L50|\n|poke|p2|Amoonguss, L50, F|\n|poke|p2|Dragonite, L50, F|\n|poke|p2|Rillaboom, L50, F|\n|teampreview|4\n|inactive|Battle timer is ON: inactive players will automatically lose when time's up. (requested by blackred123\u6c38\u96cf\u5854\u83f2\u4fa0)\n|inactive|jontar gurning has 60 seconds left.\n|\n|t:|1772718871\n|teamsize|p1|4\n|teamsize|p2|4\n|start\n|switch|p1a: Lunala|Lunala, L50|100/100\n|switch|p1b: Brute Bonnet|Brute Bonnet, L50|100/100\n|switch|p2a: Zamazenta|Zamazenta-Crowned, L50|100/100\n|switch|p2b: Chien-Pao|Chien-Pao, L50|100/100\n|-ability|p2b: Chien-Pao|Sword of Ruin\n|-ability|p2a: Zamazenta|Dauntless Shield|boost\n|-boost|p2a: Zamazenta|def|1\n|turn|1\n|j| bobhh\n|\n|t:|1772718889\n|-terastallize|p1b: Brute Bonnet|Water\n|move|p2b: Chien-Pao|Ice Spinner|p1b: Brute Bonnet\n|-resisted|p1b: Brute Bonnet\n|-damage|p1b: Brute Bonnet|81/100\n|move|p2a: Zamazenta|Body Press|p1b: Brute Bonnet\n|-damage|p1b: Brute Bonnet|24/100\n|-enditem|p1b: Brute Bonnet|Sitrus Berry|[eat]\n|-heal|p1b: Brute Bonnet|49/100|[from] item: Sitrus Berry\n|move|p1a: Lunala|Meteor Beam||[still]\n|-prepare|p1a: Lunala|Meteor Beam\n|-boost|p1a: Lunala|spa|1\n|-enditem|p1a: Lunala|Power Herb\n|-anim|p1a: Lunala|Meteor Beam|p2b: Chien-Pao\n|-supereffective|p2b: Chien-Pao\n|-enditem|p2b: Chien-Pao|Focus Sash\n|-damage|p2b: Chien-Pao|1/100\n|move|p1b: Brute Bonnet|Spore|p2a: Zamazenta\n|-status|p2a: Zamazenta|slp|[from] move: Spore\n|\n|upkeep\n|turn|2\n|\n|t:|1772718903\n|move|p2b: Chien-Pao|Sucker Punch|p1a: Lunala\n|-supereffective|p1a: Lunala\n|-damage|p1a: Lunala|26/100\n|move|p1b: Brute Bonnet|Sucker Punch||[still]\n|-fail|p1b: Brute Bonnet\n|cant|p2a: Zamazenta|slp\n|move|p1a: Lunala|Moongeist Beam|p2a: Zamazenta\n|-damage|p2a: Zamazenta|41/100 slp\n|\n|upkeep\n|turn|3\n|inactive|blackred123\u6c38\u96cf\u5854\u83f2\u4fa0 has 30 seconds left.\n|\n|t:|1772718929\n|switch|p1a: Chi-Yu|Chi-Yu, L50|100/100\n|-ability|p1a: Chi-Yu|Beads of Ruin\n|move|p2b: Chien-Pao|Taunt|p1b: Brute Bonnet\n|-start|p1b: Brute Bonnet|move: Taunt\n|-curestatus|p2a: Zamazenta|slp|[msg]\n|move|p2a: Zamazenta|Body Press|p1b: Brute Bonnet\n|-damage|p1b: Brute Bonnet|0 fnt\n|faint|p1b: Brute Bonnet\n|-end|p1b: Brute Bonnet|Protosynthesis|[silent]\n|\n|upkeep\n|\n|t:|1772718938\n|switch|p1b: Koraidon|Koraidon, L50|100/100\n|-weather|SunnyDay|[from] ability: Orichalcum Pulse|[of] p1b: Koraidon\n|-activate|p1b: Koraidon|Orichalcum Pulse|[source]\n|turn|4\n|\n|t:|1772718957\n|switch|p2b: Kyogre|Kyogre, L50|100/100\n|-weather|RainDance|[from] ability: Drizzle|[of] p2b: Kyogre\n|move|p1a: Chi-Yu|Heat Wave|p2b: Kyogre|[spread] p2a,p2b\n|-supereffective|p2a: Zamazenta\n|-resisted|p2b: Kyogre\n|-damage|p2a: Zamazenta|3/100\n|-damage|p2b: Kyogre|92/100\n|-status|p2b: Kyogre|brn\n|move|p1b: Koraidon|Flame Charge|p2b: Kyogre\n|-resisted|p2b: Kyogre\n|-damage|p2b: Kyogre|86/100 brn\n|-boost|p1b: Koraidon|spe|1\n|-damage|p1b: Koraidon|91/100|[from] item: Life Orb\n|move|p2a: Zamazenta|Body Press|p1a: Chi-Yu\n|-supereffective|p1a: Chi-Yu\n|-damage|p1a: Chi-Yu|0 fnt\n|faint|p1a: Chi-Yu\n|\n|-weather|RainDance|[upkeep]\n|-damage|p2b: Kyogre|80/100 brn|[from] brn\n|upkeep\n|\n|t:|1772718965\n|switch|p1a: Lunala|Lunala, L50|26/100\n|turn|5\n|inactive|blackred123\u6c38\u96cf\u5854\u83f2\u4fa0 has 30 seconds left.\n|inactive|blackred123\u6c38\u96cf\u5854\u83f2\u4fa0 has 20 seconds left.\n|\n|t:|1772719002\n|-terastallize|p2b: Kyogre|Ghost\n|move|p1a: Lunala|Wide Guard|p1a: Lunala\n|-singleturn|p1a: Lunala|Wide Guard\n|move|p1b: Koraidon|Flame Charge|p2a: Zamazenta\n|-supereffective|p2a: Zamazenta\n|-damage|p2a: Zamazenta|0 fnt\n|-boost|p1b: Koraidon|spe|1\n|faint|p2a: Zamazenta\n|-damage|p1b: Koraidon|81/100|[from] item: Life Orb\n|move|p2b: Kyogre|Hydro Pump|p1a: Lunala|[miss]\n|-miss|p2b: Kyogre|p1a: Lunala\n|\n|-weather|RainDance|[upkeep]\n|-damage|p2b: Kyogre|74/100 brn|[from] brn\n|upkeep\n|\n|t:|1772719014\n|switch|p2a: Chien-Pao|Chien-Pao, L50|1/100\n|-ability|p2a: Chien-Pao|Sword of Ruin\n|turn|6\n|\n|t:|1772719031\n|move|p1b: Koraidon|Flame Charge|p2a: Chien-Pao\n|-supereffective|p2a: Chien-Pao\n|-damage|p2a: Chien-Pao|0 fnt\n|-boost|p1b: Koraidon|spe|1\n|faint|p2a: Chien-Pao\n|-damage|p1b: Koraidon|72/100|[from] item: Life Orb\n|move|p2b: Kyogre|Hydro Pump|p1a: Lunala\n|-damage|p1a: Lunala|0 fnt\n|faint|p1a: Lunala\n|\n|-weather|RainDance|[upkeep]\n|-damage|p2b: Kyogre|68/100 brn|[from] brn\n|upkeep\n|\n|t:|1772719034\n|switch|p2a: Dragonite|Dragonite, L50, F|100/100\n|turn|7\n|\n|t:|1772719047\n|move|p1b: Koraidon|Protect|p1b: Koraidon\n|-singleturn|p1b: Koraidon|Protect\n|move|p2b: Kyogre|Hydro Pump|p1b: Koraidon\n|-activate|p1b: Koraidon|move: Protect\n|move|p2a: Dragonite|Aerial Ace|p1b: Koraidon\n|-activate|p1b: Koraidon|move: Protect\n|\n|-weather|RainDance|[upkeep]\n|-damage|p2b: Kyogre|62/100 brn|[from] brn\n|upkeep\n|turn|8\n|\n|t:|1772719061\n|move|p1b: Koraidon|Flame Charge|p2a: Dragonite\n|-resisted|p2a: Dragonite\n|-damage|p2a: Dragonite|95/100\n|-boost|p1b: Koraidon|spe|1\n|-damage|p1b: Koraidon|62/100|[from] item: Life Orb\n|move|p2b: Kyogre|Hydro Pump|p1b: Koraidon\n|-resisted|p1b: Koraidon\n|-damage|p1b: Koraidon|16/100\n|move|p2a: Dragonite|Aerial Ace|p1b: Koraidon\n|-supereffective|p1b: Koraidon\n|-damage|p1b: Koraidon|0 fnt\n|faint|p1b: Koraidon\n|\n|win|blackred123\u6c38\u96cf\u5854\u83f2\u4fa0\n|raw|jontar gurning's rating: 1393 &rarr; <strong>1374</strong><br />(-19 for losing)\n|raw|blackred123\u6c38\u96cf\u5854\u83f2\u4fa0's rating: 1402 &rarr; <strong>1421</strong><br />(+19 for winning)\n|l|\u2606jontar gurning\n|player|p1|\n|l| bobhh\n","uploadtime":1772719317,"views":15,"formatid":"gen9vgc2026regi","rating":1374,"private":0,"password":null}