{"id":"gen9vgc2026regi-2540475498","format":"[Gen 9] VGC 2026 Reg I","players":["blackred123","yubanmeiqin"],"log":"|j|\u2606blackred123\n|j|\u2606yubanmeiqin\n|t:|1771206686\n|gametype|doubles\n|player|p1|blackred123|iono-masters|1304\n|player|p2|yubanmeiqin|iono-masters|1556\n|gen|9\n|tier|[Gen 9] VGC 2026 Reg I\n|rated|\n|rule|Species Clause: Limit one of each Pok\u00e9mon\n|rule|Item Clause: Limit 1 of each item\n|clearpoke\n|poke|p1|Zacian-*, L50|\n|poke|p1|Kyogre, L50|\n|poke|p1|Amoonguss, L50, F|\n|poke|p1|Incineroar, L50, F|\n|poke|p1|Urshifu-*, L50, M|\n|poke|p1|Iron Jugulis, L50|\n|poke|p2|Calyrex-Shadow, L50|\n|poke|p2|Smeargle, L50, F|\n|poke|p2|Indeedee-F, L50, F|\n|poke|p2|Koraidon, L50|\n|poke|p2|Muk-Alola, L50, M|\n|poke|p2|Flamigo, L50, M|\n|teampreview|4\n|inactive|Battle timer is ON: inactive players will automatically lose when time's up. (requested by blackred123)\n|c|\u2606yubanmeiqin|666\n|inactive|blackred123 has 60 seconds left.\n|inactive|yubanmeiqin has 60 seconds left.\n|\n|t:|1771206730\n|teamsize|p1|4\n|teamsize|p2|4\n|start\n|switch|p1a: \u963f\u5c14\u6258\u8389\u96c5|Zacian-Crowned, L50, shiny|100/100\n|switch|p1b: \u9a6c\u5243\u5929\u7231\u661f|Kyogre, L50, shiny|100/100\n|switch|p2a: Smeargle|Smeargle, L50, F|100/100\n|switch|p2b: Calyrex|Calyrex-Shadow, L50|100/100\n|-ability|p2b: Calyrex|As One\n|-ability|p2b: Calyrex|Unnerve\n|-ability|p1a: \u963f\u5c14\u6258\u8389\u96c5|Intrepid Sword|boost\n|-boost|p1a: \u963f\u5c14\u6258\u8389\u96c5|atk|1\n|-weather|RainDance|[from] ability: Drizzle|[of] p1b: \u9a6c\u5243\u5929\u7231\u661f\n|turn|1\n|inactive|yubanmeiqin has 30 seconds left.\n|inactive|yubanmeiqin has 20 seconds left.\n|inactive|yubanmeiqin has 15 seconds left.\n|\n|t:|1771206775\n|switch|p2a: Koraidon|Koraidon, L50|100/100\n|-weather|SunnyDay|[from] ability: Orichalcum Pulse|[of] p2a: Koraidon\n|-activate|p2a: Koraidon|Orichalcum Pulse|[source]\n|move|p1a: \u963f\u5c14\u6258\u8389\u96c5|Protect|p1a: \u963f\u5c14\u6258\u8389\u96c5\n|-singleturn|p1a: \u963f\u5c14\u6258\u8389\u96c5|Protect\n|move|p2b: Calyrex|Astral Barrage|p1a: \u963f\u5c14\u6258\u8389\u96c5|[spread] p1b\n|-activate|p1a: \u963f\u5c14\u6258\u8389\u96c5|move: Protect\n|-damage|p1b: \u9a6c\u5243\u5929\u7231\u661f|62/100\n|move|p1b: \u9a6c\u5243\u5929\u7231\u661f|Water Spout|p2a: Koraidon|[spread] p2a,p2b\n|-resisted|p2a: Koraidon\n|-damage|p2a: Koraidon|90/100\n|-damage|p2b: Calyrex|82/100\n|\n|-weather|SunnyDay|[upkeep]\n|upkeep\n|turn|2\n|inactive|blackred123 has 30 seconds left.\n|\n|t:|1771206805\n|switch|p1b: \u4e3b\u4eba\ud83d\ude2d\ud83e\udd75|Incineroar, L50, F|100/100\n|-ability|p1b: \u4e3b\u4eba\ud83d\ude2d\ud83e\udd75|Intimidate|boost\n|-unboost|p2a: Koraidon|atk|1\n|-unboost|p2b: Calyrex|atk|1\n|-terastallize|p2b: Calyrex|Ghost\n|move|p2a: Koraidon|Collision Course|p1a: \u963f\u5c14\u6258\u8389\u96c5\n|-damage|p1a: \u963f\u5c14\u6258\u8389\u96c5|56/100\n|move|p2b: Calyrex|Astral Barrage|p1a: \u963f\u5c14\u6258\u8389\u96c5|[spread] p1a,p1b\n|-resisted|p1b: \u4e3b\u4eba\ud83d\ude2d\ud83e\udd75\n|-damage|p1a: \u963f\u5c14\u6258\u8389\u96c5|0 fnt\n|-damage|p1b: \u4e3b\u4eba\ud83d\ude2d\ud83e\udd75|43/100\n|faint|p1a: \u963f\u5c14\u6258\u8389\u96c5\n|-ability|p2b: Calyrex|Grim Neigh|boost\n|-boost|p2b: Calyrex|spa|1\n|\n|-weather|SunnyDay|[upkeep]\n|upkeep\n|\n|t:|1771206822\n|switch|p1a: \u53eb\u6211\u4e3b\u4eba\ud83d\ude21|Urshifu-Rapid-Strike, L50, M|100/100\n|turn|3\n|\n|t:|1771206831\n|switch|p2b: Indeedee|Indeedee-F, L50, F|100/100\n|-fieldstart|move: Psychic Terrain|[from] ability: Psychic Surge|[of] p2b: Indeedee\n|switch|p1b: \u9a6c\u5243\u5929\u7231\u661f|Kyogre, L50, shiny|62/100\n|-weather|RainDance|[from] ability: Drizzle|[of] p1b: \u9a6c\u5243\u5929\u7231\u661f\n|move|p2a: Koraidon|Collision Course|p1b: \u9a6c\u5243\u5929\u7231\u661f\n|-damage|p1b: \u9a6c\u5243\u5929\u7231\u661f|29/100\n|move|p1a: \u53eb\u6211\u4e3b\u4eba\ud83d\ude21|Surging Strikes|p2b: Indeedee\n|-crit|p2b: Indeedee\n|-damage|p2b: Indeedee|71/100\n|-damage|p1a: \u53eb\u6211\u4e3b\u4eba\ud83d\ude21|84/100|[from] item: Rocky Helmet|[of] p2b: Indeedee\n|-crit|p2b: Indeedee\n|-damage|p2b: Indeedee|43/100\n|-damage|p1a: \u53eb\u6211\u4e3b\u4eba\ud83d\ude21|68/100|[from] item: Rocky Helmet|[of] p2b: Indeedee\n|-crit|p2b: Indeedee\n|-damage|p2b: Indeedee|17/100\n|-damage|p1a: \u53eb\u6211\u4e3b\u4eba\ud83d\ude21|51/100|[from] item: Rocky Helmet|[of] p2b: Indeedee\n|-hitcount|p2b: Indeedee|3\n|\n|-weather|RainDance|[upkeep]\n|upkeep\n|turn|4\n|\n|t:|1771206852\n|switch|p1a: \u4e3b\u4eba\ud83d\ude2d\ud83e\udd75|Incineroar, L50, F|43/100\n|-ability|p1a: \u4e3b\u4eba\ud83d\ude2d\ud83e\udd75|Intimidate|boost\n|-unboost|p2a: Koraidon|atk|1\n|-unboost|p2b: Indeedee|atk|1\n|move|p2b: Indeedee|Follow Me|p2b: Indeedee\n|-singleturn|p2b: Indeedee|move: Follow Me\n|move|p2a: Koraidon|Collision Course|p1b: \u9a6c\u5243\u5929\u7231\u661f\n|-damage|p1b: \u9a6c\u5243\u5929\u7231\u661f|6/100\n|move|p1b: \u9a6c\u5243\u5929\u7231\u661f|Origin Pulse|p2a: Koraidon|[spread] p2a,p2b\n|-resisted|p2a: Koraidon\n|-crit|p2b: Indeedee\n|-damage|p2a: Koraidon|54/100\n|-damage|p2b: Indeedee|0 fnt\n|faint|p2b: Indeedee\n|\n|-weather|RainDance|[upkeep]\n|upkeep\n|\n|t:|1771206864\n|switch|p2b: Calyrex|Calyrex-Shadow, L50, tera:Ghost|82/100\n|-ability|p2b: Calyrex|As One\n|-ability|p2b: Calyrex|Unnerve\n|turn|5\n|\n|t:|1771206873\n|switch|p2a: Smeargle|Smeargle, L50, F|100/100\n|move|p2b: Calyrex|Astral Barrage|p1b: \u9a6c\u5243\u5929\u7231\u661f|[spread] p1a,p1b\n|-resisted|p1a: \u4e3b\u4eba\ud83d\ude2d\ud83e\udd75\n|-damage|p1a: \u4e3b\u4eba\ud83d\ude2d\ud83e\udd75|0 fnt\n|-damage|p1b: \u9a6c\u5243\u5929\u7231\u661f|0 fnt\n|faint|p1a: \u4e3b\u4eba\ud83d\ude2d\ud83e\udd75\n|faint|p1b: \u9a6c\u5243\u5929\u7231\u661f\n|-ability|p2b: Calyrex|Grim Neigh|boost\n|-boost|p2b: Calyrex|spa|2\n|\n|-weather|RainDance|[upkeep]\n|-ability|p2a: Smeargle|Moody|boost\n|-boost|p2a: Smeargle|spe|2\n|-unboost|p2a: Smeargle|spd|1\n|upkeep\n|-message|blackred123 forfeited.\n|\n|win|yubanmeiqin\n|raw|blackred123's rating: 1304 &rarr; <strong>1296</strong><br />(-8 for losing)\n|raw|yubanmeiqin's rating: 1556 &rarr; <strong>1564</strong><br />(+8 for winning)\n|l|\u2606blackred123\n|player|p1|\n","uploadtime":1771207044,"views":32,"formatid":"gen9vgc2026regi","rating":1296,"private":0,"password":null}