{"id":"gen9vgc2026regi-2573576628","format":"[Gen 9] VGC 2026 Reg I","players":["mlbd1","popandpop"],"log":"|j|\u2606mlbd1\n|j|\u2606popandpop\n|t:|1775148077\n|gametype|doubles\n|player|p1|mlbd1|101|1606\n|player|p2|popandpop|beauty-gen4dp|1555\n|gen|9\n|tier|[Gen 9] VGC 2026 Reg I\n|rated|\n|rule|Species Clause: Limit one of each Pok\u00e9mon\n|rule|Item Clause: Limit 1 of each item\n|clearpoke\n|poke|p1|Miraidon, L50|\n|poke|p1|Farigiraf, L50, M|\n|poke|p1|Calyrex-Ice, L50|\n|poke|p1|Urshifu-*, L50, M|\n|poke|p1|Ogerpon-Cornerstone, L50, F|\n|poke|p1|Volcarona, L50, M|\n|poke|p2|Lunala, L50|\n|poke|p2|Whimsicott, L50, F|\n|poke|p2|Terapagos, L50, M|\n|poke|p2|Annihilape, L50, F|\n|poke|p2|Flutter Mane, L50|\n|poke|p2|Raging Bolt, L50|\n|teampreview|4\n|inactive|Battle timer is ON: inactive players will automatically lose when time's up. (requested by mlbd1)\n|inactive|popandpop has 60 seconds left.\n|\n|t:|1775148120\n|teamsize|p1|4\n|teamsize|p2|4\n|start\n|switch|p1a: Calyrex|Calyrex-Ice, L50|100/100\n|switch|p1b: Ogerpon|Ogerpon-Cornerstone, L50, F|100/100\n|switch|p2a: Whimsicott|Whimsicott, L50, F|100/100\n|switch|p2b: Annihilape|Annihilape, L50, F|100/100\n|-ability|p1a: Calyrex|As One\n|-ability|p1a: Calyrex|Unnerve\n|turn|1\n|inactive|popandpop has 30 seconds left.\n|inactive|popandpop has 20 seconds left.\n|inactive|popandpop has 15 seconds left.\n|inactive|popandpop has 10 seconds left.\n|inactive|popandpop has 5 seconds left.\n|\n|t:|1775148175\n|move|p1b: Ogerpon|Follow Me|p1b: Ogerpon\n|-singleturn|p1b: Ogerpon|move: Follow Me\n|move|p2a: Whimsicott|Tailwind|p2a: Whimsicott\n|-sidestart|p2: popandpop|move: Tailwind\n|move|p2b: Annihilape|Final Gambit|p1b: Ogerpon\n|-ability|p1b: Ogerpon|Sturdy\n|-damage|p1b: Ogerpon|1/100\n|faint|p2b: Annihilape\n|move|p1a: Calyrex|Glacial Lance|p2a: Whimsicott\n|-supereffective|p2a: Whimsicott\n|-enditem|p2a: Whimsicott|Focus Sash\n|-damage|p2a: Whimsicott|1/100\n|\n|upkeep\n|\n|t:|1775148182\n|switch|p2b: Terapagos|Terapagos, L50, M|100/100\n|-activate|p2b: Terapagos|ability: Tera Shift\n|detailschange|p2b: Terapagos|Terapagos-Terastal, L50, M\n|-heal|p2b: Terapagos|100/100|[silent]\n|turn|2\n|\n|t:|1775148190\n|-terastallize|p2b: Terapagos|Stellar\n|detailschange|p2b: Terapagos|Terapagos-Stellar, L50, M, tera:Stellar\n|-heal|p2b: Terapagos|100/100|[silent]\n|move|p1b: Ogerpon|Follow Me|p1b: Ogerpon\n|-singleturn|p1b: Ogerpon|move: Follow Me\n|move|p2a: Whimsicott|Encore|p1b: Ogerpon\n|-start|p1b: Ogerpon|Encore\n|move|p2b: Terapagos|Tera Starstorm|p1b: Ogerpon|[spread] p1a,p1b\n|-damage|p1a: Calyrex|66/100\n|-damage|p1b: Ogerpon|0 fnt\n|faint|p1b: Ogerpon\n|-damage|p2b: Terapagos|91/100|[from] item: Life Orb\n|move|p1a: Calyrex|Trick Room|p1a: Calyrex\n|-fieldstart|move: Trick Room|[of] p1a: Calyrex\n|\n|upkeep\n|\n|t:|1775148193\n|switch|p1b: Urshifu|Urshifu-Rapid-Strike, L50, M|100/100\n|turn|3\n|\n|t:|1775148202\n|move|p1b: Urshifu|Aqua Jet|p2a: Whimsicott\n|-resisted|p2a: Whimsicott\n|-damage|p2a: Whimsicott|0 fnt\n|faint|p2a: Whimsicott\n|move|p1a: Calyrex|Glacial Lance|p2b: Terapagos\n|-damage|p2b: Terapagos|31/100\n|move|p2b: Terapagos|Tera Starstorm|p1a: Calyrex|[spread] p1a,p1b\n|-damage|p1a: Calyrex|28/100\n|-damage|p1b: Urshifu|17/100\n|-damage|p2b: Terapagos|21/100|[from] item: Life Orb\n|\n|upkeep\n|\n|t:|1775148205\n|switch|p2a: Lunala|Lunala, L50|100/100\n|turn|4\n|\n|t:|1775148212\n|-terastallize|p1b: Urshifu|Stellar\n|move|p2a: Lunala|Wide Guard|p2a: Lunala\n|-singleturn|p2a: Lunala|Wide Guard\n|move|p1a: Calyrex|High Horsepower|p2b: Terapagos\n|-damage|p2b: Terapagos|0 fnt\n|faint|p2b: Terapagos\n|detailschange|p2: Terapagos|Terapagos, L50, M|[silent]\n|-ability|p1a: Calyrex|Chilling Neigh|boost\n|-boost|p1a: Calyrex|atk|1\n|move|p1b: Urshifu|Surging Strikes|p2a: Lunala\n|-crit|p2a: Lunala\n|-damage|p2a: Lunala|87/100\n|-crit|p2a: Lunala\n|-damage|p2a: Lunala|57/100\n|-crit|p2a: Lunala\n|-damage|p2a: Lunala|30/100\n|-hitcount|p2a: Lunala|3\n|\n|-sideend|p2: popandpop|move: Tailwind\n|upkeep\n|turn|5\n|c|\u2606popandpop|gg\n|c|\u2606mlbd1|gg\n|-message|popandpop forfeited.\n|\n|win|mlbd1\n|raw|mlbd1's rating: 1606 &rarr; <strong>1623</strong><br />(+17 for winning)\n|raw|popandpop's rating: 1555 &rarr; <strong>1538</strong><br />(-17 for losing)\n|l|\u2606popandpop\n|player|p2|\n|l|\u2606mlbd1\n|player|p1|\n","uploadtime":1775148369,"views":22,"formatid":"gen9vgc2026regi","rating":1538,"private":0,"password":null}