{"id":"gen9vgc2026regi-2580019798","format":"[Gen 9] VGC 2026 Reg I","players":["KingCosma","Galact7adi"],"log":"|j|\u2606KingCosma\n|j|\u2606Galact7adi\n|t:|1775847008\n|gametype|doubles\n|player|p1|KingCosma|lance-gen2|1390\n|player|p2|Galact7adi|hilbert|1569\n|gen|9\n|tier|[Gen 9] VGC 2026 Reg I\n|rated|\n|rule|Species Clause: Limit one of each Pok\u00e9mon\n|rule|Item Clause: Limit 1 of each item\n|clearpoke\n|poke|p1|Calyrex-Shadow, L50|\n|poke|p1|Charizard, L50, F|\n|poke|p1|Koraidon, L50|\n|poke|p1|Walking Wake, L50|\n|poke|p1|Lilligant-Hisui, L50, F|\n|poke|p1|Incineroar, L50, M|\n|poke|p2|Lunala, L50|\n|poke|p2|Groudon, L50|\n|poke|p2|Incineroar, L50, M|\n|poke|p2|Rillaboom, L50, M|\n|poke|p2|Flutter Mane, L50|\n|poke|p2|Raging Bolt, L50|\n|teampreview|4\n|inactive|Battle timer is ON: inactive players will automatically lose when time's up. (requested by Galact7adi)\n|\n|t:|1775847034\n|teamsize|p1|4\n|teamsize|p2|4\n|start\n|switch|p1a: plot armour|Charizard, L50, F|100/100\n|switch|p1b: nasty cat|Incineroar, L50, M|100/100\n|switch|p2a: Flutter Mane|Flutter Mane, L50|100/100\n|switch|p2b: Raging Bolt|Raging Bolt, L50|100/100\n|-ability|p1b: nasty cat|Intimidate|boost\n|-unboost|p2a: Flutter Mane|atk|1\n|-unboost|p2b: Raging Bolt|atk|1\n|turn|1\n|\n|t:|1775847053\n|switch|p1b: Bike|Koraidon, L50|100/100\n|-weather|SunnyDay|[from] ability: Orichalcum Pulse|[of] p1b: Bike\n|-activate|p2a: Flutter Mane|ability: Protosynthesis\n|-start|p2a: Flutter Mane|protosynthesisspe\n|-activate|p2b: Raging Bolt|ability: Protosynthesis\n|-start|p2b: Raging Bolt|protosynthesisspa\n|-activate|p1b: Bike|Orichalcum Pulse|[source]\n|move|p2a: Flutter Mane|Protect|p2a: Flutter Mane\n|-singleturn|p2a: Flutter Mane|Protect\n|move|p2b: Raging Bolt|Protect|p2b: Raging Bolt\n|-singleturn|p2b: Raging Bolt|Protect\n|move|p1a: plot armour|Heat Wave|p2a: Flutter Mane|[spread] \n|-activate|p2a: Flutter Mane|move: Protect\n|-activate|p2b: Raging Bolt|move: Protect\n|\n|-weather|SunnyDay|[upkeep]\n|-damage|p1a: plot armour|88/100|[from] ability: Solar Power|[of] p1a: plot armour\n|upkeep\n|turn|2\n|\n|t:|1775847075\n|-end|p2b: Raging Bolt|Protosynthesis|[silent]\n|switch|p2b: Incineroar|Incineroar, L50, M|100/100\n|-ability|p2b: Incineroar|Intimidate|boost\n|-unboost|p1a: plot armour|atk|1\n|-unboost|p1b: Bike|atk|1\n|-terastallize|p1a: plot armour|Fire\n|move|p1b: Bike|Protect|p1b: Bike\n|-singleturn|p1b: Bike|Protect\n|move|p2a: Flutter Mane|Icy Wind|p1b: Bike|[spread] p1a\n|-activate|p1b: Bike|move: Protect\n|-resisted|p1a: plot armour\n|-damage|p1a: plot armour|78/100\n|-unboost|p1a: plot armour|spe|1\n|move|p1a: plot armour|Heat Wave|p2a: Flutter Mane|[spread] p2a,p2b\n|-resisted|p2b: Incineroar\n|-enditem|p2a: Flutter Mane|Focus Sash\n|-damage|p2a: Flutter Mane|1/100\n|-damage|p2b: Incineroar|37/100\n|\n|-weather|SunnyDay|[upkeep]\n|-damage|p1a: plot armour|66/100|[from] ability: Solar Power|[of] p1a: plot armour\n|upkeep\n|turn|3\n|\n|t:|1775847098\n|switch|p1b: nasty cat|Incineroar, L50, M|100/100\n|-ability|p1b: nasty cat|Intimidate|boost\n|-unboost|p2a: Flutter Mane|atk|1\n|-unboost|p2b: Incineroar|atk|1\n|move|p2b: Incineroar|Fake Out|p1a: plot armour\n|-damage|p1a: plot armour|54/100\n|move|p2a: Flutter Mane|Moonblast|p1b: nasty cat\n|-damage|p1b: nasty cat|56/100\n|cant|p1a: plot armour|flinch\n|\n|-weather|SunnyDay|[upkeep]\n|-damage|p1a: plot armour|42/100|[from] ability: Solar Power|[of] p1a: plot armour\n|upkeep\n|turn|4\n|\n|t:|1775847113\n|move|p1b: nasty cat|Fake Out|p2b: Incineroar\n|-damage|p2b: Incineroar|28/100\n|move|p2a: Flutter Mane|Shadow Ball|p1a: plot armour\n|-damage|p1a: plot armour|0 fnt\n|faint|p1a: plot armour\n|cant|p2b: Incineroar|flinch\n|\n|-weather|SunnyDay|[upkeep]\n|upkeep\n|\n|t:|1775847120\n|switch|p1a: horse|Calyrex-Shadow, L50|100/100\n|-ability|p1a: horse|As One\n|-ability|p1a: horse|Unnerve\n|turn|5\n|\n|t:|1775847128\n|-end|p2a: Flutter Mane|Protosynthesis|[silent]\n|switch|p2a: Raging Bolt|Raging Bolt, L50|100/100\n|-activate|p2a: Raging Bolt|ability: Protosynthesis\n|-start|p2a: Raging Bolt|protosynthesisspa\n|move|p1a: horse|Protect|p1a: horse\n|-singleturn|p1a: horse|Protect\n|move|p1b: nasty cat|Knock Off|p2a: Raging Bolt\n|-damage|p2a: Raging Bolt|73/100\n|-enditem|p2a: Raging Bolt|Grassy Seed|[from] move: Knock Off|[of] p1b: nasty cat\n|move|p2b: Incineroar|Parting Shot|p1b: nasty cat\n|-unboost|p1b: nasty cat|atk|1\n|-unboost|p1b: nasty cat|spa|1\n|\n|t:|1775847137\n|switch|p2b: Flutter Mane|Flutter Mane, L50|1/100|[from] Parting Shot\n|-activate|p2b: Flutter Mane|ability: Protosynthesis\n|-start|p2b: Flutter Mane|protosynthesisspe\n|\n|-weather|none\n|-end|p2b: Flutter Mane|Protosynthesis\n|-end|p2a: Raging Bolt|Protosynthesis\n|upkeep\n|turn|6\n|\n|t:|1775847159\n|-end|p2b: Flutter Mane|Protosynthesis|[silent]\n|switch|p2b: Incineroar|Incineroar, L50, M|28/100\n|-ability|p2b: Incineroar|Intimidate|boost\n|-unboost|p1a: horse|atk|1\n|-unboost|p1b: nasty cat|atk|1\n|move|p1a: horse|Astral Barrage|p2a: Raging Bolt|[spread] p2a,p2b\n|-resisted|p2b: Incineroar\n|-damage|p2a: Raging Bolt|28/100\n|-damage|p2b: Incineroar|6/100\n|move|p2a: Raging Bolt|Calm Mind|p2a: Raging Bolt\n|-boost|p2a: Raging Bolt|spa|1\n|-boost|p2a: Raging Bolt|spd|1\n|move|p1b: nasty cat|Knock Off|p2a: Raging Bolt\n|-damage|p2a: Raging Bolt|18/100\n|\n|upkeep\n|turn|7\n|\n|t:|1775847177\n|move|p2b: Incineroar|Fake Out|p1b: nasty cat\n|-damage|p1b: nasty cat|48/100\n|-damage|p2b: Incineroar|0 fnt|[from] item: Rocky Helmet|[of] p1b: nasty cat\n|faint|p2b: Incineroar\n|move|p2a: Raging Bolt|Thunderclap|p1a: horse\n|-damage|p1a: horse|48/100\n|move|p1a: horse|Astral Barrage|p2a: Raging Bolt\n|-damage|p2a: Raging Bolt|0 fnt\n|faint|p2a: Raging Bolt\n|-end|p2a: Raging Bolt|Protosynthesis|[silent]\n|-ability|p1a: horse|Grim Neigh|boost\n|-boost|p1a: horse|spa|1\n|cant|p1b: nasty cat|flinch\n|\n|upkeep\n|\n|t:|1775847181\n|switch|p2a: Lunala|Lunala, L50|100/100\n|switch|p2b: Flutter Mane|Flutter Mane, L50|1/100\n|turn|8\n|\n|t:|1775847206\n|-terastallize|p2a: Lunala|Fairy\n|move|p2b: Flutter Mane|Protect|p2b: Flutter Mane\n|-singleturn|p2b: Flutter Mane|Protect\n|move|p1a: horse|Astral Barrage|p2a: Lunala|[spread] p2a\n|-activate|p2b: Flutter Mane|move: Protect\n|-damage|p2a: Lunala|74/100\n|move|p2a: Lunala|Moongeist Beam|p1a: horse\n|-supereffective|p1a: horse\n|-damage|p1a: horse|0 fnt\n|faint|p1a: horse\n|move|p1b: nasty cat|Parting Shot|p2a: Lunala\n|-unboost|p2a: Lunala|atk|1\n|-unboost|p2a: Lunala|spa|1\n|\n|t:|1775847222\n|switch|p1b: Bike|Koraidon, L50|100/100|[from] Parting Shot\n|-weather|SunnyDay|[from] ability: Orichalcum Pulse|[of] p1b: Bike\n|-activate|p2b: Flutter Mane|ability: Protosynthesis\n|-start|p2b: Flutter Mane|protosynthesisspe\n|-activate|p1b: Bike|Orichalcum Pulse|[source]\n|\n|-weather|SunnyDay|[upkeep]\n|-heal|p2a: Lunala|80/100|[from] item: Leftovers\n|upkeep\n|\n|t:|1775847227\n|switch|p1a: nasty cat|Incineroar, L50, M|48/100\n|-ability|p1a: nasty cat|Intimidate|boost\n|-unboost|p2a: Lunala|atk|1\n|-unboost|p2b: Flutter Mane|atk|1\n|turn|9\n|\n|t:|1775847242\n|move|p1a: nasty cat|Fake Out|p2a: Lunala\n|-damage|p2a: Lunala|73/100\n|move|p2b: Flutter Mane|Moonblast|p1a: nasty cat\n|-damage|p1a: nasty cat|0 fnt\n|faint|p1a: nasty cat\n|move|p1b: Bike|Flare Blitz|p2a: Lunala\n|-damage|p2a: Lunala|0 fnt\n|faint|p2a: Lunala\n|-damage|p1b: Bike|68/100|[from] Recoil\n|-damage|p1b: Bike|58/100|[from] item: Life Orb\n|\n|-weather|SunnyDay|[upkeep]\n|upkeep\n|turn|10\n|c|\u2606Galact7adi|Gg wp\n|\n|t:|1775847255\n|move|p1b: Bike|Protect|p1b: Bike\n|-singleturn|p1b: Bike|Protect\n|move|p2b: Flutter Mane|Moonblast|p1b: Bike\n|-activate|p1b: Bike|move: Protect\n|\n|-weather|SunnyDay|[upkeep]\n|upkeep\n|turn|11\n|c|\u2606KingCosma|gg\n|\n|t:|1775847267\n|move|p2b: Flutter Mane|Moonblast|p1b: Bike\n|-supereffective|p1b: Bike\n|-damage|p1b: Bike|0 fnt\n|faint|p1b: Bike\n|\n|win|Galact7adi\n|raw|KingCosma's rating: 1390 &rarr; <strong>1379</strong><br />(-11 for losing)\n|raw|Galact7adi's rating: 1569 &rarr; <strong>1580</strong><br />(+11 for winning)\n|l|\u2606KingCosma\n|player|p1|\n|l|\u2606Galact7adi\n|player|p2|\n","uploadtime":1775847477,"views":10,"formatid":"gen9vgc2026regi","rating":1379,"private":0,"password":null}