{"id":"gen9vgc2026regi-2581806090","format":"[Gen 9] VGC 2026 Reg I","players":["don juan dozo","N Jordan"],"log":"|j|\u2606don juan dozo\n|j|\u2606N Jordan\n|t:|1776029905\n|gametype|doubles\n|player|p1|don juan dozo|2|1530\n|player|p2|N Jordan|n|1584\n|gen|9\n|tier|[Gen 9] VGC 2026 Reg I\n|rated|\n|rule|Species Clause: Limit one of each Pok\u00e9mon\n|rule|Item Clause: Limit 1 of each item\n|clearpoke\n|poke|p1|Calyrex-Shadow, L50|\n|poke|p1|Zamazenta-*, L50|\n|poke|p1|Ting-Lu, L50|\n|poke|p1|Dondozo, L50, M|\n|poke|p1|Chien-Pao, L50|\n|poke|p1|Ogerpon-Hearthflame, L50, F|\n|poke|p2|Zacian-*, L50|\n|poke|p2|Kyogre, L50|\n|poke|p2|Grimmsnarl, L50, M|\n|poke|p2|Ursaluna-Bloodmoon, L50, M|\n|poke|p2|Iron Hands, L50|\n|poke|p2|Rillaboom, L50, F|\n|teampreview|4\n|\n|t:|1776029939\n|teamsize|p1|4\n|teamsize|p2|4\n|start\n|switch|p1a: 221 speed|Calyrex-Shadow, L50|100/100\n|switch|p1b: Chromakopia|Ogerpon-Hearthflame, L50, F|100/100\n|switch|p2a: Grimmsnarl|Grimmsnarl, L50, M|100/100\n|switch|p2b: Iron Hands|Iron Hands, L50|100/100\n|-ability|p1a: 221 speed|As One\n|-ability|p1a: 221 speed|Unnerve\n|-ability|p1b: Chromakopia|Mold Breaker\n|turn|1\n|\n|t:|1776029969\n|-end|p2b: Iron Hands|Quark Drive|[silent]\n|switch|p2b: Kyogre|Kyogre, L50|100/100\n|-weather|RainDance|[from] ability: Drizzle|[of] p2b: Kyogre\n|move|p1b: Chromakopia|Follow Me|p1b: Chromakopia\n|-singleturn|p1b: Chromakopia|move: Follow Me\n|move|p2a: Grimmsnarl|Light Screen|p2a: Grimmsnarl\n|-sidestart|p2: N Jordan|move: Light Screen\n|move|p1a: 221 speed|Astral Barrage|p2b: Kyogre|[spread] p2a,p2b\n|-resisted|p2a: Grimmsnarl\n|-damage|p2a: Grimmsnarl|81/100\n|-damage|p2b: Kyogre|85/100\n|\n|-weather|RainDance|[upkeep]\n|upkeep\n|turn|2\n|\n|t:|1776029988\n|-terastallize|p2b: Kyogre|Grass\n|move|p2a: Grimmsnarl|Reflect|p2a: Grimmsnarl\n|-sidestart|p2: N Jordan|Reflect\n|move|p1a: 221 speed|Astral Barrage|p2a: Grimmsnarl|[spread] p2a,p2b\n|-resisted|p2a: Grimmsnarl\n|-damage|p2a: Grimmsnarl|62/100\n|-damage|p2b: Kyogre|68/100\n|move|p1b: Chromakopia|Wood Hammer|p2b: Kyogre\n|-resisted|p2b: Kyogre\n|-damage|p2b: Kyogre|47/100\n|-damage|p1b: Chromakopia|92/100|[from] Recoil\n|move|p2b: Kyogre|Water Spout|p1b: Chromakopia|[spread] p1a,p1b\n|-damage|p1a: 221 speed|57/100\n|-damage|p1b: Chromakopia|43/100\n|\n|-weather|RainDance|[upkeep]\n|upkeep\n|turn|3\n|\n|t:|1776030024\n|move|p2a: Grimmsnarl|Sucker Punch|p1a: 221 speed\n|-supereffective|p1a: 221 speed\n|-crit|p1a: 221 speed\n|-damage|p1a: 221 speed|0 fnt\n|faint|p1a: 221 speed\n|move|p1b: Chromakopia|Ivy Cudgel|p2a: Grimmsnarl|[anim] Ivy Cudgel Fire\n|-damage|p2a: Grimmsnarl|37/100\n|move|p2b: Kyogre|Origin Pulse|p1b: Chromakopia\n|-damage|p1b: Chromakopia|0 fnt\n|faint|p1b: Chromakopia\n|\n|-weather|RainDance|[upkeep]\n|upkeep\n|\n|t:|1776030038\n|switch|p1a: Emergency Button|Chien-Pao, L50|100/100\n|switch|p1b: Magnus Carlsen|Zamazenta-Crowned, L50|100/100\n|-ability|p1a: Emergency Button|Sword of Ruin\n|-ability|p1b: Magnus Carlsen|Dauntless Shield|boost\n|-boost|p1b: Magnus Carlsen|def|1\n|turn|4\n|\n|t:|1776030057\n|move|p1a: Emergency Button|Ice Spinner|p2b: Kyogre\n|-supereffective|p2b: Kyogre\n|-damage|p2b: Kyogre|0 fnt\n|faint|p2b: Kyogre\n|-damage|p1a: Emergency Button|91/100|[from] item: Life Orb\n|move|p1b: Magnus Carlsen|Body Press|p2a: Grimmsnarl\n|-damage|p2a: Grimmsnarl|0 fnt\n|faint|p2a: Grimmsnarl\n|\n|-weather|RainDance|[upkeep]\n|upkeep\n|\n|t:|1776030064\n|switch|p2b: Zacian|Zacian-Crowned, L50|100/100\n|switch|p2a: Iron Hands|Iron Hands, L50|100/100\n|-ability|p2b: Zacian|Intrepid Sword|boost\n|-boost|p2b: Zacian|atk|1\n|turn|5\n|\n|t:|1776030076\n|move|p1a: Emergency Button|Ice Spinner|p2a: Iron Hands\n|-damage|p2a: Iron Hands|66/100\n|-damage|p1a: Emergency Button|81/100|[from] item: Life Orb\n|move|p2b: Zacian|Behemoth Blade|p1a: Emergency Button\n|-supereffective|p1a: Emergency Button\n|-damage|p1a: Emergency Button|0 fnt\n|faint|p1a: Emergency Button\n|move|p1b: Magnus Carlsen|Body Press|p2a: Iron Hands\n|-damage|p2a: Iron Hands|32/100\n|-enditem|p2a: Iron Hands|Sitrus Berry|[eat]\n|-heal|p2a: Iron Hands|57/100|[from] item: Sitrus Berry\n|move|p2a: Iron Hands|Swords Dance|p2a: Iron Hands\n|-boost|p2a: Iron Hands|atk|2\n|\n|-weather|none\n|upkeep\n|turn|6\n|-message|don juan dozo forfeited.\n|\n|win|N Jordan\n|raw|don juan dozo's rating: 1505 &rarr; <strong>1489</strong><br />(-16 for losing)\n|raw|N Jordan's rating: 1584 &rarr; <strong>1600</strong><br />(+16 for winning)\n|l|\u2606don juan dozo\n|player|p1|\n|l|\u2606N Jordan\n|player|p2|\n","uploadtime":1776030353,"views":11,"formatid":"gen9vgc2026regi","rating":1489,"private":0,"password":null}