{"id":"gen9vgc2026regi-2560751231","format":"[Gen 9] VGC 2026 Reg I","players":["ashen0","vestige666"],"log":"|j|\u2606ashen0\n|j|\u2606vestige666\n|t:|1773720480\n|gametype|doubles\n|player|p1|ashen0|red|1268\n|player|p2|vestige666|blackbelt-gen4dp|1334\n|gen|9\n|tier|[Gen 9] VGC 2026 Reg I\n|rated|\n|rule|Species Clause: Limit one of each Pok\u00e9mon\n|rule|Item Clause: Limit 1 of each item\n|clearpoke\n|poke|p1|Koraidon, L50|\n|poke|p1|Flutter Mane, L50|\n|poke|p1|Raging Bolt, L50|\n|poke|p1|Chi-Yu, L50|\n|poke|p1|Lunala, L50|\n|poke|p1|Indeedee-F, L50, F|\n|poke|p2|Rayquaza, L50|\n|poke|p2|Calyrex-Shadow, L50|\n|poke|p2|Tornadus, L50, M|\n|poke|p2|Smeargle, L50, M|\n|poke|p2|Urshifu-*, L50, F|\n|poke|p2|Clefairy, L50, M|\n|teampreview|4\n|inactive|Battle timer is ON: inactive players will automatically lose when time's up. (requested by ashen0)\n|\n|t:|1773720535\n|teamsize|p1|4\n|teamsize|p2|4\n|start\n|switch|p1a: Lunala|Lunala, L50|100/100\n|switch|p1b: Flutter Mane|Flutter Mane, L50|100/100\n|switch|p2a: Rayquaza|Rayquaza, L50|100/100\n|switch|p2b: Smeargle|Smeargle, L50, M|100/100\n|-ability|p2a: Rayquaza|Air Lock\n|turn|1\n|inactive|vestige666 has 30 seconds left.\n|\n|t:|1773720561\n|move|p2a: Rayquaza|Protect|p2a: Rayquaza\n|-singleturn|p2a: Rayquaza|Protect\n|move|p1b: Flutter Mane|Dazzling Gleam|p2b: Smeargle|[spread] p2b\n|-activate|p2a: Rayquaza|move: Protect\n|-enditem|p2b: Smeargle|Focus Sash\n|-damage|p2b: Smeargle|1/100\n|move|p1a: Lunala|Expanding Force|p2b: Smeargle\n|-damage|p2b: Smeargle|0 fnt\n|faint|p2b: Smeargle\n|-damage|p1a: Lunala|91/100|[from] item: Life Orb\n|\n|upkeep\n|\n|t:|1773720582\n|switch|p2b: Urshifu|Urshifu-Rapid-Strike, L50, F|100/100\n|turn|2\n|inactive|ashen0 has 30 seconds left.\n|inactive|ashen0 has 20 seconds left.\n|inactive|ashen0 has 15 seconds left.\n|inactive|ashen0 has 10 seconds left.\n|\n|t:|1773720629\n|-terastallize|p2b: Urshifu|Water\n|move|p2b: Urshifu|Surging Strikes|p1b: Flutter Mane\n|-crit|p1b: Flutter Mane\n|-damage|p1b: Flutter Mane|36/100\n|-crit|p1b: Flutter Mane\n|-damage|p1b: Flutter Mane|0 fnt\n|faint|p1b: Flutter Mane\n|-end|p1b: Flutter Mane|Protosynthesis|[silent]\n|-hitcount|p1: Flutter Mane|2\n|move|p1a: Lunala|Tailwind|p1a: Lunala\n|-sidestart|p1: ashen0|move: Tailwind\n|move|p2a: Rayquaza|Swords Dance|p2a: Rayquaza\n|-boost|p2a: Rayquaza|atk|2\n|\n|upkeep\n|\n|t:|1773720650\n|switch|p1b: Indeedee|Indeedee-F, L50, F|100/100\n|-fieldstart|move: Psychic Terrain|[from] ability: Psychic Surge|[of] p1b: Indeedee\n|turn|3\n|\n|t:|1773720663\n|move|p1b: Indeedee|Follow Me|p1b: Indeedee\n|-singleturn|p1b: Indeedee|move: Follow Me\n|move|p1a: Lunala|Expanding Force|p2b: Urshifu|[spread] p2a,p2b\n|-damage|p2a: Rayquaza|13/100\n|-damage|p2b: Urshifu|0 fnt\n|faint|p2b: Urshifu\n|-damage|p1a: Lunala|81/100|[from] item: Life Orb\n|move|p2a: Rayquaza|Dragon Ascent|p1b: Indeedee\n|-damage|p1b: Indeedee|0 fnt\n|-unboost|p2a: Rayquaza|def|1\n|-unboost|p2a: Rayquaza|spd|1\n|-damage|p2a: Rayquaza|0 fnt|[from] item: Rocky Helmet|[of] p1b: Indeedee\n|faint|p1b: Indeedee\n|faint|p2a: Rayquaza\n|\n|upkeep\n|\n|t:|1773720680\n|switch|p2a: Calyrex|Calyrex-Shadow, L50|100/100\n|switch|p1b: Koraidon|Koraidon, L50|100/100\n|-ability|p2a: Calyrex|As One\n|-ability|p2a: Calyrex|Unnerve\n|-weather|SunnyDay|[from] ability: Orichalcum Pulse|[of] p1b: Koraidon\n|-activate|p1b: Koraidon|Orichalcum Pulse|[source]\n|turn|4\n|\n|t:|1773720698\n|move|p2a: Calyrex|Protect|p2a: Calyrex\n|-singleturn|p2a: Calyrex|Protect\n|move|p1b: Koraidon|Flare Blitz|p2a: Calyrex\n|-activate|p2a: Calyrex|move: Protect\n|move|p1a: Lunala|Expanding Force|p2a: Calyrex\n|-activate|p2a: Calyrex|move: Protect\n|\n|-weather|SunnyDay|[upkeep]\n|upkeep\n|turn|5\n|\n|t:|1773720710\n|move|p2a: Calyrex|Protect|p2a: Calyrex\n|-singleturn|p2a: Calyrex|Protect\n|move|p1b: Koraidon|Flare Blitz|p2a: Calyrex\n|-activate|p2a: Calyrex|move: Protect\n|move|p1a: Lunala|Expanding Force|p2a: Calyrex\n|-activate|p2a: Calyrex|move: Protect\n|\n|-weather|SunnyDay|[upkeep]\n|-sideend|p1: ashen0|move: Tailwind\n|upkeep\n|turn|6\n|inactive|ashen0 has 30 seconds left.\n|\n|t:|1773720737\n|-terastallize|p1a: Lunala|Dark\n|move|p2a: Calyrex|Psychic|p1b: Koraidon\n|-supereffective|p1b: Koraidon\n|-damage|p1b: Koraidon|0 fnt\n|faint|p1b: Koraidon\n|-ability|p2a: Calyrex|Grim Neigh|boost\n|-boost|p2a: Calyrex|spa|1\n|-damage|p2a: Calyrex|91/100|[from] item: Life Orb\n|move|p1a: Lunala|Moongeist Beam|p2a: Calyrex\n|-supereffective|p2a: Calyrex\n|-damage|p2a: Calyrex|0 fnt\n|faint|p2a: Calyrex\n|-damage|p1a: Lunala|71/100|[from] item: Life Orb\n|\n|win|ashen0\n|raw|ashen0's rating: 1268 &rarr; <strong>1298</strong><br />(+30 for winning)\n|raw|vestige666's rating: 1334 &rarr; <strong>1310</strong><br />(-24 for losing)\n|l|\u2606ashen0\n|player|p1|\n|l|\u2606vestige666\n|player|p2|\n","uploadtime":1773720972,"views":11,"formatid":"gen9vgc2026regi","rating":1298,"private":0,"password":null}