{"id":"gen9vgc2026regi-2580011584","format":"[Gen 9] VGC 2026 Reg I","players":["Shagrathisbeast","Jon_oconn"],"log":"|j|\u2606Shagrathisbeast\n|j|\u2606Jon_oconn\n|t:|1775846327\n|gametype|doubles\n|player|p1|Shagrathisbeast|1|1575\n|player|p2|Jon_oconn|170|1476\n|gen|9\n|tier|[Gen 9] VGC 2026 Reg I\n|rated|\n|rule|Species Clause: Limit one of each Pok\u00e9mon\n|rule|Item Clause: Limit 1 of each item\n|clearpoke\n|poke|p1|Terapagos, L50, M|\n|poke|p1|Calyrex-Shadow, L50|\n|poke|p1|Whimsicott, L50, M|\n|poke|p1|Chi-Yu, L50|\n|poke|p1|Smeargle, L50, F|\n|poke|p1|Iron Hands, L50|\n|poke|p2|Rillaboom, L50, M|\n|poke|p2|Tornadus, L50, M|\n|poke|p2|Calyrex-Ice, L50|\n|poke|p2|Ninetales-Alola, L50, M|\n|poke|p2|Kyogre, L50|\n|poke|p2|Farigiraf, L50, M|\n|teampreview|4\n|inactive|Battle timer is ON: inactive players will automatically lose when time's up. (requested by Jon_oconn)\n|inactive|Jon_oconn has 30 seconds left.\n|inactive|Jon_oconn has 20 seconds left.\n|\n|t:|1775846395\n|teamsize|p1|4\n|teamsize|p2|4\n|start\n|switch|p1a: Chi-Yu|Chi-Yu, L50, shiny|100/100\n|switch|p1b: Terapagos|Terapagos, L50, M|100/100\n|switch|p2a: Tornadus|Tornadus, L50, M|100/100\n|switch|p2b: Ninetales|Ninetales-Alola, L50, M|100/100\n|-activate|p1b: Terapagos|ability: Tera Shift\n|detailschange|p1b: Terapagos|Terapagos-Terastal, L50, M\n|-heal|p1b: Terapagos|100/100|[silent]\n|-ability|p1a: Chi-Yu|Beads of Ruin\n|-weather|Snowscape|[from] ability: Snow Warning|[of] p2b: Ninetales\n|turn|1\n|inactive|Shagrathisbeast has 30 seconds left.\n|inactive|Jon_oconn has 30 seconds left.\n|inactive|Shagrathisbeast has 20 seconds left.\n|inactive|Jon_oconn has 20 seconds left.\n|\n|t:|1775846433\n|switch|p2b: Kyogre|Kyogre, L50|100/100\n|-weather|RainDance|[from] ability: Drizzle|[of] p2b: Kyogre\n|switch|p1b: Iron Hands|Iron Hands, L50, shiny|100/100\n|move|p2a: Tornadus|Rain Dance||[still]\n|-fail|p2a: Tornadus\n|move|p1a: Chi-Yu|Heat Wave|p2b: Kyogre|[spread] p2a,p2b\n|-resisted|p2b: Kyogre\n|-damage|p2a: Tornadus|64/100\n|-damage|p2b: Kyogre|90/100\n|\n|-weather|RainDance|[upkeep]\n|upkeep\n|turn|2\n|inactive|Shagrathisbeast has 30 seconds left.\n|inactive|Jon_oconn has 30 seconds left.\n|\n|t:|1775846466\n|switch|p2b: Calyrex|Calyrex-Ice, L50|100/100\n|-ability|p2b: Calyrex|As One\n|-ability|p2b: Calyrex|Unnerve\n|switch|p1a: Terapagos|Terapagos-Terastal, L50, M|100/100\n|move|p1b: Iron Hands|Fake Out|p2b: Calyrex\n|-damage|p2b: Calyrex|91/100\n|move|p2a: Tornadus|Bleakwind Storm|p1a: Terapagos|[spread] p1a,p1b\n|-activate|p1a: Terapagos|ability: Tera Shell\n|-resisted|p1a: Terapagos\n|-damage|p1a: Terapagos|83/100\n|-damage|p1b: Iron Hands|77/100\n|\n|-weather|RainDance|[upkeep]\n|-heal|p2b: Calyrex|97/100|[from] item: Leftovers\n|upkeep\n|turn|3\n|inactive|Jon_oconn has 30 seconds left.\n|\n|t:|1775846492\n|move|p2a: Tornadus|Tailwind|p2a: Tornadus\n|-sidestart|p2: Jon_oconn|move: Tailwind\n|move|p1a: Terapagos|Dark Pulse|p2b: Calyrex\n|-supereffective|p2b: Calyrex\n|-damage|p2b: Calyrex|38/100\n|move|p2b: Calyrex|Leech Seed|p1a: Terapagos\n|-start|p1a: Terapagos|move: Leech Seed\n|move|p1b: Iron Hands|Low Kick|p2b: Calyrex\n|-damage|p2b: Calyrex|0 fnt\n|faint|p2b: Calyrex\n|\n|-weather|RainDance|[upkeep]\n|upkeep\n|\n|t:|1775846506\n|switch|p2b: Kyogre|Kyogre, L50|90/100\n|turn|4\n|inactive|Shagrathisbeast has 30 seconds left.\n|inactive|Shagrathisbeast has 20 seconds left.\n|\n|t:|1775846541\n|-terastallize|p2b: Kyogre|Water\n|move|p2a: Tornadus|Rain Dance||[still]\n|-fail|p2a: Tornadus\n|move|p2b: Kyogre|Water Spout|p1a: Terapagos|[spread] p1a,p1b\n|-damage|p1a: Terapagos|0 fnt\n|-damage|p1b: Iron Hands|21/100\n|faint|p1a: Terapagos\n|move|p1b: Iron Hands|Low Kick|p2b: Kyogre\n|-damage|p2b: Kyogre|8/100\n|\n|-weather|RainDance|[upkeep]\n|upkeep\n|\n|t:|1775846556\n|switch|p1a: Calyrex|Calyrex-Shadow, L50|100/100\n|-ability|p1a: Calyrex|As One\n|-ability|p1a: Calyrex|Unnerve\n|turn|5\n|\n|t:|1775846573\n|-end|p1b: Iron Hands|Quark Drive|[silent]\n|switch|p1b: Chi-Yu|Chi-Yu, L50, shiny|100/100\n|-ability|p1b: Chi-Yu|Beads of Ruin\n|move|p1a: Calyrex|Protect|p1a: Calyrex\n|-singleturn|p1a: Calyrex|Protect\n|move|p2b: Kyogre|Water Spout|p1a: Calyrex|[spread] p1b\n|-activate|p1a: Calyrex|move: Protect\n|-supereffective|p1b: Chi-Yu\n|-damage|p1b: Chi-Yu|76/100\n|move|p2a: Tornadus|Bleakwind Storm|p1a: Calyrex|[spread] p1b\n|-activate|p1a: Calyrex|move: Protect\n|-damage|p1b: Chi-Yu|27/100\n|-unboost|p1b: Chi-Yu|spe|1\n|\n|-weather|none\n|upkeep\n|turn|6\n|\n|t:|1775846596\n|switch|p1b: Iron Hands|Iron Hands, L50, shiny|21/100\n|move|p2b: Kyogre|Water Spout|p1a: Calyrex|[spread] p1a,p1b\n|-damage|p1a: Calyrex|93/100\n|-damage|p1b: Iron Hands|17/100\n|move|p2a: Tornadus|Bleakwind Storm|p1b: Iron Hands|[spread] p1a,p1b\n|-damage|p1a: Calyrex|49/100\n|-damage|p1b: Iron Hands|0 fnt\n|-unboost|p1a: Calyrex|spe|1\n|faint|p1b: Iron Hands\n|-end|p1b: Iron Hands|Quark Drive|[silent]\n|move|p1a: Calyrex|Astral Barrage|p2b: Kyogre|[spread] p2a,p2b\n|-damage|p2a: Tornadus|0 fnt\n|-damage|p2b: Kyogre|0 fnt\n|faint|p2a: Tornadus\n|faint|p2b: Kyogre\n|-ability|p1a: Calyrex|Grim Neigh|boost\n|-boost|p1a: Calyrex|spa|2\n|-damage|p1a: Calyrex|39/100|[from] item: Life Orb\n|\n|-sideend|p2: Jon_oconn|move: Tailwind\n|upkeep\n|-message|Jon_oconn forfeited.\n|\n|win|Shagrathisbeast\n|raw|Shagrathisbeast's rating: 1575 &rarr; <strong>1589</strong><br />(+14 for winning)\n|raw|Jon_oconn's rating: 1476 &rarr; <strong>1462</strong><br />(-14 for losing)\n|l|\u2606Jon_oconn\n|player|p2|\n|l|\u2606Shagrathisbeast\n|player|p1|\n","uploadtime":1775846783,"views":14,"formatid":"gen9vgc2026regi","rating":1462,"private":0,"password":null}