{"id":"gen9vgc2026regi-2530896156","format":"[Gen 9] VGC 2026 Reg I","players":["feeltheice05","marcxhenry"],"log":"|j|\u2606feeltheice05\n|j|\u2606marcxhenry\n|t:|1769984554\n|gametype|doubles\n|player|p1|feeltheice05|101|1380\n|player|p2|marcxhenry|hilbert-wonderlauncher|1532\n|gen|9\n|tier|[Gen 9] VGC 2026 Reg I\n|rated|\n|rule|Species Clause: Limit one of each Pok\u00e9mon\n|rule|Item Clause: Limit 1 of each item\n|clearpoke\n|poke|p1|Dondozo, L50, M|\n|poke|p1|Tatsugiri-Droopy, L50, F|\n|poke|p1|Miraidon, L50|\n|poke|p1|Iron Valiant, L50|\n|poke|p1|Zacian-*, L50|\n|poke|p1|Tornadus, L50, M|\n|poke|p2|Calyrex-Shadow, L50|\n|poke|p2|Urshifu-*, L50, M|\n|poke|p2|Roaring Moon, L50|\n|poke|p2|Kyogre, L50|\n|poke|p2|Tsareena, L50, F|\n|poke|p2|Kingambit, L50, M|\n|teampreview|4\n|inactive|Battle timer is ON: inactive players will automatically lose when time's up. (requested by feeltheice05)\n|\n|t:|1769984583\n|teamsize|p1|4\n|teamsize|p2|4\n|start\n|switch|p1a: Miraidon|Miraidon, L50, shiny|100/100\n|switch|p1b: Tornadus|Tornadus, L50, M, shiny|100/100\n|switch|p2a: Roter Baron|Roaring Moon, L50, shiny|100/100\n|switch|p2b: Ludwig|Calyrex-Shadow, L50|100/100\n|-ability|p2b: Ludwig|As One\n|-ability|p2b: Ludwig|Unnerve\n|-fieldstart|move: Electric Terrain|[from] ability: Hadron Engine|[of] p1a: Miraidon\n|-enditem|p2a: Roter Baron|Booster Energy\n|-activate|p2a: Roter Baron|ability: Protosynthesis|[fromitem]\n|-start|p2a: Roter Baron|protosynthesisspe\n|turn|1\n|\n|t:|1769984605\n|-terastallize|p2a: Roter Baron|Flying\n|move|p1b: Tornadus|Tailwind|p1b: Tornadus\n|-sidestart|p1: feeltheice05|move: Tailwind\n|move|p1a: Miraidon|Dazzling Gleam|p2b: Ludwig|[spread] p2a,p2b\n|-damage|p2a: Roter Baron|68/100\n|-damage|p2b: Ludwig|67/100\n|move|p2a: Roter Baron|Knock Off|p1a: Miraidon\n|-damage|p1a: Miraidon|58/100\n|-enditem|p1a: Miraidon|Assault Vest|[from] move: Knock Off|[of] p2a: Roter Baron\n|move|p2b: Ludwig|Trick Room|p2b: Ludwig\n|-fieldstart|move: Trick Room|[of] p2b: Ludwig\n|\n|upkeep\n|turn|2\n|\n|t:|1769984624\n|move|p1b: Tornadus|Protect|p1b: Tornadus\n|-singleturn|p1b: Tornadus|Protect\n|move|p2b: Ludwig|Astral Barrage|p1a: Miraidon|[spread] p1a\n|-activate|p1b: Tornadus|move: Protect\n|-damage|p1a: Miraidon|17/100\n|move|p2a: Roter Baron|Acrobatics|p1a: Miraidon\n|-resisted|p1a: Miraidon\n|-damage|p1a: Miraidon|0 fnt\n|faint|p1a: Miraidon\n|\n|upkeep\n|\n|t:|1769984636\n|switch|p1a: Zacian|Zacian-Crowned, L50, shiny|100/100\n|-ability|p1a: Zacian|Intrepid Sword|boost\n|-boost|p1a: Zacian|atk|1\n|turn|3\n|inactive|feeltheice05 has 30 seconds left.\n|\n|t:|1769984661\n|move|p2b: Ludwig|Protect|p2b: Ludwig\n|-singleturn|p2b: Ludwig|Protect\n|move|p1b: Tornadus|Bleakwind Storm|p2b: Ludwig|[spread] p2a\n|-activate|p2b: Ludwig|move: Protect\n|-damage|p2a: Roter Baron|36/100\n|move|p2a: Roter Baron|Acrobatics|p1b: Tornadus\n|-damage|p1b: Tornadus|26/100\n|move|p1a: Zacian|Behemoth Blade|p2b: Ludwig\n|-activate|p2b: Ludwig|move: Protect\n|\n|upkeep\n|turn|4\n|\n|t:|1769984675\n|move|p1b: Tornadus|Protect|p1b: Tornadus\n|-singleturn|p1b: Tornadus|Protect\n|move|p1a: Zacian|Protect|p1a: Zacian\n|-singleturn|p1a: Zacian|Protect\n|move|p2b: Ludwig|Astral Barrage|p1a: Zacian|[spread] \n|-activate|p1a: Zacian|move: Protect\n|-activate|p1b: Tornadus|move: Protect\n|move|p2a: Roter Baron|Acrobatics|p1a: Zacian\n|-activate|p1a: Zacian|move: Protect\n|\n|-sideend|p1: feeltheice05|move: Tailwind\n|upkeep\n|turn|5\n|inactive|feeltheice05 has 30 seconds left.\n|\n|t:|1769984701\n|move|p1b: Tornadus|Tailwind|p1b: Tornadus\n|-sidestart|p1: feeltheice05|move: Tailwind\n|move|p2b: Ludwig|Astral Barrage|p1b: Tornadus|[spread] p1a,p1b\n|-damage|p1a: Zacian|50/100\n|-damage|p1b: Tornadus|0 fnt\n|faint|p1b: Tornadus\n|-ability|p2b: Ludwig|Grim Neigh|boost\n|-boost|p2b: Ludwig|spa|1\n|move|p2a: Roter Baron|Tailwind|p2a: Roter Baron\n|-sidestart|p2: marcxhenry|move: Tailwind\n|move|p1a: Zacian|Behemoth Blade|p2a: Roter Baron\n|-crit|p2a: Roter Baron\n|-damage|p2a: Roter Baron|0 fnt\n|faint|p2a: Roter Baron\n|-end|p2a: Roter Baron|Protosynthesis|[silent]\n|\n|-fieldend|move: Trick Room\n|-fieldend|move: Electric Terrain\n|upkeep\n|\n|t:|1769984719\n|switch|p2a: Tripitz|Kyogre, L50, shiny|100/100\n|switch|p1b: Iron Valiant|Iron Valiant, L50, shiny|100/100\n|-weather|RainDance|[from] ability: Drizzle|[of] p2a: Tripitz\n|turn|6\n|\n|t:|1769984734\n|move|p2b: Ludwig|Psychic|p1b: Iron Valiant\n|-supereffective|p1b: Iron Valiant\n|-enditem|p1b: Iron Valiant|Focus Sash\n|-damage|p1b: Iron Valiant|1/100\n|move|p1a: Zacian|Behemoth Blade|p2b: Ludwig\n|-damage|p2b: Ludwig|0 fnt\n|faint|p2b: Ludwig\n|move|p1b: Iron Valiant|Knock Off|p2a: Tripitz\n|-damage|p2a: Tripitz|63/100\n|-enditem|p2a: Tripitz|Mystic Water|[from] move: Knock Off|[of] p1b: Iron Valiant\n|move|p2a: Tripitz|Origin Pulse|p1a: Zacian|[spread] p1a,p1b\n|-damage|p1a: Zacian|0 fnt\n|-damage|p1b: Iron Valiant|0 fnt\n|faint|p1a: Zacian\n|faint|p1b: Iron Valiant\n|-end|p1b: Iron Valiant|Quark Drive|[silent]\n|\n|win|marcxhenry\n|raw|feeltheice05's rating: 1380 &rarr; <strong>1368</strong><br />(-12 for losing)\n|raw|marcxhenry's rating: 1532 &rarr; <strong>1544</strong><br />(+12 for winning)\n|l|\u2606feeltheice05\n|player|p1|\n|l|\u2606marcxhenry\n|player|p2|\n","uploadtime":1769984980,"views":15,"formatid":"gen9vgc2026regi","rating":1368,"private":0,"password":null}