{"id":"gen9vgc2026regi-2564064494","format":"[Gen 9] VGC 2026 Reg I","players":["tryashy","Galact7adi"],"log":"|j|\u2606tryashy\n|j|\u2606Galact7adi\n|t:|1774105982\n|gametype|doubles\n|player|p1|tryashy|dawn|1434\n|player|p2|Galact7adi|266|1512\n|gen|9\n|tier|[Gen 9] VGC 2026 Reg I\n|rated|\n|rule|Species Clause: Limit one of each Pok\u00e9mon\n|rule|Item Clause: Limit 1 of each item\n|clearpoke\n|poke|p1|Solgaleo, L50|\n|poke|p1|Kyogre, L50|\n|poke|p1|Indeedee-F, L50, F|\n|poke|p1|Urshifu-*, L50, F|\n|poke|p1|Wo-Chien, L50|\n|poke|p1|Mimikyu, L50, F|\n|poke|p2|Calyrex-Shadow, L50|\n|poke|p2|Zamazenta-*, L50|\n|poke|p2|Chien-Pao, L50|\n|poke|p2|Dragonite, L50, M|\n|poke|p2|Raging Bolt, L50|\n|poke|p2|Amoonguss, L50, M|\n|teampreview|4\n|inactive|Battle timer is ON: inactive players will automatically lose when time's up. (requested by Galact7adi)\n|inactive|Galact7adi has 60 seconds left.\n|\n|t:|1774106031\n|teamsize|p1|4\n|teamsize|p2|4\n|start\n|switch|p1a: Solgaleo|Solgaleo, L50|100/100\n|switch|p1b: Urshifu|Urshifu-Rapid-Strike, L50, F|100/100\n|switch|p2a: Zamazenta|Zamazenta-Crowned, L50|100/100\n|switch|p2b: Chien-Pao|Chien-Pao, L50|100/100\n|-ability|p2b: Chien-Pao|Sword of Ruin\n|-ability|p2a: Zamazenta|Dauntless Shield|boost\n|-boost|p2a: Zamazenta|def|1\n|turn|1\n|j| majic8ball\n|inactive|tryashy has 30 seconds left.\n|\n|t:|1774106063\n|switch|p2b: Amoonguss|Amoonguss, L50, M|100/100\n|-terastallize|p1a: Solgaleo|Fairy\n|move|p1b: Urshifu|U-turn|p2b: Amoonguss\n|-damage|p2b: Amoonguss|76/100\n|-damage|p1b: Urshifu|84/100|[from] item: Rocky Helmet|[of] p2b: Amoonguss\n|\n|t:|1774106068\n|switch|p1b: Indeedee|Indeedee-F, L50, F|100/100|[from] U-turn\n|-fieldstart|move: Psychic Terrain|[from] ability: Psychic Surge|[of] p1b: Indeedee\n|-enditem|p1a: Solgaleo|Psychic Seed\n|-boost|p1a: Solgaleo|spd|1|[from] item: Psychic Seed\n|move|p2a: Zamazenta|Body Press|p1b: Indeedee\n|-damage|p1b: Indeedee|31/100\n|move|p1a: Solgaleo|Expanding Force|p2a: Zamazenta|[spread] p2a,p2b\n|-supereffective|p2b: Amoonguss\n|-damage|p2a: Zamazenta|65/100\n|-damage|p2b: Amoonguss|0 fnt\n|faint|p2b: Amoonguss\n|\n|upkeep\n|inactive|Galact7adi has 30 seconds left.\n|\n|t:|1774106096\n|switch|p2b: Chien-Pao|Chien-Pao, L50|100/100\n|-ability|p2b: Chien-Pao|Sword of Ruin\n|turn|2\n|\n|t:|1774106104\n|switch|p1b: Urshifu|Urshifu-Rapid-Strike, L50, F|84/100\n|move|p2b: Chien-Pao|Ice Spinner|p1b: Urshifu\n|-resisted|p1b: Urshifu\n|-damage|p1b: Urshifu|59/100\n|-fieldend|move: Psychic Terrain\n|move|p2a: Zamazenta|Heavy Slam|p1a: Solgaleo\n|-supereffective|p1a: Solgaleo\n|-damage|p1a: Solgaleo|37/100\n|move|p1a: Solgaleo|Flash Cannon|p2b: Chien-Pao\n|-supereffective|p2b: Chien-Pao\n|-damage|p2b: Chien-Pao|24/100\n|\n|upkeep\n|turn|3\n|inactive|tryashy has 30 seconds left.\n|inactive|Galact7adi has 30 seconds left.\n|l| majic8ball\n|inactive|Galact7adi has 20 seconds left.\n|\n|t:|1774106141\n|-terastallize|p2a: Zamazenta|Dragon\n|move|p2b: Chien-Pao|Sucker Punch|p1b: Urshifu\n|-resisted|p1b: Urshifu\n|-damage|p1b: Urshifu|38/100\n|move|p1b: Urshifu|U-turn|p2b: Chien-Pao\n|-supereffective|p2b: Chien-Pao\n|-damage|p2b: Chien-Pao|0 fnt\n|faint|p2b: Chien-Pao\n|\n|t:|1774106146\n|switch|p1b: Indeedee|Indeedee-F, L50, F|31/100|[from] U-turn\n|-fieldstart|move: Psychic Terrain|[from] ability: Psychic Surge|[of] p1b: Indeedee\n|move|p2a: Zamazenta|Heavy Slam|p1a: Solgaleo\n|-supereffective|p1a: Solgaleo\n|-damage|p1a: Solgaleo|0 fnt\n|faint|p1a: Solgaleo\n|\n|upkeep\n|\n|t:|1774106156\n|switch|p2b: Calyrex|Calyrex-Shadow, L50|100/100\n|switch|p1a: Urshifu|Urshifu-Rapid-Strike, L50, F|38/100\n|-ability|p2b: Calyrex|As One\n|-ability|p2b: Calyrex|Unnerve\n|turn|4\n|\n|t:|1774106166\n|switch|p1b: Kyogre|Kyogre, L50|100/100\n|-weather|RainDance|[from] ability: Drizzle|[of] p1b: Kyogre\n|move|p1a: Urshifu|Surging Strikes|p2b: Calyrex\n|-crit|p2b: Calyrex\n|-damage|p2b: Calyrex|59/100\n|-crit|p2b: Calyrex\n|-damage|p2b: Calyrex|16/100\n|-crit|p2b: Calyrex\n|-damage|p2b: Calyrex|0 fnt\n|faint|p2b: Calyrex\n|-hitcount|p2: Calyrex|3\n|move|p2a: Zamazenta|Body Press|p1b: Kyogre\n|-crit|p1b: Kyogre\n|-damage|p1b: Kyogre|24/100\n|\n|-weather|RainDance|[upkeep]\n|upkeep\n|turn|5\n|\n|t:|1774106183\n|move|p1a: Urshifu|Surging Strikes|p2a: Zamazenta\n|-resisted|p2a: Zamazenta\n|-crit|p2a: Zamazenta\n|-damage|p2a: Zamazenta|55/100\n|-resisted|p2a: Zamazenta\n|-crit|p2a: Zamazenta\n|-damage|p2a: Zamazenta|46/100\n|-resisted|p2a: Zamazenta\n|-crit|p2a: Zamazenta\n|-damage|p2a: Zamazenta|37/100\n|-hitcount|p2a: Zamazenta|3\n|move|p2a: Zamazenta|Body Press|p1b: Kyogre\n|-damage|p1b: Kyogre|0 fnt\n|faint|p1b: Kyogre\n|\n|-weather|RainDance|[upkeep]\n|upkeep\n|\n|t:|1774106191\n|switch|p1b: Indeedee|Indeedee-F, L50, F|31/100\n|turn|6\n|\n|t:|1774106196\n|move|p1b: Indeedee|Helping Hand|p1a: Urshifu\n|-singleturn|p1a: Urshifu|Helping Hand|[of] p1b: Indeedee\n|move|p1a: Urshifu|Surging Strikes|p2a: Zamazenta\n|-resisted|p2a: Zamazenta\n|-crit|p2a: Zamazenta\n|-damage|p2a: Zamazenta|23/100\n|-resisted|p2a: Zamazenta\n|-crit|p2a: Zamazenta\n|-damage|p2a: Zamazenta|9/100\n|-resisted|p2a: Zamazenta\n|-crit|p2a: Zamazenta\n|-damage|p2a: Zamazenta|0 fnt\n|faint|p2a: Zamazenta\n|-hitcount|p2: Zamazenta|3\n|\n|win|tryashy\n|raw|tryashy's rating: 1434 &rarr; <strong>1458</strong><br />(+24 for winning)\n|raw|Galact7adi's rating: 1512 &rarr; <strong>1488</strong><br />(-24 for losing)\n|l|\u2606Galact7adi\n|player|p2|\n|l|\u2606tryashy\n|player|p1|\n","uploadtime":1774106446,"views":15,"formatid":"gen9vgc2026regi","rating":1458,"private":0,"password":null}