{"id":"gen9vgc2026regi-2521075400","format":"[Gen 9] VGC 2026 Reg I","players":["yaochangzhe","echinacea0109"],"log":"|j|\u2606yaochangzhe\n|j|\u2606echinacea0109\n|t:|1768723190\n|gametype|doubles\n|player|p1|yaochangzhe|102|1313\n|player|p2|echinacea0109|dawn-gen4pt|1388\n|gen|9\n|tier|[Gen 9] VGC 2026 Reg I\n|rated|\n|rule|Species Clause: Limit one of each Pok\u00e9mon\n|rule|Item Clause: Limit 1 of each item\n|clearpoke\n|poke|p1|Kyogre, L50|\n|poke|p1|Calyrex-Ice, L50|\n|poke|p1|Urshifu-*, L50, M|\n|poke|p1|Grimmsnarl, L50, M|\n|poke|p1|Landorus, L50, M|\n|poke|p1|Rillaboom, L50, F|\n|poke|p2|Ting-Lu, L50|\n|poke|p2|Calyrex-Ice, L50|\n|poke|p2|Sneasler, L50, F|\n|poke|p2|Miraidon, L50|\n|poke|p2|Incineroar, L50, F|\n|poke|p2|Ogerpon-Wellspring, L50, F|\n|teampreview|4\n|inactive|Battle timer is ON: inactive players will automatically lose when time's up. (requested by echinacea0109)\n|\n|t:|1768723220\n|teamsize|p1|4\n|teamsize|p2|4\n|start\n|switch|p1a: Grimmsnarl|Grimmsnarl, L50, M|100/100\n|switch|p1b: Rillaboom|Rillaboom, L50, F|100/100\n|switch|p2a: Miraidon|Miraidon, L50|100/100\n|switch|p2b: Sneasler|Sneasler, L50, F|100/100\n|-fieldstart|move: Electric Terrain|[from] ability: Hadron Engine|[of] p2a: Miraidon\n|-enditem|p2b: Sneasler|Electric Seed\n|-boost|p2b: Sneasler|def|1|[from] item: Electric Seed\n|-fieldstart|move: Grassy Terrain|[from] ability: Grassy Surge|[of] p1b: Rillaboom\n|turn|1\n|\n|t:|1768723230\n|move|p1b: Rillaboom|Fake Out|p2b: Sneasler\n|-damage|p2b: Sneasler|92/100\n|move|p1a: Grimmsnarl|Light Screen|p1a: Grimmsnarl\n|-sidestart|p1: yaochangzhe|move: Light Screen\n|move|p2a: Miraidon|Volt Switch|p1a: Grimmsnarl\n|-damage|p1a: Grimmsnarl|77/100\n|\n|t:|1768723236\n|switch|p2a: Calyrex|Calyrex-Ice, L50|100/100|[from] Volt Switch\n|-ability|p2a: Calyrex|As One\n|-ability|p2a: Calyrex|Unnerve\n|cant|p2b: Sneasler|flinch\n|\n|-heal|p2b: Sneasler|98/100|[from] Grassy Terrain\n|-heal|p1a: Grimmsnarl|83/100|[from] Grassy Terrain\n|upkeep\n|turn|2\n|\n|t:|1768723248\n|move|p1a: Grimmsnarl|Reflect|p1a: Grimmsnarl\n|-sidestart|p1: yaochangzhe|Reflect\n|move|p2b: Sneasler|Toxic Spikes|p1b: Rillaboom\n|-sidestart|p1: yaochangzhe|move: Toxic Spikes\n|move|p1b: Rillaboom|U-turn|p2a: Calyrex\n|-supereffective|p2a: Calyrex\n|-damage|p2a: Calyrex|78/100\n|\n|t:|1768723262\n|switch|p1b: Calyrex|Calyrex-Ice, L50|100/100|[from] U-turn\n|-ability|p1b: Calyrex|As One\n|-ability|p1b: Calyrex|Unnerve\n|-status|p1b: Calyrex|psn\n|move|p2a: Calyrex|Glacial Lance|p1b: Calyrex|[spread] p1a,p1b\n|-resisted|p1b: Calyrex\n|-damage|p1a: Grimmsnarl|51/100\n|-damage|p1b: Calyrex|91/100 psn\n|\n|-heal|p2b: Sneasler|100/100|[from] Grassy Terrain\n|-heal|p1a: Grimmsnarl|57/100|[from] Grassy Terrain\n|-heal|p1b: Calyrex|97/100 psn|[from] Grassy Terrain\n|-heal|p1b: Calyrex|100/100 psn|[from] item: Leftovers\n|-heal|p2a: Calyrex|84/100|[from] Grassy Terrain\n|-heal|p2a: Calyrex|90/100|[from] item: Leftovers\n|-damage|p1b: Calyrex|88/100 psn|[from] psn\n|upkeep\n|turn|3\n|\n|t:|1768723280\n|move|p1a: Grimmsnarl|Taunt|p2b: Sneasler\n|-start|p2b: Sneasler|move: Taunt\n|cant|p2b: Sneasler|move: Taunt|Coaching\n|move|p1b: Calyrex|Leech Seed|p2a: Calyrex\n|-start|p2a: Calyrex|move: Leech Seed\n|move|p2a: Calyrex|Leech Seed|p1b: Calyrex\n|-start|p1b: Calyrex|move: Leech Seed\n|\n|-heal|p1a: Grimmsnarl|63/100|[from] Grassy Terrain\n|-heal|p1b: Calyrex|94/100 psn|[from] Grassy Terrain\n|-heal|p1b: Calyrex|99/100 psn|[from] item: Leftovers\n|-heal|p2a: Calyrex|96/100|[from] Grassy Terrain\n|-heal|p2a: Calyrex|100/100|[from] item: Leftovers\n|-damage|p1b: Calyrex|88/100 psn|[from] Leech Seed|[of] p2a: Calyrex\n|-damage|p2a: Calyrex|88/100|[from] Leech Seed|[of] p1b: Calyrex\n|-heal|p1b: Calyrex|99/100 psn|[silent]\n|-damage|p1b: Calyrex|88/100 psn|[from] psn\n|upkeep\n|turn|4\n|\n|t:|1768723292\n|move|p2b: Sneasler|Dire Claw|p1a: Grimmsnarl\n|-supereffective|p1a: Grimmsnarl\n|-damage|p1a: Grimmsnarl|22/100\n|-status|p1a: Grimmsnarl|slp\n|cant|p1a: Grimmsnarl|slp\n|move|p1b: Calyrex|Glacial Lance|p2a: Calyrex|[spread] p2a,p2b\n|-resisted|p2a: Calyrex\n|-damage|p2a: Calyrex|75/100\n|-damage|p2b: Sneasler|65/100\n|move|p2a: Calyrex|Glacial Lance|p1b: Calyrex|[spread] p1a,p1b\n|-resisted|p1b: Calyrex\n|-crit|p1b: Calyrex\n|-damage|p1a: Grimmsnarl|0 fnt\n|-damage|p1b: Calyrex|65/100 psn\n|faint|p1a: Grimmsnarl\n|-ability|p2a: Calyrex|Chilling Neigh|boost\n|-boost|p2a: Calyrex|atk|1\n|\n|-heal|p2b: Sneasler|71/100|[from] Grassy Terrain\n|-heal|p1b: Calyrex|71/100 psn|[from] Grassy Terrain\n|-heal|p1b: Calyrex|76/100 psn|[from] item: Leftovers\n|-heal|p2a: Calyrex|81/100|[from] Grassy Terrain\n|-heal|p2a: Calyrex|87/100|[from] item: Leftovers\n|-damage|p1b: Calyrex|64/100 psn|[from] Leech Seed|[of] p2a: Calyrex\n|-heal|p2a: Calyrex|99/100|[silent]\n|-damage|p2a: Calyrex|87/100|[from] Leech Seed|[of] p1b: Calyrex\n|-heal|p1b: Calyrex|76/100 psn|[silent]\n|-damage|p1b: Calyrex|64/100 psn|[from] psn\n|upkeep\n|\n|t:|1768723300\n|switch|p1a: Kyogre|Kyogre, L50|100/100\n|-status|p1a: Kyogre|psn\n|-weather|RainDance|[from] ability: Drizzle|[of] p1a: Kyogre\n|turn|5\n|\n|t:|1768723319\n|-terastallize|p2a: Calyrex|Water\n|move|p2b: Sneasler|Dire Claw|p1a: Kyogre\n|-damage|p1a: Kyogre|82/100 psn\n|move|p1a: Kyogre|Origin Pulse|p2b: Sneasler|[spread] p2a,p2b\n|-resisted|p2a: Calyrex\n|-damage|p2a: Calyrex|64/100\n|-damage|p2b: Sneasler|0 fnt\n|faint|p2b: Sneasler\n|move|p2a: Calyrex|Glacial Lance|p1b: Calyrex|[spread] p1a,p1b\n|-resisted|p1a: Kyogre\n|-resisted|p1b: Calyrex\n|-damage|p1a: Kyogre|59/100 psn\n|-damage|p1b: Calyrex|50/100 psn\n|move|p1b: Calyrex|Trick Room|p1b: Calyrex\n|-fieldstart|move: Trick Room|[of] p1b: Calyrex\n|\n|-weather|RainDance|[upkeep]\n|-heal|p2a: Calyrex|70/100|[from] Grassy Terrain\n|-heal|p2a: Calyrex|76/100|[from] item: Leftovers\n|-heal|p1b: Calyrex|56/100 psn|[from] Grassy Terrain\n|-heal|p1b: Calyrex|61/100 psn|[from] item: Leftovers\n|-heal|p1a: Kyogre|65/100 psn|[from] Grassy Terrain\n|-damage|p2a: Calyrex|64/100|[from] Leech Seed|[of] p1b: Calyrex\n|-heal|p1b: Calyrex|73/100 psn|[silent]\n|-damage|p1b: Calyrex|61/100 psn|[from] Leech Seed|[of] p2a: Calyrex\n|-heal|p2a: Calyrex|76/100|[silent]\n|-damage|p1b: Calyrex|49/100 psn|[from] psn\n|-damage|p1a: Kyogre|53/100 psn|[from] psn\n|-fieldend|move: Grassy Terrain\n|upkeep\n|\n|t:|1768723327\n|switch|p2b: Ogerpon|Ogerpon-Wellspring, L50, F|100/100\n|turn|6\n|\n|t:|1768723345\n|move|p2a: Calyrex|Glacial Lance|p1a: Kyogre|[spread] p1a,p1b\n|-resisted|p1a: Kyogre\n|-resisted|p1b: Calyrex\n|-damage|p1a: Kyogre|31/100 psn\n|-damage|p1b: Calyrex|36/100 psn\n|move|p1b: Calyrex|Glacial Lance|p2b: Ogerpon|[spread] p2a,p2b\n|-resisted|p2a: Calyrex\n|-damage|p2a: Calyrex|62/100\n|-damage|p2b: Ogerpon|44/100\n|move|p1a: Kyogre|Thunder|p2a: Calyrex\n|-supereffective|p2a: Calyrex\n|-damage|p2a: Calyrex|7/100\n|-status|p2a: Calyrex|par\n|move|p2b: Ogerpon|Ivy Cudgel|p1b: Calyrex|[anim] Ivy Cudgel Water\n|-damage|p1b: Calyrex|0 fnt\n|faint|p1b: Calyrex\n|\n|-weather|RainDance|[upkeep]\n|-heal|p2a: Calyrex|13/100 par|[from] item: Leftovers\n|-damage|p1a: Kyogre|19/100 psn|[from] psn\n|upkeep\n|inactive|yaochangzhe has 30 seconds left.\n|inactive|yaochangzhe has 20 seconds left.\n|\n|t:|1768723383\n|switch|p1b: Rillaboom|Rillaboom, L50, F|100/100\n|-status|p1b: Rillaboom|psn\n|-fieldstart|move: Grassy Terrain|[from] ability: Grassy Surge|[of] p1b: Rillaboom\n|turn|7\n|\n|t:|1768723397\n|switch|p2a: Miraidon|Miraidon, L50|100/100\n|-fieldstart|move: Electric Terrain|[from] ability: Hadron Engine|[of] p2a: Miraidon\n|move|p2b: Ogerpon|Spiky Shield|p2b: Ogerpon\n|-singleturn|p2b: Ogerpon|move: Protect\n|move|p1b: Rillaboom|Fake Out|p2a: Miraidon\n|-damage|p2a: Miraidon|87/100\n|move|p1a: Kyogre|Thunder|p2b: Ogerpon\n|-activate|p2b: Ogerpon|move: Protect\n|\n|-weather|RainDance|[upkeep]\n|-damage|p1b: Rillaboom|88/100 psn|[from] psn\n|-damage|p1a: Kyogre|7/100 psn|[from] psn\n|upkeep\n|turn|8\n|inactive|echinacea0109 has 30 seconds left.\n|inactive|echinacea0109 has 20 seconds left.\n|inactive|echinacea0109 has 15 seconds left.\n|inactive|echinacea0109 has 10 seconds left.\n|inactive|echinacea0109 has 5 seconds left.\n|\n|t:|1768723449\n|move|p2b: Ogerpon|Follow Me|p2b: Ogerpon\n|-singleturn|p2b: Ogerpon|move: Follow Me\n|move|p1b: Rillaboom|Wood Hammer|p2b: Ogerpon\n|-damage|p2b: Ogerpon|0 fnt\n|faint|p2b: Ogerpon\n|-damage|p1b: Rillaboom|75/100 psn|[from] Recoil\n|move|p1a: Kyogre|Origin Pulse|p2a: Miraidon|[miss]\n|-miss|p1a: Kyogre|p2a: Miraidon\n|move|p2a: Miraidon|Dazzling Gleam|p1b: Rillaboom|[spread] p1a,p1b\n|-damage|p1a: Kyogre|0 fnt\n|-damage|p1b: Rillaboom|59/100 psn\n|faint|p1a: Kyogre\n|\n|-weather|RainDance|[upkeep]\n|-damage|p1b: Rillaboom|47/100 psn|[from] psn\n|-sideend|p1: yaochangzhe|move: Light Screen\n|upkeep\n|\n|t:|1768723450\n|switch|p2b: Calyrex|Calyrex-Ice, L50, tera:Water|13/100 par\n|-ability|p2b: Calyrex|As One\n|-ability|p2b: Calyrex|Unnerve\n|turn|9\n|inactive|yaochangzhe has 30 seconds left.\n|inactive|yaochangzhe has 20 seconds left.\n|inactive|yaochangzhe has 15 seconds left.\n|inactive|yaochangzhe has 10 seconds left.\n|inactive|yaochangzhe has 5 seconds left.\n|\n|t:|1768723505\n|move|p2b: Calyrex|Glacial Lance|p1b: Rillaboom\n|-supereffective|p1b: Rillaboom\n|-damage|p1b: Rillaboom|0 fnt\n|faint|p1b: Rillaboom\n|\n|win|echinacea0109\n|raw|yaochangzhe's rating: 1313 &rarr; <strong>1297</strong><br />(-16 for losing)\n|raw|echinacea0109's rating: 1388 &rarr; <strong>1404</strong><br />(+16 for winning)\n|l|\u2606yaochangzhe\n|player|p1|\n|l|\u2606echinacea0109\n|player|p2|\n","uploadtime":1768723691,"views":18,"formatid":"gen9vgc2026regi","rating":1297,"private":0,"password":null}