{"id":"gen9vgc2026regi-2566729533","format":"[Gen 9] VGC 2026 Reg I","players":["mlbd1","louhew22"],"log":"|j|\u2606mlbd1\n|j|\u2606louhew22\n|t:|1774402708\n|gametype|doubles\n|player|p1|mlbd1|1|1269\n|player|p2|louhew22|101|1335\n|gen|9\n|tier|[Gen 9] VGC 2026 Reg I\n|rated|\n|rule|Species Clause: Limit one of each Pok\u00e9mon\n|rule|Item Clause: Limit 1 of each item\n|clearpoke\n|poke|p1|Miraidon, L50|\n|poke|p1|Farigiraf, L50, M|\n|poke|p1|Calyrex-Ice, L50|\n|poke|p1|Iron Hands, L50|\n|poke|p1|Ogerpon-Cornerstone, L50, F|\n|poke|p1|Volcarona, L50, F|\n|poke|p2|Zamazenta-*, L50|\n|poke|p2|Calyrex-Shadow, L50|\n|poke|p2|Chien-Pao, L50|\n|poke|p2|Raging Bolt, L50|\n|poke|p2|Dragonite, L50, F|\n|poke|p2|Amoonguss, L50, F|\n|teampreview|4\n|inactive|Battle timer is ON: inactive players will automatically lose when time's up. (requested by mlbd1)\n|inactive|louhew22 has 60 seconds left.\n|j| Melonnolem\n|l| Melonnolem\n|\n|t:|1774402762\n|teamsize|p1|4\n|teamsize|p2|4\n|start\n|switch|p1a: Farigiraf|Farigiraf, L50, M|100/100\n|switch|p1b: Miraidon|Miraidon, L50|100/100\n|switch|p2a: Zamazenta|Zamazenta-Crowned, L50|100/100\n|switch|p2b: Calyrex|Calyrex-Shadow, L50|100/100\n|-ability|p2b: Calyrex|As One\n|-ability|p2b: Calyrex|Unnerve\n|-fieldstart|move: Electric Terrain|[from] ability: Hadron Engine|[of] p1b: Miraidon\n|-enditem|p1a: Farigiraf|Electric Seed\n|-boost|p1a: Farigiraf|def|1|[from] item: Electric Seed\n|-ability|p2a: Zamazenta|Dauntless Shield|boost\n|-boost|p2a: Zamazenta|def|1\n|turn|1\n|inactive|louhew22 has 30 seconds left.\n|inactive|louhew22 has 20 seconds left.\n|inactive|louhew22 has 15 seconds left.\n|inactive|louhew22 has 10 seconds left.\n|inactive|louhew22 has 5 seconds left.\n|\n|t:|1774402815\n|-terastallize|p1b: Miraidon|Electric\n|move|p2b: Calyrex|Protect|p2b: Calyrex\n|-singleturn|p2b: Calyrex|Protect\n|move|p1b: Miraidon|Electro Drift|p2a: Zamazenta\n|-damage|p2a: Zamazenta|6/100\n|move|p2a: Zamazenta|Body Press|p1a: Farigiraf\n|-damage|p1a: Farigiraf|63/100\n|move|p1a: Farigiraf|Foul Play|p2b: Calyrex\n|-activate|p2b: Calyrex|move: Protect\n|\n|upkeep\n|turn|2\n|\n|t:|1774402840\n|switch|p2b: Chien-Pao|Chien-Pao, L50|100/100\n|-ability|p2b: Chien-Pao|Sword of Ruin\n|move|p2a: Zamazenta|Protect|p2a: Zamazenta\n|-singleturn|p2a: Zamazenta|Protect\n|move|p1b: Miraidon|Electro Drift|p2a: Zamazenta\n|-activate|p2a: Zamazenta|move: Protect\n|move|p1a: Farigiraf|Trick Room|p1a: Farigiraf\n|-fieldstart|move: Trick Room|[of] p1a: Farigiraf\n|\n|upkeep\n|turn|3\n|inactive|louhew22 has 30 seconds left.\n|inactive|louhew22 has 20 seconds left.\n|inactive|louhew22 has 15 seconds left.\n|inactive|louhew22 has 10 seconds left.\n|inactive|louhew22 has 5 seconds left.\n|\n|t:|1774402893\n|switch|p1b: Volcarona|Volcarona, L50, F|100/100\n|move|p2b: Chien-Pao|Sucker Punch||[still]\n|cant|p1a: Farigiraf|ability: Armor Tail|Sucker Punch|[of] p2b: Chien-Pao\n|move|p1a: Farigiraf|Psychic Noise|p2a: Zamazenta\n|-damage|p2a: Zamazenta|0 fnt\n|faint|p2a: Zamazenta\n|\n|upkeep\n|\n|t:|1774402907\n|switch|p2a: Dragonite|Dragonite, L50, F|100/100\n|turn|4\n|inactive|louhew22 has 30 seconds left.\n|inactive|louhew22 has 20 seconds left.\n|\n|t:|1774402946\n|-terastallize|p2b: Chien-Pao|Fire\n|move|p1b: Volcarona|Rage Powder|p1b: Volcarona\n|-singleturn|p1b: Volcarona|move: Rage Powder\n|move|p1a: Farigiraf|Foul Play|p2a: Dragonite\n|-damage|p2a: Dragonite|52/100\n|move|p2a: Dragonite|Low Kick|p1b: Volcarona\n|-resisted|p1b: Volcarona\n|-damage|p1b: Volcarona|76/100\n|-damage|p2a: Dragonite|36/100|[from] item: Rocky Helmet|[of] p1b: Volcarona\n|move|p2b: Chien-Pao|Ruination|p1b: Volcarona\n|-damage|p1b: Volcarona|39/100\n|-damage|p2b: Chien-Pao|91/100|[from] item: Life Orb\n|\n|upkeep\n|turn|5\n|\n|t:|1774402969\n|switch|p2a: Calyrex|Calyrex-Shadow, L50|100/100\n|-ability|p2a: Calyrex|As One\n|-ability|p2a: Calyrex|Unnerve\n|move|p1a: Farigiraf|Foul Play|p2a: Calyrex\n|-supereffective|p2a: Calyrex\n|-damage|p2a: Calyrex|4/100\n|move|p1b: Volcarona|Fiery Dance|p2b: Chien-Pao\n|-resisted|p2b: Chien-Pao\n|-damage|p2b: Chien-Pao|56/100\n|move|p2b: Chien-Pao|Ice Spinner|p1a: Farigiraf\n|-damage|p1a: Farigiraf|26/100\n|-fieldend|move: Electric Terrain\n|-damage|p2b: Chien-Pao|47/100|[from] item: Life Orb\n|\n|upkeep\n|turn|6\n|\n|t:|1774402983\n|move|p2b: Chien-Pao|Protect|p2b: Chien-Pao\n|-singleturn|p2b: Chien-Pao|Protect\n|move|p2a: Calyrex|Protect|p2a: Calyrex\n|-singleturn|p2a: Calyrex|Protect\n|move|p1a: Farigiraf|Foul Play|p2b: Chien-Pao\n|-activate|p2b: Chien-Pao|move: Protect\n|move|p1b: Volcarona|Fiery Dance|p2b: Chien-Pao\n|-activate|p2b: Chien-Pao|move: Protect\n|\n|-fieldend|move: Trick Room\n|upkeep\n|turn|7\n|\n|t:|1774402999\n|move|p1b: Volcarona|Protect|p1b: Volcarona\n|-singleturn|p1b: Volcarona|Protect\n|move|p2a: Calyrex|Astral Barrage|p1a: Farigiraf|[spread] \n|-activate|p1b: Volcarona|move: Protect\n|-immune|p1a: Farigiraf\n|move|p2b: Chien-Pao|Ice Spinner|p1a: Farigiraf\n|-damage|p1a: Farigiraf|0 fnt\n|faint|p1a: Farigiraf\n|-damage|p2b: Chien-Pao|37/100|[from] item: Life Orb\n|\n|upkeep\n|\n|t:|1774403007\n|switch|p1a: Miraidon|Miraidon, L50, tera:Electric|100/100\n|-fieldstart|move: Electric Terrain|[from] ability: Hadron Engine|[of] p1a: Miraidon\n|turn|8\n|\n|t:|1774403027\n|move|p1b: Volcarona|Rage Powder|p1b: Volcarona\n|-singleturn|p1b: Volcarona|move: Rage Powder\n|move|p2b: Chien-Pao|Sucker Punch||[still]\n|-fail|p2b: Chien-Pao\n|move|p1a: Miraidon|Snarl|p2a: Calyrex|[spread] p2a,p2b\n|-supereffective|p2a: Calyrex\n|-damage|p2a: Calyrex|0 fnt\n|-damage|p2b: Chien-Pao|5/100\n|-unboost|p2b: Chien-Pao|spa|1\n|faint|p2a: Calyrex\n|\n|upkeep\n|\n|t:|1774403036\n|switch|p2a: Dragonite|Dragonite, L50, F|36/100\n|turn|9\n|\n|t:|1774403044\n|move|p1b: Volcarona|Rage Powder|p1b: Volcarona\n|-singleturn|p1b: Volcarona|move: Rage Powder\n|move|p2a: Dragonite|Extreme Speed|p1b: Volcarona\n|-damage|p1b: Volcarona|0 fnt\n|-damage|p2a: Dragonite|19/100|[from] item: Rocky Helmet|[of] p1b: Volcarona\n|-status|p2a: Dragonite|brn|[from] ability: Flame Body|[of] p1b: Volcarona\n|faint|p1b: Volcarona\n|move|p1a: Miraidon|Snarl|p2a: Dragonite|[spread] p2a,p2b\n|-damage|p2a: Dragonite|0 fnt\n|-damage|p2b: Chien-Pao|0 fnt\n|faint|p2a: Dragonite\n|faint|p2b: Chien-Pao\n|\n|win|mlbd1\n|raw|mlbd1's rating: 1269 &rarr; <strong>1299</strong><br />(+30 for winning)\n|raw|louhew22's rating: 1335 &rarr; <strong>1311</strong><br />(-24 for losing)\n|l|\u2606mlbd1\n|player|p1|\n|l|\u2606louhew22\n|player|p2|\n","uploadtime":1774403274,"views":10,"formatid":"gen9vgc2026regi","rating":1299,"private":0,"password":null}