{"id":"gen9vgc2026regi-2571232247","format":"[Gen 9] VGC 2026 Reg I","players":["somerandomcat451","lilcardscammer"],"log":"|j|\u2606somerandomcat451\n|j|\u2606lilcardscammer\n|t:|1774896333\n|gametype|doubles\n|player|p1|somerandomcat451|ingo|1447\n|player|p2|lilcardscammer|waitress-gen4|1502\n|gen|9\n|tier|[Gen 9] VGC 2026 Reg I\n|rated|\n|rule|Species Clause: Limit one of each Pok\u00e9mon\n|rule|Item Clause: Limit 1 of each item\n|clearpoke\n|poke|p1|Kyogre, L50|\n|poke|p1|Calyrex-Ice, L50|\n|poke|p1|Smeargle, L50, F|\n|poke|p1|Archaludon, L50, F|\n|poke|p1|Ursaluna, L50, F|\n|poke|p1|Hatterene, L50, F|\n|poke|p2|Lunala, L50|\n|poke|p2|Koraidon, L50|\n|poke|p2|Flutter Mane, L50|\n|poke|p2|Incineroar, L50, M|\n|poke|p2|Amoonguss, L50, M|\n|poke|p2|Ursaluna, L50, F|\n|teampreview|4\n|inactive|Battle timer is ON: inactive players will automatically lose when time's up. (requested by lilcardscammer)\n|inactive|somerandomcat451 also wants the timer to be on.\n|inactive|somerandomcat451 has 60 seconds left.\n|\n|t:|1774896366\n|teamsize|p1|4\n|teamsize|p2|4\n|start\n|switch|p1a: Kyogre|Kyogre, L50|100/100\n|switch|p1b: Calyrex|Calyrex-Ice, L50|100/100\n|switch|p2a: glasya|Lunala, L50, shiny|100/100\n|switch|p2b: Todo|Incineroar, L50, M|100/100\n|-ability|p1b: Calyrex|As One\n|-ability|p1b: Calyrex|Unnerve\n|-weather|RainDance|[from] ability: Drizzle|[of] p1a: Kyogre\n|-ability|p2b: Todo|Intimidate|boost\n|-unboost|p1a: Kyogre|atk|1\n|-fail|p1b: Calyrex|unboost|[from] item: Clear Amulet|[of] p1b: Calyrex\n|turn|1\n|\n|t:|1774896382\n|move|p2b: Todo|Fake Out|p1a: Kyogre\n|-damage|p1a: Kyogre|92/100\n|move|p2a: glasya|Moongeist Beam|p1b: Calyrex\n|-supereffective|p1b: Calyrex\n|-damage|p1b: Calyrex|18/100\n|cant|p1a: Kyogre|flinch\n|move|p1b: Calyrex|Trick Room|p1b: Calyrex\n|-fieldstart|move: Trick Room|[of] p1b: Calyrex\n|\n|-weather|RainDance|[upkeep]\n|upkeep\n|turn|2\n|inactive|somerandomcat451 has 30 seconds left.\n|inactive|lilcardscammer has 30 seconds left.\n|\n|t:|1774896413\n|-terastallize|p2b: Todo|Ghost\n|move|p2a: glasya|Wide Guard|p2a: glasya\n|-singleturn|p2a: glasya|Wide Guard\n|move|p1b: Calyrex|High Horsepower|p2b: Todo\n|-damage|p2b: Todo|62/100\n|move|p2b: Todo|Parting Shot|p1a: Kyogre\n|-unboost|p1a: Kyogre|atk|1\n|-unboost|p1a: Kyogre|spa|1\n|\n|t:|1774896417\n|switch|p2b: LOCKHEED|Koraidon, L50, shiny|100/100|[from] Parting Shot\n|-weather|SunnyDay|[from] ability: Orichalcum Pulse|[of] p2b: LOCKHEED\n|-activate|p2b: LOCKHEED|Orichalcum Pulse|[source]\n|move|p1a: Kyogre|Water Spout|p2b: LOCKHEED|[spread] \n|-activate|p2a: glasya|move: Wide Guard\n|-activate|p2b: LOCKHEED|move: Wide Guard\n|\n|-weather|SunnyDay|[upkeep]\n|upkeep\n|turn|3\n|inactive|somerandomcat451 has 30 seconds left.\n|\n|t:|1774896451\n|switch|p1a: Ursaluna|Ursaluna, L50, F|100/100\n|move|p2a: glasya|Wide Guard|p2a: glasya\n|-singleturn|p2a: glasya|Wide Guard\n|move|p1b: Calyrex|High Horsepower|p2b: LOCKHEED\n|-damage|p2b: LOCKHEED|64/100\n|move|p2b: LOCKHEED|Flare Blitz|p1b: Calyrex\n|-supereffective|p1b: Calyrex\n|-damage|p1b: Calyrex|0 fnt\n|faint|p1b: Calyrex\n|-damage|p2b: LOCKHEED|58/100|[from] Recoil\n|-damage|p2b: LOCKHEED|48/100|[from] item: Life Orb\n|\n|-weather|SunnyDay|[upkeep]\n|-status|p1a: Ursaluna|brn|[from] item: Flame Orb\n|upkeep\n|\n|t:|1774896476\n|switch|p1b: Smeargle|Smeargle, L50, F, shiny|100/100\n|turn|4\n|\n|t:|1774896497\n|switch|p2a: i'm fresh|Amoonguss, L50, M|100/100\n|switch|p2b: Todo|Incineroar, L50, M, tera:Ghost|62/100\n|-ability|p2b: Todo|Intimidate|boost\n|-unboost|p1a: Ursaluna|atk|1\n|-unboost|p1b: Smeargle|atk|1\n|move|p1a: Ursaluna|Headlong Rush|p2b: Todo\n|-damage|p2b: Todo|0 fnt\n|-unboost|p1a: Ursaluna|def|1\n|-unboost|p1a: Ursaluna|spd|1\n|faint|p2b: Todo\n|move|p1b: Smeargle|Spore|p2a: i'm fresh\n|-immune|p2a: i'm fresh\n|\n|-weather|SunnyDay|[upkeep]\n|-damage|p1a: Ursaluna|95/100 brn|[from] brn\n|upkeep\n|\n|t:|1774896509\n|switch|p2b: LOCKHEED|Koraidon, L50, shiny|48/100\n|-activate|p2b: LOCKHEED|ability: Orichalcum Pulse\n|turn|5\n|inactive|somerandomcat451 has 30 seconds left.\n|inactive|somerandomcat451 has 20 seconds left.\n|\n|t:|1774896548\n|switch|p2b: glasya|Lunala, L50, shiny|100/100\n|move|p1b: Smeargle|Follow Me|p1b: Smeargle\n|-singleturn|p1b: Smeargle|move: Follow Me\n|move|p2a: i'm fresh|Spore|p1b: Smeargle\n|-status|p1b: Smeargle|slp|[from] move: Spore\n|move|p1a: Ursaluna|Facade|p2a: i'm fresh\n|-damage|p2a: i'm fresh|40/100\n|-damage|p1a: Ursaluna|78/100 brn|[from] item: Rocky Helmet|[of] p2a: i'm fresh\n|\n|-weather|SunnyDay|[upkeep]\n|-damage|p1a: Ursaluna|72/100 brn|[from] brn\n|-fieldend|move: Trick Room\n|upkeep\n|turn|6\n|inactive|somerandomcat451 has 30 seconds left.\n|\n|t:|1774896574\n|move|p1a: Ursaluna|Protect|p1a: Ursaluna\n|-singleturn|p1a: Ursaluna|Protect\n|move|p2a: i'm fresh|Rage Powder|p2a: i'm fresh\n|-singleturn|p2a: i'm fresh|move: Rage Powder\n|move|p2b: glasya|Moonblast|p1b: Smeargle\n|-damage|p1b: Smeargle|37/100 slp\n|cant|p1b: Smeargle|slp\n|\n|-weather|none\n|-damage|p1a: Ursaluna|67/100 brn|[from] brn\n|upkeep\n|turn|7\n|\n|t:|1774896587\n|cant|p1b: Smeargle|slp\n|move|p2a: i'm fresh|Rage Powder|p2a: i'm fresh\n|-singleturn|p2a: i'm fresh|move: Rage Powder\n|move|p2b: glasya|Moonblast|p1a: Ursaluna\n|-damage|p1a: Ursaluna|14/100 brn\n|move|p1a: Ursaluna|Facade|p2a: i'm fresh\n|-damage|p2a: i'm fresh|0 fnt\n|-damage|p1a: Ursaluna|0 fnt|[from] item: Rocky Helmet|[of] p2a: i'm fresh\n|faint|p2a: i'm fresh\n|faint|p1a: Ursaluna\n|\n|upkeep\n|\n|t:|1774896595\n|switch|p1a: Kyogre|Kyogre, L50|92/100\n|switch|p2a: LOCKHEED|Koraidon, L50, shiny|48/100\n|-weather|SunnyDay|[from] ability: Orichalcum Pulse|[of] p2a: LOCKHEED\n|-activate|p2a: LOCKHEED|Orichalcum Pulse|[source]\n|-weather|RainDance|[from] ability: Drizzle|[of] p1a: Kyogre\n|turn|8\n|inactive|somerandomcat451 has 30 seconds left.\n|\n|t:|1774896627\n|cant|p1b: Smeargle|slp\n|move|p2a: LOCKHEED|Flare Blitz|p1b: Smeargle\n|-damage|p1b: Smeargle|0 fnt\n|faint|p1b: Smeargle\n|-damage|p2a: LOCKHEED|39/100|[from] Recoil\n|-damage|p2a: LOCKHEED|29/100|[from] item: Life Orb\n|move|p2b: glasya|Moongeist Beam|p1a: Kyogre\n|-damage|p1a: Kyogre|50/100\n|move|p1a: Kyogre|Ice Beam|p2a: LOCKHEED\n|-supereffective|p2a: LOCKHEED\n|-damage|p2a: LOCKHEED|0 fnt\n|faint|p2a: LOCKHEED\n|\n|-weather|RainDance|[upkeep]\n|upkeep\n|turn|9\n|\n|t:|1774896635\n|move|p2b: glasya|Moongeist Beam|p1a: Kyogre\n|-damage|p1a: Kyogre|6/100\n|move|p1a: Kyogre|Ice Beam|p2b: glasya\n|-damage|p2b: glasya|82/100\n|\n|-weather|RainDance|[upkeep]\n|upkeep\n|turn|10\n|\n|t:|1774896644\n|move|p2b: glasya|Moongeist Beam|p1a: Kyogre\n|-damage|p1a: Kyogre|0 fnt\n|faint|p1a: Kyogre\n|\n|win|lilcardscammer\n|raw|somerandomcat451's rating: 1447 &rarr; <strong>1430</strong><br />(-17 for losing)\n|raw|lilcardscammer's rating: 1502 &rarr; <strong>1519</strong><br />(+17 for winning)\n|l|\u2606somerandomcat451\n|player|p1|\n","uploadtime":1774896808,"views":17,"formatid":"gen9vgc2026regi","rating":1430,"private":0,"password":null}