{"id":"gen9vgc2026regi-2538816351","format":"[Gen 9] VGC 2026 Reg I","players":["Windy5555","501JFW"],"log":"|j|\u2606Windy5555\n|j|\u2606501JFW\n|t:|1770979571\n|gametype|doubles\n|player|p1|Windy5555|colress|1414\n|player|p2|501JFW|266|1508\n|gen|9\n|tier|[Gen 9] VGC 2026 Reg I\n|rated|\n|rule|Species Clause: Limit one of each Pok\u00e9mon\n|rule|Item Clause: Limit 1 of each item\n|clearpoke\n|poke|p1|Volcarona, L50, F|\n|poke|p1|Muk-Alola, L50, F|\n|poke|p1|Calyrex-Shadow, L50|\n|poke|p1|Flamigo, L50, F|\n|poke|p1|Miraidon, L50|\n|poke|p1|Smeargle, L50, F|\n|poke|p2|Kyogre, L50|\n|poke|p2|Calyrex-Ice, L50|\n|poke|p2|Amoonguss, L50, F|\n|poke|p2|Urshifu-*, L50, F|\n|poke|p2|Indeedee-F, L50, F|\n|poke|p2|Iron Valiant, L50|\n|teampreview|4\n|inactive|Battle timer is ON: inactive players will automatically lose when time's up. (requested by Windy5555)\n|inactive|501JFW has 60 seconds left.\n|\n|t:|1770979628\n|teamsize|p1|4\n|teamsize|p2|4\n|start\n|switch|p1a: Smeargle|Smeargle, L50, F|100/100\n|switch|p1b: Muk|Muk-Alola, L50, F|100/100\n|switch|p2a: Iron Valiant|Iron Valiant, L50, shiny|100/100\n|switch|p2b: Calyrex|Calyrex-Ice, L50|100/100\n|-ability|p2b: Calyrex|As One\n|-ability|p2b: Calyrex|Unnerve\n|-enditem|p2a: Iron Valiant|Booster Energy\n|-activate|p2a: Iron Valiant|ability: Quark Drive|[fromitem]\n|-start|p2a: Iron Valiant|quarkdrivespe\n|turn|1\n|inactive|Windy5555 has 30 seconds left.\n|inactive|501JFW has 30 seconds left.\n|\n|t:|1770979659\n|move|p1a: Smeargle|Fake Out|p2b: Calyrex\n|-damage|p2b: Calyrex|97/100\n|move|p2a: Iron Valiant|Misty Terrain|p2a: Iron Valiant\n|-fieldstart|move: Misty Terrain\n|move|p1b: Muk|Minimize|p1b: Muk\n|-boost|p1b: Muk|evasion|2\n|cant|p2b: Calyrex|flinch\n|\n|-ability|p1a: Smeargle|Moody|boost\n|-boost|p1a: Smeargle|atk|2\n|-unboost|p1a: Smeargle|spa|1\n|upkeep\n|turn|2\n|inactive|Windy5555 has 30 seconds left.\n|\n|t:|1770979694\n|-terastallize|p1b: Muk|Water\n|move|p2a: Iron Valiant|Coaching|p2b: Calyrex\n|-boost|p2b: Calyrex|atk|1\n|-boost|p2b: Calyrex|def|1\n|move|p1a: Smeargle|Salt Cure|p2b: Calyrex\n|-supereffective|p2b: Calyrex\n|-damage|p2b: Calyrex|91/100\n|-start|p2b: Calyrex|Salt Cure\n|move|p1b: Muk|Minimize|p1b: Muk\n|-boost|p1b: Muk|evasion|2\n|move|p2b: Calyrex|Swords Dance|p2b: Calyrex\n|-boost|p2b: Calyrex|atk|2\n|\n|-damage|p2b: Calyrex|79/100|[from] Salt Cure\n|-ability|p1a: Smeargle|Moody|boost\n|-boost|p1a: Smeargle|def|2\n|-unboost|p1a: Smeargle|spe|1\n|upkeep\n|turn|3\n|inactive|501JFW has 30 seconds left.\n|inactive|Windy5555 has 30 seconds left.\n|\n|t:|1770979731\n|move|p2a: Iron Valiant|Coaching|p2b: Calyrex\n|-boost|p2b: Calyrex|atk|1\n|-boost|p2b: Calyrex|def|1\n|move|p1a: Smeargle|Salt Cure|p2a: Iron Valiant\n|-resisted|p2a: Iron Valiant\n|-damage|p2a: Iron Valiant|97/100\n|-start|p2a: Iron Valiant|Salt Cure\n|move|p1b: Muk|Minimize|p1b: Muk\n|-boost|p1b: Muk|evasion|2\n|move|p2b: Calyrex|Glacial Lance|p1b: Muk|[spread] p1a\n|-miss|p2b: Calyrex|p1b: Muk\n|-enditem|p1a: Smeargle|Focus Sash\n|-damage|p1a: Smeargle|1/100\n|\n|-damage|p2a: Iron Valiant|85/100|[from] Salt Cure\n|-damage|p2b: Calyrex|67/100|[from] Salt Cure\n|-ability|p1a: Smeargle|Moody|boost\n|-boost|p1a: Smeargle|spa|2\n|-unboost|p1a: Smeargle|atk|1\n|upkeep\n|turn|4\n|inactive|501JFW has 30 seconds left.\n|inactive|501JFW has 20 seconds left.\n|inactive|501JFW has 15 seconds left.\n|inactive|501JFW has 10 seconds left.\n|inactive|501JFW has 5 seconds left.\n|\n|t:|1770979786\n|move|p1a: Smeargle|Follow Me|p1a: Smeargle\n|-singleturn|p1a: Smeargle|move: Follow Me\n|move|p2a: Iron Valiant|Spirit Break|p1a: Smeargle\n|-damage|p1a: Smeargle|0 fnt\n|faint|p1a: Smeargle\n|-ability|p1b: Muk|Moody|Power of Alchemy|[from] ability: Power of Alchemy|[of] p1a: Smeargle\n|move|p2b: Calyrex|Glacial Lance|p1b: Muk|[miss]\n|-miss|p2b: Calyrex|p1b: Muk\n|move|p1b: Muk|Poison Gas|p2a: Iron Valiant|[spread] \n|-activate|p2a: Iron Valiant|move: Misty Terrain\n|-activate|p2b: Calyrex|move: Misty Terrain\n|\n|-damage|p2a: Iron Valiant|73/100|[from] Salt Cure\n|-damage|p2b: Calyrex|55/100|[from] Salt Cure\n|-ability|p1b: Muk|Moody|boost\n|-boost|p1b: Muk|spd|2\n|-unboost|p1b: Muk|spe|1\n|upkeep\n|\n|t:|1770979806\n|switch|p1a: Calyrex|Calyrex-Shadow, L50|100/100\n|-ability|p1a: Calyrex|As One\n|-ability|p1a: Calyrex|Unnerve\n|turn|5\n|\n|t:|1770979828\n|-end|p2a: Iron Valiant|Quark Drive|[silent]\n|switch|p2a: Amoonguss|Amoonguss, L50, F, shiny|100/100\n|-terastallize|p2b: Calyrex|Grass\n|move|p1a: Calyrex|Psych Up|p1b: Muk\n|-copyboost|p1a: Calyrex|p1b: Muk|[from] move: Psych Up\n|move|p1b: Muk|Knock Off|p2b: Calyrex\n|-damage|p2b: Calyrex|45/100\n|-enditem|p2b: Calyrex|Icicle Plate|[from] move: Knock Off|[of] p1b: Muk\n|move|p2b: Calyrex|Trick Room|p2b: Calyrex\n|-fieldstart|move: Trick Room|[of] p2b: Calyrex\n|\n|-damage|p2b: Calyrex|33/100|[from] Salt Cure\n|-fieldend|Misty Terrain\n|-ability|p1b: Muk|Moody|boost\n|-boost|p1b: Muk|def|2\n|-unboost|p1b: Muk|spd|1\n|upkeep\n|turn|6\n|inactive|501JFW has 30 seconds left.\n|\n|t:|1770979854\n|move|p2a: Amoonguss|Pollen Puff|p2b: Calyrex\n|-heal|p2b: Calyrex|83/100\n|move|p1b: Muk|Poison Gas|p2b: Calyrex|[spread] p2a,p2b\n|-immune|p2a: Amoonguss\n|-status|p2b: Calyrex|psn\n|move|p2b: Calyrex|Glacial Lance|p1b: Muk|[spread] \n|-miss|p2b: Calyrex|p1a: Calyrex\n|-miss|p2b: Calyrex|p1b: Muk\n|move|p1a: Calyrex|Astral Barrage|p2a: Amoonguss|[spread] p2a,p2b\n|-damage|p2a: Amoonguss|38/100\n|-damage|p2b: Calyrex|43/100 psn\n|\n|-damage|p2b: Calyrex|31/100 psn|[from] psn\n|-damage|p2b: Calyrex|19/100 psn|[from] Salt Cure\n|-ability|p1b: Muk|Moody|boost\n|-boost|p1b: Muk|def|2\n|-unboost|p1b: Muk|atk|1\n|upkeep\n|turn|7\n|inactive|501JFW has 30 seconds left.\n|\n|t:|1770979883\n|move|p2a: Amoonguss|Spore|p1a: Calyrex\n|-status|p1a: Calyrex|slp|[from] move: Spore\n|move|p1b: Muk|Knock Off|p2a: Amoonguss\n|-damage|p2a: Amoonguss|22/100\n|-damage|p1b: Muk|84/100|[from] item: Rocky Helmet|[of] p2a: Amoonguss\n|-enditem|p2a: Amoonguss|Rocky Helmet|[from] move: Knock Off|[of] p1b: Muk\n|move|p2b: Calyrex|Glacial Lance|p1a: Calyrex|[spread] p1b\n|-miss|p2b: Calyrex|p1a: Calyrex\n|-resisted|p1b: Muk\n|-damage|p1b: Muk|63/100\n|cant|p1a: Calyrex|slp\n|\n|-heal|p1b: Muk|69/100|[from] item: Leftovers\n|-damage|p2b: Calyrex|7/100 psn|[from] psn\n|-damage|p2b: Calyrex|0 fnt|[from] Salt Cure\n|faint|p2b: Calyrex\n|-ability|p1b: Muk|Moody|boost\n|-boost|p1b: Muk|def|2\n|-unboost|p1b: Muk|spd|1\n|upkeep\n|\n|t:|1770979893\n|switch|p2b: Kyogre|Kyogre, L50, shiny|100/100\n|-weather|RainDance|[from] ability: Drizzle|[of] p2b: Kyogre\n|turn|8\n|\n|t:|1770979912\n|move|p2a: Amoonguss|Clear Smog|p1b: Muk\n|-damage|p1b: Muk|55/100\n|-clearboost|p1b: Muk\n|move|p1b: Muk|Knock Off|p2b: Kyogre\n|-damage|p2b: Kyogre|67/100\n|-enditem|p2b: Kyogre|Choice Specs|[from] move: Knock Off|[of] p1b: Muk\n|move|p2b: Kyogre|Water Spout|p1b: Muk|[spread] p1a,p1b\n|-resisted|p1b: Muk\n|-damage|p1a: Calyrex|63/100 slp\n|-damage|p1b: Muk|26/100\n|cant|p1a: Calyrex|slp\n|\n|-weather|RainDance|[upkeep]\n|-heal|p1b: Muk|32/100|[from] item: Leftovers\n|-ability|p1b: Muk|Moody|boost\n|-boost|p1b: Muk|atk|2\n|-unboost|p1b: Muk|spd|1\n|upkeep\n|turn|9\n|-message|501JFW forfeited.\n|\n|win|Windy5555\n|raw|Windy5555's rating: 1414 &rarr; <strong>1439</strong><br />(+25 for winning)\n|raw|501JFW's rating: 1508 &rarr; <strong>1483</strong><br />(-25 for losing)\n|l|\u2606501JFW\n|player|p2|\n|l|\u2606Windy5555\n|player|p1|\n","uploadtime":1770980074,"views":31,"formatid":"gen9vgc2026regi","rating":1439,"private":0,"password":null}