{"id":"gen9vgc2026regi-2590401142","format":"[Gen 9] VGC 2026 Reg I","players":["Alejandro Almada","TheAndUrgeTheUrge"],"log":"|j|\u2606Alejandro Almada\n|j|\u2606TheAndUrgeTheUrge\n|t:|1776806786\n|gametype|doubles\n|player|p1|Alejandro Almada|101|1563\n|player|p2|TheAndUrgeTheUrge|265|1593\n|gen|9\n|tier|[Gen 9] VGC 2026 Reg I\n|rated|\n|rule|Species Clause: Limit one of each Pok\u00e9mon\n|rule|Item Clause: Limit 1 of each item\n|clearpoke\n|poke|p1|Lunala, L50|\n|poke|p1|Ursaluna, L50, F|\n|poke|p1|Urshifu-*, L50, M|\n|poke|p1|Miraidon, L50|\n|poke|p1|Grimmsnarl, L50, M|\n|poke|p1|Incineroar, L50, F|\n|poke|p2|Miraidon, L50|\n|poke|p2|Zamazenta-*, L50|\n|poke|p2|Incineroar, L50, F|\n|poke|p2|Rillaboom, L50, F|\n|poke|p2|Chien-Pao, L50|\n|poke|p2|Tornadus, L50, M|\n|teampreview|4\n|inactive|Battle timer is ON: inactive players will automatically lose when time's up. (requested by Alejandro Almada)\n|inactive|Alejandro Almada has 60 seconds left.\n|\n|t:|1776806820\n|teamsize|p1|4\n|teamsize|p2|4\n|start\n|switch|p1a: Lunala|Lunala, L50|100/100\n|switch|p1b: Incineroar|Incineroar, L50, F|100/100\n|switch|p2a: Zamazenta|Zamazenta-Crowned, L50, shiny|100/100\n|switch|p2b: Rillaboom|Rillaboom, L50, F, shiny|100/100\n|-ability|p2a: Zamazenta|Dauntless Shield|boost\n|-boost|p2a: Zamazenta|def|1\n|-fieldstart|move: Grassy Terrain|[from] ability: Grassy Surge|[of] p2b: Rillaboom\n|-ability|p1b: Incineroar|Intimidate|boost\n|-unboost|p2a: Zamazenta|atk|1\n|-unboost|p2b: Rillaboom|atk|1\n|turn|1\n|inactive|Alejandro Almada has 30 seconds left.\n|inactive|Alejandro Almada has 20 seconds left.\n|\n|t:|1776806855\n|switch|p2b: Incineroar|Incineroar, L50, F, shiny|100/100\n|-ability|p2b: Incineroar|Intimidate|boost\n|-unboost|p1a: Lunala|atk|1\n|-unboost|p1b: Incineroar|atk|1\n|move|p2a: Zamazenta|Protect|p2a: Zamazenta\n|-singleturn|p2a: Zamazenta|Protect\n|move|p1b: Incineroar|Fake Out|p2a: Zamazenta\n|-activate|p2a: Zamazenta|move: Protect\n|move|p1a: Lunala|Moongeist Beam|p2a: Zamazenta\n|-activate|p2a: Zamazenta|move: Protect\n|\n|upkeep\n|turn|2\n|\n|t:|1776806871\n|-terastallize|p1a: Lunala|Fairy\n|move|p2a: Zamazenta|Body Press|p1b: Incineroar\n|-supereffective|p1b: Incineroar\n|-damage|p1b: Incineroar|4/100\n|-damage|p2a: Zamazenta|84/100|[from] item: Rocky Helmet|[of] p1b: Incineroar\n|move|p1a: Lunala|Moonblast|p2a: Zamazenta\n|-damage|p2a: Zamazenta|50/100\n|move|p1b: Incineroar|Will-O-Wisp|p2a: Zamazenta\n|-status|p2a: Zamazenta|brn\n|move|p2b: Incineroar|Knock Off|p1a: Lunala\n|-resisted|p1a: Lunala\n|-damage|p1a: Lunala|94/100\n|-enditem|p1a: Lunala|Electric Seed|[from] move: Knock Off|[of] p2b: Incineroar\n|\n|-heal|p2a: Zamazenta|56/100 brn|[from] Grassy Terrain\n|-heal|p1a: Lunala|99/100|[from] Grassy Terrain\n|-heal|p1b: Incineroar|10/100|[from] Grassy Terrain\n|-damage|p2a: Zamazenta|50/100 brn|[from] brn\n|upkeep\n|turn|3\n|\n|t:|1776806894\n|switch|p1b: Urshifu|Urshifu-Rapid-Strike, L50, M|100/100\n|move|p2a: Zamazenta|Body Press|p1b: Urshifu\n|-damage|p1b: Urshifu|66/100\n|move|p1a: Lunala|Moonblast|p2b: Incineroar\n|-damage|p2b: Incineroar|63/100\n|-unboost|p2b: Incineroar|spa|1\n|move|p2b: Incineroar|Parting Shot|p1a: Lunala\n|-unboost|p1a: Lunala|atk|1\n|-unboost|p1a: Lunala|spa|1\n|\n|t:|1776806906\n|switch|p2b: Rillaboom|Rillaboom, L50, F, shiny|100/100|[from] Parting Shot\n|\n|-heal|p2a: Zamazenta|56/100 brn|[from] Grassy Terrain\n|-heal|p1b: Urshifu|72/100|[from] Grassy Terrain\n|-heal|p1a: Lunala|100/100|[from] Grassy Terrain\n|-damage|p2a: Zamazenta|50/100 brn|[from] brn\n|upkeep\n|turn|4\n|\n|t:|1776806926\n|switch|p1a: Incineroar|Incineroar, L50, F|10/100\n|-ability|p1a: Incineroar|Intimidate|boost\n|-unboost|p2a: Zamazenta|atk|1\n|-unboost|p2b: Rillaboom|atk|1\n|move|p2b: Rillaboom|Grassy Glide|p1b: Urshifu\n|-supereffective|p1b: Urshifu\n|-damage|p1b: Urshifu|24/100\n|move|p2a: Zamazenta|Heavy Slam|p1a: Incineroar\n|-resisted|p1a: Incineroar\n|-damage|p1a: Incineroar|6/100\n|-damage|p2a: Zamazenta|33/100 brn|[from] item: Rocky Helmet|[of] p1a: Incineroar\n|move|p1b: Urshifu|U-turn|p2b: Rillaboom\n|-supereffective|p2b: Rillaboom\n|-damage|p2b: Rillaboom|31/100\n|\n|t:|1776806939\n|switch|p1b: Lunala|Lunala, L50, tera:Fairy|100/100|[from] U-turn\n|\n|-heal|p2a: Zamazenta|40/100 brn|[from] Grassy Terrain\n|-heal|p2b: Rillaboom|37/100|[from] Grassy Terrain\n|-heal|p1a: Incineroar|12/100|[from] Grassy Terrain\n|-damage|p2a: Zamazenta|33/100 brn|[from] brn\n|upkeep\n|turn|5\n|\n|t:|1776806947\n|switch|p2b: Incineroar|Incineroar, L50, F, shiny|63/100\n|-ability|p2b: Incineroar|Intimidate|boost\n|-unboost|p1a: Incineroar|atk|1\n|-unboost|p1b: Lunala|atk|1\n|move|p2a: Zamazenta|Protect|p2a: Zamazenta\n|-singleturn|p2a: Zamazenta|Protect\n|move|p1b: Lunala|Moonblast|p2b: Incineroar\n|-damage|p2b: Incineroar|22/100\n|move|p1a: Incineroar|Parting Shot|p2b: Incineroar\n|-unboost|p2b: Incineroar|atk|1\n|-unboost|p2b: Incineroar|spa|1\n|\n|t:|1776806955\n|switch|p1a: Urshifu|Urshifu-Rapid-Strike, L50, M|24/100|[from] Parting Shot\n|\n|-heal|p2a: Zamazenta|40/100 brn|[from] Grassy Terrain\n|-heal|p1a: Urshifu|30/100|[from] Grassy Terrain\n|-heal|p2b: Incineroar|28/100|[from] Grassy Terrain\n|-damage|p2a: Zamazenta|33/100 brn|[from] brn\n|-fieldend|move: Grassy Terrain\n|upkeep\n|turn|6\n|inactive|TheAndUrgeTheUrge has 30 seconds left.\n|\n|t:|1776806981\n|move|p2b: Incineroar|Fake Out|p1b: Lunala\n|-crit|p1b: Lunala\n|-damage|p1b: Lunala|94/100\n|move|p2a: Zamazenta|Body Press|p1a: Urshifu\n|-damage|p1a: Urshifu|0 fnt\n|faint|p1a: Urshifu\n|cant|p1b: Lunala|flinch\n|\n|-damage|p2a: Zamazenta|27/100 brn|[from] brn\n|upkeep\n|\n|t:|1776806986\n|switch|p1a: Miraidon|Miraidon, L50|100/100\n|-fieldstart|move: Electric Terrain|[from] ability: Hadron Engine|[of] p1a: Miraidon\n|turn|7\n|\n|t:|1776807003\n|move|p2a: Zamazenta|Protect|p2a: Zamazenta\n|-singleturn|p2a: Zamazenta|Protect\n|move|p1a: Miraidon|Volt Switch|p2b: Incineroar\n|-damage|p2b: Incineroar|0 fnt\n|faint|p2b: Incineroar\n|\n|t:|1776807014\n|switch|p1a: Incineroar|Incineroar, L50, F|12/100|[from] Volt Switch\n|-ability|p1a: Incineroar|Intimidate|boost\n|-unboost|p2a: Zamazenta|atk|1\n|move|p1b: Lunala|Moonblast|p2a: Zamazenta\n|-activate|p2a: Zamazenta|move: Protect\n|\n|-damage|p2a: Zamazenta|21/100 brn|[from] brn\n|upkeep\n|\n|t:|1776807022\n|switch|p2b: Chien-Pao|Chien-Pao, L50, shiny|100/100\n|-ability|p2b: Chien-Pao|Sword of Ruin\n|turn|8\n|\n|t:|1776807040\n|-terastallize|p2b: Chien-Pao|Ghost\n|move|p1a: Incineroar|Fake Out|p2a: Zamazenta\n|-resisted|p2a: Zamazenta\n|-damage|p2a: Zamazenta|19/100 brn\n|move|p2b: Chien-Pao|Icicle Crash|p1a: Incineroar\n|-resisted|p1a: Incineroar\n|-damage|p1a: Incineroar|0 fnt\n|faint|p1a: Incineroar\n|cant|p2a: Zamazenta|flinch\n|move|p1b: Lunala|Moonblast|p2b: Chien-Pao\n|-damage|p2b: Chien-Pao|10/100\n|\n|-damage|p2a: Zamazenta|12/100 brn|[from] brn\n|upkeep\n|\n|t:|1776807048\n|switch|p1a: Miraidon|Miraidon, L50|100/100\n|-activate|p1a: Miraidon|ability: Hadron Engine\n|turn|9\n|\n|t:|1776807059\n|move|p2b: Chien-Pao|Icicle Crash|p1a: Miraidon|[miss]\n|-miss|p2b: Chien-Pao|p1a: Miraidon\n|move|p1a: Miraidon|Electro Drift|p2a: Zamazenta\n|-damage|p2a: Zamazenta|0 fnt\n|faint|p2a: Zamazenta\n|move|p1b: Lunala|Moongeist Beam|p2b: Chien-Pao\n|-supereffective|p2b: Chien-Pao\n|-damage|p2b: Chien-Pao|0 fnt\n|faint|p2b: Chien-Pao\n|\n|upkeep\n|\n|t:|1776807072\n|switch|p2b: Rillaboom|Rillaboom, L50, F, shiny|37/100\n|-fieldstart|move: Grassy Terrain|[from] ability: Grassy Surge|[of] p2b: Rillaboom\n|turn|10\n|-message|TheAndUrgeTheUrge forfeited.\n|\n|win|Alejandro Almada\n|raw|Alejandro Almada's rating: 1563 &rarr; <strong>1585</strong><br />(+22 for winning)\n|raw|TheAndUrgeTheUrge's rating: 1593 &rarr; <strong>1571</strong><br />(-22 for losing)\n|l|\u2606TheAndUrgeTheUrge\n|player|p2|\n|l|\u2606Alejandro Almada\n|player|p1|\n","uploadtime":1776807236,"views":13,"formatid":"gen9vgc2026regi","rating":1571,"private":0,"password":null}