{"id":"gen9vgc2026regi-2565677832","format":"[Gen 9] VGC 2026 Reg I","players":["Jonen","theminesoftagawa"],"log":"|j|\u2606Jonen\n|j|\u2606theminesoftagawa\n|t:|1774294649\n|gametype|doubles\n|player|p1|Jonen|medium|1560\n|player|p2|theminesoftagawa|102|1489\n|gen|9\n|tier|[Gen 9] VGC 2026 Reg I\n|rated|\n|rule|Species Clause: Limit one of each Pok\u00e9mon\n|rule|Item Clause: Limit 1 of each item\n|clearpoke\n|poke|p1|Groudon, L50|\n|poke|p1|Lunala, L50|\n|poke|p1|Sableye, L50, F|\n|poke|p1|Chi-Yu, L50|\n|poke|p1|Rillaboom, L50, M|\n|poke|p1|Jumpluff, L50, F|\n|poke|p2|Koraidon, L50|\n|poke|p2|Chi-Yu, L50|\n|poke|p2|Calyrex-Shadow, L50|\n|poke|p2|Weezing-Galar, L50, F|\n|poke|p2|Dondozo, L50, M|\n|poke|p2|Tatsugiri-Droopy, L50, M|\n|teampreview|4\n|inactive|Battle timer is ON: inactive players will automatically lose when time's up. (requested by theminesoftagawa)\n|\n|t:|1774294674\n|teamsize|p1|4\n|teamsize|p2|4\n|start\n|switch|p1a: Groudon|Groudon, L50|100/100\n|switch|p1b: Chi-Yu|Chi-Yu, L50|100/100\n|switch|p2a: Weezing|Weezing-Galar, L50, F, shiny|100/100\n|switch|p2b: Calyrex|Calyrex-Shadow, L50|100/100\n|-ability|p2a: Weezing|Neutralizing Gas\n|-ability|p2b: Calyrex|As One\n|-ability|p2b: Calyrex|Unnerve\n|turn|1\n|\n|t:|1774294683\n|move|p2b: Calyrex|Protect|p2b: Calyrex\n|-singleturn|p2b: Calyrex|Protect\n|move|p2a: Weezing|Protect|p2a: Weezing\n|-singleturn|p2a: Weezing|Protect\n|move|p1b: Chi-Yu|Snarl|p2b: Calyrex|[spread] \n|-activate|p2a: Weezing|move: Protect\n|-activate|p2b: Calyrex|move: Protect\n|move|p1a: Groudon|Substitute|p1a: Groudon\n|-start|p1a: Groudon|Substitute\n|-damage|p1a: Groudon|76/100\n|\n|upkeep\n|turn|2\n|inactive|theminesoftagawa has 30 seconds left.\n|\n|t:|1774294713\n|move|p1b: Chi-Yu|Snarl|p2a: Weezing|[spread] p2a,p2b\n|-resisted|p2a: Weezing\n|-supereffective|p2b: Calyrex\n|-damage|p2a: Weezing|87/100\n|-damage|p2b: Calyrex|9/100\n|-unboost|p2a: Weezing|spa|1\n|-unboost|p2b: Calyrex|spa|1\n|move|p2b: Calyrex|Encore|p1a: Groudon\n|-start|p1a: Groudon|Encore\n|move|p1a: Groudon|Substitute|p1a: Groudon\n|-fail|p1a: Groudon|move: Substitute\n|move|p2a: Weezing|Poison Gas||[still]|[spread] p1a,p1b\n|-fail|p2a: Weezing\n|-status|p1b: Chi-Yu|psn\n|\n|-damage|p1b: Chi-Yu|88/100 psn|[from] psn\n|upkeep\n|turn|3\n|j| bakagames\n|\n|t:|1774294729\n|move|p1b: Chi-Yu|Snarl|p2b: Calyrex|[spread] p2a,p2b\n|-resisted|p2a: Weezing\n|-supereffective|p2b: Calyrex\n|-damage|p2a: Weezing|75/100\n|-damage|p2b: Calyrex|0 fnt\n|-unboost|p2a: Weezing|spa|1\n|faint|p2b: Calyrex\n|move|p1a: Groudon|Substitute|p1a: Groudon\n|-fail|p1a: Groudon|move: Substitute\n|move|p2a: Weezing|Dazzling Gleam|p1a: Groudon|[spread] p1a,p1b\n|-activate|p1a: Groudon|move: Substitute|[damage]\n|-damage|p1b: Chi-Yu|78/100 psn\n|\n|-damage|p1b: Chi-Yu|66/100 psn|[from] psn\n|upkeep\n|\n|t:|1774294733\n|switch|p2b: Chi-Yu|Chi-Yu, L50, shiny|100/100\n|turn|4\n|l| bakagames\n|\n|t:|1774294742\n|move|p1b: Chi-Yu|Snarl|p2a: Weezing|[spread] p2a,p2b\n|-resisted|p2a: Weezing\n|-resisted|p2b: Chi-Yu\n|-damage|p2a: Weezing|62/100\n|-damage|p2b: Chi-Yu|85/100\n|-unboost|p2a: Weezing|spa|1\n|-unboost|p2b: Chi-Yu|spa|1\n|move|p2b: Chi-Yu|Snarl|p1a: Groudon|[spread] p1a,p1b\n|-resisted|p1b: Chi-Yu\n|-damage|p1a: Groudon|58/100\n|-damage|p1b: Chi-Yu|57/100 psn\n|-unboost|p1a: Groudon|spa|1\n|-unboost|p1b: Chi-Yu|spa|1\n|move|p1a: Groudon|Substitute|p1a: Groudon\n|-fail|p1a: Groudon|move: Substitute\n|move|p2a: Weezing|Toxic Spikes|p1a: Groudon\n|-sidestart|p1: Jonen|move: Toxic Spikes\n|\n|-damage|p1b: Chi-Yu|44/100 psn|[from] psn\n|-end|p1a: Groudon|Encore\n|upkeep\n|turn|5\n|\n|t:|1774294758\n|switch|p1b: Jumpluff|Jumpluff, L50, F|100/100\n|-terastallize|p2b: Chi-Yu|Ghost\n|move|p2b: Chi-Yu|Snarl|p1a: Groudon|[spread] p1a,p1b\n|-damage|p1a: Groudon|41/100\n|-damage|p1b: Jumpluff|83/100\n|-unboost|p1a: Groudon|spa|1\n|move|p1a: Groudon|Precipice Blades|p2b: Chi-Yu|[spread] p2b\n|-miss|p1a: Groudon|p2a: Weezing\n|-damage|p2b: Chi-Yu|0 fnt\n|faint|p2b: Chi-Yu\n|-damage|p1a: Groudon|31/100|[from] item: Life Orb\n|move|p2a: Weezing|Toxic Spikes|p1b: Jumpluff\n|-sidestart|p1: Jonen|move: Toxic Spikes\n|\n|upkeep\n|\n|t:|1774294769\n|switch|p2b: Koraidon|Koraidon, L50, shiny|100/100\n|-weather|SunnyDay|[from] ability: Orichalcum Pulse|[of] p2b: Koraidon\n|-activate|p2b: Koraidon|Orichalcum Pulse|[source]\n|turn|6\n|\n|t:|1774294781\n|move|p2a: Weezing|Protect|p2a: Weezing\n|-singleturn|p2a: Weezing|Protect\n|move|p2b: Koraidon|Flame Charge|p1b: Jumpluff\n|-supereffective|p1b: Jumpluff\n|-damage|p1b: Jumpluff|0 fnt\n|-boost|p2b: Koraidon|spe|1\n|faint|p1b: Jumpluff\n|move|p1a: Groudon|Precipice Blades|p2a: Weezing|[spread] p2b\n|-activate|p2a: Weezing|move: Protect\n|-damage|p2b: Koraidon|29/100\n|-damage|p1a: Groudon|22/100|[from] item: Life Orb\n|\n|-weather|SunnyDay|[upkeep]\n|upkeep\n|\n|t:|1774294787\n|switch|p1b: Chi-Yu|Chi-Yu, L50|44/100 psn\n|turn|7\n|\n|t:|1774294795\n|-terastallize|p1b: Chi-Yu|Ghost\n|move|p2b: Koraidon|Collision Course|p1b: Chi-Yu\n|-immune|p1b: Chi-Yu\n|move|p1b: Chi-Yu|Heat Wave|p2a: Weezing|[spread] p2a,p2b\n|-resisted|p2b: Koraidon\n|-damage|p2a: Weezing|0 fnt\n|-damage|p2b: Koraidon|0 fnt\n|faint|p2a: Weezing\n|-end|p2a: Weezing|ability: Neutralizing Gas\n|-ability|p1b: Chi-Yu|Beads of Ruin\n|faint|p2b: Koraidon\n|\n|win|Jonen\n|raw|Jonen's rating: 1560 &rarr; <strong>1576</strong><br />(+16 for winning)\n|raw|theminesoftagawa's rating: 1489 &rarr; <strong>1473</strong><br />(-16 for losing)\n|l|\u2606theminesoftagawa\n|player|p2|\n|l|\u2606Jonen\n|player|p1|\n","uploadtime":1774294796,"views":32,"formatid":"gen9vgc2026regi","rating":1473,"private":0,"password":null}