{"id":"gen9vgc2026regi-2560145352","format":"[Gen 9] VGC 2026 Reg I","players":["Simon0123","slumpe"],"log":"|j|\u2606Simon0123\n|j|\u2606slumpe\n|t:|1773658628\n|gametype|doubles\n|player|p1|Simon0123|benga|1194\n|player|p2|slumpe|169|1137\n|gen|9\n|tier|[Gen 9] VGC 2026 Reg I\n|rated|\n|rule|Species Clause: Limit one of each Pok\u00e9mon\n|rule|Item Clause: Limit 1 of each item\n|clearpoke\n|poke|p1|Calyrex-Shadow, L50|\n|poke|p1|Koraidon, L50|\n|poke|p1|Flutter Mane, L50|\n|poke|p1|Raging Bolt, L50|\n|poke|p1|Whimsicott, L50, M|\n|poke|p1|Chi-Yu, L50|\n|poke|p2|Kyogre, L50|\n|poke|p2|Incineroar, L50, F|\n|poke|p2|Wo-Chien, L50|\n|poke|p2|Urshifu-*, L50, M|\n|poke|p2|Iron Jugulis, L50|\n|poke|p2|Miraidon, L50|\n|teampreview|4\n|inactive|Battle timer is ON: inactive players will automatically lose when time's up. (requested by Simon0123)\n|inactive|slumpe has 60 seconds left.\nSimon0123 has agreed to open team sheets.\n|\n|t:|1773658676\n|teamsize|p1|4\n|teamsize|p2|4\n|start\n|switch|p1a: Whimsicott|Whimsicott, L50, M|100/100\n|switch|p1b: Raging Bolt|Raging Bolt, L50|100/100\n|switch|p2a: Miraidon|Miraidon, L50|100/100\n|switch|p2b: Kyogre|Kyogre, L50|100/100\n|-fieldstart|move: Electric Terrain|[from] ability: Hadron Engine|[of] p2a: Miraidon\n|-weather|RainDance|[from] ability: Drizzle|[of] p2b: Kyogre\n|turn|1\n|inactive|slumpe has 30 seconds left.\n|inactive|slumpe has 20 seconds left.\n|inactive|slumpe has 15 seconds left.\n|\n|t:|1773658717\n|-terastallize|p2a: Miraidon|Fairy\n|move|p1a: Whimsicott|Tailwind|p1a: Whimsicott\n|-sidestart|p1: Simon0123|move: Tailwind\n|move|p1b: Raging Bolt|Thunderbolt|p2b: Kyogre\n|-supereffective|p2b: Kyogre\n|-crit|p2b: Kyogre\n|-damage|p2b: Kyogre|0 fnt\n|faint|p2b: Kyogre\n|move|p2a: Miraidon|Dazzling Gleam|p1b: Raging Bolt|[spread] p1a,p1b\n|-supereffective|p1b: Raging Bolt\n|-damage|p1a: Whimsicott|1/100\n|-damage|p1b: Raging Bolt|17/100\n|-enditem|p1a: Whimsicott|Eject Button\n|\n|t:|1773658738\n|switch|p1a: Koraidon|Koraidon, L50|100/100\n|-weather|SunnyDay|[from] ability: Orichalcum Pulse|[of] p1a: Koraidon\n|-activate|p1b: Raging Bolt|ability: Protosynthesis\n|-start|p1b: Raging Bolt|protosynthesisspa\n|-activate|p1a: Koraidon|Orichalcum Pulse|[source]\n|\n|-weather|SunnyDay|[upkeep]\n|upkeep\n|\n|t:|1773658758\n|switch|p2b: Iron Jugulis|Iron Jugulis, L50|100/100\n|-activate|p2b: Iron Jugulis|ability: Quark Drive\n|-start|p2b: Iron Jugulis|quarkdrivespe\n|turn|2\n|inactive|slumpe has 30 seconds left.\n|inactive|Simon0123 has 30 seconds left.\n|\n|t:|1773658795\n|-terastallize|p1a: Koraidon|Fire\n|move|p1a: Koraidon|Collision Course|p2b: Iron Jugulis\n|-damage|p2b: Iron Jugulis|14/100\n|-damage|p1a: Koraidon|91/100|[from] item: Life Orb\n|move|p2b: Iron Jugulis|Snarl|p1a: Koraidon|[spread] p1a,p1b\n|-damage|p1a: Koraidon|72/100\n|-damage|p1b: Raging Bolt|7/100\n|-unboost|p1a: Koraidon|spa|1\n|-unboost|p1b: Raging Bolt|spa|1\n|move|p1b: Raging Bolt|Thunderbolt|p2a: Miraidon\n|-damage|p2a: Miraidon|42/100\n|move|p2a: Miraidon|Dazzling Gleam|p1a: Koraidon|[spread] p1a,p1b\n|-resisted|p1a: Koraidon\n|-supereffective|p1b: Raging Bolt\n|-damage|p1a: Koraidon|39/100\n|-damage|p1b: Raging Bolt|0 fnt\n|faint|p1b: Raging Bolt\n|-end|p1b: Raging Bolt|Protosynthesis|[silent]\n|\n|-weather|SunnyDay|[upkeep]\n|upkeep\n|inactive|Simon0123 has 30 seconds left.\n|\n|t:|1773658821\n|switch|p1b: Flutter Mane|Flutter Mane, L50|100/100\n|-activate|p1b: Flutter Mane|ability: Protosynthesis\n|-start|p1b: Flutter Mane|protosynthesisspa\n|turn|3\n|\n|t:|1773658839\n|switch|p2a: Wo-Chien|Wo-Chien, L50|100/100\n|-ability|p2a: Wo-Chien|Tablets of Ruin\n|move|p2b: Iron Jugulis|Protect|p2b: Iron Jugulis\n|-singleturn|p2b: Iron Jugulis|Protect\n|move|p1a: Koraidon|Collision Course|p2b: Iron Jugulis\n|-activate|p2b: Iron Jugulis|move: Protect\n|move|p1b: Flutter Mane|Moonblast|p2a: Wo-Chien\n|-supereffective|p2a: Wo-Chien\n|-damage|p2a: Wo-Chien|24/100\n|-unboost|p2a: Wo-Chien|spa|1\n|\n|-weather|SunnyDay|[upkeep]\n|-heal|p2a: Wo-Chien|31/100|[from] item: Leftovers\n|upkeep\n|turn|4\n|\n|t:|1773658862\n|move|p1a: Koraidon|Collision Course|p2b: Iron Jugulis\n|-damage|p2b: Iron Jugulis|0 fnt\n|faint|p2b: Iron Jugulis\n|-end|p2b: Iron Jugulis|Quark Drive|[silent]\n|-damage|p1a: Koraidon|29/100|[from] item: Life Orb\n|move|p1b: Flutter Mane|Moonblast|p2a: Wo-Chien\n|-supereffective|p2a: Wo-Chien\n|-damage|p2a: Wo-Chien|0 fnt\n|faint|p2a: Wo-Chien\n|\n|-weather|SunnyDay|[upkeep]\n|-sideend|p1: Simon0123|move: Tailwind\n|upkeep\n|\n|t:|1773658874\n|switch|p2b: Miraidon|Miraidon, L50, tera:Fairy|42/100\n|-activate|p2b: Miraidon|ability: Hadron Engine\n|turn|5\n|\n|t:|1773658898\n|move|p1a: Koraidon|Flare Blitz|p2b: Miraidon\n|-damage|p2b: Miraidon|0 fnt\n|faint|p2b: Miraidon\n|-damage|p1a: Koraidon|16/100|[from] Recoil\n|-damage|p1a: Koraidon|6/100|[from] item: Life Orb\n|\n|win|Simon0123\n|raw|Simon0123's rating: 1194 &rarr; <strong>1215</strong><br />(+21 for winning)\n|raw|slumpe's rating: 1137 &rarr; <strong>1116</strong><br />(-21 for losing)\n|l|\u2606Simon0123\n|player|p1|\n|l|\u2606slumpe\n|player|p2|\n","uploadtime":1773659284,"views":4,"formatid":"gen9vgc2026regi","rating":1116,"private":0,"password":null}