{"id":"gen9vgc2026regi-2558520148","format":"[Gen 9] VGC 2026 Reg I","players":["4legsdontcare","Sheevp"],"log":"|j|\u26064legsdontcare\n|j|\u2606Sheevp\n|t:|1773443007\n|gametype|doubles\n|player|p1|4legsdontcare|backersf|1195\n|player|p2|Sheevp|170|1229\n|gen|9\n|tier|[Gen 9] VGC 2026 Reg I\n|rated|\n|rule|Species Clause: Limit one of each Pok\u00e9mon\n|rule|Item Clause: Limit 1 of each item\n|clearpoke\n|poke|p1|Suicune, L50|\n|poke|p1|Raging Bolt, L50|\n|poke|p1|Landorus-Therian, L50, M|\n|poke|p1|Zamazenta-*, L50|\n|poke|p1|Chien-Pao, L50|\n|poke|p1|Calyrex-Shadow, L50|\n|poke|p2|Lunala, L50|\n|poke|p2|Koraidon, L50|\n|poke|p2|Flutter Mane, L50|\n|poke|p2|Brute Bonnet, L50|\n|poke|p2|Raichu, L50, F|\n|poke|p2|Heatran, L50, M|\n|teampreview|4\n|inactive|Battle timer is ON: inactive players will automatically lose when time's up. (requested by 4legsdontcare)\n|inactive|Sheevp has 60 seconds left.\n|\n|t:|1773443039\n|teamsize|p1|4\n|teamsize|p2|4\n|start\n|switch|p1a: Suicune|Suicune, L50, shiny|100/100\n|switch|p1b: Calyrex|Calyrex-Shadow, L50|100/100\n|switch|p2a: Agatha|Flutter Mane, L50, shiny|100/100\n|switch|p2b: R\u00e1pido|Koraidon, L50|100/100\n|-ability|p1b: Calyrex|As One\n|-ability|p1b: Calyrex|Unnerve\n|-weather|SunnyDay|[from] ability: Orichalcum Pulse|[of] p2b: R\u00e1pido\n|-activate|p2a: Agatha|ability: Protosynthesis\n|-start|p2a: Agatha|protosynthesisspe\n|-activate|p2b: R\u00e1pido|Orichalcum Pulse|[source]\n|turn|1\n|\n|t:|1773443055\n|switch|p2b: Brute Bonnet|Brute Bonnet, L50|100/100\n|-activate|p2b: Brute Bonnet|ability: Protosynthesis\n|-start|p2b: Brute Bonnet|protosynthesisdef\n|move|p2a: Agatha|Protect|p2a: Agatha\n|-singleturn|p2a: Agatha|Protect\n|move|p1b: Calyrex|Protect|p1b: Calyrex\n|-singleturn|p1b: Calyrex|Protect\n|move|p1a: Suicune|Tailwind|p1a: Suicune\n|-sidestart|p1: 4legsdontcare|move: Tailwind\n|\n|-weather|SunnyDay|[upkeep]\n|upkeep\n|turn|2\n|\n|t:|1773443074\n|-terastallize|p1b: Calyrex|Normal\n|move|p1b: Calyrex|Astral Barrage|p2b: Brute Bonnet|[spread] p2a,p2b\n|-supereffective|p2a: Agatha\n|-resisted|p2b: Brute Bonnet\n|-enditem|p2a: Agatha|Focus Sash\n|-damage|p2a: Agatha|1/100\n|-damage|p2b: Brute Bonnet|74/100\n|-damage|p1b: Calyrex|91/100|[from] item: Life Orb\n|move|p2a: Agatha|Shadow Ball|p1b: Calyrex\n|-immune|p1b: Calyrex\n|move|p1a: Suicune|Snarl|p2b: Brute Bonnet|[spread] p2a,p2b\n|-resisted|p2b: Brute Bonnet\n|-damage|p2a: Agatha|0 fnt\n|-damage|p2b: Brute Bonnet|71/100\n|faint|p2a: Agatha\n|-end|p2a: Agatha|Protosynthesis|[silent]\n|move|p2b: Brute Bonnet|Spore|p1b: Calyrex\n|-status|p1b: Calyrex|slp|[from] move: Spore\n|\n|-weather|SunnyDay|[upkeep]\n|upkeep\n|\n|t:|1773443077\n|switch|p2a: R\u00e1pido|Koraidon, L50|100/100\n|-activate|p2a: R\u00e1pido|ability: Orichalcum Pulse\n|turn|3\n|inactive|4legsdontcare has 30 seconds left.\n|\n|t:|1773443105\n|cant|p1b: Calyrex|slp\n|move|p1a: Suicune|Icy Wind|p2a: R\u00e1pido|[spread] p2a,p2b\n|-supereffective|p2a: R\u00e1pido\n|-supereffective|p2b: Brute Bonnet\n|-damage|p2a: R\u00e1pido|81/100\n|-damage|p2b: Brute Bonnet|59/100\n|-unboost|p2a: R\u00e1pido|spe|1\n|move|p2a: R\u00e1pido|Close Combat|p1b: Calyrex\n|-supereffective|p1b: Calyrex\n|-damage|p1b: Calyrex|0 fnt\n|-unboost|p2a: R\u00e1pido|def|1\n|-unboost|p2a: R\u00e1pido|spd|1\n|faint|p1b: Calyrex\n|-damage|p2a: R\u00e1pido|72/100|[from] item: Life Orb\n|move|p2b: Brute Bonnet|Spore|p1a: Suicune\n|-status|p1a: Suicune|slp|[from] move: Spore\n|\n|-weather|SunnyDay|[upkeep]\n|upkeep\n|\n|t:|1773443118\n|switch|p1b: Zamazenta|Zamazenta-Crowned, L50, shiny|100/100\n|-ability|p1b: Zamazenta|Dauntless Shield|boost\n|-boost|p1b: Zamazenta|def|1\n|turn|4\n|\n|t:|1773443138\n|switch|p2a: ET|Lunala, L50|100/100\n|-terastallize|p2b: Brute Bonnet|Water\n|move|p1b: Zamazenta|Body Press|p2b: Brute Bonnet\n|-damage|p2b: Brute Bonnet|24/100\n|cant|p1a: Suicune|slp\n|move|p2b: Brute Bonnet|Spore|p1b: Zamazenta\n|-status|p1b: Zamazenta|slp|[from] move: Spore\n|\n|-weather|SunnyDay|[upkeep]\n|-sideend|p1: 4legsdontcare|move: Tailwind\n|upkeep\n|turn|5\n|\n|t:|1773443149\n|cant|p1b: Zamazenta|slp\n|move|p2a: ET|Moongeist Beam|p1b: Zamazenta\n|-damage|p1b: Zamazenta|62/100 slp\n|cant|p1a: Suicune|slp\n|move|p2b: Brute Bonnet|Seed Bomb|p1a: Suicune\n|-supereffective|p1a: Suicune\n|-damage|p1a: Suicune|51/100 slp\n|\n|-weather|none\n|-end|p2b: Brute Bonnet|Protosynthesis\n|upkeep\n|turn|6\n|\n|t:|1773443165\n|cant|p1b: Zamazenta|slp\n|move|p2a: ET|Moongeist Beam|p1b: Zamazenta\n|-damage|p1b: Zamazenta|27/100 slp\n|cant|p1a: Suicune|slp\n|move|p2b: Brute Bonnet|Spore|p1a: Suicune\n|-fail|p1a: Suicune|slp\n|\n|upkeep\n|turn|7\n|\n|t:|1773443175\n|-curestatus|p1b: Zamazenta|slp|[msg]\n|move|p1b: Zamazenta|Body Press|p2b: Brute Bonnet\n|-damage|p2b: Brute Bonnet|0 fnt\n|faint|p2b: Brute Bonnet\n|-end|p2b: Brute Bonnet|Protosynthesis|[silent]\n|move|p2a: ET|Moongeist Beam|p1b: Zamazenta\n|-damage|p1b: Zamazenta|0 fnt\n|faint|p1b: Zamazenta\n|-curestatus|p1a: Suicune|slp|[msg]\n|move|p1a: Suicune|Snarl|p2a: ET\n|-supereffective|p2a: ET\n|-damage|p2a: ET|84/100\n|-unboost|p2a: ET|spa|1\n|\n|-heal|p2a: ET|90/100|[from] item: Leftovers\n|upkeep\n|\n|t:|1773443190\n|switch|p1b: Chien-Pao|Chien-Pao, L50|100/100\n|switch|p2b: R\u00e1pido|Koraidon, L50|72/100\n|-ability|p1b: Chien-Pao|Sword of Ruin\n|-weather|SunnyDay|[from] ability: Orichalcum Pulse|[of] p2b: R\u00e1pido\n|-activate|p2b: R\u00e1pido|Orichalcum Pulse|[source]\n|turn|8\n|\n|t:|1773443203\n|move|p2b: R\u00e1pido|Protect|p2b: R\u00e1pido\n|-singleturn|p2b: R\u00e1pido|Protect\n|move|p1b: Chien-Pao|Ice Spinner|p2b: R\u00e1pido\n|-activate|p2b: R\u00e1pido|move: Protect\n|move|p1a: Suicune|Icy Wind|p2a: ET|[spread] p2a\n|-activate|p2b: R\u00e1pido|move: Protect\n|-damage|p2a: ET|85/100\n|-unboost|p2a: ET|spe|1\n|move|p2a: ET|Trick Room|p2a: ET\n|-fieldstart|move: Trick Room|[of] p2a: ET\n|\n|-weather|SunnyDay|[upkeep]\n|-heal|p2a: ET|91/100|[from] item: Leftovers\n|upkeep\n|turn|9\n|inactive|4legsdontcare has 30 seconds left.\n|\n|t:|1773443229\n|move|p2a: ET|Moonblast|p1b: Chien-Pao\n|-supereffective|p1b: Chien-Pao\n|-damage|p1b: Chien-Pao|22/100\n|move|p1a: Suicune|Scald|p2b: R\u00e1pido\n|-resisted|p2b: R\u00e1pido\n|-damage|p2b: R\u00e1pido|66/100\n|move|p2b: R\u00e1pido|Breaking Swipe|p1a: Suicune|[spread] p1a,p1b\n|-damage|p1a: Suicune|10/100\n|-damage|p1b: Chien-Pao|0 fnt\n|-unboost|p1a: Suicune|atk|1\n|-enditem|p1a: Suicune|Sitrus Berry|[eat]\n|-heal|p1a: Suicune|34/100|[from] item: Sitrus Berry\n|faint|p1b: Chien-Pao\n|-damage|p2b: R\u00e1pido|56/100|[from] item: Life Orb\n|\n|-weather|SunnyDay|[upkeep]\n|-heal|p2a: ET|97/100|[from] item: Leftovers\n|upkeep\n|turn|10\n|\n|t:|1773443240\n|move|p2a: ET|Moongeist Beam|p1a: Suicune\n|-damage|p1a: Suicune|11/100\n|move|p1a: Suicune|Snarl|p2a: ET|[spread] p2a,p2b\n|-supereffective|p2a: ET\n|-resisted|p2b: R\u00e1pido\n|-damage|p2a: ET|73/100\n|-damage|p2b: R\u00e1pido|52/100\n|-unboost|p2a: ET|spa|1\n|-unboost|p2b: R\u00e1pido|spa|1\n|move|p2b: R\u00e1pido|Close Combat|p1a: Suicune\n|-damage|p1a: Suicune|0 fnt\n|-unboost|p2b: R\u00e1pido|def|1\n|-unboost|p2b: R\u00e1pido|spd|1\n|faint|p1a: Suicune\n|-damage|p2b: R\u00e1pido|42/100|[from] item: Life Orb\n|\n|win|Sheevp\n|raw|4legsdontcare's rating: 1195 &rarr; <strong>1172</strong><br />(-23 for losing)\n|raw|Sheevp's rating: 1229 &rarr; <strong>1252</strong><br />(+23 for winning)\n|l|\u26064legsdontcare\n|player|p1|\n|l|\u2606Sheevp\n|player|p2|\n","uploadtime":1773443454,"views":13,"formatid":"gen9vgc2026regi","rating":1172,"private":0,"password":null}