{"id":"gen9vgc2026regi-2518624677","format":"[Gen 9] VGC 2026 Reg I","players":["mosca9876","kojimuranishi"],"log":"|j|\u2606mosca9876\n|j|\u2606kojimuranishi\n|t:|1768410787\n|gametype|doubles\n|player|p1|mosca9876|170|1451\n|player|p2|kojimuranishi|1|1538\n|gen|9\n|tier|[Gen 9] VGC 2026 Reg I\n|rated|\n|rule|Species Clause: Limit one of each Pok\u00e9mon\n|rule|Item Clause: Limit 1 of each item\n|clearpoke\n|poke|p1|Miraidon, L50|\n|poke|p1|Calyrex-Ice, L50|\n|poke|p1|Grimmsnarl, L50, M|\n|poke|p1|Sneasler, L50, F|\n|poke|p1|Farigiraf, L50, M|\n|poke|p1|Landorus, L50, M|\n|poke|p2|Whimsicott, L50, M|\n|poke|p2|Calyrex-Ice, L50|\n|poke|p2|Miraidon, L50|\n|poke|p2|Chi-Yu, L50|\n|poke|p2|Landorus, L50, M|\n|poke|p2|Ogerpon-Cornerstone, L50, F|\n|teampreview|4\n|inactive|Battle timer is ON: inactive players will automatically lose when time's up. (requested by kojimuranishi)\n|inactive|kojimuranishi has 60 seconds left.\n|\n|t:|1768410828\n|teamsize|p1|4\n|teamsize|p2|4\n|start\n|switch|p1a: Calyrex|Calyrex-Ice, L50|100/100\n|switch|p1b: Grimmsnarl|Grimmsnarl, L50, M|100/100\n|switch|p2a: Whimsicott|Whimsicott, L50, M|100/100\n|switch|p2b: Landorus|Landorus, L50, M|100/100\n|-ability|p1a: Calyrex|As One\n|-ability|p1a: Calyrex|Unnerve\n|turn|1\n|\n|t:|1768410845\n|move|p1b: Grimmsnarl|Fake Out|p2b: Landorus\n|-damage|p2b: Landorus|88/100\n|move|p2a: Whimsicott|Moonblast|p1b: Grimmsnarl\n|-supereffective|p1b: Grimmsnarl\n|-damage|p1b: Grimmsnarl|29/100\n|cant|p2b: Landorus|flinch\n|move|p1a: Calyrex|Glacial Lance|p2b: Landorus|[spread] p2a,p2b\n|-supereffective|p2a: Whimsicott\n|-supereffective|p2b: Landorus\n|-enditem|p2a: Whimsicott|Focus Sash\n|-damage|p2a: Whimsicott|1/100\n|-damage|p2b: Landorus|0 fnt\n|faint|p2b: Landorus\n|-ability|p1a: Calyrex|Chilling Neigh|boost\n|-boost|p1a: Calyrex|atk|1\n|\n|upkeep\n|\n|t:|1768410862\n|switch|p2b: Calyrex|Calyrex-Ice, L50|100/100\n|-ability|p2b: Calyrex|As One\n|-ability|p2b: Calyrex|Unnerve\n|turn|2\n|\n|t:|1768410878\n|-terastallize|p2b: Calyrex|Ice\n|move|p2a: Whimsicott|Tailwind|p2a: Whimsicott\n|-sidestart|p2: kojimuranishi|move: Tailwind\n|move|p1b: Grimmsnarl|Scary Face|p2a: Whimsicott\n|-unboost|p2a: Whimsicott|spe|2\n|move|p2b: Calyrex|Glacial Lance|p1b: Grimmsnarl|[spread] p1a,p1b\n|-resisted|p1a: Calyrex\n|-damage|p1a: Calyrex|59/100\n|-damage|p1b: Grimmsnarl|0 fnt\n|faint|p1b: Grimmsnarl\n|-ability|p2b: Calyrex|Chilling Neigh|boost\n|-boost|p2b: Calyrex|atk|1\n|move|p1a: Calyrex|Glacial Lance|p2a: Whimsicott|[spread] p2a,p2b\n|-supereffective|p2a: Whimsicott\n|-resisted|p2b: Calyrex\n|-damage|p2a: Whimsicott|0 fnt\n|-damage|p2b: Calyrex|70/100\n|faint|p2a: Whimsicott\n|-ability|p1a: Calyrex|Chilling Neigh|boost\n|-boost|p1a: Calyrex|atk|1\n|\n|upkeep\n|\n|t:|1768410897\n|switch|p2a: Miraidon|Miraidon, L50|100/100\n|switch|p1b: Farigiraf|Farigiraf, L50, M|100/100\n|-fieldstart|move: Electric Terrain|[from] ability: Hadron Engine|[of] p2a: Miraidon\n|turn|3\n|\n|t:|1768410920\n|move|p2a: Miraidon|Snarl|p1a: Calyrex|[spread] p1a,p1b\n|-supereffective|p1a: Calyrex\n|-supereffective|p1b: Farigiraf\n|-damage|p1a: Calyrex|29/100\n|-damage|p1b: Farigiraf|59/100\n|-unboost|p1b: Farigiraf|spa|1\n|move|p2b: Calyrex|Glacial Lance|p1b: Farigiraf|[spread] p1a,p1b\n|-resisted|p1a: Calyrex\n|-damage|p1a: Calyrex|0 fnt\n|-damage|p1b: Farigiraf|0 fnt\n|faint|p1a: Calyrex\n|faint|p1b: Farigiraf\n|-ability|p2b: Calyrex|Chilling Neigh|boost\n|-boost|p2b: Calyrex|atk|2\n|\n|upkeep\n|\n|t:|1768410924\n|switch|p1b: Landorus|Landorus, L50, M|100/100\n|turn|4\n|\n|t:|1768410936\n|move|p1b: Landorus|Protect|p1b: Landorus\n|-singleturn|p1b: Landorus|Protect\n|move|p2a: Miraidon|Snarl|p1b: Landorus\n|-activate|p1b: Landorus|move: Protect\n|move|p2b: Calyrex|Glacial Lance|p1b: Landorus\n|-activate|p1b: Landorus|move: Protect\n|\n|upkeep\n|turn|5\n|\n|t:|1768410948\n|move|p2a: Miraidon|Snarl|p1b: Landorus\n|-damage|p1b: Landorus|68/100\n|-unboost|p1b: Landorus|spa|1\n|move|p2b: Calyrex|Glacial Lance|p1b: Landorus\n|-supereffective|p1b: Landorus\n|-damage|p1b: Landorus|0 fnt\n|faint|p1b: Landorus\n|\n|win|kojimuranishi\n|raw|mosca9876's rating: 1451 &rarr; <strong>1436</strong><br />(-15 for losing)\n|raw|kojimuranishi's rating: 1538 &rarr; <strong>1553</strong><br />(+15 for winning)\n|l|\u2606mosca9876\n|player|p1|\n|l|\u2606kojimuranishi\n|player|p2|\n","uploadtime":1768411104,"views":19,"formatid":"gen9vgc2026regi","rating":1436,"private":0,"password":null}