{"id":"gen9vgc2026regi-2538582022","format":"[Gen 9] VGC 2026 Reg I","players":["eye-zitt","beedees"],"log":"|j|\u2606eye-zitt\n|j|\u203dbeedees\n|t:|1770943238\n|gametype|doubles\n|player|p1|eye-zitt|hilbert|1206\n|player|p2|beedees|shauntal|1233\n|gen|9\n|tier|[Gen 9] VGC 2026 Reg I\n|rated|\n|rule|Species Clause: Limit one of each Pok\u00e9mon\n|rule|Item Clause: Limit 1 of each item\n|clearpoke\n|poke|p1|Terapagos, L50, M|\n|poke|p1|Calyrex-Shadow, L50|\n|poke|p1|Rillaboom, L50, F|\n|poke|p1|Incineroar, L50, F|\n|poke|p1|Amoonguss, L50, M|\n|poke|p1|Ogerpon-Cornerstone, L50, F|\n|poke|p2|Incineroar, L50, F|\n|poke|p2|Indeedee-F, L50, F|\n|poke|p2|Calyrex-Ice, L50|\n|poke|p2|Amoonguss, L50, F|\n|poke|p2|Annihilape, L50, M|\n|poke|p2|Zamazenta-*, L50|\n|teampreview|4\n|inactive|Battle timer is ON: inactive players will automatically lose when time's up. (requested by eye-zitt)\n|inactive|beedees has 60 seconds left.\n|\n|t:|1770943278\n|teamsize|p1|4\n|teamsize|p2|4\n|start\n|switch|p1a: Incineroar|Incineroar, L50, F|100/100\n|switch|p1b: Amoonguss|Amoonguss, L50, M|100/100\n|switch|p2a: Annihilape|Annihilape, L50, M|100/100\n|switch|p2b: Zamazenta|Zamazenta-Crowned, L50|100/100\n|-ability|p2b: Zamazenta|Dauntless Shield|boost\n|-boost|p2b: Zamazenta|def|1\n|-ability|p1a: Incineroar|Intimidate|boost\n|-unboost|p2a: Annihilape|atk|1\n|-ability|p2a: Annihilape|Defiant|boost\n|-boost|p2a: Annihilape|atk|2\n|-unboost|p2b: Zamazenta|atk|1\n|turn|1\n|inactive|beedees has 30 seconds left.\n|\n|t:|1770943311\n|switch|p2b: Incineroar|Incineroar, L50, F|100/100\n|-ability|p2b: Incineroar|Intimidate|boost\n|-unboost|p1a: Incineroar|atk|1\n|-unboost|p1b: Amoonguss|atk|1\n|-terastallize|p1a: Incineroar|Ghost\n|move|p2a: Annihilape|Close Combat|p1a: Incineroar\n|-immune|p1a: Incineroar\n|move|p1a: Incineroar|Flare Blitz|p2b: Incineroar\n|-resisted|p2b: Incineroar\n|-damage|p2b: Incineroar|84/100\n|-damage|p1a: Incineroar|95/100|[from] Recoil\n|move|p1b: Amoonguss|Spore|p2a: Annihilape\n|-status|p2a: Annihilape|slp|[from] move: Spore\n|\n|upkeep\n|turn|2\n|inactive|beedees has 30 seconds left.\n|\n|t:|1770943337\n|switch|p2a: Indeedee|Indeedee-F, L50, F|100/100\n|-fieldstart|move: Psychic Terrain|[from] ability: Psychic Surge|[of] p2a: Indeedee\n|-enditem|p2a: Indeedee|Psychic Seed\n|-boost|p2a: Indeedee|spd|1|[from] item: Psychic Seed\n|move|p1a: Incineroar|Flare Blitz|p2a: Indeedee\n|-damage|p2a: Indeedee|63/100\n|-damage|p1a: Incineroar|84/100|[from] Recoil\n|move|p2b: Incineroar|Knock Off|p1a: Incineroar\n|-supereffective|p1a: Incineroar\n|-crit|p1a: Incineroar\n|-damage|p1a: Incineroar|0 fnt\n|-enditem|p1a: Incineroar|Safety Goggles|[from] move: Knock Off|[of] p2b: Incineroar\n|faint|p1a: Incineroar\n|move|p1b: Amoonguss|Pollen Puff|p1: Incineroar|[notarget]\n|-fail|p1b: Amoonguss\n|\n|upkeep\n|\n|t:|1770943346\n|switch|p1a: Terapagos|Terapagos, L50, M|100/100\n|-activate|p1a: Terapagos|ability: Tera Shift\n|detailschange|p1a: Terapagos|Terapagos-Terastal, L50, M\n|-heal|p1a: Terapagos|100/100|[silent]\n|turn|3\n|\n|t:|1770943363\n|move|p1a: Terapagos|Calm Mind|p1a: Terapagos\n|-boost|p1a: Terapagos|spa|1\n|-boost|p1a: Terapagos|spd|1\n|move|p2b: Incineroar|Flare Blitz|p1b: Amoonguss\n|-supereffective|p1b: Amoonguss\n|-damage|p1b: Amoonguss|2/100\n|-damage|p2b: Incineroar|68/100|[from] item: Rocky Helmet|[of] p1b: Amoonguss\n|-damage|p2b: Incineroar|33/100|[from] Recoil\n|move|p1b: Amoonguss|Pollen Puff|p1a: Terapagos\n|move|p2a: Indeedee|Trick Room|p2a: Indeedee\n|-fieldstart|move: Trick Room|[of] p2a: Indeedee\n|\n|upkeep\n|turn|4\n|inactive|beedees has 30 seconds left.\n|\n|t:|1770943389\n|move|p1b: Amoonguss|Spore|p2b: Incineroar\n|-activate|p2b: Incineroar|item: Safety Goggles|Spore\n|move|p2b: Incineroar|Knock Off|p1b: Amoonguss\n|-damage|p1b: Amoonguss|0 fnt\n|-damage|p2b: Incineroar|16/100|[from] item: Rocky Helmet|[of] p1b: Amoonguss\n|-enditem|p1b: Amoonguss|Rocky Helmet|[from] move: Knock Off|[of] p2b: Incineroar\n|faint|p1b: Amoonguss\n|move|p2a: Indeedee|Heal Pulse|p2b: Incineroar\n|-heal|p2b: Incineroar|66/100\n|move|p1a: Terapagos|Calm Mind|p1a: Terapagos\n|-boost|p1a: Terapagos|spa|1\n|-boost|p1a: Terapagos|spd|1\n|\n|upkeep\n|\n|t:|1770943396\n|switch|p1b: Ogerpon|Ogerpon-Cornerstone, L50, F|100/100\n|turn|5\n|inactive|beedees has 30 seconds left.\n|\n|t:|1770943426\n|move|p2a: Indeedee|Helping Hand|p2b: Incineroar\n|-singleturn|p2b: Incineroar|Helping Hand|[of] p2a: Indeedee\n|move|p2b: Incineroar|Flare Blitz|p1b: Ogerpon\n|-ability|p1b: Ogerpon|Sturdy\n|-damage|p1b: Ogerpon|1/100\n|-status|p1b: Ogerpon|brn\n|-damage|p2b: Incineroar|41/100|[from] Recoil\n|move|p1a: Terapagos|Earth Power|p2b: Incineroar\n|-supereffective|p2b: Incineroar\n|-damage|p2b: Incineroar|0 fnt\n|faint|p2b: Incineroar\n|move|p1b: Ogerpon|Ivy Cudgel|p2a: Indeedee|[anim] Ivy Cudgel Rock\n|-damage|p2a: Indeedee|29/100\n|\n|-damage|p1b: Ogerpon|0 fnt|[from] brn\n|faint|p1b: Ogerpon\n|upkeep\n|\n|t:|1770943445\n|switch|p2b: Zamazenta|Zamazenta-Crowned, L50|100/100\n|turn|6\n|inactive|beedees has 30 seconds left.\n|\n|t:|1770943477\n|move|p2a: Indeedee|Follow Me|p2a: Indeedee\n|-singleturn|p2a: Indeedee|move: Follow Me\n|move|p1a: Terapagos|Earth Power|p2a: Indeedee\n|-damage|p2a: Indeedee|0 fnt\n|faint|p2a: Indeedee\n|move|p2b: Zamazenta|Body Press|p1a: Terapagos\n|-activate|p1a: Terapagos|ability: Tera Shell\n|-resisted|p1a: Terapagos\n|-damage|p1a: Terapagos|81/100\n|\n|-heal|p1a: Terapagos|87/100|[from] item: Leftovers\n|-fieldend|move: Psychic Terrain\n|upkeep\n|\n|t:|1770943481\n|switch|p2a: Annihilape|Annihilape, L50, M|100/100 slp\n|turn|7\n|\n|t:|1770943487\n|move|p2b: Zamazenta|Protect|p2b: Zamazenta\n|-singleturn|p2b: Zamazenta|Protect\n|move|p1a: Terapagos|Earth Power|p2b: Zamazenta\n|-activate|p2b: Zamazenta|move: Protect\n|cant|p2a: Annihilape|slp\n|\n|-heal|p1a: Terapagos|94/100|[from] item: Leftovers\n|-fieldend|move: Trick Room\n|upkeep\n|turn|8\n|\n|t:|1770943497\n|-terastallize|p2b: Zamazenta|Fighting\n|move|p1a: Terapagos|Protect|p1a: Terapagos\n|-singleturn|p1a: Terapagos|Protect\n|cant|p2a: Annihilape|slp\n|move|p2b: Zamazenta|Body Press|p1a: Terapagos\n|-activate|p1a: Terapagos|move: Protect\n|\n|-heal|p1a: Terapagos|99/100|[from] item: Leftovers\n|upkeep\n|turn|9\n|\n|t:|1770943509\n|cant|p2a: Annihilape|slp\n|move|p2b: Zamazenta|Body Press|p1a: Terapagos\n|-supereffective|p1a: Terapagos\n|-damage|p1a: Terapagos|6/100\n|move|p1a: Terapagos|Tera Starstorm|p2b: Zamazenta\n|-damage|p2b: Zamazenta|1/100\n|\n|-heal|p1a: Terapagos|12/100|[from] item: Leftovers\n|upkeep\n|turn|10\n|\n|t:|1770943524\n|-curestatus|p2a: Annihilape|slp|[msg]\n|move|p2a: Annihilape|Close Combat|p1a: Terapagos\n|-supereffective|p1a: Terapagos\n|-damage|p1a: Terapagos|0 fnt\n|-unboost|p2a: Annihilape|def|1\n|-unboost|p2a: Annihilape|spd|1\n|faint|p1a: Terapagos\n|\n|win|beedees\n|raw|eye-zitt's rating: 1206 &rarr; <strong>1183</strong><br />(-23 for losing)\n|raw|beedees's rating: 1233 &rarr; <strong>1256</strong><br />(+23 for winning)\n","uploadtime":1770943526,"views":21,"formatid":"gen9vgc2026regi","rating":1183,"private":0,"password":null}