{"id":"gen9vgc2026regi-2529363550","format":"[Gen 9] VGC 2026 Reg I","players":["blackred123","victlary"],"log":"|j|\u2606blackred123\n|j|\u203dvictlary\n|t:|1769779145\n|gametype|doubles\n|player|p1|blackred123|iono-masters|1411\n|player|p2|victlary|carmine-festival|1328\n|gen|9\n|tier|[Gen 9] VGC 2026 Reg I\n|rated|\n|rule|Species Clause: Limit one of each Pok\u00e9mon\n|rule|Item Clause: Limit 1 of each item\n|clearpoke\n|poke|p1|Calyrex-Shadow, L50|\n|poke|p1|Annihilape, L50, M|\n|poke|p1|Zamazenta-*, L50|\n|poke|p1|Tornadus, L50, M|\n|poke|p1|Rillaboom, L50, M|\n|poke|p1|Amoonguss, L50, F|\n|poke|p2|Calyrex-Shadow, L50|\n|poke|p2|Zamazenta-*, L50|\n|poke|p2|Chien-Pao, L50|\n|poke|p2|Raging Bolt, L50|\n|poke|p2|Ting-Lu, L50|\n|poke|p2|Amoonguss, L50, M|\n|teampreview|4\n|inactive|Battle timer is ON: inactive players will automatically lose when time's up. (requested by blackred123)\n|inactive|victlary has 60 seconds left.\n|\n|t:|1769779178\n|teamsize|p1|4\n|teamsize|p2|4\n|start\n|switch|p1a: \u7334|Annihilape, L50, M|100/100\n|switch|p1b: \u91d1\u8c6a\u306e\u624b\u4e0b|Rillaboom, L50, M|100/100\n|switch|p2a: Zamazenta|Zamazenta-Crowned, L50|100/100\n|switch|p2b: Ting-Lu|Ting-Lu, L50|100/100\n|-ability|p2a: Zamazenta|Dauntless Shield|boost\n|-boost|p2a: Zamazenta|def|1\n|-fieldstart|move: Grassy Terrain|[from] ability: Grassy Surge|[of] p1b: \u91d1\u8c6a\u306e\u624b\u4e0b\n|-ability|p2b: Ting-Lu|Vessel of Ruin\n|turn|1\n|inactive|victlary has 30 seconds left.\n|inactive|victlary has 20 seconds left.\n|inactive|victlary has 15 seconds left.\n|inactive|victlary has 10 seconds left.\n|inactive|victlary has 5 seconds left.\n|\n|t:|1769779233\n|move|p1b: \u91d1\u8c6a\u306e\u624b\u4e0b|Fake Out|p2b: Ting-Lu\n|-damage|p2b: Ting-Lu|94/100\n|move|p1a: \u7334|Final Gambit|p2a: Zamazenta\n|-damage|p2a: Zamazenta|0 fnt\n|faint|p1a: \u7334\n|faint|p2a: Zamazenta\n|cant|p2b: Ting-Lu|flinch\n|\n|-heal|p2b: Ting-Lu|99/100|[from] Grassy Terrain\n|upkeep\n|\n|t:|1769779249\n|switch|p2a: Chien-Pao|Chien-Pao, L50|100/100\n|switch|p1a: \u4e8c\u72d7|Zamazenta-Crowned, L50|100/100\n|-ability|p2a: Chien-Pao|Sword of Ruin\n|-ability|p1a: \u4e8c\u72d7|Dauntless Shield|boost\n|-boost|p1a: \u4e8c\u72d7|def|1\n|turn|2\n|inactive|victlary has 30 seconds left.\n|\n|t:|1769779275\n|move|p1b: \u91d1\u8c6a\u306e\u624b\u4e0b|Grassy Glide|p2a: Chien-Pao\n|-damage|p2a: Chien-Pao|54/100\n|move|p2a: Chien-Pao|Ice Spinner|p1b: \u91d1\u8c6a\u306e\u624b\u4e0b\n|-supereffective|p1b: \u91d1\u8c6a\u306e\u624b\u4e0b\n|-damage|p1b: \u91d1\u8c6a\u306e\u624b\u4e0b|0 fnt\n|-fieldend|move: Grassy Terrain\n|faint|p1b: \u91d1\u8c6a\u306e\u624b\u4e0b\n|-damage|p2a: Chien-Pao|44/100|[from] item: Life Orb\n|move|p1a: \u4e8c\u72d7|Body Press|p2a: Chien-Pao\n|-supereffective|p2a: Chien-Pao\n|-damage|p2a: Chien-Pao|0 fnt\n|faint|p2a: Chien-Pao\n|move|p2b: Ting-Lu|Whirlwind|p1a: \u4e8c\u72d7\n|drag|p1a: \u5927\u9a6c|Calyrex-Shadow, L50|100/100\n|-ability|p1a: \u5927\u9a6c|As One\n|-ability|p1a: \u5927\u9a6c|Unnerve\n|\n|upkeep\n|\n|t:|1769779291\n|switch|p2a: Calyrex|Calyrex-Shadow, L50|100/100\n|switch|p1b: \u4e8c\u72d7|Zamazenta-Crowned, L50|100/100\n|-ability|p2a: Calyrex|As One\n|-ability|p2a: Calyrex|Unnerve\n|turn|3\n|\n|t:|1769779305\n|move|p1a: \u5927\u9a6c|Protect|p1a: \u5927\u9a6c\n|-singleturn|p1a: \u5927\u9a6c|Protect\n|move|p2a: Calyrex|Protect|p2a: Calyrex\n|-singleturn|p2a: Calyrex|Protect\n|move|p1b: \u4e8c\u72d7|Body Press|p2b: Ting-Lu\n|-supereffective|p2b: Ting-Lu\n|-damage|p2b: Ting-Lu|56/100\n|move|p2b: Ting-Lu|Bulldoze|p1b: \u4e8c\u72d7|[spread] p1b\n|-activate|p2a: Calyrex|move: Protect\n|-activate|p1a: \u5927\u9a6c|move: Protect\n|-supereffective|p1b: \u4e8c\u72d7\n|-damage|p1b: \u4e8c\u72d7|81/100\n|-unboost|p1b: \u4e8c\u72d7|spe|1\n|\n|upkeep\n|turn|4\n|\n|t:|1769779327\n|-terastallize|p1a: \u5927\u9a6c|Ghost\n|move|p1a: \u5927\u9a6c|Astral Barrage|p2a: Calyrex|[spread] p2a,p2b\n|-supereffective|p2a: Calyrex\n|-crit|p2a: Calyrex\n|-resisted|p2b: Ting-Lu\n|-enditem|p2a: Calyrex|Focus Sash\n|-damage|p2a: Calyrex|1/100\n|-damage|p2b: Ting-Lu|39/100\n|move|p2a: Calyrex|Encore|p1b: \u4e8c\u72d7\n|-start|p1b: \u4e8c\u72d7|Encore\n|move|p1b: \u4e8c\u72d7|Body Press|p2a: Calyrex\n|-immune|p2a: Calyrex\n|move|p2b: Ting-Lu|Ruination|p1a: \u5927\u9a6c\n|-damage|p1a: \u5927\u9a6c|51/100\n|\n|upkeep\n|turn|5\n|inactive|victlary has 30 seconds left.\n|\n|t:|1769779361\n|-terastallize|p2b: Ting-Lu|Poison\n|move|p1a: \u5927\u9a6c|Protect|p1a: \u5927\u9a6c\n|-singleturn|p1a: \u5927\u9a6c|Protect\n|move|p2a: Calyrex|Astral Barrage|p1b: \u4e8c\u72d7|[spread] p1b\n|-activate|p1a: \u5927\u9a6c|move: Protect\n|-damage|p1b: \u4e8c\u72d7|53/100\n|move|p1b: \u4e8c\u72d7|Body Press|p2b: Ting-Lu\n|-resisted|p2b: Ting-Lu\n|-damage|p2b: Ting-Lu|28/100\n|move|p2b: Ting-Lu|Ruination|p1b: \u4e8c\u72d7\n|-damage|p1b: \u4e8c\u72d7|27/100\n|\n|upkeep\n|turn|6\n|inactive|victlary has 30 seconds left.\n|\n|t:|1769779394\n|move|p2a: Calyrex|Astral Barrage|p1b: \u4e8c\u72d7|[spread] p1a,p1b\n|-supereffective|p1a: \u5927\u9a6c\n|-crit|p1b: \u4e8c\u72d7\n|-damage|p1a: \u5927\u9a6c|0 fnt\n|-damage|p1b: \u4e8c\u72d7|0 fnt\n|faint|p1a: \u5927\u9a6c\n|faint|p1b: \u4e8c\u72d7\n|\n|win|victlary\n|raw|blackred123's rating: 1411 &rarr; <strong>1386</strong><br />(-25 for losing)\n|raw|victlary's rating: 1328 &rarr; <strong>1353</strong><br />(+25 for winning)\n|l|\u2606blackred123\n|player|p1|\n|l|\u203dvictlary\n|player|p2|\n","uploadtime":1769779533,"views":16,"formatid":"gen9vgc2026regi","rating":1353,"private":0,"password":null}