{"id":"gen9vgc2026regi-2541329050","format":"[Gen 9] VGC 2026 Reg I","players":["marcxhenry","Alex Soto's fan"],"log":"|j|\u2606marcxhenry\n|j|\u2606Alex Soto's fan\n|t:|1771318403\n|gametype|doubles\n|player|p1|marcxhenry|hilbert-wonderlauncher|1445\n|player|p2|Alex Soto's fan|2|1516\n|gen|9\n|tier|[Gen 9] VGC 2026 Reg I\n|rated|\n|rule|Species Clause: Limit one of each Pok\u00e9mon\n|rule|Item Clause: Limit 1 of each item\n|clearpoke\n|poke|p1|Calyrex-Shadow, L50|\n|poke|p1|Urshifu-*, L50, M|\n|poke|p1|Roaring Moon, L50|\n|poke|p1|Kyogre, L50|\n|poke|p1|Tsareena, L50, F|\n|poke|p1|Kingambit, L50, M|\n|poke|p2|Kyogre, L50|\n|poke|p2|Calyrex-Ice, L50|\n|poke|p2|Landorus, L50, M|\n|poke|p2|Tornadus, L50, M|\n|poke|p2|Urshifu-*, L50, M|\n|poke|p2|Rillaboom, L50, M|\n|teampreview|4\n|inactive|Battle timer is ON: inactive players will automatically lose when time's up. (requested by Alex Soto's fan)\n|\n|t:|1771318422\n|teamsize|p1|4\n|teamsize|p2|4\n|start\n|switch|p1a: Ludwig|Calyrex-Shadow, L50|100/100\n|switch|p1b: Hitmonshe|Tsareena, L50, F, shiny|100/100\n|switch|p2a: Calyrex|Calyrex-Ice, L50|100/100\n|switch|p2b: Rillaboom|Rillaboom, L50, M|100/100\n|-ability|p1a: Ludwig|As One\n|-ability|p1a: Ludwig|Unnerve\n|-ability|p2a: Calyrex|As One\n|-ability|p2a: Calyrex|Unnerve\n|-fieldstart|move: Grassy Terrain|[from] ability: Grassy Surge|[of] p2b: Rillaboom\n|turn|1\n|\n|t:|1771318440\n|-terastallize|p1b: Hitmonshe|Water\n|-terastallize|p2a: Calyrex|Grass\n|move|p2b: Rillaboom|Fake Out||[still]\n|cant|p1b: Hitmonshe|ability: Queenly Majesty|Fake Out|[of] p2b: Rillaboom\n|move|p1a: Ludwig|Astral Barrage|p2b: Rillaboom|[spread] p2a,p2b\n|-damage|p2a: Calyrex|65/100\n|-damage|p2b: Rillaboom|65/100\n|move|p1b: Hitmonshe|Triple Axel|p2b: Rillaboom\n|-supereffective|p2b: Rillaboom\n|-crit|p2b: Rillaboom\n|-damage|p2b: Rillaboom|44/100\n|-supereffective|p2b: Rillaboom\n|-damage|p2b: Rillaboom|17/100\n|-supereffective|p2b: Rillaboom\n|-damage|p2b: Rillaboom|0 fnt\n|faint|p2b: Rillaboom\n|-hitcount|p2: Rillaboom|3\n|move|p2a: Calyrex|Trick Room|p2a: Calyrex\n|-fieldstart|move: Trick Room|[of] p2a: Calyrex\n|\n|-heal|p2a: Calyrex|71/100|[from] Grassy Terrain\n|-heal|p2a: Calyrex|77/100|[from] item: Leftovers\n|upkeep\n|j| jiuhaili\n|\n|t:|1771318461\n|switch|p2b: Kyogre|Kyogre, L50|100/100\n|-weather|RainDance|[from] ability: Drizzle|[of] p2b: Kyogre\n|turn|2\n|\n|t:|1771318475\n|move|p2b: Kyogre|Protect|p2b: Kyogre\n|-singleturn|p2b: Kyogre|Protect\n|move|p1b: Hitmonshe|Protect|p1b: Hitmonshe\n|-singleturn|p1b: Hitmonshe|Protect\n|move|p1a: Ludwig|Protect|p1a: Ludwig\n|-singleturn|p1a: Ludwig|Protect\n|move|p2a: Calyrex|Glacial Lance|p1a: Ludwig|[spread] \n|-activate|p1a: Ludwig|move: Protect\n|-activate|p1b: Hitmonshe|move: Protect\n|\n|-weather|RainDance|[upkeep]\n|-heal|p2a: Calyrex|83/100|[from] Grassy Terrain\n|-heal|p2a: Calyrex|88/100|[from] item: Leftovers\n|upkeep\n|turn|3\n|\n|t:|1771318490\n|move|p2a: Calyrex|Glacial Lance|p1b: Hitmonshe|[spread] p1a,p1b\n|-resisted|p1b: Hitmonshe\n|-damage|p1a: Ludwig|37/100\n|-damage|p1b: Hitmonshe|68/100\n|move|p2b: Kyogre|Origin Pulse|p1b: Hitmonshe|[spread] p1b\n|-miss|p2b: Kyogre|p1a: Ludwig\n|-resisted|p1b: Hitmonshe\n|-damage|p1b: Hitmonshe|14/100\n|move|p1b: Hitmonshe|Power Whip|p2b: Kyogre\n|-supereffective|p2b: Kyogre\n|-damage|p2b: Kyogre|0 fnt\n|faint|p2b: Kyogre\n|move|p1a: Ludwig|Trick Room|p1a: Ludwig\n|-fieldend|move: Trick Room\n|\n|-weather|RainDance|[upkeep]\n|-heal|p1a: Ludwig|43/100|[from] Grassy Terrain\n|-heal|p1b: Hitmonshe|20/100|[from] Grassy Terrain\n|-heal|p2a: Calyrex|94/100|[from] Grassy Terrain\n|-heal|p2a: Calyrex|99/100|[from] item: Leftovers\n|upkeep\n|\n|t:|1771318498\n|switch|p2b: Urshifu|Urshifu-Rapid-Strike, L50, M|100/100\n|turn|4\n|\n|t:|1771318517\n|move|p1a: Ludwig|Psychic|p2b: Urshifu\n|-supereffective|p2b: Urshifu\n|-damage|p2b: Urshifu|0 fnt\n|faint|p2b: Urshifu\n|-ability|p1a: Ludwig|Grim Neigh|boost\n|-boost|p1a: Ludwig|spa|1\n|move|p1b: Hitmonshe|Triple Axel|p2a: Calyrex\n|-supereffective|p2a: Calyrex\n|-damage|p2a: Calyrex|90/100\n|-supereffective|p2a: Calyrex\n|-damage|p2a: Calyrex|73/100\n|-supereffective|p2a: Calyrex\n|-damage|p2a: Calyrex|46/100\n|-hitcount|p2a: Calyrex|3\n|move|p2a: Calyrex|Glacial Lance|p1b: Hitmonshe|[spread] p1a,p1b\n|-resisted|p1b: Hitmonshe\n|-damage|p1a: Ludwig|0 fnt\n|-damage|p1b: Hitmonshe|0 fnt\n|faint|p1a: Ludwig\n|faint|p1b: Hitmonshe\n|-ability|p2a: Calyrex|Chilling Neigh|boost\n|-boost|p2a: Calyrex|atk|2\n|\n|-weather|RainDance|[upkeep]\n|-heal|p2a: Calyrex|52/100|[from] Grassy Terrain\n|-heal|p2a: Calyrex|58/100|[from] item: Leftovers\n|upkeep\n|\n|t:|1771318537\n|switch|p1a: Tripitz|Kyogre, L50, shiny|100/100\n|switch|p1b: Hermann|Kingambit, L50, M, shiny|100/100\n|turn|5\n|-message|Alex Soto's fan forfeited.\n|\n|win|marcxhenry\n|raw|marcxhenry's rating: 1445 &rarr; <strong>1469</strong><br />(+24 for winning)\n|raw|Alex Soto&apos;s fan's rating: 1516 &rarr; <strong>1492</strong><br />(-24 for losing)\n|l|\u2606Alex Soto's fan\n|player|p2|\n|j|\u2606Alex Soto's fan\n|player|p2|Alex Soto's fan|2|\n|l|\u2606Alex Soto's fan\n|player|p2|\n|l|\u2606marcxhenry\n|player|p1|\n","uploadtime":1771318597,"views":16,"formatid":"gen9vgc2026regi","rating":1469,"private":0,"password":null}