{"id":"gen9vgc2026regi-2532781171","format":"[Gen 9] VGC 2026 Reg I","players":["lalo's pollos","steviesdad2"],"log":"|j|\u2606lalo's pollos\n|j|\u2606steviesdad2\n|t:|1770223908\n|gametype|doubles\n|player|p1|lalo's pollos|101|1464\n|player|p2|steviesdad2|101|1333\n|gen|9\n|tier|[Gen 9] VGC 2026 Reg I\n|rated|\n|rule|Species Clause: Limit one of each Pok\u00e9mon\n|rule|Item Clause: Limit 1 of each item\n|clearpoke\n|poke|p1|Zamazenta-*, L50|\n|poke|p1|Lunala, L50|\n|poke|p1|Rillaboom, L50, F|\n|poke|p1|Incineroar, L50, F|\n|poke|p1|Urshifu-*, L50, F|\n|poke|p1|Tornadus, L50, M|\n|poke|p2|Farigiraf, L50, M|\n|poke|p2|Miraidon, L50|\n|poke|p2|Urshifu-*, L50, M|\n|poke|p2|Calyrex-Ice, L50|\n|poke|p2|Ogerpon-Wellspring, L50, F|\n|poke|p2|Whimsicott, L50, F|\n|teampreview|4\n|inactive|Battle timer is ON: inactive players will automatically lose when time's up. (requested by steviesdad2)\n|\n|t:|1770223934\n|teamsize|p1|4\n|teamsize|p2|4\n|start\n|switch|p1a: Zamazenta|Zamazenta-Crowned, L50|100/100\n|switch|p1b: Rillaboom|Rillaboom, L50, F|100/100\n|switch|p2a: Farigiraf|Farigiraf, L50, M|100/100\n|switch|p2b: Miraidon|Miraidon, L50|100/100\n|-fieldstart|move: Electric Terrain|[from] ability: Hadron Engine|[of] p2b: Miraidon\n|-ability|p1a: Zamazenta|Dauntless Shield|boost\n|-boost|p1a: Zamazenta|def|1\n|-fieldstart|move: Grassy Terrain|[from] ability: Grassy Surge|[of] p1b: Rillaboom\n|turn|1\n|\n|t:|1770223944\n|move|p2b: Miraidon|Volt Switch|p1a: Zamazenta\n|-damage|p1a: Zamazenta|67/100\n|-damage|p2b: Miraidon|91/100|[from] item: Life Orb\n|\n|t:|1770223950\n|switch|p2b: Calyrex|Calyrex-Ice, L50|100/100|[from] Volt Switch\n|-ability|p2b: Calyrex|As One\n|-ability|p2b: Calyrex|Unnerve\n|move|p1a: Zamazenta|Body Press|p2a: Farigiraf\n|-damage|p2a: Farigiraf|21/100\n|move|p1b: Rillaboom|Wood Hammer|p2a: Farigiraf\n|-damage|p2a: Farigiraf|0 fnt\n|faint|p2a: Farigiraf\n|-damage|p1b: Rillaboom|93/100|[from] Recoil\n|\n|-heal|p1a: Zamazenta|73/100|[from] Grassy Terrain\n|-heal|p1b: Rillaboom|99/100|[from] Grassy Terrain\n|upkeep\n|\n|t:|1770223960\n|switch|p2a: Miraidon|Miraidon, L50|91/100\n|-fieldstart|move: Electric Terrain|[from] ability: Hadron Engine|[of] p2a: Miraidon\n|turn|2\n|\n|t:|1770223966\n|switch|p1b: Incineroar|Incineroar, L50, F|100/100\n|-ability|p1b: Incineroar|Intimidate|boost\n|-unboost|p2a: Miraidon|atk|1\n|-fail|p2b: Calyrex|unboost|[from] item: Clear Amulet|[of] p2b: Calyrex\n|-terastallize|p2a: Miraidon|Electric\n|move|p1a: Zamazenta|Protect|p1a: Zamazenta\n|-singleturn|p1a: Zamazenta|Protect\n|move|p2a: Miraidon|Electro Drift|p1a: Zamazenta\n|-activate|p1a: Zamazenta|move: Protect\n|move|p2b: Calyrex|Glacial Lance|p1a: Zamazenta|[spread] p1b\n|-activate|p1a: Zamazenta|move: Protect\n|-resisted|p1b: Incineroar\n|-damage|p1b: Incineroar|73/100\n|\n|upkeep\n|turn|3\n|inactive|lalo's pollos has 30 seconds left.\n|\n|t:|1770223992\n|move|p2b: Calyrex|Protect|p2b: Calyrex\n|-singleturn|p2b: Calyrex|Protect\n|move|p2a: Miraidon|Electro Drift|p1b: Incineroar\n|-crit|p1b: Incineroar\n|-damage|p1b: Incineroar|0 fnt\n|faint|p1b: Incineroar\n|-damage|p2a: Miraidon|81/100|[from] item: Life Orb\n|move|p1a: Zamazenta|Body Press|p2b: Calyrex\n|-activate|p2b: Calyrex|move: Protect\n|\n|upkeep\n|\n|t:|1770223996\n|switch|p1b: Rillaboom|Rillaboom, L50, F|99/100\n|-fieldstart|move: Grassy Terrain|[from] ability: Grassy Surge|[of] p1b: Rillaboom\n|turn|4\n|\n|t:|1770224006\n|switch|p2a: Urshifu|Urshifu, L50, M|100/100\n|move|p1a: Zamazenta|Body Press|p2b: Calyrex\n|-damage|p2b: Calyrex|58/100\n|move|p1b: Rillaboom|Wood Hammer|p2b: Calyrex\n|-crit|p2b: Calyrex\n|-damage|p2b: Calyrex|0 fnt\n|faint|p2b: Calyrex\n|-damage|p1b: Rillaboom|80/100|[from] Recoil\n|\n|-heal|p1a: Zamazenta|79/100|[from] Grassy Terrain\n|-heal|p1b: Rillaboom|86/100|[from] Grassy Terrain\n|upkeep\n|\n|t:|1770224014\n|switch|p2b: Miraidon|Miraidon, L50, tera:Electric|81/100\n|-fieldstart|move: Electric Terrain|[from] ability: Hadron Engine|[of] p2b: Miraidon\n|turn|5\n|\n|t:|1770224029\n|move|p2b: Miraidon|Electro Drift|p1a: Zamazenta\n|-damage|p1a: Zamazenta|0 fnt\n|faint|p1a: Zamazenta\n|-damage|p2b: Miraidon|71/100|[from] item: Life Orb\n|move|p2a: Urshifu|Wicked Blow|p1b: Rillaboom\n|-crit|p1b: Rillaboom\n|-damage|p1b: Rillaboom|43/100\n|move|p1b: Rillaboom|U-turn|p2a: Urshifu\n|-damage|p2a: Urshifu|79/100\n|\n|t:|1770224036\n|switch|p1b: Lunala|Lunala, L50|100/100|[from] U-turn\n|\n|upkeep\n|\n|t:|1770224037\n|switch|p1a: Rillaboom|Rillaboom, L50, F|43/100\n|-fieldstart|move: Grassy Terrain|[from] ability: Grassy Surge|[of] p1a: Rillaboom\n|turn|6\n|\n|t:|1770224049\n|-terastallize|p1b: Lunala|Fairy\n|move|p2b: Miraidon|Protect|p2b: Miraidon\n|-singleturn|p2b: Miraidon|Protect\n|move|p2a: Urshifu|Protect|p2a: Urshifu\n|-singleturn|p2a: Urshifu|Protect\n|move|p1a: Rillaboom|Fake Out|p2b: Miraidon\n|-activate|p2b: Miraidon|move: Protect\n|move|p1b: Lunala|Moonblast|p2b: Miraidon\n|-activate|p2b: Miraidon|move: Protect\n|\n|-heal|p2b: Miraidon|77/100|[from] Grassy Terrain\n|-heal|p2a: Urshifu|85/100|[from] Grassy Terrain\n|-heal|p1a: Rillaboom|49/100|[from] Grassy Terrain\n|upkeep\n|turn|7\n|\n|t:|1770224056\n|move|p2b: Miraidon|Electro Drift|p1b: Lunala\n|-damage|p1b: Lunala|66/100\n|-damage|p2b: Miraidon|67/100|[from] item: Life Orb\n|move|p2a: Urshifu|Wicked Blow|p1a: Rillaboom\n|-crit|p1a: Rillaboom\n|-damage|p1a: Rillaboom|3/100\n|move|p1b: Lunala|Moonblast|p2a: Urshifu\n|-supereffective|p2a: Urshifu\n|-damage|p2a: Urshifu|0 fnt\n|faint|p2a: Urshifu\n|move|p1a: Rillaboom|Wood Hammer|p2b: Miraidon\n|-damage|p2b: Miraidon|0 fnt\n|faint|p2b: Miraidon\n|-damage|p1a: Rillaboom|0 fnt|[from] Recoil\n|faint|p1a: Rillaboom\n|\n|win|lalo's pollos\n|raw|lalo&apos;s pollos's rating: 1464 &rarr; <strong>1477</strong><br />(+13 for winning)\n|raw|steviesdad2's rating: 1333 &rarr; <strong>1320</strong><br />(-13 for losing)\n|c|\u2606lalo's pollos|sry for crit\n","uploadtime":1770224075,"views":13,"formatid":"gen9vgc2026regi","rating":1320,"private":0,"password":null}