{"id":"gen9vgc2026regi-2560536561","format":"[Gen 9] VGC 2026 Reg I","players":["lastplacemonterrey","Mirthinion"],"log":"|j|\u2606lastplacemonterrey\n|j|\u2606Mirthinion\n|t:|1773696953\n|gametype|doubles\n|player|p1|lastplacemonterrey|lady-gen4|1378\n|player|p2|Mirthinion|janitor|1357\n|gen|9\n|tier|[Gen 9] VGC 2026 Reg I\n|rated|\n|rule|Species Clause: Limit one of each Pok\u00e9mon\n|rule|Item Clause: Limit 1 of each item\n|clearpoke\n|poke|p1|Calyrex-Shadow, L50|\n|poke|p1|Zamazenta-*, L50|\n|poke|p1|Chien-Pao, L50|\n|poke|p1|Raging Bolt, L50|\n|poke|p1|Ogerpon-Cornerstone, L50, F|\n|poke|p1|Amoonguss, L50, F|\n|poke|p2|Calyrex-Shadow, L50|\n|poke|p2|Zamazenta-*, L50|\n|poke|p2|Urshifu-*, L50, M|\n|poke|p2|Incineroar, L50, M|\n|poke|p2|Rillaboom, L50, M|\n|poke|p2|Tornadus, L50, M|\n|teampreview|4\n|inactive|Battle timer is ON: inactive players will automatically lose when time's up. (requested by Mirthinion)\nMirthinion rejected open team sheets.\n|inactive|Mirthinion has 60 seconds left.\n|\n|t:|1773697002\n|teamsize|p1|4\n|teamsize|p2|4\n|start\n|switch|p1a: Chien-Pao|Chien-Pao, L50|100/100\n|switch|p1b: Zamazenta|Zamazenta-Crowned, L50|100/100\n|switch|p2a: Vangwe|Tornadus, L50, M|100/100\n|switch|p2b: Mithrandir|Calyrex-Shadow, L50|100/100\n|-ability|p2b: Mithrandir|As One\n|-ability|p2b: Mithrandir|Unnerve\n|-ability|p1a: Chien-Pao|Sword of Ruin\n|-ability|p1b: Zamazenta|Dauntless Shield|boost\n|-boost|p1b: Zamazenta|def|1\n|turn|1\n|\n|t:|1773697021\n|-terastallize|p2a: Vangwe|Steel\n|move|p2b: Mithrandir|Protect|p2b: Mithrandir\n|-singleturn|p2b: Mithrandir|Protect\n|move|p2a: Vangwe|Tailwind|p2a: Vangwe\n|-sidestart|p2: Mirthinion|move: Tailwind\n|move|p1a: Chien-Pao|Ice Spinner|p2a: Vangwe\n|-resisted|p2a: Vangwe\n|-damage|p2a: Vangwe|75/100\n|move|p1b: Zamazenta|Behemoth Bash|p2b: Mithrandir\n|-activate|p2b: Mithrandir|move: Protect\n|\n|upkeep\n|turn|2\n|inactive|Mirthinion has 30 seconds left.\n|\n|t:|1773697048\n|switch|p2b: Drambor|Zamazenta-Crowned, L50|100/100\n|-ability|p2b: Drambor|Dauntless Shield|boost\n|-boost|p2b: Drambor|def|1\n|move|p1a: Chien-Pao|Sucker Punch||[still]\n|-fail|p1a: Chien-Pao\n|move|p2a: Vangwe|Bleakwind Storm|p1a: Chien-Pao|[spread] p1a,p1b\n|-damage|p1a: Chien-Pao|70/100\n|-damage|p1b: Zamazenta|76/100\n|-unboost|p1b: Zamazenta|spe|1\n|move|p1b: Zamazenta|Body Press|p2a: Vangwe\n|-supereffective|p2a: Vangwe\n|-damage|p2a: Vangwe|0 fnt\n|faint|p2a: Vangwe\n|\n|upkeep\n|inactive|Mirthinion has 30 seconds left.\n|inactive|Mirthinion has 20 seconds left.\n|inactive|Mirthinion has 15 seconds left.\n|\n|t:|1773697092\n|switch|p2a: Beowulf|Urshifu-Rapid-Strike, L50, M|100/100\n|turn|3\n|inactive|Mirthinion has 30 seconds left.\n|\n|t:|1773697118\n|-terastallize|p1b: Zamazenta|Dragon\n|move|p2b: Drambor|Behemoth Bash|p1a: Chien-Pao\n|-supereffective|p1a: Chien-Pao\n|-damage|p1a: Chien-Pao|0 fnt\n|faint|p1a: Chien-Pao\n|move|p2a: Beowulf|Close Combat|p1b: Zamazenta\n|-damage|p1b: Zamazenta|37/100\n|-unboost|p2a: Beowulf|def|1\n|-unboost|p2a: Beowulf|spd|1\n|move|p1b: Zamazenta|Body Press|p2b: Drambor\n|-supereffective|p2b: Drambor\n|-damage|p2b: Drambor|45/100\n|\n|upkeep\n|\n|t:|1773697123\n|switch|p1a: Shahar|Raging Bolt, L50|100/100\n|-enditem|p1a: Shahar|Booster Energy\n|-activate|p1a: Shahar|ability: Protosynthesis|[fromitem]\n|-start|p1a: Shahar|protosynthesisspa\n|turn|4\n|\n|t:|1773697143\n|switch|p2a: Mithrandir|Calyrex-Shadow, L50|100/100\n|-ability|p2a: Mithrandir|As One\n|-ability|p2a: Mithrandir|Unnerve\n|move|p2b: Drambor|Body Press|p1a: Shahar\n|-damage|p1a: Shahar|46/100\n|move|p1a: Shahar|Thunderbolt|p2a: Mithrandir\n|-damage|p2a: Mithrandir|43/100\n|move|p1b: Zamazenta|Behemoth Bash|p2a: Mithrandir\n|-damage|p2a: Mithrandir|1/100\n|\n|-sideend|p2: Mirthinion|move: Tailwind\n|upkeep\n|turn|5\n|\n|t:|1773697160\n|move|p1a: Shahar|Thunderclap||[still]\n|-fail|p1a: Shahar\n|move|p2a: Mithrandir|Nasty Plot|p2a: Mithrandir\n|-boost|p2a: Mithrandir|spa|2\n|move|p2b: Drambor|Body Press|p1a: Shahar\n|-damage|p1a: Shahar|0 fnt\n|faint|p1a: Shahar\n|-end|p1a: Shahar|Protosynthesis|[silent]\n|move|p1b: Zamazenta|Body Press|p2b: Drambor\n|-supereffective|p2b: Drambor\n|-damage|p2b: Drambor|0 fnt\n|faint|p2b: Drambor\n|\n|upkeep\n|\n|t:|1773697172\n|switch|p2b: Beowulf|Urshifu-Rapid-Strike, L50, M|100/100\n|switch|p1a: Calyrex|Calyrex-Shadow, L50|100/100\n|-ability|p1a: Calyrex|As One\n|-ability|p1a: Calyrex|Unnerve\n|turn|6\n|inactive|Mirthinion has 30 seconds left.\n|\n|t:|1773697198\n|move|p2b: Beowulf|Aqua Jet|p1a: Calyrex\n|-damage|p1a: Calyrex|64/100\n|move|p1a: Calyrex|Astral Barrage|p2b: Beowulf|[spread] p2a,p2b\n|-supereffective|p2a: Mithrandir\n|-crit|p2b: Beowulf\n|-damage|p2a: Mithrandir|0 fnt\n|-damage|p2b: Beowulf|0 fnt\n|faint|p2a: Mithrandir\n|faint|p2b: Beowulf\n|\n|win|lastplacemonterrey\n|raw|lastplacemonterrey's rating: 1378 &rarr; <strong>1397</strong><br />(+19 for winning)\n|raw|Mirthinion's rating: 1357 &rarr; <strong>1338</strong><br />(-19 for losing)\n|l|\u2606lastplacemonterrey\n|player|p1|\n|c|\u2606Mirthinion|gg\n","uploadtime":1773697213,"views":91,"formatid":"gen9vgc2026regi","rating":1338,"private":0,"password":null}