{"id":"gen9vgc2026regi-2530590640","format":"[Gen 9] VGC 2026 Reg I","players":["BOMAtheFireEnjoyer","ky123456"],"log":"|j|\u2606BOMAtheFireEnjoyer\n|j|\u2606ky123456\n|t:|1769945489\n|gametype|doubles\n|player|p1|BOMAtheFireEnjoyer|n|1362\n|player|p2|ky123456|cynthia-gen4|1484\n|gen|9\n|tier|[Gen 9] VGC 2026 Reg I\n|rated|\n|rule|Species Clause: Limit one of each Pok\u00e9mon\n|rule|Item Clause: Limit 1 of each item\n|clearpoke\n|poke|p1|Reshiram, L50|\n|poke|p1|Groudon, L50|\n|poke|p1|Walking Wake, L50|\n|poke|p1|Iron Hands, L50|\n|poke|p1|Farigiraf, L50, F|\n|poke|p1|Whimsicott, L50, M|\n|poke|p2|Lunala, L50|\n|poke|p2|Torkoal, L50, M|\n|poke|p2|Urshifu-*, L50, M|\n|poke|p2|Indeedee-F, L50, F|\n|poke|p2|Calyrex-Ice, L50|\n|poke|p2|Smeargle, L50, M|\n|teampreview|4\n|j| riyuezi\n|\n|t:|1769945521\n|teamsize|p1|4\n|teamsize|p2|4\n|start\n|switch|p1a: Reshiram|Reshiram, L50|100/100\n|switch|p1b: Groudon|Groudon, L50|100/100\n|switch|p2a: Calyrex|Calyrex-Ice, L50|100/100\n|switch|p2b: Indeedee|Indeedee-F, L50, F|100/100\n|-ability|p2a: Calyrex|As One\n|-ability|p2a: Calyrex|Unnerve\n|-ability|p1a: Reshiram|Turboblaze\n|-weather|SunnyDay|[from] ability: Drought|[of] p1b: Groudon\n|-fieldstart|move: Psychic Terrain|[from] ability: Psychic Surge|[of] p2b: Indeedee\n|turn|1\n|\n|t:|1769945527\n|-terastallize|p1a: Reshiram|Fire\n|move|p2b: Indeedee|Follow Me|p2b: Indeedee\n|-singleturn|p2b: Indeedee|move: Follow Me\n|move|p1a: Reshiram|Heat Wave|p2b: Indeedee|[spread] p2a,p2b\n|-supereffective|p2a: Calyrex\n|-damage|p2a: Calyrex|0 fnt\n|-damage|p2b: Indeedee|0 fnt\n|faint|p2a: Calyrex\n|faint|p2b: Indeedee\n|move|p1b: Groudon|Precipice Blades|p2: Calyrex|[notarget]\n|-fail|p1b: Groudon\n|\n|-weather|SunnyDay|[upkeep]\n|upkeep\n|\n|t:|1769945534\n|switch|p2b: Torkoal|Torkoal, L50, M|100/100\n|switch|p2a: Lunala|Lunala, L50|100/100\n|turn|2\n|\n|t:|1769945547\n|switch|p1a: Iron Hands|Iron Hands, L50|100/100\n|move|p1b: Groudon|Heat Crash|p2a: Lunala\n|-damage|p2a: Lunala|75/100\n|move|p2a: Lunala|Meteor Beam||[still]\n|-prepare|p2a: Lunala|Meteor Beam\n|-boost|p2a: Lunala|spa|1\n|-enditem|p2a: Lunala|Power Herb\n|-anim|p2a: Lunala|Meteor Beam|p1a: Iron Hands\n|-resisted|p1a: Iron Hands\n|-damage|p1a: Iron Hands|83/100\n|move|p2b: Torkoal|Weather Ball|p1b: Groudon\n|-damage|p1b: Groudon|21/100\n|\n|-weather|SunnyDay|[upkeep]\n|upkeep\n|turn|3\n|\n|t:|1769945565\n|move|p1b: Groudon|Heat Crash|p2a: Lunala\n|-damage|p2a: Lunala|28/100\n|move|p2a: Lunala|Expanding Force|p1b: Groudon|[spread] p1a,p1b\n|-supereffective|p1a: Iron Hands\n|-damage|p1a: Iron Hands|0 fnt\n|-damage|p1b: Groudon|0 fnt\n|faint|p1a: Iron Hands\n|-end|p1a: Iron Hands|Quark Drive|[silent]\n|faint|p1b: Groudon\n|move|p2b: Torkoal|Weather Ball|p1: Iron Hands|[notarget]\n|-fail|p2b: Torkoal\n|\n|-weather|SunnyDay|[upkeep]\n|upkeep\n|\n|t:|1769945570\n|switch|p1b: Farigiraf|Farigiraf, L50, F|100/100\n|switch|p1a: Reshiram|Reshiram, L50, tera:Fire|100/100\n|-ability|p1a: Reshiram|Turboblaze\n|turn|4\n|l| riyuezi\n|\n|t:|1769945579\n|move|p1a: Reshiram|Dragon Pulse|p2a: Lunala\n|-damage|p2a: Lunala|0 fnt\n|faint|p2a: Lunala\n|move|p1b: Farigiraf|Psychic|p2b: Torkoal\n|-damage|p2b: Torkoal|21/100\n|move|p2b: Torkoal|Weather Ball|p1b: Farigiraf\n|-damage|p1b: Farigiraf|11/100\n|\n|-weather|SunnyDay|[upkeep]\n|upkeep\n|turn|5\n|\n|t:|1769945589\n|move|p1a: Reshiram|Dragon Pulse|p2b: Torkoal\n|-damage|p2b: Torkoal|0 fnt\n|faint|p2b: Torkoal\n|\n|win|BOMAtheFireEnjoyer\n|raw|BOMAtheFireEnjoyer's rating: 1362 &rarr; <strong>1389</strong><br />(+27 for winning)\n|raw|ky123456's rating: 1484 &rarr; <strong>1457</strong><br />(-27 for losing)\n|l|\u2606ky123456\n|player|p2|\n|l|\u2606BOMAtheFireEnjoyer\n|player|p1|\n","uploadtime":1769945764,"views":20,"formatid":"gen9vgc2026regi","rating":1389,"private":0,"password":null}