{"id":"gen9vgc2026regi-2590998295","format":"[Gen 9] VGC 2026 Reg I","players":["24kpure","Luca8"],"log":"|j|\u260624kpure\n|j|\u2606Luca8\n|t:|1776867463\n|gametype|doubles\n|player|p1|24kpure|170|1640\n|player|p2|Luca8|flint|1507\n|gen|9\n|tier|[Gen 9] VGC 2026 Reg I\n|rated|\n|rule|Species Clause: Limit one of each Pok\u00e9mon\n|rule|Item Clause: Limit 1 of each item\n|clearpoke\n|poke|p1|Muk-Alola, L50, F|\n|poke|p1|Smeargle, L50, M|\n|poke|p1|Rillaboom, L50, F|\n|poke|p1|Flamigo, L50, F|\n|poke|p1|Koraidon, L50|\n|poke|p1|Incineroar, L50, F|\n|poke|p2|Zamazenta-*, L50|\n|poke|p2|Indeedee-F, L50, F|\n|poke|p2|Torkoal, L50, F|\n|poke|p2|Calyrex-Shadow, L50|\n|poke|p2|Pelipper, L50, M|\n|poke|p2|Tornadus, L50, M|\n|teampreview|4\n|inactive|Battle timer is ON: inactive players will automatically lose when time's up. (requested by 24kpure)\n|\n|t:|1776867499\n|teamsize|p1|4\n|teamsize|p2|4\n|start\n|switch|p1a: Muk|Muk-Alola, L50, F|100/100\n|switch|p1b: Smeargle|Smeargle, L50, M|100/100\n|switch|p2a: Tornadus|Tornadus, L50, M|100/100\n|switch|p2b: Pelipper|Pelipper, L50, M|100/100\n|-weather|RainDance|[from] ability: Drizzle|[of] p2b: Pelipper\n|turn|1\n|\n|t:|1776867531\n|-terastallize|p2a: Tornadus|Grass\n|move|p1b: Smeargle|Fake Out|p2b: Pelipper\n|-damage|p2b: Pelipper|95/100\n|move|p2a: Tornadus|Tailwind|p2a: Tornadus\n|-sidestart|p2: Luca8|move: Tailwind\n|cant|p2b: Pelipper|flinch\n|move|p1a: Muk|Minimize|p1a: Muk\n|-boost|p1a: Muk|evasion|2\n|\n|-weather|RainDance|[upkeep]\n|-ability|p1b: Smeargle|Moody|boost\n|-boost|p1b: Smeargle|def|2\n|-unboost|p1b: Smeargle|spa|1\n|upkeep\n|turn|2\n|inactive|24kpure has 30 seconds left.\n|\n|t:|1776867562\n|move|p1b: Smeargle|Wide Guard|p1b: Smeargle\n|-singleturn|p1b: Smeargle|Wide Guard\n|move|p2a: Tornadus|Bleakwind Storm|p1b: Smeargle|[spread] \n|-activate|p1a: Muk|move: Wide Guard\n|-activate|p1b: Smeargle|move: Wide Guard\n|move|p2b: Pelipper|Muddy Water|p1a: Muk|[spread] \n|-activate|p1a: Muk|move: Wide Guard\n|-activate|p1b: Smeargle|move: Wide Guard\n|move|p1a: Muk|Minimize|p1a: Muk\n|-boost|p1a: Muk|evasion|2\n|\n|-weather|RainDance|[upkeep]\n|-ability|p1b: Smeargle|Moody|boost\n|-boost|p1b: Smeargle|spa|2\n|-unboost|p1b: Smeargle|atk|1\n|upkeep\n|turn|3\n|\n|t:|1776867582\n|move|p2a: Tornadus|Sludge Bomb|p1b: Smeargle\n|-damage|p1b: Smeargle|46/100\n|move|p2b: Pelipper|Hurricane|p1a: Muk\n|-damage|p1a: Muk|62/100\n|move|p1b: Smeargle|Spore|p2b: Pelipper\n|-status|p2b: Pelipper|slp|[from] move: Spore\n|move|p1a: Muk|Toxic|p2a: Tornadus\n|-status|p2a: Tornadus|tox\n|\n|-weather|RainDance|[upkeep]\n|-heal|p1a: Muk|68/100|[from] item: Leftovers\n|-damage|p2a: Tornadus|95/100 tox|[from] psn\n|-ability|p1b: Smeargle|Moody|boost\n|-boost|p1b: Smeargle|spd|2\n|-unboost|p1b: Smeargle|spe|1\n|upkeep\n|turn|4\n|\n|t:|1776867601\n|move|p1b: Smeargle|Wide Guard|p1b: Smeargle\n|-singleturn|p1b: Smeargle|Wide Guard\n|move|p2a: Tornadus|Bleakwind Storm|p1a: Muk|[spread] \n|-activate|p1a: Muk|move: Wide Guard\n|-activate|p1b: Smeargle|move: Wide Guard\n|cant|p2b: Pelipper|slp\n|move|p1a: Muk|Minimize|p1a: Muk\n|-boost|p1a: Muk|evasion|2\n|\n|-weather|RainDance|[upkeep]\n|-heal|p1a: Muk|75/100|[from] item: Leftovers\n|-damage|p2a: Tornadus|83/100 tox|[from] psn\n|-sideend|p2: Luca8|move: Tailwind\n|-ability|p1b: Smeargle|Moody|boost\n|-boost|p1b: Smeargle|spe|2\n|-unboost|p1b: Smeargle|spa|1\n|upkeep\n|turn|5\n|\n|t:|1776867620\n|move|p1b: Smeargle|Follow Me|p1b: Smeargle\n|-singleturn|p1b: Smeargle|move: Follow Me\n|move|p2a: Tornadus|Bleakwind Storm|p1b: Smeargle|[spread] p1a,p1b\n|-damage|p1a: Muk|50/100\n|-damage|p1b: Smeargle|10/100\n|-unboost|p1b: Smeargle|spe|1\n|cant|p2b: Pelipper|slp\n|move|p1a: Muk|Knock Off|p2b: Pelipper\n|-crit|p2b: Pelipper\n|-damage|p2b: Pelipper|41/100 slp\n|-enditem|p2b: Pelipper|Wide Lens|[from] move: Knock Off|[of] p1a: Muk\n|\n|-weather|none\n|-heal|p1a: Muk|57/100|[from] item: Leftovers\n|-damage|p2a: Tornadus|65/100 tox|[from] psn\n|-ability|p1b: Smeargle|Moody|boost\n|-boost|p1b: Smeargle|spa|2\n|-unboost|p1b: Smeargle|def|1\n|upkeep\n|turn|6\n|inactive|Luca8 has 30 seconds left.\n|\n|t:|1776867649\n|switch|p2b: Zamazenta|Zamazenta-Crowned, L50|100/100\n|-ability|p2b: Zamazenta|Dauntless Shield|boost\n|-boost|p2b: Zamazenta|def|1\n|move|p1b: Smeargle|Follow Me|p1b: Smeargle\n|-singleturn|p1b: Smeargle|move: Follow Me\n|move|p2a: Tornadus|Tailwind|p2a: Tornadus\n|-sidestart|p2: Luca8|move: Tailwind\n|move|p1a: Muk|Knock Off|p2a: Tornadus\n|-damage|p2a: Tornadus|30/100 tox\n|-enditem|p2a: Tornadus|Mental Herb|[from] move: Knock Off|[of] p1a: Muk\n|\n|-heal|p1a: Muk|63/100|[from] item: Leftovers\n|-damage|p2a: Tornadus|6/100 tox|[from] psn\n|-ability|p1b: Smeargle|Moody|boost\n|-boost|p1b: Smeargle|spa|2\n|-unboost|p1b: Smeargle|spe|1\n|upkeep\n|turn|7\n|\n|t:|1776867672\n|switch|p2b: Pelipper|Pelipper, L50, M|41/100 slp\n|-weather|RainDance|[from] ability: Drizzle|[of] p2b: Pelipper\n|move|p1a: Muk|Protect|p1a: Muk\n|-singleturn|p1a: Muk|Protect\n|move|p2a: Tornadus|Bleakwind Storm|p1b: Smeargle|[spread] p1b\n|-activate|p1a: Muk|move: Protect\n|-damage|p1b: Smeargle|0 fnt\n|faint|p1b: Smeargle\n|-ability|p1a: Muk|Moody|Power of Alchemy|[from] ability: Power of Alchemy|[of] p1b: Smeargle\n|\n|-weather|RainDance|[upkeep]\n|-heal|p1a: Muk|69/100|[from] item: Leftovers\n|-damage|p2a: Tornadus|0 fnt|[from] psn\n|faint|p2a: Tornadus\n|-ability|p1a: Muk|Moody|boost\n|-boost|p1a: Muk|spd|2\n|-unboost|p1a: Muk|def|1\n|upkeep\n|\n|t:|1776867693\n|switch|p1b: Flamigo|Flamigo, L50, F|100/100\n|switch|p2a: Zamazenta|Zamazenta-Crowned, L50|100/100\n|-copyboost|p1b: Flamigo|p1a: Muk|[from] ability: Costar\n|turn|8\n|\n|t:|1776867705\n|move|p2a: Zamazenta|Body Press|p1a: Muk|[miss]\n|-miss|p2a: Zamazenta|p1a: Muk\n|-curestatus|p2b: Pelipper|slp|[msg]\n|move|p2b: Pelipper|Hurricane|p1a: Muk\n|-damage|p1a: Muk|49/100\n|-start|p1a: Muk|confusion\n|move|p1b: Flamigo|Brave Bird|p2b: Pelipper\n|-damage|p2b: Pelipper|0 fnt\n|faint|p2b: Pelipper\n|-damage|p1b: Flamigo|87/100|[from] Recoil\n|-activate|p1a: Muk|confusion\n|move|p1a: Muk|Knock Off|p2a: Zamazenta\n|-resisted|p2a: Zamazenta\n|-damage|p2a: Zamazenta|94/100\n|\n|-weather|RainDance|[upkeep]\n|-heal|p1a: Muk|55/100|[from] item: Leftovers\n|-ability|p1a: Muk|Moody|boost\n|-boost|p1a: Muk|spa|2\n|-unboost|p1a: Muk|spe|1\n|upkeep\n|\n|t:|1776867727\n|switch|p2b: Calyrex|Calyrex-Shadow, L50|100/100\n|-ability|p2b: Calyrex|As One\n|-ability|p2b: Calyrex|Unnerve\n|turn|9\n|\n|t:|1776867741\n|switch|p1b: Incineroar|Incineroar, L50, F|100/100\n|-ability|p1b: Incineroar|Intimidate|boost\n|-unboost|p2a: Zamazenta|atk|1\n|-unboost|p2b: Calyrex|atk|1\n|-activate|p1a: Muk|confusion\n|move|p1a: Muk|Protect|p1a: Muk\n|-singleturn|p1a: Muk|Protect\n|move|p2b: Calyrex|Expanding Force|p1b: Incineroar\n|-immune|p1b: Incineroar\n|move|p2a: Zamazenta|Body Press|p1a: Muk\n|-activate|p1a: Muk|move: Protect\n|\n|-weather|RainDance|[upkeep]\n|-heal|p1a: Muk|61/100|[from] item: Leftovers\n|-sideend|p2: Luca8|move: Tailwind\n|-ability|p1a: Muk|Moody|boost\n|-boost|p1a: Muk|atk|2\n|-unboost|p1a: Muk|spd|1\n|upkeep\n|turn|10\n|inactive|24kpure has 30 seconds left.\n|\n|t:|1776867769\n|move|p2b: Calyrex|Astral Barrage|p1b: Incineroar|[spread] p1b\n|-miss|p2b: Calyrex|p1a: Muk\n|-resisted|p1b: Incineroar\n|-damage|p1b: Incineroar|80/100\n|move|p2a: Zamazenta|Body Press|p1b: Incineroar\n|-supereffective|p1b: Incineroar\n|-damage|p1b: Incineroar|0 fnt\n|faint|p1b: Incineroar\n|-activate|p1a: Muk|confusion\n|move|p1a: Muk|Knock Off|p2b: Calyrex\n|-supereffective|p2b: Calyrex\n|-enditem|p2b: Calyrex|Focus Sash\n|-damage|p2b: Calyrex|1/100\n|\n|-weather|RainDance|[upkeep]\n|-heal|p1a: Muk|67/100|[from] item: Leftovers\n|-ability|p1a: Muk|Moody|boost\n|-boost|p1a: Muk|spe|2\n|-unboost|p1a: Muk|atk|1\n|upkeep\n|\n|t:|1776867777\n|switch|p1b: Flamigo|Flamigo, L50, F|87/100\n|-copyboost|p1b: Flamigo|p1a: Muk|[from] ability: Costar\n|turn|11\n|\n|t:|1776867794\n|move|p1b: Flamigo|Protect|p1b: Flamigo\n|-singleturn|p1b: Flamigo|Protect\n|-end|p1a: Muk|confusion\n|move|p1a: Muk|Protect|p1a: Muk\n|-singleturn|p1a: Muk|Protect\n|move|p2b: Calyrex|Expanding Force|p1b: Flamigo\n|-activate|p1b: Flamigo|move: Protect\n|move|p2a: Zamazenta|Body Press|p1a: Muk\n|-activate|p1a: Muk|move: Protect\n|\n|-weather|none\n|-heal|p1a: Muk|74/100|[from] item: Leftovers\n|-ability|p1a: Muk|Moody|boost\n|-boost|p1a: Muk|spd|2\n|-unboost|p1a: Muk|atk|1\n|upkeep\n|turn|12\n|\n|t:|1776867814\n|move|p1b: Flamigo|Brave Bird|p2b: Calyrex\n|-damage|p2b: Calyrex|0 fnt\n|faint|p2b: Calyrex\n|-damage|p1b: Flamigo|86/100|[from] Recoil\n|move|p2a: Zamazenta|Body Press|p1a: Muk|[miss]\n|-miss|p2a: Zamazenta|p1a: Muk\n|move|p1a: Muk|Knock Off|p2a: Zamazenta\n|-resisted|p2a: Zamazenta\n|-damage|p2a: Zamazenta|88/100\n|\n|-heal|p1a: Muk|80/100|[from] item: Leftovers\n|-ability|p1a: Muk|Moody|boost\n|-boost|p1a: Muk|spd|2\n|-unboost|p1a: Muk|spe|1\n|upkeep\n|turn|13\n|-message|Luca8 forfeited.\n|\n|win|24kpure\n|raw|24kpure's rating: 1640 &rarr; <strong>1653</strong><br />(+13 for winning)\n|raw|Luca8's rating: 1507 &rarr; <strong>1494</strong><br />(-13 for losing)\n|l|\u2606Luca8\n|player|p2|\n","uploadtime":1776867996,"views":10,"formatid":"gen9vgc2026regi","rating":1494,"private":0,"password":null}