{"id":"gen9vgc2026regi-2545995186","format":"[Gen 9] VGC 2026 Reg I","players":["EllenJoe2026","Taiwannephrodoctor"],"log":"|j|\u2606EllenJoe2026\n|j|\u2606Taiwannephrodoctor\n|t:|1771910891\n|gametype|doubles\n|player|p1|EllenJoe2026|iono|1477\n|player|p2|Taiwannephrodoctor|169|1395\n|gen|9\n|tier|[Gen 9] VGC 2026 Reg I\n|rated|\n|rule|Species Clause: Limit one of each Pok\u00e9mon\n|rule|Item Clause: Limit 1 of each item\n|clearpoke\n|poke|p1|Calyrex-Shadow, L50|\n|poke|p1|Zamazenta-*, L50|\n|poke|p1|Incineroar, L50, F|\n|poke|p1|Rillaboom, L50, F|\n|poke|p1|Ogerpon-Cornerstone, L50, F|\n|poke|p1|Tornadus, L50, M|\n|poke|p2|Calyrex-Shadow, L50|\n|poke|p2|Rillaboom, L50, F|\n|poke|p2|Clefairy, L50, F|\n|poke|p2|Incineroar, L50, F|\n|poke|p2|Koraidon, L50|\n|poke|p2|Flutter Mane, L50|\n|teampreview|4\n|inactive|Battle timer is ON: inactive players will automatically lose when time's up. (requested by EllenJoe2026)\n|inactive|EllenJoe2026 has 60 seconds left.\n|inactive|Taiwannephrodoctor has 60 seconds left.\n|\n|t:|1771910950\n|teamsize|p1|4\n|teamsize|p2|4\n|start\n|switch|p1a: Calyrex|Calyrex-Shadow, L50|100/100\n|switch|p1b: Tornadus|Tornadus, L50, M, shiny|100/100\n|switch|p2a: Calyrex|Calyrex-Shadow, L50|100/100\n|switch|p2b: Incineroar|Incineroar, L50, F, shiny|100/100\n|-ability|p1a: Calyrex|As One\n|-ability|p1a: Calyrex|Unnerve\n|-ability|p2a: Calyrex|As One\n|-ability|p2a: Calyrex|Unnerve\n|-ability|p2b: Incineroar|Intimidate|boost\n|-unboost|p1a: Calyrex|atk|1\n|-unboost|p1b: Tornadus|atk|1\n|turn|1\n|inactive|Taiwannephrodoctor has 30 seconds left.\n|inactive|EllenJoe2026 has 30 seconds left.\n|inactive|Taiwannephrodoctor has 20 seconds left.\n|\n|t:|1771910987\n|-terastallize|p1a: Calyrex|Dark\n|-terastallize|p2a: Calyrex|Dark\n|move|p2b: Incineroar|Fake Out|p1a: Calyrex\n|-damage|p1a: Calyrex|89/100\n|move|p1b: Tornadus|Taunt|p2a: Calyrex\n|-hint|Since gen 7, Dark is immune to Prankster moves.\n|-immune|p2a: Calyrex\n|cant|p1a: Calyrex|flinch\n|move|p2a: Calyrex|Nasty Plot|p2a: Calyrex\n|-boost|p2a: Calyrex|spa|2\n|\n|upkeep\n|turn|2\n|inactive|Taiwannephrodoctor has 30 seconds left.\n|\n|t:|1771911022\n|move|p2a: Calyrex|Protect|p2a: Calyrex\n|-singleturn|p2a: Calyrex|Protect\n|move|p1a: Calyrex|Nasty Plot|p1a: Calyrex\n|-boost|p1a: Calyrex|spa|2\n|move|p1b: Tornadus|Bleakwind Storm|p2b: Incineroar|[spread] p2b\n|-activate|p2a: Calyrex|move: Protect\n|-crit|p2b: Incineroar\n|-damage|p2b: Incineroar|57/100\n|-unboost|p2b: Incineroar|spe|1\n|move|p2b: Incineroar|U-turn|p1b: Tornadus\n|-resisted|p1b: Tornadus\n|-damage|p1b: Tornadus|91/100\n|\n|t:|1771911035\n|switch|p2b: Flutter Mane|Flutter Mane, L50, shiny|100/100|[from] U-turn\n|\n|upkeep\n|turn|3\n|\n|t:|1771911058\n|move|p1a: Calyrex|Protect|p1a: Calyrex\n|-singleturn|p1a: Calyrex|Protect\n|move|p1b: Tornadus|Taunt|p2b: Flutter Mane\n|-start|p2b: Flutter Mane|move: Taunt\n|move|p2b: Flutter Mane|Moonblast|p1a: Calyrex\n|-activate|p1a: Calyrex|move: Protect\n|move|p2a: Calyrex|Astral Barrage|p1b: Tornadus|[spread] p1b\n|-activate|p1a: Calyrex|move: Protect\n|-damage|p1b: Tornadus|0 fnt\n|faint|p1b: Tornadus\n|-ability|p2a: Calyrex|Grim Neigh|boost\n|-boost|p2a: Calyrex|spa|1\n|-damage|p2a: Calyrex|91/100|[from] item: Life Orb\n|\n|upkeep\n|\n|t:|1771911069\n|switch|p1b: Zamazenta|Zamazenta-Crowned, L50, shiny|100/100\n|-ability|p1b: Zamazenta|Dauntless Shield|boost\n|-boost|p1b: Zamazenta|def|1\n|turn|4\n|\n|t:|1771911086\n|move|p2a: Calyrex|Protect|p2a: Calyrex\n|-singleturn|p2a: Calyrex|Protect\n|move|p1a: Calyrex|Astral Barrage|p2b: Flutter Mane|[spread] p2b\n|-activate|p2a: Calyrex|move: Protect\n|-supereffective|p2b: Flutter Mane\n|-enditem|p2b: Flutter Mane|Focus Sash\n|-damage|p2b: Flutter Mane|1/100\n|move|p2b: Flutter Mane|Moonblast|p1a: Calyrex\n|-supereffective|p1a: Calyrex\n|-damage|p1a: Calyrex|0 fnt\n|faint|p1a: Calyrex\n|move|p1b: Zamazenta|Heavy Slam|p2b: Flutter Mane\n|-supereffective|p2b: Flutter Mane\n|-damage|p2b: Flutter Mane|0 fnt\n|faint|p2b: Flutter Mane\n|-end|p2b: Flutter Mane|Protosynthesis|[silent]\n|\n|upkeep\n|\n|t:|1771911103\n|switch|p1a: Incineroar|Incineroar, L50, F, shiny|100/100\n|switch|p2b: Incineroar|Incineroar, L50, F, shiny|57/100\n|-ability|p1a: Incineroar|Intimidate|boost\n|-unboost|p2a: Calyrex|atk|1\n|-unboost|p2b: Incineroar|atk|1\n|-ability|p2b: Incineroar|Intimidate|boost\n|-unboost|p1a: Incineroar|atk|1\n|-unboost|p1b: Zamazenta|atk|1\n|turn|5\n|-message|EllenJoe2026 forfeited.\n|\n|win|Taiwannephrodoctor\n|raw|EllenJoe2026's rating: 1477 &rarr; <strong>1452</strong><br />(-25 for losing)\n|raw|Taiwannephrodoctor's rating: 1395 &rarr; <strong>1420</strong><br />(+25 for winning)\n|l|\u2606EllenJoe2026\n|player|p1|\n|c|\u2606Taiwannephrodoctor|why no tailwind\n|l|\u2606Taiwannephrodoctor\n|player|p2|\n","uploadtime":1771911266,"views":14,"formatid":"gen9vgc2026regi","rating":1420,"private":0,"password":null}