{"id":"gen9vgc2026regi-2564496293","format":"[Gen 9] VGC 2026 Reg I","players":["itastelikeiron","something123"],"log":"|j|\u2606itastelikeiron\n|j|\u2606something123\n|t:|1774153083\n|gametype|doubles\n|player|p1|itastelikeiron|infielder|1411\n|player|p2|something123|1|1501\n|gen|9\n|tier|[Gen 9] VGC 2026 Reg I\n|rated|\n|rule|Species Clause: Limit one of each Pok\u00e9mon\n|rule|Item Clause: Limit 1 of each item\n|clearpoke\n|poke|p1|Incineroar, L50, F|\n|poke|p1|Kyogre, L50|\n|poke|p1|Jumpluff, L50, M|\n|poke|p1|Groudon, L50|\n|poke|p1|Raging Bolt, L50|\n|poke|p1|Flutter Mane, L50|\n|poke|p2|Calyrex-Shadow, L50|\n|poke|p2|Koraidon, L50|\n|poke|p2|Rillaboom, L50, M|\n|poke|p2|Incineroar, L50, F|\n|poke|p2|Volcarona, L50, F|\n|poke|p2|Regieleki, L50|\n|teampreview|4\n|j| JERRY RIVERA\n|l| JERRY RIVERA\n|\n|t:|1774153150\n|teamsize|p1|4\n|teamsize|p2|4\n|start\n|switch|p1a: Flutter Mane|Flutter Mane, L50|100/100\n|switch|p1b: Groudon|Groudon, L50|100/100\n|switch|p2a: Incineroar|Incineroar, L50, F|100/100\n|switch|p2b: Volcarona|Volcarona, L50, F|100/100\n|-weather|SunnyDay|[from] ability: Drought|[of] p1b: Groudon\n|-activate|p1a: Flutter Mane|ability: Protosynthesis\n|-start|p1a: Flutter Mane|protosynthesisspe\n|-ability|p2a: Incineroar|Intimidate|boost\n|-unboost|p1a: Flutter Mane|atk|1\n|-unboost|p1b: Groudon|atk|1\n|turn|1\n|\n|t:|1774153167\n|-end|p1a: Flutter Mane|Protosynthesis|[silent]\n|switch|p1a: Kyogre|Kyogre, L50|100/100\n|-weather|RainDance|[from] ability: Drizzle|[of] p1a: Kyogre\n|switch|p2a: Rillaboom|Rillaboom, L50, M|100/100\n|-fieldstart|move: Grassy Terrain|[from] ability: Grassy Surge|[of] p2a: Rillaboom\n|move|p2b: Volcarona|Protect|p2b: Volcarona\n|-singleturn|p2b: Volcarona|Protect\n|move|p1b: Groudon|Precipice Blades|p2a: Rillaboom|[spread] p2a\n|-activate|p2b: Volcarona|move: Protect\n|-resisted|p2a: Rillaboom\n|-damage|p2a: Rillaboom|81/100\n|\n|-weather|RainDance|[upkeep]\n|-heal|p2a: Rillaboom|87/100|[from] Grassy Terrain\n|upkeep\n|turn|2\n|\n|t:|1774153194\n|switch|p1a: Jumpluff|Jumpluff, L50, M|100/100\n|switch|p2b: Koraidon|Koraidon, L50|100/100\n|-weather|SunnyDay|[from] ability: Orichalcum Pulse|[of] p2b: Koraidon\n|-activate|p2b: Koraidon|Orichalcum Pulse|[source]\n|move|p1b: Groudon|Precipice Blades|p2a: Rillaboom|[spread] p2a,p2b\n|-resisted|p2a: Rillaboom\n|-damage|p2a: Rillaboom|71/100\n|-damage|p2b: Koraidon|75/100\n|move|p2a: Rillaboom|Wood Hammer|p1b: Groudon\n|-supereffective|p1b: Groudon\n|-damage|p1b: Groudon|0 fnt\n|faint|p1b: Groudon\n|-damage|p2a: Rillaboom|38/100|[from] Recoil\n|\n|-weather|SunnyDay|[upkeep]\n|-heal|p2b: Koraidon|81/100|[from] Grassy Terrain\n|-heal|p2a: Rillaboom|44/100|[from] Grassy Terrain\n|upkeep\n|\n|t:|1774153206\n|switch|p1b: Kyogre|Kyogre, L50|100/100\n|-weather|RainDance|[from] ability: Drizzle|[of] p1b: Kyogre\n|turn|3\n|\n|t:|1774153222\n|switch|p2b: Incineroar|Incineroar, L50, F|100/100\n|-ability|p2b: Incineroar|Intimidate|boost\n|-unboost|p1a: Jumpluff|atk|1\n|-unboost|p1b: Kyogre|atk|1\n|-terastallize|p1b: Kyogre|Water\n|move|p1b: Kyogre|Origin Pulse|p2b: Incineroar|[spread] p2a,p2b\n|-resisted|p2a: Rillaboom\n|-supereffective|p2b: Incineroar\n|-damage|p2a: Rillaboom|19/100\n|-damage|p2b: Incineroar|0 fnt\n|faint|p2b: Incineroar\n|move|p1a: Jumpluff|Sleep Powder|p2a: Rillaboom\n|-immune|p2a: Rillaboom\n|move|p2a: Rillaboom|U-turn|p1a: Jumpluff\n|-damage|p1a: Jumpluff|71/100\n|\n|t:|1774153238\n|switch|p2a: Koraidon|Koraidon, L50|81/100|[from] U-turn\n|-weather|SunnyDay|[from] ability: Orichalcum Pulse|[of] p2a: Koraidon\n|-activate|p2a: Koraidon|Orichalcum Pulse|[source]\n|\n|-weather|SunnyDay|[upkeep]\n|-heal|p2a: Koraidon|87/100|[from] Grassy Terrain\n|upkeep\n|\n|t:|1774153243\n|switch|p2b: Rillaboom|Rillaboom, L50, M|19/100\n|turn|4\n|\n|t:|1774153262\n|switch|p1b: Flutter Mane|Flutter Mane, L50|100/100\n|-activate|p1b: Flutter Mane|ability: Protosynthesis\n|-start|p1b: Flutter Mane|protosynthesisspe\n|move|p2b: Rillaboom|Fake Out|p1b: Flutter Mane\n|-immune|p1b: Flutter Mane\n|move|p1a: Jumpluff|Sleep Powder|p2a: Koraidon|[miss]\n|-miss|p1a: Jumpluff|p2a: Koraidon\n|move|p2a: Koraidon|Flame Charge|p1a: Jumpluff\n|-supereffective|p1a: Jumpluff\n|-damage|p1a: Jumpluff|0 fnt\n|-boost|p2a: Koraidon|spe|1\n|faint|p1a: Jumpluff\n|\n|-weather|SunnyDay|[upkeep]\n|-heal|p2a: Koraidon|93/100|[from] Grassy Terrain\n|-heal|p2b: Rillaboom|25/100|[from] Grassy Terrain\n|upkeep\n|\n|t:|1774153270\n|switch|p1a: Kyogre|Kyogre, L50, tera:Water|100/100\n|-weather|RainDance|[from] ability: Drizzle|[of] p1a: Kyogre\n|-end|p1b: Flutter Mane|Protosynthesis\n|turn|5\n|\n|t:|1774153283\n|switch|p2a: Volcarona|Volcarona, L50, F|100/100\n|move|p2b: Rillaboom|Grassy Glide|p1a: Kyogre\n|-supereffective|p1a: Kyogre\n|-damage|p1a: Kyogre|25/100\n|move|p1a: Kyogre|Origin Pulse|p2b: Rillaboom|[spread] p2a\n|-miss|p1a: Kyogre|p2b: Rillaboom\n|-supereffective|p2a: Volcarona\n|-damage|p2a: Volcarona|0 fnt\n|faint|p2a: Volcarona\n|move|p1b: Flutter Mane|Moonblast|p2b: Rillaboom\n|-damage|p2b: Rillaboom|0 fnt\n|faint|p2b: Rillaboom\n|\n|-weather|RainDance|[upkeep]\n|-heal|p1a: Kyogre|31/100|[from] Grassy Terrain\n|-fieldend|move: Grassy Terrain\n|upkeep\n|\n|t:|1774153294\n|switch|p2b: Koraidon|Koraidon, L50|93/100\n|-weather|SunnyDay|[from] ability: Orichalcum Pulse|[of] p2b: Koraidon\n|-activate|p1b: Flutter Mane|ability: Protosynthesis\n|-start|p1b: Flutter Mane|protosynthesisspe\n|-activate|p2b: Koraidon|Orichalcum Pulse|[source]\n|turn|6\n|\n|t:|1774153308\n|-terastallize|p2b: Koraidon|Fire\n|move|p1b: Flutter Mane|Icy Wind|p2b: Koraidon\n|-resisted|p2b: Koraidon\n|-damage|p2b: Koraidon|85/100\n|move|p1a: Kyogre|Origin Pulse|p2b: Koraidon\n|-supereffective|p2b: Koraidon\n|-damage|p2b: Koraidon|13/100\n|move|p2b: Koraidon|Collision Course|p1a: Kyogre\n|-damage|p1a: Kyogre|0 fnt\n|faint|p1a: Kyogre\n|\n|-weather|SunnyDay|[upkeep]\n|upkeep\n|turn|7\n|\n|t:|1774153322\n|move|p1b: Flutter Mane|Shadow Ball|p2b: Koraidon\n|-damage|p2b: Koraidon|0 fnt\n|faint|p2b: Koraidon\n|\n|win|itastelikeiron\n|raw|itastelikeiron's rating: 1411 &rarr; <strong>1436</strong><br />(+25 for winning)\n|raw|something123's rating: 1501 &rarr; <strong>1476</strong><br />(-25 for losing)\n|l|\u2606itastelikeiron\n|player|p1|\n|l|\u2606something123\n|player|p2|\n","uploadtime":1774153545,"views":12,"formatid":"gen9vgc2026regi","rating":1436,"private":0,"password":null}