{"id":"gen9vgc2026regi-2542043714","format":"[Gen 9] VGC 2026 Reg I","players":["raigonjoy","marcxhenry"],"log":"|j|\u2606raigonjoy\n|j|\u2606marcxhenry\n|t:|1771405121\n|gametype|doubles\n|player|p1|raigonjoy|1|1456\n|player|p2|marcxhenry|hilbert-wonderlauncher|1441\n|gen|9\n|tier|[Gen 9] VGC 2026 Reg I\n|rated|\n|rule|Species Clause: Limit one of each Pok\u00e9mon\n|rule|Item Clause: Limit 1 of each item\n|clearpoke\n|poke|p1|Whimsicott, L50, F|\n|poke|p1|Urshifu-*, L50, F|\n|poke|p1|Ursaluna, L50, M|\n|poke|p1|Miraidon, L50|\n|poke|p1|Lunala, L50|\n|poke|p1|Incineroar, L50, M|\n|poke|p2|Calyrex-Shadow, L50|\n|poke|p2|Urshifu-*, L50, M|\n|poke|p2|Roaring Moon, L50|\n|poke|p2|Kyogre, L50|\n|poke|p2|Tsareena, L50, F|\n|poke|p2|Kingambit, L50, M|\n|teampreview|4\n|inactive|Battle timer is ON: inactive players will automatically lose when time's up. (requested by raigonjoy)\n|\n|t:|1771405139\n|teamsize|p1|4\n|teamsize|p2|4\n|start\n|switch|p1a: Whimsicott|Whimsicott, L50, F, shiny|100/100\n|switch|p1b: Miraidon|Miraidon, L50, shiny|100/100\n|switch|p2a: Ludwig|Calyrex-Shadow, L50|100/100\n|switch|p2b: Roter Baron|Roaring Moon, L50, shiny|100/100\n|-ability|p2a: Ludwig|As One\n|-ability|p2a: Ludwig|Unnerve\n|-fieldstart|move: Electric Terrain|[from] ability: Hadron Engine|[of] p1b: Miraidon\n|-enditem|p2b: Roter Baron|Booster Energy\n|-activate|p2b: Roter Baron|ability: Protosynthesis|[fromitem]\n|-start|p2b: Roter Baron|protosynthesisspe\n|turn|1\n|\n|t:|1771405155\n|-terastallize|p2b: Roter Baron|Flying\n|move|p1a: Whimsicott|Tailwind|p1a: Whimsicott\n|-sidestart|p1: raigonjoy|move: Tailwind\n|move|p1b: Miraidon|Draco Meteor|p2b: Roter Baron\n|-damage|p2b: Roter Baron|0 fnt\n|-unboost|p1b: Miraidon|spa|2\n|faint|p2b: Roter Baron\n|-end|p2b: Roter Baron|Protosynthesis|[silent]\n|-damage|p1b: Miraidon|91/100|[from] item: Life Orb\n|move|p2a: Ludwig|Trick Room|p2a: Ludwig\n|-fieldstart|move: Trick Room|[of] p2a: Ludwig\n|\n|upkeep\n|\n|t:|1771405167\n|switch|p2b: Hitmonshe|Tsareena, L50, F, shiny|100/100\n|turn|2\n|\n|t:|1771405183\n|move|p1a: Whimsicott|Protect|p1a: Whimsicott\n|-singleturn|p1a: Whimsicott|Protect\n|move|p1b: Miraidon|Protect|p1b: Miraidon\n|-singleturn|p1b: Miraidon|Protect\n|move|p2b: Hitmonshe|Triple Axel|p1b: Miraidon\n|-activate|p1b: Miraidon|move: Protect\n|move|p2a: Ludwig|Astral Barrage|p1b: Miraidon|[spread] \n|-activate|p1a: Whimsicott|move: Protect\n|-activate|p1b: Miraidon|move: Protect\n|\n|upkeep\n|turn|3\n|\n|t:|1771405204\n|switch|p1b: Urshifu|Urshifu-Rapid-Strike, L50, F|100/100\n|move|p2b: Hitmonshe|Triple Axel|p1b: Urshifu|[miss]\n|-miss|p2b: Hitmonshe|p1b: Urshifu\n|move|p2a: Ludwig|Astral Barrage|p1a: Whimsicott|[spread] p1a,p1b\n|-damage|p1a: Whimsicott|48/100\n|-damage|p1b: Urshifu|26/100\n|move|p1a: Whimsicott|Moonblast|p2a: Ludwig\n|-damage|p2a: Ludwig|71/100\n|\n|upkeep\n|turn|4\n|\n|t:|1771405223\n|move|p1a: Whimsicott|Protect|p1a: Whimsicott\n|-singleturn|p1a: Whimsicott|Protect\n|move|p2b: Hitmonshe|Triple Axel|p1a: Whimsicott\n|-activate|p1a: Whimsicott|move: Protect\n|move|p2a: Ludwig|Astral Barrage|p1b: Urshifu|[spread] p1b\n|-activate|p1a: Whimsicott|move: Protect\n|-damage|p1b: Urshifu|0 fnt\n|faint|p1b: Urshifu\n|-ability|p2a: Ludwig|Grim Neigh|boost\n|-boost|p2a: Ludwig|spa|1\n|\n|-sideend|p1: raigonjoy|move: Tailwind\n|upkeep\n|\n|t:|1771405243\n|switch|p1b: Lunala|Lunala, L50, shiny|100/100\n|-enditem|p1b: Lunala|Electric Seed\n|-boost|p1b: Lunala|def|1|[from] item: Electric Seed\n|turn|5\n|\n|t:|1771405259\n|-terastallize|p1a: Whimsicott|Fire\n|move|p2a: Ludwig|Protect|p2a: Ludwig\n|-singleturn|p2a: Ludwig|Protect\n|move|p2b: Hitmonshe|Triple Axel|p1a: Whimsicott\n|-resisted|p1a: Whimsicott\n|-damage|p1a: Whimsicott|44/100\n|-resisted|p1a: Whimsicott\n|-damage|p1a: Whimsicott|35/100\n|-resisted|p1a: Whimsicott\n|-damage|p1a: Whimsicott|23/100\n|-hitcount|p1a: Whimsicott|3\n|move|p1b: Lunala|Moongeist Beam|p2a: Ludwig\n|-activate|p2a: Ludwig|move: Protect\n|move|p1a: Whimsicott|Moonblast|p2b: Hitmonshe\n|-damage|p2b: Hitmonshe|68/100\n|\n|-fieldend|move: Trick Room\n|-fieldend|move: Electric Terrain\n|upkeep\n|turn|6\n|\n|t:|1771405281\n|move|p1a: Whimsicott|Tailwind|p1a: Whimsicott\n|-sidestart|p1: raigonjoy|move: Tailwind\n|move|p1b: Lunala|Moongeist Beam|p2a: Ludwig\n|-supereffective|p2a: Ludwig\n|-damage|p2a: Ludwig|0 fnt\n|faint|p2a: Ludwig\n|move|p2b: Hitmonshe|Taunt|p1b: Lunala\n|-start|p1b: Lunala|move: Taunt\n|\n|upkeep\n|\n|t:|1771405290\n|switch|p2a: Tripitz|Kyogre, L50, shiny|100/100\n|-weather|RainDance|[from] ability: Drizzle|[of] p2a: Tripitz\n|turn|7\n|j| globalfish39\n|\n|t:|1771405303\n|move|p1a: Whimsicott|Moonblast|p2b: Hitmonshe\n|-damage|p2b: Hitmonshe|36/100\n|move|p1b: Lunala|Moongeist Beam|p2b: Hitmonshe\n|-damage|p2b: Hitmonshe|0 fnt\n|faint|p2b: Hitmonshe\n|move|p2a: Tripitz|Origin Pulse|p1a: Whimsicott|[spread] p1a,p1b\n|-supereffective|p1a: Whimsicott\n|-damage|p1a: Whimsicott|0 fnt\n|-damage|p1b: Lunala|69/100\n|faint|p1a: Whimsicott\n|\n|-weather|RainDance|[upkeep]\n|upkeep\n|\n|t:|1771405311\n|switch|p1a: Miraidon|Miraidon, L50, shiny|91/100\n|-fieldstart|move: Electric Terrain|[from] ability: Hadron Engine|[of] p1a: Miraidon\n|turn|8\n|-message|marcxhenry forfeited.\n|\n|win|raigonjoy\n|raw|raigonjoy's rating: 1456 &rarr; <strong>1475</strong><br />(+19 for winning)\n|raw|marcxhenry's rating: 1441 &rarr; <strong>1422</strong><br />(-19 for losing)\n|l|\u2606marcxhenry\n|player|p2|\n","uploadtime":1771405320,"views":25,"formatid":"gen9vgc2026regi","rating":1422,"private":0,"password":null}