{"id":"gen9vgc2026regi-2566962989","format":"[Gen 9] VGC 2026 Reg I","players":["conniecut","ToranVGC"],"log":"|j|\u2606conniecut\n|j|\u2606ToranVGC\n|t:|1774435622\n|gametype|doubles\n|player|p1|conniecut|lady|1277\n|player|p2|ToranVGC|170|1245\n|gen|9\n|tier|[Gen 9] VGC 2026 Reg I\n|rated|\n|rule|Species Clause: Limit one of each Pok\u00e9mon\n|rule|Item Clause: Limit 1 of each item\n|clearpoke\n|poke|p1|Calyrex-Ice, L50|\n|poke|p1|Sentret, L50, M|\n|poke|p1|Ho-Oh, L50|\n|poke|p1|Ursaluna-Bloodmoon, L50, M|\n|poke|p1|Amoonguss, L50, M|\n|poke|p1|Urshifu-*, L50, M|\n|poke|p2|Miraidon, L50|\n|poke|p2|Lunala, L50|\n|poke|p2|Ursaluna, L50, M|\n|poke|p2|Scraggy, L50, M|\n|poke|p2|Whimsicott, L50, M|\n|poke|p2|Iron Hands, L50|\n|teampreview|4\n|\n|t:|1774435646\n|teamsize|p1|4\n|teamsize|p2|4\n|start\n|switch|p1a: Calyrex|Calyrex-Ice, L50|100/100\n|switch|p1b: Sentret|Sentret, L50, M|100/100\n|switch|p2a: Miraidon|Miraidon, L50|100/100\n|switch|p2b: Lunala|Lunala, L50|100/100\n|-ability|p1a: Calyrex|As One\n|-ability|p1a: Calyrex|Unnerve\n|-fieldstart|move: Electric Terrain|[from] ability: Hadron Engine|[of] p2a: Miraidon\n|-enditem|p2b: Lunala|Electric Seed\n|-boost|p2b: Lunala|def|1|[from] item: Electric Seed\n|-item|p2a: Miraidon|Covert Cloak|[from] ability: Frisk|[of] p1b: Sentret\n|turn|1\n|\n|t:|1774435664\n|move|p1b: Sentret|Follow Me|p1b: Sentret\n|-singleturn|p1b: Sentret|move: Follow Me\n|move|p2a: Miraidon|Volt Switch|p1b: Sentret\n|-enditem|p1b: Sentret|Focus Sash\n|-damage|p1b: Sentret|1/100\n|\n|t:|1774435669\n|switch|p2a: Whimsicott|Whimsicott, L50, M|100/100|[from] Volt Switch\n|move|p2b: Lunala|Moonblast|p1b: Sentret\n|-damage|p1b: Sentret|0 fnt\n|faint|p1b: Sentret\n|move|p1a: Calyrex|Trick Room|p1a: Calyrex\n|-fieldstart|move: Trick Room|[of] p1a: Calyrex\n|\n|upkeep\n|\n|t:|1774435688\n|switch|p1b: Amoonguss|Amoonguss, L50, M|100/100\n|turn|2\n|\n|t:|1774435704\n|switch|p1a: Ursaluna|Ursaluna-Bloodmoon, L50, M|100/100\n|-terastallize|p2a: Whimsicott|Ghost\n|move|p2a: Whimsicott|Encore||[still]\n|-fail|p2a: Whimsicott\n|move|p1b: Amoonguss|Spore|p2b: Lunala\n|-activate|p2b: Lunala|move: Electric Terrain\n|move|p2b: Lunala|Moongeist Beam|p1a: Ursaluna\n|-immune|p1a: Ursaluna\n|\n|upkeep\n|turn|3\n|\n|t:|1774435736\n|-terastallize|p1a: Ursaluna|Normal\n|move|p1b: Amoonguss|Rage Powder|p1b: Amoonguss\n|-singleturn|p1b: Amoonguss|move: Rage Powder\n|move|p2a: Whimsicott|Light Screen|p2a: Whimsicott\n|-sidestart|p2: ToranVGC|move: Light Screen\n|move|p1a: Ursaluna|Hyper Voice|p2b: Lunala|[spread] p2a,p2b\n|-damage|p2a: Whimsicott|30/100\n|-damage|p2b: Lunala|86/100\n|-damage|p1a: Ursaluna|91/100|[from] item: Life Orb\n|move|p2b: Lunala|Trick Room|p2b: Lunala\n|-fieldend|move: Trick Room\n|\n|upkeep\n|turn|4\n|\n|t:|1774435758\n|move|p1b: Amoonguss|Rage Powder|p1b: Amoonguss\n|-singleturn|p1b: Amoonguss|move: Rage Powder\n|move|p2a: Whimsicott|Dazzling Gleam|p1b: Amoonguss|[spread] p1a,p1b\n|-resisted|p1b: Amoonguss\n|-damage|p1a: Ursaluna|71/100\n|-damage|p1b: Amoonguss|93/100\n|move|p2b: Lunala|Moongeist Beam|p1b: Amoonguss\n|-damage|p1b: Amoonguss|45/100\n|move|p1a: Ursaluna|Blood Moon|p2b: Lunala\n|-damage|p2b: Lunala|18/100\n|-damage|p1a: Ursaluna|61/100|[from] item: Life Orb\n|\n|upkeep\n|turn|5\n|\n|t:|1774435787\n|move|p1b: Amoonguss|Protect|p1b: Amoonguss\n|-singleturn|p1b: Amoonguss|Protect\n|move|p2b: Lunala|Wide Guard|p2b: Lunala\n|-singleturn|p2b: Lunala|Wide Guard\n|move|p2a: Whimsicott|Dazzling Gleam|p1a: Ursaluna|[spread] p1a\n|-activate|p1b: Amoonguss|move: Protect\n|-damage|p1a: Ursaluna|40/100\n|move|p1a: Ursaluna|Hyper Voice|p2b: Lunala|[spread] \n|-activate|p2a: Whimsicott|move: Wide Guard\n|-activate|p2b: Lunala|move: Wide Guard\n|\n|-fieldend|move: Electric Terrain\n|upkeep\n|turn|6\n|\n|t:|1774435814\n|switch|p1b: Calyrex|Calyrex-Ice, L50|100/100\n|-ability|p1b: Calyrex|As One\n|-ability|p1b: Calyrex|Unnerve\n|move|p2a: Whimsicott|Dazzling Gleam|p1b: Calyrex|[spread] p1a,p1b\n|-damage|p1a: Ursaluna|19/100\n|-damage|p1b: Calyrex|87/100\n|move|p2b: Lunala|Moonblast|p1a: Ursaluna\n|-damage|p1a: Ursaluna|0 fnt\n|faint|p1a: Ursaluna\n|\n|upkeep\n|\n|t:|1774435824\n|switch|p1a: Amoonguss|Amoonguss, L50, M|78/100\n|turn|7\n|\n|t:|1774435841\n|move|p1a: Amoonguss|Rage Powder|p1a: Amoonguss\n|-singleturn|p1a: Amoonguss|move: Rage Powder\n|move|p2a: Whimsicott|Dazzling Gleam|p1a: Amoonguss|[spread] p1a,p1b\n|-resisted|p1a: Amoonguss\n|-damage|p1a: Amoonguss|70/100\n|-damage|p1b: Calyrex|75/100\n|move|p2b: Lunala|Moongeist Beam|p1a: Amoonguss\n|-damage|p1a: Amoonguss|20/100\n|move|p1b: Calyrex|Glacial Lance|p2a: Whimsicott|[spread] p2a,p2b\n|-damage|p2a: Whimsicott|0 fnt\n|-damage|p2b: Lunala|0 fnt\n|faint|p2a: Whimsicott\n|faint|p2b: Lunala\n|-ability|p1b: Calyrex|Chilling Neigh|boost\n|-boost|p1b: Calyrex|atk|2\n|\n|-sideend|p2: ToranVGC|move: Light Screen\n|upkeep\n|\n|t:|1774435846\n|switch|p2a: Miraidon|Miraidon, L50|100/100\n|switch|p2b: Iron Hands|Iron Hands, L50|100/100\n|-fieldstart|move: Electric Terrain|[from] ability: Hadron Engine|[of] p2a: Miraidon\n|-activate|p2b: Iron Hands|ability: Quark Drive\n|-start|p2b: Iron Hands|quarkdriveatk\n|turn|8\n|\n|t:|1774435859\n|move|p2b: Iron Hands|Fake Out|p1a: Amoonguss\n|-crit|p1a: Amoonguss\n|-damage|p1a: Amoonguss|0 fnt\n|-damage|p2b: Iron Hands|84/100|[from] item: Rocky Helmet|[of] p1a: Amoonguss\n|faint|p1a: Amoonguss\n|move|p2a: Miraidon|Electro Drift|p1b: Calyrex\n|-damage|p1b: Calyrex|0 fnt\n|faint|p1b: Calyrex\n|\n|win|ToranVGC\n|raw|conniecut's rating: 1277 &rarr; <strong>1250</strong><br />(-27 for losing)\n|raw|ToranVGC's rating: 1245 &rarr; <strong>1272</strong><br />(+27 for winning)\n|l|\u2606conniecut\n|player|p1|\n","uploadtime":1774436059,"views":14,"formatid":"gen9vgc2026regi","rating":1250,"private":0,"password":null}