{"id":"gen9vgc2026regi-2560399969","format":"[Gen 9] VGC 2026 Reg I","players":["Manifust","jonen"],"log":"|j|\u2606Manifust\n|j|\u2606jonen\n|t:|1773683823\n|gametype|doubles\n|player|p1|Manifust|169|1153\n|player|p2|jonen|medium|1214\n|gen|9\n|tier|[Gen 9] VGC 2026 Reg I\n|rated|\n|rule|Species Clause: Limit one of each Pok\u00e9mon\n|rule|Item Clause: Limit 1 of each item\n|clearpoke\n|poke|p1|Gholdengo, L50|\n|poke|p1|Tornadus, L50, M|\n|poke|p1|Flutter Mane, L50|\n|poke|p1|Terapagos, L50, M|\n|poke|p1|Calyrex-Ice, L50|\n|poke|p1|Rillaboom, L50, F|\n|poke|p2|Volcarona, L50, M|\n|poke|p2|Groudon, L50|\n|poke|p2|Incineroar, L50, F|\n|poke|p2|Flutter Mane, L50|\n|poke|p2|Grimmsnarl, L50, M|\n|poke|p2|Miraidon, L50|\n|teampreview|4\nManifust has agreed to open team sheets.\n|inactive|Battle timer is ON: inactive players will automatically lose when time's up. (requested by Manifust)\n|inactive|Manifust has 60 seconds left.\n|\n|t:|1773683861\n|teamsize|p1|4\n|teamsize|p2|4\n|start\n|switch|p1a: Flutter Mane|Flutter Mane, L50|100/100\n|switch|p1b: Gholdengo|Gholdengo, L50|100/100\n|switch|p2a: Grimmsnarl|Grimmsnarl, L50, M|100/100\n|switch|p2b: Miraidon|Miraidon, L50|100/100\n|-fieldstart|move: Electric Terrain|[from] ability: Hadron Engine|[of] p2b: Miraidon\n|turn|1\n|\n|t:|1773683876\n|move|p2a: Grimmsnarl|Light Screen|p2a: Grimmsnarl\n|-sidestart|p2: jonen|move: Light Screen\n|move|p2b: Miraidon|Snarl|p1a: Flutter Mane|[spread] p1a,p1b\n|-supereffective|p1b: Gholdengo\n|-damage|p1a: Flutter Mane|84/100\n|-damage|p1b: Gholdengo|61/100\n|-unboost|p1a: Flutter Mane|spa|1\n|-unboost|p1b: Gholdengo|spa|1\n|move|p1b: Gholdengo|Nasty Plot|p1b: Gholdengo\n|-boost|p1b: Gholdengo|spa|2\n|move|p1a: Flutter Mane|Trick Room|p1a: Flutter Mane\n|-fieldstart|move: Trick Room|[of] p1a: Flutter Mane\n|\n|upkeep\n|turn|2\n|inactive|jonen has 30 seconds left.\n|\n|t:|1773683905\n|-end|p1a: Flutter Mane|Protosynthesis|[silent]\n|switch|p1a: Calyrex|Calyrex-Ice, L50|100/100\n|-ability|p1a: Calyrex|As One\n|-ability|p1a: Calyrex|Unnerve\n|move|p2a: Grimmsnarl|Spirit Break|p1a: Calyrex\n|-damage|p1a: Calyrex|81/100\n|move|p1b: Gholdengo|Make It Rain|p2a: Grimmsnarl|[spread] p2a,p2b\n|-supereffective|p2a: Grimmsnarl\n|-resisted|p2b: Miraidon\n|-damage|p2a: Grimmsnarl|15/100\n|-damage|p2b: Miraidon|87/100\n|-unboost|p1b: Gholdengo|spa|1\n|move|p2b: Miraidon|Volt Switch|p1b: Gholdengo\n|-damage|p1b: Gholdengo|0 fnt\n|faint|p1b: Gholdengo\n|\n|t:|1773683917\n|switch|p2b: Volcarona|Volcarona, L50, M|100/100|[from] Volt Switch\n|\n|upkeep\n|\n|t:|1773683921\n|switch|p1b: Terapagos|Terapagos, L50, M|100/100\n|-activate|p1b: Terapagos|ability: Tera Shift\n|detailschange|p1b: Terapagos|Terapagos-Terastal, L50, M\n|-heal|p1b: Terapagos|100/100|[silent]\n|turn|3\n|inactive|jonen has 30 seconds left.\n|\n|t:|1773683948\n|-terastallize|p1b: Terapagos|Stellar\n|detailschange|p1b: Terapagos|Terapagos-Stellar, L50, M, tera:Stellar\n|-heal|p1b: Terapagos|100/100|[silent]\n|-ability|p1b: Terapagos|Teraform Zero\n|-fieldend|move: Electric Terrain\n|move|p2a: Grimmsnarl|Reflect|p2a: Grimmsnarl\n|-sidestart|p2: jonen|Reflect\n|move|p1a: Calyrex|Glacial Lance|p2a: Grimmsnarl|[spread] p2a,p2b\n|-resisted|p2b: Volcarona\n|-damage|p2a: Grimmsnarl|0 fnt\n|-damage|p2b: Volcarona|81/100\n|faint|p2a: Grimmsnarl\n|-ability|p1a: Calyrex|Chilling Neigh|boost\n|-boost|p1a: Calyrex|atk|1\n|move|p1b: Terapagos|Calm Mind|p1b: Terapagos\n|-boost|p1b: Terapagos|spa|1\n|-boost|p1b: Terapagos|spd|1\n|move|p2b: Volcarona|Fiery Dance|p1a: Calyrex\n|-supereffective|p1a: Calyrex\n|-damage|p1a: Calyrex|29/100\n|\n|upkeep\n|\n|t:|1773683966\n|switch|p2a: Groudon|Groudon, L50|100/100\n|-weather|SunnyDay|[from] ability: Drought|[of] p2a: Groudon\n|turn|4\n|\n|t:|1773683977\n|move|p2a: Groudon|Protect|p2a: Groudon\n|-singleturn|p2a: Groudon|Protect\n|move|p1a: Calyrex|Glacial Lance|p2b: Volcarona|[spread] p2b\n|-activate|p2a: Groudon|move: Protect\n|-resisted|p2b: Volcarona\n|-crit|p2b: Volcarona\n|-damage|p2b: Volcarona|16/100\n|move|p1b: Terapagos|Tera Starstorm|p2a: Groudon|[spread] p2b\n|-activate|p2a: Groudon|move: Protect\n|-damage|p2b: Volcarona|0 fnt\n|faint|p2b: Volcarona\n|\n|-weather|SunnyDay|[upkeep]\n|upkeep\n|\n|t:|1773683986\n|switch|p2b: Miraidon|Miraidon, L50|87/100\n|-fieldstart|move: Electric Terrain|[from] ability: Hadron Engine|[of] p2b: Miraidon\n|turn|5\n|\n|t:|1773683999\n|-terastallize|p2a: Groudon|Fire\n|move|p1a: Calyrex|Glacial Lance|p2b: Miraidon|[spread] p2a,p2b\n|-resisted|p2a: Groudon\n|-supereffective|p2b: Miraidon\n|-damage|p2a: Groudon|82/100\n|-damage|p2b: Miraidon|0 fnt\n|faint|p2b: Miraidon\n|-ability|p1a: Calyrex|Chilling Neigh|boost\n|-boost|p1a: Calyrex|atk|1\n|move|p1b: Terapagos|Tera Starstorm|p2a: Groudon\n|-supereffective|p2a: Groudon\n|-damage|p2a: Groudon|0 fnt\n|faint|p2a: Groudon\n|\n|win|Manifust\n|raw|Manifust's rating: 1153 &rarr; <strong>1182</strong><br />(+29 for winning)\n|raw|jonen's rating: 1214 &rarr; <strong>1185</strong><br />(-29 for losing)\n|l|\u2606jonen\n|player|p2|\n|l|\u2606Manifust\n|player|p1|\n","uploadtime":1773684000,"views":10,"formatid":"gen9vgc2026regi","rating":1182,"private":0,"password":null}