{"id":"gen9vgc2026regi-2561549909","format":"[Gen 9] VGC 2026 Reg I","players":["shangenb1","TheManOfSausage"],"log":"|j|\u2606shangenb1\n|j|\u2606TheManOfSausage\n|t:|1773810817\n|gametype|doubles\n|player|p1|shangenb1|170|1518\n|player|p2|TheManOfSausage|miku-water|1473\n|gen|9\n|tier|[Gen 9] VGC 2026 Reg I\n|rated|\n|rule|Species Clause: Limit one of each Pok\u00e9mon\n|rule|Item Clause: Limit 1 of each item\n|clearpoke\n|poke|p1|Koraidon, L50|\n|poke|p1|Lunala, L50|\n|poke|p1|Flutter Mane, L50|\n|poke|p1|Chi-Yu, L50|\n|poke|p1|Raging Bolt, L50|\n|poke|p1|Indeedee-F, L50, F|\n|poke|p2|Calyrex-Shadow, L50|\n|poke|p2|Miraidon, L50|\n|poke|p2|Clefairy, L50, M|\n|poke|p2|Rillaboom, L50, M|\n|poke|p2|Incineroar, L50, M|\n|poke|p2|Iron Bundle, L50|\n|teampreview|4\n|inactive|Battle timer is ON: inactive players will automatically lose when time's up. (requested by shangenb1)\nTheManOfSausage has agreed to open team sheets.\n|inactive|shangenb1 has 60 seconds left.\n|inactive|TheManOfSausage has 60 seconds left.\n|\n|t:|1773810875\n|teamsize|p1|4\n|teamsize|p2|4\n|start\n|switch|p1a: Lunala|Lunala, L50|100/100\n|switch|p1b: Chi-Yu|Chi-Yu, L50|100/100\n|switch|p2a: Rice Shower|Calyrex-Shadow, L50|100/100\n|switch|p2b: Magical Mirai|Miraidon, L50|100/100\n|-ability|p2a: Rice Shower|As One\n|-ability|p2a: Rice Shower|Unnerve\n|-fieldstart|move: Electric Terrain|[from] ability: Hadron Engine|[of] p2b: Magical Mirai\n|-ability|p1b: Chi-Yu|Beads of Ruin\n|turn|1\n|inactive|shangenb1 has 30 seconds left.\n|\n|t:|1773810902\n|switch|p1a: Indeedee|Indeedee-F, L50, F|100/100\n|-fieldstart|move: Psychic Terrain|[from] ability: Psychic Surge|[of] p1a: Indeedee\n|-terastallize|p2a: Rice Shower|Fairy\n|move|p2b: Magical Mirai|Volt Switch|p1b: Chi-Yu\n|-damage|p1b: Chi-Yu|49/100\n|\n|t:|1773810906\n|switch|p2b: Incineroar|Incineroar, L50, M, shiny|100/100|[from] Volt Switch\n|-ability|p2b: Incineroar|Intimidate|boost\n|-unboost|p1a: Indeedee|atk|1\n|-unboost|p1b: Chi-Yu|atk|1\n|move|p1b: Chi-Yu|Heat Wave|p2b: Incineroar|[spread] p2a,p2b\n|-resisted|p2b: Incineroar\n|-damage|p2a: Rice Shower|45/100\n|-damage|p2b: Incineroar|72/100\n|move|p2a: Rice Shower|Astral Barrage|p1b: Chi-Yu|[spread] p1b\n|-immune|p1a: Indeedee\n|-resisted|p1b: Chi-Yu\n|-damage|p1b: Chi-Yu|20/100\n|\n|upkeep\n|turn|2\n|inactive|shangenb1 has 30 seconds left.\n|\n|t:|1773810936\n|switch|p1a: Koraidon|Koraidon, L50|100/100\n|-weather|SunnyDay|[from] ability: Orichalcum Pulse|[of] p1a: Koraidon\n|-activate|p1a: Koraidon|Orichalcum Pulse|[source]\n|move|p2a: Rice Shower|Protect|p2a: Rice Shower\n|-singleturn|p2a: Rice Shower|Protect\n|move|p1b: Chi-Yu|Heat Wave|p2b: Incineroar|[spread] p2b\n|-activate|p2a: Rice Shower|move: Protect\n|-resisted|p2b: Incineroar\n|-damage|p2b: Incineroar|34/100\n|move|p2b: Incineroar|Parting Shot|p1b: Chi-Yu\n|-unboost|p1b: Chi-Yu|atk|1\n|-unboost|p1b: Chi-Yu|spa|1\n|\n|t:|1773810946\n|switch|p2b: Magical Mirai|Miraidon, L50|100/100|[from] Parting Shot\n|-fieldstart|move: Electric Terrain|[from] ability: Hadron Engine|[of] p2b: Magical Mirai\n|\n|-weather|SunnyDay|[upkeep]\n|upkeep\n|turn|3\n|inactive|shangenb1 has 30 seconds left.\n|\n|t:|1773810977\n|switch|p1b: Indeedee|Indeedee-F, L50, F|100/100\n|-fieldstart|move: Psychic Terrain|[from] ability: Psychic Surge|[of] p1b: Indeedee\n|-terastallize|p1a: Koraidon|Fire\n|move|p2b: Magical Mirai|Snarl|p1b: Indeedee|[spread] p1a,p1b\n|-supereffective|p1b: Indeedee\n|-damage|p1a: Koraidon|86/100\n|-damage|p1b: Indeedee|70/100\n|-unboost|p1b: Indeedee|spa|1\n|move|p2a: Rice Shower|Astral Barrage|p1a: Koraidon|[spread] p1a\n|-immune|p1b: Indeedee\n|-damage|p1a: Koraidon|43/100\n|move|p1a: Koraidon|Flame Charge|p2a: Rice Shower\n|-damage|p2a: Rice Shower|0 fnt\n|-boost|p1a: Koraidon|spe|1\n|faint|p2a: Rice Shower\n|\n|-weather|SunnyDay|[upkeep]\n|upkeep\n|\n|t:|1773810988\n|switch|p2a: Clefairy|Clefairy, L50, M|100/100\n|turn|4\n|inactive|shangenb1 has 30 seconds left.\n|\n|t:|1773811019\n|switch|p1b: Chi-Yu|Chi-Yu, L50|20/100\n|-ability|p1b: Chi-Yu|Beads of Ruin\n|move|p2a: Clefairy|Helping Hand|p2b: Magical Mirai\n|-singleturn|p2b: Magical Mirai|Helping Hand|[of] p2a: Clefairy\n|move|p2b: Magical Mirai|Snarl|p1a: Koraidon|[spread] p1a,p1b\n|-resisted|p1b: Chi-Yu\n|-damage|p1a: Koraidon|16/100\n|-damage|p1b: Chi-Yu|6/100\n|-unboost|p1b: Chi-Yu|spa|1\n|move|p1a: Koraidon|Flare Blitz|p2a: Clefairy\n|-damage|p2a: Clefairy|0 fnt\n|faint|p2a: Clefairy\n|-damage|p1a: Koraidon|0 fnt|[from] Recoil\n|faint|p1a: Koraidon\n|\n|-weather|SunnyDay|[upkeep]\n|upkeep\n|inactive|shangenb1 has 30 seconds left.\n|\n|t:|1773811045\n|switch|p1a: Lunala|Lunala, L50|100/100\n|switch|p2a: Incineroar|Incineroar, L50, M, shiny|34/100\n|-ability|p2a: Incineroar|Intimidate|boost\n|-unboost|p1a: Lunala|atk|1\n|-unboost|p1b: Chi-Yu|atk|1\n|turn|5\n|inactive|shangenb1 has 30 seconds left.\n|inactive|shangenb1 has 20 seconds left.\n|\n|t:|1773811081\n|switch|p1b: Indeedee|Indeedee-F, L50, F|70/100\n|move|p2b: Magical Mirai|Snarl|p1a: Lunala|[spread] p1a,p1b\n|-supereffective|p1a: Lunala\n|-supereffective|p1b: Indeedee\n|-damage|p1a: Lunala|72/100\n|-damage|p1b: Indeedee|36/100\n|-unboost|p1a: Lunala|spa|1\n|-unboost|p1b: Indeedee|spa|1\n|move|p1a: Lunala|Expanding Force|p2b: Magical Mirai|[spread] p2b\n|-immune|p2a: Incineroar\n|-damage|p2b: Magical Mirai|61/100\n|move|p2a: Incineroar|Knock Off|p1b: Indeedee\n|-supereffective|p1b: Indeedee\n|-damage|p1b: Indeedee|0 fnt\n|-damage|p2a: Incineroar|17/100|[from] item: Rocky Helmet|[of] p1b: Indeedee\n|-enditem|p1b: Indeedee|Rocky Helmet|[from] move: Knock Off|[of] p2a: Incineroar\n|faint|p1b: Indeedee\n|\n|-weather|SunnyDay|[upkeep]\n|upkeep\n|\n|t:|1773811101\n|switch|p1b: Chi-Yu|Chi-Yu, L50|6/100\n|-ability|p1b: Chi-Yu|Beads of Ruin\n|turn|6\n|\n|t:|1773811114\n|move|p1a: Lunala|Wide Guard|p1a: Lunala\n|-singleturn|p1a: Lunala|Wide Guard\n|move|p2b: Magical Mirai|Snarl|p1b: Chi-Yu|[spread] \n|-activate|p1a: Lunala|move: Wide Guard\n|-activate|p1b: Chi-Yu|move: Wide Guard\n|move|p1b: Chi-Yu|Flamethrower|p2a: Incineroar\n|-resisted|p2a: Incineroar\n|-damage|p2a: Incineroar|0 fnt\n|faint|p2a: Incineroar\n|\n|-weather|none\n|upkeep\n|turn|7\n|c|\u2606TheManOfSausage|gg\n|-message|TheManOfSausage forfeited.\n|\n|win|shangenb1\n|raw|shangenb1's rating: 1518 &rarr; <strong>1535</strong><br />(+17 for winning)\n|raw|TheManOfSausage's rating: 1473 &rarr; <strong>1456</strong><br />(-17 for losing)\n|l|\u2606TheManOfSausage\n|player|p2|\n","uploadtime":1773811128,"views":13,"formatid":"gen9vgc2026regi","rating":1456,"private":0,"password":null}