{"id":"gen9vgc2026regi-2556649624","format":"[Gen 9] VGC 2026 Reg I","players":["j0l0k0","Guts is Zamacenta"],"log":"|j|\u2606j0l0k0\n|j|\u2606Guts is Zamacenta\n|t:|1773236565\n|gametype|doubles\n|player|p1|j0l0k0|brycen|1551\n|player|p2|Guts is Zamacenta|lucas|1541\n|gen|9\n|tier|[Gen 9] VGC 2026 Reg I\n|rated|\n|rule|Species Clause: Limit one of each Pok\u00e9mon\n|rule|Item Clause: Limit 1 of each item\n|clearpoke\n|poke|p1|Calyrex-Ice, L50|\n|poke|p1|Kyogre, L50|\n|poke|p1|Indeedee-F, L50, F|\n|poke|p1|Urshifu-*, L50, F|\n|poke|p1|Amoonguss, L50, F|\n|poke|p1|Landorus, L50, M|\n|poke|p2|Gholdengo, L50|\n|poke|p2|Ogerpon-Cornerstone, L50, F|\n|poke|p2|Chien-Pao, L50|\n|poke|p2|Zamazenta-*, L50|\n|poke|p2|Miraidon, L50|\n|poke|p2|Whimsicott, L50, M|\n|teampreview|4\n|inactive|Battle timer is ON: inactive players will automatically lose when time's up. (requested by j0l0k0)\n|\n|t:|1773236592\n|teamsize|p1|4\n|teamsize|p2|4\n|start\n|switch|p1a: Indeedee|Indeedee-F, L50, F, shiny|100/100\n|switch|p1b: Calyrex|Calyrex-Ice, L50|100/100\n|switch|p2a: Chien-Pao|Chien-Pao, L50|100/100\n|switch|p2b: Ogerpon|Ogerpon-Cornerstone, L50, F|100/100\n|-ability|p1b: Calyrex|As One\n|-ability|p1b: Calyrex|Unnerve\n|-ability|p2a: Chien-Pao|Sword of Ruin\n|-fieldstart|move: Psychic Terrain|[from] ability: Psychic Surge|[of] p1a: Indeedee\n|turn|1\n|\n|t:|1773236611\n|switch|p2b: Gholdengo|Gholdengo, L50|100/100\n|-terastallize|p1b: Calyrex|Normal\n|move|p1a: Indeedee|Follow Me|p1a: Indeedee\n|-singleturn|p1a: Indeedee|move: Follow Me\n|move|p2a: Chien-Pao|Ice Spinner|p1a: Indeedee\n|-damage|p1a: Indeedee|45/100\n|-fieldend|move: Psychic Terrain\n|move|p1b: Calyrex|Trick Room|p1b: Calyrex\n|-fieldstart|move: Trick Room|[of] p1b: Calyrex\n|\n|upkeep\n|turn|2\n|\n|t:|1773236627\n|move|p1a: Indeedee|Follow Me|p1a: Indeedee\n|-singleturn|p1a: Indeedee|move: Follow Me\n|move|p1b: Calyrex|Crunch|p2b: Gholdengo\n|-supereffective|p2b: Gholdengo\n|-damage|p2b: Gholdengo|10/100\n|-damage|p1b: Calyrex|84/100|[from] item: Rocky Helmet|[of] p2b: Gholdengo\n|move|p2b: Gholdengo|Make It Rain|p1b: Calyrex|[spread] p1a,p1b\n|-damage|p1a: Indeedee|7/100\n|-damage|p1b: Calyrex|49/100\n|-unboost|p2b: Gholdengo|spa|1\n|move|p2a: Chien-Pao|Sacred Sword|p1a: Indeedee\n|-damage|p1a: Indeedee|0 fnt\n|faint|p1a: Indeedee\n|\n|upkeep\n|\n|t:|1773236632\n|switch|p1a: Kyogre|Kyogre, L50, shiny|100/100\n|-weather|RainDance|[from] ability: Drizzle|[of] p1a: Kyogre\n|turn|3\n|\n|t:|1773236657\n|move|p2b: Gholdengo|Protect|p2b: Gholdengo\n|-singleturn|p2b: Gholdengo|Protect\n|move|p2a: Chien-Pao|Protect|p2a: Chien-Pao\n|-singleturn|p2a: Chien-Pao|Protect\n|move|p1b: Calyrex|Glacial Lance|p2a: Chien-Pao|[spread] \n|-activate|p2a: Chien-Pao|move: Protect\n|-activate|p2b: Gholdengo|move: Protect\n|move|p1a: Kyogre|Water Spout|p2a: Chien-Pao|[spread] \n|-activate|p2a: Chien-Pao|move: Protect\n|-activate|p2b: Gholdengo|move: Protect\n|\n|-weather|RainDance|[upkeep]\n|upkeep\n|turn|4\n|inactive|Guts is Zamacenta has 30 seconds left.\n|inactive|Guts is Zamacenta has 20 seconds left.\n|inactive|Guts is Zamacenta has 15 seconds left.\n|inactive|Guts is Zamacenta has 10 seconds left.\n|inactive|Guts is Zamacenta has 5 seconds left.\n|\n|t:|1773236707\n|move|p2a: Chien-Pao|Sucker Punch|p1a: Kyogre\n|-damage|p1a: Kyogre|57/100\n|move|p1b: Calyrex|Glacial Lance|p2b: Gholdengo|[spread] p2a,p2b\n|-resisted|p2a: Chien-Pao\n|-resisted|p2b: Gholdengo\n|-damage|p2a: Chien-Pao|59/100\n|-damage|p2b: Gholdengo|0 fnt\n|faint|p2b: Gholdengo\n|-ability|p1b: Calyrex|Chilling Neigh|boost\n|-boost|p1b: Calyrex|atk|1\n|move|p1a: Kyogre|Water Spout|p2a: Chien-Pao\n|-damage|p2a: Chien-Pao|0 fnt\n|faint|p2a: Chien-Pao\n|\n|-weather|RainDance|[upkeep]\n|upkeep\n|\n|t:|1773236719\n|switch|p2b: Ogerpon|Ogerpon-Cornerstone, L50, F|100/100\n|switch|p2a: Zamazenta|Zamazenta-Crowned, L50|100/100\n|-ability|p2a: Zamazenta|Dauntless Shield|boost\n|-boost|p2a: Zamazenta|def|1\n|turn|5\n|\n|t:|1773236731\n|move|p2a: Zamazenta|Wide Guard|p2a: Zamazenta\n|-singleturn|p2a: Zamazenta|Wide Guard\n|move|p1b: Calyrex|Glacial Lance|p2b: Ogerpon|[spread] \n|-activate|p2a: Zamazenta|move: Wide Guard\n|-activate|p2b: Ogerpon|move: Wide Guard\n|move|p1a: Kyogre|Water Spout|p2b: Ogerpon|[spread] \n|-activate|p2a: Zamazenta|move: Wide Guard\n|-activate|p2b: Ogerpon|move: Wide Guard\n|move|p2b: Ogerpon|Power Whip|p1a: Kyogre\n|-supereffective|p1a: Kyogre\n|-damage|p1a: Kyogre|0 fnt\n|faint|p1a: Kyogre\n|\n|-weather|RainDance|[upkeep]\n|-fieldend|move: Trick Room\n|upkeep\n|\n|t:|1773236734\n|switch|p1a: Landorus|Landorus, L50, M, shiny|100/100\n|turn|6\n|\n|t:|1773236751\n|-terastallize|p2a: Zamazenta|Dragon\n|move|p2b: Ogerpon|Ivy Cudgel|p1a: Landorus|[anim] Ivy Cudgel Rock\n|-damage|p1a: Landorus|36/100\n|move|p2a: Zamazenta|Body Press|p1b: Calyrex\n|-supereffective|p1b: Calyrex\n|-damage|p1b: Calyrex|0 fnt\n|faint|p1b: Calyrex\n|move|p1a: Landorus|Sandsear Storm|p2b: Ogerpon|[spread] p2a,p2b\n|-damage|p2a: Zamazenta|55/100\n|-damage|p2b: Ogerpon|28/100\n|\n|-weather|RainDance|[upkeep]\n|upkeep\n|turn|7\n|c|\u2606j0l0k0|ggwp\n|\n|t:|1773236766\n|move|p2b: Ogerpon|Ivy Cudgel|p1a: Landorus|[anim] Ivy Cudgel Rock\n|-damage|p1a: Landorus|0 fnt\n|faint|p1a: Landorus\n|\n|win|Guts is Zamacenta\n|raw|j0l0k0's rating: 1551 &rarr; <strong>1530</strong><br />(-21 for losing)\n|raw|Guts is Zamacenta's rating: 1541 &rarr; <strong>1562</strong><br />(+21 for winning)\n|l|\u2606j0l0k0\n|player|p1|\n|l|\u2606Guts is Zamacenta\n|player|p2|\n","uploadtime":1773237008,"views":18,"formatid":"gen9vgc2026regi","rating":1530,"private":0,"password":null}