{"id":"gen9vgc2026regi-2582721134","format":"[Gen 9] VGC 2026 Reg I","players":["Shagrathisbeast","Alejandro Almada"],"log":"|j|\u2606Shagrathisbeast\n|j|\u2606Alejandro Almada\n|t:|1776109544\n|gametype|doubles\n|player|p1|Shagrathisbeast|102|1533\n|player|p2|Alejandro Almada|102|1413\n|gen|9\n|tier|[Gen 9] VGC 2026 Reg I\n|rated|\n|rule|Species Clause: Limit one of each Pok\u00e9mon\n|rule|Item Clause: Limit 1 of each item\n|clearpoke\n|poke|p1|Terapagos, L50, M|\n|poke|p1|Calyrex-Shadow, L50|\n|poke|p1|Whimsicott, L50, M|\n|poke|p1|Chi-Yu, L50|\n|poke|p1|Smeargle, L50, M|\n|poke|p1|Iron Hands, L50|\n|poke|p2|Lunala, L50|\n|poke|p2|Ursaluna, L50, M|\n|poke|p2|Urshifu-*, L50, M|\n|poke|p2|Miraidon, L50|\n|poke|p2|Grimmsnarl, L50, M|\n|poke|p2|Incineroar, L50, F|\n|teampreview|4\n|inactive|Battle timer is ON: inactive players will automatically lose when time's up. (requested by Alejandro Almada)\n|inactive|Shagrathisbeast has 60 seconds left.\n|\n|t:|1776109593\n|teamsize|p1|4\n|teamsize|p2|4\n|start\n|switch|p1a: Terapagos|Terapagos, L50, M|100/100\n|switch|p1b: Smeargle|Smeargle, L50, M, shiny|100/100\n|switch|p2a: Miraidon|Miraidon, L50|100/100\n|switch|p2b: Grimmsnarl|Grimmsnarl, L50, M|100/100\n|-activate|p1a: Terapagos|ability: Tera Shift\n|detailschange|p1a: Terapagos|Terapagos-Terastal, L50, M\n|-heal|p1a: Terapagos|100/100|[silent]\n|-fieldstart|move: Electric Terrain|[from] ability: Hadron Engine|[of] p2a: Miraidon\n|turn|1\n|\n|t:|1776109608\n|move|p1b: Smeargle|Fake Out|p2a: Miraidon\n|-crit|p2a: Miraidon\n|-damage|p2a: Miraidon|95/100\n|move|p2b: Grimmsnarl|Light Screen|p2b: Grimmsnarl\n|-sidestart|p2: Alejandro Almada|move: Light Screen\n|cant|p2a: Miraidon|flinch\n|move|p1a: Terapagos|Meteor Beam||[still]\n|-prepare|p1a: Terapagos|Meteor Beam\n|-boost|p1a: Terapagos|spa|1\n|-enditem|p1a: Terapagos|Power Herb\n|-anim|p1a: Terapagos|Meteor Beam|p2a: Miraidon\n|-damage|p2a: Miraidon|73/100\n|\n|-ability|p1b: Smeargle|Moody|boost\n|-boost|p1b: Smeargle|def|2\n|-unboost|p1b: Smeargle|atk|1\n|upkeep\n|turn|2\n|inactive|Shagrathisbeast has 30 seconds left.\n|inactive|Shagrathisbeast has 20 seconds left.\n|inactive|Shagrathisbeast has 15 seconds left.\n|\n|t:|1776109653\n|move|p1a: Terapagos|Protect|p1a: Terapagos\n|-singleturn|p1a: Terapagos|Protect\n|move|p2a: Miraidon|Snarl|p1b: Smeargle|[spread] p1b\n|-activate|p1a: Terapagos|move: Protect\n|-damage|p1b: Smeargle|61/100\n|-unboost|p1b: Smeargle|spa|1\n|move|p1b: Smeargle|Decorate|p1a: Terapagos\n|-boost|p1a: Terapagos|atk|2\n|-boost|p1a: Terapagos|spa|2\n|move|p2b: Grimmsnarl|Spirit Break|p1a: Terapagos\n|-activate|p1a: Terapagos|move: Protect\n|\n|-ability|p1b: Smeargle|Moody|boost\n|-boost|p1b: Smeargle|def|2\n|-unboost|p1b: Smeargle|atk|1\n|upkeep\n|turn|3\n|inactive|Shagrathisbeast has 30 seconds left.\n|\n|t:|1776109682\n|switch|p1b: Iron Hands|Iron Hands, L50, shiny|100/100\n|-activate|p1b: Iron Hands|ability: Quark Drive\n|-start|p1b: Iron Hands|quarkdriveatk\n|-terastallize|p1a: Terapagos|Stellar\n|detailschange|p1a: Terapagos|Terapagos-Stellar, L50, M, tera:Stellar\n|-heal|p1a: Terapagos|100/100|[silent]\n|-ability|p1a: Terapagos|Teraform Zero\n|-fieldend|move: Electric Terrain\n|-end|p1b: Iron Hands|Quark Drive\n|move|p2a: Miraidon|Electro Drift|p1a: Terapagos\n|-damage|p1a: Terapagos|60/100\n|move|p1a: Terapagos|Tera Starstorm|p2a: Miraidon|[spread] p2a,p2b\n|-damage|p2a: Miraidon|36/100\n|-damage|p2b: Grimmsnarl|43/100\n|move|p2b: Grimmsnarl|Spirit Break|p1a: Terapagos\n|-damage|p1a: Terapagos|39/100\n|-unboost|p1a: Terapagos|spa|1\n|\n|upkeep\n|turn|4\n|inactive|Shagrathisbeast has 30 seconds left.\n|\n|t:|1776109711\n|move|p1a: Terapagos|Protect|p1a: Terapagos\n|-singleturn|p1a: Terapagos|Protect\n|move|p2b: Grimmsnarl|Thunder Wave|p1a: Terapagos\n|-activate|p1a: Terapagos|move: Protect\n|move|p2a: Miraidon|Electro Drift|p1a: Terapagos\n|-activate|p1a: Terapagos|move: Protect\n|move|p1b: Iron Hands|Low Kick|p2a: Miraidon\n|-damage|p2a: Miraidon|0 fnt\n|faint|p2a: Miraidon\n|\n|upkeep\n|\n|t:|1776109716\n|switch|p2a: Urshifu|Urshifu-Rapid-Strike, L50, M|100/100\n|turn|5\n|\n|t:|1776109734\n|move|p2b: Grimmsnarl|Reflect|p2b: Grimmsnarl\n|-sidestart|p2: Alejandro Almada|Reflect\n|move|p2a: Urshifu|Surging Strikes|p1a: Terapagos\n|-crit|p1a: Terapagos\n|-damage|p1a: Terapagos|19/100\n|-crit|p1a: Terapagos\n|-damage|p1a: Terapagos|0 fnt\n|faint|p1a: Terapagos\n|detailschange|p1: Terapagos|Terapagos, L50, M|[silent]\n|-hitcount|p1: Terapagos|2\n|move|p1b: Iron Hands|Wild Charge|p2a: Urshifu\n|-supereffective|p2a: Urshifu\n|-damage|p2a: Urshifu|35/100\n|-damage|p1b: Iron Hands|88/100|[from] Recoil\n|\n|upkeep\n|\n|t:|1776109747\n|switch|p1a: Smeargle|Smeargle, L50, M, shiny|61/100\n|turn|6\n|inactive|Shagrathisbeast has 30 seconds left.\n|inactive|Shagrathisbeast has 20 seconds left.\n|\n|t:|1776109784\n|move|p2a: Urshifu|Surging Strikes|p1b: Iron Hands\n|-crit|p1b: Iron Hands\n|-damage|p1b: Iron Hands|67/100\n|-crit|p1b: Iron Hands\n|-damage|p1b: Iron Hands|45/100\n|-crit|p1b: Iron Hands\n|-damage|p1b: Iron Hands|23/100\n|-hitcount|p1b: Iron Hands|3\n|move|p1a: Smeargle|Spore|p2b: Grimmsnarl\n|-status|p2b: Grimmsnarl|slp|[from] move: Spore\n|cant|p2b: Grimmsnarl|slp\n|move|p1b: Iron Hands|Wild Charge|p2a: Urshifu\n|-supereffective|p2a: Urshifu\n|-damage|p2a: Urshifu|0 fnt\n|faint|p2a: Urshifu\n|-damage|p1b: Iron Hands|16/100|[from] Recoil\n|\n|-ability|p1a: Smeargle|Moody|boost\n|-boost|p1a: Smeargle|atk|2\n|-unboost|p1a: Smeargle|def|1\n|upkeep\n|\n|t:|1776109796\n|switch|p2a: Lunala|Lunala, L50|100/100\n|turn|7\n|\n|t:|1776109812\n|cant|p2b: Grimmsnarl|slp\n|move|p1a: Smeargle|Spore|p2a: Lunala\n|-status|p2a: Lunala|slp|[from] move: Spore\n|cant|p2a: Lunala|slp\n|move|p1b: Iron Hands|Drain Punch|p2b: Grimmsnarl\n|-crit|p2b: Grimmsnarl\n|-damage|p2b: Grimmsnarl|0 fnt\n|-heal|p1b: Iron Hands|33/100|[from] drain|[of] p2b: Grimmsnarl\n|faint|p2b: Grimmsnarl\n|\n|-ability|p1a: Smeargle|Moody|boost\n|-boost|p1a: Smeargle|spa|2\n|-unboost|p1a: Smeargle|spd|1\n|upkeep\n|turn|8\n|\n|t:|1776109827\n|move|p1a: Smeargle|Follow Me|p1a: Smeargle\n|-singleturn|p1a: Smeargle|move: Follow Me\n|cant|p2a: Lunala|slp\n|move|p1b: Iron Hands|Wild Charge|p2a: Lunala\n|-damage|p2a: Lunala|88/100 slp\n|-damage|p1b: Iron Hands|30/100|[from] Recoil\n|\n|-sideend|p2: Alejandro Almada|move: Light Screen\n|-ability|p1a: Smeargle|Moody|boost\n|-boost|p1a: Smeargle|spd|2\n|-unboost|p1a: Smeargle|atk|1\n|upkeep\n|turn|9\n|\n|t:|1776109842\n|move|p1a: Smeargle|Decorate|p1b: Iron Hands\n|-boost|p1b: Iron Hands|atk|2\n|-boost|p1b: Iron Hands|spa|2\n|cant|p2a: Lunala|slp\n|move|p1b: Iron Hands|Wild Charge|p2a: Lunala\n|-damage|p2a: Lunala|41/100 slp\n|-damage|p1b: Iron Hands|19/100|[from] Recoil\n|\n|-ability|p1a: Smeargle|Moody|boost\n|-boost|p1a: Smeargle|spe|2\n|-unboost|p1a: Smeargle|spa|1\n|upkeep\n|turn|10\n|\n|t:|1776109852\n|move|p1a: Smeargle|Follow Me|p1a: Smeargle\n|-singleturn|p1a: Smeargle|move: Follow Me\n|-curestatus|p2a: Lunala|slp|[msg]\n|move|p2a: Lunala|Moonblast|p1a: Smeargle\n|-damage|p1a: Smeargle|15/100\n|-unboost|p1a: Smeargle|spa|1\n|move|p1b: Iron Hands|Wild Charge|p2a: Lunala\n|-damage|p2a: Lunala|0 fnt\n|faint|p2a: Lunala\n|-damage|p1b: Iron Hands|10/100|[from] Recoil\n|\n|win|Shagrathisbeast\n|raw|Shagrathisbeast's rating: 1533 &rarr; <strong>1546</strong><br />(+13 for winning)\n|raw|Alejandro Almada's rating: 1413 &rarr; <strong>1400</strong><br />(-13 for losing)\n|l|\u2606Alejandro Almada\n|player|p2|\n|c|\u2606Shagrathisbeast|ggwp\n","uploadtime":1776109871,"views":11,"formatid":"gen9vgc2026regi","rating":1400,"private":0,"password":null}