{"id":"gen9vgc2026regi-2552348546","format":"[Gen 9] VGC 2026 Reg I","players":["I\u2764\ufe0f\u5a1c\u7984forever","cesaretuc"],"log":"|j|\u2606I\u2764\ufe0f\u5a1c\u7984forever\n|j|\u2606cesaretuc\n|t:|1772711634\n|gametype|doubles\n|player|p1|I\u2764\ufe0f\u5a1c\u7984forever|youngcouple-gen4dp|1300\n|player|p2|cesaretuc|silver|1334\n|gen|9\n|tier|[Gen 9] VGC 2026 Reg I\n|rated|\n|rule|Species Clause: Limit one of each Pok\u00e9mon\n|rule|Item Clause: Limit 1 of each item\n|clearpoke\n|poke|p1|Groudon, L50|\n|poke|p1|Kyurem-White, L50|\n|poke|p1|Heatran, L50, M|\n|poke|p1|Whimsicott, L50, M|\n|poke|p1|Roaring Moon, L50|\n|poke|p1|Ditto, L50|\n|poke|p2|Dialga-Origin, L50|\n|poke|p2|Miraidon, L50|\n|poke|p2|Ursaluna, L50, M|\n|poke|p2|Cresselia, L50, F|\n|poke|p2|Oranguru, L50, F|\n|poke|p2|Ogerpon-Wellspring, L50, F|\n|teampreview|4\n|\n|t:|1772711715\n|teamsize|p1|4\n|teamsize|p2|4\n|start\n|switch|p1a: Kyurem|Kyurem-White, L50|100/100\n|switch|p1b: Heatran|Heatran, L50, M|100/100\n|switch|p2a: Ogerpon|Ogerpon-Wellspring, L50, F|100/100\n|switch|p2b: Dialga|Dialga-Origin, L50, shiny|100/100\n|-ability|p1a: Kyurem|Turboblaze\n|turn|1\n|\n|t:|1772711753\n|move|p2a: Ogerpon|Ivy Cudgel|p1b: Heatran|[anim] Ivy Cudgel Water\n|-supereffective|p1b: Heatran\n|-damage|p1b: Heatran|19/100\n|move|p1a: Kyurem|Blizzard|p2a: Ogerpon|[spread] p2a,p2b\n|-damage|p2a: Ogerpon|41/100\n|-damage|p2b: Dialga|54/100\n|move|p1b: Heatran|Substitute|p1b: Heatran\n|-fail|p1b: Heatran|move: Substitute|[weak]\n|move|p2b: Dialga|Trick Room|p2b: Dialga\n|-fieldstart|move: Trick Room|[of] p2b: Dialga\n|\n|-heal|p1b: Heatran|25/100|[from] item: Leftovers\n|upkeep\n|turn|2\n|\n|t:|1772711784\n|move|p1b: Heatran|Earth Power|p2b: Dialga\n|-supereffective|p2b: Dialga\n|-damage|p2b: Dialga|8/100\n|move|p2b: Dialga|Dragon Pulse|p1a: Kyurem\n|-supereffective|p1a: Kyurem\n|-damage|p1a: Kyurem|0 fnt\n|faint|p1a: Kyurem\n|move|p2a: Ogerpon|Ivy Cudgel|p1b: Heatran|[anim] Ivy Cudgel Water\n|-supereffective|p1b: Heatran\n|-damage|p1b: Heatran|0 fnt\n|faint|p1b: Heatran\n|\n|upkeep\n|\n|t:|1772711794\n|switch|p1b: Groudon|Groudon, L50|100/100\n|switch|p1a: Ditto|Ditto, L50|100/100\n|-transform|p1a: Ditto|p2b: Dialga|[from] ability: Imposter\n|-weather|SunnyDay|[from] ability: Drought|[of] p1b: Groudon\n|turn|3\n|\n|t:|1772711814\n|switch|p2b: Ursaluna|Ursaluna, L50, M, shiny|100/100\n|move|p1a: Ditto|Dragon Pulse|p2a: Ogerpon\n|-damage|p2a: Ogerpon|0 fnt\n|faint|p2a: Ogerpon\n|move|p1b: Groudon|Precipice Blades|p2b: Ursaluna|[miss]\n|-miss|p1b: Groudon|p2b: Ursaluna\n|\n|-weather|SunnyDay|[upkeep]\n|-status|p2b: Ursaluna|brn|[from] item: Flame Orb\n|upkeep\n|\n|t:|1772711824\n|switch|p2a: Dialga|Dialga-Origin, L50, shiny|8/100\n|turn|4\n|\n|t:|1772711844\n|move|p1a: Ditto|Protect|p1a: Ditto\n|-singleturn|p1a: Ditto|Protect\n|move|p2b: Ursaluna|Earthquake|p1b: Groudon|[spread] p1b\n|-activate|p1a: Ditto|move: Protect\n|-activate|p2a: Dialga|ability: Telepathy\n|-damage|p1b: Groudon|58/100\n|move|p2a: Dialga|Dragon Pulse|p1b: Groudon\n|-damage|p1b: Groudon|19/100\n|move|p1b: Groudon|Precipice Blades|p2a: Dialga|[spread] p2a,p2b\n|-supereffective|p2a: Dialga\n|-damage|p2a: Dialga|0 fnt\n|-damage|p2b: Ursaluna|65/100 brn\n|faint|p2a: Dialga\n|\n|-weather|SunnyDay|[upkeep]\n|-damage|p2b: Ursaluna|59/100 brn|[from] brn\n|upkeep\n|\n|t:|1772711859\n|switch|p2a: Miraidon|Miraidon, L50|100/100\n|-fieldstart|move: Electric Terrain|[from] ability: Hadron Engine|[of] p2a: Miraidon\n|turn|5\n|\n|t:|1772711869\n|-terastallize|p2a: Miraidon|Electric\n|move|p2b: Ursaluna|Earthquake|p1a: Ditto|[spread] p2a,p1a,p1b\n|-supereffective|p2a: Miraidon\n|-supereffective|p1a: Ditto\n|-damage|p2a: Miraidon|0 fnt\n|-damage|p1a: Ditto|0 fnt\n|-damage|p1b: Groudon|0 fnt\n|faint|p2a: Miraidon\n|faint|p1a: Ditto\n|faint|p1b: Groudon\n|\n|win|cesaretuc\n|raw|I\u2764\ufe0f\u5a1c\u7984forever's rating: 1300 &rarr; <strong>1277</strong><br />(-23 for losing)\n|raw|cesaretuc's rating: 1334 &rarr; <strong>1352</strong><br />(+18 for winning)\n|l|\u2606I\u2764\ufe0f\u5a1c\u7984forever\n|player|p1|\n|l|\u2606cesaretuc\n|player|p2|\n","uploadtime":1772712046,"views":12,"formatid":"gen9vgc2026regi","rating":1277,"private":0,"password":null}