{"id":"gen9vgc2026regi-2544673838","format":"[Gen 9] VGC 2026 Reg I","players":["ryo8989","singgab"],"log":"|j|\u2606ryo8989\n|j|\u2606singgab\n|t:|1771737466\n|gametype|doubles\n|player|p1|ryo8989|erika|1372\n|player|p2|singgab|1|1350\n|gen|9\n|tier|[Gen 9] VGC 2026 Reg I\n|rated|\n|rule|Species Clause: Limit one of each Pok\u00e9mon\n|rule|Item Clause: Limit 1 of each item\n|clearpoke\n|poke|p1|Calyrex-Shadow, L50|\n|poke|p1|Zamazenta-*, L50|\n|poke|p1|Raging Bolt, L50|\n|poke|p1|Tornadus, L50, M|\n|poke|p1|Urshifu-*, L50, M|\n|poke|p1|Indeedee-F, L50, F|\n|poke|p2|Calyrex-Ice, L50|\n|poke|p2|Miraidon, L50|\n|poke|p2|Incineroar, L50, F|\n|poke|p2|Ursaluna, L50, F|\n|poke|p2|Urshifu-*, L50, M|\n|poke|p2|Whimsicott, L50, F|\n|teampreview|4\n|inactive|Battle timer is ON: inactive players will automatically lose when time's up. (requested by ryo8989)\n|\n|t:|1771737516\n|teamsize|p1|4\n|teamsize|p2|4\n|start\n|switch|p1a: Calyrex|Calyrex-Shadow, L50|100/100\n|switch|p1b: Indeedee|Indeedee-F, L50, F|100/100\n|switch|p2a: Calyrex|Calyrex-Ice, L50|100/100\n|switch|p2b: Urshifu|Urshifu-Rapid-Strike, L50, M|100/100\n|-ability|p1a: Calyrex|As One\n|-ability|p1a: Calyrex|Unnerve\n|-ability|p2a: Calyrex|As One\n|-ability|p2a: Calyrex|Unnerve\n|-fieldstart|move: Psychic Terrain|[from] ability: Psychic Surge|[of] p1b: Indeedee\n|turn|1\n|inactive|ryo8989 has 30 seconds left.\n|inactive|singgab has 30 seconds left.\n|inactive|ryo8989 has 20 seconds left.\n|\n|t:|1771737555\n|-terastallize|p2a: Calyrex|Water\n|move|p1b: Indeedee|Helping Hand|p1a: Calyrex\n|-singleturn|p1a: Calyrex|Helping Hand|[of] p1b: Indeedee\n|move|p2b: Urshifu|U-turn|p1a: Calyrex\n|-damage|p1a: Calyrex|66/100\n|\n|t:|1771737570\n|switch|p2b: Miraidon|Miraidon, L50|100/100|[from] U-turn\n|-fieldstart|move: Electric Terrain|[from] ability: Hadron Engine|[of] p2b: Miraidon\n|move|p1a: Calyrex|Astral Barrage|p2b: Miraidon|[spread] p2a,p2b\n|-damage|p2a: Calyrex|51/100\n|-damage|p2b: Miraidon|61/100\n|move|p2a: Calyrex|Glacial Lance|p1b: Indeedee|[spread] p1a,p1b\n|-damage|p1a: Calyrex|7/100\n|-damage|p1b: Indeedee|54/100\n|\n|upkeep\n|turn|2\n|inactive|singgab has 30 seconds left.\n|\n|t:|1771737596\n|switch|p2a: Incineroar|Incineroar, L50, F|100/100\n|-ability|p2a: Incineroar|Intimidate|boost\n|-unboost|p1a: Calyrex|atk|1\n|-unboost|p1b: Indeedee|atk|1\n|move|p1b: Indeedee|Helping Hand|p1a: Calyrex\n|-singleturn|p1a: Calyrex|Helping Hand|[of] p1b: Indeedee\n|move|p1a: Calyrex|Astral Barrage|p2b: Miraidon|[spread] p2a,p2b\n|-resisted|p2a: Incineroar\n|-damage|p2a: Incineroar|66/100\n|-damage|p2b: Miraidon|21/100\n|move|p2b: Miraidon|Snarl|p1b: Indeedee|[spread] p1a,p1b\n|-supereffective|p1a: Calyrex\n|-supereffective|p1b: Indeedee\n|-damage|p1a: Calyrex|0 fnt\n|-damage|p1b: Indeedee|17/100\n|-unboost|p1b: Indeedee|spa|1\n|faint|p1a: Calyrex\n|\n|upkeep\n|\n|t:|1771737615\n|switch|p1a: Zamazenta|Zamazenta-Crowned, L50, shiny|100/100\n|-ability|p1a: Zamazenta|Dauntless Shield|boost\n|-boost|p1a: Zamazenta|def|1\n|turn|3\n|inactive|singgab has 30 seconds left.\n|inactive|singgab has 20 seconds left.\n|\n|t:|1771737652\n|switch|p2b: Calyrex|Calyrex-Ice, L50, tera:Water|51/100\n|-ability|p2b: Calyrex|As One\n|-ability|p2b: Calyrex|Unnerve\n|switch|p1b: Raging Bolt|Raging Bolt, L50|100/100\n|-enditem|p1b: Raging Bolt|Booster Energy\n|-activate|p1b: Raging Bolt|ability: Protosynthesis|[fromitem]\n|-start|p1b: Raging Bolt|protosynthesisspa\n|move|p1a: Zamazenta|Protect|p1a: Zamazenta\n|-singleturn|p1a: Zamazenta|Protect\n|move|p2a: Incineroar|Parting Shot|p1a: Zamazenta\n|-activate|p1a: Zamazenta|move: Protect\n|\n|upkeep\n|turn|4\n|inactive|singgab has 30 seconds left.\n|inactive|singgab has 20 seconds left.\n|inactive|singgab has 15 seconds left.\n|inactive|singgab has 10 seconds left.\n|\n|t:|1771737698\n|switch|p2a: Urshifu|Urshifu-Rapid-Strike, L50, M|100/100\n|switch|p2b: Miraidon|Miraidon, L50|21/100\n|-activate|p2b: Miraidon|ability: Hadron Engine\n|move|p1a: Zamazenta|Body Press|p2a: Urshifu\n|-damage|p2a: Urshifu|39/100\n|move|p1b: Raging Bolt|Thunderbolt|p2b: Miraidon\n|-resisted|p2b: Miraidon\n|-damage|p2b: Miraidon|11/100\n|\n|upkeep\n|turn|5\n|inactive|ryo8989 has 30 seconds left.\n|inactive|singgab has 30 seconds left.\n|\n|t:|1771737732\n|-terastallize|p1a: Zamazenta|Dragon\n|move|p1b: Raging Bolt|Protect|p1b: Raging Bolt\n|-singleturn|p1b: Raging Bolt|Protect\n|move|p2a: Urshifu|Close Combat|p1a: Zamazenta\n|-damage|p1a: Zamazenta|73/100\n|-unboost|p2a: Urshifu|def|1\n|-unboost|p2a: Urshifu|spd|1\n|move|p1a: Zamazenta|Body Press|p2b: Miraidon\n|-damage|p2b: Miraidon|0 fnt\n|faint|p2b: Miraidon\n|\n|-fieldend|move: Electric Terrain\n|upkeep\n|\n|t:|1771737748\n|switch|p2b: Calyrex|Calyrex-Ice, L50, tera:Water|51/100\n|-ability|p2b: Calyrex|As One\n|-ability|p2b: Calyrex|Unnerve\n|turn|6\n|\n|t:|1771737764\n|move|p2b: Calyrex|Protect|p2b: Calyrex\n|-singleturn|p2b: Calyrex|Protect\n|move|p2a: Urshifu|Close Combat|p1b: Raging Bolt\n|-damage|p1b: Raging Bolt|39/100\n|-unboost|p2a: Urshifu|def|1\n|-unboost|p2a: Urshifu|spd|1\n|move|p1a: Zamazenta|Body Press|p2a: Urshifu\n|-damage|p2a: Urshifu|0 fnt\n|faint|p2a: Urshifu\n|move|p1b: Raging Bolt|Thunderbolt|p2b: Calyrex\n|-activate|p2b: Calyrex|move: Protect\n|\n|upkeep\n|\n|t:|1771737777\n|switch|p2a: Incineroar|Incineroar, L50, F|66/100\n|-ability|p2a: Incineroar|Intimidate|boost\n|-unboost|p1a: Zamazenta|atk|1\n|-unboost|p1b: Raging Bolt|atk|1\n|turn|7\n|inactive|ryo8989 has 30 seconds left.\n|\n|t:|1771737803\n|move|p1a: Zamazenta|Wide Guard|p1a: Zamazenta\n|-singleturn|p1a: Zamazenta|Wide Guard\n|move|p2a: Incineroar|Fake Out|p1b: Raging Bolt\n|-damage|p1b: Raging Bolt|28/100\n|cant|p1b: Raging Bolt|flinch\n|move|p2b: Calyrex|Trick Room|p2b: Calyrex\n|-fieldstart|move: Trick Room|[of] p2b: Calyrex\n|\n|upkeep\n|turn|8\n|\n|t:|1771737825\n|move|p1a: Zamazenta|Wide Guard|p1a: Zamazenta\n|-singleturn|p1a: Zamazenta|Wide Guard\n|move|p1b: Raging Bolt|Thunderclap|p2b: Calyrex\n|-supereffective|p2b: Calyrex\n|-damage|p2b: Calyrex|0 fnt\n|faint|p2b: Calyrex\n|move|p2a: Incineroar|Knock Off|p1b: Raging Bolt\n|-damage|p1b: Raging Bolt|1/100\n|\n|upkeep\n|turn|9\n|inactive|singgab has 30 seconds left.\n|inactive|singgab has 20 seconds left.\n|\n|t:|1771737862\n|move|p1b: Raging Bolt|Thunderclap|p2a: Incineroar\n|-damage|p2a: Incineroar|21/100\n|move|p2a: Incineroar|Knock Off|p1a: Zamazenta\n|-damage|p1a: Zamazenta|62/100\n|move|p1a: Zamazenta|Body Press|p2a: Incineroar\n|-supereffective|p2a: Incineroar\n|-damage|p2a: Incineroar|0 fnt\n|-damage|p1a: Zamazenta|46/100|[from] item: Rocky Helmet|[of] p2a: Incineroar\n|faint|p2a: Incineroar\n|\n|win|ryo8989\n|raw|ryo8989's rating: 1372 &rarr; <strong>1391</strong><br />(+19 for winning)\n|raw|singgab's rating: 1350 &rarr; <strong>1331</strong><br />(-19 for losing)\n|l|\u2606singgab\n|player|p2|\n|l|\u2606ryo8989\n|player|p1|\n","uploadtime":1771738054,"views":12,"formatid":"gen9vgc2026regi","rating":1331,"private":0,"password":null}