{"id":"gen9vgc2026regi-2568683925","format":"[Gen 9] VGC 2026 Reg I","players":["robolibra","Binky11"],"log":"|j|\u2606robolibra\n|j|\u2606Binky11\n|t:|1774613668\n|gametype|doubles\n|player|p1|robolibra|depotagent|1364\n|player|p2|Binky11|miku-ice|1362\n|gen|9\n|tier|[Gen 9] VGC 2026 Reg I\n|rated|\n|rule|Species Clause: Limit one of each Pok\u00e9mon\n|rule|Item Clause: Limit 1 of each item\n|clearpoke\n|poke|p1|Miraidon, L50|\n|poke|p1|Kyogre, L50|\n|poke|p1|Iron Bundle, L50|\n|poke|p1|Araquanid, L50, M|\n|poke|p1|Overqwil, L50, F|\n|poke|p1|Landorus, L50, M|\n|poke|p2|Kyogre, L50|\n|poke|p2|Necrozma-Dusk-Mane, L50|\n|poke|p2|Amoonguss, L50, M|\n|poke|p2|Iron Jugulis, L50|\n|poke|p2|Raging Bolt, L50|\n|poke|p2|Urshifu-*, L50, F|\n|teampreview|4\n|c|\u2606robolibra|glhf!\n|inactive|Battle timer is ON: inactive players will automatically lose when time's up. (requested by robolibra)\n|inactive|robolibra has 60 seconds left.\n|\n|t:|1774613707\n|teamsize|p1|4\n|teamsize|p2|4\n|start\n|switch|p1a: Wawa Hoagie|Miraidon, L50|100/100\n|switch|p1b: Bungle|Iron Bundle, L50|100/100\n|switch|p2a: Necrozma|Necrozma-Dusk-Mane, L50|100/100\n|switch|p2b: Iron Jugulis|Iron Jugulis, L50|100/100\n|-fieldstart|move: Electric Terrain|[from] ability: Hadron Engine|[of] p1a: Wawa Hoagie\n|-activate|p1b: Bungle|ability: Quark Drive\n|-start|p1b: Bungle|quarkdrivespe\n|-activate|p2b: Iron Jugulis|ability: Quark Drive\n|-start|p2b: Iron Jugulis|quarkdrivespe\n|turn|1\n|\n|t:|1774613726\n|move|p1b: Bungle|Icy Wind|p2a: Necrozma|[spread] p2a,p2b\n|-resisted|p2a: Necrozma\n|-supereffective|p2b: Iron Jugulis\n|-damage|p2a: Necrozma|92/100\n|-damage|p2b: Iron Jugulis|61/100\n|-unboost|p2b: Iron Jugulis|spe|1\n|move|p1a: Wawa Hoagie|Volt Switch|p2a: Necrozma\n|-damage|p2a: Necrozma|14/100\n|\n|t:|1774613740\n|switch|p1a: Lakitu|Landorus, L50, M|100/100|[from] Volt Switch\n|move|p2b: Iron Jugulis|Snarl|p1b: Bungle|[spread] p1a,p1b\n|-damage|p1a: Lakitu|79/100\n|-damage|p1b: Bungle|68/100\n|-unboost|p1a: Lakitu|spa|1\n|-unboost|p1b: Bungle|spa|1\n|move|p2a: Necrozma|Trick Room|p2a: Necrozma\n|-fieldstart|move: Trick Room|[of] p2a: Necrozma\n|\n|upkeep\n|turn|2\n|\n|t:|1774613757\n|move|p2a: Necrozma|Sunsteel Strike|p1a: Lakitu\n|-crit|p1a: Lakitu\n|-damage|p1a: Lakitu|0 fnt\n|faint|p1a: Lakitu\n|move|p2b: Iron Jugulis|Snarl|p1b: Bungle\n|-damage|p1b: Bungle|26/100\n|-unboost|p1b: Bungle|spa|1\n|move|p1b: Bungle|Freeze-Dry|p2a: Necrozma\n|-resisted|p2a: Necrozma\n|-damage|p2a: Necrozma|8/100\n|\n|upkeep\n|\n|t:|1774613768\n|switch|p1a: Fish Sticks|Kyogre, L50|100/100\n|-weather|RainDance|[from] ability: Drizzle|[of] p1a: Fish Sticks\n|turn|3\n|\n|t:|1774613777\n|move|p2a: Necrozma|Photon Geyser|p1a: Fish Sticks\n|-damage|p1a: Fish Sticks|34/100\n|move|p1a: Fish Sticks|Origin Pulse|p2b: Iron Jugulis|[spread] p2a,p2b\n|-damage|p2a: Necrozma|0 fnt\n|-damage|p2b: Iron Jugulis|0 fnt\n|faint|p2a: Necrozma\n|faint|p2b: Iron Jugulis\n|-end|p2b: Iron Jugulis|Quark Drive|[silent]\n|move|p1b: Bungle|Taunt|p2: Necrozma|[notarget]\n|-fail|p1b: Bungle\n|\n|-weather|RainDance|[upkeep]\n|upkeep\n|\n|t:|1774613785\n|switch|p2a: Kyogre|Kyogre, L50|100/100\n|switch|p2b: Raging Bolt|Raging Bolt, L50|100/100\n|turn|4\n|\n|t:|1774613808\n|-end|p1b: Bungle|Quark Drive|[silent]\n|switch|p1b: Wawa Hoagie|Miraidon, L50|100/100\n|-activate|p1b: Wawa Hoagie|ability: Hadron Engine\n|-terastallize|p1a: Fish Sticks|Grass\n|move|p2b: Raging Bolt|Thunderbolt|p1a: Fish Sticks\n|-resisted|p1a: Fish Sticks\n|-damage|p1a: Fish Sticks|12/100\n|move|p2a: Kyogre|Water Spout|p1b: Wawa Hoagie|[spread] p1a,p1b\n|-resisted|p1a: Fish Sticks\n|-resisted|p1b: Wawa Hoagie\n|-damage|p1a: Fish Sticks|0 fnt\n|-damage|p1b: Wawa Hoagie|41/100\n|faint|p1a: Fish Sticks\n|\n|-weather|RainDance|[upkeep]\n|upkeep\n|\n|t:|1774613821\n|switch|p1a: Bungle|Iron Bundle, L50|26/100\n|-activate|p1a: Bungle|ability: Quark Drive\n|-start|p1a: Bungle|quarkdrivespe\n|turn|5\n|c|\u2606robolibra|gg\n|\n|t:|1774613835\n|move|p2b: Raging Bolt|Thunderbolt|p1b: Wawa Hoagie\n|-resisted|p1b: Wawa Hoagie\n|-damage|p1b: Wawa Hoagie|27/100\n|move|p2a: Kyogre|Water Spout|p1a: Bungle|[spread] p1a,p1b\n|-resisted|p1a: Bungle\n|-resisted|p1b: Wawa Hoagie\n|-damage|p1a: Bungle|0 fnt\n|-damage|p1b: Wawa Hoagie|0 fnt\n|faint|p1a: Bungle\n|-end|p1a: Bungle|Quark Drive|[silent]\n|faint|p1b: Wawa Hoagie\n|\n|win|Binky11\n|raw|robolibra's rating: 1364 &rarr; <strong>1344</strong><br />(-20 for losing)\n|raw|Binky11's rating: 1362 &rarr; <strong>1382</strong><br />(+20 for winning)\n|l|\u2606Binky11\n|player|p2|\n|l|\u2606robolibra\n|player|p1|\n","uploadtime":1774614050,"views":17,"formatid":"gen9vgc2026regi","rating":1344,"private":0,"password":null}