{"id":"gen9vgc2026regi-2580404977","format":"[Gen 9] VGC 2026 Reg I","players":["bjrcjggjhvb","FRESHmustard"],"log":"|j|\u2606bjrcjggjhvb\n|j|\u2606FRESHmustard\n|t:|1775891476\n|gametype|doubles\n|player|p1|bjrcjggjhvb|1|1436\n|player|p2|FRESHmustard|clair|1476\n|gen|9\n|tier|[Gen 9] VGC 2026 Reg I\n|rated|\n|rule|Species Clause: Limit one of each Pok\u00e9mon\n|rule|Item Clause: Limit 1 of each item\n|clearpoke\n|poke|p1|Calyrex-Ice, L50|\n|poke|p1|Kyogre, L50|\n|poke|p1|Farigiraf, L50, M|\n|poke|p1|Carbink, L50|\n|poke|p1|Porygon2, L50|\n|poke|p1|Dusknoir, L50, M|\n|poke|p2|Lunala, L50|\n|poke|p2|Ursaluna, L50, M|\n|poke|p2|Urshifu-*, L50, F|\n|poke|p2|Miraidon, L50|\n|poke|p2|Grimmsnarl, L50, M|\n|poke|p2|Incineroar, L50, F|\n|teampreview|4\n|\n|t:|1775891488\n|teamsize|p1|4\n|teamsize|p2|4\n|start\n|switch|p1a: Farigiraf|Farigiraf, L50, M|100/100\n|switch|p1b: Calyrex|Calyrex-Ice, L50|100/100\n|switch|p2a: Incineroar|Incineroar, L50, F|100/100\n|switch|p2b: Lunala|Lunala, L50|100/100\n|-ability|p1b: Calyrex|As One\n|-ability|p1b: Calyrex|Unnerve\n|-ability|p2a: Incineroar|Intimidate|boost\n|-unboost|p1a: Farigiraf|atk|1\n|-unboost|p1b: Calyrex|atk|1\n|turn|1\n|inactive|Battle timer is ON: inactive players will automatically lose when time's up. (requested by bjrcjggjhvb)\n|\n|t:|1775891508\n|move|p1b: Calyrex|Protect|p1b: Calyrex\n|-singleturn|p1b: Calyrex|Protect\n|move|p2a: Incineroar|Fake Out||[still]\n|cant|p1a: Farigiraf|ability: Armor Tail|Fake Out|[of] p2a: Incineroar\n|move|p2b: Lunala|Moongeist Beam|p1b: Calyrex\n|-activate|p1b: Calyrex|move: Protect\n|move|p1a: Farigiraf|Trick Room|p1a: Farigiraf\n|-fieldstart|move: Trick Room|[of] p1a: Farigiraf\n|\n|upkeep\n|turn|2\n|\n|t:|1775891523\n|switch|p1b: Porygon2|Porygon2, L50|100/100\n|-ability|p1b: Porygon2|Download|boost\n|-boost|p1b: Porygon2|spa|1\n|move|p2b: Lunala|Wide Guard|p2b: Lunala\n|-singleturn|p2b: Lunala|Wide Guard\n|move|p1a: Farigiraf|Foul Play|p2b: Lunala\n|-supereffective|p2b: Lunala\n|-damage|p2b: Lunala|72/100\n|move|p2a: Incineroar|Knock Off|p1b: Porygon2\n|-crit|p1b: Porygon2\n|-damage|p1b: Porygon2|60/100\n|-enditem|p1b: Porygon2|Eviolite|[from] move: Knock Off|[of] p2a: Incineroar\n|\n|upkeep\n|turn|3\n|inactive|FRESHmustard has 30 seconds left.\n|\n|t:|1775891551\n|-terastallize|p2b: Lunala|Fairy\n|move|p1a: Farigiraf|Foul Play|p2b: Lunala\n|-resisted|p2b: Lunala\n|-damage|p2b: Lunala|65/100\n|move|p1b: Porygon2|Tri Attack|p2a: Incineroar\n|-damage|p2a: Incineroar|49/100\n|-status|p2a: Incineroar|par\n|move|p2a: Incineroar|Parting Shot|p1a: Farigiraf\n|-unboost|p1a: Farigiraf|atk|1\n|-unboost|p1a: Farigiraf|spa|1\n|\n|t:|1775891564\n|switch|p2a: Miraidon|Miraidon, L50|100/100|[from] Parting Shot\n|-fieldstart|move: Electric Terrain|[from] ability: Hadron Engine|[of] p2a: Miraidon\n|-enditem|p2b: Lunala|Electric Seed\n|-boost|p2b: Lunala|def|1|[from] item: Electric Seed\n|move|p2b: Lunala|Trick Room|p2b: Lunala\n|-fieldend|move: Trick Room\n|\n|upkeep\n|turn|4\n|\n|t:|1775891582\n|-terastallize|p1a: Farigiraf|Dragon\n|move|p2a: Miraidon|Electro Drift|p1b: Porygon2\n|-damage|p1b: Porygon2|0 fnt\n|faint|p1b: Porygon2\n|move|p2b: Lunala|Moonblast|p1a: Farigiraf\n|-supereffective|p1a: Farigiraf\n|-damage|p1a: Farigiraf|26/100\n|-unboost|p1a: Farigiraf|spa|1\n|move|p1a: Farigiraf|Trick Room|p1a: Farigiraf\n|-fieldstart|move: Trick Room|[of] p1a: Farigiraf\n|\n|upkeep\n|\n|t:|1775891594\n|switch|p1b: Kyogre|Kyogre, L50|100/100\n|-weather|RainDance|[from] ability: Drizzle|[of] p1b: Kyogre\n|turn|5\n|\n|t:|1775891600\n|move|p2b: Lunala|Wide Guard|p2b: Lunala\n|-singleturn|p2b: Lunala|Wide Guard\n|move|p1b: Kyogre|Ice Beam|p2a: Miraidon\n|-supereffective|p2a: Miraidon\n|-damage|p2a: Miraidon|60/100\n|move|p1a: Farigiraf|Foul Play|p2a: Miraidon\n|-damage|p2a: Miraidon|44/100\n|move|p2a: Miraidon|Electro Drift|p1b: Kyogre\n|-supereffective|p1b: Kyogre\n|-damage|p1b: Kyogre|0 fnt\n|faint|p1b: Kyogre\n|\n|-weather|RainDance|[upkeep]\n|upkeep\n|-message|bjrcjggjhvb forfeited.\n|\n|win|FRESHmustard\n|raw|bjrcjggjhvb's rating: 1436 &rarr; <strong>1418</strong><br />(-18 for losing)\n|raw|FRESHmustard's rating: 1476 &rarr; <strong>1494</strong><br />(+18 for winning)\n|l|\u2606bjrcjggjhvb\n|player|p1|\n|l|\u2606FRESHmustard\n|player|p2|\n","uploadtime":1775891825,"views":12,"formatid":"gen9vgc2026regi","rating":1418,"private":0,"password":null}