{"id":"gen9vgc2026regi-2565539697","format":"[Gen 9] VGC 2026 Reg I","players":["DaevEV","JERRY RIVERA"],"log":"|j|\u2606DaevEV\n|j|\u2606JERRY RIVERA\n|t:|1774283680\n|gametype|doubles\n|player|p1|DaevEV|drayden|1373\n|player|p2|JERRY RIVERA|silver|1408\n|gen|9\n|tier|[Gen 9] VGC 2026 Reg I\n|rated|\n|rule|Species Clause: Limit one of each Pok\u00e9mon\n|rule|Item Clause: Limit 1 of each item\n|clearpoke\n|poke|p1|Kyogre, L50|\n|poke|p1|Moltres-Galar, L50|\n|poke|p1|Grimmsnarl, L50, M|\n|poke|p1|Chandelure, L50, F|\n|poke|p1|Koraidon, L50|\n|poke|p1|Rhyperior, L50, M|\n|poke|p2|Calyrex-Shadow, L50|\n|poke|p2|Kyogre, L50|\n|poke|p2|Ditto, L50|\n|poke|p2|Urshifu-*, L50, M|\n|poke|p2|Tornadus, L50, M|\n|poke|p2|Indeedee-F, L50, F|\n|teampreview|4\n|\n|t:|1774283692\n|teamsize|p1|4\n|teamsize|p2|4\n|start\n|switch|p1a: Grimmsnarl|Grimmsnarl, L50, M, shiny|100/100\n|switch|p1b: Moltres|Moltres-Galar, L50|100/100\n|switch|p2a: Bukele|Tornadus, L50, M|100/100\n|switch|p2b: Jerry Rivera|Kyogre, L50|100/100\n|-weather|RainDance|[from] ability: Drizzle|[of] p2b: Jerry Rivera\n|turn|1\n|\n|t:|1774283708\n|move|p2b: Jerry Rivera|Protect|p2b: Jerry Rivera\n|-singleturn|p2b: Jerry Rivera|Protect\n|move|p2a: Bukele|Tailwind|p2a: Bukele\n|-sidestart|p2: JERRY RIVERA|move: Tailwind\n|move|p1a: Grimmsnarl|Parting Shot|p2b: Jerry Rivera\n|-activate|p2b: Jerry Rivera|move: Protect\n|move|p1b: Moltres|Fiery Wrath|p2a: Bukele|[spread] p2a\n|-activate|p2b: Jerry Rivera|move: Protect\n|-crit|p2a: Bukele\n|-damage|p2a: Bukele|33/100\n|\n|-weather|RainDance|[upkeep]\n|upkeep\n|turn|2\n|\n|t:|1774283721\n|-terastallize|p2b: Jerry Rivera|Water\n|move|p1a: Grimmsnarl|Parting Shot|p2b: Jerry Rivera\n|-unboost|p2b: Jerry Rivera|atk|1\n|-unboost|p2b: Jerry Rivera|spa|1\n|\n|t:|1774283725\n|switch|p1a: Koraidon|Koraidon, L50, shiny|100/100|[from] Parting Shot\n|-weather|SunnyDay|[from] ability: Orichalcum Pulse|[of] p1a: Koraidon\n|-activate|p1a: Koraidon|Orichalcum Pulse|[source]\n|move|p2a: Bukele|Bleakwind Storm|p1b: Moltres|[spread] p1b\n|-miss|p2a: Bukele|p1a: Koraidon\n|-damage|p1b: Moltres|69/100\n|move|p2b: Jerry Rivera|Water Spout|p1a: Koraidon|[spread] p1a,p1b\n|-resisted|p1a: Koraidon\n|-damage|p1a: Koraidon|82/100\n|-damage|p1b: Moltres|37/100\n|-ability|p1b: Moltres|Berserk|boost\n|-boost|p1b: Moltres|spa|1\n|move|p1b: Moltres|Fiery Wrath|p2a: Bukele|[spread] p2a,p2b\n|-damage|p2a: Bukele|0 fnt\n|-damage|p2b: Jerry Rivera|67/100\n|faint|p2a: Bukele\n|\n|-weather|SunnyDay|[upkeep]\n|-heal|p1b: Moltres|44/100|[from] item: Leftovers\n|upkeep\n|\n|t:|1774283748\n|switch|p2a: F4b C0nch4|Calyrex-Shadow, L50|100/100\n|-ability|p2a: F4b C0nch4|As One\n|-ability|p2a: F4b C0nch4|Unnerve\n|turn|3\n|\n|t:|1774283756\n|move|p1a: Koraidon|Protect|p1a: Koraidon\n|-singleturn|p1a: Koraidon|Protect\n|move|p1b: Moltres|Protect|p1b: Moltres\n|-singleturn|p1b: Moltres|Protect\n|move|p2a: F4b C0nch4|Astral Barrage|p1a: Koraidon|[spread] \n|-activate|p1a: Koraidon|move: Protect\n|-activate|p1b: Moltres|move: Protect\n|move|p2b: Jerry Rivera|Origin Pulse|p1a: Koraidon|[spread] \n|-activate|p1a: Koraidon|move: Protect\n|-activate|p1b: Moltres|move: Protect\n|\n|-weather|SunnyDay|[upkeep]\n|-heal|p1b: Moltres|50/100|[from] item: Leftovers\n|upkeep\n|turn|4\n|\n|t:|1774283774\n|switch|p1b: Grimmsnarl|Grimmsnarl, L50, M, shiny|100/100\n|move|p2a: F4b C0nch4|Astral Barrage|p1a: Koraidon|[spread] p1a,p1b\n|-resisted|p1b: Grimmsnarl\n|-damage|p1a: Koraidon|3/100\n|-damage|p1b: Grimmsnarl|55/100\n|move|p2b: Jerry Rivera|Origin Pulse|p1a: Koraidon|[spread] p1a,p1b\n|-resisted|p1a: Koraidon\n|-damage|p1a: Koraidon|0 fnt\n|-damage|p1b: Grimmsnarl|26/100\n|faint|p1a: Koraidon\n|\n|-weather|SunnyDay|[upkeep]\n|-sideend|p2: JERRY RIVERA|move: Tailwind\n|upkeep\n|\n|t:|1774283788\n|switch|p1a: Moltres|Moltres-Galar, L50|50/100\n|turn|5\n|\n|t:|1774283797\n|move|p1b: Grimmsnarl|Sucker Punch|p2a: F4b C0nch4\n|-supereffective|p2a: F4b C0nch4\n|-damage|p2a: F4b C0nch4|0 fnt\n|faint|p2a: F4b C0nch4\n|move|p2b: Jerry Rivera|Water Spout|p1b: Grimmsnarl|[spread] p1a,p1b\n|-damage|p1a: Moltres|28/100\n|-damage|p1b: Grimmsnarl|1/100\n|move|p1a: Moltres|Fiery Wrath|p2b: Jerry Rivera\n|-damage|p2b: Jerry Rivera|34/100\n|\n|-weather|SunnyDay|[upkeep]\n|-heal|p1a: Moltres|34/100|[from] item: Leftovers\n|upkeep\n|\n|t:|1774283800\n|switch|p2a: Fernanditto|Ditto, L50|100/100\n|-transform|p2a: Fernanditto|p1b: Grimmsnarl|[from] ability: Imposter\n|turn|6\n|\n|t:|1774283821\n|move|p2b: Jerry Rivera|Protect|p2b: Jerry Rivera\n|-singleturn|p2b: Jerry Rivera|Protect\n|move|p1a: Moltres|Protect|p1a: Moltres\n|-singleturn|p1a: Moltres|Protect\n|move|p2a: Fernanditto|Spirit Break|p1a: Moltres\n|-activate|p1a: Moltres|move: Protect\n|move|p1b: Grimmsnarl|Spirit Break|p2b: Jerry Rivera\n|-activate|p2b: Jerry Rivera|move: Protect\n|\n|-weather|none\n|-heal|p1a: Moltres|40/100|[from] item: Leftovers\n|upkeep\n|turn|7\n|\n|t:|1774283838\n|move|p1b: Grimmsnarl|Sucker Punch|p2b: Jerry Rivera\n|-damage|p2b: Jerry Rivera|0 fnt\n|faint|p2b: Jerry Rivera\n|move|p2a: Fernanditto|Sucker Punch||[still]\n|-fail|p2a: Fernanditto\n|move|p1a: Moltres|Fiery Wrath|p2a: Fernanditto\n|-resisted|p2a: Fernanditto\n|-damage|p2a: Fernanditto|85/100\n|-enditem|p2a: Fernanditto|Red Card|[of] p1a: Moltres\n|drag|p1a: Kyogre|Kyogre, L50|100/100\n|-weather|RainDance|[from] ability: Drizzle|[of] p1a: Kyogre\n|\n|-weather|RainDance|[upkeep]\n|upkeep\n|turn|8\n|-message|JERRY RIVERA forfeited.\n|\n|win|DaevEV\n|raw|DaevEV's rating: 1373 &rarr; <strong>1395</strong><br />(+22 for winning)\n|raw|JERRY RIVERA's rating: 1408 &rarr; <strong>1386</strong><br />(-22 for losing)\n|l|\u2606JERRY RIVERA\n|player|p2|\n|l|\u2606DaevEV\n|player|p1|\n","uploadtime":1774284084,"views":10,"formatid":"gen9vgc2026regi","rating":1386,"private":0,"password":null}