{"id":"gen9vgc2026regi-2573215397","format":"[Gen 9] VGC 2026 Reg I","players":["Vectorpd","the gamblerler"],"log":"|j|\u2606Vectorpd\n|j|\u2606the gamblerler\n|t:|1775104000\n|gametype|doubles\n|player|p1|Vectorpd|picnicker|1526\n|player|p2|the gamblerler|giovanni|1491\n|gen|9\n|tier|[Gen 9] VGC 2026 Reg I\n|rated|\n|rule|Species Clause: Limit one of each Pok\u00e9mon\n|rule|Item Clause: Limit 1 of each item\n|clearpoke\n|poke|p1|Calyrex-Shadow, L50|\n|poke|p1|Zamazenta-*, L50|\n|poke|p1|Raging Bolt, L50|\n|poke|p1|Rillaboom, L50, F|\n|poke|p1|Tornadus, L50, M|\n|poke|p1|Smeargle, L50, M|\n|poke|p2|Calyrex-Shadow, L50|\n|poke|p2|Miraidon, L50|\n|poke|p2|Incineroar, L50, M|\n|poke|p2|Sneasler, L50, M|\n|poke|p2|Araquanid, L50, F|\n|poke|p2|Whimsicott, L50, F|\n|teampreview|4\n|inactive|Battle timer is ON: inactive players will automatically lose when time's up. (requested by the gamblerler)\n|inactive|Vectorpd has 60 seconds left.\n|\n|t:|1775104039\n|teamsize|p1|4\n|teamsize|p2|4\n|start\n|switch|p1a: Tornadus|Tornadus, L50, M|100/100\n|switch|p1b: Calyrex|Calyrex-Shadow, L50|100/100\n|switch|p2a: Sneasler|Sneasler, L50, M|100/100\n|switch|p2b: Miraidon|Miraidon, L50|100/100\n|-ability|p1b: Calyrex|As One\n|-ability|p1b: Calyrex|Unnerve\n|-fieldstart|move: Electric Terrain|[from] ability: Hadron Engine|[of] p2b: Miraidon\n|-enditem|p2a: Sneasler|Electric Seed\n|-boost|p2a: Sneasler|def|1|[from] item: Electric Seed\n|turn|1\n|inactive|the gamblerler has 30 seconds left.\n|\n|t:|1775104064\n|-terastallize|p2a: Sneasler|Dark\n|move|p1a: Tornadus|Protect|p1a: Tornadus\n|-singleturn|p1a: Tornadus|Protect\n|move|p1b: Calyrex|Protect|p1b: Calyrex\n|-singleturn|p1b: Calyrex|Protect\n|move|p2a: Sneasler|Fake Out|p1a: Tornadus\n|-activate|p1a: Tornadus|move: Protect\n|move|p2b: Miraidon|Volt Switch|p1a: Tornadus\n|-activate|p1a: Tornadus|move: Protect\n|\n|upkeep\n|turn|2\n|\n|t:|1775104074\n|move|p1a: Tornadus|Tailwind|p1a: Tornadus\n|-sidestart|p1: Vectorpd|move: Tailwind\n|move|p1b: Calyrex|Astral Barrage|p2a: Sneasler|[spread] p2a,p2b\n|-resisted|p2a: Sneasler\n|-damage|p2a: Sneasler|57/100\n|-damage|p2b: Miraidon|53/100\n|-damage|p1b: Calyrex|91/100|[from] item: Life Orb\n|move|p2a: Sneasler|Dire Claw|p1b: Calyrex\n|-resisted|p1b: Calyrex\n|-damage|p1b: Calyrex|66/100\n|move|p2b: Miraidon|Volt Switch|p1b: Calyrex\n|-damage|p1b: Calyrex|0 fnt\n|faint|p1b: Calyrex\n|\n|t:|1775104083\n|switch|p2b: Calyrex|Calyrex-Shadow, L50|100/100|[from] Volt Switch\n|-ability|p2b: Calyrex|As One\n|-ability|p2b: Calyrex|Unnerve\n|\n|upkeep\n|\n|t:|1775104099\n|switch|p1b: Zamazenta|Zamazenta-Crowned, L50|100/100\n|-ability|p1b: Zamazenta|Dauntless Shield|boost\n|-boost|p1b: Zamazenta|def|1\n|turn|3\n|\n|t:|1775104115\n|move|p1b: Zamazenta|Heavy Slam|p2b: Calyrex\n|-damage|p2b: Calyrex|39/100\n|move|p2a: Sneasler|Dire Claw|p1a: Tornadus\n|-damage|p1a: Tornadus|46/100\n|-status|p1a: Tornadus|psn\n|move|p1a: Tornadus|Bleakwind Storm|p2a: Sneasler|[spread] p2b\n|-miss|p1a: Tornadus|p2a: Sneasler\n|-crit|p2b: Calyrex\n|-damage|p2b: Calyrex|0 fnt\n|faint|p2b: Calyrex\n|\n|-damage|p1a: Tornadus|34/100 psn|[from] psn\n|upkeep\n|\n|t:|1775104129\n|switch|p2b: Incineroar|Incineroar, L50, M|100/100\n|-ability|p2b: Incineroar|Intimidate|boost\n|-unboost|p1a: Tornadus|atk|1\n|-unboost|p1b: Zamazenta|atk|1\n|turn|4\n|\n|t:|1775104135\n|move|p1a: Tornadus|Protect|p1a: Tornadus\n|-singleturn|p1a: Tornadus|Protect\n|move|p1b: Zamazenta|Protect|p1b: Zamazenta\n|-singleturn|p1b: Zamazenta|Protect\n|move|p2b: Incineroar|Fake Out|p1b: Zamazenta\n|-activate|p1b: Zamazenta|move: Protect\n|move|p2a: Sneasler|Dire Claw|p1a: Tornadus\n|-activate|p1a: Tornadus|move: Protect\n|\n|-damage|p1a: Tornadus|22/100 psn|[from] psn\n|upkeep\n|turn|5\n|\n|t:|1775104144\n|move|p1b: Zamazenta|Body Press|p2a: Sneasler\n|-supereffective|p2a: Sneasler\n|-damage|p2a: Sneasler|0 fnt\n|faint|p2a: Sneasler\n|move|p1a: Tornadus|Bleakwind Storm|p2b: Incineroar|[miss]\n|-miss|p1a: Tornadus|p2b: Incineroar\n|move|p2b: Incineroar|U-turn|p1b: Zamazenta\n|-resisted|p1b: Zamazenta\n|-damage|p1b: Zamazenta|99/100\n|\n|t:|1775104146\n|switch|p2b: Miraidon|Miraidon, L50|53/100|[from] U-turn\n|-activate|p2b: Miraidon|ability: Hadron Engine\n|\n|-damage|p1a: Tornadus|9/100 psn|[from] psn\n|-sideend|p1: Vectorpd|move: Tailwind\n|-fieldend|move: Electric Terrain\n|upkeep\n|\n|t:|1775104148\n|switch|p2a: Incineroar|Incineroar, L50, M|100/100\n|-ability|p2a: Incineroar|Intimidate|boost\n|-unboost|p1a: Tornadus|atk|1\n|-unboost|p1b: Zamazenta|atk|1\n|turn|6\n|\n|t:|1775104158\n|move|p1b: Zamazenta|Protect|p1b: Zamazenta\n|-singleturn|p1b: Zamazenta|Protect\n|move|p2a: Incineroar|Fake Out|p1a: Tornadus\n|-damage|p1a: Tornadus|0 fnt\n|faint|p1a: Tornadus\n|move|p2b: Miraidon|Electro Drift|p1b: Zamazenta\n|-activate|p1b: Zamazenta|move: Protect\n|\n|upkeep\n|\n|t:|1775104162\n|switch|p1a: Raging Bolt|Raging Bolt, L50|100/100\n|-enditem|p1a: Raging Bolt|Booster Energy\n|-activate|p1a: Raging Bolt|ability: Protosynthesis|[fromitem]\n|-start|p1a: Raging Bolt|protosynthesisspa\n|turn|7\n|\n|t:|1775104170\n|-terastallize|p1a: Raging Bolt|Electric\n|move|p2b: Miraidon|Electro Drift|p1b: Zamazenta\n|-damage|p1b: Zamazenta|55/100\n|move|p1b: Zamazenta|Body Press|p2b: Miraidon\n|-damage|p2b: Miraidon|0 fnt\n|faint|p2b: Miraidon\n|move|p2a: Incineroar|Knock Off|p1a: Raging Bolt\n|-damage|p1a: Raging Bolt|79/100\n|move|p1a: Raging Bolt|Thunderbolt|p2a: Incineroar\n|-damage|p2a: Incineroar|45/100\n|\n|upkeep\n|turn|8\n|-message|the gamblerler forfeited.\n|\n|win|Vectorpd\n|raw|Vectorpd's rating: 1526 &rarr; <strong>1544</strong><br />(+18 for winning)\n|raw|the gamblerler's rating: 1491 &rarr; <strong>1473</strong><br />(-18 for losing)\n|l|\u2606the gamblerler\n|player|p2|\n|l|\u2606Vectorpd\n|player|p1|\n","uploadtime":1775104364,"views":18,"formatid":"gen9vgc2026regi","rating":1473,"private":0,"password":null}