{"id":"gen9vgc2026regi-2589729305","format":"[Gen 9] VGC 2026 Reg I","players":["gogibahp","Glaceon_1740"],"log":"|j|\u2606gogibahp\n|j|\u203dGlaceon_1740\n|t:|1776752796\n|gametype|doubles\n|player|p1|gogibahp|265|1510\n|player|p2|Glaceon_1740|dawn-gen4pt|1442\n|gen|9\n|tier|[Gen 9] VGC 2026 Reg I\n|rated|\n|rule|Species Clause: Limit one of each Pok\u00e9mon\n|rule|Item Clause: Limit 1 of each item\n|clearpoke\n|poke|p1|Raging Bolt, L50|\n|poke|p1|Chien-Pao, L50|\n|poke|p1|Calyrex-Shadow, L50|\n|poke|p1|Rillaboom, L50, F|\n|poke|p1|Amoonguss, L50, M|\n|poke|p1|Zamazenta-*, L50|\n|poke|p2|Meowscarada, L50, F|\n|poke|p2|Murkrow, L50, M|\n|poke|p2|Kyogre, L50|\n|poke|p2|Zacian-*, L50|\n|poke|p2|Incineroar, L50, F|\n|poke|p2|Rillaboom, L50, F|\n|teampreview|4\n|inactive|Battle timer is ON: inactive players will automatically lose when time's up. (requested by Glaceon_1740)\n|inactive|gogibahp has 60 seconds left.\n|\n|t:|1776752831\n|teamsize|p1|4\n|teamsize|p2|4\n|start\n|switch|p1a: Raging Bolt|Raging Bolt, L50|100/100\n|switch|p1b: Rillaboom|Rillaboom, L50, F|100/100\n|switch|p2a: Meowscarada|Meowscarada, L50, F|100/100\n|switch|p2b: Kyogre|Kyogre, L50|100/100\n|-weather|RainDance|[from] ability: Drizzle|[of] p2b: Kyogre\n|-fieldstart|move: Grassy Terrain|[from] ability: Grassy Surge|[of] p1b: Rillaboom\n|turn|1\n|inactive|Glaceon_1740 has 30 seconds left.\n|\n|t:|1776752865\n|-terastallize|p2b: Kyogre|Grass\n|move|p1b: Rillaboom|Fake Out|p2a: Meowscarada\n|-damage|p2a: Meowscarada|80/100\n|move|p1a: Raging Bolt|Thunderclap|p2b: Kyogre\n|-resisted|p2b: Kyogre\n|-damage|p2b: Kyogre|84/100\n|cant|p2a: Meowscarada|flinch\n|move|p2b: Kyogre|Water Spout|p1b: Rillaboom|[spread] p1a,p1b\n|-resisted|p1a: Raging Bolt\n|-resisted|p1b: Rillaboom\n|-damage|p1a: Raging Bolt|72/100\n|-damage|p1b: Rillaboom|78/100\n|\n|-weather|RainDance|[upkeep]\n|-heal|p2a: Meowscarada|86/100|[from] Grassy Terrain\n|-heal|p2b: Kyogre|90/100|[from] Grassy Terrain\n|-heal|p1b: Rillaboom|84/100|[from] Grassy Terrain\n|-heal|p1a: Raging Bolt|78/100|[from] Grassy Terrain\n|upkeep\n|turn|2\n|inactive|Glaceon_1740 has 30 seconds left.\n|\n|t:|1776752896\n|move|p2a: Meowscarada|Triple Axel|p1a: Raging Bolt\n|-start|p2a: Meowscarada|typechange|Ice|[from] ability: Protean\n|-supereffective|p1a: Raging Bolt\n|-crit|p1a: Raging Bolt\n|-damage|p1a: Raging Bolt|54/100\n|-supereffective|p1a: Raging Bolt\n|-damage|p1a: Raging Bolt|21/100\n|-supereffective|p1a: Raging Bolt\n|-damage|p1a: Raging Bolt|0 fnt\n|faint|p1a: Raging Bolt\n|-end|p1a: Raging Bolt|Protosynthesis|[silent]\n|-hitcount|p1: Raging Bolt|3\n|move|p2b: Kyogre|Water Spout|p1b: Rillaboom\n|-resisted|p1b: Rillaboom\n|-damage|p1b: Rillaboom|48/100\n|move|p1b: Rillaboom|U-turn|p2a: Meowscarada\n|-damage|p2a: Meowscarada|52/100\n|\n|t:|1776752916\n|switch|p1b: Zamazenta|Zamazenta-Crowned, L50|100/100|[from] U-turn\n|-ability|p1b: Zamazenta|Dauntless Shield|boost\n|-boost|p1b: Zamazenta|def|1\n|\n|-weather|RainDance|[upkeep]\n|-heal|p2a: Meowscarada|58/100|[from] Grassy Terrain\n|-heal|p2b: Kyogre|96/100|[from] Grassy Terrain\n|upkeep\n|\n|t:|1776752922\n|switch|p1a: Rillaboom|Rillaboom, L50, F|48/100\n|turn|3\n|inactive|Glaceon_1740 has 30 seconds left.\n|\n|t:|1776752957\n|switch|p2a: Murkrow|Murkrow, L50, M, shiny|100/100\n|-terastallize|p1b: Zamazenta|Water\n|move|p1a: Rillaboom|Fake Out|p2a: Murkrow\n|-damage|p2a: Murkrow|87/100\n|move|p1b: Zamazenta|Body Press|p2b: Kyogre\n|-damage|p2b: Kyogre|48/100\n|move|p2b: Kyogre|Ice Beam|p1a: Rillaboom\n|-supereffective|p1a: Rillaboom\n|-damage|p1a: Rillaboom|4/100\n|\n|-weather|RainDance|[upkeep]\n|-heal|p2b: Kyogre|54/100|[from] Grassy Terrain\n|-heal|p1a: Rillaboom|10/100|[from] Grassy Terrain\n|upkeep\n|turn|4\n|inactive|Glaceon_1740 has 30 seconds left.\n|inactive|Glaceon_1740 has 20 seconds left.\n|inactive|Glaceon_1740 has 15 seconds left.\n|\n|t:|1776753001\n|move|p2a: Murkrow|Haze|p2a: Murkrow\n|-clearallboost\n|move|p1b: Zamazenta|Body Press|p2a: Murkrow\n|-damage|p2a: Murkrow|41/100\n|move|p2b: Kyogre|Origin Pulse|p1a: Rillaboom|[spread] p1a,p1b\n|-resisted|p1a: Rillaboom\n|-resisted|p1b: Zamazenta\n|-damage|p1a: Rillaboom|0 fnt\n|-damage|p1b: Zamazenta|77/100\n|faint|p1a: Rillaboom\n|\n|-weather|RainDance|[upkeep]\n|-heal|p1b: Zamazenta|83/100|[from] Grassy Terrain\n|-heal|p2b: Kyogre|59/100|[from] Grassy Terrain\n|upkeep\n|\n|t:|1776753013\n|switch|p1a: Calyrex|Calyrex-Shadow, L50|100/100\n|-ability|p1a: Calyrex|As One\n|-ability|p1a: Calyrex|Unnerve\n|turn|5\n|\n|t:|1776753025\n|move|p1b: Zamazenta|Wide Guard|p1b: Zamazenta\n|-singleturn|p1b: Zamazenta|Wide Guard\n|move|p2a: Murkrow|Tailwind|p2a: Murkrow\n|-sidestart|p2: Glaceon_1740|move: Tailwind\n|move|p2b: Kyogre|Origin Pulse|p1a: Calyrex|[spread] \n|-activate|p1a: Calyrex|move: Wide Guard\n|-activate|p1b: Zamazenta|move: Wide Guard\n|move|p1a: Calyrex|Encore|p2a: Murkrow\n|-start|p2a: Murkrow|Encore\n|\n|-weather|none\n|-heal|p2b: Kyogre|65/100|[from] Grassy Terrain\n|-heal|p1b: Zamazenta|88/100|[from] Grassy Terrain\n|-fieldend|move: Grassy Terrain\n|upkeep\n|turn|6\n|inactive|Glaceon_1740 has 30 seconds left.\n|inactive|gogibahp has 30 seconds left.\n|inactive|Glaceon_1740 has 20 seconds left.\n|\n|t:|1776753066\n|move|p2b: Kyogre|Protect|p2b: Kyogre\n|-singleturn|p2b: Kyogre|Protect\n|move|p1b: Zamazenta|Wide Guard|p1b: Zamazenta\n|-singleturn|p1b: Zamazenta|Wide Guard\n|move|p2a: Murkrow|Tailwind||[still]\n|-fail|p2a: Murkrow\n|move|p1a: Calyrex|Astral Barrage|p2a: Murkrow|[spread] p2a\n|-activate|p2b: Kyogre|move: Protect\n|-resisted|p2a: Murkrow\n|-crit|p2a: Murkrow\n|-damage|p2a: Murkrow|0 fnt\n|faint|p2a: Murkrow\n|-ability|p1a: Calyrex|Grim Neigh|boost\n|-boost|p1a: Calyrex|spa|1\n|\n|upkeep\n|\n|t:|1776753091\n|switch|p2a: Zacian|Zacian-Crowned, L50|100/100\n|-ability|p2a: Zacian|Intrepid Sword|boost\n|-boost|p2a: Zacian|atk|1\n|turn|7\n|inactive|gogibahp has 30 seconds left.\n|\n|t:|1776753117\n|move|p1a: Calyrex|Protect|p1a: Calyrex\n|-singleturn|p1a: Calyrex|Protect\n|move|p2a: Zacian|Behemoth Blade|p1a: Calyrex\n|-activate|p1a: Calyrex|move: Protect\n|move|p2b: Kyogre|Ice Beam|p1a: Calyrex\n|-activate|p1a: Calyrex|move: Protect\n|move|p1b: Zamazenta|Behemoth Bash|p2a: Zacian\n|-damage|p2a: Zacian|63/100\n|\n|upkeep\n|turn|8\n|\n|t:|1776753138\n|move|p2a: Zacian|Behemoth Blade|p1a: Calyrex\n|-enditem|p1a: Calyrex|Focus Sash\n|-damage|p1a: Calyrex|1/100\n|move|p2b: Kyogre|Ice Beam|p1a: Calyrex\n|-damage|p1a: Calyrex|0 fnt\n|faint|p1a: Calyrex\n|move|p1b: Zamazenta|Behemoth Bash|p2b: Kyogre\n|-damage|p2b: Kyogre|35/100\n|\n|-sideend|p2: Glaceon_1740|move: Tailwind\n|upkeep\n|turn|9\n|\n|t:|1776753156\n|move|p2a: Zacian|Play Rough|p1b: Zamazenta\n|-damage|p1b: Zamazenta|47/100\n|move|p1b: Zamazenta|Behemoth Bash|p2b: Kyogre\n|-damage|p2b: Kyogre|4/100\n|move|p2b: Kyogre|Origin Pulse|p1b: Zamazenta\n|-resisted|p1b: Zamazenta\n|-damage|p1b: Zamazenta|27/100\n|\n|upkeep\n|turn|10\n|-message|gogibahp forfeited.\n|\n|win|Glaceon_1740\n|raw|gogibahp's rating: 1510 &rarr; <strong>1486</strong><br />(-24 for losing)\n|raw|Glaceon_1740's rating: 1442 &rarr; <strong>1466</strong><br />(+24 for winning)\n|l|\u2606gogibahp\n|player|p1|\n","uploadtime":1776753351,"views":8,"formatid":"gen9vgc2026regi","rating":1466,"private":0,"password":null}