{"id":"gen9vgc2026regi-2570037615","format":"[Gen 9] VGC 2026 Reg I","players":["kyoshi4","louhew22"],"log":"|j|\u2606kyoshi4\n|j|\u2606louhew22\n|t:|1774759884\n|gametype|doubles\n|player|p1|kyoshi4|cynthia-gen4|1292\n|player|p2|louhew22|101|1303\n|gen|9\n|tier|[Gen 9] VGC 2026 Reg I\n|rated|\n|rule|Species Clause: Limit one of each Pok\u00e9mon\n|rule|Item Clause: Limit 1 of each item\n|clearpoke\n|poke|p1|Chien-Pao, L50|\n|poke|p1|Zacian-*, L50|\n|poke|p1|Kyogre, L50|\n|poke|p1|Urshifu-*, L50, M|\n|poke|p1|Roaring Moon, L50|\n|poke|p1|Amoonguss, L50, M|\n|poke|p2|Zamazenta-*, L50|\n|poke|p2|Calyrex-Shadow, L50|\n|poke|p2|Chien-Pao, L50|\n|poke|p2|Raging Bolt, L50|\n|poke|p2|Dragonite, L50, M|\n|poke|p2|Amoonguss, L50, F|\n|teampreview|4\n|inactive|Battle timer is ON: inactive players will automatically lose when time's up. (requested by kyoshi4)\n|inactive|louhew22 has 60 seconds left.\n|\n|t:|1774759918\n|teamsize|p1|4\n|teamsize|p2|4\n|start\n|switch|p1a: Amoonguss|Amoonguss, L50, M|100/100\n|switch|p1b: Zacian|Zacian-Crowned, L50|100/100\n|switch|p2a: Zamazenta|Zamazenta-Crowned, L50|100/100\n|switch|p2b: Raging Bolt|Raging Bolt, L50|100/100\n|-ability|p1b: Zacian|Intrepid Sword|boost\n|-boost|p1b: Zacian|atk|1\n|-ability|p2a: Zamazenta|Dauntless Shield|boost\n|-boost|p2a: Zamazenta|def|1\n|-enditem|p2b: Raging Bolt|Booster Energy\n|-activate|p2b: Raging Bolt|ability: Protosynthesis|[fromitem]\n|-start|p2b: Raging Bolt|protosynthesisspa\n|turn|1\n|inactive|kyoshi4 has 30 seconds left.\n|inactive|louhew22 has 30 seconds left.\n|\n|t:|1774759945\n|move|p2b: Raging Bolt|Protect|p2b: Raging Bolt\n|-singleturn|p2b: Raging Bolt|Protect\n|move|p1b: Zacian|Play Rough|p2b: Raging Bolt\n|-activate|p2b: Raging Bolt|move: Protect\n|move|p2a: Zamazenta|Body Press|p1a: Amoonguss\n|-resisted|p1a: Amoonguss\n|-damage|p1a: Amoonguss|73/100\n|-damage|p2a: Zamazenta|84/100|[from] item: Rocky Helmet|[of] p1a: Amoonguss\n|move|p1a: Amoonguss|Spore|p2a: Zamazenta\n|-status|p2a: Zamazenta|slp|[from] move: Spore\n|\n|upkeep\n|turn|2\n|\n|t:|1774759968\n|-terastallize|p2b: Raging Bolt|Electric\n|cant|p2a: Zamazenta|slp\n|move|p1b: Zacian|Swords Dance|p1b: Zacian\n|-boost|p1b: Zacian|atk|2\n|move|p2b: Raging Bolt|Dragon Pulse|p1a: Amoonguss\n|-damage|p1a: Amoonguss|9/100\n|move|p1a: Amoonguss|Spore|p2b: Raging Bolt\n|-status|p2b: Raging Bolt|slp|[from] move: Spore\n|\n|upkeep\n|turn|3\n|\n|t:|1774759987\n|switch|p1a: Roaring Moon|Roaring Moon, L50|100/100\n|-enditem|p1a: Roaring Moon|Booster Energy\n|-activate|p1a: Roaring Moon|ability: Protosynthesis|[fromitem]\n|-start|p1a: Roaring Moon|protosynthesisspe\n|cant|p2b: Raging Bolt|slp\n|move|p1b: Zacian|Play Rough|p2a: Zamazenta\n|-damage|p2a: Zamazenta|31/100 slp\n|-curestatus|p2a: Zamazenta|slp|[msg]\n|move|p2a: Zamazenta|Body Press|p1a: Roaring Moon\n|-supereffective|p1a: Roaring Moon\n|-damage|p1a: Roaring Moon|0 fnt\n|faint|p1a: Roaring Moon\n|-end|p1a: Roaring Moon|Protosynthesis|[silent]\n|\n|upkeep\n|\n|t:|1774760005\n|switch|p1a: Kyogre|Kyogre, L50|100/100\n|-weather|RainDance|[from] ability: Drizzle|[of] p1a: Kyogre\n|turn|4\n|inactive|louhew22 has 30 seconds left.\n|inactive|louhew22 has 20 seconds left.\n|\n|t:|1774760040\n|switch|p2a: Dragonite|Dragonite, L50, M|100/100\n|-terastallize|p1a: Kyogre|Grass\n|-curestatus|p2b: Raging Bolt|slp|[msg]\n|move|p2b: Raging Bolt|Thunderclap|p1a: Kyogre\n|-resisted|p1a: Kyogre\n|-damage|p1a: Kyogre|74/100\n|move|p1b: Zacian|Play Rough|p2a: Dragonite\n|-supereffective|p2a: Dragonite\n|-damage|p2a: Dragonite|0 fnt\n|faint|p2a: Dragonite\n|move|p1a: Kyogre|Water Spout|p2b: Raging Bolt\n|-crit|p2b: Raging Bolt\n|-damage|p2b: Raging Bolt|0 fnt\n|faint|p2b: Raging Bolt\n|-end|p2b: Raging Bolt|Protosynthesis|[silent]\n|\n|-weather|RainDance|[upkeep]\n|upkeep\n|\n|t:|1774760055\n|switch|p2a: Calyrex|Calyrex-Shadow, L50|100/100\n|switch|p2b: Zamazenta|Zamazenta-Crowned, L50|31/100\n|-ability|p2a: Calyrex|As One\n|-ability|p2a: Calyrex|Unnerve\n|turn|5\n|\n|t:|1774760071\n|move|p1a: Kyogre|Protect|p1a: Kyogre\n|-singleturn|p1a: Kyogre|Protect\n|move|p2b: Zamazenta|Wide Guard|p2b: Zamazenta\n|-singleturn|p2b: Zamazenta|Wide Guard\n|move|p2a: Calyrex|Astral Barrage|p1a: Kyogre|[spread] p1b\n|-activate|p1a: Kyogre|move: Protect\n|-damage|p1b: Zacian|49/100\n|move|p1b: Zacian|Behemoth Blade|p2a: Calyrex\n|-enditem|p2a: Calyrex|Focus Sash\n|-damage|p2a: Calyrex|1/100\n|\n|-weather|RainDance|[upkeep]\n|upkeep\n|turn|6\n|inactive|louhew22 has 30 seconds left.\n|\n|t:|1774760099\n|move|p2a: Calyrex|Protect|p2a: Calyrex\n|-singleturn|p2a: Calyrex|Protect\n|move|p1b: Zacian|Behemoth Blade|p2a: Calyrex\n|-activate|p2a: Calyrex|move: Protect\n|move|p2b: Zamazenta|Body Press|p1a: Kyogre\n|-damage|p1a: Kyogre|26/100\n|move|p1a: Kyogre|Water Spout|p2a: Calyrex|[spread] p2b\n|-activate|p2a: Calyrex|move: Protect\n|-damage|p2b: Zamazenta|7/100\n|\n|-weather|RainDance|[upkeep]\n|upkeep\n|turn|7\n|\n|t:|1774760120\n|move|p1a: Kyogre|Protect|p1a: Kyogre\n|-singleturn|p1a: Kyogre|Protect\n|move|p2a: Calyrex|Astral Barrage|p1b: Zacian|[spread] p1b\n|-activate|p1a: Kyogre|move: Protect\n|-damage|p1b: Zacian|0 fnt\n|faint|p1b: Zacian\n|-ability|p2a: Calyrex|Grim Neigh|boost\n|-boost|p2a: Calyrex|spa|1\n|move|p2b: Zamazenta|Body Press|p1a: Kyogre\n|-activate|p1a: Kyogre|move: Protect\n|\n|-weather|RainDance|[upkeep]\n|upkeep\n|\n|t:|1774760126\n|switch|p1b: Amoonguss|Amoonguss, L50, M|43/100\n|turn|8\n|\n|t:|1774760142\n|move|p2a: Calyrex|Astral Barrage|p1a: Kyogre|[spread] p1a,p1b\n|-damage|p1a: Kyogre|0 fnt\n|-damage|p1b: Amoonguss|0 fnt\n|faint|p1a: Kyogre\n|faint|p1b: Amoonguss\n|\n|win|louhew22\n|raw|kyoshi4's rating: 1292 &rarr; <strong>1268</strong><br />(-24 for losing)\n|raw|louhew22's rating: 1303 &rarr; <strong>1322</strong><br />(+19 for winning)\n|l|\u2606kyoshi4\n|player|p1|\n|l|\u2606louhew22\n|player|p2|\n","uploadtime":1774760392,"views":14,"formatid":"gen9vgc2026regi","rating":1268,"private":0,"password":null}