{"id":"gen9vgc2026regi-2531275414","format":"[Gen 9] VGC 2026 Reg I","players":["Unskilled99","CHR1SPHX"],"log":"|j|\u2606Unskilled99\n|j|\u2606CHR1SPHX\n|t:|1770041177\n|gametype|doubles\n|player|p1|Unskilled99|unknown|1376\n|player|p2|CHR1SPHX|265|1390\n|gen|9\n|tier|[Gen 9] VGC 2026 Reg I\n|rated|\n|rule|Species Clause: Limit one of each Pok\u00e9mon\n|rule|Item Clause: Limit 1 of each item\n|clearpoke\n|poke|p1|Calyrex-Ice, L50|\n|poke|p1|Miraidon, L50|\n|poke|p1|Incineroar, L50, F|\n|poke|p1|Urshifu-*, L50, M|\n|poke|p1|Landorus, L50, M|\n|poke|p1|Amoonguss, L50, M|\n|poke|p2|Incineroar, L50, M|\n|poke|p2|Koraidon, L50|\n|poke|p2|Flutter Mane, L50|\n|poke|p2|Brute Bonnet, L50|\n|poke|p2|Indeedee-F, L50, F|\n|poke|p2|Calyrex-Ice, L50|\n|teampreview|4\n|inactive|Battle timer is ON: inactive players will automatically lose when time's up. (requested by CHR1SPHX)\n|\n|t:|1770041204\n|teamsize|p1|4\n|teamsize|p2|4\n|start\n|switch|p1a: Incineroar|Incineroar, L50, F|100/100\n|switch|p1b: Calyrex|Calyrex-Ice, L50|100/100\n|switch|p2a: Calyrex|Calyrex-Ice, L50|100/100\n|switch|p2b: Brute Bonnet|Brute Bonnet, L50, shiny|100/100\n|-ability|p1b: Calyrex|As One\n|-ability|p1b: Calyrex|Unnerve\n|-ability|p2a: Calyrex|As One\n|-ability|p2a: Calyrex|Unnerve\n|-ability|p1a: Incineroar|Intimidate|boost\n|-fail|p2a: Calyrex|unboost|[from] item: Clear Amulet|[of] p2a: Calyrex\n|-unboost|p2b: Brute Bonnet|atk|1\n|turn|1\n|\n|t:|1770041226\n|switch|p2a: Indeedee|Indeedee-F, L50, F|100/100\n|-fieldstart|move: Psychic Terrain|[from] ability: Psychic Surge|[of] p2a: Indeedee\n|move|p1b: Calyrex|Protect|p1b: Calyrex\n|-singleturn|p1b: Calyrex|Protect\n|move|p2b: Brute Bonnet|Spore|p1b: Calyrex\n|-activate|p1b: Calyrex|move: Protect\n|move|p1a: Incineroar|U-turn|p2b: Brute Bonnet\n|-supereffective|p2b: Brute Bonnet\n|-damage|p2b: Brute Bonnet|55/100\n|\n|t:|1770041238\n|switch|p1a: Miraidon|Miraidon, L50|100/100|[from] U-turn\n|-fieldstart|move: Electric Terrain|[from] ability: Hadron Engine|[of] p1a: Miraidon\n|\n|upkeep\n|turn|2\n|\n|t:|1770041246\n|move|p2b: Brute Bonnet|Rage Powder|p2b: Brute Bonnet\n|-singleturn|p2b: Brute Bonnet|move: Rage Powder\n|move|p1a: Miraidon|Volt Switch|p2b: Brute Bonnet\n|-resisted|p2b: Brute Bonnet\n|-damage|p2b: Brute Bonnet|33/100\n|\n|t:|1770041252\n|switch|p1a: Incineroar|Incineroar, L50, F|100/100|[from] Volt Switch\n|-ability|p1a: Incineroar|Intimidate|boost\n|-unboost|p2a: Indeedee|atk|1\n|-unboost|p2b: Brute Bonnet|atk|1\n|move|p1b: Calyrex|Glacial Lance|p2b: Brute Bonnet|[spread] p2a,p2b\n|-supereffective|p2b: Brute Bonnet\n|-damage|p2a: Indeedee|51/100\n|-damage|p2b: Brute Bonnet|0 fnt\n|faint|p2b: Brute Bonnet\n|-end|p2b: Brute Bonnet|Protosynthesis|[silent]\n|-ability|p1b: Calyrex|Chilling Neigh|boost\n|-boost|p1b: Calyrex|atk|1\n|move|p2a: Indeedee|Trick Room|p2a: Indeedee\n|-fieldstart|move: Trick Room|[of] p2a: Indeedee\n|\n|upkeep\n|\n|t:|1770041263\n|switch|p2b: Calyrex|Calyrex-Ice, L50|100/100\n|-ability|p2b: Calyrex|As One\n|-ability|p2b: Calyrex|Unnerve\n|turn|3\n|inactive|CHR1SPHX has 30 seconds left.\n|\n|t:|1770041289\n|move|p2b: Calyrex|Protect|p2b: Calyrex\n|-singleturn|p2b: Calyrex|Protect\n|move|p1a: Incineroar|Fake Out|p2b: Calyrex\n|-activate|p2b: Calyrex|move: Protect\n|move|p1b: Calyrex|Glacial Lance|p2b: Calyrex|[spread] p2a\n|-activate|p2b: Calyrex|move: Protect\n|-damage|p2a: Indeedee|0 fnt\n|faint|p2a: Indeedee\n|-ability|p1b: Calyrex|Chilling Neigh|boost\n|-boost|p1b: Calyrex|atk|1\n|\n|upkeep\n|\n|t:|1770041291\n|switch|p2a: Flutter Mane|Flutter Mane, L50|100/100\n|turn|4\n|\n|t:|1770041304\n|move|p1a: Incineroar|U-turn|p2a: Flutter Mane\n|-resisted|p2a: Flutter Mane\n|-damage|p2a: Flutter Mane|91/100\n|\n|t:|1770041307\n|switch|p1a: Amoonguss|Amoonguss, L50, M|100/100|[from] U-turn\n|move|p2b: Calyrex|High Horsepower|p1b: Calyrex\n|-damage|p1b: Calyrex|74/100\n|move|p1b: Calyrex|Glacial Lance|p2a: Flutter Mane|[spread] p2a,p2b\n|-resisted|p2b: Calyrex\n|-damage|p2a: Flutter Mane|0 fnt\n|-damage|p2b: Calyrex|66/100\n|faint|p2a: Flutter Mane\n|-end|p2a: Flutter Mane|Protosynthesis|[silent]\n|-ability|p1b: Calyrex|Chilling Neigh|boost\n|-boost|p1b: Calyrex|atk|1\n|\n|upkeep\n|turn|5\n|\n|t:|1770041317\n|move|p1a: Amoonguss|Spore|p2b: Calyrex\n|-activate|p2b: Calyrex|move: Electric Terrain\n|move|p2b: Calyrex|Glacial Lance|p1b: Calyrex|[spread] p1a,p1b\n|-supereffective|p1a: Amoonguss\n|-crit|p1a: Amoonguss\n|-resisted|p1b: Calyrex\n|-crit|p1b: Calyrex\n|-damage|p1a: Amoonguss|0 fnt\n|-damage|p1b: Calyrex|51/100\n|faint|p1a: Amoonguss\n|-ability|p2b: Calyrex|Chilling Neigh|boost\n|-boost|p2b: Calyrex|atk|1\n|move|p1b: Calyrex|High Horsepower|p2b: Calyrex\n|-damage|p2b: Calyrex|2/100\n|\n|-fieldend|move: Electric Terrain\n|upkeep\n|\n|t:|1770041329\n|switch|p1a: Incineroar|Incineroar, L50, F|100/100\n|-ability|p1a: Incineroar|Intimidate|boost\n|-fail|p2b: Calyrex|unboost|[from] item: Clear Amulet|[of] p2b: Calyrex\n|turn|6\n|\n|t:|1770041340\n|move|p2b: Calyrex|Protect|p2b: Calyrex\n|-singleturn|p2b: Calyrex|Protect\n|move|p1a: Incineroar|Fake Out|p2b: Calyrex\n|-activate|p2b: Calyrex|move: Protect\n|move|p1b: Calyrex|Glacial Lance|p2b: Calyrex\n|-activate|p2b: Calyrex|move: Protect\n|\n|-fieldend|move: Trick Room\n|upkeep\n|turn|7\n|\n|t:|1770041344\n|move|p1b: Calyrex|Glacial Lance|p2b: Calyrex\n|-resisted|p2b: Calyrex\n|-damage|p2b: Calyrex|0 fnt\n|faint|p2b: Calyrex\n|\n|win|Unskilled99\n|raw|Unskilled99's rating: 1376 &rarr; <strong>1397</strong><br />(+21 for winning)\n|raw|CHR1SPHX's rating: 1390 &rarr; <strong>1369</strong><br />(-21 for losing)\n|l|\u2606CHR1SPHX\n|player|p2|\n|l|\u2606Unskilled99\n|player|p1|\n","uploadtime":1770041487,"views":14,"formatid":"gen9vgc2026regi","rating":1369,"private":0,"password":null}