{"id":"gen9vgc2026regi-2588703286","format":"[Gen 9] VGC 2026 Reg I","players":["lr9090","pigduckeater"],"log":"|j|\u2606lr9090\n|j|\u2606pigduckeater\n|t:|1776659657\n|gametype|doubles\n|player|p1|lr9090|shauntal|1405\n|player|p2|pigduckeater|265|1497\n|gen|9\n|tier|[Gen 9] VGC 2026 Reg I\n|rated|\n|rule|Species Clause: Limit one of each Pok\u00e9mon\n|rule|Item Clause: Limit 1 of each item\n|clearpoke\n|poke|p1|Calyrex-Ice, L50|\n|poke|p1|Scraggy, L50, F|\n|poke|p1|Miraidon, L50|\n|poke|p1|Farigiraf, L50, F|\n|poke|p1|Ogerpon-Hearthflame, L50, F|\n|poke|p1|Iron Hands, L50|\n|poke|p2|Miraidon, L50|\n|poke|p2|Terapagos, L50, M|\n|poke|p2|Illumise, L50, F|\n|poke|p2|Wo-Chien, L50|\n|poke|p2|Incineroar, L50, M|\n|poke|p2|Farigiraf, L50, M|\n|teampreview|4\n|inactive|Battle timer is ON: inactive players will automatically lose when time's up. (requested by lr9090)\n|\n|t:|1776659679\n|teamsize|p1|4\n|teamsize|p2|4\n|start\n|switch|p1a: Miraidon|Miraidon, L50|100/100\n|switch|p1b: Iron Hands|Iron Hands, L50|100/100\n|switch|p2a: Miraidon|Miraidon, L50|100/100\n|switch|p2b: Illumise|Illumise, L50, F|100/100\n|-fieldstart|move: Electric Terrain|[from] ability: Hadron Engine|[of] p2a: Miraidon\n|-enditem|p2b: Illumise|Electric Seed\n|-boost|p2b: Illumise|def|1|[from] item: Electric Seed\n|-activate|p1b: Iron Hands|ability: Quark Drive\n|-start|p1b: Iron Hands|quarkdriveatk\n|-activate|p1a: Miraidon|ability: Hadron Engine\n|turn|1\n|\n|t:|1776659689\n|switch|p2a: Farigiraf|Farigiraf, L50, M|100/100\n|move|p1b: Iron Hands|Fake Out||[still]\n|cant|p2a: Farigiraf|ability: Armor Tail|Fake Out|[of] p1b: Iron Hands\n|move|p2b: Illumise|Light Screen|p2b: Illumise\n|-sidestart|p2: pigduckeater|move: Light Screen\n|move|p1a: Miraidon|Dazzling Gleam|p2b: Illumise|[spread] p2a,p2b\n|-damage|p2a: Farigiraf|77/100\n|-damage|p2b: Illumise|67/100\n|\n|upkeep\n|turn|2\n|inactive|lr9090 has 30 seconds left.\n|inactive|pigduckeater has 30 seconds left.\n|\n|t:|1776659718\n|move|p2b: Illumise|Baton Pass|p2b: Illumise\n|\n|t:|1776659719\n|switch|p2b: Incineroar|Incineroar, L50, M|100/100|[from] Baton Pass\n|-ability|p2b: Incineroar|Intimidate|boost\n|-unboost|p1a: Miraidon|atk|1\n|-unboost|p1b: Iron Hands|atk|1\n|move|p1a: Miraidon|Dazzling Gleam|p2a: Farigiraf|[spread] p2a,p2b\n|-damage|p2a: Farigiraf|50/100\n|-damage|p2b: Incineroar|68/100\n|move|p2a: Farigiraf|Baton Pass|p2a: Farigiraf\n|\n|t:|1776659727\n|switch|p2a: Illumise|Illumise, L50, F|67/100|[from] Baton Pass\n|move|p1b: Iron Hands|Wild Charge|p2a: Illumise\n|-damage|p2a: Illumise|9/100\n|-damage|p1b: Iron Hands|90/100|[from] Recoil\n|\n|upkeep\n|turn|3\n|inactive|pigduckeater has 30 seconds left.\n|inactive|pigduckeater has 20 seconds left.\n|\n|t:|1776659763\n|-end|p1b: Iron Hands|Quark Drive|[silent]\n|switch|p1b: Farigiraf|Farigiraf, L50, F|100/100\n|-enditem|p1b: Farigiraf|Electric Seed\n|-boost|p1b: Farigiraf|def|1|[from] item: Electric Seed\n|move|p2a: Illumise|Tailwind|p2a: Illumise\n|-sidestart|p2: pigduckeater|move: Tailwind\n|move|p2b: Incineroar|Knock Off|p1a: Miraidon\n|-damage|p1a: Miraidon|67/100\n|-enditem|p1a: Miraidon|Choice Specs|[from] move: Knock Off|[of] p2b: Incineroar\n|move|p1a: Miraidon|Dazzling Gleam|p2a: Illumise|[spread] p2a,p2b\n|-damage|p2a: Illumise|0 fnt\n|-damage|p2b: Incineroar|46/100\n|faint|p2a: Illumise\n|\n|upkeep\n|\n|t:|1776659776\n|switch|p2a: Miraidon|Miraidon, L50|100/100\n|-activate|p2a: Miraidon|ability: Hadron Engine\n|turn|4\n|inactive|lr9090 has 30 seconds left.\n|inactive|lr9090 has 20 seconds left.\n|\n|t:|1776659814\n|-terastallize|p2a: Miraidon|Electric\n|-terastallize|p1b: Farigiraf|Water\n|move|p2a: Miraidon|Electro Drift|p1b: Farigiraf\n|-supereffective|p1b: Farigiraf\n|-damage|p1b: Farigiraf|0 fnt\n|faint|p1b: Farigiraf\n|-damage|p2a: Miraidon|91/100|[from] item: Life Orb\n|move|p2b: Incineroar|Baton Pass|p2b: Incineroar\n|\n|t:|1776659823\n|switch|p2b: Farigiraf|Farigiraf, L50, M|50/100|[from] Baton Pass\n|move|p1a: Miraidon|Dazzling Gleam|p2b: Farigiraf|[spread] p2a,p2b\n|-damage|p2a: Miraidon|73/100\n|-damage|p2b: Farigiraf|34/100\n|\n|upkeep\n|\n|t:|1776659832\n|switch|p1b: Calyrex|Calyrex-Ice, L50|100/100\n|-ability|p1b: Calyrex|As One\n|-ability|p1b: Calyrex|Unnerve\n|turn|5\n|\n|t:|1776659846\n|move|p1b: Calyrex|Protect|p1b: Calyrex\n|-singleturn|p1b: Calyrex|Protect\n|move|p2a: Miraidon|Dragon Pulse|p1a: Miraidon\n|-supereffective|p1a: Miraidon\n|-damage|p1a: Miraidon|0 fnt\n|faint|p1a: Miraidon\n|-damage|p2a: Miraidon|63/100|[from] item: Life Orb\n|move|p2b: Farigiraf|Baton Pass|p2b: Farigiraf\n|\n|t:|1776659853\n|switch|p2b: Incineroar|Incineroar, L50, M|46/100|[from] Baton Pass\n|-ability|p2b: Incineroar|Intimidate|boost\n|-fail|p1b: Calyrex|unboost|[from] item: Clear Amulet|[of] p1b: Calyrex\n|\n|-sideend|p2: pigduckeater|move: Light Screen\n|-fieldend|move: Electric Terrain\n|upkeep\n|\n|t:|1776659855\n|switch|p1a: Iron Hands|Iron Hands, L50|90/100\n|turn|6\n|\n|t:|1776659878\n|move|p1b: Calyrex|Protect|p1b: Calyrex\n|-singleturn|p1b: Calyrex|Protect\n|move|p2b: Incineroar|Fake Out|p1b: Calyrex\n|-activate|p1b: Calyrex|move: Protect\n|move|p2a: Miraidon|Electro Drift|p1b: Calyrex\n|-activate|p1b: Calyrex|move: Protect\n|move|p1a: Iron Hands|Low Kick|p2a: Miraidon\n|-damage|p2a: Miraidon|15/100\n|\n|-sideend|p2: pigduckeater|move: Tailwind\n|upkeep\n|turn|7\n|inactive|lr9090 has 30 seconds left.\n|\n|t:|1776659908\n|move|p2a: Miraidon|Electro Drift|p1b: Calyrex\n|-damage|p1b: Calyrex|33/100\n|-damage|p2a: Miraidon|5/100|[from] item: Life Orb\n|move|p2b: Incineroar|Knock Off|p1b: Calyrex\n|-supereffective|p1b: Calyrex\n|-damage|p1b: Calyrex|0 fnt\n|-enditem|p1b: Calyrex|Clear Amulet|[from] move: Knock Off|[of] p2b: Incineroar\n|faint|p1b: Calyrex\n|move|p1a: Iron Hands|Drain Punch|p2b: Incineroar\n|-supereffective|p2b: Incineroar\n|-damage|p2b: Incineroar|6/100\n|-heal|p1a: Iron Hands|100/100|[from] drain|[of] p2b: Incineroar\n|-enditem|p2b: Incineroar|Weakness Policy\n|-boost|p2b: Incineroar|atk|2|[from] item: Weakness Policy\n|-boost|p2b: Incineroar|spa|2|[from] item: Weakness Policy\n|\n|upkeep\n|turn|8\n|-message|lr9090 forfeited.\n|\n|win|pigduckeater\n|raw|lr9090's rating: 1405 &rarr; <strong>1390</strong><br />(-15 for losing)\n|raw|pigduckeater's rating: 1497 &rarr; <strong>1512</strong><br />(+15 for winning)\n|l|\u2606lr9090\n|player|p1|\n|l|\u2606pigduckeater\n|player|p2|\n","uploadtime":1776660188,"views":7,"formatid":"gen9vgc2026regi","rating":1390,"private":0,"password":null}