{"id":"gen9vgc2026regi-2525747663","format":"[Gen 9] VGC 2026 Reg I","players":["lyxxx","icedtea1993"],"log":"|j|\u2606lyxxx\n|j|\u2606icedtea1993\n|t:|1769319182\n|gametype|doubles\n|player|p1|lyxxx|2|1216\n|player|p2|icedtea1993|skierf|1214\n|gen|9\n|tier|[Gen 9] VGC 2026 Reg I\n|rated|\n|rule|Species Clause: Limit one of each Pok\u00e9mon\n|rule|Item Clause: Limit 1 of each item\n|clearpoke\n|poke|p1|Calyrex-Ice, L50|\n|poke|p1|Kyogre, L50|\n|poke|p1|Smeargle, L50, M|\n|poke|p1|Indeedee-F, L50, F|\n|poke|p1|Urshifu-*, L50, F|\n|poke|p1|Ursaluna-Bloodmoon, L50, M|\n|poke|p2|Torkoal, L50, M|\n|poke|p2|Oranguru, L50, F|\n|poke|p2|Ursaluna-Bloodmoon, L50, M|\n|poke|p2|Hatterene, L50, F|\n|poke|p2|Calyrex-Ice, L50|\n|poke|p2|Zekrom, L50|\n|teampreview|4\n|inactive|Battle timer is ON: inactive players will automatically lose when time's up. (requested by lyxxx)\n|inactive|icedtea1993 has 60 seconds left.\n|\n|t:|1769319233\n|teamsize|p1|4\n|teamsize|p2|4\n|start\n|switch|p1a: Calyrex|Calyrex-Ice, L50|100/100\n|switch|p1b: Smeargle|Smeargle, L50, M|100/100\n|switch|p2a: Hatterene|Hatterene, L50, F|100/100\n|switch|p2b: Calyrex|Calyrex-Ice, L50|100/100\n|-ability|p2b: Calyrex|As One\n|-ability|p2b: Calyrex|Unnerve\n|-ability|p1a: Calyrex|As One\n|-ability|p1a: Calyrex|Unnerve\n|turn|1\n|inactive|icedtea1993 has 30 seconds left.\n|\n|t:|1769319263\n|move|p1b: Smeargle|Spore|p2a: Hatterene\n|move|p2a: Hatterene|Spore|p1b: Smeargle|[from] ability: Magic Bounce\n|-status|p1b: Smeargle|slp|[from] move: Spore\n|move|p2b: Calyrex|Swords Dance|p2b: Calyrex\n|-boost|p2b: Calyrex|atk|2\n|move|p1a: Calyrex|Glacial Lance|p2a: Hatterene|[spread] p2a,p2b\n|-resisted|p2b: Calyrex\n|-damage|p2a: Hatterene|36/100\n|-damage|p2b: Calyrex|83/100\n|move|p2a: Hatterene|Trick Room|p2a: Hatterene\n|-fieldstart|move: Trick Room|[of] p2a: Hatterene\n|\n|-ability|p1b: Smeargle|Moody|boost\n|-boost|p1b: Smeargle|spe|2\n|-unboost|p1b: Smeargle|spd|1\n|upkeep\n|turn|2\n|inactive|icedtea1993 has 30 seconds left.\n|\n|t:|1769319296\n|cant|p1b: Smeargle|slp\n|move|p2a: Hatterene|Dazzling Gleam|p1b: Smeargle|[spread] p1a,p1b\n|-damage|p1a: Calyrex|78/100\n|-enditem|p1b: Smeargle|Focus Sash\n|-damage|p1b: Smeargle|1/100 slp\n|move|p1a: Calyrex|Glacial Lance|p2b: Calyrex|[spread] p2a,p2b\n|-resisted|p2b: Calyrex\n|-damage|p2a: Hatterene|0 fnt\n|-damage|p2b: Calyrex|63/100\n|faint|p2a: Hatterene\n|-ability|p1a: Calyrex|Chilling Neigh|boost\n|-boost|p1a: Calyrex|atk|1\n|move|p2b: Calyrex|Glacial Lance|p1b: Smeargle|[spread] p1a,p1b\n|-resisted|p1a: Calyrex\n|-damage|p1a: Calyrex|29/100\n|-damage|p1b: Smeargle|0 fnt\n|faint|p1b: Smeargle\n|-ability|p2b: Calyrex|Chilling Neigh|boost\n|-boost|p2b: Calyrex|atk|1\n|-damage|p2b: Calyrex|54/100|[from] item: Life Orb\n|\n|upkeep\n|\n|t:|1769319318\n|switch|p2a: Torkoal|Torkoal, L50, M|100/100\n|switch|p1b: Kyogre|Kyogre, L50|100/100\n|-weather|SunnyDay|[from] ability: Drought|[of] p2a: Torkoal\n|-item|p2a: Torkoal|Air Balloon\n|-weather|RainDance|[from] ability: Drizzle|[of] p1b: Kyogre\n|turn|3\n|\n|t:|1769319336\n|switch|p2a: Oranguru|Oranguru, L50, F|100/100\n|-terastallize|p1b: Kyogre|Water\n|move|p1b: Kyogre|Water Spout|p2a: Oranguru|[spread] p2a,p2b\n|-damage|p2a: Oranguru|5/100\n|-damage|p2b: Calyrex|0 fnt\n|faint|p2b: Calyrex\n|move|p1a: Calyrex|Glacial Lance|p2a: Oranguru\n|-damage|p2a: Oranguru|0 fnt\n|faint|p2a: Oranguru\n|-ability|p1a: Calyrex|Chilling Neigh|boost\n|-boost|p1a: Calyrex|atk|1\n|\n|-weather|RainDance|[upkeep]\n|upkeep\n|\n|t:|1769319349\n|switch|p2a: Torkoal|Torkoal, L50, M|100/100\n|-weather|SunnyDay|[from] ability: Drought|[of] p2a: Torkoal\n|-item|p2a: Torkoal|Air Balloon\n|turn|4\n|\n|t:|1769319357\n|switch|p1b: Urshifu|Urshifu-Rapid-Strike, L50, F|100/100\n|move|p1a: Calyrex|Protect|p1a: Calyrex\n|-singleturn|p1a: Calyrex|Protect\n|move|p2a: Torkoal|Eruption|p1a: Calyrex|[spread] p1b\n|-activate|p1a: Calyrex|move: Protect\n|-resisted|p1b: Urshifu\n|-crit|p1b: Urshifu\n|-damage|p1b: Urshifu|35/100\n|\n|-weather|SunnyDay|[upkeep]\n|upkeep\n|turn|5\n|\n|t:|1769319374\n|switch|p1a: Kyogre|Kyogre, L50, tera:Water|100/100\n|-weather|RainDance|[from] ability: Drizzle|[of] p1a: Kyogre\n|-terastallize|p2a: Torkoal|Grass\n|move|p2a: Torkoal|Eruption|p1b: Urshifu|[spread] p1a,p1b\n|-resisted|p1a: Kyogre\n|-resisted|p1b: Urshifu\n|-crit|p1b: Urshifu\n|-damage|p1a: Kyogre|92/100\n|-damage|p1b: Urshifu|13/100\n|move|p1b: Urshifu|Surging Strikes|p2a: Torkoal\n|-resisted|p2a: Torkoal\n|-crit|p2a: Torkoal\n|-damage|p2a: Torkoal|80/100\n|-enditem|p2a: Torkoal|Air Balloon\n|-resisted|p2a: Torkoal\n|-crit|p2a: Torkoal\n|-damage|p2a: Torkoal|60/100\n|-resisted|p2a: Torkoal\n|-crit|p2a: Torkoal\n|-damage|p2a: Torkoal|40/100\n|-hitcount|p2a: Torkoal|3\n|-damage|p1b: Urshifu|3/100|[from] item: Life Orb\n|\n|-weather|RainDance|[upkeep]\n|-fieldend|move: Trick Room\n|upkeep\n|turn|6\n|inactive|lyxxx has 30 seconds left.\n|\n|t:|1769319404\n|move|p1b: Urshifu|Surging Strikes|p2a: Torkoal\n|-resisted|p2a: Torkoal\n|-crit|p2a: Torkoal\n|-damage|p2a: Torkoal|20/100\n|-resisted|p2a: Torkoal\n|-crit|p2a: Torkoal\n|-damage|p2a: Torkoal|0 fnt\n|faint|p2a: Torkoal\n|-hitcount|p2: Torkoal|2\n|-damage|p1b: Urshifu|0 fnt|[from] item: Life Orb\n|faint|p1b: Urshifu\n|\n|win|lyxxx\n|raw|lyxxx's rating: 1216 &rarr; <strong>1241</strong><br />(+25 for winning)\n|raw|icedtea1993's rating: 1214 &rarr; <strong>1189</strong><br />(-25 for losing)\n|l|\u2606icedtea1993\n|player|p2|\n|l|\u2606lyxxx\n|player|p1|\n","uploadtime":1769319644,"views":14,"formatid":"gen9vgc2026regi","rating":1189,"private":0,"password":null}