{"id":"gen9vgc2026regi-2550033306","format":"[Gen 9] VGC 2026 Reg I","players":["Simon0123","Barber1"],"log":"|j|\u2606Simon0123\n|j|\u2606Barber1\n|t:|1772445056\n|gametype|doubles\n|player|p1|Simon0123|benga|1285\n|player|p2|Barber1|cynthia-gen4|1382\n|gen|9\n|tier|[Gen 9] VGC 2026 Reg I\n|rated|\n|rule|Species Clause: Limit one of each Pok\u00e9mon\n|rule|Item Clause: Limit 1 of each item\n|clearpoke\n|poke|p1|Terapagos, L50, M|\n|poke|p1|Calyrex-Ice, L50|\n|poke|p1|Amoonguss, L50, F|\n|poke|p1|Farigiraf, L50, F|\n|poke|p1|Incineroar, L50, F|\n|poke|p1|Urshifu-*, L50, M|\n|poke|p2|Zacian-*, L50|\n|poke|p2|Landorus, L50, M|\n|poke|p2|Kyogre, L50|\n|poke|p2|Raging Bolt, L50|\n|poke|p2|Tornadus, L50, M|\n|poke|p2|Chien-Pao, L50|\n|teampreview|4\n|inactive|Battle timer is ON: inactive players will automatically lose when time's up. (requested by Barber1)\n|inactive|Simon0123 also wants the timer to be on.\n|inactive|Simon0123 has 60 seconds left.\n|inactive|Barber1 has 60 seconds left.\n|inactive|Simon0123 has 30 seconds left.\n|inactive|Simon0123 has 20 seconds left.\n|inactive|Simon0123 has 15 seconds left.\n|inactive|Simon0123 has 10 seconds left.\n|\n|t:|1772445141\n|teamsize|p1|4\n|teamsize|p2|4\n|start\n|switch|p1a: Farigiraf|Farigiraf, L50, F|100/100\n|switch|p1b: Urshifu|Urshifu-Rapid-Strike, L50, M|100/100\n|switch|p2a: Kyogre|Kyogre, L50|100/100\n|switch|p2b: Tornadus|Tornadus, L50, M|100/100\n|-weather|RainDance|[from] ability: Drizzle|[of] p2a: Kyogre\n|turn|1\n|\n|t:|1772445159\n|move|p2b: Tornadus|Tailwind|p2b: Tornadus\n|-sidestart|p2: Barber1|move: Tailwind\n|move|p2a: Kyogre|Water Spout|p1b: Urshifu|[spread] p1a,p1b\n|-resisted|p1b: Urshifu\n|-damage|p1a: Farigiraf|11/100\n|-damage|p1b: Urshifu|20/100\n|move|p1b: Urshifu|Surging Strikes|p2b: Tornadus\n|-crit|p2b: Tornadus\n|-damage|p2b: Tornadus|62/100\n|-crit|p2b: Tornadus\n|-damage|p2b: Tornadus|22/100\n|-crit|p2b: Tornadus\n|-damage|p2b: Tornadus|0 fnt\n|faint|p2b: Tornadus\n|-hitcount|p2: Tornadus|3\n|move|p1a: Farigiraf|Trick Room|p1a: Farigiraf\n|-fieldstart|move: Trick Room|[of] p1a: Farigiraf\n|\n|-weather|RainDance|[upkeep]\n|upkeep\n|\n|t:|1772445172\n|switch|p2b: Landorus|Landorus, L50, M|100/100\n|turn|2\n|inactive|Simon0123 has 30 seconds left.\n|\n|t:|1772445204\n|move|p2b: Landorus|Protect|p2b: Landorus\n|-singleturn|p2b: Landorus|Protect\n|move|p1a: Farigiraf|Psychic|p2a: Kyogre\n|-damage|p2a: Kyogre|85/100\n|move|p1b: Urshifu|Surging Strikes|p2b: Landorus\n|-supereffective|p2b: Landorus\n|-crit|p2b: Landorus\n|-damage|p2b: Landorus|15/100\n|-supereffective|p2b: Landorus\n|-crit|p2b: Landorus\n|-damage|p2b: Landorus|0 fnt\n|faint|p2b: Landorus\n|-hitcount|p2: Landorus|2\n|move|p2a: Kyogre|Origin Pulse|p1a: Farigiraf|[spread] p1a,p1b\n|-resisted|p1b: Urshifu\n|-damage|p1a: Farigiraf|0 fnt\n|-damage|p1b: Urshifu|0 fnt\n|faint|p1a: Farigiraf\n|faint|p1b: Urshifu\n|\n|-weather|RainDance|[upkeep]\n|upkeep\n|\n|t:|1772445216\n|switch|p1a: Amoonguss|Amoonguss, L50, F|100/100\n|switch|p1b: Terapagos|Terapagos, L50, M|100/100\n|switch|p2b: Zacian|Zacian-Crowned, L50|100/100\n|-activate|p1b: Terapagos|ability: Tera Shift\n|detailschange|p1b: Terapagos|Terapagos-Terastal, L50, M\n|-heal|p1b: Terapagos|100/100|[silent]\n|-ability|p2b: Zacian|Intrepid Sword|boost\n|-boost|p2b: Zacian|atk|1\n|turn|3\n|inactive|Barber1 has 30 seconds left.\n|\n|t:|1772445243\n|-terastallize|p1b: Terapagos|Stellar\n|detailschange|p1b: Terapagos|Terapagos-Stellar, L50, M, tera:Stellar\n|-heal|p1b: Terapagos|100/100|[silent]\n|-ability|p1b: Terapagos|Teraform Zero\n|-weather|none\n|-terastallize|p2b: Zacian|Grass\n|move|p1a: Amoonguss|Spore|p2b: Zacian\n|-immune|p2b: Zacian\n|move|p1b: Terapagos|Calm Mind|p1b: Terapagos\n|-boost|p1b: Terapagos|spa|1\n|-boost|p1b: Terapagos|spd|1\n|move|p2a: Kyogre|Origin Pulse|p1b: Terapagos|[spread] p1a,p1b\n|-resisted|p1a: Amoonguss\n|-damage|p1a: Amoonguss|80/100\n|-damage|p1b: Terapagos|80/100\n|move|p2b: Zacian|Behemoth Blade|p1a: Amoonguss\n|-damage|p1a: Amoonguss|5/100\n|-damage|p2b: Zacian|84/100|[from] item: Rocky Helmet|[of] p1a: Amoonguss\n|\n|-heal|p1b: Terapagos|86/100|[from] item: Leftovers\n|upkeep\n|turn|4\n|inactive|Simon0123 has 30 seconds left.\n|inactive|Barber1 has 30 seconds left.\n|inactive|Barber1 has 20 seconds left.\n|inactive|Barber1 has 15 seconds left.\n|\n|t:|1772445286\n|move|p2b: Zacian|Protect|p2b: Zacian\n|-singleturn|p2b: Zacian|Protect\n|move|p1a: Amoonguss|Spore|p2a: Kyogre\n|-status|p2a: Kyogre|slp|[from] move: Spore\n|move|p1b: Terapagos|Tera Starstorm|p2a: Kyogre|[spread] p2a\n|-activate|p2b: Zacian|move: Protect\n|-damage|p2a: Kyogre|57/100 slp\n|cant|p2a: Kyogre|slp\n|\n|-heal|p1b: Terapagos|92/100|[from] item: Leftovers\n|-sideend|p2: Barber1|move: Tailwind\n|upkeep\n|turn|5\n|\n|t:|1772445306\n|move|p1a: Amoonguss|Pollen Puff|p2b: Zacian\n|-supereffective|p2b: Zacian\n|-damage|p2b: Zacian|55/100\n|move|p1b: Terapagos|Tera Starstorm|p2a: Kyogre|[spread] p2a,p2b\n|-supereffective|p2b: Zacian\n|-damage|p2a: Kyogre|31/100 slp\n|-damage|p2b: Zacian|0 fnt\n|faint|p2b: Zacian\n|cant|p2a: Kyogre|slp\n|\n|-heal|p1b: Terapagos|98/100|[from] item: Leftovers\n|-fieldend|move: Trick Room\n|upkeep\n|turn|6\n|\n|t:|1772445323\n|cant|p2a: Kyogre|slp\n|move|p1b: Terapagos|Tera Starstorm|p2a: Kyogre\n|-damage|p2a: Kyogre|0 fnt\n|faint|p2a: Kyogre\n|\n|win|Simon0123\n|raw|Simon0123's rating: 1285 &rarr; <strong>1317</strong><br />(+32 for winning)\n|raw|Barber1's rating: 1382 &rarr; <strong>1357</strong><br />(-25 for losing)\n|l|\u2606Barber1\n|player|p2|\n|l|\u2606Simon0123\n|player|p1|\n","uploadtime":1772445572,"views":11,"formatid":"gen9vgc2026regi","rating":1317,"private":0,"password":null}