{"id":"gen9vgc2026regi-2568552993","format":"[Gen 9] VGC 2026 Reg I","players":["chrisjhall12","CEExy"],"log":"|j|\u2606chrisjhall12\n|j|\u2606CEExy\n|t:|1774595192\n|gametype|doubles\n|player|p1|chrisjhall12|dawn|1359\n|player|p2|CEExy|hilbert|1345\n|gen|9\n|tier|[Gen 9] VGC 2026 Reg I\n|rated|\n|rule|Species Clause: Limit one of each Pok\u00e9mon\n|rule|Item Clause: Limit 1 of each item\n|clearpoke\n|poke|p1|Zamazenta-*, L50|\n|poke|p1|Miraidon, L50|\n|poke|p1|Chien-Pao, L50|\n|poke|p1|Whimsicott, L50, M|\n|poke|p1|Incineroar, L50, M|\n|poke|p1|Ogerpon-Hearthflame, L50, F|\n|poke|p2|Miraidon, L50|\n|poke|p2|Calyrex-Ice, L50|\n|poke|p2|Iron Hands, L50|\n|poke|p2|Iron Bundle, L50|\n|poke|p2|Farigiraf, L50, M|\n|poke|p2|Incineroar, L50, M|\n|teampreview|4\n|\n|t:|1774595312\n|teamsize|p1|4\n|teamsize|p2|4\n|start\n|switch|p1a: Miraidon|Miraidon, L50|100/100\n|switch|p1b: Whimsicott|Whimsicott, L50, M|100/100\n|switch|p2a: Incineroar|Incineroar, L50, M, shiny|100/100\n|switch|p2b: Miraidon|Miraidon, L50, shiny|100/100\n|-fieldstart|move: Electric Terrain|[from] ability: Hadron Engine|[of] p2b: Miraidon\n|-activate|p1a: Miraidon|ability: Hadron Engine\n|-ability|p2a: Incineroar|Intimidate|boost\n|-unboost|p1a: Miraidon|atk|1\n|-unboost|p1b: Whimsicott|atk|1\n|turn|1\n|\n|t:|1774595347\n|switch|p2b: Iron Hands|Iron Hands, L50, shiny|100/100\n|-activate|p2b: Iron Hands|ability: Quark Drive\n|-start|p2b: Iron Hands|quarkdriveatk\n|move|p2a: Incineroar|Fake Out|p1a: Miraidon\n|-damage|p1a: Miraidon|92/100\n|move|p1b: Whimsicott|Tailwind|p1b: Whimsicott\n|-sidestart|p1: chrisjhall12|move: Tailwind\n|cant|p1a: Miraidon|flinch\n|\n|upkeep\n|turn|2\n|\n|t:|1774595379\n|-terastallize|p1a: Miraidon|Fairy\n|move|p2b: Iron Hands|Fake Out|p1a: Miraidon\n|-damage|p1a: Miraidon|75/100\n|cant|p1a: Miraidon|flinch\n|move|p1b: Whimsicott|Moonblast|p2b: Iron Hands\n|-supereffective|p2b: Iron Hands\n|-damage|p2b: Iron Hands|71/100\n|-unboost|p2b: Iron Hands|spa|1\n|move|p2a: Incineroar|Parting Shot|p1a: Miraidon\n|-unboost|p1a: Miraidon|atk|1\n|-unboost|p1a: Miraidon|spa|1\n|\n|t:|1774595436\n|switch|p2a: Calyrex|Calyrex-Ice, L50|100/100|[from] Parting Shot\n|-ability|p2a: Calyrex|As One\n|-ability|p2a: Calyrex|Unnerve\n|\n|upkeep\n|turn|3\n|\n|t:|1774595446\n|move|p1b: Whimsicott|Encore|p2b: Iron Hands\n|-start|p2b: Iron Hands|Encore\n|move|p1a: Miraidon|Dazzling Gleam|p2a: Calyrex|[spread] p2a,p2b\n|-supereffective|p2b: Iron Hands\n|-damage|p2a: Calyrex|74/100\n|-damage|p2b: Iron Hands|26/100\n|move|p2b: Iron Hands|Fake Out||[still]\n|-hint|Fake Out only works on your first turn out.\n|-fail|p2b: Iron Hands\n|move|p2a: Calyrex|Trick Room|p2a: Calyrex\n|-fieldstart|move: Trick Room|[of] p2a: Calyrex\n|\n|upkeep\n|turn|4\n|\n|t:|1774595463\n|-end|p2b: Iron Hands|Quark Drive|[silent]\n|switch|p2b: Incineroar|Incineroar, L50, M, shiny|100/100\n|-ability|p2b: Incineroar|Intimidate|boost\n|-unboost|p1a: Miraidon|atk|1\n|-unboost|p1b: Whimsicott|atk|1\n|switch|p1b: Zamazenta|Zamazenta-Crowned, L50|100/100\n|-ability|p1b: Zamazenta|Dauntless Shield|boost\n|-boost|p1b: Zamazenta|def|1\n|switch|p1a: Chien-Pao|Chien-Pao, L50|100/100\n|-ability|p1a: Chien-Pao|Sword of Ruin\n|move|p2a: Calyrex|Glacial Lance|p1a: Chien-Pao|[spread] p1a,p1b\n|-resisted|p1a: Chien-Pao\n|-resisted|p1b: Zamazenta\n|-damage|p1a: Chien-Pao|63/100\n|-damage|p1b: Zamazenta|86/100\n|\n|-sideend|p1: chrisjhall12|move: Tailwind\n|upkeep\n|turn|5\n|\n|t:|1774595490\n|-terastallize|p2b: Incineroar|Grass\n|move|p1b: Zamazenta|Protect|p1b: Zamazenta\n|-singleturn|p1b: Zamazenta|Protect\n|move|p1a: Chien-Pao|Protect|p1a: Chien-Pao\n|-singleturn|p1a: Chien-Pao|Protect\n|move|p2a: Calyrex|High Horsepower|p1b: Zamazenta\n|-activate|p1b: Zamazenta|move: Protect\n|move|p2b: Incineroar|Flare Blitz|p1a: Chien-Pao\n|-activate|p1a: Chien-Pao|move: Protect\n|\n|-fieldend|move: Electric Terrain\n|upkeep\n|turn|6\n|\n|t:|1774595521\n|move|p1a: Chien-Pao|Sucker Punch|p2a: Calyrex\n|-supereffective|p2a: Calyrex\n|-damage|p2a: Calyrex|13/100\n|move|p2a: Calyrex|High Horsepower|p1b: Zamazenta\n|-supereffective|p1b: Zamazenta\n|-damage|p1b: Zamazenta|48/100\n|move|p2b: Incineroar|Flare Blitz|p1a: Chien-Pao\n|-supereffective|p1a: Chien-Pao\n|-damage|p1a: Chien-Pao|0 fnt\n|faint|p1a: Chien-Pao\n|-damage|p2b: Incineroar|85/100|[from] Recoil\n|move|p1b: Zamazenta|Body Press|p2a: Calyrex\n|-damage|p2a: Calyrex|0 fnt\n|faint|p2a: Calyrex\n|\n|upkeep\n|\n|t:|1774595537\n|switch|p2a: Iron Hands|Iron Hands, L50, shiny|26/100\n|switch|p1a: Whimsicott|Whimsicott, L50, M|100/100\n|turn|7\n|\n|t:|1774595579\n|move|p1a: Whimsicott|Tailwind|p1a: Whimsicott\n|-sidestart|p1: chrisjhall12|move: Tailwind\n|move|p2a: Iron Hands|Low Kick|p1b: Zamazenta\n|-supereffective|p1b: Zamazenta\n|-crit|p1b: Zamazenta\n|-damage|p1b: Zamazenta|0 fnt\n|faint|p1b: Zamazenta\n|move|p2b: Incineroar|Flare Blitz|p1a: Whimsicott\n|-supereffective|p1a: Whimsicott\n|-damage|p1a: Whimsicott|0 fnt\n|faint|p1a: Whimsicott\n|-damage|p2b: Incineroar|57/100|[from] Recoil\n|\n|-fieldend|move: Trick Room\n|upkeep\n|\n|t:|1774595588\n|switch|p1b: Miraidon|Miraidon, L50, tera:Fairy|75/100\n|-fieldstart|move: Electric Terrain|[from] ability: Hadron Engine|[of] p1b: Miraidon\n|-activate|p2a: Iron Hands|ability: Quark Drive\n|-start|p2a: Iron Hands|quarkdriveatk\n|turn|8\n|\n|t:|1774595628\n|move|p1b: Miraidon|Dazzling Gleam|p2a: Iron Hands|[spread] p2a,p2b\n|-supereffective|p2a: Iron Hands\n|-damage|p2a: Iron Hands|0 fnt\n|-damage|p2b: Incineroar|0 fnt\n|faint|p2a: Iron Hands\n|-end|p2a: Iron Hands|Quark Drive|[silent]\n|faint|p2b: Incineroar\n|\n|upkeep\n|\n|t:|1774595631\n|switch|p2b: Miraidon|Miraidon, L50, shiny|100/100\n|-activate|p2b: Miraidon|ability: Hadron Engine\n|turn|9\n|\n|t:|1774595633\n|move|p2b: Miraidon|Protect|p2b: Miraidon\n|-singleturn|p2b: Miraidon|Protect\n|move|p1b: Miraidon|Dazzling Gleam|p2b: Miraidon\n|-activate|p2b: Miraidon|move: Protect\n|\n|upkeep\n|turn|10\n|\n|t:|1774595639\n|move|p1b: Miraidon|Dazzling Gleam|p2b: Miraidon\n|-supereffective|p2b: Miraidon\n|-damage|p2b: Miraidon|0 fnt\n|faint|p2b: Miraidon\n|\n|win|chrisjhall12\n|raw|chrisjhall12's rating: 1359 &rarr; <strong>1378</strong><br />(+19 for winning)\n|raw|CEExy's rating: 1345 &rarr; <strong>1326</strong><br />(-19 for losing)\n|l|\u2606CEExy\n|player|p2|\n|l|\u2606chrisjhall12\n|player|p1|\n","uploadtime":1774595642,"views":13,"formatid":"gen9vgc2026regi","rating":1326,"private":0,"password":null}