{"id":"gen9vgc2026regi-2527309810","format":"[Gen 9] VGC 2026 Reg I","players":["dirk2202","blackred123"],"log":"|j|\u2606dirk2202\n|j|\u2606blackred123\n|t:|1769526246\n|gametype|doubles\n|player|p1|dirk2202|170|1428\n|player|p2|blackred123|iono-masters|1406\n|gen|9\n|tier|[Gen 9] VGC 2026 Reg I\n|rated|\n|rule|Species Clause: Limit one of each Pok\u00e9mon\n|rule|Item Clause: Limit 1 of each item\n|clearpoke\n|poke|p1|Miraidon, L50|\n|poke|p1|Calyrex-Ice, L50|\n|poke|p1|Urshifu-*, L50, F|\n|poke|p1|Landorus, L50, M|\n|poke|p1|Farigiraf, L50, F|\n|poke|p1|Ogerpon-Hearthflame, L50, F|\n|poke|p2|Lunala, L50|\n|poke|p2|Koraidon, L50|\n|poke|p2|Chi-Yu, L50|\n|poke|p2|Flutter Mane, L50|\n|poke|p2|Brute Bonnet, L50|\n|poke|p2|Ursaluna, L50, F|\n|teampreview|4\n|inactive|Battle timer is ON: inactive players will automatically lose when time's up. (requested by dirk2202)\n|inactive|blackred123 also wants the timer to be on.\n|\n|t:|1769526277\n|teamsize|p1|4\n|teamsize|p2|4\n|start\n|switch|p1a: Calyrex|Calyrex-Ice, L50|100/100\n|switch|p1b: Ogerpon|Ogerpon-Hearthflame, L50, F|100/100\n|switch|p2a: Koraidon|Koraidon, L50|100/100\n|switch|p2b: Flutter Mane|Flutter Mane, L50|100/100\n|-ability|p1a: Calyrex|As One\n|-ability|p1a: Calyrex|Unnerve\n|-weather|SunnyDay|[from] ability: Orichalcum Pulse|[of] p2a: Koraidon\n|-activate|p2b: Flutter Mane|ability: Protosynthesis\n|-start|p2b: Flutter Mane|protosynthesisspe\n|-activate|p2a: Koraidon|Orichalcum Pulse|[source]\n|-ability|p1b: Ogerpon|Mold Breaker\n|turn|1\n|\n|t:|1769526298\n|-terastallize|p2a: Koraidon|Fire\n|-terastallize|p1a: Calyrex|Fire\n|move|p2b: Flutter Mane|Shadow Ball|p1a: Calyrex\n|-damage|p1a: Calyrex|74/100\n|move|p2a: Koraidon|Flare Blitz|p1a: Calyrex\n|-resisted|p1a: Calyrex\n|-damage|p1a: Calyrex|21/100\n|-damage|p2a: Koraidon|80/100|[from] Recoil\n|-damage|p2a: Koraidon|70/100|[from] item: Life Orb\n|move|p1b: Ogerpon|Ivy Cudgel|p2b: Flutter Mane|[anim] Ivy Cudgel Fire\n|-enditem|p2b: Flutter Mane|Focus Sash\n|-damage|p2b: Flutter Mane|1/100\n|move|p1a: Calyrex|Trick Room|p1a: Calyrex\n|-fieldstart|move: Trick Room|[of] p1a: Calyrex\n|\n|-weather|SunnyDay|[upkeep]\n|upkeep\n|turn|2\n|\n|t:|1769526322\n|move|p2a: Koraidon|Protect|p2a: Koraidon\n|-singleturn|p2a: Koraidon|Protect\n|move|p2b: Flutter Mane|Protect|p2b: Flutter Mane\n|-singleturn|p2b: Flutter Mane|Protect\n|move|p1b: Ogerpon|Follow Me|p1b: Ogerpon\n|-singleturn|p1b: Ogerpon|move: Follow Me\n|move|p1a: Calyrex|Glacial Lance|p2a: Koraidon|[spread] \n|-activate|p2a: Koraidon|move: Protect\n|-activate|p2b: Flutter Mane|move: Protect\n|\n|-weather|SunnyDay|[upkeep]\n|upkeep\n|turn|3\n|\n|t:|1769526339\n|switch|p2a: Lunala|Lunala, L50, shiny|100/100\n|-end|p2b: Flutter Mane|Protosynthesis|[silent]\n|switch|p2b: Chi-Yu|Chi-Yu, L50|100/100\n|-ability|p2b: Chi-Yu|Beads of Ruin\n|move|p1a: Calyrex|High Horsepower|p2a: Lunala\n|-crit|p2a: Lunala\n|-damage|p2a: Lunala|77/100\n|move|p1b: Ogerpon|Ivy Cudgel|p2b: Chi-Yu|[anim] Ivy Cudgel Fire\n|-resisted|p2b: Chi-Yu\n|-damage|p2b: Chi-Yu|38/100\n|\n|-weather|SunnyDay|[upkeep]\n|upkeep\n|turn|4\n|inactive|blackred123 has 30 seconds left.\n|\n|t:|1769526378\n|move|p1b: Ogerpon|Spiky Shield|p1b: Ogerpon\n|-singleturn|p1b: Ogerpon|move: Protect\n|move|p1a: Calyrex|High Horsepower|p2b: Chi-Yu\n|-supereffective|p2b: Chi-Yu\n|-damage|p2b: Chi-Yu|0 fnt\n|faint|p2b: Chi-Yu\n|-ability|p1a: Calyrex|Chilling Neigh|boost\n|-boost|p1a: Calyrex|atk|1\n|move|p2a: Lunala|Trick Room|p2a: Lunala\n|-fieldend|move: Trick Room\n|\n|-weather|SunnyDay|[upkeep]\n|upkeep\n|\n|t:|1769526384\n|switch|p2b: Koraidon|Koraidon, L50, tera:Fire|70/100\n|-activate|p2b: Koraidon|ability: Orichalcum Pulse\n|turn|5\n|inactive|dirk2202 has 30 seconds left.\n|\n|t:|1769526412\n|move|p2b: Koraidon|Flare Blitz|p1b: Ogerpon\n|-damage|p1b: Ogerpon|0 fnt\n|faint|p1b: Ogerpon\n|-damage|p2b: Koraidon|35/100|[from] Recoil\n|-damage|p2b: Koraidon|25/100|[from] item: Life Orb\n|move|p2a: Lunala|Meteor Beam||[still]\n|-prepare|p2a: Lunala|Meteor Beam\n|-boost|p2a: Lunala|spa|1\n|-enditem|p2a: Lunala|Power Herb\n|-anim|p2a: Lunala|Meteor Beam|p1a: Calyrex\n|-supereffective|p1a: Calyrex\n|-damage|p1a: Calyrex|0 fnt\n|faint|p1a: Calyrex\n|\n|-weather|none\n|upkeep\n|\n|t:|1769526416\n|switch|p1b: Miraidon|Miraidon, L50|100/100\n|switch|p1a: Landorus|Landorus, L50, M|100/100\n|-fieldstart|move: Electric Terrain|[from] ability: Hadron Engine|[of] p1b: Miraidon\n|turn|6\n|inactive|blackred123 has 30 seconds left.\n|inactive|dirk2202 has 30 seconds left.\n|\n|t:|1769526448\n|switch|p2b: Flutter Mane|Flutter Mane, L50|1/100\n|move|p1b: Miraidon|Electro Drift|p2a: Lunala\n|-damage|p2a: Lunala|3/100\n|move|p2a: Lunala|Moongeist Beam|p1a: Landorus\n|-damage|p1a: Landorus|15/100\n|move|p1a: Landorus|Earth Power|p2b: Flutter Mane\n|-damage|p2b: Flutter Mane|0 fnt\n|faint|p2b: Flutter Mane\n|-end|p2b: Flutter Mane|Protosynthesis|[silent]\n|\n|upkeep\n|\n|t:|1769526460\n|switch|p2b: Koraidon|Koraidon, L50, tera:Fire|25/100\n|-weather|SunnyDay|[from] ability: Orichalcum Pulse|[of] p2b: Koraidon\n|-activate|p2b: Koraidon|Orichalcum Pulse|[source]\n|turn|7\n|\n|t:|1769526467\n|move|p2b: Koraidon|Close Combat|p1b: Miraidon\n|-damage|p1b: Miraidon|0 fnt\n|-unboost|p2b: Koraidon|def|1\n|-unboost|p2b: Koraidon|spd|1\n|faint|p1b: Miraidon\n|-damage|p2b: Koraidon|16/100|[from] item: Life Orb\n|move|p2a: Lunala|Moongeist Beam|p1a: Landorus\n|-damage|p1a: Landorus|0 fnt\n|faint|p1a: Landorus\n|\n|win|blackred123\n|raw|dirk2202's rating: 1428 &rarr; <strong>1407</strong><br />(-21 for losing)\n|raw|blackred123's rating: 1406 &rarr; <strong>1427</strong><br />(+21 for winning)\n|l|\u2606dirk2202\n|player|p1|\n","uploadtime":1769526486,"views":14,"formatid":"gen9vgc2026regi","rating":1407,"private":0,"password":null}