{"id":"gen9vgc2026regi-2540165362","format":"[Gen 9] VGC 2026 Reg I","players":["Azuael","j0l0k0"],"log":"|j|\u2606Azuael\n|j|\u2606j0l0k0\n|t:|1771170787\n|gametype|doubles\n|player|p1|Azuael|102|1299\n|player|p2|j0l0k0|brycen|1434\n|gen|9\n|tier|[Gen 9] VGC 2026 Reg I\n|rated|\n|rule|Species Clause: Limit one of each Pok\u00e9mon\n|rule|Item Clause: Limit 1 of each item\n|clearpoke\n|poke|p1|Zacian-*, L50|\n|poke|p1|Kyogre, L50|\n|poke|p1|Pikachu, L50, M|\n|poke|p1|Moltres-Galar, L50|\n|poke|p1|Amoonguss, L50, M|\n|poke|p1|Grimmsnarl, L50, M|\n|poke|p2|Calyrex-Ice, L50|\n|poke|p2|Kyogre, L50|\n|poke|p2|Indeedee-F, L50, F|\n|poke|p2|Urshifu-*, L50, F|\n|poke|p2|Amoonguss, L50, F|\n|poke|p2|Landorus, L50, M|\n|teampreview|4\n|inactive|Battle timer is ON: inactive players will automatically lose when time's up. (requested by j0l0k0)\n|inactive|Azuael has 60 seconds left.\n|\n|t:|1771170829\n|teamsize|p1|4\n|teamsize|p2|4\n|start\n|switch|p1a: Kyogre|Kyogre, L50|100/100\n|switch|p1b: Moltres|Moltres-Galar, L50|100/100\n|switch|p2a: Kyogre|Kyogre, L50, shiny|100/100\n|switch|p2b: Indeedee|Indeedee-F, L50, F, shiny|100/100\n|-weather|RainDance|[from] ability: Drizzle|[of] p1a: Kyogre\n|-fieldstart|move: Psychic Terrain|[from] ability: Psychic Surge|[of] p2b: Indeedee\n|turn|1\n|\n|t:|1771170852\n|-terastallize|p1a: Kyogre|Water\n|move|p2b: Indeedee|Helping Hand|p2a: Kyogre\n|-singleturn|p2a: Kyogre|Helping Hand|[of] p2b: Indeedee\n|move|p1b: Moltres|Protect|p1b: Moltres\n|-singleturn|p1b: Moltres|Protect\n|move|p1a: Kyogre|Water Spout|p2a: Kyogre|[spread] p2a,p2b\n|-resisted|p2a: Kyogre\n|-damage|p2a: Kyogre|76/100\n|-damage|p2b: Indeedee|8/100\n|move|p2a: Kyogre|Thunder|p1a: Kyogre\n|-supereffective|p1a: Kyogre\n|-damage|p1a: Kyogre|34/100\n|\n|-weather|RainDance|[upkeep]\n|upkeep\n|turn|2\n|\n|t:|1771170874\n|move|p2b: Indeedee|Helping Hand|p2a: Kyogre\n|-singleturn|p2a: Kyogre|Helping Hand|[of] p2b: Indeedee\n|move|p1a: Kyogre|Origin Pulse|p2a: Kyogre|[spread] p2a\n|-miss|p1a: Kyogre|p2b: Indeedee\n|-resisted|p2a: Kyogre\n|-damage|p2a: Kyogre|55/100\n|move|p1b: Moltres|Fiery Wrath|p2b: Indeedee|[spread] p2a,p2b\n|-supereffective|p2b: Indeedee\n|-damage|p2a: Kyogre|43/100\n|-damage|p2b: Indeedee|0 fnt\n|faint|p2b: Indeedee\n|move|p2a: Kyogre|Thunder|p1b: Moltres\n|-supereffective|p1b: Moltres\n|-damage|p1b: Moltres|0 fnt\n|faint|p1b: Moltres\n|\n|-weather|RainDance|[upkeep]\n|upkeep\n|\n|t:|1771170892\n|switch|p1b: Zacian|Zacian-Crowned, L50|100/100\n|switch|p2b: Urshifu|Urshifu, L50, F|100/100\n|-ability|p1b: Zacian|Intrepid Sword|boost\n|-boost|p1b: Zacian|atk|1\n|turn|3\n|\n|t:|1771170909\n|switch|p1a: Pikachu|Pikachu, L50, M|100/100\n|move|p1b: Zacian|Behemoth Blade|p2b: Urshifu\n|-damage|p2b: Urshifu|18/100\n|move|p2b: Urshifu|Close Combat|p1a: Pikachu\n|-enditem|p1a: Pikachu|Focus Sash\n|-damage|p1a: Pikachu|2/100\n|-unboost|p2b: Urshifu|def|1\n|-unboost|p2b: Urshifu|spd|1\n|move|p2a: Kyogre|Thunder|p1a: Pikachu\n|-ability|p1a: Pikachu|Lightning Rod|boost\n|-boost|p1a: Pikachu|spa|1\n|\n|-weather|RainDance|[upkeep]\n|upkeep\n|turn|4\n|inactive|Azuael has 30 seconds left.\n|\n|t:|1771170938\n|move|p1b: Zacian|Behemoth Blade|p2b: Urshifu\n|-damage|p2b: Urshifu|0 fnt\n|faint|p2b: Urshifu\n|move|p1a: Pikachu|Nuzzle|p2a: Kyogre\n|-supereffective|p2a: Kyogre\n|-damage|p2a: Kyogre|31/100\n|-status|p2a: Kyogre|par\n|move|p2a: Kyogre|Hydro Pump|p1b: Zacian\n|-damage|p1b: Zacian|1/100\n|\n|-weather|RainDance|[upkeep]\n|upkeep\n|\n|t:|1771170947\n|switch|p2b: Calyrex|Calyrex-Ice, L50|100/100\n|-ability|p2b: Calyrex|As One\n|-ability|p2b: Calyrex|Unnerve\n|turn|5\n|\n|t:|1771170962\n|-terastallize|p2b: Calyrex|Normal\n|move|p1b: Zacian|Behemoth Blade|p2b: Calyrex\n|-damage|p2b: Calyrex|49/100\n|move|p1a: Pikachu|Nuzzle|p2b: Calyrex\n|-damage|p2b: Calyrex|45/100\n|-status|p2b: Calyrex|par\n|cant|p2a: Kyogre|par\n|cant|p2b: Calyrex|par\n|\n|-weather|none\n|-fieldend|move: Psychic Terrain\n|upkeep\n|turn|6\n|\n|t:|1771170983\n|move|p1b: Zacian|Behemoth Blade|p2b: Calyrex\n|-damage|p2b: Calyrex|0 fnt\n|faint|p2b: Calyrex\n|move|p1a: Pikachu|Endeavor|p2a: Kyogre\n|-damage|p2a: Kyogre|1/100 par\n|cant|p2a: Kyogre|par\n|\n|upkeep\n|turn|7\n|\n|t:|1771170995\n|move|p1b: Zacian|Behemoth Blade|p2a: Kyogre\n|-resisted|p2a: Kyogre\n|-crit|p2a: Kyogre\n|-damage|p2a: Kyogre|0 fnt\n|faint|p2a: Kyogre\n|\n|win|Azuael\n|raw|Azuael's rating: 1299 &rarr; <strong>1333</strong><br />(+34 for winning)\n|raw|j0l0k0's rating: 1434 &rarr; <strong>1407</strong><br />(-27 for losing)\n|c|\u2606j0l0k0|bro\n|l|\u2606Azuael\n|player|p1|\n|l|\u2606j0l0k0\n|player|p2|\n","uploadtime":1771171267,"views":35,"formatid":"gen9vgc2026regi","rating":1333,"private":0,"password":null}