{"id":"gen9vgc2026regi-2570197414","format":"[Gen 9] VGC 2026 Reg I","players":["hfyssgtslaaa","test7301"],"log":"|j|\u2606hfyssgtslaaa\n|j|\u203dtest7301\n|t:|1774787248\n|gametype|doubles\n|player|p1|hfyssgtslaaa|may-masters2|1394\n|player|p2|test7301|170|1409\n|gen|9\n|tier|[Gen 9] VGC 2026 Reg I\n|rated|\n|rule|Species Clause: Limit one of each Pok\u00e9mon\n|rule|Item Clause: Limit 1 of each item\n|clearpoke\n|poke|p1|Raging Bolt, L50|\n|poke|p1|Chien-Pao, L50|\n|poke|p1|Calyrex-Shadow, L50|\n|poke|p1|Rillaboom, L50, F|\n|poke|p1|Amoonguss, L50, F|\n|poke|p1|Zamazenta-*, L50|\n|poke|p2|Groudon, L50|\n|poke|p2|Lunala, L50|\n|poke|p2|Torkoal, L50, F|\n|poke|p2|Incineroar, L50, F|\n|poke|p2|Indeedee-F, L50, F|\n|poke|p2|Brute Bonnet, L50|\n|teampreview|4\n|inactive|Battle timer is ON: inactive players will automatically lose when time's up. (requested by hfyssgtslaaa)\n|inactive|hfyssgtslaaa has 60 seconds left.\n|\n|t:|1774787287\n|teamsize|p1|4\n|teamsize|p2|4\n|start\n|switch|p1a: Calyrex|Calyrex-Shadow, L50|100/100\n|switch|p1b: Zamazenta|Zamazenta-Crowned, L50|100/100\n|switch|p2a: Incineroar|Incineroar, L50, F|100/100\n|switch|p2b: Lunala|Lunala, L50|100/100\n|-ability|p1a: Calyrex|As One\n|-ability|p1a: Calyrex|Unnerve\n|-ability|p1b: Zamazenta|Dauntless Shield|boost\n|-boost|p1b: Zamazenta|def|1\n|-ability|p2a: Incineroar|Intimidate|boost\n|-unboost|p1a: Calyrex|atk|1\n|-unboost|p1b: Zamazenta|atk|1\n|turn|1\n|\n|t:|1774787306\n|move|p1a: Calyrex|Protect|p1a: Calyrex\n|-singleturn|p1a: Calyrex|Protect\n|move|p2a: Incineroar|Fake Out|p1b: Zamazenta\n|-resisted|p1b: Zamazenta\n|-damage|p1b: Zamazenta|98/100\n|cant|p1b: Zamazenta|flinch\n|move|p2b: Lunala|Trick Room|p2b: Lunala\n|-fieldstart|move: Trick Room|[of] p2b: Lunala\n|\n|upkeep\n|turn|2\n|\n|t:|1774787324\n|-terastallize|p1a: Calyrex|Normal\n|move|p2a: Incineroar|Parting Shot|p1a: Calyrex\n|-unboost|p1a: Calyrex|atk|1\n|-unboost|p1a: Calyrex|spa|1\n|\n|t:|1774787336\n|switch|p2a: Torkoal|Torkoal, L50, F|100/100|[from] Parting Shot\n|-weather|SunnyDay|[from] ability: Drought|[of] p2a: Torkoal\n|move|p2b: Lunala|Moongeist Beam|p1a: Calyrex\n|-immune|p1a: Calyrex\n|move|p1b: Zamazenta|Body Press|p2a: Torkoal\n|-damage|p2a: Torkoal|52/100\n|move|p1a: Calyrex|Astral Barrage|p2b: Lunala|[spread] p2a,p2b\n|-supereffective|p2b: Lunala\n|-damage|p2a: Torkoal|5/100\n|-damage|p2b: Lunala|51/100\n|\n|-weather|SunnyDay|[upkeep]\n|upkeep\n|turn|3\n|inactive|hfyssgtslaaa has 30 seconds left.\n|inactive|test7301 has 30 seconds left.\n|\n|t:|1774787367\n|switch|p1b: Raging Bolt|Raging Bolt, L50|100/100\n|-activate|p1b: Raging Bolt|ability: Protosynthesis\n|-start|p1b: Raging Bolt|protosynthesisspa\n|move|p1a: Calyrex|Protect|p1a: Calyrex\n|-singleturn|p1a: Calyrex|Protect\n|move|p2a: Torkoal|Heat Wave|p1a: Calyrex|[spread] p1b\n|-activate|p1a: Calyrex|move: Protect\n|-resisted|p1b: Raging Bolt\n|-damage|p1b: Raging Bolt|74/100\n|move|p2b: Lunala|Moongeist Beam|p1b: Raging Bolt\n|-damage|p1b: Raging Bolt|28/100\n|\n|-weather|SunnyDay|[upkeep]\n|upkeep\n|turn|4\n|inactive|hfyssgtslaaa has 30 seconds left.\n|inactive|test7301 has 30 seconds left.\n|\n|t:|1774787399\n|switch|p2a: Groudon|Groudon, L50|100/100\n|move|p2b: Lunala|Wide Guard|p2b: Lunala\n|-singleturn|p2b: Lunala|Wide Guard\n|move|p1b: Raging Bolt|Thunderclap||[still]\n|-fail|p1b: Raging Bolt\n|move|p1a: Calyrex|Astral Barrage|p2a: Groudon|[spread] \n|-activate|p2a: Groudon|move: Wide Guard\n|-activate|p2b: Lunala|move: Wide Guard\n|\n|-weather|SunnyDay|[upkeep]\n|upkeep\n|turn|5\n|\n|t:|1774787412\n|switch|p2b: Incineroar|Incineroar, L50, F|100/100\n|-ability|p2b: Incineroar|Intimidate|boost\n|-unboost|p1a: Calyrex|atk|1\n|-unboost|p1b: Raging Bolt|atk|1\n|move|p1b: Raging Bolt|Protect|p1b: Raging Bolt\n|-singleturn|p1b: Raging Bolt|Protect\n|move|p1a: Calyrex|Protect|p1a: Calyrex\n|-singleturn|p1a: Calyrex|Protect\n|move|p2a: Groudon|Precipice Blades|p1b: Raging Bolt|[spread] \n|-activate|p1a: Calyrex|move: Protect\n|-activate|p1b: Raging Bolt|move: Protect\n|\n|-weather|SunnyDay|[upkeep]\n|-fieldend|move: Trick Room\n|upkeep\n|turn|6\n|inactive|hfyssgtslaaa has 30 seconds left.\n|\n|t:|1774787445\n|switch|p1a: Zamazenta|Zamazenta-Crowned, L50|98/100\n|move|p2b: Incineroar|Fake Out|p1a: Zamazenta\n|-resisted|p1a: Zamazenta\n|-damage|p1a: Zamazenta|95/100\n|move|p1b: Raging Bolt|Thunderclap||[still]\n|-fail|p1b: Raging Bolt\n|move|p2a: Groudon|Precipice Blades|p1b: Raging Bolt|[spread] p1a,p1b\n|-supereffective|p1a: Zamazenta\n|-supereffective|p1b: Raging Bolt\n|-damage|p1a: Zamazenta|18/100\n|-damage|p1b: Raging Bolt|0 fnt\n|faint|p1b: Raging Bolt\n|-end|p1b: Raging Bolt|Protosynthesis|[silent]\n|-damage|p2a: Groudon|91/100|[from] item: Life Orb\n|\n|-weather|none\n|upkeep\n|\n|t:|1774787459\n|switch|p1b: Calyrex|Calyrex-Shadow, L50, tera:Normal|100/100\n|-ability|p1b: Calyrex|As One\n|-ability|p1b: Calyrex|Unnerve\n|turn|7\n|\n|t:|1774787473\n|move|p2a: Groudon|Protect|p2a: Groudon\n|-singleturn|p2a: Groudon|Protect\n|move|p1b: Calyrex|Astral Barrage|p2b: Incineroar|[spread] p2b\n|-activate|p2a: Groudon|move: Protect\n|-resisted|p2b: Incineroar\n|-damage|p2b: Incineroar|75/100\n|-enditem|p2b: Incineroar|Eject Button\n|\n|t:|1774787495\n|switch|p2b: Torkoal|Torkoal, L50, F|5/100\n|-weather|SunnyDay|[from] ability: Drought|[of] p2b: Torkoal\n|move|p1a: Zamazenta|Body Press|p2b: Torkoal\n|-damage|p2b: Torkoal|0 fnt\n|faint|p2b: Torkoal\n|\n|-weather|SunnyDay|[upkeep]\n|upkeep\n|\n|t:|1774787511\n|switch|p2b: Lunala|Lunala, L50|51/100\n|turn|8\n|inactive|test7301 has 30 seconds left.\n|inactive|test7301 has 20 seconds left.\n|inactive|hfyssgtslaaa has 30 seconds left.\n|inactive|test7301 has 15 seconds left.\n|inactive|hfyssgtslaaa has 20 seconds left.\n|inactive|test7301 has 10 seconds left.\n|inactive|hfyssgtslaaa has 15 seconds left.\n|inactive|hfyssgtslaaa has 10 seconds left.\n|\n|t:|1774787574\n|switch|p2b: Incineroar|Incineroar, L50, F|75/100\n|-ability|p2b: Incineroar|Intimidate|boost\n|-unboost|p1a: Zamazenta|atk|1\n|-unboost|p1b: Calyrex|atk|1\n|move|p1b: Calyrex|Astral Barrage|p2b: Incineroar|[spread] p2a,p2b\n|-resisted|p2b: Incineroar\n|-damage|p2a: Groudon|43/100\n|-damage|p2b: Incineroar|53/100\n|move|p1a: Zamazenta|Body Press|p2a: Groudon\n|-damage|p2a: Groudon|14/100\n|move|p2a: Groudon|High Horsepower|p1a: Zamazenta\n|-supereffective|p1a: Zamazenta\n|-damage|p1a: Zamazenta|0 fnt\n|faint|p1a: Zamazenta\n|-damage|p2a: Groudon|4/100|[from] item: Life Orb\n|\n|-weather|SunnyDay|[upkeep]\n|upkeep\n|\n|t:|1774787591\n|switch|p1a: Amoonguss|Amoonguss, L50, F|100/100\n|turn|9\n|\n|t:|1774787602\n|move|p1b: Calyrex|Protect|p1b: Calyrex\n|-singleturn|p1b: Calyrex|Protect\n|move|p1a: Amoonguss|Protect|p1a: Amoonguss\n|-singleturn|p1a: Amoonguss|Protect\n|move|p2b: Incineroar|Fake Out|p1b: Calyrex\n|-activate|p1b: Calyrex|move: Protect\n|move|p2a: Groudon|Heat Crash|p1a: Amoonguss\n|-activate|p1a: Amoonguss|move: Protect\n|\n|-weather|SunnyDay|[upkeep]\n|upkeep\n|turn|10\n|\n|t:|1774787627\n|move|p2a: Groudon|Protect|p2a: Groudon\n|-singleturn|p2a: Groudon|Protect\n|move|p1a: Amoonguss|Protect||[still]\n|-fail|p1a: Amoonguss\n|move|p1b: Calyrex|Astral Barrage|p2a: Groudon|[spread] p2b\n|-activate|p2a: Groudon|move: Protect\n|-resisted|p2b: Incineroar\n|-damage|p2b: Incineroar|30/100\n|move|p2b: Incineroar|Flare Blitz|p1a: Amoonguss\n|-supereffective|p1a: Amoonguss\n|-damage|p1a: Amoonguss|2/100\n|-damage|p2b: Incineroar|14/100|[from] item: Rocky Helmet|[of] p1a: Amoonguss\n|-damage|p2b: Incineroar|0 fnt|[from] Recoil\n|faint|p2b: Incineroar\n|\n|-weather|SunnyDay|[upkeep]\n|upkeep\n|\n|t:|1774787638\n|switch|p2b: Lunala|Lunala, L50|51/100\n|turn|11\n|inactive|hfyssgtslaaa has 30 seconds left.\n|\n|t:|1774787666\n|move|p2b: Lunala|Wide Guard|p2b: Lunala\n|-singleturn|p2b: Lunala|Wide Guard\n|move|p1a: Amoonguss|Rage Powder|p1a: Amoonguss\n|-singleturn|p1a: Amoonguss|move: Rage Powder\n|move|p1b: Calyrex|Psychic|p2a: Groudon\n|-damage|p2a: Groudon|0 fnt\n|faint|p2a: Groudon\n|-ability|p1b: Calyrex|Grim Neigh|boost\n|-boost|p1b: Calyrex|spa|1\n|\n|-weather|none\n|upkeep\n|turn|12\n|-message|test7301 forfeited.\n|\n|win|hfyssgtslaaa\n|raw|hfyssgtslaaa's rating: 1394 &rarr; <strong>1415</strong><br />(+21 for winning)\n|raw|test7301's rating: 1409 &rarr; <strong>1388</strong><br />(-21 for losing)\n|l|\u203dtest7301\n|player|p2|\n","uploadtime":1774788012,"views":16,"formatid":"gen9vgc2026regi","rating":1388,"private":0,"password":null}