{"id":"gen9vgc2026regi-2534703540","format":"[Gen 9] VGC 2026 Reg I","players":["don juan dozo","fogdocker"],"log":"|j|\u2606don juan dozo\n|j|\u2606fogdocker\n|t:|1770464581\n|gametype|doubles\n|player|p1|don juan dozo|265|1531\n|player|p2|fogdocker|101|1454\n|gen|9\n|tier|[Gen 9] VGC 2026 Reg I\n|rated|\n|rule|Species Clause: Limit one of each Pok\u00e9mon\n|rule|Item Clause: Limit 1 of each item\n|clearpoke\n|poke|p1|Calyrex-Shadow, L50|\n|poke|p1|Zamazenta-*, L50|\n|poke|p1|Ting-Lu, L50|\n|poke|p1|Dondozo, L50, M|\n|poke|p1|Chien-Pao, L50|\n|poke|p1|Ogerpon-Hearthflame, L50, F|\n|poke|p2|Calyrex-Ice, L50|\n|poke|p2|Koraidon, L50|\n|poke|p2|Flutter Mane, L50|\n|poke|p2|Incineroar, L50, F|\n|poke|p2|Rillaboom, L50, M|\n|poke|p2|Volcarona, L50, M|\n|teampreview|4\n|j| lunala fairy ghost\n|\n|t:|1770464620\n|teamsize|p1|4\n|teamsize|p2|4\n|start\n|switch|p1a: 221 speed|Calyrex-Shadow, L50|100/100\n|switch|p1b: Chromakopia|Ogerpon-Hearthflame, L50, F|100/100\n|switch|p2a: Calyrex|Calyrex-Ice, L50|100/100\n|switch|p2b: Incineroar|Incineroar, L50, F|100/100\n|-ability|p1a: 221 speed|As One\n|-ability|p1a: 221 speed|Unnerve\n|-ability|p2a: Calyrex|As One\n|-ability|p2a: Calyrex|Unnerve\n|-ability|p1b: Chromakopia|Mold Breaker\n|-ability|p2b: Incineroar|Intimidate|boost\n|-unboost|p1a: 221 speed|atk|1\n|-unboost|p1b: Chromakopia|atk|1\n|turn|1\n|inactive|Battle timer is ON: inactive players will automatically lose when time's up. (requested by don juan dozo)\n|\n|t:|1770464653\n|move|p2a: Calyrex|Protect|p2a: Calyrex\n|-singleturn|p2a: Calyrex|Protect\n|move|p1a: 221 speed|Astral Barrage|p2a: Calyrex|[spread] p2b\n|-activate|p2a: Calyrex|move: Protect\n|-resisted|p2b: Incineroar\n|-crit|p2b: Incineroar\n|-damage|p2b: Incineroar|66/100\n|move|p1b: Chromakopia|Wood Hammer|p2a: Calyrex\n|-activate|p2a: Calyrex|move: Protect\n|move|p2b: Incineroar|Knock Off|p1a: 221 speed\n|-supereffective|p1a: 221 speed\n|-enditem|p1a: 221 speed|Focus Sash\n|-damage|p1a: 221 speed|1/100\n|\n|upkeep\n|turn|2\n|\n|t:|1770464675\n|-terastallize|p2a: Calyrex|Water\n|move|p1b: Chromakopia|Follow Me|p1b: Chromakopia\n|-singleturn|p1b: Chromakopia|move: Follow Me\n|move|p1a: 221 speed|Encore|p2a: Calyrex\n|-start|p2a: Calyrex|Encore\n|move|p2b: Incineroar|Flare Blitz|p1b: Chromakopia\n|-damage|p1b: Chromakopia|40/100\n|-damage|p2b: Incineroar|51/100|[from] Recoil\n|move|p2a: Calyrex|Protect||[still]\n|-fail|p2a: Calyrex\n|\n|upkeep\n|turn|3\n|inactive|fogdocker has 30 seconds left.\n|\n|t:|1770464703\n|move|p2a: Calyrex|Protect|p2a: Calyrex\n|-singleturn|p2a: Calyrex|Protect\n|move|p1b: Chromakopia|Follow Me|p1b: Chromakopia\n|-singleturn|p1b: Chromakopia|move: Follow Me\n|move|p1a: 221 speed|Astral Barrage|p2a: Calyrex|[spread] p2b\n|-activate|p2a: Calyrex|move: Protect\n|-resisted|p2b: Incineroar\n|-damage|p2b: Incineroar|28/100\n|move|p2b: Incineroar|Parting Shot|p1b: Chromakopia\n|-unboost|p1b: Chromakopia|atk|1\n|-unboost|p1b: Chromakopia|spa|1\n|\n|t:|1770464709\n|switch|p2b: Flutter Mane|Flutter Mane, L50|100/100|[from] Parting Shot\n|\n|upkeep\n|turn|4\n|inactive|don juan dozo has 30 seconds left.\n|inactive|don juan dozo has 20 seconds left.\n|inactive|don juan dozo has 15 seconds left.\n|inactive|don juan dozo has 10 seconds left.\n|inactive|don juan dozo has 5 seconds left.\n|\n|t:|1770464764\n|switch|p2a: Koraidon|Koraidon, L50|100/100\n|-weather|SunnyDay|[from] ability: Orichalcum Pulse|[of] p2a: Koraidon\n|-activate|p2b: Flutter Mane|ability: Protosynthesis\n|-start|p2b: Flutter Mane|protosynthesisspe\n|-activate|p2a: Koraidon|Orichalcum Pulse|[source]\n|move|p1a: 221 speed|Protect|p1a: 221 speed\n|-singleturn|p1a: 221 speed|Protect\n|move|p1b: Chromakopia|Spiky Shield|p1b: Chromakopia\n|-singleturn|p1b: Chromakopia|move: Protect\n|move|p2b: Flutter Mane|Icy Wind|p1a: 221 speed|[spread] \n|-activate|p1a: 221 speed|move: Protect\n|-activate|p1b: Chromakopia|move: Protect\n|\n|-weather|SunnyDay|[upkeep]\n|upkeep\n|turn|5\n|l| lunala fairy ghost\n|j| lunala fairy ghost\n|inactive|don juan dozo has 30 seconds left.\n|l| lunala fairy ghost\n|-message|don juan dozo forfeited.\n|\n|win|fogdocker\n|raw|don juan dozo's rating: 1531 &rarr; <strong>1507</strong><br />(-24 for losing)\n|raw|fogdocker's rating: 1454 &rarr; <strong>1478</strong><br />(+24 for winning)\n|l|\u2606don juan dozo\n|player|p1|\n","uploadtime":1770464797,"views":28,"formatid":"gen9vgc2026regi","rating":1478,"private":0,"password":null}