{"id":"gen9vgc2026regi-2563781751","format":"[Gen 9] VGC 2026 Reg I","players":["itastelikeiron","Bayo93"],"log":"|j|\u2606itastelikeiron\n|j|\u2606Bayo93\n|t:|1774061542\n|gametype|doubles\n|player|p1|itastelikeiron|infielder|1392\n|player|p2|Bayo93|170|1422\n|gen|9\n|tier|[Gen 9] VGC 2026 Reg I\n|rated|\n|rule|Species Clause: Limit one of each Pok\u00e9mon\n|rule|Item Clause: Limit 1 of each item\n|clearpoke\n|poke|p1|Tsareena, L50, F|\n|poke|p1|Kyogre, L50|\n|poke|p1|Basculegion, L50, M|\n|poke|p1|Tornadus, L50, M|\n|poke|p1|Incineroar, L50, M|\n|poke|p1|Zacian-*, L50|\n|poke|p2|Zacian-*, L50|\n|poke|p2|Kyogre, L50|\n|poke|p2|Landorus, L50, M|\n|poke|p2|Chien-Pao, L50|\n|poke|p2|Tornadus, L50, M|\n|poke|p2|Raging Bolt, L50|\n|teampreview|4\n|\n|t:|1774061579\n|teamsize|p1|4\n|teamsize|p2|4\n|start\n|switch|p1a: Kyogre|Kyogre, L50|100/100\n|switch|p1b: Tornadus|Tornadus, L50, M|100/100\n|switch|p2a: Tornadus|Tornadus, L50, M|100/100\n|switch|p2b: Raging Bolt|Raging Bolt, L50|100/100\n|-weather|RainDance|[from] ability: Drizzle|[of] p1a: Kyogre\n|-enditem|p2b: Raging Bolt|Booster Energy\n|-activate|p2b: Raging Bolt|ability: Protosynthesis|[fromitem]\n|-start|p2b: Raging Bolt|protosynthesisspa\n|turn|1\n|\n|t:|1774061593\n|-terastallize|p1a: Kyogre|Water\n|move|p1b: Tornadus|Tailwind|p1b: Tornadus\n|-sidestart|p1: itastelikeiron|move: Tailwind\n|move|p2a: Tornadus|Tailwind|p2a: Tornadus\n|-sidestart|p2: Bayo93|move: Tailwind\n|move|p1a: Kyogre|Water Spout|p2b: Raging Bolt|[spread] p2a,p2b\n|-resisted|p2b: Raging Bolt\n|-damage|p2a: Tornadus|0 fnt\n|-damage|p2b: Raging Bolt|43/100\n|faint|p2a: Tornadus\n|move|p2b: Raging Bolt|Thunderbolt|p1b: Tornadus\n|-supereffective|p1b: Tornadus\n|-enditem|p1b: Tornadus|Focus Sash\n|-damage|p1b: Tornadus|1/100\n|\n|-weather|RainDance|[upkeep]\n|upkeep\n|\n|t:|1774061607\n|switch|p2a: Kyogre|Kyogre, L50|100/100\n|turn|2\n|\n|t:|1774061617\n|switch|p1b: Tsareena|Tsareena, L50, F|100/100\n|move|p2b: Raging Bolt|Protect|p2b: Raging Bolt\n|-singleturn|p2b: Raging Bolt|Protect\n|move|p1a: Kyogre|Water Spout|p2b: Raging Bolt|[spread] p2a\n|-activate|p2b: Raging Bolt|move: Protect\n|-resisted|p2a: Kyogre\n|-damage|p2a: Kyogre|55/100\n|move|p2a: Kyogre|Origin Pulse|p1b: Tsareena|[spread] p1a,p1b\n|-resisted|p1a: Kyogre\n|-resisted|p1b: Tsareena\n|-damage|p1a: Kyogre|65/100\n|-damage|p1b: Tsareena|41/100\n|\n|-weather|RainDance|[upkeep]\n|upkeep\n|turn|3\n|\n|t:|1774061634\n|move|p1b: Tsareena|Helping Hand|p1a: Kyogre\n|-singleturn|p1a: Kyogre|Helping Hand|[of] p1b: Tsareena\n|move|p1a: Kyogre|Water Spout|p2b: Raging Bolt|[spread] p2a,p2b\n|-resisted|p2a: Kyogre\n|-resisted|p2b: Raging Bolt\n|-damage|p2a: Kyogre|14/100\n|-damage|p2b: Raging Bolt|0 fnt\n|faint|p2b: Raging Bolt\n|-end|p2b: Raging Bolt|Protosynthesis|[silent]\n|move|p2a: Kyogre|Origin Pulse|p1b: Tsareena|[spread] p1a,p1b\n|-resisted|p1a: Kyogre\n|-resisted|p1b: Tsareena\n|-damage|p1a: Kyogre|32/100\n|-damage|p1b: Tsareena|0 fnt\n|faint|p1b: Tsareena\n|\n|-weather|RainDance|[upkeep]\n|upkeep\n|\n|t:|1774061645\n|switch|p1b: Tornadus|Tornadus, L50, M|1/100\n|switch|p2b: Zacian|Zacian-Crowned, L50|100/100\n|-ability|p2b: Zacian|Intrepid Sword|boost\n|-boost|p2b: Zacian|atk|1\n|turn|4\n|\n|t:|1774061665\n|move|p1b: Tornadus|Protect|p1b: Tornadus\n|-singleturn|p1b: Tornadus|Protect\n|move|p2a: Kyogre|Protect|p2a: Kyogre\n|-singleturn|p2a: Kyogre|Protect\n|move|p1a: Kyogre|Water Spout|p2b: Zacian|[spread] p2b\n|-activate|p2a: Kyogre|move: Protect\n|-crit|p2b: Zacian\n|-damage|p2b: Zacian|42/100\n|move|p2b: Zacian|Substitute|p2b: Zacian\n|-start|p2b: Zacian|Substitute\n|-damage|p2b: Zacian|18/100\n|\n|-weather|RainDance|[upkeep]\n|-sideend|p2: Bayo93|move: Tailwind\n|-sideend|p1: itastelikeiron|move: Tailwind\n|upkeep\n|turn|5\n|\n|t:|1774061671\n|move|p2b: Zacian|Protect|p2b: Zacian\n|-singleturn|p2b: Zacian|Protect\n|move|p1b: Tornadus|Tailwind|p1b: Tornadus\n|-sidestart|p1: itastelikeiron|move: Tailwind\n|move|p1a: Kyogre|Water Spout|p2b: Zacian|[spread] p2a\n|-activate|p2b: Zacian|move: Protect\n|-resisted|p2a: Kyogre\n|-damage|p2a: Kyogre|0 fnt\n|faint|p2a: Kyogre\n|\n|-weather|none\n|upkeep\n|turn|6\n|-message|Bayo93 forfeited.\n|\n|win|itastelikeiron\n|raw|itastelikeiron's rating: 1392 &rarr; <strong>1414</strong><br />(+22 for winning)\n|raw|Bayo93's rating: 1422 &rarr; <strong>1400</strong><br />(-22 for losing)\n|l|\u2606Bayo93\n|player|p2|\n|l|\u2606itastelikeiron\n|player|p1|\n","uploadtime":1774061931,"views":14,"formatid":"gen9vgc2026regi","rating":1400,"private":0,"password":null}