{"id":"gen9vgc2026regi-2588662542","format":"[Gen 9] VGC 2026 Reg I","players":["mroreo328","JakeNBake3D"],"log":"|j|\u2606mroreo328\n|j|\u2606JakeNBake3D\n|t:|1776655085\n|gametype|doubles\n|player|p1|mroreo328|youngster-gen4dp|1430\n|player|p2|JakeNBake3D|170|1342\n|gen|9\n|tier|[Gen 9] VGC 2026 Reg I\n|rated|\n|rule|Species Clause: Limit one of each Pok\u00e9mon\n|rule|Item Clause: Limit 1 of each item\n|clearpoke\n|poke|p1|Miraidon, L50|\n|poke|p1|Indeedee-F, L50, F|\n|poke|p1|Annihilape, L50, F|\n|poke|p1|Calyrex-Ice, L50|\n|poke|p1|Enamorus-Therian, L50, F|\n|poke|p1|Urshifu-*, L50, M|\n|poke|p2|Miraidon, L50|\n|poke|p2|Lunala, L50|\n|poke|p2|Incineroar, L50, F|\n|poke|p2|Urshifu-*, L50, M|\n|poke|p2|Grimmsnarl, L50, M|\n|poke|p2|Ursaluna, L50, F|\n|teampreview|4\n|inactive|Battle timer is ON: inactive players will automatically lose when time's up. (requested by mroreo328)\n|inactive|JakeNBake3D has 60 seconds left.\n|\n|t:|1776655138\n|teamsize|p1|4\n|teamsize|p2|4\n|start\n|switch|p1a: Indeedee|Indeedee-F, L50, F|100/100\n|switch|p1b: Calyrex|Calyrex-Ice, L50|100/100\n|switch|p2a: Grimmsnarl|Grimmsnarl, L50, M, shiny|100/100\n|switch|p2b: Miraidon|Miraidon, L50|100/100\n|-ability|p1b: Calyrex|As One\n|-ability|p1b: Calyrex|Unnerve\n|-fieldstart|move: Electric Terrain|[from] ability: Hadron Engine|[of] p2b: Miraidon\n|-fieldstart|move: Psychic Terrain|[from] ability: Psychic Surge|[of] p1a: Indeedee\n|-enditem|p1b: Calyrex|Psychic Seed\n|-boost|p1b: Calyrex|spd|1|[from] item: Psychic Seed\n|turn|1\n|\n|t:|1776655161\n|-terastallize|p2b: Miraidon|Electric\n|move|p2a: Grimmsnarl|Reflect|p2a: Grimmsnarl\n|-sidestart|p2: JakeNBake3D|Reflect\n|move|p2b: Miraidon|Snarl|p1a: Indeedee|[spread] p1a,p1b\n|-supereffective|p1a: Indeedee\n|-supereffective|p1b: Calyrex\n|-damage|p1a: Indeedee|67/100\n|-damage|p1b: Calyrex|85/100\n|-unboost|p1a: Indeedee|spa|1\n|-unboost|p1b: Calyrex|spa|1\n|move|p1b: Calyrex|Glacial Lance|p2b: Miraidon|[spread] p2a,p2b\n|-damage|p2a: Grimmsnarl|73/100\n|-damage|p2b: Miraidon|73/100\n|move|p1a: Indeedee|Trick Room|p1a: Indeedee\n|-fieldstart|move: Trick Room|[of] p1a: Indeedee\n|\n|upkeep\n|turn|2\n|inactive|JakeNBake3D has 30 seconds left.\n|inactive|JakeNBake3D has 20 seconds left.\n|\n|t:|1776655197\n|move|p1a: Indeedee|Follow Me|p1a: Indeedee\n|-singleturn|p1a: Indeedee|move: Follow Me\n|move|p1b: Calyrex|Curse|p1b: Calyrex\n|-unboost|p1b: Calyrex|spe|1\n|-boost|p1b: Calyrex|atk|1\n|-boost|p1b: Calyrex|def|1\n|move|p2a: Grimmsnarl|Spirit Break|p1a: Indeedee\n|-damage|p1a: Indeedee|37/100\n|-unboost|p1a: Indeedee|spa|1\n|move|p2b: Miraidon|Volt Switch|p1a: Indeedee\n|-damage|p1a: Indeedee|0 fnt\n|faint|p1a: Indeedee\n|inactive|JakeNBake3D has 30 seconds left.\n|\n|t:|1776655228\n|switch|p2b: Ursaluna|Ursaluna, L50, F, shiny|100/100|[from] Volt Switch\n|\n|-status|p2b: Ursaluna|brn|[from] item: Flame Orb\n|upkeep\n|\n|t:|1776655231\n|switch|p1a: Enamorus|Enamorus-Therian, L50, F|100/100\n|turn|3\n|\n|t:|1776655252\n|move|p2a: Grimmsnarl|Light Screen|p2a: Grimmsnarl\n|-sidestart|p2: JakeNBake3D|move: Light Screen\n|move|p1b: Calyrex|Glacial Lance|p2a: Grimmsnarl|[spread] p2a,p2b\n|-supereffective|p2b: Ursaluna\n|-damage|p2a: Grimmsnarl|32/100\n|-damage|p2b: Ursaluna|32/100 brn\n|move|p1a: Enamorus|Grass Knot|p2b: Ursaluna\n|-supereffective|p2b: Ursaluna\n|-damage|p2b: Ursaluna|0 fnt\n|faint|p2b: Ursaluna\n|-damage|p1a: Enamorus|91/100|[from] item: Life Orb\n|\n|upkeep\n|\n|t:|1776655271\n|switch|p2b: Lunala|Lunala, L50, shiny|100/100\n|turn|4\n|\n|t:|1776655284\n|move|p1b: Calyrex|Glacial Lance|p2a: Grimmsnarl|[spread] p2a,p2b\n|-damage|p2a: Grimmsnarl|0 fnt\n|-damage|p2b: Lunala|84/100\n|faint|p2a: Grimmsnarl\n|-ability|p1b: Calyrex|Chilling Neigh|boost\n|-boost|p1b: Calyrex|atk|1\n|move|p1a: Enamorus|Moonblast|p2b: Lunala\n|-damage|p2b: Lunala|50/100\n|-damage|p1a: Enamorus|81/100|[from] item: Life Orb\n|move|p2b: Lunala|Moongeist Beam|p1b: Calyrex\n|-supereffective|p1b: Calyrex\n|-damage|p1b: Calyrex|33/100\n|\n|upkeep\n|\n|t:|1776655298\n|switch|p2a: Miraidon|Miraidon, L50, tera:Electric|73/100\n|-fieldstart|move: Electric Terrain|[from] ability: Hadron Engine|[of] p2a: Miraidon\n|-enditem|p2b: Lunala|Electric Seed\n|-boost|p2b: Lunala|def|1|[from] item: Electric Seed\n|turn|5\n|\n|t:|1776655323\n|-terastallize|p1b: Calyrex|Water\n|move|p1b: Calyrex|Glacial Lance|p2a: Miraidon|[spread] p2a,p2b\n|-damage|p2a: Miraidon|17/100\n|-damage|p2b: Lunala|21/100\n|move|p1a: Enamorus|Earth Power|p2a: Miraidon\n|-supereffective|p2a: Miraidon\n|-damage|p2a: Miraidon|0 fnt\n|faint|p2a: Miraidon\n|-damage|p1a: Enamorus|71/100|[from] item: Life Orb\n|move|p2b: Lunala|Moongeist Beam|p1b: Calyrex\n|-damage|p1b: Calyrex|5/100\n|\n|-fieldend|move: Trick Room\n|upkeep\n|turn|6\n|-message|JakeNBake3D forfeited.\n|\n|win|mroreo328\n|raw|mroreo328's rating: 1430 &rarr; <strong>1445</strong><br />(+15 for winning)\n|raw|JakeNBake3D's rating: 1342 &rarr; <strong>1327</strong><br />(-15 for losing)\n|l|\u2606JakeNBake3D\n|player|p2|\n|l|\u2606mroreo328\n|player|p1|\n","uploadtime":1776655560,"views":7,"formatid":"gen9vgc2026regi","rating":1327,"private":0,"password":null}