{"id":"gen9vgc2026regi-2563918776","format":"[Gen 9] VGC 2026 Reg I","players":["Pigduckeater","timebroken"],"log":"|j|\u2606Pigduckeater\n|j|\u2606timebroken\n|t:|1774084582\n|gametype|doubles\n|player|p1|Pigduckeater|169|1478\n|player|p2|timebroken|willow|1623\n|gen|9\n|tier|[Gen 9] VGC 2026 Reg I\n|rated|\n|rule|Species Clause: Limit one of each Pok\u00e9mon\n|rule|Item Clause: Limit 1 of each item\n|clearpoke\n|poke|p1|Incineroar, L50, M|\n|poke|p1|Weezing-Galar, L50, F|\n|poke|p1|Miraidon, L50|\n|poke|p1|Calyrex-Shadow, L50|\n|poke|p1|Iron Valiant, L50|\n|poke|p1|Sinistcha, L50|\n|poke|p2|Calyrex-Shadow, L50|\n|poke|p2|Zamazenta-*, L50|\n|poke|p2|Chien-Pao, L50|\n|poke|p2|Rillaboom, L50, M|\n|poke|p2|Tornadus, L50, M|\n|poke|p2|Raging Bolt, L50|\n|teampreview|4\n|inactive|Battle timer is ON: inactive players will automatically lose when time's up. (requested by timebroken)\n|inactive|Pigduckeater has 60 seconds left.\n|j| junkho\n|inactive|Pigduckeater has 30 seconds left.\n|inactive|Pigduckeater has 20 seconds left.\n|inactive|Pigduckeater has 15 seconds left.\n|inactive|Pigduckeater has 10 seconds left.\n|inactive|Pigduckeater has 5 seconds left.\n|\n|t:|1774084672\n|teamsize|p1|4\n|teamsize|p2|4\n|start\n|switch|p1a: Incineroar|Incineroar, L50, M|100/100\n|switch|p1b: Weezing|Weezing-Galar, L50, F|100/100\n|switch|p2a: Zamazenta|Zamazenta-Crowned, L50|100/100\n|switch|p2b: Chien-Pao|Chien-Pao, L50|100/100\n|-ability|p1b: Weezing|Neutralizing Gas\n|turn|1\n|\n|t:|1774084695\n|move|p2b: Chien-Pao|Protect|p2b: Chien-Pao\n|-singleturn|p2b: Chien-Pao|Protect\n|move|p2a: Zamazenta|Protect|p2a: Zamazenta\n|-singleturn|p2a: Zamazenta|Protect\n|move|p1a: Incineroar|Fake Out|p2b: Chien-Pao\n|-activate|p2b: Chien-Pao|move: Protect\n|move|p1b: Weezing|Toxic Spikes|p2a: Zamazenta\n|-sidestart|p2: timebroken|move: Toxic Spikes\n|\n|upkeep\n|turn|2\n|\n|t:|1774084714\n|move|p2b: Chien-Pao|Taunt|p1b: Weezing\n|-start|p1b: Weezing|move: Taunt\n|move|p2a: Zamazenta|Body Press|p1a: Incineroar\n|-supereffective|p1a: Incineroar\n|-damage|p1a: Incineroar|23/100\n|cant|p1b: Weezing|move: Taunt|Taunt\n|move|p1a: Incineroar|U-turn|p2b: Chien-Pao\n|-supereffective|p2b: Chien-Pao\n|-damage|p2b: Chien-Pao|50/100\n|\n|t:|1774084724\n|switch|p1a: Calyrex|Calyrex-Shadow, L50|100/100|[from] U-turn\n|-ability|p1a: Calyrex|As One\n|-ability|p1a: Calyrex|Unnerve\n|\n|upkeep\n|turn|3\n|\n|t:|1774084731\n|-end|p1b: Weezing|ability: Neutralizing Gas\n|-ability|p2b: Chien-Pao|Sword of Ruin\n|-ability|p2a: Zamazenta|Dauntless Shield|boost\n|-boost|p2a: Zamazenta|def|1\n|switch|p1b: Incineroar|Incineroar, L50, M|23/100\n|-ability|p1b: Incineroar|Intimidate|boost\n|-unboost|p2a: Zamazenta|atk|1\n|-unboost|p2b: Chien-Pao|atk|1\n|move|p2b: Chien-Pao|Sucker Punch||[still]\n|-fail|p2b: Chien-Pao\n|move|p1a: Calyrex|Substitute|p1a: Calyrex\n|-start|p1a: Calyrex|Substitute\n|-damage|p1a: Calyrex|75/100\n|move|p2a: Zamazenta|Heavy Slam|p1b: Incineroar\n|-resisted|p1b: Incineroar\n|-damage|p1b: Incineroar|7/100\n|\n|upkeep\n|turn|4\n|\n|t:|1774084752\n|move|p1a: Calyrex|Protect|p1a: Calyrex\n|-singleturn|p1a: Calyrex|Protect\n|move|p2b: Chien-Pao|Ice Spinner|p1b: Incineroar\n|-resisted|p1b: Incineroar\n|-damage|p1b: Incineroar|0 fnt\n|faint|p1b: Incineroar\n|-damage|p2b: Chien-Pao|40/100|[from] item: Life Orb\n|move|p2a: Zamazenta|Heavy Slam|p1a: Calyrex\n|-activate|p1a: Calyrex|move: Protect\n|\n|upkeep\n|\n|t:|1774084765\n|switch|p1b: Miraidon|Miraidon, L50|100/100\n|-fieldstart|move: Electric Terrain|[from] ability: Hadron Engine|[of] p1b: Miraidon\n|-enditem|p1b: Miraidon|Electric Seed\n|-boost|p1b: Miraidon|def|1|[from] item: Electric Seed\n|turn|5\n|\n|t:|1774084780\n|switch|p2b: Rillaboom|Rillaboom, L50, M|100/100\n|-status|p2b: Rillaboom|psn\n|-fieldstart|move: Grassy Terrain|[from] ability: Grassy Surge|[of] p2b: Rillaboom\n|move|p2a: Zamazenta|Protect|p2a: Zamazenta\n|-singleturn|p2a: Zamazenta|Protect\n|move|p1a: Calyrex|Astral Barrage|p2a: Zamazenta|[spread] p2b\n|-activate|p2a: Zamazenta|move: Protect\n|-damage|p2b: Rillaboom|58/100 psn\n|-damage|p1a: Calyrex|66/100|[from] item: Life Orb\n|move|p1b: Miraidon|Calm Mind|p1b: Miraidon\n|-boost|p1b: Miraidon|spa|1\n|-boost|p1b: Miraidon|spd|1\n|\n|-heal|p1a: Calyrex|72/100|[from] Grassy Terrain\n|-heal|p2b: Rillaboom|64/100 psn|[from] Grassy Terrain\n|-damage|p2b: Rillaboom|52/100 psn|[from] psn\n|upkeep\n|turn|6\n|\n|t:|1774084802\n|move|p1a: Calyrex|Protect|p1a: Calyrex\n|-singleturn|p1a: Calyrex|Protect\n|move|p1b: Miraidon|Dragon Pulse|p2b: Rillaboom\n|-damage|p2b: Rillaboom|10/100 psn\n|move|p2a: Zamazenta|Body Press|p1b: Miraidon\n|-damage|p1b: Miraidon|65/100\n|move|p2b: Rillaboom|Wood Hammer|p1b: Miraidon\n|-resisted|p1b: Miraidon\n|-damage|p1b: Miraidon|44/100\n|-damage|p2b: Rillaboom|3/100 psn|[from] Recoil\n|\n|-heal|p1a: Calyrex|78/100|[from] Grassy Terrain\n|-heal|p1b: Miraidon|50/100|[from] Grassy Terrain\n|-heal|p2b: Rillaboom|9/100 psn|[from] Grassy Terrain\n|-damage|p2b: Rillaboom|0 fnt|[from] psn\n|faint|p2b: Rillaboom\n|upkeep\n|\n|t:|1774084810\n|switch|p2b: Calyrex|Calyrex-Shadow, L50|100/100\n|-ability|p2b: Calyrex|As One\n|-ability|p2b: Calyrex|Unnerve\n|-status|p2b: Calyrex|psn\n|turn|7\n|\n|t:|1774084830\n|-terastallize|p1a: Calyrex|Ground\n|move|p1a: Calyrex|Mud Shot|p2b: Calyrex\n|-damage|p2b: Calyrex|56/100 psn\n|-unboost|p2b: Calyrex|spe|1\n|-damage|p1a: Calyrex|69/100|[from] item: Life Orb\n|move|p1b: Miraidon|Parabolic Charge|p2a: Zamazenta|[spread] p2a,p2b\n|-immune|p1a: Calyrex\n|-damage|p2a: Zamazenta|74/100\n|-heal|p1b: Miraidon|63/100|[from] drain|[of] p2a: Zamazenta\n|-damage|p2b: Calyrex|14/100 psn\n|-heal|p1b: Miraidon|82/100|[from] drain|[of] p2b: Calyrex\n|move|p2a: Zamazenta|Body Press|p1b: Miraidon\n|-damage|p1b: Miraidon|48/100\n|move|p2b: Calyrex|Encore|p1a: Calyrex\n|-start|p1a: Calyrex|Encore\n|\n|-heal|p1a: Calyrex|75/100|[from] Grassy Terrain\n|-heal|p1b: Miraidon|54/100|[from] Grassy Terrain\n|-heal|p2a: Zamazenta|80/100|[from] Grassy Terrain\n|-heal|p2b: Calyrex|20/100 psn|[from] Grassy Terrain\n|-damage|p2b: Calyrex|8/100 psn|[from] psn\n|upkeep\n|turn|8\n|\n|t:|1774084853\n|-terastallize|p2b: Calyrex|Ghost\n|move|p2a: Zamazenta|Wide Guard|p2a: Zamazenta\n|-singleturn|p2a: Zamazenta|Wide Guard\n|move|p1a: Calyrex|Mud Shot|p2a: Zamazenta\n|-supereffective|p2a: Zamazenta\n|-damage|p2a: Zamazenta|19/100\n|-unboost|p2a: Zamazenta|spe|1\n|-damage|p1a: Calyrex|65/100|[from] item: Life Orb\n|move|p1b: Miraidon|Dragon Pulse|p2b: Calyrex\n|-crit|p2b: Calyrex\n|-damage|p2b: Calyrex|0 fnt\n|faint|p2b: Calyrex\n|\n|-heal|p1a: Calyrex|72/100|[from] Grassy Terrain\n|-heal|p1b: Miraidon|61/100|[from] Grassy Terrain\n|-heal|p2a: Zamazenta|25/100|[from] Grassy Terrain\n|upkeep\n|-message|timebroken forfeited.\n|\n|win|Pigduckeater\n|raw|Pigduckeater's rating: 1478 &rarr; <strong>1506</strong><br />(+28 for winning)\n|raw|timebroken's rating: 1623 &rarr; <strong>1595</strong><br />(-28 for losing)\n|l|\u2606timebroken\n|player|p2|\n|l|\u2606Pigduckeater\n|player|p1|\n|l| junkho\n","uploadtime":1774085077,"views":16,"formatid":"gen9vgc2026regi","rating":1506,"private":0,"password":null}