{"id":"gen9vgc2026regi-2527697939","format":"[Gen 9] VGC 2026 Reg I","players":["Fogdocker","Shellos Gang 1"],"log":"|j|\u2606Fogdocker\n|j|\u2606Shellos Gang 1\n|t:|1769565150\n|gametype|doubles\n|player|p1|Fogdocker|102|1390\n|player|p2|Shellos Gang 1|colress|1283\n|gen|9\n|tier|[Gen 9] VGC 2026 Reg I\n|rated|\n|rule|Species Clause: Limit one of each Pok\u00e9mon\n|rule|Item Clause: Limit 1 of each item\n|clearpoke\n|poke|p1|Koraidon, L50|\n|poke|p1|Flutter Mane, L50|\n|poke|p1|Calyrex-Ice, L50|\n|poke|p1|Incineroar, L50, M|\n|poke|p1|Rillaboom, L50, F|\n|poke|p1|Amoonguss, L50, F|\n|poke|p2|Koraidon, L50|\n|poke|p2|Flutter Mane, L50|\n|poke|p2|Raging Bolt, L50|\n|poke|p2|Ursaluna, L50, M|\n|poke|p2|Lunala, L50|\n|poke|p2|Chi-Yu, L50|\n|teampreview|4\n|inactive|Battle timer is ON: inactive players will automatically lose when time's up. (requested by Shellos Gang 1)\n|inactive|Fogdocker has 60 seconds left.\n|\n|t:|1769565194\n|teamsize|p1|4\n|teamsize|p2|4\n|start\n|switch|p1a: Koraidon|Koraidon, L50|100/100\n|switch|p1b: Flutter Mane|Flutter Mane, L50|100/100\n|switch|p2a: Koraidon|Koraidon, L50|100/100\n|switch|p2b: Chi-Yu|Chi-Yu, L50|100/100\n|-ability|p2b: Chi-Yu|Beads of Ruin\n|-weather|SunnyDay|[from] ability: Orichalcum Pulse|[of] p2a: Koraidon\n|-activate|p1b: Flutter Mane|ability: Protosynthesis\n|-start|p1b: Flutter Mane|protosynthesisspe\n|-activate|p2a: Koraidon|Orichalcum Pulse|[source]\n|-activate|p1a: Koraidon|ability: Orichalcum Pulse\n|turn|1\n|inactive|Shellos Gang 1 has 30 seconds left.\n|inactive|Shellos Gang 1 has 20 seconds left.\n|inactive|Shellos Gang 1 has 15 seconds left.\n|inactive|Shellos Gang 1 has 10 seconds left.\n|\n|t:|1769565241\n|-terastallize|p2b: Chi-Yu|Grass\n|move|p1a: Koraidon|Protect|p1a: Koraidon\n|-singleturn|p1a: Koraidon|Protect\n|move|p1b: Flutter Mane|Icy Wind|p2b: Chi-Yu|[spread] p2a,p2b\n|-supereffective|p2a: Koraidon\n|-crit|p2a: Koraidon\n|-supereffective|p2b: Chi-Yu\n|-damage|p2a: Koraidon|45/100\n|-damage|p2b: Chi-Yu|65/100\n|-unboost|p2a: Koraidon|spe|1\n|-unboost|p2b: Chi-Yu|spe|1\n|move|p2b: Chi-Yu|Snarl|p1a: Koraidon|[spread] p1b\n|-activate|p1a: Koraidon|move: Protect\n|-crit|p1b: Flutter Mane\n|-damage|p1b: Flutter Mane|54/100\n|-unboost|p1b: Flutter Mane|spa|1\n|move|p2a: Koraidon|Flame Charge|p1b: Flutter Mane\n|-damage|p1b: Flutter Mane|0 fnt\n|-boost|p2a: Koraidon|spe|1\n|faint|p1b: Flutter Mane\n|-end|p1b: Flutter Mane|Protosynthesis|[silent]\n|-damage|p2a: Koraidon|35/100|[from] item: Life Orb\n|\n|-weather|SunnyDay|[upkeep]\n|upkeep\n|inactive|Fogdocker has 30 seconds left.\n|\n|t:|1769565268\n|switch|p1b: Incineroar|Incineroar, L50, M|100/100\n|-ability|p1b: Incineroar|Intimidate|boost\n|-unboost|p2a: Koraidon|atk|1\n|-unboost|p2b: Chi-Yu|atk|1\n|turn|2\n|\n|t:|1769565286\n|switch|p2b: Lunala|Lunala, L50|100/100\n|move|p2a: Koraidon|Protect|p2a: Koraidon\n|-singleturn|p2a: Koraidon|Protect\n|move|p1b: Incineroar|Fake Out|p2a: Koraidon\n|-activate|p2a: Koraidon|move: Protect\n|move|p1a: Koraidon|Flame Charge|p2b: Lunala\n|-damage|p2b: Lunala|83/100\n|-boost|p1a: Koraidon|spe|1\n|-damage|p1a: Koraidon|91/100|[from] item: Life Orb\n|\n|-weather|SunnyDay|[upkeep]\n|upkeep\n|turn|3\n|inactive|Fogdocker has 30 seconds left.\n|inactive|Shellos Gang 1 has 30 seconds left.\n|\n|t:|1769565316\n|move|p1a: Koraidon|Close Combat|p2a: Koraidon\n|-damage|p2a: Koraidon|0 fnt\n|-unboost|p1a: Koraidon|def|1\n|-unboost|p1a: Koraidon|spd|1\n|faint|p2a: Koraidon\n|-damage|p1a: Koraidon|81/100|[from] item: Life Orb\n|move|p2b: Lunala|Meteor Beam||[still]\n|-prepare|p2b: Lunala|Meteor Beam\n|-boost|p2b: Lunala|spa|1\n|-enditem|p2b: Lunala|Power Herb\n|-anim|p2b: Lunala|Meteor Beam|p1b: Incineroar\n|-supereffective|p1b: Incineroar\n|-damage|p1b: Incineroar|0 fnt\n|faint|p1b: Incineroar\n|\n|-weather|SunnyDay|[upkeep]\n|upkeep\n|\n|t:|1769565335\n|switch|p2a: Ursaluna|Ursaluna, L50, M|100/100\n|switch|p1b: Calyrex|Calyrex-Ice, L50|100/100\n|-ability|p1b: Calyrex|As One\n|-ability|p1b: Calyrex|Unnerve\n|turn|4\n|inactive|Fogdocker has 30 seconds left.\n|\n|t:|1769565366\n|-terastallize|p1b: Calyrex|Water\n|move|p2a: Ursaluna|Protect|p2a: Ursaluna\n|-singleturn|p2a: Ursaluna|Protect\n|move|p1a: Koraidon|Flare Blitz|p2b: Lunala\n|-damage|p2b: Lunala|0 fnt\n|faint|p2b: Lunala\n|-damage|p1a: Koraidon|46/100|[from] Recoil\n|-damage|p1a: Koraidon|36/100|[from] item: Life Orb\n|move|p1b: Calyrex|Glacial Lance|p2a: Ursaluna\n|-activate|p2a: Ursaluna|move: Protect\n|\n|-weather|SunnyDay|[upkeep]\n|-status|p2a: Ursaluna|brn|[from] item: Flame Orb\n|upkeep\n|\n|t:|1769565379\n|switch|p2b: Chi-Yu|Chi-Yu, L50, tera:Grass|65/100\n|-ability|p2b: Chi-Yu|Beads of Ruin\n|turn|5\n|\n|t:|1769565398\n|move|p1a: Koraidon|Close Combat|p2a: Ursaluna\n|-supereffective|p2a: Ursaluna\n|-damage|p2a: Ursaluna|0 fnt\n|-unboost|p1a: Koraidon|def|1\n|-unboost|p1a: Koraidon|spd|1\n|faint|p2a: Ursaluna\n|-damage|p1a: Koraidon|26/100|[from] item: Life Orb\n|move|p2b: Chi-Yu|Dark Pulse|p1b: Calyrex\n|-damage|p1b: Calyrex|68/100\n|move|p1b: Calyrex|Glacial Lance|p2b: Chi-Yu\n|-supereffective|p2b: Chi-Yu\n|-damage|p2b: Chi-Yu|0 fnt\n|faint|p2b: Chi-Yu\n|\n|win|Fogdocker\n|raw|Fogdocker's rating: 1390 &rarr; <strong>1404</strong><br />(+14 for winning)\n|raw|Shellos Gang 1's rating: 1283 &rarr; <strong>1265</strong><br />(-18 for losing)\n|l|\u2606Shellos Gang 1\n|player|p2|\n","uploadtime":1769565410,"views":14,"formatid":"gen9vgc2026regi","rating":1265,"private":0,"password":null}