{"id":"gen9vgc2026regi-2569931238","format":"[Gen 9] VGC 2026 Reg I","players":["robolibra","newlifecicle"],"log":"|j|\u2606robolibra\n|j|\u2606newlifecicle\n|t:|1774747350\n|gametype|doubles\n|player|p1|robolibra|depotagent|1446\n|player|p2|newlifecicle|veteran|1648\n|gen|9\n|tier|[Gen 9] VGC 2026 Reg I\n|rated|\n|rule|Species Clause: Limit one of each Pok\u00e9mon\n|rule|Item Clause: Limit 1 of each item\n|clearpoke\n|poke|p1|Miraidon, L50|\n|poke|p1|Kyogre, L50|\n|poke|p1|Iron Bundle, L50|\n|poke|p1|Araquanid, L50, M|\n|poke|p1|Overqwil, L50, F|\n|poke|p1|Landorus, L50, M|\n|poke|p2|Calyrex-Shadow, L50|\n|poke|p2|Zamazenta-*, L50|\n|poke|p2|Chien-Pao, L50|\n|poke|p2|Dragonite, L50, F|\n|poke|p2|Raging Bolt, L50|\n|poke|p2|Amoonguss, L50, F|\n|teampreview|4\n|inactive|Battle timer is ON: inactive players will automatically lose when time's up. (requested by newlifecicle)\n|c|\u2606robolibra|glhf!\n|\n|t:|1774747376\n|teamsize|p1|4\n|teamsize|p2|4\n|start\n|switch|p1a: Fish Sticks|Kyogre, L50|100/100\n|switch|p1b: iNo Tocar!|Overqwil, L50, F|100/100\n|switch|p2a: PinkPonyClub|Calyrex-Shadow, L50|100/100\n|switch|p2b: protec|Zamazenta-Crowned, L50|100/100\n|-ability|p2a: PinkPonyClub|As One\n|-ability|p2a: PinkPonyClub|Unnerve\n|-ability|p2b: protec|Dauntless Shield|boost\n|-boost|p2b: protec|def|1\n|-weather|RainDance|[from] ability: Drizzle|[of] p1a: Fish Sticks\n|turn|1\n|\n|t:|1774747392\n|move|p2a: PinkPonyClub|Protect|p2a: PinkPonyClub\n|-singleturn|p2a: PinkPonyClub|Protect\n|move|p2b: protec|Protect|p2b: protec\n|-singleturn|p2b: protec|Protect\n|move|p1b: iNo Tocar!|Crunch|p2a: PinkPonyClub\n|-activate|p2a: PinkPonyClub|move: Protect\n|move|p1a: Fish Sticks|Origin Pulse|p2b: protec|[spread] \n|-activate|p2a: PinkPonyClub|move: Protect\n|-activate|p2b: protec|move: Protect\n|\n|-weather|RainDance|[upkeep]\n|upkeep\n|turn|2\n|\n|t:|1774747417\n|move|p1b: iNo Tocar!|Crunch|p2a: PinkPonyClub\n|-supereffective|p2a: PinkPonyClub\n|-enditem|p2a: PinkPonyClub|Focus Sash\n|-damage|p2a: PinkPonyClub|1/100\n|-unboost|p2a: PinkPonyClub|def|1\n|move|p2a: PinkPonyClub|Astral Barrage|p1b: iNo Tocar!|[spread] p1a,p1b\n|-resisted|p1b: iNo Tocar!\n|-damage|p1a: Fish Sticks|61/100\n|-damage|p1b: iNo Tocar!|61/100\n|move|p2b: protec|Body Press|p1a: Fish Sticks\n|-damage|p1a: Fish Sticks|0 fnt\n|faint|p1a: Fish Sticks\n|\n|-weather|RainDance|[upkeep]\n|upkeep\n|\n|t:|1774747432\n|switch|p1a: Lakitu|Landorus, L50, M|100/100\n|turn|3\n|\n|t:|1774747452\n|move|p2b: protec|Protect|p2b: protec\n|-singleturn|p2b: protec|Protect\n|move|p1b: iNo Tocar!|Crunch|p2a: PinkPonyClub\n|-supereffective|p2a: PinkPonyClub\n|-damage|p2a: PinkPonyClub|0 fnt\n|faint|p2a: PinkPonyClub\n|move|p1a: Lakitu|Sandsear Storm|p2b: protec\n|-activate|p2b: protec|move: Protect\n|\n|-weather|RainDance|[upkeep]\n|upkeep\n|\n|t:|1774747463\n|switch|p2a: Green Goober|Dragonite, L50, F|100/100\n|turn|4\n|\n|t:|1774747473\n|-terastallize|p2a: Green Goober|Normal\n|move|p2a: Green Goober|Extreme Speed|p1b: iNo Tocar!\n|-damage|p1b: iNo Tocar!|0 fnt\n|faint|p1b: iNo Tocar!\n|move|p1a: Lakitu|Earth Power|p2b: protec\n|-supereffective|p2b: protec\n|-damage|p2b: protec|2/100\n|move|p2b: protec|Heavy Slam|p1a: Lakitu\n|-damage|p1a: Lakitu|46/100\n|\n|-weather|RainDance|[upkeep]\n|upkeep\n|\n|t:|1774747483\n|switch|p1b: Wawa Hoagie|Miraidon, L50|100/100\n|-fieldstart|move: Electric Terrain|[from] ability: Hadron Engine|[of] p1b: Wawa Hoagie\n|turn|5\n|\n|t:|1774747495\n|move|p2a: Green Goober|Extreme Speed|p1a: Lakitu\n|-damage|p1a: Lakitu|0 fnt\n|faint|p1a: Lakitu\n|move|p1b: Wawa Hoagie|Electro Drift|p2a: Green Goober\n|-damage|p2a: Green Goober|0 fnt\n|faint|p2a: Green Goober\n|move|p2b: protec|Body Press|p1b: Wawa Hoagie\n|-damage|p1b: Wawa Hoagie|36/100\n|\n|-weather|none\n|upkeep\n|\n|t:|1774747502\n|switch|p2a: Arlie|Chien-Pao, L50|100/100\n|-ability|p2a: Arlie|Sword of Ruin\n|turn|6\n|\n|t:|1774747511\n|-terastallize|p1b: Wawa Hoagie|Fairy\n|move|p1b: Wawa Hoagie|Electro Drift|p2a: Arlie\n|-damage|p2a: Arlie|0 fnt\n|faint|p2a: Arlie\n|move|p2b: protec|Body Press|p1b: Wawa Hoagie\n|-resisted|p1b: Wawa Hoagie\n|-damage|p1b: Wawa Hoagie|0 fnt\n|faint|p1b: Wawa Hoagie\n|\n|win|newlifecicle\n|raw|robolibra's rating: 1446 &rarr; <strong>1436</strong><br />(-10 for losing)\n|raw|newlifecicle's rating: 1648 &rarr; <strong>1658</strong><br />(+10 for winning)\n|c|\u2606robolibra|gg\n|l|\u2606newlifecicle\n|player|p2|\n|l|\u2606robolibra\n|player|p1|\n","uploadtime":1774747783,"views":16,"formatid":"gen9vgc2026regi","rating":1436,"private":0,"password":null}