{"id":"gen9vgc2026regi-2548336511","format":"[Gen 9] VGC 2026 Reg I","players":["dasabe\u76d6\u6b27\u5361\u4fa0","E+hsdc"],"log":"|j|\u2606dasabe\u76d6\u6b27\u5361\u4fa0\n|j|\u2606E+hsdc\n|t:|1772204841\n|gametype|doubles\n|player|p1|dasabe\u76d6\u6b27\u5361\u4fa0|may-masters4|1510\n|player|p2|E+hsdc|2|1479\n|gen|9\n|tier|[Gen 9] VGC 2026 Reg I\n|rated|\n|rule|Species Clause: Limit one of each Pok\u00e9mon\n|rule|Item Clause: Limit 1 of each item\n|clearpoke\n|poke|p1|Kyogre, L50|\n|poke|p1|Miraidon, L50|\n|poke|p1|Whimsicott, L50, F|\n|poke|p1|Iron Hands, L50|\n|poke|p1|Farigiraf, L50, F|\n|poke|p1|Urshifu-*, L50, M|\n|poke|p2|Miraidon, L50|\n|poke|p2|Calyrex-Ice, L50|\n|poke|p2|Dondozo, L50, F|\n|poke|p2|Tatsugiri, L50, F|\n|poke|p2|Chien-Pao, L50|\n|poke|p2|Dragonite, L50, M|\n|teampreview|4\n|\n|t:|1772204896\n|teamsize|p1|4\n|teamsize|p2|4\n|start\n|switch|p1a: \u5996\u820d\u7cbe\u62c9|Whimsicott, L50, F, shiny|100/100\n|switch|p1b: \u94f6\u91d1\u5996\u86c7|Miraidon, L50, shiny|100/100\n|switch|p2a: Miraidon|Miraidon, L50|100/100\n|switch|p2b: Dondozo|Dondozo, L50, F|100/100\n|-fieldstart|move: Electric Terrain|[from] ability: Hadron Engine|[of] p2a: Miraidon\n|-activate|p1b: \u94f6\u91d1\u5996\u86c7|ability: Hadron Engine\n|turn|1\n|\n|t:|1772204919\n|-terastallize|p2b: Dondozo|Ground\n|move|p1b: \u94f6\u91d1\u5996\u86c7|Protect|p1b: \u94f6\u91d1\u5996\u86c7\n|-singleturn|p1b: \u94f6\u91d1\u5996\u86c7|Protect\n|move|p1a: \u5996\u820d\u7cbe\u62c9|Tailwind|p1a: \u5996\u820d\u7cbe\u62c9\n|-sidestart|p1: dasabe\u76d6\u6b27\u5361\u4fa0|move: Tailwind\n|move|p2a: Miraidon|Draco Meteor|p1b: \u94f6\u91d1\u5996\u86c7\n|-activate|p1b: \u94f6\u91d1\u5996\u86c7|move: Protect\n|move|p2b: Dondozo|Wave Crash|p1a: \u5996\u820d\u7cbe\u62c9\n|-resisted|p1a: \u5996\u820d\u7cbe\u62c9\n|-damage|p1a: \u5996\u820d\u7cbe\u62c9|48/100\n|-damage|p2b: Dondozo|91/100|[from] Recoil\n|\n|upkeep\n|turn|2\n|\n|t:|1772204929\n|switch|p2a: Tatsugiri|Tatsugiri, L50, F|100/100\n|-activate|p2a: Tatsugiri|ability: Commander|[of] p2b: Dondozo\n|-boost|p2b: Dondozo|atk|2\n|-boost|p2b: Dondozo|spa|2\n|-boost|p2b: Dondozo|spe|2\n|-boost|p2b: Dondozo|def|2\n|-boost|p2b: Dondozo|spd|2\n|-terastallize|p1b: \u94f6\u91d1\u5996\u86c7|Fairy\n|move|p1a: \u5996\u820d\u7cbe\u62c9|Endeavor|p2b: Dondozo\n|-damage|p2b: Dondozo|26/100\n|move|p1b: \u94f6\u91d1\u5996\u86c7|Dazzling Gleam|p2b: Dondozo|[spread] p2b\n|-miss|p1b: \u94f6\u91d1\u5996\u86c7|p2a: Tatsugiri\n|-damage|p2b: Dondozo|1/100\n|-damage|p1b: \u94f6\u91d1\u5996\u86c7|91/100|[from] item: Life Orb\n|move|p2b: Dondozo|Earthquake|p1b: \u94f6\u91d1\u5996\u86c7|[spread] p1a,p1b\n|-miss|p2b: Dondozo|p2a: Tatsugiri\n|-resisted|p1a: \u5996\u820d\u7cbe\u62c9\n|-damage|p1a: \u5996\u820d\u7cbe\u62c9|0 fnt\n|-damage|p1b: \u94f6\u91d1\u5996\u86c7|28/100\n|faint|p1a: \u5996\u820d\u7cbe\u62c9\n|\n|upkeep\n|\n|t:|1772204932\n|switch|p1a: \u6210\u90fd\u8001\u76d6|Kyogre, L50, shiny|100/100\n|-weather|RainDance|[from] ability: Drizzle|[of] p1a: \u6210\u90fd\u8001\u76d6\n|turn|3\n|\n|t:|1772204953\n|switch|p1b: \u5c0f\u5934\u63a7\u5927\u5934|Farigiraf, L50, F, shiny|100/100\n|-enditem|p1b: \u5c0f\u5934\u63a7\u5927\u5934|Electric Seed\n|-boost|p1b: \u5c0f\u5934\u63a7\u5927\u5934|def|1|[from] item: Electric Seed\n|move|p1a: \u6210\u90fd\u8001\u76d6|Water Spout|p2b: Dondozo|[spread] p2b\n|-miss|p1a: \u6210\u90fd\u8001\u76d6|p2a: Tatsugiri\n|-supereffective|p2b: Dondozo\n|-damage|p2b: Dondozo|0 fnt\n|faint|p2b: Dondozo\n|\n|-weather|RainDance|[upkeep]\n|upkeep\n|\n|t:|1772204957\n|switch|p2b: Miraidon|Miraidon, L50|100/100\n|-activate|p2b: Miraidon|ability: Hadron Engine\n|turn|4\n|c|\u2606E+hsdc|\u4ec0\u4e48b\u540d\u5b57\n|c|\u2606E+hsdc|\uff08\uff09\n|c|\u2606dasabe\u76d6\u6b27\u5361\u4fa0|\u6709\u95ee\u9898\uff1f\n|\n|t:|1772205012\n|move|p1b: \u5c0f\u5934\u63a7\u5927\u5934|Helping Hand|p1a: \u6210\u90fd\u8001\u76d6\n|-singleturn|p1a: \u6210\u90fd\u8001\u76d6|Helping Hand|[of] p1b: \u5c0f\u5934\u63a7\u5927\u5934\n|move|p1a: \u6210\u90fd\u8001\u76d6|Water Spout|p2b: Miraidon|[spread] p2a,p2b\n|-resisted|p2a: Tatsugiri\n|-resisted|p2b: Miraidon\n|-damage|p2a: Tatsugiri|23/100\n|-damage|p2b: Miraidon|14/100\n|move|p2b: Miraidon|Electro Drift|p1a: \u6210\u90fd\u8001\u76d6\n|-supereffective|p1a: \u6210\u90fd\u8001\u76d6\n|-damage|p1a: \u6210\u90fd\u8001\u76d6|0 fnt\n|faint|p1a: \u6210\u90fd\u8001\u76d6\n|move|p2a: Tatsugiri|Muddy Water|p1b: \u5c0f\u5934\u63a7\u5927\u5934\n|-damage|p1b: \u5c0f\u5934\u63a7\u5927\u5934|35/100\n|\n|-weather|RainDance|[upkeep]\n|-sideend|p1: dasabe\u76d6\u6b27\u5361\u4fa0|move: Tailwind\n|upkeep\n|\n|t:|1772205018\n|switch|p1a: \u94f6\u91d1\u5996\u86c7|Miraidon, L50, shiny, tera:Fairy|28/100\n|-activate|p1a: \u94f6\u91d1\u5996\u86c7|ability: Hadron Engine\n|turn|5\n|-message|dasabe\u76d6\u6b27\u5361\u4fa0 forfeited.\n|\n|win|E+hsdc\n|raw|dasabe\u76d6\u6b27\u5361\u4fa0's rating: 1510 &rarr; <strong>1488</strong><br />(-22 for losing)\n|raw|E+hsdc's rating: 1479 &rarr; <strong>1501</strong><br />(+22 for winning)\n|l|\u2606dasabe\u76d6\u6b27\u5361\u4fa0\n|player|p1|\n|j| RanRaneatswhat\n|l| RanRaneatswhat\n|l|\u2606E+hsdc\n|player|p2|\n","uploadtime":1772205167,"views":18,"formatid":"gen9vgc2026regi","rating":1488,"private":0,"password":null}