{"id":"gen9vgc2026regi-2563243177","format":"[Gen 9] VGC 2026 Reg I","players":["alkdfe","shecallmedada"],"log":"|j|\u2606alkdfe\n|j|\u2606shecallmedada\n|t:|1774007970\n|gametype|doubles\n|player|p1|alkdfe|hilda-wonderlauncher|1193\n|player|p2|shecallmedada|burglar-gen1rb|1253\n|gen|9\n|tier|[Gen 9] VGC 2026 Reg I\n|rated|\n|rule|Species Clause: Limit one of each Pok\u00e9mon\n|rule|Item Clause: Limit 1 of each item\n|clearpoke\n|poke|p1|Calyrex-Shadow, L50|\n|poke|p1|Zamazenta-*, L50|\n|poke|p1|Chien-Pao, L50|\n|poke|p1|Dragonite, L50, F|\n|poke|p1|Raging Bolt, L50|\n|poke|p1|Amoonguss, L50, F|\n|poke|p2|Koraidon, L50|\n|poke|p2|Miraidon, L50|\n|poke|p2|Incineroar, L50, F|\n|poke|p2|Iron Bundle, L50|\n|poke|p2|Toxapex, L50, M|\n|poke|p2|Landorus, L50, M|\n|teampreview|4\n|\n|t:|1774007993\n|teamsize|p1|4\n|teamsize|p2|4\n|start\n|switch|p1a: Arlie|Chien-Pao, L50|100/100\n|switch|p1b: protec|Zamazenta-Crowned, L50|100/100\n|switch|p2a: Iron Bundle|Iron Bundle, L50|100/100\n|switch|p2b: Miraidon|Miraidon, L50|100/100\n|-fieldstart|move: Electric Terrain|[from] ability: Hadron Engine|[of] p2b: Miraidon\n|-activate|p2a: Iron Bundle|ability: Quark Drive\n|-start|p2a: Iron Bundle|quarkdrivespe\n|-ability|p1a: Arlie|Sword of Ruin\n|-ability|p1b: protec|Dauntless Shield|boost\n|-boost|p1b: protec|def|1\n|turn|1\n|inactive|Battle timer is ON: inactive players will automatically lose when time's up. (requested by alkdfe)\n|\n|t:|1774008016\n|move|p2a: Iron Bundle|Icy Wind|p1b: protec|[spread] p1a,p1b\n|-resisted|p1a: Arlie\n|-resisted|p1b: protec\n|-damage|p1a: Arlie|90/100\n|-damage|p1b: protec|94/100\n|-unboost|p1a: Arlie|spe|1\n|-unboost|p1b: protec|spe|1\n|move|p2b: Miraidon|Volt Switch|p1a: Arlie\n|-damage|p1a: Arlie|19/100\n|-damage|p2b: Miraidon|91/100|[from] item: Life Orb\n|\n|t:|1774008025\n|switch|p2b: Toxapex|Toxapex, L50, M|100/100|[from] Volt Switch\n|move|p1a: Arlie|Ruination|p2b: Toxapex|[miss]\n|-miss|p1a: Arlie|p2b: Toxapex\n|move|p1b: protec|Body Press|p2b: Toxapex\n|-resisted|p2b: Toxapex\n|-damage|p2b: Toxapex|72/100\n|-damage|p1b: protec|78/100|[from] item: Rocky Helmet|[of] p2b: Toxapex\n|\n|upkeep\n|turn|2\n|\n|t:|1774008042\n|move|p1a: Arlie|Sucker Punch|p2a: Iron Bundle\n|-damage|p2a: Iron Bundle|50/100\n|move|p2a: Iron Bundle|Ice Beam|p1a: Arlie\n|-resisted|p1a: Arlie\n|-crit|p1a: Arlie\n|-damage|p1a: Arlie|0 fnt\n|faint|p1a: Arlie\n|move|p1b: protec|Heavy Slam|p2a: Iron Bundle\n|-damage|p2a: Iron Bundle|0 fnt\n|faint|p2a: Iron Bundle\n|-end|p2a: Iron Bundle|Quark Drive|[silent]\n|move|p2b: Toxapex|Infestation|p1b: protec\n|-resisted|p1b: protec\n|-damage|p1b: protec|78/100\n|-activate|p1b: protec|move: Infestation|[of] p2b: Toxapex\n|\n|-damage|p1b: protec|65/100|[from] move: Infestation|[partiallytrapped]\n|upkeep\n|\n|t:|1774008063\n|switch|p2a: Miraidon|Miraidon, L50|91/100\n|switch|p1a: PinkPonyClub|Calyrex-Shadow, L50|100/100\n|-ability|p1a: PinkPonyClub|As One\n|-ability|p1a: PinkPonyClub|Unnerve\n|-activate|p2a: Miraidon|ability: Hadron Engine\n|turn|3\n|\n|t:|1774008088\n|move|p1b: protec|Wide Guard|p1b: protec\n|-singleturn|p1b: protec|Wide Guard\n|move|p2b: Toxapex|Wide Guard|p2b: Toxapex\n|-singleturn|p2b: Toxapex|Wide Guard\n|move|p1a: PinkPonyClub|Astral Barrage|p2b: Toxapex|[spread] \n|-activate|p2a: Miraidon|move: Wide Guard\n|-activate|p2b: Toxapex|move: Wide Guard\n|move|p2a: Miraidon|Electro Drift|p1a: PinkPonyClub\n|-enditem|p1a: PinkPonyClub|Focus Sash\n|-damage|p1a: PinkPonyClub|1/100\n|-damage|p2a: Miraidon|81/100|[from] item: Life Orb\n|\n|-damage|p1b: protec|53/100|[from] move: Infestation|[partiallytrapped]\n|upkeep\n|turn|4\n|\n|t:|1774008110\n|-terastallize|p2b: Toxapex|Grass\n|move|p2a: Miraidon|Protect|p2a: Miraidon\n|-singleturn|p2a: Miraidon|Protect\n|move|p1a: PinkPonyClub|Psychic|p2a: Miraidon\n|-activate|p2a: Miraidon|move: Protect\n|move|p1b: protec|Body Press|p2a: Miraidon\n|-activate|p2a: Miraidon|move: Protect\n|move|p2b: Toxapex|Infestation|p1a: PinkPonyClub\n|-damage|p1a: PinkPonyClub|0 fnt\n|faint|p1a: PinkPonyClub\n|\n|-damage|p1b: protec|41/100|[from] move: Infestation|[partiallytrapped]\n|upkeep\n|\n|t:|1774008122\n|switch|p1a: Raging Bolt|Raging Bolt, L50|100/100\n|-enditem|p1a: Raging Bolt|Booster Energy\n|-activate|p1a: Raging Bolt|ability: Protosynthesis|[fromitem]\n|-start|p1a: Raging Bolt|protosynthesisspa\n|turn|5\n|inactive|shecallmedada has 30 seconds left.\n|\n|t:|1774008147\n|move|p2a: Miraidon|Volt Switch|p1a: Raging Bolt\n|-resisted|p1a: Raging Bolt\n|-damage|p1a: Raging Bolt|82/100\n|-damage|p2a: Miraidon|72/100|[from] item: Life Orb\n|\n|t:|1774008152\n|switch|p2a: Koraidon|Koraidon, L50|100/100|[from] Volt Switch\n|-weather|SunnyDay|[from] ability: Orichalcum Pulse|[of] p2a: Koraidon\n|-activate|p2a: Koraidon|Orichalcum Pulse|[source]\n|-enditem|p2a: Koraidon|Electric Seed\n|-boost|p2a: Koraidon|def|1|[from] item: Electric Seed\n|move|p1b: protec|Body Press|p2a: Koraidon\n|-damage|p2a: Koraidon|76/100\n|move|p1a: Raging Bolt|Dragon Pulse|p2a: Koraidon\n|-supereffective|p2a: Koraidon\n|-crit|p2a: Koraidon\n|-damage|p2a: Koraidon|0 fnt\n|faint|p2a: Koraidon\n|move|p2b: Toxapex|Recover|p2b: Toxapex\n|-heal|p2b: Toxapex|100/100\n|\n|-weather|SunnyDay|[upkeep]\n|-damage|p1b: protec|29/100|[from] move: Infestation|[partiallytrapped]\n|-fieldend|move: Electric Terrain\n|upkeep\n|\n|t:|1774008162\n|switch|p2a: Miraidon|Miraidon, L50|72/100\n|-fieldstart|move: Electric Terrain|[from] ability: Hadron Engine|[of] p2a: Miraidon\n|turn|6\n|\n|t:|1774008176\n|move|p2a: Miraidon|Protect|p2a: Miraidon\n|-singleturn|p2a: Miraidon|Protect\n|move|p2b: Toxapex|Baneful Bunker|p2b: Toxapex\n|-singleturn|p2b: Toxapex|move: Protect\n|move|p1b: protec|Body Press|p2a: Miraidon\n|-activate|p2a: Miraidon|move: Protect\n|move|p1a: Raging Bolt|Dragon Pulse|p2a: Miraidon\n|-activate|p2a: Miraidon|move: Protect\n|\n|-weather|SunnyDay|[upkeep]\n|-end|p1b: protec|Infestation|[partiallytrapped]\n|upkeep\n|turn|7\n|\n|t:|1774008193\n|-terastallize|p1b: protec|Dragon\n|move|p2a: Miraidon|Draco Meteor|p1a: Raging Bolt\n|-supereffective|p1a: Raging Bolt\n|-damage|p1a: Raging Bolt|0 fnt\n|-unboost|p2a: Miraidon|spa|2\n|faint|p1a: Raging Bolt\n|-end|p1a: Raging Bolt|Protosynthesis|[silent]\n|-damage|p2a: Miraidon|62/100|[from] item: Life Orb\n|move|p1b: protec|Body Press|p2a: Miraidon\n|-damage|p2a: Miraidon|0 fnt\n|faint|p2a: Miraidon\n|move|p2b: Toxapex|Infestation|p1b: protec\n|-damage|p1b: protec|27/100\n|-activate|p1b: protec|move: Infestation|[of] p2b: Toxapex\n|\n|-weather|SunnyDay|[upkeep]\n|-damage|p1b: protec|15/100|[from] move: Infestation|[partiallytrapped]\n|upkeep\n|turn|8\n|\n|t:|1774008209\n|move|p2b: Toxapex|Baneful Bunker|p2b: Toxapex\n|-singleturn|p2b: Toxapex|move: Protect\n|move|p1b: protec|Body Press|p2b: Toxapex\n|-activate|p2b: Toxapex|move: Protect\n|-status|p1b: protec|psn\n|\n|-weather|SunnyDay|[upkeep]\n|-damage|p1b: protec|3/100 psn|[from] psn\n|-damage|p1b: protec|0 fnt|[from] move: Infestation|[partiallytrapped]\n|faint|p1b: protec\n|\n|win|shecallmedada\n|raw|alkdfe's rating: 1193 &rarr; <strong>1172</strong><br />(-21 for losing)\n|raw|shecallmedada's rating: 1253 &rarr; <strong>1274</strong><br />(+21 for winning)\n|l|\u2606shecallmedada\n|player|p2|\n","uploadtime":1774008218,"views":46,"formatid":"gen9vgc2026regi","rating":1172,"private":0,"password":null}