{"id":"gen9vgc2026regi-2523922172","format":"[Gen 9] VGC 2026 Reg I","players":["pkmzbx","zonavideovigilada"],"log":"|j|\u2606pkmzbx\n|j|\u2606zonavideovigilada\n|t:|1769090920\n|gametype|doubles\n|player|p1|pkmzbx|265|1444\n|player|p2|zonavideovigilada|169|1500\n|gen|9\n|tier|[Gen 9] VGC 2026 Reg I\n|rated|\n|rule|Species Clause: Limit one of each Pok\u00e9mon\n|rule|Item Clause: Limit 1 of each item\n|clearpoke\n|poke|p1|Miraidon, L50|\n|poke|p1|Raging Bolt, L50|\n|poke|p1|Groudon, L50|\n|poke|p1|Flutter Mane, L50|\n|poke|p1|Farigiraf, L50, F|\n|poke|p1|Incineroar, L50, F|\n|poke|p2|Chien-Pao, L50|\n|poke|p2|Calyrex-Shadow, L50|\n|poke|p2|Zamazenta-*, L50|\n|poke|p2|Amoonguss, L50, F|\n|poke|p2|Chi-Yu, L50|\n|poke|p2|Rillaboom, L50, F|\n|teampreview|4\n|\n|t:|1769090941\n|teamsize|p1|4\n|teamsize|p2|4\n|start\n|switch|p1a: Miraidon|Miraidon, L50|100/100\n|switch|p1b: Farigiraf|Farigiraf, L50, F|100/100\n|switch|p2a: Rillaboom|Rillaboom, L50, F|100/100\n|switch|p2b: Zamazenta|Zamazenta-Crowned, L50|100/100\n|-ability|p2b: Zamazenta|Dauntless Shield|boost\n|-boost|p2b: Zamazenta|def|1\n|-fieldstart|move: Electric Terrain|[from] ability: Hadron Engine|[of] p1a: Miraidon\n|-enditem|p1b: Farigiraf|Electric Seed\n|-boost|p1b: Farigiraf|def|1|[from] item: Electric Seed\n|-fieldstart|move: Grassy Terrain|[from] ability: Grassy Surge|[of] p2a: Rillaboom\n|turn|1\n|inactive|Battle timer is ON: inactive players will automatically lose when time's up. (requested by zonavideovigilada)\n|\n|t:|1769090962\n|move|p2b: Zamazenta|Body Press|p1a: Miraidon\n|-damage|p1a: Miraidon|45/100\n|move|p1a: Miraidon|Volt Switch|p2b: Zamazenta\n|-damage|p2b: Zamazenta|74/100\n|\n|t:|1769090971\n|switch|p1a: Groudon|Groudon, L50|100/100|[from] Volt Switch\n|-weather|SunnyDay|[from] ability: Drought|[of] p1a: Groudon\n|move|p2a: Rillaboom|High Horsepower|p1a: Groudon\n|-damage|p1a: Groudon|78/100\n|move|p1b: Farigiraf|Trick Room|p1b: Farigiraf\n|-fieldstart|move: Trick Room|[of] p1b: Farigiraf\n|\n|-weather|SunnyDay|[upkeep]\n|-heal|p1a: Groudon|84/100|[from] Grassy Terrain\n|-heal|p2b: Zamazenta|80/100|[from] Grassy Terrain\n|upkeep\n|turn|2\n|inactive|zonavideovigilada has 30 seconds left.\n|inactive|zonavideovigilada has 20 seconds left.\n|inactive|zonavideovigilada has 15 seconds left.\n|inactive|zonavideovigilada has 10 seconds left.\n|\n|t:|1769091019\n|-terastallize|p2a: Rillaboom|Fire\n|-terastallize|p1a: Groudon|Fire\n|move|p2b: Zamazenta|Wide Guard|p2b: Zamazenta\n|-singleturn|p2b: Zamazenta|Wide Guard\n|move|p1b: Farigiraf|Psychic|p2b: Zamazenta\n|-damage|p2b: Zamazenta|56/100\n|move|p2a: Rillaboom|Wood Hammer|p1a: Groudon\n|-resisted|p1a: Groudon\n|-damage|p1a: Groudon|54/100\n|-damage|p2a: Rillaboom|90/100|[from] Recoil\n|move|p1a: Groudon|Heat Crash|p2a: Rillaboom\n|-resisted|p2a: Rillaboom\n|-damage|p2a: Rillaboom|39/100\n|\n|-weather|SunnyDay|[upkeep]\n|-heal|p2a: Rillaboom|45/100|[from] Grassy Terrain\n|-heal|p1a: Groudon|59/100|[from] Grassy Terrain\n|-heal|p2b: Zamazenta|62/100|[from] Grassy Terrain\n|upkeep\n|turn|3\n|inactive|pkmzbx has 30 seconds left.\n|inactive|zonavideovigilada has 30 seconds left.\n|inactive|zonavideovigilada has 20 seconds left.\n|\n|t:|1769091056\n|move|p1b: Farigiraf|Psychic|p2b: Zamazenta\n|-damage|p2b: Zamazenta|37/100\n|move|p2a: Rillaboom|High Horsepower|p1a: Groudon\n|-supereffective|p1a: Groudon\n|-damage|p1a: Groudon|18/100\n|move|p1a: Groudon|High Horsepower|p2a: Rillaboom\n|-supereffective|p2a: Rillaboom\n|-damage|p2a: Rillaboom|0 fnt\n|faint|p2a: Rillaboom\n|move|p2b: Zamazenta|Body Press|p1a: Groudon\n|-damage|p1a: Groudon|0 fnt\n|faint|p1a: Groudon\n|\n|-weather|SunnyDay|[upkeep]\n|-heal|p2b: Zamazenta|44/100|[from] Grassy Terrain\n|upkeep\n|\n|t:|1769091068\n|switch|p2a: Amoonguss|Amoonguss, L50, F|100/100\n|switch|p1a: Incineroar|Incineroar, L50, F|100/100\n|-ability|p1a: Incineroar|Intimidate|boost\n|-unboost|p2a: Amoonguss|atk|1\n|-unboost|p2b: Zamazenta|atk|1\n|turn|4\n|inactive|zonavideovigilada has 30 seconds left.\n|\n|t:|1769091096\n|switch|p1b: Miraidon|Miraidon, L50|45/100\n|-fieldstart|move: Electric Terrain|[from] ability: Hadron Engine|[of] p1b: Miraidon\n|move|p2a: Amoonguss|Spore|p1b: Miraidon\n|-activate|p1b: Miraidon|move: Electric Terrain\n|move|p1a: Incineroar|Flare Blitz|p2b: Zamazenta\n|-supereffective|p2b: Zamazenta\n|-damage|p2b: Zamazenta|0 fnt\n|faint|p2b: Zamazenta\n|-damage|p1a: Incineroar|87/100|[from] Recoil\n|\n|-weather|SunnyDay|[upkeep]\n|upkeep\n|\n|t:|1769091105\n|switch|p2b: Calyrex|Calyrex-Shadow, L50|100/100\n|-ability|p2b: Calyrex|As One\n|-ability|p2b: Calyrex|Unnerve\n|turn|5\n|\n|t:|1769091122\n|move|p2a: Amoonguss|Protect|p2a: Amoonguss\n|-singleturn|p2a: Amoonguss|Protect\n|move|p2b: Calyrex|Protect|p2b: Calyrex\n|-singleturn|p2b: Calyrex|Protect\n|move|p1a: Incineroar|Flare Blitz|p2a: Amoonguss\n|-activate|p2a: Amoonguss|move: Protect\n|move|p1b: Miraidon|Volt Switch|p2b: Calyrex\n|-activate|p2b: Calyrex|move: Protect\n|\n|-weather|none\n|-fieldend|move: Trick Room\n|upkeep\n|turn|6\n|inactive|zonavideovigilada has 30 seconds left.\n|\n|t:|1769091151\n|move|p2a: Amoonguss|Rage Powder|p2a: Amoonguss\n|-singleturn|p2a: Amoonguss|move: Rage Powder\n|move|p2b: Calyrex|Psychic|p1b: Miraidon\n|-damage|p1b: Miraidon|5/100\n|move|p1b: Miraidon|Volt Switch|p2a: Amoonguss\n|-resisted|p2a: Amoonguss\n|-damage|p2a: Amoonguss|72/100\n|\n|t:|1769091158\n|switch|p1b: Farigiraf|Farigiraf, L50, F|100/100|[from] Volt Switch\n|move|p1a: Incineroar|Flare Blitz|p2b: Calyrex\n|-damage|p2b: Calyrex|49/100\n|-damage|p1a: Incineroar|72/100|[from] Recoil\n|\n|upkeep\n|turn|7\n|-message|zonavideovigilada forfeited.\n|\n|win|pkmzbx\n|raw|pkmzbx's rating: 1444 &rarr; <strong>1467</strong><br />(+23 for winning)\n|raw|zonavideovigilada's rating: 1500 &rarr; <strong>1477</strong><br />(-23 for losing)\n|l|\u2606zonavideovigilada\n|player|p2|\n|l|\u2606pkmzbx\n|player|p1|\n","uploadtime":1769091307,"views":19,"formatid":"gen9vgc2026regi","rating":1467,"private":0,"password":null}