{"id":"gen9vgc2026regi-2519535555","format":"[Gen 9] VGC 2026 Reg I","players":["marcxhenry","alxback"],"log":"|j|\u2606marcxhenry\n|j|\u2606alxback\n|t:|1768515241\n|gametype|doubles\n|player|p1|marcxhenry|hilbert-wonderlauncher|1351\n|player|p2|alxback|swimmer|1341\n|gen|9\n|tier|[Gen 9] VGC 2026 Reg I\n|rated|\n|rule|Species Clause: Limit one of each Pok\u00e9mon\n|rule|Item Clause: Limit 1 of each item\n|clearpoke\n|poke|p1|Calyrex-Shadow, L50|\n|poke|p1|Urshifu-*, L50, M|\n|poke|p1|Roaring Moon, L50|\n|poke|p1|Kyogre, L50|\n|poke|p1|Tsareena, L50, F|\n|poke|p1|Kingambit, L50, M|\n|poke|p2|Dragonite, L50, F|\n|poke|p2|Groudon, L50|\n|poke|p2|Miraidon, L50|\n|poke|p2|Grimmsnarl, L50, M|\n|poke|p2|Chien-Pao, L50|\n|poke|p2|Pachirisu, L50, F|\n|teampreview|4\n|inactive|Battle timer is ON: inactive players will automatically lose when time's up. (requested by alxback)\n|c|\u2606alxback|ah you again\n|inactive|marcxhenry has 60 seconds left.\n|inactive|alxback has 60 seconds left.\n|c|\u2606marcxhenry|ohoh\n|c|\u2606marcxhenry|lets see\n|inactive|alxback has 30 seconds left.\n|\n|t:|1768515308\n|teamsize|p1|4\n|teamsize|p2|4\n|start\n|switch|p1a: Roter Baron|Roaring Moon, L50, shiny|100/100\n|switch|p1b: Eva|Tsareena, L50, F, shiny|100/100\n|switch|p2a: Chien-Pao|Chien-Pao, L50|100/100\n|switch|p2b: Grimmsnarl|Grimmsnarl, L50, M|100/100\n|-ability|p2a: Chien-Pao|Sword of Ruin\n|-enditem|p1a: Roter Baron|Booster Energy\n|-activate|p1a: Roter Baron|ability: Protosynthesis|[fromitem]\n|-start|p1a: Roter Baron|protosynthesisspe\n|turn|1\n|\n|t:|1768515324\n|-terastallize|p1b: Eva|Water\n|move|p1a: Roter Baron|Protect|p1a: Roter Baron\n|-singleturn|p1a: Roter Baron|Protect\n|move|p2b: Grimmsnarl|Reflect|p2b: Grimmsnarl\n|-sidestart|p2: alxback|Reflect\n|move|p2a: Chien-Pao|Ice Spinner|p1b: Eva\n|-resisted|p1b: Eva\n|-damage|p1b: Eva|68/100\n|move|p1b: Eva|Power Whip|p2a: Chien-Pao\n|-damage|p2a: Chien-Pao|41/100\n|\n|upkeep\n|turn|2\n|\n|t:|1768515339\n|switch|p2b: Pachirisu|Pachirisu, L50, F|100/100\n|move|p2a: Chien-Pao|Protect|p2a: Chien-Pao\n|-singleturn|p2a: Chien-Pao|Protect\n|move|p1a: Roter Baron|Acrobatics|p2a: Chien-Pao\n|-activate|p2a: Chien-Pao|move: Protect\n|move|p1b: Eva|Power Whip|p2b: Pachirisu\n|-damage|p2b: Pachirisu|36/100\n|-damage|p1b: Eva|51/100|[from] item: Rocky Helmet|[of] p2b: Pachirisu\n|\n|upkeep\n|turn|3\n|c|\u2606alxback|smart move\n|\n|t:|1768515356\n|move|p1a: Roter Baron|Protect|p1a: Roter Baron\n|-singleturn|p1a: Roter Baron|Protect\n|move|p2b: Pachirisu|Follow Me|p2b: Pachirisu\n|-singleturn|p2b: Pachirisu|move: Follow Me\n|move|p2a: Chien-Pao|Crunch|p1b: Eva\n|-damage|p1b: Eva|0 fnt\n|faint|p1b: Eva\n|\n|upkeep\n|\n|t:|1768515367\n|switch|p1b: Tripitz|Kyogre, L50, shiny|100/100\n|-weather|RainDance|[from] ability: Drizzle|[of] p1b: Tripitz\n|turn|4\n|\n|t:|1768515388\n|switch|p1b: Ludwig|Calyrex-Shadow, L50|100/100\n|-ability|p1b: Ludwig|As One\n|-ability|p1b: Ludwig|Unnerve\n|move|p2b: Pachirisu|Protect|p2b: Pachirisu\n|-singleturn|p2b: Pachirisu|Protect\n|move|p1a: Roter Baron|Tailwind|p1a: Roter Baron\n|-sidestart|p1: marcxhenry|move: Tailwind\n|move|p2a: Chien-Pao|Ice Spinner|p1a: Roter Baron\n|-supereffective|p1a: Roter Baron\n|-damage|p1a: Roter Baron|0 fnt\n|faint|p1a: Roter Baron\n|-end|p1a: Roter Baron|Protosynthesis|[silent]\n|\n|-weather|RainDance|[upkeep]\n|upkeep\n|\n|t:|1768515400\n|switch|p1a: Tripitz|Kyogre, L50, shiny|100/100\n|turn|5\n|c|\u2606alxback|damnnnnnnn\n|inactive|alxback has 30 seconds left.\n|\n|t:|1768515429\n|switch|p2b: Miraidon|Miraidon, L50|100/100\n|-fieldstart|move: Electric Terrain|[from] ability: Hadron Engine|[of] p2b: Miraidon\n|move|p2a: Chien-Pao|Protect|p2a: Chien-Pao\n|-singleturn|p2a: Chien-Pao|Protect\n|move|p1b: Ludwig|Astral Barrage|p2a: Chien-Pao|[spread] p2b\n|-activate|p2a: Chien-Pao|move: Protect\n|-damage|p2b: Miraidon|57/100\n|move|p1a: Tripitz|Origin Pulse|p2b: Miraidon|[spread] p2b\n|-activate|p2a: Chien-Pao|move: Protect\n|-resisted|p2b: Miraidon\n|-damage|p2b: Miraidon|19/100\n|\n|-weather|RainDance|[upkeep]\n|upkeep\n|turn|6\n|c|\u2606alxback|aight gg\n|c|\u2606alxback|nice team\n|inactive|alxback has 30 seconds left.\n|-message|alxback forfeited.\n|\n|win|marcxhenry\n|raw|marcxhenry's rating: 1351 &rarr; <strong>1370</strong><br />(+19 for winning)\n|raw|alxback's rating: 1341 &rarr; <strong>1322</strong><br />(-19 for losing)\n|l|\u2606alxback\n|player|p2|\n|l|\u2606marcxhenry\n|player|p1|\n","uploadtime":1768515636,"views":12,"formatid":"gen9vgc2026regi","rating":1322,"private":0,"password":null}