{"id":"gen9vgc2026regi-2563345716","format":"[Gen 9] VGC 2026 Reg I","players":["NegaiFreak","Mirthinion"],"log":"|j|\u2606NegaiFreak\n|j|\u2606Mirthinion\n|t:|1774018300\n|gametype|doubles\n|player|p1|NegaiFreak|265|1320\n|player|p2|Mirthinion|janitor|1343\n|gen|9\n|tier|[Gen 9] VGC 2026 Reg I\n|rated|\n|rule|Species Clause: Limit one of each Pok\u00e9mon\n|rule|Item Clause: Limit 1 of each item\n|clearpoke\n|poke|p1|Lunala, L50|\n|poke|p1|Koraidon, L50|\n|poke|p1|Flutter Mane, L50|\n|poke|p1|Farigiraf, L50, M|\n|poke|p1|Incineroar, L50, M|\n|poke|p1|Rillaboom, L50, M|\n|poke|p2|Calyrex-Shadow, L50|\n|poke|p2|Zamazenta-*, L50|\n|poke|p2|Urshifu-*, L50, M|\n|poke|p2|Incineroar, L50, M|\n|poke|p2|Rillaboom, L50, M|\n|poke|p2|Tornadus, L50, M|\n|teampreview|4\n|inactive|Battle timer is ON: inactive players will automatically lose when time's up. (requested by Mirthinion)\n|inactive|NegaiFreak also wants the timer to be on.\n|c|\u2606NegaiFreak|GLHF\n|c|\u2606Mirthinion|Ty, u2\nMirthinion rejected open team sheets.\n|inactive|NegaiFreak has 60 seconds left.\n|inactive|Mirthinion has 60 seconds left.\n|\n|t:|1774018360\n|teamsize|p1|4\n|teamsize|p2|4\n|start\n|switch|p1a: Lunala|Lunala, L50|100/100\n|switch|p1b: Incineroar|Incineroar, L50, M|100/100\n|switch|p2a: Vangwe|Tornadus, L50, M|100/100\n|switch|p2b: Wolfgang|Incineroar, L50, M|100/100\n|-ability|p1b: Incineroar|Intimidate|boost\n|-unboost|p2a: Vangwe|atk|1\n|-unboost|p2b: Wolfgang|atk|1\n|-ability|p2b: Wolfgang|Intimidate|boost\n|-unboost|p1a: Lunala|atk|1\n|-unboost|p1b: Incineroar|atk|1\n|turn|1\n|\n|t:|1774018377\n|move|p1b: Incineroar|Fake Out|p2b: Wolfgang\n|-damage|p2b: Wolfgang|93/100\n|move|p2a: Vangwe|Taunt|p1a: Lunala\n|-start|p1a: Lunala|move: Taunt\n|move|p1a: Lunala|Moongeist Beam|p2a: Vangwe\n|-damage|p2a: Vangwe|45/100\n|cant|p2b: Wolfgang|flinch\n|\n|upkeep\n|turn|2\n|\n|t:|1774018401\n|-terastallize|p1a: Lunala|Water\n|move|p2a: Vangwe|Tailwind|p2a: Vangwe\n|-sidestart|p2: Mirthinion|move: Tailwind\n|move|p2b: Wolfgang|Knock Off|p1a: Lunala\n|-damage|p1a: Lunala|91/100\n|-enditem|p1a: Lunala|Leftovers|[from] move: Knock Off|[of] p2b: Wolfgang\n|move|p1a: Lunala|Moongeist Beam|p2a: Vangwe\n|-damage|p2a: Vangwe|0 fnt\n|faint|p2a: Vangwe\n|move|p1b: Incineroar|Parting Shot|p2b: Wolfgang\n|-unboost|p2b: Wolfgang|atk|1\n|-unboost|p2b: Wolfgang|spa|1\n|\n|t:|1774018412\n|switch|p1b: Farigiraf|Farigiraf, L50, M|100/100|[from] Parting Shot\n|\n|upkeep\n|\n|t:|1774018417\n|switch|p2a: Mithrandir|Calyrex-Shadow, L50|100/100\n|-ability|p2a: Mithrandir|As One\n|-ability|p2a: Mithrandir|Unnerve\n|turn|3\n|\n|t:|1774018429\n|-terastallize|p2a: Mithrandir|Bug\n|move|p2a: Mithrandir|Pollen Puff|p1b: Farigiraf\n|-supereffective|p1b: Farigiraf\n|-damage|p1b: Farigiraf|12/100\n|move|p2b: Wolfgang|Knock Off|p1b: Farigiraf\n|-supereffective|p1b: Farigiraf\n|-damage|p1b: Farigiraf|0 fnt\n|-enditem|p1b: Farigiraf|Throat Spray|[from] move: Knock Off|[of] p2b: Wolfgang\n|faint|p1b: Farigiraf\n|move|p1a: Lunala|Moongeist Beam|p2a: Mithrandir\n|-damage|p2a: Mithrandir|49/100\n|\n|-end|p1a: Lunala|move: Taunt\n|upkeep\n|\n|t:|1774018439\n|switch|p1b: Incineroar|Incineroar, L50, M|100/100\n|-ability|p1b: Incineroar|Intimidate|boost\n|-unboost|p2a: Mithrandir|atk|1\n|-unboost|p2b: Wolfgang|atk|1\n|turn|4\n|\n|t:|1774018454\n|switch|p2a: Beowulf|Urshifu-Rapid-Strike, L50, M|100/100\n|move|p2b: Wolfgang|Parting Shot|p1a: Lunala\n|-unboost|p1a: Lunala|atk|1\n|-unboost|p1a: Lunala|spa|1\n|\n|t:|1774018459\n|switch|p2b: Mithrandir|Calyrex-Shadow, L50, tera:Bug|49/100|[from] Parting Shot\n|-ability|p2b: Mithrandir|As One\n|-ability|p2b: Mithrandir|Unnerve\n|move|p1a: Lunala|Moongeist Beam|p2a: Beowulf\n|-damage|p2a: Beowulf|49/100\n|move|p1b: Incineroar|Knock Off|p2b: Mithrandir\n|-damage|p2b: Mithrandir|11/100\n|-enditem|p2b: Mithrandir|Focus Sash|[from] move: Knock Off|[of] p1b: Incineroar\n|\n|upkeep\n|turn|5\n|inactive|NegaiFreak has 30 seconds left.\n|inactive|Mirthinion has 30 seconds left.\n|inactive|Mirthinion has 20 seconds left.\n|inactive|Mirthinion has 15 seconds left.\n|\n|t:|1774018502\n|switch|p1a: Koraidon|Koraidon, L50|100/100\n|-weather|SunnyDay|[from] ability: Orichalcum Pulse|[of] p1a: Koraidon\n|-activate|p1a: Koraidon|Orichalcum Pulse|[source]\n|move|p2b: Mithrandir|Protect|p2b: Mithrandir\n|-singleturn|p2b: Mithrandir|Protect\n|move|p2a: Beowulf|Close Combat|p1a: Koraidon\n|-damage|p1a: Koraidon|23/100\n|-unboost|p2a: Beowulf|def|1\n|-unboost|p2a: Beowulf|spd|1\n|move|p1b: Incineroar|Flare Blitz|p2b: Mithrandir\n|-activate|p2b: Mithrandir|move: Protect\n|\n|-weather|SunnyDay|[upkeep]\n|-sideend|p2: Mirthinion|move: Tailwind\n|upkeep\n|turn|6\n|\n|t:|1774018521\n|move|p1a: Koraidon|Protect|p1a: Koraidon\n|-singleturn|p1a: Koraidon|Protect\n|move|p2b: Mithrandir|Astral Barrage|p1a: Koraidon|[spread] p1b\n|-activate|p1a: Koraidon|move: Protect\n|-resisted|p1b: Incineroar\n|-damage|p1b: Incineroar|79/100\n|move|p2a: Beowulf|Close Combat|p1b: Incineroar\n|-supereffective|p1b: Incineroar\n|-damage|p1b: Incineroar|0 fnt\n|-unboost|p2a: Beowulf|def|1\n|-unboost|p2a: Beowulf|spd|1\n|faint|p1b: Incineroar\n|\n|-weather|SunnyDay|[upkeep]\n|upkeep\n|\n|t:|1774018528\n|switch|p1b: Lunala|Lunala, L50, tera:Water|91/100\n|turn|7\n|\n|t:|1774018542\n|move|p2b: Mithrandir|Pollen Puff|p1a: Koraidon\n|-resisted|p1a: Koraidon\n|-damage|p1a: Koraidon|0 fnt\n|faint|p1a: Koraidon\n|-ability|p2b: Mithrandir|Grim Neigh|boost\n|-boost|p2b: Mithrandir|spa|1\n|move|p2a: Beowulf|Close Combat|p1b: Lunala\n|-damage|p1b: Lunala|25/100\n|-unboost|p2a: Beowulf|def|1\n|-unboost|p2a: Beowulf|spd|1\n|move|p1b: Lunala|Moonblast|p2b: Mithrandir\n|-damage|p2b: Mithrandir|0 fnt\n|faint|p2b: Mithrandir\n|\n|-weather|SunnyDay|[upkeep]\n|upkeep\n|\n|t:|1774018555\n|switch|p2b: Wolfgang|Incineroar, L50, M|93/100\n|-ability|p2b: Wolfgang|Intimidate|boost\n|-unboost|p1b: Lunala|atk|1\n|turn|8\n|c|\u2606NegaiFreak|GG, WP\n|c|\u2606NegaiFreak|I suck\n|-message|NegaiFreak forfeited.\n|\n|win|Mirthinion\n|raw|NegaiFreak's rating: 1320 &rarr; <strong>1301</strong><br />(-19 for losing)\n|raw|Mirthinion's rating: 1343 &rarr; <strong>1362</strong><br />(+19 for winning)\n|c|\u2606Mirthinion|gg\n|c|\u2606Mirthinion|I think you did fine, tbh\n|l|\u2606NegaiFreak\n|player|p1|\n","uploadtime":1774018591,"views":73,"formatid":"gen9vgc2026regi","rating":1301,"private":0,"password":null}