{"id":"gen9vgc2026regi-2586946622","format":"[Gen 9] VGC 2026 Reg I","players":["clessvgc","capitan pablo"],"log":"|j|\u2606clessvgc\n|j|\u2606capitan pablo\n|t:|1776474468\n|gametype|doubles\n|player|p1|clessvgc|proton|1240\n|player|p2|capitan pablo|steven|1268\n|gen|9\n|tier|[Gen 9] VGC 2026 Reg I\n|rated|\n|rule|Species Clause: Limit one of each Pok\u00e9mon\n|rule|Item Clause: Limit 1 of each item\n|clearpoke\n|poke|p1|Grimmsnarl, L50, M|\n|poke|p1|Landorus-Therian, L50, M|\n|poke|p1|Weezing-Galar, L50, F|\n|poke|p1|Calyrex-Shadow, L50|\n|poke|p1|Rayquaza, L50|\n|poke|p1|Typhlosion-Hisui, L50, M|\n|poke|p2|Muk-Alola, L50, M|\n|poke|p2|Flamigo, L50, F|\n|poke|p2|Smeargle, L50, F|\n|poke|p2|Calyrex-Shadow, L50|\n|poke|p2|Miraidon, L50|\n|poke|p2|Urshifu-*, L50, M|\n|teampreview|4\n|inactive|Battle timer is ON: inactive players will automatically lose when time's up. (requested by clessvgc)\n|\n|t:|1776474486\n|teamsize|p1|4\n|teamsize|p2|4\n|start\n|switch|p1a: Weezing|Weezing-Galar, L50, F|100/100\n|switch|p1b: Typhlosion|Typhlosion-Hisui, L50, M|100/100\n|switch|p2a: Cumradioactive|Muk-Alola, L50, M|100/100\n|switch|p2b: Adolfito|Smeargle, L50, F|100/100\n|-ability|p1a: Weezing|Neutralizing Gas\n|turn|1\n|\n|t:|1776474502\n|move|p2b: Adolfito|Fake Out|p1a: Weezing\n|-damage|p1a: Weezing|95/100\n|move|p1b: Typhlosion|Eruption|p2b: Adolfito|[spread] p2a,p2b\n|-damage|p2a: Cumradioactive|56/100\n|-enditem|p2b: Adolfito|Focus Sash\n|-damage|p2b: Adolfito|1/100\n|cant|p1a: Weezing|flinch\n|move|p2a: Cumradioactive|Minimize|p2a: Cumradioactive\n|-boost|p2a: Cumradioactive|evasion|2\n|\n|-heal|p2a: Cumradioactive|62/100|[from] item: Black Sludge\n|upkeep\n|turn|2\n|\n|t:|1776474520\n|move|p1b: Typhlosion|Eruption|p2b: Adolfito|[spread] p2b\n|-miss|p1b: Typhlosion|p2a: Cumradioactive\n|-crit|p2b: Adolfito\n|-damage|p2b: Adolfito|0 fnt\n|faint|p2b: Adolfito\n|move|p1a: Weezing|Haze|p1a: Weezing\n|-clearallboost\n|move|p2a: Cumradioactive|Minimize|p2a: Cumradioactive\n|-boost|p2a: Cumradioactive|evasion|2\n|\n|-heal|p2a: Cumradioactive|68/100|[from] item: Black Sludge\n|upkeep\n|\n|t:|1776474529\n|switch|p2b: D4C|Miraidon, L50, shiny|100/100\n|turn|3\n|\n|t:|1776474537\n|-terastallize|p1a: Weezing|Grass\n|move|p1b: Typhlosion|Eruption|p2b: D4C|[spread] p2a,p2b\n|-resisted|p2b: D4C\n|-damage|p2a: Cumradioactive|22/100\n|-damage|p2b: D4C|78/100\n|move|p2b: D4C|Electro Drift|p1a: Weezing\n|-resisted|p1a: Weezing\n|-damage|p1a: Weezing|55/100\n|move|p1a: Weezing|Haze|p1a: Weezing\n|-clearallboost\n|move|p2a: Cumradioactive|Crunch|p1b: Typhlosion\n|-supereffective|p1b: Typhlosion\n|-damage|p1b: Typhlosion|0 fnt\n|faint|p1b: Typhlosion\n|\n|-heal|p2a: Cumradioactive|28/100|[from] item: Black Sludge\n|upkeep\n|\n|t:|1776474547\n|switch|p1b: Calyrex|Calyrex-Shadow, L50|100/100\n|-ability|p1b: Calyrex|As One\n|-ability|p1b: Calyrex|Unnerve\n|turn|4\n|\n|t:|1776474560\n|move|p1b: Calyrex|Astral Barrage|p2b: D4C|[spread] p2a,p2b\n|-resisted|p2a: Cumradioactive\n|-damage|p2a: Cumradioactive|7/100\n|-damage|p2b: D4C|30/100\n|move|p2b: D4C|Electro Drift|p1a: Weezing\n|-resisted|p1a: Weezing\n|-damage|p1a: Weezing|16/100\n|-enditem|p1a: Weezing|Sitrus Berry|[eat]\n|-heal|p1a: Weezing|41/100|[from] item: Sitrus Berry\n|move|p1a: Weezing|Sludge Bomb|p2b: D4C\n|-damage|p2b: D4C|7/100\n|move|p2a: Cumradioactive|Crunch|p1b: Calyrex\n|-supereffective|p1b: Calyrex\n|-enditem|p1b: Calyrex|Focus Sash\n|-damage|p1b: Calyrex|1/100\n|\n|-heal|p2a: Cumradioactive|13/100|[from] item: Black Sludge\n|upkeep\n|turn|5\n|\n|t:|1776474579\n|move|p2a: Cumradioactive|Protect|p2a: Cumradioactive\n|-singleturn|p2a: Cumradioactive|Protect\n|move|p1b: Calyrex|Astral Barrage|p2a: Cumradioactive|[spread] p2b\n|-activate|p2a: Cumradioactive|move: Protect\n|-damage|p2b: D4C|0 fnt\n|faint|p2b: D4C\n|-ability|p1b: Calyrex|Grim Neigh|boost\n|-boost|p1b: Calyrex|spa|1\n|move|p1a: Weezing|Sludge Bomb|p2a: Cumradioactive\n|-activate|p2a: Cumradioactive|move: Protect\n|\n|-heal|p2a: Cumradioactive|19/100|[from] item: Black Sludge\n|upkeep\n|\n|t:|1776474585\n|switch|p2b: Do Flamingo|Flamigo, L50, F|100/100\n|turn|6\n|\n|t:|1776474597\n|move|p1b: Calyrex|Psychic|p2b: Do Flamingo\n|-supereffective|p2b: Do Flamingo\n|-damage|p2b: Do Flamingo|0 fnt\n|faint|p2b: Do Flamingo\n|-ability|p1b: Calyrex|Grim Neigh|boost\n|-boost|p1b: Calyrex|spa|1\n|move|p1a: Weezing|Sludge Bomb|p2a: Cumradioactive\n|-resisted|p2a: Cumradioactive\n|-damage|p2a: Cumradioactive|7/100\n|move|p2a: Cumradioactive|Crunch|p1b: Calyrex\n|-supereffective|p1b: Calyrex\n|-damage|p1b: Calyrex|0 fnt\n|faint|p1b: Calyrex\n|\n|-heal|p2a: Cumradioactive|13/100|[from] item: Black Sludge\n|upkeep\n|\n|t:|1776474606\n|switch|p1b: Rayquaza|Rayquaza, L50|100/100\n|turn|7\n|\n|t:|1776474626\n|move|p1b: Rayquaza|Dragon Ascent|p2a: Cumradioactive\n|-damage|p2a: Cumradioactive|0 fnt\n|-unboost|p1b: Rayquaza|def|1\n|-unboost|p1b: Rayquaza|spd|1\n|faint|p2a: Cumradioactive\n|\n|win|clessvgc\n|raw|clessvgc's rating: 1240 &rarr; <strong>1267</strong><br />(+27 for winning)\n|raw|capitan pablo's rating: 1268 &rarr; <strong>1241</strong><br />(-27 for losing)\n|l|\u2606capitan pablo\n|player|p2|\n|l|\u2606clessvgc\n|player|p1|\n","uploadtime":1776474815,"views":12,"formatid":"gen9vgc2026regi","rating":1241,"private":0,"password":null}