{"id":"gen9vgc2026regi-2580352629","format":"[Gen 9] VGC 2026 Reg I","players":["afvn","24kpure"],"log":"|j|\u2606afvn\n|j|\u260624kpure\n|t:|1775884128\n|gametype|doubles\n|player|p1|afvn|bellepa|1321\n|player|p2|24kpure|265|1339\n|gen|9\n|tier|[Gen 9] VGC 2026 Reg I\n|rated|\n|rule|Species Clause: Limit one of each Pok\u00e9mon\n|rule|Item Clause: Limit 1 of each item\n|clearpoke\n|poke|p1|Calyrex-Ice, L50|\n|poke|p1|Indeedee-F, L50, F|\n|poke|p1|Ogerpon-Wellspring, L50, F|\n|poke|p1|Zamazenta-*, L50|\n|poke|p1|Amoonguss, L50, M|\n|poke|p1|Torkoal, L50, M|\n|poke|p2|Muk-Alola, L50, M|\n|poke|p2|Smeargle, L50, F|\n|poke|p2|Rillaboom, L50, M|\n|poke|p2|Flamigo, L50, M|\n|poke|p2|Koraidon, L50|\n|poke|p2|Incineroar, L50, F|\n|teampreview|4\n|inactive|Battle timer is ON: inactive players will automatically lose when time's up. (requested by 24kpure)\n|\n|t:|1775884154\n|teamsize|p1|4\n|teamsize|p2|4\n|start\n|switch|p1a: Amoonguss|Amoonguss, L50, M, shiny|100/100\n|switch|p1b: Calyrex|Calyrex-Ice, L50|100/100\n|switch|p2a: Muk|Muk-Alola, L50, M|100/100\n|switch|p2b: Smeargle|Smeargle, L50, F|100/100\n|-ability|p1b: Calyrex|As One\n|-ability|p1b: Calyrex|Unnerve\n|turn|1\n|\n|t:|1775884166\n|move|p1b: Calyrex|Protect|p1b: Calyrex\n|-singleturn|p1b: Calyrex|Protect\n|move|p2b: Smeargle|Spore|p1b: Calyrex\n|-activate|p1b: Calyrex|move: Protect\n|move|p2a: Muk|Minimize|p2a: Muk\n|-boost|p2a: Muk|evasion|2\n|move|p1a: Amoonguss|Spore|p2a: Muk\n|-status|p2a: Muk|slp|[from] move: Spore\n|\n|-ability|p2b: Smeargle|Moody|boost\n|-boost|p2b: Smeargle|spd|2\n|-unboost|p2b: Smeargle|spa|1\n|upkeep\n|turn|2\n|\n|t:|1775884191\n|move|p2b: Smeargle|Wide Guard|p2b: Smeargle\n|-singleturn|p2b: Smeargle|Wide Guard\n|move|p1a: Amoonguss|Rage Powder|p1a: Amoonguss\n|-singleturn|p1a: Amoonguss|move: Rage Powder\n|cant|p2a: Muk|slp\n|move|p1b: Calyrex|Trick Room|p1b: Calyrex\n|-fieldstart|move: Trick Room|[of] p1b: Calyrex\n|\n|-ability|p2b: Smeargle|Moody|boost\n|-boost|p2b: Smeargle|def|2\n|-unboost|p2b: Smeargle|atk|1\n|upkeep\n|turn|3\n|\n|t:|1775884204\n|-terastallize|p1b: Calyrex|Dragon\n|move|p1a: Amoonguss|Spore|p2b: Smeargle\n|-status|p2b: Smeargle|slp|[from] move: Spore\n|move|p1b: Calyrex|Tera Blast|p2a: Muk|[anim] Tera Blast Dragon|[miss]\n|-miss|p1b: Calyrex|p2a: Muk\n|cant|p2a: Muk|slp\n|cant|p2b: Smeargle|slp\n|\n|-ability|p2b: Smeargle|Moody|boost\n|-boost|p2b: Smeargle|atk|2\n|-unboost|p2b: Smeargle|spe|1\n|upkeep\n|turn|4\n|\n|t:|1775884216\n|-curestatus|p2b: Smeargle|slp|[msg]\n|move|p2b: Smeargle|Wide Guard|p2b: Smeargle\n|-singleturn|p2b: Smeargle|Wide Guard\n|move|p1a: Amoonguss|Pollen Puff|p2a: Muk|[miss]\n|-miss|p1a: Amoonguss|p2a: Muk\n|move|p1b: Calyrex|Glacial Lance|p2b: Smeargle|[spread] \n|-activate|p2a: Muk|move: Wide Guard\n|-activate|p2b: Smeargle|move: Wide Guard\n|-curestatus|p2a: Muk|slp|[msg]\n|move|p2a: Muk|Minimize|p2a: Muk\n|-boost|p2a: Muk|evasion|2\n|\n|-ability|p2b: Smeargle|Moody|boost\n|-boost|p2b: Smeargle|def|2\n|-unboost|p2b: Smeargle|spa|1\n|upkeep\n|turn|5\n|\n|t:|1775884230\n|move|p1a: Amoonguss|Spore|p2b: Smeargle\n|-status|p2b: Smeargle|slp|[from] move: Spore\n|move|p1b: Calyrex|Glacial Lance|p2a: Muk|[spread] p2b\n|-miss|p1b: Calyrex|p2a: Muk\n|-damage|p2b: Smeargle|50/100 slp\n|move|p2a: Muk|Minimize|p2a: Muk\n|-boost|p2a: Muk|evasion|2\n|cant|p2b: Smeargle|slp\n|\n|-ability|p2b: Smeargle|Moody|boost\n|-boost|p2b: Smeargle|spe|2\n|-unboost|p2b: Smeargle|spd|1\n|upkeep\n|turn|6\n|\n|t:|1775884248\n|move|p2a: Muk|Protect|p2a: Muk\n|-singleturn|p2a: Muk|Protect\n|move|p1a: Amoonguss|Spore|p2a: Muk\n|-activate|p2a: Muk|move: Protect\n|move|p1b: Calyrex|Glacial Lance|p2a: Muk|[spread] p2b\n|-activate|p2a: Muk|move: Protect\n|-damage|p2b: Smeargle|0 fnt\n|faint|p2b: Smeargle\n|-ability|p2a: Muk|Moody|Power of Alchemy|[from] ability: Power of Alchemy|[of] p2b: Smeargle\n|-ability|p1b: Calyrex|Chilling Neigh|boost\n|-boost|p1b: Calyrex|atk|1\n|\n|-fieldend|move: Trick Room\n|-ability|p2a: Muk|Moody|boost\n|-boost|p2a: Muk|atk|2\n|-unboost|p2a: Muk|spe|1\n|upkeep\n|\n|t:|1775884252\n|switch|p2b: Incineroar|Incineroar, L50, F|100/100\n|-ability|p2b: Incineroar|Intimidate|boost\n|-unboost|p1a: Amoonguss|atk|1\n|-fail|p1b: Calyrex|unboost|[from] item: Clear Amulet|[of] p1b: Calyrex\n|turn|7\n|\n|t:|1775884266\n|move|p1b: Calyrex|Protect|p1b: Calyrex\n|-singleturn|p1b: Calyrex|Protect\n|move|p2b: Incineroar|Fake Out|p1a: Amoonguss\n|-crit|p1a: Amoonguss\n|-damage|p1a: Amoonguss|84/100\n|move|p2a: Muk|Knock Off|p1a: Amoonguss\n|-damage|p1a: Amoonguss|16/100\n|-enditem|p1a: Amoonguss|Leftovers|[from] move: Knock Off|[of] p2a: Muk\n|cant|p1a: Amoonguss|flinch\n|\n|-ability|p2a: Muk|Moody|boost\n|-boost|p2a: Muk|spd|2\n|-unboost|p2a: Muk|def|1\n|upkeep\n|turn|8\n|\n|t:|1775884280\n|move|p1a: Amoonguss|Rage Powder|p1a: Amoonguss\n|-singleturn|p1a: Amoonguss|move: Rage Powder\n|move|p2b: Incineroar|Will-O-Wisp|p1b: Calyrex\n|-status|p1b: Calyrex|brn\n|move|p2a: Muk|Knock Off|p1a: Amoonguss\n|-damage|p1a: Amoonguss|0 fnt\n|faint|p1a: Amoonguss\n|move|p1b: Calyrex|Trick Room|p1b: Calyrex\n|-fieldstart|move: Trick Room|[of] p1b: Calyrex\n|\n|-damage|p1b: Calyrex|94/100 brn|[from] brn\n|-ability|p2a: Muk|Moody|boost\n|-boost|p2a: Muk|spe|2\n|-unboost|p2a: Muk|spd|1\n|upkeep\n|\n|t:|1775884290\n|switch|p1a: Torkoal|Torkoal, L50, M, shiny|100/100\n|-weather|SunnyDay|[from] ability: Drought|[of] p1a: Torkoal\n|turn|9\n|-message|afvn forfeited.\n|\n|win|24kpure\n|raw|afvn's rating: 1321 &rarr; <strong>1302</strong><br />(-19 for losing)\n|raw|24kpure's rating: 1339 &rarr; <strong>1358</strong><br />(+19 for winning)\n|l|\u2606afvn\n|player|p1|\n|l|\u260624kpure\n|player|p2|\n","uploadtime":1775884539,"views":10,"formatid":"gen9vgc2026regi","rating":1302,"private":0,"password":null}