{"id":"gen9vgc2026regi-2518219393","format":"[Gen 9] VGC 2026 Reg I","players":["cdogp3","cersis"],"log":"|j|\u2606cdogp3\n|j|\u2606cersis\n|t:|1768355857\n|gametype|doubles\n|player|p1|cdogp3|hoopster|1193\n|player|p2|cersis|byron|1069\n|gen|9\n|tier|[Gen 9] VGC 2026 Reg I\n|rated|\n|rule|Species Clause: Limit one of each Pok\u00e9mon\n|rule|Item Clause: Limit 1 of each item\n|clearpoke\n|poke|p1|Calyrex-Shadow, L50|\n|poke|p1|Zamazenta-*, L50|\n|poke|p1|Chien-Pao, L50|\n|poke|p1|Raging Bolt, L50|\n|poke|p1|Ogerpon-Cornerstone, L50, F|\n|poke|p1|Amoonguss, L50, F|\n|poke|p2|Slaking, L50, F|\n|poke|p2|Weezing, L50, F|\n|poke|p2|Lanturn, L50, F|\n|poke|p2|Mamoswine, L50, M|\n|poke|p2|Miraidon, L50|\n|poke|p2|Palkia-Origin, L50|\n|teampreview|4\n|inactive|Battle timer is ON: inactive players will automatically lose when time's up. (requested by cdogp3)\n|\n|t:|1768355875\n|teamsize|p1|4\n|teamsize|p2|4\n|start\n|switch|p1a: Calyrex|Calyrex-Shadow, L50|100/100\n|switch|p1b: Maya|Ogerpon-Cornerstone, L50, F|100/100\n|switch|p2a: Miraidon|Miraidon, L50|100/100\n|switch|p2b: Lanturn|Lanturn, L50, F|100/100\n|-ability|p1a: Calyrex|As One\n|-ability|p1a: Calyrex|Unnerve\n|-fieldstart|move: Electric Terrain|[from] ability: Hadron Engine|[of] p2a: Miraidon\n|turn|1\n|inactive|cdogp3 has 30 seconds left.\n|inactive|cersis has 30 seconds left.\n|inactive|cdogp3 has 20 seconds left.\n|inactive|cdogp3 has 15 seconds left.\n|inactive|cersis has 20 seconds left.\n|inactive|cdogp3 has 10 seconds left.\n|inactive|cdogp3 has 5 seconds left.\n|inactive|cersis has 15 seconds left.\n|\n|t:|1768355931\n|-terastallize|p2b: Lanturn|Grass\n|move|p2a: Miraidon|Protect|p2a: Miraidon\n|-singleturn|p2a: Miraidon|Protect\n|move|p1a: Calyrex|Psychic|p2b: Lanturn\n|-damage|p2b: Lanturn|57/100\n|move|p1b: Maya|Ivy Cudgel|p2a: Miraidon|[anim] Ivy Cudgel Rock\n|-activate|p2a: Miraidon|move: Protect\n|move|p2b: Lanturn|Soak|p1a: Calyrex\n|-start|p1a: Calyrex|typechange|Water\n|\n|-heal|p2b: Lanturn|63/100|[from] item: Leftovers\n|upkeep\n|turn|2\n|\n|t:|1768355947\n|-terastallize|p1a: Calyrex|Ghost\n|move|p1a: Calyrex|Astral Barrage|p2b: Lanturn|[spread] p2a,p2b\n|-damage|p2a: Miraidon|51/100\n|-damage|p2b: Lanturn|24/100\n|move|p2a: Miraidon|Discharge|p1a: Calyrex|[spread] p1a,p1b\n|-heal|p2b: Lanturn|49/100|[from] ability: Volt Absorb|[of] p2a: Miraidon\n|-resisted|p1b: Maya\n|-damage|p1a: Calyrex|19/100\n|-damage|p1b: Maya|68/100\n|-status|p1a: Calyrex|par\n|move|p1b: Maya|Ivy Cudgel|p2b: Lanturn|[anim] Ivy Cudgel Rock\n|-damage|p2b: Lanturn|0 fnt\n|faint|p2b: Lanturn\n|\n|upkeep\n|\n|t:|1768355965\n|switch|p2b: Palkia|Palkia-Origin, L50|100/100\n|turn|3\n|\n|t:|1768355976\n|switch|p1a: Sean|Chien-Pao, L50|100/100\n|-ability|p1a: Sean|Sword of Ruin\n|move|p2a: Miraidon|Discharge|p1b: Maya|[spread] p1a,p1b\n|-activate|p2b: Palkia|ability: Telepathy\n|-resisted|p1b: Maya\n|-damage|p1a: Sean|40/100\n|-damage|p1b: Maya|32/100\n|-status|p1b: Maya|par\n|move|p2b: Palkia|Spacial Rend|p1b: Maya\n|-damage|p1b: Maya|0 fnt\n|faint|p1b: Maya\n|\n|upkeep\n|\n|t:|1768355981\n|switch|p1b: Zamazenta|Zamazenta-Crowned, L50|100/100\n|-ability|p1b: Zamazenta|Dauntless Shield|boost\n|-boost|p1b: Zamazenta|def|1\n|turn|4\n|\n|t:|1768356003\n|move|p1a: Sean|Ice Spinner|p2a: Miraidon\n|-supereffective|p2a: Miraidon\n|-crit|p2a: Miraidon\n|-damage|p2a: Miraidon|0 fnt\n|-fieldend|move: Electric Terrain\n|faint|p2a: Miraidon\n|move|p2b: Palkia|Spacial Rend|p1b: Zamazenta\n|-resisted|p1b: Zamazenta\n|-damage|p1b: Zamazenta|77/100\n|move|p1b: Zamazenta|Body Press|p2b: Palkia\n|-damage|p2b: Palkia|9/100\n|\n|upkeep\n|\n|t:|1768356011\n|switch|p2a: Mamoswine|Mamoswine, L50, M|100/100\n|turn|5\n|\n|t:|1768356029\n|move|p1a: Sean|Ice Shard|p2b: Palkia\n|-damage|p2b: Palkia|0 fnt\n|faint|p2b: Palkia\n|move|p1b: Zamazenta|Body Press|p2a: Mamoswine\n|-supereffective|p2a: Mamoswine\n|-enditem|p2a: Mamoswine|Focus Sash\n|-damage|p2a: Mamoswine|1/100\n|move|p2a: Mamoswine|Earthquake|p1b: Zamazenta|[spread] p1a,p1b\n|-supereffective|p1b: Zamazenta\n|-damage|p1a: Sean|0 fnt\n|-damage|p1b: Zamazenta|29/100\n|faint|p1a: Sean\n|\n|upkeep\n|inactive|cdogp3 has 30 seconds left.\n|\n|t:|1768356060\n|switch|p1a: Calyrex|Calyrex-Shadow, L50, tera:Ghost|19/100 par\n|-ability|p1a: Calyrex|As One\n|-ability|p1a: Calyrex|Unnerve\n|turn|6\n|\n|t:|1768356070\n|move|p1b: Zamazenta|Body Press|p2a: Mamoswine\n|-supereffective|p2a: Mamoswine\n|-damage|p2a: Mamoswine|0 fnt\n|faint|p2a: Mamoswine\n|\n|win|cdogp3\n|raw|cdogp3's rating: 1193 &rarr; <strong>1209</strong><br />(+16 for winning)\n|raw|cersis's rating: 1069 &rarr; <strong>1056</strong><br />(-13 for losing)\n|l|\u2606cdogp3\n|player|p1|\n","uploadtime":1768356398,"views":13,"formatid":"gen9vgc2026regi","rating":1056,"private":0,"password":null}