{"id":"gen9vgc2026regi-2551774045","format":"[Gen 9] VGC 2026 Reg I","players":["circleming","Pokemonst3r"],"log":"|j|\u2606circleming\n|j|\u2606Pokemonst3r\n|t:|1772644086\n|gametype|doubles\n|player|p1|circleming|265|1433\n|player|p2|Pokemonst3r|266|1485\n|gen|9\n|tier|[Gen 9] VGC 2026 Reg I\n|rated|\n|rule|Species Clause: Limit one of each Pok\u00e9mon\n|rule|Item Clause: Limit 1 of each item\n|clearpoke\n|poke|p1|Calyrex-Shadow, L50|\n|poke|p1|Rillaboom, L50, F|\n|poke|p1|Clefairy, L50, F|\n|poke|p1|Incineroar, L50, F|\n|poke|p1|Koraidon, L50|\n|poke|p1|Flutter Mane, L50|\n|poke|p2|Chien-Pao, L50|\n|poke|p2|Calyrex-Shadow, L50|\n|poke|p2|Dondozo, L50, F|\n|poke|p2|Zamazenta-*, L50|\n|poke|p2|Dragonite, L50, M|\n|poke|p2|Tatsugiri, L50, F|\n|teampreview|4\n|inactive|Battle timer is ON: inactive players will automatically lose when time's up. (requested by Pokemonst3r)\n|inactive|circleming has 60 seconds left.\n|\n|t:|1772644132\n|teamsize|p1|4\n|teamsize|p2|4\n|start\n|switch|p1a: Calyrex|Calyrex-Shadow, L50|100/100\n|switch|p1b: Incineroar|Incineroar, L50, F, shiny|100/100\n|switch|p2a: Calyrex|Calyrex-Shadow, L50|100/100\n|switch|p2b: Dragonite|Dragonite, L50, M|100/100\n|-ability|p2a: Calyrex|As One\n|-ability|p2a: Calyrex|Unnerve\n|-ability|p1a: Calyrex|As One\n|-ability|p1a: Calyrex|Unnerve\n|-ability|p1b: Incineroar|Intimidate|boost\n|-unboost|p2a: Calyrex|atk|1\n|-fail|p2b: Dragonite|unboost|Attack|[from] ability: Inner Focus|[of] p2b: Dragonite\n|turn|1\n|inactive|circleming has 30 seconds left.\n|\n|t:|1772644158\n|switch|p2a: Zamazenta|Zamazenta-Crowned, L50|100/100\n|-ability|p2a: Zamazenta|Dauntless Shield|boost\n|-boost|p2a: Zamazenta|def|1\n|-terastallize|p2b: Dragonite|Normal\n|move|p1a: Calyrex|Protect|p1a: Calyrex\n|-singleturn|p1a: Calyrex|Protect\n|move|p2b: Dragonite|Extreme Speed|p1b: Incineroar\n|-damage|p1b: Incineroar|45/100\n|move|p1b: Incineroar|U-turn|p2b: Dragonite\n|-damage|p2b: Dragonite|81/100\n|\n|t:|1772644172\n|switch|p1b: Rillaboom|Rillaboom, L50, F, shiny|100/100|[from] U-turn\n|-fieldstart|move: Grassy Terrain|[from] ability: Grassy Surge|[of] p1b: Rillaboom\n|\n|-heal|p2b: Dragonite|88/100|[from] Grassy Terrain\n|upkeep\n|turn|2\n|\n|t:|1772644190\n|move|p1b: Rillaboom|Fake Out|p2a: Zamazenta\n|-resisted|p2a: Zamazenta\n|-damage|p2a: Zamazenta|98/100\n|move|p2b: Dragonite|Extreme Speed|p1b: Rillaboom\n|-damage|p1b: Rillaboom|36/100\n|move|p1a: Calyrex|Nasty Plot|p1a: Calyrex\n|-boost|p1a: Calyrex|spa|2\n|cant|p2a: Zamazenta|flinch\n|\n|-heal|p2a: Zamazenta|100/100|[from] Grassy Terrain\n|-heal|p1b: Rillaboom|42/100|[from] Grassy Terrain\n|-heal|p2b: Dragonite|94/100|[from] Grassy Terrain\n|upkeep\n|turn|3\n|inactive|circleming has 30 seconds left.\n|inactive|circleming has 20 seconds left.\n|inactive|circleming has 15 seconds left.\n|inactive|circleming has 10 seconds left.\n|\n|t:|1772644240\n|move|p2b: Dragonite|Extreme Speed|p1b: Rillaboom\n|-damage|p1b: Rillaboom|0 fnt\n|faint|p1b: Rillaboom\n|move|p1a: Calyrex|Psychic|p2a: Zamazenta\n|-damage|p2a: Zamazenta|0 fnt\n|faint|p2a: Zamazenta\n|-ability|p1a: Calyrex|Grim Neigh|boost\n|-boost|p1a: Calyrex|spa|1\n|-damage|p1a: Calyrex|91/100|[from] item: Life Orb\n|\n|-heal|p1a: Calyrex|97/100|[from] Grassy Terrain\n|-heal|p2b: Dragonite|99/100|[from] Grassy Terrain\n|upkeep\n|\n|t:|1772644254\n|switch|p2a: Calyrex|Calyrex-Shadow, L50|100/100\n|switch|p1b: Clefairy|Clefairy, L50, F, shiny|100/100\n|-ability|p2a: Calyrex|As One\n|-ability|p2a: Calyrex|Unnerve\n|turn|4\n|\n|t:|1772644270\n|move|p1a: Calyrex|Protect|p1a: Calyrex\n|-singleturn|p1a: Calyrex|Protect\n|move|p1b: Clefairy|Protect|p1b: Clefairy\n|-singleturn|p1b: Clefairy|Protect\n|move|p2b: Dragonite|Extreme Speed|p1a: Calyrex\n|-activate|p1a: Calyrex|move: Protect\n|move|p2a: Calyrex|Astral Barrage|p1b: Clefairy|[spread] \n|-activate|p1a: Calyrex|move: Protect\n|-activate|p1b: Clefairy|move: Protect\n|\n|-heal|p1a: Calyrex|100/100|[from] Grassy Terrain\n|-heal|p2b: Dragonite|100/100|[from] Grassy Terrain\n|upkeep\n|turn|5\n|\n|t:|1772644293\n|-terastallize|p1a: Calyrex|Dark\n|move|p2b: Dragonite|Extreme Speed|p1a: Calyrex\n|-damage|p1a: Calyrex|38/100\n|move|p2a: Calyrex|Astral Barrage|p1a: Calyrex|[spread] p1a,p1b\n|-resisted|p1a: Calyrex\n|-damage|p1a: Calyrex|18/100\n|-damage|p1b: Clefairy|49/100\n|move|p1a: Calyrex|Psychic|p2b: Dragonite\n|-damage|p2b: Dragonite|0 fnt\n|faint|p2b: Dragonite\n|-ability|p1a: Calyrex|Grim Neigh|boost\n|-boost|p1a: Calyrex|spa|1\n|-damage|p1a: Calyrex|8/100|[from] item: Life Orb\n|move|p1b: Clefairy|Encore|p2a: Calyrex\n|-start|p2a: Calyrex|Encore\n|\n|-heal|p1a: Calyrex|14/100|[from] Grassy Terrain\n|-heal|p1b: Clefairy|55/100|[from] Grassy Terrain\n|-fieldend|move: Grassy Terrain\n|upkeep\n|\n|t:|1772644310\n|switch|p2b: Chien-Pao|Chien-Pao, L50|100/100\n|-ability|p2b: Chien-Pao|Sword of Ruin\n|turn|6\n|\n|t:|1772644317\n|switch|p1b: Incineroar|Incineroar, L50, F, shiny|45/100\n|-ability|p1b: Incineroar|Intimidate|boost\n|-unboost|p2a: Calyrex|atk|1\n|-unboost|p2b: Chien-Pao|atk|1\n|move|p1a: Calyrex|Protect|p1a: Calyrex\n|-singleturn|p1a: Calyrex|Protect\n|move|p2a: Calyrex|Astral Barrage|p1a: Calyrex|[spread] p1b\n|-activate|p1a: Calyrex|move: Protect\n|-resisted|p1b: Incineroar\n|-damage|p1b: Incineroar|19/100\n|move|p2b: Chien-Pao|Ice Spinner|p1b: Incineroar\n|-resisted|p1b: Incineroar\n|-damage|p1b: Incineroar|6/100\n|\n|upkeep\n|turn|7\n|-message|circleming forfeited.\n|\n|win|Pokemonst3r\n|raw|circleming's rating: 1433 &rarr; <strong>1416</strong><br />(-17 for losing)\n|raw|Pokemonst3r's rating: 1485 &rarr; <strong>1502</strong><br />(+17 for winning)\n|l|\u2606circleming\n|player|p1|\n|l|\u2606Pokemonst3r\n|player|p2|\n","uploadtime":1772644577,"views":13,"formatid":"gen9vgc2026regi","rating":1416,"private":0,"password":null}