{"id":"gen9vgc2026regi-2543577328","format":"[Gen 9] VGC 2026 Reg I","players":["mohammed mo7trf","j0l0k0"],"log":"|j|\u2606mohammed mo7trf\n|j|\u2606j0l0k0\n|t:|1771595313\n|gametype|doubles\n|player|p1|mohammed mo7trf|nate|1349\n|player|p2|j0l0k0|brycen|1405\n|gen|9\n|tier|[Gen 9] VGC 2026 Reg I\n|rated|\n|rule|Species Clause: Limit one of each Pok\u00e9mon\n|rule|Item Clause: Limit 1 of each item\n|clearpoke\n|poke|p1|Kyurem-White, L50|\n|poke|p1|Zamazenta-*, L50|\n|poke|p1|Rillaboom, L50, M|\n|poke|p1|Incineroar, L50, M|\n|poke|p1|Ninetales-Alola, L50, F|\n|poke|p1|Tornadus, L50, M|\n|poke|p2|Calyrex-Ice, L50|\n|poke|p2|Kyogre, L50|\n|poke|p2|Indeedee-F, L50, F|\n|poke|p2|Urshifu-*, L50, F|\n|poke|p2|Amoonguss, L50, F|\n|poke|p2|Landorus, L50, M|\n|teampreview|4\n|inactive|Battle timer is ON: inactive players will automatically lose when time's up. (requested by j0l0k0)\n|inactive|j0l0k0 has 60 seconds left.\n|\n|t:|1771595347\n|teamsize|p1|4\n|teamsize|p2|4\n|start\n|switch|p1a: Kyurem|Kyurem-White, L50, shiny|100/100\n|switch|p1b: Incineroar|Incineroar, L50, M, shiny|100/100\n|switch|p2a: Indeedee|Indeedee-F, L50, F, shiny|100/100\n|switch|p2b: Calyrex|Calyrex-Ice, L50|100/100\n|-ability|p2b: Calyrex|As One\n|-ability|p2b: Calyrex|Unnerve\n|-ability|p1a: Kyurem|Turboblaze\n|-fieldstart|move: Psychic Terrain|[from] ability: Psychic Surge|[of] p2a: Indeedee\n|-ability|p1b: Incineroar|Intimidate|boost\n|-unboost|p2a: Indeedee|atk|1\n|-fail|p2b: Calyrex|unboost|[from] item: Clear Amulet|[of] p2b: Calyrex\n|turn|1\n|\n|t:|1771595367\n|move|p2a: Indeedee|Follow Me|p2a: Indeedee\n|-singleturn|p2a: Indeedee|move: Follow Me\n|move|p1a: Kyurem|Freeze-Dry|p2a: Indeedee\n|-crit|p2a: Indeedee\n|-damage|p2a: Indeedee|43/100\n|move|p1b: Incineroar|Knock Off|p2a: Indeedee\n|-supereffective|p2a: Indeedee\n|-damage|p2a: Indeedee|0 fnt\n|-enditem|p2a: Indeedee|Safety Goggles|[from] move: Knock Off|[of] p1b: Incineroar\n|faint|p2a: Indeedee\n|move|p2b: Calyrex|Trick Room|p2b: Calyrex\n|-fieldstart|move: Trick Room|[of] p2b: Calyrex\n|\n|upkeep\n|\n|t:|1771595378\n|switch|p2a: Kyogre|Kyogre, L50, shiny|100/100\n|-weather|RainDance|[from] ability: Drizzle|[of] p2a: Kyogre\n|turn|2\n|\n|t:|1771595387\n|switch|p1b: Ninetales|Ninetales-Alola, L50, F, shiny|100/100\n|-weather|Snowscape|[from] ability: Snow Warning|[of] p1b: Ninetales\n|move|p2b: Calyrex|Glacial Lance|p1a: Kyurem|[spread] p1a,p1b\n|-resisted|p1b: Ninetales\n|-damage|p1a: Kyurem|66/100\n|-damage|p1b: Ninetales|76/100\n|move|p2a: Kyogre|Hydro Pump|p1b: Ninetales\n|-damage|p1b: Ninetales|4/100\n|move|p1a: Kyurem|Freeze-Dry|p2a: Kyogre\n|-supereffective|p2a: Kyogre\n|-damage|p2a: Kyogre|59/100\n|\n|-weather|Snowscape|[upkeep]\n|upkeep\n|turn|3\n|inactive|mohammed mo7trf has 30 seconds left.\n|inactive|j0l0k0 has 30 seconds left.\n|inactive|j0l0k0 has 20 seconds left.\n|\n|t:|1771595423\n|move|p1b: Ninetales|Protect|p1b: Ninetales\n|-singleturn|p1b: Ninetales|Protect\n|move|p2b: Calyrex|Glacial Lance|p1a: Kyurem|[spread] p1a\n|-activate|p1b: Ninetales|move: Protect\n|-damage|p1a: Kyurem|30/100\n|move|p2a: Kyogre|Ice Beam|p1a: Kyurem\n|-damage|p1a: Kyurem|10/100\n|move|p1a: Kyurem|Shadow Ball|p2b: Calyrex\n|-supereffective|p2b: Calyrex\n|-damage|p2b: Calyrex|53/100\n|\n|-weather|Snowscape|[upkeep]\n|upkeep\n|turn|4\n|\n|t:|1771595438\n|switch|p2a: Amoonguss|Amoonguss, L50, F, shiny|100/100\n|switch|p1a: Zamazenta|Zamazenta-Crowned, L50, shiny|100/100\n|-ability|p1a: Zamazenta|Dauntless Shield|boost\n|-boost|p1a: Zamazenta|def|1\n|switch|p1b: Incineroar|Incineroar, L50, M, shiny|100/100\n|-ability|p1b: Incineroar|Intimidate|boost\n|-unboost|p2a: Amoonguss|atk|1\n|-fail|p2b: Calyrex|unboost|[from] item: Clear Amulet|[of] p2b: Calyrex\n|move|p2b: Calyrex|Glacial Lance|p1a: Zamazenta|[spread] p1a,p1b\n|-resisted|p1a: Zamazenta\n|-resisted|p1b: Incineroar\n|-damage|p1a: Zamazenta|88/100\n|-damage|p1b: Incineroar|73/100\n|\n|-weather|Snowscape|[upkeep]\n|upkeep\n|turn|5\n|inactive|mohammed mo7trf has 30 seconds left.\n|\n|t:|1771595465\n|switch|p1a: Ninetales|Ninetales-Alola, L50, F, shiny|4/100\n|move|p2a: Amoonguss|Spore|p1a: Ninetales\n|-status|p1a: Ninetales|slp|[from] move: Spore\n|move|p2b: Calyrex|Close Combat|p1b: Incineroar\n|-supereffective|p1b: Incineroar\n|-damage|p1b: Incineroar|0 fnt\n|-unboost|p2b: Calyrex|def|1\n|-unboost|p2b: Calyrex|spd|1\n|faint|p1b: Incineroar\n|-ability|p2b: Calyrex|Chilling Neigh|boost\n|-boost|p2b: Calyrex|atk|1\n|\n|-weather|Snowscape|[upkeep]\n|-fieldend|move: Trick Room\n|-fieldend|move: Psychic Terrain\n|upkeep\n|\n|t:|1771595474\n|switch|p1b: Kyurem|Kyurem-White, L50, shiny|10/100\n|-ability|p1b: Kyurem|Turboblaze\n|turn|6\n|\n|t:|1771595483\n|switch|p1a: Zamazenta|Zamazenta-Crowned, L50, shiny|88/100\n|move|p2a: Amoonguss|Rage Powder|p2a: Amoonguss\n|-singleturn|p2a: Amoonguss|move: Rage Powder\n|move|p1b: Kyurem|Blizzard|p2a: Amoonguss|[spread] p2a,p2b\n|-supereffective|p2a: Amoonguss\n|-resisted|p2b: Calyrex\n|-damage|p2a: Amoonguss|0 fnt\n|-damage|p2b: Calyrex|21/100\n|faint|p2a: Amoonguss\n|move|p2b: Calyrex|Trick Room|p2b: Calyrex\n|-fieldstart|move: Trick Room|[of] p2b: Calyrex\n|\n|-weather|none\n|upkeep\n|\n|t:|1771595491\n|switch|p2a: Kyogre|Kyogre, L50, shiny|59/100\n|-weather|RainDance|[from] ability: Drizzle|[of] p2a: Kyogre\n|turn|7\n|\n|t:|1771595503\n|switch|p1b: Ninetales|Ninetales-Alola, L50, F, shiny|4/100 slp\n|-weather|Snowscape|[from] ability: Snow Warning|[of] p1b: Ninetales\n|move|p2b: Calyrex|Close Combat|p1b: Ninetales\n|-damage|p1b: Ninetales|0 fnt\n|-unboost|p2b: Calyrex|def|1\n|-unboost|p2b: Calyrex|spd|1\n|faint|p1b: Ninetales\n|-ability|p2b: Calyrex|Chilling Neigh|boost\n|-boost|p2b: Calyrex|atk|1\n|move|p2a: Kyogre|Hydro Pump|p1a: Zamazenta\n|-damage|p1a: Zamazenta|47/100\n|move|p1a: Zamazenta|Body Press|p2a: Kyogre\n|-damage|p2a: Kyogre|18/100\n|\n|-weather|Snowscape|[upkeep]\n|upkeep\n|\n|t:|1771595519\n|switch|p1b: Kyurem|Kyurem-White, L50, shiny|10/100\n|-ability|p1b: Kyurem|Turboblaze\n|turn|8\n|\n|t:|1771595528\n|move|p1a: Zamazenta|Wide Guard|p1a: Zamazenta\n|-singleturn|p1a: Zamazenta|Wide Guard\n|move|p2b: Calyrex|Close Combat|p1a: Zamazenta\n|-supereffective|p1a: Zamazenta\n|-damage|p1a: Zamazenta|0 fnt\n|-unboost|p2b: Calyrex|def|1\n|-unboost|p2b: Calyrex|spd|1\n|faint|p1a: Zamazenta\n|-ability|p2b: Calyrex|Chilling Neigh|boost\n|-boost|p2b: Calyrex|atk|1\n|move|p2a: Kyogre|Ice Beam|p1b: Kyurem\n|-damage|p1b: Kyurem|0 fnt\n|faint|p1b: Kyurem\n|\n|win|j0l0k0\n|raw|mohammed mo7trf's rating: 1349 &rarr; <strong>1332</strong><br />(-17 for losing)\n|raw|j0l0k0's rating: 1405 &rarr; <strong>1422</strong><br />(+17 for winning)\n|l|\u2606mohammed mo7trf\n|player|p1|\n","uploadtime":1771595699,"views":20,"formatid":"gen9vgc2026regi","rating":1332,"private":0,"password":null}