{"id":"gen9vgc2026regi-2518521942","format":"[Gen 9] VGC 2026 Reg I","players":["dasabe\u76d6\u6b27\u5361\u4fa0","ricer33"],"log":"|j|\u2606dasabe\u76d6\u6b27\u5361\u4fa0\n|j|\u2606ricer33\n|t:|1768400791\n|gametype|doubles\n|player|p1|dasabe\u76d6\u6b27\u5361\u4fa0|may-masters4|1414\n|player|p2|ricer33|marley|1390\n|gen|9\n|tier|[Gen 9] VGC 2026 Reg I\n|rated|\n|rule|Species Clause: Limit one of each Pok\u00e9mon\n|rule|Item Clause: Limit 1 of each item\n|clearpoke\n|poke|p1|Groudon, L50|\n|poke|p1|Chi-Yu, L50|\n|poke|p1|Flutter Mane, L50|\n|poke|p1|Jumpluff, L50, F|\n|poke|p1|Lunala, L50|\n|poke|p1|Indeedee-F, L50, F|\n|poke|p2|Indeedee-F, L50, F|\n|poke|p2|Pelipper, L50, F|\n|poke|p2|Kyogre, L50|\n|poke|p2|Volcarona, L50, F|\n|poke|p2|Calyrex-Ice, L50|\n|poke|p2|Smeargle, L50, F|\n|teampreview|4\n|j| Rege1\n|l| Rege1\n|inactive|Battle timer is ON: inactive players will automatically lose when time's up. (requested by ricer33)\n|\n|t:|1768400816\n|teamsize|p1|4\n|teamsize|p2|4\n|start\n|switch|p1a: P\u56fa\u771f\u5927|Groudon, L50|100/100\n|switch|p1b: \u6211\u6709\u7389\u9c7c\u75c7|Chi-Yu, L50|100/100\n|switch|p2a: Calyrex|Calyrex-Ice, L50|100/100\n|switch|p2b: Smeargle|Smeargle, L50, F, shiny|100/100\n|-ability|p2a: Calyrex|As One\n|-ability|p2a: Calyrex|Unnerve\n|-ability|p1b: \u6211\u6709\u7389\u9c7c\u75c7|Beads of Ruin\n|-weather|SunnyDay|[from] ability: Drought|[of] p1a: P\u56fa\u771f\u5927\n|turn|1\n|j| Dondozo818d\n|inactive|ricer33 has 30 seconds left.\n|\n|t:|1768400849\n|switch|p2b: Pelipper|Pelipper, L50, F|100/100\n|-weather|RainDance|[from] ability: Drizzle|[of] p2b: Pelipper\n|move|p1b: \u6211\u6709\u7389\u9c7c\u75c7|Heat Wave|p2a: Calyrex|[spread] p2a,p2b\n|-supereffective|p2a: Calyrex\n|-resisted|p2b: Pelipper\n|-damage|p2a: Calyrex|77/100\n|-damage|p2b: Pelipper|83/100\n|move|p1a: P\u56fa\u771f\u5927|Rock Slide|p2b: Pelipper|[spread] p2a,p2b\n|-supereffective|p2a: Calyrex\n|-supereffective|p2b: Pelipper\n|-damage|p2a: Calyrex|34/100\n|-damage|p2b: Pelipper|3/100\n|move|p2a: Calyrex|Glacial Lance|p1b: \u6211\u6709\u7389\u9c7c\u75c7|[spread] p1a,p1b\n|-supereffective|p1a: P\u56fa\u771f\u5927\n|-resisted|p1b: \u6211\u6709\u7389\u9c7c\u75c7\n|-damage|p1a: P\u56fa\u771f\u5927|14/100\n|-damage|p1b: \u6211\u6709\u7389\u9c7c\u75c7|57/100\n|\n|-weather|RainDance|[upkeep]\n|upkeep\n|turn|2\n|\n|t:|1768400871\n|switch|p1a: \u9732\u51a0\u65f6\u95f4\u5230\u62c9|Lunala, L50|100/100\n|move|p2b: Pelipper|Wide Guard|p2b: Pelipper\n|-singleturn|p2b: Pelipper|Wide Guard\n|move|p1b: \u6211\u6709\u7389\u9c7c\u75c7|Heat Wave|p2a: Calyrex|[spread] \n|-activate|p2a: Calyrex|move: Wide Guard\n|-activate|p2b: Pelipper|move: Wide Guard\n|move|p2a: Calyrex|Glacial Lance|p1b: \u6211\u6709\u7389\u9c7c\u75c7|[spread] p1a,p1b\n|-resisted|p1b: \u6211\u6709\u7389\u9c7c\u75c7\n|-damage|p1a: \u9732\u51a0\u65f6\u95f4\u5230\u62c9|77/100\n|-damage|p1b: \u6211\u6709\u7389\u9c7c\u75c7|14/100\n|\n|-weather|RainDance|[upkeep]\n|upkeep\n|turn|3\n|\n|t:|1768400885\n|-terastallize|p2a: Calyrex|Grass\n|move|p2b: Pelipper|Wide Guard|p2b: Pelipper\n|-singleturn|p2b: Pelipper|Wide Guard\n|move|p1b: \u6211\u6709\u7389\u9c7c\u75c7|Heat Wave|p2a: Calyrex|[spread] \n|-activate|p2a: Calyrex|move: Wide Guard\n|-activate|p2b: Pelipper|move: Wide Guard\n|move|p1a: \u9732\u51a0\u65f6\u95f4\u5230\u62c9|Meteor Beam||[still]\n|-prepare|p1a: \u9732\u51a0\u65f6\u95f4\u5230\u62c9|Meteor Beam\n|-boost|p1a: \u9732\u51a0\u65f6\u95f4\u5230\u62c9|spa|1\n|-enditem|p1a: \u9732\u51a0\u65f6\u95f4\u5230\u62c9|Power Herb\n|-anim|p1a: \u9732\u51a0\u65f6\u95f4\u5230\u62c9|Meteor Beam|p2a: Calyrex\n|-damage|p2a: Calyrex|0 fnt\n|faint|p2a: Calyrex\n|\n|-weather|RainDance|[upkeep]\n|upkeep\n|\n|t:|1768400900\n|switch|p2a: Kyogre|Kyogre, L50|100/100\n|turn|4\n|\n|t:|1768400911\n|switch|p1b: P\u56fa\u771f\u5927|Groudon, L50|14/100\n|-weather|SunnyDay|[from] ability: Drought|[of] p1b: P\u56fa\u771f\u5927\n|-terastallize|p1a: \u9732\u51a0\u65f6\u95f4\u5230\u62c9|Water\n|move|p2b: Pelipper|Wide Guard|p2b: Pelipper\n|-singleturn|p2b: Pelipper|Wide Guard\n|move|p2a: Kyogre|Hydro Pump|p1a: \u9732\u51a0\u65f6\u95f4\u5230\u62c9\n|-resisted|p1a: \u9732\u51a0\u65f6\u95f4\u5230\u62c9\n|-damage|p1a: \u9732\u51a0\u65f6\u95f4\u5230\u62c9|66/100\n|move|p1a: \u9732\u51a0\u65f6\u95f4\u5230\u62c9|Moongeist Beam|p2a: Kyogre\n|-damage|p2a: Kyogre|30/100\n|\n|-weather|SunnyDay|[upkeep]\n|upkeep\n|turn|5\n|\n|t:|1768400926\n|switch|p2a: Smeargle|Smeargle, L50, F, shiny|100/100\n|switch|p1b: \u9646\u7ffc\u53d1|Flutter Mane, L50|100/100\n|-activate|p1b: \u9646\u7ffc\u53d1|ability: Protosynthesis\n|-start|p1b: \u9646\u7ffc\u53d1|protosynthesisspe\n|move|p2b: Pelipper|Protect||[still]\n|-fail|p2b: Pelipper\n|move|p1a: \u9732\u51a0\u65f6\u95f4\u5230\u62c9|Expanding Force|p2b: Pelipper\n|-damage|p2b: Pelipper|0 fnt\n|faint|p2b: Pelipper\n|\n|-weather|SunnyDay|[upkeep]\n|-ability|p2a: Smeargle|Moody|boost\n|-boost|p2a: Smeargle|spa|2\n|-unboost|p2a: Smeargle|spd|1\n|upkeep\n|-message|ricer33 forfeited.\n|\n|win|dasabe\u76d6\u6b27\u5361\u4fa0\n|raw|dasabe\u76d6\u6b27\u5361\u4fa0's rating: 1414 &rarr; <strong>1433</strong><br />(+19 for winning)\n|raw|ricer33's rating: 1390 &rarr; <strong>1371</strong><br />(-19 for losing)\n|l|\u2606ricer33\n|player|p2|\n|l| Dondozo818d\n|j| TTTAAATTT00\n|j| blackred123\u5415\u5e03\u4fa0\n|l|\u2606dasabe\u76d6\u6b27\u5361\u4fa0\n|player|p1|\n|l| TTTAAATTT00\n","uploadtime":1768400941,"views":19,"formatid":"gen9vgc2026regi","rating":1371,"private":0,"password":null}