{"id":"gen9vgc2026regi-2560858870","format":"[Gen 9] VGC 2026 Reg I","players":["swordsdanceurshifu","Nahro1001"],"log":"|j|\u2606swordsdanceurshifu\n|j|\u2606Nahro1001\n|t:|1773738831\n|gametype|doubles\n|player|p1|swordsdanceurshifu|170|1295\n|player|p2|Nahro1001|101|1354\n|gen|9\n|tier|[Gen 9] VGC 2026 Reg I\n|rated|\n|rule|Species Clause: Limit one of each Pok\u00e9mon\n|rule|Item Clause: Limit 1 of each item\n|clearpoke\n|poke|p1|Miraidon, L50|\n|poke|p1|Koraidon, L50|\n|poke|p1|Flutter Mane, L50|\n|poke|p1|Landorus, L50, M|\n|poke|p1|Toxapex, L50, F|\n|poke|p1|Incineroar, L50, M|\n|poke|p2|Zamazenta-*, L50|\n|poke|p2|Chien-Pao, L50|\n|poke|p2|Miraidon, L50|\n|poke|p2|Whimsicott, L50, F|\n|poke|p2|Iron Hands, L50|\n|poke|p2|Volcarona, L50, F|\n|teampreview|4\n|inactive|Battle timer is ON: inactive players will automatically lose when time's up. (requested by swordsdanceurshifu)\n|inactive|swordsdanceurshifu has 60 seconds left.\n|inactive|Nahro1001 has 60 seconds left.\n|inactive|swordsdanceurshifu has 30 seconds left.\n|inactive|Nahro1001 has 30 seconds left.\n|inactive|swordsdanceurshifu has 20 seconds left.\n|inactive|Nahro1001 has 20 seconds left.\n|inactive|swordsdanceurshifu has 15 seconds left.\n|inactive|Nahro1001 has 15 seconds left.\n|inactive|swordsdanceurshifu has 10 seconds left.\n|inactive|swordsdanceurshifu has 5 seconds left.\n|\n|t:|1773738918\n|teamsize|p1|4\n|teamsize|p2|4\n|start\n|switch|p1a: Flutter Mane|Flutter Mane, L50|100/100\n|switch|p1b: Landorus|Landorus, L50, M|100/100\n|switch|p2a: Iron Hands|Iron Hands, L50, shiny|100/100\n|switch|p2b: Volcarona|Volcarona, L50, F, shiny|100/100\n|turn|1\n|\n|t:|1773738935\n|move|p2a: Iron Hands|Fake Out|p1b: Landorus\n|-damage|p1b: Landorus|84/100\n|move|p1a: Flutter Mane|Moonblast|p2a: Iron Hands\n|-supereffective|p2a: Iron Hands\n|-crit|p2a: Iron Hands\n|-damage|p2a: Iron Hands|15/100\n|cant|p1b: Landorus|flinch\n|move|p2b: Volcarona|Quiver Dance|p2b: Volcarona\n|-boost|p2b: Volcarona|spa|1\n|-boost|p2b: Volcarona|spd|1\n|-boost|p2b: Volcarona|spe|1\n|\n|upkeep\n|turn|2\n|\n|t:|1773738960\n|-end|p2a: Iron Hands|Quark Drive|[silent]\n|switch|p2a: Zamazenta|Zamazenta-Crowned, L50, shiny|100/100\n|-ability|p2a: Zamazenta|Dauntless Shield|boost\n|-boost|p2a: Zamazenta|def|1\n|move|p2b: Volcarona|Giga Drain|p1b: Landorus\n|-damage|p1b: Landorus|46/100\n|move|p1a: Flutter Mane|Icy Wind|p2a: Zamazenta|[spread] p2a,p2b\n|-resisted|p2a: Zamazenta\n|-resisted|p2b: Volcarona\n|-damage|p2a: Zamazenta|96/100\n|-damage|p2b: Volcarona|96/100\n|-unboost|p2a: Zamazenta|spe|1\n|-unboost|p2b: Volcarona|spe|1\n|move|p1b: Landorus|Earth Power|p2b: Volcarona\n|-damage|p2b: Volcarona|52/100\n|\n|upkeep\n|turn|3\n|inactive|Nahro1001 has 30 seconds left.\n|\n|t:|1773738990\n|-terastallize|p2a: Zamazenta|Water\n|move|p1a: Flutter Mane|Protect|p1a: Flutter Mane\n|-singleturn|p1a: Flutter Mane|Protect\n|move|p1b: Landorus|Protect|p1b: Landorus\n|-singleturn|p1b: Landorus|Protect\n|move|p2b: Volcarona|Protect|p2b: Volcarona\n|-singleturn|p2b: Volcarona|Protect\n|move|p2a: Zamazenta|Behemoth Bash|p1a: Flutter Mane\n|-activate|p1a: Flutter Mane|move: Protect\n|\n|upkeep\n|turn|4\n|\n|t:|1773739008\n|move|p1a: Flutter Mane|Shadow Ball|p2b: Volcarona\n|-damage|p2b: Volcarona|27/100\n|move|p1b: Landorus|Earth Power|p2b: Volcarona\n|-damage|p2b: Volcarona|0 fnt\n|faint|p2b: Volcarona\n|move|p2a: Zamazenta|Behemoth Bash|p1a: Flutter Mane\n|-supereffective|p1a: Flutter Mane\n|-enditem|p1a: Flutter Mane|Focus Sash\n|-damage|p1a: Flutter Mane|1/100\n|\n|upkeep\n|\n|t:|1773739020\n|switch|p2b: Iron Hands|Iron Hands, L50, shiny|15/100\n|turn|5\n|\n|t:|1773739032\n|-end|p2b: Iron Hands|Quark Drive|[silent]\n|switch|p2b: Miranda|Miraidon, L50, shiny|100/100\n|-fieldstart|move: Electric Terrain|[from] ability: Hadron Engine|[of] p2b: Miranda\n|move|p1a: Flutter Mane|Protect|p1a: Flutter Mane\n|-singleturn|p1a: Flutter Mane|Protect\n|move|p1b: Landorus|Protect|p1b: Landorus\n|-singleturn|p1b: Landorus|Protect\n|move|p2a: Zamazenta|Behemoth Bash|p1b: Landorus\n|-activate|p1b: Landorus|move: Protect\n|\n|upkeep\n|turn|6\n|inactive|Nahro1001 has 30 seconds left.\n|\n|t:|1773739061\n|switch|p2b: Iron Hands|Iron Hands, L50, shiny|15/100\n|-activate|p2b: Iron Hands|ability: Quark Drive\n|-start|p2b: Iron Hands|quarkdriveatk\n|move|p1a: Flutter Mane|Icy Wind|p2b: Iron Hands|[spread] p2a,p2b\n|-resisted|p2a: Zamazenta\n|-damage|p2a: Zamazenta|91/100\n|-damage|p2b: Iron Hands|6/100\n|-unboost|p2a: Zamazenta|spe|1\n|-unboost|p2b: Iron Hands|spe|1\n|move|p1b: Landorus|Earth Power|p2b: Iron Hands\n|-supereffective|p2b: Iron Hands\n|-damage|p2b: Iron Hands|0 fnt\n|faint|p2b: Iron Hands\n|-end|p2b: Iron Hands|Quark Drive|[silent]\n|move|p2a: Zamazenta|Behemoth Bash|p1a: Flutter Mane\n|-supereffective|p1a: Flutter Mane\n|-damage|p1a: Flutter Mane|0 fnt\n|faint|p1a: Flutter Mane\n|-end|p1a: Flutter Mane|Protosynthesis|[silent]\n|\n|upkeep\n|\n|t:|1773739077\n|switch|p1a: Miraidon|Miraidon, L50|100/100\n|switch|p2b: Miranda|Miraidon, L50, shiny|100/100\n|-activate|p1a: Miraidon|ability: Hadron Engine\n|-activate|p2b: Miranda|ability: Hadron Engine\n|turn|7\n|\n|t:|1773739096\n|move|p1a: Miraidon|Draco Meteor|p2b: Miranda\n|-supereffective|p2b: Miranda\n|-damage|p2b: Miranda|0 fnt\n|-unboost|p1a: Miraidon|spa|2\n|faint|p2b: Miranda\n|move|p1b: Landorus|Earth Power|p2a: Zamazenta\n|-damage|p2a: Zamazenta|40/100\n|move|p2a: Zamazenta|Behemoth Bash|p1b: Landorus\n|-damage|p1b: Landorus|4/100\n|\n|upkeep\n|turn|8\n|-message|Nahro1001 forfeited.\n|\n|win|swordsdanceurshifu\n|raw|swordsdanceurshifu's rating: 1295 &rarr; <strong>1324</strong><br />(+29 for winning)\n|raw|Nahro1001's rating: 1354 &rarr; <strong>1331</strong><br />(-23 for losing)\n|l|\u2606Nahro1001\n|player|p2|\n|l|\u2606swordsdanceurshifu\n|player|p1|\n|j|\u2606swordsdanceurshifu\n|player|p1|swordsdanceurshifu|170|\n","uploadtime":1773740185,"views":18,"formatid":"gen9vgc2026regi","rating":1324,"private":0,"password":null}