{"id":"gen9vgc2026regi-2589928727","format":"[Gen 9] VGC 2026 Reg I","players":["Shadow_stuiped58","stupid test7"],"log":"|j|\u2606Shadow_stuiped58\n|j|\u2606stupid test7\n|t:|1776774860\n|gametype|doubles\n|player|p1|Shadow_stuiped58|169|1111\n|player|p2|stupid test7|265|1202\n|gen|9\n|tier|[Gen 9] VGC 2026 Reg I\n|rated|\n|rule|Species Clause: Limit one of each Pok\u00e9mon\n|rule|Item Clause: Limit 1 of each item\n|clearpoke\n|poke|p1|Archaludon, L50, F|\n|poke|p1|Kyogre, L50|\n|poke|p1|Calyrex-Shadow, L50|\n|poke|p1|Amoonguss, L50, F|\n|poke|p1|Tornadus, L50, M|\n|poke|p1|Incineroar, L50, F|\n|poke|p2|Kyogre, L50|\n|poke|p2|Indeedee-F, L50, F|\n|poke|p2|Weezing-Galar, L50, M|\n|poke|p2|Urshifu-*, L50, M|\n|poke|p2|Calyrex-Ice, L50|\n|poke|p2|Wyrdeer, L50, M|\n|teampreview|4\n|inactive|Battle timer is ON: inactive players will automatically lose when time's up. (requested by Shadow_stuiped58)\nShadow_stuiped58 has agreed to open team sheets.\n|\n|t:|1776774936\n|teamsize|p1|4\n|teamsize|p2|4\n|start\n|switch|p1a: Calyrex|Calyrex-Shadow, L50|100/100\n|switch|p1b: Tornadus|Tornadus, L50, M|100/100\n|switch|p2a: Wyrdeer|Wyrdeer, L50, M|100/100\n|switch|p2b: Indeedee|Indeedee-F, L50, F|100/100\n|-ability|p1a: Calyrex|As One\n|-ability|p1a: Calyrex|Unnerve\n|-fieldstart|move: Psychic Terrain|[from] ability: Psychic Surge|[of] p2b: Indeedee\n|-enditem|p2b: Indeedee|Psychic Seed\n|-boost|p2b: Indeedee|spd|1|[from] item: Psychic Seed\n|-ability|p2a: Wyrdeer|Intimidate|boost\n|-unboost|p1a: Calyrex|atk|1\n|-unboost|p1b: Tornadus|atk|1\n|turn|1\n|inactive|Shadow_stuiped58 has 30 seconds left.\n|\n|t:|1776774963\n|switch|p1a: Kyogre|Kyogre, L50|100/100\n|-weather|RainDance|[from] ability: Drizzle|[of] p1a: Kyogre\n|move|p1b: Tornadus|Tailwind|p1b: Tornadus\n|-sidestart|p1: Shadow_stuiped58|move: Tailwind\n|move|p2a: Wyrdeer|Gravity|p2a: Wyrdeer\n|-fieldstart|move: Gravity\n|move|p2b: Indeedee|Trick Room|p2b: Indeedee\n|-fieldstart|move: Trick Room|[of] p2b: Indeedee\n|\n|-weather|RainDance|[upkeep]\n|upkeep\n|turn|2\n|\n|t:|1776774982\n|move|p1b: Tornadus|Taunt|p2b: Indeedee\n|-activate|p2b: Indeedee|move: Psychic Terrain\n|move|p2a: Wyrdeer|Hypnosis|p1a: Kyogre\n|-status|p1a: Kyogre|slp|[from] move: Hypnosis\n|move|p2b: Indeedee|Baton Pass|p2b: Indeedee\n|\n|t:|1776774987\n|switch|p2b: Calyrex|Calyrex-Ice, L50|100/100|[from] Baton Pass\n|-ability|p2b: Calyrex|As One\n|-ability|p2b: Calyrex|Unnerve\n|cant|p1a: Kyogre|slp\n|\n|-weather|RainDance|[upkeep]\n|upkeep\n|turn|3\n|\n|t:|1776775006\n|switch|p1a: Archaludon|Archaludon, L50, F, shiny|100/100\n|move|p1b: Tornadus|Taunt|p2a: Wyrdeer\n|-activate|p2a: Wyrdeer|move: Psychic Terrain\n|move|p2a: Wyrdeer|Hypnosis|p1b: Tornadus\n|-status|p1b: Tornadus|slp|[from] move: Hypnosis\n|move|p2b: Calyrex|Substitute|p2b: Calyrex\n|-start|p2b: Calyrex|Substitute\n|-damage|p2b: Calyrex|76/100\n|\n|-weather|RainDance|[upkeep]\n|-heal|p2b: Calyrex|82/100|[from] item: Leftovers\n|upkeep\n|turn|4\n|inactive|Shadow_stuiped58 has 30 seconds left.\n|\n|t:|1776775041\n|move|p2a: Wyrdeer|Hypnosis|p1a: Archaludon\n|-status|p1a: Archaludon|slp|[from] move: Hypnosis\n|move|p2b: Calyrex|Glacial Lance|p1b: Tornadus|[spread] p1a,p1b\n|-supereffective|p1b: Tornadus\n|-damage|p1a: Archaludon|66/100 slp\n|-damage|p1b: Tornadus|0 fnt\n|-ability|p1a: Archaludon|Stamina|boost\n|-boost|p1a: Archaludon|def|1\n|faint|p1b: Tornadus\n|-ability|p2b: Calyrex|Chilling Neigh|boost\n|-boost|p2b: Calyrex|atk|1\n|cant|p1a: Archaludon|slp\n|\n|-weather|RainDance|[upkeep]\n|-heal|p2b: Calyrex|87/100|[from] item: Leftovers\n|-sideend|p1: Shadow_stuiped58|move: Tailwind\n|upkeep\n|inactive|Shadow_stuiped58 has 30 seconds left.\n|\n|t:|1776775067\n|switch|p1b: Kyogre|Kyogre, L50|100/100 slp\n|turn|5\n|\n|t:|1776775078\n|move|p2a: Wyrdeer|Expanding Force|p1b: Kyogre|[spread] p1a,p1b\n|-resisted|p1a: Archaludon\n|-damage|p1a: Archaludon|49/100 slp\n|-damage|p1b: Kyogre|72/100 slp\n|-ability|p1a: Archaludon|Stamina|boost\n|-boost|p1a: Archaludon|def|1\n|move|p2b: Calyrex|Glacial Lance|p1a: Archaludon|[spread] p1a,p1b\n|-resisted|p1b: Kyogre\n|-damage|p1a: Archaludon|21/100 slp\n|-damage|p1b: Kyogre|34/100 slp\n|-ability|p1a: Archaludon|Stamina|boost\n|-boost|p1a: Archaludon|def|1\n|-curestatus|p1a: Archaludon|slp|[msg]\n|move|p1a: Archaludon|Electro Shot||[still]\n|-prepare|p1a: Archaludon|Electro Shot\n|-boost|p1a: Archaludon|spa|1\n|-anim|p1a: Archaludon|Electro Shot|p2b: Calyrex\n|-end|p2b: Calyrex|Substitute\n|cant|p1b: Kyogre|slp\n|\n|-weather|none\n|-heal|p2b: Calyrex|93/100|[from] item: Leftovers\n|-fieldend|move: Trick Room\n|-fieldend|move: Gravity\n|-fieldend|move: Psychic Terrain\n|upkeep\n|turn|6\n|inactive|Shadow_stuiped58 has 30 seconds left.\n|\n|t:|1776775108\n|switch|p1a: Calyrex|Calyrex-Shadow, L50|100/100\n|-ability|p1a: Calyrex|As One\n|-ability|p1a: Calyrex|Unnerve\n|cant|p1b: Kyogre|slp\n|move|p2b: Calyrex|Protect|p2b: Calyrex\n|-singleturn|p2b: Calyrex|Protect\n|move|p2a: Wyrdeer|Trick Room|p2a: Wyrdeer\n|-fieldstart|move: Trick Room|[of] p2a: Wyrdeer\n|\n|-heal|p2b: Calyrex|99/100|[from] item: Leftovers\n|upkeep\n|turn|7\n|inactive|Shadow_stuiped58 has 30 seconds left.\n|\n|t:|1776775141\n|switch|p1b: Archaludon|Archaludon, L50, F, shiny|21/100\n|-terastallize|p2b: Calyrex|Fairy\n|move|p2a: Wyrdeer|Gravity|p2a: Wyrdeer\n|-fieldstart|move: Gravity\n|move|p2b: Calyrex|Glacial Lance|p1b: Archaludon|[spread] p1a,p1b\n|-damage|p1a: Calyrex|4/100\n|-damage|p1b: Archaludon|0 fnt\n|faint|p1b: Archaludon\n|-ability|p2b: Calyrex|Chilling Neigh|boost\n|-boost|p2b: Calyrex|atk|1\n|move|p1a: Calyrex|Astral Barrage|p2b: Calyrex|[spread] p2b\n|-immune|p2a: Wyrdeer\n|-damage|p2b: Calyrex|74/100\n|\n|-heal|p2b: Calyrex|80/100|[from] item: Leftovers\n|upkeep\n|\n|t:|1776775164\n|switch|p1b: Kyogre|Kyogre, L50|34/100 slp\n|-weather|RainDance|[from] ability: Drizzle|[of] p1b: Kyogre\n|turn|8\n|-message|Shadow_stuiped58 forfeited.\n|\n|win|stupid test7\n|raw|Shadow_stuiped58's rating: 1111 &rarr; <strong>1092</strong><br />(-19 for losing)\n|raw|stupid test7's rating: 1202 &rarr; <strong>1221</strong><br />(+19 for winning)\n|l|\u2606Shadow_stuiped58\n|player|p1|\n|l|\u2606stupid test7\n|player|p2|\n","uploadtime":1776775561,"views":6,"formatid":"gen9vgc2026regi","rating":1092,"private":0,"password":null}