{"id":"gen9vgc2026regi-2562002388","format":"[Gen 9] VGC 2026 Reg I","players":["CHR1SPHX","lindsey453"],"log":"|j|\u2606CHR1SPHX\n|j|\u2606lindsey453\n|t:|1773862063\n|gametype|doubles\n|player|p1|CHR1SPHX|hilbert|1157\n|player|p2|lindsey453|rosa|1214\n|gen|9\n|tier|[Gen 9] VGC 2026 Reg I\n|rated|\n|rule|Species Clause: Limit one of each Pok\u00e9mon\n|rule|Item Clause: Limit 1 of each item\n|clearpoke\n|poke|p1|Flutter Mane, L50|\n|poke|p1|Incineroar, L50, M|\n|poke|p1|Ursaluna-Bloodmoon, L50, M|\n|poke|p1|Amoonguss, L50, M|\n|poke|p1|Koraidon, L50|\n|poke|p1|Lunala, L50|\n|poke|p2|Vespiquen, L50, F|\n|poke|p2|Tyranitar, L50, M|\n|poke|p2|Necrozma-Dawn-Wings, L50|\n|poke|p2|Zamazenta-*, L50|\n|poke|p2|Bruxish, L50, F|\n|poke|p2|Incineroar, L50, M|\n|teampreview|4\n|inactive|Battle timer is ON: inactive players will automatically lose when time's up. (requested by lindsey453)\n|inactive|CHR1SPHX also wants the timer to be on.\nCHR1SPHX has agreed to open team sheets.\n|inactive|lindsey453 has 60 seconds left.\n|\n|t:|1773862105\n|teamsize|p1|4\n|teamsize|p2|4\n|start\n|switch|p1a: Flutter Mane|Flutter Mane, L50|100/100\n|switch|p1b: Incineroar|Incineroar, L50, M|100/100\n|switch|p2a: Incineroar|Incineroar, L50, M|100/100\n|switch|p2b: Necrozma|Necrozma-Dawn-Wings, L50|100/100\n|-ability|p2a: Incineroar|Intimidate|boost\n|-unboost|p1a: Flutter Mane|atk|1\n|-unboost|p1b: Incineroar|atk|1\n|-ability|p1b: Incineroar|Intimidate|boost\n|-unboost|p2a: Incineroar|atk|1\n|-unboost|p2b: Necrozma|atk|1\n|turn|1\n|inactive|lindsey453 has 30 seconds left.\n|inactive|lindsey453 has 20 seconds left.\n|inactive|lindsey453 has 15 seconds left.\n|\n|t:|1773862149\n|-terastallize|p2b: Necrozma|Rock\n|move|p1a: Flutter Mane|Protect|p1a: Flutter Mane\n|-singleturn|p1a: Flutter Mane|Protect\n|move|p2a: Incineroar|Fake Out|p1b: Incineroar\n|-damage|p1b: Incineroar|94/100\n|cant|p1b: Incineroar|flinch\n|move|p2b: Necrozma|Trick Room|p2b: Necrozma\n|-fieldstart|move: Trick Room|[of] p2b: Necrozma\n|\n|upkeep\n|turn|2\n|inactive|CHR1SPHX has 30 seconds left.\n|inactive|CHR1SPHX has 20 seconds left.\n|inactive|CHR1SPHX has 15 seconds left.\n|\n|t:|1773862192\n|-end|p1a: Flutter Mane|Protosynthesis|[silent]\n|switch|p1a: Koraidon|Koraidon, L50|100/100\n|-weather|SunnyDay|[from] ability: Orichalcum Pulse|[of] p1a: Koraidon\n|-activate|p1a: Koraidon|Orichalcum Pulse|[source]\n|move|p1b: Incineroar|Parting Shot|p2b: Necrozma\n|-unboost|p2b: Necrozma|atk|1\n|-unboost|p2b: Necrozma|spa|1\n|\n|t:|1773862199\n|switch|p1b: Lunala|Lunala, L50, shiny|100/100|[from] Parting Shot\n|move|p2a: Incineroar|Parting Shot|p1a: Koraidon\n|-fail|p1a: Koraidon|unboost|[from] item: Clear Amulet|[of] p1a: Koraidon\n|move|p2b: Necrozma|Meteor Beam||[still]\n|-prepare|p2b: Necrozma|Meteor Beam\n|-boost|p2b: Necrozma|spa|1\n|-enditem|p2b: Necrozma|Power Herb\n|-anim|p2b: Necrozma|Meteor Beam|p1b: Lunala\n|-damage|p1b: Lunala|73/100\n|\n|-weather|SunnyDay|[upkeep]\n|upkeep\n|turn|3\n|\n|t:|1773862219\n|switch|p2a: Tyranitar|Tyranitar, L50, M|100/100\n|-weather|Sandstorm|[from] ability: Sand Stream|[of] p2a: Tyranitar\n|-terastallize|p1b: Lunala|Fairy\n|move|p2b: Necrozma|Photon Geyser|p1a: Koraidon\n|-supereffective|p1a: Koraidon\n|-damage|p1a: Koraidon|1/100\n|move|p1b: Lunala|Moonblast|p2b: Necrozma\n|-damage|p2b: Necrozma|74/100\n|move|p1a: Koraidon|Collision Course|p2b: Necrozma\n|-supereffective|p2b: Necrozma\n|-damage|p2b: Necrozma|2/100\n|\n|-weather|Sandstorm|[upkeep]\n|-damage|p1b: Lunala|67/100|[from] Sandstorm\n|-damage|p1a: Koraidon|0 fnt|[from] Sandstorm\n|faint|p1a: Koraidon\n|upkeep\n|\n|t:|1773862231\n|switch|p1a: Incineroar|Incineroar, L50, M|94/100\n|-ability|p1a: Incineroar|Intimidate|boost\n|-unboost|p2a: Tyranitar|atk|1\n|-unboost|p2b: Necrozma|atk|1\n|turn|4\n|inactive|lindsey453 has 30 seconds left.\n|\n|t:|1773862264\n|switch|p2a: Incineroar|Incineroar, L50, M|100/100\n|-ability|p2a: Incineroar|Intimidate|boost\n|-unboost|p1a: Incineroar|atk|1\n|-unboost|p1b: Lunala|atk|1\n|switch|p2b: Vespiquen|Vespiquen, L50, F|100/100\n|-ability|p2b: Vespiquen|Pressure\n|move|p1a: Incineroar|Fake Out|p2b: Vespiquen\n|-damage|p2b: Vespiquen|94/100\n|move|p1b: Lunala|Moonblast|p2a: Incineroar\n|-damage|p2a: Incineroar|59/100\n|\n|-weather|Sandstorm|[upkeep]\n|-damage|p2a: Incineroar|53/100|[from] Sandstorm\n|-damage|p1b: Lunala|60/100|[from] Sandstorm\n|upkeep\n|turn|5\n|\n|t:|1773862291\n|switch|p1b: Flutter Mane|Flutter Mane, L50|100/100\n|move|p2b: Vespiquen|Struggle Bug|p1b: Flutter Mane|[spread] p1a,p1b\n|-resisted|p1b: Flutter Mane\n|-damage|p1a: Incineroar|85/100\n|-damage|p1b: Flutter Mane|97/100\n|-unboost|p1a: Incineroar|spa|1\n|-unboost|p1b: Flutter Mane|spa|1\n|move|p1a: Incineroar|Knock Off|p2b: Vespiquen\n|-damage|p2b: Vespiquen|71/100\n|-enditem|p2b: Vespiquen|Safety Goggles|[from] move: Knock Off|[of] p1a: Incineroar\n|move|p2a: Incineroar|Taunt|p1a: Incineroar\n|-start|p1a: Incineroar|move: Taunt\n|\n|-weather|Sandstorm|[upkeep]\n|-damage|p2b: Vespiquen|66/100|[from] Sandstorm\n|-damage|p2a: Incineroar|47/100|[from] Sandstorm\n|-damage|p1b: Flutter Mane|91/100|[from] Sandstorm\n|-fieldend|move: Trick Room\n|upkeep\n|turn|6\n|\n|t:|1773862308\n|move|p1b: Flutter Mane|Dazzling Gleam|p2b: Vespiquen|[spread] p2a,p2b\n|-damage|p2a: Incineroar|28/100\n|-damage|p2b: Vespiquen|47/100\n|move|p2a: Incineroar|Knock Off|p1b: Flutter Mane\n|-damage|p1b: Flutter Mane|13/100\n|-enditem|p1b: Flutter Mane|Focus Sash|[from] move: Knock Off|[of] p2a: Incineroar\n|move|p1a: Incineroar|Knock Off|p2a: Incineroar\n|-resisted|p2a: Incineroar\n|-crit|p2a: Incineroar\n|-damage|p2a: Incineroar|6/100\n|-damage|p1a: Incineroar|69/100|[from] item: Rocky Helmet|[of] p2a: Incineroar\n|-enditem|p2a: Incineroar|Rocky Helmet|[from] move: Knock Off|[of] p1a: Incineroar\n|move|p2b: Vespiquen|Pollen Puff|p2a: Incineroar\n|-heal|p2a: Incineroar|56/100\n|\n|-weather|Sandstorm|[upkeep]\n|-damage|p1b: Flutter Mane|7/100|[from] Sandstorm\n|-damage|p2a: Incineroar|50/100|[from] Sandstorm\n|-damage|p2b: Vespiquen|41/100|[from] Sandstorm\n|upkeep\n|turn|7\n|\n|t:|1773862327\n|move|p1b: Flutter Mane|Protect|p1b: Flutter Mane\n|-singleturn|p1b: Flutter Mane|Protect\n|move|p2a: Incineroar|Knock Off|p1a: Incineroar\n|-resisted|p1a: Incineroar\n|-damage|p1a: Incineroar|52/100\n|-enditem|p1a: Incineroar|Safety Goggles|[from] move: Knock Off|[of] p2a: Incineroar\n|move|p1a: Incineroar|Knock Off|p2b: Vespiquen\n|-damage|p2b: Vespiquen|26/100\n|move|p2b: Vespiquen|Pollen Puff|p2a: Incineroar\n|-heal|p2a: Incineroar|99/100\n|\n|-weather|none\n|upkeep\n|turn|8\n|inactive|CHR1SPHX has 30 seconds left.\n|inactive|lindsey453 has 30 seconds left.\n|\n|t:|1773862355\n|move|p1b: Flutter Mane|Icy Wind|p2b: Vespiquen|[spread] p2a,p2b\n|-resisted|p2a: Incineroar\n|-supereffective|p2b: Vespiquen\n|-damage|p2a: Incineroar|96/100\n|-damage|p2b: Vespiquen|10/100\n|-unboost|p2a: Incineroar|spe|1\n|-unboost|p2b: Vespiquen|spe|1\n|move|p1a: Incineroar|Knock Off|p2a: Incineroar\n|-resisted|p2a: Incineroar\n|-damage|p2a: Incineroar|89/100\n|move|p2a: Incineroar|Knock Off|p1b: Flutter Mane\n|-damage|p1b: Flutter Mane|0 fnt\n|faint|p1b: Flutter Mane\n|-end|p1b: Flutter Mane|Protosynthesis|[silent]\n|move|p2b: Vespiquen|Pollen Puff|p2a: Incineroar\n|-heal|p2a: Incineroar|100/100\n|\n|-end|p1a: Incineroar|move: Taunt\n|upkeep\n|\n|t:|1773862362\n|switch|p1b: Lunala|Lunala, L50, shiny, tera:Fairy|60/100\n|turn|9\n|\n|t:|1773862379\n|move|p1b: Lunala|Moonblast|p2b: Vespiquen\n|-damage|p2b: Vespiquen|0 fnt\n|faint|p2b: Vespiquen\n|move|p1a: Incineroar|Parting Shot|p2a: Incineroar\n|-unboost|p2a: Incineroar|atk|1\n|-unboost|p2a: Incineroar|spa|1\n|move|p2a: Incineroar|Knock Off|p1b: Lunala\n|-resisted|p1b: Lunala\n|-damage|p1b: Lunala|52/100\n|-enditem|p1b: Lunala|Mental Herb|[from] move: Knock Off|[of] p2a: Incineroar\n|\n|upkeep\n|\n|t:|1773862393\n|switch|p2b: Tyranitar|Tyranitar, L50, M|100/100\n|-weather|Sandstorm|[from] ability: Sand Stream|[of] p2b: Tyranitar\n|turn|10\n|inactive|lindsey453 has 30 seconds left.\n|\n|t:|1773862420\n|switch|p2b: Necrozma|Necrozma-Dawn-Wings, L50, tera:Rock|2/100\n|move|p1b: Lunala|Moonblast|p2b: Necrozma\n|-damage|p2b: Necrozma|0 fnt\n|faint|p2b: Necrozma\n|move|p1a: Incineroar|Knock Off|p2a: Incineroar\n|-resisted|p2a: Incineroar\n|-damage|p2a: Incineroar|94/100\n|move|p2a: Incineroar|Parting Shot|p1b: Lunala\n|-unboost|p1b: Lunala|atk|1\n|-unboost|p1b: Lunala|spa|1\n|\n|t:|1773862428\n|switch|p2a: Tyranitar|Tyranitar, L50, M|100/100|[from] Parting Shot\n|\n|-weather|Sandstorm|[upkeep]\n|-damage|p1b: Lunala|46/100|[from] Sandstorm\n|-damage|p1a: Incineroar|46/100|[from] Sandstorm\n|upkeep\n|\n|t:|1773862430\n|switch|p2b: Incineroar|Incineroar, L50, M|94/100\n|-ability|p2b: Incineroar|Intimidate|boost\n|-unboost|p1a: Incineroar|atk|1\n|-unboost|p1b: Lunala|atk|1\n|turn|11\n|\n|t:|1773862437\n|move|p2b: Incineroar|Fake Out|p1b: Lunala\n|-damage|p1b: Lunala|38/100\n|cant|p1b: Lunala|flinch\n|move|p1a: Incineroar|Knock Off|p2a: Tyranitar\n|-resisted|p2a: Tyranitar\n|-damage|p2a: Tyranitar|93/100\n|-enditem|p2a: Tyranitar|Assault Vest|[from] move: Knock Off|[of] p1a: Incineroar\n|move|p2a: Tyranitar|Rock Slide|p1a: Incineroar|[spread] p1a,p1b\n|-supereffective|p1a: Incineroar\n|-damage|p1a: Incineroar|0 fnt\n|-damage|p1b: Lunala|19/100\n|faint|p1a: Incineroar\n|\n|-weather|Sandstorm|[upkeep]\n|-damage|p1b: Lunala|13/100|[from] Sandstorm\n|-damage|p2b: Incineroar|88/100|[from] Sandstorm\n|upkeep\n|turn|12\n|\n|t:|1773862441\n|move|p1b: Lunala|Moonblast|p2a: Tyranitar\n|-supereffective|p2a: Tyranitar\n|-damage|p2a: Tyranitar|60/100\n|-unboost|p2a: Tyranitar|spa|1\n|move|p2b: Incineroar|Knock Off|p1b: Lunala\n|-resisted|p1b: Lunala\n|-damage|p1b: Lunala|4/100\n|move|p2a: Tyranitar|Low Kick|p1b: Lunala\n|-resisted|p1b: Lunala\n|-damage|p1b: Lunala|0 fnt\n|faint|p1b: Lunala\n|\n|win|lindsey453\n|raw|CHR1SPHX's rating: 1157 &rarr; <strong>1136</strong><br />(-21 for losing)\n|raw|lindsey453's rating: 1214 &rarr; <strong>1235</strong><br />(+21 for winning)\n|l|\u2606CHR1SPHX\n|player|p1|\n|l|\u2606lindsey453\n|player|p2|\n","uploadtime":1773862639,"views":10,"formatid":"gen9vgc2026regi","rating":1136,"private":0,"password":null}