{"id":"gen9vgc2026regi-2578959006","format":"[Gen 9] VGC 2026 Reg I","players":["invisible_15178","Sheevp"],"log":"|j|\u2606invisible_15178\n|j|\u2606Sheevp\n|t:|1775740498\n|gametype|doubles\n|player|p1|invisible_15178|266|1487\n|player|p2|Sheevp|102|1461\n|gen|9\n|tier|[Gen 9] VGC 2026 Reg I\n|rated|\n|rule|Species Clause: Limit one of each Pok\u00e9mon\n|rule|Item Clause: Limit 1 of each item\n|clearpoke\n|poke|p1|Calyrex-Ice, L50|\n|poke|p1|Ogerpon-Hearthflame, L50, F|\n|poke|p1|Koraidon, L50|\n|poke|p1|Gouging Fire, L50|\n|poke|p1|Ursaluna-Bloodmoon, L50, M|\n|poke|p1|Urshifu-*, L50, F|\n|poke|p2|Miraidon, L50|\n|poke|p2|Okidogi, L50, M|\n|poke|p2|Ursaluna, L50, M|\n|poke|p2|Ho-Oh, L50|\n|poke|p2|Farigiraf, L50, M|\n|poke|p2|Ogerpon-Cornerstone, L50, F|\n|teampreview|4\n|inactive|Battle timer is ON: inactive players will automatically lose when time's up. (requested by invisible_15178)\n|inactive|Sheevp has 60 seconds left.\n|\n|t:|1775740537\n|teamsize|p1|4\n|teamsize|p2|4\n|start\n|switch|p1a: Calyrex|Calyrex-Ice, L50|100/100\n|switch|p1b: Ursaluna|Ursaluna-Bloodmoon, L50, M|100/100\n|switch|p2a: Ho-Oh|Ho-Oh, L50|100/100\n|switch|p2b: Ogerpon|Ogerpon-Cornerstone, L50, F|100/100\n|-ability|p1a: Calyrex|As One\n|-ability|p1a: Calyrex|Unnerve\n|turn|1\n|\n|t:|1775740554\n|-terastallize|p1a: Calyrex|Water\n|move|p2b: Ogerpon|Ivy Cudgel|p1a: Calyrex|[anim] Ivy Cudgel Rock\n|-damage|p1a: Calyrex|65/100\n|move|p2a: Ho-Oh|Sacred Fire|p1a: Calyrex\n|-resisted|p1a: Calyrex\n|-damage|p1a: Calyrex|50/100\n|move|p1b: Ursaluna|Hyper Voice|p2b: Ogerpon|[spread] p2a,p2b\n|-resisted|p2b: Ogerpon\n|-damage|p2a: Ho-Oh|80/100\n|-damage|p2b: Ogerpon|80/100\n|-enditem|p1b: Ursaluna|Throat Spray\n|-boost|p1b: Ursaluna|spa|1|[from] item: Throat Spray\n|move|p1a: Calyrex|Trick Room|p1a: Calyrex\n|-fieldstart|move: Trick Room|[of] p1a: Calyrex\n|\n|upkeep\n|turn|2\n|\n|t:|1775740573\n|-terastallize|p2b: Ogerpon|Rock\n|detailschange|p2b: Ogerpon|Ogerpon-Cornerstone-Tera, L50, F, tera:Rock\n|-ability|p2b: Ogerpon|Embody Aspect (Cornerstone)|boost\n|-boost|p2b: Ogerpon|def|1\n|move|p2a: Ho-Oh|Protect|p2a: Ho-Oh\n|-singleturn|p2a: Ho-Oh|Protect\n|move|p1a: Calyrex|Glacial Lance|p2a: Ho-Oh|[spread] p2b\n|-activate|p2a: Ho-Oh|move: Protect\n|-damage|p2b: Ogerpon|35/100\n|move|p1b: Ursaluna|Blood Moon|p2a: Ho-Oh\n|-activate|p2a: Ho-Oh|move: Protect\n|move|p2b: Ogerpon|Horn Leech|p1a: Calyrex\n|-supereffective|p1a: Calyrex\n|-damage|p1a: Calyrex|0 fnt\n|-heal|p2b: Ogerpon|66/100|[from] drain|[of] p1a: Calyrex\n|faint|p1a: Calyrex\n|\n|upkeep\n|\n|t:|1775740584\n|switch|p1a: Koraidon|Koraidon, L50|100/100\n|-weather|SunnyDay|[from] ability: Orichalcum Pulse|[of] p1a: Koraidon\n|-activate|p1a: Koraidon|Orichalcum Pulse|[source]\n|turn|3\n|\n|t:|1775740599\n|move|p1b: Ursaluna|Hyper Voice|p2a: Ho-Oh|[spread] p2a,p2b\n|-resisted|p2b: Ogerpon\n|-damage|p2a: Ho-Oh|47/100\n|-damage|p2b: Ogerpon|34/100\n|move|p2a: Ho-Oh|Brave Bird|p1a: Koraidon\n|-supereffective|p1a: Koraidon\n|-damage|p1a: Koraidon|0 fnt\n|faint|p1a: Koraidon\n|-damage|p2a: Ho-Oh|19/100|[from] Recoil\n|move|p2b: Ogerpon|Horn Leech|p1b: Ursaluna\n|-supereffective|p1b: Ursaluna\n|-damage|p1b: Ursaluna|44/100\n|-heal|p2b: Ogerpon|71/100|[from] drain|[of] p1b: Ursaluna\n|\n|-weather|SunnyDay|[upkeep]\n|upkeep\n|\n|t:|1775740605\n|switch|p1a: Gouging Fire|Gouging Fire, L50|100/100\n|-activate|p1a: Gouging Fire|ability: Protosynthesis\n|-start|p1a: Gouging Fire|protosynthesisatk\n|turn|4\n|\n|t:|1775740619\n|move|p1b: Ursaluna|Hyper Voice|p2b: Ogerpon|[spread] p2a,p2b\n|-resisted|p2b: Ogerpon\n|-damage|p2a: Ho-Oh|0 fnt\n|-damage|p2b: Ogerpon|40/100\n|faint|p2a: Ho-Oh\n|move|p1a: Gouging Fire|Earthquake|p2b: Ogerpon|[spread] p1b,p2b\n|-supereffective|p2b: Ogerpon\n|-damage|p1b: Ursaluna|18/100\n|-damage|p2b: Ogerpon|0 fnt\n|faint|p2b: Ogerpon\n|detailschange|p2: Ogerpon|Ogerpon-Cornerstone, L50, F|[silent]\n|-damage|p1a: Gouging Fire|91/100|[from] item: Life Orb\n|\n|-weather|SunnyDay|[upkeep]\n|upkeep\n|\n|t:|1775740629\n|switch|p2a: Okidogi|Okidogi, L50, M|100/100\n|switch|p2b: Miraidon|Miraidon, L50|100/100\n|-fieldstart|move: Electric Terrain|[from] ability: Hadron Engine|[of] p2b: Miraidon\n|turn|5\n|\n|t:|1775740651\n|move|p1b: Ursaluna|Earth Power|p2a: Okidogi\n|-supereffective|p2a: Okidogi\n|-damage|p2a: Okidogi|3/100\n|move|p2a: Okidogi|Drain Punch|p1b: Ursaluna\n|-supereffective|p1b: Ursaluna\n|-damage|p1b: Ursaluna|0 fnt\n|-heal|p2a: Okidogi|13/100|[from] drain|[of] p1b: Ursaluna\n|faint|p1b: Ursaluna\n|move|p1a: Gouging Fire|Dragon Claw|p2b: Miraidon\n|-supereffective|p2b: Miraidon\n|-damage|p2b: Miraidon|0 fnt\n|faint|p2b: Miraidon\n|-damage|p1a: Gouging Fire|81/100|[from] item: Life Orb\n|\n|-weather|SunnyDay|[upkeep]\n|-fieldend|move: Trick Room\n|upkeep\n|turn|6\n|-message|Sheevp forfeited.\n|\n|win|invisible_15178\n|raw|invisible_15178's rating: 1487 &rarr; <strong>1506</strong><br />(+19 for winning)\n|raw|Sheevp's rating: 1461 &rarr; <strong>1442</strong><br />(-19 for losing)\n|l|\u2606Sheevp\n|player|p2|\n|l|\u2606invisible_15178\n|player|p1|\n","uploadtime":1775740899,"views":11,"formatid":"gen9vgc2026regi","rating":1442,"private":0,"password":null}