{"id":"gen9vgc2026regi-2522511739","format":"[Gen 9] VGC 2026 Reg I","players":["RickyZainer","dasabe\u76d6\u6b27\u5361\u4fa0"],"log":"|j|\u2606RickyZainer\n|j|\u2606dasabe\u76d6\u6b27\u5361\u4fa0\n|t:|1768917799\n|gametype|doubles\n|player|p1|RickyZainer|2|1315\n|player|p2|dasabe\u76d6\u6b27\u5361\u4fa0|may-masters4|1587\n|gen|9\n|tier|[Gen 9] VGC 2026 Reg I\n|rated|\n|rule|Species Clause: Limit one of each Pok\u00e9mon\n|rule|Item Clause: Limit 1 of each item\n|clearpoke\n|poke|p1|Incineroar, L50, F|\n|poke|p1|Landorus, L50, M|\n|poke|p1|Calyrex-Shadow, L50|\n|poke|p1|Koraidon, L50|\n|poke|p1|Brute Bonnet, L50|\n|poke|p1|Raging Bolt, L50|\n|poke|p2|Kyogre, L50|\n|poke|p2|Miraidon, L50|\n|poke|p2|Whimsicott, L50, F|\n|poke|p2|Iron Hands, L50|\n|poke|p2|Farigiraf, L50, F|\n|poke|p2|Urshifu-*, L50, M|\n|teampreview|4\n|\n|t:|1768917823\n|teamsize|p1|4\n|teamsize|p2|4\n|start\n|switch|p1a: Kareem|Incineroar, L50, F|100/100\n|switch|p1b: Aaron|Raging Bolt, L50|100/100\n|switch|p2a: \u5996\u820d\u7cbe\u62c9|Whimsicott, L50, F, shiny|100/100\n|switch|p2b: \u94f6\u91d1\u5996\u86c7|Miraidon, L50, shiny|100/100\n|-fieldstart|move: Electric Terrain|[from] ability: Hadron Engine|[of] p2b: \u94f6\u91d1\u5996\u86c7\n|-ability|p1a: Kareem|Intimidate|boost\n|-unboost|p2a: \u5996\u820d\u7cbe\u62c9|atk|1\n|-unboost|p2b: \u94f6\u91d1\u5996\u86c7|atk|1\n|turn|1\n|\n|t:|1768917840\n|move|p2b: \u94f6\u91d1\u5996\u86c7|Protect|p2b: \u94f6\u91d1\u5996\u86c7\n|-singleturn|p2b: \u94f6\u91d1\u5996\u86c7|Protect\n|move|p1a: Kareem|Fake Out|p2b: \u94f6\u91d1\u5996\u86c7\n|-activate|p2b: \u94f6\u91d1\u5996\u86c7|move: Protect\n|move|p2a: \u5996\u820d\u7cbe\u62c9|Moonblast|p1b: Aaron\n|-supereffective|p1b: Aaron\n|-damage|p1b: Aaron|56/100\n|-unboost|p1b: Aaron|spa|1\n|move|p1b: Aaron|Volt Switch|p2a: \u5996\u820d\u7cbe\u62c9\n|-resisted|p2a: \u5996\u820d\u7cbe\u62c9\n|-damage|p2a: \u5996\u820d\u7cbe\u62c9|68/100\n|\n|t:|1768917860\n|-end|p1b: Aaron|Protosynthesis|[silent]\n|switch|p1b: Mao & Agati|Calyrex-Shadow, L50|100/100|[from] Volt Switch\n|-ability|p1b: Mao & Agati|As One\n|-ability|p1b: Mao & Agati|Unnerve\n|\n|upkeep\n|turn|2\n|\n|t:|1768917871\n|-terastallize|p1b: Mao & Agati|Ghost\n|-terastallize|p2b: \u94f6\u91d1\u5996\u86c7|Fairy\n|move|p1a: Kareem|Helping Hand|p1b: Mao & Agati\n|-singleturn|p1b: Mao & Agati|Helping Hand|[of] p1a: Kareem\n|move|p2a: \u5996\u820d\u7cbe\u62c9|Tailwind|p2a: \u5996\u820d\u7cbe\u62c9\n|-sidestart|p2: dasabe\u76d6\u6b27\u5361\u4fa0|move: Tailwind\n|move|p2b: \u94f6\u91d1\u5996\u86c7|Dazzling Gleam|p1b: Mao & Agati|[spread] p1a,p1b\n|-damage|p1a: Kareem|50/100\n|-damage|p1b: Mao & Agati|38/100\n|-damage|p2b: \u94f6\u91d1\u5996\u86c7|91/100|[from] item: Life Orb\n|move|p1b: Mao & Agati|Astral Barrage|p2b: \u94f6\u91d1\u5996\u86c7|[spread] p2a,p2b\n|-damage|p2a: \u5996\u820d\u7cbe\u62c9|0 fnt\n|-damage|p2b: \u94f6\u91d1\u5996\u86c7|0 fnt\n|faint|p2a: \u5996\u820d\u7cbe\u62c9\n|faint|p2b: \u94f6\u91d1\u5996\u86c7\n|-ability|p1b: Mao & Agati|Grim Neigh|boost\n|-boost|p1b: Mao & Agati|spa|2\n|\n|upkeep\n|\n|t:|1768917876\n|switch|p2a: \u5c0f\u5934\u63a7\u5927\u5934|Farigiraf, L50, F, shiny|100/100\n|switch|p2b: \u6210\u90fd\u8001\u76d6|Kyogre, L50, shiny|100/100\n|-weather|RainDance|[from] ability: Drizzle|[of] p2b: \u6210\u90fd\u8001\u76d6\n|-enditem|p2a: \u5c0f\u5934\u63a7\u5927\u5934|Electric Seed\n|-boost|p2a: \u5c0f\u5934\u63a7\u5927\u5934|def|1|[from] item: Electric Seed\n|turn|3\n|j| TTTAAATTT00\n|\n|t:|1768917902\n|switch|p1a: Matthias|Koraidon, L50|100/100\n|-weather|SunnyDay|[from] ability: Orichalcum Pulse|[of] p1a: Matthias\n|-activate|p1a: Matthias|Orichalcum Pulse|[source]\n|move|p1b: Mao & Agati|Protect|p1b: Mao & Agati\n|-singleturn|p1b: Mao & Agati|Protect\n|move|p2b: \u6210\u90fd\u8001\u76d6|Ice Beam|p1a: Matthias\n|-supereffective|p1a: Matthias\n|-damage|p1a: Matthias|0 fnt\n|faint|p1a: Matthias\n|move|p2a: \u5c0f\u5934\u63a7\u5927\u5934|Psychic|p1b: Mao & Agati\n|-activate|p1b: Mao & Agati|move: Protect\n|\n|-weather|SunnyDay|[upkeep]\n|upkeep\n|\n|t:|1768917925\n|switch|p1a: Kareem|Incineroar, L50, F|50/100\n|-ability|p1a: Kareem|Intimidate|boost\n|-unboost|p2a: \u5c0f\u5934\u63a7\u5927\u5934|atk|1\n|-unboost|p2b: \u6210\u90fd\u8001\u76d6|atk|1\n|turn|4\n|\n|t:|1768917944\n|move|p2a: \u5c0f\u5934\u63a7\u5927\u5934|Helping Hand|p2b: \u6210\u90fd\u8001\u76d6\n|-singleturn|p2b: \u6210\u90fd\u8001\u76d6|Helping Hand|[of] p2a: \u5c0f\u5934\u63a7\u5927\u5934\n|move|p2b: \u6210\u90fd\u8001\u76d6|Ice Beam|p1b: Mao & Agati\n|-damage|p1b: Mao & Agati|0 fnt\n|faint|p1b: Mao & Agati\n|move|p1a: Kareem|Knock Off|p2a: \u5c0f\u5934\u63a7\u5927\u5934\n|-supereffective|p2a: \u5c0f\u5934\u63a7\u5927\u5934\n|-damage|p2a: \u5c0f\u5934\u63a7\u5927\u5934|71/100\n|\n|-weather|SunnyDay|[upkeep]\n|upkeep\n|inactive|Battle timer is ON: inactive players will automatically lose when time's up. (requested by dasabe\u76d6\u6b27\u5361\u4fa0)\n|\n|t:|1768917948\n|switch|p1b: Aaron|Raging Bolt, L50|56/100\n|-activate|p1b: Aaron|ability: Protosynthesis\n|-start|p1b: Aaron|protosynthesisspa\n|turn|5\n|\n|t:|1768917953\n|move|p2a: \u5c0f\u5934\u63a7\u5927\u5934|Helping Hand|p2b: \u6210\u90fd\u8001\u76d6\n|-singleturn|p2b: \u6210\u90fd\u8001\u76d6|Helping Hand|[of] p2a: \u5c0f\u5934\u63a7\u5927\u5934\n|move|p2b: \u6210\u90fd\u8001\u76d6|Ice Beam|p1b: Aaron\n|-supereffective|p1b: Aaron\n|-damage|p1b: Aaron|0 fnt\n|faint|p1b: Aaron\n|-end|p1b: Aaron|Protosynthesis|[silent]\n|move|p1a: Kareem|Knock Off|p2a: \u5c0f\u5934\u63a7\u5927\u5934\n|-supereffective|p2a: \u5c0f\u5934\u63a7\u5927\u5934\n|-damage|p2a: \u5c0f\u5934\u63a7\u5927\u5934|43/100\n|\n|-weather|SunnyDay|[upkeep]\n|-sideend|p2: dasabe\u76d6\u6b27\u5361\u4fa0|move: Tailwind\n|-fieldend|move: Electric Terrain\n|upkeep\n|turn|6\n|l|\u2606RickyZainer\n|inactive|RickyZainer disconnected and has a minute to reconnect!\n|player|p1|\n|inactive|RickyZainer has 30 seconds left.\n|inactive|RickyZainer has 20 seconds left.\n|inactive|RickyZainer has 15 seconds left.\n|inactive|RickyZainer has 10 seconds left.\n|inactive|RickyZainer has 5 seconds left.\n|-message|RickyZainer lost due to inactivity.\n|\n|win|dasabe\u76d6\u6b27\u5361\u4fa0\n|raw|RickyZainer's rating: 1315 &rarr; <strong>1308</strong><br />(-7 for losing)\n|raw|dasabe\u76d6\u6b27\u5361\u4fa0's rating: 1587 &rarr; <strong>1594</strong><br />(+7 for winning)\n|l| TTTAAATTT00\n|j| TTTAAATTT00\n|l| TTTAAATTT00\n|l|\u2606dasabe\u76d6\u6b27\u5361\u4fa0\n|player|p2|\n|j|\u2606dasabe\u76d6\u6b27\u5361\u4fa0\n|player|p2|dasabe\u76d6\u6b27\u5361\u4fa0|may-masters4|\n","uploadtime":1768918210,"views":20,"formatid":"gen9vgc2026regi","rating":1308,"private":0,"password":null}