{"id":"gen9vgc2026regi-2577253395","format":"[Gen 9] VGC 2026 Reg I","players":["VJ2511","magoromon"],"log":"|j|\u2606VJ2511\n|j|\u2606magoromon\n|t:|1775559905\n|gametype|doubles\n|player|p1|VJ2511|169|1614\n|player|p2|magoromon|lance|1518\n|gen|9\n|tier|[Gen 9] VGC 2026 Reg I\n|rated|\n|rule|Species Clause: Limit one of each Pok\u00e9mon\n|rule|Item Clause: Limit 1 of each item\n|clearpoke\n|poke|p1|Calyrex-Shadow, L50|\n|poke|p1|Zamazenta-*, L50|\n|poke|p1|Chien-Pao, L50|\n|poke|p1|Dragonite, L50, M|\n|poke|p1|Raging Bolt, L50|\n|poke|p1|Amoonguss, L50, F|\n|poke|p2|Kyogre, L50|\n|poke|p2|Calyrex-Ice, L50|\n|poke|p2|Rillaboom, L50, M|\n|poke|p2|Amoonguss, L50, M|\n|poke|p2|Urshifu-*, L50, F|\n|poke|p2|Flutter Mane, L50|\n|teampreview|4\n|inactive|Battle timer is ON: inactive players will automatically lose when time's up. (requested by VJ2511)\n|inactive|VJ2511 has 60 seconds left.\n|inactive|magoromon has 60 seconds left.\n|\n|t:|1775559954\n|teamsize|p1|4\n|teamsize|p2|4\n|start\n|switch|p1a: Calyrex|Calyrex-Shadow, L50|100/100\n|switch|p1b: Zamazenta|Zamazenta-Crowned, L50|100/100\n|switch|p2a: Urshifu|Urshifu-Rapid-Strike, L50, F|100/100\n|switch|p2b: Kyogre|Kyogre, L50|100/100\n|-ability|p1a: Calyrex|As One\n|-ability|p1a: Calyrex|Unnerve\n|-ability|p1b: Zamazenta|Dauntless Shield|boost\n|-boost|p1b: Zamazenta|def|1\n|-weather|RainDance|[from] ability: Drizzle|[of] p2b: Kyogre\n|turn|1\n|inactive|VJ2511 has 30 seconds left.\n|\n|t:|1775559982\n|switch|p1a: Raging Bolt|Raging Bolt, L50|100/100\n|-enditem|p1a: Raging Bolt|Booster Energy\n|-activate|p1a: Raging Bolt|ability: Protosynthesis|[fromitem]\n|-start|p1a: Raging Bolt|protosynthesisspa\n|-terastallize|p1b: Zamazenta|Dragon\n|move|p2a: Urshifu|Surging Strikes|p1a: Raging Bolt\n|-resisted|p1a: Raging Bolt\n|-crit|p1a: Raging Bolt\n|-damage|p1a: Raging Bolt|87/100\n|-resisted|p1a: Raging Bolt\n|-crit|p1a: Raging Bolt\n|-damage|p1a: Raging Bolt|74/100\n|-resisted|p1a: Raging Bolt\n|-crit|p1a: Raging Bolt\n|-damage|p1a: Raging Bolt|60/100\n|-hitcount|p1a: Raging Bolt|3\n|move|p1b: Zamazenta|Body Press|p2a: Urshifu\n|-damage|p2a: Urshifu|28/100\n|move|p2b: Kyogre|Hydro Pump|p1b: Zamazenta\n|-resisted|p1b: Zamazenta\n|-damage|p1b: Zamazenta|59/100\n|\n|-weather|RainDance|[upkeep]\n|upkeep\n|turn|2\n|inactive|magoromon has 30 seconds left.\n|inactive|magoromon has 20 seconds left.\n|\n|t:|1775560021\n|switch|p2a: Amoonguss|Amoonguss, L50, M|100/100\n|move|p2b: Kyogre|Protect|p2b: Kyogre\n|-singleturn|p2b: Kyogre|Protect\n|move|p1b: Zamazenta|Body Press|p2b: Kyogre\n|-activate|p2b: Kyogre|move: Protect\n|move|p1a: Raging Bolt|Thunderbolt|p2a: Amoonguss\n|-resisted|p2a: Amoonguss\n|-damage|p2a: Amoonguss|74/100\n|\n|-weather|RainDance|[upkeep]\n|upkeep\n|turn|3\n|\n|t:|1775560040\n|move|p2a: Amoonguss|Rage Powder|p2a: Amoonguss\n|-singleturn|p2a: Amoonguss|move: Rage Powder\n|move|p1b: Zamazenta|Heavy Slam|p2a: Amoonguss\n|-damage|p2a: Amoonguss|33/100\n|-damage|p1b: Zamazenta|43/100|[from] item: Rocky Helmet|[of] p2a: Amoonguss\n|move|p2b: Kyogre|Water Spout|p1a: Raging Bolt|[spread] p1a,p1b\n|-resisted|p1a: Raging Bolt\n|-resisted|p1b: Zamazenta\n|-damage|p1a: Raging Bolt|13/100\n|-damage|p1b: Zamazenta|2/100\n|move|p1a: Raging Bolt|Dragon Pulse|p2a: Amoonguss\n|-damage|p2a: Amoonguss|0 fnt\n|faint|p2a: Amoonguss\n|\n|-weather|RainDance|[upkeep]\n|upkeep\n|\n|t:|1775560063\n|switch|p2a: Urshifu|Urshifu-Rapid-Strike, L50, F|28/100\n|turn|4\n|inactive|magoromon has 30 seconds left.\n|inactive|magoromon has 20 seconds left.\n|\n|t:|1775560102\n|switch|p2a: Calyrex|Calyrex-Ice, L50|100/100\n|-ability|p2a: Calyrex|As One\n|-ability|p2a: Calyrex|Unnerve\n|-terastallize|p2b: Kyogre|Grass\n|move|p1a: Raging Bolt|Thunderclap|p2b: Kyogre\n|-resisted|p2b: Kyogre\n|-damage|p2b: Kyogre|80/100\n|move|p1b: Zamazenta|Body Press|p2b: Kyogre\n|-damage|p2b: Kyogre|7/100\n|move|p2b: Kyogre|Water Spout|p1a: Raging Bolt|[spread] p1a,p1b\n|-resisted|p1a: Raging Bolt\n|-resisted|p1b: Zamazenta\n|-damage|p1a: Raging Bolt|10/100\n|-damage|p1b: Zamazenta|0 fnt\n|faint|p1b: Zamazenta\n|\n|-weather|RainDance|[upkeep]\n|upkeep\n|\n|t:|1775560116\n|switch|p1b: Calyrex|Calyrex-Shadow, L50|100/100\n|-ability|p1b: Calyrex|As One\n|-ability|p1b: Calyrex|Unnerve\n|turn|5\n|inactive|magoromon has 30 seconds left.\n|inactive|magoromon has 20 seconds left.\n|inactive|magoromon has 15 seconds left.\n|\n|t:|1775560160\n|move|p2b: Kyogre|Protect|p2b: Kyogre\n|-singleturn|p2b: Kyogre|Protect\n|move|p1b: Calyrex|Astral Barrage|p2b: Kyogre|[spread] p2a\n|-activate|p2b: Kyogre|move: Protect\n|-supereffective|p2a: Calyrex\n|-damage|p2a: Calyrex|36/100\n|move|p1a: Raging Bolt|Thunderbolt|p2a: Calyrex\n|-damage|p2a: Calyrex|0 fnt\n|faint|p2a: Calyrex\n|\n|-weather|none\n|upkeep\n|\n|t:|1775560170\n|switch|p2a: Urshifu|Urshifu-Rapid-Strike, L50, F|28/100\n|turn|6\n|c|\u2606VJ2511|gg\n|\n|t:|1775560179\n|move|p1a: Raging Bolt|Thunderclap|p2a: Urshifu\n|-supereffective|p2a: Urshifu\n|-damage|p2a: Urshifu|0 fnt\n|faint|p2a: Urshifu\n|move|p1b: Calyrex|Astral Barrage|p2b: Kyogre\n|-damage|p2b: Kyogre|0 fnt\n|faint|p2b: Kyogre\n|\n|win|VJ2511\n|raw|VJ2511's rating: 1614 &rarr; <strong>1629</strong><br />(+15 for winning)\n|raw|magoromon's rating: 1518 &rarr; <strong>1503</strong><br />(-15 for losing)\n|l|\u2606magoromon\n|player|p2|\n","uploadtime":1775560186,"views":45,"formatid":"gen9vgc2026regi","rating":1503,"private":0,"password":null}