{"id":"gen9vgc2026regi-2564494372","format":"[Gen 9] VGC 2026 Reg I","players":["chichichikevin","JERRY RIVERA"],"log":"|j|\u2606chichichikevin\n|j|\u2606JERRY RIVERA\n|t:|1774152825\n|gametype|doubles\n|player|p1|chichichikevin|acetrainerf-gen4dp|1202\n|player|p2|JERRY RIVERA|silver|1212\n|gen|9\n|tier|[Gen 9] VGC 2026 Reg I\n|rated|\n|rule|Species Clause: Limit one of each Pok\u00e9mon\n|rule|Item Clause: Limit 1 of each item\n|clearpoke\n|poke|p1|Calyrex-Shadow, L50|\n|poke|p1|Gastrodon, L50, F|\n|poke|p1|Amoonguss, L50, F|\n|poke|p1|Zamazenta-*, L50|\n|poke|p1|Grimmsnarl, L50, M|\n|poke|p1|Primarina, L50, M|\n|poke|p2|Kyogre, L50|\n|poke|p2|Ditto, L50|\n|poke|p2|Urshifu-*, L50, M|\n|poke|p2|Tornadus, L50, M|\n|poke|p2|Indeedee-F, L50, F|\n|poke|p2|Lunala, L50|\n|teampreview|4\n|inactive|Battle timer is ON: inactive players will automatically lose when time's up. (requested by chichichikevin)\n|inactive|JERRY RIVERA has 60 seconds left.\n|inactive|JERRY RIVERA has 30 seconds left.\n|\n|t:|1774152897\n|teamsize|p1|4\n|teamsize|p2|4\n|start\n|switch|p1a: Zamazenta|Zamazenta-Crowned, L50|100/100\n|switch|p1b: Gastrodon|Gastrodon, L50, F|100/100\n|switch|p2a: Jorginho|Tornadus, L50, M|100/100\n|switch|p2b: Urshifu|Urshifu, L50, M|100/100\n|-ability|p1a: Zamazenta|Dauntless Shield|boost\n|-boost|p1a: Zamazenta|def|1\n|turn|1\n|\n|t:|1774152921\n|move|p2a: Jorginho|Tailwind|p2a: Jorginho\n|-sidestart|p2: JERRY RIVERA|move: Tailwind\n|move|p2b: Urshifu|Wicked Blow|p1b: Gastrodon\n|-crit|p1b: Gastrodon\n|-damage|p1b: Gastrodon|11/100\n|move|p1a: Zamazenta|Body Press|p2b: Urshifu\n|-supereffective|p2b: Urshifu\n|-damage|p2b: Urshifu|0 fnt\n|faint|p2b: Urshifu\n|move|p1b: Gastrodon|Icy Wind|p2a: Jorginho\n|-supereffective|p2a: Jorginho\n|-damage|p2a: Jorginho|66/100\n|-unboost|p2a: Jorginho|spe|1\n|\n|upkeep\n|\n|t:|1774152932\n|switch|p2b: HAO|Ditto, L50|100/100\n|-transform|p2b: HAO|p1a: Zamazenta|[from] ability: Imposter\n|-ability|p2b: HAO|Dauntless Shield|boost\n|-boost|p2b: HAO|def|1\n|turn|2\n|\n|t:|1774152948\n|move|p1a: Zamazenta|Protect|p1a: Zamazenta\n|-singleturn|p1a: Zamazenta|Protect\n|move|p2a: Jorginho|Taunt|p1a: Zamazenta\n|-activate|p1a: Zamazenta|move: Protect\n|move|p2b: HAO|Behemoth Bash|p1b: Gastrodon\n|-resisted|p1b: Gastrodon\n|-damage|p1b: Gastrodon|0 fnt\n|faint|p1b: Gastrodon\n|\n|upkeep\n|\n|t:|1774152959\n|switch|p1b: Primarina|Primarina, L50, M|100/100\n|turn|3\n|\n|t:|1774152976\n|move|p2a: Jorginho|Taunt|p1a: Zamazenta\n|-start|p1a: Zamazenta|move: Taunt\n|move|p2b: HAO|Body Press|p1a: Zamazenta\n|-supereffective|p1a: Zamazenta\n|-damage|p1a: Zamazenta|29/100\n|move|p1a: Zamazenta|Behemoth Bash|p2a: Jorginho\n|-damage|p2a: Jorginho|1/100\n|move|p1b: Primarina|Icy Wind|p2a: Jorginho|[spread] p2a,p2b\n|-supereffective|p2a: Jorginho\n|-resisted|p2b: HAO\n|-damage|p2a: Jorginho|0 fnt\n|-damage|p2b: HAO|93/100\n|-unboost|p2b: HAO|spe|1\n|faint|p2a: Jorginho\n|-enditem|p2b: HAO|Red Card|[of] p1b: Primarina\n|drag|p1b: Calyrex|Calyrex-Shadow, L50|100/100\n|-ability|p1b: Calyrex|As One\n|-ability|p1b: Calyrex|Unnerve\n|\n|upkeep\n|\n|t:|1774152988\n|switch|p2a: Kyogre|Kyogre, L50|100/100\n|-weather|RainDance|[from] ability: Drizzle|[of] p2a: Kyogre\n|turn|4\n|\n|t:|1774153015\n|-terastallize|p2b: HAO|Normal\n|move|p2a: Kyogre|Water Spout|p1b: Calyrex|[spread] p1a,p1b\n|-damage|p1a: Zamazenta|0 fnt\n|-enditem|p1b: Calyrex|Focus Sash\n|-damage|p1b: Calyrex|1/100\n|faint|p1a: Zamazenta\n|move|p2b: HAO|Behemoth Bash|p1b: Calyrex\n|-damage|p1b: Calyrex|0 fnt\n|faint|p1b: Calyrex\n|\n|-weather|RainDance|[upkeep]\n|-sideend|p2: JERRY RIVERA|move: Tailwind\n|upkeep\n|\n|t:|1774153028\n|switch|p1a: Primarina|Primarina, L50, M|100/100\n|turn|5\n|\n|t:|1774153032\n|move|p2a: Kyogre|Water Spout|p1a: Primarina\n|-resisted|p1a: Primarina\n|-damage|p1a: Primarina|41/100\n|move|p2b: HAO|Body Press|p1a: Primarina\n|-resisted|p1a: Primarina\n|-damage|p1a: Primarina|0 fnt\n|faint|p1a: Primarina\n|\n|win|JERRY RIVERA\n|raw|chichichikevin's rating: 1202 &rarr; <strong>1178</strong><br />(-24 for losing)\n|raw|JERRY RIVERA's rating: 1212 &rarr; <strong>1236</strong><br />(+24 for winning)\n|c|\u2606JERRY RIVERA|gg\n|l|\u2606chichichikevin\n|player|p1|\n|l|\u2606JERRY RIVERA\n|player|p2|\n","uploadtime":1774153265,"views":11,"formatid":"gen9vgc2026regi","rating":1178,"private":0,"password":null}