{"id":"gen9vgc2026regi-2532917932","format":"[Gen 9] VGC 2026 Reg I","players":["pzyxhic","writing a paper"],"log":"|j|\u2606pzyxhic\n|j|\u2606writing a paper\n|t:|1770236500\n|gametype|doubles\n|player|p1|pzyxhic|2|1347\n|player|p2|writing a paper|265|1316\n|gen|9\n|tier|[Gen 9] VGC 2026 Reg I\n|rated|\n|rule|Species Clause: Limit one of each Pok\u00e9mon\n|rule|Item Clause: Limit 1 of each item\n|clearpoke\n|poke|p1|Calyrex-Shadow, L50|\n|poke|p1|Incineroar, L50, F|\n|poke|p1|Whimsicott, L50, F|\n|poke|p1|Urshifu-*, L50, F|\n|poke|p1|Zapdos, L50|\n|poke|p1|Dialga-Origin, L50|\n|poke|p2|Lunala, L50|\n|poke|p2|Rillaboom, L50, F|\n|poke|p2|Miraidon, L50|\n|poke|p2|Whimsicott, L50, F|\n|poke|p2|Volcarona, L50, F|\n|poke|p2|Urshifu-*, L50, F|\n|teampreview|4\n|\n|t:|1770236537\n|teamsize|p1|4\n|teamsize|p2|4\n|start\n|switch|p1a: Calyrex|Calyrex-Shadow, L50|100/100\n|switch|p1b: Whimsicott|Whimsicott, L50, F|100/100\n|switch|p2a: Whimsicott|Whimsicott, L50, F|100/100\n|switch|p2b: Miraidon|Miraidon, L50|100/100\n|-ability|p1a: Calyrex|As One\n|-ability|p1a: Calyrex|Unnerve\n|-fieldstart|move: Electric Terrain|[from] ability: Hadron Engine|[of] p2b: Miraidon\n|turn|1\n|\n|t:|1770236560\n|switch|p1a: Dialga|Dialga-Origin, L50|100/100\n|-ability|p1a: Dialga|Pressure\n|-terastallize|p2a: Whimsicott|Dark\n|move|p2a: Whimsicott|Light Screen|p2a: Whimsicott\n|-sidestart|p2: writing a paper|move: Light Screen\n|move|p1b: Whimsicott|Tailwind|p1b: Whimsicott\n|-sidestart|p1: pzyxhic|move: Tailwind\n|move|p2b: Miraidon|Volt Switch|p1b: Whimsicott\n|-resisted|p1b: Whimsicott\n|-damage|p1b: Whimsicott|52/100\n|\n|t:|1770236575\n|switch|p2b: Volcarona|Volcarona, L50, F|100/100|[from] Volt Switch\n|\n|upkeep\n|turn|2\n|\n|t:|1770236592\n|move|p1b: Whimsicott|Fake Tears|p2b: Volcarona\n|-unboost|p2b: Volcarona|spd|2\n|move|p2a: Whimsicott|Tailwind|p2a: Whimsicott\n|-sidestart|p2: writing a paper|move: Tailwind\n|move|p2b: Volcarona|Struggle Bug|p1a: Dialga|[spread] p1a,p1b\n|-resisted|p1a: Dialga\n|-damage|p1a: Dialga|95/100\n|-damage|p1b: Whimsicott|35/100\n|-unboost|p1a: Dialga|spa|1\n|move|p1a: Dialga|Draco Meteor|p2b: Volcarona\n|-damage|p2b: Volcarona|34/100\n|-unboost|p1a: Dialga|spa|2\n|\n|upkeep\n|turn|3\n|\n|t:|1770236611\n|switch|p1b: Incineroar|Incineroar, L50, F|100/100\n|-ability|p1b: Incineroar|Intimidate|boost\n|-unboost|p2a: Whimsicott|atk|1\n|-unboost|p2b: Volcarona|atk|1\n|move|p2a: Whimsicott|Encore|p1a: Dialga\n|-start|p1a: Dialga|Encore\n|move|p2b: Volcarona|Fiery Dance|p1b: Incineroar\n|-resisted|p1b: Incineroar\n|-damage|p1b: Incineroar|92/100\n|-boost|p2b: Volcarona|spa|1\n|move|p1a: Dialga|Draco Meteor|p2b: Volcarona\n|-damage|p2b: Volcarona|0 fnt\n|-unboost|p1a: Dialga|spa|2\n|faint|p2b: Volcarona\n|\n|upkeep\n|\n|t:|1770236620\n|switch|p2b: Urshifu|Urshifu, L50, F|100/100\n|turn|4\n|\n|t:|1770236636\n|switch|p1a: Whimsicott|Whimsicott, L50, F|35/100\n|move|p2b: Urshifu|Detect|p2b: Urshifu\n|-singleturn|p2b: Urshifu|Protect\n|move|p1b: Incineroar|Fake Out|p2b: Urshifu\n|-activate|p2b: Urshifu|move: Protect\n|move|p2a: Whimsicott|Moonblast|p1a: Whimsicott\n|-damage|p1a: Whimsicott|8/100\n|\n|-sideend|p1: pzyxhic|move: Tailwind\n|upkeep\n|turn|5\n|j| AstralWisp9\n|\n|t:|1770236656\n|move|p2b: Urshifu|Sucker Punch||[still]\n|-fail|p2b: Urshifu\n|move|p1a: Whimsicott|Tailwind|p1a: Whimsicott\n|-sidestart|p1: pzyxhic|move: Tailwind\n|move|p2a: Whimsicott|Moonblast|p1b: Incineroar\n|-damage|p1b: Incineroar|77/100\n|move|p1b: Incineroar|U-turn|p2b: Urshifu\n|-damage|p2b: Urshifu|79/100\n|\n|t:|1770236666\n|switch|p1b: Dialga|Dialga-Origin, L50|95/100|[from] U-turn\n|-ability|p1b: Dialga|Pressure\n|\n|-sideend|p2: writing a paper|move: Light Screen\n|-sideend|p2: writing a paper|move: Tailwind\n|-fieldend|move: Electric Terrain\n|upkeep\n|turn|6\n|l| AstralWisp9\n|\n|t:|1770236701\n|-terastallize|p1b: Dialga|Fairy\n|move|p2a: Whimsicott|Light Screen|p2a: Whimsicott\n|-sidestart|p2: writing a paper|move: Light Screen\n|move|p2b: Urshifu|Sucker Punch|p1a: Whimsicott\n|-resisted|p1a: Whimsicott\n|-damage|p1a: Whimsicott|0 fnt\n|faint|p1a: Whimsicott\n|move|p1b: Dialga|Flash Cannon|p2a: Whimsicott\n|-damage|p2a: Whimsicott|54/100\n|\n|upkeep\n|\n|t:|1770236711\n|switch|p1a: Incineroar|Incineroar, L50, F|77/100\n|-ability|p1a: Incineroar|Intimidate|boost\n|-unboost|p2a: Whimsicott|atk|1\n|-unboost|p2b: Urshifu|atk|1\n|turn|7\n|\n|t:|1770236726\n|switch|p2b: Miraidon|Miraidon, L50|100/100\n|-fieldstart|move: Electric Terrain|[from] ability: Hadron Engine|[of] p2b: Miraidon\n|move|p2a: Whimsicott|Encore|p1b: Dialga\n|-start|p1b: Dialga|Encore\n|move|p1b: Dialga|Flash Cannon|p2b: Miraidon\n|-resisted|p2b: Miraidon\n|-damage|p2b: Miraidon|83/100\n|move|p1a: Incineroar|Flare Blitz|p2a: Whimsicott\n|-damage|p2a: Whimsicott|1/100\n|-damage|p1a: Incineroar|63/100|[from] Recoil\n|\n|upkeep\n|turn|8\n|\n|t:|1770236755\n|move|p2a: Whimsicott|Tailwind|p2a: Whimsicott\n|-sidestart|p2: writing a paper|move: Tailwind\n|move|p2b: Miraidon|Electro Drift|p1a: Incineroar\n|-damage|p1a: Incineroar|0 fnt\n|faint|p1a: Incineroar\n|move|p1b: Dialga|Flash Cannon|p2b: Miraidon\n|-resisted|p2b: Miraidon\n|-damage|p2b: Miraidon|66/100\n|\n|-sideend|p1: pzyxhic|move: Tailwind\n|upkeep\n|\n|t:|1770236766\n|switch|p1a: Calyrex|Calyrex-Shadow, L50|100/100\n|-ability|p1a: Calyrex|As One\n|-ability|p1a: Calyrex|Unnerve\n|turn|9\n|\n|t:|1770236775\n|move|p2b: Miraidon|Electro Drift|p1b: Dialga\n|-crit|p1b: Dialga\n|-damage|p1b: Dialga|0 fnt\n|faint|p1b: Dialga\n|move|p1a: Calyrex|Astral Barrage|p2a: Whimsicott|[spread] p2a,p2b\n|-resisted|p2a: Whimsicott\n|-damage|p2a: Whimsicott|0 fnt\n|-damage|p2b: Miraidon|29/100\n|faint|p2a: Whimsicott\n|-ability|p1a: Calyrex|Grim Neigh|boost\n|-boost|p1a: Calyrex|spa|1\n|\n|upkeep\n|\n|t:|1770236779\n|switch|p2a: Urshifu|Urshifu, L50, F|79/100\n|turn|10\n|\n|t:|1770236783\n|move|p2b: Miraidon|Electro Drift|p1a: Calyrex\n|-damage|p1a: Calyrex|0 fnt\n|faint|p1a: Calyrex\n|\n|win|writing a paper\n|raw|pzyxhic's rating: 1347 &rarr; <strong>1325</strong><br />(-22 for losing)\n|raw|writing a paper's rating: 1316 &rarr; <strong>1338</strong><br />(+22 for winning)\n|l|\u2606pzyxhic\n|player|p1|\n|l|\u2606writing a paper\n|player|p2|\n","uploadtime":1770237052,"views":11,"formatid":"gen9vgc2026regi","rating":1325,"private":0,"password":null}