{"id":"gen9vgc2026regi-2580888749","format":"[Gen 9] VGC 2026 Reg I","players":["jpto5","ChuRuRun"],"log":"|j|\u2606jpto5\n|j|\u2606ChuRuRun\n|t:|1775940759\n|gametype|doubles\n|player|p1|jpto5|266|1344\n|player|p2|ChuRuRun|harlequin|1300\n|gen|9\n|tier|[Gen 9] VGC 2026 Reg I\n|rated|\n|rule|Species Clause: Limit one of each Pok\u00e9mon\n|rule|Item Clause: Limit 1 of each item\n|clearpoke\n|poke|p1|Tornadus, L50, M|\n|poke|p1|Kyogre, L50|\n|poke|p1|Zacian-*, L50|\n|poke|p1|Basculegion, L50, M|\n|poke|p1|Incineroar, L50, F|\n|poke|p1|Archaludon, L50, M|\n|poke|p2|Kyogre, L50|\n|poke|p2|Basculegion, L50, M|\n|poke|p2|Flutter Mane, L50|\n|poke|p2|Amoonguss, L50, F|\n|poke|p2|Calyrex-Ice, L50|\n|poke|p2|Iron Jugulis, L50|\n|teampreview|4\n|inactive|Battle timer is ON: inactive players will automatically lose when time's up. (requested by jpto5)\n|inactive|ChuRuRun has 60 seconds left.\n|inactive|ChuRuRun has 30 seconds left.\n|inactive|ChuRuRun has 20 seconds left.\n|inactive|ChuRuRun has 15 seconds left.\n|\n|t:|1775940837\n|teamsize|p1|4\n|teamsize|p2|4\n|start\n|switch|p1a: Tornadus|Tornadus, L50, M|100/100\n|switch|p1b: Archaludon|Archaludon, L50, M|100/100\n|switch|p2a: Iron Jugulis|Iron Jugulis, L50|100/100\n|switch|p2b: Calyrex|Calyrex-Ice, L50|100/100\n|-ability|p2b: Calyrex|As One\n|-ability|p2b: Calyrex|Unnerve\n|-enditem|p2a: Iron Jugulis|Booster Energy\n|-activate|p2a: Iron Jugulis|ability: Quark Drive|[fromitem]\n|-start|p2a: Iron Jugulis|quarkdrivespe\n|turn|1\n|inactive|jpto5 has 30 seconds left.\n|inactive|ChuRuRun has 30 seconds left.\n|\n|t:|1775940872\n|move|p1a: Tornadus|Taunt|p2b: Calyrex\n|-start|p2b: Calyrex|move: Taunt\n|move|p2a: Iron Jugulis|Snarl|p1a: Tornadus|[spread] p1a,p1b\n|-crit|p1b: Archaludon\n|-damage|p1a: Tornadus|71/100\n|-damage|p1b: Archaludon|53/100\n|-unboost|p1a: Tornadus|spa|1\n|-unboost|p1b: Archaludon|spa|1\n|move|p1b: Archaludon|Flash Cannon|p2b: Calyrex\n|-supereffective|p2b: Calyrex\n|-damage|p2b: Calyrex|59/100\n|cant|p2b: Calyrex|move: Taunt|Trick Room\n|\n|-heal|p2b: Calyrex|65/100|[from] item: Leftovers\n|upkeep\n|turn|2\n|\n|t:|1775940894\n|move|p1a: Tornadus|Tailwind|p1a: Tornadus\n|-sidestart|p1: jpto5|move: Tailwind\n|move|p1b: Archaludon|Flash Cannon|p2b: Calyrex\n|-supereffective|p2b: Calyrex\n|-damage|p2b: Calyrex|22/100\n|move|p2a: Iron Jugulis|Snarl|p1a: Tornadus|[spread] p1a,p1b\n|-damage|p1a: Tornadus|41/100\n|-damage|p1b: Archaludon|24/100\n|-unboost|p1a: Tornadus|spa|1\n|-unboost|p1b: Archaludon|spa|1\n|move|p2b: Calyrex|Glacial Lance|p1b: Archaludon|[spread] p1a,p1b\n|-supereffective|p1a: Tornadus\n|-damage|p1a: Tornadus|0 fnt\n|-damage|p1b: Archaludon|0 fnt\n|faint|p1a: Tornadus\n|faint|p1b: Archaludon\n|-ability|p2b: Calyrex|Chilling Neigh|boost\n|-boost|p2b: Calyrex|atk|2\n|\n|-heal|p2b: Calyrex|28/100|[from] item: Leftovers\n|upkeep\n|\n|t:|1775940899\n|switch|p1a: Incineroar|Incineroar, L50, F|100/100\n|switch|p1b: Zacian|Zacian-Crowned, L50|100/100\n|-ability|p1b: Zacian|Intrepid Sword|boost\n|-boost|p1b: Zacian|atk|1\n|-ability|p1a: Incineroar|Intimidate|boost\n|-unboost|p2a: Iron Jugulis|atk|1\n|-unboost|p2b: Calyrex|atk|1\n|turn|3\n|inactive|ChuRuRun has 30 seconds left.\n|\n|t:|1775940930\n|move|p1b: Zacian|Play Rough|p2a: Iron Jugulis\n|-supereffective|p2a: Iron Jugulis\n|-damage|p2a: Iron Jugulis|0 fnt\n|faint|p2a: Iron Jugulis\n|-end|p2a: Iron Jugulis|Quark Drive|[silent]\n|move|p1a: Incineroar|Knock Off|p2b: Calyrex\n|-supereffective|p2b: Calyrex\n|-damage|p2b: Calyrex|0 fnt\n|-enditem|p2b: Calyrex|Leftovers|[from] move: Knock Off|[of] p1a: Incineroar\n|faint|p2b: Calyrex\n|\n|upkeep\n|\n|t:|1775940937\n|switch|p2a: Basculegion|Basculegion, L50, M, shiny|100/100\n|switch|p2b: Amoonguss|Amoonguss, L50, F|100/100\n|turn|4\n|\n|t:|1775940961\n|-terastallize|p2a: Basculegion|Ghost\n|move|p2b: Amoonguss|Rage Powder|p2b: Amoonguss\n|-singleturn|p2b: Amoonguss|move: Rage Powder\n|move|p1b: Zacian|Behemoth Blade|p2b: Amoonguss\n|-damage|p2b: Amoonguss|0 fnt\n|faint|p2b: Amoonguss\n|move|p2a: Basculegion|Last Respects|p1b: Zacian\n|-damage|p1b: Zacian|0 fnt\n|faint|p1b: Zacian\n|-damage|p2a: Basculegion|91/100|[from] item: Life Orb\n|move|p1a: Incineroar|Flare Blitz|p2a: Basculegion\n|-damage|p2a: Basculegion|27/100\n|-damage|p1a: Incineroar|80/100|[from] Recoil\n|\n|upkeep\n|turn|5\n|inactive|jpto5 has 30 seconds left.\n|\n|t:|1775940987\n|-terastallize|p1a: Incineroar|Ghost\n|move|p2a: Basculegion|Protect|p2a: Basculegion\n|-singleturn|p2a: Basculegion|Protect\n|move|p1a: Incineroar|Knock Off|p2a: Basculegion\n|-activate|p2a: Basculegion|move: Protect\n|\n|-sideend|p1: jpto5|move: Tailwind\n|upkeep\n|turn|6\n|\n|t:|1775940996\n|move|p2a: Basculegion|Last Respects|p1a: Incineroar\n|-supereffective|p1a: Incineroar\n|-damage|p1a: Incineroar|0 fnt\n|faint|p1a: Incineroar\n|-damage|p2a: Basculegion|17/100|[from] item: Life Orb\n|\n|win|ChuRuRun\n|raw|jpto5's rating: 1344 &rarr; <strong>1321</strong><br />(-23 for losing)\n|raw|ChuRuRun's rating: 1300 &rarr; <strong>1328</strong><br />(+28 for winning)\n|l|\u2606jpto5\n|player|p1|\n|l|\u2606ChuRuRun\n|player|p2|\n","uploadtime":1775941186,"views":14,"formatid":"gen9vgc2026regi","rating":1321,"private":0,"password":null}