{"id":"gen9vgc2026regi-2523785313","format":"[Gen 9] VGC 2026 Reg I","players":["marcxhenry","Teamtest09"],"log":"|j|\u2606marcxhenry\n|j|\u2606Teamtest09\n|t:|1769070404\n|gametype|doubles\n|player|p1|marcxhenry|hilbert-wonderlauncher|1360\n|player|p2|Teamtest09|unknown|1393\n|gen|9\n|tier|[Gen 9] VGC 2026 Reg I\n|rated|\n|rule|Species Clause: Limit one of each Pok\u00e9mon\n|rule|Item Clause: Limit 1 of each item\n|clearpoke\n|poke|p1|Calyrex-Shadow, L50|\n|poke|p1|Urshifu-*, L50, M|\n|poke|p1|Roaring Moon, L50|\n|poke|p1|Kyogre, L50|\n|poke|p1|Tsareena, L50, F|\n|poke|p1|Kingambit, L50, M|\n|poke|p2|Calyrex-Shadow, L50|\n|poke|p2|Zamazenta-*, L50|\n|poke|p2|Chien-Pao, L50|\n|poke|p2|Dragonite, L50, F|\n|poke|p2|Raging Bolt, L50|\n|poke|p2|Amoonguss, L50, F|\n|teampreview|4\n|\n|t:|1769070462\n|teamsize|p1|4\n|teamsize|p2|4\n|start\n|switch|p1a: Ludwig|Calyrex-Shadow, L50|100/100\n|switch|p1b: Roter Baron|Roaring Moon, L50, shiny|100/100\n|switch|p2a: Raging Bolt|Raging Bolt, L50|100/100\n|switch|p2b: Zamazenta|Zamazenta-Crowned, L50|100/100\n|-ability|p1a: Ludwig|As One\n|-ability|p1a: Ludwig|Unnerve\n|-ability|p2b: Zamazenta|Dauntless Shield|boost\n|-boost|p2b: Zamazenta|def|1\n|-enditem|p1b: Roter Baron|Booster Energy\n|-activate|p1b: Roter Baron|ability: Protosynthesis|[fromitem]\n|-start|p1b: Roter Baron|protosynthesisspe\n|-enditem|p2a: Raging Bolt|Booster Energy\n|-activate|p2a: Raging Bolt|ability: Protosynthesis|[fromitem]\n|-start|p2a: Raging Bolt|protosynthesisspa\n|turn|1\n|\n|t:|1769070485\n|-terastallize|p1b: Roter Baron|Flying\n|move|p1a: Ludwig|Protect|p1a: Ludwig\n|-singleturn|p1a: Ludwig|Protect\n|move|p1b: Roter Baron|Knock Off|p2a: Raging Bolt\n|-damage|p2a: Raging Bolt|73/100\n|move|p2b: Zamazenta|Body Press|p1b: Roter Baron\n|-resisted|p1b: Roter Baron\n|-damage|p1b: Roter Baron|55/100\n|move|p2a: Raging Bolt|Thunderbolt|p1a: Ludwig\n|-activate|p1a: Ludwig|move: Protect\n|\n|upkeep\n|turn|2\n|\n|t:|1769070510\n|move|p1b: Roter Baron|Tailwind|p1b: Roter Baron\n|-sidestart|p1: marcxhenry|move: Tailwind\n|move|p1a: Ludwig|Psychic|p2a: Raging Bolt\n|-damage|p2a: Raging Bolt|29/100\n|-unboost|p2a: Raging Bolt|spd|1\n|move|p2b: Zamazenta|Heavy Slam|p1a: Ludwig\n|-damage|p1a: Ludwig|43/100\n|move|p2a: Raging Bolt|Thunderbolt|p1b: Roter Baron\n|-supereffective|p1b: Roter Baron\n|-damage|p1b: Roter Baron|0 fnt\n|faint|p1b: Roter Baron\n|-end|p1b: Roter Baron|Protosynthesis|[silent]\n|\n|upkeep\n|\n|t:|1769070522\n|switch|p1b: Tripitz|Kyogre, L50, shiny|100/100\n|-weather|RainDance|[from] ability: Drizzle|[of] p1b: Tripitz\n|turn|3\n|\n|t:|1769070554\n|switch|p1b: Eva|Tsareena, L50, F, shiny|100/100\n|-terastallize|p2b: Zamazenta|Dragon\n|move|p2a: Raging Bolt|Thunderclap||[still]\n|cant|p1b: Eva|ability: Queenly Majesty|Thunderclap|[of] p2a: Raging Bolt\n|move|p1a: Ludwig|Psychic|p2a: Raging Bolt\n|-damage|p2a: Raging Bolt|0 fnt\n|faint|p2a: Raging Bolt\n|-end|p2a: Raging Bolt|Protosynthesis|[silent]\n|-ability|p1a: Ludwig|Grim Neigh|boost\n|-boost|p1a: Ludwig|spa|1\n|move|p2b: Zamazenta|Body Press|p1b: Eva\n|-crit|p1b: Eva\n|-damage|p1b: Eva|0 fnt\n|faint|p1b: Eva\n|\n|-weather|RainDance|[upkeep]\n|upkeep\n|\n|t:|1769070568\n|switch|p1b: Tripitz|Kyogre, L50, shiny|100/100\n|switch|p2a: Amoonguss|Amoonguss, L50, F|100/100\n|turn|4\n|\n|t:|1769070588\n|move|p1a: Ludwig|Astral Barrage|p2a: Amoonguss|[spread] p2a,p2b\n|-damage|p2a: Amoonguss|37/100\n|-damage|p2b: Zamazenta|46/100\n|move|p1b: Tripitz|Water Spout|p2b: Zamazenta|[spread] p2a,p2b\n|-resisted|p2a: Amoonguss\n|-resisted|p2b: Zamazenta\n|-crit|p2b: Zamazenta\n|-damage|p2a: Amoonguss|0 fnt\n|-damage|p2b: Zamazenta|0 fnt\n|faint|p2a: Amoonguss\n|faint|p2b: Zamazenta\n|\n|-weather|RainDance|[upkeep]\n|upkeep\n|c|\u2606Teamtest09|:(\n|\n|t:|1769070600\n|switch|p2a: Calyrex|Calyrex-Shadow, L50|100/100\n|-ability|p2a: Calyrex|As One\n|-ability|p2a: Calyrex|Unnerve\n|turn|5\n|c|\u2606marcxhenry|Crit for crit at least\n|c|\u2606marcxhenry|:D\n|\n|t:|1769070610\n|move|p2a: Calyrex|Protect|p2a: Calyrex\n|-singleturn|p2a: Calyrex|Protect\n|move|p1b: Tripitz|Water Spout|p2a: Calyrex\n|-activate|p2a: Calyrex|move: Protect\n|move|p1a: Ludwig|Trick Room|p1a: Ludwig\n|-fieldstart|move: Trick Room|[of] p1a: Ludwig\n|\n|-weather|RainDance|[upkeep]\n|-sideend|p1: marcxhenry|move: Tailwind\n|upkeep\n|turn|6\n|\n|t:|1769070618\n|move|p1a: Ludwig|Protect|p1a: Ludwig\n|-singleturn|p1a: Ludwig|Protect\n|move|p1b: Tripitz|Water Spout|p2a: Calyrex\n|-enditem|p2a: Calyrex|Focus Sash\n|-damage|p2a: Calyrex|1/100\n|move|p2a: Calyrex|Astral Barrage|p1b: Tripitz|[spread] p1b\n|-activate|p1a: Ludwig|move: Protect\n|-damage|p1b: Tripitz|61/100\n|\n|-weather|RainDance|[upkeep]\n|upkeep\n|turn|7\n|\n|t:|1769070630\n|move|p1b: Tripitz|Water Spout|p2a: Calyrex\n|-damage|p2a: Calyrex|0 fnt\n|faint|p2a: Calyrex\n|\n|win|marcxhenry\n|raw|marcxhenry's rating: 1360 &rarr; <strong>1382</strong><br />(+22 for winning)\n|raw|Teamtest09's rating: 1393 &rarr; <strong>1371</strong><br />(-22 for losing)\n|l|\u2606marcxhenry\n|player|p1|\n|l|\u2606Teamtest09\n|player|p2|\n","uploadtime":1769070883,"views":17,"formatid":"gen9vgc2026regi","rating":1371,"private":0,"password":null}