{"id":"gen9vgc2026regi-2564508038","format":"[Gen 9] VGC 2026 Reg I","players":["JERRY RIVERA","gdyee"],"log":"|j|\u2606JERRY RIVERA\n|j|\u2606gdyee\n|t:|1774154768\n|gametype|doubles\n|player|p1|JERRY RIVERA|silver|1257\n|player|p2|gdyee|supernerd|1260\n|gen|9\n|tier|[Gen 9] VGC 2026 Reg I\n|rated|\n|rule|Species Clause: Limit one of each Pok\u00e9mon\n|rule|Item Clause: Limit 1 of each item\n|clearpoke\n|poke|p1|Kyogre, L50|\n|poke|p1|Ditto, L50|\n|poke|p1|Urshifu-*, L50, F|\n|poke|p1|Tornadus, L50, M|\n|poke|p1|Indeedee-F, L50, F|\n|poke|p1|Lunala, L50|\n|poke|p2|Hawlucha, L50, M|\n|poke|p2|Miraidon, L50|\n|poke|p2|Farigiraf, L50, M|\n|poke|p2|Zamazenta-*, L50|\n|poke|p2|Incineroar, L50, F|\n|poke|p2|Ogerpon, L50, F|\n|teampreview|4\ngdyee has agreed to open team sheets.\n|inactive|Battle timer is ON: inactive players will automatically lose when time's up. (requested by gdyee)\n|\n|t:|1774154792\n|teamsize|p1|4\n|teamsize|p2|4\n|start\n|switch|p1a: Jorginho|Tornadus, L50, M|100/100\n|switch|p1b: Itaki Chan|Lunala, L50|100/100\n|switch|p2a: Hawlucha|Hawlucha, L50, M|100/100\n|switch|p2b: Miraidon|Miraidon, L50|100/100\n|-fieldstart|move: Electric Terrain|[from] ability: Hadron Engine|[of] p2b: Miraidon\n|-enditem|p2a: Hawlucha|Electric Seed\n|-boost|p2a: Hawlucha|def|1|[from] item: Electric Seed\n|turn|1\n|\n|t:|1774154807\n|switch|p1a: Annita|Indeedee-F, L50, F|100/100\n|-fieldstart|move: Psychic Terrain|[from] ability: Psychic Surge|[of] p1a: Annita\n|-terastallize|p1b: Itaki Chan|Psychic\n|move|p2a: Hawlucha|Acrobatics|p1b: Itaki Chan\n|-damage|p1b: Itaki Chan|78/100\n|move|p2b: Miraidon|Snarl|p1b: Itaki Chan|[spread] p1a,p1b\n|-supereffective|p1a: Annita\n|-supereffective|p1b: Itaki Chan\n|-damage|p1a: Annita|69/100\n|-damage|p1b: Itaki Chan|53/100\n|-unboost|p1a: Annita|spa|1\n|-unboost|p1b: Itaki Chan|spa|1\n|-enditem|p2b: Miraidon|Throat Spray\n|-boost|p2b: Miraidon|spa|1|[from] item: Throat Spray\n|move|p1b: Itaki Chan|Expanding Force|p2b: Miraidon|[spread] p2a,p2b\n|-supereffective|p2a: Hawlucha\n|-damage|p2a: Hawlucha|0 fnt\n|-damage|p2b: Miraidon|54/100\n|faint|p2a: Hawlucha\n|\n|upkeep\n|\n|t:|1774154829\n|switch|p2a: Zamazenta|Zamazenta-Crowned, L50|100/100\n|-ability|p2a: Zamazenta|Dauntless Shield|boost\n|-boost|p2a: Zamazenta|def|1\n|turn|2\n|\n|t:|1774154839\n|switch|p1b: HAO|Ditto, L50|100/100\n|-transform|p1b: HAO|p2a: Zamazenta|[from] ability: Imposter\n|-ability|p1b: HAO|Dauntless Shield|boost\n|-boost|p1b: HAO|def|1\n|move|p1a: Annita|Follow Me|p1a: Annita\n|-singleturn|p1a: Annita|move: Follow Me\n|move|p2b: Miraidon|Snarl|p1b: HAO|[spread] p1a,p1b\n|-supereffective|p1a: Annita\n|-resisted|p1b: HAO\n|-damage|p1a: Annita|26/100\n|-damage|p1b: HAO|91/100\n|-unboost|p1a: Annita|spa|1\n|-unboost|p1b: HAO|spa|1\n|-enditem|p1b: HAO|Red Card|[of] p2b: Miraidon\n|drag|p2b: Incineroar|Incineroar, L50, F|100/100\n|-ability|p2b: Incineroar|Intimidate|boost\n|-unboost|p1a: Annita|atk|1\n|-unboost|p1b: HAO|atk|1\n|move|p2a: Zamazenta|Body Press|p1a: Annita\n|-damage|p1a: Annita|0 fnt\n|faint|p1a: Annita\n|\n|upkeep\n|\n|t:|1774154861\n|switch|p1a: Itaki Chan|Lunala, L50, tera:Psychic|53/100\n|turn|3\n|inactive|gdyee has 30 seconds left.\n|\n|t:|1774154894\n|-terastallize|p2a: Zamazenta|Ghost\n|move|p1a: Itaki Chan|Expanding Force|p2a: Zamazenta|[spread] p2a\n|-immune|p2b: Incineroar\n|-damage|p2a: Zamazenta|49/100\n|move|p1b: HAO|Body Press|p2b: Incineroar\n|-supereffective|p2b: Incineroar\n|-damage|p2b: Incineroar|0 fnt\n|faint|p2b: Incineroar\n|move|p2a: Zamazenta|Body Press|p1b: HAO\n|-supereffective|p1b: HAO\n|-damage|p1b: HAO|40/100\n|\n|upkeep\n|\n|t:|1774154901\n|switch|p2b: Miraidon|Miraidon, L50|54/100\n|-fieldstart|move: Electric Terrain|[from] ability: Hadron Engine|[of] p2b: Miraidon\n|turn|4\n|\n|t:|1774154926\n|move|p1b: HAO|Protect|p1b: HAO\n|-singleturn|p1b: HAO|Protect\n|move|p2b: Miraidon|Electro Drift|p1b: HAO\n|-activate|p1b: HAO|move: Protect\n|move|p1a: Itaki Chan|Moongeist Beam|p2b: Miraidon\n|-damage|p2b: Miraidon|15/100\n|move|p2a: Zamazenta|Behemoth Bash|p1a: Itaki Chan\n|-damage|p1a: Itaki Chan|16/100\n|\n|upkeep\n|turn|5\n|\n|t:|1774154949\n|move|p1a: Itaki Chan|Moongeist Beam|p2a: Zamazenta\n|-supereffective|p2a: Zamazenta\n|-damage|p2a: Zamazenta|0 fnt\n|faint|p2a: Zamazenta\n|move|p2b: Miraidon|Electro Drift|p1a: Itaki Chan\n|-damage|p1a: Itaki Chan|0 fnt\n|faint|p1a: Itaki Chan\n|move|p1b: HAO|Body Press|p2b: Miraidon\n|-damage|p2b: Miraidon|0 fnt\n|faint|p2b: Miraidon\n|\n|win|JERRY RIVERA\n|raw|JERRY RIVERA's rating: 1257 &rarr; <strong>1282</strong><br />(+25 for winning)\n|raw|gdyee's rating: 1260 &rarr; <strong>1235</strong><br />(-25 for losing)\n|l|\u2606gdyee\n|player|p2|\n|l|\u2606JERRY RIVERA\n|player|p1|\n","uploadtime":1774155225,"views":7,"formatid":"gen9vgc2026regi","rating":1235,"private":0,"password":null}