{"id":"gen9vgc2026regi-2520527915","format":"[Gen 9] VGC 2026 Reg I","players":["thienhaha555","blackred123\u6c38\u96cf\u5854\u83f2\u4fa0"],"log":"|j|\u203dthienhaha555\n|j|\u2606blackred123\u6c38\u96cf\u5854\u83f2\u4fa0\n|t:|1768648829\n|gametype|doubles\n|player|p1|thienhaha555|beauty-gen4dp|1120\n|player|p2|blackred123\u6c38\u96cf\u5854\u83f2\u4fa0|iono-masters|1156\n|gen|9\n|tier|[Gen 9] VGC 2026 Reg I\n|rated|\n|rule|Species Clause: Limit one of each Pok\u00e9mon\n|rule|Item Clause: Limit 1 of each item\n|clearpoke\n|poke|p1|Koraidon, L50|\n|poke|p1|Kyurem-White, L50|\n|poke|p1|Sableye, L50, M|\n|poke|p1|Incineroar, L50, M|\n|poke|p1|Flutter Mane, L50|\n|poke|p1|Rillaboom, L50, F|\n|poke|p2|Miraidon, L50|\n|poke|p2|Calyrex-Ice, L50|\n|poke|p2|Landorus, L50, M|\n|poke|p2|Incineroar, L50, M|\n|poke|p2|Urshifu-*, L50, F|\n|poke|p2|Amoonguss, L50, F|\n|teampreview|4\n|inactive|Battle timer is ON: inactive players will automatically lose when time's up. (requested by blackred123\u6c38\u96cf\u5854\u83f2\u4fa0)\n|\n|t:|1768648850\n|teamsize|p1|4\n|teamsize|p2|4\n|start\n|switch|p1a: Kyurem|Kyurem-White, L50, shiny|100/100\n|switch|p1b: Sableye|Sableye, L50, M, shiny|100/100\n|switch|p2a: Miraidon|Miraidon, L50, shiny|100/100\n|switch|p2b: Incineroar|Incineroar, L50, M|100/100\n|-fieldstart|move: Electric Terrain|[from] ability: Hadron Engine|[of] p2a: Miraidon\n|-ability|p1a: Kyurem|Turboblaze\n|-ability|p2b: Incineroar|Intimidate|boost\n|-unboost|p1a: Kyurem|atk|1\n|-unboost|p1b: Sableye|atk|1\n|turn|1\n|\n|t:|1768648870\n|switch|p2a: Calyrex|Calyrex-Ice, L50|100/100\n|-ability|p2a: Calyrex|As One\n|-ability|p2a: Calyrex|Unnerve\n|move|p1a: Kyurem|Protect|p1a: Kyurem\n|-singleturn|p1a: Kyurem|Protect\n|move|p1b: Sableye|Fake Out|p2a: Calyrex\n|-damage|p2a: Calyrex|97/100\n|move|p2b: Incineroar|Knock Off|p1b: Sableye\n|-damage|p1b: Sableye|51/100\n|-enditem|p1b: Sableye|Sitrus Berry|[from] move: Knock Off|[of] p2b: Incineroar\n|\n|-heal|p2a: Calyrex|100/100|[from] item: Leftovers\n|upkeep\n|turn|2\n|inactive|blackred123\u6c38\u96cf\u5854\u83f2\u4fa0 has 30 seconds left.\n|\n|t:|1768648899\n|-terastallize|p1a: Kyurem|Fire\n|move|p1b: Sableye|Sunny Day|p1b: Sableye\n|-weather|SunnyDay\n|move|p1a: Kyurem|Fusion Flare|p2a: Calyrex\n|-supereffective|p2a: Calyrex\n|-damage|p2a: Calyrex|0 fnt\n|faint|p2a: Calyrex\n|-damage|p1a: Kyurem|91/100|[from] item: Life Orb\n|move|p2b: Incineroar|Knock Off|p1b: Sableye\n|-damage|p1b: Sableye|16/100\n|\n|-weather|SunnyDay|[upkeep]\n|upkeep\n|\n|t:|1768648907\n|switch|p2a: Landorus|Landorus, L50, M|100/100\n|turn|3\n|\n|t:|1768648919\n|-terastallize|p2a: Landorus|Water\n|move|p1b: Sableye|Quash|p2a: Landorus\n|-activate|p2a: Landorus|move: Quash\n|move|p1a: Kyurem|Freeze-Dry|p2a: Landorus\n|-supereffective|p2a: Landorus\n|-crit|p2a: Landorus\n|-damage|p2a: Landorus|0 fnt\n|faint|p2a: Landorus\n|-damage|p1a: Kyurem|81/100|[from] item: Life Orb\n|move|p2b: Incineroar|U-turn|p1a: Kyurem\n|-resisted|p1a: Kyurem\n|-damage|p1a: Kyurem|73/100\n|\n|t:|1768648932\n|switch|p2b: Miraidon|Miraidon, L50, shiny|100/100|[from] U-turn\n|-activate|p2b: Miraidon|ability: Hadron Engine\n|\n|-weather|SunnyDay|[upkeep]\n|upkeep\n|\n|t:|1768648934\n|switch|p2a: Incineroar|Incineroar, L50, M|100/100\n|-ability|p2a: Incineroar|Intimidate|boost\n|-unboost|p1a: Kyurem|atk|1\n|-unboost|p1b: Sableye|atk|1\n|turn|4\n|j| QAQeee\u5609\u7136\u4fa0\n|\n|t:|1768648946\n|switch|p1b: Rillaboom|Rillaboom, L50, F|100/100\n|-fieldstart|move: Grassy Terrain|[from] ability: Grassy Surge|[of] p1b: Rillaboom\n|move|p1a: Kyurem|Protect|p1a: Kyurem\n|-singleturn|p1a: Kyurem|Protect\n|move|p2a: Incineroar|Fake Out|p1a: Kyurem\n|-activate|p1a: Kyurem|move: Protect\n|move|p2b: Miraidon|Electro Drift|p1b: Rillaboom\n|-resisted|p1b: Rillaboom\n|-damage|p1b: Rillaboom|65/100\n|-damage|p2b: Miraidon|84/100|[from] item: Rocky Helmet|[of] p1b: Rillaboom\n|\n|-weather|SunnyDay|[upkeep]\n|-heal|p2b: Miraidon|90/100|[from] Grassy Terrain\n|-heal|p1a: Kyurem|79/100|[from] Grassy Terrain\n|-heal|p1b: Rillaboom|71/100|[from] Grassy Terrain\n|upkeep\n|turn|5\n|\n|t:|1768648962\n|move|p2b: Miraidon|Protect|p2b: Miraidon\n|-singleturn|p2b: Miraidon|Protect\n|move|p1b: Rillaboom|Fake Out|p2b: Miraidon\n|-activate|p2b: Miraidon|move: Protect\n|move|p1a: Kyurem|Freeze-Dry|p2b: Miraidon\n|-activate|p2b: Miraidon|move: Protect\n|move|p2a: Incineroar|Flare Blitz|p1b: Rillaboom\n|-supereffective|p1b: Rillaboom\n|-damage|p1b: Rillaboom|0 fnt\n|-damage|p2a: Incineroar|84/100|[from] item: Rocky Helmet|[of] p1b: Rillaboom\n|faint|p1b: Rillaboom\n|-damage|p2a: Incineroar|60/100|[from] Recoil\n|\n|-weather|SunnyDay|[upkeep]\n|-heal|p2b: Miraidon|96/100|[from] Grassy Terrain\n|-heal|p1a: Kyurem|85/100|[from] Grassy Terrain\n|-heal|p2a: Incineroar|66/100|[from] Grassy Terrain\n|upkeep\n|\n|t:|1768648964\n|switch|p1b: Sableye|Sableye, L50, M, shiny|16/100\n|turn|6\n|\n|t:|1768648979\n|move|p2b: Miraidon|Protect||[still]\n|-fail|p2b: Miraidon\n|move|p1b: Sableye|Fake Out|p2b: Miraidon\n|-damage|p2b: Miraidon|88/100\n|move|p1a: Kyurem|Freeze-Dry|p2b: Miraidon\n|-supereffective|p2b: Miraidon\n|-damage|p2b: Miraidon|0 fnt\n|faint|p2b: Miraidon\n|-damage|p1a: Kyurem|75/100|[from] item: Life Orb\n|move|p2a: Incineroar|Knock Off|p1b: Sableye\n|-damage|p1b: Sableye|0 fnt\n|faint|p1b: Sableye\n|\n|-weather|none\n|-heal|p1a: Kyurem|81/100|[from] Grassy Terrain\n|-heal|p2a: Incineroar|72/100|[from] Grassy Terrain\n|upkeep\n|\n|t:|1768648986\n|switch|p1b: Koraidon|Koraidon, L50|100/100\n|-weather|SunnyDay|[from] ability: Orichalcum Pulse|[of] p1b: Koraidon\n|-activate|p1b: Koraidon|Orichalcum Pulse|[source]\n|turn|7\n|-message|blackred123\u6c38\u96cf\u5854\u83f2\u4fa0 forfeited.\n|\n|win|thienhaha555\n|raw|thienhaha555's rating: 1120 &rarr; <strong>1148</strong><br />(+28 for winning)\n|raw|blackred123\u6c38\u96cf\u5854\u83f2\u4fa0's rating: 1156 &rarr; <strong>1128</strong><br />(-28 for losing)\n|l|\u2606blackred123\u6c38\u96cf\u5854\u83f2\u4fa0\n|player|p2|\n|l|\u203dthienhaha555\n|player|p1|\n|l| QAQeee\u5609\u7136\u4fa0\n","uploadtime":1768649329,"views":19,"formatid":"gen9vgc2026regi","rating":1128,"private":0,"password":null}