{"id":"gen9vgc2026regi-2573976714","format":"[Gen 9] VGC 2026 Reg I","players":["N jordan","Mulaticoxxx"],"log":"|j|\u2606N jordan\n|j|\u2606Mulaticoxxx\n|t:|1775184456\n|gametype|doubles\n|player|p1|N jordan|n|1220\n|player|p2|Mulaticoxxx|101|1220\n|gen|9\n|tier|[Gen 9] VGC 2026 Reg I\n|rated|\n|rule|Species Clause: Limit one of each Pok\u00e9mon\n|rule|Item Clause: Limit 1 of each item\n|clearpoke\n|poke|p1|Calyrex-Shadow, L50|\n|poke|p1|Tornadus, L50, M|\n|poke|p1|Zamazenta-*, L50|\n|poke|p1|Landorus-Therian, L50, M|\n|poke|p1|Typhlosion-Hisui, L50, M|\n|poke|p1|Chi-Yu, L50|\n|poke|p2|Tyranitar, L50, M|\n|poke|p2|Houndstone, L50, F|\n|poke|p2|Garganacl, L50, F|\n|poke|p2|Gastrodon, L50, M|\n|poke|p2|Calyrex-Ice, L50|\n|poke|p2|Milotic, L50, M|\n|teampreview|4\n|inactive|Battle timer is ON: inactive players will automatically lose when time's up. (requested by Mulaticoxxx)\n|inactive|N jordan has 60 seconds left.\n|inactive|Mulaticoxxx has 60 seconds left.\n|\n|t:|1775184504\n|teamsize|p1|4\n|teamsize|p2|4\n|start\n|switch|p1a: Calyrex|Calyrex-Shadow, L50|100/100\n|switch|p1b: Zamazenta|Zamazenta-Crowned, L50|100/100\n|switch|p2a: Milotic|Milotic, L50, M|100/100\n|switch|p2b: Garganacl|Garganacl, L50, F|100/100\n|-ability|p1a: Calyrex|As One\n|-ability|p1a: Calyrex|Unnerve\n|-ability|p1b: Zamazenta|Dauntless Shield|boost\n|-boost|p1b: Zamazenta|def|1\n|turn|1\n|inactive|Mulaticoxxx has 30 seconds left.\n|\n|t:|1775184537\n|move|p2b: Garganacl|Protect|p2b: Garganacl\n|-singleturn|p2b: Garganacl|Protect\n|move|p1a: Calyrex|Astral Barrage|p2b: Garganacl|[spread] p2a\n|-activate|p2b: Garganacl|move: Protect\n|-damage|p2a: Milotic|68/100\n|move|p1b: Zamazenta|Iron Defense|p1b: Zamazenta\n|-boost|p1b: Zamazenta|def|2\n|move|p2a: Milotic|Scald|p1a: Calyrex\n|-damage|p1a: Calyrex|71/100\n|\n|upkeep\n|turn|2\n|\n|t:|1775184558\n|-terastallize|p2b: Garganacl|Ghost\n|move|p2b: Garganacl|Wide Guard|p2b: Garganacl\n|-singleturn|p2b: Garganacl|Wide Guard\n|move|p1a: Calyrex|Astral Barrage|p2b: Garganacl|[spread] \n|-activate|p2a: Milotic|move: Wide Guard\n|-activate|p2b: Garganacl|move: Wide Guard\n|move|p1b: Zamazenta|Body Press|p2b: Garganacl\n|-immune|p2b: Garganacl\n|move|p2a: Milotic|Scald|p1a: Calyrex\n|-damage|p1a: Calyrex|42/100\n|-status|p1a: Calyrex|brn\n|\n|-damage|p1a: Calyrex|36/100 brn|[from] brn\n|upkeep\n|turn|3\n|\n|t:|1775184580\n|move|p2a: Milotic|Protect|p2a: Milotic\n|-singleturn|p2a: Milotic|Protect\n|move|p1a: Calyrex|Astral Barrage|p2b: Garganacl|[spread] p2b\n|-activate|p2a: Milotic|move: Protect\n|-supereffective|p2b: Garganacl\n|-damage|p2b: Garganacl|44/100\n|move|p1b: Zamazenta|Iron Defense|p1b: Zamazenta\n|-boost|p1b: Zamazenta|def|2\n|move|p2b: Garganacl|Salt Cure|p1a: Calyrex\n|-crit|p1a: Calyrex\n|-damage|p1a: Calyrex|8/100 brn\n|-start|p1a: Calyrex|Salt Cure\n|\n|-heal|p2b: Garganacl|50/100|[from] item: Leftovers\n|-damage|p1a: Calyrex|3/100 brn|[from] brn\n|-damage|p1a: Calyrex|0 fnt|[from] Salt Cure\n|faint|p1a: Calyrex\n|upkeep\n|\n|t:|1775184597\n|switch|p1a: Typhlosion|Typhlosion-Hisui, L50, M|100/100\n|-item|p2a: Milotic|Safety Goggles|[from] ability: Frisk|[of] p1a: Typhlosion\n|-item|p2b: Garganacl|Leftovers|[from] ability: Frisk|[of] p1a: Typhlosion\n|turn|4\n|\n|t:|1775184621\n|move|p2b: Garganacl|Wide Guard|p2b: Garganacl\n|-singleturn|p2b: Garganacl|Wide Guard\n|move|p1a: Typhlosion|Eruption|p2a: Milotic|[spread] \n|-activate|p2a: Milotic|move: Wide Guard\n|-activate|p2b: Garganacl|move: Wide Guard\n|move|p1b: Zamazenta|Body Press|p2a: Milotic\n|-damage|p2a: Milotic|0 fnt\n|faint|p2a: Milotic\n|\n|-heal|p2b: Garganacl|56/100|[from] item: Leftovers\n|upkeep\n|\n|t:|1775184635\n|switch|p2a: Houndstone|Houndstone, L50, F|100/100\n|turn|5\n|\n|t:|1775184647\n|move|p2b: Garganacl|Wide Guard|p2b: Garganacl\n|-singleturn|p2b: Garganacl|Wide Guard\n|move|p1a: Typhlosion|Eruption|p2b: Garganacl|[spread] \n|-activate|p2a: Houndstone|move: Wide Guard\n|-activate|p2b: Garganacl|move: Wide Guard\n|move|p1b: Zamazenta|Snarl|p2b: Garganacl|[spread] \n|-activate|p2a: Houndstone|move: Wide Guard\n|-activate|p2b: Garganacl|move: Wide Guard\n|move|p2a: Houndstone|Will-O-Wisp|p1b: Zamazenta\n|-status|p1b: Zamazenta|brn\n|\n|-heal|p2b: Garganacl|62/100|[from] item: Leftovers\n|-damage|p1b: Zamazenta|94/100 brn|[from] brn\n|upkeep\n|turn|6\n|\n|t:|1775184667\n|switch|p1a: Landorus|Landorus-Therian, L50, M|100/100\n|-ability|p1a: Landorus|Intimidate|boost\n|-unboost|p2a: Houndstone|atk|1\n|-unboost|p2b: Garganacl|atk|1\n|move|p2b: Garganacl|Wide Guard|p2b: Garganacl\n|-singleturn|p2b: Garganacl|Wide Guard\n|move|p1b: Zamazenta|Snarl|p2b: Garganacl|[spread] \n|-activate|p2a: Houndstone|move: Wide Guard\n|-activate|p2b: Garganacl|move: Wide Guard\n|move|p2a: Houndstone|Last Respects|p1a: Landorus\n|-damage|p1a: Landorus|79/100\n|\n|-heal|p2b: Garganacl|68/100|[from] item: Leftovers\n|-damage|p1b: Zamazenta|88/100 brn|[from] brn\n|upkeep\n|turn|7\n|inactive|N jordan has 30 seconds left.\n|inactive|Mulaticoxxx has 30 seconds left.\n|\n|t:|1775184698\n|move|p1b: Zamazenta|Wide Guard|p1b: Zamazenta\n|-singleturn|p1b: Zamazenta|Wide Guard\n|move|p1a: Landorus|Earthquake|p2a: Houndstone|[spread] p2a,p2b\n|-activate|p1b: Zamazenta|move: Wide Guard\n|-crit|p2a: Houndstone\n|-crit|p2b: Garganacl\n|-damage|p2a: Houndstone|52/100\n|-damage|p2b: Garganacl|31/100\n|move|p2a: Houndstone|Will-O-Wisp|p1a: Landorus\n|-status|p1a: Landorus|brn\n|move|p2b: Garganacl|Salt Cure|p1a: Landorus\n|-damage|p1a: Landorus|68/100 brn\n|-start|p1a: Landorus|Salt Cure\n|\n|-heal|p2b: Garganacl|37/100|[from] item: Leftovers\n|-damage|p1b: Zamazenta|82/100 brn|[from] brn\n|-damage|p1a: Landorus|62/100 brn|[from] brn\n|-damage|p1a: Landorus|49/100 brn|[from] Salt Cure\n|upkeep\n|turn|8\n|inactive|Mulaticoxxx has 30 seconds left.\n|\n|t:|1775184728\n|move|p1b: Zamazenta|Wide Guard|p1b: Zamazenta\n|-singleturn|p1b: Zamazenta|Wide Guard\n|move|p2a: Houndstone|Ally Switch|p2a: Houndstone\n|swap|p2a: Houndstone|1|[from] move: Ally Switch\n|move|p1a: Landorus|Earthquake|p2b: Houndstone|[spread] p2a,p2b\n|-activate|p1b: Zamazenta|move: Wide Guard\n|-damage|p2a: Garganacl|24/100\n|-damage|p2b: Houndstone|37/100\n|move|p2a: Garganacl|Recover|p2a: Garganacl\n|-heal|p2a: Garganacl|74/100\n|\n|-heal|p2a: Garganacl|80/100|[from] item: Leftovers\n|-damage|p1b: Zamazenta|76/100 brn|[from] brn\n|-damage|p1a: Landorus|43/100 brn|[from] brn\n|-damage|p1a: Landorus|31/100 brn|[from] Salt Cure\n|upkeep\n|turn|9\n|\n|t:|1775184751\n|-terastallize|p1a: Landorus|Flying\n|move|p1b: Zamazenta|Snarl|p2b: Houndstone|[spread] p2a\n|-miss|p1b: Zamazenta|p2b: Houndstone\n|-supereffective|p2a: Garganacl\n|-damage|p2a: Garganacl|66/100\n|-unboost|p2a: Garganacl|spa|1\n|move|p1a: Landorus|Tera Blast|p2b: Houndstone|[anim] Tera Blast Flying\n|-damage|p2b: Houndstone|14/100\n|move|p2b: Houndstone|Disable|p1a: Landorus\n|-start|p1a: Landorus|Disable|Tera Blast\n|move|p2a: Garganacl|Salt Cure|p1b: Zamazenta\n|-resisted|p1b: Zamazenta\n|-damage|p1b: Zamazenta|76/100 brn\n|-start|p1b: Zamazenta|Salt Cure\n|\n|-heal|p2a: Garganacl|72/100|[from] item: Leftovers\n|-damage|p1b: Zamazenta|70/100 brn|[from] brn\n|-damage|p1a: Landorus|25/100 brn|[from] brn\n|-damage|p1b: Zamazenta|45/100 brn|[from] Salt Cure\n|-damage|p1a: Landorus|13/100 brn|[from] Salt Cure\n|upkeep\n|turn|10\n|inactive|N jordan has 30 seconds left.\n|inactive|Mulaticoxxx has 30 seconds left.\n|-message|N jordan forfeited.\n|\n|win|Mulaticoxxx\n|raw|N jordan's rating: 1220 &rarr; <strong>1195</strong><br />(-25 for losing)\n|raw|Mulaticoxxx's rating: 1220 &rarr; <strong>1245</strong><br />(+25 for winning)\n|l|\u2606N jordan\n|player|p1|\n|l|\u2606Mulaticoxxx\n|player|p2|\n","uploadtime":1775185028,"views":10,"formatid":"gen9vgc2026regi","rating":1195,"private":0,"password":null}