{"id":"gen9vgc2026regi-2574420518","format":"[Gen 9] VGC 2026 Reg I","players":["testhan92","vanixxx"],"log":"|j|\u2606testhan92\n|j|\u2606vanixxx\n|t:|1775238712\n|gametype|doubles\n|player|p1|testhan92|1|1468\n|player|p2|vanixxx|harlequin|1385\n|gen|9\n|tier|[Gen 9] VGC 2026 Reg I\n|rated|\n|rule|Species Clause: Limit one of each Pok\u00e9mon\n|rule|Item Clause: Limit 1 of each item\n|clearpoke\n|poke|p1|Terapagos, L50, M|\n|poke|p1|Incineroar, L50, M|\n|poke|p1|Amoonguss, L50, F|\n|poke|p1|Raging Bolt, L50|\n|poke|p1|Flutter Mane, L50|\n|poke|p1|Koraidon, L50|\n|poke|p2|Calyrex-Ice, L50|\n|poke|p2|Lunala, L50|\n|poke|p2|Amoonguss, L50, F|\n|poke|p2|Ursaluna, L50, M|\n|poke|p2|Rillaboom, L50, M|\n|poke|p2|Urshifu-*, L50, F|\n|teampreview|4\n|inactive|Battle timer is ON: inactive players will automatically lose when time's up. (requested by vanixxx)\n|inactive|testhan92 has 60 seconds left.\nvanixxx rejected open team sheets.\n|inactive|testhan92 has 30 seconds left.\n|inactive|testhan92 has 20 seconds left.\n|inactive|testhan92 has 15 seconds left.\n|inactive|testhan92 has 10 seconds left.\n|inactive|testhan92 has 5 seconds left.\n|\n|t:|1775238855\n|teamsize|p1|4\n|teamsize|p2|4\n|start\n|switch|p1a: Terapagos|Terapagos, L50, M|100/100\n|switch|p1b: Incineroar|Incineroar, L50, M|100/100\n|switch|p2a: Calyrex|Calyrex-Ice, L50|100/100\n|switch|p2b: Urshifu|Urshifu, L50, F|100/100\n|-activate|p1a: Terapagos|ability: Tera Shift\n|detailschange|p1a: Terapagos|Terapagos-Terastal, L50, M\n|-heal|p1a: Terapagos|100/100|[silent]\n|-ability|p2a: Calyrex|As One\n|-ability|p2a: Calyrex|Unnerve\n|-ability|p1b: Incineroar|Intimidate|boost\n|-fail|p2a: Calyrex|unboost|[from] item: Clear Amulet|[of] p2a: Calyrex\n|-unboost|p2b: Urshifu|atk|1\n|turn|1\n|inactive|testhan92 has 30 seconds left.\n|inactive|vanixxx has 30 seconds left.\n|inactive|testhan92 has 20 seconds left.\n|inactive|vanixxx has 20 seconds left.\n|inactive|testhan92 has 15 seconds left.\n|inactive|testhan92 has 10 seconds left.\n|inactive|testhan92 has 5 seconds left.\n|\n|t:|1775238910\n|-terastallize|p2a: Calyrex|Fire\n|move|p1a: Terapagos|Meteor Beam||[still]\n|-prepare|p1a: Terapagos|Meteor Beam\n|-boost|p1a: Terapagos|spa|1\n|-enditem|p1a: Terapagos|Power Herb\n|-anim|p1a: Terapagos|Meteor Beam|p2b: Urshifu\n|-resisted|p2b: Urshifu\n|-damage|p2b: Urshifu|63/100\n|move|p2b: Urshifu|Wicked Blow|p1a: Terapagos\n|-activate|p1a: Terapagos|ability: Tera Shell\n|-resisted|p1a: Terapagos\n|-crit|p1a: Terapagos\n|-damage|p1a: Terapagos|72/100\n|move|p1b: Incineroar|Flare Blitz|p2b: Urshifu\n|-damage|p2b: Urshifu|23/100\n|-damage|p1b: Incineroar|87/100|[from] Recoil\n|move|p2a: Calyrex|Glacial Lance|p1b: Incineroar|[spread] p1a,p1b\n|-resisted|p1b: Incineroar\n|-damage|p1a: Terapagos|16/100\n|-damage|p1b: Incineroar|57/100\n|\n|upkeep\n|turn|2\n|\n|t:|1775238933\n|-terastallize|p1a: Terapagos|Stellar\n|detailschange|p1a: Terapagos|Terapagos-Stellar, L50, M, tera:Stellar\n|-heal|p1a: Terapagos|39/100|[silent]\n|move|p2b: Urshifu|Sucker Punch|p1a: Terapagos\n|-damage|p1a: Terapagos|21/100\n|move|p1a: Terapagos|Tera Starstorm|p2b: Urshifu|[spread] p2a,p2b\n|-supereffective|p2a: Calyrex\n|-damage|p2a: Calyrex|23/100\n|-damage|p2b: Urshifu|0 fnt\n|faint|p2b: Urshifu\n|move|p1b: Incineroar|Parting Shot|p2a: Calyrex\n|-fail|p2a: Calyrex|unboost|[from] item: Clear Amulet|[of] p2a: Calyrex\n|move|p2a: Calyrex|Trick Room|p2a: Calyrex\n|-fieldstart|move: Trick Room|[of] p2a: Calyrex\n|\n|upkeep\n|\n|t:|1775238950\n|switch|p2b: Ursaluna|Ursaluna, L50, M|100/100\n|turn|3\n|\n|t:|1775238962\n|move|p1a: Terapagos|Protect|p1a: Terapagos\n|-singleturn|p1a: Terapagos|Protect\n|move|p2b: Ursaluna|Facade|p1b: Incineroar\n|-damage|p1b: Incineroar|15/100\n|move|p2a: Calyrex|Glacial Lance|p1a: Terapagos|[spread] p1b\n|-activate|p1a: Terapagos|move: Protect\n|-resisted|p1b: Incineroar\n|-damage|p1b: Incineroar|0 fnt\n|faint|p1b: Incineroar\n|-ability|p2a: Calyrex|Chilling Neigh|boost\n|-boost|p2a: Calyrex|atk|1\n|\n|-status|p2b: Ursaluna|brn|[from] item: Flame Orb\n|upkeep\n|inactive|testhan92 has 30 seconds left.\n|\n|t:|1775238989\n|switch|p1b: Amoonguss|Amoonguss, L50, F, shiny|100/100\n|turn|4\n|inactive|vanixxx has 30 seconds left.\n|\n|t:|1775239020\n|move|p2a: Calyrex|Protect|p2a: Calyrex\n|-singleturn|p2a: Calyrex|Protect\n|move|p1a: Terapagos|Protect|p1a: Terapagos\n|-singleturn|p1a: Terapagos|Protect\n|move|p1b: Amoonguss|Spore|p2a: Calyrex\n|-activate|p2a: Calyrex|move: Protect\n|move|p2b: Ursaluna|Earthquake|p1b: Amoonguss|[spread] p1b\n|-activate|p2a: Calyrex|move: Protect\n|-activate|p1a: Terapagos|move: Protect\n|-damage|p1b: Amoonguss|47/100\n|\n|-damage|p2b: Ursaluna|95/100 brn|[from] brn\n|upkeep\n|turn|5\n|\n|t:|1775239043\n|switch|p2a: Lunala|Lunala, L50|100/100\n|move|p1b: Amoonguss|Pollen Puff|p1a: Terapagos\n|-heal|p1a: Terapagos|71/100\n|move|p2b: Ursaluna|Facade|p1a: Terapagos\n|-damage|p1a: Terapagos|0 fnt\n|faint|p1a: Terapagos\n|detailschange|p1: Terapagos|Terapagos, L50, M|[silent]\n|\n|-damage|p2b: Ursaluna|89/100 brn|[from] brn\n|upkeep\n|\n|t:|1775239051\n|switch|p1a: Raging Bolt|Raging Bolt, L50|100/100\n|turn|6\n|\n|t:|1775239062\n|move|p1b: Amoonguss|Protect|p1b: Amoonguss\n|-singleturn|p1b: Amoonguss|Protect\n|move|p1a: Raging Bolt|Protect|p1a: Raging Bolt\n|-singleturn|p1a: Raging Bolt|Protect\n|move|p2a: Lunala|Wide Guard|p2a: Lunala\n|-singleturn|p2a: Lunala|Wide Guard\n|move|p2b: Ursaluna|Earthquake|p1b: Amoonguss|[spread] \n|-activate|p2a: Lunala|move: Wide Guard\n|-activate|p1a: Raging Bolt|move: Protect\n|-activate|p1b: Amoonguss|move: Protect\n|\n|-damage|p2b: Ursaluna|83/100 brn|[from] brn\n|-fieldend|move: Trick Room\n|upkeep\n|turn|7\n|\n|t:|1775239080\n|move|p2b: Ursaluna|Protect|p2b: Ursaluna\n|-singleturn|p2b: Ursaluna|Protect\n|move|p1a: Raging Bolt|Draco Meteor|p2b: Ursaluna\n|-activate|p2b: Ursaluna|move: Protect\n|move|p2a: Lunala|Moongeist Beam|p1b: Amoonguss\n|-crit|p1b: Amoonguss\n|-damage|p1b: Amoonguss|0 fnt\n|faint|p1b: Amoonguss\n|\n|-damage|p2b: Ursaluna|77/100 brn|[from] brn\n|upkeep\n|turn|8\n|\n|t:|1775239095\n|move|p1a: Raging Bolt|Draco Meteor|p2b: Ursaluna\n|-damage|p2b: Ursaluna|0 fnt\n|-unboost|p1a: Raging Bolt|spa|2\n|faint|p2b: Ursaluna\n|-damage|p1a: Raging Bolt|91/100|[from] item: Life Orb\n|move|p2a: Lunala|Moonblast|p1a: Raging Bolt\n|-supereffective|p1a: Raging Bolt\n|-damage|p1a: Raging Bolt|28/100\n|-unboost|p1a: Raging Bolt|spa|1\n|\n|upkeep\n|-message|testhan92 forfeited.\n|\n|win|vanixxx\n|raw|testhan92's rating: 1468 &rarr; <strong>1443</strong><br />(-25 for losing)\n|raw|vanixxx's rating: 1385 &rarr; <strong>1410</strong><br />(+25 for winning)\n","uploadtime":1775239105,"views":20,"formatid":"gen9vgc2026regi","rating":1410,"private":0,"password":null}