{"id":"gen9vgc2026regi-2576662373","format":"[Gen 9] VGC 2026 Reg I","players":["borseman23","BleachyBoi_426"],"log":"|j|\u2606borseman23\n|j|\u2606BleachyBoi_426\n|t:|1775495892\n|gametype|doubles\n|player|p1|borseman23|veteran|1182\n|player|p2|BleachyBoi_426|n|1158\n|gen|9\n|tier|[Gen 9] VGC 2026 Reg I\n|rated|\n|rule|Species Clause: Limit one of each Pok\u00e9mon\n|rule|Item Clause: Limit 1 of each item\n|clearpoke\n|poke|p1|Lunala, L50|\n|poke|p1|Calyrex-Ice, L50|\n|poke|p1|Incineroar, L50, M|\n|poke|p1|Indeedee-F, L50, F|\n|poke|p1|Farigiraf, L50, M|\n|poke|p1|Urshifu-*, L50, F|\n|poke|p2|Tornadus, L50, M|\n|poke|p2|Kyogre, L50|\n|poke|p2|Zacian-*, L50|\n|poke|p2|Grimmsnarl, L50, M|\n|poke|p2|Urshifu-*, L50, M|\n|poke|p2|Brute Bonnet, L50|\n|teampreview|4\n|inactive|Battle timer is ON: inactive players will automatically lose when time's up. (requested by BleachyBoi_426)\n|\n|t:|1775495941\n|teamsize|p1|4\n|teamsize|p2|4\n|start\n|switch|p1a: Lunala|Lunala, L50|100/100\n|switch|p1b: Urshifu|Urshifu-Rapid-Strike, L50, F|100/100\n|switch|p2a: Royal|Kyogre, L50|100/100\n|switch|p2b: Sawyer|Zacian-Crowned, L50|100/100\n|-ability|p2b: Sawyer|Intrepid Sword|boost\n|-boost|p2b: Sawyer|atk|1\n|-weather|RainDance|[from] ability: Drizzle|[of] p2a: Royal\n|turn|1\n|\n|t:|1775495963\n|switch|p2b: Little Prince|Brute Bonnet, L50, shiny|100/100\n|move|p1a: Lunala|Wide Guard|p1a: Lunala\n|-singleturn|p1a: Lunala|Wide Guard\n|move|p1b: Urshifu|Surging Strikes|p2b: Little Prince\n|-resisted|p2b: Little Prince\n|-crit|p2b: Little Prince\n|-damage|p2b: Little Prince|91/100\n|-resisted|p2b: Little Prince\n|-crit|p2b: Little Prince\n|-damage|p2b: Little Prince|81/100\n|-resisted|p2b: Little Prince\n|-crit|p2b: Little Prince\n|-damage|p2b: Little Prince|71/100\n|-hitcount|p2b: Little Prince|3\n|move|p2a: Royal|Water Spout|p1b: Urshifu|[spread] \n|-activate|p1a: Lunala|move: Wide Guard\n|-activate|p1b: Urshifu|move: Wide Guard\n|\n|-weather|RainDance|[upkeep]\n|upkeep\n|turn|2\n|inactive|borseman23 has 30 seconds left.\n|inactive|borseman23 has 20 seconds left.\n|inactive|borseman23 has 15 seconds left.\n|\n|t:|1775496003\n|move|p1a: Lunala|Wide Guard|p1a: Lunala\n|-singleturn|p1a: Lunala|Wide Guard\n|move|p2b: Little Prince|Rage Powder|p2b: Little Prince\n|-singleturn|p2b: Little Prince|move: Rage Powder\n|move|p1b: Urshifu|Close Combat|p2b: Little Prince\n|-supereffective|p2b: Little Prince\n|-damage|p2b: Little Prince|0 fnt\n|-unboost|p1b: Urshifu|def|1\n|-unboost|p1b: Urshifu|spd|1\n|faint|p2b: Little Prince\n|-end|p2b: Little Prince|Protosynthesis|[silent]\n|move|p2a: Royal|Thunder|p1b: Urshifu\n|-supereffective|p1b: Urshifu\n|-enditem|p1b: Urshifu|Focus Sash\n|-damage|p1b: Urshifu|1/100\n|\n|-weather|RainDance|[upkeep]\n|upkeep\n|\n|t:|1775496024\n|switch|p2b: Karamari|Grimmsnarl, L50, M|100/100\n|turn|3\n|\n|t:|1775496046\n|move|p1b: Urshifu|Surging Strikes|p2b: Karamari\n|-crit|p2b: Karamari\n|-damage|p2b: Karamari|67/100\n|-crit|p2b: Karamari\n|-damage|p2b: Karamari|37/100\n|-crit|p2b: Karamari\n|-damage|p2b: Karamari|5/100\n|-hitcount|p2b: Karamari|3\n|move|p2a: Royal|Ice Beam|p1a: Lunala\n|-damage|p1a: Lunala|88/100\n|move|p2b: Karamari|Foul Play|p1a: Lunala\n|-supereffective|p1a: Lunala\n|-damage|p1a: Lunala|0 fnt\n|faint|p1a: Lunala\n|\n|-weather|RainDance|[upkeep]\n|upkeep\n|\n|t:|1775496071\n|switch|p1a: Incineroar|Incineroar, L50, M|100/100\n|-ability|p1a: Incineroar|Intimidate|boost\n|-unboost|p2a: Royal|atk|1\n|-unboost|p2b: Karamari|atk|1\n|turn|4\n|\n|t:|1775496087\n|-terastallize|p2b: Karamari|Ghost\n|move|p1a: Incineroar|Fake Out|p2b: Karamari\n|-immune|p2b: Karamari\n|move|p2b: Karamari|Thunder Wave|p1b: Urshifu\n|-status|p1b: Urshifu|par\n|move|p2a: Royal|Water Spout|p1b: Urshifu|[spread] p1a,p1b\n|-supereffective|p1a: Incineroar\n|-resisted|p1b: Urshifu\n|-damage|p1a: Incineroar|0 fnt\n|-damage|p1b: Urshifu|0 fnt\n|faint|p1a: Incineroar\n|faint|p1b: Urshifu\n|\n|-weather|RainDance|[upkeep]\n|upkeep\n|c|\u2606borseman23|Gg\n|c|\u2606BleachyBoi_426|gg wp\n|\n|t:|1775496104\n|switch|p1a: Calyrex|Calyrex-Ice, L50|100/100\n|-ability|p1a: Calyrex|As One\n|-ability|p1a: Calyrex|Unnerve\n|turn|5\n|\n|t:|1775496110\n|-terastallize|p1a: Calyrex|Water\n|move|p2a: Royal|Water Spout|p1a: Calyrex\n|-resisted|p1a: Calyrex\n|-damage|p1a: Calyrex|54/100\n|move|p2b: Karamari|Foul Play|p1a: Calyrex\n|-damage|p1a: Calyrex|11/100\n|move|p1a: Calyrex|Trick Room|p1a: Calyrex\n|-fieldstart|move: Trick Room|[of] p1a: Calyrex\n|\n|-weather|none\n|upkeep\n|turn|6\n|\n|t:|1775496123\n|move|p1a: Calyrex|Glacial Lance|p2a: Royal|[spread] p2a,p2b\n|-resisted|p2a: Royal\n|-damage|p2a: Royal|72/100\n|-damage|p2b: Karamari|0 fnt\n|faint|p2b: Karamari\n|-ability|p1a: Calyrex|Chilling Neigh|boost\n|-boost|p1a: Calyrex|atk|1\n|move|p2a: Royal|Thunder|p1a: Calyrex|[miss]\n|-miss|p2a: Royal|p1a: Calyrex\n|\n|upkeep\n|\n|t:|1775496127\n|switch|p2b: Sawyer|Zacian-Crowned, L50|100/100\n|turn|7\n|\n|t:|1775496140\n|move|p1a: Calyrex|High Horsepower|p2b: Sawyer|[miss]\n|-miss|p1a: Calyrex|p2b: Sawyer\n|move|p2a: Royal|Thunder|p1a: Calyrex|[miss]\n|-miss|p2a: Royal|p1a: Calyrex\n|move|p2b: Sawyer|Behemoth Blade|p1a: Calyrex\n|-resisted|p1a: Calyrex\n|-damage|p1a: Calyrex|0 fnt\n|faint|p1a: Calyrex\n|\n|win|BleachyBoi_426\n|raw|borseman23's rating: 1182 &rarr; <strong>1155</strong><br />(-27 for losing)\n|raw|BleachyBoi_426's rating: 1158 &rarr; <strong>1185</strong><br />(+27 for winning)\n|l|\u2606borseman23\n|player|p1|\n","uploadtime":1775496154,"views":29,"formatid":"gen9vgc2026regi","rating":1155,"private":0,"password":null}