{"id":"gen9vgc2026regi-2525948883","format":"[Gen 9] VGC 2026 Reg I","players":["hiieeuu","jpto5"],"log":"|j|\u2606hiieeuu\n|j|\u2606jpto5\n|t:|1769355159\n|gametype|doubles\n|player|p1|hiieeuu|youngster-gen4dp|1056\n|player|p2|jpto5|1|1171\n|gen|9\n|tier|[Gen 9] VGC 2026 Reg I\n|rated|\n|rule|Species Clause: Limit one of each Pok\u00e9mon\n|rule|Item Clause: Limit 1 of each item\n|clearpoke\n|poke|p1|Rillaboom, L50, M|\n|poke|p1|Whimsicott, L50, F|\n|poke|p1|Amoonguss, L50, M|\n|poke|p1|Ogerpon-Hearthflame, L50, F|\n|poke|p1|Breloom, L50, F|\n|poke|p1|Decidueye, L50, F|\n|poke|p2|Tornadus, L50, M|\n|poke|p2|Kyogre, L50|\n|poke|p2|Zacian-*, L50|\n|poke|p2|Basculegion, L50, M|\n|poke|p2|Archaludon, L50, M|\n|poke|p2|Krookodile, L50, F|\n|teampreview|4\n|inactive|Battle timer is ON: inactive players will automatically lose when time's up. (requested by jpto5)\n|inactive|jpto5 has 60 seconds left.\n|\n|t:|1769355191\n|teamsize|p1|4\n|teamsize|p2|4\n|start\n|switch|p1a: Rillaboom|Rillaboom, L50, M|100/100\n|switch|p1b: Decidueye|Decidueye, L50, F|100/100\n|switch|p2a: Tornadus|Tornadus, L50, M|100/100\n|switch|p2b: Zacian|Zacian-Crowned, L50|100/100\n|-ability|p2b: Zacian|Intrepid Sword|boost\n|-boost|p2b: Zacian|atk|1\n|-fieldstart|move: Grassy Terrain|[from] ability: Grassy Surge|[of] p1a: Rillaboom\n|turn|1\n|\n|t:|1769355213\n|move|p1a: Rillaboom|Fake Out|p2b: Zacian\n|-resisted|p2b: Zacian\n|-damage|p2b: Zacian|95/100\n|move|p2a: Tornadus|Rain Dance|p2a: Tornadus\n|-weather|RainDance\n|cant|p2b: Zacian|flinch\n|move|p1b: Decidueye|Hurricane|p2b: Zacian\n|-resisted|p2b: Zacian\n|-damage|p2b: Zacian|76/100\n|-damage|p1b: Decidueye|91/100|[from] item: Life Orb\n|\n|-weather|RainDance|[upkeep]\n|-heal|p2b: Zacian|82/100|[from] Grassy Terrain\n|-heal|p1b: Decidueye|97/100|[from] Grassy Terrain\n|upkeep\n|turn|2\n|\n|t:|1769355235\n|move|p1b: Decidueye|Protect|p1b: Decidueye\n|-singleturn|p1b: Decidueye|Protect\n|move|p1a: Rillaboom|Grassy Glide|p2b: Zacian\n|-resisted|p2b: Zacian\n|-damage|p2b: Zacian|65/100\n|move|p2b: Zacian|Behemoth Blade|p1a: Rillaboom\n|-damage|p1a: Rillaboom|0 fnt\n|faint|p1a: Rillaboom\n|move|p2a: Tornadus|Bleakwind Storm|p1b: Decidueye\n|-activate|p1b: Decidueye|move: Protect\n|\n|-weather|RainDance|[upkeep]\n|-heal|p2b: Zacian|71/100|[from] Grassy Terrain\n|-heal|p1b: Decidueye|100/100|[from] Grassy Terrain\n|upkeep\n|\n|t:|1769355250\n|switch|p1a: Breloom|Breloom, L50, F|100/100\n|turn|3\n|\n|t:|1769355257\n|move|p1a: Breloom|Protect|p1a: Breloom\n|-singleturn|p1a: Breloom|Protect\n|move|p2b: Zacian|Quick Guard|p2b: Zacian\n|-singleturn|p2b: Zacian|Quick Guard\n|move|p2a: Tornadus|Bleakwind Storm|p1a: Breloom|[spread] p1b\n|-activate|p1a: Breloom|move: Protect\n|-supereffective|p1b: Decidueye\n|-damage|p1b: Decidueye|6/100\n|-unboost|p1b: Decidueye|spe|1\n|move|p1b: Decidueye|Hurricane|p2a: Tornadus\n|-damage|p2a: Tornadus|41/100\n|-start|p2a: Tornadus|confusion\n|-damage|p1b: Decidueye|0 fnt|[from] item: Life Orb\n|faint|p1b: Decidueye\n|\n|-weather|RainDance|[upkeep]\n|-heal|p2b: Zacian|77/100|[from] Grassy Terrain\n|-status|p1a: Breloom|tox|[from] item: Toxic Orb\n|upkeep\n|\n|t:|1769355275\n|switch|p1b: Amoonguss|Amoonguss, L50, M|100/100\n|turn|4\n|\n|t:|1769355298\n|-terastallize|p1a: Breloom|Normal\n|move|p1b: Amoonguss|Rage Powder|p1b: Amoonguss\n|-singleturn|p1b: Amoonguss|move: Rage Powder\n|move|p2b: Zacian|Sacred Sword|p1b: Amoonguss\n|-resisted|p1b: Amoonguss\n|-damage|p1b: Amoonguss|70/100\n|-activate|p2a: Tornadus|confusion\n|move|p2a: Tornadus|Bleakwind Storm|p1a: Breloom|[spread] p1a,p1b\n|-supereffective|p1b: Amoonguss\n|-damage|p1a: Breloom|39/100 tox\n|-damage|p1b: Amoonguss|21/100\n|-enditem|p1b: Amoonguss|Sitrus Berry|[eat]\n|-heal|p1b: Amoonguss|46/100|[from] item: Sitrus Berry\n|move|p1a: Breloom|Facade|p2b: Zacian\n|-resisted|p2b: Zacian\n|-damage|p2b: Zacian|38/100\n|\n|-weather|RainDance|[upkeep]\n|-heal|p2b: Zacian|44/100|[from] Grassy Terrain\n|-heal|p1a: Breloom|45/100 tox|[from] Grassy Terrain\n|-heal|p1b: Amoonguss|52/100|[from] Grassy Terrain\n|-heal|p1a: Breloom|57/100 tox|[from] ability: Poison Heal\n|upkeep\n|turn|5\n|inactive|hiieeuu has 30 seconds left.\n|inactive|jpto5 has 30 seconds left.\n|\n|t:|1769355325\n|switch|p2a: Archaludon|Archaludon, L50, M|100/100\n|move|p1a: Breloom|Protect|p1a: Breloom\n|-singleturn|p1a: Breloom|Protect\n|move|p2b: Zacian|Behemoth Blade|p1b: Amoonguss\n|-damage|p1b: Amoonguss|0 fnt\n|faint|p1b: Amoonguss\n|\n|-weather|none\n|-heal|p2b: Zacian|50/100|[from] Grassy Terrain\n|-heal|p1a: Breloom|63/100 tox|[from] Grassy Terrain\n|-heal|p1a: Breloom|75/100 tox|[from] ability: Poison Heal\n|-fieldend|move: Grassy Terrain\n|upkeep\n|turn|6\n|-message|hiieeuu forfeited.\n|\n|win|jpto5\n|raw|hiieeuu's rating: 1056 &rarr; <strong>1043</strong><br />(-13 for losing)\n|raw|jpto5's rating: 1171 &rarr; <strong>1188</strong><br />(+17 for winning)\n|l|\u2606hiieeuu\n|player|p1|\n|l|\u2606jpto5\n|player|p2|\n|j| LowKDR\n|l| LowKDR\n","uploadtime":1769355624,"views":17,"formatid":"gen9vgc2026regi","rating":1043,"private":0,"password":null}