{"id":"gen9vgc2026regi-2581803364","format":"[Gen 9] VGC 2026 Reg I","players":["N Jordan","Kwiper"],"log":"|j|\u2606N Jordan\n|j|\u2606Kwiper\n|t:|1776029682\n|gametype|doubles\n|player|p1|N Jordan|n|1557\n|player|p2|Kwiper|sycamore|1688\n|gen|9\n|tier|[Gen 9] VGC 2026 Reg I\n|rated|\n|rule|Species Clause: Limit one of each Pok\u00e9mon\n|rule|Item Clause: Limit 1 of each item\n|clearpoke\n|poke|p1|Zacian-*, L50|\n|poke|p1|Kyogre, L50|\n|poke|p1|Grimmsnarl, L50, M|\n|poke|p1|Ursaluna-Bloodmoon, L50, M|\n|poke|p1|Iron Hands, L50|\n|poke|p1|Rillaboom, L50, M|\n|poke|p2|Koraidon, L50|\n|poke|p2|Lunala, L50|\n|poke|p2|Indeedee-F, L50, F|\n|poke|p2|Flutter Mane, L50|\n|poke|p2|Volcarona, L50, M|\n|poke|p2|Ursaluna, L50, F|\n|teampreview|4\n|inactive|Battle timer is ON: inactive players will automatically lose when time's up. (requested by Kwiper)\n|inactive|N Jordan has 60 seconds left.\n|\n|t:|1776029738\n|teamsize|p1|4\n|teamsize|p2|4\n|start\n|switch|p1a: Grimmsnarl|Grimmsnarl, L50, M|100/100\n|switch|p1b: Rillaboom|Rillaboom, L50, M|100/100\n|switch|p2a: Lunala|Lunala, L50, shiny|100/100\n|switch|p2b: Flutter Mane|Flutter Mane, L50|100/100\n|-fieldstart|move: Grassy Terrain|[from] ability: Grassy Surge|[of] p1b: Rillaboom\n|turn|1\n|\n|t:|1776029760\n|move|p1a: Grimmsnarl|Light Screen|p1a: Grimmsnarl\n|-sidestart|p1: N Jordan|move: Light Screen\n|move|p2b: Flutter Mane|Moonblast|p1a: Grimmsnarl\n|-supereffective|p1a: Grimmsnarl\n|-damage|p1a: Grimmsnarl|23/100\n|move|p2a: Lunala|Meteor Beam||[still]\n|-prepare|p2a: Lunala|Meteor Beam\n|-boost|p2a: Lunala|spa|1\n|-enditem|p2a: Lunala|Power Herb\n|-anim|p2a: Lunala|Meteor Beam|p1a: Grimmsnarl|[miss]\n|-miss|p2a: Lunala|p1a: Grimmsnarl\n|move|p1b: Rillaboom|Knock Off|p2a: Lunala\n|-supereffective|p2a: Lunala\n|-damage|p2a: Lunala|61/100\n|\n|-heal|p2a: Lunala|67/100|[from] Grassy Terrain\n|-heal|p1a: Grimmsnarl|29/100|[from] Grassy Terrain\n|upkeep\n|turn|2\n|\n|t:|1776029775\n|move|p1a: Grimmsnarl|Reflect|p1a: Grimmsnarl\n|-sidestart|p1: N Jordan|Reflect\n|move|p2b: Flutter Mane|Moonblast|p1a: Grimmsnarl\n|-supereffective|p1a: Grimmsnarl\n|-damage|p1a: Grimmsnarl|0 fnt\n|faint|p1a: Grimmsnarl\n|move|p2a: Lunala|Moongeist Beam|p1b: Rillaboom\n|-damage|p1b: Rillaboom|29/100\n|move|p1b: Rillaboom|Wood Hammer|p2b: Flutter Mane\n|-enditem|p2b: Flutter Mane|Focus Sash\n|-damage|p2b: Flutter Mane|1/100\n|-damage|p1b: Rillaboom|8/100|[from] Recoil\n|\n|-heal|p2b: Flutter Mane|7/100|[from] Grassy Terrain\n|-heal|p2a: Lunala|73/100|[from] Grassy Terrain\n|-heal|p1b: Rillaboom|14/100|[from] Grassy Terrain\n|upkeep\n|\n|t:|1776029788\n|switch|p1a: Zacian|Zacian-Crowned, L50|100/100\n|-ability|p1a: Zacian|Intrepid Sword|boost\n|-boost|p1a: Zacian|atk|1\n|turn|3\n|\n|t:|1776029793\n|-end|p2b: Flutter Mane|Protosynthesis|[silent]\n|switch|p2b: Volcarona|Volcarona, L50, M|100/100\n|move|p1b: Rillaboom|Grassy Glide|p2b: Volcarona\n|-resisted|p2b: Volcarona\n|-damage|p2b: Volcarona|91/100\n|-damage|p1b: Rillaboom|0 fnt|[from] item: Rocky Helmet|[of] p2b: Volcarona\n|faint|p1b: Rillaboom\n|move|p1a: Zacian|Behemoth Blade|p2a: Lunala\n|-damage|p2a: Lunala|0 fnt\n|faint|p2a: Lunala\n|\n|-heal|p2b: Volcarona|97/100|[from] Grassy Terrain\n|upkeep\n|\n|t:|1776029803\n|switch|p2a: Flutter Mane|Flutter Mane, L50|7/100\n|switch|p1b: Kyogre|Kyogre, L50|100/100\n|-weather|RainDance|[from] ability: Drizzle|[of] p1b: Kyogre\n|turn|4\n|\n|t:|1776029815\n|-end|p2a: Flutter Mane|Protosynthesis|[silent]\n|switch|p2a: Koraidon|Koraidon, L50, shiny|100/100\n|-weather|SunnyDay|[from] ability: Orichalcum Pulse|[of] p2a: Koraidon\n|-activate|p2a: Koraidon|Orichalcum Pulse|[source]\n|move|p2b: Volcarona|Rage Powder|p2b: Volcarona\n|-singleturn|p2b: Volcarona|move: Rage Powder\n|move|p1a: Zacian|Behemoth Blade|p2b: Volcarona\n|-resisted|p2b: Volcarona\n|-crit|p2b: Volcarona\n|-damage|p2b: Volcarona|33/100\n|-damage|p1a: Zacian|84/100|[from] item: Rocky Helmet|[of] p2b: Volcarona\n|move|p1b: Kyogre|Origin Pulse|p2a: Koraidon|[spread] p2a,p2b\n|-resisted|p2a: Koraidon\n|-supereffective|p2b: Volcarona\n|-damage|p2a: Koraidon|88/100\n|-damage|p2b: Volcarona|0 fnt\n|faint|p2b: Volcarona\n|\n|-weather|SunnyDay|[upkeep]\n|-heal|p2a: Koraidon|94/100|[from] Grassy Terrain\n|-heal|p1a: Zacian|90/100|[from] Grassy Terrain\n|upkeep\n|\n|t:|1776029818\n|switch|p2b: Flutter Mane|Flutter Mane, L50|7/100\n|-activate|p2b: Flutter Mane|ability: Protosynthesis\n|-start|p2b: Flutter Mane|protosynthesisspe\n|turn|5\n|inactive|N Jordan has 30 seconds left.\n|\n|t:|1776029844\n|-terastallize|p1a: Zacian|Fighting\n|move|p2b: Flutter Mane|Protect|p2b: Flutter Mane\n|-singleturn|p2b: Flutter Mane|Protect\n|move|p2a: Koraidon|Protect|p2a: Koraidon\n|-singleturn|p2a: Koraidon|Protect\n|move|p1a: Zacian|Play Rough|p2a: Koraidon\n|-activate|p2a: Koraidon|move: Protect\n|move|p1b: Kyogre|Ice Beam|p2b: Flutter Mane\n|-activate|p2b: Flutter Mane|move: Protect\n|\n|-weather|SunnyDay|[upkeep]\n|-heal|p2b: Flutter Mane|13/100|[from] Grassy Terrain\n|-heal|p2a: Koraidon|99/100|[from] Grassy Terrain\n|-heal|p1a: Zacian|96/100|[from] Grassy Terrain\n|-fieldend|move: Grassy Terrain\n|upkeep\n|turn|6\n|\n|t:|1776029856\n|-terastallize|p2a: Koraidon|Fire\n|move|p2b: Flutter Mane|Icy Wind|p1b: Kyogre|[spread] p1a,p1b\n|-resisted|p1b: Kyogre\n|-damage|p1a: Zacian|88/100\n|-damage|p1b: Kyogre|98/100\n|-unboost|p1a: Zacian|spe|1\n|-unboost|p1b: Kyogre|spe|1\n|move|p2a: Koraidon|Breaking Swipe|p1a: Zacian|[spread] p1a,p1b\n|-damage|p1a: Zacian|66/100\n|-damage|p1b: Kyogre|79/100\n|-unboost|p1a: Zacian|atk|1\n|-unboost|p1b: Kyogre|atk|1\n|-damage|p2a: Koraidon|90/100|[from] item: Life Orb\n|move|p1a: Zacian|Sacred Sword|p2a: Koraidon\n|-damage|p2a: Koraidon|36/100\n|move|p1b: Kyogre|Ice Beam|p2b: Flutter Mane\n|-damage|p2b: Flutter Mane|0 fnt\n|faint|p2b: Flutter Mane\n|-end|p2b: Flutter Mane|Protosynthesis|[silent]\n|\n|-weather|SunnyDay|[upkeep]\n|upkeep\n|turn|7\n|-message|Kwiper forfeited.\n|\n|win|N Jordan\n|raw|N Jordan's rating: 1557 &rarr; <strong>1584</strong><br />(+27 for winning)\n|raw|Kwiper's rating: 1688 &rarr; <strong>1661</strong><br />(-27 for losing)\n|l|\u2606Kwiper\n|player|p2|\n|l|\u2606N Jordan\n|player|p1|\n","uploadtime":1776029869,"views":36,"formatid":"gen9vgc2026regi","rating":1584,"private":0,"password":null}