{"id":"gen9vgc2026regi-2580829260","format":"[Gen 9] VGC 2026 Reg I","players":["jpto5","pootis34"],"log":"|j|\u2606jpto5\n|j|\u2606pootis34\n|t:|1775935872\n|gametype|doubles\n|player|p1|jpto5|266|1444\n|player|p2|pootis34|cilan|1424\n|gen|9\n|tier|[Gen 9] VGC 2026 Reg I\n|rated|\n|rule|Species Clause: Limit one of each Pok\u00e9mon\n|rule|Item Clause: Limit 1 of each item\n|clearpoke\n|poke|p1|Tornadus, L50, M|\n|poke|p1|Kyogre, L50|\n|poke|p1|Zacian-*, L50|\n|poke|p1|Basculegion, L50, M|\n|poke|p1|Incineroar, L50, M|\n|poke|p1|Archaludon, L50, F|\n|poke|p2|Tornadus, L50, M|\n|poke|p2|Kyogre, L50|\n|poke|p2|Miraidon, L50|\n|poke|p2|Archaludon, L50, F|\n|poke|p2|Raichu, L50, M|\n|poke|p2|Flutter Mane, L50|\n|teampreview|4\n|inactive|Battle timer is ON: inactive players will automatically lose when time's up. (requested by pootis34)\n|inactive|jpto5 also wants the timer to be on.\n|inactive|jpto5 has 60 seconds left.\n|\n|t:|1775935912\n|teamsize|p1|4\n|teamsize|p2|4\n|start\n|switch|p1a: Basculegion|Basculegion, L50, M|100/100\n|switch|p1b: Zacian|Zacian-Crowned, L50|100/100\n|switch|p2a: Tornadus|Tornadus, L50, M|100/100\n|switch|p2b: Kyogre|Kyogre, L50|100/100\n|-ability|p1b: Zacian|Intrepid Sword|boost\n|-boost|p1b: Zacian|atk|1\n|-weather|RainDance|[from] ability: Drizzle|[of] p2b: Kyogre\n|turn|1\n|inactive|jpto5 has 30 seconds left.\n|\n|t:|1775935941\n|move|p2a: Tornadus|Tailwind|p2a: Tornadus\n|-sidestart|p2: pootis34|move: Tailwind\n|move|p2b: Kyogre|Thunder|p1a: Basculegion\n|-supereffective|p1a: Basculegion\n|-damage|p1a: Basculegion|0 fnt\n|faint|p1a: Basculegion\n|-damage|p2b: Kyogre|91/100|[from] item: Life Orb\n|move|p1b: Zacian|Sacred Sword|p2b: Kyogre\n|-crit|p2b: Kyogre\n|-damage|p2b: Kyogre|4/100\n|\n|-weather|RainDance|[upkeep]\n|upkeep\n|\n|t:|1775935954\n|switch|p1a: Tornadus|Tornadus, L50, M|100/100\n|turn|2\n|inactive|pootis34 has 30 seconds left.\n|inactive|pootis34 has 20 seconds left.\n|\n|t:|1775935999\n|switch|p2a: Miraidon|Miraidon, L50|100/100\n|-fieldstart|move: Electric Terrain|[from] ability: Hadron Engine|[of] p2a: Miraidon\n|-terastallize|p1a: Tornadus|Dark\n|move|p2b: Kyogre|Protect|p2b: Kyogre\n|-singleturn|p2b: Kyogre|Protect\n|move|p1a: Tornadus|Tailwind|p1a: Tornadus\n|-sidestart|p1: jpto5|move: Tailwind\n|move|p1b: Zacian|Behemoth Blade|p2a: Miraidon\n|-resisted|p2a: Miraidon\n|-damage|p2a: Miraidon|52/100\n|\n|-weather|RainDance|[upkeep]\n|upkeep\n|turn|3\n|\n|t:|1775936020\n|move|p2a: Miraidon|Thunder|p1b: Zacian\n|-damage|p1b: Zacian|0 fnt\n|faint|p1b: Zacian\n|move|p1a: Tornadus|Bleakwind Storm|p2a: Miraidon|[spread] p2a,p2b\n|-resisted|p2a: Miraidon\n|-damage|p2a: Miraidon|35/100\n|-damage|p2b: Kyogre|0 fnt\n|faint|p2b: Kyogre\n|\n|-weather|RainDance|[upkeep]\n|upkeep\n|\n|t:|1775936031\n|switch|p1b: Archaludon|Archaludon, L50, F|100/100\n|switch|p2b: Archaludon|Archaludon, L50, F|100/100\n|turn|4\n|\n|t:|1775936049\n|switch|p2a: Tornadus|Tornadus, L50, M|100/100\n|move|p1a: Tornadus|Bleakwind Storm|p2a: Tornadus|[spread] p2a,p2b\n|-resisted|p2b: Archaludon\n|-damage|p2a: Tornadus|59/100\n|-damage|p2b: Archaludon|87/100\n|-ability|p2b: Archaludon|Stamina|boost\n|-boost|p2b: Archaludon|def|1\n|move|p1b: Archaludon|Electro Shot||[still]\n|-prepare|p1b: Archaludon|Electro Shot\n|-boost|p1b: Archaludon|spa|1\n|-anim|p1b: Archaludon|Electro Shot|p2b: Archaludon\n|-resisted|p2b: Archaludon\n|-damage|p2b: Archaludon|58/100\n|-ability|p2b: Archaludon|Stamina|boost\n|-boost|p2b: Archaludon|def|1\n|move|p2b: Archaludon|Electro Shot||[still]\n|-prepare|p2b: Archaludon|Electro Shot\n|-boost|p2b: Archaludon|spa|1\n|-anim|p2b: Archaludon|Electro Shot|p1a: Tornadus\n|-enditem|p1a: Tornadus|Focus Sash\n|-damage|p1a: Tornadus|1/100\n|\n|-weather|RainDance|[upkeep]\n|-sideend|p2: pootis34|move: Tailwind\n|upkeep\n|turn|5\n|inactive|jpto5 has 30 seconds left.\n|inactive|pootis34 has 30 seconds left.\n|inactive|pootis34 has 20 seconds left.\n|\n|t:|1775936084\n|move|p2a: Tornadus|Protect|p2a: Tornadus\n|-singleturn|p2a: Tornadus|Protect\n|move|p1a: Tornadus|Taunt|p2a: Tornadus\n|-activate|p2a: Tornadus|move: Protect\n|move|p1b: Archaludon|Dragon Pulse|p2b: Archaludon\n|-damage|p2b: Archaludon|11/100\n|-ability|p2b: Archaludon|Stamina|boost\n|-boost|p2b: Archaludon|def|1\n|move|p2b: Archaludon|Electro Shot||[still]\n|-prepare|p2b: Archaludon|Electro Shot\n|-boost|p2b: Archaludon|spa|1\n|-anim|p2b: Archaludon|Electro Shot|p1a: Tornadus\n|-damage|p1a: Tornadus|0 fnt\n|faint|p1a: Tornadus\n|\n|-weather|none\n|-sideend|p1: jpto5|move: Tailwind\n|upkeep\n|turn|6\n|inactive|jpto5 has 30 seconds left.\n|\n|t:|1775936110\n|move|p2a: Tornadus|Tailwind|p2a: Tornadus\n|-sidestart|p2: pootis34|move: Tailwind\n|move|p2b: Archaludon|Draco Meteor|p1b: Archaludon\n|-ability|p1b: Archaludon|Sturdy\n|-damage|p1b: Archaludon|1/100\n|-unboost|p2b: Archaludon|spa|2\n|move|p1b: Archaludon|Dragon Pulse|p2b: Archaludon\n|-damage|p2b: Archaludon|0 fnt\n|faint|p2b: Archaludon\n|\n|-fieldend|move: Electric Terrain\n|upkeep\n|\n|t:|1775936119\n|switch|p2b: Miraidon|Miraidon, L50|35/100\n|-fieldstart|move: Electric Terrain|[from] ability: Hadron Engine|[of] p2b: Miraidon\n|turn|7\n|\n|t:|1775936128\n|move|p2a: Tornadus|Rain Dance|p2a: Tornadus\n|-weather|RainDance\n|move|p2b: Miraidon|Thunder|p1b: Archaludon\n|-resisted|p1b: Archaludon\n|-damage|p1b: Archaludon|0 fnt\n|faint|p1b: Archaludon\n|\n|win|pootis34\n|raw|jpto5's rating: 1444 &rarr; <strong>1423</strong><br />(-21 for losing)\n|raw|pootis34's rating: 1424 &rarr; <strong>1445</strong><br />(+21 for winning)\n|l|\u2606pootis34\n|player|p2|\n|l|\u2606jpto5\n|player|p1|\n","uploadtime":1775936313,"views":14,"formatid":"gen9vgc2026regi","rating":1423,"private":0,"password":null}