{"id":"gen9vgc2026regi-2556687680","format":"[Gen 9] VGC 2026 Reg I","players":["fogdocker","Crawsomeness"],"log":"|j|\u2606fogdocker\n|j|\u2606Crawsomeness\n|t:|1773240126\n|gametype|doubles\n|player|p1|fogdocker|101|1438\n|player|p2|Crawsomeness|hiker-gen4|1359\n|gen|9\n|tier|[Gen 9] VGC 2026 Reg I\n|rated|\n|rule|Species Clause: Limit one of each Pok\u00e9mon\n|rule|Item Clause: Limit 1 of each item\n|clearpoke\n|poke|p1|Calyrex-Ice, L50|\n|poke|p1|Koraidon, L50|\n|poke|p1|Flutter Mane, L50|\n|poke|p1|Incineroar, L50, F|\n|poke|p1|Rillaboom, L50, F|\n|poke|p1|Annihilape, L50, F|\n|poke|p2|Koraidon, L50|\n|poke|p2|Whimsicott, L50, M|\n|poke|p2|Lunala, L50|\n|poke|p2|Ursaluna, L50, M|\n|poke|p2|Incineroar, L50, M|\n|poke|p2|Flutter Mane, L50|\n|teampreview|4\n|\n|t:|1773240191\n|teamsize|p1|4\n|teamsize|p2|4\n|start\n|switch|p1a: Calyrex|Calyrex-Ice, L50|100/100\n|switch|p1b: Flutter Mane|Flutter Mane, L50|100/100\n|switch|p2a: Flutter Mane|Flutter Mane, L50|100/100\n|switch|p2b: Koraidon|Koraidon, L50|100/100\n|-ability|p1a: Calyrex|As One\n|-ability|p1a: Calyrex|Unnerve\n|-weather|SunnyDay|[from] ability: Orichalcum Pulse|[of] p2b: Koraidon\n|-activate|p2a: Flutter Mane|ability: Protosynthesis\n|-start|p2a: Flutter Mane|protosynthesisspe\n|-activate|p1b: Flutter Mane|ability: Protosynthesis\n|-start|p1b: Flutter Mane|protosynthesisspe\n|-activate|p2b: Koraidon|Orichalcum Pulse|[source]\n|turn|1\n|inactive|Battle timer is ON: inactive players will automatically lose when time's up. (requested by Crawsomeness)\n|\n|t:|1773240252\n|-terastallize|p2b: Koraidon|Fire\n|-terastallize|p1a: Calyrex|Water\n|move|p1b: Flutter Mane|Protect|p1b: Flutter Mane\n|-singleturn|p1b: Flutter Mane|Protect\n|move|p2a: Flutter Mane|Shadow Ball|p1b: Flutter Mane\n|-activate|p1b: Flutter Mane|move: Protect\n|move|p2b: Koraidon|Flare Blitz|p1a: Calyrex\n|-resisted|p1a: Calyrex\n|-damage|p1a: Calyrex|55/100\n|-damage|p2b: Koraidon|83/100|[from] Recoil\n|-damage|p2b: Koraidon|73/100|[from] item: Life Orb\n|move|p1a: Calyrex|Glacial Lance|p2b: Koraidon|[spread] p2a,p2b\n|-resisted|p2b: Koraidon\n|-damage|p2a: Flutter Mane|0 fnt\n|-damage|p2b: Koraidon|50/100\n|faint|p2a: Flutter Mane\n|-end|p2a: Flutter Mane|Protosynthesis|[silent]\n|-ability|p1a: Calyrex|Chilling Neigh|boost\n|-boost|p1a: Calyrex|atk|1\n|\n|-weather|SunnyDay|[upkeep]\n|-heal|p1a: Calyrex|60/100|[from] item: Leftovers\n|upkeep\n|\n|t:|1773240258\n|switch|p2a: Incineroar|Incineroar, L50, M|100/100\n|-ability|p2a: Incineroar|Intimidate|boost\n|-unboost|p1a: Calyrex|atk|1\n|-unboost|p1b: Flutter Mane|atk|1\n|turn|2\n|\n|t:|1773240279\n|move|p2b: Koraidon|Protect|p2b: Koraidon\n|-singleturn|p2b: Koraidon|Protect\n|move|p1b: Flutter Mane|Shadow Ball|p2b: Koraidon\n|-activate|p2b: Koraidon|move: Protect\n|move|p2a: Incineroar|Flare Blitz|p1b: Flutter Mane\n|-enditem|p1b: Flutter Mane|Focus Sash\n|-damage|p1b: Flutter Mane|1/100\n|-damage|p2a: Incineroar|79/100|[from] Recoil\n|move|p1a: Calyrex|Leech Seed|p2a: Incineroar\n|-start|p2a: Incineroar|move: Leech Seed\n|\n|-weather|SunnyDay|[upkeep]\n|-heal|p1a: Calyrex|66/100|[from] item: Leftovers\n|-damage|p2a: Incineroar|67/100|[from] Leech Seed|[of] p1a: Calyrex\n|-heal|p1a: Calyrex|78/100|[silent]\n|upkeep\n|turn|3\n|\n|t:|1773240296\n|switch|p2a: Lunala|Lunala, L50|100/100\n|move|p1b: Flutter Mane|Shadow Ball|p2b: Koraidon\n|-damage|p2b: Koraidon|4/100\n|-unboost|p2b: Koraidon|spd|1\n|move|p2b: Koraidon|Flame Charge|p1b: Flutter Mane\n|-damage|p1b: Flutter Mane|0 fnt\n|-boost|p2b: Koraidon|spe|1\n|faint|p1b: Flutter Mane\n|-end|p1b: Flutter Mane|Protosynthesis|[silent]\n|-damage|p2b: Koraidon|0 fnt|[from] item: Life Orb\n|faint|p2b: Koraidon\n|move|p1a: Calyrex|Glacial Lance|p2a: Lunala\n|-damage|p2a: Lunala|78/100\n|\n|-weather|SunnyDay|[upkeep]\n|-heal|p1a: Calyrex|84/100|[from] item: Leftovers\n|upkeep\n|\n|t:|1773240316\n|switch|p2b: Incineroar|Incineroar, L50, M|67/100\n|switch|p1b: Koraidon|Koraidon, L50|100/100\n|-activate|p1b: Koraidon|ability: Orichalcum Pulse\n|-ability|p2b: Incineroar|Intimidate|boost\n|-unboost|p1a: Calyrex|atk|1\n|-unboost|p1b: Koraidon|atk|1\n|turn|4\n|\n|t:|1773240326\n|move|p1b: Koraidon|Protect|p1b: Koraidon\n|-singleturn|p1b: Koraidon|Protect\n|move|p2b: Incineroar|Fake Out|p1b: Koraidon\n|-activate|p1b: Koraidon|move: Protect\n|move|p2a: Lunala|Meteor Beam||[still]\n|-prepare|p2a: Lunala|Meteor Beam\n|-boost|p2a: Lunala|spa|1\n|-enditem|p2a: Lunala|Power Herb\n|-anim|p2a: Lunala|Meteor Beam|p1a: Calyrex\n|-damage|p1a: Calyrex|49/100\n|move|p1a: Calyrex|Leech Seed|p2a: Lunala\n|-start|p2a: Lunala|move: Leech Seed\n|\n|-weather|SunnyDay|[upkeep]\n|-heal|p1a: Calyrex|55/100|[from] item: Leftovers\n|-damage|p2a: Lunala|66/100|[from] Leech Seed|[of] p1a: Calyrex\n|-heal|p1a: Calyrex|69/100|[silent]\n|upkeep\n|turn|5\n|\n|t:|1773240343\n|move|p1b: Koraidon|Close Combat|p2b: Incineroar\n|-supereffective|p2b: Incineroar\n|-damage|p2b: Incineroar|0 fnt\n|-unboost|p1b: Koraidon|def|1\n|-unboost|p1b: Koraidon|spd|1\n|-damage|p1b: Koraidon|84/100|[from] item: Rocky Helmet|[of] p2b: Incineroar\n|faint|p2b: Incineroar\n|-damage|p1b: Koraidon|74/100|[from] item: Life Orb\n|move|p2a: Lunala|Moongeist Beam|p1b: Koraidon\n|-damage|p1b: Koraidon|0 fnt\n|faint|p1b: Koraidon\n|move|p1a: Calyrex|Glacial Lance|p2a: Lunala\n|-damage|p2a: Lunala|32/100\n|\n|-weather|none\n|-heal|p1a: Calyrex|75/100|[from] item: Leftovers\n|-damage|p2a: Lunala|19/100|[from] Leech Seed|[of] p1a: Calyrex\n|-heal|p1a: Calyrex|89/100|[silent]\n|upkeep\n|\n|t:|1773240355\n|switch|p1b: Incineroar|Incineroar, L50, F|100/100\n|-ability|p1b: Incineroar|Intimidate|boost\n|-unboost|p2a: Lunala|atk|1\n|turn|6\n|-message|Crawsomeness forfeited.\n|\n|win|fogdocker\n|raw|fogdocker's rating: 1438 &rarr; <strong>1454</strong><br />(+16 for winning)\n|raw|Crawsomeness's rating: 1359 &rarr; <strong>1343</strong><br />(-16 for losing)\n|l|\u2606Crawsomeness\n|player|p2|\n","uploadtime":1773240369,"views":14,"formatid":"gen9vgc2026regi","rating":1343,"private":0,"password":null}