{"id":"gen9vgc2026regi-2548281024","format":"[Gen 9] VGC 2026 Reg I","players":["partigiano jonny","Hrivik"],"log":"|j|\u2606partigiano jonny\n|j|\u2606Hrivik\n|t:|1772198230\n|gametype|doubles\n|player|p1|partigiano jonny|volkner|1305\n|player|p2|Hrivik|lance|1225\n|gen|9\n|tier|[Gen 9] VGC 2026 Reg I\n|rated|\n|rule|Species Clause: Limit one of each Pok\u00e9mon\n|rule|Item Clause: Limit 1 of each item\n|clearpoke\n|poke|p1|Miraidon, L50|\n|poke|p1|Lunala, L50|\n|poke|p1|Incineroar, L50, M|\n|poke|p1|Ursaluna, L50, M|\n|poke|p1|Urshifu-*, L50, F|\n|poke|p1|Whimsicott, L50, F|\n|poke|p2|Chi-Yu, L50|\n|poke|p2|Calyrex-Shadow, L50|\n|poke|p2|Koraidon, L50|\n|poke|p2|Whimsicott, L50, F|\n|poke|p2|Houndstone, L50, M|\n|poke|p2|Scovillain, L50, M|\n|teampreview|4\n|inactive|Battle timer is ON: inactive players will automatically lose when time's up. (requested by partigiano jonny)\n|\n|t:|1772198261\n|teamsize|p1|4\n|teamsize|p2|4\n|start\n|switch|p1a: Whimsicott|Whimsicott, L50, F|100/100\n|switch|p1b: Miraidon|Miraidon, L50|100/100\n|switch|p2a: Whimsicott|Whimsicott, L50, F|100/100\n|switch|p2b: Chi-Yu|Chi-Yu, L50|100/100\n|-fieldstart|move: Electric Terrain|[from] ability: Hadron Engine|[of] p1b: Miraidon\n|-ability|p2b: Chi-Yu|Beads of Ruin\n|turn|1\n|\n|t:|1772198275\n|move|p2a: Whimsicott|Tailwind|p2a: Whimsicott\n|-sidestart|p2: Hrivik|move: Tailwind\n|move|p1a: Whimsicott|Light Screen|p1a: Whimsicott\n|-sidestart|p1: partigiano jonny|move: Light Screen\n|move|p2b: Chi-Yu|Heat Wave|p1b: Miraidon|[spread] p1a,p1b\n|-supereffective|p1a: Whimsicott\n|-crit|p1a: Whimsicott\n|-resisted|p1b: Miraidon\n|-damage|p1a: Whimsicott|0 fnt\n|-damage|p1b: Miraidon|82/100\n|faint|p1a: Whimsicott\n|move|p1b: Miraidon|Volt Switch|p2b: Chi-Yu\n|-enditem|p2b: Chi-Yu|Focus Sash\n|-damage|p2b: Chi-Yu|1/100\n|\n|t:|1772198286\n|switch|p1b: Lunala|Lunala, L50|100/100|[from] Volt Switch\n|-enditem|p1b: Lunala|Electric Seed\n|-boost|p1b: Lunala|def|1|[from] item: Electric Seed\n|\n|upkeep\n|\n|t:|1772198289\n|switch|p1a: Incineroar|Incineroar, L50, M|100/100\n|-ability|p1a: Incineroar|Intimidate|boost\n|-unboost|p2a: Whimsicott|atk|1\n|-unboost|p2b: Chi-Yu|atk|1\n|turn|2\n|inactive|partigiano jonny has 30 seconds left.\n|\n|t:|1772198317\n|-terastallize|p1b: Lunala|Fairy\n|move|p2b: Chi-Yu|Protect|p2b: Chi-Yu\n|-singleturn|p2b: Chi-Yu|Protect\n|move|p2a: Whimsicott|Moonblast|p1b: Lunala\n|-damage|p1b: Lunala|90/100\n|move|p1a: Incineroar|U-turn|p2a: Whimsicott\n|-damage|p2a: Whimsicott|70/100\n|\n|t:|1772198324\n|switch|p1a: Miraidon|Miraidon, L50|82/100|[from] U-turn\n|-activate|p1a: Miraidon|ability: Hadron Engine\n|move|p1b: Lunala|Trick Room|p1b: Lunala\n|-fieldstart|move: Trick Room|[of] p1b: Lunala\n|\n|upkeep\n|turn|3\n|\n|t:|1772198343\n|switch|p1b: Incineroar|Incineroar, L50, M|100/100\n|-ability|p1b: Incineroar|Intimidate|boost\n|-unboost|p2a: Whimsicott|atk|1\n|-unboost|p2b: Chi-Yu|atk|1\n|move|p2a: Whimsicott|Encore|p1b: Incineroar\n|-hint|Since gen 7, Dark is immune to Prankster moves.\n|-immune|p1b: Incineroar\n|move|p1a: Miraidon|Volt Switch|p2b: Chi-Yu\n|-damage|p2b: Chi-Yu|0 fnt\n|faint|p2b: Chi-Yu\n|\n|t:|1772198350\n|switch|p1a: Lunala|Lunala, L50, tera:Fairy|90/100|[from] Volt Switch\n|\n|upkeep\n|inactive|Hrivik has 30 seconds left.\n|\n|t:|1772198380\n|switch|p2b: Koraidon|Koraidon, L50|100/100\n|-weather|SunnyDay|[from] ability: Orichalcum Pulse|[of] p2b: Koraidon\n|-activate|p2b: Koraidon|Orichalcum Pulse|[source]\n|turn|4\n|\n|t:|1772198390\n|move|p2b: Koraidon|Protect|p2b: Koraidon\n|-singleturn|p2b: Koraidon|Protect\n|move|p1b: Incineroar|Knock Off|p2b: Koraidon\n|-activate|p2b: Koraidon|move: Protect\n|move|p1a: Lunala|Moongeist Beam|p2b: Koraidon\n|-activate|p2b: Koraidon|move: Protect\n|move|p2a: Whimsicott|Moonblast|p1a: Lunala\n|-damage|p1a: Lunala|76/100\n|-unboost|p1a: Lunala|spa|1\n|\n|-weather|SunnyDay|[upkeep]\n|-sideend|p2: Hrivik|move: Tailwind\n|upkeep\n|turn|5\n|inactive|Hrivik has 30 seconds left.\n|\n|t:|1772198422\n|-terastallize|p2b: Koraidon|Fire\n|move|p1b: Incineroar|Flare Blitz|p2a: Whimsicott\n|-supereffective|p2a: Whimsicott\n|-crit|p2a: Whimsicott\n|-damage|p2a: Whimsicott|0 fnt\n|faint|p2a: Whimsicott\n|-damage|p1b: Incineroar|85/100|[from] Recoil\n|move|p2b: Koraidon|Collision Course|p1b: Incineroar\n|-supereffective|p1b: Incineroar\n|-damage|p1b: Incineroar|0 fnt\n|faint|p1b: Incineroar\n|move|p1a: Lunala|Trick Room|p1a: Lunala\n|-fieldend|move: Trick Room\n|\n|-weather|SunnyDay|[upkeep]\n|-sideend|p1: partigiano jonny|move: Light Screen\n|-fieldend|move: Electric Terrain\n|upkeep\n|\n|t:|1772198435\n|switch|p2a: Calyrex|Calyrex-Shadow, L50|100/100\n|switch|p1b: Miraidon|Miraidon, L50|82/100\n|-ability|p2a: Calyrex|As One\n|-ability|p2a: Calyrex|Unnerve\n|-fieldstart|move: Electric Terrain|[from] ability: Hadron Engine|[of] p1b: Miraidon\n|turn|6\n|\n|t:|1772198454\n|move|p2a: Calyrex|Astral Barrage|p1b: Miraidon|[spread] p1a,p1b\n|-damage|p1a: Lunala|39/100\n|-damage|p1b: Miraidon|36/100\n|move|p1b: Miraidon|Electro Drift|p2b: Koraidon\n|-damage|p2b: Koraidon|0 fnt\n|faint|p2b: Koraidon\n|move|p1a: Lunala|Moongeist Beam|p2a: Calyrex\n|-supereffective|p2a: Calyrex\n|-damage|p2a: Calyrex|0 fnt\n|faint|p2a: Calyrex\n|\n|win|partigiano jonny\n|raw|partigiano jonny's rating: 1305 &rarr; <strong>1320</strong><br />(+15 for winning)\n|raw|Hrivik's rating: 1225 &rarr; <strong>1206</strong><br />(-19 for losing)\n","uploadtime":1772198454,"views":12,"formatid":"gen9vgc2026regi","rating":1206,"private":0,"password":null}