{"id":"gen9vgc2026regi-2580236731","format":"[Gen 9] VGC 2026 Reg I","players":["lsslsssllsslsssl","mokoulove(\u2312_\u309d\u2312)"],"log":"|j|\u2606lsslsssllsslsssl\n|j|\u2606mokoulove(\u2312_\u309d\u2312)\n|t:|1775868834\n|gametype|doubles\n|player|p1|lsslsssllsslsssl|266|1449\n|player|p2|mokoulove(\u2312_\u309d\u2312)|1|1594\n|gen|9\n|tier|[Gen 9] VGC 2026 Reg I\n|rated|\n|rule|Species Clause: Limit one of each Pok\u00e9mon\n|rule|Item Clause: Limit 1 of each item\n|clearpoke\n|poke|p1|Muk-Alola, L50, F|\n|poke|p1|Smeargle, L50, F|\n|poke|p1|Flamigo, L50, F|\n|poke|p1|Calyrex-Shadow, L50|\n|poke|p1|Indeedee-F, L50, F|\n|poke|p1|Kyogre, L50|\n|poke|p2|Weezing-Galar, L50, M|\n|poke|p2|Murkrow, L50, F|\n|poke|p2|Terapagos, L50, M|\n|poke|p2|Smeargle, L50, M|\n|poke|p2|Lunala, L50|\n|poke|p2|Urshifu-*, L50, F|\n|teampreview|4\n|inactive|Battle timer is ON: inactive players will automatically lose when time's up. (requested by mokoulove(\u2312_\u309d\u2312))\n|\n|t:|1775868881\n|teamsize|p1|4\n|teamsize|p2|4\n|start\n|switch|p1a: Calyrex|Calyrex-Shadow, L50|100/100\n|switch|p1b: Smeargle|Smeargle, L50, F|100/100\n|switch|p2a: Weezing|Weezing-Galar, L50, M|100/100\n|switch|p2b: Murkrow|Murkrow, L50, F|100/100\n|-ability|p2a: Weezing|Neutralizing Gas\n|-block|p2b: Murkrow|item: Ability Shield\n|-ability|p1a: Calyrex|As One\n|-ability|p1a: Calyrex|Unnerve\n|turn|1\n|\n|t:|1775868899\n|move|p2a: Weezing|Protect|p2a: Weezing\n|-singleturn|p2a: Weezing|Protect\n|move|p1b: Smeargle|Fake Out|p2b: Murkrow\n|-damage|p2b: Murkrow|93/100\n|cant|p2b: Murkrow|flinch\n|move|p1a: Calyrex|Expanding Force|p2a: Weezing\n|-activate|p2a: Weezing|move: Protect\n|\n|upkeep\n|turn|2\n|inactive|mokoulove(\u2312_\u309d\u2312) has 30 seconds left.\n|\n|t:|1775868932\n|move|p1b: Smeargle|Follow Me|p1b: Smeargle\n|-singleturn|p1b: Smeargle|move: Follow Me\n|move|p2b: Murkrow|Tailwind|p2b: Murkrow\n|-sidestart|p2: mokoulove(\u2312_\u309d\u2312)|move: Tailwind\n|move|p2a: Weezing|Taunt|p1b: Smeargle\n|-start|p1b: Smeargle|move: Taunt\n|move|p1a: Calyrex|Expanding Force|p2a: Weezing\n|-supereffective|p2a: Weezing\n|-damage|p2a: Weezing|0 fnt\n|faint|p2a: Weezing\n|-end|p2a: Weezing|ability: Neutralizing Gas\n|-ability|p1a: Calyrex|Grim Neigh|boost\n|-boost|p1a: Calyrex|spa|1\n|-damage|p1a: Calyrex|91/100|[from] item: Life Orb\n|\n|-ability|p1b: Smeargle|Moody|boost\n|-boost|p1b: Smeargle|spa|2\n|-unboost|p1b: Smeargle|atk|1\n|upkeep\n|\n|t:|1775868951\n|switch|p2a: Terapagos|Terapagos, L50, M|100/100\n|-activate|p2a: Terapagos|ability: Tera Shift\n|detailschange|p2a: Terapagos|Terapagos-Terastal, L50, M\n|-heal|p2a: Terapagos|100/100|[silent]\n|turn|3\n|\n|t:|1775868975\n|switch|p2b: Smeargle|Smeargle, L50, M|100/100\n|switch|p1b: Indeedee|Indeedee-F, L50, F|100/100\n|-fieldstart|move: Psychic Terrain|[from] ability: Psychic Surge|[of] p1b: Indeedee\n|move|p2a: Terapagos|Tera Starstorm|p1b: Indeedee\n|-damage|p1b: Indeedee|11/100\n|move|p1a: Calyrex|Expanding Force|p2a: Terapagos|[spread] p2a,p2b\n|-activate|p2a: Terapagos|ability: Tera Shell\n|-resisted|p2a: Terapagos\n|-damage|p2a: Terapagos|32/100\n|-enditem|p2b: Smeargle|Focus Sash\n|-damage|p2b: Smeargle|1/100\n|-damage|p1a: Calyrex|81/100|[from] item: Life Orb\n|\n|upkeep\n|turn|4\n|\n|t:|1775868997\n|-terastallize|p2a: Terapagos|Stellar\n|detailschange|p2a: Terapagos|Terapagos-Stellar, L50, M, tera:Stellar\n|-heal|p2a: Terapagos|51/100|[silent]\n|-ability|p2a: Terapagos|Teraform Zero\n|-fieldend|move: Psychic Terrain\n|move|p1b: Indeedee|Helping Hand|p1a: Calyrex\n|-singleturn|p1a: Calyrex|Helping Hand|[of] p1b: Indeedee\n|move|p2b: Smeargle|Decorate|p2a: Terapagos\n|-boost|p2a: Terapagos|atk|2\n|-boost|p2a: Terapagos|spa|2\n|move|p2a: Terapagos|Tera Starstorm|p1b: Indeedee|[spread] p1a,p1b\n|-crit|p1b: Indeedee\n|-damage|p1a: Calyrex|0 fnt\n|-damage|p1b: Indeedee|0 fnt\n|faint|p1a: Calyrex\n|faint|p1b: Indeedee\n|\n|upkeep\n|\n|t:|1775869014\n|switch|p1a: Smeargle|Smeargle, L50, F|100/100\n|switch|p1b: Kyogre|Kyogre, L50|100/100\n|-weather|RainDance|[from] ability: Drizzle|[of] p1b: Kyogre\n|turn|5\n|inactive|lsslsssllsslsssl has 30 seconds left.\n|inactive|lsslsssllsslsssl has 20 seconds left.\n|\n|t:|1775869051\n|-terastallize|p1b: Kyogre|Water\n|move|p2b: Smeargle|Quick Guard|p2b: Smeargle\n|-singleturn|p2b: Smeargle|Quick Guard\n|move|p1a: Smeargle|Fake Out|p2a: Terapagos\n|-activate|p2a: Terapagos|move: Quick Guard\n|move|p2a: Terapagos|Tera Starstorm|p1b: Kyogre|[spread] p1a,p1b\n|-supereffective|p1b: Kyogre\n|-enditem|p1a: Smeargle|Focus Sash\n|-damage|p1a: Smeargle|1/100\n|-damage|p1b: Kyogre|0 fnt\n|faint|p1b: Kyogre\n|\n|-weather|RainDance|[upkeep]\n|-sideend|p2: mokoulove(\u2312_\u309d\u2312)|move: Tailwind\n|-ability|p1a: Smeargle|Moody|boost\n|-boost|p1a: Smeargle|def|2\n|-unboost|p1a: Smeargle|spd|1\n|upkeep\n|turn|6\n|-message|lsslsssllsslsssl forfeited.\n|\n|win|mokoulove(\u2312_\u309d\u2312)\n|raw|lsslsssllsslsssl's rating: 1449 &rarr; <strong>1437</strong><br />(-12 for losing)\n|raw|mokoulove(\u2312_\u309d\u2312)'s rating: 1594 &rarr; <strong>1606</strong><br />(+12 for winning)\n|l|\u2606lsslsssllsslsssl\n|player|p1|\n|l|\u2606mokoulove(\u2312_\u309d\u2312)\n|player|p2|\n","uploadtime":1775869281,"views":14,"formatid":"gen9vgc2026regi","rating":1437,"private":0,"password":null}