{"id":"gen9vgc2026regi-2518480723","format":"[Gen 9] VGC 2026 Reg I","players":["crifab93","kojimuranishi"],"log":"|j|\u2606crifab93\n|j|\u2606kojimuranishi\n|t:|1768396024\n|gametype|doubles\n|player|p1|crifab93|n|1400\n|player|p2|kojimuranishi|1|1553\n|gen|9\n|tier|[Gen 9] VGC 2026 Reg I\n|rated|\n|rule|Species Clause: Limit one of each Pok\u00e9mon\n|rule|Item Clause: Limit 1 of each item\n|clearpoke\n|poke|p1|Rillaboom, L50, F|\n|poke|p1|Calyrex-Shadow, L50|\n|poke|p1|Zamazenta-*, L50|\n|poke|p1|Incineroar, L50, M|\n|poke|p1|Clefairy, L50, F|\n|poke|p1|Ogerpon-Hearthflame, L50, F|\n|poke|p2|Zamazenta-*, L50|\n|poke|p2|Lunala, L50|\n|poke|p2|Chien-Pao, L50|\n|poke|p2|Dragonite, L50, F|\n|poke|p2|Chi-Yu, L50|\n|poke|p2|Urshifu-*, L50, M|\n|teampreview|4\n|inactive|Battle timer is ON: inactive players will automatically lose when time's up. (requested by kojimuranishi)\n|inactive|crifab93 has 60 seconds left.\n|inactive|crifab93 has 30 seconds left.\n|inactive|crifab93 has 20 seconds left.\n|inactive|crifab93 has 15 seconds left.\n|\n|t:|1768396110\n|teamsize|p1|4\n|teamsize|p2|4\n|start\n|switch|p1a: Incineroar|Incineroar, L50, M|100/100\n|switch|p1b: Calyrex|Calyrex-Shadow, L50|100/100\n|switch|p2a: Zamazenta|Zamazenta-Crowned, L50|100/100\n|switch|p2b: Lunala|Lunala, L50|100/100\n|-ability|p1b: Calyrex|As One\n|-ability|p1b: Calyrex|Unnerve\n|-ability|p2a: Zamazenta|Dauntless Shield|boost\n|-boost|p2a: Zamazenta|def|1\n|-ability|p1a: Incineroar|Intimidate|boost\n|-unboost|p2a: Zamazenta|atk|1\n|-unboost|p2b: Lunala|atk|1\n|turn|1\n|\n|t:|1768396130\n|-terastallize|p1b: Calyrex|Dark\n|move|p2a: Zamazenta|Wide Guard|p2a: Zamazenta\n|-singleturn|p2a: Zamazenta|Wide Guard\n|move|p1a: Incineroar|Fake Out|p2b: Lunala\n|-immune|p2b: Lunala\n|move|p1b: Calyrex|Nasty Plot|p1b: Calyrex\n|-boost|p1b: Calyrex|spa|2\n|move|p2b: Lunala|Meteor Beam||[still]\n|-prepare|p2b: Lunala|Meteor Beam\n|-boost|p2b: Lunala|spa|1\n|-enditem|p2b: Lunala|Power Herb\n|-anim|p2b: Lunala|Meteor Beam|p1a: Incineroar\n|-supereffective|p1a: Incineroar\n|-damage|p1a: Incineroar|0 fnt\n|faint|p1a: Incineroar\n|\n|upkeep\n|\n|t:|1768396134\n|switch|p1a: Zamazenta|Zamazenta-Crowned, L50|100/100\n|-ability|p1a: Zamazenta|Dauntless Shield|boost\n|-boost|p1a: Zamazenta|def|1\n|turn|2\n|\n|t:|1768396155\n|-terastallize|p2b: Lunala|Normal\n|move|p1b: Calyrex|Protect|p1b: Calyrex\n|-singleturn|p1b: Calyrex|Protect\n|move|p1a: Zamazenta|Body Press|p2b: Lunala\n|-supereffective|p2b: Lunala\n|-damage|p2b: Lunala|50/100\n|move|p2a: Zamazenta|Body Press|p1b: Calyrex\n|-activate|p1b: Calyrex|move: Protect\n|move|p2b: Lunala|Trick Room|p2b: Lunala\n|-fieldstart|move: Trick Room|[of] p2b: Lunala\n|\n|upkeep\n|turn|3\n|\n|t:|1768396179\n|switch|p1b: Clefairy|Clefairy, L50, F, shiny|100/100\n|move|p1a: Zamazenta|Protect|p1a: Zamazenta\n|-singleturn|p1a: Zamazenta|Protect\n|move|p2b: Lunala|Moongeist Beam|p1a: Zamazenta\n|-activate|p1a: Zamazenta|move: Protect\n|move|p2a: Zamazenta|Body Press|p1b: Clefairy\n|-resisted|p1b: Clefairy\n|-damage|p1b: Clefairy|72/100\n|\n|upkeep\n|turn|4\n|\n|t:|1768396196\n|move|p1b: Clefairy|After You|p1a: Zamazenta\n|-activate|p1a: Zamazenta|move: After You\n|move|p1a: Zamazenta|Body Press|p2b: Lunala\n|-supereffective|p2b: Lunala\n|-damage|p2b: Lunala|0 fnt\n|faint|p2b: Lunala\n|move|p2a: Zamazenta|Behemoth Bash|p1b: Clefairy\n|-supereffective|p1b: Clefairy\n|-damage|p1b: Clefairy|20/100\n|\n|upkeep\n|\n|t:|1768396208\n|switch|p2b: Dragonite|Dragonite, L50, F|100/100\n|turn|5\n|\n|t:|1768396213\n|move|p1b: Clefairy|Protect|p1b: Clefairy\n|-singleturn|p1b: Clefairy|Protect\n|move|p2b: Dragonite|Extreme Speed|p1b: Clefairy\n|-activate|p1b: Clefairy|move: Protect\n|move|p2a: Zamazenta|Body Press|p1a: Zamazenta\n|-supereffective|p1a: Zamazenta\n|-damage|p1a: Zamazenta|63/100\n|move|p1a: Zamazenta|Body Press|p2a: Zamazenta\n|-supereffective|p2a: Zamazenta\n|-damage|p2a: Zamazenta|51/100\n|\n|upkeep\n|turn|6\n|\n|t:|1768396235\n|move|p1b: Clefairy|Protect|p1b: Clefairy\n|-singleturn|p1b: Clefairy|Protect\n|move|p1a: Zamazenta|Protect|p1a: Zamazenta\n|-singleturn|p1a: Zamazenta|Protect\n|move|p2b: Dragonite|Extreme Speed|p1b: Clefairy\n|-activate|p1b: Clefairy|move: Protect\n|move|p2a: Zamazenta|Body Press|p1a: Zamazenta\n|-activate|p1a: Zamazenta|move: Protect\n|\n|-fieldend|move: Trick Room\n|upkeep\n|turn|7\n|\n|t:|1768396250\n|move|p1b: Clefairy|Helping Hand|p1a: Zamazenta\n|-singleturn|p1a: Zamazenta|Helping Hand|[of] p1b: Clefairy\n|move|p2b: Dragonite|Extreme Speed|p1b: Clefairy\n|-damage|p1b: Clefairy|0 fnt\n|faint|p1b: Clefairy\n|move|p1a: Zamazenta|Body Press|p2a: Zamazenta\n|-supereffective|p2a: Zamazenta\n|-damage|p2a: Zamazenta|0 fnt\n|faint|p2a: Zamazenta\n|\n|upkeep\n|\n|t:|1768396261\n|switch|p2a: Chien-Pao|Chien-Pao, L50|100/100\n|switch|p1b: Calyrex|Calyrex-Shadow, L50, tera:Dark|100/100\n|-ability|p1b: Calyrex|As One\n|-ability|p1b: Calyrex|Unnerve\n|-ability|p2a: Chien-Pao|Sword of Ruin\n|turn|8\n|\n|t:|1768396271\n|move|p1b: Calyrex|Protect|p1b: Calyrex\n|-singleturn|p1b: Calyrex|Protect\n|move|p2a: Chien-Pao|Protect|p2a: Chien-Pao\n|-singleturn|p2a: Chien-Pao|Protect\n|move|p1a: Zamazenta|Protect|p1a: Zamazenta\n|-singleturn|p1a: Zamazenta|Protect\n|move|p2b: Dragonite|Extreme Speed|p1b: Calyrex\n|-activate|p1b: Calyrex|move: Protect\n|\n|upkeep\n|turn|9\n|inactive|kojimuranishi has 30 seconds left.\n|\n|t:|1768396300\n|move|p2b: Dragonite|Extreme Speed|p1b: Calyrex\n|-damage|p1b: Calyrex|29/100\n|move|p1b: Calyrex|Astral Barrage|p2a: Chien-Pao|[spread] p2a,p2b\n|-resisted|p2a: Chien-Pao\n|-damage|p2a: Chien-Pao|48/100\n|-damage|p2b: Dragonite|71/100\n|-damage|p1b: Calyrex|19/100|[from] item: Life Orb\n|move|p2a: Chien-Pao|Ice Spinner|p1b: Calyrex\n|-damage|p1b: Calyrex|0 fnt\n|faint|p1b: Calyrex\n|-damage|p2a: Chien-Pao|38/100|[from] item: Life Orb\n|move|p1a: Zamazenta|Body Press|p2a: Chien-Pao\n|-supereffective|p2a: Chien-Pao\n|-damage|p2a: Chien-Pao|0 fnt\n|faint|p2a: Chien-Pao\n|\n|upkeep\n|turn|10\n|inactive|kojimuranishi has 30 seconds left.\n|\n|t:|1768396328\n|move|p1a: Zamazenta|Protect|p1a: Zamazenta\n|-singleturn|p1a: Zamazenta|Protect\n|move|p2b: Dragonite|Extreme Speed|p1a: Zamazenta\n|-activate|p1a: Zamazenta|move: Protect\n|\n|upkeep\n|turn|11\n|\n|t:|1768396334\n|move|p2b: Dragonite|Extreme Speed|p1a: Zamazenta\n|-resisted|p1a: Zamazenta\n|-damage|p1a: Zamazenta|54/100\n|move|p1a: Zamazenta|Heavy Slam|p2b: Dragonite\n|-damage|p2b: Dragonite|40/100\n|\n|upkeep\n|turn|12\n|\n|t:|1768396342\n|move|p1a: Zamazenta|Protect|p1a: Zamazenta\n|-singleturn|p1a: Zamazenta|Protect\n|move|p2b: Dragonite|Extreme Speed|p1a: Zamazenta\n|-activate|p1a: Zamazenta|move: Protect\n|\n|upkeep\n|turn|13\n|j| mar nme\n|\n|t:|1768396349\n|move|p1a: Zamazenta|Heavy Slam|p2b: Dragonite\n|-damage|p2b: Dragonite|4/100\n|-activate|p2b: Dragonite|move: Struggle\n|move|p2b: Dragonite|Struggle|p1a: Zamazenta\n|-damage|p1a: Zamazenta|43/100\n|-damage|p2b: Dragonite|0 fnt|[from] recoil\n|faint|p2b: Dragonite\n|\n|win|crifab93\n|raw|crifab93's rating: 1400 &rarr; <strong>1428</strong><br />(+28 for winning)\n|raw|kojimuranishi's rating: 1553 &rarr; <strong>1525</strong><br />(-28 for losing)\n|l|\u2606kojimuranishi\n|player|p2|\n|l|\u2606crifab93\n|player|p1|\n","uploadtime":1768396581,"views":23,"formatid":"gen9vgc2026regi","rating":1428,"private":0,"password":null}