{"id":"gen9vgc2026regi-2587647896","format":"[Gen 9] VGC 2026 Reg I","players":["kyoshimon","Kyawster"],"log":"|j|\u2606kyoshimon\n|j|\u2606Kyawster\n|t:|1776550193\n|gametype|doubles\n|player|p1|kyoshimon|steven|1459\n|player|p2|Kyawster|unknown|1450\n|gen|9\n|tier|[Gen 9] VGC 2026 Reg I\n|rated|\n|rule|Species Clause: Limit one of each Pok\u00e9mon\n|rule|Item Clause: Limit 1 of each item\n|clearpoke\n|poke|p1|Kyogre, L50|\n|poke|p1|Chien-Pao, L50|\n|poke|p1|Landorus, L50, M|\n|poke|p1|Zamazenta-*, L50|\n|poke|p1|Iron Jugulis, L50|\n|poke|p1|Amoonguss, L50, F|\n|poke|p2|Calyrex-Ice, L50|\n|poke|p2|Miraidon, L50|\n|poke|p2|Grimmsnarl, L50, M|\n|poke|p2|Urshifu-*, L50, F|\n|poke|p2|Incineroar, L50, M|\n|poke|p2|Landorus, L50, M|\n|teampreview|4\n|inactive|Battle timer is ON: inactive players will automatically lose when time's up. (requested by kyoshimon)\n|\n|t:|1776550216\n|teamsize|p1|4\n|teamsize|p2|4\n|start\n|switch|p1a: Chien-Pao|Chien-Pao, L50|100/100\n|switch|p1b: Zamazenta|Zamazenta-Crowned, L50|100/100\n|switch|p2a: Miraidon|Miraidon, L50|100/100\n|switch|p2b: Grimmsnarl|Grimmsnarl, L50, M|100/100\n|-ability|p1a: Chien-Pao|Sword of Ruin\n|-fieldstart|move: Electric Terrain|[from] ability: Hadron Engine|[of] p2a: Miraidon\n|-ability|p1b: Zamazenta|Dauntless Shield|boost\n|-boost|p1b: Zamazenta|def|1\n|turn|1\n|inactive|kyoshimon has 30 seconds left.\n|\n|t:|1776550248\n|switch|p2a: Calyrex|Calyrex-Ice, L50|100/100\n|-ability|p2a: Calyrex|As One\n|-ability|p2a: Calyrex|Unnerve\n|-terastallize|p1b: Zamazenta|Grass\n|move|p2b: Grimmsnarl|Thunder Wave|p1a: Chien-Pao\n|-hint|Since gen 7, Dark is immune to Prankster moves.\n|-immune|p1a: Chien-Pao\n|move|p1a: Chien-Pao|Ruination|p2a: Calyrex\n|-damage|p2a: Calyrex|51/100\n|move|p1b: Zamazenta|Behemoth Bash|p2b: Grimmsnarl\n|-supereffective|p2b: Grimmsnarl\n|-damage|p2b: Grimmsnarl|0 fnt\n|faint|p2b: Grimmsnarl\n|\n|-heal|p2a: Calyrex|57/100|[from] item: Leftovers\n|upkeep\n|c|\u2606Kyawster|FFF\n|c|\u2606Kyawster|I forgto\n|c|\u2606kyoshimon|LOL nw\n|c|\u2606Kyawster|That prankster does that\n|c|\u2606kyoshimon|i see the idea tho\n|inactive|Kyawster has 30 seconds left.\n|c|\u2606Kyawster|So frustrating\n|\n|t:|1776550278\n|switch|p2b: Miraidon|Miraidon, L50|100/100\n|-activate|p2b: Miraidon|ability: Hadron Engine\n|turn|2\n|\n|t:|1776550290\n|-terastallize|p2b: Miraidon|Fairy\n|move|p1a: Chien-Pao|Ice Spinner|p2b: Miraidon\n|-damage|p2b: Miraidon|54/100\n|-fieldend|move: Electric Terrain\n|move|p2b: Miraidon|Draco Meteor|p1a: Chien-Pao\n|-enditem|p1a: Chien-Pao|Focus Sash\n|-damage|p1a: Chien-Pao|1/100\n|-unboost|p2b: Miraidon|spa|2\n|move|p1b: Zamazenta|Body Press|p2b: Miraidon\n|-resisted|p2b: Miraidon\n|-damage|p2b: Miraidon|16/100\n|move|p2a: Calyrex|Leech Seed|p1a: Chien-Pao\n|-start|p1a: Chien-Pao|move: Leech Seed\n|\n|-heal|p2a: Calyrex|62/100|[from] item: Leftovers\n|-damage|p1a: Chien-Pao|0 fnt|[from] Leech Seed|[of] p2a: Calyrex\n|-heal|p2a: Calyrex|63/100|[silent]\n|faint|p1a: Chien-Pao\n|upkeep\n|\n|t:|1776550312\n|switch|p1a: Amoonguss|Amoonguss, L50, F|100/100\n|turn|3\n|\n|t:|1776550320\n|switch|p2b: Landorus|Landorus, L50, M|100/100\n|move|p1a: Amoonguss|Protect|p1a: Amoonguss\n|-singleturn|p1a: Amoonguss|Protect\n|move|p1b: Zamazenta|Behemoth Bash|p2a: Calyrex\n|-supereffective|p2a: Calyrex\n|-damage|p2a: Calyrex|10/100\n|move|p2a: Calyrex|Glacial Lance|p1b: Zamazenta|[spread] p1b\n|-activate|p1a: Amoonguss|move: Protect\n|-supereffective|p1b: Zamazenta\n|-damage|p1b: Zamazenta|62/100\n|\n|-heal|p2a: Calyrex|15/100|[from] item: Leftovers\n|upkeep\n|turn|4\n|\n|t:|1776550339\n|switch|p2a: Miraidon|Miraidon, L50, tera:Fairy|16/100\n|-fieldstart|move: Electric Terrain|[from] ability: Hadron Engine|[of] p2a: Miraidon\n|move|p1a: Amoonguss|Rage Powder|p1a: Amoonguss\n|-singleturn|p1a: Amoonguss|move: Rage Powder\n|move|p1b: Zamazenta|Behemoth Bash|p2a: Miraidon\n|-supereffective|p2a: Miraidon\n|-crit|p2a: Miraidon\n|-damage|p2a: Miraidon|0 fnt\n|faint|p2a: Miraidon\n|move|p2b: Landorus|Sludge Bomb|p1a: Amoonguss\n|-damage|p1a: Amoonguss|56/100\n|\n|upkeep\n|\n|t:|1776550347\n|switch|p2a: Calyrex|Calyrex-Ice, L50|15/100\n|-ability|p2a: Calyrex|As One\n|-ability|p2a: Calyrex|Unnerve\n|turn|5\n|\n|t:|1776550358\n|move|p1a: Amoonguss|Rage Powder|p1a: Amoonguss\n|-singleturn|p1a: Amoonguss|move: Rage Powder\n|move|p1b: Zamazenta|Behemoth Bash|p2a: Calyrex\n|-supereffective|p2a: Calyrex\n|-damage|p2a: Calyrex|0 fnt\n|faint|p2a: Calyrex\n|move|p2b: Landorus|Sludge Bomb|p1a: Amoonguss\n|-damage|p1a: Amoonguss|13/100\n|\n|upkeep\n|turn|6\n|\n|t:|1776550382\n|move|p1a: Amoonguss|Rage Powder|p1a: Amoonguss\n|-singleturn|p1a: Amoonguss|move: Rage Powder\n|move|p1b: Zamazenta|Behemoth Bash|p2b: Landorus\n|-damage|p2b: Landorus|58/100\n|move|p2b: Landorus|Sludge Bomb|p1a: Amoonguss\n|-damage|p1a: Amoonguss|0 fnt\n|faint|p1a: Amoonguss\n|\n|upkeep\n|\n|t:|1776550386\n|switch|p1a: Kyogre|Kyogre, L50|100/100\n|-weather|RainDance|[from] ability: Drizzle|[of] p1a: Kyogre\n|turn|7\n|\n|t:|1776550391\n|move|p1b: Zamazenta|Behemoth Bash|p2b: Landorus\n|-damage|p2b: Landorus|19/100\n|move|p1a: Kyogre|Origin Pulse|p2b: Landorus\n|-supereffective|p2b: Landorus\n|-damage|p2b: Landorus|0 fnt\n|faint|p2b: Landorus\n|\n|win|kyoshimon\n|raw|kyoshimon's rating: 1459 &rarr; <strong>1478</strong><br />(+19 for winning)\n|raw|Kyawster's rating: 1450 &rarr; <strong>1431</strong><br />(-19 for losing)\n|c|\u2606Kyawster|GG\n|c|\u2606kyoshimon|gg\n|l|\u2606Kyawster\n|player|p2|\n","uploadtime":1776550430,"views":10,"formatid":"gen9vgc2026regi","rating":1431,"private":0,"password":null}