{"id":"gen9vgc2026regi-2561770188","format":"[Gen 9] VGC 2026 Reg I","players":["ShiniTanjit","Hazweioh"],"log":"|j|\u2606ShiniTanjit\n|j|\u2606Hazweioh\n|t:|1773842003\n|gametype|doubles\n|player|p1|ShiniTanjit|veteran|1134\n|player|p2|Hazweioh|169|1159\n|gen|9\n|tier|[Gen 9] VGC 2026 Reg I\n|rated|\n|rule|Species Clause: Limit one of each Pok\u00e9mon\n|rule|Item Clause: Limit 1 of each item\n|clearpoke\n|poke|p1|Iron Hands, L50|\n|poke|p1|Grimmsnarl, L50, M|\n|poke|p1|Miraidon, L50|\n|poke|p1|Ogerpon-Wellspring, L50, F|\n|poke|p1|Sneasler, L50, F|\n|poke|p1|Calyrex-Shadow, L50|\n|poke|p2|Miraidon, L50|\n|poke|p2|Calyrex-Ice, L50|\n|poke|p2|Amoonguss, L50, M|\n|poke|p2|Incineroar, L50, F|\n|poke|p2|Urshifu-*, L50, M|\n|poke|p2|Landorus, L50, M|\n|teampreview|4\n|inactive|Battle timer is ON: inactive players will automatically lose when time's up. (requested by ShiniTanjit)\n|c|\u2606ShiniTanjit|glhf\nShiniTanjit rejected open team sheets.\n|inactive|ShiniTanjit has 60 seconds left.\n|inactive|Hazweioh has 60 seconds left.\n|inactive|Hazweioh has 30 seconds left.\n|\n|t:|1773842070\n|teamsize|p1|4\n|teamsize|p2|4\n|start\n|switch|p1a: Grimmsnarl|Grimmsnarl, L50, M|100/100\n|switch|p1b: Miraidon|Miraidon, L50|100/100\n|switch|p2a: Miraidon|Miraidon, L50|100/100\n|switch|p2b: Urshifu|Urshifu-Rapid-Strike, L50, M|100/100\n|-fieldstart|move: Electric Terrain|[from] ability: Hadron Engine|[of] p2a: Miraidon\n|-activate|p1b: Miraidon|ability: Hadron Engine\n|turn|1\n|c|\u2606Hazweioh|You too\n|c|\u2606ShiniTanjit|thanks\n|inactive|Hazweioh has 30 seconds left.\n|\n|t:|1773842103\n|-terastallize|p1b: Miraidon|Fairy\n|move|p2b: Urshifu|Detect|p2b: Urshifu\n|-singleturn|p2b: Urshifu|Protect\n|move|p1a: Grimmsnarl|Thunder Wave|p2b: Urshifu\n|-activate|p2b: Urshifu|move: Protect\n|move|p2a: Miraidon|Volt Switch|p1a: Grimmsnarl\n|-damage|p1a: Grimmsnarl|42/100\n|\n|t:|1773842113\n|switch|p2a: Landorus|Landorus, L50, M, shiny|100/100|[from] Volt Switch\n|move|p1b: Miraidon|Dazzling Gleam|p2b: Urshifu|[spread] p2a\n|-activate|p2b: Urshifu|move: Protect\n|-damage|p2a: Landorus|19/100\n|\n|upkeep\n|turn|2\n|inactive|Hazweioh has 30 seconds left.\n|c|\u2606ShiniTanjit|I was scared of scarf\n|inactive|Hazweioh has 20 seconds left.\n|inactive|Hazweioh has 15 seconds left.\n|\n|t:|1773842153\n|move|p1b: Miraidon|Dazzling Gleam|p2b: Urshifu|[spread] p2a,p2b\n|-supereffective|p2b: Urshifu\n|-damage|p2a: Landorus|0 fnt\n|-enditem|p2b: Urshifu|Focus Sash\n|-damage|p2b: Urshifu|1/100\n|faint|p2a: Landorus\n|move|p2b: Urshifu|Surging Strikes|p1a: Grimmsnarl\n|-crit|p1a: Grimmsnarl\n|-damage|p1a: Grimmsnarl|18/100\n|-crit|p1a: Grimmsnarl\n|-damage|p1a: Grimmsnarl|0 fnt\n|faint|p1a: Grimmsnarl\n|-hitcount|p1: Grimmsnarl|2\n|\n|upkeep\n|\n|t:|1773842167\n|switch|p2a: Miraidon|Miraidon, L50|100/100\n|switch|p1a: Sneasler|Sneasler, L50, F|100/100\n|-activate|p2a: Miraidon|ability: Hadron Engine\n|-enditem|p1a: Sneasler|Electric Seed\n|-boost|p1a: Sneasler|def|1|[from] item: Electric Seed\n|turn|3\n|\n|t:|1773842178\n|switch|p2a: Incineroar|Incineroar, L50, F, shiny|100/100\n|-ability|p2a: Incineroar|Intimidate|boost\n|-unboost|p1a: Sneasler|atk|1\n|-unboost|p1b: Miraidon|atk|1\n|move|p2b: Urshifu|Detect|p2b: Urshifu\n|-singleturn|p2b: Urshifu|Protect\n|move|p1a: Sneasler|Fake Out|p2a: Incineroar\n|-damage|p2a: Incineroar|90/100\n|move|p1b: Miraidon|Dazzling Gleam|p2b: Urshifu|[spread] p2a\n|-activate|p2b: Urshifu|move: Protect\n|-damage|p2a: Incineroar|50/100\n|\n|upkeep\n|turn|4\n|inactive|ShiniTanjit has 30 seconds left.\n|inactive|Hazweioh has 30 seconds left.\n|inactive|Hazweioh has 20 seconds left.\n|inactive|Hazweioh has 15 seconds left.\n|inactive|Hazweioh has 10 seconds left.\n|\n|t:|1773842224\n|move|p2a: Incineroar|Fake Out|p1b: Miraidon\n|-damage|p1b: Miraidon|88/100\n|move|p1a: Sneasler|Dire Claw|p2b: Urshifu\n|-damage|p2b: Urshifu|0 fnt\n|faint|p2b: Urshifu\n|cant|p1b: Miraidon|flinch\n|\n|upkeep\n|\n|t:|1773842229\n|switch|p2b: Miraidon|Miraidon, L50|100/100\n|-activate|p2b: Miraidon|ability: Hadron Engine\n|turn|5\n|\n|t:|1773842239\n|-terastallize|p2b: Miraidon|Electric\n|move|p1a: Sneasler|Close Combat|p2b: Miraidon\n|-damage|p2b: Miraidon|62/100\n|-unboost|p1a: Sneasler|def|1\n|-unboost|p1a: Sneasler|spd|1\n|move|p2b: Miraidon|Electro Drift|p1a: Sneasler\n|-damage|p1a: Sneasler|0 fnt\n|faint|p1a: Sneasler\n|move|p1b: Miraidon|Dazzling Gleam|p2b: Miraidon|[spread] p2a,p2b\n|-damage|p2a: Incineroar|11/100\n|-damage|p2b: Miraidon|2/100\n|move|p2a: Incineroar|Knock Off|p1b: Miraidon\n|-resisted|p1b: Miraidon\n|-damage|p1b: Miraidon|67/100\n|-enditem|p1b: Miraidon|Choice Specs|[from] move: Knock Off|[of] p2a: Incineroar\n|\n|-fieldend|move: Electric Terrain\n|upkeep\n|\n|t:|1773842246\n|switch|p1a: Iron Hands|Iron Hands, L50|100/100\n|turn|6\n|c|\u2606ShiniTanjit|gg\n|inactive|Hazweioh has 30 seconds left.\n|c|\u2606Hazweioh|Gg\n|\n|t:|1773842279\n|move|p1a: Iron Hands|Fake Out|p2b: Miraidon\n|-damage|p2b: Miraidon|0 fnt\n|faint|p2b: Miraidon\n|move|p1b: Miraidon|Dazzling Gleam|p2a: Incineroar\n|-damage|p2a: Incineroar|0 fnt\n|faint|p2a: Incineroar\n|\n|win|ShiniTanjit\n|raw|ShiniTanjit's rating: 1134 &rarr; <strong>1161</strong><br />(+27 for winning)\n|raw|Hazweioh's rating: 1159 &rarr; <strong>1132</strong><br />(-27 for losing)\n|l|\u2606Hazweioh\n|player|p2|\n","uploadtime":1773842285,"views":17,"formatid":"gen9vgc2026regi","rating":1132,"private":0,"password":null}