{"id":"gen9vgc2026regi-2588882812","format":"[Gen 9] VGC 2026 Reg I","players":["Nahro1001","bjrcjggjhvb"],"log":"|j|\u2606Nahro1001\n|j|\u2606bjrcjggjhvb\n|t:|1776682081\n|gametype|doubles\n|player|p1|Nahro1001|266|1535\n|player|p2|bjrcjggjhvb|266|1468\n|gen|9\n|tier|[Gen 9] VGC 2026 Reg I\n|rated|\n|rule|Species Clause: Limit one of each Pok\u00e9mon\n|rule|Item Clause: Limit 1 of each item\n|clearpoke\n|poke|p1|Zamazenta-*, L50|\n|poke|p1|Chien-Pao, L50|\n|poke|p1|Miraidon, L50|\n|poke|p1|Dragonite, L50, F|\n|poke|p1|Incineroar, L50, F|\n|poke|p1|Volcarona, L50, F|\n|poke|p2|Calyrex-Ice, L50|\n|poke|p2|Kyogre, L50|\n|poke|p2|Farigiraf, L50, F|\n|poke|p2|Slowking-Galar, L50, M|\n|poke|p2|Porygon2, L50|\n|poke|p2|Pincurchin, L50, M|\n|teampreview|4\n|\n|t:|1776682097\n|teamsize|p1|4\n|teamsize|p2|4\n|start\n|switch|p1a: Miranda|Miraidon, L50, shiny|100/100\n|switch|p1b: Chien-Paolo|Chien-Pao, L50, shiny|100/100\n|switch|p2a: Farigiraf|Farigiraf, L50, F|100/100\n|switch|p2b: Calyrex|Calyrex-Ice, L50|100/100\n|-ability|p2b: Calyrex|As One\n|-ability|p2b: Calyrex|Unnerve\n|-fieldstart|move: Electric Terrain|[from] ability: Hadron Engine|[of] p1a: Miranda\n|-ability|p1b: Chien-Paolo|Sword of Ruin\n|turn|1\n|inactive|Battle timer is ON: inactive players will automatically lose when time's up. (requested by bjrcjggjhvb)\n|\n|t:|1776682144\n|-terastallize|p2a: Farigiraf|Dragon\n|move|p2b: Calyrex|Protect|p2b: Calyrex\n|-singleturn|p2b: Calyrex|Protect\n|move|p1a: Miranda|Electro Drift|p2a: Farigiraf\n|-resisted|p2a: Farigiraf\n|-damage|p2a: Farigiraf|68/100\n|move|p1b: Chien-Paolo|Crunch|p2a: Farigiraf\n|-damage|p2a: Farigiraf|16/100\n|move|p2a: Farigiraf|Trick Room|p2a: Farigiraf\n|-fieldstart|move: Trick Room|[of] p2a: Farigiraf\n|\n|upkeep\n|turn|2\n|inactive|bjrcjggjhvb has 30 seconds left.\n|\n|t:|1776682172\n|switch|p1a: Zamazenta|Zamazenta-Crowned, L50, shiny|100/100\n|-ability|p1a: Zamazenta|Dauntless Shield|boost\n|-boost|p1a: Zamazenta|def|1\n|move|p2a: Farigiraf|Helping Hand|p2b: Calyrex\n|-singleturn|p2b: Calyrex|Helping Hand|[of] p2a: Farigiraf\n|move|p1b: Chien-Paolo|Protect|p1b: Chien-Paolo\n|-singleturn|p1b: Chien-Paolo|Protect\n|move|p2b: Calyrex|Close Combat|p1b: Chien-Paolo\n|-activate|p1b: Chien-Paolo|move: Protect\n|\n|upkeep\n|turn|3\n|\n|t:|1776682198\n|-terastallize|p1a: Zamazenta|Water\n|move|p2a: Farigiraf|Helping Hand|p2b: Calyrex\n|-singleturn|p2b: Calyrex|Helping Hand|[of] p2a: Farigiraf\n|move|p2b: Calyrex|Close Combat|p1a: Zamazenta\n|-damage|p1a: Zamazenta|52/100\n|-unboost|p2b: Calyrex|def|1\n|-unboost|p2b: Calyrex|spd|1\n|-damage|p2b: Calyrex|91/100|[from] item: Life Orb\n|move|p1a: Zamazenta|Body Press|p2a: Farigiraf\n|-damage|p2a: Farigiraf|0 fnt\n|faint|p2a: Farigiraf\n|move|p1b: Chien-Paolo|Crunch|p2b: Calyrex\n|-supereffective|p2b: Calyrex\n|-damage|p2b: Calyrex|0 fnt\n|faint|p2b: Calyrex\n|\n|upkeep\n|\n|t:|1776682207\n|switch|p2b: Slowking|Slowking-Galar, L50, M|100/100\n|switch|p2a: Kyogre|Kyogre, L50|100/100\n|-clearboost|p2a: Kyogre|[from] ability: Curious Medicine|[of] p2b: Slowking\n|-weather|RainDance|[from] ability: Drizzle|[of] p2a: Kyogre\n|turn|4\n|\n|t:|1776682227\n|move|p2a: Kyogre|Protect|p2a: Kyogre\n|-singleturn|p2a: Kyogre|Protect\n|move|p1a: Zamazenta|Wide Guard|p1a: Zamazenta\n|-singleturn|p1a: Zamazenta|Wide Guard\n|move|p1b: Chien-Paolo|Sucker Punch|p2b: Slowking\n|-supereffective|p2b: Slowking\n|-damage|p2b: Slowking|0 fnt\n|faint|p2b: Slowking\n|\n|-weather|RainDance|[upkeep]\n|upkeep\n|turn|5\n|-message|bjrcjggjhvb forfeited.\n|\n|win|Nahro1001\n|raw|Nahro1001's rating: 1535 &rarr; <strong>1551</strong><br />(+16 for winning)\n|raw|bjrcjggjhvb's rating: 1468 &rarr; <strong>1452</strong><br />(-16 for losing)\n|l|\u2606bjrcjggjhvb\n|player|p2|\n|l|\u2606Nahro1001\n|player|p1|\n","uploadtime":1776682426,"views":8,"formatid":"gen9vgc2026regi","rating":1452,"private":0,"password":null}