{"id":"gen9vgc2026regi-2544141565","format":"[Gen 9] VGC 2026 Reg I","players":["ryo8989","fs1530"],"log":"|j|\u2606ryo8989\n|j|\u2606fs1530\n|t:|1771665349\n|gametype|doubles\n|player|p1|ryo8989|erika|1467\n|player|p2|fs1530|1|1517\n|gen|9\n|tier|[Gen 9] VGC 2026 Reg I\n|rated|\n|rule|Species Clause: Limit one of each Pok\u00e9mon\n|rule|Item Clause: Limit 1 of each item\n|clearpoke\n|poke|p1|Calyrex-Shadow, L50|\n|poke|p1|Zamazenta-*, L50|\n|poke|p1|Raging Bolt, L50|\n|poke|p1|Tornadus, L50, M|\n|poke|p1|Urshifu-*, L50, M|\n|poke|p1|Indeedee-F, L50, F|\n|poke|p2|Calyrex-Ice, L50|\n|poke|p2|Lunala, L50|\n|poke|p2|Landorus, L50, M|\n|poke|p2|Tornadus, L50, M|\n|poke|p2|Ogerpon-Cornerstone, L50, F|\n|poke|p2|Indeedee-F, L50, F|\n|teampreview|4\n|inactive|Battle timer is ON: inactive players will automatically lose when time's up. (requested by fs1530)\n|inactive|fs1530 has 60 seconds left.\n|\n|t:|1771665381\n|teamsize|p1|4\n|teamsize|p2|4\n|start\n|switch|p1a: Calyrex|Calyrex-Shadow, L50|100/100\n|switch|p1b: Urshifu|Urshifu-Rapid-Strike, L50, M|100/100\n|switch|p2a: \u6211\u4e0a\u53bb\u5c31\u662f\u4e00\u98ce|Tornadus, L50, M, shiny|100/100\n|switch|p2b: \u6211\u4e0a\u53bb\u5c31\u662f\u4e00\u5149|Lunala, L50, shiny|100/100\n|-ability|p1a: Calyrex|As One\n|-ability|p1a: Calyrex|Unnerve\n|turn|1\n|\n|t:|1771665406\n|move|p2a: \u6211\u4e0a\u53bb\u5c31\u662f\u4e00\u98ce|Tailwind|p2a: \u6211\u4e0a\u53bb\u5c31\u662f\u4e00\u98ce\n|-sidestart|p2: fs1530|move: Tailwind\n|move|p2b: \u6211\u4e0a\u53bb\u5c31\u662f\u4e00\u5149|Meteor Beam||[still]\n|-prepare|p2b: \u6211\u4e0a\u53bb\u5c31\u662f\u4e00\u5149|Meteor Beam\n|-boost|p2b: \u6211\u4e0a\u53bb\u5c31\u662f\u4e00\u5149|spa|1\n|-enditem|p2b: \u6211\u4e0a\u53bb\u5c31\u662f\u4e00\u5149|Power Herb\n|-anim|p2b: \u6211\u4e0a\u53bb\u5c31\u662f\u4e00\u5149|Meteor Beam|p1a: Calyrex\n|-damage|p1a: Calyrex|28/100\n|move|p1a: Calyrex|Astral Barrage|p2b: \u6211\u4e0a\u53bb\u5c31\u662f\u4e00\u5149|[spread] p2a,p2b\n|-supereffective|p2b: \u6211\u4e0a\u53bb\u5c31\u662f\u4e00\u5149\n|-damage|p2a: \u6211\u4e0a\u53bb\u5c31\u662f\u4e00\u98ce|20/100\n|-damage|p2b: \u6211\u4e0a\u53bb\u5c31\u662f\u4e00\u5149|24/100\n|move|p1b: Urshifu|Surging Strikes|p2b: \u6211\u4e0a\u53bb\u5c31\u662f\u4e00\u5149\n|-crit|p2b: \u6211\u4e0a\u53bb\u5c31\u662f\u4e00\u5149\n|-damage|p2b: \u6211\u4e0a\u53bb\u5c31\u662f\u4e00\u5149|0 fnt\n|faint|p2b: \u6211\u4e0a\u53bb\u5c31\u662f\u4e00\u5149\n|-hitcount|p2: \u6211\u4e0a\u53bb\u5c31\u662f\u4e00\u5149|1\n|\n|upkeep\n|\n|t:|1771665423\n|switch|p2b: \u6211\u4e0a\u53bb\u5c31\u662f\u4e00\u77db|Calyrex-Ice, L50|100/100\n|-ability|p2b: \u6211\u4e0a\u53bb\u5c31\u662f\u4e00\u77db|As One\n|-ability|p2b: \u6211\u4e0a\u53bb\u5c31\u662f\u4e00\u77db|Unnerve\n|turn|2\n|inactive|ryo8989 has 30 seconds left.\n|\n|t:|1771665455\n|switch|p1a: Zamazenta|Zamazenta-Crowned, L50, shiny|100/100\n|-ability|p1a: Zamazenta|Dauntless Shield|boost\n|-boost|p1a: Zamazenta|def|1\n|-terastallize|p2b: \u6211\u4e0a\u53bb\u5c31\u662f\u4e00\u77db|Grass\n|move|p2a: \u6211\u4e0a\u53bb\u5c31\u662f\u4e00\u98ce|Bleakwind Storm|p1b: Urshifu|[spread] p1a\n|-miss|p2a: \u6211\u4e0a\u53bb\u5c31\u662f\u4e00\u98ce|p1b: Urshifu\n|-damage|p1a: Zamazenta|76/100\n|move|p2b: \u6211\u4e0a\u53bb\u5c31\u662f\u4e00\u77db|Glacial Lance|p1b: Urshifu|[spread] p1a,p1b\n|-resisted|p1a: Zamazenta\n|-resisted|p1b: Urshifu\n|-damage|p1a: Zamazenta|66/100\n|-damage|p1b: Urshifu|73/100\n|move|p1b: Urshifu|Surging Strikes|p2b: \u6211\u4e0a\u53bb\u5c31\u662f\u4e00\u77db\n|-resisted|p2b: \u6211\u4e0a\u53bb\u5c31\u662f\u4e00\u77db\n|-crit|p2b: \u6211\u4e0a\u53bb\u5c31\u662f\u4e00\u77db\n|-damage|p2b: \u6211\u4e0a\u53bb\u5c31\u662f\u4e00\u77db|89/100\n|-resisted|p2b: \u6211\u4e0a\u53bb\u5c31\u662f\u4e00\u77db\n|-crit|p2b: \u6211\u4e0a\u53bb\u5c31\u662f\u4e00\u77db\n|-damage|p2b: \u6211\u4e0a\u53bb\u5c31\u662f\u4e00\u77db|77/100\n|-resisted|p2b: \u6211\u4e0a\u53bb\u5c31\u662f\u4e00\u77db\n|-crit|p2b: \u6211\u4e0a\u53bb\u5c31\u662f\u4e00\u77db\n|-damage|p2b: \u6211\u4e0a\u53bb\u5c31\u662f\u4e00\u77db|64/100\n|-hitcount|p2b: \u6211\u4e0a\u53bb\u5c31\u662f\u4e00\u77db|3\n|\n|upkeep\n|turn|3\n|\n|t:|1771665480\n|move|p1a: Zamazenta|Wide Guard|p1a: Zamazenta\n|-singleturn|p1a: Zamazenta|Wide Guard\n|move|p2a: \u6211\u4e0a\u53bb\u5c31\u662f\u4e00\u98ce|Taunt|p1a: Zamazenta\n|-start|p1a: Zamazenta|move: Taunt\n|move|p2b: \u6211\u4e0a\u53bb\u5c31\u662f\u4e00\u77db|Seed Bomb|p1b: Urshifu\n|-supereffective|p1b: Urshifu\n|-damage|p1b: Urshifu|0 fnt\n|faint|p1b: Urshifu\n|-ability|p2b: \u6211\u4e0a\u53bb\u5c31\u662f\u4e00\u77db|Chilling Neigh|boost\n|-boost|p2b: \u6211\u4e0a\u53bb\u5c31\u662f\u4e00\u77db|atk|1\n|\n|upkeep\n|\n|t:|1771665492\n|switch|p1b: Raging Bolt|Raging Bolt, L50|100/100\n|-enditem|p1b: Raging Bolt|Booster Energy\n|-activate|p1b: Raging Bolt|ability: Protosynthesis|[fromitem]\n|-start|p1b: Raging Bolt|protosynthesisspa\n|turn|4\n|\n|t:|1771665516\n|switch|p2a: \u6211\u4e0a\u53bb\u5c31\u662f\u4e00\u5730|Landorus, L50, M, shiny|100/100\n|move|p1b: Raging Bolt|Protect|p1b: Raging Bolt\n|-singleturn|p1b: Raging Bolt|Protect\n|move|p2b: \u6211\u4e0a\u53bb\u5c31\u662f\u4e00\u77db|Glacial Lance|p1b: Raging Bolt|[spread] p1a\n|-activate|p1b: Raging Bolt|move: Protect\n|-resisted|p1a: Zamazenta\n|-damage|p1a: Zamazenta|50/100\n|move|p1a: Zamazenta|Body Press|p2b: \u6211\u4e0a\u53bb\u5c31\u662f\u4e00\u77db\n|-damage|p2b: \u6211\u4e0a\u53bb\u5c31\u662f\u4e00\u77db|15/100\n|\n|-sideend|p2: fs1530|move: Tailwind\n|upkeep\n|turn|5\n|inactive|ryo8989 has 30 seconds left.\n|\n|t:|1771665549\n|move|p1b: Raging Bolt|Thunderclap|p2b: \u6211\u4e0a\u53bb\u5c31\u662f\u4e00\u77db\n|-resisted|p2b: \u6211\u4e0a\u53bb\u5c31\u662f\u4e00\u77db\n|-crit|p2b: \u6211\u4e0a\u53bb\u5c31\u662f\u4e00\u77db\n|-damage|p2b: \u6211\u4e0a\u53bb\u5c31\u662f\u4e00\u77db|0 fnt\n|faint|p2b: \u6211\u4e0a\u53bb\u5c31\u662f\u4e00\u77db\n|move|p1a: Zamazenta|Heavy Slam|p2a: \u6211\u4e0a\u53bb\u5c31\u662f\u4e00\u5730\n|-damage|p2a: \u6211\u4e0a\u53bb\u5c31\u662f\u4e00\u5730|45/100\n|move|p2a: \u6211\u4e0a\u53bb\u5c31\u662f\u4e00\u5730|Sandsear Storm|p1b: Raging Bolt|[spread] p1a,p1b\n|-supereffective|p1a: Zamazenta\n|-supereffective|p1b: Raging Bolt\n|-damage|p1a: Zamazenta|0 fnt\n|-damage|p1b: Raging Bolt|0 fnt\n|faint|p1a: Zamazenta\n|faint|p1b: Raging Bolt\n|-end|p1b: Raging Bolt|Protosynthesis|[silent]\n|\n|upkeep\n|\n|t:|1771665563\n|switch|p1b: Calyrex|Calyrex-Shadow, L50|28/100\n|switch|p2b: \u6211\u4e0a\u53bb\u5c31\u662f\u4e00\u98ce|Tornadus, L50, M, shiny|20/100\n|-ability|p1b: Calyrex|As One\n|-ability|p1b: Calyrex|Unnerve\n|turn|6\n|\n|t:|1771665571\n|move|p2b: \u6211\u4e0a\u53bb\u5c31\u662f\u4e00\u98ce|Tailwind|p2b: \u6211\u4e0a\u53bb\u5c31\u662f\u4e00\u98ce\n|-sidestart|p2: fs1530|move: Tailwind\n|move|p2a: \u6211\u4e0a\u53bb\u5c31\u662f\u4e00\u5730|Earth Power|p1b: Calyrex\n|-damage|p1b: Calyrex|0 fnt\n|faint|p1b: Calyrex\n|\n|win|fs1530\n|raw|ryo8989's rating: 1467 &rarr; <strong>1450</strong><br />(-17 for losing)\n|raw|fs1530's rating: 1517 &rarr; <strong>1534</strong><br />(+17 for winning)\n|l|\u2606ryo8989\n|player|p1|\n|l|\u2606fs1530\n|player|p2|\n","uploadtime":1771665763,"views":19,"formatid":"gen9vgc2026regi","rating":1450,"private":0,"password":null}