{"id":"gen9vgc2026regi-2516093262","format":"[Gen 9] VGC 2026 Reg I","players":["Cello L.","Sablewile"],"log":"|j|\u2606Cello L.\n|j|\u2606Sablewile\n|t:|1768087883\n|gametype|doubles\n|player|p1|Cello L.|cynthia-gen4|1343\n|player|p2|Sablewile|2|1379\n|gen|9\n|tier|[Gen 9] VGC 2026 Reg I\n|rated|\n|rule|Species Clause: Limit one of each Pok\u00e9mon\n|rule|Item Clause: Limit 1 of each item\n|clearpoke\n|poke|p1|Calyrex-Shadow, L50|\n|poke|p1|Koraidon, L50|\n|poke|p1|Raging Bolt, L50|\n|poke|p1|Smeargle, L50, M|\n|poke|p1|Rillaboom, L50, M|\n|poke|p1|Incineroar, L50, F|\n|poke|p2|Zamazenta-*, L50|\n|poke|p2|Calyrex-Shadow, L50|\n|poke|p2|Tyranitar, L50, M|\n|poke|p2|Raging Bolt, L50|\n|poke|p2|Amoonguss, L50, M|\n|poke|p2|Ogerpon-Wellspring, L50, F|\n|teampreview|4\n|\n|t:|1768087916\n|teamsize|p1|4\n|teamsize|p2|4\n|start\n|switch|p1a: Koraidon|Koraidon, L50|100/100\n|switch|p1b: Smeargle|Smeargle, L50, M|100/100\n|switch|p2a: Zamazenta|Zamazenta-Crowned, L50|100/100\n|switch|p2b: Amoonguss|Amoonguss, L50, M|100/100\n|-weather|SunnyDay|[from] ability: Orichalcum Pulse|[of] p1a: Koraidon\n|-activate|p1a: Koraidon|Orichalcum Pulse|[source]\n|-ability|p2a: Zamazenta|Dauntless Shield|boost\n|-boost|p2a: Zamazenta|def|1\n|turn|1\n|\n|t:|1768087945\n|-terastallize|p1a: Koraidon|Fire\n|move|p2b: Amoonguss|Rage Powder|p2b: Amoonguss\n|-singleturn|p2b: Amoonguss|move: Rage Powder\n|move|p1a: Koraidon|Flame Charge|p2b: Amoonguss\n|-supereffective|p2b: Amoonguss\n|-damage|p2b: Amoonguss|0 fnt\n|-boost|p1a: Koraidon|spe|1\n|-damage|p1a: Koraidon|84/100|[from] item: Rocky Helmet|[of] p2b: Amoonguss\n|faint|p2b: Amoonguss\n|move|p2a: Zamazenta|Body Press|p1b: Smeargle\n|-supereffective|p1b: Smeargle\n|-enditem|p1b: Smeargle|Focus Sash\n|-damage|p1b: Smeargle|1/100\n|move|p1b: Smeargle|Decorate|p1a: Koraidon\n|-boost|p1a: Koraidon|atk|2\n|-boost|p1a: Koraidon|spa|2\n|\n|-weather|SunnyDay|[upkeep]\n|-ability|p1b: Smeargle|Moody|boost\n|-boost|p1b: Smeargle|spd|2\n|-unboost|p1b: Smeargle|atk|1\n|upkeep\n|\n|t:|1768087957\n|switch|p2b: Calyrex|Calyrex-Shadow, L50|100/100\n|-ability|p2b: Calyrex|As One\n|-ability|p2b: Calyrex|Unnerve\n|turn|2\n|\n|t:|1768087981\n|switch|p2b: Tyranitar|Tyranitar, L50, M|100/100\n|-weather|Sandstorm|[from] ability: Sand Stream|[of] p2b: Tyranitar\n|move|p2a: Zamazenta|Protect|p2a: Zamazenta\n|-singleturn|p2a: Zamazenta|Protect\n|move|p1b: Smeargle|Wide Guard|p1b: Smeargle\n|-singleturn|p1b: Smeargle|Wide Guard\n|move|p1a: Koraidon|Flare Blitz|p2a: Zamazenta\n|-activate|p2a: Zamazenta|move: Protect\n|\n|-weather|Sandstorm|[upkeep]\n|-damage|p1a: Koraidon|78/100|[from] Sandstorm\n|-damage|p1b: Smeargle|0 fnt|[from] Sandstorm\n|faint|p1b: Smeargle\n|upkeep\n|\n|t:|1768087995\n|switch|p1b: Calyrex|Calyrex-Shadow, L50|100/100\n|-ability|p1b: Calyrex|As One\n|-ability|p1b: Calyrex|Unnerve\n|turn|3\n|\n|t:|1768088019\n|-terastallize|p2a: Zamazenta|Water\n|move|p1b: Calyrex|Protect|p1b: Calyrex\n|-singleturn|p1b: Calyrex|Protect\n|move|p1a: Koraidon|Collision Course|p2b: Tyranitar\n|-supereffective|p2b: Tyranitar\n|-damage|p2b: Tyranitar|0 fnt\n|faint|p2b: Tyranitar\n|move|p2a: Zamazenta|Body Press|p1a: Koraidon\n|-damage|p1a: Koraidon|29/100\n|\n|-weather|Sandstorm|[upkeep]\n|-damage|p1a: Koraidon|23/100|[from] Sandstorm\n|-damage|p1b: Calyrex|95/100|[from] Sandstorm\n|-damage|p2a: Zamazenta|94/100|[from] Sandstorm\n|upkeep\n|\n|t:|1768088023\n|switch|p2b: Calyrex|Calyrex-Shadow, L50|100/100\n|-ability|p2b: Calyrex|As One\n|-ability|p2b: Calyrex|Unnerve\n|turn|4\n|\n|t:|1768088046\n|move|p2b: Calyrex|Astral Barrage|p1b: Calyrex|[spread] p1a,p1b\n|-supereffective|p1b: Calyrex\n|-damage|p1a: Koraidon|0 fnt\n|-damage|p1b: Calyrex|0 fnt\n|faint|p1a: Koraidon\n|faint|p1b: Calyrex\n|-ability|p2b: Calyrex|Grim Neigh|boost\n|-boost|p2b: Calyrex|spa|2\n|move|p2a: Zamazenta|Body Press|p1: Koraidon|[notarget]\n|-fail|p2a: Zamazenta\n|\n|-weather|Sandstorm|[upkeep]\n|-damage|p2b: Calyrex|94/100|[from] Sandstorm\n|-damage|p2a: Zamazenta|88/100|[from] Sandstorm\n|upkeep\n|\n|t:|1768088058\n|switch|p1a: Raging Bolt|Raging Bolt, L50|100/100\n|turn|5\n|\n|t:|1768088062\n|move|p1a: Raging Bolt|Thunderclap|p2b: Calyrex\n|-damage|p2b: Calyrex|45/100\n|move|p2b: Calyrex|Astral Barrage|p1a: Raging Bolt\n|-damage|p1a: Raging Bolt|0 fnt\n|faint|p1a: Raging Bolt\n|-end|p1a: Raging Bolt|Protosynthesis|[silent]\n|\n|win|Sablewile\n|raw|Cello L.'s rating: 1343 &rarr; <strong>1325</strong><br />(-18 for losing)\n|raw|Sablewile's rating: 1379 &rarr; <strong>1397</strong><br />(+18 for winning)\n|l|\u2606Cello L.\n|player|p1|\n|l|\u2606Sablewile\n|player|p2|\n|j|\u2606Sablewile\n|player|p2|Sablewile|2|\n","uploadtime":1768088288,"views":17,"formatid":"gen9vgc2026regi","rating":1325,"private":0,"password":null}