{"id":"gen9vgc2026regi-2590234177","format":"[Gen 9] VGC 2026 Reg I","players":["randomcatffr","aqqqxin"],"log":"|j|\u2606randomcatffr\n|j|\u2606aqqqxin\n|t:|1776795342\n|gametype|doubles\n|player|p1|randomcatffr|bugcatcher-gen4dp|1586\n|player|p2|aqqqxin|roxie|1581\n|gen|9\n|tier|[Gen 9] VGC 2026 Reg I\n|rated|\n|rule|Species Clause: Limit one of each Pok\u00e9mon\n|rule|Item Clause: Limit 1 of each item\n|clearpoke\n|poke|p1|Calyrex-Shadow, L50|\n|poke|p1|Zamazenta-*, L50|\n|poke|p1|Chi-Yu, L50|\n|poke|p1|Indeedee-F, L50, F|\n|poke|p1|Amoonguss, L50, M|\n|poke|p1|Raging Bolt, L50|\n|poke|p2|Rillaboom, L50, M|\n|poke|p2|Incineroar, L50, M|\n|poke|p2|Zamazenta-*, L50|\n|poke|p2|Calyrex-Shadow, L50|\n|poke|p2|Ogerpon-Cornerstone, L50, F|\n|poke|p2|Tornadus, L50, M|\n|teampreview|4\n|\n|t:|1776795384\n|teamsize|p1|4\n|teamsize|p2|4\n|start\n|switch|p1a: Zamazenta|Zamazenta-Crowned, L50|100/100\n|switch|p1b: Raging Bolt|Raging Bolt, L50|100/100\n|switch|p2a: Rillaboom|Rillaboom, L50, M|100/100\n|switch|p2b: Tornadus|Tornadus, L50, M|100/100\n|-ability|p1a: Zamazenta|Dauntless Shield|boost\n|-boost|p1a: Zamazenta|def|1\n|-fieldstart|move: Grassy Terrain|[from] ability: Grassy Surge|[of] p2a: Rillaboom\n|turn|1\n|\n|t:|1776795407\n|move|p2b: Tornadus|Protect|p2b: Tornadus\n|-singleturn|p2b: Tornadus|Protect\n|move|p1a: Zamazenta|Body Press|p2a: Rillaboom\n|-damage|p2a: Rillaboom|35/100\n|move|p2a: Rillaboom|U-turn|p1b: Raging Bolt\n|-damage|p1b: Raging Bolt|82/100\n|inactive|Battle timer is ON: inactive players will automatically lose when time's up. (requested by randomcatffr)\n|\n|t:|1776795421\n|switch|p2a: Zamazenta|Zamazenta-Crowned, L50|100/100|[from] U-turn\n|-ability|p2a: Zamazenta|Dauntless Shield|boost\n|-boost|p2a: Zamazenta|def|1\n|move|p1b: Raging Bolt|Electroweb|p2a: Zamazenta|[spread] p2a\n|-activate|p2b: Tornadus|move: Protect\n|-damage|p2a: Zamazenta|85/100\n|-unboost|p2a: Zamazenta|spe|1\n|\n|-heal|p2a: Zamazenta|91/100|[from] Grassy Terrain\n|-heal|p1b: Raging Bolt|88/100|[from] Grassy Terrain\n|upkeep\n|turn|2\n|inactive|randomcatffr has 30 seconds left.\n|inactive|randomcatffr has 20 seconds left.\n|inactive|randomcatffr has 15 seconds left.\n|\n|t:|1776795462\n|move|p2b: Tornadus|Tailwind|p2b: Tornadus\n|-sidestart|p2: aqqqxin|move: Tailwind\n|move|p2a: Zamazenta|Body Press|p1b: Raging Bolt\n|-damage|p1b: Raging Bolt|25/100\n|move|p1a: Zamazenta|Body Press|p2a: Zamazenta\n|-supereffective|p2a: Zamazenta\n|-damage|p2a: Zamazenta|43/100\n|move|p1b: Raging Bolt|Draco Meteor|p2b: Tornadus\n|-damage|p2b: Tornadus|27/100\n|-unboost|p1b: Raging Bolt|spa|2\n|\n|-heal|p2a: Zamazenta|49/100|[from] Grassy Terrain\n|-heal|p1b: Raging Bolt|32/100|[from] Grassy Terrain\n|upkeep\n|turn|3\n|\n|t:|1776795484\n|move|p2a: Zamazenta|Protect|p2a: Zamazenta\n|-singleturn|p2a: Zamazenta|Protect\n|move|p1a: Zamazenta|Protect|p1a: Zamazenta\n|-singleturn|p1a: Zamazenta|Protect\n|move|p2b: Tornadus|Taunt|p1a: Zamazenta\n|-activate|p1a: Zamazenta|move: Protect\n|move|p1b: Raging Bolt|Thunderclap||[still]\n|-fail|p1b: Raging Bolt\n|\n|-heal|p2a: Zamazenta|55/100|[from] Grassy Terrain\n|-heal|p1b: Raging Bolt|38/100|[from] Grassy Terrain\n|upkeep\n|turn|4\n|inactive|aqqqxin has 30 seconds left.\n|\n|t:|1776795510\n|move|p2b: Tornadus|Taunt|p1a: Zamazenta\n|-start|p1a: Zamazenta|move: Taunt\n|move|p1b: Raging Bolt|Thunderclap|p2a: Zamazenta\n|-damage|p2a: Zamazenta|41/100\n|move|p2a: Zamazenta|Body Press|p1b: Raging Bolt\n|-damage|p1b: Raging Bolt|0 fnt\n|faint|p1b: Raging Bolt\n|-end|p1b: Raging Bolt|Protosynthesis|[silent]\n|move|p1a: Zamazenta|Body Press|p2a: Zamazenta\n|-supereffective|p2a: Zamazenta\n|-damage|p2a: Zamazenta|0 fnt\n|faint|p2a: Zamazenta\n|\n|upkeep\n|\n|t:|1776795523\n|switch|p2a: Calyrex|Calyrex-Shadow, L50|100/100\n|switch|p1b: Calyrex|Calyrex-Shadow, L50|100/100\n|-ability|p2a: Calyrex|As One\n|-ability|p2a: Calyrex|Unnerve\n|-ability|p1b: Calyrex|As One\n|-ability|p1b: Calyrex|Unnerve\n|turn|5\n|inactive|aqqqxin has 30 seconds left.\n|\n|t:|1776795555\n|-terastallize|p2a: Calyrex|Dark\n|-terastallize|p1b: Calyrex|Dark\n|move|p2a: Calyrex|Nasty Plot|p2a: Calyrex\n|-boost|p2a: Calyrex|spa|2\n|move|p2b: Tornadus|Bleakwind Storm|p1a: Zamazenta|[spread] p1a,p1b\n|-damage|p1a: Zamazenta|79/100\n|-damage|p1b: Calyrex|70/100\n|-unboost|p1b: Calyrex|spe|1\n|move|p1a: Zamazenta|Heavy Slam|p2a: Calyrex\n|-damage|p2a: Calyrex|43/100\n|move|p1b: Calyrex|Astral Barrage|p2a: Calyrex|[spread] p2a,p2b\n|-resisted|p2a: Calyrex\n|-crit|p2a: Calyrex\n|-damage|p2a: Calyrex|0 fnt\n|-damage|p2b: Tornadus|0 fnt\n|faint|p2a: Calyrex\n|faint|p2b: Tornadus\n|-ability|p1b: Calyrex|Grim Neigh|boost\n|-boost|p1b: Calyrex|spa|2\n|-damage|p1b: Calyrex|60/100|[from] item: Life Orb\n|\n|-heal|p1a: Zamazenta|85/100|[from] Grassy Terrain\n|-heal|p1b: Calyrex|66/100|[from] Grassy Terrain\n|-sideend|p2: aqqqxin|move: Tailwind\n|-fieldend|move: Grassy Terrain\n|upkeep\n|-message|aqqqxin forfeited.\n|\n|win|randomcatffr\n|raw|randomcatffr's rating: 1586 &rarr; <strong>1606</strong><br />(+20 for winning)\n|raw|aqqqxin's rating: 1581 &rarr; <strong>1561</strong><br />(-20 for losing)\n|l|\u2606aqqqxin\n|player|p2|\n|l|\u2606randomcatffr\n|player|p1|\n","uploadtime":1776795791,"views":16,"formatid":"gen9vgc2026regi","rating":1561,"private":0,"password":null}