{"id":"gen9vgc2026regi-2573549429","format":"[Gen 9] VGC 2026 Reg I","players":["S0uthernNerd","Luca8"],"log":"|j|\u2606S0uthernNerd\n|j|\u2606Luca8\n|t:|1775145915\n|gametype|doubles\n|player|p1|S0uthernNerd|101|1465\n|player|p2|Luca8|flint|1466\n|gen|9\n|tier|[Gen 9] VGC 2026 Reg I\n|rated|\n|rule|Species Clause: Limit one of each Pok\u00e9mon\n|rule|Item Clause: Limit 1 of each item\n|clearpoke\n|poke|p1|Terapagos, L50, M|\n|poke|p1|Incineroar, L50, M|\n|poke|p1|Rillaboom, L50, M|\n|poke|p1|Ogerpon-Cornerstone, L50, F|\n|poke|p1|Flutter Mane, L50|\n|poke|p1|Calyrex-Shadow, L50|\n|poke|p2|Urshifu-*, L50, F|\n|poke|p2|Kyogre, L50|\n|poke|p2|Farigiraf, L50, F|\n|poke|p2|Smeargle, L50, M|\n|poke|p2|Calyrex-Ice, L50|\n|poke|p2|Rhyperior, L50, F|\n|teampreview|4\n|inactive|Battle timer is ON: inactive players will automatically lose when time's up. (requested by Luca8)\n|inactive|S0uthernNerd has 60 seconds left.\n|inactive|Luca8 has 60 seconds left.\n|\n|t:|1775145976\n|teamsize|p1|4\n|teamsize|p2|4\n|start\n|switch|p1a: Rillaboom|Rillaboom, L50, M|100/100\n|switch|p1b: Terapagos|Terapagos, L50, M|100/100\n|switch|p2a: Farigiraf|Farigiraf, L50, F|100/100\n|switch|p2b: Smeargle|Smeargle, L50, M|100/100\n|-activate|p1b: Terapagos|ability: Tera Shift\n|detailschange|p1b: Terapagos|Terapagos-Terastal, L50, M\n|-heal|p1b: Terapagos|100/100|[silent]\n|-fieldstart|move: Grassy Terrain|[from] ability: Grassy Surge|[of] p1a: Rillaboom\n|turn|1\n|inactive|Luca8 has 30 seconds left.\n|inactive|Luca8 has 20 seconds left.\n|inactive|Luca8 has 15 seconds left.\n|\n|t:|1775146020\n|move|p1b: Terapagos|Protect|p1b: Terapagos\n|-singleturn|p1b: Terapagos|Protect\n|move|p2b: Smeargle|Spore|p1b: Terapagos\n|-activate|p1b: Terapagos|move: Protect\n|move|p1a: Rillaboom|U-turn|p2b: Smeargle\n|-damage|p2b: Smeargle|51/100\n|\n|t:|1775146028\n|switch|p1a: Ogerpon|Ogerpon-Cornerstone, L50, F|100/100|[from] U-turn\n|move|p2a: Farigiraf|Trick Room|p2a: Farigiraf\n|-fieldstart|move: Trick Room|[of] p2a: Farigiraf\n|\n|-heal|p2b: Smeargle|57/100|[from] Grassy Terrain\n|-ability|p2b: Smeargle|Moody|boost\n|-boost|p2b: Smeargle|spa|2\n|-unboost|p2b: Smeargle|spe|1\n|upkeep\n|turn|2\n|inactive|Luca8 has 30 seconds left.\n|\n|t:|1775146053\n|switch|p2b: Calyrex|Calyrex-Ice, L50|100/100\n|-ability|p2b: Calyrex|As One\n|-ability|p2b: Calyrex|Unnerve\n|move|p1a: Ogerpon|Follow Me|p1a: Ogerpon\n|-singleturn|p1a: Ogerpon|move: Follow Me\n|move|p2a: Farigiraf|Hyper Voice|p1b: Terapagos|[spread] p1a,p1b\n|-resisted|p1a: Ogerpon\n|-activate|p1b: Terapagos|ability: Tera Shell\n|-resisted|p1b: Terapagos\n|-damage|p1a: Ogerpon|82/100\n|-damage|p1b: Terapagos|86/100\n|-enditem|p2a: Farigiraf|Throat Spray\n|-boost|p2a: Farigiraf|spa|1|[from] item: Throat Spray\n|move|p1b: Terapagos|Calm Mind|p1b: Terapagos\n|-boost|p1b: Terapagos|spa|1\n|-boost|p1b: Terapagos|spd|1\n|\n|-heal|p1b: Terapagos|92/100|[from] Grassy Terrain\n|-heal|p1b: Terapagos|98/100|[from] item: Leftovers\n|-heal|p1a: Ogerpon|88/100|[from] Grassy Terrain\n|upkeep\n|turn|3\n|inactive|S0uthernNerd has 30 seconds left.\n|inactive|Luca8 has 30 seconds left.\n|inactive|S0uthernNerd has 20 seconds left.\n|inactive|S0uthernNerd has 15 seconds left.\n|inactive|S0uthernNerd has 10 seconds left.\n|\n|t:|1775146102\n|-terastallize|p2b: Calyrex|Ice\n|move|p1b: Terapagos|Protect|p1b: Terapagos\n|-singleturn|p1b: Terapagos|Protect\n|move|p1a: Ogerpon|Spiky Shield|p1a: Ogerpon\n|-singleturn|p1a: Ogerpon|move: Protect\n|move|p2b: Calyrex|Glacial Lance|p1b: Terapagos|[spread] \n|-activate|p1a: Ogerpon|move: Protect\n|-activate|p1b: Terapagos|move: Protect\n|move|p2a: Farigiraf|Psychic|p1b: Terapagos\n|-activate|p1b: Terapagos|move: Protect\n|\n|-heal|p1b: Terapagos|100/100|[from] Grassy Terrain\n|-heal|p1a: Ogerpon|94/100|[from] Grassy Terrain\n|upkeep\n|turn|4\n|inactive|S0uthernNerd has 30 seconds left.\n|\n|t:|1775146131\n|-terastallize|p1a: Ogerpon|Rock\n|detailschange|p1a: Ogerpon|Ogerpon-Cornerstone-Tera, L50, F, tera:Rock\n|-ability|p1a: Ogerpon|Embody Aspect (Cornerstone)|boost\n|-boost|p1a: Ogerpon|def|1\n|move|p2b: Calyrex|Glacial Lance|p1b: Terapagos|[spread] p1a,p1b\n|-activate|p1b: Terapagos|ability: Tera Shell\n|-resisted|p1b: Terapagos\n|-damage|p1a: Ogerpon|34/100\n|-damage|p1b: Terapagos|72/100\n|move|p2a: Farigiraf|Psychic|p1b: Terapagos\n|-damage|p1b: Terapagos|34/100\n|-unboost|p1b: Terapagos|spd|1\n|move|p1b: Terapagos|Tera Starstorm|p2a: Farigiraf\n|-damage|p2a: Farigiraf|26/100\n|move|p1a: Ogerpon|Ivy Cudgel|p2b: Calyrex|[anim] Ivy Cudgel Rock\n|-supereffective|p2b: Calyrex\n|-damage|p2b: Calyrex|25/100\n|\n|-heal|p2b: Calyrex|31/100|[from] Grassy Terrain\n|-heal|p2a: Farigiraf|33/100|[from] Grassy Terrain\n|-heal|p1b: Terapagos|40/100|[from] Grassy Terrain\n|-heal|p1b: Terapagos|46/100|[from] item: Leftovers\n|-heal|p1a: Ogerpon|40/100|[from] Grassy Terrain\n|upkeep\n|turn|5\n|inactive|S0uthernNerd has 30 seconds left.\n|inactive|Luca8 has 30 seconds left.\n|inactive|S0uthernNerd has 20 seconds left.\n|inactive|S0uthernNerd has 15 seconds left.\n|j| vominhduc\n|inactive|S0uthernNerd has 10 seconds left.\n|\n|t:|1775146178\n|move|p1b: Terapagos|Protect|p1b: Terapagos\n|-singleturn|p1b: Terapagos|Protect\n|move|p1a: Ogerpon|Ivy Cudgel|p2b: Calyrex|[anim] Ivy Cudgel Rock\n|-supereffective|p2b: Calyrex\n|-crit|p2b: Calyrex\n|-damage|p2b: Calyrex|0 fnt\n|faint|p2b: Calyrex\n|move|p2a: Farigiraf|Trick Room|p2a: Farigiraf\n|-fieldend|move: Trick Room\n|\n|-heal|p1a: Ogerpon|46/100|[from] Grassy Terrain\n|-heal|p1b: Terapagos|53/100|[from] Grassy Terrain\n|-heal|p1b: Terapagos|59/100|[from] item: Leftovers\n|-heal|p2a: Farigiraf|39/100|[from] Grassy Terrain\n|-fieldend|move: Grassy Terrain\n|upkeep\n|\n|t:|1775146194\n|switch|p2b: Smeargle|Smeargle, L50, M|57/100\n|turn|6\n|\n|t:|1775146210\n|move|p1a: Ogerpon|Follow Me|p1a: Ogerpon\n|-singleturn|p1a: Ogerpon|move: Follow Me\n|move|p2b: Smeargle|Follow Me|p2b: Smeargle\n|-singleturn|p2b: Smeargle|move: Follow Me\n|move|p1b: Terapagos|Tera Starstorm|p2b: Smeargle\n|-damage|p2b: Smeargle|0 fnt\n|faint|p2b: Smeargle\n|move|p2a: Farigiraf|Trick Room|p2a: Farigiraf\n|-fieldstart|move: Trick Room|[of] p2a: Farigiraf\n|\n|-heal|p1b: Terapagos|65/100|[from] item: Leftovers\n|upkeep\n|\n|t:|1775146229\n|switch|p2b: Kyogre|Kyogre, L50|100/100\n|-weather|RainDance|[from] ability: Drizzle|[of] p2b: Kyogre\n|-enditem|p2b: Kyogre|Room Service\n|-unboost|p2b: Kyogre|spe|1|[from] item: Room Service\n|turn|7\n|inactive|S0uthernNerd has 30 seconds left.\n|\n|t:|1775146257\n|move|p1b: Terapagos|Protect|p1b: Terapagos\n|-singleturn|p1b: Terapagos|Protect\n|move|p1a: Ogerpon|Spiky Shield|p1a: Ogerpon\n|-singleturn|p1a: Ogerpon|move: Protect\n|move|p2b: Kyogre|Water Spout|p1b: Terapagos|[spread] \n|-activate|p1a: Ogerpon|move: Protect\n|-activate|p1b: Terapagos|move: Protect\n|move|p2a: Farigiraf|Hyper Voice|p1a: Ogerpon|[spread] \n|-activate|p1a: Ogerpon|move: Protect\n|-activate|p1b: Terapagos|move: Protect\n|\n|-weather|RainDance|[upkeep]\n|-heal|p1b: Terapagos|71/100|[from] item: Leftovers\n|upkeep\n|turn|8\n|inactive|S0uthernNerd has 30 seconds left.\n|\n|t:|1775146289\n|move|p1a: Ogerpon|Spiky Shield||[still]\n|-fail|p1a: Ogerpon\n|move|p2b: Kyogre|Water Spout|p1b: Terapagos|[spread] p1a,p1b\n|-supereffective|p1a: Ogerpon\n|-crit|p1b: Terapagos\n|-damage|p1a: Ogerpon|0 fnt\n|-damage|p1b: Terapagos|0 fnt\n|faint|p1a: Ogerpon\n|detailschange|p1: Ogerpon|Ogerpon-Cornerstone, L50, F|[silent]\n|faint|p1b: Terapagos\n|move|p2a: Farigiraf|Psychic|p1: Ogerpon|[notarget]\n|-fail|p2a: Farigiraf\n|\n|-weather|RainDance|[upkeep]\n|upkeep\n|\n|t:|1775146299\n|switch|p1b: Calyrex|Calyrex-Shadow, L50|100/100\n|switch|p1a: Rillaboom|Rillaboom, L50, M|100/100\n|-ability|p1b: Calyrex|As One\n|-ability|p1b: Calyrex|Unnerve\n|-fieldstart|move: Grassy Terrain|[from] ability: Grassy Surge|[of] p1a: Rillaboom\n|turn|9\n|\n|t:|1775146321\n|move|p2b: Kyogre|Ice Beam|p1a: Rillaboom\n|-supereffective|p1a: Rillaboom\n|-damage|p1a: Rillaboom|56/100\n|move|p2a: Farigiraf|Psychic|p1a: Rillaboom\n|-damage|p1a: Rillaboom|16/100\n|move|p1a: Rillaboom|Wood Hammer|p2b: Kyogre\n|-supereffective|p2b: Kyogre\n|-damage|p2b: Kyogre|0 fnt\n|faint|p2b: Kyogre\n|-damage|p1a: Rillaboom|0 fnt|[from] Recoil\n|faint|p1a: Rillaboom\n|move|p1b: Calyrex|Pollen Puff|p2a: Farigiraf\n|-supereffective|p2a: Farigiraf\n|-damage|p2a: Farigiraf|0 fnt\n|faint|p2a: Farigiraf\n|\n|win|S0uthernNerd\n|raw|S0uthernNerd's rating: 1465 &rarr; <strong>1485</strong><br />(+20 for winning)\n|raw|Luca8's rating: 1466 &rarr; <strong>1446</strong><br />(-20 for losing)\n|l|\u2606Luca8\n|player|p2|\n|l|\u2606S0uthernNerd\n|player|p1|\n|l| vominhduc\n","uploadtime":1775146339,"views":38,"formatid":"gen9vgc2026regi","rating":1446,"private":0,"password":null}