{"id":"gen9vgc2026regi-2547080480","format":"[Gen 9] VGC 2026 Reg I","players":["Zorse Mentality","YSE-Mill"],"log":"|j|\u2606Zorse Mentality\n|j|\u2606YSE-Mill\n|t:|1772044784\n|gametype|doubles\n|player|p1|Zorse Mentality|101|1373\n|player|p2|YSE-Mill|n|1365\n|gen|9\n|tier|[Gen 9] VGC 2026 Reg I\n|rated|\n|rule|Species Clause: Limit one of each Pok\u00e9mon\n|rule|Item Clause: Limit 1 of each item\n|clearpoke\n|poke|p1|Calyrex-Ice, L50|\n|poke|p1|Kyogre, L50|\n|poke|p1|Tornadus, L50, M|\n|poke|p1|Urshifu-*, L50, M|\n|poke|p1|Regieleki, L50|\n|poke|p1|Regidrago, L50|\n|poke|p2|Calyrex-Shadow, L50|\n|poke|p2|Zamazenta-*, L50|\n|poke|p2|Amoonguss, L50, M|\n|poke|p2|Raging Bolt, L50|\n|poke|p2|Rillaboom, L50, M|\n|poke|p2|Incineroar, L50, F|\n|teampreview|4\n|\n|t:|1772044854\n|teamsize|p1|4\n|teamsize|p2|4\n|start\n|switch|p1a: Kyogre|Kyogre, L50|100/100\n|switch|p1b: Regieleki|Regieleki, L50|100/100\n|switch|p2a: Calyrex|Calyrex-Shadow, L50|100/100\n|switch|p2b: Rillaboom|Rillaboom, L50, M|100/100\n|-ability|p2a: Calyrex|As One\n|-ability|p2a: Calyrex|Unnerve\n|-weather|RainDance|[from] ability: Drizzle|[of] p1a: Kyogre\n|-fieldstart|move: Grassy Terrain|[from] ability: Grassy Surge|[of] p2b: Rillaboom\n|turn|1\n|inactive|Battle timer is ON: inactive players will automatically lose when time's up. (requested by YSE-Mill)\n|\n|t:|1772044899\n|-terastallize|p1b: Regieleki|Ghost\n|move|p1a: Kyogre|Protect|p1a: Kyogre\n|-singleturn|p1a: Kyogre|Protect\n|move|p2b: Rillaboom|Fake Out|p1a: Kyogre\n|-activate|p1a: Kyogre|move: Protect\n|move|p1b: Regieleki|Electroweb|p2b: Rillaboom|[spread] p2a,p2b\n|-resisted|p2b: Rillaboom\n|-damage|p2a: Calyrex|78/100\n|-damage|p2b: Rillaboom|93/100\n|-unboost|p2a: Calyrex|spe|1\n|-unboost|p2b: Rillaboom|spe|1\n|move|p2a: Calyrex|Calm Mind|p2a: Calyrex\n|-boost|p2a: Calyrex|spa|1\n|-boost|p2a: Calyrex|spd|1\n|\n|-weather|RainDance|[upkeep]\n|-heal|p2a: Calyrex|83/100|[from] Grassy Terrain\n|-heal|p2b: Rillaboom|99/100|[from] Grassy Terrain\n|upkeep\n|turn|2\n|inactive|Zorse Mentality has 30 seconds left.\n|\n|t:|1772044927\n|switch|p1a: Urshifu|Urshifu, L50, M|100/100\n|move|p2a: Calyrex|Protect|p2a: Calyrex\n|-singleturn|p2a: Calyrex|Protect\n|move|p1b: Regieleki|Electroweb|p2a: Calyrex|[spread] p2b\n|-activate|p2a: Calyrex|move: Protect\n|-resisted|p2b: Rillaboom\n|-damage|p2b: Rillaboom|92/100\n|-unboost|p2b: Rillaboom|spe|1\n|move|p2b: Rillaboom|Wood Hammer|p1a: Urshifu\n|-damage|p1a: Urshifu|31/100\n|-damage|p2b: Rillaboom|71/100|[from] Recoil\n|\n|-weather|RainDance|[upkeep]\n|-heal|p2a: Calyrex|89/100|[from] Grassy Terrain\n|-heal|p1a: Urshifu|37/100|[from] Grassy Terrain\n|-heal|p2b: Rillaboom|77/100|[from] Grassy Terrain\n|upkeep\n|turn|3\n|inactive|Zorse Mentality has 30 seconds left.\n|inactive|YSE-Mill has 30 seconds left.\n|inactive|Zorse Mentality has 20 seconds left.\n|inactive|YSE-Mill has 20 seconds left.\n|inactive|Zorse Mentality has 15 seconds left.\n|inactive|YSE-Mill has 15 seconds left.\n|inactive|Zorse Mentality has 10 seconds left.\n|\n|t:|1772044973\n|switch|p1b: Tornadus|Tornadus, L50, M|100/100\n|switch|p2a: Amoonguss|Amoonguss, L50, M|100/100\n|move|p1a: Urshifu|Wicked Blow|p2b: Rillaboom\n|-crit|p2b: Rillaboom\n|-damage|p2b: Rillaboom|0 fnt\n|faint|p2b: Rillaboom\n|\n|-weather|RainDance|[upkeep]\n|-heal|p1a: Urshifu|44/100|[from] Grassy Terrain\n|upkeep\n|\n|t:|1772044979\n|switch|p2b: Zamazenta|Zamazenta-Crowned, L50|100/100\n|-ability|p2b: Zamazenta|Dauntless Shield|boost\n|-boost|p2b: Zamazenta|def|1\n|turn|4\n|inactive|Zorse Mentality has 30 seconds left.\n|\n|t:|1772045011\n|switch|p1a: Regieleki|Regieleki, L50, tera:Ghost|100/100\n|move|p1b: Tornadus|Bleakwind Storm|p2b: Zamazenta|[spread] p2a,p2b\n|-supereffective|p2a: Amoonguss\n|-damage|p2a: Amoonguss|27/100\n|-damage|p2b: Zamazenta|72/100\n|move|p2b: Zamazenta|Body Press|p1a: Regieleki\n|-immune|p1a: Regieleki\n|move|p2a: Amoonguss|Spore|p1b: Tornadus\n|-status|p1b: Tornadus|slp|[from] move: Spore\n|\n|-weather|RainDance|[upkeep]\n|-heal|p2b: Zamazenta|78/100|[from] Grassy Terrain\n|-heal|p2a: Amoonguss|32/100|[from] Grassy Terrain\n|upkeep\n|turn|5\n|inactive|Zorse Mentality has 30 seconds left.\n|\n|t:|1772045046\n|cant|p1b: Tornadus|slp\n|move|p1a: Regieleki|Electro Ball|p2a: Amoonguss\n|-resisted|p2a: Amoonguss\n|-damage|p2a: Amoonguss|0 fnt\n|faint|p2a: Amoonguss\n|move|p2b: Zamazenta|Body Press|p1b: Tornadus\n|-resisted|p1b: Tornadus\n|-damage|p1b: Tornadus|46/100 slp\n|\n|-weather|none\n|-heal|p2b: Zamazenta|84/100|[from] Grassy Terrain\n|-fieldend|move: Grassy Terrain\n|upkeep\n|\n|t:|1772045050\n|switch|p2a: Calyrex|Calyrex-Shadow, L50|89/100\n|-ability|p2a: Calyrex|As One\n|-ability|p2a: Calyrex|Unnerve\n|turn|6\n|inactive|Zorse Mentality has 30 seconds left.\n|\n|t:|1772045084\n|switch|p1a: Kyogre|Kyogre, L50|100/100\n|-weather|RainDance|[from] ability: Drizzle|[of] p1a: Kyogre\n|-terastallize|p2a: Calyrex|Ghost\n|move|p2b: Zamazenta|Wide Guard|p2b: Zamazenta\n|-singleturn|p2b: Zamazenta|Wide Guard\n|cant|p1b: Tornadus|slp\n|move|p2a: Calyrex|Astral Barrage|p1b: Tornadus|[spread] p1a,p1b\n|-damage|p1a: Kyogre|43/100\n|-damage|p1b: Tornadus|0 fnt\n|faint|p1b: Tornadus\n|-ability|p2a: Calyrex|Grim Neigh|boost\n|-boost|p2a: Calyrex|spa|1\n|\n|-weather|RainDance|[upkeep]\n|upkeep\n|\n|t:|1772045104\n|switch|p1b: Regieleki|Regieleki, L50, tera:Ghost|100/100\n|turn|7\n|\n|t:|1772045123\n|move|p1b: Regieleki|Tera Blast|p2a: Calyrex|[anim] Tera Blast Ghost\n|-supereffective|p2a: Calyrex\n|-damage|p2a: Calyrex|23/100\n|move|p2a: Calyrex|Astral Barrage|p1b: Regieleki|[spread] p1a,p1b\n|-supereffective|p1b: Regieleki\n|-damage|p1a: Kyogre|0 fnt\n|-damage|p1b: Regieleki|0 fnt\n|faint|p1a: Kyogre\n|faint|p1b: Regieleki\n|-ability|p2a: Calyrex|Grim Neigh|boost\n|-boost|p2a: Calyrex|spa|2\n|move|p2b: Zamazenta|Heavy Slam|p1: Kyogre|[notarget]\n|-fail|p2b: Zamazenta\n|\n|-weather|RainDance|[upkeep]\n|upkeep\n|-message|Zorse Mentality forfeited.\n|\n|win|YSE-Mill\n|raw|Zorse Mentality's rating: 1373 &rarr; <strong>1353</strong><br />(-20 for losing)\n|raw|YSE-Mill's rating: 1365 &rarr; <strong>1385</strong><br />(+20 for winning)\n|l|\u2606Zorse Mentality\n|player|p1|\n","uploadtime":1772045293,"views":13,"formatid":"gen9vgc2026regi","rating":1353,"private":0,"password":null}