{"id":"gen9vgc2026regi-2550619235","format":"[Gen 9] VGC 2026 Reg I","players":["manofcream","lalo's pollos"],"log":"|j|\u2606manofcream\n|j|\u2606lalo's pollos\n|t:|1772507374\n|gametype|doubles\n|player|p1|manofcream|swimmer|1503\n|player|p2|lalo's pollos|265|1482\n|gen|9\n|tier|[Gen 9] VGC 2026 Reg I\n|rated|\n|rule|Species Clause: Limit one of each Pok\u00e9mon\n|rule|Item Clause: Limit 1 of each item\n|clearpoke\n|poke|p1|Brute Bonnet, L50|\n|poke|p1|Ogerpon-Cornerstone, L50, F|\n|poke|p1|Calyrex-Ice, L50|\n|poke|p1|Koraidon, L50|\n|poke|p1|Flutter Mane, L50|\n|poke|p1|Raging Bolt, L50|\n|poke|p2|Zamazenta-*, L50|\n|poke|p2|Lunala, L50|\n|poke|p2|Rillaboom, L50, M|\n|poke|p2|Incineroar, L50, M|\n|poke|p2|Urshifu-*, L50, M|\n|poke|p2|Tornadus, L50, M|\n|teampreview|4\n|\n|t:|1772507412\n|teamsize|p1|4\n|teamsize|p2|4\n|start\n|switch|p1a: awesomelesbian|Koraidon, L50|100/100\n|switch|p1b: Ruvik(The Toucher)|Flutter Mane, L50|100/100\n|switch|p2a: Tornadus|Tornadus, L50, M|100/100\n|switch|p2b: Zamazenta|Zamazenta-Crowned, L50|100/100\n|-weather|SunnyDay|[from] ability: Orichalcum Pulse|[of] p1a: awesomelesbian\n|-activate|p1b: Ruvik(The Toucher)|ability: Protosynthesis\n|-start|p1b: Ruvik(The Toucher)|protosynthesisspe\n|-activate|p1a: awesomelesbian|Orichalcum Pulse|[source]\n|-ability|p2b: Zamazenta|Dauntless Shield|boost\n|-boost|p2b: Zamazenta|def|1\n|turn|1\n|\n|t:|1772507435\n|move|p2a: Tornadus|Rain Dance|p2a: Tornadus\n|-weather|RainDance\n|-end|p1b: Ruvik(The Toucher)|Protosynthesis\n|move|p1a: awesomelesbian|Flame Charge|p2a: Tornadus\n|-damage|p2a: Tornadus|83/100\n|-boost|p1a: awesomelesbian|spe|1\n|-damage|p1a: awesomelesbian|91/100|[from] item: Life Orb\n|move|p1b: Ruvik(The Toucher)|Moonblast|p2a: Tornadus\n|-damage|p2a: Tornadus|17/100\n|move|p2b: Zamazenta|Heavy Slam|p1b: Ruvik(The Toucher)\n|-supereffective|p1b: Ruvik(The Toucher)\n|-enditem|p1b: Ruvik(The Toucher)|Focus Sash\n|-damage|p1b: Ruvik(The Toucher)|1/100\n|\n|-weather|RainDance|[upkeep]\n|upkeep\n|turn|2\n|\n|t:|1772507453\n|-end|p1b: Ruvik(The Toucher)|Protosynthesis|[silent]\n|switch|p1b: Cheekerclap|Raging Bolt, L50|100/100\n|move|p2a: Tornadus|Tailwind|p2a: Tornadus\n|-sidestart|p2: lalo's pollos|move: Tailwind\n|move|p2b: Zamazenta|Body Press|p1a: awesomelesbian\n|-damage|p1a: awesomelesbian|29/100\n|move|p1a: awesomelesbian|Flame Charge|p2a: Tornadus\n|-damage|p2a: Tornadus|0 fnt\n|-boost|p1a: awesomelesbian|spe|1\n|faint|p2a: Tornadus\n|-damage|p1a: awesomelesbian|19/100|[from] item: Life Orb\n|\n|-weather|RainDance|[upkeep]\n|upkeep\n|\n|t:|1772507462\n|switch|p2a: Lunala|Lunala, L50|100/100\n|turn|3\n|\n|t:|1772507481\n|move|p1a: awesomelesbian|Close Combat|p2b: Zamazenta\n|-supereffective|p2b: Zamazenta\n|-damage|p2b: Zamazenta|34/100\n|-unboost|p1a: awesomelesbian|def|1\n|-unboost|p1a: awesomelesbian|spd|1\n|-damage|p1a: awesomelesbian|10/100|[from] item: Life Orb\n|move|p2b: Zamazenta|Body Press|p1b: Cheekerclap\n|-damage|p1b: Cheekerclap|44/100\n|move|p2a: Lunala|Calm Mind|p2a: Lunala\n|-boost|p2a: Lunala|spa|1\n|-boost|p2a: Lunala|spd|1\n|move|p1b: Cheekerclap|Snarl|p2b: Zamazenta|[spread] p2a,p2b\n|-supereffective|p2a: Lunala\n|-crit|p2a: Lunala\n|-resisted|p2b: Zamazenta\n|-damage|p2a: Lunala|65/100\n|-damage|p2b: Zamazenta|29/100\n|-unboost|p2a: Lunala|spa|1\n|-unboost|p2b: Zamazenta|spa|1\n|\n|-weather|RainDance|[upkeep]\n|-heal|p2a: Lunala|71/100|[from] item: Leftovers\n|upkeep\n|turn|4\n|\n|t:|1772507504\n|-terastallize|p1b: Cheekerclap|Electric\n|move|p1a: awesomelesbian|Protect|p1a: awesomelesbian\n|-singleturn|p1a: awesomelesbian|Protect\n|move|p1b: Cheekerclap|Thunderclap|p2b: Zamazenta\n|-damage|p2b: Zamazenta|0 fnt\n|faint|p2b: Zamazenta\n|move|p2a: Lunala|Moonblast|p1b: Cheekerclap\n|-damage|p1b: Cheekerclap|23/100\n|\n|-weather|RainDance|[upkeep]\n|-heal|p2a: Lunala|77/100|[from] item: Leftovers\n|upkeep\n|\n|t:|1772507508\n|switch|p2b: Incineroar|Incineroar, L50, M|100/100\n|-ability|p2b: Incineroar|Intimidate|boost\n|-unboost|p1a: awesomelesbian|atk|1\n|-unboost|p1b: Cheekerclap|atk|1\n|turn|5\n|\n|t:|1772507520\n|switch|p1a: Ruvik(The Toucher)|Flutter Mane, L50|1/100\n|-end|p1b: Cheekerclap|Protosynthesis|[silent]\n|switch|p1b: evil&intimidating|Calyrex-Ice, L50|100/100\n|-ability|p1b: evil&intimidating|As One\n|-ability|p1b: evil&intimidating|Unnerve\n|move|p2a: Lunala|Moongeist Beam|p1b: evil&intimidating\n|-supereffective|p1b: evil&intimidating\n|-damage|p1b: evil&intimidating|37/100\n|move|p2b: Incineroar|Knock Off|p1a: Ruvik(The Toucher)\n|-damage|p1a: Ruvik(The Toucher)|0 fnt\n|faint|p1a: Ruvik(The Toucher)\n|-end|p1a: Ruvik(The Toucher)|Protosynthesis|[silent]\n|\n|-weather|none\n|-heal|p2a: Lunala|83/100|[from] item: Leftovers\n|-sideend|p2: lalo's pollos|move: Tailwind\n|upkeep\n|\n|t:|1772507529\n|switch|p1a: awesomelesbian|Koraidon, L50|10/100\n|-weather|SunnyDay|[from] ability: Orichalcum Pulse|[of] p1a: awesomelesbian\n|-activate|p1a: awesomelesbian|Orichalcum Pulse|[source]\n|turn|6\n|\n|t:|1772507543\n|-terastallize|p2b: Incineroar|Bug\n|move|p2a: Lunala|Protect|p2a: Lunala\n|-singleturn|p2a: Lunala|Protect\n|move|p1a: awesomelesbian|Close Combat|p2b: Incineroar\n|-resisted|p2b: Incineroar\n|-damage|p2b: Incineroar|53/100\n|-unboost|p1a: awesomelesbian|def|1\n|-unboost|p1a: awesomelesbian|spd|1\n|-damage|p1a: awesomelesbian|0 fnt|[from] item: Life Orb\n|faint|p1a: awesomelesbian\n|move|p2b: Incineroar|Knock Off|p1b: evil&intimidating\n|-supereffective|p1b: evil&intimidating\n|-damage|p1b: evil&intimidating|0 fnt\n|-enditem|p1b: evil&intimidating|Safety Goggles|[from] move: Knock Off|[of] p2b: Incineroar\n|faint|p1b: evil&intimidating\n|\n|-weather|SunnyDay|[upkeep]\n|-heal|p2a: Lunala|89/100|[from] item: Leftovers\n|upkeep\n|\n|t:|1772507548\n|switch|p1b: Cheekerclap|Raging Bolt, L50, tera:Electric|23/100\n|-activate|p1b: Cheekerclap|ability: Protosynthesis\n|-start|p1b: Cheekerclap|protosynthesisspa\n|turn|7\n|-message|manofcream forfeited.\n|\n|win|lalo's pollos\n|raw|manofcream's rating: 1503 &rarr; <strong>1482</strong><br />(-21 for losing)\n|raw|lalo&apos;s pollos's rating: 1482 &rarr; <strong>1503</strong><br />(+21 for winning)\n|l|\u2606manofcream\n|player|p1|\n|l|\u2606lalo's pollos\n|player|p2|\n","uploadtime":1772507794,"views":18,"formatid":"gen9vgc2026regi","rating":1482,"private":0,"password":null}