{"id":"gen9vgc2026regi-2569280576","format":"[Gen 9] VGC 2026 Reg I","players":["VJ2511","Regei"],"log":"|j|\u2606VJ2511\n|j|\u2606Regei\n|t:|1774668483\n|gametype|doubles\n|player|p1|VJ2511|1|1551\n|player|p2|Regei|drayton|1495\n|gen|9\n|tier|[Gen 9] VGC 2026 Reg I\n|rated|\n|rule|Species Clause: Limit one of each Pok\u00e9mon\n|rule|Item Clause: Limit 1 of each item\n|clearpoke\n|poke|p1|Calyrex-Shadow, L50|\n|poke|p1|Zamazenta-*, L50|\n|poke|p1|Chien-Pao, L50|\n|poke|p1|Dragonite, L50, M|\n|poke|p1|Raging Bolt, L50|\n|poke|p1|Amoonguss, L50, F|\n|poke|p2|Miraidon, L50|\n|poke|p2|Raging Bolt, L50|\n|poke|p2|Koraidon, L50|\n|poke|p2|Whimsicott, L50, F|\n|poke|p2|Iron Bundle, L50|\n|poke|p2|Farigiraf, L50, M|\n|teampreview|4\n|inactive|Battle timer is ON: inactive players will automatically lose when time's up. (requested by VJ2511)\nRegei has agreed to open team sheets.\n|inactive|Regei has 60 seconds left.\n|\n|t:|1774668528\n|teamsize|p1|4\n|teamsize|p2|4\n|start\n|switch|p1a: Zamazenta|Zamazenta-Crowned, L50|100/100\n|switch|p1b: Chien-Pao|Chien-Pao, L50|100/100\n|switch|p2a: Miraidon|Miraidon, L50, shiny|100/100\n|switch|p2b: Farigiraf|Farigiraf, L50, M|100/100\n|-ability|p1b: Chien-Pao|Sword of Ruin\n|-fieldstart|move: Electric Terrain|[from] ability: Hadron Engine|[of] p2a: Miraidon\n|-enditem|p2b: Farigiraf|Electric Seed\n|-boost|p2b: Farigiraf|def|1|[from] item: Electric Seed\n|-ability|p1a: Zamazenta|Dauntless Shield|boost\n|-boost|p1a: Zamazenta|def|1\n|turn|1\n|inactive|Regei has 30 seconds left.\n|inactive|Regei has 20 seconds left.\n|\n|t:|1774668563\n|switch|p2a: Iron Bundle|Iron Bundle, L50, shiny|100/100\n|-activate|p2a: Iron Bundle|ability: Quark Drive\n|-start|p2a: Iron Bundle|quarkdrivespe\n|move|p1b: Chien-Pao|Ice Spinner|p2a: Iron Bundle\n|-resisted|p2a: Iron Bundle\n|-damage|p2a: Iron Bundle|87/100\n|-fieldend|move: Electric Terrain\n|-end|p2a: Iron Bundle|Quark Drive\n|move|p1a: Zamazenta|Body Press|p2a: Iron Bundle\n|-supereffective|p2a: Iron Bundle\n|-damage|p2a: Iron Bundle|0 fnt\n|faint|p2a: Iron Bundle\n|-end|p2a: Iron Bundle|Quark Drive|[silent]\n|move|p2b: Farigiraf|Roar|p1a: Zamazenta\n|drag|p1a: Dragonite|Dragonite, L50, M, shiny|100/100\n|\n|upkeep\n|\n|t:|1774668580\n|switch|p2a: Miraidon|Miraidon, L50, shiny|100/100\n|-fieldstart|move: Electric Terrain|[from] ability: Hadron Engine|[of] p2a: Miraidon\n|turn|2\n|\n|t:|1774668585\n|switch|p1a: Zamazenta|Zamazenta-Crowned, L50|100/100\n|-terastallize|p2a: Miraidon|Fairy\n|move|p2b: Farigiraf|Helping Hand|p2a: Miraidon\n|-singleturn|p2a: Miraidon|Helping Hand|[of] p2b: Farigiraf\n|move|p1b: Chien-Pao|Ice Spinner|p2a: Miraidon\n|-damage|p2a: Miraidon|53/100\n|-fieldend|move: Electric Terrain\n|move|p2a: Miraidon|Dazzling Gleam|p1a: Zamazenta|[spread] p1a,p1b\n|-supereffective|p1b: Chien-Pao\n|-damage|p1a: Zamazenta|70/100\n|-damage|p1b: Chien-Pao|13/100\n|\n|upkeep\n|turn|3\n|\n|t:|1774668603\n|move|p1b: Chien-Pao|Ruination|p2b: Farigiraf\n|-damage|p2b: Farigiraf|51/100\n|move|p2a: Miraidon|Volt Switch|p1b: Chien-Pao\n|-damage|p1b: Chien-Pao|0 fnt\n|faint|p1b: Chien-Pao\n|\n|t:|1774668608\n|switch|p2a: Koraidon|Koraidon, L50, shiny|100/100|[from] Volt Switch\n|-weather|SunnyDay|[from] ability: Orichalcum Pulse|[of] p2a: Koraidon\n|-activate|p2a: Koraidon|Orichalcum Pulse|[source]\n|move|p1a: Zamazenta|Body Press|p2b: Farigiraf\n|-damage|p2b: Farigiraf|24/100\n|move|p2b: Farigiraf|Thunder Wave|p1a: Zamazenta\n|-status|p1a: Zamazenta|par\n|\n|-weather|SunnyDay|[upkeep]\n|upkeep\n|\n|t:|1774668619\n|switch|p1b: Dragonite|Dragonite, L50, M, shiny|100/100\n|turn|4\n|inactive|Regei has 30 seconds left.\n|\n|t:|1774668647\n|switch|p2b: Miraidon|Miraidon, L50, shiny, tera:Fairy|53/100\n|-fieldstart|move: Electric Terrain|[from] ability: Hadron Engine|[of] p2b: Miraidon\n|move|p2a: Koraidon|Scale Shot|p1b: Dragonite\n|-supereffective|p1b: Dragonite\n|-damage|p1b: Dragonite|64/100\n|-supereffective|p1b: Dragonite\n|-damage|p1b: Dragonite|27/100\n|-supereffective|p1b: Dragonite\n|-damage|p1b: Dragonite|0 fnt\n|faint|p1b: Dragonite\n|-hitcount|p1: Dragonite|3\n|-unboost|p2a: Koraidon|def|1\n|-boost|p2a: Koraidon|spe|1\n|move|p1a: Zamazenta|Body Press|p2b: Miraidon\n|-resisted|p2b: Miraidon\n|-damage|p2b: Miraidon|33/100\n|\n|-weather|SunnyDay|[upkeep]\n|upkeep\n|\n|t:|1774668653\n|switch|p1b: Calyrex|Calyrex-Shadow, L50|100/100\n|-ability|p1b: Calyrex|As One\n|-ability|p1b: Calyrex|Unnerve\n|turn|5\n|inactive|Regei has 30 seconds left.\n|inactive|Regei has 20 seconds left.\n|inactive|Regei has 15 seconds left.\n|inactive|Regei has 10 seconds left.\n|inactive|Regei has 5 seconds left.\n|\n|t:|1774668706\n|-terastallize|p1b: Calyrex|Ghost\n|move|p2a: Koraidon|Flare Blitz|p1b: Calyrex\n|-enditem|p1b: Calyrex|Focus Sash\n|-damage|p1b: Calyrex|1/100\n|-status|p1b: Calyrex|brn\n|-damage|p2a: Koraidon|70/100|[from] Recoil\n|move|p1b: Calyrex|Astral Barrage|p2a: Koraidon|[spread] p2a,p2b\n|-damage|p2a: Koraidon|0 fnt\n|-damage|p2b: Miraidon|0 fnt\n|faint|p2a: Koraidon\n|faint|p2b: Miraidon\n|-ability|p1b: Calyrex|Grim Neigh|boost\n|-boost|p1b: Calyrex|spa|2\n|move|p1a: Zamazenta|Body Press|p2: Koraidon|[notarget]\n|-fail|p1a: Zamazenta\n|\n|-weather|SunnyDay|[upkeep]\n|-damage|p1b: Calyrex|0 fnt|[from] brn\n|faint|p1b: Calyrex\n|upkeep\n|\n|t:|1774668715\n|switch|p2b: Farigiraf|Farigiraf, L50, M|24/100\n|turn|6\n|\n|t:|1774668720\n|move|p2b: Farigiraf|Foul Play|p1a: Zamazenta\n|-resisted|p1a: Zamazenta\n|-damage|p1a: Zamazenta|63/100 par\n|move|p1a: Zamazenta|Body Press|p2b: Farigiraf\n|-damage|p2b: Farigiraf|0 fnt\n|faint|p2b: Farigiraf\n|\n|win|VJ2511\n|raw|VJ2511's rating: 1551 &rarr; <strong>1568</strong><br />(+17 for winning)\n|raw|Regei's rating: 1495 &rarr; <strong>1478</strong><br />(-17 for losing)\n","uploadtime":1774668723,"views":90,"formatid":"gen9vgc2026regi","rating":1478,"private":0,"password":null}