{"id":"gen9vgc2026regi-2577685596","format":"[Gen 9] VGC 2026 Reg I","players":["MoralesManco","Polipoliwr"],"log":"|j|\u2606MoralesManco\n|j|\u2606Polipoliwr\n|t:|1775596170\n|gametype|doubles\n|player|p1|MoralesManco|canari|1592\n|player|p2|Polipoliwr|1|1655\n|gen|9\n|tier|[Gen 9] VGC 2026 Reg I\n|rated|\n|rule|Species Clause: Limit one of each Pok\u00e9mon\n|rule|Item Clause: Limit 1 of each item\n|clearpoke\n|poke|p1|Ogerpon, L50, F|\n|poke|p1|Zamazenta-*, L50|\n|poke|p1|Farigiraf, L50, M|\n|poke|p1|Scraggy, L50, F|\n|poke|p1|Calyrex-Shadow, L50|\n|poke|p1|Rillaboom, L50, M|\n|poke|p2|Zamazenta-*, L50|\n|poke|p2|Calyrex-Shadow, L50|\n|poke|p2|Tornadus, L50, M|\n|poke|p2|Rillaboom, L50, F|\n|poke|p2|Urshifu-*, L50, F|\n|poke|p2|Chien-Pao, L50|\n|teampreview|4\n|inactive|Battle timer is ON: inactive players will automatically lose when time's up. (requested by MoralesManco)\n|inactive|MoralesManco has 60 seconds left.\n|inactive|Polipoliwr has 60 seconds left.\n|\n|t:|1775596228\n|teamsize|p1|4\n|teamsize|p2|4\n|start\n|switch|p1a: Calyrex|Calyrex-Shadow, L50|100/100\n|switch|p1b: Zamazenta|Zamazenta-Crowned, L50|100/100\n|switch|p2a: Calyrex|Calyrex-Shadow, L50|100/100\n|switch|p2b: Zamazenta|Zamazenta-Crowned, L50|100/100\n|-ability|p1a: Calyrex|As One\n|-ability|p1a: Calyrex|Unnerve\n|-ability|p2a: Calyrex|As One\n|-ability|p2a: Calyrex|Unnerve\n|-ability|p2b: Zamazenta|Dauntless Shield|boost\n|-boost|p2b: Zamazenta|def|1\n|-ability|p1b: Zamazenta|Dauntless Shield|boost\n|-boost|p1b: Zamazenta|def|1\n|turn|1\n|inactive|Polipoliwr has 30 seconds left.\n|\n|t:|1775596256\n|move|p2a: Calyrex|Psychic|p1a: Calyrex\n|-resisted|p1a: Calyrex\n|-damage|p1a: Calyrex|72/100\n|move|p1a: Calyrex|Astral Barrage|p2b: Zamazenta|[spread] p2a,p2b\n|-supereffective|p2a: Calyrex\n|-enditem|p2a: Calyrex|Focus Sash\n|-damage|p2a: Calyrex|1/100\n|-damage|p2b: Zamazenta|60/100\n|move|p2b: Zamazenta|Imprison|p2b: Zamazenta\n|-start|p2b: Zamazenta|move: Imprison\n|cant|p1b: Zamazenta|move: Imprison|Body Press\n|\n|upkeep\n|turn|2\n|c|\u2606MoralesManco|What lmfao\n|inactive|MoralesManco has 30 seconds left.\n|inactive|MoralesManco has 20 seconds left.\n|\n|t:|1775596294\n|move|p1a: Calyrex|Protect|p1a: Calyrex\n|-singleturn|p1a: Calyrex|Protect\n|move|p2b: Zamazenta|Wide Guard|p2b: Zamazenta\n|-singleturn|p2b: Zamazenta|Wide Guard\n|move|p2a: Calyrex|Astral Barrage|p1b: Zamazenta|[spread] p1b\n|-activate|p1a: Calyrex|move: Protect\n|-damage|p1b: Zamazenta|66/100\n|move|p1b: Zamazenta|Heavy Slam|p2a: Calyrex\n|-damage|p2a: Calyrex|0 fnt\n|faint|p2a: Calyrex\n|\n|upkeep\n|\n|t:|1775596297\n|switch|p2a: Urshifu|Urshifu-Rapid-Strike, L50, F|100/100\n|turn|3\n|inactive|MoralesManco has 30 seconds left.\n|\n|t:|1775596326\n|switch|p1a: Rillaboom|Rillaboom, L50, M|100/100\n|-fieldstart|move: Grassy Terrain|[from] ability: Grassy Surge|[of] p1a: Rillaboom\n|switch|p1b: Farigiraf|Farigiraf, L50, M|100/100\n|-enditem|p1b: Farigiraf|Grassy Seed\n|-boost|p1b: Farigiraf|def|1|[from] item: Grassy Seed\n|move|p2a: Urshifu|Surging Strikes|p1a: Rillaboom\n|-resisted|p1a: Rillaboom\n|-crit|p1a: Rillaboom\n|-damage|p1a: Rillaboom|89/100\n|-resisted|p1a: Rillaboom\n|-crit|p1a: Rillaboom\n|-damage|p1a: Rillaboom|77/100\n|-resisted|p1a: Rillaboom\n|-crit|p1a: Rillaboom\n|-damage|p1a: Rillaboom|65/100\n|-hitcount|p1a: Rillaboom|3\n|move|p2b: Zamazenta|Body Press|p1a: Rillaboom\n|-damage|p1a: Rillaboom|0 fnt\n|faint|p1a: Rillaboom\n|\n|-heal|p2b: Zamazenta|66/100|[from] Grassy Terrain\n|upkeep\n|inactive|MoralesManco has 30 seconds left.\n|\n|t:|1775596353\n|switch|p1a: Zamazenta|Zamazenta-Crowned, L50|66/100\n|turn|4\n|inactive|Polipoliwr has 30 seconds left.\n|\n|t:|1775596378\n|move|p2a: Urshifu|Surging Strikes|p1b: Farigiraf\n|-crit|p1b: Farigiraf\n|-damage|p1b: Farigiraf|84/100\n|-crit|p1b: Farigiraf\n|-damage|p1b: Farigiraf|65/100\n|-crit|p1b: Farigiraf\n|-damage|p1b: Farigiraf|46/100\n|-hitcount|p1b: Farigiraf|3\n|move|p2b: Zamazenta|Body Press|p1b: Farigiraf\n|-damage|p1b: Farigiraf|12/100\n|move|p1a: Zamazenta|Heavy Slam|p2a: Urshifu\n|-resisted|p2a: Urshifu\n|-damage|p2a: Urshifu|78/100\n|move|p1b: Farigiraf|Hyper Voice|p2a: Urshifu|[spread] p2a,p2b\n|-resisted|p2b: Zamazenta\n|-damage|p2a: Urshifu|37/100\n|-damage|p2b: Zamazenta|56/100\n|\n|-heal|p2a: Urshifu|43/100|[from] Grassy Terrain\n|-heal|p2b: Zamazenta|62/100|[from] Grassy Terrain\n|-heal|p1a: Zamazenta|72/100|[from] Grassy Terrain\n|-heal|p1b: Farigiraf|18/100|[from] Grassy Terrain\n|upkeep\n|turn|5\n|j| avnil0503\n|inactive|MoralesManco has 30 seconds left.\n|\n|t:|1775596406\n|move|p1b: Farigiraf|Helping Hand|p1a: Zamazenta\n|-singleturn|p1a: Zamazenta|Helping Hand|[of] p1b: Farigiraf\n|move|p2a: Urshifu|Surging Strikes|p1b: Farigiraf\n|-crit|p1b: Farigiraf\n|-damage|p1b: Farigiraf|2/100\n|-crit|p1b: Farigiraf\n|-damage|p1b: Farigiraf|0 fnt\n|faint|p1b: Farigiraf\n|-hitcount|p1: Farigiraf|2\n|move|p2b: Zamazenta|Body Press|p1a: Zamazenta\n|-supereffective|p1a: Zamazenta\n|-damage|p1a: Zamazenta|0 fnt\n|faint|p1a: Zamazenta\n|\n|-heal|p2a: Urshifu|49/100|[from] Grassy Terrain\n|-heal|p2b: Zamazenta|68/100|[from] Grassy Terrain\n|upkeep\n|\n|t:|1775596418\n|switch|p1b: Calyrex|Calyrex-Shadow, L50|72/100\n|-ability|p1b: Calyrex|As One\n|-ability|p1b: Calyrex|Unnerve\n|turn|6\n|\n|t:|1775596427\n|-terastallize|p1b: Calyrex|Ghost\n|move|p2a: Urshifu|Surging Strikes|p1b: Calyrex\n|-crit|p1b: Calyrex\n|-damage|p1b: Calyrex|43/100\n|-crit|p1b: Calyrex\n|-damage|p1b: Calyrex|15/100\n|-crit|p1b: Calyrex\n|-damage|p1b: Calyrex|0 fnt\n|faint|p1b: Calyrex\n|-hitcount|p1: Calyrex|3\n|\n|win|Polipoliwr\n|raw|MoralesManco's rating: 1592 &rarr; <strong>1576</strong><br />(-16 for losing)\n|raw|Polipoliwr's rating: 1655 &rarr; <strong>1671</strong><br />(+16 for winning)\n|c|\u2606MoralesManco|The cheese was wild lmao\n|l|\u2606MoralesManco\n|player|p1|\n|l|\u2606Polipoliwr\n|player|p2|\n","uploadtime":1775596567,"views":10,"formatid":"gen9vgc2026regi","rating":1576,"private":0,"password":null}