{"id":"gen9vgc2026regi-2586872155","format":"[Gen 9] VGC 2026 Reg I","players":["krabybbybyb787","Lil Tic"],"log":"|j|\u2606krabybbybyb787\n|j|\u2606Lil Tic\n|t:|1776467227\n|gametype|doubles\n|player|p1|krabybbybyb787|chuck|1367\n|player|p2|Lil Tic|101|1460\n|gen|9\n|tier|[Gen 9] VGC 2026 Reg I\n|rated|\n|rule|Species Clause: Limit one of each Pok\u00e9mon\n|rule|Item Clause: Limit 1 of each item\n|clearpoke\n|poke|p1|Calyrex-Ice, L50|\n|poke|p1|Miraidon, L50|\n|poke|p1|Farigiraf, L50, F|\n|poke|p1|Incineroar, L50, F|\n|poke|p1|Iron Hands, L50|\n|poke|p1|Annihilape, L50, M|\n|poke|p2|Koraidon, L50|\n|poke|p2|Flutter Mane, L50|\n|poke|p2|Ho-Oh, L50|\n|poke|p2|Incineroar, L50, M|\n|poke|p2|Amoonguss, L50, M|\n|poke|p2|Ting-Lu, L50|\n|teampreview|4\n|inactive|Battle timer is ON: inactive players will automatically lose when time's up. (requested by krabybbybyb787)\nkrabybbybyb787 has agreed to open team sheets.\n|inactive|krabybbybyb787 has 60 seconds left.\n|inactive|krabybbybyb787 has 30 seconds left.\n|\n|t:|1776467290\n|teamsize|p1|4\n|teamsize|p2|4\n|start\n|switch|p1a: Incineroar|Incineroar, L50, F|100/100\n|switch|p1b: Calyrex|Calyrex-Ice, L50|100/100\n|switch|p2a: Koraidon|Koraidon, L50|100/100\n|switch|p2b: Ho-Oh|Ho-Oh, L50|100/100\n|-ability|p1b: Calyrex|As One\n|-ability|p1b: Calyrex|Unnerve\n|-weather|SunnyDay|[from] ability: Orichalcum Pulse|[of] p2a: Koraidon\n|-activate|p2a: Koraidon|Orichalcum Pulse|[source]\n|-ability|p1a: Incineroar|Intimidate|boost\n|-unboost|p2a: Koraidon|atk|1\n|-fail|p2b: Ho-Oh|unboost|[from] item: Clear Amulet|[of] p2b: Ho-Oh\n|turn|1\n|\n|t:|1776467308\n|switch|p2a: Incineroar|Incineroar, L50, M|100/100\n|-ability|p2a: Incineroar|Intimidate|boost\n|-unboost|p1a: Incineroar|atk|1\n|-fail|p1b: Calyrex|unboost|[from] item: Clear Amulet|[of] p1b: Calyrex\n|-terastallize|p1b: Calyrex|Fire\n|move|p1a: Incineroar|Fake Out|p2a: Incineroar\n|-damage|p2a: Incineroar|94/100\n|move|p2b: Ho-Oh|Sacred Fire|p1b: Calyrex\n|-resisted|p1b: Calyrex\n|-damage|p1b: Calyrex|72/100\n|move|p1b: Calyrex|Trick Room|p1b: Calyrex\n|-fieldstart|move: Trick Room|[of] p1b: Calyrex\n|\n|-weather|SunnyDay|[upkeep]\n|upkeep\n|turn|2\n|\n|t:|1776467331\n|switch|p1b: Iron Hands|Iron Hands, L50|100/100\n|move|p1a: Incineroar|Knock Off|p2b: Ho-Oh\n|-crit|p2b: Ho-Oh\n|-damage|p2b: Ho-Oh|45/100\n|-enditem|p2b: Ho-Oh|Clear Amulet|[from] move: Knock Off|[of] p1a: Incineroar\n|move|p2a: Incineroar|Knock Off|p1b: Iron Hands\n|-resisted|p1b: Iron Hands\n|-damage|p1b: Iron Hands|84/100\n|-enditem|p1b: Iron Hands|Leftovers|[from] move: Knock Off|[of] p2a: Incineroar\n|move|p2b: Ho-Oh|Brave Bird|p1b: Iron Hands\n|-damage|p1b: Iron Hands|43/100\n|-damage|p2b: Ho-Oh|28/100|[from] Recoil\n|\n|-weather|SunnyDay|[upkeep]\n|upkeep\n|turn|3\n|inactive|Lil Tic has 30 seconds left.\n|inactive|Lil Tic has 20 seconds left.\n|inactive|Lil Tic has 15 seconds left.\n|\n|t:|1776467373\n|switch|p2b: Ting-Lu|Ting-Lu, L50|100/100\n|-ability|p2b: Ting-Lu|Vessel of Ruin\n|-terastallize|p2a: Incineroar|Ghost\n|move|p1b: Iron Hands|Low Kick|p2a: Incineroar\n|-immune|p2a: Incineroar\n|move|p1a: Incineroar|Parting Shot|p2b: Ting-Lu\n|-unboost|p2b: Ting-Lu|atk|1\n|-unboost|p2b: Ting-Lu|spa|1\n|\n|t:|1776467384\n|switch|p1a: Calyrex|Calyrex-Ice, L50, tera:Fire|72/100|[from] Parting Shot\n|-ability|p1a: Calyrex|As One\n|-ability|p1a: Calyrex|Unnerve\n|move|p2a: Incineroar|Flare Blitz|p1b: Iron Hands\n|-damage|p1b: Iron Hands|0 fnt\n|faint|p1b: Iron Hands\n|-end|p1b: Iron Hands|Quark Drive|[silent]\n|-damage|p2a: Incineroar|76/100|[from] Recoil\n|\n|-weather|SunnyDay|[upkeep]\n|upkeep\n|\n|t:|1776467393\n|switch|p1b: Incineroar|Incineroar, L50, F|100/100\n|-ability|p1b: Incineroar|Intimidate|boost\n|-unboost|p2a: Incineroar|atk|1\n|-unboost|p2b: Ting-Lu|atk|1\n|turn|4\n|\n|t:|1776467417\n|move|p2b: Ting-Lu|Protect|p2b: Ting-Lu\n|-singleturn|p2b: Ting-Lu|Protect\n|move|p1a: Calyrex|Glacial Lance|p2b: Ting-Lu|[spread] p2a\n|-activate|p2b: Ting-Lu|move: Protect\n|-damage|p2a: Incineroar|24/100\n|move|p1b: Incineroar|Knock Off|p2a: Incineroar\n|-supereffective|p2a: Incineroar\n|-damage|p2a: Incineroar|0 fnt\n|-enditem|p2a: Incineroar|Safety Goggles|[from] move: Knock Off|[of] p1b: Incineroar\n|faint|p2a: Incineroar\n|\n|-weather|SunnyDay|[upkeep]\n|upkeep\n|\n|t:|1776467428\n|switch|p2a: Ho-Oh|Ho-Oh, L50|61/100\n|turn|5\n|\n|t:|1776467441\n|switch|p1b: Miraidon|Miraidon, L50|100/100\n|-fieldstart|move: Electric Terrain|[from] ability: Hadron Engine|[of] p1b: Miraidon\n|move|p2a: Ho-Oh|Protect|p2a: Ho-Oh\n|-singleturn|p2a: Ho-Oh|Protect\n|move|p1a: Calyrex|Glacial Lance|p2b: Ting-Lu|[spread] p2b\n|-activate|p2a: Ho-Oh|move: Protect\n|-supereffective|p2b: Ting-Lu\n|-damage|p2b: Ting-Lu|43/100\n|move|p2b: Ting-Lu|Stealth Rock|p1a: Calyrex\n|-sidestart|p1: krabybbybyb787|move: Stealth Rock\n|\n|-weather|none\n|-heal|p2b: Ting-Lu|50/100|[from] item: Leftovers\n|-fieldend|move: Trick Room\n|upkeep\n|turn|6\n|inactive|krabybbybyb787 has 30 seconds left.\n|inactive|Lil Tic has 30 seconds left.\n|\n|t:|1776467474\n|switch|p1a: Incineroar|Incineroar, L50, F|100/100\n|-damage|p1a: Incineroar|76/100|[from] Stealth Rock\n|-ability|p1a: Incineroar|Intimidate|boost\n|-unboost|p2a: Ho-Oh|atk|1\n|-unboost|p2b: Ting-Lu|atk|1\n|move|p1b: Miraidon|Volt Switch|p2a: Ho-Oh\n|-supereffective|p2a: Ho-Oh\n|-damage|p2a: Ho-Oh|0 fnt\n|faint|p2a: Ho-Oh\n|-damage|p1b: Miraidon|91/100|[from] item: Life Orb\n|\n|t:|1776467484\n|switch|p1b: Calyrex|Calyrex-Ice, L50, tera:Fire|72/100|[from] Volt Switch\n|-ability|p1b: Calyrex|As One\n|-ability|p1b: Calyrex|Unnerve\n|-damage|p1b: Calyrex|48/100|[from] Stealth Rock\n|move|p2b: Ting-Lu|Stomping Tantrum|p1a: Incineroar\n|-supereffective|p1a: Incineroar\n|-damage|p1a: Incineroar|58/100\n|-damage|p2b: Ting-Lu|33/100|[from] item: Rocky Helmet|[of] p1a: Incineroar\n|\n|-heal|p2b: Ting-Lu|40/100|[from] item: Leftovers\n|upkeep\n|\n|t:|1776467490\n|switch|p2a: Koraidon|Koraidon, L50|100/100\n|-weather|SunnyDay|[from] ability: Orichalcum Pulse|[of] p2a: Koraidon\n|-activate|p2a: Koraidon|Orichalcum Pulse|[source]\n|turn|7\n|\n|t:|1776467514\n|move|p1a: Incineroar|Fake Out|p2a: Koraidon\n|-damage|p2a: Koraidon|91/100\n|cant|p2a: Koraidon|flinch\n|move|p2b: Ting-Lu|Stomping Tantrum|p1b: Calyrex\n|-supereffective|p1b: Calyrex\n|-damage|p1b: Calyrex|32/100\n|move|p1b: Calyrex|Trick Room|p1b: Calyrex\n|-fieldstart|move: Trick Room|[of] p1b: Calyrex\n|\n|-weather|SunnyDay|[upkeep]\n|-heal|p2b: Ting-Lu|46/100|[from] item: Leftovers\n|upkeep\n|turn|8\n|\n|t:|1776467525\n|move|p2b: Ting-Lu|Protect|p2b: Ting-Lu\n|-singleturn|p2b: Ting-Lu|Protect\n|move|p1b: Calyrex|Glacial Lance|p2b: Ting-Lu|[spread] p2a\n|-activate|p2b: Ting-Lu|move: Protect\n|-supereffective|p2a: Koraidon\n|-damage|p2a: Koraidon|0 fnt\n|faint|p2a: Koraidon\n|-ability|p1b: Calyrex|Chilling Neigh|boost\n|-boost|p1b: Calyrex|atk|1\n|move|p1a: Incineroar|Will-O-Wisp|p2b: Ting-Lu\n|-activate|p2b: Ting-Lu|move: Protect\n|\n|-weather|SunnyDay|[upkeep]\n|-heal|p2b: Ting-Lu|52/100|[from] item: Leftovers\n|upkeep\n|turn|9\n|c|\u2606Lil Tic|gg\n|-message|Lil Tic forfeited.\n|\n|win|krabybbybyb787\n|raw|krabybbybyb787's rating: 1367 &rarr; <strong>1392</strong><br />(+25 for winning)\n|raw|Lil Tic's rating: 1460 &rarr; <strong>1435</strong><br />(-25 for losing)\n|l|\u2606Lil Tic\n|player|p2|\n|l|\u2606krabybbybyb787\n|player|p1|\n","uploadtime":1776467747,"views":11,"formatid":"gen9vgc2026regi","rating":1392,"private":0,"password":null}