{"id":"gen9vgc2026regi-2519353727","format":"[Gen 9] VGC 2026 Reg I","players":["serious mango","kojimuranishi"],"log":"|j|\u2606serious mango\n|j|\u2606kojimuranishi\n|t:|1768498463\n|gametype|doubles\n|player|p1|serious mango|265|1309\n|player|p2|kojimuranishi|265|1524\n|gen|9\n|tier|[Gen 9] VGC 2026 Reg I\n|rated|\n|rule|Species Clause: Limit one of each Pok\u00e9mon\n|rule|Item Clause: Limit 1 of each item\n|clearpoke\n|poke|p1|Weezing-Galar, L50, M|\n|poke|p1|Groudon, L50|\n|poke|p1|Lilligant-Hisui, L50, F|\n|poke|p1|Roaring Moon, L50|\n|poke|p1|Torkoal, L50, M|\n|poke|p1|Calyrex-Shadow, L50|\n|poke|p2|Zamazenta-*, L50|\n|poke|p2|Lunala, L50|\n|poke|p2|Chien-Pao, L50|\n|poke|p2|Dragonite, L50, F|\n|poke|p2|Chi-Yu, L50|\n|poke|p2|Urshifu-*, L50, M|\n|teampreview|4\n|inactive|Battle timer is ON: inactive players will automatically lose when time's up. (requested by serious mango)\n|inactive|kojimuranishi has 60 seconds left.\n|inactive|kojimuranishi has 30 seconds left.\n|\n|t:|1768498531\n|teamsize|p1|4\n|teamsize|p2|4\n|start\n|switch|p1a: Weezing|Weezing-Galar, L50, M|100/100\n|switch|p1b: Calyrex|Calyrex-Shadow, L50|100/100\n|switch|p2a: Zamazenta|Zamazenta-Crowned, L50|100/100\n|switch|p2b: Lunala|Lunala, L50|100/100\n|-ability|p1a: Weezing|Neutralizing Gas\n|-ability|p1b: Calyrex|As One\n|-ability|p1b: Calyrex|Unnerve\n|turn|1\n|inactive|serious mango has 30 seconds left.\n|inactive|serious mango has 20 seconds left.\n|inactive|serious mango has 15 seconds left.\n|\n|t:|1768498574\n|-terastallize|p2b: Lunala|Normal\n|move|p1b: Calyrex|Dark Pulse|p2b: Lunala\n|-damage|p2b: Lunala|66/100\n|move|p2a: Zamazenta|Behemoth Bash|p1a: Weezing\n|-supereffective|p1a: Weezing\n|-damage|p1a: Weezing|30/100\n|move|p2b: Lunala|Meteor Beam||[still]\n|-prepare|p2b: Lunala|Meteor Beam\n|-boost|p2b: Lunala|spa|1\n|-enditem|p2b: Lunala|Power Herb\n|-anim|p2b: Lunala|Meteor Beam|p1a: Weezing\n|-damage|p1a: Weezing|0 fnt\n|faint|p1a: Weezing\n|-end|p1a: Weezing|ability: Neutralizing Gas\n|-ability|p2a: Zamazenta|Dauntless Shield|boost\n|-boost|p2a: Zamazenta|def|1\n|\n|upkeep\n|\n|t:|1768498590\n|switch|p1a: Groudon|Groudon, L50|100/100\n|-weather|SunnyDay|[from] ability: Drought|[of] p1a: Groudon\n|turn|2\n|\n|t:|1768498606\n|switch|p1b: Roaring Moon|Roaring Moon, L50|100/100\n|-activate|p1b: Roaring Moon|ability: Protosynthesis\n|-start|p1b: Roaring Moon|protosynthesisspe\n|move|p1a: Groudon|Precipice Blades|p2a: Zamazenta|[spread] p2a,p2b\n|-supereffective|p2a: Zamazenta\n|-damage|p2a: Zamazenta|60/100\n|-damage|p2b: Lunala|26/100\n|move|p2a: Zamazenta|Body Press|p1a: Groudon\n|-damage|p1a: Groudon|47/100\n|move|p2b: Lunala|Moongeist Beam|p1b: Roaring Moon\n|-resisted|p1b: Roaring Moon\n|-damage|p1b: Roaring Moon|63/100\n|\n|-weather|SunnyDay|[upkeep]\n|upkeep\n|turn|3\n|inactive|serious mango has 30 seconds left.\n|inactive|kojimuranishi has 30 seconds left.\n|\n|t:|1768498633\n|move|p1b: Roaring Moon|Acrobatics|p2a: Zamazenta\n|-damage|p2a: Zamazenta|53/100\n|move|p1a: Groudon|Precipice Blades|p2b: Lunala|[spread] p2a\n|-miss|p1a: Groudon|p2b: Lunala\n|-supereffective|p2a: Zamazenta\n|-damage|p2a: Zamazenta|13/100\n|move|p2a: Zamazenta|Body Press|p1b: Roaring Moon\n|-supereffective|p1b: Roaring Moon\n|-damage|p1b: Roaring Moon|0 fnt\n|faint|p1b: Roaring Moon\n|-end|p1b: Roaring Moon|Protosynthesis|[silent]\n|move|p2b: Lunala|Moonblast|p1a: Groudon\n|-damage|p1a: Groudon|0 fnt\n|faint|p1a: Groudon\n|\n|-weather|SunnyDay|[upkeep]\n|upkeep\n|\n|t:|1768498639\n|switch|p1b: Calyrex|Calyrex-Shadow, L50|100/100\n|-ability|p1b: Calyrex|As One\n|-ability|p1b: Calyrex|Unnerve\n|turn|4\n|c|\u2606serious mango|Zama so broken\n|inactive|kojimuranishi has 30 seconds left.\n|\n|t:|1768498666\n|-terastallize|p1b: Calyrex|Fairy\n|move|p1b: Calyrex|Draining Kiss|p2a: Zamazenta\n|-damage|p2a: Zamazenta|0 fnt\n|faint|p2a: Zamazenta\n|-ability|p1b: Calyrex|Grim Neigh|boost\n|-boost|p1b: Calyrex|spa|1\n|move|p2b: Lunala|Moongeist Beam|p1b: Calyrex\n|-damage|p1b: Calyrex|15/100\n|\n|-weather|SunnyDay|[upkeep]\n|upkeep\n|\n|t:|1768498678\n|switch|p2a: Chi-Yu|Chi-Yu, L50|100/100\n|-ability|p2a: Chi-Yu|Beads of Ruin\n|turn|5\n|\n|t:|1768498686\n|move|p2a: Chi-Yu|Dark Pulse|p1b: Calyrex\n|-resisted|p1b: Calyrex\n|-damage|p1b: Calyrex|0 fnt\n|faint|p1b: Calyrex\n|\n|win|kojimuranishi\n|raw|serious mango's rating: 1309 &rarr; <strong>1300</strong><br />(-9 for losing)\n|raw|kojimuranishi's rating: 1524 &rarr; <strong>1533</strong><br />(+9 for winning)\n|l|\u2606serious mango\n|player|p1|\n|l|\u2606kojimuranishi\n|player|p2|\n","uploadtime":1768498911,"views":15,"formatid":"gen9vgc2026regi","rating":1300,"private":0,"password":null}