{"id":"gen9vgc2026regi-2538716587","format":"[Gen 9] VGC 2026 Reg I","players":["DrakeDogg","TheManOfSausage"],"log":"|j|\u2606DrakeDogg\n|j|\u2606TheManOfSausage\n|t:|1770961833\n|gametype|doubles\n|player|p1|DrakeDogg|roxie|1297\n|player|p2|TheManOfSausage|miku-water|1541\n|gen|9\n|tier|[Gen 9] VGC 2026 Reg I\n|rated|\n|rule|Species Clause: Limit one of each Pok\u00e9mon\n|rule|Item Clause: Limit 1 of each item\n|clearpoke\n|poke|p1|Lunala, L50|\n|poke|p1|Kyogre, L50|\n|poke|p1|Incineroar, L50, M|\n|poke|p1|Raging Bolt, L50|\n|poke|p1|Farigiraf, L50, M|\n|poke|p1|Rillaboom, L50, F|\n|poke|p2|Calyrex-Shadow, L50|\n|poke|p2|Koraidon, L50|\n|poke|p2|Weezing-Galar, L50, M|\n|poke|p2|Walking Wake, L50|\n|poke|p2|Raging Bolt, L50|\n|poke|p2|Chi-Yu, L50|\n|teampreview|4\n|inactive|Battle timer is ON: inactive players will automatically lose when time's up. (requested by DrakeDogg)\n|inactive|DrakeDogg has 60 seconds left.\n|\n|t:|1770961869\n|teamsize|p1|4\n|teamsize|p2|4\n|start\n|switch|p1a: Lunala|Lunala, L50|100/100\n|switch|p1b: Farigiraf|Farigiraf, L50, M|100/100\n|switch|p2a: im crine|Weezing-Galar, L50, M|100/100\n|switch|p2b: Koraidon|Koraidon, L50|100/100\n|-ability|p2a: im crine|Neutralizing Gas\n|-block|p2b: Koraidon|item: Ability Shield\n|-weather|SunnyDay|[from] ability: Orichalcum Pulse|[of] p2b: Koraidon\n|-activate|p2b: Koraidon|Orichalcum Pulse|[source]\n|turn|1\n|inactive|DrakeDogg has 30 seconds left.\n|inactive|DrakeDogg has 20 seconds left.\n|\n|t:|1770961905\n|-terastallize|p2b: Koraidon|Fire\n|move|p2b: Koraidon|Flare Blitz|p1a: Lunala\n|-damage|p1a: Lunala|0 fnt\n|faint|p1a: Lunala\n|-damage|p2b: Koraidon|59/100|[from] Recoil\n|move|p2a: im crine|Toxic Spikes|p1b: Farigiraf\n|-sidestart|p1: DrakeDogg|move: Toxic Spikes\n|move|p1b: Farigiraf|Trick Room|p1b: Farigiraf\n|-fieldstart|move: Trick Room|[of] p1b: Farigiraf\n|\n|-weather|SunnyDay|[upkeep]\n|upkeep\n|\n|t:|1770961928\n|switch|p1a: Raging Bolt|Raging Bolt, L50|100/100\n|-status|p1a: Raging Bolt|psn\n|turn|2\n|\n|t:|1770961944\n|move|p2a: im crine|Protect|p2a: im crine\n|-singleturn|p2a: im crine|Protect\n|move|p2b: Koraidon|Protect|p2b: Koraidon\n|-singleturn|p2b: Koraidon|Protect\n|move|p1b: Farigiraf|Psychic|p2a: im crine\n|-activate|p2a: im crine|move: Protect\n|move|p1a: Raging Bolt|Draco Meteor|p2b: Koraidon\n|-activate|p2b: Koraidon|move: Protect\n|\n|-weather|SunnyDay|[upkeep]\n|-damage|p1a: Raging Bolt|88/100 psn|[from] psn\n|upkeep\n|turn|3\n|\n|t:|1770961950\n|switch|p2b: Raging Bolt|Raging Bolt, L50|100/100\n|move|p1b: Farigiraf|Psychic|p2a: im crine\n|-supereffective|p2a: im crine\n|-damage|p2a: im crine|5/100\n|move|p2a: im crine|Toxic Spikes|p1a: Raging Bolt\n|-sidestart|p1: DrakeDogg|move: Toxic Spikes\n|move|p1a: Raging Bolt|Draco Meteor|p2b: Raging Bolt\n|-supereffective|p2b: Raging Bolt\n|-damage|p2b: Raging Bolt|0 fnt\n|-unboost|p1a: Raging Bolt|spa|2\n|faint|p2b: Raging Bolt\n|-end|p2b: Raging Bolt|Protosynthesis|[silent]\n|\n|-weather|SunnyDay|[upkeep]\n|-damage|p1a: Raging Bolt|75/100 psn|[from] psn\n|upkeep\n|\n|t:|1770961961\n|switch|p2b: Rice Shower|Calyrex-Shadow, L50|100/100\n|-ability|p2b: Rice Shower|As One\n|-ability|p2b: Rice Shower|Unnerve\n|turn|4\n|inactive|DrakeDogg has 30 seconds left.\n|\n|t:|1770961989\n|move|p2a: im crine|Protect|p2a: im crine\n|-singleturn|p2a: im crine|Protect\n|move|p2b: Rice Shower|Protect|p2b: Rice Shower\n|-singleturn|p2b: Rice Shower|Protect\n|move|p1b: Farigiraf|Psychic|p2a: im crine\n|-activate|p2a: im crine|move: Protect\n|move|p1a: Raging Bolt|Weather Ball|p2b: Rice Shower\n|-activate|p2b: Rice Shower|move: Protect\n|\n|-weather|SunnyDay|[upkeep]\n|-damage|p1a: Raging Bolt|63/100 psn|[from] psn\n|upkeep\n|turn|5\n|\n|t:|1770962009\n|move|p1b: Farigiraf|Protect|p1b: Farigiraf\n|-singleturn|p1b: Farigiraf|Protect\n|move|p2a: im crine|Sludge Bomb|p1b: Farigiraf\n|-activate|p1b: Farigiraf|move: Protect\n|move|p1a: Raging Bolt|Weather Ball|p2a: im crine\n|-damage|p2a: im crine|0 fnt\n|faint|p2a: im crine\n|-end|p2a: im crine|ability: Neutralizing Gas\n|-activate|p1a: Raging Bolt|ability: Protosynthesis\n|-start|p1a: Raging Bolt|protosynthesisdef\n|move|p2b: Rice Shower|Astral Barrage|p1a: Raging Bolt|[spread] p1a\n|-activate|p1b: Farigiraf|move: Protect\n|-damage|p1a: Raging Bolt|16/100 psn\n|\n|-weather|none\n|-end|p1a: Raging Bolt|Protosynthesis\n|-damage|p1a: Raging Bolt|4/100 psn|[from] psn\n|-fieldend|move: Trick Room\n|upkeep\n|-enditem|p1a: Raging Bolt|Booster Energy\n|-activate|p1a: Raging Bolt|ability: Protosynthesis|[fromitem]\n|-start|p1a: Raging Bolt|protosynthesisdef\n|\n|t:|1770962012\n|switch|p2a: Koraidon|Koraidon, L50, tera:Fire|59/100\n|-weather|SunnyDay|[from] ability: Orichalcum Pulse|[of] p2a: Koraidon\n|-activate|p2a: Koraidon|Orichalcum Pulse|[source]\n|turn|6\n|\n|t:|1770962022\n|move|p2b: Rice Shower|Encore|p1b: Farigiraf\n|-start|p1b: Farigiraf|Encore\n|move|p2a: Koraidon|Flame Charge|p1a: Raging Bolt\n|-resisted|p1a: Raging Bolt\n|-damage|p1a: Raging Bolt|0 fnt\n|-boost|p2a: Koraidon|spe|1\n|faint|p1a: Raging Bolt\n|-end|p1a: Raging Bolt|Protosynthesis|[silent]\n|move|p1b: Farigiraf|Protect||[still]\n|-fail|p1b: Farigiraf\n|\n|-weather|SunnyDay|[upkeep]\n|upkeep\n|\n|t:|1770962028\n|switch|p1a: Kyogre|Kyogre, L50|100/100\n|-status|p1a: Kyogre|tox\n|-weather|RainDance|[from] ability: Drizzle|[of] p1a: Kyogre\n|turn|7\n|\n|t:|1770962035\n|-terastallize|p1a: Kyogre|Water\n|move|p2a: Koraidon|Protect|p2a: Koraidon\n|-singleturn|p2a: Koraidon|Protect\n|move|p2b: Rice Shower|Protect|p2b: Rice Shower\n|-singleturn|p2b: Rice Shower|Protect\n|move|p1b: Farigiraf|Protect|p1b: Farigiraf\n|-singleturn|p1b: Farigiraf|Protect\n|move|p1a: Kyogre|Origin Pulse|p2a: Koraidon|[spread] \n|-activate|p2a: Koraidon|move: Protect\n|-activate|p2b: Rice Shower|move: Protect\n|\n|-weather|RainDance|[upkeep]\n|-damage|p1a: Kyogre|95/100 tox|[from] psn\n|upkeep\n|turn|8\n|\n|t:|1770962043\n|move|p1b: Farigiraf|Protect||[still]\n|-fail|p1b: Farigiraf\n|move|p2a: Koraidon|Collision Course|p1a: Kyogre\n|-damage|p1a: Kyogre|44/100 tox\n|move|p2b: Rice Shower|Astral Barrage|p1a: Kyogre|[spread] p1a\n|-immune|p1b: Farigiraf\n|-damage|p1a: Kyogre|6/100 tox\n|move|p1a: Kyogre|Origin Pulse|p2b: Rice Shower|[spread] p2a\n|-miss|p1a: Kyogre|p2b: Rice Shower\n|-supereffective|p2a: Koraidon\n|-damage|p2a: Koraidon|0 fnt\n|faint|p2a: Koraidon\n|\n|-weather|RainDance|[upkeep]\n|-damage|p1a: Kyogre|0 fnt|[from] psn\n|faint|p1a: Kyogre\n|-end|p1b: Farigiraf|Encore\n|upkeep\n|turn|9\n|c|\u2606TheManOfSausage|gg\n|\n|t:|1770962053\n|move|p2b: Rice Shower|Encore|p1b: Farigiraf\n|-start|p1b: Farigiraf|Encore\n|move|p1b: Farigiraf|Protect||[still]\n|-fail|p1b: Farigiraf\n|\n|-weather|RainDance|[upkeep]\n|upkeep\n|turn|10\n|-message|DrakeDogg forfeited.\n|\n|win|TheManOfSausage\n|raw|DrakeDogg's rating: 1297 &rarr; <strong>1287</strong><br />(-10 for losing)\n|raw|TheManOfSausage's rating: 1541 &rarr; <strong>1549</strong><br />(+8 for winning)\n|l|\u2606DrakeDogg\n|player|p1|\n|l|\u2606TheManOfSausage\n|player|p2|\n","uploadtime":1770962213,"views":22,"formatid":"gen9vgc2026regi","rating":1287,"private":0,"password":null}